{"id":"gen9nationaldexubers-1999796906","p1":"BlueB4llz","p2":"kapithedumdum","format":"[Gen 9] National Dex Ubers","log":"|j|\u2606BlueB4llz\n|j|\u2606kapithedumdum\n|t:|1701117544\n|gametype|singles\n|player|p1|BlueB4llz|birdkeeper|1299\n|player|p2|kapithedumdum|kieran|1413\n|teamsize|p1|6\n|teamsize|p2|6\n|gen|9\n|tier|[Gen 9] National Dex Ubers\n|rated|\n|rule|HP Percentage Mod: HP is shown in percentages\n|rule|Endless Battle Clause: Forcing endless battles is banned\n|rule|OHKO Clause: OHKO moves are banned\n|rule|Evasion Moves Clause: Evasion moves are banned\n|rule|Evasion Items Clause: Evasion items are banned\n|rule|Species Clause: Limit one of each Pok\u00e9mon\n|rule|Sleep Clause Mod: Limit one foe put to sleep\n|rule|Mega Rayquaza Clause: You cannot mega evolve Rayquaza\n|clearpoke\n|poke|p1|Ho-Oh|\n|poke|p1|Dondozo, M|\n|poke|p1|Chansey, F|\n|poke|p1|Eternatus|\n|poke|p1|Arceus-Dark|\n|poke|p1|Giratina|\n|poke|p2|Kyogre|\n|poke|p2|Ho-Oh|\n|poke|p2|Ferrothorn, M|\n|poke|p2|Zacian-*|\n|poke|p2|Ribombee, M|\n|poke|p2|Ditto|\n|teampreview\n|inactive|Battle timer is ON: inactive players will automatically lose when time's up. (requested by kapithedumdum)\n|\n|t:|1701117565\n|start\n|switch|p1a: Chansey|Chansey, F|100\/100\n|switch|p2a: Ditto|Ditto|100\/100\n|-transform|p2a: Ditto|p1a: Chansey|[from] ability: Imposter\n|turn|1\n|\n|t:|1701117579\n|switch|p2a: Ferrothorn|Ferrothorn, M|100\/100\n|move|p1a: Chansey|Seismic Toss|p2a: Ferrothorn\n|-damage|p2a: Ferrothorn|72\/100\n|-damage|p1a: Chansey|88\/100|[from] ability: Iron Barbs|[of] p2a: Ferrothorn\n|\n|-heal|p2a: Ferrothorn|78\/100|[from] item: Leftovers\n|upkeep\n|turn|2\n|\n|t:|1701117593\n|switch|p1a: Eternatus|Eternatus|100\/100\n|-ability|p1a: Eternatus|Pressure\n|move|p2a: Ferrothorn|Leech Seed|p1a: Eternatus\n|-start|p1a: Eternatus|move: Leech Seed\n|\n|-heal|p2a: Ferrothorn|85\/100|[from] item: Leftovers\n|-damage|p1a: Eternatus|88\/100|[from] Leech Seed|[of] p2a: Ferrothorn\n|-heal|p2a: Ferrothorn|99\/100|[silent]\n|upkeep\n|turn|3\n|\n|t:|1701117606\n|switch|p1a: Ho-Oh|Ho-Oh|100\/100\n|switch|p2a: Ribombee|Ribombee, M|100\/100\n|\n|upkeep\n|turn|4\n|\n|t:|1701117613\n|move|p2a: Ribombee|Stun Spore|p1a: Ho-Oh\n|-status|p1a: Ho-Oh|par\n|move|p1a: Ho-Oh|Sacred Fire|p2a: Ribombee\n|-supereffective|p2a: Ribombee\n|-enditem|p2a: Ribombee|Focus Sash\n|-damage|p2a: Ribombee|1\/100\n|\n|upkeep\n|turn|5\n|\n|t:|1701117625\n|switch|p1a: Chansey|Chansey, F|88\/100\n|move|p2a: Ribombee|Sticky Web|p1a: Chansey\n|-sidestart|p1: BlueB4llz|move: Sticky Web\n|\n|upkeep\n|turn|6\n|\n|t:|1701117635\n|switch|p2a: Ferrothorn|Ferrothorn, M|99\/100\n|move|p1a: Chansey|Seismic Toss|p2a: Ferrothorn\n|-damage|p2a: Ferrothorn|71\/100\n|-damage|p1a: Chansey|76\/100|[from] ability: Iron Barbs|[of] p2a: Ferrothorn\n|\n|-heal|p2a: Ferrothorn|77\/100|[from] item: Leftovers\n|upkeep\n|turn|7\n|\n|t:|1701117643\n|switch|p1a: Ho-Oh|Ho-Oh|100\/100 par\n|move|p2a: Ferrothorn|Leech Seed|p1a: Ho-Oh\n|-start|p1a: Ho-Oh|move: Leech Seed\n|\n|-heal|p2a: Ferrothorn|84\/100|[from] item: Leftovers\n|-damage|p1a: Ho-Oh|88\/100 par|[from] Leech Seed|[of] p2a: Ferrothorn\n|-heal|p2a: Ferrothorn|98\/100|[silent]\n|upkeep\n|turn|8\n|\n|t:|1701117652\n|switch|p2a: Ditto|Ditto|100\/100\n|-transform|p2a: Ditto|p1a: Ho-Oh|[from] ability: Imposter\n|move|p1a: Ho-Oh|Defog|p2a: Ditto\n|-unboost|p2a: Ditto|evasion|1\n|-sideend|p1: BlueB4llz|Sticky Web|[from] move: Defog|[of] p1a: Ho-Oh\n|\n|-damage|p1a: Ho-Oh|76\/100 par|[from] Leech Seed|[of] p2a: Ditto\n|upkeep\n|turn|9\n|\n|t:|1701117669\n|move|p2a: Ditto|Brave Bird|p1a: Ho-Oh\n|-damage|p1a: Ho-Oh|40\/100 par\n|-damage|p2a: Ditto|84\/100|[from] Recoil\n|move|p1a: Ho-Oh|Brave Bird|p2a: Ditto\n|-damage|p2a: Ditto|34\/100\n|-damage|p1a: Ho-Oh|28\/100 par|[from] Recoil\n|\n|-damage|p1a: Ho-Oh|16\/100 par|[from] Leech Seed|[of] p2a: Ditto\n|-heal|p2a: Ditto|51\/100|[silent]\n|upkeep\n|turn|10\n|\n|t:|1701117677\n|switch|p1a: Dondozo|Dondozo, M|100\/100\n|move|p2a: Ditto|Brave Bird|p1a: Dondozo\n|-damage|p1a: Dondozo|78\/100\n|-damage|p2a: Ditto|38\/100|[from] Recoil\n|\n|-heal|p1a: Dondozo|85\/100|[from] item: Leftovers\n|upkeep\n|turn|11\n|\n|t:|1701117687\n|switch|p2a: Ferrothorn|Ferrothorn, M|98\/100\n|switch|p1a: Ho-Oh|Ho-Oh|49\/100 par\n|\n|-heal|p2a: Ferrothorn|100\/100|[from] item: Leftovers\n|upkeep\n|turn|12\n|\n|t:|1701117704\n|switch|p1a: Eternatus|Eternatus|88\/100\n|-ability|p1a: Eternatus|Pressure\n|switch|p2a: Kyogre|Kyogre|100\/100\n|detailschange|p2a: Kyogre|Kyogre-Primal\n|-primal|p2a: Kyogre|Blue Orb\n|-weather|PrimordialSea|[from] ability: Primordial Sea|[of] p2a: Kyogre\n|\n|-weather|PrimordialSea|[upkeep]\n|-heal|p1a: Eternatus|94\/100|[from] item: Leftovers\n|upkeep\n|turn|13\n|\n|t:|1701117710\n|-weather|none\n|switch|p2a: Ferrothorn|Ferrothorn, M|100\/100\n|move|p1a: Eternatus|Toxic|p2a: Ferrothorn\n|-immune|p2a: Ferrothorn\n|\n|-heal|p1a: Eternatus|99\/100|[from] item: Leftovers\n|upkeep\n|turn|14\n|\n|t:|1701117718\n|move|p1a: Eternatus|Toxic Spikes|p2a: Ferrothorn\n|-sidestart|p2: kapithedumdum|move: Toxic Spikes\n|move|p2a: Ferrothorn|Leech Seed|p1a: Eternatus\n|-start|p1a: Eternatus|move: Leech Seed\n|\n|-heal|p1a: Eternatus|100\/100|[from] item: Leftovers\n|-damage|p1a: Eternatus|88\/100|[from] Leech Seed|[of] p2a: Ferrothorn\n|upkeep\n|turn|15\n|\n|t:|1701117724\n|move|p1a: Eternatus|Toxic Spikes|p2a: Ferrothorn\n|-sidestart|p2: kapithedumdum|move: Toxic Spikes\n|move|p2a: Ferrothorn|Spikes|p1a: Eternatus\n|-sidestart|p1: BlueB4llz|Spikes\n|\n|-heal|p1a: Eternatus|94\/100|[from] item: Leftovers\n|-damage|p1a: Eternatus|82\/100|[from] Leech Seed|[of] p2a: Ferrothorn\n|upkeep\n|turn|16\n|\n|t:|1701117737\n|switch|p1a: Arceus|Arceus-Dark|100\/100\n|-damage|p1a: Arceus|88\/100|[from] Spikes\n|move|p2a: Ferrothorn|Spikes|p1a: Arceus\n|-sidestart|p1: BlueB4llz|Spikes\n|\n|upkeep\n|turn|17\n|\n|t:|1701117743\n|move|p1a: Arceus|Stealth Rock|p2a: Ferrothorn\n|-sidestart|p2: kapithedumdum|move: Stealth Rock\n|move|p2a: Ferrothorn|Leech Seed|p1a: Arceus\n|-start|p1a: Arceus|move: Leech Seed\n|\n|-damage|p1a: Arceus|76\/100|[from] Leech Seed|[of] p2a: Ferrothorn\n|upkeep\n|turn|18\n|\n|t:|1701117750\n|switch|p1a: Giratina|Giratina|100\/100\n|-damage|p1a: Giratina|84\/100|[from] Spikes\n|-ability|p1a: Giratina|Pressure\n|move|p2a: Ferrothorn|Spikes|p1a: Giratina\n|-sidestart|p1: BlueB4llz|Spikes\n|\n|-heal|p1a: Giratina|90\/100|[from] item: Leftovers\n|upkeep\n|turn|19\n|\n|t:|1701117759\n|move|p2a: Ferrothorn|Leech Seed|p1a: Giratina\n|-start|p1a: Giratina|move: Leech Seed\n|move|p1a: Giratina|Dragon Tail|p2a: Ferrothorn\n|-resisted|p2a: Ferrothorn\n|-damage|p2a: Ferrothorn|94\/100\n|-damage|p1a: Giratina|77\/100|[from] ability: Iron Barbs|[of] p2a: Ferrothorn\n|drag|p2a: Zacian|Zacian-Crowned|100\/100\n|-damage|p2a: Zacian|94\/100|[from] Stealth Rock\n|-ability|p2a: Zacian|Intrepid Sword|boost\n|-boost|p2a: Zacian|atk|1\n|\n|-heal|p1a: Giratina|84\/100|[from] item: Leftovers\n|-damage|p1a: Giratina|71\/100|[from] Leech Seed|[of] p2a: Zacian\n|-heal|p2a: Zacian|100\/100|[silent]\n|upkeep\n|turn|20\n|\n|t:|1701117771\n|switch|p1a: Dondozo|Dondozo, M|85\/100\n|-damage|p1a: Dondozo|60\/100|[from] Spikes\n|move|p2a: Zacian|Swords Dance|p2a: Zacian\n|-boost|p2a: Zacian|atk|2\n|\n|-heal|p1a: Dondozo|66\/100|[from] item: Leftovers\n|upkeep\n|turn|21\n|\n|t:|1701117784\n|move|p2a: Zacian|Play Rough|p1a: Dondozo\n|-damage|p1a: Dondozo|44\/100\n|move|p1a: Dondozo|Rest|p1a: Dondozo\n|-status|p1a: Dondozo|slp|[from] move: Rest\n|-heal|p1a: Dondozo|100\/100 slp|[silent]\n|\n|upkeep\n|turn|22\n|\n|t:|1701117795\n|switch|p2a: Ferrothorn|Ferrothorn, M|94\/100\n|-damage|p2a: Ferrothorn|88\/100|[from] Stealth Rock\n|cant|p1a: Dondozo|slp\n|\n|-heal|p2a: Ferrothorn|94\/100|[from] item: Leftovers\n|upkeep\n|turn|23\n|\n|t:|1701117804\n|switch|p1a: Ho-Oh|Ho-Oh|83\/100 par\n|move|p2a: Ferrothorn|Leech Seed|p1a: Ho-Oh\n|-start|p1a: Ho-Oh|move: Leech Seed\n|\n|-heal|p2a: Ferrothorn|100\/100|[from] item: Leftovers\n|-damage|p1a: Ho-Oh|70\/100 par|[from] Leech Seed|[of] p2a: Ferrothorn\n|upkeep\n|turn|24\n|inactive|kapithedumdum has 120 seconds left.\n|\n|t:|1701117841\n|switch|p2a: Ho-Oh|Ho-Oh|100\/100\n|cant|p1a: Ho-Oh|par\n|\n|-damage|p1a: Ho-Oh|58\/100 par|[from] Leech Seed|[of] p2a: Ho-Oh\n|upkeep\n|turn|25\n|inactive|kapithedumdum has 120 seconds left.\n|\n|t:|1701117851\n|switch|p1a: Eternatus|Eternatus|82\/100\n|-damage|p1a: Eternatus|57\/100|[from] Spikes\n|-ability|p1a: Eternatus|Pressure\n|move|p2a: Ho-Oh|Brave Bird|p1a: Eternatus\n|-damage|p1a: Eternatus|12\/100\n|-damage|p2a: Ho-Oh|85\/100|[from] Recoil\n|\n|-heal|p1a: Eternatus|18\/100|[from] item: Leftovers\n|upkeep\n|turn|26\n|\n|t:|1701117862\n|move|p1a: Eternatus|Toxic|p2a: Ho-Oh\n|-status|p2a: Ho-Oh|tox\n|move|p2a: Ho-Oh|Earthquake|p1a: Eternatus\n|-supereffective|p1a: Eternatus\n|-damage|p1a: Eternatus|0 fnt\n|faint|p1a: Eternatus\n|\n|-damage|p2a: Ho-Oh|79\/100 tox|[from] psn\n|upkeep\n|\n|t:|1701117873\n|switch|p1a: Dondozo|Dondozo, M|100\/100 slp\n|-damage|p1a: Dondozo|75\/100 slp|[from] Spikes\n|turn|27\n|\n|t:|1701117876\n|cant|p1a: Dondozo|slp\n|move|p2a: Ho-Oh|Whirlwind|p1a: Dondozo\n|drag|p1a: Ho-Oh|Ho-Oh|91\/100 par\n|\n|-damage|p2a: Ho-Oh|67\/100 tox|[from] psn\n|upkeep\n|turn|28\n|\n|t:|1701117889\n|switch|p2a: Ditto|Ditto|72\/100\n|-status|p2a: Ditto|tox\n|-damage|p2a: Ditto|59\/100 tox|[from] Stealth Rock\n|-transform|p2a: Ditto|p1a: Ho-Oh|[from] ability: Imposter\n|cant|p1a: Ho-Oh|par\n|\n|-damage|p2a: Ditto|53\/100 tox|[from] psn\n|upkeep\n|turn|29\n|inactive|BlueB4llz has 120 seconds left.\n|\n|t:|1701117936\n|switch|p1a: Dondozo|Dondozo, M|75\/100 slp\n|-damage|p1a: Dondozo|50\/100 slp|[from] Spikes\n|move|p2a: Ditto|Defog|p1a: Dondozo\n|-unboost|p1a: Dondozo|evasion|1\n|-sideend|p1: BlueB4llz|Spikes|[from] move: Defog|[of] p2a: Ditto\n|-sideend|p2: kapithedumdum|Toxic Spikes|[from] move: Defog|[of] p2a: Ditto\n|-sideend|p2: kapithedumdum|Stealth Rock|[from] move: Defog|[of] p2a: Ditto\n|\n|-heal|p1a: Dondozo|57\/100 slp|[from] item: Leftovers\n|-damage|p2a: Ditto|41\/100 tox|[from] psn\n|upkeep\n|turn|30\n|\n|t:|1701117959\n|switch|p2a: Ribombee|Ribombee, M|1\/100\n|-curestatus|p1a: Dondozo|slp|[msg]\n|move|p1a: Dondozo|Liquidation|p2a: Ribombee\n|-damage|p2a: Ribombee|0 fnt\n|faint|p2a: Ribombee\n|\n|-heal|p1a: Dondozo|63\/100|[from] item: Leftovers\n|upkeep\n|\n|t:|1701117962\n|switch|p2a: Kyogre|Kyogre-Primal|100\/100\n|-weather|PrimordialSea|[from] ability: Primordial Sea|[of] p2a: Kyogre\n|turn|31\n|\n|t:|1701117965\n|switch|p1a: Chansey|Chansey, F|76\/100\n|move|p2a: Kyogre|Thunder|p1a: Chansey\n|-damage|p1a: Chansey|63\/100\n|\n|-weather|PrimordialSea|[upkeep]\n|upkeep\n|turn|32\n|\n|t:|1701117971\n|-weather|none\n|switch|p2a: Ditto|Ditto|75\/100 tox\n|-transform|p2a: Ditto|p1a: Chansey|[from] ability: Imposter\n|move|p1a: Chansey|Heal Bell|p1a: Chansey\n|-activate|p1a: Chansey|move: Heal Bell\n|-curestatus|p1: Ho-Oh|par|[msg]\n|\n|-damage|p2a: Ditto|69\/100 tox|[from] psn\n|upkeep\n|turn|33\n|inactive|BlueB4llz has 120 seconds left.\n|\n|t:|1701117980\n|move|p2a: Ditto|Heal Bell|p2a: Ditto\n|-activate|p2a: Ditto|move: Heal Bell\n|-curestatus|p2a: Ditto|tox|[msg]\n|-curestatus|p2: Ho-Oh|tox|[msg]\n|move|p1a: Chansey|Soft-Boiled|p1a: Chansey\n|-heal|p1a: Chansey|100\/100\n|\n|upkeep\n|turn|34\n|\n|t:|1701117990\n|switch|p2a: Ho-Oh|Ho-Oh|99\/100\n|switch|p1a: Ho-Oh|Ho-Oh|100\/100\n|\n|upkeep\n|turn|35\n|\n|t:|1701117997\n|move|p2a: Ho-Oh|Brave Bird|p1a: Ho-Oh\n|-damage|p1a: Ho-Oh|54\/100\n|-damage|p2a: Ho-Oh|85\/100|[from] Recoil\n|move|p1a: Ho-Oh|Brave Bird|p2a: Ho-Oh\n|-damage|p2a: Ho-Oh|42\/100\n|-damage|p1a: Ho-Oh|40\/100|[from] Recoil\n|\n|upkeep\n|turn|36\n|\n|t:|1701118005\n|switch|p1a: Dondozo|Dondozo, M|63\/100\n|move|p2a: Ho-Oh|Brave Bird|p1a: Dondozo\n|-damage|p1a: Dondozo|33\/100\n|-damage|p2a: Ho-Oh|30\/100|[from] Recoil\n|\n|-heal|p1a: Dondozo|39\/100|[from] item: Leftovers\n|upkeep\n|turn|37\n|\n|t:|1701118010\n|switch|p2a: Ferrothorn|Ferrothorn, M|100\/100\n|move|p1a: Dondozo|Rest|p1a: Dondozo\n|-status|p1a: Dondozo|slp|[from] move: Rest\n|-heal|p1a: Dondozo|100\/100 slp|[silent]\n|\n|upkeep\n|turn|38\n|\n|t:|1701118022\n|switch|p1a: Ho-Oh|Ho-Oh|73\/100\n|move|p2a: Ferrothorn|Leech Seed|p1a: Ho-Oh\n|-start|p1a: Ho-Oh|move: Leech Seed\n|\n|-damage|p1a: Ho-Oh|61\/100|[from] Leech Seed|[of] p2a: Ferrothorn\n|upkeep\n|turn|39\n|\n|t:|1701118040\n|switch|p2a: Kyogre|Kyogre-Primal|100\/100\n|-weather|PrimordialSea|[from] ability: Primordial Sea|[of] p2a: Kyogre\n|move|p1a: Ho-Oh|Brave Bird|p2a: Kyogre\n|-damage|p2a: Kyogre|44\/100\n|-damage|p1a: Ho-Oh|46\/100|[from] Recoil\n|\n|-weather|PrimordialSea|[upkeep]\n|-damage|p1a: Ho-Oh|34\/100|[from] Leech Seed|[of] p2a: Kyogre\n|-heal|p2a: Kyogre|59\/100|[silent]\n|upkeep\n|turn|40\n|\n|t:|1701118049\n|switch|p1a: Chansey|Chansey, F|100\/100\n|move|p2a: Kyogre|Surf|p1a: Chansey\n|-damage|p1a: Chansey|78\/100\n|\n|-weather|PrimordialSea|[upkeep]\n|upkeep\n|turn|41\n|\n|t:|1701118060\n|-weather|none\n|switch|p2a: Zacian|Zacian-Crowned|100\/100\n|move|p1a: Chansey|Heal Bell|p1a: Chansey\n|-activate|p1a: Chansey|move: Heal Bell\n|-curestatus|p1: Dondozo|slp|[msg]\n|\n|upkeep\n|turn|42\n|\n|t:|1701118068\n|switch|p2a: Kyogre|Kyogre-Primal|59\/100\n|-weather|PrimordialSea|[from] ability: Primordial Sea|[of] p2a: Kyogre\n|switch|p1a: Dondozo|Dondozo, M|100\/100\n|\n|-weather|PrimordialSea|[upkeep]\n|upkeep\n|turn|43\n|\n|t:|1701118077\n|move|p2a: Kyogre|Thunder|p1a: Dondozo\n|-supereffective|p1a: Dondozo\n|-damage|p1a: Dondozo|9\/100\n|-status|p1a: Dondozo|par\n|move|p1a: Dondozo|Liquidation|p2a: Kyogre\n|-resisted|p2a: Kyogre\n|-damage|p2a: Kyogre|35\/100\n|\n|-weather|PrimordialSea|[upkeep]\n|-heal|p1a: Dondozo|15\/100 par|[from] item: Leftovers\n|upkeep\n|turn|44\n|\n|t:|1701118086\n|switch|p1a: Chansey|Chansey, F|78\/100\n|move|p2a: Kyogre|Surf|p1a: Chansey\n|-damage|p1a: Chansey|57\/100\n|\n|-weather|PrimordialSea|[upkeep]\n|upkeep\n|turn|45\n|\n|t:|1701118098\n|-weather|none\n|switch|p2a: Ho-Oh|Ho-Oh|63\/100\n|move|p1a: Chansey|Soft-Boiled|p1a: Chansey\n|-heal|p1a: Chansey|100\/100\n|\n|upkeep\n|turn|46\n|\n|t:|1701118105\n|switch|p2a: Ferrothorn|Ferrothorn, M|100\/100\n|switch|p1a: Ho-Oh|Ho-Oh|67\/100\n|\n|upkeep\n|turn|47\n|\n|t:|1701118119\n|-terastallize|p2a: Ferrothorn|Water\n|move|p1a: Ho-Oh|Sacred Fire|p2a: Ferrothorn|[miss]\n|-miss|p1a: Ho-Oh|p2a: Ferrothorn\n|move|p2a: Ferrothorn|Leech Seed|p1a: Ho-Oh\n|-start|p1a: Ho-Oh|move: Leech Seed\n|\n|-damage|p1a: Ho-Oh|54\/100|[from] Leech Seed|[of] p2a: Ferrothorn\n|upkeep\n|turn|48\n|\n|t:|1701118129\n|switch|p1a: Dondozo|Dondozo, M|15\/100 par\n|move|p2a: Ferrothorn|Spikes|p1a: Dondozo\n|-sidestart|p1: BlueB4llz|Spikes\n|\n|-heal|p1a: Dondozo|21\/100 par|[from] item: Leftovers\n|upkeep\n|turn|49\n|\n|t:|1701118135\n|move|p2a: Ferrothorn|Leech Seed|p1a: Dondozo\n|-start|p1a: Dondozo|move: Leech Seed\n|move|p1a: Dondozo|Rest|p1a: Dondozo\n|-status|p1a: Dondozo|slp|[from] move: Rest\n|-heal|p1a: Dondozo|100\/100 slp|[silent]\n|\n|-damage|p1a: Dondozo|88\/100 slp|[from] Leech Seed|[of] p2a: Ferrothorn\n|upkeep\n|turn|50\n|\n|t:|1701118143\n|switch|p1a: Giratina|Giratina|71\/100\n|-damage|p1a: Giratina|59\/100|[from] Spikes\n|-ability|p1a: Giratina|Pressure\n|move|p2a: Ferrothorn|Spikes|p1a: Giratina\n|-sidestart|p1: BlueB4llz|Spikes\n|\n|-heal|p1a: Giratina|65\/100|[from] item: Leftovers\n|upkeep\n|turn|51\n|\n|t:|1701118146\n|move|p1a: Giratina|Defog|p2a: Ferrothorn\n|-unboost|p2a: Ferrothorn|evasion|1\n|-sideend|p1: BlueB4llz|Spikes|[from] move: Defog|[of] p1a: Giratina\n|move|p2a: Ferrothorn|Leech Seed|p1a: Giratina\n|-start|p1a: Giratina|move: Leech Seed\n|\n|-heal|p1a: Giratina|71\/100|[from] item: Leftovers\n|-damage|p1a: Giratina|58\/100|[from] Leech Seed|[of] p2a: Ferrothorn\n|upkeep\n|turn|52\n|\n|t:|1701118152\n|move|p1a: Giratina|Toxic|p2a: Ferrothorn\n|-status|p2a: Ferrothorn|tox\n|move|p2a: Ferrothorn|Spikes|p1a: Giratina\n|-sidestart|p1: BlueB4llz|Spikes\n|\n|-heal|p1a: Giratina|65\/100|[from] item: Leftovers\n|-damage|p1a: Giratina|52\/100|[from] Leech Seed|[of] p2a: Ferrothorn\n|-damage|p2a: Ferrothorn|94\/100 tox|[from] psn\n|upkeep\n|turn|53\n|\n|t:|1701118158\n|move|p1a: Giratina|Defog|p2a: Ferrothorn\n|-unboost|p2a: Ferrothorn|evasion|1\n|-sideend|p1: BlueB4llz|Spikes|[from] move: Defog|[of] p1a: Giratina\n|move|p2a: Ferrothorn|Spikes|p1a: Giratina\n|-sidestart|p1: BlueB4llz|Spikes\n|\n|-heal|p1a: Giratina|58\/100|[from] item: Leftovers\n|-heal|p2a: Ferrothorn|100\/100 tox|[from] item: Leftovers\n|-damage|p1a: Giratina|46\/100|[from] Leech Seed|[of] p2a: Ferrothorn\n|-damage|p2a: Ferrothorn|88\/100 tox|[from] psn\n|upkeep\n|turn|54\n|\n|t:|1701118165\n|switch|p2a: Zacian|Zacian-Crowned|100\/100\n|move|p1a: Giratina|Rest|p1a: Giratina\n|-status|p1a: Giratina|slp|[from] move: Rest\n|-heal|p1a: Giratina|100\/100 slp|[silent]\n|\n|-damage|p1a: Giratina|88\/100 slp|[from] Leech Seed|[of] p2a: Zacian\n|upkeep\n|turn|55\n|\n|t:|1701118173\n|switch|p1a: Dondozo|Dondozo, M|88\/100 slp\n|-damage|p1a: Dondozo|75\/100 slp|[from] Spikes\n|move|p2a: Zacian|Swords Dance|p2a: Zacian\n|-boost|p2a: Zacian|atk|2\n|\n|-heal|p1a: Dondozo|82\/100 slp|[from] item: Leftovers\n|upkeep\n|turn|56\n|\n|t:|1701118180\n|move|p2a: Zacian|Play Rough|p1a: Dondozo\n|-damage|p1a: Dondozo|59\/100 slp\n|cant|p1a: Dondozo|slp\n|\n|-heal|p1a: Dondozo|65\/100 slp|[from] item: Leftovers\n|upkeep\n|turn|57\n|\n|t:|1701118189\n|switch|p2a: Ditto|Ditto|69\/100\n|-transform|p2a: Ditto|p1a: Dondozo|[from] ability: Imposter\n|cant|p1a: Dondozo|slp\n|\n|-heal|p1a: Dondozo|71\/100 slp|[from] item: Leftovers\n|upkeep\n|turn|58\n|\n|t:|1701118201\n|move|p2a: Ditto|Rest|p2a: Ditto\n|-status|p2a: Ditto|slp|[from] move: Rest\n|-heal|p2a: Ditto|100\/100 slp|[silent]\n|-curestatus|p1a: Dondozo|slp|[msg]\n|move|p1a: Dondozo|Curse|p1a: Dondozo\n|-unboost|p1a: Dondozo|spe|1\n|-boost|p1a: Dondozo|atk|1\n|-boost|p1a: Dondozo|def|1\n|\n|-heal|p1a: Dondozo|77\/100|[from] item: Leftovers\n|upkeep\n|turn|59\n|\n|t:|1701118209\n|switch|p2a: Ferrothorn|Ferrothorn, M, tera:Water|88\/100 tox\n|move|p1a: Dondozo|Liquidation|p2a: Ferrothorn\n|-resisted|p2a: Ferrothorn\n|-damage|p2a: Ferrothorn|76\/100 tox\n|-damage|p1a: Dondozo|65\/100|[from] ability: Iron Barbs|[of] p2a: Ferrothorn\n|\n|-heal|p1a: Dondozo|71\/100|[from] item: Leftovers\n|-heal|p2a: Ferrothorn|82\/100 tox|[from] item: Leftovers\n|-damage|p2a: Ferrothorn|76\/100 tox|[from] psn\n|upkeep\n|turn|60\n|\n|t:|1701118215\n|switch|p1a: Ho-Oh|Ho-Oh|88\/100\n|move|p2a: Ferrothorn|Leech Seed|p1a: Ho-Oh|[miss]\n|-miss|p2a: Ferrothorn|p1a: Ho-Oh\n|\n|-heal|p2a: Ferrothorn|82\/100 tox|[from] item: Leftovers\n|-damage|p2a: Ferrothorn|70\/100 tox|[from] psn\n|upkeep\n|turn|61\n|\n|t:|1701118221\n|move|p1a: Ho-Oh|Defog|p2a: Ferrothorn\n|-unboost|p2a: Ferrothorn|evasion|1\n|-sideend|p1: BlueB4llz|Spikes|[from] move: Defog|[of] p1a: Ho-Oh\n|move|p2a: Ferrothorn|Leech Seed|p1a: Ho-Oh\n|-start|p1a: Ho-Oh|move: Leech Seed\n|\n|-heal|p2a: Ferrothorn|76\/100 tox|[from] item: Leftovers\n|-damage|p1a: Ho-Oh|75\/100|[from] Leech Seed|[of] p2a: Ferrothorn\n|-heal|p2a: Ferrothorn|91\/100 tox|[silent]\n|-damage|p2a: Ferrothorn|72\/100 tox|[from] psn\n|upkeep\n|turn|62\n|\n|t:|1701118228\n|move|p1a: Ho-Oh|Brave Bird|p2a: Ferrothorn\n|-damage|p2a: Ferrothorn|43\/100 tox\n|-damage|p1a: Ho-Oh|63\/100|[from] ability: Iron Barbs|[of] p2a: Ferrothorn\n|-damage|p1a: Ho-Oh|55\/100|[from] Recoil\n|move|p2a: Ferrothorn|Spikes|p1a: Ho-Oh\n|-sidestart|p1: BlueB4llz|Spikes\n|\n|-heal|p2a: Ferrothorn|49\/100 tox|[from] item: Leftovers\n|-damage|p1a: Ho-Oh|43\/100|[from] Leech Seed|[of] p2a: Ferrothorn\n|-heal|p2a: Ferrothorn|63\/100 tox|[silent]\n|-damage|p2a: Ferrothorn|38\/100 tox|[from] psn\n|upkeep\n|turn|63\n|\n|t:|1701118242\n|switch|p1a: Arceus|Arceus-Dark|76\/100\n|-damage|p1a: Arceus|63\/100|[from] Spikes\n|move|p2a: Ferrothorn|Spikes|p1a: Arceus\n|-sidestart|p1: BlueB4llz|Spikes\n|\n|-heal|p2a: Ferrothorn|45\/100 tox|[from] item: Leftovers\n|-damage|p2a: Ferrothorn|13\/100 tox|[from] psn\n|upkeep\n|turn|64\n|\n|t:|1701118246\n|move|p1a: Arceus|Stealth Rock|p2a: Ferrothorn\n|-sidestart|p2: kapithedumdum|move: Stealth Rock\n|move|p2a: Ferrothorn|Gyro Ball|p1a: Arceus\n|-damage|p1a: Arceus|40\/100\n|\n|-heal|p2a: Ferrothorn|20\/100 tox|[from] item: Leftovers\n|-damage|p2a: Ferrothorn|0 fnt|[from] psn\n|faint|p2a: Ferrothorn\n|upkeep\n|\n|t:|1701118253\n|switch|p2a: Ditto|Ditto|100\/100 slp\n|-damage|p2a: Ditto|88\/100 slp|[from] Stealth Rock\n|-transform|p2a: Ditto|p1a: Arceus|[from] ability: Imposter\n|turn|65\n|\n|t:|1701118260\n|cant|p2a: Ditto|slp\n|move|p1a: Arceus|Recover|p1a: Arceus\n|-heal|p1a: Arceus|90\/100\n|\n|upkeep\n|turn|66\n|\n|t:|1701118271\n|switch|p1a: Chansey|Chansey, F|100\/100\n|-damage|p1a: Chansey|84\/100|[from] Spikes\n|cant|p2a: Ditto|slp\n|\n|upkeep\n|turn|67\n|\n|t:|1701118276\n|-curestatus|p2a: Ditto|slp|[msg]\n|move|p2a: Ditto|Stealth Rock|p1a: Chansey\n|-sidestart|p1: BlueB4llz|move: Stealth Rock\n|move|p1a: Chansey|Heal Bell|p1a: Chansey\n|-activate|p1a: Chansey|move: Heal Bell\n|-curestatus|p1: Giratina|slp|[msg]\n|\n|upkeep\n|turn|68\n|\n|t:|1701118287\n|switch|p2a: Ho-Oh|Ho-Oh|97\/100\n|switch|p1a: Giratina|Giratina|88\/100\n|-damage|p1a: Giratina|71\/100|[from] Spikes\n|-damage|p1a: Giratina|59\/100|[from] Stealth Rock\n|-ability|p1a: Giratina|Pressure\n|\n|-heal|p1a: Giratina|65\/100|[from] item: Leftovers\n|upkeep\n|turn|69\n|\n|t:|1701118293\n|move|p2a: Ho-Oh|Brave Bird|p1a: Giratina\n|-damage|p1a: Giratina|37\/100\n|-damage|p2a: Ho-Oh|86\/100|[from] Recoil\n|move|p1a: Giratina|Defog|p2a: Ho-Oh\n|-unboost|p2a: Ho-Oh|evasion|1\n|-sideend|p2: kapithedumdum|Stealth Rock|[from] move: Defog|[of] p1a: Giratina\n|-sideend|p1: BlueB4llz|Spikes|[from] move: Defog|[of] p1a: Giratina\n|-sideend|p1: BlueB4llz|Stealth Rock|[from] move: Defog|[of] p1a: Giratina\n|\n|-heal|p1a: Giratina|44\/100|[from] item: Leftovers\n|upkeep\n|turn|70\n|j| Tiploudu56\n|\n|t:|1701118302\n|move|p1a: Giratina|Rest|p1a: Giratina\n|-status|p1a: Giratina|slp|[from] move: Rest\n|-heal|p1a: Giratina|100\/100 slp|[silent]\n|move|p2a: Ho-Oh|Whirlwind|p1a: Giratina\n|drag|p1a: Dondozo|Dondozo, M|71\/100\n|\n|-heal|p1a: Dondozo|77\/100|[from] item: Leftovers\n|upkeep\n|turn|71\n|\n|t:|1701118314\n|switch|p2a: Ditto|Ditto|88\/100\n|-transform|p2a: Ditto|p1a: Dondozo|[from] ability: Imposter\n|move|p1a: Dondozo|Liquidation|p2a: Ditto\n|-resisted|p2a: Ditto\n|-damage|p2a: Ditto|76\/100\n|\n|-heal|p1a: Dondozo|83\/100|[from] item: Leftovers\n|upkeep\n|turn|72\n|\n|t:|1701118324\n|switch|p2a: Kyogre|Kyogre-Primal|35\/100\n|-weather|PrimordialSea|[from] ability: Primordial Sea|[of] p2a: Kyogre\n|move|p1a: Dondozo|Liquidation|p2a: Kyogre\n|-resisted|p2a: Kyogre\n|-damage|p2a: Kyogre|10\/100\n|-unboost|p2a: Kyogre|def|1\n|\n|-weather|PrimordialSea|[upkeep]\n|-heal|p1a: Dondozo|90\/100|[from] item: Leftovers\n|upkeep\n|turn|73\n|\n|t:|1701118329\n|switch|p1a: Chansey|Chansey, F|84\/100\n|move|p2a: Kyogre|Thunder|p1a: Chansey\n|-damage|p1a: Chansey|72\/100\n|\n|-weather|PrimordialSea|[upkeep]\n|upkeep\n|turn|74\n|\n|t:|1701118338\n|-weather|none\n|switch|p2a: Zacian|Zacian-Crowned|100\/100\n|move|p1a: Chansey|Seismic Toss|p2a: Zacian\n|-damage|p2a: Zacian|70\/100\n|\n|upkeep\n|turn|75\n|\n|t:|1701118342\n|switch|p1a: Dondozo|Dondozo, M|90\/100\n|move|p2a: Zacian|Play Rough|p1a: Dondozo|[miss]\n|-miss|p2a: Zacian|p1a: Dondozo\n|\n|-heal|p1a: Dondozo|96\/100|[from] item: Leftovers\n|upkeep\n|turn|76\n|-message|kapithedumdum forfeited.\n|\n|win|BlueB4llz\n|raw|BlueB4llz's rating: 1299 &rarr; <strong>1332<\/strong><br \/>(+33 for winning)\n|raw|kapithedumdum's rating: 1413 &rarr; <strong>1387<\/strong><br \/>(-26 for losing)\n|l|\u2606kapithedumdum\n|l| Tiploudu56\n","uploadtime":1701118363,"views":9,"p1id":"blueb4llz","p2id":"kapithedumdum","formatid":"gen9nationaldexubers","rating":1332,"private":0,"password":""}