{"id":"gen9nationaldexubers-1984978862","p1":"pietr56","p2":"Shido464","format":"[Gen 9] National Dex Ubers","log":"|j|\u2606pietr56\n|j|\u2606Shido464\n|t:|1699316997\n|gametype|singles\n|player|p1|pietr56|red|1040\n|player|p2|Shido464|shadowtriad|1062\n|teamsize|p1|6\n|teamsize|p2|6\n|gen|9\n|tier|[Gen 9] National Dex Ubers\n|rated|\n|rule|HP Percentage Mod: HP is shown in percentages\n|rule|Endless Battle Clause: Forcing endless battles is banned\n|rule|OHKO Clause: OHKO moves are banned\n|rule|Evasion Moves Clause: Evasion moves are banned\n|rule|Evasion Items Clause: Evasion items are banned\n|rule|Species Clause: Limit one of each Pok\u00e9mon\n|rule|Sleep Clause Mod: Limit one foe put to sleep\n|rule|Mega Rayquaza Clause: You cannot mega evolve Rayquaza\n|clearpoke\n|poke|p1|Marshadow|\n|poke|p1|Blaziken, M|\n|poke|p1|Zekrom|\n|poke|p1|Zacian-*|\n|poke|p1|Palafin, M|\n|poke|p1|Ogerpon, F|\n|poke|p2|Shuckle, M|\n|poke|p2|Sneasler, M|\n|poke|p2|Swellow, M|\n|poke|p2|Spectrier|\n|poke|p2|Scizor, M|\n|poke|p2|Samurott-Hisui, M|\n|teampreview\n|inactive|Battle timer is ON: inactive players will automatically lose when time's up. (requested by Shido464)\n|\n|t:|1699317004\n|start\n|switch|p1a: Palafin|Palafin, M, shiny|100\/100\n|switch|p2a: Samurott|Samurott-Hisui, M|100\/100\n|turn|1\n|\n|t:|1699317019\n|move|p2a: Samurott|Night Slash|p1a: Palafin\n|-damage|p1a: Palafin|38\/100\n|move|p1a: Palafin|Boomburst|p2a: Samurott\n|-damage|p2a: Samurott|64\/100\n|\n|upkeep\n|turn|2\n|\n|t:|1699317027\n|move|p2a: Samurott|Night Slash|p1a: Palafin\n|-damage|p1a: Palafin|0 fnt\n|faint|p1a: Palafin\n|\n|upkeep\n|\n|t:|1699317029\n|switch|p1a: Ogerpon|Ogerpon, F|100\/100\n|turn|3\n|\n|t:|1699317033\n|switch|p2a: Scizor|Scizor, M|100\/100\n|move|p1a: Ogerpon|Ivy Cudgel|p2a: Scizor\n|-resisted|p2a: Scizor\n|-damage|p2a: Scizor|90\/100\n|\n|upkeep\n|turn|4\n|\n|t:|1699317040\n|switch|p1a: Marshadow|Marshadow|100\/100\n|detailschange|p2a: Scizor|Scizor-Mega, M\n|-mega|p2a: Scizor|Scizor|Scizorite\n|move|p2a: Scizor|Bug Bite|p1a: Marshadow\n|-resisted|p1a: Marshadow\n|-damage|p1a: Marshadow|85\/100\n|\n|-heal|p1a: Marshadow|91\/100|[from] item: Leftovers\n|upkeep\n|turn|5\n|\n|t:|1699317046\n|switch|p2a: Samurott|Samurott-Hisui, M|64\/100\n|move|p1a: Marshadow|Close Combat|p2a: Samurott\n|-supereffective|p2a: Samurott\n|-damage|p2a: Samurott|0 fnt\n|-unboost|p1a: Marshadow|def|1\n|-unboost|p1a: Marshadow|spd|1\n|faint|p2a: Samurott\n|\n|-heal|p1a: Marshadow|97\/100|[from] item: Leftovers\n|upkeep\n|\n|t:|1699317048\n|switch|p2a: Swellow|Swellow, M|100\/100\n|turn|6\n|\n|t:|1699317054\n|move|p2a: Swellow|Work Up|p2a: Swellow\n|-boost|p2a: Swellow|atk|1\n|-boost|p2a: Swellow|spa|1\n|move|p1a: Marshadow|Foul Play|p2a: Swellow\n|-damage|p2a: Swellow|60\/100\n|\n|-heal|p1a: Marshadow|100\/100|[from] item: Leftovers\n|upkeep\n|turn|7\n|\n|t:|1699317061\n|-terastallize|p2a: Swellow|Normal\n|move|p1a: Marshadow|Shadow Sneak|p2a: Swellow\n|-immune|p2a: Swellow\n|move|p2a: Swellow|Boomburst|p1a: Marshadow\n|-damage|p1a: Marshadow|0 fnt\n|faint|p1a: Marshadow\n|-enditem|p2a: Swellow|Throat Spray\n|-boost|p2a: Swellow|spa|1|[from] item: Throat Spray\n|\n|upkeep\n|\n|t:|1699317065\n|switch|p1a: Zekrom|Zekrom, shiny|100\/100\n|-ability|p1a: Zekrom|Teravolt\n|turn|8\n|\n|t:|1699317067\n|move|p2a: Swellow|Boomburst|p1a: Zekrom\n|-damage|p1a: Zekrom|0 fnt\n|faint|p1a: Zekrom\n|\n|upkeep\n|\n|t:|1699317071\n|switch|p1a: Blaziken|Blaziken, M, shiny|100\/100\n|turn|9\n|\n|t:|1699317074\n|detailschange|p1a: Blaziken|Blaziken-Mega, M, shiny\n|-mega|p1a: Blaziken|Blaziken|Blazikenite\n|move|p2a: Swellow|Boomburst|p1a: Blaziken\n|-damage|p1a: Blaziken|0 fnt\n|faint|p1a: Blaziken\n|\n|upkeep\n|\n|t:|1699317079\n|switch|p1a: Zacian|Zacian-Crowned, shiny|100\/100\n|-ability|p1a: Zacian|Intrepid Sword|boost\n|-boost|p1a: Zacian|atk|1\n|turn|10\n|\n|t:|1699317081\n|move|p2a: Swellow|Boomburst|p1a: Zacian\n|-resisted|p1a: Zacian\n|-damage|p1a: Zacian|36\/100\n|move|p1a: Zacian|Sacred Sword|p2a: Swellow\n|-supereffective|p2a: Swellow\n|-damage|p2a: Swellow|0 fnt\n|faint|p2a: Swellow\n|\n|upkeep\n|\n|t:|1699317086\n|switch|p2a: Sneasler|Sneasler, M|100\/100\n|turn|11\n|\n|t:|1699317090\n|move|p2a: Sneasler|Fake Out|p1a: Zacian\n|-enditem|p2a: Sneasler|Normal Gem|[from] gem\n|-resisted|p1a: Zacian\n|-damage|p1a: Zacian|28\/100\n|cant|p1a: Zacian|flinch\n|\n|upkeep\n|turn|12\n|\n|t:|1699317094\n|move|p2a: Sneasler|Brick Break|p1a: Zacian\n|-damage|p1a: Zacian|0 fnt\n|faint|p1a: Zacian\n|\n|upkeep\n|\n|t:|1699317097\n|switch|p1a: Ogerpon|Ogerpon, F|100\/100\n|turn|13\n|\n|t:|1699317104\n|move|p2a: Sneasler|Dire Claw|p1a: Ogerpon\n|-supereffective|p1a: Ogerpon\n|-damage|p1a: Ogerpon|0 fnt\n|faint|p1a: Ogerpon\n|\n|win|Shido464\n|raw|pietr56's rating: 1040 &rarr; <strong>1025<\/strong><br \/>(-15 for losing)\n|raw|Shido464's rating: 1062 &rarr; <strong>1091<\/strong><br \/>(+29 for winning)\n","uploadtime":1699317110,"views":6,"p1id":"pietr56","p2id":"shido464","formatid":"gen9nationaldexubers","rating":1025,"private":0,"password":""}