{"id":"gen9nationaldexubers-1992863886","p1":"foofoo1","p2":"CryAndComplain23","format":"[Gen 9] National Dex Ubers","log":"|j|\u2606foofoo1\n|j|\u2606CryAndComplain23\n|t:|1700242029\n|gametype|singles\n|player|p1|foofoo1|2|\n|player|p2|CryAndComplain23|guzma|\n|teamsize|p1|6\n|teamsize|p2|6\n|gen|9\n|tier|[Gen 9] National Dex Ubers\n|rule|HP Percentage Mod: HP is shown in percentages\n|rule|Endless Battle Clause: Forcing endless battles is banned\n|rule|OHKO Clause: OHKO moves are banned\n|rule|Evasion Moves Clause: Evasion moves are banned\n|rule|Evasion Items Clause: Evasion items are banned\n|rule|Species Clause: Limit one of each Pok\u00e9mon\n|rule|Sleep Clause Mod: Limit one foe put to sleep\n|rule|Mega Rayquaza Clause: You cannot mega evolve Rayquaza\n|clearpoke\n|poke|p1|Ting-Lu|\n|poke|p1|Diancie|\n|poke|p1|Thundurus-Therian, M|\n|poke|p1|Dondozo, F|\n|poke|p1|Tapu Koko|\n|poke|p1|Bisharp, F|\n|poke|p2|Garganacl, M|\n|poke|p2|Great Tusk|\n|poke|p2|Zapdos-Galar|\n|poke|p2|Slowking-Galar, M|\n|poke|p2|Kingambit, M|\n|poke|p2|Toxapex, M|\n|teampreview\n|j| Slumpyboocus\n|\n|t:|1700242060\n|start\n|switch|p1a: Tapu Koko|Tapu Koko|100\/100\n|switch|p2a: Jean Jeanie|Toxapex, M|100\/100\n|-fieldstart|move: Electric Terrain|[from] ability: Electric Surge|[of] p1a: Tapu Koko\n|-item|p1a: Tapu Koko|Air Balloon\n|turn|1\n|\n|t:|1700242066\n|move|p2a: Jean Jeanie|Baneful Bunker|p2a: Jean Jeanie\n|-singleturn|p2a: Jean Jeanie|move: Protect\n|move|p1a: Tapu Koko|Calm Mind|p1a: Tapu Koko\n|-boost|p1a: Tapu Koko|spa|1\n|-boost|p1a: Tapu Koko|spd|1\n|\n|upkeep\n|turn|2\n|\n|t:|1700242072\n|move|p1a: Tapu Koko|Thunderbolt|p2a: Jean Jeanie\n|-supereffective|p2a: Jean Jeanie\n|-crit|p2a: Jean Jeanie\n|-damage|p2a: Jean Jeanie|0 fnt\n|faint|p2a: Jean Jeanie\n|\n|upkeep\n|\n|t:|1700242081\n|switch|p2a: Weird and Gilly|Slowking-Galar, M|100\/100\n|turn|3\n|\n|t:|1700242085\n|move|p1a: Tapu Koko|Calm Mind|p1a: Tapu Koko\n|-boost|p1a: Tapu Koko|spa|1\n|-boost|p1a: Tapu Koko|spd|1\n|move|p2a: Weird and Gilly|Sludge Wave|p1a: Tapu Koko\n|-supereffective|p1a: Tapu Koko\n|-damage|p1a: Tapu Koko|62\/100\n|-enditem|p1a: Tapu Koko|Air Balloon\n|\n|upkeep\n|turn|4\n|\n|t:|1700242092\n|move|p1a: Tapu Koko|Calm Mind|p1a: Tapu Koko\n|-boost|p1a: Tapu Koko|spa|1\n|-boost|p1a: Tapu Koko|spd|1\n|move|p2a: Weird and Gilly|Sludge Wave|p1a: Tapu Koko\n|-supereffective|p1a: Tapu Koko\n|-damage|p1a: Tapu Koko|27\/100\n|\n|upkeep\n|turn|5\n|\n|t:|1700242098\n|move|p1a: Tapu Koko|Roost|p1a: Tapu Koko\n|-heal|p1a: Tapu Koko|77\/100\n|-singleturn|p1a: Tapu Koko|move: Roost\n|move|p2a: Weird and Gilly|Sludge Wave|p1a: Tapu Koko\n|-supereffective|p1a: Tapu Koko\n|-damage|p1a: Tapu Koko|40\/100\n|\n|-fieldend|move: Electric Terrain\n|upkeep\n|turn|6\n|\n|t:|1700242105\n|move|p1a: Tapu Koko|Roost|p1a: Tapu Koko\n|-heal|p1a: Tapu Koko|90\/100\n|-singleturn|p1a: Tapu Koko|move: Roost\n|move|p2a: Weird and Gilly|Sludge Wave|p1a: Tapu Koko\n|-supereffective|p1a: Tapu Koko\n|-damage|p1a: Tapu Koko|57\/100\n|\n|upkeep\n|turn|7\n|\n|t:|1700242110\n|move|p1a: Tapu Koko|Thunderbolt|p2a: Weird and Gilly\n|-damage|p2a: Weird and Gilly|65\/100\n|move|p2a: Weird and Gilly|Sludge Wave|p1a: Tapu Koko\n|-supereffective|p1a: Tapu Koko\n|-damage|p1a: Tapu Koko|22\/100\n|\n|upkeep\n|turn|8\n|\n|t:|1700242116\n|move|p1a: Tapu Koko|Roost|p1a: Tapu Koko\n|-heal|p1a: Tapu Koko|72\/100\n|-singleturn|p1a: Tapu Koko|move: Roost\n|move|p2a: Weird and Gilly|Future Sight|p1a: Tapu Koko\n|-start|p2a: Weird and Gilly|move: Future Sight\n|\n|upkeep\n|turn|9\n|\n|t:|1700242120\n|move|p1a: Tapu Koko|Calm Mind|p1a: Tapu Koko\n|-boost|p1a: Tapu Koko|spa|1\n|-boost|p1a: Tapu Koko|spd|1\n|move|p2a: Weird and Gilly|Sludge Wave|p1a: Tapu Koko\n|-supereffective|p1a: Tapu Koko\n|-damage|p1a: Tapu Koko|45\/100\n|\n|upkeep\n|turn|10\n|\n|t:|1700242127\n|move|p1a: Tapu Koko|Roost|p1a: Tapu Koko\n|-heal|p1a: Tapu Koko|95\/100\n|-singleturn|p1a: Tapu Koko|move: Roost\n|move|p2a: Weird and Gilly|Sludge Wave|p1a: Tapu Koko\n|-supereffective|p1a: Tapu Koko\n|-damage|p1a: Tapu Koko|69\/100\n|\n|-end|p1a: Tapu Koko|move: Future Sight\n|-damage|p1a: Tapu Koko|51\/100\n|upkeep\n|turn|11\n|\n|t:|1700242139\n|move|p1a: Tapu Koko|Calm Mind|p1a: Tapu Koko\n|-boost|p1a: Tapu Koko|spa|1\n|-boost|p1a: Tapu Koko|spd|1\n|move|p2a: Weird and Gilly|Sludge Wave|p1a: Tapu Koko\n|-supereffective|p1a: Tapu Koko\n|-damage|p1a: Tapu Koko|26\/100\n|\n|upkeep\n|turn|12\n|\n|t:|1700242145\n|move|p1a: Tapu Koko|Roost|p1a: Tapu Koko\n|-heal|p1a: Tapu Koko|76\/100\n|-singleturn|p1a: Tapu Koko|move: Roost\n|move|p2a: Weird and Gilly|Sludge Wave|p1a: Tapu Koko\n|-supereffective|p1a: Tapu Koko\n|-damage|p1a: Tapu Koko|52\/100\n|\n|upkeep\n|turn|13\n|\n|t:|1700242150\n|move|p1a: Tapu Koko|Thunderbolt|p2a: Weird and Gilly\n|-damage|p2a: Weird and Gilly|17\/100\n|move|p2a: Weird and Gilly|Sludge Wave|p1a: Tapu Koko\n|-supereffective|p1a: Tapu Koko\n|-damage|p1a: Tapu Koko|27\/100\n|\n|upkeep\n|turn|14\n|\n|t:|1700242158\n|move|p1a: Tapu Koko|Roost|p1a: Tapu Koko\n|-heal|p1a: Tapu Koko|77\/100\n|-singleturn|p1a: Tapu Koko|move: Roost\n|move|p2a: Weird and Gilly|Sludge Wave|p1a: Tapu Koko\n|-supereffective|p1a: Tapu Koko\n|-damage|p1a: Tapu Koko|52\/100\n|\n|upkeep\n|turn|15\n|\n|t:|1700242169\n|move|p1a: Tapu Koko|Roost|p1a: Tapu Koko\n|-heal|p1a: Tapu Koko|100\/100\n|-singleturn|p1a: Tapu Koko|move: Roost\n|move|p2a: Weird and Gilly|Sludge Wave|p1a: Tapu Koko\n|-supereffective|p1a: Tapu Koko\n|-damage|p1a: Tapu Koko|75\/100\n|-status|p1a: Tapu Koko|psn\n|\n|-damage|p1a: Tapu Koko|63\/100 psn|[from] psn\n|upkeep\n|turn|16\n|\n|t:|1700242177\n|move|p1a: Tapu Koko|Thunderbolt|p2a: Weird and Gilly\n|-damage|p2a: Weird and Gilly|0 fnt\n|faint|p2a: Weird and Gilly\n|\n|-damage|p1a: Tapu Koko|50\/100 psn|[from] psn\n|upkeep\n|l|\u2606CryAndComplain23\n|player|p2|\n|j|\u2606CryAndComplain23\n|player|p2|CryAndComplain23|guzma\n|\n|t:|1700242198\n|switch|p2a: Let\u2019s Dance|Zapdos-Galar|100\/100\n|turn|17\n|\n|t:|1700242208\n|move|p2a: Let\u2019s Dance|Brave Bird|p1a: Tapu Koko\n|-resisted|p1a: Tapu Koko\n|-damage|p1a: Tapu Koko|11\/100 psn\n|-damage|p2a: Let\u2019s Dance|87\/100|[from] Recoil\n|move|p1a: Tapu Koko|Thunderbolt|p2a: Let\u2019s Dance\n|-supereffective|p2a: Let\u2019s Dance\n|-damage|p2a: Let\u2019s Dance|0 fnt\n|faint|p2a: Let\u2019s Dance\n|\n|-damage|p1a: Tapu Koko|0 fnt|[from] psn\n|faint|p1a: Tapu Koko\n|upkeep\n|\n|t:|1700242230\n|switch|p1a: Bisharp|Bisharp, F|100\/100\n|switch|p2a: Suffragette City|Garganacl, M, shiny|100\/100\n|turn|18\n|\n|t:|1700242234\n|move|p1a: Bisharp|Low Kick|p2a: Suffragette City\n|-supereffective|p2a: Suffragette City\n|-damage|p2a: Suffragette City|45\/100\n|move|p2a: Suffragette City|Body Press|p1a: Bisharp\n|-supereffective|p1a: Bisharp\n|-damage|p1a: Bisharp|31\/100\n|\n|-heal|p2a: Suffragette City|51\/100|[from] item: Leftovers\n|upkeep\n|turn|19\n|\n|t:|1700242242\n|switch|p2a: Scary Monsters\u2026|Great Tusk|100\/100\n|-enditem|p2a: Scary Monsters\u2026|Booster Energy\n|-activate|p2a: Scary Monsters\u2026|ability: Protosynthesis|[fromitem]\n|-start|p2a: Scary Monsters\u2026|protosynthesisatk\n|move|p1a: Bisharp|Low Kick|p2a: Scary Monsters\u2026\n|-damage|p2a: Scary Monsters\u2026|67\/100\n|\n|upkeep\n|turn|20\n|\n|t:|1700242251\n|switch|p1a: Dondozo|Dondozo, F|100\/100\n|move|p2a: Scary Monsters\u2026|Close Combat|p1a: Dondozo\n|-damage|p1a: Dondozo|58\/100\n|-unboost|p2a: Scary Monsters\u2026|def|1\n|-unboost|p2a: Scary Monsters\u2026|spd|1\n|-damage|p2a: Scary Monsters\u2026|50\/100|[from] item: Rocky Helmet|[of] p1a: Dondozo\n|\n|upkeep\n|turn|21\n|\n|t:|1700242259\n|-end|p2a: Scary Monsters\u2026|Protosynthesis|[silent]\n|switch|p2a: Suffragette City|Garganacl, M, shiny|51\/100\n|move|p1a: Dondozo|Liquidation|p2a: Suffragette City\n|-supereffective|p2a: Suffragette City\n|-damage|p2a: Suffragette City|10\/100\n|\n|-heal|p2a: Suffragette City|16\/100|[from] item: Leftovers\n|upkeep\n|turn|22\n|\n|t:|1700242265\n|move|p2a: Suffragette City|Recover|p2a: Suffragette City\n|-heal|p2a: Suffragette City|66\/100\n|move|p1a: Dondozo|Liquidation|p2a: Suffragette City\n|-supereffective|p2a: Suffragette City\n|-damage|p2a: Suffragette City|28\/100\n|\n|-heal|p2a: Suffragette City|34\/100|[from] item: Leftovers\n|upkeep\n|turn|23\n|\n|t:|1700242279\n|move|p1a: Dondozo|Liquidation|p2a: Suffragette City\n|-supereffective|p2a: Suffragette City\n|-damage|p2a: Suffragette City|0 fnt\n|faint|p2a: Suffragette City\n|\n|upkeep\n|\n|t:|1700242289\n|switch|p2a: Major Tom|Kingambit, M|100\/100\n|-activate|p2a: Major Tom|ability: Supreme Overlord\n|-start|p2a: Major Tom|fallen4|[silent]\n|turn|24\n|\n|t:|1700242311\n|switch|p1a: Ting-Lu|Ting-Lu|100\/100\n|-ability|p1a: Ting-Lu|Vessel of Ruin\n|move|p2a: Major Tom|Knock Off|p1a: Ting-Lu\n|-resisted|p1a: Ting-Lu\n|-damage|p1a: Ting-Lu|80\/100\n|-enditem|p1a: Ting-Lu|Leftovers|[from] move: Knock Off|[of] p2a: Major Tom\n|\n|upkeep\n|turn|25\n|\n|t:|1700242319\n|-end|p2a: Major Tom|fallen4|[silent]\n|switch|p2a: Scary Monsters\u2026|Great Tusk|50\/100\n|move|p1a: Ting-Lu|Earthquake|p2a: Scary Monsters\u2026\n|-crit|p2a: Scary Monsters\u2026\n|-damage|p2a: Scary Monsters\u2026|12\/100\n|\n|upkeep\n|turn|26\n|\n|t:|1700242327\n|switch|p1a: Dondozo|Dondozo, F|58\/100\n|move|p2a: Scary Monsters\u2026|Close Combat|p1a: Dondozo\n|-damage|p1a: Dondozo|28\/100\n|-unboost|p2a: Scary Monsters\u2026|def|1\n|-unboost|p2a: Scary Monsters\u2026|spd|1\n|-damage|p2a: Scary Monsters\u2026|0 fnt|[from] item: Rocky Helmet|[of] p1a: Dondozo\n|faint|p2a: Scary Monsters\u2026\n|-end|p2a: Scary Monsters\u2026|Protosynthesis|[silent]\n|\n|upkeep\n|\n|t:|1700242329\n|switch|p2a: Major Tom|Kingambit, M|100\/100\n|-activate|p2a: Major Tom|ability: Supreme Overlord\n|-start|p2a: Major Tom|fallen5|[silent]\n|turn|27\n|\n|t:|1700242339\n|move|p2a: Major Tom|Knock Off|p1a: Dondozo\n|-damage|p1a: Dondozo|0 fnt\n|-damage|p2a: Major Tom|84\/100|[from] item: Rocky Helmet|[of] p1a: Dondozo\n|-enditem|p1a: Dondozo|Rocky Helmet|[from] move: Knock Off|[of] p2a: Major Tom\n|faint|p1a: Dondozo\n|\n|upkeep\n|\n|t:|1700242345\n|switch|p1a: Bisharp|Bisharp, F|31\/100\n|turn|28\n|\n|t:|1700242348\n|move|p2a: Major Tom|Sucker Punch|p1a: Bisharp\n|-resisted|p1a: Bisharp\n|-damage|p1a: Bisharp|4\/100\n|move|p1a: Bisharp|Low Kick|p2a: Major Tom\n|-supereffective|p2a: Major Tom\n|-damage|p2a: Major Tom|0 fnt\n|faint|p2a: Major Tom\n|-end|p2a: Major Tom|fallen5|[silent]\n|\n|win|foofoo1\n|l|\u2606CryAndComplain23\n","uploadtime":1700242364,"views":33,"p1id":"foofoo1","p2id":"cryandcomplain23","formatid":"gen9nationaldexubers","rating":0,"private":0,"password":""}