{"id":"gen9nationaldexubers-1979227055","p1":"pandigaymer","p2":"TimeausDragonheart","format":"[Gen 9] National Dex Ubers","log":"|j|\u2606pandigaymer\n|j|\u2606TimeausDragonheart\n|t:|1698656267\n|gametype|singles\n|player|p1|pandigaymer|266|1184\n|player|p2|TimeausDragonheart|101|1072\n|teamsize|p1|6\n|teamsize|p2|6\n|gen|9\n|tier|[Gen 9] National Dex Ubers\n|rated|\n|rule|HP Percentage Mod: HP is shown in percentages\n|rule|Endless Battle Clause: Forcing endless battles is banned\n|rule|OHKO Clause: OHKO moves are banned\n|rule|Evasion Moves Clause: Evasion moves are banned\n|rule|Evasion Items Clause: Evasion items are banned\n|rule|Species Clause: Limit one of each Pok\u00e9mon\n|rule|Sleep Clause Mod: Limit one foe put to sleep\n|rule|Mega Rayquaza Clause: You cannot mega evolve Rayquaza\n|clearpoke\n|poke|p1|Pelipper, M|\n|poke|p1|Zacian-*|\n|poke|p1|Arctovish|\n|poke|p1|Dracovish|\n|poke|p1|Talonflame, F|\n|poke|p1|Ninetales-Alola, F|\n|poke|p2|Blastoise, F|\n|poke|p2|Pelipper, F|\n|poke|p2|Rotom-Wash|\n|poke|p2|Samurott-Hisui, F|\n|poke|p2|Ogerpon-Wellspring, F|\n|poke|p2|Torterra, M|\n|teampreview\n|\n|t:|1698656275\n|start\n|switch|p1a: Pelipper|Pelipper, M|100\/100\n|switch|p2a: Narwal|Samurott-Hisui, F|100\/100\n|-weather|RainDance|[from] ability: Drizzle|[of] p1a: Pelipper\n|turn|1\n|\n|t:|1698656283\n|move|p2a: Narwal|Ceaseless Edge|p1a: Pelipper\n|-damage|p1a: Pelipper|41\/100\n|-sidestart|p1: pandigaymer|Spikes\n|move|p1a: Pelipper|U-turn|p2a: Narwal\n|-supereffective|p2a: Narwal\n|-damage|p2a: Narwal|77\/100\n|\n|t:|1698656290\n|switch|p1a: Dracovish|Dracovish|100\/100|[from] U-turn\n|-damage|p1a: Dracovish|88\/100|[from] Spikes\n|\n|-weather|RainDance|[upkeep]\n|upkeep\n|turn|2\n|\n|t:|1698656296\n|-terastallize|p1a: Dracovish|Water\n|move|p2a: Narwal|Ceaseless Edge|p1a: Dracovish\n|-damage|p1a: Dracovish|39\/100\n|-sidestart|p1: pandigaymer|Spikes\n|move|p1a: Dracovish|Fishious Rend|p2a: Narwal\n|-resisted|p2a: Narwal\n|-damage|p2a: Narwal|0 fnt\n|faint|p2a: Narwal\n|\n|-weather|RainDance|[upkeep]\n|upkeep\n|\n|t:|1698656308\n|switch|p2a: Blurtle|Blastoise, F|100\/100\n|turn|3\n|\n|t:|1698656311\n|detailschange|p2a: Blurtle|Blastoise-Mega, F\n|-mega|p2a: Blurtle|Blastoise|Blastoisinite\n|move|p1a: Dracovish|Fishious Rend|p2a: Blurtle\n|-resisted|p2a: Blurtle\n|-damage|p2a: Blurtle|0 fnt\n|faint|p2a: Blurtle\n|\n|-weather|RainDance|[upkeep]\n|upkeep\n|\n|t:|1698656335\n|switch|p2a: Ogerpon|Ogerpon-Wellspring, F|100\/100\n|turn|4\n|\n|t:|1698656341\n|switch|p1a: Ninetales|Ninetales-Alola, F|100\/100\n|-damage|p1a: Ninetales|84\/100|[from] Spikes\n|-weather|Snow|[from] ability: Snow Warning|[of] p1a: Ninetales\n|-terastallize|p2a: Ogerpon|Water\n|detailschange|p2a: Ogerpon|Ogerpon-Wellspring-Tera, F, tera:Water\n|-ability|p2a: Ogerpon|Embody Aspect (Wellspring)|boost\n|-boost|p2a: Ogerpon|spd|1\n|move|p2a: Ogerpon|Ivy Cudgel|p1a: Ninetales\n|-damage|p1a: Ninetales|8\/100\n|-enditem|p1a: Ninetales|Eject Button\n|inactive|Battle timer is ON: inactive players will automatically lose when time's up. (requested by TimeausDragonheart)\n|\n|t:|1698656358\n|switch|p1a: Arctovish|Arctovish|100\/100\n|-damage|p1a: Arctovish|84\/100|[from] Spikes\n|\n|-weather|Snow|[upkeep]\n|upkeep\n|turn|5\n|\n|t:|1698656369\n|move|p1a: Arctovish|Freeze-Dry|p2a: Ogerpon\n|-supereffective|p2a: Ogerpon\n|-damage|p2a: Ogerpon|70\/100\n|move|p2a: Ogerpon|Swords Dance|p2a: Ogerpon\n|-boost|p2a: Ogerpon|atk|2\n|\n|-weather|Snow|[upkeep]\n|upkeep\n|turn|6\n|\n|t:|1698656377\n|move|p1a: Arctovish|Freeze-Dry|p2a: Ogerpon\n|-supereffective|p2a: Ogerpon\n|-damage|p2a: Ogerpon|43\/100\n|move|p2a: Ogerpon|Ivy Cudgel|p1a: Arctovish\n|-resisted|p1a: Arctovish\n|-damage|p1a: Arctovish|23\/100\n|\n|-weather|Snow|[upkeep]\n|upkeep\n|turn|7\n|\n|t:|1698656386\n|move|p1a: Arctovish|Freeze-Dry|p2a: Ogerpon\n|-supereffective|p2a: Ogerpon\n|-damage|p2a: Ogerpon|13\/100\n|move|p2a: Ogerpon|Ivy Cudgel|p1a: Arctovish\n|-resisted|p1a: Arctovish\n|-damage|p1a: Arctovish|0 fnt\n|faint|p1a: Arctovish\n|\n|-weather|Snow|[upkeep]\n|upkeep\n|\n|t:|1698656394\n|switch|p1a: Talonflame|Talonflame, F|100\/100\n|turn|8\n|\n|t:|1698656404\n|move|p1a: Talonflame|Acrobatics|p2a: Ogerpon\n|-damage|p2a: Ogerpon|0 fnt\n|faint|p2a: Ogerpon\n|\n|-weather|none\n|upkeep\n|\n|t:|1698656411\n|switch|p2a: Washing machine|Rotom-Wash|100\/100\n|turn|9\n|\n|t:|1698656415\n|move|p1a: Talonflame|Tailwind|p1a: Talonflame\n|-sidestart|p1: pandigaymer|move: Tailwind\n|move|p2a: Washing machine|Reflect|p2a: Washing machine\n|-sidestart|p2: TimeausDragonheart|Reflect\n|\n|upkeep\n|turn|10\n|\n|t:|1698656420\n|move|p1a: Talonflame|Bulk Up|p1a: Talonflame\n|-boost|p1a: Talonflame|atk|1\n|-boost|p1a: Talonflame|def|1\n|move|p2a: Washing machine|Light Screen|p2a: Washing machine\n|-sidestart|p2: TimeausDragonheart|move: Light Screen\n|\n|upkeep\n|turn|11\n|\n|t:|1698656426\n|move|p1a: Talonflame|Flare Blitz|p2a: Washing machine\n|-resisted|p2a: Washing machine\n|-damage|p2a: Washing machine|86\/100\n|-damage|p1a: Talonflame|97\/100|[from] Recoil\n|move|p2a: Washing machine|Thunder Wave|p1a: Talonflame\n|-status|p1a: Talonflame|par\n|\n|upkeep\n|turn|12\n|\n|t:|1698656434\n|move|p1a: Talonflame|Acrobatics|p2a: Washing machine\n|-resisted|p2a: Washing machine\n|-damage|p2a: Washing machine|80\/100\n|move|p2a: Washing machine|Volt Switch|p1a: Talonflame\n|-supereffective|p1a: Talonflame\n|-damage|p1a: Talonflame|38\/100 par\n|-enditem|p1a: Talonflame|Eject Button\n|\n|t:|1698656447\n|switch|p1a: Dracovish|Dracovish, tera:Water|39\/100\n|-damage|p1a: Dracovish|23\/100|[from] Spikes\n|\n|-sideend|p1: pandigaymer|move: Tailwind\n|upkeep\n|turn|13\n|\n|t:|1698656456\n|move|p1a: Dracovish|Fishious Rend|p2a: Washing machine\n|-resisted|p2a: Washing machine\n|-damage|p2a: Washing machine|25\/100\n|move|p2a: Washing machine|Thunder Wave|p1a: Dracovish\n|-status|p1a: Dracovish|par\n|\n|upkeep\n|turn|14\n|\n|t:|1698656463\n|move|p2a: Washing machine|Volt Switch|p1a: Dracovish\n|-supereffective|p1a: Dracovish\n|-damage|p1a: Dracovish|0 fnt\n|faint|p1a: Dracovish\n|\n|t:|1698656469\n|switch|p2a: Pelican|Pelipper, F|100\/100|[from] Volt Switch\n|-weather|RainDance|[from] ability: Drizzle|[of] p2a: Pelican\n|\n|-weather|RainDance|[upkeep]\n|upkeep\n|\n|t:|1698656481\n|switch|p1a: Zacian|Zacian-Crowned|100\/100\n|-damage|p1a: Zacian|84\/100|[from] Spikes\n|-ability|p1a: Zacian|Intrepid Sword|boost\n|-boost|p1a: Zacian|atk|1\n|turn|15\n|\n|t:|1698656488\n|move|p1a: Zacian|Trailblaze|p2a: Pelican\n|-damage|p2a: Pelican|83\/100\n|-boost|p1a: Zacian|spe|1\n|move|p2a: Pelican|Toxic|p1a: Zacian\n|-immune|p1a: Zacian\n|\n|-weather|RainDance|[upkeep]\n|-heal|p2a: Pelican|89\/100|[from] item: Leftovers\n|upkeep\n|turn|16\n|\n|t:|1698656501\n|move|p1a: Zacian|Trailblaze|p2a: Pelican\n|-damage|p2a: Pelican|72\/100\n|-boost|p1a: Zacian|spe|1\n|move|p2a: Pelican|U-turn|p1a: Zacian\n|-resisted|p1a: Zacian\n|-damage|p1a: Zacian|82\/100\n|\n|t:|1698656508\n|switch|p2a: Torterra|Torterra, M|100\/100|[from] U-turn\n|\n|-weather|RainDance|[upkeep]\n|-sideend|p2: TimeausDragonheart|Reflect\n|upkeep\n|turn|17\n|\n|t:|1698656516\n|move|p1a: Zacian|Play Rough|p2a: Torterra\n|-damage|p2a: Torterra|19\/100\n|-zpower|p2a: Torterra\n|move|p2a: Torterra|Tectonic Rage|p1a: Zacian|[zeffect]\n|-supereffective|p1a: Zacian\n|-crit|p1a: Zacian\n|-damage|p1a: Zacian|0 fnt\n|faint|p1a: Zacian\n|\n|-weather|RainDance|[upkeep]\n|-sideend|p2: TimeausDragonheart|move: Light Screen\n|upkeep\n|\n|t:|1698656527\n|switch|p1a: Talonflame|Talonflame, F|38\/100 par\n|turn|18\n|\n|t:|1698656530\n|move|p2a: Torterra|Trailblaze|p1a: Talonflame\n|-resisted|p1a: Talonflame\n|-damage|p1a: Talonflame|32\/100 par\n|-boost|p2a: Torterra|spe|1\n|cant|p1a: Talonflame|par\n|\n|-weather|none\n|upkeep\n|turn|19\n|\n|t:|1698656541\n|move|p2a: Torterra|Trailblaze|p1a: Talonflame\n|-resisted|p1a: Talonflame\n|-damage|p1a: Talonflame|27\/100 par\n|-boost|p2a: Torterra|spe|1\n|move|p1a: Talonflame|Acrobatics|p2a: Torterra\n|-supereffective|p2a: Torterra\n|-damage|p2a: Torterra|0 fnt\n|faint|p2a: Torterra\n|\n|upkeep\n|\n|t:|1698656552\n|switch|p2a: Washing machine|Rotom-Wash|25\/100\n|turn|20\n|\n|t:|1698656557\n|move|p2a: Washing machine|Volt Switch|p1a: Talonflame\n|-supereffective|p1a: Talonflame\n|-damage|p1a: Talonflame|0 fnt\n|faint|p1a: Talonflame\n|\n|t:|1698656562\n|switch|p2a: Pelican|Pelipper, F|72\/100|[from] Volt Switch\n|-weather|RainDance|[from] ability: Drizzle|[of] p2a: Pelican\n|\n|-weather|RainDance|[upkeep]\n|-heal|p2a: Pelican|79\/100|[from] item: Leftovers\n|upkeep\n|\n|t:|1698656569\n|switch|p1a: Pelipper|Pelipper, M|41\/100\n|turn|21\n|\n|t:|1698656573\n|move|p1a: Pelipper|U-turn|p2a: Pelican\n|-resisted|p2a: Pelican\n|-damage|p2a: Pelican|73\/100\n|-message|pandigaymer forfeited.\n|\n|win|TimeausDragonheart\n|raw|pandigaymer's rating: 1184 &rarr; <strong>1151<\/strong><br \/>(-33 for losing)\n|raw|TimeausDragonheart's rating: 1072 &rarr; <strong>1110<\/strong><br \/>(+38 for winning)\n|l|\u2606pandigaymer\n|l|\u2606TimeausDragonheart\n|j|\u2606TimeausDragonheart\n|player|p2|TimeausDragonheart|101\n","uploadtime":1698657194,"views":15,"p1id":"pandigaymer","p2id":"timeausdragonheart","formatid":"gen9nationaldexubers","rating":1110,"private":0,"password":""}