{"id":"gen9nationaldexubers-1996221712","p1":"zf97032800","p2":"IQW_117XZ","format":"[Gen 9] National Dex Ubers","log":"|j|\u2606zf97032800\n|j|\u2606IQW_117XZ\n|t:|1700660871\n|gametype|singles\n|player|p1|zf97032800|1|1555\n|player|p2|IQW_117XZ|silver|1526\n|teamsize|p1|6\n|teamsize|p2|6\n|gen|9\n|tier|[Gen 9] National Dex Ubers\n|rated|\n|rule|HP Percentage Mod: HP is shown in percentages\n|rule|Endless Battle Clause: Forcing endless battles is banned\n|rule|OHKO Clause: OHKO moves are banned\n|rule|Evasion Moves Clause: Evasion moves are banned\n|rule|Evasion Items Clause: Evasion items are banned\n|rule|Species Clause: Limit one of each Pok\u00e9mon\n|rule|Sleep Clause Mod: Limit one foe put to sleep\n|rule|Mega Rayquaza Clause: You cannot mega evolve Rayquaza\n|clearpoke\n|poke|p1|Kyogre|\n|poke|p1|Landorus-Therian, M|\n|poke|p1|Ho-Oh|\n|poke|p1|Lunala|\n|poke|p1|Zygarde|\n|poke|p1|Arceus|\n|poke|p2|Zygarde|\n|poke|p2|Arceus|\n|poke|p2|Ho-Oh|\n|poke|p2|Deoxys-Speed|\n|poke|p2|Eternatus|\n|poke|p2|Kyurem-White|\n|teampreview\n|\n|t:|1700660884\n|start\n|switch|p1a: Kyogre|Kyogre|100\/100\n|switch|p2a: Deoxys|Deoxys-Speed|100\/100\n|-ability|p2a: Deoxys|Pressure\n|detailschange|p1a: Kyogre|Kyogre-Primal\n|-primal|p1a: Kyogre|Blue Orb\n|-weather|PrimordialSea|[from] ability: Primordial Sea|[of] p1a: Kyogre\n|turn|1\n|inactive|Battle timer is ON: inactive players will automatically lose when time's up. (requested by zf97032800)\n|\n|t:|1700660901\n|move|p2a: Deoxys|Stealth Rock|p1a: Kyogre\n|-sidestart|p1: zf97032800|move: Stealth Rock\n|move|p1a: Kyogre|Thunder|p2a: Deoxys\n|-damage|p2a: Deoxys|37\/100\n|\n|-weather|PrimordialSea|[upkeep]\n|upkeep\n|turn|2\n|\n|t:|1700660908\n|move|p2a: Deoxys|Knock Off|p1a: Kyogre\n|-damage|p1a: Kyogre|84\/100\n|move|p1a: Kyogre|Surf|p2a: Deoxys\n|-damage|p2a: Deoxys|0 fnt\n|faint|p2a: Deoxys\n|\n|-weather|PrimordialSea|[upkeep]\n|upkeep\n|\n|t:|1700660918\n|switch|p2a: Kyurem|Kyurem-White|100\/100\n|-ability|p2a: Kyurem|Turboblaze\n|turn|3\n|\n|t:|1700660928\n|move|p2a: Kyurem|Freeze-Dry|p1a: Kyogre\n|-supereffective|p1a: Kyogre\n|-damage|p1a: Kyogre|24\/100\n|-status|p1a: Kyogre|frz\n|cant|p1a: Kyogre|frz\n|\n|-weather|PrimordialSea|[upkeep]\n|upkeep\n|turn|4\n|\n|t:|1700660936\n|move|p2a: Kyurem|Freeze-Dry|p1a: Kyogre\n|-supereffective|p1a: Kyogre\n|-damage|p1a: Kyogre|0 fnt\n|faint|p1a: Kyogre\n|-weather|none\n|\n|upkeep\n|\n|t:|1700660942\n|switch|p1a: Ho-Oh|Ho-Oh|100\/100\n|turn|5\n|\n|t:|1700660947\n|switch|p2a: Ho-Oh|Ho-Oh|100\/100\n|move|p1a: Ho-Oh|Defog|p2a: Ho-Oh\n|-unboost|p2a: Ho-Oh|evasion|1\n|-sideend|p1: zf97032800|Stealth Rock|[from] move: Defog|[of] p1a: Ho-Oh\n|\n|upkeep\n|turn|6\n|\n|t:|1700660955\n|move|p1a: Ho-Oh|Toxic|p2a: Ho-Oh\n|-status|p2a: Ho-Oh|tox\n|move|p2a: Ho-Oh|Toxic|p1a: Ho-Oh\n|-status|p1a: Ho-Oh|tox\n|\n|-damage|p1a: Ho-Oh|94\/100 tox|[from] psn\n|-damage|p2a: Ho-Oh|94\/100 tox|[from] psn\n|upkeep\n|turn|7\n|\n|t:|1700660964\n|move|p1a: Ho-Oh|Brave Bird|p2a: Ho-Oh\n|-damage|p2a: Ho-Oh|46\/100 tox\n|-damage|p1a: Ho-Oh|79\/100 tox|[from] Recoil\n|move|p2a: Ho-Oh|Brave Bird|p1a: Ho-Oh\n|-damage|p1a: Ho-Oh|38\/100 tox\n|-damage|p2a: Ho-Oh|33\/100 tox|[from] Recoil\n|\n|-damage|p1a: Ho-Oh|26\/100 tox|[from] psn\n|-damage|p2a: Ho-Oh|20\/100 tox|[from] psn\n|upkeep\n|turn|8\n|\n|t:|1700660979\n|switch|p2a: Eternatus|Eternatus|100\/100\n|-ability|p2a: Eternatus|Pressure\n|move|p1a: Ho-Oh|Sacred Fire|p2a: Eternatus\n|-resisted|p2a: Eternatus\n|-damage|p2a: Eternatus|84\/100\n|-status|p2a: Eternatus|brn\n|\n|-heal|p2a: Eternatus|91\/100 brn|[from] item: Leftovers\n|-damage|p1a: Ho-Oh|8\/100 tox|[from] psn\n|-damage|p2a: Eternatus|84\/100 brn|[from] brn\n|upkeep\n|turn|9\n|\n|t:|1700660995\n|switch|p1a: Arceus|Arceus|100\/100\n|move|p2a: Eternatus|Toxic Spikes|p1a: Arceus\n|-sidestart|p1: zf97032800|move: Toxic Spikes\n|\n|-heal|p2a: Eternatus|91\/100 brn|[from] item: Leftovers\n|-damage|p2a: Eternatus|84\/100 brn|[from] brn\n|upkeep\n|turn|10\n|\n|t:|1700661006\n|switch|p2a: Zygarde|Zygarde|100\/100\n|-ability|p2a: Zygarde|Aura Break\n|move|p1a: Arceus|Bulk Up|p1a: Arceus\n|-boost|p1a: Arceus|atk|1\n|-boost|p1a: Arceus|def|1\n|\n|upkeep\n|turn|11\n|\n|t:|1700661018\n|switch|p1a: Ho-Oh|Ho-Oh|41\/100 tox\n|move|p2a: Zygarde|Coil|p2a: Zygarde\n|-boost|p2a: Zygarde|atk|1\n|-boost|p2a: Zygarde|def|1\n|-boost|p2a: Zygarde|accuracy|1\n|\n|-damage|p1a: Ho-Oh|35\/100 tox|[from] psn\n|upkeep\n|turn|12\n|\n|t:|1700661029\n|move|p1a: Ho-Oh|Defog|p2a: Zygarde\n|-unboost|p2a: Zygarde|evasion|1\n|-sideend|p1: zf97032800|Toxic Spikes|[from] move: Defog|[of] p1a: Ho-Oh\n|move|p2a: Zygarde|Substitute|p2a: Zygarde\n|-start|p2a: Zygarde|Substitute\n|-damage|p2a: Zygarde|75\/100\n|\n|-heal|p2a: Zygarde|82\/100|[from] item: Leftovers\n|-damage|p1a: Ho-Oh|23\/100 tox|[from] psn\n|upkeep\n|turn|13\n|\n|t:|1700661039\n|move|p1a: Ho-Oh|Brave Bird|p2a: Zygarde\n|-activate|p2a: Zygarde|move: Substitute|[damage]\n|-damage|p1a: Ho-Oh|17\/100 tox|[from] Recoil|[of] p2a: Zygarde\n|move|p2a: Zygarde|Thousand Arrows|p1a: Ho-Oh\n|-damage|p1a: Ho-Oh|0 fnt\n|faint|p1a: Ho-Oh\n|\n|-heal|p2a: Zygarde|88\/100|[from] item: Leftovers\n|upkeep\n|\n|t:|1700661050\n|switch|p1a: Landorus|Landorus-Therian, M|100\/100\n|-ability|p1a: Landorus|Intimidate|boost\n|-immune|p2a: Zygarde\n|turn|14\n|\n|t:|1700661062\n|move|p1a: Landorus|U-turn|p2a: Zygarde\n|-end|p2a: Zygarde|Substitute\n|\n|t:|1700661065\n|switch|p1a: Lunala|Lunala|100\/100|[from] U-turn\n|move|p2a: Zygarde|Coil|p2a: Zygarde\n|-boost|p2a: Zygarde|atk|1\n|-boost|p2a: Zygarde|def|1\n|-boost|p2a: Zygarde|accuracy|1\n|\n|-heal|p2a: Zygarde|94\/100|[from] item: Leftovers\n|upkeep\n|turn|15\n|\n|t:|1700661075\n|move|p1a: Lunala|Trick|p2a: Zygarde\n|-activate|p1a: Lunala|move: Trick|[of] p2a: Zygarde\n|-item|p2a: Zygarde|Choice Scarf|[from] move: Trick\n|-item|p1a: Lunala|Leftovers|[from] move: Trick\n|move|p2a: Zygarde|Glare|p1a: Lunala\n|-status|p1a: Lunala|par\n|\n|upkeep\n|turn|16\n|\n|t:|1700661092\n|switch|p2a: Ho-Oh|Ho-Oh|54\/100 tox\n|cant|p1a: Lunala|par\n|\n|-damage|p2a: Ho-Oh|47\/100 tox|[from] psn\n|upkeep\n|turn|17\n|\n|t:|1700661100\n|move|p2a: Ho-Oh|Brave Bird|p1a: Lunala\n|-damage|p1a: Lunala|73\/100 par\n|-damage|p2a: Ho-Oh|38\/100 tox|[from] Recoil\n|cant|p1a: Lunala|par\n|\n|-heal|p1a: Lunala|79\/100 par|[from] item: Leftovers\n|-damage|p2a: Ho-Oh|26\/100 tox|[from] psn\n|upkeep\n|turn|18\n|\n|t:|1700661113\n|switch|p2a: Kyurem|Kyurem-White|100\/100\n|-ability|p2a: Kyurem|Turboblaze\n|switch|p1a: Landorus|Landorus-Therian, M|100\/100\n|-ability|p1a: Landorus|Intimidate|boost\n|-unboost|p2a: Kyurem|atk|1\n|\n|upkeep\n|turn|19\n|\n|t:|1700661125\n|switch|p1a: Arceus|Arceus|100\/100\n|move|p2a: Kyurem|Freeze-Dry|p1a: Arceus\n|-damage|p1a: Arceus|72\/100\n|-status|p1a: Arceus|frz\n|\n|upkeep\n|turn|20\n|\n|t:|1700661135\n|move|p2a: Kyurem|Freeze-Dry|p1a: Arceus\n|-damage|p1a: Arceus|44\/100 frz\n|-curestatus|p1a: Arceus|frz|[msg]\n|move|p1a: Arceus|Bulk Up|p1a: Arceus\n|-boost|p1a: Arceus|atk|1\n|-boost|p1a: Arceus|def|1\n|\n|upkeep\n|turn|21\n|\n|t:|1700661144\n|switch|p2a: Zygarde|Zygarde|94\/100\n|-ability|p2a: Zygarde|Aura Break\n|move|p1a: Arceus|Extreme Speed|p2a: Zygarde\n|-damage|p2a: Zygarde|62\/100\n|\n|upkeep\n|turn|22\n|\n|t:|1700661154\n|switch|p1a: Landorus|Landorus-Therian, M|100\/100\n|-ability|p1a: Landorus|Intimidate|boost\n|-unboost|p2a: Zygarde|atk|1\n|move|p2a: Zygarde|Thousand Arrows|p1a: Landorus\n|-damage|p1a: Landorus|81\/100\n|-start|p1a: Landorus|Smack Down\n|\n|upkeep\n|turn|23\n|\n|t:|1700661164\n|switch|p2a: Ho-Oh|Ho-Oh|59\/100 tox\n|move|p1a: Landorus|Stealth Rock|p2a: Ho-Oh\n|-sidestart|p2: IQW_117XZ|move: Stealth Rock\n|\n|-damage|p2a: Ho-Oh|53\/100 tox|[from] psn\n|upkeep\n|turn|24\n|\n|t:|1700661173\n|move|p1a: Landorus|Stone Edge|p2a: Ho-Oh\n|-supereffective|p2a: Ho-Oh\n|-damage|p2a: Ho-Oh|0 fnt\n|faint|p2a: Ho-Oh\n|\n|upkeep\n|\n|t:|1700661182\n|switch|p2a: Eternatus|Eternatus|84\/100 brn\n|-damage|p2a: Eternatus|72\/100 brn|[from] Stealth Rock\n|-ability|p2a: Eternatus|Pressure\n|turn|25\n|\n|t:|1700661189\n|move|p2a: Eternatus|Dynamax Cannon|p1a: Landorus\n|-crit|p1a: Landorus\n|-damage|p1a: Landorus|0 fnt\n|faint|p1a: Landorus\n|\n|-heal|p2a: Eternatus|78\/100 brn|[from] item: Leftovers\n|-damage|p2a: Eternatus|72\/100 brn|[from] brn\n|upkeep\n|\n|t:|1700661201\n|switch|p1a: Zygarde|Zygarde|100\/100\n|turn|26\n|\n|t:|1700661209\n|-terastallize|p1a: Zygarde|Normal\n|move|p2a: Eternatus|Flamethrower|p1a: Zygarde\n|-damage|p1a: Zygarde|67\/100\n|move|p1a: Zygarde|Thousand Arrows|p2a: Eternatus\n|-supereffective|p2a: Eternatus\n|-damage|p2a: Eternatus|1\/100 brn\n|\n|-heal|p2a: Eternatus|7\/100 brn|[from] item: Leftovers\n|-heal|p1a: Zygarde|73\/100|[from] item: Leftovers\n|-damage|p2a: Eternatus|1\/100 brn|[from] brn\n|upkeep\n|turn|27\n|\n|t:|1700661229\n|move|p1a: Zygarde|Extreme Speed|p2a: Eternatus\n|-damage|p2a: Eternatus|0 fnt\n|faint|p2a: Eternatus\n|\n|-heal|p1a: Zygarde|79\/100|[from] item: Leftovers\n|upkeep\n|\n|t:|1700661237\n|switch|p2a: Kyurem|Kyurem-White|100\/100\n|-damage|p2a: Kyurem|75\/100|[from] Stealth Rock\n|-ability|p2a: Kyurem|Turboblaze\n|turn|28\n|\n|t:|1700661246\n|move|p2a: Kyurem|Draco Meteor|p1a: Zygarde\n|-damage|p1a: Zygarde|2\/100\n|-unboost|p2a: Kyurem|spa|2\n|move|p1a: Zygarde|Thousand Arrows|p2a: Kyurem\n|-damage|p2a: Kyurem|31\/100\n|\n|-heal|p1a: Zygarde|8\/100|[from] item: Leftovers\n|-activate|p1a: Zygarde|ability: Power Construct\n|detailschange|p1a: Zygarde|Zygarde-Complete, tera:Normal\n|-heal|p1a: Zygarde|40\/100|[silent]\n|upkeep\n|turn|29\n|\n|t:|1700661274\n|switch|p2a: Arceus|Arceus|100\/100\n|-damage|p2a: Arceus|88\/100|[from] Stealth Rock\n|move|p1a: Zygarde|Extreme Speed|p2a: Arceus\n|-damage|p2a: Arceus|64\/100\n|\n|-heal|p2a: Arceus|70\/100|[from] item: Leftovers\n|-heal|p1a: Zygarde|47\/100|[from] item: Leftovers\n|upkeep\n|turn|30\n|\n|t:|1700661285\n|move|p2a: Arceus|Swords Dance|p2a: Arceus\n|-boost|p2a: Arceus|atk|2\n|move|p1a: Zygarde|Coil|p1a: Zygarde\n|-boost|p1a: Zygarde|atk|1\n|-boost|p1a: Zygarde|def|1\n|-boost|p1a: Zygarde|accuracy|1\n|\n|-heal|p2a: Arceus|76\/100|[from] item: Leftovers\n|-heal|p1a: Zygarde|53\/100|[from] item: Leftovers\n|upkeep\n|turn|31\n|\n|t:|1700661296\n|move|p2a: Arceus|Swords Dance|p2a: Arceus\n|-boost|p2a: Arceus|atk|2\n|move|p1a: Zygarde|Thousand Arrows|p2a: Arceus\n|-damage|p2a: Arceus|32\/100\n|\n|-heal|p2a: Arceus|38\/100|[from] item: Leftovers\n|-heal|p1a: Zygarde|59\/100|[from] item: Leftovers\n|upkeep\n|turn|32\n|\n|t:|1700661306\n|-terastallize|p2a: Arceus|Normal\n|move|p2a: Arceus|Extreme Speed|p1a: Zygarde\n|-damage|p1a: Zygarde|6\/100\n|move|p1a: Zygarde|Thousand Arrows|p2a: Arceus\n|-damage|p2a: Arceus|0 fnt\n|faint|p2a: Arceus\n|\n|-heal|p1a: Zygarde|12\/100|[from] item: Leftovers\n|upkeep\n|\n|t:|1700661328\n|switch|p2a: Zygarde|Zygarde|62\/100\n|-damage|p2a: Zygarde|56\/100|[from] Stealth Rock\n|-ability|p2a: Zygarde|Aura Break\n|turn|33\n|\n|t:|1700661335\n|move|p1a: Zygarde|Extreme Speed|p2a: Zygarde\n|-damage|p2a: Zygarde|27\/100\n|move|p2a: Zygarde|Thousand Arrows|p1a: Zygarde\n|-damage|p1a: Zygarde|2\/100\n|\n|-heal|p1a: Zygarde|9\/100|[from] item: Leftovers\n|upkeep\n|turn|34\n|\n|t:|1700661352\n|move|p1a: Zygarde|Extreme Speed|p2a: Zygarde\n|-damage|p2a: Zygarde|0 fnt\n|faint|p2a: Zygarde\n|\n|-heal|p1a: Zygarde|15\/100|[from] item: Leftovers\n|upkeep\n|-message|IQW_117XZ forfeited.\n|\n|win|zf97032800\n|raw|zf97032800's rating: 1555 &rarr; <strong>1573<\/strong><br \/>(+18 for winning)\n|raw|IQW_117XZ's rating: 1526 &rarr; <strong>1508<\/strong><br \/>(-18 for losing)\n|l|\u2606IQW_117XZ\n|l|\u2606zf97032800\n","uploadtime":1700661375,"views":0,"p1id":"zf97032800","p2id":"iqw117xz","formatid":"gen9nationaldexubers","rating":1508,"private":0,"password":""}