{"id":"gen9nationaldexubers-1998167081","p1":"Rainer565","p2":"MrTRB","format":"[Gen 9] National Dex Ubers","log":"|j|\u2606Rainer565\n|j|\u2606MrTRB\n|t:|1700904765\n|gametype|singles\n|player|p1|Rainer565|lucas|\n|player|p2|MrTRB|benga|\n|teamsize|p1|4\n|teamsize|p2|4\n|gen|9\n|tier|[Gen 9] National Dex Ubers\n|rule|HP Percentage Mod: HP is shown in percentages\n|rule|Endless Battle Clause: Forcing endless battles is banned\n|rule|OHKO Clause: OHKO moves are banned\n|rule|Evasion Moves Clause: Evasion moves are banned\n|rule|Evasion Items Clause: Evasion items are banned\n|rule|Species Clause: Limit one of each Pok\u00e9mon\n|rule|Sleep Clause Mod: Limit one foe put to sleep\n|rule|Mega Rayquaza Clause: You cannot mega evolve Rayquaza\n|clearpoke\n|poke|p1|Eelektross, F|\n|poke|p1|Tyranitar, M|\n|poke|p1|Ampharos, M|\n|poke|p1|Dracozolt|\n|poke|p2|Serperior, F|\n|poke|p2|Seismitoad, F|\n|poke|p2|Baxcalibur, M|\n|poke|p2|Pelipper, M|\n|teampreview\n|\n|t:|1700904775\n|start\n|switch|p1a: Eelektross|Eelektross, F|100\/100\n|switch|p2a: Pelipper|Pelipper, M, shiny|100\/100\n|-weather|RainDance|[from] ability: Drizzle|[of] p2a: Pelipper\n|turn|1\n|c|\u2606Rainer565|!weakness pelipper\n|c| Rainer565|\/raw <div class=\"infobox\">Pelipper (ignoring abilities):<br \/><span class=\"message-effect-weak\">Weaknesses<\/span>: <b>Electric<\/b>, Rock<br \/><span class=\"message-effect-resist\">Resistances<\/span>: Bug, Fighting, Fire, Steel, Water<br \/><span class=\"message-effect-immune\">Immunities<\/span>: Ground<\/div>\n|\n|t:|1700904793\n|switch|p2a: Seismitoad|Seismitoad, F, shiny|100\/100\n|move|p1a: Eelektross|Thunder Punch|p2a: Seismitoad\n|-immune|p2a: Seismitoad\n|\n|-weather|RainDance|[upkeep]\n|upkeep\n|turn|2\n|c|\u2606Rainer565|!weakness seismitoad\n|c| Rainer565|\/raw <div class=\"infobox\">Seismitoad (ignoring abilities):<br \/><span class=\"message-effect-weak\">Weaknesses<\/span>: <b>Grass<\/b><br \/><span class=\"message-effect-resist\">Resistances<\/span>: Fire, Poison, Rock, Steel<br \/><span class=\"message-effect-immune\">Immunities<\/span>: Electric, Sandstorm damage<\/div>\n|\n|t:|1700904816\n|move|p2a: Seismitoad|Power Whip|p1a: Eelektross\n|-damage|p1a: Eelektross|58\/100\n|move|p1a: Eelektross|Drain Punch|p2a: Seismitoad\n|-damage|p2a: Seismitoad|76\/100\n|-heal|p1a: Eelektross|70\/100|[from] drain|[of] p2a: Seismitoad\n|\n|-weather|RainDance|[upkeep]\n|-heal|p1a: Eelektross|76\/100|[from] item: Leftovers\n|upkeep\n|turn|3\n|\n|t:|1700904828\n|move|p2a: Seismitoad|Liquidation|p1a: Eelektross\n|-damage|p1a: Eelektross|14\/100\n|move|p1a: Eelektross|Dragon Tail|p2a: Seismitoad\n|-damage|p2a: Seismitoad|57\/100\n|drag|p2a: Serperior|Serperior, F, shiny|100\/100\n|\n|-weather|RainDance|[upkeep]\n|-heal|p1a: Eelektross|20\/100|[from] item: Leftovers\n|upkeep\n|turn|4\n|c|\u2606Rainer565|!weakness serperior\n|c| Rainer565|\/raw <div class=\"infobox\">Serperior (ignoring abilities):<br \/><span class=\"message-effect-weak\">Weaknesses<\/span>: Bug, Fire, Flying, Ice, Poison<br \/><span class=\"message-effect-resist\">Resistances<\/span>: Electric, Grass, Ground, Water<br \/><span class=\"message-effect-immune\">Immunities<\/span>: Powder moves<\/div>\n|\n|t:|1700904852\n|move|p2a: Serperior|Leaf Storm|p1a: Eelektross\n|-damage|p1a: Eelektross|0 fnt\n|-boost|p2a: Serperior|spa|2\n|faint|p1a: Eelektross\n|\n|-weather|RainDance|[upkeep]\n|upkeep\n|\n|t:|1700904858\n|switch|p1a: Ampharos|Ampharos, M|100\/100\n|turn|5\n|\n|t:|1700904879\n|detailschange|p1a: Ampharos|Ampharos-Mega, M\n|-mega|p1a: Ampharos|Ampharos|Ampharosite\n|-ability|p1a: Ampharos|Mold Breaker\n|move|p2a: Serperior|Leaf Storm|p1a: Ampharos\n|-resisted|p1a: Ampharos\n|-damage|p1a: Ampharos|71\/100\n|-boost|p2a: Serperior|spa|2\n|move|p1a: Ampharos|Dazzling Gleam|p2a: Serperior\n|-damage|p2a: Serperior|61\/100\n|\n|-weather|RainDance|[upkeep]\n|-heal|p2a: Serperior|67\/100|[from] item: Leftovers\n|upkeep\n|turn|6\n|\n|t:|1700904893\n|move|p2a: Serperior|Leech Seed|p1a: Ampharos\n|-start|p1a: Ampharos|move: Leech Seed\n|move|p1a: Ampharos|Dragon Tail|p2a: Serperior\n|-damage|p2a: Serperior|49\/100\n|drag|p2a: Pelipper|Pelipper, M, shiny|100\/100\n|\n|-weather|RainDance|[upkeep]\n|-damage|p1a: Ampharos|58\/100|[from] Leech Seed|[of] p2a: Pelipper\n|upkeep\n|turn|7\n|\n|t:|1700904909\n|switch|p2a: Seismitoad|Seismitoad, F, shiny|57\/100\n|move|p1a: Ampharos|Discharge|p2a: Seismitoad\n|-immune|p2a: Seismitoad\n|\n|-weather|RainDance|[upkeep]\n|-damage|p1a: Ampharos|46\/100|[from] Leech Seed|[of] p2a: Seismitoad\n|-heal|p2a: Seismitoad|70\/100|[silent]\n|upkeep\n|turn|8\n|\n|t:|1700904920\n|move|p2a: Seismitoad|Earthquake|p1a: Ampharos\n|-supereffective|p1a: Ampharos\n|-damage|p1a: Ampharos|0 fnt\n|faint|p1a: Ampharos\n|\n|-weather|none\n|upkeep\n|\n|t:|1700904926\n|switch|p1a: Tyranitar|Tyranitar, M|100\/100\n|-weather|Sandstorm|[from] ability: Sand Stream|[of] p1a: Tyranitar\n|turn|9\n|\n|t:|1700904941\n|move|p2a: Seismitoad|Earthquake|p1a: Tyranitar\n|-supereffective|p1a: Tyranitar\n|-damage|p1a: Tyranitar|23\/100\n|move|p1a: Tyranitar|Earthquake|p2a: Seismitoad\n|-damage|p2a: Seismitoad|20\/100\n|\n|-weather|Sandstorm|[upkeep]\n|upkeep\n|turn|10\n|\n|t:|1700904965\n|switch|p2a: Pelipper|Pelipper, M, shiny|100\/100\n|-weather|RainDance|[from] ability: Drizzle|[of] p2a: Pelipper\n|move|p1a: Tyranitar|Knock Off|p2a: Pelipper\n|-damage|p2a: Pelipper|35\/100\n|-enditem|p2a: Pelipper|Damp Rock|[from] move: Knock Off|[of] p1a: Tyranitar\n|\n|-weather|RainDance|[upkeep]\n|upkeep\n|turn|11\n|\n|t:|1700904978\n|move|p2a: Pelipper|Tailwind|p2a: Pelipper\n|-sidestart|p2: MrTRB|move: Tailwind\n|move|p1a: Tyranitar|Rock Blast|p2a: Pelipper\n|-supereffective|p2a: Pelipper\n|-damage|p2a: Pelipper|3\/100\n|-supereffective|p2a: Pelipper\n|-damage|p2a: Pelipper|0 fnt\n|faint|p2a: Pelipper\n|-hitcount|p2: Pelipper|2\n|\n|-weather|RainDance|[upkeep]\n|upkeep\n|\n|t:|1700904987\n|switch|p2a: Seismitoad|Seismitoad, F, shiny|20\/100\n|turn|12\n|\n|t:|1700904997\n|-terastallize|p1a: Tyranitar|Electric\n|move|p2a: Seismitoad|Liquidation|p1a: Tyranitar\n|-damage|p1a: Tyranitar|0 fnt\n|faint|p1a: Tyranitar\n|\n|-weather|RainDance|[upkeep]\n|upkeep\n|\n|t:|1700905002\n|switch|p1a: Dracozolt|Dracozolt|100\/100\n|turn|13\n|\n|t:|1700905008\n|move|p2a: Seismitoad|Earthquake|p1a: Dracozolt\n|-supereffective|p1a: Dracozolt\n|-damage|p1a: Dracozolt|0 fnt\n|faint|p1a: Dracozolt\n|\n|win|MrTRB\n|c|\u2606Rainer565|gg\n|c|\u2606MrTRB|gg\n","uploadtime":1700905018,"views":9,"p1id":"rainer565","p2id":"mrtrb","formatid":"gen9nationaldexubers","rating":0,"private":0,"password":""}