{"id":"gen9nationaldexubers-1993845352","p1":"85792195wwww","p2":"C0ld as Ice","format":"[Gen 9] National Dex Ubers","log":"|j|\u260685792195wwww\n|j|\u2606C0ld as Ice\n|t:|1700364481\n|gametype|singles\n|player|p1|85792195wwww|mira|1587\n|player|p2|C0ld as Ice|101|1879\n|teamsize|p1|6\n|teamsize|p2|6\n|gen|9\n|tier|[Gen 9] National Dex Ubers\n|rated|\n|rule|HP Percentage Mod: HP is shown in percentages\n|rule|Endless Battle Clause: Forcing endless battles is banned\n|rule|OHKO Clause: OHKO moves are banned\n|rule|Evasion Moves Clause: Evasion moves are banned\n|rule|Evasion Items Clause: Evasion items are banned\n|rule|Species Clause: Limit one of each Pok\u00e9mon\n|rule|Sleep Clause Mod: Limit one foe put to sleep\n|rule|Mega Rayquaza Clause: You cannot mega evolve Rayquaza\n|clearpoke\n|poke|p1|Arceus|\n|poke|p1|Zekrom|\n|poke|p1|Xerneas-*|\n|poke|p1|Mewtwo|\n|poke|p1|Deoxys-Speed|\n|poke|p1|Groudon|\n|poke|p2|Marshadow|\n|poke|p2|Ho-Oh|\n|poke|p2|Necrozma-Dusk-Mane|\n|poke|p2|Groudon, L99|\n|poke|p2|Arceus-Ground|\n|poke|p2|Yveltal|\n|teampreview\n|inactive|Battle timer is ON: inactive players will automatically lose when time's up. (requested by C0ld as Ice)\n|\n|t:|1700364495\n|start\n|switch|p1a: Deoxys|Deoxys-Speed|100\/100\n|switch|p2a: Ho-Oh|Ho-Oh, shiny|100\/100\n|-ability|p1a: Deoxys|Pressure\n|turn|1\n|\n|t:|1700364508\n|move|p1a: Deoxys|Stealth Rock|p2a: Ho-Oh\n|-sidestart|p2: C0ld as Ice|move: Stealth Rock\n|move|p2a: Ho-Oh|Sacred Fire|p1a: Deoxys\n|-damage|p1a: Deoxys|22\/100\n|-status|p1a: Deoxys|brn\n|\n|-damage|p1a: Deoxys|16\/100 brn|[from] brn\n|upkeep\n|turn|2\n|\n|t:|1700364527\n|switch|p2a: Yveltal|Yveltal, shiny|100\/100\n|-ability|p2a: Yveltal|Dark Aura\n|move|p1a: Deoxys|Skill Swap|p2a: Yveltal\n|-activate|p1a: Deoxys|move: Skill Swap|Dark Aura|Pressure|[of] p2a: Yveltal\n|-ability|p1a: Deoxys|Dark Aura\n|-ability|p2a: Yveltal|Pressure\n|\n|-damage|p1a: Deoxys|10\/100 brn|[from] brn\n|upkeep\n|turn|3\n|\n|t:|1700364542\n|move|p1a: Deoxys|Taunt|p2a: Yveltal\n|-start|p2a: Yveltal|move: Taunt\n|move|p2a: Yveltal|U-turn|p1a: Deoxys\n|-supereffective|p1a: Deoxys\n|-damage|p1a: Deoxys|0 fnt\n|-damage|p2a: Yveltal|84\/100|[from] item: Rocky Helmet|[of] p1a: Deoxys\n|faint|p1a: Deoxys\n|\n|t:|1700364557\n|switch|p2a: Groudon|Groudon, L99, shiny|100\/100|[from] U-turn\n|-damage|p2a: Groudon|94\/100|[from] Stealth Rock\n|detailschange|p2a: Groudon|Groudon-Primal, L99, shiny\n|-primal|p2a: Groudon|Red Orb\n|-weather|DesolateLand|[from] ability: Desolate Land|[of] p2a: Groudon\n|\n|-weather|DesolateLand|[upkeep]\n|upkeep\n|\n|t:|1700364583\n|switch|p1a: Mewtwo|Mewtwo|100\/100\n|-ability|p1a: Mewtwo|Pressure\n|turn|4\n|inactive|C0ld as Ice has 120 seconds left.\n|\n|t:|1700364603\n|move|p1a: Mewtwo|Earth Power|p2a: Groudon\n|-supereffective|p2a: Groudon\n|-damage|p2a: Groudon|10\/100\n|-damage|p1a: Mewtwo|91\/100|[from] item: Life Orb\n|move|p2a: Groudon|Dragon Tail|p1a: Mewtwo\n|-damage|p1a: Mewtwo|67\/100\n|drag|p1a: Zekrom|Zekrom|100\/100\n|-ability|p1a: Zekrom|Teravolt\n|\n|-weather|DesolateLand|[upkeep]\n|upkeep\n|turn|5\n|\n|t:|1700364615\n|move|p1a: Zekrom|Substitute|p1a: Zekrom\n|-start|p1a: Zekrom|Substitute\n|-damage|p1a: Zekrom|76\/100\n|move|p2a: Groudon|Precipice Blades|p1a: Zekrom\n|-supereffective|p1a: Zekrom\n|-end|p1a: Zekrom|Substitute\n|\n|-weather|DesolateLand|[upkeep]\n|upkeep\n|turn|6\n|\n|t:|1700364632\n|switch|p1a: Arceus|Arceus|100\/100\n|move|p2a: Groudon|Dragon Tail|p1a: Arceus\n|-damage|p1a: Arceus|82\/100\n|drag|p1a: Zekrom|Zekrom|76\/100\n|-ability|p1a: Zekrom|Teravolt\n|\n|-weather|DesolateLand|[upkeep]\n|upkeep\n|turn|7\n|\n|t:|1700364642\n|switch|p1a: Arceus|Arceus|82\/100\n|move|p2a: Groudon|Dragon Tail|p1a: Arceus|[miss]\n|-miss|p2a: Groudon|p1a: Arceus\n|\n|-weather|DesolateLand|[upkeep]\n|upkeep\n|turn|8\n|\n|t:|1700364653\n|-weather|none\n|switch|p2a: Yveltal|Yveltal, shiny|84\/100\n|-ability|p2a: Yveltal|Dark Aura\n|move|p1a: Arceus|Extreme Speed|p2a: Yveltal\n|-damage|p2a: Yveltal|46\/100\n|-damage|p1a: Arceus|72\/100|[from] item: Life Orb\n|\n|upkeep\n|turn|9\n|\n|t:|1700364664\n|switch|p1a: Zekrom|Zekrom|76\/100\n|-ability|p1a: Zekrom|Teravolt\n|move|p2a: Yveltal|Roost|p2a: Yveltal\n|-heal|p2a: Yveltal|96\/100\n|-singleturn|p2a: Yveltal|move: Roost\n|\n|upkeep\n|turn|10\n|\n|t:|1700364693\n|switch|p2a: Arceus|Arceus-Ground, shiny|100\/100\n|-damage|p2a: Arceus|94\/100|[from] Stealth Rock\n|move|p1a: Zekrom|Substitute|p1a: Zekrom\n|-start|p1a: Zekrom|Substitute\n|-damage|p1a: Zekrom|51\/100\n|\n|upkeep\n|turn|11\n|\n|t:|1700364701\n|move|p2a: Arceus|Judgment|p1a: Zekrom\n|-supereffective|p1a: Zekrom\n|-end|p1a: Zekrom|Substitute\n|move|p1a: Zekrom|Dragon Dance|p1a: Zekrom\n|-boost|p1a: Zekrom|atk|1\n|-boost|p1a: Zekrom|spe|1\n|\n|upkeep\n|turn|12\n|inactive|C0ld as Ice has 120 seconds left.\n|inactive|C0ld as Ice has 90 seconds left.\n|\n|t:|1700364777\n|move|p1a: Zekrom|Substitute|p1a: Zekrom\n|-start|p1a: Zekrom|Substitute\n|-damage|p1a: Zekrom|26\/100\n|move|p2a: Arceus|Judgment|p1a: Zekrom\n|-supereffective|p1a: Zekrom\n|-end|p1a: Zekrom|Substitute\n|\n|upkeep\n|turn|13\n|inactive|C0ld as Ice has 60 seconds left.\n|\n|t:|1700364829\n|switch|p2a: Groudon|Groudon-Primal, L99, shiny|10\/100\n|-damage|p2a: Groudon|0 fnt|[from] Stealth Rock\n|faint|p2a: Groudon\n|-zpower|p1a: Zekrom\n|move|p1a: Zekrom|Devastating Drake|p2: Groudon|[zeffect]|[notarget]\n|-fail|p1a: Zekrom\n|\n|upkeep\n|\n|t:|1700364831\n|switch|p2a: Marshadow|Marshadow|100\/100\n|-damage|p2a: Marshadow|94\/100|[from] Stealth Rock\n|turn|14\n|\n|t:|1700364844\n|switch|p1a: Arceus|Arceus|72\/100\n|move|p2a: Marshadow|Shadow Sneak|p1a: Arceus\n|-immune|p1a: Arceus\n|\n|upkeep\n|turn|15\n|\n|t:|1700364852\n|switch|p2a: Yveltal|Yveltal, shiny|96\/100\n|-ability|p2a: Yveltal|Dark Aura\n|switch|p1a: Zekrom|Zekrom|26\/100\n|-ability|p1a: Zekrom|Teravolt\n|\n|upkeep\n|turn|16\n|\n|t:|1700364864\n|switch|p2a: Arceus|Arceus-Ground, shiny|94\/100\n|-damage|p2a: Arceus|88\/100|[from] Stealth Rock\n|move|p1a: Zekrom|Substitute|p1a: Zekrom\n|-start|p1a: Zekrom|Substitute\n|-damage|p1a: Zekrom|1\/100\n|\n|upkeep\n|turn|17\n|\n|t:|1700364873\n|move|p2a: Arceus|Judgment|p1a: Zekrom\n|-supereffective|p1a: Zekrom\n|-crit|p1a: Zekrom\n|-end|p1a: Zekrom|Substitute\n|move|p1a: Zekrom|Dragon Dance|p1a: Zekrom\n|-boost|p1a: Zekrom|atk|1\n|-boost|p1a: Zekrom|spe|1\n|\n|upkeep\n|turn|18\n|\n|t:|1700364885\n|switch|p2a: Ho-Oh|Ho-Oh, shiny|100\/100\n|-damage|p2a: Ho-Oh|51\/100|[from] Stealth Rock\n|move|p1a: Zekrom|Outrage|p2a: Ho-Oh\n|-damage|p2a: Ho-Oh|0 fnt\n|faint|p2a: Ho-Oh\n|\n|upkeep\n|\n|t:|1700364886\n|switch|p2a: Marshadow|Marshadow|94\/100\n|-damage|p2a: Marshadow|88\/100|[from] Stealth Rock\n|turn|19\n|\n|t:|1700364898\n|move|p2a: Marshadow|Shadow Sneak|p1a: Zekrom\n|-damage|p1a: Zekrom|0 fnt\n|faint|p1a: Zekrom\n|\n|upkeep\n|\n|t:|1700364912\n|switch|p1a: Mewtwo|Mewtwo|67\/100\n|-ability|p1a: Mewtwo|Pressure\n|turn|20\n|inactive|C0ld as Ice has 90 seconds left.\n|\n|t:|1700364930\n|-terastallize|p1a: Mewtwo|Dark\n|-terastallize|p2a: Marshadow|Ghost\n|move|p2a: Marshadow|Shadow Sneak|p1a: Mewtwo\n|-resisted|p1a: Mewtwo\n|-damage|p1a: Mewtwo|34\/100\n|move|p1a: Mewtwo|Nasty Plot|p1a: Mewtwo\n|-boost|p1a: Mewtwo|spa|2\n|\n|upkeep\n|turn|21\n|inactive|C0ld as Ice has 90 seconds left.\n|\n|t:|1700364942\n|move|p2a: Marshadow|Shadow Sneak|p1a: Mewtwo\n|-resisted|p1a: Mewtwo\n|-damage|p1a: Mewtwo|0 fnt\n|faint|p1a: Mewtwo\n|\n|upkeep\n|\n|t:|1700364952\n|switch|p1a: Groudon|Groudon|100\/100\n|detailschange|p1a: Groudon|Groudon-Primal\n|-primal|p1a: Groudon|Red Orb\n|-weather|DesolateLand|[from] ability: Desolate Land|[of] p1a: Groudon\n|turn|22\n|\n|t:|1700364959\n|switch|p2a: Arceus|Arceus-Ground, shiny|88\/100\n|-damage|p2a: Arceus|82\/100|[from] Stealth Rock\n|move|p1a: Groudon|Rock Polish|p1a: Groudon\n|-boost|p1a: Groudon|spe|2\n|\n|-weather|DesolateLand|[upkeep]\n|upkeep\n|turn|23\n|\n|t:|1700364967\n|move|p1a: Groudon|Swords Dance|p1a: Groudon\n|-boost|p1a: Groudon|atk|2\n|move|p2a: Arceus|Judgment|p1a: Groudon\n|-supereffective|p1a: Groudon\n|-crit|p1a: Groudon\n|-damage|p1a: Groudon|0 fnt\n|faint|p1a: Groudon\n|-weather|none\n|\n|upkeep\n|-message|85792195wwww forfeited.\n|\n|win|C0ld as Ice\n|raw|85792195wwww's rating: 1587 &rarr; <strong>1581<\/strong><br \/>(-6 for losing)\n|raw|C0ld as Ice's rating: 1886 &rarr; <strong>1892<\/strong><br \/>(+6 for winning)\n|l|\u260685792195wwww\n","uploadtime":1700365496,"views":24,"p1id":"85792195wwww","p2id":"c0ldasice","formatid":"gen9nationaldexubers","rating":1581,"private":0,"password":""}