{"id":"gen9nationaldexubers-1989765437","p1":"electroshibe","p2":"Dashu16","format":"[Gen 9] National Dex Ubers","log":"|j|\u2606electroshibe\n|j|\u2606Dashu16\n|t:|1699893848\n|gametype|singles\n|player|p1|electroshibe|alec-anime|1132\n|player|p2|Dashu16|red|1178\n|teamsize|p1|6\n|teamsize|p2|6\n|gen|9\n|tier|[Gen 9] National Dex Ubers\n|rated|\n|rule|HP Percentage Mod: HP is shown in percentages\n|rule|Endless Battle Clause: Forcing endless battles is banned\n|rule|OHKO Clause: OHKO moves are banned\n|rule|Evasion Moves Clause: Evasion moves are banned\n|rule|Evasion Items Clause: Evasion items are banned\n|rule|Species Clause: Limit one of each Pok\u00e9mon\n|rule|Sleep Clause Mod: Limit one foe put to sleep\n|rule|Mega Rayquaza Clause: You cannot mega evolve Rayquaza\n|clearpoke\n|poke|p1|Ogerpon-Hearthflame, F|\n|poke|p1|Shaymin-Sky|\n|poke|p1|Maushold-Four|\n|poke|p1|Cyclizar, F|\n|poke|p1|Ninetales-Alola, F|\n|poke|p1|Samurott-Hisui, M|\n|poke|p2|Darkrai|\n|poke|p2|Necrozma-Dusk-Mane|\n|poke|p2|Zygarde|\n|poke|p2|Aron, L1, M|\n|poke|p2|Ditto|\n|poke|p2|Marshadow|\n|teampreview\n|\n|t:|1699893859\n|start\n|switch|p1a: Himmy D|Samurott-Hisui, M|100\/100\n|switch|p2a: Ser\u00e9 sincero Baki|Ditto, shiny|100\/100\n|-transform|p2a: Ser\u00e9 sincero Baki|p1a: Himmy D|[from] ability: Imposter\n|turn|1\n|inactive|Battle timer is ON: inactive players will automatically lose when time's up. (requested by Dashu16)\n|j| seisantube\n|\n|t:|1699893870\n|move|p1a: Himmy D|Ceaseless Edge|p2a: Ser\u00e9 sincero Baki\n|-resisted|p2a: Ser\u00e9 sincero Baki\n|-damage|p2a: Ser\u00e9 sincero Baki|70\/100\n|-sidestart|p2: Dashu16|Spikes\n|move|p2a: Ser\u00e9 sincero Baki|Razor Shell|p1a: Himmy D\n|-resisted|p1a: Himmy D\n|-damage|p1a: Himmy D|66\/100\n|-unboost|p1a: Himmy D|def|1\n|\n|upkeep\n|turn|2\n|\n|t:|1699893882\n|move|p1a: Himmy D|Ceaseless Edge|p2a: Ser\u00e9 sincero Baki\n|-resisted|p2a: Ser\u00e9 sincero Baki\n|-damage|p2a: Ser\u00e9 sincero Baki|38\/100\n|-sidestart|p2: Dashu16|Spikes\n|move|p2a: Ser\u00e9 sincero Baki|Air Slash|p1a: Himmy D\n|-damage|p1a: Himmy D|20\/100\n|\n|upkeep\n|turn|3\n|\n|t:|1699893890\n|move|p1a: Himmy D|Ceaseless Edge|p2a: Ser\u00e9 sincero Baki\n|-resisted|p2a: Ser\u00e9 sincero Baki\n|-damage|p2a: Ser\u00e9 sincero Baki|8\/100\n|-sidestart|p2: Dashu16|Spikes\n|move|p2a: Ser\u00e9 sincero Baki|Razor Shell|p1a: Himmy D\n|-resisted|p1a: Himmy D\n|-damage|p1a: Himmy D|0 fnt\n|faint|p1a: Himmy D\n|\n|upkeep\n|\n|t:|1699893902\n|switch|p1a: Disney|Maushold-Four|100\/100\n|turn|4\n|\n|t:|1699893913\n|switch|p2a: Bryant Myers|Marshadow|100\/100\n|-damage|p2a: Bryant Myers|76\/100|[from] Spikes\n|move|p1a: Disney|Population Bomb|p2a: Bryant Myers\n|-immune|p2a: Bryant Myers\n|\n|upkeep\n|turn|5\n|\n|t:|1699893927\n|move|p1a: Disney|Play Rough|p2a: Bryant Myers\n|-supereffective|p2a: Bryant Myers\n|-damage|p2a: Bryant Myers|15\/100\n|move|p2a: Bryant Myers|Low Kick|p1a: Disney\n|-supereffective|p1a: Disney\n|-damage|p1a: Disney|49\/100\n|\n|upkeep\n|turn|6\n|\n|t:|1699893938\n|move|p1a: Disney|Play Rough|p2a: Bryant Myers\n|-supereffective|p2a: Bryant Myers\n|-damage|p2a: Bryant Myers|0 fnt\n|faint|p2a: Bryant Myers\n|\n|upkeep\n|\n|t:|1699893950\n|switch|p2a: Zygarde|Zygarde, shiny|100\/100\n|-damage|p2a: Zygarde|75\/100|[from] Spikes\n|turn|7\n|\n|t:|1699893954\n|move|p1a: Disney|Population Bomb|p2a: Zygarde\n|-damage|p2a: Zygarde|69\/100\n|-damage|p2a: Zygarde|63\/100\n|-damage|p2a: Zygarde|57\/100\n|-damage|p2a: Zygarde|51\/100\n|-damage|p2a: Zygarde|45\/100\n|-damage|p2a: Zygarde|40\/100\n|-damage|p2a: Zygarde|33\/100\n|-damage|p2a: Zygarde|27\/100\n|-damage|p2a: Zygarde|21\/100\n|-damage|p2a: Zygarde|15\/100\n|-hitcount|p2a: Zygarde|10\n|move|p2a: Zygarde|Coil|p2a: Zygarde\n|-boost|p2a: Zygarde|atk|1\n|-boost|p2a: Zygarde|def|1\n|-boost|p2a: Zygarde|accuracy|1\n|\n|-heal|p2a: Zygarde|21\/100|[from] item: Leftovers\n|-activate|p2a: Zygarde|ability: Power Construct\n|detailschange|p2a: Zygarde|Zygarde-Complete, shiny\n|-heal|p2a: Zygarde|48\/100|[silent]\n|upkeep\n|turn|8\n|\n|t:|1699893979\n|move|p1a: Disney|Population Bomb|p2a: Zygarde\n|-damage|p2a: Zygarde|45\/100\n|-damage|p2a: Zygarde|42\/100\n|-damage|p2a: Zygarde|40\/100\n|-damage|p2a: Zygarde|37\/100\n|-damage|p2a: Zygarde|34\/100\n|-damage|p2a: Zygarde|31\/100\n|-damage|p2a: Zygarde|29\/100\n|-damage|p2a: Zygarde|26\/100\n|-damage|p2a: Zygarde|24\/100\n|-damage|p2a: Zygarde|21\/100\n|-hitcount|p2a: Zygarde|10\n|move|p2a: Zygarde|Rest|p2a: Zygarde\n|-status|p2a: Zygarde|slp|[from] move: Rest\n|-heal|p2a: Zygarde|100\/100 slp|[silent]\n|\n|upkeep\n|turn|9\n|inactive|Dashu16 has 120 seconds left.\n|\n|t:|1699894002\n|switch|p1a: Luna|Ninetales-Alola, F, shiny|100\/100\n|-weather|Snow|[from] ability: Snow Warning|[of] p1a: Luna\n|cant|p2a: Zygarde|slp\n|move|p2a: Zygarde|Sleep Talk|p2a: Zygarde\n|move|p2a: Zygarde|Rest||[from]move: Sleep Talk|[still]\n|-fail|p2a: Zygarde\n|\n|-weather|Snow|[upkeep]\n|upkeep\n|turn|10\n|inactive|Dashu16 has 120 seconds left.\n|\n|t:|1699894013\n|-terastallize|p2a: Zygarde|Fairy\n|move|p1a: Luna|Nasty Plot|p1a: Luna\n|-boost|p1a: Luna|spa|2\n|cant|p2a: Zygarde|slp\n|move|p2a: Zygarde|Sleep Talk|p2a: Zygarde\n|move|p2a: Zygarde|Thousand Arrows|p1a: Luna|[from]move: Sleep Talk\n|-damage|p1a: Luna|53\/100\n|\n|-weather|Snow|[upkeep]\n|upkeep\n|turn|11\n|inactive|Dashu16 has 120 seconds left.\n|\n|t:|1699894027\n|move|p1a: Luna|Draining Kiss|p2a: Zygarde\n|-damage|p2a: Zygarde|80\/100 slp\n|-heal|p1a: Luna|88\/100|[from] drain|[of] p2a: Zygarde\n|-curestatus|p2a: Zygarde|slp|[msg]\n|move|p2a: Zygarde|Coil|p2a: Zygarde\n|-boost|p2a: Zygarde|atk|1\n|-boost|p2a: Zygarde|def|1\n|-boost|p2a: Zygarde|accuracy|1\n|\n|-weather|Snow|[upkeep]\n|-heal|p2a: Zygarde|86\/100|[from] item: Leftovers\n|upkeep\n|turn|12\n|\n|t:|1699894036\n|move|p1a: Luna|Aurora Veil|p1a: Luna\n|-sidestart|p1: electroshibe|move: Aurora Veil\n|move|p2a: Zygarde|Thousand Arrows|p1a: Luna\n|-damage|p1a: Luna|55\/100\n|\n|-weather|Snow|[upkeep]\n|-heal|p2a: Zygarde|92\/100|[from] item: Leftovers\n|upkeep\n|turn|13\n|\n|t:|1699894043\n|move|p1a: Luna|Nasty Plot|p1a: Luna\n|-boost|p1a: Luna|spa|2\n|move|p2a: Zygarde|Thousand Arrows|p1a: Luna\n|-damage|p1a: Luna|26\/100\n|\n|-weather|none\n|-heal|p2a: Zygarde|98\/100|[from] item: Leftovers\n|upkeep\n|turn|14\n|\n|t:|1699894050\n|move|p1a: Luna|Draining Kiss|p2a: Zygarde\n|-crit|p2a: Zygarde\n|-damage|p2a: Zygarde|52\/100\n|-heal|p1a: Luna|100\/100|[from] drain|[of] p2a: Zygarde\n|move|p2a: Zygarde|Thousand Arrows|p1a: Luna\n|-damage|p1a: Luna|58\/100\n|\n|-heal|p2a: Zygarde|58\/100|[from] item: Leftovers\n|upkeep\n|turn|15\n|\n|t:|1699894059\n|move|p1a: Luna|Draining Kiss|p2a: Zygarde\n|-damage|p2a: Zygarde|26\/100\n|-heal|p1a: Luna|100\/100|[from] drain|[of] p2a: Zygarde\n|move|p2a: Zygarde|Rest|p2a: Zygarde\n|-status|p2a: Zygarde|slp|[from] move: Rest\n|-heal|p2a: Zygarde|100\/100 slp|[silent]\n|\n|upkeep\n|turn|16\n|\n|t:|1699894068\n|move|p1a: Luna|Nasty Plot|p1a: Luna\n|-boost|p1a: Luna|spa|2\n|cant|p2a: Zygarde|slp\n|move|p2a: Zygarde|Sleep Talk|p2a: Zygarde\n|move|p2a: Zygarde|Coil|p2a: Zygarde|[from]move: Sleep Talk\n|-boost|p2a: Zygarde|atk|1\n|-boost|p2a: Zygarde|def|1\n|-boost|p2a: Zygarde|accuracy|1\n|\n|upkeep\n|turn|17\n|\n|t:|1699894079\n|move|p1a: Luna|Draining Kiss|p2a: Zygarde\n|-damage|p2a: Zygarde|59\/100 slp\n|cant|p2a: Zygarde|slp\n|\n|-heal|p2a: Zygarde|65\/100 slp|[from] item: Leftovers\n|upkeep\n|turn|18\n|\n|t:|1699894087\n|move|p1a: Luna|Freeze-Dry|p2a: Zygarde\n|-damage|p2a: Zygarde|7\/100 slp\n|-curestatus|p2a: Zygarde|slp|[msg]\n|move|p2a: Zygarde|Coil|p2a: Zygarde\n|-boost|p2a: Zygarde|atk|1\n|-boost|p2a: Zygarde|def|1\n|-boost|p2a: Zygarde|accuracy|1\n|\n|-heal|p2a: Zygarde|13\/100|[from] item: Leftovers\n|upkeep\n|turn|19\n|\n|t:|1699894098\n|move|p1a: Luna|Freeze-Dry|p2a: Zygarde\n|-damage|p2a: Zygarde|0 fnt\n|faint|p2a: Zygarde\n|\n|-sideend|p1: electroshibe|move: Aurora Veil\n|upkeep\n|\n|t:|1699894112\n|switch|p2a: Necrozma|Necrozma-Dusk-Mane, shiny|100\/100\n|-damage|p2a: Necrozma|76\/100|[from] Spikes\n|turn|20\n|\n|t:|1699894120\n|move|p1a: Luna|Freeze-Dry|p2a: Necrozma\n|-resisted|p2a: Necrozma\n|-damage|p2a: Necrozma|35\/100\n|move|p2a: Necrozma|Trick Room|p2a: Necrozma\n|-fieldstart|move: Trick Room|[of] p2a: Necrozma\n|\n|upkeep\n|turn|21\n|\n|t:|1699894134\n|switch|p1a: Disney|Maushold-Four|49\/100\n|detailschange|p2a: Necrozma|Necrozma-Ultra, shiny\n|-burst|p2a: Necrozma|Necrozma|Ultranecrozium Z\n|move|p2a: Necrozma|Earthquake|p1a: Disney\n|-damage|p1a: Disney|0 fnt\n|faint|p1a: Disney\n|\n|upkeep\n|\n|t:|1699894152\n|switch|p1a: Unreliable|Shaymin-Sky|100\/100\n|turn|22\n|\n|t:|1699894161\n|-zpower|p2a: Necrozma\n|move|p2a: Necrozma|Light That Burns the Sky|p1a: Unreliable|[zeffect]\n|-enditem|p1a: Unreliable|Focus Sash\n|-damage|p1a: Unreliable|1\/100\n|move|p1a: Unreliable|Endeavor|p2a: Necrozma\n|-damage|p2a: Necrozma|1\/100\n|\n|upkeep\n|turn|23\n|\n|t:|1699894172\n|move|p1a: Unreliable|Quick Attack|p2a: Necrozma\n|-damage|p2a: Necrozma|0 fnt\n|faint|p2a: Necrozma\n|\n|upkeep\n|\n|t:|1699894180\n|switch|p2a: Darkrai|Darkrai, shiny|100\/100\n|-damage|p2a: Darkrai|76\/100|[from] Spikes\n|turn|24\n|\n|t:|1699894184\n|switch|p1a: Luna|Ninetales-Alola, F, shiny|100\/100\n|-weather|Snow|[from] ability: Snow Warning|[of] p1a: Luna\n|move|p2a: Darkrai|Dark Pulse|p1a: Luna\n|-resisted|p1a: Luna\n|-damage|p1a: Luna|74\/100\n|\n|-weather|Snow|[upkeep]\n|-fieldend|move: Trick Room\n|upkeep\n|turn|25\n|\n|t:|1699894193\n|move|p2a: Darkrai|Dark Void|p1a: Luna|[miss]\n|-miss|p2a: Darkrai|p1a: Luna\n|move|p1a: Luna|Aurora Veil|p1a: Luna\n|-sidestart|p1: electroshibe|move: Aurora Veil\n|\n|-weather|Snow|[upkeep]\n|upkeep\n|turn|26\n|\n|t:|1699894200\n|move|p2a: Darkrai|Dark Void|p1a: Luna\n|-status|p1a: Luna|slp|[from] move: Dark Void\n|cant|p1a: Luna|slp\n|\n|-weather|Snow|[upkeep]\n|-damage|p1a: Luna|62\/100 slp|[from] ability: Bad Dreams|[of] p2a: Darkrai\n|upkeep\n|turn|27\n|\n|t:|1699894207\n|move|p2a: Darkrai|Nasty Plot|p2a: Darkrai\n|-boost|p2a: Darkrai|spa|2\n|cant|p1a: Luna|slp\n|\n|-weather|Snow|[upkeep]\n|-damage|p1a: Luna|50\/100 slp|[from] ability: Bad Dreams|[of] p2a: Darkrai\n|upkeep\n|turn|28\n|\n|t:|1699894214\n|move|p2a: Darkrai|Dream Eater|p1a: Luna\n|-damage|p1a: Luna|10\/100 slp\n|-heal|p2a: Darkrai|96\/100|[from] drain|[of] p1a: Luna\n|-curestatus|p1a: Luna|slp|[msg]\n|move|p1a: Luna|Draining Kiss|p2a: Darkrai\n|-supereffective|p2a: Darkrai\n|-damage|p2a: Darkrai|49\/100\n|-heal|p1a: Luna|44\/100|[from] drain|[of] p2a: Darkrai\n|\n|-weather|none\n|upkeep\n|turn|29\n|\n|t:|1699894225\n|move|p2a: Darkrai|Dark Void|p1a: Luna|[miss]\n|-miss|p2a: Darkrai|p1a: Luna\n|move|p1a: Luna|Draining Kiss|p2a: Darkrai\n|-supereffective|p2a: Darkrai\n|-crit|p2a: Darkrai\n|-damage|p2a: Darkrai|0 fnt\n|-heal|p1a: Luna|80\/100|[from] drain|[of] p2a: Darkrai\n|faint|p2a: Darkrai\n|\n|upkeep\n|-message|Dashu16 forfeited.\n|\n|win|electroshibe\n|raw|electroshibe's rating: 1132 &rarr; <strong>1160<\/strong><br \/>(+28 for winning)\n|raw|Dashu16's rating: 1178 &rarr; <strong>1150<\/strong><br \/>(-28 for losing)\n|l|\u2606Dashu16\n","uploadtime":1699894246,"views":6,"p1id":"electroshibe","p2id":"dashu16","formatid":"gen9nationaldexubers","rating":1150,"private":0,"password":""}