{"id":"gen9nationaldexubers-1986582293","p1":"Razorgliscor472","p2":"XX_1nfinity_XX","format":"[Gen 9] National Dex Ubers","log":"|j|\u2606Razorgliscor472\n|j|\u2606XX_1nfinity_XX\n|t:|1699494467\n|gametype|singles\n|player|p1|Razorgliscor472|2|\n|player|p2|XX_1nfinity_XX|steven|\n|teamsize|p1|6\n|teamsize|p2|6\n|gen|9\n|tier|[Gen 9] National Dex Ubers\n|rule|HP Percentage Mod: HP is shown in percentages\n|rule|Endless Battle Clause: Forcing endless battles is banned\n|rule|OHKO Clause: OHKO moves are banned\n|rule|Evasion Moves Clause: Evasion moves are banned\n|rule|Evasion Items Clause: Evasion items are banned\n|rule|Species Clause: Limit one of each Pok\u00e9mon\n|rule|Sleep Clause Mod: Limit one foe put to sleep\n|rule|Mega Rayquaza Clause: You cannot mega evolve Rayquaza\n|clearpoke\n|poke|p1|Gliscor, M|\n|poke|p1|Garganacl, M|\n|poke|p1|Rotom-Wash|\n|poke|p1|Gholdengo|\n|poke|p1|Dragonite, M|\n|poke|p1|Sneasler, F|\n|poke|p2|Flutter Mane|\n|poke|p2|Skeledirge, F|\n|poke|p2|Golurk|\n|poke|p2|Corsola-Galar, M|\n|poke|p2|Sableye, M|\n|poke|p2|Mandibuzz, F|\n|teampreview\n|inactive|Battle timer is ON: inactive players will automatically lose when time's up. (requested by Razorgliscor472)\n|inactive|XX_1nfinity_XX also wants the timer to be on.\n|c|\u2606XX_1nfinity_XX|glhf\n|c|\u2606Razorgliscor472|U2\n|\n|t:|1699494497\n|start\n|switch|p1a: Sneasler|Sneasler, F|100\/100\n|switch|p2a: Sableye|Sableye, M|100\/100\n|turn|1\n|\n|t:|1699494513\n|switch|p1a: Rotom|Rotom-Wash|100\/100\n|move|p2a: Sableye|Thunder Wave|p1a: Rotom|[miss]\n|-miss|p2a: Sableye|p1a: Rotom\n|\n|upkeep\n|turn|2\n|\n|t:|1699494519\n|detailschange|p2a: Sableye|Sableye-Mega, M\n|-mega|p2a: Sableye|Sableye|Sablenite\n|move|p1a: Rotom|Volt Switch|p2a: Sableye\n|-damage|p2a: Sableye|83\/100\n|\n|t:|1699494527\n|switch|p1a: Garganacl|Garganacl, M|100\/100|[from] Volt Switch\n|move|p2a: Sableye|Knock Off|p1a: Garganacl\n|-damage|p1a: Garganacl|82\/100\n|-enditem|p1a: Garganacl|Leftovers|[from] move: Knock Off|[of] p2a: Sableye\n|\n|upkeep\n|turn|3\n|\n|t:|1699494532\n|switch|p2a: Corsola|Corsola-Galar, M|100\/100\n|move|p1a: Garganacl|Salt Cure|p2a: Corsola\n|-damage|p2a: Corsola|90\/100\n|-start|p2a: Corsola|Salt Cure\n|-start|p1a: Garganacl|Disable|Salt Cure|[from] ability: Cursed Body|[of] p2a: Corsola\n|\n|-damage|p2a: Corsola|78\/100|[from] Salt Cure\n|upkeep\n|turn|4\n|inactive|Razorgliscor472 has 270 seconds left.\n|\n|t:|1699494567\n|switch|p2a: Golurk|Golurk|100\/100\n|move|p1a: Garganacl|Stealth Rock|p2a: Golurk\n|-sidestart|p2: XX_1nfinity_XX|move: Stealth Rock\n|\n|upkeep\n|turn|5\n|inactive|Razorgliscor472 has 270 seconds left.\n|\n|t:|1699494575\n|switch|p1a: Rotom|Rotom-Wash|100\/100\n|move|p2a: Golurk|Rock Polish|p2a: Golurk\n|-boost|p2a: Golurk|spe|2\n|\n|upkeep\n|turn|6\n|\n|t:|1699494582\n|-terastallize|p2a: Golurk|Fighting\n|move|p2a: Golurk|Dynamic Punch|p1a: Rotom\n|-damage|p1a: Rotom|54\/100\n|-start|p1a: Rotom|confusion\n|-activate|p1a: Rotom|confusion\n|move|p1a: Rotom|Will-O-Wisp|p2a: Golurk\n|-status|p2a: Golurk|brn\n|\n|-heal|p1a: Rotom|60\/100|[from] item: Leftovers\n|-damage|p2a: Golurk|95\/100 brn|[from] brn\n|upkeep\n|turn|7\n|c|\u2606XX_1nfinity_XX|is that max def?\n|\n|t:|1699494599\n|switch|p1a: Gliscor|Gliscor, M|100\/100\n|move|p2a: Golurk|Poltergeist|p1a: Gliscor\n|-activate|p1a: Gliscor|move: Poltergeist|Toxic Orb\n|-damage|p1a: Gliscor|77\/100\n|\n|-heal|p2a: Golurk|100\/100 brn|[from] item: Leftovers\n|-damage|p2a: Golurk|95\/100 brn|[from] brn\n|-status|p1a: Gliscor|tox|[from] item: Toxic Orb\n|upkeep\n|turn|8\n|\n|t:|1699494613\n|move|p2a: Golurk|Poltergeist|p1a: Gliscor\n|-activate|p1a: Gliscor|move: Poltergeist|Toxic Orb\n|-damage|p1a: Gliscor|51\/100 tox\n|move|p1a: Gliscor|Swords Dance|p1a: Gliscor\n|-boost|p1a: Gliscor|atk|2\n|\n|-heal|p2a: Golurk|100\/100 brn|[from] item: Leftovers\n|-heal|p1a: Gliscor|63\/100 tox|[from] ability: Poison Heal\n|-damage|p2a: Golurk|95\/100 brn|[from] brn\n|upkeep\n|turn|9\n|\n|t:|1699494621\n|move|p2a: Golurk|Dynamic Punch|p1a: Gliscor\n|-resisted|p1a: Gliscor\n|-damage|p1a: Gliscor|53\/100 tox\n|-start|p1a: Gliscor|confusion\n|-activate|p1a: Gliscor|confusion\n|-damage|p1a: Gliscor|39\/100 tox|[from] confusion\n|\n|-heal|p2a: Golurk|100\/100 brn|[from] item: Leftovers\n|-heal|p1a: Gliscor|52\/100 tox|[from] ability: Poison Heal\n|-damage|p2a: Golurk|95\/100 brn|[from] brn\n|upkeep\n|turn|10\n|\n|t:|1699494629\n|move|p2a: Golurk|Poltergeist|p1a: Gliscor\n|-activate|p1a: Gliscor|move: Poltergeist|Toxic Orb\n|-damage|p1a: Gliscor|26\/100 tox\n|-activate|p1a: Gliscor|confusion\n|move|p1a: Gliscor|Roost|p1a: Gliscor\n|-heal|p1a: Gliscor|76\/100 tox\n|-singleturn|p1a: Gliscor|move: Roost\n|\n|-heal|p2a: Golurk|100\/100 brn|[from] item: Leftovers\n|-heal|p1a: Gliscor|89\/100 tox|[from] ability: Poison Heal\n|-damage|p2a: Golurk|95\/100 brn|[from] brn\n|upkeep\n|turn|11\n|\n|t:|1699494635\n|move|p2a: Golurk|Poltergeist|p1a: Gliscor\n|-activate|p1a: Gliscor|move: Poltergeist|Toxic Orb\n|-damage|p1a: Gliscor|65\/100 tox\n|-activate|p1a: Gliscor|confusion\n|-damage|p1a: Gliscor|50\/100 tox|[from] confusion\n|\n|-heal|p2a: Golurk|100\/100 brn|[from] item: Leftovers\n|-heal|p1a: Gliscor|62\/100 tox|[from] ability: Poison Heal\n|-damage|p2a: Golurk|95\/100 brn|[from] brn\n|upkeep\n|turn|12\n|\n|t:|1699494653\n|move|p2a: Golurk|Poltergeist|p1a: Gliscor\n|-activate|p1a: Gliscor|move: Poltergeist|Toxic Orb\n|-damage|p1a: Gliscor|37\/100 tox\n|-activate|p1a: Gliscor|confusion\n|-damage|p1a: Gliscor|24\/100 tox|[from] confusion\n|\n|-heal|p2a: Golurk|100\/100 brn|[from] item: Leftovers\n|-heal|p1a: Gliscor|36\/100 tox|[from] ability: Poison Heal\n|-damage|p2a: Golurk|95\/100 brn|[from] brn\n|upkeep\n|turn|13\n|inactive|Razorgliscor472 has 270 seconds left.\n|\n|t:|1699494692\n|move|p2a: Golurk|Poltergeist|p1a: Gliscor\n|-activate|p1a: Gliscor|move: Poltergeist|Toxic Orb\n|-damage|p1a: Gliscor|10\/100 tox\n|-end|p1a: Gliscor|confusion\n|move|p1a: Gliscor|Roost|p1a: Gliscor\n|-heal|p1a: Gliscor|60\/100 tox\n|-singleturn|p1a: Gliscor|move: Roost\n|\n|-heal|p2a: Golurk|100\/100 brn|[from] item: Leftovers\n|-heal|p1a: Gliscor|72\/100 tox|[from] ability: Poison Heal\n|-damage|p2a: Golurk|95\/100 brn|[from] brn\n|upkeep\n|turn|14\n|c|\u2606XX_1nfinity_XX|i am pretty sure confusion hurts more often if you attack is high\n|c|\u2606Razorgliscor472|It doesnt\n|c|\u2606Razorgliscor472|Just harder\n|c|\u2606XX_1nfinity_XX|or does it only affect the damage\n|c|\u2606XX_1nfinity_XX|ohh\n|\n|t:|1699494715\n|move|p2a: Golurk|Dynamic Punch|p1a: Gliscor\n|-resisted|p1a: Gliscor\n|-damage|p1a: Gliscor|60\/100 tox\n|-start|p1a: Gliscor|confusion\n|-activate|p1a: Gliscor|confusion\n|-damage|p1a: Gliscor|45\/100 tox|[from] confusion\n|\n|-heal|p2a: Golurk|100\/100 brn|[from] item: Leftovers\n|-heal|p1a: Gliscor|58\/100 tox|[from] ability: Poison Heal\n|-damage|p2a: Golurk|95\/100 brn|[from] brn\n|upkeep\n|turn|15\n|\n|t:|1699494722\n|move|p2a: Golurk|Poltergeist|p1a: Gliscor\n|-activate|p1a: Gliscor|move: Poltergeist|Toxic Orb\n|-damage|p1a: Gliscor|34\/100 tox\n|-end|p1a: Gliscor|confusion\n|move|p1a: Gliscor|Roost|p1a: Gliscor\n|-heal|p1a: Gliscor|84\/100 tox\n|-singleturn|p1a: Gliscor|move: Roost\n|\n|-heal|p2a: Golurk|100\/100 brn|[from] item: Leftovers\n|-heal|p1a: Gliscor|97\/100 tox|[from] ability: Poison Heal\n|-damage|p2a: Golurk|95\/100 brn|[from] brn\n|upkeep\n|turn|16\n|c|\u2606Razorgliscor472|Im just very unlucky\n|c|\u2606XX_1nfinity_XX|go one more sd trust\n|\n|t:|1699494736\n|move|p2a: Golurk|Dynamic Punch|p1a: Gliscor\n|-resisted|p1a: Gliscor\n|-damage|p1a: Gliscor|85\/100 tox\n|-start|p1a: Gliscor|confusion\n|-activate|p1a: Gliscor|confusion\n|move|p1a: Gliscor|Earthquake|p2a: Golurk\n|-damage|p2a: Golurk|17\/100 brn\n|\n|-heal|p2a: Golurk|23\/100 brn|[from] item: Leftovers\n|-heal|p1a: Gliscor|98\/100 tox|[from] ability: Poison Heal\n|-damage|p2a: Golurk|17\/100 brn|[from] brn\n|upkeep\n|turn|17\n|\n|t:|1699494741\n|switch|p2a: Mandibuzz|Mandibuzz, F|100\/100\n|-damage|p2a: Mandibuzz|76\/100|[from] Stealth Rock\n|-end|p1a: Gliscor|confusion\n|move|p1a: Gliscor|Earthquake|p2a: Mandibuzz\n|-immune|p2a: Mandibuzz\n|\n|-heal|p1a: Gliscor|100\/100 tox|[from] ability: Poison Heal\n|upkeep\n|turn|18\n|\n|t:|1699494746\n|move|p1a: Gliscor|Knock Off|p2a: Mandibuzz\n|-resisted|p2a: Mandibuzz\n|-damage|p2a: Mandibuzz|64\/100\n|-damage|p1a: Gliscor|84\/100 tox|[from] item: Rocky Helmet|[of] p2a: Mandibuzz\n|-enditem|p2a: Mandibuzz|Rocky Helmet|[from] move: Knock Off|[of] p1a: Gliscor\n|move|p2a: Mandibuzz|Defog|p1a: Gliscor\n|-unboost|p1a: Gliscor|evasion|1\n|-sideend|p2: XX_1nfinity_XX|Stealth Rock|[from] move: Defog|[of] p2a: Mandibuzz\n|\n|-heal|p1a: Gliscor|97\/100 tox|[from] ability: Poison Heal\n|upkeep\n|turn|19\n|\n|t:|1699494759\n|switch|p1a: Garganacl|Garganacl, M|82\/100\n|move|p2a: Mandibuzz|Roost|p2a: Mandibuzz\n|-heal|p2a: Mandibuzz|100\/100\n|-singleturn|p2a: Mandibuzz|move: Roost\n|\n|upkeep\n|turn|20\n|\n|t:|1699494763\n|switch|p2a: Golurk|Golurk, tera:Fighting|17\/100 brn\n|move|p1a: Garganacl|Salt Cure|p2a: Golurk\n|-resisted|p2a: Golurk\n|-damage|p2a: Golurk|7\/100 brn\n|-start|p2a: Golurk|Salt Cure\n|\n|-heal|p2a: Golurk|13\/100 brn|[from] item: Leftovers\n|-damage|p2a: Golurk|7\/100 brn|[from] brn\n|-damage|p2a: Golurk|0 fnt|[from] Salt Cure\n|faint|p2a: Golurk\n|upkeep\n|\n|t:|1699494771\n|switch|p2a: Flutter Mane|Flutter Mane|100\/100\n|turn|21\n|c|\u2606XX_1nfinity_XX|man stop using max def rotom please\n|inactive|Razorgliscor472 has 270 seconds left.\n|inactive|Razorgliscor472 has 240 seconds left.\n|\n|t:|1699494832\n|move|p1a: Garganacl|Protect|p1a: Garganacl\n|-singleturn|p1a: Garganacl|Protect\n|move|p2a: Flutter Mane|Substitute|p2a: Flutter Mane\n|-start|p2a: Flutter Mane|Substitute\n|-damage|p2a: Flutter Mane|76\/100\n|\n|upkeep\n|turn|22\n|inactive|Razorgliscor472 has 240 seconds left.\n|\n|t:|1699494849\n|switch|p1a: Gholdengo|Gholdengo|100\/100\n|move|p2a: Flutter Mane|Moonblast|p1a: Gholdengo\n|-resisted|p1a: Gholdengo\n|-damage|p1a: Gholdengo|73\/100\n|\n|upkeep\n|turn|23\n|inactive|Razorgliscor472 has 240 seconds left.\n|c|\u2606XX_1nfinity_XX|never seen substitute fluuter mane right\n|\n|t:|1699494859\n|move|p1a: Gholdengo|Shadow Ball|p2a: Flutter Mane\n|-supereffective|p2a: Flutter Mane\n|-end|p2a: Flutter Mane|Substitute\n|move|p2a: Flutter Mane|Hex|p1a: Gholdengo\n|-supereffective|p1a: Gholdengo\n|-damage|p1a: Gholdengo|0 fnt\n|faint|p1a: Gholdengo\n|\n|upkeep\n|inactive|Razorgliscor472 has 240 seconds left.\n|\n|t:|1699494873\n|switch|p1a: Gliscor|Gliscor, M|97\/100 tox\n|turn|24\n|inactive|Razorgliscor472 has 240 seconds left.\n|\n|t:|1699494880\n|-end|p2a: Flutter Mane|Protosynthesis|[silent]\n|switch|p2a: Mandibuzz|Mandibuzz, F|100\/100\n|move|p1a: Gliscor|Earthquake|p2a: Mandibuzz\n|-immune|p2a: Mandibuzz\n|\n|-heal|p1a: Gliscor|100\/100 tox|[from] ability: Poison Heal\n|upkeep\n|turn|25\n|inactive|Razorgliscor472 has 240 seconds left.\n|\n|t:|1699494892\n|switch|p1a: Rotom|Rotom-Wash|60\/100\n|move|p2a: Mandibuzz|Foul Play|p1a: Rotom\n|-damage|p1a: Rotom|43\/100\n|\n|-heal|p1a: Rotom|50\/100|[from] item: Leftovers\n|upkeep\n|turn|26\n|\n|t:|1699494901\n|switch|p2a: Corsola|Corsola-Galar, M|78\/100\n|move|p1a: Rotom|Pain Split|p2a: Corsola\n|-sethp|p2a: Corsola|62\/100|[from] move: Pain Split|[silent]\n|-sethp|p1a: Rotom|66\/100|[from] move: Pain Split\n|\n|-heal|p1a: Rotom|73\/100|[from] item: Leftovers\n|upkeep\n|turn|27\n|\n|t:|1699494905\n|move|p1a: Rotom|Will-O-Wisp|p2a: Corsola\n|-status|p2a: Corsola|brn\n|move|p2a: Corsola|Strength Sap|p1a: Rotom\n|-unboost|p1a: Rotom|atk|1\n|-heal|p2a: Corsola|100\/100 brn\n|\n|-heal|p1a: Rotom|79\/100|[from] item: Leftovers\n|-damage|p2a: Corsola|94\/100 brn|[from] brn\n|upkeep\n|turn|28\n|\n|t:|1699494914\n|move|p1a: Rotom|Volt Switch|p2a: Corsola\n|-damage|p2a: Corsola|80\/100 brn\n|-start|p1a: Rotom|Disable|Volt Switch|[from] ability: Cursed Body|[of] p2a: Corsola\n|inactive|Razorgliscor472 has 270 seconds left.\n|\n|t:|1699494939\n|switch|p1a: Garganacl|Garganacl, M|82\/100|[from] Volt Switch\n|move|p2a: Corsola|Will-O-Wisp|p1a: Garganacl\n|-immune|p1a: Garganacl|[from] ability: Purifying Salt\n|\n|-damage|p2a: Corsola|74\/100 brn|[from] brn\n|upkeep\n|turn|29\n|\n|t:|1699494943\n|move|p1a: Garganacl|Salt Cure|p2a: Corsola\n|-damage|p2a: Corsola|65\/100 brn\n|-start|p2a: Corsola|Salt Cure\n|move|p2a: Corsola|Night Shade|p1a: Garganacl\n|-damage|p1a: Garganacl|57\/100\n|\n|-damage|p2a: Corsola|59\/100 brn|[from] brn\n|-damage|p2a: Corsola|46\/100 brn|[from] Salt Cure\n|upkeep\n|turn|30\n|\n|t:|1699494949\n|move|p1a: Garganacl|Protect|p1a: Garganacl\n|-singleturn|p1a: Garganacl|Protect\n|move|p2a: Corsola|Strength Sap|p1a: Garganacl\n|-activate|p1a: Garganacl|move: Protect\n|\n|-damage|p2a: Corsola|40\/100 brn|[from] brn\n|-damage|p2a: Corsola|28\/100 brn|[from] Salt Cure\n|upkeep\n|turn|31\n|inactive|Razorgliscor472 has 270 seconds left.\n|\n|t:|1699494956\n|move|p1a: Garganacl|Stealth Rock|p2a: Corsola\n|-sidestart|p2: XX_1nfinity_XX|move: Stealth Rock\n|move|p2a: Corsola|Strength Sap|p1a: Garganacl\n|-unboost|p1a: Garganacl|atk|1\n|-heal|p2a: Corsola|100\/100 brn\n|\n|-damage|p2a: Corsola|94\/100 brn|[from] brn\n|-damage|p2a: Corsola|82\/100 brn|[from] Salt Cure\n|upkeep\n|turn|32\n|\n|t:|1699494963\n|move|p1a: Garganacl|Recover|p1a: Garganacl\n|-heal|p1a: Garganacl|100\/100\n|move|p2a: Corsola|Night Shade|p1a: Garganacl\n|-damage|p1a: Garganacl|76\/100\n|\n|-damage|p2a: Corsola|76\/100 brn|[from] brn\n|-damage|p2a: Corsola|63\/100 brn|[from] Salt Cure\n|upkeep\n|turn|33\n|\n|t:|1699494967\n|move|p1a: Garganacl|Protect|p1a: Garganacl\n|-singleturn|p1a: Garganacl|Protect\n|move|p2a: Corsola|Night Shade|p1a: Garganacl\n|-activate|p1a: Garganacl|move: Protect\n|\n|-damage|p2a: Corsola|57\/100 brn|[from] brn\n|-damage|p2a: Corsola|45\/100 brn|[from] Salt Cure\n|upkeep\n|turn|34\n|\n|t:|1699494987\n|switch|p1a: Rotom|Rotom-Wash|79\/100\n|move|p2a: Corsola|Strength Sap|p1a: Rotom\n|-unboost|p1a: Rotom|atk|1\n|-heal|p2a: Corsola|91\/100 brn\n|\n|-heal|p1a: Rotom|85\/100|[from] item: Leftovers\n|-damage|p2a: Corsola|85\/100 brn|[from] brn\n|-damage|p2a: Corsola|72\/100 brn|[from] Salt Cure\n|upkeep\n|turn|35\n|\n|t:|1699494995\n|move|p1a: Rotom|Volt Switch|p2a: Corsola\n|-damage|p2a: Corsola|60\/100 brn\n|-start|p1a: Rotom|Disable|Volt Switch|[from] ability: Cursed Body|[of] p2a: Corsola\n|\n|t:|1699495003\n|switch|p1a: Gliscor|Gliscor, M|100\/100 tox|[from] Volt Switch\n|move|p2a: Corsola|Night Shade|p1a: Gliscor\n|-damage|p1a: Gliscor|72\/100 tox\n|\n|-heal|p1a: Gliscor|85\/100 tox|[from] ability: Poison Heal\n|-damage|p2a: Corsola|54\/100 brn|[from] brn\n|-damage|p2a: Corsola|42\/100 brn|[from] Salt Cure\n|upkeep\n|turn|36\n|\n|t:|1699495010\n|switch|p1a: Rotom|Rotom-Wash|85\/100\n|move|p2a: Corsola|Strength Sap|p1a: Rotom\n|-unboost|p1a: Rotom|atk|1\n|-heal|p2a: Corsola|88\/100 brn\n|\n|-heal|p1a: Rotom|91\/100|[from] item: Leftovers\n|-damage|p2a: Corsola|82\/100 brn|[from] brn\n|-damage|p2a: Corsola|69\/100 brn|[from] Salt Cure\n|upkeep\n|turn|37\n|\n|t:|1699495016\n|move|p1a: Rotom|Volt Switch|p2a: Corsola\n|-damage|p2a: Corsola|57\/100 brn\n|\n|t:|1699495019\n|switch|p1a: Garganacl|Garganacl, M|76\/100|[from] Volt Switch\n|move|p2a: Corsola|Night Shade|p1a: Garganacl\n|-damage|p1a: Garganacl|51\/100\n|\n|-damage|p2a: Corsola|51\/100 brn|[from] brn\n|-damage|p2a: Corsola|39\/100 brn|[from] Salt Cure\n|upkeep\n|turn|38\n|\n|t:|1699495023\n|move|p1a: Garganacl|Protect|p1a: Garganacl\n|-singleturn|p1a: Garganacl|Protect\n|move|p2a: Corsola|Strength Sap|p1a: Garganacl\n|-activate|p1a: Garganacl|move: Protect\n|\n|-damage|p2a: Corsola|33\/100 brn|[from] brn\n|-damage|p2a: Corsola|20\/100 brn|[from] Salt Cure\n|upkeep\n|turn|39\n|c|\u2606XX_1nfinity_XX|corsola is funny\n|\n|t:|1699495037\n|move|p1a: Garganacl|Protect||[still]\n|-fail|p1a: Garganacl\n|move|p2a: Corsola|Strength Sap|p1a: Garganacl\n|-unboost|p1a: Garganacl|atk|1\n|-heal|p2a: Corsola|93\/100 brn\n|\n|-damage|p2a: Corsola|87\/100 brn|[from] brn\n|-damage|p2a: Corsola|75\/100 brn|[from] Salt Cure\n|upkeep\n|turn|40\n|\n|t:|1699495044\n|move|p1a: Garganacl|Recover|p1a: Garganacl\n|-heal|p1a: Garganacl|100\/100\n|move|p2a: Corsola|Night Shade|p1a: Garganacl\n|-damage|p1a: Garganacl|76\/100\n|\n|-damage|p2a: Corsola|68\/100 brn|[from] brn\n|-damage|p2a: Corsola|56\/100 brn|[from] Salt Cure\n|upkeep\n|turn|41\n|\n|t:|1699495053\n|move|p1a: Garganacl|Protect|p1a: Garganacl\n|-singleturn|p1a: Garganacl|Protect\n|move|p2a: Corsola|Strength Sap|p1a: Garganacl\n|-activate|p1a: Garganacl|move: Protect\n|\n|-damage|p2a: Corsola|50\/100 brn|[from] brn\n|-damage|p2a: Corsola|38\/100 brn|[from] Salt Cure\n|upkeep\n|turn|42\n|\n|t:|1699495056\n|switch|p1a: Rotom|Rotom-Wash|91\/100\n|move|p2a: Corsola|Strength Sap|p1a: Rotom\n|-unboost|p1a: Rotom|atk|1\n|-heal|p2a: Corsola|84\/100 brn\n|\n|-heal|p1a: Rotom|98\/100|[from] item: Leftovers\n|-damage|p2a: Corsola|77\/100 brn|[from] brn\n|-damage|p2a: Corsola|65\/100 brn|[from] Salt Cure\n|upkeep\n|turn|43\n|\n|t:|1699495060\n|move|p1a: Rotom|Hydro Pump|p2a: Corsola\n|-damage|p2a: Corsola|44\/100 brn\n|move|p2a: Corsola|Night Shade|p1a: Rotom\n|-damage|p1a: Rotom|65\/100\n|\n|-heal|p1a: Rotom|71\/100|[from] item: Leftovers\n|-damage|p2a: Corsola|38\/100 brn|[from] brn\n|-damage|p2a: Corsola|26\/100 brn|[from] Salt Cure\n|upkeep\n|turn|44\n|\n|t:|1699495067\n|move|p1a: Rotom|Hydro Pump|p2a: Corsola\n|-damage|p2a: Corsola|6\/100 brn\n|move|p2a: Corsola|Strength Sap|p1a: Rotom\n|-unboost|p1a: Rotom|atk|1\n|-heal|p2a: Corsola|37\/100 brn\n|\n|-heal|p1a: Rotom|77\/100|[from] item: Leftovers\n|-damage|p2a: Corsola|30\/100 brn|[from] brn\n|-damage|p2a: Corsola|18\/100 brn|[from] Salt Cure\n|upkeep\n|turn|45\n|\n|t:|1699495075\n|move|p1a: Rotom|Hydro Pump|p2a: Corsola\n|-damage|p2a: Corsola|0 fnt\n|faint|p2a: Corsola\n|\n|-heal|p1a: Rotom|83\/100|[from] item: Leftovers\n|upkeep\n|\n|t:|1699495089\n|switch|p2a: Sableye|Sableye-Mega, M|83\/100\n|-damage|p2a: Sableye|70\/100|[from] Stealth Rock\n|turn|46\n|c|\u2606Razorgliscor472|Long ass game\n|\n|t:|1699495092\n|move|p1a: Rotom|Volt Switch|p2a: Sableye\n|-damage|p2a: Sableye|51\/100\n|\n|t:|1699495099\n|switch|p1a: Gliscor|Gliscor, M|85\/100 tox|[from] Volt Switch\n|move|p2a: Sableye|Knock Off|p1a: Gliscor\n|-damage|p1a: Gliscor|60\/100 tox\n|-enditem|p1a: Gliscor|Toxic Orb|[from] move: Knock Off|[of] p2a: Sableye\n|\n|-heal|p1a: Gliscor|73\/100 tox|[from] ability: Poison Heal\n|upkeep\n|turn|47\n|\n|t:|1699495105\n|switch|p1a: Rotom|Rotom-Wash|83\/100\n|move|p2a: Sableye|Recover|p2a: Sableye\n|-heal|p2a: Sableye|100\/100\n|\n|-heal|p1a: Rotom|90\/100|[from] item: Leftovers\n|upkeep\n|turn|48\n|\n|t:|1699495110\n|move|p1a: Rotom|Volt Switch|p2a: Sableye\n|-damage|p2a: Sableye|82\/100\n|\n|t:|1699495113\n|switch|p1a: Garganacl|Garganacl, M|76\/100|[from] Volt Switch\n|move|p2a: Sableye|Knock Off|p1a: Garganacl\n|-damage|p1a: Garganacl|61\/100\n|\n|upkeep\n|turn|49\n|\n|t:|1699495120\n|move|p1a: Garganacl|Salt Cure|p2a: Sableye\n|-damage|p2a: Sableye|69\/100\n|-start|p2a: Sableye|Salt Cure\n|move|p2a: Sableye|Knock Off|p1a: Garganacl\n|-damage|p1a: Garganacl|48\/100\n|\n|-damage|p2a: Sableye|57\/100|[from] Salt Cure\n|upkeep\n|turn|50\n|\n|t:|1699495124\n|switch|p2a: Flutter Mane|Flutter Mane|76\/100\n|-damage|p2a: Flutter Mane|63\/100|[from] Stealth Rock\n|move|p1a: Garganacl|Recover|p1a: Garganacl\n|-heal|p1a: Garganacl|98\/100\n|\n|upkeep\n|turn|51\n|\n|t:|1699495129\n|switch|p1a: Rotom|Rotom-Wash|90\/100\n|move|p2a: Flutter Mane|Substitute|p2a: Flutter Mane\n|-start|p2a: Flutter Mane|Substitute\n|-damage|p2a: Flutter Mane|39\/100\n|\n|-heal|p1a: Rotom|96\/100|[from] item: Leftovers\n|upkeep\n|turn|52\n|\n|t:|1699495133\n|-zpower|p2a: Flutter Mane\n|move|p2a: Flutter Mane|Twinkle Tackle|p1a: Rotom|[zeffect]\n|-damage|p1a: Rotom|0 fnt\n|faint|p1a: Rotom\n|\n|upkeep\n|\n|t:|1699495143\n|switch|p1a: Dragonite|Dragonite, M|100\/100\n|turn|53\n|\n|t:|1699495153\n|-terastallize|p1a: Dragonite|Fire\n|move|p2a: Flutter Mane|Moonblast|p1a: Dragonite\n|-resisted|p1a: Dragonite\n|-damage|p1a: Dragonite|90\/100\n|move|p1a: Dragonite|Dragon Dance|p1a: Dragonite\n|-boost|p1a: Dragonite|atk|1\n|-boost|p1a: Dragonite|spe|1\n|\n|upkeep\n|turn|54\n|\n|t:|1699495166\n|move|p2a: Flutter Mane|Hex|p1a: Dragonite\n|-damage|p1a: Dragonite|60\/100\n|move|p1a: Dragonite|Dual Wingbeat|p2a: Flutter Mane|[miss]\n|-miss|p1a: Dragonite|p2a: Flutter Mane\n|\n|upkeep\n|turn|55\n|\n|t:|1699495172\n|move|p2a: Flutter Mane|Hex|p1a: Dragonite\n|-damage|p1a: Dragonite|26\/100\n|move|p1a: Dragonite|Dual Wingbeat|p2a: Flutter Mane\n|-end|p2a: Flutter Mane|Substitute\n|-damage|p2a: Flutter Mane|0 fnt\n|faint|p2a: Flutter Mane\n|-end|p2a: Flutter Mane|Protosynthesis|[silent]\n|-hitcount|p2: Flutter Mane|2\n|\n|upkeep\n|\n|t:|1699495181\n|switch|p2a: Mandibuzz|Mandibuzz, F|100\/100\n|-damage|p2a: Mandibuzz|76\/100|[from] Stealth Rock\n|turn|56\n|\n|t:|1699495189\n|switch|p1a: Garganacl|Garganacl, M|98\/100\n|move|p2a: Mandibuzz|Foul Play|p1a: Garganacl\n|-damage|p1a: Garganacl|76\/100\n|\n|upkeep\n|turn|57\n|\n|t:|1699495192\n|move|p2a: Mandibuzz|Defog|p1a: Garganacl\n|-unboost|p1a: Garganacl|evasion|1\n|-sideend|p2: XX_1nfinity_XX|Stealth Rock|[from] move: Defog|[of] p2a: Mandibuzz\n|move|p1a: Garganacl|Salt Cure|p2a: Mandibuzz\n|-supereffective|p2a: Mandibuzz\n|-damage|p2a: Mandibuzz|60\/100\n|-start|p2a: Mandibuzz|Salt Cure\n|\n|-damage|p2a: Mandibuzz|47\/100|[from] Salt Cure\n|upkeep\n|turn|58\n|\n|t:|1699495198\n|move|p1a: Garganacl|Protect|p1a: Garganacl\n|-singleturn|p1a: Garganacl|Protect\n|move|p2a: Mandibuzz|Roost|p2a: Mandibuzz\n|-heal|p2a: Mandibuzz|97\/100\n|-singleturn|p2a: Mandibuzz|move: Roost\n|\n|-damage|p2a: Mandibuzz|85\/100|[from] Salt Cure\n|upkeep\n|turn|59\n|c|\u2606XX_1nfinity_XX|yeah i lost\n|\n|t:|1699495203\n|switch|p2a: Sableye|Sableye-Mega, M|57\/100\n|move|p1a: Garganacl|Stealth Rock|p2a: Sableye\n|move|p2a: Sableye|Stealth Rock|p1a: Garganacl|[from]ability: Magic Bounce\n|-sidestart|p1: Razorgliscor472|move: Stealth Rock\n|\n|upkeep\n|turn|60\n|\n|t:|1699495206\n|move|p1a: Garganacl|Salt Cure|p2a: Sableye\n|-damage|p2a: Sableye|43\/100\n|-start|p2a: Sableye|Salt Cure\n|move|p2a: Sableye|Recover|p2a: Sableye\n|-heal|p2a: Sableye|94\/100\n|\n|-damage|p2a: Sableye|81\/100|[from] Salt Cure\n|upkeep\n|turn|61\n|\n|t:|1699495217\n|switch|p1a: Gliscor|Gliscor, M|73\/100 tox\n|-damage|p1a: Gliscor|60\/100 tox|[from] Stealth Rock\n|move|p2a: Sableye|Knock Off|p1a: Gliscor\n|-damage|p1a: Gliscor|43\/100 tox\n|\n|-heal|p1a: Gliscor|56\/100 tox|[from] ability: Poison Heal\n|-damage|p2a: Sableye|69\/100|[from] Salt Cure\n|upkeep\n|turn|62\n|\n|t:|1699495223\n|switch|p2a: Mandibuzz|Mandibuzz, F|85\/100\n|move|p1a: Gliscor|Swords Dance|p1a: Gliscor\n|-boost|p1a: Gliscor|atk|2\n|\n|-heal|p1a: Gliscor|68\/100 tox|[from] ability: Poison Heal\n|upkeep\n|turn|63\n|\n|t:|1699495229\n|move|p1a: Gliscor|Roost|p1a: Gliscor\n|-heal|p1a: Gliscor|100\/100 tox\n|-singleturn|p1a: Gliscor|move: Roost\n|move|p2a: Mandibuzz|Foul Play|p1a: Gliscor\n|-damage|p1a: Gliscor|52\/100 tox\n|\n|-heal|p1a: Gliscor|64\/100 tox|[from] ability: Poison Heal\n|upkeep\n|turn|64\n|c|\u2606XX_1nfinity_XX|maybe not\n|\n|t:|1699495238\n|move|p1a: Gliscor|Knock Off|p2a: Mandibuzz\n|-resisted|p2a: Mandibuzz\n|-damage|p2a: Mandibuzz|78\/100\n|move|p2a: Mandibuzz|Foul Play|p1a: Gliscor\n|-damage|p1a: Gliscor|11\/100 tox\n|\n|-heal|p1a: Gliscor|24\/100 tox|[from] ability: Poison Heal\n|upkeep\n|turn|65\n|\n|t:|1699495243\n|move|p1a: Gliscor|Roost|p1a: Gliscor\n|-heal|p1a: Gliscor|74\/100 tox\n|-singleturn|p1a: Gliscor|move: Roost\n|move|p2a: Mandibuzz|Foul Play|p1a: Gliscor\n|-damage|p1a: Gliscor|22\/100 tox\n|\n|-heal|p1a: Gliscor|34\/100 tox|[from] ability: Poison Heal\n|upkeep\n|turn|66\n|\n|t:|1699495252\n|switch|p1a: Dragonite|Dragonite, M, tera:Fire|26\/100\n|move|p2a: Mandibuzz|Foul Play|p1a: Dragonite\n|-damage|p1a: Dragonite|0 fnt\n|faint|p1a: Dragonite\n|\n|upkeep\n|\n|t:|1699495256\n|switch|p1a: Sneasler|Sneasler, F|100\/100\n|-damage|p1a: Sneasler|95\/100|[from] Stealth Rock\n|turn|67\n|\n|t:|1699495260\n|move|p1a: Sneasler|Dire Claw|p2a: Mandibuzz\n|-damage|p2a: Mandibuzz|41\/100\n|-status|p2a: Mandibuzz|psn\n|move|p2a: Mandibuzz|Foul Play|p1a: Sneasler\n|-resisted|p1a: Sneasler\n|-damage|p1a: Sneasler|53\/100\n|\n|-damage|p2a: Mandibuzz|29\/100 psn|[from] psn\n|upkeep\n|turn|68\n|\n|t:|1699495267\n|move|p1a: Sneasler|Dire Claw|p2a: Mandibuzz\n|-damage|p2a: Mandibuzz|0 fnt\n|faint|p2a: Mandibuzz\n|\n|upkeep\n|c|\u2606XX_1nfinity_XX|cmon\n|\n|t:|1699495273\n|switch|p2a: Skeledirge|Skeledirge, F|100\/100\n|turn|69\n|\n|t:|1699495276\n|move|p1a: Sneasler|Dire Claw|p2a: Skeledirge\n|-resisted|p2a: Skeledirge\n|-damage|p2a: Skeledirge|74\/100\n|-status|p2a: Skeledirge|psn|[from] ability: Poison Touch|[of] p1a: Sneasler\n|move|p2a: Skeledirge|Torch Song|p1a: Sneasler\n|-damage|p1a: Sneasler|10\/100\n|-boost|p2a: Skeledirge|spa|1\n|\n|-damage|p2a: Skeledirge|61\/100 psn|[from] psn\n|upkeep\n|turn|70\n|\n|t:|1699495281\n|move|p1a: Sneasler|Dire Claw|p2a: Skeledirge\n|-resisted|p2a: Skeledirge\n|-damage|p2a: Skeledirge|34\/100 psn\n|move|p2a: Skeledirge|Torch Song|p1a: Sneasler\n|-damage|p1a: Sneasler|0 fnt\n|-boost|p2a: Skeledirge|spa|1\n|faint|p1a: Sneasler\n|\n|-damage|p2a: Skeledirge|22\/100 psn|[from] psn\n|upkeep\n|\n|t:|1699495284\n|switch|p1a: Gliscor|Gliscor, M|34\/100 tox\n|-damage|p1a: Gliscor|22\/100 tox|[from] Stealth Rock\n|turn|71\n|\n|t:|1699495287\n|move|p1a: Gliscor|Earthquake|p2a: Skeledirge\n|-supereffective|p2a: Skeledirge\n|-damage|p2a: Skeledirge|0 fnt\n|faint|p2a: Skeledirge\n|\n|-heal|p1a: Gliscor|34\/100 tox|[from] ability: Poison Heal\n|upkeep\n|\n|t:|1699495290\n|switch|p2a: Sableye|Sableye-Mega, M|69\/100\n|turn|72\n|\n|t:|1699495293\n|move|p1a: Gliscor|Roost|p1a: Gliscor\n|-heal|p1a: Gliscor|84\/100 tox\n|-singleturn|p1a: Gliscor|move: Roost\n|move|p2a: Sableye|Knock Off|p1a: Gliscor\n|-damage|p1a: Gliscor|69\/100 tox\n|\n|-heal|p1a: Gliscor|81\/100 tox|[from] ability: Poison Heal\n|upkeep\n|turn|73\n|\n|t:|1699495296\n|move|p1a: Gliscor|Swords Dance|p1a: Gliscor\n|-boost|p1a: Gliscor|atk|2\n|move|p2a: Sableye|Knock Off|p1a: Gliscor\n|-damage|p1a: Gliscor|64\/100 tox\n|\n|-heal|p1a: Gliscor|76\/100 tox|[from] ability: Poison Heal\n|upkeep\n|turn|74\n|\n|t:|1699495299\n|move|p1a: Gliscor|Earthquake|p2a: Sableye\n|-damage|p2a: Sableye|3\/100\n|move|p2a: Sableye|Knock Off|p1a: Gliscor\n|-damage|p1a: Gliscor|61\/100 tox\n|\n|-heal|p1a: Gliscor|73\/100 tox|[from] ability: Poison Heal\n|upkeep\n|turn|75\n|c|\u2606Razorgliscor472|Gg\n|c|\u2606XX_1nfinity_XX|ggs\n|\n|t:|1699495305\n|move|p1a: Gliscor|Earthquake|p2a: Sableye\n|-damage|p2a: Sableye|0 fnt\n|faint|p2a: Sableye\n|\n|win|Razorgliscor472\n","uploadtime":1699495310,"views":6,"p1id":"razorgliscor472","p2id":"xx1nfinityxx","formatid":"gen9nationaldexubers","rating":0,"private":0,"password":""}