{"id":"gen9nationaldexubers-1984009041","p1":"EVIL-M0DE\ufe0f\ufe0f\ufe0f\ufe0f\ufe0f\u25aa\ufe0f","p2":"professor_nik","format":"[Gen 9] National Dex Ubers","log":"|j|\u2606EVIL-M0DE\ufe0f\ufe0f\ufe0f\ufe0f\ufe0f\u25aa\ufe0f\n|j|\u2606professor_nik\n|t:|1699209373\n|gametype|singles\n|player|p1|EVIL-M0DE\ufe0f\ufe0f\ufe0f\ufe0f\ufe0f\u25aa\ufe0f|guitarist|1148\n|player|p2|professor_nik|shadowtriad|1152\n|teamsize|p1|6\n|teamsize|p2|6\n|gen|9\n|tier|[Gen 9] National Dex Ubers\n|rated|\n|rule|HP Percentage Mod: HP is shown in percentages\n|rule|Endless Battle Clause: Forcing endless battles is banned\n|rule|OHKO Clause: OHKO moves are banned\n|rule|Evasion Moves Clause: Evasion moves are banned\n|rule|Evasion Items Clause: Evasion items are banned\n|rule|Species Clause: Limit one of each Pok\u00e9mon\n|rule|Sleep Clause Mod: Limit one foe put to sleep\n|rule|Mega Rayquaza Clause: You cannot mega evolve Rayquaza\n|clearpoke\n|poke|p1|Chien-Pao|\n|poke|p1|Roaring Moon|\n|poke|p1|Sharpedo, M|\n|poke|p1|Silvally-*|\n|poke|p1|Kingambit, M|\n|poke|p1|Moltres-Galar|\n|poke|p2|Skarmory, M|\n|poke|p2|Mantine, F|\n|poke|p2|Kartana|\n|poke|p2|Pheromosa|\n|poke|p2|Magearna|\n|poke|p2|Excadrill, F|\n|teampreview\n|\n|t:|1699209381\n|start\n|switch|p1a: \u26ab\ufe0fSHARPEDO\u26ab\ufe0f|Sharpedo, M|100\/100\n|switch|p2a: Excadrill|Excadrill, F, shiny|100\/100\n|-ability|p2a: Excadrill|Mold Breaker\n|turn|1\n|\n|t:|1699209392\n|-terastallize|p2a: Excadrill|Flying\n|move|p1a: \u26ab\ufe0fSHARPEDO\u26ab\ufe0f|Dark Pulse|p2a: Excadrill\n|-damage|p2a: Excadrill|66\/100\n|move|p2a: Excadrill|Swords Dance|p2a: Excadrill\n|-boost|p2a: Excadrill|atk|2\n|\n|-ability|p1a: \u26ab\ufe0fSHARPEDO\u26ab\ufe0f|Speed Boost|boost\n|-boost|p1a: \u26ab\ufe0fSHARPEDO\u26ab\ufe0f|spe|1\n|upkeep\n|turn|2\n|\n|t:|1699209409\n|detailschange|p1a: \u26ab\ufe0fSHARPEDO\u26ab\ufe0f|Sharpedo-Mega, M\n|-mega|p1a: \u26ab\ufe0fSHARPEDO\u26ab\ufe0f|Sharpedo|Sharpedonite\n|move|p1a: \u26ab\ufe0fSHARPEDO\u26ab\ufe0f|Crunch|p2a: Excadrill\n|-damage|p2a: Excadrill|0 fnt\n|faint|p2a: Excadrill\n|\n|upkeep\n|\n|t:|1699209417\n|switch|p2a: Skarmory|Skarmory, M, shiny|100\/100\n|turn|3\n|\n|t:|1699209424\n|move|p1a: \u26ab\ufe0fSHARPEDO\u26ab\ufe0f|Crunch|p2a: Skarmory\n|-damage|p2a: Skarmory|56\/100\n|move|p2a: Skarmory|Taunt|p1a: \u26ab\ufe0fSHARPEDO\u26ab\ufe0f\n|-start|p1a: \u26ab\ufe0fSHARPEDO\u26ab\ufe0f|move: Taunt\n|\n|-heal|p2a: Skarmory|62\/100|[from] item: Leftovers\n|upkeep\n|turn|4\n|\n|t:|1699209436\n|move|p1a: \u26ab\ufe0fSHARPEDO\u26ab\ufe0f|Crunch|p2a: Skarmory\n|-damage|p2a: Skarmory|16\/100\n|move|p2a: Skarmory|Roost|p2a: Skarmory\n|-heal|p2a: Skarmory|66\/100\n|-singleturn|p2a: Skarmory|move: Roost\n|\n|-heal|p2a: Skarmory|72\/100|[from] item: Leftovers\n|upkeep\n|turn|5\n|\n|t:|1699209446\n|move|p1a: \u26ab\ufe0fSHARPEDO\u26ab\ufe0f|Crunch|p2a: Skarmory\n|-damage|p2a: Skarmory|28\/100\n|move|p2a: Skarmory|Roost|p2a: Skarmory\n|-heal|p2a: Skarmory|78\/100\n|-singleturn|p2a: Skarmory|move: Roost\n|\n|-heal|p2a: Skarmory|84\/100|[from] item: Leftovers\n|upkeep\n|turn|6\n|\n|t:|1699209458\n|move|p1a: \u26ab\ufe0fSHARPEDO\u26ab\ufe0f|Crunch|p2a: Skarmory\n|-damage|p2a: Skarmory|45\/100\n|-unboost|p2a: Skarmory|def|1\n|move|p2a: Skarmory|Brave Bird|p1a: \u26ab\ufe0fSHARPEDO\u26ab\ufe0f\n|-damage|p1a: \u26ab\ufe0fSHARPEDO\u26ab\ufe0f|40\/100\n|-damage|p2a: Skarmory|28\/100|[from] Recoil\n|\n|-heal|p2a: Skarmory|34\/100|[from] item: Leftovers\n|-end|p1a: \u26ab\ufe0fSHARPEDO\u26ab\ufe0f|move: Taunt\n|upkeep\n|turn|7\n|\n|t:|1699209470\n|move|p1a: \u26ab\ufe0fSHARPEDO\u26ab\ufe0f|Crunch|p2a: Skarmory\n|-damage|p2a: Skarmory|0 fnt\n|faint|p2a: Skarmory\n|\n|upkeep\n|\n|t:|1699209477\n|switch|p2a: Kartana|Kartana, shiny|100\/100\n|turn|8\n|\n|t:|1699209482\n|move|p1a: \u26ab\ufe0fSHARPEDO\u26ab\ufe0f|Crunch|p2a: Kartana\n|-damage|p2a: Kartana|29\/100\n|move|p2a: Kartana|Leaf Blade|p1a: \u26ab\ufe0fSHARPEDO\u26ab\ufe0f\n|-supereffective|p1a: \u26ab\ufe0fSHARPEDO\u26ab\ufe0f\n|-crit|p1a: \u26ab\ufe0fSHARPEDO\u26ab\ufe0f\n|-damage|p1a: \u26ab\ufe0fSHARPEDO\u26ab\ufe0f|0 fnt\n|faint|p1a: \u26ab\ufe0fSHARPEDO\u26ab\ufe0f\n|-ability|p2a: Kartana|Beast Boost|boost\n|-boost|p2a: Kartana|atk|1\n|-damage|p2a: Kartana|19\/100|[from] item: Life Orb\n|\n|upkeep\n|\n|t:|1699209502\n|switch|p1a: \u26ab\ufe0fROARING MOON\u26ab\ufe0f\ud83d\udc79|Roaring Moon|100\/100\n|-enditem|p1a: \u26ab\ufe0fROARING MOON\u26ab\ufe0f\ud83d\udc79|Booster Energy\n|-activate|p1a: \u26ab\ufe0fROARING MOON\u26ab\ufe0f\ud83d\udc79|ability: Protosynthesis|[fromitem]\n|-start|p1a: \u26ab\ufe0fROARING MOON\u26ab\ufe0f\ud83d\udc79|protosynthesisatk\n|turn|9\n|\n|t:|1699209511\n|move|p2a: Kartana|Leaf Blade|p1a: \u26ab\ufe0fROARING MOON\u26ab\ufe0f\ud83d\udc79\n|-resisted|p1a: \u26ab\ufe0fROARING MOON\u26ab\ufe0f\ud83d\udc79\n|-damage|p1a: \u26ab\ufe0fROARING MOON\u26ab\ufe0f\ud83d\udc79|28\/100\n|-damage|p2a: Kartana|9\/100|[from] item: Life Orb\n|move|p1a: \u26ab\ufe0fROARING MOON\u26ab\ufe0f\ud83d\udc79|Dragon Dance|p1a: \u26ab\ufe0fROARING MOON\u26ab\ufe0f\ud83d\udc79\n|-boost|p1a: \u26ab\ufe0fROARING MOON\u26ab\ufe0f\ud83d\udc79|atk|1\n|-boost|p1a: \u26ab\ufe0fROARING MOON\u26ab\ufe0f\ud83d\udc79|spe|1\n|\n|upkeep\n|turn|10\n|\n|t:|1699209521\n|move|p1a: \u26ab\ufe0fROARING MOON\u26ab\ufe0f\ud83d\udc79|Crunch|p2a: Kartana\n|-damage|p2a: Kartana|0 fnt\n|faint|p2a: Kartana\n|\n|upkeep\n|\n|t:|1699209526\n|switch|p2a: Pheromosa|Pheromosa, shiny|100\/100\n|turn|11\n|\n|t:|1699209531\n|move|p2a: Pheromosa|U-turn|p1a: \u26ab\ufe0fROARING MOON\u26ab\ufe0f\ud83d\udc79\n|-supereffective|p1a: \u26ab\ufe0fROARING MOON\u26ab\ufe0f\ud83d\udc79\n|-damage|p1a: \u26ab\ufe0fROARING MOON\u26ab\ufe0f\ud83d\udc79|0 fnt\n|faint|p1a: \u26ab\ufe0fROARING MOON\u26ab\ufe0f\ud83d\udc79\n|-end|p1a: \u26ab\ufe0fROARING MOON\u26ab\ufe0f\ud83d\udc79|Protosynthesis|[silent]\n|-ability|p2a: Pheromosa|Beast Boost|boost\n|-boost|p2a: Pheromosa|atk|1\n|\n|t:|1699209535\n|switch|p2a: Mantine|Mantine, F, shiny|100\/100|[from] U-turn\n|\n|upkeep\n|\n|t:|1699209540\n|switch|p1a: \u26ab\ufe0fCHIEN-PAO\u26ab\ufe0f\ud83d\udd95|Chien-Pao|100\/100\n|-ability|p1a: \u26ab\ufe0fCHIEN-PAO\u26ab\ufe0f\ud83d\udd95|Sword of Ruin\n|turn|12\n|\n|t:|1699209557\n|move|p1a: \u26ab\ufe0fCHIEN-PAO\u26ab\ufe0f\ud83d\udd95|Swords Dance|p1a: \u26ab\ufe0fCHIEN-PAO\u26ab\ufe0f\ud83d\udd95\n|-boost|p1a: \u26ab\ufe0fCHIEN-PAO\u26ab\ufe0f\ud83d\udd95|atk|2\n|move|p2a: Mantine|Roost||[still]\n|-fail|p2a: Mantine|heal\n|\n|upkeep\n|turn|13\n|\n|t:|1699209565\n|-terastallize|p1a: \u26ab\ufe0fCHIEN-PAO\u26ab\ufe0f\ud83d\udd95|Dark\n|move|p1a: \u26ab\ufe0fCHIEN-PAO\u26ab\ufe0f\ud83d\udd95|Crunch|p2a: Mantine\n|-crit|p2a: Mantine\n|-damage|p2a: Mantine|0 fnt\n|faint|p2a: Mantine\n|\n|upkeep\n|\n|t:|1699209567\n|switch|p2a: Pheromosa|Pheromosa, shiny|100\/100\n|turn|14\n|\n|t:|1699209574\n|move|p1a: \u26ab\ufe0fCHIEN-PAO\u26ab\ufe0f\ud83d\udd95|Sucker Punch|p2a: Pheromosa\n|-resisted|p2a: Pheromosa\n|-damage|p2a: Pheromosa|0 fnt\n|faint|p2a: Pheromosa\n|\n|upkeep\n|\n|t:|1699209581\n|switch|p2a: Magearna|Magearna|100\/100\n|turn|15\n|\n|t:|1699209584\n|move|p1a: \u26ab\ufe0fCHIEN-PAO\u26ab\ufe0f\ud83d\udd95|Crunch|p2a: Magearna\n|-resisted|p2a: Magearna\n|-damage|p2a: Magearna|1\/100\n|-zpower|p2a: Magearna\n|move|p2a: Magearna|Corkscrew Crash|p1a: \u26ab\ufe0fCHIEN-PAO\u26ab\ufe0f\ud83d\udd95|[zeffect]\n|-damage|p1a: \u26ab\ufe0fCHIEN-PAO\u26ab\ufe0f\ud83d\udd95|0 fnt\n|faint|p1a: \u26ab\ufe0fCHIEN-PAO\u26ab\ufe0f\ud83d\udd95\n|-ability|p2a: Magearna|Soul-Heart|boost\n|-boost|p2a: Magearna|spa|1\n|\n|upkeep\n|\n|t:|1699209595\n|switch|p1a: \u26ab\ufe0fSILVALLY--EVIL\u26ab\ufe0f|Silvally-Dark|100\/100\n|turn|16\n|\n|t:|1699209601\n|move|p1a: \u26ab\ufe0fSILVALLY--EVIL\u26ab\ufe0f|Multi-Attack|p2a: Magearna\n|-resisted|p2a: Magearna\n|-damage|p2a: Magearna|0 fnt\n|faint|p2a: Magearna\n|\n|win|EVIL-M0DE\ufe0f\ufe0f\ufe0f\ufe0f\ufe0f\u25aa\ufe0f\n|raw|EVIL-M0DE\ufe0f\ufe0f\ufe0f\ufe0f\ufe0f\u25aa\ufe0f's rating: 1148 &rarr; <strong>1173<\/strong><br \/>(+25 for winning)\n|raw|professor_nik's rating: 1152 &rarr; <strong>1127<\/strong><br \/>(-25 for losing)\n|l|\u2606professor_nik\n","uploadtime":1699209860,"views":5,"p1id":"evilm0de","p2id":"professornik","formatid":"gen9nationaldexubers","rating":1127,"private":0,"password":""}