{"id":"gen9nationaldexubers-1978081194","p1":"MommyMikuNakano","p2":"yangwenyuxian","format":"[Gen 9] National Dex Ubers","log":"|j|\u2606MommyMikuNakano\n|j|\u2606yangwenyuxian\n|t:|1698496508\n|gametype|singles\n|player|p1|MommyMikuNakano|erika-gen1|1741\n|player|p2|yangwenyuxian|skierf-gen4dp|1651\n|teamsize|p1|6\n|teamsize|p2|6\n|gen|9\n|tier|[Gen 9] National Dex Ubers\n|rated|\n|rule|HP Percentage Mod: HP is shown in percentages\n|rule|Endless Battle Clause: Forcing endless battles is banned\n|rule|OHKO Clause: OHKO moves are banned\n|rule|Evasion Moves Clause: Evasion moves are banned\n|rule|Evasion Items Clause: Evasion items are banned\n|rule|Species Clause: Limit one of each Pok\u00e9mon\n|rule|Sleep Clause Mod: Limit one foe put to sleep\n|rule|Mega Rayquaza Clause: You cannot mega evolve Rayquaza\n|clearpoke\n|poke|p1|Mewtwo|\n|poke|p1|Ditto|\n|poke|p1|Magearna|\n|poke|p1|Kingambit, M|\n|poke|p1|Arceus-Fairy|\n|poke|p1|Groudon|\n|poke|p2|Zacian-*|\n|poke|p2|Zygarde|\n|poke|p2|Salamence, M|\n|poke|p2|Lugia|\n|poke|p2|Groudon|\n|poke|p2|Necrozma-Dusk-Mane|\n|teampreview\n|inactive|Battle timer is ON: inactive players will automatically lose when time's up. (requested by yangwenyuxian)\n|inactive|MommyMikuNakano also wants the timer to be on.\n|\n|t:|1698496520\n|start\n|switch|p1a: Groudon|Groudon|100\/100\n|switch|p2a: Groudon|Groudon|100\/100\n|detailschange|p1a: Groudon|Groudon-Primal\n|-primal|p1a: Groudon|Red Orb\n|-weather|DesolateLand|[from] ability: Desolate Land|[of] p1a: Groudon\n|detailschange|p2a: Groudon|Groudon-Primal\n|-primal|p2a: Groudon|Red Orb\n|turn|1\n|j| utsudere\n|\n|t:|1698496539\n|move|p1a: Groudon|Earthquake|p2a: Groudon\n|-supereffective|p2a: Groudon\n|-damage|p2a: Groudon|32\/100\n|move|p2a: Groudon|Earthquake|p1a: Groudon\n|-supereffective|p1a: Groudon\n|-damage|p1a: Groudon|0 fnt\n|faint|p1a: Groudon\n|\n|-weather|DesolateLand|[upkeep]\n|upkeep\n|\n|t:|1698496555\n|switch|p1a: Mewtwo|Mewtwo|100\/100\n|-ability|p1a: Mewtwo|Pressure\n|turn|2\n|\n|t:|1698496565\n|-weather|none\n|switch|p2a: Necrozma|Necrozma-Dusk-Mane|100\/100\n|detailschange|p1a: Mewtwo|Mewtwo-Mega-X\n|-mega|p1a: Mewtwo|Mewtwo|Mewtwonite X\n|move|p1a: Mewtwo|Low Kick|p2a: Necrozma\n|-damage|p2a: Necrozma|53\/100\n|-damage|p1a: Mewtwo|84\/100|[from] item: Rocky Helmet|[of] p2a: Necrozma\n|\n|upkeep\n|turn|3\n|l| utsudere\n|\n|t:|1698496577\n|move|p1a: Mewtwo|Taunt|p2a: Necrozma\n|-start|p2a: Necrozma|move: Taunt\n|cant|p2a: Necrozma|move: Taunt|Morning Sun\n|\n|upkeep\n|turn|4\n|\n|t:|1698496584\n|move|p1a: Mewtwo|Knock Off|p2a: Necrozma\n|-supereffective|p2a: Necrozma\n|-damage|p2a: Necrozma|17\/100\n|-damage|p1a: Mewtwo|68\/100|[from] item: Rocky Helmet|[of] p2a: Necrozma\n|-enditem|p2a: Necrozma|Rocky Helmet|[from] move: Knock Off|[of] p1a: Mewtwo\n|move|p2a: Necrozma|Sunsteel Strike|p1a: Mewtwo\n|-damage|p1a: Mewtwo|22\/100\n|\n|upkeep\n|turn|5\n|\n|t:|1698496594\n|move|p1a: Mewtwo|Low Kick|p2a: Necrozma\n|-damage|p2a: Necrozma|0 fnt\n|faint|p2a: Necrozma\n|\n|upkeep\n|\n|t:|1698496604\n|switch|p2a: Lugia|Lugia|100\/100\n|turn|6\n|\n|t:|1698496610\n|switch|p2a: Zacian|Zacian-Crowned, shiny|100\/100\n|-ability|p2a: Zacian|Intrepid Sword|boost\n|-boost|p2a: Zacian|atk|1\n|move|p1a: Mewtwo|Knock Off|p2a: Zacian\n|-resisted|p2a: Zacian\n|-crit|p2a: Zacian\n|-damage|p2a: Zacian|81\/100\n|\n|upkeep\n|turn|7\n|\n|t:|1698496622\n|switch|p1a: Magearna|Magearna|100\/100\n|move|p2a: Zacian|Behemoth Blade|p1a: Magearna\n|-damage|p1a: Magearna|28\/100\n|\n|upkeep\n|turn|8\n|\n|t:|1698496631\n|move|p2a: Zacian|Swords Dance|p2a: Zacian\n|-boost|p2a: Zacian|atk|2\n|move|p1a: Magearna|Pain Split|p2a: Zacian\n|-sethp|p2a: Zacian|56\/100|[from] move: Pain Split|[silent]\n|-sethp|p1a: Magearna|50\/100|[from] move: Pain Split\n|\n|upkeep\n|turn|9\n|\n|t:|1698496639\n|move|p2a: Zacian|Behemoth Blade|p1a: Magearna\n|-damage|p1a: Magearna|0 fnt\n|faint|p1a: Magearna\n|\n|upkeep\n|\n|t:|1698496641\n|switch|p1a: Ditto|Ditto, shiny|100\/100\n|-transform|p1a: Ditto|p2a: Zacian|[from] ability: Imposter\n|-ability|p1a: Ditto|Intrepid Sword|boost\n|-boost|p1a: Ditto|atk|1\n|turn|10\n|\n|t:|1698496650\n|switch|p2a: Groudon|Groudon-Primal|32\/100\n|-weather|DesolateLand|[from] ability: Desolate Land|[of] p2a: Groudon\n|move|p1a: Ditto|Behemoth Blade|p2a: Groudon\n|-resisted|p2a: Groudon\n|-damage|p2a: Groudon|0 fnt\n|faint|p2a: Groudon\n|-weather|none\n|\n|upkeep\n|\n|t:|1698496662\n|switch|p2a: Lugia|Lugia|100\/100\n|turn|11\n|\n|t:|1698496667\n|-terastallize|p2a: Lugia|Water\n|move|p1a: Ditto|Behemoth Blade|p2a: Lugia\n|-resisted|p2a: Lugia\n|-damage|p2a: Lugia|76\/100\n|move|p2a: Lugia|Whirlwind|p1a: Ditto\n|drag|p1a: Kingambit|Kingambit, M|100\/100\n|-activate|p1a: Kingambit|ability: Supreme Overlord\n|-start|p1a: Kingambit|fallen2|[silent]\n|\n|upkeep\n|turn|12\n|\n|t:|1698496685\n|switch|p2a: Zygarde|Zygarde, shiny|100\/100\n|move|p1a: Kingambit|Swords Dance|p1a: Kingambit\n|-boost|p1a: Kingambit|atk|2\n|\n|upkeep\n|turn|13\n|\n|t:|1698496695\n|move|p2a: Zygarde|Coil|p2a: Zygarde\n|-boost|p2a: Zygarde|atk|1\n|-boost|p2a: Zygarde|def|1\n|-boost|p2a: Zygarde|accuracy|1\n|move|p1a: Kingambit|Knock Off|p2a: Zygarde\n|-damage|p2a: Zygarde|42\/100\n|-enditem|p2a: Zygarde|Leftovers|[from] move: Knock Off|[of] p1a: Kingambit\n|\n|-activate|p2a: Zygarde|ability: Power Construct\n|detailschange|p2a: Zygarde|Zygarde-Complete, shiny\n|-heal|p2a: Zygarde|62\/100|[silent]\n|upkeep\n|turn|14\n|\n|t:|1698496707\n|move|p2a: Zygarde|Thousand Arrows|p1a: Kingambit\n|-supereffective|p1a: Kingambit\n|-damage|p1a: Kingambit|31\/100\n|move|p1a: Kingambit|Iron Head|p2a: Zygarde\n|-damage|p2a: Zygarde|35\/100\n|\n|upkeep\n|turn|15\n|\n|t:|1698496715\n|move|p2a: Zygarde|Thousand Arrows|p1a: Kingambit\n|-supereffective|p1a: Kingambit\n|-damage|p1a: Kingambit|0 fnt\n|faint|p1a: Kingambit\n|-end|p1a: Kingambit|fallen2|[silent]\n|\n|upkeep\n|\n|t:|1698496718\n|switch|p1a: Arceus|Arceus-Fairy|100\/100\n|turn|16\n|\n|t:|1698496724\n|move|p1a: Arceus|Judgment|p2a: Zygarde\n|-supereffective|p2a: Zygarde\n|-damage|p2a: Zygarde|0 fnt\n|faint|p2a: Zygarde\n|\n|upkeep\n|\n|t:|1698496734\n|switch|p2a: Zacian|Zacian-Crowned, shiny|56\/100\n|turn|17\n|\n|t:|1698496749\n|switch|p1a: Mewtwo|Mewtwo-Mega-X|22\/100\n|move|p2a: Zacian|Behemoth Blade|p1a: Mewtwo\n|-crit|p1a: Mewtwo\n|-damage|p1a: Mewtwo|0 fnt\n|faint|p1a: Mewtwo\n|\n|upkeep\n|\n|t:|1698496751\n|switch|p1a: Ditto|Ditto, shiny|100\/100\n|-transform|p1a: Ditto|p2a: Zacian|[from] ability: Imposter\n|turn|18\n|\n|t:|1698496761\n|switch|p2a: Lugia|Lugia, tera:Water|76\/100\n|move|p1a: Ditto|Behemoth Blade|p2a: Lugia\n|-resisted|p2a: Lugia\n|-damage|p2a: Lugia|61\/100\n|\n|upkeep\n|turn|19\n|\n|t:|1698496769\n|switch|p1a: Arceus|Arceus-Fairy|100\/100\n|move|p2a: Lugia|Roost|p2a: Lugia\n|-heal|p2a: Lugia|100\/100\n|\n|upkeep\n|turn|20\n|\n|t:|1698496778\n|move|p1a: Arceus|Taunt|p2a: Lugia\n|-start|p2a: Lugia|move: Taunt\n|cant|p2a: Lugia|move: Taunt|Toxic\n|\n|upkeep\n|turn|21\n|\n|t:|1698496785\n|switch|p2a: Zacian|Zacian-Crowned, shiny|56\/100\n|move|p1a: Arceus|Judgment|p2a: Zacian\n|-resisted|p2a: Zacian\n|-damage|p2a: Zacian|33\/100\n|\n|upkeep\n|turn|22\n|\n|t:|1698496793\n|switch|p1a: Ditto|Ditto, shiny|100\/100\n|-transform|p1a: Ditto|p2a: Zacian|[from] ability: Imposter\n|move|p2a: Zacian|Behemoth Blade|p1a: Ditto\n|-damage|p1a: Ditto|44\/100\n|\n|upkeep\n|turn|23\n|\n|t:|1698496803\n|switch|p2a: Lugia|Lugia, tera:Water|100\/100\n|move|p1a: Ditto|Close Combat|p2a: Lugia\n|-damage|p2a: Lugia|87\/100\n|-unboost|p1a: Ditto|def|1\n|-unboost|p1a: Ditto|spd|1\n|\n|upkeep\n|turn|24\n|\n|t:|1698496812\n|switch|p2a: Salamence|Salamence, M|100\/100\n|-ability|p2a: Salamence|Intimidate|boost\n|-unboost|p1a: Ditto|atk|1\n|move|p1a: Ditto|Close Combat|p2a: Salamence\n|-resisted|p2a: Salamence\n|-damage|p2a: Salamence|81\/100\n|-unboost|p1a: Ditto|def|1\n|-unboost|p1a: Ditto|spd|1\n|\n|upkeep\n|turn|25\n|\n|t:|1698496826\n|switch|p1a: Arceus|Arceus-Fairy|100\/100\n|detailschange|p2a: Salamence|Salamence-Mega, M\n|-mega|p2a: Salamence|Salamence|Salamencite\n|move|p2a: Salamence|Frustration|p1a: Arceus\n|-damage|p1a: Arceus|54\/100\n|\n|upkeep\n|turn|26\n|\n|t:|1698496837\n|move|p1a: Arceus|Judgment|p2a: Salamence\n|-supereffective|p2a: Salamence\n|-damage|p2a: Salamence|0 fnt\n|faint|p2a: Salamence\n|\n|upkeep\n|\n|t:|1698496844\n|switch|p2a: Zacian|Zacian-Crowned, shiny|33\/100\n|turn|27\n|\n|t:|1698496852\n|-terastallize|p1a: Arceus|Steel\n|move|p2a: Zacian|Behemoth Blade|p1a: Arceus\n|-resisted|p1a: Arceus\n|-damage|p1a: Arceus|34\/100\n|move|p1a: Arceus|Recover|p1a: Arceus\n|-heal|p1a: Arceus|84\/100\n|\n|upkeep\n|turn|28\n|\n|t:|1698496865\n|switch|p1a: Ditto|Ditto, shiny|44\/100\n|-transform|p1a: Ditto|p2a: Zacian|[from] ability: Imposter\n|move|p2a: Zacian|Swords Dance|p2a: Zacian\n|-boost|p2a: Zacian|atk|2\n|\n|upkeep\n|turn|29\n|\n|t:|1698496874\n|switch|p2a: Lugia|Lugia, tera:Water|87\/100\n|move|p1a: Ditto|Close Combat|p2a: Lugia\n|-damage|p2a: Lugia|64\/100\n|-unboost|p1a: Ditto|def|1\n|-unboost|p1a: Ditto|spd|1\n|\n|upkeep\n|turn|30\n|\n|t:|1698496883\n|switch|p1a: Arceus|Arceus-Fairy, tera:Steel|84\/100\n|move|p2a: Lugia|Toxic|p1a: Arceus\n|-immune|p1a: Arceus\n|\n|upkeep\n|turn|31\n|\n|t:|1698496891\n|move|p1a: Arceus|Judgment|p2a: Lugia\n|-damage|p2a: Lugia|40\/100\n|move|p2a: Lugia|Whirlwind|p1a: Arceus\n|drag|p1a: Ditto|Ditto, shiny|44\/100\n|-transform|p1a: Ditto|p2a: Lugia|[from] ability: Imposter\n|\n|upkeep\n|turn|32\n|\n|t:|1698496901\n|switch|p1a: Arceus|Arceus-Fairy, tera:Steel|84\/100\n|move|p2a: Lugia|Roost|p2a: Lugia\n|-heal|p2a: Lugia|90\/100\n|\n|upkeep\n|turn|33\n|\n|t:|1698496908\n|switch|p2a: Zacian|Zacian-Crowned, shiny|33\/100\n|move|p1a: Arceus|Taunt|p2a: Zacian\n|-start|p2a: Zacian|move: Taunt\n|\n|upkeep\n|turn|34\n|\n|t:|1698496915\n|switch|p1a: Ditto|Ditto, shiny|44\/100\n|-transform|p1a: Ditto|p2a: Zacian|[from] ability: Imposter\n|move|p2a: Zacian|Close Combat|p1a: Ditto\n|-crit|p1a: Ditto\n|-damage|p1a: Ditto|0 fnt\n|-unboost|p2a: Zacian|def|1\n|-unboost|p2a: Zacian|spd|1\n|faint|p1a: Ditto\n|\n|upkeep\n|\n|t:|1698496918\n|switch|p1a: Arceus|Arceus-Fairy, tera:Steel|84\/100\n|turn|35\n|\n|t:|1698496929\n|switch|p2a: Lugia|Lugia, tera:Water|90\/100\n|move|p1a: Arceus|Judgment|p2a: Lugia\n|-damage|p2a: Lugia|64\/100\n|\n|upkeep\n|turn|36\n|\n|t:|1698496937\n|move|p1a: Arceus|Recover|p1a: Arceus\n|-heal|p1a: Arceus|100\/100\n|move|p2a: Lugia|Defog|p1a: Arceus\n|-unboost|p1a: Arceus|evasion|1\n|\n|upkeep\n|turn|37\n|\n|t:|1698496947\n|move|p1a: Arceus|Taunt|p2a: Lugia\n|-start|p2a: Lugia|move: Taunt\n|cant|p2a: Lugia|move: Taunt|Roost\n|\n|upkeep\n|turn|38\n|\n|t:|1698496952\n|move|p1a: Arceus|Judgment|p2a: Lugia\n|-damage|p2a: Lugia|40\/100\n|-activate|p2a: Lugia|move: Struggle\n|move|p2a: Lugia|Struggle|p1a: Arceus\n|-damage|p1a: Arceus|95\/100\n|-damage|p2a: Lugia|15\/100|[from] recoil\n|\n|upkeep\n|turn|39\n|\n|t:|1698496961\n|move|p1a: Arceus|Recover|p1a: Arceus\n|-heal|p1a: Arceus|100\/100\n|-activate|p2a: Lugia|move: Struggle\n|move|p2a: Lugia|Struggle|p1a: Arceus\n|-damage|p1a: Arceus|95\/100\n|-damage|p2a: Lugia|0 fnt|[from] recoil\n|faint|p2a: Lugia\n|\n|upkeep\n|\n|t:|1698496970\n|switch|p2a: Zacian|Zacian-Crowned, shiny|33\/100\n|turn|40\n|\n|t:|1698496973\n|move|p2a: Zacian|Swords Dance|p2a: Zacian\n|-boost|p2a: Zacian|atk|2\n|move|p1a: Arceus|Judgment|p2a: Zacian\n|-resisted|p2a: Zacian\n|-damage|p2a: Zacian|9\/100\n|\n|upkeep\n|turn|41\n|\n|t:|1698496982\n|move|p2a: Zacian|Close Combat|p1a: Arceus\n|-supereffective|p1a: Arceus\n|-damage|p1a: Arceus|0 fnt\n|-unboost|p2a: Zacian|def|1\n|-unboost|p2a: Zacian|spd|1\n|faint|p1a: Arceus\n|\n|win|yangwenyuxian\n|raw|MommyMikuNakano's rating: 1741 &rarr; <strong>1716<\/strong><br \/>(-25 for losing)\n|raw|yangwenyuxian's rating: 1651 &rarr; <strong>1676<\/strong><br \/>(+25 for winning)\n|l|\u2606yangwenyuxian\n|l|\u2606MommyMikuNakano\n","uploadtime":1698496987,"views":8,"p1id":"mommymikunakano","p2id":"yangwenyuxian","formatid":"gen9nationaldexubers","rating":1676,"private":0,"password":""}