{"id":"gen9nationaldexubers-1998345034","p1":"Le e e hd","p2":"poddim","format":"[Gen 9] National Dex Ubers","log":"|j|\u2606Le e e hd\n|j|\u2606poddim\n|t:|1700931901\n|gametype|singles\n|player|p1|Le e e hd|youngster-gen4dp|1000\n|player|p2|poddim|red|1026\n|teamsize|p1|2\n|teamsize|p2|3\n|gen|9\n|tier|[Gen 9] National Dex Ubers\n|rated|\n|rule|HP Percentage Mod: HP is shown in percentages\n|rule|Endless Battle Clause: Forcing endless battles is banned\n|rule|OHKO Clause: OHKO moves are banned\n|rule|Evasion Moves Clause: Evasion moves are banned\n|rule|Evasion Items Clause: Evasion items are banned\n|rule|Species Clause: Limit one of each Pok\u00e9mon\n|rule|Sleep Clause Mod: Limit one foe put to sleep\n|rule|Mega Rayquaza Clause: You cannot mega evolve Rayquaza\n|clearpoke\n|poke|p1|Clefable, M|\n|poke|p1|Glimmora, M|\n|poke|p2|Kartana|\n|poke|p2|Ariados, M|\n|poke|p2|Gliscor, F|\n|teampreview\n|\n|t:|1700931906\n|start\n|switch|p1a: Glimmora|Glimmora, M|100\/100\n|switch|p2a: Ariados|Ariados, M|100\/100\n|turn|1\n|\n|t:|1700931912\n|move|p1a: Glimmora|Power Gem|p2a: Ariados\n|-supereffective|p2a: Ariados\n|-enditem|p2a: Ariados|Focus Sash\n|-damage|p2a: Ariados|1\/100\n|move|p2a: Ariados|Sticky Web|p1a: Glimmora\n|-sidestart|p1: Le e e hd|move: Sticky Web\n|\n|upkeep\n|turn|2\n|\n|t:|1700931921\n|move|p1a: Glimmora|Power Gem|p2a: Ariados\n|-supereffective|p2a: Ariados\n|-damage|p2a: Ariados|0 fnt\n|faint|p2a: Ariados\n|\n|upkeep\n|\n|t:|1700931923\n|switch|p2a: Gliscor|Gliscor, F|100\/100\n|turn|3\n|\n|t:|1700931933\n|move|p1a: Glimmora|Power Gem|p2a: Gliscor\n|-damage|p2a: Gliscor|58\/100\n|move|p2a: Gliscor|Substitute|p2a: Gliscor\n|-start|p2a: Gliscor|Substitute\n|-damage|p2a: Gliscor|33\/100\n|\n|-status|p2a: Gliscor|tox|[from] item: Toxic Orb\n|upkeep\n|turn|4\n|\n|t:|1700931940\n|move|p1a: Glimmora|Power Gem|p2a: Gliscor\n|-end|p2a: Gliscor|Substitute\n|move|p2a: Gliscor|Spikes|p1a: Glimmora\n|-sidestart|p1: Le e e hd|Spikes\n|\n|-heal|p2a: Gliscor|46\/100 tox|[from] ability: Poison Heal\n|upkeep\n|turn|5\n|inactive|Battle timer is ON: inactive players will automatically lose when time's up. (requested by Le e e hd)\n|\n|t:|1700931947\n|move|p1a: Glimmora|Power Gem|p2a: Gliscor\n|-damage|p2a: Gliscor|0 fnt\n|faint|p2a: Gliscor\n|\n|upkeep\n|\n|t:|1700931950\n|switch|p2a: Kartana|Kartana, shiny|100\/100\n|turn|6\n|\n|t:|1700931955\n|move|p2a: Kartana|Swords Dance|p2a: Kartana\n|-boost|p2a: Kartana|atk|2\n|move|p1a: Glimmora|Reflect|p1a: Glimmora\n|-sidestart|p1: Le e e hd|Reflect\n|\n|upkeep\n|turn|7\n|\n|t:|1700931964\n|move|p2a: Kartana|Swords Dance|p2a: Kartana\n|-boost|p2a: Kartana|atk|2\n|move|p1a: Glimmora|Power Gem|p2a: Kartana\n|-resisted|p2a: Kartana\n|-damage|p2a: Kartana|44\/100\n|\n|upkeep\n|turn|8\n|\n|t:|1700931971\n|-terastallize|p2a: Kartana|Electric\n|move|p2a: Kartana|Sacred Sword|p1a: Glimmora\n|-crit|p1a: Glimmora\n|-enditem|p1a: Glimmora|Focus Sash\n|-damage|p1a: Glimmora|1\/100\n|-activate|p1a: Glimmora|ability: Toxic Debris\n|-sidestart|p2: poddim|move: Toxic Spikes\n|move|p1a: Glimmora|Power Gem|p2a: Kartana\n|-damage|p2a: Kartana|0 fnt\n|faint|p2a: Kartana\n|\n|win|Le e e hd\n|raw|Le e e hd's rating: 1000 &rarr; <strong>1043<\/strong><br \/>(+43 for winning)\n|raw|poddim's rating: 1026 &rarr; <strong>1011<\/strong><br \/>(-15 for losing)\n|l|\u2606poddim\n","uploadtime":1700931988,"views":0,"p1id":"leeehd","p2id":"poddim","formatid":"gen9nationaldexubers","rating":1011,"private":0,"password":""}