{"id":"gen9nationaldexubers-1995302371","p1":"dreepy airlines","p2":"Ginesect","format":"[Gen 9] National Dex Ubers","log":"|j|\u2606dreepy airlines\n|j|\u2606Ginesect\n|t:|1700549940\n|gametype|singles\n|player|p1|dreepy airlines|waitress-gen6|\n|player|p2|Ginesect|cynthia|\n|teamsize|p1|6\n|teamsize|p2|6\n|gen|9\n|tier|[Gen 9] National Dex Ubers\n|rule|HP Percentage Mod: HP is shown in percentages\n|rule|Endless Battle Clause: Forcing endless battles is banned\n|rule|OHKO Clause: OHKO moves are banned\n|rule|Evasion Moves Clause: Evasion moves are banned\n|rule|Evasion Items Clause: Evasion items are banned\n|rule|Species Clause: Limit one of each Pok\u00e9mon\n|rule|Sleep Clause Mod: Limit one foe put to sleep\n|rule|Mega Rayquaza Clause: You cannot mega evolve Rayquaza\n|clearpoke\n|poke|p1|Annihilape, M|\n|poke|p1|Garganacl, M|\n|poke|p1|Empoleon, M|\n|poke|p1|Gliscor, M|\n|poke|p1|Gholdengo|\n|poke|p1|Roaring Moon|\n|poke|p2|Ninetales-Alola, F|\n|poke|p2|Baxcalibur, F|\n|poke|p2|Iron Bundle|\n|poke|p2|Weavile, M|\n|poke|p2|Arctozolt|\n|poke|p2|Moltres|\n|teampreview\n|inactive|Battle timer is ON: inactive players will automatically lose when time's up. (requested by dreepy airlines)\n|c|\u2606Ginesect|bldhf\n|c|\u2606dreepy airlines|hf\n|\n|t:|1700549962\n|start\n|switch|p1a: Empoleon|Empoleon, M|100\/100\n|switch|p2a: Iron Bundle|Iron Bundle|100\/100\n|turn|1\n|\n|t:|1700549966\n|move|p2a: Iron Bundle|U-turn|p1a: Empoleon\n|-resisted|p1a: Empoleon\n|-damage|p1a: Empoleon|94\/100\n|c|\u2606dreepy airlines|why not flip turn\n|\n|t:|1700549976\n|-end|p2a: Iron Bundle|Quark Drive|[silent]\n|switch|p2a: Ninetales|Ninetales-Alola, F|100\/100|[from] U-turn\n|-weather|Snow|[from] ability: Snow Warning|[of] p2a: Ninetales\n|move|p1a: Empoleon|Stealth Rock|p2a: Ninetales\n|-sidestart|p2: Ginesect|move: Stealth Rock\n|\n|-weather|Snow|[upkeep]\n|-heal|p1a: Empoleon|99\/100|[from] item: Leftovers\n|upkeep\n|turn|2\n|c|\u2606dreepy airlines|it just does more\n|\n|t:|1700549989\n|move|p2a: Ninetales|Aurora Veil|p2a: Ninetales\n|-sidestart|p2: Ginesect|move: Aurora Veil\n|move|p1a: Empoleon|Knock Off|p2a: Ninetales\n|-resisted|p2a: Ninetales\n|-crit|p2a: Ninetales\n|-damage|p2a: Ninetales|88\/100\n|-enditem|p2a: Ninetales|Leftovers|[from] move: Knock Off|[of] p1a: Empoleon\n|\n|-weather|Snow|[upkeep]\n|-heal|p1a: Empoleon|100\/100|[from] item: Leftovers\n|upkeep\n|turn|3\n|c|\u2606Ginesect|Coverage\n|c|\u2606dreepy airlines|:skull:\n|c|\u2606dreepy airlines|its doing like 5\n|c|\u2606dreepy airlines|what coverage\n|c|\u2606dreepy airlines|the only valid reason for uturn over flip turn is for water absorbers\n|c|\u2606Ginesect|okay play\n|\n|t:|1700550021\n|move|p2a: Ninetales|Encore|p1a: Empoleon\n|-start|p1a: Empoleon|Encore\n|move|p1a: Empoleon|Knock Off|p2a: Ninetales\n|-resisted|p2a: Ninetales\n|-damage|p2a: Ninetales|86\/100\n|\n|-weather|Snow|[upkeep]\n|upkeep\n|turn|4\n|\n|t:|1700550033\n|switch|p2a: Weavile|Weavile, M|100\/100\n|-damage|p2a: Weavile|76\/100|[from] Stealth Rock\n|-ability|p2a: Weavile|Pressure\n|switch|p1a: Gholdengo|Gholdengo|100\/100\n|\n|-weather|Snow|[upkeep]\n|upkeep\n|turn|5\n|\n|t:|1700550046\n|switch|p1a: Garganacl|Garganacl, M|100\/100\n|move|p2a: Weavile|Knock Off|p1a: Garganacl\n|-damage|p1a: Garganacl|75\/100\n|-enditem|p1a: Garganacl|Leftovers|[from] move: Knock Off|[of] p2a: Weavile\n|\n|-weather|none\n|upkeep\n|turn|6\n|\n|t:|1700550054\n|switch|p2a: Iron Bundle|Iron Bundle|100\/100\n|move|p1a: Garganacl|Salt Cure|p2a: Iron Bundle\n|-supereffective|p2a: Iron Bundle\n|-damage|p2a: Iron Bundle|83\/100\n|-start|p2a: Iron Bundle|Salt Cure\n|\n|-damage|p2a: Iron Bundle|58\/100|[from] Salt Cure\n|-sideend|p2: Ginesect|move: Aurora Veil\n|upkeep\n|turn|7\n|\n|t:|1700550063\n|switch|p1a: Empoleon|Empoleon, M|100\/100\n|move|p2a: Iron Bundle|Hydro Pump|p1a: Empoleon\n|-resisted|p1a: Empoleon\n|-damage|p1a: Empoleon|83\/100\n|\n|-heal|p1a: Empoleon|89\/100|[from] item: Leftovers\n|-damage|p2a: Iron Bundle|33\/100|[from] Salt Cure\n|upkeep\n|turn|8\n|\n|t:|1700550088\n|-end|p2a: Iron Bundle|Quark Drive|[silent]\n|switch|p2a: Moltres|Moltres|100\/100\n|move|p1a: Empoleon|Flip Turn|p2a: Moltres\n|-supereffective|p2a: Moltres\n|-damage|p2a: Moltres|69\/100\n|\n|t:|1700550098\n|switch|p1a: Garganacl|Garganacl, M|75\/100|[from] Flip Turn\n|\n|upkeep\n|turn|9\n|\n|t:|1700550103\n|move|p2a: Moltres|Defog|p1a: Garganacl\n|-unboost|p1a: Garganacl|evasion|1\n|-sideend|p2: Ginesect|Stealth Rock|[from] move: Defog|[of] p2a: Moltres\n|move|p1a: Garganacl|Salt Cure|p2a: Moltres\n|-supereffective|p2a: Moltres\n|-damage|p2a: Moltres|24\/100\n|-start|p2a: Moltres|Salt Cure\n|\n|-damage|p2a: Moltres|12\/100|[from] Salt Cure\n|upkeep\n|turn|10\n|\n|t:|1700550117\n|move|p2a: Moltres|Hurricane|p1a: Garganacl\n|-resisted|p1a: Garganacl\n|-damage|p1a: Garganacl|54\/100\n|move|p1a: Garganacl|Salt Cure|p2a: Moltres\n|-supereffective|p2a: Moltres\n|-damage|p2a: Moltres|0 fnt\n|faint|p2a: Moltres\n|\n|upkeep\n|\n|t:|1700550132\n|switch|p2a: Ninetales|Ninetales-Alola, F|86\/100\n|-weather|Snow|[from] ability: Snow Warning|[of] p2a: Ninetales\n|turn|11\n|\n|t:|1700550146\n|move|p2a: Ninetales|Aurora Veil|p2a: Ninetales\n|-sidestart|p2: Ginesect|move: Aurora Veil\n|move|p1a: Garganacl|Recover|p1a: Garganacl\n|-heal|p1a: Garganacl|100\/100\n|\n|-weather|Snow|[upkeep]\n|upkeep\n|turn|12\n|\n|t:|1700550149\n|switch|p1a: Gholdengo|Gholdengo|100\/100\n|move|p2a: Ninetales|Encore|p1a: Gholdengo\n|-immune|p1a: Gholdengo|[from] ability: Good as Gold\n|\n|-weather|Snow|[upkeep]\n|upkeep\n|turn|13\n|\n|t:|1700550162\n|switch|p2a: Weavile|Weavile, M|76\/100\n|-ability|p2a: Weavile|Pressure\n|move|p1a: Gholdengo|Thunder Wave|p2a: Weavile\n|-status|p2a: Weavile|par\n|\n|-weather|Snow|[upkeep]\n|upkeep\n|turn|14\n|\n|t:|1700550169\n|switch|p1a: Garganacl|Garganacl, M|100\/100\n|cant|p2a: Weavile|par\n|\n|-weather|Snow|[upkeep]\n|upkeep\n|turn|15\n|\n|t:|1700550195\n|move|p2a: Weavile|Brick Break|p1a: Garganacl\n|-supereffective|p1a: Garganacl\n|-damage|p1a: Garganacl|74\/100\n|move|p1a: Garganacl|Salt Cure|p2a: Weavile\n|-supereffective|p2a: Weavile\n|-damage|p2a: Weavile|60\/100 par\n|-start|p2a: Weavile|Salt Cure\n|\n|-weather|none\n|-damage|p2a: Weavile|48\/100 par|[from] Salt Cure\n|-sideend|p2: Ginesect|move: Aurora Veil\n|upkeep\n|turn|16\n|c|\u2606Ginesect|Yeah actually\n|c|\u2606Ginesect|I originally had low kick\n|inactive|Ginesect has 270 seconds left.\n|c|\u2606dreepy airlines|lmao\n|c|\u2606dreepy airlines|low kick is just better\n|c|\u2606Ginesect|idk why I switched to brick break\n|c|\u2606Ginesect|There's no light clay now\n|c|\u2606dreepy airlines|most fat steels are heavy\n|\n|t:|1700550228\n|cant|p2a: Weavile|par\n|move|p1a: Garganacl|Curse|p1a: Garganacl\n|-unboost|p1a: Garganacl|spe|1\n|-boost|p1a: Garganacl|atk|1\n|-boost|p1a: Garganacl|def|1\n|\n|-damage|p2a: Weavile|36\/100 par|[from] Salt Cure\n|upkeep\n|turn|17\n|\n|t:|1700550238\n|switch|p2a: Iron Bundle|Iron Bundle|33\/100\n|move|p1a: Garganacl|Curse|p1a: Garganacl\n|-unboost|p1a: Garganacl|spe|1\n|-boost|p1a: Garganacl|atk|1\n|-boost|p1a: Garganacl|def|1\n|\n|upkeep\n|turn|18\n|inactive|Ginesect has 270 seconds left.\n|\n|t:|1700550246\n|-terastallize|p1a: Garganacl|Fairy\n|move|p2a: Iron Bundle|U-turn|p1a: Garganacl\n|-resisted|p1a: Garganacl\n|-damage|p1a: Garganacl|72\/100\n|inactive|Ginesect has 270 seconds left.\n|\n|t:|1700550252\n|-end|p2a: Iron Bundle|Quark Drive|[silent]\n|switch|p2a: Weavile|Weavile, M|36\/100 par|[from] U-turn\n|-ability|p2a: Weavile|Pressure\n|move|p1a: Garganacl|Recover|p1a: Garganacl\n|-heal|p1a: Garganacl|100\/100\n|\n|upkeep\n|turn|19\n|inactive|Ginesect has 270 seconds left.\n|c|\u2606Ginesect|Hate this thing\n|\n|t:|1700550269\n|cant|p2a: Weavile|par\n|move|p1a: Garganacl|Salt Cure|p2a: Weavile\n|-supereffective|p2a: Weavile\n|-damage|p2a: Weavile|0 fnt\n|faint|p2a: Weavile\n|\n|upkeep\n|\n|t:|1700550280\n|switch|p2a: Ninetales|Ninetales-Alola, F|86\/100\n|-weather|Snow|[from] ability: Snow Warning|[of] p2a: Ninetales\n|turn|20\n|\n|t:|1700550288\n|move|p2a: Ninetales|Blizzard|p1a: Garganacl\n|-damage|p1a: Garganacl|68\/100\n|move|p1a: Garganacl|Salt Cure|p2a: Ninetales\n|-supereffective|p2a: Ninetales\n|-damage|p2a: Ninetales|36\/100\n|-start|p2a: Ninetales|Salt Cure\n|\n|-weather|Snow|[upkeep]\n|-damage|p2a: Ninetales|24\/100|[from] Salt Cure\n|upkeep\n|turn|21\n|inactive|Ginesect has 270 seconds left.\n|\n|t:|1700550293\n|move|p2a: Ninetales|Blizzard|p1a: Garganacl\n|-damage|p1a: Garganacl|40\/100\n|move|p1a: Garganacl|Salt Cure|p2a: Ninetales\n|-supereffective|p2a: Ninetales\n|-damage|p2a: Ninetales|0 fnt\n|faint|p2a: Ninetales\n|\n|-weather|Snow|[upkeep]\n|upkeep\n|inactive|Ginesect has 270 seconds left.\n|\n|t:|1700550325\n|switch|p2a: Iron Bundle|Iron Bundle|33\/100\n|turn|22\n|\n|t:|1700550334\n|switch|p1a: Empoleon|Empoleon, M|89\/100\n|-terastallize|p2a: Iron Bundle|Water\n|move|p2a: Iron Bundle|Hydro Pump|p1a: Empoleon\n|-resisted|p1a: Empoleon\n|-damage|p1a: Empoleon|67\/100\n|\n|-weather|Snow|[upkeep]\n|-heal|p1a: Empoleon|73\/100|[from] item: Leftovers\n|upkeep\n|turn|23\n|\n|t:|1700550338\n|move|p2a: Iron Bundle|U-turn|p1a: Empoleon\n|-resisted|p1a: Empoleon\n|-damage|p1a: Empoleon|66\/100\n|\n|t:|1700550340\n|-end|p2a: Iron Bundle|Quark Drive|[silent]\n|switch|p2a: Arctozolt|Arctozolt|100\/100|[from] U-turn\n|move|p1a: Empoleon|Stealth Rock|p2a: Arctozolt\n|-sidestart|p2: Ginesect|move: Stealth Rock\n|\n|-weather|Snow|[upkeep]\n|-heal|p1a: Empoleon|73\/100|[from] item: Leftovers\n|upkeep\n|turn|24\n|\n|t:|1700550355\n|switch|p1a: Gliscor|Gliscor, M|100\/100\n|move|p2a: Arctozolt|Icicle Crash|p1a: Gliscor\n|-supereffective|p1a: Gliscor\n|-damage|p1a: Gliscor|0 fnt\n|faint|p1a: Gliscor\n|\n|-weather|none\n|upkeep\n|\n|t:|1700550361\n|switch|p1a: Annihilape|Annihilape, M|100\/100\n|turn|25\n|c|\u2606Ginesect|I wish I had snow\n|\n|t:|1700550371\n|switch|p2a: Iron Bundle|Iron Bundle, tera:Water|33\/100\n|move|p1a: Annihilape|Bulk Up|p1a: Annihilape\n|-boost|p1a: Annihilape|atk|1\n|-boost|p1a: Annihilape|def|1\n|\n|upkeep\n|turn|26\n|\n|t:|1700550375\n|move|p2a: Iron Bundle|Hydro Pump|p1a: Annihilape\n|-damage|p1a: Annihilape|52\/100\n|move|p1a: Annihilape|Drain Punch|p2a: Iron Bundle\n|-damage|p2a: Iron Bundle|0 fnt\n|-heal|p1a: Annihilape|62\/100|[from] drain|[of] p2a: Iron Bundle\n|faint|p2a: Iron Bundle\n|-end|p2a: Iron Bundle|Quark Drive|[silent]\n|\n|-heal|p1a: Annihilape|68\/100|[from] item: Leftovers\n|upkeep\n|\n|t:|1700550387\n|switch|p2a: Arctozolt|Arctozolt|100\/100\n|-damage|p2a: Arctozolt|76\/100|[from] Stealth Rock\n|turn|27\n|\n|t:|1700550390\n|move|p1a: Annihilape|Drain Punch|p2a: Arctozolt\n|-supereffective|p2a: Arctozolt\n|-damage|p2a: Arctozolt|0 fnt\n|-heal|p1a: Annihilape|97\/100|[from] drain|[of] p2a: Arctozolt\n|faint|p2a: Arctozolt\n|\n|-heal|p1a: Annihilape|100\/100|[from] item: Leftovers\n|upkeep\n|c|\u2606Ginesect|gg\n|\n|t:|1700550396\n|switch|p2a: Baxcalibur|Baxcalibur, F|100\/100\n|-damage|p2a: Baxcalibur|76\/100|[from] Stealth Rock\n|turn|28\n|c|\u2606dreepy airlines|hf\n|-message|Ginesect forfeited.\n|\n|win|dreepy airlines\n|l|\u2606Ginesect\n","uploadtime":1700550403,"views":9,"p1id":"dreepyairlines","p2id":"ginesect","formatid":"gen9nationaldexubers","rating":0,"private":0,"password":""}