{"id":"gen9nationaldexubers-1987644344","p1":"Necrozminator","p2":"skeletoreum","format":"[Gen 9] National Dex Ubers","log":"|j|\u2606Necrozminator\n|j|\u2606skeletoreum\n|t:|1699623341\n|gametype|singles\n|player|p1|Necrozminator|will|1118\n|player|p2|skeletoreum|hilbert-wonderlauncher|1146\n|teamsize|p1|6\n|teamsize|p2|6\n|gen|9\n|tier|[Gen 9] National Dex Ubers\n|rated|\n|rule|HP Percentage Mod: HP is shown in percentages\n|rule|Endless Battle Clause: Forcing endless battles is banned\n|rule|OHKO Clause: OHKO moves are banned\n|rule|Evasion Moves Clause: Evasion moves are banned\n|rule|Evasion Items Clause: Evasion items are banned\n|rule|Species Clause: Limit one of each Pok\u00e9mon\n|rule|Sleep Clause Mod: Limit one foe put to sleep\n|rule|Mega Rayquaza Clause: You cannot mega evolve Rayquaza\n|clearpoke\n|poke|p1|Cyclizar, F|\n|poke|p1|Genesect|\n|poke|p1|Ogerpon-Hearthflame, F|\n|poke|p1|Necrozma-Dusk-Mane|\n|poke|p1|Kingambit, F|\n|poke|p1|Groudon|\n|poke|p2|Annihilape, F|\n|poke|p2|Runerigus, M|\n|poke|p2|Sableye, M|\n|poke|p2|Basculegion, M|\n|poke|p2|Dragapult, F|\n|poke|p2|Skeledirge, M|\n|teampreview\n|inactive|Battle timer is ON: inactive players will automatically lose when time's up. (requested by skeletoreum)\n|inactive|Necrozminator also wants the timer to be on.\n|\n|t:|1699623353\n|start\n|switch|p1a: Cyclizar|Cyclizar, F|100\/100\n|switch|p2a: Runerigus|Runerigus, M|100\/100\n|turn|1\n|\n|t:|1699623364\n|move|p1a: Cyclizar|Shed Tail|p1a: Cyclizar\n|-start|p1a: Cyclizar|Substitute|[from] move: Shed Tail\n|-damage|p1a: Cyclizar|50\/100\n|\n|t:|1699623374\n|switch|p1a: Genesect|Genesect, shiny|100\/100|[from] Shed Tail\n|-ability|p1a: Genesect|Download|boost\n|-boost|p1a: Genesect|spa|1\n|move|p2a: Runerigus|Body Press|p1a: Genesect\n|-end|p1a: Genesect|Substitute\n|\n|upkeep\n|turn|2\n|\n|t:|1699623399\n|move|p1a: Genesect|Shift Gear|p1a: Genesect\n|-boost|p1a: Genesect|spe|2\n|-boost|p1a: Genesect|atk|1\n|move|p2a: Runerigus|Body Press|p1a: Genesect\n|-damage|p1a: Genesect|62\/100\n|\n|upkeep\n|turn|3\n|\n|t:|1699623410\n|move|p1a: Genesect|Shift Gear|p1a: Genesect\n|-boost|p1a: Genesect|spe|2\n|-boost|p1a: Genesect|atk|1\n|move|p2a: Runerigus|Iron Defense|p2a: Runerigus\n|-boost|p2a: Runerigus|def|2\n|\n|upkeep\n|turn|4\n|\n|t:|1699623417\n|move|p1a: Genesect|Leech Life|p2a: Runerigus\n|-resisted|p2a: Runerigus\n|-damage|p2a: Runerigus|85\/100\n|-heal|p1a: Genesect|71\/100|[from] drain|[of] p2a: Runerigus\n|-activate|p2a: Runerigus|ability: Wandering Spirit|Download|Wandering Spirit|[of] p1a: Genesect\n|-ability|p2a: Runerigus|Download|boost\n|-boost|p2a: Runerigus|atk|1\n|-damage|p1a: Genesect|61\/100|[from] item: Life Orb\n|move|p2a: Runerigus|Body Press|p1a: Genesect\n|-damage|p1a: Genesect|0 fnt\n|-activate|p1a: Genesect|ability: Wandering Spirit|Download|Wandering Spirit|[of] p2a: Runerigus\n|faint|p1a: Genesect\n|\n|-heal|p2a: Runerigus|91\/100|[from] item: Leftovers\n|upkeep\n|\n|t:|1699623427\n|switch|p1a: Groudon|Groudon, shiny|100\/100\n|detailschange|p1a: Groudon|Groudon-Primal, shiny\n|-primal|p1a: Groudon|Red Orb\n|-weather|DesolateLand|[from] ability: Desolate Land|[of] p1a: Groudon\n|turn|5\n|\n|t:|1699623442\n|move|p1a: Groudon|Will-O-Wisp|p2a: Runerigus|[miss]\n|-miss|p1a: Groudon|p2a: Runerigus\n|move|p2a: Runerigus|Earthquake|p1a: Groudon\n|-supereffective|p1a: Groudon\n|-damage|p1a: Groudon|30\/100\n|\n|-weather|DesolateLand|[upkeep]\n|-heal|p2a: Runerigus|98\/100|[from] item: Leftovers\n|upkeep\n|turn|6\n|\n|t:|1699623454\n|move|p1a: Groudon|Will-O-Wisp|p2a: Runerigus|[miss]\n|-miss|p1a: Groudon|p2a: Runerigus\n|move|p2a: Runerigus|Trick Room|p2a: Runerigus\n|-fieldstart|move: Trick Room|[of] p2a: Runerigus\n|\n|-weather|DesolateLand|[upkeep]\n|-heal|p2a: Runerigus|100\/100|[from] item: Leftovers\n|upkeep\n|turn|7\n|\n|t:|1699623466\n|move|p2a: Runerigus|Earthquake|p1a: Groudon\n|-supereffective|p1a: Groudon\n|-damage|p1a: Groudon|0 fnt\n|faint|p1a: Groudon\n|-weather|none\n|\n|upkeep\n|\n|t:|1699623469\n|switch|p1a: Kingambit|Kingambit, F, shiny|100\/100\n|-activate|p1a: Kingambit|ability: Supreme Overlord\n|-start|p1a: Kingambit|fallen2|[silent]\n|turn|8\n|\n|t:|1699623488\n|-terastallize|p1a: Kingambit|Flying\n|move|p2a: Runerigus|Iron Defense|p2a: Runerigus\n|-boost|p2a: Runerigus|def|2\n|move|p1a: Kingambit|Swords Dance|p1a: Kingambit\n|-boost|p1a: Kingambit|atk|2\n|\n|upkeep\n|turn|9\n|inactive|skeletoreum has 120 seconds left.\n|\n|t:|1699623518\n|move|p1a: Kingambit|Sucker Punch|p2a: Runerigus\n|-supereffective|p2a: Runerigus\n|-damage|p2a: Runerigus|62\/100\n|-end|p1a: Kingambit|fallen2|[silent]\n|-activate|p2a: Runerigus|ability: Wandering Spirit|Supreme Overlord|Wandering Spirit|[of] p1a: Kingambit\n|move|p2a: Runerigus|Body Press|p1a: Kingambit\n|-resisted|p1a: Kingambit\n|-damage|p1a: Kingambit|64\/100\n|-end|p2a: Runerigus|fallenundefined|[silent]\n|-activate|p1a: Kingambit|ability: Wandering Spirit|Supreme Overlord|Wandering Spirit|[of] p2a: Runerigus\n|-activate|p1a: Kingambit|ability: Supreme Overlord\n|-start|p1a: Kingambit|fallen2|[silent]\n|\n|-heal|p2a: Runerigus|69\/100|[from] item: Leftovers\n|upkeep\n|turn|10\n|inactive|skeletoreum has 120 seconds left.\n|\n|t:|1699623536\n|move|p2a: Runerigus|Iron Defense|p2a: Runerigus\n|-boost|p2a: Runerigus|def|2\n|move|p1a: Kingambit|Swords Dance|p1a: Kingambit\n|-boost|p1a: Kingambit|atk|2\n|\n|-heal|p2a: Runerigus|75\/100|[from] item: Leftovers\n|-fieldend|move: Trick Room\n|upkeep\n|turn|11\n|inactive|skeletoreum has 120 seconds left.\n|\n|t:|1699623544\n|move|p1a: Kingambit|Swords Dance|p1a: Kingambit\n|-boost|p1a: Kingambit|atk|2\n|move|p2a: Runerigus|Trick Room|p2a: Runerigus\n|-fieldstart|move: Trick Room|[of] p2a: Runerigus\n|\n|-heal|p2a: Runerigus|81\/100|[from] item: Leftovers\n|upkeep\n|turn|12\n|inactive|skeletoreum has 120 seconds left.\n|\n|t:|1699623562\n|switch|p2a: Sableye|Sableye, M|100\/100\n|move|p1a: Kingambit|Sucker Punch||[still]\n|-fail|p1a: Kingambit\n|\n|upkeep\n|turn|13\n|inactive|skeletoreum has 120 seconds left.\n|\n|t:|1699623571\n|-end|p1a: Kingambit|fallen2|[silent]\n|switch|p1a: Cyclizar|Cyclizar, F|83\/100\n|move|p2a: Sableye|Reflect|p2a: Sableye\n|-sidestart|p2: skeletoreum|Reflect\n|\n|upkeep\n|turn|14\n|\n|t:|1699623578\n|move|p2a: Sableye|Taunt|p1a: Cyclizar\n|-start|p1a: Cyclizar|move: Taunt\n|cant|p1a: Cyclizar|move: Taunt|Shed Tail\n|\n|upkeep\n|turn|15\n|\n|t:|1699623591\n|switch|p2a: Skeledirge|Skeledirge, M|100\/100\n|move|p1a: Cyclizar|Knock Off|p2a: Skeledirge\n|-supereffective|p2a: Skeledirge\n|-damage|p2a: Skeledirge|85\/100\n|-enditem|p2a: Skeledirge|Mago Berry|[from] move: Knock Off|[of] p1a: Cyclizar\n|\n|-fieldend|move: Trick Room\n|upkeep\n|turn|16\n|inactive|skeletoreum has 120 seconds left.\n|\n|t:|1699623610\n|switch|p1a: Ogerpon|Ogerpon-Hearthflame, F|100\/100\n|-ability|p1a: Ogerpon|Mold Breaker\n|move|p2a: Skeledirge|Torch Song|p1a: Ogerpon\n|-damage|p1a: Ogerpon|64\/100\n|-boost|p2a: Skeledirge|spa|1\n|\n|upkeep\n|turn|17\n|inactive|skeletoreum has 120 seconds left.\n|\n|t:|1699623622\n|move|p1a: Ogerpon|Knock Off|p2a: Skeledirge\n|-supereffective|p2a: Skeledirge\n|-damage|p2a: Skeledirge|71\/100\n|move|p2a: Skeledirge|Will-O-Wisp|p1a: Ogerpon\n|-immune|p1a: Ogerpon\n|\n|upkeep\n|turn|18\n|\n|t:|1699623631\n|move|p1a: Ogerpon|Swords Dance|p1a: Ogerpon\n|-boost|p1a: Ogerpon|atk|2\n|move|p2a: Skeledirge|Torch Song|p1a: Ogerpon\n|-damage|p1a: Ogerpon|12\/100\n|-boost|p2a: Skeledirge|spa|1\n|\n|upkeep\n|turn|19\n|\n|t:|1699623640\n|move|p1a: Ogerpon|Knock Off|p2a: Skeledirge\n|-supereffective|p2a: Skeledirge\n|-damage|p2a: Skeledirge|43\/100\n|move|p2a: Skeledirge|Torch Song|p1a: Ogerpon\n|-damage|p1a: Ogerpon|0 fnt\n|-boost|p2a: Skeledirge|spa|1\n|faint|p1a: Ogerpon\n|\n|upkeep\n|\n|t:|1699623647\n|switch|p1a: Necrozma|Necrozma-Dusk-Mane|100\/100\n|turn|20\n|\n|t:|1699623658\n|detailschange|p1a: Necrozma|Necrozma-Ultra\n|-burst|p1a: Necrozma|Necrozma|Ultranecrozium Z\n|move|p1a: Necrozma|Shadow Claw|p2a: Skeledirge\n|-supereffective|p2a: Skeledirge\n|-damage|p2a: Skeledirge|20\/100\n|move|p2a: Skeledirge|Slack Off|p2a: Skeledirge\n|-heal|p2a: Skeledirge|70\/100\n|\n|-sideend|p2: skeletoreum|Reflect\n|upkeep\n|turn|21\n|\n|t:|1699623674\n|-zpower|p1a: Necrozma\n|move|p1a: Necrozma|Light That Burns the Sky|p2a: Skeledirge|[zeffect]\n|-damage|p2a: Skeledirge|0 fnt\n|faint|p2a: Skeledirge\n|\n|upkeep\n|inactive|skeletoreum has 120 seconds left.\n|\n|t:|1699623702\n|switch|p2a: Dragapult|Dragapult, F|100\/100\n|turn|22\n|inactive|skeletoreum has 120 seconds left.\n|\n|t:|1699623719\n|switch|p1a: Cyclizar|Cyclizar, F|100\/100\n|move|p2a: Dragapult|Dragon Darts|p1a: Cyclizar\n|-supereffective|p1a: Cyclizar\n|-damage|p1a: Cyclizar|19\/100\n|-anim|p2a: Dragapult|Dragon Darts|p1a: Cyclizar\n|-supereffective|p1a: Cyclizar\n|-damage|p1a: Cyclizar|0 fnt\n|faint|p1a: Cyclizar\n|\n|upkeep\n|\n|t:|1699623722\n|switch|p1a: Kingambit|Kingambit, F, shiny, tera:Flying|64\/100\n|-activate|p1a: Kingambit|ability: Supreme Overlord\n|-start|p1a: Kingambit|fallen4|[silent]\n|turn|23\n|inactive|skeletoreum has 120 seconds left.\n|\n|t:|1699623744\n|switch|p2a: Sableye|Sableye, M|100\/100\n|move|p1a: Kingambit|Sucker Punch||[still]\n|-fail|p1a: Kingambit\n|\n|upkeep\n|turn|24\n|\n|t:|1699623761\n|move|p2a: Sableye|Will-O-Wisp|p1a: Kingambit|[miss]\n|-miss|p2a: Sableye|p1a: Kingambit\n|move|p1a: Kingambit|Iron Head|p2a: Sableye\n|-damage|p2a: Sableye|42\/100\n|\n|upkeep\n|turn|25\n|\n|t:|1699623777\n|move|p2a: Sableye|Reflect|p2a: Sableye\n|-sidestart|p2: skeletoreum|Reflect\n|move|p1a: Kingambit|Iron Head|p2a: Sableye\n|-crit|p2a: Sableye\n|-damage|p2a: Sableye|0 fnt\n|faint|p2a: Sableye\n|\n|upkeep\n|inactive|skeletoreum has 90 seconds left.\n|\n|t:|1699623801\n|switch|p2a: fishy on me|Basculegion, M|100\/100\n|turn|26\n|\n|t:|1699623807\n|move|p2a: fishy on me|Aqua Jet|p1a: Kingambit\n|-damage|p1a: Kingambit|48\/100\n|move|p1a: Kingambit|Sucker Punch||[still]\n|-fail|p1a: Kingambit\n|\n|upkeep\n|turn|27\n|inactive|skeletoreum has 90 seconds left.\n|\n|t:|1699623815\n|move|p2a: fishy on me|Wave Crash|p1a: Kingambit\n|-damage|p1a: Kingambit|0 fnt\n|faint|p1a: Kingambit\n|-end|p1a: Kingambit|fallen4|[silent]\n|-damage|p2a: fishy on me|85\/100|[from] Recoil\n|\n|upkeep\n|\n|t:|1699623820\n|switch|p1a: Necrozma|Necrozma-Ultra|100\/100\n|turn|28\n|inactive|skeletoreum has 90 seconds left.\n|\n|t:|1699623836\n|move|p1a: Necrozma|Dragon Dance|p1a: Necrozma\n|-boost|p1a: Necrozma|atk|1\n|-boost|p1a: Necrozma|spe|1\n|move|p2a: fishy on me|Outrage|p1a: Necrozma\n|-supereffective|p1a: Necrozma\n|-damage|p1a: Necrozma|11\/100\n|\n|upkeep\n|turn|29\n|inactive|skeletoreum has 90 seconds left.\n|\n|t:|1699623847\n|move|p1a: Necrozma|Shadow Claw|p2a: fishy on me\n|-supereffective|p2a: fishy on me\n|-damage|p2a: fishy on me|27\/100\n|move|p2a: fishy on me|Outrage|p1a: Necrozma|[from]lockedmove\n|-supereffective|p1a: Necrozma\n|-damage|p1a: Necrozma|0 fnt\n|faint|p1a: Necrozma\n|-start|p2a: fishy on me|confusion|[fatigue]\n|\n|win|skeletoreum\n|raw|Necrozminator's rating: 1118 &rarr; <strong>1095<\/strong><br \/>(-23 for losing)\n|raw|skeletoreum's rating: 1146 &rarr; <strong>1169<\/strong><br \/>(+23 for winning)\n|l|\u2606Necrozminator\n|c|\u2606skeletoreum|Gg\n","uploadtime":1699623877,"views":16,"p1id":"necrozminator","p2id":"skeletoreum","formatid":"gen9nationaldexubers","rating":1095,"private":0,"password":""}