{"id":"gen9nationaldexubers-1985883942","p1":"SkechiArt","p2":"PsiFi","format":"[Gen 9] National Dex Ubers","log":"|j|\u2606SkechiArt\n|j|\u2606PsiFi\n|t:|1699417303\n|gametype|singles\n|player|p1|SkechiArt|acetrainerf|\n|player|p2|PsiFi|steven|\n|teamsize|p1|6\n|teamsize|p2|6\n|gen|9\n|tier|[Gen 9] National Dex Ubers\n|rule|HP Percentage Mod: HP is shown in percentages\n|rule|Endless Battle Clause: Forcing endless battles is banned\n|rule|OHKO Clause: OHKO moves are banned\n|rule|Evasion Moves Clause: Evasion moves are banned\n|rule|Evasion Items Clause: Evasion items are banned\n|rule|Species Clause: Limit one of each Pok\u00e9mon\n|rule|Sleep Clause Mod: Limit one foe put to sleep\n|rule|Mega Rayquaza Clause: You cannot mega evolve Rayquaza\n|clearpoke\n|poke|p1|Banette, M|\n|poke|p1|Dragonite, F|\n|poke|p1|Hatterene, F|\n|poke|p1|Iron Valiant|\n|poke|p1|Tornadus-Therian, M|\n|poke|p1|Grimmsnarl, M|\n|poke|p2|Mimikyu, F|\n|poke|p2|Sableye, F|\n|poke|p2|Gholdengo|\n|poke|p2|Aegislash, M|\n|poke|p2|Skeledirge, F|\n|poke|p2|Zoroark-Hisui, M|\n|teampreview\n|c|\u2606PsiFi|glhf\n|c|\u2606SkechiArt|u arent ready\n|c|\u2606SkechiArt|:3\n|c|\u2606PsiFi|nuh uh\n|j| Astro Rifk\n|c|\u2606SkechiArt|rifk\n|c|\u2606SkechiArt|hi\n|\n|t:|1699417347\n|start\n|switch|p1a: Banette|Banette, M|100\/100\n|switch|p2a: Osiris|Sableye, F|100\/100\n|turn|1\n|c|\u2606SkechiArt|rate the cook\n|c| Astro Rifk|wtfrog\/10\n|\n|t:|1699417354\n|detailschange|p1a: Banette|Banette-Mega, M\n|-mega|p1a: Banette|Banette|Banettite\n|move|p1a: Banette|Metronome|p1a: Banette\n|move|p1a: Banette|Dragon Darts|p2a: Osiris|[from]move: Metronome\n|-hint|Since gen 7, Dark is immune to Prankster moves.\n|-immune|p2a: Osiris\n|move|p2a: Osiris|Taunt|p1a: Banette\n|-start|p1a: Banette|move: Taunt\n|\n|upkeep\n|turn|2\n|c| Astro Rifk|LOL\n|c|\u2606PsiFi|NO cookin allowed\n|c|\u2606SkechiArt|fuck\n|\n|t:|1699417383\n|switch|p1a: Iron Valiant|Iron Valiant|100\/100\n|detailschange|p2a: Osiris|Sableye-Mega, F\n|-mega|p2a: Osiris|Sableye|Sablenite\n|move|p2a: Osiris|Thunder Wave|p1a: Iron Valiant\n|-status|p1a: Iron Valiant|par\n|\n|upkeep\n|turn|3\n|c|\u2606SkechiArt|i have the wrong ability on hatterene\n|c|\u2606SkechiArt|may be fucked\n|\n|t:|1699417392\n|move|p1a: Iron Valiant|Metronome|p1a: Iron Valiant\n|move|p1a: Iron Valiant|Slash|p2a: Osiris|[from]move: Metronome\n|-immune|p2a: Osiris\n|move|p2a: Osiris|Taunt|p1a: Iron Valiant\n|-start|p1a: Iron Valiant|move: Taunt\n|\n|upkeep\n|turn|4\n|\n|t:|1699417401\n|-end|p1a: Iron Valiant|Quark Drive|[silent]\n|switch|p1a: Dragonite|Dragonite, F|100\/100\n|move|p2a: Osiris|Thunder Wave|p1a: Dragonite\n|-status|p1a: Dragonite|par\n|\n|upkeep\n|turn|5\n|c|\u2606SkechiArt|litterally throwing\n|\n|t:|1699417406\n|move|p1a: Dragonite|Metronome|p1a: Dragonite\n|move|p1a: Dragonite|Grassy Glide|p2a: Osiris|[from]move: Metronome\n|-damage|p2a: Osiris|80\/100\n|move|p2a: Osiris|Taunt|p1a: Dragonite\n|-start|p1a: Dragonite|move: Taunt\n|\n|upkeep\n|turn|6\n|\n|t:|1699417413\n|-activate|p1a: Dragonite|move: Struggle\n|move|p1a: Dragonite|Struggle|p2a: Osiris\n|-damage|p2a: Osiris|61\/100\n|-damage|p1a: Dragonite|75\/100 par|[from] recoil\n|move|p2a: Osiris|Thunder Wave|p1a: Dragonite\n|-fail|p1a: Dragonite|par\n|\n|upkeep\n|turn|7\n|\n|t:|1699417417\n|-activate|p1a: Dragonite|move: Struggle\n|move|p1a: Dragonite|Struggle|p2a: Osiris\n|-damage|p2a: Osiris|40\/100\n|-damage|p1a: Dragonite|50\/100 par|[from] recoil\n|move|p2a: Osiris|Recover|p2a: Osiris\n|-heal|p2a: Osiris|90\/100\n|\n|upkeep\n|turn|8\n|c|\u2606PsiFi|you are\n|c|\u2606PsiFi|burning the kitchen\n|c|\u2606SkechiArt|TO THE GROUND\n|\n|t:|1699417438\n|switch|p1a: Tornadus|Tornadus-Therian, M|100\/100\n|move|p2a: Osiris|Recover|p2a: Osiris\n|-heal|p2a: Osiris|100\/100\n|\n|upkeep\n|turn|9\n|\n|t:|1699417444\n|move|p1a: Tornadus|Metronome|p1a: Tornadus\n|move|p1a: Tornadus|Throat Chop|p2a: Osiris|[from]move: Metronome\n|-damage|p2a: Osiris|88\/100\n|-start|p2a: Osiris|Throat Chop|[silent]\n|move|p2a: Osiris|Thunder Wave|p1a: Tornadus|[miss]\n|-miss|p2a: Osiris|p1a: Tornadus\n|\n|upkeep\n|turn|10\n|\n|t:|1699417450\n|move|p1a: Tornadus|Metronome|p1a: Tornadus\n|move|p1a: Tornadus|Iron Head|p2a: Osiris|[from]move: Metronome\n|-damage|p2a: Osiris|75\/100\n|move|p2a: Osiris|Thunder Wave|p1a: Tornadus\n|-status|p1a: Tornadus|par\n|\n|-end|p2a: Osiris|Throat Chop|[silent]\n|upkeep\n|turn|11\n|\n|t:|1699417455\n|move|p1a: Tornadus|Metronome|p1a: Tornadus\n|move|p1a: Tornadus|Bounce||[from]move: Metronome|[still]\n|-prepare|p1a: Tornadus|Bounce\n|move|p2a: Osiris|Taunt|p1a: Tornadus|[miss]\n|-miss|p2a: Osiris|p1a: Tornadus\n|\n|upkeep\n|turn|12\n|c|\u2606SkechiArt|nuh uh\n|\n|t:|1699417462\n|move|p1a: Tornadus|Bounce|p2a: Osiris|[from]lockedmove\n|-damage|p2a: Osiris|56\/100\n|move|p2a: Osiris|Recover|p2a: Osiris\n|-heal|p2a: Osiris|100\/100\n|\n|upkeep\n|turn|13\n|\n|t:|1699417466\n|move|p1a: Tornadus|Metronome|p1a: Tornadus\n|move|p1a: Tornadus|Victory Dance|p1a: Tornadus|[from]move: Metronome\n|-boost|p1a: Tornadus|atk|1\n|-boost|p1a: Tornadus|def|1\n|-boost|p1a: Tornadus|spe|1\n|move|p2a: Osiris|Taunt|p1a: Tornadus\n|-start|p1a: Tornadus|move: Taunt\n|\n|upkeep\n|turn|14\n|\n|t:|1699417473\n|-activate|p1a: Tornadus|move: Struggle\n|move|p1a: Tornadus|Struggle|p2a: Osiris\n|-damage|p2a: Osiris|88\/100\n|-damage|p1a: Tornadus|75\/100 par|[from] recoil\n|move|p2a: Osiris|Foul Play|p1a: Tornadus\n|-damage|p1a: Tornadus|27\/100 par\n|\n|-heal|p1a: Tornadus|33\/100 par|[from] item: Leftovers\n|upkeep\n|turn|15\n|\n|t:|1699417482\n|switch|p1a: Hatterene|Hatterene, F|100\/100\n|move|p2a: Osiris|Foul Play|p1a: Hatterene\n|-damage|p1a: Hatterene|72\/100\n|\n|upkeep\n|turn|16\n|\n|t:|1699417487\n|move|p1a: Hatterene|Metronome|p1a: Hatterene\n|move|p1a: Hatterene|Gyro Ball|p2a: Osiris|[from]move: Metronome\n|-damage|p2a: Osiris|85\/100\n|move|p2a: Osiris|Taunt|p1a: Hatterene\n|-start|p1a: Hatterene|move: Taunt\n|\n|upkeep\n|turn|17\n|\n|t:|1699417494\n|switch|p1a: Banette|Banette-Mega, M|100\/100\n|move|p2a: Osiris|Thunder Wave|p1a: Banette\n|-status|p1a: Banette|par\n|\n|upkeep\n|turn|18\n|c|\u2606PsiFi|:0\n|\n|t:|1699417499\n|switch|p1a: Dragonite|Dragonite, F|50\/100 par\n|move|p2a: Osiris|Taunt|p1a: Dragonite\n|-start|p1a: Dragonite|move: Taunt\n|\n|upkeep\n|turn|19\n|\n|t:|1699417503\n|switch|p1a: Tornadus|Tornadus-Therian, M|66\/100 par\n|move|p2a: Osiris|Foul Play|p1a: Tornadus\n|-damage|p1a: Tornadus|19\/100 par\n|\n|-heal|p1a: Tornadus|25\/100 par|[from] item: Leftovers\n|upkeep\n|turn|20\n|\n|t:|1699417508\n|move|p1a: Tornadus|Metronome|p1a: Tornadus\n|move|p1a: Tornadus|Reversal|p2a: Osiris|[from]move: Metronome\n|-immune|p2a: Osiris\n|move|p2a: Osiris|Foul Play|p1a: Tornadus\n|-damage|p1a: Tornadus|0 fnt\n|faint|p1a: Tornadus\n|\n|upkeep\n|\n|t:|1699417513\n|switch|p1a: Iron Valiant|Iron Valiant|100\/100 par\n|turn|21\n|\n|t:|1699417517\n|move|p1a: Iron Valiant|Metronome|p1a: Iron Valiant\n|move|p1a: Iron Valiant|Encore|p2a: Osiris|[from]move: Metronome\n|move|p2a: Osiris|Encore||[from]ability: Magic Bounce|[still]\n|-fail|p2a: Osiris\n|move|p2a: Osiris|Taunt|p1a: Iron Valiant\n|-start|p1a: Iron Valiant|move: Taunt\n|\n|upkeep\n|turn|22\n|c|\u2606SkechiArt|tornadus throwing\n|\n|t:|1699417526\n|-end|p1a: Iron Valiant|Quark Drive|[silent]\n|switch|p1a: Grimmsnarl|Grimmsnarl, M|100\/100\n|move|p2a: Osiris|Foul Play|p1a: Grimmsnarl\n|-resisted|p1a: Grimmsnarl\n|-damage|p1a: Grimmsnarl|85\/100\n|\n|-heal|p1a: Grimmsnarl|91\/100|[from] item: Leftovers\n|upkeep\n|turn|23\n|\n|t:|1699417529\n|switch|p1a: Iron Valiant|Iron Valiant|100\/100 par\n|move|p2a: Osiris|Thunder Wave|p1a: Iron Valiant\n|-fail|p1a: Iron Valiant|par\n|\n|upkeep\n|turn|24\n|\n|t:|1699417533\n|move|p1a: Iron Valiant|Metronome|p1a: Iron Valiant\n|move|p1a: Iron Valiant|Psyblade|p2a: Osiris|[from]move: Metronome\n|-immune|p2a: Osiris\n|move|p2a: Osiris|Taunt|p1a: Iron Valiant\n|-start|p1a: Iron Valiant|move: Taunt\n|\n|upkeep\n|turn|25\n|c|\u2606PsiFi|solo sableye we up\n|\n|t:|1699417545\n|-end|p1a: Iron Valiant|Quark Drive|[silent]\n|switch|p1a: Banette|Banette-Mega, M|100\/100 par\n|move|p2a: Osiris|Foul Play|p1a: Banette\n|-supereffective|p1a: Banette\n|-damage|p1a: Banette|0 fnt\n|faint|p1a: Banette\n|\n|upkeep\n|\n|t:|1699417551\n|switch|p1a: Iron Valiant|Iron Valiant|100\/100 par\n|turn|26\n|\n|t:|1699417554\n|move|p1a: Iron Valiant|Metronome|p1a: Iron Valiant\n|move|p1a: Iron Valiant|Grass Knot|p2a: Osiris|[from]move: Metronome\n|-damage|p2a: Osiris|61\/100\n|move|p2a: Osiris|Foul Play|p1a: Iron Valiant\n|-resisted|p1a: Iron Valiant\n|-damage|p1a: Iron Valiant|84\/100 par\n|\n|upkeep\n|turn|27\n|\n|t:|1699417562\n|cant|p1a: Iron Valiant|par\n|move|p2a: Osiris|Taunt|p1a: Iron Valiant\n|-start|p1a: Iron Valiant|move: Taunt\n|\n|upkeep\n|turn|28\n|c|\u2606SkechiArt|i just need like\n|c|\u2606SkechiArt|a moonblast\n|c|\u2606SkechiArt|or smt\n|c|\u2606PsiFi|nuh uh\n|\n|t:|1699417569\n|-end|p1a: Iron Valiant|Quark Drive|[silent]\n|switch|p1a: Hatterene|Hatterene, F|72\/100\n|move|p2a: Osiris|Recover|p2a: Osiris\n|-heal|p2a: Osiris|100\/100\n|\n|upkeep\n|turn|29\n|\n|t:|1699417573\n|move|p1a: Hatterene|Metronome|p1a: Hatterene\n|move|p1a: Hatterene|Forest's Curse|p2a: Osiris|[from]move: Metronome\n|move|p2a: Osiris|Forest's Curse|p1a: Hatterene|[from]ability: Magic Bounce\n|-start|p1a: Hatterene|typeadd|Grass|[from] move: Forest's Curse\n|move|p2a: Osiris|Thunder Wave|p1a: Hatterene\n|-status|p1a: Hatterene|par\n|\n|upkeep\n|turn|30\n|\n|t:|1699417581\n|move|p2a: Osiris|Foul Play|p1a: Hatterene\n|-damage|p1a: Hatterene|43\/100 par\n|move|p1a: Hatterene|Metronome|p1a: Hatterene\n|move|p1a: Hatterene|Circle Throw|p2a: Osiris|[from]move: Metronome\n|-immune|p2a: Osiris\n|\n|upkeep\n|turn|31\n|c|\u2606SkechiArt|im grass now\n|c|\u2606SkechiArt|ur done for\n|\n|t:|1699417588\n|move|p2a: Osiris|Foul Play|p1a: Hatterene\n|-damage|p1a: Hatterene|12\/100 par\n|cant|p1a: Hatterene|par\n|\n|upkeep\n|turn|32\n|c|\u2606PsiFi|hatterene is done for\n|\n|t:|1699417598\n|move|p2a: Osiris|Foul Play|p1a: Hatterene\n|-damage|p1a: Hatterene|0 fnt\n|faint|p1a: Hatterene\n|\n|upkeep\n|\n|t:|1699417600\n|switch|p1a: Iron Valiant|Iron Valiant|84\/100 par\n|turn|33\n|\n|t:|1699417604\n|move|p1a: Iron Valiant|Metronome|p1a: Iron Valiant\n|move|p1a: Iron Valiant|Tackle|p2a: Osiris|[from]move: Metronome\n|-immune|p2a: Osiris\n|move|p2a: Osiris|Taunt|p1a: Iron Valiant\n|-start|p1a: Iron Valiant|move: Taunt\n|\n|upkeep\n|turn|34\n|\n|t:|1699417608\n|-end|p1a: Iron Valiant|Quark Drive|[silent]\n|switch|p1a: Grimmsnarl|Grimmsnarl, M|91\/100\n|move|p2a: Osiris|Foul Play|p1a: Grimmsnarl\n|-resisted|p1a: Grimmsnarl\n|-damage|p1a: Grimmsnarl|75\/100\n|\n|-heal|p1a: Grimmsnarl|81\/100|[from] item: Leftovers\n|upkeep\n|turn|35\n|\n|t:|1699417612\n|switch|p1a: Iron Valiant|Iron Valiant|84\/100 par\n|move|p2a: Osiris|Thunder Wave|p1a: Iron Valiant\n|-fail|p1a: Iron Valiant|par\n|\n|upkeep\n|turn|36\n|\n|t:|1699417615\n|cant|p1a: Iron Valiant|par\n|move|p2a: Osiris|Taunt|p1a: Iron Valiant\n|-start|p1a: Iron Valiant|move: Taunt\n|\n|upkeep\n|turn|37\n|\n|t:|1699417631\n|-end|p1a: Iron Valiant|Quark Drive|[silent]\n|switch|p1a: Dragonite|Dragonite, F|50\/100 par\n|move|p2a: Osiris|Thunder Wave|p1a: Dragonite\n|-fail|p1a: Dragonite|par\n|\n|upkeep\n|turn|38\n|\n|t:|1699417635\n|cant|p1a: Dragonite|par\n|move|p2a: Osiris|Foul Play|p1a: Dragonite\n|-damage|p1a: Dragonite|0 fnt\n|faint|p1a: Dragonite\n|\n|upkeep\n|\n|t:|1699417638\n|switch|p1a: Iron Valiant|Iron Valiant|84\/100 par\n|turn|39\n|\n|t:|1699417643\n|cant|p1a: Iron Valiant|par\n|move|p2a: Osiris|Taunt|p1a: Iron Valiant\n|-start|p1a: Iron Valiant|move: Taunt\n|\n|upkeep\n|turn|40\n|\n|t:|1699417646\n|-end|p1a: Iron Valiant|Quark Drive|[silent]\n|switch|p1a: Grimmsnarl|Grimmsnarl, M|81\/100\n|move|p2a: Osiris|Thunder Wave|p1a: Grimmsnarl\n|-status|p1a: Grimmsnarl|par\n|\n|-heal|p1a: Grimmsnarl|87\/100 par|[from] item: Leftovers\n|upkeep\n|turn|41\n|\n|t:|1699417652\n|switch|p1a: Iron Valiant|Iron Valiant|84\/100 par\n|move|p2a: Osiris|Taunt|p1a: Iron Valiant\n|-start|p1a: Iron Valiant|move: Taunt\n|\n|upkeep\n|turn|42\n|\n|t:|1699417655\n|-end|p1a: Iron Valiant|Quark Drive|[silent]\n|switch|p1a: Grimmsnarl|Grimmsnarl, M|87\/100 par\n|move|p2a: Osiris|Taunt|p1a: Grimmsnarl\n|-start|p1a: Grimmsnarl|move: Taunt\n|\n|-heal|p1a: Grimmsnarl|93\/100 par|[from] item: Leftovers\n|upkeep\n|turn|43\n|\n|t:|1699417659\n|move|p2a: Osiris|Foul Play|p1a: Grimmsnarl\n|-resisted|p1a: Grimmsnarl\n|-damage|p1a: Grimmsnarl|76\/100 par\n|-activate|p1a: Grimmsnarl|move: Struggle\n|move|p1a: Grimmsnarl|Struggle|p2a: Osiris\n|-damage|p2a: Osiris|88\/100\n|-damage|p1a: Grimmsnarl|51\/100 par|[from] recoil\n|\n|-heal|p1a: Grimmsnarl|57\/100 par|[from] item: Leftovers\n|upkeep\n|turn|44\n|\n|t:|1699417665\n|move|p2a: Osiris|Foul Play|p1a: Grimmsnarl\n|-resisted|p1a: Grimmsnarl\n|-damage|p1a: Grimmsnarl|42\/100 par\n|-activate|p1a: Grimmsnarl|move: Struggle\n|move|p1a: Grimmsnarl|Struggle|p2a: Osiris\n|-crit|p2a: Osiris\n|-damage|p2a: Osiris|69\/100\n|-damage|p1a: Grimmsnarl|17\/100 par|[from] recoil\n|\n|-heal|p1a: Grimmsnarl|23\/100 par|[from] item: Leftovers\n|-end|p1a: Grimmsnarl|move: Taunt\n|upkeep\n|turn|45\n|\n|t:|1699417672\n|move|p1a: Grimmsnarl|Metronome|p1a: Grimmsnarl\n|move|p1a: Grimmsnarl|Petal Dance|p2a: Osiris|[from]move: Metronome\n|-hint|Since gen 7, Dark is immune to Prankster moves.\n|-immune|p2a: Osiris\n|move|p2a: Osiris|Foul Play|p1a: Grimmsnarl\n|-resisted|p1a: Grimmsnarl\n|-damage|p1a: Grimmsnarl|7\/100 par\n|\n|-heal|p1a: Grimmsnarl|13\/100 par|[from] item: Leftovers\n|upkeep\n|turn|46\n|c|\u2606SkechiArt|ugh\n|j| Malice Incarnate\n|\n|t:|1699417682\n|move|p1a: Grimmsnarl|Metronome|p1a: Grimmsnarl\n|move|p1a: Grimmsnarl|Electroweb|p2a: Osiris|[from]move: Metronome\n|-hint|Since gen 7, Dark is immune to Prankster moves.\n|-immune|p2a: Osiris\n|move|p2a: Osiris|Foul Play|p1a: Grimmsnarl\n|-resisted|p1a: Grimmsnarl\n|-damage|p1a: Grimmsnarl|0 fnt\n|faint|p1a: Grimmsnarl\n|\n|upkeep\n|c| Astro Rifk|hey psifi\n|\n|t:|1699417686\n|switch|p1a: Iron Valiant|Iron Valiant|84\/100 par\n|turn|47\n|c|\u2606PsiFi|ye\n|l| Malice Incarnate\n|c|\u2606PsiFi|wsp\n|c| Astro Rifk|would u happen to be free for anotjer\n|\n|t:|1699417691\n|move|p1a: Iron Valiant|Metronome|p1a: Iron Valiant\n|move|p1a: Iron Valiant|Zen Headbutt|p2a: Osiris|[from]move: Metronome\n|-immune|p2a: Osiris\n|move|p2a: Osiris|Taunt|p1a: Iron Valiant\n|-start|p1a: Iron Valiant|move: Taunt\n|\n|upkeep\n|turn|48\n|c|\u2606PsiFi|probs\n|\n|t:|1699417699\n|cant|p1a: Iron Valiant|par\n|move|p2a: Osiris|Foul Play|p1a: Iron Valiant\n|-resisted|p1a: Iron Valiant\n|-damage|p1a: Iron Valiant|67\/100 par\n|\n|upkeep\n|turn|49\n|c|\u2606SkechiArt|val is throwing so hard\n|\n|t:|1699417708\n|-activate|p1a: Iron Valiant|move: Struggle\n|move|p1a: Iron Valiant|Struggle|p2a: Osiris\n|-damage|p2a: Osiris|55\/100\n|-damage|p1a: Iron Valiant|42\/100 par|[from] recoil\n|move|p2a: Osiris|Foul Play|p1a: Iron Valiant\n|-resisted|p1a: Iron Valiant\n|-damage|p1a: Iron Valiant|24\/100 par\n|\n|upkeep\n|turn|50\n|\n|t:|1699417714\n|-activate|p1a: Iron Valiant|move: Struggle\n|move|p1a: Iron Valiant|Struggle|p2a: Osiris\n|-damage|p2a: Osiris|42\/100\n|-damage|p1a: Iron Valiant|0 fnt|[from] recoil\n|faint|p1a: Iron Valiant\n|-end|p1a: Iron Valiant|Quark Drive|[silent]\n|\n|win|PsiFi\n|c|\u2606PsiFi|ggs\n","uploadtime":1699417726,"views":4,"p1id":"skechiart","p2id":"psifi","formatid":"gen9nationaldexubers","rating":0,"private":0,"password":""}