{"id":"gen9nationaldexubers-1992429392","p1":"WebbiestMage","p2":"TheZebra44","format":"[Gen 9] National Dex Ubers","log":"|j|\u2606WebbiestMage\n|j|\u2606TheZebra44\n|t:|1700186548\n|gametype|singles\n|player|p1|WebbiestMage|lucas|\n|player|p2|TheZebra44|fisherman-gen4|\n|teamsize|p1|6\n|teamsize|p2|6\n|gen|9\n|tier|[Gen 9] National Dex Ubers\n|rule|HP Percentage Mod: HP is shown in percentages\n|rule|Endless Battle Clause: Forcing endless battles is banned\n|rule|OHKO Clause: OHKO moves are banned\n|rule|Evasion Moves Clause: Evasion moves are banned\n|rule|Evasion Items Clause: Evasion items are banned\n|rule|Species Clause: Limit one of each Pok\u00e9mon\n|rule|Sleep Clause Mod: Limit one foe put to sleep\n|rule|Mega Rayquaza Clause: You cannot mega evolve Rayquaza\n|clearpoke\n|poke|p1|Annihilape, F|\n|poke|p1|Spectrier|\n|poke|p1|Sneasler, F|\n|poke|p1|Abomasnow, F|\n|poke|p1|Iron Leaves|\n|poke|p1|Fezandipiti, M|\n|poke|p2|Tyranitar, F|\n|poke|p2|Houndstone, F|\n|poke|p2|Excadrill, F|\n|poke|p2|Garganacl, M|\n|poke|p2|Salamence, M|\n|poke|p2|Dracovish|\n|teampreview\n|j| PorygonTheBot\n|c| PorygonTheBot|glhf :)\n|\n|t:|1700186635\n|start\n|switch|p1a: Fezandipiti|Fezandipiti, M|100\/100\n|switch|p2a: Salamence|Salamence, M|100\/100\n|turn|1\n|\n|t:|1700186674\n|move|p2a: Salamence|Earthquake|p1a: Fezandipiti\n|-supereffective|p1a: Fezandipiti\n|-damage|p1a: Fezandipiti|55\/100\n|move|p1a: Fezandipiti|Calm Mind|p1a: Fezandipiti\n|-boost|p1a: Fezandipiti|spa|1\n|-boost|p1a: Fezandipiti|spd|1\n|\n|-heal|p1a: Fezandipiti|61\/100|[from] item: Leftovers\n|upkeep\n|turn|2\n|\n|t:|1700186721\n|move|p2a: Salamence|Earthquake|p1a: Fezandipiti\n|-supereffective|p1a: Fezandipiti\n|-damage|p1a: Fezandipiti|12\/100\n|move|p1a: Fezandipiti|Moonblast|p2a: Salamence\n|-supereffective|p2a: Salamence\n|-damage|p2a: Salamence|10\/100\n|\n|-heal|p1a: Fezandipiti|18\/100|[from] item: Leftovers\n|upkeep\n|turn|3\n|\n|t:|1700186730\n|move|p2a: Salamence|Earthquake|p1a: Fezandipiti\n|-supereffective|p1a: Fezandipiti\n|-damage|p1a: Fezandipiti|0 fnt\n|faint|p1a: Fezandipiti\n|-ability|p2a: Salamence|Moxie|boost\n|-boost|p2a: Salamence|atk|1\n|\n|upkeep\n|\n|t:|1700186738\n|switch|p1a: Abomasnow|Abomasnow, F|100\/100\n|-weather|Snow|[from] ability: Snow Warning|[of] p1a: Abomasnow\n|turn|4\n|\n|t:|1700186749\n|switch|p2a: Tyranitar|Tyranitar, F|100\/100\n|-weather|Sandstorm|[from] ability: Sand Stream|[of] p2a: Tyranitar\n|detailschange|p1a: Abomasnow|Abomasnow-Mega, F\n|-mega|p1a: Abomasnow|Abomasnow|Abomasite\n|-weather|Snow|[from] ability: Snow Warning|[of] p1a: Abomasnow\n|move|p1a: Abomasnow|Aurora Veil|p1a: Abomasnow\n|-sidestart|p1: WebbiestMage|move: Aurora Veil\n|\n|-weather|Snow|[upkeep]\n|upkeep\n|turn|5\n|j| WesFromOaksLabWes\n|\n|t:|1700186788\n|move|p2a: Tyranitar|Flamethrower|p1a: Abomasnow\n|-supereffective|p1a: Abomasnow\n|-damage|p1a: Abomasnow|50\/100\n|move|p1a: Abomasnow|Blizzard|p2a: Tyranitar\n|-damage|p2a: Tyranitar|63\/100\n|\n|-weather|Snow|[upkeep]\n|upkeep\n|turn|6\n|\n|t:|1700186802\n|move|p2a: Tyranitar|Flamethrower|p1a: Abomasnow\n|-supereffective|p1a: Abomasnow\n|-damage|p1a: Abomasnow|2\/100\n|-status|p1a: Abomasnow|brn\n|move|p1a: Abomasnow|Giga Drain|p2a: Tyranitar\n|-supereffective|p2a: Tyranitar\n|-damage|p2a: Tyranitar|12\/100\n|-heal|p1a: Abomasnow|29\/100 brn|[from] drain|[of] p2a: Tyranitar\n|\n|-weather|Snow|[upkeep]\n|-damage|p1a: Abomasnow|23\/100 brn|[from] brn\n|upkeep\n|turn|7\n|\n|t:|1700186817\n|move|p2a: Tyranitar|Flamethrower|p1a: Abomasnow\n|-supereffective|p1a: Abomasnow\n|-damage|p1a: Abomasnow|0 fnt\n|faint|p1a: Abomasnow\n|\n|-weather|Snow|[upkeep]\n|upkeep\n|\n|t:|1700186830\n|switch|p1a: Sneasler|Sneasler, F|100\/100\n|-item|p1a: Sneasler|Air Balloon\n|turn|8\n|\n|t:|1700186850\n|switch|p2a: Garganacl|Garganacl, M|100\/100\n|move|p1a: Sneasler|Swords Dance|p1a: Sneasler\n|-boost|p1a: Sneasler|atk|2\n|\n|-weather|none\n|-sideend|p1: WebbiestMage|move: Aurora Veil\n|upkeep\n|turn|9\n|\n|t:|1700186862\n|move|p1a: Sneasler|Dire Claw|p2a: Garganacl\n|-resisted|p2a: Garganacl\n|-damage|p2a: Garganacl|77\/100\n|move|p2a: Garganacl|Salt Cure|p1a: Sneasler\n|-resisted|p1a: Sneasler\n|-damage|p1a: Sneasler|89\/100\n|-start|p1a: Sneasler|Salt Cure\n|-enditem|p1a: Sneasler|Air Balloon\n|\n|-heal|p2a: Garganacl|84\/100|[from] item: Leftovers\n|-damage|p1a: Sneasler|77\/100|[from] Salt Cure\n|upkeep\n|turn|10\n|\n|t:|1700186875\n|move|p2a: Garganacl|Protect|p2a: Garganacl\n|-singleturn|p2a: Garganacl|Protect\n|move|p1a: Sneasler|Acrobatics|p2a: Garganacl\n|-activate|p2a: Garganacl|move: Protect\n|\n|-heal|p2a: Garganacl|90\/100|[from] item: Leftovers\n|-damage|p1a: Sneasler|64\/100|[from] Salt Cure\n|upkeep\n|turn|11\n|\n|t:|1700186886\n|move|p1a: Sneasler|Swords Dance|p1a: Sneasler\n|-boost|p1a: Sneasler|atk|2\n|move|p2a: Garganacl|Stealth Rock|p1a: Sneasler\n|-sidestart|p1: WebbiestMage|move: Stealth Rock\n|\n|-heal|p2a: Garganacl|96\/100|[from] item: Leftovers\n|-damage|p1a: Sneasler|52\/100|[from] Salt Cure\n|upkeep\n|turn|12\n|\n|t:|1700186895\n|move|p2a: Garganacl|Protect|p2a: Garganacl\n|-singleturn|p2a: Garganacl|Protect\n|move|p1a: Sneasler|Dire Claw|p2a: Garganacl\n|-activate|p2a: Garganacl|move: Protect\n|\n|-heal|p2a: Garganacl|100\/100|[from] item: Leftovers\n|-damage|p1a: Sneasler|40\/100|[from] Salt Cure\n|upkeep\n|turn|13\n|\n|t:|1700186907\n|move|p1a: Sneasler|Acrobatics|p2a: Garganacl\n|-resisted|p2a: Garganacl\n|-crit|p2a: Garganacl\n|-damage|p2a: Garganacl|54\/100\n|move|p2a: Garganacl|Recover|p2a: Garganacl\n|-heal|p2a: Garganacl|100\/100\n|\n|-damage|p1a: Sneasler|27\/100|[from] Salt Cure\n|upkeep\n|turn|14\n|\n|t:|1700186916\n|move|p2a: Garganacl|Protect|p2a: Garganacl\n|-singleturn|p2a: Garganacl|Protect\n|move|p1a: Sneasler|Acrobatics|p2a: Garganacl\n|-activate|p2a: Garganacl|move: Protect\n|\n|-damage|p1a: Sneasler|15\/100|[from] Salt Cure\n|upkeep\n|turn|15\n|\n|t:|1700186924\n|move|p1a: Sneasler|Acrobatics|p2a: Garganacl\n|-resisted|p2a: Garganacl\n|-damage|p2a: Garganacl|70\/100\n|move|p2a: Garganacl|Recover|p2a: Garganacl\n|-heal|p2a: Garganacl|100\/100\n|\n|-damage|p1a: Sneasler|3\/100|[from] Salt Cure\n|upkeep\n|turn|16\n|\n|t:|1700186932\n|move|p2a: Garganacl|Protect|p2a: Garganacl\n|-singleturn|p2a: Garganacl|Protect\n|move|p1a: Sneasler|Acrobatics|p2a: Garganacl\n|-activate|p2a: Garganacl|move: Protect\n|\n|-damage|p1a: Sneasler|0 fnt|[from] Salt Cure\n|faint|p1a: Sneasler\n|upkeep\n|\n|t:|1700186943\n|switch|p1a: Iron Leaves|Iron Leaves|100\/100\n|-damage|p1a: Iron Leaves|88\/100|[from] Stealth Rock\n|-enditem|p1a: Iron Leaves|Booster Energy\n|-activate|p1a: Iron Leaves|ability: Quark Drive|[fromitem]\n|-start|p1a: Iron Leaves|quarkdriveatk\n|turn|17\n|\n|t:|1700186955\n|move|p1a: Iron Leaves|Trailblaze|p2a: Garganacl\n|-supereffective|p2a: Garganacl\n|-damage|p2a: Garganacl|65\/100\n|-boost|p1a: Iron Leaves|spe|1\n|move|p2a: Garganacl|Salt Cure|p1a: Iron Leaves\n|-damage|p1a: Iron Leaves|72\/100\n|-start|p1a: Iron Leaves|Salt Cure\n|\n|-heal|p2a: Garganacl|71\/100|[from] item: Leftovers\n|-damage|p1a: Iron Leaves|59\/100|[from] Salt Cure\n|upkeep\n|turn|18\n|\n|t:|1700186968\n|move|p2a: Garganacl|Protect|p2a: Garganacl\n|-singleturn|p2a: Garganacl|Protect\n|move|p1a: Iron Leaves|Trailblaze|p2a: Garganacl\n|-activate|p2a: Garganacl|move: Protect\n|\n|-heal|p2a: Garganacl|77\/100|[from] item: Leftovers\n|-damage|p1a: Iron Leaves|47\/100|[from] Salt Cure\n|upkeep\n|turn|19\n|\n|t:|1700186979\n|move|p1a: Iron Leaves|Trailblaze|p2a: Garganacl\n|-supereffective|p2a: Garganacl\n|-damage|p2a: Garganacl|41\/100\n|-boost|p1a: Iron Leaves|spe|1\n|move|p2a: Garganacl|Recover|p2a: Garganacl\n|-heal|p2a: Garganacl|91\/100\n|\n|-heal|p2a: Garganacl|97\/100|[from] item: Leftovers\n|-damage|p1a: Iron Leaves|34\/100|[from] Salt Cure\n|upkeep\n|turn|20\n|\n|t:|1700186994\n|move|p2a: Garganacl|Protect|p2a: Garganacl\n|-singleturn|p2a: Garganacl|Protect\n|move|p1a: Iron Leaves|Psyblade|p2a: Garganacl\n|-activate|p2a: Garganacl|move: Protect\n|\n|-heal|p2a: Garganacl|100\/100|[from] item: Leftovers\n|-damage|p1a: Iron Leaves|22\/100|[from] Salt Cure\n|upkeep\n|turn|21\n|\n|t:|1700187006\n|move|p1a: Iron Leaves|Psyblade|p2a: Garganacl\n|-crit|p2a: Garganacl\n|-damage|p2a: Garganacl|59\/100\n|move|p2a: Garganacl|Recover|p2a: Garganacl\n|-heal|p2a: Garganacl|100\/100\n|\n|-damage|p1a: Iron Leaves|10\/100|[from] Salt Cure\n|upkeep\n|turn|22\n|\n|t:|1700187016\n|move|p2a: Garganacl|Protect|p2a: Garganacl\n|-singleturn|p2a: Garganacl|Protect\n|move|p1a: Iron Leaves|Psyblade|p2a: Garganacl\n|-activate|p2a: Garganacl|move: Protect\n|\n|-damage|p1a: Iron Leaves|0 fnt|[from] Salt Cure\n|faint|p1a: Iron Leaves\n|-end|p1a: Iron Leaves|Quark Drive|[silent]\n|upkeep\n|\n|t:|1700187026\n|switch|p1a: Spectrier|Spectrier|100\/100\n|-damage|p1a: Spectrier|88\/100|[from] Stealth Rock\n|turn|23\n|\n|t:|1700187034\n|move|p1a: Spectrier|Draining Kiss|p2a: Garganacl\n|-damage|p2a: Garganacl|84\/100\n|-heal|p1a: Spectrier|100\/100|[from] drain|[of] p2a: Garganacl\n|move|p2a: Garganacl|Salt Cure|p1a: Spectrier\n|-damage|p1a: Spectrier|80\/100\n|-start|p1a: Spectrier|Salt Cure\n|\n|-heal|p1a: Spectrier|86\/100|[from] item: Leftovers\n|-heal|p2a: Garganacl|90\/100|[from] item: Leftovers\n|-damage|p1a: Spectrier|74\/100|[from] Salt Cure\n|upkeep\n|turn|24\n|\n|t:|1700187048\n|move|p2a: Garganacl|Protect|p2a: Garganacl\n|-singleturn|p2a: Garganacl|Protect\n|move|p1a: Spectrier|Nasty Plot|p1a: Spectrier\n|-boost|p1a: Spectrier|spa|2\n|\n|-heal|p1a: Spectrier|80\/100|[from] item: Leftovers\n|-heal|p2a: Garganacl|97\/100|[from] item: Leftovers\n|-damage|p1a: Spectrier|68\/100|[from] Salt Cure\n|upkeep\n|turn|25\n|\n|t:|1700187058\n|move|p1a: Spectrier|Draining Kiss|p2a: Garganacl\n|-damage|p2a: Garganacl|61\/100\n|-heal|p1a: Spectrier|99\/100|[from] drain|[of] p2a: Garganacl\n|move|p2a: Garganacl|Recover|p2a: Garganacl\n|-heal|p2a: Garganacl|100\/100\n|\n|-heal|p1a: Spectrier|100\/100|[from] item: Leftovers\n|-damage|p1a: Spectrier|88\/100|[from] Salt Cure\n|upkeep\n|turn|26\n|\n|t:|1700187071\n|switch|p2a: Tyranitar|Tyranitar, F|12\/100\n|-weather|Sandstorm|[from] ability: Sand Stream|[of] p2a: Tyranitar\n|move|p1a: Spectrier|Substitute|p1a: Spectrier\n|-start|p1a: Spectrier|Substitute\n|-damage|p1a: Spectrier|63\/100\n|\n|-weather|Sandstorm|[upkeep]\n|-damage|p1a: Spectrier|57\/100|[from] Sandstorm\n|-heal|p1a: Spectrier|63\/100|[from] item: Leftovers\n|-damage|p1a: Spectrier|51\/100|[from] Salt Cure\n|upkeep\n|turn|27\n|\n|t:|1700187093\n|switch|p2a: Dracovish|Dracovish|100\/100\n|move|p1a: Spectrier|Draining Kiss|p2a: Dracovish\n|-supereffective|p2a: Dracovish\n|-damage|p2a: Dracovish|6\/100\n|-heal|p1a: Spectrier|100\/100|[from] drain|[of] p2a: Dracovish\n|\n|-weather|Sandstorm|[upkeep]\n|-damage|p2a: Dracovish|0 fnt|[from] Sandstorm\n|-damage|p1a: Spectrier|94\/100|[from] Sandstorm\n|faint|p2a: Dracovish\n|-heal|p1a: Spectrier|100\/100|[from] item: Leftovers\n|-damage|p1a: Spectrier|88\/100|[from] Salt Cure\n|upkeep\n|\n|t:|1700187118\n|switch|p2a: Excadrill|Excadrill, F|100\/100\n|turn|28\n|\n|t:|1700187126\n|move|p2a: Excadrill|Earthquake|p1a: Spectrier\n|-end|p1a: Spectrier|Substitute\n|move|p1a: Spectrier|Shadow Ball|p2a: Excadrill\n|-damage|p2a: Excadrill|0 fnt\n|faint|p2a: Excadrill\n|-ability|p1a: Spectrier|Grim Neigh|boost\n|-boost|p1a: Spectrier|spa|1\n|\n|-weather|Sandstorm|[upkeep]\n|-damage|p1a: Spectrier|82\/100|[from] Sandstorm\n|-heal|p1a: Spectrier|88\/100|[from] item: Leftovers\n|-damage|p1a: Spectrier|76\/100|[from] Salt Cure\n|upkeep\n|\n|t:|1700187133\n|switch|p2a: Houndstone|Houndstone, F|100\/100\n|turn|29\n|\n|t:|1700187146\n|move|p2a: Houndstone|Poltergeist|p1a: Spectrier\n|-activate|p1a: Spectrier|move: Poltergeist|Leftovers\n|-supereffective|p1a: Spectrier\n|-damage|p1a: Spectrier|0 fnt\n|faint|p1a: Spectrier\n|-damage|p2a: Houndstone|91\/100|[from] item: Life Orb\n|\n|-weather|Sandstorm|[upkeep]\n|upkeep\n|\n|t:|1700187155\n|switch|p1a: Annihilape|Annihilape, F|100\/100\n|-damage|p1a: Annihilape|94\/100|[from] Stealth Rock\n|turn|30\n|\n|t:|1700187169\n|move|p2a: Houndstone|Poltergeist|p1a: Annihilape\n|-activate|p1a: Annihilape|move: Poltergeist|Leftovers\n|-supereffective|p1a: Annihilape\n|-damage|p1a: Annihilape|0 fnt\n|faint|p1a: Annihilape\n|-damage|p2a: Houndstone|81\/100|[from] item: Life Orb\n|\n|win|TheZebra44\n|l| PorygonTheBot\n|c|\u2606TheZebra44|gg\n","uploadtime":1700187170,"views":26,"p1id":"webbiestmage","p2id":"thezebra44","formatid":"gen9nationaldexubers","rating":0,"private":0,"password":""}