{"id":"gen9nationaldexubers-1983926144","p1":"i like serperior","p2":"Soyeon is a cutie","format":"[Gen 9] National Dex Ubers","log":"|j|\u2606i like serperior\n|j|\u2606Soyeon is a cutie\n|t:|1699200720\n|gametype|singles\n|player|p1|i like serperior|colress|1544\n|player|p2|Soyeon is a cutie|idol|1733\n|teamsize|p1|6\n|teamsize|p2|6\n|gen|9\n|tier|[Gen 9] National Dex Ubers\n|rated|\n|rule|HP Percentage Mod: HP is shown in percentages\n|rule|Endless Battle Clause: Forcing endless battles is banned\n|rule|OHKO Clause: OHKO moves are banned\n|rule|Evasion Moves Clause: Evasion moves are banned\n|rule|Evasion Items Clause: Evasion items are banned\n|rule|Species Clause: Limit one of each Pok\u00e9mon\n|rule|Sleep Clause Mod: Limit one foe put to sleep\n|rule|Mega Rayquaza Clause: You cannot mega evolve Rayquaza\n|clearpoke\n|poke|p1|Groudon|\n|poke|p1|Rayquaza|\n|poke|p1|Ribombee, F|\n|poke|p1|Kyurem-Black|\n|poke|p1|Yveltal|\n|poke|p1|Necrozma-Dawn-Wings|\n|poke|p2|Ditto|\n|poke|p2|Kyogre|\n|poke|p2|Giratina-Origin|\n|poke|p2|Arceus-Dark|\n|poke|p2|Necrozma-Dusk-Mane|\n|poke|p2|Kyurem-Black|\n|teampreview\n|inactive|Battle timer is ON: inactive players will automatically lose when time's up. (requested by Soyeon is a cutie)\n|\n|t:|1699200740\n|start\n|switch|p1a: Orbital strike|Rayquaza|100\/100\n|switch|p2a: Ditto|Ditto, shiny|100\/100\n|-transform|p2a: Ditto|p1a: Orbital strike|[from] ability: Imposter\n|-ability|p1a: Orbital strike|Air Lock\n|turn|1\n|\n|t:|1699200747\n|switch|p2a: Necrozma|Necrozma-Dusk-Mane|100\/100\n|switch|p1a: Nui rama|Ribombee, F|100\/100\n|\n|upkeep\n|turn|2\n|\n|t:|1699200751\n|move|p1a: Nui rama|Sticky Web|p2a: Necrozma\n|-sidestart|p2: Soyeon is a cutie|move: Sticky Web\n|move|p2a: Necrozma|Stealth Rock|p1a: Nui rama\n|-sidestart|p1: i like serperior|move: Stealth Rock\n|\n|upkeep\n|turn|3\n|\n|t:|1699200754\n|switch|p1a: Bagan|Groudon, shiny|100\/100\n|-damage|p1a: Bagan|94\/100|[from] Stealth Rock\n|detailschange|p1a: Bagan|Groudon-Primal, shiny\n|-primal|p1a: Bagan|Red Orb\n|-weather|DesolateLand|[from] ability: Desolate Land|[of] p1a: Bagan\n|switch|p2a: Ditto|Ditto, shiny|100\/100\n|-activate|p2a: Ditto|move: Sticky Web\n|-unboost|p2a: Ditto|spe|1\n|-transform|p2a: Ditto|p1a: Bagan|[from] ability: Imposter\n|\n|-weather|DesolateLand|[upkeep]\n|upkeep\n|turn|4\n|\n|t:|1699200760\n|switch|p2a: Necrozma|Necrozma-Dusk-Mane|100\/100\n|-activate|p2a: Necrozma|move: Sticky Web\n|-unboost|p2a: Necrozma|spe|1\n|-weather|none\n|switch|p1a: Orbital strike|Rayquaza|100\/100\n|-damage|p1a: Orbital strike|75\/100|[from] Stealth Rock\n|-ability|p1a: Orbital strike|Air Lock\n|\n|upkeep\n|turn|5\n|\n|t:|1699200765\n|detailschange|p2a: Necrozma|Necrozma-Ultra\n|-burst|p2a: Necrozma|Necrozma|Ultranecrozium Z\n|move|p1a: Orbital strike|Overheat|p2a: Necrozma\n|-resisted|p2a: Necrozma\n|-damage|p2a: Necrozma|55\/100\n|-unboost|p1a: Orbital strike|spa|2\n|move|p2a: Necrozma|Dragon Pulse|p1a: Orbital strike\n|-supereffective|p1a: Orbital strike\n|-damage|p1a: Orbital strike|0 fnt\n|faint|p1a: Orbital strike\n|\n|upkeep\n|\n|t:|1699200777\n|switch|p1a: Yveltal|Yveltal, shiny|100\/100\n|-damage|p1a: Yveltal|75\/100|[from] Stealth Rock\n|-ability|p1a: Yveltal|Dark Aura\n|turn|6\n|\n|t:|1699200789\n|switch|p2a: Arceus|Arceus-Dark|100\/100\n|-activate|p2a: Arceus|move: Sticky Web\n|-unboost|p2a: Arceus|spe|1\n|move|p1a: Yveltal|Dark Pulse|p2a: Arceus\n|-resisted|p2a: Arceus\n|-damage|p2a: Arceus|85\/100\n|\n|-heal|p1a: Yveltal|82\/100|[from] item: Leftovers\n|upkeep\n|turn|7\n|\n|t:|1699200792\n|move|p2a: Arceus|Toxic|p1a: Yveltal\n|-status|p1a: Yveltal|tox\n|move|p1a: Yveltal|Toxic|p2a: Arceus\n|-status|p2a: Arceus|tox\n|\n|-heal|p1a: Yveltal|88\/100 tox|[from] item: Leftovers\n|-damage|p2a: Arceus|79\/100 tox|[from] psn\n|-damage|p1a: Yveltal|82\/100 tox|[from] psn\n|upkeep\n|turn|8\n|\n|t:|1699200798\n|move|p2a: Arceus|Foul Play|p1a: Yveltal\n|-resisted|p1a: Yveltal\n|-damage|p1a: Yveltal|63\/100 tox\n|move|p1a: Yveltal|Oblivion Wing|p2a: Arceus\n|-damage|p2a: Arceus|53\/100 tox\n|-heal|p1a: Yveltal|82\/100 tox|[from] drain|[of] p2a: Arceus\n|\n|-heal|p1a: Yveltal|88\/100 tox|[from] item: Leftovers\n|-damage|p2a: Arceus|41\/100 tox|[from] psn\n|-damage|p1a: Yveltal|76\/100 tox|[from] psn\n|upkeep\n|turn|9\n|\n|t:|1699200803\n|move|p2a: Arceus|Recover|p2a: Arceus\n|-heal|p2a: Arceus|91\/100 tox\n|move|p1a: Yveltal|Oblivion Wing|p2a: Arceus\n|-damage|p2a: Arceus|67\/100 tox\n|-heal|p1a: Yveltal|94\/100 tox|[from] drain|[of] p2a: Arceus\n|\n|-heal|p1a: Yveltal|100\/100 tox|[from] item: Leftovers\n|-damage|p2a: Arceus|49\/100 tox|[from] psn\n|-damage|p1a: Yveltal|82\/100 tox|[from] psn\n|upkeep\n|turn|10\n|\n|t:|1699200807\n|move|p2a: Arceus|Recover|p2a: Arceus\n|-heal|p2a: Arceus|99\/100 tox\n|move|p1a: Yveltal|Oblivion Wing|p2a: Arceus\n|-damage|p2a: Arceus|71\/100 tox\n|-heal|p1a: Yveltal|100\/100 tox|[from] drain|[of] p2a: Arceus\n|\n|-damage|p2a: Arceus|47\/100 tox|[from] psn\n|-damage|p1a: Yveltal|76\/100 tox|[from] psn\n|upkeep\n|turn|11\n|\n|t:|1699200813\n|switch|p2a: Ditto|Ditto, shiny|100\/100\n|-activate|p2a: Ditto|move: Sticky Web\n|-unboost|p2a: Ditto|spe|1\n|-transform|p2a: Ditto|p1a: Yveltal|[from] ability: Imposter\n|-ability|p2a: Ditto|Dark Aura\n|move|p1a: Yveltal|Oblivion Wing|p2a: Ditto\n|-damage|p2a: Ditto|59\/100\n|-heal|p1a: Yveltal|97\/100 tox|[from] drain|[of] p2a: Ditto\n|\n|-heal|p1a: Yveltal|100\/100 tox|[from] item: Leftovers\n|-damage|p1a: Yveltal|70\/100 tox|[from] psn\n|upkeep\n|turn|12\n|\n|t:|1699200817\n|move|p2a: Ditto|Defog|p1a: Yveltal\n|-unboost|p1a: Yveltal|evasion|1\n|-sideend|p1: i like serperior|Stealth Rock|[from] move: Defog|[of] p2a: Ditto\n|-sideend|p2: Soyeon is a cutie|Sticky Web|[from] move: Defog|[of] p2a: Ditto\n|move|p1a: Yveltal|Toxic|p2a: Ditto\n|-status|p2a: Ditto|tox\n|\n|-heal|p1a: Yveltal|76\/100 tox|[from] item: Leftovers\n|-damage|p2a: Ditto|53\/100 tox|[from] psn\n|-damage|p1a: Yveltal|39\/100 tox|[from] psn\n|upkeep\n|turn|13\n|\n|t:|1699200820\n|switch|p2a: Arceus|Arceus-Dark|47\/100 tox\n|move|p1a: Yveltal|Oblivion Wing|p2a: Arceus\n|-damage|p2a: Arceus|20\/100 tox\n|-heal|p1a: Yveltal|59\/100 tox|[from] drain|[of] p2a: Arceus\n|\n|-heal|p1a: Yveltal|65\/100 tox|[from] item: Leftovers\n|-damage|p2a: Arceus|14\/100 tox|[from] psn\n|-damage|p1a: Yveltal|23\/100 tox|[from] psn\n|upkeep\n|turn|14\n|\n|t:|1699200823\n|switch|p1a: Nui rama|Ribombee, F|100\/100\n|move|p2a: Arceus|Foul Play|p1a: Nui rama\n|-resisted|p1a: Nui rama\n|-damage|p1a: Nui rama|83\/100\n|\n|-damage|p2a: Arceus|2\/100 tox|[from] psn\n|upkeep\n|turn|15\n|\n|t:|1699200833\n|switch|p2a: Ditto|Ditto, shiny|53\/100 tox\n|-transform|p2a: Ditto|p1a: Nui rama|[from] ability: Imposter\n|move|p1a: Nui rama|Moonblast|p2a: Ditto\n|-damage|p2a: Ditto|0 fnt\n|faint|p2a: Ditto\n|\n|upkeep\n|\n|t:|1699200838\n|switch|p2a: Necrozma|Necrozma-Ultra|55\/100\n|turn|16\n|\n|t:|1699200841\n|move|p2a: Necrozma|Photon Geyser|p1a: Nui rama\n|-damage|p1a: Nui rama|0 fnt\n|faint|p1a: Nui rama\n|\n|upkeep\n|\n|t:|1699200848\n|switch|p1a: Bagan|Groudon-Primal, shiny|94\/100\n|-weather|DesolateLand|[from] ability: Desolate Land|[of] p1a: Bagan\n|turn|17\n|\n|t:|1699200850\n|move|p2a: Necrozma|Earth Power|p1a: Bagan\n|-supereffective|p1a: Bagan\n|-damage|p1a: Bagan|0 fnt\n|faint|p1a: Bagan\n|-weather|none\n|\n|upkeep\n|\n|t:|1699200859\n|switch|p1a: EOS|Necrozma-Dawn-Wings|100\/100\n|turn|18\n|\n|t:|1699200869\n|move|p2a: Necrozma|Stealth Rock|p1a: EOS\n|-sidestart|p1: i like serperior|move: Stealth Rock\n|move|p1a: EOS|Calm Mind|p1a: EOS\n|-boost|p1a: EOS|spa|1\n|-boost|p1a: EOS|spd|1\n|\n|upkeep\n|turn|19\n|\n|t:|1699200873\n|move|p2a: Necrozma|Dragon Pulse|p1a: EOS\n|-crit|p1a: EOS\n|-damage|p1a: EOS|44\/100\n|move|p1a: EOS|Iron Defense|p1a: EOS\n|-boost|p1a: EOS|def|2\n|\n|-heal|p1a: EOS|50\/100|[from] item: Leftovers\n|upkeep\n|turn|20\n|\n|t:|1699200877\n|-zpower|p2a: Necrozma\n|move|p2a: Necrozma|Light That Burns the Sky|p1a: EOS|[zeffect]\n|-resisted|p1a: EOS\n|-damage|p1a: EOS|23\/100\n|move|p1a: EOS|Moonlight|p1a: EOS\n|-heal|p1a: EOS|73\/100\n|\n|-heal|p1a: EOS|79\/100|[from] item: Leftovers\n|upkeep\n|turn|21\n|\n|t:|1699200886\n|move|p2a: Necrozma|Dragon Pulse|p1a: EOS\n|-damage|p1a: EOS|57\/100\n|move|p1a: EOS|Calm Mind|p1a: EOS\n|-boost|p1a: EOS|spa|1\n|-boost|p1a: EOS|spd|1\n|\n|-heal|p1a: EOS|63\/100|[from] item: Leftovers\n|upkeep\n|turn|22\n|\n|t:|1699200894\n|move|p2a: Necrozma|Dragon Pulse|p1a: EOS\n|-damage|p1a: EOS|44\/100\n|move|p1a: EOS|Calm Mind|p1a: EOS\n|-boost|p1a: EOS|spa|1\n|-boost|p1a: EOS|spd|1\n|\n|-heal|p1a: EOS|50\/100|[from] item: Leftovers\n|upkeep\n|turn|23\n|\n|t:|1699200903\n|switch|p2a: Giratina|Giratina-Origin|100\/100\n|move|p1a: EOS|Moonlight|p1a: EOS\n|-heal|p1a: EOS|99\/100\n|\n|-heal|p1a: EOS|100\/100|[from] item: Leftovers\n|upkeep\n|turn|24\n|\n|t:|1699200909\n|-terastallize|p1a: EOS|Poison\n|move|p2a: Giratina|Shadow Sneak|p1a: EOS\n|-damage|p1a: EOS|94\/100\n|move|p1a: EOS|Iron Defense|p1a: EOS\n|-boost|p1a: EOS|def|2\n|\n|-heal|p1a: EOS|99\/100|[from] item: Leftovers\n|upkeep\n|turn|25\n|\n|t:|1699200913\n|move|p2a: Giratina|Will-O-Wisp|p1a: EOS\n|-status|p1a: EOS|brn\n|move|p1a: EOS|Iron Defense|p1a: EOS\n|-boost|p1a: EOS|def|2\n|\n|-heal|p1a: EOS|100\/100 brn|[from] item: Leftovers\n|-damage|p1a: EOS|94\/100 brn|[from] brn\n|upkeep\n|turn|26\n|\n|t:|1699200921\n|move|p2a: Giratina|Hex|p1a: EOS\n|-damage|p1a: EOS|76\/100 brn\n|move|p1a: EOS|Stored Power|p2a: Giratina\n|-damage|p2a: Giratina|0 fnt\n|faint|p2a: Giratina\n|\n|-heal|p1a: EOS|82\/100 brn|[from] item: Leftovers\n|-damage|p1a: EOS|76\/100 brn|[from] brn\n|upkeep\n|\n|t:|1699200927\n|switch|p2a: Arceus|Arceus-Dark|2\/100 tox\n|turn|27\n|\n|t:|1699200930\n|move|p2a: Arceus|Recover|p2a: Arceus\n|-heal|p2a: Arceus|52\/100 tox\n|move|p1a: EOS|Calm Mind|p1a: EOS\n|-boost|p1a: EOS|spa|1\n|-boost|p1a: EOS|spd|1\n|\n|-heal|p1a: EOS|82\/100 brn|[from] item: Leftovers\n|-damage|p2a: Arceus|46\/100 tox|[from] psn\n|-damage|p1a: EOS|76\/100 brn|[from] brn\n|upkeep\n|turn|28\n|\n|t:|1699200934\n|move|p2a: Arceus|Recover|p2a: Arceus\n|-heal|p2a: Arceus|96\/100 tox\n|move|p1a: EOS|Calm Mind|p1a: EOS\n|-boost|p1a: EOS|spa|1\n|-boost|p1a: EOS|spd|1\n|\n|-heal|p1a: EOS|82\/100 brn|[from] item: Leftovers\n|-damage|p2a: Arceus|84\/100 tox|[from] psn\n|-damage|p1a: EOS|76\/100 brn|[from] brn\n|upkeep\n|turn|29\n|\n|t:|1699200941\n|switch|p2a: Necrozma|Necrozma-Ultra|55\/100\n|move|p1a: EOS|Calm Mind|p1a: EOS\n|-boost|p1a: EOS|spa|1\n|-boost|p1a: EOS|spd|1\n|\n|-heal|p1a: EOS|82\/100 brn|[from] item: Leftovers\n|-damage|p1a: EOS|76\/100 brn|[from] brn\n|upkeep\n|turn|30\n|\n|t:|1699200944\n|move|p2a: Necrozma|Photon Geyser|p1a: EOS\n|-supereffective|p1a: EOS\n|-crit|p1a: EOS\n|-damage|p1a: EOS|0 fnt\n|faint|p1a: EOS\n|\n|upkeep\n|\n|t:|1699200950\n|switch|p1a: Yveltal|Yveltal, shiny|23\/100 tox\n|-damage|p1a: Yveltal|0 fnt|[from] Stealth Rock\n|faint|p1a: Yveltal\n|\n|t:|1699200951\n|switch|p1a: Frost bite|Kyurem-Black, shiny|100\/100\n|-damage|p1a: Frost bite|75\/100|[from] Stealth Rock\n|-ability|p1a: Frost bite|Teravolt\n|turn|31\n|\n|t:|1699200957\n|move|p2a: Necrozma|Dragon Pulse|p1a: Frost bite\n|-supereffective|p1a: Frost bite\n|-damage|p1a: Frost bite|0 fnt\n|faint|p1a: Frost bite\n|\n|win|Soyeon is a cutie\n|raw|i like serperior's rating: 1544 &rarr; <strong>1534<\/strong><br \/>(-10 for losing)\n|raw|Soyeon is a cutie's rating: 1745 &rarr; <strong>1755<\/strong><br \/>(+10 for winning)\n|l|\u2606i like serperior\n|l|\u2606Soyeon is a cutie\n","uploadtime":1699201229,"views":4,"p1id":"ilikeserperior","p2id":"soyeonisacutie","formatid":"gen9nationaldexubers","rating":1534,"private":0,"password":""}