{"id":"gen9nationaldexubers-1977898486","p1":"EA-ItsInTheGame","p2":"Jacobi420","format":"[Gen 9] National Dex Ubers","log":"|j|\u2606EA-ItsInTheGame\n|j|\u2606Jacobi420\n|t:|1698463471\n|gametype|singles\n|player|p1|EA-ItsInTheGame|265|1157\n|player|p2|Jacobi420|n-masters2|1152\n|teamsize|p1|6\n|teamsize|p2|6\n|gen|9\n|tier|[Gen 9] National Dex Ubers\n|rated|\n|rule|HP Percentage Mod: HP is shown in percentages\n|rule|Endless Battle Clause: Forcing endless battles is banned\n|rule|OHKO Clause: OHKO moves are banned\n|rule|Evasion Moves Clause: Evasion moves are banned\n|rule|Evasion Items Clause: Evasion items are banned\n|rule|Species Clause: Limit one of each Pok\u00e9mon\n|rule|Sleep Clause Mod: Limit one foe put to sleep\n|rule|Mega Rayquaza Clause: You cannot mega evolve Rayquaza\n|clearpoke\n|poke|p1|Necrozma-Dusk-Mane|\n|poke|p1|Dracovish|\n|poke|p1|Zacian-*|\n|poke|p1|Groudon|\n|poke|p1|Kyogre|\n|poke|p1|Nihilego|\n|poke|p2|Hitmonlee, M|\n|poke|p2|Absol, M|\n|poke|p2|Skarmory, F|\n|poke|p2|Gliscor, F|\n|poke|p2|Stoutland, M|\n|poke|p2|Gigalith, F|\n|teampreview\n|\n|t:|1698463477\n|start\n|switch|p1a: Zacian|Zacian-Crowned|100\/100\n|switch|p2a: Gigalith|Gigalith, F|100\/100\n|-ability|p1a: Zacian|Intrepid Sword|boost\n|-boost|p1a: Zacian|atk|1\n|-weather|Sandstorm|[from] ability: Sand Stream|[of] p2a: Gigalith\n|turn|1\n|\n|t:|1698463489\n|move|p1a: Zacian|Swords Dance|p1a: Zacian\n|-boost|p1a: Zacian|atk|2\n|move|p2a: Gigalith|Explosion|p1a: Zacian\n|-resisted|p1a: Zacian\n|-damage|p1a: Zacian|51\/100\n|faint|p2a: Gigalith\n|\n|-weather|Sandstorm|[upkeep]\n|upkeep\n|\n|t:|1698463496\n|switch|p2a: Gliscor|Gliscor, F|100\/100\n|turn|2\n|c|\u2606EA-ItsInTheGame|...\n|\n|t:|1698463503\n|move|p1a: Zacian|Behemoth Blade|p2a: Gliscor\n|-damage|p2a: Gliscor|0 fnt\n|faint|p2a: Gliscor\n|\n|-weather|Sandstorm|[upkeep]\n|upkeep\n|\n|t:|1698463511\n|switch|p2a: Skarmory|Skarmory, F|100\/100\n|turn|3\n|\n|t:|1698463521\n|move|p1a: Zacian|Behemoth Blade|p2a: Skarmory\n|-resisted|p2a: Skarmory\n|-damage|p2a: Skarmory|61\/100\n|-damage|p1a: Zacian|34\/100|[from] item: Rocky Helmet|[of] p2a: Skarmory\n|move|p2a: Skarmory|Counter|p1a: Zacian\n|-damage|p1a: Zacian|0 fnt\n|faint|p1a: Zacian\n|\n|-weather|Sandstorm|[upkeep]\n|upkeep\n|\n|t:|1698463533\n|switch|p1a: Kyogre|Kyogre|100\/100\n|detailschange|p1a: Kyogre|Kyogre-Primal\n|-primal|p1a: Kyogre|Blue Orb\n|-weather|PrimordialSea|[from] ability: Primordial Sea|[of] p1a: Kyogre\n|turn|4\n|\n|t:|1698463544\n|switch|p2a: Stoutland|Stoutland, M|100\/100\n|move|p1a: Kyogre|Origin Pulse|p2a: Stoutland\n|-damage|p2a: Stoutland|0 fnt\n|faint|p2a: Stoutland\n|\n|-weather|PrimordialSea|[upkeep]\n|upkeep\n|\n|t:|1698463553\n|switch|p2a: Absol|Absol, M|100\/100\n|-ability|p2a: Absol|Pressure\n|turn|5\n|\n|t:|1698463558\n|detailschange|p2a: Absol|Absol-Mega, M\n|-mega|p2a: Absol|Absol|Absolite\n|move|p2a: Absol|Sucker Punch|p1a: Kyogre\n|-damage|p1a: Kyogre|53\/100\n|move|p1a: Kyogre|Origin Pulse|p2a: Absol\n|-damage|p2a: Absol|0 fnt\n|faint|p2a: Absol\n|\n|-weather|PrimordialSea|[upkeep]\n|upkeep\n|\n|t:|1698463568\n|switch|p2a: Skarmory|Skarmory, F|61\/100\n|turn|6\n|\n|t:|1698463575\n|move|p1a: Kyogre|Origin Pulse|p2a: Skarmory\n|-damage|p2a: Skarmory|0 fnt\n|faint|p2a: Skarmory\n|\n|-weather|PrimordialSea|[upkeep]\n|upkeep\n|\n|t:|1698463578\n|switch|p2a: Hitmonlee|Hitmonlee, M|100\/100\n|turn|7\n|\n|t:|1698463582\n|move|p2a: Hitmonlee|Endure|p2a: Hitmonlee\n|-singleturn|p2a: Hitmonlee|move: Endure\n|move|p1a: Kyogre|Origin Pulse|p2a: Hitmonlee\n|-activate|p2a: Hitmonlee|move: Endure\n|-damage|p2a: Hitmonlee|1\/100\n|-enditem|p2a: Hitmonlee|Liechi Berry|[eat]\n|-boost|p2a: Hitmonlee|atk|1|[from] item: Liechi Berry\n|\n|-weather|PrimordialSea|[upkeep]\n|upkeep\n|turn|8\n|\n|t:|1698463591\n|-terastallize|p2a: Hitmonlee|Fighting\n|move|p2a: Hitmonlee|Reversal|p1a: Kyogre\n|-damage|p1a: Kyogre|0 fnt\n|faint|p1a: Kyogre\n|-weather|none\n|\n|upkeep\n|\n|t:|1698463601\n|switch|p1a: Dracovish|Dracovish|100\/100\n|turn|9\n|\n|t:|1698463605\n|-terastallize|p1a: Dracovish|Water\n|move|p2a: Hitmonlee|Reversal|p1a: Dracovish\n|-damage|p1a: Dracovish|0 fnt\n|faint|p1a: Dracovish\n|\n|upkeep\n|\n|t:|1698463614\n|switch|p1a: Nihilego|Nihilego, shiny|100\/100\n|turn|10\n|\n|t:|1698463617\n|move|p2a: Hitmonlee|Reversal|p1a: Nihilego\n|-damage|p1a: Nihilego|0 fnt\n|faint|p1a: Nihilego\n|\n|upkeep\n|\n|t:|1698463622\n|switch|p1a: Necrozma|Necrozma-Dusk-Mane|100\/100\n|turn|11\n|\n|t:|1698463626\n|detailschange|p1a: Necrozma|Necrozma-Ultra\n|-burst|p1a: Necrozma|Necrozma|Ultranecrozium Z\n|move|p2a: Hitmonlee|Reversal|p1a: Necrozma\n|-resisted|p1a: Necrozma\n|-damage|p1a: Necrozma|4\/100\n|move|p1a: Necrozma|Photon Geyser|p2a: Hitmonlee\n|-supereffective|p2a: Hitmonlee\n|-damage|p2a: Hitmonlee|0 fnt\n|faint|p2a: Hitmonlee\n|\n|win|EA-ItsInTheGame\n|raw|EA-ItsInTheGame's rating: 1157 &rarr; <strong>1182<\/strong><br \/>(+25 for winning)\n|raw|Jacobi420's rating: 1152 &rarr; <strong>1127<\/strong><br \/>(-25 for losing)\n","uploadtime":1698463632,"views":12,"p1id":"eaitsinthegame","p2id":"jacobi420","formatid":"gen9nationaldexubers","rating":1127,"private":0,"password":""}