{"id":"gen9nationaldexubers-1978095445","p1":"NeonJolteonWasUsed","p2":"85792195wwww","format":"[Gen 9] National Dex Ubers","log":"|j|\u2606NeonJolteonWasUsed\n|j|\u260685792195wwww\n|t:|1698498628\n|gametype|singles\n|player|p1|NeonJolteonWasUsed|tourist|1738\n|player|p2|85792195wwww|lady|1852\n|teamsize|p1|6\n|teamsize|p2|6\n|gen|9\n|tier|[Gen 9] National Dex Ubers\n|rated|\n|rule|HP Percentage Mod: HP is shown in percentages\n|rule|Endless Battle Clause: Forcing endless battles is banned\n|rule|OHKO Clause: OHKO moves are banned\n|rule|Evasion Moves Clause: Evasion moves are banned\n|rule|Evasion Items Clause: Evasion items are banned\n|rule|Species Clause: Limit one of each Pok\u00e9mon\n|rule|Sleep Clause Mod: Limit one foe put to sleep\n|rule|Mega Rayquaza Clause: You cannot mega evolve Rayquaza\n|clearpoke\n|poke|p1|Kyurem-Black|\n|poke|p1|Xerneas-*|\n|poke|p1|Giratina-Origin|\n|poke|p1|Magearna|\n|poke|p1|Groudon|\n|poke|p1|Arceus-Dark|\n|poke|p2|Calyrex-Ice|\n|poke|p2|Groudon|\n|poke|p2|Krookodile, F|\n|poke|p2|Xerneas-*|\n|poke|p2|Zacian-*|\n|poke|p2|Arceus|\n|teampreview\n|inactive|Battle timer is ON: inactive players will automatically lose when time's up. (requested by NeonJolteonWasUsed)\n|\n|t:|1698498642\n|start\n|switch|p1a: Kyurem|Kyurem-Black|100\/100\n|switch|p2a: Krookodile|Krookodile, F|100\/100\n|-ability|p1a: Kyurem|Teravolt\n|-ability|p2a: Krookodile|Intimidate|boost\n|-unboost|p1a: Kyurem|atk|1\n|turn|1\n|\n|t:|1698498651\n|switch|p2a: Zacian|Zacian-Crowned|100\/100\n|-ability|p2a: Zacian|Intrepid Sword|boost\n|-boost|p2a: Zacian|atk|1\n|move|p1a: Kyurem|Icicle Spear|p2a: Zacian\n|-resisted|p2a: Zacian\n|-damage|p2a: Zacian|95\/100\n|-resisted|p2a: Zacian\n|-damage|p2a: Zacian|90\/100\n|-resisted|p2a: Zacian\n|-damage|p2a: Zacian|85\/100\n|-resisted|p2a: Zacian\n|-crit|p2a: Zacian\n|-damage|p2a: Zacian|74\/100\n|-hitcount|p2a: Zacian|4\n|\n|upkeep\n|turn|2\n|\n|t:|1698498664\n|switch|p2a: Krookodile|Krookodile, F|100\/100\n|-ability|p2a: Krookodile|Intimidate|boost\n|-unboost|p1a: Kyurem|atk|1\n|switch|p1a: Groudon|Groudon|100\/100\n|detailschange|p1a: Groudon|Groudon-Primal\n|-primal|p1a: Groudon|Red Orb\n|-weather|DesolateLand|[from] ability: Desolate Land|[of] p1a: Groudon\n|\n|-weather|DesolateLand|[upkeep]\n|upkeep\n|turn|3\n|\n|t:|1698498675\n|move|p2a: Krookodile|Bulldoze|p1a: Groudon\n|-supereffective|p1a: Groudon\n|-damage|p1a: Groudon|67\/100\n|-unboost|p1a: Groudon|spe|1\n|move|p1a: Groudon|Stealth Rock|p2a: Krookodile\n|-sidestart|p2: 85792195wwww|move: Stealth Rock\n|\n|-weather|DesolateLand|[upkeep]\n|upkeep\n|turn|4\n|\n|t:|1698498682\n|-weather|none\n|switch|p1a: Kyurem|Kyurem-Black|100\/100\n|-ability|p1a: Kyurem|Teravolt\n|move|p2a: Krookodile|Stealth Rock|p1a: Kyurem\n|-sidestart|p1: NeonJolteonWasUsed|move: Stealth Rock\n|\n|upkeep\n|turn|5\n|\n|t:|1698498692\n|switch|p2a: Zacian|Zacian-Crowned|74\/100\n|-damage|p2a: Zacian|68\/100|[from] Stealth Rock\n|move|p1a: Kyurem|Icicle Spear|p2a: Zacian\n|-resisted|p2a: Zacian\n|-damage|p2a: Zacian|60\/100\n|-resisted|p2a: Zacian\n|-damage|p2a: Zacian|53\/100\n|-resisted|p2a: Zacian\n|-damage|p2a: Zacian|45\/100\n|-resisted|p2a: Zacian\n|-damage|p2a: Zacian|37\/100\n|-hitcount|p2a: Zacian|4\n|\n|upkeep\n|turn|6\n|\n|t:|1698498706\n|switch|p1a: Groudon|Groudon-Primal|67\/100\n|-damage|p1a: Groudon|55\/100|[from] Stealth Rock\n|-weather|DesolateLand|[from] ability: Desolate Land|[of] p1a: Groudon\n|move|p2a: Zacian|Close Combat|p1a: Groudon\n|-damage|p1a: Groudon|28\/100\n|-unboost|p2a: Zacian|def|1\n|-unboost|p2a: Zacian|spd|1\n|\n|-weather|DesolateLand|[upkeep]\n|upkeep\n|turn|7\n|\n|t:|1698498717\n|switch|p2a: Krookodile|Krookodile, F|100\/100\n|-damage|p2a: Krookodile|94\/100|[from] Stealth Rock\n|-ability|p2a: Krookodile|Intimidate|boost\n|-unboost|p1a: Groudon|atk|1\n|move|p1a: Groudon|Heat Crash|p2a: Krookodile\n|-damage|p2a: Krookodile|0 fnt\n|faint|p2a: Krookodile\n|\n|-weather|DesolateLand|[upkeep]\n|upkeep\n|\n|t:|1698498738\n|switch|p2a: Calyrex|Calyrex-Ice|100\/100\n|-ability|p2a: Calyrex|As One\n|-ability|p2a: Calyrex|Unnerve\n|turn|8\n|\n|t:|1698498749\n|-weather|none\n|switch|p1a: Arceus|Arceus-Dark|100\/100\n|-damage|p1a: Arceus|88\/100|[from] Stealth Rock\n|move|p2a: Calyrex|Glacial Lance|p1a: Arceus\n|-damage|p1a: Arceus|47\/100\n|\n|upkeep\n|turn|9\n|\n|t:|1698498758\n|move|p1a: Arceus|Recover|p1a: Arceus\n|-heal|p1a: Arceus|97\/100\n|move|p2a: Calyrex|Agility|p2a: Calyrex\n|-boost|p2a: Calyrex|spe|2\n|\n|upkeep\n|turn|10\n|\n|t:|1698498784\n|-terastallize|p2a: Calyrex|Ice\n|move|p2a: Calyrex|Glacial Lance|p1a: Arceus\n|-damage|p1a: Arceus|38\/100\n|move|p1a: Arceus|Foul Play|p2a: Calyrex\n|-crit|p2a: Calyrex\n|-damage|p2a: Calyrex|20\/100\n|\n|upkeep\n|turn|11\n|\n|t:|1698498793\n|move|p2a: Calyrex|Glacial Lance|p1a: Arceus\n|-damage|p1a: Arceus|0 fnt\n|faint|p1a: Arceus\n|-ability|p2a: Calyrex|Chilling Neigh|boost\n|-boost|p2a: Calyrex|atk|1\n|\n|upkeep\n|\n|t:|1698498796\n|switch|p1a: Xerneas|Xerneas|100\/100\n|-damage|p1a: Xerneas|88\/100|[from] Stealth Rock\n|-ability|p1a: Xerneas|Fairy Aura\n|turn|12\n|\n|t:|1698498804\n|move|p1a: Xerneas|Moonblast|p2a: Calyrex\n|-damage|p2a: Calyrex|0 fnt\n|faint|p2a: Calyrex\n|\n|upkeep\n|j| Pikachu7868\n|\n|t:|1698498822\n|switch|p2a: Groudon|Groudon|100\/100\n|-damage|p2a: Groudon|94\/100|[from] Stealth Rock\n|detailschange|p2a: Groudon|Groudon-Primal\n|-primal|p2a: Groudon|Red Orb\n|-weather|DesolateLand|[from] ability: Desolate Land|[of] p2a: Groudon\n|turn|13\n|l| Pikachu7868\n|\n|t:|1698498830\n|switch|p1a: Giratina|Giratina-Origin|100\/100\n|-damage|p1a: Giratina|88\/100|[from] Stealth Rock\n|-weather|none\n|switch|p2a: Xerneas|Xerneas|100\/100\n|-damage|p2a: Xerneas|88\/100|[from] Stealth Rock\n|-ability|p2a: Xerneas|Fairy Aura\n|\n|upkeep\n|turn|14\n|\n|t:|1698498841\n|switch|p2a: Zacian|Zacian-Crowned|37\/100\n|-damage|p2a: Zacian|31\/100|[from] Stealth Rock\n|switch|p1a: Magearna|Magearna|100\/100\n|\n|upkeep\n|turn|15\n|j| utsudere\n|\n|t:|1698498864\n|move|p2a: Zacian|Behemoth Blade|p1a: Magearna\n|-damage|p1a: Magearna|51\/100\n|move|p1a: Magearna|Volt Switch|p2a: Zacian\n|-damage|p2a: Zacian|14\/100\n|\n|t:|1698498868\n|switch|p1a: Xerneas|Xerneas|88\/100|[from] Volt Switch\n|-damage|p1a: Xerneas|76\/100|[from] Stealth Rock\n|-ability|p1a: Xerneas|Fairy Aura\n|\n|upkeep\n|turn|16\n|l| utsudere\n|\n|t:|1698498880\n|switch|p2a: Groudon|Groudon-Primal|94\/100\n|-damage|p2a: Groudon|82\/100|[from] Stealth Rock\n|-weather|DesolateLand|[from] ability: Desolate Land|[of] p2a: Groudon\n|move|p1a: Xerneas|Grass Knot|p2a: Groudon\n|-damage|p2a: Groudon|45\/100\n|\n|-weather|DesolateLand|[upkeep]\n|upkeep\n|turn|17\n|\n|t:|1698498898\n|switch|p1a: Giratina|Giratina-Origin|88\/100\n|-damage|p1a: Giratina|76\/100|[from] Stealth Rock\n|move|p2a: Groudon|Heat Crash|p1a: Giratina\n|-resisted|p1a: Giratina\n|-damage|p1a: Giratina|60\/100\n|\n|-weather|DesolateLand|[upkeep]\n|upkeep\n|turn|18\n|\n|t:|1698498907\n|-weather|none\n|switch|p2a: Xerneas|Xerneas|88\/100\n|-damage|p2a: Xerneas|76\/100|[from] Stealth Rock\n|-ability|p2a: Xerneas|Fairy Aura\n|move|p1a: Giratina|Poltergeist|p2a: Xerneas\n|-activate|p2a: Xerneas|move: Poltergeist|Power Herb\n|-damage|p2a: Xerneas|29\/100\n|\n|upkeep\n|turn|19\n|\n|t:|1698498926\n|switch|p1a: Magearna|Magearna|51\/100\n|move|p2a: Xerneas|Moonblast|p1a: Magearna\n|-resisted|p1a: Magearna\n|-damage|p1a: Magearna|29\/100\n|-unboost|p1a: Magearna|spa|1\n|\n|upkeep\n|turn|20\n|\n|t:|1698498940\n|switch|p2a: Groudon|Groudon-Primal|45\/100\n|-damage|p2a: Groudon|32\/100|[from] Stealth Rock\n|-weather|DesolateLand|[from] ability: Desolate Land|[of] p2a: Groudon\n|move|p1a: Magearna|Heart Swap|p2a: Groudon\n|-swapboost|p1a: Magearna|p2a: Groudon|[from] move: Heart Swap\n|\n|-weather|DesolateLand|[upkeep]\n|upkeep\n|turn|21\n|\n|t:|1698498960\n|switch|p1a: Giratina|Giratina-Origin|60\/100\n|-damage|p1a: Giratina|48\/100|[from] Stealth Rock\n|move|p2a: Groudon|Heat Crash|p1a: Giratina\n|-resisted|p1a: Giratina\n|-damage|p1a: Giratina|33\/100\n|\n|-weather|DesolateLand|[upkeep]\n|upkeep\n|turn|22\n|\n|t:|1698498968\n|-weather|none\n|switch|p2a: Arceus|Arceus|100\/100\n|-damage|p2a: Arceus|88\/100|[from] Stealth Rock\n|move|p1a: Giratina|Poltergeist|p2a: Arceus\n|-immune|p2a: Arceus\n|\n|upkeep\n|turn|23\n|\n|t:|1698498981\n|move|p2a: Arceus|Taunt|p1a: Giratina\n|-start|p1a: Giratina|move: Taunt\n|cant|p1a: Giratina|move: Taunt|Will-O-Wisp\n|\n|upkeep\n|turn|24\n|\n|t:|1698498992\n|switch|p2a: Groudon|Groudon-Primal|32\/100\n|-damage|p2a: Groudon|20\/100|[from] Stealth Rock\n|-weather|DesolateLand|[from] ability: Desolate Land|[of] p2a: Groudon\n|move|p1a: Giratina|Dragon Tail|p2a: Groudon\n|-damage|p2a: Groudon|0 fnt\n|faint|p2a: Groudon\n|-weather|none\n|\n|upkeep\n|\n|t:|1698499004\n|switch|p2a: Xerneas|Xerneas|29\/100\n|-damage|p2a: Xerneas|17\/100|[from] Stealth Rock\n|-ability|p2a: Xerneas|Fairy Aura\n|turn|25\n|\n|t:|1698499016\n|switch|p1a: Magearna|Magearna|29\/100\n|move|p2a: Xerneas|Moonblast|p1a: Magearna\n|-resisted|p1a: Magearna\n|-damage|p1a: Magearna|7\/100\n|-unboost|p1a: Magearna|spa|1\n|\n|upkeep\n|turn|26\n|\n|t:|1698499030\n|move|p2a: Xerneas|Moonblast|p1a: Magearna\n|-resisted|p1a: Magearna\n|-damage|p1a: Magearna|0 fnt\n|faint|p1a: Magearna\n|\n|upkeep\n|\n|t:|1698499036\n|switch|p1a: Xerneas|Xerneas|76\/100\n|-damage|p1a: Xerneas|63\/100|[from] Stealth Rock\n|-ability|p1a: Xerneas|Fairy Aura\n|turn|27\n|\n|t:|1698499043\n|move|p1a: Xerneas|Moonblast|p2a: Xerneas\n|-damage|p2a: Xerneas|0 fnt\n|faint|p2a: Xerneas\n|\n|upkeep\n|\n|t:|1698499051\n|switch|p2a: Arceus|Arceus|88\/100\n|-damage|p2a: Arceus|76\/100|[from] Stealth Rock\n|turn|28\n|\n|t:|1698499064\n|move|p2a: Arceus|Extreme Speed|p1a: Xerneas\n|-damage|p1a: Xerneas|9\/100\n|-damage|p2a: Arceus|66\/100|[from] item: Life Orb\n|move|p1a: Xerneas|Moonblast|p2a: Arceus\n|-damage|p2a: Arceus|13\/100\n|\n|upkeep\n|turn|29\n|\n|t:|1698499077\n|-terastallize|p1a: Xerneas|Ghost\n|move|p2a: Arceus|Extreme Speed|p1a: Xerneas\n|-immune|p1a: Xerneas\n|move|p1a: Xerneas|Moonblast|p2a: Arceus\n|-damage|p2a: Arceus|0 fnt\n|faint|p2a: Arceus\n|\n|upkeep\n|-message|85792195wwww forfeited.\n|\n|win|NeonJolteonWasUsed\n|raw|NeonJolteonWasUsed's rating: 1716 &rarr; <strong>1743<\/strong><br \/>(+27 for winning)\n|raw|85792195wwww's rating: 1852 &rarr; <strong>1825<\/strong><br \/>(-27 for losing)\n|l|\u260685792195wwww\n|l|\u2606NeonJolteonWasUsed\n","uploadtime":1698499102,"views":18,"p1id":"neonjolteonwasused","p2id":"85792195wwww","formatid":"gen9nationaldexubers","rating":1743,"private":0,"password":""}