{"id":"gen9nationaldexubers-1992680643","p1":"Garpinis","p2":"VEN0M-MODE\u2716\ufe0f","format":"[Gen 9] National Dex Ubers","log":"|j|\u2606Garpinis\n|j|\u2606VEN0M-MODE\u2716\ufe0f\n|t:|1700224500\n|gametype|singles\n|player|p1|Garpinis|sabrina|1083\n|player|p2|VEN0M-MODE\u2716\ufe0f|janine|1118\n|teamsize|p1|6\n|teamsize|p2|6\n|gen|9\n|tier|[Gen 9] National Dex Ubers\n|rated|\n|rule|HP Percentage Mod: HP is shown in percentages\n|rule|Endless Battle Clause: Forcing endless battles is banned\n|rule|OHKO Clause: OHKO moves are banned\n|rule|Evasion Moves Clause: Evasion moves are banned\n|rule|Evasion Items Clause: Evasion items are banned\n|rule|Species Clause: Limit one of each Pok\u00e9mon\n|rule|Sleep Clause Mod: Limit one foe put to sleep\n|rule|Mega Rayquaza Clause: You cannot mega evolve Rayquaza\n|clearpoke\n|poke|p1|Darmanitan-Galar, M|\n|poke|p1|Ninetales-Alola, F|\n|poke|p1|Espeon, F|\n|poke|p1|Salamence, F|\n|poke|p1|Groudon|\n|poke|p1|Excadrill, F|\n|poke|p2|Sneasler, M|\n|poke|p2|Revavroom, M|\n|poke|p2|Salazzle, F|\n|poke|p2|Crobat, M|\n|poke|p2|Drapion, M|\n|poke|p2|Eternatus|\n|teampreview\n|inactive|Battle timer is ON: inactive players will automatically lose when time's up. (requested by Garpinis)\n|\n|t:|1700224515\n|start\n|switch|p1a: Excadrill|Excadrill, F|100\/100\n|switch|p2a: \ud83d\udfea\u2623\ufe0eSNEASLER\u2623\ufe0e\ud83d\udfea|Sneasler, M|100\/100\n|-ability|p1a: Excadrill|Mold Breaker\n|turn|1\n|\n|t:|1700224526\n|move|p2a: \ud83d\udfea\u2623\ufe0eSNEASLER\u2623\ufe0e\ud83d\udfea|Close Combat|p1a: Excadrill\n|-supereffective|p1a: Excadrill\n|-enditem|p1a: Excadrill|Focus Sash\n|-damage|p1a: Excadrill|1\/100\n|-unboost|p2a: \ud83d\udfea\u2623\ufe0eSNEASLER\u2623\ufe0e\ud83d\udfea|def|1\n|-unboost|p2a: \ud83d\udfea\u2623\ufe0eSNEASLER\u2623\ufe0e\ud83d\udfea|spd|1\n|move|p1a: Excadrill|Rapid Spin|p2a: \ud83d\udfea\u2623\ufe0eSNEASLER\u2623\ufe0e\ud83d\udfea\n|-damage|p2a: \ud83d\udfea\u2623\ufe0eSNEASLER\u2623\ufe0e\ud83d\udfea|54\/100\n|-boost|p1a: Excadrill|spe|1\n|\n|upkeep\n|turn|2\n|\n|t:|1700224540\n|switch|p2a: \ud83d\udfea\u2623\ufe0eCROBAT\u2623\ufe0e\ud83d\udfea|Crobat, M|100\/100\n|move|p1a: Excadrill|Earthquake|p2a: \ud83d\udfea\u2623\ufe0eCROBAT\u2623\ufe0e\ud83d\udfea\n|-immune|p2a: \ud83d\udfea\u2623\ufe0eCROBAT\u2623\ufe0e\ud83d\udfea\n|\n|upkeep\n|turn|3\n|\n|t:|1700224548\n|move|p1a: Excadrill|Stealth Rock|p2a: \ud83d\udfea\u2623\ufe0eCROBAT\u2623\ufe0e\ud83d\udfea\n|-sidestart|p2: VEN0M-MODE\u2716\ufe0f|move: Stealth Rock\n|move|p2a: \ud83d\udfea\u2623\ufe0eCROBAT\u2623\ufe0e\ud83d\udfea|Brave Bird|p1a: Excadrill\n|-resisted|p1a: Excadrill\n|-damage|p1a: Excadrill|0 fnt\n|faint|p1a: Excadrill\n|-damage|p2a: \ud83d\udfea\u2623\ufe0eCROBAT\u2623\ufe0e\ud83d\udfea|99\/100|[from] Recoil\n|\n|-heal|p2a: \ud83d\udfea\u2623\ufe0eCROBAT\u2623\ufe0e\ud83d\udfea|100\/100|[from] item: Black Sludge\n|upkeep\n|\n|t:|1700224563\n|switch|p1a: Salamence|Salamence, F|100\/100\n|-ability|p1a: Salamence|Intimidate|boost\n|-unboost|p2a: \ud83d\udfea\u2623\ufe0eCROBAT\u2623\ufe0e\ud83d\udfea|atk|1\n|turn|4\n|\n|t:|1700224569\n|detailschange|p1a: Salamence|Salamence-Mega, F\n|-mega|p1a: Salamence|Salamence|Salamencite\n|move|p2a: \ud83d\udfea\u2623\ufe0eCROBAT\u2623\ufe0e\ud83d\udfea|Poison Fang|p1a: Salamence\n|-damage|p1a: Salamence|93\/100\n|move|p1a: Salamence|Dragon Dance|p1a: Salamence\n|-boost|p1a: Salamence|atk|1\n|-boost|p1a: Salamence|spe|1\n|\n|upkeep\n|turn|5\n|\n|t:|1700224577\n|move|p1a: Salamence|Dragon Dance|p1a: Salamence\n|-boost|p1a: Salamence|atk|1\n|-boost|p1a: Salamence|spe|1\n|move|p2a: \ud83d\udfea\u2623\ufe0eCROBAT\u2623\ufe0e\ud83d\udfea|Poison Fang|p1a: Salamence\n|-damage|p1a: Salamence|85\/100\n|\n|upkeep\n|turn|6\n|\n|t:|1700224586\n|move|p2a: \ud83d\udfea\u2623\ufe0eCROBAT\u2623\ufe0e\ud83d\udfea|Protect|p2a: \ud83d\udfea\u2623\ufe0eCROBAT\u2623\ufe0e\ud83d\udfea\n|-singleturn|p2a: \ud83d\udfea\u2623\ufe0eCROBAT\u2623\ufe0e\ud83d\udfea|Protect\n|move|p1a: Salamence|Dragon Dance|p1a: Salamence\n|-boost|p1a: Salamence|atk|1\n|-boost|p1a: Salamence|spe|1\n|\n|upkeep\n|turn|7\n|\n|t:|1700224596\n|move|p1a: Salamence|Return|p2a: \ud83d\udfea\u2623\ufe0eCROBAT\u2623\ufe0e\ud83d\udfea\n|-damage|p2a: \ud83d\udfea\u2623\ufe0eCROBAT\u2623\ufe0e\ud83d\udfea|0 fnt\n|faint|p2a: \ud83d\udfea\u2623\ufe0eCROBAT\u2623\ufe0e\ud83d\udfea\n|\n|upkeep\n|-message|VEN0M-MODE\u2716\ufe0f forfeited.\n|\n|win|Garpinis\n|raw|Garpinis's rating: 1083 &rarr; <strong>1113<\/strong><br \/>(+30 for winning)\n|raw|VEN0M-MODE\u2716\ufe0f's rating: 1118 &rarr; <strong>1090<\/strong><br \/>(-28 for losing)\n|l|\u2606VEN0M-MODE\u2716\ufe0f\n","uploadtime":1700224606,"views":8,"p1id":"garpinis","p2id":"ven0mmode","formatid":"gen9nationaldexubers","rating":1090,"private":0,"password":""}