{"id":"gen9nationaldexubers-1977815151","p1":"AceTheInadequate","p2":"Cross12000","format":"[Gen 9] National Dex Ubers","log":"|j|\u2606AceTheInadequate\n|j|\u2606Cross12000\n|t:|1698452968\n|gametype|singles\n|player|p1|AceTheInadequate|guitarist|\n|player|p2|Cross12000|roxie|\n|teamsize|p1|6\n|teamsize|p2|6\n|gen|9\n|tier|[Gen 9] National Dex Ubers\n|rule|HP Percentage Mod: HP is shown in percentages\n|rule|Endless Battle Clause: Forcing endless battles is banned\n|rule|OHKO Clause: OHKO moves are banned\n|rule|Evasion Moves Clause: Evasion moves are banned\n|rule|Evasion Items Clause: Evasion items are banned\n|rule|Species Clause: Limit one of each Pok\u00e9mon\n|rule|Sleep Clause Mod: Limit one foe put to sleep\n|rule|Mega Rayquaza Clause: You cannot mega evolve Rayquaza\n|clearpoke\n|poke|p1|Volcarona, M|\n|poke|p1|Scizor, F|\n|poke|p1|Slither Wing|\n|poke|p1|Araquanid, M|\n|poke|p1|Ribombee, M|\n|poke|p1|Galvantula, M|\n|poke|p2|Ursaluna, M|\n|poke|p2|Pidgeot, M|\n|poke|p2|Zoroark-Hisui, M|\n|poke|p2|Snorlax, F|\n|poke|p2|Porygon2|\n|poke|p2|Blissey, F|\n|teampreview\n|j| colostomy\n|\n|t:|1698453053\n|start\n|switch|p1a: Vegeta|Slither Wing, shiny|100\/100\n|switch|p2a: kakarot|Pidgeot, M|100\/100\n|-enditem|p1a: Vegeta|Booster Energy\n|-activate|p1a: Vegeta|ability: Protosynthesis|[fromitem]\n|-start|p1a: Vegeta|protosynthesisatk\n|turn|1\n|\n|t:|1698453061\n|-terastallize|p1a: Vegeta|Ground\n|move|p2a: kakarot|Flamethrower|p1a: Vegeta\n|-damage|p1a: Vegeta|50\/100\n|move|p1a: Vegeta|Close Combat|p2a: kakarot\n|-immune|p2a: kakarot\n|\n|upkeep\n|turn|2\n|\n|t:|1698453073\n|-end|p1a: Vegeta|Protosynthesis|[silent]\n|switch|p1a: Apollo|Araquanid, M|100\/100\n|move|p2a: kakarot|Flamethrower|p1a: Apollo\n|-damage|p1a: Apollo|89\/100\n|\n|upkeep\n|turn|3\n|\n|t:|1698453082\n|switch|p2a: Big Balut|Blissey, F|100\/100\n|move|p1a: Apollo|Crunch|p2a: Big Balut\n|-damage|p2a: Big Balut|84\/100\n|\n|-heal|p2a: Big Balut|90\/100|[from] item: Leftovers\n|upkeep\n|turn|4\n|\n|t:|1698453093\n|move|p2a: Big Balut|Toxic|p1a: Apollo\n|-status|p1a: Apollo|tox\n|move|p1a: Apollo|Liquidation|p2a: Big Balut\n|-damage|p2a: Big Balut|31\/100\n|\n|-heal|p2a: Big Balut|38\/100|[from] item: Leftovers\n|-damage|p1a: Apollo|83\/100 tox|[from] psn\n|upkeep\n|turn|5\n|\n|t:|1698453099\n|move|p2a: Big Balut|Soft-Boiled|p2a: Big Balut\n|-heal|p2a: Big Balut|88\/100\n|move|p1a: Apollo|Liquidation|p2a: Big Balut\n|-damage|p2a: Big Balut|27\/100\n|\n|-heal|p2a: Big Balut|33\/100|[from] item: Leftovers\n|-damage|p1a: Apollo|70\/100 tox|[from] psn\n|upkeep\n|turn|6\n|\n|t:|1698453103\n|move|p2a: Big Balut|Soft-Boiled|p2a: Big Balut\n|-heal|p2a: Big Balut|83\/100\n|move|p1a: Apollo|Liquidation|p2a: Big Balut\n|-damage|p2a: Big Balut|23\/100\n|-unboost|p2a: Big Balut|def|1\n|\n|-heal|p2a: Big Balut|29\/100|[from] item: Leftovers\n|-damage|p1a: Apollo|52\/100 tox|[from] psn\n|upkeep\n|turn|7\n|\n|t:|1698453111\n|switch|p1a: Vegeta|Slither Wing, shiny, tera:Ground|50\/100\n|move|p2a: Big Balut|Soft-Boiled|p2a: Big Balut\n|-heal|p2a: Big Balut|79\/100\n|\n|-heal|p2a: Big Balut|85\/100|[from] item: Leftovers\n|upkeep\n|turn|8\n|\n|t:|1698453118\n|-terastallize|p2a: Big Balut|Fire\n|move|p1a: Vegeta|Close Combat|p2a: Big Balut\n|-damage|p2a: Big Balut|8\/100\n|-unboost|p1a: Vegeta|def|1\n|-unboost|p1a: Vegeta|spd|1\n|move|p2a: Big Balut|Fire Blast|p1a: Vegeta\n|-damage|p1a: Vegeta|5\/100\n|\n|-heal|p2a: Big Balut|14\/100|[from] item: Leftovers\n|upkeep\n|turn|9\n|\n|t:|1698453126\n|switch|p2a: kakarot|Pidgeot, M|100\/100\n|move|p1a: Vegeta|U-turn|p2a: kakarot\n|-resisted|p2a: kakarot\n|-crit|p2a: kakarot\n|-damage|p2a: kakarot|42\/100\n|replace|p2a: muzan|Zoroark-Hisui, M\n|-end|p2a: muzan|Illusion\n|\n|t:|1698453133\n|-end|p1a: Vegeta|Protosynthesis|[silent]\n|switch|p1a: McQueen|Scizor, F|100\/100|[from] U-turn\n|\n|upkeep\n|turn|10\n|\n|t:|1698453139\n|detailschange|p1a: McQueen|Scizor-Mega, F\n|-mega|p1a: McQueen|Scizor|Scizorite\n|move|p1a: McQueen|Bullet Punch|p2a: muzan\n|-damage|p2a: muzan|0 fnt\n|faint|p2a: muzan\n|\n|upkeep\n|\n|t:|1698453149\n|switch|p2a: Big Balut|Blissey, F, tera:Fire|14\/100\n|turn|11\n|\n|t:|1698453153\n|move|p1a: McQueen|Bullet Punch|p2a: Big Balut\n|-resisted|p2a: Big Balut\n|-damage|p2a: Big Balut|0 fnt\n|faint|p2a: Big Balut\n|\n|upkeep\n|\n|t:|1698453159\n|switch|p2a: umnomnom|Snorlax, F|100\/100\n|turn|12\n|\n|t:|1698453169\n|switch|p1a: Vegeta|Slither Wing, shiny, tera:Ground|5\/100\n|move|p2a: umnomnom|Brick Break|p1a: Vegeta\n|-damage|p1a: Vegeta|0 fnt\n|faint|p1a: Vegeta\n|-end|p1a: Vegeta|Protosynthesis|[silent]\n|\n|upkeep\n|\n|t:|1698453172\n|switch|p1a: McQueen|Scizor-Mega, F|100\/100\n|turn|13\n|\n|t:|1698453177\n|move|p1a: McQueen|Swords Dance|p1a: McQueen\n|-boost|p1a: McQueen|atk|2\n|move|p2a: umnomnom|Brick Break|p1a: McQueen\n|-damage|p1a: McQueen|83\/100\n|\n|upkeep\n|turn|14\n|\n|t:|1698453185\n|move|p1a: McQueen|Swords Dance|p1a: McQueen\n|-boost|p1a: McQueen|atk|2\n|move|p2a: umnomnom|Belly Drum|p2a: umnomnom\n|-damage|p2a: umnomnom|50\/100\n|-setboost|p2a: umnomnom|atk|6|[from] move: Belly Drum\n|\n|upkeep\n|turn|15\n|\n|t:|1698453189\n|move|p1a: McQueen|Bullet Punch|p2a: umnomnom\n|-damage|p2a: umnomnom|0 fnt\n|faint|p2a: umnomnom\n|\n|upkeep\n|\n|t:|1698453192\n|switch|p2a: freddy faxbear|Ursaluna, M|100\/100\n|turn|16\n|\n|t:|1698453200\n|move|p1a: McQueen|Bullet Punch|p2a: freddy faxbear\n|-damage|p2a: freddy faxbear|16\/100\n|move|p2a: freddy faxbear|Fire Punch|p1a: McQueen\n|-supereffective|p1a: McQueen\n|-damage|p1a: McQueen|0 fnt\n|faint|p1a: McQueen\n|\n|-status|p2a: freddy faxbear|brn|[from] item: Flame Orb\n|upkeep\n|\n|t:|1698453210\n|switch|p1a: Tinkerbell|Ribombee, M|100\/100\n|turn|17\n|\n|t:|1698453219\n|move|p1a: Tinkerbell|Bug Buzz|p2a: freddy faxbear\n|-damage|p2a: freddy faxbear|0 fnt\n|faint|p2a: freddy faxbear\n|\n|upkeep\n|\n|t:|1698453223\n|switch|p2a: Duck|Porygon2|100\/100\n|turn|18\n|\n|t:|1698453232\n|move|p1a: Tinkerbell|Bug Buzz|p2a: Duck\n|-damage|p2a: Duck|77\/100\n|move|p2a: Duck|Ice Beam|p1a: Tinkerbell\n|-damage|p1a: Tinkerbell|28\/100\n|-enditem|p1a: Tinkerbell|Sitrus Berry|[eat]\n|-heal|p1a: Tinkerbell|53\/100|[from] item: Sitrus Berry\n|\n|upkeep\n|turn|19\n|\n|t:|1698453237\n|move|p1a: Tinkerbell|Bug Buzz|p2a: Duck\n|-damage|p2a: Duck|53\/100\n|move|p2a: Duck|Discharge|p1a: Tinkerbell\n|-damage|p1a: Tinkerbell|0 fnt\n|faint|p1a: Tinkerbell\n|\n|upkeep\n|\n|t:|1698453239\n|switch|p1a: Apollo|Araquanid, M|52\/100 tox\n|turn|20\n|\n|t:|1698453248\n|move|p2a: Duck|Discharge|p1a: Apollo\n|-supereffective|p1a: Apollo\n|-damage|p1a: Apollo|22\/100 tox\n|move|p1a: Apollo|Liquidation|p2a: Duck\n|-damage|p2a: Duck|10\/100\n|\n|-damage|p1a: Apollo|16\/100 tox|[from] psn\n|upkeep\n|turn|21\n|\n|t:|1698453259\n|move|p2a: Duck|Discharge|p1a: Apollo\n|-supereffective|p1a: Apollo\n|-damage|p1a: Apollo|0 fnt\n|faint|p1a: Apollo\n|\n|upkeep\n|\n|t:|1698453261\n|switch|p1a: Here comes the sun|Volcarona, M|100\/100\n|turn|22\n|\n|t:|1698453277\n|move|p1a: Here comes the sun|Fiery Dance|p2a: Duck\n|-damage|p2a: Duck|0 fnt\n|-boost|p1a: Here comes the sun|spa|1\n|faint|p2a: Duck\n|\n|upkeep\n|\n|t:|1698453281\n|switch|p2a: kakarot|Pidgeot, M|100\/100\n|turn|23\n|\n|t:|1698453288\n|detailschange|p2a: kakarot|Pidgeot-Mega, M\n|-mega|p2a: kakarot|Pidgeot|Pidgeotite\n|move|p2a: kakarot|Hurricane|p1a: Here comes the sun\n|-supereffective|p1a: Here comes the sun\n|-damage|p1a: Here comes the sun|0 fnt\n|faint|p1a: Here comes the sun\n|\n|upkeep\n|\n|t:|1698453292\n|switch|p1a: Bumblebee|Galvantula, M, shiny|100\/100\n|turn|24\n|\n|t:|1698453300\n|move|p2a: kakarot|Detect|p2a: kakarot\n|-singleturn|p2a: kakarot|Protect\n|move|p1a: Bumblebee|Thunder|p2a: kakarot\n|-activate|p2a: kakarot|move: Protect\n|\n|upkeep\n|turn|25\n|\n|t:|1698453306\n|move|p2a: kakarot|Hurricane|p1a: Bumblebee\n|-enditem|p1a: Bumblebee|Focus Sash\n|-damage|p1a: Bumblebee|1\/100\n|-start|p1a: Bumblebee|confusion\n|-activate|p1a: Bumblebee|confusion\n|move|p1a: Bumblebee|Thunder|p2a: kakarot\n|-supereffective|p2a: kakarot\n|-damage|p2a: kakarot|0 fnt\n|faint|p2a: kakarot\n|\n|win|AceTheInadequate\n|l| colostomy\n","uploadtime":1698453336,"views":7,"p1id":"acetheinadequate","p2id":"cross12000","formatid":"gen9nationaldexubers","rating":0,"private":0,"password":""}