{"id":"gen9nationaldexubers-1994935662","p1":"Ezael_Stormblood","p2":"le.lukasx","format":"[Gen 9] National Dex Ubers","log":"|j|\u2606Ezael_Stormblood\n|j|\u2606le.lukasx\n|t:|1700506121\n|gametype|singles\n|player|p1|Ezael_Stormblood|2|1202\n|player|p2|le.lukasx|1|1103\n|teamsize|p1|6\n|teamsize|p2|6\n|gen|9\n|tier|[Gen 9] National Dex Ubers\n|rated|\n|rule|HP Percentage Mod: HP is shown in percentages\n|rule|Endless Battle Clause: Forcing endless battles is banned\n|rule|OHKO Clause: OHKO moves are banned\n|rule|Evasion Moves Clause: Evasion moves are banned\n|rule|Evasion Items Clause: Evasion items are banned\n|rule|Species Clause: Limit one of each Pok\u00e9mon\n|rule|Sleep Clause Mod: Limit one foe put to sleep\n|rule|Mega Rayquaza Clause: You cannot mega evolve Rayquaza\n|clearpoke\n|poke|p1|Reshiram|\n|poke|p1|Groudon|\n|poke|p1|Necrozma-Dawn-Wings|\n|poke|p1|Xerneas-*|\n|poke|p1|Urshifu-*, F|\n|poke|p1|Zygarde|\n|poke|p2|Aggron, M|\n|poke|p2|Moltres|\n|poke|p2|Toxapex, M|\n|poke|p2|Palafin, M|\n|poke|p2|Zamazenta-*|\n|poke|p2|Chi-Yu|\n|teampreview\n|\n|t:|1700506126\n|start\n|switch|p1a: Zygarde|Zygarde|100\/100\n|switch|p2a: Zamazenta|Zamazenta|100\/100\n|-ability|p2a: Zamazenta|Dauntless Shield|boost\n|-boost|p2a: Zamazenta|def|1\n|turn|1\n|inactive|Battle timer is ON: inactive players will automatically lose when time's up. (requested by le.lukasx)\n|\n|t:|1700506136\n|move|p2a: Zamazenta|Close Combat|p1a: Zygarde\n|-damage|p1a: Zygarde|50\/100\n|-unboost|p2a: Zamazenta|def|1\n|-unboost|p2a: Zamazenta|spd|1\n|move|p1a: Zygarde|Dragon Dance|p1a: Zygarde\n|-boost|p1a: Zygarde|atk|1\n|-boost|p1a: Zygarde|spe|1\n|\n|-activate|p1a: Zygarde|ability: Power Construct\n|detailschange|p1a: Zygarde|Zygarde-Complete\n|-heal|p1a: Zygarde|69\/100|[silent]\n|upkeep\n|turn|2\n|\n|t:|1700506155\n|move|p2a: Zamazenta|Trailblaze|p1a: Zygarde\n|-damage|p1a: Zygarde|60\/100\n|-boost|p2a: Zamazenta|spe|1\n|move|p1a: Zygarde|Thousand Arrows|p2a: Zamazenta\n|-damage|p2a: Zamazenta|44\/100\n|\n|upkeep\n|turn|3\n|\n|t:|1700506168\n|switch|p2a: Moltres|Moltres|100\/100\n|move|p1a: Zygarde|Dragon Dance|p1a: Zygarde\n|-boost|p1a: Zygarde|atk|1\n|-boost|p1a: Zygarde|spe|1\n|\n|upkeep\n|turn|4\n|\n|t:|1700506178\n|move|p1a: Zygarde|Thousand Arrows|p2a: Moltres\n|-damage|p2a: Moltres|33\/100\n|-start|p2a: Moltres|Smack Down\n|move|p2a: Moltres|Will-O-Wisp|p1a: Zygarde\n|-status|p1a: Zygarde|brn\n|\n|-damage|p1a: Zygarde|54\/100 brn|[from] brn\n|upkeep\n|turn|5\n|\n|t:|1700506192\n|switch|p2a: Toxapex|Toxapex, M|100\/100\n|move|p1a: Zygarde|Thousand Arrows|p2a: Toxapex\n|-supereffective|p2a: Toxapex\n|-damage|p2a: Toxapex|35\/100\n|\n|-damage|p1a: Zygarde|48\/100 brn|[from] brn\n|upkeep\n|turn|6\n|\n|t:|1700506218\n|switch|p2a: Zamazenta|Zamazenta|44\/100\n|move|p1a: Zygarde|Thousand Arrows|p2a: Zamazenta\n|-damage|p2a: Zamazenta|4\/100\n|\n|-damage|p1a: Zygarde|42\/100 brn|[from] brn\n|upkeep\n|turn|7\n|\n|t:|1700506228\n|move|p1a: Zygarde|Rest|p1a: Zygarde\n|-status|p1a: Zygarde|slp|[from] move: Rest\n|-heal|p1a: Zygarde|100\/100 slp|[silent]\n|move|p2a: Zamazenta|Close Combat|p1a: Zygarde\n|-damage|p1a: Zygarde|70\/100 slp\n|-unboost|p2a: Zamazenta|def|1\n|-unboost|p2a: Zamazenta|spd|1\n|\n|upkeep\n|turn|8\n|\n|t:|1700506243\n|cant|p1a: Zygarde|slp\n|move|p2a: Zamazenta|Close Combat|p1a: Zygarde\n|-damage|p1a: Zygarde|40\/100 slp\n|-unboost|p2a: Zamazenta|def|1\n|-unboost|p2a: Zamazenta|spd|1\n|\n|upkeep\n|turn|9\n|\n|t:|1700506252\n|cant|p1a: Zygarde|slp\n|move|p2a: Zamazenta|Close Combat|p1a: Zygarde\n|-damage|p1a: Zygarde|8\/100 slp\n|-unboost|p2a: Zamazenta|def|1\n|-unboost|p2a: Zamazenta|spd|1\n|\n|upkeep\n|turn|10\n|\n|t:|1700506259\n|-curestatus|p1a: Zygarde|slp|[msg]\n|move|p1a: Zygarde|Thousand Arrows|p2a: Zamazenta\n|-damage|p2a: Zamazenta|0 fnt\n|faint|p2a: Zamazenta\n|\n|upkeep\n|\n|t:|1700506265\n|switch|p2a: Palafin|Palafin, M|100\/100\n|turn|11\n|\n|t:|1700506268\n|move|p2a: Palafin|Jet Punch|p1a: Zygarde\n|-damage|p1a: Zygarde|0 fnt\n|faint|p1a: Zygarde\n|-damage|p2a: Palafin|91\/100|[from] item: Life Orb\n|\n|upkeep\n|\n|t:|1700506271\n|switch|p1a: Urshifu|Urshifu, F|100\/100\n|turn|12\n|\n|t:|1700506279\n|detailschange|p2a: Palafin|Palafin-Hero, M\n|switch|p2a: Toxapex|Toxapex, M|68\/100\n|move|p1a: Urshifu|Swords Dance|p1a: Urshifu\n|-boost|p1a: Urshifu|atk|2\n|\n|upkeep\n|turn|13\n|\n|t:|1700506288\n|move|p2a: Toxapex|Baneful Bunker|p2a: Toxapex\n|-singleturn|p2a: Toxapex|move: Protect\n|move|p1a: Urshifu|Thunder Punch|p2a: Toxapex\n|-supereffective|p2a: Toxapex\n|-damage|p2a: Toxapex|0 fnt\n|faint|p2a: Toxapex\n|\n|upkeep\n|\n|t:|1700506301\n|switch|p2a: Palafin|Palafin-Hero, M|91\/100\n|-activate|p2a: Palafin|ability: Zero to Hero\n|turn|14\n|\n|t:|1700506307\n|-terastallize|p1a: Urshifu|Fighting\n|move|p2a: Palafin|Drain Punch|p1a: Urshifu\n|-damage|p1a: Urshifu|60\/100\n|-heal|p2a: Palafin|100\/100|[from] drain|[of] p1a: Urshifu\n|-damage|p2a: Palafin|91\/100|[from] item: Life Orb\n|move|p1a: Urshifu|Thunder Punch|p2a: Palafin\n|-supereffective|p2a: Palafin\n|-damage|p2a: Palafin|0 fnt\n|faint|p2a: Palafin\n|\n|upkeep\n|\n|t:|1700506320\n|switch|p2a: Aggron|Aggron, M|100\/100\n|turn|15\n|\n|t:|1700506329\n|detailschange|p2a: Aggron|Aggron-Mega, M\n|-mega|p2a: Aggron|Aggron|Aggronite\n|move|p1a: Urshifu|Swords Dance|p1a: Urshifu\n|-boost|p1a: Urshifu|atk|2\n|move|p2a: Aggron|Aerial Ace|p1a: Urshifu\n|-supereffective|p1a: Urshifu\n|-damage|p1a: Urshifu|19\/100\n|\n|upkeep\n|turn|16\n|\n|t:|1700506343\n|move|p1a: Urshifu|Brick Break|p2a: Aggron\n|-supereffective|p2a: Aggron\n|-damage|p2a: Aggron|0 fnt\n|faint|p2a: Aggron\n|\n|upkeep\n|\n|t:|1700506348\n|switch|p2a: Moltres|Moltres|33\/100\n|turn|17\n|\n|t:|1700506353\n|move|p1a: Urshifu|Wicked Blow|p2a: Moltres\n|-crit|p2a: Moltres\n|-damage|p2a: Moltres|0 fnt\n|faint|p2a: Moltres\n|\n|upkeep\n|-message|le.lukasx forfeited.\n|\n|win|Ezael_Stormblood\n|raw|Ezael_Stormblood's rating: 1202 &rarr; <strong>1220<\/strong><br \/>(+18 for winning)\n|raw|le.lukasx's rating: 1103 &rarr; <strong>1085<\/strong><br \/>(-18 for losing)\n|l|\u2606le.lukasx\n","uploadtime":1700506364,"views":4,"p1id":"ezaelstormblood","p2id":"lelukasx","formatid":"gen9nationaldexubers","rating":1085,"private":0,"password":""}