{"id":"gen9nationaldexubers-1986314819","p1":"JustMonika_CARR","p2":"NoobTrap69","format":"[Gen 9] National Dex Ubers","log":"|j|\u2606JustMonika_CARR\n|j|\u2606NoobTrap69\n|t:|1699468563\n|gametype|singles\n|player|p1|JustMonika_CARR|101|1494\n|player|p2|NoobTrap69|hugh|1465\n|teamsize|p1|6\n|teamsize|p2|6\n|gen|9\n|tier|[Gen 9] National Dex Ubers\n|rated|\n|rule|HP Percentage Mod: HP is shown in percentages\n|rule|Endless Battle Clause: Forcing endless battles is banned\n|rule|OHKO Clause: OHKO moves are banned\n|rule|Evasion Moves Clause: Evasion moves are banned\n|rule|Evasion Items Clause: Evasion items are banned\n|rule|Species Clause: Limit one of each Pok\u00e9mon\n|rule|Sleep Clause Mod: Limit one foe put to sleep\n|rule|Mega Rayquaza Clause: You cannot mega evolve Rayquaza\n|clearpoke\n|poke|p1|Marshadow|\n|poke|p1|Lopunny, F|\n|poke|p1|Dialga|\n|poke|p1|Forretress, F|\n|poke|p1|Pheromosa|\n|poke|p1|Grimmsnarl, M|\n|poke|p2|Galvantula, F|\n|poke|p2|Kyurem-White|\n|poke|p2|Metagross|\n|poke|p2|Necrozma-Dusk-Mane|\n|poke|p2|Groudon|\n|poke|p2|Dracovish|\n|teampreview\n|\n|t:|1699468578\n|start\n|switch|p1a: Forretress|Forretress, F, shiny|100\/100\n|switch|p2a: Metagross|Metagross|100\/100\n|turn|1\n|c|\u2606JustMonika_CARR|Glhf\n|c|\u2606NoobTrap69|u2\n|\n|t:|1699468587\n|detailschange|p2a: Metagross|Metagross-Mega\n|-mega|p2a: Metagross|Metagross|Metagrossite\n|move|p2a: Metagross|Earthquake|p1a: Forretress\n|-damage|p1a: Forretress|80\/100\n|-enditem|p1a: Forretress|Red Card|[of] p2a: Metagross\n|drag|p2a: Necrozma|Necrozma-Dusk-Mane|100\/100\n|move|p1a: Forretress|Toxic Spikes|p2a: Necrozma\n|-sidestart|p2: NoobTrap69|move: Toxic Spikes\n|\n|upkeep\n|turn|2\n|\n|t:|1699468597\n|move|p2a: Necrozma|Swords Dance|p2a: Necrozma\n|-boost|p2a: Necrozma|atk|2\n|move|p1a: Forretress|Toxic Spikes|p2a: Necrozma\n|-sidestart|p2: NoobTrap69|move: Toxic Spikes\n|\n|upkeep\n|turn|3\n|\n|t:|1699468604\n|detailschange|p2a: Necrozma|Necrozma-Ultra\n|-burst|p2a: Necrozma|Necrozma|Ultranecrozium Z\n|move|p2a: Necrozma|Stone Edge|p1a: Forretress\n|-damage|p1a: Forretress|31\/100\n|move|p1a: Forretress|Stealth Rock|p2a: Necrozma\n|-sidestart|p2: NoobTrap69|move: Stealth Rock\n|\n|upkeep\n|turn|4\n|\n|t:|1699468614\n|move|p2a: Necrozma|Stone Edge|p1a: Forretress\n|-damage|p1a: Forretress|0 fnt\n|faint|p1a: Forretress\n|\n|upkeep\n|\n|t:|1699468620\n|switch|p1a: Marshadow|Marshadow|100\/100\n|turn|5\n|\n|t:|1699468624\n|switch|p2a: Galvantula|Galvantula, F|100\/100\n|-status|p2a: Galvantula|tox\n|-damage|p2a: Galvantula|76\/100 tox|[from] Stealth Rock\n|move|p1a: Marshadow|Spectral Thief|p2a: Galvantula\n|-damage|p2a: Galvantula|0 fnt\n|faint|p2a: Galvantula\n|\n|upkeep\n|\n|t:|1699468630\n|switch|p2a: Groudon|Groudon|100\/100\n|-status|p2a: Groudon|tox\n|-damage|p2a: Groudon|94\/100 tox|[from] Stealth Rock\n|detailschange|p2a: Groudon|Groudon-Primal\n|-primal|p2a: Groudon|Red Orb\n|-weather|DesolateLand|[from] ability: Desolate Land|[of] p2a: Groudon\n|turn|6\n|\n|t:|1699468643\n|switch|p1a: Dialga|Dialga, shiny|100\/100\n|-ability|p1a: Dialga|Pressure\n|move|p2a: Groudon|Stealth Rock|p1a: Dialga\n|-sidestart|p1: JustMonika_CARR|move: Stealth Rock\n|\n|-weather|DesolateLand|[upkeep]\n|-damage|p2a: Groudon|88\/100 tox|[from] psn\n|upkeep\n|turn|7\n|\n|t:|1699468654\n|-terastallize|p1a: Dialga|Ground\n|move|p1a: Dialga|Earth Power|p2a: Groudon\n|-supereffective|p2a: Groudon\n|-damage|p2a: Groudon|0 fnt\n|faint|p2a: Groudon\n|-weather|none\n|\n|upkeep\n|\n|t:|1699468661\n|switch|p2a: Kyurem|Kyurem-White|100\/100\n|-status|p2a: Kyurem|tox\n|-damage|p2a: Kyurem|76\/100 tox|[from] Stealth Rock\n|-ability|p2a: Kyurem|Turboblaze\n|turn|8\n|\n|t:|1699468667\n|move|p1a: Dialga|Earth Power|p2a: Kyurem\n|-damage|p2a: Kyurem|27\/100 tox\n|move|p2a: Kyurem|Ice Beam|p1a: Dialga\n|-supereffective|p1a: Dialga\n|-damage|p1a: Dialga|0 fnt\n|faint|p1a: Dialga\n|\n|-damage|p2a: Kyurem|20\/100 tox|[from] psn\n|upkeep\n|inactive|Battle timer is ON: inactive players will automatically lose when time's up. (requested by NoobTrap69)\n|\n|t:|1699468680\n|switch|p1a: Grimmsnarl|Grimmsnarl, M, shiny|100\/100\n|-damage|p1a: Grimmsnarl|88\/100|[from] Stealth Rock\n|turn|9\n|\n|t:|1699468686\n|move|p1a: Grimmsnarl|Light Screen|p1a: Grimmsnarl\n|-sidestart|p1: JustMonika_CARR|move: Light Screen\n|move|p2a: Kyurem|Ice Beam|p1a: Grimmsnarl\n|-damage|p1a: Grimmsnarl|48\/100\n|\n|-damage|p2a: Kyurem|8\/100 tox|[from] psn\n|upkeep\n|turn|10\n|\n|t:|1699468695\n|move|p1a: Grimmsnarl|Reflect|p1a: Grimmsnarl\n|-sidestart|p1: JustMonika_CARR|Reflect\n|move|p2a: Kyurem|Ice Beam|p1a: Grimmsnarl\n|-damage|p1a: Grimmsnarl|6\/100\n|\n|-damage|p2a: Kyurem|0 fnt|[from] psn\n|faint|p2a: Kyurem\n|upkeep\n|\n|t:|1699468701\n|switch|p2a: Metagross|Metagross-Mega|100\/100\n|-damage|p2a: Metagross|95\/100|[from] Stealth Rock\n|turn|11\n|\n|t:|1699468709\n|move|p2a: Metagross|Bullet Punch|p1a: Grimmsnarl\n|-supereffective|p1a: Grimmsnarl\n|-damage|p1a: Grimmsnarl|0 fnt\n|faint|p1a: Grimmsnarl\n|\n|upkeep\n|\n|t:|1699468717\n|switch|p1a: Marshadow|Marshadow|100\/100\n|-damage|p1a: Marshadow|94\/100|[from] Stealth Rock\n|turn|12\n|\n|t:|1699468727\n|move|p1a: Marshadow|Spectral Thief|p2a: Metagross\n|-supereffective|p2a: Metagross\n|-damage|p2a: Metagross|26\/100\n|move|p2a: Metagross|Meteor Mash|p1a: Marshadow\n|-damage|p1a: Marshadow|49\/100\n|-boost|p2a: Metagross|atk|1\n|\n|upkeep\n|turn|13\n|\n|t:|1699468740\n|move|p2a: Metagross|Bullet Punch|p1a: Marshadow\n|-damage|p1a: Marshadow|21\/100\n|move|p1a: Marshadow|Spectral Thief||[still]\n|-clearpositiveboost|p2a: Metagross|p1a: Marshadow|move: Spectral Thief\n|-boost|p1a: Marshadow|atk|1\n|-anim|p1a: Marshadow|Spectral Thief|p2a: Metagross\n|-supereffective|p2a: Metagross\n|-damage|p2a: Metagross|0 fnt\n|faint|p2a: Metagross\n|\n|upkeep\n|\n|t:|1699468744\n|switch|p2a: Dracovish|Dracovish|100\/100\n|-status|p2a: Dracovish|tox\n|-damage|p2a: Dracovish|88\/100 tox|[from] Stealth Rock\n|turn|14\n|\n|t:|1699468757\n|move|p1a: Marshadow|Shadow Sneak|p2a: Dracovish\n|-damage|p2a: Dracovish|41\/100 tox\n|move|p2a: Dracovish|Fishious Rend|p1a: Marshadow\n|-damage|p1a: Marshadow|0 fnt\n|faint|p1a: Marshadow\n|\n|-damage|p2a: Dracovish|35\/100 tox|[from] psn\n|upkeep\n|-message|NoobTrap69 forfeited.\n|\n|win|JustMonika_CARR\n|raw|JustMonika_CARR's rating: 1494 &rarr; <strong>1512<\/strong><br \/>(+18 for winning)\n|raw|NoobTrap69's rating: 1465 &rarr; <strong>1447<\/strong><br \/>(-18 for losing)\n|l|\u2606NoobTrap69\n","uploadtime":1699468774,"views":4,"p1id":"justmonikacarr","p2id":"noobtrap69","formatid":"gen9nationaldexubers","rating":1447,"private":0,"password":""}