{"id":"gen9nationaldexubers-1986800766","p1":"BlackStar150520","p2":"arafatr871","format":"[Gen 9] National Dex Ubers","log":"|j|\u2606BlackStar150520\n|j|\u2606arafatr871\n|t:|1699527217\n|gametype|singles\n|player|p1|BlackStar150520|unknown|1806\n|player|p2|arafatr871|silver|1637\n|teamsize|p1|6\n|teamsize|p2|6\n|gen|9\n|tier|[Gen 9] National Dex Ubers\n|rated|\n|rule|HP Percentage Mod: HP is shown in percentages\n|rule|Endless Battle Clause: Forcing endless battles is banned\n|rule|OHKO Clause: OHKO moves are banned\n|rule|Evasion Moves Clause: Evasion moves are banned\n|rule|Evasion Items Clause: Evasion items are banned\n|rule|Species Clause: Limit one of each Pok\u00e9mon\n|rule|Sleep Clause Mod: Limit one foe put to sleep\n|rule|Mega Rayquaza Clause: You cannot mega evolve Rayquaza\n|clearpoke\n|poke|p1|Zygarde|\n|poke|p1|Magearna|\n|poke|p1|Ditto|\n|poke|p1|Rayquaza|\n|poke|p1|Arceus-Water|\n|poke|p1|Necrozma-Dusk-Mane|\n|poke|p2|Groudon|\n|poke|p2|Dondozo, M|\n|poke|p2|Yveltal|\n|poke|p2|Zacian-*|\n|poke|p2|Kyogre|\n|poke|p2|Samurott-Hisui, F|\n|teampreview\n|inactive|Battle timer is ON: inactive players will automatically lose when time's up. (requested by arafatr871)\n|inactive|BlackStar150520 also wants the timer to be on.\n|\n|t:|1699527223\n|start\n|switch|p1a: Rayquaza|Rayquaza|100\/100\n|switch|p2a: Samurott|Samurott-Hisui, F, shiny|100\/100\n|-ability|p1a: Rayquaza|Air Lock\n|turn|1\n|\n|t:|1699527231\n|move|p1a: Rayquaza|Dragon Ascent|p2a: Samurott\n|-damage|p2a: Samurott|10\/100\n|-unboost|p1a: Rayquaza|def|1\n|-unboost|p1a: Rayquaza|spd|1\n|move|p2a: Samurott|Ceaseless Edge|p1a: Rayquaza\n|-damage|p1a: Rayquaza|20\/100\n|-sidestart|p1: BlackStar150520|Spikes\n|\n|upkeep\n|turn|2\n|\n|t:|1699527237\n|move|p1a: Rayquaza|Extreme Speed|p2a: Samurott\n|-damage|p2a: Samurott|0 fnt\n|faint|p2a: Samurott\n|\n|upkeep\n|\n|t:|1699527241\n|switch|p2a: Zacian|Zacian-Crowned|100\/100\n|-ability|p2a: Zacian|Intrepid Sword|boost\n|-boost|p2a: Zacian|atk|1\n|turn|3\n|\n|t:|1699527249\n|move|p1a: Rayquaza|Extreme Speed|p2a: Zacian\n|-resisted|p2a: Zacian\n|-damage|p2a: Zacian|85\/100\n|move|p2a: Zacian|Behemoth Blade|p1a: Rayquaza\n|-damage|p1a: Rayquaza|0 fnt\n|faint|p1a: Rayquaza\n|\n|upkeep\n|\n|t:|1699527251\n|switch|p1a: Ditto|Ditto, shiny|100\/100\n|-damage|p1a: Ditto|88\/100|[from] Spikes\n|-transform|p1a: Ditto|p2a: Zacian|[from] ability: Imposter\n|-ability|p1a: Ditto|Intrepid Sword|boost\n|-boost|p1a: Ditto|atk|1\n|turn|4\n|\n|t:|1699527258\n|switch|p2a: Dondozo|Dondozo, M, shiny|100\/100\n|move|p1a: Ditto|Behemoth Blade|p2a: Dondozo\n|-resisted|p2a: Dondozo\n|-damage|p2a: Dondozo|84\/100\n|\n|-heal|p2a: Dondozo|90\/100|[from] item: Leftovers\n|upkeep\n|turn|5\n|\n|t:|1699527262\n|switch|p1a: Necrozma|Necrozma-Dusk-Mane|100\/100\n|-damage|p1a: Necrozma|88\/100|[from] Spikes\n|move|p2a: Dondozo|Earthquake|p1a: Necrozma\n|-supereffective|p1a: Necrozma\n|-damage|p1a: Necrozma|51\/100\n|\n|-heal|p2a: Dondozo|97\/100|[from] item: Leftovers\n|upkeep\n|turn|6\n|\n|t:|1699527264\n|move|p1a: Necrozma|Stealth Rock|p2a: Dondozo\n|-sidestart|p2: arafatr871|move: Stealth Rock\n|move|p2a: Dondozo|Earthquake|p1a: Necrozma\n|-supereffective|p1a: Necrozma\n|-damage|p1a: Necrozma|10\/100\n|\n|-heal|p2a: Dondozo|100\/100|[from] item: Leftovers\n|upkeep\n|turn|7\n|\n|t:|1699527267\n|detailschange|p1a: Necrozma|Necrozma-Ultra\n|-burst|p1a: Necrozma|Necrozma|Ultranecrozium Z\n|move|p1a: Necrozma|Photon Geyser|p2a: Dondozo\n|-damage|p2a: Dondozo|35\/100\n|move|p2a: Dondozo|Earthquake|p1a: Necrozma\n|-damage|p1a: Necrozma|0 fnt\n|faint|p1a: Necrozma\n|\n|-heal|p2a: Dondozo|42\/100|[from] item: Leftovers\n|upkeep\n|\n|t:|1699527272\n|switch|p1a: Arceus|Arceus-Water|100\/100\n|-damage|p1a: Arceus|88\/100|[from] Spikes\n|turn|8\n|\n|t:|1699527276\n|move|p1a: Arceus|Taunt|p2a: Dondozo\n|-start|p2a: Dondozo|move: Taunt\n|move|p2a: Dondozo|Earthquake|p1a: Arceus\n|-damage|p1a: Arceus|67\/100\n|\n|-heal|p2a: Dondozo|48\/100|[from] item: Leftovers\n|upkeep\n|turn|9\n|\n|t:|1699527279\n|move|p1a: Arceus|Toxic|p2a: Dondozo\n|-status|p2a: Dondozo|tox\n|move|p2a: Dondozo|Earthquake|p1a: Arceus\n|-damage|p1a: Arceus|44\/100\n|\n|-heal|p2a: Dondozo|54\/100 tox|[from] item: Leftovers\n|-damage|p2a: Dondozo|48\/100 tox|[from] psn\n|upkeep\n|turn|10\n|\n|t:|1699527285\n|switch|p2a: Kyogre|Kyogre|100\/100\n|-damage|p2a: Kyogre|88\/100|[from] Stealth Rock\n|detailschange|p2a: Kyogre|Kyogre-Primal\n|-primal|p2a: Kyogre|Blue Orb\n|-weather|PrimordialSea|[from] ability: Primordial Sea|[of] p2a: Kyogre\n|move|p1a: Arceus|Recover|p1a: Arceus\n|-heal|p1a: Arceus|94\/100\n|\n|-weather|PrimordialSea|[upkeep]\n|upkeep\n|turn|11\n|\n|t:|1699527294\n|move|p1a: Arceus|Toxic|p2a: Kyogre\n|-status|p2a: Kyogre|tox\n|move|p2a: Kyogre|Thunder|p1a: Arceus\n|-supereffective|p1a: Arceus\n|-damage|p1a: Arceus|26\/100\n|\n|-weather|PrimordialSea|[upkeep]\n|-damage|p2a: Kyogre|82\/100 tox|[from] psn\n|upkeep\n|turn|12\n|\n|t:|1699527301\n|move|p1a: Arceus|Recover|p1a: Arceus\n|-heal|p1a: Arceus|76\/100\n|move|p2a: Kyogre|Thunder|p1a: Arceus\n|-supereffective|p1a: Arceus\n|-damage|p1a: Arceus|4\/100\n|\n|-weather|PrimordialSea|[upkeep]\n|-damage|p2a: Kyogre|70\/100 tox|[from] psn\n|upkeep\n|turn|13\n|\n|t:|1699527305\n|move|p1a: Arceus|Judgment|p2a: Kyogre\n|-resisted|p2a: Kyogre\n|-damage|p2a: Kyogre|50\/100 tox\n|move|p2a: Kyogre|Thunder|p1a: Arceus\n|-supereffective|p1a: Arceus\n|-damage|p1a: Arceus|0 fnt\n|faint|p1a: Arceus\n|\n|-weather|PrimordialSea|[upkeep]\n|-damage|p2a: Kyogre|31\/100 tox|[from] psn\n|upkeep\n|\n|t:|1699527310\n|switch|p1a: Zygarde|Zygarde, shiny|100\/100\n|-damage|p1a: Zygarde|88\/100|[from] Spikes\n|turn|14\n|\n|t:|1699527314\n|move|p1a: Zygarde|Thousand Arrows|p2a: Kyogre\n|-damage|p2a: Kyogre|0 fnt\n|faint|p2a: Kyogre\n|-weather|none\n|\n|-heal|p1a: Zygarde|94\/100|[from] item: Leftovers\n|upkeep\n|\n|t:|1699527319\n|switch|p2a: Yveltal|Yveltal, shiny|100\/100\n|-damage|p2a: Yveltal|76\/100|[from] Stealth Rock\n|-ability|p2a: Yveltal|Dark Aura\n|turn|15\n|\n|t:|1699527322\n|switch|p1a: Magearna|Magearna|100\/100\n|-damage|p1a: Magearna|88\/100|[from] Spikes\n|move|p2a: Yveltal|Knock Off|p1a: Magearna\n|-resisted|p1a: Magearna\n|-crit|p1a: Magearna\n|-damage|p1a: Magearna|51\/100\n|-damage|p2a: Yveltal|66\/100|[from] item: Life Orb\n|\n|upkeep\n|turn|16\n|\n|t:|1699527343\n|move|p2a: Yveltal|Dual Wingbeat|p1a: Magearna\n|-resisted|p1a: Magearna\n|-crit|p1a: Magearna\n|-damage|p1a: Magearna|34\/100\n|-resisted|p1a: Magearna\n|-damage|p1a: Magearna|22\/100\n|-hitcount|p1a: Magearna|2\n|-damage|p2a: Yveltal|56\/100|[from] item: Life Orb\n|move|p1a: Magearna|Pain Split|p2a: Yveltal\n|-sethp|p2a: Yveltal|38\/100|[from] move: Pain Split|[silent]\n|-sethp|p1a: Magearna|41\/100|[from] move: Pain Split\n|\n|upkeep\n|turn|17\n|\n|t:|1699527355\n|switch|p2a: Groudon|Groudon, shiny|100\/100\n|-damage|p2a: Groudon|94\/100|[from] Stealth Rock\n|detailschange|p2a: Groudon|Groudon-Primal, shiny\n|-primal|p2a: Groudon|Red Orb\n|-weather|DesolateLand|[from] ability: Desolate Land|[of] p2a: Groudon\n|move|p1a: Magearna|Fleur Cannon|p2a: Groudon\n|-resisted|p2a: Groudon\n|-damage|p2a: Groudon|65\/100\n|-unboost|p1a: Magearna|spa|2\n|\n|-weather|DesolateLand|[upkeep]\n|upkeep\n|turn|18\n|\n|t:|1699527362\n|move|p2a: Groudon|Earthquake|p1a: Magearna\n|-supereffective|p1a: Magearna\n|-damage|p1a: Magearna|0 fnt\n|faint|p1a: Magearna\n|\n|-weather|DesolateLand|[upkeep]\n|upkeep\n|\n|t:|1699527364\n|switch|p1a: Zygarde|Zygarde, shiny|94\/100\n|-damage|p1a: Zygarde|82\/100|[from] Spikes\n|turn|19\n|\n|t:|1699527368\n|move|p1a: Zygarde|Thousand Arrows|p2a: Groudon\n|-supereffective|p2a: Groudon\n|-damage|p2a: Groudon|12\/100\n|move|p2a: Groudon|Heat Crash|p1a: Zygarde\n|-resisted|p1a: Zygarde\n|-damage|p1a: Zygarde|46\/100\n|\n|-weather|DesolateLand|[upkeep]\n|-heal|p1a: Zygarde|52\/100|[from] item: Leftovers\n|upkeep\n|turn|20\n|\n|t:|1699527380\n|move|p1a: Zygarde|Thousand Arrows|p2a: Groudon\n|-supereffective|p2a: Groudon\n|-damage|p2a: Groudon|0 fnt\n|faint|p2a: Groudon\n|-weather|none\n|\n|-heal|p1a: Zygarde|58\/100|[from] item: Leftovers\n|upkeep\n|\n|t:|1699527383\n|switch|p2a: Yveltal|Yveltal, shiny|38\/100\n|-damage|p2a: Yveltal|13\/100|[from] Stealth Rock\n|-ability|p2a: Yveltal|Dark Aura\n|turn|21\n|\n|t:|1699527391\n|switch|p1a: Ditto|Ditto, shiny|88\/100\n|-damage|p1a: Ditto|76\/100|[from] Spikes\n|-transform|p1a: Ditto|p2a: Yveltal|[from] ability: Imposter\n|-ability|p1a: Ditto|Dark Aura\n|move|p2a: Yveltal|Knock Off|p1a: Ditto\n|-resisted|p1a: Ditto\n|-damage|p1a: Ditto|23\/100\n|-enditem|p1a: Ditto|Choice Scarf|[from] move: Knock Off|[of] p2a: Yveltal\n|-damage|p2a: Yveltal|3\/100|[from] item: Life Orb\n|\n|upkeep\n|turn|22\n|\n|t:|1699527399\n|move|p2a: Yveltal|Sucker Punch|p1a: Ditto\n|-resisted|p1a: Ditto\n|-damage|p1a: Ditto|0 fnt\n|faint|p1a: Ditto\n|-damage|p2a: Yveltal|0 fnt|[from] item: Life Orb\n|faint|p2a: Yveltal\n|\n|upkeep\n|\n|t:|1699527405\n|switch|p2a: Zacian|Zacian-Crowned|85\/100\n|switch|p1a: Zygarde|Zygarde, shiny|58\/100\n|-damage|p2a: Zacian|79\/100|[from] Stealth Rock\n|-damage|p1a: Zygarde|46\/100|[from] Spikes\n|turn|23\n|\n|t:|1699527414\n|-terastallize|p2a: Zacian|Ground\n|move|p2a: Zacian|Behemoth Blade|p1a: Zygarde\n|-damage|p1a: Zygarde|1\/100\n|move|p1a: Zygarde|Thousand Arrows|p2a: Zacian\n|-damage|p2a: Zacian|41\/100\n|\n|-heal|p1a: Zygarde|7\/100|[from] item: Leftovers\n|-activate|p1a: Zygarde|ability: Power Construct\n|detailschange|p1a: Zygarde|Zygarde-Complete, shiny\n|-heal|p1a: Zygarde|42\/100|[silent]\n|upkeep\n|turn|24\n|\n|t:|1699527429\n|move|p2a: Zacian|Behemoth Blade|p1a: Zygarde\n|-damage|p1a: Zygarde|15\/100\n|move|p1a: Zygarde|Thousand Arrows|p2a: Zacian\n|-damage|p2a: Zacian|3\/100\n|\n|-heal|p1a: Zygarde|21\/100|[from] item: Leftovers\n|upkeep\n|turn|25\n|\n|t:|1699527434\n|move|p1a: Zygarde|Extreme Speed|p2a: Zacian\n|-damage|p2a: Zacian|0 fnt\n|faint|p2a: Zacian\n|\n|-heal|p1a: Zygarde|28\/100|[from] item: Leftovers\n|upkeep\n|\n|t:|1699527437\n|switch|p2a: Dondozo|Dondozo, M, shiny|48\/100 tox\n|-damage|p2a: Dondozo|35\/100 tox|[from] Stealth Rock\n|turn|26\n|\n|t:|1699527444\n|move|p1a: Zygarde|Thousand Arrows|p2a: Dondozo\n|-damage|p2a: Dondozo|10\/100 tox\n|move|p2a: Dondozo|Rest|p2a: Dondozo\n|-status|p2a: Dondozo|slp|[from] move: Rest\n|-heal|p2a: Dondozo|100\/100 slp|[silent]\n|\n|-heal|p1a: Zygarde|34\/100|[from] item: Leftovers\n|upkeep\n|turn|27\n|\n|t:|1699527449\n|move|p1a: Zygarde|Thousand Arrows|p2a: Dondozo\n|-damage|p2a: Dondozo|78\/100 slp\n|cant|p2a: Dondozo|slp\n|\n|-heal|p1a: Zygarde|40\/100|[from] item: Leftovers\n|-heal|p2a: Dondozo|85\/100 slp|[from] item: Leftovers\n|upkeep\n|turn|28\n|\n|t:|1699527453\n|move|p1a: Zygarde|Thousand Arrows|p2a: Dondozo\n|-damage|p2a: Dondozo|59\/100 slp\n|cant|p2a: Dondozo|slp\n|\n|-heal|p1a: Zygarde|46\/100|[from] item: Leftovers\n|-heal|p2a: Dondozo|65\/100 slp|[from] item: Leftovers\n|upkeep\n|turn|29\n|\n|t:|1699527457\n|move|p1a: Zygarde|Thousand Arrows|p2a: Dondozo\n|-damage|p2a: Dondozo|42\/100 slp\n|-curestatus|p2a: Dondozo|slp|[msg]\n|move|p2a: Dondozo|Curse|p2a: Dondozo\n|-unboost|p2a: Dondozo|spe|1\n|-boost|p2a: Dondozo|atk|1\n|-boost|p2a: Dondozo|def|1\n|\n|-heal|p1a: Zygarde|52\/100|[from] item: Leftovers\n|-heal|p2a: Dondozo|48\/100|[from] item: Leftovers\n|upkeep\n|turn|30\n|\n|t:|1699527461\n|move|p1a: Zygarde|Thousand Arrows|p2a: Dondozo\n|-damage|p2a: Dondozo|32\/100\n|move|p2a: Dondozo|Curse|p2a: Dondozo\n|-unboost|p2a: Dondozo|spe|1\n|-boost|p2a: Dondozo|atk|1\n|-boost|p2a: Dondozo|def|1\n|\n|-heal|p1a: Zygarde|58\/100|[from] item: Leftovers\n|-heal|p2a: Dondozo|38\/100|[from] item: Leftovers\n|upkeep\n|turn|31\n|\n|t:|1699527467\n|move|p1a: Zygarde|Thousand Arrows|p2a: Dondozo\n|-damage|p2a: Dondozo|27\/100\n|move|p2a: Dondozo|Curse|p2a: Dondozo\n|-unboost|p2a: Dondozo|spe|1\n|-boost|p2a: Dondozo|atk|1\n|-boost|p2a: Dondozo|def|1\n|\n|-heal|p1a: Zygarde|64\/100|[from] item: Leftovers\n|-heal|p2a: Dondozo|34\/100|[from] item: Leftovers\n|upkeep\n|turn|32\n|j| Irfanayan\n|\n|t:|1699527473\n|move|p1a: Zygarde|Thousand Arrows|p2a: Dondozo\n|-damage|p2a: Dondozo|25\/100\n|move|p2a: Dondozo|Rest|p2a: Dondozo\n|-status|p2a: Dondozo|slp|[from] move: Rest\n|-heal|p2a: Dondozo|100\/100 slp|[silent]\n|\n|-heal|p1a: Zygarde|70\/100|[from] item: Leftovers\n|upkeep\n|turn|33\n|-message|BlackStar150520 forfeited.\n|\n|win|arafatr871\n|raw|BlackStar150520's rating: 1806 &rarr; <strong>1777<\/strong><br \/>(-29 for losing)\n|raw|arafatr871's rating: 1637 &rarr; <strong>1666<\/strong><br \/>(+29 for winning)\n|l|\u2606BlackStar150520\n|c|\u2606arafatr871|gg\n|l| Irfanayan\n|l|\u2606arafatr871\n","uploadtime":1699527565,"views":4,"p1id":"blackstar150520","p2id":"arafatr871","formatid":"gen9nationaldexubers","rating":1666,"private":0,"password":""}