{"id":"gen9nationaldexubers-1993506534","p1":"PIXIE-MODE\u2665\ufe0f","p2":"Xonatayexo","format":"[Gen 9] National Dex Ubers","log":"|j|\u2606PIXIE-MODE\u2665\ufe0f\n|j|\u2606Xonatayexo\n|t:|1700325950\n|gametype|singles\n|player|p1|PIXIE-MODE\u2665\ufe0f|valerie|1112\n|player|p2|Xonatayexo|102|1000\n|teamsize|p1|6\n|teamsize|p2|6\n|gen|9\n|tier|[Gen 9] National Dex Ubers\n|rated|\n|rule|HP Percentage Mod: HP is shown in percentages\n|rule|Endless Battle Clause: Forcing endless battles is banned\n|rule|OHKO Clause: OHKO moves are banned\n|rule|Evasion Moves Clause: Evasion moves are banned\n|rule|Evasion Items Clause: Evasion items are banned\n|rule|Species Clause: Limit one of each Pok\u00e9mon\n|rule|Sleep Clause Mod: Limit one foe put to sleep\n|rule|Mega Rayquaza Clause: You cannot mega evolve Rayquaza\n|clearpoke\n|poke|p1|Shiinotic, F|\n|poke|p1|Magearna-Original|\n|poke|p1|Azumarill, F|\n|poke|p1|Slurpuff, F|\n|poke|p1|Granbull, F|\n|poke|p1|Dachsbun, F|\n|poke|p2|Cetitan, F|\n|poke|p2|Deoxys-Attack|\n|poke|p2|Mew|\n|poke|p2|Dragonite, F|\n|poke|p2|Palkia|\n|poke|p2|Dialga|\n|teampreview\n|\n|t:|1700325961\n|start\n|switch|p1a: \ud83d\udc97SLURPUFF\ud83d\udc97\ud83d\ude0b|Slurpuff, F|100\/100\n|switch|p2a: Dragonite|Dragonite, F, shiny|100\/100\n|turn|1\n|\n|t:|1700325975\n|move|p1a: \ud83d\udc97SLURPUFF\ud83d\udc97\ud83d\ude0b|Sticky Web|p2a: Dragonite\n|-sidestart|p2: Xonatayexo|move: Sticky Web\n|move|p2a: Dragonite|Dragon Dance|p2a: Dragonite\n|-boost|p2a: Dragonite|atk|1\n|-boost|p2a: Dragonite|spe|1\n|\n|upkeep\n|turn|2\n|\n|t:|1700325981\n|move|p2a: Dragonite|Dragon Dance|p2a: Dragonite\n|-boost|p2a: Dragonite|atk|1\n|-boost|p2a: Dragonite|spe|1\n|move|p1a: \ud83d\udc97SLURPUFF\ud83d\udc97\ud83d\ude0b|Belly Drum|p1a: \ud83d\udc97SLURPUFF\ud83d\udc97\ud83d\ude0b\n|-damage|p1a: \ud83d\udc97SLURPUFF\ud83d\udc97\ud83d\ude0b|51\/100\n|-setboost|p1a: \ud83d\udc97SLURPUFF\ud83d\udc97\ud83d\ude0b|atk|6|[from] move: Belly Drum\n|\n|upkeep\n|turn|3\n|\n|t:|1700325990\n|move|p1a: \ud83d\udc97SLURPUFF\ud83d\udc97\ud83d\ude0b|Play Rough|p2a: Dragonite\n|-supereffective|p2a: Dragonite\n|-damage|p2a: Dragonite|0 fnt\n|faint|p2a: Dragonite\n|\n|upkeep\n|\n|t:|1700325998\n|switch|p2a: Deoxys|Deoxys-Attack|100\/100\n|-activate|p2a: Deoxys|move: Sticky Web\n|-unboost|p2a: Deoxys|spe|1\n|-ability|p2a: Deoxys|Pressure\n|turn|4\n|\n|t:|1700326007\n|move|p1a: \ud83d\udc97SLURPUFF\ud83d\udc97\ud83d\ude0b|Drain Punch|p2a: Deoxys\n|-resisted|p2a: Deoxys\n|-damage|p2a: Deoxys|0 fnt\n|-heal|p1a: \ud83d\udc97SLURPUFF\ud83d\udc97\ud83d\ude0b|95\/100|[from] drain|[of] p2a: Deoxys\n|faint|p2a: Deoxys\n|\n|upkeep\n|\n|t:|1700326016\n|switch|p2a: Palkia|Palkia|100\/100\n|-activate|p2a: Palkia|move: Sticky Web\n|-unboost|p2a: Palkia|spe|1\n|-ability|p2a: Palkia|Pressure\n|turn|5\n|\n|t:|1700326027\n|-terastallize|p1a: \ud83d\udc97SLURPUFF\ud83d\udc97\ud83d\ude0b|Fairy\n|-terastallize|p2a: Palkia|Water\n|move|p1a: \ud83d\udc97SLURPUFF\ud83d\udc97\ud83d\ude0b|Play Rough|p2a: Palkia\n|-damage|p2a: Palkia|0 fnt\n|faint|p2a: Palkia\n|\n|upkeep\n|\n|t:|1700326038\n|switch|p2a: Dialga|Dialga|100\/100\n|-activate|p2a: Dialga|move: Sticky Web\n|-unboost|p2a: Dialga|spe|1\n|-ability|p2a: Dialga|Pressure\n|turn|6\n|\n|t:|1700326051\n|move|p1a: \ud83d\udc97SLURPUFF\ud83d\udc97\ud83d\ude0b|Drain Punch|p2a: Dialga\n|-supereffective|p2a: Dialga\n|-damage|p2a: Dialga|0 fnt\n|-heal|p1a: \ud83d\udc97SLURPUFF\ud83d\udc97\ud83d\ude0b|100\/100|[from] drain|[of] p2a: Dialga\n|faint|p2a: Dialga\n|\n|upkeep\n|-message|Xonatayexo forfeited.\n|\n|win|PIXIE-MODE\u2665\ufe0f\n|raw|PIXIE-MODE\u2665\ufe0f's rating: 1112 &rarr; <strong>1129<\/strong><br \/>(+17 for winning)\n|raw|Xonatayexo's rating: 1000 &rarr; <strong>1000<\/strong><br \/>(+0 for losing)\n|l|\u2606Xonatayexo\n","uploadtime":1700326151,"views":20,"p1id":"pixiemode","p2id":"xonatayexo","formatid":"gen9nationaldexubers","rating":1000,"private":0,"password":""}