{"id":"gen9nationaldexubers-1983905128","p1":"Paradox-Apollyon","p2":"Soyeon is a cutie","format":"[Gen 9] National Dex Ubers","log":"|j|\u2606Paradox-Apollyon\n|j|\u2606Soyeon is a cutie\n|t:|1699198376\n|gametype|singles\n|player|p1|Paradox-Apollyon|n|1479\n|player|p2|Soyeon is a cutie|idol|1779\n|teamsize|p1|6\n|teamsize|p2|6\n|gen|9\n|tier|[Gen 9] National Dex Ubers\n|rated|\n|rule|HP Percentage Mod: HP is shown in percentages\n|rule|Endless Battle Clause: Forcing endless battles is banned\n|rule|OHKO Clause: OHKO moves are banned\n|rule|Evasion Moves Clause: Evasion moves are banned\n|rule|Evasion Items Clause: Evasion items are banned\n|rule|Species Clause: Limit one of each Pok\u00e9mon\n|rule|Sleep Clause Mod: Limit one foe put to sleep\n|rule|Mega Rayquaza Clause: You cannot mega evolve Rayquaza\n|clearpoke\n|poke|p1|Smeargle, F|\n|poke|p1|Xerneas-*|\n|poke|p1|Arceus|\n|poke|p1|Kyogre|\n|poke|p1|Necrozma-Dusk-Mane|\n|poke|p1|Zygarde|\n|poke|p2|Zygarde|\n|poke|p2|Magearna|\n|poke|p2|Ditto|\n|poke|p2|Rayquaza|\n|poke|p2|Arceus-Water|\n|poke|p2|Necrozma-Dusk-Mane|\n|teampreview\n|inactive|Battle timer is ON: inactive players will automatically lose when time's up. (requested by Paradox-Apollyon)\n|inactive|Soyeon is a cutie also wants the timer to be on.\n|\n|t:|1699198389\n|start\n|switch|p1a: Smeargle|Smeargle, F|100\/100\n|switch|p2a: Arceus|Arceus-Water|100\/100\n|turn|1\n|\n|t:|1699198395\n|move|p2a: Arceus|Taunt|p1a: Smeargle\n|-start|p1a: Smeargle|move: Taunt\n|cant|p1a: Smeargle|move: Taunt|Sticky Web\n|\n|upkeep\n|turn|2\n|\n|t:|1699198407\n|switch|p1a: Kyogre|Kyogre|100\/100\n|detailschange|p1a: Kyogre|Kyogre-Primal\n|-primal|p1a: Kyogre|Blue Orb\n|-weather|PrimordialSea|[from] ability: Primordial Sea|[of] p1a: Kyogre\n|move|p2a: Arceus|Judgment|p1a: Kyogre\n|-resisted|p1a: Kyogre\n|-damage|p1a: Kyogre|75\/100\n|\n|-weather|PrimordialSea|[upkeep]\n|upkeep\n|turn|3\n|\n|t:|1699198414\n|move|p2a: Arceus|Toxic|p1a: Kyogre\n|-status|p1a: Kyogre|tox\n|move|p1a: Kyogre|Thunder|p2a: Arceus\n|-supereffective|p2a: Arceus\n|-damage|p2a: Arceus|33\/100\n|\n|-weather|PrimordialSea|[upkeep]\n|-damage|p1a: Kyogre|69\/100 tox|[from] psn\n|upkeep\n|turn|4\n|\n|t:|1699198421\n|switch|p2a: Necrozma|Necrozma-Dusk-Mane|100\/100\n|move|p1a: Kyogre|Thunder|p2a: Necrozma\n|-damage|p2a: Necrozma|58\/100\n|-status|p2a: Necrozma|par\n|\n|-weather|PrimordialSea|[upkeep]\n|-damage|p1a: Kyogre|57\/100 tox|[from] psn\n|upkeep\n|turn|5\n|\n|t:|1699198430\n|switch|p2a: Ditto|Ditto, shiny|100\/100\n|-transform|p2a: Ditto|p1a: Kyogre|[from] ability: Imposter\n|move|p1a: Kyogre|Thunder|p2a: Ditto\n|-supereffective|p2a: Ditto\n|-damage|p2a: Ditto|29\/100\n|\n|-weather|PrimordialSea|[upkeep]\n|-damage|p1a: Kyogre|38\/100 tox|[from] psn\n|upkeep\n|turn|6\n|\n|t:|1699198437\n|move|p2a: Ditto|Origin Pulse|p1a: Kyogre\n|-resisted|p1a: Kyogre\n|-damage|p1a: Kyogre|0 fnt\n|faint|p1a: Kyogre\n|\n|-weather|PrimordialSea|[upkeep]\n|upkeep\n|\n|t:|1699198445\n|switch|p1a: Smeargle|Smeargle, F|100\/100\n|turn|7\n|\n|t:|1699198448\n|move|p2a: Ditto|Origin Pulse|p1a: Smeargle|[miss]\n|-miss|p2a: Ditto|p1a: Smeargle\n|move|p1a: Smeargle|Nuzzle|p2a: Ditto\n|-supereffective|p2a: Ditto\n|-damage|p2a: Ditto|24\/100\n|-status|p2a: Ditto|par\n|\n|-weather|PrimordialSea|[upkeep]\n|upkeep\n|turn|8\n|\n|t:|1699198452\n|-weather|none\n|switch|p2a: Magearna|Magearna|100\/100\n|move|p1a: Smeargle|Sticky Web|p2a: Magearna\n|-sidestart|p2: Soyeon is a cutie|move: Sticky Web\n|\n|upkeep\n|turn|9\n|\n|t:|1699198455\n|move|p1a: Smeargle|Nuzzle|p2a: Magearna\n|-damage|p2a: Magearna|99\/100\n|-status|p2a: Magearna|par\n|cant|p2a: Magearna|par\n|\n|upkeep\n|turn|10\n|\n|t:|1699198460\n|cant|p2a: Magearna|par\n|move|p1a: Smeargle|Whirlwind|p2a: Magearna\n|drag|p2a: Arceus|Arceus-Water|33\/100\n|-activate|p2a: Arceus|move: Sticky Web\n|-unboost|p2a: Arceus|spe|1\n|\n|upkeep\n|turn|11\n|\n|t:|1699198468\n|move|p1a: Smeargle|Nuzzle|p2a: Arceus\n|-supereffective|p2a: Arceus\n|-damage|p2a: Arceus|31\/100\n|-status|p2a: Arceus|par\n|move|p2a: Arceus|Recover|p2a: Arceus\n|-heal|p2a: Arceus|81\/100 par\n|\n|upkeep\n|turn|12\n|\n|t:|1699198475\n|switch|p2a: Magearna|Magearna|99\/100 par\n|-activate|p2a: Magearna|move: Sticky Web\n|-unboost|p2a: Magearna|spe|1\n|move|p1a: Smeargle|Taunt|p2a: Magearna\n|-start|p2a: Magearna|move: Taunt\n|\n|upkeep\n|turn|13\n|\n|t:|1699198483\n|switch|p1a: Xerneas|Xerneas|100\/100\n|-ability|p1a: Xerneas|Fairy Aura\n|cant|p2a: Magearna|par\n|\n|upkeep\n|turn|14\n|\n|t:|1699198488\n|move|p1a: Xerneas|Geomancy||[still]\n|-prepare|p1a: Xerneas|Geomancy\n|-enditem|p1a: Xerneas|Power Herb\n|-anim|p1a: Xerneas|Geomancy|p1a: Xerneas\n|-boost|p1a: Xerneas|spa|2\n|-boost|p1a: Xerneas|spd|2\n|-boost|p1a: Xerneas|spe|2\n|move|p2a: Magearna|Fleur Cannon|p1a: Xerneas\n|-damage|p1a: Xerneas|70\/100\n|-unboost|p2a: Magearna|spa|2\n|\n|-end|p2a: Magearna|move: Taunt\n|upkeep\n|turn|15\n|inactive|Paradox-Apollyon has 120 seconds left.\n|\n|t:|1699198522\n|move|p1a: Xerneas|Thunderbolt|p2a: Magearna\n|-damage|p2a: Magearna|56\/100 par\n|cant|p2a: Magearna|par\n|\n|upkeep\n|turn|16\n|inactive|Paradox-Apollyon has 120 seconds left.\n|\n|t:|1699198532\n|move|p1a: Xerneas|Thunderbolt|p2a: Magearna\n|-damage|p2a: Magearna|13\/100 par\n|-zpower|p2a: Magearna\n|move|p2a: Magearna|Z-Heal Bell|p2a: Magearna|[anim]Heal Bell\n|-heal|p2a: Magearna|100\/100 par|[zeffect]\n|-activate|p2a: Magearna|move: Heal Bell\n|-curestatus|p2a: Magearna|par|[msg]\n|-curestatus|p2: Ditto|par|[msg]\n|-curestatus|p2: Necrozma|par|[msg]\n|-curestatus|p2: Arceus|par|[msg]\n|\n|upkeep\n|turn|17\n|inactive|Paradox-Apollyon has 120 seconds left.\n|\n|t:|1699198557\n|move|p1a: Xerneas|Thunderbolt|p2a: Magearna\n|-damage|p2a: Magearna|61\/100\n|move|p2a: Magearna|Heart Swap|p1a: Xerneas\n|-swapboost|p2a: Magearna|p1a: Xerneas|[from] move: Heart Swap\n|\n|upkeep\n|turn|18\n|\n|t:|1699198575\n|switch|p1a: Necrozma|Necrozma-Dusk-Mane|100\/100\n|move|p2a: Magearna|Fleur Cannon|p1a: Necrozma\n|-resisted|p1a: Necrozma\n|-damage|p1a: Necrozma|37\/100\n|-unboost|p2a: Magearna|spa|2\n|\n|upkeep\n|turn|19\n|inactive|Paradox-Apollyon has 90 seconds left.\n|\n|t:|1699198598\n|switch|p2a: Zygarde|Zygarde, shiny|100\/100\n|-activate|p2a: Zygarde|move: Sticky Web\n|-unboost|p2a: Zygarde|spe|1\n|detailschange|p1a: Necrozma|Necrozma-Ultra\n|-burst|p1a: Necrozma|Necrozma|Ultranecrozium Z\n|move|p1a: Necrozma|Sunsteel Strike|p2a: Zygarde\n|-crit|p2a: Zygarde\n|-damage|p2a: Zygarde|41\/100\n|\n|-heal|p2a: Zygarde|47\/100|[from] item: Leftovers\n|-activate|p2a: Zygarde|ability: Power Construct\n|detailschange|p2a: Zygarde|Zygarde-Complete, shiny\n|-heal|p2a: Zygarde|67\/100|[silent]\n|upkeep\n|turn|20\n|\n|t:|1699198608\n|switch|p2a: Necrozma|Necrozma-Dusk-Mane|58\/100\n|-activate|p2a: Necrozma|move: Sticky Web\n|-unboost|p2a: Necrozma|spe|1\n|-zpower|p1a: Necrozma\n|move|p1a: Necrozma|Light That Burns the Sky|p2a: Necrozma|[zeffect]\n|-resisted|p2a: Necrozma\n|-damage|p2a: Necrozma|30\/100\n|\n|upkeep\n|turn|21\n|\n|t:|1699198618\n|switch|p2a: Rayquaza|Rayquaza|100\/100\n|-ability|p2a: Rayquaza|Air Lock\n|move|p1a: Necrozma|Knock Off|p2a: Rayquaza\n|-damage|p2a: Rayquaza|50\/100\n|-enditem|p2a: Rayquaza|Focus Sash|[from] move: Knock Off|[of] p1a: Necrozma\n|\n|upkeep\n|turn|22\n|\n|t:|1699198626\n|move|p2a: Rayquaza|Extreme Speed|p1a: Necrozma\n|-damage|p1a: Necrozma|3\/100\n|move|p1a: Necrozma|Photon Geyser|p2a: Rayquaza\n|-damage|p2a: Rayquaza|0 fnt\n|faint|p2a: Rayquaza\n|\n|upkeep\n|\n|t:|1699198630\n|switch|p2a: Zygarde|Zygarde-Complete, shiny|67\/100\n|-activate|p2a: Zygarde|move: Sticky Web\n|-unboost|p2a: Zygarde|spe|1\n|turn|23\n|\n|t:|1699198649\n|move|p2a: Zygarde|Extreme Speed|p1a: Necrozma\n|-damage|p1a: Necrozma|0 fnt\n|faint|p1a: Necrozma\n|\n|-heal|p2a: Zygarde|73\/100|[from] item: Leftovers\n|upkeep\n|\n|t:|1699198658\n|switch|p1a: Xerneas|Xerneas|70\/100\n|-ability|p1a: Xerneas|Fairy Aura\n|turn|24\n|\n|t:|1699198661\n|switch|p2a: Magearna|Magearna|61\/100\n|-activate|p2a: Magearna|move: Sticky Web\n|-unboost|p2a: Magearna|spe|1\n|move|p1a: Xerneas|Moonblast|p2a: Magearna\n|-resisted|p2a: Magearna\n|-damage|p2a: Magearna|40\/100\n|\n|upkeep\n|turn|25\n|inactive|Paradox-Apollyon has 120 seconds left.\n|\n|t:|1699198667\n|move|p1a: Xerneas|Thunderbolt|p2a: Magearna\n|-damage|p2a: Magearna|18\/100\n|move|p2a: Magearna|Pain Split|p1a: Xerneas\n|-sethp|p1a: Xerneas|42\/100|[from] move: Pain Split|[silent]\n|-sethp|p2a: Magearna|53\/100|[from] move: Pain Split\n|\n|upkeep\n|turn|26\n|\n|t:|1699198673\n|move|p1a: Xerneas|Thunderbolt|p2a: Magearna\n|-damage|p2a: Magearna|31\/100\n|move|p2a: Magearna|Fleur Cannon|p1a: Xerneas\n|-damage|p1a: Xerneas|0 fnt\n|-unboost|p2a: Magearna|spa|2\n|faint|p1a: Xerneas\n|-ability|p2a: Magearna|Soul-Heart|boost\n|-boost|p2a: Magearna|spa|1\n|\n|upkeep\n|\n|t:|1699198680\n|switch|p1a: Zygarde|Zygarde|100\/100\n|turn|27\n|\n|t:|1699198687\n|-terastallize|p1a: Zygarde|Ground\n|move|p1a: Zygarde|Thousand Arrows|p2a: Magearna\n|-supereffective|p2a: Magearna\n|-damage|p2a: Magearna|0 fnt\n|faint|p2a: Magearna\n|\n|upkeep\n|\n|t:|1699198693\n|switch|p2a: Arceus|Arceus-Water|81\/100\n|-activate|p2a: Arceus|move: Sticky Web\n|-unboost|p2a: Arceus|spe|1\n|turn|28\n|\n|t:|1699198705\n|switch|p1a: Smeargle|Smeargle, F|100\/100\n|move|p2a: Arceus|Judgment|p1a: Smeargle\n|-enditem|p1a: Smeargle|Focus Sash\n|-damage|p1a: Smeargle|1\/100\n|\n|upkeep\n|turn|29\n|\n|t:|1699198712\n|switch|p2a: Zygarde|Zygarde-Complete, shiny|73\/100\n|-activate|p2a: Zygarde|move: Sticky Web\n|-unboost|p2a: Zygarde|spe|1\n|move|p1a: Smeargle|Nuzzle|p2a: Zygarde\n|-immune|p2a: Zygarde\n|\n|-heal|p2a: Zygarde|79\/100|[from] item: Leftovers\n|upkeep\n|turn|30\n|\n|t:|1699198718\n|switch|p1a: Arceus|Arceus|100\/100\n|move|p2a: Zygarde|Extreme Speed|p1a: Arceus\n|-damage|p1a: Arceus|84\/100\n|\n|-heal|p2a: Zygarde|85\/100|[from] item: Leftovers\n|upkeep\n|turn|31\n|\n|t:|1699198727\n|move|p1a: Arceus|Swords Dance|p1a: Arceus\n|-boost|p1a: Arceus|atk|2\n|move|p2a: Zygarde|Dragon Dance|p2a: Zygarde\n|-boost|p2a: Zygarde|atk|1\n|-boost|p2a: Zygarde|spe|1\n|\n|-heal|p2a: Zygarde|91\/100|[from] item: Leftovers\n|upkeep\n|turn|32\n|\n|t:|1699198734\n|move|p1a: Arceus|Extreme Speed|p2a: Zygarde\n|-damage|p2a: Zygarde|50\/100\n|move|p2a: Zygarde|Thousand Arrows|p1a: Arceus\n|-damage|p1a: Arceus|45\/100\n|\n|-heal|p2a: Zygarde|57\/100|[from] item: Leftovers\n|upkeep\n|turn|33\n|\n|t:|1699198743\n|switch|p2a: Necrozma|Necrozma-Dusk-Mane|30\/100\n|-activate|p2a: Necrozma|move: Sticky Web\n|-unboost|p2a: Necrozma|spe|1\n|move|p1a: Arceus|Extreme Speed|p2a: Necrozma\n|-resisted|p2a: Necrozma\n|-damage|p2a: Necrozma|0 fnt\n|faint|p2a: Necrozma\n|\n|upkeep\n|\n|t:|1699198745\n|switch|p2a: Ditto|Ditto, shiny|24\/100\n|-activate|p2a: Ditto|move: Sticky Web\n|-unboost|p2a: Ditto|spe|1\n|-transform|p2a: Ditto|p1a: Arceus|[from] ability: Imposter\n|turn|34\n|\n|t:|1699198750\n|move|p2a: Ditto|Extreme Speed|p1a: Arceus\n|-damage|p1a: Arceus|0 fnt\n|faint|p1a: Arceus\n|\n|upkeep\n|\n|t:|1699198756\n|switch|p1a: Zygarde|Zygarde, tera:Ground|100\/100\n|turn|35\n|\n|t:|1699198759\n|move|p2a: Ditto|Extreme Speed|p1a: Zygarde\n|-damage|p1a: Zygarde|45\/100\n|move|p1a: Zygarde|Thousand Arrows|p2a: Ditto\n|-damage|p2a: Ditto|0 fnt\n|faint|p2a: Ditto\n|\n|-heal|p1a: Zygarde|51\/100|[from] item: Leftovers\n|upkeep\n|\n|t:|1699198763\n|switch|p2a: Arceus|Arceus-Water|81\/100\n|-activate|p2a: Arceus|move: Sticky Web\n|-unboost|p2a: Arceus|spe|1\n|turn|36\n|\n|t:|1699198771\n|move|p2a: Arceus|Judgment|p1a: Zygarde\n|-supereffective|p1a: Zygarde\n|-damage|p1a: Zygarde|0 fnt\n|faint|p1a: Zygarde\n|\n|upkeep\n|c|\u2606Paradox-Apollyon|gg\n|\n|t:|1699198781\n|switch|p1a: Smeargle|Smeargle, F|1\/100\n|turn|37\n|c|\u2606Soyeon is a cutie|Gg\n|\n|t:|1699198789\n|switch|p2a: Zygarde|Zygarde-Complete, shiny|57\/100\n|-activate|p2a: Zygarde|move: Sticky Web\n|-unboost|p2a: Zygarde|spe|1\n|move|p1a: Smeargle|Nuzzle|p2a: Zygarde\n|-immune|p2a: Zygarde\n|\n|-heal|p2a: Zygarde|63\/100|[from] item: Leftovers\n|upkeep\n|turn|38\n|\n|t:|1699198793\n|move|p2a: Zygarde|Thousand Arrows|p1a: Smeargle\n|-damage|p1a: Smeargle|0 fnt\n|faint|p1a: Smeargle\n|\n|win|Soyeon is a cutie\n|raw|Paradox-Apollyon's rating: 1479 &rarr; <strong>1473<\/strong><br \/>(-6 for losing)\n|raw|Soyeon is a cutie's rating: 1779 &rarr; <strong>1785<\/strong><br \/>(+6 for winning)\n|l|\u2606Paradox-Apollyon\n|l|\u2606Soyeon is a cutie\n","uploadtime":1699198891,"views":3,"p1id":"paradoxapollyon","p2id":"soyeonisacutie","formatid":"gen9nationaldexubers","rating":1473,"private":0,"password":""}