{"id":"gen9nationaldexubers-1990188691","p1":"XJohnson","p2":"pokXD","format":"[Gen 9] National Dex Ubers","log":"|j|\u2606XJohnson\n|j|\u2606pokXD\n|t:|1699934803\n|gametype|singles\n|player|p1|XJohnson|zinnia|\n|player|p2|pokXD|cynthia-gen7|\n|teamsize|p1|6\n|teamsize|p2|6\n|gen|9\n|tier|[Gen 9] National Dex Ubers\n|rule|HP Percentage Mod: HP is shown in percentages\n|rule|Endless Battle Clause: Forcing endless battles is banned\n|rule|OHKO Clause: OHKO moves are banned\n|rule|Evasion Moves Clause: Evasion moves are banned\n|rule|Evasion Items Clause: Evasion items are banned\n|rule|Species Clause: Limit one of each Pok\u00e9mon\n|rule|Sleep Clause Mod: Limit one foe put to sleep\n|rule|Mega Rayquaza Clause: You cannot mega evolve Rayquaza\n|clearpoke\n|poke|p1|Baxcalibur, F|\n|poke|p1|Ninetales-Alola, F|\n|poke|p1|Tyranitar, M|\n|poke|p1|Kommo-o, M|\n|poke|p1|Stakataka|\n|poke|p1|Ting-Lu|\n|poke|p2|Deoxys-Attack|\n|poke|p2|Ferrothorn, F|\n|poke|p2|Garchomp, F|\n|poke|p2|Groudon|\n|poke|p2|Salamence, F|\n|poke|p2|Gengar, F|\n|teampreview\n|\n|t:|1699934813\n|start\n|switch|p1a: Ting-Lu|Ting-Lu|100\/100\n|switch|p2a: Girthyfella|Groudon|100\/100\n|-ability|p1a: Ting-Lu|Vessel of Ruin\n|detailschange|p2a: Girthyfella|Groudon-Primal\n|-primal|p2a: Girthyfella|Red Orb\n|-weather|DesolateLand|[from] ability: Desolate Land|[of] p2a: Girthyfella\n|turn|1\n|\n|t:|1699934824\n|move|p2a: Girthyfella|Bulk Up|p2a: Girthyfella\n|-boost|p2a: Girthyfella|atk|1\n|-boost|p2a: Girthyfella|def|1\n|move|p1a: Ting-Lu|Stealth Rock|p2a: Girthyfella\n|-sidestart|p2: pokXD|move: Stealth Rock\n|\n|-weather|DesolateLand|[upkeep]\n|upkeep\n|turn|2\n|j| mrnexuslink\n|\n|t:|1699934831\n|move|p2a: Girthyfella|Bulk Up|p2a: Girthyfella\n|-boost|p2a: Girthyfella|atk|1\n|-boost|p2a: Girthyfella|def|1\n|move|p1a: Ting-Lu|Whirlwind|p2a: Girthyfella\n|-weather|none\n|drag|p2a: Goku|Deoxys-Attack|100\/100\n|-damage|p2a: Goku|88\/100|[from] Stealth Rock\n|-ability|p2a: Goku|Pressure\n|\n|upkeep\n|turn|3\n|\n|t:|1699934853\n|move|p2a: Goku|Extreme Speed|p1a: Ting-Lu\n|-damage|p1a: Ting-Lu|82\/100\n|-damage|p2a: Goku|78\/100|[from] item: Life Orb\n|move|p1a: Ting-Lu|Spikes|p2a: Goku\n|-sidestart|p2: pokXD|Spikes\n|\n|-heal|p1a: Ting-Lu|88\/100|[from] item: Leftovers\n|upkeep\n|turn|4\n|\n|t:|1699934864\n|switch|p2a: Slurrrpp|Gengar, F|100\/100\n|-damage|p2a: Slurrrpp|88\/100|[from] Stealth Rock\n|-damage|p2a: Slurrrpp|76\/100|[from] Spikes\n|move|p1a: Ting-Lu|Spikes|p2a: Slurrrpp\n|-sidestart|p2: pokXD|Spikes\n|\n|-heal|p1a: Ting-Lu|95\/100|[from] item: Leftovers\n|upkeep\n|turn|5\n|\n|t:|1699934874\n|move|p2a: Slurrrpp|Hypnosis|p1a: Ting-Lu\n|-status|p1a: Ting-Lu|slp|[from] move: Hypnosis\n|cant|p1a: Ting-Lu|slp\n|\n|-heal|p1a: Ting-Lu|100\/100 slp|[from] item: Leftovers\n|upkeep\n|turn|6\n|\n|t:|1699934890\n|switch|p2a: Girthyfella|Groudon-Primal|100\/100\n|-damage|p2a: Girthyfella|88\/100|[from] Stealth Rock\n|-damage|p2a: Girthyfella|72\/100|[from] Spikes\n|-weather|DesolateLand|[from] ability: Desolate Land|[of] p2a: Girthyfella\n|switch|p1a: Ninetales|Ninetales-Alola, F|100\/100\n|-ability|p1a: Ninetales|Snow Warning|[from] desolateland|[fail]\n|\n|-weather|DesolateLand|[upkeep]\n|upkeep\n|turn|7\n|\n|t:|1699934904\n|switch|p1a: Ting-Lu|Ting-Lu|100\/100 slp\n|-ability|p1a: Ting-Lu|Vessel of Ruin\n|move|p2a: Girthyfella|Fire Punch|p1a: Ting-Lu\n|-damage|p1a: Ting-Lu|68\/100 slp\n|\n|-weather|DesolateLand|[upkeep]\n|-heal|p1a: Ting-Lu|75\/100 slp|[from] item: Leftovers\n|upkeep\n|turn|8\n|\n|t:|1699934914\n|move|p2a: Girthyfella|Bulk Up|p2a: Girthyfella\n|-boost|p2a: Girthyfella|atk|1\n|-boost|p2a: Girthyfella|def|1\n|-curestatus|p1a: Ting-Lu|slp|[msg]\n|move|p1a: Ting-Lu|Whirlwind|p2a: Girthyfella\n|-weather|none\n|drag|p2a: Fraudchomp|Garchomp, F, shiny|100\/100\n|-damage|p2a: Fraudchomp|94\/100|[from] Stealth Rock\n|-damage|p2a: Fraudchomp|78\/100|[from] Spikes\n|\n|-heal|p1a: Ting-Lu|81\/100|[from] item: Leftovers\n|upkeep\n|turn|9\n|\n|t:|1699934927\n|switch|p1a: Ninetales|Ninetales-Alola, F|100\/100\n|-weather|Snow|[from] ability: Snow Warning|[of] p1a: Ninetales\n|move|p2a: Fraudchomp|Swords Dance|p2a: Fraudchomp\n|-boost|p2a: Fraudchomp|atk|2\n|\n|-weather|Snow|[upkeep]\n|upkeep\n|turn|10\n|\n|t:|1699934941\n|move|p1a: Ninetales|Encore|p2a: Fraudchomp\n|-start|p2a: Fraudchomp|Encore\n|move|p2a: Fraudchomp|Swords Dance|p2a: Fraudchomp\n|-boost|p2a: Fraudchomp|atk|2\n|\n|-weather|Snow|[upkeep]\n|upkeep\n|turn|11\n|\n|t:|1699934956\n|switch|p1a: Ting-Lu|Ting-Lu|81\/100\n|-ability|p1a: Ting-Lu|Vessel of Ruin\n|switch|p2a: Girthyfella|Groudon-Primal|72\/100\n|-damage|p2a: Girthyfella|59\/100|[from] Stealth Rock\n|-damage|p2a: Girthyfella|43\/100|[from] Spikes\n|-weather|DesolateLand|[from] ability: Desolate Land|[of] p2a: Girthyfella\n|\n|-weather|DesolateLand|[upkeep]\n|-heal|p1a: Ting-Lu|87\/100|[from] item: Leftovers\n|upkeep\n|turn|12\n|\n|t:|1699934968\n|move|p2a: Girthyfella|Bulk Up|p2a: Girthyfella\n|-boost|p2a: Girthyfella|atk|1\n|-boost|p2a: Girthyfella|def|1\n|move|p1a: Ting-Lu|Earthquake|p2a: Girthyfella\n|-supereffective|p2a: Girthyfella\n|-damage|p2a: Girthyfella|7\/100\n|\n|-weather|DesolateLand|[upkeep]\n|-heal|p1a: Ting-Lu|93\/100|[from] item: Leftovers\n|upkeep\n|turn|13\n|\n|t:|1699934978\n|move|p2a: Girthyfella|Fire Punch|p1a: Ting-Lu\n|-damage|p1a: Ting-Lu|42\/100\n|move|p1a: Ting-Lu|Whirlwind|p2a: Girthyfella\n|-weather|none\n|drag|p2a: GRAHHHH|Salamence, F, shiny|100\/100\n|-damage|p2a: GRAHHHH|76\/100|[from] Stealth Rock\n|\n|-heal|p1a: Ting-Lu|49\/100|[from] item: Leftovers\n|upkeep\n|turn|14\n|\n|t:|1699934995\n|detailschange|p2a: GRAHHHH|Salamence-Mega, F, shiny\n|-mega|p2a: GRAHHHH|Salamence|Salamencite\n|move|p2a: GRAHHHH|Dragon Dance|p2a: GRAHHHH\n|-boost|p2a: GRAHHHH|atk|1\n|-boost|p2a: GRAHHHH|spe|1\n|move|p1a: Ting-Lu|Whirlwind|p2a: GRAHHHH\n|drag|p2a: Ufoniggy|Ferrothorn, F, shiny|100\/100\n|-damage|p2a: Ufoniggy|94\/100|[from] Stealth Rock\n|-damage|p2a: Ufoniggy|78\/100|[from] Spikes\n|\n|-heal|p1a: Ting-Lu|55\/100|[from] item: Leftovers\n|-heal|p2a: Ufoniggy|84\/100|[from] item: Leftovers\n|upkeep\n|turn|15\n|\n|t:|1699935011\n|switch|p1a: Ninetales|Ninetales-Alola, F|100\/100\n|-weather|Snow|[from] ability: Snow Warning|[of] p1a: Ninetales\n|move|p2a: Ufoniggy|Leech Seed|p1a: Ninetales\n|-start|p1a: Ninetales|move: Leech Seed\n|\n|-weather|Snow|[upkeep]\n|-heal|p2a: Ufoniggy|90\/100|[from] item: Leftovers\n|-damage|p1a: Ninetales|88\/100|[from] Leech Seed|[of] p2a: Ufoniggy\n|-heal|p2a: Ufoniggy|100\/100|[silent]\n|upkeep\n|turn|16\n|\n|t:|1699935023\n|move|p1a: Ninetales|Encore|p2a: Ufoniggy\n|-start|p2a: Ufoniggy|Encore\n|move|p2a: Ufoniggy|Leech Seed||[still]\n|-fail|p2a: Ufoniggy\n|\n|-weather|Snow|[upkeep]\n|-damage|p1a: Ninetales|75\/100|[from] Leech Seed|[of] p2a: Ufoniggy\n|upkeep\n|turn|17\n|\n|t:|1699935035\n|switch|p2a: Slurrrpp|Gengar, F|76\/100\n|-damage|p2a: Slurrrpp|64\/100|[from] Stealth Rock\n|-damage|p2a: Slurrrpp|47\/100|[from] Spikes\n|move|p1a: Ninetales|Aurora Veil|p1a: Ninetales\n|-sidestart|p1: XJohnson|move: Aurora Veil\n|\n|-weather|Snow|[upkeep]\n|-damage|p1a: Ninetales|63\/100|[from] Leech Seed|[of] p2a: Slurrrpp\n|-heal|p2a: Slurrrpp|63\/100|[silent]\n|upkeep\n|turn|18\n|\n|t:|1699935047\n|move|p1a: Ninetales|Moonblast|p2a: Slurrrpp\n|-resisted|p2a: Slurrrpp\n|-damage|p2a: Slurrrpp|38\/100\n|move|p2a: Slurrrpp|Shadow Ball|p1a: Ninetales\n|-damage|p1a: Ninetales|34\/100\n|-damage|p2a: Slurrrpp|28\/100|[from] item: Life Orb\n|\n|-weather|Snow|[upkeep]\n|-damage|p1a: Ninetales|21\/100|[from] Leech Seed|[of] p2a: Slurrrpp\n|-heal|p2a: Slurrrpp|44\/100|[silent]\n|upkeep\n|turn|19\n|\n|t:|1699935062\n|move|p1a: Ninetales|Encore|p2a: Slurrrpp\n|-start|p2a: Slurrrpp|Encore\n|move|p2a: Slurrrpp|Shadow Ball|p1a: Ninetales\n|-damage|p1a: Ninetales|0 fnt\n|faint|p1a: Ninetales\n|-damage|p2a: Slurrrpp|34\/100|[from] item: Life Orb\n|\n|-weather|none\n|upkeep\n|\n|t:|1699935064\n|switch|p1a: Stakataka|Stakataka|100\/100\n|turn|20\n|c|\u2606XJohnson|Aha gg\n|c|\u2606XJohnson|Stak my goat\n|\n|t:|1699935116\n|switch|p2a: Girthyfella|Groudon-Primal|7\/100\n|-damage|p2a: Girthyfella|0 fnt|[from] Stealth Rock\n|faint|p2a: Girthyfella\n|move|p1a: Stakataka|Trick Room|p1a: Stakataka\n|-fieldstart|move: Trick Room|[of] p1a: Stakataka\n|\n|upkeep\n|\n|t:|1699935132\n|switch|p2a: Ufoniggy|Ferrothorn, F, shiny|100\/100\n|-damage|p2a: Ufoniggy|94\/100|[from] Stealth Rock\n|-damage|p2a: Ufoniggy|78\/100|[from] Spikes\n|turn|21\n|\n|t:|1699935138\n|move|p1a: Stakataka|Heat Crash|p2a: Ufoniggy\n|-supereffective|p2a: Ufoniggy\n|-damage|p2a: Ufoniggy|0 fnt\n|-damage|p1a: Stakataka|88\/100|[from] ability: Iron Barbs|[of] p2a: Ufoniggy\n|faint|p2a: Ufoniggy\n|-ability|p1a: Stakataka|Beast Boost|boost\n|-boost|p1a: Stakataka|atk|1\n|\n|upkeep\n|c|\u2606XJohnson|Garchomp\n|c|\u2606XJohnson|NOW\n|\n|t:|1699935150\n|switch|p2a: Slurrrpp|Gengar, F|34\/100\n|-damage|p2a: Slurrrpp|21\/100|[from] Stealth Rock\n|-damage|p2a: Slurrrpp|5\/100|[from] Spikes\n|turn|22\n|\n|t:|1699935156\n|move|p1a: Stakataka|Gyro Ball|p2a: Slurrrpp\n|-damage|p2a: Slurrrpp|0 fnt\n|faint|p2a: Slurrrpp\n|-ability|p1a: Stakataka|Beast Boost|boost\n|-boost|p1a: Stakataka|atk|1\n|\n|upkeep\n|c|\u2606XJohnson|Give it over\n|c|\u2606XJohnson|I want it\n|\n|t:|1699935173\n|switch|p2a: Fraudchomp|Garchomp, F, shiny|78\/100\n|-damage|p2a: Fraudchomp|72\/100|[from] Stealth Rock\n|-damage|p2a: Fraudchomp|55\/100|[from] Spikes\n|turn|23\n|c|\u2606XJohnson|>:)\n|\n|t:|1699935189\n|move|p1a: Stakataka|Gyro Ball|p2a: Fraudchomp\n|-damage|p2a: Fraudchomp|0 fnt\n|-damage|p1a: Stakataka|76\/100|[from] ability: Rough Skin|[of] p2a: Fraudchomp\n|faint|p2a: Fraudchomp\n|-ability|p1a: Stakataka|Beast Boost|boost\n|-boost|p1a: Stakataka|atk|1\n|\n|upkeep\n|\n|t:|1699935200\n|switch|p2a: GRAHHHH|Salamence-Mega, F, shiny|76\/100\n|-damage|p2a: GRAHHHH|51\/100|[from] Stealth Rock\n|turn|24\n|\n|t:|1699935205\n|move|p1a: Stakataka|Gyro Ball|p2a: GRAHHHH\n|-damage|p2a: GRAHHHH|0 fnt\n|faint|p2a: GRAHHHH\n|-ability|p1a: Stakataka|Beast Boost|boost\n|-boost|p1a: Stakataka|atk|1\n|\n|-sideend|p1: XJohnson|move: Aurora Veil\n|-fieldend|move: Trick Room\n|upkeep\n|\n|t:|1699935243\n|switch|p2a: Goku|Deoxys-Attack|78\/100\n|-damage|p2a: Goku|66\/100|[from] Stealth Rock\n|-damage|p2a: Goku|49\/100|[from] Spikes\n|-ability|p2a: Goku|Pressure\n|turn|25\n|\n|t:|1699935258\n|-terastallize|p2a: Goku|Psychic\n|-terastallize|p1a: Stakataka|Steel\n|move|p2a: Goku|Psycho Boost|p1a: Stakataka\n|-resisted|p1a: Stakataka\n|-damage|p1a: Stakataka|0 fnt\n|-unboost|p2a: Goku|spa|2\n|faint|p1a: Stakataka\n|-damage|p2a: Goku|39\/100|[from] item: Life Orb\n|\n|upkeep\n|\n|t:|1699935273\n|switch|p1a: Ting-Lu|Ting-Lu|55\/100\n|-ability|p1a: Ting-Lu|Vessel of Ruin\n|turn|26\n|\n|t:|1699935283\n|move|p2a: Goku|Ice Beam|p1a: Ting-Lu\n|-supereffective|p1a: Ting-Lu\n|-damage|p1a: Ting-Lu|21\/100\n|-damage|p2a: Goku|29\/100|[from] item: Life Orb\n|move|p1a: Ting-Lu|Earthquake|p2a: Goku\n|-damage|p2a: Goku|0 fnt\n|faint|p2a: Goku\n|\n|win|XJohnson\n","uploadtime":1699935289,"views":7,"p1id":"xjohnson","p2id":"pokxd","formatid":"gen9nationaldexubers","rating":0,"private":0,"password":""}