{"id":"gen9nationaldexubers-1986446071","p1":"BigMommaBadger","p2":"toddyenescau","format":"[Gen 9] National Dex Ubers","log":"|j|\u2606BigMommaBadger\n|j|\u2606toddyenescau\n|t:|1699479940\n|gametype|singles\n|player|p1|BigMommaBadger|1|1059\n|player|p2|toddyenescau|giovanni|1000\n|teamsize|p1|6\n|teamsize|p2|6\n|gen|9\n|tier|[Gen 9] National Dex Ubers\n|rated|\n|rule|HP Percentage Mod: HP is shown in percentages\n|rule|Endless Battle Clause: Forcing endless battles is banned\n|rule|OHKO Clause: OHKO moves are banned\n|rule|Evasion Moves Clause: Evasion moves are banned\n|rule|Evasion Items Clause: Evasion items are banned\n|rule|Species Clause: Limit one of each Pok\u00e9mon\n|rule|Sleep Clause Mod: Limit one foe put to sleep\n|rule|Mega Rayquaza Clause: You cannot mega evolve Rayquaza\n|clearpoke\n|poke|p1|Serperior, F|\n|poke|p1|Samurott, M|\n|poke|p1|Emboar, M|\n|poke|p1|Krookodile, M|\n|poke|p1|Swoobat, F|\n|poke|p1|Kyurem-White|\n|poke|p2|Lucario, F|\n|poke|p2|Serperior, M|\n|poke|p2|Haxorus, M|\n|poke|p2|Infernape, F|\n|poke|p2|Rapidash-Galar, M|\n|poke|p2|Mismagius, M|\n|teampreview\n|\n|t:|1699479949\n|start\n|switch|p1a: Swoops|Swoobat, F, shiny|100\/100\n|switch|p2a: Mismagius|Mismagius, M|100\/100\n|turn|1\n|\n|t:|1699479957\n|move|p1a: Swoops|Calm Mind|p1a: Swoops\n|-boost|p1a: Swoops|spa|2\n|-boost|p1a: Swoops|spd|2\n|move|p2a: Mismagius|Mystical Fire|p1a: Swoops\n|-damage|p1a: Swoops|80\/100\n|-unboost|p1a: Swoops|spa|2\n|\n|upkeep\n|turn|2\n|\n|t:|1699479965\n|move|p1a: Swoops|Calm Mind|p1a: Swoops\n|-boost|p1a: Swoops|spa|2\n|-boost|p1a: Swoops|spd|2\n|move|p2a: Mismagius|Shadow Ball|p1a: Swoops\n|-supereffective|p1a: Swoops\n|-damage|p1a: Swoops|29\/100\n|\n|upkeep\n|turn|3\n|\n|t:|1699479976\n|-terastallize|p2a: Mismagius|Ghost\n|move|p1a: Swoops|Roost|p1a: Swoops\n|-heal|p1a: Swoops|79\/100\n|-singleturn|p1a: Swoops|move: Roost\n|move|p2a: Mismagius|Shadow Ball|p1a: Swoops\n|-supereffective|p1a: Swoops\n|-damage|p1a: Swoops|22\/100\n|\n|upkeep\n|turn|4\n|\n|t:|1699479991\n|move|p1a: Swoops|Roost|p1a: Swoops\n|-heal|p1a: Swoops|72\/100\n|-singleturn|p1a: Swoops|move: Roost\n|move|p2a: Mismagius|Nasty Plot|p2a: Mismagius\n|-boost|p2a: Mismagius|spa|2\n|\n|upkeep\n|turn|5\n|\n|t:|1699479997\n|move|p1a: Swoops|Stored Power|p2a: Mismagius\n|-damage|p2a: Mismagius|0 fnt\n|faint|p2a: Mismagius\n|\n|upkeep\n|inactive|Battle timer is ON: inactive players will automatically lose when time's up. (requested by BigMommaBadger)\n|\n|t:|1699480018\n|switch|p2a: Rapidash|Rapidash-Galar, M|100\/100\n|turn|6\n|\n|t:|1699480022\n|move|p1a: Swoops|Stored Power|p2a: Rapidash\n|-resisted|p2a: Rapidash\n|-crit|p2a: Rapidash\n|-damage|p2a: Rapidash|26\/100\n|move|p2a: Rapidash|Dazzling Gleam|p1a: Swoops\n|-damage|p1a: Swoops|56\/100\n|\n|upkeep\n|turn|7\n|\n|t:|1699480035\n|move|p1a: Swoops|Roost|p1a: Swoops\n|-heal|p1a: Swoops|100\/100\n|-singleturn|p1a: Swoops|move: Roost\n|move|p2a: Rapidash|Morning Sun|p2a: Rapidash\n|-heal|p2a: Rapidash|76\/100\n|\n|upkeep\n|turn|8\n|\n|t:|1699480045\n|move|p1a: Swoops|Calm Mind|p1a: Swoops\n|-boost|p1a: Swoops|spa|2\n|-boost|p1a: Swoops|spd|2\n|move|p2a: Rapidash|Stored Power|p1a: Swoops\n|-resisted|p1a: Swoops\n|-damage|p1a: Swoops|99\/100\n|\n|upkeep\n|turn|9\n|\n|t:|1699480052\n|move|p1a: Swoops|Calm Mind|p1a: Swoops\n|-boost|p1a: Swoops|spa|2\n|-boost|p1a: Swoops|spd|0\n|move|p2a: Rapidash|Morning Sun|p2a: Rapidash\n|-heal|p2a: Rapidash|100\/100\n|\n|upkeep\n|turn|10\n|\n|t:|1699480060\n|move|p1a: Swoops|Stored Power|p2a: Rapidash\n|-resisted|p2a: Rapidash\n|-damage|p2a: Rapidash|0 fnt\n|faint|p2a: Rapidash\n|\n|upkeep\n|-message|toddyenescau forfeited.\n|\n|win|BigMommaBadger\n|raw|BigMommaBadger's rating: 1059 &rarr; <strong>1085<\/strong><br \/>(+26 for winning)\n|raw|toddyenescau's rating: 1000 &rarr; <strong>1000<\/strong><br \/>(+0 for losing)\n|l|\u2606toddyenescau\n","uploadtime":1699480074,"views":5,"p1id":"bigmommabadger","p2id":"toddyenescau","formatid":"gen9nationaldexubers","rating":1000,"private":0,"password":""}