{"id":"gen9nationaldexubers-1996240066","p1":"poke\\(0w0)\/ball","p2":"John-Halsey","format":"[Gen 9] National Dex Ubers","log":"|j|\u2606poke\\(0w0)\/ball\n|j|\u2606John-Halsey\n|t:|1700662917\n|gametype|singles\n|player|p1|poke\\(0w0)\/ball|unknown|1273\n|player|p2|John-Halsey|veteran|1207\n|teamsize|p1|6\n|teamsize|p2|6\n|gen|9\n|tier|[Gen 9] National Dex Ubers\n|rated|\n|rule|HP Percentage Mod: HP is shown in percentages\n|rule|Endless Battle Clause: Forcing endless battles is banned\n|rule|OHKO Clause: OHKO moves are banned\n|rule|Evasion Moves Clause: Evasion moves are banned\n|rule|Evasion Items Clause: Evasion items are banned\n|rule|Species Clause: Limit one of each Pok\u00e9mon\n|rule|Sleep Clause Mod: Limit one foe put to sleep\n|rule|Mega Rayquaza Clause: You cannot mega evolve Rayquaza\n|clearpoke\n|poke|p1|Necrozma-Dusk-Mane|\n|poke|p1|Zacian-*|\n|poke|p1|Regieleki|\n|poke|p1|Lunala|\n|poke|p1|Tapu Fini|\n|poke|p1|Kingambit, M|\n|poke|p2|Bronzong|\n|poke|p2|Marowak-Alola, M|\n|poke|p2|Crawdaunt, M|\n|poke|p2|Porygon2|\n|poke|p2|Cresselia, F|\n|poke|p2|Melmetal|\n|teampreview\n|\n|t:|1700662926\n|start\n|switch|p1a: Lunala|Lunala|100\/100\n|switch|p2a: Bronzong|Bronzong|100\/100\n|turn|1\n|\n|t:|1700662949\n|-terastallize|p1a: Lunala|Dark\n|move|p1a: Lunala|Hypnosis|p2a: Bronzong\n|-status|p2a: Bronzong|slp|[from] move: Hypnosis\n|cant|p2a: Bronzong|slp\n|\n|upkeep\n|turn|2\n|\n|t:|1700662974\n|switch|p1a: Necrozma|Necrozma-Dusk-Mane|100\/100\n|cant|p2a: Bronzong|slp\n|\n|upkeep\n|turn|3\n|inactive|Battle timer is ON: inactive players will automatically lose when time's up. (requested by John-Halsey)\n|\n|t:|1700663004\n|move|p1a: Necrozma|Dragon Dance|p1a: Necrozma\n|-boost|p1a: Necrozma|atk|1\n|-boost|p1a: Necrozma|spe|1\n|-curestatus|p2a: Bronzong|slp|[msg]\n|move|p2a: Bronzong|Trick Room|p2a: Bronzong\n|-fieldstart|move: Trick Room|[of] p2a: Bronzong\n|\n|upkeep\n|turn|4\n|\n|t:|1700663030\n|move|p2a: Bronzong|Stealth Rock|p1a: Necrozma\n|-sidestart|p1: poke\\(0w0)\/ball|move: Stealth Rock\n|move|p1a: Necrozma|Stone Edge|p2a: Bronzong\n|-resisted|p2a: Bronzong\n|-damage|p2a: Bronzong|77\/100\n|\n|upkeep\n|turn|5\n|\n|t:|1700663041\n|switch|p1a: Tapu Fini|Tapu Fini|100\/100\n|-damage|p1a: Tapu Fini|88\/100|[from] Stealth Rock\n|-fieldstart|move: Misty Terrain|[from] ability: Misty Surge|[of] p1a: Tapu Fini\n|move|p2a: Bronzong|Earthquake|p1a: Tapu Fini\n|-damage|p1a: Tapu Fini|64\/100\n|\n|-heal|p1a: Tapu Fini|70\/100|[from] item: Leftovers\n|upkeep\n|turn|6\n|\n|t:|1700663052\n|move|p1a: Tapu Fini|Knock Off|p2a: Bronzong\n|-supereffective|p2a: Bronzong\n|-damage|p2a: Bronzong|48\/100\n|-enditem|p2a: Bronzong|Focus Sash|[from] move: Knock Off|[of] p1a: Tapu Fini\n|move|p2a: Bronzong|Trick Room|p2a: Bronzong\n|-fieldend|move: Trick Room\n|\n|-heal|p1a: Tapu Fini|76\/100|[from] item: Leftovers\n|upkeep\n|turn|7\n|inactive|poke\\(0w0)\/ball has 120 seconds left.\n|\n|t:|1700663072\n|move|p1a: Tapu Fini|Hydro Pump|p2a: Bronzong|[miss]\n|-miss|p1a: Tapu Fini|p2a: Bronzong\n|move|p2a: Bronzong|Explosion|p1a: Tapu Fini\n|-damage|p1a: Tapu Fini|12\/100\n|faint|p2a: Bronzong\n|\n|-heal|p1a: Tapu Fini|18\/100|[from] item: Leftovers\n|upkeep\n|\n|t:|1700663085\n|switch|p2a: Melmetal|Melmetal|100\/100\n|turn|8\n|\n|t:|1700663092\n|move|p1a: Tapu Fini|Knock Off|p2a: Melmetal\n|-damage|p2a: Melmetal|92\/100\n|-enditem|p2a: Melmetal|Life Orb|[from] move: Knock Off|[of] p1a: Tapu Fini\n|move|p2a: Melmetal|Double Iron Bash|p1a: Tapu Fini\n|-damage|p1a: Tapu Fini|0 fnt\n|faint|p1a: Tapu Fini\n|-hitcount|p1: Tapu Fini|1\n|\n|upkeep\n|inactive|poke\\(0w0)\/ball has 120 seconds left.\n|\n|t:|1700663104\n|switch|p1a: Regieleki|Regieleki|100\/100\n|-damage|p1a: Regieleki|88\/100|[from] Stealth Rock\n|turn|9\n|\n|t:|1700663119\n|move|p1a: Regieleki|Rapid Spin|p2a: Melmetal\n|-resisted|p2a: Melmetal\n|-damage|p2a: Melmetal|90\/100\n|-boost|p1a: Regieleki|spe|1\n|-sideend|p1: poke\\(0w0)\/ball|Stealth Rock|[from] move: Rapid Spin|[of] p1a: Regieleki\n|move|p2a: Melmetal|Earthquake|p1a: Regieleki\n|-supereffective|p1a: Regieleki\n|-damage|p1a: Regieleki|0 fnt\n|faint|p1a: Regieleki\n|\n|-fieldend|Misty Terrain\n|upkeep\n|inactive|poke\\(0w0)\/ball has 120 seconds left.\n|\n|t:|1700663158\n|switch|p1a: Necrozma|Necrozma-Dusk-Mane|100\/100\n|turn|10\n|\n|t:|1700663168\n|switch|p2a: OH MY DUCK|Porygon2|100\/100\n|-ability|p2a: OH MY DUCK|Download|boost\n|-boost|p2a: OH MY DUCK|spa|1\n|detailschange|p1a: Necrozma|Necrozma-Ultra\n|-burst|p1a: Necrozma|Necrozma|Ultranecrozium Z\n|move|p1a: Necrozma|Dragon Dance|p1a: Necrozma\n|-boost|p1a: Necrozma|atk|1\n|-boost|p1a: Necrozma|spe|1\n|\n|upkeep\n|turn|11\n|inactive|poke\\(0w0)\/ball has 90 seconds left.\n|\n|t:|1700663199\n|-zpower|p1a: Necrozma\n|move|p1a: Necrozma|Light That Burns the Sky|p2a: OH MY DUCK|[zeffect]\n|-damage|p2a: OH MY DUCK|21\/100\n|move|p2a: OH MY DUCK|Trick Room|p2a: OH MY DUCK\n|-fieldstart|move: Trick Room|[of] p2a: OH MY DUCK\n|\n|upkeep\n|turn|12\n|\n|t:|1700663222\n|switch|p1a: Kingambit|Kingambit, M|100\/100\n|move|p2a: OH MY DUCK|Shadow Ball|p1a: Kingambit\n|-resisted|p1a: Kingambit\n|-damage|p1a: Kingambit|87\/100\n|-unboost|p1a: Kingambit|spd|1\n|-ability|p1a: Kingambit|Defiant|boost\n|-boost|p1a: Kingambit|atk|2\n|\n|upkeep\n|turn|13\n|inactive|poke\\(0w0)\/ball has 60 seconds left.\n|\n|t:|1700663248\n|move|p1a: Kingambit|Sucker Punch||[still]\n|-fail|p1a: Kingambit\n|move|p2a: OH MY DUCK|Teleport|p2a: OH MY DUCK\n|\n|t:|1700663252\n|switch|p2a: Melmetal|Melmetal|90\/100|[from] Teleport\n|\n|upkeep\n|turn|14\n|inactive|poke\\(0w0)\/ball has 60 seconds left.\n|\n|t:|1700663264\n|-terastallize|p2a: Melmetal|Steel\n|move|p1a: Kingambit|Sucker Punch|p2a: Melmetal\n|-damage|p2a: Melmetal|36\/100\n|move|p2a: Melmetal|Double Iron Bash|p1a: Kingambit\n|-resisted|p1a: Kingambit\n|-damage|p1a: Kingambit|65\/100\n|-resisted|p1a: Kingambit\n|-damage|p1a: Kingambit|43\/100\n|-hitcount|p1a: Kingambit|2\n|\n|upkeep\n|turn|15\n|inactive|poke\\(0w0)\/ball has 60 seconds left.\n|\n|t:|1700663282\n|switch|p2a: Cresselia|Cresselia, F|100\/100\n|move|p1a: Kingambit|Sucker Punch||[still]\n|-fail|p1a: Kingambit\n|\n|-fieldend|move: Trick Room\n|upkeep\n|turn|16\n|inactive|poke\\(0w0)\/ball has 60 seconds left.\n|\n|t:|1700663299\n|move|p1a: Kingambit|Knock Off|p2a: Cresselia\n|-supereffective|p2a: Cresselia\n|-damage|p2a: Cresselia|0 fnt\n|-enditem|p2a: Cresselia|Mental Herb|[from] move: Knock Off|[of] p1a: Kingambit\n|faint|p2a: Cresselia\n|\n|upkeep\n|-message|John-Halsey forfeited.\n|\n|win|poke\\(0w0)\/ball\n|raw|poke\\(0w0)&#x2f;ball's rating: 1273 &rarr; <strong>1293<\/strong><br \/>(+20 for winning)\n|raw|John-Halsey's rating: 1207 &rarr; <strong>1187<\/strong><br \/>(-20 for losing)\n|l|\u2606John-Halsey\n","uploadtime":1700663311,"views":0,"p1id":"poke0w0ball","p2id":"johnhalsey","formatid":"gen9nationaldexubers","rating":1187,"private":0,"password":""}