{"id":"gen9nationaldexubers-1999131110","p1":"shostyyyy","p2":"beniboi","format":"[Gen 9] National Dex Ubers","log":"|j|\u2606shostyyyy\n|j|\u2606beniboi\n|t:|1701036496\n|gametype|singles\n|player|p1|shostyyyy|rood|\n|player|p2|beniboi|1|\n|teamsize|p1|6\n|teamsize|p2|6\n|gen|9\n|tier|[Gen 9] National Dex Ubers\n|rule|HP Percentage Mod: HP is shown in percentages\n|rule|Endless Battle Clause: Forcing endless battles is banned\n|rule|OHKO Clause: OHKO moves are banned\n|rule|Evasion Moves Clause: Evasion moves are banned\n|rule|Evasion Items Clause: Evasion items are banned\n|rule|Species Clause: Limit one of each Pok\u00e9mon\n|rule|Sleep Clause Mod: Limit one foe put to sleep\n|rule|Mega Rayquaza Clause: You cannot mega evolve Rayquaza\n|clearpoke\n|poke|p1|Tapu Koko|\n|poke|p1|Ogerpon-Hearthflame, F|\n|poke|p1|Iron Bundle|\n|poke|p1|Iron Treads|\n|poke|p1|Rabsca, F|\n|poke|p1|Hawlucha, M|\n|poke|p2|Flutter Mane|\n|poke|p2|Slither Wing|\n|poke|p2|Torkoal, M|\n|poke|p2|Venusaur, F|\n|poke|p2|Druddigon, F|\n|poke|p2|Ting-Lu|\n|teampreview\n|\n|t:|1701036517\n|start\n|switch|p1a: Tapu Koko|Tapu Koko|100\/100\n|switch|p2a: FlowerHat|Venusaur, F|100\/100\n|-fieldstart|move: Electric Terrain|[from] ability: Electric Surge|[of] p1a: Tapu Koko\n|turn|1\n|\n|t:|1701036527\n|detailschange|p2a: FlowerHat|Venusaur-Mega, F\n|-mega|p2a: FlowerHat|Venusaur|Venusaurite\n|move|p1a: Tapu Koko|Light Screen|p1a: Tapu Koko\n|-sidestart|p1: shostyyyy|move: Light Screen\n|move|p2a: FlowerHat|Sludge Bomb|p1a: Tapu Koko\n|-supereffective|p1a: Tapu Koko\n|-damage|p1a: Tapu Koko|47\/100\n|\n|upkeep\n|turn|2\n|\n|t:|1701036539\n|move|p1a: Tapu Koko|Volt Switch|p2a: FlowerHat\n|-resisted|p2a: FlowerHat\n|-damage|p2a: FlowerHat|88\/100\n|j| Kinghenry93\n|\n|t:|1701036557\n|switch|p1a: Iron Treads|Iron Treads|100\/100|[from] Volt Switch\n|-activate|p1a: Iron Treads|ability: Quark Drive\n|-start|p1a: Iron Treads|quarkdrivespe\n|move|p2a: FlowerHat|Earth Power|p1a: Iron Treads\n|-supereffective|p1a: Iron Treads\n|-damage|p1a: Iron Treads|71\/100\n|\n|upkeep\n|turn|3\n|c| Kinghenry93|Whats up boiz\n|\n|t:|1701036568\n|move|p1a: Iron Treads|Earthquake|p2a: FlowerHat\n|-damage|p2a: FlowerHat|48\/100\n|move|p2a: FlowerHat|Synthesis|p2a: FlowerHat\n|-heal|p2a: FlowerHat|98\/100\n|\n|upkeep\n|turn|4\n|\n|t:|1701036577\n|-end|p1a: Iron Treads|Quark Drive|[silent]\n|switch|p1a: Hawlucha|Hawlucha, M|100\/100\n|-enditem|p1a: Hawlucha|Electric Seed\n|-boost|p1a: Hawlucha|def|1|[from] item: Electric Seed\n|move|p2a: FlowerHat|Earth Power|p1a: Hawlucha\n|-immune|p1a: Hawlucha\n|\n|upkeep\n|turn|5\n|\n|t:|1701036585\n|switch|p2a: Krusher|Ting-Lu|100\/100\n|-ability|p2a: Krusher|Vessel of Ruin\n|move|p1a: Hawlucha|Swords Dance|p1a: Hawlucha\n|-boost|p1a: Hawlucha|atk|2\n|\n|-fieldend|move: Electric Terrain\n|upkeep\n|turn|6\n|j| Home_27\n|\n|t:|1701036632\n|move|p1a: Hawlucha|Close Combat|p2a: Krusher\n|-supereffective|p2a: Krusher\n|-damage|p2a: Krusher|0 fnt\n|-unboost|p1a: Hawlucha|def|1\n|-unboost|p1a: Hawlucha|spd|1\n|faint|p2a: Krusher\n|\n|upkeep\n|\n|t:|1701036639\n|switch|p2a: Turtellini|Torkoal, M|100\/100\n|-weather|SunnyDay|[from] ability: Drought|[of] p2a: Turtellini\n|turn|7\n|\n|t:|1701036666\n|move|p1a: Hawlucha|Acrobatics|p2a: Turtellini\n|-damage|p2a: Turtellini|46\/100\n|move|p2a: Turtellini|Yawn|p1a: Hawlucha\n|-start|p1a: Hawlucha|move: Yawn|[of] p2a: Turtellini\n|\n|-weather|SunnyDay|[upkeep]\n|upkeep\n|turn|8\n|\n|t:|1701036672\n|move|p1a: Hawlucha|Acrobatics|p2a: Turtellini\n|-damage|p2a: Turtellini|0 fnt\n|faint|p2a: Turtellini\n|\n|-weather|SunnyDay|[upkeep]\n|-end|p1a: Hawlucha|move: Yawn|[silent]\n|-status|p1a: Hawlucha|slp\n|-sideend|p1: shostyyyy|move: Light Screen\n|upkeep\n|\n|t:|1701036675\n|switch|p2a: PalmHeelStrike|Flutter Mane|100\/100\n|-activate|p2a: PalmHeelStrike|ability: Protosynthesis\n|-start|p2a: PalmHeelStrike|protosynthesisspe\n|turn|9\n|\n|t:|1701036682\n|cant|p1a: Hawlucha|slp\n|move|p2a: PalmHeelStrike|Calm Mind|p2a: PalmHeelStrike\n|-boost|p2a: PalmHeelStrike|spa|1\n|-boost|p2a: PalmHeelStrike|spd|1\n|\n|-weather|SunnyDay|[upkeep]\n|upkeep\n|turn|10\n|\n|t:|1701036695\n|cant|p1a: Hawlucha|slp\n|move|p2a: PalmHeelStrike|Moonblast|p1a: Hawlucha\n|-supereffective|p1a: Hawlucha\n|-damage|p1a: Hawlucha|0 fnt\n|faint|p1a: Hawlucha\n|-damage|p2a: PalmHeelStrike|91\/100|[from] item: Life Orb\n|\n|-weather|SunnyDay|[upkeep]\n|upkeep\n|\n|t:|1701036704\n|switch|p1a: Rabsca|Rabsca, F|100\/100\n|turn|11\n|\n|t:|1701036732\n|move|p2a: PalmHeelStrike|Shadow Ball|p1a: Rabsca\n|-supereffective|p1a: Rabsca\n|-enditem|p1a: Rabsca|Focus Sash\n|-damage|p1a: Rabsca|1\/100\n|-damage|p2a: PalmHeelStrike|81\/100|[from] item: Life Orb\n|move|p1a: Rabsca|Memento|p2a: PalmHeelStrike\n|-unboost|p2a: PalmHeelStrike|atk|2\n|-unboost|p2a: PalmHeelStrike|spa|2\n|faint|p1a: Rabsca\n|\n|-weather|SunnyDay|[upkeep]\n|upkeep\n|\n|t:|1701036750\n|switch|p1a: Iron Treads|Iron Treads|71\/100\n|turn|12\n|\n|t:|1701036758\n|move|p2a: PalmHeelStrike|Mystical Fire|p1a: Iron Treads\n|-supereffective|p1a: Iron Treads\n|-damage|p1a: Iron Treads|3\/100\n|-unboost|p1a: Iron Treads|spa|1\n|-damage|p2a: PalmHeelStrike|71\/100|[from] item: Life Orb\n|move|p1a: Iron Treads|Iron Head|p2a: PalmHeelStrike\n|-supereffective|p2a: PalmHeelStrike\n|-damage|p2a: PalmHeelStrike|0 fnt\n|faint|p2a: PalmHeelStrike\n|-end|p2a: PalmHeelStrike|Protosynthesis|[silent]\n|\n|-weather|SunnyDay|[upkeep]\n|upkeep\n|\n|t:|1701036766\n|switch|p2a: WingNIt|Slither Wing|100\/100\n|-activate|p2a: WingNIt|ability: Protosynthesis\n|-start|p2a: WingNIt|protosynthesisatk\n|turn|13\n|\n|t:|1701036775\n|move|p1a: Iron Treads|Earthquake|p2a: WingNIt\n|-resisted|p2a: WingNIt\n|-damage|p2a: WingNIt|77\/100\n|move|p2a: WingNIt|U-turn|p1a: Iron Treads\n|-resisted|p1a: Iron Treads\n|-damage|p1a: Iron Treads|0 fnt\n|faint|p1a: Iron Treads\n|-end|p1a: Iron Treads|Quark Drive|[silent]\n|\n|t:|1701036784\n|-end|p2a: WingNIt|Protosynthesis|[silent]\n|switch|p2a: Foot Spike|Druddigon, F|100\/100|[from] U-turn\n|-ability|p2a: Foot Spike|Mold Breaker\n|\n|-weather|SunnyDay|[upkeep]\n|upkeep\n|\n|t:|1701036794\n|switch|p1a: Tapu Koko|Tapu Koko|47\/100\n|-fieldstart|move: Electric Terrain|[from] ability: Electric Surge|[of] p1a: Tapu Koko\n|turn|14\n|\n|t:|1701036803\n|move|p1a: Tapu Koko|Dazzling Gleam|p2a: Foot Spike\n|-supereffective|p2a: Foot Spike\n|-damage|p2a: Foot Spike|61\/100\n|move|p2a: Foot Spike|Earthquake|p1a: Tapu Koko\n|-supereffective|p1a: Tapu Koko\n|-damage|p1a: Tapu Koko|0 fnt\n|faint|p1a: Tapu Koko\n|\n|-weather|none\n|-heal|p2a: Foot Spike|68\/100|[from] item: Leftovers\n|upkeep\n|\n|t:|1701036807\n|switch|p1a: Iron Bundle|Iron Bundle|100\/100\n|-activate|p1a: Iron Bundle|ability: Quark Drive\n|-start|p1a: Iron Bundle|quarkdrivespe\n|turn|15\n|\n|t:|1701036815\n|move|p1a: Iron Bundle|Ice Beam|p2a: Foot Spike\n|-supereffective|p2a: Foot Spike\n|-damage|p2a: Foot Spike|0 fnt\n|faint|p2a: Foot Spike\n|-damage|p1a: Iron Bundle|91\/100|[from] item: Life Orb\n|\n|upkeep\n|\n|t:|1701036818\n|switch|p2a: FlowerHat|Venusaur-Mega, F|98\/100\n|turn|16\n|\n|t:|1701036823\n|move|p1a: Iron Bundle|Ice Beam|p2a: FlowerHat\n|-supereffective|p2a: FlowerHat\n|-damage|p2a: FlowerHat|47\/100\n|-damage|p1a: Iron Bundle|81\/100|[from] item: Life Orb\n|move|p2a: FlowerHat|Giga Drain|p1a: Iron Bundle\n|-supereffective|p1a: Iron Bundle\n|-damage|p1a: Iron Bundle|0 fnt\n|-heal|p2a: FlowerHat|75\/100|[from] drain|[of] p1a: Iron Bundle\n|faint|p1a: Iron Bundle\n|-end|p1a: Iron Bundle|Quark Drive|[silent]\n|\n|upkeep\n|\n|t:|1701036830\n|switch|p1a: Ogerpon|Ogerpon-Hearthflame, F|100\/100\n|-ability|p1a: Ogerpon|Mold Breaker\n|turn|17\n|j| t0me\n|l| Home_27\n|\n|t:|1701036875\n|move|p1a: Ogerpon|Ivy Cudgel|p2a: FlowerHat|[anim] Ivy Cudgel Fire\n|-supereffective|p2a: FlowerHat\n|-damage|p2a: FlowerHat|0 fnt\n|faint|p2a: FlowerHat\n|\n|upkeep\n|\n|t:|1701036879\n|switch|p2a: WingNIt|Slither Wing|77\/100\n|turn|18\n|j| Home_27\n|c|\u2606beniboi|Gg!\n|\n|t:|1701036895\n|move|p1a: Ogerpon|Ivy Cudgel|p2a: WingNIt|[anim] Ivy Cudgel Fire\n|-supereffective|p2a: WingNIt\n|-damage|p2a: WingNIt|0 fnt\n|faint|p2a: WingNIt\n|-end|p2a: WingNIt|Protosynthesis|[silent]\n|\n|win|shostyyyy\n|l| Home_27\n|c|\u2606shostyyyy|ggwp holy moly\n|c| Kinghenry93|Oh snap. Gg guys\n","uploadtime":1701036918,"views":11,"p1id":"shostyyyy","p2id":"beniboi","formatid":"gen9nationaldexubers","rating":0,"private":0,"password":""}