{"id":"gen9nationaldexubers-1991113078","p1":"wefgrjcnc","p2":"defnotapenguin","format":"[Gen 9] National Dex Ubers","log":"|j|\u2606wefgrjcnc\n|j|\u2606defnotapenguin\n|t:|1700044919\n|gametype|singles\n|player|p1|wefgrjcnc|170|\n|player|p2|defnotapenguin|cameraman|\n|teamsize|p1|6\n|teamsize|p2|6\n|gen|9\n|tier|[Gen 9] National Dex Ubers\n|rule|HP Percentage Mod: HP is shown in percentages\n|rule|Endless Battle Clause: Forcing endless battles is banned\n|rule|OHKO Clause: OHKO moves are banned\n|rule|Evasion Moves Clause: Evasion moves are banned\n|rule|Evasion Items Clause: Evasion items are banned\n|rule|Species Clause: Limit one of each Pok\u00e9mon\n|rule|Sleep Clause Mod: Limit one foe put to sleep\n|rule|Mega Rayquaza Clause: You cannot mega evolve Rayquaza\n|clearpoke\n|poke|p1|Ribombee, F|\n|poke|p1|Groudon|\n|poke|p1|Flutter Mane|\n|poke|p1|Annihilape, F|\n|poke|p1|Urshifu-*, F|\n|poke|p1|Zacian-*|\n|poke|p2|Marowak-Alola, F|\n|poke|p2|Cradily, F|\n|poke|p2|Hatterene, F|\n|poke|p2|Cresselia, F|\n|poke|p2|Mawile, F|\n|poke|p2|Quagsire, F|\n|teampreview\n|inactive|Battle timer is ON: inactive players will automatically lose when time's up. (requested by defnotapenguin)\n|\n|t:|1700044930\n|start\n|switch|p1a: Ribombee|Ribombee, F|100\/100\n|switch|p2a: Cresselia|Cresselia, F|100\/100\n|turn|1\n|c|\u2606defnotapenguin|this is an ou team lol\n|\n|t:|1700044960\n|move|p1a: Ribombee|Sticky Web|p2a: Cresselia\n|-sidestart|p2: defnotapenguin|move: Sticky Web\n|move|p2a: Cresselia|Trick Room|p2a: Cresselia\n|-fieldstart|move: Trick Room|[of] p2a: Cresselia\n|\n|upkeep\n|turn|2\n|c|\u2606wefgrjcnc|y trick room\n|inactive|wefgrjcnc has 270 seconds left.\n|\n|t:|1700044978\n|switch|p1a: Annihilape|Annihilape, F|100\/100\n|move|p2a: Cresselia|Reflect|p2a: Cresselia\n|-sidestart|p2: defnotapenguin|Reflect\n|\n|upkeep\n|turn|3\n|inactive|wefgrjcnc has 270 seconds left.\n|\n|t:|1700044990\n|move|p2a: Cresselia|Toxic|p1a: Annihilape|[miss]\n|-miss|p2a: Cresselia|p1a: Annihilape\n|move|p1a: Annihilape|Rage Fist|p2a: Cresselia\n|-supereffective|p2a: Cresselia\n|-damage|p2a: Cresselia|81\/100\n|-damage|p1a: Annihilape|91\/100|[from] item: Life Orb\n|\n|upkeep\n|turn|4\n|inactive|wefgrjcnc has 270 seconds left.\n|\n|t:|1700045002\n|switch|p1a: Flutter Mane|Flutter Mane|100\/100\n|-enditem|p1a: Flutter Mane|Booster Energy\n|-activate|p1a: Flutter Mane|ability: Protosynthesis|[fromitem]\n|-start|p1a: Flutter Mane|protosynthesisspe\n|move|p2a: Cresselia|Toxic|p1a: Flutter Mane\n|-status|p1a: Flutter Mane|tox\n|\n|-damage|p1a: Flutter Mane|95\/100 tox|[from] psn\n|upkeep\n|turn|5\n|\n|t:|1700045016\n|switch|p2a: Quagsire|Quagsire, F|100\/100\n|-activate|p2a: Quagsire|move: Sticky Web\n|-unboost|p2a: Quagsire|spe|1\n|move|p1a: Flutter Mane|Shadow Ball|p2a: Quagsire\n|-damage|p2a: Quagsire|61\/100\n|\n|-damage|p1a: Flutter Mane|83\/100 tox|[from] psn\n|-fieldend|move: Trick Room\n|upkeep\n|turn|6\n|inactive|wefgrjcnc has 270 seconds left.\n|\n|t:|1700045040\n|-end|p1a: Flutter Mane|Protosynthesis|[silent]\n|switch|p1a: Urshifu|Urshifu, F|100\/100\n|move|p2a: Quagsire|Hydro Pump|p1a: Urshifu\n|-damage|p1a: Urshifu|64\/100\n|\n|-sideend|p2: defnotapenguin|Reflect\n|upkeep\n|turn|7\n|inactive|wefgrjcnc has 270 seconds left.\n|\n|t:|1700045055\n|move|p1a: Urshifu|Wicked Blow|p2a: Quagsire\n|-crit|p2a: Quagsire\n|-damage|p2a: Quagsire|0 fnt\n|faint|p2a: Quagsire\n|\n|upkeep\n|\n|t:|1700045067\n|switch|p2a: Hatterene|Hatterene, F|100\/100\n|-activate|p2a: Hatterene|move: Sticky Web\n|-unboost|p2a: Hatterene|spe|1\n|turn|8\n|\n|t:|1700045079\n|move|p1a: Urshifu|Wicked Blow|p2a: Hatterene\n|-crit|p2a: Hatterene\n|-damage|p2a: Hatterene|20\/100\n|move|p2a: Hatterene|Trick Room|p2a: Hatterene\n|-fieldstart|move: Trick Room|[of] p2a: Hatterene\n|\n|upkeep\n|turn|9\n|\n|t:|1700045092\n|switch|p1a: Ribombee|Ribombee, F|100\/100\n|move|p2a: Hatterene|Dazzling Gleam|p1a: Ribombee\n|-damage|p1a: Ribombee|22\/100\n|\n|upkeep\n|turn|10\n|inactive|defnotapenguin has 270 seconds left.\n|\n|t:|1700045114\n|switch|p2a: alolan marowak 2|Mawile, F|100\/100\n|-activate|p2a: alolan marowak 2|move: Sticky Web\n|-unboost|p2a: alolan marowak 2|spe|1\n|switch|p1a: Zacian|Zacian-Crowned|100\/100\n|-ability|p1a: Zacian|Intrepid Sword|boost\n|-boost|p1a: Zacian|atk|1\n|\n|upkeep\n|turn|11\n|inactive|defnotapenguin has 270 seconds left.\n|\n|t:|1700045133\n|detailschange|p2a: alolan marowak 2|Mawile-Mega, F\n|-mega|p2a: alolan marowak 2|Mawile|Mawilite\n|move|p2a: alolan marowak 2|Iron Head|p1a: Zacian\n|-damage|p1a: Zacian|37\/100\n|cant|p1a: Zacian|flinch\n|\n|upkeep\n|turn|12\n|inactive|defnotapenguin has 270 seconds left.\n|inactive|wefgrjcnc has 270 seconds left.\n|\n|t:|1700045151\n|move|p2a: alolan marowak 2|Iron Head|p1a: Zacian\n|-damage|p1a: Zacian|0 fnt\n|faint|p1a: Zacian\n|\n|-fieldend|move: Trick Room\n|upkeep\n|inactive|wefgrjcnc has 270 seconds left.\n|\n|t:|1700045158\n|switch|p1a: Groudon|Groudon|100\/100\n|detailschange|p1a: Groudon|Groudon-Primal\n|-primal|p1a: Groudon|Red Orb\n|-weather|DesolateLand|[from] ability: Desolate Land|[of] p1a: Groudon\n|turn|13\n|inactive|defnotapenguin has 270 seconds left.\n|\n|t:|1700045169\n|switch|p2a: Cresselia|Cresselia, F|81\/100\n|move|p1a: Groudon|Precipice Blades|p2a: Cresselia\n|-immune|p2a: Cresselia|[from] ability: Levitate\n|\n|-weather|DesolateLand|[upkeep]\n|upkeep\n|turn|14\n|\n|t:|1700045183\n|move|p1a: Groudon|Heat Crash|p2a: Cresselia\n|-damage|p2a: Cresselia|0 fnt\n|faint|p2a: Cresselia\n|\n|-weather|DesolateLand|[upkeep]\n|upkeep\n|inactive|defnotapenguin has 270 seconds left.\n|\n|t:|1700045194\n|switch|p2a: sponge|Cradily, F|100\/100\n|-activate|p2a: sponge|move: Sticky Web\n|-unboost|p2a: sponge|spe|1\n|turn|15\n|inactive|defnotapenguin has 270 seconds left.\n|\n|t:|1700045206\n|move|p1a: Groudon|Stone Edge|p2a: sponge|[miss]\n|-miss|p1a: Groudon|p2a: sponge\n|move|p2a: sponge|Toxic|p1a: Groudon\n|-status|p1a: Groudon|tox\n|\n|-weather|DesolateLand|[upkeep]\n|-damage|p1a: Groudon|94\/100 tox|[from] psn\n|upkeep\n|turn|16\n|inactive|defnotapenguin has 270 seconds left.\n|\n|t:|1700045217\n|move|p1a: Groudon|Stone Edge|p2a: sponge\n|-damage|p2a: sponge|58\/100\n|move|p2a: sponge|Recover|p2a: sponge\n|-heal|p2a: sponge|100\/100\n|\n|-weather|DesolateLand|[upkeep]\n|-damage|p1a: Groudon|82\/100 tox|[from] psn\n|upkeep\n|turn|17\n|inactive|defnotapenguin has 270 seconds left.\n|\n|t:|1700045230\n|-terastallize|p2a: sponge|Steel\n|move|p1a: Groudon|Spikes|p2a: sponge\n|-sidestart|p2: defnotapenguin|Spikes\n|move|p2a: sponge|Giga Drain|p1a: Groudon\n|-crit|p1a: Groudon\n|-damage|p1a: Groudon|32\/100 tox\n|\n|-weather|DesolateLand|[upkeep]\n|-damage|p1a: Groudon|13\/100 tox|[from] psn\n|upkeep\n|turn|18\n|\n|t:|1700045242\n|-weather|none\n|switch|p1a: Annihilape|Annihilape, F|91\/100\n|move|p2a: sponge|Toxic|p1a: Annihilape\n|-status|p1a: Annihilape|tox\n|\n|-damage|p1a: Annihilape|84\/100 tox|[from] psn\n|upkeep\n|turn|19\n|inactive|defnotapenguin has 270 seconds left.\n|\n|t:|1700045266\n|move|p1a: Annihilape|Rage Fist|p2a: sponge\n|-damage|p2a: sponge|68\/100\n|-damage|p1a: Annihilape|74\/100 tox|[from] item: Life Orb\n|move|p2a: sponge|Recover|p2a: sponge\n|-heal|p2a: sponge|100\/100\n|\n|-damage|p1a: Annihilape|62\/100 tox|[from] psn\n|upkeep\n|turn|20\n|inactive|defnotapenguin has 270 seconds left.\n|\n|t:|1700045274\n|move|p1a: Annihilape|Close Combat|p2a: sponge\n|-supereffective|p2a: sponge\n|-damage|p2a: sponge|0 fnt\n|-unboost|p1a: Annihilape|def|1\n|-unboost|p1a: Annihilape|spd|1\n|faint|p2a: sponge\n|-damage|p1a: Annihilape|52\/100 tox|[from] item: Life Orb\n|\n|-damage|p1a: Annihilape|34\/100 tox|[from] psn\n|upkeep\n|inactive|defnotapenguin has 270 seconds left.\n|\n|t:|1700045285\n|switch|p2a: Hatterene|Hatterene, F|20\/100\n|-activate|p2a: Hatterene|move: Sticky Web\n|-unboost|p2a: Hatterene|spe|1\n|-damage|p2a: Hatterene|8\/100|[from] Spikes\n|turn|21\n|inactive|defnotapenguin has 270 seconds left.\n|\n|t:|1700045299\n|move|p1a: Annihilape|Rage Fist|p2a: Hatterene\n|-supereffective|p2a: Hatterene\n|-damage|p2a: Hatterene|0 fnt\n|faint|p2a: Hatterene\n|-damage|p1a: Annihilape|24\/100 tox|[from] item: Life Orb\n|\n|-damage|p1a: Annihilape|0 fnt|[from] psn\n|faint|p1a: Annihilape\n|upkeep\n|inactive|defnotapenguin has 270 seconds left.\n|\n|t:|1700045310\n|switch|p1a: Urshifu|Urshifu, F|64\/100\n|switch|p2a: alolan marowak 2|Mawile-Mega, F|100\/100\n|-activate|p2a: alolan marowak 2|move: Sticky Web\n|-unboost|p2a: alolan marowak 2|spe|1\n|-damage|p2a: alolan marowak 2|88\/100|[from] Spikes\n|turn|22\n|\n|t:|1700045333\n|move|p1a: Urshifu|Wicked Blow|p2a: alolan marowak 2\n|-resisted|p2a: alolan marowak 2\n|-crit|p2a: alolan marowak 2\n|-damage|p2a: alolan marowak 2|51\/100\n|move|p2a: alolan marowak 2|Play Rough|p1a: Urshifu\n|-supereffective|p1a: Urshifu\n|-damage|p1a: Urshifu|0 fnt\n|faint|p1a: Urshifu\n|\n|upkeep\n|\n|t:|1700045338\n|switch|p1a: Flutter Mane|Flutter Mane|83\/100 tox\n|turn|23\n|\n|t:|1700045348\n|move|p1a: Flutter Mane|Mystical Fire|p2a: alolan marowak 2\n|-supereffective|p2a: alolan marowak 2\n|-damage|p2a: alolan marowak 2|0 fnt\n|faint|p2a: alolan marowak 2\n|\n|-damage|p1a: Flutter Mane|77\/100 tox|[from] psn\n|upkeep\n|\n|t:|1700045354\n|switch|p2a: marowak but better|Marowak-Alola, F|100\/100\n|-activate|p2a: marowak but better|move: Sticky Web\n|-unboost|p2a: marowak but better|spe|1\n|-damage|p2a: marowak but better|88\/100|[from] Spikes\n|turn|24\n|\n|t:|1700045363\n|move|p1a: Flutter Mane|Shadow Ball|p2a: marowak but better\n|-supereffective|p2a: marowak but better\n|-damage|p2a: marowak but better|0 fnt\n|faint|p2a: marowak but better\n|\n|win|wefgrjcnc\n|c|\u2606defnotapenguin|gg\n|l|\u2606wefgrjcnc\n","uploadtime":1700046108,"views":11,"p1id":"wefgrjcnc","p2id":"defnotapenguin","formatid":"gen9nationaldexubers","rating":0,"private":0,"password":""}