{"id":"gen9nationaldexubers-1999247628","p1":"UWright","p2":"Plplk","format":"[Gen 9] National Dex Ubers","log":"|j|\u2606UWright\n|j|\u2606Plplk\n|t:|1701050400\n|gametype|singles\n|player|p1|UWright|firebreather|1124\n|player|p2|Plplk|alec-anime|1081\n|teamsize|p1|6\n|teamsize|p2|6\n|gen|9\n|tier|[Gen 9] National Dex Ubers\n|rated|\n|rule|HP Percentage Mod: HP is shown in percentages\n|rule|Endless Battle Clause: Forcing endless battles is banned\n|rule|OHKO Clause: OHKO moves are banned\n|rule|Evasion Moves Clause: Evasion moves are banned\n|rule|Evasion Items Clause: Evasion items are banned\n|rule|Species Clause: Limit one of each Pok\u00e9mon\n|rule|Sleep Clause Mod: Limit one foe put to sleep\n|rule|Mega Rayquaza Clause: You cannot mega evolve Rayquaza\n|clearpoke\n|poke|p1|Xerneas-*|\n|poke|p1|Necrozma-Dusk-Mane|\n|poke|p1|Yveltal|\n|poke|p1|Tyranitar, F|\n|poke|p1|Marshadow|\n|poke|p1|Kyurem-Black|\n|poke|p2|Landorus-Therian, M|\n|poke|p2|Ferrothorn, F|\n|poke|p2|Whimsicott, M|\n|poke|p2|Zekrom|\n|poke|p2|Alomomola, M|\n|poke|p2|Volcarona, F|\n|teampreview\n|inactive|Battle timer is ON: inactive players will automatically lose when time's up. (requested by Plplk)\n|\n|t:|1701050409\n|start\n|switch|p1a: Tyranitar|Tyranitar, F|100\/100\n|switch|p2a: Landorus|Landorus-Therian, M|100\/100\n|-ability|p2a: Landorus|Intimidate|boost\n|-unboost|p1a: Tyranitar|atk|1\n|-weather|Sandstorm|[from] ability: Sand Stream|[of] p1a: Tyranitar\n|turn|1\n|l|\u2606Plplk\n|inactive|Plplk disconnected and has a minute to reconnect!\n|player|p2|\n|j|\u2606Plplk\n|inactive|Plplk reconnected and has 135 seconds left.\n|player|p2|Plplk|alec-anime\n|\n|t:|1701050432\n|detailschange|p1a: Tyranitar|Tyranitar-Mega, F\n|-mega|p1a: Tyranitar|Tyranitar|Tyranitarite\n|move|p2a: Landorus|Earthquake|p1a: Tyranitar\n|-supereffective|p1a: Tyranitar\n|-damage|p1a: Tyranitar|37\/100\n|move|p1a: Tyranitar|Stealth Rock|p2a: Landorus\n|-sidestart|p2: Plplk|move: Stealth Rock\n|\n|-weather|Sandstorm|[upkeep]\n|upkeep\n|turn|2\n|\n|t:|1701050444\n|move|p2a: Landorus|Stealth Rock|p1a: Tyranitar\n|-sidestart|p1: UWright|move: Stealth Rock\n|move|p1a: Tyranitar|Pursuit|p2a: Landorus\n|-damage|p2a: Landorus|87\/100\n|\n|-weather|Sandstorm|[upkeep]\n|-heal|p2a: Landorus|93\/100|[from] item: Leftovers\n|upkeep\n|turn|3\n|\n|t:|1701050454\n|move|p2a: Landorus|U-turn|p1a: Tyranitar\n|-supereffective|p1a: Tyranitar\n|-damage|p1a: Tyranitar|7\/100\n|\n|t:|1701050458\n|switch|p2a: Ferrothorn|Ferrothorn, F|100\/100|[from] U-turn\n|-damage|p2a: Ferrothorn|94\/100|[from] Stealth Rock\n|move|p1a: Tyranitar|Knock Off|p2a: Ferrothorn\n|-damage|p2a: Ferrothorn|61\/100\n|-damage|p1a: Tyranitar|0 fnt|[from] ability: Iron Barbs|[of] p2a: Ferrothorn\n|faint|p1a: Tyranitar\n|\n|-weather|Sandstorm|[upkeep]\n|-heal|p2a: Ferrothorn|67\/100|[from] item: Leftovers\n|upkeep\n|\n|t:|1701050478\n|switch|p1a: Kyurem|Kyurem-Black|100\/100\n|-damage|p1a: Kyurem|76\/100|[from] Stealth Rock\n|-ability|p1a: Kyurem|Teravolt\n|turn|4\n|\n|t:|1701050490\n|move|p2a: Ferrothorn|Protect|p2a: Ferrothorn\n|-singleturn|p2a: Ferrothorn|Protect\n|move|p1a: Kyurem|Dragon Dance|p1a: Kyurem\n|-boost|p1a: Kyurem|atk|1\n|-boost|p1a: Kyurem|spe|1\n|\n|-weather|Sandstorm|[upkeep]\n|-damage|p1a: Kyurem|70\/100|[from] Sandstorm\n|-heal|p2a: Ferrothorn|74\/100|[from] item: Leftovers\n|upkeep\n|turn|5\n|\n|t:|1701050507\n|move|p1a: Kyurem|Scale Shot|p2a: Ferrothorn|[miss]\n|-miss|p1a: Kyurem|p2a: Ferrothorn\n|move|p2a: Ferrothorn|Gyro Ball|p1a: Kyurem\n|-supereffective|p1a: Kyurem\n|-damage|p1a: Kyurem|0 fnt\n|faint|p1a: Kyurem\n|\n|-weather|none\n|-heal|p2a: Ferrothorn|80\/100|[from] item: Leftovers\n|upkeep\n|\n|t:|1701050517\n|switch|p1a: Yveltal|Yveltal|100\/100\n|-damage|p1a: Yveltal|76\/100|[from] Stealth Rock\n|-ability|p1a: Yveltal|Dark Aura\n|turn|6\n|\n|t:|1701050521\n|move|p1a: Yveltal|Oblivion Wing|p2a: Ferrothorn\n|-damage|p2a: Ferrothorn|38\/100\n|-heal|p1a: Yveltal|100\/100|[from] drain|[of] p2a: Ferrothorn\n|-damage|p1a: Yveltal|91\/100|[from] item: Life Orb\n|move|p2a: Ferrothorn|Leech Seed|p1a: Yveltal\n|-start|p1a: Yveltal|move: Leech Seed\n|\n|-heal|p2a: Ferrothorn|45\/100|[from] item: Leftovers\n|-damage|p1a: Yveltal|78\/100|[from] Leech Seed|[of] p2a: Ferrothorn\n|-heal|p2a: Ferrothorn|58\/100|[silent]\n|upkeep\n|turn|7\n|\n|t:|1701050532\n|move|p2a: Ferrothorn|Protect|p2a: Ferrothorn\n|-singleturn|p2a: Ferrothorn|Protect\n|move|p1a: Yveltal|Oblivion Wing|p2a: Ferrothorn\n|-activate|p2a: Ferrothorn|move: Protect\n|\n|-heal|p2a: Ferrothorn|65\/100|[from] item: Leftovers\n|-damage|p1a: Yveltal|66\/100|[from] Leech Seed|[of] p2a: Ferrothorn\n|-heal|p2a: Ferrothorn|79\/100|[silent]\n|upkeep\n|turn|8\n|\n|t:|1701050538\n|move|p1a: Yveltal|Oblivion Wing|p2a: Ferrothorn\n|-damage|p2a: Ferrothorn|39\/100\n|-heal|p1a: Yveltal|92\/100|[from] drain|[of] p2a: Ferrothorn\n|-damage|p1a: Yveltal|82\/100|[from] item: Life Orb\n|move|p2a: Ferrothorn|Toxic|p1a: Yveltal\n|-status|p1a: Yveltal|tox\n|\n|-heal|p2a: Ferrothorn|45\/100|[from] item: Leftovers\n|-damage|p1a: Yveltal|70\/100 tox|[from] Leech Seed|[of] p2a: Ferrothorn\n|-heal|p2a: Ferrothorn|59\/100|[silent]\n|-damage|p1a: Yveltal|64\/100 tox|[from] psn\n|upkeep\n|turn|9\n|\n|t:|1701050548\n|move|p2a: Ferrothorn|Protect|p2a: Ferrothorn\n|-singleturn|p2a: Ferrothorn|Protect\n|move|p1a: Yveltal|Oblivion Wing|p2a: Ferrothorn\n|-activate|p2a: Ferrothorn|move: Protect\n|\n|-heal|p2a: Ferrothorn|65\/100|[from] item: Leftovers\n|-damage|p1a: Yveltal|52\/100 tox|[from] Leech Seed|[of] p2a: Ferrothorn\n|-heal|p2a: Ferrothorn|79\/100|[silent]\n|-damage|p1a: Yveltal|39\/100 tox|[from] psn\n|upkeep\n|turn|10\n|\n|t:|1701050560\n|switch|p2a: Landorus|Landorus-Therian, M|93\/100\n|-damage|p2a: Landorus|80\/100|[from] Stealth Rock\n|-ability|p2a: Landorus|Intimidate|boost\n|-unboost|p1a: Yveltal|atk|1\n|move|p1a: Yveltal|Oblivion Wing|p2a: Landorus\n|-damage|p2a: Landorus|21\/100\n|-heal|p1a: Yveltal|81\/100 tox|[from] drain|[of] p2a: Landorus\n|-damage|p1a: Yveltal|71\/100 tox|[from] item: Life Orb\n|\n|-heal|p2a: Landorus|28\/100|[from] item: Leftovers\n|-damage|p1a: Yveltal|59\/100 tox|[from] Leech Seed|[of] p2a: Landorus\n|-heal|p2a: Landorus|41\/100|[silent]\n|-damage|p1a: Yveltal|41\/100 tox|[from] psn\n|upkeep\n|turn|11\n|\n|t:|1701050573\n|move|p1a: Yveltal|Oblivion Wing|p2a: Landorus\n|-damage|p2a: Landorus|0 fnt\n|-heal|p1a: Yveltal|69\/100 tox|[from] drain|[of] p2a: Landorus\n|faint|p2a: Landorus\n|-damage|p1a: Yveltal|59\/100 tox|[from] item: Life Orb\n|\n|-damage|p1a: Yveltal|35\/100 tox|[from] psn\n|upkeep\n|\n|t:|1701050577\n|switch|p2a: Ferrothorn|Ferrothorn, F|79\/100\n|-damage|p2a: Ferrothorn|73\/100|[from] Stealth Rock\n|turn|12\n|\n|t:|1701050582\n|move|p2a: Ferrothorn|Protect|p2a: Ferrothorn\n|-singleturn|p2a: Ferrothorn|Protect\n|move|p1a: Yveltal|Heat Wave|p2a: Ferrothorn\n|-activate|p2a: Ferrothorn|move: Protect\n|\n|-heal|p2a: Ferrothorn|79\/100|[from] item: Leftovers\n|-damage|p1a: Yveltal|23\/100 tox|[from] Leech Seed|[of] p2a: Ferrothorn\n|-heal|p2a: Ferrothorn|93\/100|[silent]\n|-damage|p1a: Yveltal|0 fnt|[from] psn\n|faint|p1a: Yveltal\n|upkeep\n|\n|t:|1701050589\n|switch|p1a: Xerneas|Xerneas|100\/100\n|-damage|p1a: Xerneas|88\/100|[from] Stealth Rock\n|-ability|p1a: Xerneas|Fairy Aura\n|turn|13\n|\n|t:|1701050600\n|move|p1a: Xerneas|Geomancy||[still]\n|-prepare|p1a: Xerneas|Geomancy\n|-enditem|p1a: Xerneas|Power Herb\n|-anim|p1a: Xerneas|Geomancy|p1a: Xerneas\n|-boost|p1a: Xerneas|spa|2\n|-boost|p1a: Xerneas|spd|2\n|-boost|p1a: Xerneas|spe|2\n|move|p2a: Ferrothorn|Gyro Ball|p1a: Xerneas\n|-supereffective|p1a: Xerneas\n|-damage|p1a: Xerneas|10\/100\n|\n|-heal|p2a: Ferrothorn|99\/100|[from] item: Leftovers\n|upkeep\n|turn|14\n|\n|t:|1701050612\n|move|p1a: Xerneas|Draining Kiss|p2a: Ferrothorn\n|-resisted|p2a: Ferrothorn\n|-damage|p2a: Ferrothorn|74\/100\n|-heal|p1a: Xerneas|25\/100|[from] drain|[of] p2a: Ferrothorn\n|-damage|p1a: Xerneas|13\/100|[from] ability: Iron Barbs|[of] p2a: Ferrothorn\n|move|p2a: Ferrothorn|Toxic|p1a: Xerneas\n|-status|p1a: Xerneas|tox\n|\n|-heal|p2a: Ferrothorn|80\/100|[from] item: Leftovers\n|-damage|p1a: Xerneas|7\/100 tox|[from] psn\n|upkeep\n|turn|15\n|\n|t:|1701050622\n|move|p2a: Ferrothorn|Protect|p2a: Ferrothorn\n|-singleturn|p2a: Ferrothorn|Protect\n|move|p1a: Xerneas|Moonblast|p2a: Ferrothorn\n|-activate|p2a: Ferrothorn|move: Protect\n|\n|-heal|p2a: Ferrothorn|86\/100|[from] item: Leftovers\n|-damage|p1a: Xerneas|0 fnt|[from] psn\n|faint|p1a: Xerneas\n|upkeep\n|\n|t:|1701050624\n|switch|p1a: Necrozma|Necrozma-Dusk-Mane|100\/100\n|-damage|p1a: Necrozma|95\/100|[from] Stealth Rock\n|turn|16\n|\n|t:|1701050630\n|move|p1a: Necrozma|Dragon Dance|p1a: Necrozma\n|-boost|p1a: Necrozma|atk|1\n|-boost|p1a: Necrozma|spe|1\n|move|p2a: Ferrothorn|Leech Seed|p1a: Necrozma\n|-start|p1a: Necrozma|move: Leech Seed\n|\n|-heal|p2a: Ferrothorn|93\/100|[from] item: Leftovers\n|-damage|p1a: Necrozma|82\/100|[from] Leech Seed|[of] p2a: Ferrothorn\n|-heal|p2a: Ferrothorn|100\/100|[silent]\n|upkeep\n|turn|17\n|\n|t:|1701050638\n|move|p1a: Necrozma|Earthquake|p2a: Ferrothorn\n|-damage|p2a: Ferrothorn|54\/100\n|move|p2a: Ferrothorn|Gyro Ball|p1a: Necrozma\n|-resisted|p1a: Necrozma\n|-damage|p1a: Necrozma|63\/100\n|\n|-heal|p2a: Ferrothorn|60\/100|[from] item: Leftovers\n|-damage|p1a: Necrozma|50\/100|[from] Leech Seed|[of] p2a: Ferrothorn\n|-heal|p2a: Ferrothorn|72\/100|[silent]\n|upkeep\n|turn|18\n|\n|t:|1701050647\n|move|p1a: Necrozma|Sunsteel Strike|p2a: Ferrothorn\n|-resisted|p2a: Ferrothorn\n|-damage|p2a: Ferrothorn|39\/100\n|-damage|p1a: Necrozma|38\/100|[from] ability: Iron Barbs|[of] p2a: Ferrothorn\n|move|p2a: Ferrothorn|Gyro Ball|p1a: Necrozma\n|-resisted|p1a: Necrozma\n|-damage|p1a: Necrozma|17\/100\n|\n|-heal|p2a: Ferrothorn|45\/100|[from] item: Leftovers\n|-damage|p1a: Necrozma|5\/100|[from] Leech Seed|[of] p2a: Ferrothorn\n|-heal|p2a: Ferrothorn|56\/100|[silent]\n|upkeep\n|turn|19\n|\n|t:|1701050655\n|move|p2a: Ferrothorn|Protect|p2a: Ferrothorn\n|-singleturn|p2a: Ferrothorn|Protect\n|move|p1a: Necrozma|Morning Sun|p1a: Necrozma\n|-heal|p1a: Necrozma|55\/100\n|\n|-heal|p2a: Ferrothorn|63\/100|[from] item: Leftovers\n|-damage|p1a: Necrozma|43\/100|[from] Leech Seed|[of] p2a: Ferrothorn\n|-heal|p2a: Ferrothorn|74\/100|[silent]\n|upkeep\n|turn|20\n|\n|t:|1701050674\n|-terastallize|p1a: Necrozma|Ground\n|move|p1a: Necrozma|Dragon Dance|p1a: Necrozma\n|-boost|p1a: Necrozma|atk|1\n|-boost|p1a: Necrozma|spe|1\n|move|p2a: Ferrothorn|Gyro Ball|p1a: Necrozma\n|-damage|p1a: Necrozma|3\/100\n|\n|-heal|p2a: Ferrothorn|81\/100|[from] item: Leftovers\n|-damage|p1a: Necrozma|0 fnt|[from] Leech Seed|[of] p2a: Ferrothorn\n|-heal|p2a: Ferrothorn|83\/100|[silent]\n|faint|p1a: Necrozma\n|upkeep\n|\n|t:|1701050681\n|switch|p1a: Marshadow|Marshadow|100\/100\n|-damage|p1a: Marshadow|94\/100|[from] Stealth Rock\n|turn|21\n|\n|t:|1701050704\n|move|p1a: Marshadow|Low Kick|p2a: Ferrothorn\n|-supereffective|p2a: Ferrothorn\n|-damage|p2a: Ferrothorn|0 fnt\n|-damage|p1a: Marshadow|82\/100|[from] ability: Iron Barbs|[of] p2a: Ferrothorn\n|faint|p2a: Ferrothorn\n|\n|upkeep\n|\n|t:|1701050713\n|switch|p2a: Whimsicott|Whimsicott, M|100\/100\n|-damage|p2a: Whimsicott|88\/100|[from] Stealth Rock\n|turn|22\n|\n|t:|1701050721\n|move|p1a: Marshadow|Low Kick|p2a: Whimsicott\n|-resisted|p2a: Whimsicott\n|-damage|p2a: Whimsicott|74\/100\n|move|p2a: Whimsicott|U-turn|p1a: Marshadow\n|-resisted|p1a: Marshadow\n|-damage|p1a: Marshadow|78\/100\n|\n|t:|1701050724\n|switch|p2a: Zekrom|Zekrom|100\/100|[from] U-turn\n|-damage|p2a: Zekrom|88\/100|[from] Stealth Rock\n|-ability|p2a: Zekrom|Teravolt\n|\n|upkeep\n|turn|23\n|\n|t:|1701050730\n|-terastallize|p2a: Zekrom|Dragon\n|move|p1a: Marshadow|Low Kick|p2a: Zekrom\n|-damage|p2a: Zekrom|22\/100\n|move|p2a: Zekrom|Scale Shot|p1a: Marshadow\n|-damage|p1a: Marshadow|51\/100\n|-damage|p1a: Marshadow|24\/100\n|-damage|p1a: Marshadow|0 fnt\n|faint|p1a: Marshadow\n|-hitcount|p1: Marshadow|3\n|\n|win|Plplk\n|raw|UWright's rating: 1124 &rarr; <strong>1096<\/strong><br \/>(-28 for losing)\n|raw|Plplk's rating: 1081 &rarr; <strong>1112<\/strong><br \/>(+31 for winning)\n|l|\u2606UWright\n","uploadtime":1701050742,"views":19,"p1id":"uwright","p2id":"plplk","formatid":"gen9nationaldexubers","rating":1096,"private":0,"password":""}