{"id":"gen9nationaldexubers-1998595280","p1":"Foxxism","p2":"JamesMcButts","format":"[Gen 9] National Dex Ubers","log":"|j|\u2606Foxxism\n|j|\u2606JamesMcButts\n|t:|1700960764\n|gametype|singles\n|player|p1|Foxxism|shadowtriad|\n|player|p2|JamesMcButts|swimmer-gen4|\n|teamsize|p1|6\n|teamsize|p2|6\n|gen|9\n|tier|[Gen 9] National Dex Ubers\n|rule|HP Percentage Mod: HP is shown in percentages\n|rule|Endless Battle Clause: Forcing endless battles is banned\n|rule|OHKO Clause: OHKO moves are banned\n|rule|Evasion Moves Clause: Evasion moves are banned\n|rule|Evasion Items Clause: Evasion items are banned\n|rule|Species Clause: Limit one of each Pok\u00e9mon\n|rule|Sleep Clause Mod: Limit one foe put to sleep\n|rule|Mega Rayquaza Clause: You cannot mega evolve Rayquaza\n|clearpoke\n|poke|p1|Nidoking, M|\n|poke|p1|Gengar, M|\n|poke|p1|Salazzle, F|\n|poke|p1|Muk-Alola, M|\n|poke|p1|Venusaur, M|\n|poke|p1|Drapion, F|\n|poke|p2|Corviknight, M|\n|poke|p2|Aegislash, F|\n|poke|p2|Empoleon, M|\n|poke|p2|Lucario, M|\n|poke|p2|Aggron, F|\n|poke|p2|Metagross|\n|teampreview\n|j| HereticalJ\n|j| Triggerhappy50\n|\n|t:|1700960789\n|start\n|switch|p1a: Drapion|Drapion, F, shiny|100\/100\n|switch|p2a: Aggron|Aggron, F, shiny|100\/100\n|turn|1\n|\n|t:|1700960808\n|move|p1a: Drapion|Earthquake|p2a: Aggron\n|-supereffective|p2a: Aggron\n|-damage|p2a: Aggron|39\/100\n|move|p2a: Aggron|Stealth Rock|p1a: Drapion\n|-sidestart|p1: Foxxism|move: Stealth Rock\n|\n|upkeep\n|turn|2\n|\n|t:|1700960840\n|switch|p2a: Corviknight|Corviknight, M, shiny|100\/100\n|move|p1a: Drapion|Brick Break|p2a: Corviknight\n|-damage|p2a: Corviknight|89\/100\n|\n|-heal|p2a: Corviknight|95\/100|[from] item: Leftovers\n|upkeep\n|turn|3\n|\n|t:|1700960873\n|switch|p1a: Muk|Muk-Alola, M|100\/100\n|-damage|p1a: Muk|88\/100|[from] Stealth Rock\n|move|p2a: Corviknight|Bulk Up|p2a: Corviknight\n|-boost|p2a: Corviknight|atk|1\n|-boost|p2a: Corviknight|def|1\n|\n|-heal|p2a: Corviknight|100\/100|[from] item: Leftovers\n|upkeep\n|turn|4\n|\n|t:|1700960891\n|move|p2a: Corviknight|Brave Bird|p1a: Muk\n|-damage|p1a: Muk|30\/100\n|-damage|p2a: Corviknight|80\/100|[from] Recoil\n|move|p1a: Muk|Fire Blast|p2a: Corviknight\n|-supereffective|p2a: Corviknight\n|-damage|p2a: Corviknight|48\/100\n|\n|-heal|p2a: Corviknight|54\/100|[from] item: Leftovers\n|upkeep\n|turn|5\n|\n|t:|1700960906\n|move|p2a: Corviknight|Brave Bird|p1a: Muk\n|-damage|p1a: Muk|0 fnt\n|faint|p1a: Muk\n|-damage|p2a: Corviknight|44\/100|[from] Recoil\n|\n|-heal|p2a: Corviknight|50\/100|[from] item: Leftovers\n|upkeep\n|\n|t:|1700960946\n|switch|p1a: Nidoking|Nidoking, M, shiny|100\/100\n|-damage|p1a: Nidoking|95\/100|[from] Stealth Rock\n|turn|6\n|\n|t:|1700960953\n|move|p1a: Nidoking|Flamethrower|p2a: Corviknight\n|-supereffective|p2a: Corviknight\n|-damage|p2a: Corviknight|0 fnt\n|faint|p2a: Corviknight\n|\n|upkeep\n|\n|t:|1700960976\n|switch|p2a: Empoleon|Empoleon, M, shiny|100\/100\n|turn|7\n|\n|t:|1700960989\n|move|p1a: Nidoking|Earthquake|p2a: Empoleon\n|-supereffective|p2a: Empoleon\n|-damage|p2a: Empoleon|0 fnt\n|faint|p2a: Empoleon\n|-damage|p1a: Nidoking|85\/100|[from] item: Life Orb\n|\n|upkeep\n|\n|t:|1700961011\n|switch|p2a: Metagross|Metagross, shiny|100\/100\n|turn|8\n|\n|t:|1700961036\n|move|p1a: Nidoking|Flamethrower|p2a: Metagross\n|-supereffective|p2a: Metagross\n|-damage|p2a: Metagross|23\/100\n|move|p2a: Metagross|Zen Headbutt|p1a: Nidoking\n|-supereffective|p1a: Nidoking\n|-damage|p1a: Nidoking|0 fnt\n|faint|p1a: Nidoking\n|\n|upkeep\n|\n|t:|1700961047\n|switch|p1a: Drapion|Drapion, F, shiny|100\/100\n|-damage|p1a: Drapion|88\/100|[from] Stealth Rock\n|turn|9\n|\n|t:|1700961092\n|detailschange|p2a: Metagross|Metagross-Mega, shiny\n|-mega|p2a: Metagross|Metagross|Metagrossite\n|move|p2a: Metagross|Earthquake|p1a: Drapion\n|-supereffective|p1a: Drapion\n|-damage|p1a: Drapion|0 fnt\n|faint|p1a: Drapion\n|\n|upkeep\n|\n|t:|1700961134\n|switch|p1a: Salazzle|Salazzle, F, shiny|100\/100\n|-damage|p1a: Salazzle|76\/100|[from] Stealth Rock\n|turn|10\n|\n|t:|1700961162\n|move|p1a: Salazzle|Flamethrower|p2a: Metagross\n|-supereffective|p2a: Metagross\n|-damage|p2a: Metagross|0 fnt\n|faint|p2a: Metagross\n|\n|-heal|p1a: Salazzle|82\/100|[from] item: Leftovers\n|upkeep\n|\n|t:|1700961188\n|switch|p2a: Lucario|Lucario, M|100\/100\n|turn|11\n|\n|t:|1700961200\n|move|p1a: Salazzle|Flamethrower|p2a: Lucario\n|-supereffective|p2a: Lucario\n|-damage|p2a: Lucario|0 fnt\n|faint|p2a: Lucario\n|\n|-heal|p1a: Salazzle|88\/100|[from] item: Leftovers\n|upkeep\n|\n|t:|1700961209\n|switch|p2a: Aegislash|Aegislash, F, shiny|100\/100\n|turn|12\n|\n|t:|1700961244\n|move|p1a: Salazzle|Flamethrower|p2a: Aegislash\n|-supereffective|p2a: Aegislash\n|-damage|p2a: Aegislash|60\/100\n|-formechange|p2a: Aegislash|Aegislash-Blade||[from] ability: Stance Change\n|move|p2a: Aegislash|Gyro Ball|p1a: Salazzle\n|-resisted|p1a: Salazzle\n|-damage|p1a: Salazzle|35\/100\n|\n|-heal|p1a: Salazzle|42\/100|[from] item: Leftovers\n|upkeep\n|turn|13\n|\n|t:|1700961279\n|-formechange|p2a: Aegislash|Aegislash||[from] ability: Stance Change\n|move|p2a: Aegislash|King's Shield|p2a: Aegislash\n|-singleturn|p2a: Aegislash|Protect\n|move|p1a: Salazzle|Substitute|p1a: Salazzle\n|-start|p1a: Salazzle|Substitute\n|-damage|p1a: Salazzle|17\/100\n|\n|-heal|p1a: Salazzle|23\/100|[from] item: Leftovers\n|upkeep\n|turn|14\n|\n|t:|1700961322\n|-formechange|p2a: Aegislash|Aegislash-Blade||[from] ability: Stance Change\n|move|p2a: Aegislash|Shadow Sneak|p1a: Salazzle\n|-end|p1a: Salazzle|Substitute\n|move|p1a: Salazzle|Toxic|p2a: Aegislash\n|-status|p2a: Aegislash|tox\n|\n|-heal|p1a: Salazzle|29\/100|[from] item: Leftovers\n|-damage|p2a: Aegislash|54\/100 tox|[from] psn\n|upkeep\n|turn|15\n|\n|t:|1700961332\n|move|p2a: Aegislash|Shadow Sneak|p1a: Salazzle\n|-damage|p1a: Salazzle|0 fnt\n|faint|p1a: Salazzle\n|\n|-damage|p2a: Aegislash|41\/100 tox|[from] psn\n|upkeep\n|\n|t:|1700961349\n|switch|p1a: Venusaur|Venusaur, M|100\/100\n|-damage|p1a: Venusaur|88\/100|[from] Stealth Rock\n|turn|16\n|\n|t:|1700961375\n|detailschange|p1a: Venusaur|Venusaur-Mega, M\n|-mega|p1a: Venusaur|Venusaur|Venusaurite\n|-formechange|p2a: Aegislash|Aegislash||[from] ability: Stance Change\n|move|p2a: Aegislash|King's Shield|p2a: Aegislash\n|-singleturn|p2a: Aegislash|Protect\n|move|p1a: Venusaur|Earthquake|p2a: Aegislash\n|-activate|p2a: Aegislash|move: Protect\n|\n|-damage|p2a: Aegislash|23\/100 tox|[from] psn\n|upkeep\n|turn|17\n|\n|t:|1700961404\n|-formechange|p2a: Aegislash|Aegislash-Blade||[from] ability: Stance Change\n|move|p2a: Aegislash|Shadow Sneak|p1a: Venusaur\n|-damage|p1a: Venusaur|70\/100\n|move|p1a: Venusaur|Knock Off|p2a: Aegislash\n|-supereffective|p2a: Aegislash\n|-damage|p2a: Aegislash|0 fnt\n|-enditem|p2a: Aegislash|Iron Ball|[from] move: Knock Off|[of] p1a: Venusaur\n|faint|p2a: Aegislash\n|\n|upkeep\n|\n|t:|1700961415\n|switch|p2a: Aggron|Aggron, F, shiny|39\/100\n|turn|18\n|\n|t:|1700961424\n|move|p1a: Venusaur|Earthquake|p2a: Aggron\n|-supereffective|p2a: Aggron\n|-damage|p2a: Aggron|0 fnt\n|faint|p2a: Aggron\n|\n|win|Foxxism\n","uploadtime":1700961434,"views":2,"p1id":"foxxism","p2id":"jamesmcbutts","formatid":"gen9nationaldexubers","rating":0,"private":0,"password":""}