{"id":"gen9nationaldexubers-1988692987","p1":"bailongzhenshuai","p2":"1 em trach thu","format":"[Gen 9] National Dex Ubers","log":"|j|\u2606bailongzhenshuai\n|j|\u26061 em trach thu\n|t:|1699751400\n|gametype|singles\n|player|p1|bailongzhenshuai|roxie|1471\n|player|p2|1 em trach thu|2|1723\n|teamsize|p1|6\n|teamsize|p2|6\n|gen|9\n|tier|[Gen 9] National Dex Ubers\n|rated|\n|rule|HP Percentage Mod: HP is shown in percentages\n|rule|Endless Battle Clause: Forcing endless battles is banned\n|rule|OHKO Clause: OHKO moves are banned\n|rule|Evasion Moves Clause: Evasion moves are banned\n|rule|Evasion Items Clause: Evasion items are banned\n|rule|Species Clause: Limit one of each Pok\u00e9mon\n|rule|Sleep Clause Mod: Limit one foe put to sleep\n|rule|Mega Rayquaza Clause: You cannot mega evolve Rayquaza\n|clearpoke\n|poke|p1|Slurpuff, M|\n|poke|p1|Reshiram|\n|poke|p1|Necrozma-Dusk-Mane|\n|poke|p1|Arceus-Ground|\n|poke|p1|Zacian-*|\n|poke|p1|Mewtwo|\n|poke|p2|Kyogre|\n|poke|p2|Groudon|\n|poke|p2|Zacian-*|\n|poke|p2|Arceus|\n|poke|p2|Rayquaza|\n|poke|p2|Banette, F|\n|teampreview\n|inactive|Battle timer is ON: inactive players will automatically lose when time's up. (requested by bailongzhenshuai)\n|\n|t:|1699751420\n|start\n|switch|p1a: Slurpuff|Slurpuff, M|100\/100\n|switch|p2a: Arceus|Arceus|100\/100\n|turn|1\n|\n|t:|1699751427\n|move|p2a: Arceus|Extreme Speed|p1a: Slurpuff\n|-damage|p1a: Slurpuff|67\/100\n|move|p1a: Slurpuff|Sticky Web|p2a: Arceus\n|-sidestart|p2: 1 em trach thu|move: Sticky Web\n|\n|upkeep\n|turn|2\n|\n|t:|1699751433\n|move|p2a: Arceus|Toxic|p1a: Slurpuff\n|-status|p1a: Slurpuff|tox\n|move|p1a: Slurpuff|Yawn|p2a: Arceus\n|-start|p2a: Arceus|move: Yawn|[of] p1a: Slurpuff\n|\n|-damage|p1a: Slurpuff|61\/100 tox|[from] psn\n|upkeep\n|turn|3\n|\n|t:|1699751442\n|switch|p2a: Banette|Banette, F|100\/100\n|-activate|p2a: Banette|move: Sticky Web\n|-unboost|p2a: Banette|spe|1\n|-item|p1a: Slurpuff|Focus Sash|[from] ability: Frisk|[of] p2a: Banette|[identify]\n|move|p1a: Slurpuff|Endeavor|p2a: Banette\n|-immune|p2a: Banette\n|\n|-damage|p1a: Slurpuff|49\/100 tox|[from] psn\n|upkeep\n|turn|4\n|\n|t:|1699751455\n|switch|p2a: Arceus|Arceus|100\/100\n|-activate|p2a: Arceus|move: Sticky Web\n|-unboost|p2a: Arceus|spe|1\n|move|p1a: Slurpuff|Misty Explosion|p2a: Arceus\n|-damage|p2a: Arceus|79\/100\n|faint|p1a: Slurpuff\n|\n|-heal|p2a: Arceus|85\/100|[from] item: Leftovers\n|upkeep\n|\n|t:|1699751462\n|switch|p1a: Arceus|Arceus-Ground|100\/100\n|turn|5\n|\n|t:|1699751468\n|move|p1a: Arceus|Swords Dance|p1a: Arceus\n|-boost|p1a: Arceus|atk|2\n|move|p2a: Arceus|Defog|p1a: Arceus\n|-unboost|p1a: Arceus|evasion|1\n|-sideend|p2: 1 em trach thu|Sticky Web|[from] move: Defog|[of] p2a: Arceus\n|\n|-heal|p2a: Arceus|91\/100|[from] item: Leftovers\n|upkeep\n|turn|6\n|\n|t:|1699751478\n|move|p1a: Arceus|Earthquake|p2a: Arceus\n|-damage|p2a: Arceus|16\/100\n|move|p2a: Arceus|Stealth Rock|p1a: Arceus\n|-sidestart|p1: bailongzhenshuai|move: Stealth Rock\n|\n|-heal|p2a: Arceus|22\/100|[from] item: Leftovers\n|upkeep\n|turn|7\n|\n|t:|1699751491\n|move|p1a: Arceus|Earthquake|p2a: Arceus\n|-damage|p2a: Arceus|0 fnt\n|faint|p2a: Arceus\n|\n|upkeep\n|\n|t:|1699751498\n|switch|p2a: Banette|Banette, F|100\/100\n|-item|p1a: Arceus|Earth Plate|[from] ability: Frisk|[of] p2a: Banette|[identify]\n|turn|8\n|\n|t:|1699751503\n|detailschange|p2a: Banette|Banette-Mega, F\n|-mega|p2a: Banette|Banette|Banettite\n|move|p2a: Banette|Destiny Bond|p2a: Banette\n|-singlemove|p2a: Banette|Destiny Bond\n|move|p1a: Arceus|Earthquake|p2a: Banette\n|-damage|p2a: Banette|0 fnt\n|faint|p2a: Banette\n|-activate|p2a: Banette|move: Destiny Bond\n|faint|p1a: Arceus\n|\n|upkeep\n|\n|t:|1699751516\n|switch|p1a: Mewtwo|Mewtwo|100\/100\n|switch|p2a: Groudon|Groudon|100\/100\n|-damage|p1a: Mewtwo|88\/100|[from] Stealth Rock\n|-ability|p1a: Mewtwo|Pressure\n|detailschange|p2a: Groudon|Groudon-Primal\n|-primal|p2a: Groudon|Red Orb\n|-weather|DesolateLand|[from] ability: Desolate Land|[of] p2a: Groudon\n|turn|9\n|\n|t:|1699751532\n|-weather|none\n|switch|p2a: Kyogre|Kyogre|100\/100\n|detailschange|p2a: Kyogre|Kyogre-Primal\n|-primal|p2a: Kyogre|Blue Orb\n|-weather|PrimordialSea|[from] ability: Primordial Sea|[of] p2a: Kyogre\n|detailschange|p1a: Mewtwo|Mewtwo-Mega-Y\n|-mega|p1a: Mewtwo|Mewtwo|Mewtwonite Y\n|move|p1a: Mewtwo|Psystrike|p2a: Kyogre\n|-damage|p2a: Kyogre|17\/100\n|\n|-weather|PrimordialSea|[upkeep]\n|upkeep\n|turn|10\n|\n|t:|1699751546\n|move|p1a: Mewtwo|Psystrike|p2a: Kyogre\n|-damage|p2a: Kyogre|0 fnt\n|faint|p2a: Kyogre\n|-weather|none\n|\n|upkeep\n|\n|t:|1699751552\n|switch|p2a: Zacian|Zacian-Crowned|100\/100\n|-ability|p2a: Zacian|Intrepid Sword|boost\n|-boost|p2a: Zacian|atk|1\n|turn|11\n|\n|t:|1699751563\n|move|p2a: Zacian|Play Rough|p1a: Mewtwo\n|-damage|p1a: Mewtwo|0 fnt\n|faint|p1a: Mewtwo\n|\n|upkeep\n|\n|t:|1699751567\n|switch|p1a: Necrozma|Necrozma-Dusk-Mane|100\/100\n|-damage|p1a: Necrozma|95\/100|[from] Stealth Rock\n|turn|12\n|j| AGisgood\u82cd\u54cd\u4fa0\n|\n|t:|1699751581\n|-terastallize|p2a: Zacian|Ground\n|move|p2a: Zacian|Tera Blast|p1a: Necrozma|[anim] Tera Blast Ground\n|-supereffective|p1a: Necrozma\n|-damage|p1a: Necrozma|3\/100\n|move|p1a: Necrozma|Swords Dance|p1a: Necrozma\n|-boost|p1a: Necrozma|atk|2\n|\n|upkeep\n|turn|13\n|\n|t:|1699751589\n|move|p2a: Zacian|Tera Blast|p1a: Necrozma|[anim] Tera Blast Ground\n|-supereffective|p1a: Necrozma\n|-damage|p1a: Necrozma|0 fnt\n|faint|p1a: Necrozma\n|\n|upkeep\n|\n|t:|1699751594\n|switch|p1a: Zacian|Zacian-Crowned|100\/100\n|-damage|p1a: Zacian|94\/100|[from] Stealth Rock\n|-ability|p1a: Zacian|Intrepid Sword|boost\n|-boost|p1a: Zacian|atk|1\n|turn|14\n|\n|t:|1699751606\n|-terastallize|p1a: Zacian|Fighting\n|move|p2a: Zacian|Tera Blast|p1a: Zacian|[anim] Tera Blast Ground\n|-damage|p1a: Zacian|32\/100\n|move|p1a: Zacian|Close Combat|p2a: Zacian\n|-damage|p2a: Zacian|0 fnt\n|-unboost|p1a: Zacian|def|1\n|-unboost|p1a: Zacian|spd|1\n|faint|p2a: Zacian\n|\n|upkeep\n|inactive|1 em trach thu has 120 seconds left.\n|inactive|1 em trach thu has 90 seconds left.\n|\n|t:|1699751669\n|switch|p2a: Rayquaza|Rayquaza|100\/100\n|-ability|p2a: Rayquaza|Air Lock\n|turn|15\n|\n|t:|1699751673\n|move|p2a: Rayquaza|Extreme Speed|p1a: Zacian\n|-damage|p1a: Zacian|0 fnt\n|faint|p1a: Zacian\n|\n|upkeep\n|\n|t:|1699751681\n|switch|p1a: Reshiram|Reshiram|100\/100\n|-damage|p1a: Reshiram|76\/100|[from] Stealth Rock\n|-ability|p1a: Reshiram|Turboblaze\n|turn|16\n|\n|t:|1699751687\n|move|p2a: Rayquaza|Draco Meteor|p1a: Reshiram\n|-supereffective|p1a: Reshiram\n|-damage|p1a: Reshiram|0 fnt\n|-unboost|p2a: Rayquaza|spa|2\n|faint|p1a: Reshiram\n|\n|win|1 em trach thu\n|raw|bailongzhenshuai's rating: 1471 &rarr; <strong>1463<\/strong><br \/>(-8 for losing)\n|raw|1 em trach thu's rating: 1723 &rarr; <strong>1731<\/strong><br \/>(+8 for winning)\n|l|\u2606bailongzhenshuai\n","uploadtime":1699751693,"views":10,"p1id":"bailongzhenshuai","p2id":"1emtrachthu","formatid":"gen9nationaldexubers","rating":1463,"private":0,"password":""}