{"id":"gen9nationaldexubers-1995084096","p1":"m444rf","p2":"bydotcasts","format":"[Gen 9] National Dex Ubers","log":"|j|\u2606m444rf\n|j|\u2606bydotcasts\n|t:|1700520782\n|gametype|singles\n|player|p1|m444rf|2|\n|player|p2|bydotcasts|bruno|\n|teamsize|p1|6\n|teamsize|p2|6\n|gen|9\n|tier|[Gen 9] National Dex Ubers\n|rule|HP Percentage Mod: HP is shown in percentages\n|rule|Endless Battle Clause: Forcing endless battles is banned\n|rule|OHKO Clause: OHKO moves are banned\n|rule|Evasion Moves Clause: Evasion moves are banned\n|rule|Evasion Items Clause: Evasion items are banned\n|rule|Species Clause: Limit one of each Pok\u00e9mon\n|rule|Sleep Clause Mod: Limit one foe put to sleep\n|rule|Mega Rayquaza Clause: You cannot mega evolve Rayquaza\n|clearpoke\n|poke|p1|Great Tusk|\n|poke|p1|Slowking, M|\n|poke|p1|Bisharp, F|\n|poke|p1|Dragapult, M|\n|poke|p1|Audino, F|\n|poke|p1|Sharpedo, M|\n|poke|p2|Dragonite, M|\n|poke|p2|Heracross, F|\n|poke|p2|Heatran, M|\n|poke|p2|Clefable, F|\n|poke|p2|Aegislash, F|\n|poke|p2|Azelf|\n|teampreview\n|c|\u2606bydotcasts|my fault og\n|c|\u2606m444rf|all good\n|j| Lunar Sloth\n|j| ZBFusion\n|j| Gran gran\n|\n|t:|1700520855\n|start\n|switch|p1a: Sharpedo|Sharpedo, M|100\/100\n|switch|p2a: Dragonite|Dragonite, M|100\/100\n|turn|1\n|\n|t:|1700520873\n|switch|p1a: Great Tusk|Great Tusk|100\/100\n|move|p2a: Dragonite|Dragon Dance|p2a: Dragonite\n|-boost|p2a: Dragonite|atk|1\n|-boost|p2a: Dragonite|spe|1\n|\n|upkeep\n|turn|2\n|\n|t:|1700520883\n|move|p2a: Dragonite|Dragon Claw|p1a: Great Tusk\n|-damage|p1a: Great Tusk|70\/100\n|move|p1a: Great Tusk|Rapid Spin|p2a: Dragonite\n|-damage|p2a: Dragonite|92\/100\n|-boost|p1a: Great Tusk|spe|1\n|\n|-heal|p1a: Great Tusk|76\/100|[from] item: Leftovers\n|upkeep\n|turn|3\n|\n|t:|1700520894\n|move|p2a: Dragonite|Dragon Claw|p1a: Great Tusk\n|-damage|p1a: Great Tusk|43\/100\n|move|p1a: Great Tusk|Ice Spinner|p2a: Dragonite\n|-supereffective|p2a: Dragonite\n|-damage|p2a: Dragonite|0 fnt\n|faint|p2a: Dragonite\n|\n|-heal|p1a: Great Tusk|49\/100|[from] item: Leftovers\n|upkeep\n|l| Gran gran\n|j| VoIteon\n|j| Demolution545\n|\n|t:|1700520907\n|switch|p2a: Heracross|Heracross, F|100\/100\n|turn|4\n|j| Gran gran\n|l| Gran gran\n|\n|t:|1700520953\n|-end|p1a: Great Tusk|Protosynthesis|[silent]\n|switch|p1a: Dragapult|Dragapult, M|100\/100\n|detailschange|p2a: Heracross|Heracross-Mega, F\n|-mega|p2a: Heracross|Heracross|Heracronite\n|move|p2a: Heracross|Close Combat|p1a: Dragapult\n|-immune|p1a: Dragapult\n|\n|upkeep\n|turn|5\n|j| Gran gran\n|\n|t:|1700520967\n|switch|p2a: Heatran|Heatran, M|100\/100\n|-item|p2a: Heatran|Air Balloon\n|move|p1a: Dragapult|Will-O-Wisp|p2a: Heatran|[miss]\n|-miss|p1a: Dragapult|p2a: Heatran\n|\n|upkeep\n|turn|6\n|\n|t:|1700520974\n|switch|p1a: Slowking|Slowking, M|100\/100\n|move|p2a: Heatran|Toxic|p1a: Slowking\n|-status|p1a: Slowking|tox\n|\n|-damage|p1a: Slowking|94\/100 tox|[from] psn\n|upkeep\n|turn|7\n|j| Smackey_5\n|l| Lunar Sloth\n|\n|t:|1700520993\n|-terastallize|p2a: Heatran|Grass\n|move|p2a: Heatran|Stealth Rock|p1a: Slowking\n|-sidestart|p1: m444rf|move: Stealth Rock\n|move|p1a: Slowking|Chilly Reception|p1a: Slowking\n|-weather|Snow\n|j| Lunar Sloth\n|\n|t:|1700521009\n|switch|p1a: Sharpedo|Sharpedo, M|100\/100|[from] Chilly Reception\n|-damage|p1a: Sharpedo|88\/100|[from] Stealth Rock\n|\n|-weather|Snow|[upkeep]\n|upkeep\n|turn|8\n|l| Gran gran\n|\n|t:|1700521023\n|switch|p2a: Heracross|Heracross-Mega, F|100\/100\n|move|p1a: Sharpedo|Flip Turn|p2a: Heracross\n|-damage|p2a: Heracross|61\/100\n|-damage|p1a: Sharpedo|78\/100|[from] item: Life Orb\n|\n|t:|1700521029\n|switch|p1a: Dragapult|Dragapult, M|100\/100|[from] Flip Turn\n|-damage|p1a: Dragapult|88\/100|[from] Stealth Rock\n|\n|-weather|Snow|[upkeep]\n|upkeep\n|turn|9\n|j| Gran gran\n|\n|t:|1700521044\n|switch|p2a: Heatran|Heatran, M, tera:Grass|100\/100\n|-item|p2a: Heatran|Air Balloon\n|-terastallize|p1a: Dragapult|Ghost\n|move|p1a: Dragapult|Shadow Ball|p2a: Heatran\n|-damage|p2a: Heatran|40\/100\n|-enditem|p2a: Heatran|Air Balloon\n|\n|-weather|Snow|[upkeep]\n|upkeep\n|turn|10\n|c| Lunar Sloth|First\n|\n|t:|1700521059\n|move|p1a: Dragapult|Shadow Ball|p2a: Heatran\n|-damage|p2a: Heatran|0 fnt\n|faint|p2a: Heatran\n|\n|-weather|Snow|[upkeep]\n|upkeep\n|\n|t:|1700521065\n|switch|p2a: Clefable|Clefable, F|100\/100\n|turn|11\n|\n|t:|1700521078\n|switch|p1a: Slowking|Slowking, M|100\/100 tox\n|-damage|p1a: Slowking|88\/100 tox|[from] Stealth Rock\n|move|p2a: Clefable|Moonblast|p1a: Slowking\n|-damage|p1a: Slowking|62\/100 tox\n|\n|-weather|none\n|-damage|p1a: Slowking|56\/100 tox|[from] psn\n|upkeep\n|turn|12\n|\n|t:|1700521088\n|move|p2a: Clefable|Calm Mind|p2a: Clefable\n|-boost|p2a: Clefable|spa|1\n|-boost|p2a: Clefable|spd|1\n|move|p1a: Slowking|Chilly Reception|p1a: Slowking\n|-weather|Snow\n|l| Gran gran\n|\n|t:|1700521090\n|switch|p1a: Audino|Audino, F|100\/100|[from] Chilly Reception\n|-damage|p1a: Audino|88\/100|[from] Stealth Rock\n|\n|-weather|Snow|[upkeep]\n|upkeep\n|turn|13\n|\n|t:|1700521098\n|detailschange|p1a: Audino|Audino-Mega, F\n|-mega|p1a: Audino|Audino|Audinite\n|move|p1a: Audino|Encore|p2a: Clefable\n|-start|p2a: Clefable|Encore\n|move|p2a: Clefable|Calm Mind|p2a: Clefable\n|-boost|p2a: Clefable|spa|1\n|-boost|p2a: Clefable|spd|1\n|\n|-weather|Snow|[upkeep]\n|upkeep\n|turn|14\n|c| VoIteon|here we go again\n|\n|t:|1700521106\n|move|p1a: Audino|Calm Mind|p1a: Audino\n|-boost|p1a: Audino|spa|1\n|-boost|p1a: Audino|spd|1\n|move|p2a: Clefable|Calm Mind|p2a: Clefable\n|-boost|p2a: Clefable|spa|1\n|-boost|p2a: Clefable|spd|1\n|\n|-weather|Snow|[upkeep]\n|upkeep\n|turn|15\n|\n|t:|1700521112\n|move|p1a: Audino|Calm Mind|p1a: Audino\n|-boost|p1a: Audino|spa|1\n|-boost|p1a: Audino|spd|1\n|move|p2a: Clefable|Calm Mind|p2a: Clefable\n|-boost|p2a: Clefable|spa|1\n|-boost|p2a: Clefable|spd|1\n|\n|-weather|Snow|[upkeep]\n|-end|p2a: Clefable|Encore\n|upkeep\n|turn|16\n|\n|t:|1700521121\n|move|p1a: Audino|Encore|p2a: Clefable\n|-start|p2a: Clefable|Encore\n|move|p2a: Clefable|Calm Mind|p2a: Clefable\n|-boost|p2a: Clefable|spa|1\n|-boost|p2a: Clefable|spd|1\n|\n|-weather|none\n|upkeep\n|turn|17\n|\n|t:|1700521126\n|move|p1a: Audino|Dazzling Gleam|p2a: Clefable\n|-damage|p2a: Clefable|89\/100\n|-enditem|p2a: Clefable|Red Card|[of] p1a: Audino\n|drag|p1a: Great Tusk|Great Tusk|49\/100\n|-damage|p1a: Great Tusk|46\/100|[from] Stealth Rock\n|move|p2a: Clefable|Calm Mind|p2a: Clefable\n|-boost|p2a: Clefable|spa|1\n|-boost|p2a: Clefable|spd|1\n|\n|-heal|p1a: Great Tusk|52\/100|[from] item: Leftovers\n|upkeep\n|turn|18\n|c| Lunar Sloth|Oop\n|c|\u2606bydotcasts|dumbass\n|\n|t:|1700521138\n|-end|p1a: Great Tusk|Protosynthesis|[silent]\n|switch|p1a: Audino|Audino-Mega, F|88\/100\n|-damage|p1a: Audino|76\/100|[from] Stealth Rock\n|move|p2a: Clefable|Calm Mind|p2a: Clefable\n|-boost|p2a: Clefable|spa|0\n|-boost|p2a: Clefable|spd|0\n|\n|-end|p2a: Clefable|Encore\n|upkeep\n|turn|19\n|c|\u2606bydotcasts|looks like im tyhe dumbass\n|\n|t:|1700521155\n|switch|p2a: Aegislash|Aegislash, F, shiny|100\/100\n|move|p1a: Audino|Encore||[still]\n|-fail|p1a: Audino\n|\n|upkeep\n|turn|20\n|c|\u2606m444rf|lol\n|\n|t:|1700521163\n|switch|p1a: Great Tusk|Great Tusk|52\/100\n|-damage|p1a: Great Tusk|49\/100|[from] Stealth Rock\n|-formechange|p2a: Aegislash|Aegislash-Blade||[from] ability: Stance Change\n|move|p2a: Aegislash|Flash Cannon|p1a: Great Tusk\n|-damage|p1a: Great Tusk|2\/100\n|\n|-heal|p1a: Great Tusk|8\/100|[from] item: Leftovers\n|upkeep\n|turn|21\n|\n|t:|1700521173\n|-formechange|p2a: Aegislash|Aegislash||[from] ability: Stance Change\n|move|p2a: Aegislash|King's Shield|p2a: Aegislash\n|-singleturn|p2a: Aegislash|Protect\n|move|p1a: Great Tusk|Earthquake|p2a: Aegislash\n|-activate|p2a: Aegislash|move: Protect\n|\n|-heal|p1a: Great Tusk|14\/100|[from] item: Leftovers\n|upkeep\n|turn|22\n|inactive|Battle timer is ON: inactive players will automatically lose when time's up. (requested by bydotcasts)\n|\n|t:|1700521185\n|switch|p2a: Azelf|Azelf|100\/100\n|move|p1a: Great Tusk|Earthquake|p2a: Azelf\n|-immune|p2a: Azelf|[from] ability: Levitate\n|\n|-heal|p1a: Great Tusk|20\/100|[from] item: Leftovers\n|upkeep\n|turn|23\n|\n|t:|1700521195\n|-end|p1a: Great Tusk|Protosynthesis|[silent]\n|switch|p1a: Bisharp|Bisharp, F|100\/100\n|-damage|p1a: Bisharp|95\/100|[from] Stealth Rock\n|move|p2a: Azelf|Dazzling Gleam|p1a: Bisharp\n|-damage|p1a: Bisharp|60\/100\n|\n|upkeep\n|turn|24\n|\n|t:|1700521206\n|-activate|p2a: Azelf|move: Pursuit\n|move|p1a: Bisharp|Pursuit|p2a: Azelf|[from]Pursuit\n|-supereffective|p2a: Azelf\n|-damage|p2a: Azelf|0 fnt\n|faint|p2a: Azelf\n|-hint|A Pokemon can't switch between when it runs out of HP and when it faints\n|\n|upkeep\n|\n|t:|1700521211\n|switch|p2a: Clefable|Clefable, F|89\/100\n|turn|25\n|j| MiniBearGrahams\n|l| MiniBearGrahams\n|inactive|m444rf has 270 seconds left.\n|\n|t:|1700521252\n|switch|p1a: Slowking|Slowking, M|89\/100 tox\n|-damage|p1a: Slowking|77\/100 tox|[from] Stealth Rock\n|move|p2a: Clefable|Thunder Wave||[still]\n|-fail|p2a: Clefable\n|\n|-damage|p1a: Slowking|71\/100 tox|[from] psn\n|upkeep\n|turn|26\n|\n|t:|1700521261\n|move|p2a: Clefable|Moonblast|p1a: Slowking\n|-damage|p1a: Slowking|44\/100 tox\n|-unboost|p1a: Slowking|spa|1\n|move|p1a: Slowking|Chilly Reception|p1a: Slowking\n|-weather|Snow\n|inactive|m444rf has 270 seconds left.\n|\n|t:|1700521273\n|switch|p1a: Sharpedo|Sharpedo, M|78\/100|[from] Chilly Reception\n|-damage|p1a: Sharpedo|66\/100|[from] Stealth Rock\n|\n|-weather|Snow|[upkeep]\n|upkeep\n|turn|27\n|\n|t:|1700521278\n|move|p1a: Sharpedo|Flip Turn|p2a: Clefable\n|-damage|p2a: Clefable|58\/100\n|-damage|p1a: Sharpedo|56\/100|[from] item: Life Orb\n|\n|t:|1700521280\n|switch|p1a: Great Tusk|Great Tusk|20\/100|[from] Flip Turn\n|-damage|p1a: Great Tusk|17\/100|[from] Stealth Rock\n|move|p2a: Clefable|Thunder Wave|p1a: Great Tusk\n|-immune|p1a: Great Tusk\n|\n|-weather|Snow|[upkeep]\n|-heal|p1a: Great Tusk|24\/100|[from] item: Leftovers\n|upkeep\n|turn|28\n|\n|t:|1700521291\n|move|p1a: Great Tusk|Earthquake|p2a: Clefable\n|-damage|p2a: Clefable|22\/100\n|move|p2a: Clefable|Soft-Boiled|p2a: Clefable\n|-heal|p2a: Clefable|72\/100\n|\n|-weather|Snow|[upkeep]\n|-heal|p1a: Great Tusk|30\/100|[from] item: Leftovers\n|upkeep\n|turn|29\n|\n|t:|1700521299\n|move|p1a: Great Tusk|Earthquake|p2a: Clefable\n|-damage|p2a: Clefable|37\/100\n|move|p2a: Clefable|Moonblast|p1a: Great Tusk\n|-supereffective|p1a: Great Tusk\n|-damage|p1a: Great Tusk|0 fnt\n|faint|p1a: Great Tusk\n|-end|p1a: Great Tusk|Protosynthesis|[silent]\n|\n|-weather|Snow|[upkeep]\n|upkeep\n|\n|t:|1700521303\n|switch|p1a: Bisharp|Bisharp, F|60\/100\n|-damage|p1a: Bisharp|54\/100|[from] Stealth Rock\n|turn|30\n|\n|t:|1700521310\n|move|p1a: Bisharp|Iron Head|p2a: Clefable\n|-supereffective|p2a: Clefable\n|-crit|p2a: Clefable\n|-damage|p2a: Clefable|0 fnt\n|faint|p2a: Clefable\n|\n|-weather|none\n|upkeep\n|\n|t:|1700521318\n|switch|p2a: Aegislash|Aegislash, F, shiny|100\/100\n|turn|31\n|\n|t:|1700521345\n|move|p1a: Bisharp|Sucker Punch||[still]\n|-fail|p1a: Bisharp\n|move|p2a: Aegislash|Substitute|p2a: Aegislash\n|-start|p2a: Aegislash|Substitute\n|-damage|p2a: Aegislash|76\/100\n|\n|-heal|p2a: Aegislash|82\/100|[from] item: Leftovers\n|upkeep\n|turn|32\n|\n|t:|1700521360\n|move|p2a: Aegislash|King's Shield|p2a: Aegislash\n|-singleturn|p2a: Aegislash|Protect\n|move|p1a: Bisharp|Knock Off|p2a: Aegislash\n|-activate|p2a: Aegislash|move: Protect\n|-unboost|p1a: Bisharp|atk|1\n|-ability|p1a: Bisharp|Defiant|boost\n|-boost|p1a: Bisharp|atk|2\n|\n|-heal|p2a: Aegislash|88\/100|[from] item: Leftovers\n|upkeep\n|turn|33\n|\n|t:|1700521370\n|move|p1a: Bisharp|Knock Off|p2a: Aegislash\n|-supereffective|p2a: Aegislash\n|-end|p2a: Aegislash|Substitute\n|-formechange|p2a: Aegislash|Aegislash-Blade||[from] ability: Stance Change\n|move|p2a: Aegislash|Sacred Sword|p1a: Bisharp\n|-supereffective|p1a: Bisharp\n|-damage|p1a: Bisharp|0 fnt\n|faint|p1a: Bisharp\n|\n|-heal|p2a: Aegislash|94\/100|[from] item: Leftovers\n|upkeep\n|\n|t:|1700521381\n|switch|p1a: Sharpedo|Sharpedo, M|56\/100\n|-damage|p1a: Sharpedo|43\/100|[from] Stealth Rock\n|turn|34\n|\n|t:|1700521386\n|-formechange|p2a: Aegislash|Aegislash||[from] ability: Stance Change\n|move|p2a: Aegislash|King's Shield|p2a: Aegislash\n|-singleturn|p2a: Aegislash|Protect\n|move|p1a: Sharpedo|Crunch|p2a: Aegislash\n|-activate|p2a: Aegislash|move: Protect\n|-unboost|p1a: Sharpedo|atk|1\n|\n|-heal|p2a: Aegislash|100\/100|[from] item: Leftovers\n|-ability|p1a: Sharpedo|Speed Boost|boost\n|-boost|p1a: Sharpedo|spe|1\n|upkeep\n|turn|35\n|l| Lunar Sloth\n|\n|t:|1700521399\n|move|p1a: Sharpedo|Flip Turn|p2a: Aegislash\n|-damage|p2a: Aegislash|76\/100\n|-damage|p1a: Sharpedo|33\/100|[from] item: Life Orb\n|j| Gran gran\n|\n|t:|1700521422\n|switch|p1a: Slowking|Slowking, M|78\/100 tox|[from] Flip Turn\n|-damage|p1a: Slowking|65\/100 tox|[from] Stealth Rock\n|-formechange|p2a: Aegislash|Aegislash-Blade||[from] ability: Stance Change\n|move|p2a: Aegislash|Sacred Sword|p1a: Slowking\n|-resisted|p1a: Slowking\n|-damage|p1a: Slowking|50\/100 tox\n|\n|-heal|p2a: Aegislash|83\/100|[from] item: Leftovers\n|-damage|p1a: Slowking|44\/100 tox|[from] psn\n|upkeep\n|turn|36\n|\n|t:|1700521434\n|move|p2a: Aegislash|Substitute|p2a: Aegislash\n|-start|p2a: Aegislash|Substitute\n|-damage|p2a: Aegislash|58\/100\n|move|p1a: Slowking|Chilly Reception|p1a: Slowking\n|-weather|Snow\n|\n|t:|1700521440\n|switch|p1a: Sharpedo|Sharpedo, M|33\/100|[from] Chilly Reception\n|-damage|p1a: Sharpedo|21\/100|[from] Stealth Rock\n|\n|-weather|Snow|[upkeep]\n|-heal|p2a: Aegislash|64\/100|[from] item: Leftovers\n|upkeep\n|turn|37\n|\n|t:|1700521447\n|move|p1a: Sharpedo|Flip Turn|p2a: Aegislash\n|-end|p2a: Aegislash|Substitute\n|-damage|p1a: Sharpedo|11\/100|[from] item: Life Orb\n|\n|t:|1700521449\n|switch|p1a: Slowking|Slowking, M|77\/100 tox|[from] Flip Turn\n|-damage|p1a: Slowking|65\/100 tox|[from] Stealth Rock\n|move|p2a: Aegislash|Sacred Sword|p1a: Slowking\n|-resisted|p1a: Slowking\n|-damage|p1a: Slowking|49\/100 tox\n|\n|-weather|Snow|[upkeep]\n|-heal|p2a: Aegislash|70\/100|[from] item: Leftovers\n|-damage|p1a: Slowking|43\/100 tox|[from] psn\n|upkeep\n|turn|38\n|inactive|bydotcasts has 270 seconds left.\n|l| Gran gran\n|\n|t:|1700521497\n|move|p2a: Aegislash|Sacred Sword|p1a: Slowking\n|-resisted|p1a: Slowking\n|-damage|p1a: Slowking|29\/100 tox\n|move|p1a: Slowking|Chilly Reception|p1a: Slowking\n|inactive|m444rf has 270 seconds left.\n|j| Gran gran\n|inactive|m444rf has 240 seconds left.\n|l| Smackey_5\n|\n|t:|1700521578\n|switch|p1a: Dragapult|Dragapult, M, tera:Ghost|88\/100|[from] Chilly Reception\n|-damage|p1a: Dragapult|76\/100|[from] Stealth Rock\n|\n|-weather|Snow|[upkeep]\n|-heal|p2a: Aegislash|76\/100|[from] item: Leftovers\n|upkeep\n|turn|39\n|c|\u2606m444rf|bro\n|c|\u2606m444rf|im a fool\n|\n|t:|1700521599\n|move|p1a: Dragapult|Shadow Ball|p2a: Aegislash\n|-supereffective|p2a: Aegislash\n|-damage|p2a: Aegislash|0 fnt\n|faint|p2a: Aegislash\n|\n|-weather|Snow|[upkeep]\n|upkeep\n|c|\u2606m444rf|i didnt realize u dont have shadow sneak this whole time\n|\n|t:|1700521607\n|switch|p2a: Heracross|Heracross-Mega, F|61\/100\n|turn|40\n|\n|t:|1700521624\n|move|p1a: Dragapult|Shadow Ball|p2a: Heracross\n|-damage|p2a: Heracross|0 fnt\n|faint|p2a: Heracross\n|\n|win|m444rf\n|c|\u2606bydotcasts|GGs\n|c|\u2606m444rf|ggs\n","uploadtime":1700521633,"views":12,"p1id":"m444rf","p2id":"bydotcasts","formatid":"gen9nationaldexubers","rating":0,"private":0,"password":""}