{"id":"gen9nationaldexubers-1999124085","p1":"FroaklintheFroakie","p2":"Oraclus","format":"[Gen 9] National Dex Ubers","log":"|j|\u2606FroaklintheFroakie\n|j|\u2606Oraclus\n|t:|1701035720\n|gametype|singles\n|player|p1|FroaklintheFroakie|n|\n|player|p2|Oraclus|101|\n|teamsize|p1|6\n|teamsize|p2|6\n|gen|9\n|tier|[Gen 9] National Dex Ubers\n|rule|HP Percentage Mod: HP is shown in percentages\n|rule|Endless Battle Clause: Forcing endless battles is banned\n|rule|OHKO Clause: OHKO moves are banned\n|rule|Evasion Moves Clause: Evasion moves are banned\n|rule|Evasion Items Clause: Evasion items are banned\n|rule|Species Clause: Limit one of each Pok\u00e9mon\n|rule|Sleep Clause Mod: Limit one foe put to sleep\n|rule|Mega Rayquaza Clause: You cannot mega evolve Rayquaza\n|clearpoke\n|poke|p1|Melmetal|\n|poke|p1|Mimikyu, F|\n|poke|p1|Araquanid, M|\n|poke|p1|Kommo-o, M|\n|poke|p1|Meowscarada, M|\n|poke|p1|Ampharos, M|\n|poke|p2|Breloom, F|\n|poke|p2|Coalossal, F|\n|poke|p2|Torterra, F|\n|poke|p2|Venusaur, F|\n|poke|p2|Ogerpon-Cornerstone, F|\n|poke|p2|Shaymin-Sky|\n|teampreview\n|inactive|Battle timer is ON: inactive players will automatically lose when time's up. (requested by FroaklintheFroakie)\n|inactive|Oraclus also wants the timer to be on.\n|\n|t:|1701035726\n|start\n|switch|p1a: Araquanid|Araquanid, M, shiny|100\/100\n|switch|p2a: Ogerpon|Ogerpon-Cornerstone, F|100\/100\n|turn|1\n|c|\u2606FroaklintheFroakie|Ah there we go\n|\n|t:|1701035747\n|move|p2a: Ogerpon|Swords Dance|p2a: Ogerpon\n|-boost|p2a: Ogerpon|atk|2\n|move|p1a: Araquanid|Sticky Web|p2a: Ogerpon\n|-sidestart|p2: Oraclus|move: Sticky Web\n|\n|upkeep\n|turn|2\n|\n|t:|1701035754\n|move|p2a: Ogerpon|Knock Off|p1a: Araquanid\n|-damage|p1a: Araquanid|14\/100\n|-enditem|p1a: Araquanid|Leftovers|[from] move: Knock Off|[of] p2a: Ogerpon\n|move|p1a: Araquanid|Aqua Ring|p1a: Araquanid\n|-start|p1a: Araquanid|Aqua Ring\n|\n|-heal|p1a: Araquanid|20\/100|[from] Aqua Ring\n|upkeep\n|turn|3\n|\n|t:|1701035762\n|move|p2a: Ogerpon|Trailblaze|p1a: Araquanid\n|-crit|p1a: Araquanid\n|-damage|p1a: Araquanid|0 fnt\n|-boost|p2a: Ogerpon|spe|1\n|faint|p1a: Araquanid\n|\n|upkeep\n|\n|t:|1701035772\n|switch|p1a: Mimikyu|Mimikyu, F|100\/100\n|turn|4\n|\n|t:|1701035778\n|move|p2a: Ogerpon|Knock Off|p1a: Mimikyu\n|-activate|p1a: Mimikyu|ability: Disguise\n|-damage|p1a: Mimikyu|100\/100\n|detailschange|p1a: Mimikyu|Mimikyu-Busted, F\n|-damage|p1a: Mimikyu|88\/100|[from] pokemon: Mimikyu-Busted\n|-zpower|p1a: Mimikyu\n|move|p1a: Mimikyu|Let's Snuggle Forever|p2a: Ogerpon|[zeffect]\n|-ability|p2a: Ogerpon|Sturdy\n|-damage|p2a: Ogerpon|1\/100\n|\n|upkeep\n|turn|5\n|\n|t:|1701035792\n|move|p1a: Mimikyu|Shadow Sneak|p2a: Ogerpon\n|-damage|p2a: Ogerpon|0 fnt\n|faint|p2a: Ogerpon\n|\n|upkeep\n|\n|t:|1701035805\n|switch|p2a: Shaymin|Shaymin-Sky, shiny|100\/100\n|turn|6\n|\n|t:|1701035813\n|move|p2a: Shaymin|Air Slash|p1a: Mimikyu\n|-damage|p1a: Mimikyu|44\/100\n|cant|p1a: Mimikyu|flinch\n|\n|upkeep\n|turn|7\n|\n|t:|1701035819\n|move|p1a: Mimikyu|Shadow Sneak|p2a: Shaymin\n|-damage|p2a: Shaymin|79\/100\n|move|p2a: Shaymin|Air Slash|p1a: Mimikyu\n|-damage|p1a: Mimikyu|0 fnt\n|faint|p1a: Mimikyu\n|\n|upkeep\n|\n|t:|1701035829\n|switch|p1a: Ampharos|Ampharos, M|100\/100\n|turn|8\n|\n|t:|1701035835\n|detailschange|p1a: Ampharos|Ampharos-Mega, M\n|-mega|p1a: Ampharos|Ampharos|Ampharosite\n|-ability|p1a: Ampharos|Mold Breaker\n|move|p2a: Shaymin|Earth Power|p1a: Ampharos\n|-supereffective|p1a: Ampharos\n|-damage|p1a: Ampharos|41\/100\n|-unboost|p1a: Ampharos|spd|1\n|move|p1a: Ampharos|Power Gem|p2a: Shaymin\n|-supereffective|p2a: Shaymin\n|-damage|p2a: Shaymin|0 fnt\n|faint|p2a: Shaymin\n|\n|upkeep\n|\n|t:|1701035846\n|switch|p2a: Breloom|Breloom, F, shiny|100\/100\n|-activate|p2a: Breloom|move: Sticky Web\n|-unboost|p2a: Breloom|spe|1\n|turn|9\n|\n|t:|1701035855\n|move|p2a: Breloom|Mach Punch|p1a: Ampharos\n|-damage|p1a: Ampharos|9\/100\n|move|p1a: Ampharos|Dragon Pulse|p2a: Breloom\n|-crit|p2a: Breloom\n|-enditem|p2a: Breloom|Focus Sash\n|-damage|p2a: Breloom|1\/100\n|\n|upkeep\n|turn|10\n|\n|t:|1701035863\n|move|p2a: Breloom|Mach Punch|p1a: Ampharos\n|-damage|p1a: Ampharos|0 fnt\n|faint|p1a: Ampharos\n|\n|upkeep\n|\n|t:|1701035871\n|switch|p1a: Meowscarada|Meowscarada, M, shiny|100\/100\n|turn|11\n|\n|t:|1701035878\n|move|p2a: Breloom|Mach Punch|p1a: Meowscarada\n|-supereffective|p1a: Meowscarada\n|-damage|p1a: Meowscarada|0 fnt\n|faint|p1a: Meowscarada\n|\n|upkeep\n|\n|t:|1701035886\n|switch|p1a: Melmetal|Melmetal|100\/100\n|turn|12\n|c|\u2606Oraclus|oh my god, I didn't think breloom would beat meowscarada\n|\n|t:|1701035906\n|move|p2a: Breloom|Mach Punch|p1a: Melmetal\n|-supereffective|p1a: Melmetal\n|-damage|p1a: Melmetal|62\/100\n|move|p1a: Melmetal|Ice Punch|p2a: Breloom\n|-supereffective|p2a: Breloom\n|-damage|p2a: Breloom|0 fnt\n|faint|p2a: Breloom\n|\n|upkeep\n|\n|t:|1701035911\n|switch|p2a: Coalossal|Coalossal, F, shiny|100\/100\n|-activate|p2a: Coalossal|move: Sticky Web\n|-unboost|p2a: Coalossal|spe|1\n|turn|13\n|\n|t:|1701035929\n|-terastallize|p2a: Coalossal|Grass\n|move|p1a: Melmetal|Double Iron Bash|p2a: Coalossal\n|-damage|p2a: Coalossal|67\/100\n|-damage|p2a: Coalossal|31\/100\n|-hitcount|p2a: Coalossal|2\n|cant|p2a: Coalossal|flinch\n|\n|upkeep\n|turn|14\n|\n|t:|1701035937\n|move|p1a: Melmetal|Ice Punch|p2a: Coalossal\n|-supereffective|p2a: Coalossal\n|-damage|p2a: Coalossal|0 fnt\n|faint|p2a: Coalossal\n|\n|upkeep\n|\n|t:|1701035940\n|switch|p2a: Venusaur|Venusaur, F, shiny|100\/100\n|-activate|p2a: Venusaur|move: Sticky Web\n|-unboost|p2a: Venusaur|spe|1\n|turn|15\n|\n|t:|1701035946\n|detailschange|p2a: Venusaur|Venusaur-Mega, F, shiny\n|-mega|p2a: Venusaur|Venusaur|Venusaurite\n|move|p2a: Venusaur|Earth Power|p1a: Melmetal\n|-supereffective|p1a: Melmetal\n|-crit|p1a: Melmetal\n|-damage|p1a: Melmetal|0 fnt\n|faint|p1a: Melmetal\n|\n|upkeep\n|\n|t:|1701035953\n|switch|p1a: Kommo-o|Kommo-o, M, shiny|100\/100\n|turn|16\n|\n|t:|1701035957\n|move|p1a: Kommo-o|Iron Head|p2a: Venusaur\n|-damage|p2a: Venusaur|81\/100\n|cant|p2a: Venusaur|flinch\n|\n|upkeep\n|turn|17\n|\n|t:|1701035963\n|move|p1a: Kommo-o|Iron Head|p2a: Venusaur\n|-damage|p2a: Venusaur|63\/100\n|move|p2a: Venusaur|Sludge Bomb|p1a: Kommo-o\n|-immune|p1a: Kommo-o|[from] ability: Bulletproof\n|\n|upkeep\n|turn|18\n|\n|t:|1701035969\n|move|p1a: Kommo-o|Clangorous Soul|p1a: Kommo-o\n|-boost|p1a: Kommo-o|atk|1\n|-boost|p1a: Kommo-o|def|1\n|-boost|p1a: Kommo-o|spa|1\n|-boost|p1a: Kommo-o|spd|1\n|-boost|p1a: Kommo-o|spe|1\n|-damage|p1a: Kommo-o|68\/100\n|move|p2a: Venusaur|Leech Seed|p1a: Kommo-o\n|-start|p1a: Kommo-o|move: Leech Seed\n|\n|-heal|p1a: Kommo-o|74\/100|[from] item: Leftovers\n|-damage|p1a: Kommo-o|61\/100|[from] Leech Seed|[of] p2a: Venusaur\n|-heal|p2a: Venusaur|73\/100|[silent]\n|upkeep\n|turn|19\n|\n|t:|1701035981\n|move|p2a: Venusaur|Earth Power|p1a: Kommo-o\n|-damage|p1a: Kommo-o|43\/100\n|move|p1a: Kommo-o|Dragon Tail|p2a: Venusaur\n|-damage|p2a: Venusaur|40\/100\n|drag|p2a: Torterra|Torterra, F, shiny|100\/100\n|-activate|p2a: Torterra|move: Sticky Web\n|-unboost|p2a: Torterra|spe|1\n|\n|-heal|p1a: Kommo-o|49\/100|[from] item: Leftovers\n|-damage|p1a: Kommo-o|37\/100|[from] Leech Seed|[of] p2a: Torterra\n|upkeep\n|turn|20\n|\n|t:|1701035994\n|move|p1a: Kommo-o|Drain Punch|p2a: Torterra\n|-damage|p2a: Torterra|49\/100\n|-heal|p1a: Kommo-o|66\/100|[from] drain|[of] p2a: Torterra\n|move|p2a: Torterra|Headlong Rush|p1a: Kommo-o\n|-crit|p1a: Kommo-o\n|-damage|p1a: Kommo-o|0 fnt\n|-unboost|p2a: Torterra|def|1\n|-unboost|p2a: Torterra|spd|1\n|faint|p1a: Kommo-o\n|\n|win|Oraclus\n","uploadtime":1701036001,"views":2,"p1id":"froaklinthefroakie","p2id":"oraclus","formatid":"gen9nationaldexubers","rating":0,"private":0,"password":""}