{"id":"gen9nationaldexubers-1993935316","p1":"Factor64","p2":"gran gran","format":"[Gen 9] National Dex Ubers","log":"|j|\u2606Factor64\n|j|\u2606gran gran\n|t:|1700378346\n|gametype|singles\n|player|p1|Factor64|red-gen2|\n|player|p2|gran gran|2|\n|teamsize|p1|6\n|teamsize|p2|6\n|gen|9\n|tier|[Gen 9] National Dex Ubers\n|rule|HP Percentage Mod: HP is shown in percentages\n|rule|Endless Battle Clause: Forcing endless battles is banned\n|rule|OHKO Clause: OHKO moves are banned\n|rule|Evasion Moves Clause: Evasion moves are banned\n|rule|Evasion Items Clause: Evasion items are banned\n|rule|Species Clause: Limit one of each Pok\u00e9mon\n|rule|Sleep Clause Mod: Limit one foe put to sleep\n|rule|Mega Rayquaza Clause: You cannot mega evolve Rayquaza\n|clearpoke\n|poke|p1|Tyranitar, M|\n|poke|p1|Jellicent, M|\n|poke|p1|Rotom-Heat|\n|poke|p1|Toxapex, F|\n|poke|p1|Ogerpon, F|\n|poke|p1|Sawk, M|\n|poke|p2|Blaziken, M|\n|poke|p2|Chansey, F|\n|poke|p2|Gastrodon, M|\n|poke|p2|Rillaboom, F|\n|poke|p2|Skarmory, M|\n|poke|p2|Nidoking, M|\n|teampreview\n|j| Lunar Sloth\n|j| Demolution545\n|j| ColdSobaNoodle\n|c| Lunar Sloth|smackey isnt here so i dont feel joy typing first..\n|j| VoIteon\n|c| VoIteon|first\n|c| ColdSobaNoodle|nice\n|c| Lunar Sloth|x\n|j| jakeuhd\n|c| Lunar Sloth|jakeuhd\n|\n|t:|1700378463\n|start\n|switch|p1a: Ogerpon|Ogerpon, F|100\/100\n|switch|p2a: Nidoking|Nidoking, M, shiny|100\/100\n|turn|1\n|l| jakeuhd\n|\n|t:|1700378531\n|move|p1a: Ogerpon|Zen Headbutt|p2a: Nidoking\n|-supereffective|p2a: Nidoking\n|-damage|p2a: Nidoking|0 fnt\n|faint|p2a: Nidoking\n|\n|upkeep\n|c| ColdSobaNoodle|UH\n|c| ColdSobaNoodle|Hm\n|c| Demolution545|you bullied jake lunar\n|c| Lunar Sloth|my bad\n|c| VoIteon|he felt like he wasnt welcome\n|c| VoIteon|i cant belive u\n|c| Lunar Sloth|i just said his name...\n|\n|t:|1700378579\n|switch|p2a: Rillaboom|Rillaboom, F, shiny|100\/100\n|-fieldstart|move: Grassy Terrain|[from] ability: Grassy Surge|[of] p2a: Rillaboom\n|turn|2\n|c| Demolution545|belive..\n|c| VoIteon|i would have a heart attack if u said my name\n|c| ColdSobaNoodle|Whoever he was, you made his day worse by saying his name. SHAME\n|c| Lunar Sloth|voiteon voiteon voiteon\n|c| VoIteon|who does it show blue\n|\n|t:|1700378609\n|switch|p1a: Rotom|Rotom-Heat|100\/100\n|move|p2a: Rillaboom|U-turn|p1a: Rotom\n|-resisted|p1a: Rotom\n|-damage|p1a: Rotom|81\/100\n|c| VoIteon|i never seen that before\n|c| Demolution545|now this is welcomed bullying\n|\n|t:|1700378620\n|switch|p2a: Gastrodon|Gastrodon, M|100\/100|[from] U-turn\n|\n|upkeep\n|turn|3\n|\n|t:|1700378624\n|switch|p1a: Jellicent|Jellicent, M|100\/100\n|move|p2a: Gastrodon|Scald|p1a: Jellicent\n|-resisted|p1a: Jellicent\n|-damage|p1a: Jellicent|93\/100\n|\n|-heal|p1a: Jellicent|99\/100|[from] Grassy Terrain\n|-heal|p1a: Jellicent|100\/100|[from] item: Leftovers\n|upkeep\n|turn|4\n|c| VoIteon|Demolution545\n|\n|t:|1700378638\n|switch|p2a: Skarmory|Skarmory, M|100\/100\n|move|p1a: Jellicent|Taunt|p2a: Skarmory\n|-start|p2a: Skarmory|move: Taunt\n|\n|upkeep\n|turn|5\n|c| Lunar Sloth|lunar sloth\n|c| ColdSobaNoodle|Lunar Sloth.\n|c|\u2606gran gran|im going to cry\n|\n|t:|1700378664\n|switch|p2a: Gastrodon|Gastrodon, M|100\/100\n|switch|p1a: Rotom|Rotom-Heat|81\/100\n|\n|upkeep\n|turn|6\n|\n|t:|1700378671\n|switch|p1a: Jellicent|Jellicent, M|100\/100\n|move|p2a: Gastrodon|Stealth Rock|p1a: Jellicent\n|-sidestart|p1: Factor64|move: Stealth Rock\n|\n|-fieldend|move: Grassy Terrain\n|upkeep\n|turn|7\n|\n|t:|1700378675\n|move|p1a: Jellicent|Toxic|p2a: Gastrodon\n|-status|p2a: Gastrodon|tox\n|move|p2a: Gastrodon|Earth Power|p1a: Jellicent\n|-damage|p1a: Jellicent|81\/100\n|-start|p2a: Gastrodon|Disable|Earth Power|[from] ability: Cursed Body|[of] p1a: Jellicent\n|\n|-heal|p1a: Jellicent|87\/100|[from] item: Leftovers\n|-damage|p2a: Gastrodon|94\/100 tox|[from] psn\n|upkeep\n|turn|8\n|c| Lunar Sloth|this jellicent is putting in work\n|\n|t:|1700378704\n|switch|p1a: Ogerpon|Ogerpon, F|100\/100\n|-damage|p1a: Ogerpon|88\/100|[from] Stealth Rock\n|switch|p2a: Skarmory|Skarmory, M|100\/100\n|\n|upkeep\n|turn|9\n|c| ColdSobaNoodle|I appreciate it being the pringles man Jellicent\n|\n|t:|1700378711\n|move|p1a: Ogerpon|U-turn|p2a: Skarmory\n|-resisted|p2a: Skarmory\n|-damage|p2a: Skarmory|96\/100\n|\n|t:|1700378720\n|switch|p1a: Rotom|Rotom-Heat|81\/100|[from] U-turn\n|move|p2a: Skarmory|Whirlwind|p1a: Rotom\n|drag|p1a: Tyranitar|Tyranitar, M|100\/100\n|-damage|p1a: Tyranitar|88\/100|[from] Stealth Rock\n|-weather|Sandstorm|[from] ability: Sand Stream|[of] p1a: Tyranitar\n|\n|-weather|Sandstorm|[upkeep]\n|-heal|p2a: Skarmory|100\/100|[from] item: Leftovers\n|upkeep\n|turn|10\n|l| VoIteon\n|c| ColdSobaNoodle|Fabulous mustache\n|j| VoIteon\n|\n|t:|1700378733\n|switch|p1a: Jellicent|Jellicent, M|87\/100\n|-damage|p1a: Jellicent|75\/100|[from] Stealth Rock\n|move|p2a: Skarmory|Body Press|p1a: Jellicent\n|-immune|p1a: Jellicent\n|\n|-weather|Sandstorm|[upkeep]\n|-damage|p1a: Jellicent|69\/100|[from] Sandstorm\n|-heal|p1a: Jellicent|75\/100|[from] item: Leftovers\n|upkeep\n|turn|11\n|\n|t:|1700378740\n|switch|p2a: Gastrodon|Gastrodon, M|94\/100 tox\n|move|p1a: Jellicent|Strength Sap|p2a: Gastrodon\n|-unboost|p2a: Gastrodon|atk|1\n|-heal|p1a: Jellicent|100\/100\n|\n|-weather|Sandstorm|[upkeep]\n|-damage|p1a: Jellicent|94\/100|[from] Sandstorm\n|-heal|p1a: Jellicent|100\/100|[from] item: Leftovers\n|-heal|p2a: Gastrodon|100\/100 tox|[from] item: Leftovers\n|-damage|p2a: Gastrodon|94\/100 tox|[from] psn\n|upkeep\n|turn|12\n|\n|t:|1700378746\n|switch|p1a: Ogerpon|Ogerpon, F|88\/100\n|-damage|p1a: Ogerpon|76\/100|[from] Stealth Rock\n|move|p2a: Gastrodon|Earth Power|p1a: Ogerpon\n|-resisted|p1a: Ogerpon\n|-damage|p1a: Ogerpon|60\/100\n|\n|-weather|Sandstorm|[upkeep]\n|-damage|p1a: Ogerpon|54\/100|[from] Sandstorm\n|-heal|p2a: Gastrodon|100\/100 tox|[from] item: Leftovers\n|-damage|p2a: Gastrodon|88\/100 tox|[from] psn\n|upkeep\n|turn|13\n|\n|t:|1700378753\n|switch|p2a: Skarmory|Skarmory, M|100\/100\n|move|p1a: Ogerpon|U-turn|p2a: Skarmory\n|-resisted|p2a: Skarmory\n|-damage|p2a: Skarmory|96\/100\n|c| ColdSobaNoodle|It gets strength sap?\n|\n|t:|1700378757\n|switch|p1a: Sawk|Sawk, M, shiny|100\/100|[from] U-turn\n|-damage|p1a: Sawk|94\/100|[from] Stealth Rock\n|\n|-weather|none\n|-heal|p2a: Skarmory|100\/100|[from] item: Leftovers\n|upkeep\n|turn|14\n|c| Demolution545|atleast mine is better\n|c| Lunar Sloth|ya\n|c| ColdSobaNoodle|sheeeesh\n|c| Lunar Sloth|cool mon\n|c| Lunar Sloth|hes in...\n|c| ColdSobaNoodle|Anyone go to the Sawk convention....?\n|\n|t:|1700378813\n|move|p1a: Sawk|Close Combat|p2a: Skarmory\n|-damage|p2a: Skarmory|40\/100\n|-unboost|p1a: Sawk|def|1\n|-unboost|p1a: Sawk|spd|1\n|move|p2a: Skarmory|Whirlwind|p1a: Sawk\n|drag|p1a: Jellicent|Jellicent, M|100\/100\n|-damage|p1a: Jellicent|88\/100|[from] Stealth Rock\n|\n|-heal|p2a: Skarmory|46\/100|[from] item: Leftovers\n|-heal|p1a: Jellicent|94\/100|[from] item: Leftovers\n|upkeep\n|turn|15\n|\n|t:|1700378823\n|move|p2a: Skarmory|Roost|p2a: Skarmory\n|-heal|p2a: Skarmory|96\/100\n|-singleturn|p2a: Skarmory|move: Roost\n|move|p1a: Jellicent|Taunt|p2a: Skarmory\n|-start|p2a: Skarmory|move: Taunt\n|\n|-heal|p2a: Skarmory|100\/100|[from] item: Leftovers\n|-heal|p1a: Jellicent|100\/100|[from] item: Leftovers\n|upkeep\n|turn|16\n|c| ColdSobaNoodle|Taunt... toxic... strength sap...\n|c| VoIteon|i want some McDonald fries rn\n|\n|t:|1700378887\n|switch|p2a: Rillaboom|Rillaboom, F, shiny|100\/100\n|-fieldstart|move: Grassy Terrain|[from] ability: Grassy Surge|[of] p2a: Rillaboom\n|switch|p1a: Sawk|Sawk, M, shiny|94\/100\n|-damage|p1a: Sawk|88\/100|[from] Stealth Rock\n|\n|-heal|p1a: Sawk|94\/100|[from] Grassy Terrain\n|upkeep\n|turn|17\n|\n|t:|1700378898\n|switch|p1a: Rotom|Rotom-Heat|81\/100\n|move|p2a: Rillaboom|Grassy Glide|p1a: Rotom\n|-resisted|p1a: Rotom\n|-damage|p1a: Rotom|51\/100\n|\n|upkeep\n|turn|18\n|c| Lunar Sloth|i want popeyes rn\n|\n|t:|1700378906\n|switch|p2a: Chansey|Chansey, F|100\/100\n|move|p1a: Rotom|Overheat|p2a: Chansey|[miss]\n|-miss|p1a: Rotom|p2a: Chansey\n|\n|upkeep\n|turn|19\n|\n|t:|1700378910\n|move|p1a: Rotom|Defog|p2a: Chansey\n|-unboost|p2a: Chansey|evasion|1\n|-sideend|p1: Factor64|Stealth Rock|[from] move: Defog|[of] p1a: Rotom\n|-fieldend|move: Grassy Terrain\n|move|p2a: Chansey|Teleport|p2a: Chansey\n|\n|t:|1700378921\n|switch|p2a: Gastrodon|Gastrodon, M|88\/100 tox|[from] Teleport\n|\n|-heal|p2a: Gastrodon|94\/100 tox|[from] item: Leftovers\n|-damage|p2a: Gastrodon|88\/100 tox|[from] psn\n|upkeep\n|turn|20\n|c| ColdSobaNoodle|I want curry...\n|\n|t:|1700378933\n|switch|p1a: Jellicent|Jellicent, M|100\/100\n|move|p2a: Gastrodon|Scald|p1a: Jellicent\n|-resisted|p1a: Jellicent\n|-damage|p1a: Jellicent|93\/100\n|\n|-heal|p1a: Jellicent|99\/100|[from] item: Leftovers\n|-heal|p2a: Gastrodon|94\/100 tox|[from] item: Leftovers\n|-damage|p2a: Gastrodon|82\/100 tox|[from] psn\n|upkeep\n|turn|21\n|\n|t:|1700378939\n|switch|p2a: Skarmory|Skarmory, M|100\/100\n|move|p1a: Jellicent|Taunt|p2a: Skarmory\n|-start|p2a: Skarmory|move: Taunt\n|\n|-heal|p1a: Jellicent|100\/100|[from] item: Leftovers\n|upkeep\n|turn|22\n|\n|t:|1700378943\n|switch|p2a: Gastrodon|Gastrodon, M|82\/100 tox\n|move|p1a: Jellicent|Scald|p2a: Gastrodon\n|-ability|p2a: Gastrodon|Storm Drain|boost\n|-boost|p2a: Gastrodon|spa|1\n|\n|-heal|p2a: Gastrodon|88\/100 tox|[from] item: Leftovers\n|-damage|p2a: Gastrodon|82\/100 tox|[from] psn\n|upkeep\n|turn|23\n|\n|t:|1700378946\n|move|p1a: Jellicent|Taunt|p2a: Gastrodon\n|-start|p2a: Gastrodon|move: Taunt\n|cant|p2a: Gastrodon|move: Taunt|Recover\n|\n|-heal|p2a: Gastrodon|88\/100 tox|[from] item: Leftovers\n|-damage|p2a: Gastrodon|76\/100 tox|[from] psn\n|upkeep\n|turn|24\n|\n|t:|1700378953\n|move|p1a: Jellicent|Taunt||[still]\n|-fail|p1a: Jellicent\n|move|p2a: Gastrodon|Earth Power|p1a: Jellicent\n|-damage|p1a: Jellicent|75\/100\n|\n|-heal|p1a: Jellicent|81\/100|[from] item: Leftovers\n|-heal|p2a: Gastrodon|82\/100 tox|[from] item: Leftovers\n|-damage|p2a: Gastrodon|64\/100 tox|[from] psn\n|upkeep\n|turn|25\n|\n|t:|1700378959\n|switch|p2a: Skarmory|Skarmory, M|100\/100\n|move|p1a: Jellicent|Strength Sap|p2a: Skarmory\n|-unboost|p2a: Skarmory|atk|1\n|-heal|p1a: Jellicent|100\/100\n|\n|upkeep\n|turn|26\n|\n|t:|1700378971\n|move|p1a: Jellicent|Scald|p2a: Skarmory\n|-damage|p2a: Skarmory|70\/100\n|move|p2a: Skarmory|Whirlwind|p1a: Jellicent\n|drag|p1a: Tyranitar|Tyranitar, M|88\/100\n|-weather|Sandstorm|[from] ability: Sand Stream|[of] p1a: Tyranitar\n|\n|-weather|Sandstorm|[upkeep]\n|-heal|p2a: Skarmory|76\/100|[from] item: Leftovers\n|upkeep\n|turn|27\n|c| ColdSobaNoodle|Gastrodon was one of the GOATS playing through Platinum\n|\n|t:|1700378983\n|switch|p1a: Jellicent|Jellicent, M|100\/100\n|move|p2a: Skarmory|Body Press|p1a: Jellicent\n|-immune|p1a: Jellicent\n|\n|-weather|Sandstorm|[upkeep]\n|-damage|p1a: Jellicent|94\/100|[from] Sandstorm\n|-heal|p2a: Skarmory|82\/100|[from] item: Leftovers\n|-heal|p1a: Jellicent|100\/100|[from] item: Leftovers\n|upkeep\n|turn|28\n|\n|t:|1700378989\n|move|p1a: Jellicent|Taunt|p2a: Skarmory\n|-start|p2a: Skarmory|move: Taunt\n|cant|p2a: Skarmory|move: Taunt|Whirlwind\n|\n|-weather|Sandstorm|[upkeep]\n|-damage|p1a: Jellicent|94\/100|[from] Sandstorm\n|-heal|p2a: Skarmory|88\/100|[from] item: Leftovers\n|-heal|p1a: Jellicent|100\/100|[from] item: Leftovers\n|upkeep\n|turn|29\n|c| Lunar Sloth|love gastrodon\n|c| Demolution545|i want to die\n|c| VoIteon|i second this\n|\n|t:|1700379001\n|switch|p2a: Gastrodon|Gastrodon, M|64\/100 tox\n|move|p1a: Jellicent|Scald|p2a: Gastrodon\n|-ability|p2a: Gastrodon|Storm Drain|boost\n|-boost|p2a: Gastrodon|spa|1\n|\n|-weather|Sandstorm|[upkeep]\n|-damage|p1a: Jellicent|94\/100|[from] Sandstorm\n|-heal|p1a: Jellicent|100\/100|[from] item: Leftovers\n|-heal|p2a: Gastrodon|70\/100 tox|[from] item: Leftovers\n|-damage|p2a: Gastrodon|64\/100 tox|[from] psn\n|upkeep\n|turn|30\n|\n|t:|1700379004\n|switch|p2a: Rillaboom|Rillaboom, F, shiny|100\/100\n|-fieldstart|move: Grassy Terrain|[from] ability: Grassy Surge|[of] p2a: Rillaboom\n|move|p1a: Jellicent|Taunt|p2a: Rillaboom\n|-start|p2a: Rillaboom|move: Taunt\n|\n|-weather|none\n|upkeep\n|turn|31\n|c| Lunar Sloth|wym this is hype\n|\n|t:|1700379018\n|switch|p1a: Ogerpon|Ogerpon, F|54\/100\n|move|p2a: Rillaboom|Grassy Glide|p1a: Ogerpon\n|-resisted|p1a: Ogerpon\n|-damage|p1a: Ogerpon|16\/100\n|\n|-heal|p1a: Ogerpon|22\/100|[from] Grassy Terrain\n|upkeep\n|turn|32\n|\n|t:|1700379023\n|move|p2a: Rillaboom|Grassy Glide|p1a: Ogerpon\n|-resisted|p1a: Ogerpon\n|-damage|p1a: Ogerpon|0 fnt\n|faint|p1a: Ogerpon\n|\n|-end|p2a: Rillaboom|move: Taunt\n|upkeep\n|c| VoIteon|says the blissey cleletseela user...\n|\n|t:|1700379031\n|switch|p1a: Rotom|Rotom-Heat|51\/100\n|turn|33\n|c| Lunar Sloth|spell the second one again man\n|c| VoIteon|celesteela\n|\n|t:|1700379049\n|switch|p2a: Gastrodon|Gastrodon, M|64\/100 tox\n|move|p1a: Rotom|Overheat|p2a: Gastrodon\n|-resisted|p2a: Gastrodon\n|-damage|p2a: Gastrodon|42\/100 tox\n|-unboost|p1a: Rotom|spa|2\n|\n|-heal|p2a: Gastrodon|48\/100 tox|[from] Grassy Terrain\n|-heal|p2a: Gastrodon|54\/100 tox|[from] item: Leftovers\n|-damage|p2a: Gastrodon|48\/100 tox|[from] psn\n|upkeep\n|turn|34\n|c| ColdSobaNoodle|I can't even talk, I abused the shit out of Celesteela\n|\n|t:|1700379053\n|switch|p1a: Jellicent|Jellicent, M|100\/100\n|move|p2a: Gastrodon|Recover|p2a: Gastrodon\n|-heal|p2a: Gastrodon|98\/100 tox\n|\n|-heal|p2a: Gastrodon|100\/100 tox|[from] Grassy Terrain\n|-damage|p2a: Gastrodon|88\/100 tox|[from] psn\n|-fieldend|move: Grassy Terrain\n|upkeep\n|turn|35\n|c| Lunar Sloth|thank u\n|c| VoIteon|i typing to fast u get it amn\n|c| VoIteon|man\n|c| ColdSobaNoodle|amn\n|c| Lunar Sloth|right\n|\n|t:|1700379068\n|switch|p1a: Rotom|Rotom-Heat|51\/100\n|switch|p2a: Chansey|Chansey, F|100\/100\n|\n|upkeep\n|turn|36\n|c| Demolution545|amn\n|j| Czar_agon\n|\n|t:|1700379071\n|move|p1a: Rotom|Volt Switch|p2a: Chansey\n|-damage|p2a: Chansey|93\/100\n|\n|t:|1700379077\n|switch|p1a: Sawk|Sawk, M, shiny|94\/100|[from] Volt Switch\n|move|p2a: Chansey|Teleport|p2a: Chansey\n|\n|t:|1700379103\n|switch|p2a: Blaziken|Blaziken, M|100\/100|[from] Teleport\n|\n|upkeep\n|turn|37\n|\n|t:|1700379130\n|detailschange|p2a: Blaziken|Blaziken-Mega, M\n|-mega|p2a: Blaziken|Blaziken|Blazikenite\n|move|p2a: Blaziken|Protect|p2a: Blaziken\n|-singleturn|p2a: Blaziken|Protect\n|move|p1a: Sawk|Earthquake|p2a: Blaziken\n|-activate|p2a: Blaziken|move: Protect\n|\n|-ability|p2a: Blaziken|Speed Boost|boost\n|-boost|p2a: Blaziken|spe|1\n|upkeep\n|turn|38\n|\n|t:|1700379138\n|switch|p1a: Toxapex|Toxapex, F|100\/100\n|move|p2a: Blaziken|Flare Blitz|p1a: Toxapex\n|-resisted|p1a: Toxapex\n|-damage|p1a: Toxapex|80\/100\n|-damage|p2a: Blaziken|94\/100|[from] Recoil\n|\n|-heal|p1a: Toxapex|86\/100|[from] item: Leftovers\n|-ability|p2a: Blaziken|Speed Boost|boost\n|-boost|p2a: Blaziken|spe|1\n|upkeep\n|turn|39\n|\n|t:|1700379159\n|switch|p2a: Gastrodon|Gastrodon, M|88\/100 tox\n|move|p1a: Toxapex|Scald|p2a: Gastrodon\n|-ability|p2a: Gastrodon|Storm Drain|boost\n|-boost|p2a: Gastrodon|spa|1\n|\n|-heal|p2a: Gastrodon|94\/100 tox|[from] item: Leftovers\n|-heal|p1a: Toxapex|93\/100|[from] item: Leftovers\n|-damage|p2a: Gastrodon|88\/100 tox|[from] psn\n|upkeep\n|turn|40\n|c| ColdSobaNoodle|Blaziken making me want chicken actually, fried...\n|\n|t:|1700379172\n|move|p1a: Toxapex|Baneful Bunker|p1a: Toxapex\n|-singleturn|p1a: Toxapex|move: Protect\n|move|p2a: Gastrodon|Earth Power|p1a: Toxapex\n|-activate|p1a: Toxapex|move: Protect\n|\n|-heal|p2a: Gastrodon|94\/100 tox|[from] item: Leftovers\n|-heal|p1a: Toxapex|99\/100|[from] item: Leftovers\n|-damage|p2a: Gastrodon|82\/100 tox|[from] psn\n|upkeep\n|turn|41\n|\n|t:|1700379183\n|switch|p2a: Skarmory|Skarmory, M|88\/100\n|switch|p1a: Rotom|Rotom-Heat|51\/100\n|\n|-heal|p2a: Skarmory|94\/100|[from] item: Leftovers\n|upkeep\n|turn|42\n|\n|t:|1700379194\n|switch|p2a: Chansey|Chansey, F|93\/100\n|move|p1a: Rotom|Overheat|p2a: Chansey\n|-damage|p2a: Chansey|80\/100\n|-unboost|p1a: Rotom|spa|2\n|\n|upkeep\n|turn|43\n|\n|t:|1700379198\n|move|p1a: Rotom|Volt Switch|p2a: Chansey\n|-damage|p2a: Chansey|76\/100\n|\n|t:|1700379205\n|switch|p1a: Sawk|Sawk, M, shiny|94\/100|[from] Volt Switch\n|move|p2a: Chansey|Teleport|p2a: Chansey\n|\n|t:|1700379211\n|switch|p2a: Blaziken|Blaziken-Mega, M|94\/100|[from] Teleport\n|\n|upkeep\n|turn|44\n|\n|t:|1700379220\n|switch|p1a: Toxapex|Toxapex, F|100\/100\n|move|p2a: Blaziken|Flare Blitz|p1a: Toxapex\n|-resisted|p1a: Toxapex\n|-damage|p1a: Toxapex|77\/100\n|-damage|p2a: Blaziken|87\/100|[from] Recoil\n|\n|-heal|p1a: Toxapex|83\/100|[from] item: Leftovers\n|-ability|p2a: Blaziken|Speed Boost|boost\n|-boost|p2a: Blaziken|spe|1\n|upkeep\n|turn|45\n|\n|t:|1700379230\n|switch|p2a: Gastrodon|Gastrodon, M|82\/100 tox\n|move|p1a: Toxapex|Knock Off|p2a: Gastrodon\n|-damage|p2a: Gastrodon|71\/100 tox\n|-enditem|p2a: Gastrodon|Leftovers|[from] move: Knock Off|[of] p1a: Toxapex\n|\n|-heal|p1a: Toxapex|90\/100|[from] item: Leftovers\n|-damage|p2a: Gastrodon|65\/100 tox|[from] psn\n|upkeep\n|turn|46\n|\n|t:|1700379236\n|move|p1a: Toxapex|Baneful Bunker|p1a: Toxapex\n|-singleturn|p1a: Toxapex|move: Protect\n|move|p2a: Gastrodon|Recover|p2a: Gastrodon\n|-heal|p2a: Gastrodon|100\/100 tox\n|\n|-heal|p1a: Toxapex|96\/100|[from] item: Leftovers\n|-damage|p2a: Gastrodon|88\/100 tox|[from] psn\n|upkeep\n|turn|47\n|\n|t:|1700379245\n|switch|p1a: Rotom|Rotom-Heat|51\/100\n|move|p2a: Gastrodon|Scald|p1a: Rotom\n|-supereffective|p1a: Rotom\n|-damage|p1a: Rotom|0 fnt\n|faint|p1a: Rotom\n|\n|-damage|p2a: Gastrodon|70\/100 tox|[from] psn\n|upkeep\n|\n|t:|1700379249\n|switch|p1a: Jellicent|Jellicent, M|100\/100\n|turn|48\n|\n|t:|1700379253\n|switch|p2a: Skarmory|Skarmory, M|94\/100\n|move|p1a: Jellicent|Taunt|p2a: Skarmory\n|-start|p2a: Skarmory|move: Taunt\n|\n|-heal|p2a: Skarmory|99\/100|[from] item: Leftovers\n|upkeep\n|turn|49\n|\n|t:|1700379262\n|switch|p2a: Chansey|Chansey, F|76\/100\n|move|p1a: Jellicent|Scald|p2a: Chansey\n|-crit|p2a: Chansey\n|-damage|p2a: Chansey|65\/100\n|\n|upkeep\n|turn|50\n|c| VoIteon|i think this game should be decided with a coin flip at this point\n|\n|t:|1700379265\n|move|p1a: Jellicent|Taunt|p2a: Chansey\n|-start|p2a: Chansey|move: Taunt\n|cant|p2a: Chansey|move: Taunt|Soft-Boiled\n|\n|upkeep\n|turn|51\n|\n|t:|1700379271\n|switch|p2a: Skarmory|Skarmory, M|99\/100\n|move|p1a: Jellicent|Scald|p2a: Skarmory\n|-damage|p2a: Skarmory|64\/100\n|\n|-heal|p2a: Skarmory|70\/100|[from] item: Leftovers\n|upkeep\n|turn|52\n|\n|t:|1700379275\n|move|p2a: Skarmory|Roost|p2a: Skarmory\n|-heal|p2a: Skarmory|100\/100\n|-singleturn|p2a: Skarmory|move: Roost\n|move|p1a: Jellicent|Taunt|p2a: Skarmory\n|-start|p2a: Skarmory|move: Taunt\n|\n|upkeep\n|turn|53\n|\n|t:|1700379288\n|switch|p2a: Chansey|Chansey, F|65\/100\n|switch|p1a: Sawk|Sawk, M, shiny|94\/100\n|\n|upkeep\n|turn|54\n|c| ColdSobaNoodle|Taunt value is nutty\n|c| VoIteon|hes getting a mon\n|c| VoIteon|who takin it\n|\n|t:|1700379316\n|-terastallize|p2a: Chansey|Fairy\n|move|p1a: Sawk|Close Combat|p2a: Chansey\n|-resisted|p2a: Chansey\n|-damage|p2a: Chansey|35\/100\n|-unboost|p1a: Sawk|def|1\n|-unboost|p1a: Sawk|spd|1\n|move|p2a: Chansey|Thunder Wave|p1a: Sawk\n|-status|p1a: Sawk|par\n|\n|upkeep\n|turn|55\n|c| ColdSobaNoodle|ohhh\n|c| VoIteon|nvm\n|\n|t:|1700379326\n|move|p2a: Chansey|Soft-Boiled|p2a: Chansey\n|-heal|p2a: Chansey|85\/100\n|cant|p1a: Sawk|par\n|\n|upkeep\n|turn|56\n|c| ColdSobaNoodle|Huge value\n|\n|t:|1700379331\n|switch|p1a: Jellicent|Jellicent, M|100\/100\n|move|p2a: Chansey|Teleport|p2a: Chansey\n|\n|t:|1700379335\n|switch|p2a: Rillaboom|Rillaboom, F, shiny|100\/100|[from] Teleport\n|-fieldstart|move: Grassy Terrain|[from] ability: Grassy Surge|[of] p2a: Rillaboom\n|\n|upkeep\n|turn|57\n|c| Lunar Sloth|hows everyones day been\n|c| ColdSobaNoodle|Aight I suppose\n|c| Demolution545|just tested positive for strep so that is fun\n|c| Lunar Sloth|rip\n|c| VoIteon|I am thinking of some new life choices after this game\n|c| Lunar Sloth|what are u contemplating\n|\n|t:|1700379404\n|-terastallize|p1a: Jellicent|Ghost\n|move|p2a: Rillaboom|Grassy Glide|p1a: Jellicent\n|-damage|p1a: Jellicent|36\/100\n|move|p1a: Jellicent|Toxic|p2a: Rillaboom\n|-status|p2a: Rillaboom|tox\n|\n|-heal|p1a: Jellicent|42\/100|[from] Grassy Terrain\n|-heal|p1a: Jellicent|48\/100|[from] item: Leftovers\n|-damage|p2a: Rillaboom|94\/100 tox|[from] psn\n|upkeep\n|turn|58\n|c| VoIteon|idk yet its after this game when i think about them\n|c| Lunar Sloth|jesus\n|c| ColdSobaNoodle|holy\n|c| Lunar Sloth|that did so much still\n|\n|t:|1700379429\n|move|p2a: Rillaboom|Grassy Glide|p1a: Jellicent\n|-damage|p1a: Jellicent|0 fnt\n|faint|p1a: Jellicent\n|\n|-heal|p2a: Rillaboom|100\/100 tox|[from] Grassy Terrain\n|-damage|p2a: Rillaboom|88\/100 tox|[from] psn\n|upkeep\n|c| VoIteon|nice tera dummy ahahahahaha\n|c| VoIteon|hahahahahhahahhahahahhahhhahaap\n|c| VoIteon|ur mom\n|c| ColdSobaNoodle|Forget humanity, I'm joining the monke side when the apes take over...\n|\n|t:|1700379474\n|switch|p1a: Sawk|Sawk, M, shiny|94\/100 par\n|turn|59\n|\n|t:|1700379480\n|switch|p2a: Chansey|Chansey, F, tera:Fairy|85\/100\n|move|p1a: Sawk|Close Combat|p2a: Chansey\n|-resisted|p2a: Chansey\n|-damage|p2a: Chansey|50\/100\n|-unboost|p1a: Sawk|def|1\n|-unboost|p1a: Sawk|spd|1\n|\n|-heal|p2a: Chansey|57\/100|[from] Grassy Terrain\n|-heal|p1a: Sawk|100\/100 par|[from] Grassy Terrain\n|upkeep\n|turn|60\n|\n|t:|1700379489\n|switch|p1a: Tyranitar|Tyranitar, M|88\/100\n|-weather|Sandstorm|[from] ability: Sand Stream|[of] p1a: Tyranitar\n|move|p2a: Chansey|Soft-Boiled|p2a: Chansey\n|-heal|p2a: Chansey|100\/100\n|\n|-weather|Sandstorm|[upkeep]\n|-damage|p2a: Chansey|94\/100|[from] Sandstorm\n|-heal|p1a: Tyranitar|94\/100|[from] Grassy Terrain\n|-heal|p2a: Chansey|100\/100|[from] Grassy Terrain\n|-fieldend|move: Grassy Terrain\n|upkeep\n|turn|61\n|\n|t:|1700379498\n|move|p1a: Tyranitar|Knock Off|p2a: Chansey\n|-resisted|p2a: Chansey\n|-damage|p2a: Chansey|72\/100\n|-enditem|p2a: Chansey|Eviolite|[from] move: Knock Off|[of] p1a: Tyranitar\n|move|p2a: Chansey|Teleport|p2a: Chansey\n|\n|t:|1700379507\n|switch|p2a: Gastrodon|Gastrodon, M|70\/100 tox|[from] Teleport\n|\n|-weather|Sandstorm|[upkeep]\n|-damage|p2a: Gastrodon|64\/100 tox|[from] psn\n|upkeep\n|turn|62\n|\n|t:|1700379516\n|switch|p1a: Toxapex|Toxapex, F|100\/100\n|move|p2a: Gastrodon|Scald|p1a: Toxapex\n|-resisted|p1a: Toxapex\n|-damage|p1a: Toxapex|90\/100\n|\n|-weather|Sandstorm|[upkeep]\n|-damage|p1a: Toxapex|83\/100|[from] Sandstorm\n|-heal|p1a: Toxapex|90\/100|[from] item: Leftovers\n|-damage|p2a: Gastrodon|52\/100 tox|[from] psn\n|upkeep\n|turn|63\n|\n|t:|1700379521\n|move|p1a: Toxapex|Baneful Bunker|p1a: Toxapex\n|-singleturn|p1a: Toxapex|move: Protect\n|move|p2a: Gastrodon|Stealth Rock|p1a: Toxapex\n|-sidestart|p1: Factor64|move: Stealth Rock\n|\n|-weather|Sandstorm|[upkeep]\n|-damage|p1a: Toxapex|83\/100|[from] Sandstorm\n|-heal|p1a: Toxapex|90\/100|[from] item: Leftovers\n|-damage|p2a: Gastrodon|33\/100 tox|[from] psn\n|upkeep\n|turn|64\n|\n|t:|1700379529\n|move|p2a: Gastrodon|Recover|p2a: Gastrodon\n|-heal|p2a: Gastrodon|83\/100 tox\n|move|p1a: Toxapex|Recover|p1a: Toxapex\n|-heal|p1a: Toxapex|100\/100\n|\n|-weather|none\n|-damage|p2a: Gastrodon|59\/100 tox|[from] psn\n|upkeep\n|turn|65\n|c| ColdSobaNoodle|Both these pokemon fat\n|\n|t:|1700379536\n|switch|p2a: Skarmory|Skarmory, M|100\/100\n|move|p1a: Toxapex|Baneful Bunker||[still]\n|-fail|p1a: Toxapex\n|\n|upkeep\n|turn|66\n|\n|t:|1700379539\n|move|p1a: Toxapex|Scald|p2a: Skarmory\n|-damage|p2a: Skarmory|78\/100\n|-status|p2a: Skarmory|brn\n|move|p2a: Skarmory|Whirlwind|p1a: Toxapex\n|drag|p1a: Sawk|Sawk, M, shiny|100\/100 par\n|-damage|p1a: Sawk|94\/100 par|[from] Stealth Rock\n|\n|-heal|p2a: Skarmory|84\/100 brn|[from] item: Leftovers\n|-damage|p2a: Skarmory|78\/100 brn|[from] brn\n|upkeep\n|turn|67\n|\n|t:|1700379550\n|switch|p2a: Chansey|Chansey, F, tera:Fairy|72\/100\n|move|p1a: Sawk|Close Combat|p2a: Chansey\n|-resisted|p2a: Chansey\n|-damage|p2a: Chansey|22\/100\n|-unboost|p1a: Sawk|def|1\n|-unboost|p1a: Sawk|spd|1\n|\n|upkeep\n|turn|68\n|\n|t:|1700379558\n|move|p2a: Chansey|Soft-Boiled|p2a: Chansey\n|-heal|p2a: Chansey|72\/100\n|move|p1a: Sawk|Close Combat|p2a: Chansey\n|-resisted|p2a: Chansey\n|-damage|p2a: Chansey|27\/100\n|-unboost|p1a: Sawk|def|1\n|-unboost|p1a: Sawk|spd|1\n|\n|upkeep\n|turn|69\n|\n|t:|1700379565\n|move|p2a: Chansey|Soft-Boiled|p2a: Chansey\n|-heal|p2a: Chansey|77\/100\n|move|p1a: Sawk|Close Combat|p2a: Chansey\n|-resisted|p2a: Chansey\n|-damage|p2a: Chansey|29\/100\n|-unboost|p1a: Sawk|def|1\n|-unboost|p1a: Sawk|spd|1\n|\n|upkeep\n|turn|70\n|\n|t:|1700379573\n|switch|p1a: Tyranitar|Tyranitar, M|94\/100\n|-damage|p1a: Tyranitar|82\/100|[from] Stealth Rock\n|-weather|Sandstorm|[from] ability: Sand Stream|[of] p1a: Tyranitar\n|move|p2a: Chansey|Soft-Boiled|p2a: Chansey\n|-heal|p2a: Chansey|79\/100\n|\n|-weather|Sandstorm|[upkeep]\n|-damage|p2a: Chansey|73\/100|[from] Sandstorm\n|upkeep\n|turn|71\n|c| Demolution545|turn 71..\n|c| ColdSobaNoodle|can we hit the three digit mark though?\n|c| Demolution545|is this the longest battle so far?\n|\n|t:|1700379630\n|move|p1a: Tyranitar|Stone Edge|p2a: Chansey\n|-damage|p2a: Chansey|0 fnt\n|faint|p2a: Chansey\n|\n|-weather|Sandstorm|[upkeep]\n|upkeep\n|c| Lunar Sloth|probably not\n|c| ColdSobaNoodle|This feels like a war of attrition\n|c| Lunar Sloth|i feel like we probably have had one go over 100 but i dont know\n|c| VoIteon|if my battles r over 30 i failed as a hyper offence team\n|c| Lunar Sloth|hyper offense with vaporeon and clodsire yeah man\n|c| VoIteon|hey man\n|c| ColdSobaNoodle|Total hyper offense...\n|c| VoIteon|those r for the i need switch in match ups\n|\n|t:|1700379751\n|switch|p2a: Skarmory|Skarmory, M|78\/100 brn\n|turn|72\n|c| ColdSobaNoodle|NO FAT. NO FAT. NO FAT.\n|\n|t:|1700379786\n|switch|p1a: Toxapex|Toxapex, F|100\/100\n|-damage|p1a: Toxapex|88\/100|[from] Stealth Rock\n|move|p2a: Skarmory|Whirlwind|p1a: Toxapex\n|drag|p1a: Tyranitar|Tyranitar, M|82\/100\n|-damage|p1a: Tyranitar|70\/100|[from] Stealth Rock\n|\n|-weather|Sandstorm|[upkeep]\n|-heal|p2a: Skarmory|84\/100 brn|[from] item: Leftovers\n|-damage|p2a: Skarmory|78\/100 brn|[from] brn\n|upkeep\n|turn|73\n|\n|t:|1700379810\n|move|p2a: Skarmory|Roost|p2a: Skarmory\n|-heal|p2a: Skarmory|100\/100 brn\n|-singleturn|p2a: Skarmory|move: Roost\n|move|p1a: Tyranitar|Stone Edge|p2a: Skarmory\n|-resisted|p2a: Skarmory\n|-crit|p2a: Skarmory\n|-damage|p2a: Skarmory|65\/100 brn\n|\n|-weather|Sandstorm|[upkeep]\n|-heal|p2a: Skarmory|71\/100 brn|[from] item: Leftovers\n|-damage|p2a: Skarmory|65\/100 brn|[from] brn\n|upkeep\n|turn|74\n|\n|t:|1700379816\n|move|p2a: Skarmory|Body Press|p1a: Tyranitar\n|-supereffective|p1a: Tyranitar\n|-damage|p1a: Tyranitar|21\/100\n|move|p1a: Tyranitar|Stone Edge|p2a: Skarmory\n|-crit|p2a: Skarmory\n|-damage|p2a: Skarmory|0 fnt\n|faint|p2a: Skarmory\n|\n|-weather|none\n|upkeep\n|\n|t:|1700379835\n|switch|p2a: Rillaboom|Rillaboom, F, shiny|88\/100 tox\n|-fieldstart|move: Grassy Terrain|[from] ability: Grassy Surge|[of] p2a: Rillaboom\n|turn|75\n|\n|t:|1700379839\n|move|p2a: Rillaboom|Grassy Glide|p1a: Tyranitar\n|-supereffective|p1a: Tyranitar\n|-damage|p1a: Tyranitar|0 fnt\n|faint|p1a: Tyranitar\n|\n|-heal|p2a: Rillaboom|94\/100 tox|[from] Grassy Terrain\n|-damage|p2a: Rillaboom|88\/100 tox|[from] psn\n|upkeep\n|c| Lunar Sloth|this one will be close\n|\n|t:|1700379863\n|switch|p1a: Toxapex|Toxapex, F|100\/100\n|-damage|p1a: Toxapex|88\/100|[from] Stealth Rock\n|turn|76\n|\n|t:|1700379869\n|switch|p2a: Gastrodon|Gastrodon, M|59\/100 tox\n|move|p1a: Toxapex|Baneful Bunker||[still]\n|-fail|p1a: Toxapex\n|\n|-heal|p2a: Gastrodon|65\/100 tox|[from] Grassy Terrain\n|-heal|p1a: Toxapex|94\/100|[from] Grassy Terrain\n|-heal|p1a: Toxapex|100\/100|[from] item: Leftovers\n|-damage|p2a: Gastrodon|59\/100 tox|[from] psn\n|upkeep\n|turn|77\n|c| ColdSobaNoodle|the toxic from earlier really gonna do a number on gran gran's bois\n|c| ColdSobaNoodle|If the goal is to be an immovable wall, rn I believe factor is winning the FATNESS competition\n|\n|t:|1700379927\n|switch|p1a: Sawk|Sawk, M, shiny|94\/100 par\n|-damage|p1a: Sawk|88\/100 par|[from] Stealth Rock\n|move|p2a: Gastrodon|Earth Power|p1a: Sawk\n|-damage|p1a: Sawk|45\/100 par\n|\n|-heal|p1a: Sawk|51\/100 par|[from] Grassy Terrain\n|-heal|p2a: Gastrodon|65\/100 tox|[from] Grassy Terrain\n|-damage|p2a: Gastrodon|53\/100 tox|[from] psn\n|upkeep\n|turn|78\n|\n|t:|1700379945\n|move|p1a: Sawk|Close Combat|p2a: Gastrodon\n|-damage|p2a: Gastrodon|0 fnt\n|-unboost|p1a: Sawk|def|1\n|-unboost|p1a: Sawk|spd|1\n|faint|p2a: Gastrodon\n|\n|-heal|p1a: Sawk|57\/100 par|[from] Grassy Terrain\n|upkeep\n|\n|t:|1700379957\n|switch|p2a: Rillaboom|Rillaboom, F, shiny|88\/100 tox\n|turn|79\n|\n|t:|1700379959\n|move|p2a: Rillaboom|Grassy Glide|p1a: Sawk\n|-damage|p1a: Sawk|0 fnt\n|faint|p1a: Sawk\n|\n|-heal|p2a: Rillaboom|94\/100 tox|[from] Grassy Terrain\n|-damage|p2a: Rillaboom|88\/100 tox|[from] psn\n|-fieldend|move: Grassy Terrain\n|upkeep\n|\n|t:|1700379963\n|switch|p1a: Toxapex|Toxapex, F|100\/100\n|-damage|p1a: Toxapex|88\/100|[from] Stealth Rock\n|turn|80\n|\n|t:|1700379976\n|switch|p2a: Blaziken|Blaziken-Mega, M|87\/100\n|move|p1a: Toxapex|Baneful Bunker||[still]\n|-fail|p1a: Toxapex\n|\n|-heal|p1a: Toxapex|94\/100|[from] item: Leftovers\n|upkeep\n|turn|81\n|\n|t:|1700379981\n|move|p2a: Blaziken|Swords Dance|p2a: Blaziken\n|-boost|p2a: Blaziken|atk|2\n|move|p1a: Toxapex|Scald|p2a: Blaziken\n|-supereffective|p2a: Blaziken\n|-damage|p2a: Blaziken|48\/100\n|\n|-heal|p1a: Toxapex|100\/100|[from] item: Leftovers\n|-ability|p2a: Blaziken|Speed Boost|boost\n|-boost|p2a: Blaziken|spe|1\n|upkeep\n|turn|82\n|\n|t:|1700379986\n|move|p2a: Blaziken|Flare Blitz|p1a: Toxapex\n|-resisted|p1a: Toxapex\n|-damage|p1a: Toxapex|60\/100\n|-damage|p2a: Blaziken|35\/100|[from] Recoil\n|move|p1a: Toxapex|Scald|p2a: Blaziken\n|-supereffective|p2a: Blaziken\n|-damage|p2a: Blaziken|0 fnt\n|faint|p2a: Blaziken\n|\n|-heal|p1a: Toxapex|66\/100|[from] item: Leftovers\n|upkeep\n|\n|t:|1700379989\n|switch|p2a: Rillaboom|Rillaboom, F, shiny|88\/100 tox\n|-fieldstart|move: Grassy Terrain|[from] ability: Grassy Surge|[of] p2a: Rillaboom\n|turn|83\n|\n|t:|1700380030\n|move|p1a: Toxapex|Baneful Bunker|p1a: Toxapex\n|-singleturn|p1a: Toxapex|move: Protect\n|move|p2a: Rillaboom|Wood Hammer|p1a: Toxapex\n|-activate|p1a: Toxapex|move: Protect\n|\n|-heal|p2a: Rillaboom|94\/100 tox|[from] Grassy Terrain\n|-heal|p1a: Toxapex|73\/100|[from] Grassy Terrain\n|-heal|p1a: Toxapex|79\/100|[from] item: Leftovers\n|-damage|p2a: Rillaboom|88\/100 tox|[from] psn\n|upkeep\n|turn|84\n|c| ColdSobaNoodle|If Factor was Fattore before, rn he's GINORMOUS\n|\n|t:|1700380046\n|move|p2a: Rillaboom|Wood Hammer|p1a: Toxapex\n|-damage|p1a: Toxapex|3\/100\n|-damage|p2a: Rillaboom|69\/100 tox|[from] Recoil\n|move|p1a: Toxapex|Recover|p1a: Toxapex\n|-heal|p1a: Toxapex|53\/100\n|\n|-heal|p2a: Rillaboom|75\/100 tox|[from] Grassy Terrain\n|-heal|p1a: Toxapex|60\/100|[from] Grassy Terrain\n|-heal|p1a: Toxapex|66\/100|[from] item: Leftovers\n|-damage|p2a: Rillaboom|62\/100 tox|[from] psn\n|upkeep\n|turn|85\n|\n|t:|1700380057\n|move|p1a: Toxapex|Baneful Bunker|p1a: Toxapex\n|-singleturn|p1a: Toxapex|move: Protect\n|move|p2a: Rillaboom|Wood Hammer|p1a: Toxapex\n|-activate|p1a: Toxapex|move: Protect\n|\n|-heal|p2a: Rillaboom|69\/100 tox|[from] Grassy Terrain\n|-heal|p1a: Toxapex|72\/100|[from] Grassy Terrain\n|-heal|p1a: Toxapex|78\/100|[from] item: Leftovers\n|-damage|p2a: Rillaboom|50\/100 tox|[from] psn\n|upkeep\n|turn|86\n|\n|t:|1700380068\n|move|p2a: Rillaboom|Wood Hammer|p1a: Toxapex\n|-damage|p1a: Toxapex|0 fnt\n|faint|p1a: Toxapex\n|-damage|p2a: Rillaboom|30\/100 tox|[from] Recoil\n|\n|win|gran gran\n|c| ColdSobaNoodle|NOT FAT ENOUGH\n|c|\u2606gran gran|WOO\n|l| Lunar Sloth\n|c| Demolution545|i get to sleep\n|l| Demolution545\n|l| ColdSobaNoodle\n","uploadtime":1700380188,"views":52,"p1id":"factor64","p2id":"grangran","formatid":"gen9nationaldexubers","rating":0,"private":0,"password":""}