{"id":"gen9nationaldexubers-1997761128","p1":"ManBehindSIaghter","p2":"Vitu1","format":"[Gen 9] National Dex Ubers","log":"|j|\u2606ManBehindSIaghter\n|j|\u2606Vitu1\n|t:|1700849837\n|gametype|singles\n|player|p1|ManBehindSIaghter|clerk-boss|1146\n|player|p2|Vitu1|steven-masters2|1195\n|teamsize|p1|6\n|teamsize|p2|6\n|gen|9\n|tier|[Gen 9] National Dex Ubers\n|rated|\n|rule|HP Percentage Mod: HP is shown in percentages\n|rule|Endless Battle Clause: Forcing endless battles is banned\n|rule|OHKO Clause: OHKO moves are banned\n|rule|Evasion Moves Clause: Evasion moves are banned\n|rule|Evasion Items Clause: Evasion items are banned\n|rule|Species Clause: Limit one of each Pok\u00e9mon\n|rule|Sleep Clause Mod: Limit one foe put to sleep\n|rule|Mega Rayquaza Clause: You cannot mega evolve Rayquaza\n|clearpoke\n|poke|p1|Kyogre|\n|poke|p1|Mimikyu, F|\n|poke|p1|Aggron, F|\n|poke|p1|Shuckle, F|\n|poke|p1|Stakataka|\n|poke|p1|Xurkitree|\n|poke|p2|Xerneas-*|\n|poke|p2|Arceus|\n|poke|p2|Blaziken, M|\n|poke|p2|Lugia|\n|poke|p2|Zygarde|\n|poke|p2|Cyclizar, M|\n|teampreview\n|inactive|Battle timer is ON: inactive players will automatically lose when time's up. (requested by Vitu1)\n|\n|t:|1700849845\n|start\n|switch|p1a: Towering|Stakataka|100\/100\n|switch|p2a: Cyclizar|Cyclizar, M|100\/100\n|-item|p1a: Towering|Air Balloon\n|turn|1\n|c|\u2606ManBehindSIaghter|Boutta be a cold december...\n|\n|t:|1700849872\n|move|p2a: Cyclizar|Shed Tail|p2a: Cyclizar\n|-start|p2a: Cyclizar|Substitute|[from] move: Shed Tail\n|-damage|p2a: Cyclizar|50\/100\n|\n|t:|1700849878\n|switch|p2a: Blaziken|Blaziken, M, shiny|100\/100|[from] Shed Tail\n|move|p1a: Towering|Trick Room|p1a: Towering\n|-fieldstart|move: Trick Room|[of] p1a: Towering\n|\n|upkeep\n|turn|2\n|\n|t:|1700849885\n|move|p1a: Towering|Earthquake|p2a: Blaziken\n|-supereffective|p2a: Blaziken\n|-end|p2a: Blaziken|Substitute\n|move|p2a: Blaziken|Swords Dance|p2a: Blaziken\n|-boost|p2a: Blaziken|atk|2\n|\n|-ability|p2a: Blaziken|Speed Boost|boost\n|-boost|p2a: Blaziken|spe|1\n|upkeep\n|turn|3\n|\n|t:|1700849892\n|move|p1a: Towering|Earthquake|p2a: Blaziken\n|-supereffective|p2a: Blaziken\n|-damage|p2a: Blaziken|0 fnt\n|faint|p2a: Blaziken\n|-ability|p1a: Towering|Beast Boost|boost\n|-boost|p1a: Towering|def|1\n|\n|upkeep\n|\n|t:|1700849902\n|switch|p2a: Cyclizar|Cyclizar, M|84\/100\n|turn|4\n|\n|t:|1700849907\n|move|p1a: Towering|Iron Head|p2a: Cyclizar\n|-damage|p2a: Cyclizar|20\/100\n|move|p2a: Cyclizar|Shed Tail|p2a: Cyclizar\n|-fail|p2a: Cyclizar|move: Shed Tail|[weak]\n|\n|upkeep\n|turn|5\n|c|\u2606ManBehindSIaghter|second try?\n|\n|t:|1700849919\n|move|p1a: Towering|Iron Head|p2a: Cyclizar\n|-damage|p2a: Cyclizar|0 fnt\n|faint|p2a: Cyclizar\n|-ability|p1a: Towering|Beast Boost|boost\n|-boost|p1a: Towering|def|1\n|\n|-fieldend|move: Trick Room\n|upkeep\n|\n|t:|1700849925\n|switch|p2a: Arceus|Arceus|100\/100\n|turn|6\n|\n|t:|1700849931\n|move|p2a: Arceus|Swords Dance|p2a: Arceus\n|-boost|p2a: Arceus|atk|2\n|move|p1a: Towering|Trick Room|p1a: Towering\n|-fieldstart|move: Trick Room|[of] p1a: Towering\n|\n|upkeep\n|turn|7\n|\n|t:|1700849936\n|move|p1a: Towering|Iron Head|p2a: Arceus\n|-damage|p2a: Arceus|73\/100\n|move|p2a: Arceus|Swords Dance|p2a: Arceus\n|-boost|p2a: Arceus|atk|2\n|\n|upkeep\n|turn|8\n|\n|t:|1700849945\n|move|p1a: Towering|Iron Head|p2a: Arceus\n|-damage|p2a: Arceus|47\/100\n|move|p2a: Arceus|Swords Dance|p2a: Arceus\n|-boost|p2a: Arceus|atk|2\n|\n|upkeep\n|turn|9\n|\n|t:|1700849950\n|-terastallize|p2a: Arceus|Normal\n|move|p2a: Arceus|Extreme Speed|p1a: Towering\n|-resisted|p1a: Towering\n|-damage|p1a: Towering|80\/100\n|-enditem|p1a: Towering|Air Balloon\n|move|p1a: Towering|Iron Head|p2a: Arceus\n|-crit|p2a: Arceus\n|-damage|p2a: Arceus|3\/100\n|\n|upkeep\n|turn|10\n|\n|t:|1700849963\n|move|p1a: Towering|Earthquake|p2a: Arceus\n|-damage|p2a: Arceus|0 fnt\n|faint|p2a: Arceus\n|-ability|p1a: Towering|Beast Boost|boost\n|-boost|p1a: Towering|def|1\n|\n|-fieldend|move: Trick Room\n|upkeep\n|\n|t:|1700849970\n|switch|p2a: Zygarde|Zygarde, shiny|100\/100\n|turn|11\n|\n|t:|1700849974\n|move|p2a: Zygarde|Substitute|p2a: Zygarde\n|-start|p2a: Zygarde|Substitute\n|-damage|p2a: Zygarde|76\/100\n|move|p1a: Towering|Trick Room|p1a: Towering\n|-fieldstart|move: Trick Room|[of] p1a: Towering\n|\n|-heal|p2a: Zygarde|82\/100|[from] item: Leftovers\n|upkeep\n|turn|12\n|\n|t:|1700849980\n|switch|p1a: Smol|Shuckle, F, shiny|100\/100\n|move|p2a: Zygarde|Dragon Dance|p2a: Zygarde\n|-boost|p2a: Zygarde|atk|1\n|-boost|p2a: Zygarde|spe|1\n|\n|-heal|p2a: Zygarde|88\/100|[from] item: Leftovers\n|upkeep\n|turn|13\n|\n|t:|1700849988\n|move|p1a: Smol|Sticky Web|p2a: Zygarde\n|-sidestart|p2: Vitu1|move: Sticky Web\n|move|p2a: Zygarde|Dragon Dance|p2a: Zygarde\n|-boost|p2a: Zygarde|atk|1\n|-boost|p2a: Zygarde|spe|1\n|\n|-heal|p2a: Zygarde|94\/100|[from] item: Leftovers\n|upkeep\n|turn|14\n|\n|t:|1700849994\n|move|p1a: Smol|Stealth Rock|p2a: Zygarde\n|-sidestart|p2: Vitu1|move: Stealth Rock\n|move|p2a: Zygarde|Thousand Arrows|p1a: Smol\n|-damage|p1a: Smol|44\/100\n|\n|-heal|p2a: Zygarde|99\/100|[from] item: Leftovers\n|upkeep\n|turn|15\n|\n|t:|1700850003\n|move|p1a: Smol|Infestation|p2a: Zygarde\n|-activate|p2a: Zygarde|move: Substitute|[damage]\n|move|p2a: Zygarde|Dragon Dance|p2a: Zygarde\n|-boost|p2a: Zygarde|atk|1\n|-boost|p2a: Zygarde|spe|1\n|\n|-heal|p2a: Zygarde|100\/100|[from] item: Leftovers\n|-fieldend|move: Trick Room\n|upkeep\n|turn|16\n|\n|t:|1700850013\n|switch|p1a: Towering|Stakataka|80\/100\n|move|p2a: Zygarde|Dragon Dance|p2a: Zygarde\n|-boost|p2a: Zygarde|atk|1\n|-boost|p2a: Zygarde|spe|1\n|\n|upkeep\n|turn|17\n|\n|t:|1700850019\n|move|p2a: Zygarde|Thousand Arrows|p1a: Towering\n|-supereffective|p1a: Towering\n|-damage|p1a: Towering|0 fnt\n|faint|p1a: Towering\n|\n|upkeep\n|\n|t:|1700850031\n|switch|p1a: Bulkykyu|Mimikyu, F|100\/100\n|turn|18\n|inactive|Vitu1 has 120 seconds left.\n|\n|t:|1700850061\n|move|p2a: Zygarde|Thousand Arrows|p1a: Bulkykyu\n|-activate|p1a: Bulkykyu|ability: Disguise\n|-damage|p1a: Bulkykyu|100\/100\n|detailschange|p1a: Bulkykyu|Mimikyu-Busted, F\n|-damage|p1a: Bulkykyu|88\/100|[from] pokemon: Mimikyu-Busted\n|-zpower|p1a: Bulkykyu\n|move|p1a: Bulkykyu|Let's Snuggle Forever|p2a: Zygarde|[zeffect]\n|-supereffective|p2a: Zygarde\n|-end|p2a: Zygarde|Substitute\n|\n|upkeep\n|turn|19\n|inactive|Vitu1 has 120 seconds left.\n|\n|t:|1700850076\n|move|p1a: Bulkykyu|Shadow Sneak|p2a: Zygarde\n|-crit|p2a: Zygarde\n|-damage|p2a: Zygarde|81\/100\n|move|p2a: Zygarde|Thousand Arrows|p1a: Bulkykyu\n|-damage|p1a: Bulkykyu|0 fnt\n|faint|p1a: Bulkykyu\n|\n|-heal|p2a: Zygarde|87\/100|[from] item: Leftovers\n|upkeep\n|\n|t:|1700850084\n|switch|p1a: Big whale|Kyogre, shiny|100\/100\n|detailschange|p1a: Big whale|Kyogre-Primal, shiny\n|-primal|p1a: Big whale|Blue Orb\n|-weather|PrimordialSea|[from] ability: Primordial Sea|[of] p1a: Big whale\n|turn|20\n|\n|t:|1700850090\n|move|p1a: Big whale|Ice Beam|p2a: Zygarde\n|-supereffective|p2a: Zygarde\n|-damage|p2a: Zygarde|0 fnt\n|faint|p2a: Zygarde\n|\n|-weather|PrimordialSea|[upkeep]\n|upkeep\n|\n|t:|1700850097\n|switch|p2a: Lugia|Lugia, shiny|100\/100\n|-damage|p2a: Lugia|75\/100|[from] Stealth Rock\n|turn|21\n|\n|t:|1700850104\n|move|p2a: Lugia|Calm Mind|p2a: Lugia\n|-boost|p2a: Lugia|spa|1\n|-boost|p2a: Lugia|spd|1\n|move|p1a: Big whale|Thunder|p2a: Lugia\n|-supereffective|p2a: Lugia\n|-damage|p2a: Lugia|39\/100\n|\n|-weather|PrimordialSea|[upkeep]\n|-heal|p2a: Lugia|46\/100|[from] item: Leftovers\n|upkeep\n|turn|22\n|\n|t:|1700850112\n|move|p2a: Lugia|Roost|p2a: Lugia\n|-heal|p2a: Lugia|96\/100\n|-singleturn|p2a: Lugia|move: Roost\n|move|p1a: Big whale|Toxic|p2a: Lugia|[miss]\n|-miss|p1a: Big whale|p2a: Lugia\n|\n|-weather|PrimordialSea|[upkeep]\n|-heal|p2a: Lugia|100\/100|[from] item: Leftovers\n|upkeep\n|turn|23\n|\n|t:|1700850120\n|move|p2a: Lugia|Toxic|p1a: Big whale\n|-status|p1a: Big whale|tox\n|move|p1a: Big whale|Toxic|p2a: Lugia\n|-status|p2a: Lugia|tox\n|\n|-weather|PrimordialSea|[upkeep]\n|-damage|p2a: Lugia|94\/100 tox|[from] psn\n|-damage|p1a: Big whale|94\/100 tox|[from] psn\n|upkeep\n|turn|24\n|\n|t:|1700850127\n|move|p2a: Lugia|Calm Mind|p2a: Lugia\n|-boost|p2a: Lugia|spa|1\n|-boost|p2a: Lugia|spd|1\n|move|p1a: Big whale|Thunder|p2a: Lugia\n|-supereffective|p2a: Lugia\n|-damage|p2a: Lugia|66\/100 tox\n|\n|-weather|PrimordialSea|[upkeep]\n|-heal|p2a: Lugia|73\/100 tox|[from] item: Leftovers\n|-damage|p2a: Lugia|60\/100 tox|[from] psn\n|-damage|p1a: Big whale|82\/100 tox|[from] psn\n|upkeep\n|turn|25\n|\n|t:|1700850138\n|move|p2a: Lugia|Roost|p2a: Lugia\n|-heal|p2a: Lugia|100\/100 tox\n|-singleturn|p2a: Lugia|move: Roost\n|move|p1a: Big whale|Ice Beam|p2a: Lugia\n|-damage|p2a: Lugia|95\/100 tox\n|\n|-weather|PrimordialSea|[upkeep]\n|-heal|p2a: Lugia|100\/100 tox|[from] item: Leftovers\n|-damage|p2a: Lugia|82\/100 tox|[from] psn\n|-damage|p1a: Big whale|64\/100 tox|[from] psn\n|upkeep\n|turn|26\n|\n|t:|1700850156\n|move|p2a: Lugia|Psychic|p1a: Big whale\n|-damage|p1a: Big whale|28\/100 tox\n|move|p1a: Big whale|Ice Beam|p2a: Lugia\n|-supereffective|p2a: Lugia\n|-crit|p2a: Lugia\n|-damage|p2a: Lugia|13\/100 tox\n|\n|-weather|PrimordialSea|[upkeep]\n|-heal|p2a: Lugia|20\/100 tox|[from] item: Leftovers\n|-damage|p2a: Lugia|0 fnt|[from] psn\n|faint|p2a: Lugia\n|-damage|p1a: Big whale|4\/100 tox|[from] psn\n|upkeep\n|\n|t:|1700850162\n|switch|p2a: Xerneas|Xerneas|100\/100\n|-activate|p2a: Xerneas|move: Sticky Web\n|-unboost|p2a: Xerneas|spe|1\n|-damage|p2a: Xerneas|88\/100|[from] Stealth Rock\n|-ability|p2a: Xerneas|Fairy Aura\n|turn|27\n|\n|t:|1700850172\n|-weather|none\n|switch|p1a: Door stuck!|Aggron, F|100\/100\n|move|p2a: Xerneas|Substitute|p2a: Xerneas\n|-start|p2a: Xerneas|Substitute\n|-damage|p2a: Xerneas|63\/100\n|\n|upkeep\n|turn|28\n|\n|t:|1700850181\n|detailschange|p1a: Door stuck!|Aggron-Mega, F\n|-mega|p1a: Door stuck!|Aggron|Aggronite\n|move|p2a: Xerneas|Geomancy||[still]\n|-prepare|p2a: Xerneas|Geomancy\n|-enditem|p2a: Xerneas|Power Herb\n|-anim|p2a: Xerneas|Geomancy|p2a: Xerneas\n|-boost|p2a: Xerneas|spa|2\n|-boost|p2a: Xerneas|spd|2\n|-boost|p2a: Xerneas|spe|2\n|move|p1a: Door stuck!|Heavy Slam|p2a: Xerneas\n|-supereffective|p2a: Xerneas\n|-end|p2a: Xerneas|Substitute\n|\n|upkeep\n|turn|29\n|\n|t:|1700850191\n|move|p2a: Xerneas|Thunder|p1a: Door stuck!\n|-damage|p1a: Door stuck!|0 fnt\n|faint|p1a: Door stuck!\n|\n|upkeep\n|\n|t:|1700850199\n|switch|p1a: A TREE|Xurkitree, shiny|100\/100\n|turn|30\n|\n|t:|1700850207\n|-terastallize|p1a: A TREE|Electric\n|move|p2a: Xerneas|Moonblast|p1a: A TREE\n|-crit|p1a: A TREE\n|-damage|p1a: A TREE|0 fnt\n|faint|p1a: A TREE\n|\n|upkeep\n|\n|t:|1700850213\n|switch|p1a: Smol|Shuckle, F, shiny|44\/100\n|turn|31\n|c|\u2606Vitu1|why u stop talk?\n|\n|t:|1700850219\n|move|p2a: Xerneas|Moonblast|p1a: Smol\n|-damage|p1a: Smol|0 fnt\n|faint|p1a: Smol\n|\n|upkeep\n|c|\u2606ManBehindSIaghter|because you dont lol\n|\n|t:|1700850227\n|switch|p1a: Big whale|Kyogre-Primal, shiny|4\/100 tox\n|-weather|PrimordialSea|[from] ability: Primordial Sea|[of] p1a: Big whale\n|turn|32\n|c|\u2606ManBehindSIaghter|ggwp bud)\n|\n|t:|1700850233\n|move|p2a: Xerneas|Moonblast|p1a: Big whale\n|-damage|p1a: Big whale|0 fnt\n|faint|p1a: Big whale\n|-weather|none\n|\n|win|Vitu1\n|raw|ManBehindSIaghter's rating: 1146 &rarr; <strong>1125<\/strong><br \/>(-21 for losing)\n|raw|Vitu1's rating: 1195 &rarr; <strong>1216<\/strong><br \/>(+21 for winning)\n|c|\u2606Vitu1|izi game\n","uploadtime":1700850247,"views":14,"p1id":"manbehindsiaghter","p2id":"vitu1","formatid":"gen9nationaldexubers","rating":1125,"private":0,"password":""}