{"id":"gen9nationaldexubers-1983796461","p1":"mega qy","p2":"Soyeon is a cutie","format":"[Gen 9] National Dex Ubers","log":"|j|\u2606mega qy\n|j|\u2606Soyeon is a cutie\n|t:|1699182798\n|gametype|singles\n|player|p1|mega qy|lusamine-nihilego|1612\n|player|p2|Soyeon is a cutie|idol|1712\n|teamsize|p1|6\n|teamsize|p2|6\n|gen|9\n|tier|[Gen 9] National Dex Ubers\n|rated|\n|rule|HP Percentage Mod: HP is shown in percentages\n|rule|Endless Battle Clause: Forcing endless battles is banned\n|rule|OHKO Clause: OHKO moves are banned\n|rule|Evasion Moves Clause: Evasion moves are banned\n|rule|Evasion Items Clause: Evasion items are banned\n|rule|Species Clause: Limit one of each Pok\u00e9mon\n|rule|Sleep Clause Mod: Limit one foe put to sleep\n|rule|Mega Rayquaza Clause: You cannot mega evolve Rayquaza\n|clearpoke\n|poke|p1|Hatterene, F|\n|poke|p1|Calyrex-Ice|\n|poke|p1|Cresselia, F|\n|poke|p1|Arceus|\n|poke|p1|Melmetal|\n|poke|p1|Groudon|\n|poke|p2|Arceus-Fairy|\n|poke|p2|Kingambit, F|\n|poke|p2|Ditto|\n|poke|p2|Urshifu-*, F|\n|poke|p2|Lunala|\n|poke|p2|Necrozma-Dusk-Mane|\n|teampreview\n|inactive|Battle timer is ON: inactive players will automatically lose when time's up. (requested by Soyeon is a cutie)\n|\n|t:|1699182826\n|start\n|switch|p1a: \u9752\u6625\u97f3\u7bb1\u87c0\u4e0d\u4f1a\u68a6\u89c1\u9b54\u5973\u5b66\u59d0|Hatterene, F, shiny|100\/100\n|switch|p2a: Kingambit|Kingambit, F|100\/100\n|turn|1\n|\n|t:|1699182834\n|move|p2a: Kingambit|Iron Head|p1a: \u9752\u6625\u97f3\u7bb1\u87c0\u4e0d\u4f1a\u68a6\u89c1\u9b54\u5973\u5b66\u59d0\n|-supereffective|p1a: \u9752\u6625\u97f3\u7bb1\u87c0\u4e0d\u4f1a\u68a6\u89c1\u9b54\u5973\u5b66\u59d0\n|-enditem|p1a: \u9752\u6625\u97f3\u7bb1\u87c0\u4e0d\u4f1a\u68a6\u89c1\u9b54\u5973\u5b66\u59d0|Focus Sash\n|-damage|p1a: \u9752\u6625\u97f3\u7bb1\u87c0\u4e0d\u4f1a\u68a6\u89c1\u9b54\u5973\u5b66\u59d0|1\/100\n|move|p1a: \u9752\u6625\u97f3\u7bb1\u87c0\u4e0d\u4f1a\u68a6\u89c1\u9b54\u5973\u5b66\u59d0|Trick Room|p1a: \u9752\u6625\u97f3\u7bb1\u87c0\u4e0d\u4f1a\u68a6\u89c1\u9b54\u5973\u5b66\u59d0\n|-fieldstart|move: Trick Room|[of] p1a: \u9752\u6625\u97f3\u7bb1\u87c0\u4e0d\u4f1a\u68a6\u89c1\u9b54\u5973\u5b66\u59d0\n|\n|upkeep\n|turn|2\n|\n|t:|1699182840\n|switch|p1a: \u8fd9\u4e2a\u4e16\u754c\u5371\u5728\u65e6\u5915|Groudon|100\/100\n|detailschange|p1a: \u8fd9\u4e2a\u4e16\u754c\u5371\u5728\u65e6\u5915|Groudon-Primal\n|-primal|p1a: \u8fd9\u4e2a\u4e16\u754c\u5371\u5728\u65e6\u5915|Red Orb\n|-weather|DesolateLand|[from] ability: Desolate Land|[of] p1a: \u8fd9\u4e2a\u4e16\u754c\u5371\u5728\u65e6\u5915\n|move|p2a: Kingambit|Swords Dance|p2a: Kingambit\n|-boost|p2a: Kingambit|atk|2\n|\n|-weather|DesolateLand|[upkeep]\n|upkeep\n|turn|3\n|\n|t:|1699182860\n|-end|p2a: Kingambit|fallenundefined|[silent]\n|switch|p2a: Arceus|Arceus-Fairy|100\/100\n|move|p1a: \u8fd9\u4e2a\u4e16\u754c\u5371\u5728\u65e6\u5915|Heat Crash|p2a: Arceus\n|-damage|p2a: Arceus|59\/100\n|\n|-weather|DesolateLand|[upkeep]\n|upkeep\n|turn|4\n|\n|t:|1699182865\n|move|p1a: \u8fd9\u4e2a\u4e16\u754c\u5371\u5728\u65e6\u5915|Eruption|p2a: Arceus\n|-damage|p2a: Arceus|0 fnt\n|faint|p2a: Arceus\n|\n|-weather|DesolateLand|[upkeep]\n|upkeep\n|\n|t:|1699182871\n|switch|p2a: Necrozma|Necrozma-Dusk-Mane, shiny|100\/100\n|turn|5\n|\n|t:|1699182878\n|detailschange|p2a: Necrozma|Necrozma-Ultra, shiny\n|-burst|p2a: Necrozma|Necrozma|Ultranecrozium Z\n|move|p1a: \u8fd9\u4e2a\u4e16\u754c\u5371\u5728\u65e6\u5915|Eruption|p2a: Necrozma\n|-resisted|p2a: Necrozma\n|-damage|p2a: Necrozma|19\/100\n|move|p2a: Necrozma|Earth Power|p1a: \u8fd9\u4e2a\u4e16\u754c\u5371\u5728\u65e6\u5915\n|-supereffective|p1a: \u8fd9\u4e2a\u4e16\u754c\u5371\u5728\u65e6\u5915\n|-damage|p1a: \u8fd9\u4e2a\u4e16\u754c\u5371\u5728\u65e6\u5915|1\/100\n|\n|-weather|DesolateLand|[upkeep]\n|-fieldend|move: Trick Room\n|upkeep\n|turn|6\n|\n|t:|1699182890\n|move|p2a: Necrozma|Photon Geyser|p1a: \u8fd9\u4e2a\u4e16\u754c\u5371\u5728\u65e6\u5915\n|-damage|p1a: \u8fd9\u4e2a\u4e16\u754c\u5371\u5728\u65e6\u5915|0 fnt\n|faint|p1a: \u8fd9\u4e2a\u4e16\u754c\u5371\u5728\u65e6\u5915\n|-weather|none\n|\n|upkeep\n|\n|t:|1699182897\n|switch|p1a: \u4eca\u665a\u505a\u4e2a\u597d\u68a6\u5427|Cresselia, F|100\/100\n|turn|7\n|\n|t:|1699182901\n|move|p2a: Necrozma|Stealth Rock|p1a: \u4eca\u665a\u505a\u4e2a\u597d\u68a6\u5427\n|-sidestart|p1: mega qy|move: Stealth Rock\n|move|p1a: \u4eca\u665a\u505a\u4e2a\u597d\u68a6\u5427|Trick Room|p1a: \u4eca\u665a\u505a\u4e2a\u597d\u68a6\u5427\n|-fieldstart|move: Trick Room|[of] p1a: \u4eca\u665a\u505a\u4e2a\u597d\u68a6\u5427\n|\n|upkeep\n|turn|8\n|\n|t:|1699182912\n|move|p1a: \u4eca\u665a\u505a\u4e2a\u597d\u68a6\u5427|Lunar Dance|p1a: \u4eca\u665a\u505a\u4e2a\u597d\u68a6\u5427\n|faint|p1a: \u4eca\u665a\u505a\u4e2a\u597d\u68a6\u5427\n|move|p2a: Necrozma|Photon Geyser|p1: \u4eca\u665a\u505a\u4e2a\u597d\u68a6\u5427|[notarget]\n|-fail|p2a: Necrozma\n|\n|upkeep\n|\n|t:|1699182916\n|switch|p1a: \u6211\u8981\u51b0\u5c01\u8fd9\u4e2a\u4e16\u754c|Calyrex-Ice|100\/100\n|-ability|p1a: \u6211\u8981\u51b0\u5c01\u8fd9\u4e2a\u4e16\u754c|As One\n|-ability|p1a: \u6211\u8981\u51b0\u5c01\u8fd9\u4e2a\u4e16\u754c|Unnerve\n|-damage|p1a: \u6211\u8981\u51b0\u5c01\u8fd9\u4e2a\u4e16\u754c|76\/100|[from] Stealth Rock\n|turn|9\n|\n|t:|1699182923\n|-terastallize|p1a: \u6211\u8981\u51b0\u5c01\u8fd9\u4e2a\u4e16\u754c|Ice\n|move|p1a: \u6211\u8981\u51b0\u5c01\u8fd9\u4e2a\u4e16\u754c|Glacial Lance|p2a: Necrozma\n|-supereffective|p2a: Necrozma\n|-damage|p2a: Necrozma|0 fnt\n|faint|p2a: Necrozma\n|-ability|p1a: \u6211\u8981\u51b0\u5c01\u8fd9\u4e2a\u4e16\u754c|Chilling Neigh|boost\n|-boost|p1a: \u6211\u8981\u51b0\u5c01\u8fd9\u4e2a\u4e16\u754c|atk|1\n|\n|upkeep\n|\n|t:|1699182928\n|switch|p2a: Ditto|Ditto, shiny|100\/100\n|-transform|p2a: Ditto|p1a: \u6211\u8981\u51b0\u5c01\u8fd9\u4e2a\u4e16\u754c|[from] ability: Imposter\n|-start|p2a: Ditto|typechange|Psychic\/Ice|[silent]\n|turn|10\n|\n|t:|1699182933\n|move|p1a: \u6211\u8981\u51b0\u5c01\u8fd9\u4e2a\u4e16\u754c|Glacial Lance|p2a: Ditto\n|-resisted|p2a: Ditto\n|-damage|p2a: Ditto|6\/100\n|move|p2a: Ditto|Glacial Lance|p1a: \u6211\u8981\u51b0\u5c01\u8fd9\u4e2a\u4e16\u754c\n|-resisted|p1a: \u6211\u8981\u51b0\u5c01\u8fd9\u4e2a\u4e16\u754c\n|-damage|p1a: \u6211\u8981\u51b0\u5c01\u8fd9\u4e2a\u4e16\u754c|38\/100\n|\n|upkeep\n|turn|11\n|\n|t:|1699182938\n|move|p1a: \u6211\u8981\u51b0\u5c01\u8fd9\u4e2a\u4e16\u754c|Glacial Lance|p2a: Ditto\n|-resisted|p2a: Ditto\n|-damage|p2a: Ditto|0 fnt\n|faint|p2a: Ditto\n|-ability|p1a: \u6211\u8981\u51b0\u5c01\u8fd9\u4e2a\u4e16\u754c|Chilling Neigh|boost\n|-boost|p1a: \u6211\u8981\u51b0\u5c01\u8fd9\u4e2a\u4e16\u754c|atk|1\n|\n|-fieldend|move: Trick Room\n|upkeep\n|\n|t:|1699182944\n|switch|p2a: Urshifu|Urshifu, F|100\/100\n|turn|12\n|\n|t:|1699182947\n|switch|p1a: \u9752\u6625\u97f3\u7bb1\u87c0\u4e0d\u4f1a\u68a6\u89c1\u9b54\u5973\u5b66\u59d0|Hatterene, F, shiny|1\/100\n|-heal|p1a: \u9752\u6625\u97f3\u7bb1\u87c0\u4e0d\u4f1a\u68a6\u89c1\u9b54\u5973\u5b66\u59d0|100\/100|[from] move: Lunar Dance\n|-damage|p1a: \u9752\u6625\u97f3\u7bb1\u87c0\u4e0d\u4f1a\u68a6\u89c1\u9b54\u5973\u5b66\u59d0|88\/100|[from] Stealth Rock\n|move|p2a: Urshifu|Low Kick|p1a: \u9752\u6625\u97f3\u7bb1\u87c0\u4e0d\u4f1a\u68a6\u89c1\u9b54\u5973\u5b66\u59d0\n|-resisted|p1a: \u9752\u6625\u97f3\u7bb1\u87c0\u4e0d\u4f1a\u68a6\u89c1\u9b54\u5973\u5b66\u59d0\n|-damage|p1a: \u9752\u6625\u97f3\u7bb1\u87c0\u4e0d\u4f1a\u68a6\u89c1\u9b54\u5973\u5b66\u59d0|84\/100\n|-damage|p2a: Urshifu|91\/100|[from] item: Life Orb\n|\n|upkeep\n|turn|13\n|\n|t:|1699182955\n|-terastallize|p2a: Urshifu|Steel\n|move|p2a: Urshifu|Iron Head|p1a: \u9752\u6625\u97f3\u7bb1\u87c0\u4e0d\u4f1a\u68a6\u89c1\u9b54\u5973\u5b66\u59d0\n|-supereffective|p1a: \u9752\u6625\u97f3\u7bb1\u87c0\u4e0d\u4f1a\u68a6\u89c1\u9b54\u5973\u5b66\u59d0\n|-damage|p1a: \u9752\u6625\u97f3\u7bb1\u87c0\u4e0d\u4f1a\u68a6\u89c1\u9b54\u5973\u5b66\u59d0|0 fnt\n|faint|p1a: \u9752\u6625\u97f3\u7bb1\u87c0\u4e0d\u4f1a\u68a6\u89c1\u9b54\u5973\u5b66\u59d0\n|-damage|p2a: Urshifu|81\/100|[from] item: Life Orb\n|\n|upkeep\n|\n|t:|1699182960\n|switch|p1a: \u6700\u5f3a\u6218\u795e\u5b99\u65af|Arceus|100\/100\n|-damage|p1a: \u6700\u5f3a\u6218\u795e\u5b99\u65af|88\/100|[from] Stealth Rock\n|turn|14\n|\n|t:|1699182965\n|move|p2a: Urshifu|Low Kick|p1a: \u6700\u5f3a\u6218\u795e\u5b99\u65af\n|-supereffective|p1a: \u6700\u5f3a\u6218\u795e\u5b99\u65af\n|-damage|p1a: \u6700\u5f3a\u6218\u795e\u5b99\u65af|13\/100\n|-damage|p2a: Urshifu|71\/100|[from] item: Life Orb\n|move|p1a: \u6700\u5f3a\u6218\u795e\u5b99\u65af|Trick Room|p1a: \u6700\u5f3a\u6218\u795e\u5b99\u65af\n|-fieldstart|move: Trick Room|[of] p1a: \u6700\u5f3a\u6218\u795e\u5b99\u65af\n|\n|upkeep\n|turn|15\n|\n|t:|1699182977\n|switch|p2a: Lunala|Lunala, shiny|100\/100\n|move|p1a: \u6700\u5f3a\u6218\u795e\u5b99\u65af|Healing Wish|p1a: \u6700\u5f3a\u6218\u795e\u5b99\u65af\n|faint|p1a: \u6700\u5f3a\u6218\u795e\u5b99\u65af\n|\n|upkeep\n|\n|t:|1699182981\n|switch|p1a: \u6211\u8981\u51b0\u5c01\u8fd9\u4e2a\u4e16\u754c|Calyrex-Ice, tera:Ice|38\/100\n|-ability|p1a: \u6211\u8981\u51b0\u5c01\u8fd9\u4e2a\u4e16\u754c|As One\n|-ability|p1a: \u6211\u8981\u51b0\u5c01\u8fd9\u4e2a\u4e16\u754c|Unnerve\n|-heal|p1a: \u6211\u8981\u51b0\u5c01\u8fd9\u4e2a\u4e16\u754c|100\/100|[from] move: Healing Wish\n|-damage|p1a: \u6211\u8981\u51b0\u5c01\u8fd9\u4e2a\u4e16\u754c|76\/100|[from] Stealth Rock\n|turn|16\n|\n|t:|1699183000\n|move|p1a: \u6211\u8981\u51b0\u5c01\u8fd9\u4e2a\u4e16\u754c|Glacial Lance|p2a: Lunala\n|-damage|p2a: Lunala|24\/100\n|move|p2a: Lunala|Moongeist Beam|p1a: \u6211\u8981\u51b0\u5c01\u8fd9\u4e2a\u4e16\u754c\n|-damage|p1a: \u6211\u8981\u51b0\u5c01\u8fd9\u4e2a\u4e16\u754c|40\/100\n|\n|upkeep\n|turn|17\n|\n|t:|1699183009\n|move|p1a: \u6211\u8981\u51b0\u5c01\u8fd9\u4e2a\u4e16\u754c|Glacial Lance|p2a: Lunala\n|-damage|p2a: Lunala|0 fnt\n|faint|p2a: Lunala\n|-ability|p1a: \u6211\u8981\u51b0\u5c01\u8fd9\u4e2a\u4e16\u754c|Chilling Neigh|boost\n|-boost|p1a: \u6211\u8981\u51b0\u5c01\u8fd9\u4e2a\u4e16\u754c|atk|1\n|\n|upkeep\n|\n|t:|1699183012\n|switch|p2a: Kingambit|Kingambit, F|100\/100\n|-activate|p2a: Kingambit|ability: Supreme Overlord\n|-start|p2a: Kingambit|fallen4|[silent]\n|turn|18\n|\n|t:|1699183014\n|move|p2a: Kingambit|Sucker Punch|p1a: \u6211\u8981\u51b0\u5c01\u8fd9\u4e2a\u4e16\u754c\n|-damage|p1a: \u6211\u8981\u51b0\u5c01\u8fd9\u4e2a\u4e16\u754c|0 fnt\n|faint|p1a: \u6211\u8981\u51b0\u5c01\u8fd9\u4e2a\u4e16\u754c\n|\n|-fieldend|move: Trick Room\n|upkeep\n|\n|t:|1699183017\n|switch|p1a: \u5c0f\u667a\u51a0\u519b\u5927\u9171|Melmetal|100\/100\n|-damage|p1a: \u5c0f\u667a\u51a0\u519b\u5927\u9171|94\/100|[from] Stealth Rock\n|turn|19\n|\n|t:|1699183024\n|move|p2a: Kingambit|Knock Off|p1a: \u5c0f\u667a\u51a0\u519b\u5927\u9171\n|-damage|p1a: \u5c0f\u667a\u51a0\u519b\u5927\u9171|47\/100\n|-enditem|p1a: \u5c0f\u667a\u51a0\u519b\u5927\u9171|Choice Band|[from] move: Knock Off|[of] p2a: Kingambit\n|move|p1a: \u5c0f\u667a\u51a0\u519b\u5927\u9171|Earthquake|p2a: Kingambit\n|-supereffective|p2a: Kingambit\n|-damage|p2a: Kingambit|41\/100\n|\n|upkeep\n|turn|20\n|\n|t:|1699183031\n|move|p2a: Kingambit|Sucker Punch|p1a: \u5c0f\u667a\u51a0\u519b\u5927\u9171\n|-crit|p1a: \u5c0f\u667a\u51a0\u519b\u5927\u9171\n|-damage|p1a: \u5c0f\u667a\u51a0\u519b\u5927\u9171|0 fnt\n|faint|p1a: \u5c0f\u667a\u51a0\u519b\u5927\u9171\n|\n|win|Soyeon is a cutie\n|raw|mega qy's rating: 1612 &rarr; <strong>1598<\/strong><br \/>(-14 for losing)\n|raw|Soyeon is a cutie's rating: 1712 &rarr; <strong>1726<\/strong><br \/>(+14 for winning)\n|l|\u2606mega qy\n|l|\u2606Soyeon is a cutie\n","uploadtime":1699183041,"views":4,"p1id":"megaqy","p2id":"soyeonisacutie","formatid":"gen9nationaldexubers","rating":1598,"private":0,"password":""}