{"id":"gen9nationaldexubers-1996429773","p1":"Morohathepupper","p2":"85792195wwww","format":"[Gen 9] National Dex Ubers","log":"|j|\u2606Morohathepupper\n|j|\u260685792195wwww\n|t:|1700681211\n|gametype|singles\n|player|p1|Morohathepupper|gambler|1475\n|player|p2|85792195wwww|mira|1732\n|teamsize|p1|6\n|teamsize|p2|6\n|gen|9\n|tier|[Gen 9] National Dex Ubers\n|rated|\n|rule|HP Percentage Mod: HP is shown in percentages\n|rule|Endless Battle Clause: Forcing endless battles is banned\n|rule|OHKO Clause: OHKO moves are banned\n|rule|Evasion Moves Clause: Evasion moves are banned\n|rule|Evasion Items Clause: Evasion items are banned\n|rule|Species Clause: Limit one of each Pok\u00e9mon\n|rule|Sleep Clause Mod: Limit one foe put to sleep\n|rule|Mega Rayquaza Clause: You cannot mega evolve Rayquaza\n|clearpoke\n|poke|p1|Groudon|\n|poke|p1|Necrozma-Dusk-Mane|\n|poke|p1|Ho-Oh|\n|poke|p1|Zygarde|\n|poke|p1|Yveltal|\n|poke|p1|Arceus-Water|\n|poke|p2|Arceus|\n|poke|p2|Zacian-*|\n|poke|p2|Xerneas-*|\n|poke|p2|Kyurem-Black|\n|poke|p2|Groudon|\n|poke|p2|Krookodile, M|\n|teampreview\n|\n|t:|1700681230\n|start\n|switch|p1a: gen2 lax v 2023|Groudon|100\/100\n|switch|p2a: Kyurem|Kyurem-Black|100\/100\n|-ability|p2a: Kyurem|Teravolt\n|detailschange|p1a: gen2 lax v 2023|Groudon-Primal\n|-primal|p1a: gen2 lax v 2023|Red Orb\n|-weather|DesolateLand|[from] ability: Desolate Land|[of] p1a: gen2 lax v 2023\n|turn|1\n|\n|t:|1700681242\n|switch|p2a: Krookodile|Krookodile, M|100\/100\n|-ability|p2a: Krookodile|Intimidate|boost\n|-unboost|p1a: gen2 lax v 2023|atk|1\n|move|p1a: gen2 lax v 2023|Spikes|p2a: Krookodile\n|-sidestart|p2: 85792195wwww|Spikes\n|\n|-weather|DesolateLand|[upkeep]\n|upkeep\n|turn|2\n|\n|t:|1700681249\n|move|p2a: Krookodile|Stealth Rock|p1a: gen2 lax v 2023\n|-sidestart|p1: Morohathepupper|move: Stealth Rock\n|move|p1a: gen2 lax v 2023|Toxic|p2a: Krookodile|[miss]\n|-miss|p1a: gen2 lax v 2023|p2a: Krookodile\n|\n|-weather|DesolateLand|[upkeep]\n|upkeep\n|turn|3\n|\n|t:|1700681255\n|move|p2a: Krookodile|Bulldoze|p1a: gen2 lax v 2023\n|-supereffective|p1a: gen2 lax v 2023\n|-damage|p1a: gen2 lax v 2023|69\/100\n|-unboost|p1a: gen2 lax v 2023|spe|1\n|move|p1a: gen2 lax v 2023|Toxic|p2a: Krookodile\n|-status|p2a: Krookodile|tox\n|\n|-weather|DesolateLand|[upkeep]\n|-damage|p2a: Krookodile|94\/100 tox|[from] psn\n|upkeep\n|turn|4\n|\n|t:|1700681276\n|-weather|none\n|switch|p1a: Ho-Oh|Ho-Oh, shiny|100\/100\n|move|p2a: Krookodile|Taunt|p1a: Ho-Oh\n|-start|p1a: Ho-Oh|move: Taunt\n|\n|-damage|p2a: Krookodile|82\/100 tox|[from] psn\n|upkeep\n|turn|5\n|\n|t:|1700681285\n|move|p2a: Krookodile|Knock Off|p1a: Ho-Oh\n|-crit|p1a: Ho-Oh\n|-damage|p1a: Ho-Oh|56\/100\n|-enditem|p1a: Ho-Oh|Heavy-Duty Boots|[from] move: Knock Off|[of] p2a: Krookodile\n|move|p1a: Ho-Oh|Sacred Fire|p2a: Krookodile|[miss]\n|-miss|p1a: Ho-Oh|p2a: Krookodile\n|\n|-damage|p2a: Krookodile|64\/100 tox|[from] psn\n|upkeep\n|turn|6\n|c|\u2606Morohathepupper|All misses \ud83d\ude41\n|\n|t:|1700681307\n|move|p2a: Krookodile|Knock Off|p1a: Ho-Oh\n|-damage|p1a: Ho-Oh|35\/100\n|move|p1a: Ho-Oh|Sacred Fire|p2a: Krookodile\n|-damage|p2a: Krookodile|15\/100 tox\n|\n|-damage|p2a: Krookodile|0 fnt|[from] psn\n|faint|p2a: Krookodile\n|-end|p1a: Ho-Oh|move: Taunt\n|upkeep\n|\n|t:|1700681319\n|switch|p2a: Kyurem|Kyurem-Black|100\/100\n|-damage|p2a: Kyurem|88\/100|[from] Spikes\n|-ability|p2a: Kyurem|Teravolt\n|turn|7\n|c|\u2606Morohathepupper|Finally\n|\n|t:|1700681325\n|move|p2a: Kyurem|Icicle Spear|p1a: Ho-Oh\n|-damage|p1a: Ho-Oh|24\/100\n|-damage|p1a: Ho-Oh|12\/100\n|-damage|p1a: Ho-Oh|0 fnt\n|faint|p1a: Ho-Oh\n|-hitcount|p1: Ho-Oh|3\n|\n|upkeep\n|\n|t:|1700681336\n|switch|p1a: tera stole my gig|Arceus-Water|100\/100\n|-damage|p1a: tera stole my gig|88\/100|[from] Stealth Rock\n|turn|8\n|\n|t:|1700681342\n|move|p1a: tera stole my gig|Calm Mind|p1a: tera stole my gig\n|-boost|p1a: tera stole my gig|spa|1\n|-boost|p1a: tera stole my gig|spd|1\n|move|p2a: Kyurem|Dragon Dance|p2a: Kyurem\n|-boost|p2a: Kyurem|atk|1\n|-boost|p2a: Kyurem|spe|1\n|\n|upkeep\n|turn|9\n|\n|t:|1700681355\n|move|p2a: Kyurem|Substitute|p2a: Kyurem\n|-start|p2a: Kyurem|Substitute\n|-damage|p2a: Kyurem|63\/100\n|move|p1a: tera stole my gig|Earth Power|p2a: Kyurem\n|-end|p2a: Kyurem|Substitute\n|\n|upkeep\n|turn|10\n|\n|t:|1700681361\n|move|p2a: Kyurem|Fusion Bolt|p1a: tera stole my gig\n|-supereffective|p1a: tera stole my gig\n|-damage|p1a: tera stole my gig|0 fnt\n|faint|p1a: tera stole my gig\n|\n|upkeep\n|\n|t:|1700681370\n|switch|p1a: gen2 lax v 2023|Groudon-Primal|69\/100\n|-damage|p1a: gen2 lax v 2023|57\/100|[from] Stealth Rock\n|-weather|DesolateLand|[from] ability: Desolate Land|[of] p1a: gen2 lax v 2023\n|turn|11\n|\n|t:|1700681381\n|move|p2a: Kyurem|Icicle Spear|p1a: gen2 lax v 2023\n|-damage|p1a: gen2 lax v 2023|45\/100\n|-damage|p1a: gen2 lax v 2023|31\/100\n|-damage|p1a: gen2 lax v 2023|17\/100\n|-damage|p1a: gen2 lax v 2023|4\/100\n|-hitcount|p1a: gen2 lax v 2023|4\n|move|p1a: gen2 lax v 2023|Fire Punch|p2a: Kyurem\n|-damage|p2a: Kyurem|7\/100\n|\n|-weather|DesolateLand|[upkeep]\n|upkeep\n|turn|12\n|\n|t:|1700681394\n|move|p2a: Kyurem|Icicle Spear|p1a: gen2 lax v 2023\n|-damage|p1a: gen2 lax v 2023|0 fnt\n|faint|p1a: gen2 lax v 2023\n|-weather|none\n|-hitcount|p1: gen2 lax v 2023|1\n|\n|upkeep\n|\n|t:|1700681398\n|switch|p1a: #2|Necrozma-Dusk-Mane|100\/100\n|-damage|p1a: #2|94\/100|[from] Stealth Rock\n|turn|13\n|\n|t:|1700681406\n|move|p2a: Kyurem|Fusion Bolt|p1a: #2\n|-damage|p1a: #2|51\/100\n|move|p1a: #2|Toxic|p2a: Kyurem\n|-status|p2a: Kyurem|tox\n|\n|-heal|p1a: #2|57\/100|[from] item: Leftovers\n|-damage|p2a: Kyurem|1\/100 tox|[from] psn\n|upkeep\n|turn|14\n|\n|t:|1700681423\n|switch|p2a: Zacian|Zacian-Crowned|100\/100\n|-damage|p2a: Zacian|88\/100|[from] Spikes\n|-ability|p2a: Zacian|Intrepid Sword|boost\n|-boost|p2a: Zacian|atk|1\n|move|p1a: #2|Stealth Rock|p2a: Zacian\n|-sidestart|p2: 85792195wwww|move: Stealth Rock\n|\n|-heal|p1a: #2|63\/100|[from] item: Leftovers\n|upkeep\n|turn|15\n|\n|t:|1700681434\n|move|p2a: Zacian|Swords Dance|p2a: Zacian\n|-boost|p2a: Zacian|atk|2\n|move|p1a: #2|Moonlight|p1a: #2\n|-heal|p1a: #2|100\/100\n|\n|upkeep\n|turn|16\n|\n|t:|1700681441\n|move|p2a: Zacian|Swords Dance|p2a: Zacian\n|-boost|p2a: Zacian|atk|2\n|move|p1a: #2|Sunsteel Strike|p2a: Zacian\n|-damage|p2a: Zacian|39\/100\n|\n|upkeep\n|turn|17\n|\n|t:|1700681449\n|-terastallize|p2a: Zacian|Ground\n|move|p2a: Zacian|Tera Blast|p1a: #2|[anim] Tera Blast Ground\n|-supereffective|p1a: #2\n|-damage|p1a: #2|0 fnt\n|faint|p1a: #2\n|\n|upkeep\n|\n|t:|1700681460\n|switch|p1a: beefasaurus rex|Zygarde|100\/100\n|-damage|p1a: beefasaurus rex|94\/100|[from] Stealth Rock\n|turn|18\n|\n|t:|1700681473\n|move|p2a: Zacian|Tera Blast|p1a: beefasaurus rex|[anim] Tera Blast Ground\n|-damage|p1a: beefasaurus rex|17\/100\n|move|p1a: beefasaurus rex|Thousand Arrows|p2a: Zacian\n|-damage|p2a: Zacian|12\/100\n|\n|-heal|p1a: beefasaurus rex|23\/100|[from] item: Leftovers\n|-activate|p1a: beefasaurus rex|ability: Power Construct\n|detailschange|p1a: beefasaurus rex|Zygarde-Complete\n|-heal|p1a: beefasaurus rex|49\/100|[silent]\n|upkeep\n|turn|19\n|\n|t:|1700681493\n|move|p2a: Zacian|Behemoth Blade|p1a: beefasaurus rex\n|-damage|p1a: beefasaurus rex|0 fnt\n|faint|p1a: beefasaurus rex\n|\n|upkeep\n|\n|t:|1700681497\n|switch|p1a: held pdons mantle|Yveltal|100\/100\n|-damage|p1a: held pdons mantle|76\/100|[from] Stealth Rock\n|-ability|p1a: held pdons mantle|Dark Aura\n|turn|20\n|c|\u2606Morohathepupper|I lose\n|\n|t:|1700681505\n|switch|p2a: Kyurem|Kyurem-Black|1\/100 tox\n|-damage|p2a: Kyurem|0 fnt|[from] Spikes\n|faint|p2a: Kyurem\n|move|p1a: held pdons mantle|Oblivion Wing|p2: Kyurem|[notarget]\n|-fail|p1a: held pdons mantle\n|\n|upkeep\n|\n|t:|1700681512\n|switch|p2a: Xerneas|Xerneas|100\/100\n|-damage|p2a: Xerneas|88\/100|[from] Spikes\n|-damage|p2a: Xerneas|76\/100|[from] Stealth Rock\n|-ability|p2a: Xerneas|Fairy Aura\n|turn|21\n|\n|t:|1700681520\n|move|p1a: held pdons mantle|Taunt|p2a: Xerneas\n|-start|p2a: Xerneas|move: Taunt\n|move|p2a: Xerneas|Moonblast|p1a: held pdons mantle\n|-supereffective|p1a: held pdons mantle\n|-damage|p1a: held pdons mantle|0 fnt\n|faint|p1a: held pdons mantle\n|\n|win|85792195wwww\n|raw|Morohathepupper's rating: 1475 &rarr; <strong>1468<\/strong><br \/>(-7 for losing)\n|raw|85792195wwww's rating: 1732 &rarr; <strong>1739<\/strong><br \/>(+7 for winning)\n|l|\u2606Morohathepupper\n","uploadtime":1700681530,"views":0,"p1id":"morohathepupper","p2id":"85792195wwww","formatid":"gen9nationaldexubers","rating":1468,"private":0,"password":""}