{"id":"gen9nationaldexubers-1978548437","p1":"Louis Martinez","p2":"Angel Karma","format":"[Gen 9] National Dex Ubers","log":"|j|\u2606Louis Martinez\n|j|\u2606Angel Karma\n|t:|1698554116\n|gametype|singles\n|player|p1|Louis Martinez|bertha|1443\n|player|p2|Angel Karma|unknown|1499\n|teamsize|p1|6\n|teamsize|p2|6\n|gen|9\n|tier|[Gen 9] National Dex Ubers\n|rated|\n|rule|HP Percentage Mod: HP is shown in percentages\n|rule|Endless Battle Clause: Forcing endless battles is banned\n|rule|OHKO Clause: OHKO moves are banned\n|rule|Evasion Moves Clause: Evasion moves are banned\n|rule|Evasion Items Clause: Evasion items are banned\n|rule|Species Clause: Limit one of each Pok\u00e9mon\n|rule|Sleep Clause Mod: Limit one foe put to sleep\n|rule|Mega Rayquaza Clause: You cannot mega evolve Rayquaza\n|clearpoke\n|poke|p1|Arceus-Fairy|\n|poke|p1|Heatran, F|\n|poke|p1|Palkia|\n|poke|p1|Gliscor, F|\n|poke|p1|Basculegion, M|\n|poke|p1|Ursaluna, F|\n|poke|p2|Haxorus, F|\n|poke|p2|Groudon|\n|poke|p2|Ursaluna-Bloodmoon, M|\n|poke|p2|Yveltal|\n|poke|p2|Flutter Mane|\n|poke|p2|Lucario, F|\n|teampreview\n|inactive|Battle timer is ON: inactive players will automatically lose when time's up. (requested by Louis Martinez)\n|\n|t:|1698554135\n|start\n|switch|p1a: Magma|Heatran, F|100\/100\n|switch|p2a: Yveltal|Yveltal|100\/100\n|-ability|p2a: Yveltal|Dark Aura\n|turn|1\n|\n|t:|1698554145\n|move|p2a: Yveltal|Dark Pulse|p1a: Magma\n|-damage|p1a: Magma|62\/100\n|move|p1a: Magma|Stealth Rock|p2a: Yveltal\n|-sidestart|p2: Angel Karma|move: Stealth Rock\n|\n|-heal|p1a: Magma|68\/100|[from] item: Leftovers\n|upkeep\n|turn|2\n|\n|t:|1698554155\n|switch|p1a: God of faries|Arceus-Fairy|100\/100\n|-terastallize|p2a: Yveltal|Dark\n|move|p2a: Yveltal|Dark Pulse|p1a: God of faries\n|-resisted|p1a: God of faries\n|-damage|p1a: God of faries|75\/100\n|\n|upkeep\n|turn|3\n|\n|t:|1698554165\n|switch|p2a: Groudon|Groudon, shiny|100\/100\n|-damage|p2a: Groudon|94\/100|[from] Stealth Rock\n|detailschange|p2a: Groudon|Groudon-Primal, shiny\n|-primal|p2a: Groudon|Red Orb\n|-weather|DesolateLand|[from] ability: Desolate Land|[of] p2a: Groudon\n|move|p1a: God of faries|Judgment|p2a: Groudon\n|-resisted|p2a: Groudon\n|-damage|p2a: Groudon|64\/100\n|\n|-weather|DesolateLand|[upkeep]\n|upkeep\n|turn|4\n|\n|t:|1698554178\n|switch|p1a: Scorpion|Gliscor, F, shiny|100\/100\n|move|p2a: Groudon|Rock Polish|p2a: Groudon\n|-boost|p2a: Groudon|spe|2\n|\n|-weather|DesolateLand|[upkeep]\n|-status|p1a: Scorpion|tox|[from] item: Toxic Orb\n|upkeep\n|turn|5\n|\n|t:|1698554187\n|move|p2a: Groudon|Heat Crash|p1a: Scorpion\n|-damage|p1a: Scorpion|23\/100 tox\n|move|p1a: Scorpion|Earthquake|p2a: Groudon\n|-supereffective|p2a: Groudon\n|-damage|p2a: Groudon|17\/100\n|\n|-weather|DesolateLand|[upkeep]\n|-heal|p1a: Scorpion|35\/100 tox|[from] ability: Poison Heal\n|upkeep\n|turn|6\n|\n|t:|1698554203\n|switch|p1a: Pearl|Palkia|100\/100\n|-ability|p1a: Pearl|Pressure\n|move|p2a: Groudon|Heat Crash|p1a: Pearl\n|-resisted|p1a: Pearl\n|-damage|p1a: Pearl|86\/100\n|\n|-weather|DesolateLand|[upkeep]\n|upkeep\n|turn|7\n|\n|t:|1698554212\n|move|p2a: Groudon|Precipice Blades|p1a: Pearl\n|-damage|p1a: Pearl|14\/100\n|move|p1a: Pearl|Trick Room|p1a: Pearl\n|-fieldstart|move: Trick Room|[of] p1a: Pearl\n|\n|-weather|DesolateLand|[upkeep]\n|upkeep\n|turn|8\n|\n|t:|1698554219\n|move|p1a: Pearl|Draco Meteor|p2a: Groudon\n|-crit|p2a: Groudon\n|-damage|p2a: Groudon|0 fnt\n|-unboost|p1a: Pearl|spa|2\n|faint|p2a: Groudon\n|-weather|none\n|\n|upkeep\n|\n|t:|1698554230\n|switch|p2a: Ursaluna|Ursaluna-Bloodmoon, M|100\/100\n|-damage|p2a: Ursaluna|94\/100|[from] Stealth Rock\n|turn|9\n|\n|t:|1698554239\n|switch|p1a: Bear!|Ursaluna, F, shiny|100\/100\n|move|p2a: Ursaluna|Earth Power|p1a: Bear!\n|-damage|p1a: Bear!|58\/100\n|\n|-status|p1a: Bear!|brn|[from] item: Flame Orb\n|upkeep\n|turn|10\n|\n|t:|1698554248\n|move|p1a: Bear!|Drain Punch|p2a: Ursaluna\n|-supereffective|p2a: Ursaluna\n|-damage|p2a: Ursaluna|19\/100\n|-heal|p1a: Bear!|88\/100 brn|[from] drain|[of] p2a: Ursaluna\n|move|p2a: Ursaluna|Earth Power|p1a: Bear!\n|-damage|p1a: Bear!|49\/100 brn\n|\n|-damage|p1a: Bear!|42\/100 brn|[from] brn\n|upkeep\n|turn|11\n|\n|t:|1698554261\n|switch|p2a: Flutter Mane|Flutter Mane|100\/100\n|-damage|p2a: Flutter Mane|88\/100|[from] Stealth Rock\n|move|p1a: Bear!|Drain Punch|p2a: Flutter Mane\n|-immune|p2a: Flutter Mane\n|\n|-damage|p1a: Bear!|36\/100 brn|[from] brn\n|-fieldend|move: Trick Room\n|upkeep\n|turn|12\n|\n|t:|1698554273\n|move|p2a: Flutter Mane|Moonblast|p1a: Bear!\n|-damage|p1a: Bear!|0 fnt\n|faint|p1a: Bear!\n|\n|upkeep\n|\n|t:|1698554274\n|switch|p1a: Win con|Basculegion, M, shiny|100\/100\n|turn|13\n|\n|t:|1698554282\n|move|p1a: Win con|Last Respects|p2a: Flutter Mane\n|-supereffective|p2a: Flutter Mane\n|-damage|p2a: Flutter Mane|0 fnt\n|faint|p2a: Flutter Mane\n|-end|p2a: Flutter Mane|Protosynthesis|[silent]\n|\n|upkeep\n|\n|t:|1698554288\n|switch|p2a: Ursaluna|Ursaluna-Bloodmoon, M|19\/100\n|-damage|p2a: Ursaluna|12\/100|[from] Stealth Rock\n|turn|14\n|\n|t:|1698554295\n|switch|p1a: Pearl|Palkia|14\/100\n|-ability|p1a: Pearl|Pressure\n|move|p2a: Ursaluna|Blood Moon|p1a: Pearl\n|-damage|p1a: Pearl|0 fnt\n|faint|p1a: Pearl\n|\n|upkeep\n|\n|t:|1698554304\n|switch|p1a: God of faries|Arceus-Fairy|75\/100\n|turn|15\n|\n|t:|1698554309\n|-activate|p2a: Ursaluna|move: Struggle\n|move|p2a: Ursaluna|Struggle|p1a: God of faries\n|-damage|p1a: God of faries|71\/100\n|-damage|p2a: Ursaluna|0 fnt|[from] recoil\n|faint|p2a: Ursaluna\n|move|p1a: God of faries|Judgment|p2: Ursaluna|[notarget]\n|-fail|p1a: God of faries\n|\n|upkeep\n|\n|t:|1698554318\n|switch|p2a: Lucario|Lucario, F, shiny|100\/100\n|-damage|p2a: Lucario|98\/100|[from] Stealth Rock\n|turn|16\n|\n|t:|1698554327\n|detailschange|p2a: Lucario|Lucario-Mega, F, shiny\n|-mega|p2a: Lucario|Lucario|Lucarionite\n|move|p2a: Lucario|Bullet Punch|p1a: God of faries\n|-supereffective|p1a: God of faries\n|-damage|p1a: God of faries|29\/100\n|move|p1a: God of faries|Flamethrower|p2a: Lucario\n|-supereffective|p2a: Lucario\n|-damage|p2a: Lucario|9\/100\n|\n|upkeep\n|turn|17\n|\n|t:|1698554337\n|switch|p1a: Scorpion|Gliscor, F, shiny|35\/100 tox\n|move|p2a: Lucario|Bullet Punch|p1a: Scorpion\n|-damage|p1a: Scorpion|15\/100 tox\n|\n|-heal|p1a: Scorpion|28\/100 tox|[from] ability: Poison Heal\n|upkeep\n|turn|18\n|\n|t:|1698554346\n|move|p2a: Lucario|Stone Edge|p1a: Scorpion\n|-damage|p1a: Scorpion|7\/100 tox\n|move|p1a: Scorpion|Roost|p1a: Scorpion\n|-heal|p1a: Scorpion|57\/100 tox\n|-singleturn|p1a: Scorpion|move: Roost\n|\n|-heal|p1a: Scorpion|69\/100 tox|[from] ability: Poison Heal\n|upkeep\n|turn|19\n|\n|t:|1698554357\n|move|p2a: Lucario|Bullet Punch|p1a: Scorpion\n|-damage|p1a: Scorpion|51\/100 tox\n|move|p1a: Scorpion|Earthquake|p2a: Lucario\n|-supereffective|p2a: Lucario\n|-damage|p2a: Lucario|0 fnt\n|faint|p2a: Lucario\n|\n|-heal|p1a: Scorpion|63\/100 tox|[from] ability: Poison Heal\n|upkeep\n|c|\u2606Louis Martinez|Gg?\n|\n|t:|1698554368\n|switch|p2a: Haxorus|Haxorus, F|100\/100\n|-damage|p2a: Haxorus|88\/100|[from] Stealth Rock\n|-ability|p2a: Haxorus|Mold Breaker\n|turn|20\n|\n|t:|1698554374\n|switch|p1a: God of faries|Arceus-Fairy|29\/100\n|move|p2a: Haxorus|Dragon Dance|p2a: Haxorus\n|-boost|p2a: Haxorus|atk|1\n|-boost|p2a: Haxorus|spe|1\n|\n|upkeep\n|turn|21\n|\n|t:|1698554382\n|move|p2a: Haxorus|Iron Head|p1a: God of faries\n|-supereffective|p1a: God of faries\n|-damage|p1a: God of faries|0 fnt\n|faint|p1a: God of faries\n|\n|upkeep\n|\n|t:|1698554383\n|switch|p1a: Win con|Basculegion, M, shiny|100\/100\n|turn|22\n|\n|t:|1698554392\n|-terastallize|p1a: Win con|Ghost\n|move|p2a: Haxorus|Outrage|p1a: Win con\n|-damage|p1a: Win con|0 fnt\n|faint|p1a: Win con\n|\n|upkeep\n|\n|t:|1698554396\n|switch|p1a: Magma|Heatran, F|68\/100\n|turn|23\n|\n|t:|1698554402\n|move|p2a: Haxorus|Outrage|p1a: Magma|[from]lockedmove\n|-resisted|p1a: Magma\n|-damage|p1a: Magma|26\/100\n|-start|p2a: Haxorus|confusion|[fatigue]\n|move|p1a: Magma|Toxic|p2a: Haxorus\n|-status|p2a: Haxorus|tox\n|\n|-heal|p1a: Magma|33\/100|[from] item: Leftovers\n|-damage|p2a: Haxorus|82\/100 tox|[from] psn\n|upkeep\n|turn|24\n|\n|t:|1698554414\n|move|p1a: Magma|Protect|p1a: Magma\n|-singleturn|p1a: Magma|Protect\n|-activate|p2a: Haxorus|confusion\n|move|p2a: Haxorus|Earthquake|p1a: Magma\n|-activate|p1a: Magma|move: Protect\n|\n|-heal|p1a: Magma|39\/100|[from] item: Leftovers\n|-damage|p2a: Haxorus|70\/100 tox|[from] psn\n|upkeep\n|turn|25\n|\n|t:|1698554426\n|switch|p1a: Scorpion|Gliscor, F, shiny|63\/100 tox\n|-activate|p2a: Haxorus|confusion\n|move|p2a: Haxorus|Outrage|p1a: Scorpion\n|-crit|p1a: Scorpion\n|-damage|p1a: Scorpion|0 fnt\n|faint|p1a: Scorpion\n|\n|-damage|p2a: Haxorus|52\/100 tox|[from] psn\n|upkeep\n|\n|t:|1698554432\n|switch|p1a: Magma|Heatran, F|39\/100\n|turn|26\n|\n|t:|1698554440\n|move|p1a: Magma|Protect|p1a: Magma\n|-singleturn|p1a: Magma|Protect\n|-end|p2a: Haxorus|confusion\n|move|p2a: Haxorus|Outrage|p1a: Magma|[from]lockedmove\n|-activate|p1a: Magma|move: Protect\n|\n|-heal|p1a: Magma|45\/100|[from] item: Leftovers\n|-damage|p2a: Haxorus|27\/100 tox|[from] psn\n|upkeep\n|turn|27\n|\n|t:|1698554452\n|move|p2a: Haxorus|Earthquake|p1a: Magma\n|-supereffective|p1a: Magma\n|-damage|p1a: Magma|0 fnt\n|faint|p1a: Magma\n|\n|win|Angel Karma\n|raw|Louis Martinez's rating: 1443 &rarr; <strong>1426<\/strong><br \/>(-17 for losing)\n|raw|Angel Karma's rating: 1499 &rarr; <strong>1516<\/strong><br \/>(+17 for winning)\n","uploadtime":1698554459,"views":9,"p1id":"louismartinez","p2id":"angelkarma","formatid":"gen9nationaldexubers","rating":1426,"private":0,"password":""}