{"id":"gen9nationaldexubers-1992245663","p1":"Mooongolo","p2":"Juliomv02","format":"[Gen 9] National Dex Ubers","log":"|j|\u2606Mooongolo\n|j|\u2606Juliomv02\n|t:|1700167278\n|gametype|singles\n|player|p1|Mooongolo|janitor|1058\n|player|p2|Juliomv02|cyrus|1162\n|teamsize|p1|6\n|teamsize|p2|6\n|gen|9\n|tier|[Gen 9] National Dex Ubers\n|rated|\n|rule|HP Percentage Mod: HP is shown in percentages\n|rule|Endless Battle Clause: Forcing endless battles is banned\n|rule|OHKO Clause: OHKO moves are banned\n|rule|Evasion Moves Clause: Evasion moves are banned\n|rule|Evasion Items Clause: Evasion items are banned\n|rule|Species Clause: Limit one of each Pok\u00e9mon\n|rule|Sleep Clause Mod: Limit one foe put to sleep\n|rule|Mega Rayquaza Clause: You cannot mega evolve Rayquaza\n|clearpoke\n|poke|p1|Skarmory, F|\n|poke|p1|Donphan, M|\n|poke|p1|Eiscue, F|\n|poke|p1|Venusaur, F|\n|poke|p1|Zoroark-Hisui, M|\n|poke|p1|Araquanid, M|\n|poke|p2|Blaziken, M|\n|poke|p2|Gliscor, F|\n|poke|p2|Magnezone|\n|poke|p2|Espathra, M|\n|poke|p2|Ninetales-Alola, F|\n|poke|p2|Alomomola, M|\n|teampreview\n|inactive|Battle timer is ON: inactive players will automatically lose when time's up. (requested by Juliomv02)\n|\n|t:|1700167293\n|start\n|switch|p1a: Araquanid|Araquanid, M|100\/100\n|switch|p2a: Magnezone|Magnezone, shiny|100\/100\n|turn|1\n|\n|t:|1700167304\n|switch|p1a: Donphan|Donphan, M|100\/100\n|-terastallize|p2a: Magnezone|Electric\n|move|p2a: Magnezone|Thunderbolt|p1a: Donphan\n|-immune|p1a: Donphan\n|\n|upkeep\n|turn|2\n|\n|t:|1700167313\n|switch|p2a: Ninetales|Ninetales-Alola, F|100\/100\n|-weather|Snow|[from] ability: Snow Warning|[of] p2a: Ninetales\n|move|p1a: Donphan|Knock Off|p2a: Ninetales\n|-resisted|p2a: Ninetales\n|-damage|p2a: Ninetales|87\/100\n|-enditem|p2a: Ninetales|Light Clay|[from] move: Knock Off|[of] p1a: Donphan\n|\n|-weather|Snow|[upkeep]\n|upkeep\n|turn|3\n|\n|t:|1700167324\n|switch|p1a: Araquanid|Araquanid, M|100\/100\n|move|p2a: Ninetales|Aurora Veil|p2a: Ninetales\n|-sidestart|p2: Juliomv02|move: Aurora Veil\n|\n|-weather|Snow|[upkeep]\n|upkeep\n|turn|4\n|\n|t:|1700167334\n|move|p2a: Ninetales|Freeze-Dry|p1a: Araquanid\n|-supereffective|p1a: Araquanid\n|-damage|p1a: Araquanid|70\/100\n|move|p1a: Araquanid|Sticky Web|p2a: Ninetales\n|-sidestart|p2: Juliomv02|move: Sticky Web\n|\n|-weather|Snow|[upkeep]\n|-heal|p1a: Araquanid|76\/100|[from] item: Leftovers\n|upkeep\n|turn|5\n|\n|t:|1700167343\n|switch|p2a: Magnezone|Magnezone, shiny, tera:Electric|100\/100\n|-activate|p2a: Magnezone|move: Sticky Web\n|-unboost|p2a: Magnezone|spe|1\n|move|p1a: Araquanid|Magic Coat|p1a: Araquanid\n|-singleturn|p1a: Araquanid|move: Magic Coat\n|\n|-weather|Snow|[upkeep]\n|-heal|p1a: Araquanid|82\/100|[from] item: Leftovers\n|upkeep\n|turn|6\n|\n|t:|1700167358\n|move|p2a: Magnezone|Flash Cannon|p1a: Araquanid\n|-resisted|p1a: Araquanid\n|-damage|p1a: Araquanid|66\/100\n|move|p1a: Araquanid|Toxic|p2a: Magnezone\n|-status|p2a: Magnezone|tox\n|\n|-weather|none\n|-heal|p1a: Araquanid|73\/100|[from] item: Leftovers\n|-damage|p2a: Magnezone|94\/100 tox|[from] psn\n|upkeep\n|turn|7\n|\n|t:|1700167372\n|switch|p2a: Gliscor|Gliscor, F, shiny|100\/100\n|move|p1a: Araquanid|Scald|p2a: Gliscor\n|-supereffective|p2a: Gliscor\n|-damage|p2a: Gliscor|71\/100\n|\n|-heal|p1a: Araquanid|79\/100|[from] item: Leftovers\n|-sideend|p2: Juliomv02|move: Aurora Veil\n|-status|p2a: Gliscor|tox|[from] item: Toxic Orb\n|upkeep\n|turn|8\n|\n|t:|1700167388\n|switch|p1a: Eiscue|Eiscue, F|100\/100\n|move|p2a: Gliscor|Swords Dance|p2a: Gliscor\n|-boost|p2a: Gliscor|atk|2\n|\n|-heal|p2a: Gliscor|83\/100 tox|[from] ability: Poison Heal\n|upkeep\n|turn|9\n|\n|t:|1700167399\n|switch|p2a: Alomomola|Alomomola, M|100\/100\n|-activate|p2a: Alomomola|move: Sticky Web\n|-unboost|p2a: Alomomola|spe|1\n|move|p1a: Eiscue|Belly Drum|p1a: Eiscue\n|-damage|p1a: Eiscue|50\/100\n|-setboost|p1a: Eiscue|atk|6|[from] move: Belly Drum\n|\n|upkeep\n|turn|10\n|\n|t:|1700167409\n|-zpower|p1a: Eiscue\n|move|p1a: Eiscue|Subzero Slammer|p2a: Alomomola|[zeffect]\n|-resisted|p2a: Alomomola\n|-damage|p2a: Alomomola|42\/100\n|move|p2a: Alomomola|Toxic|p1a: Eiscue\n|-status|p1a: Eiscue|tox\n|\n|-heal|p2a: Alomomola|48\/100|[from] item: Leftovers\n|-damage|p1a: Eiscue|44\/100 tox|[from] psn\n|upkeep\n|turn|11\n|\n|t:|1700167421\n|move|p2a: Alomomola|Protect|p2a: Alomomola\n|-singleturn|p2a: Alomomola|Protect\n|move|p1a: Eiscue|Ice Spinner|p2a: Alomomola\n|-activate|p2a: Alomomola|move: Protect\n|\n|-heal|p2a: Alomomola|54\/100|[from] item: Leftovers\n|-damage|p1a: Eiscue|32\/100 tox|[from] psn\n|upkeep\n|turn|12\n|\n|t:|1700167434\n|move|p1a: Eiscue|Ice Spinner|p2a: Alomomola\n|-resisted|p2a: Alomomola\n|-damage|p2a: Alomomola|21\/100\n|move|p2a: Alomomola|Wish|p2a: Alomomola\n|\n|-heal|p2a: Alomomola|28\/100|[from] item: Leftovers\n|-damage|p1a: Eiscue|14\/100 tox|[from] psn\n|upkeep\n|turn|13\n|\n|t:|1700167442\n|switch|p1a: Venusaur|Venusaur, F|100\/100\n|move|p2a: Alomomola|Protect||[still]\n|-fail|p2a: Alomomola\n|\n|-heal|p2a: Alomomola|78\/100|[from] move: Wish|[wisher] Alomomola\n|-heal|p2a: Alomomola|84\/100|[from] item: Leftovers\n|upkeep\n|turn|14\n|\n|t:|1700167452\n|switch|p2a: Ninetales|Ninetales-Alola, F|87\/100\n|-activate|p2a: Ninetales|move: Sticky Web\n|-unboost|p2a: Ninetales|spe|1\n|-weather|Snow|[from] ability: Snow Warning|[of] p2a: Ninetales\n|move|p1a: Venusaur|Leech Seed|p2a: Ninetales\n|-start|p2a: Ninetales|move: Leech Seed\n|\n|-weather|Snow|[upkeep]\n|-damage|p2a: Ninetales|74\/100|[from] Leech Seed|[of] p1a: Venusaur\n|upkeep\n|turn|15\n|\n|t:|1700167461\n|move|p1a: Venusaur|Sludge Bomb|p2a: Ninetales\n|-supereffective|p2a: Ninetales\n|-damage|p2a: Ninetales|33\/100\n|-status|p2a: Ninetales|psn\n|move|p2a: Ninetales|Aurora Veil|p2a: Ninetales\n|-sidestart|p2: Juliomv02|move: Aurora Veil\n|\n|-weather|Snow|[upkeep]\n|-damage|p2a: Ninetales|21\/100 psn|[from] Leech Seed|[of] p1a: Venusaur\n|-damage|p2a: Ninetales|9\/100 psn|[from] psn\n|upkeep\n|turn|16\n|\n|t:|1700167469\n|switch|p2a: Espathra|Espathra, M|100\/100\n|-activate|p2a: Espathra|move: Sticky Web\n|-unboost|p2a: Espathra|spe|1\n|move|p1a: Venusaur|Leech Seed|p2a: Espathra\n|-start|p2a: Espathra|move: Leech Seed\n|\n|-weather|Snow|[upkeep]\n|-damage|p2a: Espathra|88\/100|[from] Leech Seed|[of] p1a: Venusaur\n|upkeep\n|turn|17\n|\n|t:|1700167480\n|switch|p2a: Alomomola|Alomomola, M|100\/100\n|-activate|p2a: Alomomola|move: Sticky Web\n|-unboost|p2a: Alomomola|spe|1\n|switch|p1a: Araquanid|Araquanid, M|79\/100\n|\n|-weather|Snow|[upkeep]\n|-heal|p1a: Araquanid|85\/100|[from] item: Leftovers\n|upkeep\n|turn|18\n|\n|t:|1700167488\n|move|p1a: Araquanid|Toxic|p2a: Alomomola\n|-status|p2a: Alomomola|tox\n|move|p2a: Alomomola|Flip Turn|p1a: Araquanid\n|-resisted|p1a: Araquanid\n|-damage|p1a: Araquanid|78\/100\n|\n|t:|1700167490\n|switch|p2a: Espathra|Espathra, M|88\/100|[from] Flip Turn\n|-activate|p2a: Espathra|move: Sticky Web\n|-unboost|p2a: Espathra|spe|1\n|\n|-weather|none\n|-heal|p2a: Espathra|94\/100|[from] item: Leftovers\n|-heal|p1a: Araquanid|84\/100|[from] item: Leftovers\n|upkeep\n|turn|19\n|\n|t:|1700167502\n|move|p2a: Espathra|Substitute|p2a: Espathra\n|-start|p2a: Espathra|Substitute\n|-damage|p2a: Espathra|69\/100\n|move|p1a: Araquanid|Scald|p2a: Espathra\n|-end|p2a: Espathra|Substitute\n|\n|-heal|p2a: Espathra|75\/100|[from] item: Leftovers\n|-heal|p1a: Araquanid|90\/100|[from] item: Leftovers\n|-sideend|p2: Juliomv02|move: Aurora Veil\n|-ability|p2a: Espathra|Speed Boost|boost\n|-boost|p2a: Espathra|spe|1\n|upkeep\n|turn|20\n|\n|t:|1700167516\n|move|p2a: Espathra|Substitute|p2a: Espathra\n|-start|p2a: Espathra|Substitute\n|-damage|p2a: Espathra|50\/100\n|move|p1a: Araquanid|Scald|p2a: Espathra\n|-end|p2a: Espathra|Substitute\n|\n|-heal|p2a: Espathra|56\/100|[from] item: Leftovers\n|-heal|p1a: Araquanid|96\/100|[from] item: Leftovers\n|-ability|p2a: Espathra|Speed Boost|boost\n|-boost|p2a: Espathra|spe|1\n|upkeep\n|turn|21\n|\n|t:|1700167525\n|move|p2a: Espathra|Calm Mind|p2a: Espathra\n|-boost|p2a: Espathra|spa|1\n|-boost|p2a: Espathra|spd|1\n|move|p1a: Araquanid|Scald|p2a: Espathra\n|-damage|p2a: Espathra|25\/100\n|\n|-heal|p2a: Espathra|32\/100|[from] item: Leftovers\n|-heal|p1a: Araquanid|100\/100|[from] item: Leftovers\n|-ability|p2a: Espathra|Speed Boost|boost\n|-boost|p2a: Espathra|spe|1\n|upkeep\n|turn|22\n|\n|t:|1700167538\n|move|p2a: Espathra|Calm Mind|p2a: Espathra\n|-boost|p2a: Espathra|spa|1\n|-boost|p2a: Espathra|spd|1\n|move|p1a: Araquanid|Scald|p2a: Espathra\n|-damage|p2a: Espathra|4\/100\n|-status|p2a: Espathra|brn\n|\n|-heal|p2a: Espathra|10\/100 brn|[from] item: Leftovers\n|-damage|p2a: Espathra|4\/100 brn|[from] brn\n|-ability|p2a: Espathra|Speed Boost|boost\n|-boost|p2a: Espathra|spe|1\n|upkeep\n|turn|23\n|\n|t:|1700167550\n|move|p2a: Espathra|Stored Power|p1a: Araquanid\n|-damage|p1a: Araquanid|4\/100\n|move|p1a: Araquanid|Scald|p2a: Espathra\n|-damage|p2a: Espathra|0 fnt\n|faint|p2a: Espathra\n|\n|-heal|p1a: Araquanid|10\/100|[from] item: Leftovers\n|upkeep\n|\n|t:|1700167556\n|switch|p2a: Blaziken|Blaziken, M, shiny|100\/100\n|-activate|p2a: Blaziken|move: Sticky Web\n|-unboost|p2a: Blaziken|spe|1\n|turn|24\n|\n|t:|1700167561\n|detailschange|p2a: Blaziken|Blaziken-Mega, M, shiny\n|-mega|p2a: Blaziken|Blaziken|Blazikenite\n|move|p2a: Blaziken|Swords Dance|p2a: Blaziken\n|-boost|p2a: Blaziken|atk|2\n|move|p1a: Araquanid|Toxic|p2a: Blaziken\n|-status|p2a: Blaziken|tox\n|\n|-heal|p1a: Araquanid|16\/100|[from] item: Leftovers\n|-damage|p2a: Blaziken|95\/100 tox|[from] psn\n|-ability|p2a: Blaziken|Speed Boost|boost\n|-boost|p2a: Blaziken|spe|1\n|upkeep\n|turn|25\n|\n|t:|1700167571\n|move|p2a: Blaziken|Earthquake|p1a: Araquanid\n|-resisted|p1a: Araquanid\n|-damage|p1a: Araquanid|0 fnt\n|faint|p1a: Araquanid\n|\n|-damage|p2a: Blaziken|83\/100 tox|[from] psn\n|-ability|p2a: Blaziken|Speed Boost|boost\n|-boost|p2a: Blaziken|spe|1\n|upkeep\n|\n|t:|1700167584\n|switch|p1a: Donphan|Donphan, M|100\/100\n|turn|26\n|\n|t:|1700167592\n|move|p2a: Blaziken|Close Combat|p1a: Donphan\n|-immune|p1a: Donphan\n|move|p1a: Donphan|Shadow Ball|p2a: Blaziken\n|-damage|p2a: Blaziken|6\/100 tox\n|-damage|p1a: Donphan|91\/100|[from] item: Life Orb\n|\n|-damage|p2a: Blaziken|0 fnt|[from] psn\n|faint|p2a: Blaziken\n|upkeep\n|\n|t:|1700167602\n|switch|p2a: Gliscor|Gliscor, F, shiny|83\/100 tox\n|turn|27\n|\n|t:|1700167606\n|move|p1a: Donphan|Taunt|p2a: Gliscor\n|-start|p2a: Gliscor|move: Taunt\n|cant|p2a: Gliscor|move: Taunt|Swords Dance\n|\n|-heal|p2a: Gliscor|96\/100 tox|[from] ability: Poison Heal\n|upkeep\n|turn|28\n|\n|t:|1700167613\n|switch|p1a: Eiscue|Eiscue, F|14\/100 tox\n|move|p2a: Gliscor|Knock Off|p1a: Eiscue\n|-activate|p1a: Eiscue|ability: Ice Face\n|-damage|p1a: Eiscue|14\/100 tox\n|detailschange|p1a: Eiscue|Eiscue-Noice, F\n|\n|-damage|p1a: Eiscue|7\/100 tox|[from] psn\n|-heal|p2a: Gliscor|100\/100 tox|[from] ability: Poison Heal\n|upkeep\n|turn|29\n|\n|t:|1700167624\n|switch|p2a: Alomomola|Alomomola, M|100\/100 tox\n|-activate|p2a: Alomomola|move: Sticky Web\n|-unboost|p2a: Alomomola|spe|1\n|move|p1a: Eiscue|Ice Spinner|p2a: Alomomola\n|-resisted|p2a: Alomomola\n|-damage|p2a: Alomomola|93\/100 tox\n|\n|-heal|p2a: Alomomola|99\/100 tox|[from] item: Leftovers\n|-damage|p1a: Eiscue|0 fnt|[from] psn\n|faint|p1a: Eiscue\n|-damage|p2a: Alomomola|93\/100 tox|[from] psn\n|upkeep\n|\n|t:|1700167643\n|switch|p1a: Venusaur|Venusaur, F|100\/100\n|turn|30\n|\n|t:|1700167646\n|move|p1a: Venusaur|Leech Seed|p2a: Alomomola\n|-start|p2a: Alomomola|move: Leech Seed\n|move|p2a: Alomomola|Wish|p2a: Alomomola\n|\n|-heal|p2a: Alomomola|99\/100 tox|[from] item: Leftovers\n|-damage|p2a: Alomomola|87\/100 tox|[from] Leech Seed|[of] p1a: Venusaur\n|-damage|p2a: Alomomola|74\/100 tox|[from] psn\n|upkeep\n|turn|31\n|\n|t:|1700167653\n|move|p1a: Venusaur|Sludge Bomb|p2a: Alomomola\n|-damage|p2a: Alomomola|35\/100 tox\n|move|p2a: Alomomola|Flip Turn|p1a: Venusaur\n|-resisted|p1a: Venusaur\n|-damage|p1a: Venusaur|91\/100\n|\n|t:|1700167660\n|switch|p2a: Ninetales|Ninetales-Alola, F|9\/100 psn|[from] Flip Turn\n|-activate|p2a: Ninetales|move: Sticky Web\n|-unboost|p2a: Ninetales|spe|1\n|-weather|Snow|[from] ability: Snow Warning|[of] p2a: Ninetales\n|\n|-weather|Snow|[upkeep]\n|-heal|p2a: Ninetales|85\/100 psn|[from] move: Wish|[wisher] Alomomola\n|-damage|p2a: Ninetales|73\/100 psn|[from] psn\n|upkeep\n|turn|32\n|\n|t:|1700167671\n|detailschange|p1a: Venusaur|Venusaur-Mega, F\n|-mega|p1a: Venusaur|Venusaur|Venusaurite\n|move|p1a: Venusaur|Sludge Bomb|p2a: Ninetales\n|-supereffective|p2a: Ninetales\n|-damage|p2a: Ninetales|20\/100 psn\n|move|p2a: Ninetales|Aurora Veil|p2a: Ninetales\n|-sidestart|p2: Juliomv02|move: Aurora Veil\n|\n|-weather|Snow|[upkeep]\n|-damage|p2a: Ninetales|7\/100 psn|[from] psn\n|upkeep\n|turn|33\n|\n|t:|1700167678\n|move|p1a: Venusaur|Leech Seed|p2a: Ninetales\n|-start|p2a: Ninetales|move: Leech Seed\n|move|p2a: Ninetales|Pain Split|p1a: Venusaur\n|-sethp|p1a: Venusaur|49\/100|[from] move: Pain Split|[silent]\n|-sethp|p2a: Ninetales|51\/100 psn|[from] move: Pain Split\n|\n|-weather|Snow|[upkeep]\n|-damage|p2a: Ninetales|38\/100 psn|[from] Leech Seed|[of] p1a: Venusaur\n|-heal|p1a: Venusaur|61\/100|[silent]\n|-damage|p2a: Ninetales|26\/100 psn|[from] psn\n|upkeep\n|turn|34\n|\n|t:|1700167688\n|switch|p2a: Gliscor|Gliscor, F, shiny|100\/100 tox\n|move|p1a: Venusaur|Sludge Bomb|p2a: Gliscor\n|-resisted|p2a: Gliscor\n|-damage|p2a: Gliscor|92\/100 tox\n|\n|-weather|Snow|[upkeep]\n|-heal|p2a: Gliscor|100\/100 tox|[from] ability: Poison Heal\n|upkeep\n|turn|35\n|\n|t:|1700167696\n|move|p2a: Gliscor|Swords Dance|p2a: Gliscor\n|-boost|p2a: Gliscor|atk|2\n|move|p1a: Venusaur|Leech Seed|p2a: Gliscor\n|-start|p2a: Gliscor|move: Leech Seed\n|\n|-weather|none\n|-damage|p2a: Gliscor|88\/100 tox|[from] Leech Seed|[of] p1a: Venusaur\n|-heal|p1a: Venusaur|73\/100|[silent]\n|-heal|p2a: Gliscor|100\/100 tox|[from] ability: Poison Heal\n|upkeep\n|turn|36\n|\n|t:|1700167709\n|switch|p1a: Skarmory|Skarmory, F|100\/100\n|move|p2a: Gliscor|Swords Dance|p2a: Gliscor\n|-boost|p2a: Gliscor|atk|2\n|\n|-damage|p2a: Gliscor|88\/100 tox|[from] Leech Seed|[of] p1a: Skarmory\n|-heal|p2a: Gliscor|100\/100 tox|[from] ability: Poison Heal\n|-sideend|p2: Juliomv02|move: Aurora Veil\n|upkeep\n|turn|37\n|\n|t:|1700167718\n|move|p2a: Gliscor|Swords Dance|p2a: Gliscor\n|-boost|p2a: Gliscor|atk|2\n|move|p1a: Skarmory|Whirlwind|p2a: Gliscor\n|drag|p2a: Alomomola|Alomomola, M|68\/100 tox\n|-activate|p2a: Alomomola|move: Sticky Web\n|-unboost|p2a: Alomomola|spe|1\n|\n|-heal|p2a: Alomomola|74\/100 tox|[from] item: Leftovers\n|-damage|p2a: Alomomola|68\/100 tox|[from] psn\n|upkeep\n|turn|38\n|\n|t:|1700167728\n|move|p2a: Alomomola|Wish|p2a: Alomomola\n|move|p1a: Skarmory|Whirlwind|p2a: Alomomola\n|drag|p2a: Magnezone|Magnezone, shiny, tera:Electric|94\/100 tox\n|-activate|p2a: Magnezone|move: Sticky Web\n|-unboost|p2a: Magnezone|spe|1\n|\n|-damage|p2a: Magnezone|88\/100 tox|[from] psn\n|upkeep\n|turn|39\n|\n|t:|1700167737\n|move|p2a: Magnezone|Thunderbolt|p1a: Skarmory\n|-supereffective|p1a: Skarmory\n|-crit|p1a: Skarmory\n|-ability|p1a: Skarmory|Sturdy\n|-damage|p1a: Skarmory|1\/100\n|move|p1a: Skarmory|Body Press|p2a: Magnezone\n|-damage|p2a: Magnezone|54\/100 tox\n|\n|-heal|p2a: Magnezone|100\/100 tox|[from] move: Wish|[wisher] Alomomola\n|-heal|p1a: Skarmory|7\/100|[from] item: Leftovers\n|-damage|p2a: Magnezone|88\/100 tox|[from] psn\n|upkeep\n|turn|40\n|\n|t:|1700167750\n|move|p2a: Magnezone|Thunderbolt|p1a: Skarmory\n|-supereffective|p1a: Skarmory\n|-damage|p1a: Skarmory|0 fnt\n|faint|p1a: Skarmory\n|\n|-damage|p2a: Magnezone|70\/100 tox|[from] psn\n|upkeep\n|\n|t:|1700167764\n|switch|p1a: Donphan|Donphan, M|100\/100\n|turn|41\n|\n|t:|1700167781\n|switch|p2a: Gliscor|Gliscor, F, shiny|100\/100 tox\n|move|p1a: Donphan|Knock Off|p2a: Gliscor\n|-damage|p2a: Gliscor|73\/100 tox\n|-enditem|p2a: Gliscor|Toxic Orb|[from] move: Knock Off|[of] p1a: Donphan\n|\n|-heal|p2a: Gliscor|85\/100 tox|[from] ability: Poison Heal\n|upkeep\n|turn|42\n|\n|t:|1700167789\n|move|p1a: Donphan|Ice Shard|p2a: Gliscor\n|-supereffective|p2a: Gliscor\n|-damage|p2a: Gliscor|41\/100 tox\n|move|p2a: Gliscor|Knock Off|p1a: Donphan\n|-damage|p1a: Donphan|84\/100\n|-enditem|p1a: Donphan|Heavy-Duty Boots|[from] move: Knock Off|[of] p2a: Gliscor\n|\n|-heal|p2a: Gliscor|53\/100 tox|[from] ability: Poison Heal\n|upkeep\n|turn|43\n|\n|t:|1700167796\n|switch|p2a: Alomomola|Alomomola, M|100\/100 tox\n|-activate|p2a: Alomomola|move: Sticky Web\n|-unboost|p2a: Alomomola|spe|1\n|move|p1a: Donphan|Ice Shard|p2a: Alomomola\n|-resisted|p2a: Alomomola\n|-damage|p2a: Alomomola|97\/100 tox\n|\n|-heal|p2a: Alomomola|100\/100 tox|[from] item: Leftovers\n|-damage|p2a: Alomomola|94\/100 tox|[from] psn\n|upkeep\n|turn|44\n|\n|t:|1700167809\n|move|p1a: Donphan|Knock Off|p2a: Alomomola\n|-damage|p2a: Alomomola|76\/100 tox\n|-enditem|p2a: Alomomola|Leftovers|[from] move: Knock Off|[of] p1a: Donphan\n|move|p2a: Alomomola|Wish|p2a: Alomomola\n|\n|-damage|p2a: Alomomola|64\/100 tox|[from] psn\n|upkeep\n|turn|45\n|\n|t:|1700167819\n|move|p1a: Donphan|Earthquake|p2a: Alomomola\n|-damage|p2a: Alomomola|37\/100 tox\n|move|p2a: Alomomola|Flip Turn|p1a: Donphan\n|-supereffective|p1a: Donphan\n|-damage|p1a: Donphan|60\/100\n|\n|t:|1700167822\n|switch|p2a: Ninetales|Ninetales-Alola, F|26\/100 psn|[from] Flip Turn\n|-activate|p2a: Ninetales|move: Sticky Web\n|-unboost|p2a: Ninetales|spe|1\n|-weather|Snow|[from] ability: Snow Warning|[of] p2a: Ninetales\n|\n|-weather|Snow|[upkeep]\n|-heal|p2a: Ninetales|100\/100 psn|[from] move: Wish|[wisher] Alomomola\n|-damage|p2a: Ninetales|88\/100 psn|[from] psn\n|upkeep\n|turn|46\n|\n|t:|1700167835\n|move|p2a: Ninetales|Aurora Veil|p2a: Ninetales\n|-sidestart|p2: Juliomv02|move: Aurora Veil\n|move|p1a: Donphan|Earthquake|p2a: Ninetales\n|-damage|p2a: Ninetales|69\/100 psn\n|\n|-weather|Snow|[upkeep]\n|-damage|p2a: Ninetales|57\/100 psn|[from] psn\n|upkeep\n|turn|47\n|\n|t:|1700167845\n|switch|p2a: Gliscor|Gliscor, F, shiny|53\/100 tox\n|move|p1a: Donphan|Ice Shard|p2a: Gliscor\n|-supereffective|p2a: Gliscor\n|-damage|p2a: Gliscor|32\/100 tox\n|\n|-weather|Snow|[upkeep]\n|-heal|p2a: Gliscor|45\/100 tox|[from] ability: Poison Heal\n|upkeep\n|turn|48\n|\n|t:|1700167853\n|move|p1a: Donphan|Ice Shard|p2a: Gliscor\n|-supereffective|p2a: Gliscor\n|-damage|p2a: Gliscor|23\/100 tox\n|move|p2a: Gliscor|Roost|p2a: Gliscor\n|-heal|p2a: Gliscor|73\/100 tox\n|-singleturn|p2a: Gliscor|move: Roost\n|\n|-weather|Snow|[upkeep]\n|-heal|p2a: Gliscor|86\/100 tox|[from] ability: Poison Heal\n|upkeep\n|turn|49\n|\n|t:|1700167861\n|move|p1a: Donphan|Ice Shard|p2a: Gliscor\n|-supereffective|p2a: Gliscor\n|-damage|p2a: Gliscor|66\/100 tox\n|move|p2a: Gliscor|Swords Dance|p2a: Gliscor\n|-boost|p2a: Gliscor|atk|2\n|\n|-weather|none\n|-heal|p2a: Gliscor|78\/100 tox|[from] ability: Poison Heal\n|upkeep\n|turn|50\n|\n|t:|1700167870\n|move|p1a: Donphan|Ice Shard|p2a: Gliscor\n|-supereffective|p2a: Gliscor\n|-damage|p2a: Gliscor|58\/100 tox\n|move|p2a: Gliscor|Swords Dance|p2a: Gliscor\n|-boost|p2a: Gliscor|atk|2\n|\n|-heal|p2a: Gliscor|71\/100 tox|[from] ability: Poison Heal\n|-sideend|p2: Juliomv02|move: Aurora Veil\n|upkeep\n|turn|51\n|c|\u2606Juliomv02|Gg\n|\n|t:|1700167877\n|move|p1a: Donphan|Ice Shard|p2a: Gliscor\n|-supereffective|p2a: Gliscor\n|-damage|p2a: Gliscor|25\/100 tox\n|move|p2a: Gliscor|Swords Dance|p2a: Gliscor\n|-boost|p2a: Gliscor|atk|2\n|\n|-heal|p2a: Gliscor|38\/100 tox|[from] ability: Poison Heal\n|upkeep\n|turn|52\n|\n|t:|1700167885\n|switch|p2a: Alomomola|Alomomola, M|71\/100 tox\n|-activate|p2a: Alomomola|move: Sticky Web\n|-unboost|p2a: Alomomola|spe|1\n|move|p1a: Donphan|Ice Shard|p2a: Alomomola\n|-resisted|p2a: Alomomola\n|-damage|p2a: Alomomola|67\/100 tox\n|\n|-damage|p2a: Alomomola|61\/100 tox|[from] psn\n|upkeep\n|turn|53\n|\n|t:|1700167893\n|switch|p1a: Venusaur|Venusaur-Mega, F|73\/100\n|move|p2a: Alomomola|Wish|p2a: Alomomola\n|\n|-damage|p2a: Alomomola|49\/100 tox|[from] psn\n|upkeep\n|turn|54\n|\n|t:|1700167912\n|switch|p2a: Gliscor|Gliscor, F, shiny|38\/100 tox\n|move|p1a: Venusaur|Leech Seed|p2a: Gliscor\n|-start|p2a: Gliscor|move: Leech Seed\n|\n|-heal|p2a: Gliscor|100\/100 tox|[from] move: Wish|[wisher] Alomomola\n|-damage|p2a: Gliscor|88\/100 tox|[from] Leech Seed|[of] p1a: Venusaur\n|-heal|p1a: Venusaur|85\/100|[silent]\n|-heal|p2a: Gliscor|100\/100 tox|[from] ability: Poison Heal\n|upkeep\n|turn|55\n|\n|t:|1700167921\n|switch|p2a: Magnezone|Magnezone, shiny, tera:Electric|70\/100 tox\n|-activate|p2a: Magnezone|move: Sticky Web\n|-unboost|p2a: Magnezone|spe|1\n|switch|p1a: Donphan|Donphan, M|60\/100\n|\n|-damage|p2a: Magnezone|64\/100 tox|[from] psn\n|upkeep\n|turn|56\n|\n|t:|1700167933\n|move|p2a: Magnezone|Flash Cannon|p1a: Donphan\n|-damage|p1a: Donphan|6\/100\n|move|p1a: Donphan|Earthquake|p2a: Magnezone\n|-supereffective|p2a: Magnezone\n|-damage|p2a: Magnezone|0 fnt\n|faint|p2a: Magnezone\n|\n|upkeep\n|\n|t:|1700167939\n|switch|p2a: Ninetales|Ninetales-Alola, F|57\/100 psn\n|-activate|p2a: Ninetales|move: Sticky Web\n|-unboost|p2a: Ninetales|spe|1\n|-weather|Snow|[from] ability: Snow Warning|[of] p2a: Ninetales\n|turn|57\n|\n|t:|1700167945\n|switch|p1a: Venusaur|Venusaur-Mega, F|91\/100\n|move|p2a: Ninetales|Aurora Veil|p2a: Ninetales\n|-sidestart|p2: Juliomv02|move: Aurora Veil\n|\n|-weather|Snow|[upkeep]\n|-damage|p2a: Ninetales|45\/100 psn|[from] psn\n|upkeep\n|turn|58\n|\n|t:|1700167955\n|switch|p2a: Gliscor|Gliscor, F, shiny|100\/100 tox\n|move|p1a: Venusaur|Taunt|p2a: Gliscor\n|-start|p2a: Gliscor|move: Taunt\n|\n|-weather|Snow|[upkeep]\n|upkeep\n|turn|59\n|\n|t:|1700167962\n|switch|p1a: Venusaur|Venusaur-Mega, F|85\/100\n|move|p2a: Gliscor|Earthquake|p1a: Venusaur\n|-damage|p1a: Venusaur|58\/100\n|\n|-weather|Snow|[upkeep]\n|upkeep\n|turn|60\n|\n|t:|1700167968\n|move|p2a: Gliscor|Earthquake|p1a: Venusaur\n|-damage|p1a: Venusaur|30\/100\n|move|p1a: Venusaur|Leech Seed|p2a: Gliscor\n|-start|p2a: Gliscor|move: Leech Seed\n|\n|-weather|Snow|[upkeep]\n|-damage|p2a: Gliscor|88\/100 tox|[from] Leech Seed|[of] p1a: Venusaur\n|-heal|p1a: Venusaur|43\/100|[silent]\n|-heal|p2a: Gliscor|100\/100 tox|[from] ability: Poison Heal\n|-end|p2a: Gliscor|move: Taunt\n|upkeep\n|turn|61\n|\n|t:|1700167978\n|switch|p1a: Donphan|Donphan, M|6\/100\n|move|p2a: Gliscor|Swords Dance|p2a: Gliscor\n|-boost|p2a: Gliscor|atk|2\n|\n|-weather|none\n|-damage|p2a: Gliscor|88\/100 tox|[from] Leech Seed|[of] p1a: Donphan\n|-heal|p1a: Donphan|17\/100|[silent]\n|-heal|p2a: Gliscor|100\/100 tox|[from] ability: Poison Heal\n|-sideend|p2: Juliomv02|move: Aurora Veil\n|upkeep\n|turn|62\n|\n|t:|1700167988\n|move|p1a: Donphan|Ice Shard|p2a: Gliscor\n|-supereffective|p2a: Gliscor\n|-damage|p2a: Gliscor|58\/100 tox\n|move|p2a: Gliscor|Earthquake|p1a: Donphan\n|-damage|p1a: Donphan|0 fnt\n|faint|p1a: Donphan\n|\n|-heal|p2a: Gliscor|71\/100 tox|[from] ability: Poison Heal\n|upkeep\n|c|\u2606Juliomv02|Gg\n|\n|t:|1700167997\n|switch|p1a: Venusaur|Venusaur-Mega, F|91\/100\n|turn|63\n|\n|t:|1700168005\n|move|p1a: Venusaur|Shadow Ball|p2a: Gliscor\n|-damage|p2a: Gliscor|20\/100 tox\n|-damage|p1a: Venusaur|81\/100|[from] item: Life Orb\n|move|p2a: Gliscor|Swords Dance|p2a: Gliscor\n|-boost|p2a: Gliscor|atk|2\n|\n|-damage|p2a: Gliscor|8\/100 tox|[from] Leech Seed|[of] p1a: Venusaur\n|-heal|p1a: Venusaur|98\/100|[silent]\n|-heal|p2a: Gliscor|20\/100 tox|[from] ability: Poison Heal\n|upkeep\n|turn|64\n|\n|t:|1700168015\n|switch|p2a: Alomomola|Alomomola, M|82\/100 tox\n|-activate|p2a: Alomomola|move: Sticky Web\n|-unboost|p2a: Alomomola|spe|1\n|move|p1a: Venusaur|Shadow Ball|p2a: Alomomola\n|-damage|p2a: Alomomola|24\/100 tox\n|-damage|p1a: Venusaur|88\/100|[from] item: Life Orb\n|\n|-damage|p2a: Alomomola|18\/100 tox|[from] psn\n|upkeep\n|turn|65\n|\n|t:|1700168031\n|move|p1a: Venusaur|Shadow Ball|p2a: Alomomola\n|-damage|p2a: Alomomola|0 fnt\n|faint|p2a: Alomomola\n|-damage|p1a: Venusaur|78\/100|[from] item: Life Orb\n|\n|upkeep\n|\n|t:|1700168033\n|switch|p2a: Ninetales|Ninetales-Alola, F|45\/100 psn\n|-activate|p2a: Ninetales|move: Sticky Web\n|-unboost|p2a: Ninetales|spe|1\n|-weather|Snow|[from] ability: Snow Warning|[of] p2a: Ninetales\n|turn|66\n|c|\u2606Mooongolo|gg indeed\n|\n|t:|1700168041\n|move|p1a: Venusaur|Shadow Ball|p2a: Ninetales\n|-damage|p2a: Ninetales|6\/100 psn\n|-unboost|p2a: Ninetales|spd|1\n|-damage|p1a: Venusaur|68\/100|[from] item: Life Orb\n|move|p2a: Ninetales|Aurora Veil|p2a: Ninetales\n|-sidestart|p2: Juliomv02|move: Aurora Veil\n|\n|-weather|Snow|[upkeep]\n|-damage|p2a: Ninetales|0 fnt|[from] psn\n|faint|p2a: Ninetales\n|upkeep\n|\n|t:|1700168045\n|switch|p2a: Gliscor|Gliscor, F, shiny|20\/100 tox\n|turn|67\n|\n|t:|1700168052\n|move|p1a: Venusaur|Shadow Ball|p2a: Gliscor\n|-damage|p2a: Gliscor|0 fnt\n|faint|p2a: Gliscor\n|-damage|p1a: Venusaur|58\/100|[from] item: Life Orb\n|\n|win|Mooongolo\n|raw|Mooongolo's rating: 1058 &rarr; <strong>1098<\/strong><br \/>(+40 for winning)\n|raw|Juliomv02's rating: 1162 &rarr; <strong>1130<\/strong><br \/>(-32 for losing)\n|l|\u2606Juliomv02\n","uploadtime":1700168077,"views":8,"p1id":"mooongolo","p2id":"juliomv02","formatid":"gen9nationaldexubers","rating":1098,"private":0,"password":""}