{"id":"gen9nationaldexubers-1989785869","p1":"ArcticIzagi","p2":"Destinum","format":"[Gen 9] National Dex Ubers","log":"|j|\u2606ArcticIzagi\n|j|\u2606Destinum\n|t:|1699895600\n|gametype|singles\n|player|p1|ArcticIzagi|sycamore|\n|player|p2|Destinum|colress|\n|teamsize|p1|6\n|teamsize|p2|6\n|gen|9\n|tier|[Gen 9] National Dex Ubers\n|rule|HP Percentage Mod: HP is shown in percentages\n|rule|Endless Battle Clause: Forcing endless battles is banned\n|rule|OHKO Clause: OHKO moves are banned\n|rule|Evasion Moves Clause: Evasion moves are banned\n|rule|Evasion Items Clause: Evasion items are banned\n|rule|Species Clause: Limit one of each Pok\u00e9mon\n|rule|Sleep Clause Mod: Limit one foe put to sleep\n|rule|Mega Rayquaza Clause: You cannot mega evolve Rayquaza\n|clearpoke\n|poke|p1|Diancie|\n|poke|p1|Coalossal, M|\n|poke|p1|Tyranitar, M|\n|poke|p1|Ogerpon-Cornerstone, F|\n|poke|p1|Terrakion|\n|poke|p1|Nihilego|\n|poke|p2|Ninetales-Alola, F|\n|poke|p2|Darmanitan-Galar, M|\n|poke|p2|Cetitan, M|\n|poke|p2|Piloswine, M|\n|poke|p2|Articuno|\n|poke|p2|Kyurem|\n|teampreview\n|c|\u2606ArcticIzagi|not really sure what tera to use yet tbh. Is it ok to not lock it in yet?\n|c|\u2606Destinum|Umm... sure I guess? As long as you don't Tera now.\n|j| Standardbandard23\n|c|\u2606ArcticIzagi|Yeah\n|\n|t:|1699895697\n|start\n|switch|p1a: Dr. Herbert|Nihilego|100\/100\n|switch|p2a: I Choose Violence|Darmanitan-Galar, M|100\/100\n|turn|1\n|\n|t:|1699895707\n|switch|p2a: Chris P. Bacon|Piloswine, M|100\/100\n|switch|p1a: SummerVacationWar|Coalossal, M|100\/100\n|\n|upkeep\n|turn|2\n|c| Standardbandard23|You're only locked into tera once you tera\n|c|\u2606ArcticIzagi|ye I know\n|\n|t:|1699895741\n|switch|p1a: Banquet|Diancie|100\/100\n|move|p2a: Chris P. Bacon|Earthquake|p1a: Banquet\n|-supereffective|p1a: Banquet\n|-damage|p1a: Banquet|27\/100\n|\n|upkeep\n|turn|3\n|j| Jamwo j\n|j| Astro Rifk\n|l| Jamwo j\n|\n|t:|1699895788\n|detailschange|p1a: Banquet|Diancie-Mega\n|-mega|p1a: Banquet|Diancie|Diancite\n|move|p1a: Banquet|Diamond Storm|p2a: Chris P. Bacon\n|-damage|p2a: Chris P. Bacon|65\/100\n|-boost|p1a: Banquet|def|2\n|move|p2a: Chris P. Bacon|Earthquake|p1a: Banquet\n|-supereffective|p1a: Banquet\n|-damage|p1a: Banquet|0 fnt\n|faint|p1a: Banquet\n|\n|upkeep\n|\n|t:|1699895802\n|switch|p1a: Dr. Herbert|Nihilego|100\/100\n|turn|4\n|\n|t:|1699895807\n|-terastallize|p2a: Chris P. Bacon|Ground\n|move|p1a: Dr. Herbert|Meteor Beam||[still]\n|-prepare|p1a: Dr. Herbert|Meteor Beam\n|-boost|p1a: Dr. Herbert|spa|1\n|-enditem|p1a: Dr. Herbert|Power Herb\n|-anim|p1a: Dr. Herbert|Meteor Beam|p2a: Chris P. Bacon\n|-resisted|p2a: Chris P. Bacon\n|-damage|p2a: Chris P. Bacon|42\/100\n|move|p2a: Chris P. Bacon|Earthquake|p1a: Dr. Herbert\n|-supereffective|p1a: Dr. Herbert\n|-damage|p1a: Dr. Herbert|0 fnt\n|faint|p1a: Dr. Herbert\n|\n|upkeep\n|\n|t:|1699895820\n|switch|p1a: Hikattero Justice|Ogerpon-Cornerstone, F|100\/100\n|turn|5\n|\n|t:|1699895834\n|switch|p2a: The Godfeather|Articuno|100\/100\n|-ability|p2a: The Godfeather|Pressure\n|move|p1a: Hikattero Justice|Horn Leech|p2a: The Godfeather\n|-resisted|p2a: The Godfeather\n|-damage|p2a: The Godfeather|85\/100\n|\n|upkeep\n|turn|6\n|\n|t:|1699895841\n|move|p1a: Hikattero Justice|Swords Dance|p1a: Hikattero Justice\n|-boost|p1a: Hikattero Justice|atk|2\n|move|p2a: The Godfeather|U-turn|p1a: Hikattero Justice\n|-supereffective|p1a: Hikattero Justice\n|-damage|p1a: Hikattero Justice|65\/100\n|\n|t:|1699895847\n|switch|p2a: I Choose Violence|Darmanitan-Galar, M|100\/100|[from] U-turn\n|\n|upkeep\n|turn|7\n|\n|t:|1699895858\n|switch|p1a: SummerVacationWar|Coalossal, M|100\/100\n|move|p2a: I Choose Violence|U-turn|p1a: SummerVacationWar\n|-resisted|p1a: SummerVacationWar\n|-damage|p1a: SummerVacationWar|90\/100\n|\n|t:|1699895866\n|switch|p2a: A Madafaking T-Rex|Kyurem|100\/100|[from] U-turn\n|-ability|p2a: A Madafaking T-Rex|Pressure\n|\n|upkeep\n|turn|8\n|\n|t:|1699895874\n|move|p2a: A Madafaking T-Rex|Earth Power|p1a: SummerVacationWar\n|-supereffective|p1a: SummerVacationWar\n|-damage|p1a: SummerVacationWar|0 fnt\n|faint|p1a: SummerVacationWar\n|\n|upkeep\n|\n|t:|1699895884\n|switch|p1a: Antlion|Tyranitar, M|100\/100\n|-weather|Sandstorm|[from] ability: Sand Stream|[of] p1a: Antlion\n|turn|9\n|\n|t:|1699895892\n|switch|p2a: Let It Go|Ninetales-Alola, F|100\/100\n|-weather|Snow|[from] ability: Snow Warning|[of] p2a: Let It Go\n|move|p1a: Antlion|Knock Off|p2a: Let It Go\n|-resisted|p2a: Let It Go\n|-damage|p2a: Let It Go|79\/100\n|-enditem|p2a: Let It Go|Light Clay|[from] move: Knock Off|[of] p1a: Antlion\n|\n|-weather|Snow|[upkeep]\n|upkeep\n|turn|10\n|\n|t:|1699895905\n|move|p2a: Let It Go|Aurora Veil|p2a: Let It Go\n|-sidestart|p2: Destinum|move: Aurora Veil\n|move|p1a: Antlion|Stone Edge|p2a: Let It Go|[miss]\n|-miss|p1a: Antlion|p2a: Let It Go\n|\n|-weather|Snow|[upkeep]\n|upkeep\n|turn|11\n|\n|t:|1699895921\n|move|p2a: Let It Go|Moonblast|p1a: Antlion\n|-supereffective|p1a: Antlion\n|-damage|p1a: Antlion|70\/100\n|move|p1a: Antlion|Stone Edge|p2a: Let It Go\n|-supereffective|p2a: Let It Go\n|-damage|p2a: Let It Go|37\/100\n|\n|-weather|Snow|[upkeep]\n|upkeep\n|turn|12\n|\n|t:|1699895930\n|switch|p2a: Moby Thicc|Cetitan, M|100\/100\n|switch|p1a: Hikattero Justice|Ogerpon-Cornerstone, F|65\/100\n|\n|-weather|Snow|[upkeep]\n|upkeep\n|turn|13\n|\n|t:|1699895950\n|switch|p1a: Antlion|Tyranitar, M|70\/100\n|-weather|Sandstorm|[from] ability: Sand Stream|[of] p1a: Antlion\n|move|p2a: Moby Thicc|Icicle Crash|p1a: Antlion\n|-damage|p1a: Antlion|41\/100\n|\n|-weather|Sandstorm|[upkeep]\n|-damage|p2a: Moby Thicc|94\/100|[from] Sandstorm\n|upkeep\n|turn|14\n|\n|t:|1699895962\n|move|p2a: Moby Thicc|Earthquake|p1a: Antlion\n|-supereffective|p1a: Antlion\n|-damage|p1a: Antlion|0 fnt\n|faint|p1a: Antlion\n|\n|-weather|Sandstorm|[upkeep]\n|-damage|p2a: Moby Thicc|88\/100|[from] Sandstorm\n|-sideend|p2: Destinum|move: Aurora Veil\n|upkeep\n|\n|t:|1699895969\n|switch|p1a: Hikattero Justice|Ogerpon-Cornerstone, F|65\/100\n|turn|15\n|\n|t:|1699895980\n|move|p2a: Moby Thicc|Ice Shard|p1a: Hikattero Justice\n|-supereffective|p1a: Hikattero Justice\n|-damage|p1a: Hikattero Justice|19\/100\n|move|p1a: Hikattero Justice|Ivy Cudgel|p2a: Moby Thicc\n|-supereffective|p2a: Moby Thicc\n|-damage|p2a: Moby Thicc|0 fnt\n|faint|p2a: Moby Thicc\n|\n|-weather|Sandstorm|[upkeep]\n|upkeep\n|\n|t:|1699895988\n|switch|p2a: I Choose Violence|Darmanitan-Galar, M|100\/100\n|turn|16\n|\n|t:|1699895992\n|move|p2a: I Choose Violence|Earthquake|p1a: Hikattero Justice\n|-damage|p1a: Hikattero Justice|0 fnt\n|faint|p1a: Hikattero Justice\n|\n|-weather|Sandstorm|[upkeep]\n|-damage|p2a: I Choose Violence|95\/100|[from] Sandstorm\n|upkeep\n|\n|t:|1699895998\n|switch|p1a: Tadamono|Terrakion|100\/100\n|turn|17\n|c| Standardbandard23|Violence successful chosn\n|\n|t:|1699896006\n|move|p1a: Tadamono|Stone Edge|p2a: I Choose Violence\n|-supereffective|p2a: I Choose Violence\n|-damage|p2a: I Choose Violence|0 fnt\n|faint|p2a: I Choose Violence\n|\n|-weather|none\n|upkeep\n|\n|t:|1699896013\n|switch|p2a: Let It Go|Ninetales-Alola, F|37\/100\n|-weather|Snow|[from] ability: Snow Warning|[of] p2a: Let It Go\n|turn|18\n|\n|t:|1699896017\n|move|p1a: Tadamono|Stone Edge|p2a: Let It Go\n|-supereffective|p2a: Let It Go\n|-damage|p2a: Let It Go|0 fnt\n|faint|p2a: Let It Go\n|\n|-weather|Snow|[upkeep]\n|upkeep\n|\n|t:|1699896023\n|switch|p2a: Chris P. Bacon|Piloswine, M, tera:Ground|42\/100\n|turn|19\n|\n|t:|1699896028\n|move|p1a: Tadamono|Stone Edge|p2a: Chris P. Bacon|[miss]\n|-miss|p1a: Tadamono|p2a: Chris P. Bacon\n|move|p2a: Chris P. Bacon|Earthquake|p1a: Tadamono\n|-supereffective|p1a: Tadamono\n|-damage|p1a: Tadamono|0 fnt\n|faint|p1a: Tadamono\n|\n|win|Destinum\n|c|\u2606Destinum|gg\n|l| Standardbandard23\n","uploadtime":1699896037,"views":11,"p1id":"arcticizagi","p2id":"destinum","formatid":"gen9nationaldexubers","rating":0,"private":0,"password":""}