{"id":"gen9nationaldexubers-1985061582","p1":"Fueghost","p2":"g0dpain","format":"[Gen 9] National Dex Ubers","log":"|j|\u2606Fueghost\n|j|\u2606g0dpain\n|t:|1699326041\n|gametype|singles\n|player|p1|Fueghost|2|\n|player|p2|g0dpain|265|\n|teamsize|p1|6\n|teamsize|p2|6\n|gen|9\n|tier|[Gen 9] National Dex Ubers\n|rule|HP Percentage Mod: HP is shown in percentages\n|rule|Endless Battle Clause: Forcing endless battles is banned\n|rule|OHKO Clause: OHKO moves are banned\n|rule|Evasion Moves Clause: Evasion moves are banned\n|rule|Evasion Items Clause: Evasion items are banned\n|rule|Species Clause: Limit one of each Pok\u00e9mon\n|rule|Sleep Clause Mod: Limit one foe put to sleep\n|rule|Mega Rayquaza Clause: You cannot mega evolve Rayquaza\n|clearpoke\n|poke|p1|Grimmsnarl, M|\n|poke|p1|Torkoal, M|\n|poke|p1|Venusaur, M|\n|poke|p1|Hatterene, F|\n|poke|p1|Darmanitan, M|\n|poke|p1|Scizor, M|\n|poke|p2|Grimmsnarl, M|\n|poke|p2|Dragapult, F|\n|poke|p2|Rotom-Wash|\n|poke|p2|Scizor, F|\n|poke|p2|Clefable, F|\n|poke|p2|Ninetales-Alola, M|\n|teampreview\n|\n|t:|1699326052\n|start\n|switch|p1a: Grimmsnarl|Grimmsnarl, M|100\/100\n|switch|p2a: Ninetales|Ninetales-Alola, M|100\/100\n|-weather|Snow|[from] ability: Snow Warning|[of] p2a: Ninetales\n|turn|1\n|inactive|Battle timer is ON: inactive players will automatically lose when time's up. (requested by g0dpain)\n|\n|t:|1699326062\n|switch|p1a: Scizor|Scizor, M|100\/100\n|move|p2a: Ninetales|Encore||[still]\n|-fail|p2a: Ninetales\n|\n|-weather|Snow|[upkeep]\n|upkeep\n|turn|2\n|\n|t:|1699326072\n|switch|p2a: Rotom|Rotom-Wash|100\/100\n|move|p1a: Scizor|U-turn|p2a: Rotom\n|-damage|p2a: Rotom|52\/100\n|\n|t:|1699326084\n|switch|p1a: Grimmsnarl|Grimmsnarl, M|100\/100|[from] U-turn\n|\n|-weather|Snow|[upkeep]\n|-heal|p2a: Rotom|58\/100|[from] item: Leftovers\n|upkeep\n|turn|3\n|\n|t:|1699326091\n|move|p1a: Grimmsnarl|Light Screen|p1a: Grimmsnarl\n|-sidestart|p1: Fueghost|move: Light Screen\n|move|p2a: Rotom|Pain Split|p1a: Grimmsnarl\n|-sethp|p1a: Grimmsnarl|73\/100|[from] move: Pain Split|[silent]\n|-sethp|p2a: Rotom|94\/100|[from] move: Pain Split\n|\n|-weather|Snow|[upkeep]\n|-heal|p2a: Rotom|99\/100|[from] item: Leftovers\n|upkeep\n|turn|4\n|\n|t:|1699326099\n|move|p1a: Grimmsnarl|Reflect|p1a: Grimmsnarl\n|-sidestart|p1: Fueghost|Reflect\n|move|p2a: Rotom|Will-O-Wisp|p1a: Grimmsnarl\n|-status|p1a: Grimmsnarl|brn\n|\n|-weather|Snow|[upkeep]\n|-heal|p2a: Rotom|100\/100|[from] item: Leftovers\n|-damage|p1a: Grimmsnarl|66\/100 brn|[from] brn\n|upkeep\n|turn|5\n|\n|t:|1699326107\n|switch|p1a: Torkoal|Torkoal, M|100\/100\n|-weather|SunnyDay|[from] ability: Drought|[of] p1a: Torkoal\n|move|p2a: Rotom|Volt Switch|p1a: Torkoal\n|-crit|p1a: Torkoal\n|-damage|p1a: Torkoal|51\/100\n|\n|t:|1699326121\n|switch|p2a: Clefable|Clefable, F|100\/100|[from] Volt Switch\n|\n|-weather|SunnyDay|[upkeep]\n|upkeep\n|turn|6\n|\n|t:|1699326133\n|move|p2a: Clefable|Stealth Rock|p1a: Torkoal\n|-sidestart|p1: Fueghost|move: Stealth Rock\n|move|p1a: Torkoal|Yawn|p2a: Clefable\n|-start|p2a: Clefable|move: Yawn|[of] p1a: Torkoal\n|\n|-weather|SunnyDay|[upkeep]\n|upkeep\n|turn|7\n|\n|t:|1699326148\n|switch|p2a: Ninetales|Ninetales-Alola, M|100\/100\n|-weather|Snow|[from] ability: Snow Warning|[of] p2a: Ninetales\n|move|p1a: Torkoal|Rapid Spin|p2a: Ninetales\n|-damage|p2a: Ninetales|93\/100\n|-boost|p1a: Torkoal|spe|1\n|-sideend|p1: Fueghost|Stealth Rock|[from] move: Rapid Spin|[of] p1a: Torkoal\n|\n|-weather|Snow|[upkeep]\n|upkeep\n|turn|8\n|\n|t:|1699326157\n|move|p2a: Ninetales|Aurora Veil|p2a: Ninetales\n|-sidestart|p2: g0dpain|move: Aurora Veil\n|move|p1a: Torkoal|Stealth Rock|p2a: Ninetales\n|-sidestart|p2: g0dpain|move: Stealth Rock\n|\n|-weather|Snow|[upkeep]\n|upkeep\n|turn|9\n|\n|t:|1699326164\n|switch|p1a: Scizor|Scizor, M|100\/100\n|move|p2a: Ninetales|Hypnosis|p1a: Scizor\n|-status|p1a: Scizor|slp|[from] move: Hypnosis\n|\n|-weather|Snow|[upkeep]\n|upkeep\n|turn|10\n|\n|t:|1699326173\n|cant|p1a: Scizor|slp\n|move|p2a: Ninetales|Freeze-Dry|p1a: Scizor\n|-resisted|p1a: Scizor\n|-damage|p1a: Scizor|94\/100 slp\n|\n|-weather|Snow|[upkeep]\n|-sideend|p1: Fueghost|move: Light Screen\n|upkeep\n|turn|11\n|\n|t:|1699326180\n|switch|p2a: Dragapult|Dragapult, F|100\/100\n|-damage|p2a: Dragapult|88\/100|[from] Stealth Rock\n|cant|p1a: Scizor|slp\n|\n|-weather|none\n|-sideend|p1: Fueghost|Reflect\n|upkeep\n|turn|12\n|\n|t:|1699326195\n|switch|p1a: Grimmsnarl|Grimmsnarl, M|66\/100 brn\n|move|p2a: Dragapult|Draco Meteor|p1a: Grimmsnarl\n|-immune|p1a: Grimmsnarl\n|\n|-damage|p1a: Grimmsnarl|60\/100 brn|[from] brn\n|upkeep\n|turn|13\n|\n|t:|1699326206\n|switch|p2a: Grimmsnarl|Grimmsnarl, M, shiny|100\/100\n|-damage|p2a: Grimmsnarl|88\/100|[from] Stealth Rock\n|move|p1a: Grimmsnarl|Light Screen|p1a: Grimmsnarl\n|-sidestart|p1: Fueghost|move: Light Screen\n|\n|-damage|p1a: Grimmsnarl|54\/100 brn|[from] brn\n|upkeep\n|turn|14\n|\n|t:|1699326215\n|move|p1a: Grimmsnarl|Reflect|p1a: Grimmsnarl\n|-sidestart|p1: Fueghost|Reflect\n|move|p2a: Grimmsnarl|Reflect|p2a: Grimmsnarl\n|-sidestart|p2: g0dpain|Reflect\n|\n|-damage|p1a: Grimmsnarl|48\/100 brn|[from] brn\n|upkeep\n|turn|15\n|\n|t:|1699326223\n|switch|p2a: Rotom|Rotom-Wash|100\/100\n|-damage|p2a: Rotom|88\/100|[from] Stealth Rock\n|switch|p1a: Torkoal|Torkoal, M|51\/100\n|-weather|SunnyDay|[from] ability: Drought|[of] p1a: Torkoal\n|\n|-weather|SunnyDay|[upkeep]\n|-heal|p2a: Rotom|94\/100|[from] item: Leftovers\n|-sideend|p2: g0dpain|move: Aurora Veil\n|upkeep\n|turn|16\n|\n|t:|1699326234\n|switch|p1a: Venusaur|Venusaur, M|100\/100\n|move|p2a: Rotom|Volt Switch|p1a: Venusaur\n|-resisted|p1a: Venusaur\n|-damage|p1a: Venusaur|93\/100\n|\n|t:|1699326245\n|switch|p2a: Dragapult|Dragapult, F|88\/100|[from] Volt Switch\n|-damage|p2a: Dragapult|76\/100|[from] Stealth Rock\n|\n|-weather|SunnyDay|[upkeep]\n|upkeep\n|turn|17\n|\n|t:|1699326253\n|move|p1a: Venusaur|Growth|p1a: Venusaur\n|-boost|p1a: Venusaur|atk|2\n|-boost|p1a: Venusaur|spa|2\n|move|p2a: Dragapult|U-turn|p1a: Venusaur\n|-damage|p1a: Venusaur|71\/100\n|\n|t:|1699326276\n|switch|p2a: Ninetales|Ninetales-Alola, M|93\/100|[from] U-turn\n|-damage|p2a: Ninetales|68\/100|[from] Stealth Rock\n|-weather|Snow|[from] ability: Snow Warning|[of] p2a: Ninetales\n|\n|-weather|Snow|[upkeep]\n|upkeep\n|turn|18\n|\n|t:|1699326289\n|move|p2a: Ninetales|Hypnosis|p1a: Venusaur|[miss]\n|-miss|p2a: Ninetales|p1a: Venusaur\n|move|p1a: Venusaur|Sludge Bomb|p2a: Ninetales\n|-supereffective|p2a: Ninetales\n|-damage|p2a: Ninetales|0 fnt\n|faint|p2a: Ninetales\n|-damage|p1a: Venusaur|61\/100|[from] item: Life Orb\n|\n|-weather|Snow|[upkeep]\n|upkeep\n|\n|t:|1699326298\n|switch|p2a: Grimmsnarl|Grimmsnarl, M, shiny|88\/100\n|-damage|p2a: Grimmsnarl|76\/100|[from] Stealth Rock\n|turn|19\n|\n|t:|1699326305\n|move|p2a: Grimmsnarl|Light Screen|p2a: Grimmsnarl\n|-sidestart|p2: g0dpain|move: Light Screen\n|move|p1a: Venusaur|Sludge Bomb|p2a: Grimmsnarl\n|-supereffective|p2a: Grimmsnarl\n|-damage|p2a: Grimmsnarl|0 fnt\n|faint|p2a: Grimmsnarl\n|-damage|p1a: Venusaur|51\/100|[from] item: Life Orb\n|\n|-weather|Snow|[upkeep]\n|upkeep\n|\n|t:|1699326317\n|switch|p2a: Dragapult|Dragapult, F|76\/100\n|-damage|p2a: Dragapult|64\/100|[from] Stealth Rock\n|turn|20\n|\n|t:|1699326324\n|move|p2a: Dragapult|Flamethrower|p1a: Venusaur\n|-supereffective|p1a: Venusaur\n|-crit|p1a: Venusaur\n|-damage|p1a: Venusaur|0 fnt\n|faint|p1a: Venusaur\n|\n|-weather|Snow|[upkeep]\n|-sideend|p1: Fueghost|move: Light Screen\n|upkeep\n|\n|t:|1699326333\n|switch|p1a: Grimmsnarl|Grimmsnarl, M|48\/100 brn\n|turn|21\n|\n|t:|1699326341\n|move|p1a: Grimmsnarl|Light Screen|p1a: Grimmsnarl\n|-sidestart|p1: Fueghost|move: Light Screen\n|move|p2a: Dragapult|Flamethrower|p1a: Grimmsnarl\n|-damage|p1a: Grimmsnarl|17\/100 brn\n|\n|-weather|none\n|-damage|p1a: Grimmsnarl|11\/100 brn|[from] brn\n|-sideend|p2: g0dpain|Reflect\n|-sideend|p1: Fueghost|Reflect\n|upkeep\n|turn|22\n|\n|t:|1699326353\n|move|p1a: Grimmsnarl|Reflect|p1a: Grimmsnarl\n|-sidestart|p1: Fueghost|Reflect\n|move|p2a: Dragapult|Flamethrower|p1a: Grimmsnarl\n|-damage|p1a: Grimmsnarl|0 fnt\n|faint|p1a: Grimmsnarl\n|\n|upkeep\n|\n|t:|1699326366\n|switch|p1a: Hatterene|Hatterene, F|100\/100\n|turn|23\n|\n|t:|1699326372\n|switch|p2a: Rotom|Rotom-Wash|94\/100\n|-damage|p2a: Rotom|82\/100|[from] Stealth Rock\n|move|p1a: Hatterene|Draining Kiss|p2a: Rotom\n|-damage|p2a: Rotom|70\/100\n|\n|-heal|p2a: Rotom|76\/100|[from] item: Leftovers\n|upkeep\n|turn|24\n|\n|t:|1699326380\n|move|p2a: Rotom|Will-O-Wisp|p1a: Hatterene\n|move|p1a: Hatterene|Will-O-Wisp|p2a: Rotom|[from]ability: Magic Bounce\n|-status|p2a: Rotom|brn\n|move|p1a: Hatterene|Mystical Fire|p2a: Rotom\n|-resisted|p2a: Rotom\n|-damage|p2a: Rotom|70\/100 brn\n|-unboost|p2a: Rotom|spa|1\n|\n|-heal|p2a: Rotom|76\/100 brn|[from] item: Leftovers\n|-damage|p2a: Rotom|70\/100 brn|[from] brn\n|upkeep\n|turn|25\n|\n|t:|1699326392\n|move|p2a: Rotom|Hydro Pump|p1a: Hatterene\n|-damage|p1a: Hatterene|88\/100\n|move|p1a: Hatterene|Mystical Fire|p2a: Rotom\n|-resisted|p2a: Rotom\n|-damage|p2a: Rotom|65\/100 brn\n|-unboost|p2a: Rotom|spa|1\n|\n|-heal|p2a: Rotom|71\/100 brn|[from] item: Leftovers\n|-heal|p1a: Hatterene|94\/100|[from] item: Leftovers\n|-damage|p2a: Rotom|65\/100 brn|[from] brn\n|upkeep\n|turn|26\n|\n|t:|1699326404\n|move|p2a: Rotom|Pain Split|p1a: Hatterene\n|-sethp|p1a: Hatterene|78\/100|[from] move: Pain Split|[silent]\n|-sethp|p2a: Rotom|82\/100 brn|[from] move: Pain Split\n|move|p1a: Hatterene|Calm Mind|p1a: Hatterene\n|-boost|p1a: Hatterene|spa|1\n|-boost|p1a: Hatterene|spd|1\n|\n|-heal|p2a: Rotom|88\/100 brn|[from] item: Leftovers\n|-heal|p1a: Hatterene|84\/100|[from] item: Leftovers\n|-damage|p2a: Rotom|82\/100 brn|[from] brn\n|-sideend|p2: g0dpain|move: Light Screen\n|upkeep\n|turn|27\n|\n|t:|1699326414\n|move|p2a: Rotom|Volt Switch|p1a: Hatterene\n|-damage|p1a: Hatterene|79\/100\n|\n|t:|1699326421\n|switch|p2a: Scizor|Scizor, F|100\/100|[from] Volt Switch\n|move|p1a: Hatterene|Draining Kiss|p2a: Scizor\n|-resisted|p2a: Scizor\n|-damage|p2a: Scizor|79\/100\n|-heal|p1a: Hatterene|97\/100|[from] drain|[of] p2a: Scizor\n|\n|-heal|p1a: Hatterene|100\/100|[from] item: Leftovers\n|upkeep\n|turn|28\n|\n|t:|1699326444\n|move|p2a: Scizor|Swords Dance|p2a: Scizor\n|-boost|p2a: Scizor|atk|2\n|move|p1a: Hatterene|Mystical Fire|p2a: Scizor\n|-supereffective|p2a: Scizor\n|-damage|p2a: Scizor|0 fnt\n|faint|p2a: Scizor\n|\n|-sideend|p1: Fueghost|move: Light Screen\n|upkeep\n|\n|t:|1699326460\n|switch|p2a: Clefable|Clefable, F|100\/100\n|turn|29\n|\n|t:|1699326463\n|move|p2a: Clefable|Knock Off|p1a: Hatterene\n|-damage|p1a: Hatterene|95\/100\n|-enditem|p1a: Hatterene|Leftovers|[from] move: Knock Off|[of] p2a: Clefable\n|move|p1a: Hatterene|Calm Mind|p1a: Hatterene\n|-boost|p1a: Hatterene|spa|1\n|-boost|p1a: Hatterene|spd|1\n|\n|-sideend|p1: Fueghost|Reflect\n|upkeep\n|turn|30\n|\n|t:|1699326472\n|move|p2a: Clefable|Stealth Rock|p1a: Hatterene\n|move|p1a: Hatterene|Stealth Rock||[from]ability: Magic Bounce|[still]\n|-fail|p1a: Hatterene\n|move|p1a: Hatterene|Draining Kiss|p2a: Clefable\n|-damage|p2a: Clefable|61\/100\n|-heal|p1a: Hatterene|100\/100|[from] drain|[of] p2a: Clefable\n|-damage|p1a: Hatterene|84\/100|[from] item: Rocky Helmet|[of] p2a: Clefable\n|\n|upkeep\n|turn|31\n|\n|t:|1699326483\n|switch|p2a: Dragapult|Dragapult, F|64\/100\n|-damage|p2a: Dragapult|51\/100|[from] Stealth Rock\n|move|p1a: Hatterene|Draining Kiss|p2a: Dragapult\n|-supereffective|p2a: Dragapult\n|-damage|p2a: Dragapult|0 fnt\n|-heal|p1a: Hatterene|100\/100|[from] drain|[of] p2a: Dragapult\n|faint|p2a: Dragapult\n|\n|upkeep\n|\n|t:|1699326489\n|switch|p2a: Rotom|Rotom-Wash|82\/100 brn\n|-damage|p2a: Rotom|69\/100 brn|[from] Stealth Rock\n|turn|32\n|\n|t:|1699326494\n|move|p2a: Rotom|Hydro Pump|p1a: Hatterene\n|-damage|p1a: Hatterene|78\/100\n|move|p1a: Hatterene|Calm Mind|p1a: Hatterene\n|-boost|p1a: Hatterene|spa|1\n|-boost|p1a: Hatterene|spd|1\n|\n|-heal|p2a: Rotom|75\/100 brn|[from] item: Leftovers\n|-damage|p2a: Rotom|69\/100 brn|[from] brn\n|upkeep\n|turn|33\n|-message|g0dpain forfeited.\n|\n|win|Fueghost\n|l|\u2606g0dpain\n","uploadtime":1699326548,"views":5,"p1id":"fueghost","p2id":"g0dpain","formatid":"gen9nationaldexubers","rating":0,"private":0,"password":""}