{"id":"gen9nationaldexubers-1987690251","p1":"NotGlitchXD","p2":"anil kottu god","format":"[Gen 9] National Dex Ubers","log":"|j|\u2606NotGlitchXD\n|j|\u2606anil kottu god\n|t:|1699627978\n|gametype|singles\n|player|p1|NotGlitchXD|richboy-gen4|\n|player|p2|anil kottu god|red|\n|teamsize|p1|6\n|teamsize|p2|6\n|gen|9\n|tier|[Gen 9] National Dex Ubers\n|rule|HP Percentage Mod: HP is shown in percentages\n|rule|Endless Battle Clause: Forcing endless battles is banned\n|rule|OHKO Clause: OHKO moves are banned\n|rule|Evasion Moves Clause: Evasion moves are banned\n|rule|Evasion Items Clause: Evasion items are banned\n|rule|Species Clause: Limit one of each Pok\u00e9mon\n|rule|Sleep Clause Mod: Limit one foe put to sleep\n|rule|Mega Rayquaza Clause: You cannot mega evolve Rayquaza\n|clearpoke\n|poke|p1|Kommo-o, M|\n|poke|p1|Azumarill, F|\n|poke|p1|Decidueye, M|\n|poke|p1|Scizor, M|\n|poke|p1|Toxapex, F|\n|poke|p1|Klefki, F|\n|poke|p2|Garchomp, M|\n|poke|p2|Blaziken, F|\n|poke|p2|Clefable, M|\n|poke|p2|Ferrothorn, M|\n|poke|p2|Cloyster, F|\n|poke|p2|Noivern, M|\n|teampreview\n|j| someonelse3\n|l| someonelse3\n|inactive|Battle timer is ON: inactive players will automatically lose when time's up. (requested by anil kottu god)\n|\n|t:|1699628008\n|start\n|switch|p1a: Garou|Kommo-o, M|100\/100\n|switch|p2a: Ferrothorn|Ferrothorn, M|100\/100\n|-ability|p2a: Ferrothorn|Anticipation\n|turn|1\n|\n|t:|1699628022\n|-terastallize|p2a: Ferrothorn|Grass\n|move|p1a: Garou|Substitute|p1a: Garou\n|-start|p1a: Garou|Substitute\n|-damage|p1a: Garou|75\/100\n|move|p2a: Ferrothorn|Toxic||[still]\n|-fail|p2a: Ferrothorn\n|\n|upkeep\n|turn|2\n|\n|t:|1699628033\n|move|p1a: Garou|Belly Drum|p1a: Garou\n|-damage|p1a: Garou|25\/100\n|-setboost|p1a: Garou|atk|6|[from] move: Belly Drum\n|-enditem|p1a: Garou|Salac Berry|[eat]\n|-boost|p1a: Garou|spe|1|[from] item: Salac Berry\n|move|p2a: Ferrothorn|Power Whip|p1a: Garou\n|-resisted|p1a: Garou\n|-activate|p1a: Garou|move: Substitute|[damage]\n|\n|upkeep\n|turn|3\n|\n|t:|1699628061\n|move|p2a: Ferrothorn|Protect|p2a: Ferrothorn\n|-singleturn|p2a: Ferrothorn|Protect\n|move|p1a: Garou|Drain Punch|p2a: Ferrothorn\n|-activate|p2a: Ferrothorn|move: Protect\n|\n|upkeep\n|turn|4\n|\n|t:|1699628071\n|move|p1a: Garou|Drain Punch|p2a: Ferrothorn\n|-damage|p2a: Ferrothorn|27\/100\n|-heal|p1a: Garou|68\/100|[from] drain|[of] p2a: Ferrothorn\n|move|p2a: Ferrothorn|Power Whip|p1a: Garou\n|-resisted|p1a: Garou\n|-end|p1a: Garou|Substitute\n|\n|upkeep\n|turn|5\n|\n|t:|1699628083\n|move|p1a: Garou|Substitute|p1a: Garou\n|-start|p1a: Garou|Substitute\n|-damage|p1a: Garou|43\/100\n|move|p2a: Ferrothorn|Toxic||[still]\n|-fail|p2a: Ferrothorn\n|\n|upkeep\n|turn|6\n|\n|t:|1699628092\n|switch|p2a: Noivern|Noivern, M|100\/100\n|move|p1a: Garou|Drain Punch|p2a: Noivern\n|-resisted|p2a: Noivern\n|-damage|p2a: Noivern|29\/100\n|-heal|p1a: Garou|87\/100|[from] drain|[of] p2a: Noivern\n|\n|upkeep\n|turn|7\n|\n|t:|1699628105\n|-terastallize|p1a: Garou|Steel\n|move|p1a: Garou|Iron Tail|p2a: Noivern\n|-damage|p2a: Noivern|0 fnt\n|faint|p2a: Noivern\n|\n|upkeep\n|\n|t:|1699628112\n|switch|p2a: Cloyster|Cloyster, F|100\/100\n|turn|8\n|\n|t:|1699628116\n|move|p1a: Garou|Drain Punch|p2a: Cloyster\n|-supereffective|p2a: Cloyster\n|-damage|p2a: Cloyster|0 fnt\n|-heal|p1a: Garou|100\/100|[from] drain|[of] p2a: Cloyster\n|faint|p2a: Cloyster\n|\n|upkeep\n|c|\u2606anil kottu god|dont send da\n|c|\u2606anil kottu god|they will knw my strat\n|c|\u2606NotGlitchXD|I will\n|\n|t:|1699628134\n|switch|p2a: Ferrothorn|Ferrothorn, M, tera:Grass|27\/100\n|turn|9\n|c|\u2606NotGlitchXD|U sent\n|c|\u2606anil kottu god|i didnt knw\n|c|\u2606NotGlitchXD|Thatbto everyone saw\n|c|\u2606anil kottu god|tanmay asked me\n|c|\u2606anil kottu god|to send link to join\n|c|\u2606NotGlitchXD|Yaya\n|inactive|NotGlitchXD has 270 seconds left.\n|\n|t:|1699628165\n|move|p1a: Garou|Drain Punch|p2a: Ferrothorn\n|-damage|p2a: Ferrothorn|0 fnt\n|faint|p2a: Ferrothorn\n|\n|upkeep\n|\n|t:|1699628170\n|switch|p2a: Blaziken|Blaziken, F|100\/100\n|turn|10\n|\n|t:|1699628177\n|move|p1a: Garou|Drain Punch|p2a: Blaziken\n|-damage|p2a: Blaziken|0 fnt\n|faint|p2a: Blaziken\n|\n|upkeep\n|\n|t:|1699628180\n|switch|p2a: Clefable|Clefable, M, shiny|100\/100\n|turn|11\n|\n|t:|1699628188\n|move|p1a: Garou|Iron Tail|p2a: Clefable|[miss]\n|-miss|p1a: Garou|p2a: Clefable\n|move|p2a: Clefable|Moonblast|p1a: Garou\n|-resisted|p1a: Garou\n|-activate|p1a: Garou|move: Substitute|[damage]\n|\n|upkeep\n|turn|12\n|\n|t:|1699628198\n|move|p1a: Garou|Iron Tail|p2a: Clefable\n|-supereffective|p2a: Clefable\n|-damage|p2a: Clefable|37\/100\n|move|p2a: Clefable|Moonblast|p1a: Garou\n|-resisted|p1a: Garou\n|-end|p1a: Garou|Substitute\n|\n|upkeep\n|turn|13\n|\n|t:|1699628214\n|move|p1a: Garou|Substitute|p1a: Garou\n|-start|p1a: Garou|Substitute\n|-damage|p1a: Garou|75\/100\n|move|p2a: Clefable|Toxic||[still]\n|-fail|p2a: Clefable\n|\n|upkeep\n|turn|14\n|c|\u2606anil kottu god|ok i loose\n|c|\u2606anil kottu god|new match\n|-message|anil kottu god forfeited.\n|\n|win|NotGlitchXD\n|l|\u2606anil kottu god\n","uploadtime":1699628232,"views":6,"p1id":"notglitchxd","p2id":"anilkottugod","formatid":"gen9nationaldexubers","rating":0,"private":0,"password":""}