{"id":"gen9nationaldexubers-1989334405","p1":"andresjc18","p2":"Ccastillo0201","format":"[Gen 9] National Dex Ubers","log":"|j|\u2606andresjc18\n|j|\u2606Ccastillo0201\n|t:|1699837601\n|gametype|singles\n|player|p1|andresjc18|veteran|\n|player|p2|Ccastillo0201|265|\n|teamsize|p1|6\n|teamsize|p2|6\n|gen|9\n|tier|[Gen 9] National Dex Ubers\n|rule|HP Percentage Mod: HP is shown in percentages\n|rule|Endless Battle Clause: Forcing endless battles is banned\n|rule|OHKO Clause: OHKO moves are banned\n|rule|Evasion Moves Clause: Evasion moves are banned\n|rule|Evasion Items Clause: Evasion items are banned\n|rule|Species Clause: Limit one of each Pok\u00e9mon\n|rule|Sleep Clause Mod: Limit one foe put to sleep\n|rule|Mega Rayquaza Clause: You cannot mega evolve Rayquaza\n|clearpoke\n|poke|p1|Blaziken, F|\n|poke|p1|Dragapult, M|\n|poke|p1|Togekiss, F|\n|poke|p1|Tapu Koko|\n|poke|p1|Swampert, F|\n|poke|p1|Hippowdon, M|\n|poke|p2|Greninja-*, M|\n|poke|p2|Volcarona, M|\n|poke|p2|Tornadus-Therian, M|\n|poke|p2|Metagross|\n|poke|p2|Kyurem|\n|poke|p2|Mew|\n|teampreview\n|j| minigrail\n|\n|t:|1699837639\n|start\n|switch|p1a: Hippowdon|Hippowdon, M|100\/100\n|switch|p2a: Tornadus|Tornadus-Therian, M|100\/100\n|-weather|Sandstorm|[from] ability: Sand Stream|[of] p1a: Hippowdon\n|turn|1\n|\n|t:|1699837669\n|move|p2a: Tornadus|Toxic|p1a: Hippowdon\n|-status|p1a: Hippowdon|tox\n|move|p1a: Hippowdon|Stealth Rock|p2a: Tornadus\n|-sidestart|p2: Ccastillo0201|move: Stealth Rock\n|\n|-weather|Sandstorm|[upkeep]\n|-damage|p2a: Tornadus|94\/100|[from] Sandstorm\n|-damage|p1a: Hippowdon|94\/100 tox|[from] psn\n|upkeep\n|turn|2\n|\n|t:|1699837677\n|move|p2a: Tornadus|Defog|p1a: Hippowdon\n|-unboost|p1a: Hippowdon|evasion|1\n|-sideend|p2: Ccastillo0201|Stealth Rock|[from] move: Defog|[of] p2a: Tornadus\n|move|p1a: Hippowdon|Ice Fang|p2a: Tornadus\n|-supereffective|p2a: Tornadus\n|-damage|p2a: Tornadus|40\/100\n|\n|-weather|Sandstorm|[upkeep]\n|-damage|p2a: Tornadus|34\/100|[from] Sandstorm\n|-damage|p1a: Hippowdon|82\/100 tox|[from] psn\n|upkeep\n|turn|3\n|\n|t:|1699837699\n|switch|p2a: Kyurem|Kyurem|100\/100\n|-ability|p2a: Kyurem|Pressure\n|move|p1a: Hippowdon|Ice Fang|p2a: Kyurem\n|-damage|p2a: Kyurem|79\/100\n|\n|-weather|Sandstorm|[upkeep]\n|-damage|p2a: Kyurem|73\/100|[from] Sandstorm\n|-damage|p1a: Hippowdon|63\/100 tox|[from] psn\n|upkeep\n|turn|4\n|\n|t:|1699837762\n|switch|p1a: Swampert|Swampert, F|100\/100\n|move|p2a: Kyurem|Icicle Spear|p1a: Swampert\n|-damage|p1a: Swampert|86\/100\n|-damage|p1a: Swampert|72\/100\n|-damage|p1a: Swampert|57\/100\n|-damage|p1a: Swampert|43\/100\n|-hitcount|p1a: Swampert|4\n|\n|-weather|Sandstorm|[upkeep]\n|-damage|p2a: Kyurem|67\/100|[from] Sandstorm\n|-heal|p1a: Swampert|50\/100|[from] item: Leftovers\n|upkeep\n|turn|5\n|\n|t:|1699837803\n|switch|p2a: Tornadus|Tornadus-Therian, M|67\/100\n|move|p1a: Swampert|Rock Slide|p2a: Tornadus\n|-supereffective|p2a: Tornadus\n|-damage|p2a: Tornadus|16\/100\n|\n|-weather|Sandstorm|[upkeep]\n|-damage|p2a: Tornadus|10\/100|[from] Sandstorm\n|-heal|p1a: Swampert|56\/100|[from] item: Leftovers\n|upkeep\n|turn|6\n|\n|t:|1699837817\n|move|p2a: Tornadus|U-turn|p1a: Swampert\n|-crit|p1a: Swampert\n|-damage|p1a: Swampert|31\/100\n|\n|t:|1699837827\n|switch|p2a: Kyurem|Kyurem|67\/100|[from] U-turn\n|-ability|p2a: Kyurem|Pressure\n|move|p1a: Swampert|Ice Beam|p2a: Kyurem\n|-damage|p2a: Kyurem|46\/100\n|\n|-weather|Sandstorm|[upkeep]\n|-damage|p2a: Kyurem|40\/100|[from] Sandstorm\n|-heal|p1a: Swampert|37\/100|[from] item: Leftovers\n|upkeep\n|turn|7\n|\n|t:|1699837838\n|move|p2a: Kyurem|Scale Shot|p1a: Swampert\n|-damage|p1a: Swampert|25\/100\n|-damage|p1a: Swampert|10\/100\n|-damage|p1a: Swampert|0 fnt\n|faint|p1a: Swampert\n|-hitcount|p1: Swampert|3\n|-unboost|p2a: Kyurem|def|1\n|-boost|p2a: Kyurem|spe|1\n|\n|-weather|Sandstorm|[upkeep]\n|-damage|p2a: Kyurem|34\/100|[from] Sandstorm\n|upkeep\n|\n|t:|1699837853\n|switch|p1a: Dragapult|Dragapult, M|100\/100\n|turn|8\n|\n|t:|1699837859\n|move|p2a: Kyurem|Icicle Spear|p1a: Dragapult\n|-supereffective|p1a: Dragapult\n|-damage|p1a: Dragapult|57\/100\n|-supereffective|p1a: Dragapult\n|-damage|p1a: Dragapult|17\/100\n|-supereffective|p1a: Dragapult\n|-damage|p1a: Dragapult|0 fnt\n|faint|p1a: Dragapult\n|-hitcount|p1: Dragapult|3\n|\n|-weather|none\n|upkeep\n|\n|t:|1699837886\n|switch|p1a: Tapu Koko|Tapu Koko|100\/100\n|-fieldstart|move: Electric Terrain|[from] ability: Electric Surge|[of] p1a: Tapu Koko\n|turn|9\n|\n|t:|1699837905\n|switch|p2a: Metagross|Metagross, shiny|100\/100\n|move|p1a: Tapu Koko|Nature's Madness|p2a: Metagross|[miss]\n|-miss|p1a: Tapu Koko|p2a: Metagross\n|\n|upkeep\n|turn|10\n|\n|t:|1699837935\n|switch|p1a: Hippowdon|Hippowdon, M|63\/100 tox\n|-weather|Sandstorm|[from] ability: Sand Stream|[of] p1a: Hippowdon\n|move|p2a: Metagross|Earthquake|p1a: Hippowdon\n|-damage|p1a: Hippowdon|41\/100 tox\n|\n|-weather|Sandstorm|[upkeep]\n|-damage|p1a: Hippowdon|35\/100 tox|[from] psn\n|upkeep\n|turn|11\n|\n|t:|1699837970\n|move|p2a: Metagross|Bullet Punch|p1a: Hippowdon\n|-damage|p1a: Hippowdon|22\/100 tox\n|move|p1a: Hippowdon|Slack Off|p1a: Hippowdon\n|-heal|p1a: Hippowdon|72\/100 tox\n|\n|-weather|Sandstorm|[upkeep]\n|-damage|p1a: Hippowdon|60\/100 tox|[from] psn\n|upkeep\n|turn|12\n|\n|t:|1699837988\n|switch|p2a: Kyurem|Kyurem|34\/100\n|-ability|p2a: Kyurem|Pressure\n|move|p1a: Hippowdon|Earthquake|p2a: Kyurem\n|-damage|p2a: Kyurem|0 fnt\n|faint|p2a: Kyurem\n|\n|-weather|Sandstorm|[upkeep]\n|-damage|p1a: Hippowdon|41\/100 tox|[from] psn\n|upkeep\n|\n|t:|1699838005\n|switch|p2a: Tornadus|Tornadus-Therian, M|43\/100\n|turn|13\n|\n|t:|1699838015\n|move|p2a: Tornadus|Knock Off|p1a: Hippowdon\n|-damage|p1a: Hippowdon|27\/100 tox\n|-enditem|p1a: Hippowdon|Smooth Rock|[from] move: Knock Off|[of] p2a: Tornadus\n|move|p1a: Hippowdon|Ice Fang|p2a: Tornadus\n|-supereffective|p2a: Tornadus\n|-damage|p2a: Tornadus|0 fnt\n|faint|p2a: Tornadus\n|\n|-weather|Sandstorm|[upkeep]\n|-damage|p1a: Hippowdon|2\/100 tox|[from] psn\n|-fieldend|move: Electric Terrain\n|upkeep\n|\n|t:|1699838026\n|switch|p2a: Metagross|Metagross, shiny|100\/100\n|turn|14\n|\n|t:|1699838032\n|move|p2a: Metagross|Bullet Punch|p1a: Hippowdon\n|-damage|p1a: Hippowdon|0 fnt\n|faint|p1a: Hippowdon\n|\n|-weather|Sandstorm|[upkeep]\n|upkeep\n|\n|t:|1699838061\n|switch|p1a: Blaziken|Blaziken, F|100\/100\n|turn|15\n|\n|t:|1699838077\n|switch|p2a: Greninja|Greninja, M|100\/100\n|move|p1a: Blaziken|Knock Off|p2a: Greninja\n|-resisted|p2a: Greninja\n|-damage|p2a: Greninja|73\/100\n|-enditem|p2a: Greninja|Choice Specs|[from] move: Knock Off|[of] p1a: Blaziken\n|\n|-weather|Sandstorm|[upkeep]\n|-damage|p2a: Greninja|68\/100|[from] Sandstorm\n|-ability|p1a: Blaziken|Speed Boost|boost\n|-boost|p1a: Blaziken|spe|1\n|upkeep\n|turn|16\n|\n|t:|1699838092\n|switch|p1a: Tapu Koko|Tapu Koko|100\/100\n|-fieldstart|move: Electric Terrain|[from] ability: Electric Surge|[of] p1a: Tapu Koko\n|move|p2a: Greninja|Scald|p1a: Tapu Koko\n|-damage|p1a: Tapu Koko|54\/100\n|\n|-weather|Sandstorm|[upkeep]\n|-damage|p2a: Greninja|62\/100|[from] Sandstorm\n|-damage|p1a: Tapu Koko|48\/100|[from] Sandstorm\n|upkeep\n|turn|17\n|\n|t:|1699838116\n|move|p2a: Greninja|U-turn|p1a: Tapu Koko\n|-resisted|p1a: Tapu Koko\n|-damage|p1a: Tapu Koko|40\/100\n|\n|t:|1699838119\n|switch|p2a: Metagross|Metagross, shiny|100\/100|[from] U-turn\n|-zpower|p1a: Tapu Koko\n|move|p1a: Tapu Koko|Guardian of Alola|p2a: Metagross|[zeffect]\n|-damage|p2a: Metagross|25\/100\n|\n|-weather|none\n|-heal|p2a: Metagross|32\/100|[from] item: Leftovers\n|upkeep\n|turn|18\n|\n|t:|1699838133\n|move|p1a: Tapu Koko|Roost|p1a: Tapu Koko\n|-heal|p1a: Tapu Koko|90\/100\n|-singleturn|p1a: Tapu Koko|move: Roost\n|move|p2a: Metagross|Earthquake|p1a: Tapu Koko\n|-supereffective|p1a: Tapu Koko\n|-damage|p1a: Tapu Koko|18\/100\n|\n|-heal|p2a: Metagross|38\/100|[from] item: Leftovers\n|upkeep\n|turn|19\n|\n|t:|1699838144\n|switch|p1a: Togekiss|Togekiss, F|100\/100\n|move|p2a: Metagross|Earthquake|p1a: Togekiss\n|-immune|p1a: Togekiss\n|\n|-heal|p2a: Metagross|44\/100|[from] item: Leftovers\n|upkeep\n|turn|20\n|\n|t:|1699838162\n|-terastallize|p1a: Togekiss|Steel\n|move|p1a: Togekiss|Flamethrower|p2a: Metagross\n|-supereffective|p2a: Metagross\n|-damage|p2a: Metagross|0 fnt\n|faint|p2a: Metagross\n|\n|-fieldend|move: Electric Terrain\n|upkeep\n|\n|t:|1699838170\n|switch|p2a: Volcarona|Volcarona, M|100\/100\n|turn|21\n|\n|t:|1699838197\n|switch|p1a: Blaziken|Blaziken, F|100\/100\n|move|p2a: Volcarona|Fiery Dance|p1a: Blaziken\n|-resisted|p1a: Blaziken\n|-crit|p1a: Blaziken\n|-damage|p1a: Blaziken|48\/100\n|\n|upkeep\n|turn|22\n|\n|t:|1699838232\n|switch|p2a: Greninja|Greninja, M|62\/100\n|move|p1a: Blaziken|Earthquake|p2a: Greninja\n|-damage|p2a: Greninja|2\/100\n|\n|-ability|p1a: Blaziken|Speed Boost|boost\n|-boost|p1a: Blaziken|spe|1\n|upkeep\n|turn|23\n|\n|t:|1699838245\n|move|p1a: Blaziken|Brick Break|p2a: Greninja\n|-supereffective|p2a: Greninja\n|-damage|p2a: Greninja|0 fnt\n|faint|p2a: Greninja\n|\n|-ability|p1a: Blaziken|Speed Boost|boost\n|-boost|p1a: Blaziken|spe|1\n|upkeep\n|\n|t:|1699838251\n|switch|p2a: Mew|Mew|100\/100\n|turn|24\n|\n|t:|1699838271\n|move|p1a: Blaziken|Knock Off|p2a: Mew\n|-supereffective|p2a: Mew\n|-damage|p2a: Mew|52\/100\n|move|p2a: Mew|Psychic|p1a: Blaziken\n|-supereffective|p1a: Blaziken\n|-damage|p1a: Blaziken|0 fnt\n|faint|p1a: Blaziken\n|\n|upkeep\n|\n|t:|1699838279\n|switch|p1a: Togekiss|Togekiss, F, tera:Steel|100\/100\n|turn|25\n|\n|t:|1699838288\n|move|p2a: Mew|Volt Switch|p1a: Togekiss\n|-damage|p1a: Togekiss|85\/100\n|\n|t:|1699838292\n|switch|p2a: Volcarona|Volcarona, M|100\/100|[from] Volt Switch\n|move|p1a: Togekiss|Air Slash|p2a: Volcarona\n|-supereffective|p2a: Volcarona\n|-damage|p2a: Volcarona|19\/100\n|\n|upkeep\n|turn|26\n|\n|t:|1699838301\n|move|p2a: Volcarona|Fiery Dance|p1a: Togekiss\n|-supereffective|p1a: Togekiss\n|-damage|p1a: Togekiss|11\/100\n|move|p1a: Togekiss|Air Slash|p2a: Volcarona\n|-supereffective|p2a: Volcarona\n|-damage|p2a: Volcarona|0 fnt\n|faint|p2a: Volcarona\n|\n|upkeep\n|\n|t:|1699838307\n|switch|p2a: Mew|Mew|52\/100\n|turn|27\n|\n|t:|1699838311\n|move|p2a: Mew|Draining Kiss|p1a: Togekiss\n|-resisted|p1a: Togekiss\n|-damage|p1a: Togekiss|5\/100\n|-heal|p2a: Mew|57\/100|[from] drain|[of] p1a: Togekiss\n|move|p1a: Togekiss|Roost|p1a: Togekiss\n|-heal|p1a: Togekiss|55\/100\n|\n|upkeep\n|turn|28\n|\n|t:|1699838323\n|move|p2a: Mew|Psychic|p1a: Togekiss\n|-resisted|p1a: Togekiss\n|-damage|p1a: Togekiss|40\/100\n|move|p1a: Togekiss|Air Slash|p2a: Mew\n|-damage|p2a: Mew|19\/100\n|\n|upkeep\n|turn|29\n|\n|t:|1699838330\n|move|p2a: Mew|Draining Kiss|p1a: Togekiss\n|-resisted|p1a: Togekiss\n|-damage|p1a: Togekiss|34\/100\n|-heal|p2a: Mew|23\/100|[from] drain|[of] p1a: Togekiss\n|move|p1a: Togekiss|Roost|p1a: Togekiss\n|-heal|p1a: Togekiss|84\/100\n|\n|upkeep\n|turn|30\n|\n|t:|1699838338\n|move|p2a: Mew|Draining Kiss|p1a: Togekiss\n|-resisted|p1a: Togekiss\n|-damage|p1a: Togekiss|79\/100\n|-heal|p2a: Mew|28\/100|[from] drain|[of] p1a: Togekiss\n|move|p1a: Togekiss|Air Slash|p2a: Mew\n|-damage|p2a: Mew|0 fnt\n|faint|p2a: Mew\n|\n|win|andresjc18\n|l|\u2606andresjc18\n","uploadtime":1699838439,"views":22,"p1id":"andresjc18","p2id":"ccastillo0201","formatid":"gen9nationaldexubers","rating":0,"private":0,"password":""}