{"id":"gen9nationaldexubers-1994985100","p1":"DinsFire01","p2":"pawket","format":"[Gen 9] National Dex Ubers","log":"|j|\u2606DinsFire01\n|j|\u2606pawket\n|t:|1700510579\n|gametype|singles\n|player|p1|DinsFire01|n|\n|player|p2|pawket|bugcatcher-gen4dp|\n|teamsize|p1|6\n|teamsize|p2|6\n|gen|9\n|tier|[Gen 9] National Dex Ubers\n|rule|HP Percentage Mod: HP is shown in percentages\n|rule|Endless Battle Clause: Forcing endless battles is banned\n|rule|OHKO Clause: OHKO moves are banned\n|rule|Evasion Moves Clause: Evasion moves are banned\n|rule|Evasion Items Clause: Evasion items are banned\n|rule|Species Clause: Limit one of each Pok\u00e9mon\n|rule|Sleep Clause Mod: Limit one foe put to sleep\n|rule|Mega Rayquaza Clause: You cannot mega evolve Rayquaza\n|clearpoke\n|poke|p1|Gliscor, F|\n|poke|p1|Tapu Fini|\n|poke|p1|Gholdengo|\n|poke|p1|Gallade, M|\n|poke|p1|Arcanine-Hisui, F|\n|poke|p1|Latias, F|\n|poke|p2|Hatterene, F|\n|poke|p2|Ursaluna-Bloodmoon, M|\n|poke|p2|Glastrier|\n|poke|p2|Volcarona, F|\n|poke|p2|Mimikyu, M|\n|poke|p2|Porygon2|\n|teampreview\n|c|\u2606DinsFire01|can you post the link\n|c|\u2606pawket|Yeh\n|j| ZBFusion\n|c|\u2606pawket|How long you wanna wait?\n|c|\u2606DinsFire01|2 mins\n|c|\u2606DinsFire01|?\n|c|\u2606DinsFire01|?\n|c|\u2606DinsFire01|oops\n|c|\u2606pawket|lol\n|c|\u2606pawket|2 mins sounds good\n|c|\u2606pawket|What a crowd\n|c|\u2606DinsFire01|okay we move!\n|c|\u2606DinsFire01|glhf!!!\n|c|\u2606pawket|u2\n|\n|t:|1700510860\n|start\n|switch|p1a: MAMAAAAAAA|Tapu Fini|100\/100\n|switch|p2a: Porygon2|Porygon2|100\/100\n|-fieldstart|move: Misty Terrain|[from] ability: Misty Surge|[of] p1a: MAMAAAAAAA\n|turn|1\n|inactive|Battle timer is ON: inactive players will automatically lose when time's up. (requested by DinsFire01)\n|j| MiniBearGrahams\n|\n|t:|1700510874\n|move|p1a: MAMAAAAAAA|Taunt|p2a: Porygon2\n|-start|p2a: Porygon2|move: Taunt\n|cant|p2a: Porygon2|move: Taunt|Trick Room\n|\n|upkeep\n|turn|2\n|\n|t:|1700510883\n|switch|p2a: Glastrier|Glastrier|100\/100\n|move|p1a: MAMAAAAAAA|Calm Mind|p1a: MAMAAAAAAA\n|-boost|p1a: MAMAAAAAAA|spa|1\n|-boost|p1a: MAMAAAAAAA|spd|1\n|\n|upkeep\n|turn|3\n|\n|t:|1700510899\n|move|p1a: MAMAAAAAAA|Calm Mind|p1a: MAMAAAAAAA\n|-boost|p1a: MAMAAAAAAA|spa|1\n|-boost|p1a: MAMAAAAAAA|spd|1\n|move|p2a: Glastrier|High Horsepower|p1a: MAMAAAAAAA\n|-damage|p1a: MAMAAAAAAA|66\/100\n|\n|-heal|p1a: MAMAAAAAAA|72\/100|[from] item: Leftovers\n|upkeep\n|turn|4\n|\n|t:|1700510917\n|move|p1a: MAMAAAAAAA|Scald|p2a: Glastrier\n|-damage|p2a: Glastrier|62\/100\n|move|p2a: Glastrier|Swords Dance|p2a: Glastrier\n|-boost|p2a: Glastrier|atk|2\n|\n|-heal|p1a: MAMAAAAAAA|78\/100|[from] item: Leftovers\n|upkeep\n|turn|5\n|\n|t:|1700510944\n|move|p1a: MAMAAAAAAA|Draining Kiss|p2a: Glastrier\n|-damage|p2a: Glastrier|34\/100\n|-heal|p1a: MAMAAAAAAA|100\/100|[from] drain|[of] p2a: Glastrier\n|move|p2a: Glastrier|High Horsepower|p1a: MAMAAAAAAA\n|-damage|p1a: MAMAAAAAAA|29\/100\n|\n|-heal|p1a: MAMAAAAAAA|35\/100|[from] item: Leftovers\n|-fieldend|Misty Terrain\n|upkeep\n|turn|6\n|\n|t:|1700510962\n|move|p1a: MAMAAAAAAA|Scald|p2a: Glastrier\n|-damage|p2a: Glastrier|0 fnt\n|faint|p2a: Glastrier\n|\n|-heal|p1a: MAMAAAAAAA|41\/100|[from] item: Leftovers\n|upkeep\n|\n|t:|1700510972\n|switch|p2a: Hatterene|Hatterene, F|100\/100\n|turn|7\n|\n|t:|1700510989\n|move|p1a: MAMAAAAAAA|Draining Kiss|p2a: Hatterene\n|-damage|p2a: Hatterene|65\/100\n|-heal|p1a: MAMAAAAAAA|66\/100|[from] drain|[of] p2a: Hatterene\n|move|p2a: Hatterene|Trick Room|p2a: Hatterene\n|-fieldstart|move: Trick Room|[of] p2a: Hatterene\n|\n|-heal|p1a: MAMAAAAAAA|72\/100|[from] item: Leftovers\n|upkeep\n|turn|8\n|\n|t:|1700511004\n|move|p2a: Hatterene|Misty Explosion|p1a: MAMAAAAAAA\n|-damage|p1a: MAMAAAAAAA|53\/100\n|faint|p2a: Hatterene\n|move|p1a: MAMAAAAAAA|Calm Mind|p1a: MAMAAAAAAA\n|-boost|p1a: MAMAAAAAAA|spa|1\n|-boost|p1a: MAMAAAAAAA|spd|1\n|\n|-heal|p1a: MAMAAAAAAA|60\/100|[from] item: Leftovers\n|upkeep\n|\n|t:|1700511017\n|switch|p2a: Mimikyu|Mimikyu, M, shiny|100\/100\n|turn|9\n|j| Smackey_5\n|\n|t:|1700511033\n|move|p1a: MAMAAAAAAA|Draining Kiss|p2a: Mimikyu\n|-activate|p2a: Mimikyu|ability: Disguise\n|-damage|p2a: Mimikyu|100\/100\n|detailschange|p2a: Mimikyu|Mimikyu-Busted, M, shiny\n|-damage|p2a: Mimikyu|88\/100|[from] pokemon: Mimikyu-Busted\n|move|p2a: Mimikyu|Swords Dance|p2a: Mimikyu\n|-boost|p2a: Mimikyu|atk|2\n|\n|-heal|p1a: MAMAAAAAAA|66\/100|[from] item: Leftovers\n|upkeep\n|turn|10\n|inactive|pawket has 270 seconds left.\n|\n|t:|1700511062\n|-terastallize|p1a: MAMAAAAAAA|Fairy\n|move|p1a: MAMAAAAAAA|Draining Kiss|p2a: Mimikyu\n|-damage|p2a: Mimikyu|0 fnt\n|-heal|p1a: MAMAAAAAAA|100\/100|[from] drain|[of] p2a: Mimikyu\n|faint|p2a: Mimikyu\n|\n|upkeep\n|inactive|pawket has 270 seconds left.\n|\n|t:|1700511072\n|switch|p2a: Ursaluna|Ursaluna-Bloodmoon, M|100\/100\n|turn|11\n|inactive|pawket has 270 seconds left.\n|\n|t:|1700511090\n|move|p2a: Ursaluna|Blood Moon|p1a: MAMAAAAAAA\n|-damage|p1a: MAMAAAAAAA|72\/100\n|-damage|p2a: Ursaluna|91\/100|[from] item: Life Orb\n|move|p1a: MAMAAAAAAA|Draining Kiss|p2a: Ursaluna\n|-crit|p2a: Ursaluna\n|-damage|p2a: Ursaluna|0 fnt\n|-heal|p1a: MAMAAAAAAA|100\/100|[from] drain|[of] p2a: Ursaluna\n|faint|p2a: Ursaluna\n|\n|-fieldend|move: Trick Room\n|upkeep\n|\n|t:|1700511104\n|switch|p2a: Volcarona|Volcarona, F|100\/100\n|turn|12\n|\n|t:|1700511112\n|-terastallize|p2a: Volcarona|Grass\n|move|p2a: Volcarona|Quiver Dance|p2a: Volcarona\n|-boost|p2a: Volcarona|spa|1\n|-boost|p2a: Volcarona|spd|1\n|-boost|p2a: Volcarona|spe|1\n|move|p1a: MAMAAAAAAA|Scald|p2a: Volcarona\n|-resisted|p2a: Volcarona\n|-damage|p2a: Volcarona|78\/100\n|\n|upkeep\n|turn|13\n|l| MiniBearGrahams\n|inactive|pawket has 270 seconds left.\n|j| MiniBearGrahams\n|\n|t:|1700511123\n|move|p2a: Volcarona|Quiver Dance|p2a: Volcarona\n|-boost|p2a: Volcarona|spa|1\n|-boost|p2a: Volcarona|spd|1\n|-boost|p2a: Volcarona|spe|1\n|move|p1a: MAMAAAAAAA|Draining Kiss|p2a: Volcarona\n|-damage|p2a: Volcarona|41\/100\n|-status|p1a: MAMAAAAAAA|brn|[from] ability: Flame Body|[of] p2a: Volcarona\n|\n|-damage|p1a: MAMAAAAAAA|94\/100 brn|[from] brn\n|upkeep\n|turn|14\n|inactive|pawket has 270 seconds left.\n|j| Demolution545\n|\n|t:|1700511141\n|move|p2a: Volcarona|Giga Drain|p1a: MAMAAAAAAA\n|-damage|p1a: MAMAAAAAAA|71\/100 brn\n|-heal|p2a: Volcarona|54\/100|[from] drain|[of] p1a: MAMAAAAAAA\n|move|p1a: MAMAAAAAAA|Calm Mind|p1a: MAMAAAAAAA\n|-boost|p1a: MAMAAAAAAA|spa|1\n|-boost|p1a: MAMAAAAAAA|spd|1\n|\n|-heal|p1a: MAMAAAAAAA|78\/100 brn|[from] item: Leftovers\n|-damage|p1a: MAMAAAAAAA|71\/100 brn|[from] brn\n|upkeep\n|turn|15\n|inactive|pawket has 270 seconds left.\n|\n|t:|1700511162\n|move|p2a: Volcarona|Fiery Dance|p1a: MAMAAAAAAA\n|-damage|p1a: MAMAAAAAAA|49\/100 brn\n|-boost|p2a: Volcarona|spa|1\n|move|p1a: MAMAAAAAAA|Calm Mind|p1a: MAMAAAAAAA\n|-boost|p1a: MAMAAAAAAA|spa|1\n|-boost|p1a: MAMAAAAAAA|spd|1\n|\n|-heal|p1a: MAMAAAAAAA|55\/100 brn|[from] item: Leftovers\n|-damage|p1a: MAMAAAAAAA|49\/100 brn|[from] brn\n|upkeep\n|turn|16\n|\n|t:|1700511177\n|move|p2a: Volcarona|Giga Drain|p1a: MAMAAAAAAA\n|-damage|p1a: MAMAAAAAAA|29\/100 brn\n|-heal|p2a: Volcarona|65\/100|[from] drain|[of] p1a: MAMAAAAAAA\n|move|p1a: MAMAAAAAAA|Draining Kiss|p2a: Volcarona\n|-damage|p2a: Volcarona|19\/100\n|-heal|p1a: MAMAAAAAAA|60\/100 brn|[from] drain|[of] p2a: Volcarona\n|\n|-heal|p1a: MAMAAAAAAA|66\/100 brn|[from] item: Leftovers\n|-damage|p1a: MAMAAAAAAA|60\/100 brn|[from] brn\n|upkeep\n|turn|17\n|\n|t:|1700511188\n|move|p2a: Volcarona|Giga Drain|p1a: MAMAAAAAAA\n|-damage|p1a: MAMAAAAAAA|39\/100 brn\n|-heal|p2a: Volcarona|31\/100|[from] drain|[of] p1a: MAMAAAAAAA\n|move|p1a: MAMAAAAAAA|Draining Kiss|p2a: Volcarona\n|-damage|p2a: Volcarona|0 fnt\n|-heal|p1a: MAMAAAAAAA|60\/100 brn|[from] drain|[of] p2a: Volcarona\n|faint|p2a: Volcarona\n|\n|-heal|p1a: MAMAAAAAAA|66\/100 brn|[from] item: Leftovers\n|-damage|p1a: MAMAAAAAAA|60\/100 brn|[from] brn\n|upkeep\n|\n|t:|1700511204\n|switch|p2a: Porygon2|Porygon2|100\/100\n|turn|18\n|\n|t:|1700511217\n|move|p1a: MAMAAAAAAA|Draining Kiss|p2a: Porygon2\n|-damage|p2a: Porygon2|43\/100\n|-heal|p1a: MAMAAAAAAA|100\/100 brn|[from] drain|[of] p2a: Porygon2\n|move|p2a: Porygon2|Ice Beam|p1a: MAMAAAAAAA\n|-damage|p1a: MAMAAAAAAA|95\/100 brn\n|\n|-heal|p1a: MAMAAAAAAA|100\/100 brn|[from] item: Leftovers\n|-damage|p1a: MAMAAAAAAA|94\/100 brn|[from] brn\n|upkeep\n|turn|19\n|c|\u2606pawket|Lol\n|\n|t:|1700511232\n|move|p1a: MAMAAAAAAA|Draining Kiss|p2a: Porygon2\n|-damage|p2a: Porygon2|0 fnt\n|-heal|p1a: MAMAAAAAAA|100\/100 brn|[from] drain|[of] p2a: Porygon2\n|faint|p2a: Porygon2\n|\n|win|DinsFire01\n|c|\u2606DinsFire01|this was unfortunate\n|c|\u2606pawket|Mama tore my ass up\n|c| ZBFusion|not the JV7\n|l| MiniBearGrahams\n","uploadtime":1700511247,"views":18,"p1id":"dinsfire01","p2id":"pawket","formatid":"gen9nationaldexubers","rating":0,"private":0,"password":""}