{"id":"gen9nationaldexubers-1992059736","p1":"marksilver","p2":"pombo me","format":"[Gen 9] National Dex Ubers","log":"|j|\u2606marksilver\n|j|\u2606pombo me\n|t:|1700151701\n|gametype|singles\n|player|p1|marksilver|buck|1000\n|player|p2|pombo me|n|1043\n|teamsize|p1|6\n|teamsize|p2|6\n|gen|9\n|tier|[Gen 9] National Dex Ubers\n|rated|\n|rule|HP Percentage Mod: HP is shown in percentages\n|rule|Endless Battle Clause: Forcing endless battles is banned\n|rule|OHKO Clause: OHKO moves are banned\n|rule|Evasion Moves Clause: Evasion moves are banned\n|rule|Evasion Items Clause: Evasion items are banned\n|rule|Species Clause: Limit one of each Pok\u00e9mon\n|rule|Sleep Clause Mod: Limit one foe put to sleep\n|rule|Mega Rayquaza Clause: You cannot mega evolve Rayquaza\n|clearpoke\n|poke|p1|Mawile, F|\n|poke|p1|Ceruledge, M|\n|poke|p1|Swampert, M|\n|poke|p1|Abomasnow, M|\n|poke|p1|Hawlucha, M|\n|poke|p1|Raichu-Alola, M|\n|poke|p2|Decidueye-Hisui, F|\n|poke|p2|Electabuzz, F|\n|poke|p2|Volcanion|\n|poke|p2|Shuckle, M|\n|poke|p2|Genesect|\n|poke|p2|Urshifu-*, M|\n|teampreview\n|\n|t:|1700151726\n|start\n|switch|p1a: Swampert|Swampert, M|100\/100\n|switch|p2a: Shuckle|Shuckle, M|100\/100\n|turn|1\n|\n|t:|1700151735\n|move|p1a: Swampert|Aqua Tail|p2a: Shuckle\n|-supereffective|p2a: Shuckle\n|-damage|p2a: Shuckle|47\/100\n|-enditem|p2a: Shuckle|Red Card|[of] p1a: Swampert\n|drag|p1a: Ceruledge|Ceruledge, M|100\/100\n|move|p2a: Shuckle|Sticky Web|p1a: Ceruledge\n|-sidestart|p1: marksilver|move: Sticky Web\n|\n|upkeep\n|turn|2\n|\n|t:|1700151783\n|move|p1a: Ceruledge|False Swipe|p2a: Shuckle\n|-resisted|p2a: Shuckle\n|-damage|p2a: Shuckle|42\/100\n|move|p2a: Shuckle|Stealth Rock|p1a: Ceruledge\n|-sidestart|p1: marksilver|move: Stealth Rock\n|\n|upkeep\n|turn|3\n|\n|t:|1700151794\n|move|p1a: Ceruledge|Shadow Sneak|p2a: Shuckle\n|-damage|p2a: Shuckle|25\/100\n|move|p2a: Shuckle|Toxic|p1a: Ceruledge\n|-status|p1a: Ceruledge|tox\n|\n|-damage|p1a: Ceruledge|94\/100 tox|[from] psn\n|upkeep\n|turn|4\n|\n|t:|1700151803\n|move|p1a: Ceruledge|Bitter Blade|p2a: Shuckle\n|-damage|p2a: Shuckle|0 fnt\n|-heal|p1a: Ceruledge|100\/100 tox|[from] drain|[of] p2a: Shuckle\n|faint|p2a: Shuckle\n|\n|-damage|p1a: Ceruledge|88\/100 tox|[from] psn\n|upkeep\n|\n|t:|1700151820\n|switch|p2a: Volcanion|Volcanion|100\/100\n|turn|5\n|\n|t:|1700151831\n|switch|p1a: Swampert|Swampert, M|100\/100\n|move|p2a: Volcanion|Earth Power|p1a: Swampert\n|-damage|p1a: Swampert|60\/100\n|-damage|p2a: Volcanion|91\/100|[from] item: Life Orb\n|\n|upkeep\n|turn|6\n|\n|t:|1700151855\n|move|p2a: Volcanion|Steam Eruption|p1a: Swampert\n|-damage|p1a: Swampert|0 fnt\n|faint|p1a: Swampert\n|-damage|p2a: Volcanion|81\/100|[from] item: Life Orb\n|\n|upkeep\n|\n|t:|1700151861\n|switch|p1a: Abomasnow|Abomasnow, M, shiny|100\/100\n|-activate|p1a: Abomasnow|move: Sticky Web\n|-unboost|p1a: Abomasnow|spe|1\n|-damage|p1a: Abomasnow|76\/100|[from] Stealth Rock\n|-weather|Snow|[from] ability: Snow Warning|[of] p1a: Abomasnow\n|turn|7\n|\n|t:|1700151870\n|move|p2a: Volcanion|Fire Blast|p1a: Abomasnow\n|-supereffective|p1a: Abomasnow\n|-damage|p1a: Abomasnow|0 fnt\n|faint|p1a: Abomasnow\n|-damage|p2a: Volcanion|71\/100|[from] item: Life Orb\n|\n|-weather|Snow|[upkeep]\n|upkeep\n|\n|t:|1700151880\n|switch|p1a: Raichu|Raichu-Alola, M|100\/100\n|-activate|p1a: Raichu|move: Sticky Web\n|-unboost|p1a: Raichu|spe|1\n|-damage|p1a: Raichu|88\/100|[from] Stealth Rock\n|turn|8\n|\n|t:|1700151907\n|move|p2a: Volcanion|Earth Power|p1a: Raichu\n|-supereffective|p1a: Raichu\n|-damage|p1a: Raichu|0 fnt\n|faint|p1a: Raichu\n|-damage|p2a: Volcanion|61\/100|[from] item: Life Orb\n|\n|-weather|Snow|[upkeep]\n|upkeep\n|\n|t:|1700151916\n|switch|p1a: Mawile|Mawile, F, shiny|100\/100\n|-activate|p1a: Mawile|move: Sticky Web\n|-unboost|p1a: Mawile|spe|1\n|-damage|p1a: Mawile|94\/100|[from] Stealth Rock\n|turn|9\n|\n|t:|1700151934\n|detailschange|p1a: Mawile|Mawile-Mega, F, shiny\n|-mega|p1a: Mawile|Mawile|Mawilite\n|move|p2a: Volcanion|Fire Blast|p1a: Mawile\n|-supereffective|p1a: Mawile\n|-damage|p1a: Mawile|0 fnt\n|faint|p1a: Mawile\n|-damage|p2a: Volcanion|51\/100|[from] item: Life Orb\n|\n|-weather|Snow|[upkeep]\n|upkeep\n|\n|t:|1700151945\n|switch|p1a: Ceruledge|Ceruledge, M|88\/100 tox\n|-activate|p1a: Ceruledge|move: Sticky Web\n|-unboost|p1a: Ceruledge|spe|1\n|-damage|p1a: Ceruledge|63\/100 tox|[from] Stealth Rock\n|turn|10\n|\n|t:|1700151959\n|move|p1a: Ceruledge|Shadow Sneak|p2a: Volcanion\n|-damage|p2a: Volcanion|31\/100\n|move|p2a: Volcanion|Steam Eruption|p1a: Ceruledge\n|-supereffective|p1a: Ceruledge\n|-damage|p1a: Ceruledge|0 fnt\n|faint|p1a: Ceruledge\n|-damage|p2a: Volcanion|21\/100|[from] item: Life Orb\n|\n|-weather|Snow|[upkeep]\n|upkeep\n|\n|t:|1700151969\n|switch|p1a: Hawlucha|Hawlucha, M, shiny|100\/100\n|-damage|p1a: Hawlucha|88\/100|[from] Stealth Rock\n|-ability|p1a: Hawlucha|Mold Breaker\n|turn|11\n|\n|t:|1700151977\n|move|p1a: Hawlucha|Poison Jab|p2a: Volcanion\n|-damage|p2a: Volcanion|2\/100\n|move|p2a: Volcanion|Fire Blast|p1a: Hawlucha\n|-damage|p1a: Hawlucha|0 fnt\n|faint|p1a: Hawlucha\n|-damage|p2a: Volcanion|0 fnt|[from] item: Life Orb\n|faint|p2a: Volcanion\n|\n|win|pombo me\n|raw|marksilver's rating: 1000 &rarr; <strong>1000<\/strong><br \/>(+0 for losing)\n|raw|pombo me's rating: 1043 &rarr; <strong>1072<\/strong><br \/>(+29 for winning)\n|l|\u2606pombo me\n","uploadtime":1700151988,"views":7,"p1id":"marksilver","p2id":"pombome","formatid":"gen9nationaldexubers","rating":1000,"private":0,"password":""}