{"id":"gen9nationaldexubers-1983635358","p1":"D. Lawrenzz","p2":"ANinjaDude","format":"[Gen 9] National Dex Ubers","log":"|j|\u2606D. Lawrenzz\n|j|\u2606ANinjaDude\n|t:|1699152120\n|gametype|singles\n|player|p1|D. Lawrenzz|blue-masters|\n|player|p2|ANinjaDude|volkner|\n|teamsize|p1|6\n|teamsize|p2|6\n|gen|9\n|tier|[Gen 9] National Dex Ubers\n|rule|HP Percentage Mod: HP is shown in percentages\n|rule|Endless Battle Clause: Forcing endless battles is banned\n|rule|OHKO Clause: OHKO moves are banned\n|rule|Evasion Moves Clause: Evasion moves are banned\n|rule|Evasion Items Clause: Evasion items are banned\n|rule|Species Clause: Limit one of each Pok\u00e9mon\n|rule|Sleep Clause Mod: Limit one foe put to sleep\n|rule|Mega Rayquaza Clause: You cannot mega evolve Rayquaza\n|clearpoke\n|poke|p1|Ribombee, F|\n|poke|p1|Lopunny, M|\n|poke|p1|Great Tusk|\n|poke|p1|Ogerpon-Wellspring, F|\n|poke|p1|Bisharp, F|\n|poke|p1|Iron Moth|\n|poke|p2|Landorus-Therian, M|\n|poke|p2|Celesteela|\n|poke|p2|Thundurus-Therian, M|\n|poke|p2|Dragonite, M|\n|poke|p2|Shaymin-Sky|\n|poke|p2|Lopunny, F|\n|teampreview\n|inactive|Battle timer is ON: inactive players will automatically lose when time's up. (requested by ANinjaDude)\n|inactive|D. Lawrenzz also wants the timer to be on.\n|c|\u2606ANinjaDude|glhf\n|inactive|D. Lawrenzz has 270 seconds left.\n|c|\u2606D. Lawrenzz|hf\n|\n|t:|1699152156\n|start\n|switch|p1a: Lopunny|Lopunny, M, shiny|100\/100\n|switch|p2a: Celesteela|Celesteela|100\/100\n|turn|1\n|\n|t:|1699152161\n|detailschange|p1a: Lopunny|Lopunny-Mega, M, shiny\n|-mega|p1a: Lopunny|Lopunny|Lopunnite\n|move|p1a: Lopunny|Fake Out|p2a: Celesteela\n|-resisted|p2a: Celesteela\n|-damage|p2a: Celesteela|89\/100\n|cant|p2a: Celesteela|flinch\n|\n|upkeep\n|turn|2\n|\n|t:|1699152166\n|move|p1a: Lopunny|High Jump Kick|p2a: Celesteela\n|-damage|p2a: Celesteela|21\/100\n|move|p2a: Celesteela|Autotomize|p2a: Celesteela\n|-boost|p2a: Celesteela|spe|2\n|-start|p2a: Celesteela|Autotomize\n|\n|upkeep\n|turn|3\n|\n|t:|1699152172\n|switch|p1a: Bisharp|Bisharp, F, shiny|100\/100\n|move|p2a: Celesteela|Air Slash|p1a: Bisharp\n|-resisted|p1a: Bisharp\n|-damage|p1a: Bisharp|86\/100\n|\n|upkeep\n|turn|4\n|\n|t:|1699152176\n|move|p1a: Bisharp|Sucker Punch||[still]\n|-fail|p1a: Bisharp\n|move|p2a: Celesteela|Autotomize|p2a: Celesteela\n|-boost|p2a: Celesteela|spe|2\n|-start|p2a: Celesteela|Autotomize\n|\n|upkeep\n|turn|5\n|\n|t:|1699152181\n|move|p1a: Bisharp|Sucker Punch||[still]\n|-fail|p1a: Bisharp\n|move|p2a: Celesteela|Autotomize|p2a: Celesteela\n|-boost|p2a: Celesteela|spe|2\n|-start|p2a: Celesteela|Autotomize\n|\n|upkeep\n|turn|6\n|\n|t:|1699152184\n|move|p1a: Bisharp|Sucker Punch||[still]\n|-fail|p1a: Bisharp\n|move|p2a: Celesteela|Autotomize||[still]\n|-fail|p2a: Celesteela\n|\n|upkeep\n|turn|7\n|\n|t:|1699152187\n|move|p2a: Celesteela|Autotomize||[still]\n|-fail|p2a: Celesteela\n|move|p1a: Bisharp|Iron Head|p2a: Celesteela\n|-resisted|p2a: Celesteela\n|-damage|p2a: Celesteela|0 fnt\n|faint|p2a: Celesteela\n|\n|upkeep\n|\n|t:|1699152190\n|switch|p2a: Landorus|Landorus-Therian, M|100\/100\n|-ability|p2a: Landorus|Intimidate|boost\n|-unboost|p1a: Bisharp|atk|1\n|-ability|p1a: Bisharp|Defiant|boost\n|-boost|p1a: Bisharp|atk|2\n|turn|8\n|\n|t:|1699152196\n|move|p2a: Landorus|Stealth Rock|p1a: Bisharp\n|-sidestart|p1: D. Lawrenzz|move: Stealth Rock\n|move|p1a: Bisharp|Knock Off|p2a: Landorus\n|-damage|p2a: Landorus|5\/100\n|-enditem|p2a: Landorus|Focus Sash|[from] move: Knock Off|[of] p1a: Bisharp\n|\n|upkeep\n|turn|9\n|\n|t:|1699152202\n|move|p1a: Bisharp|Sucker Punch||[still]\n|-fail|p1a: Bisharp\n|move|p2a: Landorus|Stealth Rock||[still]\n|-fail|p2a: Landorus\n|\n|upkeep\n|turn|10\n|c|\u2606ANinjaDude|lol\n|\n|t:|1699152209\n|move|p1a: Bisharp|Sucker Punch|p2a: Landorus\n|-damage|p2a: Landorus|0 fnt\n|faint|p2a: Landorus\n|\n|upkeep\n|\n|t:|1699152215\n|switch|p2a: Lopunny|Lopunny, F|100\/100\n|turn|11\n|\n|t:|1699152223\n|detailschange|p2a: Lopunny|Lopunny-Mega, F\n|-mega|p2a: Lopunny|Lopunny|Lopunnite\n|move|p2a: Lopunny|Fake Out|p1a: Bisharp\n|-resisted|p1a: Bisharp\n|-damage|p1a: Bisharp|77\/100\n|cant|p1a: Bisharp|flinch\n|\n|upkeep\n|turn|12\n|\n|t:|1699152230\n|move|p1a: Bisharp|Sucker Punch|p2a: Lopunny\n|-resisted|p2a: Lopunny\n|-damage|p2a: Lopunny|64\/100\n|move|p2a: Lopunny|Close Combat|p1a: Bisharp\n|-supereffective|p1a: Bisharp\n|-damage|p1a: Bisharp|0 fnt\n|-unboost|p2a: Lopunny|def|1\n|-unboost|p2a: Lopunny|spd|1\n|faint|p1a: Bisharp\n|\n|upkeep\n|\n|t:|1699152238\n|switch|p1a: Great Tusk|Great Tusk, shiny|100\/100\n|-damage|p1a: Great Tusk|98\/100|[from] Stealth Rock\n|turn|13\n|\n|t:|1699152242\n|move|p2a: Lopunny|U-turn|p1a: Great Tusk\n|-resisted|p1a: Great Tusk\n|-damage|p1a: Great Tusk|88\/100\n|\n|t:|1699152246\n|switch|p2a: Shaymin|Shaymin-Sky|100\/100|[from] U-turn\n|move|p1a: Great Tusk|Rapid Spin|p2a: Shaymin\n|-damage|p2a: Shaymin|74\/100\n|-boost|p1a: Great Tusk|spe|1\n|-sideend|p1: D. Lawrenzz|Stealth Rock|[from] move: Rapid Spin|[of] p1a: Great Tusk\n|\n|upkeep\n|turn|14\n|\n|t:|1699152257\n|-terastallize|p1a: Great Tusk|Ground\n|move|p2a: Shaymin|Air Slash|p1a: Great Tusk\n|-damage|p1a: Great Tusk|60\/100\n|cant|p1a: Great Tusk|flinch\n|\n|upkeep\n|turn|15\n|\n|t:|1699152263\n|move|p2a: Shaymin|Air Slash|p1a: Great Tusk\n|-damage|p1a: Great Tusk|34\/100\n|cant|p1a: Great Tusk|flinch\n|\n|upkeep\n|turn|16\n|c|\u2606D. Lawrenzz|NOT AGAIN\n|\n|t:|1699152271\n|-terastallize|p2a: Shaymin|Flying\n|move|p2a: Shaymin|Air Slash|p1a: Great Tusk\n|-damage|p1a: Great Tusk|0 fnt\n|faint|p1a: Great Tusk\n|-end|p1a: Great Tusk|Protosynthesis|[silent]\n|\n|upkeep\n|c|\u2606ANinjaDude|lol\n|c|\u2606ANinjaDude|serene grace\n|\n|t:|1699152281\n|switch|p1a: Ribombee|Ribombee, F, shiny|100\/100\n|turn|17\n|c|\u2606ANinjaDude|i can also run a togekiss if you'd like\n|\n|t:|1699152289\n|move|p2a: Shaymin|Air Slash|p1a: Ribombee\n|-supereffective|p1a: Ribombee\n|-enditem|p1a: Ribombee|Focus Sash\n|-damage|p1a: Ribombee|1\/100\n|move|p1a: Ribombee|Hidden Power|p2a: Shaymin\n|-supereffective|p2a: Shaymin\n|-damage|p2a: Shaymin|26\/100\n|\n|upkeep\n|turn|18\n|\n|t:|1699152297\n|move|p2a: Shaymin|Air Slash|p1a: Ribombee\n|-supereffective|p1a: Ribombee\n|-damage|p1a: Ribombee|0 fnt\n|faint|p1a: Ribombee\n|\n|upkeep\n|\n|t:|1699152300\n|switch|p1a: Lopunny|Lopunny-Mega, M, shiny|100\/100\n|turn|19\n|c|\u2606ANinjaDude|for double grace\n|\n|t:|1699152303\n|switch|p2a: Thundurus|Thundurus-Therian, M|100\/100\n|move|p1a: Lopunny|Fake Out|p2a: Thundurus\n|-damage|p2a: Thundurus|68\/100\n|\n|upkeep\n|turn|20\n|c|\u2606D. Lawrenzz|no\n|c|\u2606D. Lawrenzz|god no\n|\n|t:|1699152309\n|move|p1a: Lopunny|Triple Axel|p2a: Thundurus\n|-supereffective|p2a: Thundurus\n|-damage|p2a: Thundurus|47\/100\n|-supereffective|p2a: Thundurus\n|-damage|p2a: Thundurus|3\/100\n|-supereffective|p2a: Thundurus\n|-damage|p2a: Thundurus|0 fnt\n|faint|p2a: Thundurus\n|-hitcount|p2: Thundurus|3\n|\n|upkeep\n|\n|t:|1699152315\n|switch|p2a: Shaymin|Shaymin-Sky, tera:Flying|26\/100\n|turn|21\n|c|\u2606ANinjaDude|ill do it\n|\n|t:|1699152322\n|switch|p1a: Ogerpon|Ogerpon-Wellspring, F|100\/100\n|move|p2a: Shaymin|Air Slash|p1a: Ogerpon\n|-supereffective|p1a: Ogerpon\n|-damage|p1a: Ogerpon|0 fnt\n|faint|p1a: Ogerpon\n|\n|upkeep\n|\n|t:|1699152325\n|switch|p1a: Lopunny|Lopunny-Mega, M, shiny|100\/100\n|turn|22\n|\n|t:|1699152327\n|switch|p2a: Lopunny|Lopunny-Mega, F|64\/100\n|move|p1a: Lopunny|Fake Out|p2a: Lopunny\n|-damage|p2a: Lopunny|37\/100\n|\n|upkeep\n|turn|23\n|\n|t:|1699152334\n|move|p2a: Lopunny|Fake Out|p1a: Lopunny\n|-damage|p1a: Lopunny|70\/100\n|cant|p1a: Lopunny|flinch\n|\n|upkeep\n|turn|24\n|\n|t:|1699152342\n|move|p1a: Lopunny|High Jump Kick|p2a: Lopunny\n|-supereffective|p2a: Lopunny\n|-damage|p2a: Lopunny|0 fnt\n|faint|p2a: Lopunny\n|\n|upkeep\n|c|\u2606ANinjaDude|you made it jolly\n|c|\u2606ANinjaDude|jolly good\n|\n|t:|1699152354\n|switch|p2a: Dragonite|Dragonite, M|100\/100\n|turn|25\n|\n|t:|1699152357\n|move|p1a: Lopunny|Triple Axel|p2a: Dragonite\n|-supereffective|p2a: Dragonite\n|-damage|p2a: Dragonite|83\/100\n|-supereffective|p2a: Dragonite\n|-damage|p2a: Dragonite|21\/100\n|-supereffective|p2a: Dragonite\n|-damage|p2a: Dragonite|0 fnt\n|faint|p2a: Dragonite\n|-hitcount|p2: Dragonite|3\n|\n|upkeep\n|\n|t:|1699152360\n|switch|p2a: Shaymin|Shaymin-Sky, tera:Flying|26\/100\n|turn|26\n|\n|t:|1699152363\n|switch|p1a: Iron Moth|Iron Moth, shiny|100\/100\n|-enditem|p1a: Iron Moth|Booster Energy\n|-activate|p1a: Iron Moth|ability: Quark Drive|[fromitem]\n|-start|p1a: Iron Moth|quarkdrivespe\n|move|p2a: Shaymin|Air Slash|p1a: Iron Moth\n|-damage|p1a: Iron Moth|53\/100\n|\n|upkeep\n|turn|27\n|c|\u2606ANinjaDude|forgot about taxel\n|\n|t:|1699152366\n|move|p2a: Shaymin|Air Slash|p1a: Iron Moth\n|-damage|p1a: Iron Moth|3\/100\n|move|p1a: Iron Moth|Fiery Dance|p2a: Shaymin\n|-damage|p2a: Shaymin|0 fnt\n|faint|p2a: Shaymin\n|\n|win|D. Lawrenzz\n|c|\u2606ANinjaDude|ggs\n|c|\u2606D. Lawrenzz|GG\n","uploadtime":1699152372,"views":8,"p1id":"dlawrenzz","p2id":"aninjadude","formatid":"gen9nationaldexubers","rating":0,"private":0,"password":""}