{"id":"gen9nationaldexubers-1994212307","p1":"ShadowVoid4534","p2":"VerduOsane","format":"[Gen 9] National Dex Ubers","log":"|j|\u2606ShadowVoid4534\n|j|\u2606VerduOsane\n|t:|1700419485\n|gametype|singles\n|player|p1|ShadowVoid4534|palmer|1116\n|player|p2|VerduOsane|2|1202\n|teamsize|p1|6\n|teamsize|p2|6\n|gen|9\n|tier|[Gen 9] National Dex Ubers\n|rated|\n|rule|HP Percentage Mod: HP is shown in percentages\n|rule|Endless Battle Clause: Forcing endless battles is banned\n|rule|OHKO Clause: OHKO moves are banned\n|rule|Evasion Moves Clause: Evasion moves are banned\n|rule|Evasion Items Clause: Evasion items are banned\n|rule|Species Clause: Limit one of each Pok\u00e9mon\n|rule|Sleep Clause Mod: Limit one foe put to sleep\n|rule|Mega Rayquaza Clause: You cannot mega evolve Rayquaza\n|clearpoke\n|poke|p1|Aegislash, M|\n|poke|p1|Samurott-Hisui, F|\n|poke|p1|Salamence, F|\n|poke|p1|Volcarona, F|\n|poke|p1|Eternatus|\n|poke|p1|Mewtwo|\n|poke|p2|Kleavor, M|\n|poke|p2|Enamorus-Therian, F|\n|poke|p2|Sneasler, M|\n|poke|p2|Ursaluna, F|\n|poke|p2|Samurott-Hisui, M|\n|poke|p2|Goodra-Hisui, M|\n|teampreview\n|inactive|Battle timer is ON: inactive players will automatically lose when time's up. (requested by ShadowVoid4534)\n|\n|t:|1700419496\n|start\n|switch|p1a: Samurott|Samurott-Hisui, F|100\/100\n|switch|p2a: Enamorus|Enamorus-Therian, F|100\/100\n|turn|1\n|\n|t:|1700419503\n|move|p1a: Samurott|Ceaseless Edge|p2a: Enamorus\n|-resisted|p2a: Enamorus\n|-damage|p2a: Enamorus|79\/100\n|-sidestart|p2: VerduOsane|Spikes\n|move|p2a: Enamorus|Calm Mind|p2a: Enamorus\n|-boost|p2a: Enamorus|spa|1\n|-boost|p2a: Enamorus|spd|1\n|\n|-heal|p2a: Enamorus|86\/100|[from] item: Leftovers\n|upkeep\n|turn|2\n|\n|t:|1700419505\n|move|p1a: Samurott|Ceaseless Edge|p2a: Enamorus|[miss]\n|-miss|p1a: Samurott|p2a: Enamorus\n|move|p2a: Enamorus|Moonblast|p1a: Samurott\n|-supereffective|p1a: Samurott\n|-damage|p1a: Samurott|0 fnt\n|faint|p1a: Samurott\n|\n|-heal|p2a: Enamorus|92\/100|[from] item: Leftovers\n|upkeep\n|\n|t:|1700419507\n|switch|p1a: Aegislash|Aegislash, M|100\/100\n|turn|3\n|\n|t:|1700419515\n|-formechange|p1a: Aegislash|Aegislash-Blade||[from] ability: Stance Change\n|move|p1a: Aegislash|Flash Cannon|p2a: Enamorus\n|-supereffective|p2a: Enamorus\n|-damage|p2a: Enamorus|32\/100\n|move|p2a: Enamorus|Calm Mind|p2a: Enamorus\n|-boost|p2a: Enamorus|spa|1\n|-boost|p2a: Enamorus|spd|1\n|\n|-heal|p2a: Enamorus|38\/100|[from] item: Leftovers\n|upkeep\n|turn|4\n|\n|t:|1700419522\n|move|p1a: Aegislash|Flash Cannon|p2a: Enamorus\n|-supereffective|p2a: Enamorus\n|-crit|p2a: Enamorus\n|-damage|p2a: Enamorus|0 fnt\n|faint|p2a: Enamorus\n|\n|upkeep\n|c|\u2606VerduOsane|fucking crit..\n|\n|t:|1700419535\n|switch|p2a: Ursaluna|Ursaluna, F|100\/100\n|-damage|p2a: Ursaluna|88\/100|[from] Spikes\n|turn|5\n|\n|t:|1700419539\n|-formechange|p1a: Aegislash|Aegislash||[from] ability: Stance Change\n|move|p1a: Aegislash|King's Shield|p1a: Aegislash\n|-singleturn|p1a: Aegislash|Protect\n|move|p2a: Ursaluna|Bulk Up|p2a: Ursaluna\n|-boost|p2a: Ursaluna|atk|1\n|-boost|p2a: Ursaluna|def|1\n|\n|-status|p2a: Ursaluna|brn|[from] item: Flame Orb\n|upkeep\n|turn|6\n|\n|t:|1700419545\n|-formechange|p1a: Aegislash|Aegislash-Blade||[from] ability: Stance Change\n|move|p1a: Aegislash|Flash Cannon|p2a: Ursaluna\n|-damage|p2a: Ursaluna|45\/100 brn\n|move|p2a: Ursaluna|Earthquake|p1a: Aegislash\n|-supereffective|p1a: Aegislash\n|-damage|p1a: Aegislash|0 fnt\n|faint|p1a: Aegislash\n|\n|-damage|p2a: Ursaluna|39\/100 brn|[from] brn\n|upkeep\n|\n|t:|1700419550\n|switch|p1a: Salamence|Salamence, F|100\/100\n|-ability|p1a: Salamence|Intimidate|boost\n|-unboost|p2a: Ursaluna|atk|1\n|turn|7\n|\n|t:|1700419555\n|move|p1a: Salamence|Dragon Claw|p2a: Ursaluna\n|-damage|p2a: Ursaluna|22\/100 brn\n|move|p2a: Ursaluna|Play Rough|p1a: Salamence\n|-supereffective|p1a: Salamence\n|-damage|p1a: Salamence|0 fnt\n|faint|p1a: Salamence\n|\n|-damage|p2a: Ursaluna|16\/100 brn|[from] brn\n|upkeep\n|\n|t:|1700419560\n|switch|p1a: Volcarona|Volcarona, F|100\/100\n|turn|8\n|\n|t:|1700419564\n|move|p1a: Volcarona|Giga Drain|p2a: Ursaluna\n|-supereffective|p2a: Ursaluna\n|-damage|p2a: Ursaluna|0 fnt\n|faint|p2a: Ursaluna\n|\n|upkeep\n|\n|t:|1700419569\n|switch|p2a: Kleavor|Kleavor, M|100\/100\n|-damage|p2a: Kleavor|88\/100|[from] Spikes\n|turn|9\n|\n|t:|1700419577\n|move|p1a: Volcarona|Quiver Dance|p1a: Volcarona\n|-boost|p1a: Volcarona|spa|1\n|-boost|p1a: Volcarona|spd|1\n|-boost|p1a: Volcarona|spe|1\n|move|p2a: Kleavor|Stone Axe|p1a: Volcarona\n|-supereffective|p1a: Volcarona\n|-enditem|p1a: Volcarona|Focus Sash\n|-damage|p1a: Volcarona|1\/100\n|-sidestart|p1: ShadowVoid4534|move: Stealth Rock\n|\n|upkeep\n|turn|10\n|\n|t:|1700419587\n|move|p1a: Volcarona|Fiery Dance|p2a: Kleavor\n|-damage|p2a: Kleavor|22\/100\n|-boost|p1a: Volcarona|spa|1\n|move|p2a: Kleavor|Knock Off|p1a: Volcarona\n|-damage|p1a: Volcarona|0 fnt\n|faint|p1a: Volcarona\n|\n|upkeep\n|\n|t:|1700419590\n|switch|p1a: Eternatus|Eternatus, shiny|100\/100\n|-damage|p1a: Eternatus|88\/100|[from] Stealth Rock\n|-ability|p1a: Eternatus|Pressure\n|turn|11\n|\n|t:|1700419593\n|move|p1a: Eternatus|Flash Cannon|p2a: Kleavor\n|-supereffective|p2a: Kleavor\n|-damage|p2a: Kleavor|0 fnt\n|faint|p2a: Kleavor\n|\n|upkeep\n|\n|t:|1700419600\n|switch|p2a: Samurott|Samurott-Hisui, M|100\/100\n|-damage|p2a: Samurott|88\/100|[from] Spikes\n|turn|12\n|\n|t:|1700419603\n|move|p1a: Eternatus|Dynamax Cannon|p2a: Samurott\n|-damage|p2a: Samurott|0 fnt\n|faint|p2a: Samurott\n|\n|upkeep\n|\n|t:|1700419608\n|switch|p2a: Sneasler|Sneasler, M|100\/100\n|-damage|p2a: Sneasler|88\/100|[from] Spikes\n|turn|13\n|inactive|VerduOsane has 120 seconds left.\n|\n|t:|1700419642\n|move|p2a: Sneasler|Dire Claw|p1a: Eternatus\n|-resisted|p1a: Eternatus\n|-damage|p1a: Eternatus|72\/100\n|move|p1a: Eternatus|Flamethrower|p2a: Sneasler\n|-damage|p2a: Sneasler|34\/100\n|\n|upkeep\n|turn|14\n|\n|t:|1700419650\n|move|p2a: Sneasler|Dire Claw|p1a: Eternatus\n|-resisted|p1a: Eternatus\n|-damage|p1a: Eternatus|56\/100\n|-status|p1a: Eternatus|slp\n|cant|p1a: Eternatus|slp\n|\n|upkeep\n|turn|15\n|\n|t:|1700419658\n|move|p2a: Sneasler|Close Combat|p1a: Eternatus\n|-resisted|p1a: Eternatus\n|-damage|p1a: Eternatus|31\/100 slp\n|-unboost|p2a: Sneasler|def|1\n|-unboost|p2a: Sneasler|spd|1\n|-enditem|p2a: Sneasler|White Herb\n|-clearnegativeboost|p2a: Sneasler|[silent]\n|cant|p1a: Eternatus|slp\n|\n|upkeep\n|turn|16\n|\n|t:|1700419665\n|-terastallize|p2a: Sneasler|Flying\n|move|p2a: Sneasler|Acrobatics|p1a: Eternatus\n|-damage|p1a: Eternatus|0 fnt\n|faint|p1a: Eternatus\n|\n|upkeep\n|\n|t:|1700419668\n|switch|p1a: Mewtwo|Mewtwo, shiny|100\/100\n|-damage|p1a: Mewtwo|88\/100|[from] Stealth Rock\n|-ability|p1a: Mewtwo|Pressure\n|turn|17\n|\n|t:|1700419673\n|detailschange|p1a: Mewtwo|Mewtwo-Mega-Y, shiny\n|-mega|p1a: Mewtwo|Mewtwo|Mewtwonite Y\n|move|p2a: Sneasler|Acrobatics|p1a: Mewtwo\n|-crit|p1a: Mewtwo\n|-damage|p1a: Mewtwo|0 fnt\n|faint|p1a: Mewtwo\n|\n|win|VerduOsane\n|raw|ShadowVoid4534's rating: 1116 &rarr; <strong>1097<\/strong><br \/>(-19 for losing)\n|raw|VerduOsane's rating: 1202 &rarr; <strong>1221<\/strong><br \/>(+19 for winning)\n|l|\u2606ShadowVoid4534\n|l|\u2606VerduOsane\n|j|\u2606VerduOsane\n|player|p2|VerduOsane|2\n","uploadtime":1700419685,"views":24,"p1id":"shadowvoid4534","p2id":"verduosane","formatid":"gen9nationaldexubers","rating":1097,"private":0,"password":""}