{"id":"gen9nationaldexubers-1978309187","p1":"we love offense","p2":"eshaan is awesom","format":"[Gen 9] National Dex Ubers","log":"|j|\u2606we love offense\n|j|\u2606eshaan is awesom\n|t:|1698523523\n|gametype|singles\n|player|p1|we love offense|rocker-gen3|1202\n|player|p2|eshaan is awesom|2|1252\n|teamsize|p1|6\n|teamsize|p2|6\n|gen|9\n|tier|[Gen 9] National Dex Ubers\n|rated|\n|rule|HP Percentage Mod: HP is shown in percentages\n|rule|Endless Battle Clause: Forcing endless battles is banned\n|rule|OHKO Clause: OHKO moves are banned\n|rule|Evasion Moves Clause: Evasion moves are banned\n|rule|Evasion Items Clause: Evasion items are banned\n|rule|Species Clause: Limit one of each Pok\u00e9mon\n|rule|Sleep Clause Mod: Limit one foe put to sleep\n|rule|Mega Rayquaza Clause: You cannot mega evolve Rayquaza\n|clearpoke\n|poke|p1|Giratina|\n|poke|p1|Chansey, F|\n|poke|p1|Gliscor, M|\n|poke|p1|Dondozo, M|\n|poke|p1|Ho-Oh|\n|poke|p1|Groudon|\n|poke|p2|Metagross|\n|poke|p2|Corviknight, M|\n|poke|p2|Gholdengo|\n|poke|p2|Duraludon, M|\n|poke|p2|Kingambit, M|\n|poke|p2|Melmetal|\n|teampreview\n|inactive|Battle timer is ON: inactive players will automatically lose when time's up. (requested by we love offense)\n|inactive|eshaan is awesom has 120 seconds left.\n|\n|t:|1698523568\n|start\n|switch|p1a: primal gooner|Groudon, shiny|100\/100\n|switch|p2a: Duraludon|Duraludon, M|100\/100\n|detailschange|p1a: primal gooner|Groudon-Primal, shiny\n|-primal|p1a: primal gooner|Red Orb\n|-weather|DesolateLand|[from] ability: Desolate Land|[of] p1a: primal gooner\n|turn|1\n|\n|t:|1698523584\n|move|p2a: Duraludon|Draco Meteor|p1a: primal gooner\n|-damage|p1a: primal gooner|49\/100\n|-unboost|p2a: Duraludon|spa|2\n|move|p1a: primal gooner|Earthquake|p2a: Duraludon\n|-supereffective|p2a: Duraludon\n|-damage|p2a: Duraludon|1\/100\n|\n|-weather|DesolateLand|[upkeep]\n|-heal|p2a: Duraludon|7\/100|[from] item: Leftovers\n|upkeep\n|turn|2\n|\n|t:|1698523604\n|-weather|none\n|switch|p1a: incredible gassy|Chansey, F, shiny|100\/100\n|move|p2a: Duraludon|Reflect|p2a: Duraludon\n|-sidestart|p2: eshaan is awesom|Reflect\n|\n|-heal|p2a: Duraludon|13\/100|[from] item: Leftovers\n|upkeep\n|turn|3\n|inactive|eshaan is awesom has 120 seconds left.\n|\n|t:|1698523625\n|switch|p2a: Kingambit|Kingambit, M|100\/100\n|move|p1a: incredible gassy|Wish|p1a: incredible gassy\n|\n|upkeep\n|turn|4\n|\n|t:|1698523631\n|switch|p1a: primal gooner|Groudon-Primal, shiny|49\/100\n|-weather|DesolateLand|[from] ability: Desolate Land|[of] p1a: primal gooner\n|move|p2a: Kingambit|Swords Dance|p2a: Kingambit\n|-boost|p2a: Kingambit|atk|2\n|\n|-weather|DesolateLand|[upkeep]\n|-heal|p1a: primal gooner|100\/100|[from] move: Wish|[wisher] incredible gassy\n|upkeep\n|turn|5\n|\n|t:|1698523642\n|-weather|none\n|switch|p1a: big sausage pizza|Dondozo, M, shiny|100\/100\n|move|p2a: Kingambit|Kowtow Cleave|p1a: big sausage pizza\n|-damage|p1a: big sausage pizza|72\/100\n|-damage|p2a: Kingambit|84\/100|[from] item: Rocky Helmet|[of] p1a: big sausage pizza\n|\n|upkeep\n|turn|6\n|\n|t:|1698523656\n|move|p2a: Kingambit|Swords Dance|p2a: Kingambit\n|-boost|p2a: Kingambit|atk|2\n|move|p1a: big sausage pizza|Curse|p1a: big sausage pizza\n|-unboost|p1a: big sausage pizza|spe|1\n|-boost|p1a: big sausage pizza|atk|1\n|-boost|p1a: big sausage pizza|def|1\n|\n|-sideend|p2: eshaan is awesom|Reflect\n|upkeep\n|turn|7\n|\n|t:|1698523665\n|move|p2a: Kingambit|Kowtow Cleave|p1a: big sausage pizza\n|-damage|p1a: big sausage pizza|54\/100\n|-damage|p2a: Kingambit|67\/100|[from] item: Rocky Helmet|[of] p1a: big sausage pizza\n|move|p1a: big sausage pizza|Curse|p1a: big sausage pizza\n|-unboost|p1a: big sausage pizza|spe|1\n|-boost|p1a: big sausage pizza|atk|1\n|-boost|p1a: big sausage pizza|def|1\n|\n|upkeep\n|turn|8\n|\n|t:|1698523682\n|move|p2a: Kingambit|Iron Head|p1a: big sausage pizza\n|-resisted|p1a: big sausage pizza\n|-damage|p1a: big sausage pizza|49\/100\n|-damage|p2a: Kingambit|51\/100|[from] item: Rocky Helmet|[of] p1a: big sausage pizza\n|cant|p1a: big sausage pizza|flinch\n|\n|upkeep\n|turn|9\n|\n|t:|1698523691\n|move|p2a: Kingambit|Kowtow Cleave|p1a: big sausage pizza\n|-damage|p1a: big sausage pizza|36\/100\n|-damage|p2a: Kingambit|34\/100|[from] item: Rocky Helmet|[of] p1a: big sausage pizza\n|move|p1a: big sausage pizza|Curse|p1a: big sausage pizza\n|-unboost|p1a: big sausage pizza|spe|1\n|-boost|p1a: big sausage pizza|atk|1\n|-boost|p1a: big sausage pizza|def|1\n|\n|upkeep\n|turn|10\n|inactive|eshaan is awesom has 120 seconds left.\n|\n|t:|1698523714\n|move|p2a: Kingambit|Kowtow Cleave|p1a: big sausage pizza\n|-damage|p1a: big sausage pizza|26\/100\n|-damage|p2a: Kingambit|18\/100|[from] item: Rocky Helmet|[of] p1a: big sausage pizza\n|move|p1a: big sausage pizza|Rest|p1a: big sausage pizza\n|-status|p1a: big sausage pizza|slp|[from] move: Rest\n|-heal|p1a: big sausage pizza|100\/100 slp|[silent]\n|\n|upkeep\n|turn|11\n|inactive|eshaan is awesom has 120 seconds left.\n|\n|t:|1698523740\n|-end|p2a: Kingambit|fallenundefined|[silent]\n|switch|p2a: Gholdengo|Gholdengo|100\/100\n|cant|p1a: big sausage pizza|slp\n|\n|upkeep\n|turn|12\n|\n|t:|1698523749\n|switch|p1a: incredible gassy|Chansey, F, shiny|100\/100\n|move|p2a: Gholdengo|Nasty Plot|p2a: Gholdengo\n|-boost|p2a: Gholdengo|spa|2\n|\n|upkeep\n|turn|13\n|\n|t:|1698523759\n|move|p2a: Gholdengo|Make It Rain|p1a: incredible gassy\n|-crit|p1a: incredible gassy\n|-damage|p1a: incredible gassy|32\/100\n|-unboost|p2a: Gholdengo|spa|1\n|move|p1a: incredible gassy|Wish|p1a: incredible gassy\n|\n|upkeep\n|turn|14\n|inactive|eshaan is awesom has 120 seconds left.\n|\n|t:|1698523768\n|move|p2a: Gholdengo|Make It Rain|p1a: incredible gassy\n|-damage|p1a: incredible gassy|0 fnt\n|-unboost|p2a: Gholdengo|spa|1\n|faint|p1a: incredible gassy\n|\n|upkeep\n|\n|t:|1698523774\n|switch|p1a: primal gooner|Groudon-Primal, shiny|100\/100\n|-weather|DesolateLand|[from] ability: Desolate Land|[of] p1a: primal gooner\n|turn|15\n|inactive|eshaan is awesom has 120 seconds left.\n|\n|t:|1698523797\n|move|p2a: Gholdengo|Nasty Plot|p2a: Gholdengo\n|-boost|p2a: Gholdengo|spa|2\n|move|p1a: primal gooner|Lava Plume|p2a: Gholdengo\n|-supereffective|p2a: Gholdengo\n|-damage|p2a: Gholdengo|0 fnt\n|faint|p2a: Gholdengo\n|\n|-weather|DesolateLand|[upkeep]\n|upkeep\n|c|\u2606we love offense|shut your bitch ass up #tbh\n|inactive|eshaan is awesom has 90 seconds left.\n|\n|t:|1698523840\n|switch|p2a: Melmetal|Melmetal|100\/100\n|turn|16\n|\n|t:|1698523846\n|move|p1a: primal gooner|Lava Plume|p2a: Melmetal\n|-supereffective|p2a: Melmetal\n|-damage|p2a: Melmetal|0 fnt\n|faint|p2a: Melmetal\n|\n|-weather|DesolateLand|[upkeep]\n|upkeep\n|\n|t:|1698523859\n|switch|p2a: Corviknight|Corviknight, M|100\/100\n|-ability|p2a: Corviknight|Pressure\n|turn|17\n|\n|t:|1698523867\n|move|p1a: primal gooner|Lava Plume|p2a: Corviknight\n|-supereffective|p2a: Corviknight\n|-damage|p2a: Corviknight|0 fnt\n|faint|p2a: Corviknight\n|\n|-weather|DesolateLand|[upkeep]\n|upkeep\n|\n|t:|1698523871\n|switch|p2a: Metagross|Metagross|100\/100\n|turn|18\n|inactive|eshaan is awesom has 90 seconds left.\n|\n|t:|1698523884\n|detailschange|p2a: Metagross|Metagross-Mega\n|-mega|p2a: Metagross|Metagross|Metagrossite\n|move|p2a: Metagross|Earthquake|p1a: primal gooner\n|-supereffective|p1a: primal gooner\n|-damage|p1a: primal gooner|66\/100\n|move|p1a: primal gooner|Lava Plume|p2a: Metagross\n|-supereffective|p2a: Metagross\n|-damage|p2a: Metagross|0 fnt\n|faint|p2a: Metagross\n|\n|-weather|DesolateLand|[upkeep]\n|upkeep\n|inactive|eshaan is awesom has 90 seconds left.\n|\n|t:|1698523901\n|switch|p2a: Duraludon|Duraludon, M|13\/100\n|turn|19\n|\n|t:|1698523913\n|move|p2a: Duraludon|Draco Meteor|p1a: primal gooner\n|-damage|p1a: primal gooner|14\/100\n|-unboost|p2a: Duraludon|spa|2\n|move|p1a: primal gooner|Spikes|p2a: Duraludon\n|-sidestart|p2: eshaan is awesom|Spikes\n|\n|-weather|DesolateLand|[upkeep]\n|-heal|p2a: Duraludon|19\/100|[from] item: Leftovers\n|upkeep\n|turn|20\n|\n|t:|1698523921\n|move|p2a: Duraludon|Draco Meteor|p1a: primal gooner|[miss]\n|-miss|p2a: Duraludon|p1a: primal gooner\n|move|p1a: primal gooner|Spikes|p2a: Duraludon\n|-sidestart|p2: eshaan is awesom|Spikes\n|\n|-weather|DesolateLand|[upkeep]\n|-heal|p2a: Duraludon|25\/100|[from] item: Leftovers\n|upkeep\n|turn|21\n|inactive|eshaan is awesom has 90 seconds left.\n|\n|t:|1698523929\n|move|p2a: Duraludon|Draco Meteor|p1a: primal gooner\n|-damage|p1a: primal gooner|0 fnt\n|-unboost|p2a: Duraludon|spa|2\n|faint|p1a: primal gooner\n|-weather|none\n|\n|-heal|p2a: Duraludon|31\/100|[from] item: Leftovers\n|upkeep\n|\n|t:|1698523932\n|switch|p1a: nipplenator|Giratina, shiny|100\/100\n|-ability|p1a: nipplenator|Pressure\n|turn|22\n|\n|t:|1698523939\n|move|p2a: Duraludon|Draco Meteor|p1a: nipplenator\n|-supereffective|p1a: nipplenator\n|-damage|p1a: nipplenator|86\/100\n|-unboost|p2a: Duraludon|spa|2\n|move|p1a: nipplenator|Will-O-Wisp|p2a: Duraludon\n|-status|p2a: Duraludon|brn\n|\n|-heal|p2a: Duraludon|38\/100 brn|[from] item: Leftovers\n|-heal|p1a: nipplenator|92\/100|[from] item: Leftovers\n|-damage|p2a: Duraludon|31\/100 brn|[from] brn\n|upkeep\n|turn|23\n|inactive|eshaan is awesom has 90 seconds left.\n|\n|t:|1698523962\n|move|p2a: Duraludon|Draco Meteor|p1a: nipplenator\n|-supereffective|p1a: nipplenator\n|-damage|p1a: nipplenator|80\/100\n|move|p1a: nipplenator|Hex|p2a: Duraludon\n|-damage|p2a: Duraludon|0 fnt\n|faint|p2a: Duraludon\n|\n|-heal|p1a: nipplenator|86\/100|[from] item: Leftovers\n|upkeep\n|inactive|eshaan is awesom has 90 seconds left.\n|\n|t:|1698523978\n|switch|p2a: Kingambit|Kingambit, M|18\/100\n|-damage|p2a: Kingambit|1\/100|[from] Spikes\n|-activate|p2a: Kingambit|ability: Supreme Overlord\n|-start|p2a: Kingambit|fallen5|[silent]\n|turn|24\n|\n|t:|1698523987\n|move|p2a: Kingambit|Sucker Punch||[still]\n|-fail|p2a: Kingambit\n|move|p1a: nipplenator|Will-O-Wisp|p2a: Kingambit\n|-status|p2a: Kingambit|brn\n|\n|-heal|p1a: nipplenator|92\/100|[from] item: Leftovers\n|-damage|p2a: Kingambit|0 fnt|[from] brn\n|faint|p2a: Kingambit\n|-end|p2a: Kingambit|fallen5|[silent]\n|\n|win|we love offense\n|upkeep\n|raw|we love offense's rating: 1202 &rarr; <strong>1231<\/strong><br \/>(+29 for winning)\n|raw|eshaan is awesom's rating: 1252 &rarr; <strong>1223<\/strong><br \/>(-29 for losing)\n","uploadtime":1698523809,"views":9,"p1id":"weloveoffense","p2id":"eshaanisawesom","formatid":"gen9nationaldexubers","rating":1223,"private":0,"password":""}