{"id":"gen9nationaldexubers-1995649692","p1":"spitezone \u269d\u5f61","p2":"HoochmooseClavical","format":"[Gen 9] National Dex Ubers","log":"|j|\u2606spitezone \u269d\u5f61\n|j|\u2606HoochmooseClavical\n|t:|1700590731\n|gametype|singles\n|player|p1|spitezone \u269d\u5f61|psychic-gen2|1189\n|player|p2|HoochmooseClavical|alder|1282\n|teamsize|p1|6\n|teamsize|p2|6\n|gen|9\n|tier|[Gen 9] National Dex Ubers\n|rated|\n|rule|HP Percentage Mod: HP is shown in percentages\n|rule|Endless Battle Clause: Forcing endless battles is banned\n|rule|OHKO Clause: OHKO moves are banned\n|rule|Evasion Moves Clause: Evasion moves are banned\n|rule|Evasion Items Clause: Evasion items are banned\n|rule|Species Clause: Limit one of each Pok\u00e9mon\n|rule|Sleep Clause Mod: Limit one foe put to sleep\n|rule|Mega Rayquaza Clause: You cannot mega evolve Rayquaza\n|clearpoke\n|poke|p1|Chansey, F|\n|poke|p1|Dondozo, F|\n|poke|p1|Ho-Oh|\n|poke|p1|Cresselia, F|\n|poke|p1|Dusclops, F|\n|poke|p1|Bisharp, M|\n|poke|p2|Dragonite, M|\n|poke|p2|Shiinotic, M|\n|poke|p2|Toxapex, M|\n|poke|p2|Ditto|\n|poke|p2|Gengar, M|\n|poke|p2|Conkeldurr, M|\n|teampreview\n|inactive|Battle timer is ON: inactive players will automatically lose when time's up. (requested by HoochmooseClavical)\n|inactive|spitezone \u269d\u5f61 also wants the timer to be on.\n|\n|t:|1700590736\n|start\n|switch|p1a: damn son|Bisharp, M, shiny|100\/100\n|switch|p2a: Shiinotic|Shiinotic, M|100\/100\n|-ability|p1a: damn son|Pressure\n|turn|1\n|\n|t:|1700590738\n|move|p1a: damn son|Mean Look|p2a: Shiinotic\n|-activate|p2a: Shiinotic|trapped\n|move|p2a: Shiinotic|Spore|p1a: damn son\n|-status|p1a: damn son|slp|[from] move: Spore\n|\n|upkeep\n|turn|2\n|\n|t:|1700590741\n|cant|p1a: damn son|slp\n|move|p2a: Shiinotic|Substitute|p2a: Shiinotic\n|-start|p2a: Shiinotic|Substitute\n|-damage|p2a: Shiinotic|75\/100\n|\n|upkeep\n|turn|3\n|\n|t:|1700590743\n|cant|p1a: damn son|slp\n|move|p2a: Shiinotic|Leech Seed|p1a: damn son\n|-start|p1a: damn son|move: Leech Seed\n|\n|-damage|p1a: damn son|88\/100 slp|[from] Leech Seed|[of] p2a: Shiinotic\n|-heal|p2a: Shiinotic|88\/100|[silent]\n|upkeep\n|turn|4\n|\n|t:|1700590746\n|cant|p1a: damn son|slp\n|move|p2a: Shiinotic|Spore|p1a: damn son\n|-fail|p1a: damn son|slp\n|\n|-damage|p1a: damn son|76\/100 slp|[from] Leech Seed|[of] p2a: Shiinotic\n|-heal|p2a: Shiinotic|100\/100|[silent]\n|upkeep\n|turn|5\n|\n|t:|1700590749\n|-curestatus|p1a: damn son|slp|[msg]\n|move|p1a: damn son|Spite|p2a: Shiinotic\n|-activate|p2a: Shiinotic|move: Spite|Spore|4\n|move|p2a: Shiinotic|Spore|p1a: damn son\n|-status|p1a: damn son|slp|[from] move: Spore\n|\n|-damage|p1a: damn son|64\/100 slp|[from] Leech Seed|[of] p2a: Shiinotic\n|upkeep\n|turn|6\n|\n|t:|1700590758\n|cant|p1a: damn son|slp\n|move|p2a: Shiinotic|Leech Seed||[still]\n|-fail|p2a: Shiinotic\n|\n|-damage|p1a: damn son|51\/100 slp|[from] Leech Seed|[of] p2a: Shiinotic\n|upkeep\n|turn|7\n|\n|t:|1700590762\n|cant|p1a: damn son|slp\n|move|p2a: Shiinotic|Substitute|p2a: Shiinotic\n|-fail|p2a: Shiinotic|move: Substitute\n|\n|-damage|p1a: damn son|39\/100 slp|[from] Leech Seed|[of] p2a: Shiinotic\n|upkeep\n|turn|8\n|\n|t:|1700590767\n|cant|p1a: damn son|slp\n|move|p2a: Shiinotic|Substitute|p2a: Shiinotic\n|-fail|p2a: Shiinotic|move: Substitute\n|\n|-damage|p1a: damn son|27\/100 slp|[from] Leech Seed|[of] p2a: Shiinotic\n|upkeep\n|turn|9\n|\n|t:|1700590773\n|-curestatus|p1a: damn son|slp|[msg]\n|move|p1a: damn son|Rest|p1a: damn son\n|-status|p1a: damn son|slp|[from] move: Rest\n|-heal|p1a: damn son|100\/100 slp|[silent]\n|move|p2a: Shiinotic|Spore|p1a: damn son\n|-fail|p1a: damn son|slp\n|\n|-damage|p1a: damn son|88\/100 slp|[from] Leech Seed|[of] p2a: Shiinotic\n|upkeep\n|turn|10\n|\n|t:|1700590783\n|cant|p1a: damn son|slp\n|move|p2a: Shiinotic|Substitute|p2a: Shiinotic\n|-fail|p2a: Shiinotic|move: Substitute\n|\n|-damage|p1a: damn son|76\/100 slp|[from] Leech Seed|[of] p2a: Shiinotic\n|upkeep\n|turn|11\n|\n|t:|1700590785\n|cant|p1a: damn son|slp\n|move|p2a: Shiinotic|Substitute|p2a: Shiinotic\n|-fail|p2a: Shiinotic|move: Substitute\n|\n|-damage|p1a: damn son|64\/100 slp|[from] Leech Seed|[of] p2a: Shiinotic\n|upkeep\n|turn|12\n|\n|t:|1700590788\n|-curestatus|p1a: damn son|slp|[msg]\n|move|p1a: damn son|Spite|p2a: Shiinotic\n|-activate|p2a: Shiinotic|move: Spite|Substitute|4\n|move|p2a: Shiinotic|Strength Sap|p1a: damn son\n|-unboost|p1a: damn son|atk|1\n|\n|-damage|p1a: damn son|51\/100|[from] Leech Seed|[of] p2a: Shiinotic\n|upkeep\n|turn|13\n|\n|t:|1700590792\n|move|p1a: damn son|Spite|p2a: Shiinotic\n|-activate|p2a: Shiinotic|move: Spite|Strength Sap|4\n|move|p2a: Shiinotic|Strength Sap|p1a: damn son\n|-unboost|p1a: damn son|atk|1\n|\n|-damage|p1a: damn son|39\/100|[from] Leech Seed|[of] p2a: Shiinotic\n|upkeep\n|turn|14\n|\n|t:|1700590796\n|move|p1a: damn son|Rest|p1a: damn son\n|-status|p1a: damn son|slp|[from] move: Rest\n|-heal|p1a: damn son|100\/100 slp|[silent]\n|move|p2a: Shiinotic|Leech Seed||[still]\n|-fail|p2a: Shiinotic\n|\n|-damage|p1a: damn son|88\/100 slp|[from] Leech Seed|[of] p2a: Shiinotic\n|upkeep\n|turn|15\n|\n|t:|1700590799\n|cant|p1a: damn son|slp\n|move|p2a: Shiinotic|Spore|p1a: damn son\n|-fail|p1a: damn son|slp\n|\n|-damage|p1a: damn son|76\/100 slp|[from] Leech Seed|[of] p2a: Shiinotic\n|upkeep\n|turn|16\n|\n|t:|1700590807\n|cant|p1a: damn son|slp\n|move|p2a: Shiinotic|Substitute|p2a: Shiinotic\n|-fail|p2a: Shiinotic|move: Substitute\n|\n|-damage|p1a: damn son|64\/100 slp|[from] Leech Seed|[of] p2a: Shiinotic\n|upkeep\n|turn|17\n|\n|t:|1700590810\n|-curestatus|p1a: damn son|slp|[msg]\n|move|p1a: damn son|Spite|p2a: Shiinotic\n|-activate|p2a: Shiinotic|move: Spite|Substitute|4\n|move|p2a: Shiinotic|Spore|p1a: damn son\n|-status|p1a: damn son|slp|[from] move: Spore\n|\n|-damage|p1a: damn son|51\/100 slp|[from] Leech Seed|[of] p2a: Shiinotic\n|upkeep\n|turn|18\n|\n|t:|1700590814\n|cant|p1a: damn son|slp\n|move|p2a: Shiinotic|Spore|p1a: damn son\n|-fail|p1a: damn son|slp\n|\n|-damage|p1a: damn son|39\/100 slp|[from] Leech Seed|[of] p2a: Shiinotic\n|upkeep\n|turn|19\n|\n|t:|1700590817\n|cant|p1a: damn son|slp\n|move|p2a: Shiinotic|Leech Seed||[still]\n|-fail|p2a: Shiinotic\n|\n|-damage|p1a: damn son|27\/100 slp|[from] Leech Seed|[of] p2a: Shiinotic\n|upkeep\n|turn|20\n|\n|t:|1700590819\n|-curestatus|p1a: damn son|slp|[msg]\n|move|p1a: damn son|Rest|p1a: damn son\n|-status|p1a: damn son|slp|[from] move: Rest\n|-heal|p1a: damn son|100\/100 slp|[silent]\n|move|p2a: Shiinotic|Spore|p1a: damn son\n|-fail|p1a: damn son|slp\n|\n|-damage|p1a: damn son|88\/100 slp|[from] Leech Seed|[of] p2a: Shiinotic\n|upkeep\n|turn|21\n|\n|t:|1700590823\n|cant|p1a: damn son|slp\n|move|p2a: Shiinotic|Strength Sap|p1a: damn son\n|-unboost|p1a: damn son|atk|1\n|\n|-damage|p1a: damn son|76\/100 slp|[from] Leech Seed|[of] p2a: Shiinotic\n|upkeep\n|turn|22\n|\n|t:|1700590825\n|cant|p1a: damn son|slp\n|move|p2a: Shiinotic|Leech Seed||[still]\n|-fail|p2a: Shiinotic\n|\n|-damage|p1a: damn son|64\/100 slp|[from] Leech Seed|[of] p2a: Shiinotic\n|upkeep\n|turn|23\n|\n|t:|1700590827\n|-curestatus|p1a: damn son|slp|[msg]\n|move|p1a: damn son|Spite|p2a: Shiinotic\n|-activate|p2a: Shiinotic|move: Spite|Leech Seed|4\n|move|p2a: Shiinotic|Substitute|p2a: Shiinotic\n|-fail|p2a: Shiinotic|move: Substitute\n|\n|-damage|p1a: damn son|51\/100|[from] Leech Seed|[of] p2a: Shiinotic\n|upkeep\n|turn|24\n|\n|t:|1700590832\n|move|p1a: damn son|Rest|p1a: damn son\n|-status|p1a: damn son|slp|[from] move: Rest\n|-heal|p1a: damn son|100\/100 slp|[silent]\n|move|p2a: Shiinotic|Spore|p1a: damn son\n|-fail|p1a: damn son|slp\n|\n|-damage|p1a: damn son|88\/100 slp|[from] Leech Seed|[of] p2a: Shiinotic\n|upkeep\n|turn|25\n|\n|t:|1700590834\n|cant|p1a: damn son|slp\n|move|p2a: Shiinotic|Strength Sap|p1a: damn son\n|-unboost|p1a: damn son|atk|1\n|\n|-damage|p1a: damn son|76\/100 slp|[from] Leech Seed|[of] p2a: Shiinotic\n|upkeep\n|turn|26\n|\n|t:|1700590836\n|cant|p1a: damn son|slp\n|move|p2a: Shiinotic|Leech Seed||[still]\n|-fail|p2a: Shiinotic\n|\n|-damage|p1a: damn son|64\/100 slp|[from] Leech Seed|[of] p2a: Shiinotic\n|upkeep\n|turn|27\n|\n|t:|1700590837\n|-curestatus|p1a: damn son|slp|[msg]\n|move|p1a: damn son|Spite||[still]\n|-fail|p1a: damn son\n|move|p2a: Shiinotic|Strength Sap|p1a: damn son\n|-unboost|p1a: damn son|atk|1\n|\n|-damage|p1a: damn son|51\/100|[from] Leech Seed|[of] p2a: Shiinotic\n|upkeep\n|turn|28\n|\n|t:|1700590844\n|move|p1a: damn son|Iron Defense|p1a: damn son\n|-boost|p1a: damn son|def|2\n|move|p2a: Shiinotic|Substitute|p2a: Shiinotic\n|-fail|p2a: Shiinotic|move: Substitute\n|\n|-damage|p1a: damn son|39\/100|[from] Leech Seed|[of] p2a: Shiinotic\n|upkeep\n|turn|29\n|\n|t:|1700590846\n|move|p1a: damn son|Rest|p1a: damn son\n|-status|p1a: damn son|slp|[from] move: Rest\n|-heal|p1a: damn son|100\/100 slp|[silent]\n|move|p2a: Shiinotic|Spore|p1a: damn son\n|-fail|p1a: damn son|slp\n|\n|-damage|p1a: damn son|88\/100 slp|[from] Leech Seed|[of] p2a: Shiinotic\n|upkeep\n|turn|30\n|\n|t:|1700590850\n|cant|p1a: damn son|slp\n|move|p2a: Shiinotic|Strength Sap|p1a: damn son\n|-unboost|p1a: damn son|atk|1\n|\n|-damage|p1a: damn son|76\/100 slp|[from] Leech Seed|[of] p2a: Shiinotic\n|upkeep\n|turn|31\n|\n|t:|1700590853\n|cant|p1a: damn son|slp\n|-activate|p2a: Shiinotic|move: Struggle\n|move|p2a: Shiinotic|Struggle|p1a: damn son\n|-damage|p1a: damn son|74\/100 slp\n|-damage|p2a: Shiinotic|75\/100|[from] recoil\n|\n|-damage|p1a: damn son|62\/100 slp|[from] Leech Seed|[of] p2a: Shiinotic\n|-heal|p2a: Shiinotic|88\/100|[silent]\n|upkeep\n|turn|32\n|\n|t:|1700590856\n|switch|p1a: Floating Trees|Chansey, F|100\/100\n|-activate|p2a: Shiinotic|move: Struggle\n|move|p2a: Shiinotic|Struggle|p1a: Floating Trees\n|-damage|p1a: Floating Trees|98\/100\n|-damage|p2a: Shiinotic|63\/100|[from] recoil\n|\n|upkeep\n|turn|33\n|\n|t:|1700590859\n|move|p1a: Floating Trees|Heal Bell|p1a: Floating Trees\n|-activate|p1a: Floating Trees|move: Heal Bell\n|-curestatus|p1: damn son|slp|[msg]\n|-activate|p2a: Shiinotic|move: Struggle\n|move|p2a: Shiinotic|Struggle|p1a: Floating Trees\n|-damage|p1a: Floating Trees|95\/100\n|-damage|p2a: Shiinotic|38\/100|[from] recoil\n|\n|upkeep\n|turn|34\n|\n|t:|1700590861\n|move|p1a: Floating Trees|Wish|p1a: Floating Trees\n|-activate|p2a: Shiinotic|move: Struggle\n|move|p2a: Shiinotic|Struggle|p1a: Floating Trees\n|-damage|p1a: Floating Trees|92\/100\n|-damage|p2a: Shiinotic|13\/100|[from] recoil\n|\n|upkeep\n|turn|35\n|\n|t:|1700590866\n|switch|p1a: damn son|Bisharp, M, shiny|62\/100\n|-ability|p1a: damn son|Pressure\n|switch|p2a: Gengar|Gengar, M|100\/100\n|\n|-heal|p1a: damn son|100\/100|[from] move: Wish|[wisher] Floating Trees\n|upkeep\n|turn|36\n|\n|t:|1700590869\n|switch|p1a: Hot Head Bop|Ho-Oh|100\/100\n|move|p2a: Gengar|Trick|p1a: Hot Head Bop\n|-activate|p2a: Gengar|move: Trick|[of] p1a: Hot Head Bop\n|-item|p1a: Hot Head Bop|Choice Scarf|[from] move: Trick\n|-item|p2a: Gengar|Heavy-Duty Boots|[from] move: Trick\n|\n|upkeep\n|turn|37\n|\n|t:|1700590877\n|switch|p1a: damn son|Bisharp, M, shiny|100\/100\n|-ability|p1a: damn son|Pressure\n|move|p2a: Gengar|Trick|p1a: damn son\n|-activate|p2a: Gengar|move: Trick|[of] p1a: damn son\n|-item|p1a: damn son|Heavy-Duty Boots|[from] move: Trick\n|-item|p2a: Gengar|Eviolite|[from] move: Trick\n|\n|upkeep\n|turn|38\n|\n|t:|1700590883\n|switch|p2a: Conkeldurr|Conkeldurr, M|100\/100\n|switch|p1a: Hot Head Bop|Ho-Oh|100\/100\n|\n|upkeep\n|turn|39\n|\n|t:|1700590889\n|switch|p2a: Toxapex|Toxapex, M|100\/100\n|move|p1a: Hot Head Bop|Toxic|p2a: Toxapex\n|-immune|p2a: Toxapex\n|\n|upkeep\n|turn|40\n|\n|t:|1700590891\n|switch|p1a: that aint falco|Dusclops, F|100\/100\n|-ability|p1a: that aint falco|Pressure\n|move|p2a: Toxapex|Toxic Spikes|p1a: that aint falco\n|-sidestart|p1: spitezone \u269d\u5f61|move: Toxic Spikes\n|\n|upkeep\n|turn|41\n|\n|t:|1700590898\n|move|p2a: Toxapex|Toxic|p1a: that aint falco\n|-status|p1a: that aint falco|tox\n|move|p1a: that aint falco|Mean Look|p2a: Toxapex\n|-activate|p2a: Toxapex|trapped\n|\n|-damage|p1a: that aint falco|95\/100 tox|[from] psn\n|upkeep\n|turn|42\n|c|\u2606spitezone \u269d\u5f61|LOL\n|\n|t:|1700590905\n|move|p2a: Toxapex|Toxic Spikes|p1a: that aint falco\n|-sidestart|p1: spitezone \u269d\u5f61|move: Toxic Spikes\n|move|p1a: that aint falco|Spite|p2a: Toxapex\n|-activate|p2a: Toxapex|move: Spite|Toxic Spikes|4\n|\n|-damage|p1a: that aint falco|83\/100 tox|[from] psn\n|upkeep\n|turn|43\n|\n|t:|1700590908\n|move|p2a: Toxapex|Venom Drench|p1a: that aint falco\n|-unboost|p1a: that aint falco|atk|1\n|-unboost|p1a: that aint falco|spa|1\n|-unboost|p1a: that aint falco|spe|1\n|move|p1a: that aint falco|Spite|p2a: Toxapex\n|-activate|p2a: Toxapex|move: Spite|Venom Drench|4\n|\n|-damage|p1a: that aint falco|65\/100 tox|[from] psn\n|upkeep\n|turn|44\n|\n|t:|1700590910\n|move|p2a: Toxapex|Venom Drench|p1a: that aint falco\n|-unboost|p1a: that aint falco|atk|1\n|-unboost|p1a: that aint falco|spa|1\n|-unboost|p1a: that aint falco|spe|1\n|move|p1a: that aint falco|Spite|p2a: Toxapex\n|-activate|p2a: Toxapex|move: Spite|Venom Drench|4\n|\n|-damage|p1a: that aint falco|41\/100 tox|[from] psn\n|upkeep\n|turn|45\n|\n|t:|1700590913\n|move|p2a: Toxapex|Venom Drench|p1a: that aint falco\n|-unboost|p1a: that aint falco|atk|1\n|-unboost|p1a: that aint falco|spa|1\n|-unboost|p1a: that aint falco|spe|1\n|move|p1a: that aint falco|Rest|p1a: that aint falco\n|-status|p1a: that aint falco|slp|[from] move: Rest\n|-heal|p1a: that aint falco|100\/100 slp|[silent]\n|\n|upkeep\n|turn|46\n|\n|t:|1700590917\n|move|p2a: Toxapex|Toxic||[still]\n|-fail|p2a: Toxapex\n|cant|p1a: that aint falco|slp\n|\n|upkeep\n|turn|47\n|\n|t:|1700590919\n|move|p2a: Toxapex|Toxic||[still]\n|-fail|p2a: Toxapex\n|cant|p1a: that aint falco|slp\n|\n|upkeep\n|turn|48\n|\n|t:|1700590921\n|move|p2a: Toxapex|Toxic||[still]\n|-fail|p2a: Toxapex\n|-curestatus|p1a: that aint falco|slp|[msg]\n|move|p1a: that aint falco|Spite|p2a: Toxapex\n|-activate|p2a: Toxapex|move: Spite|Toxic|4\n|\n|upkeep\n|turn|49\n|\n|t:|1700590923\n|move|p2a: Toxapex|Toxic|p1a: that aint falco\n|-status|p1a: that aint falco|tox\n|move|p1a: that aint falco|Spite|p2a: Toxapex\n|-activate|p2a: Toxapex|move: Spite|Toxic|2\n|\n|-damage|p1a: that aint falco|95\/100 tox|[from] psn\n|upkeep\n|turn|50\n|\n|t:|1700590925\n|move|p2a: Toxapex|Toxic Spikes||[still]\n|-fail|p2a: Toxapex\n|move|p1a: that aint falco|Rest|p1a: that aint falco\n|-status|p1a: that aint falco|slp|[from] move: Rest\n|-heal|p1a: that aint falco|100\/100 slp|[silent]\n|\n|upkeep\n|turn|51\n|\n|t:|1700590926\n|move|p2a: Toxapex|Venom Drench||[still]\n|-fail|p2a: Toxapex\n|cant|p1a: that aint falco|slp\n|\n|upkeep\n|turn|52\n|\n|t:|1700590928\n|move|p2a: Toxapex|Toxic Spikes||[still]\n|-fail|p2a: Toxapex\n|cant|p1a: that aint falco|slp\n|\n|upkeep\n|turn|53\n|\n|t:|1700590930\n|move|p2a: Toxapex|Toxic Spikes||[still]\n|-fail|p2a: Toxapex\n|-curestatus|p1a: that aint falco|slp|[msg]\n|move|p1a: that aint falco|Spite|p2a: Toxapex\n|-activate|p2a: Toxapex|move: Spite|Toxic Spikes|4\n|\n|upkeep\n|turn|54\n|\n|t:|1700590932\n|move|p2a: Toxapex|Toxic Spikes||[still]\n|-fail|p2a: Toxapex\n|move|p1a: that aint falco|Spite|p2a: Toxapex\n|-activate|p2a: Toxapex|move: Spite|Toxic Spikes|4\n|\n|upkeep\n|turn|55\n|\n|t:|1700590934\n|move|p2a: Toxapex|Venom Drench||[still]\n|-fail|p2a: Toxapex\n|move|p1a: that aint falco|Spite|p2a: Toxapex\n|-activate|p2a: Toxapex|move: Spite|Venom Drench|4\n|\n|upkeep\n|turn|56\n|\n|t:|1700590936\n|move|p2a: Toxapex|Toxic Spikes||[still]\n|-fail|p2a: Toxapex\n|move|p1a: that aint falco|Haze|p1a: that aint falco\n|-clearallboost\n|\n|upkeep\n|turn|57\n|\n|t:|1700590939\n|move|p2a: Toxapex|Venom Drench||[still]\n|-fail|p2a: Toxapex\n|move|p1a: that aint falco|Spite|p2a: Toxapex\n|-activate|p2a: Toxapex|move: Spite|Venom Drench|4\n|\n|upkeep\n|turn|58\n|\n|t:|1700590942\n|move|p2a: Toxapex|Venom Drench||[still]\n|-fail|p2a: Toxapex\n|move|p1a: that aint falco|Haze|p1a: that aint falco\n|-clearallboost\n|\n|upkeep\n|turn|59\n|\n|t:|1700590944\n|move|p2a: Toxapex|Scald|p1a: that aint falco\n|-damage|p1a: that aint falco|92\/100\n|move|p1a: that aint falco|Haze|p1a: that aint falco\n|-clearallboost\n|\n|upkeep\n|turn|60\n|\n|t:|1700590946\n|move|p2a: Toxapex|Scald|p1a: that aint falco\n|-damage|p1a: that aint falco|82\/100\n|-status|p1a: that aint falco|brn\n|move|p1a: that aint falco|Spite|p2a: Toxapex\n|-activate|p2a: Toxapex|move: Spite|Scald|4\n|\n|-damage|p1a: that aint falco|76\/100 brn|[from] brn\n|upkeep\n|turn|61\n|\n|t:|1700590948\n|move|p2a: Toxapex|Scald|p1a: that aint falco\n|-damage|p1a: that aint falco|67\/100 brn\n|move|p1a: that aint falco|Haze|p1a: that aint falco\n|-clearallboost\n|\n|-damage|p1a: that aint falco|61\/100 brn|[from] brn\n|upkeep\n|turn|62\n|\n|t:|1700590950\n|move|p2a: Toxapex|Scald|p1a: that aint falco\n|-damage|p1a: that aint falco|52\/100 brn\n|move|p1a: that aint falco|Spite|p2a: Toxapex\n|-activate|p2a: Toxapex|move: Spite|Scald|4\n|\n|-damage|p1a: that aint falco|46\/100 brn|[from] brn\n|upkeep\n|turn|63\n|\n|t:|1700590951\n|move|p2a: Toxapex|Scald|p1a: that aint falco\n|-damage|p1a: that aint falco|37\/100 brn\n|move|p1a: that aint falco|Spite|p2a: Toxapex\n|-activate|p2a: Toxapex|move: Spite|Scald|4\n|\n|-damage|p1a: that aint falco|31\/100 brn|[from] brn\n|upkeep\n|turn|64\n|\n|t:|1700590954\n|move|p2a: Toxapex|Scald|p1a: that aint falco\n|-damage|p1a: that aint falco|22\/100 brn\n|move|p1a: that aint falco|Rest|p1a: that aint falco\n|-status|p1a: that aint falco|slp|[from] move: Rest\n|-heal|p1a: that aint falco|100\/100 slp|[silent]\n|\n|upkeep\n|turn|65\n|\n|t:|1700590956\n|move|p2a: Toxapex|Venom Drench||[still]\n|-fail|p2a: Toxapex\n|cant|p1a: that aint falco|slp\n|\n|upkeep\n|turn|66\n|\n|t:|1700590957\n|move|p2a: Toxapex|Toxic Spikes||[still]\n|-fail|p2a: Toxapex\n|cant|p1a: that aint falco|slp\n|\n|upkeep\n|turn|67\n|\n|t:|1700590959\n|move|p2a: Toxapex|Toxic Spikes||[still]\n|-fail|p2a: Toxapex\n|-curestatus|p1a: that aint falco|slp|[msg]\n|move|p1a: that aint falco|Haze|p1a: that aint falco\n|-clearallboost\n|\n|upkeep\n|turn|68\n|\n|t:|1700590960\n|move|p2a: Toxapex|Toxic Spikes||[still]\n|-fail|p2a: Toxapex\n|move|p1a: that aint falco|Haze|p1a: that aint falco\n|-clearallboost\n|\n|upkeep\n|turn|69\n|\n|t:|1700590963\n|-activate|p2a: Toxapex|move: Struggle\n|move|p2a: Toxapex|Struggle|p1a: that aint falco\n|-damage|p1a: that aint falco|97\/100\n|-damage|p2a: Toxapex|75\/100|[from] recoil\n|move|p1a: that aint falco|Haze|p1a: that aint falco\n|-clearallboost\n|\n|-heal|p2a: Toxapex|82\/100|[from] item: Leftovers\n|upkeep\n|turn|70\n|\n|t:|1700590965\n|-activate|p2a: Toxapex|move: Struggle\n|move|p2a: Toxapex|Struggle|p1a: that aint falco\n|-damage|p1a: that aint falco|93\/100\n|-damage|p2a: Toxapex|57\/100|[from] recoil\n|move|p1a: that aint falco|Haze|p1a: that aint falco\n|-clearallboost\n|\n|-heal|p2a: Toxapex|63\/100|[from] item: Leftovers\n|upkeep\n|turn|71\n|\n|t:|1700590968\n|-activate|p2a: Toxapex|move: Struggle\n|move|p2a: Toxapex|Struggle|p1a: that aint falco\n|-damage|p1a: that aint falco|90\/100\n|-damage|p2a: Toxapex|38\/100|[from] recoil\n|move|p1a: that aint falco|Haze|p1a: that aint falco\n|-clearallboost\n|\n|-heal|p2a: Toxapex|44\/100|[from] item: Leftovers\n|upkeep\n|turn|72\n|\n|t:|1700590970\n|-activate|p2a: Toxapex|move: Struggle\n|move|p2a: Toxapex|Struggle|p1a: that aint falco\n|-damage|p1a: that aint falco|86\/100\n|-damage|p2a: Toxapex|19\/100|[from] recoil\n|move|p1a: that aint falco|Haze|p1a: that aint falco\n|-clearallboost\n|\n|-heal|p2a: Toxapex|25\/100|[from] item: Leftovers\n|upkeep\n|turn|73\n|\n|t:|1700590973\n|switch|p1a: Hot Head Bop|Ho-Oh|100\/100\n|-activate|p2a: Toxapex|move: Struggle\n|move|p2a: Toxapex|Struggle|p1a: Hot Head Bop\n|-crit|p1a: Hot Head Bop\n|-damage|p1a: Hot Head Bop|92\/100\n|-damage|p2a: Toxapex|0 fnt|[from] recoil\n|faint|p2a: Toxapex\n|\n|upkeep\n|\n|t:|1700590986\n|switch|p2a: Dragonite|Dragonite, M|100\/100\n|turn|74\n|\n|t:|1700590988\n|move|p1a: Hot Head Bop|Toxic|p2a: Dragonite\n|-status|p2a: Dragonite|tox\n|move|p2a: Dragonite|Dragon Dance|p2a: Dragonite\n|-boost|p2a: Dragonite|atk|1\n|-boost|p2a: Dragonite|spe|1\n|\n|-damage|p2a: Dragonite|94\/100 tox|[from] psn\n|upkeep\n|turn|75\n|\n|t:|1700590993\n|switch|p1a: damn son|Bisharp, M, shiny|100\/100\n|-ability|p1a: damn son|Pressure\n|move|p2a: Dragonite|Dragon Dance|p2a: Dragonite\n|-boost|p2a: Dragonite|atk|1\n|-boost|p2a: Dragonite|spe|1\n|\n|-damage|p2a: Dragonite|82\/100 tox|[from] psn\n|upkeep\n|turn|76\n|\n|t:|1700590996\n|move|p2a: Dragonite|Fire Punch|p1a: damn son\n|-supereffective|p1a: damn son\n|-damage|p1a: damn son|0 fnt\n|faint|p1a: damn son\n|\n|-damage|p2a: Dragonite|63\/100 tox|[from] psn\n|upkeep\n|\n|t:|1700590998\n|switch|p1a: Hot Head Bop|Ho-Oh|100\/100\n|turn|77\n|\n|t:|1700591002\n|move|p2a: Dragonite|Outrage|p1a: Hot Head Bop\n|-damage|p1a: Hot Head Bop|0 fnt\n|faint|p1a: Hot Head Bop\n|\n|-damage|p2a: Dragonite|39\/100 tox|[from] psn\n|upkeep\n|\n|t:|1700591006\n|switch|p1a: Big Fish|Dondozo, F|100\/100\n|-status|p1a: Big Fish|tox\n|turn|78\n|\n|t:|1700591009\n|move|p2a: Dragonite|Outrage|p1a: Big Fish|[from]lockedmove\n|-damage|p1a: Big Fish|71\/100 tox\n|-damage|p2a: Dragonite|22\/100 tox|[from] item: Rocky Helmet|[of] p1a: Big Fish\n|-start|p2a: Dragonite|confusion|[fatigue]\n|move|p1a: Big Fish|Rest|p1a: Big Fish\n|-status|p1a: Big Fish|slp|[from] move: Rest\n|-heal|p1a: Big Fish|100\/100 slp|[silent]\n|\n|-damage|p2a: Dragonite|0 fnt|[from] psn\n|faint|p2a: Dragonite\n|upkeep\n|\n|t:|1700591016\n|switch|p2a: Gengar|Gengar, M|100\/100\n|turn|79\n|\n|t:|1700591019\n|switch|p1a: Floating Trees|Chansey, F|92\/100\n|-status|p1a: Floating Trees|tox\n|move|p2a: Gengar|Trick|p1a: Floating Trees\n|-activate|p2a: Gengar|move: Trick|[of] p1a: Floating Trees\n|-item|p1a: Floating Trees|Eviolite|[from] move: Trick\n|-item|p2a: Gengar|Eviolite|[from] move: Trick\n|\n|-damage|p1a: Floating Trees|86\/100 tox|[from] psn\n|upkeep\n|turn|80\n|\n|t:|1700591028\n|switch|p2a: Conkeldurr|Conkeldurr, M|100\/100\n|-curestatus|p1a: Floating Trees|tox|[from] ability: Natural Cure\n|switch|p1a: Aurora|Cresselia, F, shiny|100\/100\n|\n|upkeep\n|turn|81\n|\n|t:|1700591035\n|switch|p2a: Ditto|Ditto|100\/100\n|-transform|p2a: Ditto|p1a: Aurora|[from] ability: Imposter\n|move|p1a: Aurora|Lunar Dance|p1a: Aurora\n|faint|p1a: Aurora\n|\n|upkeep\n|\n|t:|1700591042\n|switch|p1a: that aint falco|Dusclops, F|86\/100\n|-heal|p1a: that aint falco|100\/100|[from] move: Lunar Dance\n|-status|p1a: that aint falco|tox\n|-ability|p1a: that aint falco|Pressure\n|turn|82\n|\n|t:|1700591062\n|switch|p2a: Gengar|Gengar, M|100\/100\n|move|p1a: that aint falco|Mean Look||[still]\n|-fail|p1a: that aint falco\n|\n|-damage|p1a: that aint falco|95\/100 tox|[from] psn\n|upkeep\n|turn|83\n|\n|t:|1700591067\n|move|p2a: Gengar|Hex|p1a: that aint falco\n|-supereffective|p1a: that aint falco\n|-damage|p1a: that aint falco|29\/100 tox\n|move|p1a: that aint falco|Rest|p1a: that aint falco\n|-status|p1a: that aint falco|slp|[from] move: Rest\n|-heal|p1a: that aint falco|100\/100 slp|[silent]\n|\n|upkeep\n|turn|84\n|\n|t:|1700591073\n|switch|p1a: Floating Trees|Chansey, F|86\/100\n|-status|p1a: Floating Trees|tox\n|move|p2a: Gengar|Hex|p1a: Floating Trees\n|-immune|p1a: Floating Trees\n|\n|-damage|p1a: Floating Trees|80\/100 tox|[from] psn\n|upkeep\n|turn|85\n|\n|t:|1700591080\n|switch|p2a: Ditto|Ditto|100\/100\n|-transform|p2a: Ditto|p1a: Floating Trees|[from] ability: Imposter\n|-curestatus|p1a: Floating Trees|tox|[from] ability: Natural Cure\n|switch|p1a: that aint falco|Dusclops, F|100\/100 slp\n|-ability|p1a: that aint falco|Pressure\n|\n|upkeep\n|turn|86\n|\n|t:|1700591091\n|switch|p2a: Gengar|Gengar, M|100\/100\n|cant|p1a: that aint falco|slp\n|\n|upkeep\n|turn|87\n|\n|t:|1700591097\n|-terastallize|p1a: that aint falco|Water\n|move|p2a: Gengar|Thunderbolt|p1a: that aint falco\n|-supereffective|p1a: that aint falco\n|-damage|p1a: that aint falco|70\/100 slp\n|cant|p1a: that aint falco|slp\n|\n|upkeep\n|turn|88\n|\n|t:|1700591100\n|move|p2a: Gengar|Hex|p1a: that aint falco\n|-damage|p1a: that aint falco|31\/100 slp\n|-curestatus|p1a: that aint falco|slp|[msg]\n|move|p1a: that aint falco|Spite|p2a: Gengar\n|-activate|p2a: Gengar|move: Spite|Hex|4\n|\n|upkeep\n|turn|89\n|\n|t:|1700591105\n|switch|p1a: Floating Trees|Chansey, F|80\/100\n|-status|p1a: Floating Trees|tox\n|move|p2a: Gengar|Thunderbolt|p1a: Floating Trees\n|-damage|p1a: Floating Trees|70\/100 tox\n|\n|-damage|p1a: Floating Trees|64\/100 tox|[from] psn\n|upkeep\n|turn|90\n|\n|t:|1700591115\n|switch|p2a: Conkeldurr|Conkeldurr, M|100\/100\n|-curestatus|p1a: Floating Trees|tox|[from] ability: Natural Cure\n|switch|p1a: Big Fish|Dondozo, F|100\/100 slp\n|\n|upkeep\n|turn|91\n|\n|t:|1700591119\n|switch|p1a: Floating Trees|Chansey, F|64\/100\n|-status|p1a: Floating Trees|tox\n|move|p2a: Conkeldurr|Thunder Punch|p1a: Floating Trees\n|-damage|p1a: Floating Trees|45\/100 tox\n|\n|-damage|p1a: Floating Trees|39\/100 tox|[from] psn\n|upkeep\n|turn|92\n|\n|t:|1700591122\n|-curestatus|p1a: Floating Trees|tox|[from] ability: Natural Cure\n|switch|p1a: Big Fish|Dondozo, F|100\/100 slp\n|move|p2a: Conkeldurr|Mach Punch|p1a: Big Fish\n|-damage|p1a: Big Fish|90\/100 slp\n|-damage|p2a: Conkeldurr|84\/100|[from] item: Rocky Helmet|[of] p1a: Big Fish\n|\n|upkeep\n|turn|93\n|\n|t:|1700591125\n|move|p2a: Conkeldurr|Power-Up Punch|p1a: Big Fish\n|-damage|p1a: Big Fish|80\/100 slp\n|-boost|p2a: Conkeldurr|atk|1\n|-damage|p2a: Conkeldurr|67\/100|[from] item: Rocky Helmet|[of] p1a: Big Fish\n|cant|p1a: Big Fish|slp\n|\n|upkeep\n|turn|94\n|\n|t:|1700591127\n|move|p2a: Conkeldurr|Thunder Punch|p1a: Big Fish\n|-supereffective|p1a: Big Fish\n|-damage|p1a: Big Fish|57\/100 slp\n|-damage|p2a: Conkeldurr|51\/100|[from] item: Rocky Helmet|[of] p1a: Big Fish\n|cant|p1a: Big Fish|slp\n|\n|upkeep\n|turn|95\n|\n|t:|1700591131\n|switch|p2a: Ditto|Ditto|100\/100\n|-transform|p2a: Ditto|p1a: Big Fish|[from] ability: Imposter\n|-curestatus|p1a: Big Fish|slp|[msg]\n|move|p1a: Big Fish|Rest|p1a: Big Fish\n|-status|p1a: Big Fish|slp|[from] move: Rest\n|-heal|p1a: Big Fish|100\/100 slp|[silent]\n|\n|upkeep\n|turn|96\n|\n|t:|1700591136\n|move|p2a: Ditto|Body Press|p1a: Big Fish\n|-damage|p1a: Big Fish|87\/100 slp\n|-damage|p2a: Ditto|84\/100|[from] item: Rocky Helmet|[of] p1a: Big Fish\n|cant|p1a: Big Fish|slp\n|\n|upkeep\n|turn|97\n|\n|t:|1700591140\n|switch|p2a: Gengar|Gengar, M|100\/100\n|cant|p1a: Big Fish|slp\n|\n|upkeep\n|turn|98\n|\n|t:|1700591142\n|switch|p1a: Floating Trees|Chansey, F|39\/100\n|-status|p1a: Floating Trees|tox\n|move|p2a: Gengar|Trick|p1a: Floating Trees\n|-activate|p2a: Gengar|move: Trick|[of] p1a: Floating Trees\n|-item|p1a: Floating Trees|Eviolite|[from] move: Trick\n|-item|p2a: Gengar|Eviolite|[from] move: Trick\n|\n|-damage|p1a: Floating Trees|33\/100 tox|[from] psn\n|upkeep\n|turn|99\n|\n|t:|1700591148\n|switch|p2a: Conkeldurr|Conkeldurr, M|51\/100\n|move|p1a: Floating Trees|Soft-Boiled|p1a: Floating Trees\n|-heal|p1a: Floating Trees|83\/100 tox\n|\n|-damage|p1a: Floating Trees|71\/100 tox|[from] psn\n|upkeep\n|turn|100\n|\n|t:|1700591151\n|-curestatus|p1a: Floating Trees|tox|[from] ability: Natural Cure\n|switch|p1a: Big Fish|Dondozo, F|87\/100 slp\n|switch|p2a: Gengar|Gengar, M|100\/100\n|\n|upkeep\n|turn|101\n|\n|t:|1700591153\n|switch|p1a: Floating Trees|Chansey, F|71\/100\n|-status|p1a: Floating Trees|tox\n|move|p2a: Gengar|Trick|p1a: Floating Trees\n|-activate|p2a: Gengar|move: Trick|[of] p1a: Floating Trees\n|-item|p1a: Floating Trees|Eviolite|[from] move: Trick\n|-item|p2a: Gengar|Eviolite|[from] move: Trick\n|\n|-damage|p1a: Floating Trees|65\/100 tox|[from] psn\n|upkeep\n|turn|102\n|\n|t:|1700591156\n|switch|p2a: Conkeldurr|Conkeldurr, M|51\/100\n|move|p1a: Floating Trees|Seismic Toss|p2a: Conkeldurr\n|-damage|p2a: Conkeldurr|22\/100\n|\n|-damage|p1a: Floating Trees|52\/100 tox|[from] psn\n|upkeep\n|turn|103\n|\n|t:|1700591159\n|-curestatus|p1a: Floating Trees|tox|[from] ability: Natural Cure\n|switch|p1a: Big Fish|Dondozo, F|87\/100 slp\n|move|p2a: Conkeldurr|Mach Punch|p1a: Big Fish\n|-damage|p1a: Big Fish|77\/100 slp\n|-damage|p2a: Conkeldurr|6\/100|[from] item: Rocky Helmet|[of] p1a: Big Fish\n|\n|upkeep\n|turn|104\n|-message|HoochmooseClavical forfeited.\n|\n|win|spitezone \u269d\u5f61\n|raw|spitezone \u269d\u5f61's rating: 1189 &rarr; <strong>1221<\/strong><br \/>(+32 for winning)\n|raw|HoochmooseClavical's rating: 1282 &rarr; <strong>1250<\/strong><br \/>(-32 for losing)\n|l|\u2606HoochmooseClavical\n","uploadtime":1700591170,"views":11,"p1id":"spitezone","p2id":"hoochmooseclavical","formatid":"gen9nationaldexubers","rating":1221,"private":0,"password":""}