{"id":"gen9nationaldexubers-1980355665","p1":"Denimas","p2":"CortadoKats","format":"[Gen 9] National Dex Ubers","log":"|j|\u2606Denimas\n|j|\u2606CortadoKats\n|t:|1698777874\n|gametype|singles\n|player|p1|Denimas|giovanni|1002\n|player|p2|CortadoKats|101|1133\n|teamsize|p1|3\n|teamsize|p2|6\n|gen|9\n|tier|[Gen 9] National Dex Ubers\n|rated|\n|rule|HP Percentage Mod: HP is shown in percentages\n|rule|Endless Battle Clause: Forcing endless battles is banned\n|rule|OHKO Clause: OHKO moves are banned\n|rule|Evasion Moves Clause: Evasion moves are banned\n|rule|Evasion Items Clause: Evasion items are banned\n|rule|Species Clause: Limit one of each Pok\u00e9mon\n|rule|Sleep Clause Mod: Limit one foe put to sleep\n|rule|Mega Rayquaza Clause: You cannot mega evolve Rayquaza\n|clearpoke\n|poke|p1|Toxapex, M|\n|poke|p1|Hippopotas, F|\n|poke|p1|Aron, L1, F|\n|poke|p2|Zekrom|\n|poke|p2|Zacian-*|\n|poke|p2|Kyogre|\n|poke|p2|Ho-Oh|\n|poke|p2|Groudon|\n|poke|p2|Giratina-Origin|\n|teampreview\n|inactive|Battle timer is ON: inactive players will automatically lose when time's up. (requested by CortadoKats)\n|c|\u2606Denimas|hellp\n|\n|t:|1698777880\n|start\n|switch|p1a: Toxapex|Toxapex, M|100\/100\n|switch|p2a: Stormruler|Zacian-Crowned|100\/100\n|-ability|p2a: Stormruler|Intrepid Sword|boost\n|-boost|p2a: Stormruler|atk|1\n|turn|1\n|c|\u2606Denimas|hello*\n|c|\u2606Denimas|:)\n|\n|t:|1698777896\n|move|p2a: Stormruler|Behemoth Blade|p1a: Toxapex\n|-resisted|p1a: Toxapex\n|-damage|p1a: Toxapex|76\/100\n|move|p1a: Toxapex|Toxic Spikes|p2a: Stormruler\n|-sidestart|p2: CortadoKats|move: Toxic Spikes\n|\n|-heal|p1a: Toxapex|83\/100|[from] item: Black Sludge\n|upkeep\n|turn|2\n|\n|t:|1698777906\n|move|p2a: Stormruler|Wild Charge|p1a: Toxapex\n|-supereffective|p1a: Toxapex\n|-damage|p1a: Toxapex|24\/100\n|-damage|p2a: Stormruler|87\/100|[from] Recoil\n|move|p1a: Toxapex|Infestation|p2a: Stormruler\n|-resisted|p2a: Stormruler\n|-damage|p2a: Stormruler|86\/100\n|-activate|p2a: Stormruler|move: Infestation|[of] p1a: Toxapex\n|\n|-heal|p1a: Toxapex|30\/100|[from] item: Black Sludge\n|-damage|p2a: Stormruler|74\/100|[from] move: Infestation|[partiallytrapped]\n|upkeep\n|turn|3\n|\n|t:|1698777916\n|move|p1a: Toxapex|Baneful Bunker|p1a: Toxapex\n|-singleturn|p1a: Toxapex|move: Protect\n|move|p2a: Stormruler|Wild Charge|p1a: Toxapex\n|-activate|p1a: Toxapex|move: Protect\n|\n|-heal|p1a: Toxapex|36\/100|[from] item: Black Sludge\n|-damage|p2a: Stormruler|61\/100|[from] move: Infestation|[partiallytrapped]\n|upkeep\n|turn|4\n|\n|t:|1698777924\n|switch|p1a: Hippopotas|Hippopotas, F|100\/100\n|-weather|Sandstorm|[from] ability: Sand Stream|[of] p1a: Hippopotas\n|move|p2a: Stormruler|Wild Charge|p1a: Hippopotas\n|-immune|p1a: Hippopotas\n|\n|-weather|Sandstorm|[upkeep]\n|-end|p2a: Stormruler|Infestation|[partiallytrapped]|[silent]\n|upkeep\n|turn|5\n|\n|t:|1698777935\n|move|p2a: Stormruler|Swords Dance|p2a: Stormruler\n|-boost|p2a: Stormruler|atk|2\n|move|p1a: Hippopotas|Earthquake|p2a: Stormruler\n|-supereffective|p2a: Stormruler\n|-damage|p2a: Stormruler|15\/100\n|\n|-weather|Sandstorm|[upkeep]\n|upkeep\n|turn|6\n|\n|t:|1698777942\n|move|p2a: Stormruler|Behemoth Blade|p1a: Hippopotas\n|-enditem|p1a: Hippopotas|Focus Sash\n|-damage|p1a: Hippopotas|1\/100\n|move|p1a: Hippopotas|Earthquake|p2a: Stormruler\n|-supereffective|p2a: Stormruler\n|-damage|p2a: Stormruler|0 fnt\n|faint|p2a: Stormruler\n|\n|-weather|Sandstorm|[upkeep]\n|upkeep\n|\n|t:|1698777954\n|switch|p2a: Darkthrone|Giratina-Origin|100\/100\n|turn|7\n|\n|t:|1698777965\n|switch|p1a: Toxapex|Toxapex, M|69\/100\n|move|p2a: Darkthrone|Poltergeist|p1a: Toxapex\n|-activate|p1a: Toxapex|move: Poltergeist|Black Sludge\n|-damage|p1a: Toxapex|30\/100\n|\n|-weather|Sandstorm|[upkeep]\n|-damage|p2a: Darkthrone|94\/100|[from] Sandstorm\n|-damage|p1a: Toxapex|24\/100|[from] Sandstorm\n|-heal|p1a: Toxapex|30\/100|[from] item: Black Sludge\n|upkeep\n|turn|8\n|\n|t:|1698777977\n|move|p1a: Toxapex|Baneful Bunker|p1a: Toxapex\n|-singleturn|p1a: Toxapex|move: Protect\n|move|p2a: Darkthrone|Dragon Tail|p1a: Toxapex\n|-activate|p1a: Toxapex|move: Protect\n|-status|p2a: Darkthrone|psn\n|\n|-weather|none\n|-heal|p1a: Toxapex|36\/100|[from] item: Black Sludge\n|-damage|p2a: Darkthrone|82\/100 psn|[from] psn\n|upkeep\n|turn|9\n|inactive|CortadoKats has 120 seconds left.\n|\n|t:|1698778012\n|switch|p1a: Hippopotas|Hippopotas, F|1\/100\n|-weather|Sandstorm|[from] ability: Sand Stream|[of] p1a: Hippopotas\n|move|p2a: Darkthrone|Poltergeist||[still]\n|-fail|p2a: Darkthrone\n|\n|-weather|Sandstorm|[upkeep]\n|-damage|p2a: Darkthrone|76\/100 psn|[from] Sandstorm\n|-damage|p2a: Darkthrone|64\/100 psn|[from] psn\n|upkeep\n|turn|10\n|inactive|CortadoKats has 120 seconds left.\n|\n|t:|1698778023\n|move|p2a: Darkthrone|Will-O-Wisp|p1a: Hippopotas\n|-status|p1a: Hippopotas|brn\n|move|p1a: Hippopotas|Ice Fang|p2a: Darkthrone\n|-supereffective|p2a: Darkthrone\n|-damage|p2a: Darkthrone|56\/100 psn\n|\n|-weather|Sandstorm|[upkeep]\n|-damage|p2a: Darkthrone|50\/100 psn|[from] Sandstorm\n|-damage|p2a: Darkthrone|38\/100 psn|[from] psn\n|-damage|p1a: Hippopotas|0 fnt|[from] brn\n|faint|p1a: Hippopotas\n|upkeep\n|\n|t:|1698778033\n|switch|p1a: Toxapex|Toxapex, M|69\/100\n|turn|11\n|\n|t:|1698778047\n|switch|p2a: Electric Wizard|Zekrom|100\/100\n|-status|p2a: Electric Wizard|psn\n|-ability|p2a: Electric Wizard|Teravolt\n|move|p1a: Toxapex|Baneful Bunker||[still]\n|-fail|p1a: Toxapex\n|\n|-weather|Sandstorm|[upkeep]\n|-damage|p2a: Electric Wizard|94\/100 psn|[from] Sandstorm\n|-damage|p1a: Toxapex|63\/100|[from] Sandstorm\n|-heal|p1a: Toxapex|69\/100|[from] item: Black Sludge\n|-damage|p2a: Electric Wizard|82\/100 psn|[from] psn\n|upkeep\n|turn|12\n|\n|t:|1698778058\n|move|p1a: Toxapex|Baneful Bunker|p1a: Toxapex\n|-singleturn|p1a: Toxapex|move: Protect\n|move|p2a: Electric Wizard|Dragon Dance|p2a: Electric Wizard\n|-boost|p2a: Electric Wizard|atk|1\n|-boost|p2a: Electric Wizard|spe|1\n|\n|-weather|Sandstorm|[upkeep]\n|-damage|p2a: Electric Wizard|76\/100 psn|[from] Sandstorm\n|-damage|p1a: Toxapex|63\/100|[from] Sandstorm\n|-heal|p1a: Toxapex|69\/100|[from] item: Black Sludge\n|-damage|p2a: Electric Wizard|64\/100 psn|[from] psn\n|upkeep\n|turn|13\n|\n|t:|1698778075\n|move|p2a: Electric Wizard|Bolt Strike|p1a: Toxapex\n|-supereffective|p1a: Toxapex\n|-damage|p1a: Toxapex|0 fnt\n|faint|p1a: Toxapex\n|-damage|p2a: Electric Wizard|54\/100 psn|[from] item: Life Orb\n|\n|-weather|none\n|-damage|p2a: Electric Wizard|41\/100 psn|[from] psn\n|upkeep\n|\n|t:|1698778082\n|switch|p1a: Aron|Aron, L1, F|100\/100\n|turn|14\n|inactive|CortadoKats has 120 seconds left.\n|\n|t:|1698778107\n|switch|p2a: Darkthrone|Giratina-Origin|38\/100 psn\n|move|p1a: Aron|Endeavor|p2a: Darkthrone\n|-immune|p2a: Darkthrone\n|\n|-damage|p2a: Darkthrone|25\/100 psn|[from] psn\n|upkeep\n|turn|15\n|\n|t:|1698778116\n|move|p2a: Darkthrone|Will-O-Wisp|p1a: Aron\n|-status|p1a: Aron|brn\n|move|p1a: Aron|Toxic||[still]\n|-fail|p1a: Aron\n|\n|-damage|p2a: Darkthrone|13\/100 psn|[from] psn\n|-damage|p1a: Aron|92\/100 brn|[from] brn\n|upkeep\n|turn|16\n|-message|Denimas forfeited.\n|\n|win|CortadoKats\n|raw|Denimas's rating: 1002 &rarr; <strong>1000<\/strong><br \/>(-2 for losing)\n|raw|CortadoKats's rating: 1133 &rarr; <strong>1149<\/strong><br \/>(+16 for winning)\n|l|\u2606Denimas\n|c|\u2606CortadoKats|bruhhhhhhh\n|c|\u2606CortadoKats|fr\n","uploadtime":1698778148,"views":16,"p1id":"denimas","p2id":"cortadokats","formatid":"gen9nationaldexubers","rating":1000,"private":0,"password":""}