{"id":"gen9nationaldexubers-1991237097","p1":"oilpope","p2":"Xenomorph Drone","format":"[Gen 9] National Dex Ubers","log":"|j|\u2606oilpope\n|j|\u2606Xenomorph Drone\n|t:|1700060061\n|gametype|singles\n|player|p1|oilpope|rood|1237\n|player|p2|Xenomorph Drone|170|1232\n|teamsize|p1|6\n|teamsize|p2|6\n|gen|9\n|tier|[Gen 9] National Dex Ubers\n|rated|\n|rule|HP Percentage Mod: HP is shown in percentages\n|rule|Endless Battle Clause: Forcing endless battles is banned\n|rule|OHKO Clause: OHKO moves are banned\n|rule|Evasion Moves Clause: Evasion moves are banned\n|rule|Evasion Items Clause: Evasion items are banned\n|rule|Species Clause: Limit one of each Pok\u00e9mon\n|rule|Sleep Clause Mod: Limit one foe put to sleep\n|rule|Mega Rayquaza Clause: You cannot mega evolve Rayquaza\n|clearpoke\n|poke|p1|Necrozma-Dusk-Mane|\n|poke|p1|Moltres-Galar|\n|poke|p1|Charizard, M|\n|poke|p1|Lycanroc-Dusk, M|\n|poke|p1|Celebi|\n|poke|p1|Milotic, M|\n|poke|p2|Genesect-Burn|\n|poke|p2|Gardevoir, M|\n|poke|p2|Aerodactyl, F|\n|poke|p2|Zygarde|\n|poke|p2|Lunala|\n|poke|p2|Yveltal|\n|teampreview\n|inactive|Battle timer is ON: inactive players will automatically lose when time's up. (requested by Xenomorph Drone)\n|\n|t:|1700060075\n|start\n|switch|p1a: Moltres|Moltres-Galar|100\/100\n|switch|p2a: Xenomorph|Genesect-Burn, shiny|100\/100\n|-ability|p2a: Xenomorph|Download|boost\n|-boost|p2a: Xenomorph|atk|1\n|turn|1\n|\n|t:|1700060082\n|move|p1a: Moltres|Taunt|p2a: Xenomorph\n|-start|p2a: Xenomorph|move: Taunt\n|cant|p2a: Xenomorph|move: Taunt|Shift Gear\n|\n|upkeep\n|turn|2\n|\n|t:|1700060086\n|-terastallize|p1a: Moltres|Flying\n|move|p1a: Moltres|Air Slash|p2a: Xenomorph\n|-damage|p2a: Xenomorph|43\/100\n|cant|p2a: Xenomorph|flinch\n|\n|upkeep\n|turn|3\n|\n|t:|1700060093\n|move|p1a: Moltres|Air Slash|p2a: Xenomorph\n|-damage|p2a: Xenomorph|0 fnt\n|faint|p2a: Xenomorph\n|\n|upkeep\n|c|\u2606Xenomorph Drone|WHAT\n|c|\u2606Xenomorph Drone|YOURE SO FUCKING\n|c|\u2606Xenomorph Drone|UGHHHHHHHHHHHHHHHHHHHHHHHHHHHHh\n|\n|t:|1700060105\n|switch|p2a: Birb :3|Aerodactyl, F, shiny|100\/100\n|turn|4\n|\n|t:|1700060118\n|switch|p1a: Celebi|Celebi, shiny|100\/100\n|move|p2a: Birb :3|Dragon Dance|p2a: Birb :3\n|-boost|p2a: Birb :3|atk|1\n|-boost|p2a: Birb :3|spe|1\n|\n|upkeep\n|turn|5\n|\n|t:|1700060129\n|move|p2a: Birb :3|Sky Attack||[still]\n|-prepare|p2a: Birb :3|Sky Attack\n|move|p1a: Celebi|Toxic|p2a: Birb :3\n|-status|p2a: Birb :3|tox\n|\n|-damage|p2a: Birb :3|95\/100 tox|[from] psn\n|upkeep\n|turn|6\n|\n|t:|1700060134\n|move|p1a: Celebi|Protect|p1a: Celebi\n|-singleturn|p1a: Celebi|Protect\n|move|p2a: Birb :3|Sky Attack|p1a: Celebi|[from]lockedmove\n|-activate|p1a: Celebi|move: Protect\n|\n|-damage|p2a: Birb :3|83\/100 tox|[from] psn\n|upkeep\n|turn|7\n|\n|t:|1700060141\n|move|p2a: Birb :3|Stone Edge|p1a: Celebi\n|-damage|p1a: Celebi|40\/100\n|move|p1a: Celebi|Leech Seed|p2a: Birb :3\n|-start|p2a: Birb :3|move: Leech Seed\n|\n|-heal|p1a: Celebi|46\/100|[from] item: Leftovers\n|-damage|p2a: Birb :3|70\/100 tox|[from] Leech Seed|[of] p1a: Celebi\n|-heal|p1a: Celebi|55\/100|[silent]\n|-damage|p2a: Birb :3|52\/100 tox|[from] psn\n|upkeep\n|turn|8\n|\n|t:|1700060151\n|switch|p2a: Haddie Kaur|Gardevoir, M, shiny|100\/100\n|-ability|p2a: Haddie Kaur|Natural Cure|[from] ability: Trace|[of] p1a: Celebi\n|move|p1a: Celebi|Recover|p1a: Celebi\n|-heal|p1a: Celebi|100\/100\n|\n|upkeep\n|turn|9\n|\n|t:|1700060166\n|move|p1a: Celebi|Leech Seed|p2a: Haddie Kaur\n|-start|p2a: Haddie Kaur|move: Leech Seed\n|move|p2a: Haddie Kaur|Will-O-Wisp|p1a: Celebi\n|-status|p1a: Celebi|brn\n|\n|-damage|p2a: Haddie Kaur|88\/100|[from] Leech Seed|[of] p1a: Celebi\n|-damage|p1a: Celebi|94\/100 brn|[from] brn\n|upkeep\n|turn|10\n|\n|t:|1700060173\n|move|p1a: Celebi|Toxic|p2a: Haddie Kaur\n|-status|p2a: Haddie Kaur|tox\n|move|p2a: Haddie Kaur|Calm Mind|p2a: Haddie Kaur\n|-boost|p2a: Haddie Kaur|spa|1\n|-boost|p2a: Haddie Kaur|spd|1\n|\n|-heal|p1a: Celebi|100\/100 brn|[from] item: Leftovers\n|-damage|p2a: Haddie Kaur|76\/100 tox|[from] Leech Seed|[of] p1a: Celebi\n|-damage|p2a: Haddie Kaur|70\/100 tox|[from] psn\n|-damage|p1a: Celebi|94\/100 brn|[from] brn\n|upkeep\n|turn|11\n|inactive|oilpope has 120 seconds left.\n|\n|t:|1700060206\n|move|p1a: Celebi|Protect|p1a: Celebi\n|-singleturn|p1a: Celebi|Protect\n|move|p2a: Haddie Kaur|Signal Beam|p1a: Celebi\n|-activate|p1a: Celebi|move: Protect\n|\n|-heal|p1a: Celebi|100\/100 brn|[from] item: Leftovers\n|-damage|p2a: Haddie Kaur|58\/100 tox|[from] Leech Seed|[of] p1a: Celebi\n|-damage|p2a: Haddie Kaur|45\/100 tox|[from] psn\n|-damage|p1a: Celebi|94\/100 brn|[from] brn\n|upkeep\n|turn|12\n|inactive|oilpope has 120 seconds left.\n|\n|t:|1700060218\n|-curestatus|p2a: Haddie Kaur|tox|[from] ability: Natural Cure\n|switch|p2a: Birb :3|Aerodactyl, F, shiny|52\/100 tox\n|move|p1a: Celebi|Recover|p1a: Celebi\n|-heal|p1a: Celebi|100\/100 brn\n|\n|-damage|p2a: Birb :3|46\/100 tox|[from] psn\n|-damage|p1a: Celebi|94\/100 brn|[from] brn\n|upkeep\n|turn|13\n|\n|t:|1700060226\n|move|p2a: Birb :3|Stone Edge|p1a: Celebi\n|-damage|p1a: Celebi|53\/100 brn\n|move|p1a: Celebi|Leech Seed|p2a: Birb :3|[miss]\n|-miss|p1a: Celebi|p2a: Birb :3\n|\n|-heal|p1a: Celebi|59\/100 brn|[from] item: Leftovers\n|-damage|p2a: Birb :3|34\/100 tox|[from] psn\n|-damage|p1a: Celebi|53\/100 brn|[from] brn\n|upkeep\n|turn|14\n|\n|t:|1700060237\n|move|p1a: Celebi|Protect|p1a: Celebi\n|-singleturn|p1a: Celebi|Protect\n|move|p2a: Birb :3|Stone Edge|p1a: Celebi\n|-activate|p1a: Celebi|move: Protect\n|\n|-heal|p1a: Celebi|59\/100 brn|[from] item: Leftovers\n|-damage|p2a: Birb :3|16\/100 tox|[from] psn\n|-damage|p1a: Celebi|53\/100 brn|[from] brn\n|upkeep\n|turn|15\n|c|\u2606Xenomorph Drone|youre so fucking annoying\n|c|\u2606Xenomorph Drone|I hope your mom dies\n|\n|t:|1700060247\n|move|p2a: Birb :3|Stone Edge|p1a: Celebi\n|-damage|p1a: Celebi|13\/100 brn\n|move|p1a: Celebi|Leech Seed|p2a: Birb :3\n|-start|p2a: Birb :3|move: Leech Seed\n|\n|-heal|p1a: Celebi|19\/100 brn|[from] item: Leftovers\n|-damage|p2a: Birb :3|4\/100 tox|[from] Leech Seed|[of] p1a: Celebi\n|-heal|p1a: Celebi|28\/100 brn|[silent]\n|-damage|p2a: Birb :3|0 fnt|[from] psn\n|faint|p2a: Birb :3\n|-damage|p1a: Celebi|22\/100 brn|[from] brn\n|upkeep\n|\n|t:|1700060263\n|switch|p2a: Haddie Kaur|Gardevoir, M, shiny|45\/100\n|-ability|p2a: Haddie Kaur|Natural Cure|[from] ability: Trace|[of] p1a: Celebi\n|turn|16\n|\n|t:|1700060279\n|move|p1a: Celebi|Recover|p1a: Celebi\n|-heal|p1a: Celebi|72\/100 brn\n|move|p2a: Haddie Kaur|Draining Kiss|p1a: Celebi\n|-damage|p1a: Celebi|57\/100 brn\n|-heal|p2a: Haddie Kaur|62\/100|[from] drain|[of] p1a: Celebi\n|\n|-heal|p1a: Celebi|63\/100 brn|[from] item: Leftovers\n|-damage|p1a: Celebi|57\/100 brn|[from] brn\n|upkeep\n|turn|17\n|\n|t:|1700060284\n|move|p1a: Celebi|Toxic|p2a: Haddie Kaur|[miss]\n|-miss|p1a: Celebi|p2a: Haddie Kaur\n|move|p2a: Haddie Kaur|Signal Beam|p1a: Celebi\n|-supereffective|p1a: Celebi\n|-damage|p1a: Celebi|0 fnt\n|faint|p1a: Celebi\n|\n|upkeep\n|\n|t:|1700060290\n|switch|p1a: Necrozma|Necrozma-Dusk-Mane|100\/100\n|turn|18\n|c|\u2606Xenomorph Drone|THANK GOD\n|\n|t:|1700060296\n|move|p1a: Necrozma|Dragon Dance|p1a: Necrozma\n|-boost|p1a: Necrozma|atk|1\n|-boost|p1a: Necrozma|spe|1\n|move|p2a: Haddie Kaur|Will-O-Wisp|p1a: Necrozma\n|-status|p1a: Necrozma|brn\n|\n|-damage|p1a: Necrozma|95\/100 brn|[from] brn\n|upkeep\n|turn|19\n|\n|t:|1700060307\n|move|p1a: Necrozma|Sunsteel Strike|p2a: Haddie Kaur\n|-supereffective|p2a: Haddie Kaur\n|-damage|p2a: Haddie Kaur|0 fnt\n|faint|p2a: Haddie Kaur\n|\n|-damage|p1a: Necrozma|89\/100 brn|[from] brn\n|upkeep\n|\n|t:|1700060312\n|switch|p2a: Snek|Zygarde|100\/100\n|turn|20\n|\n|t:|1700060325\n|detailschange|p1a: Necrozma|Necrozma-Ultra\n|-burst|p1a: Necrozma|Necrozma|Ultranecrozium Z\n|move|p1a: Necrozma|Dragon Dance|p1a: Necrozma\n|-boost|p1a: Necrozma|atk|1\n|-boost|p1a: Necrozma|spe|1\n|move|p2a: Snek|Coil|p2a: Snek\n|-boost|p2a: Snek|atk|1\n|-boost|p2a: Snek|def|1\n|-boost|p2a: Snek|accuracy|1\n|\n|-damage|p1a: Necrozma|83\/100 brn|[from] brn\n|upkeep\n|turn|21\n|\n|t:|1700060334\n|-zpower|p1a: Necrozma\n|move|p1a: Necrozma|Light That Burns the Sky|p2a: Snek|[zeffect]\n|-damage|p2a: Snek|25\/100\n|move|p2a: Snek|Dragon Dance|p2a: Snek\n|-boost|p2a: Snek|atk|1\n|-boost|p2a: Snek|spe|1\n|\n|-heal|p2a: Snek|31\/100|[from] item: Leftovers\n|-damage|p1a: Necrozma|77\/100 brn|[from] brn\n|-activate|p2a: Snek|ability: Power Construct\n|detailschange|p2a: Snek|Zygarde-Complete\n|-heal|p2a: Snek|57\/100|[silent]\n|upkeep\n|turn|22\n|\n|t:|1700060347\n|move|p1a: Necrozma|Photon Geyser|p2a: Snek\n|-damage|p2a: Snek|35\/100\n|move|p2a: Snek|Thousand Arrows|p1a: Necrozma\n|-damage|p1a: Necrozma|0 fnt\n|faint|p1a: Necrozma\n|\n|-heal|p2a: Snek|42\/100|[from] item: Leftovers\n|upkeep\n|\n|t:|1700060375\n|switch|p1a: Lycanroc|Lycanroc-Dusk, M|100\/100\n|turn|23\n|\n|t:|1700060378\n|move|p2a: Snek|Thousand Arrows|p1a: Lycanroc\n|-supereffective|p1a: Lycanroc\n|-enditem|p1a: Lycanroc|Focus Sash\n|-damage|p1a: Lycanroc|1\/100\n|move|p1a: Lycanroc|Counter|p2a: Snek\n|-damage|p2a: Snek|0 fnt\n|faint|p2a: Snek\n|\n|upkeep\n|\n|t:|1700060391\n|switch|p2a: Birb :)|Yveltal|100\/100\n|-ability|p2a: Birb :)|Dark Aura\n|turn|24\n|\n|t:|1700060395\n|move|p2a: Birb :)|Sucker Punch|p1a: Lycanroc\n|-damage|p1a: Lycanroc|0 fnt\n|faint|p1a: Lycanroc\n|\n|upkeep\n|\n|t:|1700060413\n|switch|p1a: Milotic|Milotic, M, shiny|100\/100\n|turn|25\n|\n|t:|1700060419\n|move|p2a: Birb :)|Hone Claws|p2a: Birb :)\n|-boost|p2a: Birb :)|atk|1\n|-boost|p2a: Birb :)|accuracy|1\n|move|p1a: Milotic|Scald|p2a: Birb :)\n|-damage|p2a: Birb :)|78\/100\n|\n|upkeep\n|turn|26\n|\n|t:|1700060427\n|-terastallize|p2a: Birb :)|Dark\n|move|p2a: Birb :)|Knock Off|p1a: Milotic\n|-enditem|p1a: Milotic|Focus Sash\n|-damage|p1a: Milotic|1\/100\n|-heal|p2a: Birb :)|91\/100|[from] item: Shell Bell|[of] p1a: Milotic\n|move|p1a: Milotic|Scald|p2a: Birb :)\n|-damage|p2a: Birb :)|68\/100\n|\n|upkeep\n|turn|27\n|\n|t:|1700060444\n|move|p2a: Birb :)|Dual Wingbeat|p1a: Milotic\n|-damage|p1a: Milotic|0 fnt\n|faint|p1a: Milotic\n|-hitcount|p1: Milotic|1\n|-heal|p2a: Birb :)|68\/100|[from] item: Shell Bell|[of] p1: Milotic\n|\n|upkeep\n|\n|t:|1700060447\n|switch|p1a: Moltres|Moltres-Galar, tera:Flying|100\/100\n|turn|28\n|\n|t:|1700060452\n|move|p2a: Birb :)|Sucker Punch|p1a: Moltres\n|-damage|p1a: Moltres|0 fnt\n|faint|p1a: Moltres\n|-heal|p2a: Birb :)|79\/100|[from] item: Shell Bell|[of] p1: Moltres\n|\n|upkeep\n|\n|t:|1700060457\n|switch|p1a: Charizard|Charizard, M, shiny|100\/100\n|turn|29\n|\n|t:|1700060470\n|move|p2a: Birb :)|Knock Off|p1a: Charizard\n|-crit|p1a: Charizard\n|-damage|p1a: Charizard|0 fnt\n|faint|p1a: Charizard\n|-heal|p2a: Birb :)|88\/100|[from] item: Shell Bell|[of] p1: Charizard\n|\n|win|Xenomorph Drone\n|raw|oilpope's rating: 1237 &rarr; <strong>1212<\/strong><br \/>(-25 for losing)\n|raw|Xenomorph Drone's rating: 1232 &rarr; <strong>1257<\/strong><br \/>(+25 for winning)\n","uploadtime":1700060100,"views":8,"p1id":"oilpope","p2id":"xenomorphdrone","formatid":"gen9nationaldexubers","rating":1212,"private":0,"password":""}