{"id":"gen9nationaldexubers-1987635837","p1":"Jaluminor","p2":"kalianoo","format":"[Gen 9] National Dex Ubers","log":"|j|\u2606Jaluminor\n|j|\u2606kalianoo\n|t:|1699622371\n|gametype|singles\n|player|p1|Jaluminor|hilbert-wonderlauncher|1200\n|player|p2|kalianoo|265|1086\n|teamsize|p1|6\n|teamsize|p2|6\n|gen|9\n|tier|[Gen 9] National Dex Ubers\n|rated|\n|rule|HP Percentage Mod: HP is shown in percentages\n|rule|Endless Battle Clause: Forcing endless battles is banned\n|rule|OHKO Clause: OHKO moves are banned\n|rule|Evasion Moves Clause: Evasion moves are banned\n|rule|Evasion Items Clause: Evasion items are banned\n|rule|Species Clause: Limit one of each Pok\u00e9mon\n|rule|Sleep Clause Mod: Limit one foe put to sleep\n|rule|Mega Rayquaza Clause: You cannot mega evolve Rayquaza\n|clearpoke\n|poke|p1|Torterra, M|\n|poke|p1|Rillaboom, M|\n|poke|p1|Venusaur, M|\n|poke|p1|Meowscarada, M|\n|poke|p1|Serperior, M|\n|poke|p1|Chesnaught, F|\n|poke|p2|Mawile, F|\n|poke|p2|Mimikyu, F|\n|poke|p2|Grimmsnarl, M|\n|poke|p2|Azumarill, F|\n|poke|p2|Flutter Mane|\n|poke|p2|Togekiss, M|\n|teampreview\n|\n|t:|1699622389\n|start\n|switch|p1a: Meowscarada|Meowscarada, M|100\/100\n|switch|p2a: Flutter Mane|Flutter Mane|100\/100\n|turn|1\n|\n|t:|1699622401\n|switch|p1a: Venusaur|Venusaur, M|100\/100\n|move|p2a: Flutter Mane|Mystical Fire|p1a: Venusaur\n|-supereffective|p1a: Venusaur\n|-damage|p1a: Venusaur|29\/100\n|-unboost|p1a: Venusaur|spa|1\n|\n|upkeep\n|turn|2\n|\n|t:|1699622409\n|detailschange|p1a: Venusaur|Venusaur-Mega, M\n|-mega|p1a: Venusaur|Venusaur|Venusaurite\n|move|p2a: Flutter Mane|Mystical Fire|p1a: Venusaur\n|-supereffective|p1a: Venusaur\n|-damage|p1a: Venusaur|2\/100\n|-unboost|p1a: Venusaur|spa|1\n|move|p1a: Venusaur|Synthesis|p1a: Venusaur\n|-heal|p1a: Venusaur|52\/100\n|\n|upkeep\n|turn|3\n|\n|t:|1699622422\n|-end|p2a: Flutter Mane|Protosynthesis|[silent]\n|switch|p2a: Grimmsnarl|Grimmsnarl, M|100\/100\n|move|p1a: Venusaur|Leech Seed|p2a: Grimmsnarl\n|-start|p2a: Grimmsnarl|move: Leech Seed\n|\n|-damage|p2a: Grimmsnarl|88\/100|[from] Leech Seed|[of] p1a: Venusaur\n|-heal|p1a: Venusaur|68\/100|[silent]\n|upkeep\n|turn|4\n|\n|t:|1699622429\n|move|p2a: Grimmsnarl|Thunder Wave|p1a: Venusaur\n|-status|p1a: Venusaur|par\n|move|p1a: Venusaur|Toxic|p2a: Grimmsnarl\n|-status|p2a: Grimmsnarl|tox\n|\n|-damage|p2a: Grimmsnarl|76\/100 tox|[from] Leech Seed|[of] p1a: Venusaur\n|-heal|p1a: Venusaur|85\/100 par|[silent]\n|-damage|p2a: Grimmsnarl|70\/100 tox|[from] psn\n|upkeep\n|turn|5\n|\n|t:|1699622444\n|switch|p1a: Serperior|Serperior, M|100\/100\n|move|p2a: Grimmsnarl|Light Screen|p2a: Grimmsnarl\n|-sidestart|p2: kalianoo|move: Light Screen\n|\n|-damage|p2a: Grimmsnarl|57\/100 tox|[from] Leech Seed|[of] p1a: Serperior\n|-damage|p2a: Grimmsnarl|45\/100 tox|[from] psn\n|upkeep\n|turn|6\n|\n|t:|1699622453\n|move|p1a: Serperior|Leaf Storm|p2a: Grimmsnarl\n|-damage|p2a: Grimmsnarl|26\/100 tox\n|-boost|p1a: Serperior|spa|2\n|move|p2a: Grimmsnarl|Foul Play|p1a: Serperior\n|-damage|p1a: Serperior|75\/100\n|\n|-heal|p1a: Serperior|81\/100|[from] item: Leftovers\n|-damage|p2a: Grimmsnarl|14\/100 tox|[from] Leech Seed|[of] p1a: Serperior\n|-heal|p1a: Serperior|98\/100|[silent]\n|-damage|p2a: Grimmsnarl|0 fnt|[from] psn\n|faint|p2a: Grimmsnarl\n|upkeep\n|\n|t:|1699622463\n|switch|p2a: Flutter Mane|Flutter Mane|100\/100\n|turn|7\n|\n|t:|1699622466\n|move|p2a: Flutter Mane|Mystical Fire|p1a: Serperior\n|-supereffective|p1a: Serperior\n|-damage|p1a: Serperior|0 fnt\n|faint|p1a: Serperior\n|\n|upkeep\n|\n|t:|1699622472\n|switch|p1a: Venusaur|Venusaur-Mega, M|85\/100 par\n|turn|8\n|\n|t:|1699622479\n|-end|p2a: Flutter Mane|Protosynthesis|[silent]\n|switch|p2a: Mawile|Mawile, F|100\/100\n|cant|p1a: Venusaur|par\n|\n|upkeep\n|turn|9\n|\n|t:|1699622484\n|detailschange|p2a: Mawile|Mawile-Mega, F\n|-mega|p2a: Mawile|Mawile|Mawilite\n|move|p2a: Mawile|Swords Dance|p2a: Mawile\n|-boost|p2a: Mawile|atk|2\n|move|p1a: Venusaur|Leech Seed|p2a: Mawile\n|-start|p2a: Mawile|move: Leech Seed\n|\n|-damage|p2a: Mawile|88\/100|[from] Leech Seed|[of] p1a: Venusaur\n|-heal|p1a: Venusaur|97\/100 par|[silent]\n|upkeep\n|turn|10\n|\n|t:|1699622493\n|move|p2a: Mawile|Swords Dance|p2a: Mawile\n|-boost|p2a: Mawile|atk|2\n|cant|p1a: Venusaur|par\n|\n|-damage|p2a: Mawile|76\/100|[from] Leech Seed|[of] p1a: Venusaur\n|-heal|p1a: Venusaur|100\/100 par|[silent]\n|upkeep\n|turn|11\n|\n|t:|1699622500\n|move|p1a: Venusaur|Protect|p1a: Venusaur\n|-singleturn|p1a: Venusaur|Protect\n|move|p2a: Mawile|Iron Head|p1a: Venusaur\n|-activate|p1a: Venusaur|move: Protect\n|\n|-damage|p2a: Mawile|64\/100|[from] Leech Seed|[of] p1a: Venusaur\n|upkeep\n|turn|12\n|\n|t:|1699622508\n|move|p2a: Mawile|Iron Head|p1a: Venusaur\n|-damage|p1a: Venusaur|0 fnt\n|faint|p1a: Venusaur\n|\n|-sideend|p2: kalianoo|move: Light Screen\n|upkeep\n|\n|t:|1699622521\n|switch|p1a: Rillaboom|Rillaboom, M|100\/100\n|-fieldstart|move: Grassy Terrain|[from] ability: Grassy Surge|[of] p1a: Rillaboom\n|-enditem|p1a: Rillaboom|Grassy Seed\n|-boost|p1a: Rillaboom|def|1|[from] item: Grassy Seed\n|turn|13\n|\n|t:|1699622528\n|move|p1a: Rillaboom|High Horsepower|p2a: Mawile\n|-supereffective|p2a: Mawile\n|-damage|p2a: Mawile|6\/100\n|move|p2a: Mawile|Iron Head|p1a: Rillaboom\n|-damage|p1a: Rillaboom|0 fnt\n|faint|p1a: Rillaboom\n|\n|-heal|p2a: Mawile|12\/100|[from] Grassy Terrain\n|upkeep\n|\n|t:|1699622539\n|switch|p1a: Torterra|Torterra, M|100\/100\n|turn|14\n|\n|t:|1699622544\n|move|p2a: Mawile|Sucker Punch|p1a: Torterra\n|-damage|p1a: Torterra|0 fnt\n|faint|p1a: Torterra\n|\n|-heal|p2a: Mawile|18\/100|[from] Grassy Terrain\n|upkeep\n|\n|t:|1699622550\n|switch|p1a: Chesnaught|Chesnaught, F|100\/100\n|turn|15\n|c|\u2606kalianoo|bro, te follo el culo\n|\n|t:|1699622566\n|move|p2a: Mawile|Sucker Punch|p1a: Chesnaught\n|-resisted|p1a: Chesnaught\n|-damage|p1a: Chesnaught|55\/100\n|move|p1a: Chesnaught|Body Press|p2a: Mawile\n|-damage|p2a: Mawile|0 fnt\n|faint|p2a: Mawile\n|\n|-heal|p1a: Chesnaught|61\/100|[from] Grassy Terrain\n|upkeep\n|\n|t:|1699622572\n|switch|p2a: Flutter Mane|Flutter Mane|100\/100\n|turn|16\n|inactive|Battle timer is ON: inactive players will automatically lose when time's up. (requested by kalianoo)\n|\n|t:|1699622579\n|-terastallize|p1a: Chesnaught|Steel\n|move|p2a: Flutter Mane|Mystical Fire|p1a: Chesnaught\n|-supereffective|p1a: Chesnaught\n|-damage|p1a: Chesnaught|3\/100\n|-unboost|p1a: Chesnaught|spa|1\n|move|p1a: Chesnaught|Iron Head|p2a: Flutter Mane\n|-supereffective|p2a: Flutter Mane\n|-damage|p2a: Flutter Mane|0 fnt\n|faint|p2a: Flutter Mane\n|-end|p2a: Flutter Mane|Protosynthesis|[silent]\n|\n|-heal|p1a: Chesnaught|9\/100|[from] Grassy Terrain\n|upkeep\n|\n|t:|1699622587\n|switch|p2a: Azumarill|Azumarill, F|100\/100\n|turn|17\n|\n|t:|1699622594\n|move|p1a: Chesnaught|Seed Bomb|p2a: Azumarill\n|-supereffective|p2a: Azumarill\n|-damage|p2a: Azumarill|22\/100\n|move|p2a: Azumarill|Superpower|p1a: Chesnaught\n|-supereffective|p1a: Chesnaught\n|-damage|p1a: Chesnaught|0 fnt\n|-unboost|p2a: Azumarill|atk|1\n|-unboost|p2a: Azumarill|def|1\n|faint|p1a: Chesnaught\n|\n|-heal|p2a: Azumarill|28\/100|[from] Grassy Terrain\n|-fieldend|move: Grassy Terrain\n|upkeep\n|\n|t:|1699622605\n|switch|p1a: Meowscarada|Meowscarada, M|100\/100\n|turn|18\n|\n|t:|1699622619\n|move|p1a: Meowscarada|Thunder Punch|p2a: Azumarill\n|-start|p1a: Meowscarada|typechange|Electric|[from] ability: Protean\n|-supereffective|p2a: Azumarill\n|-crit|p2a: Azumarill\n|-damage|p2a: Azumarill|0 fnt\n|faint|p2a: Azumarill\n|\n|upkeep\n|\n|t:|1699622625\n|switch|p2a: Mimikyu|Mimikyu, F|100\/100\n|turn|19\n|\n|t:|1699622631\n|move|p1a: Meowscarada|Sucker Punch||[still]\n|-fail|p1a: Meowscarada\n|move|p2a: Mimikyu|Swords Dance|p2a: Mimikyu\n|-boost|p2a: Mimikyu|atk|2\n|\n|upkeep\n|turn|20\n|\n|t:|1699622636\n|move|p1a: Meowscarada|Flower Trick|p2a: Mimikyu\n|-activate|p2a: Mimikyu|ability: Disguise\n|-damage|p2a: Mimikyu|100\/100\n|detailschange|p2a: Mimikyu|Mimikyu-Busted, F\n|-damage|p2a: Mimikyu|88\/100|[from] pokemon: Mimikyu-Busted\n|move|p2a: Mimikyu|Swords Dance|p2a: Mimikyu\n|-boost|p2a: Mimikyu|atk|2\n|\n|upkeep\n|turn|21\n|\n|t:|1699622646\n|-terastallize|p2a: Mimikyu|Ghost\n|move|p2a: Mimikyu|Shadow Sneak|p1a: Meowscarada\n|-damage|p1a: Meowscarada|0 fnt\n|faint|p1a: Meowscarada\n|-damage|p2a: Mimikyu|78\/100|[from] item: Life Orb\n|\n|win|kalianoo\n|raw|Jaluminor's rating: 1200 &rarr; <strong>1167<\/strong><br \/>(-33 for losing)\n|raw|kalianoo's rating: 1086 &rarr; <strong>1122<\/strong><br \/>(+36 for winning)\n","uploadtime":1699622562,"views":4,"p1id":"jaluminor","p2id":"kalianoo","formatid":"gen9nationaldexubers","rating":1122,"private":0,"password":""}