{"id":"gen9nationaldexubers-2000679722","p1":"Tytheguy004","p2":"XX_1nfinity_XX","format":"[Gen 9] National Dex Ubers","log":"|j|\u2606Tytheguy004\n|j|\u2606XX_1nfinity_XX\n|t:|1701217970\n|gametype|singles\n|player|p1|Tytheguy004|biker-gen4|\n|player|p2|XX_1nfinity_XX|steven|\n|teamsize|p1|6\n|teamsize|p2|6\n|gen|9\n|tier|[Gen 9] National Dex Ubers\n|rule|HP Percentage Mod: HP is shown in percentages\n|rule|Endless Battle Clause: Forcing endless battles is banned\n|rule|OHKO Clause: OHKO moves are banned\n|rule|Evasion Moves Clause: Evasion moves are banned\n|rule|Evasion Items Clause: Evasion items are banned\n|rule|Species Clause: Limit one of each Pok\u00e9mon\n|rule|Sleep Clause Mod: Limit one foe put to sleep\n|rule|Mega Rayquaza Clause: You cannot mega evolve Rayquaza\n|clearpoke\n|poke|p1|Tapu Lele|\n|poke|p1|Sneasler, M|\n|poke|p1|Beedrill, M|\n|poke|p1|Blaziken, M|\n|poke|p1|Serperior, F|\n|poke|p1|Iron Valiant|\n|poke|p2|Lopunny, F|\n|poke|p2|Ursaluna-Bloodmoon, M|\n|poke|p2|Porygon-Z|\n|poke|p2|Shuckle, F|\n|poke|p2|Ambipom, F|\n|poke|p2|Zoroark-Hisui, M|\n|teampreview\n|inactive|Battle timer is ON: inactive players will automatically lose when time's up. (requested by XX_1nfinity_XX)\n|\n|t:|1701217997\n|start\n|switch|p1a: Beedrill|Beedrill, M|100\/100\n|switch|p2a: Wabbit|Lopunny, F|100\/100\n|turn|1\n|\n|t:|1701218002\n|detailschange|p2a: Wabbit|Lopunny-Mega, F\n|-mega|p2a: Wabbit|Lopunny|Lopunnite\n|detailschange|p1a: Beedrill|Beedrill-Mega, M\n|-mega|p1a: Beedrill|Beedrill|Beedrillite\n|move|p2a: Wabbit|Fake Out|p1a: Beedrill\n|-damage|p1a: Beedrill|47\/100\n|cant|p1a: Beedrill|flinch\n|\n|upkeep\n|turn|2\n|\n|t:|1701218031\n|switch|p2a: WebSetterTrust|Shuckle, F|100\/100\n|move|p1a: Beedrill|Tailwind|p1a: Beedrill\n|-sidestart|p1: Tytheguy004|move: Tailwind\n|\n|upkeep\n|turn|3\n|\n|t:|1701218037\n|switch|p1a: Serperior|Serperior, F|100\/100\n|move|p2a: WebSetterTrust|Shell Smash|p2a: WebSetterTrust\n|-boost|p2a: WebSetterTrust|def|1\n|-boost|p2a: WebSetterTrust|spd|1\n|-unboost|p2a: WebSetterTrust|atk|2\n|-unboost|p2a: WebSetterTrust|spa|2\n|-unboost|p2a: WebSetterTrust|spe|2\n|\n|upkeep\n|turn|4\n|\n|t:|1701218043\n|move|p1a: Serperior|Toxic|p2a: WebSetterTrust\n|-status|p2a: WebSetterTrust|tox\n|move|p2a: WebSetterTrust|Toxic|p1a: Serperior|[miss]\n|-miss|p2a: WebSetterTrust|p1a: Serperior\n|\n|-damage|p2a: WebSetterTrust|94\/100 tox|[from] psn\n|upkeep\n|turn|5\n|\n|t:|1701218049\n|move|p1a: Serperior|Leech Seed|p2a: WebSetterTrust\n|-start|p2a: WebSetterTrust|move: Leech Seed\n|move|p2a: WebSetterTrust|Toxic|p1a: Serperior\n|-status|p1a: Serperior|tox\n|\n|-heal|p2a: WebSetterTrust|100\/100 tox|[from] item: Leftovers\n|-damage|p2a: WebSetterTrust|88\/100 tox|[from] Leech Seed|[of] p1a: Serperior\n|-damage|p1a: Serperior|94\/100 tox|[from] psn\n|-damage|p2a: WebSetterTrust|76\/100 tox|[from] psn\n|-sideend|p1: Tytheguy004|move: Tailwind\n|upkeep\n|turn|6\n|\n|t:|1701218059\n|switch|p2a: Also Monke|Ambipom, F|100\/100\n|move|p1a: Serperior|Leaf Storm|p2a: Also Monke\n|-damage|p2a: Also Monke|42\/100\n|-unboost|p1a: Serperior|spa|2\n|\n|-heal|p1a: Serperior|100\/100 tox|[from] item: Leftovers\n|-damage|p1a: Serperior|88\/100 tox|[from] psn\n|upkeep\n|turn|7\n|\n|t:|1701218067\n|move|p2a: Also Monke|Fake Out|p1a: Serperior\n|-damage|p1a: Serperior|56\/100 tox\n|-damage|p2a: Also Monke|32\/100|[from] item: Life Orb\n|cant|p1a: Serperior|flinch\n|\n|-heal|p1a: Serperior|62\/100 tox|[from] item: Leftovers\n|-damage|p1a: Serperior|44\/100 tox|[from] psn\n|upkeep\n|turn|8\n|\n|t:|1701218082\n|move|p2a: Also Monke|Aerial Ace|p1a: Serperior\n|-supereffective|p1a: Serperior\n|-damage|p1a: Serperior|0 fnt\n|faint|p1a: Serperior\n|-damage|p2a: Also Monke|22\/100|[from] item: Life Orb\n|\n|upkeep\n|\n|t:|1701218090\n|switch|p1a: Sneasler|Sneasler, M|100\/100\n|turn|9\n|\n|t:|1701218100\n|move|p1a: Sneasler|Dire Claw|p2a: Also Monke\n|-damage|p2a: Also Monke|0 fnt\n|faint|p2a: Also Monke\n|\n|upkeep\n|\n|t:|1701218107\n|switch|p2a: Wabbit|Lopunny-Mega, F|100\/100\n|turn|10\n|\n|t:|1701218112\n|switch|p1a: Beedrill|Beedrill-Mega, M|47\/100\n|move|p2a: Wabbit|Fake Out|p1a: Beedrill\n|-damage|p1a: Beedrill|0 fnt\n|faint|p1a: Beedrill\n|\n|upkeep\n|\n|t:|1701218114\n|switch|p1a: Tapu Lele|Tapu Lele|100\/100\n|-fieldstart|move: Psychic Terrain|[from] ability: Psychic Surge|[of] p1a: Tapu Lele\n|turn|11\n|\n|t:|1701218132\n|switch|p2a: WebSetterTrust|Shuckle, F|76\/100 tox\n|move|p1a: Tapu Lele|Focus Blast|p2a: WebSetterTrust\n|-damage|p2a: WebSetterTrust|53\/100 tox\n|\n|-heal|p2a: WebSetterTrust|59\/100 tox|[from] item: Leftovers\n|-damage|p2a: WebSetterTrust|53\/100 tox|[from] psn\n|upkeep\n|turn|12\n|\n|t:|1701218137\n|move|p1a: Tapu Lele|Focus Blast|p2a: WebSetterTrust|[miss]\n|-miss|p1a: Tapu Lele|p2a: WebSetterTrust\n|move|p2a: WebSetterTrust|Rest|p2a: WebSetterTrust\n|-status|p2a: WebSetterTrust|slp|[from] move: Rest\n|-heal|p2a: WebSetterTrust|100\/100 slp|[silent]\n|\n|upkeep\n|turn|13\n|\n|t:|1701218145\n|switch|p1a: Sneasler|Sneasler, M|100\/100\n|-enditem|p1a: Sneasler|Psychic Seed\n|-boost|p1a: Sneasler|spd|1|[from] item: Psychic Seed\n|cant|p2a: WebSetterTrust|slp\n|\n|upkeep\n|turn|14\n|inactive|XX_1nfinity_XX has 270 seconds left.\n|inactive|Tytheguy004 has 270 seconds left.\n|\n|t:|1701218188\n|move|p1a: Sneasler|Close Combat|p2a: WebSetterTrust\n|-damage|p2a: WebSetterTrust|59\/100 slp\n|-unboost|p1a: Sneasler|def|1\n|-unboost|p1a: Sneasler|spd|1\n|cant|p2a: WebSetterTrust|slp\n|\n|-heal|p2a: WebSetterTrust|66\/100 slp|[from] item: Leftovers\n|upkeep\n|turn|15\n|inactive|Tytheguy004 has 270 seconds left.\n|inactive|XX_1nfinity_XX has 270 seconds left.\n|\n|t:|1701218210\n|move|p1a: Sneasler|Close Combat|p2a: WebSetterTrust\n|-damage|p2a: WebSetterTrust|28\/100 slp\n|-unboost|p1a: Sneasler|def|1\n|-unboost|p1a: Sneasler|spd|1\n|-curestatus|p2a: WebSetterTrust|slp|[msg]\n|move|p2a: WebSetterTrust|Rest|p2a: WebSetterTrust\n|-status|p2a: WebSetterTrust|slp|[from] move: Rest\n|-heal|p2a: WebSetterTrust|100\/100 slp|[silent]\n|\n|-fieldend|move: Psychic Terrain\n|upkeep\n|turn|16\n|\n|t:|1701218217\n|move|p1a: Sneasler|Close Combat|p2a: WebSetterTrust\n|-damage|p2a: WebSetterTrust|58\/100 slp\n|-unboost|p1a: Sneasler|def|1\n|-unboost|p1a: Sneasler|spd|1\n|cant|p2a: WebSetterTrust|slp\n|\n|-heal|p2a: WebSetterTrust|64\/100 slp|[from] item: Leftovers\n|upkeep\n|turn|17\n|inactive|Tytheguy004 has 270 seconds left.\n|\n|t:|1701218223\n|switch|p1a: Blaziken|Blaziken, M|100\/100\n|cant|p2a: WebSetterTrust|slp\n|\n|-heal|p2a: WebSetterTrust|70\/100 slp|[from] item: Leftovers\n|upkeep\n|turn|18\n|\n|t:|1701218227\n|move|p1a: Blaziken|Swords Dance|p1a: Blaziken\n|-boost|p1a: Blaziken|atk|2\n|-curestatus|p2a: WebSetterTrust|slp|[msg]\n|move|p2a: WebSetterTrust|Toxic|p1a: Blaziken\n|-status|p1a: Blaziken|tox\n|\n|-heal|p2a: WebSetterTrust|77\/100|[from] item: Leftovers\n|-damage|p1a: Blaziken|95\/100 tox|[from] psn\n|-ability|p1a: Blaziken|Speed Boost|boost\n|-boost|p1a: Blaziken|spe|1\n|upkeep\n|turn|19\n|\n|t:|1701218230\n|move|p1a: Blaziken|Earthquake|p2a: WebSetterTrust\n|-damage|p2a: WebSetterTrust|35\/100\n|move|p2a: WebSetterTrust|Shell Smash|p2a: WebSetterTrust\n|-boost|p2a: WebSetterTrust|def|1\n|-boost|p2a: WebSetterTrust|spd|1\n|-unboost|p2a: WebSetterTrust|atk|2\n|-unboost|p2a: WebSetterTrust|spa|2\n|-unboost|p2a: WebSetterTrust|spe|2\n|\n|-heal|p2a: WebSetterTrust|41\/100|[from] item: Leftovers\n|-damage|p1a: Blaziken|83\/100 tox|[from] psn\n|-ability|p1a: Blaziken|Speed Boost|boost\n|-boost|p1a: Blaziken|spe|1\n|upkeep\n|turn|20\n|\n|t:|1701218235\n|move|p1a: Blaziken|Earthquake|p2a: WebSetterTrust\n|-damage|p2a: WebSetterTrust|10\/100\n|move|p2a: WebSetterTrust|Rest|p2a: WebSetterTrust\n|-status|p2a: WebSetterTrust|slp|[from] move: Rest\n|-heal|p2a: WebSetterTrust|100\/100 slp|[silent]\n|\n|-damage|p1a: Blaziken|65\/100 tox|[from] psn\n|-ability|p1a: Blaziken|Speed Boost|boost\n|-boost|p1a: Blaziken|spe|1\n|upkeep\n|turn|21\n|\n|t:|1701218243\n|switch|p1a: Tapu Lele|Tapu Lele|100\/100\n|-fieldstart|move: Psychic Terrain|[from] ability: Psychic Surge|[of] p1a: Tapu Lele\n|cant|p2a: WebSetterTrust|slp\n|\n|upkeep\n|turn|22\n|\n|t:|1701218245\n|move|p1a: Tapu Lele|Moonblast|p2a: WebSetterTrust\n|-damage|p2a: WebSetterTrust|79\/100 slp\n|cant|p2a: WebSetterTrust|slp\n|\n|-heal|p2a: WebSetterTrust|85\/100 slp|[from] item: Leftovers\n|upkeep\n|turn|23\n|\n|t:|1701218250\n|move|p1a: Tapu Lele|Moonblast|p2a: WebSetterTrust\n|-damage|p2a: WebSetterTrust|65\/100 slp\n|-boost|p2a: WebSetterTrust|spa|1\n|-curestatus|p2a: WebSetterTrust|slp|[msg]\n|move|p2a: WebSetterTrust|Shell Smash|p2a: WebSetterTrust\n|-boost|p2a: WebSetterTrust|def|1\n|-boost|p2a: WebSetterTrust|spd|1\n|-unboost|p2a: WebSetterTrust|atk|2\n|-unboost|p2a: WebSetterTrust|spa|2\n|-unboost|p2a: WebSetterTrust|spe|2\n|\n|-heal|p2a: WebSetterTrust|71\/100|[from] item: Leftovers\n|upkeep\n|turn|24\n|c|\u2606Tytheguy004|Nah shuckle a bitch\n|\n|t:|1701218258\n|move|p1a: Tapu Lele|Moonblast|p2a: WebSetterTrust\n|-damage|p2a: WebSetterTrust|57\/100\n|-boost|p2a: WebSetterTrust|spa|1\n|move|p2a: WebSetterTrust|Shell Smash|p2a: WebSetterTrust\n|-boost|p2a: WebSetterTrust|def|1\n|-boost|p2a: WebSetterTrust|spd|1\n|-unboost|p2a: WebSetterTrust|atk|2\n|-unboost|p2a: WebSetterTrust|spa|2\n|-unboost|p2a: WebSetterTrust|spe|2\n|\n|-heal|p2a: WebSetterTrust|63\/100|[from] item: Leftovers\n|upkeep\n|turn|25\n|\n|t:|1701218262\n|move|p1a: Tapu Lele|Moonblast|p2a: WebSetterTrust\n|-damage|p2a: WebSetterTrust|52\/100\n|move|p2a: WebSetterTrust|Shell Smash|p2a: WebSetterTrust\n|-boost|p2a: WebSetterTrust|def|1\n|-boost|p2a: WebSetterTrust|spd|1\n|-unboost|p2a: WebSetterTrust|atk|0\n|-unboost|p2a: WebSetterTrust|spa|2\n|-unboost|p2a: WebSetterTrust|spe|0\n|\n|-heal|p2a: WebSetterTrust|59\/100|[from] item: Leftovers\n|-fieldend|move: Psychic Terrain\n|upkeep\n|turn|26\n|\n|t:|1701218267\n|move|p1a: Tapu Lele|Moonblast|p2a: WebSetterTrust\n|-damage|p2a: WebSetterTrust|49\/100\n|move|p2a: WebSetterTrust|Shell Smash|p2a: WebSetterTrust\n|-boost|p2a: WebSetterTrust|def|1\n|-boost|p2a: WebSetterTrust|spd|1\n|-unboost|p2a: WebSetterTrust|atk|0\n|-unboost|p2a: WebSetterTrust|spa|0\n|-unboost|p2a: WebSetterTrust|spe|0\n|\n|-heal|p2a: WebSetterTrust|56\/100|[from] item: Leftovers\n|upkeep\n|turn|27\n|\n|t:|1701218271\n|move|p1a: Tapu Lele|Moonblast|p2a: WebSetterTrust\n|-damage|p2a: WebSetterTrust|47\/100\n|move|p2a: WebSetterTrust|Infestation|p1a: Tapu Lele\n|-damage|p1a: Tapu Lele|99\/100\n|-activate|p1a: Tapu Lele|move: Infestation|[of] p2a: WebSetterTrust\n|\n|-heal|p2a: WebSetterTrust|53\/100|[from] item: Leftovers\n|-damage|p1a: Tapu Lele|88\/100|[from] move: Infestation|[partiallytrapped]\n|upkeep\n|turn|28\n|\n|t:|1701218275\n|move|p1a: Tapu Lele|Moonblast|p2a: WebSetterTrust\n|-damage|p2a: WebSetterTrust|45\/100\n|-boost|p2a: WebSetterTrust|spa|1\n|move|p2a: WebSetterTrust|Toxic|p1a: Tapu Lele\n|-status|p1a: Tapu Lele|tox\n|\n|-heal|p2a: WebSetterTrust|51\/100|[from] item: Leftovers\n|-damage|p1a: Tapu Lele|82\/100 tox|[from] psn\n|-damage|p1a: Tapu Lele|69\/100 tox|[from] move: Infestation|[partiallytrapped]\n|upkeep\n|turn|29\n|\n|t:|1701218285\n|move|p1a: Tapu Lele|Moonblast|p2a: WebSetterTrust\n|-damage|p2a: WebSetterTrust|42\/100\n|move|p2a: WebSetterTrust|Shell Smash|p2a: WebSetterTrust\n|-boost|p2a: WebSetterTrust|def|1\n|-boost|p2a: WebSetterTrust|spd|1\n|-unboost|p2a: WebSetterTrust|atk|0\n|-unboost|p2a: WebSetterTrust|spa|1\n|-unboost|p2a: WebSetterTrust|spe|0\n|\n|-heal|p2a: WebSetterTrust|48\/100|[from] item: Leftovers\n|-damage|p1a: Tapu Lele|57\/100 tox|[from] psn\n|-damage|p1a: Tapu Lele|45\/100 tox|[from] move: Infestation|[partiallytrapped]\n|upkeep\n|turn|30\n|\n|t:|1701218290\n|move|p1a: Tapu Lele|Moonblast|p2a: WebSetterTrust\n|-damage|p2a: WebSetterTrust|41\/100\n|move|p2a: WebSetterTrust|Rest|p2a: WebSetterTrust\n|-status|p2a: WebSetterTrust|slp|[from] move: Rest\n|-heal|p2a: WebSetterTrust|100\/100 slp|[silent]\n|\n|-damage|p1a: Tapu Lele|26\/100 tox|[from] psn\n|-damage|p1a: Tapu Lele|14\/100 tox|[from] move: Infestation|[partiallytrapped]\n|upkeep\n|turn|31\n|\n|t:|1701218296\n|move|p1a: Tapu Lele|Moonblast|p2a: WebSetterTrust\n|-damage|p2a: WebSetterTrust|93\/100 slp\n|cant|p2a: WebSetterTrust|slp\n|\n|-heal|p2a: WebSetterTrust|99\/100 slp|[from] item: Leftovers\n|-damage|p1a: Tapu Lele|0 fnt|[from] psn\n|faint|p1a: Tapu Lele\n|upkeep\n|\n|t:|1701218319\n|switch|p1a: Blaziken|Blaziken, M|65\/100 tox\n|turn|32\n|\n|t:|1701218322\n|move|p1a: Blaziken|Swords Dance|p1a: Blaziken\n|-boost|p1a: Blaziken|atk|2\n|cant|p2a: WebSetterTrust|slp\n|\n|-heal|p2a: WebSetterTrust|100\/100 slp|[from] item: Leftovers\n|-damage|p1a: Blaziken|59\/100 tox|[from] psn\n|-ability|p1a: Blaziken|Speed Boost|boost\n|-boost|p1a: Blaziken|spe|1\n|upkeep\n|turn|33\n|\n|t:|1701218324\n|move|p1a: Blaziken|Swords Dance|p1a: Blaziken\n|-boost|p1a: Blaziken|atk|2\n|-curestatus|p2a: WebSetterTrust|slp|[msg]\n|move|p2a: WebSetterTrust|Infestation|p1a: Blaziken\n|-resisted|p1a: Blaziken\n|-damage|p1a: Blaziken|58\/100 tox\n|-activate|p1a: Blaziken|move: Infestation|[of] p2a: WebSetterTrust\n|\n|-damage|p1a: Blaziken|46\/100 tox|[from] psn\n|-damage|p1a: Blaziken|34\/100 tox|[from] move: Infestation|[partiallytrapped]\n|-ability|p1a: Blaziken|Speed Boost|boost\n|-boost|p1a: Blaziken|spe|1\n|upkeep\n|turn|34\n|\n|t:|1701218330\n|move|p1a: Blaziken|Earthquake|p2a: WebSetterTrust\n|-damage|p2a: WebSetterTrust|84\/100\n|move|p2a: WebSetterTrust|Rest|p2a: WebSetterTrust\n|-status|p2a: WebSetterTrust|slp|[from] move: Rest\n|-heal|p2a: WebSetterTrust|100\/100 slp|[silent]\n|\n|-damage|p1a: Blaziken|16\/100 tox|[from] psn\n|-damage|p1a: Blaziken|4\/100 tox|[from] move: Infestation|[partiallytrapped]\n|-ability|p1a: Blaziken|Speed Boost|boost\n|-boost|p1a: Blaziken|spe|1\n|upkeep\n|turn|35\n|\n|t:|1701218333\n|move|p1a: Blaziken|Earthquake|p2a: WebSetterTrust\n|-damage|p2a: WebSetterTrust|85\/100 slp\n|cant|p2a: WebSetterTrust|slp\n|\n|-heal|p2a: WebSetterTrust|91\/100 slp|[from] item: Leftovers\n|-damage|p1a: Blaziken|0 fnt|[from] psn\n|faint|p1a: Blaziken\n|upkeep\n|\n|t:|1701218335\n|switch|p1a: Sneasler|Sneasler, M|100\/100\n|turn|36\n|\n|t:|1701218338\n|move|p1a: Sneasler|Rock Slide|p2a: WebSetterTrust\n|-supereffective|p2a: WebSetterTrust\n|-damage|p2a: WebSetterTrust|82\/100 slp\n|cant|p2a: WebSetterTrust|slp\n|\n|-heal|p2a: WebSetterTrust|88\/100 slp|[from] item: Leftovers\n|upkeep\n|turn|37\n|\n|t:|1701218345\n|move|p1a: Sneasler|Rock Slide|p2a: WebSetterTrust\n|-supereffective|p2a: WebSetterTrust\n|-damage|p2a: WebSetterTrust|79\/100 slp\n|-curestatus|p2a: WebSetterTrust|slp|[msg]\n|move|p2a: WebSetterTrust|Infestation|p1a: Sneasler\n|-resisted|p1a: Sneasler\n|-damage|p1a: Sneasler|99\/100\n|-activate|p1a: Sneasler|move: Infestation|[of] p2a: WebSetterTrust\n|\n|-heal|p2a: WebSetterTrust|85\/100|[from] item: Leftovers\n|-damage|p1a: Sneasler|88\/100|[from] move: Infestation|[partiallytrapped]\n|upkeep\n|turn|38\n|\n|t:|1701218351\n|move|p1a: Sneasler|Rock Slide|p2a: WebSetterTrust\n|-supereffective|p2a: WebSetterTrust\n|-damage|p2a: WebSetterTrust|75\/100\n|cant|p2a: WebSetterTrust|flinch\n|\n|-heal|p2a: WebSetterTrust|82\/100|[from] item: Leftovers\n|-damage|p1a: Sneasler|76\/100|[from] move: Infestation|[partiallytrapped]\n|upkeep\n|turn|39\n|\n|t:|1701218355\n|move|p1a: Sneasler|Rock Slide|p2a: WebSetterTrust\n|-supereffective|p2a: WebSetterTrust\n|-damage|p2a: WebSetterTrust|73\/100\n|cant|p2a: WebSetterTrust|flinch\n|\n|-heal|p2a: WebSetterTrust|79\/100|[from] item: Leftovers\n|-damage|p1a: Sneasler|63\/100|[from] move: Infestation|[partiallytrapped]\n|upkeep\n|turn|40\n|\n|t:|1701218361\n|move|p1a: Sneasler|Rock Slide|p2a: WebSetterTrust\n|-supereffective|p2a: WebSetterTrust\n|-damage|p2a: WebSetterTrust|69\/100\n|move|p2a: WebSetterTrust|Shell Smash|p2a: WebSetterTrust\n|-boost|p2a: WebSetterTrust|def|0\n|-boost|p2a: WebSetterTrust|spd|0\n|-unboost|p2a: WebSetterTrust|atk|0\n|-unboost|p2a: WebSetterTrust|spa|0\n|-unboost|p2a: WebSetterTrust|spe|0\n|\n|-heal|p2a: WebSetterTrust|75\/100|[from] item: Leftovers\n|-damage|p1a: Sneasler|51\/100|[from] move: Infestation|[partiallytrapped]\n|upkeep\n|turn|41\n|\n|t:|1701218364\n|move|p1a: Sneasler|Rock Slide|p2a: WebSetterTrust\n|-supereffective|p2a: WebSetterTrust\n|-damage|p2a: WebSetterTrust|65\/100\n|move|p2a: WebSetterTrust|Shell Smash|p2a: WebSetterTrust\n|-boost|p2a: WebSetterTrust|def|0\n|-boost|p2a: WebSetterTrust|spd|0\n|-unboost|p2a: WebSetterTrust|atk|0\n|-unboost|p2a: WebSetterTrust|spa|0\n|-unboost|p2a: WebSetterTrust|spe|0\n|\n|-heal|p2a: WebSetterTrust|71\/100|[from] item: Leftovers\n|-damage|p1a: Sneasler|39\/100|[from] move: Infestation|[partiallytrapped]\n|upkeep\n|turn|42\n|\n|t:|1701218367\n|move|p1a: Sneasler|Rock Slide|p2a: WebSetterTrust\n|-supereffective|p2a: WebSetterTrust\n|-damage|p2a: WebSetterTrust|62\/100\n|move|p2a: WebSetterTrust|Shell Smash|p2a: WebSetterTrust\n|-boost|p2a: WebSetterTrust|def|0\n|-boost|p2a: WebSetterTrust|spd|0\n|-unboost|p2a: WebSetterTrust|atk|0\n|-unboost|p2a: WebSetterTrust|spa|0\n|-unboost|p2a: WebSetterTrust|spe|0\n|\n|-heal|p2a: WebSetterTrust|68\/100|[from] item: Leftovers\n|-end|p1a: Sneasler|Infestation|[partiallytrapped]\n|upkeep\n|turn|43\n|\n|t:|1701218371\n|move|p1a: Sneasler|Rock Slide|p2a: WebSetterTrust\n|-supereffective|p2a: WebSetterTrust\n|-damage|p2a: WebSetterTrust|60\/100\n|move|p2a: WebSetterTrust|Infestation|p1a: Sneasler\n|-resisted|p1a: Sneasler\n|-damage|p1a: Sneasler|38\/100\n|-activate|p1a: Sneasler|move: Infestation|[of] p2a: WebSetterTrust\n|\n|-heal|p2a: WebSetterTrust|66\/100|[from] item: Leftovers\n|-damage|p1a: Sneasler|26\/100|[from] move: Infestation|[partiallytrapped]\n|upkeep\n|turn|44\n|\n|t:|1701218374\n|move|p1a: Sneasler|Rock Slide|p2a: WebSetterTrust\n|-supereffective|p2a: WebSetterTrust\n|-damage|p2a: WebSetterTrust|57\/100\n|move|p2a: WebSetterTrust|Rest|p2a: WebSetterTrust\n|-status|p2a: WebSetterTrust|slp|[from] move: Rest\n|-heal|p2a: WebSetterTrust|100\/100 slp|[silent]\n|\n|-damage|p1a: Sneasler|14\/100|[from] move: Infestation|[partiallytrapped]\n|upkeep\n|turn|45\n|\n|t:|1701218382\n|move|p1a: Sneasler|Close Combat|p2a: WebSetterTrust\n|-damage|p2a: WebSetterTrust|91\/100 slp\n|-unboost|p1a: Sneasler|def|1\n|-unboost|p1a: Sneasler|spd|1\n|cant|p2a: WebSetterTrust|slp\n|\n|-heal|p2a: WebSetterTrust|97\/100 slp|[from] item: Leftovers\n|-damage|p1a: Sneasler|1\/100|[from] move: Infestation|[partiallytrapped]\n|upkeep\n|turn|46\n|c|\u2606Tytheguy004|gg\n|c|\u2606XX_1nfinity_XX|ggs\n|c|\u2606XX_1nfinity_XX|you played well\n|c|\u2606Tytheguy004|I did untill stupid shuckle\n|\n|t:|1701218401\n|move|p1a: Sneasler|Close Combat|p2a: WebSetterTrust\n|-damage|p2a: WebSetterTrust|87\/100 slp\n|-unboost|p1a: Sneasler|def|1\n|-unboost|p1a: Sneasler|spd|1\n|cant|p2a: WebSetterTrust|slp\n|\n|-heal|p2a: WebSetterTrust|93\/100 slp|[from] item: Leftovers\n|-damage|p1a: Sneasler|0 fnt|[from] move: Infestation|[partiallytrapped]\n|faint|p1a: Sneasler\n|upkeep\n|\n|t:|1701218403\n|switch|p1a: Iron Valiant|Iron Valiant|100\/100\n|-enditem|p1a: Iron Valiant|Booster Energy\n|-activate|p1a: Iron Valiant|ability: Quark Drive|[fromitem]\n|-start|p1a: Iron Valiant|quarkdrivespe\n|turn|47\n|c|\u2606XX_1nfinity_XX|btw your ability on serperior is wrong\n|\n|t:|1701218419\n|-terastallize|p1a: Iron Valiant|Ghost\n|move|p1a: Iron Valiant|Close Combat|p2a: WebSetterTrust\n|-damage|p2a: WebSetterTrust|83\/100 slp\n|-unboost|p1a: Iron Valiant|def|1\n|-unboost|p1a: Iron Valiant|spd|1\n|-curestatus|p2a: WebSetterTrust|slp|[msg]\n|move|p2a: WebSetterTrust|Toxic|p1a: Iron Valiant\n|-status|p1a: Iron Valiant|tox\n|\n|-heal|p2a: WebSetterTrust|89\/100|[from] item: Leftovers\n|-damage|p1a: Iron Valiant|94\/100 tox|[from] psn\n|upkeep\n|turn|48\n|\n|t:|1701218430\n|move|p1a: Iron Valiant|Close Combat|p2a: WebSetterTrust\n|-damage|p2a: WebSetterTrust|80\/100\n|-unboost|p1a: Iron Valiant|def|1\n|-unboost|p1a: Iron Valiant|spd|1\n|move|p2a: WebSetterTrust|Infestation|p1a: Iron Valiant\n|-resisted|p1a: Iron Valiant\n|-damage|p1a: Iron Valiant|93\/100 tox\n|-activate|p1a: Iron Valiant|move: Infestation|[of] p2a: WebSetterTrust\n|\n|-heal|p2a: WebSetterTrust|86\/100|[from] item: Leftovers\n|-damage|p1a: Iron Valiant|81\/100 tox|[from] psn\n|-damage|p1a: Iron Valiant|68\/100 tox|[from] move: Infestation|[partiallytrapped]\n|upkeep\n|turn|49\n|\n|t:|1701218441\n|move|p1a: Iron Valiant|Close Combat|p2a: WebSetterTrust\n|-damage|p2a: WebSetterTrust|77\/100\n|-unboost|p1a: Iron Valiant|def|1\n|-unboost|p1a: Iron Valiant|spd|1\n|move|p2a: WebSetterTrust|Rest|p2a: WebSetterTrust\n|-status|p2a: WebSetterTrust|slp|[from] move: Rest\n|-heal|p2a: WebSetterTrust|100\/100 slp|[silent]\n|\n|-damage|p1a: Iron Valiant|50\/100 tox|[from] psn\n|-damage|p1a: Iron Valiant|37\/100 tox|[from] move: Infestation|[partiallytrapped]\n|upkeep\n|turn|50\n|\n|t:|1701218451\n|move|p1a: Iron Valiant|Close Combat|p2a: WebSetterTrust\n|-damage|p2a: WebSetterTrust|90\/100 slp\n|-unboost|p1a: Iron Valiant|def|1\n|-unboost|p1a: Iron Valiant|spd|1\n|cant|p2a: WebSetterTrust|slp\n|\n|-heal|p2a: WebSetterTrust|96\/100 slp|[from] item: Leftovers\n|-damage|p1a: Iron Valiant|12\/100 tox|[from] psn\n|-damage|p1a: Iron Valiant|0 fnt|[from] move: Infestation|[partiallytrapped]\n|faint|p1a: Iron Valiant\n|-end|p1a: Iron Valiant|Quark Drive|[silent]\n|\n|win|XX_1nfinity_XX\n|upkeep\n|l|\u2606Tytheguy004\n|c|\u2606XX_1nfinity_XX|shuckle is funny\n","uploadtime":1701218474,"views":1,"p1id":"tytheguy004","p2id":"xx1nfinityxx","formatid":"gen9nationaldexubers","rating":0,"private":0,"password":""}