{"id":"gen9nationaldexubers-1986305082","p1":"JustMonika_CARR","p2":"duscl0ps356","format":"[Gen 9] National Dex Ubers","log":"|j|\u2606JustMonika_CARR\n|j|\u2606duscl0ps356\n|t:|1699467789\n|gametype|singles\n|player|p1|JustMonika_CARR|101|1454\n|player|p2|duscl0ps356|brycenman|1460\n|teamsize|p1|6\n|teamsize|p2|6\n|gen|9\n|tier|[Gen 9] National Dex Ubers\n|rated|\n|rule|HP Percentage Mod: HP is shown in percentages\n|rule|Endless Battle Clause: Forcing endless battles is banned\n|rule|OHKO Clause: OHKO moves are banned\n|rule|Evasion Moves Clause: Evasion moves are banned\n|rule|Evasion Items Clause: Evasion items are banned\n|rule|Species Clause: Limit one of each Pok\u00e9mon\n|rule|Sleep Clause Mod: Limit one foe put to sleep\n|rule|Mega Rayquaza Clause: You cannot mega evolve Rayquaza\n|clearpoke\n|poke|p1|Marshadow|\n|poke|p1|Lopunny, F|\n|poke|p1|Dialga|\n|poke|p1|Forretress, F|\n|poke|p1|Pheromosa|\n|poke|p1|Grimmsnarl, M|\n|poke|p2|Groudon|\n|poke|p2|Salamence, F|\n|poke|p2|Arceus|\n|poke|p2|Marshadow|\n|poke|p2|Deoxys-Speed|\n|poke|p2|Xerneas-*|\n|teampreview\n|\n|t:|1699467796\n|start\n|switch|p1a: Forretress|Forretress, F, shiny|100\/100\n|switch|p2a: Deoxys|Deoxys-Speed|100\/100\n|-ability|p2a: Deoxys|Pressure\n|turn|1\n|\n|t:|1699467806\n|move|p2a: Deoxys|Taunt|p1a: Forretress\n|-start|p1a: Forretress|move: Taunt\n|cant|p1a: Forretress|move: Taunt|Toxic Spikes\n|\n|upkeep\n|turn|2\n|\n|t:|1699467812\n|move|p2a: Deoxys|Spikes|p1a: Forretress\n|-sidestart|p1: JustMonika_CARR|Spikes\n|move|p1a: Forretress|Rapid Spin|p2a: Deoxys\n|-damage|p2a: Deoxys|87\/100\n|-boost|p1a: Forretress|spe|1\n|-sideend|p1: JustMonika_CARR|Spikes|[from] move: Rapid Spin|[of] p1a: Forretress\n|\n|upkeep\n|turn|3\n|\n|t:|1699467819\n|move|p2a: Deoxys|Knock Off|p1a: Forretress\n|-damage|p1a: Forretress|88\/100\n|-enditem|p1a: Forretress|Red Card|[from] move: Knock Off|[of] p2a: Deoxys\n|move|p1a: Forretress|Rapid Spin|p2a: Deoxys\n|-damage|p2a: Deoxys|74\/100\n|-boost|p1a: Forretress|spe|1\n|\n|-end|p1a: Forretress|move: Taunt\n|upkeep\n|turn|4\n|\n|t:|1699467828\n|move|p2a: Deoxys|Taunt|p1a: Forretress\n|-start|p1a: Forretress|move: Taunt\n|cant|p1a: Forretress|move: Taunt|Toxic Spikes\n|\n|upkeep\n|turn|5\n|\n|t:|1699467834\n|switch|p2a: Groudon|Groudon|100\/100\n|detailschange|p2a: Groudon|Groudon-Primal\n|-primal|p2a: Groudon|Red Orb\n|-weather|DesolateLand|[from] ability: Desolate Land|[of] p2a: Groudon\n|move|p1a: Forretress|Rapid Spin|p2a: Groudon\n|-damage|p2a: Groudon|94\/100\n|-boost|p1a: Forretress|spe|1\n|\n|-weather|DesolateLand|[upkeep]\n|upkeep\n|turn|6\n|\n|t:|1699467845\n|-terastallize|p1a: Forretress|Fire\n|move|p1a: Forretress|Rapid Spin|p2a: Groudon\n|-damage|p2a: Groudon|88\/100\n|-boost|p1a: Forretress|spe|1\n|move|p2a: Groudon|Fire Punch|p1a: Forretress\n|-resisted|p1a: Forretress\n|-damage|p1a: Forretress|71\/100\n|\n|-weather|DesolateLand|[upkeep]\n|-end|p1a: Forretress|move: Taunt\n|upkeep\n|turn|7\n|\n|t:|1699467856\n|move|p1a: Forretress|Toxic Spikes|p2a: Groudon\n|-sidestart|p2: duscl0ps356|move: Toxic Spikes\n|move|p2a: Groudon|Earthquake|p1a: Forretress\n|-supereffective|p1a: Forretress\n|-damage|p1a: Forretress|7\/100\n|\n|-weather|DesolateLand|[upkeep]\n|upkeep\n|turn|8\n|\n|t:|1699467862\n|move|p1a: Forretress|Toxic Spikes|p2a: Groudon\n|-sidestart|p2: duscl0ps356|move: Toxic Spikes\n|move|p2a: Groudon|Stealth Rock|p1a: Forretress\n|-sidestart|p1: JustMonika_CARR|move: Stealth Rock\n|\n|-weather|DesolateLand|[upkeep]\n|upkeep\n|turn|9\n|\n|t:|1699467867\n|move|p1a: Forretress|Rapid Spin|p2a: Groudon\n|-damage|p2a: Groudon|81\/100\n|-boost|p1a: Forretress|spe|1\n|-sideend|p1: JustMonika_CARR|Stealth Rock|[from] move: Rapid Spin|[of] p1a: Forretress\n|move|p2a: Groudon|Fire Punch|p1a: Forretress\n|-resisted|p1a: Forretress\n|-damage|p1a: Forretress|0 fnt\n|faint|p1a: Forretress\n|\n|-weather|DesolateLand|[upkeep]\n|upkeep\n|\n|t:|1699467884\n|switch|p1a: Grimmsnarl|Grimmsnarl, M, shiny|100\/100\n|turn|10\n|\n|t:|1699467888\n|move|p1a: Grimmsnarl|Taunt|p2a: Groudon\n|-start|p2a: Groudon|move: Taunt\n|cant|p2a: Groudon|move: Taunt|Stealth Rock\n|\n|-weather|DesolateLand|[upkeep]\n|upkeep\n|turn|11\n|\n|t:|1699467893\n|move|p1a: Grimmsnarl|Reflect|p1a: Grimmsnarl\n|-sidestart|p1: JustMonika_CARR|Reflect\n|move|p2a: Groudon|Fire Punch|p1a: Grimmsnarl\n|-damage|p1a: Grimmsnarl|65\/100\n|\n|-weather|DesolateLand|[upkeep]\n|upkeep\n|turn|12\n|\n|t:|1699467899\n|move|p2a: Groudon|Fire Punch|p1a: Grimmsnarl\n|-damage|p1a: Grimmsnarl|31\/100\n|move|p1a: Grimmsnarl|Spirit Break|p2a: Groudon\n|-resisted|p2a: Groudon\n|-damage|p2a: Groudon|72\/100\n|-unboost|p2a: Groudon|spa|1\n|\n|-weather|DesolateLand|[upkeep]\n|-end|p2a: Groudon|move: Taunt\n|upkeep\n|turn|13\n|\n|t:|1699467910\n|move|p1a: Grimmsnarl|Taunt|p2a: Groudon\n|-start|p2a: Groudon|move: Taunt\n|move|p2a: Groudon|Fire Punch|p1a: Grimmsnarl\n|-damage|p1a: Grimmsnarl|0 fnt\n|faint|p1a: Grimmsnarl\n|\n|-weather|DesolateLand|[upkeep]\n|upkeep\n|\n|t:|1699467918\n|switch|p1a: Dialga|Dialga, shiny|100\/100\n|-ability|p1a: Dialga|Pressure\n|turn|14\n|\n|t:|1699467945\n|move|p1a: Dialga|Earth Power|p2a: Groudon\n|-supereffective|p2a: Groudon\n|-damage|p2a: Groudon|21\/100\n|move|p2a: Groudon|Earthquake|p1a: Dialga\n|-supereffective|p1a: Dialga\n|-damage|p1a: Dialga|49\/100\n|\n|-weather|DesolateLand|[upkeep]\n|upkeep\n|turn|15\n|\n|t:|1699467953\n|move|p1a: Dialga|Earth Power|p2a: Groudon\n|-supereffective|p2a: Groudon\n|-damage|p2a: Groudon|0 fnt\n|faint|p2a: Groudon\n|-weather|none\n|\n|upkeep\n|\n|t:|1699467955\n|switch|p2a: Deoxys|Deoxys-Speed|74\/100\n|-status|p2a: Deoxys|tox\n|-ability|p2a: Deoxys|Pressure\n|turn|16\n|\n|t:|1699467964\n|switch|p1a: Pheromosa|Pheromosa, shiny|100\/100\n|move|p2a: Deoxys|Spikes|p1a: Pheromosa\n|-sidestart|p1: JustMonika_CARR|Spikes\n|\n|-damage|p2a: Deoxys|68\/100 tox|[from] psn\n|upkeep\n|turn|17\n|\n|t:|1699467972\n|move|p2a: Deoxys|Psycho Boost|p1a: Pheromosa\n|-supereffective|p1a: Pheromosa\n|-enditem|p1a: Pheromosa|Focus Sash\n|-damage|p1a: Pheromosa|1\/100\n|-unboost|p2a: Deoxys|spa|2\n|move|p1a: Pheromosa|Rapid Spin|p2a: Deoxys\n|-damage|p2a: Deoxys|47\/100 tox\n|-boost|p1a: Pheromosa|spe|1\n|-sideend|p1: JustMonika_CARR|Spikes|[from] move: Rapid Spin|[of] p1a: Pheromosa\n|\n|-damage|p2a: Deoxys|35\/100 tox|[from] psn\n|upkeep\n|turn|18\n|\n|t:|1699467985\n|move|p1a: Pheromosa|Bug Buzz|p2a: Deoxys\n|-supereffective|p2a: Deoxys\n|-damage|p2a: Deoxys|0 fnt\n|faint|p2a: Deoxys\n|-ability|p1a: Pheromosa|Beast Boost|boost\n|-boost|p1a: Pheromosa|spa|1\n|\n|-sideend|p1: JustMonika_CARR|Reflect\n|upkeep\n|\n|t:|1699467996\n|switch|p2a: Arceus|Arceus|100\/100\n|-status|p2a: Arceus|tox\n|turn|19\n|\n|t:|1699468001\n|switch|p1a: Marshadow|Marshadow|100\/100\n|move|p2a: Arceus|Extreme Speed|p1a: Marshadow\n|-immune|p1a: Marshadow\n|\n|-damage|p2a: Arceus|94\/100 tox|[from] psn\n|upkeep\n|turn|20\n|\n|t:|1699468012\n|switch|p2a: Salamence|Salamence, F|100\/100\n|-ability|p2a: Salamence|Intimidate|boost\n|-unboost|p1a: Marshadow|atk|1\n|move|p1a: Marshadow|Rock Tomb|p2a: Salamence\n|-supereffective|p2a: Salamence\n|-damage|p2a: Salamence|50\/100\n|-unboost|p2a: Salamence|spe|1\n|\n|upkeep\n|turn|21\n|\n|t:|1699468023\n|detailschange|p2a: Salamence|Salamence-Mega, F\n|-mega|p2a: Salamence|Salamence|Salamencite\n|move|p1a: Marshadow|Rock Tomb|p2a: Salamence\n|-supereffective|p2a: Salamence\n|-damage|p2a: Salamence|16\/100\n|-unboost|p2a: Salamence|spe|1\n|move|p2a: Salamence|Return|p1a: Marshadow\n|-supereffective|p1a: Marshadow\n|-enditem|p1a: Marshadow|Focus Sash\n|-damage|p1a: Marshadow|1\/100\n|\n|upkeep\n|turn|22\n|\n|t:|1699468036\n|move|p1a: Marshadow|Shadow Sneak|p2a: Salamence\n|-damage|p2a: Salamence|0 fnt\n|faint|p2a: Salamence\n|\n|upkeep\n|\n|t:|1699468038\n|switch|p2a: Marshadow|Marshadow|100\/100\n|-status|p2a: Marshadow|tox\n|turn|23\n|\n|t:|1699468043\n|switch|p1a: Lopunny|Lopunny, F, shiny|100\/100\n|move|p2a: Marshadow|Shadow Sneak|p1a: Lopunny\n|-immune|p1a: Lopunny\n|\n|-damage|p2a: Marshadow|94\/100 tox|[from] psn\n|upkeep\n|turn|24\n|\n|t:|1699468055\n|detailschange|p1a: Lopunny|Lopunny-Mega, F, shiny\n|-mega|p1a: Lopunny|Lopunny|Lopunnite\n|move|p1a: Lopunny|Fake Out|p2a: Marshadow\n|-damage|p2a: Marshadow|69\/100 tox\n|cant|p2a: Marshadow|flinch\n|\n|-damage|p2a: Marshadow|56\/100 tox|[from] psn\n|upkeep\n|turn|25\n|\n|t:|1699468066\n|move|p1a: Lopunny|Return|p2a: Marshadow\n|-damage|p2a: Marshadow|0 fnt\n|faint|p2a: Marshadow\n|\n|upkeep\n|\n|t:|1699468071\n|switch|p2a: Arceus|Arceus|94\/100 tox\n|turn|26\n|\n|t:|1699468077\n|switch|p1a: Marshadow|Marshadow|1\/100\n|-terastallize|p2a: Arceus|Normal\n|move|p2a: Arceus|Extreme Speed|p1a: Marshadow\n|-immune|p1a: Marshadow\n|\n|-heal|p2a: Arceus|100\/100 tox|[from] item: Leftovers\n|-damage|p2a: Arceus|94\/100 tox|[from] psn\n|upkeep\n|turn|27\n|\n|t:|1699468090\n|move|p1a: Marshadow|Drain Punch|p2a: Arceus\n|-supereffective|p2a: Arceus\n|-damage|p2a: Arceus|36\/100 tox\n|-heal|p1a: Marshadow|36\/100|[from] drain|[of] p2a: Arceus\n|move|p2a: Arceus|Earthquake|p1a: Marshadow\n|-damage|p1a: Marshadow|0 fnt\n|faint|p1a: Marshadow\n|\n|-heal|p2a: Arceus|42\/100 tox|[from] item: Leftovers\n|-damage|p2a: Arceus|30\/100 tox|[from] psn\n|upkeep\n|\n|t:|1699468104\n|switch|p1a: Lopunny|Lopunny-Mega, F, shiny|100\/100\n|turn|28\n|\n|t:|1699468108\n|move|p1a: Lopunny|Fake Out|p2a: Arceus\n|-damage|p2a: Arceus|14\/100 tox\n|cant|p2a: Arceus|flinch\n|\n|-heal|p2a: Arceus|20\/100 tox|[from] item: Leftovers\n|-damage|p2a: Arceus|2\/100 tox|[from] psn\n|upkeep\n|turn|29\n|\n|t:|1699468118\n|move|p2a: Arceus|Extreme Speed|p1a: Lopunny\n|-damage|p1a: Lopunny|27\/100\n|move|p1a: Lopunny|Power-Up Punch|p2a: Arceus\n|-supereffective|p2a: Arceus\n|-damage|p2a: Arceus|0 fnt\n|-boost|p1a: Lopunny|atk|1\n|faint|p2a: Arceus\n|\n|upkeep\n|\n|t:|1699468122\n|switch|p2a: Xerneas|Xerneas|100\/100\n|-status|p2a: Xerneas|tox\n|-ability|p2a: Xerneas|Fairy Aura\n|turn|30\n|\n|t:|1699468132\n|move|p1a: Lopunny|Return|p2a: Xerneas\n|-damage|p2a: Xerneas|30\/100 tox\n|move|p2a: Xerneas|Moonblast|p1a: Lopunny\n|-supereffective|p1a: Lopunny\n|-damage|p1a: Lopunny|0 fnt\n|faint|p1a: Lopunny\n|\n|-damage|p2a: Xerneas|24\/100 tox|[from] psn\n|upkeep\n|\n|t:|1699468142\n|switch|p1a: Pheromosa|Pheromosa, shiny|1\/100\n|turn|31\n|\n|t:|1699468146\n|move|p1a: Pheromosa|Ice Beam|p2a: Xerneas\n|-damage|p2a: Xerneas|0 fnt\n|faint|p2a: Xerneas\n|\n|win|JustMonika_CARR\n|raw|JustMonika_CARR's rating: 1454 &rarr; <strong>1474<\/strong><br \/>(+20 for winning)\n|raw|duscl0ps356's rating: 1460 &rarr; <strong>1440<\/strong><br \/>(-20 for losing)\n|c|\u2606duscl0ps356|gg\n|c|\u2606JustMonika_CARR|Gg\n|l|\u2606duscl0ps356\n","uploadtime":1699468155,"views":7,"p1id":"justmonikacarr","p2id":"duscl0ps356","formatid":"gen9nationaldexubers","rating":1440,"private":0,"password":""}