{"id":"gen9nationaldexubers-1992920369","p1":"UncleKars","p2":"cassinidivision","format":"[Gen 9] National Dex Ubers","log":"|j|\u2606UncleKars\n|j|\u2606cassinidivision\n|t:|1700246922\n|gametype|singles\n|player|p1|UncleKars|tabitha|\n|player|p2|cassinidivision|dawn-gen4pt|\n|teamsize|p1|6\n|teamsize|p2|6\n|gen|9\n|tier|[Gen 9] National Dex Ubers\n|rule|HP Percentage Mod: HP is shown in percentages\n|rule|Endless Battle Clause: Forcing endless battles is banned\n|rule|OHKO Clause: OHKO moves are banned\n|rule|Evasion Moves Clause: Evasion moves are banned\n|rule|Evasion Items Clause: Evasion items are banned\n|rule|Species Clause: Limit one of each Pok\u00e9mon\n|rule|Sleep Clause Mod: Limit one foe put to sleep\n|rule|Mega Rayquaza Clause: You cannot mega evolve Rayquaza\n|clearpoke\n|poke|p1|Crobat, M|\n|poke|p1|Camerupt, M|\n|poke|p1|Mightyena, M|\n|poke|p1|Weezing, M|\n|poke|p1|Aggron, F|\n|poke|p1|Houndoom, M|\n|poke|p2|Empoleon, M|\n|poke|p2|Lopunny, F|\n|poke|p2|Mismagius, F|\n|poke|p2|Blissey, F|\n|poke|p2|Bastiodon, F|\n|poke|p2|Luxray, M|\n|teampreview\n|\n|t:|1700246931\n|start\n|switch|p1a: Mightyena|Mightyena, M|100\/100\n|switch|p2a: Bastiodon|Bastiodon, F|100\/100\n|-ability|p1a: Mightyena|Intimidate|boost\n|-unboost|p2a: Bastiodon|atk|1\n|turn|1\n|j| Contest hater\n|l| Contest hater\n|\n|t:|1700246940\n|move|p1a: Mightyena|Taunt|p2a: Bastiodon\n|-start|p2a: Bastiodon|move: Taunt\n|cant|p2a: Bastiodon|move: Taunt|Stealth Rock\n|\n|upkeep\n|turn|2\n|c|\u2606UncleKars|hi contest hater\n|c|\u2606cassinidivision|so mean\n|\n|t:|1700246955\n|move|p1a: Mightyena|Sucker Punch|p2a: Bastiodon\n|-damage|p2a: Bastiodon|84\/100\n|-damage|p1a: Mightyena|84\/100|[from] item: Rocky Helmet|[of] p2a: Bastiodon\n|move|p2a: Bastiodon|Earthquake|p1a: Mightyena\n|-damage|p1a: Mightyena|70\/100\n|\n|upkeep\n|turn|3\n|j| kpoc12\n|j| AutumnCookie\n|\n|t:|1700247018\n|switch|p1a: Crobat|Crobat, M|100\/100\n|switch|p2a: Luxray|Luxray, M|100\/100\n|\n|-status|p2a: Luxray|brn|[from] item: Flame Orb\n|upkeep\n|turn|4\n|\n|t:|1700247041\n|switch|p1a: Camerupt|Camerupt, M|100\/100\n|move|p2a: Luxray|Trailblaze|p1a: Camerupt\n|-damage|p1a: Camerupt|68\/100\n|-boost|p2a: Luxray|spe|1\n|\n|-damage|p2a: Luxray|95\/100 brn|[from] brn\n|upkeep\n|turn|5\n|c| kpoc12|ALL OF THE SINNOH TRIO USE GUTS BURN MONS\n|c| kpoc12|CRAZY\n|c|\u2606cassinidivision|crazyyyyyyyy\n|\n|t:|1700247060\n|move|p2a: Luxray|Crunch|p1a: Camerupt\n|-damage|p1a: Camerupt|16\/100\n|-enditem|p1a: Camerupt|Sitrus Berry|[eat]\n|-heal|p1a: Camerupt|40\/100|[from] item: Sitrus Berry\n|move|p1a: Camerupt|Earth Power|p2a: Luxray\n|-supereffective|p2a: Luxray\n|-damage|p2a: Luxray|0 fnt\n|faint|p2a: Luxray\n|\n|upkeep\n|c|\u2606UncleKars|the gutsing. gutsers idk\n|\n|t:|1700247071\n|switch|p2a: Bastiodon|Bastiodon, F|84\/100\n|turn|6\n|\n|t:|1700247076\n|move|p1a: Camerupt|Earth Power|p2a: Bastiodon\n|-supereffective|p2a: Bastiodon\n|-damage|p2a: Bastiodon|0 fnt\n|faint|p2a: Bastiodon\n|\n|upkeep\n|c|\u2606cassinidivision|damn thought i could tank one\n|c| AutumnCookie|Gutsing gutsers...\n|\n|t:|1700247089\n|switch|p2a: Empoleon|Empoleon, M|100\/100\n|turn|7\n|\n|t:|1700247107\n|move|p2a: Empoleon|Flip Turn|p1a: Camerupt\n|-supereffective|p1a: Camerupt\n|-damage|p1a: Camerupt|0 fnt\n|faint|p1a: Camerupt\n|\n|t:|1700247115\n|switch|p2a: Lopunny|Lopunny, F|100\/100|[from] Flip Turn\n|\n|upkeep\n|\n|t:|1700247125\n|switch|p1a: Weezing|Weezing, M|100\/100\n|turn|8\n|\n|t:|1700247131\n|move|p2a: Lopunny|Fake Out|p1a: Weezing\n|-damage|p1a: Weezing|87\/100\n|cant|p1a: Weezing|flinch\n|\n|upkeep\n|turn|9\n|\n|t:|1700247141\n|move|p2a: Lopunny|Substitute|p2a: Lopunny\n|-start|p2a: Lopunny|Substitute\n|-damage|p2a: Lopunny|76\/100\n|move|p1a: Weezing|Sludge Bomb|p2a: Lopunny\n|-end|p2a: Lopunny|Substitute\n|-damage|p1a: Weezing|77\/100|[from] item: Life Orb\n|\n|-heal|p2a: Lopunny|82\/100|[from] item: Leftovers\n|upkeep\n|turn|10\n|\n|t:|1700247150\n|move|p2a: Lopunny|Drain Punch|p1a: Weezing\n|-resisted|p1a: Weezing\n|-damage|p1a: Weezing|68\/100\n|-heal|p2a: Lopunny|87\/100|[from] drain|[of] p1a: Weezing\n|move|p1a: Weezing|Sludge Bomb|p2a: Lopunny\n|-damage|p2a: Lopunny|24\/100\n|-damage|p1a: Weezing|59\/100|[from] item: Life Orb\n|\n|-heal|p2a: Lopunny|30\/100|[from] item: Leftovers\n|upkeep\n|turn|11\n|c|\u2606cassinidivision|POISON RESISTS FIGHTING???\n|c|\u2606UncleKars|okay stall lopunny\n|c|\u2606UncleKars|yeah\n|c|\u2606UncleKars|which is interesting\n|\n|t:|1700247178\n|move|p2a: Lopunny|U-turn|p1a: Weezing\n|-resisted|p1a: Weezing\n|-damage|p1a: Weezing|50\/100\n|\n|t:|1700247182\n|switch|p2a: Empoleon|Empoleon, M|100\/100|[from] U-turn\n|move|p1a: Weezing|Sludge Bomb|p2a: Empoleon\n|-immune|p2a: Empoleon\n|\n|upkeep\n|turn|12\n|\n|t:|1700247195\n|move|p2a: Empoleon|Surf|p1a: Weezing\n|-damage|p1a: Weezing|0 fnt\n|faint|p1a: Weezing\n|\n|upkeep\n|c|\u2606cassinidivision|i had no idea about that one\n|\n|t:|1700247214\n|switch|p1a: Mightyena|Mightyena, M|70\/100\n|-ability|p1a: Mightyena|Intimidate|boost\n|-unboost|p2a: Empoleon|atk|1\n|-ability|p2a: Empoleon|Competitive|boost\n|-boost|p2a: Empoleon|spa|2\n|turn|13\n|c|\u2606cassinidivision|learn something every day...\n|c|\u2606UncleKars|COMPETITIVE...\n|c|\u2606UncleKars|REALLY NEAT\n|c|\u2606cassinidivision|teeeheeeeee\n|c|\u2606UncleKars|forgot that's the HA\n|\n|t:|1700247236\n|move|p1a: Mightyena|Thunder Fang|p2a: Empoleon\n|-supereffective|p2a: Empoleon\n|-damage|p2a: Empoleon|67\/100\n|move|p2a: Empoleon|Surf|p1a: Mightyena\n|-damage|p1a: Mightyena|0 fnt\n|faint|p1a: Mightyena\n|\n|upkeep\n|c| AutumnCookie|Competitive was such a huge buff for Empoleon\n|c|\u2606cassinidivision|disgusting penguin\n|c|\u2606cassinidivision|i should get dawn an eiscue\n|\n|t:|1700247261\n|switch|p1a: Houndoom|Houndoom, M|100\/100\n|turn|14\n|c| AutumnCookie|Real\n|\n|t:|1700247268\n|detailschange|p1a: Houndoom|Houndoom-Mega, M\n|-mega|p1a: Houndoom|Houndoom|Houndoominite\n|move|p1a: Houndoom|Dark Pulse|p2a: Empoleon\n|-damage|p2a: Empoleon|28\/100\n|move|p2a: Empoleon|Surf|p1a: Houndoom\n|-supereffective|p1a: Houndoom\n|-damage|p1a: Houndoom|0 fnt\n|faint|p1a: Houndoom\n|\n|upkeep\n|c|\u2606UncleKars|empoleon sweep\n|\n|t:|1700247281\n|switch|p1a: Crobat|Crobat, M|100\/100\n|turn|15\n|\n|t:|1700247300\n|move|p1a: Crobat|Brave Bird|p2a: Empoleon\n|-resisted|p2a: Empoleon\n|-damage|p2a: Empoleon|6\/100\n|-damage|p1a: Crobat|91\/100|[from] Recoil\n|move|p2a: Empoleon|Surf|p1a: Crobat\n|-damage|p1a: Crobat|0 fnt\n|faint|p1a: Crobat\n|\n|upkeep\n|\n|t:|1700247309\n|switch|p1a: Aggron|Aggron, F|100\/100\n|turn|16\n|\n|t:|1700247315\n|move|p2a: Empoleon|Surf|p1a: Aggron\n|-supereffective|p1a: Aggron\n|-damage|p1a: Aggron|0 fnt\n|faint|p1a: Aggron\n|\n|win|cassinidivision\n|c| AutumnCookie|Empoleon too good...\n|c|\u2606cassinidivision|terrible penguin\n|c|\u2606UncleKars|competitive went crazy\n|c|\u2606cassinidivision|hes really dawns only amazing pokemon\n|c|\u2606cassinidivision|YEAH\n|c| AutumnCookie|IT WAS SUCH A MASSIVE BUFF\n|l| kpoc12\n|l| AutumnCookie\n","uploadtime":1700247405,"views":9,"p1id":"unclekars","p2id":"cassinidivision","formatid":"gen9nationaldexubers","rating":0,"private":0,"password":""}