{"id":"gen9nationaldexubers-1996320255","p1":"harmony6","p2":"Pex hater","format":"[Gen 9] National Dex Ubers","log":"|j|\u2606harmony6\n|j|\u2606Pex hater\n|t:|1700670840\n|gametype|singles\n|player|p1|harmony6|lass-gen4dp|\n|player|p2|Pex hater|265|\n|teamsize|p1|6\n|teamsize|p2|6\n|gen|9\n|tier|[Gen 9] National Dex Ubers\n|rule|HP Percentage Mod: HP is shown in percentages\n|rule|Endless Battle Clause: Forcing endless battles is banned\n|rule|OHKO Clause: OHKO moves are banned\n|rule|Evasion Moves Clause: Evasion moves are banned\n|rule|Evasion Items Clause: Evasion items are banned\n|rule|Species Clause: Limit one of each Pok\u00e9mon\n|rule|Sleep Clause Mod: Limit one foe put to sleep\n|rule|Mega Rayquaza Clause: You cannot mega evolve Rayquaza\n|clearpoke\n|poke|p1|Lopunny, F|\n|poke|p1|Gastrodon, M|\n|poke|p1|Skeledirge, F|\n|poke|p1|Muk-Alola, F|\n|poke|p1|Hatterene, F|\n|poke|p1|Ferrothorn, F|\n|poke|p2|Nidoking, M|\n|poke|p2|Crobat, F|\n|poke|p2|Slowking-Galar, F|\n|poke|p2|Toxapex, M|\n|poke|p2|Muk-Alola, M|\n|poke|p2|Venusaur, F|\n|teampreview\n|c|\u2606Pex hater|gl hf\n|\n|t:|1700670886\n|start\n|switch|p1a: Lopunny|Lopunny, F|100\/100\n|switch|p2a: Ebony Stem|Venusaur, F|100\/100\n|turn|1\n|\n|t:|1700670897\n|detailschange|p1a: Lopunny|Lopunny-Mega, F\n|-mega|p1a: Lopunny|Lopunny|Lopunnite\n|detailschange|p2a: Ebony Stem|Venusaur-Mega, F\n|-mega|p2a: Ebony Stem|Venusaur|Venusaurite\n|move|p1a: Lopunny|U-turn|p2a: Ebony Stem\n|-damage|p2a: Ebony Stem|85\/100\n|\n|t:|1700670901\n|switch|p1a: Ferrothorn|Ferrothorn, F|100\/100|[from] U-turn\n|move|p2a: Ebony Stem|Leech Seed|p1a: Ferrothorn\n|-immune|p1a: Ferrothorn\n|\n|upkeep\n|turn|2\n|\n|t:|1700670913\n|switch|p1a: Muk|Muk-Alola, F|100\/100\n|move|p2a: Ebony Stem|Hidden Power|p1a: Muk\n|-damage|p1a: Muk|94\/100\n|\n|upkeep\n|turn|3\n|\n|t:|1700670925\n|switch|p1a: Ferrothorn|Ferrothorn, F|100\/100\n|move|p2a: Ebony Stem|Leech Seed|p1a: Ferrothorn\n|-immune|p1a: Ferrothorn\n|\n|upkeep\n|turn|4\n|\n|t:|1700670947\n|move|p2a: Ebony Stem|Hidden Power|p1a: Ferrothorn\n|-supereffective|p1a: Ferrothorn\n|-damage|p1a: Ferrothorn|56\/100\n|move|p1a: Ferrothorn|Thunder Wave|p2a: Ebony Stem\n|-status|p2a: Ebony Stem|par\n|\n|-heal|p1a: Ferrothorn|62\/100|[from] item: Leftovers\n|upkeep\n|turn|5\n|\n|t:|1700670959\n|move|p2a: Ebony Stem|Hidden Power|p1a: Ferrothorn\n|-supereffective|p1a: Ferrothorn\n|-damage|p1a: Ferrothorn|23\/100\n|move|p1a: Ferrothorn|Stealth Rock|p2a: Ebony Stem\n|-sidestart|p2: Pex hater|move: Stealth Rock\n|\n|-heal|p1a: Ferrothorn|29\/100|[from] item: Leftovers\n|upkeep\n|turn|6\n|\n|t:|1700670965\n|switch|p1a: Muk|Muk-Alola, F|94\/100\n|cant|p2a: Ebony Stem|par\n|\n|upkeep\n|turn|7\n|\n|t:|1700670972\n|switch|p1a: Ferrothorn|Ferrothorn, F|29\/100\n|cant|p2a: Ebony Stem|par\n|\n|-heal|p1a: Ferrothorn|35\/100|[from] item: Leftovers\n|upkeep\n|turn|8\n|\n|t:|1700670981\n|switch|p1a: Hatterene|Hatterene, F|100\/100\n|move|p2a: Ebony Stem|Hidden Power|p1a: Hatterene\n|-damage|p1a: Hatterene|84\/100\n|\n|-heal|p1a: Hatterene|90\/100|[from] item: Leftovers\n|upkeep\n|turn|9\n|\n|t:|1700670987\n|switch|p2a: Impending Day|Slowking-Galar, F|100\/100\n|move|p1a: Hatterene|Draining Kiss|p2a: Impending Day\n|-resisted|p2a: Impending Day\n|-damage|p2a: Impending Day|94\/100\n|-heal|p1a: Hatterene|97\/100|[from] drain|[of] p2a: Impending Day\n|\n|-heal|p1a: Hatterene|100\/100|[from] item: Leftovers\n|upkeep\n|turn|10\n|\n|t:|1700670999\n|switch|p1a: Ferrothorn|Ferrothorn, F|35\/100\n|move|p2a: Impending Day|Chilly Reception|p2a: Impending Day\n|-weather|Snow\n|\n|t:|1700671022\n|switch|p2a: Punishing Bird|Crobat, F|100\/100|[from] Chilly Reception\n|\n|-weather|Snow|[upkeep]\n|-heal|p1a: Ferrothorn|41\/100|[from] item: Leftovers\n|upkeep\n|turn|11\n|inactive|Battle timer is ON: inactive players will automatically lose when time's up. (requested by harmony6)\n|\n|t:|1700671029\n|move|p2a: Punishing Bird|U-turn|p1a: Ferrothorn\n|-damage|p1a: Ferrothorn|30\/100\n|-damage|p2a: Punishing Bird|88\/100|[from] ability: Iron Barbs|[of] p1a: Ferrothorn\n|\n|t:|1700671033\n|switch|p2a: My Form Empties|Nidoking, M|100\/100|[from] U-turn\n|-damage|p2a: My Form Empties|95\/100|[from] Stealth Rock\n|move|p1a: Ferrothorn|Thunder Wave|p2a: My Form Empties\n|-immune|p2a: My Form Empties\n|\n|-weather|Snow|[upkeep]\n|-heal|p1a: Ferrothorn|36\/100|[from] item: Leftovers\n|upkeep\n|turn|12\n|c|\u2606harmony6|I hate this mon\n|inactive|harmony6 has 270 seconds left.\n|\n|t:|1700671066\n|switch|p1a: Gastrodon|Gastrodon, M|100\/100\n|move|p2a: My Form Empties|Earth Power|p1a: Gastrodon\n|-damage|p1a: Gastrodon|64\/100\n|\n|-weather|Snow|[upkeep]\n|-heal|p1a: Gastrodon|70\/100|[from] item: Leftovers\n|upkeep\n|turn|13\n|\n|t:|1700671076\n|switch|p2a: Punishing Bird|Crobat, F|88\/100\n|move|p1a: Gastrodon|Scald|p2a: Punishing Bird\n|-damage|p2a: Punishing Bird|60\/100\n|\n|-weather|Snow|[upkeep]\n|-heal|p1a: Gastrodon|76\/100|[from] item: Leftovers\n|upkeep\n|turn|14\n|\n|t:|1700671086\n|move|p2a: Punishing Bird|Defog|p1a: Gastrodon\n|-unboost|p1a: Gastrodon|evasion|1\n|-sideend|p2: Pex hater|Stealth Rock|[from] move: Defog|[of] p2a: Punishing Bird\n|move|p1a: Gastrodon|Scald|p2a: Punishing Bird\n|-damage|p2a: Punishing Bird|34\/100\n|\n|-weather|none\n|-heal|p1a: Gastrodon|82\/100|[from] item: Leftovers\n|upkeep\n|turn|15\n|\n|t:|1700671095\n|switch|p1a: Skeledirge|Skeledirge, F|100\/100\n|move|p2a: Punishing Bird|Roost|p2a: Punishing Bird\n|-heal|p2a: Punishing Bird|84\/100\n|-singleturn|p2a: Punishing Bird|move: Roost\n|\n|upkeep\n|turn|16\n|\n|t:|1700671100\n|move|p2a: Punishing Bird|U-turn|p1a: Skeledirge\n|-resisted|p1a: Skeledirge\n|-damage|p1a: Skeledirge|98\/100\n|\n|t:|1700671103\n|switch|p2a: Impending Day|Slowking-Galar, F|100\/100|[from] U-turn\n|move|p1a: Skeledirge|Will-O-Wisp|p2a: Impending Day\n|-status|p2a: Impending Day|brn\n|\n|-damage|p2a: Impending Day|94\/100 brn|[from] brn\n|upkeep\n|turn|17\n|\n|t:|1700671113\n|move|p1a: Skeledirge|Earth Power|p2a: Impending Day\n|-supereffective|p2a: Impending Day\n|-damage|p2a: Impending Day|69\/100 brn\n|move|p2a: Impending Day|Chilly Reception|p2a: Impending Day\n|-weather|Snow\n|\n|t:|1700671116\n|switch|p2a: Lifetime Stew|Muk-Alola, M|100\/100|[from] Chilly Reception\n|\n|-weather|Snow|[upkeep]\n|upkeep\n|turn|18\n|\n|t:|1700671120\n|move|p1a: Skeledirge|Will-O-Wisp|p2a: Lifetime Stew\n|-status|p2a: Lifetime Stew|brn\n|move|p2a: Lifetime Stew|Knock Off|p1a: Skeledirge\n|-supereffective|p1a: Skeledirge\n|-damage|p1a: Skeledirge|77\/100\n|-enditem|p1a: Skeledirge|Heavy-Duty Boots|[from] move: Knock Off|[of] p2a: Lifetime Stew\n|\n|-weather|Snow|[upkeep]\n|-damage|p2a: Lifetime Stew|94\/100 brn|[from] brn\n|upkeep\n|turn|19\n|\n|t:|1700671127\n|move|p1a: Skeledirge|Torch Song|p2a: Lifetime Stew\n|-damage|p2a: Lifetime Stew|83\/100 brn\n|-boost|p1a: Skeledirge|spa|1\n|move|p2a: Lifetime Stew|Knock Off|p1a: Skeledirge\n|-supereffective|p1a: Skeledirge\n|-damage|p1a: Skeledirge|62\/100\n|\n|-weather|Snow|[upkeep]\n|-damage|p2a: Lifetime Stew|77\/100 brn|[from] brn\n|upkeep\n|turn|20\n|\n|t:|1700671135\n|switch|p2a: Impending Day|Slowking-Galar, F|100\/100 brn\n|move|p1a: Skeledirge|Slack Off|p1a: Skeledirge\n|-heal|p1a: Skeledirge|100\/100\n|\n|-weather|Snow|[upkeep]\n|-damage|p2a: Impending Day|94\/100 brn|[from] brn\n|upkeep\n|turn|21\n|\n|t:|1700671139\n|move|p1a: Skeledirge|Earth Power|p2a: Impending Day\n|-supereffective|p2a: Impending Day\n|-damage|p2a: Impending Day|55\/100 brn\n|move|p2a: Impending Day|Chilly Reception|p2a: Impending Day\n|\n|t:|1700671142\n|switch|p2a: My Form Empties|Nidoking, M|95\/100|[from] Chilly Reception\n|\n|-weather|none\n|upkeep\n|turn|22\n|\n|t:|1700671147\n|switch|p1a: Gastrodon|Gastrodon, M|82\/100\n|move|p2a: My Form Empties|Earth Power|p1a: Gastrodon\n|-damage|p1a: Gastrodon|40\/100\n|\n|-heal|p1a: Gastrodon|47\/100|[from] item: Leftovers\n|upkeep\n|turn|23\n|\n|t:|1700671156\n|switch|p2a: Impending Day|Slowking-Galar, F|89\/100 brn\n|move|p1a: Gastrodon|Recover|p1a: Gastrodon\n|-heal|p1a: Gastrodon|97\/100\n|\n|-heal|p1a: Gastrodon|100\/100|[from] item: Leftovers\n|-damage|p2a: Impending Day|82\/100 brn|[from] brn\n|upkeep\n|turn|24\n|\n|t:|1700671160\n|move|p1a: Gastrodon|Spikes|p2a: Impending Day\n|-sidestart|p2: Pex hater|Spikes\n|move|p2a: Impending Day|Chilly Reception|p2a: Impending Day\n|-weather|Snow\n|\n|t:|1700671163\n|switch|p2a: Punishing Bird|Crobat, F|84\/100|[from] Chilly Reception\n|\n|-weather|Snow|[upkeep]\n|upkeep\n|turn|25\n|\n|t:|1700671166\n|move|p2a: Punishing Bird|Defog|p1a: Gastrodon\n|-unboost|p1a: Gastrodon|evasion|1\n|-sideend|p2: Pex hater|Spikes|[from] move: Defog|[of] p2a: Punishing Bird\n|move|p1a: Gastrodon|Scald|p2a: Punishing Bird\n|-damage|p2a: Punishing Bird|54\/100\n|\n|-weather|Snow|[upkeep]\n|upkeep\n|turn|26\n|\n|t:|1700671177\n|move|p2a: Punishing Bird|Roost|p2a: Punishing Bird\n|-heal|p2a: Punishing Bird|100\/100\n|-singleturn|p2a: Punishing Bird|move: Roost\n|move|p1a: Gastrodon|Scald|p2a: Punishing Bird\n|-damage|p2a: Punishing Bird|73\/100\n|-status|p2a: Punishing Bird|brn\n|\n|-weather|Snow|[upkeep]\n|-damage|p2a: Punishing Bird|67\/100 brn|[from] brn\n|upkeep\n|turn|27\n|\n|t:|1700671187\n|move|p2a: Punishing Bird|U-turn|p1a: Gastrodon\n|-damage|p1a: Gastrodon|92\/100\n|\n|t:|1700671198\n|switch|p2a: Impending Day|Slowking-Galar, F|100\/100 brn|[from] U-turn\n|move|p1a: Gastrodon|Scald|p2a: Impending Day\n|-damage|p2a: Impending Day|85\/100 brn\n|\n|-weather|Snow|[upkeep]\n|-heal|p1a: Gastrodon|99\/100|[from] item: Leftovers\n|-damage|p2a: Impending Day|79\/100 brn|[from] brn\n|upkeep\n|turn|28\n|\n|t:|1700671206\n|move|p1a: Gastrodon|Spikes|p2a: Impending Day\n|-sidestart|p2: Pex hater|Spikes\n|move|p2a: Impending Day|Future Sight|p1a: Gastrodon\n|-start|p2a: Impending Day|move: Future Sight\n|\n|-weather|none\n|-heal|p1a: Gastrodon|100\/100|[from] item: Leftovers\n|-damage|p2a: Impending Day|73\/100 brn|[from] brn\n|upkeep\n|turn|29\n|\n|t:|1700671209\n|switch|p1a: Muk|Muk-Alola, F|94\/100\n|move|p2a: Impending Day|Sludge Bomb|p1a: Muk\n|-resisted|p1a: Muk\n|-damage|p1a: Muk|87\/100\n|\n|-damage|p2a: Impending Day|67\/100 brn|[from] brn\n|upkeep\n|turn|30\n|\n|t:|1700671216\n|move|p1a: Muk|Pursuit|p2a: Impending Day\n|-supereffective|p2a: Impending Day\n|-damage|p2a: Impending Day|37\/100 brn\n|move|p2a: Impending Day|Chilly Reception|p2a: Impending Day\n|-weather|Snow\n|\n|t:|1700671224\n|switch|p2a: Lifetime Stew|Muk-Alola, M|77\/100 brn|[from] Chilly Reception\n|-damage|p2a: Lifetime Stew|65\/100 brn|[from] Spikes\n|\n|-weather|Snow|[upkeep]\n|-end|p1a: Muk|move: Future Sight\n|-immune|p1a: Muk\n|-damage|p2a: Lifetime Stew|59\/100 brn|[from] brn\n|upkeep\n|turn|31\n|\n|t:|1700671234\n|switch|p1a: Skeledirge|Skeledirge, F|100\/100\n|move|p2a: Lifetime Stew|Knock Off|p1a: Skeledirge\n|-supereffective|p1a: Skeledirge\n|-damage|p1a: Skeledirge|85\/100\n|-status|p1a: Skeledirge|psn|[from] ability: Poison Touch|[of] p2a: Lifetime Stew\n|\n|-weather|Snow|[upkeep]\n|-damage|p1a: Skeledirge|73\/100 psn|[from] psn\n|-damage|p2a: Lifetime Stew|53\/100 brn|[from] brn\n|upkeep\n|turn|32\n|\n|t:|1700671246\n|switch|p2a: Impending Day|Slowking-Galar, F|71\/100 brn\n|move|p1a: Skeledirge|Torch Song|p2a: Impending Day\n|-damage|p2a: Impending Day|54\/100 brn\n|-boost|p1a: Skeledirge|spa|1\n|\n|-weather|Snow|[upkeep]\n|-damage|p1a: Skeledirge|60\/100 psn|[from] psn\n|-damage|p2a: Impending Day|48\/100 brn|[from] brn\n|upkeep\n|turn|33\n|\n|t:|1700671255\n|move|p1a: Skeledirge|Earth Power|p2a: Impending Day\n|-supereffective|p2a: Impending Day\n|-damage|p2a: Impending Day|11\/100 brn\n|move|p2a: Impending Day|Chilly Reception|p2a: Impending Day\n|\n|t:|1700671259\n|switch|p2a: My Form Empties|Nidoking, M|95\/100|[from] Chilly Reception\n|-damage|p2a: My Form Empties|82\/100|[from] Spikes\n|\n|-weather|Snow|[upkeep]\n|-damage|p1a: Skeledirge|48\/100 psn|[from] psn\n|upkeep\n|turn|34\n|\n|t:|1700671263\n|switch|p1a: Gastrodon|Gastrodon, M|100\/100\n|move|p2a: My Form Empties|Earth Power|p1a: Gastrodon\n|-damage|p1a: Gastrodon|61\/100\n|\n|-weather|none\n|-heal|p1a: Gastrodon|67\/100|[from] item: Leftovers\n|upkeep\n|turn|35\n|\n|t:|1700671267\n|switch|p2a: Punishing Bird|Crobat, F|67\/100 brn\n|move|p1a: Gastrodon|Recover|p1a: Gastrodon\n|-heal|p1a: Gastrodon|100\/100\n|\n|-damage|p2a: Punishing Bird|61\/100 brn|[from] brn\n|upkeep\n|turn|36\n|\n|t:|1700671277\n|switch|p1a: Ferrothorn|Ferrothorn, F|36\/100\n|move|p2a: Punishing Bird|Defog|p1a: Ferrothorn\n|-unboost|p1a: Ferrothorn|evasion|1\n|-sideend|p2: Pex hater|Spikes|[from] move: Defog|[of] p2a: Punishing Bird\n|\n|-heal|p1a: Ferrothorn|42\/100|[from] item: Leftovers\n|-damage|p2a: Punishing Bird|55\/100 brn|[from] brn\n|upkeep\n|turn|37\n|\n|t:|1700671286\n|move|p2a: Punishing Bird|U-turn|p1a: Ferrothorn\n|-damage|p1a: Ferrothorn|36\/100\n|-damage|p2a: Punishing Bird|42\/100 brn|[from] ability: Iron Barbs|[of] p1a: Ferrothorn\n|\n|t:|1700671289\n|switch|p2a: Ebony Stem|Venusaur-Mega, F|85\/100 par|[from] U-turn\n|move|p1a: Ferrothorn|Iron Head|p2a: Ebony Stem\n|-damage|p2a: Ebony Stem|70\/100 par\n|\n|-heal|p1a: Ferrothorn|42\/100|[from] item: Leftovers\n|upkeep\n|turn|38\n|\n|t:|1700671296\n|switch|p1a: Skeledirge|Skeledirge, F|48\/100 psn\n|move|p2a: Ebony Stem|Giga Drain|p1a: Skeledirge\n|-resisted|p1a: Skeledirge\n|-damage|p1a: Skeledirge|30\/100 psn\n|-heal|p2a: Ebony Stem|80\/100 par|[from] drain|[of] p1a: Skeledirge\n|\n|-damage|p1a: Skeledirge|18\/100 psn|[from] psn\n|upkeep\n|turn|39\n|\n|t:|1700671300\n|switch|p2a: Lifetime Stew|Muk-Alola, M|53\/100 brn\n|move|p1a: Skeledirge|Slack Off|p1a: Skeledirge\n|-heal|p1a: Skeledirge|68\/100 psn\n|\n|-damage|p1a: Skeledirge|56\/100 psn|[from] psn\n|-damage|p2a: Lifetime Stew|47\/100 brn|[from] brn\n|upkeep\n|turn|40\n|\n|t:|1700671304\n|switch|p2a: Impending Day|Slowking-Galar, F|44\/100 brn\n|move|p1a: Skeledirge|Earth Power|p2a: Impending Day\n|-supereffective|p2a: Impending Day\n|-damage|p2a: Impending Day|19\/100 brn\n|\n|-damage|p1a: Skeledirge|43\/100 psn|[from] psn\n|-damage|p2a: Impending Day|12\/100 brn|[from] brn\n|upkeep\n|turn|41\n|\n|t:|1700671308\n|switch|p2a: Lifetime Stew|Muk-Alola, M|47\/100 brn\n|move|p1a: Skeledirge|Torch Song|p2a: Lifetime Stew\n|-damage|p2a: Lifetime Stew|35\/100 brn\n|-boost|p1a: Skeledirge|spa|1\n|\n|-damage|p1a: Skeledirge|31\/100 psn|[from] psn\n|-damage|p2a: Lifetime Stew|29\/100 brn|[from] brn\n|upkeep\n|turn|42\n|\n|t:|1700671314\n|move|p1a: Skeledirge|Slack Off|p1a: Skeledirge\n|-heal|p1a: Skeledirge|81\/100 psn\n|move|p2a: Lifetime Stew|Knock Off|p1a: Skeledirge\n|-supereffective|p1a: Skeledirge\n|-damage|p1a: Skeledirge|65\/100 psn\n|\n|-damage|p1a: Skeledirge|53\/100 psn|[from] psn\n|-damage|p2a: Lifetime Stew|23\/100 brn|[from] brn\n|upkeep\n|turn|43\n|\n|t:|1700671319\n|move|p1a: Skeledirge|Torch Song|p2a: Lifetime Stew\n|-damage|p2a: Lifetime Stew|4\/100 brn\n|-boost|p1a: Skeledirge|spa|1\n|move|p2a: Lifetime Stew|Knock Off|p1a: Skeledirge\n|-supereffective|p1a: Skeledirge\n|-damage|p1a: Skeledirge|39\/100 psn\n|\n|-damage|p1a: Skeledirge|27\/100 psn|[from] psn\n|-damage|p2a: Lifetime Stew|0 fnt|[from] brn\n|faint|p2a: Lifetime Stew\n|upkeep\n|\n|t:|1700671325\n|switch|p2a: My Form Empties|Nidoking, M|82\/100\n|turn|44\n|\n|t:|1700671336\n|switch|p1a: Gastrodon|Gastrodon, M|100\/100\n|move|p2a: My Form Empties|Earth Power|p1a: Gastrodon\n|-damage|p1a: Gastrodon|61\/100\n|\n|-heal|p1a: Gastrodon|67\/100|[from] item: Leftovers\n|upkeep\n|turn|45\n|\n|t:|1700671344\n|switch|p2a: Fluid Sac|Toxapex, M|100\/100\n|move|p1a: Gastrodon|Recover|p1a: Gastrodon\n|-heal|p1a: Gastrodon|100\/100\n|\n|upkeep\n|turn|46\n|\n|t:|1700671348\n|switch|p1a: Skeledirge|Skeledirge, F|27\/100 psn\n|move|p2a: Fluid Sac|Scald|p1a: Skeledirge\n|-supereffective|p1a: Skeledirge\n|-damage|p1a: Skeledirge|0 fnt\n|faint|p1a: Skeledirge\n|\n|upkeep\n|c|\u2606harmony6|Oof\n|\n|t:|1700671362\n|switch|p1a: Hatterene|Hatterene, F|100\/100\n|turn|47\n|\n|t:|1700671367\n|switch|p2a: My Form Empties|Nidoking, M|82\/100\n|move|p1a: Hatterene|Psychic|p2a: My Form Empties\n|-supereffective|p2a: My Form Empties\n|-damage|p2a: My Form Empties|0 fnt\n|faint|p2a: My Form Empties\n|\n|upkeep\n|c|\u2606Pex hater|[Invalid choice] There's nothing to cancel\n|c|\u2606Pex hater|[Invalid choice] There's nothing to cancel\n|c|\u2606Pex hater|[Invalid choice] There's nothing to cancel\n|c|\u2606Pex hater|[Invalid choice] There's nothing to cancel\n|c|\u2606Pex hater|very cool\n|c|\u2606harmony6|Misclick?\n|c|\u2606Pex hater|yes\n|c|\u2606Pex hater|gg\n|-message|Pex hater forfeited.\n|\n|win|harmony6\n|c|\u2606harmony6|rip\n|l|\u2606Pex hater\n|j|\u2606Pex hater\n|player|p2|Pex hater|265\n","uploadtime":1700671392,"views":6,"p1id":"harmony6","p2id":"pexhater","formatid":"gen9nationaldexubers","rating":0,"private":0,"password":""}