{"id":"gen9nationaldexubers-1986804357","p1":"Szymszym134","p2":"zomboks134","format":"[Gen 9] National Dex Ubers","log":"|j|\u2606Szymszym134\n|j|\u2606zomboks134\n|t:|1699527741\n|gametype|singles\n|player|p1|Szymszym134|elesa|1646\n|player|p2|zomboks134|pokemaniac|1620\n|teamsize|p1|6\n|teamsize|p2|6\n|gen|9\n|tier|[Gen 9] National Dex Ubers\n|rated|\n|rule|HP Percentage Mod: HP is shown in percentages\n|rule|Endless Battle Clause: Forcing endless battles is banned\n|rule|OHKO Clause: OHKO moves are banned\n|rule|Evasion Moves Clause: Evasion moves are banned\n|rule|Evasion Items Clause: Evasion items are banned\n|rule|Species Clause: Limit one of each Pok\u00e9mon\n|rule|Sleep Clause Mod: Limit one foe put to sleep\n|rule|Mega Rayquaza Clause: You cannot mega evolve Rayquaza\n|clearpoke\n|poke|p1|Mewtwo|\n|poke|p1|Kingambit, F|\n|poke|p1|Garganacl, F|\n|poke|p1|Arceus-Ground|\n|poke|p1|Ditto|\n|poke|p1|Kyurem-Black|\n|poke|p2|Garganacl, M|\n|poke|p2|Kingambit, F|\n|poke|p2|Ditto|\n|poke|p2|Mewtwo|\n|poke|p2|Arceus-Ground|\n|poke|p2|Ho-Oh|\n|teampreview\n|inactive|Battle timer is ON: inactive players will automatically lose when time's up. (requested by zomboks134)\n|inactive|Szymszym134 also wants the timer to be on.\n|\n|t:|1699527761\n|start\n|switch|p1a: Arceus|Arceus-Ground|100\/100\n|switch|p2a: Arceus|Arceus-Ground|100\/100\n|turn|1\n|\n|t:|1699527764\n|move|p1a: Arceus|Judgment|p2a: Arceus\n|-damage|p2a: Arceus|69\/100\n|move|p2a: Arceus|Taunt|p1a: Arceus\n|-start|p1a: Arceus|move: Taunt\n|\n|upkeep\n|turn|2\n|\n|t:|1699527768\n|move|p2a: Arceus|Toxic|p1a: Arceus\n|-status|p1a: Arceus|tox\n|move|p1a: Arceus|Judgment|p2a: Arceus\n|-damage|p2a: Arceus|39\/100\n|\n|-damage|p1a: Arceus|94\/100 tox|[from] psn\n|upkeep\n|turn|3\n|\n|t:|1699527774\n|switch|p1a: Kyurem|Kyurem-Black|100\/100\n|-ability|p1a: Kyurem|Teravolt\n|move|p2a: Arceus|Recover|p2a: Arceus\n|-heal|p2a: Arceus|89\/100\n|\n|upkeep\n|turn|4\n|\n|t:|1699527782\n|move|p2a: Arceus|Toxic|p1a: Kyurem\n|-status|p1a: Kyurem|tox\n|move|p1a: Kyurem|Substitute|p1a: Kyurem\n|-start|p1a: Kyurem|Substitute\n|-damage|p1a: Kyurem|76\/100 tox\n|\n|-damage|p1a: Kyurem|70\/100 tox|[from] psn\n|upkeep\n|turn|5\n|\n|t:|1699527789\n|move|p2a: Arceus|Taunt|p1a: Kyurem\n|-start|p1a: Kyurem|move: Taunt\n|cant|p1a: Kyurem|move: Taunt|Dragon Dance\n|\n|-damage|p1a: Kyurem|57\/100 tox|[from] psn\n|upkeep\n|turn|6\n|\n|t:|1699527797\n|move|p2a: Arceus|Judgment|p1a: Kyurem\n|-end|p1a: Kyurem|Substitute\n|move|p1a: Kyurem|Icicle Spear|p2a: Arceus\n|-supereffective|p2a: Arceus\n|-damage|p2a: Arceus|66\/100\n|-supereffective|p2a: Arceus\n|-damage|p2a: Arceus|41\/100\n|-supereffective|p2a: Arceus\n|-crit|p2a: Arceus\n|-damage|p2a: Arceus|3\/100\n|-supereffective|p2a: Arceus\n|-damage|p2a: Arceus|0 fnt\n|faint|p2a: Arceus\n|-hitcount|p2: Arceus|4\n|-damage|p1a: Kyurem|47\/100 tox|[from] item: Life Orb\n|\n|-damage|p1a: Kyurem|29\/100 tox|[from] psn\n|upkeep\n|\n|t:|1699527813\n|switch|p2a: Mewtwo|Mewtwo|100\/100\n|-ability|p2a: Mewtwo|Pressure\n|turn|7\n|\n|t:|1699527824\n|switch|p1a: Arceus|Arceus-Ground|94\/100 tox\n|detailschange|p2a: Mewtwo|Mewtwo-Mega-Y\n|-mega|p2a: Mewtwo|Mewtwo|Mewtwonite Y\n|move|p2a: Mewtwo|Ice Beam|p1a: Arceus\n|-supereffective|p1a: Arceus\n|-damage|p1a: Arceus|42\/100 tox\n|\n|-damage|p1a: Arceus|36\/100 tox|[from] psn\n|upkeep\n|turn|8\n|\n|t:|1699527829\n|switch|p1a: Garganacl|Garganacl, F|100\/100\n|move|p2a: Mewtwo|Ice Beam|p1a: Garganacl\n|-damage|p1a: Garganacl|66\/100\n|\n|-heal|p1a: Garganacl|72\/100|[from] item: Leftovers\n|upkeep\n|turn|9\n|\n|t:|1699527839\n|switch|p2a: Garganacl|Garganacl, M|100\/100\n|move|p1a: Garganacl|Salt Cure|p2a: Garganacl\n|-damage|p2a: Garganacl|93\/100\n|-start|p2a: Garganacl|Salt Cure\n|\n|-heal|p1a: Garganacl|78\/100|[from] item: Leftovers\n|-heal|p2a: Garganacl|99\/100|[from] item: Leftovers\n|-damage|p2a: Garganacl|87\/100|[from] Salt Cure\n|upkeep\n|turn|10\n|\n|t:|1699527842\n|move|p1a: Garganacl|Protect|p1a: Garganacl\n|-singleturn|p1a: Garganacl|Protect\n|move|p2a: Garganacl|Salt Cure|p1a: Garganacl\n|-activate|p1a: Garganacl|move: Protect\n|\n|-heal|p1a: Garganacl|85\/100|[from] item: Leftovers\n|-heal|p2a: Garganacl|93\/100|[from] item: Leftovers\n|-damage|p2a: Garganacl|81\/100|[from] Salt Cure\n|upkeep\n|turn|11\n|\n|t:|1699527845\n|move|p2a: Garganacl|Salt Cure|p1a: Garganacl\n|-damage|p1a: Garganacl|76\/100\n|-start|p1a: Garganacl|Salt Cure\n|move|p1a: Garganacl|Stealth Rock|p2a: Garganacl\n|-sidestart|p2: zomboks134|move: Stealth Rock\n|\n|-heal|p1a: Garganacl|82\/100|[from] item: Leftovers\n|-heal|p2a: Garganacl|87\/100|[from] item: Leftovers\n|-damage|p1a: Garganacl|70\/100|[from] Salt Cure\n|-damage|p2a: Garganacl|75\/100|[from] Salt Cure\n|upkeep\n|turn|12\n|\n|t:|1699527849\n|switch|p1a: Arceus|Arceus-Ground|36\/100 tox\n|move|p2a: Garganacl|Stealth Rock|p1a: Arceus\n|-sidestart|p1: Szymszym134|move: Stealth Rock\n|\n|-heal|p2a: Garganacl|81\/100|[from] item: Leftovers\n|-damage|p1a: Arceus|30\/100 tox|[from] psn\n|-damage|p2a: Garganacl|68\/100|[from] Salt Cure\n|upkeep\n|turn|13\n|\n|t:|1699527855\n|switch|p2a: Ho-Oh|Ho-Oh|100\/100\n|move|p1a: Arceus|Recover|p1a: Arceus\n|-heal|p1a: Arceus|80\/100 tox\n|\n|-damage|p1a: Arceus|67\/100 tox|[from] psn\n|upkeep\n|turn|14\n|\n|t:|1699527858\n|move|p1a: Arceus|Toxic|p2a: Ho-Oh\n|-status|p2a: Ho-Oh|tox\n|move|p2a: Ho-Oh|Sacred Fire|p1a: Arceus|[miss]\n|-miss|p2a: Ho-Oh|p1a: Arceus\n|\n|-damage|p1a: Arceus|49\/100 tox|[from] psn\n|-damage|p2a: Ho-Oh|94\/100 tox|[from] psn\n|upkeep\n|turn|15\n|\n|t:|1699527864\n|move|p1a: Arceus|Recover|p1a: Arceus\n|-heal|p1a: Arceus|99\/100 tox\n|move|p2a: Ho-Oh|Sacred Fire|p1a: Arceus\n|-damage|p1a: Arceus|75\/100 tox\n|\n|-damage|p1a: Arceus|51\/100 tox|[from] psn\n|-damage|p2a: Ho-Oh|82\/100 tox|[from] psn\n|upkeep\n|turn|16\n|\n|t:|1699527869\n|switch|p1a: Garganacl|Garganacl, F|70\/100\n|-damage|p1a: Garganacl|58\/100|[from] Stealth Rock\n|move|p2a: Ho-Oh|Whirlwind|p1a: Garganacl\n|drag|p1a: Arceus|Arceus-Ground|51\/100 tox\n|-damage|p1a: Arceus|45\/100 tox|[from] Stealth Rock\n|\n|-damage|p1a: Arceus|39\/100 tox|[from] psn\n|-damage|p2a: Ho-Oh|64\/100 tox|[from] psn\n|upkeep\n|turn|17\n|\n|t:|1699527873\n|move|p1a: Arceus|Recover|p1a: Arceus\n|-heal|p1a: Arceus|89\/100 tox\n|move|p2a: Ho-Oh|Defog|p1a: Arceus\n|-unboost|p1a: Arceus|evasion|1\n|-sideend|p1: Szymszym134|Stealth Rock|[from] move: Defog|[of] p2a: Ho-Oh\n|-sideend|p2: zomboks134|Stealth Rock|[from] move: Defog|[of] p2a: Ho-Oh\n|\n|-damage|p1a: Arceus|77\/100 tox|[from] psn\n|-damage|p2a: Ho-Oh|40\/100 tox|[from] psn\n|upkeep\n|turn|18\n|\n|t:|1699527893\n|move|p1a: Arceus|Judgment|p2a: Ho-Oh\n|-immune|p2a: Ho-Oh\n|move|p2a: Ho-Oh|Whirlwind|p1a: Arceus\n|drag|p1a: Garganacl|Garganacl, F|58\/100\n|\n|-heal|p1a: Garganacl|64\/100|[from] item: Leftovers\n|-damage|p2a: Ho-Oh|10\/100 tox|[from] psn\n|upkeep\n|turn|19\n|\n|t:|1699527899\n|move|p2a: Ho-Oh|Toxic|p1a: Garganacl\n|-immune|p1a: Garganacl|[from] ability: Purifying Salt\n|move|p1a: Garganacl|Salt Cure|p2a: Ho-Oh\n|-supereffective|p2a: Ho-Oh\n|-damage|p2a: Ho-Oh|0 fnt\n|faint|p2a: Ho-Oh\n|\n|-heal|p1a: Garganacl|70\/100|[from] item: Leftovers\n|upkeep\n|\n|t:|1699527906\n|switch|p2a: Garganacl|Garganacl, M|68\/100\n|turn|20\n|\n|t:|1699527911\n|move|p1a: Garganacl|Salt Cure|p2a: Garganacl\n|-damage|p2a: Garganacl|61\/100\n|-start|p2a: Garganacl|Salt Cure\n|move|p2a: Garganacl|Salt Cure|p1a: Garganacl\n|-damage|p1a: Garganacl|63\/100\n|-start|p1a: Garganacl|Salt Cure\n|\n|-heal|p1a: Garganacl|69\/100|[from] item: Leftovers\n|-heal|p2a: Garganacl|67\/100|[from] item: Leftovers\n|-damage|p1a: Garganacl|57\/100|[from] Salt Cure\n|-damage|p2a: Garganacl|54\/100|[from] Salt Cure\n|upkeep\n|turn|21\n|\n|t:|1699527925\n|move|p2a: Garganacl|Recover|p2a: Garganacl\n|-heal|p2a: Garganacl|100\/100\n|move|p1a: Garganacl|Stealth Rock|p2a: Garganacl\n|-sidestart|p2: zomboks134|move: Stealth Rock\n|\n|-heal|p1a: Garganacl|63\/100|[from] item: Leftovers\n|-damage|p2a: Garganacl|88\/100|[from] Salt Cure\n|-damage|p1a: Garganacl|51\/100|[from] Salt Cure\n|upkeep\n|turn|22\n|\n|t:|1699527935\n|move|p1a: Garganacl|Recover|p1a: Garganacl\n|-heal|p1a: Garganacl|100\/100\n|move|p2a: Garganacl|Stealth Rock|p1a: Garganacl\n|-sidestart|p1: Szymszym134|move: Stealth Rock\n|\n|-heal|p2a: Garganacl|94\/100|[from] item: Leftovers\n|-damage|p2a: Garganacl|82\/100|[from] Salt Cure\n|-damage|p1a: Garganacl|88\/100|[from] Salt Cure\n|upkeep\n|turn|23\n|\n|t:|1699527941\n|switch|p1a: Arceus|Arceus-Ground|77\/100 tox\n|-damage|p1a: Arceus|71\/100 tox|[from] Stealth Rock\n|move|p2a: Garganacl|Recover|p2a: Garganacl\n|-heal|p2a: Garganacl|100\/100\n|\n|-damage|p1a: Arceus|64\/100 tox|[from] psn\n|-damage|p2a: Garganacl|88\/100|[from] Salt Cure\n|upkeep\n|turn|24\n|\n|t:|1699527946\n|move|p2a: Garganacl|Protect|p2a: Garganacl\n|-singleturn|p2a: Garganacl|Protect\n|move|p1a: Arceus|Judgment|p2a: Garganacl\n|-activate|p2a: Garganacl|move: Protect\n|\n|-heal|p2a: Garganacl|94\/100|[from] item: Leftovers\n|-damage|p1a: Arceus|52\/100 tox|[from] psn\n|-damage|p2a: Garganacl|82\/100|[from] Salt Cure\n|upkeep\n|turn|25\n|\n|t:|1699527951\n|switch|p2a: Mewtwo|Mewtwo-Mega-Y|100\/100\n|-damage|p2a: Mewtwo|88\/100|[from] Stealth Rock\n|move|p1a: Arceus|Judgment|p2a: Mewtwo\n|-damage|p2a: Mewtwo|45\/100\n|\n|-damage|p1a: Arceus|34\/100 tox|[from] psn\n|upkeep\n|turn|26\n|\n|t:|1699527960\n|switch|p1a: Garganacl|Garganacl, F|88\/100\n|-damage|p1a: Garganacl|76\/100|[from] Stealth Rock\n|move|p2a: Mewtwo|Ice Beam|p1a: Garganacl\n|-damage|p1a: Garganacl|43\/100\n|\n|-heal|p1a: Garganacl|49\/100|[from] item: Leftovers\n|upkeep\n|turn|27\n|\n|t:|1699527966\n|move|p1a: Garganacl|Protect|p1a: Garganacl\n|-singleturn|p1a: Garganacl|Protect\n|move|p2a: Mewtwo|Psystrike|p1a: Garganacl\n|-activate|p1a: Garganacl|move: Protect\n|\n|-heal|p1a: Garganacl|55\/100|[from] item: Leftovers\n|upkeep\n|turn|28\n|\n|t:|1699527969\n|move|p2a: Mewtwo|Psystrike|p1a: Garganacl\n|-damage|p1a: Garganacl|17\/100\n|move|p1a: Garganacl|Salt Cure|p2a: Mewtwo\n|-damage|p2a: Mewtwo|27\/100\n|-start|p2a: Mewtwo|Salt Cure\n|\n|-heal|p1a: Garganacl|23\/100|[from] item: Leftovers\n|-damage|p2a: Mewtwo|15\/100|[from] Salt Cure\n|upkeep\n|turn|29\n|\n|t:|1699527978\n|switch|p2a: Ditto|Ditto|100\/100\n|-damage|p2a: Ditto|88\/100|[from] Stealth Rock\n|-transform|p2a: Ditto|p1a: Garganacl|[from] ability: Imposter\n|move|p1a: Garganacl|Protect||[still]\n|-fail|p1a: Garganacl\n|\n|-heal|p1a: Garganacl|29\/100|[from] item: Leftovers\n|upkeep\n|turn|30\n|\n|t:|1699527998\n|move|p2a: Ditto|Salt Cure|p1a: Garganacl\n|-crit|p1a: Garganacl\n|-damage|p1a: Garganacl|19\/100\n|-start|p1a: Garganacl|Salt Cure\n|move|p1a: Garganacl|Recover|p1a: Garganacl\n|-heal|p1a: Garganacl|69\/100\n|\n|-heal|p1a: Garganacl|75\/100|[from] item: Leftovers\n|-damage|p1a: Garganacl|63\/100|[from] Salt Cure\n|upkeep\n|turn|31\n|\n|t:|1699528022\n|switch|p2a: Kingambit|Kingambit, F|100\/100\n|-damage|p2a: Kingambit|94\/100|[from] Stealth Rock\n|-activate|p2a: Kingambit|ability: Supreme Overlord\n|-start|p2a: Kingambit|fallen2|[silent]\n|move|p1a: Garganacl|Salt Cure|p2a: Kingambit\n|-resisted|p2a: Kingambit\n|-damage|p2a: Kingambit|89\/100\n|-start|p2a: Kingambit|Salt Cure\n|\n|-heal|p1a: Garganacl|69\/100|[from] item: Leftovers\n|-damage|p2a: Kingambit|64\/100|[from] Salt Cure\n|-damage|p1a: Garganacl|57\/100|[from] Salt Cure\n|upkeep\n|turn|32\n|\n|t:|1699528029\n|move|p1a: Garganacl|Protect|p1a: Garganacl\n|-singleturn|p1a: Garganacl|Protect\n|move|p2a: Kingambit|Knock Off|p1a: Garganacl\n|-activate|p1a: Garganacl|move: Protect\n|\n|-heal|p1a: Garganacl|63\/100|[from] item: Leftovers\n|-damage|p2a: Kingambit|39\/100|[from] Salt Cure\n|-damage|p1a: Garganacl|50\/100|[from] Salt Cure\n|upkeep\n|turn|33\n|\n|t:|1699528041\n|switch|p1a: Kyurem|Kyurem-Black|29\/100 tox\n|-damage|p1a: Kyurem|4\/100 tox|[from] Stealth Rock\n|-ability|p1a: Kyurem|Teravolt\n|move|p2a: Kingambit|Knock Off|p1a: Kyurem\n|-damage|p1a: Kyurem|0 fnt\n|-enditem|p1a: Kyurem|Life Orb|[from] move: Knock Off|[of] p2a: Kingambit\n|faint|p1a: Kyurem\n|\n|-damage|p2a: Kingambit|14\/100|[from] Salt Cure\n|upkeep\n|\n|t:|1699528055\n|switch|p1a: Ditto|Ditto|100\/100\n|-damage|p1a: Ditto|88\/100|[from] Stealth Rock\n|-transform|p1a: Ditto|p2a: Kingambit|[from] ability: Imposter\n|-activate|p1a: Ditto|ability: Supreme Overlord\n|-start|p1a: Ditto|fallen1|[silent]\n|turn|34\n|\n|t:|1699528064\n|-end|p2a: Kingambit|fallen2|[silent]\n|switch|p2a: Garganacl|Garganacl, M|82\/100\n|-damage|p2a: Garganacl|70\/100|[from] Stealth Rock\n|move|p1a: Ditto|Knock Off|p2a: Garganacl\n|-damage|p2a: Garganacl|40\/100\n|-enditem|p2a: Garganacl|Leftovers|[from] move: Knock Off|[of] p1a: Ditto\n|\n|upkeep\n|turn|35\n|\n|t:|1699528071\n|-end|p1a: Ditto|fallen1|[silent]\n|switch|p1a: Garganacl|Garganacl, F|50\/100\n|-damage|p1a: Garganacl|38\/100|[from] Stealth Rock\n|move|p2a: Garganacl|Salt Cure|p1a: Garganacl\n|-damage|p1a: Garganacl|31\/100\n|-start|p1a: Garganacl|Salt Cure\n|\n|-heal|p1a: Garganacl|37\/100|[from] item: Leftovers\n|-damage|p1a: Garganacl|25\/100|[from] Salt Cure\n|upkeep\n|turn|36\n|\n|t:|1699528080\n|move|p2a: Garganacl|Protect|p2a: Garganacl\n|-singleturn|p2a: Garganacl|Protect\n|move|p1a: Garganacl|Recover|p1a: Garganacl\n|-heal|p1a: Garganacl|75\/100\n|\n|-heal|p1a: Garganacl|81\/100|[from] item: Leftovers\n|-damage|p1a: Garganacl|68\/100|[from] Salt Cure\n|upkeep\n|turn|37\n|\n|t:|1699528083\n|move|p1a: Garganacl|Salt Cure|p2a: Garganacl\n|-damage|p2a: Garganacl|33\/100\n|-start|p2a: Garganacl|Salt Cure\n|move|p2a: Garganacl|Recover|p2a: Garganacl\n|-heal|p2a: Garganacl|83\/100\n|\n|-heal|p1a: Garganacl|75\/100|[from] item: Leftovers\n|-damage|p2a: Garganacl|70\/100|[from] Salt Cure\n|-damage|p1a: Garganacl|62\/100|[from] Salt Cure\n|upkeep\n|turn|38\n|\n|t:|1699528105\n|switch|p1a: Arceus|Arceus-Ground|34\/100 tox\n|-damage|p1a: Arceus|28\/100 tox|[from] Stealth Rock\n|move|p2a: Garganacl|Recover|p2a: Garganacl\n|-heal|p2a: Garganacl|100\/100\n|\n|-damage|p1a: Arceus|22\/100 tox|[from] psn\n|-damage|p2a: Garganacl|88\/100|[from] Salt Cure\n|upkeep\n|turn|39\n|\n|t:|1699528112\n|-terastallize|p2a: Garganacl|Flying\n|move|p1a: Arceus|Judgment|p2a: Garganacl\n|-immune|p2a: Garganacl\n|move|p2a: Garganacl|Salt Cure|p1a: Arceus\n|-resisted|p1a: Arceus\n|-crit|p1a: Arceus\n|-damage|p1a: Arceus|16\/100 tox\n|-start|p1a: Arceus|Salt Cure\n|\n|-damage|p1a: Arceus|4\/100 tox|[from] psn\n|-damage|p1a: Arceus|0 fnt|[from] Salt Cure\n|faint|p1a: Arceus\n|-damage|p2a: Garganacl|76\/100|[from] Salt Cure\n|upkeep\n|\n|t:|1699528117\n|switch|p1a: Mewtwo|Mewtwo|100\/100\n|-ability|p1a: Mewtwo|Unnerve\n|-damage|p1a: Mewtwo|88\/100|[from] Stealth Rock\n|turn|40\n|\n|t:|1699528125\n|detailschange|p1a: Mewtwo|Mewtwo-Mega-Y\n|-mega|p1a: Mewtwo|Mewtwo|Mewtwonite Y\n|move|p1a: Mewtwo|Ice Beam|p2a: Garganacl\n|-supereffective|p2a: Garganacl\n|-damage|p2a: Garganacl|3\/100\n|move|p2a: Garganacl|Salt Cure|p1a: Mewtwo\n|-damage|p1a: Mewtwo|72\/100\n|-start|p1a: Mewtwo|Salt Cure\n|\n|-damage|p1a: Mewtwo|60\/100|[from] Salt Cure\n|-damage|p2a: Garganacl|0 fnt|[from] Salt Cure\n|faint|p2a: Garganacl\n|upkeep\n|\n|t:|1699528138\n|switch|p2a: Ditto|Ditto|88\/100\n|-damage|p2a: Ditto|76\/100|[from] Stealth Rock\n|-transform|p2a: Ditto|p1a: Mewtwo|[from] ability: Imposter\n|turn|41\n|\n|t:|1699528149\n|move|p2a: Ditto|Earth Power|p1a: Mewtwo\n|-damage|p1a: Mewtwo|27\/100\n|move|p1a: Mewtwo|Psystrike|p2a: Ditto\n|-resisted|p2a: Ditto\n|-damage|p2a: Ditto|26\/100\n|\n|-damage|p1a: Mewtwo|14\/100|[from] Salt Cure\n|upkeep\n|turn|42\n|\n|t:|1699528155\n|move|p2a: Ditto|Earth Power|p1a: Mewtwo\n|-damage|p1a: Mewtwo|0 fnt\n|faint|p1a: Mewtwo\n|\n|upkeep\n|\n|t:|1699528157\n|switch|p1a: Kingambit|Kingambit, F|100\/100\n|-damage|p1a: Kingambit|94\/100|[from] Stealth Rock\n|-activate|p1a: Kingambit|ability: Supreme Overlord\n|-start|p1a: Kingambit|fallen3|[silent]\n|turn|43\n|\n|t:|1699528167\n|move|p1a: Kingambit|Sucker Punch|p2a: Ditto\n|-supereffective|p2a: Ditto\n|-damage|p2a: Ditto|0 fnt\n|faint|p2a: Ditto\n|\n|upkeep\n|\n|t:|1699528170\n|switch|p2a: Mewtwo|Mewtwo-Mega-Y|15\/100\n|-damage|p2a: Mewtwo|2\/100|[from] Stealth Rock\n|turn|44\n|\n|t:|1699528173\n|move|p1a: Kingambit|Sucker Punch|p2a: Mewtwo\n|-supereffective|p2a: Mewtwo\n|-damage|p2a: Mewtwo|0 fnt\n|faint|p2a: Mewtwo\n|\n|upkeep\n|\n|t:|1699528175\n|switch|p2a: Kingambit|Kingambit, F|14\/100\n|-damage|p2a: Kingambit|8\/100|[from] Stealth Rock\n|-activate|p2a: Kingambit|ability: Supreme Overlord\n|-start|p2a: Kingambit|fallen5|[silent]\n|turn|45\n|\n|t:|1699528179\n|-terastallize|p1a: Kingambit|Dark\n|move|p2a: Kingambit|Sucker Punch|p1a: Kingambit\n|-resisted|p1a: Kingambit\n|-crit|p1a: Kingambit\n|-damage|p1a: Kingambit|56\/100\n|move|p1a: Kingambit|Knock Off|p2a: Kingambit\n|-resisted|p2a: Kingambit\n|-damage|p2a: Kingambit|0 fnt\n|-enditem|p2a: Kingambit|Dread Plate|[from] move: Knock Off|[of] p1a: Kingambit\n|faint|p2a: Kingambit\n|-end|p2a: Kingambit|fallen5|[silent]\n|\n|win|Szymszym134\n|raw|Szymszym134's rating: 1646 &rarr; <strong>1665<\/strong><br \/>(+19 for winning)\n|raw|zomboks134's rating: 1620 &rarr; <strong>1601<\/strong><br \/>(-19 for losing)\n|l|\u2606zomboks134\n|l|\u2606Szymszym134\n","uploadtime":1699528242,"views":5,"p1id":"szymszym134","p2id":"zomboks134","formatid":"gen9nationaldexubers","rating":1601,"private":0,"password":""}