{"id":"gen9nationaldexubers-1988832766","p1":"Batoim","p2":"GeorgiaEternatuss","format":"[Gen 9] National Dex Ubers","log":"|j|\u2606Batoim\n|j|\u2606GeorgiaEternatuss\n|t:|1699770124\n|gametype|singles\n|player|p1|Batoim|265|1108\n|player|p2|GeorgiaEternatuss|steven|1164\n|teamsize|p1|6\n|teamsize|p2|6\n|gen|9\n|tier|[Gen 9] National Dex Ubers\n|rated|\n|rule|HP Percentage Mod: HP is shown in percentages\n|rule|Endless Battle Clause: Forcing endless battles is banned\n|rule|OHKO Clause: OHKO moves are banned\n|rule|Evasion Moves Clause: Evasion moves are banned\n|rule|Evasion Items Clause: Evasion items are banned\n|rule|Species Clause: Limit one of each Pok\u00e9mon\n|rule|Sleep Clause Mod: Limit one foe put to sleep\n|rule|Mega Rayquaza Clause: You cannot mega evolve Rayquaza\n|clearpoke\n|poke|p1|Baxcalibur, F|\n|poke|p1|Palafin, M|\n|poke|p1|Corviknight, M|\n|poke|p1|Blaziken, M|\n|poke|p1|Grimmsnarl, M|\n|poke|p1|Amoonguss, M|\n|poke|p2|Urshifu-*, F|\n|poke|p2|Buzzwole|\n|poke|p2|Umbreon, F|\n|poke|p2|Zapdos|\n|poke|p2|Celesteela|\n|poke|p2|Diancie|\n|teampreview\n|\n|t:|1699770135\n|start\n|switch|p1a: Palafin|Palafin, M|100\/100\n|switch|p2a: Diancie|Diancie|100\/100\n|turn|1\n|\n|t:|1699770146\n|detailschange|p1a: Palafin|Palafin-Hero, M\n|switch|p1a: Baxcalibur|Baxcalibur, F|100\/100\n|switch|p2a: Buzzwole|Buzzwole|100\/100\n|\n|upkeep\n|turn|2\n|inactive|Battle timer is ON: inactive players will automatically lose when time's up. (requested by Batoim)\n|\n|t:|1699770159\n|move|p1a: Baxcalibur|Dragon Dance|p1a: Baxcalibur\n|-boost|p1a: Baxcalibur|atk|1\n|-boost|p1a: Baxcalibur|spe|1\n|move|p2a: Buzzwole|Toxic|p1a: Baxcalibur\n|-status|p1a: Baxcalibur|tox\n|\n|-damage|p1a: Baxcalibur|94\/100 tox|[from] psn\n|upkeep\n|turn|3\n|\n|t:|1699770180\n|move|p1a: Baxcalibur|Dragon Dance|p1a: Baxcalibur\n|-boost|p1a: Baxcalibur|atk|1\n|-boost|p1a: Baxcalibur|spe|1\n|move|p2a: Buzzwole|Drain Punch|p1a: Baxcalibur\n|-supereffective|p1a: Baxcalibur\n|-damage|p1a: Baxcalibur|22\/100 tox\n|\n|-damage|p1a: Baxcalibur|9\/100 tox|[from] psn\n|upkeep\n|turn|4\n|\n|t:|1699770196\n|move|p1a: Baxcalibur|Icicle Spear|p2a: Buzzwole\n|-damage|p2a: Buzzwole|85\/100\n|-damage|p2a: Buzzwole|69\/100\n|-damage|p2a: Buzzwole|53\/100\n|-damage|p2a: Buzzwole|39\/100\n|-damage|p2a: Buzzwole|25\/100\n|-hitcount|p2a: Buzzwole|5\n|move|p2a: Buzzwole|Drain Punch|p1a: Baxcalibur\n|-supereffective|p1a: Baxcalibur\n|-damage|p1a: Baxcalibur|0 fnt\n|-heal|p2a: Buzzwole|29\/100|[from] drain|[of] p1a: Baxcalibur\n|faint|p1a: Baxcalibur\n|-ability|p2a: Buzzwole|Beast Boost|boost\n|-boost|p2a: Buzzwole|def|1\n|\n|upkeep\n|\n|t:|1699770208\n|switch|p1a: Amoonguss|Amoonguss, M|100\/100\n|turn|5\n|\n|t:|1699770218\n|switch|p2a: Celesteela|Celesteela|100\/100\n|move|p1a: Amoonguss|Spore|p2a: Celesteela\n|-status|p2a: Celesteela|slp|[from] move: Spore\n|\n|upkeep\n|turn|6\n|\n|t:|1699770229\n|cant|p2a: Celesteela|slp\n|move|p1a: Amoonguss|Giga Drain|p2a: Celesteela\n|-resisted|p2a: Celesteela\n|-crit|p2a: Celesteela\n|-damage|p2a: Celesteela|91\/100 slp\n|\n|-heal|p2a: Celesteela|97\/100 slp|[from] item: Leftovers\n|upkeep\n|turn|7\n|\n|t:|1699770238\n|switch|p1a: Blaziken|Blaziken, M|100\/100\n|cant|p2a: Celesteela|slp\n|\n|-heal|p2a: Celesteela|100\/100 slp|[from] item: Leftovers\n|upkeep\n|turn|8\n|\n|t:|1699770246\n|switch|p2a: Zapdos|Zapdos|100\/100\n|detailschange|p1a: Blaziken|Blaziken-Mega, M\n|-mega|p1a: Blaziken|Blaziken|Blazikenite\n|move|p1a: Blaziken|Swords Dance|p1a: Blaziken\n|-boost|p1a: Blaziken|atk|2\n|\n|-ability|p1a: Blaziken|Speed Boost|boost\n|-boost|p1a: Blaziken|spe|1\n|upkeep\n|turn|9\n|\n|t:|1699770256\n|move|p1a: Blaziken|Flare Blitz|p2a: Zapdos\n|-damage|p2a: Zapdos|0 fnt\n|-damage|p1a: Blaziken|84\/100|[from] item: Rocky Helmet|[of] p2a: Zapdos\n|faint|p2a: Zapdos\n|-damage|p1a: Blaziken|42\/100|[from] Recoil\n|\n|-ability|p1a: Blaziken|Speed Boost|boost\n|-boost|p1a: Blaziken|spe|1\n|upkeep\n|\n|t:|1699770268\n|switch|p2a: Celesteela|Celesteela|100\/100 slp\n|turn|10\n|\n|t:|1699770278\n|move|p1a: Blaziken|Flare Blitz|p2a: Celesteela\n|-supereffective|p2a: Celesteela\n|-damage|p2a: Celesteela|0 fnt\n|faint|p2a: Celesteela\n|-damage|p1a: Blaziken|0 fnt|[from] Recoil\n|faint|p1a: Blaziken\n|\n|upkeep\n|\n|t:|1699770296\n|switch|p1a: Palafin|Palafin-Hero, M|100\/100\n|switch|p2a: Urshifu|Urshifu, F|100\/100\n|-activate|p1a: Palafin|ability: Zero to Hero\n|turn|11\n|\n|t:|1699770305\n|-terastallize|p2a: Urshifu|Dark\n|move|p2a: Urshifu|Wicked Blow|p1a: Palafin\n|-crit|p1a: Palafin\n|-damage|p1a: Palafin|6\/100\n|move|p1a: Palafin|Bulk Up|p1a: Palafin\n|-boost|p1a: Palafin|atk|1\n|-boost|p1a: Palafin|def|1\n|\n|-heal|p1a: Palafin|12\/100|[from] item: Leftovers\n|upkeep\n|turn|12\n|\n|t:|1699770316\n|move|p1a: Palafin|Jet Punch|p2a: Urshifu\n|-damage|p2a: Urshifu|50\/100\n|move|p2a: Urshifu|Wicked Blow|p1a: Palafin\n|-crit|p1a: Palafin\n|-damage|p1a: Palafin|0 fnt\n|faint|p1a: Palafin\n|\n|upkeep\n|\n|t:|1699770331\n|switch|p1a: Corviknight|Corviknight, M|100\/100\n|-ability|p1a: Corviknight|Pressure\n|turn|13\n|\n|t:|1699770338\n|move|p2a: Urshifu|Wicked Blow|p1a: Corviknight\n|-crit|p1a: Corviknight\n|-damage|p1a: Corviknight|24\/100\n|-damage|p2a: Urshifu|34\/100|[from] item: Rocky Helmet|[of] p1a: Corviknight\n|move|p1a: Corviknight|Brave Bird|p2a: Urshifu\n|-damage|p2a: Urshifu|0 fnt\n|faint|p2a: Urshifu\n|-damage|p1a: Corviknight|15\/100|[from] Recoil\n|\n|upkeep\n|\n|t:|1699770348\n|switch|p2a: Diancie|Diancie|100\/100\n|turn|14\n|\n|t:|1699770356\n|detailschange|p2a: Diancie|Diancie-Mega\n|-mega|p2a: Diancie|Diancie|Diancite\n|move|p2a: Diancie|Diamond Storm|p1a: Corviknight\n|-crit|p1a: Corviknight\n|-damage|p1a: Corviknight|0 fnt\n|-boost|p2a: Diancie|def|2\n|faint|p1a: Corviknight\n|\n|upkeep\n|\n|t:|1699770362\n|switch|p1a: Grimmsnarl|Grimmsnarl, M|100\/100\n|turn|15\n|\n|t:|1699770366\n|move|p1a: Grimmsnarl|Taunt|p2a: Diancie\n|move|p2a: Diancie|Taunt|p1a: Grimmsnarl|[from]ability: Magic Bounce\n|-start|p1a: Grimmsnarl|move: Taunt\n|move|p2a: Diancie|Moonblast|p1a: Grimmsnarl\n|-supereffective|p1a: Grimmsnarl\n|-damage|p1a: Grimmsnarl|0 fnt\n|faint|p1a: Grimmsnarl\n|\n|upkeep\n|\n|t:|1699770370\n|switch|p1a: Amoonguss|Amoonguss, M|100\/100\n|turn|16\n|\n|t:|1699770383\n|move|p2a: Diancie|Diamond Storm|p1a: Amoonguss\n|-damage|p1a: Amoonguss|43\/100\n|move|p1a: Amoonguss|Spore|p2a: Diancie\n|move|p2a: Diancie|Spore|p1a: Amoonguss|[from]ability: Magic Bounce\n|-immune|p1a: Amoonguss\n|\n|-heal|p1a: Amoonguss|50\/100|[from] item: Black Sludge\n|upkeep\n|turn|17\n|\n|t:|1699770396\n|move|p2a: Diancie|Earth Power|p1a: Amoonguss\n|-damage|p1a: Amoonguss|16\/100\n|move|p1a: Amoonguss|Sludge Bomb|p2a: Diancie\n|-damage|p2a: Diancie|53\/100\n|\n|-heal|p1a: Amoonguss|22\/100|[from] item: Black Sludge\n|upkeep\n|turn|18\n|\n|t:|1699770405\n|move|p2a: Diancie|Body Press|p1a: Amoonguss\n|-resisted|p1a: Amoonguss\n|-damage|p1a: Amoonguss|3\/100\n|move|p1a: Amoonguss|Giga Drain|p2a: Diancie\n|-supereffective|p2a: Diancie\n|-damage|p2a: Diancie|0 fnt\n|-heal|p1a: Amoonguss|18\/100|[from] drain|[of] p2a: Diancie\n|faint|p2a: Diancie\n|\n|-heal|p1a: Amoonguss|24\/100|[from] item: Black Sludge\n|upkeep\n|\n|t:|1699770419\n|switch|p2a: Buzzwole|Buzzwole|29\/100\n|turn|19\n|\n|t:|1699770425\n|move|p2a: Buzzwole|Ice Punch|p1a: Amoonguss\n|-supereffective|p1a: Amoonguss\n|-damage|p1a: Amoonguss|0 fnt\n|faint|p1a: Amoonguss\n|\n|win|GeorgiaEternatuss\n|raw|Batoim's rating: 1108 &rarr; <strong>1087<\/strong><br \/>(-21 for losing)\n|raw|GeorgiaEternatuss's rating: 1164 &rarr; <strong>1185<\/strong><br \/>(+21 for winning)\n","uploadtime":1699770434,"views":19,"p1id":"batoim","p2id":"georgiaeternatuss","formatid":"gen9nationaldexubers","rating":1087,"private":0,"password":""}