{"id":"gen9nationaldexubers-1991475251","p1":"TyranitarHyperBeam","p2":"Spectro Latios4","format":"[Gen 9] National Dex Ubers","log":"|j|\u2606TyranitarHyperBeam\n|j|\u2606Spectro Latios4\n|t:|1700080359\n|gametype|singles\n|player|p1|TyranitarHyperBeam|265|1359\n|player|p2|Spectro Latios4|unknown|1358\n|teamsize|p1|6\n|teamsize|p2|6\n|gen|9\n|tier|[Gen 9] National Dex Ubers\n|rated|\n|rule|HP Percentage Mod: HP is shown in percentages\n|rule|Endless Battle Clause: Forcing endless battles is banned\n|rule|OHKO Clause: OHKO moves are banned\n|rule|Evasion Moves Clause: Evasion moves are banned\n|rule|Evasion Items Clause: Evasion items are banned\n|rule|Species Clause: Limit one of each Pok\u00e9mon\n|rule|Sleep Clause Mod: Limit one foe put to sleep\n|rule|Mega Rayquaza Clause: You cannot mega evolve Rayquaza\n|clearpoke\n|poke|p1|Grimmsnarl, M|\n|poke|p1|Groudon|\n|poke|p1|Necrozma-Dusk-Mane|\n|poke|p1|Xerneas-*|\n|poke|p1|Arceus-Ground|\n|poke|p1|Eternatus|\n|poke|p2|Galvantula, M|\n|poke|p2|Marshadow|\n|poke|p2|Smeargle, M|\n|poke|p2|Necrozma-Dusk-Mane|\n|poke|p2|Zacian-*|\n|poke|p2|Forretress, M|\n|teampreview\n|\n|t:|1700080371\n|start\n|switch|p1a: Grimmsnarl|Grimmsnarl, M, shiny|100\/100\n|switch|p2a: gohma|Galvantula, M, shiny|100\/100\n|turn|1\n|\n|t:|1700080375\n|move|p1a: Grimmsnarl|Taunt|p2a: gohma\n|-start|p2a: gohma|move: Taunt\n|move|p2a: gohma|Thunder|p1a: Grimmsnarl\n|-damage|p1a: Grimmsnarl|48\/100\n|\n|upkeep\n|turn|2\n|c|\u2606Spectro Latios4|glhf\n|c|\u2606TyranitarHyperBeam|:>\n|\n|t:|1700080383\n|move|p1a: Grimmsnarl|Light Screen|p1a: Grimmsnarl\n|-sidestart|p1: TyranitarHyperBeam|move: Light Screen\n|move|p2a: gohma|Thunder|p1a: Grimmsnarl\n|-damage|p1a: Grimmsnarl|21\/100\n|\n|upkeep\n|turn|3\n|\n|t:|1700080394\n|move|p1a: Grimmsnarl|Parting Shot|p2a: gohma\n|-unboost|p2a: gohma|atk|1\n|-unboost|p2a: gohma|spa|1\n|\n|t:|1700080398\n|switch|p1a: Xerneas|Xerneas, shiny|100\/100|[from] Parting Shot\n|-ability|p1a: Xerneas|Fairy Aura\n|move|p2a: gohma|Thunder|p1a: Xerneas\n|-crit|p1a: Xerneas\n|-damage|p1a: Xerneas|41\/100\n|\n|-end|p2a: gohma|move: Taunt\n|upkeep\n|turn|4\n|\n|t:|1700080413\n|move|p2a: gohma|Thunder Wave|p1a: Xerneas\n|-status|p1a: Xerneas|par\n|-zpower|p1a: Xerneas\n|move|p1a: Xerneas|Z-Geomancy||[anim]Geomancy|[still]\n|-boost|p1a: Xerneas|atk|1|[zeffect]\n|-boost|p1a: Xerneas|def|1|[zeffect]\n|-boost|p1a: Xerneas|spa|1|[zeffect]\n|-boost|p1a: Xerneas|spd|1|[zeffect]\n|-boost|p1a: Xerneas|spe|1|[zeffect]\n|-prepare|p1a: Xerneas|Geomancy\n|\n|upkeep\n|turn|5\n|\n|t:|1700080417\n|move|p2a: gohma|Thunder|p1a: Xerneas\n|-damage|p1a: Xerneas|32\/100 par\n|cant|p1a: Xerneas|par\n|\n|upkeep\n|turn|6\n|\n|t:|1700080425\n|move|p2a: gohma|Thunder|p1a: Xerneas\n|-damage|p1a: Xerneas|23\/100 par\n|cant|p1a: Xerneas|par\n|\n|upkeep\n|turn|7\n|\n|t:|1700080436\n|move|p2a: gohma|Thunder|p1a: Xerneas\n|-damage|p1a: Xerneas|14\/100 par\n|cant|p1a: Xerneas|par\n|\n|upkeep\n|turn|8\n|\n|t:|1700080452\n|move|p2a: gohma|Thunder|p1a: Xerneas\n|-damage|p1a: Xerneas|5\/100 par\n|move|p1a: Xerneas|Moonblast|p2a: gohma\n|-enditem|p2a: gohma|Focus Sash\n|-damage|p2a: gohma|1\/100\n|\n|upkeep\n|turn|9\n|c|\u2606TyranitarHyperBeam|???????????????????????\n|\n|t:|1700080461\n|switch|p1a: Groudon|Groudon|100\/100\n|detailschange|p1a: Groudon|Groudon-Primal\n|-primal|p1a: Groudon|Red Orb\n|-weather|DesolateLand|[from] ability: Desolate Land|[of] p1a: Groudon\n|move|p2a: gohma|Thunder|p1a: Groudon\n|-immune|p1a: Groudon\n|\n|-weather|DesolateLand|[upkeep]\n|-sideend|p1: TyranitarHyperBeam|move: Light Screen\n|upkeep\n|turn|10\n|c|\u2606Spectro Latios4|it's just rng it's happened 5 times straight alot\n|\n|t:|1700080474\n|move|p2a: gohma|Sticky Web|p1a: Groudon\n|-sidestart|p1: TyranitarHyperBeam|move: Sticky Web\n|move|p1a: Groudon|Stealth Rock|p2a: gohma\n|-sidestart|p2: Spectro Latios4|move: Stealth Rock\n|\n|-weather|DesolateLand|[upkeep]\n|upkeep\n|turn|11\n|\n|t:|1700080479\n|move|p2a: gohma|Bug Buzz|p1a: Groudon\n|-resisted|p1a: Groudon\n|-damage|p1a: Groudon|89\/100\n|move|p1a: Groudon|Precipice Blades|p2a: gohma\n|-damage|p2a: gohma|0 fnt\n|faint|p2a: gohma\n|\n|-weather|DesolateLand|[upkeep]\n|upkeep\n|\n|t:|1700080482\n|switch|p2a: ganondorf|Marshadow|100\/100\n|-damage|p2a: ganondorf|94\/100|[from] Stealth Rock\n|turn|12\n|\n|t:|1700080487\n|move|p2a: ganondorf|Rock Tomb|p1a: Groudon\n|-damage|p1a: Groudon|67\/100\n|-unboost|p1a: Groudon|spe|1\n|move|p1a: Groudon|Precipice Blades|p2a: ganondorf\n|-damage|p2a: ganondorf|0 fnt\n|faint|p2a: ganondorf\n|\n|-weather|DesolateLand|[upkeep]\n|upkeep\n|\n|t:|1700080493\n|switch|p2a: korok|Smeargle, M|100\/100\n|-damage|p2a: korok|88\/100|[from] Stealth Rock\n|turn|13\n|\n|t:|1700080495\n|move|p2a: korok|Spore|p1a: Groudon\n|-status|p1a: Groudon|slp|[from] move: Spore\n|cant|p1a: Groudon|slp\n|\n|-weather|DesolateLand|[upkeep]\n|-heal|p2a: korok|94\/100|[from] item: Leftovers\n|-ability|p2a: korok|Moody|boost\n|-boost|p2a: korok|spa|2\n|-unboost|p2a: korok|spd|1\n|upkeep\n|turn|14\n|\n|t:|1700080500\n|move|p2a: korok|Substitute|p2a: korok\n|-start|p2a: korok|Substitute\n|-damage|p2a: korok|69\/100\n|-curestatus|p1a: Groudon|slp|[msg]\n|move|p1a: Groudon|Precipice Blades|p2a: korok\n|-end|p2a: korok|Substitute\n|\n|-weather|DesolateLand|[upkeep]\n|-heal|p2a: korok|75\/100|[from] item: Leftovers\n|-ability|p2a: korok|Moody|boost\n|-boost|p2a: korok|spa|2\n|-unboost|p2a: korok|spd|1\n|upkeep\n|turn|15\n|\n|t:|1700080505\n|move|p2a: korok|Spore|p1a: Groudon\n|-status|p1a: Groudon|slp|[from] move: Spore\n|cant|p1a: Groudon|slp\n|\n|-weather|DesolateLand|[upkeep]\n|-heal|p2a: korok|81\/100|[from] item: Leftovers\n|-ability|p2a: korok|Moody|boost\n|-boost|p2a: korok|spa|2\n|-unboost|p2a: korok|spd|1\n|upkeep\n|turn|16\n|\n|t:|1700080508\n|move|p2a: korok|Substitute|p2a: korok\n|-start|p2a: korok|Substitute\n|-damage|p2a: korok|57\/100\n|cant|p1a: Groudon|slp\n|\n|-weather|DesolateLand|[upkeep]\n|-heal|p2a: korok|63\/100|[from] item: Leftovers\n|-ability|p2a: korok|Moody|boost\n|-boost|p2a: korok|def|2\n|-unboost|p2a: korok|spa|1\n|upkeep\n|turn|17\n|\n|t:|1700080511\n|move|p2a: korok|Spiky Shield|p2a: korok\n|-singleturn|p2a: korok|move: Protect\n|-curestatus|p1a: Groudon|slp|[msg]\n|move|p1a: Groudon|Precipice Blades|p2a: korok\n|-activate|p2a: korok|move: Protect\n|\n|-weather|DesolateLand|[upkeep]\n|-heal|p2a: korok|69\/100|[from] item: Leftovers\n|-ability|p2a: korok|Moody|boost\n|-boost|p2a: korok|def|2\n|-unboost|p2a: korok|spa|1\n|upkeep\n|turn|18\n|\n|t:|1700080517\n|-weather|none\n|switch|p1a: Grimmsnarl|Grimmsnarl, M, shiny|21\/100\n|-activate|p1a: Grimmsnarl|move: Sticky Web\n|-unboost|p1a: Grimmsnarl|spe|1\n|move|p2a: korok|Spore|p1a: Grimmsnarl\n|-status|p1a: Grimmsnarl|slp|[from] move: Spore\n|\n|-heal|p2a: korok|75\/100|[from] item: Leftovers\n|-ability|p2a: korok|Moody|boost\n|-boost|p2a: korok|atk|2\n|-unboost|p2a: korok|def|1\n|upkeep\n|turn|19\n|\n|t:|1700080521\n|cant|p1a: Grimmsnarl|slp\n|move|p2a: korok|Substitute|p2a: korok\n|-fail|p2a: korok|move: Substitute\n|\n|-heal|p2a: korok|81\/100|[from] item: Leftovers\n|-ability|p2a: korok|Moody|boost\n|-boost|p2a: korok|spe|2\n|-unboost|p2a: korok|atk|1\n|upkeep\n|turn|20\n|\n|t:|1700080523\n|move|p2a: korok|Spiky Shield|p2a: korok\n|-singleturn|p2a: korok|move: Protect\n|cant|p1a: Grimmsnarl|slp\n|\n|-heal|p2a: korok|87\/100|[from] item: Leftovers\n|-ability|p2a: korok|Moody|boost\n|-boost|p2a: korok|spa|2\n|-unboost|p2a: korok|def|1\n|upkeep\n|turn|21\n|\n|t:|1700080526\n|cant|p1a: Grimmsnarl|slp\n|move|p2a: korok|Substitute|p2a: korok\n|-fail|p2a: korok|move: Substitute\n|\n|-heal|p2a: korok|93\/100|[from] item: Leftovers\n|-ability|p2a: korok|Moody|boost\n|-boost|p2a: korok|spd|2\n|-unboost|p2a: korok|spa|1\n|upkeep\n|turn|22\n|\n|t:|1700080528\n|move|p2a: korok|Spiky Shield|p2a: korok\n|-singleturn|p2a: korok|move: Protect\n|-curestatus|p1a: Grimmsnarl|slp|[msg]\n|move|p1a: Grimmsnarl|Taunt|p2a: korok\n|-activate|p2a: korok|move: Protect\n|\n|-heal|p2a: korok|99\/100|[from] item: Leftovers\n|-ability|p2a: korok|Moody|boost\n|-boost|p2a: korok|spe|2\n|-unboost|p2a: korok|def|1\n|upkeep\n|turn|23\n|\n|t:|1700080533\n|-terastallize|p2a: korok|Dark\n|move|p1a: Grimmsnarl|Taunt|p2a: korok\n|-hint|Since gen 7, Dark is immune to Prankster moves.\n|-immune|p2a: korok\n|move|p2a: korok|Spore|p1a: Grimmsnarl\n|-status|p1a: Grimmsnarl|slp|[from] move: Spore\n|\n|-heal|p2a: korok|100\/100|[from] item: Leftovers\n|-ability|p2a: korok|Moody|boost\n|-boost|p2a: korok|spd|2\n|-unboost|p2a: korok|spe|1\n|upkeep\n|turn|24\n|c|\u2606TyranitarHyperBeam|WTF\n|c|\u2606TyranitarHyperBeam|your mom doesnt love oyuejtykuajkrgaurklsrthuk\n|c|\u2606TyranitarHyperBeam|esertyjukrh\n|c|\u2606TyranitarHyperBeam|sewseryj\n|c|\u2606TyranitarHyperBeam|rhj\n|c|\u2606TyranitarHyperBeam|asweyuhwertnuk\n|c|\u2606TyranitarHyperBeam|sws3ryhuk\n|c|\u2606TyranitarHyperBeam|aeh\n|\n|t:|1700080571\n|cant|p1a: Grimmsnarl|slp\n|move|p2a: korok|Power Trip|p1a: Grimmsnarl\n|-resisted|p1a: Grimmsnarl\n|-damage|p1a: Grimmsnarl|6\/100 slp\n|\n|-ability|p2a: korok|Moody|boost\n|-boost|p2a: korok|spa|1\n|-unboost|p2a: korok|spd|1\n|upkeep\n|turn|25\n|\n|t:|1700080589\n|-curestatus|p1a: Grimmsnarl|slp|[msg]\n|move|p1a: Grimmsnarl|Reflect|p1a: Grimmsnarl\n|-sidestart|p1: TyranitarHyperBeam|Reflect\n|move|p2a: korok|Power Trip|p1a: Grimmsnarl\n|-resisted|p1a: Grimmsnarl\n|-damage|p1a: Grimmsnarl|0 fnt\n|faint|p1a: Grimmsnarl\n|\n|-ability|p2a: korok|Moody|boost\n|-boost|p2a: korok|atk|2\n|-unboost|p2a: korok|spa|1\n|upkeep\n|\n|t:|1700080594\n|switch|p1a: Necrozma|Necrozma-Dusk-Mane|100\/100\n|-activate|p1a: Necrozma|move: Sticky Web\n|-unboost|p1a: Necrozma|spe|1\n|turn|26\n|\n|t:|1700080599\n|move|p2a: korok|Power Trip|p1a: Necrozma\n|-supereffective|p1a: Necrozma\n|-damage|p1a: Necrozma|21\/100\n|-enditem|p1a: Necrozma|Weakness Policy\n|-boost|p1a: Necrozma|atk|2|[from] item: Weakness Policy\n|-boost|p1a: Necrozma|spa|2|[from] item: Weakness Policy\n|move|p1a: Necrozma|Sunsteel Strike|p2a: korok\n|-end|p2a: korok|Substitute\n|\n|-ability|p2a: korok|Moody|boost\n|-boost|p2a: korok|spd|2\n|-unboost|p2a: korok|atk|1\n|upkeep\n|turn|27\n|\n|t:|1700080602\n|move|p2a: korok|Power Trip|p1a: Necrozma\n|-supereffective|p1a: Necrozma\n|-damage|p1a: Necrozma|0 fnt\n|faint|p1a: Necrozma\n|\n|-ability|p2a: korok|Moody|boost\n|-boost|p2a: korok|def|2\n|-unboost|p2a: korok|spd|1\n|upkeep\n|\n|t:|1700080622\n|switch|p1a: Eternatus|Eternatus|100\/100\n|-activate|p1a: Eternatus|move: Sticky Web\n|-unboost|p1a: Eternatus|spe|1\n|-ability|p1a: Eternatus|Pressure\n|turn|28\n|\n|t:|1700080630\n|move|p2a: korok|Power Trip|p1a: Eternatus\n|-crit|p1a: Eternatus\n|-damage|p1a: Eternatus|0 fnt\n|faint|p1a: Eternatus\n|\n|-ability|p2a: korok|Moody|boost\n|-boost|p2a: korok|spa|1\n|-unboost|p2a: korok|spe|1\n|upkeep\n|c|\u2606TyranitarHyperBeam|h\n|\n|t:|1700080647\n|switch|p1a: Arceus|Arceus-Ground|100\/100\n|-activate|p1a: Arceus|move: Sticky Web\n|-unboost|p1a: Arceus|spe|1\n|turn|29\n|c|\u2606TyranitarHyperBeam|!st shed shekll\n|c| TyranitarHyperBeam|\/raw <div class=\"infobox\">Server time: <b>11\/15\/2023, 3:37:36 PM<\/b><\/div>\n|c|\u2606TyranitarHyperBeam|!dt shed shell\n|raw|<ul class=\"utilichart\"><li class=\"result\"><span class=\"col itemiconcol\"><psicon item=\"shedshell\"><\/span> <span class=\"col namecol\"><a href=\"https:\/\/dex.pokemonshowdown.com\/items\/shedshell\">Shed Shell<\/a><\/span> <span class=\"col itemdesccol\">Holder may switch out even when trapped by another Pokemon, or by Ingrain.<\/span> <\/li><li style=\"clear:both\"><\/li><\/ul>\n|raw|<font size=\"1\"><font color=\"#686868\">Gen:<\/font> 4&nbsp;|&ThickSpace;<font color=\"#686868\">Fling Base Power:<\/font> 10<\/font>\n\n|\n|t:|1700080671\n|move|p2a: korok|Power Trip|p1a: Arceus\n|-damage|p1a: Arceus|57\/100\n|move|p1a: Arceus|Judgment|p2a: korok\n|-damage|p2a: korok|6\/100\n|\n|-heal|p2a: korok|12\/100|[from] item: Leftovers\n|-ability|p2a: korok|Moody|boost\n|-boost|p2a: korok|atk|2\n|-unboost|p2a: korok|def|1\n|upkeep\n|turn|30\n|\n|t:|1700080681\n|move|p2a: korok|Power Trip|p1a: Arceus\n|-damage|p1a: Arceus|0 fnt\n|faint|p1a: Arceus\n|\n|-heal|p2a: korok|18\/100|[from] item: Leftovers\n|-ability|p2a: korok|Moody|boost\n|-boost|p2a: korok|spd|2\n|-unboost|p2a: korok|spa|1\n|upkeep\n|\n|t:|1700080687\n|switch|p1a: Groudon|Groudon-Primal|67\/100\n|-activate|p1a: Groudon|move: Sticky Web\n|-unboost|p1a: Groudon|spe|1\n|-weather|DesolateLand|[from] ability: Desolate Land|[of] p1a: Groudon\n|turn|31\n|\n|t:|1700080692\n|move|p2a: korok|Power Trip|p1a: Groudon\n|-damage|p1a: Groudon|0 fnt\n|faint|p1a: Groudon\n|-weather|none\n|\n|-heal|p2a: korok|24\/100|[from] item: Leftovers\n|-ability|p2a: korok|Moody|boost\n|-boost|p2a: korok|def|2\n|-unboost|p2a: korok|atk|1\n|upkeep\n|\n|t:|1700080704\n|switch|p1a: Xerneas|Xerneas, shiny|5\/100 par\n|-activate|p1a: Xerneas|move: Sticky Web\n|-unboost|p1a: Xerneas|spe|1\n|-ability|p1a: Xerneas|Fairy Aura\n|turn|32\n|c|\u2606TyranitarHyperBeam|ur life is sad\n|\n|t:|1700080715\n|move|p2a: korok|Power Trip|p1a: Xerneas\n|-resisted|p1a: Xerneas\n|-damage|p1a: Xerneas|0 fnt\n|faint|p1a: Xerneas\n|\n|win|Spectro Latios4\n|raw|TyranitarHyperBeam's rating: 1359 &rarr; <strong>1339<\/strong><br \/>(-20 for losing)\n|raw|Spectro Latios4's rating: 1358 &rarr; <strong>1378<\/strong><br \/>(+20 for winning)\n|l|\u2606TyranitarHyperBeam\n|l|\u2606Spectro Latios4\n|j|\u2606Spectro Latios4\n|player|p2|Spectro Latios4|unknown\n","uploadtime":1700080580,"views":9,"p1id":"tyranitarhyperbeam","p2id":"spectrolatios4","formatid":"gen9nationaldexubers","rating":1339,"private":0,"password":""}