{"id":"gen9nationaldexubers-1993554061","p1":"Uncle Kars","p2":"kpoc12","format":"[Gen 9] National Dex Ubers","log":"|j|\u2606Uncle Kars\n|j|\u2606kpoc12\n|t:|1700331127\n|gametype|singles\n|player|p1|Uncle Kars|guitarist-gen2|\n|player|p2|kpoc12|juliana-s|\n|teamsize|p1|6\n|teamsize|p2|6\n|gen|9\n|tier|[Gen 9] National Dex Ubers\n|rule|HP Percentage Mod: HP is shown in percentages\n|rule|Endless Battle Clause: Forcing endless battles is banned\n|rule|OHKO Clause: OHKO moves are banned\n|rule|Evasion Moves Clause: Evasion moves are banned\n|rule|Evasion Items Clause: Evasion items are banned\n|rule|Species Clause: Limit one of each Pok\u00e9mon\n|rule|Sleep Clause Mod: Limit one foe put to sleep\n|rule|Mega Rayquaza Clause: You cannot mega evolve Rayquaza\n|clearpoke\n|poke|p1|Cloyster, M|\n|poke|p1|Malamar, M|\n|poke|p1|Kingdra, M|\n|poke|p1|Dragapult, M|\n|poke|p1|Magmortar, M|\n|poke|p1|Garganacl, M|\n|poke|p2|Skeledirge, F|\n|poke|p2|Tinkaton, F|\n|poke|p2|Kilowattrel, M|\n|poke|p2|Houndstone, F|\n|poke|p2|Baxcalibur, F|\n|poke|p2|Gallade, M|\n|teampreview\n|\n|t:|1700331143\n|start\n|switch|p1a: Public Animal #9|Kingdra, M|100\/100\n|switch|p2a: Tinkaton|Tinkaton, F|100\/100\n|-ability|p2a: Tinkaton|Mold Breaker\n|turn|1\n|j| AutumnCookie\n|j| ElMuertologista\n|c| ElMuertologista|jumpscare alert\n|\n|t:|1700331257\n|switch|p1a: Golden Gun|Magmortar, M|100\/100\n|move|p2a: Tinkaton|Thunder Wave|p1a: Golden Gun\n|-status|p1a: Golden Gun|par\n|\n|upkeep\n|turn|2\n|\n|t:|1700331270\n|move|p2a: Tinkaton|Knock Off|p1a: Golden Gun\n|-crit|p1a: Golden Gun\n|-damage|p1a: Golden Gun|54\/100 par\n|-status|p2a: Tinkaton|brn|[from] ability: Flame Body|[of] p1a: Golden Gun\n|-enditem|p1a: Golden Gun|Expert Belt|[from] move: Knock Off|[of] p2a: Tinkaton\n|move|p1a: Golden Gun|Flamethrower|p2a: Tinkaton\n|-supereffective|p2a: Tinkaton\n|-crit|p2a: Tinkaton\n|-damage|p2a: Tinkaton|0 fnt\n|faint|p2a: Tinkaton\n|\n|upkeep\n|c| AutumnCookie|THE CRITS...\n|c| AutumnCookie|THE CRITTING CRITTERS...\n|c|\u2606kpoc12|the critting critters\n|\n|t:|1700331323\n|switch|p2a: Gallade|Gallade, M, shiny|100\/100\n|turn|3\n|\n|t:|1700331328\n|move|p2a: Gallade|Swords Dance|p2a: Gallade\n|-boost|p2a: Gallade|atk|2\n|move|p1a: Golden Gun|Psychic|p2a: Gallade\n|-damage|p2a: Gallade|67\/100\n|\n|upkeep\n|turn|4\n|\n|t:|1700331355\n|move|p2a: Gallade|Sacred Sword|p1a: Golden Gun\n|-damage|p1a: Golden Gun|0 fnt\n|-status|p2a: Gallade|brn|[from] ability: Flame Body|[of] p1a: Golden Gun\n|faint|p1a: Golden Gun\n|-damage|p2a: Gallade|57\/100 brn|[from] item: Life Orb\n|\n|-damage|p2a: Gallade|51\/100 brn|[from] brn\n|upkeep\n|\n|t:|1700331367\n|switch|p1a: Desperado|Dragapult, M|100\/100\n|turn|5\n|\n|t:|1700331380\n|move|p2a: Gallade|Shadow Sneak|p1a: Desperado\n|-supereffective|p1a: Desperado\n|-damage|p1a: Desperado|42\/100\n|-start|p2a: Gallade|Disable|Shadow Sneak|[from] ability: Cursed Body|[of] p1a: Desperado\n|-damage|p2a: Gallade|41\/100 brn|[from] item: Life Orb\n|move|p1a: Desperado|Shadow Ball|p2a: Gallade\n|-supereffective|p2a: Gallade\n|-crit|p2a: Gallade\n|-damage|p2a: Gallade|0 fnt\n|faint|p2a: Gallade\n|-damage|p1a: Desperado|32\/100|[from] item: Life Orb\n|\n|upkeep\n|\n|t:|1700331415\n|switch|p2a: Skeledirge|Skeledirge, F|100\/100\n|turn|6\n|\n|t:|1700331429\n|-terastallize|p2a: Skeledirge|Fairy\n|move|p1a: Desperado|Phantom Force||[still]\n|-prepare|p1a: Desperado|Phantom Force\n|move|p2a: Skeledirge|Torch Song|p1a: Desperado|[miss]\n|-miss|p2a: Skeledirge|p1a: Desperado\n|\n|upkeep\n|turn|7\n|\n|t:|1700331448\n|move|p1a: Desperado|Phantom Force|p2a: Skeledirge|[from]lockedmove\n|-damage|p2a: Skeledirge|50\/100\n|-damage|p1a: Desperado|23\/100|[from] item: Life Orb\n|move|p2a: Skeledirge|Torch Song|p1a: Desperado\n|-resisted|p1a: Desperado\n|-damage|p1a: Desperado|2\/100\n|-boost|p2a: Skeledirge|spa|1\n|-start|p2a: Skeledirge|Disable|Torch Song|[from] ability: Cursed Body|[of] p1a: Desperado\n|\n|-heal|p2a: Skeledirge|56\/100|[from] item: Leftovers\n|upkeep\n|turn|8\n|c|\u2606kpoc12|1%  ih ope you die\n|c|\u2606kpoc12|sorry\n|c|\u2606kpoc12|2\n|c| AutumnCookie|It's 2\n|\n|t:|1700331473\n|move|p1a: Desperado|Phantom Force||[still]\n|-prepare|p1a: Desperado|Phantom Force\n|move|p2a: Skeledirge|Slack Off|p2a: Skeledirge\n|-heal|p2a: Skeledirge|100\/100\n|\n|upkeep\n|turn|9\n|c| AutumnCookie|Yeah\n|c|\u2606Uncle Kars|the dying dier\n|\n|t:|1700331483\n|move|p1a: Desperado|Phantom Force|p2a: Skeledirge|[from]lockedmove\n|-damage|p2a: Skeledirge|57\/100\n|-damage|p1a: Desperado|0 fnt|[from] item: Life Orb\n|faint|p1a: Desperado\n|move|p2a: Skeledirge|Hex|p1: Desperado|[notarget]\n|-fail|p2a: Skeledirge\n|\n|-heal|p2a: Skeledirge|63\/100|[from] item: Leftovers\n|upkeep\n|c| AutumnCookie|THE DYING DIER\n|c|\u2606Uncle Kars|it'll be life orb kill\n|\n|t:|1700331498\n|switch|p1a: Public Animal #9|Kingdra, M|100\/100\n|turn|10\n|\n|t:|1700331524\n|move|p1a: Public Animal #9|Focus Energy|p1a: Public Animal #9\n|-start|p1a: Public Animal #9|move: Focus Energy\n|move|p2a: Skeledirge|Will-O-Wisp|p1a: Public Animal #9\n|-status|p1a: Public Animal #9|brn\n|\n|-heal|p2a: Skeledirge|69\/100|[from] item: Leftovers\n|-damage|p1a: Public Animal #9|94\/100 brn|[from] brn\n|-end|p2a: Skeledirge|Disable\n|upkeep\n|turn|11\n|\n|t:|1700331536\n|move|p1a: Public Animal #9|Scald|p2a: Skeledirge\n|-crit|p2a: Skeledirge\n|-damage|p2a: Skeledirge|11\/100\n|-status|p2a: Skeledirge|brn\n|move|p2a: Skeledirge|Hex|p1a: Public Animal #9\n|-damage|p1a: Public Animal #9|12\/100 brn\n|\n|-heal|p2a: Skeledirge|17\/100 brn|[from] item: Leftovers\n|-damage|p1a: Public Animal #9|6\/100 brn|[from] brn\n|-damage|p2a: Skeledirge|11\/100 brn|[from] brn\n|upkeep\n|turn|12\n|c|\u2606Uncle Kars|god dirge is bulky\n|c| AutumnCookie|Dirge is a horrid beast yeah\n|c|\u2606Uncle Kars|kingdra dies to burn this turn\n|\n|t:|1700331577\n|switch|p2a: Baxcalibur|Baxcalibur, F|100\/100\n|move|p1a: Public Animal #9|Scald|p2a: Baxcalibur\n|-resisted|p2a: Baxcalibur\n|-crit|p2a: Baxcalibur\n|-damage|p2a: Baxcalibur|61\/100\n|\n|-damage|p1a: Public Animal #9|0 fnt|[from] brn\n|faint|p1a: Public Animal #9\n|upkeep\n|\n|t:|1700331603\n|switch|p1a: Titanic Overture|Cloyster, M|100\/100\n|turn|13\n|c|\u2606kpoc12|the guys who have loaded dice icicle spear\n|\n|t:|1700331634\n|move|p2a: Baxcalibur|Glaive Rush|p1a: Titanic Overture\n|-damage|p1a: Titanic Overture|38\/100\n|-singlemove|p2a: Baxcalibur|Glaive Rush|[silent]\n|move|p1a: Titanic Overture|Rock Blast|p2a: Baxcalibur\n|-supereffective|p2a: Baxcalibur\n|-damage|p2a: Baxcalibur|31\/100\n|-supereffective|p2a: Baxcalibur\n|-damage|p2a: Baxcalibur|5\/100\n|-supereffective|p2a: Baxcalibur\n|-damage|p2a: Baxcalibur|0 fnt\n|faint|p2a: Baxcalibur\n|-hitcount|p2: Baxcalibur|3\n|\n|upkeep\n|\n|t:|1700331644\n|switch|p2a: Kilowattrel|Kilowattrel, M|100\/100\n|turn|14\n|\n|t:|1700331650\n|move|p2a: Kilowattrel|Volt Switch|p1a: Titanic Overture\n|-supereffective|p1a: Titanic Overture\n|-damage|p1a: Titanic Overture|0 fnt\n|faint|p1a: Titanic Overture\n|\n|t:|1700331659\n|switch|p2a: Skeledirge|Skeledirge, F, tera:Fairy|11\/100 brn|[from] Volt Switch\n|\n|-heal|p2a: Skeledirge|17\/100 brn|[from] item: Leftovers\n|-damage|p2a: Skeledirge|11\/100 brn|[from] brn\n|upkeep\n|\n|t:|1700331666\n|switch|p1a: Mueller|Malamar, M|100\/100\n|turn|15\n|\n|t:|1700331675\n|move|p1a: Mueller|Superpower|p2a: Skeledirge\n|-resisted|p2a: Skeledirge\n|-damage|p2a: Skeledirge|0 fnt\n|-boost|p1a: Mueller|atk|1\n|-boost|p1a: Mueller|def|1\n|faint|p2a: Skeledirge\n|\n|upkeep\n|\n|t:|1700331694\n|switch|p2a: Kilowattrel|Kilowattrel, M|100\/100\n|turn|16\n|\n|t:|1700331705\n|move|p2a: Kilowattrel|Thunderbolt|p1a: Mueller\n|-damage|p1a: Mueller|58\/100\n|move|p1a: Mueller|Return|p2a: Kilowattrel\n|-damage|p2a: Kilowattrel|31\/100\n|\n|-heal|p1a: Mueller|64\/100|[from] item: Leftovers\n|upkeep\n|turn|17\n|\n|t:|1700331717\n|move|p2a: Kilowattrel|Roost|p2a: Kilowattrel\n|-heal|p2a: Kilowattrel|82\/100\n|-singleturn|p2a: Kilowattrel|move: Roost\n|move|p1a: Mueller|Return|p2a: Kilowattrel\n|-damage|p2a: Kilowattrel|5\/100\n|\n|-heal|p1a: Mueller|70\/100|[from] item: Leftovers\n|upkeep\n|turn|18\n|\n|t:|1700331726\n|move|p2a: Kilowattrel|Roost|p2a: Kilowattrel\n|-heal|p2a: Kilowattrel|56\/100\n|-singleturn|p2a: Kilowattrel|move: Roost\n|move|p1a: Mueller|Superpower|p2a: Kilowattrel\n|-damage|p2a: Kilowattrel|0 fnt\n|-boost|p1a: Mueller|atk|1\n|-boost|p1a: Mueller|def|1\n|faint|p2a: Kilowattrel\n|\n|-heal|p1a: Mueller|76\/100|[from] item: Leftovers\n|upkeep\n|\n|t:|1700331736\n|switch|p2a: Houndstone|Houndstone, F|100\/100\n|turn|19\n|c|\u2606kpoc12|so joever\n|\n|t:|1700331745\n|move|p1a: Mueller|Throat Chop|p2a: Houndstone\n|-supereffective|p2a: Houndstone\n|-damage|p2a: Houndstone|38\/100\n|-start|p2a: Houndstone|Throat Chop|[silent]\n|move|p2a: Houndstone|Last Respects|p1a: Mueller\n|-damage|p1a: Mueller|0 fnt\n|faint|p1a: Mueller\n|\n|upkeep\n|c|\u2606Uncle Kars|sorry juliana. malamamoment\n|\n|t:|1700331757\n|switch|p1a: Mary Ann|Garganacl, M|100\/100\n|turn|20\n|\n|t:|1700331763\n|move|p2a: Houndstone|Last Respects|p1a: Mary Ann\n|-damage|p1a: Mary Ann|28\/100\n|move|p1a: Mary Ann|Salt Cure|p2a: Houndstone\n|-damage|p2a: Houndstone|19\/100\n|-start|p2a: Houndstone|Salt Cure\n|\n|-damage|p2a: Houndstone|7\/100|[from] Salt Cure\n|-end|p2a: Houndstone|Throat Chop|[silent]\n|upkeep\n|turn|21\n|c|\u2606kpoc12|malamamoment\n|c|\u2606Uncle Kars|i misclicked\n|c|\u2606Uncle Kars|you win\n|c|\u2606kpoc12|holy fuck\n|c|\u2606kpoc12|no malamoment\n|\n|t:|1700331783\n|move|p2a: Houndstone|Last Respects|p1a: Mary Ann\n|-damage|p1a: Mary Ann|0 fnt\n|faint|p1a: Mary Ann\n|\n|win|kpoc12\n|l| ElMuertologista\n","uploadtime":1700331793,"views":7,"p1id":"unclekars","p2id":"kpoc12","formatid":"gen9nationaldexubers","rating":0,"private":0,"password":""}