{"id":"gen9nationaldexubers-1979060616","p1":"TheRealDiabeto","p2":"k7eenex","format":"[Gen 9] National Dex Ubers","log":"|j|\u2606TheRealDiabeto\n|j|\u2606k7eenex\n|t:|1698627136\n|gametype|singles\n|player|p1|TheRealDiabeto|steven|\n|player|p2|k7eenex|hiker-gen4|\n|teamsize|p1|6\n|teamsize|p2|6\n|gen|9\n|tier|[Gen 9] National Dex Ubers\n|rule|HP Percentage Mod: HP is shown in percentages\n|rule|Endless Battle Clause: Forcing endless battles is banned\n|rule|OHKO Clause: OHKO moves are banned\n|rule|Evasion Moves Clause: Evasion moves are banned\n|rule|Evasion Items Clause: Evasion items are banned\n|rule|Species Clause: Limit one of each Pok\u00e9mon\n|rule|Sleep Clause Mod: Limit one foe put to sleep\n|rule|Mega Rayquaza Clause: You cannot mega evolve Rayquaza\n|clearpoke\n|poke|p1|Ursaluna, M|\n|poke|p1|Glimmora, F|\n|poke|p1|Scizor, F|\n|poke|p1|Rotom-Wash|\n|poke|p1|Meowscarada, M|\n|poke|p1|Kommo-o, M|\n|poke|p2|Diancie|\n|poke|p2|Coalossal, M|\n|poke|p2|Ogerpon-Cornerstone, F|\n|poke|p2|Conkeldurr, M|\n|poke|p2|Nihilego|\n|poke|p2|Drednaw, F|\n|teampreview\n|j| Pex hater\n|\n|t:|1698627148\n|start\n|switch|p1a: Chimera|Glimmora, F, shiny|100\/100\n|switch|p2a: Revolution|Diancie|100\/100\n|turn|1\n|\n|t:|1698627155\n|detailschange|p2a: Revolution|Diancie-Mega\n|-mega|p2a: Revolution|Diancie|Diancite\n|move|p2a: Revolution|Magnet Rise|p2a: Revolution\n|-start|p2a: Revolution|Magnet Rise\n|move|p1a: Chimera|Stealth Rock|p2a: Revolution\n|move|p2a: Revolution|Stealth Rock|p1a: Chimera|[from]ability: Magic Bounce\n|-sidestart|p1: TheRealDiabeto|move: Stealth Rock\n|\n|upkeep\n|turn|2\n|\n|t:|1698627164\n|move|p2a: Revolution|Earth Power|p1a: Chimera\n|-supereffective|p1a: Chimera\n|-enditem|p1a: Chimera|Focus Sash\n|-damage|p1a: Chimera|1\/100\n|move|p1a: Chimera|Mortal Spin|p2a: Revolution\n|-damage|p2a: Revolution|93\/100\n|-status|p2a: Revolution|psn\n|-sideend|p1: TheRealDiabeto|Stealth Rock|[from] move: Mortal Spin|[of] p1a: Chimera\n|\n|-damage|p2a: Revolution|80\/100 psn|[from] psn\n|upkeep\n|turn|3\n|\n|t:|1698627184\n|switch|p1a: Broadside|Rotom-Wash, shiny|100\/100\n|move|p2a: Revolution|Moonblast|p1a: Broadside\n|-damage|p1a: Broadside|34\/100\n|\n|-heal|p1a: Broadside|40\/100|[from] item: Leftovers\n|-damage|p2a: Revolution|68\/100 psn|[from] psn\n|upkeep\n|turn|4\n|\n|t:|1698627218\n|switch|p1a: Warhound|Scizor, F|100\/100\n|move|p2a: Revolution|Moonblast|p1a: Warhound\n|-resisted|p1a: Warhound\n|-damage|p1a: Warhound|73\/100\n|-unboost|p1a: Warhound|spa|1\n|\n|-damage|p2a: Revolution|55\/100 psn|[from] psn\n|upkeep\n|turn|5\n|\n|t:|1698627227\n|switch|p2a: BUFFALO WINGS|Coalossal, M|100\/100\n|detailschange|p1a: Warhound|Scizor-Mega, F\n|-mega|p1a: Warhound|Scizor|Scizorite\n|move|p1a: Warhound|Bullet Punch|p2a: BUFFALO WINGS\n|-damage|p2a: BUFFALO WINGS|86\/100\n|\n|upkeep\n|turn|6\n|\n|t:|1698627277\n|move|p1a: Warhound|U-turn|p2a: BUFFALO WINGS\n|-resisted|p2a: BUFFALO WINGS\n|-damage|p2a: BUFFALO WINGS|76\/100\n|-status|p1a: Warhound|brn|[from] ability: Flame Body|[of] p2a: BUFFALO WINGS\n|\n|t:|1698627285\n|switch|p1a: Baneblade|Ursaluna, M, shiny|100\/100|[from] U-turn\n|move|p2a: BUFFALO WINGS|Will-O-Wisp|p1a: Baneblade\n|-status|p1a: Baneblade|brn\n|\n|-damage|p1a: Baneblade|94\/100 brn|[from] brn\n|upkeep\n|turn|7\n|\n|t:|1698627302\n|switch|p2a: Ninjamage|Drednaw, F|100\/100\n|-item|p2a: Ninjamage|Air Balloon\n|move|p1a: Baneblade|Facade|p2a: Ninjamage\n|-resisted|p2a: Ninjamage\n|-damage|p2a: Ninjamage|32\/100\n|-enditem|p2a: Ninjamage|Air Balloon\n|\n|-damage|p1a: Baneblade|88\/100 brn|[from] brn\n|upkeep\n|turn|8\n|\n|t:|1698627318\n|switch|p1a: Harlequin|Meowscarada, M, shiny|100\/100\n|move|p2a: Ninjamage|Liquidation|p1a: Harlequin\n|-resisted|p1a: Harlequin\n|-damage|p1a: Harlequin|66\/100\n|-unboost|p1a: Harlequin|def|1\n|\n|upkeep\n|turn|9\n|\n|t:|1698627335\n|move|p1a: Harlequin|Flower Trick|p2a: Ninjamage\n|-start|p1a: Harlequin|typechange|Grass|[from] ability: Protean\n|-supereffective|p2a: Ninjamage\n|-crit|p2a: Ninjamage\n|-damage|p2a: Ninjamage|0 fnt\n|faint|p2a: Ninjamage\n|\n|upkeep\n|\n|t:|1698627353\n|switch|p2a: BUFFALO WINGS|Coalossal, M|76\/100\n|turn|10\n|\n|t:|1698627368\n|switch|p1a: Baneblade|Ursaluna, M, shiny|88\/100 brn\n|switch|p2a: Dopamine|Ogerpon-Cornerstone, F|100\/100\n|\n|-damage|p1a: Baneblade|82\/100 brn|[from] brn\n|upkeep\n|turn|11\n|\n|t:|1698627382\n|switch|p1a: Warhound|Scizor-Mega, F|73\/100 brn\n|move|p2a: Dopamine|Power Whip|p1a: Warhound\n|-resisted|p1a: Warhound\n|-damage|p1a: Warhound|62\/100 brn\n|\n|-damage|p1a: Warhound|56\/100 brn|[from] brn\n|upkeep\n|turn|12\n|\n|t:|1698627425\n|switch|p2a: Die Hard|Conkeldurr, M|100\/100\n|switch|p1a: Chimera|Glimmora, F, shiny|1\/100\n|\n|-status|p2a: Die Hard|brn|[from] item: Flame Orb\n|upkeep\n|turn|13\n|\n|t:|1698627436\n|move|p2a: Die Hard|Mach Punch|p1a: Chimera\n|-crit|p1a: Chimera\n|-damage|p1a: Chimera|0 fnt\n|-activate|p1a: Chimera|ability: Toxic Debris\n|-sidestart|p2: k7eenex|move: Toxic Spikes\n|faint|p1a: Chimera\n|\n|-damage|p2a: Die Hard|94\/100 brn|[from] brn\n|upkeep\n|\n|t:|1698627449\n|switch|p1a: Drake|Kommo-o, M|100\/100\n|turn|14\n|\n|t:|1698627461\n|switch|p2a: Revolution|Diancie-Mega|55\/100 psn\n|-zpower|p1a: Drake\n|move|p1a: Drake|Clangorous Soulblaze|p2a: Revolution|[zeffect]\n|-immune|p2a: Revolution\n|\n|-damage|p2a: Revolution|43\/100 psn|[from] psn\n|upkeep\n|turn|15\n|\n|t:|1698627485\n|switch|p1a: Warhound|Scizor-Mega, F|56\/100 brn\n|move|p2a: Revolution|Moonblast|p1a: Warhound\n|-resisted|p1a: Warhound\n|-damage|p1a: Warhound|29\/100 brn\n|-unboost|p1a: Warhound|spa|1\n|\n|-damage|p2a: Revolution|30\/100 psn|[from] psn\n|-damage|p1a: Warhound|23\/100 brn|[from] brn\n|upkeep\n|turn|16\n|\n|t:|1698627495\n|switch|p2a: BUFFALO WINGS|Coalossal, M|76\/100\n|move|p1a: Warhound|Bullet Punch|p2a: BUFFALO WINGS\n|-damage|p2a: BUFFALO WINGS|69\/100\n|\n|-damage|p1a: Warhound|17\/100 brn|[from] brn\n|upkeep\n|turn|17\n|\n|t:|1698627504\n|switch|p1a: Broadside|Rotom-Wash, shiny|40\/100\n|move|p2a: BUFFALO WINGS|Flamethrower|p1a: Broadside\n|-resisted|p1a: Broadside\n|-damage|p1a: Broadside|27\/100\n|\n|-heal|p1a: Broadside|33\/100|[from] item: Leftovers\n|upkeep\n|turn|18\n|\n|t:|1698627520\n|switch|p2a: Die Hard|Conkeldurr, M|94\/100 brn\n|move|p1a: Broadside|Hydro Pump|p2a: Die Hard\n|-damage|p2a: Die Hard|51\/100 brn\n|\n|-heal|p1a: Broadside|39\/100|[from] item: Leftovers\n|-damage|p2a: Die Hard|45\/100 brn|[from] brn\n|upkeep\n|turn|19\n|\n|t:|1698627534\n|move|p1a: Broadside|Volt Switch|p2a: Die Hard\n|-damage|p2a: Die Hard|18\/100 brn\n|\n|t:|1698627543\n|switch|p1a: Drake|Kommo-o, M|100\/100|[from] Volt Switch\n|move|p2a: Die Hard|Drain Punch|p1a: Drake\n|-damage|p1a: Drake|36\/100\n|-heal|p2a: Die Hard|41\/100 brn|[from] drain|[of] p1a: Drake\n|\n|-damage|p2a: Die Hard|35\/100 brn|[from] brn\n|upkeep\n|turn|20\n|\n|t:|1698627598\n|move|p2a: Die Hard|Mach Punch|p1a: Drake\n|-damage|p1a: Drake|0 fnt\n|faint|p1a: Drake\n|\n|-damage|p2a: Die Hard|29\/100 brn|[from] brn\n|upkeep\n|c|\u2606k7eenex|high roll\n|\n|t:|1698627605\n|switch|p1a: Baneblade|Ursaluna, M, shiny|82\/100 brn\n|turn|21\n|\n|t:|1698627627\n|switch|p1a: Broadside|Rotom-Wash, shiny|39\/100\n|move|p2a: Die Hard|Mach Punch|p1a: Broadside\n|-damage|p1a: Broadside|12\/100\n|\n|-heal|p1a: Broadside|18\/100|[from] item: Leftovers\n|-damage|p2a: Die Hard|23\/100 brn|[from] brn\n|upkeep\n|turn|22\n|\n|t:|1698627648\n|move|p2a: Die Hard|Mach Punch|p1a: Broadside\n|-damage|p1a: Broadside|0 fnt\n|faint|p1a: Broadside\n|\n|-damage|p2a: Die Hard|17\/100 brn|[from] brn\n|upkeep\n|\n|t:|1698627654\n|switch|p1a: Warhound|Scizor-Mega, F|17\/100 brn\n|turn|23\n|c|\u2606TheRealDiabeto|this is gg\n|\n|t:|1698627670\n|switch|p2a: BUFFALO WINGS|Coalossal, M|69\/100\n|move|p1a: Warhound|Bullet Punch|p2a: BUFFALO WINGS\n|-damage|p2a: BUFFALO WINGS|62\/100\n|\n|-damage|p1a: Warhound|10\/100 brn|[from] brn\n|upkeep\n|turn|24\n|\n|t:|1698627686\n|switch|p1a: Baneblade|Ursaluna, M, shiny|82\/100 brn\n|move|p2a: BUFFALO WINGS|Flamethrower|p1a: Baneblade\n|-damage|p1a: Baneblade|59\/100 brn\n|\n|-damage|p1a: Baneblade|53\/100 brn|[from] brn\n|upkeep\n|turn|25\n|\n|t:|1698627735\n|switch|p2a: Big Lenny|Nihilego|100\/100\n|-sideend|p2: k7eenex|move: Toxic Spikes|[of] p2a: Big Lenny\n|move|p1a: Baneblade|Facade|p2a: Big Lenny\n|-resisted|p2a: Big Lenny\n|-damage|p2a: Big Lenny|0 fnt\n|faint|p2a: Big Lenny\n|\n|-damage|p1a: Baneblade|47\/100 brn|[from] brn\n|upkeep\n|\n|t:|1698627750\n|switch|p2a: Revolution|Diancie-Mega|30\/100 psn\n|turn|26\n|\n|t:|1698627765\n|move|p2a: Revolution|Moonblast|p1a: Baneblade\n|-damage|p1a: Baneblade|0 fnt\n|faint|p1a: Baneblade\n|\n|-damage|p2a: Revolution|18\/100 psn|[from] psn\n|upkeep\n|\n|t:|1698627773\n|switch|p1a: Harlequin|Meowscarada, M, shiny|66\/100\n|turn|27\n|\n|t:|1698627780\n|move|p1a: Harlequin|Flower Trick|p2a: Revolution\n|-start|p1a: Harlequin|typechange|Grass|[from] ability: Protean\n|-supereffective|p2a: Revolution\n|-crit|p2a: Revolution\n|-damage|p2a: Revolution|0 fnt\n|faint|p2a: Revolution\n|\n|upkeep\n|\n|t:|1698627792\n|switch|p2a: Dopamine|Ogerpon-Cornerstone, F|100\/100\n|turn|28\n|\n|t:|1698627798\n|move|p1a: Harlequin|Flower Trick|p2a: Dopamine\n|-crit|p2a: Dopamine\n|-damage|p2a: Dopamine|34\/100\n|move|p2a: Dopamine|Ivy Cudgel|p1a: Harlequin\n|-damage|p1a: Harlequin|0 fnt\n|faint|p1a: Harlequin\n|\n|upkeep\n|\n|t:|1698627805\n|switch|p1a: Warhound|Scizor-Mega, F|10\/100 brn\n|turn|29\n|\n|t:|1698627810\n|move|p1a: Warhound|Bullet Punch|p2a: Dopamine\n|-supereffective|p2a: Dopamine\n|-damage|p2a: Dopamine|0 fnt\n|faint|p2a: Dopamine\n|\n|-damage|p1a: Warhound|4\/100 brn|[from] brn\n|upkeep\n|\n|t:|1698627816\n|switch|p2a: BUFFALO WINGS|Coalossal, M|62\/100\n|turn|30\n|\n|t:|1698627819\n|move|p1a: Warhound|Roost|p1a: Warhound\n|-heal|p1a: Warhound|54\/100 brn\n|-singleturn|p1a: Warhound|move: Roost\n|move|p2a: BUFFALO WINGS|Flamethrower|p1a: Warhound\n|-supereffective|p1a: Warhound\n|-damage|p1a: Warhound|0 fnt\n|faint|p1a: Warhound\n|\n|win|k7eenex\n|c|\u2606k7eenex|gg\n","uploadtime":1698627828,"views":26,"p1id":"therealdiabeto","p2id":"k7eenex","formatid":"gen9nationaldexubers","rating":0,"private":0,"password":""}