{"id":"gen9nationaldexubers-1993861817","p1":"electroshibe","p2":"pharius","format":"[Gen 9] National Dex Ubers","log":"|j|\u2606electroshibe\n|j|\u2606pharius\n|t:|1700366673\n|gametype|singles\n|player|p1|electroshibe|alec-anime|1190\n|player|p2|pharius|101|1245\n|teamsize|p1|6\n|teamsize|p2|6\n|gen|9\n|tier|[Gen 9] National Dex Ubers\n|rated|\n|rule|HP Percentage Mod: HP is shown in percentages\n|rule|Endless Battle Clause: Forcing endless battles is banned\n|rule|OHKO Clause: OHKO moves are banned\n|rule|Evasion Moves Clause: Evasion moves are banned\n|rule|Evasion Items Clause: Evasion items are banned\n|rule|Species Clause: Limit one of each Pok\u00e9mon\n|rule|Sleep Clause Mod: Limit one foe put to sleep\n|rule|Mega Rayquaza Clause: You cannot mega evolve Rayquaza\n|clearpoke\n|poke|p1|Absol, M|\n|poke|p1|Victini|\n|poke|p1|Arcanine-Hisui, F|\n|poke|p1|Greninja-*, M|\n|poke|p1|Ceruledge, M|\n|poke|p1|Manaphy|\n|poke|p2|Dragapult, M|\n|poke|p2|Banette, M|\n|poke|p2|Aegislash, F|\n|poke|p2|Mimikyu, F|\n|poke|p2|Drifblim, M|\n|poke|p2|Mismagius, F|\n|teampreview\n|\n|t:|1700366685\n|start\n|switch|p1a: Romantical|Manaphy|100\/100\n|switch|p2a: Dragapult|Dragapult, M|100\/100\n|turn|1\n|\n|t:|1700366690\n|move|p2a: Dragapult|Dragon Dance|p2a: Dragapult\n|-boost|p2a: Dragapult|atk|1\n|-boost|p2a: Dragapult|spe|1\n|move|p1a: Romantical|Blizzard|p2a: Dragapult\n|-supereffective|p2a: Dragapult\n|-damage|p2a: Dragapult|6\/100\n|\n|upkeep\n|turn|2\n|\n|t:|1700366697\n|move|p2a: Dragapult|Phantom Force||[still]\n|-prepare|p2a: Dragapult|Phantom Force\n|-enditem|p2a: Dragapult|Power Herb\n|-anim|p2a: Dragapult|Phantom Force|p1a: Romantical\n|-damage|p1a: Romantical|26\/100\n|move|p1a: Romantical|Ancient Power|p2a: Dragapult\n|-damage|p2a: Dragapult|0 fnt\n|faint|p2a: Dragapult\n|\n|-heal|p1a: Romantical|32\/100|[from] item: Leftovers\n|upkeep\n|\n|t:|1700366706\n|switch|p2a: Mismagius|Mismagius, F|100\/100\n|turn|3\n|\n|t:|1700366709\n|move|p2a: Mismagius|Thunderbolt|p1a: Romantical\n|-supereffective|p1a: Romantical\n|-damage|p1a: Romantical|0 fnt\n|faint|p1a: Romantical\n|\n|upkeep\n|\n|t:|1700366720\n|switch|p1a: Arev|Absol, M|100\/100\n|-ability|p1a: Arev|Pressure\n|turn|4\n|\n|t:|1700366728\n|detailschange|p1a: Arev|Absol-Mega, M\n|-mega|p1a: Arev|Absol|Absolite\n|move|p1a: Arev|Knock Off|p2a: Mismagius\n|-supereffective|p2a: Mismagius\n|-damage|p2a: Mismagius|0 fnt\n|-enditem|p2a: Mismagius|Choice Specs|[from] move: Knock Off|[of] p1a: Arev\n|faint|p2a: Mismagius\n|\n|upkeep\n|\n|t:|1700366734\n|switch|p2a: Banette|Banette, M|100\/100\n|turn|5\n|\n|t:|1700366739\n|detailschange|p2a: Banette|Banette-Mega, M\n|-mega|p2a: Banette|Banette|Banettite\n|move|p2a: Banette|Destiny Bond|p2a: Banette\n|-singlemove|p2a: Banette|Destiny Bond\n|move|p1a: Arev|Knock Off|p2a: Banette\n|-supereffective|p2a: Banette\n|-damage|p2a: Banette|2\/100\n|\n|upkeep\n|turn|6\n|\n|t:|1700366753\n|switch|p1a: Gorf|Greninja, M|100\/100\n|move|p2a: Banette|Knock Off|p1a: Gorf\n|-resisted|p1a: Gorf\n|-damage|p1a: Gorf|63\/100\n|-enditem|p1a: Gorf|Loaded Dice|[from] move: Knock Off|[of] p2a: Banette\n|\n|upkeep\n|turn|7\n|\n|t:|1700366760\n|move|p1a: Gorf|Water Shuriken|p2a: Banette\n|-damage|p2a: Banette|0 fnt\n|faint|p2a: Banette\n|-ability|p1a: Gorf|Battle Bond|boost\n|-boost|p1a: Gorf|atk|1\n|-boost|p1a: Gorf|spa|1\n|-boost|p1a: Gorf|spe|1\n|-activate|p1a: Gorf|ability: Battle Bond\n|-hitcount|p2: Banette|1\n|\n|upkeep\n|\n|t:|1700366763\n|switch|p2a: Drifblim|Drifblim, M|100\/100\n|turn|8\n|\n|t:|1700366766\n|-terastallize|p2a: Drifblim|Poison\n|move|p1a: Gorf|Dark Pulse|p2a: Drifblim\n|-damage|p2a: Drifblim|53\/100\n|move|p2a: Drifblim|Strength Sap|p1a: Gorf\n|-unboost|p1a: Gorf|atk|1\n|-heal|p2a: Drifblim|100\/100\n|\n|upkeep\n|turn|9\n|\n|t:|1700366775\n|move|p1a: Gorf|Blizzard|p2a: Drifblim\n|-damage|p2a: Drifblim|57\/100\n|move|p2a: Drifblim|Will-O-Wisp|p1a: Gorf\n|-status|p1a: Gorf|brn\n|\n|-damage|p1a: Gorf|57\/100 brn|[from] brn\n|upkeep\n|turn|10\n|\n|t:|1700366782\n|move|p1a: Gorf|Water Shuriken|p2a: Drifblim\n|-damage|p2a: Drifblim|47\/100\n|-enditem|p2a: Drifblim|Sitrus Berry|[eat]\n|-heal|p2a: Drifblim|72\/100|[from] item: Sitrus Berry\n|-damage|p2a: Drifblim|63\/100\n|-damage|p2a: Drifblim|54\/100\n|-hitcount|p2a: Drifblim|3\n|move|p2a: Drifblim|Strength Sap|p1a: Gorf\n|-unboost|p1a: Gorf|atk|1\n|-heal|p2a: Drifblim|99\/100\n|\n|-damage|p1a: Gorf|51\/100 brn|[from] brn\n|upkeep\n|turn|11\n|\n|t:|1700366794\n|move|p1a: Gorf|Blizzard|p2a: Drifblim\n|-damage|p2a: Drifblim|58\/100\n|move|p2a: Drifblim|Calm Mind|p2a: Drifblim\n|-boost|p2a: Drifblim|spa|1\n|-boost|p2a: Drifblim|spd|1\n|\n|-damage|p1a: Gorf|45\/100 brn|[from] brn\n|upkeep\n|turn|12\n|\n|t:|1700366798\n|move|p1a: Gorf|Blizzard|p2a: Drifblim\n|-damage|p2a: Drifblim|30\/100\n|move|p2a: Drifblim|Strength Sap|p1a: Gorf\n|-unboost|p1a: Gorf|atk|1\n|-heal|p2a: Drifblim|60\/100\n|\n|-damage|p1a: Gorf|39\/100 brn|[from] brn\n|upkeep\n|turn|13\n|\n|t:|1700366807\n|move|p1a: Gorf|Blizzard|p2a: Drifblim\n|-damage|p2a: Drifblim|31\/100\n|move|p2a: Drifblim|Hex|p1a: Gorf\n|-resisted|p1a: Gorf\n|-crit|p1a: Gorf\n|-damage|p1a: Gorf|0 fnt\n|faint|p1a: Gorf\n|\n|upkeep\n|\n|t:|1700366811\n|switch|p1a: Bikutini|Victini|100\/100\n|turn|14\n|\n|t:|1700366818\n|move|p2a: Drifblim|Strength Sap|p1a: Bikutini\n|-unboost|p1a: Bikutini|atk|1\n|-heal|p2a: Drifblim|72\/100\n|move|p1a: Bikutini|Psychic|p2a: Drifblim\n|-supereffective|p2a: Drifblim\n|-damage|p2a: Drifblim|30\/100\n|\n|upkeep\n|turn|15\n|\n|t:|1700366826\n|move|p2a: Drifblim|Hex|p1a: Bikutini\n|-supereffective|p1a: Bikutini\n|-damage|p1a: Bikutini|37\/100\n|move|p1a: Bikutini|Psychic|p2a: Drifblim\n|-supereffective|p2a: Drifblim\n|-damage|p2a: Drifblim|0 fnt\n|faint|p2a: Drifblim\n|\n|upkeep\n|\n|t:|1700366831\n|switch|p2a: Aegislash|Aegislash, F|100\/100\n|turn|16\n|\n|t:|1700366841\n|-formechange|p2a: Aegislash|Aegislash-Blade||[from] ability: Stance Change\n|move|p2a: Aegislash|Shadow Sneak|p1a: Bikutini\n|-supereffective|p1a: Bikutini\n|-damage|p1a: Bikutini|3\/100\n|-zpower|p1a: Bikutini\n|move|p1a: Bikutini|Z-Celebrate|p1a: Bikutini|[anim]Celebrate\n|-boost|p1a: Bikutini|atk|1|[zeffect]\n|-boost|p1a: Bikutini|def|1|[zeffect]\n|-boost|p1a: Bikutini|spa|1|[zeffect]\n|-boost|p1a: Bikutini|spd|1|[zeffect]\n|-boost|p1a: Bikutini|spe|1|[zeffect]\n|-activate|p1a: Bikutini|move: Celebrate\n|\n|upkeep\n|turn|17\n|\n|t:|1700366847\n|move|p2a: Aegislash|Shadow Sneak|p1a: Bikutini\n|-supereffective|p1a: Bikutini\n|-damage|p1a: Bikutini|0 fnt\n|faint|p1a: Bikutini\n|\n|upkeep\n|\n|t:|1700366851\n|switch|p1a: Zero|Ceruledge, M|100\/100\n|turn|18\n|\n|t:|1700366861\n|-formechange|p2a: Aegislash|Aegislash||[from] ability: Stance Change\n|move|p2a: Aegislash|King's Shield|p2a: Aegislash\n|-singleturn|p2a: Aegislash|Protect\n|move|p1a: Zero|Destiny Bond|p1a: Zero\n|-singlemove|p1a: Zero|Destiny Bond\n|\n|upkeep\n|turn|19\n|\n|t:|1700366869\n|move|p1a: Zero|Swords Dance|p1a: Zero\n|-boost|p1a: Zero|atk|2\n|-formechange|p2a: Aegislash|Aegislash-Blade||[from] ability: Stance Change\n|move|p2a: Aegislash|Shadow Ball|p1a: Zero\n|-supereffective|p1a: Zero\n|-damage|p1a: Zero|8\/100\n|\n|upkeep\n|turn|20\n|\n|t:|1700366878\n|move|p2a: Aegislash|Shadow Sneak|p1a: Zero\n|-supereffective|p1a: Zero\n|-damage|p1a: Zero|0 fnt\n|faint|p1a: Zero\n|\n|upkeep\n|\n|t:|1700366882\n|switch|p1a: Arev|Absol-Mega, M|100\/100\n|turn|21\n|\n|t:|1700366893\n|switch|p1a: Amaterasu|Arcanine-Hisui, F|100\/100\n|-formechange|p2a: Aegislash|Aegislash||[from] ability: Stance Change\n|move|p2a: Aegislash|King's Shield||[still]\n|-fail|p2a: Aegislash\n|\n|upkeep\n|turn|22\n|\n|t:|1700366899\n|move|p1a: Amaterasu|Flare Blitz|p2a: Aegislash\n|-supereffective|p2a: Aegislash\n|-damage|p2a: Aegislash|15\/100\n|-formechange|p2a: Aegislash|Aegislash-Blade||[from] ability: Stance Change\n|move|p2a: Aegislash|Shadow Ball|p1a: Amaterasu\n|-damage|p1a: Amaterasu|70\/100\n|-unboost|p1a: Amaterasu|spd|1\n|\n|-heal|p2a: Aegislash|21\/100|[from] item: Leftovers\n|upkeep\n|turn|23\n|\n|t:|1700366912\n|switch|p1a: Arev|Absol-Mega, M|100\/100\n|-formechange|p2a: Aegislash|Aegislash||[from] ability: Stance Change\n|move|p2a: Aegislash|King's Shield||[still]\n|-fail|p2a: Aegislash\n|\n|-heal|p2a: Aegislash|28\/100|[from] item: Leftovers\n|upkeep\n|turn|24\n|\n|t:|1700366919\n|move|p1a: Arev|Knock Off|p2a: Aegislash\n|-supereffective|p2a: Aegislash\n|-damage|p2a: Aegislash|0 fnt\n|-enditem|p2a: Aegislash|Leftovers|[from] move: Knock Off|[of] p1a: Arev\n|faint|p2a: Aegislash\n|\n|upkeep\n|\n|t:|1700366923\n|switch|p2a: Mimikyu|Mimikyu, F|100\/100\n|turn|25\n|\n|t:|1700366936\n|switch|p1a: Amaterasu|Arcanine-Hisui, F|70\/100\n|move|p2a: Mimikyu|Play Rough|p1a: Amaterasu\n|-resisted|p1a: Amaterasu\n|-damage|p1a: Amaterasu|42\/100\n|-damage|p2a: Mimikyu|91\/100|[from] item: Life Orb\n|\n|upkeep\n|turn|26\n|\n|t:|1700366943\n|move|p2a: Mimikyu|Drain Punch|p1a: Amaterasu\n|-supereffective|p1a: Amaterasu\n|-damage|p1a: Amaterasu|0 fnt\n|-heal|p2a: Mimikyu|100\/100|[from] drain|[of] p1a: Amaterasu\n|faint|p1a: Amaterasu\n|-damage|p2a: Mimikyu|91\/100|[from] item: Life Orb\n|\n|upkeep\n|c|\u2606pharius|sasuke!!!!!!!!!!!!!!!!!!!!!!\n|\n|t:|1700366951\n|switch|p1a: Arev|Absol-Mega, M|100\/100\n|turn|27\n|\n|t:|1700366960\n|move|p1a: Arev|Knock Off|p2a: Mimikyu\n|-activate|p2a: Mimikyu|ability: Disguise\n|-damage|p2a: Mimikyu|91\/100\n|-enditem|p2a: Mimikyu|Life Orb|[from] move: Knock Off|[of] p1a: Arev\n|detailschange|p2a: Mimikyu|Mimikyu-Busted, F\n|-damage|p2a: Mimikyu|78\/100|[from] pokemon: Mimikyu-Busted\n|move|p2a: Mimikyu|Drain Punch|p1a: Arev\n|-supereffective|p1a: Arev\n|-damage|p1a: Arev|19\/100\n|-heal|p2a: Mimikyu|100\/100|[from] drain|[of] p1a: Arev\n|\n|upkeep\n|turn|28\n|\n|t:|1700366970\n|move|p1a: Arev|Iron Tail|p2a: Mimikyu\n|-supereffective|p2a: Mimikyu\n|-damage|p2a: Mimikyu|0 fnt\n|faint|p2a: Mimikyu\n|\n|win|electroshibe\n|raw|electroshibe's rating: 1190 &rarr; <strong>1219<\/strong><br \/>(+29 for winning)\n|raw|pharius's rating: 1245 &rarr; <strong>1216<\/strong><br \/>(-29 for losing)\n","uploadtime":1700366977,"views":9,"p1id":"electroshibe","p2id":"pharius","formatid":"gen9nationaldexubers","rating":1216,"private":0,"password":""}