{"id":"gen9nationaldexubers-1989679793","p1":"tsukishirohinami\u6708\u767d","p2":"Szymszym134","format":"[Gen 9] National Dex Ubers","log":"|j|\u2606tsukishirohinami\u6708\u767d\n|j|\u2606Szymszym134\n|t:|1699886198\n|gametype|singles\n|player|p1|tsukishirohinami\u6708\u767d|allister-masters|1462\n|player|p2|Szymszym134|elesa|1639\n|teamsize|p1|6\n|teamsize|p2|6\n|gen|9\n|tier|[Gen 9] National Dex Ubers\n|rated|\n|rule|HP Percentage Mod: HP is shown in percentages\n|rule|Endless Battle Clause: Forcing endless battles is banned\n|rule|OHKO Clause: OHKO moves are banned\n|rule|Evasion Moves Clause: Evasion moves are banned\n|rule|Evasion Items Clause: Evasion items are banned\n|rule|Species Clause: Limit one of each Pok\u00e9mon\n|rule|Sleep Clause Mod: Limit one foe put to sleep\n|rule|Mega Rayquaza Clause: You cannot mega evolve Rayquaza\n|clearpoke\n|poke|p1|Arceus-Ground|\n|poke|p1|Marshadow|\n|poke|p1|Rayquaza|\n|poke|p1|Banette, F|\n|poke|p1|Great Tusk|\n|poke|p1|Ditto|\n|poke|p2|Mewtwo|\n|poke|p2|Kingambit, M|\n|poke|p2|Garganacl, M|\n|poke|p2|Arceus-Ground|\n|poke|p2|Ditto|\n|poke|p2|Kyurem-Black|\n|teampreview\n|inactive|Battle timer is ON: inactive players will automatically lose when time's up. (requested by Szymszym134)\n|inactive|tsukishirohinami\u6708\u767d also wants the timer to be on.\n|\n|t:|1699886210\n|start\n|switch|p1a: Marshadow|Marshadow|100\/100\n|switch|p2a: Kyurem|Kyurem-Black|100\/100\n|-ability|p2a: Kyurem|Teravolt\n|turn|1\n|\n|t:|1699886213\n|-terastallize|p2a: Kyurem|Electric\n|move|p1a: Marshadow|Close Combat|p2a: Kyurem\n|-damage|p2a: Kyurem|38\/100\n|-unboost|p1a: Marshadow|def|1\n|-unboost|p1a: Marshadow|spd|1\n|move|p2a: Kyurem|Icicle Spear|p1a: Marshadow\n|-damage|p1a: Marshadow|60\/100\n|-damage|p1a: Marshadow|17\/100\n|-damage|p1a: Marshadow|0 fnt\n|faint|p1a: Marshadow\n|-hitcount|p1: Marshadow|3\n|-damage|p2a: Kyurem|28\/100|[from] item: Life Orb\n|\n|upkeep\n|\n|t:|1699886225\n|switch|p1a: \ud83e\udd99|Arceus-Ground|100\/100\n|turn|2\n|\n|t:|1699886239\n|switch|p2a: Arceus|Arceus-Ground|100\/100\n|move|p1a: \ud83e\udd99|Judgment|p2a: Arceus\n|-damage|p2a: Arceus|60\/100\n|\n|upkeep\n|turn|3\n|\n|t:|1699886246\n|move|p1a: \ud83e\udd99|Judgment|p2a: Arceus\n|-damage|p2a: Arceus|15\/100\n|move|p2a: Arceus|Toxic|p1a: \ud83e\udd99\n|-status|p1a: \ud83e\udd99|tox\n|\n|-damage|p1a: \ud83e\udd99|94\/100 tox|[from] psn\n|upkeep\n|turn|4\n|\n|t:|1699886252\n|switch|p2a: Mewtwo|Mewtwo|100\/100\n|-ability|p2a: Mewtwo|Unnerve\n|move|p1a: \ud83e\udd99|Judgment|p2a: Mewtwo\n|-damage|p2a: Mewtwo|33\/100\n|\n|-damage|p1a: \ud83e\udd99|82\/100 tox|[from] psn\n|upkeep\n|turn|5\n|\n|t:|1699886260\n|switch|p1a: Ditto|Ditto|100\/100\n|-transform|p1a: Ditto|p2a: Mewtwo|[from] ability: Imposter\n|-ability|p1a: Ditto|Unnerve\n|detailschange|p2a: Mewtwo|Mewtwo-Mega-Y\n|-mega|p2a: Mewtwo|Mewtwo|Mewtwonite Y\n|move|p2a: Mewtwo|Ice Beam|p1a: Ditto\n|-damage|p1a: Ditto|47\/100\n|\n|upkeep\n|turn|6\n|\n|t:|1699886271\n|switch|p2a: Kingambit|Kingambit, M|100\/100\n|move|p1a: Ditto|Earth Power|p2a: Kingambit\n|-supereffective|p2a: Kingambit\n|-damage|p2a: Kingambit|28\/100\n|\n|upkeep\n|turn|7\n|\n|t:|1699886279\n|switch|p1a: Great Tusk|Great Tusk|100\/100\n|move|p2a: Kingambit|Sucker Punch||[still]\n|-fail|p2a: Kingambit\n|\n|upkeep\n|turn|8\n|\n|t:|1699886283\n|-end|p2a: Kingambit|fallenundefined|[silent]\n|switch|p2a: Garganacl|Garganacl, M|100\/100\n|move|p1a: Great Tusk|Stealth Rock|p2a: Garganacl\n|-sidestart|p2: Szymszym134|move: Stealth Rock\n|\n|upkeep\n|turn|9\n|\n|t:|1699886290\n|move|p2a: Garganacl|Protect|p2a: Garganacl\n|-singleturn|p2a: Garganacl|Protect\n|move|p1a: Great Tusk|Knock Off|p2a: Garganacl\n|-activate|p2a: Garganacl|move: Protect\n|\n|upkeep\n|turn|10\n|\n|t:|1699886295\n|move|p1a: Great Tusk|Headlong Rush|p2a: Garganacl\n|-supereffective|p2a: Garganacl\n|-damage|p2a: Garganacl|29\/100\n|-unboost|p1a: Great Tusk|def|1\n|-unboost|p1a: Great Tusk|spd|1\n|move|p2a: Garganacl|Salt Cure|p1a: Great Tusk\n|-resisted|p1a: Great Tusk\n|-damage|p1a: Great Tusk|97\/100\n|-start|p1a: Great Tusk|Salt Cure\n|\n|-heal|p1a: Great Tusk|100\/100|[from] item: Leftovers\n|-heal|p2a: Garganacl|35\/100|[from] item: Leftovers\n|-damage|p1a: Great Tusk|88\/100|[from] Salt Cure\n|upkeep\n|turn|11\n|\n|t:|1699886307\n|-end|p1a: Great Tusk|Protosynthesis|[silent]\n|switch|p1a: \ud83e\udd99|Arceus-Ground|82\/100 tox\n|move|p2a: Garganacl|Protect||[still]\n|-fail|p2a: Garganacl\n|\n|-heal|p2a: Garganacl|41\/100|[from] item: Leftovers\n|-damage|p1a: \ud83e\udd99|76\/100 tox|[from] psn\n|upkeep\n|turn|12\n|\n|t:|1699886309\n|move|p1a: \ud83e\udd99|Judgment|p2a: Garganacl\n|-supereffective|p2a: Garganacl\n|-damage|p2a: Garganacl|0 fnt\n|faint|p2a: Garganacl\n|\n|-damage|p1a: \ud83e\udd99|64\/100 tox|[from] psn\n|upkeep\n|\n|t:|1699886312\n|switch|p2a: Arceus|Arceus-Ground|15\/100\n|-damage|p2a: Arceus|9\/100|[from] Stealth Rock\n|turn|13\n|\n|t:|1699886316\n|move|p1a: \ud83e\udd99|Judgment|p2a: Arceus\n|-damage|p2a: Arceus|0 fnt\n|faint|p2a: Arceus\n|\n|-damage|p1a: \ud83e\udd99|46\/100 tox|[from] psn\n|upkeep\n|\n|t:|1699886321\n|switch|p2a: Mewtwo|Mewtwo-Mega-Y|33\/100\n|-damage|p2a: Mewtwo|21\/100|[from] Stealth Rock\n|turn|14\n|\n|t:|1699886325\n|move|p2a: Mewtwo|Ice Beam|p1a: \ud83e\udd99\n|-supereffective|p1a: \ud83e\udd99\n|-damage|p1a: \ud83e\udd99|0 fnt\n|faint|p1a: \ud83e\udd99\n|\n|upkeep\n|\n|t:|1699886327\n|switch|p1a: Rayquaza|Rayquaza|100\/100\n|-ability|p1a: Rayquaza|Air Lock\n|turn|15\n|\n|t:|1699886330\n|move|p1a: Rayquaza|Extreme Speed|p2a: Mewtwo\n|-damage|p2a: Mewtwo|0 fnt\n|faint|p2a: Mewtwo\n|-damage|p1a: Rayquaza|91\/100|[from] item: Life Orb\n|\n|upkeep\n|\n|t:|1699886334\n|switch|p2a: Ditto|Ditto|100\/100\n|-damage|p2a: Ditto|88\/100|[from] Stealth Rock\n|-transform|p2a: Ditto|p1a: Rayquaza|[from] ability: Imposter\n|turn|16\n|\n|t:|1699886341\n|move|p1a: Rayquaza|Extreme Speed|p2a: Ditto\n|-crit|p2a: Ditto\n|-damage|p2a: Ditto|17\/100\n|-damage|p1a: Rayquaza|81\/100|[from] item: Life Orb\n|move|p2a: Ditto|Dragon Ascent|p1a: Rayquaza\n|-damage|p1a: Rayquaza|10\/100\n|-unboost|p2a: Ditto|def|1\n|-unboost|p2a: Ditto|spd|1\n|\n|upkeep\n|turn|17\n|\n|t:|1699886351\n|switch|p2a: Kyurem|Kyurem-Black, tera:Electric|28\/100\n|-damage|p2a: Kyurem|16\/100|[from] Stealth Rock\n|-ability|p2a: Kyurem|Teravolt\n|move|p1a: Rayquaza|V-create|p2a: Kyurem\n|-damage|p2a: Kyurem|0 fnt\n|-unboost|p1a: Rayquaza|spe|1\n|-unboost|p1a: Rayquaza|def|1\n|-unboost|p1a: Rayquaza|spd|1\n|faint|p2a: Kyurem\n|-damage|p1a: Rayquaza|0 fnt|[from] item: Life Orb\n|faint|p1a: Rayquaza\n|\n|upkeep\n|\n|t:|1699886362\n|switch|p1a: Ditto|Ditto|47\/100\n|switch|p2a: Ditto|Ditto|17\/100\n|-damage|p2a: Ditto|5\/100|[from] Stealth Rock\n|-transform|p2a: Ditto|p1a: Ditto|[from] ability: Imposter\n|turn|18\n|\n|t:|1699886370\n|switch|p1a: Great Tusk|Great Tusk|88\/100\n|move|p2a: Ditto|Transform||[still]\n|-fail|p2a: Ditto\n|\n|-heal|p1a: Great Tusk|94\/100|[from] item: Leftovers\n|upkeep\n|turn|19\n|\n|t:|1699886374\n|move|p1a: Great Tusk|Rapid Spin|p2a: Ditto\n|-damage|p2a: Ditto|0 fnt\n|-boost|p1a: Great Tusk|spe|1\n|faint|p2a: Ditto\n|\n|-heal|p1a: Great Tusk|100\/100|[from] item: Leftovers\n|upkeep\n|\n|t:|1699886379\n|switch|p2a: Kingambit|Kingambit, M|28\/100\n|-damage|p2a: Kingambit|22\/100|[from] Stealth Rock\n|-activate|p2a: Kingambit|ability: Supreme Overlord\n|-start|p2a: Kingambit|fallen5|[silent]\n|turn|20\n|\n|t:|1699886384\n|move|p2a: Kingambit|Sucker Punch|p1a: Great Tusk\n|-resisted|p1a: Great Tusk\n|-damage|p1a: Great Tusk|75\/100\n|move|p1a: Great Tusk|Headlong Rush|p2a: Kingambit\n|-supereffective|p2a: Kingambit\n|-damage|p2a: Kingambit|0 fnt\n|-unboost|p1a: Great Tusk|def|1\n|-unboost|p1a: Great Tusk|spd|1\n|faint|p2a: Kingambit\n|-end|p2a: Kingambit|fallen5|[silent]\n|\n|win|tsukishirohinami\u6708\u767d\n|raw|tsukishirohinami\u6708\u767d's rating: 1462 &rarr; <strong>1491<\/strong><br \/>(+29 for winning)\n|raw|Szymszym134's rating: 1639 &rarr; <strong>1610<\/strong><br \/>(-29 for losing)\n|l|\u2606Szymszym134\n","uploadtime":1699886474,"views":4,"p1id":"tsukishirohinami","p2id":"szymszym134","formatid":"gen9nationaldexubers","rating":1491,"private":0,"password":""}