{"id":"gen9nationaldexubers-1995167475","p1":"foofoo1","p2":"geeb69","format":"[Gen 9] National Dex Ubers","log":"|j|\u2606foofoo1\n|j|\u2606geeb69\n|t:|1700530126\n|gametype|singles\n|player|p1|foofoo1|170|\n|player|p2|geeb69|ethan|\n|teamsize|p1|6\n|teamsize|p2|6\n|gen|9\n|tier|[Gen 9] National Dex Ubers\n|rule|HP Percentage Mod: HP is shown in percentages\n|rule|Endless Battle Clause: Forcing endless battles is banned\n|rule|OHKO Clause: OHKO moves are banned\n|rule|Evasion Moves Clause: Evasion moves are banned\n|rule|Evasion Items Clause: Evasion items are banned\n|rule|Species Clause: Limit one of each Pok\u00e9mon\n|rule|Sleep Clause Mod: Limit one foe put to sleep\n|rule|Mega Rayquaza Clause: You cannot mega evolve Rayquaza\n|clearpoke\n|poke|p1|Blissey, F|\n|poke|p1|Dondozo, M|\n|poke|p1|Tapu Koko|\n|poke|p1|Ting-Lu|\n|poke|p1|Diancie|\n|poke|p1|Hawlucha, F|\n|poke|p2|Manectric, M|\n|poke|p2|Dragonite, M|\n|poke|p2|Stakataka|\n|poke|p2|Ursaluna, M|\n|poke|p2|Urshifu-*, M|\n|poke|p2|Meowscarada, F|\n|teampreview\n|j| Slumpyboocus\n|j| Hotpepper22\n|j| ORGANLOVER16\n|j| Dunsparce Devotee\n|j| sandsword\n|c| Dunsparce Devotee|gl to both of you\n|\n|t:|1700530185\n|start\n|switch|p1a: Dondozo|Dondozo, M|100\/100\n|switch|p2a: Takastaka|Stakataka, shiny|100\/100\n|turn|1\n|\n|t:|1700530198\n|switch|p2a: W.P.O.A.T|Dragonite, M|100\/100\n|move|p1a: Dondozo|Body Press|p2a: W.P.O.A.T\n|-resisted|p2a: W.P.O.A.T\n|-damage|p2a: W.P.O.A.T|95\/100\n|\n|upkeep\n|turn|2\n|\n|t:|1700530235\n|switch|p2a: ear hole|Manectric, M, shiny|100\/100\n|move|p1a: Dondozo|Avalanche|p2a: ear hole\n|-damage|p2a: ear hole|76\/100\n|\n|upkeep\n|turn|3\n|\n|t:|1700530257\n|switch|p1a: Tapu Koko|Tapu Koko|100\/100\n|-fieldstart|move: Electric Terrain|[from] ability: Electric Surge|[of] p1a: Tapu Koko\n|detailschange|p2a: ear hole|Manectric-Mega, M, shiny\n|-mega|p2a: ear hole|Manectric|Manectite\n|-ability|p2a: ear hole|Intimidate|boost\n|-unboost|p1a: Tapu Koko|atk|1\n|move|p2a: ear hole|Hidden Power|p1a: Tapu Koko\n|-damage|p1a: Tapu Koko|65\/100\n|\n|upkeep\n|turn|4\n|\n|t:|1700530296\n|switch|p1a: Ting-Lu|Ting-Lu|100\/100\n|-ability|p1a: Ting-Lu|Vessel of Ruin\n|move|p2a: ear hole|Flamethrower|p1a: Ting-Lu\n|-damage|p1a: Ting-Lu|87\/100\n|-status|p1a: Ting-Lu|brn\n|\n|-damage|p1a: Ting-Lu|81\/100 brn|[from] brn\n|upkeep\n|turn|5\n|c| sandsword|the luck\n|\n|t:|1700530316\n|switch|p2a: Meow|Meowscarada, F|100\/100\n|move|p1a: Ting-Lu|Ruination|p2a: Meow\n|-damage|p2a: Meow|51\/100\n|\n|-heal|p2a: Meow|57\/100|[from] item: Leftovers\n|-damage|p1a: Ting-Lu|75\/100 brn|[from] brn\n|upkeep\n|turn|6\n|\n|t:|1700530337\n|move|p2a: Meow|Play Rough|p1a: Ting-Lu\n|-start|p2a: Meow|typechange|Fairy|[from] ability: Protean\n|-supereffective|p1a: Ting-Lu\n|-damage|p1a: Ting-Lu|41\/100 brn\n|move|p1a: Ting-Lu|Body Press|p2a: Meow\n|-resisted|p2a: Meow\n|-damage|p2a: Meow|46\/100\n|\n|-heal|p2a: Meow|52\/100|[from] item: Leftovers\n|-damage|p1a: Ting-Lu|35\/100 brn|[from] brn\n|upkeep\n|turn|7\n|\n|t:|1700530353\n|move|p2a: Meow|Flower Trick|p1a: Ting-Lu\n|-supereffective|p1a: Ting-Lu\n|-crit|p1a: Ting-Lu\n|-damage|p1a: Ting-Lu|7\/100 brn\n|move|p1a: Ting-Lu|Ruination|p2a: Meow\n|-damage|p2a: Meow|26\/100\n|\n|-heal|p2a: Meow|32\/100|[from] item: Leftovers\n|-damage|p1a: Ting-Lu|0 fnt|[from] brn\n|faint|p1a: Ting-Lu\n|-fieldend|move: Electric Terrain\n|upkeep\n|\n|t:|1700530405\n|switch|p1a: Tapu Koko|Tapu Koko|65\/100\n|-fieldstart|move: Electric Terrain|[from] ability: Electric Surge|[of] p1a: Tapu Koko\n|turn|8\n|\n|t:|1700530435\n|switch|p2a: Takastaka|Stakataka, shiny|100\/100\n|move|p1a: Tapu Koko|Thunderbolt|p2a: Takastaka\n|-damage|p2a: Takastaka|43\/100\n|\n|upkeep\n|turn|9\n|\n|t:|1700530446\n|switch|p1a: Dondozo|Dondozo, M|100\/100\n|switch|p2a: OrganLover|Ursaluna, M, shiny|100\/100\n|\n|-status|p2a: OrganLover|brn|[from] item: Flame Orb\n|upkeep\n|turn|10\n|\n|t:|1700530462\n|move|p2a: OrganLover|Facade|p1a: Dondozo\n|-damage|p1a: Dondozo|46\/100\n|-damage|p2a: OrganLover|84\/100 brn|[from] item: Rocky Helmet|[of] p1a: Dondozo\n|move|p1a: Dondozo|Liquidation|p2a: OrganLover\n|-supereffective|p2a: OrganLover\n|-damage|p2a: OrganLover|42\/100 brn\n|-unboost|p2a: OrganLover|def|1\n|\n|-damage|p2a: OrganLover|36\/100 brn|[from] brn\n|upkeep\n|turn|11\n|\n|t:|1700530479\n|move|p2a: OrganLover|Facade|p1a: Dondozo\n|-crit|p1a: Dondozo\n|-damage|p1a: Dondozo|0 fnt\n|-damage|p2a: OrganLover|19\/100 brn|[from] item: Rocky Helmet|[of] p1a: Dondozo\n|faint|p1a: Dondozo\n|\n|-damage|p2a: OrganLover|13\/100 brn|[from] brn\n|upkeep\n|c| ORGANLOVER16|my brother\n|\n|t:|1700530506\n|switch|p1a: Diancie|Diancie|100\/100\n|turn|12\n|\n|t:|1700530523\n|detailschange|p1a: Diancie|Diancie-Mega\n|-mega|p1a: Diancie|Diancie|Diancite\n|move|p1a: Diancie|Diamond Storm|p2a: OrganLover\n|-resisted|p2a: OrganLover\n|-damage|p2a: OrganLover|0 fnt\n|faint|p2a: OrganLover\n|\n|-fieldend|move: Electric Terrain\n|upkeep\n|c|\u2606geeb69|organ love stop ur distracting me!!!!!\n|\n|t:|1700530552\n|switch|p2a: Liver King|Urshifu-Rapid-Strike, M|100\/100\n|turn|13\n|\n|t:|1700530557\n|move|p2a: Liver King|Surging Strikes|p1a: Diancie\n|-supereffective|p1a: Diancie\n|-crit|p1a: Diancie\n|-damage|p1a: Diancie|51\/100\n|-supereffective|p1a: Diancie\n|-crit|p1a: Diancie\n|-damage|p1a: Diancie|0 fnt\n|faint|p1a: Diancie\n|-hitcount|p1: Diancie|2\n|\n|upkeep\n|\n|t:|1700530564\n|switch|p1a: Tapu Koko|Tapu Koko|65\/100\n|-fieldstart|move: Electric Terrain|[from] ability: Electric Surge|[of] p1a: Tapu Koko\n|turn|14\n|\n|t:|1700530622\n|switch|p2a: ear hole|Manectric-Mega, M, shiny|76\/100\n|-ability|p2a: ear hole|Intimidate|boost\n|-unboost|p1a: Tapu Koko|atk|1\n|move|p1a: Tapu Koko|Thunderbolt|p2a: ear hole\n|-resisted|p2a: ear hole\n|-damage|p2a: ear hole|16\/100\n|\n|upkeep\n|turn|15\n|\n|t:|1700530645\n|switch|p1a: Blissey|Blissey, F|100\/100\n|move|p2a: ear hole|Flamethrower|p1a: Blissey\n|-damage|p1a: Blissey|90\/100\n|\n|-heal|p1a: Blissey|97\/100|[from] item: Leftovers\n|upkeep\n|turn|16\n|\n|t:|1700530667\n|switch|p1a: Hawlucha|Hawlucha, F|100\/100\n|-enditem|p1a: Hawlucha|Electric Seed\n|-boost|p1a: Hawlucha|def|1|[from] item: Electric Seed\n|move|p2a: ear hole|Volt Switch|p1a: Hawlucha\n|-supereffective|p1a: Hawlucha\n|-damage|p1a: Hawlucha|0 fnt\n|faint|p1a: Hawlucha\n|c|\u2606foofoo1|gg\n|-message|foofoo1 forfeited.\n|\n|win|geeb69\n|l|\u2606foofoo1\n|c|\u2606geeb69|gg\n","uploadtime":1700530690,"views":11,"p1id":"foofoo1","p2id":"geeb69","formatid":"gen9nationaldexubers","rating":0,"private":0,"password":""}