{"id":"gen9nationaldexubers-1993387689","p1":"hogocog","p2":"Weirdful","format":"[Gen 9] National Dex Ubers","log":"|j|\u2606hogocog\n|j|\u2606Weirdful\n|t:|1700310570\n|gametype|singles\n|player|p1|hogocog|pokekid|\n|player|p2|Weirdful|101|\n|teamsize|p1|6\n|teamsize|p2|6\n|gen|9\n|tier|[Gen 9] National Dex Ubers\n|rule|HP Percentage Mod: HP is shown in percentages\n|rule|Endless Battle Clause: Forcing endless battles is banned\n|rule|OHKO Clause: OHKO moves are banned\n|rule|Evasion Moves Clause: Evasion moves are banned\n|rule|Evasion Items Clause: Evasion items are banned\n|rule|Species Clause: Limit one of each Pok\u00e9mon\n|rule|Sleep Clause Mod: Limit one foe put to sleep\n|rule|Mega Rayquaza Clause: You cannot mega evolve Rayquaza\n|clearpoke\n|poke|p1|Ursaluna-Bloodmoon, M|\n|poke|p1|Salamence, F|\n|poke|p1|Ferrothorn, F|\n|poke|p1|Dracovish|\n|poke|p1|Darmanitan-Galar, M|\n|poke|p1|Greninja-*, M|\n|poke|p2|Aerodactyl, M|\n|poke|p2|Gardevoir, F|\n|poke|p2|Blaziken, F|\n|poke|p2|Clefable, F|\n|poke|p2|Greninja-*, M|\n|poke|p2|Garchomp, M|\n|teampreview\n|j| Rainer367\n|j| CloysterEnjoyer\n|\n|t:|1700310598\n|start\n|switch|p1a: Darmanitan|Darmanitan-Galar, M|100\/100\n|switch|p2a: Maybach S-Class|Clefable, F|100\/100\n|turn|1\n|\n|t:|1700310613\n|move|p1a: Darmanitan|Icicle Crash|p2a: Maybach S-Class\n|-damage|p2a: Maybach S-Class|47\/100\n|move|p2a: Maybach S-Class|Calm Mind|p2a: Maybach S-Class\n|-boost|p2a: Maybach S-Class|spa|1\n|-boost|p2a: Maybach S-Class|spd|1\n|\n|-heal|p2a: Maybach S-Class|53\/100|[from] item: Leftovers\n|upkeep\n|turn|2\n|\n|t:|1700310619\n|move|p1a: Darmanitan|Icicle Crash|p2a: Maybach S-Class|[miss]\n|-miss|p1a: Darmanitan|p2a: Maybach S-Class\n|move|p2a: Maybach S-Class|Flamethrower|p1a: Darmanitan\n|-supereffective|p1a: Darmanitan\n|-damage|p1a: Darmanitan|9\/100\n|\n|-heal|p2a: Maybach S-Class|59\/100|[from] item: Leftovers\n|upkeep\n|turn|3\n|\n|t:|1700310628\n|move|p1a: Darmanitan|Icicle Crash|p2a: Maybach S-Class\n|-damage|p2a: Maybach S-Class|4\/100\n|move|p2a: Maybach S-Class|Flamethrower|p1a: Darmanitan\n|-supereffective|p1a: Darmanitan\n|-damage|p1a: Darmanitan|0 fnt\n|faint|p1a: Darmanitan\n|\n|-heal|p2a: Maybach S-Class|10\/100|[from] item: Leftovers\n|upkeep\n|\n|t:|1700310632\n|switch|p1a: Salamence|Salamence, F|100\/100\n|-ability|p1a: Salamence|Intimidate|boost\n|-unboost|p2a: Maybach S-Class|atk|1\n|turn|4\n|\n|t:|1700310641\n|detailschange|p1a: Salamence|Salamence-Mega, F\n|-mega|p1a: Salamence|Salamence|Salamencite\n|move|p1a: Salamence|Return|p2a: Maybach S-Class\n|-damage|p2a: Maybach S-Class|0 fnt\n|faint|p2a: Maybach S-Class\n|\n|upkeep\n|\n|t:|1700310670\n|switch|p2a: BMW M5 Competition|Greninja, M|100\/100\n|turn|5\n|\n|t:|1700310692\n|switch|p1a: Greninja|Greninja, M|100\/100\n|move|p2a: BMW M5 Competition|Ice Beam|p1a: Greninja\n|-start|p2a: BMW M5 Competition|typechange|Ice|[from] ability: Protean\n|-resisted|p1a: Greninja\n|-crit|p1a: Greninja\n|-damage|p1a: Greninja|56\/100\n|-status|p1a: Greninja|frz\n|\n|upkeep\n|turn|6\n|\n|t:|1700310706\n|cant|p1a: Greninja|frz\n|move|p2a: BMW M5 Competition|Grass Knot|p1a: Greninja\n|-supereffective|p1a: Greninja\n|-damage|p1a: Greninja|0 fnt\n|faint|p1a: Greninja\n|\n|upkeep\n|\n|t:|1700310715\n|switch|p1a: Ferrothorn|Ferrothorn, F|100\/100\n|turn|7\n|\n|t:|1700310718\n|switch|p2a: Lambo Gallardo|Blaziken, F|100\/100\n|move|p1a: Ferrothorn|Leech Seed|p2a: Lambo Gallardo\n|-start|p2a: Lambo Gallardo|move: Leech Seed\n|\n|-damage|p2a: Lambo Gallardo|88\/100|[from] Leech Seed|[of] p1a: Ferrothorn\n|upkeep\n|turn|8\n|\n|t:|1700310733\n|switch|p1a: yogi|Ursaluna-Bloodmoon, M|100\/100\n|move|p2a: Lambo Gallardo|Protect||[still]\n|-fail|p2a: Lambo Gallardo\n|\n|-damage|p2a: Lambo Gallardo|76\/100|[from] Leech Seed|[of] p1a: yogi\n|-ability|p2a: Lambo Gallardo|Speed Boost|boost\n|-boost|p2a: Lambo Gallardo|spe|1\n|upkeep\n|turn|9\n|\n|t:|1700310748\n|switch|p2a: BMW M5 Competition|Greninja, M|100\/100\n|move|p1a: yogi|Blood Moon|p2a: BMW M5 Competition\n|-damage|p2a: BMW M5 Competition|0 fnt\n|faint|p2a: BMW M5 Competition\n|\n|upkeep\n|c|\u2606Weirdful|what does blood moon do\n|c| CloysterEnjoyer|its like gigaton hammer\n|\n|t:|1700310777\n|switch|p2a: Porsche 911 GT3 RS|Gardevoir, F|100\/100\n|turn|10\n|\n|t:|1700310800\n|detailschange|p2a: Porsche 911 GT3 RS|Gardevoir-Mega, F\n|-mega|p2a: Porsche 911 GT3 RS|Gardevoir|Gardevoirite\n|move|p2a: Porsche 911 GT3 RS|Focus Blast|p1a: yogi\n|-supereffective|p1a: yogi\n|-crit|p1a: yogi\n|-damage|p1a: yogi|0 fnt\n|faint|p1a: yogi\n|\n|upkeep\n|\n|t:|1700310804\n|switch|p1a: Ferrothorn|Ferrothorn, F|100\/100\n|turn|11\n|\n|t:|1700310809\n|switch|p2a: Lambo Gallardo|Blaziken, F|76\/100\n|-terastallize|p1a: Ferrothorn|Fairy\n|move|p1a: Ferrothorn|Leech Seed|p2a: Lambo Gallardo\n|-start|p2a: Lambo Gallardo|move: Leech Seed\n|\n|-damage|p2a: Lambo Gallardo|64\/100|[from] Leech Seed|[of] p1a: Ferrothorn\n|upkeep\n|turn|12\n|\n|t:|1700310823\n|move|p2a: Lambo Gallardo|Protect|p2a: Lambo Gallardo\n|-singleturn|p2a: Lambo Gallardo|Protect\n|move|p1a: Ferrothorn|Spikes|p2a: Lambo Gallardo\n|-sidestart|p2: Weirdful|Spikes\n|\n|-damage|p2a: Lambo Gallardo|51\/100|[from] Leech Seed|[of] p1a: Ferrothorn\n|-ability|p2a: Lambo Gallardo|Speed Boost|boost\n|-boost|p2a: Lambo Gallardo|spe|1\n|upkeep\n|turn|13\n|\n|t:|1700310833\n|move|p2a: Lambo Gallardo|Flare Blitz|p1a: Ferrothorn\n|-damage|p1a: Ferrothorn|41\/100\n|-damage|p2a: Lambo Gallardo|39\/100|[from] ability: Iron Barbs|[of] p1a: Ferrothorn\n|-damage|p2a: Lambo Gallardo|16\/100|[from] Recoil\n|-damage|p2a: Lambo Gallardo|6\/100|[from] item: Life Orb\n|move|p1a: Ferrothorn|Spikes|p2a: Lambo Gallardo\n|-sidestart|p2: Weirdful|Spikes\n|\n|-heal|p1a: Ferrothorn|47\/100|[from] item: Leftovers\n|-damage|p2a: Lambo Gallardo|0 fnt|[from] Leech Seed|[of] p1a: Ferrothorn\n|-heal|p1a: Ferrothorn|52\/100|[silent]\n|faint|p2a: Lambo Gallardo\n|upkeep\n|\n|t:|1700310849\n|switch|p2a: Mini Cooper|Aerodactyl, M|100\/100\n|turn|14\n|\n|t:|1700310873\n|move|p2a: Mini Cooper|Stone Edge|p1a: Ferrothorn\n|-damage|p1a: Ferrothorn|20\/100\n|move|p1a: Ferrothorn|Knock Off|p2a: Mini Cooper\n|-damage|p2a: Mini Cooper|67\/100\n|-enditem|p2a: Mini Cooper|Focus Sash|[from] move: Knock Off|[of] p1a: Ferrothorn\n|\n|-heal|p1a: Ferrothorn|26\/100|[from] item: Leftovers\n|upkeep\n|turn|15\n|\n|t:|1700310884\n|move|p2a: Mini Cooper|Stone Edge|p1a: Ferrothorn|[miss]\n|-miss|p2a: Mini Cooper|p1a: Ferrothorn\n|move|p1a: Ferrothorn|Leech Seed|p2a: Mini Cooper\n|-start|p2a: Mini Cooper|move: Leech Seed\n|\n|-heal|p1a: Ferrothorn|32\/100|[from] item: Leftovers\n|-damage|p2a: Mini Cooper|54\/100|[from] Leech Seed|[of] p1a: Ferrothorn\n|-heal|p1a: Ferrothorn|43\/100|[silent]\n|upkeep\n|turn|16\n|\n|t:|1700310895\n|move|p2a: Mini Cooper|Stone Edge|p1a: Ferrothorn\n|-damage|p1a: Ferrothorn|6\/100\n|move|p1a: Ferrothorn|Spikes|p2a: Mini Cooper\n|-sidestart|p2: Weirdful|Spikes\n|\n|-heal|p1a: Ferrothorn|12\/100|[from] item: Leftovers\n|-damage|p2a: Mini Cooper|42\/100|[from] Leech Seed|[of] p1a: Ferrothorn\n|-heal|p1a: Ferrothorn|23\/100|[silent]\n|upkeep\n|turn|17\n|\n|t:|1700310903\n|move|p2a: Mini Cooper|Stone Edge|p1a: Ferrothorn\n|-damage|p1a: Ferrothorn|0 fnt\n|faint|p1a: Ferrothorn\n|\n|upkeep\n|\n|t:|1700310907\n|switch|p1a: Salamence|Salamence-Mega, F|100\/100\n|turn|18\n|\n|t:|1700310920\n|move|p2a: Mini Cooper|Stone Edge|p1a: Salamence|[miss]\n|-miss|p2a: Mini Cooper|p1a: Salamence\n|move|p1a: Salamence|Return|p2a: Mini Cooper\n|-resisted|p2a: Mini Cooper\n|-damage|p2a: Mini Cooper|0 fnt\n|faint|p2a: Mini Cooper\n|\n|upkeep\n|c|\u2606Weirdful|bruh\n|\n|t:|1700310925\n|switch|p2a: Porsche 911 GT3 RS|Gardevoir-Mega, F|100\/100\n|-damage|p2a: Porsche 911 GT3 RS|76\/100|[from] Spikes\n|turn|19\n|\n|t:|1700310934\n|move|p1a: Salamence|Return|p2a: Porsche 911 GT3 RS\n|-damage|p2a: Porsche 911 GT3 RS|0 fnt\n|faint|p2a: Porsche 911 GT3 RS\n|\n|upkeep\n|\n|t:|1700310937\n|switch|p2a: Mercedes C60 AMG|Garchomp, M|100\/100\n|-damage|p2a: Mercedes C60 AMG|76\/100|[from] Spikes\n|turn|20\n|\n|t:|1700310957\n|move|p1a: Salamence|Return|p2a: Mercedes C60 AMG\n|-damage|p2a: Mercedes C60 AMG|0 fnt\n|-damage|p1a: Salamence|88\/100|[from] ability: Rough Skin|[of] p2a: Mercedes C60 AMG\n|-damage|p1a: Salamence|71\/100|[from] item: Rocky Helmet|[of] p2a: Mercedes C60 AMG\n|faint|p2a: Mercedes C60 AMG\n|\n|win|hogocog\n|c|\u2606Weirdful|gg\n|c| Rainer367|damn\n","uploadtime":1700310965,"views":9,"p1id":"hogocog","p2id":"weirdful","formatid":"gen9nationaldexubers","rating":0,"private":0,"password":""}