{"id":"gen9nationaldexubers-1980639387","p1":"Mr.dinguery","p2":"Numa no Kage","format":"[Gen 9] National Dex Ubers","log":"|j|\u2606Mr.dinguery\n|j|\u2606Numa no Kage\n|t:|1698806397\n|gametype|singles\n|player|p1|Mr.dinguery|cynthia|1331\n|player|p2|Numa no Kage|acetrainer|1487\n|teamsize|p1|6\n|teamsize|p2|6\n|gen|9\n|tier|[Gen 9] National Dex Ubers\n|rated|\n|rule|HP Percentage Mod: HP is shown in percentages\n|rule|Endless Battle Clause: Forcing endless battles is banned\n|rule|OHKO Clause: OHKO moves are banned\n|rule|Evasion Moves Clause: Evasion moves are banned\n|rule|Evasion Items Clause: Evasion items are banned\n|rule|Species Clause: Limit one of each Pok\u00e9mon\n|rule|Sleep Clause Mod: Limit one foe put to sleep\n|rule|Mega Rayquaza Clause: You cannot mega evolve Rayquaza\n|clearpoke\n|poke|p1|Alakazam, M|\n|poke|p1|Dialga|\n|poke|p1|Dragapult, F|\n|poke|p1|Genesect|\n|poke|p1|Pheromosa|\n|poke|p1|Cloyster, F|\n|poke|p2|Swampert, F|\n|poke|p2|Blaziken, M|\n|poke|p2|Kyogre|\n|poke|p2|Weavile, F|\n|poke|p2|Donphan, M|\n|poke|p2|Xerneas-*|\n|teampreview\n|inactive|Battle timer is ON: inactive players will automatically lose when time's up. (requested by Numa no Kage)\n|\n|t:|1698806402\n|start\n|switch|p1a: Dialga|Dialga|100\/100\n|switch|p2a: Leviathan \u30ec\u30f4\u30a3\u30a2\u30b5\u30f3|Kyogre|100\/100\n|-ability|p1a: Dialga|Pressure\n|detailschange|p2a: Leviathan \u30ec\u30f4\u30a3\u30a2\u30b5\u30f3|Kyogre-Primal\n|-primal|p2a: Leviathan \u30ec\u30f4\u30a3\u30a2\u30b5\u30f3|Blue Orb\n|-weather|PrimordialSea|[from] ability: Primordial Sea|[of] p2a: Leviathan \u30ec\u30f4\u30a3\u30a2\u30b5\u30f3\n|turn|1\n|\n|t:|1698806407\n|move|p1a: Dialga|Stealth Rock|p2a: Leviathan \u30ec\u30f4\u30a3\u30a2\u30b5\u30f3\n|-sidestart|p2: Numa no Kage|move: Stealth Rock\n|move|p2a: Leviathan \u30ec\u30f4\u30a3\u30a2\u30b5\u30f3|Thunder|p1a: Dialga\n|-resisted|p1a: Dialga\n|-damage|p1a: Dialga|74\/100\n|-status|p1a: Dialga|par\n|\n|-weather|PrimordialSea|[upkeep]\n|upkeep\n|turn|2\n|\n|t:|1698806414\n|move|p2a: Leviathan \u30ec\u30f4\u30a3\u30a2\u30b5\u30f3|Ice Beam|p1a: Dialga\n|-crit|p1a: Dialga\n|-damage|p1a: Dialga|9\/100 par\n|move|p1a: Dialga|Flash Cannon|p2a: Leviathan \u30ec\u30f4\u30a3\u30a2\u30b5\u30f3\n|-resisted|p2a: Leviathan \u30ec\u30f4\u30a3\u30a2\u30b5\u30f3\n|-damage|p2a: Leviathan \u30ec\u30f4\u30a3\u30a2\u30b5\u30f3|85\/100\n|\n|-weather|PrimordialSea|[upkeep]\n|upkeep\n|turn|3\n|\n|t:|1698806420\n|move|p2a: Leviathan \u30ec\u30f4\u30a3\u30a2\u30b5\u30f3|Ice Beam|p1a: Dialga\n|-damage|p1a: Dialga|0 fnt\n|faint|p1a: Dialga\n|\n|-weather|PrimordialSea|[upkeep]\n|upkeep\n|\n|t:|1698806427\n|switch|p1a: Cloyster|Cloyster, F|100\/100\n|turn|4\n|\n|t:|1698806431\n|move|p1a: Cloyster|Shell Smash|p1a: Cloyster\n|-unboost|p1a: Cloyster|def|1\n|-unboost|p1a: Cloyster|spd|1\n|-boost|p1a: Cloyster|atk|2\n|-boost|p1a: Cloyster|spa|2\n|-boost|p1a: Cloyster|spe|2\n|move|p2a: Leviathan \u30ec\u30f4\u30a3\u30a2\u30b5\u30f3|Roar|p1a: Cloyster\n|drag|p1a: Genesect|Genesect, shiny|100\/100\n|-ability|p1a: Genesect|Download|boost\n|-boost|p1a: Genesect|atk|1\n|\n|-weather|PrimordialSea|[upkeep]\n|upkeep\n|turn|5\n|\n|t:|1698806441\n|move|p1a: Genesect|Shift Gear|p1a: Genesect\n|-boost|p1a: Genesect|spe|2\n|-boost|p1a: Genesect|atk|1\n|move|p2a: Leviathan \u30ec\u30f4\u30a3\u30a2\u30b5\u30f3|Thunder|p1a: Genesect\n|-damage|p1a: Genesect|39\/100\n|-status|p1a: Genesect|par\n|\n|-weather|PrimordialSea|[upkeep]\n|upkeep\n|turn|6\n|\n|t:|1698806450\n|move|p1a: Genesect|Leech Life|p2a: Leviathan \u30ec\u30f4\u30a3\u30a2\u30b5\u30f3\n|-damage|p2a: Leviathan \u30ec\u30f4\u30a3\u30a2\u30b5\u30f3|18\/100\n|-heal|p1a: Genesect|79\/100 par|[from] drain|[of] p2a: Leviathan \u30ec\u30f4\u30a3\u30a2\u30b5\u30f3\n|move|p2a: Leviathan \u30ec\u30f4\u30a3\u30a2\u30b5\u30f3|Surf|p1a: Genesect\n|-damage|p1a: Genesect|0 fnt\n|faint|p1a: Genesect\n|\n|-weather|PrimordialSea|[upkeep]\n|upkeep\n|\n|t:|1698806470\n|switch|p1a: Alakazam|Alakazam, M|100\/100\n|turn|7\n|\n|t:|1698806478\n|detailschange|p1a: Alakazam|Alakazam-Mega, M\n|-mega|p1a: Alakazam|Alakazam|Alakazite\n|-ability|p1a: Alakazam|Primordial Sea|[from] ability: Trace|[of] p2a: Leviathan \u30ec\u30f4\u30a3\u30a2\u30b5\u30f3\n|move|p1a: Alakazam|Psychic|p2a: Leviathan \u30ec\u30f4\u30a3\u30a2\u30b5\u30f3\n|-damage|p2a: Leviathan \u30ec\u30f4\u30a3\u30a2\u30b5\u30f3|0 fnt\n|faint|p2a: Leviathan \u30ec\u30f4\u30a3\u30a2\u30b5\u30f3\n|\n|-weather|PrimordialSea|[upkeep]\n|upkeep\n|\n|t:|1698806485\n|switch|p2a: Blaze Lee \u70c8\u706b\u30ea\u30fc|Blaziken, M|100\/100\n|-damage|p2a: Blaze Lee \u70c8\u706b\u30ea\u30fc|88\/100|[from] Stealth Rock\n|turn|8\n|\n|t:|1698806489\n|detailschange|p2a: Blaze Lee \u70c8\u706b\u30ea\u30fc|Blaziken-Mega, M\n|-mega|p2a: Blaze Lee \u70c8\u706b\u30ea\u30fc|Blaziken|Blazikenite\n|move|p2a: Blaze Lee \u70c8\u706b\u30ea\u30fc|Protect|p2a: Blaze Lee \u70c8\u706b\u30ea\u30fc\n|-singleturn|p2a: Blaze Lee \u70c8\u706b\u30ea\u30fc|Protect\n|move|p1a: Alakazam|Psychic|p2a: Blaze Lee \u70c8\u706b\u30ea\u30fc\n|-activate|p2a: Blaze Lee \u70c8\u706b\u30ea\u30fc|move: Protect\n|\n|-weather|PrimordialSea|[upkeep]\n|-ability|p2a: Blaze Lee \u70c8\u706b\u30ea\u30fc|Speed Boost|boost\n|-boost|p2a: Blaze Lee \u70c8\u706b\u30ea\u30fc|spe|1\n|upkeep\n|turn|9\n|\n|t:|1698806495\n|move|p2a: Blaze Lee \u70c8\u706b\u30ea\u30fc|Knock Off|p1a: Alakazam\n|-supereffective|p1a: Alakazam\n|-damage|p1a: Alakazam|0 fnt\n|faint|p1a: Alakazam\n|-weather|none\n|\n|-ability|p2a: Blaze Lee \u70c8\u706b\u30ea\u30fc|Speed Boost|boost\n|-boost|p2a: Blaze Lee \u70c8\u706b\u30ea\u30fc|spe|1\n|upkeep\n|\n|t:|1698806502\n|switch|p1a: Cloyster|Cloyster, F|100\/100\n|turn|10\n|\n|t:|1698806509\n|move|p2a: Blaze Lee \u70c8\u706b\u30ea\u30fc|Knock Off|p1a: Cloyster\n|-damage|p1a: Cloyster|64\/100\n|-enditem|p1a: Cloyster|Leftovers|[from] move: Knock Off|[of] p2a: Blaze Lee \u70c8\u706b\u30ea\u30fc\n|move|p1a: Cloyster|Shell Smash|p1a: Cloyster\n|-unboost|p1a: Cloyster|def|1\n|-unboost|p1a: Cloyster|spd|1\n|-boost|p1a: Cloyster|atk|2\n|-boost|p1a: Cloyster|spa|2\n|-boost|p1a: Cloyster|spe|2\n|\n|-ability|p2a: Blaze Lee \u70c8\u706b\u30ea\u30fc|Speed Boost|boost\n|-boost|p2a: Blaze Lee \u70c8\u706b\u30ea\u30fc|spe|1\n|upkeep\n|turn|11\n|\n|t:|1698806519\n|move|p2a: Blaze Lee \u70c8\u706b\u30ea\u30fc|Double Kick|p1a: Cloyster\n|-supereffective|p1a: Cloyster\n|-damage|p1a: Cloyster|17\/100\n|-supereffective|p1a: Cloyster\n|-damage|p1a: Cloyster|0 fnt\n|faint|p1a: Cloyster\n|-hitcount|p1: Cloyster|2\n|\n|-ability|p2a: Blaze Lee \u70c8\u706b\u30ea\u30fc|Speed Boost|boost\n|-boost|p2a: Blaze Lee \u70c8\u706b\u30ea\u30fc|spe|1\n|upkeep\n|\n|t:|1698806527\n|switch|p1a: Pheromosa|Pheromosa|100\/100\n|turn|12\n|\n|t:|1698806532\n|move|p2a: Blaze Lee \u70c8\u706b\u30ea\u30fc|Knock Off|p1a: Pheromosa\n|-resisted|p1a: Pheromosa\n|-damage|p1a: Pheromosa|53\/100\n|-enditem|p1a: Pheromosa|Choice Scarf|[from] move: Knock Off|[of] p2a: Blaze Lee \u70c8\u706b\u30ea\u30fc\n|move|p1a: Pheromosa|Drill Run|p2a: Blaze Lee \u70c8\u706b\u30ea\u30fc\n|-supereffective|p2a: Blaze Lee \u70c8\u706b\u30ea\u30fc\n|-damage|p2a: Blaze Lee \u70c8\u706b\u30ea\u30fc|0 fnt\n|faint|p2a: Blaze Lee \u70c8\u706b\u30ea\u30fc\n|-ability|p1a: Pheromosa|Beast Boost|boost\n|-boost|p1a: Pheromosa|atk|1\n|\n|upkeep\n|\n|t:|1698806542\n|switch|p2a: K\u014drishiya \u6c37\u6bba\u5c4b|Weavile, F|100\/100\n|-damage|p2a: K\u014drishiya \u6c37\u6bba\u5c4b|76\/100|[from] Stealth Rock\n|turn|13\n|\n|t:|1698806545\n|move|p2a: K\u014drishiya \u6c37\u6bba\u5c4b|Ice Shard|p1a: Pheromosa\n|-damage|p1a: Pheromosa|1\/100\n|move|p1a: Pheromosa|Close Combat|p2a: K\u014drishiya \u6c37\u6bba\u5c4b\n|-supereffective|p2a: K\u014drishiya \u6c37\u6bba\u5c4b\n|-damage|p2a: K\u014drishiya \u6c37\u6bba\u5c4b|0 fnt\n|-unboost|p1a: Pheromosa|def|1\n|-unboost|p1a: Pheromosa|spd|1\n|faint|p2a: K\u014drishiya \u6c37\u6bba\u5c4b\n|-ability|p1a: Pheromosa|Beast Boost|boost\n|-boost|p1a: Pheromosa|atk|1\n|\n|upkeep\n|\n|t:|1698806552\n|switch|p2a: Donmenic \u30c9\u30f3\u30e1\u30cb\u30c3\u30af|Donphan, M|100\/100\n|turn|14\n|\n|t:|1698806556\n|move|p2a: Donmenic \u30c9\u30f3\u30e1\u30cb\u30c3\u30af|Ice Shard|p1a: Pheromosa\n|-damage|p1a: Pheromosa|0 fnt\n|faint|p1a: Pheromosa\n|\n|upkeep\n|\n|t:|1698806557\n|switch|p1a: Dragapult|Dragapult, F|100\/100\n|turn|15\n|\n|t:|1698806560\n|-terastallize|p1a: Dragapult|Ghost\n|-terastallize|p2a: Donmenic \u30c9\u30f3\u30e1\u30cb\u30c3\u30af|Dark\n|move|p1a: Dragapult|Tera Blast|p2a: Donmenic \u30c9\u30f3\u30e1\u30cb\u30c3\u30af|[anim] Tera Blast Ghost\n|-resisted|p2a: Donmenic \u30c9\u30f3\u30e1\u30cb\u30c3\u30af\n|-damage|p2a: Donmenic \u30c9\u30f3\u30e1\u30cb\u30c3\u30af|68\/100\n|move|p2a: Donmenic \u30c9\u30f3\u30e1\u30cb\u30c3\u30af|Knock Off|p1a: Dragapult\n|-supereffective|p1a: Dragapult\n|-damage|p1a: Dragapult|0 fnt\n|-enditem|p1a: Dragapult|Choice Band|[from] move: Knock Off|[of] p2a: Donmenic \u30c9\u30f3\u30e1\u30cb\u30c3\u30af\n|faint|p1a: Dragapult\n|\n|win|Numa no Kage\n|raw|Mr.dinguery's rating: 1331 &rarr; <strong>1319<\/strong><br \/>(-12 for losing)\n|raw|Numa no Kage's rating: 1487 &rarr; <strong>1499<\/strong><br \/>(+12 for winning)\n|l|\u2606Mr.dinguery\n","uploadtime":1698806580,"views":6,"p1id":"mrdinguery","p2id":"numanokage","formatid":"gen9nationaldexubers","rating":1319,"private":0,"password":""}