{"id":"gen9nationaldexubers-1999372113","p1":"FenixFyre04","p2":"hexagonereal","format":"[Gen 9] National Dex Ubers","log":"|j|\u2606FenixFyre04\n|j|\u2606hexagonereal\n|t:|1701068865\n|gametype|singles\n|player|p1|FenixFyre04|steven|1737\n|player|p2|hexagonereal|cyrus|1512\n|teamsize|p1|6\n|teamsize|p2|6\n|gen|9\n|tier|[Gen 9] National Dex Ubers\n|rated|\n|rule|HP Percentage Mod: HP is shown in percentages\n|rule|Endless Battle Clause: Forcing endless battles is banned\n|rule|OHKO Clause: OHKO moves are banned\n|rule|Evasion Moves Clause: Evasion moves are banned\n|rule|Evasion Items Clause: Evasion items are banned\n|rule|Species Clause: Limit one of each Pok\u00e9mon\n|rule|Sleep Clause Mod: Limit one foe put to sleep\n|rule|Mega Rayquaza Clause: You cannot mega evolve Rayquaza\n|clearpoke\n|poke|p1|Diancie|\n|poke|p1|Groudon|\n|poke|p1|Lunala|\n|poke|p1|Melmetal|\n|poke|p1|Calyrex-Ice|\n|poke|p1|Slowbro, F|\n|poke|p2|Eternatus|\n|poke|p2|Arceus-Water|\n|poke|p2|Xerneas-*|\n|poke|p2|Zygarde|\n|poke|p2|Groudon|\n|poke|p2|Kyogre|\n|teampreview\n|inactive|Battle timer is ON: inactive players will automatically lose when time's up. (requested by FenixFyre04)\n|inactive|FenixFyre04 has 120 seconds left.\n|\n|t:|1701068903\n|start\n|switch|p1a: Lunala|Lunala|100\/100\n|switch|p2a: Groudon|Groudon|100\/100\n|detailschange|p2a: Groudon|Groudon-Primal\n|-primal|p2a: Groudon|Red Orb\n|-weather|DesolateLand|[from] ability: Desolate Land|[of] p2a: Groudon\n|turn|1\n|\n|t:|1701068925\n|move|p2a: Groudon|Precipice Blades|p1a: Lunala\n|-damage|p1a: Lunala|74\/100\n|move|p1a: Lunala|Trick Room|p1a: Lunala\n|-fieldstart|move: Trick Room|[of] p1a: Lunala\n|\n|-weather|DesolateLand|[upkeep]\n|upkeep\n|turn|2\n|\n|t:|1701068933\n|move|p2a: Groudon|Spikes|p1a: Lunala\n|-sidestart|p1: FenixFyre04|Spikes\n|move|p1a: Lunala|Teleport|p1a: Lunala\n|\n|t:|1701068947\n|switch|p1a: Groudon|Groudon, shiny|100\/100|[from] Teleport\n|-damage|p1a: Groudon|88\/100|[from] Spikes\n|detailschange|p1a: Groudon|Groudon-Primal, shiny\n|-primal|p1a: Groudon|Red Orb\n|\n|-weather|DesolateLand|[upkeep]\n|upkeep\n|turn|3\n|\n|t:|1701068952\n|move|p1a: Groudon|Precipice Blades|p2a: Groudon|[miss]\n|-miss|p1a: Groudon|p2a: Groudon\n|move|p2a: Groudon|Precipice Blades|p1a: Groudon|[miss]\n|-miss|p2a: Groudon|p1a: Groudon\n|\n|-weather|DesolateLand|[upkeep]\n|upkeep\n|turn|4\n|\n|t:|1701068957\n|move|p1a: Groudon|Precipice Blades|p2a: Groudon\n|-supereffective|p2a: Groudon\n|-crit|p2a: Groudon\n|-damage|p2a: Groudon|0 fnt\n|faint|p2a: Groudon\n|\n|-weather|DesolateLand|[upkeep]\n|upkeep\n|\n|t:|1701068965\n|switch|p2a: Arceus|Arceus-Water|100\/100\n|turn|5\n|\n|t:|1701068974\n|move|p1a: Groudon|Solar Beam||[still]\n|-prepare|p1a: Groudon|Solar Beam\n|-anim|p1a: Groudon|Solar Beam|p2a: Arceus\n|-supereffective|p2a: Arceus\n|-damage|p2a: Arceus|52\/100\n|move|p2a: Arceus|Toxic|p1a: Groudon\n|-status|p1a: Groudon|tox\n|\n|-weather|DesolateLand|[upkeep]\n|-damage|p1a: Groudon|82\/100 tox|[from] psn\n|-fieldend|move: Trick Room\n|upkeep\n|turn|6\n|\n|t:|1701068982\n|-weather|none\n|switch|p1a: Diancie|Diancie, shiny|100\/100\n|-damage|p1a: Diancie|88\/100|[from] Spikes\n|move|p2a: Arceus|Recover|p2a: Arceus\n|-heal|p2a: Arceus|100\/100\n|\n|upkeep\n|turn|7\n|\n|t:|1701068989\n|detailschange|p1a: Diancie|Diancie-Mega, shiny\n|-mega|p1a: Diancie|Diancie|Diancite\n|move|p2a: Arceus|Judgment|p1a: Diancie\n|-supereffective|p1a: Diancie\n|-damage|p1a: Diancie|0 fnt\n|faint|p1a: Diancie\n|\n|upkeep\n|\n|t:|1701068998\n|switch|p1a: Lunala|Lunala|74\/100\n|turn|8\n|\n|t:|1701069005\n|move|p2a: Arceus|Toxic|p1a: Lunala\n|-status|p1a: Lunala|tox\n|move|p1a: Lunala|Trick Room|p1a: Lunala\n|-fieldstart|move: Trick Room|[of] p1a: Lunala\n|\n|-damage|p1a: Lunala|67\/100 tox|[from] psn\n|upkeep\n|turn|9\n|\n|t:|1701069014\n|move|p2a: Arceus|Judgment|p1a: Lunala\n|-damage|p1a: Lunala|37\/100 tox\n|move|p1a: Lunala|Teleport|p1a: Lunala\n|\n|t:|1701069023\n|switch|p1a: Groudon|Groudon-Primal, shiny|82\/100 tox|[from] Teleport\n|-damage|p1a: Groudon|70\/100 tox|[from] Spikes\n|-weather|DesolateLand|[from] ability: Desolate Land|[of] p1a: Groudon\n|\n|-weather|DesolateLand|[upkeep]\n|-damage|p1a: Groudon|63\/100 tox|[from] psn\n|upkeep\n|turn|10\n|\n|t:|1701069031\n|move|p1a: Groudon|Swords Dance|p1a: Groudon\n|-boost|p1a: Groudon|atk|2\n|move|p2a: Arceus|Recover||[still]\n|-fail|p2a: Arceus|heal\n|\n|-weather|DesolateLand|[upkeep]\n|-damage|p1a: Groudon|51\/100 tox|[from] psn\n|upkeep\n|turn|11\n|\n|t:|1701069054\n|switch|p2a: Kyogre|Kyogre|100\/100\n|detailschange|p2a: Kyogre|Kyogre-Primal\n|-primal|p2a: Kyogre|Blue Orb\n|-weather|PrimordialSea|[from] ability: Primordial Sea|[of] p2a: Kyogre\n|move|p1a: Groudon|Precipice Blades|p2a: Kyogre\n|-damage|p2a: Kyogre|0 fnt\n|faint|p2a: Kyogre\n|-weather|none\n|\n|-damage|p1a: Groudon|32\/100 tox|[from] psn\n|upkeep\n|inactive|hexagonereal has 120 seconds left.\n|\n|t:|1701069080\n|switch|p2a: Arceus|Arceus-Water|100\/100\n|turn|12\n|\n|t:|1701069084\n|move|p1a: Groudon|Precipice Blades|p2a: Arceus|[miss]\n|-miss|p1a: Groudon|p2a: Arceus\n|move|p2a: Arceus|Recover||[still]\n|-fail|p2a: Arceus|heal\n|\n|-damage|p1a: Groudon|8\/100 tox|[from] psn\n|-fieldend|move: Trick Room\n|upkeep\n|turn|13\n|\n|t:|1701069092\n|move|p2a: Arceus|Judgment|p1a: Groudon\n|-supereffective|p1a: Groudon\n|-damage|p1a: Groudon|0 fnt\n|faint|p1a: Groudon\n|\n|upkeep\n|\n|t:|1701069104\n|switch|p1a: Lunala|Lunala|37\/100 tox\n|turn|14\n|\n|t:|1701069111\n|move|p2a: Arceus|Judgment|p1a: Lunala\n|-damage|p1a: Lunala|8\/100 tox\n|move|p1a: Lunala|Trick Room|p1a: Lunala\n|-fieldstart|move: Trick Room|[of] p1a: Lunala\n|\n|-damage|p1a: Lunala|2\/100 tox|[from] psn\n|upkeep\n|turn|15\n|\n|t:|1701069123\n|switch|p2a: Zygarde|Zygarde|100\/100\n|move|p1a: Lunala|Moongeist Beam|p2a: Zygarde\n|-damage|p2a: Zygarde|57\/100\n|\n|-heal|p2a: Zygarde|63\/100|[from] item: Leftovers\n|-damage|p1a: Lunala|0 fnt|[from] psn\n|faint|p1a: Lunala\n|upkeep\n|\n|t:|1701069127\n|switch|p1a: Calyrex|Calyrex-Ice|100\/100\n|-ability|p1a: Calyrex|As One\n|-ability|p1a: Calyrex|Unnerve\n|-damage|p1a: Calyrex|88\/100|[from] Spikes\n|turn|16\n|\n|t:|1701069156\n|-terastallize|p1a: Calyrex|Ice\n|-terastallize|p2a: Zygarde|Steel\n|move|p1a: Calyrex|Glacial Lance|p2a: Zygarde\n|-resisted|p2a: Zygarde\n|-damage|p2a: Zygarde|4\/100\n|move|p2a: Zygarde|Thousand Arrows|p1a: Calyrex\n|-damage|p1a: Calyrex|61\/100\n|\n|-heal|p2a: Zygarde|10\/100|[from] item: Leftovers\n|-activate|p2a: Zygarde|ability: Power Construct\n|detailschange|p2a: Zygarde|Zygarde-Complete, tera:Steel\n|-heal|p2a: Zygarde|43\/100|[silent]\n|upkeep\n|turn|17\n|\n|t:|1701069183\n|move|p1a: Calyrex|Glacial Lance|p2a: Zygarde\n|-resisted|p2a: Zygarde\n|-damage|p2a: Zygarde|3\/100\n|move|p2a: Zygarde|Thousand Arrows|p1a: Calyrex\n|-damage|p1a: Calyrex|34\/100\n|\n|-heal|p2a: Zygarde|10\/100|[from] item: Leftovers\n|upkeep\n|turn|18\n|\n|t:|1701069190\n|move|p1a: Calyrex|Glacial Lance|p2a: Zygarde\n|-resisted|p2a: Zygarde\n|-damage|p2a: Zygarde|0 fnt\n|faint|p2a: Zygarde\n|-ability|p1a: Calyrex|Chilling Neigh|boost\n|-boost|p1a: Calyrex|atk|1\n|\n|-fieldend|move: Trick Room\n|upkeep\n|\n|t:|1701069196\n|switch|p2a: Eternatus|Eternatus|100\/100\n|-ability|p2a: Eternatus|Pressure\n|turn|19\n|\n|t:|1701069204\n|switch|p1a: Slowbro|Slowbro, F|100\/100\n|-damage|p1a: Slowbro|88\/100|[from] Spikes\n|move|p2a: Eternatus|Meteor Beam||[still]\n|-prepare|p2a: Eternatus|Meteor Beam\n|-boost|p2a: Eternatus|spa|1\n|-enditem|p2a: Eternatus|Power Herb\n|-anim|p2a: Eternatus|Meteor Beam|p1a: Slowbro\n|-damage|p1a: Slowbro|20\/100\n|\n|upkeep\n|turn|20\n|\n|t:|1701069213\n|move|p2a: Eternatus|Dynamax Cannon|p1a: Slowbro\n|-damage|p1a: Slowbro|0 fnt\n|faint|p1a: Slowbro\n|\n|upkeep\n|\n|t:|1701069215\n|switch|p1a: Melmetal|Melmetal|100\/100\n|-damage|p1a: Melmetal|88\/100|[from] Spikes\n|turn|21\n|\n|t:|1701069219\n|move|p2a: Eternatus|Fire Blast|p1a: Melmetal|[miss]\n|-miss|p2a: Eternatus|p1a: Melmetal\n|move|p1a: Melmetal|Double Iron Bash|p2a: Eternatus\n|-damage|p2a: Eternatus|45\/100\n|-damage|p2a: Eternatus|0 fnt\n|faint|p2a: Eternatus\n|-hitcount|p2: Eternatus|2\n|\n|upkeep\n|\n|t:|1701069228\n|switch|p2a: Arceus|Arceus-Water|100\/100\n|turn|22\n|\n|t:|1701069252\n|move|p2a: Arceus|Judgment|p1a: Melmetal\n|-damage|p1a: Melmetal|37\/100\n|move|p1a: Melmetal|Double Iron Bash|p2a: Arceus\n|-resisted|p2a: Arceus\n|-damage|p2a: Arceus|82\/100\n|-resisted|p2a: Arceus\n|-damage|p2a: Arceus|62\/100\n|-hitcount|p2a: Arceus|2\n|\n|upkeep\n|turn|23\n|\n|t:|1701069260\n|move|p2a: Arceus|Judgment|p1a: Melmetal\n|-damage|p1a: Melmetal|0 fnt\n|faint|p1a: Melmetal\n|\n|upkeep\n|\n|t:|1701069262\n|switch|p1a: Calyrex|Calyrex-Ice, tera:Ice|34\/100\n|-ability|p1a: Calyrex|As One\n|-ability|p1a: Calyrex|Unnerve\n|-damage|p1a: Calyrex|21\/100|[from] Spikes\n|turn|24\n|\n|t:|1701069267\n|move|p2a: Arceus|Judgment|p1a: Calyrex\n|-damage|p1a: Calyrex|0 fnt\n|faint|p1a: Calyrex\n|\n|win|hexagonereal\n|raw|FenixFyre04's rating: 1737 &rarr; <strong>1706<\/strong><br \/>(-31 for losing)\n|raw|hexagonereal's rating: 1512 &rarr; <strong>1543<\/strong><br \/>(+31 for winning)\n|c|\u2606hexagonereal|ggwp\n","uploadtime":1701069278,"views":3,"p1id":"fenixfyre04","p2id":"hexagonereal","formatid":"gen9nationaldexubers","rating":1543,"private":0,"password":""}