{"id":"gen9nationaldexubers-1983188081","p1":"Salfy","p2":"Destinum","format":"[Gen 9] National Dex Ubers","log":"|j|\u2606Salfy\n|j|\u2606Destinum\n|t:|1699102568\n|gametype|singles\n|player|p1|Salfy|depotagent|\n|player|p2|Destinum|colress|\n|teamsize|p1|6\n|teamsize|p2|6\n|gen|9\n|tier|[Gen 9] National Dex Ubers\n|rule|HP Percentage Mod: HP is shown in percentages\n|rule|Endless Battle Clause: Forcing endless battles is banned\n|rule|OHKO Clause: OHKO moves are banned\n|rule|Evasion Moves Clause: Evasion moves are banned\n|rule|Evasion Items Clause: Evasion items are banned\n|rule|Species Clause: Limit one of each Pok\u00e9mon\n|rule|Sleep Clause Mod: Limit one foe put to sleep\n|rule|Mega Rayquaza Clause: You cannot mega evolve Rayquaza\n|clearpoke\n|poke|p1|Gholdengo|\n|poke|p1|Skeledirge, M|\n|poke|p1|Sableye, M|\n|poke|p1|Aegislash, M|\n|poke|p1|Mimikyu, M|\n|poke|p1|Zoroark-Hisui, M|\n|poke|p2|Ninetales-Alola, F|\n|poke|p2|Cetitan, M|\n|poke|p2|Darmanitan-Galar, M|\n|poke|p2|Piloswine, M|\n|poke|p2|Articuno|\n|poke|p2|Kyurem|\n|teampreview\n|c|\u2606Salfy|glhf\n|c|\u2606Destinum|Same\n|c|\u2606Destinum|Tera=\n|c|\u2606Destinum|?\n|c|\u2606Salfy|Fairy dirge\n|\n|t:|1699102615\n|start\n|switch|p1a: Radically Uber|Gholdengo|100\/100\n|switch|p2a: A Madafaking T-Rex|Kyurem|100\/100\n|-ability|p2a: A Madafaking T-Rex|Pressure\n|-item|p1a: Radically Uber|Air Balloon\n|turn|1\n|\n|t:|1699102626\n|move|p2a: A Madafaking T-Rex|Draco Meteor|p1a: Radically Uber|[miss]\n|-miss|p2a: A Madafaking T-Rex|p1a: Radically Uber\n|move|p1a: Radically Uber|Nasty Plot|p1a: Radically Uber\n|-boost|p1a: Radically Uber|spa|2\n|\n|upkeep\n|turn|2\n|c|\u2606Salfy|:D\n|\n|t:|1699102639\n|-terastallize|p2a: A Madafaking T-Rex|Dragon\n|move|p2a: A Madafaking T-Rex|Draco Meteor|p1a: Radically Uber\n|-resisted|p1a: Radically Uber\n|-damage|p1a: Radically Uber|30\/100\n|-unboost|p2a: A Madafaking T-Rex|spa|2\n|-enditem|p1a: Radically Uber|Air Balloon\n|move|p1a: Radically Uber|Make It Rain|p2a: A Madafaking T-Rex\n|-damage|p2a: A Madafaking T-Rex|0 fnt\n|-unboost|p1a: Radically Uber|spa|1\n|faint|p2a: A Madafaking T-Rex\n|\n|upkeep\n|\n|t:|1699102654\n|switch|p2a: I Choose Violence|Darmanitan-Galar, M|100\/100\n|turn|3\n|\n|t:|1699102657\n|switch|p1a: Pit|Skeledirge, M|100\/100\n|move|p2a: I Choose Violence|Earthquake|p1a: Pit\n|-supereffective|p1a: Pit\n|-damage|p1a: Pit|21\/100\n|\n|upkeep\n|turn|4\n|\n|t:|1699102660\n|switch|p1a: Radically Uber|Gholdengo|30\/100\n|move|p2a: I Choose Violence|Earthquake|p1a: Radically Uber\n|-supereffective|p1a: Radically Uber\n|-damage|p1a: Radically Uber|0 fnt\n|faint|p1a: Radically Uber\n|\n|upkeep\n|\n|t:|1699102667\n|switch|p1a: Aegislash|Aegislash, M|100\/100\n|turn|5\n|\n|t:|1699102673\n|switch|p2a: Chris P. Bacon|Piloswine, M|100\/100\n|move|p1a: Aegislash|Focus Blast|p2a: Chris P. Bacon\n|-supereffective|p2a: Chris P. Bacon\n|-damage|p2a: Chris P. Bacon|59\/100\n|\n|upkeep\n|turn|6\n|\n|t:|1699102688\n|move|p1a: Aegislash|Focus Blast|p2a: Chris P. Bacon\n|-supereffective|p2a: Chris P. Bacon\n|-damage|p2a: Chris P. Bacon|17\/100\n|move|p2a: Chris P. Bacon|Earthquake|p1a: Aegislash\n|-damage|p1a: Aegislash|33\/100\n|replace|p1a: Zoroark|Zoroark-Hisui, M\n|-end|p1a: Zoroark|Illusion\n|\n|upkeep\n|turn|7\n|\n|t:|1699102703\n|move|p2a: Chris P. Bacon|Ice Shard|p1a: Zoroark\n|-crit|p1a: Zoroark\n|-damage|p1a: Zoroark|0 fnt\n|faint|p1a: Zoroark\n|\n|upkeep\n|\n|t:|1699102708\n|switch|p1a: Goblin Mode|Sableye, M|100\/100\n|turn|8\n|\n|t:|1699102711\n|switch|p2a: Let It Go|Ninetales-Alola, F|100\/100\n|-weather|Snow|[from] ability: Snow Warning|[of] p2a: Let It Go\n|move|p1a: Goblin Mode|Knock Off|p2a: Let It Go\n|-resisted|p2a: Let It Go\n|-damage|p2a: Let It Go|88\/100\n|-enditem|p2a: Let It Go|Light Clay|[from] move: Knock Off|[of] p1a: Goblin Mode\n|\n|-weather|Snow|[upkeep]\n|upkeep\n|turn|9\n|\n|t:|1699102717\n|switch|p1a: Pit|Skeledirge, M|21\/100\n|move|p2a: Let It Go|Aurora Veil|p2a: Let It Go\n|-sidestart|p2: Destinum|move: Aurora Veil\n|\n|-weather|Snow|[upkeep]\n|upkeep\n|turn|10\n|\n|t:|1699102783\n|switch|p2a: Moby Thicc|Cetitan, M|100\/100\n|move|p1a: Pit|Slack Off|p1a: Pit\n|-heal|p1a: Pit|71\/100\n|\n|-weather|Snow|[upkeep]\n|upkeep\n|turn|11\n|\n|t:|1699102808\n|switch|p2a: Let It Go|Ninetales-Alola, F|88\/100\n|-terastallize|p1a: Pit|Fairy\n|move|p1a: Pit|Will-O-Wisp|p2a: Let It Go\n|-status|p2a: Let It Go|brn\n|\n|-weather|Snow|[upkeep]\n|-damage|p2a: Let It Go|82\/100 brn|[from] brn\n|upkeep\n|turn|12\n|\n|t:|1699102813\n|move|p2a: Let It Go|Encore|p1a: Pit\n|-start|p1a: Pit|Encore\n|move|p1a: Pit|Will-O-Wisp|p2a: Let It Go|[miss]\n|-miss|p1a: Pit|p2a: Let It Go\n|\n|-weather|none\n|-damage|p2a: Let It Go|76\/100 brn|[from] brn\n|upkeep\n|turn|13\n|\n|t:|1699102820\n|move|p2a: Let It Go|Moonblast|p1a: Pit\n|-damage|p1a: Pit|31\/100\n|-unboost|p1a: Pit|spa|1\n|move|p1a: Pit|Will-O-Wisp|p2a: Let It Go\n|-fail|p2a: Let It Go|brn\n|\n|-damage|p2a: Let It Go|71\/100 brn|[from] brn\n|-sideend|p2: Destinum|move: Aurora Veil\n|upkeep\n|turn|14\n|\n|t:|1699102825\n|switch|p1a: Aegislash|Aegislash, M|100\/100\n|move|p2a: Let It Go|Moonblast|p1a: Aegislash\n|-resisted|p1a: Aegislash\n|-damage|p1a: Aegislash|82\/100\n|\n|-damage|p2a: Let It Go|65\/100 brn|[from] brn\n|upkeep\n|turn|15\n|\n|t:|1699102831\n|switch|p2a: Chris P. Bacon|Piloswine, M|17\/100\n|-formechange|p1a: Aegislash|Aegislash-Blade||[from] ability: Stance Change\n|move|p1a: Aegislash|Shadow Ball|p2a: Chris P. Bacon\n|-damage|p2a: Chris P. Bacon|0 fnt\n|faint|p2a: Chris P. Bacon\n|\n|upkeep\n|\n|t:|1699102834\n|switch|p2a: I Choose Violence|Darmanitan-Galar, M|100\/100\n|turn|16\n|\n|t:|1699102836\n|-formechange|p1a: Aegislash|Aegislash||[from] ability: Stance Change\n|move|p1a: Aegislash|King's Shield|p1a: Aegislash\n|-singleturn|p1a: Aegislash|Protect\n|move|p2a: I Choose Violence|Earthquake|p1a: Aegislash\n|-activate|p1a: Aegislash|move: Protect\n|\n|upkeep\n|turn|17\n|\n|t:|1699102842\n|switch|p1a: Pit|Skeledirge, M, tera:Fairy|31\/100\n|move|p2a: I Choose Violence|Earthquake|p1a: Pit\n|-damage|p1a: Pit|0 fnt\n|faint|p1a: Pit\n|\n|upkeep\n|\n|t:|1699102844\n|switch|p1a: Mimikyu|Mimikyu, M|100\/100\n|turn|18\n|\n|t:|1699102866\n|switch|p2a: The Godfeather|Articuno|100\/100\n|-ability|p2a: The Godfeather|Pressure\n|move|p1a: Mimikyu|Drain Punch|p2a: The Godfeather\n|-damage|p2a: The Godfeather|85\/100\n|-damage|p1a: Mimikyu|91\/100|[from] item: Life Orb\n|\n|upkeep\n|turn|19\n|\n|t:|1699102900\n|switch|p1a: Aegislash|Aegislash, M|82\/100\n|move|p2a: The Godfeather|U-turn|p1a: Aegislash\n|-resisted|p1a: Aegislash\n|-damage|p1a: Aegislash|79\/100\n|\n|t:|1699102945\n|switch|p2a: I Choose Violence|Darmanitan-Galar, M|100\/100|[from] U-turn\n|\n|upkeep\n|turn|20\n|\n|t:|1699102952\n|move|p2a: I Choose Violence|Earthquake|p1a: Aegislash\n|-supereffective|p1a: Aegislash\n|-damage|p1a: Aegislash|0 fnt\n|faint|p1a: Aegislash\n|\n|upkeep\n|\n|t:|1699102956\n|switch|p1a: Goblin Mode|Sableye, M|100\/100\n|turn|21\n|\n|t:|1699102962\n|switch|p2a: Let It Go|Ninetales-Alola, F|65\/100 brn\n|-weather|Snow|[from] ability: Snow Warning|[of] p2a: Let It Go\n|move|p1a: Goblin Mode|Knock Off|p2a: Let It Go\n|-resisted|p2a: Let It Go\n|-damage|p2a: Let It Go|56\/100 brn\n|\n|-weather|Snow|[upkeep]\n|-damage|p2a: Let It Go|50\/100 brn|[from] brn\n|upkeep\n|turn|22\n|\n|t:|1699102971\n|move|p2a: Let It Go|Moonblast|p1a: Goblin Mode\n|-supereffective|p1a: Goblin Mode\n|-damage|p1a: Goblin Mode|12\/100\n|move|p1a: Goblin Mode|Knock Off|p2a: Let It Go\n|-resisted|p2a: Let It Go\n|-damage|p2a: Let It Go|41\/100 brn\n|\n|-weather|Snow|[upkeep]\n|-damage|p2a: Let It Go|35\/100 brn|[from] brn\n|upkeep\n|turn|23\n|\n|t:|1699102975\n|move|p2a: Let It Go|Moonblast|p1a: Goblin Mode\n|-supereffective|p1a: Goblin Mode\n|-damage|p1a: Goblin Mode|0 fnt\n|faint|p1a: Goblin Mode\n|\n|-weather|Snow|[upkeep]\n|-damage|p2a: Let It Go|29\/100 brn|[from] brn\n|upkeep\n|\n|t:|1699102977\n|switch|p1a: Mimikyu|Mimikyu, M|91\/100\n|turn|24\n|\n|t:|1699102983\n|move|p2a: Let It Go|Aurora Veil|p2a: Let It Go\n|-sidestart|p2: Destinum|move: Aurora Veil\n|move|p1a: Mimikyu|Swords Dance|p1a: Mimikyu\n|-boost|p1a: Mimikyu|atk|2\n|\n|-weather|Snow|[upkeep]\n|-damage|p2a: Let It Go|23\/100 brn|[from] brn\n|upkeep\n|turn|25\n|\n|t:|1699102987\n|move|p2a: Let It Go|Encore|p1a: Mimikyu\n|-start|p1a: Mimikyu|Encore\n|move|p1a: Mimikyu|Swords Dance|p1a: Mimikyu\n|-boost|p1a: Mimikyu|atk|2\n|\n|-weather|none\n|-damage|p2a: Let It Go|18\/100 brn|[from] brn\n|upkeep\n|turn|26\n|\n|t:|1699102990\n|move|p2a: Let It Go|Moonblast|p1a: Mimikyu\n|-activate|p1a: Mimikyu|ability: Disguise\n|-damage|p1a: Mimikyu|91\/100\n|detailschange|p1a: Mimikyu|Mimikyu-Busted, M\n|-damage|p1a: Mimikyu|78\/100|[from] pokemon: Mimikyu-Busted\n|move|p1a: Mimikyu|Swords Dance|p1a: Mimikyu\n|-boost|p1a: Mimikyu|atk|2\n|\n|-damage|p2a: Let It Go|12\/100 brn|[from] brn\n|upkeep\n|turn|27\n|\n|t:|1699102993\n|move|p2a: Let It Go|Moonblast|p1a: Mimikyu\n|-damage|p1a: Mimikyu|29\/100\n|move|p1a: Mimikyu|Swords Dance|p1a: Mimikyu\n|-boost|p1a: Mimikyu|atk|0\n|\n|-damage|p2a: Let It Go|6\/100 brn|[from] brn\n|-end|p1a: Mimikyu|Encore\n|upkeep\n|turn|28\n|\n|t:|1699103001\n|move|p1a: Mimikyu|Shadow Sneak|p2a: Let It Go\n|-damage|p2a: Let It Go|0 fnt\n|faint|p2a: Let It Go\n|-damage|p1a: Mimikyu|19\/100|[from] item: Life Orb\n|\n|-sideend|p2: Destinum|move: Aurora Veil\n|upkeep\n|\n|t:|1699103007\n|switch|p2a: The Godfeather|Articuno|85\/100\n|-ability|p2a: The Godfeather|Pressure\n|turn|29\n|\n|t:|1699103011\n|move|p1a: Mimikyu|Drain Punch|p2a: The Godfeather\n|-damage|p2a: The Godfeather|23\/100\n|-heal|p1a: Mimikyu|67\/100|[from] drain|[of] p2a: The Godfeather\n|-damage|p1a: Mimikyu|57\/100|[from] item: Life Orb\n|move|p2a: The Godfeather|Freeze-Dry|p1a: Mimikyu\n|-damage|p1a: Mimikyu|29\/100\n|\n|upkeep\n|turn|30\n|\n|t:|1699103019\n|move|p1a: Mimikyu|Drain Punch|p2a: The Godfeather\n|-damage|p2a: The Godfeather|0 fnt\n|-heal|p1a: Mimikyu|46\/100|[from] drain|[of] p2a: The Godfeather\n|faint|p2a: The Godfeather\n|-damage|p1a: Mimikyu|36\/100|[from] item: Life Orb\n|\n|upkeep\n|\n|t:|1699103021\n|switch|p2a: I Choose Violence|Darmanitan-Galar, M|100\/100\n|turn|31\n|\n|t:|1699103026\n|move|p1a: Mimikyu|Shadow Sneak|p2a: I Choose Violence\n|-damage|p2a: I Choose Violence|0 fnt\n|faint|p2a: I Choose Violence\n|-damage|p1a: Mimikyu|26\/100|[from] item: Life Orb\n|\n|upkeep\n|c|\u2606Destinum|Fuck, I threw lol.\n|c|\u2606Salfy|the goat\n|\n|t:|1699103035\n|switch|p2a: Moby Thicc|Cetitan, M|100\/100\n|turn|32\n|c|\u2606Salfy|cant wait for you to ice shard\n|\n|t:|1699103060\n|move|p2a: Moby Thicc|Ice Shard|p1a: Mimikyu\n|-damage|p1a: Mimikyu|0 fnt\n|faint|p1a: Mimikyu\n|\n|win|Destinum\n|c|\u2606Salfy|did sneak kill\n|c|\u2606Salfy|moby is so thicc\n|c|\u2606Salfy|I dont calc\n|c|\u2606Salfy|im not + attack\n|c|\u2606Destinum|Was Mimikyu Adamant or Jolly?\n|c|\u2606Destinum|Oh wait, yeah with Jolly it never killed.\n|c|\u2606Salfy|sadge\n|c|\u2606Destinum|Adamant had like a 6.3% chance to OHKO.\n","uploadtime":1699103067,"views":8,"p1id":"salfy","p2id":"destinum","formatid":"gen9nationaldexubers","rating":0,"private":0,"password":""}