{"id":"gen9nationaldexubers-1988931497","p1":"ankoromoti125","p2":"galladesimp","format":"[Gen 9] National Dex Ubers","log":"|j|\u2606ankoromoti125\n|j|\u2606galladesimp\n|t:|1699790035\n|gametype|singles\n|player|p1|ankoromoti125|lyra|1265\n|player|p2|galladesimp|elesa-masters2|1298\n|teamsize|p1|6\n|teamsize|p2|6\n|gen|9\n|tier|[Gen 9] National Dex Ubers\n|rated|\n|rule|HP Percentage Mod: HP is shown in percentages\n|rule|Endless Battle Clause: Forcing endless battles is banned\n|rule|OHKO Clause: OHKO moves are banned\n|rule|Evasion Moves Clause: Evasion moves are banned\n|rule|Evasion Items Clause: Evasion items are banned\n|rule|Species Clause: Limit one of each Pok\u00e9mon\n|rule|Sleep Clause Mod: Limit one foe put to sleep\n|rule|Mega Rayquaza Clause: You cannot mega evolve Rayquaza\n|clearpoke\n|poke|p1|Eiscue, M|\n|poke|p1|Sharpedo, M|\n|poke|p1|Aron, L1, F|\n|poke|p1|Slowbro-Galar, F|\n|poke|p1|Hariyama, M|\n|poke|p1|Tyranitar, F|\n|poke|p2|Lopunny, F|\n|poke|p2|Blaziken, F|\n|poke|p2|Urshifu-*, M|\n|poke|p2|Quaquaval, M|\n|poke|p2|Lucario, F|\n|poke|p2|Pheromosa|\n|teampreview\n|inactive|Battle timer is ON: inactive players will automatically lose when time's up. (requested by galladesimp)\n|inactive|ankoromoti125 also wants the timer to be on.\n|inactive|ankoromoti125 has 120 seconds left.\n|\n|t:|1699790069\n|start\n|switch|p1a: Tyranitar|Tyranitar, F|100\/100\n|switch|p2a: Pheromosa|Pheromosa|100\/100\n|-weather|Sandstorm|[from] ability: Sand Stream|[of] p1a: Tyranitar\n|turn|1\n|\n|t:|1699790092\n|move|p2a: Pheromosa|U-turn|p1a: Tyranitar\n|-supereffective|p1a: Tyranitar\n|-damage|p1a: Tyranitar|6\/100\n|-enditem|p1a: Tyranitar|Eject Button\n|-damage|p2a: Pheromosa|91\/100|[from] item: Life Orb\n|\n|t:|1699790098\n|switch|p1a: Aron|Aron, L1, F, shiny|100\/100\n|\n|-weather|Sandstorm|[upkeep]\n|-damage|p2a: Pheromosa|85\/100|[from] Sandstorm\n|upkeep\n|turn|2\n|\n|t:|1699790112\n|move|p2a: Pheromosa|Triple Axel|p1a: Aron\n|-resisted|p1a: Aron\n|-ability|p1a: Aron|Sturdy\n|-damage|p1a: Aron|9\/100\n|-resisted|p1a: Aron\n|-damage|p1a: Aron|0 fnt\n|faint|p1a: Aron\n|-ability|p2a: Pheromosa|Beast Boost|boost\n|-boost|p2a: Pheromosa|spe|1\n|-hitcount|p1: Aron|2\n|-damage|p2a: Pheromosa|75\/100|[from] item: Life Orb\n|\n|-weather|Sandstorm|[upkeep]\n|-damage|p2a: Pheromosa|69\/100|[from] Sandstorm\n|upkeep\n|inactive|ankoromoti125 has 120 seconds left.\n|\n|t:|1699790133\n|switch|p1a: Hariyama|Hariyama, M, shiny|100\/100\n|turn|3\n|\n|t:|1699790142\n|move|p2a: Pheromosa|U-turn|p1a: Hariyama\n|-resisted|p1a: Hariyama\n|-damage|p1a: Hariyama|74\/100\n|-damage|p2a: Pheromosa|59\/100|[from] item: Life Orb\n|\n|t:|1699790154\n|switch|p2a: Lopunny|Lopunny, F|100\/100|[from] U-turn\n|move|p1a: Hariyama|Belly Drum|p1a: Hariyama\n|-damage|p1a: Hariyama|24\/100\n|-setboost|p1a: Hariyama|atk|6|[from] move: Belly Drum\n|\n|-weather|Sandstorm|[upkeep]\n|-damage|p2a: Lopunny|95\/100|[from] Sandstorm\n|-damage|p1a: Hariyama|18\/100|[from] Sandstorm\n|-status|p1a: Hariyama|brn|[from] item: Flame Orb\n|upkeep\n|turn|4\n|\n|t:|1699790169\n|detailschange|p2a: Lopunny|Lopunny-Mega, F\n|-mega|p2a: Lopunny|Lopunny|Lopunnite\n|move|p2a: Lopunny|Fake Out|p1a: Hariyama\n|-damage|p1a: Hariyama|0 fnt\n|faint|p1a: Hariyama\n|\n|-weather|Sandstorm|[upkeep]\n|-damage|p2a: Lopunny|89\/100|[from] Sandstorm\n|upkeep\n|\n|t:|1699790178\n|switch|p1a: Tyranitar|Tyranitar, F|6\/100\n|turn|5\n|\n|t:|1699790184\n|move|p2a: Lopunny|U-turn|p1a: Tyranitar\n|-supereffective|p1a: Tyranitar\n|-damage|p1a: Tyranitar|0 fnt\n|faint|p1a: Tyranitar\n|\n|t:|1699790188\n|switch|p2a: Pheromosa|Pheromosa|59\/100|[from] U-turn\n|\n|-weather|none\n|upkeep\n|\n|t:|1699790193\n|switch|p1a: Eiscue|Eiscue, M, shiny|100\/100\n|turn|6\n|\n|t:|1699790198\n|move|p2a: Pheromosa|U-turn|p1a: Eiscue\n|-activate|p1a: Eiscue|ability: Ice Face\n|-damage|p1a: Eiscue|100\/100\n|detailschange|p1a: Eiscue|Eiscue-Noice, M, shiny\n|-damage|p2a: Pheromosa|49\/100|[from] item: Life Orb\n|\n|t:|1699790205\n|switch|p2a: Lopunny|Lopunny-Mega, F|89\/100|[from] U-turn\n|move|p1a: Eiscue|Substitute|p1a: Eiscue\n|-start|p1a: Eiscue|Substitute\n|-damage|p1a: Eiscue|75\/100\n|\n|upkeep\n|turn|7\n|\n|t:|1699790213\n|move|p2a: Lopunny|Fake Out|p1a: Eiscue\n|-end|p1a: Eiscue|Substitute\n|move|p1a: Eiscue|Belly Drum|p1a: Eiscue\n|-damage|p1a: Eiscue|25\/100\n|-setboost|p1a: Eiscue|atk|6|[from] move: Belly Drum\n|-enditem|p1a: Eiscue|Salac Berry|[eat]\n|-boost|p1a: Eiscue|spe|1|[from] item: Salac Berry\n|\n|upkeep\n|turn|8\n|\n|t:|1699790224\n|move|p2a: Lopunny|Quick Attack|p1a: Eiscue\n|-damage|p1a: Eiscue|0 fnt\n|faint|p1a: Eiscue\n|\n|upkeep\n|\n|t:|1699790229\n|switch|p1a: Slowbro|Slowbro-Galar, F, shiny|100\/100\n|turn|9\n|\n|t:|1699790233\n|move|p2a: Lopunny|U-turn|p1a: Slowbro\n|-damage|p1a: Slowbro|81\/100\n|\n|t:|1699790236\n|switch|p2a: Urshifu|Urshifu, M|100\/100|[from] U-turn\n|move|p1a: Slowbro|Belly Drum|p1a: Slowbro\n|-damage|p1a: Slowbro|31\/100\n|-setboost|p1a: Slowbro|atk|6|[from] move: Belly Drum\n|\n|upkeep\n|turn|10\n|\n|t:|1699790247\n|move|p2a: Urshifu|Wicked Blow|p1a: Slowbro\n|-supereffective|p1a: Slowbro\n|-crit|p1a: Slowbro\n|-damage|p1a: Slowbro|0 fnt\n|faint|p1a: Slowbro\n|\n|upkeep\n|-message|ankoromoti125 forfeited.\n|\n|win|galladesimp\n|raw|ankoromoti125's rating: 1265 &rarr; <strong>1242<\/strong><br \/>(-23 for losing)\n|raw|galladesimp's rating: 1298 &rarr; <strong>1321<\/strong><br \/>(+23 for winning)\n|l|\u2606ankoromoti125\n","uploadtime":1699790258,"views":18,"p1id":"ankoromoti125","p2id":"galladesimp","formatid":"gen9nationaldexubers","rating":1242,"private":0,"password":""}