{"id":"gen9nationaldexubers-1981856375","p1":"kaden.woodard","p2":"AT183","format":"[Gen 9] National Dex Ubers","log":"|j|\u2606kaden.woodard\n|j|\u2606AT183\n|t:|1698946792\n|gametype|singles\n|player|p1|kaden.woodard|266|1071\n|player|p2|AT183|pryce|1164\n|teamsize|p1|6\n|teamsize|p2|6\n|gen|9\n|tier|[Gen 9] National Dex Ubers\n|rated|\n|rule|HP Percentage Mod: HP is shown in percentages\n|rule|Endless Battle Clause: Forcing endless battles is banned\n|rule|OHKO Clause: OHKO moves are banned\n|rule|Evasion Moves Clause: Evasion moves are banned\n|rule|Evasion Items Clause: Evasion items are banned\n|rule|Species Clause: Limit one of each Pok\u00e9mon\n|rule|Sleep Clause Mod: Limit one foe put to sleep\n|rule|Mega Rayquaza Clause: You cannot mega evolve Rayquaza\n|clearpoke\n|poke|p1|Arceus-Fairy|\n|poke|p1|Mewtwo|\n|poke|p1|Kyogre|\n|poke|p1|Pheromosa|\n|poke|p1|Zacian-*|\n|poke|p1|Marshadow|\n|poke|p2|Necrozma-Dusk-Mane|\n|poke|p2|Magearna|\n|poke|p2|Forretress, M|\n|poke|p2|Blastoise, M|\n|poke|p2|Annihilape, F|\n|poke|p2|Ninetales-Alola, M|\n|teampreview\n|inactive|Battle timer is ON: inactive players will automatically lose when time's up. (requested by AT183)\n|\n|t:|1698946807\n|start\n|switch|p1a: Mewtwo|Mewtwo|100\/100\n|switch|p2a: Forretress|Forretress, M|100\/100\n|-ability|p1a: Mewtwo|Pressure\n|turn|1\n|\n|t:|1698946824\n|switch|p1a: Zacian|Zacian-Crowned|100\/100\n|-ability|p1a: Zacian|Intrepid Sword|boost\n|-boost|p1a: Zacian|atk|1\n|move|p2a: Forretress|Stealth Rock|p1a: Zacian\n|-sidestart|p1: kaden.woodard|move: Stealth Rock\n|\n|upkeep\n|turn|2\n|\n|t:|1698946835\n|move|p1a: Zacian|Fire Fang|p2a: Forretress\n|-supereffective|p2a: Forretress\n|-damage|p2a: Forretress|4\/100\n|-enditem|p2a: Forretress|Red Card|[of] p1a: Zacian\n|drag|p1a: Pheromosa|Pheromosa|100\/100\n|-damage|p1a: Pheromosa|88\/100|[from] Stealth Rock\n|move|p2a: Forretress|Spikes|p1a: Pheromosa\n|-sidestart|p1: kaden.woodard|Spikes\n|\n|upkeep\n|turn|3\n|\n|t:|1698946845\n|move|p1a: Pheromosa|Bug Buzz|p2a: Forretress\n|-resisted|p2a: Forretress\n|-damage|p2a: Forretress|0 fnt\n|faint|p2a: Forretress\n|-ability|p1a: Pheromosa|Beast Boost|boost\n|-boost|p1a: Pheromosa|spe|1\n|\n|upkeep\n|\n|t:|1698946849\n|switch|p2a: Ninetales|Ninetales-Alola, M|100\/100\n|-weather|Snow|[from] ability: Snow Warning|[of] p2a: Ninetales\n|turn|4\n|\n|t:|1698946857\n|move|p1a: Pheromosa|High Jump Kick|p2a: Ninetales\n|-damage|p2a: Ninetales|36\/100\n|move|p2a: Ninetales|Aurora Veil|p2a: Ninetales\n|-sidestart|p2: AT183|move: Aurora Veil\n|\n|-weather|Snow|[upkeep]\n|upkeep\n|turn|5\n|\n|t:|1698946868\n|move|p1a: Pheromosa|Close Combat|p2a: Ninetales\n|-damage|p2a: Ninetales|6\/100\n|-unboost|p1a: Pheromosa|def|1\n|-unboost|p1a: Pheromosa|spd|1\n|move|p2a: Ninetales|Draining Kiss|p1a: Pheromosa\n|-supereffective|p1a: Pheromosa\n|-damage|p1a: Pheromosa|0 fnt\n|-heal|p2a: Ninetales|71\/100|[from] drain|[of] p1a: Pheromosa\n|faint|p1a: Pheromosa\n|\n|-weather|Snow|[upkeep]\n|upkeep\n|\n|t:|1698946890\n|switch|p1a: Marshadow|Marshadow|100\/100\n|-damage|p1a: Marshadow|94\/100|[from] Stealth Rock\n|-damage|p1a: Marshadow|82\/100|[from] Spikes\n|turn|6\n|\n|t:|1698946897\n|move|p1a: Marshadow|Poison Jab|p2a: Ninetales\n|-supereffective|p2a: Ninetales\n|-damage|p2a: Ninetales|42\/100\n|-status|p2a: Ninetales|psn\n|move|p2a: Ninetales|Draining Kiss|p1a: Marshadow\n|-supereffective|p1a: Marshadow\n|-crit|p1a: Marshadow\n|-damage|p1a: Marshadow|14\/100\n|-heal|p2a: Ninetales|99\/100 psn|[from] drain|[of] p1a: Marshadow\n|\n|-weather|Snow|[upkeep]\n|-damage|p2a: Ninetales|87\/100 psn|[from] psn\n|upkeep\n|turn|7\n|inactive|kaden.woodard has 120 seconds left.\n|\n|t:|1698946919\n|-terastallize|p1a: Marshadow|Fighting\n|move|p1a: Marshadow|Poison Jab|p2a: Ninetales\n|-supereffective|p2a: Ninetales\n|-damage|p2a: Ninetales|55\/100 psn\n|move|p2a: Ninetales|Draining Kiss|p1a: Marshadow\n|-supereffective|p1a: Marshadow\n|-damage|p1a: Marshadow|0 fnt\n|-heal|p2a: Ninetales|66\/100 psn|[from] drain|[of] p1a: Marshadow\n|faint|p1a: Marshadow\n|\n|-weather|Snow|[upkeep]\n|-damage|p2a: Ninetales|54\/100 psn|[from] psn\n|upkeep\n|inactive|kaden.woodard has 120 seconds left.\n|\n|t:|1698946938\n|switch|p1a: Mewtwo|Mewtwo|100\/100\n|-damage|p1a: Mewtwo|88\/100|[from] Stealth Rock\n|-damage|p1a: Mewtwo|76\/100|[from] Spikes\n|-ability|p1a: Mewtwo|Pressure\n|turn|8\n|\n|t:|1698946950\n|detailschange|p1a: Mewtwo|Mewtwo-Mega-Y\n|-mega|p1a: Mewtwo|Mewtwo|Mewtwonite Y\n|move|p1a: Mewtwo|Shadow Ball|p2a: Ninetales\n|-damage|p2a: Ninetales|29\/100 psn\n|move|p2a: Ninetales|Freeze-Dry|p1a: Mewtwo\n|-damage|p1a: Mewtwo|54\/100\n|\n|-weather|none\n|-damage|p2a: Ninetales|17\/100 psn|[from] psn\n|upkeep\n|turn|9\n|\n|t:|1698946959\n|move|p1a: Mewtwo|Psychic|p2a: Ninetales\n|-damage|p2a: Ninetales|0 fnt\n|faint|p2a: Ninetales\n|\n|upkeep\n|\n|t:|1698946963\n|switch|p2a: Magearna|Magearna|100\/100\n|turn|10\n|inactive|kaden.woodard has 120 seconds left.\n|\n|t:|1698946975\n|move|p1a: Mewtwo|Aura Sphere|p2a: Magearna\n|-damage|p2a: Magearna|83\/100\n|move|p2a: Magearna|Shift Gear|p2a: Magearna\n|-boost|p2a: Magearna|spe|2\n|-boost|p2a: Magearna|atk|1\n|\n|upkeep\n|turn|11\n|\n|t:|1698946984\n|move|p1a: Mewtwo|Psychic|p2a: Magearna\n|-resisted|p2a: Magearna\n|-damage|p2a: Magearna|67\/100\n|-unboost|p2a: Magearna|spd|1\n|move|p2a: Magearna|Shift Gear|p2a: Magearna\n|-boost|p2a: Magearna|spe|2\n|-boost|p2a: Magearna|atk|1\n|\n|-sideend|p2: AT183|move: Aurora Veil\n|upkeep\n|turn|12\n|\n|t:|1698946993\n|switch|p1a: Kyogre|Kyogre|100\/100\n|-damage|p1a: Kyogre|88\/100|[from] Stealth Rock\n|-damage|p1a: Kyogre|76\/100|[from] Spikes\n|detailschange|p1a: Kyogre|Kyogre-Primal\n|-primal|p1a: Kyogre|Blue Orb\n|-weather|PrimordialSea|[from] ability: Primordial Sea|[of] p1a: Kyogre\n|move|p2a: Magearna|Calm Mind|p2a: Magearna\n|-boost|p2a: Magearna|spa|1\n|-boost|p2a: Magearna|spd|1\n|\n|-weather|PrimordialSea|[upkeep]\n|upkeep\n|turn|13\n|\n|t:|1698947005\n|move|p2a: Magearna|Stored Power|p1a: Kyogre\n|-damage|p1a: Kyogre|11\/100\n|move|p1a: Kyogre|Earthquake|p2a: Magearna\n|-supereffective|p2a: Magearna\n|-damage|p2a: Magearna|10\/100\n|-enditem|p2a: Magearna|Weakness Policy\n|-boost|p2a: Magearna|atk|2|[from] item: Weakness Policy\n|-boost|p2a: Magearna|spa|2|[from] item: Weakness Policy\n|\n|-weather|PrimordialSea|[upkeep]\n|upkeep\n|turn|14\n|\n|t:|1698947014\n|move|p2a: Magearna|Stored Power|p1a: Kyogre\n|-damage|p1a: Kyogre|0 fnt\n|faint|p1a: Kyogre\n|-ability|p2a: Magearna|Soul-Heart|boost\n|-boost|p2a: Magearna|spa|1\n|-weather|none\n|\n|upkeep\n|\n|t:|1698947020\n|switch|p1a: Arceus|Arceus-Fairy|100\/100\n|-damage|p1a: Arceus|88\/100|[from] Stealth Rock\n|-damage|p1a: Arceus|76\/100|[from] Spikes\n|turn|15\n|\n|t:|1698947026\n|move|p2a: Magearna|Draining Kiss|p1a: Arceus\n|-damage|p1a: Arceus|15\/100\n|-heal|p2a: Magearna|57\/100|[from] drain|[of] p1a: Arceus\n|move|p1a: Arceus|Flamethrower|p2a: Magearna\n|-supereffective|p2a: Magearna\n|-damage|p2a: Magearna|6\/100\n|\n|upkeep\n|turn|16\n|\n|t:|1698947033\n|move|p2a: Magearna|Draining Kiss|p1a: Arceus\n|-damage|p1a: Arceus|0 fnt\n|-heal|p2a: Magearna|17\/100|[from] drain|[of] p1a: Arceus\n|faint|p1a: Arceus\n|-ability|p2a: Magearna|Soul-Heart|boost\n|-boost|p2a: Magearna|spa|1\n|\n|upkeep\n|\n|t:|1698947039\n|switch|p1a: Mewtwo|Mewtwo-Mega-Y|54\/100\n|-damage|p1a: Mewtwo|42\/100|[from] Stealth Rock\n|-damage|p1a: Mewtwo|29\/100|[from] Spikes\n|turn|17\n|\n|t:|1698947045\n|move|p2a: Magearna|Draining Kiss|p1a: Mewtwo\n|-damage|p1a: Mewtwo|0 fnt\n|-heal|p2a: Magearna|38\/100|[from] drain|[of] p1a: Mewtwo\n|faint|p1a: Mewtwo\n|-ability|p2a: Magearna|Soul-Heart|boost\n|-boost|p2a: Magearna|spa|1\n|\n|upkeep\n|\n|t:|1698947052\n|switch|p1a: Zacian|Zacian-Crowned|100\/100\n|-damage|p1a: Zacian|94\/100|[from] Stealth Rock\n|-damage|p1a: Zacian|82\/100|[from] Spikes\n|turn|18\n|\n|t:|1698947059\n|move|p2a: Magearna|Stored Power|p1a: Zacian\n|-resisted|p1a: Zacian\n|-damage|p1a: Zacian|0 fnt\n|faint|p1a: Zacian\n|\n|win|AT183\n|raw|kaden.woodard's rating: 1071 &rarr; <strong>1056<\/strong><br \/>(-15 for losing)\n|raw|AT183's rating: 1164 &rarr; <strong>1182<\/strong><br \/>(+18 for winning)\n|l|\u2606kaden.woodard\n","uploadtime":1698947081,"views":11,"p1id":"kadenwoodard","p2id":"at183","formatid":"gen9nationaldexubers","rating":1056,"private":0,"password":""}