{"id":"gen9nationaldexubers-1990747238","p1":"Rainer565","p2":"myarip","format":"[Gen 9] National Dex Ubers","log":"|j|\u2606Rainer565\n|j|\u2606myarip\n|t:|1699997044\n|gametype|singles\n|player|p1|Rainer565|lucas|\n|player|p2|myarip|lady|\n|teamsize|p1|6\n|teamsize|p2|6\n|gen|9\n|tier|[Gen 9] National Dex Ubers\n|rule|HP Percentage Mod: HP is shown in percentages\n|rule|Endless Battle Clause: Forcing endless battles is banned\n|rule|OHKO Clause: OHKO moves are banned\n|rule|Evasion Moves Clause: Evasion moves are banned\n|rule|Evasion Items Clause: Evasion items are banned\n|rule|Species Clause: Limit one of each Pok\u00e9mon\n|rule|Sleep Clause Mod: Limit one foe put to sleep\n|rule|Mega Rayquaza Clause: You cannot mega evolve Rayquaza\n|clearpoke\n|poke|p1|Dracozolt|\n|poke|p1|Bellibolt, M|\n|poke|p1|Toxtricity, M|\n|poke|p1|Oricorio-Pom-Pom, M|\n|poke|p1|Sandy Shocks|\n|poke|p1|Tyranitar, F|\n|poke|p2|Whimsicott, F|\n|poke|p2|Clefable, F|\n|poke|p2|Azumarill, F|\n|poke|p2|Tinkaton, F|\n|poke|p2|Gardevoir, F|\n|poke|p2|Flutter Mane|\n|teampreview\n|j| Rainer367\n|j| AWK-47\n|j| CloysterEnjoyer\n|j| RaVeDreNch\n|c| CloysterEnjoyer|round 2!\n|c| CloysterEnjoyer|electric boogaloo\n|\n|t:|1699997088\n|start\n|switch|p1a: Bellibolt|Bellibolt, M|100\/100\n|switch|p2a: Whimsicott|Whimsicott, F|100\/100\n|turn|1\n|\n|t:|1699997099\n|move|p2a: Whimsicott|Sunny Day|p2a: Whimsicott\n|-weather|SunnyDay\n|move|p1a: Bellibolt|Thunderbolt|p2a: Whimsicott\n|-resisted|p2a: Whimsicott\n|-damage|p2a: Whimsicott|78\/100\n|\n|-weather|SunnyDay|[upkeep]\n|-heal|p2a: Whimsicott|84\/100|[from] item: Leftovers\n|upkeep\n|turn|2\n|c| CloysterEnjoyer|sunny day?\n|c|\u2606Rainer565|!weakness whimsicott\n|c| Rainer565|\/raw <div class=\"infobox\">Whimsicott (ignoring abilities):<br \/><span class=\"message-effect-weak\">Weaknesses<\/span>: Fire, Flying, Ice, <b>Poison<\/b>, Steel<br \/><span class=\"message-effect-resist\">Resistances<\/span>: Dark, Electric, Fighting, Grass, Ground, Water<br \/><span class=\"message-effect-immune\">Immunities<\/span>: Dragon, Powder moves<\/div>\n|j| Xanvoir\n|c| Xanvoir|Yo\n|c| AWK-47|YO\n|\n|t:|1699997127\n|switch|p1a: Toxtricity|Toxtricity, M|100\/100\n|move|p2a: Whimsicott|Tailwind|p2a: Whimsicott\n|-sidestart|p2: myarip|move: Tailwind\n|\n|-weather|SunnyDay|[upkeep]\n|-heal|p2a: Whimsicott|91\/100|[from] item: Leftovers\n|upkeep\n|turn|3\n|\n|t:|1699997145\n|-terastallize|p2a: Whimsicott|Steel\n|move|p2a: Whimsicott|U-turn|p1a: Toxtricity\n|-resisted|p1a: Toxtricity\n|-damage|p1a: Toxtricity|93\/100\n|\n|t:|1699997153\n|switch|p2a: Tinkaton|Tinkaton, F|100\/100|[from] U-turn\n|-ability|p2a: Tinkaton|Mold Breaker\n|move|p1a: Toxtricity|Boomburst|p2a: Tinkaton\n|-resisted|p2a: Tinkaton\n|-damage|p2a: Tinkaton|61\/100\n|\n|-weather|SunnyDay|[upkeep]\n|upkeep\n|turn|4\n|c|\u2606myarip|FUCK\n|c|\u2606myarip|I MISSED CLIEKC\n|c|\u2606Rainer565|!weakness tinkaton\n|c| Rainer565|\/raw <div class=\"infobox\">Tinkaton (ignoring abilities):<br \/><span class=\"message-effect-weak\">Weaknesses<\/span>: Fire, Ground<br \/><span class=\"message-effect-resist\">Resistances<\/span>: <b>Bug<\/b>, Dark, Fairy, Flying, Grass, Ice, Normal, Psychic, Rock<br \/><span class=\"message-effect-immune\">Immunities<\/span>: Dragon, Poison, Sandstorm damage, Toxic<\/div>\n|c| Rainer367|Just letting you know, I am NOT helping him in anyway for this tournament (I genuinely didn't help him last time)\n|c| CloysterEnjoyer|that was a good play\n|c|\u2606myarip|its supposed to be flutter instead...\n|c| CloysterEnjoyer|he might have used a poison move\n|\n|t:|1699997208\n|move|p2a: Tinkaton|Bulldoze|p1a: Toxtricity\n|-supereffective|p1a: Toxtricity\n|-damage|p1a: Toxtricity|13\/100\n|-unboost|p1a: Toxtricity|spe|1\n|move|p1a: Toxtricity|Boomburst|p2a: Tinkaton\n|-resisted|p2a: Tinkaton\n|-damage|p2a: Tinkaton|25\/100\n|\n|-weather|SunnyDay|[upkeep]\n|upkeep\n|turn|5\n|c| Rainer367|Which I guess you can tell from the fact that he is using the commands\n|\n|t:|1699997224\n|switch|p1a: Oricorio|Oricorio-Pom-Pom, M|100\/100\n|move|p2a: Tinkaton|Bulldoze|p1a: Oricorio\n|-immune|p1a: Oricorio\n|\n|-weather|none\n|-sideend|p2: myarip|move: Tailwind\n|upkeep\n|turn|6\n|c|\u2606myarip|its okay lol\n|\n|t:|1699997251\n|switch|p2a: Clefable|Clefable, F|100\/100\n|move|p1a: Oricorio|Hurricane|p2a: Clefable|[miss]\n|-miss|p1a: Oricorio|p2a: Clefable\n|\n|upkeep\n|turn|7\n|c|\u2606Rainer565|!weakness clefable\n|c| Rainer565|\/raw <div class=\"infobox\">Clefable (ignoring abilities):<br \/><span class=\"message-effect-weak\">Weaknesses<\/span>: Poison, Steel<br \/><span class=\"message-effect-resist\">Resistances<\/span>: Bug, Dark, Fighting<br \/><span class=\"message-effect-immune\">Immunities<\/span>: Dragon<\/div>\n|\n|t:|1699997273\n|move|p1a: Oricorio|Revelation Dance|p2a: Clefable\n|-damage|p2a: Clefable|70\/100\n|move|p2a: Clefable|Cosmic Power|p2a: Clefable\n|-boost|p2a: Clefable|def|1\n|-boost|p2a: Clefable|spd|1\n|\n|-heal|p2a: Clefable|76\/100|[from] item: Leftovers\n|upkeep\n|turn|8\n|\n|t:|1699997283\n|move|p1a: Oricorio|Revelation Dance|p2a: Clefable\n|-damage|p2a: Clefable|57\/100\n|move|p2a: Clefable|Cosmic Power|p2a: Clefable\n|-boost|p2a: Clefable|def|1\n|-boost|p2a: Clefable|spd|1\n|\n|-heal|p2a: Clefable|63\/100|[from] item: Leftovers\n|upkeep\n|turn|9\n|c| Xanvoir|Good !\n|\n|t:|1699997297\n|switch|p1a: Bellibolt|Bellibolt, M|100\/100\n|move|p2a: Clefable|Soft-Boiled|p2a: Clefable\n|-heal|p2a: Clefable|100\/100\n|\n|upkeep\n|turn|10\n|l| AWK-47\n|\n|t:|1699997306\n|move|p2a: Clefable|Cosmic Power|p2a: Clefable\n|-boost|p2a: Clefable|def|1\n|-boost|p2a: Clefable|spd|1\n|move|p1a: Bellibolt|Thunderbolt|p2a: Clefable\n|-damage|p2a: Clefable|89\/100\n|\n|-heal|p2a: Clefable|95\/100|[from] item: Leftovers\n|upkeep\n|turn|11\n|\n|t:|1699997314\n|move|p2a: Clefable|Cosmic Power|p2a: Clefable\n|-boost|p2a: Clefable|def|1\n|-boost|p2a: Clefable|spd|1\n|move|p1a: Bellibolt|Chilling Water|p2a: Clefable\n|-damage|p2a: Clefable|90\/100\n|-unboost|p2a: Clefable|atk|1\n|\n|-heal|p2a: Clefable|97\/100|[from] item: Leftovers\n|upkeep\n|turn|12\n|\n|t:|1699997323\n|move|p2a: Clefable|Cosmic Power|p2a: Clefable\n|-boost|p2a: Clefable|def|1\n|-boost|p2a: Clefable|spd|1\n|move|p1a: Bellibolt|Chilling Water|p2a: Clefable\n|-damage|p2a: Clefable|93\/100\n|-unboost|p2a: Clefable|atk|1\n|\n|-heal|p2a: Clefable|99\/100|[from] item: Leftovers\n|upkeep\n|turn|13\n|c|\u2606Rainer565|what\n|c| Rainer367|No mercy this time?\n|\n|t:|1699997335\n|move|p2a: Clefable|Cosmic Power|p2a: Clefable\n|-boost|p2a: Clefable|def|1\n|-boost|p2a: Clefable|spd|1\n|move|p1a: Bellibolt|Chilling Water|p2a: Clefable\n|-damage|p2a: Clefable|97\/100\n|-unboost|p2a: Clefable|atk|1\n|\n|-heal|p2a: Clefable|100\/100|[from] item: Leftovers\n|upkeep\n|turn|14\n|c| CloysterEnjoyer|welp looks like you've got a tank to bust\n|c|\u2606Rainer565|the waiting game\n|c|\u2606myarip|it can go only max four right\n|\n|t:|1699997363\n|move|p2a: Clefable|Stored Power|p1a: Bellibolt\n|-damage|p1a: Bellibolt|45\/100\n|-start|p1a: Bellibolt|Charge|Stored Power|[from] ability: Electromorphosis\n|move|p1a: Bellibolt|Chilling Water|p2a: Clefable\n|-damage|p2a: Clefable|98\/100\n|-unboost|p2a: Clefable|atk|1\n|\n|-heal|p2a: Clefable|100\/100|[from] item: Leftovers\n|-heal|p1a: Bellibolt|51\/100|[from] item: Leftovers\n|upkeep\n|turn|15\n|c| Xanvoir|Haha, don\u2019t worry, this isn\u2019t only a tank\n|c| Rainer367|yea 4\n|\n|t:|1699997375\n|move|p2a: Clefable|Stored Power|p1a: Bellibolt\n|-damage|p1a: Bellibolt|1\/100\n|-start|p1a: Bellibolt|Charge|Stored Power|[from] ability: Electromorphosis\n|move|p1a: Bellibolt|Thunderbolt|p2a: Clefable\n|-damage|p2a: Clefable|85\/100\n|-end|p1a: Bellibolt|Charge|[silent]\n|\n|-heal|p2a: Clefable|91\/100|[from] item: Leftovers\n|-heal|p1a: Bellibolt|7\/100|[from] item: Leftovers\n|upkeep\n|turn|16\n|c| CloysterEnjoyer|oof\n|\n|t:|1699997390\n|move|p2a: Clefable|Stored Power|p1a: Bellibolt\n|-crit|p1a: Bellibolt\n|-damage|p1a: Bellibolt|0 fnt\n|faint|p1a: Bellibolt\n|\n|-heal|p2a: Clefable|97\/100|[from] item: Leftovers\n|upkeep\n|j| AWK-47\n|c|\u2606Rainer565|wth bro\n|c| CloysterEnjoyer|critted\n|c| Xanvoir|Haha\n|c| Rainer367|Hi Umai\n|\n|t:|1699997410\n|switch|p1a: Toxtricity|Toxtricity, M|13\/100\n|turn|17\n|c| AWK-47|hai\n|c| AWK-47|again\n|c| AWK-47|my internet is a little shiatty\n|\n|t:|1699997421\n|move|p1a: Toxtricity|Boomburst|p2a: Clefable\n|-damage|p2a: Clefable|75\/100\n|move|p2a: Clefable|Stored Power|p1a: Toxtricity\n|-supereffective|p1a: Toxtricity\n|-damage|p1a: Toxtricity|0 fnt\n|faint|p1a: Toxtricity\n|\n|-heal|p2a: Clefable|81\/100|[from] item: Leftovers\n|upkeep\n|c| Xanvoir|stored power gains power with more power ups, you are fucked\n|c| Rainer367|rip\n|c| Rainer367|Casier is getting bullied#\n|\n|t:|1699997439\n|switch|p1a: Sandy Shocks|Sandy Shocks|100\/100\n|turn|18\n|\n|t:|1699997449\n|move|p1a: Sandy Shocks|Tera Blast|p2a: Clefable\n|-damage|p2a: Clefable|74\/100\n|move|p2a: Clefable|Stored Power|p1a: Sandy Shocks\n|-damage|p1a: Sandy Shocks|29\/100\n|\n|-heal|p2a: Clefable|80\/100|[from] item: Leftovers\n|upkeep\n|turn|19\n|c| Rainer367|Casier? I meant Cashier\n|\n|t:|1699997459\n|move|p1a: Sandy Shocks|Earth Power|p2a: Clefable\n|-damage|p2a: Clefable|68\/100\n|move|p2a: Clefable|Stored Power|p1a: Sandy Shocks\n|-damage|p1a: Sandy Shocks|0 fnt\n|faint|p1a: Sandy Shocks\n|-end|p1a: Sandy Shocks|Protosynthesis|[silent]\n|\n|-heal|p2a: Clefable|75\/100|[from] item: Leftovers\n|upkeep\n|\n|t:|1699997468\n|switch|p1a: Oricorio|Oricorio-Pom-Pom, M|100\/100\n|turn|20\n|\n|t:|1699997480\n|move|p1a: Oricorio|Quiver Dance|p1a: Oricorio\n|-boost|p1a: Oricorio|spa|1\n|-boost|p1a: Oricorio|spd|1\n|-boost|p1a: Oricorio|spe|1\n|move|p2a: Clefable|Stored Power|p1a: Oricorio\n|-damage|p1a: Oricorio|52\/100\n|\n|-heal|p2a: Clefable|81\/100|[from] item: Leftovers\n|upkeep\n|turn|21\n|c| Rainer367|WHY IS ORICORIO SO LOUD\n|c| Rainer367|MY EARS\n|c| CloysterEnjoyer|myarip hasnt lost a mon yet...\n|c|\u2606Rainer565|!weakness ground\n|c| Rainer565|\/raw <div class=\"infobox\">Ground:<br \/><span class=\"message-effect-weak\">Weaknesses<\/span>: Grass, Ice, Water<br \/><span class=\"message-effect-resist\">Resistances<\/span>: Poison, Rock<br \/><span class=\"message-effect-immune\">Immunities<\/span>: Electric, Sandstorm damage<\/div>\n|c| Rainer367|Cos Clefable is a literal wall\n|c| Rainer367|huh?\n|\n|t:|1699997513\n|move|p1a: Oricorio|Revelation Dance|p2a: Clefable\n|-damage|p2a: Clefable|69\/100\n|move|p2a: Clefable|Stored Power|p1a: Oricorio\n|-damage|p1a: Oricorio|0 fnt\n|faint|p1a: Oricorio\n|\n|-heal|p2a: Clefable|75\/100|[from] item: Leftovers\n|upkeep\n|c| CloysterEnjoyer|1000 defense\n|\n|t:|1699997522\n|switch|p1a: Tyranitar|Tyranitar, F|100\/100\n|-weather|Sandstorm|[from] ability: Sand Stream|[of] p1a: Tyranitar\n|turn|22\n|c| Xanvoir|Haha\n|\n|t:|1699997538\n|switch|p2a: Azumarill|Azumarill, F|100\/100\n|move|p1a: Tyranitar|Earthquake|p2a: Azumarill\n|-damage|p2a: Azumarill|54\/100\n|\n|-weather|Sandstorm|[upkeep]\n|-damage|p2a: Azumarill|48\/100|[from] Sandstorm\n|upkeep\n|turn|23\n|c|\u2606Rainer565|im hating this\n|c| Rainer367|oh?\n|c| CloysterEnjoyer|what\n|c| CloysterEnjoyer|tf\n|\n|t:|1699997549\n|move|p2a: Azumarill|Aqua Jet|p1a: Tyranitar\n|-supereffective|p1a: Tyranitar\n|-damage|p1a: Tyranitar|63\/100\n|move|p1a: Tyranitar|Earthquake|p2a: Azumarill\n|-damage|p2a: Azumarill|0 fnt\n|faint|p2a: Azumarill\n|\n|-weather|Sandstorm|[upkeep]\n|upkeep\n|c| AWK-47|why\n|c|\u2606myarip|doesn't effect\n|c| Rainer367|Myarip showing mercy?\n|c| Rainer367|Oh wait\n|c| Rainer367|yea\n|c|\u2606myarip|tyranitars dark\n|\n|t:|1699997567\n|switch|p2a: Tinkaton|Tinkaton, F|25\/100\n|-ability|p2a: Tinkaton|Mold Breaker\n|turn|24\n|c| AWK-47|ah\n|\n|t:|1699997571\n|move|p2a: Tinkaton|Bulldoze|p1a: Tyranitar\n|-supereffective|p1a: Tyranitar\n|-damage|p1a: Tyranitar|43\/100\n|-unboost|p1a: Tyranitar|spe|1\n|move|p1a: Tyranitar|Earthquake|p2a: Tinkaton\n|-supereffective|p2a: Tinkaton\n|-damage|p2a: Tinkaton|0 fnt\n|faint|p2a: Tinkaton\n|\n|-weather|Sandstorm|[upkeep]\n|upkeep\n|c| Rainer367|Stored Power is psychic, Ttar is dark\n|c| Xanvoir|Technically that Tyra should be Teraed rn\n|c| CloysterEnjoyer|tera\n|\n|t:|1699997579\n|switch|p2a: Gardevoir|Gardevoir, F|100\/100\n|turn|25\n|c| CloysterEnjoyer|tera rn\n|\n|t:|1699997587\n|detailschange|p2a: Gardevoir|Gardevoir-Mega, F\n|-mega|p2a: Gardevoir|Gardevoir|Gardevoirite\n|-terastallize|p1a: Tyranitar|Electric\n|move|p2a: Gardevoir|Energy Ball|p1a: Tyranitar\n|-damage|p1a: Tyranitar|23\/100\n|-unboost|p1a: Tyranitar|spd|1\n|move|p1a: Tyranitar|Earthquake|p2a: Gardevoir\n|-damage|p2a: Gardevoir|31\/100\n|\n|-weather|Sandstorm|[upkeep]\n|-damage|p2a: Gardevoir|25\/100|[from] Sandstorm\n|-damage|p1a: Tyranitar|16\/100|[from] Sandstorm\n|upkeep\n|turn|26\n|c| Rainer367|He forgor lol\n|c|\u2606Rainer565|sorry\n|c|\u2606myarip|its ok lol\n|\n|t:|1699997601\n|switch|p1a: Dracozolt|Dracozolt|100\/100\n|move|p2a: Gardevoir|Psyshock|p1a: Dracozolt\n|-damage|p1a: Dracozolt|43\/100\n|\n|-weather|none\n|upkeep\n|turn|27\n|c| CloysterEnjoyer|sucker punch?\n|\n|t:|1699997607\n|switch|p1a: Tyranitar|Tyranitar, F, tera:Electric|16\/100\n|-weather|Sandstorm|[from] ability: Sand Stream|[of] p1a: Tyranitar\n|move|p2a: Gardevoir|Hyper Voice|p1a: Tyranitar\n|-damage|p1a: Tyranitar|0 fnt\n|faint|p1a: Tyranitar\n|\n|-weather|Sandstorm|[upkeep]\n|-damage|p2a: Gardevoir|19\/100|[from] Sandstorm\n|upkeep\n|c| Rainer367|Bro got a tera at a decent time\n|\n|t:|1699997617\n|switch|p1a: Dracozolt|Dracozolt|43\/100\n|turn|28\n|c| Xanvoir|Myari !\n|\n|t:|1699997623\n|move|p1a: Dracozolt|Bolt Beak|p2a: Gardevoir\n|-damage|p2a: Gardevoir|0 fnt\n|faint|p2a: Gardevoir\n|\n|-weather|Sandstorm|[upkeep]\n|upkeep\n|c| RaVeDreNch|the one pokemon that ends myari's clefable is clodsire\n|\n|t:|1699997628\n|switch|p2a: Flutter Mane|Flutter Mane|100\/100\n|turn|29\n|c| Rainer367|Bolt beak sweep???\n|\n|t:|1699997637\n|move|p1a: Dracozolt|Bolt Beak|p2a: Flutter Mane\n|-damage|p2a: Flutter Mane|0 fnt\n|faint|p2a: Flutter Mane\n|-end|p2a: Flutter Mane|Protosynthesis|[silent]\n|\n|-weather|Sandstorm|[upkeep]\n|upkeep\n|c| CloysterEnjoyer|sand rush!\n|c|\u2606Rainer565|eeeeq\n|c| CloysterEnjoyer|no way\n|c|\u2606myarip|ugh iforgot\n|c| Rainer367|Dracozolt sweep???\n|\n|t:|1699997647\n|switch|p2a: Whimsicott|Whimsicott, F, tera:Steel|91\/100\n|turn|30\n|c| Rainer367|What\n|\n|t:|1699997650\n|move|p2a: Whimsicott|Sunny Day|p2a: Whimsicott\n|-weather|SunnyDay\n|move|p1a: Dracozolt|Bolt Beak|p2a: Whimsicott\n|-damage|p2a: Whimsicott|37\/100\n|\n|-weather|SunnyDay|[upkeep]\n|-heal|p2a: Whimsicott|43\/100|[from] item: Leftovers\n|upkeep\n|turn|31\n|c| CloysterEnjoyer|but whimsicott resists\n|c| RaVeDreNch|omd\n|c| Rainer367|THE WEATHER CHANGE\n|\n|t:|1699997657\n|move|p2a: Whimsicott|Leech Seed|p1a: Dracozolt\n|-start|p1a: Dracozolt|move: Leech Seed\n|move|p1a: Dracozolt|Bolt Beak|p2a: Whimsicott\n|-damage|p2a: Whimsicott|0 fnt\n|faint|p2a: Whimsicott\n|\n|-weather|SunnyDay|[upkeep]\n|upkeep\n|\n|t:|1699997660\n|switch|p2a: Clefable|Clefable, F|75\/100\n|turn|32\n|c| RaVeDreNch|ohhhhhhhhhhhhhhhhhhhhhhhhhhhhh\n|c| CloysterEnjoyer|oh\n|\n|t:|1699997665\n|move|p1a: Dracozolt|Bolt Beak|p2a: Clefable\n|-damage|p2a: Clefable|0 fnt\n|faint|p2a: Clefable\n|\n|win|Rainer565\n|c| Xanvoir|WAIY\n|c| Rainer367|Final mons!\n|c| Rainer367|GG\n|c| Xanvoir|*WAIT\n|c|\u2606myarip|NO WAY\n|c| AWK-47|MYARI\n|c|\u2606Rainer565|YAY\n|c| RaVeDreNch|omgmmghktroge[jearfjgegueoaghW\n|c| AWK-47|WHY DID U DO THAT\n|c|\u2606myarip|gg\n|c| Xanvoir|MYARI\n|c|\u2606Rainer565|YES\n|c|\u2606Rainer565|OMG\n|c| AWK-47|NOOOOOO\n|c| Rainer367|GG\n|c|\u2606Rainer565|i win\n|c|\u2606Rainer565|yay\n|l| Xanvoir\n|c| RaVeDreNch|THATS WHY WE LOVE POKEMON KIDS\n|l|\u2606myarip\n","uploadtime":1699997673,"views":5,"p1id":"rainer565","p2id":"myarip","formatid":"gen9nationaldexubers","rating":0,"private":0,"password":""}