{"id":"gen9nationaldexubers-1987388765","p1":"fresh yes","p2":"ibsmlp120","format":"[Gen 9] National Dex Ubers","log":"|j|\u2606fresh yes\n|j|\u2606ibsmlp120\n|t:|1699585046\n|gametype|singles\n|player|p1|fresh yes|shauntal|1256\n|player|p2|ibsmlp120|hugh|1306\n|teamsize|p1|6\n|teamsize|p2|6\n|gen|9\n|tier|[Gen 9] National Dex Ubers\n|rated|\n|rule|HP Percentage Mod: HP is shown in percentages\n|rule|Endless Battle Clause: Forcing endless battles is banned\n|rule|OHKO Clause: OHKO moves are banned\n|rule|Evasion Moves Clause: Evasion moves are banned\n|rule|Evasion Items Clause: Evasion items are banned\n|rule|Species Clause: Limit one of each Pok\u00e9mon\n|rule|Sleep Clause Mod: Limit one foe put to sleep\n|rule|Mega Rayquaza Clause: You cannot mega evolve Rayquaza\n|clearpoke\n|poke|p1|Giratina|\n|poke|p1|Cradily, M|\n|poke|p1|Volcarona, F|\n|poke|p1|Palafin, M|\n|poke|p1|Lopunny, F|\n|poke|p1|Garchomp, M|\n|poke|p2|Kyurem-Black|\n|poke|p2|Zacian-*|\n|poke|p2|Banette, F|\n|poke|p2|Murkrow, M|\n|poke|p2|Maushold-Four|\n|poke|p2|Serperior, F|\n|teampreview\n|inactive|Battle timer is ON: inactive players will automatically lose when time's up. (requested by fresh yes)\n|\n|t:|1699585051\n|start\n|switch|p1a: Sammy|Lopunny, F|100\/100\n|switch|p2a: Murkrow|Murkrow, M, shiny|100\/100\n|turn|1\n|\n|t:|1699585060\n|detailschange|p1a: Sammy|Lopunny-Mega, F\n|-mega|p1a: Sammy|Lopunny|Lopunnite\n|move|p2a: Murkrow|Tailwind|p2a: Murkrow\n|-sidestart|p2: ibsmlp120|move: Tailwind\n|move|p1a: Sammy|U-turn|p2a: Murkrow\n|-damage|p2a: Murkrow|73\/100\n|\n|t:|1699585066\n|switch|p1a: Ld. Renegade|Giratina|100\/100|[from] U-turn\n|-ability|p1a: Ld. Renegade|Pressure\n|\n|upkeep\n|turn|2\n|\n|t:|1699585080\n|move|p2a: Murkrow|Thunder Wave|p1a: Ld. Renegade\n|-status|p1a: Ld. Renegade|par\n|move|p1a: Ld. Renegade|Will-O-Wisp|p2a: Murkrow\n|-status|p2a: Murkrow|brn\n|\n|-damage|p2a: Murkrow|67\/100 brn|[from] brn\n|upkeep\n|turn|3\n|\n|t:|1699585094\n|switch|p2a: Banette|Banette, F, shiny|100\/100\n|-item|p1a: Ld. Renegade|Leftovers|[from] ability: Frisk|[of] p2a: Banette|[identify]\n|move|p1a: Ld. Renegade|Calm Mind|p1a: Ld. Renegade\n|-boost|p1a: Ld. Renegade|spa|1\n|-boost|p1a: Ld. Renegade|spd|1\n|\n|upkeep\n|turn|4\n|\n|t:|1699585103\n|detailschange|p2a: Banette|Banette-Mega, F, shiny\n|-mega|p2a: Banette|Banette|Banettite\n|move|p2a: Banette|Encore|p1a: Ld. Renegade\n|-start|p1a: Ld. Renegade|Encore\n|move|p1a: Ld. Renegade|Calm Mind|p1a: Ld. Renegade\n|-boost|p1a: Ld. Renegade|spa|1\n|-boost|p1a: Ld. Renegade|spd|1\n|\n|-sideend|p2: ibsmlp120|move: Tailwind\n|upkeep\n|turn|5\n|\n|t:|1699585115\n|switch|p1a: Sammy|Lopunny-Mega, F|100\/100\n|move|p2a: Banette|Swords Dance|p2a: Banette\n|-boost|p2a: Banette|atk|2\n|\n|upkeep\n|turn|6\n|\n|t:|1699585126\n|switch|p2a: Murkrow|Murkrow, M, shiny|67\/100 brn\n|move|p1a: Sammy|U-turn|p2a: Murkrow\n|-damage|p2a: Murkrow|41\/100 brn\n|\n|t:|1699585129\n|switch|p1a: Ld. Renegade|Giratina|100\/100 par|[from] U-turn\n|-ability|p1a: Ld. Renegade|Pressure\n|\n|-damage|p2a: Murkrow|35\/100 brn|[from] brn\n|upkeep\n|turn|7\n|\n|t:|1699585139\n|move|p2a: Murkrow|Foul Play|p1a: Ld. Renegade\n|-supereffective|p1a: Ld. Renegade\n|-damage|p1a: Ld. Renegade|82\/100 par\n|cant|p1a: Ld. Renegade|par\n|\n|-heal|p1a: Ld. Renegade|88\/100 par|[from] item: Leftovers\n|-damage|p2a: Murkrow|29\/100 brn|[from] brn\n|upkeep\n|turn|8\n|\n|t:|1699585149\n|move|p2a: Murkrow|Foul Play|p1a: Ld. Renegade\n|-supereffective|p1a: Ld. Renegade\n|-damage|p1a: Ld. Renegade|72\/100 par\n|cant|p1a: Ld. Renegade|par\n|\n|-heal|p1a: Ld. Renegade|78\/100 par|[from] item: Leftovers\n|-damage|p2a: Murkrow|22\/100 brn|[from] brn\n|upkeep\n|turn|9\n|\n|t:|1699585158\n|move|p2a: Murkrow|Foul Play|p1a: Ld. Renegade\n|-supereffective|p1a: Ld. Renegade\n|-damage|p1a: Ld. Renegade|61\/100 par\n|move|p1a: Ld. Renegade|Calm Mind|p1a: Ld. Renegade\n|-boost|p1a: Ld. Renegade|spa|1\n|-boost|p1a: Ld. Renegade|spd|1\n|\n|-heal|p1a: Ld. Renegade|67\/100 par|[from] item: Leftovers\n|-damage|p2a: Murkrow|16\/100 brn|[from] brn\n|upkeep\n|turn|10\n|\n|t:|1699585171\n|move|p2a: Murkrow|Foul Play|p1a: Ld. Renegade\n|-supereffective|p1a: Ld. Renegade\n|-damage|p1a: Ld. Renegade|51\/100 par\n|move|p1a: Ld. Renegade|Hex|p2a: Murkrow\n|-resisted|p2a: Murkrow\n|-damage|p2a: Murkrow|0 fnt\n|faint|p2a: Murkrow\n|\n|-heal|p1a: Ld. Renegade|57\/100 par|[from] item: Leftovers\n|upkeep\n|\n|t:|1699585183\n|switch|p2a: Kyurem|Kyurem-Black, shiny|100\/100\n|-ability|p2a: Kyurem|Teravolt\n|turn|11\n|\n|t:|1699585190\n|-terastallize|p1a: Ld. Renegade|Ghost\n|move|p2a: Kyurem|Scale Shot|p1a: Ld. Renegade\n|-damage|p1a: Ld. Renegade|46\/100 par\n|-damage|p1a: Ld. Renegade|35\/100 par\n|-damage|p1a: Ld. Renegade|26\/100 par\n|-damage|p1a: Ld. Renegade|15\/100 par\n|-hitcount|p1a: Ld. Renegade|4\n|-unboost|p2a: Kyurem|def|1\n|-boost|p2a: Kyurem|spe|1\n|move|p1a: Ld. Renegade|Will-O-Wisp|p2a: Kyurem\n|-status|p2a: Kyurem|brn\n|\n|-heal|p1a: Ld. Renegade|21\/100 par|[from] item: Leftovers\n|-damage|p2a: Kyurem|94\/100 brn|[from] brn\n|upkeep\n|turn|12\n|\n|t:|1699585216\n|move|p2a: Kyurem|Icicle Spear|p1a: Ld. Renegade\n|-damage|p1a: Ld. Renegade|16\/100 par\n|-damage|p1a: Ld. Renegade|10\/100 par\n|-damage|p1a: Ld. Renegade|5\/100 par\n|-damage|p1a: Ld. Renegade|0 fnt\n|faint|p1a: Ld. Renegade\n|-hitcount|p1: Ld. Renegade|4\n|\n|-damage|p2a: Kyurem|88\/100 brn|[from] brn\n|upkeep\n|\n|t:|1699585241\n|switch|p1a: DELFINATOR|Palafin, M|100\/100\n|turn|13\n|j| Baemaxx3\n|\n|t:|1699585250\n|detailschange|p1a: DELFINATOR|Palafin-Hero, M\n|switch|p1a: pete ness|Cradily, M|100\/100\n|move|p2a: Kyurem|Dragon Dance|p2a: Kyurem\n|-boost|p2a: Kyurem|atk|1\n|-boost|p2a: Kyurem|spe|1\n|\n|-damage|p2a: Kyurem|82\/100 brn|[from] brn\n|upkeep\n|turn|14\n|\n|t:|1699585260\n|move|p2a: Kyurem|Icicle Spear|p1a: pete ness\n|-supereffective|p1a: pete ness\n|-damage|p1a: pete ness|75\/100\n|-supereffective|p1a: pete ness\n|-damage|p1a: pete ness|51\/100\n|-supereffective|p1a: pete ness\n|-damage|p1a: pete ness|27\/100\n|-supereffective|p1a: pete ness\n|-damage|p1a: pete ness|3\/100\n|-hitcount|p1a: pete ness|4\n|move|p1a: pete ness|Ancient Power|p2a: Kyurem\n|-supereffective|p2a: Kyurem\n|-damage|p2a: Kyurem|31\/100 brn\n|\n|-damage|p2a: Kyurem|25\/100 brn|[from] brn\n|upkeep\n|turn|15\n|\n|t:|1699585274\n|move|p2a: Kyurem|Icicle Spear|p1a: pete ness\n|-supereffective|p1a: pete ness\n|-damage|p1a: pete ness|0 fnt\n|faint|p1a: pete ness\n|-hitcount|p1: pete ness|1\n|\n|-damage|p2a: Kyurem|19\/100 brn|[from] brn\n|upkeep\n|\n|t:|1699585277\n|switch|p1a: DELFINATOR|Palafin-Hero, M|100\/100\n|-activate|p1a: DELFINATOR|ability: Zero to Hero\n|turn|16\n|\n|t:|1699585285\n|move|p1a: DELFINATOR|Jet Punch|p2a: Kyurem\n|-resisted|p2a: Kyurem\n|-damage|p2a: Kyurem|0 fnt\n|faint|p2a: Kyurem\n|\n|upkeep\n|\n|t:|1699585297\n|switch|p2a: Serperior|Serperior, F, shiny|100\/100\n|turn|17\n|\n|t:|1699585308\n|switch|p1a: big moth|Volcarona, F|100\/100\n|move|p2a: Serperior|Substitute|p2a: Serperior\n|-start|p2a: Serperior|Substitute\n|-damage|p2a: Serperior|76\/100\n|\n|-heal|p2a: Serperior|82\/100|[from] item: Leftovers\n|upkeep\n|turn|18\n|\n|t:|1699585318\n|move|p2a: Serperior|Glare|p1a: big moth\n|-status|p1a: big moth|par\n|move|p1a: big moth|Quiver Dance|p1a: big moth\n|-boost|p1a: big moth|spa|1\n|-boost|p1a: big moth|spd|1\n|-boost|p1a: big moth|spe|1\n|\n|-heal|p2a: Serperior|88\/100|[from] item: Leftovers\n|upkeep\n|turn|19\n|\n|t:|1699585330\n|move|p2a: Serperior|Hidden Power|p1a: big moth\n|-damage|p1a: big moth|90\/100 par\n|move|p1a: big moth|Fiery Dance|p2a: Serperior\n|-supereffective|p2a: Serperior\n|-end|p2a: Serperior|Substitute\n|-boost|p1a: big moth|spa|1\n|\n|-heal|p2a: Serperior|94\/100|[from] item: Leftovers\n|upkeep\n|turn|20\n|\n|t:|1699585341\n|move|p2a: Serperior|Substitute|p2a: Serperior\n|-start|p2a: Serperior|Substitute\n|-damage|p2a: Serperior|69\/100\n|cant|p1a: big moth|par\n|\n|-heal|p2a: Serperior|76\/100|[from] item: Leftovers\n|upkeep\n|turn|21\n|\n|t:|1699585350\n|-terastallize|p2a: Serperior|Grass\n|move|p2a: Serperior|Leaf Storm|p1a: big moth\n|-resisted|p1a: big moth\n|-damage|p1a: big moth|79\/100 par\n|-boost|p2a: Serperior|spa|2\n|cant|p1a: big moth|par\n|\n|-heal|p2a: Serperior|82\/100|[from] item: Leftovers\n|upkeep\n|turn|22\n|\n|t:|1699585363\n|move|p2a: Serperior|Leaf Storm|p1a: big moth\n|-resisted|p1a: big moth\n|-crit|p1a: big moth\n|-damage|p1a: big moth|35\/100 par\n|-boost|p2a: Serperior|spa|2\n|move|p1a: big moth|Quiver Dance|p1a: big moth\n|-boost|p1a: big moth|spa|1\n|-boost|p1a: big moth|spd|1\n|-boost|p1a: big moth|spe|1\n|\n|-heal|p2a: Serperior|88\/100|[from] item: Leftovers\n|upkeep\n|turn|23\n|\n|t:|1699585380\n|move|p2a: Serperior|Hidden Power|p1a: big moth\n|-damage|p1a: big moth|11\/100 par\n|move|p1a: big moth|Giga Drain|p2a: Serperior\n|-resisted|p2a: Serperior\n|-end|p2a: Serperior|Substitute\n|-heal|p1a: big moth|23\/100 par|[from] drain|[of] p2a: Serperior\n|\n|-heal|p2a: Serperior|94\/100|[from] item: Leftovers\n|upkeep\n|turn|24\n|\n|t:|1699585394\n|move|p2a: Serperior|Leaf Storm|p1a: big moth\n|-resisted|p1a: big moth\n|-damage|p1a: big moth|0 fnt\n|-boost|p2a: Serperior|spa|2\n|faint|p1a: big moth\n|\n|-heal|p2a: Serperior|100\/100|[from] item: Leftovers\n|upkeep\n|\n|t:|1699585399\n|switch|p1a: Sammy|Lopunny-Mega, F|100\/100\n|turn|25\n|inactive|fresh yes has 120 seconds left.\n|\n|t:|1699585432\n|move|p1a: Sammy|Triple Axel|p2a: Serperior\n|-supereffective|p2a: Serperior\n|-damage|p2a: Serperior|84\/100\n|-supereffective|p2a: Serperior\n|-damage|p2a: Serperior|49\/100\n|-supereffective|p2a: Serperior\n|-damage|p2a: Serperior|0 fnt\n|faint|p2a: Serperior\n|-hitcount|p2: Serperior|3\n|\n|upkeep\n|\n|t:|1699585444\n|switch|p2a: Zacian|Zacian-Crowned, shiny|100\/100\n|-ability|p2a: Zacian|Intrepid Sword|boost\n|-boost|p2a: Zacian|atk|1\n|turn|26\n|\n|t:|1699585452\n|switch|p1a: Chomps|Garchomp, M, shiny|100\/100\n|move|p2a: Zacian|Play Rough|p1a: Chomps\n|-supereffective|p1a: Chomps\n|-damage|p1a: Chomps|0 fnt\n|-damage|p2a: Zacian|88\/100|[from] ability: Rough Skin|[of] p1a: Chomps\n|faint|p1a: Chomps\n|\n|upkeep\n|\n|t:|1699585457\n|switch|p1a: DELFINATOR|Palafin-Hero, M|100\/100\n|turn|27\n|\n|t:|1699585469\n|move|p2a: Zacian|Swords Dance|p2a: Zacian\n|-boost|p2a: Zacian|atk|2\n|move|p1a: DELFINATOR|Wave Crash|p2a: Zacian\n|-damage|p2a: Zacian|0 fnt\n|faint|p2a: Zacian\n|-damage|p1a: DELFINATOR|77\/100|[from] Recoil\n|\n|upkeep\n|\n|t:|1699585484\n|switch|p2a: Maushold|Maushold-Four, shiny|100\/100\n|turn|28\n|\n|t:|1699585495\n|move|p1a: DELFINATOR|Jet Punch|p2a: Maushold\n|-damage|p2a: Maushold|20\/100\n|move|p2a: Maushold|Population Bomb|p1a: DELFINATOR\n|-damage|p1a: DELFINATOR|66\/100\n|-damage|p1a: DELFINATOR|57\/100\n|-damage|p1a: DELFINATOR|47\/100\n|-damage|p1a: DELFINATOR|37\/100\n|-damage|p1a: DELFINATOR|28\/100\n|-damage|p1a: DELFINATOR|19\/100\n|-damage|p1a: DELFINATOR|9\/100\n|-damage|p1a: DELFINATOR|0 fnt\n|faint|p1a: DELFINATOR\n|-hitcount|p1: DELFINATOR|8\n|\n|upkeep\n|\n|t:|1699585500\n|switch|p1a: Sammy|Lopunny-Mega, F|100\/100\n|turn|29\n|\n|t:|1699585514\n|move|p1a: Sammy|Retaliate|p2a: Maushold\n|-damage|p2a: Maushold|0 fnt\n|faint|p2a: Maushold\n|\n|upkeep\n|\n|t:|1699585520\n|switch|p2a: Banette|Banette-Mega, F, shiny|100\/100\n|turn|30\n|\n|t:|1699585525\n|move|p1a: Sammy|Triple Axel|p2a: Banette\n|-damage|p2a: Banette|88\/100\n|-damage|p2a: Banette|65\/100\n|-damage|p2a: Banette|31\/100\n|-hitcount|p2a: Banette|3\n|move|p2a: Banette|Poltergeist|p1a: Sammy\n|-immune|p1a: Sammy\n|\n|upkeep\n|turn|31\n|-message|ibsmlp120 forfeited.\n|\n|win|fresh yes\n|raw|fresh yes's rating: 1256 &rarr; <strong>1285<\/strong><br \/>(+29 for winning)\n|raw|ibsmlp120's rating: 1306 &rarr; <strong>1283<\/strong><br \/>(-23 for losing)\n|l|\u2606ibsmlp120\n","uploadtime":1699585539,"views":4,"p1id":"freshyes","p2id":"ibsmlp120","formatid":"gen9nationaldexubers","rating":1283,"private":0,"password":""}