{"id":"gen9nationaldexubers-1983125155","p1":"KavinKM7","p2":"TheEmoOni","format":"[Gen 9] National Dex Ubers","log":"|j|\u2606KavinKM7\n|j|\u2606TheEmoOni\n|t:|1699091550\n|gametype|singles\n|player|p1|KavinKM7|169|1124\n|player|p2|TheEmoOni|calem-masters|1097\n|teamsize|p1|6\n|teamsize|p2|6\n|gen|9\n|tier|[Gen 9] National Dex Ubers\n|rated|\n|rule|HP Percentage Mod: HP is shown in percentages\n|rule|Endless Battle Clause: Forcing endless battles is banned\n|rule|OHKO Clause: OHKO moves are banned\n|rule|Evasion Moves Clause: Evasion moves are banned\n|rule|Evasion Items Clause: Evasion items are banned\n|rule|Species Clause: Limit one of each Pok\u00e9mon\n|rule|Sleep Clause Mod: Limit one foe put to sleep\n|rule|Mega Rayquaza Clause: You cannot mega evolve Rayquaza\n|clearpoke\n|poke|p1|Alakazam, M|\n|poke|p1|Naganadel|\n|poke|p1|Guzzlord|\n|poke|p1|Buzzwole|\n|poke|p1|Type: Null|\n|poke|p1|Typhlosion, F|\n|poke|p2|Lucario, M|\n|poke|p2|Duraludon, M|\n|poke|p2|Aegislash, M|\n|poke|p2|Corviknight, M|\n|poke|p2|Celesteela|\n|poke|p2|Bisharp, M|\n|teampreview\n|c|\u2606TheEmoOni|glhf\n|\n|t:|1699091560\n|start\n|switch|p1a: Typhlosion|Typhlosion, F, shiny|100\/100\n|switch|p2a: Stellar|Celesteela, shiny|100\/100\n|turn|1\n|\n|t:|1699091569\n|move|p1a: Typhlosion|Eruption|p2a: Stellar\n|-supereffective|p2a: Stellar\n|-damage|p2a: Stellar|0 fnt\n|faint|p2a: Stellar\n|\n|upkeep\n|\n|t:|1699091576\n|switch|p2a: Bishop|Bisharp, M|100\/100\n|turn|2\n|\n|t:|1699091580\n|move|p2a: Bishop|Sucker Punch|p1a: Typhlosion\n|-damage|p1a: Typhlosion|54\/100\n|move|p1a: Typhlosion|Eruption|p2a: Bishop\n|-supereffective|p2a: Bishop\n|-damage|p2a: Bishop|21\/100\n|\n|upkeep\n|turn|3\n|\n|t:|1699091590\n|switch|p1a: Type: Null|Type: Null, shiny|100\/100\n|move|p2a: Bishop|Sucker Punch||[still]\n|-fail|p2a: Bishop\n|\n|upkeep\n|turn|4\n|\n|t:|1699091599\n|move|p2a: Bishop|Brick Break|p1a: Type: Null\n|-supereffective|p1a: Type: Null\n|-damage|p1a: Type: Null|73\/100\n|move|p1a: Type: Null|Iron Head|p2a: Bishop\n|-resisted|p2a: Bishop\n|-damage|p2a: Bishop|15\/100\n|\n|upkeep\n|turn|5\n|\n|t:|1699091608\n|move|p2a: Bishop|Brick Break|p1a: Type: Null\n|-supereffective|p1a: Type: Null\n|-damage|p1a: Type: Null|44\/100\n|move|p1a: Type: Null|Payback|p2a: Bishop\n|-resisted|p2a: Bishop\n|-damage|p2a: Bishop|7\/100\n|\n|upkeep\n|turn|6\n|\n|t:|1699091620\n|switch|p2a: Ares|Lucario, M|100\/100\n|move|p1a: Type: Null|Rest|p1a: Type: Null\n|-status|p1a: Type: Null|slp|[from] move: Rest\n|-heal|p1a: Type: Null|100\/100 slp|[silent]\n|\n|upkeep\n|turn|7\n|\n|t:|1699091631\n|switch|p1a: Naganadel|Naganadel, shiny|100\/100\n|detailschange|p2a: Ares|Lucario-Mega, M\n|-mega|p2a: Ares|Lucario|Lucarionite\n|move|p2a: Ares|Aura Sphere|p1a: Naganadel\n|-resisted|p1a: Naganadel\n|-crit|p1a: Naganadel\n|-damage|p1a: Naganadel|32\/100\n|\n|upkeep\n|turn|8\n|\n|t:|1699091643\n|move|p1a: Naganadel|Fire Blast|p2a: Ares\n|-supereffective|p2a: Ares\n|-damage|p2a: Ares|0 fnt\n|faint|p2a: Ares\n|-ability|p1a: Naganadel|Beast Boost|boost\n|-boost|p1a: Naganadel|spe|1\n|\n|upkeep\n|\n|t:|1699091650\n|switch|p2a: Bishop|Bisharp, M|7\/100\n|turn|9\n|\n|t:|1699091657\n|switch|p1a: Type: Null|Type: Null, shiny|100\/100 slp\n|move|p2a: Bishop|Sucker Punch||[still]\n|-fail|p2a: Bishop\n|\n|upkeep\n|turn|10\n|\n|t:|1699091663\n|switch|p2a: Aegis|Aegislash, M|100\/100\n|cant|p1a: Type: Null|slp\n|move|p1a: Type: Null|Sleep Talk|p1a: Type: Null\n|move|p1a: Type: Null|Payback|p2a: Aegis|[from]move: Sleep Talk\n|-supereffective|p2a: Aegis\n|-damage|p2a: Aegis|79\/100\n|\n|-heal|p2a: Aegis|85\/100|[from] item: Leftovers\n|upkeep\n|turn|11\n|\n|t:|1699091675\n|move|p2a: Aegis|Autotomize|p2a: Aegis\n|-boost|p2a: Aegis|spe|2\n|-start|p2a: Aegis|Autotomize\n|cant|p1a: Type: Null|slp\n|move|p1a: Type: Null|Sleep Talk|p1a: Type: Null\n|move|p1a: Type: Null|Iron Head|p2a: Aegis|[from]move: Sleep Talk\n|-resisted|p2a: Aegis\n|-damage|p2a: Aegis|77\/100\n|\n|-heal|p2a: Aegis|83\/100|[from] item: Leftovers\n|upkeep\n|turn|12\n|\n|t:|1699091689\n|move|p2a: Aegis|Swords Dance|p2a: Aegis\n|-boost|p2a: Aegis|atk|2\n|-curestatus|p1a: Type: Null|slp|[msg]\n|move|p1a: Type: Null|Sleep Talk||[still]\n|-fail|p1a: Type: Null\n|\n|-heal|p2a: Aegis|89\/100|[from] item: Leftovers\n|upkeep\n|turn|13\n|\n|t:|1699091700\n|move|p2a: Aegis|Swords Dance|p2a: Aegis\n|-boost|p2a: Aegis|atk|2\n|move|p1a: Type: Null|Payback|p2a: Aegis\n|-supereffective|p2a: Aegis\n|-damage|p2a: Aegis|46\/100\n|\n|-heal|p2a: Aegis|52\/100|[from] item: Leftovers\n|upkeep\n|turn|14\n|\n|t:|1699091710\n|move|p2a: Aegis|Autotomize|p2a: Aegis\n|-boost|p2a: Aegis|spe|2\n|move|p1a: Type: Null|Payback|p2a: Aegis\n|-supereffective|p2a: Aegis\n|-damage|p2a: Aegis|7\/100\n|\n|-heal|p2a: Aegis|14\/100|[from] item: Leftovers\n|upkeep\n|turn|15\n|\n|t:|1699091719\n|-formechange|p2a: Aegis|Aegislash-Blade||[from] ability: Stance Change\n|move|p2a: Aegis|Iron Head|p1a: Type: Null\n|-damage|p1a: Type: Null|28\/100\n|move|p1a: Type: Null|Payback|p2a: Aegis\n|-supereffective|p2a: Aegis\n|-damage|p2a: Aegis|0 fnt\n|faint|p2a: Aegis\n|\n|upkeep\n|\n|t:|1699091729\n|switch|p2a: Draco|Duraludon, M|100\/100\n|turn|16\n|\n|t:|1699091735\n|move|p2a: Draco|Dragon Pulse|p1a: Type: Null\n|-damage|p1a: Type: Null|9\/100\n|move|p1a: Type: Null|Rest|p1a: Type: Null\n|-status|p1a: Type: Null|slp|[from] move: Rest\n|-heal|p1a: Type: Null|100\/100 slp|[silent]\n|\n|upkeep\n|turn|17\n|\n|t:|1699091748\n|move|p2a: Draco|Dragon Pulse|p1a: Type: Null\n|-damage|p1a: Type: Null|79\/100 slp\n|cant|p1a: Type: Null|slp\n|\n|upkeep\n|turn|18\n|\n|t:|1699091755\n|switch|p1a: Guzzlord|Guzzlord, shiny|100\/100\n|move|p2a: Draco|Dragon Pulse|p1a: Guzzlord\n|-supereffective|p1a: Guzzlord\n|-crit|p1a: Guzzlord\n|-damage|p1a: Guzzlord|0 fnt\n|faint|p1a: Guzzlord\n|\n|upkeep\n|\n|t:|1699091765\n|switch|p1a: Typhlosion|Typhlosion, F, shiny|54\/100\n|turn|19\n|\n|t:|1699091769\n|move|p2a: Draco|Dragon Pulse|p1a: Typhlosion\n|-damage|p1a: Typhlosion|0 fnt\n|faint|p1a: Typhlosion\n|\n|upkeep\n|\n|t:|1699091782\n|switch|p1a: Naganadel|Naganadel, shiny|32\/100\n|turn|20\n|\n|t:|1699091785\n|move|p1a: Naganadel|Fire Blast|p2a: Draco\n|-damage|p2a: Draco|24\/100\n|move|p2a: Draco|Dragon Pulse|p1a: Naganadel\n|-supereffective|p1a: Naganadel\n|-damage|p1a: Naganadel|0 fnt\n|faint|p1a: Naganadel\n|\n|upkeep\n|\n|t:|1699091796\n|switch|p1a: Type: Null|Type: Null, shiny|79\/100 slp\n|turn|21\n|\n|t:|1699091801\n|move|p2a: Draco|Dragon Pulse|p1a: Type: Null\n|-damage|p1a: Type: Null|61\/100 slp\n|cant|p1a: Type: Null|slp\n|\n|upkeep\n|turn|22\n|\n|t:|1699091807\n|move|p2a: Draco|Dragon Pulse|p1a: Type: Null\n|-damage|p1a: Type: Null|40\/100 slp\n|-curestatus|p1a: Type: Null|slp|[msg]\n|move|p1a: Type: Null|Sleep Talk||[still]\n|-fail|p1a: Type: Null\n|\n|upkeep\n|turn|23\n|\n|t:|1699091815\n|move|p2a: Draco|Dragon Pulse|p1a: Type: Null\n|-damage|p1a: Type: Null|21\/100\n|move|p1a: Type: Null|Rest|p1a: Type: Null\n|-status|p1a: Type: Null|slp|[from] move: Rest\n|-heal|p1a: Type: Null|100\/100 slp|[silent]\n|\n|upkeep\n|turn|24\n|\n|t:|1699091824\n|switch|p2a: Corvi|Corviknight, M|100\/100\n|-ability|p2a: Corvi|Pressure\n|cant|p1a: Type: Null|slp\n|\n|upkeep\n|turn|25\n|\n|t:|1699091835\n|move|p2a: Corvi|Iron Defense|p2a: Corvi\n|-boost|p2a: Corvi|def|2\n|cant|p1a: Type: Null|slp\n|move|p1a: Type: Null|Sleep Talk|p1a: Type: Null\n|move|p1a: Type: Null|Payback|p2a: Corvi|[from]move: Sleep Talk\n|-damage|p2a: Corvi|92\/100\n|\n|-heal|p2a: Corvi|99\/100|[from] item: Leftovers\n|upkeep\n|turn|26\n|\n|t:|1699091846\n|move|p2a: Corvi|Iron Defense|p2a: Corvi\n|-boost|p2a: Corvi|def|2\n|-curestatus|p1a: Type: Null|slp|[msg]\n|move|p1a: Type: Null|Sleep Talk||[still]\n|-fail|p1a: Type: Null\n|\n|-heal|p2a: Corvi|100\/100|[from] item: Leftovers\n|upkeep\n|turn|27\n|\n|t:|1699091855\n|switch|p1a: Alakazam|Alakazam, M, shiny|100\/100\n|move|p2a: Corvi|Iron Defense|p2a: Corvi\n|-boost|p2a: Corvi|def|2\n|\n|upkeep\n|turn|28\n|\n|t:|1699091866\n|detailschange|p1a: Alakazam|Alakazam-Mega, M, shiny\n|-mega|p1a: Alakazam|Alakazam|Alakazite\n|-ability|p1a: Alakazam|Pressure\n|-ability|p1a: Alakazam|Pressure|[from] ability: Trace|[of] p2a: Corvi\n|move|p1a: Alakazam|Psychic|p2a: Corvi\n|-resisted|p2a: Corvi\n|-damage|p2a: Corvi|78\/100\n|move|p2a: Corvi|Body Press|p1a: Alakazam\n|-resisted|p1a: Alakazam\n|-damage|p1a: Alakazam|27\/100\n|\n|-heal|p2a: Corvi|84\/100|[from] item: Leftovers\n|upkeep\n|turn|29\n|\n|t:|1699091883\n|move|p1a: Alakazam|Focus Blast|p2a: Corvi\n|-damage|p2a: Corvi|43\/100\n|-unboost|p2a: Corvi|spd|1\n|move|p2a: Corvi|Iron Defense|p2a: Corvi\n|-boost|p2a: Corvi|def|0\n|\n|-heal|p2a: Corvi|49\/100|[from] item: Leftovers\n|upkeep\n|turn|30\n|inactive|Battle timer is ON: inactive players will automatically lose when time's up. (requested by KavinKM7)\n|\n|t:|1699091906\n|move|p1a: Alakazam|Focus Blast|p2a: Corvi|[miss]\n|-miss|p1a: Alakazam|p2a: Corvi\n|move|p2a: Corvi|Body Press|p1a: Alakazam\n|-resisted|p1a: Alakazam\n|-damage|p1a: Alakazam|0 fnt\n|faint|p1a: Alakazam\n|\n|-heal|p2a: Corvi|55\/100|[from] item: Leftovers\n|upkeep\n|\n|t:|1699091917\n|switch|p1a: Buzzwole|Buzzwole|100\/100\n|turn|31\n|\n|t:|1699091924\n|move|p1a: Buzzwole|Hammer Arm|p2a: Corvi\n|-damage|p2a: Corvi|45\/100\n|-unboost|p1a: Buzzwole|spe|1\n|move|p2a: Corvi|Body Press|p1a: Buzzwole\n|-resisted|p1a: Buzzwole\n|-damage|p1a: Buzzwole|79\/100\n|\n|-heal|p2a: Corvi|52\/100|[from] item: Leftovers\n|-heal|p1a: Buzzwole|85\/100|[from] item: Leftovers\n|upkeep\n|turn|32\n|\n|t:|1699091937\n|move|p2a: Corvi|Body Press|p1a: Buzzwole\n|-resisted|p1a: Buzzwole\n|-damage|p1a: Buzzwole|66\/100\n|move|p1a: Buzzwole|Hammer Arm|p2a: Corvi\n|-damage|p2a: Corvi|43\/100\n|-unboost|p1a: Buzzwole|spe|1\n|\n|-heal|p2a: Corvi|50\/100|[from] item: Leftovers\n|-heal|p1a: Buzzwole|73\/100|[from] item: Leftovers\n|upkeep\n|turn|33\n|\n|t:|1699091948\n|move|p2a: Corvi|Body Press|p1a: Buzzwole\n|-resisted|p1a: Buzzwole\n|-damage|p1a: Buzzwole|53\/100\n|move|p1a: Buzzwole|Hammer Arm|p2a: Corvi\n|-damage|p2a: Corvi|40\/100\n|-unboost|p1a: Buzzwole|spe|1\n|\n|-heal|p2a: Corvi|47\/100|[from] item: Leftovers\n|-heal|p1a: Buzzwole|60\/100|[from] item: Leftovers\n|upkeep\n|turn|34\n|\n|t:|1699091960\n|move|p2a: Corvi|Body Press|p1a: Buzzwole\n|-resisted|p1a: Buzzwole\n|-damage|p1a: Buzzwole|39\/100\n|move|p1a: Buzzwole|Hammer Arm|p2a: Corvi\n|-damage|p2a: Corvi|38\/100\n|-unboost|p1a: Buzzwole|spe|1\n|\n|-heal|p2a: Corvi|44\/100|[from] item: Leftovers\n|-heal|p1a: Buzzwole|46\/100|[from] item: Leftovers\n|upkeep\n|turn|35\n|\n|t:|1699091971\n|move|p2a: Corvi|Body Press|p1a: Buzzwole\n|-resisted|p1a: Buzzwole\n|-damage|p1a: Buzzwole|24\/100\n|move|p1a: Buzzwole|Roost|p1a: Buzzwole\n|-heal|p1a: Buzzwole|74\/100\n|-singleturn|p1a: Buzzwole|move: Roost\n|\n|-heal|p2a: Corvi|51\/100|[from] item: Leftovers\n|-heal|p1a: Buzzwole|80\/100|[from] item: Leftovers\n|upkeep\n|turn|36\n|\n|t:|1699091982\n|move|p2a: Corvi|Body Press|p1a: Buzzwole\n|-resisted|p1a: Buzzwole\n|-damage|p1a: Buzzwole|59\/100\n|move|p1a: Buzzwole|Hammer Arm|p2a: Corvi\n|-damage|p2a: Corvi|41\/100\n|-unboost|p1a: Buzzwole|spe|1\n|\n|-heal|p2a: Corvi|47\/100|[from] item: Leftovers\n|-heal|p1a: Buzzwole|65\/100|[from] item: Leftovers\n|upkeep\n|turn|37\n|\n|t:|1699092002\n|move|p2a: Corvi|Body Press|p1a: Buzzwole\n|-resisted|p1a: Buzzwole\n|-damage|p1a: Buzzwole|45\/100\n|move|p1a: Buzzwole|Hammer Arm|p2a: Corvi|[miss]\n|-miss|p1a: Buzzwole|p2a: Corvi\n|\n|-heal|p2a: Corvi|53\/100|[from] item: Leftovers\n|-heal|p1a: Buzzwole|51\/100|[from] item: Leftovers\n|upkeep\n|turn|38\n|\n|t:|1699092014\n|move|p2a: Corvi|Body Press|p1a: Buzzwole\n|-resisted|p1a: Buzzwole\n|-damage|p1a: Buzzwole|30\/100\n|move|p1a: Buzzwole|Hammer Arm|p2a: Corvi\n|-damage|p2a: Corvi|45\/100\n|-unboost|p1a: Buzzwole|spe|1\n|\n|-heal|p2a: Corvi|51\/100|[from] item: Leftovers\n|-heal|p1a: Buzzwole|36\/100|[from] item: Leftovers\n|upkeep\n|turn|39\n|\n|t:|1699092034\n|move|p2a: Corvi|Body Press|p1a: Buzzwole\n|-resisted|p1a: Buzzwole\n|-damage|p1a: Buzzwole|16\/100\n|move|p1a: Buzzwole|Roost|p1a: Buzzwole\n|-heal|p1a: Buzzwole|66\/100\n|-singleturn|p1a: Buzzwole|move: Roost\n|\n|-heal|p2a: Corvi|57\/100|[from] item: Leftovers\n|-heal|p1a: Buzzwole|73\/100|[from] item: Leftovers\n|upkeep\n|turn|40\n|\n|t:|1699092044\n|move|p2a: Corvi|Body Press|p1a: Buzzwole\n|-resisted|p1a: Buzzwole\n|-damage|p1a: Buzzwole|52\/100\n|move|p1a: Buzzwole|Hammer Arm|p2a: Corvi\n|-damage|p2a: Corvi|48\/100\n|\n|-heal|p2a: Corvi|54\/100|[from] item: Leftovers\n|-heal|p1a: Buzzwole|58\/100|[from] item: Leftovers\n|upkeep\n|turn|41\n|\n|t:|1699092058\n|move|p2a: Corvi|Body Press|p1a: Buzzwole\n|-resisted|p1a: Buzzwole\n|-damage|p1a: Buzzwole|37\/100\n|move|p1a: Buzzwole|Roost|p1a: Buzzwole\n|-heal|p1a: Buzzwole|87\/100\n|-singleturn|p1a: Buzzwole|move: Roost\n|\n|-heal|p2a: Corvi|60\/100|[from] item: Leftovers\n|-heal|p1a: Buzzwole|93\/100|[from] item: Leftovers\n|upkeep\n|turn|42\n|-message|KavinKM7 forfeited.\n|\n|win|TheEmoOni\n|raw|KavinKM7's rating: 1124 &rarr; <strong>1097<\/strong><br \/>(-27 for losing)\n|raw|TheEmoOni's rating: 1097 &rarr; <strong>1124<\/strong><br \/>(+27 for winning)\n|l|\u2606KavinKM7\n","uploadtime":1699092081,"views":5,"p1id":"kavinkm7","p2id":"theemooni","formatid":"gen9nationaldexubers","rating":1097,"private":0,"password":""}