{"id":"gen9nationaldexubers-1980092147","p1":"nfyhsueryfgius","p2":"85792195wwww","format":"[Gen 9] National Dex Ubers","log":"|j|\u2606nfyhsueryfgius\n|j|\u203d85792195wwww\n|t:|1698756415\n|gametype|singles\n|player|p1|nfyhsueryfgius|ghetsis|1814\n|player|p2|85792195wwww|lady|1774\n|teamsize|p1|6\n|teamsize|p2|6\n|gen|9\n|tier|[Gen 9] National Dex Ubers\n|rated|\n|rule|HP Percentage Mod: HP is shown in percentages\n|rule|Endless Battle Clause: Forcing endless battles is banned\n|rule|OHKO Clause: OHKO moves are banned\n|rule|Evasion Moves Clause: Evasion moves are banned\n|rule|Evasion Items Clause: Evasion items are banned\n|rule|Species Clause: Limit one of each Pok\u00e9mon\n|rule|Sleep Clause Mod: Limit one foe put to sleep\n|rule|Mega Rayquaza Clause: You cannot mega evolve Rayquaza\n|clearpoke\n|poke|p1|Arceus-Dark|\n|poke|p1|Groudon|\n|poke|p1|Necrozma-Dusk-Mane|\n|poke|p1|Ho-Oh|\n|poke|p1|Zygarde|\n|poke|p1|Mewtwo|\n|poke|p2|Zacian-*|\n|poke|p2|Rayquaza|\n|poke|p2|Xerneas-*|\n|poke|p2|Deoxys-Speed|\n|poke|p2|Groudon|\n|poke|p2|Arceus|\n|teampreview\n|\n|t:|1698756421\n|start\n|switch|p1a: Arceus|Arceus-Dark|100\/100\n|switch|p2a: Deoxys|Deoxys-Speed|100\/100\n|-ability|p2a: Deoxys|Pressure\n|turn|1\n|\n|t:|1698756429\n|switch|p2a: Xerneas|Xerneas|100\/100\n|-ability|p2a: Xerneas|Fairy Aura\n|move|p1a: Arceus|Foul Play|p2a: Xerneas\n|-resisted|p2a: Xerneas\n|-damage|p2a: Xerneas|85\/100\n|\n|upkeep\n|turn|2\n|\n|t:|1698756437\n|switch|p1a: Necrozma|Necrozma-Dusk-Mane|100\/100\n|move|p2a: Xerneas|Moonblast|p1a: Necrozma\n|-resisted|p1a: Necrozma\n|-damage|p1a: Necrozma|76\/100\n|\n|upkeep\n|turn|3\n|\n|t:|1698756444\n|switch|p2a: Deoxys|Deoxys-Speed|100\/100\n|-ability|p2a: Deoxys|Pressure\n|move|p1a: Necrozma|Stealth Rock|p2a: Deoxys\n|-sidestart|p2: 85792195wwww|move: Stealth Rock\n|\n|upkeep\n|turn|4\n|\n|t:|1698756455\n|switch|p1a: Arceus|Arceus-Dark|100\/100\n|move|p2a: Deoxys|Knock Off|p1a: Arceus\n|-resisted|p1a: Arceus\n|-damage|p1a: Arceus|97\/100\n|\n|upkeep\n|turn|5\n|\n|t:|1698756463\n|move|p2a: Deoxys|Stealth Rock|p1a: Arceus\n|-sidestart|p1: nfyhsueryfgius|move: Stealth Rock\n|move|p1a: Arceus|Foul Play|p2a: Deoxys\n|-supereffective|p2a: Deoxys\n|-damage|p2a: Deoxys|40\/100\n|-damage|p1a: Arceus|81\/100|[from] item: Rocky Helmet|[of] p2a: Deoxys\n|\n|upkeep\n|turn|6\n|\n|t:|1698756470\n|move|p2a: Deoxys|Taunt|p1a: Arceus\n|-start|p1a: Arceus|move: Taunt\n|move|p1a: Arceus|Foul Play|p2a: Deoxys\n|-supereffective|p2a: Deoxys\n|-damage|p2a: Deoxys|0 fnt\n|-damage|p1a: Arceus|64\/100|[from] item: Rocky Helmet|[of] p2a: Deoxys\n|faint|p2a: Deoxys\n|\n|upkeep\n|\n|t:|1698756481\n|switch|p2a: Rayquaza|Rayquaza|100\/100\n|-damage|p2a: Rayquaza|76\/100|[from] Stealth Rock\n|-ability|p2a: Rayquaza|Air Lock\n|turn|7\n|\n|t:|1698756494\n|move|p1a: Arceus|Foul Play|p2a: Rayquaza\n|-damage|p2a: Rayquaza|3\/100\n|move|p2a: Rayquaza|U-turn|p1a: Arceus\n|-supereffective|p1a: Arceus\n|-damage|p1a: Arceus|17\/100\n|\n|t:|1698756508\n|switch|p2a: Zacian|Zacian-Crowned|100\/100|[from] U-turn\n|-damage|p2a: Zacian|94\/100|[from] Stealth Rock\n|-ability|p2a: Zacian|Intrepid Sword|boost\n|-boost|p2a: Zacian|atk|1\n|\n|upkeep\n|turn|8\n|\n|t:|1698756515\n|move|p2a: Zacian|Behemoth Blade|p1a: Arceus\n|-damage|p1a: Arceus|0 fnt\n|faint|p1a: Arceus\n|\n|upkeep\n|\n|t:|1698756517\n|switch|p1a: Groudon|Groudon|100\/100\n|-damage|p1a: Groudon|94\/100|[from] Stealth Rock\n|detailschange|p1a: Groudon|Groudon-Primal\n|-primal|p1a: Groudon|Red Orb\n|-weather|DesolateLand|[from] ability: Desolate Land|[of] p1a: Groudon\n|turn|9\n|\n|t:|1698756528\n|switch|p2a: Rayquaza|Rayquaza|3\/100\n|-damage|p2a: Rayquaza|0 fnt|[from] Stealth Rock\n|faint|p2a: Rayquaza\n|move|p1a: Groudon|Overheat|p2: Rayquaza|[notarget]\n|-fail|p1a: Groudon\n|\n|-weather|DesolateLand|[upkeep]\n|upkeep\n|\n|t:|1698756540\n|switch|p2a: Groudon|Groudon|100\/100\n|-damage|p2a: Groudon|94\/100|[from] Stealth Rock\n|detailschange|p2a: Groudon|Groudon-Primal\n|-primal|p2a: Groudon|Red Orb\n|turn|10\n|\n|t:|1698756548\n|move|p2a: Groudon|Precipice Blades|p1a: Groudon\n|-supereffective|p1a: Groudon\n|-damage|p1a: Groudon|11\/100\n|move|p1a: Groudon|Precipice Blades|p2a: Groudon\n|-supereffective|p2a: Groudon\n|-damage|p2a: Groudon|15\/100\n|\n|-weather|DesolateLand|[upkeep]\n|upkeep\n|turn|11\n|\n|t:|1698756558\n|move|p2a: Groudon|Heat Crash|p1a: Groudon\n|-resisted|p1a: Groudon\n|-damage|p1a: Groudon|1\/100\n|move|p1a: Groudon|Precipice Blades|p2a: Groudon\n|-supereffective|p2a: Groudon\n|-damage|p2a: Groudon|0 fnt\n|faint|p2a: Groudon\n|\n|-weather|DesolateLand|[upkeep]\n|upkeep\n|\n|t:|1698756567\n|switch|p2a: Zacian|Zacian-Crowned|94\/100\n|-damage|p2a: Zacian|88\/100|[from] Stealth Rock\n|turn|12\n|\n|t:|1698756573\n|move|p2a: Zacian|Behemoth Blade|p1a: Groudon\n|-resisted|p1a: Groudon\n|-damage|p1a: Groudon|0 fnt\n|faint|p1a: Groudon\n|-weather|none\n|\n|upkeep\n|\n|t:|1698756578\n|switch|p1a: Necrozma|Necrozma-Dusk-Mane|76\/100\n|-damage|p1a: Necrozma|70\/100|[from] Stealth Rock\n|turn|13\n|\n|t:|1698756583\n|move|p2a: Zacian|Swords Dance|p2a: Zacian\n|-boost|p2a: Zacian|atk|2\n|-zpower|p1a: Necrozma\n|move|p1a: Necrozma|Searing Sunraze Smash|p2a: Zacian|[zeffect]\n|-damage|p2a: Zacian|0 fnt\n|faint|p2a: Zacian\n|\n|upkeep\n|\n|t:|1698756595\n|switch|p2a: Arceus|Arceus|100\/100\n|-damage|p2a: Arceus|88\/100|[from] Stealth Rock\n|turn|14\n|\n|t:|1698756603\n|switch|p1a: Zygarde|Zygarde|100\/100\n|-damage|p1a: Zygarde|94\/100|[from] Stealth Rock\n|move|p2a: Arceus|Swords Dance|p2a: Arceus\n|-boost|p2a: Arceus|atk|2\n|\n|-heal|p1a: Zygarde|100\/100|[from] item: Leftovers\n|upkeep\n|turn|15\n|\n|t:|1698756613\n|move|p2a: Arceus|Will-O-Wisp|p1a: Zygarde\n|-status|p1a: Zygarde|brn\n|move|p1a: Zygarde|Dragon Tail|p2a: Arceus\n|-damage|p2a: Arceus|78\/100\n|drag|p2a: Xerneas|Xerneas|85\/100\n|-damage|p2a: Xerneas|73\/100|[from] Stealth Rock\n|-ability|p2a: Xerneas|Fairy Aura\n|\n|-damage|p1a: Zygarde|94\/100 brn|[from] brn\n|upkeep\n|turn|16\n|\n|t:|1698756626\n|switch|p1a: Ho-Oh|Ho-Oh|100\/100\n|move|p2a: Xerneas|Geomancy||[still]\n|-prepare|p2a: Xerneas|Geomancy\n|-enditem|p2a: Xerneas|Power Herb\n|-anim|p2a: Xerneas|Geomancy|p2a: Xerneas\n|-boost|p2a: Xerneas|spa|2\n|-boost|p2a: Xerneas|spd|2\n|-boost|p2a: Xerneas|spe|2\n|\n|upkeep\n|turn|17\n|\n|t:|1698756635\n|-terastallize|p1a: Ho-Oh|Grass\n|move|p2a: Xerneas|Hidden Power|p1a: Ho-Oh\n|-crit|p1a: Ho-Oh\n|-damage|p1a: Ho-Oh|60\/100\n|move|p1a: Ho-Oh|Whirlwind|p2a: Xerneas\n|drag|p2a: Arceus|Arceus|78\/100\n|-damage|p2a: Arceus|66\/100|[from] Stealth Rock\n|\n|upkeep\n|turn|18\n|\n|t:|1698756646\n|move|p2a: Arceus|Swords Dance|p2a: Arceus\n|-boost|p2a: Arceus|atk|2\n|move|p1a: Ho-Oh|Sacred Fire|p2a: Arceus\n|-damage|p2a: Arceus|37\/100\n|\n|upkeep\n|turn|19\n|\n|t:|1698756653\n|move|p2a: Arceus|Extreme Speed|p1a: Ho-Oh\n|-damage|p1a: Ho-Oh|0 fnt\n|faint|p1a: Ho-Oh\n|-damage|p2a: Arceus|27\/100|[from] item: Life Orb\n|\n|upkeep\n|\n|t:|1698756657\n|switch|p1a: Zygarde|Zygarde|94\/100 brn\n|-damage|p1a: Zygarde|88\/100 brn|[from] Stealth Rock\n|turn|20\n|l|\u203d85792195wwww\n|player|p2|\n|inactive|Battle timer is ON: inactive players will automatically lose when time's up. (requested by nfyhsueryfgius)\n|j|\u203d85792195wwww\n|inactive|85792195wwww reconnected and has 150 seconds left.\n|player|p2|85792195wwww|lady\n|\n|t:|1698756691\n|-terastallize|p2a: Arceus|Ghost\n|move|p2a: Arceus|Shadow Force||[still]\n|-prepare|p2a: Arceus|Shadow Force\n|move|p1a: Zygarde|Thousand Arrows|p2a: Arceus|[miss]\n|-miss|p1a: Zygarde|p2a: Arceus\n|\n|-heal|p1a: Zygarde|94\/100 brn|[from] item: Leftovers\n|-damage|p1a: Zygarde|88\/100 brn|[from] brn\n|upkeep\n|turn|21\n|\n|t:|1698756709\n|move|p2a: Arceus|Shadow Force|p1a: Zygarde|[from]lockedmove\n|-damage|p1a: Zygarde|0 fnt\n|faint|p1a: Zygarde\n|-damage|p2a: Arceus|17\/100|[from] item: Life Orb\n|\n|upkeep\n|\n|t:|1698756713\n|switch|p1a: Mewtwo|Mewtwo|100\/100\n|-damage|p1a: Mewtwo|88\/100|[from] Stealth Rock\n|-ability|p1a: Mewtwo|Pressure\n|turn|22\n|l|\u203d85792195wwww\n|inactive|85792195wwww disconnected and has a minute to reconnect!\n|player|p2|\n|inactive|85792195wwww has 30 seconds to reconnect!\n|j| AnimeZZZZ5\n|inactive|85792195wwww has 20 seconds to reconnect!\n|j|\u203d85792195wwww\n|inactive|85792195wwww reconnected and has 105 seconds left.\n|player|p2|85792195wwww|lady\n|\n|t:|1698756764\n|move|p2a: Arceus|Extreme Speed|p1a: Mewtwo\n|-damage|p1a: Mewtwo|0 fnt\n|faint|p1a: Mewtwo\n|-damage|p2a: Arceus|7\/100|[from] item: Life Orb\n|\n|upkeep\n|\n|t:|1698756779\n|switch|p1a: Necrozma|Necrozma-Dusk-Mane|70\/100\n|-damage|p1a: Necrozma|64\/100|[from] Stealth Rock\n|turn|23\n|\n|t:|1698756784\n|move|p2a: Arceus|Shadow Force||[still]\n|-prepare|p2a: Arceus|Shadow Force\n|move|p1a: Necrozma|Morning Sun|p1a: Necrozma\n|-heal|p1a: Necrozma|100\/100\n|\n|upkeep\n|turn|24\n|inactive|85792195wwww has 120 seconds left.\n|\n|t:|1698756790\n|move|p2a: Arceus|Shadow Force|p1a: Necrozma|[from]lockedmove\n|-supereffective|p1a: Necrozma\n|-damage|p1a: Necrozma|0 fnt\n|faint|p1a: Necrozma\n|-damage|p2a: Arceus|0 fnt|[from] item: Life Orb\n|faint|p2a: Arceus\n|\n|win|85792195wwww\n|raw|nfyhsueryfgius's rating: 1814 &rarr; <strong>1792<\/strong><br \/>(-22 for losing)\n|raw|85792195wwww's rating: 1774 &rarr; <strong>1796<\/strong><br \/>(+22 for winning)\n|l|\u2606nfyhsueryfgius\n","uploadtime":1698756799,"views":3,"p1id":"nfyhsueryfgius","p2id":"85792195wwww","formatid":"gen9nationaldexubers","rating":1792,"private":0,"password":""}