{"id":"gen9nationaldexubers-1979245777","p1":"methead","p2":"Treecko28","format":"[Gen 9] National Dex Ubers","log":"|j|\u2606methead\n|j|\u2606Treecko28\n|t:|1698659943\n|gametype|singles\n|player|p1|methead|169|1097\n|player|p2|Treecko28|cilan|1145\n|teamsize|p1|6\n|teamsize|p2|6\n|gen|9\n|tier|[Gen 9] National Dex Ubers\n|rated|\n|rule|HP Percentage Mod: HP is shown in percentages\n|rule|Endless Battle Clause: Forcing endless battles is banned\n|rule|OHKO Clause: OHKO moves are banned\n|rule|Evasion Moves Clause: Evasion moves are banned\n|rule|Evasion Items Clause: Evasion items are banned\n|rule|Species Clause: Limit one of each Pok\u00e9mon\n|rule|Sleep Clause Mod: Limit one foe put to sleep\n|rule|Mega Rayquaza Clause: You cannot mega evolve Rayquaza\n|clearpoke\n|poke|p1|Bronzor|\n|poke|p1|Impidimp, M|\n|poke|p1|Duskull, M|\n|poke|p1|Trapinch, M|\n|poke|p1|Bunnelby, M|\n|poke|p1|Porygon|\n|poke|p2|Slither Wing|\n|poke|p2|Dragapult, M|\n|poke|p2|Smeargle, M|\n|poke|p2|Ferrothorn, M|\n|poke|p2|Serperior, M|\n|poke|p2|Jumpluff, F|\n|teampreview\n|\n|t:|1698659948\n|start\n|switch|p1a: Porygon|Porygon|100\/100\n|switch|p2a: Dragapult|Dragapult, M|100\/100\n|-ability|p1a: Porygon|Infiltrator|[from] ability: Trace|[of] p2a: Dragapult\n|turn|1\n|\n|t:|1698659953\n|move|p2a: Dragapult|Infestation|p1a: Porygon\n|-damage|p1a: Porygon|97\/100\n|-activate|p1a: Porygon|move: Infestation|[of] p2a: Dragapult\n|move|p1a: Porygon|Trick Room|p1a: Porygon\n|-fieldstart|move: Trick Room|[of] p1a: Porygon\n|\n|-damage|p1a: Porygon|85\/100|[from] move: Infestation|[partiallytrapped]\n|upkeep\n|turn|2\n|inactive|Battle timer is ON: inactive players will automatically lose when time's up. (requested by methead)\n|\n|t:|1698659963\n|move|p1a: Porygon|Ice Beam|p2a: Dragapult\n|-supereffective|p2a: Dragapult\n|-damage|p2a: Dragapult|57\/100\n|move|p2a: Dragapult|Curse|p1a: Porygon\n|-start|p1a: Porygon|Curse|[of] p2a: Dragapult\n|-damage|p2a: Dragapult|7\/100\n|\n|-heal|p2a: Dragapult|13\/100|[from] item: Leftovers\n|-damage|p1a: Porygon|60\/100|[from] Curse\n|-damage|p1a: Porygon|47\/100|[from] move: Infestation|[partiallytrapped]\n|upkeep\n|turn|3\n|\n|t:|1698659975\n|move|p2a: Dragapult|Protect|p2a: Dragapult\n|-singleturn|p2a: Dragapult|Protect\n|move|p1a: Porygon|Teleport|p1a: Porygon\n|\n|t:|1698659982\n|switch|p1a: Bunnelby|Bunnelby, M, shiny|100\/100|[from] Teleport\n|\n|-heal|p2a: Dragapult|19\/100|[from] item: Leftovers\n|upkeep\n|turn|4\n|\n|t:|1698659989\n|switch|p2a: Ferrothorn|Ferrothorn, M|100\/100\n|move|p1a: Bunnelby|U-turn|p2a: Ferrothorn\n|-damage|p2a: Ferrothorn|77\/100\n|-damage|p1a: Bunnelby|88\/100|[from] ability: Iron Barbs|[of] p2a: Ferrothorn\n|\n|t:|1698660000\n|switch|p1a: Trapinch|Trapinch, M|100\/100|[from] U-turn\n|\n|-heal|p2a: Ferrothorn|84\/100|[from] item: Leftovers\n|upkeep\n|turn|5\n|\n|t:|1698660014\n|move|p2a: Ferrothorn|Protect|p2a: Ferrothorn\n|-singleturn|p2a: Ferrothorn|Protect\n|move|p1a: Trapinch|Earthquake|p2a: Ferrothorn\n|-activate|p2a: Ferrothorn|move: Protect\n|\n|-heal|p2a: Ferrothorn|90\/100|[from] item: Leftovers\n|-fieldend|move: Trick Room\n|upkeep\n|turn|6\n|\n|t:|1698660020\n|move|p2a: Ferrothorn|Leech Seed|p1a: Trapinch\n|-start|p1a: Trapinch|move: Leech Seed\n|move|p1a: Trapinch|Earthquake|p2a: Ferrothorn\n|-damage|p2a: Ferrothorn|49\/100\n|\n|-heal|p2a: Ferrothorn|55\/100|[from] item: Leftovers\n|-damage|p1a: Trapinch|88\/100|[from] Leech Seed|[of] p2a: Ferrothorn\n|-heal|p2a: Ferrothorn|66\/100|[silent]\n|upkeep\n|turn|7\n|\n|t:|1698660026\n|switch|p1a: Bronzor|Bronzor|100\/100\n|move|p2a: Ferrothorn|Protect||[still]\n|-fail|p2a: Ferrothorn\n|\n|-heal|p2a: Ferrothorn|72\/100|[from] item: Leftovers\n|upkeep\n|turn|8\n|\n|t:|1698660036\n|move|p2a: Ferrothorn|Leech Seed|p1a: Bronzor\n|-start|p1a: Bronzor|move: Leech Seed\n|move|p1a: Bronzor|Stealth Rock|p2a: Ferrothorn\n|-sidestart|p2: Treecko28|move: Stealth Rock\n|\n|-heal|p2a: Ferrothorn|78\/100|[from] item: Leftovers\n|-damage|p1a: Bronzor|88\/100|[from] Leech Seed|[of] p2a: Ferrothorn\n|-heal|p2a: Ferrothorn|89\/100|[silent]\n|upkeep\n|turn|9\n|\n|t:|1698660047\n|switch|p2a: Smeargle|Smeargle, M|100\/100\n|-damage|p2a: Smeargle|88\/100|[from] Stealth Rock\n|move|p1a: Bronzor|Trick Room|p1a: Bronzor\n|-fieldstart|move: Trick Room|[of] p1a: Bronzor\n|\n|-damage|p1a: Bronzor|76\/100|[from] Leech Seed|[of] p2a: Smeargle\n|-heal|p2a: Smeargle|100\/100|[silent]\n|upkeep\n|turn|10\n|\n|t:|1698660054\n|switch|p1a: Bunnelby|Bunnelby, M, shiny|88\/100\n|move|p2a: Smeargle|Trick|p1a: Bunnelby\n|-activate|p2a: Smeargle|move: Trick|[of] p1a: Bunnelby\n|-item|p1a: Bunnelby|Choice Scarf|[from] move: Trick\n|-item|p2a: Smeargle|Choice Band|[from] move: Trick\n|\n|upkeep\n|turn|11\n|\n|t:|1698660068\n|move|p1a: Bunnelby|U-turn|p2a: Smeargle\n|-damage|p2a: Smeargle|38\/100\n|\n|t:|1698660071\n|switch|p1a: Trapinch|Trapinch, M|88\/100|[from] U-turn\n|move|p2a: Smeargle|Parting Shot|p1a: Trapinch\n|-unboost|p1a: Trapinch|atk|1\n|-unboost|p1a: Trapinch|spa|1\n|\n|t:|1698660077\n|switch|p2a: Ferrothorn|Ferrothorn, M|89\/100|[from] Parting Shot\n|-damage|p2a: Ferrothorn|83\/100|[from] Stealth Rock\n|\n|-heal|p2a: Ferrothorn|89\/100|[from] item: Leftovers\n|upkeep\n|turn|12\n|\n|t:|1698660082\n|switch|p1a: Duskull|Duskull, M|100\/100\n|move|p2a: Ferrothorn|Leech Seed|p1a: Duskull\n|-start|p1a: Duskull|move: Leech Seed\n|\n|-heal|p2a: Ferrothorn|95\/100|[from] item: Leftovers\n|-damage|p1a: Duskull|88\/100|[from] Leech Seed|[of] p2a: Ferrothorn\n|-heal|p2a: Ferrothorn|100\/100|[silent]\n|upkeep\n|turn|13\n|\n|t:|1698660089\n|move|p1a: Duskull|Will-O-Wisp|p2a: Ferrothorn\n|-status|p2a: Ferrothorn|brn\n|move|p2a: Ferrothorn|Toxic|p1a: Duskull\n|-status|p1a: Duskull|tox\n|\n|-damage|p1a: Duskull|76\/100 tox|[from] Leech Seed|[of] p2a: Ferrothorn\n|-damage|p1a: Duskull|70\/100 tox|[from] psn\n|-damage|p2a: Ferrothorn|94\/100 brn|[from] brn\n|-fieldend|move: Trick Room\n|upkeep\n|turn|14\n|\n|t:|1698660107\n|switch|p2a: Smeargle|Smeargle, M|38\/100\n|-damage|p2a: Smeargle|26\/100|[from] Stealth Rock\n|move|p1a: Duskull|Trick Room|p1a: Duskull\n|-fieldstart|move: Trick Room|[of] p1a: Duskull\n|\n|-damage|p1a: Duskull|57\/100 tox|[from] Leech Seed|[of] p2a: Smeargle\n|-heal|p2a: Smeargle|36\/100|[silent]\n|-damage|p1a: Duskull|45\/100 tox|[from] psn\n|upkeep\n|turn|15\n|\n|t:|1698660120\n|move|p1a: Duskull|Memento|p2a: Smeargle\n|-unboost|p2a: Smeargle|atk|2\n|-unboost|p2a: Smeargle|spa|2\n|faint|p1a: Duskull\n|move|p2a: Smeargle|Trick|p1: Duskull|[notarget]\n|-fail|p2a: Smeargle\n|\n|upkeep\n|\n|t:|1698660123\n|switch|p1a: Bunnelby|Bunnelby, M, shiny|88\/100\n|turn|16\n|\n|t:|1698660129\n|switch|p2a: Ferrothorn|Ferrothorn, M|94\/100 brn\n|-damage|p2a: Ferrothorn|88\/100 brn|[from] Stealth Rock\n|move|p1a: Bunnelby|U-turn|p2a: Ferrothorn\n|-damage|p2a: Ferrothorn|74\/100 brn\n|-damage|p1a: Bunnelby|76\/100|[from] ability: Iron Barbs|[of] p2a: Ferrothorn\n|\n|t:|1698660137\n|switch|p1a: Impidimp|Impidimp, M|100\/100|[from] U-turn\n|\n|-heal|p2a: Ferrothorn|80\/100 brn|[from] item: Leftovers\n|-damage|p2a: Ferrothorn|74\/100 brn|[from] brn\n|upkeep\n|turn|17\n|\n|t:|1698660146\n|move|p1a: Impidimp|Trick|p2a: Ferrothorn\n|-activate|p1a: Impidimp|move: Trick|[of] p2a: Ferrothorn\n|-item|p2a: Ferrothorn|Lagging Tail|[from] move: Trick\n|-item|p1a: Impidimp|Leftovers|[from] move: Trick\n|move|p2a: Ferrothorn|Leech Seed|p1a: Impidimp\n|-start|p1a: Impidimp|move: Leech Seed\n|\n|-damage|p1a: Impidimp|88\/100|[from] Leech Seed|[of] p2a: Ferrothorn\n|-heal|p2a: Ferrothorn|84\/100 brn|[silent]\n|-damage|p2a: Ferrothorn|78\/100 brn|[from] brn\n|upkeep\n|turn|18\n|\n|t:|1698660159\n|move|p1a: Impidimp|Parting Shot|p2a: Ferrothorn\n|-unboost|p2a: Ferrothorn|atk|1\n|-unboost|p2a: Ferrothorn|spa|1\n|\n|t:|1698660164\n|switch|p1a: Trapinch|Trapinch, M|88\/100|[from] Parting Shot\n|move|p2a: Ferrothorn|Iron Head|p1a: Trapinch\n|-damage|p1a: Trapinch|71\/100\n|\n|-damage|p2a: Ferrothorn|72\/100 brn|[from] brn\n|-fieldend|move: Trick Room\n|upkeep\n|turn|19\n|\n|t:|1698660167\n|move|p1a: Trapinch|Earthquake|p2a: Ferrothorn\n|-damage|p2a: Ferrothorn|28\/100 brn\n|move|p2a: Ferrothorn|Leech Seed|p1a: Trapinch\n|-start|p1a: Trapinch|move: Leech Seed\n|\n|-damage|p1a: Trapinch|59\/100|[from] Leech Seed|[of] p2a: Ferrothorn\n|-heal|p2a: Ferrothorn|39\/100 brn|[silent]\n|-damage|p2a: Ferrothorn|32\/100 brn|[from] brn\n|upkeep\n|turn|20\n|\n|t:|1698660180\n|switch|p1a: Porygon|Porygon|47\/100\n|-ability|p1a: Porygon|Iron Barbs|[from] ability: Trace|[of] p2a: Ferrothorn\n|move|p2a: Ferrothorn|Protect||[still]\n|-fail|p2a: Ferrothorn\n|\n|-damage|p2a: Ferrothorn|26\/100 brn|[from] brn\n|upkeep\n|turn|21\n|\n|t:|1698660192\n|move|p2a: Ferrothorn|Leech Seed|p1a: Porygon\n|-start|p1a: Porygon|move: Leech Seed\n|move|p1a: Porygon|Teleport|p1a: Porygon\n|\n|t:|1698660195\n|switch|p1a: Trapinch|Trapinch, M|59\/100|[from] Teleport\n|\n|-damage|p2a: Ferrothorn|20\/100 brn|[from] brn\n|upkeep\n|turn|22\n|\n|t:|1698660199\n|move|p1a: Trapinch|Earthquake|p2a: Ferrothorn\n|-damage|p2a: Ferrothorn|0 fnt\n|faint|p2a: Ferrothorn\n|\n|upkeep\n|\n|t:|1698660207\n|switch|p2a: Serperior|Serperior, M|100\/100\n|-damage|p2a: Serperior|88\/100|[from] Stealth Rock\n|turn|23\n|\n|t:|1698660212\n|switch|p1a: Bronzor|Bronzor|76\/100\n|move|p2a: Serperior|Leaf Storm|p1a: Bronzor\n|-resisted|p1a: Bronzor\n|-damage|p1a: Bronzor|57\/100\n|-boost|p2a: Serperior|spa|2\n|\n|upkeep\n|turn|24\n|\n|t:|1698660233\n|move|p2a: Serperior|Defog|p1a: Bronzor\n|-unboost|p1a: Bronzor|evasion|1\n|-sideend|p2: Treecko28|Stealth Rock|[from] move: Defog|[of] p2a: Serperior\n|move|p1a: Bronzor|Trick Room|p1a: Bronzor\n|-fieldstart|move: Trick Room|[of] p1a: Bronzor\n|\n|upkeep\n|turn|25\n|\n|t:|1698660243\n|move|p1a: Bronzor|Toxic|p2a: Serperior\n|-status|p2a: Serperior|tox\n|move|p2a: Serperior|Substitute|p2a: Serperior\n|-start|p2a: Serperior|Substitute\n|-damage|p2a: Serperior|63\/100 tox\n|\n|-damage|p2a: Serperior|57\/100 tox|[from] psn\n|upkeep\n|turn|26\n|\n|t:|1698660246\n|move|p1a: Bronzor|Stealth Rock|p2a: Serperior\n|-sidestart|p2: Treecko28|move: Stealth Rock\n|move|p2a: Serperior|Aromatherapy|p2a: Serperior\n|-activate|p2a: Serperior|move: Aromatherapy\n|-curestatus|p2a: Serperior|tox|[msg]\n|\n|upkeep\n|turn|27\n|\n|t:|1698660253\n|move|p1a: Bronzor|Toxic||[still]\n|-fail|p1a: Bronzor\n|move|p2a: Serperior|Leaf Storm|p1a: Bronzor\n|-resisted|p1a: Bronzor\n|-damage|p1a: Bronzor|16\/100\n|-boost|p2a: Serperior|spa|2\n|\n|upkeep\n|turn|28\n|\n|t:|1698660259\n|move|p1a: Bronzor|Steel Beam|p2a: Serperior\n|-activate|p2a: Serperior|move: Substitute|[damage]\n|-damage|p1a: Bronzor|0 fnt|[from] steelbeam\n|faint|p1a: Bronzor\n|move|p2a: Serperior|Leaf Storm|p1: Bronzor|[notarget]\n|-fail|p2a: Serperior\n|\n|-fieldend|move: Trick Room\n|upkeep\n|\n|t:|1698660262\n|switch|p1a: Impidimp|Impidimp, M|88\/100\n|turn|29\n|\n|t:|1698660270\n|-terastallize|p2a: Serperior|Grass\n|move|p1a: Impidimp|Fake Out|p2a: Serperior\n|-end|p2a: Serperior|Substitute\n|move|p2a: Serperior|Leaf Storm|p1a: Impidimp\n|-damage|p1a: Impidimp|0 fnt\n|-boost|p2a: Serperior|spa|2\n|faint|p1a: Impidimp\n|\n|upkeep\n|\n|t:|1698660274\n|switch|p1a: Trapinch|Trapinch, M|59\/100\n|turn|30\n|\n|t:|1698660277\n|move|p1a: Trapinch|First Impression|p2a: Serperior\n|-supereffective|p2a: Serperior\n|-damage|p2a: Serperior|0 fnt\n|faint|p2a: Serperior\n|\n|upkeep\n|\n|t:|1698660291\n|switch|p2a: Jumpluff|Jumpluff, F|100\/100\n|-damage|p2a: Jumpluff|76\/100|[from] Stealth Rock\n|turn|31\n|\n|t:|1698660296\n|switch|p1a: Porygon|Porygon|47\/100\n|-ability|p1a: Porygon|Infiltrator|[from] ability: Trace|[of] p2a: Jumpluff\n|move|p2a: Jumpluff|Sleep Powder|p1a: Porygon\n|-status|p1a: Porygon|slp|[from] move: Sleep Powder\n|\n|-heal|p2a: Jumpluff|82\/100|[from] item: Leftovers\n|upkeep\n|turn|32\n|\n|t:|1698660303\n|move|p2a: Jumpluff|Infestation|p1a: Porygon\n|-damage|p1a: Porygon|45\/100 slp\n|-activate|p1a: Porygon|move: Infestation|[of] p2a: Jumpluff\n|cant|p1a: Porygon|slp\n|\n|-heal|p2a: Jumpluff|88\/100|[from] item: Leftovers\n|-damage|p1a: Porygon|33\/100 slp|[from] move: Infestation|[partiallytrapped]\n|upkeep\n|turn|33\n|\n|t:|1698660309\n|move|p2a: Jumpluff|Leech Seed|p1a: Porygon\n|-start|p1a: Porygon|move: Leech Seed\n|cant|p1a: Porygon|slp\n|\n|-heal|p2a: Jumpluff|94\/100|[from] item: Leftovers\n|-damage|p1a: Porygon|20\/100 slp|[from] Leech Seed|[of] p2a: Jumpluff\n|-heal|p2a: Jumpluff|100\/100|[silent]\n|-damage|p1a: Porygon|8\/100 slp|[from] move: Infestation|[partiallytrapped]\n|upkeep\n|turn|34\n|\n|t:|1698660321\n|switch|p2a: Dragapult|Dragapult, M|19\/100\n|-damage|p2a: Dragapult|7\/100|[from] Stealth Rock\n|cant|p1a: Porygon|slp\n|\n|-heal|p2a: Dragapult|13\/100|[from] item: Leftovers\n|-damage|p1a: Porygon|0 fnt|[from] Leech Seed|[of] p2a: Dragapult\n|-heal|p2a: Dragapult|19\/100|[silent]\n|faint|p1a: Porygon\n|upkeep\n|\n|t:|1698660327\n|switch|p1a: Trapinch|Trapinch, M|59\/100\n|turn|35\n|\n|t:|1698660336\n|move|p1a: Trapinch|First Impression|p2a: Dragapult\n|-resisted|p2a: Dragapult\n|-damage|p2a: Dragapult|0 fnt\n|faint|p2a: Dragapult\n|\n|upkeep\n|\n|t:|1698660339\n|switch|p2a: Jumpluff|Jumpluff, F|100\/100\n|-damage|p2a: Jumpluff|76\/100|[from] Stealth Rock\n|turn|36\n|\n|t:|1698660345\n|switch|p1a: Bunnelby|Bunnelby, M, shiny|76\/100\n|move|p2a: Jumpluff|Strength Sap|p1a: Bunnelby\n|-unboost|p1a: Bunnelby|atk|1\n|-heal|p2a: Jumpluff|100\/100\n|\n|upkeep\n|turn|37\n|\n|t:|1698660351\n|switch|p1a: Trapinch|Trapinch, M|59\/100\n|move|p2a: Jumpluff|Sleep Powder|p1a: Trapinch\n|-status|p1a: Trapinch|slp|[from] move: Sleep Powder\n|\n|upkeep\n|turn|38\n|\n|t:|1698660359\n|move|p2a: Jumpluff|Infestation|p1a: Trapinch\n|-damage|p1a: Trapinch|52\/100 slp\n|-activate|p1a: Trapinch|move: Infestation|[of] p2a: Jumpluff\n|cant|p1a: Trapinch|slp\n|\n|-damage|p1a: Trapinch|40\/100 slp|[from] move: Infestation|[partiallytrapped]\n|upkeep\n|turn|39\n|\n|t:|1698660364\n|move|p2a: Jumpluff|Strength Sap|p1a: Trapinch\n|-unboost|p1a: Trapinch|atk|1\n|cant|p1a: Trapinch|slp\n|\n|-damage|p1a: Trapinch|28\/100 slp|[from] move: Infestation|[partiallytrapped]\n|upkeep\n|turn|40\n|\n|t:|1698660368\n|move|p2a: Jumpluff|Leech Seed|p1a: Trapinch\n|-start|p1a: Trapinch|move: Leech Seed\n|-curestatus|p1a: Trapinch|slp|[msg]\n|move|p1a: Trapinch|Rock Slide|p2a: Jumpluff|[miss]\n|-miss|p1a: Trapinch|p2a: Jumpluff\n|\n|-damage|p1a: Trapinch|15\/100|[from] Leech Seed|[of] p2a: Jumpluff\n|-damage|p1a: Trapinch|3\/100|[from] move: Infestation|[partiallytrapped]\n|upkeep\n|turn|41\n|\n|t:|1698660373\n|move|p2a: Jumpluff|Infestation|p1a: Trapinch\n|-damage|p1a: Trapinch|0 fnt\n|faint|p1a: Trapinch\n|\n|upkeep\n|\n|t:|1698660376\n|switch|p1a: Bunnelby|Bunnelby, M, shiny|76\/100\n|turn|42\n|\n|t:|1698660386\n|-terastallize|p1a: Bunnelby|Normal\n|move|p2a: Jumpluff|Strength Sap|p1a: Bunnelby\n|-unboost|p1a: Bunnelby|atk|1\n|move|p1a: Bunnelby|Return|p2a: Jumpluff\n|-damage|p2a: Jumpluff|34\/100\n|\n|-heal|p2a: Jumpluff|40\/100|[from] item: Leftovers\n|upkeep\n|turn|43\n|\n|t:|1698660393\n|move|p2a: Jumpluff|Strength Sap|p1a: Bunnelby\n|-unboost|p1a: Bunnelby|atk|1\n|-heal|p2a: Jumpluff|75\/100\n|move|p1a: Bunnelby|Return|p2a: Jumpluff\n|-damage|p2a: Jumpluff|28\/100\n|\n|-heal|p2a: Jumpluff|34\/100|[from] item: Leftovers\n|upkeep\n|turn|44\n|\n|t:|1698660398\n|move|p2a: Jumpluff|Strength Sap|p1a: Bunnelby\n|-unboost|p1a: Bunnelby|atk|1\n|-heal|p2a: Jumpluff|61\/100\n|move|p1a: Bunnelby|Return|p2a: Jumpluff\n|-damage|p2a: Jumpluff|22\/100\n|\n|-heal|p2a: Jumpluff|28\/100|[from] item: Leftovers\n|upkeep\n|turn|45\n|\n|t:|1698660407\n|move|p2a: Jumpluff|Sleep Powder|p1a: Bunnelby|[miss]\n|-miss|p2a: Jumpluff|p1a: Bunnelby\n|move|p1a: Bunnelby|Return|p2a: Jumpluff\n|-damage|p2a: Jumpluff|0 fnt\n|faint|p2a: Jumpluff\n|\n|upkeep\n|\n|t:|1698660409\n|switch|p2a: Slither Wing|Slither Wing|100\/100\n|-damage|p2a: Slither Wing|88\/100|[from] Stealth Rock\n|turn|46\n|\n|t:|1698660413\n|move|p2a: Slither Wing|Close Combat|p1a: Bunnelby\n|-supereffective|p1a: Bunnelby\n|-damage|p1a: Bunnelby|0 fnt\n|-unboost|p2a: Slither Wing|def|1\n|-unboost|p2a: Slither Wing|spd|1\n|faint|p1a: Bunnelby\n|\n|win|Treecko28\n|raw|methead's rating: 1097 &rarr; <strong>1076<\/strong><br \/>(-21 for losing)\n|raw|Treecko28's rating: 1145 &rarr; <strong>1167<\/strong><br \/>(+22 for winning)\n|l|\u2606methead\n","uploadtime":1698660421,"views":20,"p1id":"methead","p2id":"treecko28","formatid":"gen9nationaldexubers","rating":1076,"private":0,"password":""}