{"id":"gen9nationaldexubers-1995920172","p1":"LuckyPlays10136","p2":"UrLordAndSavoir","format":"[Gen 9] National Dex Ubers","log":"|j|\u2606LuckyPlays10136\n|j|\u2606UrLordAndSavoir\n|t:|1700617516\n|gametype|singles\n|player|p1|LuckyPlays10136|hilbert|\n|player|p2|UrLordAndSavoir|102|\n|teamsize|p1|6\n|teamsize|p2|6\n|gen|9\n|tier|[Gen 9] National Dex Ubers\n|rule|HP Percentage Mod: HP is shown in percentages\n|rule|Endless Battle Clause: Forcing endless battles is banned\n|rule|OHKO Clause: OHKO moves are banned\n|rule|Evasion Moves Clause: Evasion moves are banned\n|rule|Evasion Items Clause: Evasion items are banned\n|rule|Species Clause: Limit one of each Pok\u00e9mon\n|rule|Sleep Clause Mod: Limit one foe put to sleep\n|rule|Mega Rayquaza Clause: You cannot mega evolve Rayquaza\n|clearpoke\n|poke|p1|Klefki, M|\n|poke|p1|Rotom-Wash|\n|poke|p1|Ninetales, M|\n|poke|p1|Chi-Yu|\n|poke|p1|Zoroark-Hisui, M|\n|poke|p1|Dugtrio-Alola, M|\n|poke|p2|Typhlosion, F|\n|poke|p2|Ninetales-Alola, M|\n|poke|p2|Baxcalibur, F|\n|poke|p2|Gholdengo|\n|poke|p2|Dachsbun, F|\n|poke|p2|Sandslash-Alola, M|\n|teampreview\n|inactive|Battle timer is ON: inactive players will automatically lose when time's up. (requested by LuckyPlays10136)\n|\n|t:|1700617540\n|start\n|switch|p1a: Rotom|Rotom-Wash|100\/100\n|switch|p2a: Ninetales|Ninetales-Alola, M|100\/100\n|-weather|Snow|[from] ability: Snow Warning|[of] p2a: Ninetales\n|turn|1\n|\n|t:|1700617552\n|switch|p2a: Baxcalibur|Baxcalibur, F|100\/100\n|move|p1a: Rotom|Volt Switch|p2a: Baxcalibur\n|-resisted|p2a: Baxcalibur\n|-damage|p2a: Baxcalibur|84\/100\n|\n|t:|1700617560\n|switch|p1a: Ninetales|Ninetales, M|100\/100|[from] Volt Switch\n|-weather|SunnyDay|[from] ability: Drought|[of] p1a: Ninetales\n|\n|-weather|SunnyDay|[upkeep]\n|upkeep\n|turn|2\n|\n|t:|1700617572\n|move|p2a: Baxcalibur|Dragon Dance|p2a: Baxcalibur\n|-boost|p2a: Baxcalibur|atk|1\n|-boost|p2a: Baxcalibur|spe|1\n|move|p1a: Ninetales|Encore|p2a: Baxcalibur\n|-start|p2a: Baxcalibur|Encore\n|\n|-weather|SunnyDay|[upkeep]\n|upkeep\n|turn|3\n|inactive|LuckyPlays10136 has 270 seconds left.\n|inactive|UrLordAndSavoir has 270 seconds left.\n|inactive|LuckyPlays10136 has 240 seconds left.\n|\n|t:|1700617640\n|switch|p2a: Dachsbun|Dachsbun, F|100\/100\n|switch|p1a: Dugtrio|Dugtrio-Alola, M|100\/100\n|\n|-weather|SunnyDay|[upkeep]\n|upkeep\n|turn|4\n|inactive|LuckyPlays10136 has 240 seconds left.\n|\n|t:|1700617647\n|move|p1a: Dugtrio|Hyper Voice|p2a: Dachsbun\n|-damage|p2a: Dachsbun|38\/100\n|move|p2a: Dachsbun|Body Press|p1a: Dugtrio\n|-immune|p1a: Dugtrio\n|\n|-weather|SunnyDay|[upkeep]\n|-heal|p2a: Dachsbun|44\/100|[from] item: Leftovers\n|upkeep\n|turn|5\n|\n|t:|1700617661\n|switch|p2a: Gholdengo|Gholdengo|100\/100\n|move|p1a: Dugtrio|Hyper Voice|p2a: Gholdengo\n|-immune|p2a: Gholdengo\n|\n|-weather|none\n|upkeep\n|turn|6\n|\n|t:|1700617674\n|switch|p1a: Klefki|Klefki, M|100\/100\n|move|p2a: Gholdengo|Make It Rain|p1a: Klefki\n|-damage|p1a: Klefki|21\/100\n|-unboost|p2a: Gholdengo|spa|1\n|\n|upkeep\n|turn|7\n|\n|t:|1700617687\n|switch|p2a: Dachsbun|Dachsbun, F|44\/100\n|move|p1a: Klefki|Light Screen|p1a: Klefki\n|-sidestart|p1: LuckyPlays10136|move: Light Screen\n|\n|-heal|p2a: Dachsbun|50\/100|[from] item: Leftovers\n|upkeep\n|turn|8\n|\n|t:|1700617692\n|move|p1a: Klefki|Thunder Wave|p2a: Dachsbun\n|-status|p2a: Dachsbun|par\n|move|p2a: Dachsbun|Wish|p2a: Dachsbun\n|\n|-heal|p2a: Dachsbun|56\/100 par|[from] item: Leftovers\n|upkeep\n|turn|9\n|\n|t:|1700617698\n|move|p1a: Klefki|Reflect|p1a: Klefki\n|-sidestart|p1: LuckyPlays10136|Reflect\n|move|p2a: Dachsbun|Body Press|p1a: Klefki\n|-damage|p1a: Klefki|12\/100\n|\n|-heal|p2a: Dachsbun|100\/100 par|[from] move: Wish|[wisher] Dachsbun\n|upkeep\n|turn|10\n|inactive|LuckyPlays10136 has 270 seconds left.\n|\n|t:|1700617708\n|switch|p1a: Ninetales|Ninetales, M|100\/100\n|-weather|SunnyDay|[from] ability: Drought|[of] p1a: Ninetales\n|move|p2a: Dachsbun|Protect||[still]\n|-fail|p2a: Dachsbun\n|\n|-weather|SunnyDay|[upkeep]\n|upkeep\n|turn|11\n|inactive|LuckyPlays10136 has 270 seconds left.\n|\n|t:|1700617719\n|switch|p1a: Dugtrio|Dugtrio-Alola, M|100\/100\n|move|p2a: Dachsbun|Wish|p2a: Dachsbun\n|\n|-weather|SunnyDay|[upkeep]\n|upkeep\n|turn|12\n|\n|t:|1700617725\n|move|p1a: Dugtrio|Flash Cannon|p2a: Dachsbun\n|-supereffective|p2a: Dachsbun\n|-damage|p2a: Dachsbun|72\/100 par\n|move|p2a: Dachsbun|Body Press|p1a: Dugtrio\n|-supereffective|p1a: Dugtrio\n|-damage|p1a: Dugtrio|55\/100\n|-damage|p2a: Dachsbun|55\/100 par|[from] item: Rocky Helmet|[of] p1a: Dugtrio\n|-ability|p1a: Dugtrio|Tangling Hair\n|-unboost|p2a: Dachsbun|spe|1\n|\n|-weather|SunnyDay|[upkeep]\n|-heal|p2a: Dachsbun|100\/100 par|[from] move: Wish|[wisher] Dachsbun\n|upkeep\n|turn|13\n|\n|t:|1700617732\n|move|p1a: Dugtrio|Flash Cannon|p2a: Dachsbun\n|-supereffective|p2a: Dachsbun\n|-damage|p2a: Dachsbun|73\/100 par\n|move|p2a: Dachsbun|Body Press|p1a: Dugtrio\n|-supereffective|p1a: Dugtrio\n|-damage|p1a: Dugtrio|14\/100\n|-damage|p2a: Dachsbun|57\/100 par|[from] item: Rocky Helmet|[of] p1a: Dugtrio\n|-ability|p1a: Dugtrio|Tangling Hair\n|-unboost|p2a: Dachsbun|spe|1\n|\n|-weather|SunnyDay|[upkeep]\n|-heal|p2a: Dachsbun|63\/100 par|[from] item: Leftovers\n|upkeep\n|turn|14\n|\n|t:|1700617739\n|move|p1a: Dugtrio|Rest|p1a: Dugtrio\n|-status|p1a: Dugtrio|slp|[from] move: Rest\n|-heal|p1a: Dugtrio|100\/100 slp|[silent]\n|move|p2a: Dachsbun|Wish|p2a: Dachsbun\n|\n|-weather|none\n|-heal|p2a: Dachsbun|69\/100 par|[from] item: Leftovers\n|-sideend|p1: LuckyPlays10136|move: Light Screen\n|upkeep\n|turn|15\n|\n|t:|1700617751\n|cant|p1a: Dugtrio|slp\n|move|p1a: Dugtrio|Sleep Talk|p1a: Dugtrio\n|move|p1a: Dugtrio|Rest||[from]move: Sleep Talk|[still]\n|-fail|p1a: Dugtrio\n|move|p2a: Dachsbun|Body Press|p1a: Dugtrio\n|-supereffective|p1a: Dugtrio\n|-damage|p1a: Dugtrio|54\/100 slp\n|-damage|p2a: Dachsbun|52\/100 par|[from] item: Rocky Helmet|[of] p1a: Dugtrio\n|-ability|p1a: Dugtrio|Tangling Hair\n|-unboost|p2a: Dachsbun|spe|1\n|\n|-heal|p2a: Dachsbun|100\/100 par|[from] move: Wish|[wisher] Dachsbun\n|upkeep\n|turn|16\n|c|\u2606LuckyPlays10136|bruh get parad wtf\n|\n|t:|1700617760\n|cant|p1a: Dugtrio|slp\n|move|p1a: Dugtrio|Sleep Talk|p1a: Dugtrio\n|move|p1a: Dugtrio|Rest||[from]move: Sleep Talk|[still]\n|-fail|p1a: Dugtrio\n|move|p2a: Dachsbun|Body Press|p1a: Dugtrio\n|-supereffective|p1a: Dugtrio\n|-damage|p1a: Dugtrio|14\/100 slp\n|-damage|p2a: Dachsbun|84\/100 par|[from] item: Rocky Helmet|[of] p1a: Dugtrio\n|-ability|p1a: Dugtrio|Tangling Hair\n|-unboost|p2a: Dachsbun|spe|1\n|\n|-heal|p2a: Dachsbun|90\/100 par|[from] item: Leftovers\n|-sideend|p1: LuckyPlays10136|Reflect\n|upkeep\n|turn|17\n|\n|t:|1700617774\n|switch|p1a: Ninetales|Ninetales, M|100\/100\n|switch|p2a: Baxcalibur|Baxcalibur, F|84\/100\n|\n|upkeep\n|turn|18\n|\n|t:|1700617782\n|move|p1a: Ninetales|Hyper Voice|p2a: Baxcalibur\n|-damage|p2a: Baxcalibur|13\/100\n|move|p2a: Baxcalibur|Scale Shot|p1a: Ninetales|[miss]\n|-miss|p2a: Baxcalibur|p1a: Ninetales\n|\n|upkeep\n|turn|19\n|c|\u2606UrLordAndSavoir|bruh\n|\n|t:|1700617804\n|switch|p1a: Ninetales|Ninetales, M|100\/100\n|-weather|SunnyDay|[from] ability: Drought|[of] p1a: Ninetales\n|switch|p2a: Ninetales|Ninetales-Alola, M|100\/100\n|-weather|Snow|[from] ability: Snow Warning|[of] p2a: Ninetales\n|\n|-weather|Snow|[upkeep]\n|upkeep\n|turn|20\n|\n|t:|1700617820\n|move|p2a: Ninetales|Aurora Veil|p2a: Ninetales\n|-sidestart|p2: UrLordAndSavoir|move: Aurora Veil\n|move|p1a: Ninetales|Will-O-Wisp|p2a: Ninetales\n|-status|p2a: Ninetales|brn\n|\n|-weather|Snow|[upkeep]\n|-damage|p2a: Ninetales|94\/100 brn|[from] brn\n|upkeep\n|turn|21\n|\n|t:|1700617840\n|switch|p2a: Baxcalibur|Baxcalibur, F|13\/100\n|switch|p1a: Klefki|Klefki, M|12\/100\n|\n|-weather|Snow|[upkeep]\n|upkeep\n|turn|22\n|\n|t:|1700617851\n|move|p1a: Klefki|Thunder Wave|p2a: Baxcalibur|[miss]\n|-miss|p1a: Klefki|p2a: Baxcalibur\n|move|p2a: Baxcalibur|Icicle Spear|p1a: Klefki\n|-resisted|p1a: Klefki\n|-damage|p1a: Klefki|5\/100\n|-resisted|p1a: Klefki\n|-damage|p1a: Klefki|0 fnt\n|faint|p1a: Klefki\n|-hitcount|p1: Klefki|2\n|\n|-weather|Snow|[upkeep]\n|upkeep\n|\n|t:|1700617860\n|switch|p1a: Dugtrio|Dugtrio-Alola, M|14\/100 slp\n|turn|23\n|\n|t:|1700617866\n|-curestatus|p1a: Dugtrio|slp|[msg]\n|move|p1a: Dugtrio|Flash Cannon|p2a: Baxcalibur\n|-supereffective|p2a: Baxcalibur\n|-damage|p2a: Baxcalibur|0 fnt\n|faint|p2a: Baxcalibur\n|\n|-weather|none\n|upkeep\n|\n|t:|1700617872\n|switch|p2a: Typhlosion|Typhlosion, F|100\/100\n|turn|24\n|\n|t:|1700617888\n|switch|p1a: Rotom|Rotom-Wash|100\/100\n|move|p2a: Typhlosion|Eruption|p1a: Rotom\n|-resisted|p1a: Rotom\n|-damage|p1a: Rotom|59\/100\n|\n|-heal|p1a: Rotom|66\/100|[from] item: Leftovers\n|upkeep\n|turn|25\n|\n|t:|1700617895\n|switch|p2a: Dachsbun|Dachsbun, F|90\/100 par\n|move|p1a: Rotom|Hydro Pump|p2a: Dachsbun\n|-damage|p2a: Dachsbun|69\/100 par\n|\n|-heal|p1a: Rotom|72\/100|[from] item: Leftovers\n|-heal|p2a: Dachsbun|75\/100 par|[from] item: Leftovers\n|upkeep\n|turn|26\n|\n|t:|1700617902\n|move|p1a: Rotom|Volt Switch|p2a: Dachsbun\n|-crit|p2a: Dachsbun\n|-damage|p2a: Dachsbun|38\/100 par\n|\n|t:|1700617915\n|switch|p1a: Dugtrio|Dugtrio-Alola, M|14\/100|[from] Volt Switch\n|cant|p2a: Dachsbun|par\n|\n|-heal|p2a: Dachsbun|44\/100 par|[from] item: Leftovers\n|upkeep\n|turn|27\n|c|\u2606LuckyPlays10136|FINALLY\n|\n|t:|1700617932\n|move|p1a: Dugtrio|Rest|p1a: Dugtrio\n|-status|p1a: Dugtrio|slp|[from] move: Rest\n|-heal|p1a: Dugtrio|100\/100 slp|[silent]\n|move|p2a: Dachsbun|Wish|p2a: Dachsbun\n|\n|-heal|p2a: Dachsbun|50\/100 par|[from] item: Leftovers\n|-sideend|p2: UrLordAndSavoir|move: Aurora Veil\n|upkeep\n|turn|28\n|\n|t:|1700617946\n|move|p2a: Dachsbun|Protect|p2a: Dachsbun\n|-singleturn|p2a: Dachsbun|Protect\n|cant|p1a: Dugtrio|slp\n|move|p1a: Dugtrio|Sleep Talk|p1a: Dugtrio\n|move|p1a: Dugtrio|Earthquake|p2a: Dachsbun|[from]move: Sleep Talk\n|-activate|p2a: Dachsbun|move: Protect\n|\n|-heal|p2a: Dachsbun|99\/100 par|[from] move: Wish|[wisher] Dachsbun\n|-heal|p2a: Dachsbun|100\/100 par|[from] item: Leftovers\n|upkeep\n|turn|29\n|\n|t:|1700617956\n|switch|p2a: Typhlosion|Typhlosion, F|100\/100\n|cant|p1a: Dugtrio|slp\n|move|p1a: Dugtrio|Sleep Talk|p1a: Dugtrio\n|move|p1a: Dugtrio|Flash Cannon|p2a: Typhlosion|[from]move: Sleep Talk\n|-resisted|p2a: Typhlosion\n|-damage|p2a: Typhlosion|91\/100\n|\n|upkeep\n|turn|30\n|\n|t:|1700617966\n|-terastallize|p1a: Dugtrio|Ground\n|move|p2a: Typhlosion|Eruption|p1a: Dugtrio\n|-damage|p1a: Dugtrio|0 fnt\n|faint|p1a: Dugtrio\n|\n|upkeep\n|c|\u2606LuckyPlays10136|bruh\n|c|\u2606UrLordAndSavoir|YES\n|\n|t:|1700617978\n|switch|p1a: Rotom|Rotom-Wash|72\/100\n|turn|31\n|\n|t:|1700617984\n|switch|p2a: Dachsbun|Dachsbun, F|100\/100 par\n|move|p1a: Rotom|Hydro Pump|p2a: Dachsbun\n|-damage|p2a: Dachsbun|62\/100 par\n|\n|-heal|p1a: Rotom|78\/100|[from] item: Leftovers\n|-heal|p2a: Dachsbun|67\/100 par|[from] item: Leftovers\n|upkeep\n|turn|32\n|\n|t:|1700617993\n|move|p1a: Rotom|Volt Switch|p2a: Dachsbun\n|-damage|p2a: Dachsbun|42\/100 par\n|\n|t:|1700617999\n|switch|p1a: Rotom|Rotom-Wash|100\/100|[from] Volt Switch\n|move|p2a: Dachsbun|Wish|p2a: Dachsbun\n|\n|-heal|p2a: Dachsbun|48\/100 par|[from] item: Leftovers\n|upkeep\n|turn|33\n|c|\u2606UrLordAndSavoir|wtf is this zoroark tomfoolery\n|\n|t:|1700618021\n|move|p2a: Dachsbun|Protect|p2a: Dachsbun\n|-singleturn|p2a: Dachsbun|Protect\n|move|p1a: Rotom|Shadow Ball|p2a: Dachsbun\n|-activate|p2a: Dachsbun|move: Protect\n|\n|-heal|p2a: Dachsbun|98\/100 par|[from] move: Wish|[wisher] Dachsbun\n|-heal|p2a: Dachsbun|100\/100 par|[from] item: Leftovers\n|upkeep\n|turn|34\n|\n|t:|1700618028\n|move|p1a: Rotom|Shadow Ball|p2a: Dachsbun\n|-damage|p2a: Dachsbun|47\/100 par\n|move|p2a: Dachsbun|Play Rough|p1a: Rotom\n|-damage|p1a: Rotom|43\/100\n|replace|p1a: Zoroark|Zoroark-Hisui, M\n|-end|p1a: Zoroark|Illusion\n|\n|-heal|p2a: Dachsbun|53\/100 par|[from] item: Leftovers\n|upkeep\n|turn|35\n|\n|t:|1700618037\n|cant|p2a: Dachsbun|par\n|move|p1a: Zoroark|Shadow Ball|p2a: Dachsbun\n|-damage|p2a: Dachsbun|1\/100 par\n|\n|-heal|p2a: Dachsbun|7\/100 par|[from] item: Leftovers\n|upkeep\n|turn|36\n|c|\u2606LuckyPlays10136|BS\n|\n|t:|1700618053\n|move|p2a: Dachsbun|Protect|p2a: Dachsbun\n|-singleturn|p2a: Dachsbun|Protect\n|move|p1a: Zoroark|Shadow Ball|p2a: Dachsbun\n|-activate|p2a: Dachsbun|move: Protect\n|\n|-heal|p2a: Dachsbun|13\/100 par|[from] item: Leftovers\n|upkeep\n|turn|37\n|\n|t:|1700618059\n|move|p1a: Zoroark|Shadow Ball|p2a: Dachsbun\n|-damage|p2a: Dachsbun|0 fnt\n|faint|p2a: Dachsbun\n|\n|upkeep\n|\n|t:|1700618061\n|switch|p2a: Gholdengo|Gholdengo|100\/100\n|turn|38\n|\n|t:|1700618076\n|move|p2a: Gholdengo|Make It Rain|p1a: Zoroark\n|-damage|p1a: Zoroark|0 fnt\n|-unboost|p2a: Gholdengo|spa|1\n|faint|p1a: Zoroark\n|\n|upkeep\n|\n|t:|1700618080\n|switch|p1a: Ninetales|Ninetales, M|100\/100\n|-weather|SunnyDay|[from] ability: Drought|[of] p1a: Ninetales\n|turn|39\n|\n|t:|1700618091\n|switch|p2a: Typhlosion|Typhlosion, F|91\/100\n|switch|p1a: Chi-Yu|Chi-Yu|100\/100\n|-ability|p1a: Chi-Yu|Beads of Ruin\n|\n|-weather|SunnyDay|[upkeep]\n|upkeep\n|turn|40\n|\n|t:|1700618108\n|move|p2a: Typhlosion|Eruption|p1a: Chi-Yu\n|-resisted|p1a: Chi-Yu\n|-damage|p1a: Chi-Yu|42\/100\n|move|p1a: Chi-Yu|Dark Pulse|p2a: Typhlosion\n|-damage|p2a: Typhlosion|0 fnt\n|faint|p2a: Typhlosion\n|\n|-weather|SunnyDay|[upkeep]\n|upkeep\n|\n|t:|1700618117\n|switch|p2a: Sandslash|Sandslash-Alola, M|100\/100\n|turn|41\n|c|\u2606LuckyPlays10136|FUCK YEA\n|\n|t:|1700618125\n|switch|p1a: Rotom|Rotom-Wash|78\/100\n|-terastallize|p2a: Sandslash|Dark\n|move|p2a: Sandslash|Rapid Spin|p1a: Rotom\n|-damage|p1a: Rotom|63\/100\n|-boost|p2a: Sandslash|spe|1\n|\n|-weather|SunnyDay|[upkeep]\n|-heal|p1a: Rotom|69\/100|[from] item: Leftovers\n|upkeep\n|turn|42\n|\n|t:|1700618133\n|move|p2a: Sandslash|Swords Dance|p2a: Sandslash\n|-boost|p2a: Sandslash|atk|2\n|move|p1a: Rotom|Will-O-Wisp|p2a: Sandslash\n|-status|p2a: Sandslash|brn\n|\n|-weather|SunnyDay|[upkeep]\n|-heal|p1a: Rotom|75\/100|[from] item: Leftovers\n|-damage|p2a: Sandslash|94\/100 brn|[from] brn\n|upkeep\n|turn|43\n|\n|t:|1700618140\n|move|p2a: Sandslash|Swords Dance|p2a: Sandslash\n|-boost|p2a: Sandslash|atk|2\n|move|p1a: Rotom|Volt Switch|p2a: Sandslash\n|-damage|p2a: Sandslash|45\/100 brn\n|\n|t:|1700618148\n|switch|p1a: Ninetales|Ninetales, M|100\/100|[from] Volt Switch\n|\n|-weather|none\n|-damage|p2a: Sandslash|39\/100 brn|[from] brn\n|upkeep\n|turn|44\n|\n|t:|1700618156\n|move|p2a: Sandslash|Knock Off|p1a: Ninetales\n|-damage|p1a: Ninetales|21\/100\n|-enditem|p1a: Ninetales|Leftovers|[from] move: Knock Off|[of] p2a: Sandslash\n|move|p1a: Ninetales|Encore|p2a: Sandslash\n|-start|p2a: Sandslash|Encore\n|\n|-damage|p2a: Sandslash|33\/100 brn|[from] brn\n|upkeep\n|turn|45\n|\n|t:|1700618163\n|move|p1a: Ninetales|Protect|p1a: Ninetales\n|-singleturn|p1a: Ninetales|Protect\n|move|p2a: Sandslash|Knock Off|p1a: Ninetales\n|-activate|p1a: Ninetales|move: Protect\n|\n|-damage|p2a: Sandslash|27\/100 brn|[from] brn\n|upkeep\n|turn|46\n|\n|t:|1700618179\n|switch|p1a: Rotom|Rotom-Wash|75\/100\n|move|p2a: Sandslash|Knock Off|p1a: Rotom\n|-damage|p1a: Rotom|11\/100\n|-enditem|p1a: Rotom|Leftovers|[from] move: Knock Off|[of] p2a: Sandslash\n|\n|-damage|p2a: Sandslash|21\/100 brn|[from] brn\n|upkeep\n|turn|47\n|\n|t:|1700618186\n|move|p2a: Sandslash|Knock Off|p1a: Rotom\n|-damage|p1a: Rotom|0 fnt\n|faint|p1a: Rotom\n|\n|-damage|p2a: Sandslash|15\/100 brn|[from] brn\n|-end|p2a: Sandslash|Encore\n|upkeep\n|\n|t:|1700618188\n|switch|p1a: Chi-Yu|Chi-Yu|42\/100\n|-ability|p1a: Chi-Yu|Beads of Ruin\n|turn|48\n|\n|t:|1700618198\n|move|p2a: Sandslash|Knock Off|p1a: Chi-Yu\n|-resisted|p1a: Chi-Yu\n|-damage|p1a: Chi-Yu|0 fnt\n|-enditem|p1a: Chi-Yu|Choice Specs|[from] move: Knock Off|[of] p2a: Sandslash\n|faint|p1a: Chi-Yu\n|\n|-damage|p2a: Sandslash|9\/100 brn|[from] brn\n|upkeep\n|c|\u2606LuckyPlays10136|ah shit\n|\n|t:|1700618205\n|switch|p1a: Ninetales|Ninetales, M|21\/100\n|-weather|SunnyDay|[from] ability: Drought|[of] p1a: Ninetales\n|turn|49\n|c|\u2606UrLordAndSavoir|YES TERA SAVED ME\n|\n|t:|1700618211\n|move|p1a: Ninetales|Protect|p1a: Ninetales\n|-singleturn|p1a: Ninetales|Protect\n|move|p2a: Sandslash|Knock Off|p1a: Ninetales\n|-activate|p1a: Ninetales|move: Protect\n|\n|-weather|SunnyDay|[upkeep]\n|-damage|p2a: Sandslash|3\/100 brn|[from] brn\n|upkeep\n|turn|50\n|\n|t:|1700618218\n|move|p1a: Ninetales|Protect|p1a: Ninetales\n|-singleturn|p1a: Ninetales|Protect\n|move|p2a: Sandslash|Knock Off|p1a: Ninetales\n|-activate|p1a: Ninetales|move: Protect\n|\n|-weather|SunnyDay|[upkeep]\n|-damage|p2a: Sandslash|0 fnt|[from] brn\n|faint|p2a: Sandslash\n|upkeep\n|c|\u2606UrLordAndSavoir|ok bro\n|\n|t:|1700618226\n|switch|p2a: Gholdengo|Gholdengo|100\/100\n|turn|51\n|c|\u2606LuckyPlays10136|lol\n|\n|t:|1700618229\n|move|p2a: Gholdengo|Shadow Ball|p1a: Ninetales\n|-damage|p1a: Ninetales|0 fnt\n|faint|p1a: Ninetales\n|\n|win|UrLordAndSavoir\n|c|\u2606UrLordAndSavoir|gg\n|c|\u2606LuckyPlays10136|yea gg\n","uploadtime":1700618235,"views":1,"p1id":"luckyplays10136","p2id":"urlordandsavoir","formatid":"gen9nationaldexubers","rating":0,"private":0,"password":""}