{"id":"gen9nationaldexubers-1994279901","p1":"Gallade805","p2":"700club","format":"[Gen 9] National Dex Ubers","log":"|j|\u2606Gallade805\n|j|\u2606700club\n|t:|1700426501\n|gametype|singles\n|player|p1|Gallade805|lucas|1338\n|player|p2|700club|shadowtriad|1300\n|teamsize|p1|6\n|teamsize|p2|6\n|gen|9\n|tier|[Gen 9] National Dex Ubers\n|rated|\n|rule|HP Percentage Mod: HP is shown in percentages\n|rule|Endless Battle Clause: Forcing endless battles is banned\n|rule|OHKO Clause: OHKO moves are banned\n|rule|Evasion Moves Clause: Evasion moves are banned\n|rule|Evasion Items Clause: Evasion items are banned\n|rule|Species Clause: Limit one of each Pok\u00e9mon\n|rule|Sleep Clause Mod: Limit one foe put to sleep\n|rule|Mega Rayquaza Clause: You cannot mega evolve Rayquaza\n|clearpoke\n|poke|p1|Kangaskhan, F|\n|poke|p1|Kyurem-White|\n|poke|p1|Xerneas-*|\n|poke|p1|Zacian-*|\n|poke|p1|Necrozma-Dawn-Wings|\n|poke|p1|Kyogre|\n|poke|p2|Ogerpon-Hearthflame, F|\n|poke|p2|Ditto|\n|poke|p2|Deoxys-Speed|\n|poke|p2|Mewtwo|\n|poke|p2|Necrozma-Dusk-Mane|\n|poke|p2|Genesect|\n|teampreview\n|c|\u2606700club|hi\n|inactive|Battle timer is ON: inactive players will automatically lose when time's up. (requested by Gallade805)\n|c|\u2606Gallade805|Hi\n|c|\u2606Gallade805|Good luck\n|c|\u2606700club|u too!\n|\n|t:|1700426533\n|start\n|switch|p1a: Kangaskhan|Kangaskhan, F, shiny|100\/100\n|switch|p2a: Mewtwo|Mewtwo|100\/100\n|-ability|p2a: Mewtwo|Unnerve\n|turn|1\n|\n|t:|1700426542\n|detailschange|p2a: Mewtwo|Mewtwo-Mega-Y\n|-mega|p2a: Mewtwo|Mewtwo|Mewtwonite Y\n|detailschange|p1a: Kangaskhan|Kangaskhan-Mega, F, shiny\n|-mega|p1a: Kangaskhan|Kangaskhan|Kangaskhanite\n|move|p1a: Kangaskhan|Fake Out|p2a: Mewtwo\n|-crit|p2a: Mewtwo\n|-damage|p2a: Mewtwo|59\/100\n|-damage|p2a: Mewtwo|53\/100\n|-hitcount|p2a: Mewtwo|2\n|cant|p2a: Mewtwo|flinch\n|\n|upkeep\n|turn|2\n|\n|t:|1700426561\n|move|p2a: Mewtwo|Psystrike|p1a: Kangaskhan\n|-damage|p1a: Kangaskhan|35\/100\n|move|p1a: Kangaskhan|Power-Up Punch|p2a: Mewtwo\n|-resisted|p2a: Mewtwo\n|-damage|p2a: Mewtwo|45\/100\n|-boost|p1a: Kangaskhan|atk|1\n|-resisted|p2a: Mewtwo\n|-damage|p2a: Mewtwo|42\/100\n|-boost|p1a: Kangaskhan|atk|1\n|-hitcount|p2a: Mewtwo|2\n|\n|upkeep\n|turn|3\n|\n|t:|1700426572\n|move|p2a: Mewtwo|Psystrike|p1a: Kangaskhan\n|-damage|p1a: Kangaskhan|0 fnt\n|faint|p1a: Kangaskhan\n|\n|upkeep\n|\n|t:|1700426580\n|switch|p1a: Kyurem|Kyurem-White|100\/100\n|-ability|p1a: Kyurem|Turboblaze\n|turn|4\n|\n|t:|1700426595\n|move|p1a: Kyurem|Dragon Pulse|p2a: Mewtwo\n|-damage|p2a: Mewtwo|0 fnt\n|faint|p2a: Mewtwo\n|\n|upkeep\n|inactive|700club has 120 seconds left.\n|\n|t:|1700426637\n|switch|p2a: Genesect|Genesect|100\/100\n|-ability|p2a: Genesect|Download|boost\n|-boost|p2a: Genesect|atk|1\n|turn|5\n|\n|t:|1700426649\n|move|p2a: Genesect|Iron Head|p1a: Kyurem\n|-supereffective|p1a: Kyurem\n|-damage|p1a: Kyurem|0 fnt\n|faint|p1a: Kyurem\n|\n|upkeep\n|\n|t:|1700426654\n|switch|p1a: Kyogre|Kyogre|100\/100\n|detailschange|p1a: Kyogre|Kyogre-Primal\n|-primal|p1a: Kyogre|Blue Orb\n|-weather|PrimordialSea|[from] ability: Primordial Sea|[of] p1a: Kyogre\n|turn|6\n|inactive|700club has 90 seconds left.\n|\n|t:|1700426701\n|switch|p2a: Necrozma|Necrozma-Dusk-Mane|100\/100\n|move|p1a: Kyogre|Calm Mind|p1a: Kyogre\n|-boost|p1a: Kyogre|spa|1\n|-boost|p1a: Kyogre|spd|1\n|\n|-weather|PrimordialSea|[upkeep]\n|upkeep\n|turn|7\n|\n|t:|1700426712\n|move|p2a: Necrozma|Dragon Dance|p2a: Necrozma\n|-boost|p2a: Necrozma|atk|1\n|-boost|p2a: Necrozma|spe|1\n|move|p1a: Kyogre|Origin Pulse|p2a: Necrozma\n|-damage|p2a: Necrozma|0 fnt\n|faint|p2a: Necrozma\n|\n|-weather|PrimordialSea|[upkeep]\n|upkeep\n|\n|t:|1700426720\n|switch|p2a: Ditto|Ditto|100\/100\n|-transform|p2a: Ditto|p1a: Kyogre|[from] ability: Imposter\n|turn|8\n|\n|t:|1700426731\n|move|p2a: Ditto|Thunder|p1a: Kyogre\n|-supereffective|p1a: Kyogre\n|-damage|p1a: Kyogre|44\/100\n|move|p1a: Kyogre|Thunder|p2a: Ditto\n|-supereffective|p2a: Ditto\n|-damage|p2a: Ditto|24\/100\n|\n|-weather|PrimordialSea|[upkeep]\n|upkeep\n|turn|9\n|\n|t:|1700426740\n|move|p2a: Ditto|Thunder|p1a: Kyogre\n|-supereffective|p1a: Kyogre\n|-damage|p1a: Kyogre|0 fnt\n|faint|p1a: Kyogre\n|\n|-weather|PrimordialSea|[upkeep]\n|upkeep\n|\n|t:|1700426745\n|switch|p1a: Necrozma|Necrozma-Dawn-Wings|100\/100\n|turn|10\n|\n|t:|1700426750\n|detailschange|p1a: Necrozma|Necrozma-Ultra\n|-burst|p1a: Necrozma|Necrozma|Ultranecrozium Z\n|move|p1a: Necrozma|Photon Geyser|p2a: Ditto\n|-damage|p2a: Ditto|0 fnt\n|faint|p2a: Ditto\n|-weather|none\n|\n|upkeep\n|inactive|700club has 90 seconds left.\n|\n|t:|1700426760\n|switch|p2a: Deoxys|Deoxys-Speed|100\/100\n|-ability|p2a: Deoxys|Pressure\n|turn|11\n|\n|t:|1700426767\n|move|p2a: Deoxys|Reflect|p2a: Deoxys\n|-sidestart|p2: 700club|Reflect\n|move|p1a: Necrozma|Signal Beam|p2a: Deoxys\n|-supereffective|p2a: Deoxys\n|-enditem|p2a: Deoxys|Focus Sash\n|-damage|p2a: Deoxys|1\/100\n|\n|upkeep\n|turn|12\n|\n|t:|1700426775\n|move|p2a: Deoxys|Taunt|p1a: Necrozma\n|-start|p1a: Necrozma|move: Taunt\n|move|p1a: Necrozma|Signal Beam|p2a: Deoxys\n|-supereffective|p2a: Deoxys\n|-damage|p2a: Deoxys|0 fnt\n|faint|p2a: Deoxys\n|\n|upkeep\n|inactive|700club has 90 seconds left.\n|\n|t:|1700426796\n|switch|p2a: Genesect|Genesect|100\/100\n|-ability|p2a: Genesect|Download|boost\n|-boost|p2a: Genesect|atk|1\n|turn|13\n|inactive|700club has 90 seconds left.\n|\n|t:|1700426811\n|move|p2a: Genesect|U-turn|p1a: Necrozma\n|-supereffective|p1a: Necrozma\n|-damage|p1a: Necrozma|0 fnt\n|faint|p1a: Necrozma\n|\n|t:|1700426816\n|switch|p2a: Ogerpon|Ogerpon-Hearthflame, F|100\/100|[from] U-turn\n|-ability|p2a: Ogerpon|Mold Breaker\n|\n|upkeep\n|\n|t:|1700426820\n|switch|p1a: Xerneas|Xerneas|100\/100\n|-ability|p1a: Xerneas|Fairy Aura\n|turn|14\n|\n|t:|1700426828\n|-terastallize|p2a: Ogerpon|Fire\n|detailschange|p2a: Ogerpon|Ogerpon-Hearthflame-Tera, F, tera:Fire\n|-ability|p2a: Ogerpon|Embody Aspect (Hearthflame)|boost\n|-boost|p2a: Ogerpon|atk|1\n|move|p2a: Ogerpon|Ivy Cudgel|p1a: Xerneas|[anim] Ivy Cudgel Fire\n|-damage|p1a: Xerneas|25\/100\n|move|p1a: Xerneas|Geomancy||[still]\n|-prepare|p1a: Xerneas|Geomancy\n|-enditem|p1a: Xerneas|Power Herb\n|-anim|p1a: Xerneas|Geomancy|p1a: Xerneas\n|-boost|p1a: Xerneas|spa|2\n|-boost|p1a: Xerneas|spd|2\n|-boost|p1a: Xerneas|spe|2\n|\n|upkeep\n|turn|15\n|\n|t:|1700426842\n|-terastallize|p1a: Xerneas|Fairy\n|move|p1a: Xerneas|Focus Blast|p2a: Ogerpon|[miss]\n|-miss|p1a: Xerneas|p2a: Ogerpon\n|move|p2a: Ogerpon|Ivy Cudgel|p1a: Xerneas|[anim] Ivy Cudgel Fire\n|-damage|p1a: Xerneas|0 fnt\n|faint|p1a: Xerneas\n|\n|-sideend|p2: 700club|Reflect\n|upkeep\n|\n|t:|1700426849\n|switch|p1a: Zacian|Zacian-Crowned, shiny|100\/100\n|-ability|p1a: Zacian|Intrepid Sword|boost\n|-boost|p1a: Zacian|atk|1\n|turn|16\n|\n|t:|1700426855\n|move|p1a: Zacian|Psychic Fangs|p2a: Ogerpon\n|-damage|p2a: Ogerpon|48\/100\n|move|p2a: Ogerpon|Ivy Cudgel|p1a: Zacian|[anim] Ivy Cudgel Fire\n|-supereffective|p1a: Zacian\n|-damage|p1a: Zacian|0 fnt\n|faint|p1a: Zacian\n|\n|win|700club\n|raw|Gallade805's rating: 1338 &rarr; <strong>1316<\/strong><br \/>(-22 for losing)\n|raw|700club's rating: 1300 &rarr; <strong>1328<\/strong><br \/>(+28 for winning)\n|l|\u2606Gallade805\n|c|\u2606700club|gg\n","uploadtime":1700426869,"views":5,"p1id":"gallade805","p2id":"700club","formatid":"gen9nationaldexubers","rating":1316,"private":0,"password":""}