{"id":"gen9nationaldexubers-1995387990","p1":"xiao_qi_awa","p2":"DannLink","format":"[Gen 9] National Dex Ubers","log":"|j|\u2606xiao_qi_awa\n|j|\u2606DannLink\n|t:|1700563980\n|gametype|singles\n|player|p1|xiao_qi_awa|dawn|1074\n|player|p2|DannLink|ethan|1112\n|teamsize|p1|6\n|teamsize|p2|6\n|gen|9\n|tier|[Gen 9] National Dex Ubers\n|rated|\n|rule|HP Percentage Mod: HP is shown in percentages\n|rule|Endless Battle Clause: Forcing endless battles is banned\n|rule|OHKO Clause: OHKO moves are banned\n|rule|Evasion Moves Clause: Evasion moves are banned\n|rule|Evasion Items Clause: Evasion items are banned\n|rule|Species Clause: Limit one of each Pok\u00e9mon\n|rule|Sleep Clause Mod: Limit one foe put to sleep\n|rule|Mega Rayquaza Clause: You cannot mega evolve Rayquaza\n|clearpoke\n|poke|p1|Garchomp, F|\n|poke|p1|Lucario, F|\n|poke|p1|Roserade, M|\n|poke|p1|Gastrodon, F|\n|poke|p1|Togekiss, F|\n|poke|p1|Milotic, F|\n|poke|p2|Raichu, M|\n|poke|p2|Incineroar, M|\n|poke|p2|Decidueye, M|\n|poke|p2|Lycanroc-Dusk, M|\n|poke|p2|Mimikyu, M|\n|poke|p2|Zeraora|\n|teampreview\n|inactive|Battle timer is ON: inactive players will automatically lose when time's up. (requested by DannLink)\n|\n|t:|1700564000\n|start\n|switch|p1a: Togekiss|Togekiss, F|100\/100\n|switch|p2a: Decidueye|Decidueye, M|100\/100\n|turn|1\n|\n|t:|1700564020\n|switch|p2a: Lycanroc|Lycanroc-Dusk, M|100\/100\n|move|p1a: Togekiss|Air Slash|p2a: Lycanroc\n|-resisted|p2a: Lycanroc\n|-damage|p2a: Lycanroc|69\/100\n|\n|upkeep\n|turn|2\n|\n|t:|1700564028\n|move|p2a: Lycanroc|Stone Edge|p1a: Togekiss\n|-supereffective|p1a: Togekiss\n|-damage|p1a: Togekiss|0 fnt\n|faint|p1a: Togekiss\n|\n|upkeep\n|\n|t:|1700564034\n|switch|p1a: Garchomp|Garchomp, F|100\/100\n|turn|3\n|\n|t:|1700564041\n|move|p2a: Lycanroc|Thrash|p1a: Garchomp\n|-damage|p1a: Garchomp|51\/100\n|-damage|p2a: Lycanroc|57\/100|[from] ability: Rough Skin|[of] p1a: Garchomp\n|move|p1a: Garchomp|Swords Dance|p1a: Garchomp\n|-boost|p1a: Garchomp|atk|2\n|\n|upkeep\n|turn|4\n|\n|t:|1700564050\n|move|p2a: Lycanroc|Thrash|p1a: Garchomp|[from]lockedmove\n|-damage|p1a: Garchomp|5\/100\n|-damage|p2a: Lycanroc|44\/100|[from] ability: Rough Skin|[of] p1a: Garchomp\n|move|p1a: Garchomp|Scale Shot|p2a: Lycanroc\n|-damage|p2a: Lycanroc|2\/100\n|-damage|p2a: Lycanroc|0 fnt\n|faint|p2a: Lycanroc\n|-hitcount|p2: Lycanroc|2\n|-unboost|p1a: Garchomp|def|1\n|-boost|p1a: Garchomp|spe|1\n|\n|upkeep\n|\n|t:|1700564068\n|switch|p2a: Decidueye|Decidueye, M|100\/100\n|turn|5\n|\n|t:|1700564074\n|move|p1a: Garchomp|Fire Fang|p2a: Decidueye\n|-supereffective|p2a: Decidueye\n|-damage|p2a: Decidueye|0 fnt\n|faint|p2a: Decidueye\n|\n|upkeep\n|\n|t:|1700564081\n|switch|p2a: Mimikyu|Mimikyu, M|100\/100\n|turn|6\n|\n|t:|1700564089\n|move|p1a: Garchomp|Earthquake|p2a: Mimikyu\n|-activate|p2a: Mimikyu|ability: Disguise\n|-damage|p2a: Mimikyu|100\/100\n|detailschange|p2a: Mimikyu|Mimikyu-Busted, M\n|-damage|p2a: Mimikyu|88\/100|[from] pokemon: Mimikyu-Busted\n|move|p2a: Mimikyu|Wood Hammer|p1a: Garchomp\n|-damage|p1a: Garchomp|0 fnt\n|-damage|p2a: Mimikyu|76\/100|[from] ability: Rough Skin|[of] p1a: Garchomp\n|faint|p1a: Garchomp\n|-damage|p2a: Mimikyu|73\/100|[from] Recoil\n|\n|upkeep\n|\n|t:|1700564114\n|switch|p1a: Roserade|Roserade, M|100\/100\n|turn|7\n|\n|t:|1700564128\n|move|p2a: Mimikyu|Shadow Claw|p1a: Roserade\n|-damage|p1a: Roserade|46\/100\n|move|p1a: Roserade|Sludge Bomb|p2a: Mimikyu\n|-damage|p2a: Mimikyu|11\/100\n|\n|upkeep\n|turn|8\n|\n|t:|1700564144\n|move|p2a: Mimikyu|Shadow Claw|p1a: Roserade\n|-damage|p1a: Roserade|0 fnt\n|faint|p1a: Roserade\n|\n|upkeep\n|inactive|xiao_qi_awa has 120 seconds left.\n|\n|t:|1700564160\n|switch|p1a: Milotic|Milotic, F|100\/100\n|turn|9\n|inactive|xiao_qi_awa has 120 seconds left.\n|\n|t:|1700564172\n|switch|p2a: Raichu|Raichu, M|100\/100\n|move|p1a: Milotic|Ice Beam|p2a: Raichu\n|-damage|p2a: Raichu|69\/100\n|\n|upkeep\n|turn|10\n|inactive|xiao_qi_awa has 120 seconds left.\n|\n|t:|1700564184\n|switch|p1a: Gastrodon|Gastrodon, F|100\/100\n|move|p2a: Raichu|Thunder|p1a: Gastrodon\n|-immune|p1a: Gastrodon\n|\n|upkeep\n|turn|11\n|inactive|xiao_qi_awa has 120 seconds left.\n|\n|t:|1700564196\n|move|p2a: Raichu|Iron Tail|p1a: Gastrodon|[miss]\n|-miss|p2a: Raichu|p1a: Gastrodon\n|move|p1a: Gastrodon|Earthquake|p2a: Raichu\n|-supereffective|p2a: Raichu\n|-damage|p2a: Raichu|0 fnt\n|faint|p2a: Raichu\n|\n|upkeep\n|\n|t:|1700564204\n|switch|p2a: Mimikyu|Mimikyu-Busted, M|11\/100\n|turn|12\n|\n|t:|1700564215\n|move|p2a: Mimikyu|Wood Hammer|p1a: Gastrodon\n|-supereffective|p1a: Gastrodon\n|-damage|p1a: Gastrodon|0 fnt\n|faint|p1a: Gastrodon\n|-damage|p2a: Mimikyu|0 fnt|[from] Recoil\n|faint|p2a: Mimikyu\n|\n|upkeep\n|\n|t:|1700564231\n|switch|p2a: Incineroar|Incineroar, M|100\/100\n|switch|p1a: Lucario|Lucario, F|100\/100\n|turn|13\n|\n|t:|1700564241\n|detailschange|p1a: Lucario|Lucario-Mega, F\n|-mega|p1a: Lucario|Lucario|Lucarionite\n|move|p1a: Lucario|Focus Blast|p2a: Incineroar\n|-supereffective|p2a: Incineroar\n|-damage|p2a: Incineroar|0 fnt\n|faint|p2a: Incineroar\n|\n|upkeep\n|\n|t:|1700564249\n|switch|p2a: Zeraora|Zeraora|100\/100\n|turn|14\n|\n|t:|1700564258\n|move|p2a: Zeraora|Close Combat|p1a: Lucario\n|-supereffective|p1a: Lucario\n|-damage|p1a: Lucario|3\/100\n|-unboost|p2a: Zeraora|def|1\n|-unboost|p2a: Zeraora|spd|1\n|move|p1a: Lucario|Focus Blast|p2a: Zeraora|[miss]\n|-miss|p1a: Lucario|p2a: Zeraora\n|\n|upkeep\n|turn|15\n|\n|t:|1700564269\n|move|p1a: Lucario|Vacuum Wave|p2a: Zeraora\n|-damage|p2a: Zeraora|33\/100\n|move|p2a: Zeraora|Slash|p1a: Lucario\n|-resisted|p1a: Lucario\n|-damage|p1a: Lucario|0 fnt\n|faint|p1a: Lucario\n|\n|upkeep\n|\n|t:|1700564280\n|switch|p1a: Milotic|Milotic, F|100\/100\n|turn|16\n|\n|t:|1700564288\n|move|p2a: Zeraora|Plasma Fists|p1a: Milotic\n|-supereffective|p1a: Milotic\n|-damage|p1a: Milotic|0 fnt\n|-fieldactivate|move: Ion Deluge\n|-hint|Normal-type moves become Electric-type after using Plasma Fists.\n|faint|p1a: Milotic\n|\n|win|DannLink\n|raw|xiao_qi_awa's rating: 1074 &rarr; <strong>1055<\/strong><br \/>(-19 for losing)\n|raw|DannLink's rating: 1112 &rarr; <strong>1134<\/strong><br \/>(+22 for winning)\n|c|\u2606DannLink|gg\n|l|\u2606xiao_qi_awa\n","uploadtime":1700564315,"views":6,"p1id":"xiaoqiawa","p2id":"dannlink","formatid":"gen9nationaldexubers","rating":1055,"private":0,"password":""}