{"id":"gen9nationaldexubers-1996021925","p1":"dreepy airlines","p2":"Yericky","format":"[Gen 9] National Dex Ubers","log":"|j|\u2606dreepy airlines\n|j|\u2606Yericky\n|t:|1700630691\n|gametype|singles\n|player|p1|dreepy airlines|waitress-gen6|\n|player|p2|Yericky|265|\n|teamsize|p1|6\n|teamsize|p2|6\n|gen|9\n|tier|[Gen 9] National Dex Ubers\n|rule|HP Percentage Mod: HP is shown in percentages\n|rule|Endless Battle Clause: Forcing endless battles is banned\n|rule|OHKO Clause: OHKO moves are banned\n|rule|Evasion Moves Clause: Evasion moves are banned\n|rule|Evasion Items Clause: Evasion items are banned\n|rule|Species Clause: Limit one of each Pok\u00e9mon\n|rule|Sleep Clause Mod: Limit one foe put to sleep\n|rule|Mega Rayquaza Clause: You cannot mega evolve Rayquaza\n|clearpoke\n|poke|p1|Charizard, F|\n|poke|p1|Roaring Moon|\n|poke|p1|Ogerpon-Hearthflame, F|\n|poke|p1|Great Tusk|\n|poke|p1|Hatterene, F|\n|poke|p1|Gholdengo|\n|poke|p2|Tapu Lele|\n|poke|p2|Kartana|\n|poke|p2|Rotom-Heat|\n|poke|p2|Tatsugiri, F|\n|poke|p2|Venusaur, F|\n|poke|p2|Garganacl, M|\n|teampreview\n|inactive|Battle timer is ON: inactive players will automatically lose when time's up. (requested by dreepy airlines)\n|c|\u2606dreepy airlines|oh its food again isnt it\n|c|\u2606Yericky|welcome to the kitchen\n|inactive|dreepy airlines has 270 seconds left.\n|inactive|Yericky has 270 seconds left.\n|c|\u2606dreepy airlines|no tera right?\n|c|\u2606Yericky|yeah\n|c|\u2606Yericky|no tera\n|inactive|Yericky has 240 seconds left.\n|\n|t:|1700630755\n|start\n|switch|p1a: Gholdengo|Gholdengo|100\/100\n|switch|p2a: Venusaur|Venusaur, F|100\/100\n|turn|1\n|\n|t:|1700630778\n|switch|p1a: Charizard|Charizard, F|100\/100\n|detailschange|p2a: Venusaur|Venusaur-Mega, F\n|-mega|p2a: Venusaur|Venusaur|Venusaurite\n|move|p2a: Venusaur|Earth Power|p1a: Charizard\n|-immune|p1a: Charizard\n|\n|upkeep\n|turn|2\n|c|\u2606dreepy airlines|watch the hprock\n|inactive|Yericky has 270 seconds left.\n|\n|t:|1700630809\n|switch|p2a: Rotom|Rotom-Heat|100\/100\n|detailschange|p1a: Charizard|Charizard-Mega-Y, F\n|-mega|p1a: Charizard|Charizard|Charizardite Y\n|-weather|SunnyDay|[from] ability: Drought|[of] p1a: Charizard\n|move|p1a: Charizard|Flamethrower|p2a: Rotom\n|-resisted|p2a: Rotom\n|-damage|p2a: Rotom|57\/100\n|\n|-weather|SunnyDay|[upkeep]\n|upkeep\n|turn|3\n|inactive|Yericky has 270 seconds left.\n|\n|t:|1700630830\n|switch|p1a: Hatterene|Hatterene, F|100\/100\n|move|p2a: Rotom|Volt Switch|p1a: Hatterene\n|-damage|p1a: Hatterene|72\/100\n|-enditem|p1a: Hatterene|Eject Button\n|\n|t:|1700630839\n|switch|p1a: Roaring Moon|Roaring Moon|100\/100\n|-activate|p1a: Roaring Moon|ability: Protosynthesis\n|-start|p1a: Roaring Moon|protosynthesisatk\n|\n|-weather|SunnyDay|[upkeep]\n|upkeep\n|turn|4\n|inactive|Yericky has 270 seconds left.\n|c|\u2606dreepy airlines|no willo\n|\n|t:|1700630859\n|switch|p2a: Garganacl|Garganacl, M|100\/100\n|move|p1a: Roaring Moon|Dragon Dance|p1a: Roaring Moon\n|-boost|p1a: Roaring Moon|atk|1\n|-boost|p1a: Roaring Moon|spe|1\n|\n|-weather|SunnyDay|[upkeep]\n|upkeep\n|turn|5\n|c|\u2606dreepy airlines|dont do it\n|c|\u2606dreepy airlines|phew\n|\n|t:|1700630891\n|move|p1a: Roaring Moon|Earthquake|p2a: Garganacl\n|-supereffective|p2a: Garganacl\n|-damage|p2a: Garganacl|11\/100\n|move|p2a: Garganacl|Salt Cure|p1a: Roaring Moon\n|-damage|p1a: Roaring Moon|81\/100\n|-start|p1a: Roaring Moon|Salt Cure\n|\n|-weather|SunnyDay|[upkeep]\n|-heal|p2a: Garganacl|17\/100|[from] item: Leftovers\n|-damage|p1a: Roaring Moon|69\/100|[from] Salt Cure\n|upkeep\n|turn|6\n|c|\u2606dreepy airlines|surely spd garg isnt running protect\n|inactive|Yericky has 240 seconds left.\n|\n|t:|1700630913\n|move|p2a: Garganacl|Protect|p2a: Garganacl\n|-singleturn|p2a: Garganacl|Protect\n|move|p1a: Roaring Moon|Knock Off|p2a: Garganacl\n|-activate|p2a: Garganacl|move: Protect\n|\n|-weather|none\n|-end|p1a: Roaring Moon|Protosynthesis\n|-heal|p2a: Garganacl|23\/100|[from] item: Leftovers\n|-damage|p1a: Roaring Moon|57\/100|[from] Salt Cure\n|upkeep\n|-enditem|p1a: Roaring Moon|Booster Energy\n|-activate|p1a: Roaring Moon|ability: Protosynthesis|[fromitem]\n|-start|p1a: Roaring Moon|protosynthesisatk\n|turn|7\n|inactive|Yericky has 240 seconds left.\n|c|\u2606dreepy airlines|yuck\n|\n|t:|1700630936\n|switch|p2a: Tatsugiri|Tatsugiri, F|100\/100\n|move|p1a: Roaring Moon|Knock Off|p2a: Tatsugiri\n|-damage|p2a: Tatsugiri|0 fnt\n|-enditem|p2a: Tatsugiri|Heavy-Duty Boots|[from] move: Knock Off|[of] p1a: Roaring Moon\n|faint|p2a: Tatsugiri\n|\n|-damage|p1a: Roaring Moon|45\/100|[from] Salt Cure\n|upkeep\n|\n|t:|1700630939\n|switch|p2a: Venusaur|Venusaur-Mega, F|100\/100\n|turn|8\n|inactive|Yericky has 240 seconds left.\n|\n|t:|1700630945\n|move|p1a: Roaring Moon|Dragon Claw|p2a: Venusaur\n|-damage|p2a: Venusaur|48\/100\n|move|p2a: Venusaur|Leech Seed|p1a: Roaring Moon\n|-start|p1a: Roaring Moon|move: Leech Seed\n|\n|-damage|p1a: Roaring Moon|32\/100|[from] Leech Seed|[of] p2a: Venusaur\n|-heal|p2a: Venusaur|60\/100|[silent]\n|-damage|p1a: Roaring Moon|20\/100|[from] Salt Cure\n|upkeep\n|turn|9\n|\n|t:|1700630951\n|move|p1a: Roaring Moon|Dragon Dance|p1a: Roaring Moon\n|-boost|p1a: Roaring Moon|atk|1\n|-boost|p1a: Roaring Moon|spe|1\n|move|p2a: Venusaur|Synthesis|p2a: Venusaur\n|-heal|p2a: Venusaur|100\/100\n|\n|-damage|p1a: Roaring Moon|8\/100|[from] Leech Seed|[of] p2a: Venusaur\n|-damage|p1a: Roaring Moon|0 fnt|[from] Salt Cure\n|faint|p1a: Roaring Moon\n|-end|p1a: Roaring Moon|Protosynthesis|[silent]\n|upkeep\n|c|\u2606dreepy airlines|oh im bad\n|\n|t:|1700630958\n|switch|p1a: Charizard|Charizard-Mega-Y, F|100\/100\n|-weather|SunnyDay|[from] ability: Drought|[of] p1a: Charizard\n|turn|10\n|c|\u2606Yericky|lol\n|c|\u2606Yericky|feel that\n|\n|t:|1700630966\n|move|p1a: Charizard|Flamethrower|p2a: Venusaur\n|-supereffective|p2a: Venusaur\n|-damage|p2a: Venusaur|38\/100\n|move|p2a: Venusaur|Leech Seed|p1a: Charizard\n|-start|p1a: Charizard|move: Leech Seed\n|\n|-weather|SunnyDay|[upkeep]\n|-damage|p1a: Charizard|88\/100|[from] Leech Seed|[of] p2a: Venusaur\n|-heal|p2a: Venusaur|48\/100|[silent]\n|upkeep\n|turn|11\n|\n|t:|1700630973\n|switch|p2a: Rotom|Rotom-Heat|57\/100\n|move|p1a: Charizard|Flamethrower|p2a: Rotom\n|-resisted|p2a: Rotom\n|-damage|p2a: Rotom|11\/100\n|\n|-weather|SunnyDay|[upkeep]\n|-damage|p1a: Charizard|76\/100|[from] Leech Seed|[of] p2a: Rotom\n|-heal|p2a: Rotom|23\/100|[silent]\n|upkeep\n|turn|12\n|inactive|Yericky has 240 seconds left.\n|\n|t:|1700631018\n|switch|p1a: Hatterene|Hatterene, F|72\/100\n|move|p2a: Rotom|Volt Switch|p1a: Hatterene\n|-damage|p1a: Hatterene|46\/100\n|c|\u2606dreepy airlines|26 is like\n|c|\u2606dreepy airlines|not scarf damage\n|inactive|Yericky has 210 seconds left.\n|\n|t:|1700631049\n|switch|p2a: Kartana|Kartana|100\/100|[from] Volt Switch\n|\n|-weather|SunnyDay|[upkeep]\n|upkeep\n|turn|13\n|inactive|Yericky has 210 seconds left.\n|\n|t:|1700631074\n|move|p2a: Kartana|Leaf Blade|p1a: Hatterene\n|-damage|p1a: Hatterene|0 fnt\n|faint|p1a: Hatterene\n|-ability|p2a: Kartana|Beast Boost|boost\n|-boost|p2a: Kartana|atk|1\n|\n|-weather|SunnyDay|[upkeep]\n|upkeep\n|\n|t:|1700631083\n|switch|p1a: Ogerpon|Ogerpon-Hearthflame, F|100\/100\n|-ability|p1a: Ogerpon|Mold Breaker\n|turn|14\n|inactive|Yericky has 210 seconds left.\n|\n|t:|1700631093\n|switch|p2a: Rotom|Rotom-Heat|23\/100\n|move|p1a: Ogerpon|Ivy Cudgel|p2a: Rotom|[anim] Ivy Cudgel Fire\n|-resisted|p2a: Rotom\n|-damage|p2a: Rotom|0 fnt\n|faint|p2a: Rotom\n|\n|-weather|none\n|upkeep\n|\n|t:|1700631095\n|switch|p2a: Venusaur|Venusaur-Mega, F|48\/100\n|turn|15\n|\n|t:|1700631103\n|move|p1a: Ogerpon|Ivy Cudgel|p2a: Venusaur|[anim] Ivy Cudgel Fire\n|-supereffective|p2a: Venusaur\n|-crit|p2a: Venusaur\n|-damage|p2a: Venusaur|0 fnt\n|faint|p2a: Venusaur\n|\n|upkeep\n|\n|t:|1700631105\n|switch|p2a: Garganacl|Garganacl, M|23\/100\n|turn|16\n|\n|t:|1700631110\n|move|p2a: Garganacl|Protect|p2a: Garganacl\n|-singleturn|p2a: Garganacl|Protect\n|move|p1a: Ogerpon|Horn Leech|p2a: Garganacl\n|-activate|p2a: Garganacl|move: Protect\n|\n|-heal|p2a: Garganacl|29\/100|[from] item: Leftovers\n|upkeep\n|turn|17\n|inactive|Yericky has 240 seconds left.\n|\n|t:|1700631139\n|move|p1a: Ogerpon|Horn Leech|p2a: Garganacl\n|-supereffective|p2a: Garganacl\n|-damage|p2a: Garganacl|0 fnt\n|faint|p2a: Garganacl\n|\n|upkeep\n|\n|t:|1700631141\n|switch|p2a: Tapu Lele|Tapu Lele|100\/100\n|-fieldstart|move: Psychic Terrain|[from] ability: Psychic Surge|[of] p2a: Tapu Lele\n|turn|18\n|\n|t:|1700631165\n|move|p1a: Ogerpon|Knock Off|p2a: Tapu Lele\n|-damage|p2a: Tapu Lele|41\/100\n|-enditem|p2a: Tapu Lele|Choice Specs|[from] move: Knock Off|[of] p1a: Ogerpon\n|move|p2a: Tapu Lele|Psychic|p1a: Ogerpon\n|-damage|p1a: Ogerpon|22\/100\n|\n|upkeep\n|turn|19\n|c|\u2606Yericky|im very much dicked here\n|c|\u2606dreepy airlines|thats a word for it\n|\n|t:|1700631177\n|move|p1a: Ogerpon|Ivy Cudgel|p2a: Tapu Lele|[anim] Ivy Cudgel Fire\n|-damage|p2a: Tapu Lele|0 fnt\n|faint|p2a: Tapu Lele\n|\n|upkeep\n|\n|t:|1700631181\n|switch|p2a: Kartana|Kartana|100\/100\n|turn|20\n|\n|t:|1700631188\n|move|p2a: Kartana|Knock Off|p1a: Ogerpon\n|-damage|p1a: Ogerpon|0 fnt\n|faint|p1a: Ogerpon\n|-ability|p2a: Kartana|Beast Boost|boost\n|-boost|p2a: Kartana|atk|1\n|\n|upkeep\n|c|\u2606Yericky|tusk infinite crit?\n|\n|t:|1700631211\n|switch|p1a: Great Tusk|Great Tusk|100\/100\n|turn|21\n|\n|t:|1700631215\n|move|p2a: Kartana|Knock Off|p1a: Great Tusk\n|-resisted|p1a: Great Tusk\n|-damage|p1a: Great Tusk|79\/100\n|-enditem|p1a: Great Tusk|Heavy-Duty Boots|[from] move: Knock Off|[of] p2a: Kartana\n|move|p1a: Great Tusk|Close Combat|p2a: Kartana\n|-supereffective|p2a: Kartana\n|-crit|p2a: Kartana\n|-damage|p2a: Kartana|0 fnt\n|-unboost|p1a: Great Tusk|def|1\n|-unboost|p1a: Great Tusk|spd|1\n|faint|p2a: Kartana\n|\n|win|dreepy airlines\n|c|\u2606Yericky|gg\n|c|\u2606dreepy airlines|gg\n|l|\u2606dreepy airlines\n","uploadtime":1700631237,"views":4,"p1id":"dreepyairlines","p2id":"yericky","formatid":"gen9nationaldexubers","rating":0,"private":0,"password":""}