{"id":"gen9nationaldexubers-1984463584","p1":"85792195wwww","p2":"mega qy","format":"[Gen 9] National Dex Ubers","log":"|j|\u203d85792195wwww\n|j|\u2606mega qy\n|t:|1699267853\n|gametype|singles\n|player|p1|85792195wwww|mira|1887\n|player|p2|mega qy|lusamine-nihilego|1754\n|teamsize|p1|6\n|teamsize|p2|6\n|gen|9\n|tier|[Gen 9] National Dex Ubers\n|rated|\n|rule|HP Percentage Mod: HP is shown in percentages\n|rule|Endless Battle Clause: Forcing endless battles is banned\n|rule|OHKO Clause: OHKO moves are banned\n|rule|Evasion Moves Clause: Evasion moves are banned\n|rule|Evasion Items Clause: Evasion items are banned\n|rule|Species Clause: Limit one of each Pok\u00e9mon\n|rule|Sleep Clause Mod: Limit one foe put to sleep\n|rule|Mega Rayquaza Clause: You cannot mega evolve Rayquaza\n|clearpoke\n|poke|p1|Arceus|\n|poke|p1|Xerneas-*|\n|poke|p1|Groudon|\n|poke|p1|Zacian-*|\n|poke|p1|Samurott-Hisui, F|\n|poke|p1|Rayquaza|\n|poke|p2|Hatterene, F|\n|poke|p2|Calyrex-Ice|\n|poke|p2|Arceus|\n|poke|p2|Cresselia, F|\n|poke|p2|Melmetal|\n|poke|p2|Groudon|\n|teampreview\n|inactive|Battle timer is ON: inactive players will automatically lose when time's up. (requested by mega qy)\n|\n|t:|1699267865\n|start\n|switch|p1a: Samurott|Samurott-Hisui, F|100\/100\n|switch|p2a: \u9752\u6625\u97f3\u7bb1\u87c0\u4e0d\u4f1a\u68a6\u89c1\u9b54\u5973\u5b66\u59d0|Hatterene, F, shiny|100\/100\n|turn|1\n|\n|t:|1699267871\n|move|p1a: Samurott|Ceaseless Edge|p2a: \u9752\u6625\u97f3\u7bb1\u87c0\u4e0d\u4f1a\u68a6\u89c1\u9b54\u5973\u5b66\u59d0\n|-damage|p2a: \u9752\u6625\u97f3\u7bb1\u87c0\u4e0d\u4f1a\u68a6\u89c1\u9b54\u5973\u5b66\u59d0|42\/100\n|-sidestart|p2: mega qy|Spikes\n|move|p2a: \u9752\u6625\u97f3\u7bb1\u87c0\u4e0d\u4f1a\u68a6\u89c1\u9b54\u5973\u5b66\u59d0|Trick Room|p2a: \u9752\u6625\u97f3\u7bb1\u87c0\u4e0d\u4f1a\u68a6\u89c1\u9b54\u5973\u5b66\u59d0\n|-fieldstart|move: Trick Room|[of] p2a: \u9752\u6625\u97f3\u7bb1\u87c0\u4e0d\u4f1a\u68a6\u89c1\u9b54\u5973\u5b66\u59d0\n|\n|upkeep\n|turn|2\n|\n|t:|1699267878\n|switch|p1a: Xerneas|Xerneas|100\/100\n|-ability|p1a: Xerneas|Fairy Aura\n|move|p2a: \u9752\u6625\u97f3\u7bb1\u87c0\u4e0d\u4f1a\u68a6\u89c1\u9b54\u5973\u5b66\u59d0|Misty Explosion|p1a: Xerneas\n|-damage|p1a: Xerneas|32\/100\n|faint|p2a: \u9752\u6625\u97f3\u7bb1\u87c0\u4e0d\u4f1a\u68a6\u89c1\u9b54\u5973\u5b66\u59d0\n|\n|upkeep\n|\n|t:|1699267881\n|switch|p2a: \u6211\u8981\u51b0\u5c01\u8fd9\u4e2a\u4e16\u754c|Calyrex-Ice|100\/100\n|-ability|p2a: \u6211\u8981\u51b0\u5c01\u8fd9\u4e2a\u4e16\u754c|As One\n|-ability|p2a: \u6211\u8981\u51b0\u5c01\u8fd9\u4e2a\u4e16\u754c|Unnerve\n|-damage|p2a: \u6211\u8981\u51b0\u5c01\u8fd9\u4e2a\u4e16\u754c|88\/100|[from] Spikes\n|turn|3\n|\n|t:|1699267894\n|switch|p1a: Zacian|Zacian-Crowned|100\/100\n|-ability|p1a: Zacian|Intrepid Sword|boost\n|-boost|p1a: Zacian|atk|1\n|-terastallize|p2a: \u6211\u8981\u51b0\u5c01\u8fd9\u4e2a\u4e16\u754c|Ice\n|move|p2a: \u6211\u8981\u51b0\u5c01\u8fd9\u4e2a\u4e16\u754c|Icicle Spear|p1a: Zacian\n|-resisted|p1a: Zacian\n|-damage|p1a: Zacian|85\/100\n|-resisted|p1a: Zacian\n|-damage|p1a: Zacian|68\/100\n|-resisted|p1a: Zacian\n|-damage|p1a: Zacian|52\/100\n|-resisted|p1a: Zacian\n|-damage|p1a: Zacian|37\/100\n|-hitcount|p1a: Zacian|4\n|\n|upkeep\n|turn|4\n|\n|t:|1699267915\n|move|p2a: \u6211\u8981\u51b0\u5c01\u8fd9\u4e2a\u4e16\u754c|Icicle Spear|p1a: Zacian\n|-resisted|p1a: Zacian\n|-damage|p1a: Zacian|20\/100\n|-resisted|p1a: Zacian\n|-damage|p1a: Zacian|3\/100\n|-resisted|p1a: Zacian\n|-damage|p1a: Zacian|0 fnt\n|faint|p1a: Zacian\n|-ability|p2a: \u6211\u8981\u51b0\u5c01\u8fd9\u4e2a\u4e16\u754c|Chilling Neigh|boost\n|-boost|p2a: \u6211\u8981\u51b0\u5c01\u8fd9\u4e2a\u4e16\u754c|atk|1\n|-hitcount|p1: Zacian|3\n|\n|upkeep\n|\n|t:|1699267928\n|switch|p1a: Samurott|Samurott-Hisui, F|100\/100\n|turn|5\n|\n|t:|1699267933\n|move|p2a: \u6211\u8981\u51b0\u5c01\u8fd9\u4e2a\u4e16\u754c|Icicle Spear|p1a: Samurott\n|-resisted|p1a: Samurott\n|-damage|p1a: Samurott|69\/100\n|-resisted|p1a: Samurott\n|-damage|p1a: Samurott|36\/100\n|-hitcount|p1a: Samurott|2\n|move|p1a: Samurott|Ceaseless Edge|p2a: \u6211\u8981\u51b0\u5c01\u8fd9\u4e2a\u4e16\u754c\n|-damage|p2a: \u6211\u8981\u51b0\u5c01\u8fd9\u4e2a\u4e16\u754c|60\/100\n|-sidestart|p2: mega qy|Spikes\n|\n|-fieldend|move: Trick Room\n|upkeep\n|turn|6\n|\n|t:|1699267944\n|move|p1a: Samurott|Encore|p2a: \u6211\u8981\u51b0\u5c01\u8fd9\u4e2a\u4e16\u754c\n|-start|p2a: \u6211\u8981\u51b0\u5c01\u8fd9\u4e2a\u4e16\u754c|Encore\n|move|p2a: \u6211\u8981\u51b0\u5c01\u8fd9\u4e2a\u4e16\u754c|Icicle Spear|p1a: Samurott\n|-resisted|p1a: Samurott\n|-damage|p1a: Samurott|5\/100\n|-resisted|p1a: Samurott\n|-crit|p1a: Samurott\n|-damage|p1a: Samurott|0 fnt\n|faint|p1a: Samurott\n|-ability|p2a: \u6211\u8981\u51b0\u5c01\u8fd9\u4e2a\u4e16\u754c|Chilling Neigh|boost\n|-boost|p2a: \u6211\u8981\u51b0\u5c01\u8fd9\u4e2a\u4e16\u754c|atk|1\n|-hitcount|p1: Samurott|2\n|\n|upkeep\n|\n|t:|1699267954\n|switch|p1a: Rayquaza|Rayquaza|100\/100\n|-ability|p1a: Rayquaza|Air Lock\n|turn|7\n|\n|t:|1699267960\n|switch|p2a: \u8fd9\u4e2a\u4e16\u754c\u5371\u5728\u65e6\u5915|Groudon|100\/100\n|-damage|p2a: \u8fd9\u4e2a\u4e16\u754c\u5371\u5728\u65e6\u5915|84\/100|[from] Spikes\n|detailschange|p2a: \u8fd9\u4e2a\u4e16\u754c\u5371\u5728\u65e6\u5915|Groudon-Primal\n|-primal|p2a: \u8fd9\u4e2a\u4e16\u754c\u5371\u5728\u65e6\u5915|Red Orb\n|-weather|DesolateLand|[from] ability: Desolate Land|[of] p2a: \u8fd9\u4e2a\u4e16\u754c\u5371\u5728\u65e6\u5915\n|-terastallize|p1a: Rayquaza|Flying\n|move|p1a: Rayquaza|Dragon Ascent|p2a: \u8fd9\u4e2a\u4e16\u754c\u5371\u5728\u65e6\u5915\n|-damage|p2a: \u8fd9\u4e2a\u4e16\u754c\u5371\u5728\u65e6\u5915|0 fnt\n|-unboost|p1a: Rayquaza|def|1\n|-unboost|p1a: Rayquaza|spd|1\n|faint|p2a: \u8fd9\u4e2a\u4e16\u754c\u5371\u5728\u65e6\u5915\n|-weather|none\n|\n|upkeep\n|\n|t:|1699267965\n|switch|p2a: \u6700\u5f3a\u6218\u795e\u5b99\u65af|Arceus|100\/100\n|-damage|p2a: \u6700\u5f3a\u6218\u795e\u5b99\u65af|84\/100|[from] Spikes\n|turn|8\n|\n|t:|1699267978\n|move|p1a: Rayquaza|Dragon Ascent|p2a: \u6700\u5f3a\u6218\u795e\u5b99\u65af\n|-damage|p2a: \u6700\u5f3a\u6218\u795e\u5b99\u65af|12\/100\n|-unboost|p1a: Rayquaza|def|1\n|-unboost|p1a: Rayquaza|spd|1\n|move|p2a: \u6700\u5f3a\u6218\u795e\u5b99\u65af|Trick Room|p2a: \u6700\u5f3a\u6218\u795e\u5b99\u65af\n|-fieldstart|move: Trick Room|[of] p2a: \u6700\u5f3a\u6218\u795e\u5b99\u65af\n|\n|upkeep\n|turn|9\n|\n|t:|1699267985\n|move|p2a: \u6700\u5f3a\u6218\u795e\u5b99\u65af|Healing Wish|p2a: \u6700\u5f3a\u6218\u795e\u5b99\u65af\n|faint|p2a: \u6700\u5f3a\u6218\u795e\u5b99\u65af\n|move|p1a: Rayquaza|Dragon Ascent|p2: \u6700\u5f3a\u6218\u795e\u5b99\u65af|[notarget]\n|-fail|p1a: Rayquaza\n|\n|upkeep\n|\n|t:|1699267988\n|switch|p2a: \u6211\u8981\u51b0\u5c01\u8fd9\u4e2a\u4e16\u754c|Calyrex-Ice, tera:Ice|60\/100\n|-ability|p2a: \u6211\u8981\u51b0\u5c01\u8fd9\u4e2a\u4e16\u754c|As One\n|-ability|p2a: \u6211\u8981\u51b0\u5c01\u8fd9\u4e2a\u4e16\u754c|Unnerve\n|-heal|p2a: \u6211\u8981\u51b0\u5c01\u8fd9\u4e2a\u4e16\u754c|100\/100|[from] move: Healing Wish\n|-damage|p2a: \u6211\u8981\u51b0\u5c01\u8fd9\u4e2a\u4e16\u754c|84\/100|[from] Spikes\n|turn|10\n|\n|t:|1699268002\n|switch|p1a: Xerneas|Xerneas|32\/100\n|-ability|p1a: Xerneas|Fairy Aura\n|move|p2a: \u6211\u8981\u51b0\u5c01\u8fd9\u4e2a\u4e16\u754c|Glacial Lance|p1a: Xerneas\n|-damage|p1a: Xerneas|0 fnt\n|faint|p1a: Xerneas\n|-ability|p2a: \u6211\u8981\u51b0\u5c01\u8fd9\u4e2a\u4e16\u754c|Chilling Neigh|boost\n|-boost|p2a: \u6211\u8981\u51b0\u5c01\u8fd9\u4e2a\u4e16\u754c|atk|1\n|\n|upkeep\n|\n|t:|1699268013\n|switch|p1a: Groudon|Groudon|100\/100\n|detailschange|p1a: Groudon|Groudon-Primal\n|-primal|p1a: Groudon|Red Orb\n|-weather|DesolateLand|[from] ability: Desolate Land|[of] p1a: Groudon\n|turn|11\n|\n|t:|1699268019\n|move|p2a: \u6211\u8981\u51b0\u5c01\u8fd9\u4e2a\u4e16\u754c|Glacial Lance|p1a: Groudon\n|-damage|p1a: Groudon|0 fnt\n|faint|p1a: Groudon\n|-weather|none\n|-ability|p2a: \u6211\u8981\u51b0\u5c01\u8fd9\u4e2a\u4e16\u754c|Chilling Neigh|boost\n|-boost|p2a: \u6211\u8981\u51b0\u5c01\u8fd9\u4e2a\u4e16\u754c|atk|1\n|\n|upkeep\n|-message|85792195wwww forfeited.\n|\n|win|mega qy\n|raw|85792195wwww's rating: 1887 &rarr; <strong>1860<\/strong><br \/>(-27 for losing)\n|raw|mega qy's rating: 1754 &rarr; <strong>1781<\/strong><br \/>(+27 for winning)\n|l|\u203d85792195wwww\n|l|\u2606mega qy\n","uploadtime":1699268117,"views":6,"p1id":"85792195wwww","p2id":"megaqy","formatid":"gen9nationaldexubers","rating":1781,"private":0,"password":""}