{"id":"gen9nationaldexubers-1982759035","p1":"sandsword","p2":"Slumpyboocus","format":"[Gen 9] National Dex Ubers","log":"|j|\u2606sandsword\n|j|\u2606Slumpyboocus\n|t:|1699042177\n|gametype|singles\n|player|p1|sandsword|barry|\n|player|p2|Slumpyboocus|ash|\n|teamsize|p1|6\n|teamsize|p2|6\n|gen|9\n|tier|[Gen 9] National Dex Ubers\n|rule|HP Percentage Mod: HP is shown in percentages\n|rule|Endless Battle Clause: Forcing endless battles is banned\n|rule|OHKO Clause: OHKO moves are banned\n|rule|Evasion Moves Clause: Evasion moves are banned\n|rule|Evasion Items Clause: Evasion items are banned\n|rule|Species Clause: Limit one of each Pok\u00e9mon\n|rule|Sleep Clause Mod: Limit one foe put to sleep\n|rule|Mega Rayquaza Clause: You cannot mega evolve Rayquaza\n|clearpoke\n|poke|p1|Excadrill, M|\n|poke|p1|Moltres|\n|poke|p1|Nihilego|\n|poke|p1|Sandy Shocks|\n|poke|p1|Rillaboom, F|\n|poke|p1|Samurott-Hisui, F|\n|poke|p2|Baxcalibur, F|\n|poke|p2|Heatran, M|\n|poke|p2|Scream Tail|\n|poke|p2|Roaring Moon|\n|poke|p2|Zarude-Dada|\n|poke|p2|Mimikyu, F|\n|teampreview\n|\n|t:|1699042196\n|start\n|switch|p1a: Nihilego|Nihilego|100\/100\n|switch|p2a: Pappy|Mimikyu, F, shiny|100\/100\n|turn|1\n|\n|t:|1699042212\n|move|p2a: Pappy|Swords Dance|p2a: Pappy\n|-boost|p2a: Pappy|atk|2\n|move|p1a: Nihilego|Sludge Wave|p2a: Pappy\n|-activate|p2a: Pappy|ability: Disguise\n|-damage|p2a: Pappy|100\/100\n|detailschange|p2a: Pappy|Mimikyu-Busted, F, shiny\n|-damage|p2a: Pappy|88\/100|[from] pokemon: Mimikyu-Busted\n|\n|-heal|p2a: Pappy|94\/100|[from] item: Leftovers\n|upkeep\n|turn|2\n|\n|t:|1699042241\n|switch|p1a: Moltres|Moltres|100\/100\n|move|p2a: Pappy|Drain Punch|p1a: Moltres\n|-resisted|p1a: Moltres\n|-damage|p1a: Moltres|82\/100\n|-heal|p2a: Pappy|100\/100|[from] drain|[of] p1a: Moltres\n|-status|p2a: Pappy|brn|[from] ability: Flame Body|[of] p1a: Moltres\n|\n|-damage|p2a: Pappy|95\/100 brn|[from] brn\n|upkeep\n|turn|3\n|\n|t:|1699042258\n|move|p2a: Pappy|Swords Dance|p2a: Pappy\n|-boost|p2a: Pappy|atk|2\n|move|p1a: Moltres|U-turn|p2a: Pappy\n|-resisted|p2a: Pappy\n|-crit|p2a: Pappy\n|-damage|p2a: Pappy|85\/100 brn\n|\n|t:|1699042278\n|switch|p1a: Excadrill|Excadrill, M|100\/100|[from] U-turn\n|-ability|p1a: Excadrill|Mold Breaker\n|\n|-heal|p2a: Pappy|91\/100 brn|[from] item: Leftovers\n|-damage|p2a: Pappy|85\/100 brn|[from] brn\n|upkeep\n|turn|4\n|\n|t:|1699042287\n|move|p2a: Pappy|Drain Punch|p1a: Excadrill\n|-supereffective|p1a: Excadrill\n|-damage|p1a: Excadrill|19\/100\n|-heal|p2a: Pappy|100\/100 brn|[from] drain|[of] p1a: Excadrill\n|move|p1a: Excadrill|Iron Head|p2a: Pappy\n|-supereffective|p2a: Pappy\n|-damage|p2a: Pappy|0 fnt\n|faint|p2a: Pappy\n|\n|upkeep\n|\n|t:|1699042305\n|switch|p2a: Dada|Zarude-Dada|100\/100\n|turn|5\n|\n|t:|1699042328\n|switch|p1a: Moltres|Moltres|82\/100\n|move|p2a: Dada|Rock Slide|p1a: Moltres\n|-supereffective|p1a: Moltres\n|-damage|p1a: Moltres|0 fnt\n|faint|p1a: Moltres\n|\n|upkeep\n|\n|t:|1699042338\n|switch|p1a: Edge Lord|Samurott-Hisui, F|100\/100\n|turn|6\n|\n|t:|1699042345\n|switch|p2a: Papa|Scream Tail|100\/100\n|move|p1a: Edge Lord|Sacred Sword|p2a: Papa\n|-resisted|p2a: Papa\n|-damage|p2a: Papa|92\/100\n|\n|upkeep\n|turn|7\n|\n|t:|1699042354\n|switch|p1a: Nihilego|Nihilego|100\/100\n|move|p2a: Papa|Reflect|p2a: Papa\n|-sidestart|p2: Slumpyboocus|Reflect\n|\n|upkeep\n|turn|8\n|\n|t:|1699042360\n|move|p2a: Papa|Light Screen|p2a: Papa\n|-sidestart|p2: Slumpyboocus|move: Light Screen\n|move|p1a: Nihilego|Sludge Wave|p2a: Papa\n|-supereffective|p2a: Papa\n|-damage|p2a: Papa|57\/100\n|\n|upkeep\n|turn|9\n|\n|t:|1699042369\n|move|p2a: Papa|Wish|p2a: Papa\n|move|p1a: Nihilego|Power Gem|p2a: Papa\n|-damage|p2a: Papa|41\/100\n|\n|upkeep\n|turn|10\n|\n|t:|1699042377\n|-end|p2a: Papa|Protosynthesis|[silent]\n|switch|p2a: Daddy|Baxcalibur, F|100\/100\n|move|p1a: Nihilego|Sludge Wave|p2a: Daddy\n|-damage|p2a: Daddy|71\/100\n|\n|-heal|p2a: Daddy|100\/100|[from] move: Wish|[wisher] Papa\n|upkeep\n|turn|11\n|\n|t:|1699042386\n|move|p1a: Nihilego|Power Gem|p2a: Daddy\n|-supereffective|p2a: Daddy\n|-damage|p2a: Daddy|57\/100\n|move|p2a: Daddy|Dragon Dance|p2a: Daddy\n|-boost|p2a: Daddy|atk|1\n|-boost|p2a: Daddy|spe|1\n|\n|upkeep\n|turn|12\n|\n|t:|1699042398\n|move|p2a: Daddy|Earthquake|p1a: Nihilego\n|-supereffective|p1a: Nihilego\n|-damage|p1a: Nihilego|0 fnt\n|faint|p1a: Nihilego\n|\n|upkeep\n|\n|t:|1699042416\n|switch|p1a: Sandy Shocks|Sandy Shocks|100\/100\n|turn|13\n|\n|t:|1699042419\n|move|p2a: Daddy|Earthquake|p1a: Sandy Shocks\n|-supereffective|p1a: Sandy Shocks\n|-damage|p1a: Sandy Shocks|0 fnt\n|faint|p1a: Sandy Shocks\n|-end|p1a: Sandy Shocks|Protosynthesis|[silent]\n|\n|upkeep\n|\n|t:|1699042433\n|switch|p1a: Rillaboom|Rillaboom, F|100\/100\n|-fieldstart|move: Grassy Terrain|[from] ability: Grassy Surge|[of] p1a: Rillaboom\n|turn|14\n|j| CryAndComplain23\n|\n|t:|1699042441\n|move|p2a: Daddy|Glaive Rush|p1a: Rillaboom\n|-crit|p1a: Rillaboom\n|-damage|p1a: Rillaboom|0 fnt\n|-singlemove|p2a: Daddy|Glaive Rush|[silent]\n|faint|p1a: Rillaboom\n|\n|-heal|p2a: Daddy|63\/100|[from] Grassy Terrain\n|-sideend|p2: Slumpyboocus|Reflect\n|upkeep\n|l| CryAndComplain23\n|\n|t:|1699042454\n|switch|p1a: Excadrill|Excadrill, M|19\/100\n|-ability|p1a: Excadrill|Mold Breaker\n|turn|15\n|\n|t:|1699042458\n|move|p2a: Daddy|Earthquake|p1a: Excadrill\n|-supereffective|p1a: Excadrill\n|-damage|p1a: Excadrill|0 fnt\n|faint|p1a: Excadrill\n|\n|-heal|p2a: Daddy|69\/100|[from] Grassy Terrain\n|-sideend|p2: Slumpyboocus|move: Light Screen\n|upkeep\n|\n|t:|1699042460\n|switch|p1a: Edge Lord|Samurott-Hisui, F|100\/100\n|turn|16\n|\n|t:|1699042465\n|move|p1a: Edge Lord|Sacred Sword|p2a: Daddy\n|-supereffective|p2a: Daddy\n|-damage|p2a: Daddy|0 fnt\n|faint|p2a: Daddy\n|\n|upkeep\n|\n|t:|1699042471\n|switch|p2a: Papa|Scream Tail|41\/100\n|turn|17\n|\n|t:|1699042475\n|move|p1a: Edge Lord|Sacred Sword|p2a: Papa\n|-resisted|p2a: Papa\n|-damage|p2a: Papa|33\/100\n|move|p2a: Papa|Reflect|p2a: Papa\n|-sidestart|p2: Slumpyboocus|Reflect\n|\n|-heal|p2a: Papa|40\/100|[from] Grassy Terrain\n|upkeep\n|turn|18\n|\n|t:|1699042482\n|move|p1a: Edge Lord|Sacred Sword|p2a: Papa\n|-resisted|p2a: Papa\n|-damage|p2a: Papa|36\/100\n|move|p2a: Papa|Wish|p2a: Papa\n|\n|-heal|p2a: Papa|42\/100|[from] Grassy Terrain\n|-fieldend|move: Grassy Terrain\n|upkeep\n|turn|19\n|\n|t:|1699042488\n|move|p1a: Edge Lord|Sacred Sword|p2a: Papa\n|-resisted|p2a: Papa\n|-damage|p2a: Papa|38\/100\n|move|p2a: Papa|Play Rough|p1a: Edge Lord\n|-supereffective|p1a: Edge Lord\n|-damage|p1a: Edge Lord|44\/100\n|-unboost|p1a: Edge Lord|atk|1\n|\n|-heal|p2a: Papa|88\/100|[from] move: Wish|[wisher] Papa\n|upkeep\n|turn|20\n|\n|t:|1699042497\n|move|p1a: Edge Lord|Sacred Sword|p2a: Papa\n|-resisted|p2a: Papa\n|-damage|p2a: Papa|86\/100\n|move|p2a: Papa|Play Rough|p1a: Edge Lord\n|-supereffective|p1a: Edge Lord\n|-damage|p1a: Edge Lord|0 fnt\n|faint|p1a: Edge Lord\n|\n|win|Slumpyboocus\n|j| CryAndComplain23\n|c|\u2606sandsword|gg\n|c|\u2606Slumpyboocus|gg\n","uploadtime":1699042508,"views":16,"p1id":"sandsword","p2id":"slumpyboocus","formatid":"gen9nationaldexubers","rating":0,"private":0,"password":""}