{"id":"gen9nationaldexubers-2000035878","p1":"kapithedumdum","p2":"Swankon","format":"[Gen 9] National Dex Ubers","log":"|j|\u2606kapithedumdum\n|j|\u2606Swankon\n|t:|1701144110\n|gametype|singles\n|player|p1|kapithedumdum|265|1355\n|player|p2|Swankon|iris|1481\n|teamsize|p1|6\n|teamsize|p2|6\n|gen|9\n|tier|[Gen 9] National Dex Ubers\n|rated|\n|rule|HP Percentage Mod: HP is shown in percentages\n|rule|Endless Battle Clause: Forcing endless battles is banned\n|rule|OHKO Clause: OHKO moves are banned\n|rule|Evasion Moves Clause: Evasion moves are banned\n|rule|Evasion Items Clause: Evasion items are banned\n|rule|Species Clause: Limit one of each Pok\u00e9mon\n|rule|Sleep Clause Mod: Limit one foe put to sleep\n|rule|Mega Rayquaza Clause: You cannot mega evolve Rayquaza\n|clearpoke\n|poke|p1|Kyogre|\n|poke|p1|Ho-Oh|\n|poke|p1|Ferrothorn, M|\n|poke|p1|Zacian-*|\n|poke|p1|Ribombee, F|\n|poke|p1|Eternatus|\n|poke|p2|Marshadow|\n|poke|p2|Minior|\n|poke|p2|Shuckle, F|\n|poke|p2|Blaziken, M|\n|poke|p2|Greninja-*, M|\n|poke|p2|Garchomp, M|\n|teampreview\n|inactive|Battle timer is ON: inactive players will automatically lose when time's up. (requested by kapithedumdum)\n|\n|t:|1701144117\n|start\n|switch|p1a: Ribombee|Ribombee, F|100\/100\n|switch|p2a: Blaziken|Blaziken, M|100\/100\n|turn|1\n|\n|t:|1701144122\n|detailschange|p2a: Blaziken|Blaziken-Mega, M\n|-mega|p2a: Blaziken|Blaziken|Blazikenite\n|move|p1a: Ribombee|Sticky Web|p2a: Blaziken\n|-sidestart|p2: Swankon|move: Sticky Web\n|move|p2a: Blaziken|Blaze Kick|p1a: Ribombee\n|-supereffective|p1a: Ribombee\n|-enditem|p1a: Ribombee|Focus Sash\n|-damage|p1a: Ribombee|1\/100\n|\n|-ability|p2a: Blaziken|Speed Boost|boost\n|-boost|p2a: Blaziken|spe|1\n|upkeep\n|turn|2\n|\n|t:|1701144128\n|move|p2a: Blaziken|Blaze Kick|p1a: Ribombee\n|-supereffective|p1a: Ribombee\n|-damage|p1a: Ribombee|0 fnt\n|faint|p1a: Ribombee\n|\n|-ability|p2a: Blaziken|Speed Boost|boost\n|-boost|p2a: Blaziken|spe|1\n|upkeep\n|\n|t:|1701144138\n|switch|p1a: Ho-Oh|Ho-Oh|100\/100\n|turn|3\n|\n|t:|1701144144\n|switch|p2a: Shuckle|Shuckle, F, shiny|100\/100\n|-activate|p2a: Shuckle|move: Sticky Web\n|-unboost|p2a: Shuckle|spe|1\n|move|p1a: Ho-Oh|Whirlwind|p2a: Shuckle\n|drag|p2a: Blaziken|Blaziken-Mega, M|100\/100\n|-activate|p2a: Blaziken|move: Sticky Web\n|-unboost|p2a: Blaziken|spe|1\n|\n|upkeep\n|turn|4\n|\n|t:|1701144152\n|switch|p2a: Shuckle|Shuckle, F, shiny|100\/100\n|-activate|p2a: Shuckle|move: Sticky Web\n|-unboost|p2a: Shuckle|spe|1\n|move|p1a: Ho-Oh|Brave Bird|p2a: Shuckle\n|-damage|p2a: Shuckle|57\/100\n|-damage|p1a: Ho-Oh|92\/100|[from] Recoil\n|\n|-heal|p2a: Shuckle|64\/100|[from] item: Leftovers\n|upkeep\n|turn|5\n|\n|t:|1701144165\n|move|p2a: Shuckle|Stealth Rock|p1a: Ho-Oh\n|-sidestart|p1: kapithedumdum|move: Stealth Rock\n|move|p1a: Ho-Oh|Whirlwind|p2a: Shuckle\n|drag|p2a: Garchomp|Garchomp, M|100\/100\n|-activate|p2a: Garchomp|move: Sticky Web\n|-unboost|p2a: Garchomp|spe|1\n|\n|upkeep\n|turn|6\n|\n|t:|1701144172\n|switch|p1a: Ferrothorn|Ferrothorn, M|100\/100\n|-damage|p1a: Ferrothorn|94\/100|[from] Stealth Rock\n|move|p2a: Garchomp|Stone Edge|p1a: Ferrothorn\n|-resisted|p1a: Ferrothorn\n|-damage|p1a: Ferrothorn|84\/100\n|\n|-heal|p1a: Ferrothorn|90\/100|[from] item: Leftovers\n|upkeep\n|turn|7\n|\n|t:|1701144178\n|move|p2a: Garchomp|Earthquake|p1a: Ferrothorn\n|-damage|p1a: Ferrothorn|59\/100\n|move|p1a: Ferrothorn|Leech Seed|p2a: Garchomp\n|-start|p2a: Garchomp|move: Leech Seed\n|\n|-heal|p1a: Ferrothorn|66\/100|[from] item: Leftovers\n|-damage|p2a: Garchomp|88\/100|[from] Leech Seed|[of] p1a: Ferrothorn\n|-heal|p1a: Ferrothorn|78\/100|[silent]\n|upkeep\n|turn|8\n|\n|t:|1701144185\n|switch|p2a: Blaziken|Blaziken-Mega, M|100\/100\n|-activate|p2a: Blaziken|move: Sticky Web\n|-unboost|p2a: Blaziken|spe|1\n|move|p1a: Ferrothorn|Spikes|p2a: Blaziken\n|-sidestart|p2: Swankon|Spikes\n|\n|-heal|p1a: Ferrothorn|84\/100|[from] item: Leftovers\n|upkeep\n|turn|9\n|\n|t:|1701144198\n|switch|p1a: Ho-Oh|Ho-Oh|100\/100\n|move|p2a: Blaziken|Blaze Kick|p1a: Ho-Oh\n|-resisted|p1a: Ho-Oh\n|-damage|p1a: Ho-Oh|73\/100\n|\n|-ability|p2a: Blaziken|Speed Boost|boost\n|-boost|p2a: Blaziken|spe|1\n|upkeep\n|turn|10\n|\n|t:|1701144206\n|move|p2a: Blaziken|Protect|p2a: Blaziken\n|-singleturn|p2a: Blaziken|Protect\n|move|p1a: Ho-Oh|Whirlwind|p2a: Blaziken\n|drag|p2a: Garchomp|Garchomp, M|88\/100\n|-activate|p2a: Garchomp|move: Sticky Web\n|-unboost|p2a: Garchomp|spe|1\n|-damage|p2a: Garchomp|76\/100|[from] Spikes\n|\n|upkeep\n|turn|11\n|\n|t:|1701144213\n|switch|p1a: Ferrothorn|Ferrothorn, M|84\/100\n|-damage|p1a: Ferrothorn|78\/100|[from] Stealth Rock\n|move|p2a: Garchomp|Stone Edge|p1a: Ferrothorn\n|-resisted|p1a: Ferrothorn\n|-damage|p1a: Ferrothorn|69\/100\n|\n|-heal|p1a: Ferrothorn|75\/100|[from] item: Leftovers\n|upkeep\n|turn|12\n|\n|t:|1701144217\n|move|p2a: Garchomp|Earthquake|p1a: Ferrothorn\n|-damage|p1a: Ferrothorn|49\/100\n|move|p1a: Ferrothorn|Leech Seed|p2a: Garchomp\n|-start|p2a: Garchomp|move: Leech Seed\n|\n|-heal|p1a: Ferrothorn|55\/100|[from] item: Leftovers\n|-damage|p2a: Garchomp|64\/100|[from] Leech Seed|[of] p1a: Ferrothorn\n|-heal|p1a: Ferrothorn|68\/100|[silent]\n|upkeep\n|turn|13\n|\n|t:|1701144223\n|switch|p2a: Blaziken|Blaziken-Mega, M|100\/100\n|-activate|p2a: Blaziken|move: Sticky Web\n|-unboost|p2a: Blaziken|spe|1\n|-damage|p2a: Blaziken|88\/100|[from] Spikes\n|move|p1a: Ferrothorn|Spikes|p2a: Blaziken\n|-sidestart|p2: Swankon|Spikes\n|\n|-heal|p1a: Ferrothorn|74\/100|[from] item: Leftovers\n|upkeep\n|turn|14\n|\n|t:|1701144234\n|switch|p1a: Kyogre|Kyogre|100\/100\n|-damage|p1a: Kyogre|88\/100|[from] Stealth Rock\n|detailschange|p1a: Kyogre|Kyogre-Primal\n|-primal|p1a: Kyogre|Blue Orb\n|-weather|PrimordialSea|[from] ability: Primordial Sea|[of] p1a: Kyogre\n|move|p2a: Blaziken|Thunder Punch|p1a: Kyogre\n|-supereffective|p1a: Kyogre\n|-damage|p1a: Kyogre|17\/100\n|\n|-weather|PrimordialSea|[upkeep]\n|-ability|p2a: Blaziken|Speed Boost|boost\n|-boost|p2a: Blaziken|spe|1\n|upkeep\n|turn|15\n|\n|t:|1701144243\n|move|p2a: Blaziken|Protect|p2a: Blaziken\n|-singleturn|p2a: Blaziken|Protect\n|move|p1a: Kyogre|Surf|p2a: Blaziken\n|-activate|p2a: Blaziken|move: Protect\n|\n|-weather|PrimordialSea|[upkeep]\n|-ability|p2a: Blaziken|Speed Boost|boost\n|-boost|p2a: Blaziken|spe|1\n|upkeep\n|turn|16\n|\n|t:|1701144246\n|move|p2a: Blaziken|Thunder Punch|p1a: Kyogre\n|-supereffective|p1a: Kyogre\n|-damage|p1a: Kyogre|0 fnt\n|faint|p1a: Kyogre\n|-weather|none\n|\n|-ability|p2a: Blaziken|Speed Boost|boost\n|-boost|p2a: Blaziken|spe|1\n|upkeep\n|\n|t:|1701144254\n|switch|p1a: Ferrothorn|Ferrothorn, M|74\/100\n|-damage|p1a: Ferrothorn|68\/100|[from] Stealth Rock\n|turn|17\n|\n|t:|1701144257\n|-terastallize|p1a: Ferrothorn|Water\n|move|p2a: Blaziken|Blaze Kick|p1a: Ferrothorn\n|-resisted|p1a: Ferrothorn\n|-damage|p1a: Ferrothorn|52\/100\n|-damage|p2a: Blaziken|76\/100|[from] ability: Iron Barbs|[of] p1a: Ferrothorn\n|move|p1a: Ferrothorn|Leech Seed|p2a: Blaziken\n|-start|p2a: Blaziken|move: Leech Seed\n|\n|-heal|p1a: Ferrothorn|59\/100|[from] item: Leftovers\n|-damage|p2a: Blaziken|64\/100|[from] Leech Seed|[of] p1a: Ferrothorn\n|-heal|p1a: Ferrothorn|69\/100|[silent]\n|-ability|p2a: Blaziken|Speed Boost|boost\n|-boost|p2a: Blaziken|spe|1\n|upkeep\n|turn|18\n|\n|t:|1701144270\n|move|p1a: Ferrothorn|Protect|p1a: Ferrothorn\n|-singleturn|p1a: Ferrothorn|Protect\n|move|p2a: Blaziken|Thunder Punch|p1a: Ferrothorn\n|-activate|p1a: Ferrothorn|move: Protect\n|\n|-heal|p1a: Ferrothorn|75\/100|[from] item: Leftovers\n|-damage|p2a: Blaziken|51\/100|[from] Leech Seed|[of] p1a: Ferrothorn\n|-heal|p1a: Ferrothorn|86\/100|[silent]\n|-ability|p2a: Blaziken|Speed Boost|boost\n|-boost|p2a: Blaziken|spe|1\n|upkeep\n|turn|19\n|\n|t:|1701144280\n|move|p2a: Blaziken|Thunder Punch|p1a: Ferrothorn\n|-supereffective|p1a: Ferrothorn\n|-damage|p1a: Ferrothorn|49\/100\n|-damage|p2a: Blaziken|39\/100|[from] ability: Iron Barbs|[of] p1a: Ferrothorn\n|move|p1a: Ferrothorn|Gyro Ball|p2a: Blaziken\n|-resisted|p2a: Blaziken\n|-damage|p2a: Blaziken|7\/100\n|\n|-heal|p1a: Ferrothorn|55\/100|[from] item: Leftovers\n|-damage|p2a: Blaziken|0 fnt|[from] Leech Seed|[of] p1a: Ferrothorn\n|-heal|p1a: Ferrothorn|61\/100|[silent]\n|faint|p2a: Blaziken\n|upkeep\n|\n|t:|1701144298\n|switch|p2a: Greninja|Greninja, M|100\/100\n|-activate|p2a: Greninja|move: Sticky Web\n|-unboost|p2a: Greninja|spe|1\n|-damage|p2a: Greninja|84\/100|[from] Spikes\n|turn|20\n|\n|t:|1701144302\n|move|p2a: Greninja|Grass Knot|p1a: Ferrothorn\n|-supereffective|p1a: Ferrothorn\n|-damage|p1a: Ferrothorn|8\/100\n|-damage|p2a: Greninja|72\/100|[from] ability: Iron Barbs|[of] p1a: Ferrothorn\n|move|p1a: Ferrothorn|Leech Seed|p2a: Greninja\n|-start|p2a: Greninja|move: Leech Seed\n|\n|-heal|p1a: Ferrothorn|15\/100|[from] item: Leftovers\n|-damage|p2a: Greninja|59\/100|[from] Leech Seed|[of] p1a: Ferrothorn\n|-heal|p1a: Ferrothorn|25\/100|[silent]\n|upkeep\n|turn|21\n|\n|t:|1701144309\n|move|p1a: Ferrothorn|Protect|p1a: Ferrothorn\n|-singleturn|p1a: Ferrothorn|Protect\n|move|p2a: Greninja|Grass Knot|p1a: Ferrothorn\n|-activate|p1a: Ferrothorn|move: Protect\n|\n|-heal|p1a: Ferrothorn|31\/100|[from] item: Leftovers\n|-damage|p2a: Greninja|47\/100|[from] Leech Seed|[of] p1a: Ferrothorn\n|-heal|p1a: Ferrothorn|41\/100|[silent]\n|upkeep\n|turn|22\n|\n|t:|1701144319\n|switch|p1a: Eternatus|Eternatus|100\/100\n|-damage|p1a: Eternatus|88\/100|[from] Stealth Rock\n|-ability|p1a: Eternatus|Pressure\n|move|p2a: Greninja|Grass Knot|p1a: Eternatus\n|-resisted|p1a: Eternatus\n|-damage|p1a: Eternatus|82\/100\n|\n|-heal|p1a: Eternatus|88\/100|[from] item: Leftovers\n|-damage|p2a: Greninja|35\/100|[from] Leech Seed|[of] p1a: Eternatus\n|-heal|p1a: Eternatus|95\/100|[silent]\n|upkeep\n|turn|23\n|\n|t:|1701144326\n|move|p1a: Eternatus|Toxic Spikes|p2a: Greninja\n|-sidestart|p2: Swankon|move: Toxic Spikes\n|move|p2a: Greninja|Ice Beam|p1a: Eternatus\n|-supereffective|p1a: Eternatus\n|-damage|p1a: Eternatus|54\/100\n|\n|-heal|p1a: Eternatus|60\/100|[from] item: Leftovers\n|-damage|p2a: Greninja|23\/100|[from] Leech Seed|[of] p1a: Eternatus\n|-heal|p1a: Eternatus|68\/100|[silent]\n|upkeep\n|turn|24\n|\n|t:|1701144341\n|move|p1a: Eternatus|Toxic Spikes|p2a: Greninja\n|-sidestart|p2: Swankon|move: Toxic Spikes\n|move|p2a: Greninja|Ice Beam|p1a: Eternatus\n|-supereffective|p1a: Eternatus\n|-damage|p1a: Eternatus|28\/100\n|\n|-heal|p1a: Eternatus|35\/100|[from] item: Leftovers\n|-damage|p2a: Greninja|10\/100|[from] Leech Seed|[of] p1a: Eternatus\n|-heal|p1a: Eternatus|42\/100|[silent]\n|upkeep\n|turn|25\n|c|\u2606Swankon|this stall is crazy lmao\n|\n|t:|1701144357\n|move|p1a: Eternatus|Recover|p1a: Eternatus\n|-heal|p1a: Eternatus|92\/100\n|move|p2a: Greninja|Ice Beam|p1a: Eternatus\n|-supereffective|p1a: Eternatus\n|-damage|p1a: Eternatus|54\/100\n|-status|p1a: Eternatus|frz\n|\n|-heal|p1a: Eternatus|60\/100 frz|[from] item: Leftovers\n|-damage|p2a: Greninja|0 fnt|[from] Leech Seed|[of] p1a: Eternatus\n|-heal|p1a: Eternatus|66\/100 frz|[silent]\n|faint|p2a: Greninja\n|upkeep\n|c|\u2606kapithedumdum|i didn't intend to make stall it just kinda happened\n|\n|t:|1701144370\n|switch|p2a: Garchomp|Garchomp, M|64\/100\n|-activate|p2a: Garchomp|move: Sticky Web\n|-unboost|p2a: Garchomp|spe|1\n|-damage|p2a: Garchomp|47\/100|[from] Spikes\n|-status|p2a: Garchomp|tox\n|turn|26\n|\n|t:|1701144386\n|switch|p1a: Ho-Oh|Ho-Oh|100\/100\n|move|p2a: Garchomp|Earthquake|p1a: Ho-Oh\n|-immune|p1a: Ho-Oh\n|\n|-damage|p2a: Garchomp|41\/100 tox|[from] psn\n|upkeep\n|turn|27\n|c|\u2606Swankon|bruh your whole team is like stall hall of fame\n|\n|t:|1701144405\n|switch|p2a: Minior|Minior, shiny|100\/100\n|-formechange|p2a: Minior|Minior-Meteor||[from] ability: Shields Down\n|move|p1a: Ho-Oh|Brave Bird|p2a: Minior\n|-resisted|p2a: Minior\n|-damage|p2a: Minior|55\/100\n|-damage|p1a: Ho-Oh|91\/100|[from] Recoil\n|\n|upkeep\n|turn|28\n|c|\u2606kapithedumdum|zacian and kyogre and ribombee are not stall\n|\n|t:|1701144426\n|move|p2a: Minior|Shell Smash|p2a: Minior\n|-unboost|p2a: Minior|def|1\n|-unboost|p2a: Minior|spd|1\n|-boost|p2a: Minior|atk|2\n|-boost|p2a: Minior|spa|2\n|-boost|p2a: Minior|spe|2\n|-enditem|p2a: Minior|White Herb\n|-clearnegativeboost|p2a: Minior|[silent]\n|move|p1a: Ho-Oh|Whirlwind|p2a: Minior\n|drag|p2a: Marshadow|Marshadow|100\/100\n|-activate|p2a: Marshadow|move: Sticky Web\n|-unboost|p2a: Marshadow|spe|1\n|-damage|p2a: Marshadow|84\/100|[from] Spikes\n|-status|p2a: Marshadow|tox\n|\n|-damage|p2a: Marshadow|78\/100 tox|[from] psn\n|upkeep\n|turn|29\n|c|\u2606Swankon|ok fair but like half set up half stall\n|\n|t:|1701144440\n|move|p2a: Marshadow|Spectral Thief|p1a: Ho-Oh\n|-damage|p1a: Ho-Oh|52\/100\n|move|p1a: Ho-Oh|Brave Bird|p2a: Marshadow\n|-supereffective|p2a: Marshadow\n|-damage|p2a: Marshadow|0 fnt\n|faint|p2a: Marshadow\n|-damage|p1a: Ho-Oh|33\/100|[from] Recoil\n|\n|upkeep\n|\n|t:|1701144456\n|switch|p2a: Shuckle|Shuckle, F, shiny|64\/100\n|-activate|p2a: Shuckle|move: Sticky Web\n|-unboost|p2a: Shuckle|spe|1\n|-damage|p2a: Shuckle|47\/100|[from] Spikes\n|-status|p2a: Shuckle|tox\n|turn|30\n|c|\u2606kapithedumdum|the 6th slot has changed a lot i just wanted to use eternatus because i've never used it before and oops all stall\n|inactive|kapithedumdum has 120 seconds left.\n|\n|t:|1701144488\n|switch|p1a: Ferrothorn|Ferrothorn, M, tera:Water|41\/100\n|-damage|p1a: Ferrothorn|28\/100|[from] Stealth Rock\n|move|p2a: Shuckle|Sticky Web|p1a: Ferrothorn\n|-sidestart|p1: kapithedumdum|move: Sticky Web\n|\n|-heal|p1a: Ferrothorn|35\/100|[from] item: Leftovers\n|-heal|p2a: Shuckle|53\/100 tox|[from] item: Leftovers\n|-damage|p2a: Shuckle|47\/100 tox|[from] psn\n|upkeep\n|turn|31\n|c|\u2606Swankon|lmao\n|inactive|kapithedumdum has 120 seconds left.\n|\n|t:|1701144503\n|move|p1a: Ferrothorn|Leech Seed|p2a: Shuckle\n|-start|p2a: Shuckle|move: Leech Seed\n|move|p2a: Shuckle|Toxic|p1a: Ferrothorn\n|-status|p1a: Ferrothorn|tox\n|\n|-heal|p1a: Ferrothorn|41\/100 tox|[from] item: Leftovers\n|-heal|p2a: Shuckle|53\/100 tox|[from] item: Leftovers\n|-damage|p2a: Shuckle|41\/100 tox|[from] Leech Seed|[of] p1a: Ferrothorn\n|-heal|p1a: Ferrothorn|49\/100 tox|[silent]\n|-damage|p1a: Ferrothorn|43\/100 tox|[from] psn\n|-damage|p2a: Shuckle|29\/100 tox|[from] psn\n|upkeep\n|turn|32\n|\n|t:|1701144509\n|move|p1a: Ferrothorn|Spikes|p2a: Shuckle\n|-sidestart|p2: Swankon|Spikes\n|move|p2a: Shuckle|Infestation|p1a: Ferrothorn\n|-damage|p1a: Ferrothorn|41\/100 tox\n|-activate|p1a: Ferrothorn|move: Infestation|[of] p2a: Shuckle\n|-damage|p2a: Shuckle|16\/100 tox|[from] ability: Iron Barbs|[of] p1a: Ferrothorn\n|\n|-heal|p1a: Ferrothorn|48\/100 tox|[from] item: Leftovers\n|-heal|p2a: Shuckle|23\/100 tox|[from] item: Leftovers\n|-damage|p2a: Shuckle|10\/100 tox|[from] Leech Seed|[of] p1a: Ferrothorn\n|-heal|p1a: Ferrothorn|56\/100 tox|[silent]\n|-damage|p1a: Ferrothorn|44\/100 tox|[from] psn\n|-damage|p2a: Shuckle|0 fnt|[from] psn\n|faint|p2a: Shuckle\n|-end|p1a: Ferrothorn|Infestation|[partiallytrapped]|[silent]\n|upkeep\n|c|\u2606Swankon|extra spikes is crazyyyy\n|c|\u2606kapithedumdum|good chip\n|\n|t:|1701144537\n|switch|p2a: Minior|Minior, shiny|55\/100\n|-formechange|p2a: Minior|Minior-Meteor||[from] ability: Shields Down\n|turn|33\n|\n|t:|1701144541\n|-terastallize|p2a: Minior|Normal\n|move|p2a: Minior|Shell Smash|p2a: Minior\n|-unboost|p2a: Minior|def|1\n|-unboost|p2a: Minior|spd|1\n|-boost|p2a: Minior|atk|2\n|-boost|p2a: Minior|spa|2\n|-boost|p2a: Minior|spe|2\n|move|p1a: Ferrothorn|Gyro Ball|p2a: Minior\n|-damage|p2a: Minior|0 fnt\n|faint|p2a: Minior\n|\n|-heal|p1a: Ferrothorn|50\/100 tox|[from] item: Leftovers\n|-damage|p1a: Ferrothorn|31\/100 tox|[from] psn\n|upkeep\n|c|\u2606Swankon|fuck it gg\n|\n|t:|1701144546\n|switch|p2a: Garchomp|Garchomp, M|41\/100 tox\n|-activate|p2a: Garchomp|move: Sticky Web\n|-unboost|p2a: Garchomp|spe|1\n|-damage|p2a: Garchomp|16\/100 tox|[from] Spikes\n|turn|34\n|c|\u2606kapithedumdum|thanks gyro ball\n|c|\u2606kapithedumdum|gg\n|\n|t:|1701144569\n|move|p2a: Garchomp|Outrage|p1a: Ferrothorn\n|-damage|p1a: Ferrothorn|0 fnt\n|-damage|p2a: Garchomp|4\/100 tox|[from] ability: Iron Barbs|[of] p1a: Ferrothorn\n|faint|p1a: Ferrothorn\n|\n|-damage|p2a: Garchomp|0 fnt|[from] psn\n|faint|p2a: Garchomp\n|\n|win|kapithedumdum\n|upkeep\n|raw|kapithedumdum's rating: 1355 &rarr; <strong>1382<\/strong><br \/>(+27 for winning)\n|raw|Swankon's rating: 1481 &rarr; <strong>1454<\/strong><br \/>(-27 for losing)\n|l|\u2606Swankon\n|c|\u2606kapithedumdum|sorry for the stall\n","uploadtime":1701144603,"views":1,"p1id":"kapithedumdum","p2id":"swankon","formatid":"gen9nationaldexubers","rating":1382,"private":0,"password":""}