{"id":"gen9nationaldexubers-1998982933","p1":"raggedy richie","p2":"Give up or Lose","format":"[Gen 9] National Dex Ubers","log":"|j|\u2606raggedy richie\n|j|\u2606Give up or Lose\n|t:|1701020582\n|gametype|singles\n|player|p1|raggedy richie|ilima|1000\n|player|p2|Give up or Lose|hilbert|1000\n|teamsize|p1|6\n|teamsize|p2|6\n|gen|9\n|tier|[Gen 9] National Dex Ubers\n|rated|\n|rule|HP Percentage Mod: HP is shown in percentages\n|rule|Endless Battle Clause: Forcing endless battles is banned\n|rule|OHKO Clause: OHKO moves are banned\n|rule|Evasion Moves Clause: Evasion moves are banned\n|rule|Evasion Items Clause: Evasion items are banned\n|rule|Species Clause: Limit one of each Pok\u00e9mon\n|rule|Sleep Clause Mod: Limit one foe put to sleep\n|rule|Mega Rayquaza Clause: You cannot mega evolve Rayquaza\n|clearpoke\n|poke|p1|Deoxys-Attack|\n|poke|p1|Kyogre|\n|poke|p1|Blaziken, F|\n|poke|p1|Landorus-Therian, M|\n|poke|p1|Manaphy|\n|poke|p1|Victini|\n|poke|p2|Landorus-Therian, M|\n|poke|p2|Melmetal|\n|poke|p2|Iron Bundle|\n|poke|p2|Baxcalibur, F|\n|poke|p2|Torterra, M|\n|poke|p2|Dunsparce, M|\n|teampreview\n|\n|t:|1701020588\n|start\n|switch|p1a: Landorus|Landorus-Therian, M, shiny|100\/100\n|switch|p2a: G.O.A.T|Dunsparce, M|100\/100\n|-ability|p1a: Landorus|Intimidate|boost\n|-unboost|p2a: G.O.A.T|atk|1\n|turn|1\n|\n|t:|1701020606\n|move|p1a: Landorus|Taunt|p2a: G.O.A.T\n|-start|p2a: G.O.A.T|move: Taunt\n|cant|p2a: G.O.A.T|move: Taunt|Glare\n|\n|upkeep\n|turn|2\n|\n|t:|1701020618\n|move|p1a: Landorus|Stealth Rock|p2a: G.O.A.T\n|-sidestart|p2: Give up or Lose|move: Stealth Rock\n|move|p2a: G.O.A.T|Rock Slide|p1a: Landorus|[miss]\n|-miss|p2a: G.O.A.T|p1a: Landorus\n|\n|upkeep\n|turn|3\n|\n|t:|1701020632\n|move|p1a: Landorus|Earthquake|p2a: G.O.A.T\n|-damage|p2a: G.O.A.T|66\/100\n|move|p2a: G.O.A.T|Rock Slide|p1a: Landorus|[miss]\n|-miss|p2a: G.O.A.T|p1a: Landorus\n|\n|-end|p2a: G.O.A.T|move: Taunt\n|upkeep\n|turn|4\n|\n|t:|1701020642\n|move|p1a: Landorus|Taunt|p2a: G.O.A.T\n|-start|p2a: G.O.A.T|move: Taunt\n|cant|p2a: G.O.A.T|move: Taunt|Glare\n|\n|upkeep\n|turn|5\n|\n|t:|1701020648\n|move|p1a: Landorus|Earthquake|p2a: G.O.A.T\n|-damage|p2a: G.O.A.T|30\/100\n|move|p2a: G.O.A.T|Rock Slide|p1a: Landorus\n|-damage|p1a: Landorus|93\/100\n|\n|-heal|p1a: Landorus|99\/100|[from] item: Leftovers\n|upkeep\n|turn|6\n|\n|t:|1701020658\n|move|p1a: Landorus|Earthquake|p2a: G.O.A.T\n|-crit|p2a: G.O.A.T\n|-damage|p2a: G.O.A.T|0 fnt\n|faint|p2a: G.O.A.T\n|\n|-heal|p1a: Landorus|100\/100|[from] item: Leftovers\n|upkeep\n|\n|t:|1701020675\n|switch|p2a: Speedie|Iron Bundle|100\/100\n|-damage|p2a: Speedie|76\/100|[from] Stealth Rock\n|-enditem|p2a: Speedie|Booster Energy\n|-activate|p2a: Speedie|ability: Quark Drive|[fromitem]\n|-start|p2a: Speedie|quarkdrivespe\n|turn|7\n|\n|t:|1701020684\n|move|p2a: Speedie|Freeze-Dry|p1a: Landorus\n|-supereffective|p1a: Landorus\n|-damage|p1a: Landorus|0 fnt\n|faint|p1a: Landorus\n|\n|upkeep\n|\n|t:|1701020705\n|switch|p1a: applesauce|Victini|100\/100\n|turn|8\n|\n|t:|1701020713\n|move|p2a: Speedie|Taunt|p1a: applesauce\n|-start|p1a: applesauce|move: Taunt\n|-zpower|p1a: applesauce\n|move|p1a: applesauce|Z-Celebrate|p1a: applesauce|[anim]Celebrate\n|-boost|p1a: applesauce|atk|1|[zeffect]\n|-boost|p1a: applesauce|def|1|[zeffect]\n|-boost|p1a: applesauce|spa|1|[zeffect]\n|-boost|p1a: applesauce|spd|1|[zeffect]\n|-boost|p1a: applesauce|spe|1|[zeffect]\n|-activate|p1a: applesauce|move: Celebrate\n|\n|upkeep\n|turn|9\n|\n|t:|1701020729\n|move|p2a: Speedie|Hydro Pump|p1a: applesauce\n|-supereffective|p1a: applesauce\n|-damage|p1a: applesauce|21\/100\n|move|p1a: applesauce|Thunder|p2a: Speedie\n|-supereffective|p2a: Speedie\n|-damage|p2a: Speedie|0 fnt\n|faint|p2a: Speedie\n|-end|p2a: Speedie|Quark Drive|[silent]\n|\n|upkeep\n|\n|t:|1701020743\n|switch|p2a: Ice water|Landorus-Therian, M|100\/100\n|-damage|p2a: Ice water|88\/100|[from] Stealth Rock\n|-ability|p2a: Ice water|Intimidate|boost\n|-unboost|p1a: applesauce|atk|1\n|turn|10\n|\n|t:|1701020751\n|move|p1a: applesauce|Stored Power|p2a: Ice water\n|-damage|p2a: Ice water|0 fnt\n|faint|p2a: Ice water\n|\n|-end|p1a: applesauce|move: Taunt\n|upkeep\n|\n|t:|1701020761\n|switch|p2a: NEW Cloyster|Torterra, M|100\/100\n|-damage|p2a: NEW Cloyster|94\/100|[from] Stealth Rock\n|turn|11\n|\n|t:|1701020767\n|-terastallize|p2a: NEW Cloyster|Rock\n|move|p1a: applesauce|Searing Shot|p2a: NEW Cloyster\n|-resisted|p2a: NEW Cloyster\n|-damage|p2a: NEW Cloyster|55\/100\n|-status|p2a: NEW Cloyster|brn\n|move|p2a: NEW Cloyster|Rock Blast|p1a: applesauce\n|-supereffective|p1a: applesauce\n|-damage|p1a: applesauce|13\/100\n|-supereffective|p1a: applesauce\n|-damage|p1a: applesauce|6\/100\n|-supereffective|p1a: applesauce\n|-damage|p1a: applesauce|0 fnt\n|faint|p1a: applesauce\n|-hitcount|p1: applesauce|3\n|\n|-damage|p2a: NEW Cloyster|49\/100 brn|[from] brn\n|upkeep\n|\n|t:|1701020778\n|switch|p1a: Manaphy|Manaphy, shiny|100\/100\n|turn|12\n|\n|t:|1701020788\n|move|p1a: Manaphy|Acid Armor|p1a: Manaphy\n|-boost|p1a: Manaphy|def|2\n|move|p2a: NEW Cloyster|Bullet Seed|p1a: Manaphy\n|-supereffective|p1a: Manaphy\n|-damage|p1a: Manaphy|97\/100\n|-supereffective|p1a: Manaphy\n|-damage|p1a: Manaphy|93\/100\n|-supereffective|p1a: Manaphy\n|-crit|p1a: Manaphy\n|-damage|p1a: Manaphy|81\/100\n|-supereffective|p1a: Manaphy\n|-damage|p1a: Manaphy|77\/100\n|-supereffective|p1a: Manaphy\n|-damage|p1a: Manaphy|73\/100\n|-hitcount|p1a: Manaphy|5\n|\n|-heal|p1a: Manaphy|79\/100|[from] item: Leftovers\n|-damage|p2a: NEW Cloyster|43\/100 brn|[from] brn\n|upkeep\n|turn|13\n|\n|t:|1701020796\n|-terastallize|p1a: Manaphy|Poison\n|move|p1a: Manaphy|Acid Armor|p1a: Manaphy\n|-boost|p1a: Manaphy|def|2\n|move|p2a: NEW Cloyster|Bullet Seed|p1a: Manaphy\n|-resisted|p1a: Manaphy\n|-damage|p1a: Manaphy|78\/100\n|-resisted|p1a: Manaphy\n|-damage|p1a: Manaphy|78\/100\n|-resisted|p1a: Manaphy\n|-damage|p1a: Manaphy|77\/100\n|-resisted|p1a: Manaphy\n|-damage|p1a: Manaphy|77\/100\n|-hitcount|p1a: Manaphy|4\n|\n|-heal|p1a: Manaphy|83\/100|[from] item: Leftovers\n|-damage|p2a: NEW Cloyster|37\/100 brn|[from] brn\n|upkeep\n|turn|14\n|\n|t:|1701020804\n|switch|p2a: King of steel|Melmetal|100\/100\n|-damage|p2a: King of steel|94\/100|[from] Stealth Rock\n|move|p1a: Manaphy|Acid Armor|p1a: Manaphy\n|-boost|p1a: Manaphy|def|2\n|\n|-heal|p1a: Manaphy|89\/100|[from] item: Leftovers\n|upkeep\n|turn|15\n|\n|t:|1701020808\n|move|p1a: Manaphy|Scald|p2a: King of steel\n|-damage|p2a: King of steel|77\/100\n|-status|p2a: King of steel|brn\n|move|p2a: King of steel|Double Iron Bash|p1a: Manaphy\n|-damage|p1a: Manaphy|85\/100\n|-damage|p1a: Manaphy|82\/100\n|-hitcount|p1a: Manaphy|2\n|\n|-heal|p1a: Manaphy|88\/100|[from] item: Leftovers\n|-damage|p2a: King of steel|71\/100 brn|[from] brn\n|upkeep\n|turn|16\n|\n|t:|1701020827\n|switch|p2a: NoobiePro|Baxcalibur, F|100\/100\n|-damage|p2a: NoobiePro|76\/100|[from] Stealth Rock\n|move|p1a: Manaphy|Take Heart|p1a: Manaphy\n|-boost|p1a: Manaphy|spa|1\n|-boost|p1a: Manaphy|spd|1\n|\n|-heal|p1a: Manaphy|94\/100|[from] item: Leftovers\n|upkeep\n|turn|17\n|\n|t:|1701020839\n|move|p2a: NoobiePro|Earthquake|p1a: Manaphy\n|-supereffective|p1a: Manaphy\n|-damage|p1a: Manaphy|81\/100\n|move|p1a: Manaphy|Stored Power|p2a: NoobiePro\n|-damage|p2a: NoobiePro|8\/100\n|\n|-heal|p1a: Manaphy|87\/100|[from] item: Leftovers\n|upkeep\n|turn|18\n|\n|t:|1701020850\n|move|p2a: NoobiePro|Earthquake|p1a: Manaphy\n|-supereffective|p1a: Manaphy\n|-damage|p1a: Manaphy|75\/100\n|move|p1a: Manaphy|Stored Power|p2a: NoobiePro\n|-damage|p2a: NoobiePro|0 fnt\n|faint|p2a: NoobiePro\n|\n|-heal|p1a: Manaphy|81\/100|[from] item: Leftovers\n|upkeep\n|inactive|Battle timer is ON: inactive players will automatically lose when time's up. (requested by raggedy richie)\n|inactive|Give up or Lose has 120 seconds left.\n|inactive|Give up or Lose has 90 seconds left.\n|inactive|Give up or Lose has 60 seconds left.\n|inactive|Give up or Lose has 30 seconds left.\n|inactive|Give up or Lose has 20 seconds left.\n|inactive|Give up or Lose has 15 seconds left.\n|inactive|Give up or Lose has 10 seconds left.\n|inactive|Give up or Lose has 5 seconds left.\n|-message|Give up or Lose lost due to inactivity.\n|\n|win|raggedy richie\n|raw|raggedy richie's rating: 1000 &rarr; <strong>1040<\/strong><br \/>(+40 for winning)\n|raw|Give up or Lose's rating: 1000 &rarr; <strong>1000<\/strong><br \/>(+0 for losing)\n","uploadtime":1701021062,"views":1,"p1id":"raggedyrichie","p2id":"giveuporlose","formatid":"gen9nationaldexubers","rating":1000,"private":0,"password":""}