{"id":"gen9nationaldexubers-1983223936","p1":"85792195wwww","p2":"arafatr871","format":"[Gen 9] National Dex Ubers","log":"|j|\u260685792195wwww\n|j|\u2606arafatr871\n|t:|1699107328\n|gametype|singles\n|player|p1|85792195wwww|102|1888\n|player|p2|arafatr871|steven|1666\n|teamsize|p1|6\n|teamsize|p2|6\n|gen|9\n|tier|[Gen 9] National Dex Ubers\n|rated|\n|rule|HP Percentage Mod: HP is shown in percentages\n|rule|Endless Battle Clause: Forcing endless battles is banned\n|rule|OHKO Clause: OHKO moves are banned\n|rule|Evasion Moves Clause: Evasion moves are banned\n|rule|Evasion Items Clause: Evasion items are banned\n|rule|Species Clause: Limit one of each Pok\u00e9mon\n|rule|Sleep Clause Mod: Limit one foe put to sleep\n|rule|Mega Rayquaza Clause: You cannot mega evolve Rayquaza\n|clearpoke\n|poke|p1|Arceus|\n|poke|p1|Xerneas-*|\n|poke|p1|Groudon|\n|poke|p1|Zacian-*|\n|poke|p1|Samurott-Hisui, M|\n|poke|p1|Rayquaza|\n|poke|p2|Groudon|\n|poke|p2|Kyogre|\n|poke|p2|Dondozo, M|\n|poke|p2|Yveltal|\n|poke|p2|Zacian-*|\n|poke|p2|Necrozma-Dusk-Mane|\n|teampreview\n|inactive|Battle timer is ON: inactive players will automatically lose when time's up. (requested by arafatr871)\n|\n|t:|1699107352\n|start\n|switch|p1a: Xerneas|Xerneas|100\/100\n|switch|p2a: Kyogre|Kyogre, shiny|100\/100\n|-ability|p1a: Xerneas|Fairy Aura\n|detailschange|p2a: Kyogre|Kyogre-Primal, shiny\n|-primal|p2a: Kyogre|Blue Orb\n|-weather|PrimordialSea|[from] ability: Primordial Sea|[of] p2a: Kyogre\n|turn|1\n|\n|t:|1699107367\n|switch|p1a: Groudon|Groudon|100\/100\n|detailschange|p1a: Groudon|Groudon-Primal\n|-primal|p1a: Groudon|Red Orb\n|-weather|DesolateLand|[from] ability: Desolate Land|[of] p1a: Groudon\n|move|p2a: Kyogre|Thunder|p1a: Groudon\n|-immune|p1a: Groudon\n|\n|-weather|DesolateLand|[upkeep]\n|upkeep\n|turn|2\n|\n|t:|1699107378\n|switch|p2a: Dondozo|Dondozo, M, shiny|100\/100\n|-weather|none\n|switch|p1a: Samurott|Samurott-Hisui, M|100\/100\n|\n|upkeep\n|turn|3\n|\n|t:|1699107386\n|move|p1a: Samurott|Ceaseless Edge|p2a: Dondozo\n|-damage|p2a: Dondozo|77\/100\n|-sidestart|p2: arafatr871|Spikes\n|move|p2a: Dondozo|Earthquake|p1a: Samurott\n|-damage|p1a: Samurott|74\/100\n|\n|-heal|p2a: Dondozo|83\/100|[from] item: Leftovers\n|upkeep\n|turn|4\n|\n|t:|1699107399\n|move|p1a: Samurott|Ceaseless Edge|p2a: Dondozo\n|-damage|p2a: Dondozo|62\/100\n|-sidestart|p2: arafatr871|Spikes\n|move|p2a: Dondozo|Earthquake|p1a: Samurott\n|-damage|p1a: Samurott|45\/100\n|\n|-heal|p2a: Dondozo|68\/100|[from] item: Leftovers\n|upkeep\n|turn|5\n|\n|t:|1699107409\n|move|p1a: Samurott|Ceaseless Edge|p2a: Dondozo\n|-damage|p2a: Dondozo|46\/100\n|-sidestart|p2: arafatr871|Spikes\n|move|p2a: Dondozo|Earthquake|p1a: Samurott\n|-damage|p1a: Samurott|15\/100\n|\n|-heal|p2a: Dondozo|52\/100|[from] item: Leftovers\n|upkeep\n|turn|6\n|\n|t:|1699107419\n|move|p1a: Samurott|Encore|p2a: Dondozo\n|-start|p2a: Dondozo|Encore\n|move|p2a: Dondozo|Earthquake|p1a: Samurott\n|-damage|p1a: Samurott|0 fnt\n|faint|p1a: Samurott\n|\n|-heal|p2a: Dondozo|58\/100|[from] item: Leftovers\n|upkeep\n|\n|t:|1699107433\n|switch|p1a: Xerneas|Xerneas|100\/100\n|-ability|p1a: Xerneas|Fairy Aura\n|turn|7\n|\n|t:|1699107438\n|move|p1a: Xerneas|Geomancy||[still]\n|-prepare|p1a: Xerneas|Geomancy\n|-enditem|p1a: Xerneas|Power Herb\n|-anim|p1a: Xerneas|Geomancy|p1a: Xerneas\n|-boost|p1a: Xerneas|spa|2\n|-boost|p1a: Xerneas|spd|2\n|-boost|p1a: Xerneas|spe|2\n|move|p2a: Dondozo|Earthquake|p1a: Xerneas\n|-damage|p1a: Xerneas|84\/100\n|\n|-heal|p2a: Dondozo|64\/100|[from] item: Leftovers\n|upkeep\n|turn|8\n|\n|t:|1699107452\n|move|p1a: Xerneas|Moonblast|p2a: Dondozo\n|-damage|p2a: Dondozo|0 fnt\n|faint|p2a: Dondozo\n|\n|upkeep\n|\n|t:|1699107455\n|switch|p2a: Groudon|Groudon, shiny|100\/100\n|-damage|p2a: Groudon|76\/100|[from] Spikes\n|detailschange|p2a: Groudon|Groudon-Primal, shiny\n|-primal|p2a: Groudon|Red Orb\n|-weather|DesolateLand|[from] ability: Desolate Land|[of] p2a: Groudon\n|turn|9\n|\n|t:|1699107466\n|-terastallize|p1a: Xerneas|Fairy\n|move|p1a: Xerneas|Moonblast|p2a: Groudon\n|-resisted|p2a: Groudon\n|-damage|p2a: Groudon|0 fnt\n|faint|p2a: Groudon\n|-weather|none\n|\n|upkeep\n|\n|t:|1699107474\n|switch|p2a: Necrozma|Necrozma-Dusk-Mane, shiny|100\/100\n|-damage|p2a: Necrozma|76\/100|[from] Spikes\n|turn|10\n|\n|t:|1699107480\n|move|p1a: Xerneas|Moonblast|p2a: Necrozma\n|-resisted|p2a: Necrozma\n|-damage|p2a: Necrozma|0 fnt\n|faint|p2a: Necrozma\n|\n|upkeep\n|\n|t:|1699107491\n|switch|p2a: Zacian|Zacian-Crowned|100\/100\n|-damage|p2a: Zacian|76\/100|[from] Spikes\n|-ability|p2a: Zacian|Intrepid Sword|boost\n|-boost|p2a: Zacian|atk|1\n|turn|11\n|\n|t:|1699107499\n|move|p1a: Xerneas|Moonblast|p2a: Zacian\n|-resisted|p2a: Zacian\n|-damage|p2a: Zacian|0 fnt\n|faint|p2a: Zacian\n|\n|upkeep\n|\n|t:|1699107514\n|switch|p2a: Yveltal|Yveltal, shiny|100\/100\n|-ability|p2a: Yveltal|Dark Aura\n|turn|12\n|\n|t:|1699107520\n|move|p1a: Xerneas|Moonblast|p2a: Yveltal\n|-supereffective|p2a: Yveltal\n|-damage|p2a: Yveltal|0 fnt\n|faint|p2a: Yveltal\n|\n|upkeep\n|\n|t:|1699107523\n|switch|p2a: Kyogre|Kyogre-Primal, shiny|100\/100\n|-damage|p2a: Kyogre|76\/100|[from] Spikes\n|-weather|PrimordialSea|[from] ability: Primordial Sea|[of] p2a: Kyogre\n|turn|13\n|\n|t:|1699107530\n|move|p1a: Xerneas|Moonblast|p2a: Kyogre\n|-damage|p2a: Kyogre|0 fnt\n|faint|p2a: Kyogre\n|-weather|none\n|\n|win|85792195wwww\n|raw|85792195wwww's rating: 1888 &rarr; <strong>1897<\/strong><br \/>(+9 for winning)\n|raw|arafatr871's rating: 1666 &rarr; <strong>1657<\/strong><br \/>(-9 for losing)\n|l|\u2606arafatr871\n","uploadtime":1699107538,"views":5,"p1id":"85792195wwww","p2id":"arafatr871","formatid":"gen9nationaldexubers","rating":1657,"private":0,"password":""}