{"id":"gen9nationaldexubers-1985060983","p1":"Davarv","p2":"hanagakiUBD","format":"[Gen 9] National Dex Ubers","log":"|j|\u2606Davarv\n|j|\u2606hanagakiUBD\n|t:|1699325970\n|gametype|singles\n|player|p1|Davarv|giovanni|\n|player|p2|hanagakiUBD|iris-gen5bw2|\n|teamsize|p1|6\n|teamsize|p2|6\n|gen|9\n|tier|[Gen 9] National Dex Ubers\n|rule|HP Percentage Mod: HP is shown in percentages\n|rule|Endless Battle Clause: Forcing endless battles is banned\n|rule|OHKO Clause: OHKO moves are banned\n|rule|Evasion Moves Clause: Evasion moves are banned\n|rule|Evasion Items Clause: Evasion items are banned\n|rule|Species Clause: Limit one of each Pok\u00e9mon\n|rule|Sleep Clause Mod: Limit one foe put to sleep\n|rule|Mega Rayquaza Clause: You cannot mega evolve Rayquaza\n|clearpoke\n|poke|p1|Metagross|\n|poke|p1|Samurott-Hisui, F|\n|poke|p1|Gliscor, F|\n|poke|p1|Zoroark-Hisui, F|\n|poke|p1|Togekiss, M|\n|poke|p1|Serperior, M|\n|poke|p2|Sneasler, F|\n|poke|p2|Annihilape, M|\n|poke|p2|Lucario, F|\n|poke|p2|Blaziken, M|\n|poke|p2|Kommo-o, M|\n|poke|p2|Palafin, M|\n|teampreview\n|inactive|Battle timer is ON: inactive players will automatically lose when time's up. (requested by hanagakiUBD)\n|c|\u2606Davarv|Buena suerte!\n|inactive|Davarv has 270 seconds left.\n|c|\u2606hanagakiUBD|Lo mismo digo hermano\n|\n|t:|1699326024\n|start\n|switch|p1a: Samurott|Samurott-Hisui, F, shiny|100\/100\n|switch|p2a: All might|Palafin, M|100\/100\n|turn|1\n|\n|t:|1699326046\n|-terastallize|p2a: All might|Fighting\n|move|p1a: Samurott|Bitter Malice|p2a: All might\n|-damage|p2a: All might|22\/100\n|-unboost|p2a: All might|atk|1\n|move|p2a: All might|Close Combat|p1a: Samurott\n|-immune|p1a: Samurott\n|\n|upkeep\n|turn|2\n|inactive|Davarv has 270 seconds left.\n|\n|t:|1699326074\n|detailschange|p2a: All might|Palafin-Hero, M, tera:Fighting\n|switch|p2a: La t\u00f3xica|Sneasler, F|100\/100\n|move|p1a: Samurott|Bitter Malice|p2a: La t\u00f3xica\n|-damage|p2a: La t\u00f3xica|22\/100\n|-unboost|p2a: La t\u00f3xica|atk|1\n|\n|upkeep\n|turn|3\n|inactive|Davarv has 270 seconds left.\n|\n|t:|1699326084\n|move|p2a: La t\u00f3xica|Fake Out|p1a: Samurott\n|-immune|p1a: Samurott\n|move|p1a: Samurott|Bitter Malice|p2a: La t\u00f3xica\n|-damage|p2a: La t\u00f3xica|0 fnt\n|faint|p2a: La t\u00f3xica\n|\n|upkeep\n|\n|t:|1699326097\n|switch|p2a: Folla hadas|Kommo-o, M|100\/100\n|turn|4\n|\n|t:|1699326101\n|move|p1a: Samurott|Bitter Malice|p2a: Folla hadas\n|-damage|p2a: Folla hadas|34\/100\n|-unboost|p2a: Folla hadas|atk|1\n|-zpower|p2a: Folla hadas\n|move|p2a: Folla hadas|Clangorous Soulblaze|p1a: Samurott|[zeffect]\n|-damage|p1a: Samurott|0 fnt\n|replace|p1a: Zoroark|Zoroark-Hisui, F, shiny\n|-end|p1a: Zoroark|Illusion\n|faint|p1a: Zoroark\n|-boost|p2a: Folla hadas|atk|1\n|-boost|p2a: Folla hadas|def|1\n|-boost|p2a: Folla hadas|spa|1\n|-boost|p2a: Folla hadas|spd|1\n|-boost|p2a: Folla hadas|spe|1\n|\n|upkeep\n|c|\u2606hanagakiUBD|\u00aa\n|inactive|Davarv has 270 seconds left.\n|c|\u2606Davarv|Pense que ya te habias dado cuenta jiji\n|\n|t:|1699326134\n|switch|p1a: Togekiss|Togekiss, M|100\/100\n|turn|5\n|\n|t:|1699326147\n|move|p2a: Folla hadas|Ice Punch|p1a: Togekiss\n|-supereffective|p1a: Togekiss\n|-damage|p1a: Togekiss|50\/100\n|move|p1a: Togekiss|Air Slash|p2a: Folla hadas\n|-supereffective|p2a: Folla hadas\n|-damage|p2a: Folla hadas|0 fnt\n|faint|p2a: Folla hadas\n|\n|upkeep\n|\n|t:|1699326157\n|switch|p2a: KFC|Blaziken, M, shiny|100\/100\n|turn|6\n|inactive|Davarv has 270 seconds left.\n|\n|t:|1699326170\n|move|p1a: Togekiss|Air Slash|p2a: KFC\n|-supereffective|p2a: KFC\n|-enditem|p2a: KFC|Focus Sash\n|-damage|p2a: KFC|1\/100\n|move|p2a: KFC|Swords Dance|p2a: KFC\n|-boost|p2a: KFC|atk|2\n|\n|-ability|p2a: KFC|Speed Boost|boost\n|-boost|p2a: KFC|spe|1\n|upkeep\n|turn|7\n|\n|t:|1699326177\n|move|p2a: KFC|Rock Slide|p1a: Togekiss\n|-supereffective|p1a: Togekiss\n|-damage|p1a: Togekiss|0 fnt\n|faint|p1a: Togekiss\n|\n|-ability|p2a: KFC|Speed Boost|boost\n|-boost|p2a: KFC|spe|1\n|upkeep\n|\n|t:|1699326181\n|switch|p1a: Samurott|Samurott-Hisui, F, shiny|100\/100\n|turn|8\n|c|\u2606hanagakiUBD|Mrd metagross\n|c|\u2606hanagakiUBD|Ese me sigue dando miedo\n|\n|t:|1699326197\n|move|p1a: Samurott|Aqua Jet|p2a: KFC\n|-supereffective|p2a: KFC\n|-damage|p2a: KFC|0 fnt\n|faint|p2a: KFC\n|-damage|p1a: Samurott|91\/100|[from] item: Life Orb\n|\n|upkeep\n|\n|t:|1699326201\n|switch|p2a: All might|Palafin-Hero, M, tera:Fighting|22\/100\n|-activate|p2a: All might|ability: Zero to Hero\n|turn|9\n|\n|t:|1699326207\n|move|p1a: Samurott|Aqua Jet|p2a: All might\n|-damage|p2a: All might|0 fnt\n|faint|p2a: All might\n|-damage|p1a: Samurott|81\/100|[from] item: Life Orb\n|\n|upkeep\n|\n|t:|1699326225\n|switch|p2a: Frozono|Annihilape, M|100\/100\n|turn|10\n|\n|t:|1699326241\n|move|p2a: Frozono|Bulk Up|p2a: Frozono\n|-boost|p2a: Frozono|atk|1\n|-boost|p2a: Frozono|def|1\n|move|p1a: Samurott|Ceaseless Edge|p2a: Frozono\n|-damage|p2a: Frozono|55\/100\n|-sidestart|p2: hanagakiUBD|Spikes\n|-damage|p1a: Samurott|71\/100|[from] item: Life Orb\n|\n|-heal|p2a: Frozono|61\/100|[from] item: Leftovers\n|upkeep\n|turn|11\n|\n|t:|1699326249\n|move|p1a: Samurott|Aqua Jet|p2a: Frozono\n|-damage|p2a: Frozono|42\/100\n|-damage|p1a: Samurott|61\/100|[from] item: Life Orb\n|move|p2a: Frozono|Earthquake|p1a: Samurott\n|-damage|p1a: Samurott|13\/100\n|\n|-heal|p2a: Frozono|48\/100|[from] item: Leftovers\n|upkeep\n|turn|12\n|\n|t:|1699326255\n|move|p1a: Samurott|Aqua Jet|p2a: Frozono\n|-damage|p2a: Frozono|30\/100\n|-damage|p1a: Samurott|3\/100|[from] item: Life Orb\n|move|p2a: Frozono|Rage Fist|p1a: Samurott\n|-resisted|p1a: Samurott\n|-damage|p1a: Samurott|0 fnt\n|faint|p1a: Samurott\n|\n|-heal|p2a: Frozono|36\/100|[from] item: Leftovers\n|upkeep\n|c|\u2606hanagakiUBD|Pegame mas duro\n|c|\u2606hanagakiUBD|\ud83e\udd75\n|\n|t:|1699326270\n|switch|p1a: Serperior|Serperior, M|100\/100\n|turn|13\n|c|\u2606Davarv|XDDD\n|\n|t:|1699326276\n|move|p1a: Serperior|Leaf Storm|p2a: Frozono\n|-damage|p2a: Frozono|0 fnt\n|-boost|p1a: Serperior|spa|2\n|faint|p2a: Frozono\n|\n|upkeep\n|\n|t:|1699326279\n|switch|p2a: Putario|Lucario, F|100\/100\n|-damage|p2a: Putario|88\/100|[from] Spikes\n|turn|14\n|\n|t:|1699326288\n|move|p2a: Putario|Final Gambit|p1a: Serperior\n|-damage|p1a: Serperior|16\/100\n|faint|p2a: Putario\n|\n|win|Davarv\n|c|\u2606Davarv|GG\n|c|\u2606hanagakiUBD|Gg xD\n","uploadtime":1699326312,"views":10,"p1id":"davarv","p2id":"hanagakiubd","formatid":"gen9nationaldexubers","rating":0,"private":0,"password":""}