{"id":"gen9nationaldexubers-1985522525","p1":"saulim","p2":"msanal","format":"[Gen 9] National Dex Ubers","log":"|j|\u2606saulim\n|j|\u2606msanal\n|t:|1699381579\n|gametype|singles\n|player|p1|saulim|265|1342\n|player|p2|msanal|lana|1250\n|teamsize|p1|6\n|teamsize|p2|6\n|gen|9\n|tier|[Gen 9] National Dex Ubers\n|rated|\n|rule|HP Percentage Mod: HP is shown in percentages\n|rule|Endless Battle Clause: Forcing endless battles is banned\n|rule|OHKO Clause: OHKO moves are banned\n|rule|Evasion Moves Clause: Evasion moves are banned\n|rule|Evasion Items Clause: Evasion items are banned\n|rule|Species Clause: Limit one of each Pok\u00e9mon\n|rule|Sleep Clause Mod: Limit one foe put to sleep\n|rule|Mega Rayquaza Clause: You cannot mega evolve Rayquaza\n|clearpoke\n|poke|p1|Celesteela|\n|poke|p1|Grimmsnarl, M|\n|poke|p1|Tapu Fini|\n|poke|p1|Darmanitan-Galar, F|\n|poke|p1|Goodra-Hisui, M|\n|poke|p1|Garganacl, M|\n|poke|p2|Gholdengo|\n|poke|p2|Buzzwole|\n|poke|p2|Ribombee, M|\n|poke|p2|Kyogre|\n|poke|p2|Tapu Koko|\n|poke|p2|Darmanitan-Galar, M|\n|teampreview\n|\n|t:|1699381590\n|start\n|switch|p1a: Grimmsnarl|Grimmsnarl, M|100\/100\n|switch|p2a: bomber|Ribombee, M, shiny|100\/100\n|turn|1\n|\n|t:|1699381600\n|move|p1a: Grimmsnarl|Taunt|p2a: bomber\n|-start|p2a: bomber|move: Taunt\n|cant|p2a: bomber|move: Taunt|Sticky Web\n|\n|upkeep\n|turn|2\n|\n|t:|1699381604\n|move|p1a: Grimmsnarl|Light Screen|p1a: Grimmsnarl\n|-sidestart|p1: saulim|move: Light Screen\n|move|p2a: bomber|Moonblast|p1a: Grimmsnarl\n|-supereffective|p1a: Grimmsnarl\n|-damage|p1a: Grimmsnarl|54\/100\n|\n|upkeep\n|turn|3\n|inactive|Battle timer is ON: inactive players will automatically lose when time's up. (requested by msanal)\n|\n|t:|1699381663\n|switch|p1a: Celesteela|Celesteela|100\/100\n|move|p2a: bomber|U-turn|p1a: Celesteela\n|-resisted|p1a: Celesteela\n|-damage|p1a: Celesteela|98\/100\n|\n|t:|1699381668\n|switch|p2a: Koko bean|Tapu Koko, shiny|100\/100|[from] U-turn\n|-fieldstart|move: Electric Terrain|[from] ability: Electric Surge|[of] p2a: Koko bean\n|\n|-heal|p1a: Celesteela|100\/100|[from] item: Leftovers\n|upkeep\n|turn|4\n|\n|t:|1699381683\n|switch|p1a: Goodra|Goodra-Hisui, M|100\/100\n|move|p2a: Koko bean|Defog|p1a: Goodra\n|-unboost|p1a: Goodra|evasion|1\n|-sideend|p1: saulim|move: Light Screen\n|-fieldend|move: Electric Terrain\n|\n|upkeep\n|turn|5\n|inactive|saulim has 120 seconds left.\n|\n|t:|1699381713\n|switch|p2a: bomber|Ribombee, M, shiny|100\/100\n|move|p1a: Goodra|Flash Cannon|p2a: bomber\n|-supereffective|p2a: bomber\n|-enditem|p2a: bomber|Focus Sash\n|-damage|p2a: bomber|1\/100\n|\n|upkeep\n|turn|6\n|inactive|saulim has 120 seconds left.\n|\n|t:|1699381736\n|switch|p1a: Darmanitan|Darmanitan-Galar, F|100\/100\n|move|p2a: bomber|Sticky Web|p1a: Darmanitan\n|-sidestart|p1: saulim|move: Sticky Web\n|\n|upkeep\n|turn|7\n|\n|t:|1699381743\n|move|p1a: Darmanitan|U-turn|p2a: bomber\n|-resisted|p2a: bomber\n|-damage|p2a: bomber|0 fnt\n|faint|p2a: bomber\n|\n|t:|1699381747\n|switch|p1a: Tapu Fini|Tapu Fini|100\/100|[from] U-turn\n|-activate|p1a: Tapu Fini|move: Sticky Web\n|-unboost|p1a: Tapu Fini|spe|1\n|-fieldstart|move: Misty Terrain|[from] ability: Misty Surge|[of] p1a: Tapu Fini\n|\n|upkeep\n|\n|t:|1699381755\n|switch|p2a: Koko bean|Tapu Koko, shiny|100\/100\n|-fieldstart|move: Electric Terrain|[from] ability: Electric Surge|[of] p2a: Koko bean\n|turn|8\n|inactive|saulim has 120 seconds left.\n|\n|t:|1699381779\n|switch|p1a: Garganacl|Garganacl, M|100\/100\n|-activate|p1a: Garganacl|move: Sticky Web\n|-unboost|p1a: Garganacl|spe|1\n|move|p2a: Koko bean|Wild Charge|p1a: Garganacl\n|-damage|p1a: Garganacl|66\/100\n|-damage|p2a: Koko bean|88\/100|[from] Recoil\n|\n|-heal|p1a: Garganacl|72\/100|[from] item: Leftovers\n|upkeep\n|turn|9\n|inactive|saulim has 120 seconds left.\n|\n|t:|1699381794\n|move|p2a: Koko bean|Taunt|p1a: Garganacl\n|-start|p1a: Garganacl|move: Taunt\n|cant|p1a: Garganacl|move: Taunt|Curse\n|\n|-heal|p1a: Garganacl|78\/100|[from] item: Leftovers\n|upkeep\n|turn|10\n|\n|t:|1699381808\n|switch|p2a: Boris|Buzzwole|100\/100\n|move|p1a: Garganacl|Salt Cure|p2a: Boris\n|-damage|p2a: Boris|91\/100\n|-start|p2a: Boris|Salt Cure\n|\n|-heal|p2a: Boris|97\/100|[from] item: Leftovers\n|-heal|p1a: Garganacl|84\/100|[from] item: Leftovers\n|-damage|p2a: Boris|85\/100|[from] Salt Cure\n|upkeep\n|turn|11\n|inactive|saulim has 120 seconds left.\n|\n|t:|1699381820\n|switch|p1a: Celesteela|Celesteela|100\/100\n|move|p2a: Boris|Close Combat|p1a: Celesteela\n|-damage|p1a: Celesteela|47\/100\n|-unboost|p2a: Boris|def|1\n|-unboost|p2a: Boris|spd|1\n|\n|-heal|p2a: Boris|91\/100|[from] item: Leftovers\n|-heal|p1a: Celesteela|54\/100|[from] item: Leftovers\n|-damage|p2a: Boris|79\/100|[from] Salt Cure\n|upkeep\n|turn|12\n|inactive|saulim has 120 seconds left.\n|\n|t:|1699381834\n|switch|p2a: golden hoe|Gholdengo|100\/100\n|move|p1a: Celesteela|Protect||[still]\n|-fail|p1a: Celesteela\n|\n|-heal|p1a: Celesteela|60\/100|[from] item: Leftovers\n|-fieldend|move: Electric Terrain\n|upkeep\n|turn|13\n|inactive|saulim has 120 seconds left.\n|\n|t:|1699381860\n|move|p2a: golden hoe|Nasty Plot|p2a: golden hoe\n|-boost|p2a: golden hoe|spa|2\n|move|p1a: Celesteela|Flamethrower|p2a: golden hoe\n|-supereffective|p2a: golden hoe\n|-damage|p2a: golden hoe|54\/100\n|\n|-heal|p1a: Celesteela|66\/100|[from] item: Leftovers\n|upkeep\n|turn|14\n|\n|t:|1699381868\n|move|p2a: golden hoe|Shadow Ball|p1a: Celesteela\n|-crit|p1a: Celesteela\n|-damage|p1a: Celesteela|0 fnt\n|faint|p1a: Celesteela\n|-damage|p2a: golden hoe|44\/100|[from] item: Life Orb\n|\n|upkeep\n|\n|t:|1699381876\n|switch|p1a: Garganacl|Garganacl, M|84\/100\n|-activate|p1a: Garganacl|move: Sticky Web\n|-unboost|p1a: Garganacl|spe|1\n|turn|15\n|\n|t:|1699381883\n|move|p2a: golden hoe|Make It Rain|p1a: Garganacl\n|-supereffective|p1a: Garganacl\n|-crit|p1a: Garganacl\n|-damage|p1a: Garganacl|0 fnt\n|-unboost|p2a: golden hoe|spa|1\n|faint|p1a: Garganacl\n|-damage|p2a: golden hoe|34\/100|[from] item: Life Orb\n|\n|upkeep\n|\n|t:|1699381901\n|switch|p1a: Goodra|Goodra-Hisui, M|100\/100\n|-activate|p1a: Goodra|move: Sticky Web\n|-unboost|p1a: Goodra|spe|1\n|turn|16\n|\n|t:|1699381906\n|move|p2a: golden hoe|Shadow Ball|p1a: Goodra\n|-damage|p1a: Goodra|67\/100\n|-damage|p2a: golden hoe|24\/100|[from] item: Life Orb\n|move|p1a: Goodra|Flamethrower|p2a: golden hoe\n|-supereffective|p2a: golden hoe\n|-damage|p2a: golden hoe|0 fnt\n|faint|p2a: golden hoe\n|\n|upkeep\n|\n|t:|1699381925\n|switch|p2a: Boris|Buzzwole|79\/100\n|turn|17\n|\n|t:|1699381948\n|switch|p1a: Tapu Fini|Tapu Fini|100\/100\n|-activate|p1a: Tapu Fini|move: Sticky Web\n|-unboost|p1a: Tapu Fini|spe|1\n|-fieldstart|move: Misty Terrain|[from] ability: Misty Surge|[of] p1a: Tapu Fini\n|move|p2a: Boris|Close Combat|p1a: Tapu Fini\n|-resisted|p1a: Tapu Fini\n|-damage|p1a: Tapu Fini|79\/100\n|-unboost|p2a: Boris|def|1\n|-unboost|p2a: Boris|spd|1\n|\n|-heal|p2a: Boris|85\/100|[from] item: Leftovers\n|-heal|p1a: Tapu Fini|85\/100|[from] item: Leftovers\n|upkeep\n|turn|18\n|\n|t:|1699381963\n|switch|p2a: Koko bean|Tapu Koko, shiny|88\/100\n|-fieldstart|move: Electric Terrain|[from] ability: Electric Surge|[of] p2a: Koko bean\n|move|p1a: Tapu Fini|Defog|p2a: Koko bean\n|-unboost|p2a: Koko bean|evasion|1\n|-sideend|p1: saulim|Sticky Web|[from] move: Defog|[of] p1a: Tapu Fini\n|-fieldend|move: Electric Terrain\n|\n|-heal|p1a: Tapu Fini|91\/100|[from] item: Leftovers\n|upkeep\n|turn|19\n|\n|t:|1699381979\n|switch|p1a: Goodra|Goodra-Hisui, M|67\/100\n|move|p2a: Koko bean|Wild Charge|p1a: Goodra\n|-resisted|p1a: Goodra\n|-damage|p1a: Goodra|51\/100\n|-damage|p2a: Koko bean|83\/100|[from] Recoil\n|\n|upkeep\n|turn|20\n|inactive|saulim has 90 seconds left.\n|\n|t:|1699382006\n|switch|p2a: feeeeeeeeeeeeesh|Kyogre|100\/100\n|detailschange|p2a: feeeeeeeeeeeeesh|Kyogre-Primal\n|-primal|p2a: feeeeeeeeeeeeesh|Blue Orb\n|-weather|PrimordialSea|[from] ability: Primordial Sea|[of] p2a: feeeeeeeeeeeeesh\n|move|p1a: Goodra|Flamethrower||[still]\n|-fail|p1a: Goodra|Flamethrower|[from] Primordial Sea\n|\n|-weather|PrimordialSea|[upkeep]\n|upkeep\n|turn|21\n|inactive|saulim has 60 seconds left.\n|\n|t:|1699382039\n|move|p2a: feeeeeeeeeeeeesh|Water Spout|p1a: Goodra\n|-resisted|p1a: Goodra\n|-damage|p1a: Goodra|23\/100\n|move|p1a: Goodra|Draco Meteor|p2a: feeeeeeeeeeeeesh\n|-damage|p2a: feeeeeeeeeeeeesh|70\/100\n|-unboost|p1a: Goodra|spa|2\n|\n|-weather|PrimordialSea|[upkeep]\n|upkeep\n|turn|22\n|\n|t:|1699382048\n|switch|p1a: Tapu Fini|Tapu Fini|91\/100\n|-fieldstart|move: Misty Terrain|[from] ability: Misty Surge|[of] p1a: Tapu Fini\n|move|p2a: feeeeeeeeeeeeesh|Origin Pulse|p1a: Tapu Fini\n|-resisted|p1a: Tapu Fini\n|-damage|p1a: Tapu Fini|49\/100\n|\n|-weather|PrimordialSea|[upkeep]\n|-heal|p1a: Tapu Fini|55\/100|[from] item: Leftovers\n|upkeep\n|turn|23\n|inactive|saulim has 60 seconds left.\n|\n|t:|1699382077\n|move|p2a: feeeeeeeeeeeeesh|Thunder|p1a: Tapu Fini\n|-supereffective|p1a: Tapu Fini\n|-damage|p1a: Tapu Fini|0 fnt\n|faint|p1a: Tapu Fini\n|\n|-weather|PrimordialSea|[upkeep]\n|upkeep\n|\n|t:|1699382082\n|switch|p1a: Grimmsnarl|Grimmsnarl, M|54\/100\n|turn|24\n|\n|t:|1699382097\n|-weather|none\n|switch|p2a: Koko bean|Tapu Koko, shiny|83\/100\n|-fieldstart|move: Electric Terrain|[from] ability: Electric Surge|[of] p2a: Koko bean\n|move|p1a: Grimmsnarl|Light Screen|p1a: Grimmsnarl\n|-sidestart|p1: saulim|move: Light Screen\n|\n|upkeep\n|turn|25\n|\n|t:|1699382106\n|move|p1a: Grimmsnarl|Reflect|p1a: Grimmsnarl\n|-sidestart|p1: saulim|Reflect\n|move|p2a: Koko bean|Defog|p1a: Grimmsnarl\n|-unboost|p1a: Grimmsnarl|evasion|1\n|-sideend|p1: saulim|Reflect\n|-sideend|p1: saulim|move: Light Screen\n|-fieldend|move: Electric Terrain\n|\n|upkeep\n|turn|26\n|\n|t:|1699382113\n|move|p1a: Grimmsnarl|Reflect|p1a: Grimmsnarl\n|-sidestart|p1: saulim|Reflect\n|move|p2a: Koko bean|Taunt|p1a: Grimmsnarl\n|-start|p1a: Grimmsnarl|move: Taunt\n|\n|upkeep\n|turn|27\n|\n|t:|1699382123\n|switch|p2a: Boris|Buzzwole|85\/100\n|move|p1a: Grimmsnarl|Spirit Break|p2a: Boris\n|-supereffective|p2a: Boris\n|-damage|p2a: Boris|39\/100\n|-unboost|p2a: Boris|spa|1\n|\n|-heal|p2a: Boris|45\/100|[from] item: Leftovers\n|upkeep\n|turn|28\n|\n|t:|1699382131\n|move|p2a: Boris|Iron Head|p1a: Grimmsnarl\n|-supereffective|p1a: Grimmsnarl\n|-damage|p1a: Grimmsnarl|31\/100\n|move|p1a: Grimmsnarl|Spirit Break|p2a: Boris\n|-supereffective|p2a: Boris\n|-damage|p2a: Boris|4\/100\n|-unboost|p2a: Boris|spa|1\n|\n|-heal|p2a: Boris|10\/100|[from] item: Leftovers\n|upkeep\n|turn|29\n|inactive|saulim has 60 seconds left.\n|\n|t:|1699382155\n|move|p2a: Boris|Close Combat|p1a: Grimmsnarl\n|-damage|p1a: Grimmsnarl|6\/100\n|-unboost|p2a: Boris|def|1\n|-unboost|p2a: Boris|spd|1\n|move|p1a: Grimmsnarl|Spirit Break|p2a: Boris\n|-supereffective|p2a: Boris\n|-damage|p2a: Boris|0 fnt\n|faint|p2a: Boris\n|\n|-end|p1a: Grimmsnarl|move: Taunt\n|upkeep\n|\n|t:|1699382165\n|switch|p2a: Koko bean|Tapu Koko, shiny|83\/100\n|-fieldstart|move: Electric Terrain|[from] ability: Electric Surge|[of] p2a: Koko bean\n|turn|30\n|\n|t:|1699382174\n|move|p1a: Grimmsnarl|Taunt|p2a: Koko bean\n|-start|p2a: Koko bean|move: Taunt\n|-enditem|p2a: Koko bean|Mental Herb\n|-end|p2a: Koko bean|move: Taunt\n|move|p2a: Koko bean|Taunt|p1a: Grimmsnarl\n|-start|p1a: Grimmsnarl|move: Taunt\n|\n|upkeep\n|turn|31\n|\n|t:|1699382185\n|switch|p1a: Goodra|Goodra-Hisui, M|23\/100\n|move|p2a: Koko bean|Wild Charge|p1a: Goodra\n|-resisted|p1a: Goodra\n|-damage|p1a: Goodra|13\/100\n|-damage|p2a: Koko bean|80\/100|[from] Recoil\n|\n|upkeep\n|turn|32\n|\n|t:|1699382200\n|move|p2a: Koko bean|Wild Charge|p1a: Goodra\n|-resisted|p1a: Goodra\n|-damage|p1a: Goodra|4\/100\n|-damage|p2a: Koko bean|76\/100|[from] Recoil\n|move|p1a: Goodra|Draco Meteor|p2a: Koko bean\n|-immune|p2a: Koko bean\n|\n|upkeep\n|turn|33\n|\n|t:|1699382210\n|move|p2a: Koko bean|Wild Charge|p1a: Goodra\n|-resisted|p1a: Goodra\n|-damage|p1a: Goodra|0 fnt\n|faint|p1a: Goodra\n|-damage|p2a: Koko bean|75\/100|[from] Recoil\n|\n|-sideend|p1: saulim|Reflect\n|upkeep\n|\n|t:|1699382224\n|switch|p1a: Darmanitan|Darmanitan-Galar, F|100\/100\n|turn|34\n|inactive|saulim has 60 seconds left.\n|\n|t:|1699382256\n|move|p1a: Darmanitan|Earthquake|p2a: Koko bean\n|-supereffective|p2a: Koko bean\n|-damage|p2a: Koko bean|0 fnt\n|faint|p2a: Koko bean\n|\n|-fieldend|move: Electric Terrain\n|upkeep\n|\n|t:|1699382262\n|switch|p2a: feeeeeeeeeeeeesh|Kyogre-Primal|70\/100\n|-weather|PrimordialSea|[from] ability: Primordial Sea|[of] p2a: feeeeeeeeeeeeesh\n|turn|35\n|inactive|saulim has 60 seconds left.\n|\n|t:|1699382282\n|-terastallize|p1a: Darmanitan|Ground\n|move|p1a: Darmanitan|Earthquake|p2a: feeeeeeeeeeeeesh\n|-damage|p2a: feeeeeeeeeeeeesh|0 fnt\n|faint|p2a: feeeeeeeeeeeeesh\n|-weather|none\n|\n|upkeep\n|\n|t:|1699382289\n|switch|p2a: hey there darmfan|Darmanitan-Galar, M, shiny|100\/100\n|turn|36\n|\n|t:|1699382293\n|move|p1a: Darmanitan|Earthquake|p2a: hey there darmfan\n|-damage|p2a: hey there darmfan|0 fnt\n|faint|p2a: hey there darmfan\n|\n|win|saulim\n|raw|saulim's rating: 1342 &rarr; <strong>1357<\/strong><br \/>(+15 for winning)\n|raw|msanal's rating: 1250 &rarr; <strong>1231<\/strong><br \/>(-19 for losing)\n|l|\u2606msanal\n","uploadtime":1699382309,"views":8,"p1id":"saulim","p2id":"msanal","formatid":"gen9nationaldexubers","rating":1231,"private":0,"password":""}