{"id":"gen9nationaldexubers-1988043132","p1":"ThatSpicyDragon","p2":"vptwarrior","format":"[Gen 9] National Dex Ubers","log":"|j|\u2606ThatSpicyDragon\n|j|\u2606vptwarrior\n|t:|1699662598\n|gametype|singles\n|player|p1|ThatSpicyDragon|drayden|\n|player|p2|vptwarrior|swimmer|\n|teamsize|p1|6\n|teamsize|p2|6\n|gen|9\n|tier|[Gen 9] National Dex Ubers\n|rule|HP Percentage Mod: HP is shown in percentages\n|rule|Endless Battle Clause: Forcing endless battles is banned\n|rule|OHKO Clause: OHKO moves are banned\n|rule|Evasion Moves Clause: Evasion moves are banned\n|rule|Evasion Items Clause: Evasion items are banned\n|rule|Species Clause: Limit one of each Pok\u00e9mon\n|rule|Sleep Clause Mod: Limit one foe put to sleep\n|rule|Mega Rayquaza Clause: You cannot mega evolve Rayquaza\n|clearpoke\n|poke|p1|Annihilape, F|\n|poke|p1|Dragapult, F|\n|poke|p1|Gholdengo|\n|poke|p1|Ceruledge, M|\n|poke|p1|Golurk|\n|poke|p1|Decidueye, M|\n|poke|p2|Jolteon, M|\n|poke|p2|Aerodactyl, M|\n|poke|p2|Lapras, F|\n|poke|p2|Golem, M|\n|poke|p2|Dragonite, M|\n|poke|p2|Venusaur, M|\n|teampreview\n|\n|t:|1699662608\n|start\n|switch|p1a: Dead Man's Party|Gholdengo|100\/100\n|switch|p2a: Jet-Lag|Aerodactyl, M|100\/100\n|turn|1\n|\n|t:|1699662619\n|switch|p2a: Blaster|Venusaur, M|100\/100\n|move|p1a: Dead Man's Party|Flash Cannon|p2a: Blaster\n|-damage|p2a: Blaster|62\/100\n|\n|upkeep\n|turn|2\n|\n|t:|1699662627\n|detailschange|p2a: Blaster|Venusaur-Mega, M\n|-mega|p2a: Blaster|Venusaur|Venusaurite\n|move|p1a: Dead Man's Party|Flash Cannon|p2a: Blaster\n|-damage|p2a: Blaster|30\/100\n|move|p2a: Blaster|Knock Off|p1a: Dead Man's Party\n|-supereffective|p1a: Dead Man's Party\n|-damage|p1a: Dead Man's Party|52\/100\n|-enditem|p1a: Dead Man's Party|Leftovers|[from] move: Knock Off|[of] p2a: Blaster\n|\n|upkeep\n|turn|3\n|\n|t:|1699662635\n|switch|p2a: Bolt|Jolteon, M|100\/100\n|move|p1a: Dead Man's Party|Flash Cannon|p2a: Bolt\n|-resisted|p2a: Bolt\n|-crit|p2a: Bolt\n|-damage|p2a: Bolt|59\/100\n|\n|-heal|p2a: Bolt|65\/100|[from] item: Leftovers\n|upkeep\n|turn|4\n|\n|t:|1699662659\n|move|p2a: Bolt|Shadow Ball|p1a: Dead Man's Party\n|-supereffective|p1a: Dead Man's Party\n|-damage|p1a: Dead Man's Party|0 fnt\n|faint|p1a: Dead Man's Party\n|\n|-heal|p2a: Bolt|71\/100|[from] item: Leftovers\n|upkeep\n|\n|t:|1699662676\n|switch|p1a: Highway to Hell|Dragapult, F|100\/100\n|turn|5\n|\n|t:|1699662681\n|move|p1a: Highway to Hell|Dragon Darts|p2a: Bolt\n|-damage|p2a: Bolt|28\/100\n|-anim|p1a: Highway to Hell|Dragon Darts|p2a: Bolt\n|-damage|p2a: Bolt|0 fnt\n|faint|p2a: Bolt\n|\n|upkeep\n|\n|t:|1699662686\n|switch|p2a: Elizabeth|Lapras, F|100\/100\n|turn|6\n|\n|t:|1699662691\n|move|p1a: Highway to Hell|Will-O-Wisp|p2a: Elizabeth|[miss]\n|-miss|p1a: Highway to Hell|p2a: Elizabeth\n|move|p2a: Elizabeth|Toxic|p1a: Highway to Hell\n|-status|p1a: Highway to Hell|tox\n|\n|-damage|p1a: Highway to Hell|95\/100 tox|[from] psn\n|upkeep\n|turn|7\n|\n|t:|1699662698\n|move|p1a: Highway to Hell|Will-O-Wisp|p2a: Elizabeth\n|-status|p2a: Elizabeth|brn\n|move|p2a: Elizabeth|Freeze-Dry|p1a: Highway to Hell\n|-supereffective|p1a: Highway to Hell\n|-damage|p1a: Highway to Hell|22\/100 tox\n|\n|-heal|p1a: Highway to Hell|28\/100 tox|[from] item: Leftovers\n|-damage|p1a: Highway to Hell|16\/100 tox|[from] psn\n|-damage|p2a: Elizabeth|94\/100 brn|[from] brn\n|upkeep\n|turn|8\n|\n|t:|1699662709\n|move|p1a: Highway to Hell|Dragon Darts|p2a: Elizabeth\n|-damage|p2a: Elizabeth|75\/100 brn\n|-anim|p1a: Highway to Hell|Dragon Darts|p2a: Elizabeth\n|-damage|p2a: Elizabeth|54\/100 brn\n|move|p2a: Elizabeth|Heal Bell|p2a: Elizabeth\n|-activate|p2a: Elizabeth|move: Heal Bell\n|-curestatus|p2a: Elizabeth|brn|[msg]\n|\n|-heal|p1a: Highway to Hell|22\/100 tox|[from] item: Leftovers\n|-heal|p2a: Elizabeth|61\/100|[from] item: Leftovers\n|-damage|p1a: Highway to Hell|4\/100 tox|[from] psn\n|upkeep\n|turn|9\n|\n|t:|1699662721\n|switch|p2a: Blaster|Venusaur-Mega, M|30\/100\n|move|p1a: Highway to Hell|Dragon Darts|p2a: Blaster\n|-damage|p2a: Blaster|11\/100\n|-anim|p1a: Highway to Hell|Dragon Darts|p2a: Blaster\n|-damage|p2a: Blaster|0 fnt\n|faint|p2a: Blaster\n|\n|-heal|p1a: Highway to Hell|10\/100 tox|[from] item: Leftovers\n|-damage|p1a: Highway to Hell|0 fnt|[from] psn\n|faint|p1a: Highway to Hell\n|upkeep\n|\n|t:|1699662736\n|switch|p1a: Bury a Friend|Ceruledge, M|100\/100\n|switch|p2a: Jet-Lag|Aerodactyl, M|100\/100\n|turn|10\n|\n|t:|1699662747\n|switch|p1a: Enter Sandman|Golurk|100\/100\n|move|p2a: Jet-Lag|Stealth Rock|p1a: Enter Sandman\n|-sidestart|p1: ThatSpicyDragon|move: Stealth Rock\n|\n|upkeep\n|turn|11\n|\n|t:|1699662758\n|switch|p2a: Landmine|Golem, M|100\/100\n|move|p1a: Enter Sandman|Thunder Punch|p2a: Landmine\n|-immune|p2a: Landmine\n|\n|upkeep\n|turn|12\n|\n|t:|1699662765\n|move|p1a: Enter Sandman|Drain Punch|p2a: Landmine\n|-supereffective|p2a: Landmine\n|-damage|p2a: Landmine|49\/100\n|move|p2a: Landmine|Earthquake|p1a: Enter Sandman\n|-damage|p1a: Enter Sandman|43\/100\n|\n|-heal|p2a: Landmine|55\/100|[from] item: Leftovers\n|upkeep\n|turn|13\n|\n|t:|1699662774\n|move|p1a: Enter Sandman|Drain Punch|p2a: Landmine\n|-supereffective|p2a: Landmine\n|-damage|p2a: Landmine|4\/100\n|-heal|p1a: Enter Sandman|68\/100|[from] drain|[of] p2a: Landmine\n|move|p2a: Landmine|Earthquake|p1a: Enter Sandman\n|-damage|p1a: Enter Sandman|11\/100\n|\n|-heal|p2a: Landmine|10\/100|[from] item: Leftovers\n|upkeep\n|turn|14\n|\n|t:|1699662782\n|move|p1a: Enter Sandman|Drain Punch|p2a: Landmine\n|-supereffective|p2a: Landmine\n|-damage|p2a: Landmine|0 fnt\n|-heal|p1a: Enter Sandman|15\/100|[from] drain|[of] p2a: Landmine\n|faint|p2a: Landmine\n|\n|upkeep\n|\n|t:|1699662789\n|switch|p2a: Jet-Lag|Aerodactyl, M|100\/100\n|turn|15\n|\n|t:|1699662795\n|move|p2a: Jet-Lag|Iron Head|p1a: Enter Sandman\n|-damage|p1a: Enter Sandman|0 fnt\n|faint|p1a: Enter Sandman\n|\n|upkeep\n|\n|t:|1699662800\n|switch|p1a: Creep|Decidueye, M|100\/100\n|turn|16\n|\n|t:|1699662803\n|move|p2a: Jet-Lag|Sky Drop||[still]\n|-prepare|p2a: Jet-Lag|Sky Drop|p1a: Creep\n|\n|upkeep\n|turn|17\n|\n|t:|1699662806\n|move|p2a: Jet-Lag|Sky Drop|p1a: Creep|[from]lockedmove\n|-supereffective|p1a: Creep\n|-damage|p1a: Creep|20\/100\n|-end|p1a: Creep|Sky Drop\n|move|p1a: Creep|Defog|p2a: Jet-Lag\n|-unboost|p2a: Jet-Lag|evasion|1\n|-sideend|p1: ThatSpicyDragon|Stealth Rock|[from] move: Defog|[of] p1a: Creep\n|\n|upkeep\n|turn|18\n|\n|t:|1699662814\n|switch|p1a: Bury a Friend|Ceruledge, M|100\/100\n|move|p2a: Jet-Lag|Iron Head|p1a: Bury a Friend\n|-resisted|p1a: Bury a Friend\n|-damage|p1a: Bury a Friend|84\/100\n|\n|-heal|p1a: Bury a Friend|91\/100|[from] item: Leftovers\n|upkeep\n|turn|19\n|\n|t:|1699662825\n|move|p2a: Jet-Lag|Rock Slide|p1a: Bury a Friend\n|-supereffective|p1a: Bury a Friend\n|-damage|p1a: Bury a Friend|0 fnt\n|faint|p1a: Bury a Friend\n|\n|upkeep\n|\n|t:|1699662830\n|switch|p1a: Thriller|Annihilape, F|100\/100\n|turn|20\n|\n|t:|1699662842\n|move|p2a: Jet-Lag|Sky Drop||[still]\n|-prepare|p2a: Jet-Lag|Sky Drop|p1a: Thriller\n|\n|upkeep\n|turn|21\n|\n|t:|1699662845\n|move|p2a: Jet-Lag|Sky Drop|p1a: Thriller|[from]lockedmove\n|-supereffective|p1a: Thriller\n|-damage|p1a: Thriller|26\/100\n|-end|p1a: Thriller|Sky Drop\n|move|p1a: Thriller|Ice Punch|p2a: Jet-Lag\n|-supereffective|p2a: Jet-Lag\n|-damage|p2a: Jet-Lag|20\/100\n|\n|upkeep\n|turn|22\n|\n|t:|1699662854\n|switch|p1a: Creep|Decidueye, M|20\/100\n|move|p2a: Jet-Lag|Sky Drop||[still]\n|-prepare|p2a: Jet-Lag|Sky Drop|p1a: Creep\n|\n|upkeep\n|turn|23\n|\n|t:|1699662860\n|move|p2a: Jet-Lag|Sky Drop|p1a: Creep|[from]lockedmove\n|-supereffective|p1a: Creep\n|-damage|p1a: Creep|0 fnt\n|faint|p1a: Creep\n|\n|upkeep\n|\n|t:|1699662865\n|switch|p1a: Thriller|Annihilape, F|26\/100\n|turn|24\n|\n|t:|1699662868\n|move|p2a: Jet-Lag|Sky Drop||[still]\n|-prepare|p2a: Jet-Lag|Sky Drop|p1a: Thriller\n|\n|upkeep\n|turn|25\n|\n|t:|1699662870\n|move|p2a: Jet-Lag|Sky Drop|p1a: Thriller|[from]lockedmove\n|-supereffective|p1a: Thriller\n|-damage|p1a: Thriller|0 fnt\n|faint|p1a: Thriller\n|\n|win|vptwarrior\n|c|\u2606ThatSpicyDragon|8====D\n|l|\u2606ThatSpicyDragon\n","uploadtime":1699662879,"views":5,"p1id":"thatspicydragon","p2id":"vptwarrior","formatid":"gen9nationaldexubers","rating":0,"private":0,"password":""}