{"id":"gen9nationaldexubers-1989318520","p1":"David uwu35","p2":"HarukaSlowpoke","format":"[Gen 9] National Dex Ubers","log":"|j|\u2606David uwu35\n|j|\u2606HarukaSlowpoke\n|t:|1699835784\n|gametype|singles\n|player|p1|David uwu35|shadowtriad|\n|player|p2|HarukaSlowpoke|veteran|\n|teamsize|p1|6\n|teamsize|p2|6\n|gen|9\n|tier|[Gen 9] National Dex Ubers\n|rule|HP Percentage Mod: HP is shown in percentages\n|rule|Endless Battle Clause: Forcing endless battles is banned\n|rule|OHKO Clause: OHKO moves are banned\n|rule|Evasion Moves Clause: Evasion moves are banned\n|rule|Evasion Items Clause: Evasion items are banned\n|rule|Species Clause: Limit one of each Pok\u00e9mon\n|rule|Sleep Clause Mod: Limit one foe put to sleep\n|rule|Mega Rayquaza Clause: You cannot mega evolve Rayquaza\n|clearpoke\n|poke|p1|Gholdengo|\n|poke|p1|Dondozo, F|\n|poke|p1|Sableye, F|\n|poke|p1|Chien-Pao|\n|poke|p1|Ursaluna-Bloodmoon, M|\n|poke|p1|Wo-Chien|\n|poke|p2|Slowbro, F|\n|poke|p2|Hatterene, F|\n|poke|p2|Grimmsnarl, M|\n|poke|p2|Skeledirge, M|\n|poke|p2|Meowscarada, M|\n|poke|p2|Excadrill, M|\n|teampreview\n|inactive|Battle timer is ON: inactive players will automatically lose when time's up. (requested by HarukaSlowpoke)\n|inactive|HarukaSlowpoke has 270 seconds left.\n|\n|t:|1699835837\n|start\n|switch|p1a: Ursaluna|Ursaluna-Bloodmoon, M|100\/100\n|switch|p2a: Grimmsnarl|Grimmsnarl, M|100\/100\n|turn|1\n|c|\u2606David uwu35|Aaaaaaaaa\n|\n|t:|1699835850\n|move|p2a: Grimmsnarl|Light Screen|p2a: Grimmsnarl\n|-sidestart|p2: HarukaSlowpoke|move: Light Screen\n|move|p1a: Ursaluna|Blood Moon|p2a: Grimmsnarl\n|-damage|p2a: Grimmsnarl|73\/100\n|\n|upkeep\n|turn|2\n|\n|t:|1699835867\n|move|p2a: Grimmsnarl|Parting Shot|p1a: Ursaluna\n|-unboost|p1a: Ursaluna|atk|1\n|-unboost|p1a: Ursaluna|spa|1\n|\n|t:|1699835875\n|switch|p2a: Meowscarada|Meowscarada, M|100\/100|[from] Parting Shot\n|move|p1a: Ursaluna|Earth Power|p2a: Meowscarada\n|-resisted|p2a: Meowscarada\n|-damage|p2a: Meowscarada|90\/100\n|\n|upkeep\n|turn|3\n|\n|t:|1699835895\n|switch|p1a: Wo-Chien|Wo-Chien|100\/100\n|-ability|p1a: Wo-Chien|Tablets of Ruin\n|move|p2a: Meowscarada|Toxic Spikes|p1a: Wo-Chien\n|-start|p2a: Meowscarada|typechange|Poison|[from] ability: Protean\n|-sidestart|p1: David uwu35|move: Toxic Spikes\n|\n|upkeep\n|turn|4\n|inactive|David uwu35 has 270 seconds left.\n|inactive|HarukaSlowpoke has 270 seconds left.\n|\n|t:|1699835929\n|switch|p2a: Skeledirge|Skeledirge, M|100\/100\n|move|p1a: Wo-Chien|Ruination|p2a: Skeledirge\n|-damage|p2a: Skeledirge|50\/100\n|\n|upkeep\n|turn|5\n|inactive|David uwu35 has 270 seconds left.\n|\n|t:|1699835939\n|-terastallize|p1a: Wo-Chien|Water\n|move|p1a: Wo-Chien|Leech Seed|p2a: Skeledirge|[miss]\n|-miss|p1a: Wo-Chien|p2a: Skeledirge\n|move|p2a: Skeledirge|Torch Song|p1a: Wo-Chien\n|-resisted|p1a: Wo-Chien\n|-damage|p1a: Wo-Chien|86\/100\n|-boost|p2a: Skeledirge|spa|1\n|\n|-heal|p1a: Wo-Chien|92\/100|[from] item: Leftovers\n|-sideend|p2: HarukaSlowpoke|move: Light Screen\n|upkeep\n|turn|6\n|inactive|David uwu35 has 270 seconds left.\n|inactive|HarukaSlowpoke has 270 seconds left.\n|\n|t:|1699835955\n|move|p1a: Wo-Chien|Leech Seed|p2a: Skeledirge\n|-start|p2a: Skeledirge|move: Leech Seed\n|move|p2a: Skeledirge|Shadow Ball|p1a: Wo-Chien\n|-crit|p1a: Wo-Chien\n|-damage|p1a: Wo-Chien|26\/100\n|-unboost|p1a: Wo-Chien|spd|1\n|\n|-heal|p1a: Wo-Chien|32\/100|[from] item: Leftovers\n|-damage|p2a: Skeledirge|38\/100|[from] Leech Seed|[of] p1a: Wo-Chien\n|-heal|p1a: Wo-Chien|45\/100|[silent]\n|upkeep\n|turn|7\n|inactive|HarukaSlowpoke has 270 seconds left.\n|\n|t:|1699835970\n|move|p1a: Wo-Chien|Giga Drain|p2a: Skeledirge\n|-resisted|p2a: Skeledirge\n|-damage|p2a: Skeledirge|26\/100\n|-heal|p1a: Wo-Chien|51\/100|[from] drain|[of] p2a: Skeledirge\n|move|p2a: Skeledirge|Shadow Ball|p1a: Wo-Chien\n|-damage|p1a: Wo-Chien|5\/100\n|\n|-heal|p1a: Wo-Chien|11\/100|[from] item: Leftovers\n|-damage|p2a: Skeledirge|14\/100|[from] Leech Seed|[of] p1a: Wo-Chien\n|-heal|p1a: Wo-Chien|24\/100|[silent]\n|upkeep\n|turn|8\n|inactive|HarukaSlowpoke has 270 seconds left.\n|\n|t:|1699835985\n|move|p1a: Wo-Chien|Giga Drain|p2a: Skeledirge\n|-resisted|p2a: Skeledirge\n|-damage|p2a: Skeledirge|3\/100\n|-heal|p1a: Wo-Chien|30\/100|[from] drain|[of] p2a: Skeledirge\n|move|p2a: Skeledirge|Shadow Ball|p1a: Wo-Chien\n|-damage|p1a: Wo-Chien|0 fnt\n|faint|p1a: Wo-Chien\n|\n|upkeep\n|inactive|David uwu35 has 240 seconds left.\n|\n|t:|1699836022\n|switch|p1a: Ursaluna|Ursaluna-Bloodmoon, M|100\/100\n|-status|p1a: Ursaluna|psn\n|turn|9\n|\n|t:|1699836035\n|switch|p2a: Grimmsnarl|Grimmsnarl, M|73\/100\n|move|p1a: Ursaluna|Calm Mind|p1a: Ursaluna\n|-boost|p1a: Ursaluna|spa|1\n|-boost|p1a: Ursaluna|spd|1\n|\n|-damage|p1a: Ursaluna|88\/100 psn|[from] psn\n|upkeep\n|turn|10\n|\n|t:|1699836050\n|move|p2a: Grimmsnarl|Light Screen|p2a: Grimmsnarl\n|-sidestart|p2: HarukaSlowpoke|move: Light Screen\n|move|p1a: Ursaluna|Blood Moon|p2a: Grimmsnarl\n|-damage|p2a: Grimmsnarl|31\/100\n|\n|-heal|p1a: Ursaluna|94\/100 psn|[from] item: Leftovers\n|-damage|p1a: Ursaluna|82\/100 psn|[from] psn\n|upkeep\n|turn|11\n|inactive|David uwu35 has 240 seconds left.\n|\n|t:|1699836075\n|switch|p1a: Gholdengo|Gholdengo|100\/100\n|move|p2a: Grimmsnarl|Parting Shot|p1a: Gholdengo\n|-immune|p1a: Gholdengo|[from] ability: Good as Gold\n|\n|upkeep\n|turn|12\n|\n|t:|1699836085\n|move|p2a: Grimmsnarl|Taunt|p1a: Gholdengo\n|-immune|p1a: Gholdengo|[from] ability: Good as Gold\n|move|p1a: Gholdengo|Nasty Plot|p1a: Gholdengo\n|-boost|p1a: Gholdengo|spa|2\n|\n|upkeep\n|turn|13\n|\n|t:|1699836098\n|move|p2a: Grimmsnarl|Sucker Punch|p1a: Gholdengo\n|-supereffective|p1a: Gholdengo\n|-damage|p1a: Gholdengo|43\/100\n|move|p1a: Gholdengo|Make It Rain|p2a: Grimmsnarl\n|-supereffective|p2a: Grimmsnarl\n|-damage|p2a: Grimmsnarl|0 fnt\n|-unboost|p1a: Gholdengo|spa|1\n|faint|p2a: Grimmsnarl\n|\n|-heal|p1a: Gholdengo|49\/100|[from] item: Leftovers\n|upkeep\n|inactive|HarukaSlowpoke has 270 seconds left.\n|inactive|HarukaSlowpoke has 240 seconds left.\n|\n|t:|1699836155\n|switch|p2a: Hatterene|Hatterene, F|100\/100\n|turn|14\n|inactive|David uwu35 has 240 seconds left.\n|inactive|HarukaSlowpoke has 240 seconds left.\n|\n|t:|1699836166\n|-terastallize|p2a: Hatterene|Steel\n|move|p1a: Gholdengo|Recover|p1a: Gholdengo\n|-heal|p1a: Gholdengo|99\/100\n|move|p2a: Hatterene|Trick Room|p2a: Hatterene\n|-fieldstart|move: Trick Room|[of] p2a: Hatterene\n|\n|-heal|p1a: Gholdengo|100\/100|[from] item: Leftovers\n|-sideend|p2: HarukaSlowpoke|move: Light Screen\n|upkeep\n|turn|15\n|inactive|HarukaSlowpoke has 240 seconds left.\n|inactive|David uwu35 has 240 seconds left.\n|\n|t:|1699836198\n|switch|p2a: Meowscarada|Meowscarada, M|90\/100\n|move|p1a: Gholdengo|Nasty Plot|p1a: Gholdengo\n|-boost|p1a: Gholdengo|spa|2\n|\n|upkeep\n|turn|16\n|\n|t:|1699836207\n|move|p1a: Gholdengo|Make It Rain|p2a: Meowscarada\n|-damage|p2a: Meowscarada|0 fnt\n|-unboost|p1a: Gholdengo|spa|1\n|faint|p2a: Meowscarada\n|\n|upkeep\n|\n|t:|1699836214\n|switch|p2a: Skeledirge|Skeledirge, M|3\/100\n|turn|17\n|\n|t:|1699836226\n|move|p2a: Skeledirge|Torch Song|p1a: Gholdengo\n|-supereffective|p1a: Gholdengo\n|-damage|p1a: Gholdengo|11\/100\n|-boost|p2a: Skeledirge|spa|1\n|move|p1a: Gholdengo|Shadow Ball|p2a: Skeledirge\n|-supereffective|p2a: Skeledirge\n|-damage|p2a: Skeledirge|0 fnt\n|faint|p2a: Skeledirge\n|\n|-heal|p1a: Gholdengo|17\/100|[from] item: Leftovers\n|upkeep\n|\n|t:|1699836238\n|switch|p2a: Slowbro|Slowbro, F|100\/100\n|turn|18\n|inactive|David uwu35 has 270 seconds left.\n|\n|t:|1699836248\n|detailschange|p2a: Slowbro|Slowbro-Mega, F\n|-mega|p2a: Slowbro|Slowbro|Slowbronite\n|move|p2a: Slowbro|Scald|p1a: Gholdengo\n|-damage|p1a: Gholdengo|0 fnt\n|faint|p1a: Gholdengo\n|\n|-fieldend|move: Trick Room\n|upkeep\n|inactive|David uwu35 has 270 seconds left.\n|\n|t:|1699836260\n|switch|p1a: Sableye|Sableye, F|100\/100\n|-status|p1a: Sableye|psn\n|turn|19\n|inactive|David uwu35 has 270 seconds left.\n|\n|t:|1699836277\n|switch|p2a: Hatterene|Hatterene, F, tera:Steel|100\/100\n|move|p1a: Sableye|Knock Off|p2a: Hatterene\n|-damage|p2a: Hatterene|61\/100\n|-enditem|p2a: Hatterene|Leftovers|[from] move: Knock Off|[of] p1a: Sableye\n|\n|-damage|p1a: Sableye|88\/100 psn|[from] psn\n|upkeep\n|turn|20\n|\n|t:|1699836298\n|move|p1a: Sableye|Thunder Wave|p2a: Hatterene\n|move|p2a: Hatterene|Thunder Wave||[from]ability: Magic Bounce|[still]\n|-fail|p2a: Hatterene\n|move|p2a: Hatterene|Dazzling Gleam|p1a: Sableye\n|-supereffective|p1a: Sableye\n|-damage|p1a: Sableye|0 fnt\n|faint|p1a: Sableye\n|\n|upkeep\n|\n|t:|1699836311\n|switch|p1a: Ursaluna|Ursaluna-Bloodmoon, M|82\/100 psn\n|turn|21\n|inactive|HarukaSlowpoke has 240 seconds left.\n|\n|t:|1699836333\n|switch|p2a: Slowbro|Slowbro-Mega, F|100\/100\n|move|p1a: Ursaluna|Blood Moon|p2a: Slowbro\n|-damage|p2a: Slowbro|47\/100\n|\n|-heal|p1a: Ursaluna|88\/100 psn|[from] item: Leftovers\n|-damage|p1a: Ursaluna|76\/100 psn|[from] psn\n|upkeep\n|turn|22\n|\n|t:|1699836352\n|move|p1a: Ursaluna|Earth Power|p2a: Slowbro\n|-damage|p2a: Slowbro|11\/100\n|move|p2a: Slowbro|Trick Room|p2a: Slowbro\n|-fieldstart|move: Trick Room|[of] p2a: Slowbro\n|\n|-heal|p1a: Ursaluna|82\/100 psn|[from] item: Leftovers\n|-damage|p1a: Ursaluna|69\/100 psn|[from] psn\n|upkeep\n|turn|23\n|\n|t:|1699836362\n|switch|p1a: Dondozo|Dondozo, F|100\/100\n|-status|p1a: Dondozo|psn\n|move|p2a: Slowbro|Scald|p1a: Dondozo\n|-resisted|p1a: Dondozo\n|-crit|p1a: Dondozo\n|-damage|p1a: Dondozo|76\/100 psn\n|\n|-damage|p1a: Dondozo|64\/100 psn|[from] psn\n|upkeep\n|turn|24\n|\n|t:|1699836377\n|switch|p2a: Hatterene|Hatterene, F, tera:Steel|61\/100\n|move|p1a: Dondozo|Wave Crash|p2a: Hatterene\n|-damage|p2a: Hatterene|12\/100\n|-damage|p1a: Dondozo|54\/100 psn|[from] Recoil\n|\n|-damage|p1a: Dondozo|41\/100 psn|[from] psn\n|upkeep\n|-enditem|p1a: Dondozo|Sitrus Berry|[eat]\n|-heal|p1a: Dondozo|66\/100 psn|[from] item: Sitrus Berry\n|turn|25\n|\n|t:|1699836393\n|move|p2a: Hatterene|Psychic|p1a: Dondozo\n|-crit|p1a: Dondozo\n|-damage|p1a: Dondozo|3\/100 psn\n|move|p1a: Dondozo|Liquidation|p2a: Hatterene\n|-damage|p2a: Hatterene|0 fnt\n|faint|p2a: Hatterene\n|\n|-damage|p1a: Dondozo|0 fnt|[from] psn\n|faint|p1a: Dondozo\n|upkeep\n|inactive|David uwu35 has 240 seconds left.\n|\n|t:|1699836410\n|switch|p2a: Excadrill|Excadrill, M|100\/100\n|switch|p1a: Ursaluna|Ursaluna-Bloodmoon, M|69\/100 psn\n|-ability|p2a: Excadrill|Mold Breaker\n|turn|26\n|inactive|HarukaSlowpoke has 210 seconds left.\n|\n|t:|1699836431\n|move|p1a: Ursaluna|Blood Moon|p2a: Excadrill\n|-resisted|p2a: Excadrill\n|-damage|p2a: Excadrill|65\/100\n|move|p2a: Excadrill|Rapid Spin|p1a: Ursaluna\n|-damage|p1a: Ursaluna|59\/100 psn\n|-boost|p2a: Excadrill|spe|1\n|\n|-heal|p1a: Ursaluna|65\/100 psn|[from] item: Leftovers\n|-damage|p1a: Ursaluna|52\/100 psn|[from] psn\n|-fieldend|move: Trick Room\n|upkeep\n|turn|27\n|inactive|HarukaSlowpoke has 210 seconds left.\n|\n|t:|1699836447\n|move|p2a: Excadrill|Drill Run|p1a: Ursaluna\n|-damage|p1a: Ursaluna|26\/100 psn\n|move|p1a: Ursaluna|Earth Power|p2a: Excadrill\n|-supereffective|p2a: Excadrill\n|-damage|p2a: Excadrill|0 fnt\n|faint|p2a: Excadrill\n|\n|-heal|p1a: Ursaluna|32\/100 psn|[from] item: Leftovers\n|-damage|p1a: Ursaluna|19\/100 psn|[from] psn\n|upkeep\n|\n|t:|1699836459\n|switch|p2a: Slowbro|Slowbro-Mega, F|11\/100\n|turn|28\n|\n|t:|1699836465\n|move|p1a: Ursaluna|Blood Moon|p2a: Slowbro\n|-damage|p2a: Slowbro|0 fnt\n|faint|p2a: Slowbro\n|\n|win|David uwu35\n|l|\u2606HarukaSlowpoke\n","uploadtime":1699836475,"views":5,"p1id":"daviduwu35","p2id":"harukaslowpoke","formatid":"gen9nationaldexubers","rating":0,"private":0,"password":""}