{"id":"gen9nationaldexubers-1986147508","p1":"Black_Wicked","p2":"7s Recruit","format":"[Gen 9] National Dex Ubers","log":"|j|\u2606Black_Wicked\n|j|\u26067s Recruit\n|t:|1699454712\n|gametype|singles\n|player|p1|Black_Wicked|ghetsis|\n|player|p2|7s Recruit|ethan|\n|teamsize|p1|6\n|teamsize|p2|6\n|gen|9\n|tier|[Gen 9] National Dex Ubers\n|rule|HP Percentage Mod: HP is shown in percentages\n|rule|Endless Battle Clause: Forcing endless battles is banned\n|rule|OHKO Clause: OHKO moves are banned\n|rule|Evasion Moves Clause: Evasion moves are banned\n|rule|Evasion Items Clause: Evasion items are banned\n|rule|Species Clause: Limit one of each Pok\u00e9mon\n|rule|Sleep Clause Mod: Limit one foe put to sleep\n|rule|Mega Rayquaza Clause: You cannot mega evolve Rayquaza\n|clearpoke\n|poke|p1|Clefable, F|\n|poke|p1|Grafaiai, M|\n|poke|p1|Jirachi|\n|poke|p1|Araquanid, M|\n|poke|p1|Regieleki|\n|poke|p1|Blissey, F|\n|poke|p2|Alakazam, M|\n|poke|p2|Mimikyu, M|\n|poke|p2|Tapu Lele|\n|poke|p2|Garchomp, M|\n|poke|p2|Rotom-Wash|\n|poke|p2|Umbreon, M|\n|teampreview\n|inactive|Battle timer is ON: inactive players will automatically lose when time's up. (requested by Black_Wicked)\n|\n|t:|1699454724\n|start\n|switch|p1a: Araquanid|Araquanid, M|100\/100\n|switch|p2a: Rampage|Garchomp, M|100\/100\n|turn|1\n|\n|t:|1699454731\n|move|p2a: Rampage|Swords Dance|p2a: Rampage\n|-boost|p2a: Rampage|atk|2\n|move|p1a: Araquanid|Sticky Web|p2a: Rampage\n|-sidestart|p2: 7s Recruit|move: Sticky Web\n|\n|upkeep\n|turn|2\n|\n|t:|1699454738\n|move|p2a: Rampage|Fire Fang|p1a: Araquanid\n|-damage|p1a: Araquanid|71\/100\n|move|p1a: Araquanid|Liquidation|p2a: Rampage\n|-damage|p2a: Rampage|51\/100\n|-unboost|p2a: Rampage|def|1\n|-damage|p1a: Araquanid|59\/100|[from] ability: Rough Skin|[of] p2a: Rampage\n|\n|upkeep\n|turn|3\n|\n|t:|1699454752\n|-terastallize|p2a: Rampage|Dragon\n|move|p2a: Rampage|Fire Fang|p1a: Araquanid\n|-damage|p1a: Araquanid|32\/100\n|move|p1a: Araquanid|Liquidation|p2a: Rampage\n|-resisted|p2a: Rampage\n|-damage|p2a: Rampage|11\/100\n|-damage|p1a: Araquanid|19\/100|[from] ability: Rough Skin|[of] p2a: Rampage\n|\n|upkeep\n|turn|4\n|\n|t:|1699454763\n|move|p2a: Rampage|Fire Fang|p1a: Araquanid\n|-damage|p1a: Araquanid|0 fnt\n|faint|p1a: Araquanid\n|\n|upkeep\n|\n|t:|1699454767\n|switch|p1a: Regieleki|Regieleki|100\/100\n|turn|5\n|\n|t:|1699454776\n|switch|p2a: Nerd|Rotom-Wash|100\/100\n|move|p1a: Regieleki|Extreme Speed|p2a: Nerd\n|-damage|p2a: Nerd|66\/100\n|-damage|p1a: Regieleki|91\/100|[from] item: Life Orb\n|\n|-heal|p2a: Nerd|73\/100|[from] item: Leftovers\n|upkeep\n|turn|6\n|\n|t:|1699454787\n|switch|p1a: Blissey|Blissey, F|100\/100\n|move|p2a: Nerd|Defog|p1a: Blissey\n|-unboost|p1a: Blissey|evasion|1\n|-sideend|p2: 7s Recruit|Sticky Web|[from] move: Defog|[of] p2a: Nerd\n|\n|-heal|p2a: Nerd|79\/100|[from] item: Leftovers\n|upkeep\n|turn|7\n|\n|t:|1699454798\n|move|p2a: Nerd|Will-O-Wisp|p1a: Blissey\n|-status|p1a: Blissey|brn\n|move|p1a: Blissey|Metronome|p1a: Blissey\n|move|p1a: Blissey|Spin Out|p2a: Nerd|[from]move: Metronome\n|-resisted|p2a: Nerd\n|-damage|p2a: Nerd|78\/100\n|-unboost|p1a: Blissey|spe|2\n|\n|-heal|p2a: Nerd|85\/100|[from] item: Leftovers\n|-damage|p1a: Blissey|94\/100 brn|[from] brn\n|upkeep\n|turn|8\n|\n|t:|1699454812\n|move|p2a: Nerd|Volt Switch|p1a: Blissey\n|-damage|p1a: Blissey|87\/100 brn\n|\n|t:|1699454816\n|switch|p2a: Rampage|Garchomp, M, tera:Dragon|11\/100|[from] Volt Switch\n|move|p1a: Blissey|Metronome|p1a: Blissey\n|move|p1a: Blissey|Guard Split|p2a: Rampage|[from]move: Metronome\n|-activate|p1a: Blissey|move: Guard Split|[of] p2a: Rampage\n|\n|-heal|p1a: Blissey|93\/100 brn|[from] item: Leftovers\n|-damage|p1a: Blissey|87\/100 brn|[from] brn\n|upkeep\n|turn|9\n|inactive|Black_Wicked has 270 seconds left.\n|\n|t:|1699454861\n|-curestatus|p1a: Blissey|brn|[from] ability: Natural Cure\n|switch|p1a: Grafaiai|Grafaiai, M|100\/100\n|move|p2a: Rampage|Stealth Rock|p1a: Grafaiai\n|-sidestart|p1: Black_Wicked|move: Stealth Rock\n|\n|upkeep\n|turn|10\n|\n|t:|1699454870\n|move|p1a: Grafaiai|Gunk Shot|p2a: Rampage\n|-damage|p2a: Rampage|0 fnt\n|faint|p2a: Rampage\n|\n|upkeep\n|\n|t:|1699454880\n|switch|p2a: Terrina|Tapu Lele|100\/100\n|-fieldstart|move: Psychic Terrain|[from] ability: Psychic Surge|[of] p2a: Terrina\n|turn|11\n|\n|t:|1699454887\n|switch|p1a: Blissey|Blissey, F|87\/100\n|-damage|p1a: Blissey|74\/100|[from] Stealth Rock\n|move|p2a: Terrina|Psychic|p1a: Blissey\n|-damage|p1a: Blissey|56\/100\n|\n|-heal|p1a: Blissey|62\/100|[from] item: Leftovers\n|upkeep\n|turn|12\n|\n|t:|1699454903\n|switch|p2a: Lezoure|Mimikyu, M|100\/100\n|move|p1a: Blissey|Soft-Boiled|p1a: Blissey\n|-heal|p1a: Blissey|100\/100\n|\n|upkeep\n|turn|13\n|\n|t:|1699454914\n|switch|p1a: Grafaiai|Grafaiai, M|100\/100\n|-damage|p1a: Grafaiai|88\/100|[from] Stealth Rock\n|move|p2a: Lezoure|Play Rough|p1a: Grafaiai\n|-resisted|p1a: Grafaiai\n|-damage|p1a: Grafaiai|55\/100\n|\n|-heal|p1a: Grafaiai|61\/100|[from] item: Black Sludge\n|upkeep\n|turn|14\n|\n|t:|1699454927\n|switch|p2a: Caretaker Jr.|Umbreon, M|100\/100\n|move|p1a: Grafaiai|Gunk Shot|p2a: Caretaker Jr.|[miss]\n|-miss|p1a: Grafaiai|p2a: Caretaker Jr.\n|\n|-heal|p1a: Grafaiai|67\/100|[from] item: Black Sludge\n|upkeep\n|turn|15\n|\n|t:|1699454936\n|move|p1a: Grafaiai|Protect|p1a: Grafaiai\n|-singleturn|p1a: Grafaiai|Protect\n|move|p2a: Caretaker Jr.|Foul Play|p1a: Grafaiai\n|-activate|p1a: Grafaiai|move: Protect\n|\n|-heal|p1a: Grafaiai|73\/100|[from] item: Black Sludge\n|-fieldend|move: Psychic Terrain\n|upkeep\n|turn|16\n|\n|t:|1699454945\n|move|p1a: Grafaiai|Substitute|p1a: Grafaiai\n|-start|p1a: Grafaiai|Substitute\n|-damage|p1a: Grafaiai|48\/100\n|move|p2a: Caretaker Jr.|Foul Play|p1a: Grafaiai\n|-end|p1a: Grafaiai|Substitute\n|\n|-heal|p1a: Grafaiai|53\/100|[from] item: Black Sludge\n|upkeep\n|turn|17\n|\n|t:|1699454955\n|move|p1a: Grafaiai|Metronome|p1a: Grafaiai\n|move|p1a: Grafaiai|Brick Break|p2a: Caretaker Jr.|[from]move: Metronome\n|-hint|Since gen 7, Dark is immune to Prankster moves.\n|-immune|p2a: Caretaker Jr.\n|move|p2a: Caretaker Jr.|Foul Play|p1a: Grafaiai\n|-damage|p1a: Grafaiai|0 fnt\n|faint|p1a: Grafaiai\n|\n|upkeep\n|\n|t:|1699454966\n|switch|p1a: Jirachi|Jirachi|100\/100\n|-damage|p1a: Jirachi|94\/100|[from] Stealth Rock\n|turn|18\n|\n|t:|1699454975\n|-terastallize|p1a: Jirachi|Steel\n|move|p1a: Jirachi|Metronome|p1a: Jirachi\n|move|p1a: Jirachi|Ice Beam|p2a: Caretaker Jr.|[from]move: Metronome\n|-crit|p2a: Caretaker Jr.\n|-damage|p2a: Caretaker Jr.|80\/100\n|move|p2a: Caretaker Jr.|Foul Play|p1a: Jirachi\n|-damage|p1a: Jirachi|51\/100\n|\n|-heal|p2a: Caretaker Jr.|87\/100|[from] item: Leftovers\n|upkeep\n|turn|19\n|\n|t:|1699454988\n|move|p1a: Jirachi|Iron Head|p2a: Caretaker Jr.\n|-damage|p2a: Caretaker Jr.|61\/100\n|cant|p2a: Caretaker Jr.|flinch\n|\n|-heal|p2a: Caretaker Jr.|67\/100|[from] item: Leftovers\n|upkeep\n|turn|20\n|\n|t:|1699454996\n|move|p1a: Jirachi|Iron Head|p2a: Caretaker Jr.\n|-damage|p2a: Caretaker Jr.|38\/100\n|move|p2a: Caretaker Jr.|Foul Play|p1a: Jirachi\n|-crit|p1a: Jirachi\n|-damage|p1a: Jirachi|0 fnt\n|faint|p1a: Jirachi\n|\n|-heal|p2a: Caretaker Jr.|44\/100|[from] item: Leftovers\n|upkeep\n|c|\u2606Black_Wicked|2 critical bruhhh\n|\n|t:|1699455008\n|switch|p1a: Blissey|Blissey, F|100\/100\n|-damage|p1a: Blissey|88\/100|[from] Stealth Rock\n|turn|21\n|\n|t:|1699455015\n|switch|p2a: Lezoure|Mimikyu, M|100\/100\n|move|p1a: Blissey|Metronome|p1a: Blissey\n|move|p1a: Blissey|Seed Bomb|p2a: Lezoure|[from]move: Metronome\n|-activate|p2a: Lezoure|ability: Disguise\n|-damage|p2a: Lezoure|100\/100\n|detailschange|p2a: Lezoure|Mimikyu-Busted, M\n|-damage|p2a: Lezoure|88\/100|[from] pokemon: Mimikyu-Busted\n|\n|-heal|p1a: Blissey|94\/100|[from] item: Leftovers\n|upkeep\n|turn|22\n|\n|t:|1699455028\n|switch|p1a: Clefable|Clefable, F|100\/100\n|-damage|p1a: Clefable|88\/100|[from] Stealth Rock\n|move|p2a: Lezoure|Play Rough|p1a: Clefable\n|-damage|p1a: Clefable|54\/100\n|\n|-heal|p1a: Clefable|60\/100|[from] item: Leftovers\n|upkeep\n|turn|23\n|\n|t:|1699455041\n|move|p2a: Lezoure|Play Rough|p1a: Clefable\n|-damage|p1a: Clefable|26\/100\n|move|p1a: Clefable|Soft-Boiled|p1a: Clefable\n|-heal|p1a: Clefable|76\/100\n|\n|-heal|p1a: Clefable|82\/100|[from] item: Leftovers\n|upkeep\n|turn|24\n|\n|t:|1699455053\n|move|p2a: Lezoure|Swords Dance|p2a: Lezoure\n|-boost|p2a: Lezoure|atk|2\n|move|p1a: Clefable|Flash|p2a: Lezoure\n|-unboost|p2a: Lezoure|accuracy|1\n|\n|-heal|p1a: Clefable|88\/100|[from] item: Leftovers\n|upkeep\n|turn|25\n|inactive|Black_Wicked has 270 seconds left.\n|\n|t:|1699455101\n|move|p2a: Lezoure|Play Rough|p1a: Clefable\n|-damage|p1a: Clefable|55\/100\n|move|p1a: Clefable|Flash|p2a: Lezoure\n|-unboost|p2a: Lezoure|accuracy|1\n|\n|-heal|p1a: Clefable|61\/100|[from] item: Leftovers\n|upkeep\n|turn|26\n|\n|t:|1699455112\n|-zpower|p2a: Lezoure\n|move|p2a: Lezoure|Never-Ending Nightmare|p1a: Clefable|[zeffect]\n|-damage|p1a: Clefable|5\/100\n|move|p1a: Clefable|Soft-Boiled|p1a: Clefable\n|-heal|p1a: Clefable|55\/100\n|\n|-heal|p1a: Clefable|61\/100|[from] item: Leftovers\n|upkeep\n|turn|27\n|\n|t:|1699455132\n|switch|p2a: Terrina|Tapu Lele|100\/100\n|-fieldstart|move: Psychic Terrain|[from] ability: Psychic Surge|[of] p2a: Terrina\n|move|p1a: Clefable|Soft-Boiled|p1a: Clefable\n|-heal|p1a: Clefable|100\/100\n|\n|upkeep\n|turn|28\n|\n|t:|1699455141\n|move|p2a: Terrina|Psychic|p1a: Clefable\n|-damage|p1a: Clefable|42\/100\n|-unboost|p1a: Clefable|spd|1\n|move|p1a: Clefable|Metronome|p1a: Clefable\n|move|p1a: Clefable|Frenzy Plant|p2a: Terrina|[from]move: Metronome\n|-damage|p2a: Terrina|64\/100\n|-mustrecharge|p1a: Clefable\n|\n|-heal|p1a: Clefable|48\/100|[from] item: Leftovers\n|upkeep\n|turn|29\n|\n|t:|1699455152\n|move|p2a: Terrina|Psychic|p1a: Clefable\n|-damage|p1a: Clefable|0 fnt\n|faint|p1a: Clefable\n|\n|upkeep\n|\n|t:|1699455168\n|switch|p1a: Blissey|Blissey, F|94\/100\n|-damage|p1a: Blissey|82\/100|[from] Stealth Rock\n|turn|30\n|\n|t:|1699455173\n|move|p2a: Terrina|Psychic|p1a: Blissey\n|-damage|p1a: Blissey|62\/100\n|move|p1a: Blissey|Metronome|p1a: Blissey\n|move|p1a: Blissey|Lash Out|p2a: Terrina|[from]move: Metronome\n|-damage|p2a: Terrina|59\/100\n|\n|-heal|p1a: Blissey|68\/100|[from] item: Leftovers\n|upkeep\n|turn|31\n|\n|t:|1699455197\n|switch|p2a: Lezoure|Mimikyu-Busted, M|88\/100\n|move|p1a: Blissey|Soft-Boiled|p1a: Blissey\n|-heal|p1a: Blissey|100\/100\n|\n|-fieldend|move: Psychic Terrain\n|upkeep\n|turn|32\n|\n|t:|1699455206\n|move|p2a: Lezoure|Play Rough|p1a: Blissey\n|-damage|p1a: Blissey|29\/100\n|move|p1a: Blissey|Metronome|p1a: Blissey\n|move|p1a: Blissey|Liquidation|p2a: Lezoure|[from]move: Metronome\n|-crit|p2a: Lezoure\n|-damage|p2a: Lezoure|77\/100\n|\n|-heal|p1a: Blissey|35\/100|[from] item: Leftovers\n|upkeep\n|turn|33\n|\n|t:|1699455218\n|switch|p1a: Regieleki|Regieleki|91\/100\n|-damage|p1a: Regieleki|78\/100|[from] Stealth Rock\n|move|p2a: Lezoure|Play Rough|p1a: Regieleki\n|-damage|p1a: Regieleki|12\/100\n|\n|upkeep\n|turn|34\n|\n|t:|1699455237\n|move|p2a: Lezoure|Shadow Sneak|p1a: Regieleki\n|-damage|p1a: Regieleki|0 fnt\n|faint|p1a: Regieleki\n|\n|upkeep\n|\n|t:|1699455239\n|switch|p1a: Blissey|Blissey, F|35\/100\n|-damage|p1a: Blissey|23\/100|[from] Stealth Rock\n|turn|35\n|\n|t:|1699455246\n|move|p2a: Lezoure|Play Rough|p1a: Blissey\n|-damage|p1a: Blissey|0 fnt\n|faint|p1a: Blissey\n|\n|win|7s Recruit\n","uploadtime":1699455248,"views":14,"p1id":"blackwicked","p2id":"7srecruit","formatid":"gen9nationaldexubers","rating":0,"private":0,"password":""}