{"id":"gen9nationaldexubers-1984242993","p1":"lokeyos","p2":"David uwu35","format":"[Gen 9] National Dex Ubers","log":"|j|\u2606lokeyos\n|j|\u2606David uwu35\n|t:|1699234187\n|gametype|singles\n|player|p1|lokeyos|n|\n|player|p2|David uwu35|shadowtriad|\n|teamsize|p1|6\n|teamsize|p2|6\n|gen|9\n|tier|[Gen 9] National Dex Ubers\n|rule|HP Percentage Mod: HP is shown in percentages\n|rule|Endless Battle Clause: Forcing endless battles is banned\n|rule|OHKO Clause: OHKO moves are banned\n|rule|Evasion Moves Clause: Evasion moves are banned\n|rule|Evasion Items Clause: Evasion items are banned\n|rule|Species Clause: Limit one of each Pok\u00e9mon\n|rule|Sleep Clause Mod: Limit one foe put to sleep\n|rule|Mega Rayquaza Clause: You cannot mega evolve Rayquaza\n|clearpoke\n|poke|p1|Great Tusk|\n|poke|p1|Roaring Moon|\n|poke|p1|Ribombee, M|\n|poke|p1|Gliscor, M|\n|poke|p1|Gholdengo|\n|poke|p1|Rotom-Wash|\n|poke|p2|Espathra, F|\n|poke|p2|Lilligant-Hisui, F|\n|poke|p2|Magearna|\n|poke|p2|Chien-Pao|\n|poke|p2|Quaquaval, F|\n|poke|p2|Iron Hands|\n|teampreview\n|\n|t:|1699234211\n|start\n|switch|p1a: Ribombee|Ribombee, M|100\/100\n|switch|p2a: Quaquaval|Quaquaval, F|100\/100\n|turn|1\n|\n|t:|1699234226\n|-terastallize|p2a: Quaquaval|Flying\n|move|p1a: Ribombee|Stun Spore|p2a: Quaquaval\n|-status|p2a: Quaquaval|par\n|cant|p2a: Quaquaval|par\n|\n|upkeep\n|turn|2\n|\n|t:|1699234261\n|move|p1a: Ribombee|Sticky Web|p2a: Quaquaval\n|-sidestart|p2: David uwu35|move: Sticky Web\n|move|p2a: Quaquaval|Swords Dance|p2a: Quaquaval\n|-boost|p2a: Quaquaval|atk|2\n|\n|upkeep\n|turn|3\n|\n|t:|1699234267\n|move|p1a: Ribombee|Moonblast|p2a: Quaquaval\n|-damage|p2a: Quaquaval|51\/100 par\n|move|p2a: Quaquaval|Aqua Step|p1a: Ribombee\n|-enditem|p1a: Ribombee|Focus Sash\n|-damage|p1a: Ribombee|1\/100\n|-boost|p2a: Quaquaval|spe|1\n|\n|upkeep\n|turn|4\n|\n|t:|1699234277\n|move|p1a: Ribombee|Moonblast|p2a: Quaquaval\n|-damage|p2a: Quaquaval|0 fnt\n|faint|p2a: Quaquaval\n|\n|upkeep\n|\n|t:|1699234285\n|switch|p2a: Iron Hands|Iron Hands|100\/100\n|-activate|p2a: Iron Hands|move: Sticky Web\n|-unboost|p2a: Iron Hands|spe|1\n|-enditem|p2a: Iron Hands|Booster Energy\n|-activate|p2a: Iron Hands|ability: Quark Drive|[fromitem]\n|-start|p2a: Iron Hands|quarkdrivedef\n|turn|5\n|\n|t:|1699234300\n|-end|p2a: Iron Hands|Quark Drive|[silent]\n|switch|p2a: Magearna|Magearna|100\/100\n|-activate|p2a: Magearna|move: Sticky Web\n|-unboost|p2a: Magearna|spe|1\n|move|p1a: Ribombee|Moonblast|p2a: Magearna\n|-resisted|p2a: Magearna\n|-damage|p2a: Magearna|85\/100\n|-unboost|p2a: Magearna|spa|1\n|\n|-heal|p2a: Magearna|91\/100|[from] item: Leftovers\n|upkeep\n|turn|6\n|\n|t:|1699234312\n|move|p1a: Ribombee|Stun Spore|p2a: Magearna\n|-status|p2a: Magearna|par\n|move|p2a: Magearna|Iron Defense|p2a: Magearna\n|-boost|p2a: Magearna|def|2\n|\n|-heal|p2a: Magearna|97\/100 par|[from] item: Leftovers\n|upkeep\n|turn|7\n|\n|t:|1699234322\n|move|p1a: Ribombee|Psychic|p2a: Magearna\n|-resisted|p2a: Magearna\n|-damage|p2a: Magearna|86\/100 par\n|cant|p2a: Magearna|par\n|\n|-heal|p2a: Magearna|92\/100 par|[from] item: Leftovers\n|upkeep\n|turn|8\n|\n|t:|1699234333\n|move|p1a: Ribombee|Psychic|p2a: Magearna\n|-resisted|p2a: Magearna\n|-damage|p2a: Magearna|82\/100 par\n|move|p2a: Magearna|Iron Defense|p2a: Magearna\n|-boost|p2a: Magearna|def|2\n|\n|-heal|p2a: Magearna|88\/100 par|[from] item: Leftovers\n|upkeep\n|turn|9\n|\n|t:|1699234343\n|switch|p1a: Gholdengo|Gholdengo|100\/100\n|cant|p2a: Magearna|par\n|\n|-heal|p2a: Magearna|94\/100 par|[from] item: Leftovers\n|upkeep\n|turn|10\n|\n|t:|1699234356\n|move|p1a: Gholdengo|Nasty Plot|p1a: Gholdengo\n|-boost|p1a: Gholdengo|spa|2\n|move|p2a: Magearna|Calm Mind|p2a: Magearna\n|-boost|p2a: Magearna|spa|1\n|-boost|p2a: Magearna|spd|1\n|\n|-heal|p2a: Magearna|99\/100 par|[from] item: Leftovers\n|upkeep\n|turn|11\n|\n|t:|1699234366\n|move|p1a: Gholdengo|Make It Rain|p2a: Magearna\n|-damage|p2a: Magearna|33\/100 par\n|-unboost|p1a: Gholdengo|spa|1\n|move|p2a: Magearna|Calm Mind|p2a: Magearna\n|-boost|p2a: Magearna|spa|1\n|-boost|p2a: Magearna|spd|1\n|\n|-heal|p2a: Magearna|39\/100 par|[from] item: Leftovers\n|upkeep\n|turn|12\n|\n|t:|1699234385\n|move|p1a: Gholdengo|Make It Rain|p2a: Magearna\n|-damage|p2a: Magearna|0 fnt\n|-unboost|p1a: Gholdengo|spa|1\n|faint|p2a: Magearna\n|\n|upkeep\n|\n|t:|1699234396\n|switch|p2a: Chien-Pao|Chien-Pao|100\/100\n|-activate|p2a: Chien-Pao|move: Sticky Web\n|-unboost|p2a: Chien-Pao|spe|1\n|-ability|p2a: Chien-Pao|Sword of Ruin\n|turn|13\n|\n|t:|1699234404\n|-terastallize|p1a: Gholdengo|Fighting\n|move|p2a: Chien-Pao|Sucker Punch||[still]\n|-fail|p2a: Chien-Pao\n|move|p1a: Gholdengo|Nasty Plot|p1a: Gholdengo\n|-boost|p1a: Gholdengo|spa|2\n|\n|upkeep\n|turn|14\n|\n|t:|1699234418\n|move|p1a: Gholdengo|Shadow Ball|p2a: Chien-Pao\n|-resisted|p2a: Chien-Pao\n|-damage|p2a: Chien-Pao|36\/100\n|move|p2a: Chien-Pao|Ice Spinner|p1a: Gholdengo\n|-crit|p1a: Gholdengo\n|-damage|p1a: Gholdengo|3\/100\n|\n|upkeep\n|turn|15\n|\n|t:|1699234426\n|move|p2a: Chien-Pao|Sucker Punch||[still]\n|-fail|p2a: Chien-Pao\n|move|p1a: Gholdengo|Recover|p1a: Gholdengo\n|-heal|p1a: Gholdengo|53\/100\n|\n|upkeep\n|turn|16\n|\n|t:|1699234439\n|move|p1a: Gholdengo|Recover|p1a: Gholdengo\n|-heal|p1a: Gholdengo|100\/100\n|move|p2a: Chien-Pao|Ice Spinner|p1a: Gholdengo\n|-damage|p1a: Gholdengo|33\/100\n|\n|upkeep\n|turn|17\n|\n|t:|1699234461\n|move|p1a: Gholdengo|Recover|p1a: Gholdengo\n|-heal|p1a: Gholdengo|83\/100\n|move|p2a: Chien-Pao|Swords Dance|p2a: Chien-Pao\n|-boost|p2a: Chien-Pao|atk|2\n|\n|upkeep\n|turn|18\n|\n|t:|1699234471\n|move|p2a: Chien-Pao|Sucker Punch|p1a: Gholdengo\n|-resisted|p1a: Gholdengo\n|-damage|p1a: Gholdengo|29\/100\n|move|p1a: Gholdengo|Shadow Ball|p2a: Chien-Pao\n|-resisted|p2a: Chien-Pao\n|-damage|p2a: Chien-Pao|0 fnt\n|faint|p2a: Chien-Pao\n|\n|upkeep\n|\n|t:|1699234482\n|switch|p2a: Lilligant|Lilligant-Hisui, F, shiny|100\/100\n|-activate|p2a: Lilligant|move: Sticky Web\n|-unboost|p2a: Lilligant|spe|1\n|turn|19\n|\n|t:|1699234494\n|move|p1a: Gholdengo|Make It Rain|p2a: Lilligant\n|-damage|p2a: Lilligant|0 fnt\n|-unboost|p1a: Gholdengo|spa|1\n|faint|p2a: Lilligant\n|\n|upkeep\n|\n|t:|1699234510\n|switch|p2a: Iron Hands|Iron Hands|100\/100\n|-activate|p2a: Iron Hands|move: Sticky Web\n|-unboost|p2a: Iron Hands|spe|1\n|turn|20\n|\n|t:|1699234530\n|move|p1a: Gholdengo|Shadow Ball|p2a: Iron Hands\n|-damage|p2a: Iron Hands|35\/100\n|move|p2a: Iron Hands|Thunder Punch|p1a: Gholdengo\n|-damage|p1a: Gholdengo|0 fnt\n|faint|p1a: Gholdengo\n|\n|upkeep\n|\n|t:|1699234541\n|switch|p1a: Great Tusk|Great Tusk|100\/100\n|-enditem|p1a: Great Tusk|Booster Energy\n|-activate|p1a: Great Tusk|ability: Protosynthesis|[fromitem]\n|-start|p1a: Great Tusk|protosynthesisatk\n|turn|21\n|\n|t:|1699234564\n|move|p1a: Great Tusk|Rapid Spin|p2a: Iron Hands\n|-damage|p2a: Iron Hands|25\/100\n|-boost|p1a: Great Tusk|spe|1\n|move|p2a: Iron Hands|Drain Punch|p1a: Great Tusk\n|-damage|p1a: Great Tusk|75\/100\n|-heal|p2a: Iron Hands|35\/100|[from] drain|[of] p1a: Great Tusk\n|\n|upkeep\n|turn|22\n|\n|t:|1699234590\n|move|p1a: Great Tusk|Rapid Spin|p2a: Iron Hands\n|-damage|p2a: Iron Hands|24\/100\n|-boost|p1a: Great Tusk|spe|1\n|move|p2a: Iron Hands|Iron Defense|p2a: Iron Hands\n|-boost|p2a: Iron Hands|def|2\n|\n|upkeep\n|turn|23\n|\n|t:|1699234599\n|move|p1a: Great Tusk|Headlong Rush|p2a: Iron Hands\n|-supereffective|p2a: Iron Hands\n|-damage|p2a: Iron Hands|0 fnt\n|-unboost|p1a: Great Tusk|def|1\n|-unboost|p1a: Great Tusk|spd|1\n|faint|p2a: Iron Hands\n|-end|p2a: Iron Hands|Quark Drive|[silent]\n|\n|upkeep\n|\n|t:|1699234607\n|switch|p2a: Espathra|Espathra, F|100\/100\n|-activate|p2a: Espathra|move: Sticky Web\n|-unboost|p2a: Espathra|spe|1\n|turn|24\n|\n|t:|1699234635\n|move|p1a: Great Tusk|Knock Off|p2a: Espathra\n|-supereffective|p2a: Espathra\n|-damage|p2a: Espathra|0 fnt\n|-enditem|p2a: Espathra|Leftovers|[from] move: Knock Off|[of] p1a: Great Tusk\n|faint|p2a: Espathra\n|\n|win|lokeyos\n","uploadtime":1699234647,"views":9,"p1id":"lokeyos","p2id":"daviduwu35","formatid":"gen9nationaldexubers","rating":0,"private":0,"password":""}