{"id":"gen9nationaldexubers-1980452831","p1":"doubletrouble84","p2":"FireTack GD \/\\\/\\\/\\","format":"[Gen 9] National Dex Ubers","log":"|j|\u2606doubletrouble84\n|j|\u2606FireTack GD \/\\\/\\\/\\\n|t:|1698786287\n|gametype|singles\n|player|p1|doubletrouble84|n|1358\n|player|p2|FireTack GD \/\\\/\\\/\\|ethan|1312\n|teamsize|p1|6\n|teamsize|p2|6\n|gen|9\n|tier|[Gen 9] National Dex Ubers\n|rated|\n|rule|HP Percentage Mod: HP is shown in percentages\n|rule|Endless Battle Clause: Forcing endless battles is banned\n|rule|OHKO Clause: OHKO moves are banned\n|rule|Evasion Moves Clause: Evasion moves are banned\n|rule|Evasion Items Clause: Evasion items are banned\n|rule|Species Clause: Limit one of each Pok\u00e9mon\n|rule|Sleep Clause Mod: Limit one foe put to sleep\n|rule|Mega Rayquaza Clause: You cannot mega evolve Rayquaza\n|clearpoke\n|poke|p1|Basculegion, M|\n|poke|p1|Marshadow|\n|poke|p1|Deoxys-Speed|\n|poke|p1|Xerneas-*|\n|poke|p1|Zacian-*|\n|poke|p1|Pelipper, F|\n|poke|p2|Zacian-*|\n|poke|p2|Wobbuffet, M|\n|poke|p2|Kartana|\n|poke|p2|Pawmot, F|\n|poke|p2|Groudon|\n|poke|p2|Basculegion, M|\n|teampreview\n|inactive|Battle timer is ON: inactive players will automatically lose when time's up. (requested by FireTack GD \/\\\/\\\/\\)\n|inactive|doubletrouble84 also wants the timer to be on.\n|\n|t:|1698786292\n|start\n|switch|p1a: Deoxys|Deoxys-Speed|100\/100\n|switch|p2a: Groudon|Groudon|100\/100\n|-ability|p1a: Deoxys|Pressure\n|detailschange|p2a: Groudon|Groudon-Primal\n|-primal|p2a: Groudon|Red Orb\n|-weather|DesolateLand|[from] ability: Desolate Land|[of] p2a: Groudon\n|turn|1\n|inactive|FireTack GD \/\\\/\\\/\\ has 120 seconds left.\n|\n|t:|1698786333\n|move|p1a: Deoxys|Taunt|p2a: Groudon\n|-start|p2a: Groudon|move: Taunt\n|move|p2a: Groudon|Precipice Blades|p1a: Deoxys\n|-damage|p1a: Deoxys|12\/100\n|\n|-weather|DesolateLand|[upkeep]\n|upkeep\n|turn|2\n|\n|t:|1698786340\n|move|p1a: Deoxys|Stealth Rock|p2a: Groudon\n|-sidestart|p2: FireTack GD \/\\\/\\\/\\|move: Stealth Rock\n|move|p2a: Groudon|Precipice Blades|p1a: Deoxys\n|-damage|p1a: Deoxys|0 fnt\n|faint|p1a: Deoxys\n|\n|-weather|DesolateLand|[upkeep]\n|upkeep\n|\n|t:|1698786348\n|switch|p1a: Xerneas|Xerneas|100\/100\n|-ability|p1a: Xerneas|Fairy Aura\n|turn|3\n|inactive|FireTack GD \/\\\/\\\/\\ has 120 seconds left.\n|\n|t:|1698786361\n|move|p1a: Xerneas|Geomancy||[still]\n|-prepare|p1a: Xerneas|Geomancy\n|-enditem|p1a: Xerneas|Power Herb\n|-anim|p1a: Xerneas|Geomancy|p1a: Xerneas\n|-boost|p1a: Xerneas|spa|2\n|-boost|p1a: Xerneas|spd|2\n|-boost|p1a: Xerneas|spe|2\n|move|p2a: Groudon|Precipice Blades|p1a: Xerneas\n|-damage|p1a: Xerneas|33\/100\n|\n|-weather|DesolateLand|[upkeep]\n|-end|p2a: Groudon|move: Taunt\n|upkeep\n|turn|4\n|\n|t:|1698786371\n|move|p1a: Xerneas|Moonblast|p2a: Groudon\n|-resisted|p2a: Groudon\n|-damage|p2a: Groudon|42\/100\n|move|p2a: Groudon|Precipice Blades|p1a: Xerneas\n|-damage|p1a: Xerneas|0 fnt\n|faint|p1a: Xerneas\n|\n|-weather|DesolateLand|[upkeep]\n|upkeep\n|\n|t:|1698786380\n|switch|p1a: Zacian|Zacian-Crowned|100\/100\n|-ability|p1a: Zacian|Intrepid Sword|boost\n|-boost|p1a: Zacian|atk|1\n|turn|5\n|\n|t:|1698786389\n|move|p1a: Zacian|Behemoth Blade|p2a: Groudon\n|-resisted|p2a: Groudon\n|-damage|p2a: Groudon|19\/100\n|move|p2a: Groudon|Precipice Blades|p1a: Zacian\n|-supereffective|p1a: Zacian\n|-damage|p1a: Zacian|0 fnt\n|faint|p1a: Zacian\n|\n|-weather|DesolateLand|[upkeep]\n|upkeep\n|\n|t:|1698786398\n|switch|p1a: Marshadow|Marshadow|100\/100\n|turn|6\n|\n|t:|1698786414\n|move|p1a: Marshadow|Poltergeist|p2a: Groudon\n|-activate|p2a: Groudon|move: Poltergeist|Red Orb\n|-damage|p2a: Groudon|0 fnt\n|faint|p2a: Groudon\n|-weather|none\n|\n|upkeep\n|\n|t:|1698786427\n|switch|p2a: Zacian|Zacian-Crowned|100\/100\n|-damage|p2a: Zacian|94\/100|[from] Stealth Rock\n|-ability|p2a: Zacian|Intrepid Sword|boost\n|-boost|p2a: Zacian|atk|1\n|turn|7\n|\n|t:|1698786436\n|move|p2a: Zacian|Play Rough|p1a: Marshadow|[miss]\n|-miss|p2a: Zacian|p1a: Marshadow\n|move|p1a: Marshadow|Spectral Thief||[still]\n|-clearpositiveboost|p2a: Zacian|p1a: Marshadow|move: Spectral Thief\n|-boost|p1a: Marshadow|atk|1\n|-anim|p1a: Marshadow|Spectral Thief|p2a: Zacian\n|-crit|p2a: Zacian\n|-damage|p2a: Zacian|6\/100\n|\n|upkeep\n|turn|8\n|\n|t:|1698786448\n|move|p1a: Marshadow|Shadow Sneak|p2a: Zacian\n|-damage|p2a: Zacian|0 fnt\n|faint|p2a: Zacian\n|\n|upkeep\n|\n|t:|1698786455\n|switch|p2a: Kartana|Kartana|100\/100\n|-damage|p2a: Kartana|94\/100|[from] Stealth Rock\n|turn|9\n|\n|t:|1698786464\n|move|p1a: Marshadow|Close Combat|p2a: Kartana\n|-supereffective|p2a: Kartana\n|-damage|p2a: Kartana|0 fnt\n|-unboost|p1a: Marshadow|def|1\n|-unboost|p1a: Marshadow|spd|1\n|faint|p2a: Kartana\n|\n|upkeep\n|\n|t:|1698786475\n|switch|p2a: Pawmot|Pawmot, F|100\/100\n|-damage|p2a: Pawmot|94\/100|[from] Stealth Rock\n|turn|10\n|\n|t:|1698786484\n|move|p1a: Marshadow|Poltergeist|p2a: Pawmot\n|-activate|p2a: Pawmot|move: Poltergeist|Focus Sash\n|-damage|p2a: Pawmot|0 fnt\n|faint|p2a: Pawmot\n|\n|upkeep\n|\n|t:|1698786492\n|switch|p2a: Basculegion|Basculegion, M|100\/100\n|-damage|p2a: Basculegion|88\/100|[from] Stealth Rock\n|turn|11\n|\n|t:|1698786500\n|move|p1a: Marshadow|Shadow Sneak|p2a: Basculegion\n|-supereffective|p2a: Basculegion\n|-damage|p2a: Basculegion|0 fnt\n|faint|p2a: Basculegion\n|\n|upkeep\n|-message|FireTack GD \/\\\/\\\/\\ forfeited.\n|\n|win|doubletrouble84\n|raw|doubletrouble84's rating: 1358 &rarr; <strong>1375<\/strong><br \/>(+17 for winning)\n|raw|FireTack GD &#x2f;\\&#x2f;\\&#x2f;\\'s rating: 1312 &rarr; <strong>1295<\/strong><br \/>(-17 for losing)\n|l|\u2606FireTack GD \/\\\/\\\/\\\n","uploadtime":1698786511,"views":5,"p1id":"doubletrouble84","p2id":"firetackgd","formatid":"gen9nationaldexubers","rating":1295,"private":0,"password":""}