{"id":"gen9nationaldexubers-1983625707","p1":"deleter191","p2":"DrLipschitz420","format":"[Gen 9] National Dex Ubers","log":"|j|\u2606deleter191\n|j|\u2606DrLipschitz420\n|t:|1699150954\n|gametype|singles\n|player|p1|deleter191|giovanni|\n|player|p2|DrLipschitz420|swimmer-gen4dp|\n|teamsize|p1|6\n|teamsize|p2|6\n|gen|9\n|tier|[Gen 9] National Dex Ubers\n|rule|HP Percentage Mod: HP is shown in percentages\n|rule|Endless Battle Clause: Forcing endless battles is banned\n|rule|OHKO Clause: OHKO moves are banned\n|rule|Evasion Moves Clause: Evasion moves are banned\n|rule|Evasion Items Clause: Evasion items are banned\n|rule|Species Clause: Limit one of each Pok\u00e9mon\n|rule|Sleep Clause Mod: Limit one foe put to sleep\n|rule|Mega Rayquaza Clause: You cannot mega evolve Rayquaza\n|clearpoke\n|poke|p1|Serperior, F|\n|poke|p1|Haxorus, M|\n|poke|p1|Gigalith, F|\n|poke|p1|Victini|\n|poke|p1|Genesect-Douse|\n|poke|p1|Zoroark-Hisui, F|\n|poke|p2|Hypno, M|\n|poke|p2|Ninetales, F|\n|poke|p2|Dragonite, M|\n|poke|p2|Charizard, F|\n|poke|p2|Venusaur, M|\n|poke|p2|Moltres-Galar|\n|teampreview\n|j| MusicalJoker\n|j| mvjr1113\n|j| Jayrox41\n|\n|t:|1699151018\n|start\n|switch|p1a: Haxorus|Haxorus, M|100\/100\n|switch|p2a: Agenda|Hypno, M|100\/100\n|-ability|p1a: Haxorus|Mold Breaker\n|-activate|p2a: Agenda|ability: Forewarn|Earthquake|[of] p1a: Haxorus\n|turn|1\n|\n|t:|1699151031\n|move|p1a: Haxorus|Swords Dance|p1a: Haxorus\n|-boost|p1a: Haxorus|atk|2\n|move|p2a: Agenda|Sunny Day|p2a: Agenda\n|-weather|SunnyDay\n|\n|-weather|SunnyDay|[upkeep]\n|upkeep\n|turn|2\n|\n|t:|1699151042\n|move|p1a: Haxorus|Swords Dance|p1a: Haxorus\n|-boost|p1a: Haxorus|atk|2\n|move|p2a: Agenda|Dazzling Gleam|p1a: Haxorus\n|-supereffective|p1a: Haxorus\n|-damage|p1a: Haxorus|53\/100\n|\n|-weather|SunnyDay|[upkeep]\n|upkeep\n|turn|3\n|\n|t:|1699151050\n|move|p1a: Haxorus|Earthquake|p2a: Agenda\n|-damage|p2a: Agenda|0 fnt\n|faint|p2a: Agenda\n|-damage|p1a: Haxorus|43\/100|[from] item: Life Orb\n|\n|-weather|SunnyDay|[upkeep]\n|upkeep\n|\n|t:|1699151068\n|switch|p2a: Matthew Perry|Charizard, F|100\/100\n|turn|4\n|\n|t:|1699151075\n|detailschange|p2a: Matthew Perry|Charizard-Mega-Y, F\n|-mega|p2a: Matthew Perry|Charizard|Charizardite Y\n|move|p1a: Haxorus|Dragon Claw|p2a: Matthew Perry\n|-damage|p2a: Matthew Perry|0 fnt\n|faint|p2a: Matthew Perry\n|-damage|p1a: Haxorus|33\/100|[from] item: Life Orb\n|\n|-weather|SunnyDay|[upkeep]\n|upkeep\n|\n|t:|1699151091\n|switch|p2a: Naruto|Ninetales, F|100\/100\n|turn|5\n|\n|t:|1699151098\n|move|p1a: Haxorus|Earthquake|p2a: Naruto\n|-supereffective|p2a: Naruto\n|-damage|p2a: Naruto|0 fnt\n|faint|p2a: Naruto\n|-damage|p1a: Haxorus|23\/100|[from] item: Life Orb\n|\n|-weather|none\n|upkeep\n|\n|t:|1699151106\n|switch|p2a: Orange Hoe|Dragonite, M|100\/100\n|turn|6\n|\n|t:|1699151119\n|-terastallize|p1a: Haxorus|Fire\n|move|p1a: Haxorus|Dragon Claw|p2a: Orange Hoe\n|-supereffective|p2a: Orange Hoe\n|-damage|p2a: Orange Hoe|0 fnt\n|faint|p2a: Orange Hoe\n|-damage|p1a: Haxorus|13\/100|[from] item: Life Orb\n|\n|upkeep\n|\n|t:|1699151127\n|switch|p2a: My Last Poop|Moltres-Galar|100\/100\n|turn|7\n|\n|t:|1699151135\n|move|p1a: Haxorus|Dragon Claw|p2a: My Last Poop\n|-damage|p2a: My Last Poop|0 fnt\n|faint|p2a: My Last Poop\n|-damage|p1a: Haxorus|3\/100|[from] item: Life Orb\n|\n|upkeep\n|\n|t:|1699151142\n|switch|p2a: That Herb|Venusaur, M|100\/100\n|turn|8\n|\n|t:|1699151149\n|-terastallize|p2a: That Herb|Grass\n|move|p1a: Haxorus|Tera Blast|p2a: That Herb|[anim] Tera Blast Fire\n|-supereffective|p2a: That Herb\n|-crit|p2a: That Herb\n|-damage|p2a: That Herb|0 fnt\n|faint|p2a: That Herb\n|-damage|p1a: Haxorus|0 fnt|[from] item: Life Orb\n|faint|p1a: Haxorus\n|\n|win|deleter191\n","uploadtime":1699151158,"views":8,"p1id":"deleter191","p2id":"drlipschitz420","formatid":"gen9nationaldexubers","rating":0,"private":0,"password":""}