{"id":"gen9nationaldexubers-1983510498","p1":"Cp3dapsychonaut","p2":"Citrusfunk","format":"[Gen 9] National Dex Ubers","log":"|j|\u2606Cp3dapsychonaut\n|j|\u2606Citrusfunk\n|t:|1699137965\n|gametype|singles\n|player|p1|Cp3dapsychonaut|1|1041\n|player|p2|Citrusfunk|shelly|1048\n|teamsize|p1|6\n|teamsize|p2|6\n|gen|9\n|tier|[Gen 9] National Dex Ubers\n|rated|\n|rule|HP Percentage Mod: HP is shown in percentages\n|rule|Endless Battle Clause: Forcing endless battles is banned\n|rule|OHKO Clause: OHKO moves are banned\n|rule|Evasion Moves Clause: Evasion moves are banned\n|rule|Evasion Items Clause: Evasion items are banned\n|rule|Species Clause: Limit one of each Pok\u00e9mon\n|rule|Sleep Clause Mod: Limit one foe put to sleep\n|rule|Mega Rayquaza Clause: You cannot mega evolve Rayquaza\n|clearpoke\n|poke|p1|Dragapult, F|\n|poke|p1|Regieleki|\n|poke|p1|Landorus-Therian, M|\n|poke|p1|Cinderace, F|\n|poke|p1|Umbreon, M|\n|poke|p1|Basculegion, M|\n|poke|p2|Charizard, M|\n|poke|p2|Crawdaunt, M|\n|poke|p2|Ursaluna-Bloodmoon, M|\n|poke|p2|Kommo-o, F|\n|poke|p2|Ninetales-Alola, F|\n|poke|p2|Sinistcha|\n|teampreview\n|inactive|Battle timer is ON: inactive players will automatically lose when time's up. (requested by Citrusfunk)\n|\n|t:|1699137990\n|start\n|switch|p1a: Landorus|Landorus-Therian, M|100\/100\n|switch|p2a: Cool ass freezer|Ninetales-Alola, F|100\/100\n|-ability|p1a: Landorus|Intimidate|boost\n|-unboost|p2a: Cool ass freezer|atk|1\n|-weather|Snow|[from] ability: Snow Warning|[of] p2a: Cool ass freezer\n|turn|1\n|\n|t:|1699138002\n|move|p1a: Landorus|U-turn|p2a: Cool ass freezer\n|-resisted|p2a: Cool ass freezer\n|-damage|p2a: Cool ass freezer|86\/100\n|\n|t:|1699138005\n|switch|p1a: Cinderace|Cinderace, F|100\/100|[from] U-turn\n|move|p2a: Cool ass freezer|Aurora Veil|p2a: Cool ass freezer\n|-sidestart|p2: Citrusfunk|move: Aurora Veil\n|\n|-weather|Snow|[upkeep]\n|upkeep\n|turn|2\n|\n|t:|1699138018\n|switch|p2a: Nightmare Freddy|Ursaluna-Bloodmoon, M|100\/100\n|move|p1a: Cinderace|Pyro Ball|p2a: Nightmare Freddy\n|-damage|p2a: Nightmare Freddy|80\/100\n|\n|-weather|Snow|[upkeep]\n|-heal|p2a: Nightmare Freddy|86\/100|[from] item: Leftovers\n|upkeep\n|turn|3\n|\n|t:|1699138028\n|move|p1a: Cinderace|U-turn|p2a: Nightmare Freddy\n|-damage|p2a: Nightmare Freddy|78\/100\n|\n|t:|1699138030\n|switch|p1a: Landorus|Landorus-Therian, M|100\/100|[from] U-turn\n|-ability|p1a: Landorus|Intimidate|boost\n|-unboost|p2a: Nightmare Freddy|atk|1\n|move|p2a: Nightmare Freddy|Calm Mind|p2a: Nightmare Freddy\n|-boost|p2a: Nightmare Freddy|spa|1\n|-boost|p2a: Nightmare Freddy|spd|1\n|\n|-weather|Snow|[upkeep]\n|-heal|p2a: Nightmare Freddy|84\/100|[from] item: Leftovers\n|upkeep\n|turn|4\n|\n|t:|1699138054\n|move|p1a: Landorus|Knock Off|p2a: Nightmare Freddy\n|-damage|p2a: Nightmare Freddy|70\/100\n|-enditem|p2a: Nightmare Freddy|Leftovers|[from] move: Knock Off|[of] p1a: Landorus\n|move|p2a: Nightmare Freddy|Blood Moon|p1a: Landorus\n|-damage|p1a: Landorus|0 fnt\n|faint|p1a: Landorus\n|\n|-weather|Snow|[upkeep]\n|upkeep\n|inactive|Cp3dapsychonaut has 120 seconds left.\n|\n|t:|1699138081\n|switch|p1a: Umbreon|Umbreon, M|100\/100\n|turn|5\n|\n|t:|1699138098\n|move|p1a: Umbreon|Foul Play|p2a: Nightmare Freddy\n|-crit|p2a: Nightmare Freddy\n|-damage|p2a: Nightmare Freddy|53\/100\n|move|p2a: Nightmare Freddy|Earth Power|p1a: Umbreon\n|-damage|p1a: Umbreon|53\/100\n|\n|-weather|none\n|upkeep\n|turn|6\n|inactive|Cp3dapsychonaut has 120 seconds left.\n|\n|t:|1699138107\n|move|p1a: Umbreon|Yawn|p2a: Nightmare Freddy\n|-start|p2a: Nightmare Freddy|move: Yawn|[of] p1a: Umbreon\n|move|p2a: Nightmare Freddy|Blood Moon|p1a: Umbreon\n|-damage|p1a: Umbreon|0 fnt\n|faint|p1a: Umbreon\n|\n|upkeep\n|inactive|Cp3dapsychonaut has 120 seconds left.\n|\n|t:|1699138115\n|switch|p1a: Basculegion|Basculegion, M|100\/100\n|turn|7\n|\n|t:|1699138124\n|move|p2a: Nightmare Freddy|Vacuum Wave|p1a: Basculegion\n|-damage|p1a: Basculegion|72\/100\n|move|p1a: Basculegion|Liquidation|p2a: Nightmare Freddy\n|-supereffective|p2a: Nightmare Freddy\n|-damage|p2a: Nightmare Freddy|16\/100\n|-unboost|p2a: Nightmare Freddy|def|1\n|\n|-end|p2a: Nightmare Freddy|move: Yawn|[silent]\n|-status|p2a: Nightmare Freddy|slp\n|upkeep\n|turn|8\n|\n|t:|1699138132\n|cant|p2a: Nightmare Freddy|slp\n|move|p1a: Basculegion|Liquidation|p2a: Nightmare Freddy\n|-supereffective|p2a: Nightmare Freddy\n|-damage|p2a: Nightmare Freddy|0 fnt\n|faint|p2a: Nightmare Freddy\n|\n|-sideend|p2: Citrusfunk|move: Aurora Veil\n|upkeep\n|\n|t:|1699138141\n|switch|p2a: Cool ass freezer|Ninetales-Alola, F|86\/100\n|-weather|Snow|[from] ability: Snow Warning|[of] p2a: Cool ass freezer\n|turn|9\n|\n|t:|1699138148\n|switch|p1a: Cinderace|Cinderace, F|100\/100\n|move|p2a: Cool ass freezer|Aurora Veil|p2a: Cool ass freezer\n|-sidestart|p2: Citrusfunk|move: Aurora Veil\n|\n|-weather|Snow|[upkeep]\n|upkeep\n|turn|10\n|\n|t:|1699138165\n|switch|p2a: Dab Torch|Charizard, M|100\/100\n|move|p1a: Cinderace|U-turn|p2a: Dab Torch\n|-resisted|p2a: Dab Torch\n|-damage|p2a: Dab Torch|96\/100\n|\n|t:|1699138171\n|switch|p1a: Regieleki|Regieleki|100\/100|[from] U-turn\n|\n|-weather|Snow|[upkeep]\n|upkeep\n|turn|11\n|\n|t:|1699138182\n|switch|p2a: Cool ass freezer|Ninetales-Alola, F|86\/100\n|move|p1a: Regieleki|Thunderbolt|p2a: Cool ass freezer\n|-damage|p2a: Cool ass freezer|38\/100\n|\n|-weather|Snow|[upkeep]\n|upkeep\n|turn|12\n|\n|t:|1699138188\n|move|p1a: Regieleki|Thunderbolt|p2a: Cool ass freezer\n|-damage|p2a: Cool ass freezer|0 fnt\n|faint|p2a: Cool ass freezer\n|\n|-weather|Snow|[upkeep]\n|upkeep\n|\n|t:|1699138191\n|switch|p2a: Lean|Sinistcha|100\/100\n|turn|13\n|\n|t:|1699138199\n|switch|p1a: Cinderace|Cinderace, F|100\/100\n|-terastallize|p2a: Lean|Poison\n|move|p2a: Lean|Calm Mind|p2a: Lean\n|-boost|p2a: Lean|spa|1\n|-boost|p2a: Lean|spd|1\n|\n|-weather|none\n|upkeep\n|turn|14\n|\n|t:|1699138209\n|move|p1a: Cinderace|Pyro Ball|p2a: Lean|[miss]\n|-miss|p1a: Cinderace|p2a: Lean\n|move|p2a: Lean|Iron Defense|p2a: Lean\n|-boost|p2a: Lean|def|2\n|\n|upkeep\n|turn|15\n|\n|t:|1699138225\n|move|p1a: Cinderace|Pyro Ball|p2a: Lean\n|-damage|p2a: Lean|93\/100\n|move|p2a: Lean|Calm Mind|p2a: Lean\n|-boost|p2a: Lean|spa|1\n|-boost|p2a: Lean|spd|1\n|\n|-heal|p2a: Lean|99\/100|[from] item: Leftovers\n|upkeep\n|turn|16\n|-message|Cp3dapsychonaut forfeited.\n|\n|win|Citrusfunk\n|raw|Cp3dapsychonaut's rating: 1041 &rarr; <strong>1025<\/strong><br \/>(-16 for losing)\n|raw|Citrusfunk's rating: 1048 &rarr; <strong>1080<\/strong><br \/>(+32 for winning)\n|l|\u2606Cp3dapsychonaut\n","uploadtime":1699138264,"views":15,"p1id":"cp3dapsychonaut","p2id":"citrusfunk","formatid":"gen9nationaldexubers","rating":1025,"private":0,"password":""}