{"id":"gen9nationaldexubers-1986123049","p1":"Black_Wicked","p2":"7s Recruit","format":"[Gen 9] National Dex Ubers","log":"|j|\u2606Black_Wicked\n|j|\u26067s Recruit\n|t:|1699452413\n|gametype|singles\n|player|p1|Black_Wicked|ghetsis|\n|player|p2|7s Recruit|ethan|\n|teamsize|p1|6\n|teamsize|p2|6\n|gen|9\n|tier|[Gen 9] National Dex Ubers\n|rule|HP Percentage Mod: HP is shown in percentages\n|rule|Endless Battle Clause: Forcing endless battles is banned\n|rule|OHKO Clause: OHKO moves are banned\n|rule|Evasion Moves Clause: Evasion moves are banned\n|rule|Evasion Items Clause: Evasion items are banned\n|rule|Species Clause: Limit one of each Pok\u00e9mon\n|rule|Sleep Clause Mod: Limit one foe put to sleep\n|rule|Mega Rayquaza Clause: You cannot mega evolve Rayquaza\n|clearpoke\n|poke|p1|Tropius, F|\n|poke|p1|Darmanitan, M|\n|poke|p1|Clodsire, F|\n|poke|p1|Glimmora, M|\n|poke|p1|Gardevoir, F|\n|poke|p1|Orbeetle, F|\n|poke|p2|Alakazam, M|\n|poke|p2|Mimikyu, M|\n|poke|p2|Tapu Lele|\n|poke|p2|Garchomp, M|\n|poke|p2|Rotom-Wash|\n|poke|p2|Umbreon, M|\n|teampreview\n|inactive|Battle timer is ON: inactive players will automatically lose when time's up. (requested by Black_Wicked)\n|\n|t:|1699452423\n|start\n|switch|p1a: Darmanitan|Darmanitan, M|100\/100\n|switch|p2a: Rampage|Garchomp, M|100\/100\n|turn|1\n|\n|t:|1699452431\n|move|p2a: Rampage|Stealth Rock|p1a: Darmanitan\n|-sidestart|p1: Black_Wicked|move: Stealth Rock\n|move|p1a: Darmanitan|Belly Drum|p1a: Darmanitan\n|-damage|p1a: Darmanitan|50\/100\n|-setboost|p1a: Darmanitan|atk|6|[from] move: Belly Drum\n|-enditem|p1a: Darmanitan|Sitrus Berry|[eat]\n|-heal|p1a: Darmanitan|75\/100|[from] item: Sitrus Berry\n|\n|upkeep\n|turn|2\n|\n|t:|1699452440\n|move|p2a: Rampage|Earthquake|p1a: Darmanitan\n|-supereffective|p1a: Darmanitan\n|-damage|p1a: Darmanitan|0 fnt\n|faint|p1a: Darmanitan\n|\n|upkeep\n|c|\u2606Black_Wicked|Lmao\n|\n|t:|1699452453\n|switch|p1a: Tropius|Tropius, F|100\/100\n|-damage|p1a: Tropius|76\/100|[from] Stealth Rock\n|turn|3\n|\n|t:|1699452459\n|move|p2a: Rampage|Fire Fang|p1a: Tropius\n|-supereffective|p1a: Tropius\n|-damage|p1a: Tropius|28\/100\n|-enditem|p1a: Tropius|Sitrus Berry|[eat]\n|-heal|p1a: Tropius|52\/100|[from] item: Sitrus Berry\n|move|p1a: Tropius|Leech Seed|p2a: Rampage\n|-start|p2a: Rampage|move: Leech Seed\n|\n|-damage|p2a: Rampage|88\/100|[from] Leech Seed|[of] p1a: Tropius\n|-heal|p1a: Tropius|64\/100|[silent]\n|upkeep\n|turn|4\n|\n|t:|1699452470\n|-terastallize|p1a: Tropius|Flying\n|move|p2a: Rampage|Swords Dance|p2a: Rampage\n|-boost|p2a: Rampage|atk|2\n|move|p1a: Tropius|Dragon Dance|p1a: Tropius\n|-boost|p1a: Tropius|atk|1\n|-boost|p1a: Tropius|spe|1\n|\n|-damage|p2a: Rampage|76\/100|[from] Leech Seed|[of] p1a: Tropius\n|-heal|p1a: Tropius|76\/100|[silent]\n|upkeep\n|turn|5\n|\n|t:|1699452482\n|move|p2a: Rampage|Fire Fang|p1a: Tropius\n|-damage|p1a: Tropius|30\/100\n|move|p1a: Tropius|Dragon Dance|p1a: Tropius\n|-boost|p1a: Tropius|atk|1\n|-boost|p1a: Tropius|spe|1\n|\n|-damage|p2a: Rampage|63\/100|[from] Leech Seed|[of] p1a: Tropius\n|-heal|p1a: Tropius|41\/100|[silent]\n|-item|p1a: Tropius|Sitrus Berry|[from] ability: Harvest\n|upkeep\n|-enditem|p1a: Tropius|Sitrus Berry|[eat]\n|-heal|p1a: Tropius|66\/100|[from] item: Sitrus Berry\n|turn|6\n|\n|t:|1699452502\n|move|p1a: Tropius|Leaf Blade|p2a: Rampage\n|-damage|p2a: Rampage|0 fnt\n|-damage|p1a: Tropius|54\/100|[from] ability: Rough Skin|[of] p2a: Rampage\n|faint|p2a: Rampage\n|\n|-item|p1a: Tropius|Sitrus Berry|[from] ability: Harvest\n|upkeep\n|\n|t:|1699452513\n|switch|p2a: Caretaker Jr.|Umbreon, M|100\/100\n|turn|7\n|\n|t:|1699452519\n|move|p1a: Tropius|Leech Seed|p2a: Caretaker Jr.\n|-start|p2a: Caretaker Jr.|move: Leech Seed\n|move|p2a: Caretaker Jr.|Foul Play|p1a: Tropius\n|-damage|p1a: Tropius|0 fnt\n|faint|p1a: Tropius\n|\n|upkeep\n|\n|t:|1699452530\n|switch|p1a: Clodsire|Clodsire, F|100\/100\n|-damage|p1a: Clodsire|94\/100|[from] Stealth Rock\n|turn|8\n|\n|t:|1699452536\n|switch|p2a: Terrina|Tapu Lele|100\/100\n|-fieldstart|move: Psychic Terrain|[from] ability: Psychic Surge|[of] p2a: Terrina\n|move|p1a: Clodsire|Toxic Spikes|p2a: Terrina\n|-sidestart|p2: 7s Recruit|move: Toxic Spikes\n|\n|-heal|p1a: Clodsire|100\/100|[from] item: Leftovers\n|upkeep\n|turn|9\n|\n|t:|1699452550\n|switch|p1a: Orbeetle|Orbeetle, F|100\/100\n|-damage|p1a: Orbeetle|76\/100|[from] Stealth Rock\n|move|p2a: Terrina|Psychic|p1a: Orbeetle\n|-resisted|p1a: Orbeetle\n|-damage|p1a: Orbeetle|38\/100\n|\n|upkeep\n|turn|10\n|\n|t:|1699452559\n|move|p2a: Terrina|Psychic|p1a: Orbeetle\n|-resisted|p1a: Orbeetle\n|-damage|p1a: Orbeetle|3\/100\n|move|p1a: Orbeetle|Sticky Web|p2a: Terrina\n|-sidestart|p2: 7s Recruit|move: Sticky Web\n|\n|upkeep\n|turn|11\n|\n|t:|1699452565\n|move|p2a: Terrina|Psychic|p1a: Orbeetle\n|-resisted|p1a: Orbeetle\n|-damage|p1a: Orbeetle|0 fnt\n|faint|p1a: Orbeetle\n|\n|upkeep\n|\n|t:|1699452568\n|switch|p1a: Gardevoir|Gardevoir, F|100\/100\n|-damage|p1a: Gardevoir|88\/100|[from] Stealth Rock\n|turn|12\n|\n|t:|1699452574\n|detailschange|p1a: Gardevoir|Gardevoir-Mega, F\n|-mega|p1a: Gardevoir|Gardevoir|Gardevoirite\n|move|p2a: Terrina|Psychic|p1a: Gardevoir\n|-resisted|p1a: Gardevoir\n|-damage|p1a: Gardevoir|63\/100\n|move|p1a: Gardevoir|Wish|p1a: Gardevoir\n|\n|-fieldend|move: Psychic Terrain\n|upkeep\n|turn|13\n|\n|t:|1699452585\n|move|p2a: Terrina|Psychic|p1a: Gardevoir\n|-resisted|p1a: Gardevoir\n|-damage|p1a: Gardevoir|43\/100\n|move|p1a: Gardevoir|Calm Mind|p1a: Gardevoir\n|-boost|p1a: Gardevoir|spa|1\n|-boost|p1a: Gardevoir|spd|1\n|\n|-heal|p1a: Gardevoir|93\/100|[from] move: Wish|[wisher] Gardevoir\n|upkeep\n|turn|14\n|\n|t:|1699452595\n|switch|p2a: Nerd|Rotom-Wash|100\/100\n|move|p1a: Gardevoir|Calm Mind|p1a: Gardevoir\n|-boost|p1a: Gardevoir|spa|1\n|-boost|p1a: Gardevoir|spd|1\n|\n|upkeep\n|turn|15\n|\n|t:|1699452605\n|move|p1a: Gardevoir|Moonblast|p2a: Nerd\n|-damage|p2a: Nerd|25\/100\n|move|p2a: Nerd|Defog|p1a: Gardevoir\n|-unboost|p1a: Gardevoir|evasion|1\n|-sideend|p1: Black_Wicked|Stealth Rock|[from] move: Defog|[of] p2a: Nerd\n|-sideend|p2: 7s Recruit|Toxic Spikes|[from] move: Defog|[of] p2a: Nerd\n|-sideend|p2: 7s Recruit|Sticky Web|[from] move: Defog|[of] p2a: Nerd\n|\n|-heal|p2a: Nerd|31\/100|[from] item: Leftovers\n|upkeep\n|turn|16\n|\n|t:|1699452616\n|move|p1a: Gardevoir|Wish|p1a: Gardevoir\n|move|p2a: Nerd|Volt Switch|p1a: Gardevoir\n|-damage|p1a: Gardevoir|84\/100\n|\n|t:|1699452622\n|switch|p2a: Lezoure|Mimikyu, M|100\/100|[from] Volt Switch\n|\n|upkeep\n|turn|17\n|\n|t:|1699452627\n|move|p2a: Lezoure|Shadow Claw|p1a: Gardevoir\n|-supereffective|p1a: Gardevoir\n|-damage|p1a: Gardevoir|28\/100\n|move|p1a: Gardevoir|Moonblast|p2a: Lezoure\n|-activate|p2a: Lezoure|ability: Disguise\n|-damage|p2a: Lezoure|100\/100\n|-unboost|p2a: Lezoure|spa|1\n|detailschange|p2a: Lezoure|Mimikyu-Busted, M\n|-damage|p2a: Lezoure|88\/100|[from] pokemon: Mimikyu-Busted\n|\n|-heal|p1a: Gardevoir|78\/100|[from] move: Wish|[wisher] Gardevoir\n|upkeep\n|turn|18\n|\n|t:|1699452643\n|move|p2a: Lezoure|Swords Dance|p2a: Lezoure\n|-boost|p2a: Lezoure|atk|2\n|move|p1a: Gardevoir|Moonblast|p2a: Lezoure\n|-damage|p2a: Lezoure|0 fnt\n|faint|p2a: Lezoure\n|\n|upkeep\n|\n|t:|1699452652\n|switch|p2a: Neuro|Alakazam, M|100\/100\n|turn|19\n|\n|t:|1699452664\n|detailschange|p2a: Neuro|Alakazam-Mega, M\n|-mega|p2a: Neuro|Alakazam|Alakazite\n|-ability|p2a: Neuro|Pixilate|[from] ability: Trace|[of] p1a: Gardevoir\n|move|p2a: Neuro|Dazzling Gleam|p1a: Gardevoir\n|-damage|p1a: Gardevoir|64\/100\n|move|p1a: Gardevoir|Wish|p1a: Gardevoir\n|\n|upkeep\n|turn|20\n|\n|t:|1699452676\n|switch|p2a: Caretaker Jr.|Umbreon, M|100\/100\n|move|p1a: Gardevoir|Moonblast|p2a: Caretaker Jr.\n|-supereffective|p2a: Caretaker Jr.\n|-damage|p2a: Caretaker Jr.|0 fnt\n|faint|p2a: Caretaker Jr.\n|\n|-heal|p1a: Gardevoir|100\/100|[from] move: Wish|[wisher] Gardevoir\n|upkeep\n|\n|t:|1699452688\n|switch|p2a: Terrina|Tapu Lele|100\/100\n|-fieldstart|move: Psychic Terrain|[from] ability: Psychic Surge|[of] p2a: Terrina\n|turn|21\n|\n|t:|1699452694\n|move|p2a: Terrina|Thunderbolt|p1a: Gardevoir\n|-damage|p1a: Gardevoir|88\/100\n|move|p1a: Gardevoir|Moonblast|p2a: Terrina\n|-damage|p2a: Terrina|1\/100\n|-unboost|p2a: Terrina|spa|1\n|\n|upkeep\n|turn|22\n|\n|t:|1699452703\n|move|p2a: Terrina|Thunderbolt|p1a: Gardevoir\n|-crit|p1a: Gardevoir\n|-damage|p1a: Gardevoir|50\/100\n|move|p1a: Gardevoir|Moonblast|p2a: Terrina\n|-damage|p2a: Terrina|0 fnt\n|faint|p2a: Terrina\n|\n|upkeep\n|\n|t:|1699452712\n|switch|p2a: Neuro|Alakazam-Mega, M|100\/100\n|-ability|p2a: Neuro|Pixilate|[from] ability: Trace|[of] p1a: Gardevoir\n|turn|23\n|\n|t:|1699452718\n|move|p2a: Neuro|Dazzling Gleam|p1a: Gardevoir\n|-damage|p1a: Gardevoir|36\/100\n|move|p1a: Gardevoir|Wish|p1a: Gardevoir\n|\n|upkeep\n|turn|24\n|-message|7s Recruit forfeited.\n|\n|win|Black_Wicked\n|l|\u26067s Recruit\n","uploadtime":1699452734,"views":9,"p1id":"blackwicked","p2id":"7srecruit","formatid":"gen9nationaldexubers","rating":0,"private":0,"password":""}