{"id":"gen9nationaldexubers-1982231719","p1":"Alilulu","p2":"Swankon","format":"[Gen 9] National Dex Ubers","log":"|j|\u2606Alilulu\n|j|\u2606Swankon\n|t:|1698982111\n|gametype|singles\n|player|p1|Alilulu|valerie|1296\n|player|p2|Swankon|iris|1301\n|teamsize|p1|6\n|teamsize|p2|6\n|gen|9\n|tier|[Gen 9] National Dex Ubers\n|rated|\n|rule|HP Percentage Mod: HP is shown in percentages\n|rule|Endless Battle Clause: Forcing endless battles is banned\n|rule|OHKO Clause: OHKO moves are banned\n|rule|Evasion Moves Clause: Evasion moves are banned\n|rule|Evasion Items Clause: Evasion items are banned\n|rule|Species Clause: Limit one of each Pok\u00e9mon\n|rule|Sleep Clause Mod: Limit one foe put to sleep\n|rule|Mega Rayquaza Clause: You cannot mega evolve Rayquaza\n|clearpoke\n|poke|p1|Marshadow|\n|poke|p1|Forretress, F|\n|poke|p1|Zacian-*|\n|poke|p1|Ditto|\n|poke|p1|Deoxys-Attack|\n|poke|p1|Chi-Yu|\n|poke|p2|Marshadow|\n|poke|p2|Minior|\n|poke|p2|Shuckle, F|\n|poke|p2|Blaziken, M|\n|poke|p2|Greninja-*, M|\n|poke|p2|Garchomp, F|\n|teampreview\n|inactive|Battle timer is ON: inactive players will automatically lose when time's up. (requested by Alilulu)\n|\n|t:|1698982118\n|start\n|switch|p1a: Forretress|Forretress, F|100\/100\n|switch|p2a: Shuckle|Shuckle, F|100\/100\n|turn|1\n|\n|t:|1698982127\n|move|p1a: Forretress|Stealth Rock|p2a: Shuckle\n|-sidestart|p2: Swankon|move: Stealth Rock\n|move|p2a: Shuckle|Infestation|p1a: Forretress\n|-resisted|p1a: Forretress\n|-damage|p1a: Forretress|99\/100\n|-activate|p1a: Forretress|move: Infestation|[of] p2a: Shuckle\n|\n|-damage|p1a: Forretress|86\/100|[from] move: Infestation|[partiallytrapped]\n|upkeep\n|turn|2\n|\n|t:|1698982134\n|move|p1a: Forretress|Rapid Spin|p2a: Shuckle\n|-resisted|p2a: Shuckle\n|-damage|p2a: Shuckle|96\/100\n|-boost|p1a: Forretress|spe|1\n|-end|p1a: Forretress|Infestation|[partiallytrapped]\n|move|p2a: Shuckle|Stealth Rock|p1a: Forretress\n|-sidestart|p1: Alilulu|move: Stealth Rock\n|\n|-heal|p2a: Shuckle|100\/100|[from] item: Leftovers\n|upkeep\n|turn|3\n|\n|t:|1698982141\n|move|p1a: Forretress|Rapid Spin|p2a: Shuckle\n|-resisted|p2a: Shuckle\n|-damage|p2a: Shuckle|95\/100\n|-boost|p1a: Forretress|spe|1\n|-sideend|p1: Alilulu|Stealth Rock|[from] move: Rapid Spin|[of] p1a: Forretress\n|move|p2a: Shuckle|Sticky Web|p1a: Forretress\n|-sidestart|p1: Alilulu|move: Sticky Web\n|\n|-heal|p2a: Shuckle|100\/100|[from] item: Leftovers\n|upkeep\n|turn|4\n|\n|t:|1698982144\n|move|p1a: Forretress|Rapid Spin|p2a: Shuckle\n|-resisted|p2a: Shuckle\n|-damage|p2a: Shuckle|96\/100\n|-boost|p1a: Forretress|spe|1\n|-sideend|p1: Alilulu|Sticky Web|[from] move: Rapid Spin|[of] p1a: Forretress\n|move|p2a: Shuckle|Stealth Rock|p1a: Forretress\n|-sidestart|p1: Alilulu|move: Stealth Rock\n|\n|-heal|p2a: Shuckle|100\/100|[from] item: Leftovers\n|upkeep\n|turn|5\n|\n|t:|1698982148\n|move|p1a: Forretress|Rapid Spin|p2a: Shuckle\n|-resisted|p2a: Shuckle\n|-damage|p2a: Shuckle|96\/100\n|-boost|p1a: Forretress|spe|1\n|-sideend|p1: Alilulu|Stealth Rock|[from] move: Rapid Spin|[of] p1a: Forretress\n|move|p2a: Shuckle|Infestation|p1a: Forretress\n|-resisted|p1a: Forretress\n|-damage|p1a: Forretress|84\/100\n|-activate|p1a: Forretress|move: Infestation|[of] p2a: Shuckle\n|\n|-heal|p2a: Shuckle|100\/100|[from] item: Leftovers\n|-damage|p1a: Forretress|72\/100|[from] move: Infestation|[partiallytrapped]\n|upkeep\n|turn|6\n|\n|t:|1698982154\n|move|p1a: Forretress|Rapid Spin|p2a: Shuckle\n|-resisted|p2a: Shuckle\n|-damage|p2a: Shuckle|96\/100\n|-boost|p1a: Forretress|spe|1\n|-end|p1a: Forretress|Infestation|[partiallytrapped]\n|move|p2a: Shuckle|Stealth Rock|p1a: Forretress\n|-sidestart|p1: Alilulu|move: Stealth Rock\n|\n|-heal|p2a: Shuckle|100\/100|[from] item: Leftovers\n|upkeep\n|turn|7\n|\n|t:|1698982160\n|move|p1a: Forretress|Rapid Spin|p2a: Shuckle\n|-resisted|p2a: Shuckle\n|-damage|p2a: Shuckle|96\/100\n|-boost|p1a: Forretress|spe|1\n|-sideend|p1: Alilulu|Stealth Rock|[from] move: Rapid Spin|[of] p1a: Forretress\n|move|p2a: Shuckle|Stealth Rock|p1a: Forretress\n|-sidestart|p1: Alilulu|move: Stealth Rock\n|\n|-heal|p2a: Shuckle|100\/100|[from] item: Leftovers\n|upkeep\n|turn|8\n|\n|t:|1698982163\n|move|p1a: Forretress|Rapid Spin|p2a: Shuckle\n|-resisted|p2a: Shuckle\n|-damage|p2a: Shuckle|96\/100\n|-sideend|p1: Alilulu|Stealth Rock|[from] move: Rapid Spin|[of] p1a: Forretress\n|move|p2a: Shuckle|Stealth Rock|p1a: Forretress\n|-sidestart|p1: Alilulu|move: Stealth Rock\n|\n|-heal|p2a: Shuckle|100\/100|[from] item: Leftovers\n|upkeep\n|turn|9\n|\n|t:|1698982169\n|move|p1a: Forretress|Rapid Spin|p2a: Shuckle\n|-resisted|p2a: Shuckle\n|-damage|p2a: Shuckle|96\/100\n|-sideend|p1: Alilulu|Stealth Rock|[from] move: Rapid Spin|[of] p1a: Forretress\n|move|p2a: Shuckle|Infestation|p1a: Forretress\n|-resisted|p1a: Forretress\n|-damage|p1a: Forretress|69\/100\n|-activate|p1a: Forretress|move: Infestation|[of] p2a: Shuckle\n|\n|-heal|p2a: Shuckle|100\/100|[from] item: Leftovers\n|-damage|p1a: Forretress|57\/100|[from] move: Infestation|[partiallytrapped]\n|upkeep\n|turn|10\n|\n|t:|1698982176\n|move|p1a: Forretress|Rapid Spin|p2a: Shuckle\n|-resisted|p2a: Shuckle\n|-damage|p2a: Shuckle|96\/100\n|-end|p1a: Forretress|Infestation|[partiallytrapped]\n|move|p2a: Shuckle|Stealth Rock|p1a: Forretress\n|-sidestart|p1: Alilulu|move: Stealth Rock\n|\n|-heal|p2a: Shuckle|100\/100|[from] item: Leftovers\n|upkeep\n|turn|11\n|\n|t:|1698982186\n|move|p1a: Forretress|Rapid Spin|p2a: Shuckle\n|-resisted|p2a: Shuckle\n|-damage|p2a: Shuckle|96\/100\n|-sideend|p1: Alilulu|Stealth Rock|[from] move: Rapid Spin|[of] p1a: Forretress\n|move|p2a: Shuckle|Infestation|p1a: Forretress\n|-resisted|p1a: Forretress\n|-damage|p1a: Forretress|55\/100\n|-activate|p1a: Forretress|move: Infestation|[of] p2a: Shuckle\n|\n|-heal|p2a: Shuckle|100\/100|[from] item: Leftovers\n|-damage|p1a: Forretress|43\/100|[from] move: Infestation|[partiallytrapped]\n|upkeep\n|turn|12\n|\n|t:|1698982192\n|move|p1a: Forretress|Stealth Rock||[still]\n|-fail|p1a: Forretress\n|move|p2a: Shuckle|Infestation|p1a: Forretress\n|-resisted|p1a: Forretress\n|-damage|p1a: Forretress|41\/100\n|\n|-damage|p1a: Forretress|29\/100|[from] move: Infestation|[partiallytrapped]\n|upkeep\n|turn|13\n|c|\u2606Swankon|lol\n|\n|t:|1698982202\n|move|p1a: Forretress|Rapid Spin|p2a: Shuckle\n|-resisted|p2a: Shuckle\n|-damage|p2a: Shuckle|96\/100\n|-end|p1a: Forretress|Infestation|[partiallytrapped]\n|move|p2a: Shuckle|Sticky Web|p1a: Forretress\n|-sidestart|p1: Alilulu|move: Sticky Web\n|\n|-heal|p2a: Shuckle|100\/100|[from] item: Leftovers\n|upkeep\n|turn|14\n|\n|t:|1698982209\n|move|p1a: Forretress|Pain Split|p2a: Shuckle\n|-sethp|p2a: Shuckle|65\/100|[from] move: Pain Split|[silent]\n|-sethp|p1a: Forretress|61\/100|[from] move: Pain Split\n|move|p2a: Shuckle|Infestation|p1a: Forretress\n|-resisted|p1a: Forretress\n|-damage|p1a: Forretress|59\/100\n|-activate|p1a: Forretress|move: Infestation|[of] p2a: Shuckle\n|\n|-heal|p2a: Shuckle|71\/100|[from] item: Leftovers\n|-damage|p1a: Forretress|47\/100|[from] move: Infestation|[partiallytrapped]\n|upkeep\n|turn|15\n|\n|t:|1698982215\n|move|p1a: Forretress|Rapid Spin|p2a: Shuckle\n|-resisted|p2a: Shuckle\n|-damage|p2a: Shuckle|67\/100\n|-sideend|p1: Alilulu|Sticky Web|[from] move: Rapid Spin|[of] p1a: Forretress\n|-end|p1a: Forretress|Infestation|[partiallytrapped]\n|move|p2a: Shuckle|Stealth Rock|p1a: Forretress\n|-sidestart|p1: Alilulu|move: Stealth Rock\n|\n|-heal|p2a: Shuckle|73\/100|[from] item: Leftovers\n|upkeep\n|turn|16\n|\n|t:|1698982225\n|move|p1a: Forretress|Pain Split|p2a: Shuckle\n|-sethp|p2a: Shuckle|61\/100|[from] move: Pain Split|[silent]\n|-sethp|p1a: Forretress|57\/100|[from] move: Pain Split\n|move|p2a: Shuckle|Sticky Web|p1a: Forretress\n|-sidestart|p1: Alilulu|move: Sticky Web\n|\n|-heal|p2a: Shuckle|67\/100|[from] item: Leftovers\n|upkeep\n|turn|17\n|\n|t:|1698982231\n|move|p1a: Forretress|Rapid Spin|p2a: Shuckle\n|-resisted|p2a: Shuckle\n|-damage|p2a: Shuckle|63\/100\n|-sideend|p1: Alilulu|Stealth Rock|[from] move: Rapid Spin|[of] p1a: Forretress\n|-sideend|p1: Alilulu|Sticky Web|[from] move: Rapid Spin|[of] p1a: Forretress\n|move|p2a: Shuckle|Stealth Rock|p1a: Forretress\n|-sidestart|p1: Alilulu|move: Stealth Rock\n|\n|-heal|p2a: Shuckle|69\/100|[from] item: Leftovers\n|upkeep\n|turn|18\n|\n|t:|1698982237\n|move|p1a: Forretress|Rapid Spin|p2a: Shuckle\n|-resisted|p2a: Shuckle\n|-damage|p2a: Shuckle|64\/100\n|-sideend|p1: Alilulu|Stealth Rock|[from] move: Rapid Spin|[of] p1a: Forretress\n|move|p2a: Shuckle|Infestation|p1a: Forretress\n|-resisted|p1a: Forretress\n|-damage|p1a: Forretress|55\/100\n|-activate|p1a: Forretress|move: Infestation|[of] p2a: Shuckle\n|\n|-heal|p2a: Shuckle|71\/100|[from] item: Leftovers\n|-damage|p1a: Forretress|43\/100|[from] move: Infestation|[partiallytrapped]\n|upkeep\n|turn|19\n|\n|t:|1698982243\n|move|p1a: Forretress|Rapid Spin|p2a: Shuckle\n|-resisted|p2a: Shuckle\n|-damage|p2a: Shuckle|66\/100\n|-end|p1a: Forretress|Infestation|[partiallytrapped]\n|move|p2a: Shuckle|Stealth Rock|p1a: Forretress\n|-sidestart|p1: Alilulu|move: Stealth Rock\n|\n|-heal|p2a: Shuckle|72\/100|[from] item: Leftovers\n|upkeep\n|turn|20\n|\n|t:|1698982253\n|move|p1a: Forretress|Stealth Rock||[still]\n|-fail|p1a: Forretress\n|move|p2a: Shuckle|Stealth Rock||[still]\n|-fail|p2a: Shuckle\n|\n|-heal|p2a: Shuckle|78\/100|[from] item: Leftovers\n|upkeep\n|turn|21\n|\n|t:|1698982258\n|move|p1a: Forretress|Stealth Rock||[still]\n|-fail|p1a: Forretress\n|move|p2a: Shuckle|Sticky Web|p1a: Forretress\n|-sidestart|p1: Alilulu|move: Sticky Web\n|\n|-heal|p2a: Shuckle|84\/100|[from] item: Leftovers\n|upkeep\n|turn|22\n|\n|t:|1698982268\n|move|p1a: Forretress|Stealth Rock||[still]\n|-fail|p1a: Forretress\n|move|p2a: Shuckle|Infestation|p1a: Forretress\n|-resisted|p1a: Forretress\n|-damage|p1a: Forretress|40\/100\n|-activate|p1a: Forretress|move: Infestation|[of] p2a: Shuckle\n|\n|-heal|p2a: Shuckle|90\/100|[from] item: Leftovers\n|-damage|p1a: Forretress|28\/100|[from] move: Infestation|[partiallytrapped]\n|upkeep\n|turn|23\n|\n|t:|1698982276\n|move|p1a: Forretress|Rapid Spin|p2a: Shuckle\n|-resisted|p2a: Shuckle\n|-damage|p2a: Shuckle|86\/100\n|-sideend|p1: Alilulu|Stealth Rock|[from] move: Rapid Spin|[of] p1a: Forretress\n|-sideend|p1: Alilulu|Sticky Web|[from] move: Rapid Spin|[of] p1a: Forretress\n|-end|p1a: Forretress|Infestation|[partiallytrapped]\n|move|p2a: Shuckle|Stealth Rock|p1a: Forretress\n|-sidestart|p1: Alilulu|move: Stealth Rock\n|\n|-heal|p2a: Shuckle|92\/100|[from] item: Leftovers\n|upkeep\n|turn|24\n|\n|t:|1698982283\n|move|p1a: Forretress|Pain Split|p2a: Shuckle\n|-sethp|p2a: Shuckle|61\/100|[from] move: Pain Split|[silent]\n|-sethp|p1a: Forretress|57\/100|[from] move: Pain Split\n|move|p2a: Shuckle|Sticky Web|p1a: Forretress\n|-sidestart|p1: Alilulu|move: Sticky Web\n|\n|-heal|p2a: Shuckle|67\/100|[from] item: Leftovers\n|upkeep\n|turn|25\n|\n|t:|1698982289\n|move|p1a: Forretress|Rapid Spin|p2a: Shuckle\n|-resisted|p2a: Shuckle\n|-damage|p2a: Shuckle|62\/100\n|-sideend|p1: Alilulu|Stealth Rock|[from] move: Rapid Spin|[of] p1a: Forretress\n|-sideend|p1: Alilulu|Sticky Web|[from] move: Rapid Spin|[of] p1a: Forretress\n|move|p2a: Shuckle|Infestation|p1a: Forretress\n|-resisted|p1a: Forretress\n|-damage|p1a: Forretress|55\/100\n|-activate|p1a: Forretress|move: Infestation|[of] p2a: Shuckle\n|\n|-heal|p2a: Shuckle|69\/100|[from] item: Leftovers\n|-damage|p1a: Forretress|42\/100|[from] move: Infestation|[partiallytrapped]\n|upkeep\n|turn|26\n|\n|t:|1698982295\n|move|p1a: Forretress|Pain Split|p2a: Shuckle\n|-sethp|p2a: Shuckle|57\/100|[from] move: Pain Split|[silent]\n|-sethp|p1a: Forretress|53\/100|[from] move: Pain Split\n|move|p2a: Shuckle|Stealth Rock|p1a: Forretress\n|-sidestart|p1: Alilulu|move: Stealth Rock\n|\n|-heal|p2a: Shuckle|63\/100|[from] item: Leftovers\n|-damage|p1a: Forretress|41\/100|[from] move: Infestation|[partiallytrapped]\n|upkeep\n|turn|27\n|\n|t:|1698982304\n|move|p1a: Forretress|Rapid Spin|p2a: Shuckle\n|-resisted|p2a: Shuckle\n|-damage|p2a: Shuckle|58\/100\n|-sideend|p1: Alilulu|Stealth Rock|[from] move: Rapid Spin|[of] p1a: Forretress\n|-end|p1a: Forretress|Infestation|[partiallytrapped]\n|move|p2a: Shuckle|Sticky Web|p1a: Forretress\n|-sidestart|p1: Alilulu|move: Sticky Web\n|\n|-heal|p2a: Shuckle|64\/100|[from] item: Leftovers\n|upkeep\n|turn|28\n|\n|t:|1698982313\n|move|p1a: Forretress|Pain Split|p2a: Shuckle\n|-sethp|p2a: Shuckle|54\/100|[from] move: Pain Split|[silent]\n|-sethp|p1a: Forretress|50\/100|[from] move: Pain Split\n|move|p2a: Shuckle|Infestation|p1a: Forretress\n|-resisted|p1a: Forretress\n|-damage|p1a: Forretress|48\/100\n|-activate|p1a: Forretress|move: Infestation|[of] p2a: Shuckle\n|\n|-heal|p2a: Shuckle|60\/100|[from] item: Leftovers\n|-damage|p1a: Forretress|36\/100|[from] move: Infestation|[partiallytrapped]\n|upkeep\n|turn|29\n|\n|t:|1698982323\n|move|p1a: Forretress|Rapid Spin|p2a: Shuckle\n|-resisted|p2a: Shuckle\n|-damage|p2a: Shuckle|55\/100\n|-sideend|p1: Alilulu|Sticky Web|[from] move: Rapid Spin|[of] p1a: Forretress\n|-end|p1a: Forretress|Infestation|[partiallytrapped]\n|move|p2a: Shuckle|Stealth Rock|p1a: Forretress\n|-sidestart|p1: Alilulu|move: Stealth Rock\n|\n|-heal|p2a: Shuckle|61\/100|[from] item: Leftovers\n|upkeep\n|turn|30\n|\n|t:|1698982329\n|move|p1a: Forretress|Pain Split|p2a: Shuckle\n|-sethp|p2a: Shuckle|50\/100|[from] move: Pain Split|[silent]\n|-sethp|p1a: Forretress|47\/100|[from] move: Pain Split\n|move|p2a: Shuckle|Sticky Web|p1a: Forretress\n|-sidestart|p1: Alilulu|move: Sticky Web\n|\n|-heal|p2a: Shuckle|56\/100|[from] item: Leftovers\n|upkeep\n|turn|31\n|\n|t:|1698982335\n|move|p1a: Forretress|Pain Split|p2a: Shuckle\n|-sethp|p2a: Shuckle|53\/100|[from] move: Pain Split|[silent]\n|-sethp|p1a: Forretress|49\/100|[from] move: Pain Split\n|move|p2a: Shuckle|Infestation|p1a: Forretress\n|-resisted|p1a: Forretress\n|-damage|p1a: Forretress|47\/100\n|-activate|p1a: Forretress|move: Infestation|[of] p2a: Shuckle\n|\n|-heal|p2a: Shuckle|59\/100|[from] item: Leftovers\n|-damage|p1a: Forretress|35\/100|[from] move: Infestation|[partiallytrapped]\n|upkeep\n|turn|32\n|\n|t:|1698982342\n|move|p1a: Forretress|Rapid Spin|p2a: Shuckle\n|-resisted|p2a: Shuckle\n|-damage|p2a: Shuckle|54\/100\n|-sideend|p1: Alilulu|Stealth Rock|[from] move: Rapid Spin|[of] p1a: Forretress\n|-sideend|p1: Alilulu|Sticky Web|[from] move: Rapid Spin|[of] p1a: Forretress\n|-end|p1a: Forretress|Infestation|[partiallytrapped]\n|move|p2a: Shuckle|Stealth Rock|p1a: Forretress\n|-sidestart|p1: Alilulu|move: Stealth Rock\n|\n|-heal|p2a: Shuckle|60\/100|[from] item: Leftovers\n|upkeep\n|turn|33\n|\n|t:|1698982350\n|move|p1a: Forretress|Rapid Spin|p2a: Shuckle\n|-resisted|p2a: Shuckle\n|-damage|p2a: Shuckle|55\/100\n|-sideend|p1: Alilulu|Stealth Rock|[from] move: Rapid Spin|[of] p1a: Forretress\n|move|p2a: Shuckle|Toxic|p1a: Forretress\n|-immune|p1a: Forretress\n|\n|-heal|p2a: Shuckle|61\/100|[from] item: Leftovers\n|upkeep\n|turn|34\n|\n|t:|1698982356\n|move|p1a: Forretress|Pain Split|p2a: Shuckle\n|-sethp|p2a: Shuckle|49\/100|[from] move: Pain Split|[silent]\n|-sethp|p1a: Forretress|46\/100|[from] move: Pain Split\n|move|p2a: Shuckle|Infestation|p1a: Forretress\n|-resisted|p1a: Forretress\n|-damage|p1a: Forretress|44\/100\n|-activate|p1a: Forretress|move: Infestation|[of] p2a: Shuckle\n|\n|-heal|p2a: Shuckle|55\/100|[from] item: Leftovers\n|-damage|p1a: Forretress|32\/100|[from] move: Infestation|[partiallytrapped]\n|upkeep\n|turn|35\n|\n|t:|1698982369\n|move|p1a: Forretress|Rapid Spin|p2a: Shuckle\n|-resisted|p2a: Shuckle\n|-damage|p2a: Shuckle|50\/100\n|-end|p1a: Forretress|Infestation|[partiallytrapped]\n|move|p2a: Shuckle|Sticky Web|p1a: Forretress\n|-sidestart|p1: Alilulu|move: Sticky Web\n|\n|-heal|p2a: Shuckle|57\/100|[from] item: Leftovers\n|upkeep\n|turn|36\n|\n|t:|1698982375\n|move|p1a: Forretress|Rapid Spin|p2a: Shuckle\n|-resisted|p2a: Shuckle\n|-damage|p2a: Shuckle|52\/100\n|-sideend|p1: Alilulu|Sticky Web|[from] move: Rapid Spin|[of] p1a: Forretress\n|move|p2a: Shuckle|Stealth Rock|p1a: Forretress\n|-sidestart|p1: Alilulu|move: Stealth Rock\n|\n|-heal|p2a: Shuckle|58\/100|[from] item: Leftovers\n|upkeep\n|turn|37\n|\n|t:|1698982384\n|move|p1a: Forretress|Rapid Spin|p2a: Shuckle\n|-resisted|p2a: Shuckle\n|-damage|p2a: Shuckle|53\/100\n|-sideend|p1: Alilulu|Stealth Rock|[from] move: Rapid Spin|[of] p1a: Forretress\n|move|p2a: Shuckle|Infestation|p1a: Forretress\n|-resisted|p1a: Forretress\n|-damage|p1a: Forretress|29\/100\n|-activate|p1a: Forretress|move: Infestation|[of] p2a: Shuckle\n|\n|-heal|p2a: Shuckle|60\/100|[from] item: Leftovers\n|-damage|p1a: Forretress|17\/100|[from] move: Infestation|[partiallytrapped]\n|upkeep\n|turn|38\n|-enditem|p1a: Forretress|Custap Berry|[eat]\n|-activate|p1a: Forretress|item: Custap Berry|[consumed]\n|\n|t:|1698982393\n|move|p1a: Forretress|Pain Split|p2a: Shuckle\n|-sethp|p2a: Shuckle|39\/100|[from] move: Pain Split|[silent]\n|-sethp|p1a: Forretress|36\/100|[from] move: Pain Split\n|move|p2a: Shuckle|Toxic|p1a: Forretress\n|-immune|p1a: Forretress\n|\n|-heal|p2a: Shuckle|45\/100|[from] item: Leftovers\n|-damage|p1a: Forretress|24\/100|[from] move: Infestation|[partiallytrapped]\n|upkeep\n|turn|39\n|\n|t:|1698982407\n|move|p1a: Forretress|Rapid Spin|p2a: Shuckle\n|-resisted|p2a: Shuckle\n|-crit|p2a: Shuckle\n|-damage|p2a: Shuckle|37\/100\n|-end|p1a: Forretress|Infestation|[partiallytrapped]\n|move|p2a: Shuckle|Sticky Web|p1a: Forretress\n|-sidestart|p1: Alilulu|move: Sticky Web\n|\n|-heal|p2a: Shuckle|43\/100|[from] item: Leftovers\n|upkeep\n|turn|40\n|\n|t:|1698982419\n|move|p1a: Forretress|Pain Split|p2a: Shuckle\n|-sethp|p2a: Shuckle|34\/100|[from] move: Pain Split|[silent]\n|-sethp|p1a: Forretress|32\/100|[from] move: Pain Split\n|move|p2a: Shuckle|Infestation|p1a: Forretress\n|-resisted|p1a: Forretress\n|-damage|p1a: Forretress|30\/100\n|-activate|p1a: Forretress|move: Infestation|[of] p2a: Shuckle\n|\n|-heal|p2a: Shuckle|40\/100|[from] item: Leftovers\n|-damage|p1a: Forretress|17\/100|[from] move: Infestation|[partiallytrapped]\n|upkeep\n|turn|41\n|\n|t:|1698982429\n|move|p1a: Forretress|Rapid Spin|p2a: Shuckle\n|-resisted|p2a: Shuckle\n|-damage|p2a: Shuckle|35\/100\n|-sideend|p1: Alilulu|Sticky Web|[from] move: Rapid Spin|[of] p1a: Forretress\n|-end|p1a: Forretress|Infestation|[partiallytrapped]\n|move|p2a: Shuckle|Stealth Rock|p1a: Forretress\n|-sidestart|p1: Alilulu|move: Stealth Rock\n|\n|-heal|p2a: Shuckle|41\/100|[from] item: Leftovers\n|upkeep\n|turn|42\n|\n|t:|1698982434\n|move|p1a: Forretress|Rapid Spin|p2a: Shuckle\n|-resisted|p2a: Shuckle\n|-damage|p2a: Shuckle|37\/100\n|-sideend|p1: Alilulu|Stealth Rock|[from] move: Rapid Spin|[of] p1a: Forretress\n|move|p2a: Shuckle|Infestation|p1a: Forretress\n|-resisted|p1a: Forretress\n|-damage|p1a: Forretress|15\/100\n|-activate|p1a: Forretress|move: Infestation|[of] p2a: Shuckle\n|\n|-heal|p2a: Shuckle|43\/100|[from] item: Leftovers\n|-damage|p1a: Forretress|3\/100|[from] move: Infestation|[partiallytrapped]\n|upkeep\n|turn|43\n|\n|t:|1698982442\n|move|p1a: Forretress|Pain Split|p2a: Shuckle\n|-sethp|p2a: Shuckle|23\/100|[from] move: Pain Split|[silent]\n|-sethp|p1a: Forretress|21\/100|[from] move: Pain Split\n|move|p2a: Shuckle|Stealth Rock|p1a: Forretress\n|-sidestart|p1: Alilulu|move: Stealth Rock\n|\n|-heal|p2a: Shuckle|29\/100|[from] item: Leftovers\n|-damage|p1a: Forretress|9\/100|[from] move: Infestation|[partiallytrapped]\n|upkeep\n|turn|44\n|\n|t:|1698982451\n|move|p1a: Forretress|Rapid Spin|p2a: Shuckle\n|-resisted|p2a: Shuckle\n|-damage|p2a: Shuckle|24\/100\n|-sideend|p1: Alilulu|Stealth Rock|[from] move: Rapid Spin|[of] p1a: Forretress\n|-end|p1a: Forretress|Infestation|[partiallytrapped]\n|move|p2a: Shuckle|Sticky Web|p1a: Forretress\n|-sidestart|p1: Alilulu|move: Sticky Web\n|\n|-heal|p2a: Shuckle|30\/100|[from] item: Leftovers\n|upkeep\n|turn|45\n|\n|t:|1698982457\n|move|p1a: Forretress|Pain Split|p2a: Shuckle\n|-sethp|p2a: Shuckle|20\/100|[from] move: Pain Split|[silent]\n|-sethp|p1a: Forretress|19\/100|[from] move: Pain Split\n|move|p2a: Shuckle|Stealth Rock|p1a: Forretress\n|-sidestart|p1: Alilulu|move: Stealth Rock\n|\n|-heal|p2a: Shuckle|26\/100|[from] item: Leftovers\n|upkeep\n|turn|46\n|\n|t:|1698982461\n|move|p1a: Forretress|Rapid Spin|p2a: Shuckle\n|-resisted|p2a: Shuckle\n|-damage|p2a: Shuckle|21\/100\n|-sideend|p1: Alilulu|Stealth Rock|[from] move: Rapid Spin|[of] p1a: Forretress\n|-sideend|p1: Alilulu|Sticky Web|[from] move: Rapid Spin|[of] p1a: Forretress\n|move|p2a: Shuckle|Infestation|p1a: Forretress\n|-resisted|p1a: Forretress\n|-damage|p1a: Forretress|16\/100\n|-activate|p1a: Forretress|move: Infestation|[of] p2a: Shuckle\n|\n|-heal|p2a: Shuckle|27\/100|[from] item: Leftovers\n|-damage|p1a: Forretress|4\/100|[from] move: Infestation|[partiallytrapped]\n|upkeep\n|turn|47\n|\n|t:|1698982465\n|move|p1a: Forretress|Pain Split|p2a: Shuckle\n|-sethp|p2a: Shuckle|16\/100|[from] move: Pain Split|[silent]\n|-sethp|p1a: Forretress|15\/100|[from] move: Pain Split\n|move|p2a: Shuckle|Stealth Rock|p1a: Forretress\n|-sidestart|p1: Alilulu|move: Stealth Rock\n|\n|-heal|p2a: Shuckle|22\/100|[from] item: Leftovers\n|-damage|p1a: Forretress|2\/100|[from] move: Infestation|[partiallytrapped]\n|upkeep\n|turn|48\n|\n|t:|1698982474\n|move|p1a: Forretress|Rapid Spin|p2a: Shuckle\n|-resisted|p2a: Shuckle\n|-damage|p2a: Shuckle|17\/100\n|-sideend|p1: Alilulu|Stealth Rock|[from] move: Rapid Spin|[of] p1a: Forretress\n|-end|p1a: Forretress|Infestation|[partiallytrapped]\n|move|p2a: Shuckle|Stealth Rock|p1a: Forretress\n|-sidestart|p1: Alilulu|move: Stealth Rock\n|\n|-heal|p2a: Shuckle|23\/100|[from] item: Leftovers\n|upkeep\n|turn|49\n|\n|t:|1698982478\n|move|p1a: Forretress|Rapid Spin|p2a: Shuckle\n|-resisted|p2a: Shuckle\n|-damage|p2a: Shuckle|19\/100\n|-sideend|p1: Alilulu|Stealth Rock|[from] move: Rapid Spin|[of] p1a: Forretress\n|move|p2a: Shuckle|Sticky Web|p1a: Forretress\n|-sidestart|p1: Alilulu|move: Sticky Web\n|\n|-heal|p2a: Shuckle|25\/100|[from] item: Leftovers\n|upkeep\n|turn|50\n|\n|t:|1698982485\n|move|p1a: Forretress|Rapid Spin|p2a: Shuckle\n|-resisted|p2a: Shuckle\n|-damage|p2a: Shuckle|20\/100\n|-sideend|p1: Alilulu|Sticky Web|[from] move: Rapid Spin|[of] p1a: Forretress\n|move|p2a: Shuckle|Infestation|p1a: Forretress\n|-resisted|p1a: Forretress\n|-damage|p1a: Forretress|0 fnt\n|faint|p1a: Forretress\n|\n|-heal|p2a: Shuckle|26\/100|[from] item: Leftovers\n|upkeep\n|\n|t:|1698982489\n|switch|p1a: Chi-Yu|Chi-Yu|100\/100\n|-ability|p1a: Chi-Yu|Beads of Ruin\n|turn|51\n|\n|t:|1698982492\n|move|p1a: Chi-Yu|Dark Pulse|p2a: Shuckle\n|-damage|p2a: Shuckle|0 fnt\n|faint|p2a: Shuckle\n|-damage|p1a: Chi-Yu|91\/100|[from] item: Life Orb\n|\n|upkeep\n|\n|t:|1698982499\n|switch|p2a: Greninja|Greninja, M|100\/100\n|-damage|p2a: Greninja|88\/100|[from] Stealth Rock\n|turn|52\n|\n|t:|1698982505\n|move|p2a: Greninja|Water Shuriken|p1a: Chi-Yu\n|-supereffective|p1a: Chi-Yu\n|-damage|p1a: Chi-Yu|74\/100\n|-supereffective|p1a: Chi-Yu\n|-damage|p1a: Chi-Yu|57\/100\n|-supereffective|p1a: Chi-Yu\n|-damage|p1a: Chi-Yu|40\/100\n|-supereffective|p1a: Chi-Yu\n|-damage|p1a: Chi-Yu|25\/100\n|-supereffective|p1a: Chi-Yu\n|-damage|p1a: Chi-Yu|10\/100\n|-hitcount|p1a: Chi-Yu|5\n|move|p1a: Chi-Yu|Overheat|p2a: Greninja\n|-resisted|p2a: Greninja\n|-damage|p2a: Greninja|0 fnt\n|-unboost|p1a: Chi-Yu|spa|2\n|faint|p2a: Greninja\n|-damage|p1a: Chi-Yu|0 fnt|[from] item: Life Orb\n|faint|p1a: Chi-Yu\n|\n|upkeep\n|inactive|Swankon has 120 seconds left.\n|c|\u2606Alilulu|All according to plan\n|\n|t:|1698982538\n|switch|p2a: Minior|Minior, shiny|100\/100\n|switch|p1a: Zacian|Zacian-Crowned|100\/100\n|-ability|p1a: Zacian|Intrepid Sword|boost\n|-boost|p1a: Zacian|atk|1\n|-damage|p2a: Minior|76\/100|[from] Stealth Rock\n|-formechange|p2a: Minior|Minior-Meteor||[from] ability: Shields Down\n|turn|53\n|\n|t:|1698982543\n|move|p1a: Zacian|Wild Charge|p2a: Minior\n|-supereffective|p2a: Minior\n|-damage|p2a: Minior|0 fnt\n|faint|p2a: Minior\n|-damage|p1a: Zacian|85\/100|[from] Recoil\n|\n|upkeep\n|inactive|Swankon has 120 seconds left.\n|\n|t:|1698982562\n|switch|p2a: Garchomp|Garchomp, F, shiny|100\/100\n|-damage|p2a: Garchomp|94\/100|[from] Stealth Rock\n|turn|54\n|\n|t:|1698982574\n|-terastallize|p1a: Zacian|Fairy\n|-terastallize|p2a: Garchomp|Poison\n|move|p1a: Zacian|Play Rough|p2a: Garchomp\n|-resisted|p2a: Garchomp\n|-damage|p2a: Garchomp|44\/100\n|-damage|p1a: Zacian|73\/100|[from] ability: Rough Skin|[of] p2a: Garchomp\n|move|p2a: Garchomp|Earthquake|p1a: Zacian\n|-damage|p1a: Zacian|24\/100\n|\n|upkeep\n|turn|55\n|\n|t:|1698982584\n|move|p1a: Zacian|Play Rough|p2a: Garchomp\n|-resisted|p2a: Garchomp\n|-damage|p2a: Garchomp|0 fnt\n|-damage|p1a: Zacian|12\/100|[from] ability: Rough Skin|[of] p2a: Garchomp\n|faint|p2a: Garchomp\n|\n|upkeep\n|\n|t:|1698982587\n|switch|p2a: Marshadow|Marshadow|100\/100\n|-damage|p2a: Marshadow|94\/100|[from] Stealth Rock\n|turn|56\n|\n|t:|1698982590\n|move|p2a: Marshadow|Shadow Sneak|p1a: Zacian\n|-damage|p1a: Zacian|0 fnt\n|faint|p1a: Zacian\n|\n|upkeep\n|\n|t:|1698982594\n|switch|p1a: Ditto|Ditto|100\/100\n|-transform|p1a: Ditto|p2a: Marshadow|[from] ability: Imposter\n|turn|57\n|\n|t:|1698982602\n|move|p2a: Marshadow|Shadow Sneak|p1a: Ditto\n|-supereffective|p1a: Ditto\n|-damage|p1a: Ditto|20\/100\n|move|p1a: Ditto|Spectral Thief|p2a: Marshadow\n|-supereffective|p2a: Marshadow\n|-damage|p2a: Marshadow|0 fnt\n|faint|p2a: Marshadow\n|\n|upkeep\n|\n|t:|1698982609\n|switch|p2a: Blaziken|Blaziken, M|100\/100\n|-damage|p2a: Blaziken|88\/100|[from] Stealth Rock\n|turn|58\n|\n|t:|1698982612\n|detailschange|p2a: Blaziken|Blaziken-Mega, M\n|-mega|p2a: Blaziken|Blaziken|Blazikenite\n|move|p2a: Blaziken|Protect|p2a: Blaziken\n|-singleturn|p2a: Blaziken|Protect\n|move|p1a: Ditto|Spectral Thief|p2a: Blaziken\n|-activate|p2a: Blaziken|move: Protect\n|\n|-ability|p2a: Blaziken|Speed Boost|boost\n|-boost|p2a: Blaziken|spe|1\n|upkeep\n|turn|59\n|\n|t:|1698982617\n|move|p1a: Ditto|Spectral Thief||[still]\n|-clearpositiveboost|p2a: Blaziken|p1a: Ditto|move: Spectral Thief\n|-boost|p1a: Ditto|spe|1\n|-anim|p1a: Ditto|Spectral Thief|p2a: Blaziken\n|-damage|p2a: Blaziken|31\/100\n|move|p2a: Blaziken|Blaze Kick|p1a: Ditto\n|-damage|p1a: Ditto|0 fnt\n|faint|p1a: Ditto\n|\n|-ability|p2a: Blaziken|Speed Boost|boost\n|-boost|p2a: Blaziken|spe|1\n|upkeep\n|\n|t:|1698982622\n|switch|p1a: Marshadow|Marshadow|100\/100\n|turn|60\n|\n|t:|1698982631\n|move|p2a: Blaziken|Protect|p2a: Blaziken\n|-singleturn|p2a: Blaziken|Protect\n|move|p1a: Marshadow|Shadow Sneak|p2a: Blaziken\n|-activate|p2a: Blaziken|move: Protect\n|\n|-ability|p2a: Blaziken|Speed Boost|boost\n|-boost|p2a: Blaziken|spe|1\n|upkeep\n|turn|61\n|\n|t:|1698982636\n|move|p1a: Marshadow|Shadow Sneak|p2a: Blaziken\n|-damage|p2a: Blaziken|0 fnt\n|faint|p2a: Blaziken\n|\n|win|Alilulu\n|raw|Alilulu's rating: 1296 &rarr; <strong>1321<\/strong><br \/>(+25 for winning)\n|raw|Swankon's rating: 1301 &rarr; <strong>1281<\/strong><br \/>(-20 for losing)\n|c|\u2606Swankon|gg\n|c|\u2606Alilulu|GG\n|l|\u2606Swankon\n","uploadtime":1698982645,"views":6,"p1id":"alilulu","p2id":"swankon","formatid":"gen9nationaldexubers","rating":1281,"private":0,"password":""}