{"id":"gen9nationaldexubers-1997874996","p1":"THUNDER-M0DE\u303d\ufe0f","p2":"LilTJ507","format":"[Gen 9] National Dex Ubers","log":"|j|\u2606THUNDER-M0DE\u303d\ufe0f\n|j|\u2606LilTJ507\n|t:|1700862416\n|gametype|singles\n|player|p1|THUNDER-M0DE\u303d\ufe0f|elesa-masters|1106\n|player|p2|LilTJ507|skierf|1157\n|teamsize|p1|6\n|teamsize|p2|6\n|gen|9\n|tier|[Gen 9] National Dex Ubers\n|rated|\n|rule|HP Percentage Mod: HP is shown in percentages\n|rule|Endless Battle Clause: Forcing endless battles is banned\n|rule|OHKO Clause: OHKO moves are banned\n|rule|Evasion Moves Clause: Evasion moves are banned\n|rule|Evasion Items Clause: Evasion items are banned\n|rule|Species Clause: Limit one of each Pok\u00e9mon\n|rule|Sleep Clause Mod: Limit one foe put to sleep\n|rule|Mega Rayquaza Clause: You cannot mega evolve Rayquaza\n|clearpoke\n|poke|p1|Tapu Koko|\n|poke|p1|Zapdos|\n|poke|p1|Raichu-Alola, M|\n|poke|p1|Regieleki|\n|poke|p1|Zeraora|\n|poke|p1|Zekrom|\n|poke|p2|Cinderace, M|\n|poke|p2|Meowscarada, F|\n|poke|p2|Quagsire, M|\n|poke|p2|Hatterene, F|\n|poke|p2|Eternatus|\n|poke|p2|Dudunsparce-*, F|\n|teampreview\n|\n|t:|1700862430\n|start\n|switch|p1a: \u26a1\ufe0f\u26a1\ufe0fZAPDODS\u26a1\ufe0f\ud83c\udf29|Zapdos, shiny|100\/100\n|switch|p2a: H A T|Hatterene, F|100\/100\n|turn|1\n|\n|t:|1700862438\n|move|p1a: \u26a1\ufe0f\u26a1\ufe0fZAPDODS\u26a1\ufe0f\ud83c\udf29|Rain Dance|p1a: \u26a1\ufe0f\u26a1\ufe0fZAPDODS\u26a1\ufe0f\ud83c\udf29\n|-weather|RainDance\n|move|p2a: H A T|Future Sight|p1a: \u26a1\ufe0f\u26a1\ufe0fZAPDODS\u26a1\ufe0f\ud83c\udf29\n|-start|p2a: H A T|move: Future Sight\n|\n|-weather|RainDance|[upkeep]\n|upkeep\n|turn|2\n|\n|t:|1700862448\n|move|p1a: \u26a1\ufe0f\u26a1\ufe0fZAPDODS\u26a1\ufe0f\ud83c\udf29|Thunder|p2a: H A T\n|-damage|p2a: H A T|44\/100\n|move|p2a: H A T|Psychic|p1a: \u26a1\ufe0f\u26a1\ufe0fZAPDODS\u26a1\ufe0f\ud83c\udf29\n|-damage|p1a: \u26a1\ufe0f\u26a1\ufe0fZAPDODS\u26a1\ufe0f\ud83c\udf29|43\/100\n|\n|-weather|RainDance|[upkeep]\n|upkeep\n|turn|3\n|l|\u2606LilTJ507\n|player|p2|\n|j|\u2606LilTJ507\n|player|p2|LilTJ507|skierf\n|\n|t:|1700862464\n|switch|p1a: \u26a1\ufe0f\u26a1\ufe0fRAICHU\u26a1\ufe0f\ud83e\udd17|Raichu-Alola, M|100\/100\n|move|p2a: H A T|Psychic|p1a: \u26a1\ufe0f\u26a1\ufe0fRAICHU\u26a1\ufe0f\ud83e\udd17\n|-resisted|p1a: \u26a1\ufe0f\u26a1\ufe0fRAICHU\u26a1\ufe0f\ud83e\udd17\n|-damage|p1a: \u26a1\ufe0f\u26a1\ufe0fRAICHU\u26a1\ufe0f\ud83e\udd17|63\/100\n|\n|-weather|RainDance|[upkeep]\n|-end|p1a: \u26a1\ufe0f\u26a1\ufe0fRAICHU\u26a1\ufe0f\ud83e\udd17|move: Future Sight\n|-resisted|p1a: \u26a1\ufe0f\u26a1\ufe0fRAICHU\u26a1\ufe0f\ud83e\udd17\n|-damage|p1a: \u26a1\ufe0f\u26a1\ufe0fRAICHU\u26a1\ufe0f\ud83e\udd17|13\/100\n|upkeep\n|turn|4\n|\n|t:|1700862479\n|move|p1a: \u26a1\ufe0f\u26a1\ufe0fRAICHU\u26a1\ufe0f\ud83e\udd17|Thunder|p2a: H A T\n|-damage|p2a: H A T|0 fnt\n|faint|p2a: H A T\n|\n|-weather|RainDance|[upkeep]\n|upkeep\n|\n|t:|1700862485\n|switch|p2a: Hvfgbj|Cinderace, M|100\/100\n|turn|5\n|\n|t:|1700862490\n|move|p2a: Hvfgbj|Sucker Punch|p1a: \u26a1\ufe0f\u26a1\ufe0fRAICHU\u26a1\ufe0f\ud83e\udd17\n|-supereffective|p1a: \u26a1\ufe0f\u26a1\ufe0fRAICHU\u26a1\ufe0f\ud83e\udd17\n|-crit|p1a: \u26a1\ufe0f\u26a1\ufe0fRAICHU\u26a1\ufe0f\ud83e\udd17\n|-damage|p1a: \u26a1\ufe0f\u26a1\ufe0fRAICHU\u26a1\ufe0f\ud83e\udd17|0 fnt\n|faint|p1a: \u26a1\ufe0f\u26a1\ufe0fRAICHU\u26a1\ufe0f\ud83e\udd17\n|\n|-weather|RainDance|[upkeep]\n|upkeep\n|\n|t:|1700862500\n|switch|p1a: \u26a1\ufe0fTAPU KOKO\u26a1\ufe0f\u26a1\ufe0f|Tapu Koko|100\/100\n|-fieldstart|move: Electric Terrain|[from] ability: Electric Surge|[of] p1a: \u26a1\ufe0fTAPU KOKO\u26a1\ufe0f\u26a1\ufe0f\n|turn|6\n|\n|t:|1700862506\n|-terastallize|p2a: Hvfgbj|Poison\n|move|p1a: \u26a1\ufe0fTAPU KOKO\u26a1\ufe0f\u26a1\ufe0f|Thunder|p2a: Hvfgbj\n|-damage|p2a: Hvfgbj|10\/100\n|-status|p2a: Hvfgbj|par\n|move|p2a: Hvfgbj|Gunk Shot|p1a: \u26a1\ufe0fTAPU KOKO\u26a1\ufe0f\u26a1\ufe0f\n|-supereffective|p1a: \u26a1\ufe0fTAPU KOKO\u26a1\ufe0f\u26a1\ufe0f\n|-damage|p1a: \u26a1\ufe0fTAPU KOKO\u26a1\ufe0f\u26a1\ufe0f|0 fnt\n|faint|p1a: \u26a1\ufe0fTAPU KOKO\u26a1\ufe0f\u26a1\ufe0f\n|\n|-weather|RainDance|[upkeep]\n|-heal|p2a: Hvfgbj|16\/100 par|[from] item: Leftovers\n|upkeep\n|\n|t:|1700862521\n|switch|p1a: \u26a1\ufe0f\u26a1\ufe0fZERAORA\u26a1\ufe0f\u26a1\ufe0f\ud83d\ude21|Zeraora|100\/100\n|turn|7\n|\n|t:|1700862525\n|cant|p2a: Hvfgbj|par\n|move|p1a: \u26a1\ufe0f\u26a1\ufe0fZERAORA\u26a1\ufe0f\u26a1\ufe0f\ud83d\ude21|Thunder|p2a: Hvfgbj\n|-damage|p2a: Hvfgbj|0 fnt\n|faint|p2a: Hvfgbj\n|\n|-weather|RainDance|[upkeep]\n|upkeep\n|\n|t:|1700862534\n|switch|p2a: Quagsire|Quagsire, M|100\/100\n|turn|8\n|\n|t:|1700862543\n|switch|p1a: \u26a1\ufe0f\u26a1\ufe0fZAPDODS\u26a1\ufe0f\ud83c\udf29|Zapdos, shiny|43\/100\n|move|p2a: Quagsire|Earthquake|p1a: \u26a1\ufe0f\u26a1\ufe0fZAPDODS\u26a1\ufe0f\ud83c\udf29\n|-immune|p1a: \u26a1\ufe0f\u26a1\ufe0fZAPDODS\u26a1\ufe0f\ud83c\udf29\n|\n|-weather|none\n|upkeep\n|turn|9\n|\n|t:|1700862552\n|move|p1a: \u26a1\ufe0f\u26a1\ufe0fZAPDODS\u26a1\ufe0f\ud83c\udf29|Hurricane|p2a: Quagsire\n|-damage|p2a: Quagsire|36\/100\n|move|p2a: Quagsire|Iron Tail|p1a: \u26a1\ufe0f\u26a1\ufe0fZAPDODS\u26a1\ufe0f\ud83c\udf29\n|-resisted|p1a: \u26a1\ufe0f\u26a1\ufe0fZAPDODS\u26a1\ufe0f\ud83c\udf29\n|-damage|p1a: \u26a1\ufe0f\u26a1\ufe0fZAPDODS\u26a1\ufe0f\ud83c\udf29|27\/100\n|-unboost|p1a: \u26a1\ufe0f\u26a1\ufe0fZAPDODS\u26a1\ufe0f\ud83c\udf29|def|1\n|\n|upkeep\n|turn|10\n|\n|t:|1700862562\n|move|p1a: \u26a1\ufe0f\u26a1\ufe0fZAPDODS\u26a1\ufe0f\ud83c\udf29|Hurricane|p2a: Quagsire\n|-damage|p2a: Quagsire|0 fnt\n|faint|p2a: Quagsire\n|\n|upkeep\n|\n|t:|1700862570\n|switch|p2a: Weed cat|Meowscarada, F|100\/100\n|turn|11\n|\n|t:|1700862574\n|move|p2a: Weed cat|Foul Play|p1a: \u26a1\ufe0f\u26a1\ufe0fZAPDODS\u26a1\ufe0f\ud83c\udf29\n|-damage|p1a: \u26a1\ufe0f\u26a1\ufe0fZAPDODS\u26a1\ufe0f\ud83c\udf29|0 fnt\n|-status|p2a: Weed cat|par|[from] ability: Static|[of] p1a: \u26a1\ufe0f\u26a1\ufe0fZAPDODS\u26a1\ufe0f\ud83c\udf29\n|faint|p1a: \u26a1\ufe0f\u26a1\ufe0fZAPDODS\u26a1\ufe0f\ud83c\udf29\n|\n|upkeep\n|\n|t:|1700862581\n|switch|p1a: \u26a1\ufe0f\u26a1\ufe0fREGIELEKI\u26a1\ufe0f\u26a1\ufe0f|Regieleki, shiny|100\/100\n|turn|12\n|\n|t:|1700862586\n|-terastallize|p1a: \u26a1\ufe0f\u26a1\ufe0fREGIELEKI\u26a1\ufe0f\u26a1\ufe0f|Electric\n|move|p1a: \u26a1\ufe0f\u26a1\ufe0fREGIELEKI\u26a1\ufe0f\u26a1\ufe0f|Rising Voltage|p2a: Weed cat\n|-hint|Rising Voltage's BP doubled on grounded target.\n|-resisted|p2a: Weed cat\n|-damage|p2a: Weed cat|0 fnt\n|faint|p2a: Weed cat\n|\n|upkeep\n|\n|t:|1700862598\n|switch|p2a: God 4|Dudunsparce, F|100\/100\n|turn|13\n|\n|t:|1700862602\n|move|p1a: \u26a1\ufe0f\u26a1\ufe0fREGIELEKI\u26a1\ufe0f\u26a1\ufe0f|Rising Voltage|p2a: God 4\n|-hint|Rising Voltage's BP doubled on grounded target.\n|-damage|p2a: God 4|0 fnt\n|faint|p2a: God 4\n|\n|-fieldend|move: Electric Terrain\n|upkeep\n|\n|t:|1700862609\n|switch|p2a: Jggggj|Eternatus|100\/100\n|-ability|p2a: Jggggj|Pressure\n|turn|14\n|\n|t:|1700862613\n|move|p1a: \u26a1\ufe0f\u26a1\ufe0fREGIELEKI\u26a1\ufe0f\u26a1\ufe0f|Zap Cannon|p2a: Jggggj\n|-resisted|p2a: Jggggj\n|-damage|p2a: Jggggj|56\/100\n|-status|p2a: Jggggj|par\n|cant|p2a: Jggggj|par\n|\n|upkeep\n|turn|15\n|\n|t:|1700862623\n|move|p1a: \u26a1\ufe0f\u26a1\ufe0fREGIELEKI\u26a1\ufe0f\u26a1\ufe0f|Thunderbolt|p2a: Jggggj\n|-resisted|p2a: Jggggj\n|-damage|p2a: Jggggj|20\/100 par\n|cant|p2a: Jggggj|par\n|\n|upkeep\n|turn|16\n|\n|t:|1700862629\n|move|p1a: \u26a1\ufe0f\u26a1\ufe0fREGIELEKI\u26a1\ufe0f\u26a1\ufe0f|Thunder|p2a: Jggggj\n|-resisted|p2a: Jggggj\n|-damage|p2a: Jggggj|0 fnt\n|faint|p2a: Jggggj\n|\n|win|THUNDER-M0DE\u303d\ufe0f\n|raw|THUNDER-M0DE\u303d\ufe0f's rating: 1106 &rarr; <strong>1135<\/strong><br \/>(+29 for winning)\n|raw|LilTJ507's rating: 1157 &rarr; <strong>1128<\/strong><br \/>(-29 for losing)\n|l|\u2606LilTJ507\n","uploadtime":1700862803,"views":1,"p1id":"thunderm0de","p2id":"liltj507","formatid":"gen9nationaldexubers","rating":1128,"private":0,"password":""}