{"id":"gen9nationaldexubers-1994543759","p1":"Ginesect","p2":"Just B3A$T","format":"[Gen 9] National Dex Ubers","log":"|j|\u2606Ginesect\n|j|\u2606Just B3A$T\n|t:|1700457255\n|gametype|singles\n|player|p1|Ginesect|cynthia|\n|player|p2|Just B3A$T|noland|\n|teamsize|p1|6\n|teamsize|p2|6\n|gen|9\n|tier|[Gen 9] National Dex Ubers\n|rule|HP Percentage Mod: HP is shown in percentages\n|rule|Endless Battle Clause: Forcing endless battles is banned\n|rule|OHKO Clause: OHKO moves are banned\n|rule|Evasion Moves Clause: Evasion moves are banned\n|rule|Evasion Items Clause: Evasion items are banned\n|rule|Species Clause: Limit one of each Pok\u00e9mon\n|rule|Sleep Clause Mod: Limit one foe put to sleep\n|rule|Mega Rayquaza Clause: You cannot mega evolve Rayquaza\n|clearpoke\n|poke|p1|Ninetales-Alola, F|\n|poke|p1|Baxcalibur, F|\n|poke|p1|Iron Bundle|\n|poke|p1|Weavile, M|\n|poke|p1|Arctozolt|\n|poke|p1|Moltres|\n|poke|p2|Rillaboom, M|\n|poke|p2|Samurott-Hisui, M|\n|poke|p2|Diancie|\n|poke|p2|Gholdengo|\n|poke|p2|Alomomola, F|\n|poke|p2|Moltres|\n|teampreview\n|inactive|Battle timer is ON: inactive players will automatically lose when time's up. (requested by Just B3A$T)\n|c|\u2606Just B3A$T|that one Moltres chilling:\n|c|\u2606Just B3A$T|now then\n|c|\u2606Just B3A$T|let's begin\n|c|\u2606Ginesect|Glhf\n|inactive|Ginesect has 270 seconds left.\n|inactive|Just B3A$T has 270 seconds left.\n|\n|t:|1700457301\n|start\n|switch|p1a: Ninetales|Ninetales-Alola, F|100\/100\n|switch|p2a: edge pro max|Samurott-Hisui, M, shiny|100\/100\n|-weather|Snow|[from] ability: Snow Warning|[of] p1a: Ninetales\n|turn|1\n|\n|t:|1700457307\n|move|p1a: Ninetales|Aurora Veil|p1a: Ninetales\n|-sidestart|p1: Ginesect|move: Aurora Veil\n|move|p2a: edge pro max|Ceaseless Edge|p1a: Ninetales\n|-resisted|p1a: Ninetales\n|-damage|p1a: Ninetales|90\/100\n|-sidestart|p1: Ginesect|Spikes\n|\n|-weather|Snow|[upkeep]\n|upkeep\n|turn|2\n|\n|t:|1700457309\n|move|p1a: Ninetales|Moonblast|p2a: edge pro max\n|-supereffective|p2a: edge pro max\n|-enditem|p2a: edge pro max|Focus Sash\n|-damage|p2a: edge pro max|1\/100\n|move|p2a: edge pro max|Encore|p1a: Ninetales\n|-start|p1a: Ninetales|Encore\n|\n|-weather|Snow|[upkeep]\n|upkeep\n|turn|3\n|\n|t:|1700457313\n|switch|p1a: Moltres|Moltres|100\/100\n|move|p2a: edge pro max|Sucker Punch||[still]\n|-fail|p2a: edge pro max\n|\n|-weather|Snow|[upkeep]\n|upkeep\n|turn|4\n|\n|t:|1700457316\n|move|p2a: edge pro max|Ceaseless Edge|p1a: Moltres\n|-damage|p1a: Moltres|81\/100\n|-sidestart|p1: Ginesect|Spikes\n|move|p1a: Moltres|Defog|p2a: edge pro max\n|-unboost|p2a: edge pro max|evasion|1\n|-sideend|p1: Ginesect|Spikes|[from] move: Defog|[of] p1a: Moltres\n|\n|-weather|Snow|[upkeep]\n|upkeep\n|turn|5\n|\n|t:|1700457320\n|move|p2a: edge pro max|Ceaseless Edge|p1a: Moltres\n|-damage|p1a: Moltres|58\/100\n|-status|p2a: edge pro max|brn|[from] ability: Flame Body|[of] p1a: Moltres\n|-sidestart|p1: Ginesect|Spikes\n|move|p1a: Moltres|Fire Blast|p2a: edge pro max\n|-resisted|p2a: edge pro max\n|-damage|p2a: edge pro max|0 fnt\n|faint|p2a: edge pro max\n|\n|-weather|none\n|upkeep\n|\n|t:|1700457331\n|switch|p2a: Stone Ocean|Diancie, shiny|100\/100\n|turn|6\n|\n|t:|1700457338\n|switch|p1a: Iron Bundle|Iron Bundle|100\/100\n|detailschange|p2a: Stone Ocean|Diancie-Mega, shiny\n|-mega|p2a: Stone Ocean|Diancie|Diancite\n|move|p2a: Stone Ocean|Calm Mind|p2a: Stone Ocean\n|-boost|p2a: Stone Ocean|spa|1\n|-boost|p2a: Stone Ocean|spd|1\n|\n|upkeep\n|turn|7\n|\n|t:|1700457344\n|move|p1a: Iron Bundle|Hydro Pump|p2a: Stone Ocean|[miss]\n|-miss|p1a: Iron Bundle|p2a: Stone Ocean\n|move|p2a: Stone Ocean|Diamond Storm|p1a: Iron Bundle\n|-supereffective|p1a: Iron Bundle\n|-damage|p1a: Iron Bundle|33\/100\n|-boost|p2a: Stone Ocean|def|2\n|\n|upkeep\n|turn|8\n|c|\u2606Ginesect|Bruh\n|\n|t:|1700457352\n|move|p1a: Iron Bundle|Hydro Pump|p2a: Stone Ocean\n|-supereffective|p2a: Stone Ocean\n|-damage|p2a: Stone Ocean|0 fnt\n|faint|p2a: Stone Ocean\n|\n|-sideend|p1: Ginesect|move: Aurora Veil\n|upkeep\n|c|\u2606Just B3A$T|didn't think I'd die\n|\n|t:|1700457364\n|switch|p2a: MONKE|Rillaboom, M|100\/100\n|-fieldstart|move: Grassy Terrain|[from] ability: Grassy Surge|[of] p2a: MONKE\n|turn|9\n|\n|t:|1700457376\n|-end|p1a: Iron Bundle|Quark Drive|[silent]\n|switch|p1a: Moltres|Moltres|58\/100\n|switch|p2a: FEESH|Alomomola, F, shiny|100\/100\n|\n|upkeep\n|turn|10\n|\n|t:|1700457379\n|move|p1a: Moltres|Defog|p2a: FEESH\n|-unboost|p2a: FEESH|evasion|1\n|-sideend|p1: Ginesect|Spikes|[from] move: Defog|[of] p1a: Moltres\n|-fieldend|move: Grassy Terrain\n|move|p2a: FEESH|Flip Turn|p1a: Moltres\n|-supereffective|p1a: Moltres\n|-damage|p1a: Moltres|25\/100\n|-status|p2a: FEESH|brn|[from] ability: Flame Body|[of] p1a: Moltres\n|\n|t:|1700457384\n|switch|p2a: budget Ho-oh|Moltres|100\/100|[from] Flip Turn\n|\n|upkeep\n|turn|11\n|\n|t:|1700457388\n|move|p1a: Moltres|Roost|p1a: Moltres\n|-heal|p1a: Moltres|75\/100\n|-singleturn|p1a: Moltres|move: Roost\n|move|p2a: budget Ho-oh|Hurricane|p1a: Moltres\n|-damage|p1a: Moltres|39\/100\n|\n|upkeep\n|turn|12\n|\n|t:|1700457396\n|switch|p1a: Ninetales|Ninetales-Alola, F|90\/100\n|-weather|Snow|[from] ability: Snow Warning|[of] p1a: Ninetales\n|move|p2a: budget Ho-oh|Hurricane|p1a: Ninetales|[miss]\n|-miss|p2a: budget Ho-oh|p1a: Ninetales\n|\n|-weather|Snow|[upkeep]\n|upkeep\n|turn|13\n|\n|t:|1700457399\n|move|p1a: Ninetales|Aurora Veil|p1a: Ninetales\n|-sidestart|p1: Ginesect|move: Aurora Veil\n|move|p2a: budget Ho-oh|Flamethrower|p1a: Ninetales\n|-supereffective|p1a: Ninetales\n|-damage|p1a: Ninetales|42\/100\n|-status|p1a: Ninetales|brn\n|\n|-weather|Snow|[upkeep]\n|-damage|p1a: Ninetales|36\/100 brn|[from] brn\n|upkeep\n|turn|14\n|\n|t:|1700457406\n|switch|p1a: Iron Bundle|Iron Bundle|33\/100\n|move|p2a: budget Ho-oh|Defog|p1a: Iron Bundle\n|-unboost|p1a: Iron Bundle|evasion|1\n|-sideend|p1: Ginesect|move: Aurora Veil\n|\n|-weather|Snow|[upkeep]\n|upkeep\n|turn|15\n|\n|t:|1700457410\n|switch|p2a: MONKE|Rillaboom, M|100\/100\n|-fieldstart|move: Grassy Terrain|[from] ability: Grassy Surge|[of] p2a: MONKE\n|move|p1a: Iron Bundle|Hydro Pump|p2a: MONKE\n|-resisted|p2a: MONKE\n|-damage|p2a: MONKE|61\/100\n|\n|-weather|Snow|[upkeep]\n|-heal|p1a: Iron Bundle|39\/100|[from] Grassy Terrain\n|-heal|p2a: MONKE|67\/100|[from] Grassy Terrain\n|upkeep\n|turn|16\n|\n|t:|1700457415\n|move|p2a: MONKE|Grassy Glide|p1a: Iron Bundle\n|-supereffective|p1a: Iron Bundle\n|-damage|p1a: Iron Bundle|0 fnt\n|faint|p1a: Iron Bundle\n|-end|p1a: Iron Bundle|Quark Drive|[silent]\n|-damage|p2a: MONKE|57\/100|[from] item: Life Orb\n|\n|-weather|none\n|-heal|p2a: MONKE|64\/100|[from] Grassy Terrain\n|upkeep\n|\n|t:|1700457424\n|switch|p1a: Moltres|Moltres|39\/100\n|turn|17\n|\n|t:|1700457427\n|switch|p2a: FEESH|Alomomola, F, shiny|100\/100 brn\n|move|p1a: Moltres|Hurricane|p2a: FEESH\n|-damage|p2a: FEESH|43\/100 brn\n|-enditem|p2a: FEESH|Red Card|[of] p1a: Moltres\n|drag|p1a: Ninetales|Ninetales-Alola, F|36\/100 brn\n|-weather|Snow|[from] ability: Snow Warning|[of] p1a: Ninetales\n|\n|-weather|Snow|[upkeep]\n|-heal|p1a: Ninetales|42\/100 brn|[from] Grassy Terrain\n|-heal|p2a: FEESH|49\/100 brn|[from] Grassy Terrain\n|-damage|p1a: Ninetales|36\/100 brn|[from] brn\n|-damage|p2a: FEESH|43\/100 brn|[from] brn\n|upkeep\n|turn|18\n|\n|t:|1700457433\n|move|p1a: Ninetales|Aurora Veil|p1a: Ninetales\n|-sidestart|p1: Ginesect|move: Aurora Veil\n|move|p2a: FEESH|Wish|p2a: FEESH\n|\n|-weather|Snow|[upkeep]\n|-heal|p1a: Ninetales|42\/100 brn|[from] Grassy Terrain\n|-heal|p2a: FEESH|49\/100 brn|[from] Grassy Terrain\n|-damage|p1a: Ninetales|36\/100 brn|[from] brn\n|-damage|p2a: FEESH|43\/100 brn|[from] brn\n|upkeep\n|turn|19\n|\n|t:|1700457435\n|switch|p1a: Baxcalibur|Baxcalibur, F|100\/100\n|move|p2a: FEESH|Flip Turn|p1a: Baxcalibur\n|-resisted|p1a: Baxcalibur\n|-damage|p1a: Baxcalibur|99\/100\n|\n|t:|1700457439\n|switch|p2a: budget Ho-oh|Moltres|100\/100|[from] Flip Turn\n|\n|-weather|Snow|[upkeep]\n|-heal|p1a: Baxcalibur|100\/100|[from] Grassy Terrain\n|-fieldend|move: Grassy Terrain\n|upkeep\n|turn|20\n|\n|t:|1700457445\n|-terastallize|p1a: Baxcalibur|Fire\n|move|p1a: Baxcalibur|Scale Shot|p2a: budget Ho-oh\n|-damage|p2a: budget Ho-oh|85\/100\n|-damage|p2a: budget Ho-oh|71\/100\n|-damage|p2a: budget Ho-oh|58\/100\n|-damage|p2a: budget Ho-oh|44\/100\n|-damage|p2a: budget Ho-oh|32\/100\n|-hitcount|p2a: budget Ho-oh|5\n|-unboost|p1a: Baxcalibur|def|1\n|-boost|p1a: Baxcalibur|spe|1\n|move|p2a: budget Ho-oh|Flamethrower|p1a: Baxcalibur\n|-resisted|p1a: Baxcalibur\n|-damage|p1a: Baxcalibur|90\/100\n|-ability|p1a: Baxcalibur|Thermal Exchange|boost\n|-boost|p1a: Baxcalibur|atk|1\n|\n|-weather|Snow|[upkeep]\n|upkeep\n|turn|21\n|c|\u2606Just B3A$T|oh no\n|c|\u2606Ginesect|Hehe\n|\n|t:|1700457457\n|move|p1a: Baxcalibur|Icicle Spear|p2a: budget Ho-oh\n|-damage|p2a: budget Ho-oh|10\/100\n|-damage|p2a: budget Ho-oh|0 fnt\n|faint|p2a: budget Ho-oh\n|-hitcount|p2: budget Ho-oh|2\n|\n|-weather|none\n|upkeep\n|\n|t:|1700457461\n|switch|p2a: FEESH|Alomomola, F, shiny|76\/100 brn\n|turn|22\n|\n|t:|1700457470\n|move|p1a: Baxcalibur|Scale Shot|p2a: FEESH\n|-damage|p2a: FEESH|65\/100 brn\n|-damage|p2a: FEESH|54\/100 brn\n|-damage|p2a: FEESH|42\/100 brn\n|-damage|p2a: FEESH|29\/100 brn\n|-hitcount|p2a: FEESH|4\n|-unboost|p1a: Baxcalibur|def|1\n|-boost|p1a: Baxcalibur|spe|1\n|move|p2a: FEESH|Wish|p2a: FEESH\n|\n|-damage|p2a: FEESH|23\/100 brn|[from] brn\n|upkeep\n|turn|23\n|\n|t:|1700457481\n|switch|p2a: Profit!|Gholdengo|100\/100\n|-item|p2a: Profit!|Air Balloon\n|move|p1a: Baxcalibur|Earthquake|p2a: Profit!\n|-immune|p2a: Profit!\n|\n|upkeep\n|turn|24\n|\n|t:|1700457496\n|move|p1a: Baxcalibur|Scale Shot|p2a: Profit!\n|-resisted|p2a: Profit!\n|-damage|p2a: Profit!|90\/100\n|-enditem|p2a: Profit!|Air Balloon\n|-resisted|p2a: Profit!\n|-crit|p2a: Profit!\n|-damage|p2a: Profit!|76\/100\n|-resisted|p2a: Profit!\n|-damage|p2a: Profit!|66\/100\n|-resisted|p2a: Profit!\n|-damage|p2a: Profit!|57\/100\n|-hitcount|p2a: Profit!|4\n|-unboost|p1a: Baxcalibur|def|1\n|-boost|p1a: Baxcalibur|spe|1\n|move|p2a: Profit!|Psyshock|p1a: Baxcalibur\n|-damage|p1a: Baxcalibur|52\/100\n|\n|upkeep\n|turn|25\n|\n|t:|1700457505\n|move|p1a: Baxcalibur|Earthquake|p2a: Profit!\n|-supereffective|p2a: Profit!\n|-damage|p2a: Profit!|0 fnt\n|faint|p2a: Profit!\n|\n|-sideend|p1: Ginesect|move: Aurora Veil\n|upkeep\n|\n|t:|1700457507\n|switch|p2a: FEESH|Alomomola, F, shiny|56\/100 brn\n|turn|26\n|\n|t:|1700457510\n|move|p1a: Baxcalibur|Scale Shot|p2a: FEESH\n|-damage|p2a: FEESH|45\/100 brn\n|-damage|p2a: FEESH|32\/100 brn\n|-damage|p2a: FEESH|20\/100 brn\n|-damage|p2a: FEESH|9\/100 brn\n|-hitcount|p2a: FEESH|4\n|-unboost|p1a: Baxcalibur|def|1\n|-boost|p1a: Baxcalibur|spe|1\n|move|p2a: FEESH|Toxic|p1a: Baxcalibur\n|-status|p1a: Baxcalibur|tox\n|\n|-damage|p1a: Baxcalibur|46\/100 tox|[from] psn\n|-damage|p2a: FEESH|3\/100 brn|[from] brn\n|upkeep\n|turn|27\n|\n|t:|1700457514\n|switch|p2a: MONKE|Rillaboom, M|64\/100\n|-fieldstart|move: Grassy Terrain|[from] ability: Grassy Surge|[of] p2a: MONKE\n|move|p1a: Baxcalibur|Icicle Spear|p2a: MONKE\n|-supereffective|p2a: MONKE\n|-damage|p2a: MONKE|15\/100\n|-supereffective|p2a: MONKE\n|-damage|p2a: MONKE|0 fnt\n|faint|p2a: MONKE\n|-hitcount|p2: MONKE|2\n|\n|-heal|p1a: Baxcalibur|52\/100 tox|[from] Grassy Terrain\n|-damage|p1a: Baxcalibur|40\/100 tox|[from] psn\n|upkeep\n|c|\u2606Ginesect|gg\n|c|\u2606Just B3A$T|crap...\n|c|\u2606Just B3A$T|gg\n|\n|t:|1700457521\n|switch|p2a: FEESH|Alomomola, F, shiny|36\/100 brn\n|turn|28\n|\n|t:|1700457523\n|-terastallize|p2a: FEESH|Flying\n|move|p1a: Baxcalibur|Scale Shot|p2a: FEESH\n|-damage|p2a: FEESH|25\/100 brn\n|-damage|p2a: FEESH|13\/100 brn\n|-damage|p2a: FEESH|2\/100 brn\n|-damage|p2a: FEESH|0 fnt\n|faint|p2a: FEESH\n|-hitcount|p2: FEESH|4\n|\n|win|Ginesect\n","uploadtime":1700457528,"views":4,"p1id":"ginesect","p2id":"justb3at","formatid":"gen9nationaldexubers","rating":0,"private":0,"password":""}