{"id":"gen9nationaldexubers-1978146822","p1":"giffysweg","p2":"phoenix3691","format":"[Gen 9] National Dex Ubers","log":"|j|\u2606giffysweg\n|j|\u2606phoenix3691\n|t:|1698505082\n|gametype|singles\n|player|p1|giffysweg|101|\n|player|p2|phoenix3691|265|\n|teamsize|p1|6\n|teamsize|p2|6\n|gen|9\n|tier|[Gen 9] National Dex Ubers\n|rule|HP Percentage Mod: HP is shown in percentages\n|rule|Endless Battle Clause: Forcing endless battles is banned\n|rule|OHKO Clause: OHKO moves are banned\n|rule|Evasion Moves Clause: Evasion moves are banned\n|rule|Evasion Items Clause: Evasion items are banned\n|rule|Species Clause: Limit one of each Pok\u00e9mon\n|rule|Sleep Clause Mod: Limit one foe put to sleep\n|rule|Mega Rayquaza Clause: You cannot mega evolve Rayquaza\n|clearpoke\n|poke|p1|Dragapult, M|\n|poke|p1|Urshifu-*, F|\n|poke|p1|Jirachi|\n|poke|p1|Tyranitar, F|\n|poke|p1|Ferrothorn, F|\n|poke|p1|Latias, F|\n|poke|p2|Tapu Koko|\n|poke|p2|Landorus-Therian, M|\n|poke|p2|Latios, M|\n|poke|p2|Scizor, M|\n|poke|p2|Incineroar, M|\n|poke|p2|Amoonguss, F|\n|teampreview\n|inactive|Battle timer is ON: inactive players will automatically lose when time's up. (requested by giffysweg)\n|\n|t:|1698505155\n|start\n|switch|p1a: Dragapult|Dragapult, M|100\/100\n|switch|p2a: Tapu Koko|Tapu Koko|100\/100\n|-fieldstart|move: Electric Terrain|[from] ability: Electric Surge|[of] p2a: Tapu Koko\n|turn|1\n|inactive|giffysweg has 270 seconds left.\n|\n|t:|1698505191\n|switch|p1a: Ferrothorn|Ferrothorn, F|100\/100\n|move|p2a: Tapu Koko|Volt Switch|p1a: Ferrothorn\n|-resisted|p1a: Ferrothorn\n|-damage|p1a: Ferrothorn|82\/100\n|inactive|phoenix3691 has 270 seconds left.\n|\n|t:|1698505224\n|switch|p2a: Incineroar|Incineroar, M|100\/100|[from] Volt Switch\n|-ability|p2a: Incineroar|Intimidate|boost\n|-unboost|p1a: Ferrothorn|atk|1\n|\n|upkeep\n|turn|2\n|inactive|giffysweg has 270 seconds left.\n|inactive|phoenix3691 has 270 seconds left.\n|\n|t:|1698505245\n|switch|p1a: Urshifu|Urshifu-Rapid-Strike, F|100\/100\n|move|p2a: Incineroar|Knock Off|p1a: Urshifu\n|-resisted|p1a: Urshifu\n|-damage|p1a: Urshifu|83\/100\n|-enditem|p1a: Urshifu|Choice Band|[from] move: Knock Off|[of] p2a: Incineroar\n|\n|upkeep\n|turn|3\n|\n|t:|1698505263\n|switch|p2a: Amoonguss|Amoonguss, F|100\/100\n|move|p1a: Urshifu|Ice Punch|p2a: Amoonguss\n|-supereffective|p2a: Amoonguss\n|-damage|p2a: Amoonguss|60\/100\n|-damage|p1a: Urshifu|66\/100|[from] item: Rocky Helmet|[of] p2a: Amoonguss\n|\n|upkeep\n|turn|4\n|inactive|phoenix3691 has 270 seconds left.\n|inactive|giffysweg has 240 seconds left.\n|\n|t:|1698505314\n|move|p1a: Urshifu|Ice Punch|p2a: Amoonguss\n|-supereffective|p2a: Amoonguss\n|-damage|p2a: Amoonguss|24\/100\n|-damage|p1a: Urshifu|50\/100|[from] item: Rocky Helmet|[of] p2a: Amoonguss\n|move|p2a: Amoonguss|Spore|p1a: Urshifu\n|-activate|p1a: Urshifu|move: Electric Terrain\n|\n|upkeep\n|turn|5\n|inactive|giffysweg has 210 seconds left.\n|\n|t:|1698505341\n|switch|p2a: Scizor|Scizor, M|100\/100\n|move|p1a: Urshifu|Surging Strikes|p2a: Scizor\n|-crit|p2a: Scizor\n|-damage|p2a: Scizor|80\/100\n|-crit|p2a: Scizor\n|-damage|p2a: Scizor|58\/100\n|-crit|p2a: Scizor\n|-damage|p2a: Scizor|38\/100\n|-hitcount|p2a: Scizor|3\n|\n|-fieldend|move: Electric Terrain\n|upkeep\n|turn|6\n|inactive|phoenix3691 has 240 seconds left.\n|\n|t:|1698505370\n|switch|p2a: Amoonguss|Amoonguss, F|57\/100\n|move|p1a: Urshifu|Surging Strikes|p2a: Amoonguss\n|-resisted|p2a: Amoonguss\n|-crit|p2a: Amoonguss\n|-damage|p2a: Amoonguss|50\/100\n|-damage|p1a: Urshifu|34\/100|[from] item: Rocky Helmet|[of] p2a: Amoonguss\n|-resisted|p2a: Amoonguss\n|-crit|p2a: Amoonguss\n|-damage|p2a: Amoonguss|44\/100\n|-damage|p1a: Urshifu|17\/100|[from] item: Rocky Helmet|[of] p2a: Amoonguss\n|-resisted|p2a: Amoonguss\n|-crit|p2a: Amoonguss\n|-damage|p2a: Amoonguss|37\/100\n|-damage|p1a: Urshifu|1\/100|[from] item: Rocky Helmet|[of] p2a: Amoonguss\n|-hitcount|p2a: Amoonguss|3\n|\n|upkeep\n|turn|7\n|inactive|phoenix3691 has 240 seconds left.\n|\n|t:|1698505399\n|switch|p2a: Tapu Koko|Tapu Koko|100\/100\n|-fieldstart|move: Electric Terrain|[from] ability: Electric Surge|[of] p2a: Tapu Koko\n|move|p1a: Urshifu|Ice Punch|p2a: Tapu Koko\n|-damage|p2a: Tapu Koko|65\/100\n|\n|upkeep\n|turn|8\n|inactive|giffysweg has 180 seconds left.\n|\n|t:|1698505431\n|move|p1a: Urshifu|Aqua Jet|p2a: Tapu Koko\n|-damage|p2a: Tapu Koko|38\/100\n|move|p2a: Tapu Koko|Volt Switch|p1a: Urshifu\n|-supereffective|p1a: Urshifu\n|-damage|p1a: Urshifu|0 fnt\n|faint|p1a: Urshifu\n|\n|t:|1698505440\n|switch|p2a: Amoonguss|Amoonguss, F|71\/100|[from] Volt Switch\n|\n|upkeep\n|inactive|giffysweg has 180 seconds left.\n|inactive|giffysweg has 150 seconds left.\n|\n|t:|1698505493\n|switch|p1a: Jirachi|Jirachi|100\/100\n|turn|9\n|inactive|phoenix3691 has 240 seconds left.\n|\n|t:|1698505504\n|switch|p2a: Incineroar|Incineroar, M|100\/100\n|-ability|p2a: Incineroar|Intimidate|boost\n|-unboost|p1a: Jirachi|atk|1\n|move|p1a: Jirachi|Body Slam|p2a: Incineroar\n|-damage|p2a: Incineroar|88\/100\n|\n|upkeep\n|turn|10\n|inactive|phoenix3691 has 240 seconds left.\n|inactive|giffysweg has 150 seconds left.\n|\n|t:|1698505516\n|move|p1a: Jirachi|U-turn|p2a: Incineroar\n|-damage|p2a: Incineroar|77\/100\n|inactive|giffysweg has 150 seconds left.\n|\n|t:|1698505530\n|switch|p1a: Tyranitar|Tyranitar, F|100\/100|[from] U-turn\n|-weather|Sandstorm|[from] ability: Sand Stream|[of] p1a: Tyranitar\n|move|p2a: Incineroar|Knock Off|p1a: Tyranitar\n|-resisted|p1a: Tyranitar\n|-damage|p1a: Tyranitar|89\/100\n|\n|-weather|Sandstorm|[upkeep]\n|-damage|p2a: Incineroar|71\/100|[from] Sandstorm\n|upkeep\n|turn|11\n|inactive|giffysweg has 150 seconds left.\n|inactive|phoenix3691 has 240 seconds left.\n|\n|t:|1698505545\n|switch|p2a: Amoonguss|Amoonguss, F|100\/100\n|detailschange|p1a: Tyranitar|Tyranitar-Mega, F\n|-mega|p1a: Tyranitar|Tyranitar|Tyranitarite\n|move|p1a: Tyranitar|Dragon Dance|p1a: Tyranitar\n|-boost|p1a: Tyranitar|atk|1\n|-boost|p1a: Tyranitar|spe|1\n|\n|-weather|Sandstorm|[upkeep]\n|-damage|p2a: Amoonguss|94\/100|[from] Sandstorm\n|-fieldend|move: Electric Terrain\n|upkeep\n|turn|12\n|inactive|phoenix3691 has 240 seconds left.\n|\n|t:|1698505569\n|move|p1a: Tyranitar|Ice Punch|p2a: Amoonguss\n|-supereffective|p2a: Amoonguss\n|-crit|p2a: Amoonguss\n|-damage|p2a: Amoonguss|0 fnt\n|-damage|p1a: Tyranitar|73\/100|[from] item: Rocky Helmet|[of] p2a: Amoonguss\n|faint|p2a: Amoonguss\n|\n|-weather|Sandstorm|[upkeep]\n|upkeep\n|inactive|phoenix3691 has 240 seconds left.\n|inactive|phoenix3691 has 210 seconds left.\n|inactive|phoenix3691 has 180 seconds left.\n|\n|t:|1698505636\n|switch|p2a: Tapu Koko|Tapu Koko|38\/100\n|-fieldstart|move: Electric Terrain|[from] ability: Electric Surge|[of] p2a: Tapu Koko\n|turn|13\n|\n|t:|1698505644\n|move|p1a: Tyranitar|Stone Edge|p2a: Tapu Koko\n|-crit|p2a: Tapu Koko\n|-damage|p2a: Tapu Koko|0 fnt\n|faint|p2a: Tapu Koko\n|\n|-weather|Sandstorm|[upkeep]\n|upkeep\n|inactive|phoenix3691 has 180 seconds left.\n|inactive|phoenix3691 has 150 seconds left.\n|\n|t:|1698505692\n|switch|p2a: Scizor|Scizor, M|38\/100\n|turn|14\n|inactive|giffysweg has 150 seconds left.\n|\n|t:|1698505700\n|detailschange|p2a: Scizor|Scizor-Mega, M\n|-mega|p2a: Scizor|Scizor|Scizorite\n|move|p2a: Scizor|Bullet Punch|p1a: Tyranitar\n|-supereffective|p1a: Tyranitar\n|-damage|p1a: Tyranitar|16\/100\n|move|p1a: Tyranitar|Fire Punch|p2a: Scizor\n|-supereffective|p2a: Scizor\n|-damage|p2a: Scizor|0 fnt\n|faint|p2a: Scizor\n|\n|-weather|none\n|upkeep\n|\n|t:|1698505710\n|switch|p2a: Incineroar|Incineroar, M|71\/100\n|-ability|p2a: Incineroar|Intimidate|boost\n|-unboost|p1a: Tyranitar|atk|1\n|turn|15\n|inactive|phoenix3691 has 150 seconds left.\n|\n|t:|1698505734\n|move|p1a: Tyranitar|Stone Edge|p2a: Incineroar\n|-supereffective|p2a: Incineroar\n|-damage|p2a: Incineroar|0 fnt\n|faint|p2a: Incineroar\n|\n|upkeep\n|\n|t:|1698505741\n|switch|p2a: Landorus|Landorus-Therian, M|100\/100\n|-ability|p2a: Landorus|Intimidate|boost\n|-unboost|p1a: Tyranitar|atk|1\n|turn|16\n|inactive|phoenix3691 has 150 seconds left.\n|\n|t:|1698505756\n|move|p1a: Tyranitar|Ice Punch|p2a: Landorus\n|-supereffective|p2a: Landorus\n|-damage|p2a: Landorus|0 fnt\n|faint|p2a: Landorus\n|\n|upkeep\n|\n|t:|1698505760\n|switch|p2a: Latios|Latios, M|100\/100\n|turn|17\n|inactive|phoenix3691 has 150 seconds left.\n|\n|t:|1698505766\n|move|p1a: Tyranitar|Ice Punch|p2a: Latios\n|-supereffective|p2a: Latios\n|-damage|p2a: Latios|45\/100\n|move|p2a: Latios|Psychic|p1a: Tyranitar\n|-immune|p1a: Tyranitar\n|\n|-fieldend|move: Electric Terrain\n|upkeep\n|turn|18\n|\n|t:|1698505774\n|move|p1a: Tyranitar|Ice Punch|p2a: Latios\n|-supereffective|p2a: Latios\n|-damage|p2a: Latios|0 fnt\n|faint|p2a: Latios\n|\n|win|giffysweg\n|l|\u2606phoenix3691\n","uploadtime":1698505789,"views":5,"p1id":"giffysweg","p2id":"phoenix3691","formatid":"gen9nationaldexubers","rating":0,"private":0,"password":""}