{"id":"gen9nationaldexubers-2000657996","p1":"SMN_17","p2":"Dusk483","format":"[Gen 9] National Dex Ubers","log":"|j|\u2606SMN_17\n|j|\u2606Dusk483\n|t:|1701215445\n|gametype|singles\n|player|p1|SMN_17|hilbert|1130\n|player|p2|Dusk483|gambler|1256\n|teamsize|p1|6\n|teamsize|p2|6\n|gen|9\n|tier|[Gen 9] National Dex Ubers\n|rated|\n|rule|HP Percentage Mod: HP is shown in percentages\n|rule|Endless Battle Clause: Forcing endless battles is banned\n|rule|OHKO Clause: OHKO moves are banned\n|rule|Evasion Moves Clause: Evasion moves are banned\n|rule|Evasion Items Clause: Evasion items are banned\n|rule|Species Clause: Limit one of each Pok\u00e9mon\n|rule|Sleep Clause Mod: Limit one foe put to sleep\n|rule|Mega Rayquaza Clause: You cannot mega evolve Rayquaza\n|clearpoke\n|poke|p1|Swampert, M|\n|poke|p1|Palafin, M|\n|poke|p1|Samurott-Hisui, M|\n|poke|p1|Blastoise, M|\n|poke|p1|Golduck, M|\n|poke|p1|Gyarados, M|\n|poke|p2|Steelix, F|\n|poke|p2|Tyranitar, M|\n|poke|p2|Celesteela|\n|poke|p2|Dracovish|\n|poke|p2|Houndstone, F|\n|poke|p2|Hippowdon, F|\n|teampreview\n|c|\u2606Dusk483|That team makes me wet\n|inactive|Battle timer is ON: inactive players will automatically lose when time's up. (requested by SMN_17)\n|\n|t:|1701215465\n|start\n|switch|p1a: All Might|Palafin, M, shiny|100\/100\n|switch|p2a: A2|Tyranitar, M|100\/100\n|-weather|Sandstorm|[from] ability: Sand Stream|[of] p2a: A2\n|turn|1\n|c|\u2606SMN_17|Dawg \u2620\ufe0f\u2620\ufe0f\u2620\ufe0f\n|\n|t:|1701215480\n|switch|p2a: B2|Dracovish|100\/100\n|move|p1a: All Might|Flip Turn|p2a: B2\n|-resisted|p2a: B2\n|-damage|p2a: B2|93\/100\n|\n|t:|1701215487\n|detailschange|p1a: All Might|Palafin-Hero, M, shiny\n|switch|p1a: Levi|Gyarados, M|100\/100|[from] Flip Turn\n|\n|-weather|Sandstorm|[upkeep]\n|-damage|p1a: Levi|94\/100|[from] Sandstorm\n|upkeep\n|turn|2\n|\n|t:|1701215498\n|move|p2a: B2|Fishious Rend|p1a: Levi\n|-resisted|p1a: Levi\n|-damage|p1a: Levi|22\/100\n|move|p1a: Levi|Dragon Dance|p1a: Levi\n|-boost|p1a: Levi|atk|1\n|-boost|p1a: Levi|spe|1\n|\n|-weather|Sandstorm|[upkeep]\n|-damage|p1a: Levi|16\/100|[from] Sandstorm\n|upkeep\n|turn|3\n|\n|t:|1701215514\n|-terastallize|p1a: Levi|Flying\n|move|p2a: B2|Fishious Rend|p1a: Levi\n|-damage|p1a: Levi|0 fnt\n|faint|p1a: Levi\n|\n|-weather|Sandstorm|[upkeep]\n|upkeep\n|\n|t:|1701215524\n|switch|p1a: All Might|Palafin-Hero, M, shiny|100\/100\n|-activate|p1a: All Might|ability: Zero to Hero\n|turn|4\n|\n|t:|1701215531\n|switch|p2a: S|Celesteela|100\/100\n|move|p1a: All Might|Jet Punch|p2a: S\n|-damage|p2a: S|52\/100\n|\n|-weather|Sandstorm|[upkeep]\n|-damage|p1a: All Might|94\/100|[from] Sandstorm\n|-heal|p2a: S|58\/100|[from] item: Leftovers\n|upkeep\n|turn|5\n|\n|t:|1701215542\n|move|p1a: All Might|Jet Punch|p2a: S\n|-damage|p2a: S|12\/100\n|move|p2a: S|Leech Seed|p1a: All Might\n|-start|p1a: All Might|move: Leech Seed\n|\n|-weather|none\n|-heal|p2a: S|18\/100|[from] item: Leftovers\n|-damage|p1a: All Might|82\/100|[from] Leech Seed|[of] p2a: S\n|-heal|p2a: S|29\/100|[silent]\n|upkeep\n|turn|6\n|\n|t:|1701215549\n|switch|p1a: Shinsuke|Samurott-Hisui, M|100\/100\n|move|p2a: S|Protect||[still]\n|-fail|p2a: S\n|\n|-heal|p2a: S|35\/100|[from] item: Leftovers\n|upkeep\n|turn|7\n|\n|t:|1701215559\n|switch|p2a: B3|Hippowdon, F|100\/100\n|-weather|Sandstorm|[from] ability: Sand Stream|[of] p2a: B3\n|move|p1a: Shinsuke|Swords Dance|p1a: Shinsuke\n|-boost|p1a: Shinsuke|atk|2\n|\n|-weather|Sandstorm|[upkeep]\n|-damage|p1a: Shinsuke|94\/100|[from] Sandstorm\n|upkeep\n|turn|8\n|\n|t:|1701215567\n|move|p1a: Shinsuke|Aqua Jet|p2a: B3\n|-supereffective|p2a: B3\n|-damage|p2a: B3|47\/100\n|move|p2a: B3|Whirlwind|p1a: Shinsuke\n|drag|p1a: All Might|Palafin-Hero, M, shiny|82\/100\n|\n|-weather|Sandstorm|[upkeep]\n|-damage|p1a: All Might|76\/100|[from] Sandstorm\n|upkeep\n|turn|9\n|\n|t:|1701215575\n|move|p1a: All Might|Flip Turn|p2a: B3\n|-supereffective|p2a: B3\n|-damage|p2a: B3|0 fnt\n|faint|p2a: B3\n|\n|t:|1701215580\n|switch|p1a: Shinsuke|Samurott-Hisui, M|94\/100|[from] Flip Turn\n|\n|-weather|Sandstorm|[upkeep]\n|-damage|p1a: Shinsuke|88\/100|[from] Sandstorm\n|upkeep\n|\n|t:|1701215590\n|switch|p2a: A|Steelix, F|100\/100\n|turn|10\n|\n|t:|1701215594\n|detailschange|p2a: A|Steelix-Mega, F\n|-mega|p2a: A|Steelix|Steelixite\n|move|p1a: Shinsuke|Swords Dance|p1a: Shinsuke\n|-boost|p1a: Shinsuke|atk|2\n|move|p2a: A|Body Press|p1a: Shinsuke\n|-supereffective|p1a: Shinsuke\n|-damage|p1a: Shinsuke|0 fnt\n|faint|p1a: Shinsuke\n|\n|-weather|Sandstorm|[upkeep]\n|upkeep\n|\n|t:|1701215599\n|switch|p1a: Perry|Golduck, M|100\/100\n|turn|11\n|\n|t:|1701215605\n|move|p1a: Perry|Rain Dance|p1a: Perry\n|-weather|RainDance\n|move|p2a: A|Body Press|p1a: Perry\n|-damage|p1a: Perry|44\/100\n|\n|-weather|RainDance|[upkeep]\n|upkeep\n|turn|12\n|\n|t:|1701215610\n|move|p1a: Perry|Grass Knot|p2a: A\n|-damage|p2a: A|64\/100\n|-damage|p1a: Perry|34\/100|[from] item: Life Orb\n|move|p2a: A|Body Press|p1a: Perry\n|-damage|p1a: Perry|0 fnt\n|faint|p1a: Perry\n|\n|-weather|RainDance|[upkeep]\n|upkeep\n|\n|t:|1701215621\n|switch|p1a: Shrek|Swampert, M|100\/100\n|turn|13\n|\n|t:|1701215625\n|detailschange|p1a: Shrek|Swampert-Mega, M\n|-mega|p1a: Shrek|Swampert|Swampertite\n|move|p1a: Shrek|Earthquake|p2a: A\n|-supereffective|p2a: A\n|-damage|p2a: A|3\/100\n|move|p2a: A|Body Press|p1a: Shrek\n|-damage|p1a: Shrek|62\/100\n|\n|-weather|RainDance|[upkeep]\n|upkeep\n|turn|14\n|\n|t:|1701215633\n|move|p2a: A|Protect|p2a: A\n|-singleturn|p2a: A|Protect\n|move|p1a: Shrek|Waterfall|p2a: A\n|-activate|p2a: A|move: Protect\n|\n|-weather|RainDance|[upkeep]\n|upkeep\n|turn|15\n|\n|t:|1701215643\n|switch|p2a: B2|Dracovish|93\/100\n|move|p1a: Shrek|Waterfall|p2a: B2\n|-resisted|p2a: B2\n|-damage|p2a: B2|72\/100\n|\n|-weather|none\n|upkeep\n|turn|16\n|\n|t:|1701215652\n|switch|p2a: A2|Tyranitar, M|100\/100\n|-weather|Sandstorm|[from] ability: Sand Stream|[of] p2a: A2\n|move|p1a: Shrek|Earthquake|p2a: A2\n|-supereffective|p2a: A2\n|-damage|p2a: A2|0 fnt\n|faint|p2a: A2\n|\n|-weather|Sandstorm|[upkeep]\n|upkeep\n|\n|t:|1701215666\n|switch|p2a: B2|Dracovish|72\/100\n|turn|17\n|\n|t:|1701215673\n|move|p2a: B2|Fishious Rend|p1a: Shrek\n|-damage|p1a: Shrek|0 fnt\n|faint|p1a: Shrek\n|\n|-weather|Sandstorm|[upkeep]\n|upkeep\n|\n|t:|1701215676\n|switch|p1a: All Might|Palafin-Hero, M, shiny|76\/100\n|turn|18\n|\n|t:|1701215682\n|-terastallize|p2a: B2|Water\n|move|p1a: All Might|Jet Punch|p2a: B2\n|-resisted|p2a: B2\n|-damage|p2a: B2|44\/100\n|move|p2a: B2|Fishious Rend|p1a: All Might\n|-resisted|p1a: All Might\n|-damage|p1a: All Might|37\/100\n|\n|-weather|Sandstorm|[upkeep]\n|-damage|p1a: All Might|31\/100|[from] Sandstorm\n|upkeep\n|turn|19\n|\n|t:|1701215691\n|move|p1a: All Might|Jet Punch|p2a: B2\n|-resisted|p2a: B2\n|-damage|p2a: B2|15\/100\n|move|p2a: B2|Fishious Rend|p1a: All Might\n|-resisted|p1a: All Might\n|-damage|p1a: All Might|0 fnt\n|faint|p1a: All Might\n|\n|-weather|Sandstorm|[upkeep]\n|upkeep\n|\n|t:|1701215693\n|switch|p1a: Leonardo|Blastoise, M|100\/100\n|turn|20\n|\n|t:|1701215699\n|move|p2a: B2|Fishious Rend|p1a: Leonardo\n|-resisted|p1a: Leonardo\n|-damage|p1a: Leonardo|19\/100\n|move|p1a: Leonardo|Shell Smash|p1a: Leonardo\n|-unboost|p1a: Leonardo|def|1\n|-unboost|p1a: Leonardo|spd|1\n|-boost|p1a: Leonardo|atk|2\n|-boost|p1a: Leonardo|spa|2\n|-boost|p1a: Leonardo|spe|2\n|-enditem|p1a: Leonardo|White Herb\n|-clearnegativeboost|p1a: Leonardo|[silent]\n|\n|-weather|none\n|upkeep\n|turn|21\n|\n|t:|1701215709\n|move|p1a: Leonardo|Dark Pulse|p2a: B2\n|-damage|p2a: B2|0 fnt\n|faint|p2a: B2\n|\n|upkeep\n|\n|t:|1701215721\n|switch|p2a: B|Houndstone, F|100\/100\n|turn|22\n|c|\u2606SMN_17|That houndstone is scaring me\n|\n|t:|1701215725\n|move|p1a: Leonardo|Dark Pulse|p2a: B\n|-supereffective|p2a: B\n|-damage|p2a: B|0 fnt\n|faint|p2a: B\n|\n|upkeep\n|c|\u2606SMN_17|nvm lol\n|c|\u2606Dusk483|rip nah it needed 1 more turn of sand\n|c|\u2606Dusk483|gg\n|-message|Dusk483 forfeited.\n|\n|win|SMN_17\n|raw|SMN_17's rating: 1130 &rarr; <strong>1164<\/strong><br \/>(+34 for winning)\n|raw|Dusk483's rating: 1256 &rarr; <strong>1222<\/strong><br \/>(-34 for losing)\n|l|\u2606Dusk483\n|c|\u2606SMN_17|gg\n","uploadtime":1701215751,"views":1,"p1id":"smn17","p2id":"dusk483","formatid":"gen9nationaldexubers","rating":1164,"private":0,"password":""}