{"id":"gen9nationaldexubers-1984030647","p1":"BriefStar","p2":"tbor2002","format":"[Gen 9] National Dex Ubers","log":"|j|\u2606BriefStar\n|j|\u2606tbor2002\n|t:|1699211547\n|gametype|singles\n|player|p1|BriefStar|benga|\n|player|p2|tbor2002|wattson|\n|teamsize|p1|6\n|teamsize|p2|6\n|gen|9\n|tier|[Gen 9] National Dex Ubers\n|rule|HP Percentage Mod: HP is shown in percentages\n|rule|Endless Battle Clause: Forcing endless battles is banned\n|rule|OHKO Clause: OHKO moves are banned\n|rule|Evasion Moves Clause: Evasion moves are banned\n|rule|Evasion Items Clause: Evasion items are banned\n|rule|Species Clause: Limit one of each Pok\u00e9mon\n|rule|Sleep Clause Mod: Limit one foe put to sleep\n|rule|Mega Rayquaza Clause: You cannot mega evolve Rayquaza\n|clearpoke\n|poke|p1|Torkoal, M|\n|poke|p1|Tinkaton, F|\n|poke|p1|Bellibolt, M|\n|poke|p1|Mismagius, M|\n|poke|p1|Spidops, F|\n|poke|p1|Fraxure, F|\n|poke|p2|Walking Wake|\n|poke|p2|Muk-Alola, M|\n|poke|p2|Jolteon, F|\n|poke|p2|Toxicroak, F|\n|poke|p2|Falinks|\n|poke|p2|Glimmet, M|\n|teampreview\n|\n|t:|1699211559\n|start\n|switch|p1a: Hey There|Fraxure, F|100\/100\n|switch|p2a: Glimmet|Glimmet, M|100\/100\n|-ability|p1a: Hey There|Mold Breaker\n|turn|1\n|\n|t:|1699211569\n|move|p1a: Hey There|Substitute|p1a: Hey There\n|-start|p1a: Hey There|Substitute\n|-damage|p1a: Hey There|76\/100\n|move|p2a: Glimmet|Sunny Day|p2a: Glimmet\n|-weather|SunnyDay\n|\n|-weather|SunnyDay|[upkeep]\n|upkeep\n|turn|2\n|\n|t:|1699211579\n|switch|p2a: Walking Wake|Walking Wake|100\/100\n|-activate|p2a: Walking Wake|ability: Protosynthesis\n|-start|p2a: Walking Wake|protosynthesisspe\n|move|p1a: Hey There|Dragon Dance|p1a: Hey There\n|-boost|p1a: Hey There|atk|1\n|-boost|p1a: Hey There|spe|1\n|\n|-weather|SunnyDay|[upkeep]\n|upkeep\n|turn|3\n|\n|t:|1699211590\n|-terastallize|p2a: Walking Wake|Water\n|move|p2a: Walking Wake|Dragon Pulse|p1a: Hey There\n|-supereffective|p1a: Hey There\n|-end|p1a: Hey There|Substitute\n|move|p1a: Hey There|Outrage|p2a: Walking Wake\n|-damage|p2a: Walking Wake|2\/100\n|\n|-weather|SunnyDay|[upkeep]\n|upkeep\n|turn|4\n|\n|t:|1699211598\n|move|p2a: Walking Wake|Dragon Pulse|p1a: Hey There\n|-supereffective|p1a: Hey There\n|-damage|p1a: Hey There|0 fnt\n|faint|p1a: Hey There\n|\n|-weather|SunnyDay|[upkeep]\n|upkeep\n|\n|t:|1699211603\n|switch|p1a: Peter|Spidops, F, shiny|100\/100\n|turn|5\n|\n|t:|1699211606\n|-end|p2a: Walking Wake|Protosynthesis|[silent]\n|switch|p2a: Glimmet|Glimmet, M|100\/100\n|move|p1a: Peter|First Impression|p2a: Glimmet\n|-resisted|p2a: Glimmet\n|-enditem|p2a: Glimmet|Focus Sash\n|-damage|p2a: Glimmet|1\/100\n|-activate|p2a: Glimmet|ability: Toxic Debris\n|-sidestart|p1: BriefStar|move: Toxic Spikes\n|\n|-weather|none\n|upkeep\n|turn|6\n|\n|t:|1699211622\n|move|p2a: Glimmet|Stealth Rock|p1a: Peter\n|-sidestart|p1: BriefStar|move: Stealth Rock\n|move|p1a: Peter|Spikes|p2a: Glimmet\n|-sidestart|p2: tbor2002|Spikes\n|\n|upkeep\n|turn|7\n|\n|t:|1699211638\n|switch|p1a: Get in MY BELLY|Bellibolt, M|100\/100\n|move|p2a: Glimmet|Power Gem|p1a: Get in MY BELLY\n|-damage|p1a: Get in MY BELLY|65\/100\n|-start|p1a: Get in MY BELLY|Charge|Power Gem|[from] ability: Electromorphosis\n|\n|upkeep\n|turn|8\n|\n|t:|1699211664\n|move|p2a: Glimmet|Spikes|p1a: Get in MY BELLY\n|-sidestart|p1: BriefStar|Spikes\n|move|p1a: Get in MY BELLY|Chilling Water|p2a: Glimmet\n|-supereffective|p2a: Glimmet\n|-damage|p2a: Glimmet|0 fnt\n|faint|p2a: Glimmet\n|\n|upkeep\n|\n|t:|1699211680\n|switch|p2a: Muk|Muk-Alola, M|100\/100\n|-damage|p2a: Muk|88\/100|[from] Spikes\n|turn|9\n|\n|t:|1699211688\n|move|p2a: Muk|Knock Off|p1a: Get in MY BELLY\n|-damage|p1a: Get in MY BELLY|43\/100\n|-start|p1a: Get in MY BELLY|Charge|Knock Off|[from] ability: Electromorphosis\n|-status|p1a: Get in MY BELLY|psn|[from] ability: Poison Touch|[of] p2a: Muk\n|-enditem|p1a: Get in MY BELLY|Heavy-Duty Boots|[from] move: Knock Off|[of] p2a: Muk\n|move|p1a: Get in MY BELLY|Parabolic Charge|p2a: Muk\n|-damage|p2a: Muk|70\/100\n|-heal|p1a: Get in MY BELLY|52\/100 psn|[from] drain|[of] p2a: Muk\n|-end|p1a: Get in MY BELLY|Charge|[silent]\n|\n|-damage|p1a: Get in MY BELLY|40\/100 psn|[from] psn\n|upkeep\n|turn|10\n|\n|t:|1699211702\n|move|p2a: Muk|Poison Jab|p1a: Get in MY BELLY\n|-damage|p1a: Get in MY BELLY|22\/100 psn\n|-start|p1a: Get in MY BELLY|Charge|Poison Jab|[from] ability: Electromorphosis\n|move|p1a: Get in MY BELLY|Volt Switch|p2a: Muk\n|-damage|p2a: Muk|49\/100\n|-end|p1a: Get in MY BELLY|Charge|[silent]\n|\n|t:|1699211713\n|switch|p1a: Donny|Torkoal, M|100\/100|[from] Volt Switch\n|-status|p1a: Donny|psn\n|-damage|p1a: Donny|76\/100 psn|[from] Stealth Rock\n|-damage|p1a: Donny|63\/100 psn|[from] Spikes\n|-weather|SunnyDay|[from] ability: Drought|[of] p1a: Donny\n|\n|-weather|SunnyDay|[upkeep]\n|-damage|p1a: Donny|51\/100 psn|[from] psn\n|upkeep\n|turn|11\n|\n|t:|1699211729\n|move|p2a: Muk|Knock Off|p1a: Donny\n|-damage|p1a: Donny|31\/100 psn\n|-enditem|p1a: Donny|Heat Rock|[from] move: Knock Off|[of] p2a: Muk\n|move|p1a: Donny|Rapid Spin|p2a: Muk\n|-damage|p2a: Muk|40\/100\n|-boost|p1a: Donny|spe|1\n|-sideend|p1: BriefStar|Spikes|[from] move: Rapid Spin|[of] p1a: Donny\n|-sideend|p1: BriefStar|Toxic Spikes|[from] move: Rapid Spin|[of] p1a: Donny\n|-sideend|p1: BriefStar|Stealth Rock|[from] move: Rapid Spin|[of] p1a: Donny\n|\n|-weather|SunnyDay|[upkeep]\n|-damage|p1a: Donny|19\/100 psn|[from] psn\n|upkeep\n|turn|12\n|\n|t:|1699211740\n|move|p2a: Muk|Poison Jab|p1a: Donny\n|-damage|p1a: Donny|2\/100 psn\n|move|p1a: Donny|Lava Plume|p2a: Muk\n|-damage|p2a: Muk|26\/100\n|-status|p2a: Muk|brn\n|\n|-weather|SunnyDay|[upkeep]\n|-damage|p1a: Donny|0 fnt|[from] psn\n|faint|p1a: Donny\n|-damage|p2a: Muk|20\/100 brn|[from] brn\n|upkeep\n|\n|t:|1699211750\n|switch|p1a: Peter|Spidops, F, shiny|100\/100\n|turn|13\n|\n|t:|1699211756\n|move|p1a: Peter|First Impression|p2a: Muk\n|-damage|p2a: Muk|0 fnt\n|faint|p2a: Muk\n|\n|-weather|SunnyDay|[upkeep]\n|upkeep\n|\n|t:|1699211782\n|switch|p2a: Jolteon|Jolteon, F|100\/100\n|turn|14\n|\n|t:|1699211800\n|move|p2a: Jolteon|Calm Mind|p2a: Jolteon\n|-boost|p2a: Jolteon|spa|1\n|-boost|p2a: Jolteon|spd|1\n|move|p1a: Peter|Circle Throw|p2a: Jolteon\n|-damage|p2a: Jolteon|70\/100\n|drag|p2a: Falinks|Falinks|100\/100\n|-damage|p2a: Falinks|88\/100|[from] Spikes\n|\n|-weather|SunnyDay|[upkeep]\n|upkeep\n|turn|15\n|\n|t:|1699211813\n|switch|p1a: Magic|Mismagius, M|100\/100\n|move|p2a: Falinks|Rock Slide|p1a: Magic\n|-damage|p1a: Magic|59\/100\n|\n|-weather|SunnyDay|[upkeep]\n|upkeep\n|turn|16\n|\n|t:|1699211823\n|move|p1a: Magic|Dazzling Gleam|p2a: Falinks\n|-supereffective|p2a: Falinks\n|-damage|p2a: Falinks|0 fnt\n|faint|p2a: Falinks\n|-damage|p1a: Magic|49\/100|[from] item: Life Orb\n|\n|-weather|SunnyDay|[upkeep]\n|upkeep\n|\n|t:|1699211833\n|switch|p2a: Jolteon|Jolteon, F|70\/100\n|turn|17\n|\n|t:|1699211840\n|move|p2a: Jolteon|Thunderbolt|p1a: Magic\n|-damage|p1a: Magic|0 fnt\n|faint|p1a: Magic\n|\n|-weather|none\n|upkeep\n|\n|t:|1699211846\n|switch|p1a: Peter|Spidops, F, shiny|100\/100\n|turn|18\n|\n|t:|1699211849\n|switch|p2a: Walking Wake|Walking Wake, tera:Water|2\/100\n|-damage|p2a: Walking Wake|0 fnt|[from] Spikes\n|faint|p2a: Walking Wake\n|-end|p2a: Walking Wake|Protosynthesis|[silent]\n|move|p1a: Peter|First Impression|p2: Walking Wake|[notarget]\n|-fail|p1a: Peter\n|\n|upkeep\n|\n|t:|1699211856\n|switch|p2a: Jolteon|Jolteon, F|70\/100\n|turn|19\n|\n|t:|1699211863\n|switch|p1a: Get in MY BELLY|Bellibolt, M|22\/100 psn\n|move|p2a: Jolteon|Thunderbolt|p1a: Get in MY BELLY\n|-resisted|p1a: Get in MY BELLY\n|-damage|p1a: Get in MY BELLY|1\/100 psn\n|-start|p1a: Get in MY BELLY|Charge|Thunderbolt|[from] ability: Electromorphosis\n|\n|-damage|p1a: Get in MY BELLY|0 fnt|[from] psn\n|faint|p1a: Get in MY BELLY\n|upkeep\n|\n|t:|1699211873\n|switch|p1a: Peter|Spidops, F, shiny|100\/100\n|turn|20\n|\n|t:|1699211882\n|move|p1a: Peter|First Impression|p2a: Jolteon\n|-damage|p2a: Jolteon|1\/100\n|move|p2a: Jolteon|Thunderbolt|p1a: Peter\n|-damage|p1a: Peter|55\/100\n|\n|upkeep\n|turn|21\n|\n|t:|1699211891\n|move|p2a: Jolteon|Thunderbolt|p1a: Peter\n|-damage|p1a: Peter|5\/100\n|move|p1a: Peter|Circle Throw|p2a: Jolteon\n|-damage|p2a: Jolteon|0 fnt\n|faint|p2a: Jolteon\n|\n|upkeep\n|\n|t:|1699211896\n|switch|p2a: Toxicroak|Toxicroak, F|100\/100\n|-damage|p2a: Toxicroak|88\/100|[from] Spikes\n|turn|22\n|\n|t:|1699211909\n|move|p2a: Toxicroak|Sucker Punch|p1a: Peter\n|-damage|p1a: Peter|0 fnt\n|faint|p1a: Peter\n|-damage|p2a: Toxicroak|78\/100|[from] item: Life Orb\n|\n|upkeep\n|\n|t:|1699211914\n|switch|p1a: Megaton|Tinkaton, F|100\/100\n|-ability|p1a: Megaton|Mold Breaker\n|turn|23\n|\n|t:|1699211933\n|move|p2a: Toxicroak|Swords Dance|p2a: Toxicroak\n|-boost|p2a: Toxicroak|atk|2\n|move|p1a: Megaton|Gigaton Hammer|p2a: Toxicroak\n|-damage|p2a: Toxicroak|0 fnt\n|faint|p2a: Toxicroak\n|\n|win|BriefStar\n|l|\u2606tbor2002\n","uploadtime":1699211967,"views":4,"p1id":"briefstar","p2id":"tbor2002","formatid":"gen9nationaldexubers","rating":0,"private":0,"password":""}