{"id":"gen9nationaldexubers-1987942888","p1":"Pikapikaboomboom","p2":"Kaeiand","format":"[Gen 9] National Dex Ubers","log":"|j|\u2606Pikapikaboomboom\n|j|\u2606Kaeiand\n|t:|1699651549\n|gametype|singles\n|player|p1|Pikapikaboomboom|hilbert|1049\n|player|p2|Kaeiand|lusamine-nihilego|1140\n|teamsize|p1|6\n|teamsize|p2|6\n|gen|9\n|tier|[Gen 9] National Dex Ubers\n|rated|\n|rule|HP Percentage Mod: HP is shown in percentages\n|rule|Endless Battle Clause: Forcing endless battles is banned\n|rule|OHKO Clause: OHKO moves are banned\n|rule|Evasion Moves Clause: Evasion moves are banned\n|rule|Evasion Items Clause: Evasion items are banned\n|rule|Species Clause: Limit one of each Pok\u00e9mon\n|rule|Sleep Clause Mod: Limit one foe put to sleep\n|rule|Mega Rayquaza Clause: You cannot mega evolve Rayquaza\n|clearpoke\n|poke|p1|Porygon-Z|\n|poke|p1|Blastoise, F|\n|poke|p1|Darmanitan-Galar, M|\n|poke|p1|Kommo-o, M|\n|poke|p1|Morpeko, M|\n|poke|p1|Togekiss, F|\n|poke|p2|Cottonee, L1, F|\n|poke|p2|Ditto|\n|poke|p2|Aron, L1, F|\n|poke|p2|Mew|\n|poke|p2|Cyclizar, M|\n|poke|p2|Houndstone, M|\n|teampreview\n|inactive|Battle timer is ON: inactive players will automatically lose when time's up. (requested by Pikapikaboomboom)\n|inactive|Kaeiand has 120 seconds left.\n|\n|t:|1699651632\n|start\n|switch|p1a: Togekiss|Togekiss, F|100\/100\n|switch|p2a: Mew|Mew, shiny|100\/100\n|turn|1\n|\n|t:|1699651646\n|-terastallize|p1a: Togekiss|Flying\n|move|p1a: Togekiss|Air Slash|p2a: Mew\n|-damage|p2a: Mew|69\/100\n|-enditem|p2a: Mew|Red Card|[of] p1a: Togekiss\n|drag|p1a: Darmanitan|Darmanitan-Galar, M|100\/100\n|move|p2a: Mew|Toxic Spikes|p1a: Darmanitan\n|-sidestart|p1: Pikapikaboomboom|move: Toxic Spikes\n|\n|upkeep\n|turn|2\n|\n|t:|1699651660\n|move|p1a: Darmanitan|Icicle Crash|p2a: Mew\n|-damage|p2a: Mew|14\/100\n|move|p2a: Mew|Stealth Rock|p1a: Darmanitan\n|-sidestart|p1: Pikapikaboomboom|move: Stealth Rock\n|\n|upkeep\n|turn|3\n|\n|t:|1699651675\n|move|p1a: Darmanitan|Icicle Crash|p2a: Mew\n|-damage|p2a: Mew|0 fnt\n|faint|p2a: Mew\n|\n|upkeep\n|\n|t:|1699651678\n|switch|p2a: Cyclizar|Cyclizar, M|100\/100\n|turn|4\n|\n|t:|1699651686\n|move|p2a: Cyclizar|Overheat|p1a: Darmanitan\n|-supereffective|p1a: Darmanitan\n|-crit|p1a: Darmanitan\n|-damage|p1a: Darmanitan|0 fnt\n|-unboost|p2a: Cyclizar|spa|2\n|faint|p1a: Darmanitan\n|\n|upkeep\n|\n|t:|1699651696\n|switch|p1a: Porygon-Z|Porygon-Z|100\/100\n|-status|p1a: Porygon-Z|psn\n|-damage|p1a: Porygon-Z|88\/100 psn|[from] Stealth Rock\n|-ability|p1a: Porygon-Z|Download|boost\n|-boost|p1a: Porygon-Z|atk|1\n|turn|5\n|\n|t:|1699651705\n|move|p2a: Cyclizar|Overheat|p1a: Porygon-Z\n|-damage|p1a: Porygon-Z|62\/100 psn\n|-unboost|p2a: Cyclizar|spa|2\n|-zpower|p1a: Porygon-Z\n|move|p1a: Porygon-Z|Z-Conversion|p1a: Porygon-Z|[anim]Conversion\n|-boost|p1a: Porygon-Z|atk|1|[zeffect]\n|-boost|p1a: Porygon-Z|def|1|[zeffect]\n|-boost|p1a: Porygon-Z|spa|1|[zeffect]\n|-boost|p1a: Porygon-Z|spd|1|[zeffect]\n|-boost|p1a: Porygon-Z|spe|1|[zeffect]\n|-start|p1a: Porygon-Z|typechange|Electric\n|\n|-damage|p1a: Porygon-Z|50\/100 psn|[from] psn\n|upkeep\n|turn|6\n|\n|t:|1699651715\n|move|p2a: Cyclizar|Overheat|p1a: Porygon-Z\n|-crit|p1a: Porygon-Z\n|-damage|p1a: Porygon-Z|0 fnt\n|-unboost|p2a: Cyclizar|spa|2\n|faint|p1a: Porygon-Z\n|\n|upkeep\n|\n|t:|1699651723\n|switch|p1a: Togekiss|Togekiss, F, tera:Flying|100\/100\n|-damage|p1a: Togekiss|76\/100|[from] Stealth Rock\n|turn|7\n|\n|t:|1699651726\n|move|p2a: Cyclizar|Overheat|p1a: Togekiss\n|-damage|p1a: Togekiss|66\/100\n|move|p1a: Togekiss|Air Slash|p2a: Cyclizar\n|-damage|p2a: Cyclizar|14\/100\n|\n|upkeep\n|turn|8\n|\n|t:|1699651730\n|move|p2a: Cyclizar|Overheat|p1a: Togekiss\n|-damage|p1a: Togekiss|57\/100\n|move|p1a: Togekiss|Air Slash|p2a: Cyclizar\n|-damage|p2a: Cyclizar|0 fnt\n|faint|p2a: Cyclizar\n|\n|upkeep\n|\n|t:|1699651753\n|switch|p2a: Cottonee|Cottonee, L1, F, shiny|100\/100\n|turn|9\n|\n|t:|1699651757\n|move|p2a: Cottonee|Leech Seed|p1a: Togekiss\n|-start|p1a: Togekiss|move: Leech Seed\n|move|p1a: Togekiss|Air Slash|p2a: Cottonee\n|-supereffective|p2a: Cottonee\n|-enditem|p2a: Cottonee|Focus Sash\n|-damage|p2a: Cottonee|10\/100\n|\n|-damage|p1a: Togekiss|45\/100|[from] Leech Seed|[of] p2a: Cottonee\n|-heal|p2a: Cottonee|100\/100|[silent]\n|upkeep\n|turn|10\n|\n|t:|1699651767\n|move|p2a: Cottonee|Substitute|p2a: Cottonee\n|-start|p2a: Cottonee|Substitute\n|-damage|p2a: Cottonee|82\/100\n|move|p1a: Togekiss|Air Slash|p2a: Cottonee\n|-supereffective|p2a: Cottonee\n|-end|p2a: Cottonee|Substitute\n|\n|-damage|p1a: Togekiss|33\/100|[from] Leech Seed|[of] p2a: Cottonee\n|-heal|p2a: Cottonee|100\/100|[silent]\n|upkeep\n|turn|11\n|\n|t:|1699651773\n|move|p2a: Cottonee|Protect|p2a: Cottonee\n|-singleturn|p2a: Cottonee|Protect\n|move|p1a: Togekiss|Air Slash|p2a: Cottonee\n|-activate|p2a: Cottonee|move: Protect\n|\n|-damage|p1a: Togekiss|21\/100|[from] Leech Seed|[of] p2a: Cottonee\n|upkeep\n|turn|12\n|\n|t:|1699651775\n|move|p2a: Cottonee|Substitute|p2a: Cottonee\n|-start|p2a: Cottonee|Substitute\n|-damage|p2a: Cottonee|82\/100\n|move|p1a: Togekiss|Air Slash|p2a: Cottonee|[miss]\n|-miss|p1a: Togekiss|p2a: Cottonee\n|\n|-damage|p1a: Togekiss|9\/100|[from] Leech Seed|[of] p2a: Cottonee\n|-heal|p2a: Cottonee|100\/100|[silent]\n|upkeep\n|turn|13\n|\n|t:|1699651789\n|move|p2a: Cottonee|Protect|p2a: Cottonee\n|-singleturn|p2a: Cottonee|Protect\n|move|p1a: Togekiss|Air Slash|p2a: Cottonee\n|-activate|p2a: Cottonee|move: Protect\n|\n|-damage|p1a: Togekiss|0 fnt|[from] Leech Seed|[of] p2a: Cottonee\n|faint|p1a: Togekiss\n|upkeep\n|\n|t:|1699651813\n|switch|p1a: Blastoise|Blastoise, F|100\/100\n|-status|p1a: Blastoise|psn\n|-damage|p1a: Blastoise|88\/100 psn|[from] Stealth Rock\n|turn|14\n|\n|t:|1699651825\n|detailschange|p1a: Blastoise|Blastoise-Mega, F\n|-mega|p1a: Blastoise|Blastoise|Blastoisinite\n|move|p2a: Cottonee|Leech Seed|p1a: Blastoise\n|-start|p1a: Blastoise|move: Leech Seed\n|move|p1a: Blastoise|Dark Pulse|p2a: Cottonee\n|-resisted|p2a: Cottonee\n|-end|p2a: Cottonee|Substitute\n|\n|-damage|p1a: Blastoise|76\/100 psn|[from] Leech Seed|[of] p2a: Cottonee\n|-damage|p1a: Blastoise|63\/100 psn|[from] psn\n|upkeep\n|turn|15\n|\n|t:|1699651832\n|move|p2a: Cottonee|Substitute|p2a: Cottonee\n|-start|p2a: Cottonee|Substitute\n|-damage|p2a: Cottonee|82\/100\n|move|p1a: Blastoise|Dark Pulse|p2a: Cottonee\n|-resisted|p2a: Cottonee\n|-end|p2a: Cottonee|Substitute\n|\n|-damage|p1a: Blastoise|51\/100 psn|[from] Leech Seed|[of] p2a: Cottonee\n|-heal|p2a: Cottonee|100\/100|[silent]\n|-damage|p1a: Blastoise|39\/100 psn|[from] psn\n|upkeep\n|turn|16\n|\n|t:|1699651836\n|move|p2a: Cottonee|Protect|p2a: Cottonee\n|-singleturn|p2a: Cottonee|Protect\n|move|p1a: Blastoise|Dark Pulse|p2a: Cottonee\n|-activate|p2a: Cottonee|move: Protect\n|\n|-damage|p1a: Blastoise|26\/100 psn|[from] Leech Seed|[of] p2a: Cottonee\n|-damage|p1a: Blastoise|14\/100 psn|[from] psn\n|upkeep\n|turn|17\n|\n|t:|1699651840\n|move|p2a: Cottonee|Substitute|p2a: Cottonee\n|-start|p2a: Cottonee|Substitute\n|-damage|p2a: Cottonee|82\/100\n|move|p1a: Blastoise|Dark Pulse|p2a: Cottonee\n|-resisted|p2a: Cottonee\n|-end|p2a: Cottonee|Substitute\n|\n|-damage|p1a: Blastoise|2\/100 psn|[from] Leech Seed|[of] p2a: Cottonee\n|-heal|p2a: Cottonee|100\/100|[silent]\n|-damage|p1a: Blastoise|0 fnt|[from] psn\n|faint|p1a: Blastoise\n|upkeep\n|\n|t:|1699651846\n|switch|p1a: Morpeko|Morpeko, M|100\/100\n|-status|p1a: Morpeko|psn\n|-damage|p1a: Morpeko|88\/100 psn|[from] Stealth Rock\n|turn|18\n|\n|t:|1699651860\n|move|p1a: Morpeko|Fake Out|p2a: Cottonee\n|-damage|p2a: Cottonee|0 fnt\n|faint|p2a: Cottonee\n|\n|-damage|p1a: Morpeko|76\/100 psn|[from] psn\n|-formechange|p1a: Morpeko|Morpeko-Hangry||[from] ability: Hunger Switch\n|upkeep\n|\n|t:|1699651866\n|switch|p2a: Aron|Aron, L1, F, shiny|100\/100\n|turn|19\n|\n|t:|1699651877\n|move|p1a: Morpeko|Aura Wheel|p2a: Aron\n|-ability|p2a: Aron|Sturdy\n|-damage|p2a: Aron|9\/100\n|-boost|p1a: Morpeko|spe|1\n|move|p2a: Aron|Endeavor|p1a: Morpeko\n|-damage|p1a: Morpeko|1\/100 psn\n|-heal|p2a: Aron|100\/100|[from] item: Shell Bell|[of] p1a: Morpeko\n|\n|-damage|p1a: Morpeko|0 fnt|[from] psn\n|faint|p1a: Morpeko\n|upkeep\n|\n|t:|1699651880\n|switch|p1a: Kommo-o|Kommo-o, M|100\/100\n|-status|p1a: Kommo-o|psn\n|-damage|p1a: Kommo-o|94\/100 psn|[from] Stealth Rock\n|turn|20\n|-message|Pikapikaboomboom forfeited.\n|\n|win|Kaeiand\n|raw|Pikapikaboomboom's rating: 1049 &rarr; <strong>1036<\/strong><br \/>(-13 for losing)\n|raw|Kaeiand's rating: 1140 &rarr; <strong>1159<\/strong><br \/>(+19 for winning)\n|l|\u2606Pikapikaboomboom\n|c|\u2606Kaeiand|GG\n","uploadtime":1699651907,"views":26,"p1id":"pikapikaboomboom","p2id":"kaeiand","formatid":"gen9nationaldexubers","rating":1036,"private":0,"password":""}