{"id":"gen9nationaldexubers-1978395445","p1":"SerasVSpectra","p2":"Heung Min Kane","format":"[Gen 9] National Dex Ubers","log":"|j|\u2606SerasVSpectra\n|j|\u2606Heung Min Kane\n|t:|1698533460\n|gametype|singles\n|player|p1|SerasVSpectra|guitarist|1453\n|player|p2|Heung Min Kane|265|1363\n|teamsize|p1|6\n|teamsize|p2|6\n|gen|9\n|tier|[Gen 9] National Dex Ubers\n|rated|\n|rule|HP Percentage Mod: HP is shown in percentages\n|rule|Endless Battle Clause: Forcing endless battles is banned\n|rule|OHKO Clause: OHKO moves are banned\n|rule|Evasion Moves Clause: Evasion moves are banned\n|rule|Evasion Items Clause: Evasion items are banned\n|rule|Species Clause: Limit one of each Pok\u00e9mon\n|rule|Sleep Clause Mod: Limit one foe put to sleep\n|rule|Mega Rayquaza Clause: You cannot mega evolve Rayquaza\n|clearpoke\n|poke|p1|Deoxys-Attack|\n|poke|p1|Necrozma-Dawn-Wings|\n|poke|p1|Excadrill, M|\n|poke|p1|Indeedee, M|\n|poke|p1|Shuckle, M|\n|poke|p1|Groudon|\n|poke|p2|Groudon|\n|poke|p2|Kyogre|\n|poke|p2|Zygarde|\n|poke|p2|Arceus-Fairy|\n|poke|p2|Necrozma-Dusk-Mane|\n|poke|p2|Regieleki|\n|teampreview\n|inactive|Battle timer is ON: inactive players will automatically lose when time's up. (requested by Heung Min Kane)\n|\n|t:|1698533467\n|start\n|switch|p1a: Shuckle|Shuckle, M|100\/100\n|switch|p2a: Necrozma|Necrozma-Dusk-Mane|100\/100\n|turn|1\n|\n|t:|1698533479\n|move|p2a: Necrozma|Dragon Dance|p2a: Necrozma\n|-boost|p2a: Necrozma|atk|1\n|-boost|p2a: Necrozma|spe|1\n|move|p1a: Shuckle|Sticky Web|p2a: Necrozma\n|-sidestart|p2: Heung Min Kane|move: Sticky Web\n|\n|upkeep\n|turn|2\n|\n|t:|1698533491\n|detailschange|p2a: Necrozma|Necrozma-Ultra\n|-burst|p2a: Necrozma|Necrozma|Ultranecrozium Z\n|move|p2a: Necrozma|Photon Geyser|p1a: Shuckle\n|-damage|p1a: Shuckle|40\/100\n|-enditem|p1a: Shuckle|Red Card|[of] p2a: Necrozma\n|drag|p2a: Groudon|Groudon, shiny|100\/100\n|-activate|p2a: Groudon|move: Sticky Web\n|-unboost|p2a: Groudon|spe|1\n|detailschange|p2a: Groudon|Groudon-Primal, shiny\n|-primal|p2a: Groudon|Red Orb\n|-weather|DesolateLand|[from] ability: Desolate Land|[of] p2a: Groudon\n|move|p1a: Shuckle|Stealth Rock|p2a: Groudon\n|-sidestart|p2: Heung Min Kane|move: Stealth Rock\n|\n|-weather|DesolateLand|[upkeep]\n|upkeep\n|turn|3\n|\n|t:|1698533506\n|move|p2a: Groudon|Earthquake|p1a: Shuckle\n|-damage|p1a: Shuckle|0 fnt\n|faint|p1a: Shuckle\n|\n|-weather|DesolateLand|[upkeep]\n|upkeep\n|\n|t:|1698533511\n|switch|p1a: Indeedee|Indeedee, M|100\/100\n|-fieldstart|move: Psychic Terrain|[from] ability: Psychic Surge|[of] p1a: Indeedee\n|turn|4\n|\n|t:|1698533516\n|move|p1a: Indeedee|Healing Wish|p1a: Indeedee\n|faint|p1a: Indeedee\n|move|p2a: Groudon|Earthquake|p1: Indeedee|[notarget]\n|-fail|p2a: Groudon\n|\n|-weather|DesolateLand|[upkeep]\n|upkeep\n|\n|t:|1698533521\n|switch|p1a: Deoxys|Deoxys-Attack|100\/100\n|-ability|p1a: Deoxys|Pressure\n|turn|5\n|\n|t:|1698533525\n|move|p1a: Deoxys|Nasty Plot|p1a: Deoxys\n|-boost|p1a: Deoxys|spa|2\n|move|p2a: Groudon|Will-O-Wisp|p1a: Deoxys\n|-status|p1a: Deoxys|brn\n|\n|-weather|DesolateLand|[upkeep]\n|-damage|p1a: Deoxys|94\/100 brn|[from] brn\n|upkeep\n|turn|6\n|\n|t:|1698533533\n|-terastallize|p1a: Deoxys|Psychic\n|move|p1a: Deoxys|Psychic|p2a: Groudon\n|-damage|p2a: Groudon|0 fnt\n|faint|p2a: Groudon\n|-weather|none\n|\n|-damage|p1a: Deoxys|88\/100 brn|[from] brn\n|upkeep\n|\n|t:|1698533540\n|switch|p2a: Regieleki|Regieleki, shiny|100\/100\n|-activate|p2a: Regieleki|move: Sticky Web\n|-unboost|p2a: Regieleki|spe|1\n|-damage|p2a: Regieleki|88\/100|[from] Stealth Rock\n|turn|7\n|\n|t:|1698533564\n|move|p1a: Deoxys|Psychic|p2a: Regieleki\n|-crit|p2a: Regieleki\n|-damage|p2a: Regieleki|0 fnt\n|faint|p2a: Regieleki\n|\n|-damage|p1a: Deoxys|82\/100 brn|[from] brn\n|upkeep\n|\n|t:|1698533573\n|switch|p2a: Necrozma|Necrozma-Ultra|100\/100\n|-activate|p2a: Necrozma|move: Sticky Web\n|-unboost|p2a: Necrozma|spe|1\n|-damage|p2a: Necrozma|88\/100|[from] Stealth Rock\n|turn|8\n|\n|t:|1698533582\n|move|p1a: Deoxys|Psychic|p2a: Necrozma\n|-resisted|p2a: Necrozma\n|-damage|p2a: Necrozma|0 fnt\n|faint|p2a: Necrozma\n|\n|-damage|p1a: Deoxys|76\/100 brn|[from] brn\n|upkeep\n|-message|Heung Min Kane forfeited.\n|\n|win|SerasVSpectra\n|raw|SerasVSpectra's rating: 1453 &rarr; <strong>1468<\/strong><br \/>(+15 for winning)\n|raw|Heung Min Kane's rating: 1363 &rarr; <strong>1348<\/strong><br \/>(-15 for losing)\n|l|\u2606Heung Min Kane\n","uploadtime":1698533593,"views":9,"p1id":"serasvspectra","p2id":"heungminkane","formatid":"gen9nationaldexubers","rating":1348,"private":0,"password":""}