{"id":"gen9nationaldexubers-1983577314","p1":"RachelPink78","p2":"vptwarrior","format":"[Gen 9] National Dex Ubers","log":"|j|\u2606RachelPink78\n|j|\u2606vptwarrior\n|t:|1699145334\n|gametype|singles\n|player|p1|RachelPink78|dawn|1000\n|player|p2|vptwarrior|swimmer|1094\n|teamsize|p1|6\n|teamsize|p2|6\n|gen|9\n|tier|[Gen 9] National Dex Ubers\n|rated|\n|rule|HP Percentage Mod: HP is shown in percentages\n|rule|Endless Battle Clause: Forcing endless battles is banned\n|rule|OHKO Clause: OHKO moves are banned\n|rule|Evasion Moves Clause: Evasion moves are banned\n|rule|Evasion Items Clause: Evasion items are banned\n|rule|Species Clause: Limit one of each Pok\u00e9mon\n|rule|Sleep Clause Mod: Limit one foe put to sleep\n|rule|Mega Rayquaza Clause: You cannot mega evolve Rayquaza\n|clearpoke\n|poke|p1|Vaporeon, F|\n|poke|p1|Zacian-*|\n|poke|p1|Toxtricity-Low-Key, F|\n|poke|p1|Dragapult, M|\n|poke|p1|Zoroark-Hisui, F|\n|poke|p1|Blaziken, M|\n|poke|p2|Kleavor, M|\n|poke|p2|Ursaluna, M|\n|poke|p2|Sylveon, F|\n|poke|p2|Walrein, M|\n|poke|p2|Staraptor, M|\n|poke|p2|Lopunny, F|\n|teampreview\n|\n|t:|1699145344\n|start\n|switch|p1a: Blaziken|Blaziken, M|100\/100\n|switch|p2a: Whetstone|Kleavor, M|100\/100\n|turn|1\n|\n|t:|1699145351\n|detailschange|p1a: Blaziken|Blaziken-Mega, M\n|-mega|p1a: Blaziken|Blaziken|Blazikenite\n|move|p1a: Blaziken|Flare Blitz|p2a: Whetstone\n|-damage|p2a: Whetstone|25\/100\n|-damage|p1a: Blaziken|75\/100|[from] Recoil\n|move|p2a: Whetstone|Psycho Cut|p1a: Blaziken\n|-supereffective|p1a: Blaziken\n|-damage|p1a: Blaziken|0 fnt\n|faint|p1a: Blaziken\n|\n|-heal|p2a: Whetstone|31\/100|[from] item: Leftovers\n|upkeep\n|\n|t:|1699145364\n|switch|p1a: Dragapult|Dragapult, M|100\/100\n|turn|2\n|\n|t:|1699145372\n|switch|p2a: Bob|Walrein, M|100\/100\n|move|p1a: Dragapult|Phantom Force||[still]\n|-prepare|p1a: Dragapult|Phantom Force\n|\n|upkeep\n|turn|3\n|\n|t:|1699145376\n|move|p1a: Dragapult|Phantom Force|p2a: Bob|[from]lockedmove\n|-damage|p2a: Bob|69\/100\n|move|p2a: Bob|Toxic|p1a: Dragapult\n|-status|p1a: Dragapult|tox\n|\n|-heal|p2a: Bob|75\/100|[from] item: Leftovers\n|-damage|p1a: Dragapult|95\/100 tox|[from] psn\n|upkeep\n|turn|4\n|\n|t:|1699145386\n|switch|p1a: Zacian|Zacian-Crowned|100\/100\n|-ability|p1a: Zacian|Intrepid Sword|boost\n|-boost|p1a: Zacian|atk|1\n|move|p2a: Bob|Ice Beam|p1a: Zacian\n|-resisted|p1a: Zacian\n|-damage|p1a: Zacian|83\/100\n|\n|-heal|p2a: Bob|81\/100|[from] item: Leftovers\n|upkeep\n|turn|5\n|\n|t:|1699145394\n|move|p1a: Zacian|Wild Charge|p2a: Bob\n|-supereffective|p2a: Bob\n|-damage|p2a: Bob|0 fnt\n|faint|p2a: Bob\n|-damage|p1a: Zacian|57\/100|[from] Recoil\n|\n|upkeep\n|\n|t:|1699145404\n|switch|p2a: Moonshine|Ursaluna, M|100\/100\n|turn|6\n|\n|t:|1699145420\n|switch|p1a: Vaporeon|Vaporeon, F|100\/100\n|move|p2a: Moonshine|Earthquake|p1a: Vaporeon\n|-damage|p1a: Vaporeon|26\/100\n|\n|-heal|p1a: Vaporeon|33\/100|[from] item: Leftovers\n|upkeep\n|turn|7\n|\n|t:|1699145431\n|switch|p2a: Luna|Sylveon, F|100\/100\n|-terastallize|p1a: Vaporeon|Water\n|move|p1a: Vaporeon|Aqua Tail|p2a: Luna\n|-damage|p2a: Luna|60\/100\n|\n|-heal|p1a: Vaporeon|39\/100|[from] item: Leftovers\n|upkeep\n|turn|8\n|\n|t:|1699145442\n|switch|p1a: Vaporeon|Vaporeon, F|100\/100\n|move|p2a: Luna|Moonblast|p1a: Vaporeon\n|-damage|p1a: Vaporeon|9\/100\n|replace|p1a: Zoroark|Zoroark-Hisui, F\n|-end|p1a: Zoroark|Illusion\n|\n|upkeep\n|turn|9\n|-activate|p2a: Luna|item: Quick Claw\n|\n|t:|1699145454\n|move|p2a: Luna|Moonblast|p1a: Zoroark\n|-damage|p1a: Zoroark|0 fnt\n|faint|p1a: Zoroark\n|\n|upkeep\n|\n|t:|1699145461\n|switch|p1a: Toxtricity|Toxtricity-Low-Key, F|100\/100\n|turn|10\n|\n|t:|1699145470\n|move|p1a: Toxtricity|Thunder|p2a: Luna\n|-damage|p2a: Luna|34\/100\n|-status|p2a: Luna|par\n|move|p2a: Luna|Psyshock|p1a: Toxtricity\n|-supereffective|p1a: Toxtricity\n|-damage|p1a: Toxtricity|19\/100\n|\n|-heal|p1a: Toxtricity|25\/100|[from] item: Leftovers\n|upkeep\n|turn|11\n|\n|t:|1699145480\n|move|p1a: Toxtricity|Poison Jab|p2a: Luna\n|-supereffective|p2a: Luna\n|-damage|p2a: Luna|0 fnt\n|faint|p2a: Luna\n|\n|-heal|p1a: Toxtricity|31\/100|[from] item: Leftovers\n|upkeep\n|\n|t:|1699145502\n|switch|p2a: Issac|Staraptor, M|100\/100\n|turn|12\n|\n|t:|1699145508\n|move|p2a: Issac|Double-Edge|p1a: Toxtricity\n|-damage|p1a: Toxtricity|0 fnt\n|faint|p1a: Toxtricity\n|-damage|p2a: Issac|89\/100|[from] Recoil\n|\n|-heal|p2a: Issac|95\/100|[from] item: Leftovers\n|upkeep\n|\n|t:|1699145516\n|switch|p1a: Zacian|Zacian-Crowned|57\/100\n|turn|13\n|\n|t:|1699145522\n|move|p1a: Zacian|Wild Charge|p2a: Issac\n|-supereffective|p2a: Issac\n|-damage|p2a: Issac|0 fnt\n|faint|p2a: Issac\n|-damage|p1a: Zacian|34\/100|[from] Recoil\n|\n|upkeep\n|\n|t:|1699145527\n|switch|p2a: Moonshine|Ursaluna, M|100\/100\n|turn|14\n|\n|t:|1699145533\n|switch|p1a: Dragapult|Dragapult, M|95\/100 tox\n|move|p2a: Moonshine|Earthquake|p1a: Dragapult\n|-damage|p1a: Dragapult|16\/100 tox\n|\n|-heal|p1a: Dragapult|22\/100 tox|[from] item: Leftovers\n|-damage|p1a: Dragapult|16\/100 tox|[from] psn\n|upkeep\n|turn|15\n|\n|t:|1699145543\n|switch|p2a: Whetstone|Kleavor, M|31\/100\n|move|p1a: Dragapult|Draco Meteor|p2a: Whetstone\n|-damage|p2a: Whetstone|0 fnt\n|-unboost|p1a: Dragapult|spa|2\n|faint|p2a: Whetstone\n|\n|-heal|p1a: Dragapult|22\/100 tox|[from] item: Leftovers\n|-damage|p1a: Dragapult|10\/100 tox|[from] psn\n|upkeep\n|\n|t:|1699145563\n|switch|p2a: Moon-Young|Lopunny, F|100\/100\n|turn|16\n|\n|t:|1699145580\n|detailschange|p2a: Moon-Young|Lopunny-Mega, F\n|-mega|p2a: Moon-Young|Lopunny|Lopunnite\n|move|p1a: Dragapult|Draco Meteor|p2a: Moon-Young|[miss]\n|-miss|p1a: Dragapult|p2a: Moon-Young\n|move|p2a: Moon-Young|Power-Up Punch|p1a: Dragapult\n|-damage|p1a: Dragapult|0 fnt\n|-boost|p2a: Moon-Young|atk|1\n|faint|p1a: Dragapult\n|\n|upkeep\n|\n|t:|1699145589\n|switch|p1a: Zacian|Zacian-Crowned|34\/100\n|turn|17\n|\n|t:|1699145594\n|move|p1a: Zacian|Play Rough|p2a: Moon-Young\n|-supereffective|p2a: Moon-Young\n|-crit|p2a: Moon-Young\n|-damage|p2a: Moon-Young|0 fnt\n|faint|p2a: Moon-Young\n|\n|upkeep\n|\n|t:|1699145596\n|switch|p2a: Moonshine|Ursaluna, M|100\/100\n|turn|18\n|\n|t:|1699145615\n|move|p1a: Zacian|Behemoth Blade|p2a: Moonshine\n|-damage|p2a: Moonshine|64\/100\n|move|p2a: Moonshine|Earthquake|p1a: Zacian\n|-supereffective|p1a: Zacian\n|-damage|p1a: Zacian|0 fnt\n|faint|p1a: Zacian\n|\n|-heal|p2a: Moonshine|70\/100|[from] item: Leftovers\n|upkeep\n|\n|t:|1699145624\n|switch|p1a: Vaporeon|Vaporeon, F, tera:Water|39\/100\n|turn|19\n|\n|t:|1699145636\n|move|p1a: Vaporeon|Aqua Tail|p2a: Moonshine\n|-supereffective|p2a: Moonshine\n|-damage|p2a: Moonshine|36\/100\n|move|p2a: Moonshine|Earthquake|p1a: Vaporeon\n|-damage|p1a: Vaporeon|0 fnt\n|faint|p1a: Vaporeon\n|\n|win|vptwarrior\n|raw|RachelPink78's rating: 1000 &rarr; <strong>1000<\/strong><br \/>(+0 for losing)\n|raw|vptwarrior's rating: 1094 &rarr; <strong>1113<\/strong><br \/>(+19 for winning)\n","uploadtime":1699145644,"views":8,"p1id":"rachelpink78","p2id":"vptwarrior","formatid":"gen9nationaldexubers","rating":1000,"private":0,"password":""}