{"id":"gen9nationaldexubers-1992335094","p1":"swiftyhege","p2":"KJ.nyc","format":"[Gen 9] National Dex Ubers","log":"|j|\u2606swiftyhege\n|j|\u2606KJ.nyc\n|t:|1700175886\n|gametype|singles\n|player|p1|swiftyhege|169|1280\n|player|p2|KJ.nyc|hilbert|1259\n|teamsize|p1|6\n|teamsize|p2|6\n|gen|9\n|tier|[Gen 9] National Dex Ubers\n|rated|\n|rule|HP Percentage Mod: HP is shown in percentages\n|rule|Endless Battle Clause: Forcing endless battles is banned\n|rule|OHKO Clause: OHKO moves are banned\n|rule|Evasion Moves Clause: Evasion moves are banned\n|rule|Evasion Items Clause: Evasion items are banned\n|rule|Species Clause: Limit one of each Pok\u00e9mon\n|rule|Sleep Clause Mod: Limit one foe put to sleep\n|rule|Mega Rayquaza Clause: You cannot mega evolve Rayquaza\n|clearpoke\n|poke|p1|Chi-Yu|\n|poke|p1|Calyrex-Ice|\n|poke|p1|Rillaboom, M|\n|poke|p1|Groudon|\n|poke|p1|Hatterene, F|\n|poke|p1|Sneasler, M|\n|poke|p2|Pikachu, M|\n|poke|p2|Dragonite, F|\n|poke|p2|Gengar, M|\n|poke|p2|Lucario, M|\n|poke|p2|Sirfetch\u2019d, M|\n|poke|p2|Dracovish|\n|teampreview\n|c|\u2606KJ.nyc|glhf\n|\n|t:|1700175892\n|start\n|switch|p1a: Calyrex|Calyrex-Ice|100\/100\n|switch|p2a: Dracovish|Dracovish|100\/100\n|-ability|p1a: Calyrex|As One\n|-ability|p1a: Calyrex|Unnerve\n|turn|1\n|inactive|Battle timer is ON: inactive players will automatically lose when time's up. (requested by KJ.nyc)\n|\n|t:|1700175901\n|move|p2a: Dracovish|Fishious Rend|p1a: Calyrex\n|-damage|p1a: Calyrex|0 fnt\n|faint|p1a: Calyrex\n|\n|upkeep\n|\n|t:|1700175910\n|switch|p1a: Rillaboom|Rillaboom, M|100\/100\n|-fieldstart|move: Grassy Terrain|[from] ability: Grassy Surge|[of] p1a: Rillaboom\n|turn|2\n|\n|t:|1700175915\n|move|p1a: Rillaboom|Grassy Glide|p2a: Dracovish\n|-damage|p2a: Dracovish|63\/100\n|move|p2a: Dracovish|Fishious Rend|p1a: Rillaboom\n|-resisted|p1a: Rillaboom\n|-damage|p1a: Rillaboom|56\/100\n|\n|-heal|p1a: Rillaboom|62\/100|[from] Grassy Terrain\n|-heal|p2a: Dracovish|69\/100|[from] Grassy Terrain\n|upkeep\n|turn|3\n|\n|t:|1700175924\n|switch|p2a: Dragonite|Dragonite, F|100\/100\n|move|p1a: Rillaboom|Grassy Glide|p2a: Dragonite\n|-resisted|p2a: Dragonite\n|-damage|p2a: Dragonite|95\/100\n|\n|-heal|p1a: Rillaboom|69\/100|[from] Grassy Terrain\n|-heal|p2a: Dragonite|100\/100|[from] item: Leftovers\n|upkeep\n|turn|4\n|\n|t:|1700175934\n|move|p1a: Rillaboom|Knock Off|p2a: Dragonite\n|-damage|p2a: Dragonite|82\/100\n|-enditem|p2a: Dragonite|Leftovers|[from] move: Knock Off|[of] p1a: Rillaboom\n|move|p2a: Dragonite|Dragon Dance|p2a: Dragonite\n|-boost|p2a: Dragonite|atk|1\n|-boost|p2a: Dragonite|spe|1\n|\n|-heal|p1a: Rillaboom|75\/100|[from] Grassy Terrain\n|upkeep\n|turn|5\n|\n|t:|1700175942\n|move|p1a: Rillaboom|Grassy Glide|p2a: Dragonite\n|-resisted|p2a: Dragonite\n|-damage|p2a: Dragonite|72\/100\n|move|p2a: Dragonite|Fire Punch|p1a: Rillaboom\n|-supereffective|p1a: Rillaboom\n|-damage|p1a: Rillaboom|0 fnt\n|faint|p1a: Rillaboom\n|\n|upkeep\n|\n|t:|1700175951\n|switch|p1a: Sneasler|Sneasler, M|100\/100\n|-enditem|p1a: Sneasler|Grassy Seed\n|-boost|p1a: Sneasler|def|1|[from] item: Grassy Seed\n|turn|6\n|\n|t:|1700175971\n|-terastallize|p1a: Sneasler|Dark\n|move|p1a: Sneasler|Swords Dance|p1a: Sneasler\n|-boost|p1a: Sneasler|atk|2\n|move|p2a: Dragonite|Hurricane|p1a: Sneasler\n|-damage|p1a: Sneasler|61\/100\n|-start|p1a: Sneasler|confusion\n|\n|-heal|p1a: Sneasler|67\/100|[from] Grassy Terrain\n|upkeep\n|turn|7\n|\n|t:|1700175983\n|-activate|p1a: Sneasler|confusion\n|move|p1a: Sneasler|Dire Claw|p2a: Dragonite\n|-damage|p2a: Dragonite|0 fnt\n|faint|p2a: Dragonite\n|\n|-heal|p1a: Sneasler|73\/100|[from] Grassy Terrain\n|upkeep\n|\n|t:|1700175989\n|switch|p2a: Sirfetch\u2019d|Sirfetch\u2019d, M|100\/100\n|turn|8\n|\n|t:|1700175993\n|move|p2a: Sirfetch\u2019d|First Impression|p1a: Sneasler\n|-supereffective|p1a: Sneasler\n|-crit|p1a: Sneasler\n|-damage|p1a: Sneasler|0 fnt\n|faint|p1a: Sneasler\n|\n|upkeep\n|\n|t:|1700176004\n|switch|p1a: Chi-Yu|Chi-Yu|100\/100\n|-ability|p1a: Chi-Yu|Beads of Ruin\n|turn|9\n|\n|t:|1700176013\n|move|p1a: Chi-Yu|Psychic|p2a: Sirfetch\u2019d\n|-supereffective|p2a: Sirfetch\u2019d\n|-damage|p2a: Sirfetch\u2019d|0 fnt\n|faint|p2a: Sirfetch\u2019d\n|\n|-fieldend|move: Grassy Terrain\n|upkeep\n|\n|t:|1700176016\n|switch|p2a: Lucario|Lucario, M|100\/100\n|turn|10\n|\n|t:|1700176034\n|switch|p1a: Groudon|Groudon|100\/100\n|detailschange|p1a: Groudon|Groudon-Primal\n|-primal|p1a: Groudon|Red Orb\n|-weather|DesolateLand|[from] ability: Desolate Land|[of] p1a: Groudon\n|detailschange|p2a: Lucario|Lucario-Mega, M\n|-mega|p2a: Lucario|Lucario|Lucarionite\n|move|p2a: Lucario|Aura Sphere|p1a: Groudon\n|-damage|p1a: Groudon|68\/100\n|\n|-weather|DesolateLand|[upkeep]\n|upkeep\n|turn|11\n|inactive|swiftyhege has 120 seconds left.\n|\n|t:|1700176076\n|switch|p2a: Pikachu|Pikachu, M|100\/100\n|move|p1a: Groudon|Heat Crash|p2a: Pikachu\n|-damage|p2a: Pikachu|0 fnt\n|-status|p1a: Groudon|par|[from] ability: Static|[of] p2a: Pikachu\n|faint|p2a: Pikachu\n|\n|-weather|DesolateLand|[upkeep]\n|upkeep\n|\n|t:|1700176082\n|switch|p2a: Dracovish|Dracovish|69\/100\n|turn|12\n|\n|t:|1700176086\n|move|p2a: Dracovish|Crunch|p1a: Groudon\n|-crit|p1a: Groudon\n|-damage|p1a: Groudon|23\/100 par\n|move|p1a: Groudon|Precipice Blades|p2a: Dracovish\n|-damage|p2a: Dracovish|8\/100\n|\n|-weather|DesolateLand|[upkeep]\n|upkeep\n|turn|13\n|\n|t:|1700176096\n|move|p2a: Dracovish|Crunch|p1a: Groudon\n|-damage|p1a: Groudon|0 fnt\n|faint|p1a: Groudon\n|-weather|none\n|\n|upkeep\n|\n|t:|1700176101\n|switch|p1a: Hatterene|Hatterene, F|100\/100\n|turn|14\n|\n|t:|1700176105\n|move|p2a: Dracovish|Crunch|p1a: Hatterene\n|-damage|p1a: Hatterene|50\/100\n|move|p1a: Hatterene|Draining Kiss|p2a: Dracovish\n|-supereffective|p2a: Dracovish\n|-damage|p2a: Dracovish|0 fnt\n|-heal|p1a: Hatterene|56\/100|[from] drain|[of] p2a: Dracovish\n|faint|p2a: Dracovish\n|\n|upkeep\n|\n|t:|1700176117\n|switch|p2a: Gengar|Gengar, M|100\/100\n|turn|15\n|\n|t:|1700176122\n|move|p2a: Gengar|Sludge Bomb|p1a: Hatterene\n|-supereffective|p1a: Hatterene\n|-damage|p1a: Hatterene|0 fnt\n|faint|p1a: Hatterene\n|\n|upkeep\n|\n|t:|1700176130\n|switch|p1a: Chi-Yu|Chi-Yu|100\/100\n|-ability|p1a: Chi-Yu|Beads of Ruin\n|turn|16\n|\n|t:|1700176139\n|-terastallize|p2a: Gengar|Dark\n|move|p1a: Chi-Yu|Psychic|p2a: Gengar\n|-immune|p2a: Gengar\n|move|p2a: Gengar|Icy Wind|p1a: Chi-Yu\n|-resisted|p1a: Chi-Yu\n|-damage|p1a: Chi-Yu|89\/100\n|-unboost|p1a: Chi-Yu|spe|1\n|\n|upkeep\n|turn|17\n|\n|t:|1700176149\n|move|p2a: Gengar|Icy Wind|p1a: Chi-Yu\n|-resisted|p1a: Chi-Yu\n|-damage|p1a: Chi-Yu|79\/100\n|-unboost|p1a: Chi-Yu|spe|1\n|move|p1a: Chi-Yu|Psychic|p2a: Gengar\n|-immune|p2a: Gengar\n|\n|upkeep\n|turn|18\n|\n|t:|1700176158\n|move|p2a: Gengar|Dazzling Gleam|p1a: Chi-Yu\n|-damage|p1a: Chi-Yu|45\/100\n|move|p1a: Chi-Yu|Psychic|p2a: Gengar\n|-immune|p2a: Gengar\n|\n|upkeep\n|turn|19\n|\n|t:|1700176164\n|move|p2a: Gengar|Sludge Bomb|p1a: Chi-Yu\n|-damage|p1a: Chi-Yu|0 fnt\n|faint|p1a: Chi-Yu\n|\n|win|KJ.nyc\n|raw|swiftyhege's rating: 1280 &rarr; <strong>1253<\/strong><br \/>(-27 for losing)\n|raw|KJ.nyc's rating: 1259 &rarr; <strong>1286<\/strong><br \/>(+27 for winning)\n|c|\u2606KJ.nyc|gg\n","uploadtime":1700176170,"views":7,"p1id":"swiftyhege","p2id":"kjnyc","formatid":"gen9nationaldexubers","rating":1253,"private":0,"password":""}