{"id":"gen9nationaldexubers-1990941628","p1":"Are En Gee","p2":"85792195wwww","format":"[Gen 9] National Dex Ubers","log":"|j|\u2606Are En Gee\n|j|\u260685792195wwww\n|t:|1700017722\n|gametype|singles\n|player|p1|Are En Gee|zinnia|1658\n|player|p2|85792195wwww|mira|1719\n|teamsize|p1|6\n|teamsize|p2|6\n|gen|9\n|tier|[Gen 9] National Dex Ubers\n|rated|\n|rule|HP Percentage Mod: HP is shown in percentages\n|rule|Endless Battle Clause: Forcing endless battles is banned\n|rule|OHKO Clause: OHKO moves are banned\n|rule|Evasion Moves Clause: Evasion moves are banned\n|rule|Evasion Items Clause: Evasion items are banned\n|rule|Species Clause: Limit one of each Pok\u00e9mon\n|rule|Sleep Clause Mod: Limit one foe put to sleep\n|rule|Mega Rayquaza Clause: You cannot mega evolve Rayquaza\n|clearpoke\n|poke|p1|Zygarde|\n|poke|p1|Arceus-Water|\n|poke|p1|Scizor, F|\n|poke|p1|Ferrothorn, M|\n|poke|p1|Ho-Oh|\n|poke|p1|Ditto|\n|poke|p2|Xerneas-*|\n|poke|p2|Deoxys-Speed|\n|poke|p2|Zacian-*|\n|poke|p2|Arceus|\n|poke|p2|Groudon|\n|poke|p2|Zekrom|\n|teampreview\n|\n|t:|1700017730\n|start\n|switch|p1a: Scizor|Scizor, F|100\/100\n|switch|p2a: Deoxys|Deoxys-Speed|100\/100\n|-ability|p2a: Deoxys|Pressure\n|turn|1\n|\n|t:|1700017739\n|detailschange|p1a: Scizor|Scizor-Mega, F\n|-mega|p1a: Scizor|Scizor|Scizorite\n|move|p2a: Deoxys|Stealth Rock|p1a: Scizor\n|-sidestart|p1: Are En Gee|move: Stealth Rock\n|move|p1a: Scizor|U-turn|p2a: Deoxys\n|-supereffective|p2a: Deoxys\n|-damage|p2a: Deoxys|36\/100\n|-damage|p1a: Scizor|84\/100|[from] item: Rocky Helmet|[of] p2a: Deoxys\n|\n|t:|1700017745\n|switch|p1a: Ditto|Ditto|100\/100|[from] U-turn\n|-damage|p1a: Ditto|88\/100|[from] Stealth Rock\n|-transform|p1a: Ditto|p2a: Deoxys|[from] ability: Imposter\n|-ability|p1a: Ditto|Pressure\n|\n|upkeep\n|turn|2\n|\n|t:|1700017758\n|move|p1a: Ditto|Psycho Boost|p2a: Deoxys\n|-resisted|p2a: Deoxys\n|-damage|p2a: Deoxys|9\/100\n|-unboost|p1a: Ditto|spa|2\n|move|p2a: Deoxys|Psycho Boost|p1a: Ditto\n|-resisted|p1a: Ditto\n|-damage|p1a: Ditto|57\/100\n|-unboost|p2a: Deoxys|spa|2\n|\n|upkeep\n|turn|3\n|\n|t:|1700017769\n|switch|p2a: Zacian|Zacian-Crowned|100\/100\n|-ability|p2a: Zacian|Intrepid Sword|boost\n|-boost|p2a: Zacian|atk|1\n|move|p1a: Ditto|Psycho Boost|p2a: Zacian\n|-resisted|p2a: Zacian\n|-damage|p2a: Zacian|89\/100\n|-unboost|p1a: Ditto|spa|2\n|\n|upkeep\n|turn|4\n|\n|t:|1700017784\n|switch|p1a: Scizor|Scizor-Mega, F|84\/100\n|-damage|p1a: Scizor|72\/100|[from] Stealth Rock\n|switch|p2a: Zekrom|Zekrom|100\/100\n|-ability|p2a: Zekrom|Teravolt\n|\n|upkeep\n|turn|5\n|\n|t:|1700017795\n|move|p2a: Zekrom|Bolt Strike|p1a: Scizor\n|-damage|p1a: Scizor|28\/100\n|-status|p1a: Scizor|par\n|move|p1a: Scizor|Morning Sun|p1a: Scizor\n|-heal|p1a: Scizor|78\/100 par\n|\n|upkeep\n|turn|6\n|\n|t:|1700017804\n|move|p2a: Zekrom|Substitute|p2a: Zekrom\n|-start|p2a: Zekrom|Substitute\n|-damage|p2a: Zekrom|76\/100\n|cant|p1a: Scizor|par\n|\n|upkeep\n|turn|7\n|\n|t:|1700017811\n|move|p2a: Zekrom|Dragon Dance|p2a: Zekrom\n|-boost|p2a: Zekrom|atk|1\n|-boost|p2a: Zekrom|spe|1\n|move|p1a: Scizor|U-turn|p2a: Zekrom\n|-end|p2a: Zekrom|Substitute\n|\n|t:|1700017813\n|switch|p1a: Ditto|Ditto|57\/100|[from] U-turn\n|-damage|p1a: Ditto|45\/100|[from] Stealth Rock\n|-transform|p1a: Ditto|p2a: Zekrom|[from] ability: Imposter\n|-ability|p1a: Ditto|Teravolt\n|\n|upkeep\n|turn|8\n|\n|t:|1700017825\n|switch|p2a: Deoxys|Deoxys-Speed|9\/100\n|-ability|p2a: Deoxys|Pressure\n|move|p1a: Ditto|Outrage|p2a: Deoxys\n|-damage|p2a: Deoxys|0 fnt\n|-damage|p1a: Ditto|29\/100|[from] item: Rocky Helmet|[of] p2a: Deoxys\n|faint|p2a: Deoxys\n|\n|upkeep\n|\n|t:|1700017836\n|switch|p2a: Zacian|Zacian-Crowned|89\/100\n|turn|9\n|\n|t:|1700017840\n|move|p1a: Ditto|Outrage|p2a: Zacian|[from]lockedmove\n|-immune|p2a: Zacian\n|move|p2a: Zacian|Close Combat|p1a: Ditto\n|-damage|p1a: Ditto|0 fnt\n|-unboost|p2a: Zacian|def|1\n|-unboost|p2a: Zacian|spd|1\n|faint|p1a: Ditto\n|\n|upkeep\n|\n|t:|1700017844\n|switch|p1a: Ho-Oh|Ho-Oh|100\/100\n|turn|10\n|\n|t:|1700017853\n|move|p2a: Zacian|Wild Charge|p1a: Ho-Oh\n|-supereffective|p1a: Ho-Oh\n|-damage|p1a: Ho-Oh|51\/100\n|-damage|p2a: Zacian|74\/100|[from] Recoil\n|move|p1a: Ho-Oh|Defog|p2a: Zacian\n|-unboost|p2a: Zacian|evasion|1\n|-sideend|p1: Are En Gee|Stealth Rock|[from] move: Defog|[of] p1a: Ho-Oh\n|\n|upkeep\n|turn|11\n|\n|t:|1700017862\n|switch|p1a: Scizor|Scizor-Mega, F|78\/100 par\n|move|p2a: Zacian|Swords Dance|p2a: Zacian\n|-boost|p2a: Zacian|atk|2\n|\n|upkeep\n|turn|12\n|\n|t:|1700017869\n|move|p1a: Scizor|Bullet Punch|p2a: Zacian\n|-damage|p2a: Zacian|36\/100\n|move|p2a: Zacian|Close Combat|p1a: Scizor\n|-damage|p1a: Scizor|22\/100 par\n|-unboost|p2a: Zacian|def|1\n|-unboost|p2a: Zacian|spd|1\n|\n|upkeep\n|turn|13\n|\n|t:|1700017877\n|move|p1a: Scizor|Bullet Punch|p2a: Zacian\n|-damage|p2a: Zacian|0 fnt\n|faint|p2a: Zacian\n|\n|upkeep\n|\n|t:|1700017895\n|switch|p2a: Arceus|Arceus|100\/100\n|turn|14\n|\n|t:|1700017900\n|move|p2a: Arceus|Swords Dance|p2a: Arceus\n|-boost|p2a: Arceus|atk|2\n|move|p1a: Scizor|Toxic|p2a: Arceus\n|-status|p2a: Arceus|tox\n|\n|-damage|p2a: Arceus|94\/100 tox|[from] psn\n|upkeep\n|turn|15\n|\n|t:|1700017909\n|move|p2a: Arceus|Extreme Speed|p1a: Scizor\n|-resisted|p1a: Scizor\n|-damage|p1a: Scizor|0 fnt\n|faint|p1a: Scizor\n|-damage|p2a: Arceus|84\/100 tox|[from] item: Life Orb\n|\n|-damage|p2a: Arceus|72\/100 tox|[from] psn\n|upkeep\n|\n|t:|1700017913\n|switch|p1a: Ferrothorn|Ferrothorn, M|100\/100\n|turn|16\n|\n|t:|1700017920\n|move|p2a: Arceus|Will-O-Wisp|p1a: Ferrothorn|[miss]\n|-miss|p2a: Arceus|p1a: Ferrothorn\n|move|p1a: Ferrothorn|Leech Seed|p2a: Arceus\n|-start|p2a: Arceus|move: Leech Seed\n|\n|-damage|p2a: Arceus|60\/100 tox|[from] Leech Seed|[of] p1a: Ferrothorn\n|-damage|p2a: Arceus|42\/100 tox|[from] psn\n|upkeep\n|turn|17\n|\n|t:|1700017929\n|move|p2a: Arceus|Earthquake|p1a: Ferrothorn\n|-damage|p1a: Ferrothorn|34\/100\n|-damage|p2a: Arceus|32\/100 tox|[from] item: Life Orb\n|move|p1a: Ferrothorn|Spikes|p2a: Arceus\n|-sidestart|p2: 85792195wwww|Spikes\n|\n|-heal|p1a: Ferrothorn|41\/100|[from] item: Leftovers\n|-damage|p2a: Arceus|20\/100 tox|[from] Leech Seed|[of] p1a: Ferrothorn\n|-heal|p1a: Ferrothorn|54\/100|[silent]\n|-damage|p2a: Arceus|0 fnt|[from] psn\n|faint|p2a: Arceus\n|upkeep\n|\n|t:|1700017942\n|switch|p2a: Zekrom|Zekrom|76\/100\n|-damage|p2a: Zekrom|63\/100|[from] Spikes\n|-ability|p2a: Zekrom|Teravolt\n|turn|18\n|\n|t:|1700017961\n|move|p2a: Zekrom|Substitute|p2a: Zekrom\n|-start|p2a: Zekrom|Substitute\n|-damage|p2a: Zekrom|38\/100\n|move|p1a: Ferrothorn|Gyro Ball|p2a: Zekrom\n|-resisted|p2a: Zekrom\n|-activate|p2a: Zekrom|move: Substitute|[damage]\n|\n|-heal|p1a: Ferrothorn|60\/100|[from] item: Leftovers\n|upkeep\n|turn|19\n|\n|t:|1700017970\n|-zpower|p2a: Zekrom\n|move|p2a: Zekrom|Devastating Drake|p1a: Ferrothorn|[zeffect]\n|-resisted|p1a: Ferrothorn\n|-damage|p1a: Ferrothorn|12\/100\n|move|p1a: Ferrothorn|Gyro Ball|p2a: Zekrom\n|-resisted|p2a: Zekrom\n|-end|p2a: Zekrom|Substitute\n|\n|-heal|p1a: Ferrothorn|18\/100|[from] item: Leftovers\n|upkeep\n|turn|20\n|\n|t:|1700017993\n|move|p2a: Zekrom|Substitute|p2a: Zekrom\n|-start|p2a: Zekrom|Substitute\n|-damage|p2a: Zekrom|13\/100\n|move|p1a: Ferrothorn|Gyro Ball|p2a: Zekrom\n|-resisted|p2a: Zekrom\n|-activate|p2a: Zekrom|move: Substitute|[damage]\n|\n|-heal|p1a: Ferrothorn|24\/100|[from] item: Leftovers\n|upkeep\n|turn|21\n|\n|t:|1700018002\n|move|p2a: Zekrom|Bolt Strike|p1a: Ferrothorn\n|-resisted|p1a: Ferrothorn\n|-damage|p1a: Ferrothorn|0 fnt\n|-damage|p2a: Zekrom|1\/100|[from] ability: Iron Barbs|[of] p1a: Ferrothorn\n|faint|p1a: Ferrothorn\n|\n|upkeep\n|\n|t:|1700018015\n|switch|p1a: Zygarde|Zygarde|100\/100\n|turn|22\n|\n|t:|1700018020\n|move|p2a: Zekrom|Dragon Dance|p2a: Zekrom\n|-boost|p2a: Zekrom|atk|1\n|-boost|p2a: Zekrom|spe|1\n|move|p1a: Zygarde|Scale Shot|p2a: Zekrom\n|-supereffective|p2a: Zekrom\n|-end|p2a: Zekrom|Substitute\n|-supereffective|p2a: Zekrom\n|-damage|p2a: Zekrom|0 fnt\n|faint|p2a: Zekrom\n|-hitcount|p2: Zekrom|2\n|-unboost|p1a: Zygarde|def|1\n|-boost|p1a: Zygarde|spe|1\n|\n|upkeep\n|\n|t:|1700018036\n|switch|p2a: Xerneas|Xerneas|100\/100\n|-damage|p2a: Xerneas|88\/100|[from] Spikes\n|-ability|p2a: Xerneas|Fairy Aura\n|turn|23\n|\n|t:|1700018044\n|switch|p1a: Ho-Oh|Ho-Oh|85\/100\n|move|p2a: Xerneas|Geomancy||[still]\n|-prepare|p2a: Xerneas|Geomancy\n|-enditem|p2a: Xerneas|Power Herb\n|-anim|p2a: Xerneas|Geomancy|p2a: Xerneas\n|-boost|p2a: Xerneas|spa|2\n|-boost|p2a: Xerneas|spd|2\n|-boost|p2a: Xerneas|spe|2\n|\n|upkeep\n|turn|24\n|\n|t:|1700018054\n|-terastallize|p1a: Ho-Oh|Grass\n|move|p2a: Xerneas|Thunderbolt|p1a: Ho-Oh\n|-resisted|p1a: Ho-Oh\n|-damage|p1a: Ho-Oh|66\/100\n|move|p1a: Ho-Oh|Whirlwind|p2a: Xerneas\n|drag|p2a: Groudon|Groudon|100\/100\n|-damage|p2a: Groudon|88\/100|[from] Spikes\n|detailschange|p2a: Groudon|Groudon-Primal\n|-primal|p2a: Groudon|Red Orb\n|-weather|DesolateLand|[from] ability: Desolate Land|[of] p2a: Groudon\n|\n|-weather|DesolateLand|[upkeep]\n|upkeep\n|turn|25\n|\n|t:|1700018067\n|switch|p1a: Zygarde|Zygarde|100\/100\n|move|p2a: Groudon|Swords Dance|p2a: Groudon\n|-boost|p2a: Groudon|atk|2\n|\n|-weather|DesolateLand|[upkeep]\n|upkeep\n|turn|26\n|\n|t:|1700018074\n|move|p1a: Zygarde|Thousand Waves|p2a: Groudon\n|-supereffective|p2a: Groudon\n|-damage|p2a: Groudon|40\/100\n|-activate|p2a: Groudon|trapped\n|move|p2a: Groudon|Precipice Blades|p1a: Zygarde\n|-damage|p1a: Zygarde|0 fnt\n|faint|p1a: Zygarde\n|\n|-weather|DesolateLand|[upkeep]\n|upkeep\n|\n|t:|1700018082\n|switch|p1a: Ho-Oh|Ho-Oh, tera:Grass|99\/100\n|turn|27\n|\n|t:|1700018086\n|move|p2a: Groudon|Heat Crash|p1a: Ho-Oh\n|-supereffective|p1a: Ho-Oh\n|-damage|p1a: Ho-Oh|0 fnt\n|faint|p1a: Ho-Oh\n|\n|-weather|DesolateLand|[upkeep]\n|upkeep\n|\n|t:|1700018088\n|switch|p1a: Arceus|Arceus-Water|100\/100\n|turn|28\n|c|\u2606Are En Gee|gg\n|\n|t:|1700018094\n|move|p1a: Arceus|Whirlpool||[still]\n|-fail|p1a: Arceus|Whirlpool|[from] Desolate Land\n|move|p2a: Groudon|Precipice Blades|p1a: Arceus\n|-crit|p1a: Arceus\n|-damage|p1a: Arceus|0 fnt\n|faint|p1a: Arceus\n|\n|win|85792195wwww\n|raw|Are En Gee's rating: 1658 &rarr; <strong>1641<\/strong><br \/>(-17 for losing)\n|raw|85792195wwww's rating: 1719 &rarr; <strong>1736<\/strong><br \/>(+17 for winning)\n|l|\u2606Are En Gee\n","uploadtime":1700018104,"views":11,"p1id":"areengee","p2id":"85792195wwww","formatid":"gen9nationaldexubers","rating":1641,"private":0,"password":""}