{"id":"gen9nationaldexubers-1989847004","p1":"Killerkid1208","p2":"fancyostriches","format":"[Gen 9] National Dex Ubers","log":"|j|\u2606Killerkid1208\n|j|\u2606fancyostriches\n|t:|1699900669\n|gametype|singles\n|player|p1|Killerkid1208|101|\n|player|p2|fancyostriches|pokemaniac|\n|teamsize|p1|6\n|teamsize|p2|6\n|gen|9\n|tier|[Gen 9] National Dex Ubers\n|rule|HP Percentage Mod: HP is shown in percentages\n|rule|Endless Battle Clause: Forcing endless battles is banned\n|rule|OHKO Clause: OHKO moves are banned\n|rule|Evasion Moves Clause: Evasion moves are banned\n|rule|Evasion Items Clause: Evasion items are banned\n|rule|Species Clause: Limit one of each Pok\u00e9mon\n|rule|Sleep Clause Mod: Limit one foe put to sleep\n|rule|Mega Rayquaza Clause: You cannot mega evolve Rayquaza\n|clearpoke\n|poke|p1|Kilowattrel, M|\n|poke|p1|Gholdengo|\n|poke|p1|Charizard, F|\n|poke|p1|Milotic, M|\n|poke|p1|Umbreon, M|\n|poke|p1|Serperior, F|\n|poke|p2|Venomoth, F|\n|poke|p2|Uxie|\n|poke|p2|Quaquaval, F|\n|poke|p2|Minior-Green|\n|poke|p2|Decidueye-Hisui, F|\n|poke|p2|Slowbro-Galar, F|\n|teampreview\n|\n|t:|1699900673\n|start\n|switch|p1a: Serperior|Serperior, F|100\/100\n|switch|p2a: Uxie|Uxie|100\/100\n|turn|1\n|\n|t:|1699900681\n|move|p1a: Serperior|Leaf Storm|p2a: Uxie\n|-damage|p2a: Uxie|77\/100\n|-boost|p1a: Serperior|spa|2\n|move|p2a: Uxie|Light Screen|p2a: Uxie\n|-sidestart|p2: fancyostriches|move: Light Screen\n|\n|upkeep\n|turn|2\n|\n|t:|1699900692\n|move|p1a: Serperior|Substitute|p1a: Serperior\n|-start|p1a: Serperior|Substitute\n|-damage|p1a: Serperior|75\/100\n|move|p2a: Uxie|Stealth Rock|p1a: Serperior\n|-sidestart|p1: Killerkid1208|move: Stealth Rock\n|\n|-heal|p1a: Serperior|82\/100|[from] item: Leftovers\n|upkeep\n|turn|3\n|\n|t:|1699900718\n|move|p1a: Serperior|Leaf Storm|p2a: Uxie\n|-damage|p2a: Uxie|51\/100\n|-boost|p1a: Serperior|spa|2\n|move|p2a: Uxie|Memento||[still]\n|-fail|p2a: Uxie\n|\n|-heal|p1a: Serperior|88\/100|[from] item: Leftovers\n|upkeep\n|turn|4\n|\n|t:|1699900760\n|move|p1a: Serperior|Leaf Storm|p2a: Uxie\n|-damage|p2a: Uxie|16\/100\n|-boost|p1a: Serperior|spa|2\n|move|p2a: Uxie|Reflect|p2a: Uxie\n|-sidestart|p2: fancyostriches|Reflect\n|\n|-heal|p1a: Serperior|94\/100|[from] item: Leftovers\n|upkeep\n|turn|5\n|\n|t:|1699900823\n|move|p1a: Serperior|Leaf Storm|p2a: Uxie\n|-damage|p2a: Uxie|0 fnt\n|faint|p2a: Uxie\n|\n|-heal|p1a: Serperior|99\/100|[from] item: Leftovers\n|upkeep\n|\n|t:|1699900837\n|switch|p2a: Slowbro|Slowbro-Galar, F|100\/100\n|turn|6\n|\n|t:|1699900854\n|-terastallize|p2a: Slowbro|Poison\n|move|p1a: Serperior|Leaf Storm|p2a: Slowbro\n|-resisted|p2a: Slowbro\n|-damage|p2a: Slowbro|69\/100\n|move|p2a: Slowbro|Belly Drum|p2a: Slowbro\n|-damage|p2a: Slowbro|19\/100\n|-setboost|p2a: Slowbro|atk|6|[from] move: Belly Drum\n|-enditem|p2a: Slowbro|Sitrus Berry|[eat]\n|-heal|p2a: Slowbro|44\/100|[from] item: Sitrus Berry\n|\n|-heal|p1a: Serperior|100\/100|[from] item: Leftovers\n|upkeep\n|turn|7\n|\n|t:|1699900876\n|move|p1a: Serperior|Hidden Power|p2a: Slowbro\n|-damage|p2a: Slowbro|24\/100\n|move|p2a: Slowbro|Shell Side Arm|p1a: Serperior|[anim] Shell Side Arm Physical\n|-supereffective|p1a: Serperior\n|-end|p1a: Serperior|Substitute\n|-hint|Physical Shell Side Arm\n|\n|upkeep\n|turn|8\n|\n|t:|1699900912\n|move|p1a: Serperior|Leaf Storm|p2a: Slowbro\n|-resisted|p2a: Slowbro\n|-damage|p2a: Slowbro|0 fnt\n|faint|p2a: Slowbro\n|\n|-sideend|p2: fancyostriches|move: Light Screen\n|upkeep\n|\n|t:|1699900934\n|switch|p2a: Venomoth|Venomoth, F|100\/100\n|turn|9\n|\n|t:|1699900943\n|move|p1a: Serperior|Hidden Power|p2a: Venomoth\n|-supereffective|p2a: Venomoth\n|-damage|p2a: Venomoth|0 fnt\n|faint|p2a: Venomoth\n|\n|upkeep\n|\n|t:|1699900958\n|switch|p2a: Decidueye|Decidueye-Hisui, F|100\/100\n|turn|10\n|\n|t:|1699900968\n|move|p1a: Serperior|Hidden Power|p2a: Decidueye\n|-supereffective|p2a: Decidueye\n|-damage|p2a: Decidueye|3\/100\n|-enditem|p2a: Decidueye|Weakness Policy\n|-boost|p2a: Decidueye|atk|2|[from] item: Weakness Policy\n|-boost|p2a: Decidueye|spa|2|[from] item: Weakness Policy\n|move|p2a: Decidueye|Swords Dance|p2a: Decidueye\n|-boost|p2a: Decidueye|atk|2\n|\n|upkeep\n|turn|11\n|\n|t:|1699901039\n|move|p2a: Decidueye|Sucker Punch|p1a: Serperior\n|-damage|p1a: Serperior|37\/100\n|move|p1a: Serperior|Hidden Power|p2a: Decidueye\n|-supereffective|p2a: Decidueye\n|-damage|p2a: Decidueye|0 fnt\n|faint|p2a: Decidueye\n|\n|-heal|p1a: Serperior|43\/100|[from] item: Leftovers\n|-sideend|p2: fancyostriches|Reflect\n|upkeep\n|\n|t:|1699901059\n|switch|p2a: Minior|Minior-Green|100\/100\n|-formechange|p2a: Minior|Minior-Meteor||[from] ability: Shields Down\n|turn|12\n|\n|t:|1699901106\n|move|p1a: Serperior|Leaf Storm|p2a: Minior\n|-damage|p2a: Minior|0 fnt\n|faint|p2a: Minior\n|\n|-heal|p1a: Serperior|49\/100|[from] item: Leftovers\n|upkeep\n|\n|t:|1699901121\n|switch|p2a: Quaquaval|Quaquaval, F|100\/100\n|turn|13\n|\n|t:|1699901181\n|move|p1a: Serperior|Hidden Power|p2a: Quaquaval\n|-resisted|p2a: Quaquaval\n|-damage|p2a: Quaquaval|70\/100\n|move|p2a: Quaquaval|Ice Spinner|p1a: Serperior\n|-supereffective|p1a: Serperior\n|-damage|p1a: Serperior|1\/100\n|\n|-heal|p1a: Serperior|7\/100|[from] item: Leftovers\n|upkeep\n|turn|14\n|\n|t:|1699901218\n|move|p1a: Serperior|Leaf Storm|p2a: Quaquaval\n|-supereffective|p2a: Quaquaval\n|-damage|p2a: Quaquaval|0 fnt\n|faint|p2a: Quaquaval\n|\n|win|Killerkid1208\n","uploadtime":1699901226,"views":9,"p1id":"killerkid1208","p2id":"fancyostriches","formatid":"gen9nationaldexubers","rating":0,"private":0,"password":""}