{"id":"gen9nationaldexubers-1998717184","p1":"tikids","p2":"bengallover","format":"[Gen 9] National Dex Ubers","log":"|j|\u2606tikids\n|j|\u2606bengallover\n|t:|1700977111\n|gametype|singles\n|player|p1|tikids|266|\n|player|p2|bengallover|dancer|\n|teamsize|p1|6\n|teamsize|p2|6\n|gen|9\n|tier|[Gen 9] National Dex Ubers\n|rule|HP Percentage Mod: HP is shown in percentages\n|rule|Endless Battle Clause: Forcing endless battles is banned\n|rule|OHKO Clause: OHKO moves are banned\n|rule|Evasion Moves Clause: Evasion moves are banned\n|rule|Evasion Items Clause: Evasion items are banned\n|rule|Species Clause: Limit one of each Pok\u00e9mon\n|rule|Sleep Clause Mod: Limit one foe put to sleep\n|rule|Mega Rayquaza Clause: You cannot mega evolve Rayquaza\n|clearpoke\n|poke|p1|Garganacl, F|\n|poke|p1|Kingambit, F|\n|poke|p1|Palafin, M|\n|poke|p1|Gliscor, M|\n|poke|p1|Corviknight, M|\n|poke|p1|Kleavor, M|\n|poke|p2|Reshiram|\n|poke|p2|Regieleki|\n|poke|p2|Arceus-Dragon|\n|poke|p2|Camerupt, F|\n|poke|p2|Raichu, F|\n|poke|p2|Ampharos, M|\n|teampreview\n|\n|t:|1700977120\n|start\n|switch|p1a: Palafin|Palafin, M|100\/100\n|switch|p2a: Raichu|Raichu, F|100\/100\n|turn|1\n|\n|t:|1700977137\n|detailschange|p1a: Palafin|Palafin-Hero, M\n|switch|p1a: Gliscor|Gliscor, M|100\/100\n|move|p2a: Raichu|Brick Break|p1a: Gliscor\n|-resisted|p1a: Gliscor\n|-damage|p1a: Gliscor|92\/100\n|\n|-status|p1a: Gliscor|tox|[from] item: Toxic Orb\n|upkeep\n|turn|2\n|\n|t:|1700977149\n|move|p2a: Raichu|Fake Out||[still]\n|-hint|Fake Out only works on your first turn out.\n|-fail|p2a: Raichu\n|move|p1a: Gliscor|Earthquake|p2a: Raichu\n|-supereffective|p2a: Raichu\n|-damage|p2a: Raichu|0 fnt\n|faint|p2a: Raichu\n|\n|-heal|p1a: Gliscor|100\/100 tox|[from] ability: Poison Heal\n|upkeep\n|\n|t:|1700977160\n|switch|p2a: Camerupt|Camerupt, F|100\/100\n|turn|3\n|\n|t:|1700977174\n|switch|p1a: Palafin|Palafin-Hero, M|100\/100\n|-activate|p1a: Palafin|ability: Zero to Hero\n|switch|p2a: Regieleki|Regieleki|100\/100\n|\n|upkeep\n|turn|4\n|\n|t:|1700977188\n|switch|p1a: Gliscor|Gliscor, M|100\/100 tox\n|move|p2a: Regieleki|Thunder|p1a: Gliscor\n|-immune|p1a: Gliscor\n|\n|upkeep\n|turn|5\n|\n|t:|1700977206\n|move|p2a: Regieleki|Thunder|p1a: Gliscor\n|-immune|p1a: Gliscor\n|move|p1a: Gliscor|Earthquake|p2a: Regieleki\n|-supereffective|p2a: Regieleki\n|-damage|p2a: Regieleki|0 fnt\n|faint|p2a: Regieleki\n|\n|upkeep\n|\n|t:|1700977217\n|switch|p2a: Arceus|Arceus-Dragon|100\/100\n|turn|6\n|\n|t:|1700977228\n|switch|p1a: Palafin|Palafin-Hero, M|100\/100\n|move|p2a: Arceus|Aqua Tail|p1a: Palafin\n|-resisted|p1a: Palafin\n|-damage|p1a: Palafin|89\/100\n|\n|-heal|p1a: Palafin|95\/100|[from] item: Leftovers\n|upkeep\n|turn|7\n|\n|t:|1700977242\n|move|p2a: Arceus|Blizzard|p1a: Palafin\n|-resisted|p1a: Palafin\n|-damage|p1a: Palafin|79\/100\n|move|p1a: Palafin|Drain Punch|p2a: Arceus\n|-damage|p2a: Arceus|81\/100\n|-heal|p1a: Palafin|90\/100|[from] drain|[of] p2a: Arceus\n|\n|-heal|p1a: Palafin|96\/100|[from] item: Leftovers\n|upkeep\n|turn|8\n|\n|t:|1700977254\n|move|p2a: Arceus|Agility|p2a: Arceus\n|-boost|p2a: Arceus|spe|2\n|move|p1a: Palafin|Drain Punch|p2a: Arceus\n|-damage|p2a: Arceus|60\/100\n|-heal|p1a: Palafin|100\/100|[from] drain|[of] p2a: Arceus\n|\n|upkeep\n|turn|9\n|\n|t:|1700977266\n|-terastallize|p2a: Arceus|Dragon\n|move|p2a: Arceus|Bug Buzz|p1a: Palafin\n|-damage|p1a: Palafin|74\/100\n|move|p1a: Palafin|Close Combat|p2a: Arceus\n|-damage|p2a: Arceus|29\/100\n|-unboost|p1a: Palafin|def|1\n|-unboost|p1a: Palafin|spd|1\n|\n|-heal|p1a: Palafin|80\/100|[from] item: Leftovers\n|upkeep\n|turn|10\n|\n|t:|1700977285\n|move|p2a: Arceus|Bug Buzz|p1a: Palafin\n|-damage|p1a: Palafin|37\/100\n|move|p1a: Palafin|Close Combat|p2a: Arceus\n|-damage|p2a: Arceus|0 fnt\n|-unboost|p1a: Palafin|def|1\n|-unboost|p1a: Palafin|spd|1\n|faint|p2a: Arceus\n|\n|-heal|p1a: Palafin|43\/100|[from] item: Leftovers\n|upkeep\n|\n|t:|1700977298\n|switch|p2a: Ampharos|Ampharos, M|100\/100\n|turn|11\n|\n|t:|1700977317\n|switch|p1a: Gliscor|Gliscor, M|100\/100 tox\n|move|p2a: Ampharos|Brick Break|p1a: Gliscor\n|-resisted|p1a: Gliscor\n|-crit|p1a: Gliscor\n|-damage|p1a: Gliscor|91\/100 tox\n|\n|-heal|p1a: Gliscor|100\/100 tox|[from] ability: Poison Heal\n|upkeep\n|turn|12\n|\n|t:|1700977329\n|move|p1a: Gliscor|Earthquake|p2a: Ampharos\n|-supereffective|p2a: Ampharos\n|-damage|p2a: Ampharos|15\/100\n|move|p2a: Ampharos|Dazzling Gleam|p1a: Gliscor\n|-crit|p1a: Gliscor\n|-damage|p1a: Gliscor|57\/100 tox\n|\n|-heal|p1a: Gliscor|69\/100 tox|[from] ability: Poison Heal\n|upkeep\n|turn|13\n|\n|t:|1700977351\n|switch|p1a: Kleavor|Kleavor, M|100\/100\n|move|p2a: Ampharos|Agility|p2a: Ampharos\n|-boost|p2a: Ampharos|spe|2\n|\n|upkeep\n|turn|14\n|\n|t:|1700977367\n|move|p2a: Ampharos|Dazzling Gleam|p1a: Kleavor\n|-damage|p1a: Kleavor|68\/100\n|move|p1a: Kleavor|Psycho Cut|p2a: Ampharos\n|-damage|p2a: Ampharos|0 fnt\n|faint|p2a: Ampharos\n|\n|-heal|p1a: Kleavor|74\/100|[from] item: Leftovers\n|upkeep\n|\n|t:|1700977385\n|switch|p2a: Camerupt|Camerupt, F|100\/100\n|turn|15\n|\n|t:|1700977395\n|detailschange|p2a: Camerupt|Camerupt-Mega, F\n|-mega|p2a: Camerupt|Camerupt|Cameruptite\n|move|p1a: Kleavor|Stone Axe|p2a: Camerupt\n|-damage|p2a: Camerupt|46\/100\n|-sidestart|p2: bengallover|move: Stealth Rock\n|move|p2a: Camerupt|Body Press|p1a: Kleavor\n|-damage|p1a: Kleavor|50\/100\n|\n|-heal|p1a: Kleavor|56\/100|[from] item: Leftovers\n|upkeep\n|turn|16\n|\n|t:|1700977409\n|move|p1a: Kleavor|Knock Off|p2a: Camerupt\n|-damage|p2a: Camerupt|20\/100\n|move|p2a: Camerupt|Earthquake|p1a: Kleavor\n|-damage|p1a: Kleavor|2\/100\n|\n|-heal|p1a: Kleavor|8\/100|[from] item: Leftovers\n|upkeep\n|turn|17\n|\n|t:|1700977431\n|move|p1a: Kleavor|Cross Poison|p2a: Camerupt\n|-resisted|p2a: Camerupt\n|-damage|p2a: Camerupt|3\/100\n|move|p2a: Camerupt|Eruption|p1a: Kleavor\n|-damage|p1a: Kleavor|5\/100\n|\n|-heal|p1a: Kleavor|12\/100|[from] item: Leftovers\n|upkeep\n|turn|18\n|\n|t:|1700977455\n|move|p1a: Kleavor|Stone Axe|p2a: Camerupt\n|-damage|p2a: Camerupt|0 fnt\n|faint|p2a: Camerupt\n|\n|-heal|p1a: Kleavor|18\/100|[from] item: Leftovers\n|upkeep\n|\n|t:|1700977462\n|switch|p2a: Reshiram|Reshiram|100\/100\n|-damage|p2a: Reshiram|76\/100|[from] Stealth Rock\n|-ability|p2a: Reshiram|Turboblaze\n|turn|19\n|\n|t:|1700977481\n|move|p2a: Reshiram|Dragon Claw|p1a: Kleavor\n|-damage|p1a: Kleavor|0 fnt\n|faint|p1a: Kleavor\n|\n|upkeep\n|\n|t:|1700977487\n|switch|p1a: Optimus prime|Garganacl, F, shiny|100\/100\n|turn|20\n|\n|t:|1700977499\n|move|p2a: Reshiram|Dragon Claw|p1a: Optimus prime\n|-damage|p1a: Optimus prime|72\/100\n|move|p1a: Optimus prime|Salt Cure|p2a: Reshiram\n|-supereffective|p2a: Reshiram\n|-damage|p2a: Reshiram|46\/100\n|-start|p2a: Reshiram|Salt Cure\n|\n|-heal|p1a: Optimus prime|79\/100|[from] item: Leftovers\n|-damage|p2a: Reshiram|33\/100|[from] Salt Cure\n|upkeep\n|turn|21\n|\n|t:|1700977512\n|move|p2a: Reshiram|Crunch|p1a: Optimus prime\n|-damage|p1a: Optimus prime|60\/100\n|move|p1a: Optimus prime|Recover|p1a: Optimus prime\n|-heal|p1a: Optimus prime|100\/100\n|\n|-damage|p2a: Reshiram|21\/100|[from] Salt Cure\n|upkeep\n|turn|22\n|\n|t:|1700977531\n|move|p2a: Reshiram|Extrasensory|p1a: Optimus prime\n|-damage|p1a: Optimus prime|74\/100\n|move|p1a: Optimus prime|Recover|p1a: Optimus prime\n|-heal|p1a: Optimus prime|100\/100\n|\n|-damage|p2a: Reshiram|9\/100|[from] Salt Cure\n|upkeep\n|turn|23\n|\n|t:|1700977546\n|move|p2a: Reshiram|Dragon Claw|p1a: Optimus prime\n|-damage|p1a: Optimus prime|73\/100\n|move|p1a: Optimus prime|Recover|p1a: Optimus prime\n|-heal|p1a: Optimus prime|100\/100\n|\n|-damage|p2a: Reshiram|0 fnt|[from] Salt Cure\n|faint|p2a: Reshiram\n|\n|win|tikids\n|upkeep\n","uploadtime":1700977569,"views":4,"p1id":"tikids","p2id":"bengallover","formatid":"gen9nationaldexubers","rating":0,"private":0,"password":""}