{"id":"gen9nationaldexubers-1999131792","p1":"vgffhhh","p2":"AJEZ","format":"[Gen 9] National Dex Ubers","log":"|j|\u2606vgffhhh\n|j|\u2606AJEZ\n|t:|1701036572\n|gametype|singles\n|player|p1|vgffhhh|102|1040\n|player|p2|AJEZ|169|1020\n|teamsize|p1|6\n|teamsize|p2|6\n|gen|9\n|tier|[Gen 9] National Dex Ubers\n|rated|\n|rule|HP Percentage Mod: HP is shown in percentages\n|rule|Endless Battle Clause: Forcing endless battles is banned\n|rule|OHKO Clause: OHKO moves are banned\n|rule|Evasion Moves Clause: Evasion moves are banned\n|rule|Evasion Items Clause: Evasion items are banned\n|rule|Species Clause: Limit one of each Pok\u00e9mon\n|rule|Sleep Clause Mod: Limit one foe put to sleep\n|rule|Mega Rayquaza Clause: You cannot mega evolve Rayquaza\n|clearpoke\n|poke|p1|Xerneas-*|\n|poke|p1|Zygarde|\n|poke|p1|Chansey, F|\n|poke|p1|Ho-Oh|\n|poke|p1|Necrozma-Dusk-Mane|\n|poke|p1|Gholdengo|\n|poke|p2|Darmanitan-Galar, M|\n|poke|p2|Grimmsnarl, M|\n|poke|p2|Marshadow|\n|poke|p2|Ho-Oh|\n|poke|p2|Mewtwo|\n|poke|p2|Walking Wake|\n|teampreview\n|\n|t:|1701036575\n|start\n|switch|p1a: Gholdengo|Gholdengo|100\/100\n|switch|p2a: Ho-Oh|Ho-Oh|100\/100\n|turn|1\n|inactive|Battle timer is ON: inactive players will automatically lose when time's up. (requested by vgffhhh)\n|\n|t:|1701036584\n|move|p1a: Gholdengo|Thunder Wave|p2a: Ho-Oh\n|-status|p2a: Ho-Oh|par\n|move|p2a: Ho-Oh|Sacred Fire|p1a: Gholdengo\n|-supereffective|p1a: Gholdengo\n|-damage|p1a: Gholdengo|14\/100\n|\n|-heal|p1a: Gholdengo|20\/100|[from] item: Leftovers\n|upkeep\n|turn|2\n|\n|t:|1701036594\n|switch|p1a: Zygarde|Zygarde, shiny|100\/100\n|move|p2a: Ho-Oh|Sacred Fire|p1a: Zygarde\n|-resisted|p1a: Zygarde\n|-damage|p1a: Zygarde|86\/100\n|\n|-heal|p1a: Zygarde|92\/100|[from] item: Leftovers\n|upkeep\n|turn|3\n|\n|t:|1701036603\n|switch|p1a: Ho-Oh|Ho-Oh, shiny|100\/100\n|move|p2a: Ho-Oh|Toxic|p1a: Ho-Oh\n|-status|p1a: Ho-Oh|tox\n|\n|-damage|p1a: Ho-Oh|94\/100 tox|[from] psn\n|upkeep\n|turn|4\n|\n|t:|1701036618\n|switch|p2a: Walking Wake|Walking Wake|100\/100\n|move|p1a: Ho-Oh|Brave Bird|p2a: Walking Wake\n|-damage|p2a: Walking Wake|46\/100\n|-damage|p1a: Ho-Oh|79\/100 tox|[from] Recoil\n|\n|-damage|p1a: Ho-Oh|67\/100 tox|[from] psn\n|upkeep\n|turn|5\n|\n|t:|1701036627\n|switch|p1a: Chansey|Chansey, F, shiny|100\/100\n|move|p2a: Walking Wake|Hydro Steam|p1a: Chansey\n|-damage|p1a: Chansey|82\/100\n|\n|upkeep\n|turn|6\n|\n|t:|1701036635\n|-end|p2a: Walking Wake|Protosynthesis|[silent]\n|switch|p2a: Grimmsnarl|Grimmsnarl, M|100\/100\n|move|p1a: Chansey|Thunder Wave|p2a: Grimmsnarl\n|-status|p2a: Grimmsnarl|par\n|\n|upkeep\n|turn|7\n|\n|t:|1701036646\n|move|p2a: Grimmsnarl|Taunt|p1a: Chansey\n|-start|p1a: Chansey|move: Taunt\n|cant|p1a: Chansey|move: Taunt|Wish\n|\n|upkeep\n|turn|8\n|\n|t:|1701036653\n|switch|p1a: Ho-Oh|Ho-Oh, shiny|99\/100 tox\n|move|p2a: Grimmsnarl|Reflect|p2a: Grimmsnarl\n|-sidestart|p2: AJEZ|Reflect\n|\n|-damage|p1a: Ho-Oh|94\/100 tox|[from] psn\n|upkeep\n|turn|9\n|\n|t:|1701036660\n|switch|p1a: Gholdengo|Gholdengo|20\/100\n|move|p2a: Grimmsnarl|Light Screen|p2a: Grimmsnarl\n|-sidestart|p2: AJEZ|move: Light Screen\n|\n|-heal|p1a: Gholdengo|26\/100|[from] item: Leftovers\n|upkeep\n|turn|10\n|\n|t:|1701036667\n|switch|p1a: Chansey|Chansey, F, shiny|82\/100\n|switch|p2a: Ho-Oh|Ho-Oh|100\/100 par\n|\n|upkeep\n|turn|11\n|\n|t:|1701036673\n|move|p1a: Chansey|Wish|p1a: Chansey\n|cant|p2a: Ho-Oh|par\n|\n|upkeep\n|turn|12\n|\n|t:|1701036677\n|switch|p1a: Gholdengo|Gholdengo|26\/100\n|move|p2a: Ho-Oh|Sacred Fire|p1a: Gholdengo\n|-supereffective|p1a: Gholdengo\n|-damage|p1a: Gholdengo|0 fnt\n|faint|p1a: Gholdengo\n|\n|upkeep\n|\n|t:|1701036693\n|switch|p1a: Xerneas|Xerneas, shiny|100\/100\n|-ability|p1a: Xerneas|Fairy Aura\n|turn|13\n|\n|t:|1701036701\n|move|p1a: Xerneas|Aromatherapy|p1a: Xerneas\n|-activate|p1a: Xerneas|move: Aromatherapy\n|-curestatus|p1: Ho-Oh|tox|[msg]\n|cant|p2a: Ho-Oh|par\n|\n|upkeep\n|turn|14\n|\n|t:|1701036727\n|switch|p1a: Ho-Oh|Ho-Oh, shiny|100\/100\n|switch|p2a: Darmanitan|Darmanitan-Galar, M|100\/100\n|\n|upkeep\n|turn|15\n|\n|t:|1701036734\n|move|p2a: Darmanitan|Rock Slide|p1a: Ho-Oh\n|-supereffective|p1a: Ho-Oh\n|-damage|p1a: Ho-Oh|0 fnt\n|faint|p1a: Ho-Oh\n|\n|-sideend|p2: AJEZ|Reflect\n|upkeep\n|\n|t:|1701036760\n|switch|p1a: Necrozma|Necrozma-Dusk-Mane|100\/100\n|turn|16\n|\n|t:|1701036766\n|switch|p2a: Ho-Oh|Ho-Oh|100\/100 par\n|move|p1a: Necrozma|Trick Room|p1a: Necrozma\n|-fieldstart|move: Trick Room|[of] p1a: Necrozma\n|\n|-sideend|p2: AJEZ|move: Light Screen\n|upkeep\n|turn|17\n|\n|t:|1701036777\n|switch|p1a: Zygarde|Zygarde, shiny|92\/100\n|cant|p2a: Ho-Oh|par\n|\n|-heal|p1a: Zygarde|98\/100|[from] item: Leftovers\n|upkeep\n|turn|18\n|\n|t:|1701036788\n|cant|p2a: Ho-Oh|par\n|move|p1a: Zygarde|Coil|p1a: Zygarde\n|-boost|p1a: Zygarde|atk|1\n|-boost|p1a: Zygarde|def|1\n|-boost|p1a: Zygarde|accuracy|1\n|\n|-heal|p1a: Zygarde|100\/100|[from] item: Leftovers\n|upkeep\n|turn|19\n|\n|t:|1701036796\n|switch|p2a: Marshadow|Marshadow|100\/100\n|move|p1a: Zygarde|Scale Shot|p2a: Marshadow\n|-damage|p2a: Marshadow|79\/100\n|-damage|p2a: Marshadow|58\/100\n|-hitcount|p2a: Marshadow|2\n|-unboost|p1a: Zygarde|def|1\n|-boost|p1a: Zygarde|spe|1\n|\n|upkeep\n|turn|20\n|\n|t:|1701036806\n|switch|p1a: Chansey|Chansey, F, shiny|82\/100\n|move|p2a: Marshadow|Spectral Thief|p1a: Chansey\n|-immune|p1a: Chansey\n|\n|-fieldend|move: Trick Room\n|upkeep\n|turn|21\n|\n|t:|1701036815\n|move|p2a: Marshadow|Close Combat|p1a: Chansey\n|-supereffective|p1a: Chansey\n|-damage|p1a: Chansey|1\/100\n|-unboost|p2a: Marshadow|def|1\n|-unboost|p2a: Marshadow|spd|1\n|move|p1a: Chansey|Thunder Wave|p2a: Marshadow\n|-status|p2a: Marshadow|par\n|\n|upkeep\n|turn|22\n|\n|t:|1701036824\n|switch|p2a: Darmanitan|Darmanitan-Galar, M|100\/100\n|move|p1a: Chansey|Wish|p1a: Chansey\n|\n|upkeep\n|turn|23\n|\n|t:|1701036836\n|switch|p1a: Necrozma|Necrozma-Dusk-Mane|100\/100\n|move|p2a: Darmanitan|Icicle Crash|p1a: Necrozma\n|-resisted|p1a: Necrozma\n|-damage|p1a: Necrozma|74\/100\n|\n|-heal|p1a: Necrozma|100\/100|[from] move: Wish|[wisher] Chansey\n|upkeep\n|turn|24\n|\n|t:|1701036857\n|switch|p2a: Ho-Oh|Ho-Oh|100\/100 par\n|move|p1a: Necrozma|Swords Dance|p1a: Necrozma\n|-boost|p1a: Necrozma|atk|2\n|\n|upkeep\n|turn|25\n|\n|t:|1701036863\n|move|p1a: Necrozma|Iron Head|p2a: Ho-Oh\n|-resisted|p2a: Ho-Oh\n|-damage|p2a: Ho-Oh|68\/100 par\n|move|p2a: Ho-Oh|Sacred Fire|p1a: Necrozma\n|-supereffective|p1a: Necrozma\n|-damage|p1a: Necrozma|50\/100\n|\n|-heal|p1a: Necrozma|56\/100|[from] item: Leftovers\n|-heal|p2a: Ho-Oh|75\/100 par|[from] item: Leftovers\n|upkeep\n|turn|26\n|\n|t:|1701036873\n|move|p1a: Necrozma|Iron Head|p2a: Ho-Oh\n|-resisted|p2a: Ho-Oh\n|-damage|p2a: Ho-Oh|41\/100 par\n|move|p2a: Ho-Oh|Sacred Fire|p1a: Necrozma\n|-supereffective|p1a: Necrozma\n|-damage|p1a: Necrozma|6\/100\n|\n|-heal|p1a: Necrozma|13\/100|[from] item: Leftovers\n|-heal|p2a: Ho-Oh|48\/100 par|[from] item: Leftovers\n|upkeep\n|turn|27\n|\n|t:|1701036883\n|move|p1a: Necrozma|Iron Head|p2a: Ho-Oh\n|-resisted|p2a: Ho-Oh\n|-damage|p2a: Ho-Oh|15\/100 par\n|move|p2a: Ho-Oh|Sacred Fire|p1a: Necrozma\n|-supereffective|p1a: Necrozma\n|-damage|p1a: Necrozma|0 fnt\n|faint|p1a: Necrozma\n|\n|-heal|p2a: Ho-Oh|21\/100 par|[from] item: Leftovers\n|upkeep\n|\n|t:|1701036894\n|switch|p1a: Xerneas|Xerneas, shiny|100\/100\n|-ability|p1a: Xerneas|Fairy Aura\n|turn|28\n|\n|t:|1701036902\n|move|p1a: Xerneas|Geomancy||[still]\n|-prepare|p1a: Xerneas|Geomancy\n|-enditem|p1a: Xerneas|Power Herb\n|-anim|p1a: Xerneas|Geomancy|p1a: Xerneas\n|-boost|p1a: Xerneas|spa|2\n|-boost|p1a: Xerneas|spd|2\n|-boost|p1a: Xerneas|spe|2\n|move|p2a: Ho-Oh|Toxic|p1a: Xerneas|[miss]\n|-miss|p2a: Ho-Oh|p1a: Xerneas\n|\n|-heal|p2a: Ho-Oh|28\/100 par|[from] item: Leftovers\n|upkeep\n|turn|29\n|\n|t:|1701036921\n|switch|p2a: Grimmsnarl|Grimmsnarl, M|100\/100 par\n|move|p1a: Xerneas|Moonblast|p2a: Grimmsnarl\n|-supereffective|p2a: Grimmsnarl\n|-damage|p2a: Grimmsnarl|0 fnt\n|faint|p2a: Grimmsnarl\n|\n|upkeep\n|\n|t:|1701036925\n|switch|p2a: Marshadow|Marshadow|58\/100 par\n|turn|30\n|\n|t:|1701036933\n|move|p1a: Xerneas|Moonblast|p2a: Marshadow\n|-supereffective|p2a: Marshadow\n|-damage|p2a: Marshadow|0 fnt\n|faint|p2a: Marshadow\n|\n|upkeep\n|\n|t:|1701036937\n|switch|p2a: Darmanitan|Darmanitan-Galar, M|100\/100\n|turn|31\n|\n|t:|1701036942\n|move|p2a: Darmanitan|Icicle Crash|p1a: Xerneas\n|-damage|p1a: Xerneas|56\/100\n|move|p1a: Xerneas|Moonblast|p2a: Darmanitan\n|-damage|p2a: Darmanitan|0 fnt\n|faint|p2a: Darmanitan\n|\n|upkeep\n|\n|t:|1701036949\n|switch|p2a: Walking Wake|Walking Wake|46\/100\n|turn|32\n|\n|t:|1701036955\n|-end|p2a: Walking Wake|Protosynthesis|[silent]\n|switch|p2a: Mewtwo|Mewtwo|100\/100\n|-ability|p2a: Mewtwo|Unnerve\n|move|p1a: Xerneas|Moonblast|p2a: Mewtwo\n|-crit|p2a: Mewtwo\n|-damage|p2a: Mewtwo|0 fnt\n|faint|p2a: Mewtwo\n|\n|upkeep\n|\n|t:|1701036958\n|switch|p2a: Ho-Oh|Ho-Oh|61\/100 par\n|turn|33\n|\n|t:|1701036967\n|move|p1a: Xerneas|Moonblast|p2a: Ho-Oh\n|-resisted|p2a: Ho-Oh\n|-damage|p2a: Ho-Oh|25\/100 par\n|cant|p2a: Ho-Oh|par\n|\n|-heal|p2a: Ho-Oh|32\/100 par|[from] item: Leftovers\n|upkeep\n|turn|34\n|\n|t:|1701036976\n|move|p1a: Xerneas|Moonblast|p2a: Ho-Oh\n|-resisted|p2a: Ho-Oh\n|-damage|p2a: Ho-Oh|0 fnt\n|faint|p2a: Ho-Oh\n|\n|upkeep\n|-message|AJEZ forfeited.\n|\n|win|vgffhhh\n|raw|vgffhhh's rating: 1040 &rarr; <strong>1072<\/strong><br \/>(+32 for winning)\n|raw|AJEZ's rating: 1020 &rarr; <strong>1008<\/strong><br \/>(-12 for losing)\n|l|\u2606AJEZ\n","uploadtime":1701037005,"views":4,"p1id":"vgffhhh","p2id":"ajez","formatid":"gen9nationaldexubers","rating":1008,"private":0,"password":""}