{"id":"gen9nationaldexubers-1978359061","p1":"yiyi yizi","p2":"Ban Miraidon","format":"[Gen 9] National Dex Ubers","log":"|j|\u2606yiyi yizi\n|j|\u2606Ban Miraidon\n|t:|1698529141\n|gametype|singles\n|player|p1|yiyi yizi|hilbert|1363\n|player|p2|Ban Miraidon|arven-v|1386\n|teamsize|p1|6\n|teamsize|p2|6\n|gen|9\n|tier|[Gen 9] National Dex Ubers\n|rated|\n|rule|HP Percentage Mod: HP is shown in percentages\n|rule|Endless Battle Clause: Forcing endless battles is banned\n|rule|OHKO Clause: OHKO moves are banned\n|rule|Evasion Moves Clause: Evasion moves are banned\n|rule|Evasion Items Clause: Evasion items are banned\n|rule|Species Clause: Limit one of each Pok\u00e9mon\n|rule|Sleep Clause Mod: Limit one foe put to sleep\n|rule|Mega Rayquaza Clause: You cannot mega evolve Rayquaza\n|clearpoke\n|poke|p1|Corsola-Galar, M|\n|poke|p1|Gliscor, F|\n|poke|p1|Togedemaru, L1, M|\n|poke|p1|Gigalith, M|\n|poke|p1|Dusclops, F|\n|poke|p1|Yveltal|\n|poke|p2|Xerneas-*|\n|poke|p2|Groudon|\n|poke|p2|Arceus-Ground|\n|poke|p2|Mewtwo|\n|poke|p2|Smeargle, M|\n|poke|p2|Marshadow|\n|teampreview\n|inactive|Battle timer is ON: inactive players will automatically lose when time's up. (requested by Ban Miraidon)\n|inactive|yiyi yizi also wants the timer to be on.\n|\n|t:|1698529150\n|start\n|switch|p1a: Gliscor|Gliscor, F, shiny|100\/100\n|switch|p2a: Smeargle|Smeargle, M, shiny|100\/100\n|turn|1\n|\n|t:|1698529155\n|move|p1a: Gliscor|Substitute|p1a: Gliscor\n|-start|p1a: Gliscor|Substitute\n|-damage|p1a: Gliscor|76\/100\n|move|p2a: Smeargle|Stealth Rock|p1a: Gliscor\n|-sidestart|p1: yiyi yizi|move: Stealth Rock\n|\n|-status|p1a: Gliscor|tox|[from] item: Toxic Orb\n|-ability|p2a: Smeargle|Moody|boost\n|-boost|p2a: Smeargle|atk|2\n|-unboost|p2a: Smeargle|def|1\n|upkeep\n|turn|2\n|\n|t:|1698529157\n|move|p1a: Gliscor|Toxic|p2a: Smeargle\n|-status|p2a: Smeargle|tox\n|move|p2a: Smeargle|Rapid Spin|p1a: Gliscor\n|-activate|p1a: Gliscor|move: Substitute|[damage]\n|-boost|p2a: Smeargle|spe|1\n|\n|-damage|p2a: Smeargle|94\/100 tox|[from] psn\n|-heal|p1a: Gliscor|88\/100 tox|[from] ability: Poison Heal\n|-ability|p2a: Smeargle|Moody|boost\n|-boost|p2a: Smeargle|atk|2\n|-unboost|p2a: Smeargle|def|1\n|upkeep\n|turn|3\n|\n|t:|1698529160\n|move|p2a: Smeargle|Sticky Web|p1a: Gliscor\n|-sidestart|p1: yiyi yizi|move: Sticky Web\n|move|p1a: Gliscor|Earthquake|p2a: Smeargle\n|-damage|p2a: Smeargle|0 fnt\n|faint|p2a: Smeargle\n|\n|-heal|p1a: Gliscor|100\/100 tox|[from] ability: Poison Heal\n|upkeep\n|\n|t:|1698529165\n|switch|p2a: Marshadow|Marshadow|100\/100\n|turn|4\n|\n|t:|1698529167\n|move|p2a: Marshadow|Spectral Thief|p1a: Gliscor\n|-damage|p1a: Gliscor|54\/100 tox\n|-damage|p2a: Marshadow|91\/100|[from] item: Life Orb\n|move|p1a: Gliscor|Toxic|p2a: Marshadow\n|-status|p2a: Marshadow|tox\n|\n|-damage|p2a: Marshadow|84\/100 tox|[from] psn\n|-heal|p1a: Gliscor|67\/100 tox|[from] ability: Poison Heal\n|upkeep\n|turn|5\n|\n|t:|1698529169\n|move|p1a: Gliscor|Protect|p1a: Gliscor\n|-singleturn|p1a: Gliscor|Protect\n|move|p2a: Marshadow|Ice Punch|p1a: Gliscor\n|-activate|p1a: Gliscor|move: Protect\n|\n|-damage|p2a: Marshadow|72\/100 tox|[from] psn\n|-heal|p1a: Gliscor|79\/100 tox|[from] ability: Poison Heal\n|upkeep\n|turn|6\n|\n|t:|1698529170\n|move|p2a: Marshadow|Ice Punch|p1a: Gliscor\n|-supereffective|p1a: Gliscor\n|-end|p1a: Gliscor|Substitute\n|-damage|p2a: Marshadow|62\/100 tox|[from] item: Life Orb\n|move|p1a: Gliscor|Earthquake|p2a: Marshadow\n|-damage|p2a: Marshadow|18\/100 tox\n|\n|-damage|p2a: Marshadow|0 fnt|[from] psn\n|faint|p2a: Marshadow\n|-heal|p1a: Gliscor|92\/100 tox|[from] ability: Poison Heal\n|upkeep\n|\n|t:|1698529177\n|switch|p2a: Mewtwo|Mewtwo, shiny|100\/100\n|-ability|p2a: Mewtwo|Pressure\n|turn|7\n|j| Lord Rekkuza\n|\n|t:|1698529180\n|detailschange|p2a: Mewtwo|Mewtwo-Mega-Y, shiny\n|-mega|p2a: Mewtwo|Mewtwo|Mewtwonite Y\n|move|p2a: Mewtwo|Ice Beam|p1a: Gliscor\n|-supereffective|p1a: Gliscor\n|-damage|p1a: Gliscor|0 fnt\n|faint|p1a: Gliscor\n|\n|upkeep\n|\n|t:|1698529193\n|switch|p1a: Yveltal|Yveltal, shiny|100\/100\n|-damage|p1a: Yveltal|76\/100|[from] Stealth Rock\n|-ability|p1a: Yveltal|Dark Aura\n|turn|8\n|l| Lord Rekkuza\n|\n|t:|1698529195\n|switch|p2a: Xerneas|Xerneas, shiny|100\/100\n|-ability|p2a: Xerneas|Fairy Aura\n|move|p1a: Yveltal|Dark Pulse|p2a: Xerneas\n|-resisted|p2a: Xerneas\n|-damage|p2a: Xerneas|72\/100\n|\n|upkeep\n|turn|9\n|\n|t:|1698529201\n|switch|p1a: Gigalith|Gigalith, M|100\/100\n|-damage|p1a: Gigalith|88\/100|[from] Stealth Rock\n|-activate|p1a: Gigalith|move: Sticky Web\n|-unboost|p1a: Gigalith|spe|1\n|-weather|Sandstorm|[from] ability: Sand Stream|[of] p1a: Gigalith\n|move|p2a: Xerneas|Geomancy||[still]\n|-prepare|p2a: Xerneas|Geomancy\n|-enditem|p2a: Xerneas|Power Herb\n|-anim|p2a: Xerneas|Geomancy|p2a: Xerneas\n|-boost|p2a: Xerneas|spa|2\n|-boost|p2a: Xerneas|spd|2\n|-boost|p2a: Xerneas|spe|2\n|\n|-weather|Sandstorm|[upkeep]\n|-damage|p2a: Xerneas|66\/100|[from] Sandstorm\n|upkeep\n|turn|10\n|\n|t:|1698529204\n|move|p2a: Xerneas|Moonblast|p1a: Gigalith\n|-damage|p1a: Gigalith|0 fnt\n|faint|p1a: Gigalith\n|\n|-weather|Sandstorm|[upkeep]\n|-damage|p2a: Xerneas|60\/100|[from] Sandstorm\n|upkeep\n|\n|t:|1698529206\n|switch|p1a: oneshotn't|Togedemaru, L1, M|100\/100\n|-damage|p1a: oneshotn't|92\/100|[from] Stealth Rock\n|-activate|p1a: oneshotn't|move: Sticky Web\n|-unboost|p1a: oneshotn't|spe|1\n|turn|11\n|\n|t:|1698529210\n|move|p1a: oneshotn't|Fake Out|p2a: Xerneas\n|-damage|p2a: Xerneas|60\/100\n|-heal|p1a: oneshotn't|100\/100|[from] item: Shell Bell|[of] p2a: Xerneas\n|cant|p2a: Xerneas|flinch\n|\n|-weather|Sandstorm|[upkeep]\n|-damage|p2a: Xerneas|53\/100|[from] Sandstorm\n|upkeep\n|turn|12\n|\n|t:|1698529211\n|move|p2a: Xerneas|Moonblast|p1a: oneshotn't\n|-resisted|p1a: oneshotn't\n|-ability|p1a: oneshotn't|Sturdy\n|-damage|p1a: oneshotn't|9\/100\n|move|p1a: oneshotn't|Endeavor|p2a: Xerneas\n|-damage|p2a: Xerneas|1\/100\n|-heal|p1a: oneshotn't|100\/100|[from] item: Shell Bell|[of] p2a: Xerneas\n|\n|-weather|Sandstorm|[upkeep]\n|-damage|p2a: Xerneas|0 fnt|[from] Sandstorm\n|faint|p2a: Xerneas\n|upkeep\n|-message|Ban Miraidon forfeited.\n|\n|win|yiyi yizi\n|raw|yiyi yizi's rating: 1363 &rarr; <strong>1384<\/strong><br \/>(+21 for winning)\n|raw|Ban Miraidon's rating: 1386 &rarr; <strong>1365<\/strong><br \/>(-21 for losing)\n|l|\u2606Ban Miraidon\n","uploadtime":1698529229,"views":8,"p1id":"yiyiyizi","p2id":"banmiraidon","formatid":"gen9nationaldexubers","rating":1365,"private":0,"password":""}