{"id":"gen9nationaldexubers-1977791639","p1":"Bakitaladelbarrio","p2":"juegosXd","format":"[Gen 9] National Dex Ubers","log":"|j|\u2606Bakitaladelbarrio\n|j|\u2606juegosXd\n|t:|1698450095\n|gametype|singles\n|player|p1|Bakitaladelbarrio|blue|1137\n|player|p2|juegosXd|hilbert-wonderlauncher|1081\n|teamsize|p1|6\n|teamsize|p2|6\n|gen|9\n|tier|[Gen 9] National Dex Ubers\n|rated|\n|rule|HP Percentage Mod: HP is shown in percentages\n|rule|Endless Battle Clause: Forcing endless battles is banned\n|rule|OHKO Clause: OHKO moves are banned\n|rule|Evasion Moves Clause: Evasion moves are banned\n|rule|Evasion Items Clause: Evasion items are banned\n|rule|Species Clause: Limit one of each Pok\u00e9mon\n|rule|Sleep Clause Mod: Limit one foe put to sleep\n|rule|Mega Rayquaza Clause: You cannot mega evolve Rayquaza\n|clearpoke\n|poke|p1|Hatterene, F|\n|poke|p1|Melmetal|\n|poke|p1|Necrozma-Dawn-Wings|\n|poke|p1|Iron Hands|\n|poke|p1|Magearna|\n|poke|p1|Calyrex-Ice|\n|poke|p2|Poliwrath, F|\n|poke|p2|Gallade, M|\n|poke|p2|Pawmot, F|\n|poke|p2|Urshifu-*, M|\n|poke|p2|Great Tusk|\n|poke|p2|Flamigo, M|\n|teampreview\n|inactive|Battle timer is ON: inactive players will automatically lose when time's up. (requested by Bakitaladelbarrio)\n|\n|t:|1698450099\n|start\n|switch|p1a: Hatterene|Hatterene, F|100\/100\n|switch|p2a: Poliwrath|Poliwrath, F|100\/100\n|turn|1\n|\n|t:|1698450108\n|move|p2a: Poliwrath|Ice Punch|p1a: Hatterene\n|-damage|p1a: Hatterene|79\/100\n|move|p1a: Hatterene|Trick Room|p1a: Hatterene\n|-fieldstart|move: Trick Room|[of] p1a: Hatterene\n|\n|upkeep\n|turn|2\n|\n|t:|1698450126\n|move|p1a: Hatterene|Dazzling Gleam|p2a: Poliwrath\n|-supereffective|p2a: Poliwrath\n|-crit|p2a: Poliwrath\n|-damage|p2a: Poliwrath|22\/100\n|move|p2a: Poliwrath|Earthquake|p1a: Hatterene\n|-damage|p1a: Hatterene|54\/100\n|\n|upkeep\n|turn|3\n|\n|t:|1698450135\n|move|p1a: Hatterene|Dazzling Gleam|p2a: Poliwrath\n|-supereffective|p2a: Poliwrath\n|-damage|p2a: Poliwrath|0 fnt\n|faint|p2a: Poliwrath\n|\n|upkeep\n|\n|t:|1698450152\n|switch|p2a: Flamigo|Flamigo, M|100\/100\n|turn|4\n|\n|t:|1698450157\n|move|p1a: Hatterene|Dazzling Gleam|p2a: Flamigo\n|-supereffective|p2a: Flamigo\n|-damage|p2a: Flamigo|0 fnt\n|faint|p2a: Flamigo\n|\n|upkeep\n|\n|t:|1698450164\n|switch|p2a: Urshifu|Urshifu, M|100\/100\n|turn|5\n|\n|t:|1698450170\n|move|p1a: Hatterene|Dazzling Gleam|p2a: Urshifu\n|-supereffective|p2a: Urshifu\n|-damage|p2a: Urshifu|0 fnt\n|faint|p2a: Urshifu\n|\n|-fieldend|move: Trick Room\n|upkeep\n|\n|t:|1698450177\n|switch|p2a: Gallade|Gallade, M|100\/100\n|turn|6\n|\n|t:|1698450194\n|move|p2a: Gallade|Stone Edge|p1a: Hatterene\n|-damage|p1a: Hatterene|18\/100\n|move|p1a: Hatterene|Trick Room|p1a: Hatterene\n|-fieldstart|move: Trick Room|[of] p1a: Hatterene\n|\n|upkeep\n|turn|7\n|\n|t:|1698450201\n|detailschange|p2a: Gallade|Gallade-Mega, M\n|-mega|p2a: Gallade|Gallade|Galladite\n|move|p1a: Hatterene|Dazzling Gleam|p2a: Gallade\n|-supereffective|p2a: Gallade\n|-damage|p2a: Gallade|21\/100\n|move|p2a: Gallade|Stone Edge|p1a: Hatterene\n|-damage|p1a: Hatterene|0 fnt\n|faint|p1a: Hatterene\n|\n|upkeep\n|\n|t:|1698450216\n|switch|p1a: Calyrex|Calyrex-Ice|100\/100\n|-ability|p1a: Calyrex|As One\n|-ability|p1a: Calyrex|Unnerve\n|turn|8\n|\n|t:|1698450230\n|move|p1a: Calyrex|Glacial Lance|p2a: Gallade\n|-damage|p2a: Gallade|0 fnt\n|faint|p2a: Gallade\n|-ability|p1a: Calyrex|Chilling Neigh|boost\n|-boost|p1a: Calyrex|atk|1\n|\n|upkeep\n|\n|t:|1698450245\n|switch|p2a: Great Tusk|Great Tusk|100\/100\n|turn|9\n|\n|t:|1698450249\n|move|p1a: Calyrex|Glacial Lance|p2a: Great Tusk\n|-supereffective|p2a: Great Tusk\n|-damage|p2a: Great Tusk|0 fnt\n|faint|p2a: Great Tusk\n|-end|p2a: Great Tusk|Protosynthesis|[silent]\n|-ability|p1a: Calyrex|Chilling Neigh|boost\n|-boost|p1a: Calyrex|atk|1\n|\n|upkeep\n|inactive|juegosXd has 120 seconds left.\n|\n|t:|1698450277\n|switch|p2a: Pawmot|Pawmot, F|100\/100\n|turn|10\n|inactive|juegosXd has 120 seconds left.\n|\n|t:|1698450288\n|move|p1a: Calyrex|Glacial Lance|p2a: Pawmot\n|-damage|p2a: Pawmot|0 fnt\n|faint|p2a: Pawmot\n|\n|win|Bakitaladelbarrio\n|raw|Bakitaladelbarrio's rating: 1137 &rarr; <strong>1158<\/strong><br \/>(+21 for winning)\n|raw|juegosXd's rating: 1081 &rarr; <strong>1062<\/strong><br \/>(-19 for losing)\n","uploadtime":1698450295,"views":6,"p1id":"bakitaladelbarrio","p2id":"juegosxd","formatid":"gen9nationaldexubers","rating":1062,"private":0,"password":""}