{"id":"gen9nationaldexubers-1996923022","p1":"Theruffletkid","p2":"someone94828","format":"[Gen 9] National Dex Ubers","log":"|j|\u2606Theruffletkid\n|j|\u2606someone94828\n|t:|1700745311\n|gametype|singles\n|player|p1|Theruffletkid|wattson|\n|player|p2|someone94828|pokemaniac|\n|teamsize|p1|6\n|teamsize|p2|6\n|gen|9\n|tier|[Gen 9] National Dex Ubers\n|rule|HP Percentage Mod: HP is shown in percentages\n|rule|Endless Battle Clause: Forcing endless battles is banned\n|rule|OHKO Clause: OHKO moves are banned\n|rule|Evasion Moves Clause: Evasion moves are banned\n|rule|Evasion Items Clause: Evasion items are banned\n|rule|Species Clause: Limit one of each Pok\u00e9mon\n|rule|Sleep Clause Mod: Limit one foe put to sleep\n|rule|Mega Rayquaza Clause: You cannot mega evolve Rayquaza\n|clearpoke\n|poke|p1|Toxapex, M|\n|poke|p1|Arceus-Water|\n|poke|p1|Gothitelle, M|\n|poke|p1|Mewtwo|\n|poke|p1|Dialga|\n|poke|p1|Giratina|\n|poke|p2|Deoxys|\n|poke|p2|Naganadel|\n|poke|p2|Chien-Pao|\n|poke|p2|Blastoise, F|\n|poke|p2|Zekrom|\n|poke|p2|Flutter Mane|\n|teampreview\n|inactive|Battle timer is ON: inactive players will automatically lose when time's up. (requested by someone94828)\n|\n|t:|1700745332\n|start\n|switch|p1a: Dialga|Dialga|100\/100\n|switch|p2a: Deoxys|Deoxys|100\/100\n|-ability|p1a: Dialga|Pressure\n|-ability|p2a: Deoxys|Pressure\n|turn|1\n|\n|t:|1700745339\n|move|p1a: Dialga|Dragon Pulse|p2a: Deoxys\n|-enditem|p2a: Deoxys|Focus Sash\n|-damage|p2a: Deoxys|1\/100\n|move|p2a: Deoxys|Taunt|p1a: Dialga\n|-start|p1a: Dialga|move: Taunt\n|\n|upkeep\n|turn|2\n|\n|t:|1700745347\n|switch|p2a: Flutter Mane|Flutter Mane|100\/100\n|-enditem|p2a: Flutter Mane|Booster Energy\n|-activate|p2a: Flutter Mane|ability: Protosynthesis|[fromitem]\n|-start|p2a: Flutter Mane|protosynthesisspe\n|move|p1a: Dialga|Dragon Pulse|p2a: Flutter Mane\n|-immune|p2a: Flutter Mane\n|\n|upkeep\n|turn|3\n|\n|t:|1700745355\n|switch|p1a: Arceus|Arceus-Water|100\/100\n|move|p2a: Flutter Mane|Calm Mind|p2a: Flutter Mane\n|-boost|p2a: Flutter Mane|spa|1\n|-boost|p2a: Flutter Mane|spd|1\n|\n|upkeep\n|turn|4\n|\n|t:|1700745360\n|move|p2a: Flutter Mane|Moonblast|p1a: Arceus\n|-damage|p1a: Arceus|48\/100\n|-unboost|p1a: Arceus|spa|1\n|move|p1a: Arceus|Toxic|p2a: Flutter Mane\n|-status|p2a: Flutter Mane|tox\n|\n|-damage|p2a: Flutter Mane|95\/100 tox|[from] psn\n|upkeep\n|turn|5\n|\n|t:|1700745368\n|switch|p1a: Toxapex|Toxapex, M|100\/100\n|move|p2a: Flutter Mane|Moonblast|p1a: Toxapex\n|-resisted|p1a: Toxapex\n|-damage|p1a: Toxapex|69\/100\n|\n|-damage|p2a: Flutter Mane|83\/100 tox|[from] psn\n|upkeep\n|turn|6\n|\n|t:|1700745374\n|move|p2a: Flutter Mane|Shadow Ball|p1a: Toxapex\n|-damage|p1a: Toxapex|20\/100\n|move|p1a: Toxapex|Haze|p1a: Toxapex\n|-clearallboost\n|\n|-damage|p2a: Flutter Mane|65\/100 tox|[from] psn\n|upkeep\n|turn|7\n|\n|t:|1700745384\n|switch|p1a: Dialga|Dialga|100\/100\n|-ability|p1a: Dialga|Pressure\n|move|p2a: Flutter Mane|Shadow Ball|p1a: Dialga\n|-damage|p1a: Dialga|58\/100\n|\n|-damage|p2a: Flutter Mane|41\/100 tox|[from] psn\n|upkeep\n|turn|8\n|\n|t:|1700745392\n|-end|p2a: Flutter Mane|Protosynthesis|[silent]\n|switch|p2a: Zekrom|Zekrom|100\/100\n|-ability|p2a: Zekrom|Teravolt\n|move|p1a: Dialga|Fire Blast|p2a: Zekrom\n|-resisted|p2a: Zekrom\n|-damage|p2a: Zekrom|80\/100\n|\n|upkeep\n|turn|9\n|\n|t:|1700745405\n|switch|p1a: Gothitelle|Gothitelle, M|100\/100\n|move|p2a: Zekrom|Dragon Dance|p2a: Zekrom\n|-boost|p2a: Zekrom|atk|1\n|-boost|p2a: Zekrom|spe|1\n|\n|upkeep\n|turn|10\n|\n|t:|1700745412\n|-terastallize|p1a: Gothitelle|Fairy\n|move|p2a: Zekrom|Bolt Strike|p1a: Gothitelle\n|-damage|p1a: Gothitelle|0 fnt\n|faint|p1a: Gothitelle\n|\n|upkeep\n|\n|t:|1700745423\n|switch|p1a: Dialga|Dialga|58\/100\n|-ability|p1a: Dialga|Pressure\n|turn|11\n|\n|t:|1700745432\n|-terastallize|p2a: Zekrom|Flying\n|move|p1a: Dialga|Dragon Pulse|p2a: Zekrom\n|-damage|p2a: Zekrom|29\/100\n|move|p2a: Zekrom|Dragon Dance|p2a: Zekrom\n|-boost|p2a: Zekrom|atk|1\n|-boost|p2a: Zekrom|spe|1\n|\n|upkeep\n|turn|12\n|\n|t:|1700745439\n|move|p2a: Zekrom|Outrage|p1a: Dialga\n|-damage|p1a: Dialga|0 fnt\n|faint|p1a: Dialga\n|\n|upkeep\n|\n|t:|1700745443\n|switch|p1a: Toxapex|Toxapex, M|54\/100\n|turn|13\n|\n|t:|1700745445\n|switch|p1a: Arceus|Arceus-Water|48\/100\n|move|p2a: Zekrom|Outrage|p1a: Arceus|[from]lockedmove\n|-damage|p1a: Arceus|0 fnt\n|faint|p1a: Arceus\n|\n|upkeep\n|\n|t:|1700745452\n|switch|p1a: Toxapex|Toxapex, M|87\/100\n|turn|14\n|\n|t:|1700745457\n|switch|p1a: Giratina|Giratina|100\/100\n|-ability|p1a: Giratina|Pressure\n|move|p2a: Zekrom|Outrage|p1a: Giratina|[from]lockedmove\n|-supereffective|p1a: Giratina\n|-damage|p1a: Giratina|0 fnt\n|faint|p1a: Giratina\n|-start|p2a: Zekrom|confusion|[fatigue]\n|-enditem|p2a: Zekrom|Lum Berry|[eat]\n|-end|p2a: Zekrom|confusion\n|\n|upkeep\n|\n|t:|1700745460\n|switch|p1a: Toxapex|Toxapex, M|100\/100\n|turn|15\n|\n|t:|1700745469\n|move|p2a: Zekrom|Bolt Strike|p1a: Toxapex\n|-supereffective|p1a: Toxapex\n|-damage|p1a: Toxapex|0 fnt\n|faint|p1a: Toxapex\n|\n|upkeep\n|\n|t:|1700745472\n|switch|p1a: Mewtwo|Mewtwo|100\/100\n|-ability|p1a: Mewtwo|Pressure\n|turn|16\n|\n|t:|1700745475\n|detailschange|p1a: Mewtwo|Mewtwo-Mega-X\n|-mega|p1a: Mewtwo|Mewtwo|Mewtwonite X\n|move|p2a: Zekrom|Outrage|p1a: Mewtwo\n|-damage|p1a: Mewtwo|0 fnt\n|faint|p1a: Mewtwo\n|\n|win|someone94828\n|c|\u2606someone94828|gg\n|l|\u2606Theruffletkid\n","uploadtime":1700745481,"views":15,"p1id":"theruffletkid","p2id":"someone94828","formatid":"gen9nationaldexubers","rating":0,"private":0,"password":""}