{"id":"gen9nationaldexubers-1994192346","p1":"Rayquaza is cringe","p2":"Creepervzzombie","format":"[Gen 9] National Dex Ubers","log":"|j|\u2606Rayquaza is cringe\n|j|\u2606Creepervzzombie\n|t:|1700417322\n|gametype|singles\n|player|p1|Rayquaza is cringe|crasherwake|1171\n|player|p2|Creepervzzombie|dawn|1303\n|teamsize|p1|6\n|teamsize|p2|6\n|gen|9\n|tier|[Gen 9] National Dex Ubers\n|rated|\n|rule|HP Percentage Mod: HP is shown in percentages\n|rule|Endless Battle Clause: Forcing endless battles is banned\n|rule|OHKO Clause: OHKO moves are banned\n|rule|Evasion Moves Clause: Evasion moves are banned\n|rule|Evasion Items Clause: Evasion items are banned\n|rule|Species Clause: Limit one of each Pok\u00e9mon\n|rule|Sleep Clause Mod: Limit one foe put to sleep\n|rule|Mega Rayquaza Clause: You cannot mega evolve Rayquaza\n|clearpoke\n|poke|p1|Nidoking, M|\n|poke|p1|Incineroar, M|\n|poke|p1|Golisopod, M|\n|poke|p1|Heracross, M|\n|poke|p1|Slowking, F|\n|poke|p1|Genesect-Douse|\n|poke|p2|Blastoise, M|\n|poke|p2|Slowking-Galar, F|\n|poke|p2|Mandibuzz, F|\n|poke|p2|Torterra, F|\n|poke|p2|Groudon|\n|poke|p2|Roaring Moon|\n|teampreview\n|inactive|Battle timer is ON: inactive players will automatically lose when time's up. (requested by Rayquaza is cringe)\n|inactive|Creepervzzombie also wants the timer to be on.\n|c|\u2606Creepervzzombie|Glhf\n|\n|t:|1700417333\n|start\n|switch|p1a: Genesect|Genesect-Douse|100\/100\n|switch|p2a: Roaring Moon|Roaring Moon|100\/100\n|-ability|p1a: Genesect|Download|boost\n|-boost|p1a: Genesect|atk|1\n|-enditem|p2a: Roaring Moon|Booster Energy\n|-activate|p2a: Roaring Moon|ability: Protosynthesis|[fromitem]\n|-start|p2a: Roaring Moon|protosynthesisatk\n|turn|1\n|\n|t:|1700417338\n|move|p2a: Roaring Moon|Dragon Dance|p2a: Roaring Moon\n|-boost|p2a: Roaring Moon|atk|1\n|-boost|p2a: Roaring Moon|spe|1\n|move|p1a: Genesect|Bug Buzz|p2a: Roaring Moon\n|-supereffective|p2a: Roaring Moon\n|-damage|p2a: Roaring Moon|10\/100\n|\n|upkeep\n|turn|2\n|\n|t:|1700417350\n|move|p2a: Roaring Moon|Knock Off|p1a: Genesect\n|-damage|p1a: Genesect|15\/100\n|move|p1a: Genesect|Bug Buzz|p2a: Roaring Moon\n|-supereffective|p2a: Roaring Moon\n|-damage|p2a: Roaring Moon|0 fnt\n|faint|p2a: Roaring Moon\n|-end|p2a: Roaring Moon|Protosynthesis|[silent]\n|\n|upkeep\n|\n|t:|1700417361\n|switch|p2a: Torterra|Torterra, F|100\/100\n|turn|3\n|\n|t:|1700417366\n|-terastallize|p2a: Torterra|Rock\n|move|p1a: Genesect|Bug Buzz|p2a: Torterra\n|-damage|p2a: Torterra|44\/100\n|move|p2a: Torterra|Shell Smash|p2a: Torterra\n|-unboost|p2a: Torterra|def|1\n|-unboost|p2a: Torterra|spd|1\n|-boost|p2a: Torterra|atk|2\n|-boost|p2a: Torterra|spa|2\n|-boost|p2a: Torterra|spe|2\n|\n|upkeep\n|turn|4\n|\n|t:|1700417377\n|move|p2a: Torterra|Headlong Rush|p1a: Genesect\n|-damage|p1a: Genesect|0 fnt\n|-unboost|p2a: Torterra|def|1\n|-unboost|p2a: Torterra|spd|1\n|faint|p1a: Genesect\n|\n|upkeep\n|\n|t:|1700417380\n|switch|p1a: Golisopod|Golisopod, M|100\/100\n|turn|5\n|\n|t:|1700417388\n|switch|p2a: Mandibuzz|Mandibuzz, F|100\/100\n|move|p1a: Golisopod|First Impression|p2a: Mandibuzz\n|-damage|p2a: Mandibuzz|71\/100\n|-damage|p1a: Golisopod|84\/100|[from] item: Rocky Helmet|[of] p2a: Mandibuzz\n|\n|upkeep\n|turn|6\n|\n|t:|1700417399\n|switch|p1a: Nidoking|Nidoking, M|100\/100\n|move|p2a: Mandibuzz|Toxic|p1a: Nidoking|[miss]\n|-miss|p2a: Mandibuzz|p1a: Nidoking\n|\n|upkeep\n|turn|7\n|\n|t:|1700417408\n|switch|p2a: Slowking|Slowking-Galar, F|100\/100\n|move|p1a: Nidoking|Ice Beam|p2a: Slowking\n|-damage|p2a: Slowking|78\/100\n|\n|-heal|p2a: Slowking|84\/100|[from] item: Black Sludge\n|upkeep\n|turn|8\n|\n|t:|1700417420\n|switch|p2a: Groudon|Groudon|100\/100\n|detailschange|p2a: Groudon|Groudon-Primal\n|-primal|p2a: Groudon|Red Orb\n|-weather|DesolateLand|[from] ability: Desolate Land|[of] p2a: Groudon\n|move|p1a: Nidoking|Earth Power|p2a: Groudon\n|-supereffective|p2a: Groudon\n|-crit|p2a: Groudon\n|-damage|p2a: Groudon|0 fnt\n|faint|p2a: Groudon\n|-weather|none\n|\n|upkeep\n|c|\u2606Rayquaza is cringe|Idiot\n|\n|t:|1700417431\n|switch|p2a: Blastoise|Blastoise, M|100\/100\n|turn|9\n|\n|t:|1700417439\n|detailschange|p2a: Blastoise|Blastoise-Mega, M\n|-mega|p2a: Blastoise|Blastoise|Blastoisinite\n|move|p1a: Nidoking|Sludge Wave|p2a: Blastoise\n|-damage|p2a: Blastoise|34\/100\n|move|p2a: Blastoise|Shell Smash|p2a: Blastoise\n|-unboost|p2a: Blastoise|def|1\n|-unboost|p2a: Blastoise|spd|1\n|-boost|p2a: Blastoise|atk|2\n|-boost|p2a: Blastoise|spa|2\n|-boost|p2a: Blastoise|spe|2\n|\n|upkeep\n|turn|10\n|\n|t:|1700417448\n|move|p2a: Blastoise|Hydro Pump|p1a: Nidoking\n|-supereffective|p1a: Nidoking\n|-damage|p1a: Nidoking|0 fnt\n|faint|p1a: Nidoking\n|\n|upkeep\n|\n|t:|1700417453\n|switch|p1a: Heracross|Heracross, M|100\/100\n|turn|11\n|c|\u2606Rayquaza is cringe|Stupid Misclick\n|\n|t:|1700417463\n|switch|p1a: Slowking|Slowking, F|100\/100\n|move|p2a: Blastoise|Hydro Pump|p1a: Slowking\n|-resisted|p1a: Slowking\n|-damage|p1a: Slowking|47\/100\n|\n|-heal|p1a: Slowking|53\/100|[from] item: Leftovers\n|upkeep\n|turn|12\n|\n|t:|1700417469\n|move|p1a: Slowking|Protect|p1a: Slowking\n|-singleturn|p1a: Slowking|Protect\n|move|p2a: Blastoise|Dark Pulse|p1a: Slowking\n|-activate|p1a: Slowking|move: Protect\n|\n|-heal|p1a: Slowking|59\/100|[from] item: Leftovers\n|upkeep\n|turn|13\n|\n|t:|1700417483\n|-terastallize|p1a: Slowking|Dragon\n|move|p2a: Blastoise|Dark Pulse|p1a: Slowking\n|-damage|p1a: Slowking|0 fnt\n|faint|p1a: Slowking\n|\n|upkeep\n|\n|t:|1700417487\n|switch|p1a: Golisopod|Golisopod, M|84\/100\n|turn|14\n|\n|t:|1700417500\n|switch|p2a: Mandibuzz|Mandibuzz, F|71\/100\n|move|p1a: Golisopod|First Impression|p2a: Mandibuzz\n|-damage|p2a: Mandibuzz|40\/100\n|-damage|p1a: Golisopod|67\/100|[from] item: Rocky Helmet|[of] p2a: Mandibuzz\n|\n|upkeep\n|turn|15\n|\n|t:|1700417511\n|switch|p1a: Incineroar|Incineroar, M|100\/100\n|-ability|p1a: Incineroar|Intimidate|boost\n|-unboost|p2a: Mandibuzz|atk|1\n|move|p2a: Mandibuzz|Roost|p2a: Mandibuzz\n|-heal|p2a: Mandibuzz|90\/100\n|-singleturn|p2a: Mandibuzz|move: Roost\n|\n|upkeep\n|turn|16\n|\n|t:|1700417518\n|move|p2a: Mandibuzz|Toxic|p1a: Incineroar\n|-status|p1a: Incineroar|tox\n|move|p1a: Incineroar|Toxic|p2a: Mandibuzz\n|-status|p2a: Mandibuzz|tox\n|\n|-damage|p2a: Mandibuzz|84\/100 tox|[from] psn\n|-damage|p1a: Incineroar|94\/100 tox|[from] psn\n|upkeep\n|turn|17\n|\n|t:|1700417526\n|move|p2a: Mandibuzz|Foul Play|p1a: Incineroar\n|-resisted|p1a: Incineroar\n|-damage|p1a: Incineroar|78\/100 tox\n|move|p1a: Incineroar|Darkest Lariat|p2a: Mandibuzz\n|-resisted|p2a: Mandibuzz\n|-damage|p2a: Mandibuzz|74\/100 tox\n|-damage|p1a: Incineroar|61\/100 tox|[from] item: Rocky Helmet|[of] p2a: Mandibuzz\n|\n|-damage|p2a: Mandibuzz|62\/100 tox|[from] psn\n|-damage|p1a: Incineroar|49\/100 tox|[from] psn\n|upkeep\n|turn|18\n|\n|t:|1700417538\n|move|p2a: Mandibuzz|Roost|p2a: Mandibuzz\n|-heal|p2a: Mandibuzz|100\/100 tox\n|-singleturn|p2a: Mandibuzz|move: Roost\n|move|p1a: Incineroar|Parting Shot|p2a: Mandibuzz\n|-unboost|p2a: Mandibuzz|atk|1\n|-unboost|p2a: Mandibuzz|spa|1\n|\n|t:|1700417544\n|switch|p1a: Heracross|Heracross, M|100\/100|[from] Parting Shot\n|\n|-damage|p2a: Mandibuzz|82\/100 tox|[from] psn\n|upkeep\n|turn|19\n|\n|t:|1700417552\n|move|p1a: Heracross|Stone Edge|p2a: Mandibuzz\n|-supereffective|p2a: Mandibuzz\n|-damage|p2a: Mandibuzz|41\/100 tox\n|move|p2a: Mandibuzz|Toxic|p1a: Heracross|[miss]\n|-miss|p2a: Mandibuzz|p1a: Heracross\n|\n|-damage|p2a: Mandibuzz|16\/100 tox|[from] psn\n|upkeep\n|turn|20\n|\n|t:|1700417558\n|switch|p2a: Slowking|Slowking-Galar, F|100\/100\n|move|p1a: Heracross|Stone Edge|p2a: Slowking\n|-damage|p2a: Slowking|63\/100\n|\n|-heal|p2a: Slowking|69\/100|[from] item: Black Sludge\n|upkeep\n|turn|21\n|\n|t:|1700417565\n|switch|p1a: Incineroar|Incineroar, M|49\/100 tox\n|-ability|p1a: Incineroar|Intimidate|boost\n|-unboost|p2a: Slowking|atk|1\n|move|p2a: Slowking|Future Sight|p1a: Incineroar\n|-start|p2a: Slowking|move: Future Sight\n|\n|-heal|p2a: Slowking|75\/100|[from] item: Black Sludge\n|-damage|p1a: Incineroar|43\/100 tox|[from] psn\n|upkeep\n|turn|22\n|\n|t:|1700417573\n|switch|p2a: Mandibuzz|Mandibuzz, F|16\/100 tox\n|move|p1a: Incineroar|Darkest Lariat|p2a: Mandibuzz\n|-resisted|p2a: Mandibuzz\n|-damage|p2a: Mandibuzz|5\/100 tox\n|-damage|p1a: Incineroar|26\/100 tox|[from] item: Rocky Helmet|[of] p2a: Mandibuzz\n|\n|-damage|p2a: Mandibuzz|0 fnt|[from] psn\n|faint|p2a: Mandibuzz\n|-damage|p1a: Incineroar|14\/100 tox|[from] psn\n|upkeep\n|\n|t:|1700417600\n|switch|p2a: Blastoise|Blastoise-Mega, M|34\/100\n|turn|23\n|\n|t:|1700417609\n|move|p2a: Blastoise|Hydro Pump|p1a: Incineroar\n|-supereffective|p1a: Incineroar\n|-damage|p1a: Incineroar|0 fnt\n|faint|p1a: Incineroar\n|\n|-hint|Future Sight did not hit because the target is fainted.\n|upkeep\n|\n|t:|1700417612\n|switch|p1a: Golisopod|Golisopod, M|67\/100\n|turn|24\n|\n|t:|1700417624\n|move|p1a: Golisopod|First Impression|p2a: Blastoise\n|-damage|p2a: Blastoise|0 fnt\n|faint|p2a: Blastoise\n|\n|upkeep\n|\n|t:|1700417629\n|switch|p2a: Slowking|Slowking-Galar, F|100\/100\n|turn|25\n|\n|t:|1700417635\n|move|p1a: Golisopod|Leech Life|p2a: Slowking\n|-damage|p2a: Slowking|51\/100\n|-heal|p1a: Golisopod|95\/100|[from] drain|[of] p2a: Slowking\n|move|p2a: Slowking|Future Sight|p1a: Golisopod\n|-start|p2a: Slowking|move: Future Sight\n|\n|-heal|p2a: Slowking|57\/100|[from] item: Black Sludge\n|upkeep\n|turn|26\n|\n|t:|1700417646\n|move|p1a: Golisopod|Leech Life|p2a: Slowking\n|-damage|p2a: Slowking|11\/100\n|-heal|p1a: Golisopod|100\/100|[from] drain|[of] p2a: Slowking\n|move|p2a: Slowking|Chilly Reception|p2a: Slowking\n|-weather|Snow\n|\n|t:|1700417651\n|switch|p2a: Torterra|Torterra, F, tera:Rock|44\/100|[from] Chilly Reception\n|\n|-weather|Snow|[upkeep]\n|upkeep\n|turn|27\n|\n|t:|1700417660\n|move|p1a: Golisopod|Aqua Jet|p2a: Torterra\n|-supereffective|p2a: Torterra\n|-damage|p2a: Torterra|4\/100\n|move|p2a: Torterra|Rock Blast|p1a: Golisopod\n|-supereffective|p1a: Golisopod\n|-damage|p1a: Golisopod|83\/100\n|-supereffective|p1a: Golisopod\n|-damage|p1a: Golisopod|65\/100\n|-supereffective|p1a: Golisopod\n|-crit|p1a: Golisopod\n|-damage|p1a: Golisopod|41\/100\n|-supereffective|p1a: Golisopod\n|-damage|p1a: Golisopod|24\/100\n|-supereffective|p1a: Golisopod\n|-damage|p1a: Golisopod|6\/100\n|-hitcount|p1a: Golisopod|5\n|-activate|p1a: Golisopod|ability: Emergency Exit\n|\n|t:|1700417666\n|switch|p1a: Heracross|Heracross, M|100\/100\n|\n|-weather|Snow|[upkeep]\n|-end|p1a: Heracross|move: Future Sight\n|-supereffective|p1a: Heracross\n|-damage|p1a: Heracross|3\/100\n|upkeep\n|turn|28\n|\n|t:|1700417685\n|move|p1a: Heracross|Throat Chop|p2a: Torterra\n|-damage|p2a: Torterra|0 fnt\n|faint|p2a: Torterra\n|-ability|p1a: Heracross|Moxie|boost\n|-boost|p1a: Heracross|atk|1\n|\n|-weather|Snow|[upkeep]\n|upkeep\n|\n|t:|1700417688\n|switch|p2a: Slowking|Slowking-Galar, F|45\/100\n|turn|29\n|\n|t:|1700417691\n|move|p1a: Heracross|Throat Chop|p2a: Slowking\n|-supereffective|p2a: Slowking\n|-damage|p2a: Slowking|0 fnt\n|faint|p2a: Slowking\n|\n|win|Rayquaza is cringe\n|raw|Rayquaza is cringe's rating: 1171 &rarr; <strong>1205<\/strong><br \/>(+34 for winning)\n|raw|Creepervzzombie's rating: 1303 &rarr; <strong>1276<\/strong><br \/>(-27 for losing)\n|c|\u2606Rayquaza is cringe|Gg lil bro\n|c|\u2606Creepervzzombie|GG WP\n","uploadtime":1700417709,"views":20,"p1id":"rayquazaiscringe","p2id":"creepervzzombie","formatid":"gen9nationaldexubers","rating":1205,"private":0,"password":""}