{"id":"gen9nationaldexubers-1983553149","p1":"aquiles meo","p2":"sqeaky78","format":"[Gen 9] National Dex Ubers","log":"|j|\u2606aquiles meo\n|j|\u2606sqeaky78\n|t:|1699142671\n|gametype|singles\n|player|p1|aquiles meo|2|1108\n|player|p2|sqeaky78|1|1081\n|teamsize|p1|6\n|teamsize|p2|6\n|gen|9\n|tier|[Gen 9] National Dex Ubers\n|rated|\n|rule|HP Percentage Mod: HP is shown in percentages\n|rule|Endless Battle Clause: Forcing endless battles is banned\n|rule|OHKO Clause: OHKO moves are banned\n|rule|Evasion Moves Clause: Evasion moves are banned\n|rule|Evasion Items Clause: Evasion items are banned\n|rule|Species Clause: Limit one of each Pok\u00e9mon\n|rule|Sleep Clause Mod: Limit one foe put to sleep\n|rule|Mega Rayquaza Clause: You cannot mega evolve Rayquaza\n|clearpoke\n|poke|p1|Jirachi|\n|poke|p1|Ho-Oh|\n|poke|p1|Rayquaza|\n|poke|p1|Pidgeot, M|\n|poke|p1|Lucario, M|\n|poke|p1|Luxray, M|\n|poke|p2|Greninja-*, M|\n|poke|p2|Shaymin-Sky|\n|poke|p2|Weavile, M|\n|poke|p2|Cinderace, F|\n|poke|p2|Hydreigon, F|\n|poke|p2|Ampharos, F|\n|teampreview\n|\n|t:|1699142677\n|start\n|switch|p1a: Jirachi|Jirachi, shiny|100\/100\n|switch|p2a: Hydreigon|Hydreigon, F|100\/100\n|turn|1\n|\n|t:|1699142691\n|move|p1a: Jirachi|Doom Desire|p2a: Hydreigon\n|-start|p1a: Jirachi|Doom Desire\n|move|p2a: Hydreigon|Flamethrower|p1a: Jirachi\n|-supereffective|p1a: Jirachi\n|-damage|p1a: Jirachi|40\/100\n|-damage|p2a: Hydreigon|91\/100|[from] item: Life Orb\n|\n|-heal|p1a: Jirachi|46\/100|[from] item: Leftovers\n|upkeep\n|turn|2\n|\n|t:|1699142704\n|move|p1a: Jirachi|Iron Head|p2a: Hydreigon\n|-damage|p2a: Hydreigon|58\/100\n|cant|p2a: Hydreigon|flinch\n|\n|-heal|p1a: Jirachi|52\/100|[from] item: Leftovers\n|upkeep\n|turn|3\n|\n|t:|1699142711\n|move|p1a: Jirachi|Iron Head|p2a: Hydreigon\n|-damage|p2a: Hydreigon|22\/100\n|move|p2a: Hydreigon|Flamethrower|p1a: Jirachi\n|-supereffective|p1a: Jirachi\n|-damage|p1a: Jirachi|0 fnt\n|faint|p1a: Jirachi\n|-damage|p2a: Hydreigon|12\/100|[from] item: Life Orb\n|\n|-end|p2a: Hydreigon|move: Doom Desire\n|-damage|p2a: Hydreigon|0 fnt\n|faint|p2a: Hydreigon\n|upkeep\n|\n|t:|1699142726\n|switch|p1a: Ho-Oh|Ho-Oh, shiny|100\/100\n|switch|p2a: Weavile|Weavile, M|100\/100\n|turn|4\n|\n|t:|1699142735\n|move|p2a: Weavile|Fake Out|p1a: Ho-Oh\n|-damage|p1a: Ho-Oh|86\/100\n|-damage|p2a: Weavile|91\/100|[from] item: Life Orb\n|cant|p1a: Ho-Oh|flinch\n|\n|upkeep\n|turn|5\n|\n|t:|1699142754\n|move|p2a: Weavile|Fake Out||[still]\n|-hint|Fake Out only works on your first turn out.\n|-fail|p2a: Weavile\n|move|p1a: Ho-Oh|Calm Mind|p1a: Ho-Oh\n|-boost|p1a: Ho-Oh|spa|1\n|-boost|p1a: Ho-Oh|spd|1\n|\n|upkeep\n|turn|6\n|\n|t:|1699142771\n|move|p2a: Weavile|Poison Jab|p1a: Ho-Oh\n|-damage|p1a: Ho-Oh|60\/100\n|-status|p1a: Ho-Oh|psn\n|-damage|p2a: Weavile|81\/100|[from] item: Life Orb\n|move|p1a: Ho-Oh|Calm Mind|p1a: Ho-Oh\n|-boost|p1a: Ho-Oh|spa|1\n|-boost|p1a: Ho-Oh|spd|1\n|\n|-damage|p1a: Ho-Oh|48\/100 psn|[from] psn\n|upkeep\n|turn|7\n|\n|t:|1699142781\n|switch|p2a: Ampharos|Ampharos, F|100\/100\n|move|p1a: Ho-Oh|Sacred Fire|p2a: Ampharos\n|-damage|p2a: Ampharos|60\/100\n|\n|-damage|p1a: Ho-Oh|35\/100 psn|[from] psn\n|upkeep\n|turn|8\n|\n|t:|1699142791\n|move|p1a: Ho-Oh|Burn Up|p2a: Ampharos\n|-damage|p2a: Ampharos|0 fnt\n|-start|p1a: Ho-Oh|typechange|???\/Flying|[from] move: Burn Up\n|faint|p2a: Ampharos\n|\n|-damage|p1a: Ho-Oh|23\/100 psn|[from] psn\n|upkeep\n|\n|t:|1699142802\n|switch|p2a: Cinderace|Cinderace, F|100\/100\n|turn|9\n|\n|t:|1699142809\n|switch|p1a: Luxray|Luxray, M, shiny|100\/100\n|move|p2a: Cinderace|High Jump Kick|p1a: Luxray\n|-start|p2a: Cinderace|typechange|Fighting|[from] ability: Libero\n|-damage|p1a: Luxray|0 fnt\n|faint|p1a: Luxray\n|-damage|p2a: Cinderace|91\/100|[from] item: Life Orb\n|\n|upkeep\n|\n|t:|1699142827\n|switch|p1a: Pidgeot|Pidgeot, M, shiny|100\/100\n|turn|10\n|\n|t:|1699142846\n|detailschange|p1a: Pidgeot|Pidgeot-Mega, M, shiny\n|-mega|p1a: Pidgeot|Pidgeot|Pidgeotite\n|move|p1a: Pidgeot|Tailwind|p1a: Pidgeot\n|-sidestart|p1: aquiles meo|move: Tailwind\n|move|p2a: Cinderace|Pyro Ball|p1a: Pidgeot\n|-damage|p1a: Pidgeot|33\/100\n|-damage|p2a: Cinderace|81\/100|[from] item: Life Orb\n|\n|upkeep\n|turn|11\n|\n|t:|1699142855\n|move|p1a: Pidgeot|Hurricane|p2a: Cinderace\n|-supereffective|p2a: Cinderace\n|-damage|p2a: Cinderace|0 fnt\n|faint|p2a: Cinderace\n|\n|upkeep\n|\n|t:|1699142861\n|switch|p2a: Weavile|Weavile, M|81\/100\n|turn|12\n|\n|t:|1699142872\n|move|p2a: Weavile|Fake Out|p1a: Pidgeot\n|-damage|p1a: Pidgeot|15\/100\n|-damage|p2a: Weavile|71\/100|[from] item: Life Orb\n|cant|p1a: Pidgeot|flinch\n|\n|upkeep\n|turn|13\n|\n|t:|1699142882\n|move|p1a: Pidgeot|Ominous Wind|p2a: Weavile\n|-resisted|p2a: Weavile\n|-damage|p2a: Weavile|56\/100\n|move|p2a: Weavile|Poison Jab|p1a: Pidgeot\n|-damage|p1a: Pidgeot|0 fnt\n|faint|p1a: Pidgeot\n|-damage|p2a: Weavile|46\/100|[from] item: Life Orb\n|\n|-sideend|p1: aquiles meo|move: Tailwind\n|upkeep\n|\n|t:|1699142893\n|switch|p1a: Ho-Oh|Ho-Oh, shiny|56\/100 psn\n|turn|14\n|\n|t:|1699142912\n|move|p2a: Weavile|Poison Jab|p1a: Ho-Oh\n|-crit|p1a: Ho-Oh\n|-damage|p1a: Ho-Oh|14\/100 psn\n|-damage|p2a: Weavile|36\/100|[from] item: Life Orb\n|move|p1a: Ho-Oh|Sacred Fire|p2a: Weavile\n|-supereffective|p2a: Weavile\n|-damage|p2a: Weavile|0 fnt\n|faint|p2a: Weavile\n|\n|-damage|p1a: Ho-Oh|2\/100 psn|[from] psn\n|upkeep\n|\n|t:|1699142919\n|switch|p2a: Greninja|Greninja, M|100\/100\n|turn|15\n|\n|t:|1699142925\n|switch|p1a: Rayquaza|Rayquaza, shiny|100\/100\n|-ability|p1a: Rayquaza|Air Lock\n|move|p2a: Greninja|Extrasensory|p1a: Rayquaza\n|-damage|p1a: Rayquaza|63\/100\n|-damage|p2a: Greninja|91\/100|[from] item: Life Orb\n|\n|upkeep\n|turn|16\n|\n|t:|1699142940\n|-terastallize|p1a: Rayquaza|Flying\n|move|p2a: Greninja|Ice Beam|p1a: Rayquaza\n|-supereffective|p1a: Rayquaza\n|-damage|p1a: Rayquaza|0 fnt\n|faint|p1a: Rayquaza\n|-ability|p2a: Greninja|Battle Bond|boost\n|-boost|p2a: Greninja|atk|1\n|-boost|p2a: Greninja|spa|1\n|-boost|p2a: Greninja|spe|1\n|-activate|p2a: Greninja|ability: Battle Bond\n|-damage|p2a: Greninja|81\/100|[from] item: Life Orb\n|\n|upkeep\n|\n|t:|1699142953\n|switch|p1a: Lucario|Lucario, M, shiny|100\/100\n|turn|17\n|\n|t:|1699142973\n|move|p2a: Greninja|Water Shuriken|p1a: Lucario\n|-damage|p1a: Lucario|81\/100\n|-damage|p1a: Lucario|61\/100\n|-hitcount|p1a: Lucario|2\n|-damage|p2a: Greninja|71\/100|[from] item: Life Orb\n|move|p1a: Lucario|Aura Sphere|p2a: Greninja\n|-supereffective|p2a: Greninja\n|-damage|p2a: Greninja|0 fnt\n|faint|p2a: Greninja\n|\n|upkeep\n|\n|t:|1699142980\n|switch|p2a: Shaymin|Shaymin-Sky|100\/100\n|turn|18\n|\n|t:|1699142987\n|switch|p1a: Ho-Oh|Ho-Oh, shiny|35\/100 psn\n|move|p2a: Shaymin|Earth Power|p1a: Ho-Oh\n|-immune|p1a: Ho-Oh\n|\n|-damage|p1a: Ho-Oh|23\/100 psn|[from] psn\n|upkeep\n|turn|19\n|\n|t:|1699142994\n|switch|p1a: Lucario|Lucario, M, shiny|61\/100\n|move|p2a: Shaymin|Psychic|p1a: Lucario\n|-damage|p1a: Lucario|4\/100\n|-unboost|p1a: Lucario|spd|1\n|-damage|p2a: Shaymin|91\/100|[from] item: Life Orb\n|\n|upkeep\n|turn|20\n|\n|t:|1699143006\n|move|p1a: Lucario|Bullet Punch|p2a: Shaymin\n|-damage|p2a: Shaymin|67\/100\n|move|p2a: Shaymin|Psychic|p1a: Lucario\n|-damage|p1a: Lucario|0 fnt\n|faint|p1a: Lucario\n|-damage|p2a: Shaymin|57\/100|[from] item: Life Orb\n|\n|upkeep\n|\n|t:|1699143014\n|switch|p1a: Ho-Oh|Ho-Oh, shiny|56\/100 psn\n|turn|21\n|\n|t:|1699143021\n|move|p2a: Shaymin|Psychic|p1a: Ho-Oh\n|-damage|p1a: Ho-Oh|34\/100 psn\n|-damage|p2a: Shaymin|47\/100|[from] item: Life Orb\n|move|p1a: Ho-Oh|Burn Up|p2a: Shaymin\n|-supereffective|p2a: Shaymin\n|-damage|p2a: Shaymin|0 fnt\n|-start|p1a: Ho-Oh|typechange|???\/Flying|[from] move: Burn Up\n|faint|p2a: Shaymin\n|\n|win|aquiles meo\n|raw|aquiles meo's rating: 1108 &rarr; <strong>1131<\/strong><br \/>(+23 for winning)\n|raw|sqeaky78's rating: 1081 &rarr; <strong>1061<\/strong><br \/>(-20 for losing)\n|l|\u2606sqeaky78\n","uploadtime":1699143034,"views":6,"p1id":"aquilesmeo","p2id":"sqeaky78","formatid":"gen9nationaldexubers","rating":1061,"private":0,"password":""}