{"id":"gen9nationaldexubers-1978084152","p1":"Bigjoocy","p2":"85792195wwww","format":"[Gen 9] National Dex Ubers","log":"|j|\u2606Bigjoocy\n|j|\u260685792195wwww\n|t:|1698496959\n|gametype|singles\n|player|p1|Bigjoocy|pokekid|1653\n|player|p2|85792195wwww|lady|1844\n|teamsize|p1|6\n|teamsize|p2|6\n|gen|9\n|tier|[Gen 9] National Dex Ubers\n|rated|\n|rule|HP Percentage Mod: HP is shown in percentages\n|rule|Endless Battle Clause: Forcing endless battles is banned\n|rule|OHKO Clause: OHKO moves are banned\n|rule|Evasion Moves Clause: Evasion moves are banned\n|rule|Evasion Items Clause: Evasion items are banned\n|rule|Species Clause: Limit one of each Pok\u00e9mon\n|rule|Sleep Clause Mod: Limit one foe put to sleep\n|rule|Mega Rayquaza Clause: You cannot mega evolve Rayquaza\n|clearpoke\n|poke|p1|Deoxys-Attack|\n|poke|p1|Shaymin-Sky|\n|poke|p1|Mewtwo|\n|poke|p1|Xerneas-*|\n|poke|p1|Ditto|\n|poke|p1|Zygarde|\n|poke|p2|Xerneas-*|\n|poke|p2|Groudon|\n|poke|p2|Calyrex-Ice|\n|poke|p2|Krookodile, M|\n|poke|p2|Zacian-*|\n|poke|p2|Arceus|\n|teampreview\n|\n|t:|1698496970\n|start\n|switch|p1a: SISSYOFFREEMONT|Deoxys-Attack|100\/100\n|switch|p2a: Krookodile|Krookodile, M|100\/100\n|-ability|p1a: SISSYOFFREEMONT|Pressure\n|-ability|p2a: Krookodile|Intimidate|boost\n|-unboost|p1a: SISSYOFFREEMONT|atk|1\n|turn|1\n|inactive|Battle timer is ON: inactive players will automatically lose when time's up. (requested by Bigjoocy)\n|\n|t:|1698496979\n|move|p1a: SISSYOFFREEMONT|Taunt|p2a: Krookodile\n|-start|p2a: Krookodile|move: Taunt\n|move|p2a: Krookodile|Bulldoze|p1a: SISSYOFFREEMONT\n|-enditem|p1a: SISSYOFFREEMONT|Focus Sash\n|-damage|p1a: SISSYOFFREEMONT|1\/100\n|-unboost|p1a: SISSYOFFREEMONT|spe|1\n|\n|upkeep\n|turn|2\n|\n|t:|1698496988\n|move|p2a: Krookodile|Knock Off|p1a: SISSYOFFREEMONT\n|-supereffective|p1a: SISSYOFFREEMONT\n|-damage|p1a: SISSYOFFREEMONT|0 fnt\n|faint|p1a: SISSYOFFREEMONT\n|\n|upkeep\n|\n|t:|1698496991\n|switch|p1a: FEDSMOKER|Shaymin-Sky, shiny|100\/100\n|turn|3\n|\n|t:|1698496997\n|switch|p2a: Zacian|Zacian-Crowned|100\/100\n|-ability|p2a: Zacian|Intrepid Sword|boost\n|-boost|p2a: Zacian|atk|1\n|move|p1a: FEDSMOKER|Air Slash|p2a: Zacian\n|-resisted|p2a: Zacian\n|-damage|p2a: Zacian|82\/100\n|\n|upkeep\n|turn|4\n|\n|t:|1698497005\n|move|p2a: Zacian|Behemoth Blade|p1a: FEDSMOKER\n|-enditem|p1a: FEDSMOKER|Focus Sash\n|-damage|p1a: FEDSMOKER|1\/100\n|move|p1a: FEDSMOKER|Ominous Wind|p2a: Zacian\n|-damage|p2a: Zacian|64\/100\n|\n|upkeep\n|turn|5\n|\n|t:|1698497014\n|move|p2a: Zacian|Behemoth Blade|p1a: FEDSMOKER\n|-damage|p1a: FEDSMOKER|0 fnt\n|faint|p1a: FEDSMOKER\n|\n|upkeep\n|\n|t:|1698497017\n|switch|p1a: DICKHEAD|Ditto, shiny|100\/100\n|-transform|p1a: DICKHEAD|p2a: Zacian|[from] ability: Imposter\n|-ability|p1a: DICKHEAD|Intrepid Sword|boost\n|-boost|p1a: DICKHEAD|atk|1\n|turn|6\n|\n|t:|1698497026\n|move|p1a: DICKHEAD|Behemoth Blade|p2a: Zacian\n|-damage|p2a: Zacian|0 fnt\n|faint|p2a: Zacian\n|\n|upkeep\n|\n|t:|1698497037\n|switch|p2a: Krookodile|Krookodile, M|100\/100\n|-ability|p2a: Krookodile|Intimidate|boost\n|-unboost|p1a: DICKHEAD|atk|1\n|turn|7\n|\n|t:|1698497044\n|move|p1a: DICKHEAD|Behemoth Blade|p2a: Krookodile\n|-crit|p2a: Krookodile\n|-enditem|p2a: Krookodile|Focus Sash\n|-damage|p2a: Krookodile|1\/100\n|move|p2a: Krookodile|Knock Off|p1a: DICKHEAD\n|-resisted|p1a: DICKHEAD\n|-damage|p1a: DICKHEAD|77\/100\n|-enditem|p1a: DICKHEAD|Choice Scarf|[from] move: Knock Off|[of] p2a: Krookodile\n|\n|upkeep\n|turn|8\n|\n|t:|1698497072\n|-terastallize|p1a: DICKHEAD|Normal\n|move|p1a: DICKHEAD|Swords Dance|p1a: DICKHEAD\n|-boost|p1a: DICKHEAD|atk|2\n|move|p2a: Krookodile|Bulldoze|p1a: DICKHEAD\n|-damage|p1a: DICKHEAD|47\/100\n|-unboost|p1a: DICKHEAD|spe|1\n|\n|upkeep\n|turn|9\n|\n|t:|1698497083\n|move|p2a: Krookodile|Stealth Rock|p1a: DICKHEAD\n|-sidestart|p1: Bigjoocy|move: Stealth Rock\n|move|p1a: DICKHEAD|Behemoth Blade|p2a: Krookodile\n|-damage|p2a: Krookodile|0 fnt\n|faint|p2a: Krookodile\n|\n|upkeep\n|inactive|85792195wwww has 120 seconds left.\n|\n|t:|1698497096\n|switch|p2a: Arceus|Arceus|100\/100\n|turn|10\n|\n|t:|1698497104\n|-terastallize|p2a: Arceus|Normal\n|move|p2a: Arceus|Extreme Speed|p1a: DICKHEAD\n|-damage|p1a: DICKHEAD|0 fnt\n|faint|p1a: DICKHEAD\n|-damage|p2a: Arceus|91\/100|[from] item: Life Orb\n|\n|upkeep\n|\n|t:|1698497112\n|switch|p1a: ROIDRAGE|Mewtwo|100\/100\n|-damage|p1a: ROIDRAGE|88\/100|[from] Stealth Rock\n|-ability|p1a: ROIDRAGE|Pressure\n|turn|11\n|\n|t:|1698497120\n|switch|p2a: Xerneas|Xerneas|100\/100\n|-ability|p2a: Xerneas|Fairy Aura\n|detailschange|p1a: ROIDRAGE|Mewtwo-Mega-X\n|-mega|p1a: ROIDRAGE|Mewtwo|Mewtwonite X\n|move|p1a: ROIDRAGE|Bulk Up|p1a: ROIDRAGE\n|-boost|p1a: ROIDRAGE|atk|1\n|-boost|p1a: ROIDRAGE|def|1\n|\n|upkeep\n|turn|12\n|\n|t:|1698497130\n|move|p1a: ROIDRAGE|Poison Jab|p2a: Xerneas\n|-supereffective|p2a: Xerneas\n|-damage|p2a: Xerneas|27\/100\n|move|p2a: Xerneas|Geomancy||[still]\n|-prepare|p2a: Xerneas|Geomancy\n|-enditem|p2a: Xerneas|Power Herb\n|-anim|p2a: Xerneas|Geomancy|p2a: Xerneas\n|-boost|p2a: Xerneas|spa|2\n|-boost|p2a: Xerneas|spd|2\n|-boost|p2a: Xerneas|spe|2\n|\n|upkeep\n|turn|13\n|\n|t:|1698497139\n|move|p2a: Xerneas|Moonblast|p1a: ROIDRAGE\n|-supereffective|p1a: ROIDRAGE\n|-damage|p1a: ROIDRAGE|0 fnt\n|faint|p1a: ROIDRAGE\n|\n|upkeep\n|\n|t:|1698497142\n|switch|p1a: TIM|Xerneas, shiny|100\/100\n|-damage|p1a: TIM|88\/100|[from] Stealth Rock\n|-ability|p1a: TIM|Fairy Aura\n|turn|14\n|\n|t:|1698497149\n|move|p2a: Xerneas|Moonblast|p1a: TIM\n|-damage|p1a: TIM|0 fnt\n|faint|p1a: TIM\n|\n|upkeep\n|-message|Bigjoocy forfeited.\n|\n|win|85792195wwww\n|raw|Bigjoocy's rating: 1653 &rarr; <strong>1643<\/strong><br \/>(-10 for losing)\n|raw|85792195wwww's rating: 1844 &rarr; <strong>1854<\/strong><br \/>(+10 for winning)\n|l|\u2606Bigjoocy\n","uploadtime":1698497158,"views":9,"p1id":"bigjoocy","p2id":"85792195wwww","formatid":"gen9nationaldexubers","rating":1643,"private":0,"password":""}