{"id":"gen9nationaldexubers-1990478034","p1":"Chaitanya15","p2":"85792195wwww","format":"[Gen 9] National Dex Ubers","log":"|j|\u2606Chaitanya15\n|j|\u260685792195wwww\n|t:|1699974644\n|gametype|singles\n|player|p1|Chaitanya15|102|1466\n|player|p2|85792195wwww|mira|1604\n|teamsize|p1|6\n|teamsize|p2|6\n|gen|9\n|tier|[Gen 9] National Dex Ubers\n|rated|\n|rule|HP Percentage Mod: HP is shown in percentages\n|rule|Endless Battle Clause: Forcing endless battles is banned\n|rule|OHKO Clause: OHKO moves are banned\n|rule|Evasion Moves Clause: Evasion moves are banned\n|rule|Evasion Items Clause: Evasion items are banned\n|rule|Species Clause: Limit one of each Pok\u00e9mon\n|rule|Sleep Clause Mod: Limit one foe put to sleep\n|rule|Mega Rayquaza Clause: You cannot mega evolve Rayquaza\n|clearpoke\n|poke|p1|Kingambit, F|\n|poke|p1|Basculegion, M|\n|poke|p1|Kyogre|\n|poke|p1|Flutter Mane|\n|poke|p1|Deoxys-Speed|\n|poke|p1|Groudon|\n|poke|p2|Zacian-*|\n|poke|p2|Arceus-Ground|\n|poke|p2|Deoxys-Speed|\n|poke|p2|Landorus, M|\n|poke|p2|Groudon|\n|poke|p2|Kyurem-Black|\n|teampreview\n|\n|t:|1699974662\n|start\n|switch|p1a: Deoxys|Deoxys-Speed|100\/100\n|switch|p2a: Kyurem|Kyurem-Black|100\/100\n|-ability|p1a: Deoxys|Pressure\n|-ability|p2a: Kyurem|Teravolt\n|turn|1\n|inactive|Battle timer is ON: inactive players will automatically lose when time's up. (requested by Chaitanya15)\n|\n|t:|1699974671\n|move|p1a: Deoxys|Stealth Rock|p2a: Kyurem\n|-sidestart|p2: 85792195wwww|move: Stealth Rock\n|move|p2a: Kyurem|Icicle Spear|p1a: Deoxys\n|-damage|p1a: Deoxys|75\/100\n|-damage|p1a: Deoxys|49\/100\n|-damage|p1a: Deoxys|23\/100\n|-damage|p1a: Deoxys|0 fnt\n|faint|p1a: Deoxys\n|-hitcount|p1: Deoxys|4\n|\n|upkeep\n|\n|t:|1699974683\n|switch|p1a: Flutter Mane|Flutter Mane|100\/100\n|-enditem|p1a: Flutter Mane|Booster Energy\n|-activate|p1a: Flutter Mane|ability: Protosynthesis|[fromitem]\n|-start|p1a: Flutter Mane|protosynthesisspe\n|turn|2\n|\n|t:|1699974692\n|switch|p2a: Zacian|Zacian-Crowned|100\/100\n|-damage|p2a: Zacian|94\/100|[from] Stealth Rock\n|-ability|p2a: Zacian|Intrepid Sword|boost\n|-boost|p2a: Zacian|atk|1\n|move|p1a: Flutter Mane|Moonblast|p2a: Zacian\n|-resisted|p2a: Zacian\n|-damage|p2a: Zacian|70\/100\n|-unboost|p2a: Zacian|spa|1\n|\n|upkeep\n|turn|3\n|\n|t:|1699974703\n|move|p1a: Flutter Mane|Mystical Fire|p2a: Zacian\n|-supereffective|p2a: Zacian\n|-damage|p2a: Zacian|23\/100\n|-unboost|p2a: Zacian|spa|1\n|move|p2a: Zacian|Behemoth Blade|p1a: Flutter Mane\n|-supereffective|p1a: Flutter Mane\n|-damage|p1a: Flutter Mane|0 fnt\n|faint|p1a: Flutter Mane\n|-end|p1a: Flutter Mane|Protosynthesis|[silent]\n|\n|upkeep\n|\n|t:|1699974722\n|switch|p1a: Groudon|Groudon|100\/100\n|detailschange|p1a: Groudon|Groudon-Primal\n|-primal|p1a: Groudon|Red Orb\n|-weather|DesolateLand|[from] ability: Desolate Land|[of] p1a: Groudon\n|turn|4\n|\n|t:|1699974729\n|-terastallize|p2a: Zacian|Ground\n|move|p2a: Zacian|Tera Blast|p1a: Groudon|[anim] Tera Blast Ground\n|-supereffective|p1a: Groudon\n|-damage|p1a: Groudon|7\/100\n|move|p1a: Groudon|Rock Polish|p1a: Groudon\n|-boost|p1a: Groudon|spe|2\n|\n|-weather|DesolateLand|[upkeep]\n|upkeep\n|turn|5\n|\n|t:|1699974739\n|move|p1a: Groudon|Heat Crash|p2a: Zacian\n|-damage|p2a: Zacian|0 fnt\n|faint|p2a: Zacian\n|\n|-weather|DesolateLand|[upkeep]\n|upkeep\n|\n|t:|1699974749\n|switch|p2a: Deoxys|Deoxys-Speed|100\/100\n|-damage|p2a: Deoxys|88\/100|[from] Stealth Rock\n|-ability|p2a: Deoxys|Pressure\n|turn|6\n|\n|t:|1699974756\n|move|p1a: Groudon|Heat Crash|p2a: Deoxys\n|-damage|p2a: Deoxys|0 fnt\n|faint|p2a: Deoxys\n|\n|-weather|DesolateLand|[upkeep]\n|upkeep\n|\n|t:|1699974765\n|switch|p2a: Arceus|Arceus-Ground|100\/100\n|-damage|p2a: Arceus|94\/100|[from] Stealth Rock\n|turn|7\n|\n|t:|1699974772\n|move|p1a: Groudon|Precipice Blades|p2a: Arceus|[miss]\n|-miss|p1a: Groudon|p2a: Arceus\n|move|p2a: Arceus|Earthquake|p1a: Groudon\n|-supereffective|p1a: Groudon\n|-damage|p1a: Groudon|0 fnt\n|faint|p1a: Groudon\n|-weather|none\n|\n|upkeep\n|\n|t:|1699974781\n|switch|p1a: Kyogre|Kyogre|100\/100\n|-weather|RainDance|[from] ability: Drizzle|[of] p1a: Kyogre\n|turn|8\n|\n|t:|1699974792\n|switch|p2a: Landorus|Landorus, M|100\/100\n|-damage|p2a: Landorus|88\/100|[from] Stealth Rock\n|move|p1a: Kyogre|Water Spout|p2a: Landorus\n|-supereffective|p2a: Landorus\n|-damage|p2a: Landorus|0 fnt\n|faint|p2a: Landorus\n|\n|-weather|RainDance|[upkeep]\n|upkeep\n|\n|t:|1699974802\n|switch|p2a: Groudon|Groudon|100\/100\n|-damage|p2a: Groudon|94\/100|[from] Stealth Rock\n|detailschange|p2a: Groudon|Groudon-Primal\n|-primal|p2a: Groudon|Red Orb\n|-weather|DesolateLand|[from] ability: Desolate Land|[of] p2a: Groudon\n|turn|9\n|\n|t:|1699974811\n|switch|p1a: Kingambit|Kingambit, F|100\/100\n|-activate|p1a: Kingambit|ability: Supreme Overlord\n|-start|p1a: Kingambit|fallen3|[silent]\n|move|p2a: Groudon|Precipice Blades|p1a: Kingambit\n|-supereffective|p1a: Kingambit\n|-damage|p1a: Kingambit|0 fnt\n|faint|p1a: Kingambit\n|-end|p1a: Kingambit|fallen3|[silent]\n|\n|-weather|DesolateLand|[upkeep]\n|upkeep\n|\n|t:|1699974823\n|switch|p1a: Basculegion|Basculegion, M|100\/100\n|turn|10\n|\n|t:|1699974827\n|move|p1a: Basculegion|Last Respects|p2a: Groudon\n|-damage|p2a: Groudon|0 fnt\n|faint|p2a: Groudon\n|-weather|none\n|\n|upkeep\n|\n|t:|1699974833\n|switch|p2a: Arceus|Arceus-Ground|94\/100\n|-damage|p2a: Arceus|88\/100|[from] Stealth Rock\n|turn|11\n|\n|t:|1699974839\n|switch|p1a: Kyogre|Kyogre|100\/100\n|-weather|RainDance|[from] ability: Drizzle|[of] p1a: Kyogre\n|-zpower|p2a: Arceus\n|move|p2a: Arceus|Tectonic Rage|p1a: Kyogre|[zeffect]\n|-damage|p1a: Kyogre|0 fnt\n|faint|p1a: Kyogre\n|\n|-weather|RainDance|[upkeep]\n|upkeep\n|-message|85792195wwww forfeited.\n|\n|win|Chaitanya15\n|raw|Chaitanya15's rating: 1466 &rarr; <strong>1494<\/strong><br \/>(+28 for winning)\n|raw|85792195wwww's rating: 1604 &rarr; <strong>1576<\/strong><br \/>(-28 for losing)\n|l|\u260685792195wwww\n","uploadtime":1699974857,"views":5,"p1id":"chaitanya15","p2id":"85792195wwww","formatid":"gen9nationaldexubers","rating":1494,"private":0,"password":""}