{"id":"gen9nationaldexubers-1981475475","p1":"KingoftheTitans","p2":"DrZergel","format":"[Gen 9] National Dex Ubers","log":"|j|\u2606KingoftheTitans\n|j|\u2606DrZergel\n|t:|1698902787\n|gametype|singles\n|player|p1|KingoftheTitans|1|1348\n|player|p2|DrZergel|170|1263\n|teamsize|p1|6\n|teamsize|p2|6\n|gen|9\n|tier|[Gen 9] National Dex Ubers\n|rated|\n|rule|HP Percentage Mod: HP is shown in percentages\n|rule|Endless Battle Clause: Forcing endless battles is banned\n|rule|OHKO Clause: OHKO moves are banned\n|rule|Evasion Moves Clause: Evasion moves are banned\n|rule|Evasion Items Clause: Evasion items are banned\n|rule|Species Clause: Limit one of each Pok\u00e9mon\n|rule|Sleep Clause Mod: Limit one foe put to sleep\n|rule|Mega Rayquaza Clause: You cannot mega evolve Rayquaza\n|clearpoke\n|poke|p1|Ogerpon-Hearthflame, F|\n|poke|p1|Deoxys-Attack|\n|poke|p1|Salamence, M|\n|poke|p1|Dragapult, M|\n|poke|p1|Darmanitan-Galar, F|\n|poke|p1|Flutter Mane|\n|poke|p2|Victini|\n|poke|p2|Tapu Koko|\n|poke|p2|Regieleki|\n|poke|p2|Blastoise, F|\n|poke|p2|Skarmory, F|\n|poke|p2|Blissey, F|\n|teampreview\n|\n|t:|1698902802\n|start\n|switch|p1a: Flutter Mane|Flutter Mane, shiny|100\/100\n|switch|p2a: Skarmory|Skarmory, F|100\/100\n|-enditem|p1a: Flutter Mane|Booster Energy\n|-activate|p1a: Flutter Mane|ability: Protosynthesis|[fromitem]\n|-start|p1a: Flutter Mane|protosynthesisspe\n|turn|1\n|\n|t:|1698902811\n|switch|p2a: Blissey|Blissey, F|100\/100\n|move|p1a: Flutter Mane|Mystical Fire|p2a: Blissey\n|-damage|p2a: Blissey|93\/100\n|-unboost|p2a: Blissey|spa|1\n|\n|-heal|p2a: Blissey|99\/100|[from] item: Leftovers\n|upkeep\n|turn|2\n|\n|t:|1698902821\n|move|p1a: Flutter Mane|Taunt|p2a: Blissey\n|-start|p2a: Blissey|move: Taunt\n|cant|p2a: Blissey|move: Taunt|Toxic\n|\n|-heal|p2a: Blissey|100\/100|[from] item: Leftovers\n|upkeep\n|turn|3\n|\n|t:|1698902828\n|-end|p1a: Flutter Mane|Protosynthesis|[silent]\n|switch|p1a: Deoxys|Deoxys-Attack, shiny|100\/100\n|-ability|p1a: Deoxys|Pressure\n|move|p2a: Blissey|Seismic Toss|p1a: Deoxys\n|-damage|p1a: Deoxys|59\/100\n|\n|upkeep\n|turn|4\n|\n|t:|1698902836\n|switch|p2a: Skarmory|Skarmory, F|100\/100\n|move|p1a: Deoxys|Brick Break|p2a: Skarmory\n|-damage|p2a: Skarmory|83\/100\n|-damage|p1a: Deoxys|42\/100|[from] item: Rocky Helmet|[of] p2a: Skarmory\n|\n|upkeep\n|turn|5\n|\n|t:|1698902844\n|move|p1a: Deoxys|Ice Beam|p2a: Skarmory\n|-damage|p2a: Skarmory|27\/100\n|move|p2a: Skarmory|Toxic|p1a: Deoxys\n|-status|p1a: Deoxys|tox\n|\n|-damage|p1a: Deoxys|36\/100 tox|[from] psn\n|upkeep\n|turn|6\n|\n|t:|1698902853\n|switch|p2a: Blissey|Blissey, F|100\/100\n|move|p1a: Deoxys|Ice Beam|p2a: Blissey\n|-damage|p2a: Blissey|90\/100\n|\n|-heal|p2a: Blissey|96\/100|[from] item: Leftovers\n|-damage|p1a: Deoxys|24\/100 tox|[from] psn\n|upkeep\n|turn|7\n|\n|t:|1698902863\n|switch|p2a: Skarmory|Skarmory, F|27\/100\n|move|p1a: Deoxys|Brick Break|p2a: Skarmory\n|-damage|p2a: Skarmory|11\/100\n|-damage|p1a: Deoxys|7\/100 tox|[from] item: Rocky Helmet|[of] p2a: Skarmory\n|\n|-damage|p1a: Deoxys|0 fnt|[from] psn\n|faint|p1a: Deoxys\n|upkeep\n|\n|t:|1698902875\n|switch|p1a: Flutter Mane|Flutter Mane, shiny|100\/100\n|turn|8\n|\n|t:|1698902884\n|switch|p2a: Blissey|Blissey, F|96\/100\n|move|p1a: Flutter Mane|Moonblast|p2a: Blissey\n|-damage|p2a: Blissey|82\/100\n|\n|-heal|p2a: Blissey|88\/100|[from] item: Leftovers\n|upkeep\n|turn|9\n|\n|t:|1698902893\n|move|p1a: Flutter Mane|Taunt|p2a: Blissey\n|-start|p2a: Blissey|move: Taunt\n|move|p2a: Blissey|Seismic Toss|p1a: Flutter Mane\n|-immune|p1a: Flutter Mane\n|\n|-heal|p2a: Blissey|94\/100|[from] item: Leftovers\n|upkeep\n|turn|10\n|\n|t:|1698902903\n|switch|p2a: Blastoise|Blastoise, F|100\/100\n|move|p1a: Flutter Mane|Moonblast|p2a: Blastoise\n|-damage|p2a: Blastoise|41\/100\n|\n|upkeep\n|turn|11\n|\n|t:|1698902909\n|switch|p2a: Regieleki|Regieleki|100\/100\n|move|p1a: Flutter Mane|Moonblast|p2a: Regieleki\n|-damage|p2a: Regieleki|8\/100\n|\n|upkeep\n|turn|12\n|\n|t:|1698902917\n|move|p2a: Regieleki|Volt Switch|p1a: Flutter Mane\n|-damage|p1a: Flutter Mane|56\/100\n|\n|t:|1698902924\n|switch|p2a: Tapu Koko|Tapu Koko|100\/100|[from] Volt Switch\n|-fieldstart|move: Electric Terrain|[from] ability: Electric Surge|[of] p2a: Tapu Koko\n|move|p1a: Flutter Mane|Shadow Ball|p2a: Tapu Koko\n|-crit|p2a: Tapu Koko\n|-damage|p2a: Tapu Koko|31\/100\n|\n|upkeep\n|turn|13\n|\n|t:|1698902933\n|-end|p1a: Flutter Mane|Protosynthesis|[silent]\n|switch|p1a: Dragapult|Dragapult, M, shiny|100\/100\n|move|p2a: Tapu Koko|Light Screen|p2a: Tapu Koko\n|-sidestart|p2: DrZergel|move: Light Screen\n|\n|upkeep\n|turn|14\n|\n|t:|1698902938\n|move|p1a: Dragapult|Shadow Ball|p2a: Tapu Koko\n|-damage|p2a: Tapu Koko|0 fnt\n|faint|p2a: Tapu Koko\n|\n|upkeep\n|\n|t:|1698902946\n|switch|p2a: Regieleki|Regieleki|8\/100\n|turn|15\n|\n|t:|1698902953\n|switch|p2a: Blastoise|Blastoise, F|41\/100\n|move|p1a: Dragapult|Shadow Ball|p2a: Blastoise\n|-damage|p2a: Blastoise|14\/100\n|\n|upkeep\n|turn|16\n|\n|t:|1698902960\n|move|p1a: Dragapult|Shadow Ball|p2a: Blastoise\n|-damage|p2a: Blastoise|0 fnt\n|faint|p2a: Blastoise\n|\n|upkeep\n|\n|t:|1698902966\n|switch|p2a: Blissey|Blissey, F|94\/100\n|turn|17\n|\n|t:|1698902976\n|switch|p1a: Darmanitan|Darmanitan-Galar, F, shiny|100\/100\n|move|p2a: Blissey|Toxic|p1a: Darmanitan\n|-status|p1a: Darmanitan|tox\n|\n|-heal|p2a: Blissey|100\/100|[from] item: Leftovers\n|-damage|p1a: Darmanitan|95\/100 tox|[from] psn\n|-sideend|p2: DrZergel|move: Light Screen\n|upkeep\n|turn|18\n|\n|t:|1698902988\n|switch|p2a: Skarmory|Skarmory, F|11\/100\n|move|p1a: Darmanitan|U-turn|p2a: Skarmory\n|-resisted|p2a: Skarmory\n|-damage|p2a: Skarmory|6\/100\n|-damage|p1a: Darmanitan|78\/100 tox|[from] item: Rocky Helmet|[of] p2a: Skarmory\n|\n|t:|1698902999\n|switch|p1a: Salamence|Salamence, M, shiny|100\/100|[from] U-turn\n|-ability|p1a: Salamence|Intimidate|boost\n|-unboost|p2a: Skarmory|atk|1\n|\n|upkeep\n|turn|19\n|\n|t:|1698903006\n|detailschange|p1a: Salamence|Salamence-Mega, M, shiny\n|-mega|p1a: Salamence|Salamence|Salamencite\n|move|p1a: Salamence|Dragon Claw|p2a: Skarmory\n|-resisted|p2a: Skarmory\n|-damage|p2a: Skarmory|0 fnt\n|-damage|p1a: Salamence|84\/100|[from] item: Rocky Helmet|[of] p2a: Skarmory\n|faint|p2a: Skarmory\n|\n|-fieldend|move: Electric Terrain\n|upkeep\n|\n|t:|1698903022\n|switch|p2a: Regieleki|Regieleki|8\/100\n|turn|20\n|\n|t:|1698903029\n|-terastallize|p2a: Regieleki|Electric\n|move|p2a: Regieleki|Rising Voltage|p1a: Salamence\n|-damage|p1a: Salamence|23\/100\n|move|p1a: Salamence|Dragon Dance|p1a: Salamence\n|-boost|p1a: Salamence|atk|1\n|-boost|p1a: Salamence|spe|1\n|\n|upkeep\n|turn|21\n|\n|t:|1698903037\n|move|p1a: Salamence|Earthquake|p2a: Regieleki\n|-supereffective|p2a: Regieleki\n|-damage|p2a: Regieleki|0 fnt\n|faint|p2a: Regieleki\n|\n|upkeep\n|\n|t:|1698903043\n|switch|p2a: Victini|Victini|100\/100\n|turn|22\n|\n|t:|1698903046\n|move|p1a: Salamence|Earthquake|p2a: Victini\n|-supereffective|p2a: Victini\n|-damage|p2a: Victini|0 fnt\n|faint|p2a: Victini\n|\n|upkeep\n|\n|t:|1698903051\n|switch|p2a: Blissey|Blissey, F|100\/100\n|turn|23\n|\n|t:|1698903055\n|move|p1a: Salamence|Body Slam|p2a: Blissey\n|-damage|p2a: Blissey|0 fnt\n|faint|p2a: Blissey\n|\n|win|KingoftheTitans\n|raw|KingoftheTitans's rating: 1348 &rarr; <strong>1363<\/strong><br \/>(+15 for winning)\n|raw|DrZergel's rating: 1263 &rarr; <strong>1244<\/strong><br \/>(-19 for losing)\n","uploadtime":1698903059,"views":12,"p1id":"kingofthetitans","p2id":"drzergel","formatid":"gen9nationaldexubers","rating":1244,"private":0,"password":""}