{"id":"gen9nationaldexubers-1980031666","p1":"85792195wwww","p2":"AGisgood\u82cd\u54cd\u4fa0","format":"[Gen 9] National Dex Ubers","log":"|j|\u203d85792195wwww\n|j|\u2606AGisgood\u82cd\u54cd\u4fa0\n|t:|1698749202\n|gametype|singles\n|player|p1|85792195wwww|lady|1721\n|player|p2|AGisgood\u82cd\u54cd\u4fa0|cynthia-gen4|1561\n|teamsize|p1|6\n|teamsize|p2|6\n|gen|9\n|tier|[Gen 9] National Dex Ubers\n|rated|\n|rule|HP Percentage Mod: HP is shown in percentages\n|rule|Endless Battle Clause: Forcing endless battles is banned\n|rule|OHKO Clause: OHKO moves are banned\n|rule|Evasion Moves Clause: Evasion moves are banned\n|rule|Evasion Items Clause: Evasion items are banned\n|rule|Species Clause: Limit one of each Pok\u00e9mon\n|rule|Sleep Clause Mod: Limit one foe put to sleep\n|rule|Mega Rayquaza Clause: You cannot mega evolve Rayquaza\n|clearpoke\n|poke|p1|Zacian-*|\n|poke|p1|Kyogre|\n|poke|p1|Xerneas-*|\n|poke|p1|Deoxys-Speed|\n|poke|p1|Groudon|\n|poke|p1|Arceus|\n|poke|p2|Donphan, F|\n|poke|p2|Marshadow|\n|poke|p2|Zygarde|\n|poke|p2|Salamence, M|\n|poke|p2|Xerneas-*|\n|poke|p2|Necrozma-Dusk-Mane|\n|teampreview\n|inactive|Battle timer is ON: inactive players will automatically lose when time's up. (requested by AGisgood\u82cd\u54cd\u4fa0)\n|c|\u2606AGisgood\u82cd\u54cd\u4fa0|\u7231\u4e3d\u4e1d\uff1f\n|\n|t:|1698749213\n|start\n|switch|p1a: Deoxys|Deoxys-Speed|100\/100\n|switch|p2a: Donphan|Donphan, F|100\/100\n|-ability|p1a: Deoxys|Pressure\n|turn|1\n|\n|t:|1698749221\n|move|p1a: Deoxys|Knock Off|p2a: Donphan\n|-damage|p2a: Donphan|85\/100\n|-enditem|p2a: Donphan|Mental Herb|[from] move: Knock Off|[of] p1a: Deoxys\n|move|p2a: Donphan|Stealth Rock|p1a: Deoxys\n|-sidestart|p1: 85792195wwww|move: Stealth Rock\n|\n|upkeep\n|turn|2\n|j| shamatetuanzhang\n|\n|t:|1698749228\n|move|p1a: Deoxys|Psycho Boost|p2a: Donphan|[miss]\n|-miss|p1a: Deoxys|p2a: Donphan\n|move|p2a: Donphan|Rapid Spin|p1a: Deoxys\n|-damage|p1a: Deoxys|83\/100\n|-boost|p2a: Donphan|spe|1\n|-damage|p2a: Donphan|68\/100|[from] item: Rocky Helmet|[of] p1a: Deoxys\n|\n|upkeep\n|turn|3\n|\n|t:|1698749239\n|move|p1a: Deoxys|Spikes|p2a: Donphan\n|-sidestart|p2: AGisgood\u82cd\u54cd\u4fa0|Spikes\n|move|p2a: Donphan|Rapid Spin|p1a: Deoxys\n|-damage|p1a: Deoxys|64\/100\n|-boost|p2a: Donphan|spe|1\n|-damage|p2a: Donphan|52\/100|[from] item: Rocky Helmet|[of] p1a: Deoxys\n|-sideend|p2: AGisgood\u82cd\u54cd\u4fa0|Spikes|[from] move: Rapid Spin|[of] p2a: Donphan\n|\n|upkeep\n|turn|4\n|\n|t:|1698749247\n|move|p1a: Deoxys|Spikes|p2a: Donphan\n|-sidestart|p2: AGisgood\u82cd\u54cd\u4fa0|Spikes\n|move|p2a: Donphan|Rapid Spin|p1a: Deoxys\n|-damage|p1a: Deoxys|47\/100\n|-boost|p2a: Donphan|spe|1\n|-damage|p2a: Donphan|35\/100|[from] item: Rocky Helmet|[of] p1a: Deoxys\n|-sideend|p2: AGisgood\u82cd\u54cd\u4fa0|Spikes|[from] move: Rapid Spin|[of] p2a: Donphan\n|\n|upkeep\n|turn|5\n|\n|t:|1698749255\n|move|p1a: Deoxys|Spikes|p2a: Donphan\n|-sidestart|p2: AGisgood\u82cd\u54cd\u4fa0|Spikes\n|move|p2a: Donphan|Rapid Spin|p1a: Deoxys\n|-damage|p1a: Deoxys|29\/100\n|-boost|p2a: Donphan|spe|1\n|-damage|p2a: Donphan|18\/100|[from] item: Rocky Helmet|[of] p1a: Deoxys\n|-sideend|p2: AGisgood\u82cd\u54cd\u4fa0|Spikes|[from] move: Rapid Spin|[of] p2a: Donphan\n|\n|upkeep\n|turn|6\n|\n|t:|1698749264\n|move|p1a: Deoxys|Spikes|p2a: Donphan\n|-sidestart|p2: AGisgood\u82cd\u54cd\u4fa0|Spikes\n|move|p2a: Donphan|Rapid Spin|p1a: Deoxys\n|-damage|p1a: Deoxys|10\/100\n|-boost|p2a: Donphan|spe|1\n|-damage|p2a: Donphan|2\/100|[from] item: Rocky Helmet|[of] p1a: Deoxys\n|-sideend|p2: AGisgood\u82cd\u54cd\u4fa0|Spikes|[from] move: Rapid Spin|[of] p2a: Donphan\n|\n|upkeep\n|turn|7\n|\n|t:|1698749272\n|move|p2a: Donphan|Rapid Spin|p1a: Deoxys\n|-damage|p1a: Deoxys|0 fnt\n|-boost|p2a: Donphan|spe|1\n|-damage|p2a: Donphan|0 fnt|[from] item: Rocky Helmet|[of] p1a: Deoxys\n|faint|p1a: Deoxys\n|faint|p2a: Donphan\n|\n|upkeep\n|\n|t:|1698749288\n|switch|p1a: Xerneas|Xerneas|100\/100\n|switch|p2a: Necrozma|Necrozma-Dusk-Mane|100\/100\n|-damage|p1a: Xerneas|88\/100|[from] Stealth Rock\n|-ability|p1a: Xerneas|Fairy Aura\n|turn|8\n|\n|t:|1698749296\n|detailschange|p2a: Necrozma|Necrozma-Ultra\n|-burst|p2a: Necrozma|Necrozma|Ultranecrozium Z\n|move|p2a: Necrozma|Photon Geyser|p1a: Xerneas\n|-damage|p1a: Xerneas|39\/100\n|move|p1a: Xerneas|Geomancy||[still]\n|-prepare|p1a: Xerneas|Geomancy\n|-enditem|p1a: Xerneas|Power Herb\n|-anim|p1a: Xerneas|Geomancy|p1a: Xerneas\n|-boost|p1a: Xerneas|spa|2\n|-boost|p1a: Xerneas|spd|2\n|-boost|p1a: Xerneas|spe|2\n|\n|upkeep\n|turn|9\n|\n|t:|1698749309\n|move|p1a: Xerneas|Moonblast|p2a: Necrozma\n|-supereffective|p2a: Necrozma\n|-damage|p2a: Necrozma|0 fnt\n|faint|p2a: Necrozma\n|\n|upkeep\n|\n|t:|1698749311\n|switch|p2a: Marshadow|Marshadow|100\/100\n|turn|10\n|\n|t:|1698749318\n|-terastallize|p2a: Marshadow|Ghost\n|move|p2a: Marshadow|Shadow Sneak|p1a: Xerneas\n|-damage|p1a: Xerneas|0 fnt\n|faint|p1a: Xerneas\n|-damage|p2a: Marshadow|91\/100|[from] item: Life Orb\n|\n|upkeep\n|\n|t:|1698749327\n|switch|p1a: Zacian|Zacian-Crowned|100\/100\n|-damage|p1a: Zacian|94\/100|[from] Stealth Rock\n|-ability|p1a: Zacian|Intrepid Sword|boost\n|-boost|p1a: Zacian|atk|1\n|turn|11\n|\n|t:|1698749348\n|switch|p2a: Salamence|Salamence, M|100\/100\n|-ability|p2a: Salamence|Intimidate|boost\n|-unboost|p1a: Zacian|atk|1\n|move|p1a: Zacian|Behemoth Blade|p2a: Salamence\n|-damage|p2a: Salamence|34\/100\n|\n|upkeep\n|turn|12\n|\n|t:|1698749358\n|detailschange|p2a: Salamence|Salamence-Mega, M\n|-mega|p2a: Salamence|Salamence|Salamencite\n|move|p1a: Zacian|Swords Dance|p1a: Zacian\n|-boost|p1a: Zacian|atk|2\n|move|p2a: Salamence|Earthquake|p1a: Zacian\n|-supereffective|p1a: Zacian\n|-damage|p1a: Zacian|14\/100\n|\n|upkeep\n|turn|13\n|\n|t:|1698749367\n|move|p1a: Zacian|Behemoth Blade|p2a: Salamence\n|-damage|p2a: Salamence|0 fnt\n|faint|p2a: Salamence\n|\n|upkeep\n|\n|t:|1698749370\n|switch|p2a: Marshadow|Marshadow, tera:Ghost|91\/100\n|turn|14\n|\n|t:|1698749374\n|move|p2a: Marshadow|Shadow Sneak|p1a: Zacian\n|-damage|p1a: Zacian|0 fnt\n|faint|p1a: Zacian\n|-damage|p2a: Marshadow|81\/100|[from] item: Life Orb\n|\n|upkeep\n|\n|t:|1698749388\n|switch|p1a: Arceus|Arceus|100\/100\n|-damage|p1a: Arceus|88\/100|[from] Stealth Rock\n|turn|15\n|\n|t:|1698749395\n|-terastallize|p1a: Arceus|Ghost\n|move|p2a: Marshadow|Close Combat|p1a: Arceus\n|-immune|p1a: Arceus\n|move|p1a: Arceus|Will-O-Wisp|p2a: Marshadow\n|-status|p2a: Marshadow|brn\n|\n|-damage|p2a: Marshadow|74\/100 brn|[from] brn\n|upkeep\n|turn|16\n|\n|t:|1698749413\n|switch|p2a: Xerneas|Xerneas|100\/100\n|-ability|p2a: Xerneas|Fairy Aura\n|move|p1a: Arceus|Shadow Force||[still]\n|-prepare|p1a: Arceus|Shadow Force\n|\n|upkeep\n|turn|17\n|\n|t:|1698749420\n|move|p1a: Arceus|Shadow Force|p2a: Xerneas|[from]lockedmove\n|-damage|p2a: Xerneas|26\/100\n|-damage|p1a: Arceus|78\/100|[from] item: Life Orb\n|move|p2a: Xerneas|Geomancy||[still]\n|-prepare|p2a: Xerneas|Geomancy\n|-enditem|p2a: Xerneas|Power Herb\n|-anim|p2a: Xerneas|Geomancy|p2a: Xerneas\n|-boost|p2a: Xerneas|spa|2\n|-boost|p2a: Xerneas|spd|2\n|-boost|p2a: Xerneas|spe|2\n|\n|upkeep\n|turn|18\n|\n|t:|1698749430\n|move|p1a: Arceus|Extreme Speed|p2a: Xerneas\n|-damage|p2a: Xerneas|0 fnt\n|faint|p2a: Xerneas\n|-damage|p1a: Arceus|68\/100|[from] item: Life Orb\n|\n|upkeep\n|\n|t:|1698749433\n|switch|p2a: Zygarde|Zygarde|100\/100\n|turn|19\n|\n|t:|1698749440\n|switch|p1a: Kyogre|Kyogre|100\/100\n|-damage|p1a: Kyogre|88\/100|[from] Stealth Rock\n|detailschange|p1a: Kyogre|Kyogre-Primal\n|-primal|p1a: Kyogre|Blue Orb\n|-weather|PrimordialSea|[from] ability: Primordial Sea|[of] p1a: Kyogre\n|move|p2a: Zygarde|Dragon Dance|p2a: Zygarde\n|-boost|p2a: Zygarde|atk|1\n|-boost|p2a: Zygarde|spe|1\n|\n|-weather|PrimordialSea|[upkeep]\n|upkeep\n|turn|20\n|\n|t:|1698749454\n|move|p2a: Zygarde|Thousand Arrows|p1a: Kyogre\n|-damage|p1a: Kyogre|27\/100\n|move|p1a: Kyogre|Scald|p2a: Zygarde\n|-damage|p2a: Zygarde|11\/100\n|\n|-weather|PrimordialSea|[upkeep]\n|-heal|p2a: Zygarde|18\/100|[from] item: Leftovers\n|-activate|p2a: Zygarde|ability: Power Construct\n|detailschange|p2a: Zygarde|Zygarde-Complete\n|-heal|p2a: Zygarde|49\/100|[silent]\n|upkeep\n|turn|21\n|\n|t:|1698749467\n|move|p2a: Zygarde|Thousand Arrows|p1a: Kyogre\n|-damage|p1a: Kyogre|0 fnt\n|faint|p1a: Kyogre\n|-weather|none\n|\n|-heal|p2a: Zygarde|55\/100|[from] item: Leftovers\n|upkeep\n|\n|t:|1698749475\n|switch|p1a: Arceus|Arceus, tera:Ghost|68\/100\n|-damage|p1a: Arceus|56\/100|[from] Stealth Rock\n|turn|22\n|\n|t:|1698749479\n|move|p2a: Zygarde|Substitute|p2a: Zygarde\n|-start|p2a: Zygarde|Substitute\n|-damage|p2a: Zygarde|30\/100\n|move|p1a: Arceus|Will-O-Wisp||[still]\n|-fail|p1a: Arceus\n|\n|-heal|p2a: Zygarde|36\/100|[from] item: Leftovers\n|upkeep\n|turn|23\n|\n|t:|1698749488\n|move|p1a: Arceus|Extreme Speed|p2a: Zygarde\n|-end|p2a: Zygarde|Substitute\n|-damage|p1a: Arceus|46\/100|[from] item: Life Orb\n|move|p2a: Zygarde|Thousand Arrows|p1a: Arceus\n|-damage|p1a: Arceus|0 fnt\n|faint|p1a: Arceus\n|\n|-heal|p2a: Zygarde|42\/100|[from] item: Leftovers\n|upkeep\n|\n|t:|1698749499\n|switch|p1a: Groudon|Groudon|100\/100\n|-damage|p1a: Groudon|94\/100|[from] Stealth Rock\n|detailschange|p1a: Groudon|Groudon-Primal\n|-primal|p1a: Groudon|Red Orb\n|-weather|DesolateLand|[from] ability: Desolate Land|[of] p1a: Groudon\n|turn|24\n|\n|t:|1698749506\n|move|p2a: Zygarde|Thousand Arrows|p1a: Groudon\n|-supereffective|p1a: Groudon\n|-damage|p1a: Groudon|25\/100\n|move|p1a: Groudon|Precipice Blades|p2a: Zygarde|[miss]\n|-miss|p1a: Groudon|p2a: Zygarde\n|\n|-weather|DesolateLand|[upkeep]\n|-heal|p2a: Zygarde|48\/100|[from] item: Leftovers\n|upkeep\n|turn|25\n|-message|85792195wwww forfeited.\n|\n|win|AGisgood\u82cd\u54cd\u4fa0\n|raw|85792195wwww's rating: 1721 &rarr; <strong>1692<\/strong><br \/>(-29 for losing)\n|raw|AGisgood\u82cd\u54cd\u4fa0's rating: 1561 &rarr; <strong>1590<\/strong><br \/>(+29 for winning)\n|l|\u203d85792195wwww\n|j| flappy x\n|j| BewearJ\n|l| BewearJ\n|j| zhangdinglong\n|l| zhangdinglong\n|l| shamatetuanzhang\n|j| zhangdinglong\n|l| zhangdinglong\n","uploadtime":1698749613,"views":6,"p1id":"85792195wwww","p2id":"agisgood","formatid":"gen9nationaldexubers","rating":1590,"private":0,"password":""}