{"id":"gen9nationaldexubers-1991423539","p1":"EABL XD","p2":"HURRICANE984","format":"[Gen 9] National Dex Ubers","log":"|j|\u2606EABL XD\n|j|\u2606HURRICANE984\n|t:|1700075893\n|gametype|singles\n|player|p1|EABL XD|gambler|1264\n|player|p2|HURRICANE984|266|1305\n|teamsize|p1|6\n|teamsize|p2|6\n|gen|9\n|tier|[Gen 9] National Dex Ubers\n|rated|\n|rule|HP Percentage Mod: HP is shown in percentages\n|rule|Endless Battle Clause: Forcing endless battles is banned\n|rule|OHKO Clause: OHKO moves are banned\n|rule|Evasion Moves Clause: Evasion moves are banned\n|rule|Evasion Items Clause: Evasion items are banned\n|rule|Species Clause: Limit one of each Pok\u00e9mon\n|rule|Sleep Clause Mod: Limit one foe put to sleep\n|rule|Mega Rayquaza Clause: You cannot mega evolve Rayquaza\n|clearpoke\n|poke|p1|Ho-Oh|\n|poke|p1|Arceus-Ghost|\n|poke|p1|Roaring Moon|\n|poke|p1|Galvantula, F|\n|poke|p1|Pheromosa|\n|poke|p1|Groudon|\n|poke|p2|Urshifu-*, F|\n|poke|p2|Necrozma-Dusk-Mane|\n|poke|p2|Ogerpon-Hearthflame, F|\n|poke|p2|Xerneas-*|\n|poke|p2|Lugia|\n|poke|p2|Arceus-Electric|\n|teampreview\n|inactive|Battle timer is ON: inactive players will automatically lose when time's up. (requested by HURRICANE984)\n|\n|t:|1700075899\n|start\n|switch|p1a: Tula|Galvantula, F|100\/100\n|switch|p2a: Arceus|Arceus-Electric|100\/100\n|turn|1\n|\n|t:|1700075907\n|move|p1a: Tula|Sticky Web|p2a: Arceus\n|-sidestart|p2: HURRICANE984|move: Sticky Web\n|move|p2a: Arceus|Sludge Bomb|p1a: Tula\n|-damage|p1a: Tula|45\/100\n|-status|p1a: Tula|psn\n|\n|-damage|p1a: Tula|33\/100 psn|[from] psn\n|upkeep\n|turn|2\n|\n|t:|1700075916\n|switch|p1a: Arceus|Arceus-Ghost|100\/100\n|move|p2a: Arceus|Sludge Bomb|p1a: Arceus\n|-resisted|p1a: Arceus\n|-damage|p1a: Arceus|91\/100\n|-status|p1a: Arceus|psn\n|\n|-damage|p1a: Arceus|79\/100 psn|[from] psn\n|upkeep\n|turn|3\n|\n|t:|1700075930\n|move|p1a: Arceus|Toxic|p2a: Arceus\n|-status|p2a: Arceus|tox\n|move|p2a: Arceus|Judgment|p1a: Arceus\n|-damage|p1a: Arceus|38\/100 psn\n|\n|-damage|p1a: Arceus|25\/100 psn|[from] psn\n|-damage|p2a: Arceus|94\/100 tox|[from] psn\n|upkeep\n|turn|4\n|\n|t:|1700075938\n|switch|p1a: Don|Groudon, shiny|100\/100\n|detailschange|p1a: Don|Groudon-Primal, shiny\n|-primal|p1a: Don|Red Orb\n|-weather|DesolateLand|[from] ability: Desolate Land|[of] p1a: Don\n|move|p2a: Arceus|Judgment|p1a: Don\n|-immune|p1a: Don\n|\n|-weather|DesolateLand|[upkeep]\n|-damage|p2a: Arceus|82\/100 tox|[from] psn\n|upkeep\n|turn|5\n|\n|t:|1700075949\n|move|p1a: Don|Heat Crash|p2a: Arceus\n|-damage|p2a: Arceus|24\/100 tox\n|move|p2a: Arceus|Energy Ball|p1a: Don\n|-damage|p1a: Don|64\/100\n|\n|-weather|DesolateLand|[upkeep]\n|-damage|p2a: Arceus|6\/100 tox|[from] psn\n|upkeep\n|turn|6\n|\n|t:|1700075960\n|move|p1a: Don|Heat Crash|p2a: Arceus\n|-damage|p2a: Arceus|0 fnt\n|faint|p2a: Arceus\n|\n|-weather|DesolateLand|[upkeep]\n|upkeep\n|\n|t:|1700075965\n|switch|p2a: Lugia|Lugia|100\/100\n|turn|7\n|\n|t:|1700075971\n|move|p1a: Don|Heat Crash|p2a: Lugia\n|-damage|p2a: Lugia|61\/100\n|move|p2a: Lugia|Defog|p1a: Don\n|-unboost|p1a: Don|evasion|1\n|-sideend|p2: HURRICANE984|Sticky Web|[from] move: Defog|[of] p2a: Lugia\n|\n|-weather|DesolateLand|[upkeep]\n|-heal|p2a: Lugia|67\/100|[from] item: Leftovers\n|upkeep\n|turn|8\n|\n|t:|1700075985\n|-weather|none\n|switch|p1a: Arceus|Arceus-Ghost|25\/100 psn\n|move|p2a: Lugia|Aeroblast|p1a: Arceus\n|-damage|p1a: Arceus|0 fnt\n|faint|p1a: Arceus\n|\n|-heal|p2a: Lugia|74\/100|[from] item: Leftovers\n|upkeep\n|\n|t:|1700075988\n|switch|p1a: Pheromona|Pheromosa, shiny|100\/100\n|turn|9\n|\n|t:|1700075995\n|move|p1a: Pheromona|Triple Axel|p2a: Lugia\n|-supereffective|p2a: Lugia\n|-damage|p2a: Lugia|62\/100\n|-supereffective|p2a: Lugia\n|-damage|p2a: Lugia|39\/100\n|-supereffective|p2a: Lugia\n|-damage|p2a: Lugia|9\/100\n|-hitcount|p2a: Lugia|3\n|move|p2a: Lugia|Aeroblast|p1a: Pheromona\n|-supereffective|p1a: Pheromona\n|-damage|p1a: Pheromona|0 fnt\n|faint|p1a: Pheromona\n|\n|-heal|p2a: Lugia|15\/100|[from] item: Leftovers\n|upkeep\n|\n|t:|1700076001\n|switch|p1a: Tula|Galvantula, F|33\/100 psn\n|turn|10\n|\n|t:|1700076009\n|move|p1a: Tula|Thunder Wave|p2a: Lugia\n|-status|p2a: Lugia|par\n|move|p2a: Lugia|Aeroblast|p1a: Tula\n|-damage|p1a: Tula|0 fnt\n|faint|p1a: Tula\n|\n|-heal|p2a: Lugia|21\/100 par|[from] item: Leftovers\n|upkeep\n|\n|t:|1700076014\n|switch|p1a: P\u00e1jaro Feo|Ho-Oh, shiny|100\/100\n|turn|11\n|\n|t:|1700076017\n|-zpower|p1a: P\u00e1jaro Feo\n|move|p1a: P\u00e1jaro Feo|Z-Celebrate|p1a: P\u00e1jaro Feo|[anim]Celebrate\n|-boost|p1a: P\u00e1jaro Feo|atk|1|[zeffect]\n|-boost|p1a: P\u00e1jaro Feo|def|1|[zeffect]\n|-boost|p1a: P\u00e1jaro Feo|spa|1|[zeffect]\n|-boost|p1a: P\u00e1jaro Feo|spd|1|[zeffect]\n|-boost|p1a: P\u00e1jaro Feo|spe|1|[zeffect]\n|-activate|p1a: P\u00e1jaro Feo|move: Celebrate\n|cant|p2a: Lugia|par\n|\n|-heal|p2a: Lugia|27\/100 par|[from] item: Leftovers\n|upkeep\n|turn|12\n|\n|t:|1700076028\n|move|p1a: P\u00e1jaro Feo|Sacred Fire|p2a: Lugia\n|-damage|p2a: Lugia|0 fnt\n|faint|p2a: Lugia\n|\n|upkeep\n|\n|t:|1700076033\n|switch|p2a: Urshifu|Urshifu-Rapid-Strike, F|100\/100\n|turn|13\n|\n|t:|1700076038\n|move|p1a: P\u00e1jaro Feo|Brave Bird|p2a: Urshifu\n|-supereffective|p2a: Urshifu\n|-damage|p2a: Urshifu|0 fnt\n|faint|p2a: Urshifu\n|-damage|p1a: P\u00e1jaro Feo|68\/100|[from] Recoil\n|\n|upkeep\n|\n|t:|1700076044\n|switch|p2a: Xerneas|Xerneas|100\/100\n|-ability|p2a: Xerneas|Fairy Aura\n|turn|14\n|\n|t:|1700076057\n|move|p1a: P\u00e1jaro Feo|Sacred Fire|p2a: Xerneas\n|-damage|p2a: Xerneas|18\/100\n|-status|p2a: Xerneas|brn\n|move|p2a: Xerneas|Thunderbolt|p1a: P\u00e1jaro Feo\n|-supereffective|p1a: P\u00e1jaro Feo\n|-damage|p1a: P\u00e1jaro Feo|40\/100\n|\n|-damage|p2a: Xerneas|12\/100 brn|[from] brn\n|upkeep\n|turn|15\n|\n|t:|1700076067\n|move|p1a: P\u00e1jaro Feo|Earthquake|p2a: Xerneas\n|-damage|p2a: Xerneas|0 fnt\n|faint|p2a: Xerneas\n|\n|upkeep\n|\n|t:|1700076070\n|switch|p2a: Ogerpon|Ogerpon-Hearthflame, F|100\/100\n|-ability|p2a: Ogerpon|Mold Breaker\n|turn|16\n|\n|t:|1700076075\n|-terastallize|p2a: Ogerpon|Fire\n|detailschange|p2a: Ogerpon|Ogerpon-Hearthflame-Tera, F, tera:Fire\n|-ability|p2a: Ogerpon|Embody Aspect (Hearthflame)|boost\n|-boost|p2a: Ogerpon|atk|1\n|move|p1a: P\u00e1jaro Feo|Brave Bird|p2a: Ogerpon\n|-damage|p2a: Ogerpon|0 fnt\n|faint|p2a: Ogerpon\n|-damage|p1a: P\u00e1jaro Feo|12\/100|[from] Recoil\n|\n|upkeep\n|\n|t:|1700076081\n|switch|p2a: Necrozma|Necrozma-Dusk-Mane|100\/100\n|turn|17\n|\n|t:|1700076085\n|detailschange|p2a: Necrozma|Necrozma-Ultra\n|-burst|p2a: Necrozma|Necrozma|Ultranecrozium Z\n|move|p1a: P\u00e1jaro Feo|Sacred Fire|p2a: Necrozma\n|-resisted|p2a: Necrozma\n|-damage|p2a: Necrozma|63\/100\n|move|p2a: Necrozma|Photon Geyser|p1a: P\u00e1jaro Feo\n|-damage|p1a: P\u00e1jaro Feo|0 fnt\n|faint|p1a: P\u00e1jaro Feo\n|\n|upkeep\n|\n|t:|1700076099\n|switch|p1a: Salamanco|Roaring Moon|100\/100\n|-enditem|p1a: Salamanco|Booster Energy\n|-activate|p1a: Salamanco|ability: Protosynthesis|[fromitem]\n|-start|p1a: Salamanco|protosynthesisatk\n|turn|18\n|\n|t:|1700076105\n|-terastallize|p1a: Salamanco|Flying\n|move|p1a: Salamanco|Acrobatics|p2a: Necrozma\n|-crit|p2a: Necrozma\n|-damage|p2a: Necrozma|0 fnt\n|faint|p2a: Necrozma\n|\n|win|EABL XD\n|raw|EABL XD's rating: 1264 &rarr; <strong>1292<\/strong><br \/>(+28 for winning)\n|raw|HURRICANE984's rating: 1305 &rarr; <strong>1283<\/strong><br \/>(-22 for losing)\n|l|\u2606HURRICANE984\n","uploadtime":1700076120,"views":21,"p1id":"eablxd","p2id":"hurricane984","formatid":"gen9nationaldexubers","rating":1283,"private":0,"password":""}