{"id":"gen9nationaldexubers-1998922526","p1":"Save a Solar","p2":"ArianaGrandeBaddie","format":"[Gen 9] National Dex Ubers","log":"|j|\u2606Save a Solar\n|j|\u2606ArianaGrandeBaddie\n|t:|1701013472\n|gametype|singles\n|player|p1|Save a Solar|102|1382\n|player|p2|ArianaGrandeBaddie|169|1262\n|teamsize|p1|6\n|teamsize|p2|6\n|gen|9\n|tier|[Gen 9] National Dex Ubers\n|rated|\n|rule|HP Percentage Mod: HP is shown in percentages\n|rule|Endless Battle Clause: Forcing endless battles is banned\n|rule|OHKO Clause: OHKO moves are banned\n|rule|Evasion Moves Clause: Evasion moves are banned\n|rule|Evasion Items Clause: Evasion items are banned\n|rule|Species Clause: Limit one of each Pok\u00e9mon\n|rule|Sleep Clause Mod: Limit one foe put to sleep\n|rule|Mega Rayquaza Clause: You cannot mega evolve Rayquaza\n|clearpoke\n|poke|p1|Palkia-Origin|\n|poke|p1|Necrozma-Dusk-Mane|\n|poke|p1|Grimmsnarl, M|\n|poke|p1|Ditto|\n|poke|p1|Zygarde|\n|poke|p1|Deoxys-Speed|\n|poke|p2|Urshifu-*, M|\n|poke|p2|Magearna|\n|poke|p2|Annihilape, M|\n|poke|p2|Xerneas-*|\n|poke|p2|Flutter Mane|\n|poke|p2|Zacian-*|\n|teampreview\n|j| zpfhzy\n|\n|t:|1701013487\n|start\n|switch|p1a: BUT IT WAS I DEO!|Deoxys-Speed, shiny|100\/100\n|switch|p2a: Magearna|Magearna|100\/100\n|-ability|p1a: BUT IT WAS I DEO!|Pressure\n|turn|1\n|\n|t:|1701013496\n|move|p1a: BUT IT WAS I DEO!|Taunt|p2a: Magearna\n|-start|p2a: Magearna|move: Taunt\n|cant|p2a: Magearna|move: Taunt|Shift Gear\n|\n|upkeep\n|turn|2\n|\n|t:|1701013506\n|switch|p2a: Zacian|Zacian-Crowned|100\/100\n|-ability|p2a: Zacian|Intrepid Sword|boost\n|-boost|p2a: Zacian|atk|1\n|move|p1a: BUT IT WAS I DEO!|Stealth Rock|p2a: Zacian\n|-sidestart|p2: ArianaGrandeBaddie|move: Stealth Rock\n|\n|upkeep\n|turn|3\n|\n|t:|1701013516\n|move|p1a: BUT IT WAS I DEO!|Spikes|p2a: Zacian\n|-sidestart|p2: ArianaGrandeBaddie|Spikes\n|move|p2a: Zacian|Swords Dance|p2a: Zacian\n|-boost|p2a: Zacian|atk|2\n|\n|upkeep\n|turn|4\n|\n|t:|1701013522\n|move|p1a: BUT IT WAS I DEO!|Spikes|p2a: Zacian\n|-sidestart|p2: ArianaGrandeBaddie|Spikes\n|move|p2a: Zacian|Behemoth Blade|p1a: BUT IT WAS I DEO!\n|-enditem|p1a: BUT IT WAS I DEO!|Focus Sash\n|-damage|p1a: BUT IT WAS I DEO!|1\/100\n|\n|upkeep\n|turn|5\n|j| IC1\n|c| IC1|ay\n|\n|t:|1701013530\n|move|p1a: BUT IT WAS I DEO!|Spikes|p2a: Zacian\n|-sidestart|p2: ArianaGrandeBaddie|Spikes\n|move|p2a: Zacian|Behemoth Blade|p1a: BUT IT WAS I DEO!\n|-damage|p1a: BUT IT WAS I DEO!|0 fnt\n|faint|p1a: BUT IT WAS I DEO!\n|\n|upkeep\n|c|\u2606Save a Solar|mwuhaha\n|c|\u2606Save a Solar|ahahahahaaha\n|c|\u2606Save a Solar|ahahahaha\n|\n|t:|1701013545\n|switch|p1a: HARRY|Grimmsnarl, M, shiny|100\/100\n|turn|6\n|\n|t:|1701013552\n|-terastallize|p1a: HARRY|Steel\n|move|p1a: HARRY|Reflect|p1a: HARRY\n|-sidestart|p1: Save a Solar|Reflect\n|move|p2a: Zacian|Behemoth Blade|p1a: HARRY\n|-resisted|p1a: HARRY\n|-damage|p1a: HARRY|66\/100\n|\n|upkeep\n|turn|7\n|\n|t:|1701013562\n|move|p1a: HARRY|Light Screen|p1a: HARRY\n|-sidestart|p1: Save a Solar|move: Light Screen\n|move|p2a: Zacian|Wild Charge|p1a: HARRY\n|-damage|p1a: HARRY|25\/100\n|-damage|p2a: Zacian|88\/100|[from] Recoil\n|\n|upkeep\n|turn|8\n|\n|t:|1701013568\n|move|p1a: HARRY|Taunt|p2a: Zacian\n|-start|p2a: Zacian|move: Taunt\n|move|p2a: Zacian|Behemoth Blade|p1a: HARRY\n|-resisted|p1a: HARRY\n|-damage|p1a: HARRY|0 fnt\n|faint|p1a: HARRY\n|\n|upkeep\n|\n|t:|1701013571\n|switch|p1a: I'M YOU!|Ditto, shiny|100\/100\n|-transform|p1a: I'M YOU!|p2a: Zacian|[from] ability: Imposter\n|-ability|p1a: I'M YOU!|Intrepid Sword|boost\n|-boost|p1a: I'M YOU!|atk|1\n|turn|9\n|c|\u2606Save a Solar|goodnight\n|\n|t:|1701013584\n|move|p1a: I'M YOU!|Behemoth Blade|p2a: Zacian\n|-damage|p2a: Zacian|0 fnt\n|faint|p2a: Zacian\n|\n|upkeep\n|\n|t:|1701013594\n|switch|p2a: Magearna|Magearna|100\/100\n|-damage|p2a: Magearna|94\/100|[from] Stealth Rock\n|-damage|p2a: Magearna|69\/100|[from] Spikes\n|turn|10\n|\n|t:|1701013602\n|-terastallize|p2a: Magearna|Water\n|move|p1a: I'M YOU!|Behemoth Blade|p2a: Magearna\n|-resisted|p2a: Magearna\n|-damage|p2a: Magearna|0 fnt\n|faint|p2a: Magearna\n|\n|upkeep\n|\n|t:|1701013617\n|switch|p2a: Urshifu|Urshifu, M|100\/100\n|-damage|p2a: Urshifu|94\/100|[from] Stealth Rock\n|-damage|p2a: Urshifu|70\/100|[from] Spikes\n|turn|11\n|\n|t:|1701013623\n|move|p2a: Urshifu|Sucker Punch|p1a: I'M YOU!\n|-resisted|p1a: I'M YOU!\n|-damage|p1a: I'M YOU!|90\/100\n|move|p1a: I'M YOU!|Play Rough|p2a: Urshifu\n|-supereffective|p2a: Urshifu\n|-damage|p2a: Urshifu|0 fnt\n|faint|p2a: Urshifu\n|\n|upkeep\n|\n|t:|1701013642\n|switch|p2a: Annihilape|Annihilape, M|100\/100\n|-damage|p2a: Annihilape|94\/100|[from] Stealth Rock\n|-damage|p2a: Annihilape|70\/100|[from] Spikes\n|turn|12\n|\n|t:|1701013649\n|move|p1a: I'M YOU!|Play Rough|p2a: Annihilape\n|-supereffective|p2a: Annihilape\n|-damage|p2a: Annihilape|0 fnt\n|faint|p2a: Annihilape\n|\n|upkeep\n|\n|t:|1701013654\n|switch|p2a: Flutter Mane|Flutter Mane|100\/100\n|-damage|p2a: Flutter Mane|88\/100|[from] Stealth Rock\n|-damage|p2a: Flutter Mane|63\/100|[from] Spikes\n|turn|13\n|\n|t:|1701013659\n|move|p1a: I'M YOU!|Behemoth Blade|p2a: Flutter Mane\n|-supereffective|p2a: Flutter Mane\n|-damage|p2a: Flutter Mane|0 fnt\n|faint|p2a: Flutter Mane\n|-end|p2a: Flutter Mane|Protosynthesis|[silent]\n|\n|-sideend|p1: Save a Solar|Reflect\n|upkeep\n|\n|t:|1701013668\n|switch|p2a: Xerneas|Xerneas|100\/100\n|-damage|p2a: Xerneas|88\/100|[from] Stealth Rock\n|-damage|p2a: Xerneas|63\/100|[from] Spikes\n|-ability|p2a: Xerneas|Fairy Aura\n|turn|14\n|\n|t:|1701013675\n|move|p1a: I'M YOU!|Behemoth Blade|p2a: Xerneas\n|-supereffective|p2a: Xerneas\n|-damage|p2a: Xerneas|0 fnt\n|faint|p2a: Xerneas\n|\n|win|Save a Solar\n|raw|Save a Solar's rating: 1382 &rarr; <strong>1395<\/strong><br \/>(+13 for winning)\n|raw|ArianaGrandeBaddie's rating: 1262 &rarr; <strong>1245<\/strong><br \/>(-17 for losing)\n|c|\u2606Save a Solar|gg\n","uploadtime":1701013692,"views":1,"p1id":"saveasolar","p2id":"arianagrandebaddie","formatid":"gen9nationaldexubers","rating":1245,"private":0,"password":""}