{"id":"gen9nationaldexubers-1992295119","p1":"Cup of Diet Milk","p2":"Honningborgen","format":"[Gen 9] National Dex Ubers","log":"|j|\u2606Cup of Diet Milk\n|j|\u2606Honningborgen\n|t:|1700171869\n|gametype|singles\n|player|p1|Cup of Diet Milk|unknown|1209\n|player|p2|Honningborgen|policeman-gen4|1269\n|teamsize|p1|6\n|teamsize|p2|6\n|gen|9\n|tier|[Gen 9] National Dex Ubers\n|rated|\n|rule|HP Percentage Mod: HP is shown in percentages\n|rule|Endless Battle Clause: Forcing endless battles is banned\n|rule|OHKO Clause: OHKO moves are banned\n|rule|Evasion Moves Clause: Evasion moves are banned\n|rule|Evasion Items Clause: Evasion items are banned\n|rule|Species Clause: Limit one of each Pok\u00e9mon\n|rule|Sleep Clause Mod: Limit one foe put to sleep\n|rule|Mega Rayquaza Clause: You cannot mega evolve Rayquaza\n|clearpoke\n|poke|p1|Blissey, F|\n|poke|p1|Ferrothorn, M|\n|poke|p1|Hatterene, F|\n|poke|p1|Rotom-Heat|\n|poke|p1|Sableye, M|\n|poke|p1|Zygarde|\n|poke|p2|Gengar, F|\n|poke|p2|Clefable, M|\n|poke|p2|Ho-Oh|\n|poke|p2|Fearow, F|\n|poke|p2|Lapras, M|\n|poke|p2|Great Tusk|\n|teampreview\n|inactive|Battle timer is ON: inactive players will automatically lose when time's up. (requested by Honningborgen)\n|\n|t:|1700171882\n|start\n|switch|p1a: Sableye|Sableye, M, shiny|100\/100\n|switch|p2a: Fearow|Fearow, F|100\/100\n|turn|1\n|\n|t:|1700171889\n|detailschange|p1a: Sableye|Sableye-Mega, M, shiny\n|-mega|p1a: Sableye|Sableye|Sablenite\n|move|p2a: Fearow|Sky Attack||[still]\n|-prepare|p2a: Fearow|Sky Attack\n|-enditem|p2a: Fearow|Power Herb\n|-anim|p2a: Fearow|Sky Attack|p1a: Sableye\n|-damage|p1a: Sableye|43\/100\n|move|p1a: Sableye|Knock Off|p2a: Fearow\n|-damage|p2a: Fearow|64\/100\n|\n|upkeep\n|turn|2\n|\n|t:|1700171901\n|move|p2a: Fearow|Focus Energy|p2a: Fearow\n|-start|p2a: Fearow|move: Focus Energy\n|move|p1a: Sableye|Recover|p1a: Sableye\n|-heal|p1a: Sableye|93\/100\n|\n|upkeep\n|turn|3\n|\n|t:|1700171907\n|move|p2a: Fearow|Sky Attack||[still]\n|-prepare|p2a: Fearow|Sky Attack\n|move|p1a: Sableye|Will-O-Wisp|p2a: Fearow\n|-status|p2a: Fearow|brn\n|\n|-damage|p2a: Fearow|58\/100 brn|[from] brn\n|upkeep\n|turn|4\n|\n|t:|1700171920\n|move|p2a: Fearow|Sky Attack|p1a: Sableye|[from]lockedmove\n|-crit|p1a: Sableye\n|-damage|p1a: Sableye|36\/100\n|move|p1a: Sableye|Knock Off|p2a: Fearow\n|-damage|p2a: Fearow|20\/100 brn\n|\n|-damage|p2a: Fearow|14\/100 brn|[from] brn\n|upkeep\n|turn|5\n|\n|t:|1700171929\n|move|p2a: Fearow|Sky Attack||[still]\n|-prepare|p2a: Fearow|Sky Attack\n|move|p1a: Sableye|Recover|p1a: Sableye\n|-heal|p1a: Sableye|86\/100\n|\n|-damage|p2a: Fearow|8\/100 brn|[from] brn\n|upkeep\n|turn|6\n|\n|t:|1700171937\n|move|p2a: Fearow|Sky Attack|p1a: Sableye|[from]lockedmove\n|-crit|p1a: Sableye\n|-damage|p1a: Sableye|27\/100\n|move|p1a: Sableye|Knock Off|p2a: Fearow\n|-damage|p2a: Fearow|0 fnt\n|faint|p2a: Fearow\n|\n|upkeep\n|\n|t:|1700171940\n|switch|p2a: Gengar|Gengar, F|100\/100\n|turn|7\n|\n|t:|1700171948\n|switch|p1a: Blissey|Blissey, F, shiny|100\/100\n|move|p2a: Gengar|Shadow Ball|p1a: Blissey\n|-immune|p1a: Blissey\n|\n|upkeep\n|turn|8\n|\n|t:|1700171956\n|switch|p2a: Lapras|Lapras, M|100\/100\n|move|p1a: Blissey|Shadow Ball|p2a: Lapras\n|-damage|p2a: Lapras|93\/100\n|\n|upkeep\n|turn|9\n|\n|t:|1700171962\n|move|p1a: Blissey|Tri Attack|p2a: Lapras\n|-damage|p2a: Lapras|80\/100\n|-status|p2a: Lapras|brn\n|move|p2a: Lapras|Curse|p2a: Lapras\n|-unboost|p2a: Lapras|spe|1\n|-boost|p2a: Lapras|atk|1\n|-boost|p2a: Lapras|def|1\n|\n|-damage|p2a: Lapras|74\/100 brn|[from] brn\n|upkeep\n|turn|10\n|\n|t:|1700171974\n|switch|p1a: Ferrothorn|Ferrothorn, M, shiny|100\/100\n|move|p2a: Lapras|Curse|p2a: Lapras\n|-unboost|p2a: Lapras|spe|1\n|-boost|p2a: Lapras|atk|1\n|-boost|p2a: Lapras|def|1\n|\n|-damage|p2a: Lapras|68\/100 brn|[from] brn\n|upkeep\n|turn|11\n|\n|t:|1700171984\n|move|p2a: Lapras|Rest|p2a: Lapras\n|-status|p2a: Lapras|slp|[from] move: Rest\n|-heal|p2a: Lapras|100\/100 slp|[silent]\n|-enditem|p2a: Lapras|Chesto Berry|[eat]\n|-curestatus|p2a: Lapras|slp|[msg]\n|move|p1a: Ferrothorn|Leech Seed|p2a: Lapras\n|-start|p2a: Lapras|move: Leech Seed\n|\n|-damage|p2a: Lapras|88\/100|[from] Leech Seed|[of] p1a: Ferrothorn\n|upkeep\n|turn|12\n|\n|t:|1700171994\n|move|p2a: Lapras|Curse|p2a: Lapras\n|-unboost|p2a: Lapras|spe|1\n|-boost|p2a: Lapras|atk|1\n|-boost|p2a: Lapras|def|1\n|move|p1a: Ferrothorn|Stealth Rock|p2a: Lapras\n|-sidestart|p2: Honningborgen|move: Stealth Rock\n|\n|-damage|p2a: Lapras|76\/100|[from] Leech Seed|[of] p1a: Ferrothorn\n|upkeep\n|turn|13\n|\n|t:|1700172006\n|move|p2a: Lapras|Curse|p2a: Lapras\n|-unboost|p2a: Lapras|spe|1\n|-boost|p2a: Lapras|atk|1\n|-boost|p2a: Lapras|def|1\n|move|p1a: Ferrothorn|Power Whip|p2a: Lapras|[miss]\n|-miss|p1a: Ferrothorn|p2a: Lapras\n|\n|-damage|p2a: Lapras|64\/100|[from] Leech Seed|[of] p1a: Ferrothorn\n|upkeep\n|turn|14\n|\n|t:|1700172016\n|move|p1a: Ferrothorn|Power Whip|p2a: Lapras|[miss]\n|-miss|p1a: Ferrothorn|p2a: Lapras\n|move|p2a: Lapras|Avalanche|p1a: Ferrothorn\n|-damage|p1a: Ferrothorn|61\/100\n|-damage|p2a: Lapras|51\/100|[from] ability: Iron Barbs|[of] p1a: Ferrothorn\n|-damage|p2a: Lapras|35\/100|[from] item: Rocky Helmet|[of] p1a: Ferrothorn\n|\n|-damage|p2a: Lapras|22\/100|[from] Leech Seed|[of] p1a: Ferrothorn\n|-heal|p1a: Ferrothorn|81\/100|[silent]\n|upkeep\n|turn|15\n|\n|t:|1700172043\n|-terastallize|p2a: Lapras|Poison\n|move|p1a: Ferrothorn|Gyro Ball|p2a: Lapras\n|-damage|p2a: Lapras|20\/100\n|move|p2a: Lapras|Rest|p2a: Lapras\n|-status|p2a: Lapras|slp|[from] move: Rest\n|-heal|p2a: Lapras|100\/100 slp|[silent]\n|\n|-damage|p2a: Lapras|88\/100 slp|[from] Leech Seed|[of] p1a: Ferrothorn\n|-heal|p1a: Ferrothorn|100\/100|[silent]\n|upkeep\n|turn|16\n|\n|t:|1700172062\n|switch|p1a: Sableye|Sableye-Mega, M, shiny|27\/100\n|switch|p2a: Ho-Oh|Ho-Oh|100\/100\n|\n|upkeep\n|turn|17\n|\n|t:|1700172070\n|switch|p1a: Rotom|Rotom-Heat, shiny|100\/100\n|move|p2a: Ho-Oh|Sacred Fire|p1a: Rotom|[miss]\n|-miss|p2a: Ho-Oh|p1a: Rotom\n|\n|upkeep\n|turn|18\n|\n|t:|1700172077\n|move|p2a: Ho-Oh|Toxic|p1a: Rotom\n|-status|p1a: Rotom|tox\n|move|p1a: Rotom|Discharge|p2a: Ho-Oh\n|-supereffective|p2a: Ho-Oh\n|-damage|p2a: Ho-Oh|67\/100\n|\n|-damage|p1a: Rotom|94\/100 tox|[from] psn\n|upkeep\n|turn|19\n|\n|t:|1700172087\n|move|p2a: Ho-Oh|Defog|p1a: Rotom\n|-unboost|p1a: Rotom|evasion|1\n|-sideend|p2: Honningborgen|Stealth Rock|[from] move: Defog|[of] p2a: Ho-Oh\n|move|p1a: Rotom|Discharge|p2a: Ho-Oh\n|-supereffective|p2a: Ho-Oh\n|-crit|p2a: Ho-Oh\n|-damage|p2a: Ho-Oh|17\/100\n|\n|-damage|p1a: Rotom|82\/100 tox|[from] psn\n|upkeep\n|turn|20\n|\n|t:|1700172100\n|switch|p2a: Clefable|Clefable, M|100\/100\n|move|p1a: Rotom|Discharge|p2a: Clefable\n|-damage|p2a: Clefable|74\/100\n|\n|-heal|p2a: Clefable|80\/100|[from] item: Leftovers\n|-damage|p1a: Rotom|63\/100 tox|[from] psn\n|upkeep\n|turn|21\n|\n|t:|1700172110\n|move|p1a: Rotom|Discharge|p2a: Clefable\n|-damage|p2a: Clefable|52\/100\n|move|p2a: Clefable|Moonblast|p1a: Rotom\n|-resisted|p1a: Rotom\n|-damage|p1a: Rotom|48\/100 tox\n|-unboost|p1a: Rotom|spa|1\n|\n|-heal|p2a: Clefable|58\/100|[from] item: Leftovers\n|-damage|p1a: Rotom|24\/100 tox|[from] psn\n|upkeep\n|turn|22\n|\n|t:|1700172122\n|switch|p1a: Ferrothorn|Ferrothorn, M, shiny|100\/100\n|move|p2a: Clefable|Soft-Boiled|p2a: Clefable\n|-heal|p2a: Clefable|100\/100\n|\n|upkeep\n|turn|23\n|\n|t:|1700172137\n|move|p2a: Clefable|Stealth Rock|p1a: Ferrothorn\n|-sidestart|p1: Cup of Diet Milk|move: Stealth Rock\n|move|p1a: Ferrothorn|Leech Seed|p2a: Clefable\n|-start|p2a: Clefable|move: Leech Seed\n|\n|-damage|p2a: Clefable|88\/100|[from] Leech Seed|[of] p1a: Ferrothorn\n|upkeep\n|turn|24\n|\n|t:|1700172144\n|move|p2a: Clefable|Mystical Fire|p1a: Ferrothorn\n|-supereffective|p1a: Ferrothorn\n|-damage|p1a: Ferrothorn|38\/100\n|-unboost|p1a: Ferrothorn|spa|1\n|move|p1a: Ferrothorn|Stealth Rock|p2a: Clefable\n|-sidestart|p2: Honningborgen|move: Stealth Rock\n|\n|-heal|p2a: Clefable|94\/100|[from] item: Leftovers\n|-damage|p2a: Clefable|82\/100|[from] Leech Seed|[of] p1a: Ferrothorn\n|-heal|p1a: Ferrothorn|55\/100|[silent]\n|upkeep\n|turn|25\n|\n|t:|1700172156\n|switch|p1a: Blissey|Blissey, F, shiny|100\/100\n|-damage|p1a: Blissey|88\/100|[from] Stealth Rock\n|move|p2a: Clefable|Moonblast|p1a: Blissey\n|-crit|p1a: Blissey\n|-damage|p1a: Blissey|74\/100\n|\n|-heal|p2a: Clefable|88\/100|[from] item: Leftovers\n|-damage|p2a: Clefable|75\/100|[from] Leech Seed|[of] p1a: Blissey\n|-heal|p1a: Blissey|81\/100|[silent]\n|upkeep\n|turn|26\n|\n|t:|1700172166\n|switch|p2a: Lapras|Lapras, M, tera:Poison|88\/100 slp\n|-damage|p2a: Lapras|76\/100 slp|[from] Stealth Rock\n|move|p1a: Blissey|Tri Attack|p2a: Lapras\n|-damage|p2a: Lapras|62\/100 slp\n|\n|upkeep\n|turn|27\n|\n|t:|1700172178\n|move|p1a: Blissey|Shadow Ball|p2a: Lapras\n|-damage|p2a: Lapras|55\/100 slp\n|cant|p2a: Lapras|slp\n|\n|upkeep\n|turn|28\n|\n|t:|1700172184\n|move|p1a: Blissey|Shadow Ball|p2a: Lapras\n|-damage|p2a: Lapras|47\/100 slp\n|cant|p2a: Lapras|slp\n|\n|upkeep\n|turn|29\n|\n|t:|1700172190\n|move|p1a: Blissey|Shadow Ball|p2a: Lapras\n|-damage|p2a: Lapras|40\/100 slp\n|-curestatus|p2a: Lapras|slp|[msg]\n|move|p2a: Lapras|Curse|p2a: Lapras\n|-unboost|p2a: Lapras|spe|1\n|-boost|p2a: Lapras|atk|1\n|-boost|p2a: Lapras|def|1\n|\n|upkeep\n|turn|30\n|\n|t:|1700172199\n|move|p1a: Blissey|Tri Attack|p2a: Lapras\n|-damage|p2a: Lapras|26\/100\n|-status|p2a: Lapras|frz\n|cant|p2a: Lapras|frz\n|\n|upkeep\n|turn|31\n|\n|t:|1700172207\n|move|p1a: Blissey|Shadow Ball|p2a: Lapras\n|-damage|p2a: Lapras|19\/100 frz\n|-unboost|p2a: Lapras|spd|1\n|-curestatus|p2a: Lapras|frz|[msg]\n|move|p2a: Lapras|Avalanche|p1a: Blissey\n|-damage|p1a: Blissey|0 fnt\n|faint|p1a: Blissey\n|\n|upkeep\n|\n|t:|1700172221\n|switch|p1a: Zygarde|Zygarde, shiny|100\/100\n|-damage|p1a: Zygarde|94\/100|[from] Stealth Rock\n|turn|32\n|\n|t:|1700172227\n|-terastallize|p1a: Zygarde|Steel\n|move|p1a: Zygarde|Dragon Dance|p1a: Zygarde\n|-boost|p1a: Zygarde|atk|1\n|-boost|p1a: Zygarde|spe|1\n|move|p2a: Lapras|Avalanche|p1a: Zygarde\n|-resisted|p1a: Zygarde\n|-damage|p1a: Zygarde|85\/100\n|\n|upkeep\n|turn|33\n|\n|t:|1700172236\n|move|p1a: Zygarde|Dragon Dance|p1a: Zygarde\n|-boost|p1a: Zygarde|atk|1\n|-boost|p1a: Zygarde|spe|1\n|move|p2a: Lapras|Liquidation|p1a: Zygarde\n|-damage|p1a: Zygarde|63\/100\n|\n|upkeep\n|turn|34\n|\n|t:|1700172248\n|move|p1a: Zygarde|Dragon Dance|p1a: Zygarde\n|-boost|p1a: Zygarde|atk|1\n|-boost|p1a: Zygarde|spe|1\n|move|p2a: Lapras|Liquidation|p1a: Zygarde\n|-damage|p1a: Zygarde|42\/100\n|\n|-activate|p1a: Zygarde|ability: Power Construct\n|detailschange|p1a: Zygarde|Zygarde-Complete, shiny, tera:Steel\n|-heal|p1a: Zygarde|64\/100|[silent]\n|upkeep\n|turn|35\n|\n|t:|1700172261\n|move|p1a: Zygarde|Dragon Dance|p1a: Zygarde\n|-boost|p1a: Zygarde|atk|1\n|-boost|p1a: Zygarde|spe|1\n|move|p2a: Lapras|Liquidation|p1a: Zygarde\n|-damage|p1a: Zygarde|48\/100\n|\n|upkeep\n|turn|36\n|\n|t:|1700172268\n|move|p1a: Zygarde|Dragon Dance|p1a: Zygarde\n|-boost|p1a: Zygarde|atk|1\n|-boost|p1a: Zygarde|spe|1\n|move|p2a: Lapras|Liquidation|p1a: Zygarde\n|-damage|p1a: Zygarde|33\/100\n|-unboost|p1a: Zygarde|def|1\n|\n|upkeep\n|turn|37\n|\n|t:|1700172276\n|move|p1a: Zygarde|Thousand Arrows|p2a: Lapras\n|-supereffective|p2a: Lapras\n|-damage|p2a: Lapras|0 fnt\n|faint|p2a: Lapras\n|\n|upkeep\n|\n|t:|1700172279\n|switch|p2a: Clefable|Clefable, M|75\/100\n|-damage|p2a: Clefable|63\/100|[from] Stealth Rock\n|turn|38\n|\n|t:|1700172286\n|move|p1a: Zygarde|Iron Tail|p2a: Clefable\n|-supereffective|p2a: Clefable\n|-damage|p2a: Clefable|15\/100\n|move|p2a: Clefable|Soft-Boiled|p2a: Clefable\n|-heal|p2a: Clefable|65\/100\n|\n|-heal|p2a: Clefable|71\/100|[from] item: Leftovers\n|upkeep\n|turn|39\n|\n|t:|1700172294\n|move|p1a: Zygarde|Iron Tail|p2a: Clefable\n|-supereffective|p2a: Clefable\n|-damage|p2a: Clefable|16\/100\n|-unboost|p2a: Clefable|def|1\n|cant|p2a: Clefable|flinch\n|\n|-heal|p2a: Clefable|22\/100|[from] item: Leftovers\n|upkeep\n|turn|40\n|\n|t:|1700172303\n|switch|p2a: Ho-Oh|Ho-Oh|50\/100\n|move|p1a: Zygarde|Thousand Arrows|p2a: Ho-Oh\n|-damage|p2a: Ho-Oh|0 fnt\n|faint|p2a: Ho-Oh\n|\n|upkeep\n|\n|t:|1700172305\n|switch|p2a: Great Tusk|Great Tusk|100\/100\n|-damage|p2a: Great Tusk|98\/100|[from] Stealth Rock\n|-enditem|p2a: Great Tusk|Booster Energy\n|-activate|p2a: Great Tusk|ability: Protosynthesis|[fromitem]\n|-start|p2a: Great Tusk|protosynthesisspe\n|turn|41\n|\n|t:|1700172316\n|move|p1a: Zygarde|Thousand Arrows|p2a: Great Tusk\n|-damage|p2a: Great Tusk|28\/100\n|move|p2a: Great Tusk|Headlong Rush|p1a: Zygarde\n|-supereffective|p1a: Zygarde\n|-damage|p1a: Zygarde|0 fnt\n|-unboost|p2a: Great Tusk|def|1\n|-unboost|p2a: Great Tusk|spd|1\n|faint|p1a: Zygarde\n|\n|upkeep\n|inactive|Cup of Diet Milk has 120 seconds left.\n|\n|t:|1700172345\n|switch|p1a: Ferrothorn|Ferrothorn, M, shiny|55\/100\n|-damage|p1a: Ferrothorn|49\/100|[from] Stealth Rock\n|turn|42\n|\n|t:|1700172351\n|move|p2a: Great Tusk|Close Combat|p1a: Ferrothorn\n|-supereffective|p1a: Ferrothorn\n|-damage|p1a: Ferrothorn|0 fnt\n|-unboost|p2a: Great Tusk|def|1\n|-unboost|p2a: Great Tusk|spd|1\n|-damage|p2a: Great Tusk|16\/100|[from] ability: Iron Barbs|[of] p1a: Ferrothorn\n|-damage|p2a: Great Tusk|0 fnt|[from] item: Rocky Helmet|[of] p1a: Ferrothorn\n|faint|p1a: Ferrothorn\n|faint|p2a: Great Tusk\n|-end|p2a: Great Tusk|Protosynthesis|[silent]\n|\n|upkeep\n|\n|t:|1700172365\n|switch|p2a: Gengar|Gengar, F|100\/100\n|switch|p1a: Hatterene|Hatterene, F, shiny|100\/100\n|-damage|p2a: Gengar|88\/100|[from] Stealth Rock\n|-damage|p1a: Hatterene|88\/100|[from] Stealth Rock\n|turn|43\n|\n|t:|1700172378\n|move|p2a: Gengar|Shadow Ball|p1a: Hatterene\n|-supereffective|p1a: Hatterene\n|-damage|p1a: Hatterene|0 fnt\n|faint|p1a: Hatterene\n|\n|upkeep\n|-message|Cup of Diet Milk forfeited.\n|\n|win|Honningborgen\n|raw|Cup of Diet Milk's rating: 1209 &rarr; <strong>1188<\/strong><br \/>(-21 for losing)\n|raw|Honningborgen's rating: 1269 &rarr; <strong>1290<\/strong><br \/>(+21 for winning)\n|l|\u2606Cup of Diet Milk\n","uploadtime":1700172389,"views":21,"p1id":"cupofdietmilk","p2id":"honningborgen","formatid":"gen9nationaldexubers","rating":1188,"private":0,"password":""}