{"id":"gen9nationaldexubers-1993772742","p1":"MorningStar53","p2":"85792195wwww","format":"[Gen 9] National Dex Ubers","log":"|j|\u2606MorningStar53\n|j|\u260685792195wwww\n|t:|1700355481\n|gametype|singles\n|player|p1|MorningStar53|li|1464\n|player|p2|85792195wwww|mira|1699\n|teamsize|p1|6\n|teamsize|p2|6\n|gen|9\n|tier|[Gen 9] National Dex Ubers\n|rated|\n|rule|HP Percentage Mod: HP is shown in percentages\n|rule|Endless Battle Clause: Forcing endless battles is banned\n|rule|OHKO Clause: OHKO moves are banned\n|rule|Evasion Moves Clause: Evasion moves are banned\n|rule|Evasion Items Clause: Evasion items are banned\n|rule|Species Clause: Limit one of each Pok\u00e9mon\n|rule|Sleep Clause Mod: Limit one foe put to sleep\n|rule|Mega Rayquaza Clause: You cannot mega evolve Rayquaza\n|clearpoke\n|poke|p1|Marshadow|\n|poke|p1|Arceus-Water|\n|poke|p1|Xerneas-*|\n|poke|p1|Salamence, M|\n|poke|p1|Groudon|\n|poke|p1|Ho-Oh|\n|poke|p2|Arceus|\n|poke|p2|Marshadow|\n|poke|p2|Xerneas-*|\n|poke|p2|Mewtwo|\n|poke|p2|Krookodile, M|\n|poke|p2|Groudon|\n|teampreview\n|\n|t:|1700355490\n|start\n|switch|p1a: Xerneas|Xerneas|100\/100\n|switch|p2a: Mewtwo|Mewtwo|100\/100\n|-ability|p2a: Mewtwo|Pressure\n|-ability|p1a: Xerneas|Fairy Aura\n|turn|1\n|\n|t:|1700355503\n|switch|p2a: Groudon|Groudon|100\/100\n|detailschange|p2a: Groudon|Groudon-Primal\n|-primal|p2a: Groudon|Red Orb\n|-weather|DesolateLand|[from] ability: Desolate Land|[of] p2a: Groudon\n|move|p1a: Xerneas|Geomancy||[still]\n|-prepare|p1a: Xerneas|Geomancy\n|-enditem|p1a: Xerneas|Power Herb\n|-anim|p1a: Xerneas|Geomancy|p1a: Xerneas\n|-boost|p1a: Xerneas|spa|2\n|-boost|p1a: Xerneas|spd|2\n|-boost|p1a: Xerneas|spe|2\n|\n|-weather|DesolateLand|[upkeep]\n|upkeep\n|turn|2\n|\n|t:|1700355514\n|move|p1a: Xerneas|Moonblast|p2a: Groudon\n|-resisted|p2a: Groudon\n|-damage|p2a: Groudon|30\/100\n|-unboost|p2a: Groudon|spa|1\n|move|p2a: Groudon|Heat Crash|p1a: Xerneas\n|-damage|p1a: Xerneas|7\/100\n|\n|-weather|DesolateLand|[upkeep]\n|upkeep\n|turn|3\n|\n|t:|1700355523\n|move|p1a: Xerneas|Draining Kiss|p2a: Groudon\n|-resisted|p2a: Groudon\n|-crit|p2a: Groudon\n|-damage|p2a: Groudon|0 fnt\n|-heal|p1a: Xerneas|27\/100|[from] drain|[of] p2a: Groudon\n|faint|p2a: Groudon\n|-weather|none\n|\n|upkeep\n|\n|t:|1700355533\n|switch|p2a: Marshadow|Marshadow|100\/100\n|turn|4\n|\n|t:|1700355539\n|-terastallize|p1a: Xerneas|Normal\n|move|p2a: Marshadow|Shadow Sneak|p1a: Xerneas\n|-immune|p1a: Xerneas\n|move|p1a: Xerneas|Moonblast|p2a: Marshadow\n|-supereffective|p2a: Marshadow\n|-damage|p2a: Marshadow|0 fnt\n|faint|p2a: Marshadow\n|\n|upkeep\n|\n|t:|1700355549\n|switch|p2a: Arceus|Arceus|100\/100\n|turn|5\n|\n|t:|1700355554\n|move|p2a: Arceus|Extreme Speed|p1a: Xerneas\n|-damage|p1a: Xerneas|0 fnt\n|faint|p1a: Xerneas\n|-damage|p2a: Arceus|91\/100|[from] item: Life Orb\n|\n|upkeep\n|\n|t:|1700355560\n|switch|p1a: Salamence|Salamence, M|100\/100\n|-ability|p1a: Salamence|Intimidate|boost\n|-unboost|p2a: Arceus|atk|1\n|turn|6\n|\n|t:|1700355568\n|switch|p2a: Krookodile|Krookodile, M|100\/100\n|-ability|p2a: Krookodile|Intimidate|boost\n|-unboost|p1a: Salamence|atk|1\n|detailschange|p1a: Salamence|Salamence-Mega, M\n|-mega|p1a: Salamence|Salamence|Salamencite\n|move|p1a: Salamence|Double-Edge|p2a: Krookodile\n|-damage|p2a: Krookodile|33\/100\n|-damage|p1a: Salamence|79\/100|[from] Recoil\n|\n|upkeep\n|turn|7\n|\n|t:|1700355580\n|move|p1a: Salamence|Dragon Dance|p1a: Salamence\n|-boost|p1a: Salamence|atk|1\n|-boost|p1a: Salamence|spe|1\n|move|p2a: Krookodile|Stealth Rock|p1a: Salamence\n|-sidestart|p1: MorningStar53|move: Stealth Rock\n|\n|upkeep\n|turn|8\n|\n|t:|1700355592\n|switch|p2a: Mewtwo|Mewtwo|100\/100\n|-ability|p2a: Mewtwo|Pressure\n|move|p1a: Salamence|Dragon Dance|p1a: Salamence\n|-boost|p1a: Salamence|atk|1\n|-boost|p1a: Salamence|spe|1\n|\n|upkeep\n|turn|9\n|\n|t:|1700355601\n|switch|p2a: Krookodile|Krookodile, M|33\/100\n|-ability|p2a: Krookodile|Intimidate|boost\n|-unboost|p1a: Salamence|atk|1\n|move|p1a: Salamence|Double-Edge|p2a: Krookodile\n|-damage|p2a: Krookodile|0 fnt\n|faint|p2a: Krookodile\n|-damage|p1a: Salamence|68\/100|[from] Recoil\n|\n|upkeep\n|\n|t:|1700355613\n|switch|p2a: Mewtwo|Mewtwo|100\/100\n|-ability|p2a: Mewtwo|Pressure\n|turn|10\n|\n|t:|1700355618\n|move|p1a: Salamence|Double-Edge|p2a: Mewtwo\n|-damage|p2a: Mewtwo|12\/100\n|-damage|p1a: Salamence|38\/100|[from] Recoil\n|move|p2a: Mewtwo|Ice Beam|p1a: Salamence\n|-supereffective|p1a: Salamence\n|-damage|p1a: Salamence|0 fnt\n|faint|p1a: Salamence\n|\n|upkeep\n|\n|t:|1700355628\n|switch|p1a: Groudon|Groudon|100\/100\n|-damage|p1a: Groudon|94\/100|[from] Stealth Rock\n|detailschange|p1a: Groudon|Groudon-Primal\n|-primal|p1a: Groudon|Red Orb\n|-weather|DesolateLand|[from] ability: Desolate Land|[of] p1a: Groudon\n|turn|11\n|\n|t:|1700355638\n|detailschange|p2a: Mewtwo|Mewtwo-Mega-Y\n|-mega|p2a: Mewtwo|Mewtwo|Mewtwonite Y\n|move|p2a: Mewtwo|Earth Power|p1a: Groudon\n|-supereffective|p1a: Groudon\n|-damage|p1a: Groudon|0 fnt\n|faint|p1a: Groudon\n|-weather|none\n|\n|upkeep\n|\n|t:|1700355648\n|switch|p1a: Ho-Oh|Ho-Oh|100\/100\n|turn|12\n|\n|t:|1700355652\n|move|p2a: Mewtwo|Psystrike|p1a: Ho-Oh\n|-damage|p1a: Ho-Oh|58\/100\n|move|p1a: Ho-Oh|Defog|p2a: Mewtwo\n|-unboost|p2a: Mewtwo|evasion|1\n|-sideend|p1: MorningStar53|Stealth Rock|[from] move: Defog|[of] p1a: Ho-Oh\n|\n|upkeep\n|turn|13\n|\n|t:|1700355659\n|switch|p1a: Arceus|Arceus-Water|100\/100\n|move|p2a: Mewtwo|Psystrike|p1a: Arceus\n|-crit|p1a: Arceus\n|-damage|p1a: Arceus|33\/100\n|\n|upkeep\n|turn|14\n|\n|t:|1700355667\n|move|p2a: Mewtwo|Psystrike|p1a: Arceus\n|-damage|p1a: Arceus|0 fnt\n|faint|p1a: Arceus\n|\n|upkeep\n|\n|t:|1700355673\n|switch|p1a: Ho-Oh|Ho-Oh|91\/100\n|turn|15\n|\n|t:|1700355679\n|move|p2a: Mewtwo|Psystrike|p1a: Ho-Oh\n|-damage|p1a: Ho-Oh|43\/100\n|move|p1a: Ho-Oh|Sacred Fire|p2a: Mewtwo\n|-damage|p2a: Mewtwo|0 fnt\n|faint|p2a: Mewtwo\n|\n|upkeep\n|\n|t:|1700355688\n|switch|p2a: Arceus|Arceus|91\/100\n|turn|16\n|\n|t:|1700355693\n|move|p2a: Arceus|Swords Dance|p2a: Arceus\n|-boost|p2a: Arceus|atk|2\n|move|p1a: Ho-Oh|Recover|p1a: Ho-Oh\n|-heal|p1a: Ho-Oh|93\/100\n|\n|upkeep\n|turn|17\n|\n|t:|1700355700\n|move|p2a: Arceus|Shadow Claw|p1a: Ho-Oh\n|-damage|p1a: Ho-Oh|47\/100\n|-damage|p2a: Arceus|81\/100|[from] item: Life Orb\n|move|p1a: Ho-Oh|Toxic|p2a: Arceus|[miss]\n|-miss|p1a: Ho-Oh|p2a: Arceus\n|\n|upkeep\n|turn|18\n|\n|t:|1700355709\n|move|p2a: Arceus|Extreme Speed|p1a: Ho-Oh\n|-damage|p1a: Ho-Oh|0 fnt\n|faint|p1a: Ho-Oh\n|-damage|p2a: Arceus|71\/100|[from] item: Life Orb\n|\n|upkeep\n|\n|t:|1700355716\n|switch|p1a: Marshadow|Marshadow|100\/100\n|turn|19\n|\n|t:|1700355721\n|move|p1a: Marshadow|Drain Punch|p2a: Arceus\n|-supereffective|p2a: Arceus\n|-damage|p2a: Arceus|6\/100\n|move|p2a: Arceus|Shadow Claw|p1a: Marshadow\n|-supereffective|p1a: Marshadow\n|-enditem|p1a: Marshadow|Focus Sash\n|-damage|p1a: Marshadow|1\/100\n|-damage|p2a: Arceus|0 fnt|[from] item: Life Orb\n|faint|p2a: Arceus\n|\n|upkeep\n|\n|t:|1700355732\n|switch|p2a: Xerneas|Xerneas|100\/100\n|-ability|p2a: Xerneas|Fairy Aura\n|turn|20\n|\n|t:|1700355739\n|move|p1a: Marshadow|Spectral Thief|p2a: Xerneas\n|-damage|p2a: Xerneas|64\/100\n|move|p2a: Xerneas|Moonblast|p1a: Marshadow\n|-supereffective|p1a: Marshadow\n|-damage|p1a: Marshadow|0 fnt\n|faint|p1a: Marshadow\n|\n|win|85792195wwww\n|raw|MorningStar53's rating: 1464 &rarr; <strong>1456<\/strong><br \/>(-8 for losing)\n|raw|85792195wwww's rating: 1699 &rarr; <strong>1707<\/strong><br \/>(+8 for winning)\n|l|\u2606MorningStar53\n","uploadtime":1700355761,"views":7,"p1id":"morningstar53","p2id":"85792195wwww","formatid":"gen9nationaldexubers","rating":1456,"private":0,"password":""}