{"id":"gen9nationaldexubers-1990258048","p1":"MLAbbott","p2":"vuvu42","format":"[Gen 9] National Dex Ubers","log":"|j|\u2606MLAbbott\n|j|\u2606vuvu42\n|t:|1699946017\n|gametype|singles\n|player|p1|MLAbbott|ethan|\n|player|p2|vuvu42|byron|\n|teamsize|p1|6\n|teamsize|p2|6\n|gen|9\n|tier|[Gen 9] National Dex Ubers\n|rule|HP Percentage Mod: HP is shown in percentages\n|rule|Endless Battle Clause: Forcing endless battles is banned\n|rule|OHKO Clause: OHKO moves are banned\n|rule|Evasion Moves Clause: Evasion moves are banned\n|rule|Evasion Items Clause: Evasion items are banned\n|rule|Species Clause: Limit one of each Pok\u00e9mon\n|rule|Sleep Clause Mod: Limit one foe put to sleep\n|rule|Mega Rayquaza Clause: You cannot mega evolve Rayquaza\n|clearpoke\n|poke|p1|Iron Moth|\n|poke|p1|Hitmonlee, M|\n|poke|p1|Kleavor, F|\n|poke|p1|Pincurchin, F|\n|poke|p1|Gyarados, F|\n|poke|p1|Decidueye, M|\n|poke|p2|Charizard, F|\n|poke|p2|Great Tusk|\n|poke|p2|Slowbro, M|\n|poke|p2|Gholdengo|\n|poke|p2|Serperior, F|\n|poke|p2|Weavile, F|\n|teampreview\n|inactive|Battle timer is ON: inactive players will automatically lose when time's up. (requested by MLAbbott)\n|\n|t:|1699946027\n|start\n|switch|p1a: Shichibukai|Kleavor, F|100\/100\n|switch|p2a: neopets|Charizard, F|100\/100\n|turn|1\n|\n|t:|1699946037\n|switch|p2a: maplestory|Great Tusk|100\/100\n|move|p1a: Shichibukai|Stone Axe|p2a: maplestory\n|-resisted|p2a: maplestory\n|-damage|p2a: maplestory|91\/100\n|-sidestart|p2: vuvu42|move: Stealth Rock\n|\n|-heal|p2a: maplestory|98\/100|[from] item: Leftovers\n|upkeep\n|turn|2\n|\n|t:|1699946047\n|move|p2a: maplestory|Stealth Rock|p1a: Shichibukai\n|-sidestart|p1: MLAbbott|move: Stealth Rock\n|move|p1a: Shichibukai|U-turn|p2a: maplestory\n|-resisted|p2a: maplestory\n|-damage|p2a: maplestory|83\/100\n|\n|t:|1699946058\n|switch|p1a: Shrimbert|Gyarados, F|100\/100|[from] U-turn\n|-damage|p1a: Shrimbert|76\/100|[from] Stealth Rock\n|-ability|p1a: Shrimbert|Intimidate|boost\n|-unboost|p2a: maplestory|atk|1\n|\n|-heal|p2a: maplestory|89\/100|[from] item: Leftovers\n|upkeep\n|turn|3\n|\n|t:|1699946085\n|detailschange|p1a: Shrimbert|Gyarados-Mega, F\n|-mega|p1a: Shrimbert|Gyarados|Gyaradosite\n|-ability|p1a: Shrimbert|Mold Breaker\n|-terastallize|p2a: maplestory|Grass\n|move|p2a: maplestory|Close Combat|p1a: Shrimbert\n|-supereffective|p1a: Shrimbert\n|-damage|p1a: Shrimbert|0 fnt\n|-unboost|p2a: maplestory|def|1\n|-unboost|p2a: maplestory|spd|1\n|faint|p1a: Shrimbert\n|\n|-heal|p2a: maplestory|95\/100|[from] item: Leftovers\n|upkeep\n|inactive|MLAbbott has 270 seconds left.\n|\n|t:|1699946103\n|switch|p1a: Motthew|Iron Moth|100\/100\n|-damage|p1a: Motthew|75\/100|[from] Stealth Rock\n|turn|4\n|\n|t:|1699946113\n|-end|p2a: maplestory|Protosynthesis|[silent]\n|switch|p2a: pokemon crafter|Slowbro, M|100\/100\n|-damage|p2a: pokemon crafter|88\/100|[from] Stealth Rock\n|move|p1a: Motthew|Fiery Dance|p2a: pokemon crafter\n|-resisted|p2a: pokemon crafter\n|-damage|p2a: pokemon crafter|66\/100\n|-boost|p1a: Motthew|spa|1\n|\n|-heal|p2a: pokemon crafter|72\/100|[from] item: Leftovers\n|upkeep\n|turn|5\n|\n|t:|1699946126\n|-end|p1a: Motthew|Quark Drive|[silent]\n|switch|p1a: Shichibukai|Kleavor, F|100\/100\n|-damage|p1a: Shichibukai|76\/100|[from] Stealth Rock\n|move|p2a: pokemon crafter|Teleport|p2a: pokemon crafter\n|\n|t:|1699946131\n|switch|p2a: maplestory|Great Tusk, tera:Grass|95\/100|[from] Teleport\n|-damage|p2a: maplestory|83\/100|[from] Stealth Rock\n|\n|-heal|p2a: maplestory|89\/100|[from] item: Leftovers\n|upkeep\n|turn|6\n|\n|t:|1699946151\n|move|p2a: maplestory|Rapid Spin|p1a: Shichibukai\n|-resisted|p1a: Shichibukai\n|-damage|p1a: Shichibukai|65\/100\n|-boost|p2a: maplestory|spe|1\n|-sideend|p2: vuvu42|Stealth Rock|[from] move: Rapid Spin|[of] p2a: maplestory\n|move|p1a: Shichibukai|X-Scissor|p2a: maplestory\n|-supereffective|p2a: maplestory\n|-damage|p2a: maplestory|1\/100\n|\n|-heal|p2a: maplestory|7\/100|[from] item: Leftovers\n|upkeep\n|turn|7\n|\n|t:|1699946174\n|-end|p2a: maplestory|Protosynthesis|[silent]\n|switch|p2a: runescape|Gholdengo|100\/100\n|move|p1a: Shichibukai|Trailblaze|p2a: runescape\n|-resisted|p2a: runescape\n|-damage|p2a: runescape|93\/100\n|-boost|p1a: Shichibukai|spe|1\n|\n|-heal|p2a: runescape|99\/100|[from] item: Leftovers\n|upkeep\n|turn|8\n|\n|t:|1699946185\n|move|p1a: Shichibukai|U-turn|p2a: runescape\n|-resisted|p2a: runescape\n|-damage|p2a: runescape|91\/100\n|\n|t:|1699946190\n|switch|p1a: Spikesby|Pincurchin, F|100\/100|[from] U-turn\n|-damage|p1a: Spikesby|88\/100|[from] Stealth Rock\n|-fieldstart|move: Electric Terrain|[from] ability: Electric Surge|[of] p1a: Spikesby\n|move|p2a: runescape|Make It Rain|p1a: Spikesby\n|-resisted|p1a: Spikesby\n|-damage|p1a: Spikesby|53\/100\n|-unboost|p2a: runescape|spa|1\n|\n|-heal|p2a: runescape|97\/100|[from] item: Leftovers\n|upkeep\n|turn|9\n|inactive|MLAbbott has 270 seconds left.\n|\n|t:|1699946213\n|move|p1a: Spikesby|Sucker Punch||[still]\n|-fail|p1a: Spikesby\n|move|p2a: runescape|Nasty Plot|p2a: runescape\n|-boost|p2a: runescape|spa|2\n|\n|-heal|p2a: runescape|100\/100|[from] item: Leftovers\n|upkeep\n|turn|10\n|\n|t:|1699946222\n|move|p1a: Spikesby|Sucker Punch|p2a: runescape\n|-supereffective|p2a: runescape\n|-damage|p2a: runescape|74\/100\n|move|p2a: runescape|Shadow Ball|p1a: Spikesby\n|-damage|p1a: Spikesby|0 fnt\n|faint|p1a: Spikesby\n|\n|-heal|p2a: runescape|80\/100|[from] item: Leftovers\n|upkeep\n|\n|t:|1699946227\n|switch|p1a: Motthew|Iron Moth|75\/100\n|-damage|p1a: Motthew|50\/100|[from] Stealth Rock\n|-activate|p1a: Motthew|ability: Quark Drive\n|-start|p1a: Motthew|quarkdrivespe\n|turn|11\n|\n|t:|1699946247\n|move|p1a: Motthew|Energy Ball|p2a: runescape\n|-resisted|p2a: runescape\n|-crit|p2a: runescape\n|-damage|p2a: runescape|51\/100\n|move|p2a: runescape|Shadow Ball|p1a: Motthew\n|-damage|p1a: Motthew|3\/100\n|-unboost|p1a: Motthew|spd|1\n|\n|-heal|p2a: runescape|57\/100|[from] item: Leftovers\n|upkeep\n|turn|12\n|j| Cramorant.JPEG\n|inactive|vuvu42 has 270 seconds left.\n|\n|t:|1699946272\n|move|p1a: Motthew|Energy Ball|p2a: runescape\n|-resisted|p2a: runescape\n|-damage|p2a: runescape|41\/100\n|move|p2a: runescape|Shadow Ball|p1a: Motthew\n|-damage|p1a: Motthew|0 fnt\n|faint|p1a: Motthew\n|-end|p1a: Motthew|Quark Drive|[silent]\n|\n|-heal|p2a: runescape|47\/100|[from] item: Leftovers\n|upkeep\n|\n|t:|1699946277\n|switch|p1a: Decidueye|Decidueye, M|100\/100\n|-damage|p1a: Decidueye|88\/100|[from] Stealth Rock\n|turn|13\n|\n|t:|1699946285\n|move|p1a: Decidueye|Shadow Sneak|p2a: runescape\n|-supereffective|p2a: runescape\n|-damage|p2a: runescape|12\/100\n|move|p2a: runescape|Recover|p2a: runescape\n|-heal|p2a: runescape|62\/100\n|\n|-heal|p2a: runescape|68\/100|[from] item: Leftovers\n|upkeep\n|turn|14\n|\n|t:|1699946303\n|move|p2a: runescape|Shadow Ball|p1a: Decidueye\n|-supereffective|p1a: Decidueye\n|-damage|p1a: Decidueye|19\/100\n|move|p1a: Decidueye|Poltergeist|p2a: runescape\n|-activate|p2a: runescape|move: Poltergeist|Leftovers\n|-supereffective|p2a: runescape\n|-damage|p2a: runescape|0 fnt\n|faint|p2a: runescape\n|\n|upkeep\n|inactive|vuvu42 has 270 seconds left.\n|\n|t:|1699946315\n|switch|p2a: theninjarpg|Weavile, F|100\/100\n|-ability|p2a: theninjarpg|Pressure\n|turn|15\n|j| TheRicoSuave\n|\n|t:|1699946322\n|move|p2a: theninjarpg|Knock Off|p1a: Decidueye\n|-supereffective|p1a: Decidueye\n|-damage|p1a: Decidueye|0 fnt\n|-enditem|p1a: Decidueye|Assault Vest|[from] move: Knock Off|[of] p2a: theninjarpg\n|faint|p1a: Decidueye\n|\n|-fieldend|move: Electric Terrain\n|upkeep\n|\n|t:|1699946326\n|switch|p1a: Shichibukai|Kleavor, F|65\/100\n|-damage|p1a: Shichibukai|40\/100|[from] Stealth Rock\n|turn|16\n|\n|t:|1699946330\n|move|p2a: theninjarpg|Knock Off|p1a: Shichibukai\n|-damage|p1a: Shichibukai|0 fnt\n|-enditem|p1a: Shichibukai|Focus Sash|[from] move: Knock Off|[of] p2a: theninjarpg\n|faint|p1a: Shichibukai\n|\n|upkeep\n|\n|t:|1699946334\n|switch|p1a: Kick-Butt|Hitmonlee, M|100\/100\n|-damage|p1a: Kick-Butt|94\/100|[from] Stealth Rock\n|turn|17\n|\n|t:|1699946339\n|move|p1a: Kick-Butt|Mach Punch|p2a: theninjarpg\n|-supereffective|p2a: theninjarpg\n|-damage|p2a: theninjarpg|0 fnt\n|faint|p2a: theninjarpg\n|\n|upkeep\n|\n|t:|1699946352\n|switch|p2a: neopets|Charizard, F|100\/100\n|turn|18\n|\n|t:|1699946360\n|detailschange|p2a: neopets|Charizard-Mega-Y, F\n|-mega|p2a: neopets|Charizard|Charizardite Y\n|-weather|SunnyDay|[from] ability: Drought|[of] p2a: neopets\n|move|p1a: Kick-Butt|Mach Punch|p2a: neopets\n|-resisted|p2a: neopets\n|-damage|p2a: neopets|86\/100\n|move|p2a: neopets|Air Slash|p1a: Kick-Butt\n|-supereffective|p1a: Kick-Butt\n|-damage|p1a: Kick-Butt|0 fnt\n|faint|p1a: Kick-Butt\n|\n|win|vuvu42\n|l| Cramorant.JPEG\n","uploadtime":1699946371,"views":22,"p1id":"mlabbott","p2id":"vuvu42","formatid":"gen9nationaldexubers","rating":0,"private":0,"password":""}