{"id":"gen9nationaldexubers-1988026045","p1":"ThatSpicyDragon","p2":"vptwarrior","format":"[Gen 9] National Dex Ubers","log":"|j|\u2606ThatSpicyDragon\n|j|\u2606vptwarrior\n|t:|1699660612\n|gametype|singles\n|player|p1|ThatSpicyDragon|drayden|\n|player|p2|vptwarrior|swimmer|\n|teamsize|p1|6\n|teamsize|p2|6\n|gen|9\n|tier|[Gen 9] National Dex Ubers\n|rule|HP Percentage Mod: HP is shown in percentages\n|rule|Endless Battle Clause: Forcing endless battles is banned\n|rule|OHKO Clause: OHKO moves are banned\n|rule|Evasion Moves Clause: Evasion moves are banned\n|rule|Evasion Items Clause: Evasion items are banned\n|rule|Species Clause: Limit one of each Pok\u00e9mon\n|rule|Sleep Clause Mod: Limit one foe put to sleep\n|rule|Mega Rayquaza Clause: You cannot mega evolve Rayquaza\n|clearpoke\n|poke|p1|Unfezant, M|\n|poke|p1|Toucannon, F|\n|poke|p1|Staraptor, F|\n|poke|p1|Noctowl, M|\n|poke|p1|Squawkabilly-White, M|\n|poke|p1|Pidgeot, F|\n|poke|p2|Torterra, M|\n|poke|p2|Cradily, F|\n|poke|p2|Lilligant, F|\n|poke|p2|Tsareena, F|\n|poke|p2|Ferrothorn, M|\n|poke|p2|Roserade, M|\n|teampreview\n|c|\u2606vptwarrior|well fuck\n|c|\u2606ThatSpicyDragon|I am very tired and rusty have no fear.\n|\n|t:|1699660647\n|start\n|switch|p1a: KORDHELL|Pidgeot, F|100\/100\n|switch|p2a: Solomon|Torterra, M|100\/100\n|turn|1\n|\n|t:|1699660657\n|detailschange|p1a: KORDHELL|Pidgeot-Mega, F\n|-mega|p1a: KORDHELL|Pidgeot|Pidgeotite\n|move|p1a: KORDHELL|Hidden Power|p2a: Solomon\n|-supereffective|p2a: Solomon\n|-damage|p2a: Solomon|10\/100\n|move|p2a: Solomon|Stealth Rock|p1a: KORDHELL\n|-sidestart|p1: ThatSpicyDragon|move: Stealth Rock\n|\n|upkeep\n|turn|2\n|\n|t:|1699660665\n|move|p1a: KORDHELL|Hidden Power|p2a: Solomon\n|-supereffective|p2a: Solomon\n|-damage|p2a: Solomon|0 fnt\n|faint|p2a: Solomon\n|\n|upkeep\n|\n|t:|1699660683\n|switch|p2a: Lola|Cradily, F|100\/100\n|turn|3\n|\n|t:|1699660689\n|move|p1a: KORDHELL|Heat Wave|p2a: Lola\n|-damage|p2a: Lola|73\/100\n|move|p2a: Lola|Stockpile|p2a: Lola\n|-start|p2a: Lola|stockpile1\n|-boost|p2a: Lola|def|1\n|-boost|p2a: Lola|spd|1\n|\n|-heal|p2a: Lola|79\/100|[from] item: Leftovers\n|upkeep\n|turn|4\n|\n|t:|1699660700\n|move|p1a: KORDHELL|Hidden Power|p2a: Lola\n|-supereffective|p2a: Lola\n|-damage|p2a: Lola|57\/100\n|move|p2a: Lola|Toxic|p1a: KORDHELL\n|-status|p1a: KORDHELL|tox\n|\n|-heal|p2a: Lola|63\/100|[from] item: Leftovers\n|-damage|p1a: KORDHELL|94\/100 tox|[from] psn\n|upkeep\n|turn|5\n|\n|t:|1699660728\n|switch|p1a: Highway to Hell|Staraptor, F|100\/100\n|-damage|p1a: Highway to Hell|75\/100|[from] Stealth Rock\n|move|p2a: Lola|Giga Drain|p1a: Highway to Hell\n|-resisted|p1a: Highway to Hell\n|-damage|p1a: Highway to Hell|58\/100\n|-heal|p2a: Lola|70\/100|[from] drain|[of] p1a: Highway to Hell\n|\n|-heal|p2a: Lola|76\/100|[from] item: Leftovers\n|upkeep\n|turn|6\n|\n|t:|1699660754\n|move|p2a: Lola|Toxic|p1a: Highway to Hell\n|-status|p1a: Highway to Hell|tox\n|move|p1a: Highway to Hell|Whirlwind|p2a: Lola\n|drag|p2a: Solora|Lilligant, F|100\/100\n|\n|-damage|p1a: Highway to Hell|52\/100 tox|[from] psn\n|upkeep\n|turn|7\n|\n|t:|1699660761\n|switch|p2a: Lola|Cradily, F|76\/100\n|move|p1a: Highway to Hell|Double-Edge|p2a: Lola\n|-resisted|p2a: Lola\n|-damage|p2a: Lola|41\/100\n|-damage|p1a: Highway to Hell|38\/100 tox|[from] Recoil\n|-damage|p1a: Highway to Hell|28\/100 tox|[from] item: Life Orb\n|\n|-heal|p2a: Lola|48\/100|[from] item: Leftovers\n|-damage|p1a: Highway to Hell|16\/100 tox|[from] psn\n|upkeep\n|turn|8\n|\n|t:|1699660792\n|move|p1a: Highway to Hell|Brave Bird|p2a: Lola\n|-damage|p2a: Lola|0 fnt\n|faint|p2a: Lola\n|-damage|p1a: Highway to Hell|0 fnt|[from] Recoil\n|faint|p1a: Highway to Hell\n|\n|upkeep\n|\n|t:|1699660813\n|switch|p1a: SomebodyWatchingMe|Noctowl, M|100\/100\n|switch|p2a: Masquirade|Roserade, M|100\/100\n|-damage|p1a: SomebodyWatchingMe|75\/100|[from] Stealth Rock\n|turn|9\n|\n|t:|1699660831\n|move|p2a: Masquirade|Sludge Bomb|p1a: SomebodyWatchingMe\n|-damage|p1a: SomebodyWatchingMe|29\/100\n|move|p1a: SomebodyWatchingMe|Psychic|p2a: Masquirade\n|-supereffective|p2a: Masquirade\n|-damage|p2a: Masquirade|39\/100\n|\n|-heal|p2a: Masquirade|45\/100|[from] item: Black Sludge\n|-heal|p1a: SomebodyWatchingMe|36\/100|[from] item: Leftovers\n|upkeep\n|turn|10\n|\n|t:|1699660852\n|move|p2a: Masquirade|Sludge Bomb|p1a: SomebodyWatchingMe\n|-damage|p1a: SomebodyWatchingMe|0 fnt\n|faint|p1a: SomebodyWatchingMe\n|\n|-heal|p2a: Masquirade|51\/100|[from] item: Black Sludge\n|upkeep\n|\n|t:|1699660865\n|switch|p1a: Pink Floyd|Unfezant, M|100\/100\n|-damage|p1a: Pink Floyd|76\/100|[from] Stealth Rock\n|turn|11\n|\n|t:|1699660891\n|move|p1a: Pink Floyd|Defog|p2a: Masquirade\n|-unboost|p2a: Masquirade|evasion|1\n|-sideend|p1: ThatSpicyDragon|Stealth Rock|[from] move: Defog|[of] p1a: Pink Floyd\n|move|p2a: Masquirade|Sludge Bomb|p1a: Pink Floyd\n|-damage|p1a: Pink Floyd|0 fnt\n|faint|p1a: Pink Floyd\n|\n|-heal|p2a: Masquirade|57\/100|[from] item: Black Sludge\n|upkeep\n|\n|t:|1699660900\n|switch|p1a: KORDHELL|Pidgeot-Mega, F|94\/100 tox\n|turn|12\n|\n|t:|1699660908\n|move|p1a: KORDHELL|Heat Wave|p2a: Masquirade\n|-supereffective|p2a: Masquirade\n|-damage|p2a: Masquirade|0 fnt\n|faint|p2a: Masquirade\n|\n|-damage|p1a: KORDHELL|88\/100 tox|[from] psn\n|upkeep\n|\n|t:|1699660915\n|switch|p2a: Solora|Lilligant, F|100\/100\n|turn|13\n|\n|t:|1699660919\n|move|p1a: KORDHELL|Heat Wave|p2a: Solora\n|-supereffective|p2a: Solora\n|-damage|p2a: Solora|0 fnt\n|faint|p2a: Solora\n|\n|-damage|p1a: KORDHELL|76\/100 tox|[from] psn\n|upkeep\n|\n|t:|1699660922\n|switch|p2a: Alice|Tsareena, F|100\/100\n|turn|14\n|\n|t:|1699660928\n|move|p1a: KORDHELL|Heat Wave|p2a: Alice\n|-supereffective|p2a: Alice\n|-damage|p2a: Alice|22\/100\n|move|p2a: Alice|Low Sweep|p1a: KORDHELL\n|-damage|p1a: KORDHELL|42\/100 tox\n|-unboost|p1a: KORDHELL|spe|1\n|\n|-heal|p2a: Alice|28\/100|[from] item: Leftovers\n|-damage|p1a: KORDHELL|24\/100 tox|[from] psn\n|upkeep\n|turn|15\n|\n|t:|1699660938\n|move|p1a: KORDHELL|Hurricane|p2a: Alice\n|-supereffective|p2a: Alice\n|-damage|p2a: Alice|0 fnt\n|faint|p2a: Alice\n|\n|-damage|p1a: KORDHELL|0 fnt|[from] psn\n|faint|p1a: KORDHELL\n|upkeep\n|\n|t:|1699660949\n|switch|p1a: Highway Star|Toucannon, F|100\/100\n|switch|p2a: Max|Ferrothorn, M|100\/100\n|turn|16\n|\n|t:|1699660957\n|-terastallize|p1a: Highway Star|Rock\n|move|p1a: Highway Star|Rock Blast|p2a: Max\n|-resisted|p2a: Max\n|-damage|p2a: Max|96\/100\n|-resisted|p2a: Max\n|-damage|p2a: Max|92\/100\n|-resisted|p2a: Max\n|-damage|p2a: Max|87\/100\n|-resisted|p2a: Max\n|-damage|p2a: Max|83\/100\n|-resisted|p2a: Max\n|-damage|p2a: Max|79\/100\n|-hitcount|p2a: Max|5\n|move|p2a: Max|Curse|p2a: Max\n|-unboost|p2a: Max|spe|1\n|-boost|p2a: Max|atk|1\n|-boost|p2a: Max|def|1\n|\n|-heal|p2a: Max|85\/100|[from] item: Leftovers\n|upkeep\n|turn|17\n|\n|t:|1699660974\n|-singleturn|p1a: Highway Star|move: Beak Blast\n|move|p2a: Max|Iron Head|p1a: Highway Star\n|-supereffective|p1a: Highway Star\n|-damage|p1a: Highway Star|13\/100\n|-status|p2a: Max|brn\n|cant|p1a: Highway Star|flinch\n|\n|-heal|p1a: Highway Star|19\/100|[from] item: Leftovers\n|-heal|p2a: Max|91\/100 brn|[from] item: Leftovers\n|-damage|p2a: Max|85\/100 brn|[from] brn\n|upkeep\n|turn|18\n|\n|t:|1699660988\n|move|p1a: Highway Star|Rock Blast|p2a: Max\n|-resisted|p2a: Max\n|-damage|p2a: Max|82\/100 brn\n|-resisted|p2a: Max\n|-damage|p2a: Max|79\/100 brn\n|-resisted|p2a: Max\n|-damage|p2a: Max|76\/100 brn\n|-resisted|p2a: Max\n|-damage|p2a: Max|73\/100 brn\n|-resisted|p2a: Max\n|-crit|p2a: Max\n|-damage|p2a: Max|66\/100 brn\n|-hitcount|p2a: Max|5\n|move|p2a: Max|Iron Head|p1a: Highway Star\n|-supereffective|p1a: Highway Star\n|-crit|p1a: Highway Star\n|-damage|p1a: Highway Star|0 fnt\n|faint|p1a: Highway Star\n|\n|-heal|p2a: Max|73\/100 brn|[from] item: Leftovers\n|-damage|p2a: Max|66\/100 brn|[from] brn\n|upkeep\n|\n|t:|1699661006\n|switch|p1a: Jailhouse Rock|Squawkabilly-White, M|100\/100\n|-ability|p1a: Jailhouse Rock|Intimidate|boost\n|-unboost|p2a: Max|atk|1\n|turn|19\n|\n|t:|1699661025\n|move|p1a: Jailhouse Rock|Brave Bird|p2a: Max\n|-damage|p2a: Max|46\/100 brn\n|-damage|p1a: Jailhouse Rock|88\/100|[from] ability: Iron Barbs|[of] p2a: Max\n|-damage|p1a: Jailhouse Rock|80\/100|[from] Recoil\n|move|p2a: Max|Thunder Wave|p1a: Jailhouse Rock|[miss]\n|-miss|p2a: Max|p1a: Jailhouse Rock\n|\n|-heal|p1a: Jailhouse Rock|86\/100|[from] item: Leftovers\n|-heal|p2a: Max|52\/100 brn|[from] item: Leftovers\n|-damage|p2a: Max|46\/100 brn|[from] brn\n|upkeep\n|turn|20\n|\n|t:|1699661037\n|move|p1a: Jailhouse Rock|Brave Bird|p2a: Max\n|-damage|p2a: Max|25\/100 brn\n|-damage|p1a: Jailhouse Rock|74\/100|[from] ability: Iron Barbs|[of] p2a: Max\n|-damage|p1a: Jailhouse Rock|66\/100|[from] Recoil\n|move|p2a: Max|Knock Off|p1a: Jailhouse Rock\n|-damage|p1a: Jailhouse Rock|46\/100\n|-enditem|p1a: Jailhouse Rock|Leftovers|[from] move: Knock Off|[of] p2a: Max\n|\n|-heal|p2a: Max|32\/100 brn|[from] item: Leftovers\n|-damage|p2a: Max|25\/100 brn|[from] brn\n|upkeep\n|turn|21\n|\n|t:|1699661049\n|move|p1a: Jailhouse Rock|Brave Bird|p2a: Max\n|-crit|p2a: Max\n|-damage|p2a: Max|0 fnt\n|-damage|p1a: Jailhouse Rock|34\/100|[from] ability: Iron Barbs|[of] p2a: Max\n|faint|p2a: Max\n|-damage|p1a: Jailhouse Rock|24\/100|[from] Recoil\n|\n|win|ThatSpicyDragon\n","uploadtime":1699661065,"views":5,"p1id":"thatspicydragon","p2id":"vptwarrior","formatid":"gen9nationaldexubers","rating":0,"private":0,"password":""}