{"id":"gen9nationaldexubers-1983990629","p1":"AstroCheeseChamp","p2":"Pex Hater","format":"[Gen 9] National Dex Ubers","log":"|j|\u2606AstroCheeseChamp\n|j|\u2606Pex Hater\n|t:|1699207487\n|gametype|singles\n|player|p1|AstroCheeseChamp|lusamine-masters|\n|player|p2|Pex Hater|cheryl|\n|teamsize|p1|6\n|teamsize|p2|6\n|gen|9\n|tier|[Gen 9] National Dex Ubers\n|rule|HP Percentage Mod: HP is shown in percentages\n|rule|Endless Battle Clause: Forcing endless battles is banned\n|rule|OHKO Clause: OHKO moves are banned\n|rule|Evasion Moves Clause: Evasion moves are banned\n|rule|Evasion Items Clause: Evasion items are banned\n|rule|Species Clause: Limit one of each Pok\u00e9mon\n|rule|Sleep Clause Mod: Limit one foe put to sleep\n|rule|Mega Rayquaza Clause: You cannot mega evolve Rayquaza\n|clearpoke\n|poke|p1|Mawile, F|\n|poke|p1|Rotom-Wash|\n|poke|p1|Ferrothorn, M|\n|poke|p1|Clodsire, F|\n|poke|p1|Kyurem|\n|poke|p1|Tapu Lele|\n|poke|p2|Muk-Alola, F|\n|poke|p2|Crobat, F|\n|poke|p2|Toxapex, M|\n|poke|p2|Nidoking, M|\n|poke|p2|Slowking-Galar, F|\n|poke|p2|Sneasler, M|\n|teampreview\n|inactive|Battle timer is ON: inactive players will automatically lose when time's up. (requested by AstroCheeseChamp)\n|inactiveoff|Battle timer is now OFF.\n|c|\u2606AstroCheeseChamp|glhf\n|c|\u2606Pex Hater|u2\n|inactive|Battle timer is ON: inactive players will automatically lose when time's up. (requested by Pex Hater)\n|inactiveoff|Battle timer is now OFF.\n|c|\u2606Pex Hater|sorry\n|c|\u2606Pex Hater|force of habit\n|\n|t:|1699207518\n|start\n|switch|p1a: Clodrise|Clodsire, F|100\/100\n|switch|p2a: Capote|Sneasler, M|100\/100\n|turn|1\n|c|\u2606AstroCheeseChamp|You will regret that\n|c|\u2606AstroCheeseChamp|jk\n|\n|t:|1699207565\n|move|p2a: Capote|U-turn|p1a: Clodrise\n|-resisted|p1a: Clodrise\n|-damage|p1a: Clodrise|79\/100\n|j| k7eenex\n|\n|t:|1699207567\n|switch|p2a: Punishing Bird|Crobat, F|100\/100|[from] U-turn\n|move|p1a: Clodrise|Stealth Rock|p2a: Punishing Bird\n|-sidestart|p2: Pex Hater|move: Stealth Rock\n|\n|-heal|p1a: Clodrise|85\/100|[from] item: Black Sludge\n|upkeep\n|turn|2\n|\n|t:|1699207585\n|switch|p1a: Futakuchi-Onna|Mawile, F, shiny|100\/100\n|-ability|p1a: Futakuchi-Onna|Intimidate|boost\n|-unboost|p2a: Punishing Bird|atk|1\n|move|p2a: Punishing Bird|Defog|p1a: Futakuchi-Onna\n|-unboost|p1a: Futakuchi-Onna|evasion|1\n|-sideend|p2: Pex Hater|Stealth Rock|[from] move: Defog|[of] p2a: Punishing Bird\n|\n|upkeep\n|turn|3\n|\n|t:|1699207592\n|detailschange|p1a: Futakuchi-Onna|Mawile-Mega, F, shiny\n|-mega|p1a: Futakuchi-Onna|Mawile|Mawilite\n|move|p2a: Punishing Bird|U-turn|p1a: Futakuchi-Onna\n|-resisted|p1a: Futakuchi-Onna\n|-damage|p1a: Futakuchi-Onna|98\/100\n|\n|t:|1699207595\n|switch|p2a: Fluid Sac|Toxapex, M|100\/100|[from] U-turn\n|move|p1a: Futakuchi-Onna|Swords Dance|p1a: Futakuchi-Onna\n|-boost|p1a: Futakuchi-Onna|atk|2\n|\n|upkeep\n|turn|4\n|\n|t:|1699207611\n|switch|p1a: Husk|Kyurem|100\/100\n|-ability|p1a: Husk|Pressure\n|move|p2a: Fluid Sac|Haze|p2a: Fluid Sac\n|-clearallboost\n|\n|upkeep\n|turn|5\n|\n|t:|1699207627\n|switch|p2a: Impending Day|Slowking-Galar, F|100\/100\n|move|p1a: Husk|Earth Power|p2a: Impending Day\n|-supereffective|p2a: Impending Day\n|-damage|p2a: Impending Day|43\/100\n|\n|upkeep\n|turn|6\n|\n|t:|1699207678\n|switch|p2a: Punishing Bird|Crobat, F|100\/100\n|move|p1a: Husk|Earth Power|p2a: Punishing Bird\n|-immune|p2a: Punishing Bird\n|\n|upkeep\n|turn|7\n|j| Don Bork\n|\n|t:|1699207701\n|switch|p1a: Nut|Ferrothorn, M, shiny|100\/100\n|move|p2a: Punishing Bird|U-turn|p1a: Nut\n|-damage|p1a: Nut|89\/100\n|-damage|p2a: Punishing Bird|88\/100|[from] ability: Iron Barbs|[of] p1a: Nut\n|\n|t:|1699207703\n|switch|p2a: Capote|Sneasler, M|100\/100|[from] U-turn\n|\n|-heal|p1a: Nut|95\/100|[from] item: Leftovers\n|upkeep\n|turn|8\n|\n|t:|1699207708\n|switch|p1a: Clodrise|Clodsire, F|85\/100\n|move|p2a: Capote|Close Combat|p1a: Clodrise\n|-resisted|p1a: Clodrise\n|-damage|p1a: Clodrise|38\/100\n|-unboost|p2a: Capote|def|1\n|-unboost|p2a: Capote|spd|1\n|\n|-heal|p1a: Clodrise|44\/100|[from] item: Black Sludge\n|upkeep\n|turn|9\n|\n|t:|1699207726\n|switch|p1a: Hapi|Tapu Lele, shiny|100\/100\n|-fieldstart|move: Psychic Terrain|[from] ability: Psychic Surge|[of] p1a: Hapi\n|move|p2a: Capote|Close Combat|p1a: Hapi\n|-resisted|p1a: Hapi\n|-damage|p1a: Hapi|62\/100\n|-unboost|p2a: Capote|def|1\n|-unboost|p2a: Capote|spd|1\n|\n|upkeep\n|turn|10\n|\n|t:|1699207745\n|switch|p2a: Lifetime Stew|Muk-Alola, F|100\/100\n|-zpower|p1a: Hapi\n|move|p1a: Hapi|All-Out Pummeling|p2a: Lifetime Stew|[zeffect]\n|-damage|p2a: Lifetime Stew|73\/100\n|\n|upkeep\n|turn|11\n|c|\u2606AstroCheeseChamp|thicc\n|\n|t:|1699207754\n|-activate|p1a: Hapi|move: Pursuit\n|move|p2a: Lifetime Stew|Pursuit|p1a: Hapi|[from]Pursuit\n|-damage|p1a: Hapi|13\/100\n|switch|p1a: Nut|Ferrothorn, M, shiny|95\/100\n|\n|-heal|p1a: Nut|100\/100|[from] item: Leftovers\n|upkeep\n|turn|12\n|c|\u2606Pex Hater|lifetime\n|\n|t:|1699207770\n|switch|p2a: My Form Empties|Nidoking, M|100\/100\n|move|p1a: Nut|Leech Seed|p2a: My Form Empties\n|-start|p2a: My Form Empties|move: Leech Seed\n|\n|-damage|p2a: My Form Empties|88\/100|[from] Leech Seed|[of] p1a: Nut\n|upkeep\n|turn|13\n|\n|t:|1699207797\n|switch|p1a: Husk|Kyurem|100\/100\n|-ability|p1a: Husk|Pressure\n|move|p2a: My Form Empties|Earth Power|p1a: Husk\n|-damage|p1a: Husk|44\/100\n|\n|-damage|p2a: My Form Empties|76\/100|[from] Leech Seed|[of] p1a: Husk\n|-heal|p1a: Husk|54\/100|[silent]\n|-fieldend|move: Psychic Terrain\n|upkeep\n|turn|14\n|\n|t:|1699207806\n|switch|p2a: Impending Day|Slowking-Galar, F|76\/100\n|move|p1a: Husk|Freeze-Dry|p2a: Impending Day\n|-damage|p2a: Impending Day|46\/100\n|\n|upkeep\n|turn|15\n|\n|t:|1699207812\n|move|p1a: Husk|Freeze-Dry|p2a: Impending Day\n|-damage|p2a: Impending Day|11\/100\n|move|p2a: Impending Day|Chilly Reception|p2a: Impending Day\n|-weather|Snow\n|\n|t:|1699207816\n|switch|p2a: Capote|Sneasler, M|100\/100|[from] Chilly Reception\n|\n|-weather|Snow|[upkeep]\n|upkeep\n|turn|16\n|c|\u2606Pex Hater|Blunt dmg up 1 goes crazy\n|\n|t:|1699207853\n|switch|p1a: Clodrise|Clodsire, F|44\/100\n|move|p2a: Capote|Close Combat|p1a: Clodrise\n|-resisted|p1a: Clodrise\n|-damage|p1a: Clodrise|0 fnt\n|-unboost|p2a: Capote|def|1\n|-unboost|p2a: Capote|spd|1\n|faint|p1a: Clodrise\n|\n|-weather|Snow|[upkeep]\n|upkeep\n|\n|t:|1699207862\n|switch|p1a: Kintoki Douji|Rotom-Wash, shiny|100\/100\n|turn|17\n|\n|t:|1699207871\n|switch|p2a: Impending Day|Slowking-Galar, F|44\/100\n|move|p1a: Kintoki Douji|Will-O-Wisp|p2a: Impending Day\n|-status|p2a: Impending Day|brn\n|\n|-weather|Snow|[upkeep]\n|-damage|p2a: Impending Day|38\/100 brn|[from] brn\n|upkeep\n|turn|18\n|\n|t:|1699207886\n|move|p1a: Kintoki Douji|Hydro Pump|p2a: Impending Day|[miss]\n|-miss|p1a: Kintoki Douji|p2a: Impending Day\n|move|p2a: Impending Day|Chilly Reception|p2a: Impending Day\n|c|\u2606Pex Hater|nice persona reference though\n|c|\u2606AstroCheeseChamp|thx\n|\n|t:|1699207895\n|switch|p2a: Punishing Bird|Crobat, F|88\/100|[from] Chilly Reception\n|\n|-weather|Snow|[upkeep]\n|upkeep\n|turn|19\n|\n|t:|1699207906\n|move|p2a: Punishing Bird|U-turn|p1a: Kintoki Douji\n|-damage|p1a: Kintoki Douji|90\/100\n|\n|t:|1699207910\n|switch|p2a: Impending Day|Slowking-Galar, F|71\/100 brn|[from] U-turn\n|move|p1a: Kintoki Douji|Hydro Pump|p2a: Impending Day\n|-crit|p2a: Impending Day\n|-damage|p2a: Impending Day|39\/100 brn\n|\n|-weather|none\n|-heal|p1a: Kintoki Douji|96\/100|[from] item: Leftovers\n|-damage|p2a: Impending Day|33\/100 brn|[from] brn\n|upkeep\n|turn|20\n|c|\u2606AstroCheeseChamp|choose wisely\n|c|\u2606Pex Hater|?\n|\n|t:|1699207917\n|move|p1a: Kintoki Douji|Volt Switch|p2a: Impending Day\n|-damage|p2a: Impending Day|18\/100 brn\n|c|\u2606AstroCheeseChamp|good choice\n|\n|t:|1699207931\n|switch|p1a: Futakuchi-Onna|Mawile-Mega, F, shiny|98\/100|[from] Volt Switch\n|move|p2a: Impending Day|Chilly Reception|p2a: Impending Day\n|-weather|Snow\n|\n|t:|1699207953\n|switch|p2a: Capote|Sneasler, M|100\/100|[from] Chilly Reception\n|\n|-weather|Snow|[upkeep]\n|upkeep\n|turn|21\n|l| Don Bork\n|\n|t:|1699207960\n|move|p2a: Capote|U-turn|p1a: Futakuchi-Onna\n|-resisted|p1a: Futakuchi-Onna\n|-damage|p1a: Futakuchi-Onna|88\/100\n|\n|t:|1699207963\n|switch|p2a: Fluid Sac|Toxapex, M|100\/100|[from] U-turn\n|move|p1a: Futakuchi-Onna|Knock Off|p2a: Fluid Sac\n|-damage|p2a: Fluid Sac|76\/100\n|\n|-weather|Snow|[upkeep]\n|upkeep\n|turn|22\n|\n|t:|1699207977\n|move|p1a: Futakuchi-Onna|Knock Off|p2a: Fluid Sac\n|-damage|p2a: Fluid Sac|49\/100\n|move|p2a: Fluid Sac|Toxic Spikes|p1a: Futakuchi-Onna\n|-sidestart|p1: AstroCheeseChamp|move: Toxic Spikes\n|\n|-weather|Snow|[upkeep]\n|upkeep\n|turn|23\n|\n|t:|1699207981\n|move|p1a: Futakuchi-Onna|Swords Dance|p1a: Futakuchi-Onna\n|-boost|p1a: Futakuchi-Onna|atk|2\n|move|p2a: Fluid Sac|Recover|p2a: Fluid Sac\n|-heal|p2a: Fluid Sac|99\/100\n|\n|-weather|Snow|[upkeep]\n|upkeep\n|turn|24\n|\n|t:|1699207987\n|move|p1a: Futakuchi-Onna|Knock Off|p2a: Fluid Sac\n|-damage|p2a: Fluid Sac|51\/100\n|move|p2a: Fluid Sac|Haze|p2a: Fluid Sac\n|-clearallboost\n|\n|-weather|none\n|upkeep\n|turn|25\n|\n|t:|1699207991\n|move|p1a: Futakuchi-Onna|Swords Dance|p1a: Futakuchi-Onna\n|-boost|p1a: Futakuchi-Onna|atk|2\n|move|p2a: Fluid Sac|Recover|p2a: Fluid Sac\n|-heal|p2a: Fluid Sac|100\/100\n|\n|upkeep\n|turn|26\n|\n|t:|1699207995\n|move|p1a: Futakuchi-Onna|Knock Off|p2a: Fluid Sac\n|-damage|p2a: Fluid Sac|51\/100\n|-zpower|p2a: Fluid Sac\n|move|p2a: Fluid Sac|Z-Haze|p2a: Fluid Sac|[anim]Haze\n|-heal|p2a: Fluid Sac|100\/100|[zeffect]\n|-clearallboost\n|\n|upkeep\n|turn|27\n|\n|t:|1699208000\n|move|p1a: Futakuchi-Onna|Swords Dance|p1a: Futakuchi-Onna\n|-boost|p1a: Futakuchi-Onna|atk|2\n|move|p2a: Fluid Sac|Scald|p1a: Futakuchi-Onna\n|-damage|p1a: Futakuchi-Onna|66\/100\n|-status|p1a: Futakuchi-Onna|brn\n|\n|-damage|p1a: Futakuchi-Onna|60\/100 brn|[from] brn\n|upkeep\n|turn|28\n|\n|t:|1699208005\n|move|p1a: Futakuchi-Onna|Knock Off|p2a: Fluid Sac\n|-damage|p2a: Fluid Sac|77\/100\n|move|p2a: Fluid Sac|Haze|p2a: Fluid Sac\n|-clearallboost\n|\n|-damage|p1a: Futakuchi-Onna|54\/100 brn|[from] brn\n|upkeep\n|turn|29\n|\n|t:|1699208008\n|move|p1a: Futakuchi-Onna|Swords Dance|p1a: Futakuchi-Onna\n|-boost|p1a: Futakuchi-Onna|atk|2\n|move|p2a: Fluid Sac|Scald|p1a: Futakuchi-Onna\n|-damage|p1a: Futakuchi-Onna|33\/100 brn\n|\n|-damage|p1a: Futakuchi-Onna|27\/100 brn|[from] brn\n|upkeep\n|turn|30\n|\n|t:|1699208010\n|move|p1a: Futakuchi-Onna|Knock Off|p2a: Fluid Sac\n|-damage|p2a: Fluid Sac|51\/100\n|move|p2a: Fluid Sac|Haze|p2a: Fluid Sac\n|-clearallboost\n|\n|-damage|p1a: Futakuchi-Onna|20\/100 brn|[from] brn\n|upkeep\n|turn|31\n|\n|t:|1699208015\n|move|p1a: Futakuchi-Onna|Knock Off|p2a: Fluid Sac\n|-damage|p2a: Fluid Sac|39\/100\n|move|p2a: Fluid Sac|Recover|p2a: Fluid Sac\n|-heal|p2a: Fluid Sac|89\/100\n|\n|-damage|p1a: Futakuchi-Onna|14\/100 brn|[from] brn\n|upkeep\n|turn|32\n|\n|t:|1699208018\n|move|p1a: Futakuchi-Onna|Knock Off|p2a: Fluid Sac\n|-damage|p2a: Fluid Sac|76\/100\n|move|p2a: Fluid Sac|Scald|p1a: Futakuchi-Onna\n|-damage|p1a: Futakuchi-Onna|0 fnt\n|faint|p1a: Futakuchi-Onna\n|\n|upkeep\n|\n|t:|1699208025\n|switch|p1a: Kintoki Douji|Rotom-Wash, shiny|96\/100\n|turn|33\n|\n|t:|1699208031\n|move|p1a: Kintoki Douji|Will-O-Wisp|p2a: Fluid Sac\n|-status|p2a: Fluid Sac|brn\n|move|p2a: Fluid Sac|Recover|p2a: Fluid Sac\n|-heal|p2a: Fluid Sac|100\/100 brn\n|\n|-heal|p1a: Kintoki Douji|100\/100|[from] item: Leftovers\n|-damage|p2a: Fluid Sac|95\/100 brn|[from] brn\n|upkeep\n|turn|34\n|\n|t:|1699208044\n|switch|p2a: Lifetime Stew|Muk-Alola, F|73\/100\n|move|p1a: Kintoki Douji|Defog|p2a: Lifetime Stew\n|-unboost|p2a: Lifetime Stew|evasion|1\n|-sideend|p1: AstroCheeseChamp|Toxic Spikes|[from] move: Defog|[of] p1a: Kintoki Douji\n|\n|upkeep\n|turn|35\n|\n|t:|1699208052\n|move|p1a: Kintoki Douji|Will-O-Wisp|p2a: Lifetime Stew\n|-status|p2a: Lifetime Stew|brn\n|move|p2a: Lifetime Stew|Poison Jab|p1a: Kintoki Douji\n|-damage|p1a: Kintoki Douji|89\/100\n|\n|-heal|p1a: Kintoki Douji|95\/100|[from] item: Leftovers\n|-damage|p2a: Lifetime Stew|67\/100 brn|[from] brn\n|upkeep\n|turn|36\n|\n|t:|1699208058\n|move|p1a: Kintoki Douji|Hydro Pump|p2a: Lifetime Stew\n|-crit|p2a: Lifetime Stew\n|-damage|p2a: Lifetime Stew|41\/100 brn\n|move|p2a: Lifetime Stew|Pursuit|p1a: Kintoki Douji\n|-damage|p1a: Kintoki Douji|89\/100\n|-status|p1a: Kintoki Douji|psn|[from] ability: Poison Touch|[of] p2a: Lifetime Stew\n|\n|-heal|p1a: Kintoki Douji|95\/100 psn|[from] item: Leftovers\n|-damage|p1a: Kintoki Douji|83\/100 psn|[from] psn\n|-damage|p2a: Lifetime Stew|35\/100 brn|[from] brn\n|upkeep\n|turn|37\n|\n|t:|1699208064\n|switch|p2a: Impending Day|Slowking-Galar, F|52\/100 brn\n|move|p1a: Kintoki Douji|Hydro Pump|p2a: Impending Day\n|-damage|p2a: Impending Day|30\/100 brn\n|\n|-heal|p1a: Kintoki Douji|89\/100 psn|[from] item: Leftovers\n|-damage|p1a: Kintoki Douji|76\/100 psn|[from] psn\n|-damage|p2a: Impending Day|23\/100 brn|[from] brn\n|upkeep\n|turn|38\n|\n|t:|1699208069\n|switch|p2a: Fluid Sac|Toxapex, M|100\/100 brn\n|move|p1a: Kintoki Douji|Volt Switch|p2a: Fluid Sac\n|-supereffective|p2a: Fluid Sac\n|-damage|p2a: Fluid Sac|54\/100 brn\n|\n|t:|1699208076\n|switch|p1a: Husk|Kyurem|54\/100|[from] Volt Switch\n|-ability|p1a: Husk|Pressure\n|\n|-damage|p2a: Fluid Sac|48\/100 brn|[from] brn\n|upkeep\n|turn|39\n|\n|t:|1699208082\n|switch|p2a: Lifetime Stew|Muk-Alola, F|35\/100 brn\n|move|p1a: Husk|Freeze-Dry|p2a: Lifetime Stew\n|-crit|p2a: Lifetime Stew\n|-damage|p2a: Lifetime Stew|3\/100 brn\n|\n|-damage|p2a: Lifetime Stew|0 fnt|[from] brn\n|faint|p2a: Lifetime Stew\n|upkeep\n|\n|t:|1699208084\n|switch|p2a: Capote|Sneasler, M|100\/100\n|turn|40\n|c|\u2606AstroCheeseChamp|crit mattered\n|c|\u2606Pex Hater|i mean, i woulda lived\n|\n|t:|1699208104\n|switch|p1a: Hapi|Tapu Lele, shiny|13\/100\n|-fieldstart|move: Psychic Terrain|[from] ability: Psychic Surge|[of] p1a: Hapi\n|move|p2a: Capote|Close Combat|p1a: Hapi\n|-resisted|p1a: Hapi\n|-damage|p1a: Hapi|0 fnt\n|-unboost|p2a: Capote|def|1\n|-unboost|p2a: Capote|spd|1\n|faint|p1a: Hapi\n|\n|upkeep\n|c|\u2606Pex Hater|if we ignore that i had no play after\n|\n|t:|1699208114\n|switch|p1a: Kintoki Douji|Rotom-Wash, shiny|76\/100 psn\n|turn|41\n|\n|t:|1699208119\n|switch|p2a: Impending Day|Slowking-Galar, F|57\/100 brn\n|move|p1a: Kintoki Douji|Volt Switch|p2a: Impending Day\n|-damage|p2a: Impending Day|43\/100 brn\n|\n|t:|1699208121\n|switch|p1a: Nut|Ferrothorn, M, shiny|100\/100|[from] Volt Switch\n|\n|-damage|p2a: Impending Day|37\/100 brn|[from] brn\n|upkeep\n|turn|42\n|\n|t:|1699208129\n|move|p2a: Impending Day|Chilly Reception|p2a: Impending Day\n|-weather|Snow\n|\n|t:|1699208133\n|switch|p2a: Fluid Sac|Toxapex, M|82\/100 brn|[from] Chilly Reception\n|move|p1a: Nut|Leech Seed|p2a: Fluid Sac|[miss]\n|-miss|p1a: Nut|p2a: Fluid Sac\n|\n|-weather|Snow|[upkeep]\n|-damage|p2a: Fluid Sac|76\/100 brn|[from] brn\n|upkeep\n|turn|43\n|\n|t:|1699208147\n|switch|p2a: My Form Empties|Nidoking, M|76\/100\n|move|p1a: Nut|Leech Seed|p2a: My Form Empties\n|-start|p2a: My Form Empties|move: Leech Seed\n|\n|-weather|Snow|[upkeep]\n|-damage|p2a: My Form Empties|64\/100|[from] Leech Seed|[of] p1a: Nut\n|upkeep\n|turn|44\n|\n|t:|1699208153\n|switch|p2a: Impending Day|Slowking-Galar, F|70\/100 brn\n|switch|p1a: Husk|Kyurem|54\/100\n|-ability|p1a: Husk|Pressure\n|\n|-weather|Snow|[upkeep]\n|-damage|p2a: Impending Day|64\/100 brn|[from] brn\n|-fieldend|move: Psychic Terrain\n|upkeep\n|turn|45\n|\n|t:|1699208165\n|move|p1a: Husk|Draco Meteor|p2a: Impending Day\n|-damage|p2a: Impending Day|0 fnt\n|-unboost|p1a: Husk|spa|2\n|faint|p2a: Impending Day\n|\n|-weather|Snow|[upkeep]\n|upkeep\n|\n|t:|1699208170\n|switch|p2a: Capote|Sneasler, M|100\/100\n|turn|46\n|\n|t:|1699208177\n|move|p2a: Capote|Close Combat|p1a: Husk\n|-supereffective|p1a: Husk\n|-damage|p1a: Husk|0 fnt\n|-unboost|p2a: Capote|def|1\n|-unboost|p2a: Capote|spd|1\n|faint|p1a: Husk\n|\n|-weather|none\n|upkeep\n|\n|t:|1699208179\n|switch|p1a: Kintoki Douji|Rotom-Wash, shiny|76\/100 psn\n|turn|47\n|\n|t:|1699208185\n|switch|p2a: Fluid Sac|Toxapex, M|100\/100 brn\n|move|p1a: Kintoki Douji|Hydro Pump|p2a: Fluid Sac\n|-resisted|p2a: Fluid Sac\n|-damage|p2a: Fluid Sac|84\/100 brn\n|\n|-heal|p1a: Kintoki Douji|82\/100 psn|[from] item: Leftovers\n|-damage|p1a: Kintoki Douji|70\/100 psn|[from] psn\n|-damage|p2a: Fluid Sac|78\/100 brn|[from] brn\n|upkeep\n|turn|48\n|\n|t:|1699208192\n|move|p1a: Kintoki Douji|Volt Switch|p2a: Fluid Sac\n|-supereffective|p2a: Fluid Sac\n|-damage|p2a: Fluid Sac|38\/100 brn\n|\n|t:|1699208194\n|switch|p1a: Nut|Ferrothorn, M, shiny|100\/100|[from] Volt Switch\n|move|p2a: Fluid Sac|Recover|p2a: Fluid Sac\n|-heal|p2a: Fluid Sac|89\/100 brn\n|\n|-damage|p2a: Fluid Sac|83\/100 brn|[from] brn\n|upkeep\n|turn|49\n|\n|t:|1699208202\n|switch|p2a: My Form Empties|Nidoking, M|64\/100\n|move|p1a: Nut|Gyro Ball|p2a: My Form Empties\n|-damage|p2a: My Form Empties|0 fnt\n|faint|p2a: My Form Empties\n|\n|upkeep\n|\n|t:|1699208204\n|switch|p2a: Capote|Sneasler, M|100\/100\n|turn|50\n|\n|t:|1699208208\n|move|p2a: Capote|Close Combat|p1a: Nut\n|-supereffective|p1a: Nut\n|-damage|p1a: Nut|0 fnt\n|-unboost|p2a: Capote|def|1\n|-unboost|p2a: Capote|spd|1\n|-damage|p2a: Capote|88\/100|[from] ability: Iron Barbs|[of] p1a: Nut\n|faint|p1a: Nut\n|\n|upkeep\n|\n|t:|1699208211\n|switch|p1a: Kintoki Douji|Rotom-Wash, shiny|70\/100 psn\n|turn|51\n|c|\u2606AstroCheeseChamp|gg\n|\n|t:|1699208227\n|switch|p2a: Punishing Bird|Crobat, F|88\/100\n|move|p1a: Kintoki Douji|Hydro Pump|p2a: Punishing Bird\n|-damage|p2a: Punishing Bird|43\/100\n|\n|-heal|p1a: Kintoki Douji|76\/100 psn|[from] item: Leftovers\n|-damage|p1a: Kintoki Douji|64\/100 psn|[from] psn\n|upkeep\n|turn|52\n|c|\u2606Pex Hater|gg\n|\n|t:|1699208232\n|move|p2a: Punishing Bird|Roost|p2a: Punishing Bird\n|-heal|p2a: Punishing Bird|93\/100\n|-singleturn|p2a: Punishing Bird|move: Roost\n|move|p1a: Kintoki Douji|Volt Switch|p2a: Punishing Bird\n|-damage|p2a: Punishing Bird|65\/100\n|\n|-heal|p1a: Kintoki Douji|70\/100 psn|[from] item: Leftovers\n|-damage|p1a: Kintoki Douji|58\/100 psn|[from] psn\n|upkeep\n|turn|53\n|\n|t:|1699208235\n|move|p2a: Punishing Bird|Brave Bird|p1a: Kintoki Douji\n|-resisted|p1a: Kintoki Douji\n|-damage|p1a: Kintoki Douji|43\/100 psn\n|-damage|p2a: Punishing Bird|62\/100|[from] Recoil\n|move|p1a: Kintoki Douji|Will-O-Wisp|p2a: Punishing Bird\n|-status|p2a: Punishing Bird|brn\n|\n|-heal|p1a: Kintoki Douji|49\/100 psn|[from] item: Leftovers\n|-damage|p1a: Kintoki Douji|37\/100 psn|[from] psn\n|-damage|p2a: Punishing Bird|55\/100 brn|[from] brn\n|upkeep\n|turn|54\n|\n|t:|1699208239\n|move|p2a: Punishing Bird|Brave Bird|p1a: Kintoki Douji\n|-resisted|p1a: Kintoki Douji\n|-damage|p1a: Kintoki Douji|30\/100 psn\n|-damage|p2a: Punishing Bird|53\/100 brn|[from] Recoil\n|move|p1a: Kintoki Douji|Volt Switch|p2a: Punishing Bird\n|-supereffective|p2a: Punishing Bird\n|-crit|p2a: Punishing Bird\n|-damage|p2a: Punishing Bird|0 fnt\n|faint|p2a: Punishing Bird\n|\n|-heal|p1a: Kintoki Douji|35\/100 psn|[from] item: Leftovers\n|-damage|p1a: Kintoki Douji|23\/100 psn|[from] psn\n|upkeep\n|c|\u2606Pex Hater|oh\n|c|\u2606Pex Hater|i only wanted the guaranteed cc range\n|\n|t:|1699208248\n|switch|p2a: Capote|Sneasler, M|88\/100\n|turn|55\n|\n|t:|1699208253\n|move|p2a: Capote|Close Combat|p1a: Kintoki Douji\n|-damage|p1a: Kintoki Douji|0 fnt\n|-unboost|p2a: Capote|def|1\n|-unboost|p2a: Capote|spd|1\n|faint|p1a: Kintoki Douji\n|\n|win|Pex Hater\n","uploadtime":1699208258,"views":8,"p1id":"astrocheesechamp","p2id":"pexhater","formatid":"gen9nationaldexubers","rating":0,"private":0,"password":""}