{"id":"gen9nationaldexubers-1979906797","p1":"Jackimaster","p2":"zefrenchiestfry","format":"[Gen 9] National Dex Ubers","log":"|j|\u2606Jackimaster\n|j|\u2606zefrenchiestfry\n|t:|1698727368\n|gametype|singles\n|player|p1|Jackimaster|unknown|1228\n|player|p2|zefrenchiestfry|ghetsis|1318\n|teamsize|p1|6\n|teamsize|p2|6\n|gen|9\n|tier|[Gen 9] National Dex Ubers\n|rated|\n|rule|HP Percentage Mod: HP is shown in percentages\n|rule|Endless Battle Clause: Forcing endless battles is banned\n|rule|OHKO Clause: OHKO moves are banned\n|rule|Evasion Moves Clause: Evasion moves are banned\n|rule|Evasion Items Clause: Evasion items are banned\n|rule|Species Clause: Limit one of each Pok\u00e9mon\n|rule|Sleep Clause Mod: Limit one foe put to sleep\n|rule|Mega Rayquaza Clause: You cannot mega evolve Rayquaza\n|clearpoke\n|poke|p1|Garganacl, M|\n|poke|p1|Dragapult, F|\n|poke|p1|Gengar, F|\n|poke|p1|Meowscarada, F|\n|poke|p1|Corviknight, F|\n|poke|p1|Klefki, F|\n|poke|p2|Marshadow|\n|poke|p2|Mewtwo|\n|poke|p2|Seismitoad, F|\n|poke|p2|Zygarde|\n|poke|p2|Ho-Oh|\n|poke|p2|Zacian-*|\n|teampreview\n|inactive|Battle timer is ON: inactive players will automatically lose when time's up. (requested by zefrenchiestfry)\n|\n|t:|1698727378\n|start\n|switch|p1a: Corviknight|Corviknight, F|100\/100\n|switch|p2a: Machamps.com|Seismitoad, F, shiny|100\/100\n|-ability|p1a: Corviknight|Pressure\n|turn|1\n|\n|t:|1698727384\n|move|p1a: Corviknight|Bulk Up|p1a: Corviknight\n|-boost|p1a: Corviknight|atk|1\n|-boost|p1a: Corviknight|def|1\n|move|p2a: Machamps.com|Scald|p1a: Corviknight\n|-damage|p1a: Corviknight|80\/100\n|\n|upkeep\n|turn|2\n|\n|t:|1698727388\n|move|p1a: Corviknight|Bulk Up|p1a: Corviknight\n|-boost|p1a: Corviknight|atk|1\n|-boost|p1a: Corviknight|def|1\n|move|p2a: Machamps.com|Scald|p1a: Corviknight\n|-damage|p1a: Corviknight|58\/100\n|\n|upkeep\n|turn|3\n|\n|t:|1698727393\n|move|p1a: Corviknight|Bulk Up|p1a: Corviknight\n|-boost|p1a: Corviknight|atk|1\n|-boost|p1a: Corviknight|def|1\n|move|p2a: Machamps.com|Scald|p1a: Corviknight\n|-damage|p1a: Corviknight|37\/100\n|\n|upkeep\n|turn|4\n|\n|t:|1698727396\n|move|p1a: Corviknight|Roost|p1a: Corviknight\n|-heal|p1a: Corviknight|87\/100\n|-singleturn|p1a: Corviknight|move: Roost\n|move|p2a: Machamps.com|Scald|p1a: Corviknight\n|-damage|p1a: Corviknight|69\/100\n|\n|upkeep\n|turn|5\n|\n|t:|1698727402\n|move|p1a: Corviknight|Power Trip|p2a: Machamps.com\n|-damage|p2a: Machamps.com|43\/100\n|move|p2a: Machamps.com|Scald|p1a: Corviknight\n|-damage|p1a: Corviknight|49\/100\n|\n|-heal|p2a: Machamps.com|50\/100|[from] item: Leftovers\n|upkeep\n|turn|6\n|\n|t:|1698727406\n|move|p1a: Corviknight|Power Trip|p2a: Machamps.com\n|-damage|p2a: Machamps.com|0 fnt\n|faint|p2a: Machamps.com\n|\n|upkeep\n|\n|t:|1698727409\n|switch|p2a: Gotcha Nose|Marshadow|100\/100\n|turn|7\n|\n|t:|1698727413\n|-terastallize|p2a: Gotcha Nose|Ghost\n|move|p2a: Gotcha Nose|Spectral Thief||[still]\n|-clearpositiveboost|p1a: Corviknight|p2a: Gotcha Nose|move: Spectral Thief\n|-boost|p2a: Gotcha Nose|atk|3\n|-boost|p2a: Gotcha Nose|def|3\n|-anim|p2a: Gotcha Nose|Spectral Thief|p1a: Corviknight\n|-damage|p1a: Corviknight|0 fnt\n|-damage|p2a: Gotcha Nose|84\/100|[from] item: Rocky Helmet|[of] p1a: Corviknight\n|faint|p1a: Corviknight\n|\n|upkeep\n|\n|t:|1698727426\n|switch|p1a: Gengar|Gengar, F|100\/100\n|turn|8\n|\n|t:|1698727431\n|move|p2a: Gotcha Nose|Shadow Sneak|p1a: Gengar\n|-supereffective|p1a: Gengar\n|-enditem|p1a: Gengar|Focus Sash\n|-damage|p1a: Gengar|1\/100\n|move|p1a: Gengar|Shadow Ball|p2a: Gotcha Nose\n|-supereffective|p2a: Gotcha Nose\n|-damage|p2a: Gotcha Nose|0 fnt\n|faint|p2a: Gotcha Nose\n|\n|upkeep\n|\n|t:|1698727441\n|switch|p2a: Thicc|Mewtwo|100\/100\n|-ability|p2a: Thicc|Pressure\n|turn|9\n|\n|t:|1698727445\n|detailschange|p2a: Thicc|Mewtwo-Mega-Y\n|-mega|p2a: Thicc|Mewtwo|Mewtwonite Y\n|move|p2a: Thicc|Psychic|p1a: Gengar\n|-supereffective|p1a: Gengar\n|-damage|p1a: Gengar|0 fnt\n|faint|p1a: Gengar\n|\n|upkeep\n|\n|t:|1698727456\n|switch|p1a: Klefki|Klefki, F|100\/100\n|turn|10\n|\n|t:|1698727469\n|switch|p2a: Gay Birb|Ho-Oh|100\/100\n|move|p1a: Klefki|Light Screen|p1a: Klefki\n|-sidestart|p1: Jackimaster|move: Light Screen\n|\n|upkeep\n|turn|11\n|\n|t:|1698727472\n|move|p1a: Klefki|Thunder Wave|p2a: Gay Birb\n|-status|p2a: Gay Birb|par\n|move|p2a: Gay Birb|Sacred Fire|p1a: Klefki\n|-supereffective|p1a: Klefki\n|-damage|p1a: Klefki|13\/100\n|\n|upkeep\n|turn|12\n|\n|t:|1698727478\n|move|p1a: Klefki|Reflect|p1a: Klefki\n|-sidestart|p1: Jackimaster|Reflect\n|move|p2a: Gay Birb|Sacred Fire|p1a: Klefki\n|-supereffective|p1a: Klefki\n|-damage|p1a: Klefki|0 fnt\n|faint|p1a: Klefki\n|\n|upkeep\n|\n|t:|1698727481\n|switch|p1a: Garganacl|Garganacl, M, shiny|100\/100\n|turn|13\n|\n|t:|1698727484\n|switch|p2a: Minty Squishy|Zygarde, shiny|100\/100\n|move|p1a: Garganacl|Iron Defense|p1a: Garganacl\n|-boost|p1a: Garganacl|def|2\n|\n|upkeep\n|turn|14\n|\n|t:|1698727487\n|move|p2a: Minty Squishy|Dragon Dance|p2a: Minty Squishy\n|-boost|p2a: Minty Squishy|atk|1\n|-boost|p2a: Minty Squishy|spe|1\n|move|p1a: Garganacl|Salt Cure|p2a: Minty Squishy\n|-resisted|p2a: Minty Squishy\n|-damage|p2a: Minty Squishy|96\/100\n|-start|p2a: Minty Squishy|Salt Cure\n|\n|-heal|p2a: Minty Squishy|100\/100|[from] item: Leftovers\n|-damage|p2a: Minty Squishy|88\/100|[from] Salt Cure\n|upkeep\n|turn|15\n|\n|t:|1698727490\n|move|p2a: Minty Squishy|Dragon Dance|p2a: Minty Squishy\n|-boost|p2a: Minty Squishy|atk|1\n|-boost|p2a: Minty Squishy|spe|1\n|move|p1a: Garganacl|Iron Defense|p1a: Garganacl\n|-boost|p1a: Garganacl|def|2\n|\n|-heal|p2a: Minty Squishy|94\/100|[from] item: Leftovers\n|-damage|p2a: Minty Squishy|82\/100|[from] Salt Cure\n|upkeep\n|turn|16\n|\n|t:|1698727492\n|move|p2a: Minty Squishy|Dragon Dance|p2a: Minty Squishy\n|-boost|p2a: Minty Squishy|atk|1\n|-boost|p2a: Minty Squishy|spe|1\n|move|p1a: Garganacl|Iron Defense|p1a: Garganacl\n|-boost|p1a: Garganacl|def|2\n|\n|-heal|p2a: Minty Squishy|88\/100|[from] item: Leftovers\n|-damage|p2a: Minty Squishy|76\/100|[from] Salt Cure\n|upkeep\n|turn|17\n|\n|t:|1698727494\n|move|p2a: Minty Squishy|Dragon Dance|p2a: Minty Squishy\n|-boost|p2a: Minty Squishy|atk|1\n|-boost|p2a: Minty Squishy|spe|1\n|move|p1a: Garganacl|Body Press|p2a: Minty Squishy\n|-damage|p2a: Minty Squishy|25\/100\n|\n|-heal|p2a: Minty Squishy|31\/100|[from] item: Leftovers\n|-damage|p2a: Minty Squishy|19\/100|[from] Salt Cure\n|-sideend|p1: Jackimaster|move: Light Screen\n|-activate|p2a: Minty Squishy|ability: Power Construct\n|detailschange|p2a: Minty Squishy|Zygarde-Complete, shiny\n|-heal|p2a: Minty Squishy|47\/100|[silent]\n|upkeep\n|turn|18\n|\n|t:|1698727498\n|move|p2a: Minty Squishy|Thousand Arrows|p1a: Garganacl\n|-supereffective|p1a: Garganacl\n|-damage|p1a: Garganacl|83\/100\n|move|p1a: Garganacl|Body Press|p2a: Minty Squishy\n|-damage|p2a: Minty Squishy|10\/100\n|\n|-heal|p2a: Minty Squishy|16\/100|[from] item: Leftovers\n|-heal|p1a: Garganacl|89\/100|[from] item: Leftovers\n|-damage|p2a: Minty Squishy|4\/100|[from] Salt Cure\n|upkeep\n|turn|19\n|\n|t:|1698727501\n|move|p2a: Minty Squishy|Thousand Arrows|p1a: Garganacl\n|-supereffective|p1a: Garganacl\n|-damage|p1a: Garganacl|72\/100\n|move|p1a: Garganacl|Body Press|p2a: Minty Squishy\n|-damage|p2a: Minty Squishy|0 fnt\n|faint|p2a: Minty Squishy\n|\n|-heal|p1a: Garganacl|78\/100|[from] item: Leftovers\n|-sideend|p1: Jackimaster|Reflect\n|upkeep\n|\n|t:|1698727504\n|switch|p2a: Thicc|Mewtwo-Mega-Y|100\/100\n|turn|20\n|\n|t:|1698727508\n|move|p2a: Thicc|Aura Sphere|p1a: Garganacl\n|-supereffective|p1a: Garganacl\n|-damage|p1a: Garganacl|28\/100\n|move|p1a: Garganacl|Salt Cure|p2a: Thicc\n|-damage|p2a: Thicc|82\/100\n|-start|p2a: Thicc|Salt Cure\n|\n|-heal|p1a: Garganacl|34\/100|[from] item: Leftovers\n|-damage|p2a: Thicc|69\/100|[from] Salt Cure\n|upkeep\n|turn|21\n|\n|t:|1698727511\n|move|p2a: Thicc|Psychic|p1a: Garganacl\n|-damage|p1a: Garganacl|0 fnt\n|faint|p1a: Garganacl\n|\n|-damage|p2a: Thicc|57\/100|[from] Salt Cure\n|upkeep\n|\n|t:|1698727516\n|switch|p1a: Dragapult|Dragapult, F|100\/100\n|turn|22\n|\n|t:|1698727522\n|switch|p2a: Gay Birb|Ho-Oh|100\/100 par\n|move|p1a: Dragapult|Shadow Ball|p2a: Gay Birb\n|-damage|p2a: Gay Birb|80\/100 par\n|\n|upkeep\n|turn|23\n|\n|t:|1698727526\n|switch|p1a: Meowscarada|Meowscarada, F, shiny|100\/100\n|move|p2a: Gay Birb|Toxic|p1a: Meowscarada|[miss]\n|-miss|p2a: Gay Birb|p1a: Meowscarada\n|\n|upkeep\n|turn|24\n|\n|t:|1698727530\n|move|p1a: Meowscarada|Knock Off|p2a: Gay Birb\n|-start|p1a: Meowscarada|typechange|Dark|[from] ability: Protean\n|-damage|p2a: Gay Birb|29\/100 par\n|-enditem|p2a: Gay Birb|Heavy-Duty Boots|[from] move: Knock Off|[of] p1a: Meowscarada\n|-damage|p1a: Meowscarada|91\/100|[from] item: Life Orb\n|move|p2a: Gay Birb|Sacred Fire|p1a: Meowscarada\n|-damage|p1a: Meowscarada|24\/100\n|-status|p1a: Meowscarada|brn\n|\n|-damage|p1a: Meowscarada|18\/100 brn|[from] brn\n|upkeep\n|turn|25\n|\n|t:|1698727535\n|move|p1a: Meowscarada|Knock Off|p2a: Gay Birb\n|-damage|p2a: Gay Birb|13\/100 par\n|-damage|p1a: Meowscarada|8\/100 brn|[from] item: Life Orb\n|move|p2a: Gay Birb|Aerial Ace|p1a: Meowscarada\n|-damage|p1a: Meowscarada|0 fnt\n|faint|p1a: Meowscarada\n|\n|upkeep\n|\n|t:|1698727537\n|switch|p1a: Dragapult|Dragapult, F|100\/100\n|turn|26\n|\n|t:|1698727543\n|move|p1a: Dragapult|Shadow Ball|p2a: Gay Birb\n|-damage|p2a: Gay Birb|0 fnt\n|faint|p2a: Gay Birb\n|\n|upkeep\n|\n|t:|1698727549\n|switch|p2a: Thicc|Mewtwo-Mega-Y|57\/100\n|turn|27\n|\n|t:|1698727551\n|move|p1a: Dragapult|Shadow Ball|p2a: Thicc\n|-supereffective|p2a: Thicc\n|-damage|p2a: Thicc|0 fnt\n|faint|p2a: Thicc\n|\n|upkeep\n|\n|t:|1698727552\n|switch|p2a: Swoosh|Zacian-Crowned, shiny|100\/100\n|-ability|p2a: Swoosh|Intrepid Sword|boost\n|-boost|p2a: Swoosh|atk|1\n|turn|28\n|\n|t:|1698727555\n|move|p2a: Swoosh|Play Rough|p1a: Dragapult|[miss]\n|-miss|p2a: Swoosh|p1a: Dragapult\n|move|p1a: Dragapult|Shadow Ball|p2a: Swoosh\n|-damage|p2a: Swoosh|50\/100\n|\n|upkeep\n|turn|29\n|\n|t:|1698727561\n|move|p2a: Swoosh|Play Rough|p1a: Dragapult\n|-supereffective|p1a: Dragapult\n|-damage|p1a: Dragapult|0 fnt\n|faint|p1a: Dragapult\n|\n|win|zefrenchiestfry\n|raw|Jackimaster's rating: 1228 &rarr; <strong>1209<\/strong><br \/>(-19 for losing)\n|raw|zefrenchiestfry's rating: 1318 &rarr; <strong>1333<\/strong><br \/>(+15 for winning)\n","uploadtime":1698727566,"views":9,"p1id":"jackimaster","p2id":"zefrenchiestfry","formatid":"gen9nationaldexubers","rating":1209,"private":0,"password":""}