{"id":"gen9nationaldexubers-1978689921","p1":"Yannix BP","p2":"HuTao619","format":"[Gen 9] National Dex Ubers","log":"|j|\u2606Yannix BP\n|j|\u2606HuTao619\n|t:|1698582011\n|gametype|singles\n|player|p1|Yannix BP|266|\n|player|p2|HuTao619|jupiter|\n|teamsize|p1|6\n|teamsize|p2|6\n|gen|9\n|tier|[Gen 9] National Dex Ubers\n|rule|HP Percentage Mod: HP is shown in percentages\n|rule|Endless Battle Clause: Forcing endless battles is banned\n|rule|OHKO Clause: OHKO moves are banned\n|rule|Evasion Moves Clause: Evasion moves are banned\n|rule|Evasion Items Clause: Evasion items are banned\n|rule|Species Clause: Limit one of each Pok\u00e9mon\n|rule|Sleep Clause Mod: Limit one foe put to sleep\n|rule|Mega Rayquaza Clause: You cannot mega evolve Rayquaza\n|clearpoke\n|poke|p1|Gligar, L20, M|\n|poke|p1|Mawile, L20, F|\n|poke|p1|Carvanha, L20, M|\n|poke|p1|Tirtouga, L20, M|\n|poke|p1|Servine, L20, F|\n|poke|p1|Ralts, L20, M|\n|poke|p2|Ivysaur, L20, M|\n|poke|p2|Riolu, L20, M|\n|poke|p2|Pikachu, L20, F|\n|poke|p2|Misdreavus, L20, F|\n|poke|p2|Kabuto, L20, M|\n|poke|p2|Eevee, L20, F|\n|teampreview\n|\n|t:|1698582026\n|start\n|switch|p1a: Tirtouga|Tirtouga, L20, M|100\/100\n|switch|p2a: Eevee|Eevee, L20, F|100\/100\n|turn|1\n|\n|t:|1698582034\n|move|p1a: Tirtouga|Shell Smash|p1a: Tirtouga\n|-unboost|p1a: Tirtouga|def|1\n|-unboost|p1a: Tirtouga|spd|1\n|-boost|p1a: Tirtouga|atk|2\n|-boost|p1a: Tirtouga|spa|2\n|-boost|p1a: Tirtouga|spe|2\n|-enditem|p1a: Tirtouga|White Herb\n|-clearnegativeboost|p1a: Tirtouga|[silent]\n|move|p2a: Eevee|Trailblaze|p1a: Tirtouga\n|-supereffective|p1a: Tirtouga\n|-damage|p1a: Tirtouga|48\/100\n|-boost|p2a: Eevee|spe|1\n|\n|upkeep\n|turn|2\n|\n|t:|1698582049\n|move|p1a: Tirtouga|Aqua Jet|p2a: Eevee\n|-damage|p2a: Eevee|54\/100\n|move|p2a: Eevee|Trailblaze|p1a: Tirtouga\n|-supereffective|p1a: Tirtouga\n|-damage|p1a: Tirtouga|0 fnt\n|-boost|p2a: Eevee|spe|1\n|faint|p1a: Tirtouga\n|\n|upkeep\n|\n|t:|1698582060\n|switch|p1a: Mawile|Mawile, L20, F|100\/100\n|turn|3\n|\n|t:|1698582067\n|move|p2a: Eevee|Double Kick|p1a: Mawile\n|-damage|p1a: Mawile|88\/100\n|-damage|p1a: Mawile|75\/100\n|-hitcount|p1a: Mawile|2\n|move|p1a: Mawile|Draining Kiss|p2a: Eevee\n|-damage|p2a: Eevee|37\/100\n|-heal|p1a: Mawile|90\/100|[from] drain|[of] p2a: Eevee\n|\n|upkeep\n|turn|4\n|\n|t:|1698582079\n|move|p2a: Eevee|Headbutt|p1a: Mawile\n|-resisted|p1a: Mawile\n|-damage|p1a: Mawile|61\/100\n|move|p1a: Mawile|Draining Kiss|p2a: Eevee\n|-damage|p2a: Eevee|19\/100\n|-heal|p1a: Mawile|75\/100|[from] drain|[of] p2a: Eevee\n|\n|upkeep\n|turn|5\n|\n|t:|1698582088\n|move|p1a: Mawile|Sucker Punch|p2a: Eevee\n|-damage|p2a: Eevee|0 fnt\n|faint|p2a: Eevee\n|\n|upkeep\n|\n|t:|1698582099\n|switch|p2a: Pikachu|Pikachu, L20, F|100\/100\n|turn|6\n|\n|t:|1698582110\n|move|p2a: Pikachu|Thunder Wave|p1a: Mawile\n|-status|p1a: Mawile|par\n|cant|p1a: Mawile|par\n|\n|upkeep\n|turn|7\n|\n|t:|1698582116\n|move|p2a: Pikachu|Volt Switch|p1a: Mawile\n|-damage|p1a: Mawile|11\/100 par\n|\n|t:|1698582121\n|switch|p2a: Kabuto|Kabuto, L20, M|100\/100|[from] Volt Switch\n|move|p1a: Mawile|Draining Kiss|p2a: Kabuto\n|-damage|p2a: Kabuto|67\/100\n|-heal|p1a: Mawile|33\/100 par|[from] drain|[of] p2a: Kabuto\n|-damage|p1a: Mawile|17\/100 par|[from] item: Rocky Helmet|[of] p2a: Kabuto\n|\n|upkeep\n|turn|8\n|\n|t:|1698582130\n|move|p2a: Kabuto|Aqua Jet|p1a: Mawile\n|-damage|p1a: Mawile|0 fnt\n|faint|p1a: Mawile\n|\n|upkeep\n|\n|t:|1698582135\n|switch|p1a: Carvanha|Carvanha, L20, M|100\/100\n|turn|9\n|\n|t:|1698582141\n|switch|p2a: Pikachu|Pikachu, L20, F|100\/100\n|move|p1a: Carvanha|Flip Turn|p2a: Pikachu\n|-damage|p2a: Pikachu|29\/100\n|\n|t:|1698582149\n|switch|p1a: Gligar|Gligar, L20, M|100\/100|[from] Flip Turn\n|\n|upkeep\n|turn|10\n|\n|t:|1698582157\n|move|p2a: Pikachu|Draining Kiss|p1a: Gligar\n|-damage|p1a: Gligar|78\/100\n|-heal|p2a: Pikachu|50\/100|[from] drain|[of] p1a: Gligar\n|move|p1a: Gligar|Tailwind|p1a: Gligar\n|-sidestart|p1: Yannix BP|move: Tailwind\n|\n|upkeep\n|turn|11\n|\n|t:|1698582166\n|move|p1a: Gligar|Bulldoze|p2a: Pikachu\n|-supereffective|p2a: Pikachu\n|-damage|p2a: Pikachu|0 fnt\n|faint|p2a: Pikachu\n|\n|upkeep\n|\n|t:|1698582172\n|switch|p2a: Misdreavus|Misdreavus, L20, F|100\/100\n|turn|12\n|\n|t:|1698582180\n|move|p1a: Gligar|Aerial Ace|p2a: Misdreavus\n|-damage|p2a: Misdreavus|50\/100\n|move|p2a: Misdreavus|Psybeam|p1a: Gligar\n|-damage|p1a: Gligar|57\/100\n|\n|upkeep\n|turn|13\n|\n|t:|1698582188\n|move|p1a: Gligar|Aerial Ace|p2a: Misdreavus\n|-damage|p2a: Misdreavus|0 fnt\n|faint|p2a: Misdreavus\n|\n|-sideend|p1: Yannix BP|move: Tailwind\n|upkeep\n|\n|t:|1698582194\n|switch|p2a: Kabuto|Kabuto, L20, M|67\/100\n|turn|14\n|\n|t:|1698582199\n|move|p2a: Kabuto|Aqua Jet|p1a: Gligar\n|-supereffective|p1a: Gligar\n|-damage|p1a: Gligar|25\/100\n|move|p1a: Gligar|Bulldoze|p2a: Kabuto\n|-supereffective|p2a: Kabuto\n|-damage|p2a: Kabuto|0 fnt\n|faint|p2a: Kabuto\n|\n|upkeep\n|\n|t:|1698582216\n|switch|p2a: Riolu|Riolu, L20, M|100\/100\n|turn|15\n|\n|t:|1698582222\n|move|p1a: Gligar|Aerial Ace|p2a: Riolu\n|-supereffective|p2a: Riolu\n|-damage|p2a: Riolu|0 fnt\n|faint|p2a: Riolu\n|\n|upkeep\n|\n|t:|1698582227\n|switch|p2a: Ivysaur|Ivysaur, L20, M|100\/100\n|turn|16\n|\n|t:|1698582231\n|move|p1a: Gligar|Aerial Ace|p2a: Ivysaur\n|-supereffective|p2a: Ivysaur\n|-damage|p2a: Ivysaur|12\/100\n|move|p2a: Ivysaur|Magical Leaf|p1a: Gligar\n|-damage|p1a: Gligar|0 fnt\n|faint|p1a: Gligar\n|\n|upkeep\n|\n|t:|1698582239\n|switch|p1a: Ralts|Ralts, L20, M|100\/100\n|-ability|p1a: Ralts|Overgrow|[from] ability: Trace|[of] p2a: Ivysaur\n|turn|17\n|\n|t:|1698582248\n|move|p1a: Ralts|Psybeam|p2a: Ivysaur\n|-supereffective|p2a: Ivysaur\n|-damage|p2a: Ivysaur|0 fnt\n|faint|p2a: Ivysaur\n|\n|win|Yannix BP\n|l|\u2606HuTao619\n","uploadtime":1698582256,"views":8,"p1id":"yannixbp","p2id":"hutao619","formatid":"gen9nationaldexubers","rating":0,"private":0,"password":""}