{"id":"gen9nationaldexubers-1998438589","p1":"popo4456","p2":"KennyMckor","format":"[Gen 9] National Dex Ubers","log":"|j|\u2606popo4456\n|j|\u2606KennyMckor\n|t:|1700942364\n|gametype|singles\n|player|p1|popo4456|galacticgrunt|\n|player|p2|KennyMckor|biker-gen4|\n|teamsize|p1|6\n|teamsize|p2|6\n|gen|9\n|tier|[Gen 9] National Dex Ubers\n|rule|HP Percentage Mod: HP is shown in percentages\n|rule|Endless Battle Clause: Forcing endless battles is banned\n|rule|OHKO Clause: OHKO moves are banned\n|rule|Evasion Moves Clause: Evasion moves are banned\n|rule|Evasion Items Clause: Evasion items are banned\n|rule|Species Clause: Limit one of each Pok\u00e9mon\n|rule|Sleep Clause Mod: Limit one foe put to sleep\n|rule|Mega Rayquaza Clause: You cannot mega evolve Rayquaza\n|clearpoke\n|poke|p1|Banette, F|\n|poke|p1|Ting-Lu|\n|poke|p1|Ribombee, F|\n|poke|p1|Celesteela|\n|poke|p1|Kommo-o, F|\n|poke|p1|Serperior, M|\n|poke|p2|Maushold-Four|\n|poke|p2|Dragapult, F|\n|poke|p2|Basculegion, M|\n|poke|p2|Volcarona, F|\n|poke|p2|Gliscor, F|\n|poke|p2|Tapu Fini|\n|teampreview\n|c|\u2606KennyMckor|Gl hf !\n|c|\u2606popo4456|glhf\n|j| Nekolo\n|c| Nekolo|GL\n|j| Orangesodapop\n|\n|t:|1700942403\n|start\n|switch|p1a: Ribombee|Ribombee, F|100\/100\n|switch|p2a: FishWithoutChips|Basculegion, M, shiny|100\/100\n|turn|1\n|\n|t:|1700942411\n|move|p1a: Ribombee|Sticky Web|p2a: FishWithoutChips\n|-sidestart|p2: KennyMckor|move: Sticky Web\n|move|p2a: FishWithoutChips|Wave Crash|p1a: Ribombee\n|-enditem|p1a: Ribombee|Focus Sash\n|-damage|p1a: Ribombee|1\/100\n|-damage|p2a: FishWithoutChips|78\/100|[from] Recoil\n|\n|upkeep\n|turn|2\n|\n|t:|1700942418\n|switch|p2a: Krcm'sBestsFriends|Maushold-Four, shiny|100\/100\n|-activate|p2a: Krcm'sBestsFriends|move: Sticky Web\n|-unboost|p2a: Krcm'sBestsFriends|spe|1\n|move|p1a: Ribombee|Moonblast|p2a: Krcm'sBestsFriends\n|-damage|p2a: Krcm'sBestsFriends|48\/100\n|-unboost|p2a: Krcm'sBestsFriends|spa|1\n|\n|upkeep\n|turn|3\n|j| Ruka42\n|\n|t:|1700942437\n|switch|p2a: ChildLauncher|Dragapult, F, shiny|100\/100\n|-activate|p2a: ChildLauncher|move: Sticky Web\n|-unboost|p2a: ChildLauncher|spe|1\n|move|p1a: Ribombee|Moonblast|p2a: ChildLauncher\n|-supereffective|p2a: ChildLauncher\n|-damage|p2a: ChildLauncher|4\/100\n|-unboost|p2a: ChildLauncher|spa|1\n|\n|upkeep\n|turn|4\n|\n|t:|1700942445\n|move|p1a: Ribombee|Moonblast|p2a: ChildLauncher\n|-supereffective|p2a: ChildLauncher\n|-crit|p2a: ChildLauncher\n|-damage|p2a: ChildLauncher|0 fnt\n|faint|p2a: ChildLauncher\n|\n|upkeep\n|c|\u2606KennyMckor|I played so bad\n|\n|t:|1700942452\n|switch|p2a: J'aiUneGrosseMite|Volcarona, F, shiny|100\/100\n|-activate|p2a: J'aiUneGrosseMite|move: Sticky Web\n|-unboost|p2a: J'aiUneGrosseMite|spe|1\n|turn|5\n|\n|t:|1700942458\n|switch|p1a: Ting-Lu|Ting-Lu|100\/100\n|-ability|p1a: Ting-Lu|Vessel of Ruin\n|move|p2a: J'aiUneGrosseMite|Quiver Dance|p2a: J'aiUneGrosseMite\n|-boost|p2a: J'aiUneGrosseMite|spa|1\n|-boost|p2a: J'aiUneGrosseMite|spd|1\n|-boost|p2a: J'aiUneGrosseMite|spe|1\n|\n|upkeep\n|turn|6\n|\n|t:|1700942465\n|-zpower|p2a: J'aiUneGrosseMite\n|move|p2a: J'aiUneGrosseMite|Savage Spin-Out|p1a: Ting-Lu|[zeffect]\n|-supereffective|p1a: Ting-Lu\n|-damage|p1a: Ting-Lu|0 fnt\n|faint|p1a: Ting-Lu\n|\n|upkeep\n|j| Doomsurge\n|\n|t:|1700942470\n|switch|p1a: Banette|Banette, F|100\/100\n|turn|7\n|\n|t:|1700942475\n|detailschange|p1a: Banette|Banette-Mega, F\n|-mega|p1a: Banette|Banette|Banettite\n|move|p1a: Banette|Destiny Bond|p1a: Banette\n|-singlemove|p1a: Banette|Destiny Bond\n|move|p2a: J'aiUneGrosseMite|Flamethrower|p1a: Banette\n|-damage|p1a: Banette|30\/100\n|\n|upkeep\n|turn|8\n|\n|t:|1700942481\n|move|p2a: J'aiUneGrosseMite|Quiver Dance|p2a: J'aiUneGrosseMite\n|-boost|p2a: J'aiUneGrosseMite|spa|1\n|-boost|p2a: J'aiUneGrosseMite|spd|1\n|-boost|p2a: J'aiUneGrosseMite|spe|1\n|move|p1a: Banette|Shadow Claw|p2a: J'aiUneGrosseMite\n|-damage|p2a: J'aiUneGrosseMite|48\/100\n|\n|upkeep\n|turn|9\n|c| Doomsurge|o god Idk who to cheer for\n|\n|t:|1700942488\n|move|p1a: Banette|Destiny Bond|p1a: Banette\n|-singlemove|p1a: Banette|Destiny Bond\n|move|p2a: J'aiUneGrosseMite|Flamethrower|p1a: Banette\n|-damage|p1a: Banette|0 fnt\n|faint|p1a: Banette\n|-activate|p1a: Banette|move: Destiny Bond\n|faint|p2a: J'aiUneGrosseMite\n|\n|upkeep\n|\n|t:|1700942498\n|switch|p2a: FishWithoutChips|Basculegion, M, shiny|78\/100\n|switch|p1a: Serperior|Serperior, M|100\/100\n|-activate|p2a: FishWithoutChips|move: Sticky Web\n|-unboost|p2a: FishWithoutChips|spe|1\n|turn|10\n|\n|t:|1700942504\n|switch|p2a: IpreferKokoTbh|Tapu Fini, shiny|100\/100\n|-activate|p2a: IpreferKokoTbh|move: Sticky Web\n|-unboost|p2a: IpreferKokoTbh|spe|1\n|-fieldstart|move: Misty Terrain|[from] ability: Misty Surge|[of] p2a: IpreferKokoTbh\n|move|p1a: Serperior|Leaf Storm|p2a: IpreferKokoTbh\n|-supereffective|p2a: IpreferKokoTbh\n|-damage|p2a: IpreferKokoTbh|42\/100\n|-boost|p1a: Serperior|spa|2\n|\n|-heal|p2a: IpreferKokoTbh|48\/100|[from] item: Leftovers\n|upkeep\n|turn|11\n|c| Doomsurge|o god popos serperior\n|\n|t:|1700942517\n|move|p1a: Serperior|Leaf Storm|p2a: IpreferKokoTbh\n|-supereffective|p2a: IpreferKokoTbh\n|-damage|p2a: IpreferKokoTbh|0 fnt\n|-boost|p1a: Serperior|spa|2\n|faint|p2a: IpreferKokoTbh\n|\n|upkeep\n|c|\u2606popo4456|it do be serping\n|\n|t:|1700942522\n|switch|p2a: Krcm'sBestsFriends|Maushold-Four, shiny|48\/100\n|-activate|p2a: Krcm'sBestsFriends|move: Sticky Web\n|-unboost|p2a: Krcm'sBestsFriends|spe|1\n|turn|12\n|c| Doomsurge|rut roh raggy\n|\n|t:|1700942529\n|move|p1a: Serperior|Hidden Power|p2a: Krcm'sBestsFriends\n|-damage|p2a: Krcm'sBestsFriends|0 fnt\n|faint|p2a: Krcm'sBestsFriends\n|\n|upkeep\n|c| Doomsurge|is it joever\n|c|\u2606KennyMckor|gg$\n|\n|t:|1700942534\n|switch|p2a: Isn'tItAUber?|Gliscor, F, shiny|100\/100\n|turn|13\n|\n|t:|1700942540\n|move|p1a: Serperior|Substitute|p1a: Serperior\n|-start|p1a: Serperior|Substitute\n|-damage|p1a: Serperior|75\/100\n|move|p2a: Isn'tItAUber?|Knock Off|p1a: Serperior\n|-end|p1a: Serperior|Substitute\n|\n|-heal|p1a: Serperior|82\/100|[from] item: Leftovers\n|-status|p2a: Isn'tItAUber?|tox|[from] item: Toxic Orb\n|upkeep\n|turn|14\n|c| Doomsurge|dw kenny this snake sweeped me too\n|\n|t:|1700942548\n|move|p1a: Serperior|Leaf Storm|p2a: Isn'tItAUber?\n|-damage|p2a: Isn'tItAUber?|0 fnt\n|-boost|p1a: Serperior|spa|2\n|faint|p2a: Isn'tItAUber?\n|\n|-heal|p1a: Serperior|88\/100|[from] item: Leftovers\n|-fieldend|Misty Terrain\n|upkeep\n|c|\u2606KennyMckor|too bad to lose rn :\/\n|\n|t:|1700942557\n|switch|p2a: FishWithoutChips|Basculegion, M, shiny|78\/100\n|-activate|p2a: FishWithoutChips|move: Sticky Web\n|-unboost|p2a: FishWithoutChips|spe|1\n|turn|15\n|\n|t:|1700942561\n|move|p1a: Serperior|Leaf Storm|p2a: FishWithoutChips\n|-supereffective|p2a: FishWithoutChips\n|-damage|p2a: FishWithoutChips|0 fnt\n|faint|p2a: FishWithoutChips\n|\n|win|popo4456\n|c|\u2606popo4456|gg <3\n|c| Doomsurge|Popo u better win\n|c| Nekolo|gg\n|c|\u2606KennyMckor|I'm fucking disgusted about this game :(\n|c| Doomsurge|or else murdur\n|j| Elonias\n|j| JoshuaMC\n|l| Ruka42\n|l| JoshuaMC\n","uploadtime":1700942599,"views":3,"p1id":"popo4456","p2id":"kennymckor","formatid":"gen9nationaldexubers","rating":0,"private":0,"password":""}