{"id":"gen9nationaldexubers-1990473562","p1":"85792195wwww","p2":"Zatanna rs","format":"[Gen 9] National Dex Ubers","log":"|j|\u260685792195wwww\n|j|\u2606Zatanna rs\n|t:|1699974253\n|gametype|singles\n|player|p1|85792195wwww|mira|1587\n|player|p2|Zatanna rs|skyla-masters|1539\n|teamsize|p1|6\n|teamsize|p2|6\n|gen|9\n|tier|[Gen 9] National Dex Ubers\n|rated|\n|rule|HP Percentage Mod: HP is shown in percentages\n|rule|Endless Battle Clause: Forcing endless battles is banned\n|rule|OHKO Clause: OHKO moves are banned\n|rule|Evasion Moves Clause: Evasion moves are banned\n|rule|Evasion Items Clause: Evasion items are banned\n|rule|Species Clause: Limit one of each Pok\u00e9mon\n|rule|Sleep Clause Mod: Limit one foe put to sleep\n|rule|Mega Rayquaza Clause: You cannot mega evolve Rayquaza\n|clearpoke\n|poke|p1|Zacian-*|\n|poke|p1|Arceus-Ground|\n|poke|p1|Deoxys-Speed|\n|poke|p1|Landorus, M|\n|poke|p1|Groudon|\n|poke|p1|Kyurem-Black|\n|poke|p2|Groudon|\n|poke|p2|Yveltal|\n|poke|p2|Arceus-Steel|\n|poke|p2|Kyogre|\n|poke|p2|Ho-Oh|\n|poke|p2|Chansey, F|\n|teampreview\n|inactive|Battle timer is ON: inactive players will automatically lose when time's up. (requested by Zatanna rs)\n|\n|t:|1699974292\n|start\n|switch|p1a: Deoxys|Deoxys-Speed|100\/100\n|switch|p2a: Ho-Oh|Ho-Oh|100\/100\n|-ability|p1a: Deoxys|Pressure\n|turn|1\n|\n|t:|1699974300\n|move|p1a: Deoxys|Stealth Rock|p2a: Ho-Oh\n|-sidestart|p2: Zatanna rs|move: Stealth Rock\n|move|p2a: Ho-Oh|Sacred Fire|p1a: Deoxys\n|-damage|p1a: Deoxys|37\/100\n|\n|upkeep\n|turn|2\n|\n|t:|1699974314\n|move|p1a: Deoxys|Taunt|p2a: Ho-Oh\n|-start|p2a: Ho-Oh|move: Taunt\n|move|p2a: Ho-Oh|Sacred Fire|p1a: Deoxys\n|-damage|p1a: Deoxys|0 fnt\n|faint|p1a: Deoxys\n|\n|upkeep\n|\n|t:|1699974322\n|switch|p1a: Arceus|Arceus-Ground|100\/100\n|turn|3\n|\n|t:|1699974333\n|move|p1a: Arceus|Stone Edge|p2a: Ho-Oh\n|-supereffective|p2a: Ho-Oh\n|-crit|p2a: Ho-Oh\n|-damage|p2a: Ho-Oh|0 fnt\n|faint|p2a: Ho-Oh\n|\n|upkeep\n|\n|t:|1699974352\n|switch|p2a: Yveltal|Yveltal|100\/100\n|-damage|p2a: Yveltal|76\/100|[from] Stealth Rock\n|-ability|p2a: Yveltal|Dark Aura\n|turn|4\n|\n|t:|1699974359\n|move|p1a: Arceus|Taunt|p2a: Yveltal\n|-start|p2a: Yveltal|move: Taunt\n|move|p2a: Yveltal|Foul Play|p1a: Arceus\n|-damage|p1a: Arceus|51\/100\n|\n|-heal|p2a: Yveltal|82\/100|[from] item: Leftovers\n|upkeep\n|turn|5\n|\n|t:|1699974368\n|move|p1a: Arceus|Stone Edge|p2a: Yveltal\n|-supereffective|p2a: Yveltal\n|-damage|p2a: Yveltal|42\/100\n|move|p2a: Yveltal|Foul Play|p1a: Arceus\n|-damage|p1a: Arceus|0 fnt\n|faint|p1a: Arceus\n|\n|-heal|p2a: Yveltal|48\/100|[from] item: Leftovers\n|upkeep\n|\n|t:|1699974386\n|switch|p1a: Kyurem|Kyurem-Black|100\/100\n|-ability|p1a: Kyurem|Teravolt\n|turn|6\n|\n|t:|1699974392\n|move|p1a: Kyurem|Icicle Spear|p2a: Yveltal\n|-supereffective|p2a: Yveltal\n|-damage|p2a: Yveltal|26\/100\n|-supereffective|p2a: Yveltal\n|-damage|p2a: Yveltal|7\/100\n|-supereffective|p2a: Yveltal\n|-damage|p2a: Yveltal|0 fnt\n|faint|p2a: Yveltal\n|-hitcount|p2: Yveltal|3\n|\n|upkeep\n|\n|t:|1699974397\n|switch|p2a: Arceus|Arceus-Steel|100\/100\n|-damage|p2a: Arceus|94\/100|[from] Stealth Rock\n|turn|7\n|\n|t:|1699974408\n|switch|p1a: Landorus|Landorus, M|100\/100\n|switch|p2a: Groudon|Groudon, shiny|100\/100\n|-damage|p2a: Groudon|94\/100|[from] Stealth Rock\n|detailschange|p2a: Groudon|Groudon-Primal, shiny\n|-primal|p2a: Groudon|Red Orb\n|-weather|DesolateLand|[from] ability: Desolate Land|[of] p2a: Groudon\n|\n|-weather|DesolateLand|[upkeep]\n|upkeep\n|turn|8\n|\n|t:|1699974420\n|move|p1a: Landorus|Nasty Plot|p1a: Landorus\n|-boost|p1a: Landorus|spa|2\n|move|p2a: Groudon|Stealth Rock|p1a: Landorus\n|-sidestart|p1: 85792195wwww|move: Stealth Rock\n|\n|-weather|DesolateLand|[upkeep]\n|upkeep\n|turn|9\n|inactive|Zatanna rs has 120 seconds left.\n|inactive|Zatanna rs has 90 seconds left.\n|inactive|Zatanna rs has 60 seconds left.\n|\n|t:|1699974521\n|move|p1a: Landorus|Earth Power|p2a: Groudon\n|-supereffective|p2a: Groudon\n|-damage|p2a: Groudon|0 fnt\n|faint|p2a: Groudon\n|-weather|none\n|\n|upkeep\n|\n|t:|1699974525\n|switch|p2a: Kyogre|Kyogre|100\/100\n|-damage|p2a: Kyogre|88\/100|[from] Stealth Rock\n|-weather|RainDance|[from] ability: Drizzle|[of] p2a: Kyogre\n|turn|10\n|inactive|Zatanna rs has 60 seconds left.\n|\n|t:|1699974540\n|switch|p1a: Kyurem|Kyurem-Black|100\/100\n|-damage|p1a: Kyurem|75\/100|[from] Stealth Rock\n|-ability|p1a: Kyurem|Teravolt\n|move|p2a: Kyogre|Ice Beam|p1a: Kyurem\n|-damage|p1a: Kyurem|43\/100\n|\n|-weather|RainDance|[upkeep]\n|upkeep\n|turn|11\n|inactive|Zatanna rs has 60 seconds left.\n|\n|t:|1699974553\n|switch|p2a: Arceus|Arceus-Steel|94\/100\n|-damage|p2a: Arceus|88\/100|[from] Stealth Rock\n|move|p1a: Kyurem|Fusion Bolt|p2a: Arceus\n|-damage|p2a: Arceus|57\/100\n|\n|-weather|RainDance|[upkeep]\n|upkeep\n|turn|12\n|\n|t:|1699974563\n|move|p1a: Kyurem|Dragon Dance|p1a: Kyurem\n|-boost|p1a: Kyurem|atk|1\n|-boost|p1a: Kyurem|spe|1\n|move|p2a: Arceus|Recover|p2a: Arceus\n|-heal|p2a: Arceus|100\/100\n|\n|-weather|RainDance|[upkeep]\n|upkeep\n|turn|13\n|\n|t:|1699974571\n|move|p1a: Kyurem|Fusion Bolt|p2a: Arceus\n|-damage|p2a: Arceus|54\/100\n|move|p2a: Arceus|Judgment|p1a: Kyurem\n|-supereffective|p1a: Kyurem\n|-damage|p1a: Kyurem|0 fnt\n|faint|p1a: Kyurem\n|\n|-weather|RainDance|[upkeep]\n|upkeep\n|\n|t:|1699974583\n|switch|p1a: Groudon|Groudon|100\/100\n|-damage|p1a: Groudon|94\/100|[from] Stealth Rock\n|detailschange|p1a: Groudon|Groudon-Primal\n|-primal|p1a: Groudon|Red Orb\n|-weather|DesolateLand|[from] ability: Desolate Land|[of] p1a: Groudon\n|turn|14\n|inactive|Zatanna rs has 90 seconds left.\n|\n|t:|1699974598\n|move|p2a: Arceus|Judgment|p1a: Groudon\n|-resisted|p1a: Groudon\n|-damage|p1a: Groudon|71\/100\n|move|p1a: Groudon|Rock Polish|p1a: Groudon\n|-boost|p1a: Groudon|spe|2\n|\n|-weather|DesolateLand|[upkeep]\n|upkeep\n|turn|15\n|-message|Zatanna rs forfeited.\n|\n|win|85792195wwww\n|raw|85792195wwww's rating: 1587 &rarr; <strong>1604<\/strong><br \/>(+17 for winning)\n|raw|Zatanna rs's rating: 1539 &rarr; <strong>1522<\/strong><br \/>(-17 for losing)\n|l|\u2606Zatanna rs\n","uploadtime":1699974608,"views":6,"p1id":"85792195wwww","p2id":"zatannars","formatid":"gen9nationaldexubers","rating":1522,"private":0,"password":""}