{"id":"gen9nationaldexubers-1995697693","p1":"Arnaenaed \u223e","p2":"KenIII PC","format":"[Gen 9] National Dex Ubers","log":"|j|\u2606Arnaenaed \u223e\n|j|\u2606KenIII PC\n|t:|1700594898\n|gametype|singles\n|player|p1|Arnaenaed \u223e|clay|\n|player|p2|KenIII PC|ethan|\n|teamsize|p1|6\n|teamsize|p2|6\n|gen|9\n|tier|[Gen 9] National Dex Ubers\n|rule|HP Percentage Mod: HP is shown in percentages\n|rule|Endless Battle Clause: Forcing endless battles is banned\n|rule|OHKO Clause: OHKO moves are banned\n|rule|Evasion Moves Clause: Evasion moves are banned\n|rule|Evasion Items Clause: Evasion items are banned\n|rule|Species Clause: Limit one of each Pok\u00e9mon\n|rule|Sleep Clause Mod: Limit one foe put to sleep\n|rule|Mega Rayquaza Clause: You cannot mega evolve Rayquaza\n|clearpoke\n|poke|p1|Xerneas-*|\n|poke|p1|Zygarde|\n|poke|p1|Delphox, F|\n|poke|p1|Greninja-*, F|\n|poke|p1|Avalugg, F|\n|poke|p1|Hawlucha, F|\n|poke|p2|Yveltal|\n|poke|p2|Xerneas-*|\n|poke|p2|Greninja-*, M|\n|poke|p2|Zygarde|\n|poke|p2|Barbaracle, F|\n|poke|p2|Diancie|\n|teampreview\n|j| s.daninja\n|inactive|Battle timer is ON: inactive players will automatically lose when time's up. (requested by KenIII PC)\n|c| s.daninja|Bien aqui estamos en el desempate de ambos\n|\n|t:|1700594922\n|start\n|switch|p1a: Greninja|Greninja, F|100\/100\n|switch|p2a: Q fuck es esto|Barbaracle, F|100\/100\n|turn|1\n|\n|t:|1700594940\n|move|p1a: Greninja|Toxic Spikes|p2a: Q fuck es esto\n|-start|p1a: Greninja|typechange|Poison|[from] ability: Protean\n|-sidestart|p2: KenIII PC|move: Toxic Spikes\n|move|p2a: Q fuck es esto|Shell Smash|p2a: Q fuck es esto\n|-unboost|p2a: Q fuck es esto|def|1\n|-unboost|p2a: Q fuck es esto|spd|1\n|-boost|p2a: Q fuck es esto|atk|2\n|-boost|p2a: Q fuck es esto|spa|2\n|-boost|p2a: Q fuck es esto|spe|2\n|-enditem|p2a: Q fuck es esto|White Herb\n|-clearnegativeboost|p2a: Q fuck es esto|[silent]\n|\n|upkeep\n|turn|2\n|c| s.daninja|Waos un barbaracle interesante\n|c| s.daninja|Vs greninja\n|\n|t:|1700594948\n|move|p2a: Q fuck es esto|Razor Shell|p1a: Greninja\n|-enditem|p1a: Greninja|Focus Sash\n|-damage|p1a: Greninja|1\/100\n|-unboost|p1a: Greninja|def|1\n|move|p1a: Greninja|Toxic Spikes|p2a: Q fuck es esto\n|-sidestart|p2: KenIII PC|move: Toxic Spikes\n|\n|upkeep\n|turn|3\n|\n|t:|1700594955\n|move|p2a: Q fuck es esto|Rock Blast|p1a: Greninja\n|-damage|p1a: Greninja|0 fnt\n|faint|p1a: Greninja\n|-hitcount|p1: Greninja|1\n|\n|upkeep\n|c| s.daninja|Barbaracle inicia shell smash\n|c| s.daninja|Puas t\u00f3xicas\n|c| s.daninja|Que sigue\n|c| s.daninja|COMO RESPONDERA ARNAU\n|inactive|Arnaenaed \u223e has 270 seconds left.\n|c| s.daninja|Barbaracle se ve intimidante\n|c|\u2606KenIII PC|Gracias dani x narrar xd\n|inactive|Arnaenaed \u223e has 240 seconds left.\n|c| s.daninja|Arnau a quedado en shock chavales\n|c| s.daninja|El combate se a decidido?\n|inactive|Arnaenaed \u223e has 210 seconds left.\n|\n|t:|1700595048\n|switch|p1a: Avalugg|Avalugg, F|100\/100\n|turn|4\n|\n|t:|1700595051\n|move|p2a: Q fuck es esto|Rock Blast|p1a: Avalugg\n|-supereffective|p1a: Avalugg\n|-damage|p1a: Avalugg|73\/100\n|-supereffective|p1a: Avalugg\n|-damage|p1a: Avalugg|46\/100\n|-hitcount|p1a: Avalugg|2\n|move|p1a: Avalugg|Roar|p2a: Q fuck es esto\n|drag|p2a: Guampudo|Xerneas|100\/100\n|-status|p2a: Guampudo|tox\n|-ability|p2a: Guampudo|Fairy Aura\n|\n|-damage|p2a: Guampudo|94\/100 tox|[from] psn\n|upkeep\n|turn|5\n|\n|t:|1700595062\n|-terastallize|p2a: Guampudo|Steel\n|move|p2a: Guampudo|Geomancy||[still]\n|-prepare|p2a: Guampudo|Geomancy\n|-enditem|p2a: Guampudo|Power Herb\n|-anim|p2a: Guampudo|Geomancy|p2a: Guampudo\n|-boost|p2a: Guampudo|spa|2\n|-boost|p2a: Guampudo|spd|2\n|-boost|p2a: Guampudo|spe|2\n|move|p1a: Avalugg|Roar|p2a: Guampudo\n|drag|p2a: Q fuck es esto|Barbaracle, F|100\/100\n|-status|p2a: Q fuck es esto|tox\n|\n|-damage|p2a: Q fuck es esto|95\/100 tox|[from] psn\n|upkeep\n|turn|6\n|c| s.daninja|Pero que es esto\n|\n|t:|1700595074\n|move|p2a: Q fuck es esto|Rock Blast|p1a: Avalugg\n|-supereffective|p1a: Avalugg\n|-damage|p1a: Avalugg|32\/100\n|-supereffective|p1a: Avalugg\n|-damage|p1a: Avalugg|20\/100\n|-supereffective|p1a: Avalugg\n|-damage|p1a: Avalugg|7\/100\n|-hitcount|p1a: Avalugg|3\n|move|p1a: Avalugg|Roar|p2a: Q fuck es esto\n|drag|p2a: Weonculiaoperkin|Diancie|100\/100\n|-status|p2a: Weonculiaoperkin|tox\n|\n|-damage|p2a: Weonculiaoperkin|94\/100 tox|[from] psn\n|upkeep\n|turn|7\n|\n|t:|1700595086\n|move|p2a: Weonculiaoperkin|Diamond Storm|p1a: Avalugg\n|-supereffective|p1a: Avalugg\n|-damage|p1a: Avalugg|0 fnt\n|faint|p1a: Avalugg\n|\n|-heal|p2a: Weonculiaoperkin|100\/100 tox|[from] item: Leftovers\n|-damage|p2a: Weonculiaoperkin|88\/100 tox|[from] psn\n|upkeep\n|c| s.daninja|Ese aval\u00fag esta mas duro que una piedra\n|\n|t:|1700595105\n|switch|p1a: Xerneas|Xerneas|100\/100\n|-ability|p1a: Xerneas|Fairy Aura\n|turn|8\n|\n|t:|1700595113\n|move|p1a: Xerneas|Geomancy||[still]\n|-prepare|p1a: Xerneas|Geomancy\n|-enditem|p1a: Xerneas|Power Herb\n|-anim|p1a: Xerneas|Geomancy|p1a: Xerneas\n|-boost|p1a: Xerneas|spa|2\n|-boost|p1a: Xerneas|spd|2\n|-boost|p1a: Xerneas|spe|2\n|move|p2a: Weonculiaoperkin|Diamond Storm|p1a: Xerneas\n|-damage|p1a: Xerneas|69\/100\n|\n|-heal|p2a: Weonculiaoperkin|94\/100 tox|[from] item: Leftovers\n|-damage|p2a: Weonculiaoperkin|75\/100 tox|[from] psn\n|upkeep\n|turn|9\n|c| s.daninja|Oh no le toca a arnau bostearse\n|\n|t:|1700595123\n|move|p1a: Xerneas|Flash Cannon|p2a: Weonculiaoperkin\n|-supereffective|p2a: Weonculiaoperkin\n|-damage|p2a: Weonculiaoperkin|0 fnt\n|faint|p2a: Weonculiaoperkin\n|\n|upkeep\n|\n|t:|1700595126\n|switch|p2a: Guampudo|Xerneas, tera:Steel|94\/100 tox\n|-ability|p2a: Guampudo|Fairy Aura\n|turn|10\n|\n|t:|1700595129\n|-terastallize|p1a: Xerneas|Fire\n|move|p1a: Xerneas|Hidden Power|p2a: Guampudo\n|-supereffective|p2a: Guampudo\n|-damage|p2a: Guampudo|0 fnt\n|faint|p2a: Guampudo\n|\n|upkeep\n|c| s.daninja|Flash canon?!\n|c| s.daninja|Hidden fire\n|\n|t:|1700595139\n|switch|p2a: Q fuck es esto|Barbaracle, F|95\/100 tox\n|turn|11\n|\n|t:|1700595143\n|move|p1a: Xerneas|Moonblast|p2a: Q fuck es esto\n|-damage|p2a: Q fuck es esto|0 fnt\n|faint|p2a: Q fuck es esto\n|\n|upkeep\n|c| s.daninja|Pero que rayos que sigue\n|c| s.daninja|Xerneas causa destrozos\n|c|\u2606KenIII PC|GG me barrio\n|\n|t:|1700595165\n|switch|p2a: Gekuga|Greninja, M|100\/100\n|-status|p2a: Gekuga|tox\n|turn|12\n|\n|t:|1700595168\n|move|p2a: Gekuga|Protect|p2a: Gekuga\n|-singleturn|p2a: Gekuga|Protect\n|move|p1a: Xerneas|Moonblast|p2a: Gekuga\n|-activate|p2a: Gekuga|move: Protect\n|\n|-damage|p2a: Gekuga|95\/100 tox|[from] psn\n|upkeep\n|turn|13\n|c| s.daninja|Almenos lo intento el p\u00fablico enloquece\n|c|\u2606Arnaenaed \u223e|gg\n|\n|t:|1700595184\n|switch|p2a: Beacon|Yveltal, shiny|100\/100\n|-ability|p2a: Beacon|Dark Aura\n|move|p1a: Xerneas|Moonblast|p2a: Beacon\n|-supereffective|p2a: Beacon\n|-damage|p2a: Beacon|0 fnt\n|faint|p2a: Beacon\n|\n|upkeep\n|c| s.daninja|Estuvo cerca la verdad\n|\n|t:|1700595197\n|switch|p2a: Megazord|Zygarde, shiny|100\/100\n|-status|p2a: Megazord|tox\n|turn|14\n|\n|t:|1700595200\n|move|p1a: Xerneas|Moonblast|p2a: Megazord\n|-supereffective|p2a: Megazord\n|-damage|p2a: Megazord|0 fnt\n|faint|p2a: Megazord\n|\n|upkeep\n|\n|t:|1700595203\n|switch|p2a: Gekuga|Greninja, M|95\/100 tox\n|turn|15\n|\n|t:|1700595205\n|move|p1a: Xerneas|Moonblast|p2a: Gekuga\n|-supereffective|p2a: Gekuga\n|-damage|p2a: Gekuga|0 fnt\n|faint|p2a: Gekuga\n|\n|win|Arnaenaed \u223e\n|c|\u2606KenIII PC|GG\n|c| s.daninja|Si pedrad hubier conectado 5 otro gallo diria gg\n|c|\u2606Arnaenaed \u223e|gg bien jugado\n|c| s.daninja|O 4\n|l| s.daninja\n|l|\u2606KenIII PC\n|j| s.daninja\n","uploadtime":1700595296,"views":1,"p1id":"arnaenaed","p2id":"keniiipc","formatid":"gen9nationaldexubers","rating":0,"private":0,"password":""}