{"id":"gen9nationaldexubers-1986080434","p1":"KarmaNightraide","p2":"yanngeek","format":"[Gen 9] National Dex Ubers","log":"|j|\u2606KarmaNightraide\n|j|\u2606yanngeek\n|t:|1699447846\n|gametype|singles\n|player|p1|KarmaNightraide|unknown|1200\n|player|p2|yanngeek|lance|1357\n|teamsize|p1|6\n|teamsize|p2|6\n|gen|9\n|tier|[Gen 9] National Dex Ubers\n|rated|\n|rule|HP Percentage Mod: HP is shown in percentages\n|rule|Endless Battle Clause: Forcing endless battles is banned\n|rule|OHKO Clause: OHKO moves are banned\n|rule|Evasion Moves Clause: Evasion moves are banned\n|rule|Evasion Items Clause: Evasion items are banned\n|rule|Species Clause: Limit one of each Pok\u00e9mon\n|rule|Sleep Clause Mod: Limit one foe put to sleep\n|rule|Mega Rayquaza Clause: You cannot mega evolve Rayquaza\n|clearpoke\n|poke|p1|Ceruledge, F|\n|poke|p1|Basculegion, M|\n|poke|p1|Mimikyu, M|\n|poke|p1|Gourgeist-*, F|\n|poke|p1|Banette, F|\n|poke|p1|Mismagius, F|\n|poke|p2|Rayquaza|\n|poke|p2|Zacian-*|\n|poke|p2|Kingambit, M|\n|poke|p2|Darmanitan-Galar, F|\n|poke|p2|Groudon|\n|poke|p2|Kyogre|\n|teampreview\n|inactive|Battle timer is ON: inactive players will automatically lose when time's up. (requested by KarmaNightraide)\n|\n|t:|1699447869\n|start\n|switch|p1a: Go to sleep...|Banette, F|100\/100\n|switch|p2a: Groudon|Groudon|100\/100\n|detailschange|p2a: Groudon|Groudon-Primal\n|-primal|p2a: Groudon|Red Orb\n|-weather|DesolateLand|[from] ability: Desolate Land|[of] p2a: Groudon\n|turn|1\n|\n|t:|1699447880\n|detailschange|p1a: Go to sleep...|Banette-Mega, F\n|-mega|p1a: Go to sleep...|Banette|Banettite\n|move|p1a: Go to sleep...|Taunt|p2a: Groudon\n|-start|p2a: Groudon|move: Taunt\n|cant|p2a: Groudon|move: Taunt|Stealth Rock\n|\n|-weather|DesolateLand|[upkeep]\n|upkeep\n|turn|2\n|\n|t:|1699447887\n|move|p1a: Go to sleep...|Destiny Bond|p1a: Go to sleep...\n|-singlemove|p1a: Go to sleep...|Destiny Bond\n|move|p2a: Groudon|Fire Punch|p1a: Go to sleep...\n|-damage|p1a: Go to sleep...|0 fnt\n|faint|p1a: Go to sleep...\n|-activate|p1a: Go to sleep...|move: Destiny Bond\n|faint|p2a: Groudon\n|-weather|none\n|\n|upkeep\n|\n|t:|1699447903\n|switch|p2a: Darmanitan|Darmanitan-Galar, F|100\/100\n|switch|p1a: Pumpin|Gourgeist-Small, F|100\/100\n|-item|p2a: Darmanitan|Choice Scarf|[from] ability: Frisk|[of] p1a: Pumpin|[identify]\n|turn|3\n|\n|t:|1699447929\n|move|p2a: Darmanitan|U-turn|p1a: Pumpin\n|-damage|p1a: Pumpin|54\/100\n|\n|t:|1699447938\n|switch|p2a: Zacian|Zacian-Crowned|100\/100|[from] U-turn\n|-ability|p2a: Zacian|Intrepid Sword|boost\n|-boost|p2a: Zacian|atk|1\n|-zpower|p1a: Pumpin\n|move|p1a: Pumpin|Z-Trick-or-Treat|p2a: Zacian|[anim]Trick-or-Treat\n|-boost|p1a: Pumpin|atk|1|[zeffect]\n|-boost|p1a: Pumpin|def|1|[zeffect]\n|-boost|p1a: Pumpin|spa|1|[zeffect]\n|-boost|p1a: Pumpin|spd|1|[zeffect]\n|-boost|p1a: Pumpin|spe|1|[zeffect]\n|-start|p2a: Zacian|typeadd|Ghost|[from] move: Trick-or-Treat\n|\n|upkeep\n|turn|4\n|inactive|KarmaNightraide has 120 seconds left.\n|\n|t:|1699447959\n|move|p1a: Pumpin|Poltergeist|p2a: Zacian\n|-activate|p2a: Zacian|move: Poltergeist|Rusted Sword\n|-supereffective|p2a: Zacian\n|-damage|p2a: Zacian|0 fnt\n|faint|p2a: Zacian\n|\n|upkeep\n|\n|t:|1699447966\n|switch|p2a: Kingambit|Kingambit, M|100\/100\n|-activate|p2a: Kingambit|ability: Supreme Overlord\n|-start|p2a: Kingambit|fallen2|[silent]\n|turn|5\n|inactive|KarmaNightraide has 120 seconds left.\n|\n|t:|1699448005\n|move|p1a: Pumpin|Poltergeist|p2a: Kingambit\n|-activate|p2a: Kingambit|move: Poltergeist|Leftovers\n|-resisted|p2a: Kingambit\n|-damage|p2a: Kingambit|78\/100\n|move|p2a: Kingambit|Swords Dance|p2a: Kingambit\n|-boost|p2a: Kingambit|atk|2\n|\n|-heal|p2a: Kingambit|84\/100|[from] item: Leftovers\n|upkeep\n|turn|6\n|\n|t:|1699448025\n|move|p2a: Kingambit|Sucker Punch||[still]\n|-fail|p2a: Kingambit\n|move|p1a: Pumpin|Trick-or-Treat|p2a: Kingambit\n|-start|p2a: Kingambit|typeadd|Ghost|[from] move: Trick-or-Treat\n|\n|-heal|p2a: Kingambit|90\/100|[from] item: Leftovers\n|upkeep\n|turn|7\n|\n|t:|1699448037\n|move|p1a: Pumpin|Shadow Sneak|p2a: Kingambit\n|-damage|p2a: Kingambit|72\/100\n|move|p2a: Kingambit|Sucker Punch||[still]\n|-fail|p2a: Kingambit\n|\n|-heal|p2a: Kingambit|78\/100|[from] item: Leftovers\n|upkeep\n|turn|8\n|\n|t:|1699448049\n|move|p2a: Kingambit|Sucker Punch|p1a: Pumpin\n|-supereffective|p1a: Pumpin\n|-damage|p1a: Pumpin|0 fnt\n|faint|p1a: Pumpin\n|\n|-heal|p2a: Kingambit|84\/100|[from] item: Leftovers\n|upkeep\n|\n|t:|1699448056\n|switch|p1a: Widowmaker|Ceruledge, F|100\/100\n|turn|9\n|\n|t:|1699448061\n|move|p2a: Kingambit|Sucker Punch||[still]\n|-fail|p2a: Kingambit\n|move|p1a: Widowmaker|Swords Dance|p1a: Widowmaker\n|-boost|p1a: Widowmaker|atk|2\n|\n|-heal|p2a: Kingambit|90\/100|[from] item: Leftovers\n|upkeep\n|turn|10\n|\n|t:|1699448072\n|move|p1a: Widowmaker|Bitter Blade|p2a: Kingambit\n|-supereffective|p2a: Kingambit\n|-damage|p2a: Kingambit|0 fnt\n|faint|p2a: Kingambit\n|-end|p2a: Kingambit|fallen2|[silent]\n|\n|upkeep\n|\n|t:|1699448080\n|switch|p2a: Kyogre|Kyogre|100\/100\n|detailschange|p2a: Kyogre|Kyogre-Primal\n|-primal|p2a: Kyogre|Blue Orb\n|-weather|PrimordialSea|[from] ability: Primordial Sea|[of] p2a: Kyogre\n|turn|11\n|inactive|KarmaNightraide has 120 seconds left.\n|\n|t:|1699448094\n|move|p2a: Kyogre|Origin Pulse|p1a: Widowmaker\n|-supereffective|p1a: Widowmaker\n|-enditem|p1a: Widowmaker|Focus Sash\n|-damage|p1a: Widowmaker|1\/100\n|move|p1a: Widowmaker|Close Combat|p2a: Kyogre\n|-damage|p2a: Kyogre|3\/100\n|-unboost|p1a: Widowmaker|def|1\n|-unboost|p1a: Widowmaker|spd|1\n|\n|-weather|PrimordialSea|[upkeep]\n|upkeep\n|turn|12\n|inactive|KarmaNightraide has 120 seconds left.\n|\n|t:|1699448107\n|move|p2a: Kyogre|Earthquake|p1a: Widowmaker\n|-supereffective|p1a: Widowmaker\n|-crit|p1a: Widowmaker\n|-damage|p1a: Widowmaker|0 fnt\n|faint|p1a: Widowmaker\n|\n|-weather|PrimordialSea|[upkeep]\n|upkeep\n|inactive|KarmaNightraide has 120 seconds left.\n|\n|t:|1699448118\n|switch|p1a: Witch|Mismagius, F|100\/100\n|turn|13\n|inactive|KarmaNightraide has 120 seconds left.\n|\n|t:|1699448134\n|move|p1a: Witch|Nasty Plot|p1a: Witch\n|-boost|p1a: Witch|spa|2\n|move|p2a: Kyogre|Thunder|p1a: Witch\n|-damage|p1a: Witch|38\/100\n|-status|p1a: Witch|par\n|\n|-weather|PrimordialSea|[upkeep]\n|upkeep\n|turn|14\n|inactive|KarmaNightraide has 120 seconds left.\n|inactive|yanngeek has 120 seconds left.\n|\n|t:|1699448160\n|move|p2a: Kyogre|Thunder|p1a: Witch\n|-damage|p1a: Witch|0 fnt\n|faint|p1a: Witch\n|\n|-weather|PrimordialSea|[upkeep]\n|upkeep\n|\n|t:|1699448169\n|switch|p1a: Lil guy my man|Mimikyu, M|100\/100\n|turn|15\n|\n|t:|1699448181\n|-weather|none\n|switch|p2a: Darmanitan|Darmanitan-Galar, F|100\/100\n|move|p1a: Lil guy my man|Shadow Sneak|p2a: Darmanitan\n|-damage|p2a: Darmanitan|66\/100\n|-damage|p1a: Lil guy my man|91\/100|[from] item: Life Orb\n|\n|upkeep\n|turn|16\n|inactive|KarmaNightraide has 90 seconds left.\n|\n|t:|1699448230\n|move|p2a: Darmanitan|U-turn|p1a: Lil guy my man\n|-activate|p1a: Lil guy my man|ability: Disguise\n|-damage|p1a: Lil guy my man|91\/100\n|detailschange|p1a: Lil guy my man|Mimikyu-Busted, M\n|-damage|p1a: Lil guy my man|78\/100|[from] pokemon: Mimikyu-Busted\n|\n|t:|1699448236\n|switch|p2a: Kyogre|Kyogre-Primal|3\/100|[from] U-turn\n|-weather|PrimordialSea|[from] ability: Primordial Sea|[of] p2a: Kyogre\n|move|p1a: Lil guy my man|Swords Dance|p1a: Lil guy my man\n|-boost|p1a: Lil guy my man|atk|2\n|\n|-weather|PrimordialSea|[upkeep]\n|upkeep\n|turn|17\n|\n|t:|1699448248\n|move|p1a: Lil guy my man|Shadow Sneak|p2a: Kyogre\n|-damage|p2a: Kyogre|0 fnt\n|faint|p2a: Kyogre\n|-weather|none\n|-damage|p1a: Lil guy my man|68\/100|[from] item: Life Orb\n|\n|upkeep\n|\n|t:|1699448254\n|switch|p2a: Rayquaza|Rayquaza|100\/100\n|-ability|p2a: Rayquaza|Air Lock\n|turn|18\n|\n|t:|1699448264\n|move|p2a: Rayquaza|Dragon Ascent|p1a: Lil guy my man\n|-damage|p1a: Lil guy my man|0 fnt\n|-unboost|p2a: Rayquaza|def|1\n|-unboost|p2a: Rayquaza|spd|1\n|faint|p1a: Lil guy my man\n|\n|upkeep\n|\n|t:|1699448270\n|switch|p1a: Fish|Basculegion, M|100\/100\n|turn|19\n|\n|t:|1699448279\n|move|p2a: Rayquaza|Dragon Ascent|p1a: Fish\n|-damage|p1a: Fish|17\/100\n|-unboost|p2a: Rayquaza|def|1\n|-unboost|p2a: Rayquaza|spd|1\n|move|p1a: Fish|Rain Dance|p1a: Fish\n|-weather|RainDance\n|\n|-weather|RainDance|[upkeep]\n|upkeep\n|turn|20\n|\n|t:|1699448290\n|move|p2a: Rayquaza|Dragon Ascent|p1a: Fish\n|-damage|p1a: Fish|0 fnt\n|-unboost|p2a: Rayquaza|def|1\n|-unboost|p2a: Rayquaza|spd|1\n|faint|p1a: Fish\n|\n|win|yanngeek\n|raw|KarmaNightraide's rating: 1200 &rarr; <strong>1186<\/strong><br \/>(-14 for losing)\n|raw|yanngeek's rating: 1357 &rarr; <strong>1369<\/strong><br \/>(+12 for winning)\n|l|\u2606yanngeek\n|c|\u2606KarmaNightraide|Lucky para\n","uploadtime":1699448314,"views":18,"p1id":"karmanightraide","p2id":"yanngeek","formatid":"gen9nationaldexubers","rating":1186,"private":0,"password":""}