{"id":"gen9nationaldexubers-1996520907","p1":"stinkles3","p2":"ImGoodATM","format":"[Gen 9] National Dex Ubers","log":"|j|\u2606stinkles3\n|j|\u2606ImGoodATM\n|t:|1700690157\n|gametype|singles\n|player|p1|stinkles3|dragontamer|\n|player|p2|ImGoodATM|will|\n|teamsize|p1|6\n|teamsize|p2|6\n|gen|9\n|tier|[Gen 9] National Dex Ubers\n|rule|HP Percentage Mod: HP is shown in percentages\n|rule|Endless Battle Clause: Forcing endless battles is banned\n|rule|OHKO Clause: OHKO moves are banned\n|rule|Evasion Moves Clause: Evasion moves are banned\n|rule|Evasion Items Clause: Evasion items are banned\n|rule|Species Clause: Limit one of each Pok\u00e9mon\n|rule|Sleep Clause Mod: Limit one foe put to sleep\n|rule|Mega Rayquaza Clause: You cannot mega evolve Rayquaza\n|clearpoke\n|poke|p1|Garchomp, M|\n|poke|p1|Dragapult, F|\n|poke|p1|Cyclizar, M|\n|poke|p1|Walking Wake|\n|poke|p1|Dragonite, F|\n|poke|p1|Hydreigon, M|\n|poke|p2|Naganadel|\n|poke|p2|Sneasler, F|\n|poke|p2|Drapion, F|\n|poke|p2|Beedrill, F|\n|poke|p2|Crobat, F|\n|poke|p2|Slowking-Galar, M|\n|teampreview\n|inactive|Battle timer is ON: inactive players will automatically lose when time's up. (requested by ImGoodATM)\n|c|\u2606stinkles3|hm\n|c|\u2606stinkles3|ok\n|\n|t:|1700690168\n|start\n|switch|p1a: Hydration|Hydreigon, M|100\/100\n|switch|p2a: Slowking|Slowking-Galar, M|100\/100\n|turn|1\n|\n|t:|1700690174\n|move|p1a: Hydration|Stealth Rock|p2a: Slowking\n|-sidestart|p2: ImGoodATM|move: Stealth Rock\n|move|p2a: Slowking|Yawn|p1a: Hydration\n|-start|p1a: Hydration|move: Yawn|[of] p2a: Slowking\n|\n|upkeep\n|turn|2\n|\n|t:|1700690180\n|move|p2a: Slowking|Protect|p2a: Slowking\n|-singleturn|p2a: Slowking|Protect\n|move|p1a: Hydration|Dark Pulse|p2a: Slowking\n|-activate|p2a: Slowking|move: Protect\n|\n|-end|p1a: Hydration|move: Yawn|[silent]\n|-status|p1a: Hydration|slp\n|upkeep\n|turn|3\n|\n|t:|1700690189\n|cant|p1a: Hydration|slp\n|move|p2a: Slowking|Future Sight|p1a: Hydration\n|-start|p2a: Slowking|move: Future Sight\n|\n|upkeep\n|turn|4\n|\n|t:|1700690195\n|switch|p2a: Crobat|Crobat, F|100\/100\n|-damage|p2a: Crobat|76\/100|[from] Stealth Rock\n|-curestatus|p1a: Hydration|slp|[msg]\n|move|p1a: Hydration|Dark Pulse|p2a: Crobat\n|-damage|p2a: Crobat|17\/100\n|\n|upkeep\n|turn|5\n|\n|t:|1700690204\n|move|p2a: Crobat|Defog|p1a: Hydration\n|-unboost|p1a: Hydration|evasion|1\n|-sideend|p2: ImGoodATM|Stealth Rock|[from] move: Defog|[of] p2a: Crobat\n|move|p1a: Hydration|Dragon Pulse|p2a: Crobat\n|-damage|p2a: Crobat|0 fnt\n|faint|p2a: Crobat\n|\n|-end|p1a: Hydration|move: Future Sight\n|-immune|p1a: Hydration\n|upkeep\n|\n|t:|1700690210\n|switch|p2a: Sneasler|Sneasler, F, shiny|100\/100\n|turn|6\n|\n|t:|1700690214\n|move|p2a: Sneasler|Fake Out|p1a: Hydration\n|-enditem|p2a: Sneasler|Normal Gem|[from] gem\n|-damage|p1a: Hydration|78\/100\n|cant|p1a: Hydration|flinch\n|\n|upkeep\n|turn|7\n|\n|t:|1700690221\n|move|p2a: Sneasler|Close Combat|p1a: Hydration\n|-supereffective|p1a: Hydration\n|-damage|p1a: Hydration|0 fnt\n|-unboost|p2a: Sneasler|def|1\n|-unboost|p2a: Sneasler|spd|1\n|faint|p1a: Hydration\n|\n|upkeep\n|\n|t:|1700690229\n|switch|p1a: Mischief|Dragapult, F|100\/100\n|turn|8\n|\n|t:|1700690239\n|switch|p2a: Drapion|Drapion, F, shiny|100\/100\n|move|p1a: Mischief|Disable||[still]\n|-fail|p1a: Mischief\n|\n|upkeep\n|turn|9\n|\n|t:|1700690249\n|switch|p1a: Deathstroke|Garchomp, M|100\/100\n|move|p2a: Drapion|Agility|p2a: Drapion\n|-boost|p2a: Drapion|spe|2\n|\n|upkeep\n|turn|10\n|\n|t:|1700690255\n|move|p2a: Drapion|Night Slash|p1a: Deathstroke\n|-damage|p1a: Deathstroke|73\/100\n|-damage|p2a: Drapion|88\/100|[from] ability: Rough Skin|[of] p1a: Deathstroke\n|-damage|p2a: Drapion|72\/100|[from] item: Rocky Helmet|[of] p1a: Deathstroke\n|move|p1a: Deathstroke|Swords Dance|p1a: Deathstroke\n|-boost|p1a: Deathstroke|atk|2\n|\n|upkeep\n|turn|11\n|\n|t:|1700690264\n|move|p2a: Drapion|Night Slash|p1a: Deathstroke\n|-damage|p1a: Deathstroke|45\/100\n|-damage|p2a: Drapion|59\/100|[from] ability: Rough Skin|[of] p1a: Deathstroke\n|-damage|p2a: Drapion|43\/100|[from] item: Rocky Helmet|[of] p1a: Deathstroke\n|move|p1a: Deathstroke|Bulldoze|p2a: Drapion\n|-supereffective|p2a: Drapion\n|-damage|p2a: Drapion|0 fnt\n|faint|p2a: Drapion\n|\n|upkeep\n|\n|t:|1700690270\n|switch|p2a: Sneasler|Sneasler, F, shiny|100\/100\n|turn|12\n|\n|t:|1700690278\n|move|p2a: Sneasler|Fake Out|p1a: Deathstroke\n|-damage|p1a: Deathstroke|29\/100\n|-damage|p2a: Sneasler|88\/100|[from] ability: Rough Skin|[of] p1a: Deathstroke\n|-damage|p2a: Sneasler|72\/100|[from] item: Rocky Helmet|[of] p1a: Deathstroke\n|cant|p1a: Deathstroke|flinch\n|\n|upkeep\n|turn|13\n|\n|t:|1700690284\n|move|p2a: Sneasler|Acrobatics|p1a: Deathstroke\n|-damage|p1a: Deathstroke|0 fnt\n|-damage|p2a: Sneasler|59\/100|[from] ability: Rough Skin|[of] p1a: Deathstroke\n|-damage|p2a: Sneasler|43\/100|[from] item: Rocky Helmet|[of] p1a: Deathstroke\n|faint|p1a: Deathstroke\n|\n|upkeep\n|\n|t:|1700690292\n|switch|p1a: Stepper|Walking Wake|100\/100\n|-enditem|p1a: Stepper|Booster Energy\n|-activate|p1a: Stepper|ability: Protosynthesis|[fromitem]\n|-start|p1a: Stepper|protosynthesisspa\n|turn|14\n|\n|t:|1700690298\n|move|p1a: Stepper|Scary Face|p2a: Sneasler\n|-unboost|p2a: Sneasler|spe|2\n|move|p2a: Sneasler|Close Combat|p1a: Stepper\n|-damage|p1a: Stepper|21\/100\n|-unboost|p2a: Sneasler|def|1\n|-unboost|p2a: Sneasler|spd|1\n|\n|upkeep\n|turn|15\n|\n|t:|1700690307\n|switch|p2a: Slowking|Slowking-Galar, M|100\/100\n|move|p1a: Stepper|Dragon Pulse|p2a: Slowking\n|-damage|p2a: Slowking|57\/100\n|\n|-heal|p2a: Slowking|63\/100|[from] item: Leftovers\n|upkeep\n|turn|16\n|\n|t:|1700690315\n|move|p1a: Stepper|Snarl|p2a: Slowking\n|-supereffective|p2a: Slowking\n|-damage|p2a: Slowking|25\/100\n|-unboost|p2a: Slowking|spa|1\n|move|p2a: Slowking|Future Sight|p1a: Stepper\n|-start|p2a: Slowking|move: Future Sight\n|\n|-heal|p2a: Slowking|31\/100|[from] item: Leftovers\n|upkeep\n|turn|17\n|\n|t:|1700690322\n|move|p2a: Slowking|Protect|p2a: Slowking\n|-singleturn|p2a: Slowking|Protect\n|move|p1a: Stepper|Hydro Steam|p2a: Slowking\n|-activate|p2a: Slowking|move: Protect\n|\n|-heal|p2a: Slowking|38\/100|[from] item: Leftovers\n|upkeep\n|turn|18\n|\n|t:|1700690330\n|switch|p2a: Sneasler|Sneasler, F, shiny|43\/100\n|move|p1a: Stepper|Snarl|p2a: Sneasler\n|-resisted|p2a: Sneasler\n|-damage|p2a: Sneasler|25\/100\n|-unboost|p2a: Sneasler|spa|1\n|\n|-end|p1a: Stepper|move: Future Sight\n|-damage|p1a: Stepper|0 fnt\n|faint|p1a: Stepper\n|-end|p1a: Stepper|Protosynthesis|[silent]\n|upkeep\n|\n|t:|1700690339\n|switch|p1a: Rahh|Dragonite, F|100\/100\n|turn|19\n|\n|t:|1700690345\n|move|p2a: Sneasler|Fake Out|p1a: Rahh\n|-damage|p1a: Rahh|92\/100\n|cant|p1a: Rahh|flinch\n|\n|upkeep\n|turn|20\n|\n|t:|1700690351\n|move|p1a: Rahh|Extreme Speed|p2a: Sneasler\n|-damage|p2a: Sneasler|0 fnt\n|faint|p2a: Sneasler\n|\n|upkeep\n|\n|t:|1700690358\n|switch|p2a: Slowking|Slowking-Galar, M|71\/100\n|turn|21\n|\n|t:|1700690364\n|-terastallize|p1a: Rahh|Normal\n|move|p1a: Rahh|Extreme Speed|p2a: Slowking\n|-damage|p2a: Slowking|20\/100\n|move|p2a: Slowking|Yawn|p1a: Rahh\n|-start|p1a: Rahh|move: Yawn|[of] p2a: Slowking\n|\n|-heal|p2a: Slowking|26\/100|[from] item: Leftovers\n|upkeep\n|turn|22\n|\n|t:|1700690374\n|switch|p1a: Runzeedoodle|Cyclizar, M|100\/100\n|move|p2a: Slowking|Protect||[still]\n|-fail|p2a: Slowking\n|\n|-heal|p2a: Slowking|32\/100|[from] item: Leftovers\n|upkeep\n|turn|23\n|\n|t:|1700690381\n|move|p1a: Runzeedoodle|Crunch|p2a: Slowking\n|-supereffective|p2a: Slowking\n|-damage|p2a: Slowking|0 fnt\n|faint|p2a: Slowking\n|\n|upkeep\n|\n|t:|1700690385\n|switch|p2a: Beedrill|Beedrill, F, shiny|100\/100\n|turn|24\n|\n|t:|1700690389\n|detailschange|p2a: Beedrill|Beedrill-Mega, F, shiny\n|-mega|p2a: Beedrill|Beedrill|Beedrillite\n|move|p2a: Beedrill|Brick Break|p1a: Runzeedoodle\n|-supereffective|p1a: Runzeedoodle\n|-damage|p1a: Runzeedoodle|2\/100\n|move|p1a: Runzeedoodle|Rapid Spin|p2a: Beedrill\n|-damage|p2a: Beedrill|44\/100\n|-boost|p1a: Runzeedoodle|spe|1\n|\n|-heal|p1a: Runzeedoodle|8\/100|[from] item: Leftovers\n|upkeep\n|turn|25\n|\n|t:|1700690397\n|move|p1a: Runzeedoodle|Rapid Spin|p2a: Beedrill\n|-damage|p2a: Beedrill|0 fnt\n|-boost|p1a: Runzeedoodle|spe|1\n|faint|p2a: Beedrill\n|\n|-heal|p1a: Runzeedoodle|14\/100|[from] item: Leftovers\n|upkeep\n|\n|t:|1700690400\n|switch|p2a: Naganadel|Naganadel|100\/100\n|turn|26\n|\n|t:|1700690405\n|-terastallize|p2a: Naganadel|Fairy\n|move|p1a: Runzeedoodle|Breaking Swipe|p2a: Naganadel\n|-immune|p2a: Naganadel\n|move|p2a: Naganadel|Dragon Pulse|p1a: Runzeedoodle\n|-supereffective|p1a: Runzeedoodle\n|-damage|p1a: Runzeedoodle|0 fnt\n|faint|p1a: Runzeedoodle\n|-ability|p2a: Naganadel|Beast Boost|boost\n|-boost|p2a: Naganadel|spe|1\n|\n|upkeep\n|\n|t:|1700690416\n|switch|p1a: Rahh|Dragonite, F, tera:Normal|92\/100\n|turn|27\n|\n|t:|1700690420\n|move|p1a: Rahh|Extreme Speed|p2a: Naganadel\n|-damage|p2a: Naganadel|27\/100\n|move|p2a: Naganadel|Dragon Pulse|p1a: Rahh\n|-damage|p1a: Rahh|44\/100\n|\n|upkeep\n|turn|28\n|\n|t:|1700690426\n|move|p1a: Rahh|Extreme Speed|p2a: Naganadel\n|-damage|p2a: Naganadel|0 fnt\n|faint|p2a: Naganadel\n|\n|win|stinkles3\n|c|\u2606stinkles3|gg\n","uploadtime":1700690430,"views":14,"p1id":"stinkles3","p2id":"imgoodatm","formatid":"gen9nationaldexubers","rating":0,"private":0,"password":""}