{"id":"gen9nationaldexubers-1977836406","p1":"Jake30Tuddy","p2":"TheCoosBiscuit119","format":"[Gen 9] National Dex Ubers","log":"|j|\u2606Jake30Tuddy\n|j|\u2606TheCoosBiscuit119\n|t:|1698455601\n|gametype|singles\n|player|p1|Jake30Tuddy|1|1107\n|player|p2|TheCoosBiscuit119|rancher|1199\n|teamsize|p1|6\n|teamsize|p2|6\n|gen|9\n|tier|[Gen 9] National Dex Ubers\n|rated|\n|rule|HP Percentage Mod: HP is shown in percentages\n|rule|Endless Battle Clause: Forcing endless battles is banned\n|rule|OHKO Clause: OHKO moves are banned\n|rule|Evasion Moves Clause: Evasion moves are banned\n|rule|Evasion Items Clause: Evasion items are banned\n|rule|Species Clause: Limit one of each Pok\u00e9mon\n|rule|Sleep Clause Mod: Limit one foe put to sleep\n|rule|Mega Rayquaza Clause: You cannot mega evolve Rayquaza\n|clearpoke\n|poke|p1|Chansey, F|\n|poke|p1|Mandibuzz, F|\n|poke|p1|Azumarill, M|\n|poke|p1|Volcarona, M|\n|poke|p1|Venusaur, F|\n|poke|p1|Registeel|\n|poke|p2|Chi-Yu|\n|poke|p2|Tauros-Paldea-Aqua, M|\n|poke|p2|Masquerain, F|\n|poke|p2|Kingambit, F|\n|poke|p2|Spiritomb, F|\n|poke|p2|Iron Valiant|\n|teampreview\n|inactive|Battle timer is ON: inactive players will automatically lose when time's up. (requested by TheCoosBiscuit119)\n|\n|t:|1698455605\n|start\n|switch|p1a: Venusaur|Venusaur, F|100\/100\n|switch|p2a: Yeeee|Masquerain, F|100\/100\n|-ability|p2a: Yeeee|Intimidate|boost\n|-unboost|p1a: Venusaur|atk|1\n|turn|1\n|c|\u2606TheCoosBiscuit119|GLHF\n|\n|t:|1698455616\n|detailschange|p1a: Venusaur|Venusaur-Mega, F\n|-mega|p1a: Venusaur|Venusaur|Venusaurite\n|move|p2a: Yeeee|Sticky Web|p1a: Venusaur\n|-sidestart|p1: Jake30Tuddy|move: Sticky Web\n|move|p1a: Venusaur|Sludge Bomb|p2a: Yeeee\n|-damage|p2a: Yeeee|49\/100\n|-status|p2a: Yeeee|psn\n|\n|-damage|p2a: Yeeee|36\/100 psn|[from] psn\n|upkeep\n|turn|2\n|\n|t:|1698455641\n|move|p2a: Yeeee|Air Slash|p1a: Venusaur\n|-supereffective|p1a: Venusaur\n|-damage|p1a: Venusaur|54\/100\n|move|p1a: Venusaur|Sludge Bomb|p2a: Yeeee\n|-damage|p2a: Yeeee|0 fnt\n|faint|p2a: Yeeee\n|\n|upkeep\n|\n|t:|1698455655\n|switch|p2a: Yee|Chi-Yu|100\/100\n|-ability|p2a: Yee|Beads of Ruin\n|turn|3\n|\n|t:|1698455670\n|switch|p1a: Azumarill|Azumarill, M|100\/100\n|-activate|p1a: Azumarill|move: Sticky Web\n|-unboost|p1a: Azumarill|spe|1\n|move|p2a: Yee|Psychic|p1a: Azumarill\n|-damage|p1a: Azumarill|49\/100\n|\n|upkeep\n|turn|4\n|\n|t:|1698455680\n|move|p1a: Azumarill|Aqua Jet|p2a: Yee\n|-supereffective|p2a: Yee\n|-damage|p2a: Yee|16\/100\n|move|p2a: Yee|Psychic|p1a: Azumarill\n|-damage|p1a: Azumarill|0 fnt\n|faint|p1a: Azumarill\n|\n|upkeep\n|\n|t:|1698455685\n|switch|p1a: Volcarona|Volcarona, M|100\/100\n|turn|5\n|\n|t:|1698455694\n|move|p1a: Volcarona|Fiery Dance|p2a: Yee\n|-resisted|p2a: Yee\n|-damage|p2a: Yee|0 fnt\n|faint|p2a: Yee\n|\n|upkeep\n|\n|t:|1698455697\n|switch|p2a: Yeee|Tauros-Paldea-Aqua, M|100\/100\n|turn|6\n|\n|t:|1698455707\n|switch|p1a: Venusaur|Venusaur-Mega, F|54\/100\n|-activate|p1a: Venusaur|move: Sticky Web\n|-unboost|p1a: Venusaur|spe|1\n|move|p2a: Yeee|Bulk Up|p2a: Yeee\n|-boost|p2a: Yeee|atk|1\n|-boost|p2a: Yeee|def|1\n|\n|upkeep\n|turn|7\n|\n|t:|1698455715\n|move|p2a: Yeee|Earthquake|p1a: Venusaur\n|-damage|p1a: Venusaur|26\/100\n|move|p1a: Venusaur|Synthesis|p1a: Venusaur\n|-heal|p1a: Venusaur|76\/100\n|\n|upkeep\n|turn|8\n|\n|t:|1698455721\n|move|p2a: Yeee|Bulk Up|p2a: Yeee\n|-boost|p2a: Yeee|atk|1\n|-boost|p2a: Yeee|def|1\n|move|p1a: Venusaur|Giga Drain|p2a: Yeee\n|-supereffective|p2a: Yeee\n|-damage|p2a: Yeee|11\/100\n|-heal|p1a: Venusaur|100\/100|[from] drain|[of] p2a: Yeee\n|-enditem|p2a: Yeee|Salac Berry|[eat]\n|-boost|p2a: Yeee|spe|1|[from] item: Salac Berry\n|\n|upkeep\n|turn|9\n|\n|t:|1698455727\n|move|p2a: Yeee|Close Combat|p1a: Venusaur\n|-resisted|p1a: Venusaur\n|-damage|p1a: Venusaur|62\/100\n|-unboost|p2a: Yeee|def|1\n|-unboost|p2a: Yeee|spd|1\n|move|p1a: Venusaur|Giga Drain|p2a: Yeee\n|-supereffective|p2a: Yeee\n|-damage|p2a: Yeee|0 fnt\n|-heal|p1a: Venusaur|66\/100|[from] drain|[of] p2a: Yeee\n|faint|p2a: Yeee\n|\n|upkeep\n|\n|t:|1698455736\n|switch|p2a: Yeeeeeeee|Spiritomb, F|100\/100\n|-ability|p2a: Yeeeeeeee|Pressure\n|turn|10\n|\n|t:|1698455744\n|move|p1a: Venusaur|Leech Seed|p2a: Yeeeeeeee\n|-start|p2a: Yeeeeeeee|move: Leech Seed\n|move|p2a: Yeeeeeeee|Trick Room|p2a: Yeeeeeeee\n|-fieldstart|move: Trick Room|[of] p2a: Yeeeeeeee\n|\n|-damage|p2a: Yeeeeeeee|88\/100|[from] Leech Seed|[of] p1a: Venusaur\n|-heal|p1a: Venusaur|76\/100|[silent]\n|upkeep\n|turn|11\n|\n|t:|1698455751\n|move|p2a: Yeeeeeeee|Foul Play|p1a: Venusaur\n|-damage|p1a: Venusaur|59\/100\n|move|p1a: Venusaur|Sludge Bomb|p2a: Yeeeeeeee\n|-resisted|p2a: Yeeeeeeee\n|-damage|p2a: Yeeeeeeee|73\/100\n|\n|-damage|p2a: Yeeeeeeee|61\/100|[from] Leech Seed|[of] p1a: Venusaur\n|-heal|p1a: Venusaur|69\/100|[silent]\n|upkeep\n|turn|12\n|\n|t:|1698455758\n|move|p2a: Yeeeeeeee|Foul Play|p1a: Venusaur\n|-damage|p1a: Venusaur|53\/100\n|move|p1a: Venusaur|Sludge Bomb|p2a: Yeeeeeeee\n|-resisted|p2a: Yeeeeeeee\n|-damage|p2a: Yeeeeeeee|48\/100\n|\n|-damage|p2a: Yeeeeeeee|36\/100|[from] Leech Seed|[of] p1a: Venusaur\n|-heal|p1a: Venusaur|63\/100|[silent]\n|upkeep\n|turn|13\n|\n|t:|1698455767\n|move|p2a: Yeeeeeeee|Foul Play|p1a: Venusaur\n|-damage|p1a: Venusaur|47\/100\n|move|p1a: Venusaur|Sludge Bomb|p2a: Yeeeeeeee\n|-resisted|p2a: Yeeeeeeee\n|-damage|p2a: Yeeeeeeee|22\/100\n|-status|p2a: Yeeeeeeee|psn\n|\n|-damage|p2a: Yeeeeeeee|9\/100 psn|[from] Leech Seed|[of] p1a: Venusaur\n|-heal|p1a: Venusaur|58\/100|[silent]\n|-damage|p2a: Yeeeeeeee|0 fnt|[from] psn\n|faint|p2a: Yeeeeeeee\n|upkeep\n|\n|t:|1698455770\n|switch|p2a: Yeeeeee|Kingambit, F|100\/100\n|-activate|p2a: Yeeeeee|ability: Supreme Overlord\n|-start|p2a: Yeeeeee|fallen4|[silent]\n|turn|14\n|\n|t:|1698455777\n|move|p1a: Venusaur|Leech Seed|p2a: Yeeeeee\n|-start|p2a: Yeeeeee|move: Leech Seed\n|move|p2a: Yeeeeee|Kowtow Cleave|p1a: Venusaur\n|-damage|p1a: Venusaur|3\/100\n|-damage|p2a: Yeeeeee|91\/100|[from] item: Life Orb\n|\n|-damage|p2a: Yeeeeee|78\/100|[from] Leech Seed|[of] p1a: Venusaur\n|-heal|p1a: Venusaur|17\/100|[silent]\n|-fieldend|move: Trick Room\n|upkeep\n|turn|15\n|\n|t:|1698455784\n|move|p2a: Yeeeeee|Iron Head|p1a: Venusaur\n|-damage|p1a: Venusaur|0 fnt\n|faint|p1a: Venusaur\n|-damage|p2a: Yeeeeee|68\/100|[from] item: Life Orb\n|\n|upkeep\n|\n|t:|1698455787\n|switch|p1a: Volcarona|Volcarona, M|100\/100\n|turn|16\n|\n|t:|1698455796\n|move|p1a: Volcarona|Quiver Dance|p1a: Volcarona\n|-boost|p1a: Volcarona|spa|1\n|-boost|p1a: Volcarona|spd|1\n|-boost|p1a: Volcarona|spe|1\n|move|p2a: Yeeeeee|Stone Edge|p1a: Volcarona\n|-supereffective|p1a: Volcarona\n|-crit|p1a: Volcarona\n|-damage|p1a: Volcarona|0 fnt\n|faint|p1a: Volcarona\n|-damage|p2a: Yeeeeee|58\/100|[from] item: Life Orb\n|\n|upkeep\n|\n|t:|1698455805\n|switch|p1a: Registeel|Registeel|100\/100\n|-activate|p1a: Registeel|move: Sticky Web\n|-fail|p1a: Registeel|unboost|[from] ability: Clear Body|[of] p1a: Registeel\n|turn|17\n|\n|t:|1698455808\n|move|p2a: Yeeeeee|Kowtow Cleave|p1a: Registeel\n|-damage|p1a: Registeel|51\/100\n|-damage|p2a: Yeeeeee|49\/100|[from] item: Life Orb\n|move|p1a: Registeel|Seismic Toss|p2a: Yeeeeee\n|-damage|p2a: Yeeeeee|24\/100\n|\n|-heal|p1a: Registeel|57\/100|[from] item: Leftovers\n|-damage|p2a: Yeeeeee|11\/100|[from] Leech Seed|[of] p1a: Registeel\n|-heal|p1a: Registeel|71\/100|[silent]\n|upkeep\n|turn|18\n|\n|t:|1698455816\n|move|p1a: Registeel|Protect|p1a: Registeel\n|-singleturn|p1a: Registeel|Protect\n|move|p2a: Yeeeeee|Kowtow Cleave|p1a: Registeel\n|-activate|p1a: Registeel|move: Protect\n|\n|-heal|p1a: Registeel|77\/100|[from] item: Leftovers\n|-damage|p2a: Yeeeeee|0 fnt|[from] Leech Seed|[of] p1a: Registeel\n|-heal|p1a: Registeel|89\/100|[silent]\n|faint|p2a: Yeeeeee\n|-end|p2a: Yeeeeee|fallen4|[silent]\n|upkeep\n|\n|t:|1698455819\n|switch|p2a: Yeeeeeeeeeee|Iron Valiant|100\/100\n|-enditem|p2a: Yeeeeeeeeeee|Booster Energy\n|-activate|p2a: Yeeeeeeeeeee|ability: Quark Drive|[fromitem]\n|-start|p2a: Yeeeeeeeeeee|quarkdrivespe\n|turn|19\n|\n|t:|1698455826\n|move|p2a: Yeeeeeeeeeee|Swords Dance|p2a: Yeeeeeeeeeee\n|-boost|p2a: Yeeeeeeeeeee|atk|2\n|move|p1a: Registeel|Toxic|p2a: Yeeeeeeeeeee\n|-status|p2a: Yeeeeeeeeeee|tox\n|\n|-heal|p1a: Registeel|95\/100|[from] item: Leftovers\n|-damage|p2a: Yeeeeeeeeeee|94\/100 tox|[from] psn\n|upkeep\n|turn|20\n|\n|t:|1698455832\n|move|p1a: Registeel|Protect|p1a: Registeel\n|-singleturn|p1a: Registeel|Protect\n|move|p2a: Yeeeeeeeeeee|Close Combat|p1a: Registeel\n|-activate|p1a: Registeel|move: Protect\n|\n|-heal|p1a: Registeel|100\/100|[from] item: Leftovers\n|-damage|p2a: Yeeeeeeeeeee|82\/100 tox|[from] psn\n|upkeep\n|turn|21\n|\n|t:|1698455837\n|move|p2a: Yeeeeeeeeeee|Close Combat|p1a: Registeel\n|-supereffective|p1a: Registeel\n|-damage|p1a: Registeel|0 fnt\n|-unboost|p2a: Yeeeeeeeeeee|def|1\n|-unboost|p2a: Yeeeeeeeeeee|spd|1\n|faint|p1a: Registeel\n|\n|-damage|p2a: Yeeeeeeeeeee|63\/100 tox|[from] psn\n|upkeep\n|\n|t:|1698455841\n|switch|p1a: Mandibuzz|Mandibuzz, F|100\/100\n|turn|22\n|\n|t:|1698455845\n|-terastallize|p2a: Yeeeeeeeeeee|Fairy\n|move|p1a: Mandibuzz|Protect|p1a: Mandibuzz\n|-singleturn|p1a: Mandibuzz|Protect\n|move|p2a: Yeeeeeeeeeee|Spirit Break|p1a: Mandibuzz\n|-activate|p1a: Mandibuzz|move: Protect\n|\n|-damage|p2a: Yeeeeeeeeeee|38\/100 tox|[from] psn\n|upkeep\n|turn|23\n|\n|t:|1698455858\n|move|p2a: Yeeeeeeeeeee|Spirit Break|p1a: Mandibuzz\n|-supereffective|p1a: Mandibuzz\n|-damage|p1a: Mandibuzz|0 fnt\n|faint|p1a: Mandibuzz\n|\n|-damage|p2a: Yeeeeeeeeeee|7\/100 tox|[from] psn\n|upkeep\n|\n|t:|1698455861\n|switch|p1a: Chansey|Chansey, F|100\/100\n|-activate|p1a: Chansey|move: Sticky Web\n|-unboost|p1a: Chansey|spe|1\n|turn|24\n|\n|t:|1698455864\n|move|p2a: Yeeeeeeeeeee|Close Combat|p1a: Chansey\n|-supereffective|p1a: Chansey\n|-damage|p1a: Chansey|0 fnt\n|-unboost|p2a: Yeeeeeeeeeee|def|1\n|-unboost|p2a: Yeeeeeeeeeee|spd|1\n|faint|p1a: Chansey\n|\n|win|TheCoosBiscuit119\n|raw|Jake30Tuddy's rating: 1107 &rarr; <strong>1088<\/strong><br \/>(-19 for losing)\n|raw|TheCoosBiscuit119's rating: 1199 &rarr; <strong>1218<\/strong><br \/>(+19 for winning)\n|l|\u2606Jake30Tuddy\n","uploadtime":1698455870,"views":8,"p1id":"jake30tuddy","p2id":"thecoosbiscuit119","formatid":"gen9nationaldexubers","rating":1088,"private":0,"password":""}