{"id":"gen9nationaldexubers-1996490471","p1":"dripjongun","p2":"Ruka42","format":"[Gen 9] National Dex Ubers","log":"|j|\u2606dripjongun\n|j|\u2606Ruka42\n|t:|1700687095\n|gametype|singles\n|player|p1|dripjongun|firebreather|1182\n|player|p2|Ruka42|roughneck-gen4|1102\n|teamsize|p1|6\n|teamsize|p2|6\n|gen|9\n|tier|[Gen 9] National Dex Ubers\n|rated|\n|rule|HP Percentage Mod: HP is shown in percentages\n|rule|Endless Battle Clause: Forcing endless battles is banned\n|rule|OHKO Clause: OHKO moves are banned\n|rule|Evasion Moves Clause: Evasion moves are banned\n|rule|Evasion Items Clause: Evasion items are banned\n|rule|Species Clause: Limit one of each Pok\u00e9mon\n|rule|Sleep Clause Mod: Limit one foe put to sleep\n|rule|Mega Rayquaza Clause: You cannot mega evolve Rayquaza\n|clearpoke\n|poke|p1|Torkoal, M|\n|poke|p1|Cinderace, M|\n|poke|p1|Heatran, F|\n|poke|p1|Volcarona, F|\n|poke|p1|Charizard, M|\n|poke|p1|Blaziken, F|\n|poke|p2|Gholdengo|\n|poke|p2|Tapu Lele|\n|poke|p2|Garganacl, F|\n|poke|p2|Gliscor, F|\n|poke|p2|Mew|\n|poke|p2|Sneasler, M|\n|teampreview\n|c|\u2606dripjongun|glhf\n|\n|t:|1700687121\n|start\n|switch|p1a: Torkoal|Torkoal, M|100\/100\n|switch|p2a: Mew|Mew, shiny|100\/100\n|-weather|SunnyDay|[from] ability: Drought|[of] p1a: Torkoal\n|turn|1\n|c|\u2606Ruka42|thx u to\n|\n|t:|1700687140\n|move|p2a: Mew|Light Screen|p2a: Mew\n|-sidestart|p2: Ruka42|move: Light Screen\n|move|p1a: Torkoal|Yawn|p2a: Mew\n|-start|p2a: Mew|move: Yawn|[of] p1a: Torkoal\n|\n|-weather|SunnyDay|[upkeep]\n|upkeep\n|turn|2\n|\n|t:|1700687147\n|switch|p1a: Cinderace|Cinderace, M|100\/100\n|move|p2a: Mew|Reflect|p2a: Mew\n|-sidestart|p2: Ruka42|Reflect\n|\n|-weather|SunnyDay|[upkeep]\n|-end|p2a: Mew|move: Yawn|[silent]\n|-status|p2a: Mew|slp\n|upkeep\n|turn|3\n|\n|t:|1700687155\n|move|p1a: Cinderace|Court Change|p1a: Cinderace\n|-start|p1a: Cinderace|typechange|Normal|[from] ability: Libero\n|-swapsideconditions\n|-activate|p1a: Cinderace|move: Court Change\n|cant|p2a: Mew|slp\n|\n|-weather|SunnyDay|[upkeep]\n|upkeep\n|turn|4\n|\n|t:|1700687162\n|move|p1a: Cinderace|U-turn|p2a: Mew\n|-supereffective|p2a: Mew\n|-damage|p2a: Mew|69\/100 slp\n|\n|t:|1700687168\n|switch|p1a: Volcarona|Volcarona, F|100\/100|[from] U-turn\n|cant|p2a: Mew|slp\n|\n|-weather|SunnyDay|[upkeep]\n|upkeep\n|turn|5\n|\n|t:|1700687180\n|-terastallize|p1a: Volcarona|Bug\n|move|p1a: Volcarona|Quiver Dance|p1a: Volcarona\n|-boost|p1a: Volcarona|spa|1\n|-boost|p1a: Volcarona|spd|1\n|-boost|p1a: Volcarona|spe|1\n|-curestatus|p2a: Mew|slp|[msg]\n|move|p2a: Mew|Defog|p1a: Volcarona\n|-unboost|p1a: Volcarona|evasion|1\n|-sideend|p1: dripjongun|Reflect\n|-sideend|p1: dripjongun|move: Light Screen\n|\n|-weather|SunnyDay|[upkeep]\n|upkeep\n|turn|6\n|\n|t:|1700687192\n|move|p1a: Volcarona|Bug Buzz|p2a: Mew\n|-supereffective|p2a: Mew\n|-damage|p2a: Mew|0 fnt\n|faint|p2a: Mew\n|\n|-weather|SunnyDay|[upkeep]\n|upkeep\n|\n|t:|1700687220\n|switch|p2a: Need a Haircut?|Gliscor, F, shiny|100\/100\n|turn|7\n|inactive|Battle timer is ON: inactive players will automatically lose when time's up. (requested by Ruka42)\n|\n|t:|1700687307\n|move|p1a: Volcarona|Fiery Dance|p2a: Need a Haircut?\n|-damage|p2a: Need a Haircut?|0 fnt\n|faint|p2a: Need a Haircut?\n|\n|-weather|SunnyDay|[upkeep]\n|upkeep\n|\n|t:|1700687319\n|switch|p2a: Minecraft|Garganacl, F|100\/100\n|turn|8\n|\n|t:|1700687342\n|move|p1a: Volcarona|Bug Buzz|p2a: Minecraft\n|-damage|p2a: Minecraft|12\/100\n|move|p2a: Minecraft|Salt Cure|p1a: Volcarona\n|-supereffective|p1a: Volcarona\n|-damage|p1a: Volcarona|55\/100\n|-start|p1a: Volcarona|Salt Cure\n|\n|-weather|none\n|-heal|p2a: Minecraft|18\/100|[from] item: Leftovers\n|-damage|p1a: Volcarona|43\/100|[from] Salt Cure\n|upkeep\n|turn|9\n|\n|t:|1700687351\n|move|p2a: Minecraft|Protect|p2a: Minecraft\n|-singleturn|p2a: Minecraft|Protect\n|move|p1a: Volcarona|Fiery Dance|p2a: Minecraft\n|-activate|p2a: Minecraft|move: Protect\n|\n|-heal|p2a: Minecraft|24\/100|[from] item: Leftovers\n|-damage|p1a: Volcarona|31\/100|[from] Salt Cure\n|upkeep\n|turn|10\n|\n|t:|1700687359\n|move|p1a: Volcarona|Fiery Dance|p2a: Minecraft\n|-resisted|p2a: Minecraft\n|-damage|p2a: Minecraft|0 fnt\n|faint|p2a: Minecraft\n|\n|-damage|p1a: Volcarona|19\/100|[from] Salt Cure\n|upkeep\n|\n|t:|1700687368\n|switch|p2a: Tapu Lele|Tapu Lele|100\/100\n|-fieldstart|move: Psychic Terrain|[from] ability: Psychic Surge|[of] p2a: Tapu Lele\n|turn|11\n|\n|t:|1700687375\n|move|p1a: Volcarona|Bug Buzz|p2a: Tapu Lele\n|-crit|p2a: Tapu Lele\n|-damage|p2a: Tapu Lele|0 fnt\n|faint|p2a: Tapu Lele\n|\n|-damage|p1a: Volcarona|7\/100|[from] Salt Cure\n|upkeep\n|\n|t:|1700687383\n|switch|p2a: Sneasler|Sneasler, M|100\/100\n|-enditem|p2a: Sneasler|Psychic Seed\n|-boost|p2a: Sneasler|spd|1|[from] item: Psychic Seed\n|turn|12\n|\n|t:|1700687389\n|move|p2a: Sneasler|Swords Dance|p2a: Sneasler\n|-boost|p2a: Sneasler|atk|2\n|move|p1a: Volcarona|Psychic|p2a: Sneasler\n|-supereffective|p2a: Sneasler\n|-damage|p2a: Sneasler|0 fnt\n|faint|p2a: Sneasler\n|\n|-damage|p1a: Volcarona|0 fnt|[from] Salt Cure\n|faint|p1a: Volcarona\n|upkeep\n|\n|t:|1700687397\n|switch|p2a: Gold D(igger)Roger|Gholdengo|100\/100\n|switch|p1a: Blaziken|Blaziken, F|100\/100\n|turn|13\n|\n|t:|1700687414\n|detailschange|p1a: Blaziken|Blaziken-Mega, F\n|-mega|p1a: Blaziken|Blaziken|Blazikenite\n|move|p1a: Blaziken|Flare Blitz|p2a: Gold D(igger)Roger\n|-supereffective|p2a: Gold D(igger)Roger\n|-damage|p2a: Gold D(igger)Roger|0 fnt\n|faint|p2a: Gold D(igger)Roger\n|-damage|p1a: Blaziken|66\/100|[from] Recoil\n|\n|win|dripjongun\n|raw|dripjongun's rating: 1182 &rarr; <strong>1201<\/strong><br \/>(+19 for winning)\n|raw|Ruka42's rating: 1102 &rarr; <strong>1083<\/strong><br \/>(-19 for losing)\n|l|\u2606Ruka42\n","uploadtime":1700687424,"views":2,"p1id":"dripjongun","p2id":"ruka42","formatid":"gen9nationaldexubers","rating":1083,"private":0,"password":""}