{"id":"gen9nationaldexubers-1998106487","p1":"shfeha","p2":"mariaclaraivp2","format":"[Gen 9] National Dex Ubers","log":"|j|\u2606shfeha\n|j|\u2606mariaclaraivp2\n|t:|1700892384\n|gametype|singles\n|player|p1|shfeha|li|1127\n|player|p2|mariaclaraivp2|medium|1302\n|teamsize|p1|6\n|teamsize|p2|6\n|gen|9\n|tier|[Gen 9] National Dex Ubers\n|rated|\n|rule|HP Percentage Mod: HP is shown in percentages\n|rule|Endless Battle Clause: Forcing endless battles is banned\n|rule|OHKO Clause: OHKO moves are banned\n|rule|Evasion Moves Clause: Evasion moves are banned\n|rule|Evasion Items Clause: Evasion items are banned\n|rule|Species Clause: Limit one of each Pok\u00e9mon\n|rule|Sleep Clause Mod: Limit one foe put to sleep\n|rule|Mega Rayquaza Clause: You cannot mega evolve Rayquaza\n|clearpoke\n|poke|p1|Melmetal|\n|poke|p1|Arceus-Fairy|\n|poke|p1|Solgaleo|\n|poke|p1|Calyrex-Ice|\n|poke|p1|Cresselia, F|\n|poke|p1|Kyogre|\n|poke|p2|Slowbro, F|\n|poke|p2|Dragonite, M|\n|poke|p2|Kangaskhan, F|\n|poke|p2|Zapdos|\n|poke|p2|Gengar, F|\n|poke|p2|Chansey, F|\n|teampreview\n|inactive|Battle timer is ON: inactive players will automatically lose when time's up. (requested by shfeha)\n|\n|t:|1700892395\n|start\n|switch|p1a: Solgaleo|Solgaleo, shiny|100\/100\n|switch|p2a: Kangaskhan|Kangaskhan, F|100\/100\n|turn|1\n|\n|t:|1700892405\n|detailschange|p2a: Kangaskhan|Kangaskhan-Mega, F\n|-mega|p2a: Kangaskhan|Kangaskhan|Kangaskhanite\n|move|p2a: Kangaskhan|Fake Out|p1a: Solgaleo\n|-resisted|p1a: Solgaleo\n|-damage|p1a: Solgaleo|93\/100\n|-resisted|p1a: Solgaleo\n|-damage|p1a: Solgaleo|92\/100\n|-hitcount|p1a: Solgaleo|2\n|cant|p1a: Solgaleo|flinch\n|\n|upkeep\n|turn|2\n|\n|t:|1700892410\n|move|p2a: Kangaskhan|Power-Up Punch|p1a: Solgaleo\n|-damage|p1a: Solgaleo|83\/100\n|-boost|p2a: Kangaskhan|atk|1\n|-damage|p1a: Solgaleo|80\/100\n|-boost|p2a: Kangaskhan|atk|1\n|-hitcount|p1a: Solgaleo|2\n|move|p1a: Solgaleo|Trick Room|p1a: Solgaleo\n|-fieldstart|move: Trick Room|[of] p1a: Solgaleo\n|\n|upkeep\n|turn|3\n|\n|t:|1700892416\n|move|p2a: Kangaskhan|Power-Up Punch|p1a: Solgaleo\n|-damage|p1a: Solgaleo|60\/100\n|-boost|p2a: Kangaskhan|atk|1\n|-damage|p1a: Solgaleo|54\/100\n|-boost|p2a: Kangaskhan|atk|1\n|-hitcount|p1a: Solgaleo|2\n|move|p1a: Solgaleo|Teleport|p1a: Solgaleo\n|\n|t:|1700892423\n|switch|p1a: Melmetal|Melmetal|100\/100|[from] Teleport\n|\n|upkeep\n|turn|4\n|\n|t:|1700892430\n|-terastallize|p1a: Melmetal|Steel\n|move|p2a: Kangaskhan|Sucker Punch|p1a: Melmetal\n|-damage|p1a: Melmetal|66\/100\n|-damage|p1a: Melmetal|56\/100\n|-hitcount|p1a: Melmetal|2\n|move|p1a: Melmetal|Double Iron Bash|p2a: Kangaskhan\n|-damage|p2a: Kangaskhan|10\/100\n|-damage|p2a: Kangaskhan|0 fnt\n|faint|p2a: Kangaskhan\n|-hitcount|p2: Kangaskhan|2\n|\n|upkeep\n|\n|t:|1700892440\n|switch|p2a: Slowbro|Slowbro, F|100\/100\n|turn|5\n|\n|t:|1700892447\n|switch|p1a: Solgaleo|Solgaleo, shiny|54\/100\n|move|p2a: Slowbro|Scald|p1a: Solgaleo\n|-crit|p1a: Solgaleo\n|-damage|p1a: Solgaleo|21\/100\n|\n|upkeep\n|turn|6\n|\n|t:|1700892454\n|move|p2a: Slowbro|Calm Mind|p2a: Slowbro\n|-boost|p2a: Slowbro|spa|1\n|-boost|p2a: Slowbro|spd|1\n|move|p1a: Solgaleo|Trick Room|p1a: Solgaleo\n|-fieldend|move: Trick Room\n|\n|upkeep\n|turn|7\n|\n|t:|1700892459\n|move|p2a: Slowbro|Scald|p1a: Solgaleo\n|-damage|p1a: Solgaleo|0 fnt\n|faint|p1a: Solgaleo\n|\n|upkeep\n|\n|t:|1700892466\n|switch|p1a: Kyogre|Kyogre, shiny|100\/100\n|detailschange|p1a: Kyogre|Kyogre-Primal, shiny\n|-primal|p1a: Kyogre|Blue Orb\n|-weather|PrimordialSea|[from] ability: Primordial Sea|[of] p1a: Kyogre\n|turn|8\n|\n|t:|1700892472\n|switch|p2a: Chansey|Chansey, F|100\/100\n|move|p1a: Kyogre|Thunder|p2a: Chansey\n|-damage|p2a: Chansey|88\/100\n|-status|p2a: Chansey|par\n|\n|-weather|PrimordialSea|[upkeep]\n|upkeep\n|turn|9\n|\n|t:|1700892483\n|move|p1a: Kyogre|Water Spout|p2a: Chansey\n|-damage|p2a: Chansey|55\/100 par\n|move|p2a: Chansey|Toxic|p1a: Kyogre\n|-status|p1a: Kyogre|tox\n|\n|-weather|PrimordialSea|[upkeep]\n|-damage|p1a: Kyogre|94\/100 tox|[from] psn\n|upkeep\n|turn|10\n|\n|t:|1700892491\n|-weather|none\n|switch|p1a: Cresselia|Cresselia, F, shiny|100\/100\n|move|p2a: Chansey|Soft-Boiled|p2a: Chansey\n|-heal|p2a: Chansey|100\/100 par\n|\n|upkeep\n|turn|11\n|\n|t:|1700892500\n|cant|p2a: Chansey|par\n|move|p1a: Cresselia|Trick Room|p1a: Cresselia\n|-fieldstart|move: Trick Room|[of] p1a: Cresselia\n|\n|upkeep\n|turn|12\n|\n|t:|1700892509\n|move|p2a: Chansey|Stealth Rock|p1a: Cresselia\n|-sidestart|p1: shfeha|move: Stealth Rock\n|move|p1a: Cresselia|Lunar Dance|p1a: Cresselia\n|faint|p1a: Cresselia\n|\n|upkeep\n|\n|t:|1700892513\n|switch|p1a: Melmetal|Melmetal, tera:Steel|56\/100\n|-heal|p1a: Melmetal|100\/100|[from] move: Lunar Dance\n|-damage|p1a: Melmetal|94\/100|[from] Stealth Rock\n|turn|13\n|\n|t:|1700892523\n|-curestatus|p2a: Chansey|par|[from] ability: Natural Cure\n|switch|p2a: Slowbro|Slowbro, F|100\/100\n|move|p1a: Melmetal|Double Iron Bash|p2a: Slowbro\n|-resisted|p2a: Slowbro\n|-damage|p2a: Slowbro|74\/100\n|-resisted|p2a: Slowbro\n|-damage|p2a: Slowbro|45\/100\n|-hitcount|p2a: Slowbro|2\n|\n|-heal|p2a: Slowbro|52\/100|[from] item: Leftovers\n|upkeep\n|turn|14\n|\n|t:|1700892530\n|move|p1a: Melmetal|Double Iron Bash|p2a: Slowbro\n|-resisted|p2a: Slowbro\n|-damage|p2a: Slowbro|21\/100\n|-resisted|p2a: Slowbro\n|-damage|p2a: Slowbro|0 fnt\n|faint|p2a: Slowbro\n|-hitcount|p2: Slowbro|2\n|\n|upkeep\n|\n|t:|1700892535\n|switch|p2a: Dragonite|Dragonite, M|100\/100\n|turn|15\n|\n|t:|1700892538\n|move|p1a: Melmetal|Double Iron Bash|p2a: Dragonite\n|-damage|p2a: Dragonite|52\/100\n|-damage|p2a: Dragonite|0 fnt\n|faint|p2a: Dragonite\n|-hitcount|p2: Dragonite|2\n|\n|-fieldend|move: Trick Room\n|upkeep\n|\n|t:|1700892542\n|switch|p2a: Gengar|Gengar, F|100\/100\n|turn|16\n|\n|t:|1700892546\n|move|p2a: Gengar|Shadow Ball|p1a: Melmetal\n|-damage|p1a: Melmetal|34\/100\n|move|p1a: Melmetal|Double Iron Bash|p2a: Gengar\n|-damage|p2a: Gengar|0 fnt\n|faint|p2a: Gengar\n|-hitcount|p2: Gengar|1\n|\n|upkeep\n|\n|t:|1700892551\n|switch|p2a: Zapdos|Zapdos|100\/100\n|turn|17\n|\n|t:|1700892557\n|switch|p1a: Arceus|Arceus-Fairy|100\/100\n|-damage|p1a: Arceus|88\/100|[from] Stealth Rock\n|-terastallize|p2a: Zapdos|Steel\n|move|p2a: Zapdos|Hurricane|p1a: Arceus\n|-damage|p1a: Arceus|56\/100\n|-start|p1a: Arceus|confusion\n|\n|upkeep\n|turn|18\n|\n|t:|1700892567\n|move|p2a: Zapdos|Hurricane|p1a: Arceus|[miss]\n|-miss|p2a: Zapdos|p1a: Arceus\n|-activate|p1a: Arceus|confusion\n|move|p1a: Arceus|Trick Room|p1a: Arceus\n|-fieldstart|move: Trick Room|[of] p1a: Arceus\n|\n|upkeep\n|turn|19\n|\n|t:|1700892570\n|-activate|p1a: Arceus|confusion\n|move|p1a: Arceus|Healing Wish|p1a: Arceus\n|faint|p1a: Arceus\n|move|p2a: Zapdos|Hurricane|p1: Arceus|[notarget]\n|-fail|p2a: Zapdos\n|\n|upkeep\n|\n|t:|1700892581\n|switch|p1a: Melmetal|Melmetal, tera:Steel|34\/100\n|-heal|p1a: Melmetal|100\/100|[from] move: Healing Wish\n|-damage|p1a: Melmetal|94\/100|[from] Stealth Rock\n|turn|20\n|\n|t:|1700892587\n|move|p1a: Melmetal|Earthquake|p2a: Zapdos\n|-supereffective|p2a: Zapdos\n|-damage|p2a: Zapdos|5\/100\n|move|p2a: Zapdos|Hurricane|p1a: Melmetal\n|-resisted|p1a: Melmetal\n|-damage|p1a: Melmetal|71\/100\n|-start|p1a: Melmetal|confusion\n|\n|upkeep\n|turn|21\n|\n|t:|1700892595\n|-activate|p1a: Melmetal|confusion\n|move|p1a: Melmetal|Earthquake|p2a: Zapdos\n|-supereffective|p2a: Zapdos\n|-damage|p2a: Zapdos|0 fnt\n|faint|p2a: Zapdos\n|\n|upkeep\n|\n|t:|1700892599\n|switch|p2a: Chansey|Chansey, F|100\/100\n|turn|22\n|\n|t:|1700892604\n|switch|p1a: Kyogre|Kyogre-Primal, shiny|94\/100 tox\n|-damage|p1a: Kyogre|82\/100 tox|[from] Stealth Rock\n|-weather|PrimordialSea|[from] ability: Primordial Sea|[of] p1a: Kyogre\n|move|p2a: Chansey|Seismic Toss|p1a: Kyogre\n|-damage|p1a: Kyogre|53\/100 tox\n|\n|-weather|PrimordialSea|[upkeep]\n|-damage|p1a: Kyogre|47\/100 tox|[from] psn\n|-fieldend|move: Trick Room\n|upkeep\n|turn|23\n|\n|t:|1700892613\n|move|p1a: Kyogre|Origin Pulse|p2a: Chansey\n|-damage|p2a: Chansey|75\/100\n|move|p2a: Chansey|Seismic Toss|p1a: Kyogre\n|-damage|p1a: Kyogre|17\/100 tox\n|\n|-weather|PrimordialSea|[upkeep]\n|-damage|p1a: Kyogre|5\/100 tox|[from] psn\n|upkeep\n|turn|24\n|\n|t:|1700892620\n|move|p1a: Kyogre|Origin Pulse|p2a: Chansey\n|-damage|p2a: Chansey|50\/100\n|move|p2a: Chansey|Seismic Toss|p1a: Kyogre\n|-damage|p1a: Kyogre|0 fnt\n|faint|p1a: Kyogre\n|-weather|none\n|\n|upkeep\n|\n|t:|1700892623\n|switch|p1a: Melmetal|Melmetal, tera:Steel|71\/100\n|-damage|p1a: Melmetal|65\/100|[from] Stealth Rock\n|turn|25\n|\n|t:|1700892627\n|move|p2a: Chansey|Soft-Boiled|p2a: Chansey\n|-heal|p2a: Chansey|99\/100\n|move|p1a: Melmetal|Double Iron Bash|p2a: Chansey\n|-crit|p2a: Chansey\n|-damage|p2a: Chansey|0 fnt\n|faint|p2a: Chansey\n|-hitcount|p2: Chansey|1\n|\n|win|shfeha\n|raw|shfeha's rating: 1127 &rarr; <strong>1164<\/strong><br \/>(+37 for winning)\n|raw|mariaclaraivp2's rating: 1302 &rarr; <strong>1273<\/strong><br \/>(-29 for losing)\n|l|\u2606mariaclaraivp2\n","uploadtime":1700892633,"views":1,"p1id":"shfeha","p2id":"mariaclaraivp2","formatid":"gen9nationaldexubers","rating":1164,"private":0,"password":""}