{"id":"gen9nationaldexubers-1978869382","p1":"Godspeed06","p2":"vrtyjuk","format":"[Gen 9] National Dex Ubers","log":"|j|\u2606Godspeed06\n|j|\u2606vrtyjuk\n|t:|1698604695\n|gametype|singles\n|player|p1|Godspeed06|sabrina|1247\n|player|p2|vrtyjuk|266|1209\n|teamsize|p1|6\n|teamsize|p2|6\n|gen|9\n|tier|[Gen 9] National Dex Ubers\n|rated|\n|rule|HP Percentage Mod: HP is shown in percentages\n|rule|Endless Battle Clause: Forcing endless battles is banned\n|rule|OHKO Clause: OHKO moves are banned\n|rule|Evasion Moves Clause: Evasion moves are banned\n|rule|Evasion Items Clause: Evasion items are banned\n|rule|Species Clause: Limit one of each Pok\u00e9mon\n|rule|Sleep Clause Mod: Limit one foe put to sleep\n|rule|Mega Rayquaza Clause: You cannot mega evolve Rayquaza\n|clearpoke\n|poke|p1|Deoxys-Attack|\n|poke|p1|Pheromosa|\n|poke|p1|Chansey, F|\n|poke|p1|Dondozo, F|\n|poke|p1|Tapu Koko|\n|poke|p1|Vaporeon, F|\n|poke|p2|Diancie|\n|poke|p2|Ho-Oh|\n|poke|p2|Yveltal|\n|poke|p2|Groudon|\n|poke|p2|Arceus-Ice|\n|poke|p2|Giratina-Origin|\n|teampreview\n|inactive|Battle timer is ON: inactive players will automatically lose when time's up. (requested by vrtyjuk)\n|\n|t:|1698604703\n|start\n|switch|p1a: Deoxys|Deoxys-Attack|100\/100\n|switch|p2a: Princess Diancie|Diancie|100\/100\n|-ability|p1a: Deoxys|Pressure\n|turn|1\n|\n|t:|1698604707\n|detailschange|p2a: Princess Diancie|Diancie-Mega\n|-mega|p2a: Princess Diancie|Diancie|Diancite\n|move|p2a: Princess Diancie|Protect|p2a: Princess Diancie\n|-singleturn|p2a: Princess Diancie|Protect\n|move|p1a: Deoxys|Meteor Mash|p2a: Princess Diancie\n|-activate|p2a: Princess Diancie|move: Protect\n|\n|upkeep\n|turn|2\n|\n|t:|1698604717\n|switch|p2a: Giratina|Giratina-Origin|100\/100\n|move|p1a: Deoxys|Ice Beam|p2a: Giratina\n|-supereffective|p2a: Giratina\n|-damage|p2a: Giratina|52\/100\n|\n|upkeep\n|turn|3\n|\n|t:|1698604724\n|move|p2a: Giratina|Shadow Sneak|p1a: Deoxys\n|-supereffective|p1a: Deoxys\n|-enditem|p1a: Deoxys|Focus Sash\n|-damage|p1a: Deoxys|1\/100\n|move|p1a: Deoxys|Ice Beam|p2a: Giratina\n|-supereffective|p2a: Giratina\n|-damage|p2a: Giratina|0 fnt\n|faint|p2a: Giratina\n|\n|upkeep\n|\n|t:|1698604732\n|switch|p2a: Ho-Oh|Ho-Oh|100\/100\n|turn|4\n|\n|t:|1698604742\n|switch|p1a: Chansey|Chansey, F|100\/100\n|move|p2a: Ho-Oh|Brave Bird|p1a: Chansey\n|-damage|p1a: Chansey|55\/100\n|-damage|p2a: Ho-Oh|78\/100|[from] Recoil\n|\n|upkeep\n|turn|5\n|\n|t:|1698604747\n|move|p2a: Ho-Oh|Substitute|p2a: Ho-Oh\n|-start|p2a: Ho-Oh|Substitute\n|-damage|p2a: Ho-Oh|53\/100\n|move|p1a: Chansey|Soft-Boiled|p1a: Chansey\n|-heal|p1a: Chansey|100\/100\n|\n|upkeep\n|turn|6\n|\n|t:|1698604752\n|switch|p1a: Tapu Koko|Tapu Koko|100\/100\n|-fieldstart|move: Electric Terrain|[from] ability: Electric Surge|[of] p1a: Tapu Koko\n|move|p2a: Ho-Oh|Brave Bird|p1a: Tapu Koko\n|-resisted|p1a: Tapu Koko\n|-damage|p1a: Tapu Koko|54\/100\n|-damage|p2a: Ho-Oh|42\/100|[from] Recoil\n|\n|upkeep\n|turn|7\n|\n|t:|1698604758\n|move|p1a: Tapu Koko|Reflect|p1a: Tapu Koko\n|-sidestart|p1: Godspeed06|Reflect\n|move|p2a: Ho-Oh|Sacred Fire|p1a: Tapu Koko\n|-damage|p1a: Tapu Koko|14\/100\n|-status|p1a: Tapu Koko|brn\n|\n|-damage|p1a: Tapu Koko|8\/100 brn|[from] brn\n|upkeep\n|turn|8\n|\n|t:|1698604765\n|move|p1a: Tapu Koko|Volt Switch|p2a: Ho-Oh\n|-supereffective|p2a: Ho-Oh\n|-end|p2a: Ho-Oh|Substitute\n|\n|t:|1698604784\n|switch|p1a: Dondozo|Dondozo, F|100\/100|[from] Volt Switch\n|move|p2a: Ho-Oh|Roost|p2a: Ho-Oh\n|-heal|p2a: Ho-Oh|92\/100\n|-singleturn|p2a: Ho-Oh|move: Roost\n|\n|upkeep\n|turn|9\n|\n|t:|1698604789\n|switch|p2a: Groudon|Groudon|100\/100\n|detailschange|p2a: Groudon|Groudon-Primal\n|-primal|p2a: Groudon|Red Orb\n|-weather|DesolateLand|[from] ability: Desolate Land|[of] p2a: Groudon\n|move|p1a: Dondozo|Curse|p1a: Dondozo\n|-unboost|p1a: Dondozo|spe|1\n|-boost|p1a: Dondozo|atk|1\n|-boost|p1a: Dondozo|def|1\n|\n|-weather|DesolateLand|[upkeep]\n|upkeep\n|turn|10\n|\n|t:|1698604803\n|switch|p1a: Vaporeon|Vaporeon, F|100\/100\n|move|p2a: Groudon|Stealth Rock|p1a: Vaporeon\n|-sidestart|p1: Godspeed06|move: Stealth Rock\n|\n|-weather|DesolateLand|[upkeep]\n|-fieldend|move: Electric Terrain\n|upkeep\n|turn|11\n|\n|t:|1698604808\n|move|p2a: Groudon|Earthquake|p1a: Vaporeon\n|-damage|p1a: Vaporeon|73\/100\n|move|p1a: Vaporeon|Toxic|p2a: Groudon\n|-status|p2a: Groudon|tox\n|\n|-weather|DesolateLand|[upkeep]\n|-heal|p1a: Vaporeon|79\/100|[from] item: Leftovers\n|-damage|p2a: Groudon|94\/100 tox|[from] psn\n|upkeep\n|turn|12\n|\n|t:|1698604811\n|-weather|none\n|switch|p2a: Yveltal|Yveltal|100\/100\n|-ability|p2a: Yveltal|Dark Aura\n|move|p1a: Vaporeon|Wish|p1a: Vaporeon\n|\n|-heal|p1a: Vaporeon|85\/100|[from] item: Leftovers\n|upkeep\n|turn|13\n|\n|t:|1698604833\n|move|p2a: Yveltal|Knock Off|p1a: Vaporeon\n|-damage|p1a: Vaporeon|59\/100\n|-enditem|p1a: Vaporeon|Leftovers|[from] move: Knock Off|[of] p2a: Yveltal\n|move|p1a: Vaporeon|Toxic|p2a: Yveltal\n|-status|p2a: Yveltal|tox\n|\n|-heal|p1a: Vaporeon|100\/100|[from] move: Wish|[wisher] Vaporeon\n|-damage|p2a: Yveltal|94\/100 tox|[from] psn\n|upkeep\n|turn|14\n|\n|t:|1698604840\n|switch|p2a: Ho-Oh|Ho-Oh|100\/100\n|move|p1a: Vaporeon|Wish|p1a: Vaporeon\n|\n|-sideend|p1: Godspeed06|Reflect\n|upkeep\n|turn|15\n|\n|t:|1698604845\n|switch|p2a: Princess Diancie|Diancie-Mega|100\/100\n|move|p1a: Vaporeon|Toxic|p2a: Princess Diancie\n|move|p2a: Princess Diancie|Toxic|p1a: Vaporeon|[from]ability: Magic Bounce\n|-status|p1a: Vaporeon|tox\n|\n|-damage|p1a: Vaporeon|94\/100 tox|[from] psn\n|upkeep\n|turn|16\n|\n|t:|1698604852\n|switch|p2a: Ho-Oh|Ho-Oh|100\/100\n|switch|p1a: Deoxys|Deoxys-Attack|1\/100\n|-damage|p1a: Deoxys|0 fnt|[from] Stealth Rock\n|faint|p1a: Deoxys\n|\n|upkeep\n|\n|t:|1698604853\n|switch|p1a: Pheromosa|Pheromosa|100\/100\n|-damage|p1a: Pheromosa|88\/100|[from] Stealth Rock\n|turn|17\n|inactive|vrtyjuk has 120 seconds left.\n|inactive|vrtyjuk has 90 seconds left.\n|\n|t:|1698604930\n|move|p1a: Pheromosa|U-turn|p2a: Ho-Oh\n|-resisted|p2a: Ho-Oh\n|-damage|p2a: Ho-Oh|89\/100\n|-damage|p1a: Pheromosa|78\/100|[from] item: Life Orb\n|\n|t:|1698604950\n|switch|p1a: Chansey|Chansey, F|100\/100|[from] U-turn\n|-damage|p1a: Chansey|88\/100|[from] Stealth Rock\n|move|p2a: Ho-Oh|Brave Bird|p1a: Chansey\n|-damage|p1a: Chansey|35\/100\n|-damage|p2a: Ho-Oh|62\/100|[from] Recoil\n|\n|upkeep\n|turn|18\n|\n|t:|1698604956\n|move|p2a: Ho-Oh|Brave Bird|p1a: Chansey\n|-damage|p1a: Chansey|0 fnt\n|faint|p1a: Chansey\n|-damage|p2a: Ho-Oh|44\/100|[from] Recoil\n|\n|upkeep\n|\n|t:|1698604959\n|switch|p1a: Tapu Koko|Tapu Koko|8\/100 brn\n|-damage|p1a: Tapu Koko|0 fnt|[from] Stealth Rock\n|faint|p1a: Tapu Koko\n|\n|t:|1698604962\n|switch|p1a: Pheromosa|Pheromosa|78\/100\n|-damage|p1a: Pheromosa|66\/100|[from] Stealth Rock\n|turn|19\n|\n|t:|1698604975\n|switch|p2a: Yveltal|Yveltal|94\/100 tox\n|-ability|p2a: Yveltal|Dark Aura\n|move|p1a: Pheromosa|Throat Chop|p2a: Yveltal\n|-resisted|p2a: Yveltal\n|-damage|p2a: Yveltal|73\/100 tox\n|-start|p2a: Yveltal|Throat Chop|[silent]\n|-damage|p1a: Pheromosa|56\/100|[from] item: Life Orb\n|\n|-heal|p2a: Yveltal|79\/100 tox|[from] item: Leftovers\n|-damage|p2a: Yveltal|73\/100 tox|[from] psn\n|upkeep\n|turn|20\n|\n|t:|1698604980\n|move|p1a: Pheromosa|Ice Beam|p2a: Yveltal\n|-supereffective|p2a: Yveltal\n|-damage|p2a: Yveltal|7\/100 tox\n|-damage|p1a: Pheromosa|46\/100|[from] item: Life Orb\n|move|p2a: Yveltal|Knock Off|p1a: Pheromosa\n|-resisted|p1a: Pheromosa\n|-damage|p1a: Pheromosa|0 fnt\n|-enditem|p1a: Pheromosa|Life Orb|[from] move: Knock Off|[of] p2a: Yveltal\n|faint|p1a: Pheromosa\n|\n|-heal|p2a: Yveltal|13\/100 tox|[from] item: Leftovers\n|-damage|p2a: Yveltal|1\/100 tox|[from] psn\n|-end|p2a: Yveltal|Throat Chop|[silent]\n|upkeep\n|\n|t:|1698604988\n|switch|p1a: Vaporeon|Vaporeon, F|94\/100 tox\n|-damage|p1a: Vaporeon|82\/100 tox|[from] Stealth Rock\n|turn|21\n|\n|t:|1698604994\n|switch|p2a: Ho-Oh|Ho-Oh|78\/100\n|move|p1a: Vaporeon|Wish|p1a: Vaporeon\n|\n|-damage|p1a: Vaporeon|76\/100 tox|[from] psn\n|upkeep\n|turn|22\n|\n|t:|1698605001\n|move|p2a: Ho-Oh|Substitute|p2a: Ho-Oh\n|-start|p2a: Ho-Oh|Substitute\n|-damage|p2a: Ho-Oh|53\/100\n|move|p1a: Vaporeon|Scald|p2a: Ho-Oh\n|-supereffective|p2a: Ho-Oh\n|-end|p2a: Ho-Oh|Substitute\n|\n|-heal|p1a: Vaporeon|100\/100 tox|[from] move: Wish|[wisher] Vaporeon\n|-damage|p1a: Vaporeon|88\/100 tox|[from] psn\n|upkeep\n|turn|23\n|\n|t:|1698605006\n|move|p2a: Ho-Oh|Brave Bird|p1a: Vaporeon\n|-damage|p1a: Vaporeon|38\/100 tox\n|-damage|p2a: Ho-Oh|34\/100|[from] Recoil\n|move|p1a: Vaporeon|Scald|p2a: Ho-Oh\n|-supereffective|p2a: Ho-Oh\n|-damage|p2a: Ho-Oh|0 fnt\n|faint|p2a: Ho-Oh\n|\n|-damage|p1a: Vaporeon|20\/100 tox|[from] psn\n|upkeep\n|\n|t:|1698605015\n|switch|p2a: Groudon|Groudon-Primal|94\/100 tox\n|-weather|DesolateLand|[from] ability: Desolate Land|[of] p2a: Groudon\n|turn|24\n|\n|t:|1698605020\n|move|p1a: Vaporeon|Protect|p1a: Vaporeon\n|-singleturn|p1a: Vaporeon|Protect\n|move|p2a: Groudon|Earthquake|p1a: Vaporeon\n|-activate|p1a: Vaporeon|move: Protect\n|\n|-weather|DesolateLand|[upkeep]\n|-damage|p2a: Groudon|88\/100 tox|[from] psn\n|-damage|p1a: Vaporeon|0 fnt|[from] psn\n|faint|p1a: Vaporeon\n|upkeep\n|\n|t:|1698605025\n|switch|p1a: Dondozo|Dondozo, F|100\/100\n|-damage|p1a: Dondozo|88\/100|[from] Stealth Rock\n|turn|25\n|\n|t:|1698605027\n|move|p2a: Groudon|Earthquake|p1a: Dondozo\n|-crit|p1a: Dondozo\n|-damage|p1a: Dondozo|26\/100\n|move|p1a: Dondozo|Curse|p1a: Dondozo\n|-unboost|p1a: Dondozo|spe|1\n|-boost|p1a: Dondozo|atk|1\n|-boost|p1a: Dondozo|def|1\n|\n|-weather|DesolateLand|[upkeep]\n|-heal|p1a: Dondozo|32\/100|[from] item: Leftovers\n|-damage|p2a: Groudon|75\/100 tox|[from] psn\n|upkeep\n|turn|26\n|\n|t:|1698605029\n|move|p2a: Groudon|Earthquake|p1a: Dondozo\n|-damage|p1a: Dondozo|1\/100\n|move|p1a: Dondozo|Rest|p1a: Dondozo\n|-status|p1a: Dondozo|slp|[from] move: Rest\n|-heal|p1a: Dondozo|100\/100 slp|[silent]\n|\n|-weather|DesolateLand|[upkeep]\n|-damage|p2a: Groudon|57\/100 tox|[from] psn\n|upkeep\n|turn|27\n|\n|t:|1698605034\n|-weather|none\n|switch|p2a: Princess Diancie|Diancie-Mega|100\/100\n|cant|p1a: Dondozo|slp\n|move|p1a: Dondozo|Sleep Talk|p1a: Dondozo\n|move|p1a: Dondozo|Liquidation|p2a: Princess Diancie|[from]move: Sleep Talk\n|-supereffective|p2a: Princess Diancie\n|-damage|p2a: Princess Diancie|0 fnt\n|faint|p2a: Princess Diancie\n|\n|upkeep\n|\n|t:|1698605037\n|switch|p2a: Yveltal|Yveltal|1\/100 tox\n|-ability|p2a: Yveltal|Dark Aura\n|turn|28\n|\n|t:|1698605050\n|move|p2a: Yveltal|Knock Off|p1a: Dondozo\n|-damage|p1a: Dondozo|74\/100 slp\n|-enditem|p1a: Dondozo|Leftovers|[from] move: Knock Off|[of] p2a: Yveltal\n|cant|p1a: Dondozo|slp\n|move|p1a: Dondozo|Sleep Talk|p1a: Dondozo\n|move|p1a: Dondozo|Liquidation|p2a: Yveltal|[from]move: Sleep Talk\n|-damage|p2a: Yveltal|0 fnt\n|faint|p2a: Yveltal\n|\n|upkeep\n|\n|t:|1698605054\n|switch|p2a: Groudon|Groudon-Primal|57\/100 tox\n|-weather|DesolateLand|[from] ability: Desolate Land|[of] p2a: Groudon\n|turn|29\n|\n|t:|1698605062\n|move|p2a: Groudon|Earthquake|p1a: Dondozo\n|-damage|p1a: Dondozo|46\/100 slp\n|-curestatus|p1a: Dondozo|slp|[msg]\n|move|p1a: Dondozo|Curse|p1a: Dondozo\n|-unboost|p1a: Dondozo|spe|1\n|-boost|p1a: Dondozo|atk|1\n|-boost|p1a: Dondozo|def|1\n|\n|-weather|DesolateLand|[upkeep]\n|-damage|p2a: Groudon|50\/100 tox|[from] psn\n|upkeep\n|turn|30\n|\n|t:|1698605068\n|move|p2a: Groudon|Earthquake|p1a: Dondozo\n|-damage|p1a: Dondozo|25\/100\n|move|p1a: Dondozo|Curse|p1a: Dondozo\n|-unboost|p1a: Dondozo|spe|1\n|-boost|p1a: Dondozo|atk|1\n|-boost|p1a: Dondozo|def|1\n|\n|-weather|DesolateLand|[upkeep]\n|-damage|p2a: Groudon|38\/100 tox|[from] psn\n|upkeep\n|turn|31\n|\n|t:|1698605071\n|-weather|none\n|switch|p2a: Arceus|Arceus-Ice|100\/100\n|move|p1a: Dondozo|Rest|p1a: Dondozo\n|-status|p1a: Dondozo|slp|[from] move: Rest\n|-heal|p1a: Dondozo|100\/100 slp|[silent]\n|\n|upkeep\n|turn|32\n|\n|t:|1698605080\n|move|p2a: Arceus|Calm Mind|p2a: Arceus\n|-boost|p2a: Arceus|spa|1\n|-boost|p2a: Arceus|spd|1\n|cant|p1a: Dondozo|slp\n|move|p1a: Dondozo|Sleep Talk|p1a: Dondozo\n|move|p1a: Dondozo|Liquidation|p2a: Arceus|[from]move: Sleep Talk\n|-damage|p2a: Arceus|44\/100\n|\n|upkeep\n|turn|33\n|\n|t:|1698605083\n|move|p2a: Arceus|Recover|p2a: Arceus\n|-heal|p2a: Arceus|94\/100\n|cant|p1a: Dondozo|slp\n|move|p1a: Dondozo|Sleep Talk|p1a: Dondozo\n|move|p1a: Dondozo|Rest||[from]move: Sleep Talk|[still]\n|-fail|p1a: Dondozo\n|\n|upkeep\n|turn|34\n|\n|t:|1698605087\n|move|p2a: Arceus|Calm Mind|p2a: Arceus\n|-boost|p2a: Arceus|spa|1\n|-boost|p2a: Arceus|spd|1\n|-curestatus|p1a: Dondozo|slp|[msg]\n|move|p1a: Dondozo|Liquidation|p2a: Arceus\n|-damage|p2a: Arceus|37\/100\n|\n|upkeep\n|turn|35\n|\n|t:|1698605089\n|move|p2a: Arceus|Recover|p2a: Arceus\n|-heal|p2a: Arceus|87\/100\n|move|p1a: Dondozo|Liquidation|p2a: Arceus\n|-damage|p2a: Arceus|33\/100\n|\n|upkeep\n|turn|36\n|\n|t:|1698605092\n|move|p2a: Arceus|Judgment|p1a: Dondozo\n|-resisted|p1a: Dondozo\n|-damage|p1a: Dondozo|80\/100\n|move|p1a: Dondozo|Curse|p1a: Dondozo\n|-unboost|p1a: Dondozo|spe|1\n|-boost|p1a: Dondozo|atk|1\n|-boost|p1a: Dondozo|def|1\n|\n|upkeep\n|turn|37\n|\n|t:|1698605095\n|move|p2a: Arceus|Recover|p2a: Arceus\n|-heal|p2a: Arceus|83\/100\n|move|p1a: Dondozo|Liquidation|p2a: Arceus\n|-damage|p2a: Arceus|11\/100\n|\n|upkeep\n|turn|38\n|\n|t:|1698605100\n|switch|p2a: Groudon|Groudon-Primal|38\/100 tox\n|-weather|DesolateLand|[from] ability: Desolate Land|[of] p2a: Groudon\n|move|p1a: Dondozo|Liquidation||[still]\n|-fail|p1a: Dondozo|Liquidation|[from] Desolate Land\n|\n|-weather|DesolateLand|[upkeep]\n|-damage|p2a: Groudon|32\/100 tox|[from] psn\n|upkeep\n|turn|39\n|\n|t:|1698605104\n|-weather|none\n|switch|p2a: Arceus|Arceus-Ice|11\/100\n|move|p1a: Dondozo|Curse|p1a: Dondozo\n|-unboost|p1a: Dondozo|spe|1\n|-boost|p1a: Dondozo|atk|1\n|-boost|p1a: Dondozo|def|1\n|\n|upkeep\n|turn|40\n|\n|t:|1698605107\n|move|p2a: Arceus|Recover|p2a: Arceus\n|-heal|p2a: Arceus|61\/100\n|move|p1a: Dondozo|Liquidation|p2a: Arceus\n|-damage|p2a: Arceus|0 fnt\n|faint|p2a: Arceus\n|\n|upkeep\n|\n|t:|1698605110\n|switch|p2a: Groudon|Groudon-Primal|32\/100 tox\n|-weather|DesolateLand|[from] ability: Desolate Land|[of] p2a: Groudon\n|turn|41\n|\n|t:|1698605113\n|move|p2a: Groudon|Earthquake|p1a: Dondozo\n|-damage|p1a: Dondozo|67\/100\n|move|p1a: Dondozo|Curse|p1a: Dondozo\n|-unboost|p1a: Dondozo|spe|1\n|-boost|p1a: Dondozo|atk|1\n|-boost|p1a: Dondozo|def|1\n|\n|-weather|DesolateLand|[upkeep]\n|-damage|p2a: Groudon|25\/100 tox|[from] psn\n|upkeep\n|turn|42\n|\n|t:|1698605121\n|move|p2a: Groudon|Earthquake|p1a: Dondozo\n|-damage|p1a: Dondozo|57\/100\n|move|p1a: Dondozo|Liquidation||[still]\n|-fail|p1a: Dondozo|Liquidation|[from] Desolate Land\n|\n|-weather|DesolateLand|[upkeep]\n|-damage|p2a: Groudon|13\/100 tox|[from] psn\n|upkeep\n|turn|43\n|\n|t:|1698605126\n|move|p2a: Groudon|Earthquake|p1a: Dondozo\n|-damage|p1a: Dondozo|46\/100\n|move|p1a: Dondozo|Rest|p1a: Dondozo\n|-status|p1a: Dondozo|slp|[from] move: Rest\n|-heal|p1a: Dondozo|100\/100 slp|[silent]\n|\n|-weather|DesolateLand|[upkeep]\n|-damage|p2a: Groudon|0 fnt|[from] psn\n|faint|p2a: Groudon\n|-weather|none\n|\n|win|Godspeed06\n|upkeep\n|raw|Godspeed06's rating: 1247 &rarr; <strong>1269<\/strong><br \/>(+22 for winning)\n|raw|vrtyjuk's rating: 1209 &rarr; <strong>1187<\/strong><br \/>(-22 for losing)\n|l|\u2606vrtyjuk\n","uploadtime":1698605141,"views":12,"p1id":"godspeed06","p2id":"vrtyjuk","formatid":"gen9nationaldexubers","rating":1187,"private":0,"password":""}