{"id":"gen9nationaldexubers-1980301908","p1":"kikofp","p2":"Incredible Gassy","format":"[Gen 9] National Dex Ubers","log":"|j|\u2606kikofp\n|j|\u2606Incredible Gassy\n|t:|1698773641\n|gametype|singles\n|player|p1|kikofp|265|1664\n|player|p2|Incredible Gassy|bugcatcher-gen2|1701\n|teamsize|p1|6\n|teamsize|p2|6\n|gen|9\n|tier|[Gen 9] National Dex Ubers\n|rated|\n|rule|HP Percentage Mod: HP is shown in percentages\n|rule|Endless Battle Clause: Forcing endless battles is banned\n|rule|OHKO Clause: OHKO moves are banned\n|rule|Evasion Moves Clause: Evasion moves are banned\n|rule|Evasion Items Clause: Evasion items are banned\n|rule|Species Clause: Limit one of each Pok\u00e9mon\n|rule|Sleep Clause Mod: Limit one foe put to sleep\n|rule|Mega Rayquaza Clause: You cannot mega evolve Rayquaza\n|clearpoke\n|poke|p1|Arceus|\n|poke|p1|Groudon|\n|poke|p1|Zacian-*|\n|poke|p1|Necrozma-Dusk-Mane|\n|poke|p1|Ho-Oh|\n|poke|p1|Yveltal|\n|poke|p2|Sandy Shocks|\n|poke|p2|Groudon|\n|poke|p2|Gholdengo|\n|poke|p2|Ho-Oh|\n|poke|p2|Marshadow|\n|poke|p2|Eternatus|\n|teampreview\n|inactive|Battle timer is ON: inactive players will automatically lose when time's up. (requested by Incredible Gassy)\n|\n|t:|1698773650\n|start\n|switch|p1a: Groudon|Groudon|100\/100\n|switch|p2a: NDU needs a hero|Sandy Shocks|100\/100\n|detailschange|p1a: Groudon|Groudon-Primal\n|-primal|p1a: Groudon|Red Orb\n|-weather|DesolateLand|[from] ability: Desolate Land|[of] p1a: Groudon\n|turn|1\n|\n|t:|1698773656\n|move|p2a: NDU needs a hero|Earth Power|p1a: Groudon\n|-supereffective|p1a: Groudon\n|-damage|p1a: Groudon|12\/100\n|move|p1a: Groudon|Heat Crash|p2a: NDU needs a hero\n|-enditem|p2a: NDU needs a hero|Focus Sash\n|-damage|p2a: NDU needs a hero|1\/100\n|\n|-weather|DesolateLand|[upkeep]\n|upkeep\n|turn|2\n|\n|t:|1698773660\n|move|p2a: NDU needs a hero|Stealth Rock|p1a: Groudon\n|-sidestart|p1: kikofp|move: Stealth Rock\n|move|p1a: Groudon|Heat Crash|p2a: NDU needs a hero\n|-damage|p2a: NDU needs a hero|0 fnt\n|faint|p2a: NDU needs a hero\n|-end|p2a: NDU needs a hero|Protosynthesis|[silent]\n|\n|-weather|DesolateLand|[upkeep]\n|upkeep\n|\n|t:|1698773664\n|switch|p2a: GOOBED!|Marshadow|100\/100\n|turn|3\n|\n|t:|1698773668\n|move|p2a: GOOBED!|Low Kick|p1a: Groudon\n|-damage|p1a: Groudon|0 fnt\n|faint|p1a: Groudon\n|-weather|none\n|\n|upkeep\n|\n|t:|1698773669\n|switch|p1a: Yveltal|Yveltal|100\/100\n|-ability|p1a: Yveltal|Dark Aura\n|turn|4\n|\n|t:|1698773672\n|switch|p2a: milk on yo face|Gholdengo|100\/100\n|-item|p2a: milk on yo face|Air Balloon\n|move|p1a: Yveltal|Defog|p2a: milk on yo face\n|-immune|p2a: milk on yo face|[from] ability: Good as Gold\n|\n|upkeep\n|turn|5\n|\n|t:|1698773675\n|-terastallize|p2a: milk on yo face|Rock\n|move|p1a: Yveltal|Foul Play|p2a: milk on yo face\n|-damage|p2a: milk on yo face|80\/100\n|-enditem|p2a: milk on yo face|Air Balloon\n|move|p2a: milk on yo face|Nasty Plot|p2a: milk on yo face\n|-boost|p2a: milk on yo face|spa|2\n|\n|upkeep\n|turn|6\n|\n|t:|1698773690\n|switch|p1a: Necrozma|Necrozma-Dusk-Mane|100\/100\n|-damage|p1a: Necrozma|94\/100|[from] Stealth Rock\n|move|p2a: milk on yo face|Make It Rain|p1a: Necrozma\n|-resisted|p1a: Necrozma\n|-damage|p1a: Necrozma|47\/100\n|-unboost|p2a: milk on yo face|spa|1\n|\n|upkeep\n|turn|7\n|\n|t:|1698773698\n|switch|p2a: el perro|Eternatus|100\/100\n|-ability|p2a: el perro|Pressure\n|move|p1a: Necrozma|Sunsteel Strike|p2a: el perro\n|-damage|p2a: el perro|53\/100\n|\n|upkeep\n|turn|8\n|\n|t:|1698773712\n|move|p2a: el perro|Flamethrower|p1a: Necrozma\n|-supereffective|p1a: Necrozma\n|-damage|p1a: Necrozma|4\/100\n|-enditem|p1a: Necrozma|Weakness Policy\n|-boost|p1a: Necrozma|atk|2|[from] item: Weakness Policy\n|-boost|p1a: Necrozma|spa|2|[from] item: Weakness Policy\n|move|p1a: Necrozma|Earthquake|p2a: el perro\n|-supereffective|p2a: el perro\n|-damage|p2a: el perro|0 fnt\n|faint|p2a: el perro\n|\n|upkeep\n|\n|t:|1698773719\n|switch|p2a: milk on yo face|Gholdengo, tera:Rock|80\/100\n|turn|9\n|\n|t:|1698773721\n|move|p1a: Necrozma|Sunsteel Strike|p2a: milk on yo face\n|-supereffective|p2a: milk on yo face\n|-damage|p2a: milk on yo face|0 fnt\n|faint|p2a: milk on yo face\n|\n|upkeep\n|\n|t:|1698773728\n|switch|p2a: GOOBED!|Marshadow|100\/100\n|turn|10\n|\n|t:|1698773732\n|switch|p1a: Yveltal|Yveltal|100\/100\n|-ability|p1a: Yveltal|Dark Aura\n|move|p2a: GOOBED!|Shadow Sneak|p1a: Yveltal\n|-resisted|p1a: Yveltal\n|-damage|p1a: Yveltal|85\/100\n|\n|upkeep\n|turn|11\n|\n|t:|1698773740\n|switch|p2a: hoe ass|Ho-Oh|100\/100\n|move|p1a: Yveltal|Foul Play|p2a: hoe ass\n|-damage|p2a: hoe ass|50\/100\n|\n|upkeep\n|turn|12\n|\n|t:|1698773743\n|move|p1a: Yveltal|Defog|p2a: hoe ass\n|-unboost|p2a: hoe ass|evasion|1\n|-sideend|p1: kikofp|Stealth Rock|[from] move: Defog|[of] p1a: Yveltal\n|move|p2a: hoe ass|Roost|p2a: hoe ass\n|-heal|p2a: hoe ass|100\/100\n|-singleturn|p2a: hoe ass|move: Roost\n|\n|upkeep\n|turn|13\n|\n|t:|1698773746\n|move|p1a: Yveltal|Foul Play|p2a: hoe ass\n|-damage|p2a: hoe ass|53\/100\n|move|p2a: hoe ass|Sacred Fire|p1a: Yveltal\n|-damage|p1a: Yveltal|52\/100\n|\n|upkeep\n|turn|14\n|\n|t:|1698773750\n|move|p1a: Yveltal|Taunt|p2a: hoe ass\n|-start|p2a: hoe ass|move: Taunt\n|move|p2a: hoe ass|Sacred Fire|p1a: Yveltal\n|-damage|p1a: Yveltal|18\/100\n|-status|p1a: Yveltal|brn\n|\n|-damage|p1a: Yveltal|12\/100 brn|[from] brn\n|upkeep\n|turn|15\n|\n|t:|1698773754\n|move|p1a: Yveltal|Foul Play|p2a: hoe ass\n|-damage|p2a: hoe ass|28\/100\n|move|p2a: hoe ass|Sacred Fire|p1a: Yveltal\n|-damage|p1a: Yveltal|0 fnt\n|faint|p1a: Yveltal\n|\n|upkeep\n|\n|t:|1698773762\n|switch|p1a: Zacian|Zacian-Crowned, shiny|100\/100\n|-ability|p1a: Zacian|Intrepid Sword|boost\n|-boost|p1a: Zacian|atk|1\n|turn|16\n|\n|t:|1698773775\n|switch|p2a: coffee beans|Groudon, shiny|100\/100\n|detailschange|p2a: coffee beans|Groudon-Primal, shiny\n|-primal|p2a: coffee beans|Red Orb\n|-weather|DesolateLand|[from] ability: Desolate Land|[of] p2a: coffee beans\n|move|p1a: Zacian|Behemoth Blade|p2a: coffee beans\n|-resisted|p2a: coffee beans\n|-damage|p2a: coffee beans|82\/100\n|\n|-weather|DesolateLand|[upkeep]\n|upkeep\n|turn|17\n|\n|t:|1698773779\n|-terastallize|p1a: Zacian|Ground\n|move|p1a: Zacian|Tera Blast|p2a: coffee beans|[anim] Tera Blast Ground\n|-supereffective|p2a: coffee beans\n|-damage|p2a: coffee beans|26\/100\n|move|p2a: coffee beans|Lava Plume|p1a: Zacian\n|-damage|p1a: Zacian|45\/100\n|\n|-weather|DesolateLand|[upkeep]\n|upkeep\n|turn|18\n|\n|t:|1698773783\n|move|p1a: Zacian|Tera Blast|p2a: coffee beans|[anim] Tera Blast Ground\n|-supereffective|p2a: coffee beans\n|-damage|p2a: coffee beans|0 fnt\n|faint|p2a: coffee beans\n|-weather|none\n|\n|upkeep\n|\n|t:|1698773784\n|switch|p2a: GOOBED!|Marshadow|100\/100\n|turn|19\n|\n|t:|1698773787\n|move|p2a: GOOBED!|Shadow Sneak|p1a: Zacian\n|-damage|p1a: Zacian|0 fnt\n|faint|p1a: Zacian\n|\n|upkeep\n|\n|t:|1698773791\n|switch|p1a: Ho-Oh|Ho-Oh, shiny|100\/100\n|turn|20\n|\n|t:|1698773793\n|switch|p2a: hoe ass|Ho-Oh|61\/100\n|move|p1a: Ho-Oh|Toxic|p2a: hoe ass\n|-status|p2a: hoe ass|tox\n|\n|-damage|p2a: hoe ass|55\/100 tox|[from] psn\n|upkeep\n|turn|21\n|\n|t:|1698773797\n|switch|p2a: GOOBED!|Marshadow|100\/100\n|switch|p1a: Necrozma|Necrozma-Dusk-Mane|4\/100\n|\n|upkeep\n|turn|22\n|\n|t:|1698773800\n|move|p2a: GOOBED!|Low Kick|p1a: Necrozma\n|-damage|p1a: Necrozma|0 fnt\n|faint|p1a: Necrozma\n|\n|upkeep\n|\n|t:|1698773802\n|switch|p1a: Ho-Oh|Ho-Oh, shiny|100\/100\n|turn|23\n|\n|t:|1698773805\n|switch|p2a: hoe ass|Ho-Oh|88\/100 tox\n|move|p1a: Ho-Oh|Sacred Fire|p2a: hoe ass\n|-resisted|p2a: hoe ass\n|-damage|p2a: hoe ass|68\/100 tox\n|\n|-damage|p2a: hoe ass|62\/100 tox|[from] psn\n|upkeep\n|turn|24\n|\n|t:|1698773808\n|switch|p1a: Arceus|Arceus|100\/100\n|move|p2a: hoe ass|Toxic|p1a: Arceus\n|-status|p1a: Arceus|tox\n|\n|-damage|p1a: Arceus|94\/100 tox|[from] psn\n|-damage|p2a: hoe ass|50\/100 tox|[from] psn\n|upkeep\n|turn|25\n|\n|t:|1698773811\n|move|p1a: Arceus|Shadow Claw|p2a: hoe ass\n|-damage|p2a: hoe ass|28\/100 tox\n|move|p2a: hoe ass|Roost|p2a: hoe ass\n|-heal|p2a: hoe ass|78\/100 tox\n|-singleturn|p2a: hoe ass|move: Roost\n|\n|-damage|p1a: Arceus|82\/100 tox|[from] psn\n|-damage|p2a: hoe ass|60\/100 tox|[from] psn\n|upkeep\n|turn|26\n|\n|t:|1698773814\n|-zpower|p1a: Arceus\n|move|p1a: Arceus|Breakneck Blitz|p2a: hoe ass|[zeffect]\n|-damage|p2a: hoe ass|0 fnt\n|faint|p2a: hoe ass\n|\n|-damage|p1a: Arceus|64\/100 tox|[from] psn\n|upkeep\n|\n|t:|1698773815\n|switch|p2a: GOOBED!|Marshadow|100\/100\n|turn|27\n|\n|t:|1698773817\n|move|p2a: GOOBED!|Rock Tomb|p1a: Arceus\n|-damage|p1a: Arceus|34\/100 tox\n|-unboost|p1a: Arceus|spe|1\n|move|p1a: Arceus|Shadow Claw|p2a: GOOBED!\n|-supereffective|p2a: GOOBED!\n|-crit|p2a: GOOBED!\n|-damage|p2a: GOOBED!|8\/100\n|\n|-damage|p1a: Arceus|9\/100 tox|[from] psn\n|upkeep\n|turn|28\n|\n|t:|1698773820\n|move|p2a: GOOBED!|Rock Tomb|p1a: Arceus\n|-damage|p1a: Arceus|0 fnt\n|faint|p1a: Arceus\n|\n|upkeep\n|\n|t:|1698773822\n|switch|p1a: Ho-Oh|Ho-Oh, shiny|100\/100\n|turn|29\n|\n|t:|1698773824\n|move|p2a: GOOBED!|Rock Tomb|p1a: Ho-Oh\n|-supereffective|p1a: Ho-Oh\n|-damage|p1a: Ho-Oh|0 fnt\n|faint|p1a: Ho-Oh\n|\n|win|Incredible Gassy\n|raw|kikofp's rating: 1664 &rarr; <strong>1646<\/strong><br \/>(-18 for losing)\n|raw|Incredible Gassy's rating: 1701 &rarr; <strong>1719<\/strong><br \/>(+18 for winning)\n|c|\u2606kikofp|ggs\n|c|\u2606Incredible Gassy|omega bailed\n|c|\u2606Incredible Gassy|holy shit\n|c|\u2606Incredible Gassy|gg\n|l|\u2606kikofp\n|n| Incredible Sandy|incrediblegassy\n","uploadtime":1698773839,"views":68,"p1id":"kikofp","p2id":"incrediblegassy","formatid":"gen9nationaldexubers","rating":1646,"private":0,"password":""}