{"id":"gen9nationaldexubers-1984667319","p1":"Francoise Fat","p2":"AntsInUrPants","format":"[Gen 9] National Dex Ubers","log":"|j|\u2606Francoise Fat\n|j|\u2606AntsInUrPants\n|t:|1699289235\n|gametype|singles\n|player|p1|Francoise Fat|265|1297\n|player|p2|AntsInUrPants|leon|1341\n|teamsize|p1|6\n|teamsize|p2|6\n|gen|9\n|tier|[Gen 9] National Dex Ubers\n|rated|\n|rule|HP Percentage Mod: HP is shown in percentages\n|rule|Endless Battle Clause: Forcing endless battles is banned\n|rule|OHKO Clause: OHKO moves are banned\n|rule|Evasion Moves Clause: Evasion moves are banned\n|rule|Evasion Items Clause: Evasion items are banned\n|rule|Species Clause: Limit one of each Pok\u00e9mon\n|rule|Sleep Clause Mod: Limit one foe put to sleep\n|rule|Mega Rayquaza Clause: You cannot mega evolve Rayquaza\n|clearpoke\n|poke|p1|Kyurem-Black|\n|poke|p1|Avalugg, F|\n|poke|p1|Iron Bundle|\n|poke|p1|Calyrex-Ice|\n|poke|p1|Darmanitan-Galar, M|\n|poke|p1|Ninetales-Alola, M|\n|poke|p2|Mewtwo|\n|poke|p2|Genesect-Douse|\n|poke|p2|Palkia-Origin|\n|poke|p2|Regieleki|\n|poke|p2|Arceus|\n|poke|p2|Slowbro-Galar, M|\n|teampreview\n|c|\u2606AntsInUrPants|oh okay\n|\n|t:|1699289267\n|start\n|switch|p1a: Calyrex|Calyrex-Ice|100\/100\n|switch|p2a: Palkia|Palkia-Origin|100\/100\n|-ability|p1a: Calyrex|As One\n|-ability|p1a: Calyrex|Unnerve\n|-ability|p2a: Palkia|Pressure\n|turn|1\n|\n|t:|1699289274\n|move|p2a: Palkia|Thunder Wave|p1a: Calyrex\n|-status|p1a: Calyrex|par\n|cant|p1a: Calyrex|par\n|\n|upkeep\n|turn|2\n|\n|t:|1699289277\n|move|p2a: Palkia|Fire Blast|p1a: Calyrex\n|-supereffective|p1a: Calyrex\n|-damage|p1a: Calyrex|40\/100 par\n|move|p1a: Calyrex|Trick Room|p1a: Calyrex\n|-fieldstart|move: Trick Room|[of] p1a: Calyrex\n|\n|upkeep\n|turn|3\n|\n|t:|1699289280\n|move|p1a: Calyrex|Glacial Lance|p2a: Palkia\n|-damage|p2a: Palkia|0 fnt\n|faint|p2a: Palkia\n|-ability|p1a: Calyrex|Chilling Neigh|boost\n|-boost|p1a: Calyrex|atk|1\n|\n|upkeep\n|\n|t:|1699289287\n|switch|p2a: Genesect|Genesect-Douse, shiny|100\/100\n|-ability|p2a: Genesect|Download|boost\n|-boost|p2a: Genesect|spa|1\n|turn|4\n|\n|t:|1699289296\n|-terastallize|p1a: Calyrex|Ice\n|move|p1a: Calyrex|Glacial Lance|p2a: Genesect\n|-resisted|p2a: Genesect\n|-damage|p2a: Genesect|0 fnt\n|faint|p2a: Genesect\n|-ability|p1a: Calyrex|Chilling Neigh|boost\n|-boost|p1a: Calyrex|atk|1\n|\n|upkeep\n|c|\u2606AntsInUrPants|oh ight\n|\n|t:|1699289304\n|switch|p2a: Slowbro|Slowbro-Galar, M|100\/100\n|turn|5\n|\n|t:|1699289309\n|move|p1a: Calyrex|Glacial Lance|p2a: Slowbro\n|-damage|p2a: Slowbro|0 fnt\n|faint|p2a: Slowbro\n|-ability|p1a: Calyrex|Chilling Neigh|boost\n|-boost|p1a: Calyrex|atk|1\n|\n|upkeep\n|\n|t:|1699289311\n|switch|p2a: Arceus|Arceus|100\/100\n|turn|6\n|\n|t:|1699289320\n|move|p1a: Calyrex|Glacial Lance|p2a: Arceus\n|-damage|p2a: Arceus|0 fnt\n|faint|p2a: Arceus\n|-ability|p1a: Calyrex|Chilling Neigh|boost\n|-boost|p1a: Calyrex|atk|1\n|\n|-fieldend|move: Trick Room\n|upkeep\n|c|\u2606AntsInUrPants|para just doesnt exist ig\n|\n|t:|1699289324\n|switch|p2a: Mewtwo|Mewtwo|100\/100\n|-ability|p2a: Mewtwo|Pressure\n|turn|7\n|\n|t:|1699289328\n|detailschange|p2a: Mewtwo|Mewtwo-Mega-Y\n|-mega|p2a: Mewtwo|Mewtwo|Mewtwonite Y\n|move|p2a: Mewtwo|Flamethrower|p1a: Calyrex\n|-supereffective|p1a: Calyrex\n|-damage|p1a: Calyrex|0 fnt\n|faint|p1a: Calyrex\n|\n|upkeep\n|\n|t:|1699289344\n|switch|p1a: Ninetales|Ninetales-Alola, M|100\/100\n|-weather|Snow|[from] ability: Snow Warning|[of] p1a: Ninetales\n|turn|8\n|\n|t:|1699289372\n|move|p2a: Mewtwo|Flamethrower|p1a: Ninetales\n|-supereffective|p1a: Ninetales\n|-damage|p1a: Ninetales|19\/100\n|move|p1a: Ninetales|Aurora Veil|p1a: Ninetales\n|-sidestart|p1: Francoise Fat|move: Aurora Veil\n|\n|-weather|Snow|[upkeep]\n|upkeep\n|turn|9\n|\n|t:|1699289385\n|move|p2a: Mewtwo|Calm Mind|p2a: Mewtwo\n|-boost|p2a: Mewtwo|spa|1\n|-boost|p2a: Mewtwo|spd|1\n|move|p1a: Ninetales|Encore|p2a: Mewtwo\n|-start|p2a: Mewtwo|Encore\n|\n|-weather|Snow|[upkeep]\n|upkeep\n|turn|10\n|\n|t:|1699289389\n|switch|p1a: Kyurem|Kyurem-Black, shiny|100\/100\n|-ability|p1a: Kyurem|Teravolt\n|move|p2a: Mewtwo|Calm Mind|p2a: Mewtwo\n|-boost|p2a: Mewtwo|spa|1\n|-boost|p2a: Mewtwo|spd|1\n|\n|-weather|Snow|[upkeep]\n|upkeep\n|turn|11\n|\n|t:|1699289394\n|move|p2a: Mewtwo|Calm Mind|p2a: Mewtwo\n|-boost|p2a: Mewtwo|spa|1\n|-boost|p2a: Mewtwo|spd|1\n|move|p1a: Kyurem|Dragon Dance|p1a: Kyurem\n|-boost|p1a: Kyurem|atk|1\n|-boost|p1a: Kyurem|spe|1\n|\n|-weather|Snow|[upkeep]\n|upkeep\n|turn|12\n|-message|AntsInUrPants forfeited.\n|\n|win|Francoise Fat\n|raw|Francoise Fat's rating: 1297 &rarr; <strong>1325<\/strong><br \/>(+28 for winning)\n|raw|AntsInUrPants's rating: 1341 &rarr; <strong>1318<\/strong><br \/>(-23 for losing)\n|l|\u2606AntsInUrPants\n|c|\u2606Francoise Fat|i use para for speed control, you use it for hax, we are not the same\n","uploadtime":1699289416,"views":7,"p1id":"francoisefat","p2id":"antsinurpants","formatid":"gen9nationaldexubers","rating":1318,"private":0,"password":""}