{"id":"gen9nationaldexubers-1982934649","p1":"wizardofballs","p2":"Miso678","format":"[Gen 9] National Dex Ubers","log":"|j|\u2606wizardofballs\n|j|\u2606Miso678\n|t:|1699060423\n|gametype|singles\n|player|p1|wizardofballs|266|1278\n|player|p2|Miso678|plasmagrunt|1154\n|teamsize|p1|6\n|teamsize|p2|6\n|gen|9\n|tier|[Gen 9] National Dex Ubers\n|rated|\n|rule|HP Percentage Mod: HP is shown in percentages\n|rule|Endless Battle Clause: Forcing endless battles is banned\n|rule|OHKO Clause: OHKO moves are banned\n|rule|Evasion Moves Clause: Evasion moves are banned\n|rule|Evasion Items Clause: Evasion items are banned\n|rule|Species Clause: Limit one of each Pok\u00e9mon\n|rule|Sleep Clause Mod: Limit one foe put to sleep\n|rule|Mega Rayquaza Clause: You cannot mega evolve Rayquaza\n|clearpoke\n|poke|p1|Darkrai|\n|poke|p1|Arceus|\n|poke|p1|Lugia|\n|poke|p1|Groudon|\n|poke|p1|Kyurem-Black|\n|poke|p1|Manaphy|\n|poke|p2|Quagsire, F|\n|poke|p2|Chi-Yu|\n|poke|p2|Meganium, M|\n|poke|p2|Salamence, F|\n|poke|p2|Mew|\n|poke|p2|Klefki, M|\n|teampreview\n|\n|t:|1699060429\n|start\n|switch|p1a: Arceus|Arceus|100\/100\n|switch|p2a: House|Klefki, M|100\/100\n|turn|1\n|\n|t:|1699060436\n|move|p2a: House|Reflect|p2a: House\n|-sidestart|p2: Miso678|Reflect\n|move|p1a: Arceus|Will-O-Wisp|p2a: House\n|-status|p2a: House|brn\n|\n|-damage|p2a: House|95\/100 brn|[from] brn\n|upkeep\n|turn|2\n|\n|t:|1699060447\n|move|p2a: House|Switcheroo|p1a: Arceus\n|-activate|p2a: House|move: Trick|[of] p1a: Arceus\n|-item|p1a: Arceus|Lagging Tail|[from] move: Switcheroo\n|-item|p2a: House|Leftovers|[from] move: Switcheroo\n|move|p1a: Arceus|Calm Mind|p1a: Arceus\n|-boost|p1a: Arceus|spa|1\n|-boost|p1a: Arceus|spd|1\n|\n|-heal|p2a: House|100\/100 brn|[from] item: Leftovers\n|-damage|p2a: House|95\/100 brn|[from] brn\n|upkeep\n|turn|3\n|\n|t:|1699060463\n|switch|p2a: Pspspsps|Mew|100\/100\n|move|p1a: Arceus|Calm Mind|p1a: Arceus\n|-boost|p1a: Arceus|spa|1\n|-boost|p1a: Arceus|spd|1\n|\n|upkeep\n|turn|4\n|\n|t:|1699060470\n|move|p2a: Pspspsps|Block|p1a: Arceus\n|-activate|p1a: Arceus|trapped\n|move|p1a: Arceus|Shadow Ball|p2a: Pspspsps\n|-supereffective|p2a: Pspspsps\n|-damage|p2a: Pspspsps|45\/100\n|\n|-heal|p2a: Pspspsps|52\/100|[from] item: Leftovers\n|upkeep\n|turn|5\n|\n|t:|1699060478\n|move|p2a: Pspspsps|Imprison|p2a: Pspspsps\n|-start|p2a: Pspspsps|move: Imprison\n|move|p1a: Arceus|Shadow Ball|p2a: Pspspsps\n|-supereffective|p2a: Pspspsps\n|-damage|p2a: Pspspsps|1\/100\n|\n|-heal|p2a: Pspspsps|7\/100|[from] item: Leftovers\n|-sideend|p2: Miso678|Reflect\n|upkeep\n|turn|6\n|\n|t:|1699060495\n|-terastallize|p1a: Arceus|Ghost\n|move|p2a: Pspspsps|Transform|p1a: Arceus\n|-transform|p2a: Pspspsps|p1a: Arceus\n|cant|p1a: Arceus|move: Imprison|Shadow Ball\n|\n|-heal|p2a: Pspspsps|13\/100|[from] item: Leftovers\n|upkeep\n|-start|p2a: Pspspsps|typechange|Normal|[silent]\n|turn|7\n|\n|t:|1699060510\n|switch|p1a: Groudon|Groudon|100\/100\n|-weather|SunnyDay|[from] ability: Drought|[of] p1a: Groudon\n|move|p2a: Pspspsps|Shadow Ball|p1a: Groudon\n|-damage|p1a: Groudon|54\/100\n|\n|-weather|SunnyDay|[upkeep]\n|-heal|p2a: Pspspsps|20\/100|[from] item: Leftovers\n|-heal|p1a: Groudon|60\/100|[from] item: Leftovers\n|upkeep\n|turn|8\n|\n|t:|1699060523\n|move|p2a: Pspspsps|Judgment|p1a: Groudon\n|-damage|p1a: Groudon|0 fnt\n|faint|p1a: Groudon\n|\n|-weather|SunnyDay|[upkeep]\n|-heal|p2a: Pspspsps|26\/100|[from] item: Leftovers\n|upkeep\n|\n|t:|1699060534\n|switch|p1a: Darkrai|Darkrai|100\/100\n|turn|9\n|\n|t:|1699060538\n|move|p1a: Darkrai|Haze|p1a: Darkrai\n|-clearallboost\n|move|p2a: Pspspsps|Judgment|p1a: Darkrai\n|-damage|p1a: Darkrai|47\/100\n|\n|-weather|SunnyDay|[upkeep]\n|-heal|p2a: Pspspsps|32\/100|[from] item: Leftovers\n|upkeep\n|turn|10\n|\n|t:|1699060552\n|switch|p1a: Arceus|Arceus, tera:Ghost|100\/100\n|move|p2a: Pspspsps|Judgment|p1a: Arceus\n|-immune|p1a: Arceus\n|\n|-weather|SunnyDay|[upkeep]\n|-heal|p2a: Pspspsps|38\/100|[from] item: Leftovers\n|upkeep\n|turn|11\n|\n|t:|1699060575\n|switch|p1a: Kyurem|Kyurem-Black|100\/100\n|-ability|p1a: Kyurem|Teravolt\n|move|p2a: Pspspsps|Shadow Ball|p1a: Kyurem\n|-damage|p1a: Kyurem|80\/100\n|-unboost|p1a: Kyurem|spd|1\n|\n|-weather|none\n|-heal|p2a: Pspspsps|44\/100|[from] item: Leftovers\n|-heal|p1a: Kyurem|86\/100|[from] item: Leftovers\n|upkeep\n|turn|12\n|\n|t:|1699060595\n|move|p2a: Pspspsps|Will-O-Wisp|p1a: Kyurem\n|-status|p1a: Kyurem|brn\n|move|p1a: Kyurem|Scale Shot|p2a: Pspspsps\n|-damage|p2a: Pspspsps|38\/100\n|-damage|p2a: Pspspsps|31\/100\n|-hitcount|p2a: Pspspsps|2\n|-unboost|p1a: Kyurem|def|1\n|-boost|p1a: Kyurem|spe|1\n|\n|-heal|p1a: Kyurem|92\/100 brn|[from] item: Leftovers\n|-heal|p2a: Pspspsps|37\/100|[from] item: Leftovers\n|-damage|p1a: Kyurem|86\/100 brn|[from] brn\n|upkeep\n|turn|13\n|inactive|Battle timer is ON: inactive players will automatically lose when time's up. (requested by wizardofballs)\n|\n|t:|1699060612\n|move|p1a: Kyurem|Scale Shot|p2a: Pspspsps\n|-damage|p2a: Pspspsps|31\/100\n|-damage|p2a: Pspspsps|25\/100\n|-damage|p2a: Pspspsps|18\/100\n|-hitcount|p2a: Pspspsps|3\n|-unboost|p1a: Kyurem|def|1\n|-boost|p1a: Kyurem|spe|1\n|move|p2a: Pspspsps|Judgment|p1a: Kyurem\n|-damage|p1a: Kyurem|30\/100 brn\n|\n|-heal|p1a: Kyurem|36\/100 brn|[from] item: Leftovers\n|-heal|p2a: Pspspsps|24\/100|[from] item: Leftovers\n|-damage|p1a: Kyurem|30\/100 brn|[from] brn\n|upkeep\n|turn|14\n|\n|t:|1699060630\n|move|p1a: Kyurem|Icicle Spear|p2a: Pspspsps\n|-damage|p2a: Pspspsps|17\/100\n|-damage|p2a: Pspspsps|11\/100\n|-damage|p2a: Pspspsps|5\/100\n|-hitcount|p2a: Pspspsps|3\n|move|p2a: Pspspsps|Judgment|p1a: Kyurem\n|-damage|p1a: Kyurem|0 fnt\n|faint|p1a: Kyurem\n|\n|-heal|p2a: Pspspsps|11\/100|[from] item: Leftovers\n|upkeep\n|inactive|wizardofballs has 120 seconds left.\n|\n|t:|1699060656\n|switch|p1a: Darkrai|Darkrai|47\/100\n|turn|15\n|\n|t:|1699060668\n|move|p1a: Darkrai|Dark Pulse|p2a: Pspspsps\n|-damage|p2a: Pspspsps|0 fnt\n|faint|p2a: Pspspsps\n|\n|upkeep\n|\n|t:|1699060677\n|switch|p2a: House|Klefki, M|95\/100 brn\n|turn|16\n|\n|t:|1699060684\n|switch|p1a: Arceus|Arceus, tera:Ghost|100\/100\n|move|p2a: House|Light Screen|p2a: House\n|-sidestart|p2: Miso678|move: Light Screen\n|\n|-heal|p2a: House|100\/100 brn|[from] item: Leftovers\n|-damage|p2a: House|95\/100 brn|[from] brn\n|upkeep\n|turn|17\n|\n|t:|1699060694\n|move|p2a: House|Foul Play|p1a: Arceus\n|-supereffective|p1a: Arceus\n|-damage|p1a: Arceus|88\/100\n|move|p1a: Arceus|Calm Mind|p1a: Arceus\n|-boost|p1a: Arceus|spa|1\n|-boost|p1a: Arceus|spd|1\n|\n|-heal|p2a: House|100\/100 brn|[from] item: Leftovers\n|-damage|p2a: House|95\/100 brn|[from] brn\n|upkeep\n|turn|18\n|\n|t:|1699060705\n|switch|p2a: Quag|Quagsire, F|100\/100\n|move|p1a: Arceus|Judgment|p2a: Quag\n|-damage|p2a: Quag|77\/100\n|\n|-heal|p2a: Quag|83\/100|[from] item: Leftovers\n|upkeep\n|turn|19\n|\n|t:|1699060715\n|move|p2a: Quag|Curse|p2a: Quag\n|-unboost|p2a: Quag|spe|1\n|-boost|p2a: Quag|atk|1\n|-boost|p2a: Quag|def|1\n|move|p1a: Arceus|Will-O-Wisp|p2a: Quag\n|-status|p2a: Quag|brn\n|\n|-heal|p2a: Quag|89\/100 brn|[from] item: Leftovers\n|-damage|p2a: Quag|83\/100 brn|[from] brn\n|upkeep\n|turn|20\n|\n|t:|1699060730\n|move|p2a: Quag|Scald|p1a: Arceus\n|-damage|p1a: Arceus|74\/100\n|move|p1a: Arceus|Judgment|p2a: Quag\n|-damage|p2a: Quag|60\/100 brn\n|\n|-heal|p2a: Quag|66\/100 brn|[from] item: Leftovers\n|-damage|p2a: Quag|60\/100 brn|[from] brn\n|-sideend|p2: Miso678|move: Light Screen\n|upkeep\n|turn|21\n|\n|t:|1699060745\n|move|p2a: Quag|Scald|p1a: Arceus\n|-damage|p1a: Arceus|60\/100\n|move|p1a: Arceus|Shadow Ball|p2a: Quag\n|-crit|p2a: Quag\n|-damage|p2a: Quag|2\/100 brn\n|\n|-heal|p2a: Quag|8\/100 brn|[from] item: Leftovers\n|-damage|p2a: Quag|2\/100 brn|[from] brn\n|upkeep\n|turn|22\n|\n|t:|1699060759\n|move|p2a: Quag|Haze|p2a: Quag\n|-clearallboost\n|move|p1a: Arceus|Shadow Ball|p2a: Quag\n|-damage|p2a: Quag|0 fnt\n|faint|p2a: Quag\n|\n|upkeep\n|\n|t:|1699060769\n|switch|p2a: Fillet o Fish|Chi-Yu|100\/100\n|-ability|p2a: Fillet o Fish|Beads of Ruin\n|turn|23\n|\n|t:|1699060780\n|switch|p1a: Darkrai|Darkrai|47\/100\n|move|p2a: Fillet o Fish|Dark Pulse|p1a: Darkrai\n|-resisted|p1a: Darkrai\n|-damage|p1a: Darkrai|10\/100\n|\n|upkeep\n|turn|24\n|\n|t:|1699060794\n|switch|p2a: House|Klefki, M|95\/100 brn\n|move|p1a: Darkrai|Hypnosis||[still]\n|-fail|p1a: Darkrai\n|\n|-heal|p2a: House|100\/100 brn|[from] item: Leftovers\n|-damage|p2a: House|95\/100 brn|[from] brn\n|upkeep\n|turn|25\n|\n|t:|1699060806\n|switch|p1a: Arceus|Arceus, tera:Ghost|60\/100\n|move|p2a: House|Light Screen|p2a: House\n|-sidestart|p2: Miso678|move: Light Screen\n|\n|-heal|p2a: House|100\/100 brn|[from] item: Leftovers\n|-damage|p2a: House|95\/100 brn|[from] brn\n|upkeep\n|turn|26\n|\n|t:|1699060816\n|switch|p2a: Fillet o Fish|Chi-Yu|100\/100\n|-ability|p2a: Fillet o Fish|Beads of Ruin\n|move|p1a: Arceus|Calm Mind|p1a: Arceus\n|-boost|p1a: Arceus|spa|1\n|-boost|p1a: Arceus|spd|1\n|\n|upkeep\n|turn|27\n|\n|t:|1699060828\n|move|p2a: Fillet o Fish|Dark Pulse|p1a: Arceus\n|-supereffective|p1a: Arceus\n|-damage|p1a: Arceus|9\/100\n|cant|p1a: Arceus|flinch\n|\n|upkeep\n|turn|28\n|\n|t:|1699060841\n|switch|p1a: Manaphy|Manaphy|100\/100\n|move|p2a: Fillet o Fish|Dark Pulse|p1a: Manaphy\n|-damage|p1a: Manaphy|45\/100\n|\n|upkeep\n|turn|29\n|\n|t:|1699060853\n|-terastallize|p2a: Fillet o Fish|Grass\n|move|p1a: Manaphy|Surf|p2a: Fillet o Fish\n|-resisted|p2a: Fillet o Fish\n|-damage|p2a: Fillet o Fish|90\/100\n|move|p2a: Fillet o Fish|Tera Blast|p1a: Manaphy|[anim] Tera Blast Grass\n|-supereffective|p1a: Manaphy\n|-damage|p1a: Manaphy|0 fnt\n|faint|p1a: Manaphy\n|\n|-sideend|p2: Miso678|move: Light Screen\n|upkeep\n|\n|t:|1699060864\n|switch|p1a: Lugia|Lugia|100\/100\n|turn|30\n|\n|t:|1699060868\n|move|p1a: Lugia|Aeroblast|p2a: Fillet o Fish\n|-supereffective|p2a: Fillet o Fish\n|-damage|p2a: Fillet o Fish|0 fnt\n|faint|p2a: Fillet o Fish\n|\n|upkeep\n|\n|t:|1699060874\n|switch|p2a: House|Klefki, M|95\/100 brn\n|turn|31\n|\n|t:|1699060878\n|move|p2a: House|Light Screen|p2a: House\n|-sidestart|p2: Miso678|move: Light Screen\n|move|p1a: Lugia|Aeroblast|p2a: House\n|-resisted|p2a: House\n|-damage|p2a: House|83\/100 brn\n|\n|-heal|p2a: House|89\/100 brn|[from] item: Leftovers\n|-damage|p2a: House|83\/100 brn|[from] brn\n|upkeep\n|turn|32\n|\n|t:|1699060891\n|switch|p1a: Darkrai|Darkrai|10\/100\n|switch|p2a: Anti Palkia|Salamence, F|100\/100\n|-ability|p2a: Anti Palkia|Intimidate|boost\n|-unboost|p1a: Darkrai|atk|1\n|\n|upkeep\n|turn|33\n|\n|t:|1699060907\n|switch|p2a: House|Klefki, M|83\/100 brn\n|move|p1a: Darkrai|Hypnosis||[still]\n|-fail|p1a: Darkrai\n|\n|-heal|p2a: House|89\/100 brn|[from] item: Leftovers\n|-damage|p2a: House|83\/100 brn|[from] brn\n|upkeep\n|turn|34\n|\n|t:|1699060919\n|switch|p1a: Lugia|Lugia|100\/100\n|move|p2a: House|Foul Play|p1a: Lugia\n|-supereffective|p1a: Lugia\n|-damage|p1a: Lugia|95\/100\n|\n|-heal|p2a: House|89\/100 brn|[from] item: Leftovers\n|-damage|p2a: House|83\/100 brn|[from] brn\n|upkeep\n|turn|35\n|\n|t:|1699060935\n|move|p1a: Lugia|Aeroblast|p2a: House\n|-resisted|p2a: House\n|-damage|p2a: House|71\/100 brn\n|move|p2a: House|Foul Play|p1a: Lugia\n|-supereffective|p1a: Lugia\n|-damage|p1a: Lugia|84\/100\n|\n|-heal|p2a: House|77\/100 brn|[from] item: Leftovers\n|-damage|p2a: House|71\/100 brn|[from] brn\n|-sideend|p2: Miso678|move: Light Screen\n|upkeep\n|turn|36\n|\n|t:|1699060946\n|move|p2a: House|Light Screen|p2a: House\n|-sidestart|p2: Miso678|move: Light Screen\n|move|p1a: Lugia|Aeroblast|p2a: House\n|-resisted|p2a: House\n|-damage|p2a: House|60\/100 brn\n|\n|-heal|p2a: House|66\/100 brn|[from] item: Leftovers\n|-damage|p2a: House|60\/100 brn|[from] brn\n|upkeep\n|turn|37\n|\n|t:|1699060955\n|move|p1a: Lugia|Aeroblast|p2a: House\n|-resisted|p2a: House\n|-damage|p2a: House|48\/100 brn\n|move|p2a: House|Foul Play|p1a: Lugia\n|-supereffective|p1a: Lugia\n|-crit|p1a: Lugia\n|-damage|p1a: Lugia|65\/100\n|\n|-heal|p2a: House|54\/100 brn|[from] item: Leftovers\n|-damage|p2a: House|48\/100 brn|[from] brn\n|upkeep\n|turn|38\n|\n|t:|1699060969\n|switch|p1a: Darkrai|Darkrai|10\/100\n|move|p2a: House|Foul Play|p1a: Darkrai\n|-resisted|p1a: Darkrai\n|-damage|p1a: Darkrai|5\/100\n|\n|-heal|p2a: House|54\/100 brn|[from] item: Leftovers\n|-damage|p2a: House|48\/100 brn|[from] brn\n|upkeep\n|turn|39\n|\n|t:|1699060982\n|move|p1a: Darkrai|Dark Pulse|p2a: House\n|-resisted|p2a: House\n|-damage|p2a: House|36\/100 brn\n|move|p2a: House|Foul Play|p1a: Darkrai\n|-resisted|p1a: Darkrai\n|-damage|p1a: Darkrai|0 fnt\n|faint|p1a: Darkrai\n|\n|-heal|p2a: House|42\/100 brn|[from] item: Leftovers\n|-damage|p2a: House|36\/100 brn|[from] brn\n|upkeep\n|\n|t:|1699060995\n|switch|p1a: Arceus|Arceus, tera:Ghost|9\/100\n|turn|40\n|\n|t:|1699061001\n|move|p2a: House|Foul Play|p1a: Arceus\n|-supereffective|p1a: Arceus\n|-damage|p1a: Arceus|0 fnt\n|faint|p1a: Arceus\n|\n|-heal|p2a: House|42\/100 brn|[from] item: Leftovers\n|-damage|p2a: House|36\/100 brn|[from] brn\n|-sideend|p2: Miso678|move: Light Screen\n|upkeep\n|\n|t:|1699061010\n|switch|p1a: Lugia|Lugia|65\/100\n|turn|41\n|\n|t:|1699061015\n|move|p2a: House|Light Screen|p2a: House\n|-sidestart|p2: Miso678|move: Light Screen\n|move|p1a: Lugia|Brine|p2a: House\n|-damage|p2a: House|16\/100 brn\n|\n|-heal|p2a: House|22\/100 brn|[from] item: Leftovers\n|-damage|p2a: House|16\/100 brn|[from] brn\n|upkeep\n|turn|42\n|\n|t:|1699061023\n|switch|p2a: Nugget|Meganium, M|100\/100\n|move|p1a: Lugia|Brine|p2a: Nugget\n|-resisted|p2a: Nugget\n|-crit|p2a: Nugget\n|-damage|p2a: Nugget|85\/100\n|\n|-heal|p2a: Nugget|91\/100|[from] item: Leftovers\n|upkeep\n|turn|43\n|-message|wizardofballs forfeited.\n|\n|win|Miso678\n|raw|wizardofballs's rating: 1278 &rarr; <strong>1244<\/strong><br \/>(-34 for losing)\n|raw|Miso678's rating: 1154 &rarr; <strong>1188<\/strong><br \/>(+34 for winning)\n|l|\u2606wizardofballs\n","uploadtime":1699061039,"views":9,"p1id":"wizardofballs","p2id":"miso678","formatid":"gen9nationaldexubers","rating":1188,"private":0,"password":""}