{"id":"gen9nationaldexubers-1998692618","p1":"NebTheSylveon","p2":"HomieCromie","format":"[Gen 9] National Dex Ubers","log":"|j|\u2606NebTheSylveon\n|j|\u2606HomieCromie\n|t:|1700973361\n|gametype|singles\n|player|p1|NebTheSylveon|266|1041\n|player|p2|HomieCromie|emmet|1107\n|teamsize|p1|6\n|teamsize|p2|6\n|gen|9\n|tier|[Gen 9] National Dex Ubers\n|rated|\n|rule|HP Percentage Mod: HP is shown in percentages\n|rule|Endless Battle Clause: Forcing endless battles is banned\n|rule|OHKO Clause: OHKO moves are banned\n|rule|Evasion Moves Clause: Evasion moves are banned\n|rule|Evasion Items Clause: Evasion items are banned\n|rule|Species Clause: Limit one of each Pok\u00e9mon\n|rule|Sleep Clause Mod: Limit one foe put to sleep\n|rule|Mega Rayquaza Clause: You cannot mega evolve Rayquaza\n|clearpoke\n|poke|p1|Zygarde|\n|poke|p1|Banette, M|\n|poke|p1|Regieleki|\n|poke|p1|Garchomp, M|\n|poke|p1|Maushold-Four|\n|poke|p1|Iron Moth|\n|poke|p2|Gyarados, M|\n|poke|p2|Lugia|\n|poke|p2|Sneasler, M|\n|poke|p2|Necrozma|\n|poke|p2|Skeledirge, M|\n|poke|p2|Nihilego|\n|teampreview\n|\n|t:|1700973384\n|start\n|switch|p1a: Rat|Banette, M|100\/100\n|switch|p2a: Taste the rainbow|Nihilego, shiny|100\/100\n|turn|1\n|inactive|Battle timer is ON: inactive players will automatically lose when time's up. (requested by HomieCromie)\n|\n|t:|1700973390\n|move|p2a: Taste the rainbow|Meteor Beam||[still]\n|-prepare|p2a: Taste the rainbow|Meteor Beam\n|-boost|p2a: Taste the rainbow|spa|1\n|-enditem|p2a: Taste the rainbow|Power Herb\n|-anim|p2a: Taste the rainbow|Meteor Beam|p1a: Rat\n|-damage|p1a: Rat|0 fnt\n|faint|p1a: Rat\n|-ability|p2a: Taste the rainbow|Beast Boost|boost\n|-boost|p2a: Taste the rainbow|spa|1\n|\n|upkeep\n|c|\u2606NebTheSylveon|FUCK SPEED EV NIHILEGO\n|inactive|NebTheSylveon has 120 seconds left.\n|c|\u2606HomieCromie|LMAO\n|\n|t:|1700973430\n|switch|p1a: Fuck Shedinja|Zygarde|100\/100\n|turn|2\n|inactive|NebTheSylveon has 120 seconds left.\n|\n|t:|1700973458\n|move|p2a: Taste the rainbow|Psychic|p1a: Fuck Shedinja\n|-damage|p1a: Fuck Shedinja|67\/100\n|move|p1a: Fuck Shedinja|Thousand Arrows|p2a: Taste the rainbow\n|-supereffective|p2a: Taste the rainbow\n|-damage|p2a: Taste the rainbow|0 fnt\n|faint|p2a: Taste the rainbow\n|\n|upkeep\n|inactive|HomieCromie has 120 seconds left.\n|inactive|HomieCromie has 90 seconds left.\n|\n|t:|1700973499\n|switch|p2a: Gyarados|Gyarados, M, shiny|100\/100\n|turn|3\n|\n|t:|1700973509\n|switch|p1a: no|Regieleki|100\/100\n|detailschange|p2a: Gyarados|Gyarados-Mega, M, shiny\n|-mega|p2a: Gyarados|Gyarados|Gyaradosite\n|-ability|p2a: Gyarados|Mold Breaker\n|move|p2a: Gyarados|Dragon Dance|p2a: Gyarados\n|-boost|p2a: Gyarados|atk|1\n|-boost|p2a: Gyarados|spe|1\n|\n|upkeep\n|turn|4\n|\n|t:|1700973523\n|-terastallize|p1a: no|Electric\n|move|p1a: no|Electro Ball|p2a: Gyarados\n|-supereffective|p2a: Gyarados\n|-damage|p2a: Gyarados|3\/100\n|-damage|p1a: no|91\/100|[from] item: Life Orb\n|move|p2a: Gyarados|Earthquake|p1a: no\n|-supereffective|p1a: no\n|-damage|p1a: no|0 fnt\n|faint|p1a: no\n|\n|upkeep\n|c|\u2606NebTheSylveon|GOD DAMNIT\n|inactive|NebTheSylveon has 120 seconds left.\n|\n|t:|1700973548\n|switch|p1a: Fuck Shedinja|Zygarde|67\/100\n|turn|5\n|\n|t:|1700973562\n|move|p1a: Fuck Shedinja|Extreme Speed|p2a: Gyarados\n|-damage|p2a: Gyarados|0 fnt\n|faint|p2a: Gyarados\n|\n|upkeep\n|\n|t:|1700973574\n|switch|p2a: alliGYATor|Skeledirge, M|100\/100\n|turn|6\n|c|\u2606HomieCromie|screw you\n|\n|t:|1700973589\n|switch|p1a: moff|Iron Moth|100\/100\n|move|p2a: alliGYATor|Shadow Ball|p1a: moff\n|-damage|p1a: moff|63\/100\n|\n|upkeep\n|turn|7\n|\n|t:|1700973599\n|move|p1a: moff|Toxic Spikes|p2a: alliGYATor\n|-sidestart|p2: HomieCromie|move: Toxic Spikes\n|move|p2a: alliGYATor|Earth Power|p1a: moff\n|-supereffective|p1a: moff\n|-damage|p1a: moff|0 fnt\n|faint|p1a: moff\n|-end|p1a: moff|Quark Drive|[silent]\n|\n|upkeep\n|\n|t:|1700973612\n|switch|p1a: Fuck Shedinja|Zygarde|67\/100\n|turn|8\n|inactive|HomieCromie has 120 seconds left.\n|\n|t:|1700973617\n|move|p1a: Fuck Shedinja|Thousand Arrows|p2a: alliGYATor\n|-supereffective|p2a: alliGYATor\n|-crit|p2a: alliGYATor\n|-damage|p2a: alliGYATor|0 fnt\n|faint|p2a: alliGYATor\n|\n|upkeep\n|inactive|HomieCromie has 120 seconds left.\n|\n|t:|1700973624\n|switch|p2a: Lugia|Lugia|100\/100\n|turn|9\n|\n|t:|1700973645\n|move|p2a: Lugia|Calm Mind|p2a: Lugia\n|-boost|p2a: Lugia|spa|1\n|-boost|p2a: Lugia|spd|1\n|move|p1a: Fuck Shedinja|Outrage|p2a: Lugia\n|-damage|p2a: Lugia|81\/100\n|\n|upkeep\n|turn|10\n|\n|t:|1700973654\n|move|p2a: Lugia|Aeroblast|p1a: Fuck Shedinja\n|-damage|p1a: Fuck Shedinja|25\/100\n|move|p1a: Fuck Shedinja|Outrage|p2a: Lugia|[from]lockedmove\n|-damage|p2a: Lugia|44\/100\n|\n|-activate|p1a: Fuck Shedinja|ability: Power Construct\n|detailschange|p1a: Fuck Shedinja|Zygarde-Complete\n|-heal|p1a: Fuck Shedinja|51\/100|[silent]\n|upkeep\n|turn|11\n|\n|t:|1700973666\n|move|p2a: Lugia|Aeroblast|p1a: Fuck Shedinja\n|-damage|p1a: Fuck Shedinja|23\/100\n|move|p1a: Fuck Shedinja|Outrage|p2a: Lugia|[from]lockedmove\n|-damage|p2a: Lugia|7\/100\n|-start|p1a: Fuck Shedinja|confusion|[fatigue]\n|\n|upkeep\n|turn|12\n|\n|t:|1700973674\n|-activate|p1a: Fuck Shedinja|confusion\n|move|p1a: Fuck Shedinja|Extreme Speed|p2a: Lugia\n|-damage|p2a: Lugia|0 fnt\n|faint|p2a: Lugia\n|\n|upkeep\n|\n|t:|1700973681\n|switch|p2a: PersonToucher|Sneasler, M|100\/100\n|-sideend|p2: HomieCromie|move: Toxic Spikes|[of] p2a: PersonToucher\n|turn|13\n|\n|t:|1700973703\n|move|p2a: PersonToucher|Dire Claw|p1a: Fuck Shedinja\n|-resisted|p1a: Fuck Shedinja\n|-damage|p1a: Fuck Shedinja|12\/100\n|-status|p1a: Fuck Shedinja|psn\n|-activate|p1a: Fuck Shedinja|confusion\n|move|p1a: Fuck Shedinja|Thousand Arrows|p2a: PersonToucher\n|-supereffective|p2a: PersonToucher\n|-enditem|p2a: PersonToucher|Focus Sash\n|-damage|p2a: PersonToucher|1\/100\n|\n|-damage|p1a: Fuck Shedinja|0 fnt|[from] psn\n|faint|p1a: Fuck Shedinja\n|upkeep\n|\n|t:|1700973720\n|switch|p1a: meh|Garchomp, M|100\/100\n|turn|14\n|\n|t:|1700973731\n|move|p2a: PersonToucher|Acrobatics|p1a: meh\n|-damage|p1a: meh|61\/100\n|-damage|p2a: PersonToucher|0 fnt|[from] ability: Rough Skin|[of] p1a: meh\n|faint|p2a: PersonToucher\n|move|p1a: meh|Liquidation|p2: PersonToucher|[notarget]\n|-fail|p1a: meh\n|\n|upkeep\n|\n|t:|1700973735\n|switch|p2a: Lio De Galon|Necrozma, shiny|100\/100\n|turn|15\n|\n|t:|1700973744\n|move|p1a: meh|Liquidation|p2a: Lio De Galon\n|-damage|p2a: Lio De Galon|57\/100\n|move|p2a: Lio De Galon|Photon Geyser|p1a: meh\n|-damage|p1a: meh|9\/100\n|\n|upkeep\n|turn|16\n|\n|t:|1700973753\n|move|p1a: meh|Liquidation|p2a: Lio De Galon\n|-damage|p2a: Lio De Galon|9\/100\n|-zpower|p2a: Lio De Galon\n|move|p2a: Lio De Galon|Inferno Overdrive|p1a: meh|[zeffect]\n|-resisted|p1a: meh\n|-damage|p1a: meh|0 fnt\n|faint|p1a: meh\n|\n|upkeep\n|\n|t:|1700973763\n|switch|p1a: Rats (Plural)|Maushold-Four|100\/100\n|turn|17\n|\n|t:|1700973771\n|move|p1a: Rats (Plural)|Population Bomb|p2a: Lio De Galon|[miss]\n|-miss|p1a: Rats (Plural)|p2a: Lio De Galon\n|move|p2a: Lio De Galon|Moonlight|p2a: Lio De Galon\n|-heal|p2a: Lio De Galon|59\/100\n|\n|upkeep\n|turn|18\n|c|\u2606NebTheSylveon|bruh lmao\n|\n|t:|1700973785\n|move|p1a: Rats (Plural)|Population Bomb|p2a: Lio De Galon\n|-damage|p2a: Lio De Galon|46\/100\n|-damage|p2a: Lio De Galon|35\/100\n|-damage|p2a: Lio De Galon|23\/100\n|-damage|p2a: Lio De Galon|11\/100\n|-crit|p2a: Lio De Galon\n|-damage|p2a: Lio De Galon|0 fnt\n|faint|p2a: Lio De Galon\n|-hitcount|p2: Lio De Galon|5\n|\n|win|NebTheSylveon\n|raw|NebTheSylveon's rating: 1041 &rarr; <strong>1081<\/strong><br \/>(+40 for winning)\n|raw|HomieCromie's rating: 1107 &rarr; <strong>1077<\/strong><br \/>(-30 for losing)\n|l|\u2606HomieCromie\n|c|\u2606NebTheSylveon|gg\n","uploadtime":1700973802,"views":1,"p1id":"nebthesylveon","p2id":"homiecromie","formatid":"gen9nationaldexubers","rating":1077,"private":0,"password":""}