{"id":"gen9nationaldexubers-1989854888","p1":"Killerkid1208","p2":"fancyostriches","format":"[Gen 9] National Dex Ubers","log":"|j|\u2606Killerkid1208\n|j|\u2606fancyostriches\n|t:|1699901319\n|gametype|singles\n|player|p1|Killerkid1208|101|\n|player|p2|fancyostriches|pokemaniac|\n|teamsize|p1|6\n|teamsize|p2|6\n|gen|9\n|tier|[Gen 9] National Dex Ubers\n|rule|HP Percentage Mod: HP is shown in percentages\n|rule|Endless Battle Clause: Forcing endless battles is banned\n|rule|OHKO Clause: OHKO moves are banned\n|rule|Evasion Moves Clause: Evasion moves are banned\n|rule|Evasion Items Clause: Evasion items are banned\n|rule|Species Clause: Limit one of each Pok\u00e9mon\n|rule|Sleep Clause Mod: Limit one foe put to sleep\n|rule|Mega Rayquaza Clause: You cannot mega evolve Rayquaza\n|clearpoke\n|poke|p1|Kilowattrel, F|\n|poke|p1|Gholdengo|\n|poke|p1|Charizard, M|\n|poke|p1|Milotic, F|\n|poke|p1|Umbreon, M|\n|poke|p1|Serperior, F|\n|poke|p2|Venomoth, F|\n|poke|p2|Uxie|\n|poke|p2|Quaquaval, M|\n|poke|p2|Minior-Green|\n|poke|p2|Decidueye-Hisui, M|\n|poke|p2|Slowbro-Galar, F|\n|teampreview\n|\n|t:|1699901340\n|start\n|switch|p1a: Serperior|Serperior, F|100\/100\n|switch|p2a: Uxie|Uxie|100\/100\n|turn|1\n|\n|t:|1699901353\n|move|p1a: Serperior|Substitute|p1a: Serperior\n|-start|p1a: Serperior|Substitute\n|-damage|p1a: Serperior|75\/100\n|move|p2a: Uxie|Light Screen|p2a: Uxie\n|-sidestart|p2: fancyostriches|move: Light Screen\n|\n|-heal|p1a: Serperior|82\/100|[from] item: Leftovers\n|upkeep\n|turn|2\n|\n|t:|1699901406\n|switch|p2a: Slowbro|Slowbro-Galar, F|100\/100\n|move|p1a: Serperior|Leaf Storm|p2a: Slowbro\n|-resisted|p2a: Slowbro\n|-damage|p2a: Slowbro|93\/100\n|-boost|p1a: Serperior|spa|2\n|\n|-heal|p1a: Serperior|88\/100|[from] item: Leftovers\n|upkeep\n|turn|3\n|\n|t:|1699901446\n|move|p1a: Serperior|Glare|p2a: Slowbro\n|-status|p2a: Slowbro|par\n|move|p2a: Slowbro|Belly Drum|p2a: Slowbro\n|-damage|p2a: Slowbro|43\/100 par\n|-setboost|p2a: Slowbro|atk|6|[from] move: Belly Drum\n|-enditem|p2a: Slowbro|Sitrus Berry|[eat]\n|-heal|p2a: Slowbro|68\/100 par|[from] item: Sitrus Berry\n|\n|-heal|p1a: Serperior|94\/100|[from] item: Leftovers\n|upkeep\n|turn|4\n|-activate|p2a: Slowbro|ability: Quick Draw\n|\n|t:|1699901457\n|move|p2a: Slowbro|Shell Side Arm|p1a: Serperior|[anim] Shell Side Arm Physical\n|-supereffective|p1a: Serperior\n|-end|p1a: Serperior|Substitute\n|-hint|Physical Shell Side Arm\n|move|p1a: Serperior|Leaf Storm|p2a: Slowbro\n|-resisted|p2a: Slowbro\n|-damage|p2a: Slowbro|53\/100 par\n|-boost|p1a: Serperior|spa|2\n|\n|-heal|p1a: Serperior|99\/100|[from] item: Leftovers\n|upkeep\n|turn|5\n|\n|t:|1699901512\n|move|p1a: Serperior|Substitute|p1a: Serperior\n|-start|p1a: Serperior|Substitute\n|-damage|p1a: Serperior|75\/100\n|cant|p2a: Slowbro|par\n|\n|-heal|p1a: Serperior|81\/100|[from] item: Leftovers\n|upkeep\n|turn|6\n|\n|t:|1699901524\n|move|p1a: Serperior|Leaf Storm|p2a: Slowbro\n|-resisted|p2a: Slowbro\n|-damage|p2a: Slowbro|32\/100 par\n|-boost|p1a: Serperior|spa|2\n|move|p2a: Slowbro|Shell Side Arm|p1a: Serperior|[anim] Shell Side Arm Physical\n|-supereffective|p1a: Serperior\n|-end|p1a: Serperior|Substitute\n|-hint|Physical Shell Side Arm\n|\n|-heal|p1a: Serperior|87\/100|[from] item: Leftovers\n|upkeep\n|turn|7\n|\n|t:|1699901540\n|-terastallize|p2a: Slowbro|Poison\n|move|p1a: Serperior|Hidden Power|p2a: Slowbro\n|-damage|p2a: Slowbro|13\/100 par\n|move|p2a: Slowbro|Shell Side Arm|p1a: Serperior|[anim] Shell Side Arm Physical\n|-supereffective|p1a: Serperior\n|-damage|p1a: Serperior|0 fnt\n|-hint|Physical Shell Side Arm\n|faint|p1a: Serperior\n|\n|upkeep\n|\n|t:|1699901573\n|switch|p1a: Milotic|Milotic, F|100\/100\n|turn|8\n|\n|t:|1699901616\n|move|p1a: Milotic|Scald|p2a: Slowbro\n|-damage|p2a: Slowbro|0 fnt\n|faint|p2a: Slowbro\n|\n|-sideend|p2: fancyostriches|move: Light Screen\n|upkeep\n|\n|t:|1699901644\n|switch|p2a: Decidueye|Decidueye-Hisui, M|100\/100\n|turn|9\n|\n|t:|1699901652\n|move|p2a: Decidueye|Swords Dance|p2a: Decidueye\n|-boost|p2a: Decidueye|atk|2\n|move|p1a: Milotic|Toxic|p2a: Decidueye\n|-status|p2a: Decidueye|tox\n|\n|-damage|p2a: Decidueye|95\/100 tox|[from] psn\n|upkeep\n|turn|10\n|\n|t:|1699901662\n|move|p2a: Decidueye|Trailblaze|p1a: Milotic\n|-supereffective|p1a: Milotic\n|-damage|p1a: Milotic|26\/100\n|-boost|p2a: Decidueye|spe|1\n|move|p1a: Milotic|Ice Beam|p2a: Decidueye\n|-supereffective|p2a: Decidueye\n|-damage|p2a: Decidueye|48\/100 tox\n|-enditem|p2a: Decidueye|Weakness Policy\n|-boost|p2a: Decidueye|atk|2|[from] item: Weakness Policy\n|-boost|p2a: Decidueye|spa|2|[from] item: Weakness Policy\n|\n|-heal|p1a: Milotic|32\/100|[from] item: Leftovers\n|-damage|p2a: Decidueye|36\/100 tox|[from] psn\n|upkeep\n|turn|11\n|\n|t:|1699901677\n|move|p2a: Decidueye|Trailblaze|p1a: Milotic\n|-supereffective|p1a: Milotic\n|-damage|p1a: Milotic|0 fnt\n|-boost|p2a: Decidueye|spe|1\n|faint|p1a: Milotic\n|\n|-damage|p2a: Decidueye|18\/100 tox|[from] psn\n|upkeep\n|\n|t:|1699901715\n|switch|p1a: Umbreon|Umbreon, M|100\/100\n|turn|12\n|\n|t:|1699901723\n|switch|p1a: Gholdengo|Gholdengo|100\/100\n|move|p2a: Decidueye|Triple Arrows|p1a: Gholdengo\n|-supereffective|p1a: Gholdengo\n|-damage|p1a: Gholdengo|0 fnt\n|faint|p1a: Gholdengo\n|\n|-damage|p2a: Decidueye|0 fnt|[from] psn\n|faint|p2a: Decidueye\n|upkeep\n|\n|t:|1699901749\n|switch|p1a: Kilowattrel|Kilowattrel, F|100\/100\n|switch|p2a: Uxie|Uxie|100\/100\n|turn|13\n|\n|t:|1699901787\n|move|p1a: Kilowattrel|Thunderbolt|p2a: Uxie\n|-damage|p2a: Uxie|61\/100\n|move|p2a: Uxie|Stealth Rock|p1a: Kilowattrel\n|-sidestart|p1: Killerkid1208|move: Stealth Rock\n|\n|upkeep\n|turn|14\n|\n|t:|1699901796\n|move|p1a: Kilowattrel|Thunderbolt|p2a: Uxie\n|-damage|p2a: Uxie|17\/100\n|move|p2a: Uxie|Light Screen|p2a: Uxie\n|-sidestart|p2: fancyostriches|move: Light Screen\n|\n|upkeep\n|turn|15\n|\n|t:|1699901802\n|move|p1a: Kilowattrel|Thunderbolt|p2a: Uxie\n|-damage|p2a: Uxie|0 fnt\n|faint|p2a: Uxie\n|\n|upkeep\n|\n|t:|1699901808\n|switch|p2a: Quaquaval|Quaquaval, M|100\/100\n|turn|16\n|\n|t:|1699901824\n|-terastallize|p1a: Kilowattrel|Steel\n|move|p1a: Kilowattrel|Thunderbolt|p2a: Quaquaval\n|-supereffective|p2a: Quaquaval\n|-damage|p2a: Quaquaval|11\/100\n|-enditem|p2a: Quaquaval|Weakness Policy\n|-boost|p2a: Quaquaval|atk|2|[from] item: Weakness Policy\n|-boost|p2a: Quaquaval|spa|2|[from] item: Weakness Policy\n|move|p2a: Quaquaval|Aqua Step|p1a: Kilowattrel\n|-damage|p1a: Kilowattrel|0 fnt\n|-boost|p2a: Quaquaval|spe|1\n|faint|p1a: Kilowattrel\n|-ability|p2a: Quaquaval|Moxie|boost\n|-boost|p2a: Quaquaval|atk|1\n|\n|upkeep\n|\n|t:|1699901837\n|switch|p1a: Umbreon|Umbreon, M|100\/100\n|-damage|p1a: Umbreon|88\/100|[from] Stealth Rock\n|turn|17\n|\n|t:|1699901846\n|move|p2a: Quaquaval|Close Combat|p1a: Umbreon\n|-supereffective|p1a: Umbreon\n|-damage|p1a: Umbreon|0 fnt\n|-unboost|p2a: Quaquaval|def|1\n|-unboost|p2a: Quaquaval|spd|1\n|-damage|p2a: Quaquaval|0 fnt|[from] item: Rocky Helmet|[of] p1a: Umbreon\n|faint|p1a: Umbreon\n|faint|p2a: Quaquaval\n|\n|upkeep\n|\n|t:|1699901861\n|switch|p2a: Minior|Minior-Green|100\/100\n|switch|p1a: Charizard|Charizard, M|100\/100\n|-damage|p1a: Charizard|50\/100|[from] Stealth Rock\n|-formechange|p2a: Minior|Minior-Meteor||[from] ability: Shields Down\n|turn|18\n|\n|t:|1699901871\n|detailschange|p1a: Charizard|Charizard-Mega-X, M\n|-mega|p1a: Charizard|Charizard|Charizardite X\n|move|p1a: Charizard|Roost|p1a: Charizard\n|-heal|p1a: Charizard|100\/100\n|-singleturn|p1a: Charizard|move: Roost\n|move|p2a: Minior|Power Gem|p1a: Charizard\n|-supereffective|p1a: Charizard\n|-damage|p1a: Charizard|35\/100\n|\n|upkeep\n|turn|19\n|\n|t:|1699901890\n|move|p1a: Charizard|Flare Blitz|p2a: Minior\n|-resisted|p2a: Minior\n|-damage|p2a: Minior|52\/100\n|-damage|p1a: Charizard|21\/100|[from] Recoil\n|move|p2a: Minior|Power Gem|p1a: Charizard\n|-supereffective|p1a: Charizard\n|-crit|p1a: Charizard\n|-damage|p1a: Charizard|0 fnt\n|faint|p1a: Charizard\n|\n|win|fancyostriches\n|l|\u2606Killerkid1208\n","uploadtime":1699901923,"views":10,"p1id":"killerkid1208","p2id":"fancyostriches","formatid":"gen9nationaldexubers","rating":0,"private":0,"password":""}