{"id":"gen9nationaldexubers-1998059520","p1":"Yannykai","p2":"Iyandelian","format":"[Gen 9] National Dex Ubers","log":"|j|\u2606Yannykai\n|j|\u2606Iyandelian\n|t:|1700885091\n|gametype|singles\n|player|p1|Yannykai|nate|\n|player|p2|Iyandelian|depotagent|\n|teamsize|p1|6\n|teamsize|p2|6\n|gen|9\n|tier|[Gen 9] National Dex Ubers\n|rule|HP Percentage Mod: HP is shown in percentages\n|rule|Endless Battle Clause: Forcing endless battles is banned\n|rule|OHKO Clause: OHKO moves are banned\n|rule|Evasion Moves Clause: Evasion moves are banned\n|rule|Evasion Items Clause: Evasion items are banned\n|rule|Species Clause: Limit one of each Pok\u00e9mon\n|rule|Sleep Clause Mod: Limit one foe put to sleep\n|rule|Mega Rayquaza Clause: You cannot mega evolve Rayquaza\n|clearpoke\n|poke|p1|Mew|\n|poke|p1|Altaria, M|\n|poke|p1|Celebi|\n|poke|p1|Goodra-Hisui, F|\n|poke|p1|Maushold-Four|\n|poke|p1|Skeledirge, M|\n|poke|p2|Chandelure, F|\n|poke|p2|Feraligatr, M|\n|poke|p2|Mawile, M|\n|poke|p2|Kommo-o, M|\n|poke|p2|Rotom-Wash|\n|poke|p2|Kilowattrel, F|\n|teampreview\n|c|\u2606Iyandelian|gl and hf\n|c|\u2606Yannykai|I'm sorry Porygon isn't responding\n|c|\u2606Iyandelian|i can try\n|c|\u2606Yannykai|I'd appreciate that\n|c|\u2606Iyandelian|didnt work for me either, backup plan time\n|j| birdnie\n|\n|t:|1700885302\n|start\n|switch|p1a: Brigette|Celebi, shiny|100\/100\n|switch|p2a: Saki|Mawile, M|100\/100\n|-ability|p2a: Saki|Intimidate|boost\n|-unboost|p1a: Brigette|atk|1\n|turn|1\n|c|\u2606Yannykai|Alrighty then\n|c| birdnie|good luck friends\n|\n|t:|1700885325\n|detailschange|p2a: Saki|Mawile-Mega, M\n|-mega|p2a: Saki|Mawile|Mawilite\n|move|p2a: Saki|Sucker Punch||[still]\n|-fail|p2a: Saki\n|move|p1a: Brigette|Stealth Rock|p2a: Saki\n|-sidestart|p2: Iyandelian|move: Stealth Rock\n|\n|upkeep\n|turn|2\n|\n|t:|1700885340\n|move|p1a: Brigette|U-turn|p2a: Saki\n|-resisted|p2a: Saki\n|-damage|p2a: Saki|98\/100\n|\n|t:|1700885344\n|switch|p1a: Beloved Snail|Goodra-Hisui, F, shiny|100\/100|[from] U-turn\n|move|p2a: Saki|Iron Head|p1a: Beloved Snail\n|-resisted|p1a: Beloved Snail\n|-damage|p1a: Beloved Snail|60\/100\n|-ability|p1a: Beloved Snail|Gooey\n|-unboost|p2a: Saki|spe|1\n|\n|upkeep\n|turn|3\n|\n|t:|1700885370\n|switch|p2a: Gleam|Rotom-Wash|100\/100\n|-damage|p2a: Gleam|88\/100|[from] Stealth Rock\n|move|p1a: Beloved Snail|Flamethrower|p2a: Gleam\n|-resisted|p2a: Gleam\n|-damage|p2a: Gleam|76\/100\n|\n|-heal|p2a: Gleam|83\/100|[from] item: Leftovers\n|upkeep\n|turn|4\n|j| Hnard\n|\n|t:|1700885405\n|move|p2a: Gleam|Defog|p1a: Beloved Snail\n|-unboost|p1a: Beloved Snail|evasion|1\n|-sideend|p2: Iyandelian|Stealth Rock|[from] move: Defog|[of] p2a: Gleam\n|move|p1a: Beloved Snail|Dragon Pulse|p2a: Gleam\n|-damage|p2a: Gleam|48\/100\n|\n|-heal|p2a: Gleam|54\/100|[from] item: Leftovers\n|upkeep\n|turn|5\n|\n|t:|1700885428\n|move|p2a: Gleam|Protect|p2a: Gleam\n|-singleturn|p2a: Gleam|Protect\n|move|p1a: Beloved Snail|Dragon Pulse|p2a: Gleam\n|-activate|p2a: Gleam|move: Protect\n|\n|-heal|p2a: Gleam|60\/100|[from] item: Leftovers\n|upkeep\n|turn|6\n|\n|t:|1700885447\n|move|p2a: Gleam|Volt Switch|p1a: Beloved Snail\n|-resisted|p1a: Beloved Snail\n|-damage|p1a: Beloved Snail|52\/100\n|\n|t:|1700885453\n|switch|p2a: Haberdausch|Kommo-o, M|100\/100|[from] Volt Switch\n|move|p1a: Beloved Snail|Ice Beam|p2a: Haberdausch\n|-supereffective|p2a: Haberdausch\n|-crit|p2a: Haberdausch\n|-damage|p2a: Haberdausch|0 fnt\n|faint|p2a: Haberdausch\n|\n|upkeep\n|\n|t:|1700885467\n|switch|p2a: conci-urge|Chandelure, F|100\/100\n|turn|7\n|\n|t:|1700885504\n|move|p1a: Beloved Snail|Flash Cannon|p2a: conci-urge\n|-resisted|p2a: conci-urge\n|-damage|p2a: conci-urge|81\/100\n|move|p2a: conci-urge|Trick Room|p2a: conci-urge\n|-fieldstart|move: Trick Room|[of] p2a: conci-urge\n|\n|upkeep\n|turn|8\n|\n|t:|1700885517\n|move|p1a: Beloved Snail|Dragon Pulse|p2a: conci-urge\n|-damage|p2a: conci-urge|37\/100\n|move|p2a: conci-urge|Flamethrower|p1a: Beloved Snail\n|-damage|p1a: Beloved Snail|17\/100\n|\n|upkeep\n|turn|9\n|\n|t:|1700885545\n|switch|p2a: Saki|Mawile-Mega, M|98\/100\n|move|p1a: Beloved Snail|Dragon Pulse|p2a: Saki\n|-immune|p2a: Saki\n|\n|upkeep\n|turn|10\n|\n|t:|1700885556\n|move|p2a: Saki|Play Rough|p1a: Beloved Snail\n|-damage|p1a: Beloved Snail|0 fnt\n|-ability|p1a: Beloved Snail|Gooey\n|-unboost|p2a: Saki|spe|1\n|faint|p1a: Beloved Snail\n|\n|upkeep\n|j| dlrrpu\n|\n|t:|1700885572\n|switch|p1a: Skelly|Skeledirge, M, shiny|100\/100\n|turn|11\n|-activate|p1a: Skelly|item: Quick Claw\n|\n|t:|1700885585\n|move|p2a: Saki|Sucker Punch|p1a: Skelly\n|-supereffective|p1a: Skelly\n|-damage|p1a: Skelly|23\/100\n|move|p1a: Skelly|Earth Power|p2a: Saki\n|-supereffective|p2a: Saki\n|-damage|p2a: Saki|23\/100\n|\n|-fieldend|move: Trick Room\n|upkeep\n|turn|12\n|\n|t:|1700885608\n|move|p2a: Saki|Sucker Punch|p1a: Skelly\n|-supereffective|p1a: Skelly\n|-damage|p1a: Skelly|0 fnt\n|faint|p1a: Skelly\n|\n|upkeep\n|\n|t:|1700885645\n|switch|p1a: Cloud Berd|Altaria, M, shiny|100\/100\n|turn|13\n|\n|t:|1700885681\n|switch|p2a: Dearth|Feraligatr, M|100\/100\n|detailschange|p1a: Cloud Berd|Altaria-Mega, M, shiny\n|-mega|p1a: Cloud Berd|Altaria|Altarianite\n|move|p1a: Cloud Berd|Dragon Dance|p1a: Cloud Berd\n|-boost|p1a: Cloud Berd|atk|1\n|-boost|p1a: Cloud Berd|spe|1\n|\n|upkeep\n|turn|14\n|\n|t:|1700885701\n|switch|p1a: Modest Mice|Maushold-Four, shiny|100\/100\n|move|p2a: Dearth|Ice Punch|p1a: Modest Mice\n|-damage|p1a: Modest Mice|36\/100\n|\n|upkeep\n|turn|15\n|\n|t:|1700885717\n|move|p1a: Modest Mice|Bullet Seed|p2a: Dearth\n|-supereffective|p2a: Dearth\n|-damage|p2a: Dearth|84\/100\n|-supereffective|p2a: Dearth\n|-damage|p2a: Dearth|68\/100\n|-supereffective|p2a: Dearth\n|-damage|p2a: Dearth|54\/100\n|-supereffective|p2a: Dearth\n|-damage|p2a: Dearth|39\/100\n|-hitcount|p2a: Dearth|4\n|move|p2a: Dearth|Crunch|p1a: Modest Mice\n|-damage|p1a: Modest Mice|0 fnt\n|faint|p1a: Modest Mice\n|\n|upkeep\n|\n|t:|1700885750\n|switch|p1a: Brigette|Celebi, shiny|100\/100\n|turn|16\n|\n|t:|1700885767\n|switch|p2a: conci-urge|Chandelure, F|37\/100\n|move|p1a: Brigette|Psycho Cut|p2a: conci-urge\n|-damage|p2a: conci-urge|0 fnt\n|faint|p2a: conci-urge\n|\n|upkeep\n|\n|t:|1700885776\n|switch|p2a: R-36M2|Kilowattrel, F|100\/100\n|turn|17\n|\n|t:|1700885808\n|move|p2a: R-36M2|U-turn|p1a: Brigette\n|-supereffective|p1a: Brigette\n|-damage|p1a: Brigette|56\/100\n|\n|t:|1700885815\n|switch|p2a: Gleam|Rotom-Wash|60\/100|[from] U-turn\n|move|p1a: Brigette|Psycho Cut|p2a: Gleam\n|-damage|p2a: Gleam|30\/100\n|-heal|p1a: Brigette|59\/100|[from] item: Shell Bell|[of] p2a: Gleam\n|\n|-heal|p2a: Gleam|37\/100|[from] item: Leftovers\n|upkeep\n|turn|18\n|\n|t:|1700885835\n|move|p2a: Gleam|Protect|p2a: Gleam\n|-singleturn|p2a: Gleam|Protect\n|move|p1a: Brigette|Leaf Blade|p2a: Gleam\n|-activate|p2a: Gleam|move: Protect\n|\n|-heal|p2a: Gleam|43\/100|[from] item: Leftovers\n|upkeep\n|turn|19\n|\n|t:|1700885862\n|switch|p2a: Saki|Mawile-Mega, M|23\/100\n|move|p1a: Brigette|U-turn|p2a: Saki\n|-resisted|p2a: Saki\n|-damage|p2a: Saki|18\/100\n|-heal|p1a: Brigette|59\/100|[from] item: Shell Bell|[of] p2a: Saki\n|\n|t:|1700885872\n|switch|p1a: Cloud Berd|Altaria-Mega, M, shiny|100\/100|[from] U-turn\n|\n|upkeep\n|turn|20\n|\n|t:|1700885893\n|move|p1a: Cloud Berd|Body Slam|p2a: Saki\n|-resisted|p2a: Saki\n|-damage|p2a: Saki|0 fnt\n|faint|p2a: Saki\n|\n|upkeep\n|\n|t:|1700885899\n|switch|p2a: R-36M2|Kilowattrel, F|100\/100\n|turn|21\n|\n|t:|1700885929\n|move|p2a: R-36M2|Tailwind|p2a: R-36M2\n|-sidestart|p2: Iyandelian|move: Tailwind\n|move|p1a: Cloud Berd|Body Slam|p2a: R-36M2\n|-crit|p2a: R-36M2\n|-damage|p2a: R-36M2|0 fnt\n|faint|p2a: R-36M2\n|\n|upkeep\n|\n|t:|1700885937\n|switch|p2a: Dearth|Feraligatr, M|39\/100\n|turn|22\n|\n|t:|1700885947\n|move|p2a: Dearth|Ice Punch|p1a: Cloud Berd\n|-supereffective|p1a: Cloud Berd\n|-damage|p1a: Cloud Berd|12\/100\n|move|p1a: Cloud Berd|Earthquake|p2a: Dearth\n|-damage|p2a: Dearth|8\/100\n|\n|upkeep\n|turn|23\n|\n|t:|1700885963\n|move|p2a: Dearth|Ice Punch|p1a: Cloud Berd\n|-supereffective|p1a: Cloud Berd\n|-damage|p1a: Cloud Berd|0 fnt\n|faint|p1a: Cloud Berd\n|\n|upkeep\n|\n|t:|1700885968\n|switch|p1a: Brigette|Celebi, shiny|59\/100\n|turn|24\n|\n|t:|1700885973\n|move|p2a: Dearth|Crunch|p1a: Brigette\n|-supereffective|p1a: Brigette\n|-damage|p1a: Brigette|0 fnt\n|faint|p1a: Brigette\n|\n|-sideend|p2: Iyandelian|move: Tailwind\n|upkeep\n|\n|t:|1700885980\n|switch|p1a: Thurston|Mew, shiny|100\/100\n|turn|25\n|\n|t:|1700885994\n|switch|p2a: Gleam|Rotom-Wash|43\/100\n|move|p1a: Thurston|Smack Down|p2a: Gleam\n|-damage|p2a: Gleam|25\/100\n|-start|p2a: Gleam|Smack Down\n|\n|-heal|p2a: Gleam|31\/100|[from] item: Leftovers\n|upkeep\n|turn|26\n|\n|t:|1700886008\n|move|p2a: Gleam|Protect|p2a: Gleam\n|-singleturn|p2a: Gleam|Protect\n|move|p1a: Thurston|Earthquake|p2a: Gleam\n|-activate|p2a: Gleam|move: Protect\n|\n|-heal|p2a: Gleam|38\/100|[from] item: Leftovers\n|upkeep\n|turn|27\n|\n|t:|1700886037\n|move|p1a: Thurston|Earthquake|p2a: Gleam\n|-supereffective|p2a: Gleam\n|-damage|p2a: Gleam|0 fnt\n|faint|p2a: Gleam\n|\n|upkeep\n|\n|t:|1700886042\n|switch|p2a: Dearth|Feraligatr, M|8\/100\n|turn|28\n|\n|t:|1700886048\n|move|p1a: Thurston|Earthquake|p2a: Dearth\n|-damage|p2a: Dearth|0 fnt\n|faint|p2a: Dearth\n|\n|win|Yannykai\n|c| birdnie|?????\n|c|\u2606Iyandelian|gg\n|c| birdnie|rotom has levitate tho rite\n|c|\u2606Yannykai|THURSTON!\n|c|\u2606Yannykai|GGs\n|c|\u2606Iyandelian|smack down tech\n|c| birdnie|OH\n|c|\u2606Yannykai|I used Smack Down to knock it down\n|c| birdnie|omg 5d chess\n|c|\u2606Yannykai|I love my space cat\n|c| Hnard|It was super cool!\n|c|\u2606Yannykai|Excellent battle\n|c|\u2606Yannykai|I was STRESSED\n|l| Hnard\n|c|\u2606Iyandelian|very close\n","uploadtime":1700886095,"views":36,"p1id":"yannykai","p2id":"iyandelian","formatid":"gen9nationaldexubers","rating":0,"private":0,"password":""}