{"id":"gen9nationaldexubers-1999040446","p1":"Scoto13","p2":"nepula12","format":"[Gen 9] National Dex Ubers","log":"|j|\u2606Scoto13\n|j|\u2606nepula12\n|t:|1701026772\n|gametype|singles\n|player|p1|Scoto13|266|1248\n|player|p2|nepula12|caitlin|1196\n|teamsize|p1|6\n|teamsize|p2|6\n|gen|9\n|tier|[Gen 9] National Dex Ubers\n|rated|\n|rule|HP Percentage Mod: HP is shown in percentages\n|rule|Endless Battle Clause: Forcing endless battles is banned\n|rule|OHKO Clause: OHKO moves are banned\n|rule|Evasion Moves Clause: Evasion moves are banned\n|rule|Evasion Items Clause: Evasion items are banned\n|rule|Species Clause: Limit one of each Pok\u00e9mon\n|rule|Sleep Clause Mod: Limit one foe put to sleep\n|rule|Mega Rayquaza Clause: You cannot mega evolve Rayquaza\n|clearpoke\n|poke|p1|Typhlosion-Hisui, F|\n|poke|p1|Ursaluna, M|\n|poke|p1|Rotom-Wash|\n|poke|p1|Krookodile, M|\n|poke|p1|Slowking-Galar, M|\n|poke|p1|Dragonite, M|\n|poke|p2|Heracross, F|\n|poke|p2|Walrein, F|\n|poke|p2|Eelektross, M|\n|poke|p2|Espathra, F|\n|poke|p2|Kingambit, F|\n|poke|p2|Tornadus, M|\n|teampreview\n|inactive|Battle timer is ON: inactive players will automatically lose when time's up. (requested by nepula12)\n|\n|t:|1701026782\n|start\n|switch|p1a: Krookodile|Krookodile, M|100\/100\n|switch|p2a: Walrein|Walrein, F|100\/100\n|-ability|p1a: Krookodile|Intimidate|boost\n|-unboost|p2a: Walrein|atk|1\n|turn|1\n|\n|t:|1701026786\n|move|p1a: Krookodile|Stealth Rock|p2a: Walrein\n|-sidestart|p2: nepula12|move: Stealth Rock\n|move|p2a: Walrein|Surf|p1a: Krookodile\n|-supereffective|p1a: Krookodile\n|-damage|p1a: Krookodile|0 fnt\n|faint|p1a: Krookodile\n|\n|upkeep\n|\n|t:|1701026796\n|switch|p1a: Slowking|Slowking-Galar, M|100\/100\n|turn|2\n|\n|t:|1701026799\n|move|p2a: Walrein|Stockpile|p2a: Walrein\n|-start|p2a: Walrein|stockpile1\n|-boost|p2a: Walrein|def|1\n|-boost|p2a: Walrein|spd|1\n|move|p1a: Slowking|Future Sight|p2a: Walrein\n|-start|p1a: Slowking|move: Future Sight\n|\n|upkeep\n|turn|3\n|\n|t:|1701026802\n|move|p2a: Walrein|Stockpile|p2a: Walrein\n|-start|p2a: Walrein|stockpile2\n|-boost|p2a: Walrein|def|1\n|-boost|p2a: Walrein|spd|1\n|move|p1a: Slowking|Sludge Bomb|p2a: Walrein\n|-damage|p2a: Walrein|84\/100\n|\n|-heal|p2a: Walrein|90\/100|[from] item: Leftovers\n|upkeep\n|turn|4\n|\n|t:|1701026805\n|move|p2a: Walrein|Stockpile|p2a: Walrein\n|-start|p2a: Walrein|stockpile3\n|-boost|p2a: Walrein|def|1\n|-boost|p2a: Walrein|spd|1\n|move|p1a: Slowking|Sludge Bomb|p2a: Walrein\n|-damage|p2a: Walrein|76\/100\n|\n|-end|p2a: Walrein|move: Future Sight\n|-damage|p2a: Walrein|60\/100\n|-heal|p2a: Walrein|66\/100|[from] item: Leftovers\n|upkeep\n|turn|5\n|\n|t:|1701026807\n|move|p2a: Walrein|Aqua Ring|p2a: Walrein\n|-start|p2a: Walrein|Aqua Ring\n|move|p1a: Slowking|Sludge Bomb|p2a: Walrein\n|-damage|p2a: Walrein|54\/100\n|\n|-heal|p2a: Walrein|60\/100|[from] item: Leftovers\n|-heal|p2a: Walrein|66\/100|[from] Aqua Ring\n|upkeep\n|turn|6\n|\n|t:|1701026814\n|move|p2a: Walrein|Echoed Voice|p1a: Slowking\n|-damage|p1a: Slowking|95\/100\n|move|p1a: Slowking|Sludge Bomb|p2a: Walrein\n|-damage|p2a: Walrein|52\/100\n|\n|-heal|p2a: Walrein|58\/100|[from] item: Leftovers\n|-heal|p2a: Walrein|64\/100|[from] Aqua Ring\n|upkeep\n|turn|7\n|\n|t:|1701026817\n|move|p2a: Walrein|Echoed Voice|p1a: Slowking\n|-damage|p1a: Slowking|83\/100\n|move|p1a: Slowking|Future Sight|p2a: Walrein\n|-start|p1a: Slowking|move: Future Sight\n|\n|-heal|p2a: Walrein|71\/100|[from] item: Leftovers\n|-heal|p2a: Walrein|77\/100|[from] Aqua Ring\n|upkeep\n|turn|8\n|\n|t:|1701026820\n|move|p2a: Walrein|Echoed Voice|p1a: Slowking\n|-damage|p1a: Slowking|69\/100\n|move|p1a: Slowking|Future Sight||[still]\n|-fail|p1a: Slowking\n|\n|-heal|p2a: Walrein|83\/100|[from] item: Leftovers\n|-heal|p2a: Walrein|89\/100|[from] Aqua Ring\n|upkeep\n|turn|9\n|\n|t:|1701026821\n|move|p2a: Walrein|Echoed Voice|p1a: Slowking\n|-damage|p1a: Slowking|46\/100\n|move|p1a: Slowking|Sludge Bomb|p2a: Walrein\n|-damage|p2a: Walrein|75\/100\n|\n|-end|p2a: Walrein|move: Future Sight\n|-damage|p2a: Walrein|58\/100\n|-heal|p2a: Walrein|64\/100|[from] item: Leftovers\n|-heal|p2a: Walrein|70\/100|[from] Aqua Ring\n|upkeep\n|turn|10\n|\n|t:|1701026830\n|switch|p1a: Typhlosion|Typhlosion-Hisui, F|100\/100\n|move|p2a: Walrein|Echoed Voice|p1a: Typhlosion\n|-immune|p1a: Typhlosion\n|\n|-heal|p2a: Walrein|76\/100|[from] item: Leftovers\n|-heal|p2a: Walrein|82\/100|[from] Aqua Ring\n|upkeep\n|turn|11\n|\n|t:|1701026834\n|-terastallize|p1a: Typhlosion|Fire\n|move|p1a: Typhlosion|Eruption|p2a: Walrein\n|-crit|p2a: Walrein\n|-damage|p2a: Walrein|20\/100\n|move|p2a: Walrein|Surf|p1a: Typhlosion\n|-supereffective|p1a: Typhlosion\n|-damage|p1a: Typhlosion|0 fnt\n|faint|p1a: Typhlosion\n|\n|-heal|p2a: Walrein|26\/100|[from] item: Leftovers\n|-heal|p2a: Walrein|33\/100|[from] Aqua Ring\n|upkeep\n|\n|t:|1701026844\n|switch|p1a: Dragonite|Dragonite, M|100\/100\n|turn|12\n|\n|t:|1701026847\n|move|p1a: Dragonite|Dragon Dance|p1a: Dragonite\n|-boost|p1a: Dragonite|atk|1\n|-boost|p1a: Dragonite|spe|1\n|move|p2a: Walrein|Echoed Voice|p1a: Dragonite\n|-damage|p1a: Dragonite|94\/100\n|\n|-heal|p2a: Walrein|39\/100|[from] item: Leftovers\n|-heal|p2a: Walrein|45\/100|[from] Aqua Ring\n|upkeep\n|turn|13\n|\n|t:|1701026854\n|move|p1a: Dragonite|Dragon Dance|p1a: Dragonite\n|-boost|p1a: Dragonite|atk|1\n|-boost|p1a: Dragonite|spe|1\n|move|p2a: Walrein|Echoed Voice|p1a: Dragonite\n|-damage|p1a: Dragonite|67\/100\n|\n|-heal|p2a: Walrein|51\/100|[from] item: Leftovers\n|-heal|p2a: Walrein|57\/100|[from] Aqua Ring\n|upkeep\n|turn|14\n|\n|t:|1701026857\n|move|p1a: Dragonite|Dragon Claw|p2a: Walrein\n|-damage|p2a: Walrein|24\/100\n|move|p2a: Walrein|Echoed Voice|p1a: Dragonite\n|-damage|p1a: Dragonite|26\/100\n|\n|-heal|p2a: Walrein|30\/100|[from] item: Leftovers\n|-heal|p2a: Walrein|36\/100|[from] Aqua Ring\n|upkeep\n|turn|15\n|\n|t:|1701026860\n|move|p1a: Dragonite|Dragon Claw|p2a: Walrein\n|-damage|p2a: Walrein|1\/100\n|move|p2a: Walrein|Echoed Voice|p1a: Dragonite\n|-damage|p1a: Dragonite|0 fnt\n|faint|p1a: Dragonite\n|\n|-heal|p2a: Walrein|7\/100|[from] item: Leftovers\n|-heal|p2a: Walrein|13\/100|[from] Aqua Ring\n|upkeep\n|\n|t:|1701026863\n|switch|p1a: Ursaluna|Ursaluna, M|100\/100\n|turn|16\n|\n|t:|1701026866\n|move|p2a: Walrein|Surf|p1a: Ursaluna\n|-supereffective|p1a: Ursaluna\n|-damage|p1a: Ursaluna|38\/100\n|move|p1a: Ursaluna|Facade|p2a: Walrein\n|-damage|p2a: Walrein|0 fnt\n|faint|p2a: Walrein\n|\n|-status|p1a: Ursaluna|brn|[from] item: Flame Orb\n|upkeep\n|\n|t:|1701026872\n|switch|p2a: Tornadus|Tornadus, M|100\/100\n|turn|17\n|\n|t:|1701026874\n|move|p2a: Tornadus|Bleakwind Storm|p1a: Ursaluna\n|-damage|p1a: Ursaluna|0 fnt\n|faint|p1a: Ursaluna\n|\n|upkeep\n|-message|Scoto13 forfeited.\n|\n|win|nepula12\n|raw|Scoto13's rating: 1248 &rarr; <strong>1219<\/strong><br \/>(-29 for losing)\n|raw|nepula12's rating: 1196 &rarr; <strong>1225<\/strong><br \/>(+29 for winning)\n|l|\u2606Scoto13\n","uploadtime":1701027021,"views":20,"p1id":"scoto13","p2id":"nepula12","formatid":"gen9nationaldexubers","rating":1219,"private":0,"password":""}