{"id":"gen9nationaldexubers-1983130254","p1":"D. Lawrenzz","p2":"Steven Stone 007","format":"[Gen 9] National Dex Ubers","log":"|j|\u2606D. Lawrenzz\n|j|\u2606Steven Stone 007\n|t:|1699092603\n|gametype|singles\n|player|p1|D. Lawrenzz|blue-masters|\n|player|p2|Steven Stone 007|steven|\n|teamsize|p1|6\n|teamsize|p2|6\n|gen|9\n|tier|[Gen 9] National Dex Ubers\n|rule|HP Percentage Mod: HP is shown in percentages\n|rule|Endless Battle Clause: Forcing endless battles is banned\n|rule|OHKO Clause: OHKO moves are banned\n|rule|Evasion Moves Clause: Evasion moves are banned\n|rule|Evasion Items Clause: Evasion items are banned\n|rule|Species Clause: Limit one of each Pok\u00e9mon\n|rule|Sleep Clause Mod: Limit one foe put to sleep\n|rule|Mega Rayquaza Clause: You cannot mega evolve Rayquaza\n|clearpoke\n|poke|p1|Ribombee, M|\n|poke|p1|Lopunny, F|\n|poke|p1|Great Tusk|\n|poke|p1|Ogerpon-Wellspring, F|\n|poke|p1|Bisharp, F|\n|poke|p1|Iron Moth|\n|poke|p2|Landorus-Therian, M|\n|poke|p2|Groudon|\n|poke|p2|Great Tusk|\n|poke|p2|Roaring Moon|\n|poke|p2|Sandy Shocks|\n|poke|p2|Gastrodon, F|\n|teampreview\n|inactive|Battle timer is ON: inactive players will automatically lose when time's up. (requested by D. Lawrenzz)\n|c|\u2606Steven Stone 007|GL\n|\n|t:|1699092629\n|start\n|switch|p1a: Lopunny|Lopunny, F|100\/100\n|switch|p2a: Landorus|Landorus-Therian, M|100\/100\n|-ability|p2a: Landorus|Intimidate|boost\n|-unboost|p1a: Lopunny|atk|1\n|turn|1\n|\n|t:|1699092637\n|switch|p2a: Great Tusk|Great Tusk|100\/100\n|move|p1a: Lopunny|Triple Axel|p2a: Great Tusk\n|-supereffective|p2a: Great Tusk\n|-damage|p2a: Great Tusk|97\/100\n|-supereffective|p2a: Great Tusk\n|-damage|p2a: Great Tusk|91\/100\n|-supereffective|p2a: Great Tusk\n|-damage|p2a: Great Tusk|81\/100\n|-hitcount|p2a: Great Tusk|3\n|\n|-heal|p2a: Great Tusk|87\/100|[from] item: Leftovers\n|upkeep\n|turn|2\n|\n|t:|1699092646\n|move|p1a: Lopunny|Play Rough|p2a: Great Tusk\n|-supereffective|p2a: Great Tusk\n|-damage|p2a: Great Tusk|73\/100\n|move|p2a: Great Tusk|Stealth Rock|p1a: Lopunny\n|-sidestart|p1: D. Lawrenzz|move: Stealth Rock\n|\n|-heal|p2a: Great Tusk|79\/100|[from] item: Leftovers\n|upkeep\n|turn|3\n|\n|t:|1699092660\n|switch|p1a: Ogerpon|Ogerpon-Wellspring, F|100\/100\n|-damage|p1a: Ogerpon|88\/100|[from] Stealth Rock\n|-end|p2a: Great Tusk|Protosynthesis|[silent]\n|switch|p2a: Groudon|Groudon|100\/100\n|-weather|SunnyDay|[from] ability: Drought|[of] p2a: Groudon\n|\n|-weather|SunnyDay|[upkeep]\n|upkeep\n|turn|4\n|\n|t:|1699092671\n|-terastallize|p2a: Groudon|Fire\n|move|p1a: Ogerpon|Ivy Cudgel|p2a: Groudon\n|-supereffective|p2a: Groudon\n|-damage|p2a: Groudon|53\/100\n|move|p2a: Groudon|Heat Crash|p1a: Ogerpon\n|-damage|p1a: Ogerpon|0 fnt\n|faint|p1a: Ogerpon\n|\n|-weather|SunnyDay|[upkeep]\n|upkeep\n|\n|t:|1699092684\n|switch|p1a: Great Tusk|Great Tusk, shiny|100\/100\n|-damage|p1a: Great Tusk|97\/100|[from] Stealth Rock\n|-activate|p1a: Great Tusk|ability: Protosynthesis\n|-start|p1a: Great Tusk|protosynthesisatk\n|turn|5\n|\n|t:|1699092691\n|switch|p2a: Great Tusk|Great Tusk|79\/100\n|-activate|p2a: Great Tusk|ability: Protosynthesis\n|-start|p2a: Great Tusk|protosynthesisdef\n|move|p1a: Great Tusk|Rapid Spin|p2a: Great Tusk\n|-damage|p2a: Great Tusk|69\/100\n|-boost|p1a: Great Tusk|spe|1\n|-sideend|p1: D. Lawrenzz|Stealth Rock|[from] move: Rapid Spin|[of] p1a: Great Tusk\n|\n|-weather|SunnyDay|[upkeep]\n|-heal|p2a: Great Tusk|76\/100|[from] item: Leftovers\n|upkeep\n|turn|6\n|\n|t:|1699092714\n|move|p1a: Great Tusk|Ice Spinner|p2a: Great Tusk\n|-supereffective|p2a: Great Tusk\n|-damage|p2a: Great Tusk|48\/100\n|move|p2a: Great Tusk|Knock Off|p1a: Great Tusk\n|-resisted|p1a: Great Tusk\n|-crit|p1a: Great Tusk\n|-damage|p1a: Great Tusk|88\/100\n|\n|-weather|SunnyDay|[upkeep]\n|-heal|p2a: Great Tusk|55\/100|[from] item: Leftovers\n|upkeep\n|turn|7\n|inactive|Steven Stone 007 has 270 seconds left.\n|\n|t:|1699092762\n|move|p1a: Great Tusk|Ice Spinner|p2a: Great Tusk\n|-supereffective|p2a: Great Tusk\n|-damage|p2a: Great Tusk|26\/100\n|move|p2a: Great Tusk|Stealth Rock|p1a: Great Tusk\n|-sidestart|p1: D. Lawrenzz|move: Stealth Rock\n|\n|-weather|SunnyDay|[upkeep]\n|-heal|p2a: Great Tusk|32\/100|[from] item: Leftovers\n|upkeep\n|turn|8\n|\n|t:|1699092767\n|move|p1a: Great Tusk|Rapid Spin|p2a: Great Tusk\n|-damage|p2a: Great Tusk|23\/100\n|-boost|p1a: Great Tusk|spe|1\n|-sideend|p1: D. Lawrenzz|Stealth Rock|[from] move: Rapid Spin|[of] p1a: Great Tusk\n|move|p2a: Great Tusk|Earthquake|p1a: Great Tusk\n|-damage|p1a: Great Tusk|60\/100\n|\n|-weather|SunnyDay|[upkeep]\n|-heal|p2a: Great Tusk|29\/100|[from] item: Leftovers\n|upkeep\n|turn|9\n|\n|t:|1699092772\n|move|p1a: Great Tusk|Ice Spinner|p2a: Great Tusk\n|-supereffective|p2a: Great Tusk\n|-damage|p2a: Great Tusk|0 fnt\n|faint|p2a: Great Tusk\n|-end|p2a: Great Tusk|Protosynthesis|[silent]\n|\n|-weather|SunnyDay|[upkeep]\n|upkeep\n|\n|t:|1699092777\n|switch|p2a: Landorus|Landorus-Therian, M|100\/100\n|-ability|p2a: Landorus|Intimidate|boost\n|-unboost|p1a: Great Tusk|atk|1\n|turn|10\n|\n|t:|1699092781\n|switch|p2a: Groudon|Groudon, tera:Fire|53\/100\n|move|p1a: Great Tusk|Ice Spinner|p2a: Groudon\n|-resisted|p2a: Groudon\n|-damage|p2a: Groudon|44\/100\n|\n|-weather|none\n|-end|p1a: Great Tusk|Protosynthesis\n|upkeep\n|-enditem|p1a: Great Tusk|Booster Energy\n|-activate|p1a: Great Tusk|ability: Protosynthesis|[fromitem]\n|-start|p1a: Great Tusk|protosynthesisspe\n|turn|11\n|\n|t:|1699092785\n|switch|p2a: Landorus|Landorus-Therian, M|100\/100\n|-ability|p2a: Landorus|Intimidate|boost\n|-unboost|p1a: Great Tusk|atk|1\n|move|p1a: Great Tusk|Earthquake|p2a: Landorus\n|-immune|p2a: Landorus\n|\n|upkeep\n|turn|12\n|\n|t:|1699092791\n|switch|p2a: Groudon|Groudon, tera:Fire|44\/100\n|-weather|SunnyDay|[from] ability: Drought|[of] p2a: Groudon\n|move|p1a: Great Tusk|Ice Spinner|p2a: Groudon\n|-resisted|p2a: Groudon\n|-damage|p2a: Groudon|37\/100\n|\n|-weather|SunnyDay|[upkeep]\n|upkeep\n|turn|13\n|\n|t:|1699092798\n|move|p1a: Great Tusk|Earthquake|p2a: Groudon\n|-supereffective|p2a: Groudon\n|-damage|p2a: Groudon|0 fnt\n|faint|p2a: Groudon\n|\n|-weather|SunnyDay|[upkeep]\n|upkeep\n|\n|t:|1699092822\n|switch|p2a: Landorus|Landorus-Therian, M|100\/100\n|-ability|p2a: Landorus|Intimidate|boost\n|-unboost|p1a: Great Tusk|atk|1\n|turn|14\n|\n|t:|1699092832\n|switch|p2a: Gastrodon|Gastrodon, F|100\/100\n|-terastallize|p1a: Great Tusk|Ice\n|move|p1a: Great Tusk|Ice Spinner|p2a: Gastrodon\n|-damage|p2a: Gastrodon|82\/100\n|\n|-weather|SunnyDay|[upkeep]\n|-heal|p2a: Gastrodon|88\/100|[from] item: Leftovers\n|upkeep\n|turn|15\n|\n|t:|1699092845\n|-end|p1a: Great Tusk|Protosynthesis|[silent]\n|switch|p1a: Ribombee|Ribombee, M, shiny|100\/100\n|move|p2a: Gastrodon|Toxic|p1a: Ribombee\n|-status|p1a: Ribombee|tox\n|\n|-weather|SunnyDay|[upkeep]\n|-heal|p2a: Gastrodon|94\/100|[from] item: Leftovers\n|-damage|p1a: Ribombee|94\/100 tox|[from] psn\n|upkeep\n|turn|16\n|\n|t:|1699092850\n|switch|p2a: Roaring Moon|Roaring Moon|100\/100\n|-activate|p2a: Roaring Moon|ability: Protosynthesis\n|-start|p2a: Roaring Moon|protosynthesisspe\n|move|p1a: Ribombee|Stun Spore|p2a: Roaring Moon|[miss]\n|-miss|p1a: Ribombee|p2a: Roaring Moon\n|\n|-weather|SunnyDay|[upkeep]\n|-damage|p1a: Ribombee|82\/100 tox|[from] psn\n|upkeep\n|turn|17\n|\n|t:|1699092857\n|move|p2a: Roaring Moon|Iron Head|p1a: Ribombee\n|-supereffective|p1a: Ribombee\n|-damage|p1a: Ribombee|0 fnt\n|faint|p1a: Ribombee\n|\n|-weather|SunnyDay|[upkeep]\n|upkeep\n|\n|t:|1699092865\n|switch|p1a: Great Tusk|Great Tusk, shiny, tera:Ice|60\/100\n|-activate|p1a: Great Tusk|ability: Protosynthesis\n|-start|p1a: Great Tusk|protosynthesisatk\n|turn|18\n|\n|t:|1699092869\n|-end|p2a: Roaring Moon|Protosynthesis|[silent]\n|switch|p2a: Gastrodon|Gastrodon, F|94\/100\n|move|p1a: Great Tusk|Ice Spinner|p2a: Gastrodon\n|-crit|p2a: Gastrodon\n|-damage|p2a: Gastrodon|0 fnt\n|faint|p2a: Gastrodon\n|\n|-weather|SunnyDay|[upkeep]\n|upkeep\n|c|\u2606Steven Stone 007|WTF\n|\n|t:|1699092878\n|switch|p2a: Sandy Shocks|Sandy Shocks|100\/100\n|-activate|p2a: Sandy Shocks|ability: Protosynthesis\n|-start|p2a: Sandy Shocks|protosynthesisspe\n|turn|19\n|\n|t:|1699092884\n|move|p2a: Sandy Shocks|Flash Cannon|p1a: Great Tusk\n|-supereffective|p1a: Great Tusk\n|-damage|p1a: Great Tusk|0 fnt\n|faint|p1a: Great Tusk\n|-end|p1a: Great Tusk|Protosynthesis|[silent]\n|\n|-weather|none\n|-end|p2a: Sandy Shocks|Protosynthesis\n|upkeep\n|\n|t:|1699092907\n|switch|p1a: Lopunny|Lopunny, F|100\/100\n|turn|20\n|\n|t:|1699092910\n|move|p1a: Lopunny|Fake Out|p2a: Sandy Shocks\n|-damage|p2a: Sandy Shocks|85\/100\n|cant|p2a: Sandy Shocks|flinch\n|\n|upkeep\n|turn|21\n|\n|t:|1699092912\n|move|p1a: Lopunny|Triple Axel|p2a: Sandy Shocks\n|-supereffective|p2a: Sandy Shocks\n|-damage|p2a: Sandy Shocks|73\/100\n|-hitcount|p2a: Sandy Shocks|1\n|move|p2a: Sandy Shocks|Flash Cannon|p1a: Lopunny\n|-damage|p1a: Lopunny|47\/100\n|-unboost|p1a: Lopunny|spd|1\n|\n|upkeep\n|turn|22\n|\n|t:|1699092918\n|-zpower|p1a: Lopunny\n|move|p1a: Lopunny|All-Out Pummeling|p2a: Sandy Shocks|[zeffect]\n|-crit|p2a: Sandy Shocks\n|-damage|p2a: Sandy Shocks|0 fnt\n|faint|p2a: Sandy Shocks\n|-end|p2a: Sandy Shocks|Protosynthesis|[silent]\n|\n|upkeep\n|\n|t:|1699092922\n|switch|p2a: Landorus|Landorus-Therian, M|100\/100\n|-ability|p2a: Landorus|Intimidate|boost\n|-unboost|p1a: Lopunny|atk|1\n|turn|23\n|\n|t:|1699092926\n|move|p2a: Landorus|Earthquake|p1a: Lopunny\n|-damage|p1a: Lopunny|0 fnt\n|faint|p1a: Lopunny\n|\n|upkeep\n|\n|t:|1699092929\n|switch|p1a: Bisharp|Bisharp, F, shiny|100\/100\n|turn|24\n|\n|t:|1699092933\n|move|p2a: Landorus|Earthquake|p1a: Bisharp\n|-supereffective|p1a: Bisharp\n|-damage|p1a: Bisharp|19\/100\n|move|p1a: Bisharp|Iron Head|p2a: Landorus\n|-damage|p2a: Landorus|50\/100\n|\n|upkeep\n|turn|25\n|\n|t:|1699092939\n|move|p1a: Bisharp|Sucker Punch|p2a: Landorus\n|-damage|p2a: Landorus|7\/100\n|move|p2a: Landorus|Earthquake|p1a: Bisharp\n|-supereffective|p1a: Bisharp\n|-damage|p1a: Bisharp|0 fnt\n|faint|p1a: Bisharp\n|\n|upkeep\n|\n|t:|1699092942\n|switch|p1a: Iron Moth|Iron Moth, shiny|100\/100\n|-enditem|p1a: Iron Moth|Booster Energy\n|-activate|p1a: Iron Moth|ability: Quark Drive|[fromitem]\n|-start|p1a: Iron Moth|quarkdrivespa\n|turn|26\n|c|\u2606D. Lawrenzz|gg\n|c|\u2606Steven Stone 007|SPA\n|\n|t:|1699092952\n|move|p2a: Landorus|Earthquake|p1a: Iron Moth\n|-supereffective|p1a: Iron Moth\n|-damage|p1a: Iron Moth|0 fnt\n|faint|p1a: Iron Moth\n|-end|p1a: Iron Moth|Quark Drive|[silent]\n|\n|win|Steven Stone 007\n|c|\u2606Steven Stone 007|not speed\n","uploadtime":1699092956,"views":6,"p1id":"dlawrenzz","p2id":"stevenstone007","formatid":"gen9nationaldexubers","rating":0,"private":0,"password":""}