{"id":"gen9nationaldexubers-1987524460","p1":"LelouchZr","p2":"Soyeon is a cutie","format":"[Gen 9] National Dex Ubers","log":"|j|\u2606LelouchZr\n|j|\u2606Soyeon is a cutie\n|t:|1699606401\n|gametype|singles\n|player|p1|LelouchZr|n|1617\n|player|p2|Soyeon is a cutie|idol|1874\n|teamsize|p1|6\n|teamsize|p2|6\n|gen|9\n|tier|[Gen 9] National Dex Ubers\n|rated|\n|rule|HP Percentage Mod: HP is shown in percentages\n|rule|Endless Battle Clause: Forcing endless battles is banned\n|rule|OHKO Clause: OHKO moves are banned\n|rule|Evasion Moves Clause: Evasion moves are banned\n|rule|Evasion Items Clause: Evasion items are banned\n|rule|Species Clause: Limit one of each Pok\u00e9mon\n|rule|Sleep Clause Mod: Limit one foe put to sleep\n|rule|Mega Rayquaza Clause: You cannot mega evolve Rayquaza\n|clearpoke\n|poke|p1|Necrozma-Dusk-Mane|\n|poke|p1|Ho-Oh|\n|poke|p1|Marshadow|\n|poke|p1|Yveltal|\n|poke|p1|Zygarde|\n|poke|p1|Kyogre|\n|poke|p2|Ditto|\n|poke|p2|Urshifu-*, F|\n|poke|p2|Kingambit, F|\n|poke|p2|Necrozma-Dusk-Mane|\n|poke|p2|Skeledirge, F|\n|poke|p2|Arceus-Ground|\n|teampreview\n|inactive|Battle timer is ON: inactive players will automatically lose when time's up. (requested by LelouchZr)\n|inactive|Soyeon is a cutie also wants the timer to be on.\n|\n|t:|1699606428\n|start\n|switch|p1a: Kyogre|Kyogre|100\/100\n|switch|p2a: Necrozma|Necrozma-Dusk-Mane|100\/100\n|detailschange|p1a: Kyogre|Kyogre-Primal\n|-primal|p1a: Kyogre|Blue Orb\n|-weather|PrimordialSea|[from] ability: Primordial Sea|[of] p1a: Kyogre\n|turn|1\n|\n|t:|1699606438\n|detailschange|p2a: Necrozma|Necrozma-Ultra\n|-burst|p2a: Necrozma|Necrozma|Ultranecrozium Z\n|move|p2a: Necrozma|Photon Geyser|p1a: Kyogre\n|-damage|p1a: Kyogre|64\/100\n|move|p1a: Kyogre|Water Spout|p2a: Necrozma\n|-resisted|p2a: Necrozma\n|-damage|p2a: Necrozma|44\/100\n|\n|-weather|PrimordialSea|[upkeep]\n|upkeep\n|turn|2\n|\n|t:|1699606452\n|-zpower|p2a: Necrozma\n|move|p2a: Necrozma|Light That Burns the Sky|p1a: Kyogre|[zeffect]\n|-damage|p1a: Kyogre|0 fnt\n|faint|p1a: Kyogre\n|-weather|none\n|\n|upkeep\n|\n|t:|1699606460\n|switch|p1a: Yveltal|Yveltal, shiny|100\/100\n|-ability|p1a: Yveltal|Dark Aura\n|turn|3\n|\n|t:|1699606466\n|switch|p2a: Arceus|Arceus-Ground|100\/100\n|-terastallize|p1a: Yveltal|Dark\n|move|p1a: Yveltal|Sucker Punch||[still]\n|-fail|p1a: Yveltal\n|\n|upkeep\n|turn|4\n|\n|t:|1699606475\n|move|p2a: Arceus|Toxic|p1a: Yveltal|[miss]\n|-miss|p2a: Arceus|p1a: Yveltal\n|move|p1a: Yveltal|Dark Pulse|p2a: Arceus\n|-damage|p2a: Arceus|49\/100\n|\n|upkeep\n|turn|5\n|\n|t:|1699606487\n|switch|p2a: Kingambit|Kingambit, F, shiny|100\/100\n|move|p1a: Yveltal|Dark Pulse|p2a: Kingambit\n|-resisted|p2a: Kingambit\n|-damage|p2a: Kingambit|64\/100\n|\n|upkeep\n|turn|6\n|\n|t:|1699606495\n|move|p1a: Yveltal|Heat Wave|p2a: Kingambit|[miss]\n|-miss|p1a: Yveltal|p2a: Kingambit\n|move|p2a: Kingambit|Knock Off|p1a: Yveltal\n|-resisted|p1a: Yveltal\n|-damage|p1a: Yveltal|59\/100\n|-enditem|p1a: Yveltal|Heavy-Duty Boots|[from] move: Knock Off|[of] p2a: Kingambit\n|\n|upkeep\n|turn|7\n|\n|t:|1699606503\n|move|p2a: Kingambit|Sucker Punch|p1a: Yveltal\n|-resisted|p1a: Yveltal\n|-damage|p1a: Yveltal|28\/100\n|move|p1a: Yveltal|Oblivion Wing|p2a: Kingambit\n|-resisted|p2a: Kingambit\n|-damage|p2a: Kingambit|43\/100\n|-heal|p1a: Yveltal|45\/100|[from] drain|[of] p2a: Kingambit\n|\n|upkeep\n|turn|8\n|\n|t:|1699606513\n|move|p1a: Yveltal|Heat Wave|p2a: Kingambit|[miss]\n|-miss|p1a: Yveltal|p2a: Kingambit\n|move|p2a: Kingambit|Iron Head|p1a: Yveltal\n|-damage|p1a: Yveltal|4\/100\n|\n|upkeep\n|turn|9\n|\n|t:|1699606523\n|move|p1a: Yveltal|Sucker Punch|p2a: Kingambit\n|-resisted|p2a: Kingambit\n|-damage|p2a: Kingambit|26\/100\n|move|p2a: Kingambit|Sucker Punch||[still]\n|-fail|p2a: Kingambit\n|\n|upkeep\n|turn|10\n|\n|t:|1699606530\n|move|p1a: Yveltal|Sucker Punch|p2a: Kingambit\n|-resisted|p2a: Kingambit\n|-damage|p2a: Kingambit|9\/100\n|move|p2a: Kingambit|Sucker Punch||[still]\n|-fail|p2a: Kingambit\n|\n|upkeep\n|turn|11\n|\n|t:|1699606538\n|move|p1a: Yveltal|Sucker Punch||[still]\n|-fail|p1a: Yveltal\n|move|p2a: Kingambit|Swords Dance|p2a: Kingambit\n|-boost|p2a: Kingambit|atk|2\n|\n|upkeep\n|turn|12\n|\n|t:|1699606544\n|move|p2a: Kingambit|Sucker Punch|p1a: Yveltal\n|-resisted|p1a: Yveltal\n|-damage|p1a: Yveltal|0 fnt\n|faint|p1a: Yveltal\n|\n|upkeep\n|\n|t:|1699606550\n|switch|p1a: Marshadow|Marshadow|100\/100\n|turn|13\n|\n|t:|1699606557\n|move|p1a: Marshadow|Shadow Sneak|p2a: Kingambit\n|-resisted|p2a: Kingambit\n|-damage|p2a: Kingambit|0 fnt\n|faint|p2a: Kingambit\n|-end|p2a: Kingambit|fallenundefined|[silent]\n|\n|upkeep\n|\n|t:|1699606572\n|switch|p2a: Arceus|Arceus-Ground|49\/100\n|turn|14\n|\n|t:|1699606576\n|move|p1a: Marshadow|Close Combat|p2a: Arceus\n|-damage|p2a: Arceus|10\/100\n|-unboost|p1a: Marshadow|def|1\n|-unboost|p1a: Marshadow|spd|1\n|move|p2a: Arceus|Recover|p2a: Arceus\n|-heal|p2a: Arceus|60\/100\n|\n|upkeep\n|turn|15\n|\n|t:|1699606584\n|move|p1a: Marshadow|Close Combat|p2a: Arceus\n|-damage|p2a: Arceus|21\/100\n|-unboost|p1a: Marshadow|def|1\n|-unboost|p1a: Marshadow|spd|1\n|move|p2a: Arceus|Recover|p2a: Arceus\n|-heal|p2a: Arceus|71\/100\n|\n|upkeep\n|turn|16\n|\n|t:|1699606592\n|move|p1a: Marshadow|Close Combat|p2a: Arceus\n|-damage|p2a: Arceus|31\/100\n|-unboost|p1a: Marshadow|def|1\n|-unboost|p1a: Marshadow|spd|1\n|move|p2a: Arceus|Recover|p2a: Arceus\n|-heal|p2a: Arceus|81\/100\n|\n|upkeep\n|turn|17\n|\n|t:|1699606601\n|move|p1a: Marshadow|Close Combat|p2a: Arceus\n|-damage|p2a: Arceus|44\/100\n|-unboost|p1a: Marshadow|def|1\n|-unboost|p1a: Marshadow|spd|1\n|move|p2a: Arceus|Recover|p2a: Arceus\n|-heal|p2a: Arceus|94\/100\n|\n|upkeep\n|turn|18\n|\n|t:|1699606609\n|move|p1a: Marshadow|Close Combat|p2a: Arceus\n|-damage|p2a: Arceus|52\/100\n|-unboost|p1a: Marshadow|def|1\n|-unboost|p1a: Marshadow|spd|1\n|move|p2a: Arceus|Toxic|p1a: Marshadow|[miss]\n|-miss|p2a: Arceus|p1a: Marshadow\n|\n|upkeep\n|turn|19\n|\n|t:|1699606618\n|move|p1a: Marshadow|Close Combat|p2a: Arceus\n|-damage|p2a: Arceus|11\/100\n|-unboost|p1a: Marshadow|def|1\n|-unboost|p1a: Marshadow|spd|1\n|move|p2a: Arceus|Recover|p2a: Arceus\n|-heal|p2a: Arceus|61\/100\n|\n|upkeep\n|turn|20\n|\n|t:|1699606626\n|move|p1a: Marshadow|Close Combat|p2a: Arceus\n|-damage|p2a: Arceus|21\/100\n|move|p2a: Arceus|Recover|p2a: Arceus\n|-heal|p2a: Arceus|71\/100\n|\n|upkeep\n|turn|21\n|\n|t:|1699606633\n|move|p1a: Marshadow|Close Combat|p2a: Arceus\n|-damage|p2a: Arceus|29\/100\n|move|p2a: Arceus|Recover|p2a: Arceus\n|-heal|p2a: Arceus|79\/100\n|\n|upkeep\n|turn|22\n|\n|t:|1699606643\n|move|p1a: Marshadow|Spectral Thief|p2a: Arceus\n|-damage|p2a: Arceus|51\/100\n|move|p2a: Arceus|Toxic|p1a: Marshadow\n|-status|p1a: Marshadow|tox\n|\n|-damage|p1a: Marshadow|94\/100 tox|[from] psn\n|upkeep\n|turn|23\n|\n|t:|1699606653\n|move|p1a: Marshadow|Spectral Thief|p2a: Arceus\n|-damage|p2a: Arceus|23\/100\n|move|p2a: Arceus|Recover|p2a: Arceus\n|-heal|p2a: Arceus|73\/100\n|\n|-damage|p1a: Marshadow|82\/100 tox|[from] psn\n|upkeep\n|turn|24\n|\n|t:|1699606665\n|switch|p1a: Zygarde|Zygarde|100\/100\n|switch|p2a: Urshifu|Urshifu, F|100\/100\n|\n|upkeep\n|turn|25\n|\n|t:|1699606676\n|switch|p2a: Skeledirge|Skeledirge, F|100\/100\n|move|p1a: Zygarde|Coil|p1a: Zygarde\n|-boost|p1a: Zygarde|atk|1\n|-boost|p1a: Zygarde|def|1\n|-boost|p1a: Zygarde|accuracy|1\n|\n|upkeep\n|turn|26\n|\n|t:|1699606683\n|move|p1a: Zygarde|Thousand Arrows|p2a: Skeledirge\n|-supereffective|p2a: Skeledirge\n|-damage|p2a: Skeledirge|49\/100\n|move|p2a: Skeledirge|Will-O-Wisp|p1a: Zygarde\n|-status|p1a: Zygarde|brn\n|\n|-damage|p1a: Zygarde|94\/100 brn|[from] brn\n|upkeep\n|turn|27\n|\n|t:|1699606693\n|move|p1a: Zygarde|Thousand Arrows|p2a: Skeledirge\n|-supereffective|p2a: Skeledirge\n|-damage|p2a: Skeledirge|24\/100\n|move|p2a: Skeledirge|Slack Off|p2a: Skeledirge\n|-heal|p2a: Skeledirge|74\/100\n|\n|-damage|p1a: Zygarde|88\/100 brn|[from] brn\n|upkeep\n|turn|28\n|\n|t:|1699606703\n|move|p1a: Zygarde|Coil|p1a: Zygarde\n|-boost|p1a: Zygarde|atk|1\n|-boost|p1a: Zygarde|def|1\n|-boost|p1a: Zygarde|accuracy|1\n|move|p2a: Skeledirge|Torch Song|p1a: Zygarde\n|-resisted|p1a: Zygarde\n|-damage|p1a: Zygarde|76\/100 brn\n|-boost|p2a: Skeledirge|spa|1\n|\n|-damage|p1a: Zygarde|70\/100 brn|[from] brn\n|upkeep\n|turn|29\n|\n|t:|1699606715\n|move|p1a: Zygarde|Thousand Arrows|p2a: Skeledirge\n|-supereffective|p2a: Skeledirge\n|-damage|p2a: Skeledirge|47\/100\n|move|p2a: Skeledirge|Slack Off|p2a: Skeledirge\n|-heal|p2a: Skeledirge|98\/100\n|\n|-damage|p1a: Zygarde|64\/100 brn|[from] brn\n|upkeep\n|turn|30\n|\n|t:|1699606725\n|move|p1a: Zygarde|Coil|p1a: Zygarde\n|-boost|p1a: Zygarde|atk|1\n|-boost|p1a: Zygarde|def|1\n|-boost|p1a: Zygarde|accuracy|1\n|move|p2a: Skeledirge|Torch Song|p1a: Zygarde\n|-resisted|p1a: Zygarde\n|-damage|p1a: Zygarde|46\/100 brn\n|-boost|p2a: Skeledirge|spa|1\n|\n|-damage|p1a: Zygarde|40\/100 brn|[from] brn\n|-activate|p1a: Zygarde|ability: Power Construct\n|detailschange|p1a: Zygarde|Zygarde-Complete\n|-heal|p1a: Zygarde|60\/100 brn|[silent]\n|upkeep\n|turn|31\n|\n|t:|1699606739\n|move|p1a: Zygarde|Rest|p1a: Zygarde\n|-status|p1a: Zygarde|slp|[from] move: Rest\n|-heal|p1a: Zygarde|100\/100 slp|[silent]\n|-enditem|p1a: Zygarde|Chesto Berry|[eat]\n|-curestatus|p1a: Zygarde|slp|[msg]\n|move|p2a: Skeledirge|Torch Song|p1a: Zygarde\n|-resisted|p1a: Zygarde\n|-damage|p1a: Zygarde|83\/100\n|-boost|p2a: Skeledirge|spa|1\n|\n|upkeep\n|turn|32\n|\n|t:|1699606751\n|move|p1a: Zygarde|Thousand Arrows|p2a: Skeledirge\n|-supereffective|p2a: Skeledirge\n|-damage|p2a: Skeledirge|49\/100\n|move|p2a: Skeledirge|Will-O-Wisp|p1a: Zygarde|[miss]\n|-miss|p2a: Skeledirge|p1a: Zygarde\n|\n|upkeep\n|turn|33\n|\n|t:|1699606758\n|move|p1a: Zygarde|Thousand Arrows|p2a: Skeledirge\n|-supereffective|p2a: Skeledirge\n|-damage|p2a: Skeledirge|0 fnt\n|faint|p2a: Skeledirge\n|\n|upkeep\n|\n|t:|1699606768\n|switch|p2a: Necrozma|Necrozma-Ultra|44\/100\n|turn|34\n|\n|t:|1699606772\n|move|p2a: Necrozma|Dragon Pulse|p1a: Zygarde\n|-supereffective|p1a: Zygarde\n|-damage|p1a: Zygarde|8\/100\n|move|p1a: Zygarde|Thousand Arrows|p2a: Necrozma\n|-damage|p2a: Necrozma|0 fnt\n|faint|p2a: Necrozma\n|\n|upkeep\n|\n|t:|1699606775\n|switch|p2a: Arceus|Arceus-Ground|73\/100\n|turn|35\n|\n|t:|1699606783\n|move|p2a: Arceus|Judgment|p1a: Zygarde\n|-damage|p1a: Zygarde|0 fnt\n|faint|p1a: Zygarde\n|\n|upkeep\n|\n|t:|1699606790\n|switch|p1a: Ho-Oh|Ho-Oh|100\/100\n|turn|36\n|\n|t:|1699606794\n|move|p2a: Arceus|Taunt|p1a: Ho-Oh\n|-start|p1a: Ho-Oh|move: Taunt\n|move|p1a: Ho-Oh|Sacred Fire|p2a: Arceus\n|-damage|p2a: Arceus|46\/100\n|\n|upkeep\n|turn|37\n|\n|t:|1699606805\n|-terastallize|p2a: Arceus|Water\n|move|p2a: Arceus|Toxic|p1a: Ho-Oh\n|-status|p1a: Ho-Oh|tox\n|move|p1a: Ho-Oh|Brave Bird|p2a: Arceus\n|-damage|p2a: Arceus|9\/100\n|-damage|p1a: Ho-Oh|85\/100 tox|[from] Recoil\n|\n|-damage|p1a: Ho-Oh|79\/100 tox|[from] psn\n|upkeep\n|turn|38\n|\n|t:|1699606820\n|switch|p2a: Ditto|Ditto, shiny|100\/100\n|-transform|p2a: Ditto|p1a: Ho-Oh|[from] ability: Imposter\n|move|p1a: Ho-Oh|Brave Bird|p2a: Ditto\n|-damage|p2a: Ditto|48\/100\n|-damage|p1a: Ho-Oh|65\/100 tox|[from] Recoil\n|\n|-damage|p1a: Ho-Oh|52\/100 tox|[from] psn\n|-end|p1a: Ho-Oh|move: Taunt\n|upkeep\n|turn|39\n|\n|t:|1699606834\n|switch|p2a: Arceus|Arceus-Ground, tera:Water|9\/100\n|move|p1a: Ho-Oh|Brave Bird|p2a: Arceus\n|-damage|p2a: Arceus|0 fnt\n|faint|p2a: Arceus\n|-damage|p1a: Ho-Oh|48\/100 tox|[from] Recoil\n|\n|-damage|p1a: Ho-Oh|30\/100 tox|[from] psn\n|upkeep\n|\n|t:|1699606837\n|switch|p2a: Urshifu|Urshifu, F|100\/100\n|turn|40\n|\n|t:|1699606848\n|switch|p1a: Marshadow|Marshadow|82\/100 tox\n|move|p2a: Urshifu|Wicked Blow|p1a: Marshadow\n|-crit|p1a: Marshadow\n|-damage|p1a: Marshadow|0 fnt\n|faint|p1a: Marshadow\n|-damage|p2a: Urshifu|91\/100|[from] item: Life Orb\n|\n|upkeep\n|\n|t:|1699606857\n|switch|p1a: Ho-Oh|Ho-Oh|63\/100 tox\n|turn|41\n|\n|t:|1699606860\n|switch|p2a: Ditto|Ditto, shiny|82\/100\n|-transform|p2a: Ditto|p1a: Ho-Oh|[from] ability: Imposter\n|move|p1a: Ho-Oh|Brave Bird|p2a: Ditto\n|-damage|p2a: Ditto|34\/100\n|-damage|p1a: Ho-Oh|50\/100 tox|[from] Recoil\n|\n|-damage|p1a: Ho-Oh|43\/100 tox|[from] psn\n|upkeep\n|turn|42\n|\n|t:|1699606872\n|move|p2a: Ditto|Defog|p1a: Ho-Oh\n|-unboost|p1a: Ho-Oh|evasion|1\n|move|p1a: Ho-Oh|Brave Bird|p2a: Ditto\n|-damage|p2a: Ditto|0 fnt\n|faint|p2a: Ditto\n|-damage|p1a: Ho-Oh|34\/100 tox|[from] Recoil\n|\n|-damage|p1a: Ho-Oh|21\/100 tox|[from] psn\n|upkeep\n|\n|t:|1699606875\n|switch|p2a: Urshifu|Urshifu, F|91\/100\n|turn|43\n|\n|t:|1699606888\n|switch|p1a: Necrozma|Necrozma-Dusk-Mane|100\/100\n|move|p2a: Urshifu|Wicked Blow|p1a: Necrozma\n|-supereffective|p1a: Necrozma\n|-crit|p1a: Necrozma\n|-damage|p1a: Necrozma|6\/100\n|-damage|p2a: Urshifu|81\/100|[from] item: Life Orb\n|\n|upkeep\n|turn|44\n|\n|t:|1699606903\n|detailschange|p1a: Necrozma|Necrozma-Ultra\n|-burst|p1a: Necrozma|Necrozma|Ultranecrozium Z\n|move|p1a: Necrozma|Earthquake|p2a: Urshifu\n|-damage|p2a: Urshifu|41\/100\n|move|p2a: Urshifu|Wicked Blow|p1a: Necrozma\n|-supereffective|p1a: Necrozma\n|-crit|p1a: Necrozma\n|-damage|p1a: Necrozma|0 fnt\n|faint|p1a: Necrozma\n|-damage|p2a: Urshifu|31\/100|[from] item: Life Orb\n|\n|upkeep\n|\n|t:|1699606915\n|switch|p1a: Ho-Oh|Ho-Oh|54\/100 tox\n|turn|45\n|\n|t:|1699606919\n|move|p2a: Urshifu|Wicked Blow|p1a: Ho-Oh\n|-crit|p1a: Ho-Oh\n|-damage|p1a: Ho-Oh|0 fnt\n|faint|p1a: Ho-Oh\n|-damage|p2a: Urshifu|21\/100|[from] item: Life Orb\n|\n|win|Soyeon is a cutie\n|raw|LelouchZr's rating: 1617 &rarr; <strong>1610<\/strong><br \/>(-7 for losing)\n|raw|Soyeon is a cutie's rating: 1874 &rarr; <strong>1881<\/strong><br \/>(+7 for winning)\n|l|\u2606LelouchZr\n|l|\u2606Soyeon is a cutie\n","uploadtime":1699606936,"views":7,"p1id":"lelouchzr","p2id":"soyeonisacutie","formatid":"gen9nationaldexubers","rating":1610,"private":0,"password":""}