{"id":"gen9nationaldexubers-1988134179","p1":"PhobosYeah","p2":"faraodomangue","format":"[Gen 9] National Dex Ubers","log":"|j|\u2606PhobosYeah\n|j|\u2606faraodomangue\n|t:|1699673844\n|gametype|singles\n|player|p1|PhobosYeah|roughneck|1365\n|player|p2|faraodomangue|harlequin|1336\n|teamsize|p1|6\n|teamsize|p2|6\n|gen|9\n|tier|[Gen 9] National Dex Ubers\n|rated|\n|rule|HP Percentage Mod: HP is shown in percentages\n|rule|Endless Battle Clause: Forcing endless battles is banned\n|rule|OHKO Clause: OHKO moves are banned\n|rule|Evasion Moves Clause: Evasion moves are banned\n|rule|Evasion Items Clause: Evasion items are banned\n|rule|Species Clause: Limit one of each Pok\u00e9mon\n|rule|Sleep Clause Mod: Limit one foe put to sleep\n|rule|Mega Rayquaza Clause: You cannot mega evolve Rayquaza\n|clearpoke\n|poke|p1|Ditto|\n|poke|p1|Smeargle, F|\n|poke|p1|Kangaskhan, F|\n|poke|p1|Zoroark-Hisui, F|\n|poke|p1|Ursaluna-Bloodmoon, M|\n|poke|p1|Arceus|\n|poke|p2|Landorus-Therian, M|\n|poke|p2|Pyukumuku, M|\n|poke|p2|Kyurem-Black|\n|poke|p2|Arceus|\n|poke|p2|Mewtwo|\n|poke|p2|Banette, M|\n|teampreview\n|inactive|Battle timer is ON: inactive players will automatically lose when time's up. (requested by faraodomangue)\n|c|\u2606PhobosYeah|GLHF\n|\n|t:|1699673865\n|start\n|switch|p1a: Smeargle|Smeargle, F|100\/100\n|switch|p2a: Banette|Banette, M, shiny|100\/100\n|turn|1\n|\n|t:|1699673881\n|detailschange|p2a: Banette|Banette-Mega, M, shiny\n|-mega|p2a: Banette|Banette|Banettite\n|move|p2a: Banette|Taunt|p1a: Smeargle\n|-start|p1a: Smeargle|move: Taunt\n|cant|p1a: Smeargle|move: Taunt|Spore\n|\n|-ability|p1a: Smeargle|Moody|boost\n|-boost|p1a: Smeargle|atk|2\n|-unboost|p1a: Smeargle|spd|1\n|upkeep\n|turn|2\n|\n|t:|1699673893\n|switch|p1a: Ditto|Ditto, shiny|100\/100\n|-transform|p1a: Ditto|p2a: Banette|[from] ability: Imposter\n|move|p2a: Banette|Encore||[still]\n|-fail|p2a: Banette\n|\n|upkeep\n|turn|3\n|\n|t:|1699673903\n|move|p2a: Banette|Taunt|p1a: Ditto\n|-start|p1a: Ditto|move: Taunt\n|move|p1a: Ditto|Poltergeist|p2a: Banette\n|-activate|p2a: Banette|move: Poltergeist|Banettite\n|-supereffective|p2a: Banette\n|-damage|p2a: Banette|0 fnt\n|faint|p2a: Banette\n|\n|upkeep\n|\n|t:|1699673915\n|switch|p2a: Mewtwo|Mewtwo|100\/100\n|-ability|p2a: Mewtwo|Pressure\n|turn|4\n|\n|t:|1699673922\n|move|p2a: Mewtwo|Psystrike|p1a: Ditto\n|-damage|p1a: Ditto|0 fnt\n|faint|p1a: Ditto\n|-damage|p2a: Mewtwo|91\/100|[from] item: Life Orb\n|\n|upkeep\n|\n|t:|1699673936\n|switch|p1a: Smeargle|Smeargle, F|100\/100\n|turn|5\n|\n|t:|1699673943\n|move|p2a: Mewtwo|Dark Pulse|p1a: Smeargle\n|-enditem|p1a: Smeargle|Focus Sash\n|-damage|p1a: Smeargle|1\/100\n|-damage|p2a: Mewtwo|81\/100|[from] item: Life Orb\n|move|p1a: Smeargle|Spore|p2a: Mewtwo\n|-status|p2a: Mewtwo|slp|[from] move: Spore\n|\n|-ability|p1a: Smeargle|Moody|boost\n|-boost|p1a: Smeargle|def|2\n|-unboost|p1a: Smeargle|spd|1\n|upkeep\n|turn|6\n|\n|t:|1699673954\n|cant|p2a: Mewtwo|slp\n|move|p1a: Smeargle|Sticky Web|p2a: Mewtwo\n|-sidestart|p2: faraodomangue|move: Sticky Web\n|\n|-ability|p1a: Smeargle|Moody|boost\n|-boost|p1a: Smeargle|spd|2\n|-unboost|p1a: Smeargle|atk|1\n|upkeep\n|turn|7\n|\n|t:|1699673960\n|cant|p2a: Mewtwo|slp\n|move|p1a: Smeargle|Seismic Toss|p2a: Mewtwo\n|-damage|p2a: Mewtwo|52\/100 slp\n|\n|-ability|p1a: Smeargle|Moody|boost\n|-boost|p1a: Smeargle|def|2\n|-unboost|p1a: Smeargle|atk|1\n|upkeep\n|turn|8\n|\n|t:|1699673968\n|cant|p2a: Mewtwo|slp\n|move|p1a: Smeargle|Seismic Toss|p2a: Mewtwo\n|-damage|p2a: Mewtwo|24\/100 slp\n|\n|-ability|p1a: Smeargle|Moody|boost\n|-boost|p1a: Smeargle|spe|2\n|-unboost|p1a: Smeargle|spd|1\n|upkeep\n|turn|9\n|\n|t:|1699673977\n|move|p1a: Smeargle|Seismic Toss|p2a: Mewtwo\n|-damage|p2a: Mewtwo|0 fnt\n|faint|p2a: Mewtwo\n|\n|-ability|p1a: Smeargle|Moody|boost\n|-boost|p1a: Smeargle|atk|2\n|-unboost|p1a: Smeargle|spa|1\n|upkeep\n|\n|t:|1699673984\n|switch|p2a: Arceus|Arceus|100\/100\n|-activate|p2a: Arceus|move: Sticky Web\n|-unboost|p2a: Arceus|spe|1\n|turn|10\n|\n|t:|1699673992\n|move|p2a: Arceus|Extreme Speed|p1a: Smeargle\n|-damage|p1a: Smeargle|0 fnt\n|faint|p1a: Smeargle\n|-damage|p2a: Arceus|91\/100|[from] item: Life Orb\n|\n|upkeep\n|\n|t:|1699674004\n|switch|p1a: Ursaluna|Ursaluna-Bloodmoon, M|100\/100\n|turn|11\n|\n|t:|1699674012\n|switch|p2a: Landorus|Landorus-Therian, M|100\/100\n|-ability|p2a: Landorus|Intimidate|boost\n|-unboost|p1a: Ursaluna|atk|1\n|move|p1a: Ursaluna|Blood Moon|p2a: Landorus\n|-damage|p2a: Landorus|1\/100\n|\n|upkeep\n|turn|12\n|\n|t:|1699674023\n|move|p2a: Landorus|Defog|p1a: Ursaluna\n|-unboost|p1a: Ursaluna|evasion|1\n|-sideend|p2: faraodomangue|Sticky Web|[from] move: Defog|[of] p2a: Landorus\n|move|p1a: Ursaluna|Moonblast|p2a: Landorus\n|-damage|p2a: Landorus|0 fnt\n|faint|p2a: Landorus\n|\n|upkeep\n|\n|t:|1699674029\n|switch|p2a: Kyurem|Kyurem-Black, shiny|100\/100\n|-ability|p2a: Kyurem|Teravolt\n|turn|13\n|\n|t:|1699674037\n|move|p2a: Kyurem|Icicle Spear|p1a: Ursaluna\n|-supereffective|p1a: Ursaluna\n|-damage|p1a: Ursaluna|68\/100\n|-supereffective|p1a: Ursaluna\n|-damage|p1a: Ursaluna|36\/100\n|-supereffective|p1a: Ursaluna\n|-damage|p1a: Ursaluna|0 fnt\n|faint|p1a: Ursaluna\n|-hitcount|p1: Ursaluna|3\n|-damage|p2a: Kyurem|91\/100|[from] item: Life Orb\n|\n|upkeep\n|\n|t:|1699674047\n|switch|p1a: Kangaskhan|Kangaskhan, F, shiny|100\/100\n|turn|14\n|\n|t:|1699674052\n|detailschange|p1a: Kangaskhan|Kangaskhan-Mega, F, shiny\n|-mega|p1a: Kangaskhan|Kangaskhan|Kangaskhanite\n|move|p1a: Kangaskhan|Fake Out|p2a: Kyurem\n|-damage|p2a: Kyurem|73\/100\n|-damage|p2a: Kyurem|69\/100\n|-hitcount|p2a: Kyurem|2\n|cant|p2a: Kyurem|flinch\n|\n|upkeep\n|turn|15\n|\n|t:|1699674062\n|move|p1a: Kangaskhan|Seismic Toss|p2a: Kyurem\n|-damage|p2a: Kyurem|43\/100\n|-damage|p2a: Kyurem|18\/100\n|-hitcount|p2a: Kyurem|2\n|move|p2a: Kyurem|Substitute|p2a: Kyurem\n|-fail|p2a: Kyurem|move: Substitute|[weak]\n|\n|upkeep\n|turn|16\n|\n|t:|1699674069\n|move|p1a: Kangaskhan|Seismic Toss|p2a: Kyurem\n|-damage|p2a: Kyurem|0 fnt\n|faint|p2a: Kyurem\n|-hitcount|p2: Kyurem|1\n|\n|upkeep\n|\n|t:|1699674074\n|switch|p2a: Pyukumuku|Pyukumuku, M|100\/100\n|turn|17\n|\n|t:|1699674079\n|move|p1a: Kangaskhan|Seismic Toss|p2a: Pyukumuku\n|-damage|p2a: Pyukumuku|61\/100\n|-damage|p2a: Pyukumuku|21\/100\n|-hitcount|p2a: Pyukumuku|2\n|move|p2a: Pyukumuku|Toxic|p1a: Kangaskhan|[miss]\n|-miss|p2a: Pyukumuku|p1a: Kangaskhan\n|\n|-heal|p2a: Pyukumuku|27\/100|[from] item: Leftovers\n|upkeep\n|turn|18\n|\n|t:|1699674091\n|move|p1a: Kangaskhan|Seismic Toss|p2a: Pyukumuku\n|-damage|p2a: Pyukumuku|0 fnt\n|faint|p2a: Pyukumuku\n|-hitcount|p2: Pyukumuku|1\n|\n|upkeep\n|\n|t:|1699674093\n|switch|p2a: Arceus|Arceus|91\/100\n|turn|19\n|\n|t:|1699674107\n|-terastallize|p2a: Arceus|Normal\n|move|p2a: Arceus|Extreme Speed|p1a: Kangaskhan\n|-damage|p1a: Kangaskhan|38\/100\n|-damage|p2a: Arceus|81\/100|[from] item: Life Orb\n|move|p1a: Kangaskhan|Seismic Toss|p2a: Arceus\n|-damage|p2a: Arceus|54\/100\n|-damage|p2a: Arceus|28\/100\n|-hitcount|p2a: Arceus|2\n|\n|upkeep\n|turn|20\n|\n|t:|1699674119\n|switch|p1a: Arceus|Arceus|100\/100\n|move|p2a: Arceus|Extreme Speed|p1a: Arceus\n|-immune|p1a: Arceus\n|\n|upkeep\n|turn|21\n|\n|t:|1699674141\n|move|p2a: Arceus|Earthquake|p1a: Arceus\n|-damage|p1a: Arceus|6\/100\n|replace|p1a: Zoroark|Zoroark-Hisui, F\n|-end|p1a: Zoroark|Illusion\n|-damage|p2a: Arceus|18\/100|[from] item: Life Orb\n|move|p1a: Zoroark|Grass Knot|p2a: Arceus\n|-damage|p2a: Arceus|0 fnt\n|faint|p2a: Arceus\n|\n|win|PhobosYeah\n|raw|PhobosYeah's rating: 1365 &rarr; <strong>1383<\/strong><br \/>(+18 for winning)\n|raw|faraodomangue's rating: 1336 &rarr; <strong>1318<\/strong><br \/>(-18 for losing)\n|l|\u2606faraodomangue\n|c|\u2606PhobosYeah|GG\n","uploadtime":1699674190,"views":21,"p1id":"phobosyeah","p2id":"faraodomangue","formatid":"gen9nationaldexubers","rating":1318,"private":0,"password":""}