{"id":"gen9nationaldexubers-1994943215","p1":"DRAGON-M0DE\u2695\ufe0f","p2":"bootyhole inc \u269d\u5f61","format":"[Gen 9] National Dex Ubers","log":"|j|\u2606DRAGON-M0DE\u2695\ufe0f\n|j|\u2606bootyhole inc \u269d\u5f61\n|t:|1700506787\n|gametype|singles\n|player|p1|DRAGON-M0DE\u2695\ufe0f|clair|1191\n|player|p2|bootyhole inc \u269d\u5f61|psychic-gen2|1129\n|teamsize|p1|6\n|teamsize|p2|6\n|gen|9\n|tier|[Gen 9] National Dex Ubers\n|rated|\n|rule|HP Percentage Mod: HP is shown in percentages\n|rule|Endless Battle Clause: Forcing endless battles is banned\n|rule|OHKO Clause: OHKO moves are banned\n|rule|Evasion Moves Clause: Evasion moves are banned\n|rule|Evasion Items Clause: Evasion items are banned\n|rule|Species Clause: Limit one of each Pok\u00e9mon\n|rule|Sleep Clause Mod: Limit one foe put to sleep\n|rule|Mega Rayquaza Clause: You cannot mega evolve Rayquaza\n|clearpoke\n|poke|p1|Flygon, M|\n|poke|p1|Exeggutor-Alola, M|\n|poke|p1|Flapple, M|\n|poke|p1|Dracozolt|\n|poke|p1|Naganadel|\n|poke|p1|Guzzlord|\n|poke|p2|Cursola, M|\n|poke|p2|Victini|\n|poke|p2|Toxtricity, F|\n|poke|p2|Alomomola, F|\n|poke|p2|Banette, M|\n|poke|p2|Corviknight, M|\n|teampreview\n|inactive|Battle timer is ON: inactive players will automatically lose when time's up. (requested by bootyhole inc \u269d\u5f61)\n|\n|t:|1700506804\n|start\n|switch|p1a: \u2695\ufe0f\ud83d\udc09EXEGGUTTOR\ud83d\udc09\u2695\ufe0f|Exeggutor-Alola, M, shiny|100\/100\n|switch|p2a: play bloons td 6|Victini|100\/100\n|-item|p2a: play bloons td 6|Choice Band|[from] ability: Frisk|[of] p1a: \u2695\ufe0f\ud83d\udc09EXEGGUTTOR\ud83d\udc09\u2695\ufe0f|[identify]\n|turn|1\n|\n|t:|1700506817\n|move|p2a: play bloons td 6|V-create|p1a: \u2695\ufe0f\ud83d\udc09EXEGGUTTOR\ud83d\udc09\u2695\ufe0f\n|-crit|p1a: \u2695\ufe0f\ud83d\udc09EXEGGUTTOR\ud83d\udc09\u2695\ufe0f\n|-damage|p1a: \u2695\ufe0f\ud83d\udc09EXEGGUTTOR\ud83d\udc09\u2695\ufe0f|0 fnt\n|-unboost|p2a: play bloons td 6|spe|1\n|-unboost|p2a: play bloons td 6|def|1\n|-unboost|p2a: play bloons td 6|spd|1\n|faint|p1a: \u2695\ufe0f\ud83d\udc09EXEGGUTTOR\ud83d\udc09\u2695\ufe0f\n|\n|upkeep\n|\n|t:|1700506825\n|switch|p1a: \u2695\ufe0f\ud83d\udc09NAGANADEL\ud83d\udc09\u2695\ufe0f|Naganadel, shiny|100\/100\n|turn|2\n|\n|t:|1700506839\n|-terastallize|p1a: \u2695\ufe0f\ud83d\udc09NAGANADEL\ud83d\udc09\u2695\ufe0f|Dragon\n|move|p1a: \u2695\ufe0f\ud83d\udc09NAGANADEL\ud83d\udc09\u2695\ufe0f|Dragon Pulse|p2a: play bloons td 6\n|-damage|p2a: play bloons td 6|0 fnt\n|faint|p2a: play bloons td 6\n|-ability|p1a: \u2695\ufe0f\ud83d\udc09NAGANADEL\ud83d\udc09\u2695\ufe0f|Beast Boost|boost\n|-boost|p1a: \u2695\ufe0f\ud83d\udc09NAGANADEL\ud83d\udc09\u2695\ufe0f|spa|1\n|\n|upkeep\n|\n|t:|1700506847\n|switch|p2a: banetti spaghetti|Banette, M, shiny|100\/100\n|-item|p1a: \u2695\ufe0f\ud83d\udc09NAGANADEL\ud83d\udc09\u2695\ufe0f|Draco Plate|[from] ability: Frisk|[of] p2a: banetti spaghetti|[identify]\n|turn|3\n|\n|t:|1700506854\n|detailschange|p2a: banetti spaghetti|Banette-Mega, M, shiny\n|-mega|p2a: banetti spaghetti|Banette|Banettite\n|move|p2a: banetti spaghetti|Destiny Bond|p2a: banetti spaghetti\n|-singlemove|p2a: banetti spaghetti|Destiny Bond\n|move|p1a: \u2695\ufe0f\ud83d\udc09NAGANADEL\ud83d\udc09\u2695\ufe0f|Dragon Dance|p1a: \u2695\ufe0f\ud83d\udc09NAGANADEL\ud83d\udc09\u2695\ufe0f\n|-boost|p1a: \u2695\ufe0f\ud83d\udc09NAGANADEL\ud83d\udc09\u2695\ufe0f|atk|1\n|-boost|p1a: \u2695\ufe0f\ud83d\udc09NAGANADEL\ud83d\udc09\u2695\ufe0f|spe|1\n|\n|upkeep\n|turn|4\n|\n|t:|1700506868\n|move|p2a: banetti spaghetti|Encore|p1a: \u2695\ufe0f\ud83d\udc09NAGANADEL\ud83d\udc09\u2695\ufe0f\n|-start|p1a: \u2695\ufe0f\ud83d\udc09NAGANADEL\ud83d\udc09\u2695\ufe0f|Encore\n|move|p1a: \u2695\ufe0f\ud83d\udc09NAGANADEL\ud83d\udc09\u2695\ufe0f|Dragon Dance|p1a: \u2695\ufe0f\ud83d\udc09NAGANADEL\ud83d\udc09\u2695\ufe0f\n|-boost|p1a: \u2695\ufe0f\ud83d\udc09NAGANADEL\ud83d\udc09\u2695\ufe0f|atk|1\n|-boost|p1a: \u2695\ufe0f\ud83d\udc09NAGANADEL\ud83d\udc09\u2695\ufe0f|spe|1\n|\n|upkeep\n|turn|5\n|\n|t:|1700506878\n|switch|p1a: \u2695\ufe0f\ud83d\udc09DRAGOZOLT\ud83d\udc09\u2695\ufe0f|Dracozolt, shiny|100\/100\n|move|p2a: banetti spaghetti|Poltergeist|p1a: \u2695\ufe0f\ud83d\udc09DRAGOZOLT\ud83d\udc09\u2695\ufe0f\n|-activate|p1a: \u2695\ufe0f\ud83d\udc09DRAGOZOLT\ud83d\udc09\u2695\ufe0f|move: Poltergeist|Zoom Lens\n|-damage|p1a: \u2695\ufe0f\ud83d\udc09DRAGOZOLT\ud83d\udc09\u2695\ufe0f|19\/100\n|\n|upkeep\n|turn|6\n|\n|t:|1700506887\n|move|p2a: banetti spaghetti|Will-O-Wisp|p1a: \u2695\ufe0f\ud83d\udc09DRAGOZOLT\ud83d\udc09\u2695\ufe0f|[miss]\n|-miss|p2a: banetti spaghetti|p1a: \u2695\ufe0f\ud83d\udc09DRAGOZOLT\ud83d\udc09\u2695\ufe0f\n|move|p1a: \u2695\ufe0f\ud83d\udc09DRAGOZOLT\ud83d\udc09\u2695\ufe0f|Thunder Wave|p2a: banetti spaghetti\n|-status|p2a: banetti spaghetti|par\n|\n|upkeep\n|turn|7\n|\n|t:|1700506901\n|move|p1a: \u2695\ufe0f\ud83d\udc09DRAGOZOLT\ud83d\udc09\u2695\ufe0f|Bolt Beak|p2a: banetti spaghetti|[miss]\n|-miss|p1a: \u2695\ufe0f\ud83d\udc09DRAGOZOLT\ud83d\udc09\u2695\ufe0f|p2a: banetti spaghetti\n|move|p2a: banetti spaghetti|Poltergeist|p1a: \u2695\ufe0f\ud83d\udc09DRAGOZOLT\ud83d\udc09\u2695\ufe0f\n|-activate|p1a: \u2695\ufe0f\ud83d\udc09DRAGOZOLT\ud83d\udc09\u2695\ufe0f|move: Poltergeist|Zoom Lens\n|-damage|p1a: \u2695\ufe0f\ud83d\udc09DRAGOZOLT\ud83d\udc09\u2695\ufe0f|0 fnt\n|faint|p1a: \u2695\ufe0f\ud83d\udc09DRAGOZOLT\ud83d\udc09\u2695\ufe0f\n|\n|upkeep\n|\n|t:|1700506915\n|switch|p1a: \u2695\ufe0f\ud83d\udc09GUZZLORD\ud83d\udc09\u2695\ufe0f|Guzzlord, shiny|100\/100\n|turn|8\n|\n|t:|1700506926\n|cant|p2a: banetti spaghetti|par\n|move|p1a: \u2695\ufe0f\ud83d\udc09GUZZLORD\ud83d\udc09\u2695\ufe0f|Dragon Claw|p2a: banetti spaghetti\n|-damage|p2a: banetti spaghetti|58\/100 par\n|\n|upkeep\n|turn|9\n|\n|t:|1700506933\n|move|p2a: banetti spaghetti|Destiny Bond|p2a: banetti spaghetti\n|-singlemove|p2a: banetti spaghetti|Destiny Bond\n|move|p1a: \u2695\ufe0f\ud83d\udc09GUZZLORD\ud83d\udc09\u2695\ufe0f|Outrage|p2a: banetti spaghetti\n|-damage|p2a: banetti spaghetti|0 fnt\n|faint|p2a: banetti spaghetti\n|-activate|p2a: banetti spaghetti|move: Destiny Bond\n|faint|p1a: \u2695\ufe0f\ud83d\udc09GUZZLORD\ud83d\udc09\u2695\ufe0f\n|\n|upkeep\n|j| Trans_Rightssss\n|\n|t:|1700506943\n|switch|p2a: white people|Toxtricity, F|100\/100\n|switch|p1a: \u2695\ufe0f\ud83d\udc09NAGANADEL\ud83d\udc09\u2695\ufe0f|Naganadel, shiny, tera:Dragon|100\/100\n|turn|10\n|\n|t:|1700506950\n|move|p1a: \u2695\ufe0f\ud83d\udc09NAGANADEL\ud83d\udc09\u2695\ufe0f|Dragon Pulse|p2a: white people\n|-damage|p2a: white people|0 fnt\n|faint|p2a: white people\n|-ability|p1a: \u2695\ufe0f\ud83d\udc09NAGANADEL\ud83d\udc09\u2695\ufe0f|Beast Boost|boost\n|-boost|p1a: \u2695\ufe0f\ud83d\udc09NAGANADEL\ud83d\udc09\u2695\ufe0f|spa|1\n|\n|upkeep\n|\n|t:|1700506954\n|switch|p2a: im cursing|Cursola, M|100\/100\n|turn|11\n|\n|t:|1700506959\n|move|p1a: \u2695\ufe0f\ud83d\udc09NAGANADEL\ud83d\udc09\u2695\ufe0f|Dragon Pulse|p2a: im cursing\n|-damage|p2a: im cursing|0 fnt\n|faint|p2a: im cursing\n|-ability|p1a: \u2695\ufe0f\ud83d\udc09NAGANADEL\ud83d\udc09\u2695\ufe0f|Beast Boost|boost\n|-boost|p1a: \u2695\ufe0f\ud83d\udc09NAGANADEL\ud83d\udc09\u2695\ufe0f|spa|1\n|\n|upkeep\n|\n|t:|1700506965\n|switch|p2a: corvi-kuh-night|Corviknight, M|100\/100\n|-ability|p2a: corvi-kuh-night|Pressure\n|turn|12\n|\n|t:|1700506970\n|move|p1a: \u2695\ufe0f\ud83d\udc09NAGANADEL\ud83d\udc09\u2695\ufe0f|Dragon Pulse|p2a: corvi-kuh-night\n|-resisted|p2a: corvi-kuh-night\n|-damage|p2a: corvi-kuh-night|46\/100\n|move|p2a: corvi-kuh-night|Roost|p2a: corvi-kuh-night\n|-heal|p2a: corvi-kuh-night|96\/100\n|-singleturn|p2a: corvi-kuh-night|move: Roost\n|\n|-heal|p2a: corvi-kuh-night|100\/100|[from] item: Leftovers\n|upkeep\n|turn|13\n|l| Trans_Rightssss\n|\n|t:|1700506980\n|move|p1a: \u2695\ufe0f\ud83d\udc09NAGANADEL\ud83d\udc09\u2695\ufe0f|Dragon Pulse|p2a: corvi-kuh-night\n|-resisted|p2a: corvi-kuh-night\n|-damage|p2a: corvi-kuh-night|51\/100\n|move|p2a: corvi-kuh-night|Roost|p2a: corvi-kuh-night\n|-heal|p2a: corvi-kuh-night|100\/100\n|-singleturn|p2a: corvi-kuh-night|move: Roost\n|\n|upkeep\n|turn|14\n|\n|t:|1700506989\n|move|p1a: \u2695\ufe0f\ud83d\udc09NAGANADEL\ud83d\udc09\u2695\ufe0f|Dragon Pulse|p2a: corvi-kuh-night\n|-resisted|p2a: corvi-kuh-night\n|-damage|p2a: corvi-kuh-night|44\/100\n|move|p2a: corvi-kuh-night|Roost|p2a: corvi-kuh-night\n|-heal|p2a: corvi-kuh-night|94\/100\n|-singleturn|p2a: corvi-kuh-night|move: Roost\n|\n|-heal|p2a: corvi-kuh-night|99\/100|[from] item: Leftovers\n|upkeep\n|turn|15\n|\n|t:|1700507000\n|move|p1a: \u2695\ufe0f\ud83d\udc09NAGANADEL\ud83d\udc09\u2695\ufe0f|Dragon Pulse|p2a: corvi-kuh-night\n|-resisted|p2a: corvi-kuh-night\n|-damage|p2a: corvi-kuh-night|48\/100\n|move|p2a: corvi-kuh-night|Roost|p2a: corvi-kuh-night\n|-heal|p2a: corvi-kuh-night|98\/100\n|-singleturn|p2a: corvi-kuh-night|move: Roost\n|\n|-heal|p2a: corvi-kuh-night|100\/100|[from] item: Leftovers\n|upkeep\n|turn|16\n|\n|t:|1700507014\n|move|p1a: \u2695\ufe0f\ud83d\udc09NAGANADEL\ud83d\udc09\u2695\ufe0f|Breaking Swipe|p2a: corvi-kuh-night\n|-resisted|p2a: corvi-kuh-night\n|-damage|p2a: corvi-kuh-night|91\/100\n|-unboost|p2a: corvi-kuh-night|atk|1\n|move|p2a: corvi-kuh-night|Roost|p2a: corvi-kuh-night\n|-heal|p2a: corvi-kuh-night|100\/100\n|-singleturn|p2a: corvi-kuh-night|move: Roost\n|\n|upkeep\n|turn|17\n|\n|t:|1700507026\n|move|p1a: \u2695\ufe0f\ud83d\udc09NAGANADEL\ud83d\udc09\u2695\ufe0f|Dragon Pulse|p2a: corvi-kuh-night\n|-resisted|p2a: corvi-kuh-night\n|-damage|p2a: corvi-kuh-night|52\/100\n|move|p2a: corvi-kuh-night|Bulk Up|p2a: corvi-kuh-night\n|-boost|p2a: corvi-kuh-night|atk|1\n|-boost|p2a: corvi-kuh-night|def|1\n|\n|-heal|p2a: corvi-kuh-night|58\/100|[from] item: Leftovers\n|upkeep\n|turn|18\n|\n|t:|1700507035\n|move|p1a: \u2695\ufe0f\ud83d\udc09NAGANADEL\ud83d\udc09\u2695\ufe0f|Dragon Pulse|p2a: corvi-kuh-night\n|-resisted|p2a: corvi-kuh-night\n|-damage|p2a: corvi-kuh-night|7\/100\n|move|p2a: corvi-kuh-night|Roost|p2a: corvi-kuh-night\n|-heal|p2a: corvi-kuh-night|57\/100\n|-singleturn|p2a: corvi-kuh-night|move: Roost\n|\n|-heal|p2a: corvi-kuh-night|63\/100|[from] item: Leftovers\n|upkeep\n|turn|19\n|\n|t:|1700507046\n|move|p1a: \u2695\ufe0f\ud83d\udc09NAGANADEL\ud83d\udc09\u2695\ufe0f|Dragon Pulse|p2a: corvi-kuh-night\n|-resisted|p2a: corvi-kuh-night\n|-damage|p2a: corvi-kuh-night|7\/100\n|move|p2a: corvi-kuh-night|Bulk Up|p2a: corvi-kuh-night\n|-boost|p2a: corvi-kuh-night|atk|1\n|-boost|p2a: corvi-kuh-night|def|1\n|\n|-heal|p2a: corvi-kuh-night|13\/100|[from] item: Leftovers\n|upkeep\n|turn|20\n|\n|t:|1700507056\n|move|p1a: \u2695\ufe0f\ud83d\udc09NAGANADEL\ud83d\udc09\u2695\ufe0f|Breaking Swipe|p2a: corvi-kuh-night\n|-resisted|p2a: corvi-kuh-night\n|-damage|p2a: corvi-kuh-night|9\/100\n|-unboost|p2a: corvi-kuh-night|atk|1\n|move|p2a: corvi-kuh-night|Roost|p2a: corvi-kuh-night\n|-heal|p2a: corvi-kuh-night|59\/100\n|-singleturn|p2a: corvi-kuh-night|move: Roost\n|\n|-heal|p2a: corvi-kuh-night|65\/100|[from] item: Leftovers\n|upkeep\n|turn|21\n|\n|t:|1700507068\n|switch|p2a: high five!|Alomomola, F, shiny|100\/100\n|move|p1a: \u2695\ufe0f\ud83d\udc09NAGANADEL\ud83d\udc09\u2695\ufe0f|Breaking Swipe|p2a: high five!\n|-damage|p2a: high five!|88\/100\n|-unboost|p2a: high five!|atk|1\n|\n|upkeep\n|turn|22\n|\n|t:|1700507076\n|move|p2a: high five!|Protect|p2a: high five!\n|-singleturn|p2a: high five!|Protect\n|move|p1a: \u2695\ufe0f\ud83d\udc09NAGANADEL\ud83d\udc09\u2695\ufe0f|Sludge Wave|p2a: high five!\n|-activate|p2a: high five!|move: Protect\n|\n|upkeep\n|turn|23\n|\n|t:|1700507083\n|switch|p2a: corvi-kuh-night|Corviknight, M|65\/100\n|-ability|p2a: corvi-kuh-night|Pressure\n|move|p1a: \u2695\ufe0f\ud83d\udc09NAGANADEL\ud83d\udc09\u2695\ufe0f|Sludge Wave|p2a: corvi-kuh-night\n|-immune|p2a: corvi-kuh-night\n|\n|-heal|p2a: corvi-kuh-night|72\/100|[from] item: Leftovers\n|upkeep\n|turn|24\n|\n|t:|1700507092\n|switch|p2a: high five!|Alomomola, F, shiny|100\/100\n|move|p1a: \u2695\ufe0f\ud83d\udc09NAGANADEL\ud83d\udc09\u2695\ufe0f|Breaking Swipe|p2a: high five!\n|-damage|p2a: high five!|89\/100\n|-unboost|p2a: high five!|atk|1\n|\n|upkeep\n|turn|25\n|\n|t:|1700507103\n|switch|p2a: corvi-kuh-night|Corviknight, M|72\/100\n|-ability|p2a: corvi-kuh-night|Pressure\n|move|p1a: \u2695\ufe0f\ud83d\udc09NAGANADEL\ud83d\udc09\u2695\ufe0f|Breaking Swipe|p2a: corvi-kuh-night\n|-resisted|p2a: corvi-kuh-night\n|-damage|p2a: corvi-kuh-night|62\/100\n|-unboost|p2a: corvi-kuh-night|atk|1\n|\n|-heal|p2a: corvi-kuh-night|68\/100|[from] item: Leftovers\n|upkeep\n|turn|26\n|j| loretze\n|l| loretze\n|\n|t:|1700507114\n|move|p1a: \u2695\ufe0f\ud83d\udc09NAGANADEL\ud83d\udc09\u2695\ufe0f|Sludge Wave|p2a: corvi-kuh-night\n|-immune|p2a: corvi-kuh-night\n|move|p2a: corvi-kuh-night|Bulk Up|p2a: corvi-kuh-night\n|-boost|p2a: corvi-kuh-night|atk|1\n|-boost|p2a: corvi-kuh-night|def|1\n|\n|-heal|p2a: corvi-kuh-night|74\/100|[from] item: Leftovers\n|upkeep\n|turn|27\n|\n|t:|1700507123\n|move|p1a: \u2695\ufe0f\ud83d\udc09NAGANADEL\ud83d\udc09\u2695\ufe0f|Breaking Swipe|p2a: corvi-kuh-night\n|-resisted|p2a: corvi-kuh-night\n|-damage|p2a: corvi-kuh-night|69\/100\n|-unboost|p2a: corvi-kuh-night|atk|1\n|move|p2a: corvi-kuh-night|Bulk Up|p2a: corvi-kuh-night\n|-boost|p2a: corvi-kuh-night|atk|1\n|-boost|p2a: corvi-kuh-night|def|1\n|\n|-heal|p2a: corvi-kuh-night|75\/100|[from] item: Leftovers\n|upkeep\n|turn|28\n|\n|t:|1700507138\n|switch|p1a: \u2695\ufe0f\ud83d\udc09FLAPPLE\ud83d\udc09\u2695\ufe0f|Flapple, M|100\/100\n|move|p2a: corvi-kuh-night|Bulk Up|p2a: corvi-kuh-night\n|-boost|p2a: corvi-kuh-night|atk|1\n|-boost|p2a: corvi-kuh-night|def|1\n|\n|-heal|p2a: corvi-kuh-night|81\/100|[from] item: Leftovers\n|upkeep\n|turn|29\n|\n|t:|1700507147\n|move|p1a: \u2695\ufe0f\ud83d\udc09FLAPPLE\ud83d\udc09\u2695\ufe0f|Dragon Breath|p2a: corvi-kuh-night\n|-resisted|p2a: corvi-kuh-night\n|-damage|p2a: corvi-kuh-night|75\/100\n|move|p2a: corvi-kuh-night|Brave Bird|p1a: \u2695\ufe0f\ud83d\udc09FLAPPLE\ud83d\udc09\u2695\ufe0f\n|-supereffective|p1a: \u2695\ufe0f\ud83d\udc09FLAPPLE\ud83d\udc09\u2695\ufe0f\n|-damage|p1a: \u2695\ufe0f\ud83d\udc09FLAPPLE\ud83d\udc09\u2695\ufe0f|0 fnt\n|faint|p1a: \u2695\ufe0f\ud83d\udc09FLAPPLE\ud83d\udc09\u2695\ufe0f\n|-damage|p2a: corvi-kuh-night|52\/100|[from] Recoil\n|\n|-heal|p2a: corvi-kuh-night|58\/100|[from] item: Leftovers\n|upkeep\n|\n|t:|1700507162\n|switch|p1a: \u2695\ufe0f\ud83d\udc09NAGANADEL\ud83d\udc09\u2695\ufe0f|Naganadel, shiny, tera:Dragon|100\/100\n|turn|30\n|\n|t:|1700507167\n|move|p1a: \u2695\ufe0f\ud83d\udc09NAGANADEL\ud83d\udc09\u2695\ufe0f|Breaking Swipe|p2a: corvi-kuh-night\n|-resisted|p2a: corvi-kuh-night\n|-damage|p2a: corvi-kuh-night|54\/100\n|-unboost|p2a: corvi-kuh-night|atk|1\n|move|p2a: corvi-kuh-night|Bulk Up|p2a: corvi-kuh-night\n|-boost|p2a: corvi-kuh-night|atk|1\n|-boost|p2a: corvi-kuh-night|def|1\n|\n|-heal|p2a: corvi-kuh-night|61\/100|[from] item: Leftovers\n|upkeep\n|turn|31\n|\n|t:|1700507178\n|move|p1a: \u2695\ufe0f\ud83d\udc09NAGANADEL\ud83d\udc09\u2695\ufe0f|Breaking Swipe|p2a: corvi-kuh-night\n|-resisted|p2a: corvi-kuh-night\n|-damage|p2a: corvi-kuh-night|57\/100\n|-unboost|p2a: corvi-kuh-night|atk|1\n|move|p2a: corvi-kuh-night|Bulk Up|p2a: corvi-kuh-night\n|-boost|p2a: corvi-kuh-night|atk|1\n|-boost|p2a: corvi-kuh-night|def|1\n|\n|-heal|p2a: corvi-kuh-night|64\/100|[from] item: Leftovers\n|upkeep\n|turn|32\n|j| SnakesAndCakes\n|\n|t:|1700507189\n|move|p1a: \u2695\ufe0f\ud83d\udc09NAGANADEL\ud83d\udc09\u2695\ufe0f|Breaking Swipe|p2a: corvi-kuh-night\n|-resisted|p2a: corvi-kuh-night\n|-damage|p2a: corvi-kuh-night|60\/100\n|-unboost|p2a: corvi-kuh-night|atk|1\n|move|p2a: corvi-kuh-night|Bulk Up|p2a: corvi-kuh-night\n|-boost|p2a: corvi-kuh-night|atk|1\n|-boost|p2a: corvi-kuh-night|def|1\n|\n|-heal|p2a: corvi-kuh-night|67\/100|[from] item: Leftovers\n|upkeep\n|turn|33\n|\n|t:|1700507201\n|move|p1a: \u2695\ufe0f\ud83d\udc09NAGANADEL\ud83d\udc09\u2695\ufe0f|Breaking Swipe|p2a: corvi-kuh-night\n|-resisted|p2a: corvi-kuh-night\n|-damage|p2a: corvi-kuh-night|64\/100\n|-unboost|p2a: corvi-kuh-night|atk|1\n|move|p2a: corvi-kuh-night|Bulk Up|p2a: corvi-kuh-night\n|-boost|p2a: corvi-kuh-night|atk|1\n|-boost|p2a: corvi-kuh-night|def|0\n|\n|-heal|p2a: corvi-kuh-night|71\/100|[from] item: Leftovers\n|upkeep\n|turn|34\n|l| SnakesAndCakes\n|\n|t:|1700507212\n|move|p1a: \u2695\ufe0f\ud83d\udc09NAGANADEL\ud83d\udc09\u2695\ufe0f|Breaking Swipe|p2a: corvi-kuh-night\n|-resisted|p2a: corvi-kuh-night\n|-damage|p2a: corvi-kuh-night|68\/100\n|-unboost|p2a: corvi-kuh-night|atk|1\n|move|p2a: corvi-kuh-night|Bulk Up|p2a: corvi-kuh-night\n|-boost|p2a: corvi-kuh-night|atk|1\n|-boost|p2a: corvi-kuh-night|def|0\n|\n|-heal|p2a: corvi-kuh-night|74\/100|[from] item: Leftovers\n|upkeep\n|turn|35\n|\n|t:|1700507224\n|move|p1a: \u2695\ufe0f\ud83d\udc09NAGANADEL\ud83d\udc09\u2695\ufe0f|Breaking Swipe|p2a: corvi-kuh-night\n|-resisted|p2a: corvi-kuh-night\n|-damage|p2a: corvi-kuh-night|72\/100\n|-unboost|p2a: corvi-kuh-night|atk|1\n|move|p2a: corvi-kuh-night|Bulk Up|p2a: corvi-kuh-night\n|-boost|p2a: corvi-kuh-night|atk|1\n|-boost|p2a: corvi-kuh-night|def|0\n|\n|-heal|p2a: corvi-kuh-night|78\/100|[from] item: Leftovers\n|upkeep\n|turn|36\n|\n|t:|1700507239\n|move|p1a: \u2695\ufe0f\ud83d\udc09NAGANADEL\ud83d\udc09\u2695\ufe0f|Breaking Swipe|p2a: corvi-kuh-night\n|-resisted|p2a: corvi-kuh-night\n|-damage|p2a: corvi-kuh-night|76\/100\n|-unboost|p2a: corvi-kuh-night|atk|1\n|move|p2a: corvi-kuh-night|Bulk Up|p2a: corvi-kuh-night\n|-boost|p2a: corvi-kuh-night|atk|1\n|-boost|p2a: corvi-kuh-night|def|0\n|\n|-heal|p2a: corvi-kuh-night|82\/100|[from] item: Leftovers\n|upkeep\n|turn|37\n|\n|t:|1700507252\n|switch|p1a: \u2695\ufe0f\ud83d\udc09FLYGON\ud83d\udc09\u2695\ufe0f|Flygon, M, shiny|100\/100\n|move|p2a: corvi-kuh-night|Bulk Up|p2a: corvi-kuh-night\n|-boost|p2a: corvi-kuh-night|atk|1\n|-boost|p2a: corvi-kuh-night|def|0\n|\n|-heal|p2a: corvi-kuh-night|88\/100|[from] item: Leftovers\n|upkeep\n|turn|38\n|\n|t:|1700507262\n|move|p1a: \u2695\ufe0f\ud83d\udc09FLYGON\ud83d\udc09\u2695\ufe0f|Dragon Dance|p1a: \u2695\ufe0f\ud83d\udc09FLYGON\ud83d\udc09\u2695\ufe0f\n|-boost|p1a: \u2695\ufe0f\ud83d\udc09FLYGON\ud83d\udc09\u2695\ufe0f|atk|1\n|-boost|p1a: \u2695\ufe0f\ud83d\udc09FLYGON\ud83d\udc09\u2695\ufe0f|spe|1\n|move|p2a: corvi-kuh-night|Bulk Up|p2a: corvi-kuh-night\n|-boost|p2a: corvi-kuh-night|atk|1\n|-boost|p2a: corvi-kuh-night|def|0\n|\n|-heal|p2a: corvi-kuh-night|94\/100|[from] item: Leftovers\n|upkeep\n|turn|39\n|\n|t:|1700507280\n|move|p1a: \u2695\ufe0f\ud83d\udc09FLYGON\ud83d\udc09\u2695\ufe0f|Dragon Dance|p1a: \u2695\ufe0f\ud83d\udc09FLYGON\ud83d\udc09\u2695\ufe0f\n|-boost|p1a: \u2695\ufe0f\ud83d\udc09FLYGON\ud83d\udc09\u2695\ufe0f|atk|1\n|-boost|p1a: \u2695\ufe0f\ud83d\udc09FLYGON\ud83d\udc09\u2695\ufe0f|spe|1\n|move|p2a: corvi-kuh-night|Brave Bird|p1a: \u2695\ufe0f\ud83d\udc09FLYGON\ud83d\udc09\u2695\ufe0f\n|-damage|p1a: \u2695\ufe0f\ud83d\udc09FLYGON\ud83d\udc09\u2695\ufe0f|0 fnt\n|faint|p1a: \u2695\ufe0f\ud83d\udc09FLYGON\ud83d\udc09\u2695\ufe0f\n|-damage|p2a: corvi-kuh-night|69\/100|[from] Recoil\n|\n|-heal|p2a: corvi-kuh-night|76\/100|[from] item: Leftovers\n|upkeep\n|-message|DRAGON-M0DE\u2695\ufe0f forfeited.\n|\n|win|bootyhole inc \u269d\u5f61\n|raw|DRAGON-M0DE\u2695\ufe0f's rating: 1191 &rarr; <strong>1162<\/strong><br \/>(-29 for losing)\n|raw|bootyhole inc \u269d\u5f61's rating: 1129 &rarr; <strong>1158<\/strong><br \/>(+29 for winning)\n|l|\u2606DRAGON-M0DE\u2695\ufe0f\n","uploadtime":1700507300,"views":1,"p1id":"dragonm0de","p2id":"bootyholeinc","formatid":"gen9nationaldexubers","rating":1158,"private":0,"password":""}