{"id":"gen9nationaldexubers-1981522968","p1":"zillygaming","p2":"Pokemonowy gosc","format":"[Gen 9] National Dex Ubers","log":"|j|\u2606zillygaming\n|j|\u2606Pokemonowy gosc\n|t:|1698911866\n|gametype|singles\n|player|p1|zillygaming|ingo|1191\n|player|p2|Pokemonowy gosc|dawn|1035\n|teamsize|p1|6\n|teamsize|p2|6\n|gen|9\n|tier|[Gen 9] National Dex Ubers\n|rated|\n|rule|HP Percentage Mod: HP is shown in percentages\n|rule|Endless Battle Clause: Forcing endless battles is banned\n|rule|OHKO Clause: OHKO moves are banned\n|rule|Evasion Moves Clause: Evasion moves are banned\n|rule|Evasion Items Clause: Evasion items are banned\n|rule|Species Clause: Limit one of each Pok\u00e9mon\n|rule|Sleep Clause Mod: Limit one foe put to sleep\n|rule|Mega Rayquaza Clause: You cannot mega evolve Rayquaza\n|clearpoke\n|poke|p1|Blaziken, F|\n|poke|p1|Kyogre|\n|poke|p1|Rillaboom, M|\n|poke|p1|Deoxys-Speed|\n|poke|p1|Dracovish|\n|poke|p1|Zacian-*|\n|poke|p2|Charmander, F|\n|poke|p2|Wartortle, M|\n|poke|p2|Electabuzz, F|\n|poke|p2|Sandshrew, F|\n|poke|p2|Tangela, F|\n|poke|p2|Metapod, M|\n|teampreview\n|inactive|Battle timer is ON: inactive players will automatically lose when time's up. (requested by Pokemonowy gosc)\n|\n|t:|1698911875\n|start\n|switch|p1a: Deoxys|Deoxys-Speed, shiny|100\/100\n|switch|p2a: Charmander|Charmander, F|100\/100\n|-ability|p1a: Deoxys|Pressure\n|turn|1\n|\n|t:|1698911887\n|move|p1a: Deoxys|Stealth Rock|p2a: Charmander\n|-sidestart|p2: Pokemonowy gosc|move: Stealth Rock\n|move|p2a: Charmander|Counter||[still]\n|-fail|p2a: Charmander\n|\n|upkeep\n|turn|2\n|\n|t:|1698911901\n|move|p1a: Deoxys|Spikes|p2a: Charmander\n|-sidestart|p2: Pokemonowy gosc|Spikes\n|move|p2a: Charmander|Heat Wave|p1a: Deoxys\n|-damage|p1a: Deoxys|46\/100\n|\n|upkeep\n|turn|3\n|\n|t:|1698911911\n|move|p1a: Deoxys|Spikes|p2a: Charmander\n|-sidestart|p2: Pokemonowy gosc|Spikes\n|move|p2a: Charmander|Ancient Power|p1a: Deoxys\n|-damage|p1a: Deoxys|23\/100\n|\n|upkeep\n|turn|4\n|\n|t:|1698911918\n|move|p1a: Deoxys|Spikes|p2a: Charmander\n|-sidestart|p2: Pokemonowy gosc|Spikes\n|move|p2a: Charmander|Rock Smash|p1a: Deoxys\n|-resisted|p1a: Deoxys\n|-damage|p1a: Deoxys|19\/100\n|-unboost|p1a: Deoxys|def|1\n|\n|upkeep\n|turn|5\n|\n|t:|1698911926\n|move|p1a: Deoxys|Psychic|p2a: Charmander\n|-damage|p2a: Charmander|18\/100\n|move|p2a: Charmander|Rock Smash|p1a: Deoxys\n|-resisted|p1a: Deoxys\n|-damage|p1a: Deoxys|12\/100\n|-unboost|p1a: Deoxys|def|1\n|\n|upkeep\n|turn|6\n|\n|t:|1698911935\n|move|p1a: Deoxys|Psychic|p2a: Charmander\n|-damage|p2a: Charmander|0 fnt\n|faint|p2a: Charmander\n|\n|upkeep\n|\n|t:|1698911944\n|switch|p2a: Wartortle|Wartortle, M|100\/100\n|-damage|p2a: Wartortle|88\/100|[from] Stealth Rock\n|-damage|p2a: Wartortle|63\/100|[from] Spikes\n|turn|7\n|\n|t:|1698911952\n|move|p2a: Wartortle|Aqua Jet|p1a: Deoxys\n|-damage|p1a: Deoxys|0 fnt\n|faint|p1a: Deoxys\n|\n|upkeep\n|\n|t:|1698911959\n|switch|p1a: Rillaboom|Rillaboom, M, shiny|100\/100\n|-fieldstart|move: Grassy Terrain|[from] ability: Grassy Surge|[of] p1a: Rillaboom\n|turn|8\n|\n|t:|1698911966\n|move|p1a: Rillaboom|Fake Out|p2a: Wartortle\n|-damage|p2a: Wartortle|44\/100\n|-damage|p1a: Rillaboom|91\/100|[from] item: Life Orb\n|cant|p2a: Wartortle|flinch\n|\n|-heal|p1a: Rillaboom|97\/100|[from] Grassy Terrain\n|-heal|p2a: Wartortle|50\/100|[from] Grassy Terrain\n|upkeep\n|turn|9\n|\n|t:|1698911976\n|move|p1a: Rillaboom|Protect|p1a: Rillaboom\n|-singleturn|p1a: Rillaboom|Protect\n|move|p2a: Wartortle|Rock Smash|p1a: Rillaboom\n|-activate|p1a: Rillaboom|move: Protect\n|\n|-heal|p1a: Rillaboom|100\/100|[from] Grassy Terrain\n|-heal|p2a: Wartortle|56\/100|[from] Grassy Terrain\n|upkeep\n|turn|10\n|\n|t:|1698911987\n|move|p1a: Rillaboom|Grassy Glide|p2a: Wartortle\n|-supereffective|p2a: Wartortle\n|-damage|p2a: Wartortle|0 fnt\n|faint|p2a: Wartortle\n|-damage|p1a: Rillaboom|91\/100|[from] item: Life Orb\n|\n|-heal|p1a: Rillaboom|97\/100|[from] Grassy Terrain\n|upkeep\n|\n|t:|1698911996\n|switch|p2a: Metapod|Metapod, M|100\/100\n|-damage|p2a: Metapod|76\/100|[from] Stealth Rock\n|-damage|p2a: Metapod|51\/100|[from] Spikes\n|turn|11\n|\n|t:|1698912013\n|switch|p1a: Blaziken|Blaziken, F, shiny|100\/100\n|-terastallize|p2a: Metapod|Bug\n|move|p2a: Metapod|Bug Bite|p1a: Blaziken\n|-resisted|p1a: Blaziken\n|-damage|p1a: Blaziken|94\/100\n|\n|-heal|p1a: Blaziken|99\/100|[from] Grassy Terrain\n|-heal|p2a: Metapod|57\/100|[from] Grassy Terrain\n|upkeep\n|turn|12\n|\n|t:|1698912027\n|detailschange|p1a: Blaziken|Blaziken-Mega, F, shiny\n|-mega|p1a: Blaziken|Blaziken|Blazikenite\n|move|p1a: Blaziken|Blaze Kick|p2a: Metapod\n|-supereffective|p2a: Metapod\n|-damage|p2a: Metapod|0 fnt\n|faint|p2a: Metapod\n|\n|-heal|p1a: Blaziken|100\/100|[from] Grassy Terrain\n|-fieldend|move: Grassy Terrain\n|-ability|p1a: Blaziken|Speed Boost|boost\n|-boost|p1a: Blaziken|spe|1\n|upkeep\n|\n|t:|1698912038\n|switch|p2a: Sandshrew|Sandshrew, F|100\/100\n|-damage|p2a: Sandshrew|94\/100|[from] Stealth Rock\n|-damage|p2a: Sandshrew|69\/100|[from] Spikes\n|turn|13\n|\n|t:|1698912051\n|move|p1a: Blaziken|Brave Bird|p2a: Sandshrew\n|-damage|p2a: Sandshrew|15\/100\n|-damage|p1a: Blaziken|86\/100|[from] Recoil\n|move|p2a: Sandshrew|Aerial Ace|p1a: Blaziken\n|-supereffective|p1a: Blaziken\n|-damage|p1a: Blaziken|44\/100\n|\n|-ability|p1a: Blaziken|Speed Boost|boost\n|-boost|p1a: Blaziken|spe|1\n|upkeep\n|turn|14\n|\n|t:|1698912069\n|move|p1a: Blaziken|Close Combat|p2a: Sandshrew\n|-damage|p2a: Sandshrew|0 fnt\n|-unboost|p1a: Blaziken|def|1\n|-unboost|p1a: Blaziken|spd|1\n|faint|p2a: Sandshrew\n|\n|-ability|p1a: Blaziken|Speed Boost|boost\n|-boost|p1a: Blaziken|spe|1\n|upkeep\n|\n|t:|1698912078\n|switch|p2a: Tangela|Tangela, F|100\/100\n|-damage|p2a: Tangela|88\/100|[from] Stealth Rock\n|-damage|p2a: Tangela|63\/100|[from] Spikes\n|turn|15\n|\n|t:|1698912092\n|move|p1a: Blaziken|Blaze Kick|p2a: Tangela\n|-supereffective|p2a: Tangela\n|-damage|p2a: Tangela|0 fnt\n|faint|p2a: Tangela\n|\n|-ability|p1a: Blaziken|Speed Boost|boost\n|-boost|p1a: Blaziken|spe|1\n|upkeep\n|\n|t:|1698912099\n|switch|p2a: Electabuzz|Electabuzz, F|100\/100\n|-damage|p2a: Electabuzz|88\/100|[from] Stealth Rock\n|-damage|p2a: Electabuzz|64\/100|[from] Spikes\n|turn|16\n|\n|t:|1698912107\n|move|p1a: Blaziken|Close Combat|p2a: Electabuzz\n|-damage|p2a: Electabuzz|0 fnt\n|-unboost|p1a: Blaziken|def|1\n|-unboost|p1a: Blaziken|spd|1\n|faint|p2a: Electabuzz\n|\n|win|zillygaming\n|raw|zillygaming's rating: 1191 &rarr; <strong>1205<\/strong><br \/>(+14 for winning)\n|raw|Pokemonowy gosc's rating: 1035 &rarr; <strong>1026<\/strong><br \/>(-9 for losing)\n|l|\u2606Pokemonowy gosc\n","uploadtime":1698912120,"views":9,"p1id":"zillygaming","p2id":"pokemonowygosc","formatid":"gen9nationaldexubers","rating":1026,"private":0,"password":""}