{"id":"gen9nationaldexubers-1980866215","p1":"AceTheInadequate","p2":"Trainer Lore","format":"[Gen 9] National Dex Ubers","log":"|j|\u2606AceTheInadequate\n|j|\u2606Trainer Lore\n|t:|1698843947\n|gametype|singles\n|player|p1|AceTheInadequate|guitarist|\n|player|p2|Trainer Lore|veteranf|\n|teamsize|p1|6\n|teamsize|p2|6\n|gen|9\n|tier|[Gen 9] National Dex Ubers\n|rule|HP Percentage Mod: HP is shown in percentages\n|rule|Endless Battle Clause: Forcing endless battles is banned\n|rule|OHKO Clause: OHKO moves are banned\n|rule|Evasion Moves Clause: Evasion moves are banned\n|rule|Evasion Items Clause: Evasion items are banned\n|rule|Species Clause: Limit one of each Pok\u00e9mon\n|rule|Sleep Clause Mod: Limit one foe put to sleep\n|rule|Mega Rayquaza Clause: You cannot mega evolve Rayquaza\n|clearpoke\n|poke|p1|Volcarona, M|\n|poke|p1|Scizor, F|\n|poke|p1|Slither Wing|\n|poke|p1|Araquanid, M|\n|poke|p1|Ribombee, F|\n|poke|p1|Galvantula, F|\n|poke|p2|Palafin, M|\n|poke|p2|Basculegion, M|\n|poke|p2|Toxapex, M|\n|poke|p2|Iron Bundle|\n|poke|p2|Greninja-*, F|\n|poke|p2|Rotom-Wash|\n|teampreview\n|inactive|Battle timer is ON: inactive players will automatically lose when time's up. (requested by Trainer Lore)\n|\n|t:|1698843964\n|start\n|switch|p1a: Apollo|Araquanid, M|100\/100\n|switch|p2a: Tsunami|Palafin, M|100\/100\n|turn|1\n|\n|t:|1698843968\n|detailschange|p2a: Tsunami|Palafin-Hero, M\n|switch|p2a: Sentakuki|Rotom-Wash|100\/100\n|move|p1a: Apollo|Poison Jab|p2a: Sentakuki\n|-damage|p2a: Sentakuki|88\/100\n|\n|upkeep\n|turn|2\n|j| hisdark\n|l| hisdark\n|\n|t:|1698843991\n|switch|p1a: Vegeta|Slither Wing, shiny|100\/100\n|-enditem|p1a: Vegeta|Booster Energy\n|-activate|p1a: Vegeta|ability: Protosynthesis|[fromitem]\n|-start|p1a: Vegeta|protosynthesisatk\n|move|p2a: Sentakuki|Confuse Ray|p1a: Vegeta\n|-start|p1a: Vegeta|confusion\n|\n|upkeep\n|turn|3\n|\n|t:|1698843999\n|switch|p2a: Ophiure|Toxapex, M, shiny|100\/100\n|-activate|p1a: Vegeta|confusion\n|-damage|p1a: Vegeta|80\/100|[from] confusion\n|\n|upkeep\n|turn|4\n|\n|t:|1698844007\n|-end|p1a: Vegeta|confusion\n|move|p1a: Vegeta|U-turn|p2a: Ophiure\n|-resisted|p2a: Ophiure\n|-damage|p2a: Ophiure|86\/100\n|\n|t:|1698844019\n|-end|p1a: Vegeta|Protosynthesis|[silent]\n|switch|p1a: Bumblebee|Galvantula, F, shiny|100\/100|[from] U-turn\n|move|p2a: Ophiure|Scald|p1a: Bumblebee\n|-damage|p1a: Bumblebee|70\/100\n|\n|-heal|p2a: Ophiure|92\/100|[from] item: Leftovers\n|upkeep\n|turn|5\n|\n|t:|1698844037\n|switch|p2a: Sentakuki|Rotom-Wash|88\/100\n|move|p1a: Bumblebee|Volt Switch|p2a: Sentakuki\n|-damage|p2a: Sentakuki|58\/100\n|\n|t:|1698844042\n|switch|p1a: McQueen|Scizor, F|100\/100|[from] Volt Switch\n|\n|upkeep\n|turn|6\n|\n|t:|1698844046\n|detailschange|p1a: McQueen|Scizor-Mega, F\n|-mega|p1a: McQueen|Scizor|Scizorite\n|move|p2a: Sentakuki|Confuse Ray|p1a: McQueen\n|-start|p1a: McQueen|confusion\n|-activate|p1a: McQueen|confusion\n|move|p1a: McQueen|Swords Dance|p1a: McQueen\n|-boost|p1a: McQueen|atk|2\n|\n|upkeep\n|turn|7\n|\n|t:|1698844052\n|switch|p2a: Ophiure|Toxapex, M, shiny|100\/100\n|-activate|p1a: McQueen|confusion\n|move|p1a: McQueen|Trailblaze|p2a: Ophiure\n|-damage|p2a: Ophiure|62\/100\n|-boost|p1a: McQueen|spe|1\n|\n|-heal|p2a: Ophiure|68\/100|[from] item: Leftovers\n|upkeep\n|turn|8\n|\n|t:|1698844058\n|switch|p1a: Bumblebee|Galvantula, F, shiny|70\/100\n|move|p2a: Ophiure|Haze|p2a: Ophiure\n|-clearallboost\n|\n|-heal|p2a: Ophiure|74\/100|[from] item: Leftovers\n|upkeep\n|turn|9\n|\n|t:|1698844062\n|switch|p2a: Sentakuki|Rotom-Wash|58\/100\n|move|p1a: Bumblebee|Thunder|p2a: Sentakuki\n|-damage|p2a: Sentakuki|6\/100\n|\n|upkeep\n|turn|10\n|\n|t:|1698844066\n|move|p1a: Bumblebee|Volt Switch|p2a: Sentakuki\n|-damage|p2a: Sentakuki|0 fnt\n|faint|p2a: Sentakuki\n|\n|t:|1698844071\n|switch|p1a: Apollo|Araquanid, M|100\/100|[from] Volt Switch\n|\n|upkeep\n|\n|t:|1698844076\n|switch|p2a: Ophiure|Toxapex, M, shiny|100\/100\n|turn|11\n|\n|t:|1698844082\n|move|p1a: Apollo|Sticky Web|p2a: Ophiure\n|-sidestart|p2: Trainer Lore|move: Sticky Web\n|move|p2a: Ophiure|Toxic|p1a: Apollo\n|-status|p1a: Apollo|tox\n|\n|-damage|p1a: Apollo|94\/100 tox|[from] psn\n|upkeep\n|turn|12\n|\n|t:|1698844094\n|switch|p1a: McQueen|Scizor-Mega, F|100\/100\n|move|p2a: Ophiure|Haze|p2a: Ophiure\n|-clearallboost\n|\n|upkeep\n|turn|13\n|\n|t:|1698844101\n|switch|p1a: Apollo|Araquanid, M|94\/100 tox\n|move|p2a: Ophiure|Scald|p1a: Apollo\n|-heal|p1a: Apollo|100\/100 tox|[from] ability: Water Absorb|[of] p2a: Ophiure\n|\n|-damage|p1a: Apollo|94\/100 tox|[from] psn\n|upkeep\n|turn|14\n|\n|t:|1698844115\n|move|p1a: Apollo|Leech Life|p2a: Ophiure\n|-resisted|p2a: Ophiure\n|-damage|p2a: Ophiure|95\/100\n|-heal|p1a: Apollo|97\/100 tox|[from] drain|[of] p2a: Ophiure\n|move|p2a: Ophiure|Scald|p1a: Apollo\n|-heal|p1a: Apollo|100\/100 tox|[from] ability: Water Absorb|[of] p2a: Ophiure\n|\n|-heal|p2a: Ophiure|100\/100|[from] item: Leftovers\n|-damage|p1a: Apollo|88\/100 tox|[from] psn\n|upkeep\n|turn|15\n|\n|t:|1698844120\n|switch|p1a: Bumblebee|Galvantula, F, shiny|70\/100\n|move|p2a: Ophiure|Haze|p2a: Ophiure\n|-clearallboost\n|\n|upkeep\n|turn|16\n|\n|t:|1698844128\n|switch|p2a: Swashbuckler|Greninja, F|100\/100\n|-activate|p2a: Swashbuckler|move: Sticky Web\n|-unboost|p2a: Swashbuckler|spe|1\n|move|p1a: Bumblebee|Volt Switch|p2a: Swashbuckler\n|-supereffective|p2a: Swashbuckler\n|-damage|p2a: Swashbuckler|10\/100\n|\n|t:|1698844131\n|switch|p1a: McQueen|Scizor-Mega, F|100\/100|[from] Volt Switch\n|\n|upkeep\n|turn|17\n|\n|t:|1698844134\n|move|p1a: McQueen|Bullet Punch|p2a: Swashbuckler\n|-resisted|p2a: Swashbuckler\n|-damage|p2a: Swashbuckler|0 fnt\n|faint|p2a: Swashbuckler\n|\n|upkeep\n|\n|t:|1698844138\n|switch|p2a: Ophiure|Toxapex, M, shiny|100\/100\n|-activate|p2a: Ophiure|move: Sticky Web\n|-unboost|p2a: Ophiure|spe|1\n|turn|18\n|\n|t:|1698844142\n|switch|p1a: Apollo|Araquanid, M|88\/100 tox\n|move|p2a: Ophiure|Scald|p1a: Apollo\n|-heal|p1a: Apollo|100\/100 tox|[from] ability: Water Absorb|[of] p2a: Ophiure\n|\n|-damage|p1a: Apollo|94\/100 tox|[from] psn\n|upkeep\n|turn|19\n|\n|t:|1698844150\n|switch|p1a: McQueen|Scizor-Mega, F|100\/100\n|move|p2a: Ophiure|Haze|p2a: Ophiure\n|-clearallboost\n|\n|upkeep\n|turn|20\n|\n|t:|1698844153\n|switch|p1a: Here comes the sun|Volcarona, M|100\/100\n|move|p2a: Ophiure|Scald|p1a: Here comes the sun\n|-supereffective|p1a: Here comes the sun\n|-damage|p1a: Here comes the sun|62\/100\n|\n|upkeep\n|turn|21\n|\n|t:|1698844158\n|switch|p1a: Apollo|Araquanid, M|94\/100 tox\n|move|p2a: Ophiure|Toxic|p1a: Apollo\n|-fail|p1a: Apollo|tox\n|\n|-damage|p1a: Apollo|88\/100 tox|[from] psn\n|upkeep\n|turn|22\n|\n|t:|1698844166\n|switch|p1a: Bumblebee|Galvantula, F, shiny|70\/100\n|move|p2a: Ophiure|Haze|p2a: Ophiure\n|-clearallboost\n|\n|upkeep\n|turn|23\n|\n|t:|1698844177\n|move|p1a: Bumblebee|Volt Switch|p2a: Ophiure\n|-supereffective|p2a: Ophiure\n|-damage|p2a: Ophiure|54\/100\n|\n|t:|1698844182\n|switch|p1a: McQueen|Scizor-Mega, F|100\/100|[from] Volt Switch\n|move|p2a: Ophiure|Toxic|p1a: McQueen\n|-immune|p1a: McQueen\n|\n|-heal|p2a: Ophiure|61\/100|[from] item: Leftovers\n|upkeep\n|turn|24\n|\n|t:|1698844188\n|move|p1a: McQueen|Swords Dance|p1a: McQueen\n|-boost|p1a: McQueen|atk|2\n|move|p2a: Ophiure|Recover|p2a: Ophiure\n|-heal|p2a: Ophiure|100\/100\n|\n|upkeep\n|turn|25\n|\n|t:|1698844192\n|switch|p1a: Bumblebee|Galvantula, F, shiny|70\/100\n|move|p2a: Ophiure|Haze|p2a: Ophiure\n|-clearallboost\n|\n|upkeep\n|turn|26\n|\n|t:|1698844195\n|move|p1a: Bumblebee|Thunder|p2a: Ophiure\n|-supereffective|p2a: Ophiure\n|-damage|p2a: Ophiure|27\/100\n|move|p2a: Ophiure|Scald|p1a: Bumblebee\n|-damage|p1a: Bumblebee|42\/100\n|\n|-heal|p2a: Ophiure|34\/100|[from] item: Leftovers\n|upkeep\n|turn|27\n|\n|t:|1698844201\n|switch|p2a: Clause|Iron Bundle|100\/100\n|-activate|p2a: Clause|move: Sticky Web\n|-unboost|p2a: Clause|spe|1\n|move|p1a: Bumblebee|Thunder|p2a: Clause\n|-supereffective|p2a: Clause\n|-damage|p2a: Clause|0 fnt\n|faint|p2a: Clause\n|-end|p2a: Clause|Quark Drive|[silent]\n|\n|upkeep\n|\n|t:|1698844203\n|switch|p2a: Tsunami|Palafin-Hero, M|100\/100\n|-activate|p2a: Tsunami|move: Sticky Web\n|-unboost|p2a: Tsunami|spe|1\n|-activate|p2a: Tsunami|ability: Zero to Hero\n|turn|28\n|\n|t:|1698844214\n|switch|p1a: Apollo|Araquanid, M|88\/100 tox\n|move|p2a: Tsunami|Jet Punch|p1a: Apollo\n|-heal|p1a: Apollo|100\/100 tox|[from] ability: Water Absorb|[of] p2a: Tsunami\n|\n|-damage|p1a: Apollo|94\/100 tox|[from] psn\n|upkeep\n|turn|29\n|\n|t:|1698844218\n|switch|p2a: Ophiure|Toxapex, M, shiny|67\/100\n|-activate|p2a: Ophiure|move: Sticky Web\n|-unboost|p2a: Ophiure|spe|1\n|move|p1a: Apollo|Poison Jab|p2a: Ophiure\n|-resisted|p2a: Ophiure\n|-damage|p2a: Ophiure|63\/100\n|\n|-heal|p2a: Ophiure|69\/100|[from] item: Leftovers\n|-damage|p1a: Apollo|82\/100 tox|[from] psn\n|upkeep\n|turn|30\n|\n|t:|1698844224\n|switch|p1a: McQueen|Scizor-Mega, F|100\/100\n|move|p2a: Ophiure|Recover|p2a: Ophiure\n|-heal|p2a: Ophiure|100\/100\n|\n|upkeep\n|turn|31\n|\n|t:|1698844229\n|move|p1a: McQueen|Swords Dance|p1a: McQueen\n|-boost|p1a: McQueen|atk|2\n|move|p2a: Ophiure|Scald|p1a: McQueen\n|-damage|p1a: McQueen|84\/100\n|\n|upkeep\n|turn|32\n|\n|t:|1698844231\n|move|p1a: McQueen|Roost|p1a: McQueen\n|-heal|p1a: McQueen|100\/100\n|-singleturn|p1a: McQueen|move: Roost\n|move|p2a: Ophiure|Haze|p2a: Ophiure\n|-clearallboost\n|\n|upkeep\n|turn|33\n|\n|t:|1698844234\n|move|p1a: McQueen|Swords Dance|p1a: McQueen\n|-boost|p1a: McQueen|atk|2\n|move|p2a: Ophiure|Scald|p1a: McQueen\n|-damage|p1a: McQueen|83\/100\n|\n|upkeep\n|turn|34\n|\n|t:|1698844236\n|switch|p1a: Bumblebee|Galvantula, F, shiny|42\/100\n|move|p2a: Ophiure|Haze|p2a: Ophiure\n|-clearallboost\n|\n|upkeep\n|turn|35\n|\n|t:|1698844238\n|move|p1a: Bumblebee|Thunder|p2a: Ophiure\n|-supereffective|p2a: Ophiure\n|-damage|p2a: Ophiure|27\/100\n|move|p2a: Ophiure|Scald|p1a: Bumblebee\n|-damage|p1a: Bumblebee|11\/100\n|\n|-heal|p2a: Ophiure|34\/100|[from] item: Leftovers\n|upkeep\n|turn|36\n|\n|t:|1698844243\n|switch|p2a: Tsunami|Palafin-Hero, M|100\/100\n|-activate|p2a: Tsunami|move: Sticky Web\n|-unboost|p2a: Tsunami|spe|1\n|move|p1a: Bumblebee|Thunder|p2a: Tsunami\n|-supereffective|p2a: Tsunami\n|-damage|p2a: Tsunami|0 fnt\n|faint|p2a: Tsunami\n|\n|upkeep\n|\n|t:|1698844245\n|switch|p2a: Ophiure|Toxapex, M, shiny|67\/100\n|-activate|p2a: Ophiure|move: Sticky Web\n|-unboost|p2a: Ophiure|spe|1\n|turn|37\n|\n|t:|1698844254\n|switch|p1a: Apollo|Araquanid, M|82\/100 tox\n|move|p2a: Ophiure|Scald|p1a: Apollo\n|-heal|p1a: Apollo|100\/100 tox|[from] ability: Water Absorb|[of] p2a: Ophiure\n|\n|-heal|p2a: Ophiure|73\/100|[from] item: Leftovers\n|-damage|p1a: Apollo|94\/100 tox|[from] psn\n|upkeep\n|turn|38\n|\n|t:|1698844258\n|switch|p1a: McQueen|Scizor-Mega, F|83\/100\n|move|p2a: Ophiure|Recover|p2a: Ophiure\n|-heal|p2a: Ophiure|100\/100\n|\n|upkeep\n|turn|39\n|\n|t:|1698844260\n|move|p1a: McQueen|Swords Dance|p1a: McQueen\n|-boost|p1a: McQueen|atk|2\n|move|p2a: Ophiure|Scald|p1a: McQueen\n|-damage|p1a: McQueen|68\/100\n|\n|upkeep\n|turn|40\n|\n|t:|1698844262\n|switch|p1a: Bumblebee|Galvantula, F, shiny|11\/100\n|move|p2a: Ophiure|Haze|p2a: Ophiure\n|-clearallboost\n|\n|upkeep\n|turn|41\n|\n|t:|1698844266\n|move|p1a: Bumblebee|Thunder|p2a: Ophiure\n|-supereffective|p2a: Ophiure\n|-damage|p2a: Ophiure|24\/100\n|-status|p2a: Ophiure|par\n|move|p2a: Ophiure|Scald|p1a: Bumblebee\n|-damage|p1a: Bumblebee|0 fnt\n|faint|p1a: Bumblebee\n|\n|-heal|p2a: Ophiure|30\/100 par|[from] item: Leftovers\n|upkeep\n|\n|t:|1698844269\n|switch|p1a: Jazz??|Ribombee, F|100\/100\n|turn|42\n|\n|t:|1698844274\n|-terastallize|p1a: Jazz??|Electric\n|move|p1a: Jazz??|Tera Blast|p2a: Ophiure|[anim] Tera Blast Electric\n|-supereffective|p2a: Ophiure\n|-damage|p2a: Ophiure|0 fnt\n|faint|p2a: Ophiure\n|\n|upkeep\n|\n|t:|1698844276\n|switch|p2a: Riptide|Basculegion, M, shiny|100\/100\n|-activate|p2a: Riptide|move: Sticky Web\n|-unboost|p2a: Riptide|spe|1\n|turn|43\n|\n|t:|1698844279\n|-terastallize|p2a: Riptide|Ghost\n|move|p1a: Jazz??|Tera Blast|p2a: Riptide|[anim] Tera Blast Electric\n|-crit|p2a: Riptide\n|-damage|p2a: Riptide|59\/100\n|move|p2a: Riptide|Last Respects|p1a: Jazz??\n|-enditem|p1a: Jazz??|Focus Sash\n|-damage|p1a: Jazz??|1\/100\n|\n|upkeep\n|turn|44\n|\n|t:|1698844289\n|move|p1a: Jazz??|Tera Blast|p2a: Riptide|[anim] Tera Blast Electric\n|-damage|p2a: Riptide|29\/100\n|move|p2a: Riptide|Last Respects|p1a: Jazz??\n|-damage|p1a: Jazz??|0 fnt\n|faint|p1a: Jazz??\n|\n|upkeep\n|\n|t:|1698844291\n|switch|p1a: McQueen|Scizor-Mega, F|68\/100\n|turn|45\n|\n|t:|1698844293\n|move|p1a: McQueen|Bullet Punch|p2a: Riptide\n|-damage|p2a: Riptide|0 fnt\n|faint|p2a: Riptide\n|\n|win|AceTheInadequate\n|c|\u2606Trainer Lore|woagh\n","uploadtime":1698844333,"views":11,"p1id":"acetheinadequate","p2id":"trainerlore","formatid":"gen9nationaldexubers","rating":0,"private":0,"password":""}