{"id":"gen9nationaldexubers-1989142866","p1":"wheekends200","p2":"EABL XD","format":"[Gen 9] National Dex Ubers","log":"|j|\u2606wheekends200\n|j|\u2606EABL XD\n|t:|1699816798\n|gametype|singles\n|player|p1|wheekends200|169|1155\n|player|p2|EABL XD|gambler|1268\n|teamsize|p1|6\n|teamsize|p2|6\n|gen|9\n|tier|[Gen 9] National Dex Ubers\n|rated|\n|rule|HP Percentage Mod: HP is shown in percentages\n|rule|Endless Battle Clause: Forcing endless battles is banned\n|rule|OHKO Clause: OHKO moves are banned\n|rule|Evasion Moves Clause: Evasion moves are banned\n|rule|Evasion Items Clause: Evasion items are banned\n|rule|Species Clause: Limit one of each Pok\u00e9mon\n|rule|Sleep Clause Mod: Limit one foe put to sleep\n|rule|Mega Rayquaza Clause: You cannot mega evolve Rayquaza\n|clearpoke\n|poke|p1|Groudon|\n|poke|p1|Weavile, M|\n|poke|p1|Yveltal|\n|poke|p1|Aegislash, F|\n|poke|p1|Necrozma-Dusk-Mane|\n|poke|p1|Kyogre|\n|poke|p2|Xerneas-*|\n|poke|p2|Lucario, M|\n|poke|p2|Shaymin-Sky|\n|poke|p2|Galvantula, F|\n|poke|p2|Great Tusk|\n|poke|p2|Groudon|\n|teampreview\n|\n|t:|1699816843\n|start\n|switch|p1a: FEPRS+|Groudon|100\/100\n|switch|p2a: Tula|Galvantula, F|100\/100\n|detailschange|p1a: FEPRS+|Groudon-Primal\n|-primal|p1a: FEPRS+|Red Orb\n|-weather|DesolateLand|[from] ability: Desolate Land|[of] p1a: FEPRS+\n|turn|1\n|\n|t:|1699816852\n|move|p2a: Tula|Sticky Web|p1a: FEPRS+\n|-sidestart|p1: wheekends200|move: Sticky Web\n|move|p1a: FEPRS+|Stealth Rock|p2a: Tula\n|-sidestart|p2: EABL XD|move: Stealth Rock\n|\n|-weather|DesolateLand|[upkeep]\n|upkeep\n|turn|2\n|\n|t:|1699816865\n|switch|p2a: Manny|Great Tusk|100\/100\n|move|p1a: FEPRS+|Precipice Blades|p2a: Manny\n|-damage|p2a: Manny|42\/100\n|\n|-weather|DesolateLand|[upkeep]\n|upkeep\n|turn|3\n|\n|t:|1699816892\n|move|p1a: FEPRS+|Precipice Blades|p2a: Manny\n|-damage|p2a: Manny|0 fnt\n|faint|p2a: Manny\n|-end|p2a: Manny|Protosynthesis|[silent]\n|\n|-weather|DesolateLand|[upkeep]\n|upkeep\n|\n|t:|1699816901\n|switch|p2a: Shaymin|Shaymin-Sky|100\/100\n|-damage|p2a: Shaymin|76\/100|[from] Stealth Rock\n|turn|4\n|\n|t:|1699816916\n|move|p2a: Shaymin|Air Slash|p1a: FEPRS+\n|-damage|p1a: FEPRS+|56\/100\n|cant|p1a: FEPRS+|flinch\n|\n|-weather|DesolateLand|[upkeep]\n|upkeep\n|turn|5\n|\n|t:|1699816938\n|move|p2a: Shaymin|Seed Flare|p1a: FEPRS+\n|-damage|p1a: FEPRS+|0 fnt\n|faint|p1a: FEPRS+\n|-weather|none\n|\n|upkeep\n|\n|t:|1699817002\n|switch|p1a: IRF+FEPF^BRS|Necrozma-Dusk-Mane|100\/100\n|-activate|p1a: IRF+FEPF^BRS|move: Sticky Web\n|-unboost|p1a: IRF+FEPF^BRS|spe|1\n|turn|6\n|\n|t:|1699817032\n|-terastallize|p1a: IRF+FEPF^BRS|Psychic\n|move|p2a: Shaymin|Air Slash|p1a: IRF+FEPF^BRS\n|-damage|p1a: IRF+FEPF^BRS|70\/100\n|move|p1a: IRF+FEPF^BRS|Sunsteel Strike|p2a: Shaymin\n|-damage|p2a: Shaymin|0 fnt\n|faint|p2a: Shaymin\n|\n|upkeep\n|\n|t:|1699817043\n|switch|p2a: Don|Groudon, shiny|100\/100\n|-damage|p2a: Don|94\/100|[from] Stealth Rock\n|detailschange|p2a: Don|Groudon-Primal, shiny\n|-primal|p2a: Don|Red Orb\n|-weather|DesolateLand|[from] ability: Desolate Land|[of] p2a: Don\n|turn|7\n|\n|t:|1699817058\n|move|p2a: Don|Heat Crash|p1a: IRF+FEPF^BRS\n|-damage|p1a: IRF+FEPF^BRS|21\/100\n|move|p1a: IRF+FEPF^BRS|Earthquake|p2a: Don\n|-supereffective|p2a: Don\n|-damage|p2a: Don|35\/100\n|\n|-weather|DesolateLand|[upkeep]\n|upkeep\n|turn|8\n|\n|t:|1699817065\n|move|p2a: Don|Heat Crash|p1a: IRF+FEPF^BRS\n|-damage|p1a: IRF+FEPF^BRS|0 fnt\n|faint|p1a: IRF+FEPF^BRS\n|\n|-weather|DesolateLand|[upkeep]\n|upkeep\n|\n|t:|1699817104\n|switch|p1a: FGR+WF|Kyogre|100\/100\n|-activate|p1a: FGR+WF|move: Sticky Web\n|-unboost|p1a: FGR+WF|spe|1\n|detailschange|p1a: FGR+WF|Kyogre-Primal\n|-primal|p1a: FGR+WF|Blue Orb\n|-weather|PrimordialSea|[from] ability: Primordial Sea|[of] p1a: FGR+WF\n|turn|9\n|\n|t:|1699817130\n|switch|p2a: Tula|Galvantula, F|100\/100\n|-damage|p2a: Tula|76\/100|[from] Stealth Rock\n|move|p1a: FGR+WF|Water Spout|p2a: Tula\n|-damage|p2a: Tula|0 fnt\n|faint|p2a: Tula\n|\n|-weather|PrimordialSea|[upkeep]\n|upkeep\n|\n|t:|1699817133\n|switch|p2a: Don|Groudon-Primal, shiny|35\/100\n|-damage|p2a: Don|23\/100|[from] Stealth Rock\n|-weather|DesolateLand|[from] ability: Desolate Land|[of] p2a: Don\n|turn|10\n|\n|t:|1699817159\n|move|p2a: Don|Earthquake|p1a: FGR+WF\n|-damage|p1a: FGR+WF|31\/100\n|move|p1a: FGR+WF|Water Spout||[still]\n|-fail|p1a: FGR+WF|Water Spout|[from] Desolate Land\n|\n|-weather|DesolateLand|[upkeep]\n|upkeep\n|turn|11\n|\n|t:|1699817167\n|move|p2a: Don|Thunder Punch|p1a: FGR+WF\n|-supereffective|p1a: FGR+WF\n|-damage|p1a: FGR+WF|0 fnt\n|faint|p1a: FGR+WF\n|\n|-weather|DesolateLand|[upkeep]\n|upkeep\n|\n|t:|1699817185\n|switch|p1a: GGF+PG|Weavile, M|100\/100\n|-activate|p1a: GGF+PG|move: Sticky Web\n|-unboost|p1a: GGF+PG|spe|1\n|-ability|p1a: GGF+PG|Pressure\n|turn|12\n|\n|t:|1699817192\n|move|p1a: GGF+PG|Ice Shard|p2a: Don\n|-damage|p2a: Don|10\/100\n|move|p2a: Don|Heat Crash|p1a: GGF+PG\n|-supereffective|p1a: GGF+PG\n|-damage|p1a: GGF+PG|0 fnt\n|faint|p1a: GGF+PG\n|\n|-weather|DesolateLand|[upkeep]\n|upkeep\n|\n|t:|1699817199\n|switch|p1a: GPD+PGFB|Yveltal|100\/100\n|-ability|p1a: GPD+PGFB|Dark Aura\n|turn|13\n|\n|t:|1699817204\n|move|p1a: GPD+PGFB|Sucker Punch|p2a: Don\n|-damage|p2a: Don|0 fnt\n|faint|p2a: Don\n|-weather|none\n|-damage|p1a: GPD+PGFB|91\/100|[from] item: Life Orb\n|\n|upkeep\n|\n|t:|1699817206\n|switch|p2a: Perderas|Xerneas|100\/100\n|-damage|p2a: Perderas|88\/100|[from] Stealth Rock\n|-ability|p2a: Perderas|Fairy Aura\n|turn|14\n|\n|t:|1699817220\n|move|p1a: GPD+PGFB|Dark Pulse|p2a: Perderas\n|-resisted|p2a: Perderas\n|-damage|p2a: Perderas|57\/100\n|-damage|p1a: GPD+PGFB|81\/100|[from] item: Life Orb\n|-zpower|p2a: Perderas\n|move|p2a: Perderas|Z-Geomancy||[anim]Geomancy|[still]\n|-boost|p2a: Perderas|atk|1|[zeffect]\n|-boost|p2a: Perderas|def|1|[zeffect]\n|-boost|p2a: Perderas|spa|1|[zeffect]\n|-boost|p2a: Perderas|spd|1|[zeffect]\n|-boost|p2a: Perderas|spe|1|[zeffect]\n|-prepare|p2a: Perderas|Geomancy\n|\n|upkeep\n|turn|15\n|\n|t:|1699817232\n|move|p2a: Perderas|Geomancy|p2a: Perderas|[from]lockedmove\n|-boost|p2a: Perderas|spa|2\n|-boost|p2a: Perderas|spd|2\n|-boost|p2a: Perderas|spe|2\n|move|p1a: GPD+PGFB|Oblivion Wing|p2a: Perderas\n|-damage|p2a: Perderas|36\/100\n|-heal|p1a: GPD+PGFB|96\/100|[from] drain|[of] p2a: Perderas\n|-damage|p1a: GPD+PGFB|87\/100|[from] item: Life Orb\n|\n|upkeep\n|turn|16\n|\n|t:|1699817245\n|switch|p1a: IRF*+PG|Aegislash, F|100\/100\n|-activate|p1a: IRF*+PG|move: Sticky Web\n|-unboost|p1a: IRF*+PG|spe|1\n|move|p2a: Perderas|Draining Kiss|p1a: IRF*+PG\n|-resisted|p1a: IRF*+PG\n|-damage|p1a: IRF*+PG|73\/100\n|-heal|p2a: Perderas|53\/100|[from] drain|[of] p1a: IRF*+PG\n|\n|-heal|p1a: IRF*+PG|80\/100|[from] item: Leftovers\n|upkeep\n|turn|17\n|\n|t:|1699817265\n|move|p2a: Perderas|Thunderbolt|p1a: IRF*+PG\n|-damage|p1a: IRF*+PG|29\/100\n|-formechange|p1a: IRF*+PG|Aegislash-Blade||[from] ability: Stance Change\n|move|p1a: IRF*+PG|Gyro Ball|p2a: Perderas\n|-supereffective|p2a: Perderas\n|-damage|p2a: Perderas|0 fnt\n|faint|p2a: Perderas\n|\n|-heal|p1a: IRF*+PG|35\/100|[from] item: Leftovers\n|upkeep\n|\n|t:|1699817271\n|switch|p2a: Leo Admin|Lucario, M|100\/100\n|-damage|p2a: Leo Admin|98\/100|[from] Stealth Rock\n|turn|18\n|\n|t:|1699817279\n|detailschange|p2a: Leo Admin|Lucario-Mega, M\n|-mega|p2a: Leo Admin|Lucario|Lucarionite\n|move|p2a: Leo Admin|Earthquake|p1a: IRF*+PG\n|-supereffective|p1a: IRF*+PG\n|-damage|p1a: IRF*+PG|0 fnt\n|faint|p1a: IRF*+PG\n|\n|upkeep\n|\n|t:|1699817285\n|switch|p1a: GPD+PGFB|Yveltal|87\/100\n|-ability|p1a: GPD+PGFB|Dark Aura\n|turn|19\n|\n|t:|1699817296\n|move|p1a: GPD+PGFB|Dark Pulse|p2a: Leo Admin\n|-resisted|p2a: Leo Admin\n|-damage|p2a: Leo Admin|34\/100\n|-damage|p1a: GPD+PGFB|77\/100|[from] item: Life Orb\n|move|p2a: Leo Admin|Close Combat|p1a: GPD+PGFB\n|-damage|p1a: GPD+PGFB|0 fnt\n|-unboost|p2a: Leo Admin|def|1\n|-unboost|p2a: Leo Admin|spd|1\n|faint|p1a: GPD+PGFB\n|\n|win|EABL XD\n|raw|wheekends200's rating: 1155 &rarr; <strong>1138<\/strong><br \/>(-17 for losing)\n|raw|EABL XD's rating: 1268 &rarr; <strong>1285<\/strong><br \/>(+17 for winning)\n","uploadtime":1699817315,"views":6,"p1id":"wheekends200","p2id":"eablxd","formatid":"gen9nationaldexubers","rating":1138,"private":0,"password":""}