{"id":"gen9nationaldexubers-1987974517","p1":"Guj Genera","p2":"Xoviet Yunion","format":"[Gen 9] National Dex Ubers","log":"|j|\u2606Guj Genera\n|j|\u2606Xoviet Yunion\n|t:|1699654882\n|gametype|singles\n|player|p1|Guj Genera|red|\n|player|p2|Xoviet Yunion|shauntal|\n|teamsize|p1|6\n|teamsize|p2|6\n|gen|9\n|tier|[Gen 9] National Dex Ubers\n|rule|HP Percentage Mod: HP is shown in percentages\n|rule|Endless Battle Clause: Forcing endless battles is banned\n|rule|OHKO Clause: OHKO moves are banned\n|rule|Evasion Moves Clause: Evasion moves are banned\n|rule|Evasion Items Clause: Evasion items are banned\n|rule|Species Clause: Limit one of each Pok\u00e9mon\n|rule|Sleep Clause Mod: Limit one foe put to sleep\n|rule|Mega Rayquaza Clause: You cannot mega evolve Rayquaza\n|clearpoke\n|poke|p1|Cinderace, M|\n|poke|p1|Landorus-Therian, M|\n|poke|p1|Zeraora|\n|poke|p1|Inteleon, F|\n|poke|p1|Kommo-o, M|\n|poke|p1|Kartana|\n|poke|p2|Escavalier, M|\n|poke|p2|Zamazenta-*|\n|poke|p2|Great Tusk|\n|poke|p2|Zapdos-Galar|\n|poke|p2|Hawlucha, M|\n|poke|p2|Buzzwole|\n|teampreview\n|inactive|Battle timer is ON: inactive players will automatically lose when time's up. (requested by Guj Genera)\n|c|\u2606Guj Genera|No liligant this time?\n|c|\u2606Guj Genera|Also glhf\n|c|\u2606Xoviet Yunion|honestly just kinda vibing rn\n|inactive|Guj Genera has 270 seconds left.\n|inactive|Xoviet Yunion has 270 seconds left.\n|c|\u2606Xoviet Yunion|wasnt feelin hustle rn\n|\n|t:|1699654922\n|start\n|switch|p1a: Landorus|Landorus-Therian, M, shiny|100\/100\n|switch|p2a: Annihila\u200bpe|Zapdos-Galar|100\/100\n|-ability|p1a: Landorus|Intimidate|boost\n|-unboost|p2a: Annihila\u200bpe|atk|1\n|-ability|p2a: Annihila\u200bpe|Defiant|boost\n|-boost|p2a: Annihila\u200bpe|atk|2\n|turn|1\n|\n|t:|1699654927\n|move|p2a: Annihila\u200bpe|Brave Bird|p1a: Landorus\n|-damage|p1a: Landorus|38\/100\n|-damage|p2a: Annihila\u200bpe|84\/100|[from] item: Rocky Helmet|[of] p1a: Landorus\n|-damage|p2a: Annihila\u200bpe|59\/100|[from] Recoil\n|move|p1a: Landorus|Stealth Rock|p2a: Annihila\u200bpe\n|-sidestart|p2: Xoviet Yunion|move: Stealth Rock\n|\n|upkeep\n|turn|2\n|\n|t:|1699654934\n|move|p2a: Annihila\u200bpe|Brave Bird|p1a: Landorus\n|-damage|p1a: Landorus|0 fnt\n|-damage|p2a: Annihila\u200bpe|43\/100|[from] item: Rocky Helmet|[of] p1a: Landorus\n|faint|p1a: Landorus\n|-damage|p2a: Annihila\u200bpe|28\/100|[from] Recoil\n|\n|upkeep\n|\n|t:|1699654940\n|switch|p1a: Kartana|Kartana, shiny|100\/100\n|turn|3\n|\n|t:|1699654946\n|switch|p2a: Annihil\u200bape|Escavalier, M|100\/100\n|-damage|p2a: Annihil\u200bape|88\/100|[from] Stealth Rock\n|move|p1a: Kartana|Psycho Cut|p2a: Annihil\u200bape\n|-resisted|p2a: Annihil\u200bape\n|-damage|p2a: Annihil\u200bape|74\/100\n|\n|upkeep\n|turn|4\n|\n|t:|1699654956\n|switch|p1a: Cinderace|Cinderace, M, shiny|100\/100\n|move|p2a: Annihil\u200bape|Iron Head|p1a: Cinderace\n|-resisted|p1a: Cinderace\n|-damage|p1a: Cinderace|75\/100\n|\n|upkeep\n|turn|5\n|\n|t:|1699654964\n|switch|p2a: Annihilape\u200b\u200b\u200b\u200b|Great Tusk|100\/100\n|-damage|p2a: Annihilape\u200b\u200b\u200b\u200b|97\/100|[from] Stealth Rock\n|move|p1a: Cinderace|Pyro Ball|p2a: Annihilape\u200b\u200b\u200b\u200b\n|-damage|p2a: Annihilape\u200b\u200b\u200b\u200b|50\/100\n|\n|-heal|p2a: Annihilape\u200b\u200b\u200b\u200b|56\/100|[from] item: Leftovers\n|upkeep\n|turn|6\n|\n|t:|1699654970\n|move|p1a: Cinderace|Pyro Ball|p2a: Annihilape\u200b\u200b\u200b\u200b\n|-damage|p2a: Annihilape\u200b\u200b\u200b\u200b|9\/100\n|move|p2a: Annihilape\u200b\u200b\u200b\u200b|Rapid Spin|p1a: Cinderace\n|-damage|p1a: Cinderace|53\/100\n|-boost|p2a: Annihilape\u200b\u200b\u200b\u200b|spe|1\n|-sideend|p2: Xoviet Yunion|Stealth Rock|[from] move: Rapid Spin|[of] p2a: Annihilape\u200b\u200b\u200b\u200b\n|\n|-heal|p2a: Annihilape\u200b\u200b\u200b\u200b|15\/100|[from] item: Leftovers\n|upkeep\n|turn|7\n|\n|t:|1699654974\n|move|p2a: Annihilape\u200b\u200b\u200b\u200b|Earthquake|p1a: Cinderace\n|-supereffective|p1a: Cinderace\n|-damage|p1a: Cinderace|0 fnt\n|faint|p1a: Cinderace\n|\n|-heal|p2a: Annihilape\u200b\u200b\u200b\u200b|21\/100|[from] item: Leftovers\n|upkeep\n|\n|t:|1699654979\n|switch|p1a: Zeraora|Zeraora, shiny|100\/100\n|turn|8\n|\n|t:|1699654988\n|move|p1a: Zeraora|Play Rough|p2a: Annihilape\u200b\u200b\u200b\u200b\n|-supereffective|p2a: Annihilape\u200b\u200b\u200b\u200b\n|-damage|p2a: Annihilape\u200b\u200b\u200b\u200b|0 fnt\n|faint|p2a: Annihilape\u200b\u200b\u200b\u200b\n|-end|p2a: Annihilape\u200b\u200b\u200b\u200b|Protosynthesis|[silent]\n|\n|upkeep\n|\n|t:|1699654992\n|switch|p2a: Annihilap\u200b\u200b\u200b\u200be|Zamazenta, shiny|100\/100\n|-ability|p2a: Annihilap\u200b\u200b\u200b\u200be|Dauntless Shield|boost\n|-boost|p2a: Annihilap\u200b\u200b\u200b\u200be|def|1\n|turn|9\n|\n|t:|1699654997\n|move|p1a: Zeraora|Play Rough|p2a: Annihilap\u200b\u200b\u200b\u200be\n|-supereffective|p2a: Annihilap\u200b\u200b\u200b\u200be\n|-damage|p2a: Annihilap\u200b\u200b\u200b\u200be|68\/100\n|move|p2a: Annihilap\u200b\u200b\u200b\u200be|Reflect|p2a: Annihilap\u200b\u200b\u200b\u200be\n|-sidestart|p2: Xoviet Yunion|Reflect\n|\n|upkeep\n|turn|10\n|\n|t:|1699655017\n|move|p1a: Zeraora|Play Rough|p2a: Annihilap\u200b\u200b\u200b\u200be\n|-supereffective|p2a: Annihilap\u200b\u200b\u200b\u200be\n|-damage|p2a: Annihilap\u200b\u200b\u200b\u200be|51\/100\n|move|p2a: Annihilap\u200b\u200b\u200b\u200be|Close Combat|p1a: Zeraora\n|-damage|p1a: Zeraora|31\/100\n|-unboost|p2a: Annihilap\u200b\u200b\u200b\u200be|def|1\n|-unboost|p2a: Annihilap\u200b\u200b\u200b\u200be|spd|1\n|\n|upkeep\n|turn|11\n|\n|t:|1699655023\n|move|p1a: Zeraora|Play Rough|p2a: Annihilap\u200b\u200b\u200b\u200be\n|-supereffective|p2a: Annihilap\u200b\u200b\u200b\u200be\n|-damage|p2a: Annihilap\u200b\u200b\u200b\u200be|24\/100\n|move|p2a: Annihilap\u200b\u200b\u200b\u200be|Close Combat|p1a: Zeraora\n|-damage|p1a: Zeraora|0 fnt\n|-unboost|p2a: Annihilap\u200b\u200b\u200b\u200be|def|1\n|-unboost|p2a: Annihilap\u200b\u200b\u200b\u200be|spd|1\n|faint|p1a: Zeraora\n|\n|upkeep\n|\n|t:|1699655027\n|switch|p1a: Kartana|Kartana, shiny|100\/100\n|turn|12\n|\n|t:|1699655037\n|switch|p2a: Annihil\u200bape|Escavalier, M|74\/100\n|move|p1a: Kartana|Sacred Sword|p2a: Annihil\u200bape\n|-damage|p2a: Annihil\u200bape|53\/100\n|\n|upkeep\n|turn|13\n|\n|t:|1699655043\n|move|p1a: Kartana|Sacred Sword|p2a: Annihil\u200bape\n|-damage|p2a: Annihil\u200bape|33\/100\n|move|p2a: Annihil\u200bape|Iron Head|p1a: Kartana\n|-resisted|p1a: Kartana\n|-damage|p1a: Kartana|82\/100\n|\n|upkeep\n|turn|14\n|\n|t:|1699655049\n|switch|p2a: Annihi\u200blape|Hawlucha, M|100\/100\n|move|p1a: Kartana|Sacred Sword|p2a: Annihi\u200blape\n|-resisted|p2a: Annihi\u200blape\n|-damage|p2a: Annihi\u200blape|87\/100\n|\n|upkeep\n|turn|15\n|\n|t:|1699655053\n|move|p1a: Kartana|Sacred Sword|p2a: Annihi\u200blape\n|-resisted|p2a: Annihi\u200blape\n|-damage|p2a: Annihi\u200blape|71\/100\n|move|p2a: Annihi\u200blape|Swagger|p1a: Kartana\n|-boost|p1a: Kartana|atk|2\n|-enditem|p2a: Annihi\u200blape|Mirror Herb\n|-boost|p2a: Annihi\u200blape|atk|2|[from] item: Mirror Herb\n|-start|p1a: Kartana|confusion\n|\n|upkeep\n|turn|16\n|\n|t:|1699655062\n|move|p2a: Annihi\u200blape|Acrobatics|p1a: Kartana\n|-damage|p1a: Kartana|0 fnt\n|faint|p1a: Kartana\n|\n|-sideend|p2: Xoviet Yunion|Reflect\n|upkeep\n|\n|t:|1699655068\n|switch|p1a: Inteleon|Inteleon, F, shiny|100\/100\n|turn|17\n|\n|t:|1699655070\n|move|p2a: Annihi\u200blape|Acrobatics|p1a: Inteleon\n|-damage|p1a: Inteleon|0 fnt\n|faint|p1a: Inteleon\n|\n|upkeep\n|\n|t:|1699655072\n|switch|p1a: Kommo-o|Kommo-o, M, shiny|100\/100\n|turn|18\n|\n|t:|1699655077\n|move|p2a: Annihi\u200blape|Acrobatics|p1a: Kommo-o\n|-supereffective|p1a: Kommo-o\n|-damage|p1a: Kommo-o|0 fnt\n|faint|p1a: Kommo-o\n|\n|win|Xoviet Yunion\n|c|\u2606Xoviet Yunion|gg\n|c|\u2606Guj Genera|Gg\n","uploadtime":1699655087,"views":26,"p1id":"gujgenera","p2id":"xovietyunion","formatid":"gen9nationaldexubers","rating":0,"private":0,"password":""}