{"id":"gen9nationaldexubers-1996809807","p1":"Irfanayan","p2":"C0ld as Ice","format":"[Gen 9] National Dex Ubers","log":"|j|\u2606Irfanayan\n|j|\u2606C0ld as Ice\n|t:|1700728949\n|gametype|singles\n|player|p1|Irfanayan|2|1605\n|player|p2|C0ld as Ice|supernerd|1750\n|teamsize|p1|6\n|teamsize|p2|6\n|gen|9\n|tier|[Gen 9] National Dex Ubers\n|rated|\n|rule|HP Percentage Mod: HP is shown in percentages\n|rule|Endless Battle Clause: Forcing endless battles is banned\n|rule|OHKO Clause: OHKO moves are banned\n|rule|Evasion Moves Clause: Evasion moves are banned\n|rule|Evasion Items Clause: Evasion items are banned\n|rule|Species Clause: Limit one of each Pok\u00e9mon\n|rule|Sleep Clause Mod: Limit one foe put to sleep\n|rule|Mega Rayquaza Clause: You cannot mega evolve Rayquaza\n|clearpoke\n|poke|p1|Groudon|\n|poke|p1|Xerneas-*|\n|poke|p1|Arceus|\n|poke|p1|Necrozma-Dusk-Mane|\n|poke|p1|Zygarde|\n|poke|p1|Greninja-*, M|\n|poke|p2|Smeargle, M|\n|poke|p2|Yveltal|\n|poke|p2|Arceus|\n|poke|p2|Marshadow|\n|poke|p2|Lucario, F|\n|poke|p2|Eternatus|\n|teampreview\n|inactive|Battle timer is ON: inactive players will automatically lose when time's up. (requested by C0ld as Ice)\n|inactive|Irfanayan also wants the timer to be on.\n|\n|t:|1700728971\n|start\n|switch|p1a: Greninja|Greninja, M|100\/100\n|switch|p2a: Smeargle|Smeargle, M|100\/100\n|turn|1\n|\n|t:|1700728984\n|move|p1a: Greninja|Taunt|p2a: Smeargle\n|-start|p2a: Smeargle|move: Taunt\n|move|p2a: Smeargle|Nuzzle|p1a: Greninja\n|-supereffective|p1a: Greninja\n|-damage|p1a: Greninja|96\/100\n|-status|p1a: Greninja|par\n|\n|upkeep\n|turn|2\n|\n|t:|1700728994\n|move|p2a: Smeargle|Mortal Spin|p1a: Greninja\n|-damage|p1a: Greninja|92\/100 par\n|move|p1a: Greninja|Toxic Spikes|p2a: Smeargle\n|-sidestart|p2: C0ld as Ice|move: Toxic Spikes\n|\n|upkeep\n|turn|3\n|\n|t:|1700729000\n|move|p2a: Smeargle|Mortal Spin|p1a: Greninja\n|-damage|p1a: Greninja|88\/100 par\n|-sideend|p2: C0ld as Ice|Toxic Spikes|[from] move: Mortal Spin|[of] p2a: Smeargle\n|move|p1a: Greninja|Hydro Pump|p2a: Smeargle\n|-damage|p2a: Smeargle|4\/100\n|\n|-end|p2a: Smeargle|move: Taunt\n|upkeep\n|turn|4\n|\n|t:|1700729010\n|move|p2a: Smeargle|Sticky Web|p1a: Greninja\n|-sidestart|p1: Irfanayan|move: Sticky Web\n|move|p1a: Greninja|Hydro Pump|p2a: Smeargle\n|-damage|p2a: Smeargle|0 fnt\n|faint|p2a: Smeargle\n|-ability|p1a: Greninja|Battle Bond|boost\n|-boost|p1a: Greninja|atk|1\n|-boost|p1a: Greninja|spa|1\n|-boost|p1a: Greninja|spe|1\n|-activate|p1a: Greninja|ability: Battle Bond\n|\n|upkeep\n|\n|t:|1700729022\n|switch|p2a: Arceus|Arceus|100\/100\n|turn|5\n|\n|t:|1700729036\n|move|p2a: Arceus|Swords Dance|p2a: Arceus\n|-boost|p2a: Arceus|atk|2\n|move|p1a: Greninja|Taunt|p2a: Arceus\n|-start|p2a: Arceus|move: Taunt\n|\n|upkeep\n|turn|6\n|\n|t:|1700729045\n|move|p2a: Arceus|Extreme Speed|p1a: Greninja\n|-damage|p1a: Greninja|0 fnt\n|faint|p1a: Greninja\n|\n|upkeep\n|\n|t:|1700729052\n|switch|p1a: Zygarde|Zygarde|100\/100\n|-activate|p1a: Zygarde|move: Sticky Web\n|-unboost|p1a: Zygarde|spe|1\n|turn|7\n|\n|t:|1700729057\n|-zpower|p2a: Arceus\n|move|p2a: Arceus|Breakneck Blitz|p1a: Zygarde|[zeffect]\n|-damage|p1a: Zygarde|0 fnt\n|faint|p1a: Zygarde\n|\n|upkeep\n|\n|t:|1700729068\n|switch|p1a: Xerneas|Xerneas|100\/100\n|-activate|p1a: Xerneas|move: Sticky Web\n|-unboost|p1a: Xerneas|spe|1\n|-ability|p1a: Xerneas|Fairy Aura\n|turn|8\n|\n|t:|1700729075\n|-terastallize|p1a: Xerneas|Steel\n|move|p2a: Arceus|Extreme Speed|p1a: Xerneas\n|-resisted|p1a: Xerneas\n|-damage|p1a: Xerneas|72\/100\n|move|p1a: Xerneas|Geomancy||[still]\n|-prepare|p1a: Xerneas|Geomancy\n|-enditem|p1a: Xerneas|Power Herb\n|-anim|p1a: Xerneas|Geomancy|p1a: Xerneas\n|-boost|p1a: Xerneas|spa|2\n|-boost|p1a: Xerneas|spd|2\n|-boost|p1a: Xerneas|spe|2\n|\n|-end|p2a: Arceus|move: Taunt\n|upkeep\n|turn|9\n|\n|t:|1700729089\n|move|p2a: Arceus|Extreme Speed|p1a: Xerneas\n|-resisted|p1a: Xerneas\n|-damage|p1a: Xerneas|41\/100\n|move|p1a: Xerneas|Moonblast|p2a: Arceus\n|-damage|p2a: Arceus|0 fnt\n|faint|p2a: Arceus\n|\n|upkeep\n|\n|t:|1700729102\n|switch|p2a: Marshadow|Marshadow|100\/100\n|turn|10\n|\n|t:|1700729106\n|-terastallize|p2a: Marshadow|Ghost\n|move|p2a: Marshadow|Shadow Sneak|p1a: Xerneas\n|-damage|p1a: Xerneas|0 fnt\n|faint|p1a: Xerneas\n|-damage|p2a: Marshadow|91\/100|[from] item: Life Orb\n|\n|upkeep\n|\n|t:|1700729118\n|switch|p1a: Groudon|Groudon|100\/100\n|-activate|p1a: Groudon|move: Sticky Web\n|-unboost|p1a: Groudon|spe|1\n|detailschange|p1a: Groudon|Groudon-Primal\n|-primal|p1a: Groudon|Red Orb\n|-weather|DesolateLand|[from] ability: Desolate Land|[of] p1a: Groudon\n|turn|11\n|\n|t:|1700729126\n|switch|p2a: Eternatus|Eternatus|100\/100\n|-ability|p2a: Eternatus|Pressure\n|move|p1a: Groudon|Fire Punch|p2a: Eternatus\n|-resisted|p2a: Eternatus\n|-damage|p2a: Eternatus|63\/100\n|\n|-weather|DesolateLand|[upkeep]\n|upkeep\n|turn|12\n|\n|t:|1700729135\n|move|p2a: Eternatus|Dynamax Cannon|p1a: Groudon\n|-damage|p1a: Groudon|39\/100\n|move|p1a: Groudon|Precipice Blades|p2a: Eternatus\n|-supereffective|p2a: Eternatus\n|-damage|p2a: Eternatus|0 fnt\n|faint|p2a: Eternatus\n|\n|-weather|DesolateLand|[upkeep]\n|upkeep\n|\n|t:|1700729141\n|switch|p2a: Yveltal|Yveltal, shiny|100\/100\n|-ability|p2a: Yveltal|Dark Aura\n|turn|13\n|\n|t:|1700729147\n|move|p2a: Yveltal|Dark Pulse|p1a: Groudon\n|-crit|p1a: Groudon\n|-damage|p1a: Groudon|0 fnt\n|faint|p1a: Groudon\n|-weather|none\n|-damage|p2a: Yveltal|91\/100|[from] item: Life Orb\n|\n|upkeep\n|\n|t:|1700729160\n|switch|p1a: Necrozma|Necrozma-Dusk-Mane|100\/100\n|-activate|p1a: Necrozma|move: Sticky Web\n|-unboost|p1a: Necrozma|spe|1\n|turn|14\n|inactive|Irfanayan has 120 seconds left.\n|\n|t:|1700729194\n|move|p2a: Yveltal|Dark Pulse|p1a: Necrozma\n|-supereffective|p1a: Necrozma\n|-damage|p1a: Necrozma|0 fnt\n|faint|p1a: Necrozma\n|-damage|p2a: Yveltal|81\/100|[from] item: Life Orb\n|\n|upkeep\n|inactive|Irfanayan has 120 seconds left.\n|\n|t:|1700729208\n|switch|p1a: Arceus|Arceus|100\/100\n|-activate|p1a: Arceus|move: Sticky Web\n|-unboost|p1a: Arceus|spe|1\n|turn|15\n|inactive|Irfanayan has 120 seconds left.\n|inactive|C0ld as Ice has 120 seconds left.\n|\n|t:|1700729243\n|move|p2a: Yveltal|Taunt|p1a: Arceus\n|-start|p1a: Arceus|move: Taunt\n|cant|p1a: Arceus|move: Taunt|Swords Dance\n|\n|upkeep\n|turn|16\n|\n|t:|1700729251\n|move|p1a: Arceus|Extreme Speed|p2a: Yveltal\n|-damage|p2a: Yveltal|29\/100\n|-damage|p1a: Arceus|91\/100|[from] item: Life Orb\n|move|p2a: Yveltal|Dark Pulse|p1a: Arceus\n|-damage|p1a: Arceus|34\/100\n|-damage|p2a: Yveltal|19\/100|[from] item: Life Orb\n|\n|upkeep\n|turn|17\n|\n|t:|1700729264\n|move|p1a: Arceus|Extreme Speed|p2a: Yveltal\n|-damage|p2a: Yveltal|0 fnt\n|faint|p2a: Yveltal\n|-damage|p1a: Arceus|24\/100|[from] item: Life Orb\n|\n|-end|p1a: Arceus|move: Taunt\n|upkeep\n|\n|t:|1700729268\n|switch|p2a: Marshadow|Marshadow, tera:Ghost|91\/100\n|turn|18\n|inactive|Irfanayan has 120 seconds left.\n|\n|t:|1700729300\n|move|p2a: Marshadow|Close Combat|p1a: Arceus\n|-supereffective|p1a: Arceus\n|-damage|p1a: Arceus|0 fnt\n|-unboost|p2a: Marshadow|def|1\n|-unboost|p2a: Marshadow|spd|1\n|faint|p1a: Arceus\n|-damage|p2a: Marshadow|81\/100|[from] item: Life Orb\n|\n|win|C0ld as Ice\n|raw|Irfanayan's rating: 1605 &rarr; <strong>1593<\/strong><br \/>(-12 for losing)\n|raw|C0ld as Ice's rating: 1750 &rarr; <strong>1762<\/strong><br \/>(+12 for winning)\n|l|\u2606Irfanayan\n","uploadtime":1700729909,"views":5,"p1id":"irfanayan","p2id":"c0ldasice","formatid":"gen9nationaldexubers","rating":1593,"private":0,"password":""}