{"id":"gen9nationaldexubers-1983407107","p1":"SUPPORTERDEGREGORY","p2":"DrArkane15","format":"[Gen 9] National Dex Ubers","log":"|j|\u2606SUPPORTERDEGREGORY\n|j|\u2606DrArkane15\n|t:|1699126848\n|gametype|singles\n|player|p1|SUPPORTERDEGREGORY|bruno|\n|player|p2|DrArkane15|cyrus|\n|teamsize|p1|3\n|teamsize|p2|3\n|gen|9\n|tier|[Gen 9] National Dex Ubers\n|rule|HP Percentage Mod: HP is shown in percentages\n|rule|Endless Battle Clause: Forcing endless battles is banned\n|rule|OHKO Clause: OHKO moves are banned\n|rule|Evasion Moves Clause: Evasion moves are banned\n|rule|Evasion Items Clause: Evasion items are banned\n|rule|Species Clause: Limit one of each Pok\u00e9mon\n|rule|Sleep Clause Mod: Limit one foe put to sleep\n|rule|Mega Rayquaza Clause: You cannot mega evolve Rayquaza\n|clearpoke\n|poke|p1|Luxio, L28, M|\n|poke|p1|Staravia, L28, M|\n|poke|p1|Combusken, L29, M|\n|poke|p2|Pinsir, L30, M|\n|poke|p2|Electrode-Hisui, L27|\n|poke|p2|Centiskorch, L29, M|\n|teampreview\n|\n|t:|1699126874\n|start\n|switch|p1a: Combusken|Combusken, L29, M, shiny|100\/100\n|switch|p2a: Centiskorch|Centiskorch, L29, M|100\/100\n|turn|1\n|\n|t:|1699126883\n|switch|p1a: Staravia|Staravia, L28, M|100\/100\n|-ability|p1a: Staravia|Intimidate|boost\n|-unboost|p2a: Centiskorch|atk|1\n|move|p2a: Centiskorch|Bug Bite|p1a: Staravia\n|-resisted|p1a: Staravia\n|-damage|p1a: Staravia|81\/100\n|\n|upkeep\n|turn|2\n|j| Half_A_Ako\n|\n|t:|1699126897\n|move|p1a: Staravia|Wing Attack|p2a: Centiskorch\n|-supereffective|p2a: Centiskorch\n|-damage|p2a: Centiskorch|60\/100\n|move|p2a: Centiskorch|Bite|p1a: Staravia\n|-damage|p1a: Staravia|53\/100\n|\n|upkeep\n|turn|3\n|\n|t:|1699126908\n|move|p1a: Staravia|Wing Attack|p2a: Centiskorch\n|-supereffective|p2a: Centiskorch\n|-damage|p2a: Centiskorch|20\/100\n|-status|p1a: Staravia|brn|[from] ability: Flame Body|[of] p2a: Centiskorch\n|move|p2a: Centiskorch|Bite|p1a: Staravia\n|-damage|p1a: Staravia|25\/100 brn\n|\n|-damage|p1a: Staravia|20\/100 brn|[from] brn\n|upkeep\n|turn|4\n|\n|t:|1699126918\n|move|p1a: Staravia|Wing Attack|p2a: Centiskorch\n|-supereffective|p2a: Centiskorch\n|-damage|p2a: Centiskorch|0 fnt\n|faint|p2a: Centiskorch\n|\n|-damage|p1a: Staravia|15\/100 brn|[from] brn\n|upkeep\n|\n|t:|1699126928\n|switch|p2a: Electrode|Electrode-Hisui, L27|100\/100\n|turn|5\n|\n|t:|1699126934\n|move|p2a: Electrode|Thunderbolt|p1a: Staravia\n|-supereffective|p1a: Staravia\n|-damage|p1a: Staravia|0 fnt\n|faint|p1a: Staravia\n|\n|upkeep\n|\n|t:|1699126942\n|switch|p1a: Luxio|Luxio, L28, M|100\/100\n|-ability|p1a: Luxio|Intimidate|boost\n|-unboost|p2a: Electrode|atk|1\n|turn|6\n|\n|t:|1699126951\n|move|p2a: Electrode|Leech Seed|p1a: Luxio\n|-start|p1a: Luxio|move: Leech Seed\n|move|p1a: Luxio|Crunch|p2a: Electrode\n|-damage|p2a: Electrode|56\/100\n|-unboost|p2a: Electrode|def|1\n|\n|-damage|p1a: Luxio|88\/100|[from] Leech Seed|[of] p2a: Electrode\n|-heal|p2a: Electrode|69\/100|[silent]\n|upkeep\n|turn|7\n|\n|t:|1699126961\n|move|p2a: Electrode|Giga Drain|p1a: Luxio\n|-damage|p1a: Luxio|30\/100\n|-heal|p2a: Electrode|99\/100|[from] drain|[of] p1a: Luxio\n|move|p1a: Luxio|Crunch|p2a: Electrode\n|-damage|p2a: Electrode|32\/100\n|\n|-damage|p1a: Luxio|18\/100|[from] Leech Seed|[of] p2a: Electrode\n|-heal|p2a: Electrode|45\/100|[silent]\n|upkeep\n|turn|8\n|\n|t:|1699126971\n|move|p2a: Electrode|Giga Drain|p1a: Luxio\n|-damage|p1a: Luxio|0 fnt\n|-heal|p2a: Electrode|54\/100|[from] drain|[of] p1a: Luxio\n|faint|p1a: Luxio\n|\n|upkeep\n|\n|t:|1699126976\n|switch|p1a: Combusken|Combusken, L29, M, shiny|100\/100\n|turn|9\n|\n|t:|1699126981\n|move|p2a: Electrode|Thunderbolt|p1a: Combusken\n|-damage|p1a: Combusken|39\/100\n|move|p1a: Combusken|Flame Charge|p2a: Electrode\n|-supereffective|p2a: Electrode\n|-crit|p2a: Electrode\n|-damage|p2a: Electrode|0 fnt\n|-boost|p1a: Combusken|spe|1\n|faint|p2a: Electrode\n|\n|-ability|p1a: Combusken|Speed Boost|boost\n|-boost|p1a: Combusken|spe|1\n|upkeep\n|\n|t:|1699126992\n|switch|p2a: Pinsir|Pinsir, L30, M|100\/100\n|turn|10\n|\n|t:|1699127005\n|move|p1a: Combusken|Flame Charge|p2a: Pinsir\n|-supereffective|p2a: Pinsir\n|-damage|p2a: Pinsir|53\/100\n|-boost|p1a: Combusken|spe|1\n|move|p2a: Pinsir|Close Combat|p1a: Combusken\n|-damage|p1a: Combusken|0 fnt\n|-unboost|p2a: Pinsir|def|1\n|-unboost|p2a: Pinsir|spd|1\n|faint|p1a: Combusken\n|\n|win|DrArkane15\n|l|\u2606SUPPORTERDEGREGORY\n","uploadtime":1699127067,"views":10,"p1id":"supporterdegregory","p2id":"drarkane15","formatid":"gen9nationaldexubers","rating":0,"private":0,"password":""}