{"id":"gen9nationaldexubers-1989937832","p1":"OXIIIXO","p2":"TheTurtwigWrangler","format":"[Gen 9] National Dex Ubers","log":"|j|\u2606OXIIIXO\n|j|\u2606TheTurtwigWrangler\n|t:|1699908343\n|gametype|singles\n|player|p1|OXIIIXO|1|1075\n|player|p2|TheTurtwigWrangler|acetrainersnowf|1020\n|teamsize|p1|6\n|teamsize|p2|6\n|gen|9\n|tier|[Gen 9] National Dex Ubers\n|rated|\n|rule|HP Percentage Mod: HP is shown in percentages\n|rule|Endless Battle Clause: Forcing endless battles is banned\n|rule|OHKO Clause: OHKO moves are banned\n|rule|Evasion Moves Clause: Evasion moves are banned\n|rule|Evasion Items Clause: Evasion items are banned\n|rule|Species Clause: Limit one of each Pok\u00e9mon\n|rule|Sleep Clause Mod: Limit one foe put to sleep\n|rule|Mega Rayquaza Clause: You cannot mega evolve Rayquaza\n|clearpoke\n|poke|p1|Zamazenta-*|\n|poke|p1|Zacian-*|\n|poke|p1|Kangaskhan, F|\n|poke|p1|Annihilape, F|\n|poke|p1|Baxcalibur, M|\n|poke|p1|Arceus-Poison|\n|poke|p2|Froslass, F|\n|poke|p2|Weavile, F|\n|poke|p2|Abomasnow, M|\n|poke|p2|Ninetales-Alola, F|\n|poke|p2|Cetitan, F|\n|poke|p2|Baxcalibur, M|\n|teampreview\n|\n|t:|1699908353\n|start\n|switch|p1a: Zamazenta|Zamazenta-Crowned|100\/100\n|switch|p2a: Sadako Yamamura|Froslass, F|100\/100\n|-ability|p1a: Zamazenta|Dauntless Shield|boost\n|-boost|p1a: Zamazenta|def|1\n|turn|1\n|\n|t:|1699908382\n|-terastallize|p1a: Zamazenta|Fighting\n|move|p2a: Sadako Yamamura|Thunder Wave|p1a: Zamazenta\n|-status|p1a: Zamazenta|par\n|move|p1a: Zamazenta|Rest|p1a: Zamazenta\n|-fail|p1a: Zamazenta|heal\n|\n|upkeep\n|turn|2\n|\n|t:|1699908391\n|move|p2a: Sadako Yamamura|Spikes|p1a: Zamazenta\n|-sidestart|p1: OXIIIXO|Spikes\n|move|p1a: Zamazenta|Light Screen|p1a: Zamazenta\n|-sidestart|p1: OXIIIXO|move: Light Screen\n|\n|upkeep\n|turn|3\n|\n|t:|1699908403\n|switch|p1a: Zacian|Zacian-Crowned|100\/100\n|-damage|p1a: Zacian|88\/100|[from] Spikes\n|-ability|p1a: Zacian|Intrepid Sword|boost\n|-boost|p1a: Zacian|atk|1\n|move|p2a: Sadako Yamamura|Spikes|p1a: Zacian\n|-sidestart|p1: OXIIIXO|Spikes\n|\n|upkeep\n|turn|4\n|\n|t:|1699908415\n|move|p2a: Sadako Yamamura|Thunder Wave|p1a: Zacian\n|-status|p1a: Zacian|par\n|move|p1a: Zacian|Giga Impact|p2a: Sadako Yamamura\n|-immune|p2a: Sadako Yamamura\n|\n|upkeep\n|turn|5\n|\n|t:|1699908422\n|move|p2a: Sadako Yamamura|Spikes|p1a: Zacian\n|-sidestart|p1: OXIIIXO|Spikes\n|move|p1a: Zacian|Rest|p1a: Zacian\n|-status|p1a: Zacian|slp|[from] move: Rest\n|-heal|p1a: Zacian|100\/100 slp|[silent]\n|\n|upkeep\n|turn|6\n|\n|t:|1699908442\n|switch|p2a: My fellow Unovans|Abomasnow, M|100\/100\n|-weather|Snow|[from] ability: Snow Warning|[of] p2a: My fellow Unovans\n|cant|p1a: Zacian|slp\n|\n|-weather|Snow|[upkeep]\n|-sideend|p1: OXIIIXO|move: Light Screen\n|upkeep\n|turn|7\n|\n|t:|1699908452\n|switch|p1a: Annihilape|Annihilape, F|100\/100\n|-damage|p1a: Annihilape|75\/100|[from] Spikes\n|detailschange|p2a: My fellow Unovans|Abomasnow-Mega, M\n|-mega|p2a: My fellow Unovans|Abomasnow|Abomasite\n|move|p2a: My fellow Unovans|Aurora Veil|p2a: My fellow Unovans\n|-sidestart|p2: TheTurtwigWrangler|move: Aurora Veil\n|\n|-weather|Snow|[upkeep]\n|upkeep\n|turn|8\n|\n|t:|1699908488\n|-zpower|p1a: Annihilape\n|move|p1a: Annihilape|Z-Curse|p2a: My fellow Unovans|[anim]Curse\n|-heal|p1a: Annihilape|100\/100|[zeffect]\n|-start|p2a: My fellow Unovans|Curse|[of] p1a: Annihilape\n|-damage|p1a: Annihilape|50\/100\n|move|p2a: My fellow Unovans|Leech Seed|p1a: Annihilape\n|-start|p1a: Annihilape|move: Leech Seed\n|\n|-weather|Snow|[upkeep]\n|-damage|p1a: Annihilape|38\/100|[from] Leech Seed|[of] p2a: My fellow Unovans\n|-damage|p2a: My fellow Unovans|76\/100|[from] Curse\n|upkeep\n|turn|9\n|\n|t:|1699908501\n|switch|p2a: Lizzo|Cetitan, F|100\/100\n|move|p1a: Annihilape|Counter||[still]\n|-fail|p1a: Annihilape\n|\n|-weather|Snow|[upkeep]\n|-damage|p1a: Annihilape|25\/100|[from] Leech Seed|[of] p2a: Lizzo\n|upkeep\n|turn|10\n|\n|t:|1699908511\n|move|p2a: Lizzo|Belly Drum|p2a: Lizzo\n|-damage|p2a: Lizzo|50\/100\n|-setboost|p2a: Lizzo|atk|6|[from] move: Belly Drum\n|-enditem|p2a: Lizzo|Sitrus Berry|[eat]\n|-heal|p2a: Lizzo|75\/100|[from] item: Sitrus Berry\n|move|p1a: Annihilape|Bulk Up|p1a: Annihilape\n|-boost|p1a: Annihilape|atk|1\n|-boost|p1a: Annihilape|def|1\n|\n|-weather|none\n|-damage|p1a: Annihilape|13\/100|[from] Leech Seed|[of] p2a: Lizzo\n|-heal|p2a: Lizzo|86\/100|[silent]\n|upkeep\n|turn|11\n|\n|t:|1699908523\n|switch|p1a: Kangaskhan|Kangaskhan, F|100\/100\n|-damage|p1a: Kangaskhan|76\/100|[from] Spikes\n|move|p2a: Lizzo|Ice Shard|p1a: Kangaskhan\n|-damage|p1a: Kangaskhan|0 fnt\n|faint|p1a: Kangaskhan\n|\n|-sideend|p2: TheTurtwigWrangler|move: Aurora Veil\n|upkeep\n|\n|t:|1699908532\n|switch|p1a: Baxcalibur|Baxcalibur, M|100\/100\n|-damage|p1a: Baxcalibur|76\/100|[from] Spikes\n|turn|12\n|\n|t:|1699908537\n|move|p2a: Lizzo|Earthquake|p1a: Baxcalibur\n|-damage|p1a: Baxcalibur|0 fnt\n|faint|p1a: Baxcalibur\n|\n|upkeep\n|\n|t:|1699908542\n|switch|p1a: Zacian|Zacian-Crowned|100\/100 slp\n|-damage|p1a: Zacian|75\/100 slp|[from] Spikes\n|turn|13\n|\n|t:|1699908546\n|cant|p1a: Zacian|slp\n|move|p2a: Lizzo|Earthquake|p1a: Zacian\n|-supereffective|p1a: Zacian\n|-damage|p1a: Zacian|0 fnt\n|faint|p1a: Zacian\n|\n|upkeep\n|\n|t:|1699908553\n|switch|p1a: Zamazenta|Zamazenta-Crowned, tera:Fighting|100\/100 par\n|-damage|p1a: Zamazenta|75\/100 par|[from] Spikes\n|turn|14\n|\n|t:|1699908557\n|move|p2a: Lizzo|Earthquake|p1a: Zamazenta\n|-damage|p1a: Zamazenta|0 fnt\n|faint|p1a: Zamazenta\n|\n|upkeep\n|\n|t:|1699908562\n|switch|p1a: Arceus|Arceus-Poison|100\/100\n|-damage|p1a: Arceus|76\/100|[from] Spikes\n|turn|15\n|\n|t:|1699908568\n|move|p2a: Lizzo|Ice Shard|p1a: Arceus\n|-damage|p1a: Arceus|13\/100\n|move|p1a: Arceus|Aura Sphere|p2a: Lizzo\n|-supereffective|p2a: Lizzo\n|-damage|p2a: Lizzo|36\/100\n|\n|upkeep\n|turn|16\n|\n|t:|1699908578\n|move|p2a: Lizzo|Ice Shard|p1a: Arceus\n|-damage|p1a: Arceus|0 fnt\n|faint|p1a: Arceus\n|\n|upkeep\n|\n|t:|1699908584\n|switch|p1a: Annihilape|Annihilape, F|13\/100\n|-damage|p1a: Annihilape|0 fnt|[from] Spikes\n|faint|p1a: Annihilape\n|\n|win|TheTurtwigWrangler\n|raw|OXIIIXO's rating: 1075 &rarr; <strong>1050<\/strong><br \/>(-25 for losing)\n|raw|TheTurtwigWrangler's rating: 1020 &rarr; <strong>1063<\/strong><br \/>(+43 for winning)\n","uploadtime":1699908594,"views":10,"p1id":"oxiiixo","p2id":"theturtwigwrangler","formatid":"gen9nationaldexubers","rating":1050,"private":0,"password":""}