{"id":"gen9nationaldexubers-1986902837","p1":"white people inc","p2":"drzomboss75","format":"[Gen 9] National Dex Ubers","log":"|j|\u2606white people inc\n|j|\u2606drzomboss75\n|t:|1699539463\n|gametype|singles\n|player|p1|white people inc|kieran|1159\n|player|p2|drzomboss75|1|1186\n|teamsize|p1|6\n|teamsize|p2|6\n|gen|9\n|tier|[Gen 9] National Dex Ubers\n|rated|\n|rule|HP Percentage Mod: HP is shown in percentages\n|rule|Endless Battle Clause: Forcing endless battles is banned\n|rule|OHKO Clause: OHKO moves are banned\n|rule|Evasion Moves Clause: Evasion moves are banned\n|rule|Evasion Items Clause: Evasion items are banned\n|rule|Species Clause: Limit one of each Pok\u00e9mon\n|rule|Sleep Clause Mod: Limit one foe put to sleep\n|rule|Mega Rayquaza Clause: You cannot mega evolve Rayquaza\n|clearpoke\n|poke|p1|Ledyba, M|\n|poke|p1|Zacian-*|\n|poke|p1|Talonflame, M|\n|poke|p1|Groudon|\n|poke|p1|Veluza, F|\n|poke|p1|Necrozma-Dusk-Mane|\n|poke|p2|Dracovish|\n|poke|p2|Azumarill, M|\n|poke|p2|Arceus|\n|poke|p2|Breloom, M|\n|poke|p2|Urshifu-*, F|\n|poke|p2|Butterfree, F|\n|teampreview\n|inactive|Battle timer is ON: inactive players will automatically lose when time's up. (requested by white people inc)\n|\n|t:|1699539474\n|start\n|switch|p1a: Talonflame|Talonflame, M, shiny|100\/100\n|switch|p2a: Butterfree|Butterfree, F|100\/100\n|turn|1\n|\n|t:|1699539480\n|move|p1a: Talonflame|Will-O-Wisp|p2a: Butterfree\n|-status|p2a: Butterfree|brn\n|move|p2a: Butterfree|Sleep Powder|p1a: Talonflame\n|-status|p1a: Talonflame|slp|[from] move: Sleep Powder\n|\n|-damage|p2a: Butterfree|94\/100 brn|[from] brn\n|upkeep\n|turn|2\n|\n|t:|1699539495\n|switch|p1a: win button|Groudon|100\/100\n|detailschange|p1a: win button|Groudon-Primal\n|-primal|p1a: win button|Red Orb\n|-weather|DesolateLand|[from] ability: Desolate Land|[of] p1a: win button\n|move|p2a: Butterfree|Substitute|p2a: Butterfree\n|-start|p2a: Butterfree|Substitute\n|-damage|p2a: Butterfree|69\/100 brn\n|\n|-weather|DesolateLand|[upkeep]\n|-damage|p2a: Butterfree|63\/100 brn|[from] brn\n|upkeep\n|turn|3\n|\n|t:|1699539504\n|move|p2a: Butterfree|Quiver Dance|p2a: Butterfree\n|-boost|p2a: Butterfree|spa|1\n|-boost|p2a: Butterfree|spd|1\n|-boost|p2a: Butterfree|spe|1\n|move|p1a: win button|Roar|p2a: Butterfree\n|drag|p2a: Azumarill|Azumarill, M|100\/100\n|\n|-weather|DesolateLand|[upkeep]\n|upkeep\n|turn|4\n|\n|t:|1699539526\n|switch|p2a: Urshifu|Urshifu, F|100\/100\n|move|p1a: win button|Earthquake|p2a: Urshifu\n|-damage|p2a: Urshifu|47\/100\n|\n|-weather|DesolateLand|[upkeep]\n|upkeep\n|turn|5\n|\n|t:|1699539537\n|move|p2a: Urshifu|Drain Punch|p1a: win button\n|-damage|p1a: win button|84\/100\n|-heal|p2a: Urshifu|57\/100|[from] drain|[of] p1a: win button\n|move|p1a: win button|Lava Plume|p2a: Urshifu\n|-damage|p2a: Urshifu|0 fnt\n|faint|p2a: Urshifu\n|\n|-weather|DesolateLand|[upkeep]\n|upkeep\n|\n|t:|1699539545\n|switch|p2a: Arceus|Arceus|100\/100\n|turn|6\n|\n|t:|1699539550\n|-weather|none\n|switch|p1a: bimmy|Ledyba, M|100\/100\n|move|p2a: Arceus|Swords Dance|p2a: Arceus\n|-boost|p2a: Arceus|atk|2\n|\n|upkeep\n|turn|7\n|\n|t:|1699539557\n|move|p2a: Arceus|Extreme Speed|p1a: bimmy\n|-enditem|p1a: bimmy|Focus Sash\n|-damage|p1a: bimmy|1\/100\n|move|p1a: bimmy|Counter|p2a: Arceus\n|-damage|p2a: Arceus|0 fnt\n|faint|p2a: Arceus\n|\n|upkeep\n|\n|t:|1699539565\n|switch|p2a: Breloom|Breloom, M|100\/100\n|turn|8\n|\n|t:|1699539578\n|move|p2a: Breloom|Bulk Up|p2a: Breloom\n|-boost|p2a: Breloom|atk|1\n|-boost|p2a: Breloom|def|1\n|move|p1a: bimmy|Knock Off|p2a: Breloom\n|-resisted|p2a: Breloom\n|-damage|p2a: Breloom|97\/100\n|-enditem|p2a: Breloom|Figy Berry|[from] move: Knock Off|[of] p1a: bimmy\n|\n|upkeep\n|turn|9\n|\n|t:|1699539585\n|move|p2a: Breloom|Bulk Up|p2a: Breloom\n|-boost|p2a: Breloom|atk|1\n|-boost|p2a: Breloom|def|1\n|move|p1a: bimmy|Encore|p2a: Breloom\n|-start|p2a: Breloom|Encore\n|\n|upkeep\n|turn|10\n|\n|t:|1699539591\n|move|p2a: Breloom|Bulk Up|p2a: Breloom\n|-boost|p2a: Breloom|atk|1\n|-boost|p2a: Breloom|def|1\n|move|p1a: bimmy|Toxic|p2a: Breloom\n|-status|p2a: Breloom|tox\n|\n|-damage|p2a: Breloom|91\/100 tox|[from] psn\n|upkeep\n|turn|11\n|\n|t:|1699539602\n|switch|p1a: Veluza|Veluza, F|100\/100\n|-ability|p1a: Veluza|Mold Breaker\n|move|p2a: Breloom|Bulk Up|p2a: Breloom\n|-boost|p2a: Breloom|atk|1\n|-boost|p2a: Breloom|def|1\n|\n|-damage|p2a: Breloom|79\/100 tox|[from] psn\n|upkeep\n|turn|12\n|\n|t:|1699539611\n|move|p1a: Veluza|Fillet Away|p1a: Veluza\n|-boost|p1a: Veluza|atk|2\n|-boost|p1a: Veluza|spa|2\n|-boost|p1a: Veluza|spe|2\n|-damage|p1a: Veluza|50\/100\n|-enditem|p1a: Veluza|Sitrus Berry|[eat]\n|-heal|p1a: Veluza|75\/100|[from] item: Sitrus Berry\n|move|p2a: Breloom|Bulk Up|p2a: Breloom\n|-boost|p2a: Breloom|atk|1\n|-boost|p2a: Breloom|def|1\n|\n|-damage|p2a: Breloom|60\/100 tox|[from] psn\n|-end|p2a: Breloom|Encore\n|upkeep\n|turn|13\n|\n|t:|1699539626\n|move|p2a: Breloom|Mach Punch|p1a: Veluza\n|-resisted|p1a: Veluza\n|-damage|p1a: Veluza|0 fnt\n|faint|p1a: Veluza\n|\n|-damage|p2a: Breloom|35\/100 tox|[from] psn\n|upkeep\n|\n|t:|1699539634\n|switch|p1a: Talonflame|Talonflame, M, shiny|100\/100 slp\n|turn|14\n|\n|t:|1699539638\n|switch|p1a: bimmy|Ledyba, M|1\/100\n|move|p2a: Breloom|Drain Punch|p1a: bimmy\n|-resisted|p1a: bimmy\n|-damage|p1a: bimmy|0 fnt\n|-heal|p2a: Breloom|36\/100 tox|[from] drain|[of] p1a: bimmy\n|faint|p1a: bimmy\n|\n|-damage|p2a: Breloom|5\/100 tox|[from] psn\n|upkeep\n|\n|t:|1699539648\n|switch|p1a: big zash|Zacian-Crowned, shiny|100\/100\n|-ability|p1a: big zash|Intrepid Sword|boost\n|-boost|p1a: big zash|atk|1\n|turn|15\n|\n|t:|1699539657\n|switch|p1a: Talonflame|Talonflame, M, shiny|100\/100 slp\n|move|p2a: Breloom|Mach Punch|p1a: Talonflame\n|-resisted|p1a: Talonflame\n|-damage|p1a: Talonflame|23\/100 slp\n|\n|-damage|p2a: Breloom|0 fnt|[from] psn\n|faint|p2a: Breloom\n|upkeep\n|\n|t:|1699539669\n|switch|p2a: Azumarill|Azumarill, M|100\/100\n|turn|16\n|\n|t:|1699539672\n|cant|p1a: Talonflame|slp\n|move|p2a: Azumarill|Belly Drum|p2a: Azumarill\n|-damage|p2a: Azumarill|50\/100\n|-setboost|p2a: Azumarill|atk|6|[from] move: Belly Drum\n|-enditem|p2a: Azumarill|Sitrus Berry|[eat]\n|-heal|p2a: Azumarill|75\/100|[from] item: Sitrus Berry\n|\n|upkeep\n|turn|17\n|\n|t:|1699539682\n|move|p2a: Azumarill|Aqua Jet|p1a: Talonflame\n|-supereffective|p1a: Talonflame\n|-damage|p1a: Talonflame|0 fnt\n|faint|p1a: Talonflame\n|\n|upkeep\n|\n|t:|1699539684\n|switch|p1a: Necrozma|Necrozma-Dusk-Mane|100\/100\n|turn|18\n|\n|t:|1699539689\n|detailschange|p1a: Necrozma|Necrozma-Ultra\n|-burst|p1a: Necrozma|Necrozma|Ultranecrozium Z\n|move|p2a: Azumarill|Aqua Jet|p1a: Necrozma\n|-resisted|p1a: Necrozma\n|-damage|p1a: Necrozma|46\/100\n|move|p1a: Necrozma|Photon Geyser|p2a: Azumarill\n|-damage|p2a: Azumarill|1\/100\n|\n|upkeep\n|turn|19\n|\n|t:|1699539705\n|move|p2a: Azumarill|Aqua Jet|p1a: Necrozma\n|-resisted|p1a: Necrozma\n|-damage|p1a: Necrozma|0 fnt\n|faint|p1a: Necrozma\n|\n|upkeep\n|\n|t:|1699539708\n|switch|p1a: win button|Groudon-Primal|84\/100\n|-weather|DesolateLand|[from] ability: Desolate Land|[of] p1a: win button\n|turn|20\n|\n|t:|1699539713\n|move|p1a: win button|Lava Plume|p2a: Azumarill\n|-resisted|p2a: Azumarill\n|-damage|p2a: Azumarill|0 fnt\n|faint|p2a: Azumarill\n|\n|-weather|DesolateLand|[upkeep]\n|upkeep\n|\n|t:|1699539720\n|switch|p2a: Butterfree|Butterfree, F|63\/100 brn\n|turn|21\n|\n|t:|1699539725\n|-weather|none\n|switch|p1a: big zash|Zacian-Crowned, shiny|100\/100\n|move|p2a: Butterfree|Sleep Powder|p1a: big zash\n|-status|p1a: big zash|slp|[from] move: Sleep Powder\n|\n|-damage|p2a: Butterfree|57\/100 brn|[from] brn\n|upkeep\n|turn|22\n|\n|t:|1699539732\n|switch|p1a: win button|Groudon-Primal|84\/100\n|-weather|DesolateLand|[from] ability: Desolate Land|[of] p1a: win button\n|move|p2a: Butterfree|Quiver Dance|p2a: Butterfree\n|-boost|p2a: Butterfree|spa|1\n|-boost|p2a: Butterfree|spd|1\n|-boost|p2a: Butterfree|spe|1\n|\n|-weather|DesolateLand|[upkeep]\n|-damage|p2a: Butterfree|51\/100 brn|[from] brn\n|upkeep\n|turn|23\n|\n|t:|1699539741\n|move|p2a: Butterfree|Hurricane|p1a: win button|[miss]\n|-miss|p2a: Butterfree|p1a: win button\n|move|p1a: win button|Lava Plume|p2a: Butterfree\n|-supereffective|p2a: Butterfree\n|-damage|p2a: Butterfree|0 fnt\n|faint|p2a: Butterfree\n|\n|-weather|DesolateLand|[upkeep]\n|upkeep\n|c|\u2606white people inc|L\n|\n|t:|1699539749\n|switch|p2a: Dracovish|Dracovish|100\/100\n|turn|24\n|\n|t:|1699539760\n|move|p2a: Dracovish|Fishious Rend||[still]\n|-fail|p2a: Dracovish|Fishious Rend|[from] Desolate Land\n|move|p1a: win button|Earthquake|p2a: Dracovish\n|-damage|p2a: Dracovish|37\/100\n|\n|-weather|DesolateLand|[upkeep]\n|upkeep\n|turn|25\n|\n|t:|1699539765\n|move|p2a: Dracovish|Fishious Rend||[still]\n|-fail|p2a: Dracovish|Fishious Rend|[from] Desolate Land\n|move|p1a: win button|Earthquake|p2a: Dracovish\n|-damage|p2a: Dracovish|0 fnt\n|faint|p2a: Dracovish\n|\n|win|white people inc\n|raw|white people inc's rating: 1159 &rarr; <strong>1186<\/strong><br \/>(+27 for winning)\n|raw|drzomboss75's rating: 1186 &rarr; <strong>1159<\/strong><br \/>(-27 for losing)\n","uploadtime":1699539770,"views":14,"p1id":"whitepeopleinc","p2id":"drzomboss75","formatid":"gen9nationaldexubers","rating":1159,"private":0,"password":""}