{"id":"gen9nationaldexubers-1980809312","p1":"puissance du feu","p2":"KurumiTokisakilove","format":"[Gen 9] National Dex Ubers","log":"|j|\u2606puissance du feu\n|j|\u2606KurumiTokisakilove\n|t:|1698836762\n|gametype|singles\n|player|p1|puissance du feu|blackbelt|1564\n|player|p2|KurumiTokisakilove|sabrina-gen2|1947\n|teamsize|p1|6\n|teamsize|p2|6\n|gen|9\n|tier|[Gen 9] National Dex Ubers\n|rated|\n|rule|HP Percentage Mod: HP is shown in percentages\n|rule|Endless Battle Clause: Forcing endless battles is banned\n|rule|OHKO Clause: OHKO moves are banned\n|rule|Evasion Moves Clause: Evasion moves are banned\n|rule|Evasion Items Clause: Evasion items are banned\n|rule|Species Clause: Limit one of each Pok\u00e9mon\n|rule|Sleep Clause Mod: Limit one foe put to sleep\n|rule|Mega Rayquaza Clause: You cannot mega evolve Rayquaza\n|clearpoke\n|poke|p1|Magearna|\n|poke|p1|Ditto|\n|poke|p1|Eternatus|\n|poke|p1|Mewtwo|\n|poke|p1|Arceus|\n|poke|p1|Giratina-Origin|\n|poke|p2|Giratina-Origin|\n|poke|p2|Magearna|\n|poke|p2|Ditto|\n|poke|p2|Arceus-Dark|\n|poke|p2|Necrozma-Dusk-Mane|\n|poke|p2|Kingambit, M|\n|teampreview\n|inactive|Battle timer is ON: inactive players will automatically lose when time's up. (requested by puissance du feu)\n|inactive|KurumiTokisakilove also wants the timer to be on.\n|\n|t:|1698836773\n|start\n|switch|p1a: Arceus|Arceus|100\/100\n|switch|p2a: Necrozma|Necrozma-Dusk-Mane|100\/100\n|turn|1\n|\n|t:|1698836790\n|move|p1a: Arceus|Taunt|p2a: Necrozma\n|-start|p2a: Necrozma|move: Taunt\n|cant|p2a: Necrozma|move: Taunt|Stealth Rock\n|\n|upkeep\n|turn|2\n|\n|t:|1698836818\n|switch|p2a: Giratina|Giratina-Origin|100\/100\n|move|p1a: Arceus|Stealth Rock|p2a: Giratina\n|-sidestart|p2: KurumiTokisakilove|move: Stealth Rock\n|\n|upkeep\n|turn|3\n|inactive|puissance du feu has 120 seconds left.\n|inactive|puissance du feu has 90 seconds left.\n|\n|t:|1698836892\n|switch|p2a: Kingambit|Kingambit, M|100\/100\n|-damage|p2a: Kingambit|94\/100|[from] Stealth Rock\n|move|p1a: Arceus|Taunt|p2a: Kingambit\n|-start|p2a: Kingambit|move: Taunt\n|\n|upkeep\n|turn|4\n|inactive|KurumiTokisakilove has 120 seconds left.\n|\n|t:|1698836926\n|switch|p1a: Magearna|Magearna|100\/100\n|move|p2a: Kingambit|Knock Off|p1a: Magearna\n|-resisted|p1a: Magearna\n|-damage|p1a: Magearna|80\/100\n|-enditem|p1a: Magearna|Leftovers|[from] move: Knock Off|[of] p2a: Kingambit\n|\n|upkeep\n|turn|5\n|inactive|puissance du feu has 90 seconds left.\n|inactive|puissance du feu has 60 seconds left.\n|\n|t:|1698836964\n|-end|p2a: Kingambit|fallenundefined|[silent]\n|switch|p2a: Necrozma|Necrozma-Dusk-Mane|100\/100\n|-damage|p2a: Necrozma|94\/100|[from] Stealth Rock\n|move|p1a: Magearna|Spikes|p2a: Necrozma\n|-sidestart|p2: KurumiTokisakilove|Spikes\n|\n|upkeep\n|turn|6\n|\n|t:|1698836970\n|move|p2a: Necrozma|Stealth Rock|p1a: Magearna\n|-sidestart|p1: puissance du feu|move: Stealth Rock\n|move|p1a: Magearna|Spikes|p2a: Necrozma\n|-sidestart|p2: KurumiTokisakilove|Spikes\n|\n|upkeep\n|turn|7\n|\n|t:|1698836977\n|detailschange|p2a: Necrozma|Necrozma-Ultra\n|-burst|p2a: Necrozma|Necrozma|Ultranecrozium Z\n|move|p2a: Necrozma|Earth Power|p1a: Magearna\n|-supereffective|p1a: Magearna\n|-damage|p1a: Magearna|5\/100\n|move|p1a: Magearna|Volt Switch|p2a: Necrozma\n|-resisted|p2a: Necrozma\n|-damage|p2a: Necrozma|84\/100\n|inactive|puissance du feu has 60 seconds left.\n|\n|t:|1698837022\n|switch|p1a: Mewtwo|Mewtwo|100\/100|[from] Volt Switch\n|-damage|p1a: Mewtwo|88\/100|[from] Stealth Rock\n|-ability|p1a: Mewtwo|Pressure\n|\n|-heal|p1a: Mewtwo|94\/100|[from] item: Leftovers\n|upkeep\n|turn|8\n|\n|t:|1698837033\n|switch|p2a: Magearna|Magearna|100\/100\n|-damage|p2a: Magearna|94\/100|[from] Stealth Rock\n|-damage|p2a: Magearna|78\/100|[from] Spikes\n|move|p1a: Mewtwo|Ice Beam|p2a: Magearna\n|-resisted|p2a: Magearna\n|-damage|p2a: Magearna|69\/100\n|\n|-heal|p1a: Mewtwo|100\/100|[from] item: Leftovers\n|upkeep\n|turn|9\n|\n|t:|1698837039\n|move|p1a: Mewtwo|Taunt|p2a: Magearna\n|-start|p2a: Magearna|move: Taunt\n|move|p2a: Magearna|Fleur Cannon|p1a: Mewtwo\n|-damage|p1a: Mewtwo|50\/100\n|-unboost|p2a: Magearna|spa|2\n|\n|-heal|p1a: Mewtwo|56\/100|[from] item: Leftovers\n|upkeep\n|turn|10\n|inactive|puissance du feu has 60 seconds left.\n|\n|t:|1698837045\n|switch|p2a: Arceus|Arceus-Dark|100\/100\n|-damage|p2a: Arceus|88\/100|[from] Stealth Rock\n|-damage|p2a: Arceus|71\/100|[from] Spikes\n|move|p1a: Mewtwo|Earth Power|p2a: Arceus\n|-damage|p2a: Arceus|53\/100\n|\n|-heal|p1a: Mewtwo|62\/100|[from] item: Leftovers\n|upkeep\n|turn|11\n|inactive|puissance du feu has 60 seconds left.\n|\n|t:|1698837057\n|move|p1a: Mewtwo|Earth Power|p2a: Arceus\n|-damage|p2a: Arceus|34\/100\n|move|p2a: Arceus|Recover|p2a: Arceus\n|-heal|p2a: Arceus|84\/100\n|\n|-heal|p1a: Mewtwo|69\/100|[from] item: Leftovers\n|upkeep\n|turn|12\n|inactive|puissance du feu has 60 seconds left.\n|\n|t:|1698837071\n|switch|p1a: Magearna|Magearna|5\/100\n|-damage|p1a: Magearna|0 fnt|[from] Stealth Rock\n|faint|p1a: Magearna\n|move|p2a: Arceus|Foul Play|p1: Magearna|[notarget]\n|-fail|p2a: Arceus\n|\n|upkeep\n|inactive|puissance du feu has 60 seconds left.\n|\n|t:|1698837077\n|switch|p1a: Eternatus|Eternatus|100\/100\n|-damage|p1a: Eternatus|88\/100|[from] Stealth Rock\n|-ability|p1a: Eternatus|Pressure\n|turn|13\n|\n|t:|1698837086\n|switch|p2a: Magearna|Magearna|69\/100\n|-damage|p2a: Magearna|63\/100|[from] Stealth Rock\n|-damage|p2a: Magearna|47\/100|[from] Spikes\n|move|p1a: Eternatus|Toxic Spikes|p2a: Magearna\n|-sidestart|p2: KurumiTokisakilove|move: Toxic Spikes\n|\n|upkeep\n|turn|14\n|\n|t:|1698837091\n|move|p1a: Eternatus|Flamethrower|p2a: Magearna\n|-supereffective|p2a: Magearna\n|-damage|p2a: Magearna|13\/100\n|move|p2a: Magearna|Pain Split|p1a: Eternatus\n|-sethp|p1a: Eternatus|49\/100|[from] move: Pain Split|[silent]\n|-sethp|p2a: Magearna|65\/100|[from] move: Pain Split\n|\n|upkeep\n|turn|15\n|\n|t:|1698837099\n|move|p1a: Eternatus|Toxic Spikes|p2a: Magearna\n|-sidestart|p2: KurumiTokisakilove|move: Toxic Spikes\n|move|p2a: Magearna|Fleur Cannon|p1a: Eternatus\n|-crit|p1a: Eternatus\n|-damage|p1a: Eternatus|6\/100\n|-unboost|p2a: Magearna|spa|2\n|\n|upkeep\n|turn|16\n|\n|t:|1698837110\n|move|p1a: Eternatus|Meteor Beam||[still]\n|-prepare|p1a: Eternatus|Meteor Beam\n|-boost|p1a: Eternatus|spa|1\n|-enditem|p1a: Eternatus|Power Herb\n|-anim|p1a: Eternatus|Meteor Beam|p2a: Magearna\n|-resisted|p2a: Magearna\n|-damage|p2a: Magearna|47\/100\n|move|p2a: Magearna|Heart Swap|p1a: Eternatus\n|-swapboost|p2a: Magearna|p1a: Eternatus|[from] move: Heart Swap\n|\n|upkeep\n|turn|17\n|\n|t:|1698837134\n|move|p1a: Eternatus|Flamethrower|p2a: Magearna\n|-supereffective|p2a: Magearna\n|-damage|p2a: Magearna|30\/100\n|-status|p2a: Magearna|brn\n|move|p2a: Magearna|Fleur Cannon|p1a: Eternatus\n|-damage|p1a: Eternatus|0 fnt\n|-unboost|p2a: Magearna|spa|2\n|faint|p1a: Eternatus\n|-ability|p2a: Magearna|Soul-Heart|boost\n|-boost|p2a: Magearna|spa|1\n|\n|-damage|p2a: Magearna|24\/100 brn|[from] brn\n|upkeep\n|inactive|puissance du feu has 60 seconds left.\n|\n|t:|1698837161\n|switch|p1a: Mewtwo|Mewtwo|69\/100\n|-damage|p1a: Mewtwo|56\/100|[from] Stealth Rock\n|-ability|p1a: Mewtwo|Pressure\n|turn|18\n|\n|t:|1698837166\n|move|p1a: Mewtwo|Earth Power|p2a: Magearna\n|-supereffective|p2a: Magearna\n|-damage|p2a: Magearna|0 fnt\n|faint|p2a: Magearna\n|\n|-heal|p1a: Mewtwo|62\/100|[from] item: Leftovers\n|upkeep\n|\n|t:|1698837174\n|switch|p2a: Arceus|Arceus-Dark|84\/100\n|-damage|p2a: Arceus|71\/100|[from] Stealth Rock\n|-damage|p2a: Arceus|55\/100|[from] Spikes\n|-status|p2a: Arceus|tox\n|turn|19\n|\n|t:|1698837185\n|move|p1a: Mewtwo|Earth Power|p2a: Arceus\n|-damage|p2a: Arceus|35\/100 tox\n|move|p2a: Arceus|Foul Play|p1a: Mewtwo\n|-supereffective|p1a: Mewtwo\n|-damage|p1a: Mewtwo|6\/100\n|\n|-heal|p1a: Mewtwo|12\/100|[from] item: Leftovers\n|-damage|p2a: Arceus|29\/100 tox|[from] psn\n|upkeep\n|turn|20\n|\n|t:|1698837198\n|move|p1a: Mewtwo|Earth Power|p2a: Arceus\n|-damage|p2a: Arceus|10\/100 tox\n|move|p2a: Arceus|Foul Play|p1a: Mewtwo\n|-supereffective|p1a: Mewtwo\n|-crit|p1a: Mewtwo\n|-damage|p1a: Mewtwo|0 fnt\n|faint|p1a: Mewtwo\n|\n|-damage|p2a: Arceus|0 fnt|[from] psn\n|faint|p2a: Arceus\n|upkeep\n|\n|t:|1698837213\n|switch|p1a: Arceus|Arceus|100\/100\n|switch|p2a: Ditto|Ditto, shiny|100\/100\n|-damage|p1a: Arceus|88\/100|[from] Stealth Rock\n|-damage|p2a: Ditto|88\/100|[from] Stealth Rock\n|-damage|p2a: Ditto|71\/100|[from] Spikes\n|-status|p2a: Ditto|tox\n|-transform|p2a: Ditto|p1a: Arceus|[from] ability: Imposter\n|turn|21\n|\n|t:|1698837221\n|switch|p1a: Giratina|Giratina-Origin|100\/100\n|-damage|p1a: Giratina|88\/100|[from] Stealth Rock\n|move|p2a: Ditto|Rock Slide|p1a: Giratina\n|-damage|p1a: Giratina|74\/100\n|\n|-damage|p2a: Ditto|65\/100 tox|[from] psn\n|upkeep\n|turn|22\n|\n|t:|1698837228\n|move|p2a: Ditto|Rock Slide|p1a: Giratina\n|-damage|p1a: Giratina|61\/100\n|move|p1a: Giratina|Roar|p2a: Ditto\n|drag|p2a: Giratina|Giratina-Origin|100\/100\n|-damage|p2a: Giratina|88\/100|[from] Stealth Rock\n|\n|upkeep\n|turn|23\n|\n|t:|1698837235\n|move|p2a: Giratina|Poltergeist|p1a: Giratina\n|-activate|p1a: Giratina|move: Poltergeist|Griseous Core\n|-supereffective|p1a: Giratina\n|-damage|p1a: Giratina|0 fnt\n|faint|p1a: Giratina\n|\n|upkeep\n|\n|t:|1698837245\n|switch|p1a: Ditto|Ditto|100\/100\n|-damage|p1a: Ditto|88\/100|[from] Stealth Rock\n|-transform|p1a: Ditto|p2a: Giratina|[from] ability: Imposter\n|turn|24\n|inactive|puissance du feu has 90 seconds left.\n|\n|t:|1698837253\n|switch|p2a: Ditto|Ditto, shiny|65\/100 tox\n|-damage|p2a: Ditto|53\/100 tox|[from] Stealth Rock\n|-damage|p2a: Ditto|36\/100 tox|[from] Spikes\n|-terastallize|p1a: Ditto|Ghost\n|move|p1a: Ditto|Poltergeist|p2a: Ditto\n|-immune|p2a: Ditto\n|\n|-damage|p2a: Ditto|30\/100 tox|[from] psn\n|upkeep\n|turn|25\n|\n|t:|1698837259\n|move|p1a: Ditto|Poltergeist|p2a: Ditto\n|-immune|p2a: Ditto\n|move|p2a: Ditto|Transform||[still]\n|-fail|p2a: Ditto\n|\n|-damage|p2a: Ditto|18\/100 tox|[from] psn\n|upkeep\n|turn|26\n|\n|t:|1698837262\n|move|p1a: Ditto|Poltergeist|p2a: Ditto\n|-immune|p2a: Ditto\n|move|p2a: Ditto|Transform||[still]\n|-fail|p2a: Ditto\n|\n|-damage|p2a: Ditto|0 fnt|[from] psn\n|faint|p2a: Ditto\n|upkeep\n|\n|t:|1698837267\n|switch|p2a: Kingambit|Kingambit, M|94\/100\n|-damage|p2a: Kingambit|88\/100|[from] Stealth Rock\n|-damage|p2a: Kingambit|72\/100|[from] Spikes\n|-activate|p2a: Kingambit|ability: Supreme Overlord\n|-start|p2a: Kingambit|fallen3|[silent]\n|turn|27\n|inactive|puissance du feu has 120 seconds left.\n|\n|t:|1698837278\n|move|p1a: Ditto|Poltergeist|p2a: Kingambit\n|-activate|p2a: Kingambit|move: Poltergeist|Black Glasses\n|-resisted|p2a: Kingambit\n|-damage|p2a: Kingambit|44\/100\n|move|p2a: Kingambit|Knock Off|p1a: Ditto\n|-supereffective|p1a: Ditto\n|-damage|p1a: Ditto|0 fnt\n|-enditem|p1a: Ditto|Choice Scarf|[from] move: Knock Off|[of] p2a: Kingambit\n|faint|p1a: Ditto\n|\n|upkeep\n|\n|t:|1698837282\n|switch|p1a: Arceus|Arceus|88\/100\n|-damage|p1a: Arceus|76\/100|[from] Stealth Rock\n|turn|28\n|\n|t:|1698837285\n|move|p1a: Arceus|Extreme Speed|p2a: Kingambit\n|-resisted|p2a: Kingambit\n|-damage|p2a: Kingambit|32\/100\n|move|p2a: Kingambit|Knock Off|p1a: Arceus\n|-damage|p1a: Arceus|16\/100\n|-enditem|p1a: Arceus|Leftovers|[from] move: Knock Off|[of] p2a: Kingambit\n|\n|upkeep\n|turn|29\n|\n|t:|1698837288\n|move|p1a: Arceus|Extreme Speed|p2a: Kingambit\n|-resisted|p2a: Kingambit\n|-damage|p2a: Kingambit|20\/100\n|move|p2a: Kingambit|Knock Off|p1a: Arceus\n|-damage|p1a: Arceus|0 fnt\n|faint|p1a: Arceus\n|\n|win|KurumiTokisakilove\n|raw|puissance du feu's rating: 1564 &rarr; <strong>1560<\/strong><br \/>(-4 for losing)\n|raw|KurumiTokisakilove's rating: 1947 &rarr; <strong>1951<\/strong><br \/>(+4 for winning)\n|l|\u2606puissance du feu\n|l|\u2606KurumiTokisakilove\n","uploadtime":1698837308,"views":25,"p1id":"puissancedufeu","p2id":"kurumitokisakilove","formatid":"gen9nationaldexubers","rating":1560,"private":0,"password":""}