{"id":"gen9nationaldexubers-1979706985","p1":"Plastic_hand","p2":"Rayquaza59","format":"[Gen 9] National Dex Ubers","log":"|j|\u2606Plastic_hand\n|j|\u2606Rayquaza59\n|t:|1698705149\n|gametype|singles\n|player|p1|Plastic_hand|shauntal|\n|player|p2|Rayquaza59|unknownf|\n|teamsize|p1|2\n|teamsize|p2|2\n|gen|9\n|tier|[Gen 9] National Dex Ubers\n|rule|HP Percentage Mod: HP is shown in percentages\n|rule|Endless Battle Clause: Forcing endless battles is banned\n|rule|OHKO Clause: OHKO moves are banned\n|rule|Evasion Moves Clause: Evasion moves are banned\n|rule|Evasion Items Clause: Evasion items are banned\n|rule|Species Clause: Limit one of each Pok\u00e9mon\n|rule|Sleep Clause Mod: Limit one foe put to sleep\n|rule|Mega Rayquaza Clause: You cannot mega evolve Rayquaza\n|clearpoke\n|poke|p1|Flabe\u0301be\u0301-Yellow, L11, F|\n|poke|p1|Mimikyu, L11, F|\n|poke|p2|Froakie, L9, F|\n|poke|p2|Tyrunt, L9, F|\n|teampreview\n|\n|t:|1698705162\n|start\n|switch|p1a: Mimikyu|Mimikyu, L11, F|100\/100\n|switch|p2a: Tyrunt|Tyrunt, L9, F, shiny|100\/100\n|turn|1\n|\n|t:|1698705173\n|move|p1a: Mimikyu|Shadow Sneak|p2a: Tyrunt\n|-damage|p2a: Tyrunt|64\/100\n|move|p2a: Tyrunt|Iron Defense|p2a: Tyrunt\n|-boost|p2a: Tyrunt|def|2\n|\n|upkeep\n|turn|2\n|\n|t:|1698705180\n|move|p1a: Mimikyu|Copycat|p1a: Mimikyu\n|move|p1a: Mimikyu|Iron Defense|p1a: Mimikyu|[from]move: Copycat\n|-boost|p1a: Mimikyu|def|2\n|move|p2a: Tyrunt|Iron Defense|p2a: Tyrunt\n|-boost|p2a: Tyrunt|def|2\n|\n|upkeep\n|turn|3\n|\n|t:|1698705187\n|move|p1a: Mimikyu|Copycat|p1a: Mimikyu\n|move|p1a: Mimikyu|Iron Defense|p1a: Mimikyu|[from]move: Copycat\n|-boost|p1a: Mimikyu|def|2\n|move|p2a: Tyrunt|Fire Fang|p1a: Mimikyu\n|-activate|p1a: Mimikyu|ability: Disguise\n|-damage|p1a: Mimikyu|100\/100\n|-status|p1a: Mimikyu|brn\n|detailschange|p1a: Mimikyu|Mimikyu-Busted, L11, F\n|-damage|p1a: Mimikyu|89\/100 brn|[from] pokemon: Mimikyu-Busted\n|\n|-damage|p1a: Mimikyu|84\/100 brn|[from] brn\n|upkeep\n|turn|4\n|\n|t:|1698705216\n|move|p1a: Mimikyu|Scratch|p2a: Tyrunt\n|-resisted|p2a: Tyrunt\n|-damage|p2a: Tyrunt|61\/100\n|move|p2a: Tyrunt|Fire Fang|p1a: Mimikyu\n|-damage|p1a: Mimikyu|75\/100 brn\n|\n|-damage|p1a: Mimikyu|70\/100 brn|[from] brn\n|upkeep\n|turn|5\n|\n|t:|1698705241\n|move|p1a: Mimikyu|Scratch|p2a: Tyrunt\n|-resisted|p2a: Tyrunt\n|-damage|p2a: Tyrunt|58\/100\n|move|p2a: Tyrunt|Iron Defense|p2a: Tyrunt\n|-boost|p2a: Tyrunt|def|2\n|\n|-damage|p1a: Mimikyu|64\/100 brn|[from] brn\n|upkeep\n|turn|6\n|\n|t:|1698705252\n|move|p1a: Mimikyu|Scratch|p2a: Tyrunt\n|-resisted|p2a: Tyrunt\n|-damage|p2a: Tyrunt|55\/100\n|move|p2a: Tyrunt|Fire Fang|p1a: Mimikyu\n|-damage|p1a: Mimikyu|56\/100 brn\n|\n|-damage|p1a: Mimikyu|50\/100 brn|[from] brn\n|upkeep\n|turn|7\n|\n|t:|1698705262\n|move|p1a: Mimikyu|Wood Hammer|p2a: Tyrunt\n|-damage|p2a: Tyrunt|46\/100\n|-damage|p1a: Mimikyu|48\/100 brn|[from] Recoil\n|move|p2a: Tyrunt|Fire Fang|p1a: Mimikyu\n|-damage|p1a: Mimikyu|39\/100 brn\n|\n|-damage|p1a: Mimikyu|34\/100 brn|[from] brn\n|upkeep\n|turn|8\n|\n|t:|1698705273\n|move|p1a: Mimikyu|Wood Hammer|p2a: Tyrunt\n|-damage|p2a: Tyrunt|37\/100\n|-damage|p1a: Mimikyu|31\/100 brn|[from] Recoil\n|move|p2a: Tyrunt|Fire Fang|p1a: Mimikyu\n|-damage|p1a: Mimikyu|23\/100 brn\n|\n|-damage|p1a: Mimikyu|17\/100 brn|[from] brn\n|upkeep\n|turn|9\n|\n|t:|1698705285\n|move|p1a: Mimikyu|Wood Hammer|p2a: Tyrunt\n|-crit|p2a: Tyrunt\n|-damage|p2a: Tyrunt|0 fnt\n|faint|p2a: Tyrunt\n|-damage|p1a: Mimikyu|6\/100 brn|[from] Recoil\n|\n|-damage|p1a: Mimikyu|0 fnt|[from] brn\n|faint|p1a: Mimikyu\n|upkeep\n|\n|t:|1698705294\n|switch|p1a: Flabe\u0301be\u0301|Flabe\u0301be\u0301-Yellow, L11, F|100\/100\n|switch|p2a: Froakie|Froakie, L9, F|100\/100\n|turn|10\n|\n|t:|1698705300\n|move|p2a: Froakie|Protect|p2a: Froakie\n|-singleturn|p2a: Froakie|Protect\n|move|p1a: Flabe\u0301be\u0301|Fairy Wind|p2a: Froakie\n|-activate|p2a: Froakie|move: Protect\n|\n|upkeep\n|turn|11\n|\n|t:|1698705307\n|move|p2a: Froakie|Acrobatics|p1a: Flabe\u0301be\u0301\n|-damage|p1a: Flabe\u0301be\u0301|71\/100\n|-damage|p2a: Froakie|94\/100|[from] item: Life Orb\n|move|p1a: Flabe\u0301be\u0301|Tackle|p2a: Froakie\n|-damage|p2a: Froakie|66\/100\n|\n|upkeep\n|turn|12\n|\n|t:|1698705315\n|move|p2a: Froakie|Acrobatics|p1a: Flabe\u0301be\u0301\n|-damage|p1a: Flabe\u0301be\u0301|42\/100\n|-damage|p2a: Froakie|59\/100|[from] item: Life Orb\n|move|p1a: Flabe\u0301be\u0301|Fairy Wind|p2a: Froakie\n|-crit|p2a: Froakie\n|-damage|p2a: Froakie|0 fnt\n|faint|p2a: Froakie\n|\n|win|Plastic_hand\n","uploadtime":1698705338,"views":8,"p1id":"plastichand","p2id":"rayquaza59","formatid":"gen9nationaldexubers","rating":0,"private":0,"password":""}