{"id":"gen9nationaldexubers-1978402871","p1":"incrediblebraps","p2":"grass knot zygarde","format":"[Gen 9] National Dex Ubers","log":"|j|\u2606incrediblebraps\n|j|\u2606grass knot zygarde\n|t:|1698534411\n|gametype|singles\n|player|p1|incrediblebraps|teacher-gen2|\n|player|p2|grass knot zygarde|dawn|\n|teamsize|p1|6\n|teamsize|p2|6\n|gen|9\n|tier|[Gen 9] National Dex Ubers\n|rule|HP Percentage Mod: HP is shown in percentages\n|rule|Endless Battle Clause: Forcing endless battles is banned\n|rule|OHKO Clause: OHKO moves are banned\n|rule|Evasion Moves Clause: Evasion moves are banned\n|rule|Evasion Items Clause: Evasion items are banned\n|rule|Species Clause: Limit one of each Pok\u00e9mon\n|rule|Sleep Clause Mod: Limit one foe put to sleep\n|rule|Mega Rayquaza Clause: You cannot mega evolve Rayquaza\n|clearpoke\n|poke|p1|Groudon|\n|poke|p1|Zygarde|\n|poke|p1|Mewtwo|\n|poke|p1|Ho-Oh|\n|poke|p1|Arceus|\n|poke|p1|Eternatus|\n|poke|p2|Deoxys-Speed|\n|poke|p2|Groudon|\n|poke|p2|Xerneas-*|\n|poke|p2|Kyurem-Black|\n|poke|p2|Necrozma-Dusk-Mane|\n|poke|p2|Arceus|\n|teampreview\n|inactive|Battle timer is ON: inactive players will automatically lose when time's up. (requested by incrediblebraps)\n|c|\u2606incrediblebraps|bunny hop\n|\n|t:|1698534438\n|start\n|switch|p1a: Arceus|Arceus|100\/100\n|switch|p2a: Brand New Fit|Deoxys-Speed, shiny|100\/100\n|-ability|p2a: Brand New Fit|Pressure\n|turn|1\n|\n|t:|1698534455\n|move|p1a: Arceus|Extreme Speed|p2a: Brand New Fit\n|-damage|p2a: Brand New Fit|45\/100\n|move|p2a: Brand New Fit|Spikes|p1a: Arceus\n|-sidestart|p1: incrediblebraps|Spikes\n|\n|upkeep\n|turn|2\n|\n|t:|1698534459\n|move|p2a: Brand New Fit|Spikes|p1a: Arceus\n|-sidestart|p1: incrediblebraps|Spikes\n|move|p1a: Arceus|Dragon Dance|p1a: Arceus\n|-boost|p1a: Arceus|atk|1\n|-boost|p1a: Arceus|spe|1\n|\n|upkeep\n|turn|3\n|\n|t:|1698534464\n|move|p1a: Arceus|Extreme Speed|p2a: Brand New Fit\n|-damage|p2a: Brand New Fit|0 fnt\n|faint|p2a: Brand New Fit\n|\n|upkeep\n|c|\u2606grass knot zygarde|LITERALLY dont do that\n|c|\u2606incrediblebraps|one sec\n|c|\u2606incrediblebraps|im dancing\n|\n|t:|1698534484\n|switch|p2a: Cup Of Alcohol|Necrozma-Dusk-Mane, shiny|100\/100\n|turn|4\n|\n|t:|1698534498\n|move|p1a: Arceus|Taunt|p2a: Cup Of Alcohol\n|-start|p2a: Cup Of Alcohol|move: Taunt\n|move|p2a: Cup Of Alcohol|Photon Geyser|p1a: Arceus\n|-damage|p1a: Arceus|57\/100\n|\n|-heal|p1a: Arceus|64\/100|[from] item: Leftovers\n|upkeep\n|turn|5\n|\n|t:|1698534503\n|move|p1a: Arceus|Shadow Force||[still]\n|-prepare|p1a: Arceus|Shadow Force\n|move|p2a: Cup Of Alcohol|Photon Geyser|p1a: Arceus|[miss]\n|-miss|p2a: Cup Of Alcohol|p1a: Arceus\n|\n|-heal|p1a: Arceus|70\/100|[from] item: Leftovers\n|upkeep\n|turn|6\n|\n|t:|1698534506\n|move|p1a: Arceus|Shadow Force|p2a: Cup Of Alcohol|[from]lockedmove\n|-supereffective|p2a: Cup Of Alcohol\n|-damage|p2a: Cup Of Alcohol|28\/100\n|move|p2a: Cup Of Alcohol|Photon Geyser|p1a: Arceus\n|-damage|p1a: Arceus|23\/100\n|\n|-heal|p1a: Arceus|29\/100|[from] item: Leftovers\n|-end|p2a: Cup Of Alcohol|move: Taunt\n|upkeep\n|turn|7\n|\n|t:|1698534512\n|detailschange|p2a: Cup Of Alcohol|Necrozma-Ultra, shiny\n|-burst|p2a: Cup Of Alcohol|Necrozma|Ultranecrozium Z\n|move|p1a: Arceus|Shadow Force||[still]\n|-prepare|p1a: Arceus|Shadow Force\n|move|p2a: Cup Of Alcohol|Photon Geyser|p1a: Arceus|[miss]\n|-miss|p2a: Cup Of Alcohol|p1a: Arceus\n|\n|-heal|p1a: Arceus|35\/100|[from] item: Leftovers\n|upkeep\n|turn|8\n|\n|t:|1698534523\n|move|p1a: Arceus|Shadow Force|p2a: Cup Of Alcohol|[from]lockedmove\n|-supereffective|p2a: Cup Of Alcohol\n|-damage|p2a: Cup Of Alcohol|0 fnt\n|faint|p2a: Cup Of Alcohol\n|\n|-heal|p1a: Arceus|42\/100|[from] item: Leftovers\n|upkeep\n|c|\u2606incrediblebraps|hm!\n|\n|t:|1698534527\n|switch|p2a: yeah|Arceus, shiny|100\/100\n|turn|9\n|c|\u2606grass knot zygarde|whats ur deal man\n|\n|t:|1698534541\n|-terastallize|p1a: Arceus|Ghost\n|move|p1a: Arceus|Extreme Speed|p2a: yeah\n|-damage|p2a: yeah|57\/100\n|move|p2a: yeah|Dragon Dance|p2a: yeah\n|-boost|p2a: yeah|atk|1\n|-boost|p2a: yeah|spe|1\n|\n|-heal|p1a: Arceus|48\/100|[from] item: Leftovers\n|upkeep\n|turn|10\n|\n|t:|1698534548\n|move|p1a: Arceus|Extreme Speed|p2a: yeah\n|-damage|p2a: yeah|15\/100\n|move|p2a: yeah|Shadow Claw|p1a: Arceus\n|-supereffective|p1a: Arceus\n|-damage|p1a: Arceus|0 fnt\n|faint|p1a: Arceus\n|\n|upkeep\n|\n|t:|1698534555\n|switch|p1a: Groudon|Groudon, shiny|100\/100\n|-damage|p1a: Groudon|84\/100|[from] Spikes\n|detailschange|p1a: Groudon|Groudon-Primal, shiny\n|-primal|p1a: Groudon|Red Orb\n|-weather|DesolateLand|[from] ability: Desolate Land|[of] p1a: Groudon\n|turn|11\n|c|\u2606grass knot zygarde|whats wrong witj u\n|\n|t:|1698534567\n|move|p2a: yeah|Extreme Speed|p1a: Groudon\n|-damage|p1a: Groudon|29\/100\n|move|p1a: Groudon|Heat Crash|p2a: yeah\n|-damage|p2a: yeah|0 fnt\n|faint|p2a: yeah\n|\n|-weather|DesolateLand|[upkeep]\n|upkeep\n|c|\u2606incrediblebraps|this claw is evil son\n|\n|t:|1698534581\n|switch|p2a: Boosie fade|Kyurem-Black, shiny|100\/100\n|-ability|p2a: Boosie fade|Teravolt\n|turn|12\n|\n|t:|1698534586\n|move|p2a: Boosie fade|Dragon Dance|p2a: Boosie fade\n|-boost|p2a: Boosie fade|atk|1\n|-boost|p2a: Boosie fade|spe|1\n|move|p1a: Groudon|Rock Tomb|p2a: Boosie fade\n|-supereffective|p2a: Boosie fade\n|-damage|p2a: Boosie fade|57\/100\n|-unboost|p2a: Boosie fade|spe|1\n|\n|-weather|DesolateLand|[upkeep]\n|upkeep\n|turn|13\n|c|\u2606grass knot zygarde|man he has ROCK TOMB\n|\n|t:|1698534610\n|move|p2a: Boosie fade|Icicle Spear|p1a: Groudon\n|-damage|p1a: Groudon|11\/100\n|-damage|p1a: Groudon|0 fnt\n|faint|p1a: Groudon\n|-weather|none\n|-hitcount|p1: Groudon|2\n|\n|upkeep\n|\n|t:|1698534617\n|switch|p1a: Eternatus|Eternatus|100\/100\n|-damage|p1a: Eternatus|84\/100|[from] Spikes\n|-ability|p1a: Eternatus|Pressure\n|turn|14\n|\n|t:|1698534629\n|-terastallize|p2a: Boosie fade|Electric\n|move|p1a: Eternatus|Meteor Beam||[still]\n|-prepare|p1a: Eternatus|Meteor Beam\n|-boost|p1a: Eternatus|spa|1\n|-enditem|p1a: Eternatus|Power Herb\n|-anim|p1a: Eternatus|Meteor Beam|p2a: Boosie fade\n|-damage|p2a: Boosie fade|0 fnt\n|faint|p2a: Boosie fade\n|\n|upkeep\n|c|\u2606incrediblebraps|hm!\n|c|\u2606grass knot zygarde|ANDDDD THAT WAS A ROLL\n|c|\u2606incrediblebraps|hm!\n|\n|t:|1698534646\n|switch|p2a: Givenchy Boots|Groudon, shiny|100\/100\n|detailschange|p2a: Givenchy Boots|Groudon-Primal, shiny\n|-primal|p2a: Givenchy Boots|Red Orb\n|-weather|DesolateLand|[from] ability: Desolate Land|[of] p2a: Givenchy Boots\n|turn|15\n|\n|t:|1698534653\n|move|p1a: Eternatus|Dynamax Cannon|p2a: Givenchy Boots\n|-damage|p2a: Givenchy Boots|16\/100\n|move|p2a: Givenchy Boots|Precipice Blades|p1a: Eternatus\n|-supereffective|p1a: Eternatus\n|-damage|p1a: Eternatus|0 fnt\n|faint|p1a: Eternatus\n|\n|-weather|DesolateLand|[upkeep]\n|upkeep\n|\n|t:|1698534660\n|switch|p1a: Zygarde|Zygarde, shiny|100\/100\n|-damage|p1a: Zygarde|84\/100|[from] Spikes\n|turn|16\n|c|\u2606grass knot zygarde|ANDDDDD IT WAS A ROLL\n|\n|t:|1698534670\n|move|p2a: Givenchy Boots|Swords Dance|p2a: Givenchy Boots\n|-boost|p2a: Givenchy Boots|atk|2\n|move|p1a: Zygarde|Thousand Waves|p2a: Givenchy Boots\n|-supereffective|p2a: Givenchy Boots\n|-damage|p2a: Givenchy Boots|0 fnt\n|faint|p2a: Givenchy Boots\n|-weather|none\n|\n|upkeep\n|\n|t:|1698534676\n|switch|p2a: Cost bout 3|Xerneas, shiny|100\/100\n|-ability|p2a: Cost bout 3|Fairy Aura\n|turn|17\n|c|\u2606incrediblebraps|what are u trying to do\n|\n|t:|1698534681\n|move|p2a: Cost bout 3|Substitute|p2a: Cost bout 3\n|-start|p2a: Cost bout 3|Substitute\n|-damage|p2a: Cost bout 3|76\/100\n|move|p1a: Zygarde|Glare||[still]\n|-fail|p1a: Zygarde\n|\n|upkeep\n|turn|18\n|\n|t:|1698534684\n|move|p2a: Cost bout 3|Geomancy||[still]\n|-prepare|p2a: Cost bout 3|Geomancy\n|-enditem|p2a: Cost bout 3|Power Herb\n|-anim|p2a: Cost bout 3|Geomancy|p2a: Cost bout 3\n|-boost|p2a: Cost bout 3|spa|2\n|-boost|p2a: Cost bout 3|spd|2\n|-boost|p2a: Cost bout 3|spe|2\n|move|p1a: Zygarde|Thousand Waves|p2a: Cost bout 3\n|-end|p2a: Cost bout 3|Substitute\n|\n|upkeep\n|turn|19\n|\n|t:|1698534695\n|move|p2a: Cost bout 3|Moonblast|p1a: Zygarde\n|-supereffective|p1a: Zygarde\n|-damage|p1a: Zygarde|0 fnt\n|faint|p1a: Zygarde\n|\n|upkeep\n|\n|t:|1698534697\n|switch|p1a: Ho-Oh|Ho-Oh|100\/100\n|turn|20\n|\n|t:|1698534701\n|move|p2a: Cost bout 3|Thunder|p1a: Ho-Oh\n|-supereffective|p1a: Ho-Oh\n|-damage|p1a: Ho-Oh|29\/100\n|move|p1a: Ho-Oh|Sacred Fire|p2a: Cost bout 3\n|-damage|p2a: Cost bout 3|40\/100\n|-status|p2a: Cost bout 3|brn\n|\n|-damage|p2a: Cost bout 3|34\/100 brn|[from] brn\n|upkeep\n|turn|21\n|\n|t:|1698534711\n|switch|p1a: Mewtwo|Mewtwo|100\/100\n|-damage|p1a: Mewtwo|84\/100|[from] Spikes\n|-ability|p1a: Mewtwo|Pressure\n|move|p2a: Cost bout 3|Moonblast|p1a: Mewtwo\n|-damage|p1a: Mewtwo|0 fnt\n|faint|p1a: Mewtwo\n|\n|-damage|p2a: Cost bout 3|28\/100 brn|[from] brn\n|upkeep\n|\n|t:|1698534713\n|switch|p1a: Ho-Oh|Ho-Oh|62\/100\n|turn|22\n|\n|t:|1698534717\n|move|p2a: Cost bout 3|Thunder|p1a: Ho-Oh\n|-supereffective|p1a: Ho-Oh\n|-damage|p1a: Ho-Oh|0 fnt\n|faint|p1a: Ho-Oh\n|\n|win|grass knot zygarde\n|c|\u2606incrediblebraps|!dt thunder\n|raw|<ul class=\"utilichart\"><li class=\"result\"><span class=\"col movenamecol\"><a href=\"https:\/\/dex.pokemonshowdown.com\/moves\/thunder\">Thunder<\/a><\/span> <span class=\"col typecol\"><img src=\"\/\/play.pokemonshowdown.com\/sprites\/types\/Electric.png\" alt=\"Electric\" width=\"32\" height=\"14\"><img src=\"\/\/play.pokemonshowdown.com\/sprites\/categories\/Special.png\" alt=\"Special\" width=\"32\" height=\"14\"><\/span> <span class=\"col labelcol\"><em>Power<\/em><br>110<\/span> <span class=\"col widelabelcol\"><em>Accuracy<\/em><br>70%<\/span> <span class=\"col pplabelcol\"><em>PP<\/em><br>16<\/span> <span class=\"col movedesccol\">30% chance to paralyze. Can't miss in rain.<\/span> <\/li><li style=\"clear:both\"><\/li><\/ul>\n|raw|<font size=\"1\"><font color=\"#686868\">Priority:<\/font> 0&nbsp;|&ThickSpace;<font color=\"#686868\">Gen:<\/font> 1&nbsp;|&ThickSpace;&#10003; Boosted by Sheer Force&nbsp;|&ThickSpace;<font color=\"#686868\">Z-Power:<\/font> 185&nbsp;|&ThickSpace;<font color=\"#686868\">Dynamax Power:<\/font> 140&nbsp;|&ThickSpace;<font color=\"#686868\">Target:<\/font> One Adjacent Pok\u00e9mon<\/font>\n\n|c|\u2606grass knot zygarde|FUCKING shit\n|c|\u2606incrediblebraps|note how\n|c|\u2606incrediblebraps|i played better\n","uploadtime":1698534733,"views":14,"p1id":"incrediblebraps","p2id":"grassknotzygarde","formatid":"gen9nationaldexubers","rating":0,"private":0,"password":""}