{"id":"gen9nationaldexubers-1994084898","p1":"Penter","p2":"game18","format":"[Gen 9] National Dex Ubers","log":"|j|\u2606Penter\n|j|\u2606game18\n|t:|1700404898\n|gametype|singles\n|player|p1|Penter|n|\n|player|p2|game18|ghetsis|\n|teamsize|p1|6\n|teamsize|p2|6\n|gen|9\n|tier|[Gen 9] National Dex Ubers\n|rated|Tournament battle\n|rule|HP Percentage Mod: HP is shown in percentages\n|rule|Endless Battle Clause: Forcing endless battles is banned\n|rule|OHKO Clause: OHKO moves are banned\n|rule|Evasion Moves Clause: Evasion moves are banned\n|rule|Evasion Items Clause: Evasion items are banned\n|rule|Species Clause: Limit one of each Pok\u00e9mon\n|rule|Sleep Clause Mod: Limit one foe put to sleep\n|rule|Mega Rayquaza Clause: You cannot mega evolve Rayquaza\n|clearpoke\n|poke|p1|Dracovish|\n|poke|p1|Kingdra, M|\n|poke|p1|Kyogre|\n|poke|p1|Arceus-Water|\n|poke|p1|Swampert, F|\n|poke|p1|Urshifu-*, F|\n|poke|p2|Groudon|\n|poke|p2|Necrozma-Dusk-Mane|\n|poke|p2|Mewtwo|\n|poke|p2|Zygarde|\n|poke|p2|Arceus-Fairy|\n|poke|p2|Ho-Oh|\n|teampreview\n|inactive|Battle timer is ON: inactive players will automatically lose when time's up. (requested by game18)\n|\n|t:|1700404961\n|start\n|switch|p1a: Arceus|Arceus-Water|100\/100\n|switch|p2a: Arceus|Arceus-Fairy|100\/100\n|turn|1\n|\n|t:|1700404971\n|switch|p1a: Swampert|Swampert, F|100\/100\n|move|p2a: Arceus|Taunt|p1a: Swampert\n|-start|p1a: Swampert|move: Taunt\n|\n|upkeep\n|turn|2\n|\n|t:|1700404991\n|detailschange|p1a: Swampert|Swampert-Mega, F\n|-mega|p1a: Swampert|Swampert|Swampertite\n|move|p2a: Arceus|Toxic|p1a: Swampert\n|-status|p1a: Swampert|tox\n|move|p1a: Swampert|Flip Turn|p2a: Arceus\n|-damage|p2a: Arceus|76\/100\n|inactive|Penter has 120 seconds left.\n|\n|t:|1700405028\n|switch|p1a: Kyogre|Kyogre|100\/100|[from] Flip Turn\n|-weather|RainDance|[from] ability: Drizzle|[of] p1a: Kyogre\n|\n|-weather|RainDance|[upkeep]\n|upkeep\n|turn|3\n|\n|t:|1700405047\n|switch|p2a: Groudon|Groudon|100\/100\n|detailschange|p2a: Groudon|Groudon-Primal\n|-primal|p2a: Groudon|Red Orb\n|-weather|DesolateLand|[from] ability: Desolate Land|[of] p2a: Groudon\n|switch|p1a: Swampert|Swampert-Mega, F|100\/100 tox\n|\n|-weather|DesolateLand|[upkeep]\n|-damage|p1a: Swampert|94\/100 tox|[from] psn\n|upkeep\n|turn|4\n|inactive|Penter has 120 seconds left.\n|inactive|game18 has 120 seconds left.\n|\n|t:|1700405084\n|-weather|none\n|switch|p2a: Necrozma|Necrozma-Dusk-Mane|100\/100\n|move|p1a: Swampert|Earthquake|p2a: Necrozma\n|-supereffective|p2a: Necrozma\n|-damage|p2a: Necrozma|35\/100\n|\n|-damage|p1a: Swampert|82\/100 tox|[from] psn\n|upkeep\n|turn|5\n|inactive|Penter has 120 seconds left.\n|\n|t:|1700405101\n|move|p1a: Swampert|Earthquake|p2a: Necrozma\n|-supereffective|p2a: Necrozma\n|-damage|p2a: Necrozma|0 fnt\n|faint|p2a: Necrozma\n|\n|-damage|p1a: Swampert|64\/100 tox|[from] psn\n|upkeep\n|\n|t:|1700405104\n|switch|p2a: Mewtwo|Mewtwo|100\/100\n|-ability|p2a: Mewtwo|Pressure\n|turn|6\n|inactive|game18 has 120 seconds left.\n|inactive|Penter has 120 seconds left.\n|\n|t:|1700405140\n|detailschange|p2a: Mewtwo|Mewtwo-Mega-Y\n|-mega|p2a: Mewtwo|Mewtwo|Mewtwonite Y\n|move|p2a: Mewtwo|Psystrike|p1a: Swampert\n|-damage|p1a: Swampert|3\/100 tox\n|move|p1a: Swampert|Stealth Rock|p2a: Mewtwo\n|-sidestart|p2: game18|move: Stealth Rock\n|\n|-damage|p1a: Swampert|0 fnt|[from] psn\n|faint|p1a: Swampert\n|upkeep\n|inactive|Penter has 90 seconds left.\n|\n|t:|1700405152\n|switch|p1a: Urshifu|Urshifu-Rapid-Strike, F|100\/100\n|turn|7\n|j| WeirdHamster\n|\n|t:|1700405160\n|switch|p2a: Zygarde|Zygarde|100\/100\n|-damage|p2a: Zygarde|94\/100|[from] Stealth Rock\n|move|p1a: Urshifu|U-turn|p2a: Zygarde\n|-damage|p2a: Zygarde|80\/100\n|inactive|Penter has 90 seconds left.\n|\n|t:|1700405186\n|switch|p1a: Arceus|Arceus-Water|100\/100|[from] U-turn\n|\n|-heal|p2a: Zygarde|86\/100|[from] item: Leftovers\n|upkeep\n|turn|8\n|\n|t:|1700405205\n|move|p1a: Arceus|Dragon Dance|p1a: Arceus\n|-boost|p1a: Arceus|atk|1\n|-boost|p1a: Arceus|spe|1\n|move|p2a: Zygarde|Glare|p1a: Arceus\n|-status|p1a: Arceus|par\n|\n|-heal|p2a: Zygarde|92\/100|[from] item: Leftovers\n|upkeep\n|turn|9\n|inactive|Penter has 90 seconds left.\n|inactive|Penter has 60 seconds left.\n|\n|t:|1700405243\n|move|p1a: Arceus|Dragon Dance|p1a: Arceus\n|-boost|p1a: Arceus|atk|1\n|-boost|p1a: Arceus|spe|1\n|move|p2a: Zygarde|Coil|p2a: Zygarde\n|-boost|p2a: Zygarde|atk|1\n|-boost|p2a: Zygarde|def|1\n|-boost|p2a: Zygarde|accuracy|1\n|\n|-heal|p2a: Zygarde|99\/100|[from] item: Leftovers\n|upkeep\n|turn|10\n|l| WeirdHamster\n|inactive|game18 has 120 seconds left.\n|\n|t:|1700405274\n|move|p1a: Arceus|Earthquake|p2a: Zygarde\n|-damage|p2a: Zygarde|72\/100\n|move|p2a: Zygarde|Thousand Arrows|p1a: Arceus\n|-damage|p1a: Arceus|67\/100 par\n|\n|-heal|p2a: Zygarde|78\/100|[from] item: Leftovers\n|upkeep\n|turn|11\n|inactive|game18 has 120 seconds left.\n|inactive|Penter has 60 seconds left.\n|\n|t:|1700405303\n|move|p1a: Arceus|Dragon Dance|p1a: Arceus\n|-boost|p1a: Arceus|atk|1\n|-boost|p1a: Arceus|spe|1\n|move|p2a: Zygarde|Coil|p2a: Zygarde\n|-boost|p2a: Zygarde|atk|1\n|-boost|p2a: Zygarde|def|1\n|-boost|p2a: Zygarde|accuracy|1\n|\n|-heal|p2a: Zygarde|85\/100|[from] item: Leftovers\n|upkeep\n|turn|12\n|inactive|game18 has 120 seconds left.\n|\n|t:|1700405313\n|move|p1a: Arceus|Earthquake|p2a: Zygarde\n|-damage|p2a: Zygarde|60\/100\n|move|p2a: Zygarde|Thousand Arrows|p1a: Arceus\n|-damage|p1a: Arceus|21\/100 par\n|\n|-heal|p2a: Zygarde|66\/100|[from] item: Leftovers\n|upkeep\n|turn|13\n|\n|t:|1700405322\n|move|p1a: Arceus|Recover|p1a: Arceus\n|-heal|p1a: Arceus|71\/100 par\n|move|p2a: Zygarde|Thousand Arrows|p1a: Arceus\n|-damage|p1a: Arceus|26\/100 par\n|\n|-heal|p2a: Zygarde|73\/100|[from] item: Leftovers\n|upkeep\n|turn|14\n|\n|t:|1700405332\n|move|p1a: Arceus|Recover|p1a: Arceus\n|-heal|p1a: Arceus|76\/100 par\n|move|p2a: Zygarde|Coil|p2a: Zygarde\n|-boost|p2a: Zygarde|atk|1\n|-boost|p2a: Zygarde|def|1\n|-boost|p2a: Zygarde|accuracy|1\n|\n|-heal|p2a: Zygarde|79\/100|[from] item: Leftovers\n|upkeep\n|turn|15\n|\n|t:|1700405341\n|switch|p1a: Kyogre|Kyogre|100\/100\n|-weather|RainDance|[from] ability: Drizzle|[of] p1a: Kyogre\n|move|p2a: Zygarde|Thousand Arrows|p1a: Kyogre\n|-crit|p1a: Kyogre\n|-damage|p1a: Kyogre|13\/100\n|\n|-weather|RainDance|[upkeep]\n|-heal|p2a: Zygarde|85\/100|[from] item: Leftovers\n|-heal|p1a: Kyogre|20\/100|[from] item: Leftovers\n|upkeep\n|turn|16\n|inactive|Penter has 90 seconds left.\n|\n|t:|1700405360\n|switch|p2a: Groudon|Groudon-Primal|100\/100\n|-damage|p2a: Groudon|88\/100|[from] Stealth Rock\n|-weather|DesolateLand|[from] ability: Desolate Land|[of] p2a: Groudon\n|switch|p1a: Arceus|Arceus-Water|76\/100 par\n|\n|-weather|DesolateLand|[upkeep]\n|upkeep\n|turn|17\n|\n|t:|1700405371\n|move|p2a: Groudon|Swords Dance|p2a: Groudon\n|-boost|p2a: Groudon|atk|2\n|cant|p1a: Arceus|par\n|\n|-weather|DesolateLand|[upkeep]\n|upkeep\n|turn|18\n|\n|t:|1700405377\n|move|p2a: Groudon|Earthquake|p1a: Arceus\n|-damage|p1a: Arceus|0 fnt\n|faint|p1a: Arceus\n|\n|-weather|DesolateLand|[upkeep]\n|upkeep\n|\n|t:|1700405384\n|switch|p1a: Kyogre|Kyogre|20\/100\n|-ability|p1a: Kyogre|Drizzle|[from] desolateland|[fail]\n|turn|19\n|\n|t:|1700405403\n|switch|p1a: Kingdra|Kingdra, M|100\/100\n|move|p2a: Groudon|Earthquake|p1a: Kingdra\n|-damage|p1a: Kingdra|0 fnt\n|faint|p1a: Kingdra\n|\n|-weather|DesolateLand|[upkeep]\n|upkeep\n|inactive|Penter has 90 seconds left.\n|\n|t:|1700405413\n|switch|p1a: Urshifu|Urshifu-Rapid-Strike, F|100\/100\n|turn|20\n|\n|t:|1700405431\n|move|p1a: Urshifu|Close Combat|p2a: Groudon\n|-damage|p2a: Groudon|44\/100\n|-unboost|p1a: Urshifu|def|1\n|-unboost|p1a: Urshifu|spd|1\n|move|p2a: Groudon|Earthquake|p1a: Urshifu\n|-damage|p1a: Urshifu|0 fnt\n|faint|p1a: Urshifu\n|\n|-weather|DesolateLand|[upkeep]\n|upkeep\n|\n|t:|1700405438\n|switch|p1a: Dracovish|Dracovish|100\/100\n|turn|21\n|\n|t:|1700405462\n|-weather|none\n|switch|p2a: Zygarde|Zygarde|85\/100\n|-damage|p2a: Zygarde|79\/100|[from] Stealth Rock\n|move|p1a: Dracovish|Low Kick|p2a: Zygarde\n|-crit|p2a: Zygarde\n|-damage|p2a: Zygarde|38\/100\n|\n|-heal|p2a: Zygarde|44\/100|[from] item: Leftovers\n|-activate|p2a: Zygarde|ability: Power Construct\n|detailschange|p2a: Zygarde|Zygarde-Complete\n|-heal|p2a: Zygarde|63\/100|[silent]\n|upkeep\n|turn|22\n|-message|Penter forfeited.\n|\n|win|game18\n|n|\u2606Penter|penter\n|n|\u2606game18|game18\n|l|\u2606Penter\n","uploadtime":1700405481,"views":4,"p1id":"penter","p2id":"game18","formatid":"gen9nationaldexubers","rating":0,"private":0,"password":""}