{"id":"gen9nationaldexubers-1988961889","p1":"Arnau_Media","p2":"xinnobu","format":"[Gen 9] National Dex Ubers","log":"|j|\u2606Arnau_Media\n|j|\u2606xinnobu\n|t:|1699795100\n|gametype|singles\n|player|p1|Arnau_Media|265|1625\n|player|p2|xinnobu|elesa-gen5bw2|1644\n|teamsize|p1|6\n|teamsize|p2|6\n|gen|9\n|tier|[Gen 9] National Dex Ubers\n|rated|\n|rule|HP Percentage Mod: HP is shown in percentages\n|rule|Endless Battle Clause: Forcing endless battles is banned\n|rule|OHKO Clause: OHKO moves are banned\n|rule|Evasion Moves Clause: Evasion moves are banned\n|rule|Evasion Items Clause: Evasion items are banned\n|rule|Species Clause: Limit one of each Pok\u00e9mon\n|rule|Sleep Clause Mod: Limit one foe put to sleep\n|rule|Mega Rayquaza Clause: You cannot mega evolve Rayquaza\n|clearpoke\n|poke|p1|Necrozma-Dusk-Mane|\n|poke|p1|Marshadow|\n|poke|p1|Groudon|\n|poke|p1|Kyogre|\n|poke|p1|Slurpuff, F|\n|poke|p1|Lugia|\n|poke|p2|Chien-Pao|\n|poke|p2|Banette, F|\n|poke|p2|Kyogre|\n|poke|p2|Groudon|\n|poke|p2|Zacian-*|\n|poke|p2|Yveltal|\n|teampreview\n|\n|t:|1699795124\n|start\n|switch|p1a: Necrozma|Necrozma-Dusk-Mane|100\/100\n|switch|p2a: Chien-Pao|Chien-Pao|100\/100\n|-ability|p2a: Chien-Pao|Sword of Ruin\n|turn|1\n|inactive|Battle timer is ON: inactive players will automatically lose when time's up. (requested by xinnobu)\n|\n|t:|1699795127\n|move|p2a: Chien-Pao|Crunch|p1a: Necrozma\n|-supereffective|p1a: Necrozma\n|-damage|p1a: Necrozma|61\/100\n|-unboost|p1a: Necrozma|def|1\n|-damage|p2a: Chien-Pao|84\/100|[from] item: Rocky Helmet|[of] p1a: Necrozma\n|move|p1a: Necrozma|Sunsteel Strike|p2a: Chien-Pao\n|-supereffective|p2a: Chien-Pao\n|-damage|p2a: Chien-Pao|0 fnt\n|faint|p2a: Chien-Pao\n|\n|upkeep\n|\n|t:|1699795132\n|switch|p2a: Yveltal|Yveltal|100\/100\n|-ability|p2a: Yveltal|Dark Aura\n|turn|2\n|\n|t:|1699795137\n|switch|p1a: Slurpuff|Slurpuff, F|100\/100\n|move|p2a: Yveltal|Dark Pulse|p1a: Slurpuff\n|-resisted|p1a: Slurpuff\n|-damage|p1a: Slurpuff|60\/100\n|-damage|p2a: Yveltal|91\/100|[from] item: Life Orb\n|\n|upkeep\n|turn|3\n|\n|t:|1699795141\n|move|p2a: Yveltal|Oblivion Wing|p1a: Slurpuff\n|-damage|p1a: Slurpuff|2\/100\n|-heal|p2a: Yveltal|100\/100|[from] drain|[of] p1a: Slurpuff\n|-damage|p2a: Yveltal|91\/100|[from] item: Life Orb\n|move|p1a: Slurpuff|Endeavor|p2a: Yveltal\n|-damage|p2a: Yveltal|2\/100\n|\n|upkeep\n|turn|4\n|\n|t:|1699795147\n|move|p2a: Yveltal|Oblivion Wing|p1a: Slurpuff\n|-crit|p1a: Slurpuff\n|-damage|p1a: Slurpuff|0 fnt\n|-heal|p2a: Yveltal|3\/100|[from] drain|[of] p1a: Slurpuff\n|faint|p1a: Slurpuff\n|-damage|p2a: Yveltal|0 fnt|[from] item: Life Orb\n|faint|p2a: Yveltal\n|\n|upkeep\n|\n|t:|1699795157\n|switch|p2a: Kyogre|Kyogre|100\/100\n|switch|p1a: Marshadow|Marshadow|100\/100\n|detailschange|p2a: Kyogre|Kyogre-Primal\n|-primal|p2a: Kyogre|Blue Orb\n|-weather|PrimordialSea|[from] ability: Primordial Sea|[of] p2a: Kyogre\n|turn|5\n|\n|t:|1699795160\n|move|p1a: Marshadow|Close Combat|p2a: Kyogre\n|-damage|p2a: Kyogre|32\/100\n|-unboost|p1a: Marshadow|def|1\n|-unboost|p1a: Marshadow|spd|1\n|move|p2a: Kyogre|Ice Beam|p1a: Marshadow\n|-damage|p1a: Marshadow|30\/100\n|\n|-weather|PrimordialSea|[upkeep]\n|upkeep\n|turn|6\n|\n|t:|1699795164\n|-weather|none\n|switch|p2a: Banette|Banette, F|100\/100\n|-item|p1a: Marshadow|Focus Sash|[from] ability: Frisk|[of] p2a: Banette|[identify]\n|move|p1a: Marshadow|Spectral Thief|p2a: Banette\n|-supereffective|p2a: Banette\n|-damage|p2a: Banette|0 fnt\n|faint|p2a: Banette\n|\n|upkeep\n|\n|t:|1699795167\n|switch|p2a: Kyogre|Kyogre-Primal|32\/100\n|-weather|PrimordialSea|[from] ability: Primordial Sea|[of] p2a: Kyogre\n|turn|7\n|\n|t:|1699795171\n|move|p1a: Marshadow|Close Combat|p2a: Kyogre\n|-damage|p2a: Kyogre|0 fnt\n|-unboost|p1a: Marshadow|def|1\n|-unboost|p1a: Marshadow|spd|1\n|faint|p2a: Kyogre\n|-weather|none\n|\n|upkeep\n|\n|t:|1699795173\n|switch|p2a: Zacian|Zacian-Crowned|100\/100\n|-ability|p2a: Zacian|Intrepid Sword|boost\n|-boost|p2a: Zacian|atk|1\n|turn|8\n|-message|xinnobu forfeited.\n|\n|win|Arnau_Media\n|raw|Arnau_Media's rating: 1638 &rarr; <strong>1658<\/strong><br \/>(+20 for winning)\n|raw|xinnobu's rating: 1644 &rarr; <strong>1624<\/strong><br \/>(-20 for losing)\n|l|\u2606xinnobu\n|l|\u2606Arnau_Media\n","uploadtime":1699795575,"views":4,"p1id":"arnaumedia","p2id":"xinnobu","formatid":"gen9nationaldexubers","rating":1624,"private":0,"password":""}