{"id":"gen9nationaldexubers-1995061641","p1":"Twin cities t-tars","p2":"Blackcitybrelooms","format":"[Gen 9] National Dex Ubers","log":"|j|\u2606Twin cities t-tars\n|j|\u2606Blackcitybrelooms\n|t:|1700518384\n|gametype|singles\n|player|p1|Twin cities t-tars|pokemonbreeder|\n|player|p2|Blackcitybrelooms|102|\n|teamsize|p1|6\n|teamsize|p2|6\n|gen|9\n|tier|[Gen 9] National Dex Ubers\n|rule|HP Percentage Mod: HP is shown in percentages\n|rule|Endless Battle Clause: Forcing endless battles is banned\n|rule|OHKO Clause: OHKO moves are banned\n|rule|Evasion Moves Clause: Evasion moves are banned\n|rule|Evasion Items Clause: Evasion items are banned\n|rule|Species Clause: Limit one of each Pok\u00e9mon\n|rule|Sleep Clause Mod: Limit one foe put to sleep\n|rule|Mega Rayquaza Clause: You cannot mega evolve Rayquaza\n|clearpoke\n|poke|p1|Carbink|\n|poke|p1|Venusaur, M|\n|poke|p1|Dragonite, M|\n|poke|p1|Skarmory, M|\n|poke|p1|Skeledirge, M|\n|poke|p1|Iron Bundle|\n|poke|p2|Palafin, F|\n|poke|p2|Giratina-Origin|\n|poke|p2|Ogerpon-Cornerstone, F|\n|poke|p2|Rotom-Heat|\n|poke|p2|Ursaluna-Bloodmoon, M|\n|poke|p2|Gholdengo|\n|teampreview\n|c|\u2606Blackcitybrelooms|Glhf\n|c|\u2606Twin cities t-tars|Glhf\n|j| VI Victini's\n|c| VI Victini's|Flgh Boys\n|\n|t:|1700518455\n|start\n|switch|p1a: Damascus|Skarmory, M, shiny|100\/100\n|switch|p2a: Palafin|Palafin, F|100\/100\n|turn|1\n|\n|t:|1700518470\n|move|p2a: Palafin|Flip Turn|p1a: Damascus\n|-damage|p1a: Damascus|81\/100\n|-damage|p2a: Palafin|84\/100|[from] item: Rocky Helmet|[of] p1a: Damascus\n|\n|t:|1700518508\n|detailschange|p2a: Palafin|Palafin-Hero, F\n|switch|p2a: Gholdengo|Gholdengo|100\/100|[from] Flip Turn\n|move|p1a: Damascus|Spikes|p2a: Gholdengo\n|-sidestart|p2: Blackcitybrelooms|Spikes\n|\n|upkeep\n|turn|2\n|\n|t:|1700518521\n|move|p2a: Gholdengo|Trick|p1a: Damascus\n|-activate|p2a: Gholdengo|move: Trick|[of] p1a: Damascus\n|-item|p1a: Damascus|Choice Scarf|[from] move: Trick\n|-item|p2a: Gholdengo|Rocky Helmet|[from] move: Trick\n|move|p1a: Damascus|Tailwind|p1a: Damascus\n|-sidestart|p1: Twin cities t-tars|move: Tailwind\n|\n|upkeep\n|turn|3\n|c| VI Victini's|:O\n|\n|t:|1700518532\n|switch|p1a: Capsaicin|Skeledirge, M, shiny|100\/100\n|move|p2a: Gholdengo|Nasty Plot|p2a: Gholdengo\n|-boost|p2a: Gholdengo|spa|2\n|\n|upkeep\n|turn|4\n|\n|t:|1700518559\n|switch|p2a: Ursaluna|Ursaluna-Bloodmoon, M|100\/100\n|-damage|p2a: Ursaluna|88\/100|[from] Spikes\n|move|p1a: Capsaicin|Torch Song|p2a: Ursaluna\n|-damage|p2a: Ursaluna|52\/100\n|-boost|p1a: Capsaicin|spa|1\n|\n|-heal|p2a: Ursaluna|58\/100|[from] item: Leftovers\n|upkeep\n|turn|5\n|\n|t:|1700518581\n|move|p1a: Capsaicin|Torch Song|p2a: Ursaluna\n|-damage|p2a: Ursaluna|11\/100\n|-boost|p1a: Capsaicin|spa|1\n|move|p2a: Ursaluna|Calm Mind|p2a: Ursaluna\n|-boost|p2a: Ursaluna|spa|1\n|-boost|p2a: Ursaluna|spd|1\n|\n|-heal|p2a: Ursaluna|17\/100|[from] item: Leftovers\n|-sideend|p1: Twin cities t-tars|move: Tailwind\n|upkeep\n|turn|6\n|c| VI Victini's|Keegan!\n|\n|t:|1700518596\n|move|p1a: Capsaicin|Torch Song|p2a: Ursaluna\n|-damage|p2a: Ursaluna|0 fnt\n|-boost|p1a: Capsaicin|spa|1\n|faint|p2a: Ursaluna\n|\n|upkeep\n|c| VI Victini's|Thats a Mike move\n|\n|t:|1700518603\n|switch|p2a: Palafin|Palafin-Hero, F|84\/100\n|-damage|p2a: Palafin|72\/100|[from] Spikes\n|-activate|p2a: Palafin|ability: Zero to Hero\n|turn|7\n|\n|t:|1700518613\n|move|p2a: Palafin|Wave Crash|p1a: Capsaicin\n|-supereffective|p1a: Capsaicin\n|-damage|p1a: Capsaicin|0 fnt\n|faint|p1a: Capsaicin\n|-damage|p2a: Palafin|32\/100|[from] Recoil\n|\n|upkeep\n|\n|t:|1700518621\n|switch|p1a: Deliborg|Iron Bundle, shiny|100\/100\n|turn|8\n|\n|t:|1700518627\n|switch|p2a: Giratina|Giratina-Origin|100\/100\n|move|p1a: Deliborg|Freeze-Dry|p2a: Giratina\n|-supereffective|p2a: Giratina\n|-damage|p2a: Giratina|26\/100\n|-status|p2a: Giratina|frz\n|\n|upkeep\n|turn|9\n|\n|t:|1700518637\n|move|p1a: Deliborg|Freeze-Dry|p2a: Giratina\n|-supereffective|p2a: Giratina\n|-damage|p2a: Giratina|0 fnt\n|faint|p2a: Giratina\n|\n|upkeep\n|\n|t:|1700518645\n|switch|p2a: Ogerpon|Ogerpon-Cornerstone, F|100\/100\n|-damage|p2a: Ogerpon|88\/100|[from] Spikes\n|turn|10\n|\n|t:|1700518652\n|move|p1a: Deliborg|Freeze-Dry|p2a: Ogerpon\n|-supereffective|p2a: Ogerpon\n|-damage|p2a: Ogerpon|0 fnt\n|faint|p2a: Ogerpon\n|\n|upkeep\n|\n|t:|1700518658\n|switch|p2a: Gholdengo|Gholdengo|100\/100\n|-damage|p2a: Gholdengo|88\/100|[from] Spikes\n|turn|11\n|c| VI Victini's|Um\n|c| VI Victini's|Calm down\n|\n|t:|1700518677\n|-end|p1a: Deliborg|Quark Drive|[silent]\n|switch|p1a: Steven|Carbink, shiny|100\/100\n|move|p2a: Gholdengo|Make It Rain|p1a: Steven\n|-supereffective|p1a: Steven\n|-ability|p1a: Steven|Sturdy\n|-damage|p1a: Steven|1\/100\n|-unboost|p2a: Gholdengo|spa|1\n|\n|upkeep\n|turn|12\n|\n|t:|1700518699\n|move|p2a: Gholdengo|Shadow Ball|p1a: Steven\n|-damage|p1a: Steven|0 fnt\n|faint|p1a: Steven\n|\n|upkeep\n|\n|t:|1700518714\n|switch|p1a: Mango|Dragonite, M|100\/100\n|turn|13\n|\n|t:|1700518749\n|switch|p2a: Rotom|Rotom-Heat|100\/100\n|move|p1a: Mango|Dragon Dance|p1a: Mango\n|-boost|p1a: Mango|atk|1\n|-boost|p1a: Mango|spe|1\n|\n|upkeep\n|turn|14\n|\n|t:|1700518767\n|move|p1a: Mango|Outrage|p2a: Rotom\n|-damage|p2a: Rotom|7\/100\n|move|p2a: Rotom|Volt Switch|p1a: Mango\n|-damage|p1a: Mango|87\/100\n|\n|t:|1700518776\n|switch|p2a: Gholdengo|Gholdengo|88\/100|[from] Volt Switch\n|-damage|p2a: Gholdengo|76\/100|[from] Spikes\n|\n|upkeep\n|turn|15\n|\n|t:|1700518801\n|move|p1a: Mango|Outrage|p2a: Gholdengo|[from]lockedmove\n|-resisted|p2a: Gholdengo\n|-damage|p2a: Gholdengo|24\/100\n|-damage|p1a: Mango|71\/100|[from] item: Rocky Helmet|[of] p2a: Gholdengo\n|-start|p1a: Mango|confusion|[fatigue]\n|move|p2a: Gholdengo|Make It Rain|p1a: Mango\n|-damage|p1a: Mango|1\/100\n|-unboost|p2a: Gholdengo|spa|1\n|\n|upkeep\n|turn|16\n|c| VI Victini's|Haxor!\n|c| VI Victini's|1% live?!?!?\n|\n|t:|1700518825\n|-activate|p1a: Mango|confusion\n|move|p1a: Mango|Fire Punch|p2a: Gholdengo\n|-supereffective|p2a: Gholdengo\n|-damage|p2a: Gholdengo|0 fnt\n|-damage|p1a: Mango|0 fnt|[from] item: Rocky Helmet|[of] p2a: Gholdengo\n|faint|p2a: Gholdengo\n|faint|p1a: Mango\n|\n|upkeep\n|\n|t:|1700518840\n|switch|p2a: Rotom|Rotom-Heat|7\/100\n|switch|p1a: Deliborg|Iron Bundle, shiny|100\/100\n|turn|17\n|c| VI Victini's|Down the wire boys\n|j| Caverject\n|\n|t:|1700518847\n|move|p1a: Deliborg|Freeze-Dry|p2a: Rotom\n|-resisted|p2a: Rotom\n|-damage|p2a: Rotom|0 fnt\n|faint|p2a: Rotom\n|\n|upkeep\n|c| VI Victini's|:O\n|\n|t:|1700518855\n|switch|p2a: Palafin|Palafin-Hero, F|32\/100\n|-damage|p2a: Palafin|20\/100|[from] Spikes\n|turn|18\n|\n|t:|1700518862\n|move|p2a: Palafin|Jet Punch|p1a: Deliborg\n|-resisted|p1a: Deliborg\n|-damage|p1a: Deliborg|63\/100\n|move|p1a: Deliborg|Freeze-Dry|p2a: Palafin\n|-supereffective|p2a: Palafin\n|-damage|p2a: Palafin|0 fnt\n|faint|p2a: Palafin\n|\n|win|Twin cities t-tars\n|c|\u2606Blackcitybrelooms|Gg\n|c|\u2606Twin cities t-tars|GG\n|l| VI Victini's\n","uploadtime":1700518880,"views":30,"p1id":"twincitiesttars","p2id":"blackcitybrelooms","formatid":"gen9nationaldexubers","rating":0,"private":0,"password":""}