{"id":"gen9nationaldexubers-1978189022","p1":"DIB Jirachi","p2":"PUNH3T0SSAUR0","format":"[Gen 9] National Dex Ubers","log":"|j|\u2606DIB Jirachi\n|j|\u2606PUNH3T0SSAUR0\n|t:|1698510566\n|gametype|singles\n|player|p1|DIB Jirachi|brawly|1100\n|player|p2|PUNH3T0SSAUR0|pokemaniac|1107\n|teamsize|p1|6\n|teamsize|p2|6\n|gen|9\n|tier|[Gen 9] National Dex Ubers\n|rated|\n|rule|HP Percentage Mod: HP is shown in percentages\n|rule|Endless Battle Clause: Forcing endless battles is banned\n|rule|OHKO Clause: OHKO moves are banned\n|rule|Evasion Moves Clause: Evasion moves are banned\n|rule|Evasion Items Clause: Evasion items are banned\n|rule|Species Clause: Limit one of each Pok\u00e9mon\n|rule|Sleep Clause Mod: Limit one foe put to sleep\n|rule|Mega Rayquaza Clause: You cannot mega evolve Rayquaza\n|clearpoke\n|poke|p1|Ho-Oh|\n|poke|p1|Zygarde|\n|poke|p1|Marshadow|\n|poke|p1|Groudon|\n|poke|p1|Arceus-Dark|\n|poke|p1|Kyogre|\n|poke|p2|Arceus|\n|poke|p2|Lopunny, F|\n|poke|p2|Ursaluna, M|\n|poke|p2|Zoroark-Hisui, F|\n|poke|p2|Staraptor, F|\n|poke|p2|Ditto|\n|teampreview\n|inactive|Battle timer is ON: inactive players will automatically lose when time's up. (requested by DIB Jirachi)\n|inactive|PUNH3T0SSAUR0 has 120 seconds left.\n|\n|t:|1698510599\n|start\n|switch|p1a: BKC|Arceus-Dark|100\/100\n|switch|p2a: Lopunny|Lopunny, F|100\/100\n|turn|1\n|\n|t:|1698510609\n|switch|p1a: Birdspam|Ho-Oh|100\/100\n|detailschange|p2a: Lopunny|Lopunny-Mega, F\n|-mega|p2a: Lopunny|Lopunny|Lopunnite\n|move|p2a: Lopunny|Fake Out|p1a: Birdspam\n|-damage|p1a: Birdspam|86\/100\n|\n|upkeep\n|turn|2\n|\n|t:|1698510624\n|move|p2a: Lopunny|U-turn|p1a: Birdspam\n|-resisted|p1a: Birdspam\n|-damage|p1a: Birdspam|82\/100\n|\n|t:|1698510626\n|switch|p2a: Ursaluna|Ursaluna, M|100\/100|[from] U-turn\n|move|p1a: Birdspam|Sacred Fire|p2a: Ursaluna\n|-damage|p2a: Ursaluna|71\/100\n|\n|-status|p2a: Ursaluna|brn|[from] item: Flame Orb\n|upkeep\n|turn|3\n|\n|t:|1698510643\n|move|p1a: Birdspam|Sacred Fire|p2a: Ursaluna\n|-damage|p2a: Ursaluna|41\/100 brn\n|move|p2a: Ursaluna|Facade|p1a: Birdspam\n|-damage|p1a: Birdspam|0 fnt\n|faint|p1a: Birdspam\n|\n|-damage|p2a: Ursaluna|35\/100 brn|[from] brn\n|upkeep\n|\n|t:|1698510661\n|switch|p1a: BKC|Arceus-Dark|100\/100\n|turn|4\n|\n|t:|1698510664\n|move|p1a: BKC|Foul Play|p2a: Ursaluna\n|-damage|p2a: Ursaluna|0 fnt\n|faint|p2a: Ursaluna\n|\n|upkeep\n|\n|t:|1698510668\n|switch|p2a: Lopunny|Lopunny-Mega, F|100\/100\n|turn|5\n|\n|t:|1698510671\n|move|p2a: Lopunny|Fake Out|p1a: BKC\n|-damage|p1a: BKC|86\/100\n|cant|p1a: BKC|flinch\n|\n|upkeep\n|turn|6\n|\n|t:|1698510673\n|move|p2a: Lopunny|Close Combat|p1a: BKC\n|-supereffective|p1a: BKC\n|-damage|p1a: BKC|7\/100\n|-unboost|p2a: Lopunny|def|1\n|-unboost|p2a: Lopunny|spd|1\n|move|p1a: BKC|Will-O-Wisp|p2a: Lopunny\n|-status|p2a: Lopunny|brn\n|\n|-damage|p2a: Lopunny|95\/100 brn|[from] brn\n|upkeep\n|turn|7\n|\n|t:|1698510683\n|switch|p1a: Kid named Eruption|Groudon|100\/100\n|detailschange|p1a: Kid named Eruption|Groudon-Primal\n|-primal|p1a: Kid named Eruption|Red Orb\n|-weather|DesolateLand|[from] ability: Desolate Land|[of] p1a: Kid named Eruption\n|move|p2a: Lopunny|Close Combat|p1a: Kid named Eruption\n|-damage|p1a: Kid named Eruption|83\/100\n|-unboost|p2a: Lopunny|def|1\n|-unboost|p2a: Lopunny|spd|1\n|\n|-weather|DesolateLand|[upkeep]\n|-damage|p2a: Lopunny|89\/100 brn|[from] brn\n|upkeep\n|turn|8\n|\n|t:|1698510689\n|move|p2a: Lopunny|U-turn|p1a: Kid named Eruption\n|-resisted|p1a: Kid named Eruption\n|-damage|p1a: Kid named Eruption|79\/100\n|\n|t:|1698510695\n|switch|p2a: Staraptor|Staraptor, F|100\/100|[from] U-turn\n|-ability|p2a: Staraptor|Intimidate|boost\n|-unboost|p1a: Kid named Eruption|atk|1\n|move|p1a: Kid named Eruption|Precipice Blades|p2a: Staraptor\n|-immune|p2a: Staraptor\n|\n|-weather|DesolateLand|[upkeep]\n|upkeep\n|turn|9\n|\n|t:|1698510701\n|move|p2a: Staraptor|Close Combat|p1a: Kid named Eruption\n|-damage|p1a: Kid named Eruption|60\/100\n|-unboost|p2a: Staraptor|def|1\n|-unboost|p2a: Staraptor|spd|1\n|move|p1a: Kid named Eruption|Stone Edge|p2a: Staraptor\n|-supereffective|p2a: Staraptor\n|-damage|p2a: Staraptor|13\/100\n|\n|-weather|DesolateLand|[upkeep]\n|upkeep\n|turn|10\n|\n|t:|1698510708\n|-weather|none\n|switch|p1a: Mar(sash)adow|Marshadow|100\/100\n|move|p2a: Staraptor|Brave Bird|p1a: Mar(sash)adow\n|-supereffective|p1a: Mar(sash)adow\n|-damage|p1a: Mar(sash)adow|0 fnt\n|faint|p1a: Mar(sash)adow\n|-damage|p2a: Staraptor|0 fnt|[from] Recoil\n|faint|p2a: Staraptor\n|\n|upkeep\n|\n|t:|1698510716\n|switch|p1a: Goldfish Crackers|Kyogre|100\/100\n|switch|p2a: Lopunny|Lopunny-Mega, F|89\/100 brn\n|detailschange|p1a: Goldfish Crackers|Kyogre-Primal\n|-primal|p1a: Goldfish Crackers|Blue Orb\n|-weather|PrimordialSea|[from] ability: Primordial Sea|[of] p1a: Goldfish Crackers\n|turn|11\n|\n|t:|1698510725\n|-weather|none\n|switch|p1a: Kid named Eruption|Groudon-Primal|60\/100\n|-weather|DesolateLand|[from] ability: Desolate Land|[of] p1a: Kid named Eruption\n|move|p2a: Lopunny|Fake Out|p1a: Kid named Eruption\n|-damage|p1a: Kid named Eruption|54\/100\n|\n|-weather|DesolateLand|[upkeep]\n|-damage|p2a: Lopunny|83\/100 brn|[from] brn\n|upkeep\n|turn|12\n|\n|t:|1698510730\n|move|p2a: Lopunny|Frustration|p1a: Kid named Eruption\n|-damage|p1a: Kid named Eruption|38\/100\n|move|p1a: Kid named Eruption|Heat Crash|p2a: Lopunny\n|-damage|p2a: Lopunny|0 fnt\n|faint|p2a: Lopunny\n|\n|-weather|DesolateLand|[upkeep]\n|upkeep\n|\n|t:|1698510745\n|switch|p2a: Arceus|Arceus|100\/100\n|turn|13\n|\n|t:|1698510753\n|move|p2a: Arceus|Swords Dance|p2a: Arceus\n|-boost|p2a: Arceus|atk|2\n|move|p1a: Kid named Eruption|Precipice Blades|p2a: Arceus\n|-damage|p2a: Arceus|41\/100\n|\n|-weather|DesolateLand|[upkeep]\n|upkeep\n|turn|14\n|\n|t:|1698510759\n|move|p2a: Arceus|Extreme Speed|p1a: Kid named Eruption\n|-damage|p1a: Kid named Eruption|0 fnt\n|faint|p1a: Kid named Eruption\n|-weather|none\n|-damage|p2a: Arceus|31\/100|[from] item: Life Orb\n|\n|upkeep\n|\n|t:|1698510766\n|switch|p1a: Looks at you funny|Zygarde|100\/100\n|turn|15\n|\n|t:|1698510771\n|move|p2a: Arceus|Recover|p2a: Arceus\n|-heal|p2a: Arceus|81\/100\n|move|p1a: Looks at you funny|Coil|p1a: Looks at you funny\n|-boost|p1a: Looks at you funny|atk|1\n|-boost|p1a: Looks at you funny|def|1\n|-boost|p1a: Looks at you funny|accuracy|1\n|\n|upkeep\n|turn|16\n|\n|t:|1698510777\n|move|p2a: Arceus|Extreme Speed|p1a: Looks at you funny\n|-damage|p1a: Looks at you funny|56\/100\n|-damage|p2a: Arceus|71\/100|[from] item: Life Orb\n|move|p1a: Looks at you funny|Coil|p1a: Looks at you funny\n|-boost|p1a: Looks at you funny|atk|1\n|-boost|p1a: Looks at you funny|def|1\n|-boost|p1a: Looks at you funny|accuracy|1\n|\n|upkeep\n|turn|17\n|\n|t:|1698510796\n|move|p2a: Arceus|Extreme Speed|p1a: Looks at you funny\n|-damage|p1a: Looks at you funny|22\/100\n|-damage|p2a: Arceus|61\/100|[from] item: Life Orb\n|move|p1a: Looks at you funny|Thousand Arrows|p2a: Arceus\n|-damage|p2a: Arceus|21\/100\n|\n|-activate|p1a: Looks at you funny|ability: Power Construct\n|detailschange|p1a: Looks at you funny|Zygarde-Complete\n|-heal|p1a: Looks at you funny|49\/100|[silent]\n|upkeep\n|turn|18\n|\n|t:|1698510807\n|move|p2a: Arceus|Extreme Speed|p1a: Looks at you funny\n|-damage|p1a: Looks at you funny|27\/100\n|-damage|p2a: Arceus|11\/100|[from] item: Life Orb\n|move|p1a: Looks at you funny|Rest|p1a: Looks at you funny\n|-status|p1a: Looks at you funny|slp|[from] move: Rest\n|-heal|p1a: Looks at you funny|100\/100 slp|[silent]\n|-enditem|p1a: Looks at you funny|Chesto Berry|[eat]\n|-curestatus|p1a: Looks at you funny|slp|[msg]\n|\n|upkeep\n|turn|19\n|\n|t:|1698510812\n|move|p1a: Looks at you funny|Extreme Speed|p2a: Arceus\n|-damage|p2a: Arceus|0 fnt\n|faint|p2a: Arceus\n|\n|upkeep\n|\n|t:|1698510815\n|switch|p2a: Ditto|Ditto|100\/100\n|-transform|p2a: Ditto|p1a: Looks at you funny|[from] ability: Imposter\n|turn|20\n|\n|t:|1698510823\n|move|p2a: Ditto|Coil|p2a: Ditto\n|-boost|p2a: Ditto|atk|1\n|-boost|p2a: Ditto|def|1\n|-boost|p2a: Ditto|accuracy|1\n|move|p1a: Looks at you funny|Thousand Arrows|p2a: Ditto\n|-damage|p2a: Ditto|78\/100\n|\n|upkeep\n|turn|21\n|\n|t:|1698510829\n|move|p2a: Ditto|Coil|p2a: Ditto\n|-boost|p2a: Ditto|atk|1\n|-boost|p2a: Ditto|def|1\n|-boost|p2a: Ditto|accuracy|1\n|move|p1a: Looks at you funny|Thousand Arrows|p2a: Ditto\n|-damage|p2a: Ditto|61\/100\n|\n|upkeep\n|turn|22\n|\n|t:|1698510835\n|move|p2a: Ditto|Coil|p2a: Ditto\n|-boost|p2a: Ditto|atk|1\n|-boost|p2a: Ditto|def|1\n|-boost|p2a: Ditto|accuracy|1\n|move|p1a: Looks at you funny|Coil|p1a: Looks at you funny\n|-boost|p1a: Looks at you funny|atk|1\n|-boost|p1a: Looks at you funny|def|1\n|-boost|p1a: Looks at you funny|accuracy|1\n|\n|upkeep\n|turn|23\n|\n|t:|1698510840\n|move|p2a: Ditto|Coil|p2a: Ditto\n|-boost|p2a: Ditto|atk|1\n|-boost|p2a: Ditto|def|1\n|-boost|p2a: Ditto|accuracy|1\n|move|p1a: Looks at you funny|Thousand Arrows|p2a: Ditto\n|-damage|p2a: Ditto|44\/100\n|\n|upkeep\n|turn|24\n|\n|t:|1698510849\n|move|p2a: Ditto|Coil|p2a: Ditto\n|-boost|p2a: Ditto|atk|0\n|-boost|p2a: Ditto|def|0\n|-boost|p2a: Ditto|accuracy|0\n|move|p1a: Looks at you funny|Thousand Arrows|p2a: Ditto\n|-damage|p2a: Ditto|26\/100\n|\n|upkeep\n|turn|25\n|\n|t:|1698510854\n|-activate|p2a: Ditto|move: Struggle\n|move|p2a: Ditto|Struggle|p1a: Looks at you funny\n|-damage|p1a: Looks at you funny|93\/100\n|-damage|p2a: Ditto|0 fnt|[from] recoil\n|faint|p2a: Ditto\n|move|p1a: Looks at you funny|Thousand Arrows|p2: Ditto|[notarget]\n|-fail|p1a: Looks at you funny\n|\n|upkeep\n|\n|t:|1698510858\n|switch|p2a: Zoroark|Zoroark-Hisui, F|100\/100\n|turn|26\n|\n|t:|1698510865\n|-zpower|p2a: Zoroark\n|move|p2a: Zoroark|Breakneck Blitz|p1a: Looks at you funny|[zeffect]\n|-crit|p1a: Looks at you funny\n|-damage|p1a: Looks at you funny|20\/100\n|move|p1a: Looks at you funny|Thousand Arrows|p2a: Zoroark\n|-damage|p2a: Zoroark|0 fnt\n|faint|p2a: Zoroark\n|\n|win|DIB Jirachi\n|raw|DIB Jirachi's rating: 1100 &rarr; <strong>1126<\/strong><br \/>(+26 for winning)\n|raw|PUNH3T0SSAUR0's rating: 1107 &rarr; <strong>1081<\/strong><br \/>(-26 for losing)\n|l|\u2606PUNH3T0SSAUR0\n","uploadtime":1698510872,"views":9,"p1id":"dibjirachi","p2id":"punh3t0ssaur0","formatid":"gen9nationaldexubers","rating":1081,"private":0,"password":""}