{"id":"gen9nationaldexubers-1991636487","p1":"Ec1lipse","p2":"vic_ketchum","format":"[Gen 9] National Dex Ubers","log":"|j|\u2606Ec1lipse\n|j|\u2606vic_ketchum\n|t:|1700096886\n|gametype|singles\n|player|p1|Ec1lipse|iris-gen5bw2|1120\n|player|p2|vic_ketchum|ash-kalos|1008\n|teamsize|p1|6\n|teamsize|p2|6\n|gen|9\n|tier|[Gen 9] National Dex Ubers\n|rated|\n|rule|HP Percentage Mod: HP is shown in percentages\n|rule|Endless Battle Clause: Forcing endless battles is banned\n|rule|OHKO Clause: OHKO moves are banned\n|rule|Evasion Moves Clause: Evasion moves are banned\n|rule|Evasion Items Clause: Evasion items are banned\n|rule|Species Clause: Limit one of each Pok\u00e9mon\n|rule|Sleep Clause Mod: Limit one foe put to sleep\n|rule|Mega Rayquaza Clause: You cannot mega evolve Rayquaza\n|clearpoke\n|poke|p1|Shaymin-Sky|\n|poke|p1|Lunala|\n|poke|p1|Lopunny, M|\n|poke|p1|Magearna|\n|poke|p1|Delphox, F|\n|poke|p1|Pheromosa|\n|poke|p2|Mewtwo|\n|poke|p2|Pheromosa|\n|poke|p2|Deoxys|\n|poke|p2|Buzzwole|\n|poke|p2|Zoroark, M|\n|poke|p2|Scizor, M|\n|teampreview\n|inactive|Battle timer is ON: inactive players will automatically lose when time's up. (requested by Ec1lipse)\n|inactive|vic_ketchum has 120 seconds left.\n|\n|t:|1700096919\n|start\n|switch|p1a: Pheromosa|Pheromosa|100\/100\n|switch|p2a: CELL|Pheromosa|100\/100\n|turn|1\n|\n|t:|1700096927\n|move|p1a: Pheromosa|Close Combat|p2a: CELL\n|-resisted|p2a: CELL\n|-damage|p2a: CELL|35\/100\n|-unboost|p1a: Pheromosa|def|1\n|-unboost|p1a: Pheromosa|spd|1\n|move|p2a: CELL|Ice Beam|p1a: Pheromosa\n|-enditem|p1a: Pheromosa|Focus Sash\n|-damage|p1a: Pheromosa|1\/100\n|\n|upkeep\n|turn|2\n|\n|t:|1700096937\n|move|p1a: Pheromosa|Close Combat|p2a: CELL\n|-resisted|p2a: CELL\n|-damage|p2a: CELL|0 fnt\n|-unboost|p1a: Pheromosa|def|1\n|-unboost|p1a: Pheromosa|spd|1\n|faint|p2a: CELL\n|-ability|p1a: Pheromosa|Beast Boost|boost\n|-boost|p1a: Pheromosa|spe|1\n|\n|upkeep\n|\n|t:|1700096945\n|switch|p2a: XICOR|Scizor, M, shiny|100\/100\n|turn|3\n|\n|t:|1700096950\n|move|p2a: XICOR|Bullet Punch|p1a: Pheromosa\n|-damage|p1a: Pheromosa|0 fnt\n|faint|p1a: Pheromosa\n|\n|upkeep\n|\n|t:|1700096954\n|switch|p1a: Delphox|Delphox, F|100\/100\n|turn|4\n|\n|t:|1700096959\n|switch|p2a: XICOR|Scizor, M, shiny|100\/100\n|move|p1a: Delphox|Fire Blast|p2a: XICOR\n|-damage|p2a: XICOR|31\/100\n|replace|p2a: ZAMAS|Zoroark, M\n|-end|p2a: ZAMAS|Illusion\n|\n|upkeep\n|turn|5\n|inactive|Ec1lipse has 120 seconds left.\n|\n|t:|1700096989\n|switch|p1a: Magearna|Magearna|100\/100\n|move|p2a: ZAMAS|Dark Pulse|p1a: Magearna\n|-resisted|p1a: Magearna\n|-damage|p1a: Magearna|86\/100\n|\n|upkeep\n|turn|6\n|\n|t:|1700096996\n|move|p2a: ZAMAS|Flamethrower|p1a: Magearna\n|-supereffective|p1a: Magearna\n|-damage|p1a: Magearna|45\/100\n|move|p1a: Magearna|Fleur Cannon|p2a: ZAMAS\n|-supereffective|p2a: ZAMAS\n|-damage|p2a: ZAMAS|0 fnt\n|-unboost|p1a: Magearna|spa|2\n|faint|p2a: ZAMAS\n|-ability|p1a: Magearna|Soul-Heart|boost\n|-boost|p1a: Magearna|spa|1\n|-damage|p1a: Magearna|35\/100|[from] item: Life Orb\n|\n|upkeep\n|\n|t:|1700097011\n|switch|p2a: MAJIN BUU|Deoxys|100\/100\n|-ability|p2a: MAJIN BUU|Pressure\n|turn|7\n|\n|t:|1700097020\n|move|p2a: MAJIN BUU|Psychic|p1a: Magearna\n|-resisted|p1a: Magearna\n|-damage|p1a: Magearna|14\/100\n|move|p1a: Magearna|Flash Cannon|p2a: MAJIN BUU\n|-damage|p2a: MAJIN BUU|18\/100\n|-unboost|p2a: MAJIN BUU|spd|1\n|-damage|p1a: Magearna|4\/100|[from] item: Life Orb\n|\n|upkeep\n|turn|8\n|\n|t:|1700097028\n|move|p2a: MAJIN BUU|Psychic|p1a: Magearna\n|-resisted|p1a: Magearna\n|-damage|p1a: Magearna|0 fnt\n|faint|p1a: Magearna\n|\n|upkeep\n|\n|t:|1700097034\n|switch|p1a: Lunala|Lunala|100\/100\n|turn|9\n|\n|t:|1700097043\n|move|p2a: MAJIN BUU|Dark Pulse|p1a: Lunala\n|-supereffective|p1a: Lunala\n|-damage|p1a: Lunala|55\/100\n|move|p1a: Lunala|Meteor Beam||[still]\n|-prepare|p1a: Lunala|Meteor Beam\n|-boost|p1a: Lunala|spa|1\n|-enditem|p1a: Lunala|Power Herb\n|-anim|p1a: Lunala|Meteor Beam|p2a: MAJIN BUU|[miss]\n|-miss|p1a: Lunala|p2a: MAJIN BUU\n|\n|upkeep\n|turn|10\n|inactive|Ec1lipse has 120 seconds left.\n|\n|t:|1700097080\n|move|p2a: MAJIN BUU|Dark Pulse|p1a: Lunala\n|-supereffective|p1a: Lunala\n|-damage|p1a: Lunala|0 fnt\n|faint|p1a: Lunala\n|\n|upkeep\n|\n|t:|1700097087\n|switch|p1a: Lopunny|Lopunny, M|100\/100\n|turn|11\n|c|\u2606vic_ketchum|fake out\n|\n|t:|1700097094\n|detailschange|p1a: Lopunny|Lopunny-Mega, M\n|-mega|p1a: Lopunny|Lopunny|Lopunnite\n|move|p1a: Lopunny|Fake Out|p2a: MAJIN BUU\n|-damage|p2a: MAJIN BUU|0 fnt\n|faint|p2a: MAJIN BUU\n|\n|upkeep\n|\n|t:|1700097100\n|switch|p2a: XICOR|Scizor, M, shiny|100\/100\n|turn|12\n|\n|t:|1700097104\n|move|p1a: Lopunny|High Jump Kick|p2a: XICOR\n|-damage|p2a: XICOR|25\/100\n|move|p2a: XICOR|Swords Dance|p2a: XICOR\n|-boost|p2a: XICOR|atk|2\n|\n|upkeep\n|turn|13\n|\n|t:|1700097117\n|move|p2a: XICOR|Bullet Punch|p1a: Lopunny\n|-damage|p1a: Lopunny|18\/100\n|move|p1a: Lopunny|Close Combat|p2a: XICOR\n|-damage|p2a: XICOR|0 fnt\n|-unboost|p1a: Lopunny|def|1\n|-unboost|p1a: Lopunny|spd|1\n|faint|p2a: XICOR\n|\n|upkeep\n|\n|t:|1700097125\n|switch|p2a: BROLY|Buzzwole, shiny|100\/100\n|turn|14\n|\n|t:|1700097131\n|move|p1a: Lopunny|High Jump Kick|p2a: BROLY\n|-resisted|p2a: BROLY\n|-damage|p2a: BROLY|75\/100\n|move|p2a: BROLY|Thunder Punch|p1a: Lopunny\n|-damage|p1a: Lopunny|0 fnt\n|faint|p1a: Lopunny\n|-ability|p2a: BROLY|Beast Boost|boost\n|-boost|p2a: BROLY|atk|1\n|\n|upkeep\n|\n|t:|1700097138\n|switch|p1a: Shaymin|Shaymin-Sky|100\/100\n|turn|15\n|\n|t:|1700097143\n|move|p1a: Shaymin|Air Slash|p2a: BROLY\n|-supereffective|p2a: BROLY\n|-damage|p2a: BROLY|0 fnt\n|faint|p2a: BROLY\n|\n|upkeep\n|\n|t:|1700097147\n|switch|p2a: FREEZER|Mewtwo|100\/100\n|-ability|p2a: FREEZER|Pressure\n|turn|16\n|\n|t:|1700097158\n|-terastallize|p2a: FREEZER|Ghost\n|move|p1a: Shaymin|Seed Flare|p2a: FREEZER|[miss]\n|-miss|p1a: Shaymin|p2a: FREEZER\n|move|p2a: FREEZER|Ice Beam|p1a: Shaymin\n|-supereffective|p1a: Shaymin\n|-crit|p1a: Shaymin\n|-damage|p1a: Shaymin|0 fnt\n|faint|p1a: Shaymin\n|\n|upkeep\n|\n|t:|1700097163\n|switch|p1a: Delphox|Delphox, F|100\/100\n|turn|17\n|\n|t:|1700097170\n|-terastallize|p1a: Delphox|Water\n|move|p2a: FREEZER|Poison Jab|p1a: Delphox\n|-damage|p1a: Delphox|75\/100\n|-status|p1a: Delphox|psn\n|move|p1a: Delphox|Fire Blast|p2a: FREEZER\n|-damage|p2a: FREEZER|58\/100\n|\n|-damage|p1a: Delphox|62\/100 psn|[from] psn\n|upkeep\n|turn|18\n|\n|t:|1700097181\n|move|p2a: FREEZER|Thunderbolt|p1a: Delphox\n|-supereffective|p1a: Delphox\n|-damage|p1a: Delphox|17\/100 psn\n|move|p1a: Delphox|Fire Blast|p2a: FREEZER\n|-damage|p2a: FREEZER|12\/100\n|\n|-damage|p1a: Delphox|4\/100 psn|[from] psn\n|upkeep\n|turn|19\n|\n|t:|1700097189\n|move|p2a: FREEZER|Thunderbolt|p1a: Delphox\n|-supereffective|p1a: Delphox\n|-damage|p1a: Delphox|0 fnt\n|faint|p1a: Delphox\n|\n|win|vic_ketchum\n|raw|Ec1lipse's rating: 1120 &rarr; <strong>1087<\/strong><br \/>(-33 for losing)\n|raw|vic_ketchum's rating: 1008 &rarr; <strong>1059<\/strong><br \/>(+51 for winning)\n|l|\u2606Ec1lipse\n","uploadtime":1700097194,"views":7,"p1id":"ec1lipse","p2id":"vicketchum","formatid":"gen9nationaldexubers","rating":1059,"private":0,"password":""}