{"id":"gen9nationaldexubers-1991891124","p1":"anmol123","p2":"JustMonika_CARR","format":"[Gen 9] National Dex Ubers","log":"|j|\u2606anmol123\n|j|\u2606JustMonika_CARR\n|t:|1700134372\n|gametype|singles\n|player|p1|anmol123|2|1442\n|player|p2|JustMonika_CARR|rosa|1444\n|teamsize|p1|6\n|teamsize|p2|6\n|gen|9\n|tier|[Gen 9] National Dex Ubers\n|rated|\n|rule|HP Percentage Mod: HP is shown in percentages\n|rule|Endless Battle Clause: Forcing endless battles is banned\n|rule|OHKO Clause: OHKO moves are banned\n|rule|Evasion Moves Clause: Evasion moves are banned\n|rule|Evasion Items Clause: Evasion items are banned\n|rule|Species Clause: Limit one of each Pok\u00e9mon\n|rule|Sleep Clause Mod: Limit one foe put to sleep\n|rule|Mega Rayquaza Clause: You cannot mega evolve Rayquaza\n|clearpoke\n|poke|p1|Groudon|\n|poke|p1|Grimmsnarl, M|\n|poke|p1|Zacian-*|\n|poke|p1|Ditto|\n|poke|p1|Blastoise, M|\n|poke|p1|Necrozma-Dawn-Wings|\n|poke|p2|Marshadow|\n|poke|p2|Lopunny, F|\n|poke|p2|Dialga|\n|poke|p2|Forretress, F|\n|poke|p2|Pheromosa|\n|poke|p2|Grimmsnarl, M|\n|teampreview\n|inactive|Battle timer is ON: inactive players will automatically lose when time's up. (requested by anmol123)\n|\n|t:|1700134384\n|start\n|switch|p1a: Grimmsnarl|Grimmsnarl, M|100\/100\n|switch|p2a: Forretress|Forretress, F, shiny|100\/100\n|turn|1\n|\n|t:|1700134390\n|switch|p2a: Grimmsnarl|Grimmsnarl, M, shiny|100\/100\n|move|p1a: Grimmsnarl|Taunt|p2a: Grimmsnarl\n|-hint|Since gen 7, Dark is immune to Prankster moves.\n|-immune|p2a: Grimmsnarl\n|\n|upkeep\n|turn|2\n|\n|t:|1700134397\n|move|p1a: Grimmsnarl|Reflect|p1a: Grimmsnarl\n|-sidestart|p1: anmol123|Reflect\n|move|p2a: Grimmsnarl|Spirit Break|p1a: Grimmsnarl\n|-supereffective|p1a: Grimmsnarl\n|-crit|p1a: Grimmsnarl\n|-damage|p1a: Grimmsnarl|6\/100\n|-unboost|p1a: Grimmsnarl|spa|1\n|\n|upkeep\n|turn|3\n|\n|t:|1700134404\n|move|p1a: Grimmsnarl|Light Screen|p1a: Grimmsnarl\n|-sidestart|p1: anmol123|move: Light Screen\n|move|p2a: Grimmsnarl|Spirit Break|p1a: Grimmsnarl\n|-supereffective|p1a: Grimmsnarl\n|-damage|p1a: Grimmsnarl|0 fnt\n|faint|p1a: Grimmsnarl\n|\n|upkeep\n|\n|t:|1700134426\n|switch|p1a: Groudon|Groudon|100\/100\n|detailschange|p1a: Groudon|Groudon-Primal\n|-primal|p1a: Groudon|Red Orb\n|-weather|DesolateLand|[from] ability: Desolate Land|[of] p1a: Groudon\n|turn|4\n|\n|t:|1700134431\n|move|p2a: Grimmsnarl|Taunt|p1a: Groudon\n|-start|p1a: Groudon|move: Taunt\n|cant|p1a: Groudon|move: Taunt|Rock Polish\n|\n|-weather|DesolateLand|[upkeep]\n|upkeep\n|turn|5\n|\n|t:|1700134437\n|move|p2a: Grimmsnarl|Reflect|p2a: Grimmsnarl\n|-sidestart|p2: JustMonika_CARR|Reflect\n|move|p1a: Groudon|Heat Crash|p2a: Grimmsnarl\n|-damage|p2a: Grimmsnarl|29\/100\n|\n|-weather|DesolateLand|[upkeep]\n|-heal|p2a: Grimmsnarl|35\/100|[from] item: Leftovers\n|upkeep\n|turn|6\n|\n|t:|1700134445\n|move|p2a: Grimmsnarl|Light Screen|p2a: Grimmsnarl\n|-sidestart|p2: JustMonika_CARR|move: Light Screen\n|move|p1a: Groudon|Heat Crash|p2a: Grimmsnarl\n|-crit|p2a: Grimmsnarl\n|-damage|p2a: Grimmsnarl|0 fnt\n|faint|p2a: Grimmsnarl\n|\n|-weather|DesolateLand|[upkeep]\n|-end|p1a: Groudon|move: Taunt\n|upkeep\n|\n|t:|1700134454\n|switch|p2a: Forretress|Forretress, F, shiny|100\/100\n|turn|7\n|\n|t:|1700134464\n|-weather|none\n|switch|p1a: Blastoise|Blastoise, M|100\/100\n|move|p2a: Forretress|Toxic Spikes|p1a: Blastoise\n|-sidestart|p1: anmol123|move: Toxic Spikes\n|\n|upkeep\n|turn|8\n|\n|t:|1700134471\n|switch|p2a: Marshadow|Marshadow|100\/100\n|detailschange|p1a: Blastoise|Blastoise-Mega, M\n|-mega|p1a: Blastoise|Blastoise|Blastoisinite\n|move|p1a: Blastoise|Shell Smash|p1a: Blastoise\n|-unboost|p1a: Blastoise|def|1\n|-unboost|p1a: Blastoise|spd|1\n|-boost|p1a: Blastoise|atk|2\n|-boost|p1a: Blastoise|spa|2\n|-boost|p1a: Blastoise|spe|2\n|\n|upkeep\n|turn|9\n|\n|t:|1700134482\n|move|p1a: Blastoise|Water Pulse|p2a: Marshadow\n|-damage|p2a: Marshadow|46\/100\n|move|p2a: Marshadow|Spectral Thief||[still]\n|-clearpositiveboost|p1a: Blastoise|p2a: Marshadow|move: Spectral Thief\n|-boost|p2a: Marshadow|atk|2\n|-boost|p2a: Marshadow|spa|2\n|-boost|p2a: Marshadow|spe|2\n|-anim|p2a: Marshadow|Spectral Thief|p1a: Blastoise\n|-damage|p1a: Blastoise|31\/100\n|\n|-sideend|p2: JustMonika_CARR|Reflect\n|-sideend|p1: anmol123|Reflect\n|upkeep\n|turn|10\n|\n|t:|1700134495\n|move|p2a: Marshadow|Drain Punch|p1a: Blastoise\n|-damage|p1a: Blastoise|0 fnt\n|-heal|p2a: Marshadow|60\/100|[from] drain|[of] p1a: Blastoise\n|faint|p1a: Blastoise\n|\n|-sideend|p2: JustMonika_CARR|move: Light Screen\n|-sideend|p1: anmol123|move: Light Screen\n|upkeep\n|\n|t:|1700134506\n|switch|p1a: Zacian|Zacian-Crowned|100\/100\n|-ability|p1a: Zacian|Intrepid Sword|boost\n|-boost|p1a: Zacian|atk|1\n|turn|11\n|\n|t:|1700134511\n|move|p2a: Marshadow|Spectral Thief||[still]\n|-clearpositiveboost|p1a: Zacian|p2a: Marshadow|move: Spectral Thief\n|-boost|p2a: Marshadow|atk|1\n|-anim|p2a: Marshadow|Spectral Thief|p1a: Zacian\n|-damage|p1a: Zacian|0 fnt\n|faint|p1a: Zacian\n|\n|upkeep\n|\n|t:|1700134520\n|switch|p1a: Ditto|Ditto|100\/100\n|-status|p1a: Ditto|psn\n|-transform|p1a: Ditto|p2a: Marshadow|[from] ability: Imposter\n|turn|12\n|\n|t:|1700134526\n|switch|p2a: Lopunny|Lopunny, F, shiny|100\/100\n|move|p1a: Ditto|Spectral Thief|p2a: Lopunny\n|-immune|p2a: Lopunny\n|\n|-damage|p1a: Ditto|88\/100 psn|[from] psn\n|upkeep\n|turn|13\n|\n|t:|1700134536\n|switch|p1a: Necrozma|Necrozma-Dawn-Wings|100\/100\n|-status|p1a: Necrozma|psn\n|detailschange|p2a: Lopunny|Lopunny-Mega, F, shiny\n|-mega|p2a: Lopunny|Lopunny|Lopunnite\n|move|p2a: Lopunny|Fake Out|p1a: Necrozma\n|-damage|p1a: Necrozma|78\/100 psn\n|\n|-damage|p1a: Necrozma|66\/100 psn|[from] psn\n|upkeep\n|turn|14\n|\n|t:|1700134548\n|switch|p2a: Forretress|Forretress, F, shiny|100\/100\n|move|p1a: Necrozma|Dragon Dance|p1a: Necrozma\n|-boost|p1a: Necrozma|atk|1\n|-boost|p1a: Necrozma|spe|1\n|\n|-damage|p1a: Necrozma|54\/100 psn|[from] psn\n|upkeep\n|turn|15\n|\n|t:|1700134558\n|detailschange|p1a: Necrozma|Necrozma-Ultra\n|-burst|p1a: Necrozma|Necrozma|Ultranecrozium Z\n|move|p1a: Necrozma|Earthquake|p2a: Forretress\n|-damage|p2a: Forretress|66\/100\n|-enditem|p2a: Forretress|Red Card|[of] p1a: Necrozma\n|drag|p1a: Groudon|Groudon-Primal|100\/100\n|-status|p1a: Groudon|psn\n|-weather|DesolateLand|[from] ability: Desolate Land|[of] p1a: Groudon\n|move|p2a: Forretress|Stealth Rock|p1a: Groudon\n|-sidestart|p1: anmol123|move: Stealth Rock\n|\n|-weather|DesolateLand|[upkeep]\n|-damage|p1a: Groudon|88\/100 psn|[from] psn\n|upkeep\n|turn|16\n|\n|t:|1700134572\n|move|p2a: Forretress|Endure|p2a: Forretress\n|-singleturn|p2a: Forretress|move: Endure\n|move|p1a: Groudon|Rock Polish|p1a: Groudon\n|-boost|p1a: Groudon|spe|2\n|\n|-weather|DesolateLand|[upkeep]\n|-damage|p1a: Groudon|76\/100 psn|[from] psn\n|upkeep\n|turn|17\n|\n|t:|1700134581\n|move|p2a: Forretress|Endure|p2a: Forretress\n|-singleturn|p2a: Forretress|move: Endure\n|move|p1a: Groudon|Heat Crash|p2a: Forretress\n|-supereffective|p2a: Forretress\n|-activate|p2a: Forretress|move: Endure\n|-damage|p2a: Forretress|1\/100\n|\n|-weather|DesolateLand|[upkeep]\n|-damage|p1a: Groudon|63\/100 psn|[from] psn\n|upkeep\n|turn|18\n|\n|t:|1700134591\n|move|p1a: Groudon|Thunder Punch|p2a: Forretress\n|-damage|p2a: Forretress|0 fnt\n|faint|p2a: Forretress\n|\n|-weather|DesolateLand|[upkeep]\n|-damage|p1a: Groudon|51\/100 psn|[from] psn\n|upkeep\n|\n|t:|1700134601\n|switch|p2a: Marshadow|Marshadow|60\/100\n|turn|19\n|\n|t:|1700134607\n|move|p2a: Marshadow|Shadow Sneak|p1a: Groudon\n|-damage|p1a: Groudon|31\/100 psn\n|move|p1a: Groudon|Heat Crash|p2a: Marshadow\n|-damage|p2a: Marshadow|0 fnt\n|faint|p2a: Marshadow\n|\n|-weather|DesolateLand|[upkeep]\n|-damage|p1a: Groudon|19\/100 psn|[from] psn\n|upkeep\n|\n|t:|1700134624\n|switch|p2a: Pheromosa|Pheromosa, shiny|100\/100\n|turn|20\n|\n|t:|1700134628\n|move|p1a: Groudon|Heat Crash|p2a: Pheromosa\n|-supereffective|p2a: Pheromosa\n|-enditem|p2a: Pheromosa|Focus Sash\n|-damage|p2a: Pheromosa|1\/100\n|move|p2a: Pheromosa|Close Combat|p1a: Groudon\n|-crit|p1a: Groudon\n|-damage|p1a: Groudon|0 fnt\n|-unboost|p2a: Pheromosa|def|1\n|-unboost|p2a: Pheromosa|spd|1\n|faint|p1a: Groudon\n|-weather|none\n|-ability|p2a: Pheromosa|Beast Boost|boost\n|-boost|p2a: Pheromosa|spa|1\n|\n|upkeep\n|\n|t:|1700134652\n|switch|p1a: Ditto|Ditto|88\/100 psn\n|-damage|p1a: Ditto|76\/100 psn|[from] Stealth Rock\n|-transform|p1a: Ditto|p2a: Pheromosa|[from] ability: Imposter\n|turn|21\n|\n|t:|1700134661\n|move|p1a: Ditto|Close Combat|p2a: Pheromosa\n|-resisted|p2a: Pheromosa\n|-damage|p2a: Pheromosa|0 fnt\n|-unboost|p1a: Ditto|def|1\n|-unboost|p1a: Ditto|spd|1\n|faint|p2a: Pheromosa\n|-ability|p1a: Ditto|Beast Boost|boost\n|-boost|p1a: Ditto|spa|1\n|\n|-damage|p1a: Ditto|63\/100 psn|[from] psn\n|upkeep\n|\n|t:|1700134672\n|switch|p2a: Lopunny|Lopunny-Mega, F, shiny|100\/100\n|turn|22\n|\n|t:|1700134676\n|switch|p1a: Necrozma|Necrozma-Ultra|54\/100 psn\n|-damage|p1a: Necrozma|41\/100 psn|[from] Stealth Rock\n|move|p2a: Lopunny|Fake Out|p1a: Necrozma\n|-damage|p1a: Necrozma|16\/100 psn\n|\n|-damage|p1a: Necrozma|4\/100 psn|[from] psn\n|upkeep\n|turn|23\n|\n|t:|1700134689\n|switch|p2a: Dialga|Dialga, shiny|100\/100\n|-ability|p2a: Dialga|Pressure\n|move|p1a: Necrozma|Photon Geyser|p2a: Dialga\n|-resisted|p2a: Dialga\n|-damage|p2a: Dialga|72\/100\n|\n|-damage|p1a: Necrozma|0 fnt|[from] psn\n|faint|p1a: Necrozma\n|upkeep\n|\n|t:|1700134692\n|switch|p1a: Ditto|Ditto|63\/100 psn\n|-damage|p1a: Ditto|51\/100 psn|[from] Stealth Rock\n|-transform|p1a: Ditto|p2a: Dialga|[from] ability: Imposter\n|-ability|p1a: Ditto|Pressure\n|turn|24\n|\n|t:|1700134710\n|-terastallize|p2a: Dialga|Ground\n|move|p2a: Dialga|Earth Power|p1a: Ditto\n|-supereffective|p1a: Ditto\n|-damage|p1a: Ditto|0 fnt\n|faint|p1a: Ditto\n|\n|win|JustMonika_CARR\n|raw|anmol123's rating: 1442 &rarr; <strong>1422<\/strong><br \/>(-20 for losing)\n|raw|JustMonika_CARR's rating: 1444 &rarr; <strong>1464<\/strong><br \/>(+20 for winning)\n|c|\u2606JustMonika_CARR|Gg\n","uploadtime":1700134721,"views":8,"p1id":"anmol123","p2id":"justmonikacarr","formatid":"gen9nationaldexubers","rating":1422,"private":0,"password":""}