{"id":"gen9nationaldexubers-1995873000","p1":"Lunar Sloth","p2":"MiniBearGrahams","format":"[Gen 9] National Dex Ubers","log":"|j|\u2606Lunar Sloth\n|j|\u2606MiniBearGrahams\n|t:|1700612089\n|gametype|singles\n|player|p1|Lunar Sloth|marley|\n|player|p2|MiniBearGrahams|zinnia|\n|teamsize|p1|6\n|teamsize|p2|6\n|gen|9\n|tier|[Gen 9] National Dex Ubers\n|rule|HP Percentage Mod: HP is shown in percentages\n|rule|Endless Battle Clause: Forcing endless battles is banned\n|rule|OHKO Clause: OHKO moves are banned\n|rule|Evasion Moves Clause: Evasion moves are banned\n|rule|Evasion Items Clause: Evasion items are banned\n|rule|Species Clause: Limit one of each Pok\u00e9mon\n|rule|Sleep Clause Mod: Limit one foe put to sleep\n|rule|Mega Rayquaza Clause: You cannot mega evolve Rayquaza\n|clearpoke\n|poke|p1|Slowbro, M|\n|poke|p1|Celesteela|\n|poke|p1|Blissey, F|\n|poke|p1|Iron Treads|\n|poke|p1|Iron Valiant|\n|poke|p1|Polteageist|\n|poke|p2|Garchomp, F|\n|poke|p2|Muk-Alola, M|\n|poke|p2|Cinderace, M|\n|poke|p2|Revavroom, M|\n|poke|p2|Zapdos|\n|poke|p2|Mesprit|\n|teampreview\n|j| Gran gran\n|j| ZBFusion\n|j| Smackey_5\n|j| pawket\n|j| Demolution545\n|\n|t:|1700612166\n|start\n|switch|p1a: Iron Treads|Iron Treads|100\/100\n|switch|p2a: Cinderace|Cinderace, M|100\/100\n|turn|1\n|\n|t:|1700612175\n|-end|p1a: Iron Treads|Quark Drive|[silent]\n|switch|p1a: Slowbro|Slowbro, M|100\/100\n|move|p2a: Cinderace|Pyro Ball|p1a: Slowbro\n|-resisted|p1a: Slowbro\n|-damage|p1a: Slowbro|84\/100\n|\n|upkeep\n|turn|2\n|j| VoIteon\n|\n|t:|1700612182\n|switch|p2a: Zapdos|Zapdos|100\/100\n|move|p1a: Slowbro|Teleport|p1a: Slowbro\n|\n|t:|1700612185\n|switch|p1a: Iron Treads|Iron Treads|100\/100|[from] Teleport\n|\n|upkeep\n|turn|3\n|c| Gran gran|This is the opposite of a barn burner\n|\n|t:|1700612207\n|move|p1a: Iron Treads|Stone Edge|p2a: Zapdos\n|-supereffective|p2a: Zapdos\n|-damage|p2a: Zapdos|27\/100\n|move|p2a: Zapdos|Heat Wave|p1a: Iron Treads\n|-supereffective|p1a: Iron Treads\n|-damage|p1a: Iron Treads|0 fnt\n|faint|p1a: Iron Treads\n|-end|p1a: Iron Treads|Quark Drive|[silent]\n|\n|-heal|p2a: Zapdos|34\/100|[from] item: Leftovers\n|upkeep\n|\n|t:|1700612216\n|switch|p1a: Iron Valiant|Iron Valiant|100\/100\n|turn|4\n|\n|t:|1700612271\n|switch|p2a: Mesprit|Mesprit, shiny|100\/100\n|move|p1a: Iron Valiant|Knock Off|p2a: Mesprit\n|-supereffective|p2a: Mesprit\n|-damage|p2a: Mesprit|59\/100\n|-enditem|p2a: Mesprit|Leftovers|[from] move: Knock Off|[of] p1a: Iron Valiant\n|\n|upkeep\n|turn|5\n|l| Gran gran\n|\n|t:|1700612294\n|-end|p1a: Iron Valiant|Quark Drive|[silent]\n|switch|p1a: Celesteela|Celesteela|100\/100\n|move|p2a: Mesprit|Psychic|p1a: Celesteela\n|-resisted|p1a: Celesteela\n|-damage|p1a: Celesteela|88\/100\n|\n|-heal|p1a: Celesteela|94\/100|[from] item: Leftovers\n|upkeep\n|turn|6\n|j| Gran gran\n|\n|t:|1700612315\n|move|p2a: Mesprit|Thunderbolt|p1a: Celesteela\n|-supereffective|p1a: Celesteela\n|-damage|p1a: Celesteela|63\/100\n|move|p1a: Celesteela|Leech Seed|p2a: Mesprit\n|-start|p2a: Mesprit|move: Leech Seed\n|\n|-heal|p1a: Celesteela|69\/100|[from] item: Leftovers\n|-damage|p2a: Mesprit|46\/100|[from] Leech Seed|[of] p1a: Celesteela\n|-heal|p1a: Celesteela|80\/100|[silent]\n|upkeep\n|turn|7\n|\n|t:|1700612333\n|switch|p2a: Muk|Muk-Alola, M|100\/100\n|move|p1a: Celesteela|Heavy Slam|p2a: Muk\n|-damage|p2a: Muk|71\/100\n|\n|-heal|p1a: Celesteela|86\/100|[from] item: Leftovers\n|upkeep\n|turn|8\n|\n|t:|1700612345\n|move|p1a: Celesteela|Protect|p1a: Celesteela\n|-singleturn|p1a: Celesteela|Protect\n|move|p2a: Muk|Knock Off|p1a: Celesteela\n|-activate|p1a: Celesteela|move: Protect\n|\n|-heal|p1a: Celesteela|92\/100|[from] item: Leftovers\n|upkeep\n|turn|9\n|\n|t:|1700612357\n|switch|p1a: Iron Valiant|Iron Valiant|100\/100\n|move|p2a: Muk|Knock Off|p1a: Iron Valiant\n|-resisted|p1a: Iron Valiant\n|-damage|p1a: Iron Valiant|90\/100\n|-enditem|p1a: Iron Valiant|Protective Pads|[from] move: Knock Off|[of] p2a: Muk\n|\n|upkeep\n|turn|10\n|\n|t:|1700612378\n|move|p1a: Iron Valiant|Encore|p2a: Muk\n|-start|p2a: Muk|Encore\n|move|p2a: Muk|Knock Off|p1a: Iron Valiant\n|-resisted|p1a: Iron Valiant\n|-damage|p1a: Iron Valiant|83\/100\n|\n|upkeep\n|turn|11\n|\n|t:|1700612408\n|switch|p2a: Cinderace|Cinderace, M|100\/100\n|move|p1a: Iron Valiant|Swords Dance|p1a: Iron Valiant\n|-boost|p1a: Iron Valiant|atk|2\n|\n|upkeep\n|turn|12\n|\n|t:|1700612420\n|move|p2a: Cinderace|Gunk Shot|p1a: Iron Valiant\n|-start|p2a: Cinderace|typechange|Poison|[from] ability: Libero\n|-supereffective|p1a: Iron Valiant\n|-crit|p1a: Iron Valiant\n|-damage|p1a: Iron Valiant|0 fnt\n|faint|p1a: Iron Valiant\n|-end|p1a: Iron Valiant|Quark Drive|[silent]\n|\n|upkeep\n|\n|t:|1700612424\n|switch|p1a: Celesteela|Celesteela|92\/100\n|turn|13\n|c| Smackey_5|Holy\n|\n|t:|1700612431\n|switch|p2a: Muk|Muk-Alola, M|71\/100\n|move|p1a: Celesteela|Leech Seed|p2a: Muk\n|-start|p2a: Muk|move: Leech Seed\n|\n|-heal|p1a: Celesteela|98\/100|[from] item: Leftovers\n|-damage|p2a: Muk|58\/100|[from] Leech Seed|[of] p1a: Celesteela\n|-heal|p1a: Celesteela|100\/100|[silent]\n|upkeep\n|turn|14\n|\n|t:|1700612437\n|switch|p2a: Revavroom|Revavroom, M|100\/100\n|move|p1a: Celesteela|Protect||[still]\n|-fail|p1a: Celesteela\n|\n|upkeep\n|turn|15\n|c| Smackey_5|I respect Sam playstyle\n|\n|t:|1700612444\n|move|p2a: Revavroom|Shift Gear|p2a: Revavroom\n|-boost|p2a: Revavroom|spe|2\n|-boost|p2a: Revavroom|atk|1\n|move|p1a: Celesteela|Leech Seed|p2a: Revavroom\n|-start|p2a: Revavroom|move: Leech Seed\n|\n|-damage|p2a: Revavroom|88\/100|[from] Leech Seed|[of] p1a: Celesteela\n|upkeep\n|turn|16\n|c| Demolution545|Gunk shot goated\n|\n|t:|1700612453\n|switch|p1a: Slowbro|Slowbro, M|100\/100\n|move|p2a: Revavroom|Shift Gear|p2a: Revavroom\n|-boost|p2a: Revavroom|spe|2\n|-boost|p2a: Revavroom|atk|1\n|\n|-damage|p2a: Revavroom|76\/100|[from] Leech Seed|[of] p1a: Slowbro\n|upkeep\n|turn|17\n|c| Demolution545|Haden would know\n|c| VoIteon|rut roh\n|c| ZBFusion|the gears have been shifted\n|\n|t:|1700612476\n|move|p2a: Revavroom|Gunk Shot|p1a: Slowbro|[miss]\n|-miss|p2a: Revavroom|p1a: Slowbro\n|move|p1a: Slowbro|Scald|p2a: Revavroom\n|-damage|p2a: Revavroom|30\/100\n|-status|p2a: Revavroom|brn\n|-enditem|p2a: Revavroom|Lum Berry|[eat]\n|-curestatus|p2a: Revavroom|brn|[msg]\n|\n|-damage|p2a: Revavroom|17\/100|[from] Leech Seed|[of] p1a: Slowbro\n|upkeep\n|turn|18\n|c| Smackey_5|..\n|\n|t:|1700612488\n|move|p2a: Revavroom|Gunk Shot|p1a: Slowbro\n|-damage|p1a: Slowbro|30\/100\n|-status|p1a: Slowbro|psn\n|move|p1a: Slowbro|Scald|p2a: Revavroom\n|-damage|p2a: Revavroom|0 fnt\n|faint|p2a: Revavroom\n|\n|-damage|p1a: Slowbro|18\/100 psn|[from] psn\n|upkeep\n|\n|t:|1700612503\n|switch|p2a: Zapdos|Zapdos|34\/100\n|turn|19\n|\n|t:|1700612507\n|switch|p1a: Blissey|Blissey, F|100\/100\n|move|p2a: Zapdos|Volt Switch|p1a: Blissey\n|-damage|p1a: Blissey|88\/100\n|\n|t:|1700612517\n|switch|p2a: Garchomp|Garchomp, F|100\/100|[from] Volt Switch\n|\n|-heal|p1a: Blissey|94\/100|[from] item: Leftovers\n|upkeep\n|turn|20\n|\n|t:|1700612524\n|switch|p1a: Celesteela|Celesteela|100\/100\n|move|p2a: Garchomp|Swords Dance|p2a: Garchomp\n|-boost|p2a: Garchomp|atk|2\n|\n|upkeep\n|turn|21\n|c| pawket|Anything less than 95% accurate is actually 50% accurate.\n|c| VoIteon|real\n|\n|t:|1700612556\n|move|p1a: Celesteela|Protect|p1a: Celesteela\n|-singleturn|p1a: Celesteela|Protect\n|-zpower|p2a: Garchomp\n|move|p2a: Garchomp|Inferno Overdrive|p1a: Celesteela|[zeffect]\n|-supereffective|p1a: Celesteela\n|-zbroken|p1a: Celesteela\n|-damage|p1a: Celesteela|73\/100\n|\n|-heal|p1a: Celesteela|79\/100|[from] item: Leftovers\n|upkeep\n|turn|22\n|c| Smackey_5|Dang\n|\n|t:|1700612576\n|move|p2a: Garchomp|Fire Fang|p1a: Celesteela\n|-supereffective|p1a: Celesteela\n|-damage|p1a: Celesteela|20\/100\n|move|p1a: Celesteela|Leech Seed|p2a: Garchomp|[miss]\n|-miss|p1a: Celesteela|p2a: Garchomp\n|\n|-heal|p1a: Celesteela|26\/100|[from] item: Leftovers\n|upkeep\n|turn|23\n|c| VoIteon|oh lord he comin\n|l| Gran gran\n|\n|t:|1700612592\n|move|p2a: Garchomp|Fire Fang|p1a: Celesteela\n|-supereffective|p1a: Celesteela\n|-damage|p1a: Celesteela|0 fnt\n|faint|p1a: Celesteela\n|\n|upkeep\n|\n|t:|1700612596\n|switch|p1a: Polteageist|Polteageist|100\/100\n|turn|24\n|c| pawket|tea\n|\n|t:|1700612615\n|move|p2a: Garchomp|Earthquake|p1a: Polteageist\n|-enditem|p1a: Polteageist|Focus Sash\n|-damage|p1a: Polteageist|1\/100\n|-ability|p1a: Polteageist|Weak Armor|boost\n|-unboost|p1a: Polteageist|def|1\n|-boost|p1a: Polteageist|spe|2\n|move|p1a: Polteageist|Shell Smash|p1a: Polteageist\n|-unboost|p1a: Polteageist|def|1\n|-unboost|p1a: Polteageist|spd|1\n|-boost|p1a: Polteageist|atk|2\n|-boost|p1a: Polteageist|spa|2\n|-boost|p1a: Polteageist|spe|2\n|\n|upkeep\n|turn|25\n|c| VoIteon|wait the weak armor\n|c| ZBFusion|the tea has been spilt\n|\n|t:|1700612680\n|move|p1a: Polteageist|Stored Power|p2a: Garchomp\n|-damage|p2a: Garchomp|0 fnt\n|faint|p2a: Garchomp\n|\n|upkeep\n|c| pawket|Tea bagging\n|\n|t:|1700612690\n|switch|p2a: Muk|Muk-Alola, M|58\/100\n|turn|26\n|\n|t:|1700612696\n|-terastallize|p1a: Polteageist|Ground\n|move|p1a: Polteageist|Tera Blast|p2a: Muk|[anim] Tera Blast Ground\n|-supereffective|p2a: Muk\n|-damage|p2a: Muk|0 fnt\n|faint|p2a: Muk\n|\n|upkeep\n|c| pawket|Lord\n|c| Smackey_5|Uh oh\n|j| m444rf\n|c| pawket|Who said this was gonna be dull\n|c|\u2606Lunar Sloth|i was so scared of shadow sneak\n|c| pawket|I was scared too\n|c|\u2606MiniBearGrahams|i hate tera\n|c| pawket|I saw it coming\n|c|\u2606Lunar Sloth|tera is dumb i agree\n|c|\u2606Lunar Sloth|next draft i would like no or limited tera\n|c|\u2606MiniBearGrahams|that was the only thing that killed me there\n|c| VoIteon|dont worry next draft tera will be not be as broken\n|\n|t:|1700612810\n|switch|p2a: Mesprit|Mesprit, shiny|46\/100\n|turn|27\n|\n|t:|1700612814\n|move|p2a: Mesprit|Protect|p2a: Mesprit\n|-singleturn|p2a: Mesprit|Protect\n|move|p1a: Polteageist|Shadow Ball|p2a: Mesprit\n|-activate|p2a: Mesprit|move: Protect\n|\n|upkeep\n|turn|28\n|\n|t:|1700612836\n|move|p1a: Polteageist|Shadow Ball|p2a: Mesprit\n|-supereffective|p2a: Mesprit\n|-damage|p2a: Mesprit|0 fnt\n|faint|p2a: Mesprit\n|\n|upkeep\n|\n|t:|1700612837\n|switch|p2a: Zapdos|Zapdos|34\/100\n|turn|29\n|\n|t:|1700612843\n|move|p1a: Polteageist|Shadow Ball|p2a: Zapdos\n|-damage|p2a: Zapdos|0 fnt\n|faint|p2a: Zapdos\n|\n|upkeep\n|\n|t:|1700612856\n|switch|p2a: Cinderace|Cinderace, M|100\/100\n|turn|30\n|\n|t:|1700612869\n|-terastallize|p2a: Cinderace|Fire\n|move|p1a: Polteageist|Shadow Ball|p2a: Cinderace\n|-damage|p2a: Cinderace|0 fnt\n|faint|p2a: Cinderace\n|\n|win|Lunar Sloth\n|c|\u2606Lunar Sloth|ggs\n|c|\u2606MiniBearGrahams|gg\n","uploadtime":1700612876,"views":2,"p1id":"lunarsloth","p2id":"minibeargrahams","formatid":"gen9nationaldexubers","rating":0,"private":0,"password":""}