{"id":"gen9nationaldexubers-1987194594","p1":"Elohim yt 08\u00b3","p2":"alcatel999","format":"[Gen 9] National Dex Ubers","log":"|j|\u2606Elohim yt 08\u00b3\n|j|\u2606alcatel999\n|t:|1699564125\n|gametype|singles\n|player|p1|Elohim yt 08\u00b3|hilbert|\n|player|p2|alcatel999|rocketgrunt|\n|teamsize|p1|6\n|teamsize|p2|6\n|gen|9\n|tier|[Gen 9] National Dex Ubers\n|rule|HP Percentage Mod: HP is shown in percentages\n|rule|Endless Battle Clause: Forcing endless battles is banned\n|rule|OHKO Clause: OHKO moves are banned\n|rule|Evasion Moves Clause: Evasion moves are banned\n|rule|Evasion Items Clause: Evasion items are banned\n|rule|Species Clause: Limit one of each Pok\u00e9mon\n|rule|Sleep Clause Mod: Limit one foe put to sleep\n|rule|Mega Rayquaza Clause: You cannot mega evolve Rayquaza\n|clearpoke\n|poke|p1|Alakazam, F|\n|poke|p1|Manectric, F|\n|poke|p1|Scizor, F|\n|poke|p1|Quagsire, M|\n|poke|p1|Crobat, F|\n|poke|p1|Farfetch\u2019d, F|\n|poke|p2|Diancie|\n|poke|p2|Klefki, F|\n|poke|p2|Mimikyu, M|\n|poke|p2|Tapu Fini|\n|poke|p2|Tapu Bulu|\n|poke|p2|Tapu Lele|\n|teampreview\n|c|\u2606alcatel999|Opa\n|c|\u2606alcatel999|Curioso team\n|c|\u2606alcatel999|Buena suerte\n|\n|t:|1699564154\n|start\n|switch|p1a: Crobat|Crobat, F|100\/100\n|switch|p2a: Di-Vi-Na|Diancie|100\/100\n|turn|1\n|\n|t:|1699564165\n|detailschange|p2a: Di-Vi-Na|Diancie-Mega\n|-mega|p2a: Di-Vi-Na|Diancie|Diancite\n|move|p1a: Crobat|Brave Bird|p2a: Di-Vi-Na\n|-resisted|p2a: Di-Vi-Na\n|-damage|p2a: Di-Vi-Na|71\/100\n|-damage|p1a: Crobat|93\/100|[from] Recoil\n|move|p2a: Di-Vi-Na|Stealth Rock|p1a: Crobat\n|-sidestart|p1: Elohim yt 08\u00b3|move: Stealth Rock\n|\n|upkeep\n|turn|2\n|\n|t:|1699564178\n|move|p1a: Crobat|Super Fang|p2a: Di-Vi-Na\n|-damage|p2a: Di-Vi-Na|36\/100\n|move|p2a: Di-Vi-Na|Mystical Fire|p1a: Crobat\n|-damage|p1a: Crobat|48\/100\n|-unboost|p1a: Crobat|spa|1\n|\n|upkeep\n|turn|3\n|\n|t:|1699564187\n|-terastallize|p1a: Crobat|Poison\n|move|p1a: Crobat|Super Fang|p2a: Di-Vi-Na\n|-damage|p2a: Di-Vi-Na|18\/100\n|move|p2a: Di-Vi-Na|Mystical Fire|p1a: Crobat\n|-damage|p1a: Crobat|6\/100\n|-unboost|p1a: Crobat|spa|1\n|\n|upkeep\n|turn|4\n|\n|t:|1699564194\n|move|p1a: Crobat|Roost|p1a: Crobat\n|-heal|p1a: Crobat|56\/100\n|move|p2a: Di-Vi-Na|Earth Power|p1a: Crobat\n|-supereffective|p1a: Crobat\n|-damage|p1a: Crobat|0 fnt\n|faint|p1a: Crobat\n|\n|upkeep\n|\n|t:|1699564197\n|switch|p1a: Manectric|Manectric, F|100\/100\n|-damage|p1a: Manectric|88\/100|[from] Stealth Rock\n|turn|5\n|\n|t:|1699564207\n|move|p1a: Manectric|Overheat|p2a: Di-Vi-Na\n|-resisted|p2a: Di-Vi-Na\n|-damage|p2a: Di-Vi-Na|0 fnt\n|-unboost|p1a: Manectric|spa|2\n|faint|p2a: Di-Vi-Na\n|\n|upkeep\n|\n|t:|1699564217\n|switch|p2a: LaLlaveDeTuCorazon|Klefki, F|100\/100\n|turn|6\n|\n|t:|1699564225\n|detailschange|p1a: Manectric|Manectric-Mega, F\n|-mega|p1a: Manectric|Manectric|Manectite\n|-ability|p1a: Manectric|Intimidate|boost\n|-unboost|p2a: LaLlaveDeTuCorazon|atk|1\n|move|p2a: LaLlaveDeTuCorazon|Light Screen|p2a: LaLlaveDeTuCorazon\n|-sidestart|p2: alcatel999|move: Light Screen\n|move|p1a: Manectric|Volt Switch|p2a: LaLlaveDeTuCorazon\n|-damage|p2a: LaLlaveDeTuCorazon|89\/100\n|\n|t:|1699564235\n|switch|p1a: Scizor|Scizor, F|100\/100|[from] Volt Switch\n|-damage|p1a: Scizor|88\/100|[from] Stealth Rock\n|\n|upkeep\n|turn|7\n|\n|t:|1699564249\n|move|p2a: LaLlaveDeTuCorazon|Reflect|p2a: LaLlaveDeTuCorazon\n|-sidestart|p2: alcatel999|Reflect\n|move|p1a: Scizor|Swords Dance|p1a: Scizor\n|-boost|p1a: Scizor|atk|2\n|\n|upkeep\n|turn|8\n|\n|t:|1699564280\n|switch|p2a: LelePancha|Tapu Lele|100\/100\n|-fieldstart|move: Psychic Terrain|[from] ability: Psychic Surge|[of] p2a: LelePancha\n|move|p1a: Scizor|Knock Off|p2a: LelePancha\n|-damage|p2a: LelePancha|58\/100\n|-enditem|p2a: LelePancha|Choice Scarf|[from] move: Knock Off|[of] p1a: Scizor\n|\n|upkeep\n|turn|9\n|\n|t:|1699564298\n|move|p1a: Scizor|Bullet Punch|p2a: LelePancha\n|-activate|p2a: LelePancha|move: Psychic Terrain\n|move|p2a: LelePancha|Thunderbolt|p1a: Scizor\n|-damage|p1a: Scizor|55\/100\n|\n|upkeep\n|turn|10\n|\n|t:|1699564303\n|move|p2a: LelePancha|Psychic|p1a: Scizor\n|-resisted|p1a: Scizor\n|-damage|p1a: Scizor|25\/100\n|move|p1a: Scizor|Swords Dance|p1a: Scizor\n|-boost|p1a: Scizor|atk|2\n|\n|upkeep\n|turn|11\n|\n|t:|1699564307\n|move|p2a: LelePancha|Psychic|p1a: Scizor\n|-resisted|p1a: Scizor\n|-damage|p1a: Scizor|0 fnt\n|faint|p1a: Scizor\n|\n|upkeep\n|\n|t:|1699564311\n|switch|p1a: Alakazam|Alakazam, F|100\/100\n|turn|12\n|\n|t:|1699564320\n|move|p1a: Alakazam|Psychic|p2a: LelePancha\n|-resisted|p2a: LelePancha\n|-damage|p2a: LelePancha|34\/100\n|move|p2a: LelePancha|Thunderbolt|p1a: Alakazam\n|-damage|p1a: Alakazam|53\/100\n|\n|-fieldend|move: Psychic Terrain\n|upkeep\n|turn|13\n|\n|t:|1699564326\n|move|p1a: Alakazam|Shadow Ball|p2a: LelePancha\n|-supereffective|p2a: LelePancha\n|-damage|p2a: LelePancha|0 fnt\n|faint|p2a: LelePancha\n|\n|-sideend|p2: alcatel999|move: Light Screen\n|upkeep\n|\n|t:|1699564333\n|switch|p2a: LaLlaveDeTuCorazon|Klefki, F|89\/100\n|turn|14\n|\n|t:|1699564337\n|move|p2a: LaLlaveDeTuCorazon|Light Screen|p2a: LaLlaveDeTuCorazon\n|-sidestart|p2: alcatel999|move: Light Screen\n|move|p1a: Alakazam|Shadow Ball|p2a: LaLlaveDeTuCorazon\n|-damage|p2a: LaLlaveDeTuCorazon|65\/100\n|\n|-sideend|p2: alcatel999|Reflect\n|upkeep\n|turn|15\n|\n|t:|1699564341\n|switch|p1a: Quagsire|Quagsire, M|100\/100\n|-damage|p1a: Quagsire|94\/100|[from] Stealth Rock\n|move|p2a: LaLlaveDeTuCorazon|Spikes|p1a: Quagsire\n|-sidestart|p1: Elohim yt 08\u00b3|Spikes\n|\n|-heal|p1a: Quagsire|100\/100|[from] item: Leftovers\n|upkeep\n|turn|16\n|\n|t:|1699564346\n|move|p2a: LaLlaveDeTuCorazon|Toxic|p1a: Quagsire|[miss]\n|-miss|p2a: LaLlaveDeTuCorazon|p1a: Quagsire\n|move|p1a: Quagsire|Toxic|p2a: LaLlaveDeTuCorazon\n|-immune|p2a: LaLlaveDeTuCorazon\n|\n|upkeep\n|turn|17\n|\n|t:|1699564349\n|move|p2a: LaLlaveDeTuCorazon|Toxic|p1a: Quagsire\n|-status|p1a: Quagsire|tox\n|move|p1a: Quagsire|Scald|p2a: LaLlaveDeTuCorazon\n|-damage|p2a: LaLlaveDeTuCorazon|54\/100\n|\n|-damage|p1a: Quagsire|94\/100 tox|[from] psn\n|upkeep\n|turn|18\n|\n|t:|1699564359\n|move|p2a: LaLlaveDeTuCorazon|Spikes|p1a: Quagsire\n|-sidestart|p1: Elohim yt 08\u00b3|Spikes\n|move|p1a: Quagsire|Earthquake|p2a: LaLlaveDeTuCorazon\n|-supereffective|p2a: LaLlaveDeTuCorazon\n|-crit|p2a: LaLlaveDeTuCorazon\n|-damage|p2a: LaLlaveDeTuCorazon|0 fnt\n|faint|p2a: LaLlaveDeTuCorazon\n|\n|-heal|p1a: Quagsire|100\/100 tox|[from] item: Leftovers\n|-damage|p1a: Quagsire|88\/100 tox|[from] psn\n|upkeep\n|\n|t:|1699564367\n|switch|p2a: TapuBala|Tapu Bulu|100\/100\n|-fieldstart|move: Grassy Terrain|[from] ability: Grassy Surge|[of] p2a: TapuBala\n|turn|19\n|\n|t:|1699564381\n|switch|p1a: Alakazam|Alakazam, F|53\/100\n|move|p2a: TapuBala|Horn Leech|p1a: Alakazam\n|-damage|p1a: Alakazam|0 fnt\n|faint|p1a: Alakazam\n|\n|upkeep\n|\n|t:|1699564388\n|switch|p1a: Farfetch\u2019d|Farfetch\u2019d, F|100\/100\n|-damage|p1a: Farfetch\u2019d|76\/100|[from] Stealth Rock\n|turn|20\n|\n|t:|1699564396\n|move|p2a: TapuBala|Horn Leech|p1a: Farfetch\u2019d\n|-resisted|p1a: Farfetch\u2019d\n|-damage|p1a: Farfetch\u2019d|0 fnt\n|faint|p1a: Farfetch\u2019d\n|\n|upkeep\n|\n|t:|1699564400\n|switch|p1a: Manectric|Manectric-Mega, F|88\/100\n|-damage|p1a: Manectric|76\/100|[from] Stealth Rock\n|-damage|p1a: Manectric|59\/100|[from] Spikes\n|-ability|p1a: Manectric|Intimidate|boost\n|-unboost|p2a: TapuBala|atk|1\n|turn|21\n|\n|t:|1699564406\n|switch|p2a: FinoSe\u00f1ores|Tapu Fini|100\/100\n|-fieldstart|move: Misty Terrain|[from] ability: Misty Surge|[of] p2a: FinoSe\u00f1ores\n|move|p1a: Manectric|Overheat|p2a: FinoSe\u00f1ores\n|-resisted|p2a: FinoSe\u00f1ores\n|-damage|p2a: FinoSe\u00f1ores|94\/100\n|-unboost|p1a: Manectric|spa|2\n|\n|-heal|p2a: FinoSe\u00f1ores|99\/100|[from] item: Leftovers\n|-sideend|p2: alcatel999|move: Light Screen\n|upkeep\n|turn|22\n|\n|t:|1699564415\n|switch|p1a: Quagsire|Quagsire, M|88\/100 tox\n|-damage|p1a: Quagsire|82\/100 tox|[from] Stealth Rock\n|-damage|p1a: Quagsire|66\/100 tox|[from] Spikes\n|-terastallize|p2a: FinoSe\u00f1ores|Ground\n|move|p2a: FinoSe\u00f1ores|Calm Mind|p2a: FinoSe\u00f1ores\n|-boost|p2a: FinoSe\u00f1ores|spa|1\n|-boost|p2a: FinoSe\u00f1ores|spd|1\n|\n|-heal|p2a: FinoSe\u00f1ores|100\/100|[from] item: Leftovers\n|-heal|p1a: Quagsire|72\/100 tox|[from] item: Leftovers\n|-damage|p1a: Quagsire|66\/100 tox|[from] psn\n|upkeep\n|turn|23\n|\n|t:|1699564427\n|move|p2a: FinoSe\u00f1ores|Taunt|p1a: Quagsire\n|-start|p1a: Quagsire|move: Taunt\n|move|p1a: Quagsire|Scald|p2a: FinoSe\u00f1ores\n|-supereffective|p2a: FinoSe\u00f1ores\n|-damage|p2a: FinoSe\u00f1ores|75\/100\n|\n|-heal|p2a: FinoSe\u00f1ores|82\/100|[from] item: Leftovers\n|-heal|p1a: Quagsire|72\/100 tox|[from] item: Leftovers\n|-damage|p1a: Quagsire|60\/100 tox|[from] psn\n|upkeep\n|turn|24\n|\n|t:|1699564436\n|move|p2a: FinoSe\u00f1ores|Calm Mind|p2a: FinoSe\u00f1ores\n|-boost|p2a: FinoSe\u00f1ores|spa|1\n|-boost|p2a: FinoSe\u00f1ores|spd|1\n|move|p1a: Quagsire|Scald|p2a: FinoSe\u00f1ores\n|-supereffective|p2a: FinoSe\u00f1ores\n|-damage|p2a: FinoSe\u00f1ores|57\/100\n|\n|-heal|p2a: FinoSe\u00f1ores|63\/100|[from] item: Leftovers\n|-heal|p1a: Quagsire|66\/100 tox|[from] item: Leftovers\n|-damage|p1a: Quagsire|47\/100 tox|[from] psn\n|upkeep\n|turn|25\n|\n|t:|1699564439\n|move|p2a: FinoSe\u00f1ores|Draining Kiss|p1a: Quagsire\n|-damage|p1a: Quagsire|28\/100 tox\n|-heal|p2a: FinoSe\u00f1ores|79\/100|[from] drain|[of] p1a: Quagsire\n|move|p1a: Quagsire|Earthquake|p2a: FinoSe\u00f1ores\n|-damage|p2a: FinoSe\u00f1ores|52\/100\n|\n|-heal|p2a: FinoSe\u00f1ores|58\/100|[from] item: Leftovers\n|-heal|p1a: Quagsire|34\/100 tox|[from] item: Leftovers\n|-damage|p1a: Quagsire|10\/100 tox|[from] psn\n|-end|p1a: Quagsire|move: Taunt\n|-fieldend|Misty Terrain\n|upkeep\n|turn|26\n|\n|t:|1699564450\n|move|p2a: FinoSe\u00f1ores|Draining Kiss|p1a: Quagsire\n|-damage|p1a: Quagsire|0 fnt\n|-heal|p2a: FinoSe\u00f1ores|66\/100|[from] drain|[of] p1a: Quagsire\n|faint|p1a: Quagsire\n|\n|-heal|p2a: FinoSe\u00f1ores|73\/100|[from] item: Leftovers\n|upkeep\n|\n|t:|1699564452\n|switch|p1a: Manectric|Manectric-Mega, F|59\/100\n|-damage|p1a: Manectric|47\/100|[from] Stealth Rock\n|-damage|p1a: Manectric|30\/100|[from] Spikes\n|-ability|p1a: Manectric|Intimidate|boost\n|-unboost|p2a: FinoSe\u00f1ores|atk|1\n|turn|27\n|\n|t:|1699564460\n|move|p1a: Manectric|Thunderbolt|p2a: FinoSe\u00f1ores\n|-immune|p2a: FinoSe\u00f1ores\n|move|p2a: FinoSe\u00f1ores|Draining Kiss|p1a: Manectric\n|-damage|p1a: Manectric|0 fnt\n|-heal|p2a: FinoSe\u00f1ores|91\/100|[from] drain|[of] p1a: Manectric\n|faint|p1a: Manectric\n|\n|win|alcatel999\n|c|\u2606alcatel999|Gg\n","uploadtime":1699564470,"views":9,"p1id":"elohimyt08","p2id":"alcatel999","formatid":"gen9nationaldexubers","rating":0,"private":0,"password":""}