{"id":"gen9nationaldexubers-1978262741","p1":"Dark Zerzes","p2":"Bleadbodi","format":"[Gen 9] National Dex Ubers","log":"|j|\u2606Dark Zerzes\n|j|\u2606Bleadbodi\n|t:|1698518436\n|gametype|singles\n|player|p1|Dark Zerzes|grimsley|\n|player|p2|Bleadbodi|102|\n|teamsize|p1|6\n|teamsize|p2|6\n|gen|9\n|tier|[Gen 9] National Dex Ubers\n|rule|HP Percentage Mod: HP is shown in percentages\n|rule|Endless Battle Clause: Forcing endless battles is banned\n|rule|OHKO Clause: OHKO moves are banned\n|rule|Evasion Moves Clause: Evasion moves are banned\n|rule|Evasion Items Clause: Evasion items are banned\n|rule|Species Clause: Limit one of each Pok\u00e9mon\n|rule|Sleep Clause Mod: Limit one foe put to sleep\n|rule|Mega Rayquaza Clause: You cannot mega evolve Rayquaza\n|clearpoke\n|poke|p1|Galvantula, F|\n|poke|p1|Crobat, M|\n|poke|p1|Mimikyu, M|\n|poke|p1|Toxapex, F|\n|poke|p1|Houndoom, M|\n|poke|p1|Doublade, F|\n|poke|p2|Froslass, F|\n|poke|p2|Mimikyu, F|\n|poke|p2|Chandelure, M|\n|poke|p2|Gliscor, F|\n|poke|p2|Hatterene, F|\n|poke|p2|Galvantula, M|\n|teampreview\n|\n|t:|1698518454\n|start\n|switch|p1a: Lord of Doom|Houndoom, M|100\/100\n|switch|p2a: Hatterene|Hatterene, F|100\/100\n|-ability|p1a: Lord of Doom|Unnerve\n|turn|1\n|\n|t:|1698518464\n|move|p1a: Lord of Doom|Nasty Plot|p1a: Lord of Doom\n|-boost|p1a: Lord of Doom|spa|2\n|move|p2a: Hatterene|Play Rough|p1a: Lord of Doom\n|-damage|p1a: Lord of Doom|45\/100\n|\n|upkeep\n|turn|2\n|\n|t:|1698518472\n|move|p1a: Lord of Doom|Flamethrower|p2a: Hatterene\n|-damage|p2a: Hatterene|0 fnt\n|faint|p2a: Hatterene\n|-damage|p1a: Lord of Doom|35\/100|[from] item: Life Orb\n|\n|upkeep\n|\n|t:|1698518477\n|switch|p2a: Chandelure|Chandelure, M|100\/100\n|turn|3\n|\n|t:|1698518483\n|move|p1a: Lord of Doom|Dark Pulse|p2a: Chandelure\n|-supereffective|p2a: Chandelure\n|-damage|p2a: Chandelure|0 fnt\n|faint|p2a: Chandelure\n|-damage|p1a: Lord of Doom|25\/100|[from] item: Life Orb\n|\n|upkeep\n|\n|t:|1698518490\n|switch|p2a: Mimikyu|Mimikyu, F|100\/100\n|turn|4\n|\n|t:|1698518496\n|move|p2a: Mimikyu|Shadow Sneak|p1a: Lord of Doom\n|-resisted|p1a: Lord of Doom\n|-damage|p1a: Lord of Doom|9\/100\n|move|p1a: Lord of Doom|Dark Pulse|p2a: Mimikyu\n|-activate|p2a: Mimikyu|ability: Disguise\n|-damage|p2a: Mimikyu|100\/100\n|detailschange|p2a: Mimikyu|Mimikyu-Busted, F\n|-damage|p2a: Mimikyu|88\/100|[from] pokemon: Mimikyu-Busted\n|-damage|p1a: Lord of Doom|0 fnt|[from] item: Life Orb\n|faint|p1a: Lord of Doom\n|\n|upkeep\n|\n|t:|1698518509\n|switch|p1a: Elektra Spider|Galvantula, F|100\/100\n|turn|5\n|\n|t:|1698518514\n|move|p1a: Elektra Spider|Thunder|p2a: Mimikyu\n|-damage|p2a: Mimikyu|36\/100\n|move|p2a: Mimikyu|Phantom Force||[still]\n|-prepare|p2a: Mimikyu|Phantom Force\n|\n|upkeep\n|turn|6\n|\n|t:|1698518521\n|move|p1a: Elektra Spider|Sticky Web|p2a: Mimikyu\n|-sidestart|p2: Bleadbodi|move: Sticky Web\n|move|p2a: Mimikyu|Phantom Force|p1a: Elektra Spider|[from]lockedmove\n|-damage|p1a: Elektra Spider|35\/100\n|\n|upkeep\n|turn|7\n|\n|t:|1698518527\n|move|p2a: Mimikyu|Shadow Sneak|p1a: Elektra Spider\n|-damage|p1a: Elektra Spider|5\/100\n|move|p1a: Elektra Spider|Thunder|p2a: Mimikyu\n|-damage|p2a: Mimikyu|0 fnt\n|faint|p2a: Mimikyu\n|\n|upkeep\n|\n|t:|1698518536\n|switch|p2a: Gliscor|Gliscor, F|100\/100\n|turn|8\n|\n|t:|1698518562\n|move|p1a: Elektra Spider|Thunder Wave|p2a: Gliscor\n|-immune|p2a: Gliscor\n|move|p2a: Gliscor|Crabhammer|p1a: Elektra Spider\n|-damage|p1a: Elektra Spider|0 fnt\n|faint|p1a: Elektra Spider\n|\n|-status|p2a: Gliscor|tox|[from] item: Toxic Orb\n|upkeep\n|\n|t:|1698518565\n|switch|p1a: Night Slayer|Crobat, M, shiny|100\/100\n|turn|9\n|\n|t:|1698518575\n|move|p1a: Night Slayer|Curse|p1a: Night Slayer\n|-unboost|p1a: Night Slayer|spe|1\n|-boost|p1a: Night Slayer|atk|1\n|-boost|p1a: Night Slayer|def|1\n|-enditem|p1a: Night Slayer|White Herb\n|-clearnegativeboost|p1a: Night Slayer|[silent]\n|move|p2a: Gliscor|Sky Attack||[still]\n|-prepare|p2a: Gliscor|Sky Attack\n|\n|upkeep\n|turn|10\n|\n|t:|1698518583\n|move|p1a: Night Slayer|Acrobatics|p2a: Gliscor\n|-damage|p2a: Gliscor|46\/100 tox\n|move|p2a: Gliscor|Sky Attack|p1a: Night Slayer|[from]lockedmove\n|-damage|p1a: Night Slayer|59\/100\n|\n|-heal|p2a: Gliscor|58\/100 tox|[from] ability: Poison Heal\n|upkeep\n|turn|11\n|\n|t:|1698518593\n|move|p1a: Night Slayer|Acrobatics|p2a: Gliscor\n|-damage|p2a: Gliscor|11\/100 tox\n|move|p2a: Gliscor|Crabhammer|p1a: Night Slayer\n|-crit|p1a: Night Slayer\n|-damage|p1a: Night Slayer|16\/100\n|\n|-heal|p2a: Gliscor|23\/100 tox|[from] ability: Poison Heal\n|upkeep\n|turn|12\n|\n|t:|1698518606\n|move|p1a: Night Slayer|Acrobatics|p2a: Gliscor\n|-damage|p2a: Gliscor|0 fnt\n|faint|p2a: Gliscor\n|\n|upkeep\n|\n|t:|1698518611\n|switch|p2a: Froslass|Froslass, F|100\/100\n|-activate|p2a: Froslass|move: Sticky Web\n|-unboost|p2a: Froslass|spe|1\n|turn|13\n|\n|t:|1698518623\n|move|p1a: Night Slayer|Acrobatics|p2a: Froslass\n|-damage|p2a: Froslass|15\/100\n|move|p2a: Froslass|Icicle Spear|p1a: Night Slayer\n|-supereffective|p1a: Night Slayer\n|-damage|p1a: Night Slayer|0 fnt\n|faint|p1a: Night Slayer\n|-hitcount|p1: Night Slayer|1\n|\n|upkeep\n|\n|t:|1698518631\n|switch|p1a: Knuddelmonster|Mimikyu, M, shiny|100\/100\n|turn|14\n|\n|t:|1698518636\n|move|p1a: Knuddelmonster|Shadow Sneak|p2a: Froslass\n|-supereffective|p2a: Froslass\n|-damage|p2a: Froslass|0 fnt\n|faint|p2a: Froslass\n|\n|upkeep\n|\n|t:|1698518640\n|switch|p2a: Galvantula|Galvantula, M|100\/100\n|-activate|p2a: Galvantula|move: Sticky Web\n|-unboost|p2a: Galvantula|spe|1\n|turn|15\n|\n|t:|1698518648\n|-zpower|p1a: Knuddelmonster\n|move|p1a: Knuddelmonster|Let's Snuggle Forever|p2a: Galvantula|[zeffect]\n|-damage|p2a: Galvantula|0 fnt\n|faint|p2a: Galvantula\n|\n|win|Dark Zerzes\n|c|\u2606Bleadbodi|GG\n|c|\u2606Dark Zerzes|Gg\n","uploadtime":1698518816,"views":10,"p1id":"darkzerzes","p2id":"bleadbodi","formatid":"gen9nationaldexubers","rating":0,"private":0,"password":""}