{"id":"gen9nationaldexubers-2000606057","p1":"Froggerman225","p2":"Zurmak","format":"[Gen 9] National Dex Ubers","log":"|j|\u2606Froggerman225\n|j|\u2606Zurmak\n|t:|1701209831\n|gametype|singles\n|player|p1|Froggerman225|veteran|\n|player|p2|Zurmak|n|\n|teamsize|p1|6\n|teamsize|p2|6\n|gen|9\n|tier|[Gen 9] National Dex Ubers\n|rule|HP Percentage Mod: HP is shown in percentages\n|rule|Endless Battle Clause: Forcing endless battles is banned\n|rule|OHKO Clause: OHKO moves are banned\n|rule|Evasion Moves Clause: Evasion moves are banned\n|rule|Evasion Items Clause: Evasion items are banned\n|rule|Species Clause: Limit one of each Pok\u00e9mon\n|rule|Sleep Clause Mod: Limit one foe put to sleep\n|rule|Mega Rayquaza Clause: You cannot mega evolve Rayquaza\n|clearpoke\n|poke|p1|Yanmega, F|\n|poke|p1|Decidueye, M|\n|poke|p1|Conkeldurr, F|\n|poke|p1|Scizor, M|\n|poke|p1|Great Tusk|\n|poke|p1|Goodra-Hisui, F|\n|poke|p2|Heatran, F|\n|poke|p2|Rotom-Wash|\n|poke|p2|Excadrill, M|\n|poke|p2|Tyranitar, M|\n|poke|p2|Enamorus-Therian, F|\n|poke|p2|Houndstone, M|\n|teampreview\n|inactive|Battle timer is ON: inactive players will automatically lose when time's up. (requested by Froggerman225)\n|inactiveoff|Battle timer is now OFF.\n|c|\u2606Zurmak|gl hf!\n|\n|t:|1701209870\n|start\n|switch|p1a: Conkeldurr|Conkeldurr, F|100\/100\n|switch|p2a: Rotom|Rotom-Wash|100\/100\n|turn|1\n|\n|t:|1701209887\n|switch|p1a: Goodra|Goodra-Hisui, F|100\/100\n|move|p2a: Rotom|Volt Switch|p1a: Goodra\n|-resisted|p1a: Goodra\n|-damage|p1a: Goodra|95\/100\n|\n|t:|1701209905\n|switch|p2a: Excadrill|Excadrill, M|100\/100|[from] Volt Switch\n|\n|upkeep\n|turn|2\n|\n|t:|1701209920\n|switch|p1a: Decidueye|Decidueye, M|100\/100\n|move|p2a: Excadrill|Rapid Spin|p1a: Decidueye\n|-immune|p1a: Decidueye\n|\n|upkeep\n|turn|3\n|\n|t:|1701209930\n|switch|p2a: Heatran|Heatran, F|100\/100\n|move|p1a: Decidueye|Spirit Shackle|p2a: Heatran\n|-damage|p2a: Heatran|66\/100\n|-activate|p2a: Heatran|trapped\n|\n|upkeep\n|turn|4\n|\n|t:|1701209938\n|switch|p1a: Goodra|Goodra-Hisui, F|95\/100\n|move|p2a: Heatran|Overheat|p1a: Goodra\n|-damage|p1a: Goodra|69\/100\n|-unboost|p2a: Heatran|spa|2\n|-enditem|p2a: Heatran|Eject Pack\n|\n|t:|1701209945\n|switch|p2a: Tyranitar|Tyranitar, M|100\/100\n|-weather|Sandstorm|[from] ability: Sand Stream|[of] p2a: Tyranitar\n|\n|-weather|Sandstorm|[upkeep]\n|upkeep\n|turn|5\n|\n|t:|1701209993\n|switch|p1a: Yanmega|Yanmega, F|100\/100\n|move|p2a: Tyranitar|Earthquake|p1a: Yanmega\n|-immune|p1a: Yanmega\n|\n|-weather|Sandstorm|[upkeep]\n|-damage|p1a: Yanmega|94\/100|[from] Sandstorm\n|upkeep\n|turn|6\n|\n|t:|1701210014\n|switch|p2a: Heatran|Heatran, F|66\/100\n|-terastallize|p1a: Yanmega|Fighting\n|move|p1a: Yanmega|Tera Blast|p2a: Heatran|[anim] Tera Blast Fighting\n|-supereffective|p2a: Heatran\n|-damage|p2a: Heatran|0 fnt\n|faint|p2a: Heatran\n|-damage|p1a: Yanmega|85\/100|[from] item: Life Orb\n|\n|-weather|Sandstorm|[upkeep]\n|-damage|p1a: Yanmega|78\/100|[from] Sandstorm\n|-ability|p1a: Yanmega|Speed Boost|boost\n|-boost|p1a: Yanmega|spe|1\n|upkeep\n|\n|t:|1701210026\n|switch|p2a: Houndstone|Houndstone, M|100\/100\n|turn|7\n|\n|t:|1701210035\n|-terastallize|p2a: Houndstone|Ghost\n|move|p2a: Houndstone|Poltergeist|p1a: Yanmega\n|-activate|p1a: Yanmega|move: Poltergeist|Life Orb\n|-damage|p1a: Yanmega|0 fnt\n|faint|p1a: Yanmega\n|\n|-weather|Sandstorm|[upkeep]\n|upkeep\n|\n|t:|1701210047\n|switch|p1a: Scizor|Scizor, M|100\/100\n|turn|8\n|\n|t:|1701210073\n|move|p2a: Houndstone|Poltergeist|p1a: Scizor\n|-activate|p1a: Scizor|move: Poltergeist|Choice Band\n|-damage|p1a: Scizor|4\/100\n|move|p1a: Scizor|Knock Off|p2a: Houndstone\n|-supereffective|p2a: Houndstone\n|-damage|p2a: Houndstone|0 fnt\n|-enditem|p2a: Houndstone|Choice Band|[from] move: Knock Off|[of] p1a: Scizor\n|faint|p2a: Houndstone\n|\n|-weather|Sandstorm|[upkeep]\n|upkeep\n|c|\u2606Zurmak|dammmmmn\n|c|\u2606Froggerman225|Why tera ghost?\n|c|\u2606Zurmak|to smack things hard lol\n|\n|t:|1701210109\n|switch|p2a: Excadrill|Excadrill, M|100\/100\n|turn|9\n|\n|t:|1701210117\n|move|p2a: Excadrill|Earthquake|p1a: Scizor\n|-damage|p1a: Scizor|0 fnt\n|faint|p1a: Scizor\n|-damage|p2a: Excadrill|91\/100|[from] item: Life Orb\n|\n|-weather|Sandstorm|[upkeep]\n|upkeep\n|\n|t:|1701210120\n|switch|p1a: Decidueye|Decidueye, M|100\/100\n|turn|10\n|\n|t:|1701210127\n|switch|p2a: Enamorus|Enamorus-Therian, F|100\/100\n|move|p1a: Decidueye|Low Kick|p2a: Enamorus\n|-resisted|p2a: Enamorus\n|-damage|p2a: Enamorus|96\/100\n|\n|-weather|Sandstorm|[upkeep]\n|-damage|p1a: Decidueye|94\/100|[from] Sandstorm\n|upkeep\n|turn|11\n|\n|t:|1701210139\n|switch|p1a: Goodra|Goodra-Hisui, F|69\/100\n|move|p2a: Enamorus|Mystical Fire|p1a: Goodra\n|-damage|p1a: Goodra|58\/100\n|-unboost|p1a: Goodra|spa|1\n|\n|-weather|none\n|upkeep\n|turn|12\n|\n|t:|1701210145\n|move|p1a: Goodra|Chilling Water|p2a: Enamorus\n|-damage|p2a: Enamorus|87\/100\n|-unboost|p2a: Enamorus|atk|1\n|move|p2a: Enamorus|Superpower|p1a: Goodra\n|-supereffective|p1a: Goodra\n|-damage|p1a: Goodra|15\/100\n|-unboost|p2a: Enamorus|atk|1\n|-unboost|p2a: Enamorus|def|1\n|\n|upkeep\n|turn|13\n|\n|t:|1701210164\n|move|p1a: Goodra|Flash Cannon|p2a: Enamorus\n|-supereffective|p2a: Enamorus\n|-enditem|p2a: Enamorus|Babiri Berry|[eat]\n|-enditem|p2a: Enamorus|Babiri Berry|[weaken]\n|-damage|p2a: Enamorus|66\/100\n|move|p2a: Enamorus|Draining Kiss|p1a: Goodra\n|-damage|p1a: Goodra|5\/100\n|-heal|p2a: Enamorus|74\/100|[from] drain|[of] p1a: Goodra\n|\n|upkeep\n|turn|14\n|\n|t:|1701210173\n|move|p1a: Goodra|Ice Beam|p2a: Enamorus\n|-supereffective|p2a: Enamorus\n|-damage|p2a: Enamorus|38\/100\n|move|p2a: Enamorus|Draining Kiss|p1a: Goodra\n|-damage|p1a: Goodra|0 fnt\n|-heal|p2a: Enamorus|41\/100|[from] drain|[of] p1a: Goodra\n|faint|p1a: Goodra\n|\n|upkeep\n|\n|t:|1701210202\n|switch|p1a: Great Tusk|Great Tusk|100\/100\n|turn|15\n|\n|t:|1701210206\n|switch|p2a: Rotom|Rotom-Wash|100\/100\n|move|p1a: Great Tusk|Ice Spinner|p2a: Rotom\n|-resisted|p2a: Rotom\n|-damage|p2a: Rotom|91\/100\n|-damage|p1a: Great Tusk|84\/100|[from] item: Rocky Helmet|[of] p2a: Rotom\n|\n|-heal|p1a: Great Tusk|90\/100|[from] item: Leftovers\n|upkeep\n|turn|16\n|\n|t:|1701210216\n|-end|p1a: Great Tusk|Protosynthesis|[silent]\n|switch|p1a: Decidueye|Decidueye, M|94\/100\n|move|p2a: Rotom|Will-O-Wisp|p1a: Decidueye\n|-status|p1a: Decidueye|brn\n|\n|-damage|p1a: Decidueye|88\/100 brn|[from] brn\n|upkeep\n|turn|17\n|\n|t:|1701210224\n|move|p2a: Rotom|Volt Switch|p1a: Decidueye\n|-resisted|p1a: Decidueye\n|-damage|p1a: Decidueye|76\/100 brn\n|\n|t:|1701210231\n|switch|p2a: Enamorus|Enamorus-Therian, F|41\/100|[from] Volt Switch\n|move|p1a: Decidueye|Spirit Shackle|p2a: Enamorus\n|-damage|p2a: Enamorus|22\/100\n|-activate|p2a: Enamorus|trapped\n|\n|-damage|p1a: Decidueye|70\/100 brn|[from] brn\n|upkeep\n|turn|18\n|\n|t:|1701210250\n|move|p1a: Decidueye|Spirit Shackle|p2a: Enamorus\n|-crit|p2a: Enamorus\n|-damage|p2a: Enamorus|0 fnt\n|faint|p2a: Enamorus\n|\n|-damage|p1a: Decidueye|64\/100 brn|[from] brn\n|upkeep\n|\n|t:|1701210259\n|switch|p2a: Tyranitar|Tyranitar, M|100\/100\n|-weather|Sandstorm|[from] ability: Sand Stream|[of] p2a: Tyranitar\n|turn|19\n|\n|t:|1701210263\n|switch|p2a: Rotom|Rotom-Wash|91\/100\n|move|p1a: Decidueye|Low Kick|p2a: Rotom\n|-damage|p2a: Rotom|88\/100\n|\n|-weather|Sandstorm|[upkeep]\n|-damage|p2a: Rotom|81\/100|[from] Sandstorm\n|-damage|p1a: Decidueye|58\/100 brn|[from] Sandstorm\n|-damage|p1a: Decidueye|51\/100 brn|[from] brn\n|upkeep\n|turn|20\n|\n|t:|1701210273\n|move|p2a: Rotom|Volt Switch|p1a: Decidueye\n|-resisted|p1a: Decidueye\n|-damage|p1a: Decidueye|40\/100 brn\n|\n|t:|1701210276\n|switch|p2a: Excadrill|Excadrill, M|91\/100|[from] Volt Switch\n|move|p1a: Decidueye|Leaf Blade|p2a: Excadrill\n|-damage|p2a: Excadrill|63\/100\n|\n|-weather|Sandstorm|[upkeep]\n|-damage|p1a: Decidueye|34\/100 brn|[from] Sandstorm\n|-damage|p1a: Decidueye|28\/100 brn|[from] brn\n|upkeep\n|turn|21\n|\n|t:|1701210289\n|move|p2a: Excadrill|Earthquake|p1a: Decidueye\n|-resisted|p1a: Decidueye\n|-damage|p1a: Decidueye|0 fnt\n|faint|p1a: Decidueye\n|-damage|p2a: Excadrill|53\/100|[from] item: Life Orb\n|\n|-weather|Sandstorm|[upkeep]\n|upkeep\n|\n|t:|1701210295\n|switch|p1a: Conkeldurr|Conkeldurr, F|100\/100\n|turn|22\n|\n|t:|1701210303\n|switch|p2a: Rotom|Rotom-Wash|81\/100\n|move|p1a: Conkeldurr|Mach Punch|p2a: Rotom\n|-damage|p2a: Rotom|63\/100\n|-damage|p1a: Conkeldurr|84\/100|[from] item: Rocky Helmet|[of] p2a: Rotom\n|\n|-weather|Sandstorm|[upkeep]\n|-damage|p2a: Rotom|56\/100|[from] Sandstorm\n|-damage|p1a: Conkeldurr|78\/100|[from] Sandstorm\n|-status|p1a: Conkeldurr|brn|[from] item: Flame Orb\n|upkeep\n|turn|23\n|\n|t:|1701210313\n|move|p2a: Rotom|Hydro Pump|p1a: Conkeldurr\n|-damage|p1a: Conkeldurr|36\/100 brn\n|move|p1a: Conkeldurr|Knock Off|p2a: Rotom\n|-damage|p2a: Rotom|13\/100\n|-damage|p1a: Conkeldurr|19\/100 brn|[from] item: Rocky Helmet|[of] p2a: Rotom\n|-enditem|p2a: Rotom|Rocky Helmet|[from] move: Knock Off|[of] p1a: Conkeldurr\n|\n|-weather|Sandstorm|[upkeep]\n|-damage|p2a: Rotom|7\/100|[from] Sandstorm\n|-damage|p1a: Conkeldurr|13\/100 brn|[from] Sandstorm\n|-damage|p1a: Conkeldurr|7\/100 brn|[from] brn\n|upkeep\n|turn|24\n|\n|t:|1701210335\n|move|p1a: Conkeldurr|Mach Punch|p2a: Rotom\n|-damage|p2a: Rotom|0 fnt\n|faint|p2a: Rotom\n|\n|-weather|Sandstorm|[upkeep]\n|-damage|p1a: Conkeldurr|1\/100 brn|[from] Sandstorm\n|-damage|p1a: Conkeldurr|0 fnt|[from] brn\n|faint|p1a: Conkeldurr\n|upkeep\n|\n|t:|1701210350\n|switch|p2a: Excadrill|Excadrill, M|53\/100\n|switch|p1a: Great Tusk|Great Tusk|90\/100\n|turn|25\n|\n|t:|1701210357\n|move|p2a: Excadrill|Earthquake|p1a: Great Tusk\n|-damage|p1a: Great Tusk|31\/100\n|-damage|p2a: Excadrill|43\/100|[from] item: Life Orb\n|move|p1a: Great Tusk|Earthquake|p2a: Excadrill\n|-supereffective|p2a: Excadrill\n|-damage|p2a: Excadrill|0 fnt\n|faint|p2a: Excadrill\n|\n|-weather|Sandstorm|[upkeep]\n|-heal|p1a: Great Tusk|37\/100|[from] item: Leftovers\n|upkeep\n|\n|t:|1701210366\n|switch|p2a: Tyranitar|Tyranitar, M|100\/100\n|turn|26\n|\n|t:|1701210370\n|move|p1a: Great Tusk|Earthquake|p2a: Tyranitar\n|-supereffective|p2a: Tyranitar\n|-damage|p2a: Tyranitar|25\/100\n|move|p2a: Tyranitar|Ice Beam|p1a: Great Tusk\n|-supereffective|p1a: Great Tusk\n|-crit|p1a: Great Tusk\n|-damage|p1a: Great Tusk|0 fnt\n|faint|p1a: Great Tusk\n|-end|p1a: Great Tusk|Protosynthesis|[silent]\n|\n|win|Zurmak\n|c|\u2606Zurmak|oh damn\n|c|\u2606Froggerman225|Gg\n|l|\u2606Froggerman225\n|c|\u2606Zurmak|thought i lost that ggs\n","uploadtime":1701210387,"views":6,"p1id":"froggerman225","p2id":"zurmak","formatid":"gen9nationaldexubers","rating":0,"private":0,"password":""}