{"id":"gen9nationaldexubers-1984583517","p1":"AmarokShadowwolf","p2":"16sunas","format":"[Gen 9] National Dex Ubers","log":"|j|\u2606AmarokShadowwolf\n|j|\u260616sunas\n|t:|1699281989\n|gametype|singles\n|player|p1|AmarokShadowwolf|102|1207\n|player|p2|16sunas|veteran|1299\n|teamsize|p1|6\n|teamsize|p2|6\n|gen|9\n|tier|[Gen 9] National Dex Ubers\n|rated|\n|rule|HP Percentage Mod: HP is shown in percentages\n|rule|Endless Battle Clause: Forcing endless battles is banned\n|rule|OHKO Clause: OHKO moves are banned\n|rule|Evasion Moves Clause: Evasion moves are banned\n|rule|Evasion Items Clause: Evasion items are banned\n|rule|Species Clause: Limit one of each Pok\u00e9mon\n|rule|Sleep Clause Mod: Limit one foe put to sleep\n|rule|Mega Rayquaza Clause: You cannot mega evolve Rayquaza\n|clearpoke\n|poke|p1|Glimmora, M|\n|poke|p1|Gliscor, F|\n|poke|p1|Garganacl, M|\n|poke|p1|Metagross|\n|poke|p1|Volcarona, M|\n|poke|p1|Blaziken, M|\n|poke|p2|Deoxys-Speed|\n|poke|p2|Xerneas-*|\n|poke|p2|Kyurem-Black|\n|poke|p2|Arceus|\n|poke|p2|Groudon|\n|poke|p2|Necrozma-Dusk-Mane|\n|teampreview\n|inactive|Battle timer is ON: inactive players will automatically lose when time's up. (requested by 16sunas)\n|inactive|AmarokShadowwolf also wants the timer to be on.\n|c|\u2606AmarokShadowwolf|gl hf\n|c|\u260616sunas|you too!\n|\n|t:|1699281997\n|start\n|switch|p1a: Blaziken|Blaziken, M|100\/100\n|switch|p2a: Deoxys|Deoxys-Speed|100\/100\n|-ability|p2a: Deoxys|Pressure\n|turn|1\n|\n|t:|1699282008\n|move|p1a: Blaziken|Protect|p1a: Blaziken\n|-singleturn|p1a: Blaziken|Protect\n|move|p2a: Deoxys|Stealth Rock|p1a: Blaziken\n|-sidestart|p1: AmarokShadowwolf|move: Stealth Rock\n|\n|-ability|p1a: Blaziken|Speed Boost|boost\n|-boost|p1a: Blaziken|spe|1\n|upkeep\n|turn|2\n|\n|t:|1699282014\n|move|p2a: Deoxys|Taunt|p1a: Blaziken\n|-start|p1a: Blaziken|move: Taunt\n|move|p1a: Blaziken|Blaze Kick|p2a: Deoxys\n|-damage|p2a: Deoxys|44\/100\n|\n|-ability|p1a: Blaziken|Speed Boost|boost\n|-boost|p1a: Blaziken|spe|1\n|upkeep\n|turn|3\n|\n|t:|1699282023\n|move|p1a: Blaziken|Blaze Kick|p2a: Deoxys\n|-damage|p2a: Deoxys|0 fnt\n|faint|p2a: Deoxys\n|\n|-ability|p1a: Blaziken|Speed Boost|boost\n|-boost|p1a: Blaziken|spe|1\n|upkeep\n|\n|t:|1699282029\n|switch|p2a: Groudon|Groudon|100\/100\n|detailschange|p2a: Groudon|Groudon-Primal\n|-primal|p2a: Groudon|Red Orb\n|-weather|DesolateLand|[from] ability: Desolate Land|[of] p2a: Groudon\n|turn|4\n|\n|t:|1699282036\n|detailschange|p1a: Blaziken|Blaziken-Mega, M\n|-mega|p1a: Blaziken|Blaziken|Blazikenite\n|move|p1a: Blaziken|Close Combat|p2a: Groudon\n|-damage|p2a: Groudon|47\/100\n|-unboost|p1a: Blaziken|def|1\n|-unboost|p1a: Blaziken|spd|1\n|move|p2a: Groudon|Rock Polish|p2a: Groudon\n|-boost|p2a: Groudon|spe|2\n|\n|-weather|DesolateLand|[upkeep]\n|-end|p1a: Blaziken|move: Taunt\n|-ability|p1a: Blaziken|Speed Boost|boost\n|-boost|p1a: Blaziken|spe|1\n|upkeep\n|turn|5\n|\n|t:|1699282047\n|move|p1a: Blaziken|Close Combat|p2a: Groudon\n|-damage|p2a: Groudon|0 fnt\n|-unboost|p1a: Blaziken|def|1\n|-unboost|p1a: Blaziken|spd|1\n|faint|p2a: Groudon\n|-weather|none\n|\n|-ability|p1a: Blaziken|Speed Boost|boost\n|-boost|p1a: Blaziken|spe|1\n|upkeep\n|\n|t:|1699282054\n|switch|p2a: Arceus|Arceus|100\/100\n|turn|6\n|\n|t:|1699282058\n|switch|p1a: Glimmora|Glimmora, M|100\/100\n|-damage|p1a: Glimmora|88\/100|[from] Stealth Rock\n|move|p2a: Arceus|Extreme Speed|p1a: Glimmora\n|-resisted|p1a: Glimmora\n|-damage|p1a: Glimmora|61\/100\n|-activate|p1a: Glimmora|ability: Toxic Debris\n|-sidestart|p2: 16sunas|move: Toxic Spikes\n|\n|upkeep\n|turn|7\n|\n|t:|1699282068\n|move|p1a: Glimmora|Mortal Spin|p2a: Arceus\n|-damage|p2a: Arceus|96\/100\n|-status|p2a: Arceus|psn\n|-sideend|p1: AmarokShadowwolf|Stealth Rock|[from] move: Mortal Spin|[of] p1a: Glimmora\n|move|p2a: Arceus|Taunt|p1a: Glimmora\n|-start|p1a: Glimmora|move: Taunt\n|\n|-damage|p2a: Arceus|83\/100 psn|[from] psn\n|upkeep\n|turn|8\n|\n|t:|1699282080\n|switch|p1a: Gliscor|Gliscor, F|100\/100\n|switch|p2a: Necrozma|Necrozma-Dusk-Mane|100\/100\n|\n|-status|p1a: Gliscor|tox|[from] item: Toxic Orb\n|upkeep\n|turn|9\n|\n|t:|1699282087\n|move|p1a: Gliscor|Swords Dance|p1a: Gliscor\n|-boost|p1a: Gliscor|atk|2\n|move|p2a: Necrozma|Dragon Dance|p2a: Necrozma\n|-boost|p2a: Necrozma|atk|1\n|-boost|p2a: Necrozma|spe|1\n|\n|upkeep\n|turn|10\n|\n|t:|1699282094\n|detailschange|p2a: Necrozma|Necrozma-Ultra\n|-burst|p2a: Necrozma|Necrozma|Ultranecrozium Z\n|move|p2a: Necrozma|Photon Geyser|p1a: Gliscor\n|-damage|p1a: Gliscor|7\/100 tox\n|move|p1a: Gliscor|Swords Dance|p1a: Gliscor\n|-boost|p1a: Gliscor|atk|2\n|\n|-heal|p1a: Gliscor|20\/100 tox|[from] ability: Poison Heal\n|upkeep\n|turn|11\n|\n|t:|1699282105\n|move|p1a: Gliscor|Protect|p1a: Gliscor\n|-singleturn|p1a: Gliscor|Protect\n|move|p2a: Necrozma|Photon Geyser|p1a: Gliscor\n|-activate|p1a: Gliscor|move: Protect\n|\n|-heal|p1a: Gliscor|32\/100 tox|[from] ability: Poison Heal\n|upkeep\n|turn|12\n|\n|t:|1699282114\n|move|p2a: Necrozma|Photon Geyser|p1a: Gliscor\n|-damage|p1a: Gliscor|0 fnt\n|faint|p1a: Gliscor\n|\n|upkeep\n|\n|t:|1699282117\n|switch|p1a: Glimmora|Glimmora, M|61\/100\n|turn|13\n|\n|t:|1699282122\n|move|p2a: Necrozma|Photon Geyser|p1a: Glimmora\n|-supereffective|p1a: Glimmora\n|-damage|p1a: Glimmora|0 fnt\n|-activate|p1a: Glimmora|ability: Toxic Debris\n|-sidestart|p2: 16sunas|move: Toxic Spikes\n|faint|p1a: Glimmora\n|\n|upkeep\n|\n|t:|1699282135\n|switch|p1a: Garganacl|Garganacl, M|100\/100\n|turn|14\n|\n|t:|1699282140\n|-zpower|p2a: Necrozma\n|move|p2a: Necrozma|Light That Burns the Sky|p1a: Garganacl|[zeffect]\n|-damage|p1a: Garganacl|0 fnt\n|faint|p1a: Garganacl\n|\n|upkeep\n|\n|t:|1699282144\n|switch|p1a: Volcarona|Volcarona, M|100\/100\n|turn|15\n|\n|t:|1699282149\n|move|p2a: Necrozma|Stone Edge|p1a: Volcarona\n|-supereffective|p1a: Volcarona\n|-damage|p1a: Volcarona|0 fnt\n|faint|p1a: Volcarona\n|\n|upkeep\n|\n|t:|1699282152\n|switch|p1a: Metagross|Metagross|100\/100\n|turn|16\n|\n|t:|1699282155\n|move|p2a: Necrozma|Earthquake|p1a: Metagross\n|-supereffective|p1a: Metagross\n|-damage|p1a: Metagross|0 fnt\n|faint|p1a: Metagross\n|\n|upkeep\n|\n|t:|1699282158\n|switch|p1a: Blaziken|Blaziken-Mega, M|100\/100\n|turn|17\n|c|\u260616sunas|gg\n|\n|t:|1699282161\n|move|p2a: Necrozma|Photon Geyser|p1a: Blaziken\n|-supereffective|p1a: Blaziken\n|-damage|p1a: Blaziken|0 fnt\n|faint|p1a: Blaziken\n|\n|win|16sunas\n|raw|AmarokShadowwolf's rating: 1207 &rarr; <strong>1188<\/strong><br \/>(-19 for losing)\n|raw|16sunas's rating: 1299 &rarr; <strong>1318<\/strong><br \/>(+19 for winning)\n|c|\u2606AmarokShadowwolf|gg\n|l|\u2606AmarokShadowwolf\n","uploadtime":1699282169,"views":15,"p1id":"amarokshadowwolf","p2id":"16sunas","formatid":"gen9nationaldexubers","rating":1188,"private":0,"password":""}