{"id":"gen9nationaldexubers-1997425867","p1":"Coo1313","p2":"harmony6","format":"[Gen 9] National Dex Ubers","log":"|j|\u2606Coo1313\n|j|\u2606harmony6\n|t:|1700803183\n|gametype|singles\n|player|p1|Coo1313|pryce-gen2|\n|player|p2|harmony6|lass-gen4dp|\n|teamsize|p1|6\n|teamsize|p2|6\n|gen|9\n|tier|[Gen 9] National Dex Ubers\n|rule|HP Percentage Mod: HP is shown in percentages\n|rule|Endless Battle Clause: Forcing endless battles is banned\n|rule|OHKO Clause: OHKO moves are banned\n|rule|Evasion Moves Clause: Evasion moves are banned\n|rule|Evasion Items Clause: Evasion items are banned\n|rule|Species Clause: Limit one of each Pok\u00e9mon\n|rule|Sleep Clause Mod: Limit one foe put to sleep\n|rule|Mega Rayquaza Clause: You cannot mega evolve Rayquaza\n|clearpoke\n|poke|p1|Cloyster, F|\n|poke|p1|Ninetales-Alola, M|\n|poke|p1|Kyurem|\n|poke|p1|Weavile, M|\n|poke|p1|Baxcalibur, F|\n|poke|p1|Lapras, M|\n|poke|p2|Lopunny, F|\n|poke|p2|Skeledirge, F|\n|poke|p2|Meowscarada, F|\n|poke|p2|Muk-Alola, M|\n|poke|p2|Hatterene, F|\n|poke|p2|Ferrothorn, M|\n|teampreview\n|c|\u2606Coo1313|Gl hd\n|c|\u2606harmony6|U2\n|\n|t:|1700803271\n|start\n|switch|p1a: Ninetales|Ninetales-Alola, M|100\/100\n|switch|p2a: Lopunny|Lopunny, F|100\/100\n|-weather|Snow|[from] ability: Snow Warning|[of] p1a: Ninetales\n|turn|1\n|\n|t:|1700803278\n|switch|p1a: Lapras|Lapras, M|100\/100\n|detailschange|p2a: Lopunny|Lopunny-Mega, F\n|-mega|p2a: Lopunny|Lopunny|Lopunnite\n|move|p2a: Lopunny|Fake Out|p1a: Lapras\n|-damage|p1a: Lapras|88\/100\n|\n|-weather|Snow|[upkeep]\n|upkeep\n|turn|2\n|\n|t:|1700803287\n|move|p2a: Lopunny|U-turn|p1a: Lapras\n|-damage|p1a: Lapras|74\/100\n|\n|t:|1700803294\n|switch|p2a: Muk|Muk-Alola, M|100\/100|[from] U-turn\n|move|p1a: Lapras|Ice Beam|p2a: Muk\n|-damage|p2a: Muk|78\/100\n|\n|-weather|Snow|[upkeep]\n|upkeep\n|turn|3\n|\n|t:|1700803300\n|switch|p1a: Baxcalibur|Baxcalibur, F|100\/100\n|move|p2a: Muk|Poison Jab|p1a: Baxcalibur\n|-damage|p1a: Baxcalibur|82\/100\n|-status|p1a: Baxcalibur|psn|[from] ability: Poison Touch|[of] p2a: Muk\n|\n|-weather|Snow|[upkeep]\n|-damage|p1a: Baxcalibur|69\/100 psn|[from] psn\n|upkeep\n|turn|4\n|\n|t:|1700803312\n|switch|p2a: Ferrothorn|Ferrothorn, M|100\/100\n|move|p1a: Baxcalibur|Icicle Spear|p2a: Ferrothorn\n|-damage|p2a: Ferrothorn|89\/100\n|-damage|p2a: Ferrothorn|77\/100\n|-damage|p2a: Ferrothorn|66\/100\n|-damage|p2a: Ferrothorn|55\/100\n|-damage|p2a: Ferrothorn|43\/100\n|-hitcount|p2a: Ferrothorn|5\n|\n|-weather|Snow|[upkeep]\n|-heal|p2a: Ferrothorn|49\/100|[from] item: Leftovers\n|-damage|p1a: Baxcalibur|57\/100 psn|[from] psn\n|upkeep\n|turn|5\n|\n|t:|1700803325\n|switch|p2a: Skeledirge|Skeledirge, F|100\/100\n|move|p1a: Baxcalibur|Icicle Spear|p2a: Skeledirge\n|-resisted|p2a: Skeledirge\n|-damage|p2a: Skeledirge|96\/100\n|-resisted|p2a: Skeledirge\n|-damage|p2a: Skeledirge|91\/100\n|-resisted|p2a: Skeledirge\n|-damage|p2a: Skeledirge|86\/100\n|-resisted|p2a: Skeledirge\n|-damage|p2a: Skeledirge|81\/100\n|-hitcount|p2a: Skeledirge|4\n|\n|-weather|none\n|-damage|p1a: Baxcalibur|44\/100 psn|[from] psn\n|upkeep\n|turn|6\n|\n|t:|1700803330\n|move|p1a: Baxcalibur|Earthquake|p2a: Skeledirge\n|-supereffective|p2a: Skeledirge\n|-damage|p2a: Skeledirge|29\/100\n|move|p2a: Skeledirge|Torch Song|p1a: Baxcalibur\n|-damage|p1a: Baxcalibur|14\/100 psn\n|-boost|p2a: Skeledirge|spa|1\n|-ability|p1a: Baxcalibur|Thermal Exchange|boost\n|-boost|p1a: Baxcalibur|atk|1\n|\n|-damage|p1a: Baxcalibur|2\/100 psn|[from] psn\n|upkeep\n|turn|7\n|\n|t:|1700803341\n|switch|p2a: Hatterene|Hatterene, F|100\/100\n|move|p1a: Baxcalibur|Earthquake|p2a: Hatterene\n|-damage|p2a: Hatterene|50\/100\n|\n|-heal|p2a: Hatterene|56\/100|[from] item: Leftovers\n|-damage|p1a: Baxcalibur|0 fnt|[from] psn\n|faint|p1a: Baxcalibur\n|upkeep\n|\n|t:|1700803346\n|switch|p1a: Ninetales|Ninetales-Alola, M|100\/100\n|-weather|Snow|[from] ability: Snow Warning|[of] p1a: Ninetales\n|turn|8\n|\n|t:|1700803350\n|switch|p2a: Skeledirge|Skeledirge, F|29\/100\n|move|p1a: Ninetales|Aurora Veil|p1a: Ninetales\n|-sidestart|p1: Coo1313|move: Aurora Veil\n|\n|-weather|Snow|[upkeep]\n|upkeep\n|turn|9\n|\n|t:|1700803354\n|switch|p1a: Weavile|Weavile, M|100\/100\n|-ability|p1a: Weavile|Pressure\n|move|p2a: Skeledirge|Slack Off|p2a: Skeledirge\n|-heal|p2a: Skeledirge|80\/100\n|\n|-weather|Snow|[upkeep]\n|upkeep\n|turn|10\n|\n|t:|1700803368\n|-activate|p2a: Skeledirge|move: Pursuit\n|move|p1a: Weavile|Pursuit|p2a: Skeledirge|[from]Pursuit\n|-supereffective|p2a: Skeledirge\n|-damage|p2a: Skeledirge|12\/100\n|switch|p2a: Lopunny|Lopunny-Mega, F|100\/100\n|\n|-weather|Snow|[upkeep]\n|upkeep\n|turn|11\n|\n|t:|1700803380\n|switch|p1a: Lapras|Lapras, M|74\/100\n|move|p2a: Lopunny|Close Combat|p1a: Lapras\n|-supereffective|p1a: Lapras\n|-damage|p1a: Lapras|37\/100\n|-unboost|p2a: Lopunny|def|1\n|-unboost|p2a: Lopunny|spd|1\n|\n|-weather|Snow|[upkeep]\n|upkeep\n|turn|12\n|\n|t:|1700803391\n|move|p2a: Lopunny|Close Combat|p1a: Lapras\n|-supereffective|p1a: Lapras\n|-damage|p1a: Lapras|0 fnt\n|-unboost|p2a: Lopunny|def|1\n|-unboost|p2a: Lopunny|spd|1\n|faint|p1a: Lapras\n|\n|-weather|none\n|upkeep\n|\n|t:|1700803395\n|switch|p1a: Cloyster|Cloyster, F|100\/100\n|turn|13\n|\n|t:|1700803400\n|move|p2a: Lopunny|U-turn|p1a: Cloyster\n|-damage|p1a: Cloyster|90\/100\n|\n|t:|1700803407\n|switch|p2a: Muk|Muk-Alola, M|78\/100|[from] U-turn\n|move|p1a: Cloyster|Shell Smash|p1a: Cloyster\n|-unboost|p1a: Cloyster|def|1\n|-unboost|p1a: Cloyster|spd|1\n|-boost|p1a: Cloyster|atk|2\n|-boost|p1a: Cloyster|spa|2\n|-boost|p1a: Cloyster|spe|2\n|\n|upkeep\n|turn|14\n|\n|t:|1700803410\n|-zpower|p1a: Cloyster\n|move|p1a: Cloyster|Hydro Vortex|p2a: Muk|[zeffect]\n|-damage|p2a: Muk|27\/100\n|move|p2a: Muk|Poison Jab|p1a: Cloyster\n|-damage|p1a: Cloyster|71\/100\n|-status|p1a: Cloyster|psn|[from] ability: Poison Touch|[of] p2a: Muk\n|\n|-damage|p1a: Cloyster|59\/100 psn|[from] psn\n|upkeep\n|turn|15\n|\n|t:|1700803423\n|move|p1a: Cloyster|Ice Beam|p2a: Muk\n|-damage|p2a: Muk|0 fnt\n|faint|p2a: Muk\n|\n|-damage|p1a: Cloyster|46\/100 psn|[from] psn\n|-sideend|p1: Coo1313|move: Aurora Veil\n|upkeep\n|\n|t:|1700803426\n|switch|p2a: Lopunny|Lopunny-Mega, F|100\/100\n|turn|16\n|\n|t:|1700803428\n|move|p2a: Lopunny|Fake Out|p1a: Cloyster\n|-damage|p1a: Cloyster|19\/100 psn\n|cant|p1a: Cloyster|flinch\n|\n|-damage|p1a: Cloyster|6\/100 psn|[from] psn\n|upkeep\n|turn|17\n|\n|t:|1700803436\n|switch|p2a: Skeledirge|Skeledirge, F|12\/100\n|move|p1a: Cloyster|Surf|p2a: Skeledirge\n|-supereffective|p2a: Skeledirge\n|-damage|p2a: Skeledirge|0 fnt\n|faint|p2a: Skeledirge\n|\n|-damage|p1a: Cloyster|0 fnt|[from] psn\n|faint|p1a: Cloyster\n|upkeep\n|\n|t:|1700803445\n|switch|p1a: Ninetales|Ninetales-Alola, M|100\/100\n|switch|p2a: Meowscarada|Meowscarada, F|100\/100\n|-weather|Snow|[from] ability: Snow Warning|[of] p1a: Ninetales\n|turn|18\n|\n|t:|1700803448\n|move|p2a: Meowscarada|Flower Trick|p1a: Ninetales\n|-start|p2a: Meowscarada|typechange|Grass|[from] ability: Protean\n|-crit|p1a: Ninetales\n|-damage|p1a: Ninetales|33\/100\n|move|p1a: Ninetales|Aurora Veil|p1a: Ninetales\n|-sidestart|p1: Coo1313|move: Aurora Veil\n|\n|-weather|Snow|[upkeep]\n|upkeep\n|turn|19\n|\n|t:|1700803453\n|move|p2a: Meowscarada|Flower Trick|p1a: Ninetales\n|-crit|p1a: Ninetales\n|-damage|p1a: Ninetales|0 fnt\n|faint|p1a: Ninetales\n|\n|-weather|Snow|[upkeep]\n|upkeep\n|\n|t:|1700803455\n|switch|p1a: Kyurem|Kyurem|100\/100\n|-ability|p1a: Kyurem|Pressure\n|turn|20\n|\n|t:|1700803469\n|move|p2a: Meowscarada|Flower Trick|p1a: Kyurem\n|-resisted|p1a: Kyurem\n|-crit|p1a: Kyurem\n|-damage|p1a: Kyurem|79\/100\n|move|p1a: Kyurem|Substitute|p1a: Kyurem\n|-start|p1a: Kyurem|Substitute\n|-damage|p1a: Kyurem|54\/100\n|\n|-weather|Snow|[upkeep]\n|upkeep\n|turn|21\n|\n|t:|1700803472\n|move|p2a: Meowscarada|Flower Trick|p1a: Kyurem\n|-resisted|p1a: Kyurem\n|-crit|p1a: Kyurem\n|-activate|p1a: Kyurem|move: Substitute|[damage]\n|move|p1a: Kyurem|Freeze-Dry|p2a: Meowscarada\n|-supereffective|p2a: Meowscarada\n|-damage|p2a: Meowscarada|0 fnt\n|faint|p2a: Meowscarada\n|\n|-weather|Snow|[upkeep]\n|upkeep\n|\n|t:|1700803476\n|switch|p2a: Lopunny|Lopunny-Mega, F|100\/100\n|turn|22\n|\n|t:|1700803479\n|move|p2a: Lopunny|U-turn|p1a: Kyurem\n|-end|p1a: Kyurem|Substitute\n|\n|t:|1700803481\n|switch|p2a: Ferrothorn|Ferrothorn, M|49\/100|[from] U-turn\n|move|p1a: Kyurem|Substitute|p1a: Kyurem\n|-start|p1a: Kyurem|Substitute\n|-damage|p1a: Kyurem|29\/100\n|\n|-weather|none\n|-heal|p2a: Ferrothorn|55\/100|[from] item: Leftovers\n|upkeep\n|turn|23\n|\n|t:|1700803484\n|move|p1a: Kyurem|Freeze-Dry|p2a: Ferrothorn\n|-crit|p2a: Ferrothorn\n|-damage|p2a: Ferrothorn|19\/100\n|move|p2a: Ferrothorn|Iron Head|p1a: Kyurem\n|-supereffective|p1a: Kyurem\n|-activate|p1a: Kyurem|move: Substitute|[damage]\n|\n|-heal|p2a: Ferrothorn|25\/100|[from] item: Leftovers\n|upkeep\n|turn|24\n|\n|t:|1700803489\n|move|p1a: Kyurem|Freeze-Dry|p2a: Ferrothorn\n|-damage|p2a: Ferrothorn|2\/100\n|move|p2a: Ferrothorn|Iron Head|p1a: Kyurem\n|-supereffective|p1a: Kyurem\n|-end|p1a: Kyurem|Substitute\n|\n|-heal|p2a: Ferrothorn|8\/100|[from] item: Leftovers\n|upkeep\n|turn|25\n|\n|t:|1700803507\n|move|p1a: Kyurem|Substitute|p1a: Kyurem\n|-start|p1a: Kyurem|Substitute\n|-damage|p1a: Kyurem|4\/100\n|move|p2a: Ferrothorn|Iron Head|p1a: Kyurem\n|-supereffective|p1a: Kyurem\n|-crit|p1a: Kyurem\n|-end|p1a: Kyurem|Substitute\n|\n|-heal|p2a: Ferrothorn|14\/100|[from] item: Leftovers\n|-sideend|p1: Coo1313|move: Aurora Veil\n|upkeep\n|turn|26\n|\n|t:|1700803516\n|move|p1a: Kyurem|Roost|p1a: Kyurem\n|-heal|p1a: Kyurem|54\/100\n|-singleturn|p1a: Kyurem|move: Roost\n|move|p2a: Ferrothorn|Iron Head|p1a: Kyurem\n|-supereffective|p1a: Kyurem\n|-damage|p1a: Kyurem|8\/100\n|\n|-heal|p2a: Ferrothorn|20\/100|[from] item: Leftovers\n|upkeep\n|turn|27\n|\n|t:|1700803518\n|move|p1a: Kyurem|Freeze-Dry|p2a: Ferrothorn\n|-damage|p2a: Ferrothorn|0 fnt\n|faint|p2a: Ferrothorn\n|\n|upkeep\n|\n|t:|1700803520\n|switch|p2a: Lopunny|Lopunny-Mega, F|100\/100\n|turn|28\n|\n|t:|1700803524\n|move|p2a: Lopunny|U-turn|p1a: Kyurem\n|-damage|p1a: Kyurem|0 fnt\n|faint|p1a: Kyurem\n|\n|t:|1700803526\n|switch|p2a: Hatterene|Hatterene, F|56\/100|[from] U-turn\n|\n|-heal|p2a: Hatterene|62\/100|[from] item: Leftovers\n|upkeep\n|\n|t:|1700803533\n|switch|p1a: Weavile|Weavile, M|100\/100\n|-ability|p1a: Weavile|Pressure\n|turn|29\n|\n|t:|1700803536\n|move|p1a: Weavile|Triple Axel|p2a: Hatterene\n|-damage|p2a: Hatterene|48\/100\n|-damage|p2a: Hatterene|25\/100\n|-damage|p2a: Hatterene|0 fnt\n|faint|p2a: Hatterene\n|-hitcount|p2: Hatterene|3\n|\n|upkeep\n|\n|t:|1700803538\n|switch|p2a: Lopunny|Lopunny-Mega, F|100\/100\n|turn|30\n|\n|t:|1700803540\n|move|p2a: Lopunny|Fake Out|p1a: Weavile\n|-damage|p1a: Weavile|64\/100\n|cant|p1a: Weavile|flinch\n|\n|upkeep\n|turn|31\n|\n|t:|1700803543\n|move|p2a: Lopunny|Close Combat|p1a: Weavile\n|-supereffective|p1a: Weavile\n|-damage|p1a: Weavile|0 fnt\n|-unboost|p2a: Lopunny|def|1\n|-unboost|p2a: Lopunny|spd|1\n|faint|p1a: Weavile\n|\n|win|harmony6\n|c|\u2606Coo1313|Gg\n|c|\u2606harmony6|Ggs\n","uploadtime":1700803548,"views":5,"p1id":"coo1313","p2id":"harmony6","formatid":"gen9nationaldexubers","rating":0,"private":0,"password":""}