{"id":"gen9nationaldexubers-1997099770","p1":"Snapteryx","p2":"IncandescentCandle","format":"[Gen 9] National Dex Ubers","log":"|j|\u2606Snapteryx\n|j|\u2606IncandescentCandle\n|t:|1700764470\n|gametype|singles\n|player|p1|Snapteryx|allister|\n|player|p2|IncandescentCandle|dawn|\n|teamsize|p1|6\n|teamsize|p2|6\n|gen|9\n|tier|[Gen 9] National Dex Ubers\n|rule|HP Percentage Mod: HP is shown in percentages\n|rule|Endless Battle Clause: Forcing endless battles is banned\n|rule|OHKO Clause: OHKO moves are banned\n|rule|Evasion Moves Clause: Evasion moves are banned\n|rule|Evasion Items Clause: Evasion items are banned\n|rule|Species Clause: Limit one of each Pok\u00e9mon\n|rule|Sleep Clause Mod: Limit one foe put to sleep\n|rule|Mega Rayquaza Clause: You cannot mega evolve Rayquaza\n|clearpoke\n|poke|p1|Gliscor, F|\n|poke|p1|Corviknight, M|\n|poke|p1|Mantine, F|\n|poke|p1|Rayquaza|\n|poke|p1|Shaymin-Sky|\n|poke|p1|Charizard, F|\n|poke|p2|Tapu Bulu|\n|poke|p2|Blissey, F|\n|poke|p2|Corviknight, F|\n|poke|p2|Weavile, M|\n|poke|p2|Latias, F|\n|poke|p2|Skeledirge, M|\n|teampreview\n|c|\u2606IncandescentCandle|ok NOW i get to be fr fr cooked\n|c|\u2606IncandescentCandle|ice weavile\n|j| Astro Rifk\n|\n|t:|1700764564\n|start\n|switch|p1a: Alula|Mantine, F, shiny|100\/100\n|switch|p2a: Eon Guardian|Latias, F|100\/100\n|turn|1\n|\n|t:|1700764595\n|switch|p2a: Shield Of Mind|Blissey, F|100\/100\n|move|p1a: Alula|Toxic|p2a: Shield Of Mind\n|-status|p2a: Shield Of Mind|tox\n|\n|-damage|p2a: Shield Of Mind|94\/100 tox|[from] psn\n|upkeep\n|turn|2\n|\n|t:|1700764610\n|switch|p1a: Delta Airlines|Corviknight, M, shiny|100\/100\n|-ability|p1a: Delta Airlines|Pressure\n|-curestatus|p2a: Shield Of Mind|tox|[from] ability: Natural Cure\n|switch|p2a: Funeral March In D|Skeledirge, M|100\/100\n|\n|upkeep\n|turn|3\n|\n|t:|1700764622\n|switch|p1a: Alula|Mantine, F, shiny|100\/100\n|move|p2a: Funeral March In D|Will-O-Wisp|p1a: Alula\n|-status|p1a: Alula|brn\n|\n|-damage|p1a: Alula|94\/100 brn|[from] brn\n|upkeep\n|turn|4\n|\n|t:|1700764630\n|switch|p2a: Shield Of Body|Corviknight, F|100\/100\n|-ability|p2a: Shield Of Body|Pressure\n|move|p1a: Alula|Toxic|p2a: Shield Of Body\n|-immune|p2a: Shield Of Body\n|\n|-damage|p1a: Alula|88\/100 brn|[from] brn\n|upkeep\n|turn|5\n|\n|t:|1700764650\n|switch|p1a: Snippy Boi|Gliscor, F, shiny|100\/100\n|move|p2a: Shield Of Body|U-turn|p1a: Snippy Boi\n|-resisted|p1a: Snippy Boi\n|-damage|p1a: Snippy Boi|95\/100\n|\n|t:|1700764652\n|switch|p2a: Group Rascal|Weavile, M|100\/100|[from] U-turn\n|\n|-status|p1a: Snippy Boi|tox|[from] item: Toxic Orb\n|upkeep\n|turn|6\n|\n|t:|1700764669\n|switch|p1a: Shaymin|Shaymin-Sky|100\/100\n|-terastallize|p2a: Group Rascal|Ice\n|move|p2a: Group Rascal|Triple Axel|p1a: Shaymin\n|-supereffective|p1a: Shaymin\n|-damage|p1a: Shaymin|35\/100\n|-supereffective|p1a: Shaymin\n|-damage|p1a: Shaymin|0 fnt\n|faint|p1a: Shaymin\n|-hitcount|p1: Shaymin|2\n|\n|upkeep\n|\n|t:|1700764671\n|switch|p1a: Delta Airlines|Corviknight, M, shiny|100\/100\n|-ability|p1a: Delta Airlines|Pressure\n|turn|7\n|\n|t:|1700764720\n|switch|p2a: Funeral March In D|Skeledirge, M|100\/100\n|-terastallize|p1a: Delta Airlines|Steel\n|move|p1a: Delta Airlines|Body Press|p2a: Funeral March In D\n|-immune|p2a: Funeral March In D\n|\n|upkeep\n|turn|8\n|\n|t:|1700764739\n|switch|p1a: Snippy Boi|Gliscor, F, shiny|95\/100 tox\n|move|p2a: Funeral March In D|Hex|p1a: Snippy Boi\n|-damage|p1a: Snippy Boi|46\/100 tox\n|\n|-heal|p1a: Snippy Boi|58\/100 tox|[from] ability: Poison Heal\n|upkeep\n|turn|9\n|c|\u2606Snapteryx|Ohh\n|c|\u2606Snapteryx|Fuck\n|\n|t:|1700764773\n|switch|p2a: Fight The Swarm|Tapu Bulu|100\/100\n|-fieldstart|move: Grassy Terrain|[from] ability: Grassy Surge|[of] p2a: Fight The Swarm\n|move|p1a: Snippy Boi|U-turn|p2a: Fight The Swarm\n|-damage|p2a: Fight The Swarm|91\/100\n|\n|t:|1700764800\n|switch|p1a: Rayquaza|Rayquaza|100\/100|[from] U-turn\n|-ability|p1a: Rayquaza|Air Lock\n|\n|-heal|p2a: Fight The Swarm|97\/100|[from] Grassy Terrain\n|-heal|p2a: Fight The Swarm|100\/100|[from] item: Leftovers\n|upkeep\n|turn|10\n|c|\u2606IncandescentCandle|hello rayquaza\n|c| Astro Rifk|in\n|\n|t:|1700764815\n|switch|p2a: Shield Of Body|Corviknight, F|100\/100\n|-ability|p2a: Shield Of Body|Pressure\n|move|p1a: Rayquaza|V-create|p2a: Shield Of Body\n|-supereffective|p2a: Shield Of Body\n|-damage|p2a: Shield Of Body|0 fnt\n|-unboost|p1a: Rayquaza|spe|1\n|-unboost|p1a: Rayquaza|def|1\n|-unboost|p1a: Rayquaza|spd|1\n|faint|p2a: Shield Of Body\n|-damage|p1a: Rayquaza|91\/100|[from] item: Life Orb\n|\n|upkeep\n|\n|t:|1700764819\n|switch|p2a: Eon Guardian|Latias, F|100\/100\n|turn|11\n|\n|t:|1700764841\n|switch|p1a: Snippy Boi|Gliscor, F, shiny|58\/100 tox\n|detailschange|p2a: Eon Guardian|Latias-Mega, F\n|-mega|p2a: Eon Guardian|Latias|Latiasite\n|move|p2a: Eon Guardian|Ice Beam|p1a: Snippy Boi\n|-supereffective|p1a: Snippy Boi\n|-damage|p1a: Snippy Boi|0 fnt\n|faint|p1a: Snippy Boi\n|\n|upkeep\n|\n|t:|1700764862\n|switch|p1a: Charizard|Charizard, F|100\/100\n|turn|12\n|\n|t:|1700764864\n|detailschange|p1a: Charizard|Charizard-Mega-Y, F\n|-mega|p1a: Charizard|Charizard|Charizardite Y\n|-weather|SunnyDay|[from] ability: Drought|[of] p1a: Charizard\n|move|p2a: Eon Guardian|Calm Mind|p2a: Eon Guardian\n|-boost|p2a: Eon Guardian|spa|1\n|-boost|p2a: Eon Guardian|spd|1\n|move|p1a: Charizard|Air Slash|p2a: Eon Guardian\n|-damage|p2a: Eon Guardian|81\/100\n|\n|-weather|SunnyDay|[upkeep]\n|upkeep\n|turn|13\n|c|\u2606Snapteryx|Gg lmao\n|\n|t:|1700764875\n|move|p2a: Eon Guardian|Psychic|p1a: Charizard\n|-crit|p1a: Charizard\n|-damage|p1a: Charizard|0 fnt\n|faint|p1a: Charizard\n|\n|-weather|SunnyDay|[upkeep]\n|-fieldend|move: Grassy Terrain\n|upkeep\n|\n|t:|1700764881\n|switch|p1a: Alula|Mantine, F, shiny|88\/100 brn\n|turn|14\n|\n|t:|1700764885\n|move|p2a: Eon Guardian|Psychic|p1a: Alula\n|-damage|p1a: Alula|54\/100 brn\n|-unboost|p1a: Alula|spd|1\n|move|p1a: Alula|Haze|p1a: Alula\n|-clearallboost\n|\n|-weather|SunnyDay|[upkeep]\n|-damage|p1a: Alula|48\/100 brn|[from] brn\n|upkeep\n|turn|15\n|\n|t:|1700764889\n|switch|p2a: Shield Of Mind|Blissey, F|94\/100\n|move|p1a: Alula|Roost|p1a: Alula\n|-heal|p1a: Alula|98\/100 brn\n|-singleturn|p1a: Alula|move: Roost\n|\n|-weather|SunnyDay|[upkeep]\n|-heal|p2a: Shield Of Mind|100\/100|[from] item: Leftovers\n|-damage|p1a: Alula|92\/100 brn|[from] brn\n|upkeep\n|turn|16\n|\n|t:|1700764894\n|move|p1a: Alula|Toxic|p2a: Shield Of Mind\n|-status|p2a: Shield Of Mind|tox\n|move|p2a: Shield Of Mind|Seismic Toss|p1a: Alula\n|-damage|p1a: Alula|65\/100 brn\n|\n|-weather|none\n|-damage|p2a: Shield Of Mind|94\/100 tox|[from] psn\n|-damage|p1a: Alula|59\/100 brn|[from] brn\n|upkeep\n|turn|17\n|\n|t:|1700764902\n|switch|p1a: Delta Airlines|Corviknight, M, shiny, tera:Steel|100\/100\n|-ability|p1a: Delta Airlines|Pressure\n|-curestatus|p2a: Shield Of Mind|tox|[from] ability: Natural Cure\n|switch|p2a: Fight The Swarm|Tapu Bulu|100\/100\n|-fieldstart|move: Grassy Terrain|[from] ability: Grassy Surge|[of] p2a: Fight The Swarm\n|\n|upkeep\n|turn|18\n|\n|t:|1700764905\n|switch|p2a: Funeral March In D|Skeledirge, M|100\/100\n|move|p1a: Delta Airlines|U-turn|p2a: Funeral March In D\n|-resisted|p2a: Funeral March In D\n|-damage|p2a: Funeral March In D|99\/100\n|\n|t:|1700764918\n|switch|p1a: Alula|Mantine, F, shiny|59\/100 brn|[from] U-turn\n|\n|-heal|p2a: Funeral March In D|100\/100|[from] Grassy Terrain\n|-damage|p1a: Alula|53\/100 brn|[from] brn\n|upkeep\n|turn|19\n|\n|t:|1700764923\n|switch|p2a: Shield Of Mind|Blissey, F|94\/100\n|move|p1a: Alula|Toxic|p2a: Shield Of Mind\n|-status|p2a: Shield Of Mind|tox\n|\n|-heal|p2a: Shield Of Mind|100\/100 tox|[from] Grassy Terrain\n|-damage|p2a: Shield Of Mind|94\/100 tox|[from] psn\n|-damage|p1a: Alula|47\/100 brn|[from] brn\n|upkeep\n|turn|20\n|\n|t:|1700764926\n|-curestatus|p2a: Shield Of Mind|tox|[from] ability: Natural Cure\n|switch|p2a: Fight The Swarm|Tapu Bulu|100\/100\n|move|p1a: Alula|Roost|p1a: Alula\n|-heal|p1a: Alula|97\/100 brn\n|-singleturn|p1a: Alula|move: Roost\n|\n|-heal|p1a: Alula|100\/100 brn|[from] Grassy Terrain\n|-damage|p1a: Alula|94\/100 brn|[from] brn\n|upkeep\n|turn|21\n|\n|t:|1700764937\n|move|p1a: Alula|Roost|p1a: Alula\n|-heal|p1a: Alula|100\/100 brn\n|-singleturn|p1a: Alula|move: Roost\n|move|p2a: Fight The Swarm|Horn Leech|p1a: Alula\n|-supereffective|p1a: Alula\n|-damage|p1a: Alula|0 fnt\n|faint|p1a: Alula\n|\n|-fieldend|move: Grassy Terrain\n|upkeep\n|c|\u2606IncandescentCandle|um\n|c|\u2606IncandescentCandle|thanks\n|c|\u2606Snapteryx|Thought it outsped\n|c|\u2606IncandescentCandle|I'm defensive\n|c|\u2606Snapteryx|And I could scout\n|c|\u2606Snapteryx|And roost\n|\n|t:|1700764972\n|switch|p1a: Rayquaza|Rayquaza|91\/100\n|-ability|p1a: Rayquaza|Air Lock\n|turn|22\n|c|\u2606IncandescentCandle|This is entirely here for waffles' zyg c\n|\n|t:|1700764990\n|move|p1a: Rayquaza|Dragon Ascent|p2a: Fight The Swarm\n|-supereffective|p2a: Fight The Swarm\n|-damage|p2a: Fight The Swarm|0 fnt\n|-unboost|p1a: Rayquaza|def|1\n|-unboost|p1a: Rayquaza|spd|1\n|faint|p2a: Fight The Swarm\n|-damage|p1a: Rayquaza|81\/100|[from] item: Life Orb\n|\n|upkeep\n|\n|t:|1700764992\n|switch|p2a: Group Rascal|Weavile, M, tera:Ice|100\/100\n|turn|23\n|\n|t:|1700764995\n|switch|p1a: Delta Airlines|Corviknight, M, shiny, tera:Steel|100\/100\n|-ability|p1a: Delta Airlines|Pressure\n|move|p2a: Group Rascal|Triple Axel|p1a: Delta Airlines\n|-resisted|p1a: Delta Airlines\n|-damage|p1a: Delta Airlines|95\/100\n|-resisted|p1a: Delta Airlines\n|-damage|p1a: Delta Airlines|86\/100\n|-resisted|p1a: Delta Airlines\n|-damage|p1a: Delta Airlines|69\/100\n|-hitcount|p1a: Delta Airlines|3\n|\n|-heal|p1a: Delta Airlines|75\/100|[from] item: Leftovers\n|upkeep\n|turn|24\n|\n|t:|1700765000\n|switch|p2a: Funeral March In D|Skeledirge, M|100\/100\n|move|p1a: Delta Airlines|U-turn|p2a: Funeral March In D\n|-resisted|p2a: Funeral March In D\n|-crit|p2a: Funeral March In D\n|-damage|p2a: Funeral March In D|98\/100\n|\n|t:|1700765002\n|switch|p1a: Rayquaza|Rayquaza|81\/100|[from] U-turn\n|-ability|p1a: Rayquaza|Air Lock\n|\n|-heal|p2a: Funeral March In D|100\/100|[from] item: Leftovers\n|upkeep\n|turn|25\n|\n|t:|1700765013\n|move|p1a: Rayquaza|Earthquake|p2a: Funeral March In D\n|-supereffective|p2a: Funeral March In D\n|-damage|p2a: Funeral March In D|38\/100\n|-damage|p1a: Rayquaza|71\/100|[from] item: Life Orb\n|move|p2a: Funeral March In D|Will-O-Wisp|p1a: Rayquaza\n|-status|p1a: Rayquaza|brn\n|\n|-heal|p2a: Funeral March In D|44\/100|[from] item: Leftovers\n|-damage|p1a: Rayquaza|65\/100 brn|[from] brn\n|upkeep\n|turn|26\n|\n|t:|1700765018\n|move|p1a: Rayquaza|Earthquake|p2a: Funeral March In D\n|-supereffective|p2a: Funeral March In D\n|-damage|p2a: Funeral March In D|14\/100\n|-damage|p1a: Rayquaza|55\/100 brn|[from] item: Life Orb\n|move|p2a: Funeral March In D|Slack Off|p2a: Funeral March In D\n|-heal|p2a: Funeral March In D|64\/100\n|\n|-heal|p2a: Funeral March In D|70\/100|[from] item: Leftovers\n|-damage|p1a: Rayquaza|49\/100 brn|[from] brn\n|upkeep\n|turn|27\n|\n|t:|1700765022\n|move|p1a: Rayquaza|Dragon Dance|p1a: Rayquaza\n|-boost|p1a: Rayquaza|atk|1\n|-boost|p1a: Rayquaza|spe|1\n|move|p2a: Funeral March In D|Hex|p1a: Rayquaza\n|-damage|p1a: Rayquaza|0 fnt\n|faint|p1a: Rayquaza\n|\n|-heal|p2a: Funeral March In D|76\/100|[from] item: Leftovers\n|upkeep\n|c|\u2606Snapteryx|Yeaa\n|\n|t:|1700765027\n|switch|p1a: Delta Airlines|Corviknight, M, shiny, tera:Steel|75\/100\n|-ability|p1a: Delta Airlines|Pressure\n|turn|28\n|l| Astro Rifk\n|\n|t:|1700765031\n|move|p2a: Funeral March In D|Torch Song|p1a: Delta Airlines\n|-supereffective|p1a: Delta Airlines\n|-damage|p1a: Delta Airlines|36\/100\n|-boost|p2a: Funeral March In D|spa|1\n|move|p1a: Delta Airlines|U-turn|p2a: Funeral March In D\n|-resisted|p2a: Funeral March In D\n|-damage|p2a: Funeral March In D|75\/100\n|\n|-heal|p2a: Funeral March In D|81\/100|[from] item: Leftovers\n|-heal|p1a: Delta Airlines|42\/100|[from] item: Leftovers\n|upkeep\n|turn|29\n|\n|t:|1700765034\n|move|p2a: Funeral March In D|Torch Song|p1a: Delta Airlines\n|-supereffective|p1a: Delta Airlines\n|-damage|p1a: Delta Airlines|0 fnt\n|-boost|p2a: Funeral March In D|spa|1\n|faint|p1a: Delta Airlines\n|\n|win|IncandescentCandle\n|c|\u2606IncandescentCandle|gg\n","uploadtime":1700765039,"views":17,"p1id":"snapteryx","p2id":"incandescentcandle","formatid":"gen9nationaldexubers","rating":0,"private":0,"password":""}