{"id":"gen9nationaldexubers-1982641171","p1":"grenadee","p2":"hehheiamcheese","format":"[Gen 9] National Dex Ubers","log":"|j|\u2606grenadee\n|j|\u2606hehheiamcheese\n|t:|1699032071\n|gametype|singles\n|player|p1|grenadee|psychic-gen4|1000\n|player|p2|hehheiamcheese|hilbert|1000\n|teamsize|p1|6\n|teamsize|p2|2\n|gen|9\n|tier|[Gen 9] National Dex Ubers\n|rated|\n|rule|HP Percentage Mod: HP is shown in percentages\n|rule|Endless Battle Clause: Forcing endless battles is banned\n|rule|OHKO Clause: OHKO moves are banned\n|rule|Evasion Moves Clause: Evasion moves are banned\n|rule|Evasion Items Clause: Evasion items are banned\n|rule|Species Clause: Limit one of each Pok\u00e9mon\n|rule|Sleep Clause Mod: Limit one foe put to sleep\n|rule|Mega Rayquaza Clause: You cannot mega evolve Rayquaza\n|clearpoke\n|poke|p1|Darmanitan-Galar, F|\n|poke|p1|Kangaskhan, F|\n|poke|p1|Orthworm, F|\n|poke|p1|Alakazam, F|\n|poke|p1|Shuckle, M|\n|poke|p1|Typhlosion, M|\n|poke|p2|Dugtrio, M|\n|poke|p2|Durant, M|\n|teampreview\n|c|\u2606hehheiamcheese|Yo great team\n|c|\u2606grenadee|im not good at nat dex\n|c|\u2606grenadee|gl hd\n|c|\u2606hehheiamcheese|Nah its good\n|\n|t:|1699032106\n|start\n|switch|p1a: Typhlosion|Typhlosion, M|100\/100\n|switch|p2a: Durant|Durant, M|100\/100\n|turn|1\n|c|\u2606hehheiamcheese|Specs eruption or scaft is really good\n|\n|t:|1699032114\n|move|p2a: Durant|Entrainment|p1a: Typhlosion\n|-endability|p1a: Typhlosion|Flash Fire|[from] move: Entrainment\n|-ability|p1a: Typhlosion|Truant|[from] move: Entrainment\n|move|p1a: Typhlosion|Eruption|p2a: Durant\n|-supereffective|p2a: Durant\n|-crit|p2a: Durant\n|-damage|p2a: Durant|0 fnt\n|faint|p2a: Durant\n|\n|upkeep\n|\n|t:|1699032122\n|switch|p2a: Duggi|Dugtrio, M, shiny|100\/100\n|turn|2\n|\n|t:|1699032127\n|cant|p1a: Typhlosion|ability: Truant\n|move|p2a: Duggi|Hone Claws|p2a: Duggi\n|-boost|p2a: Duggi|atk|1\n|-boost|p2a: Duggi|accuracy|1\n|\n|upkeep\n|turn|3\n|\n|t:|1699032137\n|move|p2a: Duggi|Protect|p2a: Duggi\n|-singleturn|p2a: Duggi|Protect\n|move|p1a: Typhlosion|Eruption|p2a: Duggi\n|-activate|p2a: Duggi|move: Protect\n|\n|upkeep\n|turn|4\n|\n|t:|1699032148\n|cant|p1a: Typhlosion|ability: Truant\n|move|p2a: Duggi|Hone Claws|p2a: Duggi\n|-boost|p2a: Duggi|atk|1\n|-boost|p2a: Duggi|accuracy|1\n|\n|upkeep\n|turn|5\n|c|\u2606grenadee|ouchnice\n|\n|t:|1699032166\n|move|p2a: Duggi|Protect|p2a: Duggi\n|-singleturn|p2a: Duggi|Protect\n|move|p1a: Typhlosion|Eruption|p2a: Duggi\n|-activate|p2a: Duggi|move: Protect\n|\n|upkeep\n|turn|6\n|c|\u2606hehheiamcheese|Let duggi set\n|c|\u2606hehheiamcheese|His cooking\n|\n|t:|1699032186\n|cant|p1a: Typhlosion|ability: Truant\n|move|p2a: Duggi|Hone Claws|p2a: Duggi\n|-boost|p2a: Duggi|atk|1\n|-boost|p2a: Duggi|accuracy|1\n|\n|upkeep\n|turn|7\n|\n|t:|1699032194\n|move|p2a: Duggi|Protect|p2a: Duggi\n|-singleturn|p2a: Duggi|Protect\n|move|p1a: Typhlosion|Eruption|p2a: Duggi\n|-activate|p2a: Duggi|move: Protect\n|\n|upkeep\n|turn|8\n|\n|t:|1699032212\n|cant|p1a: Typhlosion|ability: Truant\n|move|p2a: Duggi|Hone Claws|p2a: Duggi\n|-boost|p2a: Duggi|atk|1\n|-boost|p2a: Duggi|accuracy|1\n|\n|upkeep\n|turn|9\n|c|\u2606hehheiamcheese|Also he has friends\n|\n|t:|1699032219\n|move|p2a: Duggi|Protect|p2a: Duggi\n|-singleturn|p2a: Duggi|Protect\n|move|p1a: Typhlosion|Eruption|p2a: Duggi\n|-activate|p2a: Duggi|move: Protect\n|\n|upkeep\n|turn|10\n|\n|t:|1699032229\n|cant|p1a: Typhlosion|ability: Truant\n|move|p2a: Duggi|Hone Claws|p2a: Duggi\n|-boost|p2a: Duggi|atk|1\n|-boost|p2a: Duggi|accuracy|1\n|\n|upkeep\n|turn|11\n|\n|t:|1699032237\n|move|p2a: Duggi|Protect|p2a: Duggi\n|-singleturn|p2a: Duggi|Protect\n|move|p1a: Typhlosion|Eruption|p2a: Duggi\n|-activate|p2a: Duggi|move: Protect\n|\n|upkeep\n|turn|12\n|\n|t:|1699032244\n|cant|p1a: Typhlosion|ability: Truant\n|move|p2a: Duggi|Hone Claws|p2a: Duggi\n|-boost|p2a: Duggi|atk|1\n|-boost|p2a: Duggi|accuracy|1\n|\n|upkeep\n|turn|13\n|\n|t:|1699032251\n|move|p2a: Duggi|Protect|p2a: Duggi\n|-singleturn|p2a: Duggi|Protect\n|move|p1a: Typhlosion|Eruption|p2a: Duggi\n|-activate|p2a: Duggi|move: Protect\n|\n|upkeep\n|turn|14\n|\n|t:|1699032259\n|cant|p1a: Typhlosion|ability: Truant\n|move|p2a: Duggi|Earthquake|p1a: Typhlosion\n|-supereffective|p1a: Typhlosion\n|-damage|p1a: Typhlosion|0 fnt\n|faint|p1a: Typhlosion\n|\n|upkeep\n|c|\u2606grenadee|kang is so good\n|c|\u2606hehheiamcheese|I aint flucking with shuckle\n|c|\u2606hehheiamcheese|Yes\n|c|\u2606hehheiamcheese|It is\n|\n|t:|1699032307\n|switch|p1a: Darmanitan|Darmanitan-Galar, F|100\/100\n|turn|15\n|\n|t:|1699032314\n|move|p2a: Duggi|Rock Slide|p1a: Darmanitan\n|-supereffective|p1a: Darmanitan\n|-damage|p1a: Darmanitan|0 fnt\n|faint|p1a: Darmanitan\n|\n|upkeep\n|\n|t:|1699032318\n|switch|p1a: Shuckle|Shuckle, M|100\/100\n|turn|16\n|\n|t:|1699032324\n|move|p2a: Duggi|Rock Slide|p1a: Shuckle\n|-supereffective|p1a: Shuckle\n|-crit|p1a: Shuckle\n|-damage|p1a: Shuckle|0 fnt\n|faint|p1a: Shuckle\n|\n|upkeep\n|c|\u2606hehheiamcheese|N9 way\n|c|\u2606hehheiamcheese|No way\n|\n|t:|1699032333\n|switch|p1a: Alakazam|Alakazam, F|100\/100\n|turn|17\n|c|\u2606hehheiamcheese|Why are you going easy with me\n|c|\u2606hehheiamcheese|Shuckle is op\n|\n|t:|1699032352\n|-terastallize|p2a: Duggi|Psychic\n|move|p1a: Alakazam|Energy Ball|p2a: Duggi\n|-damage|p2a: Duggi|26\/100\n|move|p2a: Duggi|Earthquake|p1a: Alakazam\n|-damage|p1a: Alakazam|0 fnt\n|faint|p1a: Alakazam\n|\n|-heal|p2a: Duggi|32\/100|[from] item: Leftovers\n|upkeep\n|c|\u2606grenadee|ik\n|\n|t:|1699032362\n|switch|p1a: Orthworm|Orthworm, F|100\/100\n|turn|18\n|\n|t:|1699032378\n|move|p2a: Duggi|Rock Slide|p1a: Orthworm\n|-resisted|p1a: Orthworm\n|-damage|p1a: Orthworm|77\/100\n|cant|p1a: Orthworm|flinch\n|\n|-heal|p2a: Duggi|38\/100|[from] item: Leftovers\n|upkeep\n|turn|19\n|\n|t:|1699032386\n|move|p2a: Duggi|Rock Slide|p1a: Orthworm\n|-resisted|p1a: Orthworm\n|-damage|p1a: Orthworm|55\/100\n|move|p1a: Orthworm|Coil|p1a: Orthworm\n|-boost|p1a: Orthworm|atk|1\n|-boost|p1a: Orthworm|def|1\n|-boost|p1a: Orthworm|accuracy|1\n|\n|-heal|p2a: Duggi|45\/100|[from] item: Leftovers\n|upkeep\n|turn|20\n|\n|t:|1699032395\n|move|p2a: Duggi|Rock Slide|p1a: Orthworm\n|-resisted|p1a: Orthworm\n|-damage|p1a: Orthworm|40\/100\n|-enditem|p1a: Orthworm|Sitrus Berry|[eat]\n|-heal|p1a: Orthworm|65\/100|[from] item: Sitrus Berry\n|move|p1a: Orthworm|Iron Tail|p2a: Duggi\n|-damage|p2a: Duggi|0 fnt\n|faint|p2a: Duggi\n|\n|win|grenadee\n|raw|grenadee's rating: 1000 &rarr; <strong>1040<\/strong><br \/>(+40 for winning)\n|raw|hehheiamcheese's rating: 1000 &rarr; <strong>1000<\/strong><br \/>(+0 for losing)\n|c|\u2606grenadee|yay\n|c|\u2606hehheiamcheese|Gg\n|c|\u2606grenadee|gg\n|c|\u2606hehheiamcheese|See\n|c|\u2606hehheiamcheese|The power of shuckle\n|c|\u2606hehheiamcheese|Pass down to him\n|c|\u2606hehheiamcheese|Thats why he was strong\n|c|\u2606hehheiamcheese|Thats why\n|c|\u2606hehheiamcheese|You dont fuckle with shuckle\n|c|\u2606hehheiamcheese|Should have forfeited\n|c|\u2606hehheiamcheese|Shuckle ks just\n|c|\u2606hehheiamcheese|Is*\n|c|\u2606hehheiamcheese|Too strong\n|c|\u2606hehheiamcheese|Gg\n","uploadtime":1699032531,"views":5,"p1id":"grenadee","p2id":"hehheiamcheese","formatid":"gen9nationaldexubers","rating":1000,"private":0,"password":""}