{"id":"gen9nationaldexubers-1996574429","p1":"Razorgliscor472","p2":"Yuinna.","format":"[Gen 9] National Dex Ubers","log":"|j|\u2606Razorgliscor472\n|j|\u2606Yuinna.\n|t:|1700695990\n|gametype|singles\n|player|p1|Razorgliscor472|266|\n|player|p2|Yuinna.|serena-masters|\n|teamsize|p1|6\n|teamsize|p2|6\n|gen|9\n|tier|[Gen 9] National Dex Ubers\n|rule|HP Percentage Mod: HP is shown in percentages\n|rule|Endless Battle Clause: Forcing endless battles is banned\n|rule|OHKO Clause: OHKO moves are banned\n|rule|Evasion Moves Clause: Evasion moves are banned\n|rule|Evasion Items Clause: Evasion items are banned\n|rule|Species Clause: Limit one of each Pok\u00e9mon\n|rule|Sleep Clause Mod: Limit one foe put to sleep\n|rule|Mega Rayquaza Clause: You cannot mega evolve Rayquaza\n|clearpoke\n|poke|p1|Sandy Shocks|\n|poke|p1|Zygarde|\n|poke|p1|Landorus-Therian, M|\n|poke|p1|Great Tusk|\n|poke|p1|Excadrill, M|\n|poke|p1|Manaphy|\n|poke|p2|Ribombee, F|\n|poke|p2|Medicham, M|\n|poke|p2|Ogerpon-Hearthflame, F|\n|poke|p2|Dragapult, F|\n|poke|p2|Manaphy|\n|poke|p2|Landorus-Therian, M|\n|teampreview\n|inactive|Battle timer is ON: inactive players will automatically lose when time's up. (requested by Yuinna.)\n|\n|t:|1700696004\n|start\n|switch|p1a: Sandy Shocks|Sandy Shocks|100\/100\n|switch|p2a: Ribombee|Ribombee, F|100\/100\n|-enditem|p1a: Sandy Shocks|Booster Energy\n|-activate|p1a: Sandy Shocks|ability: Protosynthesis|[fromitem]\n|-start|p1a: Sandy Shocks|protosynthesisspe\n|turn|1\n|c|\u2606Yuinna.|fast game\n|\n|t:|1700696019\n|move|p1a: Sandy Shocks|Stealth Rock|p2a: Ribombee\n|-sidestart|p2: Yuinna.|move: Stealth Rock\n|move|p2a: Ribombee|Stun Spore|p1a: Sandy Shocks\n|-immune|p1a: Sandy Shocks\n|\n|upkeep\n|turn|2\n|\n|t:|1700696023\n|move|p1a: Sandy Shocks|Spikes|p2a: Ribombee\n|-sidestart|p2: Yuinna.|Spikes\n|move|p2a: Ribombee|Sticky Web|p1a: Sandy Shocks\n|-sidestart|p1: Razorgliscor472|move: Sticky Web\n|\n|upkeep\n|turn|3\n|\n|t:|1700696032\n|switch|p2a: Medicham|Medicham, M|100\/100\n|-damage|p2a: Medicham|94\/100|[from] Stealth Rock\n|-damage|p2a: Medicham|82\/100|[from] Spikes\n|move|p1a: Sandy Shocks|Spikes|p2a: Medicham\n|-sidestart|p2: Yuinna.|Spikes\n|\n|upkeep\n|turn|4\n|\n|t:|1700696039\n|detailschange|p2a: Medicham|Medicham-Mega, M\n|-mega|p2a: Medicham|Medicham|Medichamite\n|move|p2a: Medicham|Fake Out|p1a: Sandy Shocks\n|-damage|p1a: Sandy Shocks|76\/100\n|cant|p1a: Sandy Shocks|flinch\n|\n|upkeep\n|turn|5\n|l|\u2606Yuinna.\n|inactive|Yuinna. disconnected and has 300 seconds to reconnect!\n|player|p2|\n|j|\u2606Yuinna.\n|inactive|Yuinna. reconnected and has 285 seconds left.\n|player|p2|Yuinna.|serena-masters\n|\n|t:|1700696069\n|move|p1a: Sandy Shocks|Thunderbolt|p2a: Medicham\n|-damage|p2a: Medicham|15\/100\n|move|p2a: Medicham|High Jump Kick|p1a: Sandy Shocks|[miss]\n|-miss|p2a: Medicham|p1a: Sandy Shocks\n|-damage|p2a: Medicham|0 fnt|[from] highjumpkick\n|faint|p2a: Medicham\n|\n|upkeep\n|c|\u2606Razorgliscor472|Thats why you use CC\n|inactive|Yuinna. has 270 seconds left.\n|\n|t:|1700696097\n|switch|p2a: Landorus|Landorus-Therian, M|100\/100\n|-damage|p2a: Landorus|88\/100|[from] Stealth Rock\n|-ability|p2a: Landorus|Intimidate|boost\n|-unboost|p1a: Sandy Shocks|atk|1\n|turn|6\n|\n|t:|1700696101\n|-terastallize|p1a: Sandy Shocks|Ice\n|move|p1a: Sandy Shocks|Tera Blast|p2a: Landorus|[anim] Tera Blast Ice\n|-supereffective|p2a: Landorus\n|-damage|p2a: Landorus|0 fnt\n|faint|p2a: Landorus\n|\n|upkeep\n|\n|t:|1700696110\n|switch|p2a: Manaphy|Manaphy|100\/100\n|-damage|p2a: Manaphy|88\/100|[from] Stealth Rock\n|-damage|p2a: Manaphy|72\/100|[from] Spikes\n|turn|7\n|c|\u2606Yuinna.|jeez\n|inactive|Yuinna. has 270 seconds left.\n|\n|t:|1700696129\n|-terastallize|p2a: Manaphy|Dragon\n|move|p1a: Sandy Shocks|Tera Blast|p2a: Manaphy|[anim] Tera Blast Ice\n|-supereffective|p2a: Manaphy\n|-damage|p2a: Manaphy|0 fnt\n|faint|p2a: Manaphy\n|\n|upkeep\n|inactive|Yuinna. has 270 seconds left.\n|c|\u2606Razorgliscor472|YES\n|c|\u2606Razorgliscor472|It worked\n|\n|t:|1700696141\n|switch|p2a: Ogerpon|Ogerpon-Hearthflame, F|100\/100\n|-damage|p2a: Ogerpon|76\/100|[from] Stealth Rock\n|-damage|p2a: Ogerpon|59\/100|[from] Spikes\n|-ability|p2a: Ogerpon|Mold Breaker\n|turn|8\n|\n|t:|1700696146\n|move|p1a: Sandy Shocks|Tera Blast|p2a: Ogerpon|[anim] Tera Blast Ice\n|-damage|p2a: Ogerpon|16\/100\n|move|p2a: Ogerpon|Ivy Cudgel|p1a: Sandy Shocks|[anim] Ivy Cudgel Fire\n|-supereffective|p1a: Sandy Shocks\n|-damage|p1a: Sandy Shocks|0 fnt\n|faint|p1a: Sandy Shocks\n|-end|p1a: Sandy Shocks|Protosynthesis|[silent]\n|\n|upkeep\n|\n|t:|1700696155\n|switch|p1a: Landorus|Landorus-Therian, M|100\/100\n|-ability|p1a: Landorus|Intimidate|boost\n|-unboost|p2a: Ogerpon|atk|1\n|turn|9\n|c|\u2606Yuinna.|i always miss hjk\n|\n|t:|1700696165\n|move|p2a: Ogerpon|Power Whip|p1a: Landorus\n|-crit|p1a: Landorus\n|-damage|p1a: Landorus|0 fnt\n|faint|p1a: Landorus\n|\n|upkeep\n|\n|t:|1700696172\n|switch|p1a: Zygarde|Zygarde|100\/100\n|-activate|p1a: Zygarde|move: Sticky Web\n|-unboost|p1a: Zygarde|spe|1\n|-ability|p1a: Zygarde|Aura Break\n|turn|10\n|\n|t:|1700696177\n|move|p2a: Ogerpon|Play Rough|p1a: Zygarde\n|-supereffective|p1a: Zygarde\n|-damage|p1a: Zygarde|64\/100\n|move|p1a: Zygarde|Thousand Arrows|p2a: Ogerpon\n|-damage|p2a: Ogerpon|0 fnt\n|faint|p2a: Ogerpon\n|\n|-heal|p1a: Zygarde|70\/100|[from] item: Leftovers\n|upkeep\n|\n|t:|1700696180\n|switch|p2a: Dragapult|Dragapult, F|100\/100\n|-damage|p2a: Dragapult|88\/100|[from] Stealth Rock\n|-damage|p2a: Dragapult|72\/100|[from] Spikes\n|turn|11\n|\n|t:|1700696185\n|move|p2a: Dragapult|Draco Meteor|p1a: Zygarde\n|-supereffective|p1a: Zygarde\n|-damage|p1a: Zygarde|0 fnt\n|-unboost|p2a: Dragapult|spa|2\n|faint|p1a: Zygarde\n|\n|upkeep\n|\n|t:|1700696190\n|switch|p1a: Excadrill|Excadrill, M|100\/100\n|-activate|p1a: Excadrill|move: Sticky Web\n|-unboost|p1a: Excadrill|spe|1\n|-ability|p1a: Excadrill|Mold Breaker\n|turn|12\n|\n|t:|1700696196\n|switch|p2a: Ribombee|Ribombee, F|100\/100\n|-damage|p2a: Ribombee|76\/100|[from] Stealth Rock\n|-damage|p2a: Ribombee|59\/100|[from] Spikes\n|move|p1a: Excadrill|Iron Head|p2a: Ribombee\n|-supereffective|p2a: Ribombee\n|-damage|p2a: Ribombee|0 fnt\n|faint|p2a: Ribombee\n|\n|upkeep\n|\n|t:|1700696200\n|switch|p2a: Dragapult|Dragapult, F|72\/100\n|-damage|p2a: Dragapult|59\/100|[from] Stealth Rock\n|-damage|p2a: Dragapult|43\/100|[from] Spikes\n|turn|13\n|\n|t:|1700696205\n|move|p2a: Dragapult|Shadow Ball|p1a: Excadrill\n|-damage|p1a: Excadrill|36\/100\n|move|p1a: Excadrill|Iron Head|p2a: Dragapult\n|-damage|p2a: Dragapult|0 fnt\n|faint|p2a: Dragapult\n|\n|win|Razorgliscor472\n|c|\u2606Razorgliscor472|Gg\n","uploadtime":1700696211,"views":2,"p1id":"razorgliscor472","p2id":"yuinna","formatid":"gen9nationaldexubers","rating":0,"private":0,"password":""}