{"id":"gen9nationaldexubers-1990043562","p1":"Sc4rletQu33n","p2":"Extra Numb","format":"[Gen 9] National Dex Ubers","log":"|j|\u2606Sc4rletQu33n\n|j|\u2606Extra Numb\n|t:|1699918471\n|gametype|singles\n|player|p1|Sc4rletQu33n|cynthia-gen4|\n|player|p2|Extra Numb|maid|\n|teamsize|p1|6\n|teamsize|p2|6\n|gen|9\n|tier|[Gen 9] National Dex Ubers\n|rule|HP Percentage Mod: HP is shown in percentages\n|rule|Endless Battle Clause: Forcing endless battles is banned\n|rule|OHKO Clause: OHKO moves are banned\n|rule|Evasion Moves Clause: Evasion moves are banned\n|rule|Evasion Items Clause: Evasion items are banned\n|rule|Species Clause: Limit one of each Pok\u00e9mon\n|rule|Sleep Clause Mod: Limit one foe put to sleep\n|rule|Mega Rayquaza Clause: You cannot mega evolve Rayquaza\n|clearpoke\n|poke|p1|Clodsire, L28, M|\n|poke|p1|Sneasler, L28, M|\n|poke|p1|Crobat, L28, M|\n|poke|p1|Roserade, L28, M|\n|poke|p1|Venomoth, L28, F|\n|poke|p1|Grafaiai, L28, F|\n|poke|p2|Lucario, L28, F|\n|poke|p2|Ribombee, L28, M|\n|poke|p2|Arcanine, L28, M|\n|poke|p2|Gengar, L28, M|\n|poke|p2|Lilligant, L28, F|\n|poke|p2|Clefable, L28, F|\n|teampreview\n|\n|t:|1699918476\n|start\n|switch|p1a: Venomoth|Venomoth, L28, F|100\/100\n|switch|p2a: Lilligant|Lilligant, L28, F, shiny|100\/100\n|turn|1\n|\n|t:|1699918483\n|move|p2a: Lilligant|Protect|p2a: Lilligant\n|-singleturn|p2a: Lilligant|Protect\n|move|p1a: Venomoth|Quiver Dance|p1a: Venomoth\n|-boost|p1a: Venomoth|spa|1\n|-boost|p1a: Venomoth|spd|1\n|-boost|p1a: Venomoth|spe|1\n|\n|upkeep\n|turn|2\n|\n|t:|1699918490\n|move|p1a: Venomoth|Bug Buzz|p2a: Lilligant\n|-supereffective|p2a: Lilligant\n|-damage|p2a: Lilligant|0 fnt\n|faint|p2a: Lilligant\n|\n|upkeep\n|\n|t:|1699918507\n|switch|p2a: Ribombee|Ribombee, L28, M, shiny|100\/100\n|turn|3\n|\n|t:|1699918511\n|move|p1a: Venomoth|Sludge Bomb|p2a: Ribombee\n|-supereffective|p2a: Ribombee\n|-damage|p2a: Ribombee|0 fnt\n|faint|p2a: Ribombee\n|\n|upkeep\n|\n|t:|1699918522\n|switch|p2a: Arcanine|Arcanine, L28, M, shiny|100\/100\n|-ability|p2a: Arcanine|Intimidate|boost\n|-unboost|p1a: Venomoth|atk|1\n|turn|4\n|\n|t:|1699918529\n|move|p2a: Arcanine|Extreme Speed|p1a: Venomoth\n|-crit|p1a: Venomoth\n|-damage|p1a: Venomoth|28\/100\n|move|p1a: Venomoth|Sludge Bomb|p2a: Arcanine\n|-damage|p2a: Arcanine|36\/100\n|\n|upkeep\n|turn|5\n|\n|t:|1699918538\n|move|p2a: Arcanine|Extreme Speed|p1a: Venomoth\n|-damage|p1a: Venomoth|0 fnt\n|faint|p1a: Venomoth\n|\n|upkeep\n|\n|t:|1699918542\n|switch|p1a: Clodsire|Clodsire, L28, M|100\/100\n|turn|6\n|\n|t:|1699918561\n|move|p2a: Arcanine|Flare Blitz|p1a: Clodsire\n|-damage|p1a: Clodsire|30\/100\n|-damage|p2a: Arcanine|8\/100|[from] Recoil\n|move|p1a: Clodsire|Earthquake|p2a: Arcanine\n|-supereffective|p2a: Arcanine\n|-damage|p2a: Arcanine|0 fnt\n|faint|p2a: Arcanine\n|\n|-heal|p1a: Clodsire|36\/100|[from] item: Leftovers\n|upkeep\n|\n|t:|1699918573\n|switch|p2a: Gengar|Gengar, L28, M|100\/100\n|turn|7\n|\n|t:|1699918579\n|move|p2a: Gengar|Shadow Ball|p1a: Clodsire\n|-damage|p1a: Clodsire|14\/100\n|-unboost|p1a: Clodsire|spd|1\n|move|p1a: Clodsire|Recover|p1a: Clodsire\n|-heal|p1a: Clodsire|64\/100\n|\n|-heal|p1a: Clodsire|70\/100|[from] item: Leftovers\n|upkeep\n|turn|8\n|\n|t:|1699918587\n|switch|p1a: Crobat|Crobat, L28, M|100\/100\n|move|p2a: Gengar|Encore||[still]\n|-fail|p2a: Gengar\n|\n|upkeep\n|turn|9\n|\n|t:|1699918595\n|move|p1a: Crobat|Dual Wingbeat|p2a: Gengar|[miss]\n|-miss|p1a: Crobat|p2a: Gengar\n|move|p2a: Gengar|Shadow Ball|p1a: Crobat\n|-damage|p1a: Crobat|65\/100\n|\n|upkeep\n|turn|10\n|\n|t:|1699918603\n|move|p1a: Crobat|Dual Wingbeat|p2a: Gengar\n|-damage|p2a: Gengar|69\/100\n|-damage|p2a: Gengar|35\/100\n|-start|p1a: Crobat|Disable|Dual Wingbeat|[from] ability: Cursed Body|[of] p2a: Gengar\n|-hitcount|p2a: Gengar|2\n|move|p2a: Gengar|Shadow Ball|p1a: Crobat\n|-damage|p1a: Crobat|29\/100\n|\n|upkeep\n|turn|11\n|\n|t:|1699918614\n|move|p1a: Crobat|Leech Life|p2a: Gengar\n|-resisted|p2a: Gengar\n|-damage|p2a: Gengar|24\/100\n|-heal|p1a: Crobat|35\/100|[from] drain|[of] p2a: Gengar\n|move|p2a: Gengar|Shadow Ball|p1a: Crobat\n|-damage|p1a: Crobat|0 fnt\n|faint|p1a: Crobat\n|\n|upkeep\n|\n|t:|1699918624\n|switch|p1a: Clodsire|Clodsire, L28, M|70\/100\n|turn|12\n|\n|t:|1699918633\n|move|p2a: Gengar|Nasty Plot|p2a: Gengar\n|-boost|p2a: Gengar|spa|2\n|move|p1a: Clodsire|Earthquake|p2a: Gengar\n|-supereffective|p2a: Gengar\n|-damage|p2a: Gengar|0 fnt\n|faint|p2a: Gengar\n|\n|-heal|p1a: Clodsire|76\/100|[from] item: Leftovers\n|upkeep\n|\n|t:|1699918648\n|switch|p2a: Lucario|Lucario, L28, F, shiny|100\/100\n|turn|13\n|\n|t:|1699918658\n|move|p2a: Lucario|High Jump Kick|p1a: Clodsire\n|-resisted|p1a: Clodsire\n|-damage|p1a: Clodsire|35\/100\n|-damage|p2a: Lucario|91\/100|[from] item: Life Orb\n|move|p1a: Clodsire|Earthquake|p2a: Lucario\n|-supereffective|p2a: Lucario\n|-damage|p2a: Lucario|4\/100\n|\n|-heal|p1a: Clodsire|41\/100|[from] item: Leftovers\n|upkeep\n|turn|14\n|\n|t:|1699918669\n|move|p2a: Lucario|Earthquake|p1a: Clodsire\n|-supereffective|p1a: Clodsire\n|-damage|p1a: Clodsire|0 fnt\n|faint|p1a: Clodsire\n|-damage|p2a: Lucario|0 fnt|[from] item: Life Orb\n|faint|p2a: Lucario\n|\n|upkeep\n|\n|t:|1699918679\n|switch|p2a: Clefable|Clefable, L28, F|100\/100\n|switch|p1a: Roserade|Roserade, L28, M|100\/100\n|turn|15\n|\n|t:|1699918691\n|-terastallize|p2a: Clefable|Steel\n|-zpower|p1a: Roserade\n|move|p1a: Roserade|Acid Downpour|p2a: Clefable|[zeffect]\n|-immune|p2a: Clefable\n|move|p2a: Clefable|Encore||[still]\n|-fail|p2a: Clefable\n|\n|upkeep\n|turn|16\n|\n|t:|1699918700\n|move|p1a: Roserade|Sleep Powder|p2a: Clefable\n|-status|p2a: Clefable|slp|[from] move: Sleep Powder\n|cant|p2a: Clefable|slp\n|\n|upkeep\n|turn|17\n|\n|t:|1699918706\n|move|p1a: Roserade|Energy Ball|p2a: Clefable\n|-resisted|p2a: Clefable\n|-damage|p2a: Clefable|85\/100 slp\n|cant|p2a: Clefable|slp\n|\n|-heal|p2a: Clefable|91\/100 slp|[from] item: Leftovers\n|upkeep\n|turn|18\n|\n|t:|1699918713\n|move|p1a: Roserade|Energy Ball|p2a: Clefable\n|-resisted|p2a: Clefable\n|-damage|p2a: Clefable|76\/100 slp\n|cant|p2a: Clefable|slp\n|\n|-heal|p2a: Clefable|82\/100 slp|[from] item: Leftovers\n|upkeep\n|turn|19\n|\n|t:|1699918720\n|move|p1a: Roserade|Energy Ball|p2a: Clefable\n|-resisted|p2a: Clefable\n|-damage|p2a: Clefable|65\/100 slp\n|-curestatus|p2a: Clefable|slp|[msg]\n|move|p2a: Clefable|Stealth Rock|p1a: Roserade\n|-sidestart|p1: Sc4rletQu33n|move: Stealth Rock\n|\n|-heal|p2a: Clefable|71\/100|[from] item: Leftovers\n|upkeep\n|turn|20\n|\n|t:|1699918739\n|move|p1a: Roserade|Sleep Powder|p2a: Clefable\n|-status|p2a: Clefable|slp|[from] move: Sleep Powder\n|cant|p2a: Clefable|slp\n|\n|-heal|p2a: Clefable|77\/100 slp|[from] item: Leftovers\n|upkeep\n|turn|21\n|\n|t:|1699918745\n|move|p1a: Roserade|Energy Ball|p2a: Clefable\n|-resisted|p2a: Clefable\n|-damage|p2a: Clefable|62\/100 slp\n|cant|p2a: Clefable|slp\n|\n|-heal|p2a: Clefable|68\/100 slp|[from] item: Leftovers\n|upkeep\n|turn|22\n|\n|t:|1699918751\n|move|p1a: Roserade|Energy Ball|p2a: Clefable\n|-resisted|p2a: Clefable\n|-damage|p2a: Clefable|51\/100 slp\n|cant|p2a: Clefable|slp\n|\n|-heal|p2a: Clefable|57\/100 slp|[from] item: Leftovers\n|upkeep\n|turn|23\n|\n|t:|1699918758\n|move|p1a: Roserade|Energy Ball|p2a: Clefable\n|-resisted|p2a: Clefable\n|-damage|p2a: Clefable|42\/100 slp\n|-curestatus|p2a: Clefable|slp|[msg]\n|move|p2a: Clefable|Encore|p1a: Roserade\n|-start|p1a: Roserade|Encore\n|\n|-heal|p2a: Clefable|48\/100|[from] item: Leftovers\n|upkeep\n|turn|24\n|\n|t:|1699918766\n|move|p1a: Roserade|Energy Ball|p2a: Clefable\n|-resisted|p2a: Clefable\n|-damage|p2a: Clefable|31\/100\n|move|p2a: Clefable|Wish|p2a: Clefable\n|\n|-heal|p2a: Clefable|37\/100|[from] item: Leftovers\n|upkeep\n|turn|25\n|\n|t:|1699918773\n|move|p1a: Roserade|Energy Ball|p2a: Clefable\n|-resisted|p2a: Clefable\n|-damage|p2a: Clefable|22\/100\n|-unboost|p2a: Clefable|spd|1\n|move|p2a: Clefable|Moonblast|p1a: Roserade\n|-resisted|p1a: Roserade\n|-damage|p1a: Roserade|81\/100\n|-unboost|p1a: Roserade|spa|1\n|\n|-heal|p2a: Clefable|71\/100|[from] move: Wish|[wisher] Clefable\n|-heal|p2a: Clefable|77\/100|[from] item: Leftovers\n|upkeep\n|turn|26\n|\n|t:|1699918784\n|move|p1a: Roserade|Energy Ball|p2a: Clefable\n|-resisted|p2a: Clefable\n|-damage|p2a: Clefable|52\/100\n|move|p2a: Clefable|Wish|p2a: Clefable\n|\n|-heal|p2a: Clefable|58\/100|[from] item: Leftovers\n|-end|p1a: Roserade|Encore\n|upkeep\n|turn|27\n|\n|t:|1699918792\n|move|p1a: Roserade|Sleep Powder|p2a: Clefable\n|-status|p2a: Clefable|slp|[from] move: Sleep Powder\n|cant|p2a: Clefable|slp\n|\n|-heal|p2a: Clefable|100\/100 slp|[from] move: Wish|[wisher] Clefable\n|upkeep\n|turn|28\n|\n|t:|1699918799\n|move|p1a: Roserade|Energy Ball|p2a: Clefable\n|-resisted|p2a: Clefable\n|-damage|p2a: Clefable|77\/100 slp\n|-curestatus|p2a: Clefable|slp|[msg]\n|move|p2a: Clefable|Encore|p1a: Roserade\n|-start|p1a: Roserade|Encore\n|\n|-heal|p2a: Clefable|83\/100|[from] item: Leftovers\n|upkeep\n|turn|29\n|\n|t:|1699918807\n|move|p1a: Roserade|Energy Ball|p2a: Clefable\n|-resisted|p2a: Clefable\n|-damage|p2a: Clefable|58\/100\n|move|p2a: Clefable|Moonblast|p1a: Roserade\n|-resisted|p1a: Roserade\n|-damage|p1a: Roserade|61\/100\n|-unboost|p1a: Roserade|spa|1\n|\n|-heal|p2a: Clefable|64\/100|[from] item: Leftovers\n|upkeep\n|turn|30\n|\n|t:|1699918820\n|move|p1a: Roserade|Energy Ball|p2a: Clefable\n|-resisted|p2a: Clefable\n|-damage|p2a: Clefable|39\/100\n|move|p2a: Clefable|Wish|p2a: Clefable\n|\n|-heal|p2a: Clefable|45\/100|[from] item: Leftovers\n|upkeep\n|turn|31\n|\n|t:|1699918826\n|move|p1a: Roserade|Energy Ball|p2a: Clefable\n|-resisted|p2a: Clefable\n|-damage|p2a: Clefable|22\/100\n|move|p2a: Clefable|Moonblast|p1a: Roserade\n|-resisted|p1a: Roserade\n|-damage|p1a: Roserade|41\/100\n|\n|-heal|p2a: Clefable|71\/100|[from] move: Wish|[wisher] Clefable\n|-heal|p2a: Clefable|77\/100|[from] item: Leftovers\n|-end|p1a: Roserade|Encore\n|upkeep\n|turn|32\n|\n|t:|1699918837\n|move|p1a: Roserade|Sleep Powder|p2a: Clefable\n|-status|p2a: Clefable|slp|[from] move: Sleep Powder\n|cant|p2a: Clefable|slp\n|\n|-heal|p2a: Clefable|83\/100 slp|[from] item: Leftovers\n|upkeep\n|turn|33\n|\n|t:|1699918843\n|switch|p1a: Sneasler|Sneasler, L28, M, shiny|100\/100\n|-damage|p1a: Sneasler|95\/100|[from] Stealth Rock\n|-curestatus|p2a: Clefable|slp|[msg]\n|move|p2a: Clefable|Wish|p2a: Clefable\n|\n|-heal|p2a: Clefable|89\/100|[from] item: Leftovers\n|upkeep\n|turn|34\n|\n|t:|1699918850\n|move|p1a: Sneasler|Close Combat|p2a: Clefable\n|-supereffective|p2a: Clefable\n|-damage|p2a: Clefable|0 fnt\n|-unboost|p1a: Sneasler|def|1\n|-unboost|p1a: Sneasler|spd|1\n|faint|p2a: Clefable\n|\n|win|Sc4rletQu33n\n","uploadtime":1699918858,"views":8,"p1id":"sc4rletqu33n","p2id":"extranumb","formatid":"gen9nationaldexubers","rating":0,"private":0,"password":""}