{"id":"gen9nationaldexubers-1992770295","p1":"SummarizedG","p2":"FrostBv","format":"[Gen 9] National Dex Ubers","log":"|j|\u2606SummarizedG\n|j|\u2606FrostBv\n|t:|1700233914\n|gametype|singles\n|player|p1|SummarizedG|scientist|1048\n|player|p2|FrostBv|giovanni|1104\n|teamsize|p1|6\n|teamsize|p2|6\n|gen|9\n|tier|[Gen 9] National Dex Ubers\n|rated|\n|rule|HP Percentage Mod: HP is shown in percentages\n|rule|Endless Battle Clause: Forcing endless battles is banned\n|rule|OHKO Clause: OHKO moves are banned\n|rule|Evasion Moves Clause: Evasion moves are banned\n|rule|Evasion Items Clause: Evasion items are banned\n|rule|Species Clause: Limit one of each Pok\u00e9mon\n|rule|Sleep Clause Mod: Limit one foe put to sleep\n|rule|Mega Rayquaza Clause: You cannot mega evolve Rayquaza\n|clearpoke\n|poke|p1|Corviknight, M|\n|poke|p1|Aggron, F|\n|poke|p1|Lucario, M|\n|poke|p1|Excadrill, M|\n|poke|p1|Bisharp, F|\n|poke|p1|Magnezone|\n|poke|p2|Deoxys-Defense|\n|poke|p2|Yveltal|\n|poke|p2|Groudon|\n|poke|p2|Dragapult, F|\n|poke|p2|Metagross|\n|poke|p2|Zygarde|\n|teampreview\n|inactive|Battle timer is ON: inactive players will automatically lose when time's up. (requested by SummarizedG)\n|\n|t:|1700233919\n|start\n|switch|p1a: Bisharp|Bisharp, F|100\/100\n|switch|p2a: Deoxys|Deoxys-Defense|100\/100\n|-ability|p2a: Deoxys|Pressure\n|turn|1\n|\n|t:|1700233926\n|move|p1a: Bisharp|Swords Dance|p1a: Bisharp\n|-boost|p1a: Bisharp|atk|2\n|move|p2a: Deoxys|Stealth Rock|p1a: Bisharp\n|-sidestart|p1: SummarizedG|move: Stealth Rock\n|\n|upkeep\n|turn|2\n|\n|t:|1700233933\n|move|p1a: Bisharp|Beat Up|p2a: Deoxys\n|-supereffective|p2a: Deoxys\n|-damage|p2a: Deoxys|76\/100\n|-supereffective|p2a: Deoxys\n|-damage|p2a: Deoxys|50\/100\n|-supereffective|p2a: Deoxys\n|-damage|p2a: Deoxys|25\/100\n|-supereffective|p2a: Deoxys\n|-damage|p2a: Deoxys|0 fnt\n|faint|p2a: Deoxys\n|-hitcount|p2: Deoxys|4\n|\n|upkeep\n|\n|t:|1700233943\n|switch|p2a: Groudon|Groudon|100\/100\n|detailschange|p2a: Groudon|Groudon-Primal\n|-primal|p2a: Groudon|Red Orb\n|-weather|DesolateLand|[from] ability: Desolate Land|[of] p2a: Groudon\n|turn|3\n|\n|t:|1700233951\n|-terastallize|p1a: Bisharp|Dark\n|move|p2a: Groudon|Eruption|p1a: Bisharp\n|-damage|p1a: Bisharp|0 fnt\n|faint|p1a: Bisharp\n|\n|-weather|DesolateLand|[upkeep]\n|upkeep\n|\n|t:|1700233964\n|switch|p1a: Aggron|Aggron, F|100\/100\n|-damage|p1a: Aggron|94\/100|[from] Stealth Rock\n|turn|4\n|\n|t:|1700233968\n|detailschange|p1a: Aggron|Aggron-Mega, F\n|-mega|p1a: Aggron|Aggron|Aggronite\n|move|p2a: Groudon|Precipice Blades|p1a: Aggron\n|-supereffective|p1a: Aggron\n|-damage|p1a: Aggron|54\/100\n|move|p1a: Aggron|Curse|p1a: Aggron\n|-unboost|p1a: Aggron|spe|1\n|-boost|p1a: Aggron|atk|1\n|-boost|p1a: Aggron|def|1\n|\n|-weather|DesolateLand|[upkeep]\n|upkeep\n|turn|5\n|\n|t:|1700233978\n|move|p2a: Groudon|Eruption|p1a: Aggron\n|-supereffective|p1a: Aggron\n|-damage|p1a: Aggron|0 fnt\n|faint|p1a: Aggron\n|\n|-weather|DesolateLand|[upkeep]\n|upkeep\n|\n|t:|1700233988\n|switch|p1a: Excadrill|Excadrill, M|100\/100\n|-damage|p1a: Excadrill|97\/100|[from] Stealth Rock\n|-ability|p1a: Excadrill|Mold Breaker\n|turn|6\n|\n|t:|1700233993\n|move|p2a: Groudon|Precipice Blades|p1a: Excadrill\n|-supereffective|p1a: Excadrill\n|-damage|p1a: Excadrill|0 fnt\n|faint|p1a: Excadrill\n|\n|-weather|DesolateLand|[upkeep]\n|upkeep\n|\n|t:|1700233996\n|switch|p1a: Lucario|Lucario, M|100\/100\n|-damage|p1a: Lucario|98\/100|[from] Stealth Rock\n|turn|7\n|\n|t:|1700234000\n|move|p1a: Lucario|Vacuum Wave|p2a: Groudon\n|-crit|p2a: Groudon\n|-damage|p2a: Groudon|57\/100\n|-damage|p1a: Lucario|88\/100|[from] item: Life Orb\n|move|p2a: Groudon|Eruption|p1a: Lucario\n|-supereffective|p1a: Lucario\n|-damage|p1a: Lucario|0 fnt\n|faint|p1a: Lucario\n|\n|-weather|DesolateLand|[upkeep]\n|upkeep\n|\n|t:|1700234006\n|switch|p1a: Magnezone|Magnezone|100\/100\n|-damage|p1a: Magnezone|94\/100|[from] Stealth Rock\n|-item|p1a: Magnezone|Air Balloon\n|turn|8\n|\n|t:|1700234012\n|move|p2a: Groudon|Eruption|p1a: Magnezone\n|-supereffective|p1a: Magnezone\n|-damage|p1a: Magnezone|0 fnt\n|-enditem|p1a: Magnezone|Air Balloon\n|faint|p1a: Magnezone\n|\n|-weather|DesolateLand|[upkeep]\n|upkeep\n|\n|t:|1700234015\n|switch|p1a: Corviknight|Corviknight, M|100\/100\n|-damage|p1a: Corviknight|88\/100|[from] Stealth Rock\n|-ability|p1a: Corviknight|Pressure\n|turn|9\n|\n|t:|1700234022\n|move|p2a: Groudon|Eruption|p1a: Corviknight\n|-supereffective|p1a: Corviknight\n|-damage|p1a: Corviknight|0 fnt\n|faint|p1a: Corviknight\n|\n|win|FrostBv\n|raw|SummarizedG's rating: 1048 &rarr; <strong>1034<\/strong><br \/>(-14 for losing)\n|raw|FrostBv's rating: 1104 &rarr; <strong>1125<\/strong><br \/>(+21 for winning)\n","uploadtime":1700234030,"views":13,"p1id":"summarizedg","p2id":"frostbv","formatid":"gen9nationaldexubers","rating":1034,"private":0,"password":""}