{"id":"gen9nationaldexubers-1978755940","p1":"mantidfly","p2":"TylerEx22","format":"[Gen 9] National Dex Ubers","log":"|j|\u2606mantidfly\n|j|\u2606TylerEx22\n|t:|1698591352\n|gametype|singles\n|player|p1|mantidfly|rocketgrunt|1147\n|player|p2|TylerEx22|silver|1082\n|teamsize|p1|6\n|teamsize|p2|6\n|gen|9\n|tier|[Gen 9] National Dex Ubers\n|rated|\n|rule|HP Percentage Mod: HP is shown in percentages\n|rule|Endless Battle Clause: Forcing endless battles is banned\n|rule|OHKO Clause: OHKO moves are banned\n|rule|Evasion Moves Clause: Evasion moves are banned\n|rule|Evasion Items Clause: Evasion items are banned\n|rule|Species Clause: Limit one of each Pok\u00e9mon\n|rule|Sleep Clause Mod: Limit one foe put to sleep\n|rule|Mega Rayquaza Clause: You cannot mega evolve Rayquaza\n|clearpoke\n|poke|p1|Darkrai|\n|poke|p1|Weavile, M|\n|poke|p1|Honchkrow, F|\n|poke|p1|Greninja-*, M|\n|poke|p1|Sceptile, M|\n|poke|p1|Murkrow, M|\n|poke|p2|Durant, M|\n|poke|p2|Diglett, F|\n|poke|p2|Cottonee, L1, F|\n|poke|p2|Regice|\n|poke|p2|Cetoddle, F|\n|poke|p2|Corsola-Galar, F|\n|teampreview\n|c|\u2606mantidfly|glhf\n|inactive|Battle timer is ON: inactive players will automatically lose when time's up. (requested by mantidfly)\n|c|\u2606TylerEx22|like my team\n|\n|t:|1698591364\n|start\n|switch|p1a: Murkrow|Murkrow, M|100\/100\n|switch|p2a: Cetoddle|Cetoddle, F|100\/100\n|turn|1\n|c|\u2606mantidfly|sure\n|c|\u2606mantidfly|u like mine\n|c|\u2606mantidfly|dark types\n|\n|t:|1698591390\n|move|p2a: Cetoddle|Protect|p2a: Cetoddle\n|-singleturn|p2a: Cetoddle|Protect\n|move|p1a: Murkrow|Thunder Wave|p2a: Cetoddle\n|-activate|p2a: Cetoddle|move: Protect\n|\n|upkeep\n|turn|2\n|\n|t:|1698591395\n|move|p1a: Murkrow|Thunder Wave|p2a: Cetoddle\n|-status|p2a: Cetoddle|par\n|move|p2a: Cetoddle|Belly Drum|p2a: Cetoddle\n|-damage|p2a: Cetoddle|50\/100 par\n|-setboost|p2a: Cetoddle|atk|6|[from] move: Belly Drum\n|\n|-heal|p2a: Cetoddle|57\/100 par|[from] item: Leftovers\n|upkeep\n|turn|3\n|c|\u2606TylerEx22|Yesh\n|\n|t:|1698591415\n|move|p2a: Cetoddle|Protect|p2a: Cetoddle\n|-singleturn|p2a: Cetoddle|Protect\n|move|p1a: Murkrow|Substitute|p1a: Murkrow\n|-start|p1a: Murkrow|Substitute\n|-damage|p1a: Murkrow|76\/100\n|\n|-heal|p2a: Cetoddle|63\/100 par|[from] item: Leftovers\n|upkeep\n|turn|4\n|\n|t:|1698591431\n|move|p1a: Murkrow|Calm Mind|p1a: Murkrow\n|-boost|p1a: Murkrow|spa|1\n|-boost|p1a: Murkrow|spd|1\n|cant|p2a: Cetoddle|par\n|\n|-heal|p2a: Cetoddle|69\/100 par|[from] item: Leftovers\n|upkeep\n|turn|5\n|\n|t:|1698591445\n|move|p1a: Murkrow|Calm Mind|p1a: Murkrow\n|-boost|p1a: Murkrow|spa|1\n|-boost|p1a: Murkrow|spd|1\n|move|p2a: Cetoddle|Ice Shard|p1a: Murkrow\n|-supereffective|p1a: Murkrow\n|-end|p1a: Murkrow|Substitute\n|\n|-heal|p2a: Cetoddle|75\/100 par|[from] item: Leftovers\n|upkeep\n|turn|6\n|inactive|TylerEx22 has 120 seconds left.\n|c|\u2606mantidfly|?\n|\n|t:|1698591482\n|move|p1a: Murkrow|Substitute|p1a: Murkrow\n|-start|p1a: Murkrow|Substitute\n|-damage|p1a: Murkrow|51\/100\n|move|p2a: Cetoddle|Ice Shard|p1a: Murkrow\n|-supereffective|p1a: Murkrow\n|-end|p1a: Murkrow|Substitute\n|\n|-heal|p2a: Cetoddle|81\/100 par|[from] item: Leftovers\n|upkeep\n|turn|7\n|\n|t:|1698591497\n|switch|p1a: Weavile|Weavile, M|100\/100\n|-ability|p1a: Weavile|Pressure\n|move|p2a: Cetoddle|Ice Shard|p1a: Weavile\n|-resisted|p1a: Weavile\n|-damage|p1a: Weavile|47\/100\n|\n|-heal|p2a: Cetoddle|88\/100 par|[from] item: Leftovers\n|upkeep\n|turn|8\n|c|\u2606TylerEx22|One thing\n|c|\u2606mantidfly|yeah\n|c|\u2606TylerEx22|Why is murkow so fast\n|c|\u2606mantidfly|its the fastest thing ever\n|inactive|mantidfly has 120 seconds left.\n|c|\u2606mantidfly|!weakness machoke\n|c| mantidfly|\/raw <div class=\"infobox\">Machoke (ignoring abilities):<br \/><span class=\"message-effect-weak\">Weaknesses<\/span>: Fairy, Flying, Psychic<br \/><span class=\"message-effect-resist\">Resistances<\/span>: Bug, Dark, Rock<br \/><span class=\"message-effect-immune\">Immunities<\/span>: <font color=#999999>None<\/font><\/div>\n|c|\u2606TylerEx22|Regilieki is\n|inactive|mantidfly has 90 seconds left.\n|c|\u2606TylerEx22|I thought he was immune to psychic\n|\n|t:|1698591567\n|switch|p1a: Greninja|Greninja, M|100\/100\n|cant|p2a: Cetoddle|par\n|\n|-heal|p2a: Cetoddle|94\/100 par|[from] item: Leftovers\n|upkeep\n|turn|9\n|\n|t:|1698591573\n|move|p1a: Greninja|Water Shuriken|p2a: Cetoddle\n|-damage|p2a: Cetoddle|79\/100 par\n|-damage|p2a: Cetoddle|66\/100 par\n|-hitcount|p2a: Cetoddle|2\n|-damage|p1a: Greninja|91\/100|[from] item: Life Orb\n|cant|p2a: Cetoddle|par\n|\n|-heal|p2a: Cetoddle|72\/100 par|[from] item: Leftovers\n|upkeep\n|turn|10\n|c|\u2606mantidfly|goin good\n|inactive|TylerEx22 has 120 seconds left.\n|\n|t:|1698591608\n|cant|p2a: Cetoddle|par\n|move|p1a: Greninja|Water Shuriken|p2a: Cetoddle\n|-damage|p2a: Cetoddle|58\/100 par\n|-damage|p2a: Cetoddle|42\/100 par\n|-damage|p2a: Cetoddle|29\/100 par\n|-damage|p2a: Cetoddle|14\/100 par\n|-damage|p2a: Cetoddle|0 fnt\n|faint|p2a: Cetoddle\n|-ability|p1a: Greninja|Battle Bond|boost\n|-boost|p1a: Greninja|atk|1\n|-boost|p1a: Greninja|spa|1\n|-boost|p1a: Greninja|spe|1\n|-activate|p1a: Greninja|ability: Battle Bond\n|-hitcount|p2: Cetoddle|5\n|-damage|p1a: Greninja|81\/100|[from] item: Life Orb\n|\n|upkeep\n|\n|t:|1698591613\n|switch|p2a: Regice|Regice|100\/100\n|turn|11\n|c|\u2606mantidfly|hehe\n|inactive|mantidfly has 90 seconds left.\n|\n|t:|1698591633\n|move|p1a: Greninja|Dark Pulse|p2a: Regice\n|-damage|p2a: Regice|73\/100\n|-damage|p1a: Greninja|71\/100|[from] item: Life Orb\n|cant|p2a: Regice|flinch\n|\n|-heal|p2a: Regice|79\/100|[from] item: Leftovers\n|upkeep\n|turn|12\n|inactive|mantidfly has 90 seconds left.\n|c|\u2606mantidfly|rng is on my side\n|inactive|TylerEx22 has 120 seconds left.\n|\n|t:|1698591652\n|move|p1a: Greninja|Dark Pulse|p2a: Regice\n|-damage|p2a: Regice|48\/100\n|-damage|p1a: Greninja|61\/100|[from] item: Life Orb\n|move|p2a: Regice|Thunder Wave|p1a: Greninja\n|-status|p1a: Greninja|par\n|\n|-heal|p2a: Regice|54\/100|[from] item: Leftovers\n|upkeep\n|turn|13\n|inactive|mantidfly has 90 seconds left.\n|\n|t:|1698591665\n|cant|p1a: Greninja|par\n|move|p2a: Regice|Dynamic Punch|p1a: Greninja|[miss]\n|-miss|p2a: Regice|p1a: Greninja\n|\n|-heal|p2a: Regice|60\/100|[from] item: Leftovers\n|upkeep\n|turn|14\n|\n|t:|1698591670\n|move|p1a: Greninja|Water Shuriken|p2a: Regice\n|-damage|p2a: Regice|54\/100\n|-damage|p2a: Regice|48\/100\n|-damage|p2a: Regice|43\/100\n|-damage|p2a: Regice|37\/100\n|-hitcount|p2a: Regice|4\n|-damage|p1a: Greninja|51\/100 par|[from] item: Life Orb\n|move|p2a: Regice|Dynamic Punch|p1a: Greninja|[miss]\n|-miss|p2a: Regice|p1a: Greninja\n|\n|-heal|p2a: Regice|43\/100|[from] item: Leftovers\n|upkeep\n|turn|15\n|c|\u2606mantidfly|fun\n|inactive|mantidfly has 90 seconds left.\n|\n|t:|1698591705\n|cant|p1a: Greninja|par\n|move|p2a: Regice|Dynamic Punch|p1a: Greninja\n|-supereffective|p1a: Greninja\n|-damage|p1a: Greninja|12\/100 par\n|-start|p1a: Greninja|confusion\n|\n|-heal|p2a: Regice|49\/100|[from] item: Leftovers\n|upkeep\n|turn|16\n|\n|t:|1698591710\n|-activate|p1a: Greninja|confusion\n|cant|p1a: Greninja|par\n|move|p2a: Regice|Defense Curl|p2a: Regice\n|-boost|p2a: Regice|def|1\n|\n|-heal|p2a: Regice|55\/100|[from] item: Leftovers\n|upkeep\n|turn|17\n|inactive|mantidfly has 90 seconds left.\n|c|\u2606TylerEx22|Nice\n|\n|t:|1698591717\n|-activate|p1a: Greninja|confusion\n|move|p1a: Greninja|Water Shuriken|p2a: Regice\n|-damage|p2a: Regice|50\/100\n|-damage|p2a: Regice|44\/100\n|-damage|p2a: Regice|39\/100\n|-hitcount|p2a: Regice|3\n|-damage|p1a: Greninja|2\/100 par|[from] item: Life Orb\n|move|p2a: Regice|Defense Curl|p2a: Regice\n|-boost|p2a: Regice|def|1\n|\n|-heal|p2a: Regice|45\/100|[from] item: Leftovers\n|upkeep\n|turn|18\n|c|\u2606mantidfly|weirdest battle ngl\n|inactive|mantidfly has 90 seconds left.\n|c|\u2606TylerEx22|Free defense boost\n|\n|t:|1698591744\n|-end|p1a: Greninja|confusion\n|move|p1a: Greninja|Water Shuriken|p2a: Regice\n|-damage|p2a: Regice|40\/100\n|-damage|p2a: Regice|34\/100\n|-damage|p2a: Regice|28\/100\n|-damage|p2a: Regice|23\/100\n|-damage|p2a: Regice|18\/100\n|-hitcount|p2a: Regice|5\n|-damage|p1a: Greninja|0 fnt|[from] item: Life Orb\n|faint|p1a: Greninja\n|move|p2a: Regice|Defense Curl|p2a: Regice\n|-boost|p2a: Regice|def|1\n|\n|-heal|p2a: Regice|24\/100|[from] item: Leftovers\n|upkeep\n|c|\u2606mantidfly|yup\n|\n|t:|1698591773\n|switch|p1a: Darkrai|Darkrai|100\/100\n|turn|19\n|\n|t:|1698591782\n|move|p1a: Darkrai|Dark Pulse|p2a: Regice\n|-crit|p2a: Regice\n|-damage|p2a: Regice|0 fnt\n|faint|p2a: Regice\n|-damage|p1a: Darkrai|91\/100|[from] item: Life Orb\n|\n|upkeep\n|\n|t:|1698591789\n|switch|p2a: Cottonee|Cottonee, L1, F|100\/100\n|turn|20\n|\n|t:|1698591807\n|-terastallize|p1a: Darkrai|Steel\n|move|p2a: Cottonee|Leech Seed|p1a: Darkrai\n|-start|p1a: Darkrai|move: Leech Seed\n|move|p1a: Darkrai|Sludge Bomb|p2a: Cottonee\n|-supereffective|p2a: Cottonee\n|-enditem|p2a: Cottonee|Focus Sash\n|-damage|p2a: Cottonee|9\/100\n|-damage|p1a: Darkrai|81\/100|[from] item: Life Orb\n|\n|-damage|p1a: Darkrai|68\/100|[from] Leech Seed|[of] p2a: Cottonee\n|-heal|p2a: Cottonee|100\/100|[silent]\n|upkeep\n|turn|21\n|c|\u2606mantidfly|bruh what\n|\n|t:|1698591821\n|move|p2a: Cottonee|Substitute|p2a: Cottonee\n|-start|p2a: Cottonee|Substitute\n|-damage|p2a: Cottonee|75\/100\n|move|p1a: Darkrai|Hypnosis|p2a: Cottonee|[miss]\n|-miss|p1a: Darkrai|p2a: Cottonee\n|\n|-damage|p1a: Darkrai|56\/100|[from] Leech Seed|[of] p2a: Cottonee\n|-heal|p2a: Cottonee|100\/100|[silent]\n|upkeep\n|turn|22\n|\n|t:|1698591830\n|switch|p1a: Weavile|Weavile, M|47\/100\n|-ability|p1a: Weavile|Pressure\n|move|p2a: Cottonee|Protect||[still]\n|-fail|p2a: Cottonee\n|\n|upkeep\n|turn|23\n|\n|t:|1698591845\n|move|p2a: Cottonee|Leech Seed|p1a: Weavile\n|-hint|Since gen 7, Dark is immune to Prankster moves.\n|-immune|p1a: Weavile\n|move|p1a: Weavile|Triple Axel|p2a: Cottonee\n|-supereffective|p2a: Cottonee\n|-crit|p2a: Cottonee\n|-end|p2a: Cottonee|Substitute\n|-hitcount|p2a: Cottonee|1\n|\n|upkeep\n|turn|24\n|\n|t:|1698591872\n|switch|p1a: Darkrai|Darkrai, tera:Steel|56\/100\n|move|p2a: Cottonee|Protect||[still]\n|-fail|p2a: Cottonee\n|\n|upkeep\n|turn|25\n|\n|t:|1698591879\n|move|p2a: Cottonee|Substitute|p2a: Cottonee\n|-start|p2a: Cottonee|Substitute\n|-damage|p2a: Cottonee|75\/100\n|move|p1a: Darkrai|Hypnosis||[still]\n|-fail|p1a: Darkrai\n|\n|upkeep\n|turn|26\n|\n|t:|1698591884\n|move|p2a: Cottonee|Leech Seed|p1a: Darkrai\n|-start|p1a: Darkrai|move: Leech Seed\n|move|p1a: Darkrai|Sludge Bomb|p2a: Cottonee\n|-supereffective|p2a: Cottonee\n|-end|p2a: Cottonee|Substitute\n|-damage|p1a: Darkrai|46\/100|[from] item: Life Orb\n|\n|-damage|p1a: Darkrai|33\/100|[from] Leech Seed|[of] p2a: Cottonee\n|-heal|p2a: Cottonee|100\/100|[silent]\n|upkeep\n|turn|27\n|c|\u2606mantidfly|interesting\n|\n|t:|1698591906\n|move|p2a: Cottonee|Protect|p2a: Cottonee\n|-singleturn|p2a: Cottonee|Protect\n|move|p1a: Darkrai|Hypnosis|p2a: Cottonee\n|-activate|p2a: Cottonee|move: Protect\n|\n|-damage|p1a: Darkrai|21\/100|[from] Leech Seed|[of] p2a: Cottonee\n|upkeep\n|turn|28\n|\n|t:|1698591911\n|switch|p1a: Murkrow|Murkrow, M|51\/100\n|move|p2a: Cottonee|Substitute|p2a: Cottonee\n|-start|p2a: Cottonee|Substitute\n|-damage|p2a: Cottonee|75\/100\n|\n|upkeep\n|turn|29\n|\n|t:|1698591915\n|move|p1a: Murkrow|Thunder Wave||[still]\n|-fail|p1a: Murkrow\n|move|p2a: Cottonee|Leech Seed|p1a: Murkrow\n|-hint|Since gen 7, Dark is immune to Prankster moves.\n|-immune|p1a: Murkrow\n|\n|upkeep\n|turn|30\n|\n|t:|1698591920\n|move|p2a: Cottonee|Leech Seed|p1a: Murkrow\n|-hint|Since gen 7, Dark is immune to Prankster moves.\n|-immune|p1a: Murkrow\n|move|p1a: Murkrow|Hurricane|p2a: Cottonee\n|-supereffective|p2a: Cottonee\n|-end|p2a: Cottonee|Substitute\n|\n|upkeep\n|turn|31\n|c|\u2606mantidfly|hehe\n|c|\u2606TylerEx22|Oh shit\n|\n|t:|1698591944\n|move|p2a: Cottonee|Protect|p2a: Cottonee\n|-singleturn|p2a: Cottonee|Protect\n|move|p1a: Murkrow|Thunder Wave|p2a: Cottonee\n|-activate|p2a: Cottonee|move: Protect\n|\n|upkeep\n|turn|32\n|c|\u2606mantidfly|hehe\n|inactive|TylerEx22 has 120 seconds left.\n|\n|t:|1698591968\n|switch|p2a: Corsola|Corsola-Galar, F|100\/100\n|move|p1a: Murkrow|Thunder Wave|p2a: Corsola\n|-status|p2a: Corsola|par\n|\n|upkeep\n|turn|33\n|\n|t:|1698591977\n|switch|p1a: Honchkrow|Honchkrow, F|100\/100\n|cant|p2a: Corsola|par\n|\n|upkeep\n|turn|34\n|inactive|mantidfly has 120 seconds left.\n|inactive|TylerEx22 has 120 seconds left.\n|\n|t:|1698592003\n|move|p1a: Honchkrow|Brave Bird|p2a: Corsola\n|-damage|p2a: Corsola|21\/100 par\n|-damage|p1a: Honchkrow|76\/100|[from] Recoil\n|-damage|p1a: Honchkrow|66\/100|[from] item: Life Orb\n|cant|p2a: Corsola|par\n|\n|-heal|p2a: Corsola|27\/100 par|[from] item: Leftovers\n|upkeep\n|turn|35\n|inactive|mantidfly has 120 seconds left.\n|\n|t:|1698592013\n|move|p1a: Honchkrow|Dual Wingbeat|p2a: Corsola\n|-damage|p2a: Corsola|0 fnt\n|faint|p2a: Corsola\n|-ability|p1a: Honchkrow|Moxie|boost\n|-boost|p1a: Honchkrow|atk|1\n|-hitcount|p2: Corsola|1\n|-damage|p1a: Honchkrow|56\/100|[from] item: Life Orb\n|\n|upkeep\n|\n|t:|1698592016\n|switch|p2a: Cottonee|Cottonee, L1, F|75\/100\n|turn|36\n|\n|t:|1698592028\n|move|p2a: Cottonee|Protect|p2a: Cottonee\n|-singleturn|p2a: Cottonee|Protect\n|move|p1a: Honchkrow|Steel Wing|p2a: Cottonee\n|-activate|p2a: Cottonee|move: Protect\n|\n|upkeep\n|turn|37\n|\n|t:|1698592053\n|switch|p1a: Murkrow|Murkrow, M|51\/100\n|move|p2a: Cottonee|Leech Seed|p1a: Murkrow\n|-hint|Since gen 7, Dark is immune to Prankster moves.\n|-immune|p1a: Murkrow\n|\n|upkeep\n|turn|38\n|c|\u2606mantidfly|:>\n|\n|t:|1698592066\n|move|p2a: Cottonee|Protect|p2a: Cottonee\n|-singleturn|p2a: Cottonee|Protect\n|move|p1a: Murkrow|Thunder Wave|p2a: Cottonee\n|-activate|p2a: Cottonee|move: Protect\n|\n|upkeep\n|turn|39\n|\n|t:|1698592073\n|move|p1a: Murkrow|Thunder Wave|p2a: Cottonee\n|-status|p2a: Cottonee|par\n|move|p2a: Cottonee|Substitute|p2a: Cottonee\n|-start|p2a: Cottonee|Substitute\n|-damage|p2a: Cottonee|50\/100 par\n|\n|upkeep\n|turn|40\n|\n|t:|1698592083\n|move|p2a: Cottonee|Protect|p2a: Cottonee\n|-singleturn|p2a: Cottonee|Protect\n|move|p1a: Murkrow|Hurricane|p2a: Cottonee\n|-activate|p2a: Cottonee|move: Protect\n|\n|upkeep\n|turn|41\n|\n|t:|1698592088\n|move|p1a: Murkrow|Hurricane|p2a: Cottonee|[miss]\n|-miss|p1a: Murkrow|p2a: Cottonee\n|move|p2a: Cottonee|Energy Ball|p1a: Murkrow\n|-resisted|p1a: Murkrow\n|-damage|p1a: Murkrow|50\/100\n|\n|upkeep\n|turn|42\n|\n|t:|1698592091\n|move|p1a: Murkrow|Hurricane|p2a: Cottonee|[miss]\n|-miss|p1a: Murkrow|p2a: Cottonee\n|move|p2a: Cottonee|Energy Ball|p1a: Murkrow\n|-resisted|p1a: Murkrow\n|-damage|p1a: Murkrow|50\/100\n|\n|upkeep\n|turn|43\n|\n|t:|1698592100\n|move|p2a: Cottonee|Protect|p2a: Cottonee\n|-singleturn|p2a: Cottonee|Protect\n|move|p1a: Murkrow|Hurricane|p2a: Cottonee\n|-activate|p2a: Cottonee|move: Protect\n|\n|upkeep\n|turn|44\n|inactive|TylerEx22 has 120 seconds left.\n|\n|t:|1698592135\n|move|p1a: Murkrow|Hurricane|p2a: Cottonee|[miss]\n|-miss|p1a: Murkrow|p2a: Cottonee\n|cant|p2a: Cottonee|par\n|\n|upkeep\n|turn|45\n|c|\u2606mantidfly|u still got this?\n|\n|t:|1698592139\n|move|p2a: Cottonee|Protect|p2a: Cottonee\n|-singleturn|p2a: Cottonee|Protect\n|move|p1a: Murkrow|Hurricane|p2a: Cottonee\n|-activate|p2a: Cottonee|move: Protect\n|\n|upkeep\n|turn|46\n|c|\u2606mantidfly|rng reeally on ur side rn\n|l|\u2606TylerEx22\n|inactive|TylerEx22 disconnected and has a minute to reconnect!\n|player|p2|\n|j|\u2606TylerEx22\n|inactive|TylerEx22 reconnected and has 110 seconds left.\n|player|p2|TylerEx22|silver\n|\n|t:|1698592169\n|move|p1a: Murkrow|Hurricane|p2a: Cottonee\n|-supereffective|p2a: Cottonee\n|-end|p2a: Cottonee|Substitute\n|move|p2a: Cottonee|Energy Ball|p1a: Murkrow\n|-resisted|p1a: Murkrow\n|-damage|p1a: Murkrow|50\/100\n|\n|upkeep\n|turn|47\n|\n|t:|1698592178\n|move|p2a: Cottonee|Protect|p2a: Cottonee\n|-singleturn|p2a: Cottonee|Protect\n|move|p1a: Murkrow|Hurricane|p2a: Cottonee\n|-activate|p2a: Cottonee|move: Protect\n|\n|upkeep\n|turn|48\n|inactive|TylerEx22 has 120 seconds left.\n|\n|t:|1698592189\n|move|p2a: Cottonee|Substitute|p2a: Cottonee\n|-start|p2a: Cottonee|Substitute\n|-damage|p2a: Cottonee|25\/100 par\n|move|p1a: Murkrow|Hurricane|p2a: Cottonee\n|-supereffective|p2a: Cottonee\n|-end|p2a: Cottonee|Substitute\n|\n|upkeep\n|turn|49\n|\n|t:|1698592195\n|move|p2a: Cottonee|Protect|p2a: Cottonee\n|-singleturn|p2a: Cottonee|Protect\n|move|p1a: Murkrow|Hurricane|p2a: Cottonee\n|-activate|p2a: Cottonee|move: Protect\n|\n|upkeep\n|turn|50\n|\n|t:|1698592200\n|move|p1a: Murkrow|Hurricane|p2a: Cottonee|[miss]\n|-miss|p1a: Murkrow|p2a: Cottonee\n|move|p2a: Cottonee|Energy Ball|p1a: Murkrow\n|-resisted|p1a: Murkrow\n|-damage|p1a: Murkrow|49\/100\n|\n|upkeep\n|turn|51\n|\n|t:|1698592204\n|move|p2a: Cottonee|Protect|p2a: Cottonee\n|-singleturn|p2a: Cottonee|Protect\n|move|p1a: Murkrow|Calm Mind|p1a: Murkrow\n|-boost|p1a: Murkrow|spa|1\n|-boost|p1a: Murkrow|spd|1\n|\n|upkeep\n|turn|52\n|\n|t:|1698592209\n|move|p1a: Murkrow|Hurricane|p2a: Cottonee\n|-supereffective|p2a: Cottonee\n|-damage|p2a: Cottonee|0 fnt\n|faint|p2a: Cottonee\n|\n|upkeep\n|\n|t:|1698592212\n|switch|p2a: Durant|Durant, M, shiny|100\/100\n|turn|53\n|c|\u2606mantidfly|ookay\n|\n|t:|1698592225\n|move|p2a: Durant|First Impression|p1a: Murkrow\n|-damage|p1a: Murkrow|0 fnt\n|faint|p1a: Murkrow\n|\n|upkeep\n|c|\u2606mantidfly|L\n|c|\u2606TylerEx22|Wdym L\n|c|\u2606mantidfly|for me\n|\n|t:|1698592242\n|switch|p1a: Honchkrow|Honchkrow, F|56\/100\n|turn|54\n|\n|t:|1698592245\n|move|p1a: Honchkrow|Sucker Punch||[still]\n|-fail|p1a: Honchkrow\n|cant|p2a: Durant|ability: Truant\n|\n|upkeep\n|turn|55\n|\n|t:|1698592251\n|move|p1a: Honchkrow|Sucker Punch||[still]\n|-fail|p1a: Honchkrow\n|move|p2a: Durant|Entrainment|p1a: Honchkrow\n|-endability|p1a: Honchkrow|Moxie|[from] move: Entrainment\n|-ability|p1a: Honchkrow|Truant|[from] move: Entrainment\n|\n|upkeep\n|turn|56\n|c|\u2606mantidfly|h\n|\n|t:|1698592273\n|switch|p2a: Diglett|Diglett, F, shiny|100\/100\n|cant|p1a: Honchkrow|ability: Truant\n|\n|upkeep\n|turn|57\n|\n|t:|1698592285\n|move|p2a: Diglett|Protect|p2a: Diglett\n|-singleturn|p2a: Diglett|Protect\n|move|p1a: Honchkrow|Brave Bird|p2a: Diglett\n|-activate|p2a: Diglett|move: Protect\n|\n|upkeep\n|turn|58\n|c|\u2606TylerEx22|Guess I win\n|\n|t:|1698592298\n|switch|p1a: Sceptile|Sceptile, M|100\/100\n|move|p2a: Diglett|Swords Dance|p2a: Diglett\n|-boost|p2a: Diglett|atk|2\n|\n|upkeep\n|turn|59\n|c|\u2606TylerEx22|How\n|c|\u2606TylerEx22|I was arena trap\n|\n|t:|1698592316\n|move|p1a: Sceptile|Endure|p1a: Sceptile\n|-singleturn|p1a: Sceptile|move: Endure\n|move|p2a: Diglett|Protect||[still]\n|-fail|p2a: Diglett\n|\n|upkeep\n|turn|60\n|inactive|TylerEx22 has 120 seconds left.\n|c|\u2606mantidfly|idk\n|c|\u2606mantidfly|i cant switch rn\n|c|\u2606TylerEx22|This makes no sense\n|c|\u2606mantidfly|!data arena trap\n|raw|<ul class=\"utilichart\"><li class=\"result\"><span class=\"col namecol\"><a href=\"https:\/\/dex.pokemonshowdown.com\/abilities\/arenatrap\">Arena Trap<\/a><\/span> <span class=\"col abilitydesccol\">Prevents opposing Pokemon from choosing to switch out unless they are airborne.<\/span> <\/li><li style=\"clear:both\"><\/li><\/ul>\n\n|\n|t:|1698592371\n|move|p1a: Sceptile|Frenzy Plant|p2a: Diglett\n|-supereffective|p2a: Diglett\n|-damage|p2a: Diglett|0 fnt\n|-mustrecharge|p1a: Sceptile\n|faint|p2a: Diglett\n|\n|upkeep\n|c|\u2606mantidfly|unless theyre airborne\n|\n|t:|1698592375\n|switch|p2a: Durant|Durant, M, shiny|100\/100\n|turn|61\n|c|\u2606mantidfly|okay\\\n|\n|t:|1698592382\n|move|p2a: Durant|First Impression|p1a: Sceptile\n|-supereffective|p1a: Sceptile\n|-damage|p1a: Sceptile|0 fnt\n|faint|p1a: Sceptile\n|\n|upkeep\n|\n|t:|1698592398\n|switch|p1a: Honchkrow|Honchkrow, F|56\/100\n|turn|62\n|c|\u2606TylerEx22|Fuck sake\n|inactive|TylerEx22 has 120 seconds left.\n|\n|t:|1698592405\n|move|p1a: Honchkrow|Sucker Punch||[still]\n|-fail|p1a: Honchkrow\n|cant|p2a: Durant|ability: Truant\n|\n|upkeep\n|turn|63\n|c|\u2606mantidfly|i forgor\n|\n|t:|1698592413\n|switch|p1a: Darkrai|Darkrai, tera:Steel|21\/100\n|move|p2a: Durant|Entrainment|p1a: Darkrai\n|-endability|p1a: Darkrai|Bad Dreams|[from] move: Entrainment\n|-ability|p1a: Darkrai|Truant|[from] move: Entrainment\n|\n|upkeep\n|turn|64\n|\n|t:|1698592423\n|move|p1a: Darkrai|Hypnosis|p2a: Durant\n|-status|p2a: Durant|slp|[from] move: Hypnosis\n|cant|p2a: Durant|slp\n|\n|upkeep\n|turn|65\n|\n|t:|1698592433\n|switch|p1a: Honchkrow|Honchkrow, F|56\/100\n|cant|p2a: Durant|slp\n|\n|upkeep\n|turn|66\n|\n|t:|1698592438\n|-curestatus|p2a: Durant|slp|[msg]\n|cant|p2a: Durant|ability: Truant\n|move|p1a: Honchkrow|Brave Bird|p2a: Durant\n|-damage|p2a: Durant|11\/100\n|-damage|p1a: Honchkrow|28\/100|[from] Recoil\n|-damage|p1a: Honchkrow|18\/100|[from] item: Life Orb\n|\n|upkeep\n|turn|67\n|\n|t:|1698592448\n|move|p2a: Durant|Shadow Claw|p1a: Honchkrow\n|-resisted|p1a: Honchkrow\n|-damage|p1a: Honchkrow|3\/100\n|move|p1a: Honchkrow|Dual Wingbeat|p2a: Durant\n|-damage|p2a: Durant|0 fnt\n|faint|p2a: Durant\n|-hitcount|p2: Durant|1\n|-damage|p1a: Honchkrow|0 fnt|[from] item: Life Orb\n|faint|p1a: Honchkrow\n|\n|win|mantidfly\n|raw|mantidfly's rating: 1147 &rarr; <strong>1166<\/strong><br \/>(+19 for winning)\n|raw|TylerEx22's rating: 1068 &rarr; <strong>1052<\/strong><br \/>(-16 for losing)\n|l|\u2606TylerEx22\n|c|\u2606mantidfly|this is the weirdest battkle\n|c|\u2606mantidfly|gg\n","uploadtime":1698592459,"views":7,"p1id":"mantidfly","p2id":"tylerex22","formatid":"gen9nationaldexubers","rating":1052,"private":0,"password":""}