{"id":"gen9nationaldexubers-1987343595","p1":"kitmash","p2":"Peruvius","format":"[Gen 9] National Dex Ubers","log":"|j|\u2606kitmash\n|j|\u2606Peruvius\n|t:|1699579781\n|gametype|singles\n|player|p1|kitmash|101|1455\n|player|p2|Peruvius|lorelei-lgpe|1491\n|teamsize|p1|6\n|teamsize|p2|6\n|gen|9\n|tier|[Gen 9] National Dex Ubers\n|rated|\n|rule|HP Percentage Mod: HP is shown in percentages\n|rule|Endless Battle Clause: Forcing endless battles is banned\n|rule|OHKO Clause: OHKO moves are banned\n|rule|Evasion Moves Clause: Evasion moves are banned\n|rule|Evasion Items Clause: Evasion items are banned\n|rule|Species Clause: Limit one of each Pok\u00e9mon\n|rule|Sleep Clause Mod: Limit one foe put to sleep\n|rule|Mega Rayquaza Clause: You cannot mega evolve Rayquaza\n|clearpoke\n|poke|p1|Ursaluna-Bloodmoon, M|\n|poke|p1|Chi-Yu|\n|poke|p1|Salamence, F|\n|poke|p1|Arceus-Poison|\n|poke|p1|Lugia|\n|poke|p1|Zacian-*|\n|poke|p2|Deoxys-Attack|\n|poke|p2|Galvantula, F|\n|poke|p2|Dialga-Origin|\n|poke|p2|Zygarde|\n|poke|p2|Arceus-Dark|\n|poke|p2|Altaria, M|\n|teampreview\n|inactive|Battle timer is ON: inactive players will automatically lose when time's up. (requested by Peruvius)\n|\n|t:|1699579792\n|start\n|switch|p1a: Arceus|Arceus-Poison|100\/100\n|switch|p2a: Dialga|Dialga-Origin|100\/100\n|-ability|p2a: Dialga|Pressure\n|turn|1\n|\n|t:|1699579800\n|move|p1a: Arceus|Will-O-Wisp|p2a: Dialga\n|-status|p2a: Dialga|brn\n|move|p2a: Dialga|Thunder Wave|p1a: Arceus\n|-status|p1a: Arceus|par\n|\n|-damage|p2a: Dialga|94\/100 brn|[from] brn\n|upkeep\n|turn|2\n|\n|t:|1699579808\n|move|p2a: Dialga|Stealth Rock|p1a: Arceus\n|-sidestart|p1: kitmash|move: Stealth Rock\n|move|p1a: Arceus|Seismic Toss|p2a: Dialga\n|-damage|p2a: Dialga|70\/100 brn\n|\n|-damage|p2a: Dialga|63\/100 brn|[from] brn\n|upkeep\n|turn|3\n|\n|t:|1699579822\n|move|p2a: Dialga|Flash Cannon|p1a: Arceus\n|-damage|p1a: Arceus|78\/100 par\n|move|p1a: Arceus|Seismic Toss|p2a: Dialga\n|-damage|p2a: Dialga|39\/100 brn\n|\n|-damage|p2a: Dialga|32\/100 brn|[from] brn\n|upkeep\n|turn|4\n|\n|t:|1699579833\n|move|p2a: Dialga|Flash Cannon|p1a: Arceus\n|-damage|p1a: Arceus|56\/100 par\n|move|p1a: Arceus|Recover|p1a: Arceus\n|-heal|p1a: Arceus|100\/100 par\n|\n|-damage|p2a: Dialga|26\/100 brn|[from] brn\n|upkeep\n|turn|5\n|\n|t:|1699579840\n|move|p2a: Dialga|Flash Cannon|p1a: Arceus\n|-damage|p1a: Arceus|78\/100 par\n|cant|p1a: Arceus|par\n|\n|-damage|p2a: Dialga|20\/100 brn|[from] brn\n|upkeep\n|turn|6\n|\n|t:|1699579848\n|move|p2a: Dialga|Flash Cannon|p1a: Arceus\n|-damage|p1a: Arceus|53\/100 par\n|move|p1a: Arceus|Recover|p1a: Arceus\n|-heal|p1a: Arceus|100\/100 par\n|\n|-damage|p2a: Dialga|14\/100 brn|[from] brn\n|upkeep\n|turn|7\n|\n|t:|1699579855\n|move|p2a: Dialga|Flash Cannon|p1a: Arceus\n|-damage|p1a: Arceus|78\/100 par\n|cant|p1a: Arceus|par\n|\n|-damage|p2a: Dialga|8\/100 brn|[from] brn\n|upkeep\n|turn|8\n|\n|t:|1699579861\n|move|p2a: Dialga|Flash Cannon|p1a: Arceus\n|-damage|p1a: Arceus|54\/100 par\n|move|p1a: Arceus|Recover|p1a: Arceus\n|-heal|p1a: Arceus|100\/100 par\n|\n|-damage|p2a: Dialga|1\/100 brn|[from] brn\n|upkeep\n|turn|9\n|\n|t:|1699579869\n|move|p2a: Dialga|Flash Cannon|p1a: Arceus\n|-damage|p1a: Arceus|76\/100 par\n|move|p1a: Arceus|Recover|p1a: Arceus\n|-heal|p1a: Arceus|100\/100 par\n|\n|-damage|p2a: Dialga|0 fnt|[from] brn\n|faint|p2a: Dialga\n|upkeep\n|\n|t:|1699579882\n|switch|p2a: Arceus|Arceus-Dark|100\/100\n|turn|10\n|\n|t:|1699579894\n|switch|p1a: Lugia|Lugia|100\/100\n|move|p2a: Arceus|Calm Mind|p2a: Arceus\n|-boost|p2a: Arceus|spa|1\n|-boost|p2a: Arceus|spd|1\n|\n|upkeep\n|turn|11\n|\n|t:|1699579904\n|-terastallize|p1a: Lugia|Water\n|move|p2a: Arceus|Judgment|p1a: Lugia\n|-damage|p1a: Lugia|85\/100\n|move|p1a: Lugia|Toxic|p2a: Arceus\n|-status|p2a: Arceus|tox\n|\n|-damage|p2a: Arceus|94\/100 tox|[from] psn\n|upkeep\n|turn|12\n|\n|t:|1699579914\n|move|p2a: Arceus|Refresh|p2a: Arceus\n|-curestatus|p2a: Arceus|tox|[msg]\n|move|p1a: Lugia|Roost|p1a: Lugia\n|-heal|p1a: Lugia|100\/100\n|\n|upkeep\n|turn|13\n|\n|t:|1699579920\n|move|p2a: Arceus|Calm Mind|p2a: Arceus\n|-boost|p2a: Arceus|spa|1\n|-boost|p2a: Arceus|spd|1\n|move|p1a: Lugia|Whirlwind|p2a: Arceus\n|drag|p2a: Deoxys|Deoxys-Attack|100\/100\n|-ability|p2a: Deoxys|Pressure\n|\n|upkeep\n|turn|14\n|\n|t:|1699579929\n|move|p2a: Deoxys|Knock Off|p1a: Lugia\n|-damage|p1a: Lugia|89\/100\n|-enditem|p1a: Lugia|Heavy-Duty Boots|[from] move: Knock Off|[of] p2a: Deoxys\n|move|p1a: Lugia|Aeroblast|p2a: Deoxys\n|-enditem|p2a: Deoxys|Focus Sash\n|-damage|p2a: Deoxys|1\/100\n|\n|upkeep\n|turn|15\n|\n|t:|1699579937\n|move|p2a: Deoxys|Psychic|p1a: Lugia\n|-damage|p1a: Lugia|62\/100\n|move|p1a: Lugia|Roost|p1a: Lugia\n|-heal|p1a: Lugia|100\/100\n|\n|upkeep\n|turn|16\n|\n|t:|1699579943\n|move|p2a: Deoxys|Psychic|p1a: Lugia\n|-damage|p1a: Lugia|85\/100\n|move|p1a: Lugia|Aeroblast|p2a: Deoxys\n|-damage|p2a: Deoxys|0 fnt\n|faint|p2a: Deoxys\n|\n|upkeep\n|\n|t:|1699579949\n|switch|p2a: Galvantula|Galvantula, F|100\/100\n|turn|17\n|\n|t:|1699579961\n|switch|p1a: Arceus|Arceus-Poison|100\/100 par\n|-damage|p1a: Arceus|88\/100 par|[from] Stealth Rock\n|move|p2a: Galvantula|Hidden Power|p1a: Arceus\n|-damage|p1a: Arceus|80\/100 par\n|\n|upkeep\n|turn|18\n|\n|t:|1699579968\n|switch|p2a: Zygarde|Zygarde|100\/100\n|cant|p1a: Arceus|par\n|\n|upkeep\n|turn|19\n|\n|t:|1699579978\n|switch|p1a: Salamence|Salamence, F|100\/100\n|-damage|p1a: Salamence|76\/100|[from] Stealth Rock\n|-ability|p1a: Salamence|Intimidate|boost\n|-unboost|p2a: Zygarde|atk|1\n|move|p2a: Zygarde|Earthquake|p1a: Salamence\n|-immune|p1a: Salamence\n|\n|upkeep\n|turn|20\n|\n|t:|1699579987\n|detailschange|p1a: Salamence|Salamence-Mega, F\n|-mega|p1a: Salamence|Salamence|Salamencite\n|move|p1a: Salamence|Defog|p2a: Zygarde\n|-unboost|p2a: Zygarde|evasion|1\n|-sideend|p1: kitmash|Stealth Rock|[from] move: Defog|[of] p1a: Salamence\n|move|p2a: Zygarde|Glare|p1a: Salamence\n|-status|p1a: Salamence|par\n|\n|upkeep\n|turn|21\n|\n|t:|1699579995\n|move|p2a: Zygarde|Coil|p2a: Zygarde\n|-boost|p2a: Zygarde|atk|1\n|-boost|p2a: Zygarde|def|1\n|-boost|p2a: Zygarde|accuracy|1\n|move|p1a: Salamence|Toxic|p2a: Zygarde\n|-status|p2a: Zygarde|tox\n|\n|-damage|p2a: Zygarde|94\/100 tox|[from] psn\n|upkeep\n|turn|22\n|\n|t:|1699580003\n|switch|p2a: Altaria|Altaria, M|100\/100\n|switch|p1a: Ursaluna|Ursaluna-Bloodmoon, M|100\/100\n|\n|upkeep\n|turn|23\n|\n|t:|1699580011\n|detailschange|p2a: Altaria|Altaria-Mega, M\n|-mega|p2a: Altaria|Altaria|Altarianite\n|move|p2a: Altaria|Body Slam|p1a: Ursaluna\n|-damage|p1a: Ursaluna|75\/100\n|move|p1a: Ursaluna|Blood Moon|p2a: Altaria\n|-crit|p2a: Altaria\n|-damage|p2a: Altaria|0 fnt\n|faint|p2a: Altaria\n|\n|upkeep\n|\n|t:|1699580023\n|switch|p2a: Galvantula|Galvantula, F|100\/100\n|turn|24\n|\n|t:|1699580029\n|switch|p1a: Arceus|Arceus-Poison|80\/100 par\n|move|p2a: Galvantula|Sticky Web|p1a: Arceus\n|-sidestart|p1: kitmash|move: Sticky Web\n|\n|upkeep\n|turn|25\n|\n|t:|1699580036\n|move|p2a: Galvantula|Thunder|p1a: Arceus|[miss]\n|-miss|p2a: Galvantula|p1a: Arceus\n|cant|p1a: Arceus|par\n|\n|upkeep\n|turn|26\n|\n|t:|1699580042\n|move|p2a: Galvantula|Thunder|p1a: Arceus\n|-damage|p1a: Arceus|56\/100 par\n|move|p1a: Arceus|Gunk Shot|p2a: Galvantula\n|-enditem|p2a: Galvantula|Focus Sash\n|-damage|p2a: Galvantula|1\/100\n|\n|upkeep\n|turn|27\n|\n|t:|1699580049\n|move|p2a: Galvantula|Thunder|p1a: Arceus\n|-damage|p1a: Arceus|33\/100 par\n|move|p1a: Arceus|Recover|p1a: Arceus\n|-heal|p1a: Arceus|83\/100 par\n|\n|upkeep\n|turn|28\n|\n|t:|1699580055\n|move|p2a: Galvantula|Thunder|p1a: Arceus\n|-damage|p1a: Arceus|59\/100 par\n|move|p1a: Arceus|Seismic Toss|p2a: Galvantula\n|-damage|p2a: Galvantula|0 fnt\n|faint|p2a: Galvantula\n|\n|upkeep\n|\n|t:|1699580062\n|switch|p2a: Zygarde|Zygarde|94\/100 tox\n|turn|29\n|\n|t:|1699580067\n|switch|p1a: Ursaluna|Ursaluna-Bloodmoon, M|75\/100\n|-activate|p1a: Ursaluna|move: Sticky Web\n|-unboost|p1a: Ursaluna|spe|1\n|move|p2a: Zygarde|Coil|p2a: Zygarde\n|-boost|p2a: Zygarde|atk|1\n|-boost|p2a: Zygarde|def|1\n|-boost|p2a: Zygarde|accuracy|1\n|\n|-heal|p2a: Zygarde|100\/100 tox|[from] item: Leftovers\n|-damage|p2a: Zygarde|94\/100 tox|[from] psn\n|upkeep\n|turn|30\n|\n|t:|1699580080\n|move|p2a: Zygarde|Earthquake|p1a: Ursaluna\n|-damage|p1a: Ursaluna|37\/100\n|move|p1a: Ursaluna|Blood Moon|p2a: Zygarde\n|-damage|p2a: Zygarde|25\/100 tox\n|\n|-heal|p2a: Zygarde|31\/100 tox|[from] item: Leftovers\n|-damage|p2a: Zygarde|19\/100 tox|[from] psn\n|-activate|p2a: Zygarde|ability: Power Construct\n|detailschange|p2a: Zygarde|Zygarde-Complete\n|-heal|p2a: Zygarde|46\/100 tox|[silent]\n|upkeep\n|turn|31\n|\n|t:|1699580098\n|move|p2a: Zygarde|Iron Tail|p1a: Ursaluna\n|-damage|p1a: Ursaluna|13\/100\n|-activate|p1a: Ursaluna|move: Struggle\n|move|p1a: Ursaluna|Struggle|p2a: Zygarde\n|-damage|p2a: Zygarde|44\/100 tox\n|-damage|p1a: Ursaluna|0 fnt|[from] recoil\n|faint|p1a: Ursaluna\n|\n|-heal|p2a: Zygarde|50\/100 tox|[from] item: Leftovers\n|-damage|p2a: Zygarde|32\/100 tox|[from] psn\n|upkeep\n|\n|t:|1699580115\n|switch|p1a: Arceus|Arceus-Poison|59\/100 par\n|-activate|p1a: Arceus|move: Sticky Web\n|-unboost|p1a: Arceus|spe|1\n|turn|32\n|\n|t:|1699580120\n|move|p2a: Zygarde|Iron Tail|p1a: Arceus\n|-damage|p1a: Arceus|38\/100 par\n|move|p1a: Arceus|Seismic Toss|p2a: Zygarde\n|-damage|p2a: Zygarde|16\/100 tox\n|\n|-heal|p2a: Zygarde|22\/100 tox|[from] item: Leftovers\n|-damage|p2a: Zygarde|0 fnt|[from] psn\n|faint|p2a: Zygarde\n|upkeep\n|\n|t:|1699580128\n|switch|p2a: Arceus|Arceus-Dark|94\/100\n|turn|33\n|\n|t:|1699580131\n|switch|p1a: Zacian|Zacian-Crowned|100\/100\n|-activate|p1a: Zacian|move: Sticky Web\n|-unboost|p1a: Zacian|spe|1\n|-ability|p1a: Zacian|Intrepid Sword|boost\n|-boost|p1a: Zacian|atk|1\n|move|p2a: Arceus|Calm Mind|p2a: Arceus\n|-boost|p2a: Arceus|spa|1\n|-boost|p2a: Arceus|spd|1\n|\n|upkeep\n|turn|34\n|\n|t:|1699580140\n|-terastallize|p2a: Arceus|Dark\n|move|p2a: Arceus|Judgment|p1a: Zacian\n|-resisted|p1a: Zacian\n|-damage|p1a: Zacian|61\/100\n|move|p1a: Zacian|Play Rough|p2a: Arceus\n|-supereffective|p2a: Arceus\n|-damage|p2a: Arceus|35\/100\n|\n|upkeep\n|turn|35\n|\n|t:|1699580148\n|move|p2a: Arceus|Judgment|p1a: Zacian\n|-resisted|p1a: Zacian\n|-damage|p1a: Zacian|25\/100\n|move|p1a: Zacian|Play Rough|p2a: Arceus|[miss]\n|-miss|p1a: Zacian|p2a: Arceus\n|\n|upkeep\n|turn|36\n|\n|t:|1699580156\n|move|p2a: Arceus|Judgment|p1a: Zacian\n|-resisted|p1a: Zacian\n|-damage|p1a: Zacian|0 fnt\n|faint|p1a: Zacian\n|\n|upkeep\n|\n|t:|1699580163\n|switch|p1a: Chi-Yu|Chi-Yu|100\/100\n|-activate|p1a: Chi-Yu|move: Sticky Web\n|-unboost|p1a: Chi-Yu|spe|1\n|-ability|p1a: Chi-Yu|Beads of Ruin\n|turn|37\n|\n|t:|1699580169\n|move|p2a: Arceus|Recover|p2a: Arceus\n|-heal|p2a: Arceus|85\/100\n|move|p1a: Chi-Yu|Overheat|p2a: Arceus\n|-damage|p2a: Arceus|19\/100\n|-unboost|p1a: Chi-Yu|spa|2\n|\n|upkeep\n|turn|38\n|\n|t:|1699580187\n|move|p2a: Arceus|Recover|p2a: Arceus\n|-heal|p2a: Arceus|69\/100\n|move|p1a: Chi-Yu|Overheat|p2a: Arceus\n|-damage|p2a: Arceus|36\/100\n|-unboost|p1a: Chi-Yu|spa|2\n|\n|upkeep\n|turn|39\n|\n|t:|1699580202\n|switch|p1a: Arceus|Arceus-Poison|38\/100 par\n|-activate|p1a: Arceus|move: Sticky Web\n|-unboost|p1a: Arceus|spe|1\n|move|p2a: Arceus|Calm Mind|p2a: Arceus\n|-boost|p2a: Arceus|spa|1\n|-boost|p2a: Arceus|spd|1\n|\n|upkeep\n|turn|40\n|\n|t:|1699580210\n|move|p2a: Arceus|Judgment|p1a: Arceus\n|-damage|p1a: Arceus|0 fnt\n|faint|p1a: Arceus\n|\n|upkeep\n|\n|t:|1699580214\n|switch|p1a: Salamence|Salamence-Mega, F|76\/100 par\n|turn|41\n|\n|t:|1699580218\n|move|p2a: Arceus|Judgment|p1a: Salamence\n|-damage|p1a: Salamence|0 fnt\n|faint|p1a: Salamence\n|\n|upkeep\n|\n|t:|1699580222\n|switch|p1a: Lugia|Lugia, tera:Water|85\/100\n|-activate|p1a: Lugia|move: Sticky Web\n|-unboost|p1a: Lugia|spe|1\n|turn|42\n|\n|t:|1699580229\n|move|p2a: Arceus|Calm Mind|p2a: Arceus\n|-boost|p2a: Arceus|spa|1\n|-boost|p2a: Arceus|spd|1\n|move|p1a: Lugia|Toxic|p2a: Arceus\n|-status|p2a: Arceus|tox\n|\n|-damage|p2a: Arceus|30\/100 tox|[from] psn\n|upkeep\n|turn|43\n|\n|t:|1699580239\n|move|p2a: Arceus|Refresh|p2a: Arceus\n|-curestatus|p2a: Arceus|tox|[msg]\n|move|p1a: Lugia|Toxic|p2a: Arceus\n|-status|p2a: Arceus|tox\n|\n|-damage|p2a: Arceus|24\/100 tox|[from] psn\n|upkeep\n|turn|44\n|\n|t:|1699580248\n|move|p2a: Arceus|Recover|p2a: Arceus\n|-heal|p2a: Arceus|74\/100 tox\n|move|p1a: Lugia|Roost|p1a: Lugia\n|-heal|p1a: Lugia|100\/100\n|\n|-damage|p2a: Arceus|62\/100 tox|[from] psn\n|upkeep\n|turn|45\n|\n|t:|1699580258\n|move|p2a: Arceus|Refresh|p2a: Arceus\n|-curestatus|p2a: Arceus|tox|[msg]\n|move|p1a: Lugia|Toxic|p2a: Arceus\n|-status|p2a: Arceus|tox\n|\n|-damage|p2a: Arceus|56\/100 tox|[from] psn\n|upkeep\n|turn|46\n|\n|t:|1699580265\n|move|p2a: Arceus|Refresh|p2a: Arceus\n|-curestatus|p2a: Arceus|tox|[msg]\n|move|p1a: Lugia|Aeroblast|p2a: Arceus\n|-damage|p2a: Arceus|48\/100\n|\n|upkeep\n|turn|47\n|\n|t:|1699580270\n|move|p2a: Arceus|Judgment|p1a: Lugia\n|-damage|p1a: Lugia|67\/100\n|move|p1a: Lugia|Toxic|p2a: Arceus\n|-status|p2a: Arceus|tox\n|\n|-damage|p2a: Arceus|41\/100 tox|[from] psn\n|upkeep\n|turn|48\n|\n|t:|1699580279\n|move|p2a: Arceus|Judgment|p1a: Lugia\n|-damage|p1a: Lugia|0 fnt\n|faint|p1a: Lugia\n|\n|-damage|p2a: Arceus|29\/100 tox|[from] psn\n|upkeep\n|\n|t:|1699580285\n|switch|p1a: Chi-Yu|Chi-Yu|100\/100\n|-activate|p1a: Chi-Yu|move: Sticky Web\n|-unboost|p1a: Chi-Yu|spe|1\n|-ability|p1a: Chi-Yu|Beads of Ruin\n|turn|49\n|\n|t:|1699580292\n|move|p2a: Arceus|Refresh|p2a: Arceus\n|-curestatus|p2a: Arceus|tox|[msg]\n|move|p1a: Chi-Yu|Overheat|p2a: Arceus\n|-damage|p2a: Arceus|0 fnt\n|-unboost|p1a: Chi-Yu|spa|2\n|faint|p2a: Arceus\n|\n|win|kitmash\n|raw|kitmash's rating: 1455 &rarr; <strong>1477<\/strong><br \/>(+22 for winning)\n|raw|Peruvius's rating: 1491 &rarr; <strong>1469<\/strong><br \/>(-22 for losing)\n|l|\u2606Peruvius\n","uploadtime":1699580310,"views":12,"p1id":"kitmash","p2id":"peruvius","formatid":"gen9nationaldexubers","rating":1469,"private":0,"password":""}