{"id":"gen9nationaldexubers-1988056475","p1":"GPMDAVID","p2":"Gabriel PN","format":"[Gen 9] National Dex Ubers","log":"|j|\u2606GPMDAVID\n|j|\u2606Gabriel PN\n|t:|1699664204\n|gametype|singles\n|player|p1|GPMDAVID|giovanni|1089\n|player|p2|Gabriel PN|n|1101\n|teamsize|p1|6\n|teamsize|p2|6\n|gen|9\n|tier|[Gen 9] National Dex Ubers\n|rated|\n|rule|HP Percentage Mod: HP is shown in percentages\n|rule|Endless Battle Clause: Forcing endless battles is banned\n|rule|OHKO Clause: OHKO moves are banned\n|rule|Evasion Moves Clause: Evasion moves are banned\n|rule|Evasion Items Clause: Evasion items are banned\n|rule|Species Clause: Limit one of each Pok\u00e9mon\n|rule|Sleep Clause Mod: Limit one foe put to sleep\n|rule|Mega Rayquaza Clause: You cannot mega evolve Rayquaza\n|clearpoke\n|poke|p1|Annihilape, F|\n|poke|p1|Ceruledge, F|\n|poke|p1|Noivern, M|\n|poke|p1|Kingambit, M|\n|poke|p1|Toxtricity, F|\n|poke|p1|Landorus-Therian, M|\n|poke|p2|Medicham, M|\n|poke|p2|Swellow, M|\n|poke|p2|Nidoking, M|\n|poke|p2|Marshadow|\n|poke|p2|Decidueye-Hisui, M|\n|poke|p2|Shaymin-Sky|\n|teampreview\n|\n|t:|1699664221\n|start\n|switch|p1a: Noivern|Noivern, M, shiny|100\/100\n|switch|p2a: Nidoking|Nidoking, M|100\/100\n|turn|1\n|\n|t:|1699664231\n|move|p1a: Noivern|Draco Meteor|p2a: Nidoking\n|-crit|p2a: Nidoking\n|-enditem|p2a: Nidoking|Focus Sash\n|-damage|p2a: Nidoking|1\/100\n|-unboost|p1a: Noivern|spa|2\n|move|p2a: Nidoking|Toxic Spikes|p1a: Noivern\n|-sidestart|p1: GPMDAVID|move: Toxic Spikes\n|\n|upkeep\n|turn|2\n|\n|t:|1699664245\n|move|p1a: Noivern|Boomburst|p2a: Nidoking\n|-damage|p2a: Nidoking|0 fnt\n|faint|p2a: Nidoking\n|\n|upkeep\n|\n|t:|1699664251\n|switch|p2a: Decidueye|Decidueye-Hisui, M|100\/100\n|turn|3\n|\n|t:|1699664278\n|-terastallize|p2a: Decidueye|Electric\n|move|p1a: Noivern|Flamethrower|p2a: Decidueye\n|-damage|p2a: Decidueye|87\/100\n|move|p2a: Decidueye|Tera Blast|p1a: Noivern|[anim] Tera Blast Electric\n|-damage|p1a: Noivern|46\/100\n|\n|-heal|p1a: Noivern|52\/100|[from] item: Leftovers\n|upkeep\n|turn|4\n|\n|t:|1699664292\n|move|p1a: Noivern|Roost|p1a: Noivern\n|-heal|p1a: Noivern|100\/100\n|-singleturn|p1a: Noivern|move: Roost\n|move|p2a: Decidueye|Trailblaze|p1a: Noivern\n|-resisted|p1a: Noivern\n|-damage|p1a: Noivern|83\/100\n|-boost|p2a: Decidueye|spe|1\n|\n|-heal|p1a: Noivern|89\/100|[from] item: Leftovers\n|upkeep\n|turn|5\n|\n|t:|1699664329\n|move|p1a: Noivern|Draco Meteor|p2a: Decidueye\n|-damage|p2a: Decidueye|58\/100\n|-unboost|p1a: Noivern|spa|2\n|move|p2a: Decidueye|Swords Dance|p2a: Decidueye\n|-boost|p2a: Decidueye|atk|2\n|\n|-heal|p1a: Noivern|95\/100|[from] item: Leftovers\n|upkeep\n|turn|6\n|\n|t:|1699664342\n|move|p1a: Noivern|Boomburst|p2a: Decidueye\n|-damage|p2a: Decidueye|44\/100\n|move|p2a: Decidueye|Tera Blast|p1a: Noivern|[anim] Tera Blast Electric\n|-damage|p1a: Noivern|0 fnt\n|faint|p1a: Noivern\n|\n|upkeep\n|\n|t:|1699664356\n|switch|p1a: Landorus|Landorus-Therian, M|100\/100\n|-ability|p1a: Landorus|Intimidate|boost\n|-unboost|p2a: Decidueye|atk|1\n|turn|7\n|\n|t:|1699664376\n|move|p1a: Landorus|Earthquake|p2a: Decidueye\n|-supereffective|p2a: Decidueye\n|-damage|p2a: Decidueye|0 fnt\n|faint|p2a: Decidueye\n|\n|upkeep\n|\n|t:|1699664381\n|switch|p2a: Shaymin|Shaymin-Sky|100\/100\n|turn|8\n|\n|t:|1699664389\n|move|p2a: Shaymin|Energy Ball|p1a: Landorus\n|-crit|p1a: Landorus\n|-damage|p1a: Landorus|10\/100\n|move|p1a: Landorus|U-turn|p2a: Shaymin\n|-damage|p2a: Shaymin|65\/100\n|\n|t:|1699664394\n|switch|p1a: Ceruledge|Ceruledge, F|100\/100|[from] U-turn\n|-status|p1a: Ceruledge|psn\n|\n|-damage|p1a: Ceruledge|88\/100 psn|[from] psn\n|upkeep\n|turn|9\n|\n|t:|1699664407\n|switch|p2a: Marshadow|Marshadow|100\/100\n|move|p1a: Ceruledge|Bitter Blade|p2a: Marshadow\n|-damage|p2a: Marshadow|30\/100\n|-heal|p1a: Ceruledge|100\/100 psn|[from] drain|[of] p2a: Marshadow\n|\n|-damage|p1a: Ceruledge|88\/100 psn|[from] psn\n|upkeep\n|turn|10\n|\n|t:|1699664417\n|move|p2a: Marshadow|Shadow Sneak|p1a: Ceruledge\n|-supereffective|p1a: Ceruledge\n|-damage|p1a: Ceruledge|0 fnt\n|faint|p1a: Ceruledge\n|\n|upkeep\n|\n|t:|1699664431\n|switch|p1a: Annihilape|Annihilape, F|100\/100\n|-status|p1a: Annihilape|psn\n|turn|11\n|\n|t:|1699664454\n|move|p2a: Marshadow|Shadow Sneak|p1a: Annihilape\n|-supereffective|p1a: Annihilape\n|-damage|p1a: Annihilape|33\/100 psn\n|move|p1a: Annihilape|U-turn|p2a: Marshadow\n|-resisted|p2a: Marshadow\n|-damage|p2a: Marshadow|22\/100\n|\n|t:|1699664459\n|switch|p1a: Toxtricity|Toxtricity, F|100\/100|[from] U-turn\n|-sideend|p1: GPMDAVID|move: Toxic Spikes|[of] p1a: Toxtricity\n|\n|upkeep\n|turn|12\n|\n|t:|1699664473\n|move|p2a: Marshadow|Close Combat|p1a: Toxtricity\n|-resisted|p1a: Toxtricity\n|-damage|p1a: Toxtricity|49\/100\n|-unboost|p2a: Marshadow|def|1\n|-unboost|p2a: Marshadow|spd|1\n|move|p1a: Toxtricity|Boomburst|p2a: Marshadow\n|-immune|p2a: Marshadow\n|\n|upkeep\n|turn|13\n|\n|t:|1699664486\n|move|p2a: Marshadow|Close Combat|p1a: Toxtricity\n|-resisted|p1a: Toxtricity\n|-damage|p1a: Toxtricity|0 fnt\n|-unboost|p2a: Marshadow|def|1\n|-unboost|p2a: Marshadow|spd|1\n|faint|p1a: Toxtricity\n|\n|upkeep\n|\n|t:|1699664497\n|switch|p1a: Landorus|Landorus-Therian, M|10\/100\n|-ability|p1a: Landorus|Intimidate|boost\n|-unboost|p2a: Marshadow|atk|1\n|turn|14\n|\n|t:|1699664502\n|move|p2a: Marshadow|Shadow Sneak|p1a: Landorus\n|-damage|p1a: Landorus|0 fnt\n|faint|p1a: Landorus\n|\n|upkeep\n|\n|t:|1699664506\n|switch|p1a: Annihilape|Annihilape, F|33\/100 psn\n|turn|15\n|\n|t:|1699664511\n|move|p2a: Marshadow|Shadow Sneak|p1a: Annihilape\n|-supereffective|p1a: Annihilape\n|-damage|p1a: Annihilape|0 fnt\n|faint|p1a: Annihilape\n|\n|upkeep\n|\n|t:|1699664517\n|switch|p1a: Kingambit|Kingambit, M|100\/100\n|-activate|p1a: Kingambit|ability: Supreme Overlord\n|-start|p1a: Kingambit|fallen5|[silent]\n|turn|16\n|\n|t:|1699664529\n|move|p2a: Marshadow|Close Combat|p1a: Kingambit\n|-supereffective|p1a: Kingambit\n|-damage|p1a: Kingambit|0 fnt\n|-unboost|p2a: Marshadow|def|1\n|-unboost|p2a: Marshadow|spd|1\n|faint|p1a: Kingambit\n|-end|p1a: Kingambit|fallen5|[silent]\n|\n|win|Gabriel PN\n|raw|GPMDAVID's rating: 1089 &rarr; <strong>1066<\/strong><br \/>(-23 for losing)\n|raw|Gabriel PN's rating: 1101 &rarr; <strong>1125<\/strong><br \/>(+24 for winning)\n","uploadtime":1699664539,"views":16,"p1id":"gpmdavid","p2id":"gabrielpn","formatid":"gen9nationaldexubers","rating":1066,"private":0,"password":""}