{"id":"gen9nationaldexubers-1983015551","p1":"Ringo Starrr","p2":"REX 5462","format":"[Gen 9] National Dex Ubers","log":"|j|\u2606Ringo Starrr\n|j|\u2606REX 5462\n|t:|1699070297\n|gametype|singles\n|player|p1|Ringo Starrr|pilot|1103\n|player|p2|REX 5462|unknown|1084\n|teamsize|p1|6\n|teamsize|p2|6\n|gen|9\n|tier|[Gen 9] National Dex Ubers\n|rated|\n|rule|HP Percentage Mod: HP is shown in percentages\n|rule|Endless Battle Clause: Forcing endless battles is banned\n|rule|OHKO Clause: OHKO moves are banned\n|rule|Evasion Moves Clause: Evasion moves are banned\n|rule|Evasion Items Clause: Evasion items are banned\n|rule|Species Clause: Limit one of each Pok\u00e9mon\n|rule|Sleep Clause Mod: Limit one foe put to sleep\n|rule|Mega Rayquaza Clause: You cannot mega evolve Rayquaza\n|clearpoke\n|poke|p1|Pyukumuku, F|\n|poke|p1|Eiscue, F|\n|poke|p1|Slowbro-Galar, F|\n|poke|p1|Incineroar, M|\n|poke|p1|Corviknight, M|\n|poke|p1|Steelix, M|\n|poke|p2|Sirfetch\u2019d, M|\n|poke|p2|Lucario, F|\n|poke|p2|Dracovish|\n|poke|p2|Dragonite, F|\n|poke|p2|Gengar, M|\n|poke|p2|Pikachu-World, M|\n|teampreview\n|inactive|Battle timer is ON: inactive players will automatically lose when time's up. (requested by Ringo Starrr)\n|inactive|REX 5462 also wants the timer to be on.\n|\n|t:|1699070317\n|start\n|switch|p1a: Steelix|Steelix, M|100\/100\n|switch|p2a: Sirfetch\u2019d|Sirfetch\u2019d, M|100\/100\n|turn|1\n|\n|t:|1699070326\n|switch|p1a: Slowbro|Slowbro-Galar, F|100\/100\n|move|p2a: Sirfetch\u2019d|Meteor Assault|p1a: Slowbro\n|-resisted|p1a: Slowbro\n|-damage|p1a: Slowbro|84\/100\n|-mustrecharge|p2a: Sirfetch\u2019d\n|\n|upkeep\n|turn|2\n|\n|t:|1699070334\n|cant|p2a: Sirfetch\u2019d|recharge\n|move|p1a: Slowbro|Nasty Plot|p1a: Slowbro\n|-boost|p1a: Slowbro|spa|2\n|\n|upkeep\n|turn|3\n|\n|t:|1699070341\n|move|p2a: Sirfetch\u2019d|Brutal Swing|p1a: Slowbro\n|-supereffective|p1a: Slowbro\n|-crit|p1a: Slowbro\n|-damage|p1a: Slowbro|29\/100\n|move|p1a: Slowbro|Psychic|p2a: Sirfetch\u2019d\n|-supereffective|p2a: Sirfetch\u2019d\n|-damage|p2a: Sirfetch\u2019d|0 fnt\n|faint|p2a: Sirfetch\u2019d\n|\n|upkeep\n|\n|t:|1699070353\n|switch|p2a: Gengar|Gengar, M|100\/100\n|turn|4\n|-activate|p1a: Slowbro|ability: Quick Draw\n|\n|t:|1699070358\n|move|p1a: Slowbro|Psychic|p2a: Gengar\n|-supereffective|p2a: Gengar\n|-enditem|p2a: Gengar|Focus Sash\n|-damage|p2a: Gengar|1\/100\n|-start|p1a: Slowbro|Disable|Psychic|[from] ability: Cursed Body|[of] p2a: Gengar\n|move|p2a: Gengar|Shadow Ball|p1a: Slowbro\n|-supereffective|p1a: Slowbro\n|-damage|p1a: Slowbro|0 fnt\n|faint|p1a: Slowbro\n|\n|upkeep\n|\n|t:|1699070381\n|switch|p1a: Corviknight|Corviknight, M|100\/100\n|-ability|p1a: Corviknight|Pressure\n|turn|5\n|\n|t:|1699070386\n|move|p2a: Gengar|Hypnosis|p1a: Corviknight\n|-status|p1a: Corviknight|slp|[from] move: Hypnosis\n|cant|p1a: Corviknight|slp\n|\n|upkeep\n|turn|6\n|\n|t:|1699070392\n|move|p2a: Gengar|Shadow Ball|p1a: Corviknight\n|-damage|p1a: Corviknight|63\/100 slp\n|-curestatus|p1a: Corviknight|slp|[msg]\n|move|p1a: Corviknight|Agility|p1a: Corviknight\n|-boost|p1a: Corviknight|spe|2\n|\n|upkeep\n|turn|7\n|\n|t:|1699070401\n|move|p1a: Corviknight|Power Trip|p2a: Gengar\n|-supereffective|p2a: Gengar\n|-damage|p2a: Gengar|0 fnt\n|faint|p2a: Gengar\n|\n|upkeep\n|\n|t:|1699070407\n|switch|p2a: Pikachu|Pikachu-World, M|100\/100\n|turn|8\n|\n|t:|1699070412\n|switch|p1a: Steelix|Steelix, M|100\/100\n|move|p2a: Pikachu|Thunder Punch|p1a: Steelix\n|-immune|p1a: Steelix\n|\n|upkeep\n|turn|9\n|\n|t:|1699070421\n|switch|p2a: Dracovish|Dracovish|100\/100\n|move|p1a: Steelix|Curse|p1a: Steelix\n|-unboost|p1a: Steelix|spe|1\n|-boost|p1a: Steelix|atk|1\n|-boost|p1a: Steelix|def|1\n|\n|upkeep\n|turn|10\n|\n|t:|1699070435\n|switch|p1a: Pyukumuku|Pyukumuku, F|100\/100\n|move|p2a: Dracovish|Fishious Rend|p1a: Pyukumuku\n|-resisted|p1a: Pyukumuku\n|-damage|p1a: Pyukumuku|72\/100\n|\n|-heal|p1a: Pyukumuku|78\/100|[from] item: Leftovers\n|upkeep\n|turn|11\n|\n|t:|1699070445\n|move|p2a: Dracovish|Dragon Rush|p1a: Pyukumuku\n|-damage|p1a: Pyukumuku|54\/100\n|move|p1a: Pyukumuku|Toxic|p2a: Dracovish\n|-status|p2a: Dracovish|tox\n|\n|-heal|p1a: Pyukumuku|60\/100|[from] item: Leftovers\n|-damage|p2a: Dracovish|94\/100 tox|[from] psn\n|upkeep\n|turn|12\n|\n|t:|1699070458\n|switch|p2a: Pikachu|Pikachu-World, M|100\/100\n|move|p1a: Pyukumuku|Recover|p1a: Pyukumuku\n|-heal|p1a: Pyukumuku|100\/100\n|\n|upkeep\n|turn|13\n|\n|t:|1699070466\n|switch|p1a: Steelix|Steelix, M|100\/100\n|move|p2a: Pikachu|Thunder Punch|p1a: Steelix\n|-immune|p1a: Steelix\n|\n|upkeep\n|turn|14\n|\n|t:|1699070473\n|switch|p2a: Dracovish|Dracovish|94\/100 tox\n|move|p1a: Steelix|Stealth Rock|p2a: Dracovish\n|-sidestart|p2: REX 5462|move: Stealth Rock\n|\n|-damage|p2a: Dracovish|88\/100 tox|[from] psn\n|upkeep\n|turn|15\n|\n|t:|1699070481\n|switch|p1a: Pyukumuku|Pyukumuku, F|100\/100\n|move|p2a: Dracovish|Fishious Rend|p1a: Pyukumuku\n|-resisted|p1a: Pyukumuku\n|-damage|p1a: Pyukumuku|68\/100\n|\n|-heal|p1a: Pyukumuku|74\/100|[from] item: Leftovers\n|-damage|p2a: Dracovish|76\/100 tox|[from] psn\n|upkeep\n|turn|16\n|\n|t:|1699070491\n|switch|p2a: Pikachu|Pikachu-World, M|100\/100\n|-damage|p2a: Pikachu|88\/100|[from] Stealth Rock\n|move|p1a: Pyukumuku|Block|p2a: Pikachu\n|-activate|p2a: Pikachu|trapped\n|\n|-heal|p1a: Pyukumuku|80\/100|[from] item: Leftovers\n|upkeep\n|turn|17\n|\n|t:|1699070502\n|switch|p1a: Steelix|Steelix, M|100\/100\n|move|p2a: Pikachu|Play Rough|p1a: Steelix|[miss]\n|-miss|p2a: Pikachu|p1a: Steelix\n|\n|upkeep\n|turn|18\n|\n|t:|1699070510\n|move|p2a: Pikachu|Play Rough|p1a: Steelix|[miss]\n|-miss|p2a: Pikachu|p1a: Steelix\n|move|p1a: Steelix|Curse|p1a: Steelix\n|-unboost|p1a: Steelix|spe|1\n|-boost|p1a: Steelix|atk|1\n|-boost|p1a: Steelix|def|1\n|\n|upkeep\n|turn|19\n|\n|t:|1699070518\n|move|p2a: Pikachu|Play Rough|p1a: Steelix\n|-resisted|p1a: Steelix\n|-damage|p1a: Steelix|96\/100\n|move|p1a: Steelix|Curse|p1a: Steelix\n|-unboost|p1a: Steelix|spe|1\n|-boost|p1a: Steelix|atk|1\n|-boost|p1a: Steelix|def|1\n|\n|-heal|p1a: Steelix|100\/100|[from] item: Leftovers\n|upkeep\n|turn|20\n|\n|t:|1699070529\n|move|p2a: Pikachu|Iron Tail|p1a: Steelix\n|-resisted|p1a: Steelix\n|-damage|p1a: Steelix|97\/100\n|move|p1a: Steelix|Curse|p1a: Steelix\n|-unboost|p1a: Steelix|spe|1\n|-boost|p1a: Steelix|atk|1\n|-boost|p1a: Steelix|def|1\n|\n|-heal|p1a: Steelix|100\/100|[from] item: Leftovers\n|upkeep\n|turn|21\n|\n|t:|1699070541\n|switch|p2a: Dracovish|Dracovish|76\/100 tox\n|-damage|p2a: Dracovish|63\/100 tox|[from] Stealth Rock\n|move|p1a: Steelix|Curse|p1a: Steelix\n|-unboost|p1a: Steelix|spe|1\n|-boost|p1a: Steelix|atk|1\n|-boost|p1a: Steelix|def|1\n|\n|-damage|p2a: Dracovish|57\/100 tox|[from] psn\n|upkeep\n|turn|22\n|\n|t:|1699070552\n|move|p2a: Dracovish|Fishious Rend|p1a: Steelix\n|-supereffective|p1a: Steelix\n|-damage|p1a: Steelix|71\/100\n|move|p1a: Steelix|Head Smash|p2a: Dracovish\n|-damage|p2a: Dracovish|0 fnt\n|faint|p2a: Dracovish\n|\n|-heal|p1a: Steelix|77\/100|[from] item: Leftovers\n|upkeep\n|\n|t:|1699070562\n|switch|p2a: Lucario|Lucario, F|100\/100\n|-damage|p2a: Lucario|98\/100|[from] Stealth Rock\n|turn|23\n|c|\u2606Ringo Starrr|gg\n|\n|t:|1699070569\n|detailschange|p2a: Lucario|Lucario-Mega, F\n|-mega|p2a: Lucario|Lucario|Lucarionite\n|move|p2a: Lucario|Aura Sphere|p1a: Steelix\n|-supereffective|p1a: Steelix\n|-damage|p1a: Steelix|0 fnt\n|faint|p1a: Steelix\n|\n|upkeep\n|c|\u2606Ringo Starrr|nvm\n|\n|t:|1699070582\n|switch|p1a: Pyukumuku|Pyukumuku, F|80\/100\n|turn|24\n|\n|t:|1699070591\n|switch|p2a: Pikachu|Pikachu-World, M|88\/100\n|-damage|p2a: Pikachu|76\/100|[from] Stealth Rock\n|move|p1a: Pyukumuku|Soak|p2a: Pikachu\n|-start|p2a: Pikachu|typechange|Water\n|\n|-heal|p1a: Pyukumuku|86\/100|[from] item: Leftovers\n|upkeep\n|turn|25\n|\n|t:|1699070601\n|switch|p1a: Incineroar|Incineroar, M|100\/100\n|-ability|p1a: Incineroar|Intimidate|boost\n|-unboost|p2a: Pikachu|atk|1\n|move|p2a: Pikachu|Thunder Punch|p1a: Incineroar\n|-damage|p1a: Incineroar|79\/100\n|-status|p1a: Incineroar|par\n|\n|upkeep\n|turn|26\n|\n|t:|1699070612\n|move|p2a: Pikachu|Play Rough|p1a: Incineroar\n|-damage|p1a: Incineroar|55\/100 par\n|move|p1a: Incineroar|Bulk Up|p1a: Incineroar\n|-boost|p1a: Incineroar|atk|1\n|-boost|p1a: Incineroar|def|1\n|\n|upkeep\n|turn|27\n|\n|t:|1699070621\n|move|p2a: Pikachu|Thunder Punch|p1a: Incineroar\n|-damage|p1a: Incineroar|41\/100 par\n|move|p1a: Incineroar|Drain Punch|p2a: Pikachu\n|-damage|p2a: Pikachu|0 fnt\n|-heal|p1a: Incineroar|65\/100 par|[from] drain|[of] p2a: Pikachu\n|faint|p2a: Pikachu\n|\n|upkeep\n|\n|t:|1699070630\n|switch|p2a: Lucario|Lucario-Mega, F|98\/100\n|-damage|p2a: Lucario|95\/100|[from] Stealth Rock\n|turn|28\n|\n|t:|1699070636\n|move|p2a: Lucario|Aura Sphere|p1a: Incineroar\n|-supereffective|p1a: Incineroar\n|-damage|p1a: Incineroar|0 fnt\n|faint|p1a: Incineroar\n|\n|upkeep\n|\n|t:|1699070641\n|switch|p1a: Corviknight|Corviknight, M|63\/100\n|-ability|p1a: Corviknight|Pressure\n|turn|29\n|\n|t:|1699070648\n|-terastallize|p1a: Corviknight|Flying\n|move|p2a: Lucario|Aura Sphere|p1a: Corviknight\n|-resisted|p1a: Corviknight\n|-damage|p1a: Corviknight|35\/100\n|move|p1a: Corviknight|Agility|p1a: Corviknight\n|-boost|p1a: Corviknight|spe|2\n|\n|upkeep\n|turn|30\n|\n|t:|1699070658\n|move|p1a: Corviknight|Roost|p1a: Corviknight\n|-heal|p1a: Corviknight|85\/100\n|-hint|If a Flying Terastallized Pokemon uses Roost, it remains Flying-type.\n|move|p2a: Lucario|Flash Cannon|p1a: Corviknight\n|-damage|p1a: Corviknight|35\/100\n|\n|upkeep\n|turn|31\n|\n|t:|1699070665\n|move|p1a: Corviknight|Roost|p1a: Corviknight\n|-heal|p1a: Corviknight|85\/100\n|-hint|If a Flying Terastallized Pokemon uses Roost, it remains Flying-type.\n|move|p2a: Lucario|Flash Cannon|p1a: Corviknight\n|-damage|p1a: Corviknight|34\/100\n|\n|upkeep\n|turn|32\n|\n|t:|1699070676\n|move|p1a: Corviknight|Roost|p1a: Corviknight\n|-heal|p1a: Corviknight|84\/100\n|-hint|If a Flying Terastallized Pokemon uses Roost, it remains Flying-type.\n|move|p2a: Lucario|Flash Cannon|p1a: Corviknight\n|-damage|p1a: Corviknight|34\/100\n|\n|upkeep\n|turn|33\n|\n|t:|1699070683\n|move|p2a: Lucario|Vacuum Wave|p1a: Corviknight\n|-resisted|p1a: Corviknight\n|-damage|p1a: Corviknight|20\/100\n|move|p1a: Corviknight|Roost|p1a: Corviknight\n|-heal|p1a: Corviknight|70\/100\n|-hint|If a Flying Terastallized Pokemon uses Roost, it remains Flying-type.\n|\n|upkeep\n|turn|34\n|\n|t:|1699070694\n|move|p1a: Corviknight|Bulk Up|p1a: Corviknight\n|-boost|p1a: Corviknight|atk|1\n|-boost|p1a: Corviknight|def|1\n|move|p2a: Lucario|Flash Cannon|p1a: Corviknight\n|-damage|p1a: Corviknight|19\/100\n|\n|upkeep\n|turn|35\n|\n|t:|1699070701\n|move|p1a: Corviknight|Roost|p1a: Corviknight\n|-heal|p1a: Corviknight|69\/100\n|-hint|If a Flying Terastallized Pokemon uses Roost, it remains Flying-type.\n|move|p2a: Lucario|Flash Cannon|p1a: Corviknight\n|-damage|p1a: Corviknight|11\/100\n|\n|upkeep\n|turn|36\n|\n|t:|1699070709\n|move|p2a: Lucario|Vacuum Wave|p1a: Corviknight\n|-resisted|p1a: Corviknight\n|-damage|p1a: Corviknight|0 fnt\n|faint|p1a: Corviknight\n|\n|upkeep\n|\n|t:|1699070715\n|switch|p1a: Eiscue|Eiscue, F|100\/100\n|turn|37\n|\n|t:|1699070718\n|move|p2a: Lucario|Vacuum Wave|p1a: Eiscue\n|-supereffective|p1a: Eiscue\n|-damage|p1a: Eiscue|24\/100\n|-enditem|p1a: Eiscue|Sitrus Berry|[eat]\n|-heal|p1a: Eiscue|49\/100|[from] item: Sitrus Berry\n|move|p1a: Eiscue|Substitute|p1a: Eiscue\n|-start|p1a: Eiscue|Substitute\n|-damage|p1a: Eiscue|24\/100\n|\n|upkeep\n|turn|38\n|c|\u2606Ringo Starrr|gg\n|c|\u2606Ringo Starrr|the other way tho\n|c|\u2606REX 5462|Uh..\n|inactive|Ringo Starrr has 120 seconds left.\n|\n|t:|1699070748\n|move|p2a: Lucario|Aura Sphere|p1a: Eiscue\n|-supereffective|p1a: Eiscue\n|-end|p1a: Eiscue|Substitute\n|move|p1a: Eiscue|Icicle Crash|p2a: Lucario\n|-resisted|p2a: Lucario\n|-damage|p2a: Lucario|74\/100\n|\n|upkeep\n|turn|39\n|c|\u2606Ringo Starrr|its joever for me\n|inactive|Ringo Starrr has 120 seconds left.\n|\n|t:|1699070759\n|move|p2a: Lucario|Vacuum Wave|p1a: Eiscue\n|-supereffective|p1a: Eiscue\n|-damage|p1a: Eiscue|0 fnt\n|faint|p1a: Eiscue\n|\n|upkeep\n|\n|t:|1699070762\n|switch|p1a: Pyukumuku|Pyukumuku, F|86\/100\n|turn|40\n|\n|t:|1699070769\n|move|p2a: Lucario|Dragon Pulse|p1a: Pyukumuku\n|-damage|p1a: Pyukumuku|62\/100\n|move|p1a: Pyukumuku|Soak|p2a: Lucario\n|-start|p2a: Lucario|typechange|Water\n|\n|-heal|p1a: Pyukumuku|68\/100|[from] item: Leftovers\n|upkeep\n|turn|41\n|\n|t:|1699070778\n|move|p2a: Lucario|Aura Sphere|p1a: Pyukumuku\n|-damage|p1a: Pyukumuku|42\/100\n|move|p1a: Pyukumuku|Toxic|p2a: Lucario\n|-status|p2a: Lucario|tox\n|\n|-heal|p1a: Pyukumuku|48\/100|[from] item: Leftovers\n|-damage|p2a: Lucario|68\/100 tox|[from] psn\n|upkeep\n|turn|42\n|c|\u2606Ringo Starrr|actually if i saved eiscue for dragonite i mightve had a chance\n|c|\u2606Ringo Starrr|frick\n|\n|t:|1699070796\n|move|p2a: Lucario|Aura Sphere|p1a: Pyukumuku\n|-damage|p1a: Pyukumuku|26\/100\n|move|p1a: Pyukumuku|Recover|p1a: Pyukumuku\n|-heal|p1a: Pyukumuku|76\/100\n|\n|-heal|p1a: Pyukumuku|82\/100|[from] item: Leftovers\n|-damage|p2a: Lucario|56\/100 tox|[from] psn\n|upkeep\n|turn|43\n|c|\u2606REX 5462|I hate this poke\n|\n|t:|1699070807\n|move|p2a: Lucario|Aura Sphere|p1a: Pyukumuku\n|-damage|p1a: Pyukumuku|60\/100\n|move|p1a: Pyukumuku|Block|p2a: Lucario\n|-activate|p2a: Lucario|trapped\n|\n|-heal|p1a: Pyukumuku|66\/100|[from] item: Leftovers\n|-damage|p2a: Lucario|38\/100 tox|[from] psn\n|upkeep\n|turn|44\n|\n|t:|1699070822\n|move|p2a: Lucario|Aura Sphere|p1a: Pyukumuku\n|-crit|p1a: Pyukumuku\n|-damage|p1a: Pyukumuku|29\/100\n|move|p1a: Pyukumuku|Recover|p1a: Pyukumuku\n|-heal|p1a: Pyukumuku|79\/100\n|\n|-heal|p1a: Pyukumuku|86\/100|[from] item: Leftovers\n|-damage|p2a: Lucario|13\/100 tox|[from] psn\n|upkeep\n|turn|45\n|\n|t:|1699070836\n|move|p2a: Lucario|Aura Sphere|p1a: Pyukumuku\n|-damage|p1a: Pyukumuku|60\/100\n|move|p1a: Pyukumuku|Recover|p1a: Pyukumuku\n|-heal|p1a: Pyukumuku|100\/100\n|\n|-damage|p2a: Lucario|0 fnt|[from] psn\n|faint|p2a: Lucario\n|upkeep\n|c|\u2606Ringo Starrr|lesgo\n|c|\u2606REX 5462|!weak pyukumuku\n|c| REX 5462|\/raw <div class=\"infobox\">Pyukumuku (ignoring abilities):<br \/><span class=\"message-effect-weak\">Weaknesses<\/span>: Electric, Grass<br \/><span class=\"message-effect-resist\">Resistances<\/span>: Fire, Ice, Steel, Water<br \/><span class=\"message-effect-immune\">Immunities<\/span>: <font color=#999999>None<\/font><\/div>\n|inactive|REX 5462 has 120 seconds left.\n|\n|t:|1699070856\n|switch|p2a: Dragonite|Dragonite, F|100\/100\n|-damage|p2a: Dragonite|76\/100|[from] Stealth Rock\n|turn|46\n|inactive|REX 5462 has 120 seconds left.\n|c|\u2606Ringo Starrr|pure water\n|\n|t:|1699070874\n|move|p2a: Dragonite|Dual Wingbeat|p1a: Pyukumuku\n|-damage|p1a: Pyukumuku|88\/100\n|-damage|p1a: Pyukumuku|75\/100\n|-hitcount|p1a: Pyukumuku|2\n|move|p1a: Pyukumuku|Toxic|p2a: Dragonite|[miss]\n|-miss|p1a: Pyukumuku|p2a: Dragonite\n|\n|-heal|p2a: Dragonite|82\/100|[from] item: Leftovers\n|-heal|p1a: Pyukumuku|81\/100|[from] item: Leftovers\n|upkeep\n|turn|47\n|inactive|REX 5462 has 120 seconds left.\n|\n|t:|1699070886\n|move|p2a: Dragonite|Dragon Dance|p2a: Dragonite\n|-boost|p2a: Dragonite|atk|1\n|-boost|p2a: Dragonite|spe|1\n|move|p1a: Pyukumuku|Toxic|p2a: Dragonite\n|-status|p2a: Dragonite|tox\n|\n|-heal|p2a: Dragonite|88\/100 tox|[from] item: Leftovers\n|-heal|p1a: Pyukumuku|87\/100|[from] item: Leftovers\n|-damage|p2a: Dragonite|82\/100 tox|[from] psn\n|upkeep\n|turn|48\n|inactive|REX 5462 has 120 seconds left.\n|\n|t:|1699070896\n|move|p2a: Dragonite|Dragon Dance|p2a: Dragonite\n|-boost|p2a: Dragonite|atk|1\n|-boost|p2a: Dragonite|spe|1\n|move|p1a: Pyukumuku|Toxic|p2a: Dragonite|[miss]\n|-miss|p1a: Pyukumuku|p2a: Dragonite\n|\n|-heal|p2a: Dragonite|88\/100 tox|[from] item: Leftovers\n|-heal|p1a: Pyukumuku|93\/100|[from] item: Leftovers\n|-damage|p2a: Dragonite|76\/100 tox|[from] psn\n|upkeep\n|turn|49\n|inactive|REX 5462 has 120 seconds left.\n|\n|t:|1699070907\n|move|p2a: Dragonite|Dragon Dance|p2a: Dragonite\n|-boost|p2a: Dragonite|atk|1\n|-boost|p2a: Dragonite|spe|1\n|move|p1a: Pyukumuku|Soak|p2a: Dragonite\n|-start|p2a: Dragonite|typechange|Water\n|\n|-heal|p2a: Dragonite|82\/100 tox|[from] item: Leftovers\n|-heal|p1a: Pyukumuku|99\/100|[from] item: Leftovers\n|-damage|p2a: Dragonite|63\/100 tox|[from] psn\n|upkeep\n|turn|50\n|inactive|REX 5462 has 120 seconds left.\n|\n|t:|1699070918\n|move|p2a: Dragonite|Dragon Dance|p2a: Dragonite\n|-boost|p2a: Dragonite|atk|1\n|-boost|p2a: Dragonite|spe|1\n|move|p1a: Pyukumuku|Toxic|p2a: Dragonite\n|-fail|p2a: Dragonite|tox\n|\n|-heal|p2a: Dragonite|70\/100 tox|[from] item: Leftovers\n|-heal|p1a: Pyukumuku|100\/100|[from] item: Leftovers\n|-damage|p2a: Dragonite|45\/100 tox|[from] psn\n|upkeep\n|turn|51\n|inactive|REX 5462 has 120 seconds left.\n|\n|t:|1699070928\n|move|p2a: Dragonite|Dragon Dance|p2a: Dragonite\n|-boost|p2a: Dragonite|atk|1\n|-boost|p2a: Dragonite|spe|1\n|move|p1a: Pyukumuku|Recover||[still]\n|-fail|p1a: Pyukumuku|heal\n|\n|-heal|p2a: Dragonite|51\/100 tox|[from] item: Leftovers\n|-damage|p2a: Dragonite|20\/100 tox|[from] psn\n|upkeep\n|turn|52\n|inactive|REX 5462 has 120 seconds left.\n|c|\u2606REX 5462|Gg\n|c|\u2606Ringo Starrr|gg\n|\n|t:|1699070947\n|move|p2a: Dragonite|Dragon Claw|p1a: Pyukumuku\n|-damage|p1a: Pyukumuku|82\/100\n|move|p1a: Pyukumuku|Recover|p1a: Pyukumuku\n|-heal|p1a: Pyukumuku|100\/100\n|\n|-heal|p2a: Dragonite|26\/100 tox|[from] item: Leftovers\n|-damage|p2a: Dragonite|0 fnt|[from] psn\n|faint|p2a: Dragonite\n|\n|win|Ringo Starrr\n|upkeep\n|raw|Ringo Starrr's rating: 1103 &rarr; <strong>1127<\/strong><br \/>(+24 for winning)\n|raw|REX 5462's rating: 1084 &rarr; <strong>1063<\/strong><br \/>(-21 for losing)\n|l|\u2606REX 5462\n","uploadtime":1699071007,"views":14,"p1id":"ringostarrr","p2id":"rex5462","formatid":"gen9nationaldexubers","rating":1063,"private":0,"password":""}