{"id":"gen9nationaldexubers-1992881158","p1":"R0n-McD0n","p2":"LeaderMagnus","format":"[Gen 9] National Dex Ubers","log":"|j|\u2606R0n-McD0n\n|j|\u2606LeaderMagnus\n|t:|1700243500\n|gametype|singles\n|player|p1|R0n-McD0n|will|1150\n|player|p2|LeaderMagnus|lucas|1240\n|teamsize|p1|6\n|teamsize|p2|6\n|gen|9\n|tier|[Gen 9] National Dex Ubers\n|rated|\n|rule|HP Percentage Mod: HP is shown in percentages\n|rule|Endless Battle Clause: Forcing endless battles is banned\n|rule|OHKO Clause: OHKO moves are banned\n|rule|Evasion Moves Clause: Evasion moves are banned\n|rule|Evasion Items Clause: Evasion items are banned\n|rule|Species Clause: Limit one of each Pok\u00e9mon\n|rule|Sleep Clause Mod: Limit one foe put to sleep\n|rule|Mega Rayquaza Clause: You cannot mega evolve Rayquaza\n|clearpoke\n|poke|p1|Clodsire, M|\n|poke|p1|Blaziken, M|\n|poke|p1|Groudon|\n|poke|p1|Kyogre|\n|poke|p1|Roaring Moon|\n|poke|p1|Ferrothorn, F|\n|poke|p2|Mewtwo|\n|poke|p2|Ho-Oh|\n|poke|p2|Rayquaza|\n|poke|p2|Groudon|\n|poke|p2|Kyogre|\n|poke|p2|Xerneas-*|\n|teampreview\n|\n|t:|1700243511\n|start\n|switch|p1a: Spiked Punch|Ferrothorn, F|100\/100\n|switch|p2a: Rayquaza|Rayquaza|100\/100\n|-ability|p2a: Rayquaza|Air Lock\n|turn|1\n|\n|t:|1700243525\n|move|p2a: Rayquaza|Dragon Dance|p2a: Rayquaza\n|-boost|p2a: Rayquaza|atk|1\n|-boost|p2a: Rayquaza|spe|1\n|move|p1a: Spiked Punch|Leech Seed|p2a: Rayquaza\n|-start|p2a: Rayquaza|move: Leech Seed\n|\n|-damage|p2a: Rayquaza|88\/100|[from] Leech Seed|[of] p1a: Spiked Punch\n|upkeep\n|turn|2\n|\n|t:|1700243536\n|move|p2a: Rayquaza|Dragon Dance|p2a: Rayquaza\n|-boost|p2a: Rayquaza|atk|1\n|-boost|p2a: Rayquaza|spe|1\n|move|p1a: Spiked Punch|Spikes|p2a: Rayquaza\n|-sidestart|p2: LeaderMagnus|Spikes\n|\n|-damage|p2a: Rayquaza|76\/100|[from] Leech Seed|[of] p1a: Spiked Punch\n|upkeep\n|turn|3\n|\n|t:|1700243547\n|move|p2a: Rayquaza|Earthquake|p1a: Spiked Punch\n|-damage|p1a: Spiked Punch|35\/100\n|move|p1a: Spiked Punch|Spikes|p2a: Rayquaza\n|-sidestart|p2: LeaderMagnus|Spikes\n|\n|-heal|p1a: Spiked Punch|42\/100|[from] item: Leftovers\n|-damage|p2a: Rayquaza|64\/100|[from] Leech Seed|[of] p1a: Spiked Punch\n|-heal|p1a: Spiked Punch|54\/100|[silent]\n|upkeep\n|turn|4\n|\n|t:|1700243558\n|move|p2a: Rayquaza|Earthquake|p1a: Spiked Punch\n|-damage|p1a: Spiked Punch|0 fnt\n|faint|p1a: Spiked Punch\n|\n|upkeep\n|\n|t:|1700243568\n|switch|p1a: Roaring Moon|Roaring Moon, shiny|100\/100\n|-enditem|p1a: Roaring Moon|Booster Energy\n|-activate|p1a: Roaring Moon|ability: Protosynthesis|[fromitem]\n|-start|p1a: Roaring Moon|protosynthesisatk\n|turn|5\n|\n|t:|1700243580\n|move|p2a: Rayquaza|Dragon Claw|p1a: Roaring Moon\n|-supereffective|p1a: Roaring Moon\n|-damage|p1a: Roaring Moon|0 fnt\n|faint|p1a: Roaring Moon\n|-end|p1a: Roaring Moon|Protosynthesis|[silent]\n|\n|upkeep\n|\n|t:|1700243585\n|switch|p1a: Big feesh|Kyogre, shiny|100\/100\n|detailschange|p1a: Big feesh|Kyogre-Primal, shiny\n|-primal|p1a: Big feesh|Blue Orb\n|-weather|PrimordialSea|[from] ability: Primordial Sea|[of] p1a: Big feesh\n|turn|6\n|\n|t:|1700243597\n|switch|p2a: Groudon|Groudon|100\/100\n|-damage|p2a: Groudon|84\/100|[from] Spikes\n|detailschange|p2a: Groudon|Groudon-Primal\n|-primal|p2a: Groudon|Red Orb\n|-weather|DesolateLand|[from] ability: Desolate Land|[of] p2a: Groudon\n|move|p1a: Big feesh|Thunder|p2a: Groudon\n|-immune|p2a: Groudon\n|\n|-weather|DesolateLand|[upkeep]\n|upkeep\n|turn|7\n|\n|t:|1700243609\n|switch|p1a: Big Lizard|Groudon, shiny|100\/100\n|detailschange|p1a: Big Lizard|Groudon-Primal, shiny\n|-primal|p1a: Big Lizard|Red Orb\n|move|p2a: Groudon|Earthquake|p1a: Big Lizard\n|-supereffective|p1a: Big Lizard\n|-damage|p1a: Big Lizard|15\/100\n|\n|-weather|DesolateLand|[upkeep]\n|upkeep\n|turn|8\n|\n|t:|1700243627\n|switch|p2a: Ho-Oh|Ho-Oh|100\/100\n|move|p1a: Big Lizard|Precipice Blades|p2a: Ho-Oh\n|-immune|p2a: Ho-Oh\n|\n|-weather|DesolateLand|[upkeep]\n|upkeep\n|turn|9\n|\n|t:|1700243638\n|move|p2a: Ho-Oh|Earthquake|p1a: Big Lizard\n|-supereffective|p1a: Big Lizard\n|-damage|p1a: Big Lizard|0 fnt\n|faint|p1a: Big Lizard\n|-weather|none\n|-damage|p2a: Ho-Oh|91\/100|[from] item: Life Orb\n|\n|upkeep\n|\n|t:|1700243647\n|switch|p1a: Orange|Blaziken, M, shiny|100\/100\n|turn|10\n|\n|t:|1700243654\n|detailschange|p1a: Orange|Blaziken-Mega, M, shiny\n|-mega|p1a: Orange|Blaziken|Blazikenite\n|move|p2a: Ho-Oh|Brave Bird|p1a: Orange\n|-supereffective|p1a: Orange\n|-damage|p1a: Orange|0 fnt\n|faint|p1a: Orange\n|-damage|p2a: Ho-Oh|63\/100|[from] Recoil\n|-damage|p2a: Ho-Oh|53\/100|[from] item: Life Orb\n|\n|upkeep\n|\n|t:|1700243662\n|switch|p1a: Lord Clod|Clodsire, M, shiny|100\/100\n|turn|11\n|\n|t:|1700243671\n|-terastallize|p2a: Ho-Oh|Ground\n|-terastallize|p1a: Lord Clod|Dark\n|move|p2a: Ho-Oh|Earthquake|p1a: Lord Clod\n|-damage|p1a: Lord Clod|23\/100\n|-damage|p2a: Ho-Oh|43\/100|[from] item: Life Orb\n|move|p1a: Lord Clod|Toxic|p2a: Ho-Oh\n|-status|p2a: Ho-Oh|tox\n|\n|-heal|p1a: Lord Clod|29\/100|[from] item: Leftovers\n|-damage|p2a: Ho-Oh|36\/100 tox|[from] psn\n|upkeep\n|turn|12\n|\n|t:|1700243689\n|move|p1a: Lord Clod|Protect|p1a: Lord Clod\n|-singleturn|p1a: Lord Clod|Protect\n|move|p2a: Ho-Oh|Earthquake|p1a: Lord Clod\n|-activate|p1a: Lord Clod|move: Protect\n|\n|-heal|p1a: Lord Clod|35\/100|[from] item: Leftovers\n|-damage|p2a: Ho-Oh|24\/100 tox|[from] psn\n|upkeep\n|turn|13\n|\n|t:|1700243699\n|switch|p1a: Big feesh|Kyogre-Primal, shiny|100\/100\n|-weather|PrimordialSea|[from] ability: Primordial Sea|[of] p1a: Big feesh\n|move|p2a: Ho-Oh|Earthquake|p1a: Big feesh\n|-damage|p1a: Big feesh|33\/100\n|-damage|p2a: Ho-Oh|14\/100 tox|[from] item: Life Orb\n|\n|-weather|PrimordialSea|[upkeep]\n|-damage|p2a: Ho-Oh|0 fnt|[from] psn\n|faint|p2a: Ho-Oh\n|upkeep\n|\n|t:|1700243716\n|switch|p2a: Groudon|Groudon-Primal|84\/100\n|-damage|p2a: Groudon|68\/100|[from] Spikes\n|-weather|DesolateLand|[from] ability: Desolate Land|[of] p2a: Groudon\n|turn|14\n|\n|t:|1700243723\n|move|p2a: Groudon|Earthquake|p1a: Big feesh\n|-damage|p1a: Big feesh|0 fnt\n|faint|p1a: Big feesh\n|\n|-weather|DesolateLand|[upkeep]\n|upkeep\n|\n|t:|1700243727\n|switch|p1a: Lord Clod|Clodsire, M, shiny, tera:Dark|35\/100\n|turn|15\n|\n|t:|1700243735\n|move|p1a: Lord Clod|Protect|p1a: Lord Clod\n|-singleturn|p1a: Lord Clod|Protect\n|move|p2a: Groudon|Earthquake|p1a: Lord Clod\n|-activate|p1a: Lord Clod|move: Protect\n|\n|-weather|DesolateLand|[upkeep]\n|-heal|p1a: Lord Clod|42\/100|[from] item: Leftovers\n|upkeep\n|turn|16\n|\n|t:|1700243747\n|move|p2a: Groudon|Earthquake|p1a: Lord Clod\n|-damage|p1a: Lord Clod|0 fnt\n|faint|p1a: Lord Clod\n|\n|win|LeaderMagnus\n|raw|R0n-McD0n's rating: 1150 &rarr; <strong>1131<\/strong><br \/>(-19 for losing)\n|raw|LeaderMagnus's rating: 1240 &rarr; <strong>1259<\/strong><br \/>(+19 for winning)\n|c|\u2606R0n-McD0n|gg wp\n|l|\u2606R0n-McD0n\n","uploadtime":1700243759,"views":7,"p1id":"r0nmcd0n","p2id":"leadermagnus","formatid":"gen9nationaldexubers","rating":1131,"private":0,"password":""}