{"id":"gen9nationaldexubers-1988654046","p1":"kraibh","p2":"BugkeeperBimmy","format":"[Gen 9] National Dex Ubers","log":"|j|\u2606kraibh\n|j|\u2606BugkeeperBimmy\n|t:|1699746680\n|gametype|singles\n|player|p1|kraibh|169|\n|player|p2|BugkeeperBimmy|bugcatcher-gen4dp|\n|teamsize|p1|6\n|teamsize|p2|6\n|gen|9\n|tier|[Gen 9] National Dex Ubers\n|rule|HP Percentage Mod: HP is shown in percentages\n|rule|Endless Battle Clause: Forcing endless battles is banned\n|rule|OHKO Clause: OHKO moves are banned\n|rule|Evasion Moves Clause: Evasion moves are banned\n|rule|Evasion Items Clause: Evasion items are banned\n|rule|Species Clause: Limit one of each Pok\u00e9mon\n|rule|Sleep Clause Mod: Limit one foe put to sleep\n|rule|Mega Rayquaza Clause: You cannot mega evolve Rayquaza\n|clearpoke\n|poke|p1|Kyurem|\n|poke|p1|Landorus-Therian, M|\n|poke|p1|Terrakion|\n|poke|p1|Raikou|\n|poke|p1|Arbok, M|\n|poke|p1|Delphox, M|\n|poke|p2|Raikou|\n|poke|p2|Kyurem|\n|poke|p2|Terrakion|\n|poke|p2|Oranguru, M|\n|poke|p2|Machamp, M|\n|poke|p2|Landorus-Therian, M|\n|teampreview\n|inactive|Battle timer is ON: inactive players will automatically lose when time's up. (requested by BugkeeperBimmy)\n|c|\u2606BugkeeperBimmy|glhf\n|c|\u2606kraibh|u2\n|\n|t:|1699746696\n|start\n|switch|p1a: Kyurem|Kyurem|100\/100\n|switch|p2a: Milf Pounder|Terrakion|100\/100\n|-ability|p1a: Kyurem|Pressure\n|turn|1\n|\n|t:|1699746702\n|switch|p1a: Landorus|Landorus-Therian, M|100\/100\n|-ability|p1a: Landorus|Intimidate|boost\n|-unboost|p2a: Milf Pounder|atk|1\n|move|p2a: Milf Pounder|Stealth Rock|p1a: Landorus\n|-sidestart|p1: kraibh|move: Stealth Rock\n|\n|upkeep\n|turn|2\n|\n|t:|1699746707\n|move|p2a: Milf Pounder|Taunt|p1a: Landorus\n|-start|p1a: Landorus|move: Taunt\n|cant|p1a: Landorus|move: Taunt|Defog\n|\n|upkeep\n|turn|3\n|inactive|BugkeeperBimmy has 270 seconds left.\n|inactive|BugkeeperBimmy has 240 seconds left.\n|\n|t:|1699746780\n|move|p2a: Milf Pounder|Stone Edge|p1a: Landorus\n|-damage|p1a: Landorus|68\/100\n|move|p1a: Landorus|U-turn|p2a: Milf Pounder\n|-resisted|p2a: Milf Pounder\n|-damage|p2a: Milf Pounder|88\/100\n|\n|t:|1699746796\n|switch|p1a: Arbok|Arbok, M|100\/100|[from] U-turn\n|-damage|p1a: Arbok|88\/100|[from] Stealth Rock\n|-ability|p1a: Arbok|Intimidate|boost\n|-unboost|p2a: Milf Pounder|atk|1\n|\n|upkeep\n|turn|4\n|\n|t:|1699746811\n|move|p1a: Arbok|Glare|p2a: Milf Pounder\n|-status|p2a: Milf Pounder|par\n|move|p2a: Milf Pounder|Taunt|p1a: Arbok\n|-start|p1a: Arbok|move: Taunt\n|\n|upkeep\n|turn|5\n|inactive|BugkeeperBimmy has 240 seconds left.\n|\n|t:|1699746829\n|switch|p1a: Landorus|Landorus-Therian, M|68\/100\n|-ability|p1a: Landorus|Intimidate|boost\n|-unboost|p2a: Milf Pounder|atk|1\n|switch|p2a: Him|Landorus-Therian, M|100\/100\n|-ability|p2a: Him|Intimidate|boost\n|-unboost|p1a: Landorus|atk|1\n|\n|upkeep\n|turn|6\n|c|\u2606BugkeeperBimmy|lol\n|inactive|BugkeeperBimmy has 240 seconds left.\n|c|\u2606kraibh|yea honestly\n|inactive|BugkeeperBimmy has 210 seconds left.\n|inactive|BugkeeperBimmy has 180 seconds left.\n|\n|t:|1699746906\n|move|p2a: Him|U-turn|p1a: Landorus\n|-resisted|p1a: Landorus\n|-damage|p1a: Landorus|53\/100\n|\n|t:|1699746908\n|switch|p2a: We're so bax|Kyurem|100\/100|[from] U-turn\n|-ability|p2a: We're so bax|Pressure\n|move|p1a: Landorus|Defog|p2a: We're so bax\n|-unboost|p2a: We're so bax|evasion|1\n|-sideend|p1: kraibh|Stealth Rock|[from] move: Defog|[of] p1a: Landorus\n|\n|upkeep\n|turn|7\n|\n|t:|1699746915\n|move|p2a: We're so bax|Dragon Dance|p2a: We're so bax\n|-boost|p2a: We're so bax|atk|1\n|-boost|p2a: We're so bax|spe|1\n|move|p1a: Landorus|Earthquake|p2a: We're so bax\n|-damage|p2a: We're so bax|73\/100\n|\n|upkeep\n|turn|8\n|\n|t:|1699746925\n|move|p2a: We're so bax|Dragon Dance|p2a: We're so bax\n|-boost|p2a: We're so bax|atk|1\n|-boost|p2a: We're so bax|spe|1\n|move|p1a: Landorus|Stealth Rock|p2a: We're so bax\n|-sidestart|p2: BugkeeperBimmy|move: Stealth Rock\n|\n|upkeep\n|turn|9\n|\n|t:|1699746934\n|move|p2a: We're so bax|Scale Shot|p1a: Landorus\n|-damage|p1a: Landorus|25\/100\n|-damage|p1a: Landorus|0 fnt\n|faint|p1a: Landorus\n|-hitcount|p1: Landorus|2\n|-unboost|p2a: We're so bax|def|1\n|-boost|p2a: We're so bax|spe|1\n|\n|upkeep\n|\n|t:|1699746935\n|switch|p1a: Arbok|Arbok, M|88\/100\n|-ability|p1a: Arbok|Intimidate|boost\n|-unboost|p2a: We're so bax|atk|1\n|turn|10\n|inactive|BugkeeperBimmy has 210 seconds left.\n|\n|t:|1699746947\n|move|p2a: We're so bax|Outrage|p1a: Arbok\n|-damage|p1a: Arbok|0 fnt\n|faint|p1a: Arbok\n|\n|upkeep\n|\n|t:|1699746973\n|switch|p1a: Delphox|Delphox, M|100\/100\n|-item|p1a: Delphox|Air Balloon\n|turn|11\n|\n|t:|1699746979\n|move|p2a: We're so bax|Outrage|p1a: Delphox|[from]lockedmove\n|-damage|p1a: Delphox|0 fnt\n|-enditem|p1a: Delphox|Air Balloon\n|faint|p1a: Delphox\n|\n|upkeep\n|\n|t:|1699746983\n|switch|p1a: Raikou|Raikou|100\/100\n|-ability|p1a: Raikou|Pressure\n|turn|12\n|\n|t:|1699746985\n|move|p2a: We're so bax|Outrage|p1a: Raikou|[from]lockedmove\n|-damage|p1a: Raikou|0 fnt\n|faint|p1a: Raikou\n|-start|p2a: We're so bax|confusion|[fatigue]\n|\n|upkeep\n|c|\u2606kraibh|gg\n|c|\u2606BugkeeperBimmy|gg\n|\n|t:|1699746990\n|switch|p1a: Kyurem|Kyurem|100\/100\n|-ability|p1a: Kyurem|Pressure\n|turn|13\n|c|\u2606kraibh|unless i get lucky\n|\n|t:|1699746999\n|-activate|p2a: We're so bax|confusion\n|move|p2a: We're so bax|Outrage|p1a: Kyurem\n|-supereffective|p1a: Kyurem\n|-damage|p1a: Kyurem|0 fnt\n|faint|p1a: Kyurem\n|\n|upkeep\n|c|\u2606kraibh|nope\n|c|\u2606BugkeeperBimmy|ok gg\n|\n|t:|1699747004\n|switch|p1a: Terrakion|Terrakion|100\/100\n|turn|14\n|c|\u2606BugkeeperBimmy|wp\n|\n|t:|1699747006\n|-end|p2a: We're so bax|confusion\n|move|p2a: We're so bax|Outrage|p1a: Terrakion|[from]lockedmove\n|-damage|p1a: Terrakion|0 fnt\n|faint|p1a: Terrakion\n|\n|win|BugkeeperBimmy\n|c|\u2606kraibh|its game 5 i though\n|c|\u2606kraibh|i won the first 2\n|player|p2|BugkeeperBimmy|bugcatcher-gen4dp\n|c|\u2606BugkeeperBimmy|ik\n|c|\u2606BugkeeperBimmy|Just saying gg\n","uploadtime":1699747030,"views":18,"p1id":"kraibh","p2id":"bugkeeperbimmy","formatid":"gen9nationaldexubers","rating":0,"private":0,"password":""}