{"id":"gen9nationaldexubers-1994778513","p1":"Adolphin Tler","p2":"Magnus69x","format":"[Gen 9] National Dex Ubers","log":"|j|\u2606Adolphin Tler\n|j|\u2606Magnus69x\n|t:|1700491873\n|gametype|singles\n|player|p1|Adolphin Tler|steven|1240\n|player|p2|Magnus69x|red|1327\n|teamsize|p1|6\n|teamsize|p2|6\n|gen|9\n|tier|[Gen 9] National Dex Ubers\n|rated|\n|rule|HP Percentage Mod: HP is shown in percentages\n|rule|Endless Battle Clause: Forcing endless battles is banned\n|rule|OHKO Clause: OHKO moves are banned\n|rule|Evasion Moves Clause: Evasion moves are banned\n|rule|Evasion Items Clause: Evasion items are banned\n|rule|Species Clause: Limit one of each Pok\u00e9mon\n|rule|Sleep Clause Mod: Limit one foe put to sleep\n|rule|Mega Rayquaza Clause: You cannot mega evolve Rayquaza\n|clearpoke\n|poke|p1|Arceus-Ground|\n|poke|p1|Zacian-*|\n|poke|p1|Groudon|\n|poke|p1|Eternatus|\n|poke|p1|Marshadow|\n|poke|p1|Kyogre|\n|poke|p2|Rayquaza|\n|poke|p2|Groudon|\n|poke|p2|Giratina|\n|poke|p2|Marshadow|\n|poke|p2|Mewtwo|\n|poke|p2|Salamence, F|\n|teampreview\n|n|!Magnus69x|magnus69x\n|\n|t:|1700491899\n|start\n|switch|p1a: Arceus|Arceus-Ground|100\/100\n|switch|p2a: Groudon|Groudon|100\/100\n|detailschange|p2a: Groudon|Groudon-Primal\n|-primal|p2a: Groudon|Red Orb\n|-weather|DesolateLand|[from] ability: Desolate Land|[of] p2a: Groudon\n|turn|1\n|\n|t:|1700491922\n|move|p1a: Arceus|Toxic|p2a: Groudon\n|-status|p2a: Groudon|tox\n|move|p2a: Groudon|Precipice Blades|p1a: Arceus|[miss]\n|-miss|p2a: Groudon|p1a: Arceus\n|\n|-weather|DesolateLand|[upkeep]\n|-damage|p2a: Groudon|94\/100 tox|[from] psn\n|upkeep\n|turn|2\n|\n|t:|1700491931\n|move|p1a: Arceus|Judgment|p2a: Groudon\n|-supereffective|p2a: Groudon\n|-damage|p2a: Groudon|0 fnt\n|faint|p2a: Groudon\n|-weather|none\n|\n|upkeep\n|\n|t:|1700491945\n|switch|p2a: Lord Ray|Rayquaza|100\/100\n|-ability|p2a: Lord Ray|Air Lock\n|turn|3\n|\n|t:|1700491952\n|move|p1a: Arceus|Toxic|p2a: Lord Ray\n|-status|p2a: Lord Ray|tox\n|move|p2a: Lord Ray|Draco Meteor|p1a: Arceus\n|-damage|p1a: Arceus|49\/100\n|-unboost|p2a: Lord Ray|spa|2\n|\n|-damage|p2a: Lord Ray|94\/100 tox|[from] psn\n|upkeep\n|turn|4\n|\n|t:|1700491965\n|switch|p1a: Zacian|Zacian-Crowned|100\/100\n|-ability|p1a: Zacian|Intrepid Sword|boost\n|-boost|p1a: Zacian|atk|1\n|move|p2a: Lord Ray|Dragon Ascent|p1a: Zacian\n|-resisted|p1a: Zacian\n|-damage|p1a: Zacian|68\/100\n|-unboost|p2a: Lord Ray|def|1\n|-unboost|p2a: Lord Ray|spd|1\n|\n|-damage|p2a: Lord Ray|82\/100 tox|[from] psn\n|upkeep\n|turn|5\n|\n|t:|1700491978\n|move|p2a: Lord Ray|Extreme Speed|p1a: Zacian\n|-resisted|p1a: Zacian\n|-damage|p1a: Zacian|54\/100\n|move|p1a: Zacian|Swords Dance|p1a: Zacian\n|-boost|p1a: Zacian|atk|2\n|\n|-damage|p2a: Lord Ray|63\/100 tox|[from] psn\n|upkeep\n|turn|6\n|\n|t:|1700491988\n|move|p2a: Lord Ray|Extreme Speed|p1a: Zacian\n|-resisted|p1a: Zacian\n|-damage|p1a: Zacian|40\/100\n|move|p1a: Zacian|Play Rough|p2a: Lord Ray\n|-supereffective|p2a: Lord Ray\n|-damage|p2a: Lord Ray|0 fnt\n|faint|p2a: Lord Ray\n|\n|upkeep\n|\n|t:|1700491998\n|switch|p2a: Thief|Marshadow|100\/100\n|turn|7\n|\n|t:|1700492014\n|switch|p1a: Arceus|Arceus-Ground|49\/100\n|move|p2a: Thief|Spectral Thief|p1a: Arceus\n|-damage|p1a: Arceus|23\/100\n|\n|upkeep\n|turn|8\n|\n|t:|1700492037\n|move|p2a: Thief|Spectral Thief|p1a: Arceus\n|-damage|p1a: Arceus|0 fnt\n|faint|p1a: Arceus\n|\n|upkeep\n|\n|t:|1700492044\n|switch|p1a: Kyogre|Kyogre|100\/100\n|detailschange|p1a: Kyogre|Kyogre-Primal\n|-primal|p1a: Kyogre|Blue Orb\n|-weather|PrimordialSea|[from] ability: Primordial Sea|[of] p1a: Kyogre\n|turn|9\n|\n|t:|1700492052\n|move|p2a: Thief|Close Combat|p1a: Kyogre\n|-damage|p1a: Kyogre|45\/100\n|-unboost|p2a: Thief|def|1\n|-unboost|p2a: Thief|spd|1\n|move|p1a: Kyogre|Thunder|p2a: Thief\n|-damage|p2a: Thief|15\/100\n|\n|-weather|PrimordialSea|[upkeep]\n|upkeep\n|turn|10\n|\n|t:|1700492062\n|-weather|none\n|switch|p1a: Marshadow|Marshadow|100\/100\n|move|p2a: Thief|Close Combat|p1a: Marshadow\n|-immune|p1a: Marshadow\n|\n|upkeep\n|turn|11\n|\n|t:|1700492072\n|move|p1a: Marshadow|Shadow Sneak|p2a: Thief\n|-supereffective|p2a: Thief\n|-damage|p2a: Thief|0 fnt\n|faint|p2a: Thief\n|\n|upkeep\n|\n|t:|1700492078\n|switch|p2a: Super Saiyan|Salamence, F|100\/100\n|-ability|p2a: Super Saiyan|Intimidate|boost\n|-unboost|p1a: Marshadow|atk|1\n|turn|12\n|\n|t:|1700492094\n|switch|p1a: Kyogre|Kyogre-Primal|45\/100\n|-weather|PrimordialSea|[from] ability: Primordial Sea|[of] p1a: Kyogre\n|detailschange|p2a: Super Saiyan|Salamence-Mega, F\n|-mega|p2a: Super Saiyan|Salamence|Salamencite\n|move|p2a: Super Saiyan|Dragon Dance|p2a: Super Saiyan\n|-boost|p2a: Super Saiyan|atk|1\n|-boost|p2a: Super Saiyan|spe|1\n|\n|-weather|PrimordialSea|[upkeep]\n|upkeep\n|turn|13\n|\n|t:|1700492110\n|move|p2a: Super Saiyan|Double-Edge|p1a: Kyogre\n|-damage|p1a: Kyogre|0 fnt\n|faint|p1a: Kyogre\n|-weather|none\n|-damage|p2a: Super Saiyan|87\/100|[from] Recoil\n|\n|upkeep\n|\n|t:|1700492149\n|switch|p1a: Zacian|Zacian-Crowned|40\/100\n|turn|14\n|\n|t:|1700492157\n|move|p2a: Super Saiyan|Earthquake|p1a: Zacian\n|-supereffective|p1a: Zacian\n|-damage|p1a: Zacian|0 fnt\n|faint|p1a: Zacian\n|\n|upkeep\n|\n|t:|1700492160\n|switch|p1a: Marshadow|Marshadow|100\/100\n|turn|15\n|\n|t:|1700492167\n|move|p2a: Super Saiyan|Double-Edge|p1a: Marshadow\n|-supereffective|p1a: Marshadow\n|-enditem|p1a: Marshadow|Focus Sash\n|-damage|p1a: Marshadow|1\/100\n|-damage|p2a: Super Saiyan|58\/100|[from] Recoil\n|move|p1a: Marshadow|Spectral Thief||[still]\n|-clearpositiveboost|p2a: Super Saiyan|p1a: Marshadow|move: Spectral Thief\n|-boost|p1a: Marshadow|atk|1\n|-boost|p1a: Marshadow|spe|1\n|-anim|p1a: Marshadow|Spectral Thief|p2a: Super Saiyan\n|-damage|p2a: Super Saiyan|6\/100\n|\n|upkeep\n|turn|16\n|\n|t:|1700492202\n|move|p1a: Marshadow|Shadow Sneak|p2a: Super Saiyan\n|-damage|p2a: Super Saiyan|0 fnt\n|faint|p2a: Super Saiyan\n|\n|upkeep\n|\n|t:|1700492212\n|switch|p2a: Giratina|Giratina|100\/100\n|-ability|p2a: Giratina|Pressure\n|turn|17\n|\n|t:|1700492220\n|move|p1a: Marshadow|Shadow Sneak|p2a: Giratina\n|-supereffective|p2a: Giratina\n|-damage|p2a: Giratina|53\/100\n|move|p2a: Giratina|Dragon Tail|p1a: Marshadow\n|-damage|p1a: Marshadow|0 fnt\n|faint|p1a: Marshadow\n|\n|-heal|p2a: Giratina|59\/100|[from] item: Leftovers\n|upkeep\n|\n|t:|1700492226\n|switch|p1a: Eternatus|Eternatus|100\/100\n|-ability|p1a: Eternatus|Pressure\n|turn|18\n|\n|t:|1700492234\n|move|p1a: Eternatus|Dynamax Cannon|p2a: Giratina\n|-supereffective|p2a: Giratina\n|-damage|p2a: Giratina|10\/100\n|move|p2a: Giratina|Thunder Wave|p1a: Eternatus\n|-status|p1a: Eternatus|par\n|\n|-heal|p2a: Giratina|16\/100|[from] item: Leftovers\n|upkeep\n|turn|19\n|\n|t:|1700492249\n|cant|p1a: Eternatus|par\n|move|p2a: Giratina|Dragon Tail|p1a: Eternatus\n|-supereffective|p1a: Eternatus\n|-crit|p1a: Eternatus\n|-damage|p1a: Eternatus|44\/100 par\n|drag|p1a: Groudon|Groudon|100\/100\n|detailschange|p1a: Groudon|Groudon-Primal\n|-primal|p1a: Groudon|Red Orb\n|-weather|DesolateLand|[from] ability: Desolate Land|[of] p1a: Groudon\n|\n|-weather|DesolateLand|[upkeep]\n|-heal|p2a: Giratina|23\/100|[from] item: Leftovers\n|upkeep\n|turn|20\n|\n|t:|1700492263\n|move|p1a: Groudon|Precipice Blades|p2a: Giratina\n|-damage|p2a: Giratina|0 fnt\n|faint|p2a: Giratina\n|\n|-weather|DesolateLand|[upkeep]\n|upkeep\n|\n|t:|1700492269\n|switch|p2a: Hate dragons|Mewtwo|100\/100\n|-ability|p2a: Hate dragons|Unnerve\n|turn|21\n|\n|t:|1700492280\n|move|p2a: Hate dragons|Earth Power|p1a: Groudon\n|-supereffective|p1a: Groudon\n|-damage|p1a: Groudon|28\/100\n|move|p1a: Groudon|Precipice Blades|p2a: Hate dragons|[miss]\n|-miss|p1a: Groudon|p2a: Hate dragons\n|\n|-weather|DesolateLand|[upkeep]\n|upkeep\n|turn|22\n|-message|Adolphin Tler forfeited.\n|\n|win|Magnus69x\n|raw|Adolphin Tler's rating: 1240 &rarr; <strong>1221<\/strong><br \/>(-19 for losing)\n|raw|Magnus69x's rating: 1327 &rarr; <strong>1342<\/strong><br \/>(+15 for winning)\n|l|\u2606Adolphin Tler\n","uploadtime":1700491900,"views":1,"p1id":"adolphintler","p2id":"magnus69x","formatid":"gen9nationaldexubers","rating":1221,"private":0,"password":""}