{"id":"gen9nationaldexubers-1990480790","p1":"MTS007","p2":"85792195wwww","format":"[Gen 9] National Dex Ubers","log":"|j|\u2606MTS007\n|j|\u260685792195wwww\n|t:|1699974882\n|gametype|singles\n|player|p1|MTS007|iris-gen5bw2|1450\n|player|p2|85792195wwww|mira|1576\n|teamsize|p1|6\n|teamsize|p2|6\n|gen|9\n|tier|[Gen 9] National Dex Ubers\n|rated|\n|rule|HP Percentage Mod: HP is shown in percentages\n|rule|Endless Battle Clause: Forcing endless battles is banned\n|rule|OHKO Clause: OHKO moves are banned\n|rule|Evasion Moves Clause: Evasion moves are banned\n|rule|Evasion Items Clause: Evasion items are banned\n|rule|Species Clause: Limit one of each Pok\u00e9mon\n|rule|Sleep Clause Mod: Limit one foe put to sleep\n|rule|Mega Rayquaza Clause: You cannot mega evolve Rayquaza\n|clearpoke\n|poke|p1|Zacian-*|\n|poke|p1|Urshifu-*, M|\n|poke|p1|Calyrex-Ice|\n|poke|p1|Zamazenta-*|\n|poke|p1|Landorus-Therian, M|\n|poke|p1|Lopunny, F|\n|poke|p2|Zacian-*|\n|poke|p2|Arceus-Ground|\n|poke|p2|Deoxys-Speed|\n|poke|p2|Landorus, M|\n|poke|p2|Groudon|\n|poke|p2|Kyurem-Black|\n|teampreview\n|inactive|Battle timer is ON: inactive players will automatically lose when time's up. (requested by MTS007)\n|\n|t:|1699974890\n|start\n|switch|p1a: Lopunny|Lopunny, F, shiny|100\/100\n|switch|p2a: Deoxys|Deoxys-Speed|100\/100\n|-ability|p2a: Deoxys|Pressure\n|turn|1\n|\n|t:|1699974899\n|detailschange|p1a: Lopunny|Lopunny-Mega, F, shiny\n|-mega|p1a: Lopunny|Lopunny|Lopunnite\n|move|p1a: Lopunny|Fake Out|p2a: Deoxys\n|-damage|p2a: Deoxys|67\/100\n|cant|p2a: Deoxys|flinch\n|\n|upkeep\n|turn|2\n|\n|t:|1699974914\n|switch|p1a: Urshifu|Urshifu, M|100\/100\n|move|p2a: Deoxys|Stealth Rock|p1a: Urshifu\n|-sidestart|p1: MTS007|move: Stealth Rock\n|\n|upkeep\n|turn|3\n|\n|t:|1699974921\n|move|p2a: Deoxys|Spikes|p1a: Urshifu\n|-sidestart|p1: MTS007|Spikes\n|move|p1a: Urshifu|Wicked Blow|p2a: Deoxys\n|-supereffective|p2a: Deoxys\n|-crit|p2a: Deoxys\n|-damage|p2a: Deoxys|0 fnt\n|faint|p2a: Deoxys\n|\n|upkeep\n|\n|t:|1699974930\n|switch|p2a: Zacian|Zacian-Crowned|100\/100\n|-ability|p2a: Zacian|Intrepid Sword|boost\n|-boost|p2a: Zacian|atk|1\n|turn|4\n|\n|t:|1699974936\n|switch|p1a: Zamazenta|Zamazenta-Crowned|100\/100\n|-damage|p1a: Zamazenta|97\/100|[from] Stealth Rock\n|-damage|p1a: Zamazenta|85\/100|[from] Spikes\n|-ability|p1a: Zamazenta|Dauntless Shield|boost\n|-boost|p1a: Zamazenta|def|1\n|move|p2a: Zacian|Swords Dance|p2a: Zacian\n|-boost|p2a: Zacian|atk|2\n|\n|upkeep\n|turn|5\n|\n|t:|1699974947\n|-terastallize|p2a: Zacian|Ground\n|move|p2a: Zacian|Tera Blast|p1a: Zamazenta|[anim] Tera Blast Ground\n|-supereffective|p1a: Zamazenta\n|-damage|p1a: Zamazenta|0 fnt\n|faint|p1a: Zamazenta\n|\n|upkeep\n|\n|t:|1699974954\n|switch|p1a: Landorus|Landorus-Therian, M|100\/100\n|-damage|p1a: Landorus|88\/100|[from] Stealth Rock\n|-ability|p1a: Landorus|Intimidate|boost\n|-unboost|p2a: Zacian|atk|1\n|turn|6\n|\n|t:|1699974959\n|move|p2a: Zacian|Behemoth Blade|p1a: Landorus\n|-damage|p1a: Landorus|0 fnt\n|faint|p1a: Landorus\n|\n|upkeep\n|\n|t:|1699974966\n|switch|p1a: Zacian|Zacian-Crowned|100\/100\n|-damage|p1a: Zacian|94\/100|[from] Stealth Rock\n|-damage|p1a: Zacian|82\/100|[from] Spikes\n|-ability|p1a: Zacian|Intrepid Sword|boost\n|-boost|p1a: Zacian|atk|1\n|turn|7\n|\n|t:|1699974972\n|-terastallize|p1a: Zacian|Ground\n|move|p2a: Zacian|Behemoth Blade|p1a: Zacian\n|-damage|p1a: Zacian|0 fnt\n|faint|p1a: Zacian\n|\n|upkeep\n|-message|MTS007 forfeited.\n|\n|win|85792195wwww\n|raw|MTS007's rating: 1450 &rarr; <strong>1437<\/strong><br \/>(-13 for losing)\n|raw|85792195wwww's rating: 1576 &rarr; <strong>1589<\/strong><br \/>(+13 for winning)\n|l|\u2606MTS007\n","uploadtime":1699974997,"views":6,"p1id":"mts007","p2id":"85792195wwww","formatid":"gen9nationaldexubers","rating":1437,"private":0,"password":""}