{"id":"gen9nationaldexubers-1987544342","p1":"tumabt0939","p2":"G_egg177","format":"[Gen 9] National Dex Ubers","log":"|j|\u2606tumabt0939\n|j|\u2606G_egg177\n|t:|1699609644\n|gametype|singles\n|player|p1|tumabt0939|dragontamer|1194\n|player|p2|G_egg177|red|1074\n|teamsize|p1|6\n|teamsize|p2|6\n|gen|9\n|tier|[Gen 9] National Dex Ubers\n|rated|\n|rule|HP Percentage Mod: HP is shown in percentages\n|rule|Endless Battle Clause: Forcing endless battles is banned\n|rule|OHKO Clause: OHKO moves are banned\n|rule|Evasion Moves Clause: Evasion moves are banned\n|rule|Evasion Items Clause: Evasion items are banned\n|rule|Species Clause: Limit one of each Pok\u00e9mon\n|rule|Sleep Clause Mod: Limit one foe put to sleep\n|rule|Mega Rayquaza Clause: You cannot mega evolve Rayquaza\n|clearpoke\n|poke|p1|Umbreon, F|\n|poke|p1|Dragapult, F|\n|poke|p1|Glimmora, M|\n|poke|p1|Gliscor, F|\n|poke|p1|Kartana|\n|poke|p1|Spiritomb, F|\n|poke|p2|Pikachu, F|\n|poke|p2|Venusaur, M|\n|poke|p2|Blastoise, M|\n|poke|p2|Charizard, M|\n|poke|p2|Snorlax, M|\n|poke|p2|Mewtwo|\n|teampreview\n|inactive|Battle timer is ON: inactive players will automatically lose when time's up. (requested by G_egg177)\n|\n|t:|1699609649\n|start\n|switch|p1a: Umbreon|Umbreon, F|100\/100\n|switch|p2a: Blastoise|Blastoise, M|100\/100\n|turn|1\n|\n|t:|1699609658\n|move|p2a: Blastoise|Shell Smash|p2a: Blastoise\n|-unboost|p2a: Blastoise|def|1\n|-unboost|p2a: Blastoise|spd|1\n|-boost|p2a: Blastoise|atk|2\n|-boost|p2a: Blastoise|spa|2\n|-boost|p2a: Blastoise|spe|2\n|move|p1a: Umbreon|Foul Play|p2a: Blastoise\n|-enditem|p2a: Blastoise|Focus Sash\n|-damage|p2a: Blastoise|1\/100\n|\n|upkeep\n|turn|2\n|\n|t:|1699609668\n|move|p1a: Umbreon|Sucker Punch|p2a: Blastoise\n|-damage|p2a: Blastoise|0 fnt\n|faint|p2a: Blastoise\n|\n|upkeep\n|n|\u203dG_egg177|gegg177\n|inactive|G_egg177 has 120 seconds left.\n|c|\u2606tumabt0939|Noob\n|inactive|G_egg177 has 90 seconds left.\n|\n|t:|1699609729\n|switch|p2a: Snorlax|Snorlax, M|100\/100\n|turn|3\n|\n|t:|1699609733\n|move|p1a: Umbreon|Foul Play|p2a: Snorlax\n|-damage|p2a: Snorlax|60\/100\n|move|p2a: Snorlax|Facade|p1a: Umbreon\n|-damage|p1a: Umbreon|74\/100\n|\n|-heal|p1a: Umbreon|80\/100|[from] item: Leftovers\n|-status|p2a: Snorlax|brn|[from] item: Flame Orb\n|upkeep\n|turn|4\n|\n|t:|1699609747\n|-terastallize|p2a: Snorlax|Normal\n|move|p1a: Umbreon|Foul Play|p2a: Snorlax\n|-damage|p2a: Snorlax|14\/100 brn\n|move|p2a: Snorlax|Facade|p1a: Umbreon\n|-damage|p1a: Umbreon|12\/100\n|\n|-heal|p1a: Umbreon|18\/100|[from] item: Leftovers\n|-damage|p2a: Snorlax|8\/100 brn|[from] brn\n|upkeep\n|turn|5\n|\n|t:|1699609760\n|move|p1a: Umbreon|Pursuit|p2a: Snorlax\n|-damage|p2a: Snorlax|0 fnt\n|faint|p2a: Snorlax\n|\n|-heal|p1a: Umbreon|24\/100|[from] item: Leftovers\n|upkeep\n|\n|t:|1699609772\n|switch|p2a: Venusaur|Venusaur, M|100\/100\n|turn|6\n|\n|t:|1699609786\n|switch|p1a: Dragapult|Dragapult, F|100\/100\n|move|p2a: Venusaur|Toxic|p1a: Dragapult\n|-status|p1a: Dragapult|tox\n|\n|-damage|p1a: Dragapult|95\/100 tox|[from] psn\n|upkeep\n|turn|7\n|\n|t:|1699609795\n|move|p1a: Dragapult|Fire Blast|p2a: Venusaur|[miss]\n|-miss|p1a: Dragapult|p2a: Venusaur\n|move|p2a: Venusaur|Leech Seed|p1a: Dragapult\n|-start|p1a: Dragapult|move: Leech Seed\n|\n|-damage|p1a: Dragapult|82\/100 tox|[from] Leech Seed|[of] p2a: Venusaur\n|-damage|p1a: Dragapult|70\/100 tox|[from] psn\n|upkeep\n|turn|8\n|inactive|G_egg177 has 120 seconds left.\n|\n|t:|1699609804\n|move|p2a: Venusaur|Protect|p2a: Venusaur\n|-singleturn|p2a: Venusaur|Protect\n|move|p1a: Dragapult|Fire Blast|p2a: Venusaur\n|-activate|p2a: Venusaur|move: Protect\n|\n|-damage|p1a: Dragapult|58\/100 tox|[from] Leech Seed|[of] p2a: Venusaur\n|-damage|p1a: Dragapult|40\/100 tox|[from] psn\n|upkeep\n|turn|9\n|\n|t:|1699609814\n|move|p2a: Venusaur|Protect|p2a: Venusaur\n|-singleturn|p2a: Venusaur|Protect\n|move|p1a: Dragapult|Fire Blast|p2a: Venusaur\n|-activate|p2a: Venusaur|move: Protect\n|\n|-damage|p1a: Dragapult|28\/100 tox|[from] Leech Seed|[of] p2a: Venusaur\n|-damage|p1a: Dragapult|4\/100 tox|[from] psn\n|upkeep\n|turn|10\n|\n|t:|1699609825\n|move|p1a: Dragapult|Dragon Darts|p2a: Venusaur\n|-damage|p2a: Venusaur|76\/100\n|-anim|p1a: Dragapult|Dragon Darts|p2a: Venusaur\n|-crit|p2a: Venusaur\n|-damage|p2a: Venusaur|38\/100\n|-damage|p1a: Dragapult|0 fnt|[from] item: Life Orb\n|faint|p1a: Dragapult\n|move|p2a: Venusaur|Giga Drain|p1: Dragapult|[notarget]\n|-fail|p2a: Venusaur\n|\n|-heal|p2a: Venusaur|44\/100|[from] item: Leftovers\n|upkeep\n|\n|t:|1699609838\n|switch|p1a: Kartana|Kartana|100\/100\n|turn|11\n|\n|t:|1699609846\n|move|p1a: Kartana|Smart Strike|p2a: Venusaur\n|-crit|p2a: Venusaur\n|-damage|p2a: Venusaur|0 fnt\n|faint|p2a: Venusaur\n|-ability|p1a: Kartana|Beast Boost|boost\n|-boost|p1a: Kartana|atk|1\n|\n|upkeep\n|\n|t:|1699609853\n|switch|p2a: Charizard|Charizard, M|100\/100\n|turn|12\n|\n|t:|1699609859\n|move|p1a: Kartana|Smart Strike|p2a: Charizard\n|-resisted|p2a: Charizard\n|-damage|p2a: Charizard|36\/100\n|move|p2a: Charizard|Flamethrower|p1a: Kartana\n|-supereffective|p1a: Kartana\n|-damage|p1a: Kartana|0 fnt\n|faint|p1a: Kartana\n|\n|upkeep\n|\n|t:|1699609869\n|switch|p1a: Umbreon|Umbreon, F|24\/100\n|turn|13\n|\n|t:|1699609874\n|move|p1a: Umbreon|Sucker Punch|p2a: Charizard\n|-damage|p2a: Charizard|0 fnt\n|faint|p2a: Charizard\n|\n|-heal|p1a: Umbreon|30\/100|[from] item: Leftovers\n|upkeep\n|\n|t:|1699609882\n|switch|p2a: Pikachu|Pikachu, F|100\/100\n|turn|14\n|\n|t:|1699609890\n|switch|p1a: Gliscor|Gliscor, F|100\/100\n|move|p2a: Pikachu|Thunderbolt|p1a: Gliscor\n|-immune|p1a: Gliscor\n|\n|-status|p1a: Gliscor|tox|[from] item: Toxic Orb\n|upkeep\n|turn|15\n|\n|t:|1699609899\n|move|p2a: Pikachu|Surf|p1a: Gliscor\n|-supereffective|p1a: Gliscor\n|-damage|p1a: Gliscor|0 fnt\n|faint|p1a: Gliscor\n|\n|upkeep\n|\n|t:|1699609906\n|switch|p1a: Glimmora|Glimmora, M|100\/100\n|-item|p1a: Glimmora|Air Balloon\n|turn|16\n|\n|t:|1699609911\n|move|p2a: Pikachu|Surf|p1a: Glimmora\n|-supereffective|p1a: Glimmora\n|-damage|p1a: Glimmora|4\/100\n|-enditem|p1a: Glimmora|Air Balloon\n|move|p1a: Glimmora|Power Gem|p2a: Pikachu\n|-damage|p2a: Pikachu|0 fnt\n|faint|p2a: Pikachu\n|\n|upkeep\n|\n|t:|1699609920\n|switch|p2a: Mewtwo|Mewtwo|100\/100\n|-ability|p2a: Mewtwo|Pressure\n|turn|17\n|\n|t:|1699609929\n|detailschange|p2a: Mewtwo|Mewtwo-Mega-Y\n|-mega|p2a: Mewtwo|Mewtwo|Mewtwonite Y\n|move|p2a: Mewtwo|Calm Mind|p2a: Mewtwo\n|-boost|p2a: Mewtwo|spa|1\n|-boost|p2a: Mewtwo|spd|1\n|move|p1a: Glimmora|Power Gem|p2a: Mewtwo\n|-damage|p2a: Mewtwo|76\/100\n|\n|upkeep\n|turn|18\n|\n|t:|1699609939\n|move|p2a: Mewtwo|Psystrike|p1a: Glimmora\n|-supereffective|p1a: Glimmora\n|-damage|p1a: Glimmora|0 fnt\n|faint|p1a: Glimmora\n|\n|upkeep\n|\n|t:|1699609945\n|switch|p1a: Umbreon|Umbreon, F|30\/100\n|turn|19\n|\n|t:|1699609948\n|move|p1a: Umbreon|Sucker Punch|p2a: Mewtwo\n|-supereffective|p2a: Mewtwo\n|-damage|p2a: Mewtwo|19\/100\n|move|p2a: Mewtwo|Shadow Ball|p1a: Umbreon\n|-resisted|p1a: Umbreon\n|-damage|p1a: Umbreon|10\/100\n|\n|-heal|p1a: Umbreon|16\/100|[from] item: Leftovers\n|upkeep\n|turn|20\n|\n|t:|1699609958\n|-terastallize|p1a: Umbreon|Dark\n|move|p1a: Umbreon|Sucker Punch||[still]\n|-fail|p1a: Umbreon\n|move|p2a: Mewtwo|Recover|p2a: Mewtwo\n|-heal|p2a: Mewtwo|69\/100\n|\n|-heal|p1a: Umbreon|22\/100|[from] item: Leftovers\n|upkeep\n|turn|21\n|\n|t:|1699609979\n|move|p1a: Umbreon|Sucker Punch||[still]\n|-fail|p1a: Umbreon\n|move|p2a: Mewtwo|Recover|p2a: Mewtwo\n|-heal|p2a: Mewtwo|100\/100\n|\n|-heal|p1a: Umbreon|28\/100|[from] item: Leftovers\n|upkeep\n|turn|22\n|\n|t:|1699609994\n|move|p2a: Mewtwo|Calm Mind|p2a: Mewtwo\n|-boost|p2a: Mewtwo|spa|1\n|-boost|p2a: Mewtwo|spd|1\n|move|p1a: Umbreon|Foul Play|p2a: Mewtwo\n|-supereffective|p2a: Mewtwo\n|-damage|p2a: Mewtwo|0 fnt\n|faint|p2a: Mewtwo\n|\n|win|tumabt0939\n|raw|tumabt0939's rating: 1194 &rarr; <strong>1211<\/strong><br \/>(+17 for winning)\n|raw|G_egg177's rating: 1074 &rarr; <strong>1060<\/strong><br \/>(-14 for losing)\n","uploadtime":1699609699,"views":6,"p1id":"tumabt0939","p2id":"gegg177","formatid":"gen9nationaldexubers","rating":1060,"private":0,"password":""}