{"id":"gen9nationaldexubers-1984254950","p1":"KingPepper7","p2":"k7eenex","format":"[Gen 9] National Dex Ubers","log":"|j|\u2606KingPepper7\n|j|\u2606k7eenex\n|t:|1699235525\n|gametype|singles\n|player|p1|KingPepper7|cheren-gen5bw2|\n|player|p2|k7eenex|hiker-gen4|\n|teamsize|p1|6\n|teamsize|p2|6\n|gen|9\n|tier|[Gen 9] National Dex Ubers\n|rule|HP Percentage Mod: HP is shown in percentages\n|rule|Endless Battle Clause: Forcing endless battles is banned\n|rule|OHKO Clause: OHKO moves are banned\n|rule|Evasion Moves Clause: Evasion moves are banned\n|rule|Evasion Items Clause: Evasion items are banned\n|rule|Species Clause: Limit one of each Pok\u00e9mon\n|rule|Sleep Clause Mod: Limit one foe put to sleep\n|rule|Mega Rayquaza Clause: You cannot mega evolve Rayquaza\n|clearpoke\n|poke|p1|Banette, F|\n|poke|p1|Hatterene, F|\n|poke|p1|Gliscor, F|\n|poke|p1|Rotom-Wash|\n|poke|p1|Ogerpon-Cornerstone, F|\n|poke|p1|Blissey, F|\n|poke|p2|Diancie|\n|poke|p2|Coalossal, F|\n|poke|p2|Tyranitar, F|\n|poke|p2|Conkeldurr, F|\n|poke|p2|Ogerpon-Cornerstone, F|\n|poke|p2|Kleavor, F|\n|teampreview\n|\n|t:|1699235573\n|start\n|switch|p1a: Gliscor|Gliscor, F|100\/100\n|switch|p2a: Revolution|Diancie|100\/100\n|turn|1\n|j| Pex Hater\n|\n|t:|1699235580\n|detailschange|p2a: Revolution|Diancie-Mega\n|-mega|p2a: Revolution|Diancie|Diancite\n|move|p1a: Gliscor|Protect|p1a: Gliscor\n|-singleturn|p1a: Gliscor|Protect\n|move|p2a: Revolution|Magnet Rise|p2a: Revolution\n|-start|p2a: Revolution|Magnet Rise\n|\n|-status|p1a: Gliscor|tox|[from] item: Toxic Orb\n|upkeep\n|turn|2\n|\n|t:|1699235600\n|switch|p1a: Blissey|Blissey, F|100\/100\n|move|p2a: Revolution|Moonblast|p1a: Blissey\n|-damage|p1a: Blissey|80\/100\n|\n|upkeep\n|turn|3\n|\n|t:|1699235622\n|switch|p2a: WHIP ITS|Kleavor, F|100\/100\n|move|p1a: Blissey|Teleport|p1a: Blissey\n|j| B3YOND THE HOR1ZON\n|\n|t:|1699235652\n|switch|p1a: Gliscor|Gliscor, F|100\/100 tox|[from] Teleport\n|\n|upkeep\n|turn|4\n|\n|t:|1699235658\n|move|p2a: WHIP ITS|Stone Axe|p1a: Gliscor\n|-damage|p1a: Gliscor|68\/100 tox\n|-sidestart|p1: KingPepper7|move: Stealth Rock\n|move|p1a: Gliscor|Toxic|p2a: WHIP ITS\n|-status|p2a: WHIP ITS|tox\n|\n|-damage|p2a: WHIP ITS|94\/100 tox|[from] psn\n|-heal|p1a: Gliscor|81\/100 tox|[from] ability: Poison Heal\n|upkeep\n|turn|5\n|\n|t:|1699235692\n|switch|p2a: Die Hard|Conkeldurr, F|100\/100\n|move|p1a: Gliscor|Earthquake|p2a: Die Hard\n|-damage|p2a: Die Hard|71\/100\n|\n|-heal|p1a: Gliscor|93\/100 tox|[from] ability: Poison Heal\n|-status|p2a: Die Hard|brn|[from] item: Flame Orb\n|upkeep\n|turn|6\n|\n|t:|1699235708\n|move|p1a: Gliscor|Earthquake|p2a: Die Hard\n|-damage|p2a: Die Hard|42\/100 brn\n|move|p2a: Die Hard|Facade|p1a: Gliscor\n|-damage|p1a: Gliscor|43\/100 tox\n|\n|-heal|p1a: Gliscor|55\/100 tox|[from] ability: Poison Heal\n|-damage|p2a: Die Hard|36\/100 brn|[from] brn\n|upkeep\n|turn|7\n|l| B3YOND THE HOR1ZON\n|\n|t:|1699235737\n|switch|p2a: Revolution|Diancie-Mega|100\/100\n|move|p1a: Gliscor|Protect||[still]\n|-fail|p1a: Gliscor\n|\n|-heal|p1a: Gliscor|68\/100 tox|[from] ability: Poison Heal\n|upkeep\n|turn|8\n|\n|t:|1699235751\n|switch|p1a: Blissey|Blissey, F|80\/100\n|move|p2a: Revolution|Magnet Rise|p2a: Revolution\n|-start|p2a: Revolution|Magnet Rise\n|\n|upkeep\n|turn|9\n|\n|t:|1699235756\n|move|p2a: Revolution|Moonblast|p1a: Blissey\n|-damage|p1a: Blissey|58\/100\n|move|p1a: Blissey|Soft-Boiled|p1a: Blissey\n|-heal|p1a: Blissey|100\/100\n|\n|upkeep\n|turn|10\n|\n|t:|1699235763\n|move|p2a: Revolution|Moonblast|p1a: Blissey\n|-damage|p1a: Blissey|80\/100\n|move|p1a: Blissey|Seismic Toss|p2a: Revolution\n|-damage|p2a: Revolution|59\/100\n|\n|upkeep\n|turn|11\n|\n|t:|1699235772\n|switch|p2a: WHIP ITS|Kleavor, F|94\/100 tox\n|move|p1a: Blissey|Teleport|p1a: Blissey\n|\n|t:|1699235785\n|switch|p1a: Gliscor|Gliscor, F|68\/100 tox|[from] Teleport\n|-damage|p1a: Gliscor|55\/100 tox|[from] Stealth Rock\n|\n|-damage|p2a: WHIP ITS|88\/100 tox|[from] psn\n|-heal|p1a: Gliscor|68\/100 tox|[from] ability: Poison Heal\n|upkeep\n|turn|12\n|\n|t:|1699235802\n|move|p2a: WHIP ITS|U-turn|p1a: Gliscor\n|-resisted|p1a: Gliscor\n|-damage|p1a: Gliscor|57\/100 tox\n|\n|t:|1699235831\n|switch|p2a: Dopamine|Ogerpon-Cornerstone, F|100\/100|[from] U-turn\n|move|p1a: Gliscor|Earthquake|p2a: Dopamine\n|-crit|p2a: Dopamine\n|-damage|p2a: Dopamine|41\/100\n|\n|-heal|p1a: Gliscor|69\/100 tox|[from] ability: Poison Heal\n|upkeep\n|turn|13\n|\n|t:|1699235837\n|move|p2a: Dopamine|Power Whip|p1a: Gliscor\n|-damage|p1a: Gliscor|25\/100 tox\n|move|p1a: Gliscor|Earthquake|p2a: Dopamine\n|-damage|p2a: Dopamine|0 fnt\n|faint|p2a: Dopamine\n|\n|-heal|p1a: Gliscor|38\/100 tox|[from] ability: Poison Heal\n|upkeep\n|\n|t:|1699235858\n|switch|p2a: Revolution|Diancie-Mega|59\/100\n|turn|14\n|\n|t:|1699235879\n|move|p1a: Gliscor|Protect|p1a: Gliscor\n|-singleturn|p1a: Gliscor|Protect\n|move|p2a: Revolution|Moonblast|p1a: Gliscor\n|-activate|p1a: Gliscor|move: Protect\n|\n|-heal|p1a: Gliscor|50\/100 tox|[from] ability: Poison Heal\n|upkeep\n|turn|15\n|\n|t:|1699235885\n|switch|p2a: Die Hard|Conkeldurr, F|36\/100 brn\n|switch|p1a: Blissey|Blissey, F|80\/100\n|\n|-damage|p2a: Die Hard|30\/100 brn|[from] brn\n|upkeep\n|turn|16\n|\n|t:|1699235903\n|switch|p1a: Hatterene|Hatterene, F|100\/100\n|-damage|p1a: Hatterene|88\/100|[from] Stealth Rock\n|move|p2a: Die Hard|Knock Off|p1a: Hatterene\n|-damage|p1a: Hatterene|39\/100\n|-enditem|p1a: Hatterene|Leftovers|[from] move: Knock Off|[of] p2a: Die Hard\n|\n|-damage|p2a: Die Hard|24\/100 brn|[from] brn\n|upkeep\n|turn|17\n|\n|t:|1699235914\n|switch|p2a: BUFFALO WINGS|Coalossal, F|100\/100\n|move|p1a: Hatterene|Psyshock|p2a: BUFFALO WINGS\n|-damage|p2a: BUFFALO WINGS|80\/100\n|\n|upkeep\n|turn|18\n|\n|t:|1699235941\n|switch|p2a: WHIP ITS|Kleavor, F|88\/100 tox\n|move|p1a: Hatterene|Nuzzle|p2a: WHIP ITS\n|-damage|p2a: WHIP ITS|83\/100 tox\n|\n|-damage|p2a: WHIP ITS|77\/100 tox|[from] psn\n|upkeep\n|turn|19\n|j| vespyyy\n|j| Don Bork\n|\n|t:|1699235949\n|move|p2a: WHIP ITS|U-turn|p1a: Hatterene\n|-damage|p1a: Hatterene|7\/100\n|\n|t:|1699235953\n|switch|p2a: BUFFALO WINGS|Coalossal, F|80\/100|[from] U-turn\n|move|p1a: Hatterene|Psyshock|p2a: BUFFALO WINGS\n|-damage|p2a: BUFFALO WINGS|62\/100\n|\n|upkeep\n|turn|20\n|\n|t:|1699235964\n|move|p1a: Hatterene|Dazzling Gleam|p2a: BUFFALO WINGS\n|-resisted|p2a: BUFFALO WINGS\n|-damage|p2a: BUFFALO WINGS|46\/100\n|move|p2a: BUFFALO WINGS|Flamethrower|p1a: Hatterene\n|-damage|p1a: Hatterene|0 fnt\n|faint|p1a: Hatterene\n|\n|upkeep\n|\n|t:|1699235983\n|switch|p1a: Rotom|Rotom-Wash|100\/100\n|-damage|p1a: Rotom|88\/100|[from] Stealth Rock\n|turn|21\n|\n|t:|1699236019\n|move|p1a: Rotom|Hydro Pump|p2a: BUFFALO WINGS\n|-supereffective|p2a: BUFFALO WINGS\n|-damage|p2a: BUFFALO WINGS|0 fnt\n|faint|p2a: BUFFALO WINGS\n|\n|-heal|p1a: Rotom|94\/100|[from] item: Leftovers\n|upkeep\n|\n|t:|1699236056\n|switch|p2a: Revolution|Diancie-Mega|59\/100\n|turn|22\n|\n|t:|1699236059\n|move|p2a: Revolution|Moonblast|p1a: Rotom\n|-damage|p1a: Rotom|29\/100\n|move|p1a: Rotom|Hydro Pump|p2a: Revolution\n|-supereffective|p2a: Revolution\n|-damage|p2a: Revolution|0 fnt\n|faint|p2a: Revolution\n|\n|-heal|p1a: Rotom|35\/100|[from] item: Leftovers\n|upkeep\n|\n|t:|1699236073\n|switch|p2a: NOTORIOUS|Tyranitar, F|100\/100\n|-weather|Sandstorm|[from] ability: Sand Stream|[of] p2a: NOTORIOUS\n|turn|23\n|\n|t:|1699236078\n|move|p2a: NOTORIOUS|Knock Off|p1a: Rotom\n|-damage|p1a: Rotom|0 fnt\n|-enditem|p1a: Rotom|Leftovers|[from] move: Knock Off|[of] p2a: NOTORIOUS\n|faint|p1a: Rotom\n|\n|-weather|Sandstorm|[upkeep]\n|upkeep\n|\n|t:|1699236092\n|switch|p1a: Ogerpon|Ogerpon-Cornerstone, F|100\/100\n|-damage|p1a: Ogerpon|88\/100|[from] Stealth Rock\n|turn|24\n|\n|t:|1699236168\n|move|p1a: Ogerpon|Trailblaze|p2a: NOTORIOUS\n|-supereffective|p2a: NOTORIOUS\n|-damage|p2a: NOTORIOUS|48\/100\n|-boost|p1a: Ogerpon|spe|1\n|move|p2a: NOTORIOUS|Earthquake|p1a: Ogerpon\n|-crit|p1a: Ogerpon\n|-damage|p1a: Ogerpon|19\/100\n|\n|-weather|Sandstorm|[upkeep]\n|upkeep\n|turn|25\n|\n|t:|1699236211\n|switch|p2a: WHIP ITS|Kleavor, F|77\/100 tox\n|move|p1a: Ogerpon|Horn Leech|p2a: WHIP ITS\n|-damage|p2a: WHIP ITS|22\/100 tox\n|-heal|p1a: Ogerpon|45\/100|[from] drain|[of] p2a: WHIP ITS\n|\n|-weather|Sandstorm|[upkeep]\n|-damage|p2a: WHIP ITS|16\/100 tox|[from] psn\n|upkeep\n|turn|26\n|\n|t:|1699236217\n|move|p1a: Ogerpon|Horn Leech|p2a: WHIP ITS\n|-damage|p2a: WHIP ITS|0 fnt\n|-heal|p1a: Ogerpon|52\/100|[from] drain|[of] p2a: WHIP ITS\n|faint|p2a: WHIP ITS\n|\n|-weather|Sandstorm|[upkeep]\n|upkeep\n|\n|t:|1699236220\n|switch|p2a: Die Hard|Conkeldurr, F|24\/100 brn\n|turn|27\n|\n|t:|1699236229\n|switch|p1a: Banette|Banette, F, shiny|100\/100\n|-damage|p1a: Banette|88\/100|[from] Stealth Rock\n|move|p2a: Die Hard|Mach Punch|p1a: Banette\n|-immune|p1a: Banette\n|\n|-weather|none\n|-damage|p2a: Die Hard|18\/100 brn|[from] brn\n|upkeep\n|turn|28\n|l| Don Bork\n|\n|t:|1699236234\n|switch|p2a: NOTORIOUS|Tyranitar, F|48\/100\n|-weather|Sandstorm|[from] ability: Sand Stream|[of] p2a: NOTORIOUS\n|detailschange|p1a: Banette|Banette-Mega, F, shiny\n|-mega|p1a: Banette|Banette|Banettite\n|move|p1a: Banette|Destiny Bond|p1a: Banette\n|-singlemove|p1a: Banette|Destiny Bond\n|\n|-weather|Sandstorm|[upkeep]\n|-damage|p1a: Banette|82\/100|[from] Sandstorm\n|upkeep\n|turn|29\n|\n|t:|1699236239\n|move|p2a: NOTORIOUS|Dragon Dance|p2a: NOTORIOUS\n|-boost|p2a: NOTORIOUS|atk|1\n|-boost|p2a: NOTORIOUS|spe|1\n|move|p1a: Banette|Poltergeist|p2a: NOTORIOUS\n|-activate|p2a: NOTORIOUS|move: Poltergeist|Babiri Berry\n|-resisted|p2a: NOTORIOUS\n|-damage|p2a: NOTORIOUS|23\/100\n|\n|-weather|Sandstorm|[upkeep]\n|-damage|p1a: Banette|76\/100|[from] Sandstorm\n|upkeep\n|turn|30\n|\n|t:|1699236250\n|move|p1a: Banette|Destiny Bond|p1a: Banette\n|-singlemove|p1a: Banette|Destiny Bond\n|move|p2a: NOTORIOUS|Fire Punch|p1a: Banette\n|-damage|p1a: Banette|25\/100\n|\n|-weather|Sandstorm|[upkeep]\n|-damage|p1a: Banette|19\/100|[from] Sandstorm\n|upkeep\n|turn|31\n|c|\u2606k7eenex|fuckin calc lied to me\n|c| Pex Hater|learn how to use technology, oldd man\n|\n|t:|1699236308\n|move|p2a: NOTORIOUS|Earthquake|p1a: Banette\n|-damage|p1a: Banette|0 fnt\n|faint|p1a: Banette\n|-activate|p1a: Banette|move: Destiny Bond\n|faint|p2a: NOTORIOUS\n|\n|-weather|Sandstorm|[upkeep]\n|upkeep\n|\n|t:|1699236315\n|switch|p2a: Die Hard|Conkeldurr, F|18\/100 brn\n|switch|p1a: Gliscor|Gliscor, F|50\/100 tox\n|-damage|p1a: Gliscor|38\/100 tox|[from] Stealth Rock\n|turn|32\n|\n|t:|1699236323\n|move|p1a: Gliscor|Earthquake|p2a: Die Hard\n|-damage|p2a: Die Hard|0 fnt\n|faint|p2a: Die Hard\n|\n|win|KingPepper7\n|c|\u2606k7eenex|gg\n","uploadtime":1699236329,"views":10,"p1id":"kingpepper7","p2id":"k7eenex","formatid":"gen9nationaldexubers","rating":0,"private":0,"password":""}