{"id":"gen9nationaldexubers-1987794284","p1":"Just B3A$T","p2":"Aroma Nobody","format":"[Gen 9] National Dex Ubers","log":"|j|\u2606Just B3A$T\n|j|\u2606Aroma Nobody\n|t:|1699637487\n|gametype|singles\n|player|p1|Just B3A$T|bruno|\n|player|p2|Aroma Nobody|turo-ai|\n|teamsize|p1|6\n|teamsize|p2|6\n|gen|9\n|tier|[Gen 9] National Dex Ubers\n|rule|HP Percentage Mod: HP is shown in percentages\n|rule|Endless Battle Clause: Forcing endless battles is banned\n|rule|OHKO Clause: OHKO moves are banned\n|rule|Evasion Moves Clause: Evasion moves are banned\n|rule|Evasion Items Clause: Evasion items are banned\n|rule|Species Clause: Limit one of each Pok\u00e9mon\n|rule|Sleep Clause Mod: Limit one foe put to sleep\n|rule|Mega Rayquaza Clause: You cannot mega evolve Rayquaza\n|clearpoke\n|poke|p1|Ogerpon-Wellspring, F|\n|poke|p1|Gallade, M|\n|poke|p1|Dragapult, M|\n|poke|p1|Heatran, M|\n|poke|p1|Ting-Lu|\n|poke|p1|Rotom-Fan|\n|poke|p2|Walking Wake|\n|poke|p2|Torkoal, M|\n|poke|p2|Urshifu-*, F|\n|poke|p2|Iron Bundle|\n|poke|p2|Greninja-*, F|\n|poke|p2|Slowbro, M|\n|teampreview\n|inactive|Battle timer is ON: inactive players will automatically lose when time's up. (requested by Just B3A$T)\n|c|\u2606Aroma Nobody|Glhf\n|c|\u2606Just B3A$T|almost looks nothing like mono water\n|c|\u2606Just B3A$T|oh well\n|\n|t:|1699637503\n|start\n|switch|p1a: child exploiter|Dragapult, M, shiny|100\/100\n|switch|p2a: Urshifu|Urshifu-Rapid-Strike, F|100\/100\n|turn|1\n|\n|t:|1699637512\n|move|p1a: child exploiter|U-turn|p2a: Urshifu\n|-resisted|p2a: Urshifu\n|-damage|p2a: Urshifu|92\/100\n|\n|t:|1699637514\n|switch|p1a: literal pest|Rotom-Fan|100\/100|[from] U-turn\n|move|p2a: Urshifu|U-turn|p1a: literal pest\n|-resisted|p1a: literal pest\n|-damage|p1a: literal pest|78\/100\n|\n|t:|1699637524\n|switch|p2a: Iron Bundle|Iron Bundle|100\/100|[from] U-turn\n|\n|upkeep\n|turn|2\n|\n|t:|1699637534\n|move|p2a: Iron Bundle|Ice Beam|p1a: literal pest\n|-supereffective|p1a: literal pest\n|-damage|p1a: literal pest|0 fnt\n|faint|p1a: literal pest\n|\n|upkeep\n|c|\u2606Just B3A$T|right\n|c|\u2606Just B3A$T|not water\n|\n|t:|1699637544\n|switch|p1a: child exploiter|Dragapult, M, shiny|100\/100\n|turn|3\n|\n|t:|1699637562\n|move|p1a: child exploiter|Thunderbolt|p2a: Iron Bundle\n|-supereffective|p2a: Iron Bundle\n|-damage|p2a: Iron Bundle|0 fnt\n|faint|p2a: Iron Bundle\n|-end|p2a: Iron Bundle|Quark Drive|[silent]\n|\n|upkeep\n|inactive|Aroma Nobody has 270 seconds left.\n|\n|t:|1699637587\n|switch|p2a: Torkoal|Torkoal, M|100\/100\n|-weather|SunnyDay|[from] ability: Drought|[of] p2a: Torkoal\n|turn|4\n|inactive|Just B3A$T has 270 seconds left.\n|\n|t:|1699637625\n|switch|p1a: bull?|Ting-Lu|100\/100\n|-ability|p1a: bull?|Vessel of Ruin\n|move|p2a: Torkoal|Stealth Rock|p1a: bull?\n|-sidestart|p1: Just B3A$T|move: Stealth Rock\n|\n|-weather|SunnyDay|[upkeep]\n|upkeep\n|turn|5\n|\n|t:|1699637629\n|move|p2a: Torkoal|Overheat|p1a: bull?\n|-damage|p1a: bull?|67\/100\n|-unboost|p2a: Torkoal|spa|2\n|-enditem|p2a: Torkoal|Eject Pack\n|\n|t:|1699637634\n|switch|p2a: Walking Wake|Walking Wake|100\/100\n|-activate|p2a: Walking Wake|ability: Protosynthesis\n|-start|p2a: Walking Wake|protosynthesisspa\n|move|p1a: bull?|Whirlwind|p2a: Walking Wake\n|-end|p2a: Walking Wake|Protosynthesis|[silent]\n|drag|p2a: Urshifu|Urshifu-Rapid-Strike, F|92\/100\n|\n|-weather|SunnyDay|[upkeep]\n|upkeep\n|turn|6\n|\n|t:|1699637650\n|move|p2a: Urshifu|Close Combat|p1a: bull?\n|-supereffective|p1a: bull?\n|-damage|p1a: bull?|0 fnt\n|-unboost|p2a: Urshifu|def|1\n|-unboost|p2a: Urshifu|spd|1\n|-damage|p2a: Urshifu|75\/100|[from] item: Rocky Helmet|[of] p1a: bull?\n|faint|p1a: bull?\n|\n|-weather|SunnyDay|[upkeep]\n|upkeep\n|\n|t:|1699637656\n|switch|p1a: It's Oger for You!|Ogerpon-Wellspring, F|100\/100\n|-damage|p1a: It's Oger for You!|88\/100|[from] Stealth Rock\n|turn|7\n|\n|t:|1699637663\n|switch|p2a: Torkoal|Torkoal, M|100\/100\n|move|p1a: It's Oger for You!|Trailblaze|p2a: Torkoal\n|-resisted|p2a: Torkoal\n|-damage|p2a: Torkoal|93\/100\n|-boost|p1a: It's Oger for You!|spe|1\n|\n|-weather|SunnyDay|[upkeep]\n|upkeep\n|turn|8\n|\n|t:|1699637669\n|-terastallize|p1a: It's Oger for You!|Water\n|detailschange|p1a: It's Oger for You!|Ogerpon-Wellspring-Tera, F, tera:Water\n|-ability|p1a: It's Oger for You!|Embody Aspect (Wellspring)|boost\n|-boost|p1a: It's Oger for You!|spd|1\n|move|p1a: It's Oger for You!|Ivy Cudgel|p2a: Torkoal\n|-supereffective|p2a: Torkoal\n|-damage|p2a: Torkoal|51\/100\n|move|p2a: Torkoal|Overheat|p1a: It's Oger for You!\n|-resisted|p1a: It's Oger for You!\n|-damage|p1a: It's Oger for You!|66\/100\n|-unboost|p2a: Torkoal|spa|2\n|\n|-weather|none\n|upkeep\n|turn|9\n|c|\u2606Aroma Nobody|Welp\n|c|\u2606Just B3A$T|ye\n|\n|t:|1699637688\n|move|p1a: It's Oger for You!|Swords Dance|p1a: It's Oger for You!\n|-boost|p1a: It's Oger for You!|atk|2\n|move|p2a: Torkoal|Body Press|p1a: It's Oger for You!\n|-crit|p1a: It's Oger for You!\n|-damage|p1a: It's Oger for You!|1\/100\n|\n|upkeep\n|turn|10\n|\n|t:|1699637693\n|move|p1a: It's Oger for You!|Ivy Cudgel|p2a: Torkoal\n|-supereffective|p2a: Torkoal\n|-crit|p2a: Torkoal\n|-damage|p2a: Torkoal|0 fnt\n|faint|p2a: Torkoal\n|\n|upkeep\n|c|\u2606Just B3A$T|whoa\n|c|\u2606Just B3A$T|wtf\n|c|\u2606Just B3A$T|that crit\n|\n|t:|1699637702\n|switch|p2a: Greninja|Greninja, F|100\/100\n|turn|11\n|inactive|Aroma Nobody has 270 seconds left.\n|\n|t:|1699637738\n|move|p2a: Greninja|U-turn|p1a: It's Oger for You!\n|-start|p2a: Greninja|typechange|Bug|[from] ability: Protean\n|-damage|p1a: It's Oger for You!|0 fnt\n|faint|p1a: It's Oger for You!\n|\n|t:|1699637747\n|switch|p2a: Urshifu|Urshifu-Rapid-Strike, F|75\/100|[from] U-turn\n|\n|upkeep\n|\n|t:|1699637756\n|switch|p1a: Ronin|Gallade, M, shiny|100\/100\n|-damage|p1a: Ronin|94\/100|[from] Stealth Rock\n|turn|12\n|inactive|Aroma Nobody has 270 seconds left.\n|\n|t:|1699637778\n|detailschange|p1a: Ronin|Gallade-Mega, M, shiny\n|-mega|p1a: Ronin|Gallade|Galladite\n|-terastallize|p2a: Urshifu|Water\n|move|p2a: Urshifu|Aqua Jet|p1a: Ronin\n|-damage|p1a: Ronin|41\/100\n|move|p1a: Ronin|Psycho Cut|p2a: Urshifu\n|-damage|p2a: Urshifu|30\/100\n|\n|upkeep\n|turn|13\n|\n|t:|1699637787\n|move|p2a: Urshifu|Aqua Jet|p1a: Ronin\n|-damage|p1a: Ronin|0 fnt\n|faint|p1a: Ronin\n|\n|upkeep\n|c|\u2606Just B3A$T|man\n|c|\u2606Just B3A$T|gg\n|\n|t:|1699637796\n|switch|p1a: child exploiter|Dragapult, M, shiny|100\/100\n|-damage|p1a: child exploiter|88\/100|[from] Stealth Rock\n|turn|14\n|inactive|Aroma Nobody has 270 seconds left.\n|\n|t:|1699637808\n|switch|p2a: Walking Wake|Walking Wake|100\/100\n|-enditem|p2a: Walking Wake|Booster Energy\n|-activate|p2a: Walking Wake|ability: Protosynthesis|[fromitem]\n|-start|p2a: Walking Wake|protosynthesisspa\n|move|p1a: child exploiter|Thunderbolt|p2a: Walking Wake\n|-damage|p2a: Walking Wake|53\/100\n|\n|upkeep\n|turn|15\n|inactive|Aroma Nobody has 270 seconds left.\n|\n|t:|1699637820\n|switch|p1a: Steampunk|Heatran, M|100\/100\n|-damage|p1a: Steampunk|88\/100|[from] Stealth Rock\n|-item|p1a: Steampunk|Air Balloon\n|move|p2a: Walking Wake|Dragon Pulse|p1a: Steampunk\n|-resisted|p1a: Steampunk\n|-damage|p1a: Steampunk|69\/100\n|-enditem|p1a: Steampunk|Air Balloon\n|\n|upkeep\n|turn|16\n|\n|t:|1699637824\n|move|p2a: Walking Wake|Hydro Steam|p1a: Steampunk\n|-supereffective|p1a: Steampunk\n|-damage|p1a: Steampunk|0 fnt\n|faint|p1a: Steampunk\n|\n|upkeep\n|\n|t:|1699637832\n|switch|p1a: child exploiter|Dragapult, M, shiny|88\/100\n|-damage|p1a: child exploiter|76\/100|[from] Stealth Rock\n|turn|17\n|\n|t:|1699637835\n|move|p1a: child exploiter|Shadow Ball|p2a: Walking Wake\n|-damage|p2a: Walking Wake|0 fnt\n|faint|p2a: Walking Wake\n|-end|p2a: Walking Wake|Protosynthesis|[silent]\n|\n|upkeep\n|\n|t:|1699637838\n|switch|p2a: Greninja|Greninja, F|100\/100\n|turn|18\n|\n|t:|1699637842\n|move|p2a: Greninja|Dark Pulse|p1a: child exploiter\n|-start|p2a: Greninja|typechange|Dark|[from] ability: Protean\n|-supereffective|p1a: child exploiter\n|-damage|p1a: child exploiter|0 fnt\n|faint|p1a: child exploiter\n|\n|win|Aroma Nobody\n|c|\u2606Just B3A$T|I will be back tomorrow\n|c|\u2606Aroma Nobody|Gg\n|c|\u2606Just B3A$T|!!!\n|c|\u2606Just B3A$T|gg\n","uploadtime":1699637862,"views":6,"p1id":"justb3at","p2id":"aromanobody","formatid":"gen9nationaldexubers","rating":0,"private":0,"password":""}