{"id":"gen9nationaldexubers-1988658728","p1":"kraibh","p2":"BugkeeperBimmy","format":"[Gen 9] National Dex Ubers","log":"|j|\u2606kraibh\n|j|\u2606BugkeeperBimmy\n|t:|1699747229\n|gametype|singles\n|player|p1|kraibh|169|\n|player|p2|BugkeeperBimmy|bugcatcher-gen4dp|\n|teamsize|p1|6\n|teamsize|p2|6\n|gen|9\n|tier|[Gen 9] National Dex Ubers\n|rule|HP Percentage Mod: HP is shown in percentages\n|rule|Endless Battle Clause: Forcing endless battles is banned\n|rule|OHKO Clause: OHKO moves are banned\n|rule|Evasion Moves Clause: Evasion moves are banned\n|rule|Evasion Items Clause: Evasion items are banned\n|rule|Species Clause: Limit one of each Pok\u00e9mon\n|rule|Sleep Clause Mod: Limit one foe put to sleep\n|rule|Mega Rayquaza Clause: You cannot mega evolve Rayquaza\n|clearpoke\n|poke|p1|Raikou|\n|poke|p1|Terrakion|\n|poke|p1|Landorus-Therian, M|\n|poke|p1|Kyurem|\n|poke|p1|Delphox, M|\n|poke|p1|Gourgeist-*, F|\n|poke|p2|Raikou|\n|poke|p2|Kyurem|\n|poke|p2|Terrakion|\n|poke|p2|Oranguru, M|\n|poke|p2|Machamp, M|\n|poke|p2|Landorus-Therian, M|\n|teampreview\n|inactive|Battle timer is ON: inactive players will automatically lose when time's up. (requested by BugkeeperBimmy)\n|c|\u2606BugkeeperBimmy|ok glhf\n|c|\u2606kraibh|u as well\n|c|\u2606kraibh|maybe this time i wont let kyurem murder me and my team\n|inactive|kraibh has 270 seconds left.\n|\n|t:|1699747264\n|start\n|switch|p1a: Animal Style|Gourgeist-Super, F|100\/100\n|switch|p2a: Milf Pounder|Terrakion|100\/100\n|-item|p2a: Milf Pounder|Focus Sash|[from] ability: Frisk|[of] p1a: Animal Style|[identify]\n|turn|1\n|c|\u2606BugkeeperBimmy|perhaps\n|\n|t:|1699747280\n|move|p2a: Milf Pounder|Taunt|p1a: Animal Style\n|-start|p1a: Animal Style|move: Taunt\n|cant|p1a: Animal Style|move: Taunt|Will-O-Wisp\n|\n|upkeep\n|turn|2\n|\n|t:|1699747282\n|move|p2a: Milf Pounder|Stealth Rock|p1a: Animal Style\n|-sidestart|p1: kraibh|move: Stealth Rock\n|move|p1a: Animal Style|Poltergeist|p2a: Milf Pounder|[miss]\n|-miss|p1a: Animal Style|p2a: Milf Pounder\n|\n|upkeep\n|turn|3\n|c|\u2606BugkeeperBimmy|ok I'm sorry\n|c|\u2606kraibh|lol\n|\n|t:|1699747307\n|switch|p1a: Ungreat Neck|Raikou, shiny|100\/100\n|-damage|p1a: Ungreat Neck|88\/100|[from] Stealth Rock\n|-ability|p1a: Ungreat Neck|Pressure\n|-item|p1a: Ungreat Neck|Air Balloon\n|move|p2a: Milf Pounder|Stone Edge|p1a: Ungreat Neck\n|-damage|p1a: Ungreat Neck|24\/100\n|-enditem|p1a: Ungreat Neck|Air Balloon\n|\n|upkeep\n|turn|4\n|\n|t:|1699747315\n|move|p1a: Ungreat Neck|Aura Sphere|p2a: Milf Pounder\n|-supereffective|p2a: Milf Pounder\n|-damage|p2a: Milf Pounder|52\/100\n|move|p2a: Milf Pounder|Close Combat|p1a: Ungreat Neck\n|-damage|p1a: Ungreat Neck|0 fnt\n|-unboost|p2a: Milf Pounder|def|1\n|-unboost|p2a: Milf Pounder|spd|1\n|faint|p1a: Ungreat Neck\n|\n|upkeep\n|\n|t:|1699747321\n|switch|p1a: You just got ICED|Landorus-Therian, M|100\/100\n|-ability|p1a: You just got ICED|Intimidate|boost\n|-unboost|p2a: Milf Pounder|atk|1\n|turn|5\n|\n|t:|1699747336\n|move|p2a: Milf Pounder|Taunt|p1a: You just got ICED\n|-start|p1a: You just got ICED|move: Taunt\n|move|p1a: You just got ICED|Earthquake|p2a: Milf Pounder\n|-supereffective|p2a: Milf Pounder\n|-damage|p2a: Milf Pounder|0 fnt\n|faint|p2a: Milf Pounder\n|\n|upkeep\n|inactive|BugkeeperBimmy has 270 seconds left.\n|\n|t:|1699747387\n|switch|p2a: We're so bax|Kyurem|100\/100\n|-ability|p2a: We're so bax|Pressure\n|turn|6\n|\n|t:|1699747391\n|switch|p1a: Wood Sword|Terrakion|100\/100\n|-damage|p1a: Wood Sword|94\/100|[from] Stealth Rock\n|move|p2a: We're so bax|Dragon Dance|p2a: We're so bax\n|-boost|p2a: We're so bax|atk|1\n|-boost|p2a: We're so bax|spe|1\n|-enditem|p1a: Wood Sword|Mirror Herb\n|-boost|p1a: Wood Sword|atk|1|[from] item: Mirror Herb\n|-boost|p1a: Wood Sword|spe|1|[from] item: Mirror Herb\n|\n|upkeep\n|turn|7\n|c|\u2606BugkeeperBimmy|oh\n|c|\u2606BugkeeperBimmy|lmao\n|\n|t:|1699747407\n|switch|p2a: Him|Landorus-Therian, M|100\/100\n|-ability|p2a: Him|Intimidate|boost\n|-unboost|p1a: Wood Sword|atk|1\n|move|p1a: Wood Sword|Close Combat|p2a: Him\n|-resisted|p2a: Him\n|-damage|p2a: Him|63\/100\n|-unboost|p1a: Wood Sword|def|1\n|-unboost|p1a: Wood Sword|spd|1\n|\n|upkeep\n|turn|8\n|c|\u2606BugkeeperBimmy|you know what I cant even be mad at that\n|c|\u2606kraibh|i had this on before we played our games\n|inactive|kraibh has 270 seconds left.\n|c|\u2606kraibh|but yea it is pretty funny\n|inactive|BugkeeperBimmy has 240 seconds left.\n|inactive|kraibh has 240 seconds left.\n|inactive|BugkeeperBimmy has 210 seconds left.\n|inactive|BugkeeperBimmy has 180 seconds left.\n|\n|t:|1699747519\n|move|p1a: Wood Sword|Close Combat|p2a: Him\n|-resisted|p2a: Him\n|-damage|p2a: Him|25\/100\n|-unboost|p1a: Wood Sword|def|1\n|-unboost|p1a: Wood Sword|spd|1\n|move|p2a: Him|U-turn|p1a: Wood Sword\n|-resisted|p1a: Wood Sword\n|-damage|p1a: Wood Sword|60\/100\n|inactive|BugkeeperBimmy has 180 seconds left.\n|\n|t:|1699747546\n|switch|p2a: Monke|Oranguru, M|100\/100|[from] U-turn\n|\n|upkeep\n|turn|9\n|\n|t:|1699747554\n|move|p1a: Wood Sword|Close Combat|p2a: Monke\n|-damage|p2a: Monke|52\/100\n|-unboost|p1a: Wood Sword|def|1\n|-unboost|p1a: Wood Sword|spd|1\n|move|p2a: Monke|Reflect|p2a: Monke\n|-sidestart|p2: BugkeeperBimmy|Reflect\n|\n|upkeep\n|turn|10\n|\n|t:|1699747565\n|move|p1a: Wood Sword|Close Combat|p2a: Monke\n|-damage|p2a: Monke|30\/100\n|-unboost|p1a: Wood Sword|def|1\n|-unboost|p1a: Wood Sword|spd|1\n|move|p2a: Monke|Light Screen|p2a: Monke\n|-sidestart|p2: BugkeeperBimmy|move: Light Screen\n|\n|upkeep\n|turn|11\n|inactive|BugkeeperBimmy has 180 seconds left.\n|\n|t:|1699747579\n|move|p1a: Wood Sword|Zen Headbutt|p2a: Monke|[miss]\n|-miss|p1a: Wood Sword|p2a: Monke\n|move|p2a: Monke|Psychic|p1a: Wood Sword\n|-supereffective|p1a: Wood Sword\n|-damage|p1a: Wood Sword|0 fnt\n|faint|p1a: Wood Sword\n|\n|upkeep\n|\n|t:|1699747602\n|switch|p1a: You just got ICED|Landorus-Therian, M|100\/100\n|-ability|p1a: You just got ICED|Intimidate|boost\n|-fail|p2a: Monke|unboost|Attack|[from] ability: Inner Focus|[of] p2a: Monke\n|turn|12\n|c|\u2606BugkeeperBimmy|>:3\n|c|\u2606BugkeeperBimmy|this was my lando counter\n|inactive|BugkeeperBimmy has 180 seconds left.\n|\n|t:|1699747617\n|switch|p2a: We're so bax|Kyurem|100\/100\n|-ability|p2a: We're so bax|Pressure\n|move|p1a: You just got ICED|Knock Off|p2a: We're so bax\n|-damage|p2a: We're so bax|87\/100\n|-enditem|p2a: We're so bax|Loaded Dice|[from] move: Knock Off|[of] p1a: You just got ICED\n|\n|upkeep\n|turn|13\n|c|\u2606kraibh|he is focussed\n|inactive|kraibh has 210 seconds left.\n|\n|t:|1699747640\n|switch|p1a: The Purple Gal|Delphox, M, shiny|100\/100\n|-damage|p1a: The Purple Gal|75\/100|[from] Stealth Rock\n|move|p2a: We're so bax|Dragon Dance|p2a: We're so bax\n|-boost|p2a: We're so bax|atk|1\n|-boost|p2a: We're so bax|spe|1\n|\n|upkeep\n|turn|14\n|inactive|kraibh has 210 seconds left.\n|\n|t:|1699747653\n|move|p2a: We're so bax|Outrage|p1a: The Purple Gal\n|-damage|p1a: The Purple Gal|0 fnt\n|faint|p1a: The Purple Gal\n|\n|upkeep\n|\n|t:|1699747655\n|switch|p1a: You just got ICED|Landorus-Therian, M|100\/100\n|-ability|p1a: You just got ICED|Intimidate|boost\n|-unboost|p2a: We're so bax|atk|1\n|turn|15\n|\n|t:|1699747664\n|move|p2a: We're so bax|Outrage|p1a: You just got ICED|[from]lockedmove\n|-damage|p1a: You just got ICED|52\/100\n|move|p1a: You just got ICED|Earthquake|p2a: We're so bax\n|-damage|p2a: We're so bax|66\/100\n|\n|upkeep\n|turn|16\n|\n|t:|1699747672\n|move|p2a: We're so bax|Outrage|p1a: You just got ICED|[from]lockedmove\n|-damage|p1a: You just got ICED|7\/100\n|-start|p2a: We're so bax|confusion|[fatigue]\n|move|p1a: You just got ICED|U-turn|p2a: We're so bax\n|-damage|p2a: We're so bax|56\/100\n|inactive|kraibh has 210 seconds left.\n|\n|t:|1699747688\n|switch|p1a: Animal Style|Gourgeist-Super, F|100\/100|[from] U-turn\n|-damage|p1a: Animal Style|88\/100|[from] Stealth Rock\n|\n|-sideend|p2: BugkeeperBimmy|Reflect\n|upkeep\n|turn|17\n|inactive|BugkeeperBimmy has 210 seconds left.\n|\n|t:|1699747721\n|move|p1a: Animal Style|Shadow Sneak|p2a: We're so bax\n|-damage|p2a: We're so bax|28\/100\n|-activate|p2a: We're so bax|confusion\n|move|p2a: We're so bax|Icicle Spear|p1a: Animal Style\n|-supereffective|p1a: Animal Style\n|-damage|p1a: Animal Style|67\/100\n|-supereffective|p1a: Animal Style\n|-damage|p1a: Animal Style|48\/100\n|-supereffective|p1a: Animal Style\n|-damage|p1a: Animal Style|27\/100\n|-supereffective|p1a: Animal Style\n|-damage|p1a: Animal Style|8\/100\n|-supereffective|p1a: Animal Style\n|-damage|p1a: Animal Style|0 fnt\n|faint|p1a: Animal Style\n|-hitcount|p1: Animal Style|5\n|\n|-sideend|p2: BugkeeperBimmy|move: Light Screen\n|upkeep\n|\n|t:|1699747725\n|switch|p1a: You just got ICED|Landorus-Therian, M|7\/100\n|-ability|p1a: You just got ICED|Intimidate|boost\n|-unboost|p2a: We're so bax|atk|1\n|turn|18\n|\n|t:|1699747729\n|-activate|p2a: We're so bax|confusion\n|move|p2a: We're so bax|Outrage|p1a: You just got ICED\n|-damage|p1a: You just got ICED|0 fnt\n|faint|p1a: You just got ICED\n|\n|upkeep\n|\n|t:|1699747731\n|switch|p1a: Smirnoff|Kyurem, shiny|100\/100\n|-damage|p1a: Smirnoff|75\/100|[from] Stealth Rock\n|-ability|p1a: Smirnoff|Pressure\n|turn|19\n|c|\u2606BugkeeperBimmy|gg\n|c|\u2606kraibh|ggs\n|\n|t:|1699747737\n|-activate|p2a: We're so bax|confusion\n|-damage|p2a: We're so bax|19\/100|[from] confusion\n|move|p1a: Smirnoff|Dragon Dance|p1a: Smirnoff\n|-boost|p1a: Smirnoff|atk|1\n|-boost|p1a: Smirnoff|spe|1\n|\n|upkeep\n|turn|20\n|\n|t:|1699747748\n|-activate|p2a: We're so bax|confusion\n|move|p2a: We're so bax|Outrage|p1a: Smirnoff\n|-supereffective|p1a: Smirnoff\n|-damage|p1a: Smirnoff|2\/100\n|move|p1a: Smirnoff|Icicle Spear|p2a: We're so bax\n|-damage|p2a: We're so bax|1\/100\n|-damage|p2a: We're so bax|0 fnt\n|faint|p2a: We're so bax\n|-hitcount|p2: We're so bax|2\n|\n|upkeep\n|\n|t:|1699747753\n|switch|p2a: Hulk gif|Machamp, M, shiny|100\/100\n|turn|21\n|\n|t:|1699747759\n|move|p2a: Hulk gif|Bullet Punch|p1a: Smirnoff\n|-supereffective|p1a: Smirnoff\n|-damage|p1a: Smirnoff|0 fnt\n|faint|p1a: Smirnoff\n|\n|win|BugkeeperBimmy\n|c|\u2606kraibh|ggs wp\n|c|\u2606BugkeeperBimmy|wp\n","uploadtime":1699747767,"views":15,"p1id":"kraibh","p2id":"bugkeeperbimmy","formatid":"gen9nationaldexubers","rating":0,"private":0,"password":""}