{"id":"gen9nationaldexubers-1994141753","p1":"Rapikagame","p2":"realjumpman","format":"[Gen 9] National Dex Ubers","log":"|j|\u2606Rapikagame\n|j|\u2606realjumpman\n|t:|1700411773\n|gametype|singles\n|player|p1|Rapikagame|blue|1220\n|player|p2|realjumpman|hilbert|1131\n|teamsize|p1|6\n|teamsize|p2|6\n|gen|9\n|tier|[Gen 9] National Dex Ubers\n|rated|\n|rule|HP Percentage Mod: HP is shown in percentages\n|rule|Endless Battle Clause: Forcing endless battles is banned\n|rule|OHKO Clause: OHKO moves are banned\n|rule|Evasion Moves Clause: Evasion moves are banned\n|rule|Evasion Items Clause: Evasion items are banned\n|rule|Species Clause: Limit one of each Pok\u00e9mon\n|rule|Sleep Clause Mod: Limit one foe put to sleep\n|rule|Mega Rayquaza Clause: You cannot mega evolve Rayquaza\n|clearpoke\n|poke|p1|Groudon|\n|poke|p1|Houndoom, F|\n|poke|p1|Ho-Oh|\n|poke|p1|Eternatus|\n|poke|p1|Xerneas-*|\n|poke|p1|Arceus-Ground|\n|poke|p2|Yveltal|\n|poke|p2|Zacian-*|\n|poke|p2|Groudon|\n|poke|p2|Xerneas-*|\n|poke|p2|Necrozma-Dusk-Mane|\n|poke|p2|Palkia-Origin|\n|teampreview\n|inactive|Battle timer is ON: inactive players will automatically lose when time's up. (requested by Rapikagame)\n|\n|t:|1700411788\n|start\n|switch|p1a: Groudon|Groudon|100\/100\n|switch|p2a: Groudon|Groudon|100\/100\n|detailschange|p1a: Groudon|Groudon-Primal\n|-primal|p1a: Groudon|Red Orb\n|-weather|DesolateLand|[from] ability: Desolate Land|[of] p1a: Groudon\n|detailschange|p2a: Groudon|Groudon-Primal\n|-primal|p2a: Groudon|Red Orb\n|turn|1\n|\n|t:|1700411798\n|move|p1a: Groudon|Precipice Blades|p2a: Groudon\n|-supereffective|p2a: Groudon\n|-damage|p2a: Groudon|0 fnt\n|faint|p2a: Groudon\n|\n|-weather|DesolateLand|[upkeep]\n|upkeep\n|\n|t:|1700411809\n|switch|p2a: Xerneas|Xerneas|100\/100\n|-ability|p2a: Xerneas|Fairy Aura\n|turn|2\n|\n|t:|1700411818\n|move|p1a: Groudon|Stealth Rock|p2a: Xerneas\n|-sidestart|p2: realjumpman|move: Stealth Rock\n|move|p2a: Xerneas|Geomancy||[still]\n|-prepare|p2a: Xerneas|Geomancy\n|-enditem|p2a: Xerneas|Power Herb\n|-anim|p2a: Xerneas|Geomancy|p2a: Xerneas\n|-boost|p2a: Xerneas|spa|2\n|-boost|p2a: Xerneas|spd|2\n|-boost|p2a: Xerneas|spe|2\n|\n|-weather|DesolateLand|[upkeep]\n|upkeep\n|turn|3\n|\n|t:|1700411830\n|-terastallize|p2a: Xerneas|Fairy\n|move|p2a: Xerneas|Moonblast|p1a: Groudon\n|-resisted|p1a: Groudon\n|-crit|p1a: Groudon\n|-damage|p1a: Groudon|0 fnt\n|faint|p1a: Groudon\n|-weather|none\n|\n|upkeep\n|\n|t:|1700411850\n|switch|p1a: Eternatus|Eternatus|100\/100\n|-ability|p1a: Eternatus|Pressure\n|turn|4\n|\n|t:|1700411874\n|move|p2a: Xerneas|Moonblast|p1a: Eternatus\n|-damage|p1a: Eternatus|0 fnt\n|faint|p1a: Eternatus\n|\n|upkeep\n|\n|t:|1700411879\n|switch|p1a: Arceus|Arceus-Ground|100\/100\n|turn|5\n|\n|t:|1700411894\n|move|p2a: Xerneas|Thunder|p1a: Arceus\n|-immune|p1a: Arceus\n|-zpower|p1a: Arceus\n|move|p1a: Arceus|Tectonic Rage|p2a: Xerneas|[zeffect]\n|-damage|p2a: Xerneas|72\/100\n|\n|upkeep\n|turn|6\n|\n|t:|1700411906\n|move|p2a: Xerneas|Moonblast|p1a: Arceus\n|-damage|p1a: Arceus|0 fnt\n|faint|p1a: Arceus\n|\n|upkeep\n|\n|t:|1700411915\n|switch|p1a: Xerneas|Xerneas|100\/100\n|-ability|p1a: Xerneas|Fairy Aura\n|turn|7\n|\n|t:|1700411927\n|move|p2a: Xerneas|Moonblast|p1a: Xerneas\n|-damage|p1a: Xerneas|0 fnt\n|faint|p1a: Xerneas\n|\n|upkeep\n|\n|t:|1700411934\n|switch|p1a: Houndoom|Houndoom, F|100\/100\n|turn|8\n|c|\u2606realjumpman|i just wanna know why the battle timer\n|\n|t:|1700411939\n|detailschange|p1a: Houndoom|Houndoom-Mega, F\n|-mega|p1a: Houndoom|Houndoom|Houndoominite\n|move|p2a: Xerneas|Focus Blast|p1a: Houndoom\n|-supereffective|p1a: Houndoom\n|-damage|p1a: Houndoom|0 fnt\n|faint|p1a: Houndoom\n|\n|upkeep\n|\n|t:|1700411946\n|switch|p1a: Ho-Oh|Ho-Oh|100\/100\n|turn|9\n|\n|t:|1700411954\n|move|p2a: Xerneas|Thunder|p1a: Ho-Oh\n|-supereffective|p1a: Ho-Oh\n|-damage|p1a: Ho-Oh|4\/100\n|-status|p1a: Ho-Oh|par\n|move|p1a: Ho-Oh|Brave Bird|p2a: Xerneas\n|-damage|p2a: Xerneas|17\/100\n|-damage|p1a: Ho-Oh|0 fnt|[from] Recoil\n|faint|p1a: Ho-Oh\n|\n|win|realjumpman\n|raw|Rapikagame's rating: 1220 &rarr; <strong>1189<\/strong><br \/>(-31 for losing)\n|raw|realjumpman's rating: 1131 &rarr; <strong>1162<\/strong><br \/>(+31 for winning)\n|l|\u2606Rapikagame\n|c|\u2606realjumpman|gg i guess\n|c|\u2606realjumpman|weak\n","uploadtime":1700411974,"views":16,"p1id":"rapikagame","p2id":"realjumpman","formatid":"gen9nationaldexubers","rating":1162,"private":0,"password":""}