{"id":"gen9nationaldexubers-1994060938","p1":"kerryistina","p2":"COMBAT-MODE\ufe0f\u26a0\ufe0f","format":"[Gen 9] National Dex Ubers","log":"|j|\u2606kerryistina\n|j|\u2606COMBAT-MODE\ufe0f\u26a0\ufe0f\n|t:|1700401586\n|gametype|singles\n|player|p1|kerryistina|bellelba|1075\n|player|p2|COMBAT-MODE\ufe0f\u26a0\ufe0f|battlegirl-gen6|1097\n|teamsize|p1|6\n|teamsize|p2|6\n|gen|9\n|tier|[Gen 9] National Dex Ubers\n|rated|\n|rule|HP Percentage Mod: HP is shown in percentages\n|rule|Endless Battle Clause: Forcing endless battles is banned\n|rule|OHKO Clause: OHKO moves are banned\n|rule|Evasion Moves Clause: Evasion moves are banned\n|rule|Evasion Items Clause: Evasion items are banned\n|rule|Species Clause: Limit one of each Pok\u00e9mon\n|rule|Sleep Clause Mod: Limit one foe put to sleep\n|rule|Mega Rayquaza Clause: You cannot mega evolve Rayquaza\n|clearpoke\n|poke|p1|Zacian-*|\n|poke|p1|Ho-Oh|\n|poke|p1|Groudon|\n|poke|p1|Arceus-Water|\n|poke|p1|Shuckle, M|\n|poke|p1|Blaziken, F|\n|poke|p2|Conkeldurr, M|\n|poke|p2|Hawlucha, M|\n|poke|p2|Annihilape, M|\n|poke|p2|Pheromosa|\n|poke|p2|Zamazenta-*|\n|poke|p2|Arceus-Fighting|\n|teampreview\n|\n|t:|1700401593\n|start\n|switch|p1a: Shuckle|Shuckle, M|100\/100\n|switch|p2a: \ud83d\udca2HAWLUCHA\ud83d\udca2\ud83d\ude20\ud83d\udc4a|Hawlucha, M, shiny|100\/100\n|turn|1\n|\n|t:|1700401609\n|move|p2a: \ud83d\udca2HAWLUCHA\ud83d\udca2\ud83d\ude20\ud83d\udc4a|Swords Dance|p2a: \ud83d\udca2HAWLUCHA\ud83d\udca2\ud83d\ude20\ud83d\udc4a\n|-boost|p2a: \ud83d\udca2HAWLUCHA\ud83d\udca2\ud83d\ude20\ud83d\udc4a|atk|2\n|move|p1a: Shuckle|Sticky Web|p2a: \ud83d\udca2HAWLUCHA\ud83d\udca2\ud83d\ude20\ud83d\udc4a\n|-sidestart|p2: COMBAT-MODE\ufe0f\u26a0\ufe0f|move: Sticky Web\n|\n|upkeep\n|turn|2\n|\n|t:|1700401618\n|-terastallize|p2a: \ud83d\udca2HAWLUCHA\ud83d\udca2\ud83d\ude20\ud83d\udc4a|Fighting\n|move|p2a: \ud83d\udca2HAWLUCHA\ud83d\udca2\ud83d\ude20\ud83d\udc4a|Close Combat|p1a: Shuckle\n|-damage|p1a: Shuckle|26\/100\n|-unboost|p2a: \ud83d\udca2HAWLUCHA\ud83d\udca2\ud83d\ude20\ud83d\udc4a|def|1\n|-unboost|p2a: \ud83d\udca2HAWLUCHA\ud83d\udca2\ud83d\ude20\ud83d\udc4a|spd|1\n|move|p1a: Shuckle|Encore|p2a: \ud83d\udca2HAWLUCHA\ud83d\udca2\ud83d\ude20\ud83d\udc4a\n|-start|p2a: \ud83d\udca2HAWLUCHA\ud83d\udca2\ud83d\ude20\ud83d\udc4a|Encore\n|\n|upkeep\n|turn|3\n|\n|t:|1700401635\n|switch|p1a: Ho-Oh|Ho-Oh|100\/100\n|move|p2a: \ud83d\udca2HAWLUCHA\ud83d\udca2\ud83d\ude20\ud83d\udc4a|Close Combat|p1a: Ho-Oh\n|-resisted|p1a: Ho-Oh\n|-damage|p1a: Ho-Oh|54\/100\n|-unboost|p2a: \ud83d\udca2HAWLUCHA\ud83d\udca2\ud83d\ude20\ud83d\udc4a|def|1\n|-unboost|p2a: \ud83d\udca2HAWLUCHA\ud83d\udca2\ud83d\ude20\ud83d\udc4a|spd|1\n|\n|upkeep\n|turn|4\n|\n|t:|1700401644\n|move|p2a: \ud83d\udca2HAWLUCHA\ud83d\udca2\ud83d\ude20\ud83d\udc4a|Close Combat|p1a: Ho-Oh\n|-resisted|p1a: Ho-Oh\n|-damage|p1a: Ho-Oh|12\/100\n|-unboost|p2a: \ud83d\udca2HAWLUCHA\ud83d\udca2\ud83d\ude20\ud83d\udc4a|def|1\n|-unboost|p2a: \ud83d\udca2HAWLUCHA\ud83d\udca2\ud83d\ude20\ud83d\udc4a|spd|1\n|move|p1a: Ho-Oh|Sacred Fire|p2a: \ud83d\udca2HAWLUCHA\ud83d\udca2\ud83d\ude20\ud83d\udc4a\n|-enditem|p2a: \ud83d\udca2HAWLUCHA\ud83d\udca2\ud83d\ude20\ud83d\udc4a|Focus Sash\n|-damage|p2a: \ud83d\udca2HAWLUCHA\ud83d\udca2\ud83d\ude20\ud83d\udc4a|1\/100\n|\n|upkeep\n|turn|5\n|\n|t:|1700401667\n|switch|p1a: Groudon|Groudon|100\/100\n|detailschange|p1a: Groudon|Groudon-Primal\n|-primal|p1a: Groudon|Red Orb\n|-weather|DesolateLand|[from] ability: Desolate Land|[of] p1a: Groudon\n|move|p2a: \ud83d\udca2HAWLUCHA\ud83d\udca2\ud83d\ude20\ud83d\udc4a|Close Combat|p1a: Groudon\n|-damage|p1a: Groudon|24\/100\n|-unboost|p2a: \ud83d\udca2HAWLUCHA\ud83d\udca2\ud83d\ude20\ud83d\udc4a|def|1\n|-unboost|p2a: \ud83d\udca2HAWLUCHA\ud83d\udca2\ud83d\ude20\ud83d\udc4a|spd|1\n|\n|-weather|DesolateLand|[upkeep]\n|-end|p2a: \ud83d\udca2HAWLUCHA\ud83d\udca2\ud83d\ude20\ud83d\udc4a|Encore\n|upkeep\n|turn|6\n|\n|t:|1700401685\n|-weather|none\n|switch|p1a: Shuckle|Shuckle, M|26\/100\n|move|p2a: \ud83d\udca2HAWLUCHA\ud83d\udca2\ud83d\ude20\ud83d\udc4a|Reversal|p1a: Shuckle\n|-damage|p1a: Shuckle|0 fnt\n|faint|p1a: Shuckle\n|\n|upkeep\n|\n|t:|1700401692\n|switch|p1a: Zacian|Zacian-Crowned|100\/100\n|-ability|p1a: Zacian|Intrepid Sword|boost\n|-boost|p1a: Zacian|atk|1\n|turn|7\n|\n|t:|1700401697\n|move|p2a: \ud83d\udca2HAWLUCHA\ud83d\udca2\ud83d\ude20\ud83d\udc4a|Reversal|p1a: Zacian\n|-damage|p1a: Zacian|0 fnt\n|faint|p1a: Zacian\n|\n|upkeep\n|\n|t:|1700401712\n|switch|p1a: Blaziken|Blaziken, F|100\/100\n|turn|8\n|\n|t:|1700401716\n|move|p1a: Blaziken|Protect|p1a: Blaziken\n|-singleturn|p1a: Blaziken|Protect\n|move|p2a: \ud83d\udca2HAWLUCHA\ud83d\udca2\ud83d\ude20\ud83d\udc4a|Reversal|p1a: Blaziken\n|-activate|p1a: Blaziken|move: Protect\n|\n|-ability|p1a: Blaziken|Speed Boost|boost\n|-boost|p1a: Blaziken|spe|1\n|upkeep\n|turn|9\n|\n|t:|1700401724\n|detailschange|p1a: Blaziken|Blaziken-Mega, F\n|-mega|p1a: Blaziken|Blaziken|Blazikenite\n|move|p2a: \ud83d\udca2HAWLUCHA\ud83d\udca2\ud83d\ude20\ud83d\udc4a|Reversal|p1a: Blaziken\n|-damage|p1a: Blaziken|0 fnt\n|faint|p1a: Blaziken\n|\n|upkeep\n|\n|t:|1700401731\n|switch|p1a: Groudon|Groudon-Primal|24\/100\n|-weather|DesolateLand|[from] ability: Desolate Land|[of] p1a: Groudon\n|turn|10\n|\n|t:|1700401736\n|move|p2a: \ud83d\udca2HAWLUCHA\ud83d\udca2\ud83d\ude20\ud83d\udc4a|Close Combat|p1a: Groudon\n|-damage|p1a: Groudon|0 fnt\n|-unboost|p2a: \ud83d\udca2HAWLUCHA\ud83d\udca2\ud83d\ude20\ud83d\udc4a|def|1\n|-unboost|p2a: \ud83d\udca2HAWLUCHA\ud83d\udca2\ud83d\ude20\ud83d\udc4a|spd|1\n|faint|p1a: Groudon\n|-weather|none\n|\n|upkeep\n|\n|t:|1700401741\n|switch|p1a: Ho-Oh|Ho-Oh|45\/100\n|turn|11\n|\n|t:|1700401748\n|move|p2a: \ud83d\udca2HAWLUCHA\ud83d\udca2\ud83d\ude20\ud83d\udc4a|Close Combat|p1a: Ho-Oh\n|-resisted|p1a: Ho-Oh\n|-damage|p1a: Ho-Oh|0 fnt\n|-unboost|p2a: \ud83d\udca2HAWLUCHA\ud83d\udca2\ud83d\ude20\ud83d\udc4a|def|1\n|-unboost|p2a: \ud83d\udca2HAWLUCHA\ud83d\udca2\ud83d\ude20\ud83d\udc4a|spd|1\n|faint|p1a: Ho-Oh\n|\n|upkeep\n|\n|t:|1700401752\n|switch|p1a: Arceus|Arceus-Water|100\/100\n|turn|12\n|\n|t:|1700401759\n|move|p2a: \ud83d\udca2HAWLUCHA\ud83d\udca2\ud83d\ude20\ud83d\udc4a|Reversal|p1a: Arceus\n|-damage|p1a: Arceus|0 fnt\n|faint|p1a: Arceus\n|\n|win|COMBAT-MODE\ufe0f\u26a0\ufe0f\n|raw|kerryistina's rating: 1075 &rarr; <strong>1055<\/strong><br \/>(-20 for losing)\n|raw|COMBAT-MODE\ufe0f\u26a0\ufe0f's rating: 1097 &rarr; <strong>1121<\/strong><br \/>(+24 for winning)\n|l|\u2606kerryistina\n|l|\u2606COMBAT-MODE\ufe0f\u26a0\ufe0f\n|j|\u2606COMBAT-MODE\ufe0f\u26a0\ufe0f\n|player|p2|COMBAT-MODE\ufe0f\u26a0\ufe0f|battlegirl-gen6\n","uploadtime":1700401774,"views":4,"p1id":"kerryistina","p2id":"combatmode","formatid":"gen9nationaldexubers","rating":1055,"private":0,"password":""}