{"id":"gen9nationaldexubers-1981159786","p1":"DavyCricket","p2":"astolfo_barusu","format":"[Gen 9] National Dex Ubers","log":"|j|\u2606DavyCricket\n|j|\u2606astolfo_barusu\n|t:|1698868432\n|gametype|singles\n|player|p1|DavyCricket|101|1126\n|player|p2|astolfo_barusu|ingo|1111\n|teamsize|p1|6\n|teamsize|p2|6\n|gen|9\n|tier|[Gen 9] National Dex Ubers\n|rated|\n|rule|HP Percentage Mod: HP is shown in percentages\n|rule|Endless Battle Clause: Forcing endless battles is banned\n|rule|OHKO Clause: OHKO moves are banned\n|rule|Evasion Moves Clause: Evasion moves are banned\n|rule|Evasion Items Clause: Evasion items are banned\n|rule|Species Clause: Limit one of each Pok\u00e9mon\n|rule|Sleep Clause Mod: Limit one foe put to sleep\n|rule|Mega Rayquaza Clause: You cannot mega evolve Rayquaza\n|clearpoke\n|poke|p1|Charizard, M|\n|poke|p1|Dragonite, M|\n|poke|p1|Empoleon, M|\n|poke|p1|Staraptor, M|\n|poke|p1|Garchomp, M|\n|poke|p1|Urshifu-*, M|\n|poke|p2|Arbok, M|\n|poke|p2|Umbreon, M|\n|poke|p2|Banette, F|\n|poke|p2|Galvantula, M|\n|poke|p2|Glimmora, M|\n|poke|p2|Salazzle, F|\n|teampreview\n|\n|t:|1698868446\n|start\n|switch|p1a: Don|Garchomp, M|100\/100\n|switch|p2a: Glimmora|Glimmora, M, shiny|100\/100\n|turn|1\n|\n|t:|1698868462\n|switch|p1a: Julius|Empoleon, M|100\/100\n|move|p2a: Glimmora|Stealth Rock|p1a: Julius\n|-sidestart|p1: DavyCricket|move: Stealth Rock\n|\n|upkeep\n|turn|2\n|\n|t:|1698868470\n|switch|p2a: Galvantula|Galvantula, M, shiny|100\/100\n|move|p1a: Julius|Hydro Pump|p2a: Galvantula\n|-damage|p2a: Galvantula|4\/100\n|\n|upkeep\n|turn|3\n|\n|t:|1698868480\n|move|p2a: Galvantula|Discharge|p1a: Julius\n|-supereffective|p1a: Julius\n|-damage|p1a: Julius|40\/100\n|move|p1a: Julius|Drill Peck|p2a: Galvantula\n|-damage|p2a: Galvantula|0 fnt\n|faint|p2a: Galvantula\n|\n|upkeep\n|\n|t:|1698868493\n|switch|p2a: Salazzle|Salazzle, F, shiny|100\/100\n|turn|4\n|\n|t:|1698868515\n|move|p2a: Salazzle|Taunt|p1a: Julius\n|-start|p1a: Julius|move: Taunt\n|move|p1a: Julius|Hydro Pump|p2a: Salazzle\n|-supereffective|p2a: Salazzle\n|-damage|p2a: Salazzle|0 fnt\n|faint|p2a: Salazzle\n|\n|upkeep\n|\n|t:|1698868524\n|switch|p2a: Glimmora|Glimmora, M, shiny|100\/100\n|turn|5\n|\n|t:|1698868528\n|move|p2a: Glimmora|Energy Ball|p1a: Julius\n|-damage|p1a: Julius|14\/100\n|move|p1a: Julius|Flash Cannon|p2a: Glimmora\n|-supereffective|p2a: Glimmora\n|-crit|p2a: Glimmora\n|-enditem|p2a: Glimmora|Focus Sash\n|-damage|p2a: Glimmora|1\/100\n|\n|upkeep\n|turn|6\n|\n|t:|1698868537\n|move|p2a: Glimmora|Energy Ball|p1a: Julius\n|-damage|p1a: Julius|0 fnt\n|faint|p1a: Julius\n|\n|upkeep\n|\n|t:|1698868541\n|switch|p1a: Lycanite|Dragonite, M|100\/100\n|-damage|p1a: Lycanite|76\/100|[from] Stealth Rock\n|turn|7\n|\n|t:|1698868546\n|move|p2a: Glimmora|Spiky Shield|p2a: Glimmora\n|-singleturn|p2a: Glimmora|move: Protect\n|move|p1a: Lycanite|Dragon Pulse|p2a: Glimmora\n|-activate|p2a: Glimmora|move: Protect\n|\n|upkeep\n|turn|8\n|\n|t:|1698868555\n|switch|p2a: Arbok|Arbok, M, shiny|100\/100\n|-ability|p2a: Arbok|Intimidate|boost\n|-unboost|p1a: Lycanite|atk|1\n|move|p1a: Lycanite|Roost|p1a: Lycanite\n|-heal|p1a: Lycanite|100\/100\n|-singleturn|p1a: Lycanite|move: Roost\n|\n|upkeep\n|turn|9\n|\n|t:|1698868569\n|-terastallize|p2a: Arbok|Water\n|move|p1a: Lycanite|Dragon Rush|p2a: Arbok|[miss]\n|-miss|p1a: Lycanite|p2a: Arbok\n|move|p2a: Arbok|Coil|p2a: Arbok\n|-boost|p2a: Arbok|atk|1\n|-boost|p2a: Arbok|def|1\n|-boost|p2a: Arbok|accuracy|1\n|\n|upkeep\n|turn|10\n|\n|t:|1698868594\n|move|p1a: Lycanite|Dragon Pulse|p2a: Arbok\n|-damage|p2a: Arbok|48\/100\n|move|p2a: Arbok|Coil|p2a: Arbok\n|-boost|p2a: Arbok|atk|1\n|-boost|p2a: Arbok|def|1\n|-boost|p2a: Arbok|accuracy|1\n|\n|-heal|p2a: Arbok|54\/100|[from] item: Leftovers\n|upkeep\n|turn|11\n|\n|t:|1698868603\n|move|p1a: Lycanite|Dragon Pulse|p2a: Arbok\n|-damage|p2a: Arbok|2\/100\n|move|p2a: Arbok|Gunk Shot|p1a: Lycanite\n|-damage|p1a: Lycanite|45\/100\n|\n|-heal|p2a: Arbok|8\/100|[from] item: Leftovers\n|upkeep\n|turn|12\n|\n|t:|1698868611\n|move|p2a: Arbok|Sucker Punch|p1a: Lycanite\n|-damage|p1a: Lycanite|0 fnt\n|faint|p1a: Lycanite\n|\n|-heal|p2a: Arbok|14\/100|[from] item: Leftovers\n|upkeep\n|\n|t:|1698868622\n|switch|p1a: Don|Garchomp, M|100\/100\n|-damage|p1a: Don|94\/100|[from] Stealth Rock\n|turn|13\n|\n|t:|1698868628\n|move|p1a: Don|Earthquake|p2a: Arbok\n|-damage|p2a: Arbok|0 fnt\n|faint|p2a: Arbok\n|\n|upkeep\n|\n|t:|1698868633\n|switch|p2a: Glimmora|Glimmora, M, shiny|1\/100\n|turn|14\n|\n|t:|1698868637\n|move|p2a: Glimmora|Spiky Shield|p2a: Glimmora\n|-singleturn|p2a: Glimmora|move: Protect\n|move|p1a: Don|Iron Head|p2a: Glimmora\n|-activate|p2a: Glimmora|move: Protect\n|-damage|p1a: Don|82\/100|[from] Spiky Shield|[of] p2a: Glimmora\n|\n|upkeep\n|turn|15\n|\n|t:|1698868645\n|move|p1a: Don|Iron Head|p2a: Glimmora\n|-supereffective|p2a: Glimmora\n|-damage|p2a: Glimmora|0 fnt\n|-activate|p2a: Glimmora|ability: Toxic Debris\n|-sidestart|p1: DavyCricket|move: Toxic Spikes\n|faint|p2a: Glimmora\n|\n|upkeep\n|\n|t:|1698868649\n|switch|p2a: Banette|Banette, F|100\/100\n|turn|16\n|\n|t:|1698868659\n|detailschange|p2a: Banette|Banette-Mega, F\n|-mega|p2a: Banette|Banette|Banettite\n|move|p2a: Banette|Swords Dance|p2a: Banette\n|-boost|p2a: Banette|atk|2\n|move|p1a: Don|Iron Head|p2a: Banette\n|-damage|p2a: Banette|60\/100\n|\n|upkeep\n|turn|17\n|\n|t:|1698868668\n|move|p2a: Banette|Cotton Guard|p2a: Banette\n|-boost|p2a: Banette|def|3\n|move|p1a: Don|Earthquake|p2a: Banette\n|-damage|p2a: Banette|36\/100\n|\n|upkeep\n|turn|18\n|\n|t:|1698868675\n|move|p2a: Banette|Cotton Guard|p2a: Banette\n|-boost|p2a: Banette|def|3\n|move|p1a: Don|Earthquake|p2a: Banette\n|-damage|p2a: Banette|19\/100\n|\n|upkeep\n|turn|19\n|\n|t:|1698868684\n|move|p2a: Banette|Swords Dance|p2a: Banette\n|-boost|p2a: Banette|atk|2\n|move|p1a: Don|Earthquake|p2a: Banette\n|-damage|p2a: Banette|3\/100\n|\n|upkeep\n|turn|20\n|\n|t:|1698868690\n|move|p2a: Banette|Shadow Sneak|p1a: Don\n|-damage|p1a: Don|9\/100\n|-damage|p2a: Banette|0 fnt|[from] ability: Rough Skin|[of] p1a: Don\n|faint|p2a: Banette\n|move|p1a: Don|Swords Dance|p1a: Don\n|-boost|p1a: Don|atk|2\n|\n|upkeep\n|\n|t:|1698868694\n|switch|p2a: Umbreon|Umbreon, M, shiny|100\/100\n|turn|21\n|\n|t:|1698868699\n|move|p1a: Don|Earthquake|p2a: Umbreon\n|-damage|p2a: Umbreon|29\/100\n|move|p2a: Umbreon|Wish|p2a: Umbreon\n|\n|-heal|p2a: Umbreon|35\/100|[from] item: Leftovers\n|upkeep\n|turn|22\n|\n|t:|1698868705\n|move|p2a: Umbreon|Protect|p2a: Umbreon\n|-singleturn|p2a: Umbreon|Protect\n|move|p1a: Don|Swords Dance|p1a: Don\n|-boost|p1a: Don|atk|2\n|\n|-heal|p2a: Umbreon|85\/100|[from] move: Wish|[wisher] Umbreon\n|-heal|p2a: Umbreon|91\/100|[from] item: Leftovers\n|upkeep\n|turn|23\n|-message|astolfo_barusu forfeited.\n|\n|win|DavyCricket\n|raw|DavyCricket's rating: 1126 &rarr; <strong>1150<\/strong><br \/>(+24 for winning)\n|raw|astolfo_barusu's rating: 1111 &rarr; <strong>1087<\/strong><br \/>(-24 for losing)\n|l|\u2606astolfo_barusu\n","uploadtime":1698868876,"views":5,"p1id":"davycricket","p2id":"astolfobarusu","formatid":"gen9nationaldexubers","rating":1087,"private":0,"password":""}