{"id":"gen9nationaldexubers-1985570611","p1":"LampDarkstar","p2":"Candaru","format":"[Gen 9] National Dex Ubers","log":"|j|\u2606LampDarkstar\n|j|\u2606Candaru\n|t:|1699385503\n|gametype|singles\n|player|p1|LampDarkstar|lass|\n|player|p2|Candaru|idol|\n|teamsize|p1|6\n|teamsize|p2|6\n|gen|9\n|tier|[Gen 9] National Dex Ubers\n|rule|HP Percentage Mod: HP is shown in percentages\n|rule|Endless Battle Clause: Forcing endless battles is banned\n|rule|OHKO Clause: OHKO moves are banned\n|rule|Evasion Moves Clause: Evasion moves are banned\n|rule|Evasion Items Clause: Evasion items are banned\n|rule|Species Clause: Limit one of each Pok\u00e9mon\n|rule|Sleep Clause Mod: Limit one foe put to sleep\n|rule|Mega Rayquaza Clause: You cannot mega evolve Rayquaza\n|clearpoke\n|poke|p1|Slowbro, F|\n|poke|p1|Landorus-Therian, M|\n|poke|p1|Clefable, F|\n|poke|p1|Cloyster, F|\n|poke|p1|Tangrowth, F|\n|poke|p1|Stakataka|\n|poke|p2|Bounsweet, L1, F|\n|poke|p2|Mew|\n|poke|p2|Azumarill, F|\n|poke|p2|Victini|\n|poke|p2|Tapu Fini|\n|poke|p2|Diancie|\n|teampreview\n|\n|t:|1699385525\n|start\n|switch|p1a: Clam Break|Cloyster, F|100\/100\n|switch|p2a: bounSWEEP|Bounsweet, L1, F|100\/100\n|turn|1\n|j| Candarblu\n|\n|t:|1699385699\n|switch|p2a: the V|Victini|100\/100\n|move|p1a: Clam Break|Icicle Spear|p2a: the V\n|-resisted|p2a: the V\n|-damage|p2a: the V|95\/100\n|-resisted|p2a: the V\n|-damage|p2a: the V|89\/100\n|-resisted|p2a: the V\n|-damage|p2a: the V|83\/100\n|-resisted|p2a: the V\n|-damage|p2a: the V|77\/100\n|-resisted|p2a: the V\n|-damage|p2a: the V|71\/100\n|-hitcount|p2a: the V|5\n|\n|upkeep\n|turn|2\n|\n|t:|1699385744\n|switch|p1a: Moony|Landorus-Therian, M|100\/100\n|-ability|p1a: Moony|Intimidate|boost\n|-unboost|p2a: the V|atk|1\n|move|p2a: the V|Bolt Strike|p1a: Moony\n|-immune|p1a: Moony\n|\n|upkeep\n|turn|3\n|\n|t:|1699385854\n|switch|p2a: Easter Egg|Azumarill, F|100\/100\n|move|p1a: Moony|Earthquake|p2a: Easter Egg\n|-damage|p2a: Easter Egg|40\/100\n|-enditem|p2a: Easter Egg|Sitrus Berry|[eat]\n|-heal|p2a: Easter Egg|65\/100|[from] item: Sitrus Berry\n|\n|upkeep\n|turn|4\n|\n|t:|1699385887\n|switch|p1a: Metronome|Clefable, F|100\/100\n|move|p2a: Easter Egg|Aqua Jet|p1a: Metronome\n|-damage|p1a: Metronome|82\/100\n|\n|-heal|p1a: Metronome|88\/100|[from] item: Leftovers\n|upkeep\n|turn|5\n|\n|t:|1699385980\n|switch|p2a: Pigtails|Diancie|100\/100\n|move|p1a: Metronome|Thunderbolt|p2a: Pigtails\n|-damage|p2a: Pigtails|84\/100\n|\n|-heal|p1a: Metronome|94\/100|[from] item: Leftovers\n|upkeep\n|turn|6\n|\n|t:|1699385994\n|switch|p1a: Spagebbi|Tangrowth, F|100\/100\n|detailschange|p2a: Pigtails|Diancie-Mega\n|-mega|p2a: Pigtails|Diancie|Diancite\n|move|p2a: Pigtails|Stealth Rock|p1a: Spagebbi\n|-sidestart|p1: LampDarkstar|move: Stealth Rock\n|\n|upkeep\n|turn|7\n|\n|t:|1699386086\n|move|p2a: Pigtails|Body Press|p1a: Spagebbi\n|-damage|p1a: Spagebbi|86\/100\n|move|p1a: Spagebbi|Sludge Bomb|p2a: Pigtails\n|-damage|p2a: Pigtails|61\/100\n|\n|upkeep\n|turn|8\n|\n|t:|1699386141\n|move|p2a: Pigtails|Spikes|p1a: Spagebbi\n|-sidestart|p1: LampDarkstar|Spikes\n|move|p1a: Spagebbi|Giga Drain|p2a: Pigtails\n|-supereffective|p2a: Pigtails\n|-damage|p2a: Pigtails|3\/100\n|-heal|p1a: Spagebbi|100\/100|[from] drain|[of] p2a: Pigtails\n|\n|upkeep\n|turn|9\n|\n|t:|1699386151\n|move|p2a: Pigtails|Spikes|p1a: Spagebbi\n|-sidestart|p1: LampDarkstar|Spikes\n|move|p1a: Spagebbi|Giga Drain|p2a: Pigtails\n|-supereffective|p2a: Pigtails\n|-damage|p2a: Pigtails|0 fnt\n|faint|p2a: Pigtails\n|\n|upkeep\n|\n|t:|1699386159\n|switch|p2a: Hamlet|Mew|100\/100\n|turn|10\n|\n|t:|1699386171\n|move|p2a: Hamlet|Trick|p1a: Spagebbi\n|-activate|p2a: Hamlet|move: Trick|[of] p1a: Spagebbi\n|-item|p1a: Spagebbi|Toxic Orb|[from] move: Trick\n|-item|p2a: Hamlet|Assault Vest|[from] move: Trick\n|move|p1a: Spagebbi|Knock Off|p2a: Hamlet\n|-supereffective|p2a: Hamlet\n|-damage|p2a: Hamlet|60\/100\n|-enditem|p2a: Hamlet|Assault Vest|[from] move: Knock Off|[of] p1a: Spagebbi\n|\n|-status|p1a: Spagebbi|tox|[from] item: Toxic Orb\n|upkeep\n|turn|11\n|\n|t:|1699386213\n|move|p2a: Hamlet|Psychic|p1a: Spagebbi\n|-damage|p1a: Spagebbi|33\/100 tox\n|move|p1a: Spagebbi|Power Whip|p2a: Hamlet\n|-damage|p2a: Hamlet|15\/100\n|\n|-damage|p1a: Spagebbi|27\/100 tox|[from] psn\n|upkeep\n|turn|12\n|\n|t:|1699386251\n|switch|p1a: Lego Land|Stakataka, shiny|100\/100\n|-damage|p1a: Lego Land|94\/100|[from] Stealth Rock\n|-damage|p1a: Lego Land|78\/100|[from] Spikes\n|move|p2a: Hamlet|Psychic|p1a: Lego Land\n|-resisted|p1a: Lego Land\n|-damage|p1a: Lego Land|57\/100\n|\n|upkeep\n|turn|13\n|\n|t:|1699386272\n|move|p2a: Hamlet|Earth Power|p1a: Lego Land\n|-supereffective|p1a: Lego Land\n|-damage|p1a: Lego Land|0 fnt\n|faint|p1a: Lego Land\n|\n|upkeep\n|\n|t:|1699386308\n|switch|p1a: Metronome|Clefable, F|94\/100\n|-damage|p1a: Metronome|82\/100|[from] Stealth Rock\n|-damage|p1a: Metronome|65\/100|[from] Spikes\n|turn|14\n|\n|t:|1699386362\n|move|p2a: Hamlet|Psychic|p1a: Metronome\n|-damage|p1a: Metronome|21\/100\n|move|p1a: Metronome|Moonblast|p2a: Hamlet\n|-damage|p2a: Hamlet|0 fnt\n|faint|p2a: Hamlet\n|\n|-heal|p1a: Metronome|27\/100|[from] item: Leftovers\n|upkeep\n|\n|t:|1699386420\n|switch|p2a: the V|Victini|71\/100\n|turn|15\n|\n|t:|1699386435\n|move|p2a: the V|V-create|p1a: Metronome\n|-damage|p1a: Metronome|0 fnt\n|-unboost|p2a: the V|spe|1\n|-unboost|p2a: the V|def|1\n|-unboost|p2a: the V|spd|1\n|faint|p1a: Metronome\n|\n|upkeep\n|\n|t:|1699386504\n|switch|p1a: Moony|Landorus-Therian, M|100\/100\n|-damage|p1a: Moony|88\/100|[from] Stealth Rock\n|-ability|p1a: Moony|Intimidate|boost\n|-unboost|p2a: the V|atk|1\n|turn|16\n|\n|t:|1699386534\n|move|p1a: Moony|Earthquake|p2a: the V\n|-supereffective|p2a: the V\n|-damage|p2a: the V|0 fnt\n|faint|p2a: the V\n|\n|upkeep\n|\n|t:|1699386541\n|switch|p2a: bounSWEEP|Bounsweet, L1, F|100\/100\n|turn|17\n|\n|t:|1699386571\n|switch|p1a: Spagebbi|Tangrowth, F|60\/100 tox\n|-damage|p1a: Spagebbi|48\/100 tox|[from] Stealth Rock\n|-damage|p1a: Spagebbi|31\/100 tox|[from] Spikes\n|move|p2a: bounSWEEP|Endeavor|p1a: Spagebbi\n|-damage|p1a: Spagebbi|3\/100 tox\n|\n|-damage|p1a: Spagebbi|0 fnt|[from] psn\n|faint|p1a: Spagebbi\n|upkeep\n|\n|t:|1699386586\n|switch|p1a: Clam Break|Cloyster, F|100\/100\n|-damage|p1a: Clam Break|76\/100|[from] Stealth Rock\n|-damage|p1a: Clam Break|59\/100|[from] Spikes\n|turn|18\n|\n|t:|1699386615\n|switch|p2a: Tapu Feenie|Tapu Fini|100\/100\n|-fieldstart|move: Misty Terrain|[from] ability: Misty Surge|[of] p2a: Tapu Feenie\n|move|p1a: Clam Break|Icicle Spear|p2a: Tapu Feenie\n|-resisted|p2a: Tapu Feenie\n|-damage|p2a: Tapu Feenie|96\/100\n|-resisted|p2a: Tapu Feenie\n|-damage|p2a: Tapu Feenie|92\/100\n|-resisted|p2a: Tapu Feenie\n|-damage|p2a: Tapu Feenie|89\/100\n|-resisted|p2a: Tapu Feenie\n|-damage|p2a: Tapu Feenie|85\/100\n|-resisted|p2a: Tapu Feenie\n|-damage|p2a: Tapu Feenie|81\/100\n|-hitcount|p2a: Tapu Feenie|5\n|\n|-heal|p2a: Tapu Feenie|87\/100|[from] item: Leftovers\n|upkeep\n|turn|19\n|\n|t:|1699386707\n|switch|p1a: Later Bro|Slowbro, F, shiny|100\/100\n|-damage|p1a: Later Bro|88\/100|[from] Stealth Rock\n|-damage|p1a: Later Bro|72\/100|[from] Spikes\n|move|p2a: Tapu Feenie|Draining Kiss|p1a: Later Bro\n|-damage|p1a: Later Bro|53\/100\n|-heal|p2a: Tapu Feenie|100\/100|[from] drain|[of] p1a: Later Bro\n|\n|-heal|p1a: Later Bro|59\/100|[from] item: Leftovers\n|upkeep\n|turn|20\n|\n|t:|1699386724\n|move|p2a: Tapu Feenie|Calm Mind|p2a: Tapu Feenie\n|-boost|p2a: Tapu Feenie|spa|1\n|-boost|p2a: Tapu Feenie|spd|1\n|move|p1a: Later Bro|Future Sight|p2a: Tapu Feenie\n|-start|p1a: Later Bro|move: Future Sight\n|\n|-heal|p1a: Later Bro|65\/100|[from] item: Leftovers\n|upkeep\n|turn|21\n|\n|t:|1699386761\n|move|p2a: Tapu Feenie|Calm Mind|p2a: Tapu Feenie\n|-boost|p2a: Tapu Feenie|spa|1\n|-boost|p2a: Tapu Feenie|spd|1\n|move|p1a: Later Bro|Teleport|p1a: Later Bro\n|\n|t:|1699386804\n|switch|p1a: Moony|Landorus-Therian, M|88\/100|[from] Teleport\n|-damage|p1a: Moony|76\/100|[from] Stealth Rock\n|-ability|p1a: Moony|Intimidate|boost\n|-unboost|p2a: Tapu Feenie|atk|1\n|\n|upkeep\n|turn|22\n|\n|t:|1699386817\n|move|p2a: Tapu Feenie|Protect|p2a: Tapu Feenie\n|-singleturn|p2a: Tapu Feenie|Protect\n|move|p1a: Moony|Explosion|p2a: Tapu Feenie\n|-activate|p2a: Tapu Feenie|move: Protect\n|faint|p1a: Moony\n|\n|-end|p2a: Tapu Feenie|move: Future Sight\n|-damage|p2a: Tapu Feenie|85\/100\n|-heal|p2a: Tapu Feenie|91\/100|[from] item: Leftovers\n|-fieldend|Misty Terrain\n|upkeep\n|\n|t:|1699386849\n|switch|p1a: Clam Break|Cloyster, F|59\/100\n|-damage|p1a: Clam Break|34\/100|[from] Stealth Rock\n|-damage|p1a: Clam Break|18\/100|[from] Spikes\n|turn|23\n|\n|t:|1699386866\n|move|p1a: Clam Break|Explosion|p2a: Tapu Feenie\n|-damage|p2a: Tapu Feenie|41\/100\n|faint|p1a: Clam Break\n|move|p2a: Tapu Feenie|Draining Kiss|p1: Clam Break|[notarget]\n|-fail|p2a: Tapu Feenie\n|\n|-heal|p2a: Tapu Feenie|47\/100|[from] item: Leftovers\n|upkeep\n|\n|t:|1699386892\n|switch|p1a: Later Bro|Slowbro, F, shiny|98\/100\n|-damage|p1a: Later Bro|86\/100|[from] Stealth Rock\n|-damage|p1a: Later Bro|69\/100|[from] Spikes\n|turn|24\n|-message|LampDarkstar forfeited.\n|\n|win|Candaru\n|l|\u2606LampDarkstar\n","uploadtime":1699386922,"views":17,"p1id":"lampdarkstar","p2id":"candaru","formatid":"gen9nationaldexubers","rating":0,"private":0,"password":""}