{"id":"gen9nationaldexubers-1994095635","p1":"grass knot zygarde","p2":"Xy1n","format":"[Gen 9] National Dex Ubers","log":"|j|\u2606grass knot zygarde\n|j|\u2606Xy1n\n|t:|1700406255\n|gametype|singles\n|player|p1|grass knot zygarde|harlequin|\n|player|p2|Xy1n|marlon|\n|teamsize|p1|6\n|teamsize|p2|6\n|gen|9\n|tier|[Gen 9] National Dex Ubers\n|rule|HP Percentage Mod: HP is shown in percentages\n|rule|Endless Battle Clause: Forcing endless battles is banned\n|rule|OHKO Clause: OHKO moves are banned\n|rule|Evasion Moves Clause: Evasion moves are banned\n|rule|Evasion Items Clause: Evasion items are banned\n|rule|Species Clause: Limit one of each Pok\u00e9mon\n|rule|Sleep Clause Mod: Limit one foe put to sleep\n|rule|Mega Rayquaza Clause: You cannot mega evolve Rayquaza\n|clearpoke\n|poke|p1|Chi-Yu|\n|poke|p1|Glimmora, M|\n|poke|p1|Groudon|\n|poke|p1|Arceus-Ghost|\n|poke|p1|Xerneas-*|\n|poke|p1|Zekrom|\n|poke|p2|Metagross|\n|poke|p2|Ogerpon-Hearthflame, F|\n|poke|p2|Xerneas-*|\n|poke|p2|Kyurem-White|\n|poke|p2|Necrozma-Dusk-Mane|\n|poke|p2|Zamazenta-*|\n|teampreview\n|inactive|Battle timer is ON: inactive players will automatically lose when time's up. (requested by grass knot zygarde)\n|\n|t:|1700406281\n|start\n|switch|p1a: \ua329\ua35f\ua074\ua14f\ua2ea\ua038\ua038\ua0a6\ua329\ua038\ua018\ua02d|Glimmora, M, shiny|100\/100\n|switch|p2a: Necrozma|Necrozma-Dusk-Mane|100\/100\n|turn|1\n|\n|t:|1700406291\n|move|p1a: \ua329\ua35f\ua074\ua14f\ua2ea\ua038\ua038\ua0a6\ua329\ua038\ua018\ua02d|Mud Shot|p2a: Necrozma\n|-supereffective|p2a: Necrozma\n|-damage|p2a: Necrozma|72\/100\n|-unboost|p2a: Necrozma|spe|1\n|move|p2a: Necrozma|Sunsteel Strike|p1a: \ua329\ua35f\ua074\ua14f\ua2ea\ua038\ua038\ua0a6\ua329\ua038\ua018\ua02d\n|-supereffective|p1a: \ua329\ua35f\ua074\ua14f\ua2ea\ua038\ua038\ua0a6\ua329\ua038\ua018\ua02d\n|-enditem|p1a: \ua329\ua35f\ua074\ua14f\ua2ea\ua038\ua038\ua0a6\ua329\ua038\ua018\ua02d|Focus Sash\n|-damage|p1a: \ua329\ua35f\ua074\ua14f\ua2ea\ua038\ua038\ua0a6\ua329\ua038\ua018\ua02d|1\/100\n|-activate|p1a: \ua329\ua35f\ua074\ua14f\ua2ea\ua038\ua038\ua0a6\ua329\ua038\ua018\ua02d|ability: Toxic Debris\n|-sidestart|p2: Xy1n|move: Toxic Spikes\n|\n|upkeep\n|turn|2\n|\n|t:|1700406305\n|move|p1a: \ua329\ua35f\ua074\ua14f\ua2ea\ua038\ua038\ua0a6\ua329\ua038\ua018\ua02d|Spikes|p2a: Necrozma\n|-sidestart|p2: Xy1n|Spikes\n|move|p2a: Necrozma|Earthquake|p1a: \ua329\ua35f\ua074\ua14f\ua2ea\ua038\ua038\ua0a6\ua329\ua038\ua018\ua02d\n|-supereffective|p1a: \ua329\ua35f\ua074\ua14f\ua2ea\ua038\ua038\ua0a6\ua329\ua038\ua018\ua02d\n|-damage|p1a: \ua329\ua35f\ua074\ua14f\ua2ea\ua038\ua038\ua0a6\ua329\ua038\ua018\ua02d|0 fnt\n|-activate|p1a: \ua329\ua35f\ua074\ua14f\ua2ea\ua038\ua038\ua0a6\ua329\ua038\ua018\ua02d|ability: Toxic Debris\n|-sidestart|p2: Xy1n|move: Toxic Spikes\n|faint|p1a: \ua329\ua35f\ua074\ua14f\ua2ea\ua038\ua038\ua0a6\ua329\ua038\ua018\ua02d\n|\n|upkeep\n|\n|t:|1700406318\n|switch|p1a: Rifle With a Scope|Chi-Yu|100\/100\n|-ability|p1a: Rifle With a Scope|Beads of Ruin\n|turn|3\n|j| iliveinohiorizz\n|\n|t:|1700406330\n|switch|p2a: Zamazenta|Zamazenta-Crowned|100\/100\n|-damage|p2a: Zamazenta|88\/100|[from] Spikes\n|-ability|p2a: Zamazenta|Dauntless Shield|boost\n|-boost|p2a: Zamazenta|def|1\n|move|p1a: Rifle With a Scope|Flamethrower|p2a: Zamazenta\n|-supereffective|p2a: Zamazenta\n|-damage|p2a: Zamazenta|0 fnt\n|faint|p2a: Zamazenta\n|\n|upkeep\n|c| iliveinohiorizz|why we greedy like wolves\n|c| iliveinohiorizz|adam eve with the fruit\n|\n|t:|1700406351\n|switch|p2a: Ogerpon|Ogerpon-Hearthflame, F|100\/100\n|-status|p2a: Ogerpon|tox\n|-damage|p2a: Ogerpon|88\/100 tox|[from] Spikes\n|-ability|p2a: Ogerpon|Mold Breaker\n|turn|4\n|c| iliveinohiorizz|why we need new new\n|\n|t:|1700406364\n|move|p2a: Ogerpon|Ivy Cudgel|p1a: Rifle With a Scope|[anim] Ivy Cudgel Fire\n|-resisted|p1a: Rifle With a Scope\n|-damage|p1a: Rifle With a Scope|55\/100\n|move|p1a: Rifle With a Scope|Substitute|p1a: Rifle With a Scope\n|-start|p1a: Rifle With a Scope|Substitute\n|-damage|p1a: Rifle With a Scope|31\/100\n|\n|-damage|p2a: Ogerpon|82\/100 tox|[from] psn\n|upkeep\n|turn|5\n|\n|t:|1700406367\n|move|p2a: Ogerpon|Ivy Cudgel|p1a: Rifle With a Scope|[anim] Ivy Cudgel Fire\n|-resisted|p1a: Rifle With a Scope\n|-end|p1a: Rifle With a Scope|Substitute\n|move|p1a: Rifle With a Scope|Dark Pulse|p2a: Ogerpon\n|-crit|p2a: Ogerpon\n|-damage|p2a: Ogerpon|0 fnt\n|faint|p2a: Ogerpon\n|\n|upkeep\n|\n|t:|1700406375\n|switch|p2a: Necrozma|Necrozma-Dusk-Mane|72\/100\n|-damage|p2a: Necrozma|60\/100|[from] Spikes\n|turn|6\n|\n|t:|1700406380\n|move|p1a: Rifle With a Scope|Dark Pulse|p2a: Necrozma\n|-supereffective|p2a: Necrozma\n|-damage|p2a: Necrozma|0 fnt\n|faint|p2a: Necrozma\n|\n|upkeep\n|\n|t:|1700406385\n|switch|p2a: Xerneas|Xerneas|100\/100\n|-status|p2a: Xerneas|tox\n|-damage|p2a: Xerneas|88\/100 tox|[from] Spikes\n|-ability|p2a: Xerneas|Fairy Aura\n|turn|7\n|\n|t:|1700406390\n|-terastallize|p2a: Xerneas|Fairy\n|move|p1a: Rifle With a Scope|Flamethrower|p2a: Xerneas\n|-damage|p2a: Xerneas|31\/100 tox\n|move|p2a: Xerneas|Geomancy||[still]\n|-prepare|p2a: Xerneas|Geomancy\n|-enditem|p2a: Xerneas|Power Herb\n|-anim|p2a: Xerneas|Geomancy|p2a: Xerneas\n|-boost|p2a: Xerneas|spa|2\n|-boost|p2a: Xerneas|spd|2\n|-boost|p2a: Xerneas|spe|2\n|\n|-damage|p2a: Xerneas|25\/100 tox|[from] psn\n|upkeep\n|turn|8\n|c|\u2606Xy1n|battle scars\n|c|\u2606Xy1n|battle wounds\n|c|\u2606Xy1n|if i die fuck the grave i need a tomb\n|\n|t:|1700406401\n|move|p2a: Xerneas|Moonblast|p1a: Rifle With a Scope\n|-damage|p1a: Rifle With a Scope|0 fnt\n|faint|p1a: Rifle With a Scope\n|\n|-damage|p2a: Xerneas|13\/100 tox|[from] psn\n|upkeep\n|\n|t:|1700406410\n|switch|p1a: Ride til ya die|Arceus-Ghost|100\/100\n|turn|9\n|\n|t:|1700406415\n|move|p1a: Ride til ya die|Extreme Speed|p2a: Xerneas\n|-crit|p2a: Xerneas\n|-damage|p2a: Xerneas|0 fnt\n|faint|p2a: Xerneas\n|\n|upkeep\n|\n|t:|1700406418\n|switch|p2a: Metagross|Metagross|100\/100\n|-damage|p2a: Metagross|88\/100|[from] Spikes\n|turn|10\n|\n|t:|1700406427\n|detailschange|p2a: Metagross|Metagross-Mega\n|-mega|p2a: Metagross|Metagross|Metagrossite\n|move|p2a: Metagross|Meteor Mash|p1a: Ride til ya die\n|-damage|p1a: Ride til ya die|47\/100\n|move|p1a: Ride til ya die|Shadow Force||[still]\n|-prepare|p1a: Ride til ya die|Shadow Force\n|\n|upkeep\n|turn|11\n|c| iliveinohiorizz|this is ghost.\n|\n|t:|1700406442\n|switch|p2a: Kyurem|Kyurem-White|100\/100\n|-status|p2a: Kyurem|tox\n|-damage|p2a: Kyurem|88\/100 tox|[from] Spikes\n|-ability|p2a: Kyurem|Turboblaze\n|move|p1a: Ride til ya die|Shadow Force|p2a: Kyurem|[from]lockedmove\n|-damage|p2a: Kyurem|12\/100 tox\n|\n|-damage|p2a: Kyurem|6\/100 tox|[from] psn\n|upkeep\n|turn|12\n|\n|t:|1700406454\n|move|p1a: Ride til ya die|Extreme Speed|p2a: Kyurem\n|-damage|p2a: Kyurem|0 fnt\n|faint|p2a: Kyurem\n|\n|upkeep\n|c|\u2606Xy1n|fuck u\n|\n|t:|1700406458\n|switch|p2a: Metagross|Metagross-Mega|88\/100\n|-damage|p2a: Metagross|76\/100|[from] Spikes\n|turn|13\n|\n|t:|1700406465\n|move|p2a: Metagross|Meteor Mash|p1a: Ride til ya die|[miss]\n|-miss|p2a: Metagross|p1a: Ride til ya die\n|move|p1a: Ride til ya die|Shadow Force||[still]\n|-prepare|p1a: Ride til ya die|Shadow Force\n|\n|upkeep\n|turn|14\n|c|\u2606grass knot zygarde|lmao\n|\n|t:|1700406473\n|move|p2a: Metagross|Meteor Mash|p1a: Ride til ya die|[miss]\n|-miss|p2a: Metagross|p1a: Ride til ya die\n|move|p1a: Ride til ya die|Shadow Force|p2a: Metagross|[from]lockedmove\n|-supereffective|p2a: Metagross\n|-damage|p2a: Metagross|0 fnt\n|faint|p2a: Metagross\n|\n|win|grass knot zygarde\n|c|\u2606Xy1n|ggs\n|c| iliveinohiorizz|lul.\n|l| iliveinohiorizz\n","uploadtime":1700406483,"views":4,"p1id":"grassknotzygarde","p2id":"xy1n","formatid":"gen9nationaldexubers","rating":0,"private":0,"password":""}