{"id":"gen9nationaldexubers-1997884754","p1":"Rayqueerza32","p2":"Snapteryx","format":"[Gen 9] National Dex Ubers","log":"|j|\u2606Rayqueerza32\n|j|\u2606Snapteryx\n|t:|1700863539\n|gametype|singles\n|player|p1|Rayqueerza32|palmer|\n|player|p2|Snapteryx|allister|\n|teamsize|p1|6\n|teamsize|p2|6\n|gen|9\n|tier|[Gen 9] National Dex Ubers\n|rule|HP Percentage Mod: HP is shown in percentages\n|rule|Endless Battle Clause: Forcing endless battles is banned\n|rule|OHKO Clause: OHKO moves are banned\n|rule|Evasion Moves Clause: Evasion moves are banned\n|rule|Evasion Items Clause: Evasion items are banned\n|rule|Species Clause: Limit one of each Pok\u00e9mon\n|rule|Sleep Clause Mod: Limit one foe put to sleep\n|rule|Mega Rayquaza Clause: You cannot mega evolve Rayquaza\n|clearpoke\n|poke|p1|Scizor, F|\n|poke|p1|Landorus-Therian, M|\n|poke|p1|Greninja-*, M|\n|poke|p1|Corviknight, M|\n|poke|p1|Blissey, F|\n|poke|p1|Conkeldurr, F|\n|poke|p2|Gliscor, F|\n|poke|p2|Corviknight, F|\n|poke|p2|Mantine, F|\n|poke|p2|Rayquaza|\n|poke|p2|Shaymin-Sky|\n|poke|p2|Charizard, F|\n|teampreview\n|inactive|Battle timer is ON: inactive players will automatically lose when time's up. (requested by Rayqueerza32)\n|inactive|Snapteryx has 270 seconds left.\n|\n|t:|1700863582\n|start\n|switch|p1a: UUBL|Landorus-Therian, M|100\/100\n|switch|p2a: Charizard|Charizard, F|100\/100\n|-ability|p1a: UUBL|Intimidate|boost\n|-unboost|p2a: Charizard|atk|1\n|turn|1\n|\n|t:|1700863589\n|detailschange|p2a: Charizard|Charizard-Mega-Y, F\n|-mega|p2a: Charizard|Charizard|Charizardite Y\n|-weather|SunnyDay|[from] ability: Drought|[of] p2a: Charizard\n|move|p2a: Charizard|Flamethrower|p1a: UUBL\n|-damage|p1a: UUBL|0 fnt\n|faint|p1a: UUBL\n|\n|-weather|SunnyDay|[upkeep]\n|upkeep\n|\n|t:|1700863596\n|switch|p1a: Fat Fuck Friday|Blissey, F|100\/100\n|turn|2\n|c|\u2606Rayqueerza32|well i think i already lost\n|c|\u2606Snapteryx|Lando staying alive challenge (impossible)\n|c|\u2606Rayqueerza32|true\n|c|\u2606Rayqueerza32|it dies like turn 1 every game\n|inactive|Snapteryx has 270 seconds left.\n|c|\u2606Rayqueerza32|idk why i thought i outsped\n|\n|t:|1700863633\n|switch|p2a: Delta Airlines|Corviknight, F, shiny|100\/100\n|-ability|p2a: Delta Airlines|Pressure\n|move|p1a: Fat Fuck Friday|Seismic Toss|p2a: Delta Airlines\n|-damage|p2a: Delta Airlines|75\/100\n|\n|-weather|SunnyDay|[upkeep]\n|-heal|p2a: Delta Airlines|82\/100|[from] item: Leftovers\n|upkeep\n|turn|3\n|\n|t:|1700863636\n|move|p2a: Delta Airlines|U-turn|p1a: Fat Fuck Friday\n|-crit|p1a: Fat Fuck Friday\n|-damage|p1a: Fat Fuck Friday|82\/100\n|inactive|Snapteryx has 270 seconds left.\n|\n|t:|1700863651\n|switch|p2a: Charizard|Charizard-Mega-Y, F|100\/100|[from] U-turn\n|move|p1a: Fat Fuck Friday|Teleport|p1a: Fat Fuck Friday\n|\n|t:|1700863658\n|switch|p1a: Amphinobi|Greninja, M|100\/100|[from] Teleport\n|\n|-weather|SunnyDay|[upkeep]\n|upkeep\n|turn|4\n|inactive|Snapteryx has 270 seconds left.\n|c|\u2606Rayqueerza32|rock slide is heat in this mu\n|\n|t:|1700863679\n|switch|p2a: Delta Airlines|Corviknight, F, shiny|82\/100\n|-ability|p2a: Delta Airlines|Pressure\n|move|p1a: Amphinobi|U-turn|p2a: Delta Airlines\n|-start|p1a: Amphinobi|typechange|Bug|[from] ability: Protean\n|-resisted|p2a: Delta Airlines\n|-damage|p2a: Delta Airlines|76\/100\n|\n|t:|1700863686\n|switch|p1a: Honkeldurr|Conkeldurr, F|100\/100|[from] U-turn\n|\n|-weather|SunnyDay|[upkeep]\n|-heal|p2a: Delta Airlines|83\/100|[from] item: Leftovers\n|-status|p1a: Honkeldurr|brn|[from] item: Flame Orb\n|upkeep\n|turn|5\n|inactive|Snapteryx has 270 seconds left.\n|\n|t:|1700863700\n|move|p1a: Honkeldurr|Close Combat|p2a: Delta Airlines\n|-damage|p2a: Delta Airlines|0 fnt\n|-unboost|p1a: Honkeldurr|def|1\n|-unboost|p1a: Honkeldurr|spd|1\n|faint|p2a: Delta Airlines\n|\n|-weather|none\n|-damage|p1a: Honkeldurr|94\/100 brn|[from] brn\n|upkeep\n|\n|t:|1700863710\n|switch|p2a: Rayquaza|Rayquaza|100\/100\n|-ability|p2a: Rayquaza|Air Lock\n|turn|6\n|\n|t:|1700863714\n|switch|p1a: Tinkatrouble|Corviknight, M, shiny|100\/100\n|-ability|p1a: Tinkatrouble|Pressure\n|move|p2a: Rayquaza|V-create|p1a: Tinkatrouble\n|-supereffective|p1a: Tinkatrouble\n|-damage|p1a: Tinkatrouble|0 fnt\n|-unboost|p2a: Rayquaza|spe|1\n|-unboost|p2a: Rayquaza|def|1\n|-unboost|p2a: Rayquaza|spd|1\n|faint|p1a: Tinkatrouble\n|-damage|p2a: Rayquaza|91\/100|[from] item: Life Orb\n|\n|upkeep\n|\n|t:|1700863717\n|switch|p1a: Amphinobi|Greninja, M|100\/100\n|turn|7\n|\n|t:|1700863721\n|switch|p2a: Alula|Mantine, F, shiny|100\/100\n|move|p1a: Amphinobi|Ice Beam|p2a: Alula\n|-start|p1a: Amphinobi|typechange|Ice|[from] ability: Protean\n|-damage|p2a: Alula|81\/100\n|\n|upkeep\n|turn|8\n|\n|t:|1700863740\n|switch|p1a: Fat Fuck Friday|Blissey, F|82\/100\n|switch|p2a: Charizard|Charizard-Mega-Y, F|100\/100\n|-weather|SunnyDay|[from] ability: Drought|[of] p2a: Charizard\n|\n|-weather|SunnyDay|[upkeep]\n|upkeep\n|turn|9\n|\n|t:|1700863753\n|move|p2a: Charizard|Flamethrower|p1a: Fat Fuck Friday\n|-damage|p1a: Fat Fuck Friday|53\/100\n|move|p1a: Fat Fuck Friday|Seismic Toss|p2a: Charizard\n|-damage|p2a: Charizard|67\/100\n|\n|-weather|SunnyDay|[upkeep]\n|upkeep\n|turn|10\n|\n|t:|1700863769\n|switch|p2a: Rayquaza|Rayquaza|91\/100\n|-ability|p2a: Rayquaza|Air Lock\n|move|p1a: Fat Fuck Friday|Soft-Boiled|p1a: Fat Fuck Friday\n|-heal|p1a: Fat Fuck Friday|100\/100\n|\n|-weather|SunnyDay|[upkeep]\n|upkeep\n|turn|11\n|inactive|Snapteryx has 270 seconds left.\n|\n|t:|1700863798\n|switch|p1a: Faberge|Scizor, F|100\/100\n|-terastallize|p2a: Rayquaza|Flying\n|move|p2a: Rayquaza|Dragon Ascent|p1a: Faberge\n|-damage|p1a: Faberge|8\/100\n|-unboost|p2a: Rayquaza|def|1\n|-unboost|p2a: Rayquaza|spd|1\n|-damage|p2a: Rayquaza|81\/100|[from] item: Life Orb\n|\n|-weather|SunnyDay|[upkeep]\n|upkeep\n|turn|12\n|inactive|Snapteryx has 270 seconds left.\n|\n|t:|1700863817\n|switch|p2a: Shaymin|Shaymin-Sky|100\/100\n|detailschange|p1a: Faberge|Scizor-Mega, F\n|-mega|p1a: Faberge|Scizor|Scizorite\n|move|p1a: Faberge|Bullet Punch|p2a: Shaymin\n|-damage|p2a: Shaymin|64\/100\n|\n|-weather|none\n|upkeep\n|turn|13\n|\n|t:|1700863827\n|move|p2a: Shaymin|Air Slash|p1a: Faberge\n|-damage|p1a: Faberge|0 fnt\n|faint|p1a: Faberge\n|\n|upkeep\n|\n|t:|1700863829\n|switch|p1a: Amphinobi|Greninja, M|100\/100\n|turn|14\n|inactive|Snapteryx has 270 seconds left.\n|\n|t:|1700863843\n|move|p1a: Amphinobi|Gunk Shot|p2a: Shaymin\n|-start|p1a: Amphinobi|typechange|Poison|[from] ability: Protean\n|-supereffective|p2a: Shaymin\n|-damage|p2a: Shaymin|0 fnt\n|faint|p2a: Shaymin\n|\n|upkeep\n|inactive|Snapteryx has 270 seconds left.\n|\n|t:|1700863853\n|switch|p2a: Snippy Boi|Gliscor, F, shiny|100\/100\n|turn|15\n|\n|t:|1700863856\n|switch|p1a: Honkeldurr|Conkeldurr, F|94\/100 brn\n|move|p2a: Snippy Boi|U-turn|p1a: Honkeldurr\n|-resisted|p1a: Honkeldurr\n|-damage|p1a: Honkeldurr|87\/100 brn\n|\n|t:|1700863863\n|switch|p2a: Rayquaza|Rayquaza, tera:Flying|81\/100|[from] U-turn\n|-ability|p2a: Rayquaza|Air Lock\n|\n|-damage|p1a: Honkeldurr|81\/100 brn|[from] brn\n|upkeep\n|turn|16\n|\n|t:|1700863868\n|move|p1a: Honkeldurr|Mach Punch|p2a: Rayquaza\n|-resisted|p2a: Rayquaza\n|-damage|p2a: Rayquaza|61\/100\n|move|p2a: Rayquaza|Dragon Ascent|p1a: Honkeldurr\n|-supereffective|p1a: Honkeldurr\n|-damage|p1a: Honkeldurr|0 fnt\n|-unboost|p2a: Rayquaza|def|1\n|-unboost|p2a: Rayquaza|spd|1\n|faint|p1a: Honkeldurr\n|-damage|p2a: Rayquaza|51\/100|[from] item: Life Orb\n|\n|upkeep\n|\n|t:|1700863872\n|switch|p1a: Amphinobi|Greninja, M|100\/100\n|turn|17\n|\n|t:|1700863878\n|switch|p2a: Snippy Boi|Gliscor, F, shiny|100\/100\n|move|p1a: Amphinobi|U-turn|p2a: Snippy Boi\n|-start|p1a: Amphinobi|typechange|Bug|[from] ability: Protean\n|-resisted|p2a: Snippy Boi\n|-damage|p2a: Snippy Boi|91\/100\n|\n|t:|1700863880\n|switch|p1a: Fat Fuck Friday|Blissey, F|100\/100|[from] U-turn\n|\n|-status|p2a: Snippy Boi|tox|[from] item: Toxic Orb\n|upkeep\n|turn|18\n|\n|t:|1700863883\n|move|p2a: Snippy Boi|Stealth Rock|p1a: Fat Fuck Friday\n|-sidestart|p1: Rayqueerza32|move: Stealth Rock\n|move|p1a: Fat Fuck Friday|Teleport|p1a: Fat Fuck Friday\n|\n|t:|1700863885\n|switch|p1a: Amphinobi|Greninja, M|100\/100|[from] Teleport\n|-damage|p1a: Amphinobi|88\/100|[from] Stealth Rock\n|\n|-heal|p2a: Snippy Boi|100\/100 tox|[from] ability: Poison Heal\n|upkeep\n|turn|19\n|\n|t:|1700863887\n|move|p1a: Amphinobi|Ice Beam|p2a: Snippy Boi\n|-start|p1a: Amphinobi|typechange|Ice|[from] ability: Protean\n|-supereffective|p2a: Snippy Boi\n|-crit|p2a: Snippy Boi\n|-damage|p2a: Snippy Boi|0 fnt\n|faint|p2a: Snippy Boi\n|\n|upkeep\n|\n|t:|1700863893\n|switch|p2a: Alula|Mantine, F, shiny|81\/100\n|turn|20\n|\n|t:|1700863897\n|move|p1a: Amphinobi|Ice Beam|p2a: Alula\n|-damage|p2a: Alula|61\/100\n|move|p2a: Alula|Toxic|p1a: Amphinobi\n|-status|p1a: Amphinobi|tox\n|\n|-damage|p1a: Amphinobi|82\/100 tox|[from] psn\n|upkeep\n|turn|21\n|\n|t:|1700863900\n|switch|p1a: Fat Fuck Friday|Blissey, F|100\/100\n|move|p2a: Alula|Roost|p2a: Alula\n|-heal|p2a: Alula|100\/100\n|-singleturn|p2a: Alula|move: Roost\n|\n|upkeep\n|turn|22\n|\n|t:|1700863905\n|move|p2a: Alula|Toxic|p1a: Fat Fuck Friday\n|-status|p1a: Fat Fuck Friday|tox\n|move|p1a: Fat Fuck Friday|Toxic|p2a: Alula|[miss]\n|-miss|p1a: Fat Fuck Friday|p2a: Alula\n|\n|-damage|p1a: Fat Fuck Friday|94\/100 tox|[from] psn\n|upkeep\n|turn|23\n|c|\u2606Snapteryx|Ok\n|\n|t:|1700863915\n|switch|p2a: Charizard|Charizard-Mega-Y, F|67\/100\n|-weather|SunnyDay|[from] ability: Drought|[of] p2a: Charizard\n|move|p1a: Fat Fuck Friday|Teleport|p1a: Fat Fuck Friday\n|\n|t:|1700863917\n|-curestatus|p1a: Fat Fuck Friday|tox|[from] ability: Natural Cure\n|switch|p1a: Amphinobi|Greninja, M|82\/100 tox|[from] Teleport\n|-damage|p1a: Amphinobi|70\/100 tox|[from] Stealth Rock\n|\n|-weather|SunnyDay|[upkeep]\n|-damage|p1a: Amphinobi|64\/100 tox|[from] psn\n|upkeep\n|turn|24\n|\n|t:|1700863923\n|move|p1a: Amphinobi|Scald|p2a: Charizard\n|-start|p1a: Amphinobi|typechange|Water|[from] ability: Protean\n|-supereffective|p2a: Charizard\n|-damage|p2a: Charizard|34\/100\n|move|p2a: Charizard|Air Slash|p1a: Amphinobi\n|-crit|p1a: Amphinobi\n|-damage|p1a: Amphinobi|0 fnt\n|faint|p1a: Amphinobi\n|\n|-weather|SunnyDay|[upkeep]\n|upkeep\n|-message|Rayqueerza32 forfeited.\n|\n|win|Snapteryx\n","uploadtime":1700863934,"views":4,"p1id":"rayqueerza32","p2id":"snapteryx","formatid":"gen9nationaldexubers","rating":0,"private":0,"password":""}