{"id":"gen9nationaldexubers-1984638916","p1":"Francoise Fat","p2":"Denimas","format":"[Gen 9] National Dex Ubers","log":"|j|\u2606Francoise Fat\n|j|\u2606Denimas\n|t:|1699286886\n|gametype|singles\n|player|p1|Francoise Fat|265|1269\n|player|p2|Denimas|giovanni|1309\n|teamsize|p1|6\n|teamsize|p2|6\n|gen|9\n|tier|[Gen 9] National Dex Ubers\n|rated|\n|rule|HP Percentage Mod: HP is shown in percentages\n|rule|Endless Battle Clause: Forcing endless battles is banned\n|rule|OHKO Clause: OHKO moves are banned\n|rule|Evasion Moves Clause: Evasion moves are banned\n|rule|Evasion Items Clause: Evasion items are banned\n|rule|Species Clause: Limit one of each Pok\u00e9mon\n|rule|Sleep Clause Mod: Limit one foe put to sleep\n|rule|Mega Rayquaza Clause: You cannot mega evolve Rayquaza\n|clearpoke\n|poke|p1|Kyurem-Black|\n|poke|p1|Avalugg, M|\n|poke|p1|Iron Bundle|\n|poke|p1|Calyrex-Ice|\n|poke|p1|Darmanitan-Galar, F|\n|poke|p1|Ninetales-Alola, F|\n|poke|p2|Typhlosion-Hisui, F|\n|poke|p2|Venusaur, M|\n|poke|p2|Torkoal, M|\n|poke|p2|Groudon|\n|poke|p2|Volcarona, F|\n|poke|p2|Arceus-Fire|\n|teampreview\n|c|\u2606Denimas|monofire vs monoice\n|c|\u2606Denimas|nice\n|c|\u2606Francoise Fat|\"I will win\"\n|c|\u2606Denimas|ok\n|\n|t:|1699286917\n|start\n|switch|p1a: Age of Apes|Darmanitan-Galar, F|100\/100\n|switch|p2a: Torkoal|Torkoal, M|100\/100\n|-weather|SunnyDay|[from] ability: Drought|[of] p2a: Torkoal\n|turn|1\n|\n|t:|1699286925\n|move|p1a: Age of Apes|Substitute|p1a: Age of Apes\n|-start|p1a: Age of Apes|Substitute\n|-damage|p1a: Age of Apes|75\/100\n|move|p2a: Torkoal|Toxic|p1a: Age of Apes|[miss]\n|-miss|p2a: Torkoal|p1a: Age of Apes\n|\n|-weather|SunnyDay|[upkeep]\n|upkeep\n|turn|2\n|\n|t:|1699286931\n|move|p1a: Age of Apes|Belly Drum|p1a: Age of Apes\n|-damage|p1a: Age of Apes|25\/100\n|-setboost|p1a: Age of Apes|atk|6|[from] move: Belly Drum\n|-enditem|p1a: Age of Apes|Salac Berry|[eat]\n|-boost|p1a: Age of Apes|spe|1|[from] item: Salac Berry\n|move|p2a: Torkoal|Solar Beam||[still]\n|-prepare|p2a: Torkoal|Solar Beam\n|-anim|p2a: Torkoal|Solar Beam|p1a: Age of Apes\n|-end|p1a: Age of Apes|Substitute\n|\n|-weather|SunnyDay|[upkeep]\n|-formechange|p1a: Age of Apes|Darmanitan-Galar-Zen|\n|upkeep\n|turn|3\n|\n|t:|1699286938\n|move|p1a: Age of Apes|Fire Punch|p2a: Torkoal\n|-resisted|p2a: Torkoal\n|-damage|p2a: Torkoal|18\/100\n|move|p2a: Torkoal|Eruption|p1a: Age of Apes\n|-damage|p1a: Age of Apes|6\/100\n|\n|-weather|SunnyDay|[upkeep]\n|upkeep\n|turn|4\n|\n|t:|1699286946\n|move|p1a: Age of Apes|Fire Punch|p2a: Torkoal\n|-resisted|p2a: Torkoal\n|-damage|p2a: Torkoal|0 fnt\n|faint|p2a: Torkoal\n|\n|-weather|SunnyDay|[upkeep]\n|upkeep\n|\n|t:|1699286952\n|switch|p2a: Arceus|Arceus-Fire|100\/100\n|turn|5\n|\n|t:|1699286955\n|move|p1a: Age of Apes|Fire Punch|p2a: Arceus\n|-resisted|p2a: Arceus\n|-damage|p2a: Arceus|0 fnt\n|faint|p2a: Arceus\n|\n|-weather|SunnyDay|[upkeep]\n|upkeep\n|\n|t:|1699286961\n|switch|p2a: Volcarona|Volcarona, F|100\/100\n|turn|6\n|\n|t:|1699286964\n|move|p1a: Age of Apes|Fire Punch|p2a: Volcarona\n|-damage|p2a: Volcarona|0 fnt\n|faint|p2a: Volcarona\n|\n|-weather|SunnyDay|[upkeep]\n|upkeep\n|c|\u2606Denimas|lol\n|\n|t:|1699286972\n|switch|p2a: Groudon|Groudon|100\/100\n|detailschange|p2a: Groudon|Groudon-Primal\n|-primal|p2a: Groudon|Red Orb\n|-weather|DesolateLand|[from] ability: Desolate Land|[of] p2a: Groudon\n|turn|7\n|\n|t:|1699286976\n|-terastallize|p1a: Age of Apes|Ice\n|move|p1a: Age of Apes|Ice Punch|p2a: Groudon\n|-damage|p2a: Groudon|0 fnt\n|faint|p2a: Groudon\n|-weather|none\n|\n|upkeep\n|\n|t:|1699286984\n|switch|p2a: Venusaur|Venusaur, M|100\/100\n|turn|8\n|\n|t:|1699286989\n|detailschange|p2a: Venusaur|Venusaur-Mega, M\n|-mega|p2a: Venusaur|Venusaur|Venusaurite\n|move|p1a: Age of Apes|Ice Punch|p2a: Venusaur\n|-supereffective|p2a: Venusaur\n|-damage|p2a: Venusaur|0 fnt\n|faint|p2a: Venusaur\n|\n|upkeep\n|\n|t:|1699286990\n|switch|p2a: Typhlosion|Typhlosion-Hisui, F|100\/100\n|turn|9\n|c|\u2606Denimas|looll\n|\n|t:|1699286996\n|-terastallize|p2a: Typhlosion|Fire\n|move|p1a: Age of Apes|Ice Punch|p2a: Typhlosion\n|-resisted|p2a: Typhlosion\n|-damage|p2a: Typhlosion|0 fnt\n|faint|p2a: Typhlosion\n|\n|win|Francoise Fat\n|raw|Francoise Fat's rating: 1269 &rarr; <strong>1297<\/strong><br \/>(+28 for winning)\n|raw|Denimas's rating: 1309 &rarr; <strong>1287<\/strong><br \/>(-22 for losing)\n|c|\u2606Francoise Fat|fucking crazy LOL\n|c|\u2606Francoise Fat|gl on next\n|c|\u2606Denimas|thx\n|l|\u2606Denimas\n|c|\u2606Francoise Fat|nobody ever predicts zen mode\n","uploadtime":1699287014,"views":6,"p1id":"francoisefat","p2id":"denimas","formatid":"gen9nationaldexubers","rating":1287,"private":0,"password":""}