{"id":"gen9nationaldexubers-1995050033","p1":"JustMonika_CARR","p2":"midsdead","format":"[Gen 9] National Dex Ubers","log":"|j|\u2606JustMonika_CARR\n|j|\u2606midsdead\n|t:|1700517165\n|gametype|singles\n|player|p1|JustMonika_CARR|dawn|1338\n|player|p2|midsdead|101|1264\n|teamsize|p1|6\n|teamsize|p2|6\n|gen|9\n|tier|[Gen 9] National Dex Ubers\n|rated|\n|rule|HP Percentage Mod: HP is shown in percentages\n|rule|Endless Battle Clause: Forcing endless battles is banned\n|rule|OHKO Clause: OHKO moves are banned\n|rule|Evasion Moves Clause: Evasion moves are banned\n|rule|Evasion Items Clause: Evasion items are banned\n|rule|Species Clause: Limit one of each Pok\u00e9mon\n|rule|Sleep Clause Mod: Limit one foe put to sleep\n|rule|Mega Rayquaza Clause: You cannot mega evolve Rayquaza\n|clearpoke\n|poke|p1|Marshadow|\n|poke|p1|Lopunny, F|\n|poke|p1|Dialga|\n|poke|p1|Forretress, F|\n|poke|p1|Pheromosa|\n|poke|p1|Grimmsnarl, M|\n|poke|p2|Groudon|\n|poke|p2|Deoxys-Attack|\n|poke|p2|Ho-Oh|\n|poke|p2|Necrozma-Dawn-Wings|\n|poke|p2|Flutter Mane|\n|poke|p2|Giratina-Origin|\n|teampreview\n|\n|t:|1700517171\n|start\n|switch|p1a: Forretress|Forretress, F, shiny|100\/100\n|switch|p2a: Giratina|Giratina-Origin|100\/100\n|turn|1\n|\n|t:|1700517179\n|move|p2a: Giratina|Will-O-Wisp|p1a: Forretress\n|-status|p1a: Forretress|brn\n|move|p1a: Forretress|Toxic Spikes|p2a: Giratina\n|-sidestart|p2: midsdead|move: Toxic Spikes\n|\n|-damage|p1a: Forretress|94\/100 brn|[from] brn\n|upkeep\n|turn|2\n|\n|t:|1700517187\n|move|p2a: Giratina|Earthquake|p1a: Forretress\n|-damage|p1a: Forretress|76\/100 brn\n|-enditem|p1a: Forretress|Red Card|[of] p2a: Giratina\n|drag|p2a: Deoxys|Deoxys-Attack|100\/100\n|-status|p2a: Deoxys|psn\n|-ability|p2a: Deoxys|Pressure\n|move|p1a: Forretress|Toxic Spikes|p2a: Deoxys\n|-sidestart|p2: midsdead|move: Toxic Spikes\n|\n|-damage|p2a: Deoxys|88\/100 psn|[from] psn\n|-damage|p1a: Forretress|69\/100 brn|[from] brn\n|upkeep\n|turn|3\n|\n|t:|1700517200\n|move|p2a: Deoxys|Stealth Rock|p1a: Forretress\n|-sidestart|p1: JustMonika_CARR|move: Stealth Rock\n|move|p1a: Forretress|Stealth Rock|p2a: Deoxys\n|-sidestart|p2: midsdead|move: Stealth Rock\n|\n|-damage|p2a: Deoxys|76\/100 psn|[from] psn\n|-damage|p1a: Forretress|63\/100 brn|[from] brn\n|upkeep\n|turn|4\n|inactive|Battle timer is ON: inactive players will automatically lose when time's up. (requested by JustMonika_CARR)\n|\n|t:|1700517226\n|move|p2a: Deoxys|Psycho Boost|p1a: Forretress\n|-resisted|p1a: Forretress\n|-damage|p1a: Forretress|0 fnt\n|-unboost|p2a: Deoxys|spa|2\n|faint|p1a: Forretress\n|\n|-damage|p2a: Deoxys|63\/100 psn|[from] psn\n|upkeep\n|\n|t:|1700517237\n|switch|p1a: Grimmsnarl|Grimmsnarl, M, shiny|100\/100\n|-damage|p1a: Grimmsnarl|88\/100|[from] Stealth Rock\n|turn|5\n|\n|t:|1700517245\n|switch|p2a: Giratina|Giratina-Origin|100\/100\n|-damage|p2a: Giratina|88\/100|[from] Stealth Rock\n|move|p1a: Grimmsnarl|Light Screen|p1a: Grimmsnarl\n|-sidestart|p1: JustMonika_CARR|move: Light Screen\n|\n|-heal|p1a: Grimmsnarl|94\/100|[from] item: Leftovers\n|upkeep\n|turn|6\n|\n|t:|1700517254\n|move|p1a: Grimmsnarl|Taunt|p2a: Giratina\n|-start|p2a: Giratina|move: Taunt\n|cant|p2a: Giratina|move: Taunt|Defog\n|\n|-heal|p1a: Grimmsnarl|99\/100|[from] item: Leftovers\n|upkeep\n|turn|7\n|\n|t:|1700517262\n|move|p1a: Grimmsnarl|Reflect|p1a: Grimmsnarl\n|-sidestart|p1: JustMonika_CARR|Reflect\n|move|p2a: Giratina|Earthquake|p1a: Grimmsnarl\n|-damage|p1a: Grimmsnarl|82\/100\n|\n|-heal|p1a: Grimmsnarl|88\/100|[from] item: Leftovers\n|upkeep\n|turn|8\n|\n|t:|1700517266\n|move|p2a: Giratina|Earthquake|p1a: Grimmsnarl\n|-damage|p1a: Grimmsnarl|71\/100\n|move|p1a: Grimmsnarl|Spirit Break|p2a: Giratina\n|-supereffective|p2a: Giratina\n|-damage|p2a: Giratina|47\/100\n|-unboost|p2a: Giratina|spa|1\n|\n|-heal|p1a: Grimmsnarl|77\/100|[from] item: Leftovers\n|-end|p2a: Giratina|move: Taunt\n|upkeep\n|turn|9\n|\n|t:|1700517278\n|move|p1a: Grimmsnarl|Taunt|p2a: Giratina\n|-start|p2a: Giratina|move: Taunt\n|cant|p2a: Giratina|move: Taunt|Defog\n|\n|-heal|p1a: Grimmsnarl|83\/100|[from] item: Leftovers\n|-sideend|p1: JustMonika_CARR|move: Light Screen\n|upkeep\n|turn|10\n|\n|t:|1700517283\n|switch|p2a: Ho-Oh|Ho-Oh|100\/100\n|move|p1a: Grimmsnarl|Spirit Break|p2a: Ho-Oh\n|-resisted|p2a: Ho-Oh\n|-damage|p2a: Ho-Oh|84\/100\n|-unboost|p2a: Ho-Oh|spa|1\n|\n|-heal|p1a: Grimmsnarl|89\/100|[from] item: Leftovers\n|upkeep\n|turn|11\n|\n|t:|1700517293\n|move|p1a: Grimmsnarl|Taunt|p2a: Ho-Oh\n|-start|p2a: Ho-Oh|move: Taunt\n|cant|p2a: Ho-Oh|move: Taunt|Thunder Wave\n|\n|-heal|p1a: Grimmsnarl|95\/100|[from] item: Leftovers\n|-sideend|p1: JustMonika_CARR|Reflect\n|upkeep\n|turn|12\n|\n|t:|1700517303\n|move|p1a: Grimmsnarl|Reflect|p1a: Grimmsnarl\n|-sidestart|p1: JustMonika_CARR|Reflect\n|move|p2a: Ho-Oh|Sacred Fire|p1a: Grimmsnarl|[miss]\n|-miss|p2a: Ho-Oh|p1a: Grimmsnarl\n|\n|-heal|p1a: Grimmsnarl|100\/100|[from] item: Leftovers\n|upkeep\n|turn|13\n|\n|t:|1700517311\n|move|p2a: Ho-Oh|Sacred Fire|p1a: Grimmsnarl\n|-damage|p1a: Grimmsnarl|79\/100\n|-status|p1a: Grimmsnarl|brn\n|move|p1a: Grimmsnarl|Spirit Break|p2a: Ho-Oh\n|-resisted|p2a: Ho-Oh\n|-damage|p2a: Ho-Oh|78\/100\n|-unboost|p2a: Ho-Oh|spa|1\n|\n|-heal|p1a: Grimmsnarl|85\/100 brn|[from] item: Leftovers\n|-damage|p1a: Grimmsnarl|79\/100 brn|[from] brn\n|-end|p2a: Ho-Oh|move: Taunt\n|upkeep\n|turn|14\n|\n|t:|1700517324\n|move|p2a: Ho-Oh|Sacred Fire|p1a: Grimmsnarl\n|-damage|p1a: Grimmsnarl|57\/100 brn\n|move|p1a: Grimmsnarl|Spirit Break|p2a: Ho-Oh\n|-resisted|p2a: Ho-Oh\n|-damage|p2a: Ho-Oh|70\/100\n|-unboost|p2a: Ho-Oh|spa|1\n|\n|-heal|p1a: Grimmsnarl|63\/100 brn|[from] item: Leftovers\n|-damage|p1a: Grimmsnarl|57\/100 brn|[from] brn\n|upkeep\n|turn|15\n|\n|t:|1700517336\n|move|p2a: Ho-Oh|Sacred Fire|p1a: Grimmsnarl\n|-damage|p1a: Grimmsnarl|34\/100 brn\n|move|p1a: Grimmsnarl|Spirit Break|p2a: Ho-Oh\n|-resisted|p2a: Ho-Oh\n|-damage|p2a: Ho-Oh|64\/100\n|-unboost|p2a: Ho-Oh|spa|1\n|\n|-heal|p1a: Grimmsnarl|40\/100 brn|[from] item: Leftovers\n|-damage|p1a: Grimmsnarl|34\/100 brn|[from] brn\n|upkeep\n|turn|16\n|\n|t:|1700517347\n|move|p2a: Ho-Oh|Roost|p2a: Ho-Oh\n|-heal|p2a: Ho-Oh|100\/100\n|-singleturn|p2a: Ho-Oh|move: Roost\n|move|p1a: Grimmsnarl|Spirit Break|p2a: Ho-Oh\n|-resisted|p2a: Ho-Oh\n|-crit|p2a: Ho-Oh\n|-damage|p2a: Ho-Oh|90\/100\n|-unboost|p2a: Ho-Oh|spa|1\n|\n|-heal|p1a: Grimmsnarl|40\/100 brn|[from] item: Leftovers\n|-damage|p1a: Grimmsnarl|34\/100 brn|[from] brn\n|-sideend|p1: JustMonika_CARR|Reflect\n|upkeep\n|turn|17\n|\n|t:|1700517355\n|move|p1a: Grimmsnarl|Reflect|p1a: Grimmsnarl\n|-sidestart|p1: JustMonika_CARR|Reflect\n|move|p2a: Ho-Oh|Sacred Fire|p1a: Grimmsnarl\n|-damage|p1a: Grimmsnarl|12\/100 brn\n|\n|-heal|p1a: Grimmsnarl|19\/100 brn|[from] item: Leftovers\n|-damage|p1a: Grimmsnarl|12\/100 brn|[from] brn\n|upkeep\n|turn|18\n|\n|t:|1700517358\n|move|p2a: Ho-Oh|Sacred Fire|p1a: Grimmsnarl\n|-damage|p1a: Grimmsnarl|0 fnt\n|faint|p1a: Grimmsnarl\n|\n|upkeep\n|\n|t:|1700517363\n|switch|p1a: Pheromosa|Pheromosa, shiny|100\/100\n|-damage|p1a: Pheromosa|88\/100|[from] Stealth Rock\n|turn|19\n|\n|t:|1700517367\n|move|p1a: Pheromosa|Rapid Spin|p2a: Ho-Oh\n|-damage|p2a: Ho-Oh|77\/100\n|-boost|p1a: Pheromosa|spe|1\n|-sideend|p1: JustMonika_CARR|Stealth Rock|[from] move: Rapid Spin|[of] p1a: Pheromosa\n|move|p2a: Ho-Oh|Sacred Fire|p1a: Pheromosa\n|-supereffective|p1a: Pheromosa\n|-damage|p1a: Pheromosa|0 fnt\n|faint|p1a: Pheromosa\n|\n|upkeep\n|\n|t:|1700517376\n|switch|p1a: Marshadow|Marshadow|100\/100\n|turn|20\n|\n|t:|1700517380\n|move|p1a: Marshadow|Rock Tomb|p2a: Ho-Oh\n|-supereffective|p2a: Ho-Oh\n|-damage|p2a: Ho-Oh|0 fnt\n|faint|p2a: Ho-Oh\n|\n|upkeep\n|\n|t:|1700517387\n|switch|p2a: Deoxys|Deoxys-Attack|63\/100 psn\n|-damage|p2a: Deoxys|51\/100 psn|[from] Stealth Rock\n|-ability|p2a: Deoxys|Pressure\n|turn|21\n|\n|t:|1700517392\n|move|p1a: Marshadow|Shadow Sneak|p2a: Deoxys\n|-supereffective|p2a: Deoxys\n|-damage|p2a: Deoxys|0 fnt\n|faint|p2a: Deoxys\n|\n|-sideend|p1: JustMonika_CARR|Reflect\n|upkeep\n|\n|t:|1700517400\n|switch|p2a: Flutter Mane|Flutter Mane|100\/100\n|-status|p2a: Flutter Mane|tox\n|-damage|p2a: Flutter Mane|88\/100 tox|[from] Stealth Rock\n|-enditem|p2a: Flutter Mane|Booster Energy\n|-activate|p2a: Flutter Mane|ability: Protosynthesis|[fromitem]\n|-start|p2a: Flutter Mane|protosynthesisspe\n|turn|22\n|\n|t:|1700517407\n|move|p1a: Marshadow|Shadow Sneak|p2a: Flutter Mane\n|-supereffective|p2a: Flutter Mane\n|-damage|p2a: Flutter Mane|0 fnt\n|faint|p2a: Flutter Mane\n|-end|p2a: Flutter Mane|Protosynthesis|[silent]\n|\n|upkeep\n|\n|t:|1700517414\n|switch|p2a: Necrozma|Necrozma-Dawn-Wings|100\/100\n|-status|p2a: Necrozma|tox\n|-damage|p2a: Necrozma|88\/100 tox|[from] Stealth Rock\n|turn|23\n|\n|t:|1700517420\n|detailschange|p2a: Necrozma|Necrozma-Ultra\n|-burst|p2a: Necrozma|Necrozma|Ultranecrozium Z\n|move|p1a: Marshadow|Shadow Sneak|p2a: Necrozma\n|-supereffective|p2a: Necrozma\n|-damage|p2a: Necrozma|20\/100 tox\n|move|p2a: Necrozma|Autotomize|p2a: Necrozma\n|-boost|p2a: Necrozma|spe|2\n|-start|p2a: Necrozma|Autotomize\n|\n|-damage|p2a: Necrozma|14\/100 tox|[from] psn\n|upkeep\n|turn|24\n|\n|t:|1700517432\n|move|p1a: Marshadow|Shadow Sneak|p2a: Necrozma\n|-supereffective|p2a: Necrozma\n|-damage|p2a: Necrozma|0 fnt\n|faint|p2a: Necrozma\n|\n|upkeep\n|-message|midsdead forfeited.\n|\n|win|JustMonika_CARR\n|raw|JustMonika_CARR's rating: 1338 &rarr; <strong>1354<\/strong><br \/>(+16 for winning)\n|raw|midsdead's rating: 1264 &rarr; <strong>1244<\/strong><br \/>(-20 for losing)\n|l|\u2606midsdead\n|c|\u2606JustMonika_CARR|?\n","uploadtime":1700517444,"views":1,"p1id":"justmonikacarr","p2id":"midsdead","formatid":"gen9nationaldexubers","rating":1244,"private":0,"password":""}