{"id":"gen9nationaldexubers-1987665548","p1":"AERO-M0DE\u2b06\ufe0f","p2":"cayap","format":"[Gen 9] National Dex Ubers","log":"|j|\u2606AERO-M0DE\u2b06\ufe0f\n|j|\u203dcayap\n|t:|1699625588\n|gametype|singles\n|player|p1|AERO-M0DE\u2b06\ufe0f|winona-gen6|1171\n|player|p2|cayap|lady-gen4|1083\n|teamsize|p1|6\n|teamsize|p2|6\n|gen|9\n|tier|[Gen 9] National Dex Ubers\n|rated|\n|rule|HP Percentage Mod: HP is shown in percentages\n|rule|Endless Battle Clause: Forcing endless battles is banned\n|rule|OHKO Clause: OHKO moves are banned\n|rule|Evasion Moves Clause: Evasion moves are banned\n|rule|Evasion Items Clause: Evasion items are banned\n|rule|Species Clause: Limit one of each Pok\u00e9mon\n|rule|Sleep Clause Mod: Limit one foe put to sleep\n|rule|Mega Rayquaza Clause: You cannot mega evolve Rayquaza\n|clearpoke\n|poke|p1|Tornadus-Therian, M|\n|poke|p1|Swellow, F|\n|poke|p1|Staraptor, M|\n|poke|p1|Kilowattrel, M|\n|poke|p1|Pelipper, M|\n|poke|p1|Pidgeot, F|\n|poke|p2|Lycanroc, F|\n|poke|p2|Arcanine-Hisui, F|\n|poke|p2|Lucario, F|\n|poke|p2|Houndoom, F|\n|poke|p2|Absol, F|\n|poke|p2|Houndstone, F|\n|teampreview\n|\n|t:|1699625608\n|start\n|switch|p1a: \ud83c\udf2cPELLIPPER\ud83c\udf2a|Pelipper, M|100\/100\n|switch|p2a: Arcanine|Arcanine-Hisui, F, shiny|100\/100\n|-weather|RainDance|[from] ability: Drizzle|[of] p1a: \ud83c\udf2cPELLIPPER\ud83c\udf2a\n|turn|1\n|\n|t:|1699625623\n|move|p2a: Arcanine|Wild Charge|p1a: \ud83c\udf2cPELLIPPER\ud83c\udf2a\n|-supereffective|p1a: \ud83c\udf2cPELLIPPER\ud83c\udf2a\n|-damage|p1a: \ud83c\udf2cPELLIPPER\ud83c\udf2a|0 fnt\n|faint|p1a: \ud83c\udf2cPELLIPPER\ud83c\udf2a\n|\n|-weather|RainDance|[upkeep]\n|upkeep\n|\n|t:|1699625632\n|switch|p1a: \ud83c\udf2cSTARAPTOR\ud83c\udf2a\ud83c\udf2a|Staraptor, M|100\/100\n|turn|2\n|\n|t:|1699625652\n|move|p1a: \ud83c\udf2cSTARAPTOR\ud83c\udf2a\ud83c\udf2a|Close Combat|p2a: Arcanine\n|-supereffective|p2a: Arcanine\n|-damage|p2a: Arcanine|0 fnt\n|-unboost|p1a: \ud83c\udf2cSTARAPTOR\ud83c\udf2a\ud83c\udf2a|def|1\n|-unboost|p1a: \ud83c\udf2cSTARAPTOR\ud83c\udf2a\ud83c\udf2a|spd|1\n|faint|p2a: Arcanine\n|\n|-weather|RainDance|[upkeep]\n|upkeep\n|\n|t:|1699625662\n|switch|p2a: Lycanroc|Lycanroc, F, shiny|100\/100\n|turn|3\n|\n|t:|1699625681\n|move|p2a: Lycanroc|Stone Edge|p1a: \ud83c\udf2cSTARAPTOR\ud83c\udf2a\ud83c\udf2a\n|-supereffective|p1a: \ud83c\udf2cSTARAPTOR\ud83c\udf2a\ud83c\udf2a\n|-damage|p1a: \ud83c\udf2cSTARAPTOR\ud83c\udf2a\ud83c\udf2a|0 fnt\n|faint|p1a: \ud83c\udf2cSTARAPTOR\ud83c\udf2a\ud83c\udf2a\n|\n|-weather|RainDance|[upkeep]\n|upkeep\n|\n|t:|1699625690\n|switch|p1a: \ud83c\udf2cKILOWATTREL\ud83c\udf2a\u26a1\ufe0f|Kilowattrel, M, shiny|100\/100\n|turn|4\n|\n|t:|1699625712\n|move|p1a: \ud83c\udf2cKILOWATTREL\ud83c\udf2a\u26a1\ufe0f|Thunder|p2a: Lycanroc\n|-damage|p2a: Lycanroc|21\/100\n|move|p2a: Lycanroc|Stone Edge|p1a: \ud83c\udf2cKILOWATTREL\ud83c\udf2a\u26a1\ufe0f|[miss]\n|-miss|p2a: Lycanroc|p1a: \ud83c\udf2cKILOWATTREL\ud83c\udf2a\u26a1\ufe0f\n|\n|-weather|RainDance|[upkeep]\n|upkeep\n|turn|5\n|\n|t:|1699625721\n|move|p2a: Lycanroc|Accelerock|p1a: \ud83c\udf2cKILOWATTREL\ud83c\udf2a\u26a1\ufe0f\n|-supereffective|p1a: \ud83c\udf2cKILOWATTREL\ud83c\udf2a\u26a1\ufe0f\n|-damage|p1a: \ud83c\udf2cKILOWATTREL\ud83c\udf2a\u26a1\ufe0f|24\/100\n|move|p1a: \ud83c\udf2cKILOWATTREL\ud83c\udf2a\u26a1\ufe0f|Hurricane|p2a: Lycanroc\n|-resisted|p2a: Lycanroc\n|-damage|p2a: Lycanroc|0 fnt\n|faint|p2a: Lycanroc\n|\n|-weather|RainDance|[upkeep]\n|upkeep\n|\n|t:|1699625731\n|switch|p2a: Lucario|Lucario, F, shiny|100\/100\n|turn|6\n|\n|t:|1699625736\n|move|p2a: Lucario|Extreme Speed|p1a: \ud83c\udf2cKILOWATTREL\ud83c\udf2a\u26a1\ufe0f\n|-damage|p1a: \ud83c\udf2cKILOWATTREL\ud83c\udf2a\u26a1\ufe0f|0 fnt\n|faint|p1a: \ud83c\udf2cKILOWATTREL\ud83c\udf2a\u26a1\ufe0f\n|-damage|p2a: Lucario|91\/100|[from] item: Life Orb\n|\n|-weather|RainDance|[upkeep]\n|upkeep\n|\n|t:|1699625744\n|switch|p1a: \ud83c\udf2cTORNADUS\ud83c\udf2a\ud83c\udf2a|Tornadus-Therian, M, shiny|100\/100\n|turn|7\n|\n|t:|1699625760\n|-terastallize|p1a: \ud83c\udf2cTORNADUS\ud83c\udf2a\ud83c\udf2a|Flying\n|move|p1a: \ud83c\udf2cTORNADUS\ud83c\udf2a\ud83c\udf2a|Hurricane|p2a: Lucario\n|-damage|p2a: Lucario|0 fnt\n|faint|p2a: Lucario\n|\n|-weather|RainDance|[upkeep]\n|upkeep\n|\n|t:|1699625769\n|switch|p2a: Houndoom|Houndoom, F, shiny|100\/100\n|-ability|p2a: Houndoom|Unnerve\n|turn|8\n|\n|t:|1699625788\n|move|p2a: Houndoom|Heat Wave|p1a: \ud83c\udf2cTORNADUS\ud83c\udf2a\ud83c\udf2a\n|-damage|p1a: \ud83c\udf2cTORNADUS\ud83c\udf2a\ud83c\udf2a|74\/100\n|-status|p1a: \ud83c\udf2cTORNADUS\ud83c\udf2a\ud83c\udf2a|brn\n|move|p1a: \ud83c\udf2cTORNADUS\ud83c\udf2a\ud83c\udf2a|Hurricane|p2a: Houndoom\n|-damage|p2a: Houndoom|0 fnt\n|faint|p2a: Houndoom\n|\n|-weather|none\n|-damage|p1a: \ud83c\udf2cTORNADUS\ud83c\udf2a\ud83c\udf2a|68\/100 brn|[from] brn\n|upkeep\n|\n|t:|1699625799\n|switch|p2a: Absol|Absol, F, shiny|100\/100\n|-ability|p2a: Absol|Pressure\n|turn|9\n|\n|t:|1699625809\n|move|p1a: \ud83c\udf2cTORNADUS\ud83c\udf2a\ud83c\udf2a|Air Slash|p2a: Absol\n|-damage|p2a: Absol|23\/100\n|cant|p2a: Absol|flinch\n|\n|-damage|p1a: \ud83c\udf2cTORNADUS\ud83c\udf2a\ud83c\udf2a|62\/100 brn|[from] brn\n|upkeep\n|turn|10\n|\n|t:|1699625840\n|move|p1a: \ud83c\udf2cTORNADUS\ud83c\udf2a\ud83c\udf2a|Air Slash|p2a: Absol\n|-damage|p2a: Absol|0 fnt\n|faint|p2a: Absol\n|\n|-damage|p1a: \ud83c\udf2cTORNADUS\ud83c\udf2a\ud83c\udf2a|56\/100 brn|[from] brn\n|upkeep\n|\n|t:|1699625847\n|switch|p2a: Houndstone|Houndstone, F, shiny|100\/100\n|turn|11\n|\n|t:|1699625854\n|switch|p1a: \ud83c\udf2cPIDGEOT\ud83c\udf2a\ud83c\udf2a|Pidgeot, F, shiny|100\/100\n|-terastallize|p2a: Houndstone|Normal\n|move|p2a: Houndstone|Last Respects|p1a: \ud83c\udf2cPIDGEOT\ud83c\udf2a\ud83c\udf2a\n|-immune|p1a: \ud83c\udf2cPIDGEOT\ud83c\udf2a\ud83c\udf2a\n|\n|upkeep\n|turn|12\n|\n|t:|1699625867\n|detailschange|p1a: \ud83c\udf2cPIDGEOT\ud83c\udf2a\ud83c\udf2a|Pidgeot-Mega, F, shiny\n|-mega|p1a: \ud83c\udf2cPIDGEOT\ud83c\udf2a\ud83c\udf2a|Pidgeot|Pidgeotite\n|move|p1a: \ud83c\udf2cPIDGEOT\ud83c\udf2a\ud83c\udf2a|Hurricane|p2a: Houndstone\n|-damage|p2a: Houndstone|24\/100\n|move|p2a: Houndstone|Body Press|p1a: \ud83c\udf2cPIDGEOT\ud83c\udf2a\ud83c\udf2a\n|-damage|p1a: \ud83c\udf2cPIDGEOT\ud83c\udf2a\ud83c\udf2a|75\/100\n|\n|upkeep\n|turn|13\n|-message|cayap forfeited.\n|\n|win|AERO-M0DE\u2b06\ufe0f\n|raw|AERO-M0DE\u2b06\ufe0f's rating: 1171 &rarr; <strong>1190<\/strong><br \/>(+19 for winning)\n|raw|cayap's rating: 1083 &rarr; <strong>1066<\/strong><br \/>(-17 for losing)\n|l|\u203dcayap\n|c|\u2606AERO-M0DE\u2b06\ufe0f|Moron\n","uploadtime":1699626065,"views":5,"p1id":"aerom0de","p2id":"cayap","formatid":"gen9nationaldexubers","rating":1066,"private":0,"password":""}