{"id":"gen9nationaldexubers-1979552393","p1":"Malice Incarnate","p2":"hollyxkid","format":"[Gen 9] National Dex Ubers","log":"|j|\u2606Malice Incarnate\n|j|\u2606hollyxkid\n|t:|1698691694\n|gametype|singles\n|player|p1|Malice Incarnate|palmer|\n|player|p2|hollyxkid|lady|\n|teamsize|p1|6\n|teamsize|p2|6\n|gen|9\n|tier|[Gen 9] National Dex Ubers\n|rule|HP Percentage Mod: HP is shown in percentages\n|rule|Endless Battle Clause: Forcing endless battles is banned\n|rule|OHKO Clause: OHKO moves are banned\n|rule|Evasion Moves Clause: Evasion moves are banned\n|rule|Evasion Items Clause: Evasion items are banned\n|rule|Species Clause: Limit one of each Pok\u00e9mon\n|rule|Sleep Clause Mod: Limit one foe put to sleep\n|rule|Mega Rayquaza Clause: You cannot mega evolve Rayquaza\n|clearpoke\n|poke|p1|Iron Valiant|\n|poke|p1|Thundurus-Therian, M|\n|poke|p1|Tapu Koko|\n|poke|p1|Gliscor, F|\n|poke|p1|Iron Treads|\n|poke|p1|Ogerpon-Wellspring, F|\n|poke|p2|Zacian-*|\n|poke|p2|Xerneas-*|\n|poke|p2|Enamorus, F|\n|poke|p2|Tapu Lele|\n|poke|p2|Grimmsnarl, M|\n|poke|p2|Weezing-Galar, M|\n|teampreview\n|inactive|Battle timer is ON: inactive players will automatically lose when time's up. (requested by Malice Incarnate)\n|c|\u2606Malice Incarnate|that is insane\n|c|\u2606hollyxkid|this is my debut battle with the expert team\n|c|\u2606Malice Incarnate|its gonna be a stomp\n|c|\u2606hollyxkid|let's see what i can do\n|c|\u2606Malice Incarnate|xern is cracked\n|c|\u2606hollyxkid|glhf\n|inactive|hollyxkid has 270 seconds left.\n|c|\u2606Malice Incarnate|but i have a plan\n|\n|t:|1698691747\n|start\n|switch|p1a: You See Me Crying|Ogerpon-Wellspring, F|100\/100\n|switch|p2a: Nene?|Grimmsnarl, M|100\/100\n|turn|1\n|\n|t:|1698691752\n|move|p2a: Nene?|Reflect|p2a: Nene?\n|-sidestart|p2: hollyxkid|Reflect\n|move|p1a: You See Me Crying|Ivy Cudgel|p2a: Nene?\n|-damage|p2a: Nene?|66\/100\n|\n|upkeep\n|turn|2\n|\n|t:|1698691755\n|move|p2a: Nene?|Parting Shot|p1a: You See Me Crying\n|-unboost|p1a: You See Me Crying|atk|1\n|-unboost|p1a: You See Me Crying|spa|1\n|\n|t:|1698691760\n|switch|p2a: Alfred|Weezing-Galar, M|100\/100|[from] Parting Shot\n|-ability|p2a: Alfred|Neutralizing Gas\n|move|p1a: You See Me Crying|Swords Dance|p1a: You See Me Crying\n|-boost|p1a: You See Me Crying|atk|2\n|\n|upkeep\n|turn|3\n|\n|t:|1698691764\n|move|p1a: You See Me Crying|Ivy Cudgel|p2a: Alfred\n|-damage|p2a: Alfred|72\/100\n|move|p2a: Alfred|Sludge Bomb|p1a: You See Me Crying\n|-supereffective|p1a: You See Me Crying\n|-damage|p1a: You See Me Crying|34\/100\n|\n|-heal|p2a: Alfred|78\/100|[from] item: Black Sludge\n|upkeep\n|turn|4\n|\n|t:|1698691770\n|move|p1a: You See Me Crying|U-turn|p2a: Alfred\n|-resisted|p2a: Alfred\n|-damage|p2a: Alfred|75\/100\n|\n|t:|1698691772\n|switch|p1a: I'm Toxic|Gliscor, F|100\/100|[from] U-turn\n|move|p2a: Alfred|Sludge Bomb|p1a: I'm Toxic\n|-resisted|p1a: I'm Toxic\n|-damage|p1a: I'm Toxic|83\/100\n|\n|-heal|p2a: Alfred|81\/100|[from] item: Black Sludge\n|-status|p1a: I'm Toxic|tox|[from] item: Toxic Orb\n|upkeep\n|turn|5\n|\n|t:|1698691783\n|move|p1a: I'm Toxic|Spikes|p2a: Alfred\n|-sidestart|p2: hollyxkid|Spikes\n|move|p2a: Alfred|Sludge Bomb|p1a: I'm Toxic\n|-resisted|p1a: I'm Toxic\n|-damage|p1a: I'm Toxic|66\/100 tox\n|\n|-heal|p2a: Alfred|87\/100|[from] item: Black Sludge\n|-damage|p1a: I'm Toxic|59\/100 tox|[from] psn\n|upkeep\n|turn|6\n|\n|t:|1698691788\n|switch|p1a: Rolling Stones|Iron Treads|100\/100\n|move|p2a: Alfred|Defog|p1a: Rolling Stones\n|-unboost|p1a: Rolling Stones|evasion|1\n|-sideend|p2: hollyxkid|Spikes|[from] move: Defog|[of] p2a: Alfred\n|\n|-heal|p2a: Alfred|93\/100|[from] item: Black Sludge\n|upkeep\n|turn|7\n|\n|t:|1698691814\n|-end|p2a: Alfred|ability: Neutralizing Gas\n|switch|p2a: Nene?|Grimmsnarl, M|66\/100\n|move|p1a: Rolling Stones|Iron Head|p2a: Nene?\n|-supereffective|p2a: Nene?\n|-damage|p2a: Nene?|27\/100\n|\n|upkeep\n|turn|8\n|\n|t:|1698691821\n|move|p2a: Nene?|Parting Shot|p1a: Rolling Stones\n|-unboost|p1a: Rolling Stones|atk|1\n|-unboost|p1a: Rolling Stones|spa|1\n|\n|t:|1698691824\n|switch|p2a: Wrinkly|Enamorus, F|100\/100|[from] Parting Shot\n|move|p1a: Rolling Stones|Iron Head|p2a: Wrinkly\n|-supereffective|p2a: Wrinkly\n|-damage|p2a: Wrinkly|62\/100\n|\n|-sideend|p2: hollyxkid|Reflect\n|upkeep\n|turn|9\n|\n|t:|1698691829\n|-end|p1a: Rolling Stones|Quark Drive|[silent]\n|switch|p1a: You See Me Crying|Ogerpon-Wellspring, F|34\/100\n|move|p2a: Wrinkly|Superpower|p1a: You See Me Crying\n|-damage|p1a: You See Me Crying|0 fnt\n|-boost|p2a: Wrinkly|atk|1\n|-boost|p2a: Wrinkly|def|1\n|faint|p1a: You See Me Crying\n|\n|upkeep\n|\n|t:|1698691843\n|switch|p1a: Iron Valiant|Iron Valiant|100\/100\n|turn|10\n|\n|t:|1698691854\n|move|p1a: Iron Valiant|Moonblast|p2a: Wrinkly\n|-damage|p2a: Wrinkly|0 fnt\n|faint|p2a: Wrinkly\n|\n|upkeep\n|\n|t:|1698691863\n|switch|p2a: Alfred|Weezing-Galar, M|93\/100\n|-ability|p2a: Alfred|Neutralizing Gas\n|turn|11\n|\n|t:|1698691870\n|-end|p1a: Iron Valiant|Quark Drive|[silent]\n|switch|p1a: Sweet But a Psycho|Tapu Koko|100\/100\n|move|p2a: Alfred|Sludge Bomb|p1a: Sweet But a Psycho\n|-supereffective|p1a: Sweet But a Psycho\n|-damage|p1a: Sweet But a Psycho|21\/100\n|-status|p1a: Sweet But a Psycho|psn\n|\n|-heal|p2a: Alfred|99\/100|[from] item: Black Sludge\n|-damage|p1a: Sweet But a Psycho|9\/100 psn|[from] psn\n|upkeep\n|turn|12\n|\n|t:|1698691880\n|move|p1a: Sweet But a Psycho|U-turn|p2a: Alfred\n|-resisted|p2a: Alfred\n|-damage|p2a: Alfred|96\/100\n|\n|t:|1698691883\n|switch|p1a: Rolling Stones|Iron Treads|100\/100|[from] U-turn\n|move|p2a: Alfred|Sludge Bomb|p1a: Rolling Stones\n|-immune|p1a: Rolling Stones\n|\n|-heal|p2a: Alfred|100\/100|[from] item: Black Sludge\n|upkeep\n|turn|13\n|\n|t:|1698691893\n|-end|p2a: Alfred|ability: Neutralizing Gas\n|switch|p2a: who let them out|Zacian-Crowned|100\/100\n|-ability|p2a: who let them out|Intrepid Sword|boost\n|-boost|p2a: who let them out|atk|1\n|move|p1a: Rolling Stones|Iron Head|p2a: who let them out\n|-crit|p2a: who let them out\n|-damage|p2a: who let them out|60\/100\n|\n|upkeep\n|turn|14\n|c|\u2606Malice Incarnate|tera is thundy\n|\n|t:|1698691906\n|-end|p1a: Rolling Stones|Quark Drive|[silent]\n|switch|p1a: Sweet But a Psycho|Tapu Koko|9\/100 psn\n|-fieldstart|move: Electric Terrain|[from] ability: Electric Surge|[of] p1a: Sweet But a Psycho\n|move|p2a: who let them out|Swords Dance|p2a: who let them out\n|-boost|p2a: who let them out|atk|2\n|\n|-damage|p1a: Sweet But a Psycho|0 fnt|[from] psn\n|faint|p1a: Sweet But a Psycho\n|upkeep\n|c|\u2606Malice Incarnate|forgor to tell you\n|\n|t:|1698691915\n|switch|p1a: Iron Valiant|Iron Valiant|100\/100\n|-activate|p1a: Iron Valiant|ability: Quark Drive\n|-start|p1a: Iron Valiant|quarkdrivespe\n|turn|15\n|c|\u2606hollyxkid|oh thanks\n|\n|t:|1698691921\n|move|p1a: Iron Valiant|Focus Blast|p2a: who let them out\n|-damage|p2a: who let them out|0 fnt\n|faint|p2a: who let them out\n|\n|upkeep\n|c|\u2606Malice Incarnate|pray\n|c|\u2606Malice Incarnate|phew\n|\n|t:|1698691930\n|switch|p2a: Bocchi|Tapu Lele|100\/100\n|-fieldstart|move: Psychic Terrain|[from] ability: Psychic Surge|[of] p2a: Bocchi\n|-end|p1a: Iron Valiant|Quark Drive\n|turn|16\n|\n|t:|1698691938\n|-end|p1a: Iron Valiant|Quark Drive|[silent]\n|switch|p1a: I'm Toxic|Gliscor, F|59\/100 tox\n|move|p2a: Bocchi|Psychic|p1a: I'm Toxic\n|-damage|p1a: I'm Toxic|0 fnt\n|faint|p1a: I'm Toxic\n|\n|upkeep\n|\n|t:|1698691941\n|switch|p1a: Fuck Sash Shadow|Thundurus-Therian, M|100\/100\n|turn|17\n|\n|t:|1698691949\n|switch|p2a: Nene?|Grimmsnarl, M|27\/100\n|move|p1a: Fuck Sash Shadow|Substitute|p1a: Fuck Sash Shadow\n|-start|p1a: Fuck Sash Shadow|Substitute\n|-damage|p1a: Fuck Sash Shadow|76\/100\n|\n|upkeep\n|turn|18\n|\n|t:|1698691954\n|move|p2a: Nene?|Light Screen|p2a: Nene?\n|-sidestart|p2: hollyxkid|move: Light Screen\n|move|p1a: Fuck Sash Shadow|Nasty Plot|p1a: Fuck Sash Shadow\n|-boost|p1a: Fuck Sash Shadow|spa|2\n|\n|upkeep\n|turn|19\n|\n|t:|1698691960\n|move|p1a: Fuck Sash Shadow|Nasty Plot|p1a: Fuck Sash Shadow\n|-boost|p1a: Fuck Sash Shadow|spa|2\n|move|p2a: Nene?|False Surrender|p1a: Fuck Sash Shadow\n|-end|p1a: Fuck Sash Shadow|Substitute\n|\n|upkeep\n|turn|20\n|\n|t:|1698691962\n|move|p1a: Fuck Sash Shadow|Substitute|p1a: Fuck Sash Shadow\n|-start|p1a: Fuck Sash Shadow|Substitute\n|-damage|p1a: Fuck Sash Shadow|51\/100\n|move|p2a: Nene?|False Surrender|p1a: Fuck Sash Shadow\n|-end|p1a: Fuck Sash Shadow|Substitute\n|\n|-fieldend|move: Psychic Terrain\n|upkeep\n|turn|21\n|\n|t:|1698691967\n|move|p2a: Nene?|Parting Shot|p1a: Fuck Sash Shadow\n|-unboost|p1a: Fuck Sash Shadow|atk|1\n|-unboost|p1a: Fuck Sash Shadow|spa|1\n|\n|t:|1698691970\n|switch|p2a: Alfred|Weezing-Galar, M|100\/100|[from] Parting Shot\n|-ability|p2a: Alfred|Neutralizing Gas\n|move|p1a: Fuck Sash Shadow|Substitute|p1a: Fuck Sash Shadow\n|-start|p1a: Fuck Sash Shadow|Substitute\n|-damage|p1a: Fuck Sash Shadow|26\/100\n|\n|upkeep\n|turn|22\n|\n|t:|1698691975\n|move|p1a: Fuck Sash Shadow|Thunderbolt|p2a: Alfred\n|-damage|p2a: Alfred|13\/100\n|move|p2a: Alfred|Sludge Bomb|p1a: Fuck Sash Shadow\n|-end|p1a: Fuck Sash Shadow|Substitute\n|\n|-heal|p2a: Alfred|19\/100|[from] item: Black Sludge\n|upkeep\n|turn|23\n|\n|t:|1698691980\n|move|p1a: Fuck Sash Shadow|Tera Blast|p2a: Alfred\n|-damage|p2a: Alfred|0 fnt\n|faint|p2a: Alfred\n|-end|p2a: Alfred|ability: Neutralizing Gas\n|\n|upkeep\n|\n|t:|1698691986\n|switch|p2a: Bocchi|Tapu Lele|100\/100\n|-fieldstart|move: Psychic Terrain|[from] ability: Psychic Surge|[of] p2a: Bocchi\n|turn|24\n|\n|t:|1698691991\n|move|p2a: Bocchi|Psychic|p1a: Fuck Sash Shadow\n|-damage|p1a: Fuck Sash Shadow|0 fnt\n|faint|p1a: Fuck Sash Shadow\n|\n|upkeep\n|\n|t:|1698691994\n|switch|p1a: Rolling Stones|Iron Treads|100\/100\n|turn|25\n|\n|t:|1698692006\n|switch|p2a: Nene?|Grimmsnarl, M|27\/100\n|move|p1a: Rolling Stones|Iron Head|p2a: Nene?\n|-supereffective|p2a: Nene?\n|-damage|p2a: Nene?|0 fnt\n|faint|p2a: Nene?\n|\n|-sideend|p2: hollyxkid|move: Light Screen\n|upkeep\n|\n|t:|1698692011\n|switch|p2a: Bocchi|Tapu Lele|100\/100\n|turn|26\n|\n|t:|1698692014\n|move|p2a: Bocchi|Focus Blast|p1a: Rolling Stones\n|-supereffective|p1a: Rolling Stones\n|-damage|p1a: Rolling Stones|59\/100\n|move|p1a: Rolling Stones|Iron Head|p2a: Bocchi\n|-supereffective|p2a: Bocchi\n|-damage|p2a: Bocchi|0 fnt\n|faint|p2a: Bocchi\n|\n|upkeep\n|c|\u2606Malice Incarnate|BULK\n|\n|t:|1698692021\n|switch|p2a: Favorite Son|Xerneas|100\/100\n|-ability|p2a: Favorite Son|Fairy Aura\n|turn|27\n|\n|t:|1698692027\n|move|p2a: Favorite Son|Geomancy||[still]\n|-prepare|p2a: Favorite Son|Geomancy\n|-enditem|p2a: Favorite Son|Power Herb\n|-anim|p2a: Favorite Son|Geomancy|p2a: Favorite Son\n|-boost|p2a: Favorite Son|spa|2\n|-boost|p2a: Favorite Son|spd|2\n|-boost|p2a: Favorite Son|spe|2\n|move|p1a: Rolling Stones|Iron Head|p2a: Favorite Son\n|-supereffective|p2a: Favorite Son\n|-damage|p2a: Favorite Son|41\/100\n|\n|upkeep\n|turn|28\n|c|\u2606Malice Incarnate|i think i take a +2 moon\n|\n|t:|1698692034\n|move|p2a: Favorite Son|Focus Blast|p1a: Rolling Stones\n|-supereffective|p1a: Rolling Stones\n|-damage|p1a: Rolling Stones|0 fnt\n|faint|p1a: Rolling Stones\n|-end|p1a: Rolling Stones|Quark Drive|[silent]\n|\n|-fieldend|move: Psychic Terrain\n|upkeep\n|\n|t:|1698692036\n|switch|p1a: Iron Valiant|Iron Valiant|100\/100\n|turn|29\n|\n|t:|1698692039\n|move|p2a: Favorite Son|Moonblast|p1a: Iron Valiant\n|-supereffective|p1a: Iron Valiant\n|-damage|p1a: Iron Valiant|0 fnt\n|faint|p1a: Iron Valiant\n|-end|p1a: Iron Valiant|Quark Drive|[silent]\n|\n|win|hollyxkid\n|c|\u2606Malice Incarnate|miss\n|c|\u2606Malice Incarnate|noooo\n|c|\u2606Malice Incarnate|gg\n|c|\u2606hollyxkid|prayed hard enough\n|c|\u2606hollyxkid|gg\n","uploadtime":1698692050,"views":16,"p1id":"maliceincarnate","p2id":"hollyxkid","formatid":"gen9nationaldexubers","rating":0,"private":0,"password":""}