{"id":"gen9nationaldexubers-1978792747","p1":"PANDODEEEEZ","p2":"DkPhoenix35","format":"[Gen 9] National Dex Ubers","log":"|j|\u2606PANDODEEEEZ\n|j|\u2606DkPhoenix35\n|t:|1698595851\n|gametype|singles\n|player|p1|PANDODEEEEZ|kieran|1000\n|player|p2|DkPhoenix35|will|1096\n|teamsize|p1|6\n|teamsize|p2|6\n|gen|9\n|tier|[Gen 9] National Dex Ubers\n|rated|\n|rule|HP Percentage Mod: HP is shown in percentages\n|rule|Endless Battle Clause: Forcing endless battles is banned\n|rule|OHKO Clause: OHKO moves are banned\n|rule|Evasion Moves Clause: Evasion moves are banned\n|rule|Evasion Items Clause: Evasion items are banned\n|rule|Species Clause: Limit one of each Pok\u00e9mon\n|rule|Sleep Clause Mod: Limit one foe put to sleep\n|rule|Mega Rayquaza Clause: You cannot mega evolve Rayquaza\n|clearpoke\n|poke|p1|Spidops, F|\n|poke|p1|Groudon|\n|poke|p1|Kingambit, F|\n|poke|p1|Avalugg, F|\n|poke|p1|Bouffalant, F|\n|poke|p1|Chandelure, M|\n|poke|p2|Kingambit, M|\n|poke|p2|Diancie|\n|poke|p2|Ceruledge, M|\n|poke|p2|Iron Leaves|\n|poke|p2|Garganacl, M|\n|poke|p2|Grimmsnarl, M|\n|teampreview\n|\n|t:|1698595871\n|start\n|switch|p1a: Chandelure|Chandelure, M|100\/100\n|switch|p2a: Pawn|Grimmsnarl, M|100\/100\n|turn|1\n|\n|t:|1698595875\n|move|p2a: Pawn|Taunt|p1a: Chandelure\n|-start|p1a: Chandelure|move: Taunt\n|move|p1a: Chandelure|Flamethrower|p2a: Pawn\n|-damage|p2a: Pawn|60\/100\n|\n|upkeep\n|turn|2\n|\n|t:|1698595881\n|move|p2a: Pawn|Light Screen|p2a: Pawn\n|-sidestart|p2: DkPhoenix35|move: Light Screen\n|move|p1a: Chandelure|Flamethrower|p2a: Pawn\n|-damage|p2a: Pawn|20\/100\n|\n|upkeep\n|turn|3\n|\n|t:|1698595884\n|move|p2a: Pawn|Sucker Punch|p1a: Chandelure\n|-supereffective|p1a: Chandelure\n|-damage|p1a: Chandelure|15\/100\n|move|p1a: Chandelure|Flamethrower|p2a: Pawn\n|-damage|p2a: Pawn|0 fnt\n|faint|p2a: Pawn\n|\n|-end|p1a: Chandelure|move: Taunt\n|upkeep\n|\n|t:|1698595887\n|switch|p2a: Bishop|Ceruledge, M|100\/100\n|turn|4\n|\n|t:|1698595893\n|switch|p1a: Bouffalant|Bouffalant, F|100\/100\n|move|p2a: Bishop|Shadow Claw|p1a: Bouffalant\n|-immune|p1a: Bouffalant\n|\n|upkeep\n|turn|5\n|\n|t:|1698595895\n|move|p2a: Bishop|Bulk Up|p2a: Bishop\n|-boost|p2a: Bishop|atk|1\n|-boost|p2a: Bishop|def|1\n|move|p1a: Bouffalant|Rock Slide|p2a: Bishop\n|-supereffective|p2a: Bishop\n|-damage|p2a: Bishop|26\/100\n|-ability|p2a: Bishop|Weak Armor|boost\n|-unboost|p2a: Bishop|def|1\n|-boost|p2a: Bishop|spe|2\n|\n|upkeep\n|turn|6\n|\n|t:|1698595898\n|move|p2a: Bishop|Bitter Blade|p1a: Bouffalant\n|-damage|p1a: Bouffalant|42\/100\n|-heal|p2a: Bishop|66\/100|[from] drain|[of] p1a: Bouffalant\n|move|p1a: Bouffalant|Rock Slide|p2a: Bishop\n|-supereffective|p2a: Bishop\n|-damage|p2a: Bishop|0 fnt\n|faint|p2a: Bishop\n|\n|upkeep\n|\n|t:|1698595902\n|switch|p2a: Queen|Diancie|100\/100\n|turn|7\n|\n|t:|1698595907\n|switch|p1a: Kingambit|Kingambit, F|100\/100\n|detailschange|p2a: Queen|Diancie-Mega\n|-mega|p2a: Queen|Diancie|Diancite\n|move|p2a: Queen|Calm Mind|p2a: Queen\n|-boost|p2a: Queen|spa|1\n|-boost|p2a: Queen|spd|1\n|\n|upkeep\n|turn|8\n|\n|t:|1698595912\n|move|p2a: Queen|Dazzling Gleam|p1a: Kingambit\n|-damage|p1a: Kingambit|28\/100\n|move|p1a: Kingambit|Iron Head|p2a: Queen\n|-supereffective|p2a: Queen\n|-damage|p2a: Queen|0 fnt\n|faint|p2a: Queen\n|\n|upkeep\n|\n|t:|1698595916\n|switch|p2a: Tower|Garganacl, M|100\/100\n|turn|9\n|\n|t:|1698595920\n|-end|p1a: Kingambit|fallenundefined|[silent]\n|switch|p1a: Chandelure|Chandelure, M|15\/100\n|move|p2a: Tower|Earthquake|p1a: Chandelure\n|-supereffective|p1a: Chandelure\n|-damage|p1a: Chandelure|0 fnt\n|faint|p1a: Chandelure\n|\n|-sideend|p2: DkPhoenix35|move: Light Screen\n|upkeep\n|\n|t:|1698595922\n|switch|p1a: Bouffalant|Bouffalant, F|42\/100\n|turn|10\n|\n|t:|1698595926\n|move|p2a: Tower|Salt Cure|p1a: Bouffalant\n|-damage|p1a: Bouffalant|25\/100\n|-start|p1a: Bouffalant|Salt Cure\n|move|p1a: Bouffalant|Superpower|p2a: Tower\n|-supereffective|p2a: Tower\n|-damage|p2a: Tower|10\/100\n|-unboost|p1a: Bouffalant|atk|1\n|-unboost|p1a: Bouffalant|def|1\n|\n|-damage|p1a: Bouffalant|13\/100|[from] Salt Cure\n|upkeep\n|turn|11\n|\n|t:|1698595930\n|move|p2a: Tower|Earthquake|p1a: Bouffalant\n|-damage|p1a: Bouffalant|0 fnt\n|faint|p1a: Bouffalant\n|\n|upkeep\n|\n|t:|1698595934\n|switch|p1a: Avalugg|Avalugg, F|100\/100\n|turn|12\n|\n|t:|1698595936\n|move|p2a: Tower|Salt Cure|p1a: Avalugg\n|-supereffective|p1a: Avalugg\n|-damage|p1a: Avalugg|85\/100\n|-start|p1a: Avalugg|Salt Cure\n|move|p1a: Avalugg|Body Press|p2a: Tower\n|-supereffective|p2a: Tower\n|-damage|p2a: Tower|0 fnt\n|faint|p2a: Tower\n|\n|-heal|p1a: Avalugg|91\/100|[from] item: Leftovers\n|-damage|p1a: Avalugg|78\/100|[from] Salt Cure\n|upkeep\n|\n|t:|1698595939\n|switch|p2a: Knight|Iron Leaves|100\/100\n|-enditem|p2a: Knight|Booster Energy\n|-activate|p2a: Knight|ability: Quark Drive|[fromitem]\n|-start|p2a: Knight|quarkdriveatk\n|turn|13\n|\n|t:|1698595944\n|switch|p1a: Spidops|Spidops, F, shiny|100\/100\n|move|p2a: Knight|Night Slash|p1a: Spidops\n|-damage|p1a: Spidops|63\/100\n|\n|upkeep\n|turn|14\n|\n|t:|1698595947\n|move|p1a: Spidops|Silk Trap|p1a: Spidops\n|-singleturn|p1a: Spidops|Protect\n|move|p2a: Knight|Night Slash|p1a: Spidops\n|-activate|p1a: Spidops|move: Protect\n|-unboost|p2a: Knight|spe|1\n|\n|upkeep\n|turn|15\n|\n|t:|1698595953\n|move|p2a: Knight|Night Slash|p1a: Spidops\n|-crit|p1a: Spidops\n|-damage|p1a: Spidops|11\/100\n|move|p1a: Spidops|Circle Throw|p2a: Knight\n|-resisted|p2a: Knight\n|-damage|p2a: Knight|91\/100\n|-end|p2a: Knight|Quark Drive|[silent]\n|drag|p2a: King|Kingambit, M|100\/100\n|-activate|p2a: King|ability: Supreme Overlord\n|-start|p2a: King|fallen4|[silent]\n|\n|upkeep\n|turn|16\n|\n|t:|1698595957\n|-end|p2a: King|fallen4|[silent]\n|switch|p2a: Knight|Iron Leaves|91\/100\n|move|p1a: Spidops|Silk Trap||[still]\n|-fail|p1a: Spidops\n|\n|upkeep\n|turn|17\n|\n|t:|1698595960\n|move|p1a: Spidops|Silk Trap|p1a: Spidops\n|-singleturn|p1a: Spidops|Protect\n|move|p2a: Knight|Night Slash|p1a: Spidops\n|-activate|p1a: Spidops|move: Protect\n|-unboost|p2a: Knight|spe|1\n|\n|upkeep\n|turn|18\n|\n|t:|1698595964\n|switch|p1a: Kingambit|Kingambit, F|28\/100\n|-activate|p1a: Kingambit|ability: Supreme Overlord\n|-start|p1a: Kingambit|fallen2|[silent]\n|move|p2a: Knight|Night Slash|p1a: Kingambit\n|-resisted|p1a: Kingambit\n|-crit|p1a: Kingambit\n|-damage|p1a: Kingambit|15\/100\n|\n|upkeep\n|turn|19\n|\n|t:|1698595968\n|move|p2a: Knight|Megahorn|p1a: Kingambit\n|-damage|p1a: Kingambit|0 fnt\n|faint|p1a: Kingambit\n|-end|p1a: Kingambit|fallen2|[silent]\n|\n|upkeep\n|\n|t:|1698595972\n|switch|p1a: Avalugg|Avalugg, F|78\/100\n|turn|20\n|\n|t:|1698595974\n|move|p2a: Knight|Night Slash|p1a: Avalugg\n|-damage|p1a: Avalugg|69\/100\n|move|p1a: Avalugg|Toxic|p2a: Knight\n|-status|p2a: Knight|tox\n|\n|-heal|p1a: Avalugg|75\/100|[from] item: Leftovers\n|-damage|p2a: Knight|85\/100 tox|[from] psn\n|upkeep\n|turn|21\n|\n|t:|1698595978\n|move|p2a: Knight|Night Slash|p1a: Avalugg\n|-damage|p1a: Avalugg|64\/100\n|move|p1a: Avalugg|Curse|p1a: Avalugg\n|-unboost|p1a: Avalugg|spe|1\n|-boost|p1a: Avalugg|atk|1\n|-boost|p1a: Avalugg|def|1\n|\n|-heal|p1a: Avalugg|70\/100|[from] item: Leftovers\n|-damage|p2a: Knight|73\/100 tox|[from] psn\n|upkeep\n|turn|22\n|\n|t:|1698595981\n|move|p2a: Knight|Trailblaze|p1a: Avalugg\n|-damage|p1a: Avalugg|62\/100\n|-boost|p2a: Knight|spe|1\n|move|p1a: Avalugg|Curse|p1a: Avalugg\n|-unboost|p1a: Avalugg|spe|1\n|-boost|p1a: Avalugg|atk|1\n|-boost|p1a: Avalugg|def|1\n|\n|-heal|p1a: Avalugg|69\/100|[from] item: Leftovers\n|-damage|p2a: Knight|54\/100 tox|[from] psn\n|upkeep\n|turn|23\n|\n|t:|1698596000\n|move|p2a: Knight|Swords Dance|p2a: Knight\n|-boost|p2a: Knight|atk|2\n|move|p1a: Avalugg|Body Press|p2a: Knight\n|-resisted|p2a: Knight\n|-damage|p2a: Knight|7\/100 tox\n|\n|-heal|p1a: Avalugg|75\/100|[from] item: Leftovers\n|-damage|p2a: Knight|0 fnt|[from] psn\n|faint|p2a: Knight\n|-end|p2a: Knight|Quark Drive|[silent]\n|upkeep\n|\n|t:|1698596002\n|switch|p2a: King|Kingambit, M|100\/100\n|-activate|p2a: King|ability: Supreme Overlord\n|-start|p2a: King|fallen5|[silent]\n|turn|24\n|\n|t:|1698596006\n|-terastallize|p2a: King|Ghost\n|move|p2a: King|Brick Break|p1a: Avalugg\n|-supereffective|p1a: Avalugg\n|-damage|p1a: Avalugg|57\/100\n|move|p1a: Avalugg|Body Press|p2a: King\n|-immune|p2a: King\n|\n|-heal|p1a: Avalugg|63\/100|[from] item: Leftovers\n|upkeep\n|turn|25\n|\n|t:|1698596009\n|-terastallize|p1a: Avalugg|Ghost\n|move|p2a: King|Brick Break|p1a: Avalugg\n|-immune|p1a: Avalugg\n|move|p1a: Avalugg|Curse|p2a: King\n|-start|p2a: King|Curse|[of] p1a: Avalugg\n|-damage|p1a: Avalugg|13\/100\n|\n|-heal|p1a: Avalugg|20\/100|[from] item: Leftovers\n|-damage|p2a: King|75\/100|[from] Curse\n|upkeep\n|turn|26\n|\n|t:|1698596012\n|move|p2a: King|Shadow Claw|p1a: Avalugg\n|-supereffective|p1a: Avalugg\n|-damage|p1a: Avalugg|0 fnt\n|faint|p1a: Avalugg\n|\n|-damage|p2a: King|50\/100|[from] Curse\n|upkeep\n|\n|t:|1698596015\n|switch|p1a: Spidops|Spidops, F, shiny|11\/100\n|turn|27\n|\n|t:|1698596018\n|move|p1a: Spidops|Silk Trap|p1a: Spidops\n|-singleturn|p1a: Spidops|Protect\n|move|p2a: King|Shadow Claw|p1a: Spidops\n|-activate|p1a: Spidops|move: Protect\n|-unboost|p2a: King|spe|1\n|\n|-damage|p2a: King|25\/100|[from] Curse\n|upkeep\n|turn|28\n|\n|t:|1698596020\n|move|p1a: Spidops|Sucker Punch|p2a: King\n|-supereffective|p2a: King\n|-damage|p2a: King|0 fnt\n|faint|p2a: King\n|-end|p2a: King|fallen5|[silent]\n|\n|win|PANDODEEEEZ\n|raw|PANDODEEEEZ's rating: 1000 &rarr; <strong>1051<\/strong><br \/>(+51 for winning)\n|raw|DkPhoenix35's rating: 1096 &rarr; <strong>1065<\/strong><br \/>(-31 for losing)\n","uploadtime":1698596026,"views":5,"p1id":"pandodeeeez","p2id":"dkphoenix35","formatid":"gen9nationaldexubers","rating":1051,"private":0,"password":""}