{"id":"gen9nationaldexubers-1985035390","p1":"Battlejabs","p2":"quokapatrol","format":"[Gen 9] National Dex Ubers","log":"|j|\u2606Battlejabs\n|j|\u2606quokapatrol\n|t:|1699323103\n|gametype|singles\n|player|p1|Battlejabs|265|\n|player|p2|quokapatrol|cameraman|\n|teamsize|p1|6\n|teamsize|p2|6\n|gen|9\n|tier|[Gen 9] National Dex Ubers\n|rule|HP Percentage Mod: HP is shown in percentages\n|rule|Endless Battle Clause: Forcing endless battles is banned\n|rule|OHKO Clause: OHKO moves are banned\n|rule|Evasion Moves Clause: Evasion moves are banned\n|rule|Evasion Items Clause: Evasion items are banned\n|rule|Species Clause: Limit one of each Pok\u00e9mon\n|rule|Sleep Clause Mod: Limit one foe put to sleep\n|rule|Mega Rayquaza Clause: You cannot mega evolve Rayquaza\n|clearpoke\n|poke|p1|Brambleghast, F|\n|poke|p1|Wishiwashi, M|\n|poke|p1|Celesteela|\n|poke|p1|Tapu Lele|\n|poke|p1|Duraludon, M|\n|poke|p1|Quagsire, M|\n|poke|p2|Garchomp, M|\n|poke|p2|Iron Hands|\n|poke|p2|Sharpedo, F|\n|poke|p2|Jumpluff, M|\n|poke|p2|Kingambit, M|\n|poke|p2|Scream Tail|\n|teampreview\n|\n|t:|1699323139\n|start\n|switch|p1a: Brambleghast|Brambleghast, F|100\/100\n|switch|p2a: jumpy|Jumpluff, M, shiny|100\/100\n|turn|1\n|\n|t:|1699323166\n|move|p2a: jumpy|Infestation|p1a: Brambleghast\n|-damage|p1a: Brambleghast|96\/100\n|-activate|p1a: Brambleghast|move: Infestation|[of] p2a: jumpy\n|-zpower|p1a: Brambleghast\n|move|p1a: Brambleghast|Z-Spikes|p2a: jumpy|[anim]Spikes\n|-boost|p1a: Brambleghast|def|1|[zeffect]\n|-sidestart|p2: quokapatrol|Spikes\n|\n|-damage|p1a: Brambleghast|84\/100|[from] move: Infestation|[partiallytrapped]\n|upkeep\n|turn|2\n|\n|t:|1699323189\n|switch|p2a: Sharpedo|Sharpedo, F, shiny|100\/100\n|-damage|p2a: Sharpedo|88\/100|[from] Spikes\n|move|p1a: Brambleghast|Rapid Spin|p2a: Sharpedo\n|-damage|p2a: Sharpedo|55\/100\n|-boost|p1a: Brambleghast|spe|1\n|-damage|p1a: Brambleghast|72\/100|[from] ability: Rough Skin|[of] p2a: Sharpedo\n|-end|p1a: Brambleghast|Infestation|[partiallytrapped]\n|\n|upkeep\n|turn|3\n|j| gs wendigo\n|\n|t:|1699323210\n|switch|p1a: Quagsire|Quagsire, M|100\/100\n|detailschange|p2a: Sharpedo|Sharpedo-Mega, F, shiny\n|-mega|p2a: Sharpedo|Sharpedo|Sharpedonite\n|move|p2a: Sharpedo|Poison Jab|p1a: Quagsire\n|-resisted|p1a: Quagsire\n|-damage|p1a: Quagsire|89\/100\n|\n|-heal|p1a: Quagsire|95\/100|[from] item: Leftovers\n|upkeep\n|turn|4\n|\n|t:|1699323220\n|-terastallize|p1a: Quagsire|Fairy\n|move|p2a: Sharpedo|Earthquake|p1a: Quagsire\n|-damage|p1a: Quagsire|68\/100\n|move|p1a: Quagsire|Toxic Spikes|p2a: Sharpedo\n|-sidestart|p2: quokapatrol|move: Toxic Spikes\n|\n|-heal|p1a: Quagsire|74\/100|[from] item: Leftovers\n|upkeep\n|turn|5\n|\n|t:|1699323228\n|move|p2a: Sharpedo|Poison Jab|p1a: Quagsire\n|-supereffective|p1a: Quagsire\n|-damage|p1a: Quagsire|27\/100\n|-status|p1a: Quagsire|psn\n|move|p1a: Quagsire|Toxic Spikes|p2a: Sharpedo\n|-sidestart|p2: quokapatrol|move: Toxic Spikes\n|\n|-heal|p1a: Quagsire|33\/100 psn|[from] item: Leftovers\n|-damage|p1a: Quagsire|21\/100 psn|[from] psn\n|upkeep\n|turn|6\n|\n|t:|1699323237\n|switch|p1a: Celesteela|Celesteela|100\/100\n|move|p2a: Sharpedo|Earthquake|p1a: Celesteela\n|-immune|p1a: Celesteela\n|\n|upkeep\n|turn|7\n|\n|t:|1699323245\n|move|p2a: Sharpedo|Liquidation|p1a: Celesteela\n|-crit|p1a: Celesteela\n|-damage|p1a: Celesteela|44\/100\n|move|p1a: Celesteela|Giga Drain|p2a: Sharpedo\n|-supereffective|p2a: Sharpedo\n|-damage|p2a: Sharpedo|0 fnt\n|-heal|p1a: Celesteela|64\/100|[from] drain|[of] p2a: Sharpedo\n|faint|p2a: Sharpedo\n|-ability|p1a: Celesteela|Beast Boost|boost\n|-boost|p1a: Celesteela|spa|1\n|\n|-heal|p1a: Celesteela|70\/100|[from] item: Leftovers\n|upkeep\n|j| Bidens crackpipe\n|j| Pks BloodEagle\n|\n|t:|1699323272\n|switch|p2a: Iron Hands|Iron Hands, shiny|100\/100\n|-damage|p2a: Iron Hands|88\/100|[from] Spikes\n|-status|p2a: Iron Hands|tox\n|turn|8\n|\n|t:|1699323281\n|switch|p1a: Brambleghast|Brambleghast, F|72\/100\n|move|p2a: Iron Hands|Fake Out|p1a: Brambleghast\n|-immune|p1a: Brambleghast\n|\n|-damage|p2a: Iron Hands|82\/100 tox|[from] psn\n|upkeep\n|turn|9\n|c| Bidens crackpipe|I just showed up, but this looks bad lol\n|\n|t:|1699323289\n|move|p1a: Brambleghast|Leech Seed|p2a: Iron Hands\n|-start|p2a: Iron Hands|move: Leech Seed\n|move|p2a: Iron Hands|Volt Switch|p1a: Brambleghast\n|-resisted|p1a: Brambleghast\n|-crit|p1a: Brambleghast\n|-damage|p1a: Brambleghast|60\/100\n|\n|t:|1699323303\n|-end|p2a: Iron Hands|Quark Drive|[silent]\n|switch|p2a: Garchomp|Garchomp, M|100\/100|[from] Volt Switch\n|-damage|p2a: Garchomp|88\/100|[from] Spikes\n|-status|p2a: Garchomp|tox\n|\n|-damage|p2a: Garchomp|82\/100 tox|[from] psn\n|upkeep\n|turn|10\n|j| Pks suckss\n|c| Pks BloodEagle|Roaland! Make trades after this lol\n|\n|t:|1699323312\n|move|p2a: Garchomp|Poison Jab|p1a: Brambleghast\n|-damage|p1a: Brambleghast|25\/100\n|-status|p1a: Brambleghast|psn\n|move|p1a: Brambleghast|Leech Seed|p2a: Garchomp\n|-start|p2a: Garchomp|move: Leech Seed\n|\n|-damage|p2a: Garchomp|70\/100 tox|[from] Leech Seed|[of] p1a: Brambleghast\n|-heal|p1a: Brambleghast|39\/100 psn|[silent]\n|-damage|p2a: Garchomp|57\/100 tox|[from] psn\n|-damage|p1a: Brambleghast|27\/100 psn|[from] psn\n|upkeep\n|turn|11\n|\n|t:|1699323321\n|switch|p2a: jumpy|Jumpluff, M, shiny|100\/100\n|switch|p1a: Celesteela|Celesteela|70\/100\n|\n|-heal|p1a: Celesteela|76\/100|[from] item: Leftovers\n|upkeep\n|turn|12\n|\n|t:|1699323342\n|move|p2a: jumpy|Sleep Powder|p1a: Celesteela|[miss]\n|-miss|p2a: jumpy|p1a: Celesteela\n|move|p1a: Celesteela|Air Slash|p2a: jumpy\n|-supereffective|p2a: jumpy\n|-damage|p2a: jumpy|39\/100\n|\n|-heal|p1a: Celesteela|82\/100|[from] item: Leftovers\n|upkeep\n|turn|13\n|\n|t:|1699323351\n|switch|p1a: Wishiwashi|Wishiwashi, M|100\/100\n|-formechange|p1a: Wishiwashi|Wishiwashi-School||[from] ability: Schooling\n|move|p2a: jumpy|Strength Sap|p1a: Wishiwashi\n|-unboost|p1a: Wishiwashi|atk|1\n|-heal|p2a: jumpy|100\/100\n|\n|upkeep\n|turn|14\n|\n|t:|1699323361\n|move|p2a: jumpy|Infestation|p1a: Wishiwashi\n|-damage|p1a: Wishiwashi|98\/100\n|-activate|p1a: Wishiwashi|move: Infestation|[of] p2a: jumpy\n|move|p1a: Wishiwashi|Flip Turn|p2a: jumpy\n|-resisted|p2a: jumpy\n|-damage|p2a: jumpy|79\/100\n|l|pkssuckss\n|\n|t:|1699323372\n|switch|p1a: Celesteela|Celesteela|82\/100|[from] Flip Turn\n|\n|-heal|p1a: Celesteela|88\/100|[from] item: Leftovers\n|upkeep\n|turn|15\n|\n|t:|1699323383\n|move|p2a: jumpy|Strength Sap|p1a: Celesteela\n|-unboost|p1a: Celesteela|atk|1\n|-heal|p2a: jumpy|100\/100\n|move|p1a: Celesteela|Air Slash|p2a: jumpy\n|-supereffective|p2a: jumpy\n|-damage|p2a: jumpy|41\/100\n|\n|-heal|p1a: Celesteela|94\/100|[from] item: Leftovers\n|upkeep\n|turn|16\n|j| PKS Leader\n|\n|t:|1699323392\n|move|p2a: jumpy|Sleep Powder|p1a: Celesteela|[miss]\n|-miss|p2a: jumpy|p1a: Celesteela\n|move|p1a: Celesteela|Air Slash|p2a: jumpy\n|-supereffective|p2a: jumpy\n|-damage|p2a: jumpy|0 fnt\n|faint|p2a: jumpy\n|-ability|p1a: Celesteela|Beast Boost|boost\n|-boost|p1a: Celesteela|spa|1\n|\n|-heal|p1a: Celesteela|99\/100|[from] item: Leftovers\n|upkeep\n|\n|t:|1699323415\n|switch|p2a: Garchomp|Garchomp, M|57\/100 tox\n|-damage|p2a: Garchomp|45\/100 tox|[from] Spikes\n|turn|17\n|\n|t:|1699323422\n|move|p2a: Garchomp|Dragon Claw|p1a: Celesteela\n|-resisted|p1a: Celesteela\n|-damage|p1a: Celesteela|84\/100\n|move|p1a: Celesteela|Flash Cannon|p2a: Garchomp\n|-damage|p2a: Garchomp|0 fnt\n|faint|p2a: Garchomp\n|-ability|p1a: Celesteela|Beast Boost|boost\n|-boost|p1a: Celesteela|spa|1\n|\n|-heal|p1a: Celesteela|90\/100|[from] item: Leftovers\n|upkeep\n|n| PKS Leader|pksleader\n|\n|t:|1699323433\n|switch|p2a: Iron Hands|Iron Hands, shiny|82\/100 tox\n|-damage|p2a: Iron Hands|69\/100 tox|[from] Spikes\n|turn|18\n|c| PKS Leader|It\u2019s ok I\u2019m here now squad\n|c| Pks BloodEagle|Gg\n|\n|t:|1699323443\n|move|p1a: Celesteela|Air Slash|p2a: Iron Hands\n|-damage|p2a: Iron Hands|40\/100 tox\n|move|p2a: Iron Hands|Drain Punch|p1a: Celesteela\n|-damage|p1a: Celesteela|62\/100\n|-heal|p2a: Iron Hands|51\/100 tox|[from] drain|[of] p1a: Celesteela\n|\n|-heal|p1a: Celesteela|68\/100|[from] item: Leftovers\n|-damage|p2a: Iron Hands|45\/100 tox|[from] psn\n|upkeep\n|turn|19\n|\n|t:|1699323454\n|move|p1a: Celesteela|Giga Drain|p2a: Iron Hands\n|-damage|p2a: Iron Hands|27\/100 tox\n|-heal|p1a: Celesteela|79\/100|[from] drain|[of] p2a: Iron Hands\n|move|p2a: Iron Hands|Reversal|p1a: Celesteela\n|-damage|p1a: Celesteela|49\/100\n|\n|-heal|p1a: Celesteela|55\/100|[from] item: Leftovers\n|-damage|p2a: Iron Hands|15\/100 tox|[from] psn\n|upkeep\n|turn|20\n|\n|t:|1699323465\n|move|p1a: Celesteela|Giga Drain|p2a: Iron Hands\n|-damage|p2a: Iron Hands|0 fnt\n|-heal|p1a: Celesteela|64\/100|[from] drain|[of] p2a: Iron Hands\n|faint|p2a: Iron Hands\n|-end|p2a: Iron Hands|Quark Drive|[silent]\n|-ability|p1a: Celesteela|Beast Boost|boost\n|-boost|p1a: Celesteela|spa|1\n|\n|-heal|p1a: Celesteela|70\/100|[from] item: Leftovers\n|upkeep\n|\n|t:|1699323474\n|switch|p2a: Kingambit|Kingambit, M, shiny|100\/100\n|-damage|p2a: Kingambit|88\/100|[from] Spikes\n|-activate|p2a: Kingambit|ability: Supreme Overlord\n|-start|p2a: Kingambit|fallen4|[silent]\n|turn|21\n|\n|t:|1699323483\n|move|p1a: Celesteela|Air Slash|p2a: Kingambit\n|-resisted|p2a: Kingambit\n|-damage|p2a: Kingambit|64\/100\n|move|p2a: Kingambit|Kowtow Cleave|p1a: Celesteela\n|-damage|p1a: Celesteela|20\/100\n|\n|-heal|p1a: Celesteela|26\/100|[from] item: Leftovers\n|upkeep\n|turn|22\n|\n|t:|1699323496\n|switch|p1a: Duraludon|Duraludon, M|100\/100\n|move|p2a: Kingambit|Kowtow Cleave|p1a: Duraludon\n|-damage|p1a: Duraludon|46\/100\n|\n|-heal|p1a: Duraludon|52\/100|[from] item: Leftovers\n|upkeep\n|turn|23\n|\n|t:|1699323504\n|-end|p2a: Kingambit|fallen4|[silent]\n|switch|p2a: Scream Tail|Scream Tail|100\/100\n|-damage|p2a: Scream Tail|88\/100|[from] Spikes\n|-status|p2a: Scream Tail|tox\n|move|p1a: Duraludon|Body Press|p2a: Scream Tail\n|-resisted|p2a: Scream Tail\n|-damage|p2a: Scream Tail|84\/100 tox\n|-damage|p1a: Duraludon|36\/100|[from] item: Rocky Helmet|[of] p2a: Scream Tail\n|\n|-heal|p1a: Duraludon|42\/100|[from] item: Leftovers\n|-damage|p2a: Scream Tail|78\/100 tox|[from] psn\n|upkeep\n|turn|24\n|\n|t:|1699323520\n|switch|p1a: Tapu Lele|Tapu Lele|100\/100\n|-fieldstart|move: Psychic Terrain|[from] ability: Psychic Surge|[of] p1a: Tapu Lele\n|move|p2a: Scream Tail|Play Rough|p1a: Tapu Lele\n|-damage|p1a: Tapu Lele|63\/100\n|\n|-damage|p2a: Scream Tail|65\/100 tox|[from] psn\n|upkeep\n|turn|25\n|\n|t:|1699323533\n|move|p1a: Tapu Lele|Moonblast|p2a: Scream Tail\n|-damage|p2a: Scream Tail|9\/100 tox\n|move|p2a: Scream Tail|Body Slam|p1a: Tapu Lele\n|-damage|p1a: Tapu Lele|41\/100\n|\n|-damage|p2a: Scream Tail|0 fnt|[from] psn\n|faint|p2a: Scream Tail\n|-end|p2a: Scream Tail|Protosynthesis|[silent]\n|upkeep\n|\n|t:|1699323541\n|switch|p2a: Kingambit|Kingambit, M, shiny|64\/100\n|-damage|p2a: Kingambit|52\/100|[from] Spikes\n|-activate|p2a: Kingambit|ability: Supreme Overlord\n|-start|p2a: Kingambit|fallen5|[silent]\n|turn|26\n|\n|t:|1699323548\n|move|p2a: Kingambit|Sucker Punch|p1a: Tapu Lele\n|-activate|p1a: Tapu Lele|move: Psychic Terrain\n|move|p1a: Tapu Lele|Moonblast|p2a: Kingambit\n|-damage|p2a: Kingambit|0 fnt\n|faint|p2a: Kingambit\n|-end|p2a: Kingambit|fallen5|[silent]\n|\n|win|Battlejabs\n|l| PKS Leader\n|l|\u2606quokapatrol\n","uploadtime":1699323557,"views":39,"p1id":"battlejabs","p2id":"quokapatrol","formatid":"gen9nationaldexubers","rating":0,"private":0,"password":""}