{"id":"gen9nationaldexubers-1989983143","p1":"ninjamage13","p2":"Pex Hater","format":"[Gen 9] National Dex Ubers","log":"|j|\u2606ninjamage13\n|j|\u2606Pex Hater\n|t:|1699912450\n|gametype|singles\n|player|p1|ninjamage13|pokemonranger-gen6xy|\n|player|p2|Pex Hater|steven|\n|teamsize|p1|6\n|teamsize|p2|6\n|gen|9\n|tier|[Gen 9] National Dex Ubers\n|rule|HP Percentage Mod: HP is shown in percentages\n|rule|Endless Battle Clause: Forcing endless battles is banned\n|rule|OHKO Clause: OHKO moves are banned\n|rule|Evasion Moves Clause: Evasion moves are banned\n|rule|Evasion Items Clause: Evasion items are banned\n|rule|Species Clause: Limit one of each Pok\u00e9mon\n|rule|Sleep Clause Mod: Limit one foe put to sleep\n|rule|Mega Rayquaza Clause: You cannot mega evolve Rayquaza\n|clearpoke\n|poke|p1|Baxcalibur, M|\n|poke|p1|Kingambit, M|\n|poke|p1|Ursaluna-Bloodmoon, M|\n|poke|p1|Zapdos|\n|poke|p1|Alomomola, F|\n|poke|p1|Goodra-Hisui, F|\n|poke|p2|Sneasler, F|\n|poke|p2|Nidoking, M|\n|poke|p2|Okidogi, M|\n|poke|p2|Toxapex, F|\n|poke|p2|Weezing-Galar, F|\n|poke|p2|Clodsire, F|\n|teampreview\n|c|\u2606Pex Hater|gl hf\n|c|\u2606ninjamage13|gl hf\n|\n|t:|1699912492\n|start\n|switch|p1a: KILL THE MOONLIGHT|Ursaluna-Bloodmoon, M|100\/100\n|switch|p2a: Capote|Sneasler, F|100\/100\n|turn|1\n|j| Cold Finally\n|c|\u2606ninjamage13|why sneasler crouchin like that\n|c|\u2606Pex Hater|stinky feet\n|\n|t:|1699912524\n|switch|p1a: I WISH I WAS A...|Alomomola, F|100\/100\n|move|p2a: Capote|U-turn|p1a: I WISH I WAS A...\n|-damage|p1a: I WISH I WAS A...|88\/100\n|-status|p1a: I WISH I WAS A...|psn|[from] ability: Poison Touch|[of] p2a: Capote\n|\n|t:|1699912534\n|switch|p2a: Fluid Sac|Toxapex, F|100\/100|[from] U-turn\n|\n|-damage|p1a: I WISH I WAS A...|76\/100 psn|[from] psn\n|upkeep\n|turn|2\n|\n|t:|1699912577\n|move|p1a: I WISH I WAS A...|Flip Turn|p2a: Fluid Sac\n|-resisted|p2a: Fluid Sac\n|-damage|p2a: Fluid Sac|95\/100\n|\n|t:|1699912590\n|switch|p1a: BAX IN BLACK|Baxcalibur, M|100\/100|[from] Flip Turn\n|move|p2a: Fluid Sac|Toxic Spikes|p1a: BAX IN BLACK\n|-sidestart|p1: ninjamage13|move: Toxic Spikes\n|\n|upkeep\n|turn|3\n|\n|t:|1699912605\n|move|p1a: BAX IN BLACK|Dragon Dance|p1a: BAX IN BLACK\n|-boost|p1a: BAX IN BLACK|atk|1\n|-boost|p1a: BAX IN BLACK|spe|1\n|move|p2a: Fluid Sac|Haze|p2a: Fluid Sac\n|-clearallboost\n|\n|upkeep\n|turn|4\n|\n|t:|1699912609\n|switch|p2a: Sunshower|Weezing-Galar, F|100\/100\n|move|p1a: BAX IN BLACK|Earthquake|p2a: Sunshower\n|-immune|p2a: Sunshower|[from] ability: Levitate\n|\n|upkeep\n|turn|5\n|\n|t:|1699912629\n|switch|p1a: CAPALA|Zapdos|100\/100\n|move|p2a: Sunshower|Strange Steam|p1a: CAPALA\n|-damage|p1a: CAPALA|74\/100\n|\n|upkeep\n|turn|6\n|\n|t:|1699912634\n|move|p1a: CAPALA|Defog|p2a: Sunshower\n|-unboost|p2a: Sunshower|evasion|1\n|-sideend|p1: ninjamage13|Toxic Spikes|[from] move: Defog|[of] p1a: CAPALA\n|move|p2a: Sunshower|Will-O-Wisp|p1a: CAPALA\n|-status|p1a: CAPALA|brn\n|\n|-damage|p1a: CAPALA|67\/100 brn|[from] brn\n|upkeep\n|turn|7\n|\n|t:|1699912646\n|switch|p1a: KILL THE MOONLIGHT|Ursaluna-Bloodmoon, M|100\/100\n|switch|p2a: Pursuance|Clodsire, F|100\/100\n|\n|upkeep\n|turn|8\n|\n|t:|1699912693\n|move|p1a: KILL THE MOONLIGHT|Earth Power|p2a: Pursuance\n|-supereffective|p2a: Pursuance\n|-damage|p2a: Pursuance|42\/100\n|move|p2a: Pursuance|Toxic|p1a: KILL THE MOONLIGHT\n|-status|p1a: KILL THE MOONLIGHT|tox\n|\n|-heal|p2a: Pursuance|48\/100|[from] item: Black Sludge\n|-damage|p1a: KILL THE MOONLIGHT|95\/100 tox|[from] psn\n|upkeep\n|turn|9\n|\n|t:|1699912709\n|-zpower|p1a: KILL THE MOONLIGHT\n|move|p1a: KILL THE MOONLIGHT|Breakneck Blitz|p2a: Pursuance|[zeffect]\n|-damage|p2a: Pursuance|0 fnt\n|faint|p2a: Pursuance\n|\n|-damage|p1a: KILL THE MOONLIGHT|83\/100 tox|[from] psn\n|upkeep\n|\n|t:|1699912712\n|switch|p2a: Hurtily|Okidogi, M|100\/100\n|turn|10\n|\n|t:|1699912736\n|switch|p1a: CAPALA|Zapdos|67\/100 brn\n|move|p2a: Hurtily|Substitute|p2a: Hurtily\n|-start|p2a: Hurtily|Substitute\n|-damage|p2a: Hurtily|75\/100\n|\n|-heal|p2a: Hurtily|82\/100|[from] item: Black Sludge\n|-damage|p1a: CAPALA|61\/100 brn|[from] brn\n|upkeep\n|turn|11\n|\n|t:|1699912745\n|move|p1a: CAPALA|Roost|p1a: CAPALA\n|-heal|p1a: CAPALA|100\/100 brn\n|-singleturn|p1a: CAPALA|move: Roost\n|move|p2a: Hurtily|Bulk Up|p2a: Hurtily\n|-boost|p2a: Hurtily|atk|1\n|-boost|p2a: Hurtily|def|1\n|\n|-heal|p2a: Hurtily|88\/100|[from] item: Black Sludge\n|-damage|p1a: CAPALA|94\/100 brn|[from] brn\n|upkeep\n|turn|12\n|\n|t:|1699912751\n|move|p1a: CAPALA|Hurricane|p2a: Hurtily\n|-supereffective|p2a: Hurtily\n|-end|p2a: Hurtily|Substitute\n|move|p2a: Hurtily|Knock Off|p1a: CAPALA\n|-damage|p1a: CAPALA|60\/100 brn\n|-enditem|p1a: CAPALA|Heavy-Duty Boots|[from] move: Knock Off|[of] p2a: Hurtily\n|\n|-heal|p2a: Hurtily|94\/100|[from] item: Black Sludge\n|-damage|p1a: CAPALA|53\/100 brn|[from] brn\n|upkeep\n|turn|13\n|\n|t:|1699912769\n|switch|p2a: Fluid Sac|Toxapex, F|100\/100\n|move|p1a: CAPALA|Hurricane|p2a: Fluid Sac\n|-damage|p2a: Fluid Sac|62\/100\n|\n|-damage|p1a: CAPALA|47\/100 brn|[from] brn\n|upkeep\n|turn|14\n|\n|t:|1699912774\n|switch|p2a: My Form Empties|Nidoking, M|100\/100\n|move|p1a: CAPALA|Roost|p1a: CAPALA\n|-heal|p1a: CAPALA|97\/100 brn\n|-singleturn|p1a: CAPALA|move: Roost\n|\n|-damage|p1a: CAPALA|91\/100 brn|[from] brn\n|upkeep\n|turn|15\n|\n|t:|1699912792\n|switch|p1a: RAINY TAXI|Goodra-Hisui, F|100\/100\n|move|p2a: My Form Empties|Ice Beam|p1a: RAINY TAXI\n|-damage|p1a: RAINY TAXI|83\/100\n|\n|upkeep\n|turn|16\n|\n|t:|1699912822\n|switch|p2a: Fluid Sac|Toxapex, F|95\/100\n|move|p1a: RAINY TAXI|Draco Meteor|p2a: Fluid Sac\n|-damage|p2a: Fluid Sac|36\/100\n|-unboost|p1a: RAINY TAXI|spa|2\n|\n|upkeep\n|turn|17\n|\n|t:|1699912831\n|switch|p1a: KILL THE MOONLIGHT|Ursaluna-Bloodmoon, M|83\/100 tox\n|move|p2a: Fluid Sac|Recover|p2a: Fluid Sac\n|-heal|p2a: Fluid Sac|86\/100\n|\n|-damage|p1a: KILL THE MOONLIGHT|77\/100 tox|[from] psn\n|upkeep\n|turn|18\n|\n|t:|1699912839\n|switch|p2a: Sunshower|Weezing-Galar, F|100\/100\n|move|p1a: KILL THE MOONLIGHT|Blood Moon|p2a: Sunshower\n|-damage|p2a: Sunshower|0 fnt\n|faint|p2a: Sunshower\n|\n|-damage|p1a: KILL THE MOONLIGHT|65\/100 tox|[from] psn\n|upkeep\n|\n|t:|1699912855\n|switch|p2a: My Form Empties|Nidoking, M|100\/100\n|turn|19\n|\n|t:|1699912872\n|switch|p1a: RAINY TAXI|Goodra-Hisui, F|83\/100\n|move|p2a: My Form Empties|Ice Beam|p1a: RAINY TAXI\n|-damage|p1a: RAINY TAXI|66\/100\n|\n|upkeep\n|turn|20\n|\n|t:|1699912881\n|move|p2a: My Form Empties|Superpower|p1a: RAINY TAXI\n|-supereffective|p1a: RAINY TAXI\n|-damage|p1a: RAINY TAXI|0 fnt\n|-unboost|p2a: My Form Empties|atk|1\n|-unboost|p2a: My Form Empties|def|1\n|faint|p1a: RAINY TAXI\n|-damage|p2a: My Form Empties|91\/100|[from] item: Life Orb\n|\n|upkeep\n|\n|t:|1699912888\n|switch|p1a: BAX IN BLACK|Baxcalibur, M|100\/100\n|turn|21\n|\n|t:|1699912893\n|switch|p2a: Fluid Sac|Toxapex, F|100\/100\n|move|p1a: BAX IN BLACK|Earthquake|p2a: Fluid Sac\n|-supereffective|p2a: Fluid Sac\n|-damage|p2a: Fluid Sac|54\/100\n|\n|upkeep\n|turn|22\n|\n|t:|1699912900\n|move|p1a: BAX IN BLACK|Dragon Dance|p1a: BAX IN BLACK\n|-boost|p1a: BAX IN BLACK|atk|1\n|-boost|p1a: BAX IN BLACK|spe|1\n|-zpower|p2a: Fluid Sac\n|move|p2a: Fluid Sac|Z-Haze|p2a: Fluid Sac|[anim]Haze\n|-heal|p2a: Fluid Sac|100\/100|[zeffect]\n|-clearallboost\n|\n|upkeep\n|turn|23\n|\n|t:|1699912906\n|move|p1a: BAX IN BLACK|Earthquake|p2a: Fluid Sac\n|-supereffective|p2a: Fluid Sac\n|-damage|p2a: Fluid Sac|53\/100\n|move|p2a: Fluid Sac|Haze|p2a: Fluid Sac\n|-clearallboost\n|\n|upkeep\n|turn|24\n|\n|t:|1699912911\n|move|p1a: BAX IN BLACK|Earthquake|p2a: Fluid Sac\n|-supereffective|p2a: Fluid Sac\n|-damage|p2a: Fluid Sac|2\/100\n|move|p2a: Fluid Sac|Haze|p2a: Fluid Sac\n|-clearallboost\n|\n|upkeep\n|turn|25\n|\n|t:|1699912916\n|move|p1a: BAX IN BLACK|Dragon Dance|p1a: BAX IN BLACK\n|-boost|p1a: BAX IN BLACK|atk|1\n|-boost|p1a: BAX IN BLACK|spe|1\n|move|p2a: Fluid Sac|Haze|p2a: Fluid Sac\n|-clearallboost\n|\n|upkeep\n|turn|26\n|\n|t:|1699912921\n|move|p1a: BAX IN BLACK|Dragon Dance|p1a: BAX IN BLACK\n|-boost|p1a: BAX IN BLACK|atk|1\n|-boost|p1a: BAX IN BLACK|spe|1\n|move|p2a: Fluid Sac|Haze|p2a: Fluid Sac\n|-clearallboost\n|\n|upkeep\n|turn|27\n|\n|t:|1699912925\n|move|p1a: BAX IN BLACK|Icicle Spear|p2a: Fluid Sac\n|-resisted|p2a: Fluid Sac\n|-damage|p2a: Fluid Sac|0 fnt\n|faint|p2a: Fluid Sac\n|-hitcount|p2: Fluid Sac|1\n|\n|upkeep\n|\n|t:|1699912932\n|switch|p2a: Capote|Sneasler, F|100\/100\n|turn|28\n|\n|t:|1699912940\n|switch|p1a: I WISH I WAS A...|Alomomola, F|100\/100 psn\n|move|p2a: Capote|Close Combat|p1a: I WISH I WAS A...\n|-damage|p1a: I WISH I WAS A...|65\/100 psn\n|-unboost|p2a: Capote|def|1\n|-unboost|p2a: Capote|spd|1\n|\n|-damage|p1a: I WISH I WAS A...|52\/100 psn|[from] psn\n|upkeep\n|turn|29\n|\n|t:|1699912946\n|switch|p2a: Hurtily|Okidogi, M|94\/100\n|move|p1a: I WISH I WAS A...|Flip Turn|p2a: Hurtily\n|-damage|p2a: Hurtily|81\/100\n|\n|t:|1699912952\n|switch|p1a: CAPALA|Zapdos|91\/100 brn|[from] Flip Turn\n|\n|-heal|p2a: Hurtily|87\/100|[from] item: Black Sludge\n|-damage|p1a: CAPALA|85\/100 brn|[from] brn\n|upkeep\n|turn|30\n|\n|t:|1699912959\n|move|p1a: CAPALA|Hurricane|p2a: Hurtily\n|-supereffective|p2a: Hurtily\n|-damage|p2a: Hurtily|6\/100\n|move|p2a: Hurtily|Substitute|p2a: Hurtily\n|-fail|p2a: Hurtily|move: Substitute|[weak]\n|\n|-heal|p2a: Hurtily|12\/100|[from] item: Black Sludge\n|-damage|p1a: CAPALA|78\/100 brn|[from] brn\n|upkeep\n|turn|31\n|\n|t:|1699912964\n|move|p1a: CAPALA|Volt Switch|p2a: Hurtily\n|-damage|p2a: Hurtily|0 fnt\n|faint|p2a: Hurtily\n|\n|t:|1699912969\n|switch|p1a: BAX IN BLACK|Baxcalibur, M|100\/100|[from] Volt Switch\n|\n|upkeep\n|\n|t:|1699912971\n|switch|p2a: Capote|Sneasler, F|100\/100\n|turn|32\n|\n|t:|1699912985\n|switch|p1a: CAPALA|Zapdos|78\/100 brn\n|move|p2a: Capote|U-turn|p1a: CAPALA\n|-resisted|p1a: CAPALA\n|-damage|p1a: CAPALA|67\/100 brn\n|\n|t:|1699912986\n|switch|p2a: My Form Empties|Nidoking, M|91\/100|[from] U-turn\n|\n|-damage|p1a: CAPALA|60\/100 brn|[from] brn\n|upkeep\n|turn|33\n|\n|t:|1699913004\n|switch|p1a: KILL THE MOONLIGHT|Ursaluna-Bloodmoon, M|65\/100 tox\n|move|p2a: My Form Empties|Sludge Wave|p1a: KILL THE MOONLIGHT\n|-resisted|p1a: KILL THE MOONLIGHT\n|-damage|p1a: KILL THE MOONLIGHT|23\/100 tox\n|\n|-damage|p1a: KILL THE MOONLIGHT|17\/100 tox|[from] psn\n|upkeep\n|turn|34\n|\n|t:|1699913008\n|move|p2a: My Form Empties|Ice Beam|p1a: KILL THE MOONLIGHT\n|-supereffective|p1a: KILL THE MOONLIGHT\n|-damage|p1a: KILL THE MOONLIGHT|0 fnt\n|faint|p1a: KILL THE MOONLIGHT\n|\n|upkeep\n|\n|t:|1699913012\n|switch|p1a: BAX IN BLACK|Baxcalibur, M|100\/100\n|turn|35\n|\n|t:|1699913017\n|move|p2a: My Form Empties|Superpower|p1a: BAX IN BLACK\n|-supereffective|p1a: BAX IN BLACK\n|-damage|p1a: BAX IN BLACK|27\/100\n|-unboost|p2a: My Form Empties|atk|1\n|-unboost|p2a: My Form Empties|def|1\n|-damage|p2a: My Form Empties|81\/100|[from] item: Life Orb\n|move|p1a: BAX IN BLACK|Icicle Spear|p2a: My Form Empties\n|-supereffective|p2a: My Form Empties\n|-damage|p2a: My Form Empties|9\/100\n|-supereffective|p2a: My Form Empties\n|-damage|p2a: My Form Empties|0 fnt\n|faint|p2a: My Form Empties\n|-hitcount|p2: My Form Empties|2\n|\n|upkeep\n|\n|t:|1699913020\n|switch|p2a: Capote|Sneasler, F|100\/100\n|turn|36\n|\n|t:|1699913027\n|move|p2a: Capote|Close Combat|p1a: BAX IN BLACK\n|-supereffective|p1a: BAX IN BLACK\n|-damage|p1a: BAX IN BLACK|0 fnt\n|-unboost|p2a: Capote|def|1\n|-unboost|p2a: Capote|spd|1\n|faint|p1a: BAX IN BLACK\n|\n|upkeep\n|\n|t:|1699913031\n|switch|p1a: I WISH I WAS A...|Alomomola, F|86\/100 psn\n|turn|37\n|\n|t:|1699913033\n|move|p2a: Capote|Close Combat|p1a: I WISH I WAS A...\n|-damage|p1a: I WISH I WAS A...|52\/100 psn\n|-unboost|p2a: Capote|def|1\n|-unboost|p2a: Capote|spd|1\n|move|p1a: I WISH I WAS A...|Wish|p1a: I WISH I WAS A...\n|\n|-damage|p1a: I WISH I WAS A...|39\/100 psn|[from] psn\n|upkeep\n|turn|38\n|c|\u2606Pex Hater|why\n|c|\u2606Pex Hater|do you have to\n|c|\u2606Pex Hater|pp stall me\n|\n|t:|1699913043\n|move|p2a: Capote|Close Combat|p1a: I WISH I WAS A...\n|-damage|p1a: I WISH I WAS A...|5\/100 psn\n|-unboost|p2a: Capote|def|1\n|-unboost|p2a: Capote|spd|1\n|move|p1a: I WISH I WAS A...|Scald|p2a: Capote\n|-damage|p2a: Capote|57\/100\n|\n|-heal|p1a: I WISH I WAS A...|55\/100 psn|[from] move: Wish|[wisher] I WISH I WAS A...\n|-damage|p1a: I WISH I WAS A...|43\/100 psn|[from] psn\n|upkeep\n|turn|39\n|\n|t:|1699913053\n|move|p2a: Capote|Close Combat|p1a: I WISH I WAS A...\n|-damage|p1a: I WISH I WAS A...|9\/100 psn\n|-unboost|p2a: Capote|def|1\n|-unboost|p2a: Capote|spd|1\n|move|p1a: I WISH I WAS A...|Scald|p2a: Capote\n|-damage|p2a: Capote|3\/100\n|\n|-damage|p1a: I WISH I WAS A...|0 fnt|[from] psn\n|faint|p1a: I WISH I WAS A...\n|upkeep\n|\n|t:|1699913061\n|switch|p1a: PARASITE EVE|Kingambit, M|100\/100\n|-activate|p1a: PARASITE EVE|ability: Supreme Overlord\n|-start|p1a: PARASITE EVE|fallen4|[silent]\n|turn|40\n|\n|t:|1699913063\n|move|p1a: PARASITE EVE|Sucker Punch|p2a: Capote\n|-resisted|p2a: Capote\n|-damage|p2a: Capote|0 fnt\n|faint|p2a: Capote\n|\n|win|ninjamage13\n|c|\u2606ninjamage13|gg\n|l| Cold Finally\n","uploadtime":1699913072,"views":19,"p1id":"ninjamage13","p2id":"pexhater","formatid":"gen9nationaldexubers","rating":0,"private":0,"password":""}