{"id":"gen9nationaldexubers-1993427113","p1":"XYZ15","p2":"Weirdmenace","format":"[Gen 9] National Dex Ubers","log":"|j|\u2606XYZ15\n|j|\u2606Weirdmenace\n|t:|1700316478\n|gametype|singles\n|player|p1|XYZ15|rei|1400\n|player|p2|Weirdmenace|caitlin|1333\n|teamsize|p1|6\n|teamsize|p2|6\n|gen|9\n|tier|[Gen 9] National Dex Ubers\n|rated|\n|rule|HP Percentage Mod: HP is shown in percentages\n|rule|Endless Battle Clause: Forcing endless battles is banned\n|rule|OHKO Clause: OHKO moves are banned\n|rule|Evasion Moves Clause: Evasion moves are banned\n|rule|Evasion Items Clause: Evasion items are banned\n|rule|Species Clause: Limit one of each Pok\u00e9mon\n|rule|Sleep Clause Mod: Limit one foe put to sleep\n|rule|Mega Rayquaza Clause: You cannot mega evolve Rayquaza\n|clearpoke\n|poke|p1|Darmanitan-Galar, F|\n|poke|p1|Kyogre|\n|poke|p1|Marshadow|\n|poke|p1|Magearna|\n|poke|p1|Salamence, F|\n|poke|p1|Ho-Oh|\n|poke|p2|Ho-Oh|\n|poke|p2|Zygarde|\n|poke|p2|Marshadow|\n|poke|p2|Groudon|\n|poke|p2|Arceus-Dark|\n|poke|p2|Kyogre|\n|teampreview\n|\n|t:|1700316489\n|start\n|switch|p1a: Gorilla|Darmanitan-Galar, F|100\/100\n|switch|p2a: birdspam|Ho-Oh|100\/100\n|turn|1\n|\n|t:|1700316496\n|move|p1a: Gorilla|U-turn|p2a: birdspam\n|-resisted|p2a: birdspam\n|-damage|p2a: birdspam|94\/100\n|\n|t:|1700316498\n|switch|p1a: Iron Heart|Magearna|100\/100|[from] U-turn\n|move|p2a: birdspam|Sacred Fire|p1a: Iron Heart|[miss]\n|-miss|p2a: birdspam|p1a: Iron Heart\n|\n|upkeep\n|turn|2\n|inactive|Battle timer is ON: inactive players will automatically lose when time's up. (requested by XYZ15)\n|\n|t:|1700316504\n|switch|p1a: Deep|Kyogre|100\/100\n|detailschange|p1a: Deep|Kyogre-Primal\n|-primal|p1a: Deep|Blue Orb\n|-weather|PrimordialSea|[from] ability: Primordial Sea|[of] p1a: Deep\n|move|p2a: birdspam|Sacred Fire||[still]\n|-fail|p2a: birdspam|Sacred Fire|[from] Primordial Sea\n|\n|-weather|PrimordialSea|[upkeep]\n|upkeep\n|turn|3\n|\n|t:|1700316510\n|switch|p2a: kid named eruption|Groudon|100\/100\n|detailschange|p2a: kid named eruption|Groudon-Primal\n|-primal|p2a: kid named eruption|Red Orb\n|-weather|DesolateLand|[from] ability: Desolate Land|[of] p2a: kid named eruption\n|move|p1a: Deep|Origin Pulse||[still]\n|-fail|p1a: Deep|Origin Pulse|[from] Desolate Land\n|\n|-weather|DesolateLand|[upkeep]\n|upkeep\n|turn|4\n|\n|t:|1700316520\n|switch|p1a: Zinnia's Mence|Salamence, F|100\/100\n|-ability|p1a: Zinnia's Mence|Intimidate|boost\n|-unboost|p2a: kid named eruption|atk|1\n|move|p2a: kid named eruption|Stone Edge|p1a: Zinnia's Mence\n|-supereffective|p1a: Zinnia's Mence\n|-damage|p1a: Zinnia's Mence|17\/100\n|\n|-weather|DesolateLand|[upkeep]\n|upkeep\n|turn|5\n|\n|t:|1700316533\n|detailschange|p1a: Zinnia's Mence|Salamence-Mega, F\n|-mega|p1a: Zinnia's Mence|Salamence|Salamencite\n|move|p1a: Zinnia's Mence|Earthquake|p2a: kid named eruption\n|-supereffective|p2a: kid named eruption\n|-damage|p2a: kid named eruption|57\/100\n|move|p2a: kid named eruption|Heat Crash|p1a: Zinnia's Mence\n|-resisted|p1a: Zinnia's Mence\n|-damage|p1a: Zinnia's Mence|0 fnt\n|faint|p1a: Zinnia's Mence\n|\n|-weather|DesolateLand|[upkeep]\n|upkeep\n|\n|t:|1700316537\n|switch|p1a: Gorilla|Darmanitan-Galar, F|100\/100\n|turn|6\n|\n|t:|1700316553\n|-weather|none\n|switch|p2a: birdspam|Ho-Oh|100\/100\n|move|p1a: Gorilla|U-turn|p2a: birdspam\n|-resisted|p2a: birdspam\n|-damage|p2a: birdspam|95\/100\n|\n|t:|1700316556\n|switch|p1a: Deep|Kyogre-Primal|100\/100|[from] U-turn\n|-weather|PrimordialSea|[from] ability: Primordial Sea|[of] p1a: Deep\n|\n|-weather|PrimordialSea|[upkeep]\n|upkeep\n|turn|7\n|\n|t:|1700316564\n|switch|p2a: borzoi|Marshadow|100\/100\n|move|p1a: Deep|Ice Beam|p2a: borzoi\n|-damage|p2a: borzoi|51\/100\n|\n|-weather|PrimordialSea|[upkeep]\n|upkeep\n|turn|8\n|\n|t:|1700316580\n|-weather|none\n|switch|p1a: Ho-Oh The Great|Ho-Oh|100\/100\n|-terastallize|p2a: borzoi|Ghost\n|move|p2a: borzoi|Spectral Thief|p1a: Ho-Oh The Great\n|-damage|p1a: Ho-Oh The Great|21\/100\n|\n|upkeep\n|turn|9\n|inactive|XYZ15 has 120 seconds left.\n|\n|t:|1700316614\n|move|p2a: borzoi|Spectral Thief|p1a: Ho-Oh The Great\n|-damage|p1a: Ho-Oh The Great|0 fnt\n|faint|p1a: Ho-Oh The Great\n|\n|upkeep\n|\n|t:|1700316616\n|switch|p1a: Shadow|Marshadow|100\/100\n|turn|10\n|\n|t:|1700316623\n|switch|p2a: looks at you funny|Zygarde|100\/100\n|move|p1a: Shadow|Shadow Sneak|p2a: looks at you funny\n|-damage|p2a: looks at you funny|83\/100\n|\n|upkeep\n|turn|11\n|\n|t:|1700316627\n|move|p1a: Shadow|Substitute|p1a: Shadow\n|-start|p1a: Shadow|Substitute\n|-damage|p1a: Shadow|76\/100\n|move|p2a: looks at you funny|Thousand Arrows|p1a: Shadow\n|-end|p1a: Shadow|Substitute\n|\n|upkeep\n|turn|12\n|\n|t:|1700316636\n|-zpower|p1a: Shadow\n|move|p1a: Shadow|All-Out Pummeling|p2a: looks at you funny|[zeffect]\n|-damage|p2a: looks at you funny|40\/100\n|move|p2a: looks at you funny|Thousand Arrows|p1a: Shadow\n|-damage|p1a: Shadow|31\/100\n|\n|-activate|p2a: looks at you funny|ability: Power Construct\n|detailschange|p2a: looks at you funny|Zygarde-Complete\n|-heal|p2a: looks at you funny|60\/100|[silent]\n|upkeep\n|turn|13\n|\n|t:|1700316651\n|switch|p1a: Gorilla|Darmanitan-Galar, F|100\/100\n|move|p2a: looks at you funny|Thousand Arrows|p1a: Gorilla\n|-damage|p1a: Gorilla|47\/100\n|\n|upkeep\n|turn|14\n|\n|t:|1700316659\n|switch|p2a: goldfish crackers|Kyogre|100\/100\n|detailschange|p2a: goldfish crackers|Kyogre-Primal\n|-primal|p2a: goldfish crackers|Blue Orb\n|-weather|PrimordialSea|[from] ability: Primordial Sea|[of] p2a: goldfish crackers\n|move|p1a: Gorilla|Icicle Crash|p2a: goldfish crackers\n|-resisted|p2a: goldfish crackers\n|-damage|p2a: goldfish crackers|71\/100\n|\n|-weather|PrimordialSea|[upkeep]\n|upkeep\n|turn|15\n|\n|t:|1700316669\n|switch|p1a: Iron Heart|Magearna|100\/100\n|move|p2a: goldfish crackers|Thunder|p1a: Iron Heart\n|-damage|p1a: Iron Heart|77\/100\n|\n|-weather|PrimordialSea|[upkeep]\n|upkeep\n|turn|16\n|\n|t:|1700316676\n|-weather|none\n|switch|p2a: birdspam|Ho-Oh|100\/100\n|move|p1a: Iron Heart|Volt Switch|p2a: birdspam\n|-supereffective|p2a: birdspam\n|-damage|p2a: birdspam|73\/100\n|\n|t:|1700316680\n|switch|p1a: Gorilla|Darmanitan-Galar, F|47\/100|[from] Volt Switch\n|\n|upkeep\n|turn|17\n|\n|t:|1700316686\n|switch|p2a: BKC|Arceus-Dark|100\/100\n|move|p1a: Gorilla|U-turn|p2a: BKC\n|-supereffective|p2a: BKC\n|-damage|p2a: BKC|49\/100\n|\n|t:|1700316690\n|switch|p1a: Shadow|Marshadow|31\/100|[from] U-turn\n|\n|upkeep\n|turn|18\n|\n|t:|1700316694\n|move|p1a: Shadow|Drain Punch|p2a: BKC\n|-supereffective|p2a: BKC\n|-damage|p2a: BKC|0 fnt\n|-heal|p1a: Shadow|65\/100|[from] drain|[of] p2a: BKC\n|faint|p2a: BKC\n|\n|upkeep\n|\n|t:|1700316705\n|switch|p2a: kid named eruption|Groudon-Primal|57\/100\n|-weather|DesolateLand|[from] ability: Desolate Land|[of] p2a: kid named eruption\n|turn|19\n|\n|t:|1700316719\n|move|p1a: Shadow|Spectral Thief|p2a: kid named eruption\n|-damage|p2a: kid named eruption|31\/100\n|move|p2a: kid named eruption|Precipice Blades|p1a: Shadow|[miss]\n|-miss|p2a: kid named eruption|p1a: Shadow\n|\n|-weather|DesolateLand|[upkeep]\n|upkeep\n|turn|20\n|\n|t:|1700316727\n|move|p1a: Shadow|Substitute|p1a: Shadow\n|-start|p1a: Shadow|Substitute\n|-damage|p1a: Shadow|40\/100\n|move|p2a: kid named eruption|Precipice Blades|p1a: Shadow\n|-end|p1a: Shadow|Substitute\n|\n|-weather|DesolateLand|[upkeep]\n|upkeep\n|turn|21\n|\n|t:|1700316731\n|move|p1a: Shadow|Substitute|p1a: Shadow\n|-start|p1a: Shadow|Substitute\n|-damage|p1a: Shadow|15\/100\n|move|p2a: kid named eruption|Precipice Blades|p1a: Shadow\n|-crit|p1a: Shadow\n|-end|p1a: Shadow|Substitute\n|\n|-weather|DesolateLand|[upkeep]\n|upkeep\n|turn|22\n|\n|t:|1700316735\n|move|p1a: Shadow|Spectral Thief|p2a: kid named eruption\n|-damage|p2a: kid named eruption|3\/100\n|move|p2a: kid named eruption|Precipice Blades|p1a: Shadow\n|-damage|p1a: Shadow|0 fnt\n|faint|p1a: Shadow\n|\n|-weather|DesolateLand|[upkeep]\n|upkeep\n|\n|t:|1700316737\n|switch|p1a: Gorilla|Darmanitan-Galar, F|47\/100\n|turn|23\n|\n|t:|1700316740\n|move|p1a: Gorilla|U-turn|p2a: kid named eruption\n|-resisted|p2a: kid named eruption\n|-damage|p2a: kid named eruption|0 fnt\n|faint|p2a: kid named eruption\n|-weather|none\n|\n|t:|1700316746\n|switch|p1a: Deep|Kyogre-Primal|100\/100|[from] U-turn\n|-weather|PrimordialSea|[from] ability: Primordial Sea|[of] p1a: Deep\n|\n|-weather|PrimordialSea|[upkeep]\n|upkeep\n|\n|t:|1700316753\n|switch|p2a: borzoi|Marshadow, tera:Ghost|51\/100\n|turn|24\n|\n|t:|1700316760\n|move|p2a: borzoi|Spectral Thief|p1a: Deep\n|-damage|p1a: Deep|21\/100\n|move|p1a: Deep|Thunder|p2a: borzoi\n|-damage|p2a: borzoi|0 fnt\n|faint|p2a: borzoi\n|\n|-weather|PrimordialSea|[upkeep]\n|upkeep\n|\n|t:|1700316776\n|switch|p2a: goldfish crackers|Kyogre-Primal|71\/100\n|turn|25\n|\n|t:|1700316794\n|move|p2a: goldfish crackers|Thunder|p1a: Deep\n|-supereffective|p1a: Deep\n|-crit|p1a: Deep\n|-damage|p1a: Deep|0 fnt\n|faint|p1a: Deep\n|\n|-weather|PrimordialSea|[upkeep]\n|upkeep\n|\n|t:|1700316797\n|switch|p1a: Iron Heart|Magearna|77\/100\n|turn|26\n|\n|t:|1700316805\n|move|p2a: goldfish crackers|Calm Mind|p2a: goldfish crackers\n|-boost|p2a: goldfish crackers|spa|1\n|-boost|p2a: goldfish crackers|spd|1\n|move|p1a: Iron Heart|Volt Switch|p2a: goldfish crackers\n|-supereffective|p2a: goldfish crackers\n|-damage|p2a: goldfish crackers|52\/100\n|\n|t:|1700316807\n|switch|p1a: Gorilla|Darmanitan-Galar, F|47\/100|[from] Volt Switch\n|\n|-weather|PrimordialSea|[upkeep]\n|upkeep\n|turn|27\n|\n|t:|1700316810\n|-terastallize|p1a: Gorilla|Ground\n|move|p1a: Gorilla|Earthquake|p2a: goldfish crackers\n|-damage|p2a: goldfish crackers|0 fnt\n|faint|p2a: goldfish crackers\n|-weather|none\n|\n|upkeep\n|\n|t:|1700316816\n|switch|p2a: birdspam|Ho-Oh|100\/100\n|turn|28\n|\n|t:|1700316820\n|switch|p1a: Iron Heart|Magearna|77\/100\n|move|p2a: birdspam|Sacred Fire|p1a: Iron Heart\n|-supereffective|p1a: Iron Heart\n|-damage|p1a: Iron Heart|7\/100\n|\n|upkeep\n|turn|29\n|\n|t:|1700316826\n|move|p2a: birdspam|Sacred Fire|p1a: Iron Heart\n|-supereffective|p1a: Iron Heart\n|-damage|p1a: Iron Heart|0 fnt\n|faint|p1a: Iron Heart\n|\n|upkeep\n|\n|t:|1700316828\n|switch|p1a: Gorilla|Darmanitan-Galar, F, tera:Ground|47\/100\n|turn|30\n|\n|t:|1700316831\n|switch|p2a: looks at you funny|Zygarde-Complete|60\/100\n|move|p1a: Gorilla|Icicle Crash|p2a: looks at you funny\n|-supereffective|p2a: looks at you funny\n|-damage|p2a: looks at you funny|0 fnt\n|faint|p2a: looks at you funny\n|\n|upkeep\n|\n|t:|1700316835\n|switch|p2a: birdspam|Ho-Oh|100\/100\n|turn|31\n|\n|t:|1700316837\n|move|p1a: Gorilla|Icicle Crash|p2a: birdspam\n|-damage|p2a: birdspam|58\/100\n|cant|p2a: birdspam|flinch\n|\n|upkeep\n|turn|32\n|\n|t:|1700316842\n|move|p1a: Gorilla|Icicle Crash|p2a: birdspam\n|-damage|p2a: birdspam|14\/100\n|move|p2a: birdspam|Sacred Fire|p1a: Gorilla|[miss]\n|-miss|p2a: birdspam|p1a: Gorilla\n|\n|upkeep\n|turn|33\n|-message|Weirdmenace forfeited.\n|\n|win|XYZ15\n|raw|XYZ15's rating: 1400 &rarr; <strong>1416<\/strong><br \/>(+16 for winning)\n|raw|Weirdmenace's rating: 1333 &rarr; <strong>1317<\/strong><br \/>(-16 for losing)\n|l|\u2606Weirdmenace\n|l|\u2606XYZ15\n","uploadtime":1700317005,"views":8,"p1id":"xyz15","p2id":"weirdmenace","formatid":"gen9nationaldexubers","rating":1317,"private":0,"password":""}