{"id":"gen9nationaldexubers-2000292571","p1":"garrettj6","p2":"Gtg g u2","format":"[Gen 9] National Dex Ubers","log":"|j|\u203dgarrettj6\n|j|\u2606Gtg g u2\n|t:|1701182053\n|gametype|singles\n|player|p1|garrettj6|170|1187\n|player|p2|Gtg g u2|chase|1120\n|teamsize|p1|6\n|teamsize|p2|6\n|gen|9\n|tier|[Gen 9] National Dex Ubers\n|rated|\n|rule|HP Percentage Mod: HP is shown in percentages\n|rule|Endless Battle Clause: Forcing endless battles is banned\n|rule|OHKO Clause: OHKO moves are banned\n|rule|Evasion Moves Clause: Evasion moves are banned\n|rule|Evasion Items Clause: Evasion items are banned\n|rule|Species Clause: Limit one of each Pok\u00e9mon\n|rule|Sleep Clause Mod: Limit one foe put to sleep\n|rule|Mega Rayquaza Clause: You cannot mega evolve Rayquaza\n|clearpoke\n|poke|p1|Marshadow|\n|poke|p1|Glimmora, F|\n|poke|p1|Ogerpon-Hearthflame, F|\n|poke|p1|Urshifu-*, M|\n|poke|p1|Arceus-Electric|\n|poke|p1|Kyogre|\n|poke|p2|Pikachu, M|\n|poke|p2|Kleavor, M|\n|poke|p2|Gengar, M|\n|poke|p2|Lucario, M|\n|poke|p2|Flygon, F|\n|poke|p2|Melmetal|\n|teampreview\n|inactive|Battle timer is ON: inactive players will automatically lose when time's up. (requested by Gtg g u2)\n|\n|t:|1701182061\n|start\n|switch|p1a: Glimmora|Glimmora, F|100\/100\n|switch|p2a: Melmetal|Melmetal|100\/100\n|turn|1\n|\n|t:|1701182064\n|move|p1a: Glimmora|Spikes|p2a: Melmetal\n|-sidestart|p2: Gtg g u2|Spikes\n|move|p2a: Melmetal|Double Iron Bash|p1a: Glimmora\n|-supereffective|p1a: Glimmora\n|-damage|p1a: Glimmora|23\/100\n|-activate|p1a: Glimmora|ability: Toxic Debris\n|-sidestart|p2: Gtg g u2|move: Toxic Spikes\n|-supereffective|p1a: Glimmora\n|-damage|p1a: Glimmora|0 fnt\n|-activate|p1a: Glimmora|ability: Toxic Debris\n|-sidestart|p2: Gtg g u2|move: Toxic Spikes\n|faint|p1a: Glimmora\n|-hitcount|p1: Glimmora|2\n|\n|upkeep\n|\n|t:|1701182069\n|switch|p1a: Marshadow|Marshadow|100\/100\n|turn|2\n|\n|t:|1701182073\n|move|p1a: Marshadow|Drain Punch|p2a: Melmetal\n|-supereffective|p2a: Melmetal\n|-damage|p2a: Melmetal|58\/100\n|move|p2a: Melmetal|Double Iron Bash|p1a: Marshadow\n|-damage|p1a: Marshadow|47\/100\n|-damage|p1a: Marshadow|0 fnt\n|faint|p1a: Marshadow\n|-hitcount|p1: Marshadow|2\n|\n|upkeep\n|\n|t:|1701182077\n|switch|p1a: Ogerpon|Ogerpon-Hearthflame, F|100\/100\n|-ability|p1a: Ogerpon|Mold Breaker\n|turn|3\n|\n|t:|1701182085\n|move|p1a: Ogerpon|Ivy Cudgel|p2a: Melmetal|[anim] Ivy Cudgel Fire\n|-supereffective|p2a: Melmetal\n|-damage|p2a: Melmetal|0 fnt\n|faint|p2a: Melmetal\n|\n|upkeep\n|\n|t:|1701182088\n|switch|p2a: Gengar|Gengar, M|100\/100\n|-damage|p2a: Gengar|88\/100|[from] Spikes\n|-sideend|p2: Gtg g u2|move: Toxic Spikes|[of] p2a: Gengar\n|turn|4\n|\n|t:|1701182090\n|move|p2a: Gengar|Sludge Bomb|p1a: Ogerpon\n|-supereffective|p1a: Ogerpon\n|-damage|p1a: Ogerpon|0 fnt\n|faint|p1a: Ogerpon\n|\n|upkeep\n|\n|t:|1701182094\n|switch|p1a: Urshifu|Urshifu-Rapid-Strike, M|100\/100\n|turn|5\n|\n|t:|1701182096\n|move|p2a: Gengar|Thunderbolt|p1a: Urshifu\n|-supereffective|p1a: Urshifu\n|-damage|p1a: Urshifu|52\/100\n|move|p1a: Urshifu|Surging Strikes|p2a: Gengar\n|-crit|p2a: Gengar\n|-damage|p2a: Gengar|50\/100\n|-crit|p2a: Gengar\n|-damage|p2a: Gengar|8\/100\n|-crit|p2a: Gengar\n|-damage|p2a: Gengar|0 fnt\n|faint|p2a: Gengar\n|-hitcount|p2: Gengar|3\n|\n|upkeep\n|\n|t:|1701182102\n|switch|p2a: Flygon|Flygon, F|100\/100\n|turn|6\n|\n|t:|1701182109\n|move|p2a: Flygon|Dragon Dance|p2a: Flygon\n|-boost|p2a: Flygon|atk|1\n|-boost|p2a: Flygon|spe|1\n|move|p1a: Urshifu|Surging Strikes|p2a: Flygon\n|-crit|p2a: Flygon\n|-damage|p2a: Flygon|75\/100\n|-crit|p2a: Flygon\n|-damage|p2a: Flygon|47\/100\n|-crit|p2a: Flygon\n|-damage|p2a: Flygon|17\/100\n|-hitcount|p2a: Flygon|3\n|\n|upkeep\n|turn|7\n|\n|t:|1701182111\n|move|p1a: Urshifu|Aqua Jet|p2a: Flygon\n|-damage|p2a: Flygon|0 fnt\n|faint|p2a: Flygon\n|\n|upkeep\n|\n|t:|1701182114\n|switch|p2a: Lucario|Lucario, M|100\/100\n|-damage|p2a: Lucario|88\/100|[from] Spikes\n|turn|8\n|\n|t:|1701182119\n|detailschange|p2a: Lucario|Lucario-Mega, M\n|-mega|p2a: Lucario|Lucario|Lucarionite\n|move|p2a: Lucario|Aura Sphere|p1a: Urshifu\n|-damage|p1a: Urshifu|0 fnt\n|faint|p1a: Urshifu\n|\n|upkeep\n|\n|t:|1701182122\n|switch|p1a: Arceus|Arceus-Electric|100\/100\n|turn|9\n|\n|t:|1701182135\n|-terastallize|p1a: Arceus|Flying\n|move|p2a: Lucario|Dark Pulse|p1a: Arceus\n|-damage|p1a: Arceus|80\/100\n|move|p1a: Arceus|Judgment|p2a: Lucario\n|-damage|p2a: Lucario|0 fnt\n|faint|p2a: Lucario\n|\n|upkeep\n|\n|t:|1701182138\n|switch|p2a: Pikachu|Pikachu, M|100\/100\n|-damage|p2a: Pikachu|88\/100|[from] Spikes\n|turn|10\n|\n|t:|1701182152\n|move|p2a: Pikachu|Thunderbolt|p1a: Arceus\n|-supereffective|p1a: Arceus\n|-damage|p1a: Arceus|36\/100\n|move|p1a: Arceus|Dazzling Gleam|p2a: Pikachu\n|-damage|p2a: Pikachu|1\/100\n|\n|upkeep\n|turn|11\n|\n|t:|1701182156\n|move|p2a: Pikachu|Thunderbolt|p1a: Arceus\n|-supereffective|p1a: Arceus\n|-damage|p1a: Arceus|0 fnt\n|faint|p1a: Arceus\n|\n|upkeep\n|\n|t:|1701182158\n|switch|p1a: Kyogre|Kyogre|100\/100\n|detailschange|p1a: Kyogre|Kyogre-Primal\n|-primal|p1a: Kyogre|Blue Orb\n|-weather|PrimordialSea|[from] ability: Primordial Sea|[of] p1a: Kyogre\n|turn|12\n|\n|t:|1701182162\n|move|p1a: Kyogre|Ancient Power|p2a: Pikachu\n|-damage|p2a: Pikachu|0 fnt\n|faint|p2a: Pikachu\n|\n|-weather|PrimordialSea|[upkeep]\n|upkeep\n|\n|t:|1701182164\n|switch|p2a: Kleavor|Kleavor, M|100\/100\n|turn|13\n|\n|t:|1701182170\n|-terastallize|p2a: Kleavor|Fighting\n|move|p1a: Kyogre|Blizzard|p2a: Kleavor\n|-damage|p2a: Kleavor|18\/100\n|move|p2a: Kleavor|Pounce|p1a: Kyogre\n|-damage|p1a: Kyogre|67\/100\n|-unboost|p1a: Kyogre|spe|1\n|\n|-weather|PrimordialSea|[upkeep]\n|upkeep\n|turn|14\n|\n|t:|1701182174\n|move|p2a: Kleavor|Stone Axe|p1a: Kyogre\n|-damage|p1a: Kyogre|2\/100\n|-sidestart|p1: garrettj6|move: Stealth Rock\n|move|p1a: Kyogre|Water Spout|p2a: Kleavor\n|-damage|p2a: Kleavor|15\/100\n|\n|-weather|PrimordialSea|[upkeep]\n|upkeep\n|turn|15\n|\n|t:|1701182184\n|move|p2a: Kleavor|Pounce|p1a: Kyogre\n|-damage|p1a: Kyogre|0 fnt\n|faint|p1a: Kyogre\n|-weather|none\n|\n|win|Gtg g u2\n|raw|garrettj6's rating: 1187 &rarr; <strong>1157<\/strong><br \/>(-30 for losing)\n|raw|Gtg g u2's rating: 1120 &rarr; <strong>1150<\/strong><br \/>(+30 for winning)\n","uploadtime":1701182188,"views":1,"p1id":"garrettj6","p2id":"gtggu2","formatid":"gen9nationaldexubers","rating":1150,"private":0,"password":""}