{"id":"gen9nationaldexubers-1985967668","p1":"ServiperSweep","p2":"EdgarASP","format":"[Gen 9] National Dex Ubers","log":"|j|\u2606ServiperSweep\n|j|\u2606EdgarASP\n|t:|1699431338\n|gametype|singles\n|player|p1|ServiperSweep|cynthia-gen4|\n|player|p2|EdgarASP|acetrainerf-gen4|\n|teamsize|p1|6\n|teamsize|p2|6\n|gen|9\n|tier|[Gen 9] National Dex Ubers\n|rule|HP Percentage Mod: HP is shown in percentages\n|rule|Endless Battle Clause: Forcing endless battles is banned\n|rule|OHKO Clause: OHKO moves are banned\n|rule|Evasion Moves Clause: Evasion moves are banned\n|rule|Evasion Items Clause: Evasion items are banned\n|rule|Species Clause: Limit one of each Pok\u00e9mon\n|rule|Sleep Clause Mod: Limit one foe put to sleep\n|rule|Mega Rayquaza Clause: You cannot mega evolve Rayquaza\n|clearpoke\n|poke|p1|Great Tusk|\n|poke|p1|Gholdengo|\n|poke|p1|Tyranitar, M|\n|poke|p1|Serperior, F|\n|poke|p1|Garganacl, F|\n|poke|p1|Skeledirge, M|\n|poke|p2|Cobalion|\n|poke|p2|Iron Valiant|\n|poke|p2|Hatterene, F|\n|poke|p2|Empoleon, F|\n|poke|p2|Goodra, M|\n|poke|p2|Iron Thorns|\n|teampreview\n|j| Maribar\n|j| SkywardSD\n|l|\u2606EdgarASP\n|player|p2|\n|j|\u2606EdgarASP\n|player|p2|EdgarASP|acetrainerf-gen4\n|\n|t:|1699431411\n|start\n|switch|p1a: Default|Garganacl, F|100\/100\n|switch|p2a: Hatterene|Hatterene, F|100\/100\n|turn|1\n|\n|t:|1699431428\n|switch|p2a: Iron Valiant|Iron Valiant|100\/100\n|-enditem|p2a: Iron Valiant|Booster Energy\n|-activate|p2a: Iron Valiant|ability: Quark Drive|[fromitem]\n|-start|p2a: Iron Valiant|quarkdrivespe\n|move|p1a: Default|Salt Cure|p2a: Iron Valiant\n|-resisted|p2a: Iron Valiant\n|-damage|p2a: Iron Valiant|91\/100\n|-start|p2a: Iron Valiant|Salt Cure\n|\n|-damage|p2a: Iron Valiant|79\/100|[from] Salt Cure\n|upkeep\n|turn|2\n|\n|t:|1699431469\n|-terastallize|p2a: Iron Valiant|Ground\n|move|p1a: Default|Protect|p1a: Default\n|-singleturn|p1a: Default|Protect\n|move|p2a: Iron Valiant|Tera Blast|p1a: Default|[anim] Tera Blast Ground\n|-activate|p1a: Default|move: Protect\n|\n|-damage|p2a: Iron Valiant|66\/100|[from] Salt Cure\n|upkeep\n|turn|3\n|\n|t:|1699431488\n|move|p2a: Iron Valiant|Tera Blast|p1a: Default|[anim] Tera Blast Ground\n|-supereffective|p1a: Default\n|-damage|p1a: Default|45\/100\n|move|p1a: Default|Recover|p1a: Default\n|-heal|p1a: Default|95\/100\n|\n|-heal|p1a: Default|100\/100|[from] item: Leftovers\n|-damage|p2a: Iron Valiant|54\/100|[from] Salt Cure\n|upkeep\n|turn|4\n|\n|t:|1699431503\n|move|p1a: Default|Protect|p1a: Default\n|-singleturn|p1a: Default|Protect\n|move|p2a: Iron Valiant|Close Combat|p1a: Default\n|-activate|p1a: Default|move: Protect\n|\n|-damage|p2a: Iron Valiant|41\/100|[from] Salt Cure\n|upkeep\n|turn|5\n|\n|t:|1699431529\n|-end|p2a: Iron Valiant|Quark Drive|[silent]\n|switch|p2a: Goodra|Goodra, M|100\/100\n|move|p1a: Default|Salt Cure|p2a: Goodra\n|-damage|p2a: Goodra|86\/100\n|-start|p2a: Goodra|Salt Cure\n|\n|-damage|p2a: Goodra|74\/100|[from] Salt Cure\n|upkeep\n|turn|6\n|\n|t:|1699431539\n|move|p2a: Goodra|Knock Off|p1a: Default\n|-damage|p1a: Default|80\/100\n|-enditem|p1a: Default|Leftovers|[from] move: Knock Off|[of] p2a: Goodra\n|move|p1a: Default|Stealth Rock|p2a: Goodra\n|-sidestart|p2: EdgarASP|move: Stealth Rock\n|\n|-damage|p2a: Goodra|61\/100|[from] Salt Cure\n|upkeep\n|turn|7\n|\n|t:|1699431548\n|switch|p2a: Hatterene|Hatterene, F|100\/100\n|-damage|p2a: Hatterene|88\/100|[from] Stealth Rock\n|move|p1a: Default|Recover|p1a: Default\n|-heal|p1a: Default|100\/100\n|\n|-heal|p2a: Hatterene|94\/100|[from] item: Leftovers\n|upkeep\n|turn|8\n|\n|t:|1699431562\n|move|p1a: Default|Salt Cure|p2a: Hatterene\n|-damage|p2a: Hatterene|79\/100\n|-start|p2a: Hatterene|Salt Cure\n|move|p2a: Hatterene|Calm Mind|p2a: Hatterene\n|-boost|p2a: Hatterene|spa|1\n|-boost|p2a: Hatterene|spd|1\n|\n|-heal|p2a: Hatterene|85\/100|[from] item: Leftovers\n|-damage|p2a: Hatterene|73\/100|[from] Salt Cure\n|upkeep\n|turn|9\n|l|\u2606EdgarASP\n|player|p2|\n|l| SkywardSD\n|j|\u2606EdgarASP\n|player|p2|EdgarASP|acetrainerf-gen4\n|\n|t:|1699431810\n|switch|p1a: Tyranitar|Tyranitar, M|100\/100\n|-weather|Sandstorm|[from] ability: Sand Stream|[of] p1a: Tyranitar\n|move|p2a: Hatterene|Calm Mind|p2a: Hatterene\n|-boost|p2a: Hatterene|spa|1\n|-boost|p2a: Hatterene|spd|1\n|\n|-weather|Sandstorm|[upkeep]\n|-damage|p2a: Hatterene|67\/100|[from] Sandstorm\n|-heal|p2a: Hatterene|73\/100|[from] item: Leftovers\n|-damage|p2a: Hatterene|61\/100|[from] Salt Cure\n|upkeep\n|turn|10\n|j| SkywardSD\n|\n|t:|1699431872\n|switch|p2a: Empoleon|Empoleon, F|100\/100\n|detailschange|p1a: Tyranitar|Tyranitar-Mega, M\n|-mega|p1a: Tyranitar|Tyranitar|Tyranitarite\n|move|p1a: Tyranitar|Stone Edge|p2a: Empoleon\n|-resisted|p2a: Empoleon\n|-damage|p2a: Empoleon|67\/100\n|\n|-weather|Sandstorm|[upkeep]\n|upkeep\n|turn|11\n|\n|t:|1699431886\n|move|p1a: Tyranitar|Superpower|p2a: Empoleon\n|-supereffective|p2a: Empoleon\n|-damage|p2a: Empoleon|0 fnt\n|-unboost|p1a: Tyranitar|atk|1\n|-unboost|p1a: Tyranitar|def|1\n|faint|p2a: Empoleon\n|\n|-weather|Sandstorm|[upkeep]\n|upkeep\n|\n|t:|1699431904\n|switch|p2a: Iron Valiant|Iron Valiant, tera:Ground|41\/100\n|-damage|p2a: Iron Valiant|35\/100|[from] Stealth Rock\n|turn|12\n|\n|t:|1699431930\n|switch|p1a: Skeledirge|Skeledirge, M|100\/100\n|move|p2a: Iron Valiant|Tera Blast|p1a: Skeledirge|[anim] Tera Blast Ground\n|-supereffective|p1a: Skeledirge\n|-damage|p1a: Skeledirge|44\/100\n|\n|-weather|Sandstorm|[upkeep]\n|-damage|p1a: Skeledirge|37\/100|[from] Sandstorm\n|upkeep\n|turn|13\n|\n|t:|1699431941\n|-terastallize|p1a: Skeledirge|Fairy\n|move|p2a: Iron Valiant|Tera Blast|p1a: Skeledirge|[anim] Tera Blast Ground\n|-damage|p1a: Skeledirge|10\/100\n|move|p1a: Skeledirge|Torch Song|p2a: Iron Valiant\n|-damage|p2a: Iron Valiant|0 fnt\n|-boost|p1a: Skeledirge|spa|1\n|faint|p2a: Iron Valiant\n|-end|p2a: Iron Valiant|Quark Drive|[silent]\n|\n|-weather|none\n|upkeep\n|\n|t:|1699431953\n|switch|p2a: Cobalion|Cobalion|100\/100\n|-damage|p2a: Cobalion|97\/100|[from] Stealth Rock\n|turn|14\n|\n|t:|1699431982\n|switch|p1a: Gholdengo|Gholdengo|100\/100\n|move|p2a: Cobalion|Iron Head|p1a: Gholdengo\n|-resisted|p1a: Gholdengo\n|-damage|p1a: Gholdengo|82\/100\n|\n|upkeep\n|turn|15\n|\n|t:|1699432092\n|move|p2a: Cobalion|Swords Dance|p2a: Cobalion\n|-boost|p2a: Cobalion|atk|2\n|move|p1a: Gholdengo|Shadow Ball|p2a: Cobalion\n|-damage|p2a: Cobalion|5\/100\n|\n|upkeep\n|turn|16\n|\n|t:|1699432114\n|switch|p2a: Hatterene|Hatterene, F|61\/100\n|-damage|p2a: Hatterene|49\/100|[from] Stealth Rock\n|move|p1a: Gholdengo|Shadow Ball|p2a: Hatterene\n|-supereffective|p2a: Hatterene\n|-damage|p2a: Hatterene|0 fnt\n|faint|p2a: Hatterene\n|\n|upkeep\n|-message|EdgarASP forfeited.\n|\n|win|ServiperSweep\n|l|\u2606EdgarASP\n","uploadtime":1699432165,"views":34,"p1id":"servipersweep","p2id":"edgarasp","formatid":"gen9nationaldexubers","rating":0,"private":0,"password":""}