{"id":"gen9nationaldexubers-1985100045","p1":"SaintZoroark","p2":"Big Old Wang","format":"[Gen 9] National Dex Ubers","log":"|j|\u2606SaintZoroark\n|j|\u2606Big Old Wang\n|t:|1699330811\n|gametype|singles\n|player|p1|SaintZoroark|ethan|\n|player|p2|Big Old Wang|169|\n|teamsize|p1|6\n|teamsize|p2|6\n|gen|9\n|tier|[Gen 9] National Dex Ubers\n|rule|HP Percentage Mod: HP is shown in percentages\n|rule|Endless Battle Clause: Forcing endless battles is banned\n|rule|OHKO Clause: OHKO moves are banned\n|rule|Evasion Moves Clause: Evasion moves are banned\n|rule|Evasion Items Clause: Evasion items are banned\n|rule|Species Clause: Limit one of each Pok\u00e9mon\n|rule|Sleep Clause Mod: Limit one foe put to sleep\n|rule|Mega Rayquaza Clause: You cannot mega evolve Rayquaza\n|clearpoke\n|poke|p1|Thundurus, M|\n|poke|p1|Hydreigon, F|\n|poke|p1|Tyranitar, F|\n|poke|p1|Excadrill, M|\n|poke|p1|Amoonguss, M|\n|poke|p1|Crustle, M|\n|poke|p2|Annihilape, F|\n|poke|p2|Baxcalibur, M|\n|poke|p2|Rotom-Wash|\n|poke|p2|Ninetales-Alola, F|\n|poke|p2|Slowking-Galar, F|\n|poke|p2|Darmanitan-Galar, F|\n|teampreview\n|j| StanchYeti\n|j| Aloe Vera Plant\n|\n|t:|1699330832\n|start\n|switch|p1a: Will Smith|Thundurus, M|100\/100\n|switch|p2a: Zen Monke|Darmanitan-Galar, F|100\/100\n|turn|1\n|\n|t:|1699330850\n|switch|p2a: scRotom-Wash|Rotom-Wash, shiny|100\/100\n|move|p1a: Will Smith|Taunt|p2a: scRotom-Wash\n|-start|p2a: scRotom-Wash|move: Taunt\n|\n|upkeep\n|turn|2\n|\n|t:|1699330857\n|move|p1a: Will Smith|Volt Switch|p2a: scRotom-Wash\n|-crit|p2a: scRotom-Wash\n|-damage|p2a: scRotom-Wash|44\/100\n|\n|t:|1699330864\n|switch|p1a: Imposter|Amoonguss, M|100\/100|[from] Volt Switch\n|move|p2a: scRotom-Wash|Volt Switch|p1a: Imposter\n|-resisted|p1a: Imposter\n|-damage|p1a: Imposter|93\/100\n|\n|t:|1699330872\n|switch|p2a: Ninetales-Viable|Ninetales-Alola, F, shiny|100\/100|[from] Volt Switch\n|-weather|Snow|[from] ability: Snow Warning|[of] p2a: Ninetales-Viable\n|\n|-weather|Snow|[upkeep]\n|-heal|p1a: Imposter|99\/100|[from] item: Black Sludge\n|upkeep\n|turn|3\n|\n|t:|1699330886\n|move|p2a: Ninetales-Viable|Aurora Veil|p2a: Ninetales-Viable\n|-sidestart|p2: Big Old Wang|move: Aurora Veil\n|move|p1a: Imposter|Toxic|p2a: Ninetales-Viable\n|-status|p2a: Ninetales-Viable|tox\n|\n|-weather|Snow|[upkeep]\n|-heal|p1a: Imposter|100\/100|[from] item: Black Sludge\n|-damage|p2a: Ninetales-Viable|95\/100 tox|[from] psn\n|upkeep\n|turn|4\n|\n|t:|1699330898\n|move|p2a: Ninetales-Viable|Blizzard|p1a: Imposter\n|-supereffective|p1a: Imposter\n|-damage|p1a: Imposter|43\/100\n|move|p1a: Imposter|Sludge Bomb|p2a: Ninetales-Viable\n|-supereffective|p2a: Ninetales-Viable\n|-damage|p2a: Ninetales-Viable|64\/100 tox\n|\n|-weather|Snow|[upkeep]\n|-heal|p1a: Imposter|49\/100|[from] item: Black Sludge\n|-damage|p2a: Ninetales-Viable|52\/100 tox|[from] psn\n|upkeep\n|turn|5\n|\n|t:|1699330909\n|move|p2a: Ninetales-Viable|Moonblast|p1a: Imposter\n|-resisted|p1a: Imposter\n|-damage|p1a: Imposter|38\/100\n|move|p1a: Imposter|Giga Drain|p2a: Ninetales-Viable\n|-damage|p2a: Ninetales-Viable|39\/100 tox\n|-heal|p1a: Imposter|42\/100|[from] drain|[of] p2a: Ninetales-Viable\n|\n|-weather|Snow|[upkeep]\n|-heal|p1a: Imposter|49\/100|[from] item: Black Sludge\n|-damage|p2a: Ninetales-Viable|21\/100 tox|[from] psn\n|upkeep\n|turn|6\n|\n|t:|1699330921\n|switch|p2a: Fish 2.0|Annihilape, F|100\/100\n|switch|p1a: Sahara|Tyranitar, F, shiny|100\/100\n|-weather|Sandstorm|[from] ability: Sand Stream|[of] p1a: Sahara\n|\n|-weather|Sandstorm|[upkeep]\n|-damage|p2a: Fish 2.0|94\/100|[from] Sandstorm\n|upkeep\n|turn|7\n|\n|t:|1699330935\n|move|p2a: Fish 2.0|Bulk Up|p2a: Fish 2.0\n|-boost|p2a: Fish 2.0|atk|1\n|-boost|p2a: Fish 2.0|def|1\n|move|p1a: Sahara|Knock Off|p2a: Fish 2.0\n|-damage|p2a: Fish 2.0|81\/100\n|-enditem|p2a: Fish 2.0|Chesto Berry|[from] move: Knock Off|[of] p1a: Sahara\n|\n|-weather|Sandstorm|[upkeep]\n|-damage|p2a: Fish 2.0|75\/100|[from] Sandstorm\n|upkeep\n|turn|8\n|\n|t:|1699330943\n|move|p2a: Fish 2.0|Drain Punch|p1a: Sahara\n|-supereffective|p1a: Sahara\n|-damage|p1a: Sahara|0 fnt\n|-heal|p2a: Fish 2.0|100\/100|[from] drain|[of] p1a: Sahara\n|faint|p1a: Sahara\n|\n|-weather|Sandstorm|[upkeep]\n|-damage|p2a: Fish 2.0|94\/100|[from] Sandstorm\n|upkeep\n|\n|t:|1699330949\n|switch|p1a: Imposter|Amoonguss, M|82\/100\n|turn|9\n|\n|t:|1699330954\n|move|p2a: Fish 2.0|Rage Fist|p1a: Imposter\n|-damage|p1a: Imposter|22\/100\n|move|p1a: Imposter|Spore|p2a: Fish 2.0\n|-status|p2a: Fish 2.0|slp|[from] move: Spore\n|\n|-weather|Sandstorm|[upkeep]\n|-damage|p2a: Fish 2.0|88\/100 slp|[from] Sandstorm\n|-damage|p1a: Imposter|16\/100|[from] Sandstorm\n|-heal|p1a: Imposter|22\/100|[from] item: Black Sludge\n|upkeep\n|turn|10\n|\n|t:|1699330963\n|cant|p2a: Fish 2.0|slp\n|move|p1a: Imposter|Giga Drain|p2a: Fish 2.0\n|-damage|p2a: Fish 2.0|81\/100 slp\n|-heal|p1a: Imposter|25\/100|[from] drain|[of] p2a: Fish 2.0\n|\n|-weather|Sandstorm|[upkeep]\n|-damage|p2a: Fish 2.0|75\/100 slp|[from] Sandstorm\n|-damage|p1a: Imposter|19\/100|[from] Sandstorm\n|-heal|p1a: Imposter|25\/100|[from] item: Black Sludge\n|-sideend|p2: Big Old Wang|move: Aurora Veil\n|upkeep\n|turn|11\n|\n|t:|1699330973\n|switch|p1a: Mr. Resetti|Excadrill, M|100\/100\n|cant|p2a: Fish 2.0|slp\n|\n|-weather|Sandstorm|[upkeep]\n|-damage|p2a: Fish 2.0|69\/100 slp|[from] Sandstorm\n|upkeep\n|turn|12\n|\n|t:|1699330979\n|move|p1a: Mr. Resetti|Earthquake|p2a: Fish 2.0\n|-damage|p2a: Fish 2.0|34\/100 slp\n|cant|p2a: Fish 2.0|slp\n|\n|-weather|Sandstorm|[upkeep]\n|-damage|p2a: Fish 2.0|28\/100 slp|[from] Sandstorm\n|upkeep\n|turn|13\n|\n|t:|1699330989\n|move|p1a: Mr. Resetti|Earthquake|p2a: Fish 2.0\n|-damage|p2a: Fish 2.0|0 fnt\n|faint|p2a: Fish 2.0\n|\n|-weather|none\n|upkeep\n|\n|t:|1699330994\n|switch|p2a: Ninetales-Viable|Ninetales-Alola, F, shiny|21\/100 tox\n|-weather|Snow|[from] ability: Snow Warning|[of] p2a: Ninetales-Viable\n|turn|14\n|\n|t:|1699330999\n|move|p2a: Ninetales-Viable|Aurora Veil|p2a: Ninetales-Viable\n|-sidestart|p2: Big Old Wang|move: Aurora Veil\n|move|p1a: Mr. Resetti|Brick Break|p2a: Ninetales-Viable\n|-sideend|p2: Big Old Wang|move: Aurora Veil\n|-damage|p2a: Ninetales-Viable|0 fnt\n|faint|p2a: Ninetales-Viable\n|\n|-weather|Snow|[upkeep]\n|upkeep\n|\n|t:|1699331013\n|switch|p2a: Zen Monke|Darmanitan-Galar, F|100\/100\n|turn|15\n|\n|t:|1699331042\n|move|p2a: Zen Monke|U-turn|p1a: Mr. Resetti\n|-resisted|p1a: Mr. Resetti\n|-damage|p1a: Mr. Resetti|75\/100\n|\n|t:|1699331045\n|switch|p2a: scRotom-Wash|Rotom-Wash, shiny|44\/100|[from] U-turn\n|move|p1a: Mr. Resetti|Iron Head|p2a: scRotom-Wash\n|-resisted|p2a: scRotom-Wash\n|-damage|p2a: scRotom-Wash|36\/100\n|\n|-weather|Snow|[upkeep]\n|-heal|p2a: scRotom-Wash|42\/100|[from] item: Leftovers\n|upkeep\n|turn|16\n|\n|t:|1699331059\n|switch|p1a: Imposter|Amoonguss, M|59\/100\n|move|p2a: scRotom-Wash|Volt Switch|p1a: Imposter\n|-resisted|p1a: Imposter\n|-damage|p1a: Imposter|51\/100\n|\n|t:|1699331069\n|switch|p2a: Sackscalibur|Baxcalibur, M, shiny|100\/100|[from] Volt Switch\n|\n|-weather|Snow|[upkeep]\n|-heal|p1a: Imposter|57\/100|[from] item: Black Sludge\n|upkeep\n|turn|17\n|\n|t:|1699331078\n|switch|p2a: The Throngler|Slowking-Galar, F, shiny|100\/100\n|move|p1a: Imposter|Spore|p2a: The Throngler\n|-status|p2a: The Throngler|slp|[from] move: Spore\n|\n|-weather|Snow|[upkeep]\n|-heal|p1a: Imposter|63\/100|[from] item: Black Sludge\n|upkeep\n|turn|18\n|\n|t:|1699331102\n|switch|p1a: Mr. Resetti|Excadrill, M|75\/100\n|switch|p2a: Sackscalibur|Baxcalibur, M, shiny|100\/100\n|\n|-weather|none\n|upkeep\n|turn|19\n|\n|t:|1699331116\n|-terastallize|p2a: Sackscalibur|Ground\n|move|p2a: Sackscalibur|Scale Shot|p1a: Mr. Resetti\n|-resisted|p1a: Mr. Resetti\n|-damage|p1a: Mr. Resetti|65\/100\n|-resisted|p1a: Mr. Resetti\n|-damage|p1a: Mr. Resetti|54\/100\n|-resisted|p1a: Mr. Resetti\n|-damage|p1a: Mr. Resetti|45\/100\n|-resisted|p1a: Mr. Resetti\n|-damage|p1a: Mr. Resetti|34\/100\n|-resisted|p1a: Mr. Resetti\n|-damage|p1a: Mr. Resetti|23\/100\n|-hitcount|p1a: Mr. Resetti|5\n|-unboost|p2a: Sackscalibur|def|1\n|-boost|p2a: Sackscalibur|spe|1\n|move|p1a: Mr. Resetti|Iron Head|p2a: Sackscalibur\n|-damage|p2a: Sackscalibur|31\/100\n|\n|upkeep\n|turn|20\n|\n|t:|1699331134\n|move|p2a: Sackscalibur|Scale Shot|p1a: Mr. Resetti\n|-resisted|p1a: Mr. Resetti\n|-damage|p1a: Mr. Resetti|13\/100\n|-resisted|p1a: Mr. Resetti\n|-damage|p1a: Mr. Resetti|3\/100\n|-resisted|p1a: Mr. Resetti\n|-damage|p1a: Mr. Resetti|0 fnt\n|faint|p1a: Mr. Resetti\n|-hitcount|p1: Mr. Resetti|3\n|-unboost|p2a: Sackscalibur|def|1\n|-boost|p2a: Sackscalibur|spe|1\n|\n|upkeep\n|\n|t:|1699331144\n|switch|p1a: Dystopia|Hydreigon, F, shiny|100\/100\n|turn|21\n|\n|t:|1699331158\n|-terastallize|p1a: Dystopia|Fairy\n|move|p2a: Sackscalibur|Icicle Spear|p1a: Dystopia\n|-damage|p1a: Dystopia|84\/100\n|-damage|p1a: Dystopia|67\/100\n|-damage|p1a: Dystopia|49\/100\n|-damage|p1a: Dystopia|32\/100\n|-hitcount|p1a: Dystopia|4\n|move|p1a: Dystopia|Surf|p2a: Sackscalibur\n|-supereffective|p2a: Sackscalibur\n|-damage|p2a: Sackscalibur|0 fnt\n|faint|p2a: Sackscalibur\n|\n|upkeep\n|\n|t:|1699331169\n|switch|p2a: Zen Monke|Darmanitan-Galar, F|100\/100\n|turn|22\n|\n|t:|1699331180\n|move|p1a: Dystopia|Surf|p2a: Zen Monke\n|-damage|p2a: Zen Monke|52\/100\n|move|p2a: Zen Monke|Icicle Crash|p1a: Dystopia\n|-damage|p1a: Dystopia|0 fnt\n|faint|p1a: Dystopia\n|\n|upkeep\n|\n|t:|1699331198\n|switch|p1a: Will Smith|Thundurus, M|100\/100\n|turn|23\n|\n|t:|1699331201\n|move|p2a: Zen Monke|Icicle Crash|p1a: Will Smith\n|-supereffective|p1a: Will Smith\n|-damage|p1a: Will Smith|0 fnt\n|faint|p1a: Will Smith\n|\n|upkeep\n|\n|t:|1699331205\n|switch|p1a: Kenobi|Crustle, M|100\/100\n|turn|24\n|\n|t:|1699331208\n|switch|p2a: scRotom-Wash|Rotom-Wash, shiny|42\/100\n|move|p1a: Kenobi|Shell Smash|p1a: Kenobi\n|-unboost|p1a: Kenobi|def|1\n|-unboost|p1a: Kenobi|spd|1\n|-boost|p1a: Kenobi|atk|2\n|-boost|p1a: Kenobi|spa|2\n|-boost|p1a: Kenobi|spe|2\n|\n|-heal|p2a: scRotom-Wash|48\/100|[from] item: Leftovers\n|upkeep\n|turn|25\n|\n|t:|1699331218\n|move|p1a: Kenobi|X-Scissor|p2a: scRotom-Wash\n|-damage|p2a: scRotom-Wash|0 fnt\n|faint|p2a: scRotom-Wash\n|\n|upkeep\n|\n|t:|1699331227\n|switch|p2a: Zen Monke|Darmanitan-Galar, F|52\/100\n|turn|26\n|\n|t:|1699331243\n|move|p2a: Zen Monke|U-turn|p1a: Kenobi\n|-damage|p1a: Kenobi|47\/100\n|\n|t:|1699331245\n|switch|p2a: The Throngler|Slowking-Galar, F, shiny|100\/100 slp|[from] U-turn\n|move|p1a: Kenobi|X-Scissor|p2a: The Throngler\n|-damage|p2a: The Throngler|27\/100 slp\n|\n|-heal|p2a: The Throngler|33\/100 slp|[from] item: Black Sludge\n|upkeep\n|turn|27\n|\n|t:|1699331283\n|switch|p2a: Zen Monke|Darmanitan-Galar, F|52\/100\n|move|p1a: Kenobi|Shell Smash|p1a: Kenobi\n|-unboost|p1a: Kenobi|def|1\n|-unboost|p1a: Kenobi|spd|1\n|-boost|p1a: Kenobi|atk|2\n|-boost|p1a: Kenobi|spa|2\n|-boost|p1a: Kenobi|spe|2\n|\n|upkeep\n|turn|28\n|\n|t:|1699331292\n|move|p1a: Kenobi|X-Scissor|p2a: Zen Monke\n|-damage|p2a: Zen Monke|0 fnt\n|faint|p2a: Zen Monke\n|\n|upkeep\n|\n|t:|1699331297\n|switch|p2a: The Throngler|Slowking-Galar, F, shiny|66\/100 slp\n|turn|29\n|\n|t:|1699331300\n|move|p1a: Kenobi|Knock Off|p2a: The Throngler\n|-supereffective|p2a: The Throngler\n|-damage|p2a: The Throngler|0 fnt\n|-enditem|p2a: The Throngler|Black Sludge|[from] move: Knock Off|[of] p1a: Kenobi\n|faint|p2a: The Throngler\n|\n|win|SaintZoroark\n|l| StanchYeti\n|l| Aloe Vera Plant\n|l|\u2606SaintZoroark\n","uploadtime":1699331491,"views":7,"p1id":"saintzoroark","p2id":"bigoldwang","formatid":"gen9nationaldexubers","rating":0,"private":0,"password":""}