{"id":"gen9nationaldexubers-1983360254","p1":"CRYO-M0DE\u2744\ufe0f","p2":"RickAstley&Zoroark","format":"[Gen 9] National Dex Ubers","log":"|j|\u2606CRYO-M0DE\u2744\ufe0f\n|j|\u2606RickAstley&Zoroark\n|t:|1699121956\n|gametype|singles\n|player|p1|CRYO-M0DE\u2744\ufe0f|melony|1109\n|player|p2|RickAstley&Zoroark|birdkeeper-gen4dp|1194\n|teamsize|p1|6\n|teamsize|p2|6\n|gen|9\n|tier|[Gen 9] National Dex Ubers\n|rated|\n|rule|HP Percentage Mod: HP is shown in percentages\n|rule|Endless Battle Clause: Forcing endless battles is banned\n|rule|OHKO Clause: OHKO moves are banned\n|rule|Evasion Moves Clause: Evasion moves are banned\n|rule|Evasion Items Clause: Evasion items are banned\n|rule|Species Clause: Limit one of each Pok\u00e9mon\n|rule|Sleep Clause Mod: Limit one foe put to sleep\n|rule|Mega Rayquaza Clause: You cannot mega evolve Rayquaza\n|clearpoke\n|poke|p1|Aurorus, F|\n|poke|p1|Glalie, M|\n|poke|p1|Regice|\n|poke|p1|Baxcalibur, M|\n|poke|p1|Iron Bundle|\n|poke|p1|Kyurem-Black|\n|poke|p2|Darkrai|\n|poke|p2|Salamence, F|\n|poke|p2|Masquerain, M|\n|poke|p2|Clodsire, M|\n|poke|p2|Marshadow|\n|poke|p2|Regieleki|\n|teampreview\n|inactive|Battle timer is ON: inactive players will automatically lose when time's up. (requested by RickAstley&Zoroark)\n|\n|t:|1699121980\n|start\n|switch|p1a: \u2744\ufe0fAURORUS\u2744\ufe0f|Aurorus, F, shiny|100\/100\n|switch|p2a: Masquerain|Masquerain, M|100\/100\n|-ability|p2a: Masquerain|Intimidate|boost\n|-unboost|p1a: \u2744\ufe0fAURORUS\u2744\ufe0f|atk|1\n|-weather|Snow|[from] ability: Snow Warning|[of] p1a: \u2744\ufe0fAURORUS\u2744\ufe0f\n|turn|1\n|\n|t:|1699121991\n|move|p2a: Masquerain|Sticky Web|p1a: \u2744\ufe0fAURORUS\u2744\ufe0f\n|-sidestart|p1: CRYO-M0DE\u2744\ufe0f|move: Sticky Web\n|move|p1a: \u2744\ufe0fAURORUS\u2744\ufe0f|Stealth Rock|p2a: Masquerain\n|-sidestart|p2: RickAstley&Zoroark|move: Stealth Rock\n|\n|-weather|Snow|[upkeep]\n|upkeep\n|turn|2\n|\n|t:|1699122003\n|switch|p1a: \u2744\ufe0f\u2744\ufe0fREGICE\u2744\ufe0f\u2744\ufe0f|Regice, shiny|100\/100\n|-activate|p1a: \u2744\ufe0f\u2744\ufe0fREGICE\u2744\ufe0f\u2744\ufe0f|move: Sticky Web\n|-unboost|p1a: \u2744\ufe0f\u2744\ufe0fREGICE\u2744\ufe0f\u2744\ufe0f|spe|1\n|move|p2a: Masquerain|U-turn|p1a: \u2744\ufe0f\u2744\ufe0fREGICE\u2744\ufe0f\u2744\ufe0f\n|-damage|p1a: \u2744\ufe0f\u2744\ufe0fREGICE\u2744\ufe0f\u2744\ufe0f|82\/100\n|\n|t:|1699122009\n|switch|p2a: Regieleki|Regieleki|100\/100|[from] U-turn\n|\n|-weather|Snow|[upkeep]\n|-heal|p1a: \u2744\ufe0f\u2744\ufe0fREGICE\u2744\ufe0f\u2744\ufe0f|88\/100|[from] ability: Ice Body\n|upkeep\n|turn|3\n|\n|t:|1699122019\n|move|p2a: Regieleki|Rapid Spin|p1a: \u2744\ufe0f\u2744\ufe0fREGICE\u2744\ufe0f\u2744\ufe0f\n|-damage|p1a: \u2744\ufe0f\u2744\ufe0fREGICE\u2744\ufe0f\u2744\ufe0f|81\/100\n|-boost|p2a: Regieleki|spe|1\n|-sideend|p2: RickAstley&Zoroark|Stealth Rock|[from] move: Rapid Spin|[of] p2a: Regieleki\n|move|p1a: \u2744\ufe0f\u2744\ufe0fREGICE\u2744\ufe0f\u2744\ufe0f|Hail|p1a: \u2744\ufe0f\u2744\ufe0fREGICE\u2744\ufe0f\u2744\ufe0f\n|-weather|Hail\n|\n|-weather|Hail|[upkeep]\n|-damage|p2a: Regieleki|95\/100|[from] Hail\n|-heal|p1a: \u2744\ufe0f\u2744\ufe0fREGICE\u2744\ufe0f\u2744\ufe0f|87\/100|[from] ability: Ice Body\n|upkeep\n|turn|4\n|\n|t:|1699122032\n|move|p2a: Regieleki|Thunderbolt|p1a: \u2744\ufe0f\u2744\ufe0fREGICE\u2744\ufe0f\u2744\ufe0f\n|-damage|p1a: \u2744\ufe0f\u2744\ufe0fREGICE\u2744\ufe0f\u2744\ufe0f|58\/100\n|move|p1a: \u2744\ufe0f\u2744\ufe0fREGICE\u2744\ufe0f\u2744\ufe0f|Blizzard|p2a: Regieleki\n|-damage|p2a: Regieleki|0 fnt\n|faint|p2a: Regieleki\n|\n|-weather|Hail|[upkeep]\n|-heal|p1a: \u2744\ufe0f\u2744\ufe0fREGICE\u2744\ufe0f\u2744\ufe0f|64\/100|[from] ability: Ice Body\n|upkeep\n|\n|t:|1699122045\n|switch|p2a: Japopillo|Marshadow|100\/100\n|turn|5\n|\n|t:|1699122051\n|switch|p2a: Masquerain|Masquerain, M|100\/100\n|-ability|p2a: Masquerain|Intimidate|boost\n|-unboost|p1a: \u2744\ufe0f\u2744\ufe0fREGICE\u2744\ufe0f\u2744\ufe0f|atk|1\n|move|p1a: \u2744\ufe0f\u2744\ufe0fREGICE\u2744\ufe0f\u2744\ufe0f|Blizzard|p2a: Masquerain\n|-supereffective|p2a: Masquerain\n|-enditem|p2a: Masquerain|Focus Sash\n|-damage|p2a: Masquerain|1\/100\n|\n|-weather|Hail|[upkeep]\n|-damage|p2a: Masquerain|0 fnt|[from] Hail\n|-heal|p1a: \u2744\ufe0f\u2744\ufe0fREGICE\u2744\ufe0f\u2744\ufe0f|70\/100|[from] ability: Ice Body\n|faint|p2a: Masquerain\n|upkeep\n|\n|t:|1699122064\n|switch|p2a: A Mimir!|Darkrai|100\/100\n|turn|6\n|\n|t:|1699122071\n|-zpower|p2a: A Mimir!\n|move|p2a: A Mimir!|Z-Hypnosis|p1a: \u2744\ufe0f\u2744\ufe0fREGICE\u2744\ufe0f\u2744\ufe0f|[anim]Hypnosis|[miss]\n|-boost|p2a: A Mimir!|spe|1|[zeffect]\n|-miss|p2a: A Mimir!|p1a: \u2744\ufe0f\u2744\ufe0fREGICE\u2744\ufe0f\u2744\ufe0f\n|move|p1a: \u2744\ufe0f\u2744\ufe0fREGICE\u2744\ufe0f\u2744\ufe0f|Blizzard|p2a: A Mimir!\n|-damage|p2a: A Mimir!|19\/100\n|\n|-weather|Hail|[upkeep]\n|-damage|p2a: A Mimir!|13\/100|[from] Hail\n|-heal|p1a: \u2744\ufe0f\u2744\ufe0fREGICE\u2744\ufe0f\u2744\ufe0f|76\/100|[from] ability: Ice Body\n|upkeep\n|turn|7\n|\n|t:|1699122086\n|move|p2a: A Mimir!|Hypnosis|p1a: \u2744\ufe0f\u2744\ufe0fREGICE\u2744\ufe0f\u2744\ufe0f\n|-status|p1a: \u2744\ufe0f\u2744\ufe0fREGICE\u2744\ufe0f\u2744\ufe0f|slp|[from] move: Hypnosis\n|cant|p1a: \u2744\ufe0f\u2744\ufe0fREGICE\u2744\ufe0f\u2744\ufe0f|slp\n|\n|-weather|none\n|-damage|p1a: \u2744\ufe0f\u2744\ufe0fREGICE\u2744\ufe0f\u2744\ufe0f|63\/100 slp|[from] ability: Bad Dreams|[of] p2a: A Mimir!\n|upkeep\n|turn|8\n|\n|t:|1699122100\n|switch|p1a: \u2744\ufe0fAURORUS\u2744\ufe0f|Aurorus, F, shiny|100\/100\n|-activate|p1a: \u2744\ufe0fAURORUS\u2744\ufe0f|move: Sticky Web\n|-unboost|p1a: \u2744\ufe0fAURORUS\u2744\ufe0f|spe|1\n|-weather|Snow|[from] ability: Snow Warning|[of] p1a: \u2744\ufe0fAURORUS\u2744\ufe0f\n|move|p2a: A Mimir!|Nasty Plot|p2a: A Mimir!\n|-boost|p2a: A Mimir!|spa|2\n|\n|-weather|Snow|[upkeep]\n|upkeep\n|turn|9\n|\n|t:|1699122115\n|move|p2a: A Mimir!|Dark Pulse|p1a: \u2744\ufe0fAURORUS\u2744\ufe0f\n|-damage|p1a: \u2744\ufe0fAURORUS\u2744\ufe0f|17\/100\n|move|p1a: \u2744\ufe0fAURORUS\u2744\ufe0f|Blizzard|p2a: A Mimir!\n|-damage|p2a: A Mimir!|0 fnt\n|faint|p2a: A Mimir!\n|\n|-weather|Snow|[upkeep]\n|upkeep\n|\n|t:|1699122133\n|switch|p2a: Japopillo|Marshadow|100\/100\n|turn|10\n|\n|t:|1699122138\n|move|p2a: Japopillo|Knock Off|p1a: \u2744\ufe0fAURORUS\u2744\ufe0f\n|-damage|p1a: \u2744\ufe0fAURORUS\u2744\ufe0f|0 fnt\n|-enditem|p1a: \u2744\ufe0fAURORUS\u2744\ufe0f|Icy Rock|[from] move: Knock Off|[of] p2a: Japopillo\n|faint|p1a: \u2744\ufe0fAURORUS\u2744\ufe0f\n|\n|-weather|Snow|[upkeep]\n|upkeep\n|\n|t:|1699122145\n|switch|p1a: \ud83e\udd76\u2744\ufe0f\u2744\ufe0fKYUREM\u2744\ufe0f\u2744\ufe0f\ud83e\udd76|Kyurem-Black|100\/100\n|-activate|p1a: \ud83e\udd76\u2744\ufe0f\u2744\ufe0fKYUREM\u2744\ufe0f\u2744\ufe0f\ud83e\udd76|move: Sticky Web\n|-unboost|p1a: \ud83e\udd76\u2744\ufe0f\u2744\ufe0fKYUREM\u2744\ufe0f\u2744\ufe0f\ud83e\udd76|spe|1\n|-ability|p1a: \ud83e\udd76\u2744\ufe0f\u2744\ufe0fKYUREM\u2744\ufe0f\u2744\ufe0f\ud83e\udd76|Teravolt\n|turn|11\n|\n|t:|1699122154\n|-terastallize|p1a: \ud83e\udd76\u2744\ufe0f\u2744\ufe0fKYUREM\u2744\ufe0f\u2744\ufe0f\ud83e\udd76|Ice\n|move|p2a: Japopillo|Jump Kick|p1a: \ud83e\udd76\u2744\ufe0f\u2744\ufe0fKYUREM\u2744\ufe0f\u2744\ufe0f\ud83e\udd76\n|-supereffective|p1a: \ud83e\udd76\u2744\ufe0f\u2744\ufe0fKYUREM\u2744\ufe0f\u2744\ufe0f\ud83e\udd76\n|-damage|p1a: \ud83e\udd76\u2744\ufe0f\u2744\ufe0fKYUREM\u2744\ufe0f\u2744\ufe0f\ud83e\udd76|39\/100\n|move|p1a: \ud83e\udd76\u2744\ufe0f\u2744\ufe0fKYUREM\u2744\ufe0f\u2744\ufe0f\ud83e\udd76|Blizzard|p2a: Japopillo\n|-enditem|p2a: Japopillo|Focus Sash\n|-damage|p2a: Japopillo|1\/100\n|\n|-weather|Snow|[upkeep]\n|upkeep\n|turn|12\n|\n|t:|1699122166\n|move|p2a: Japopillo|Jump Kick|p1a: \ud83e\udd76\u2744\ufe0f\u2744\ufe0fKYUREM\u2744\ufe0f\u2744\ufe0f\ud83e\udd76\n|-supereffective|p1a: \ud83e\udd76\u2744\ufe0f\u2744\ufe0fKYUREM\u2744\ufe0f\u2744\ufe0f\ud83e\udd76\n|-damage|p1a: \ud83e\udd76\u2744\ufe0f\u2744\ufe0fKYUREM\u2744\ufe0f\u2744\ufe0f\ud83e\udd76|0 fnt\n|faint|p1a: \ud83e\udd76\u2744\ufe0f\u2744\ufe0fKYUREM\u2744\ufe0f\u2744\ufe0f\ud83e\udd76\n|\n|-weather|Snow|[upkeep]\n|upkeep\n|\n|t:|1699122181\n|switch|p1a: \u2744\ufe0fCRYO BUNDLE\u2744\ufe0f|Iron Bundle, shiny|100\/100\n|-activate|p1a: \u2744\ufe0fCRYO BUNDLE\u2744\ufe0f|move: Sticky Web\n|-unboost|p1a: \u2744\ufe0fCRYO BUNDLE\u2744\ufe0f|spe|1\n|-enditem|p1a: \u2744\ufe0fCRYO BUNDLE\u2744\ufe0f|Booster Energy\n|-activate|p1a: \u2744\ufe0fCRYO BUNDLE\u2744\ufe0f|ability: Quark Drive|[fromitem]\n|-start|p1a: \u2744\ufe0fCRYO BUNDLE\u2744\ufe0f|quarkdrivespa\n|turn|13\n|\n|t:|1699122193\n|move|p2a: Japopillo|Jump Kick|p1a: \u2744\ufe0fCRYO BUNDLE\u2744\ufe0f\n|-supereffective|p1a: \u2744\ufe0fCRYO BUNDLE\u2744\ufe0f\n|-damage|p1a: \u2744\ufe0fCRYO BUNDLE\u2744\ufe0f|25\/100\n|move|p1a: \u2744\ufe0fCRYO BUNDLE\u2744\ufe0f|Blizzard|p2a: Japopillo\n|-damage|p2a: Japopillo|0 fnt\n|faint|p2a: Japopillo\n|\n|-weather|Snow|[upkeep]\n|upkeep\n|\n|t:|1699122207\n|switch|p2a: Salamence|Salamence, F|100\/100\n|-ability|p2a: Salamence|Intimidate|boost\n|-unboost|p1a: \u2744\ufe0fCRYO BUNDLE\u2744\ufe0f|atk|1\n|turn|14\n|\n|t:|1699122214\n|detailschange|p2a: Salamence|Salamence-Mega, F\n|-mega|p2a: Salamence|Salamence|Salamencite\n|move|p2a: Salamence|Return|p1a: \u2744\ufe0fCRYO BUNDLE\u2744\ufe0f\n|-damage|p1a: \u2744\ufe0fCRYO BUNDLE\u2744\ufe0f|0 fnt\n|faint|p1a: \u2744\ufe0fCRYO BUNDLE\u2744\ufe0f\n|-end|p1a: \u2744\ufe0fCRYO BUNDLE\u2744\ufe0f|Quark Drive|[silent]\n|\n|-weather|Snow|[upkeep]\n|upkeep\n|\n|t:|1699122232\n|switch|p1a: \u2744\ufe0f\u2744\ufe0fBAXCALIBUR\u2744\ufe0f|Baxcalibur, M, shiny|100\/100\n|-activate|p1a: \u2744\ufe0f\u2744\ufe0fBAXCALIBUR\u2744\ufe0f|move: Sticky Web\n|-unboost|p1a: \u2744\ufe0f\u2744\ufe0fBAXCALIBUR\u2744\ufe0f|spe|1\n|turn|15\n|\n|t:|1699122245\n|move|p2a: Salamence|Return|p1a: \u2744\ufe0f\u2744\ufe0fBAXCALIBUR\u2744\ufe0f\n|-damage|p1a: \u2744\ufe0f\u2744\ufe0fBAXCALIBUR\u2744\ufe0f|55\/100\n|-zpower|p1a: \u2744\ufe0f\u2744\ufe0fBAXCALIBUR\u2744\ufe0f\n|move|p1a: \u2744\ufe0f\u2744\ufe0fBAXCALIBUR\u2744\ufe0f|Subzero Slammer|p2a: Salamence|[zeffect]\n|-supereffective|p2a: Salamence\n|-damage|p2a: Salamence|0 fnt\n|faint|p2a: Salamence\n|\n|-weather|none\n|upkeep\n|\n|t:|1699122254\n|switch|p2a: SamuelGarcia|Clodsire, M|100\/100\n|turn|16\n|\n|t:|1699122262\n|-terastallize|p2a: SamuelGarcia|Poison\n|move|p1a: \u2744\ufe0f\u2744\ufe0fBAXCALIBUR\u2744\ufe0f|Dragon Dance|p1a: \u2744\ufe0f\u2744\ufe0fBAXCALIBUR\u2744\ufe0f\n|-boost|p1a: \u2744\ufe0f\u2744\ufe0fBAXCALIBUR\u2744\ufe0f|atk|1\n|-boost|p1a: \u2744\ufe0f\u2744\ufe0fBAXCALIBUR\u2744\ufe0f|spe|1\n|move|p2a: SamuelGarcia|Toxic|p1a: \u2744\ufe0f\u2744\ufe0fBAXCALIBUR\u2744\ufe0f\n|-status|p1a: \u2744\ufe0f\u2744\ufe0fBAXCALIBUR\u2744\ufe0f|tox\n|\n|-damage|p1a: \u2744\ufe0f\u2744\ufe0fBAXCALIBUR\u2744\ufe0f|49\/100 tox|[from] psn\n|upkeep\n|turn|17\n|\n|t:|1699122270\n|move|p1a: \u2744\ufe0f\u2744\ufe0fBAXCALIBUR\u2744\ufe0f|Glaive Rush|p2a: SamuelGarcia\n|-damage|p2a: SamuelGarcia|0 fnt\n|-singlemove|p1a: \u2744\ufe0f\u2744\ufe0fBAXCALIBUR\u2744\ufe0f|Glaive Rush|[silent]\n|faint|p2a: SamuelGarcia\n|\n|win|CRYO-M0DE\u2744\ufe0f\n|raw|CRYO-M0DE\u2744\ufe0f's rating: 1109 &rarr; <strong>1140<\/strong><br \/>(+31 for winning)\n|raw|RickAstley&amp;Zoroark's rating: 1194 &rarr; <strong>1163<\/strong><br \/>(-31 for losing)\n|l|\u2606RickAstley&Zoroark\n","uploadtime":1699122648,"views":6,"p1id":"cryom0de","p2id":"rickastleyzoroark","formatid":"gen9nationaldexubers","rating":1140,"private":0,"password":""}