{"id":"gen9nationaldexubers-1991257279","p1":"braincellless","p2":"hattorivt","format":"[Gen 9] National Dex Ubers","log":"|j|\u2606braincellless\n|j|\u2606hattorivt\n|t:|1700061886\n|gametype|singles\n|player|p1|braincellless|101|\n|player|p2|hattorivt|marnie-masters|\n|teamsize|p1|6\n|teamsize|p2|6\n|gen|9\n|tier|[Gen 9] National Dex Ubers\n|rule|HP Percentage Mod: HP is shown in percentages\n|rule|Endless Battle Clause: Forcing endless battles is banned\n|rule|OHKO Clause: OHKO moves are banned\n|rule|Evasion Moves Clause: Evasion moves are banned\n|rule|Evasion Items Clause: Evasion items are banned\n|rule|Species Clause: Limit one of each Pok\u00e9mon\n|rule|Sleep Clause Mod: Limit one foe put to sleep\n|rule|Mega Rayquaza Clause: You cannot mega evolve Rayquaza\n|clearpoke\n|poke|p1|Thundurus-Therian, M|\n|poke|p1|Charizard, F|\n|poke|p1|Masquerain, F|\n|poke|p1|Tyranitar, F|\n|poke|p1|Breloom, M|\n|poke|p1|Mew|\n|poke|p2|Iron Moth|\n|poke|p2|Mawile, F|\n|poke|p2|Regidrago|\n|poke|p2|Forretress, M|\n|poke|p2|Baxcalibur, M|\n|poke|p2|Hawlucha, M|\n|teampreview\n|inactive|Battle timer is ON: inactive players will automatically lose when time's up. (requested by braincellless)\n|inactive|hattorivt also wants the timer to be on.\n|\n|t:|1700061896\n|start\n|switch|p1a: Breloom|Breloom, M|100\/100\n|switch|p2a: Forretress|Forretress, M|100\/100\n|turn|1\n|\n|t:|1700061902\n|move|p1a: Breloom|Spore|p2a: Forretress\n|-immune|p2a: Forretress|[from] ability: Overcoat\n|move|p2a: Forretress|Stealth Rock|p1a: Breloom\n|-sidestart|p1: braincellless|move: Stealth Rock\n|\n|upkeep\n|turn|2\n|\n|t:|1700061918\n|move|p1a: Breloom|Swords Dance|p1a: Breloom\n|-boost|p1a: Breloom|atk|2\n|move|p2a: Forretress|Volt Switch|p1a: Breloom\n|-resisted|p1a: Breloom\n|-damage|p1a: Breloom|90\/100\n|\n|t:|1700061924\n|switch|p2a: Hawlucha|Hawlucha, M|100\/100|[from] Volt Switch\n|\n|upkeep\n|turn|3\n|inactive|braincellless has 270 seconds left.\n|\n|t:|1700061956\n|move|p2a: Hawlucha|Close Combat|p1a: Breloom\n|-damage|p1a: Breloom|5\/100\n|-unboost|p2a: Hawlucha|def|1\n|-unboost|p2a: Hawlucha|spd|1\n|move|p1a: Breloom|Spore|p2a: Hawlucha\n|-status|p2a: Hawlucha|slp|[from] move: Spore\n|-enditem|p2a: Hawlucha|Lum Berry|[eat]\n|-curestatus|p2a: Hawlucha|slp|[msg]\n|\n|upkeep\n|turn|4\n|\n|t:|1700061967\n|move|p1a: Breloom|Mach Punch|p2a: Hawlucha\n|-resisted|p2a: Hawlucha\n|-damage|p2a: Hawlucha|41\/100\n|move|p2a: Hawlucha|Acrobatics|p1a: Breloom\n|-supereffective|p1a: Breloom\n|-damage|p1a: Breloom|0 fnt\n|faint|p1a: Breloom\n|\n|upkeep\n|inactive|braincellless has 270 seconds left.\n|\n|t:|1700061990\n|switch|p1a: Mew|Mew|100\/100\n|-damage|p1a: Mew|88\/100|[from] Stealth Rock\n|turn|5\n|\n|t:|1700061994\n|move|p2a: Hawlucha|Acrobatics|p1a: Mew\n|-damage|p1a: Mew|35\/100\n|move|p1a: Mew|Psychic Fangs|p2a: Hawlucha\n|-supereffective|p2a: Hawlucha\n|-damage|p2a: Hawlucha|0 fnt\n|faint|p2a: Hawlucha\n|-damage|p1a: Mew|25\/100|[from] item: Life Orb\n|\n|upkeep\n|\n|t:|1700062006\n|switch|p2a: Iron Moth|Iron Moth|100\/100\n|turn|6\n|\n|t:|1700062010\n|move|p2a: Iron Moth|Sludge Wave|p1a: Mew\n|-damage|p1a: Mew|0 fnt\n|faint|p1a: Mew\n|\n|upkeep\n|\n|t:|1700062019\n|switch|p1a: Masquerain|Masquerain, F|100\/100\n|-ability|p1a: Masquerain|Intimidate|boost\n|-unboost|p2a: Iron Moth|atk|1\n|turn|7\n|\n|t:|1700062024\n|-end|p2a: Iron Moth|Quark Drive|[silent]\n|switch|p2a: Forretress|Forretress, M|100\/100\n|move|p1a: Masquerain|Defog|p2a: Forretress\n|-unboost|p2a: Forretress|evasion|1\n|-sideend|p1: braincellless|Stealth Rock|[from] move: Defog|[of] p1a: Masquerain\n|\n|upkeep\n|turn|8\n|\n|t:|1700062035\n|switch|p1a: Thundurus|Thundurus-Therian, M|100\/100\n|move|p2a: Forretress|Volt Switch|p1a: Thundurus\n|-immune|p1a: Thundurus|[from] ability: Volt Absorb\n|\n|upkeep\n|turn|9\n|\n|t:|1700062058\n|move|p1a: Thundurus|Thunderbolt|p2a: Forretress\n|-damage|p2a: Forretress|0 fnt\n|faint|p2a: Forretress\n|\n|upkeep\n|\n|t:|1700062062\n|switch|p2a: Baxcalibur|Baxcalibur, M|100\/100\n|turn|10\n|\n|t:|1700062079\n|switch|p1a: Masquerain|Masquerain, F|100\/100\n|-ability|p1a: Masquerain|Intimidate|boost\n|-unboost|p2a: Baxcalibur|atk|1\n|move|p2a: Baxcalibur|Dragon Dance|p2a: Baxcalibur\n|-boost|p2a: Baxcalibur|atk|1\n|-boost|p2a: Baxcalibur|spe|1\n|\n|upkeep\n|turn|11\n|\n|t:|1700062085\n|move|p2a: Baxcalibur|Icicle Spear|p1a: Masquerain\n|-supereffective|p1a: Masquerain\n|-damage|p1a: Masquerain|49\/100\n|-supereffective|p1a: Masquerain\n|-damage|p1a: Masquerain|0 fnt\n|faint|p1a: Masquerain\n|-hitcount|p1: Masquerain|2\n|\n|upkeep\n|\n|t:|1700062096\n|switch|p1a: Tyranitar|Tyranitar, F|100\/100\n|-weather|Sandstorm|[from] ability: Sand Stream|[of] p1a: Tyranitar\n|turn|12\n|\n|t:|1700062100\n|-terastallize|p2a: Baxcalibur|Water\n|move|p2a: Baxcalibur|Icicle Spear|p1a: Tyranitar\n|-damage|p1a: Tyranitar|90\/100\n|-damage|p1a: Tyranitar|79\/100\n|-damage|p1a: Tyranitar|68\/100\n|-damage|p1a: Tyranitar|56\/100\n|-damage|p1a: Tyranitar|45\/100\n|-hitcount|p1a: Tyranitar|5\n|move|p1a: Tyranitar|Stone Edge|p2a: Baxcalibur\n|-damage|p2a: Baxcalibur|42\/100\n|\n|-weather|Sandstorm|[upkeep]\n|-damage|p2a: Baxcalibur|36\/100|[from] Sandstorm\n|upkeep\n|turn|13\n|\n|t:|1700062119\n|move|p2a: Baxcalibur|Icicle Spear|p1a: Tyranitar\n|-damage|p1a: Tyranitar|33\/100\n|-damage|p1a: Tyranitar|22\/100\n|-damage|p1a: Tyranitar|11\/100\n|-damage|p1a: Tyranitar|0 fnt\n|faint|p1a: Tyranitar\n|-hitcount|p1: Tyranitar|4\n|\n|-weather|Sandstorm|[upkeep]\n|-damage|p2a: Baxcalibur|30\/100|[from] Sandstorm\n|upkeep\n|\n|t:|1700062121\n|switch|p1a: Thundurus|Thundurus-Therian, M|100\/100\n|turn|14\n|\n|t:|1700062127\n|-terastallize|p1a: Thundurus|Fairy\n|move|p2a: Baxcalibur|Icicle Spear|p1a: Thundurus\n|-damage|p1a: Thundurus|80\/100\n|-damage|p1a: Thundurus|57\/100\n|-damage|p1a: Thundurus|36\/100\n|-damage|p1a: Thundurus|14\/100\n|-hitcount|p1a: Thundurus|4\n|move|p1a: Thundurus|Volt Switch|p2a: Baxcalibur\n|-supereffective|p2a: Baxcalibur\n|-damage|p2a: Baxcalibur|0 fnt\n|faint|p2a: Baxcalibur\n|\n|t:|1700062130\n|switch|p1a: Charizard|Charizard, F|100\/100|[from] Volt Switch\n|\n|-weather|Sandstorm|[upkeep]\n|-damage|p1a: Charizard|94\/100|[from] Sandstorm\n|upkeep\n|\n|t:|1700062156\n|switch|p2a: Mawile|Mawile, F|100\/100\n|-ability|p2a: Mawile|Intimidate|boost\n|-unboost|p1a: Charizard|atk|1\n|turn|15\n|\n|t:|1700062164\n|detailschange|p2a: Mawile|Mawile-Mega, F\n|-mega|p2a: Mawile|Mawile|Mawilite\n|move|p1a: Charizard|Dragon Dance|p1a: Charizard\n|-boost|p1a: Charizard|atk|1\n|-boost|p1a: Charizard|spe|1\n|move|p2a: Mawile|Knock Off|p1a: Charizard\n|-damage|p1a: Charizard|32\/100\n|\n|-weather|Sandstorm|[upkeep]\n|-damage|p1a: Charizard|26\/100|[from] Sandstorm\n|upkeep\n|turn|16\n|\n|t:|1700062182\n|detailschange|p1a: Charizard|Charizard-Mega-X, F\n|-mega|p1a: Charizard|Charizard|Charizardite X\n|move|p2a: Mawile|Sucker Punch|p1a: Charizard\n|-damage|p1a: Charizard|0 fnt\n|faint|p1a: Charizard\n|\n|-weather|none\n|upkeep\n|\n|t:|1700062184\n|switch|p1a: Thundurus|Thundurus-Therian, M, tera:Fairy|14\/100\n|turn|17\n|c|\u2606braincellless|gg\n|\n|t:|1700062189\n|move|p2a: Mawile|Sucker Punch|p1a: Thundurus\n|-resisted|p1a: Thundurus\n|-damage|p1a: Thundurus|0 fnt\n|faint|p1a: Thundurus\n|\n|win|hattorivt\n|c|\u2606hattorivt|gg\n|c|\u2606braincellless|round 2\n","uploadtime":1700062197,"views":22,"p1id":"braincellless","p2id":"hattorivt","formatid":"gen9nationaldexubers","rating":0,"private":0,"password":""}