{"id":"gen9nationaldexubers-1998157409","p1":"Neosouls","p2":"Half_A_Ako","format":"[Gen 9] National Dex Ubers","log":"|j|\u2606Neosouls\n|j|\u2606Half_A_Ako\n|t:|1700902666\n|gametype|singles\n|player|p1|Neosouls|marlon|\n|player|p2|Half_A_Ako|victor-dojo|\n|teamsize|p1|6\n|teamsize|p2|6\n|gen|9\n|tier|[Gen 9] National Dex Ubers\n|rule|HP Percentage Mod: HP is shown in percentages\n|rule|Endless Battle Clause: Forcing endless battles is banned\n|rule|OHKO Clause: OHKO moves are banned\n|rule|Evasion Moves Clause: Evasion moves are banned\n|rule|Evasion Items Clause: Evasion items are banned\n|rule|Species Clause: Limit one of each Pok\u00e9mon\n|rule|Sleep Clause Mod: Limit one foe put to sleep\n|rule|Mega Rayquaza Clause: You cannot mega evolve Rayquaza\n|clearpoke\n|poke|p1|Charizard, L40, M|\n|poke|p1|Annihilape, L40, M|\n|poke|p1|Lycanroc-Dusk, L40, F|\n|poke|p1|Gliscor, L40, M|\n|poke|p1|Palafin, L40, F|\n|poke|p1|Froslass, L40, F|\n|poke|p2|Decidueye-Hisui, L40, M|\n|poke|p2|Golisopod, L40, M|\n|poke|p2|Gabite, L35, F|\n|poke|p2|Aegislash, L40, F|\n|poke|p2|Darmanitan-Galar, L35, F|\n|poke|p2|Slowbro-Galar, L35, F|\n|teampreview\n|c|\u2606Half_A_Ako|mdr\n|\n|t:|1700902677\n|start\n|switch|p1a: Palafin|Palafin, L40, F|100\/100\n|switch|p2a: Lancer|Slowbro-Galar, L35, F|100\/100\n|turn|1\n|\n|t:|1700902685\n|move|p1a: Palafin|Flip Turn|p2a: Lancer\n|-damage|p2a: Lancer|75\/100\n|\n|t:|1700902699\n|detailschange|p1a: Palafin|Palafin-Hero, L40, F\n|switch|p1a: Khonshou|Gliscor, L40, M|100\/100|[from] Flip Turn\n|move|p2a: Lancer|Future Sight|p1a: Khonshou\n|-start|p2a: Lancer|move: Future Sight\n|\n|upkeep\n|turn|2\n|-activate|p2a: Lancer|ability: Quick Draw\n|\n|t:|1700902709\n|move|p2a: Lancer|Surf|p1a: Khonshou\n|-supereffective|p1a: Khonshou\n|-damage|p1a: Khonshou|30\/100\n|move|p1a: Khonshou|Acrobatics|p2a: Lancer\n|-damage|p2a: Lancer|16\/100\n|\n|upkeep\n|turn|3\n|-activate|p2a: Lancer|ability: Quick Draw\n|\n|t:|1700902723\n|move|p2a: Lancer|Surf|p1a: Khonshou\n|-supereffective|p1a: Khonshou\n|-damage|p1a: Khonshou|0 fnt\n|faint|p1a: Khonshou\n|\n|-hint|Future Sight did not hit because the target is fainted.\n|upkeep\n|\n|t:|1700902734\n|switch|p1a: Palafin|Palafin-Hero, L40, F|100\/100\n|-activate|p1a: Palafin|ability: Zero to Hero\n|turn|4\n|\n|t:|1700902740\n|move|p1a: Palafin|Acrobatics|p2a: Lancer\n|-damage|p2a: Lancer|0 fnt\n|faint|p2a: Lancer\n|\n|upkeep\n|\n|t:|1700902766\n|switch|p2a: Archer|Decidueye-Hisui, L40, M|100\/100\n|turn|5\n|j| ArthurXcalibur\n|c| ArthurXcalibur|Sale chien va\n|c| ArthurXcalibur|Gagne neosoul\n|\n|t:|1700902781\n|move|p1a: Palafin|Acrobatics|p2a: Archer\n|-supereffective|p2a: Archer\n|-damage|p2a: Archer|0 fnt\n|faint|p2a: Archer\n|\n|upkeep\n|\n|t:|1700902788\n|switch|p2a: Saber|Aegislash, L40, F|100\/100\n|turn|6\n|\n|t:|1700902796\n|move|p2a: Saber|King's Shield|p2a: Saber\n|-singleturn|p2a: Saber|Protect\n|move|p1a: Palafin|Charm|p2a: Saber\n|-unboost|p2a: Saber|atk|2\n|\n|upkeep\n|turn|7\n|c| ArthurXcalibur|Voila ALL MIGHT\n|c| ArthurXcalibur|VASY FAIT LUI UN PUTAIN DE DETROY SMASH\n|\n|t:|1700902816\n|switch|p2a: Musashi|Golisopod, L40, M|100\/100\n|move|p1a: Palafin|Acrobatics|p2a: Musashi\n|-supereffective|p2a: Musashi\n|-damage|p2a: Musashi|37\/100\n|-activate|p2a: Musashi|ability: Emergency Exit\n|\n|t:|1700902824\n|switch|p2a: Saber|Aegislash, L40, F|100\/100\n|\n|upkeep\n|turn|8\n|\n|t:|1700902833\n|move|p1a: Palafin|Acrobatics|p2a: Saber\n|-resisted|p2a: Saber\n|-damage|p2a: Saber|77\/100\n|move|p2a: Saber|Swords Dance|p2a: Saber\n|-boost|p2a: Saber|atk|2\n|\n|upkeep\n|turn|9\n|\n|t:|1700902847\n|move|p1a: Palafin|Flip Turn|p2a: Saber\n|-damage|p2a: Saber|37\/100\n|\n|t:|1700902855\n|switch|p1a: Rex|Lycanroc-Dusk, L40, F|100\/100|[from] Flip Turn\n|-formechange|p2a: Saber|Aegislash-Blade||[from] ability: Stance Change\n|move|p2a: Saber|Iron Head|p1a: Rex\n|-supereffective|p1a: Rex\n|-damage|p1a: Rex|0 fnt\n|faint|p1a: Rex\n|\n|upkeep\n|c| ArthurXcalibur|Il s'appelle pas Saber ducon\n|\n|t:|1700902863\n|switch|p1a: Apollon|Charizard, L40, M|100\/100\n|turn|10\n|\n|t:|1700902871\n|-formechange|p2a: Saber|Aegislash||[from] ability: Stance Change\n|move|p2a: Saber|King's Shield|p2a: Saber\n|-singleturn|p2a: Saber|Protect\n|move|p1a: Apollon|Dragon Breath|p2a: Saber\n|-activate|p2a: Saber|move: Protect\n|\n|upkeep\n|turn|11\n|c| ArthurXcalibur|Ca vole mes pokemon et ca les rename\n|\n|t:|1700902883\n|move|p1a: Apollon|Flamethrower|p2a: Saber\n|-supereffective|p2a: Saber\n|-damage|p2a: Saber|0 fnt\n|faint|p2a: Saber\n|\n|upkeep\n|\n|t:|1700902893\n|switch|p2a: Musashi|Golisopod, L40, M|37\/100\n|turn|12\n|\n|t:|1700902898\n|move|p2a: Musashi|First Impression|p1a: Apollon\n|-resisted|p1a: Apollon\n|-damage|p1a: Apollon|75\/100\n|-damage|p2a: Musashi|27\/100|[from] item: Life Orb\n|move|p1a: Apollon|Air Slash|p2a: Musashi\n|-supereffective|p2a: Musashi\n|-damage|p2a: Musashi|0 fnt\n|faint|p2a: Musashi\n|\n|upkeep\n|\n|t:|1700902908\n|switch|p2a: Reinhardt|Darmanitan-Galar, L35, F|100\/100\n|turn|13\n|\n|t:|1700902914\n|move|p1a: Apollon|Flamethrower|p2a: Reinhardt\n|-supereffective|p2a: Reinhardt\n|-damage|p2a: Reinhardt|0 fnt\n|faint|p2a: Reinhardt\n|\n|upkeep\n|c|\u2606Half_A_Ako|fdp\n|\n|t:|1700902922\n|switch|p2a: Gilgamesh|Gabite, L35, F|100\/100\n|turn|14\n|inactive|Battle timer is ON: inactive players will automatically lose when time's up. (requested by Neosouls)\n|inactive|Half_A_Ako has 270 seconds left.\n|inactive|Half_A_Ako has 240 seconds left.\n|inactive|Half_A_Ako has 210 seconds left.\n|l| ArthurXcalibur\n|inactive|Half_A_Ako has 180 seconds left.\n|j| ArthurXcalibur\n|inactive|Half_A_Ako has 150 seconds left.\n|inactive|Half_A_Ako has 120 seconds left.\n|\n|t:|1700903328\n|move|p1a: Apollon|Dragon Breath|p2a: Gilgamesh\n|-supereffective|p2a: Gilgamesh\n|-damage|p2a: Gilgamesh|29\/100\n|move|p2a: Gilgamesh|Dragon Pulse|p1a: Apollon\n|-damage|p1a: Apollon|57\/100\n|\n|upkeep\n|turn|15\n|\n|t:|1700903337\n|move|p1a: Apollon|Dragon Breath|p2a: Gilgamesh\n|-supereffective|p2a: Gilgamesh\n|-damage|p2a: Gilgamesh|0 fnt\n|faint|p2a: Gilgamesh\n|\n|win|Neosouls\n","uploadtime":1700903350,"views":2,"p1id":"neosouls","p2id":"halfaako","formatid":"gen9nationaldexubers","rating":0,"private":0,"password":""}