{"id":"gen9nationaldexubers-1978073908","p1":"MommyMikuNakano","p2":"85792195wwww","format":"[Gen 9] National Dex Ubers","log":"|j|\u2606MommyMikuNakano\n|j|\u260685792195wwww\n|t:|1698495385\n|gametype|singles\n|player|p1|MommyMikuNakano|erika-gen1|1723\n|player|p2|85792195wwww|lady|1843\n|teamsize|p1|6\n|teamsize|p2|6\n|gen|9\n|tier|[Gen 9] National Dex Ubers\n|rated|\n|rule|HP Percentage Mod: HP is shown in percentages\n|rule|Endless Battle Clause: Forcing endless battles is banned\n|rule|OHKO Clause: OHKO moves are banned\n|rule|Evasion Moves Clause: Evasion moves are banned\n|rule|Evasion Items Clause: Evasion items are banned\n|rule|Species Clause: Limit one of each Pok\u00e9mon\n|rule|Sleep Clause Mod: Limit one foe put to sleep\n|rule|Mega Rayquaza Clause: You cannot mega evolve Rayquaza\n|clearpoke\n|poke|p1|Mewtwo|\n|poke|p1|Ditto|\n|poke|p1|Magearna|\n|poke|p1|Kingambit, M|\n|poke|p1|Arceus-Fairy|\n|poke|p1|Groudon|\n|poke|p2|Xerneas-*|\n|poke|p2|Groudon|\n|poke|p2|Calyrex-Ice|\n|poke|p2|Krookodile, F|\n|poke|p2|Zacian-*|\n|poke|p2|Arceus|\n|teampreview\n|inactive|Battle timer is ON: inactive players will automatically lose when time's up. (requested by MommyMikuNakano)\n|\n|t:|1698495398\n|start\n|switch|p1a: Arceus|Arceus-Fairy|100\/100\n|switch|p2a: Zacian|Zacian-Crowned|100\/100\n|-ability|p2a: Zacian|Intrepid Sword|boost\n|-boost|p2a: Zacian|atk|1\n|turn|1\n|\n|t:|1698495406\n|switch|p1a: Groudon|Groudon|100\/100\n|detailschange|p1a: Groudon|Groudon-Primal\n|-primal|p1a: Groudon|Red Orb\n|-weather|DesolateLand|[from] ability: Desolate Land|[of] p1a: Groudon\n|move|p2a: Zacian|Swords Dance|p2a: Zacian\n|-boost|p2a: Zacian|atk|2\n|\n|-weather|DesolateLand|[upkeep]\n|upkeep\n|turn|2\n|\n|t:|1698495424\n|switch|p2a: Krookodile|Krookodile, F|100\/100\n|-ability|p2a: Krookodile|Intimidate|boost\n|-unboost|p1a: Groudon|atk|1\n|-weather|none\n|switch|p1a: Arceus|Arceus-Fairy|100\/100\n|\n|upkeep\n|turn|3\n|\n|t:|1698495432\n|move|p1a: Arceus|Taunt|p2a: Krookodile\n|-start|p2a: Krookodile|move: Taunt\n|move|p2a: Krookodile|Bulldoze|p1a: Arceus\n|-damage|p1a: Arceus|82\/100\n|-unboost|p1a: Arceus|spe|1\n|\n|upkeep\n|turn|4\n|\n|t:|1698495440\n|switch|p2a: Calyrex|Calyrex-Ice|100\/100\n|-ability|p2a: Calyrex|As One\n|-ability|p2a: Calyrex|Unnerve\n|move|p1a: Arceus|Judgment|p2a: Calyrex\n|-damage|p2a: Calyrex|65\/100\n|\n|upkeep\n|turn|5\n|\n|t:|1698495449\n|move|p1a: Arceus|Judgment|p2a: Calyrex\n|-damage|p2a: Calyrex|25\/100\n|move|p2a: Calyrex|Agility|p2a: Calyrex\n|-boost|p2a: Calyrex|spe|2\n|\n|upkeep\n|turn|6\n|\n|t:|1698495460\n|move|p2a: Calyrex|Glacial Lance|p1a: Arceus\n|-damage|p1a: Arceus|34\/100\n|move|p1a: Arceus|Judgment|p2a: Calyrex\n|-damage|p2a: Calyrex|0 fnt\n|faint|p2a: Calyrex\n|\n|upkeep\n|\n|t:|1698495484\n|switch|p2a: Krookodile|Krookodile, F|100\/100\n|-ability|p2a: Krookodile|Intimidate|boost\n|-unboost|p1a: Arceus|atk|1\n|turn|7\n|inactive|MommyMikuNakano has 120 seconds left.\n|\n|t:|1698495518\n|move|p2a: Krookodile|Stealth Rock|p1a: Arceus\n|-sidestart|p1: MommyMikuNakano|move: Stealth Rock\n|move|p1a: Arceus|Judgment|p2a: Krookodile\n|-supereffective|p2a: Krookodile\n|-enditem|p2a: Krookodile|Focus Sash\n|-damage|p2a: Krookodile|1\/100\n|\n|upkeep\n|turn|8\n|\n|t:|1698495527\n|switch|p2a: Zacian|Zacian-Crowned|100\/100\n|move|p1a: Arceus|Recover|p1a: Arceus\n|-heal|p1a: Arceus|84\/100\n|\n|upkeep\n|turn|9\n|\n|t:|1698495534\n|switch|p1a: Groudon|Groudon-Primal|100\/100\n|-damage|p1a: Groudon|88\/100|[from] Stealth Rock\n|-weather|DesolateLand|[from] ability: Desolate Land|[of] p1a: Groudon\n|move|p2a: Zacian|Behemoth Blade|p1a: Groudon\n|-resisted|p1a: Groudon\n|-damage|p1a: Groudon|68\/100\n|\n|-weather|DesolateLand|[upkeep]\n|upkeep\n|turn|10\n|\n|t:|1698495547\n|switch|p2a: Arceus|Arceus|100\/100\n|move|p1a: Groudon|Earthquake|p2a: Arceus\n|-damage|p2a: Arceus|49\/100\n|\n|-weather|DesolateLand|[upkeep]\n|upkeep\n|turn|11\n|\n|t:|1698495554\n|-weather|none\n|switch|p1a: Arceus|Arceus-Fairy|84\/100\n|-damage|p1a: Arceus|71\/100|[from] Stealth Rock\n|move|p2a: Arceus|Earthquake|p1a: Arceus\n|-damage|p1a: Arceus|41\/100\n|-damage|p2a: Arceus|39\/100|[from] item: Life Orb\n|\n|upkeep\n|turn|12\n|\n|t:|1698495565\n|switch|p2a: Zacian|Zacian-Crowned|100\/100\n|move|p1a: Arceus|Recover|p1a: Arceus\n|-heal|p1a: Arceus|91\/100\n|\n|upkeep\n|turn|13\n|\n|t:|1698495577\n|move|p2a: Zacian|Behemoth Blade|p1a: Arceus\n|-supereffective|p1a: Arceus\n|-damage|p1a: Arceus|11\/100\n|move|p1a: Arceus|Judgment|p2a: Zacian\n|-resisted|p2a: Zacian\n|-damage|p2a: Zacian|80\/100\n|\n|upkeep\n|turn|14\n|\n|t:|1698495585\n|move|p2a: Zacian|Behemoth Blade|p1a: Arceus\n|-supereffective|p1a: Arceus\n|-damage|p1a: Arceus|0 fnt\n|faint|p1a: Arceus\n|\n|upkeep\n|\n|t:|1698495587\n|switch|p1a: Ditto|Ditto, shiny|100\/100\n|-damage|p1a: Ditto|88\/100|[from] Stealth Rock\n|-transform|p1a: Ditto|p2a: Zacian|[from] ability: Imposter\n|-ability|p1a: Ditto|Intrepid Sword|boost\n|-boost|p1a: Ditto|atk|1\n|turn|15\n|\n|t:|1698495607\n|switch|p2a: Arceus|Arceus|39\/100\n|move|p1a: Ditto|Behemoth Blade|p2a: Arceus\n|-damage|p2a: Arceus|0 fnt\n|faint|p2a: Arceus\n|\n|upkeep\n|\n|t:|1698495615\n|switch|p2a: Groudon|Groudon|100\/100\n|detailschange|p2a: Groudon|Groudon-Primal\n|-primal|p2a: Groudon|Red Orb\n|-weather|DesolateLand|[from] ability: Desolate Land|[of] p2a: Groudon\n|turn|16\n|\n|t:|1698495639\n|switch|p1a: Kingambit|Kingambit, M|100\/100\n|-damage|p1a: Kingambit|94\/100|[from] Stealth Rock\n|-activate|p1a: Kingambit|ability: Supreme Overlord\n|-start|p1a: Kingambit|fallen1|[silent]\n|move|p2a: Groudon|Heat Crash|p1a: Kingambit\n|-supereffective|p1a: Kingambit\n|-damage|p1a: Kingambit|0 fnt\n|faint|p1a: Kingambit\n|-end|p1a: Kingambit|fallen1|[silent]\n|\n|-weather|DesolateLand|[upkeep]\n|upkeep\n|\n|t:|1698495646\n|switch|p1a: Groudon|Groudon-Primal|68\/100\n|-damage|p1a: Groudon|56\/100|[from] Stealth Rock\n|turn|17\n|\n|t:|1698495659\n|move|p1a: Groudon|Earthquake|p2a: Groudon\n|-supereffective|p2a: Groudon\n|-damage|p2a: Groudon|24\/100\n|move|p2a: Groudon|Precipice Blades|p1a: Groudon\n|-supereffective|p1a: Groudon\n|-damage|p1a: Groudon|0 fnt\n|faint|p1a: Groudon\n|\n|-weather|DesolateLand|[upkeep]\n|upkeep\n|\n|t:|1698495667\n|switch|p1a: Ditto|Ditto, shiny|88\/100\n|-damage|p1a: Ditto|76\/100|[from] Stealth Rock\n|-transform|p1a: Ditto|p2a: Groudon|[from] ability: Imposter\n|turn|18\n|\n|t:|1698495681\n|switch|p2a: Krookodile|Krookodile, F|1\/100\n|-ability|p2a: Krookodile|Intimidate|boost\n|-unboost|p1a: Ditto|atk|1\n|move|p1a: Ditto|Precipice Blades|p2a: Krookodile\n|-damage|p2a: Krookodile|0 fnt\n|faint|p2a: Krookodile\n|\n|-weather|DesolateLand|[upkeep]\n|upkeep\n|\n|t:|1698495704\n|switch|p2a: Zacian|Zacian-Crowned|80\/100\n|turn|19\n|\n|t:|1698495713\n|-terastallize|p2a: Zacian|Ground\n|-terastallize|p1a: Ditto|Ghost\n|move|p2a: Zacian|Tera Blast|p1a: Ditto|[anim] Tera Blast Ground\n|-damage|p1a: Ditto|40\/100\n|move|p1a: Ditto|Precipice Blades|p2a: Zacian\n|-damage|p2a: Zacian|20\/100\n|\n|-weather|DesolateLand|[upkeep]\n|upkeep\n|turn|20\n|inactive|MommyMikuNakano has 120 seconds left.\n|\n|t:|1698495748\n|-weather|none\n|switch|p1a: Mewtwo|Mewtwo|100\/100\n|-damage|p1a: Mewtwo|88\/100|[from] Stealth Rock\n|-ability|p1a: Mewtwo|Pressure\n|move|p2a: Zacian|Behemoth Blade|p1a: Mewtwo\n|-damage|p1a: Mewtwo|26\/100\n|\n|upkeep\n|turn|21\n|inactive|MommyMikuNakano has 120 seconds left.\n|\n|t:|1698495760\n|move|p2a: Zacian|Behemoth Blade|p1a: Mewtwo\n|-damage|p1a: Mewtwo|0 fnt\n|faint|p1a: Mewtwo\n|\n|upkeep\n|\n|t:|1698495762\n|switch|p1a: Ditto|Ditto, shiny, tera:Ghost|40\/100\n|-damage|p1a: Ditto|27\/100|[from] Stealth Rock\n|-transform|p1a: Ditto|p2a: Zacian|[from] ability: Imposter\n|turn|22\n|\n|t:|1698495780\n|move|p1a: Ditto|Tera Blast|p2a: Zacian|[anim] Tera Blast Ghost\n|-damage|p2a: Zacian|0 fnt\n|faint|p2a: Zacian\n|\n|upkeep\n|\n|t:|1698495788\n|switch|p2a: Groudon|Groudon-Primal|24\/100\n|-weather|DesolateLand|[from] ability: Desolate Land|[of] p2a: Groudon\n|turn|23\n|\n|t:|1698495797\n|move|p1a: Ditto|Tera Blast|p2a: Groudon|[anim] Tera Blast Ghost\n|-damage|p2a: Groudon|0 fnt\n|faint|p2a: Groudon\n|-weather|none\n|\n|upkeep\n|\n|t:|1698495802\n|switch|p2a: Xerneas|Xerneas|100\/100\n|-ability|p2a: Xerneas|Fairy Aura\n|turn|24\n|\n|t:|1698495810\n|move|p1a: Ditto|Tera Blast|p2a: Xerneas|[anim] Tera Blast Ghost\n|-damage|p2a: Xerneas|66\/100\n|move|p2a: Xerneas|Moonblast|p1a: Ditto\n|-damage|p1a: Ditto|0 fnt\n|faint|p1a: Ditto\n|\n|upkeep\n|\n|t:|1698495813\n|switch|p1a: Magearna|Magearna|100\/100\n|-damage|p1a: Magearna|94\/100|[from] Stealth Rock\n|turn|25\n|\n|t:|1698495822\n|move|p2a: Xerneas|Focus Blast|p1a: Magearna\n|-damage|p1a: Magearna|67\/100\n|move|p1a: Magearna|Fleur Cannon|p2a: Xerneas|[miss]\n|-miss|p1a: Magearna|p2a: Xerneas\n|\n|upkeep\n|turn|26\n|\n|t:|1698495832\n|move|p2a: Xerneas|Focus Blast|p1a: Magearna\n|-damage|p1a: Magearna|40\/100\n|-unboost|p1a: Magearna|spd|1\n|move|p1a: Magearna|Fleur Cannon|p2a: Xerneas\n|-damage|p2a: Xerneas|1\/100\n|-unboost|p1a: Magearna|spa|2\n|\n|upkeep\n|turn|27\n|\n|t:|1698495845\n|move|p2a: Xerneas|Focus Blast|p1a: Magearna|[miss]\n|-miss|p2a: Xerneas|p1a: Magearna\n|move|p1a: Magearna|Fleur Cannon|p2a: Xerneas\n|-damage|p2a: Xerneas|0 fnt\n|-unboost|p1a: Magearna|spa|2\n|faint|p2a: Xerneas\n|\n|win|MommyMikuNakano\n|raw|MommyMikuNakano's rating: 1723 &rarr; <strong>1750<\/strong><br \/>(+27 for winning)\n|raw|85792195wwww's rating: 1843 &rarr; <strong>1816<\/strong><br \/>(-27 for losing)\n|l|\u260685792195wwww\n|l|\u2606MommyMikuNakano\n","uploadtime":1698495868,"views":9,"p1id":"mommymikunakano","p2id":"85792195wwww","formatid":"gen9nationaldexubers","rating":1750,"private":0,"password":""}