{"id":"gen9nationaldexubers-1998491005","p1":"Kebabologist","p2":"Mago_Louis","format":"[Gen 9] National Dex Ubers","log":"|j|\u2606Kebabologist\n|j|\u2606Mago_Louis\n|t:|1700948297\n|gametype|singles\n|player|p1|Kebabologist|benga|1150\n|player|p2|Mago_Louis|nate|1175\n|teamsize|p1|6\n|teamsize|p2|6\n|gen|9\n|tier|[Gen 9] National Dex Ubers\n|rated|\n|rule|HP Percentage Mod: HP is shown in percentages\n|rule|Endless Battle Clause: Forcing endless battles is banned\n|rule|OHKO Clause: OHKO moves are banned\n|rule|Evasion Moves Clause: Evasion moves are banned\n|rule|Evasion Items Clause: Evasion items are banned\n|rule|Species Clause: Limit one of each Pok\u00e9mon\n|rule|Sleep Clause Mod: Limit one foe put to sleep\n|rule|Mega Rayquaza Clause: You cannot mega evolve Rayquaza\n|clearpoke\n|poke|p1|Blaziken, F|\n|poke|p1|Hydreigon, M|\n|poke|p1|Aegislash, F|\n|poke|p1|Manectric, M|\n|poke|p1|Sharpedo, M|\n|poke|p1|Aerodactyl, F|\n|poke|p2|Magearna|\n|poke|p2|Celesteela|\n|poke|p2|Espeon, F|\n|poke|p2|Omastar, F|\n|poke|p2|Xerneas-*|\n|poke|p2|Marshadow|\n|teampreview\n|inactive|Battle timer is ON: inactive players will automatically lose when time's up. (requested by Kebabologist)\n|\n|t:|1700948303\n|start\n|switch|p1a: Aerodactyl|Aerodactyl, F|100\/100\n|switch|p2a: Celesteela|Celesteela|100\/100\n|-ability|p1a: Aerodactyl|Pressure\n|turn|1\n|\n|t:|1700948310\n|move|p1a: Aerodactyl|Taunt|p2a: Celesteela\n|-start|p2a: Celesteela|move: Taunt\n|cant|p2a: Celesteela|move: Taunt|Leech Seed\n|\n|upkeep\n|turn|2\n|\n|t:|1700948314\n|switch|p2a: Magearna|Magearna|100\/100\n|move|p1a: Aerodactyl|Stealth Rock|p2a: Magearna\n|-sidestart|p2: Mago_Louis|move: Stealth Rock\n|\n|upkeep\n|turn|3\n|\n|t:|1700948322\n|move|p1a: Aerodactyl|Taunt|p2a: Magearna\n|-start|p2a: Magearna|move: Taunt\n|move|p2a: Magearna|Fleur Cannon|p1a: Aerodactyl|[miss]\n|-miss|p2a: Magearna|p1a: Aerodactyl\n|\n|upkeep\n|turn|4\n|\n|t:|1700948336\n|move|p1a: Aerodactyl|Stone Edge|p2a: Magearna\n|-resisted|p2a: Magearna\n|-damage|p2a: Magearna|86\/100\n|move|p2a: Magearna|Volt Switch|p1a: Aerodactyl\n|-supereffective|p1a: Aerodactyl\n|-damage|p1a: Aerodactyl|53\/100\n|\n|t:|1700948342\n|switch|p2a: Omastar|Omastar, F|100\/100|[from] Volt Switch\n|-damage|p2a: Omastar|88\/100|[from] Stealth Rock\n|\n|upkeep\n|turn|5\n|\n|t:|1700948347\n|move|p1a: Aerodactyl|Taunt|p2a: Omastar\n|-start|p2a: Omastar|move: Taunt\n|cant|p2a: Omastar|move: Taunt|Shell Smash\n|\n|upkeep\n|turn|6\n|\n|t:|1700948351\n|move|p1a: Aerodactyl|Stone Edge|p2a: Omastar\n|-damage|p2a: Omastar|53\/100\n|-ability|p2a: Omastar|Weak Armor|boost\n|-unboost|p2a: Omastar|def|1\n|-boost|p2a: Omastar|spe|2\n|-enditem|p2a: Omastar|White Herb\n|-clearnegativeboost|p2a: Omastar|[silent]\n|move|p2a: Omastar|Hydro Pump|p1a: Aerodactyl|[miss]\n|-miss|p2a: Omastar|p1a: Aerodactyl\n|\n|upkeep\n|turn|7\n|\n|t:|1700948359\n|move|p2a: Omastar|Hydro Pump|p1a: Aerodactyl\n|-supereffective|p1a: Aerodactyl\n|-damage|p1a: Aerodactyl|0 fnt\n|faint|p1a: Aerodactyl\n|\n|-end|p2a: Omastar|move: Taunt\n|upkeep\n|\n|t:|1700948363\n|switch|p1a: Manectric|Manectric, M, shiny|100\/100\n|turn|8\n|\n|t:|1700948378\n|move|p1a: Manectric|Thunderbolt|p2a: Omastar\n|-supereffective|p2a: Omastar\n|-damage|p2a: Omastar|0 fnt\n|faint|p2a: Omastar\n|\n|upkeep\n|\n|t:|1700948387\n|switch|p2a: Magearna|Magearna|86\/100\n|-damage|p2a: Magearna|80\/100|[from] Stealth Rock\n|turn|9\n|\n|t:|1700948396\n|move|p1a: Manectric|Thunderbolt|p2a: Magearna\n|-damage|p2a: Magearna|54\/100\n|move|p2a: Magearna|Pain Split|p1a: Manectric\n|-sethp|p1a: Manectric|85\/100|[from] move: Pain Split|[silent]\n|-sethp|p2a: Magearna|66\/100|[from] move: Pain Split\n|\n|-heal|p2a: Magearna|72\/100|[from] item: Leftovers\n|upkeep\n|turn|10\n|\n|t:|1700948403\n|move|p1a: Manectric|Thunderbolt|p2a: Magearna\n|-damage|p2a: Magearna|49\/100\n|move|p2a: Magearna|Fleur Cannon|p1a: Manectric\n|-damage|p1a: Manectric|0 fnt\n|-unboost|p2a: Magearna|spa|2\n|faint|p1a: Manectric\n|-ability|p2a: Magearna|Soul-Heart|boost\n|-boost|p2a: Magearna|spa|1\n|\n|-heal|p2a: Magearna|55\/100|[from] item: Leftovers\n|upkeep\n|\n|t:|1700948405\n|switch|p1a: Blaziken|Blaziken, F|100\/100\n|turn|11\n|\n|t:|1700948409\n|detailschange|p1a: Blaziken|Blaziken-Mega, F\n|-mega|p1a: Blaziken|Blaziken|Blazikenite\n|move|p1a: Blaziken|Swords Dance|p1a: Blaziken\n|-boost|p1a: Blaziken|atk|2\n|move|p2a: Magearna|Heart Swap|p1a: Blaziken\n|-swapboost|p2a: Magearna|p1a: Blaziken|[from] move: Heart Swap\n|\n|-heal|p2a: Magearna|61\/100|[from] item: Leftovers\n|-ability|p1a: Blaziken|Speed Boost|boost\n|-boost|p1a: Blaziken|spe|1\n|upkeep\n|turn|12\n|\n|t:|1700948422\n|move|p1a: Blaziken|Swords Dance|p1a: Blaziken\n|-boost|p1a: Blaziken|atk|2\n|move|p2a: Magearna|Volt Switch|p1a: Blaziken\n|-damage|p1a: Blaziken|74\/100\n|\n|t:|1700948427\n|switch|p2a: Espeon|Espeon, F|100\/100|[from] Volt Switch\n|-damage|p2a: Espeon|88\/100|[from] Stealth Rock\n|\n|-ability|p1a: Blaziken|Speed Boost|boost\n|-boost|p1a: Blaziken|spe|1\n|upkeep\n|turn|13\n|\n|t:|1700948437\n|move|p1a: Blaziken|Fire Punch|p2a: Espeon\n|-damage|p2a: Espeon|0 fnt\n|faint|p2a: Espeon\n|\n|-ability|p1a: Blaziken|Speed Boost|boost\n|-boost|p1a: Blaziken|spe|1\n|upkeep\n|\n|t:|1700948444\n|switch|p2a: Marshadow|Marshadow|100\/100\n|-damage|p2a: Marshadow|94\/100|[from] Stealth Rock\n|turn|14\n|\n|t:|1700948448\n|move|p1a: Blaziken|Fire Punch|p2a: Marshadow\n|-damage|p2a: Marshadow|0 fnt\n|faint|p2a: Marshadow\n|\n|-ability|p1a: Blaziken|Speed Boost|boost\n|-boost|p1a: Blaziken|spe|1\n|upkeep\n|\n|t:|1700948452\n|switch|p2a: Xerneas|Xerneas|100\/100\n|-damage|p2a: Xerneas|88\/100|[from] Stealth Rock\n|-ability|p2a: Xerneas|Fairy Aura\n|turn|15\n|\n|t:|1700948454\n|move|p1a: Blaziken|Fire Punch|p2a: Xerneas\n|-damage|p2a: Xerneas|34\/100\n|-zpower|p2a: Xerneas\n|move|p2a: Xerneas|Z-Geomancy||[anim]Geomancy|[still]\n|-boost|p2a: Xerneas|atk|1|[zeffect]\n|-boost|p2a: Xerneas|def|1|[zeffect]\n|-boost|p2a: Xerneas|spa|1|[zeffect]\n|-boost|p2a: Xerneas|spd|1|[zeffect]\n|-boost|p2a: Xerneas|spe|1|[zeffect]\n|-prepare|p2a: Xerneas|Geomancy\n|\n|-ability|p1a: Blaziken|Speed Boost|boost\n|-boost|p1a: Blaziken|spe|1\n|upkeep\n|turn|16\n|\n|t:|1700948458\n|move|p1a: Blaziken|Fire Punch|p2a: Xerneas\n|-damage|p2a: Xerneas|0 fnt\n|faint|p2a: Xerneas\n|\n|-ability|p1a: Blaziken|Speed Boost|boost\n|-boost|p1a: Blaziken|spe|1\n|upkeep\n|\n|t:|1700948461\n|switch|p2a: Celesteela|Celesteela|100\/100\n|-damage|p2a: Celesteela|88\/100|[from] Stealth Rock\n|turn|17\n|\n|t:|1700948465\n|move|p1a: Blaziken|Fire Punch|p2a: Celesteela\n|-supereffective|p2a: Celesteela\n|-damage|p2a: Celesteela|0 fnt\n|faint|p2a: Celesteela\n|\n|upkeep\n|\n|t:|1700948467\n|switch|p2a: Magearna|Magearna|61\/100\n|-damage|p2a: Magearna|55\/100|[from] Stealth Rock\n|turn|18\n|\n|t:|1700948472\n|move|p1a: Blaziken|Fire Punch|p2a: Magearna\n|-supereffective|p2a: Magearna\n|-damage|p2a: Magearna|0 fnt\n|faint|p2a: Magearna\n|\n|win|Kebabologist\n|raw|Kebabologist's rating: 1150 &rarr; <strong>1177<\/strong><br \/>(+27 for winning)\n|raw|Mago_Louis's rating: 1175 &rarr; <strong>1148<\/strong><br \/>(-27 for losing)\n|l|\u2606Mago_Louis\n","uploadtime":1700948481,"views":2,"p1id":"kebabologist","p2id":"magolouis","formatid":"gen9nationaldexubers","rating":1148,"private":0,"password":""}