{"id":"gen9nationaldexubers-1992176348","p1":"Aaronha02","p2":"daniel4345","format":"[Gen 9] National Dex Ubers","log":"|j|\u2606Aaronha02\n|j|\u2606daniel4345\n|t:|1700161327\n|gametype|singles\n|player|p1|Aaronha02|266|1370\n|player|p2|daniel4345|169|1423\n|teamsize|p1|6\n|teamsize|p2|6\n|gen|9\n|tier|[Gen 9] National Dex Ubers\n|rated|\n|rule|HP Percentage Mod: HP is shown in percentages\n|rule|Endless Battle Clause: Forcing endless battles is banned\n|rule|OHKO Clause: OHKO moves are banned\n|rule|Evasion Moves Clause: Evasion moves are banned\n|rule|Evasion Items Clause: Evasion items are banned\n|rule|Species Clause: Limit one of each Pok\u00e9mon\n|rule|Sleep Clause Mod: Limit one foe put to sleep\n|rule|Mega Rayquaza Clause: You cannot mega evolve Rayquaza\n|clearpoke\n|poke|p1|Groudon|\n|poke|p1|Lugia|\n|poke|p1|Ditto|\n|poke|p1|Zacian-*|\n|poke|p1|Kyogre|\n|poke|p1|Regieleki|\n|poke|p2|Dracovish|\n|poke|p2|Metagross|\n|poke|p2|Arceus|\n|poke|p2|Landorus-Therian, M|\n|poke|p2|Zacian-*|\n|poke|p2|Marshadow|\n|teampreview\n|inactive|Battle timer is ON: inactive players will automatically lose when time's up. (requested by Aaronha02)\n|\n|t:|1700161335\n|start\n|switch|p1a: Not Broken at all|Groudon, shiny|100\/100\n|switch|p2a: Dracovish|Dracovish, shiny|100\/100\n|detailschange|p1a: Not Broken at all|Groudon-Primal, shiny\n|-primal|p1a: Not Broken at all|Red Orb\n|-weather|DesolateLand|[from] ability: Desolate Land|[of] p1a: Not Broken at all\n|turn|1\n|\n|t:|1700161344\n|switch|p2a: Landorus|Landorus-Therian, M, shiny|100\/100\n|-ability|p2a: Landorus|Intimidate|boost\n|-unboost|p1a: Not Broken at all|atk|1\n|move|p1a: Not Broken at all|Stealth Rock|p2a: Landorus\n|-sidestart|p2: daniel4345|move: Stealth Rock\n|\n|-weather|DesolateLand|[upkeep]\n|upkeep\n|turn|2\n|\n|t:|1700161350\n|-weather|none\n|switch|p1a: Soul Silver|Lugia, shiny|100\/100\n|move|p2a: Landorus|Earthquake|p1a: Soul Silver\n|-immune|p1a: Soul Silver\n|\n|upkeep\n|turn|3\n|\n|t:|1700161358\n|move|p2a: Landorus|Defog|p1a: Soul Silver\n|-unboost|p1a: Soul Silver|evasion|1\n|-sideend|p2: daniel4345|Stealth Rock|[from] move: Defog|[of] p2a: Landorus\n|move|p1a: Soul Silver|Toxic|p2a: Landorus\n|-status|p2a: Landorus|tox\n|\n|-damage|p2a: Landorus|94\/100 tox|[from] psn\n|upkeep\n|turn|4\n|\n|t:|1700161375\n|move|p2a: Landorus|U-turn|p1a: Soul Silver\n|-damage|p1a: Soul Silver|93\/100\n|\n|t:|1700161378\n|switch|p2a: Metagross|Metagross|100\/100|[from] U-turn\n|move|p1a: Soul Silver|Aeroblast|p2a: Metagross\n|-resisted|p2a: Metagross\n|-damage|p2a: Metagross|80\/100\n|\n|-heal|p1a: Soul Silver|99\/100|[from] item: Leftovers\n|upkeep\n|turn|5\n|\n|t:|1700161391\n|detailschange|p2a: Metagross|Metagross-Mega\n|-mega|p2a: Metagross|Metagross|Metagrossite\n|move|p2a: Metagross|Ice Punch|p1a: Soul Silver\n|-supereffective|p1a: Soul Silver\n|-damage|p1a: Soul Silver|48\/100\n|move|p1a: Soul Silver|Aeroblast|p2a: Metagross\n|-resisted|p2a: Metagross\n|-crit|p2a: Metagross\n|-damage|p2a: Metagross|53\/100\n|\n|-heal|p1a: Soul Silver|55\/100|[from] item: Leftovers\n|upkeep\n|turn|6\n|\n|t:|1700161400\n|switch|p1a: Not Broken at all|Groudon-Primal, shiny|100\/100\n|-weather|DesolateLand|[from] ability: Desolate Land|[of] p1a: Not Broken at all\n|move|p2a: Metagross|Ice Punch|p1a: Not Broken at all\n|-damage|p1a: Not Broken at all|80\/100\n|\n|-weather|DesolateLand|[upkeep]\n|upkeep\n|turn|7\n|\n|t:|1700161408\n|move|p2a: Metagross|Earthquake|p1a: Not Broken at all\n|-supereffective|p1a: Not Broken at all\n|-damage|p1a: Not Broken at all|40\/100\n|move|p1a: Not Broken at all|Stealth Rock|p2a: Metagross\n|-sidestart|p2: daniel4345|move: Stealth Rock\n|\n|-weather|DesolateLand|[upkeep]\n|upkeep\n|turn|8\n|\n|t:|1700161411\n|move|p2a: Metagross|Earthquake|p1a: Not Broken at all\n|-supereffective|p1a: Not Broken at all\n|-damage|p1a: Not Broken at all|0 fnt\n|faint|p1a: Not Broken at all\n|-weather|none\n|\n|upkeep\n|\n|t:|1700161419\n|switch|p1a: The Best Boy|Zacian-Crowned, shiny|100\/100\n|-ability|p1a: The Best Boy|Intrepid Sword|boost\n|-boost|p1a: The Best Boy|atk|1\n|turn|9\n|\n|t:|1700161422\n|move|p2a: Metagross|Bullet Punch|p1a: The Best Boy\n|-damage|p1a: The Best Boy|71\/100\n|move|p1a: The Best Boy|Close Combat|p2a: Metagross\n|-damage|p2a: Metagross|0 fnt\n|-unboost|p1a: The Best Boy|def|1\n|-unboost|p1a: The Best Boy|spd|1\n|faint|p2a: Metagross\n|\n|upkeep\n|\n|t:|1700161432\n|switch|p2a: Landorus|Landorus-Therian, M, shiny|94\/100 tox\n|-damage|p2a: Landorus|82\/100 tox|[from] Stealth Rock\n|-ability|p2a: Landorus|Intimidate|boost\n|-unboost|p1a: The Best Boy|atk|1\n|turn|10\n|\n|t:|1700161443\n|move|p1a: The Best Boy|Behemoth Blade|p2a: Landorus\n|-damage|p2a: Landorus|9\/100 tox\n|move|p2a: Landorus|Earthquake|p1a: The Best Boy\n|-supereffective|p1a: The Best Boy\n|-damage|p1a: The Best Boy|0 fnt\n|faint|p1a: The Best Boy\n|\n|-heal|p2a: Landorus|15\/100 tox|[from] item: Leftovers\n|-damage|p2a: Landorus|9\/100 tox|[from] psn\n|upkeep\n|\n|t:|1700161449\n|switch|p1a: One Zap One Kill|Regieleki, shiny|100\/100\n|turn|11\n|\n|t:|1700161452\n|move|p1a: One Zap One Kill|Tera Blast|p2a: Landorus\n|-damage|p2a: Landorus|0 fnt\n|faint|p2a: Landorus\n|\n|upkeep\n|\n|t:|1700161460\n|switch|p2a: Arceus|Arceus, shiny|100\/100\n|-damage|p2a: Arceus|88\/100|[from] Stealth Rock\n|turn|12\n|inactive|Aaronha02 has 120 seconds left.\n|inactive|Aaronha02 has 90 seconds left.\n|\n|t:|1700161531\n|move|p1a: One Zap One Kill|Thunderbolt|p2a: Arceus\n|-damage|p2a: Arceus|40\/100\n|-status|p2a: Arceus|par\n|cant|p2a: Arceus|par\n|\n|upkeep\n|turn|13\n|c|\u2606Aaronha02|uff\n|\n|t:|1700161544\n|move|p2a: Arceus|Extreme Speed|p1a: One Zap One Kill\n|-damage|p1a: One Zap One Kill|0 fnt\n|faint|p1a: One Zap One Kill\n|-damage|p2a: Arceus|30\/100 par|[from] item: Life Orb\n|\n|upkeep\n|\n|t:|1700161558\n|switch|p1a: Soul Silver|Lugia, shiny|55\/100\n|turn|14\n|\n|t:|1700161560\n|move|p1a: Soul Silver|Roost|p1a: Soul Silver\n|-heal|p1a: Soul Silver|100\/100\n|-singleturn|p1a: Soul Silver|move: Roost\n|cant|p2a: Arceus|par\n|\n|upkeep\n|turn|15\n|\n|t:|1700161564\n|move|p1a: Soul Silver|Aeroblast|p2a: Arceus\n|-damage|p2a: Arceus|6\/100 par\n|move|p2a: Arceus|Recover|p2a: Arceus\n|-heal|p2a: Arceus|56\/100 par\n|\n|upkeep\n|turn|16\n|\n|t:|1700161570\n|move|p1a: Soul Silver|Aeroblast|p2a: Arceus\n|-damage|p2a: Arceus|30\/100 par\n|move|p2a: Arceus|Recover|p2a: Arceus\n|-heal|p2a: Arceus|80\/100 par\n|\n|upkeep\n|turn|17\n|\n|t:|1700161574\n|switch|p1a: Promblem?|Kyogre, shiny|100\/100\n|detailschange|p1a: Promblem?|Kyogre-Primal, shiny\n|-primal|p1a: Promblem?|Blue Orb\n|-weather|PrimordialSea|[from] ability: Primordial Sea|[of] p1a: Promblem?\n|move|p2a: Arceus|Swords Dance|p2a: Arceus\n|-boost|p2a: Arceus|atk|2\n|\n|-weather|PrimordialSea|[upkeep]\n|upkeep\n|turn|18\n|\n|t:|1700161577\n|cant|p2a: Arceus|par\n|move|p1a: Promblem?|Water Spout|p2a: Arceus\n|-damage|p2a: Arceus|0 fnt\n|faint|p2a: Arceus\n|\n|-weather|PrimordialSea|[upkeep]\n|upkeep\n|\n|t:|1700161582\n|switch|p2a: Zacian|Zacian-Crowned|100\/100\n|-damage|p2a: Zacian|94\/100|[from] Stealth Rock\n|-ability|p2a: Zacian|Intrepid Sword|boost\n|-boost|p2a: Zacian|atk|1\n|turn|19\n|\n|t:|1700161587\n|move|p2a: Zacian|Wild Charge|p1a: Promblem?\n|-supereffective|p1a: Promblem?\n|-damage|p1a: Promblem?|5\/100\n|-damage|p2a: Zacian|65\/100|[from] Recoil\n|move|p1a: Promblem?|Scald|p2a: Zacian\n|-damage|p2a: Zacian|0 fnt\n|faint|p2a: Zacian\n|\n|-weather|PrimordialSea|[upkeep]\n|upkeep\n|\n|t:|1700161591\n|switch|p2a: Marshadow|Marshadow|100\/100\n|-damage|p2a: Marshadow|94\/100|[from] Stealth Rock\n|turn|20\n|\n|t:|1700161594\n|move|p2a: Marshadow|Shadow Sneak|p1a: Promblem?\n|-damage|p1a: Promblem?|0 fnt\n|faint|p1a: Promblem?\n|-weather|none\n|\n|upkeep\n|\n|t:|1700161599\n|switch|p1a: Uno Reverse|Ditto, shiny|100\/100\n|-transform|p1a: Uno Reverse|p2a: Marshadow|[from] ability: Imposter\n|turn|21\n|\n|t:|1700161605\n|-terastallize|p2a: Marshadow|Normal\n|move|p1a: Uno Reverse|Spectral Thief|p2a: Marshadow\n|-immune|p2a: Marshadow\n|move|p2a: Marshadow|Spectral Thief|p1a: Uno Reverse\n|-supereffective|p1a: Uno Reverse\n|-damage|p1a: Uno Reverse|0 fnt\n|faint|p1a: Uno Reverse\n|\n|upkeep\n|c|\u2606daniel4345|oof\n|c|\u2606Aaronha02|bro peaple who use tera are just bad lol\n|inactive|Aaronha02 has 120 seconds left.\n|n|!Aaronha02|aaronha02\n|c|\u2606daniel4345|ok the 1 who losing\n|\n|t:|1700161654\n|switch|p1a: Soul Silver|Lugia, shiny|100\/100\n|turn|22\n|inactive|Aaronha02 has 90 seconds left.\n|inactive|Aaronha02 has 60 seconds left.\n|-message|Aaronha02 forfeited.\n|\n|win|daniel4345\n|raw|Aaronha02's rating: 1370 &rarr; <strong>1353<\/strong><br \/>(-17 for losing)\n|raw|daniel4345's rating: 1423 &rarr; <strong>1440<\/strong><br \/>(+17 for winning)\n|l|!Aaronha02\n","uploadtime":1700161642,"views":8,"p1id":"aaronha02","p2id":"daniel4345","formatid":"gen9nationaldexubers","rating":1353,"private":0,"password":""}