{"id":"gen9nationaldexubers-1988100400","p1":"HarmTurtle","p2":"Rio34","format":"[Gen 9] National Dex Ubers","log":"|j|\u2606HarmTurtle\n|j|\u2606Rio34\n|t:|1699669541\n|gametype|singles\n|player|p1|HarmTurtle|carmine-festival|\n|player|p2|Rio34|riley|\n|teamsize|p1|6\n|teamsize|p2|6\n|gen|9\n|tier|[Gen 9] National Dex Ubers\n|rule|HP Percentage Mod: HP is shown in percentages\n|rule|Endless Battle Clause: Forcing endless battles is banned\n|rule|OHKO Clause: OHKO moves are banned\n|rule|Evasion Moves Clause: Evasion moves are banned\n|rule|Evasion Items Clause: Evasion items are banned\n|rule|Species Clause: Limit one of each Pok\u00e9mon\n|rule|Sleep Clause Mod: Limit one foe put to sleep\n|rule|Mega Rayquaza Clause: You cannot mega evolve Rayquaza\n|clearpoke\n|poke|p1|Veluza, M|\n|poke|p1|Ninetales-Alola, F|\n|poke|p1|Absol, F|\n|poke|p1|Tauros-Paldea-Aqua, M|\n|poke|p1|Turtonator, M|\n|poke|p1|Gogoat, F|\n|poke|p2|Celesteela|\n|poke|p2|Chimecho, F|\n|poke|p2|Goodra-Hisui, F|\n|poke|p2|Muk-Alola, M|\n|poke|p2|Revavroom, M|\n|poke|p2|Escavalier, M|\n|teampreview\n|c|\u2606HarmTurtle|gl hf! part 2\n|\n|t:|1699669547\n|start\n|switch|p1a: lottery ticket|Absol, F, shiny|100\/100\n|switch|p2a: Chimecho|Chimecho, F|100\/100\n|-ability|p1a: lottery ticket|Pressure\n|turn|1\n|\n|t:|1699669556\n|detailschange|p1a: lottery ticket|Absol-Mega, F, shiny\n|-mega|p1a: lottery ticket|Absol|Absolite\n|move|p1a: lottery ticket|Knock Off|p2a: Chimecho\n|-supereffective|p2a: Chimecho\n|-enditem|p2a: Chimecho|Focus Sash\n|-damage|p2a: Chimecho|1\/100\n|move|p2a: Chimecho|Trick Room|p2a: Chimecho\n|-fieldstart|move: Trick Room|[of] p2a: Chimecho\n|\n|upkeep\n|turn|2\n|\n|t:|1699669569\n|-activate|p2a: Chimecho|move: Pursuit\n|move|p1a: lottery ticket|Pursuit|p2a: Chimecho|[from]Pursuit\n|-supereffective|p2a: Chimecho\n|-damage|p2a: Chimecho|0 fnt\n|faint|p2a: Chimecho\n|-hint|A Pokemon can't switch between when it runs out of HP and when it faints\n|\n|upkeep\n|\n|t:|1699669582\n|switch|p2a: Revavroom|Revavroom, M|100\/100\n|turn|3\n|\n|t:|1699669587\n|switch|p1a: aaaaaAAAA|Tauros-Paldea-Aqua, M|100\/100\n|-ability|p1a: aaaaaAAAA|Intimidate|boost\n|-unboost|p2a: Revavroom|atk|1\n|move|p2a: Revavroom|Spin Out|p1a: aaaaaAAAA\n|-resisted|p1a: aaaaaAAAA\n|-damage|p1a: aaaaaAAAA|82\/100\n|-unboost|p2a: Revavroom|spe|2\n|\n|upkeep\n|turn|4\n|\n|t:|1699669605\n|switch|p1a: turts mcgee|Turtonator, M, shiny|100\/100\n|move|p2a: Revavroom|Spin Out|p1a: turts mcgee\n|-resisted|p1a: turts mcgee\n|-damage|p1a: turts mcgee|87\/100\n|-unboost|p2a: Revavroom|spe|2\n|\n|upkeep\n|turn|5\n|\n|t:|1699669615\n|switch|p1a: go go gadget W|Gogoat, F|100\/100\n|move|p2a: Revavroom|High Horsepower|p1a: go go gadget W\n|-resisted|p1a: go go gadget W\n|-damage|p1a: go go gadget W|89\/100\n|\n|-fieldend|move: Trick Room\n|upkeep\n|turn|6\n|\n|t:|1699669624\n|move|p1a: go go gadget W|Substitute|p1a: go go gadget W\n|-start|p1a: go go gadget W|Substitute\n|-damage|p1a: go go gadget W|64\/100\n|move|p2a: Revavroom|Taunt|p1a: go go gadget W\n|-start|p1a: go go gadget W|move: Taunt\n|\n|upkeep\n|turn|7\n|\n|t:|1699669634\n|move|p1a: go go gadget W|Horn Leech|p2a: Revavroom\n|-resisted|p2a: Revavroom\n|-damage|p2a: Revavroom|92\/100\n|-heal|p1a: go go gadget W|68\/100|[from] drain|[of] p2a: Revavroom\n|move|p2a: Revavroom|Spin Out|p1a: go go gadget W\n|-end|p1a: go go gadget W|Substitute\n|-unboost|p2a: Revavroom|spe|2\n|\n|upkeep\n|turn|8\n|\n|t:|1699669651\n|switch|p1a: aaaaaAAAA|Tauros-Paldea-Aqua, M|82\/100\n|-ability|p1a: aaaaaAAAA|Intimidate|boost\n|-unboost|p2a: Revavroom|atk|1\n|move|p2a: Revavroom|Spin Out|p1a: aaaaaAAAA\n|-resisted|p1a: aaaaaAAAA\n|-damage|p1a: aaaaaAAAA|66\/100\n|\n|upkeep\n|turn|9\n|\n|t:|1699669667\n|switch|p2a: Celesteela|Celesteela|100\/100\n|move|p1a: aaaaaAAAA|Raging Bull|p2a: Celesteela\n|-damage|p2a: Celesteela|68\/100\n|\n|-heal|p2a: Celesteela|74\/100|[from] item: Leftovers\n|upkeep\n|turn|10\n|\n|t:|1699669700\n|switch|p1a: turts mcgee|Turtonator, M, shiny|87\/100\n|move|p2a: Celesteela|Zen Headbutt|p1a: turts mcgee\n|-damage|p1a: turts mcgee|64\/100\n|\n|-heal|p2a: Celesteela|80\/100|[from] item: Leftovers\n|upkeep\n|turn|11\n|\n|t:|1699669719\n|move|p1a: turts mcgee|Taunt|p2a: Celesteela\n|-start|p2a: Celesteela|move: Taunt\n|move|p2a: Celesteela|Stomping Tantrum|p1a: turts mcgee\n|-supereffective|p1a: turts mcgee\n|-damage|p1a: turts mcgee|21\/100\n|\n|-heal|p2a: Celesteela|86\/100|[from] item: Leftovers\n|upkeep\n|turn|12\n|\n|t:|1699669727\n|move|p1a: turts mcgee|Taunt||[still]\n|-fail|p1a: turts mcgee\n|move|p2a: Celesteela|Stomping Tantrum|p1a: turts mcgee\n|-supereffective|p1a: turts mcgee\n|-damage|p1a: turts mcgee|0 fnt\n|faint|p1a: turts mcgee\n|-ability|p2a: Celesteela|Beast Boost|boost\n|-boost|p2a: Celesteela|atk|1\n|\n|-heal|p2a: Celesteela|92\/100|[from] item: Leftovers\n|upkeep\n|\n|t:|1699669730\n|switch|p1a: the other GOAT|Ninetales-Alola, F|100\/100\n|-weather|Snow|[from] ability: Snow Warning|[of] p1a: the other GOAT\n|turn|13\n|\n|t:|1699669738\n|move|p1a: the other GOAT|Aurora Veil|p1a: the other GOAT\n|-sidestart|p1: HarmTurtle|move: Aurora Veil\n|move|p2a: Celesteela|Gyro Ball|p1a: the other GOAT\n|-supereffective|p1a: the other GOAT\n|-damage|p1a: the other GOAT|4\/100\n|\n|-weather|Snow|[upkeep]\n|-heal|p2a: Celesteela|98\/100|[from] item: Leftovers\n|-end|p2a: Celesteela|move: Taunt\n|upkeep\n|turn|14\n|\n|t:|1699669766\n|switch|p1a: aaaaaAAAA|Tauros-Paldea-Aqua, M|66\/100\n|-ability|p1a: aaaaaAAAA|Intimidate|boost\n|-unboost|p2a: Celesteela|atk|1\n|move|p2a: Celesteela|Gyro Ball|p1a: aaaaaAAAA\n|-resisted|p1a: aaaaaAAAA\n|-damage|p1a: aaaaaAAAA|56\/100\n|\n|-weather|Snow|[upkeep]\n|-heal|p2a: Celesteela|100\/100|[from] item: Leftovers\n|upkeep\n|turn|15\n|\n|t:|1699669776\n|switch|p1a: veluzer|Veluza, M|100\/100\n|move|p2a: Celesteela|Zen Headbutt|p1a: veluzer\n|-resisted|p1a: veluzer\n|-damage|p1a: veluzer|91\/100\n|\n|-weather|Snow|[upkeep]\n|upkeep\n|turn|16\n|\n|t:|1699669785\n|move|p1a: veluzer|Fillet Away|p1a: veluzer\n|-boost|p1a: veluzer|atk|2\n|-boost|p1a: veluzer|spa|2\n|-boost|p1a: veluzer|spe|2\n|-damage|p1a: veluzer|41\/100\n|-enditem|p1a: veluzer|Sitrus Berry|[eat]\n|-heal|p1a: veluzer|65\/100|[from] item: Sitrus Berry\n|move|p2a: Celesteela|Leech Seed|p1a: veluzer\n|-start|p1a: veluzer|move: Leech Seed\n|\n|-weather|Snow|[upkeep]\n|-damage|p1a: veluzer|53\/100|[from] Leech Seed|[of] p2a: Celesteela\n|upkeep\n|turn|17\n|\n|t:|1699669803\n|-terastallize|p1a: veluzer|Water\n|move|p1a: veluzer|Aqua Cutter|p2a: Celesteela\n|-damage|p2a: Celesteela|0 fnt\n|faint|p2a: Celesteela\n|\n|-weather|none\n|upkeep\n|\n|t:|1699669816\n|switch|p2a: Revavroom|Revavroom, M|92\/100\n|turn|18\n|\n|t:|1699669819\n|move|p1a: veluzer|Aqua Cutter|p2a: Revavroom\n|-crit|p2a: Revavroom\n|-damage|p2a: Revavroom|0 fnt\n|faint|p2a: Revavroom\n|\n|upkeep\n|\n|t:|1699669843\n|switch|p2a: Muk|Muk-Alola, M|100\/100\n|turn|19\n|\n|t:|1699669854\n|move|p1a: veluzer|Aqua Cutter|p2a: Muk\n|-damage|p2a: Muk|0 fnt\n|faint|p2a: Muk\n|\n|upkeep\n|\n|t:|1699669867\n|switch|p2a: Goodra|Goodra-Hisui, F|100\/100\n|turn|20\n|\n|t:|1699669890\n|move|p1a: veluzer|Aqua Cutter|p2a: Goodra\n|-resisted|p2a: Goodra\n|-damage|p2a: Goodra|44\/100\n|move|p2a: Goodra|Flash Cannon|p1a: veluzer\n|-resisted|p1a: veluzer\n|-crit|p1a: veluzer\n|-damage|p1a: veluzer|9\/100\n|\n|-damage|p1a: veluzer|0 fnt|[from] Leech Seed|[of] p2a: Goodra\n|-heal|p2a: Goodra|52\/100|[silent]\n|faint|p1a: veluzer\n|-sideend|p1: HarmTurtle|move: Aurora Veil\n|upkeep\n|\n|t:|1699669901\n|switch|p1a: the other GOAT|Ninetales-Alola, F|4\/100\n|-weather|Snow|[from] ability: Snow Warning|[of] p1a: the other GOAT\n|turn|21\n|\n|t:|1699669912\n|move|p1a: the other GOAT|Aurora Veil|p1a: the other GOAT\n|-sidestart|p1: HarmTurtle|move: Aurora Veil\n|move|p2a: Goodra|Flash Cannon|p1a: the other GOAT\n|-supereffective|p1a: the other GOAT\n|-damage|p1a: the other GOAT|0 fnt\n|faint|p1a: the other GOAT\n|\n|-weather|Snow|[upkeep]\n|upkeep\n|\n|t:|1699669936\n|switch|p1a: go go gadget W|Gogoat, F|68\/100\n|turn|22\n|\n|t:|1699669943\n|move|p1a: go go gadget W|Bulk Up|p1a: go go gadget W\n|-boost|p1a: go go gadget W|atk|1\n|-boost|p1a: go go gadget W|def|1\n|move|p2a: Goodra|Dragon Pulse|p1a: go go gadget W\n|-damage|p1a: go go gadget W|47\/100\n|\n|-weather|Snow|[upkeep]\n|upkeep\n|turn|23\n|\n|t:|1699669959\n|move|p1a: go go gadget W|Substitute|p1a: go go gadget W\n|-start|p1a: go go gadget W|Substitute\n|-damage|p1a: go go gadget W|22\/100\n|move|p2a: Goodra|Flash Cannon|p1a: go go gadget W\n|-activate|p1a: go go gadget W|move: Substitute|[damage]\n|\n|-weather|Snow|[upkeep]\n|upkeep\n|turn|24\n|\n|t:|1699669966\n|move|p1a: go go gadget W|Milk Drink|p1a: go go gadget W\n|-heal|p1a: go go gadget W|72\/100\n|move|p2a: Goodra|Flash Cannon|p1a: go go gadget W\n|-end|p1a: go go gadget W|Substitute\n|\n|-weather|Snow|[upkeep]\n|upkeep\n|turn|25\n|\n|t:|1699669978\n|switch|p1a: aaaaaAAAA|Tauros-Paldea-Aqua, M|56\/100\n|-ability|p1a: aaaaaAAAA|Intimidate|boost\n|-unboost|p2a: Goodra|atk|1\n|move|p2a: Goodra|Dragon Pulse|p1a: aaaaaAAAA\n|-damage|p1a: aaaaaAAAA|31\/100\n|\n|-weather|none\n|upkeep\n|turn|26\n|\n|t:|1699669990\n|move|p1a: aaaaaAAAA|Endeavor|p2a: Goodra\n|-damage|p2a: Goodra|25\/100\n|-enditem|p2a: Goodra|Iapapa Berry|[eat]\n|-heal|p2a: Goodra|58\/100|[from] item: Iapapa Berry\n|move|p2a: Goodra|Dragon Pulse|p1a: aaaaaAAAA\n|-damage|p1a: aaaaaAAAA|9\/100\n|\n|upkeep\n|turn|27\n|\n|t:|1699669998\n|move|p1a: aaaaaAAAA|Endeavor|p2a: Goodra\n|-damage|p2a: Goodra|7\/100\n|move|p2a: Goodra|Dragon Pulse|p1a: aaaaaAAAA\n|-crit|p1a: aaaaaAAAA\n|-damage|p1a: aaaaaAAAA|0 fnt\n|faint|p1a: aaaaaAAAA\n|\n|upkeep\n|\n|t:|1699670001\n|switch|p1a: lottery ticket|Absol-Mega, F, shiny|100\/100\n|turn|28\n|\n|t:|1699670007\n|move|p1a: lottery ticket|Knock Off|p2a: Goodra\n|-damage|p2a: Goodra|0 fnt\n|faint|p2a: Goodra\n|\n|-sideend|p1: HarmTurtle|move: Aurora Veil\n|upkeep\n|\n|t:|1699670012\n|switch|p2a: Escavalier|Escavalier, M|100\/100\n|turn|29\n|\n|t:|1699670018\n|-terastallize|p2a: Escavalier|Bug\n|move|p1a: lottery ticket|Will-O-Wisp|p2a: Escavalier\n|-status|p2a: Escavalier|brn\n|move|p2a: Escavalier|X-Scissor|p1a: lottery ticket\n|-supereffective|p1a: lottery ticket\n|-damage|p1a: lottery ticket|0 fnt\n|faint|p1a: lottery ticket\n|\n|-damage|p2a: Escavalier|94\/100 brn|[from] brn\n|upkeep\n|\n|t:|1699670026\n|switch|p1a: go go gadget W|Gogoat, F|72\/100\n|turn|30\n|\n|t:|1699670031\n|move|p1a: go go gadget W|Milk Drink|p1a: go go gadget W\n|-heal|p1a: go go gadget W|100\/100\n|move|p2a: Escavalier|X-Scissor|p1a: go go gadget W\n|-supereffective|p1a: go go gadget W\n|-damage|p1a: go go gadget W|3\/100\n|\n|-damage|p2a: Escavalier|88\/100 brn|[from] brn\n|upkeep\n|turn|31\n|\n|t:|1699670043\n|move|p1a: go go gadget W|Horn Leech|p2a: Escavalier\n|-resisted|p2a: Escavalier\n|-damage|p2a: Escavalier|75\/100 brn\n|-heal|p1a: go go gadget W|9\/100|[from] drain|[of] p2a: Escavalier\n|move|p2a: Escavalier|X-Scissor|p1a: go go gadget W\n|-supereffective|p1a: go go gadget W\n|-damage|p1a: go go gadget W|0 fnt\n|faint|p1a: go go gadget W\n|\n|win|Rio34\n|l|\u2606Rio34\n","uploadtime":1699670158,"views":16,"p1id":"harmturtle","p2id":"rio34","formatid":"gen9nationaldexubers","rating":0,"private":0,"password":""}