{"id":"gen9nationaldexubers-1981673905","p1":"Bohbohboh","p2":"MommyMikuNakano","format":"[Gen 9] National Dex Ubers","log":"|j|\u2606Bohbohboh\n|j|\u2606MommyMikuNakano\n|t:|1698932523\n|gametype|singles\n|player|p1|Bohbohboh|265|1486\n|player|p2|MommyMikuNakano|erika-gen1|1814\n|teamsize|p1|6\n|teamsize|p2|6\n|gen|9\n|tier|[Gen 9] National Dex Ubers\n|rated|\n|rule|HP Percentage Mod: HP is shown in percentages\n|rule|Endless Battle Clause: Forcing endless battles is banned\n|rule|OHKO Clause: OHKO moves are banned\n|rule|Evasion Moves Clause: Evasion moves are banned\n|rule|Evasion Items Clause: Evasion items are banned\n|rule|Species Clause: Limit one of each Pok\u00e9mon\n|rule|Sleep Clause Mod: Limit one foe put to sleep\n|rule|Mega Rayquaza Clause: You cannot mega evolve Rayquaza\n|clearpoke\n|poke|p1|Genesect-Douse|\n|poke|p1|Zacian-*|\n|poke|p1|Necrozma-Dusk-Mane|\n|poke|p1|Kartana|\n|poke|p1|Kingambit, F|\n|poke|p1|Scizor, F|\n|poke|p2|Salamence, F|\n|poke|p2|Solgaleo|\n|poke|p2|Necrozma-Dusk-Mane|\n|poke|p2|Arceus-Dark|\n|poke|p2|Ditto|\n|poke|p2|Giratina-Origin|\n|teampreview\n|inactive|Battle timer is ON: inactive players will automatically lose when time's up. (requested by MommyMikuNakano)\n|\n|t:|1698932543\n|start\n|switch|p1a: Zacian|Zacian-Crowned, shiny|100\/100\n|switch|p2a: Salamence|Salamence, F|100\/100\n|-ability|p1a: Zacian|Intrepid Sword|boost\n|-boost|p1a: Zacian|atk|1\n|-ability|p2a: Salamence|Intimidate|boost\n|-unboost|p1a: Zacian|atk|1\n|turn|1\n|\n|t:|1698932550\n|switch|p2a: Necrozma|Necrozma-Dusk-Mane, shiny|100\/100\n|move|p1a: Zacian|Substitute|p1a: Zacian\n|-start|p1a: Zacian|Substitute\n|-damage|p1a: Zacian|76\/100\n|\n|upkeep\n|turn|2\n|\n|t:|1698932556\n|move|p1a: Zacian|Swords Dance|p1a: Zacian\n|-boost|p1a: Zacian|atk|2\n|move|p2a: Necrozma|Stealth Rock|p1a: Zacian\n|-sidestart|p1: Bohbohboh|move: Stealth Rock\n|\n|upkeep\n|turn|3\n|\n|t:|1698932568\n|detailschange|p2a: Necrozma|Necrozma-Ultra, shiny\n|-burst|p2a: Necrozma|Necrozma|Ultranecrozium Z\n|-terastallize|p1a: Zacian|Fighting\n|move|p1a: Zacian|Close Combat|p2a: Necrozma\n|-resisted|p2a: Necrozma\n|-damage|p2a: Necrozma|22\/100\n|-unboost|p1a: Zacian|def|1\n|-unboost|p1a: Zacian|spd|1\n|move|p2a: Necrozma|Earth Power|p1a: Zacian\n|-end|p1a: Zacian|Substitute\n|\n|upkeep\n|turn|4\n|\n|t:|1698932592\n|move|p1a: Zacian|Close Combat|p2a: Necrozma\n|-resisted|p2a: Necrozma\n|-damage|p2a: Necrozma|0 fnt\n|-unboost|p1a: Zacian|def|1\n|-unboost|p1a: Zacian|spd|1\n|faint|p2a: Necrozma\n|\n|upkeep\n|\n|t:|1698932597\n|switch|p2a: Ditto|Ditto, shiny|100\/100\n|-transform|p2a: Ditto|p1a: Zacian|[from] ability: Imposter\n|-ability|p2a: Ditto|Intrepid Sword|boost\n|-boost|p2a: Ditto|atk|1\n|-start|p2a: Ditto|typechange|Fairy\/Steel|[silent]\n|turn|5\n|\n|t:|1698932615\n|switch|p1a: Necrozma|Necrozma-Dusk-Mane, shiny|100\/100\n|-damage|p1a: Necrozma|95\/100|[from] Stealth Rock\n|move|p2a: Ditto|Close Combat|p1a: Necrozma\n|-damage|p1a: Necrozma|25\/100\n|-unboost|p2a: Ditto|def|1\n|-unboost|p2a: Ditto|spd|1\n|-damage|p2a: Ditto|84\/100|[from] item: Rocky Helmet|[of] p1a: Necrozma\n|\n|upkeep\n|turn|6\n|\n|t:|1698932623\n|move|p2a: Ditto|Close Combat|p1a: Necrozma\n|-damage|p1a: Necrozma|0 fnt\n|-unboost|p2a: Ditto|def|1\n|-unboost|p2a: Ditto|spd|1\n|-damage|p2a: Ditto|67\/100|[from] item: Rocky Helmet|[of] p1a: Necrozma\n|faint|p1a: Necrozma\n|\n|upkeep\n|\n|t:|1698932629\n|switch|p1a: Scizor|Scizor, F|100\/100\n|-damage|p1a: Scizor|88\/100|[from] Stealth Rock\n|turn|7\n|\n|t:|1698932635\n|switch|p2a: Solgaleo|Solgaleo|100\/100\n|detailschange|p1a: Scizor|Scizor-Mega, F\n|-mega|p1a: Scizor|Scizor|Scizorite\n|move|p1a: Scizor|Bullet Punch|p2a: Solgaleo\n|-resisted|p2a: Solgaleo\n|-damage|p2a: Solgaleo|87\/100\n|\n|upkeep\n|turn|8\n|\n|t:|1698932639\n|move|p2a: Solgaleo|Thunder Wave|p1a: Scizor\n|-status|p1a: Scizor|par\n|move|p1a: Scizor|Swords Dance|p1a: Scizor\n|-boost|p1a: Scizor|atk|2\n|\n|upkeep\n|turn|9\n|\n|t:|1698932645\n|move|p2a: Solgaleo|Iron Head|p1a: Scizor\n|-resisted|p1a: Scizor\n|-damage|p1a: Scizor|71\/100 par\n|move|p1a: Scizor|Close Combat|p2a: Solgaleo\n|-damage|p2a: Solgaleo|19\/100\n|-unboost|p1a: Scizor|def|1\n|-unboost|p1a: Scizor|spd|1\n|\n|upkeep\n|turn|10\n|\n|t:|1698932655\n|move|p1a: Scizor|Bullet Punch|p2a: Solgaleo\n|-resisted|p2a: Solgaleo\n|-damage|p2a: Solgaleo|0 fnt\n|faint|p2a: Solgaleo\n|\n|upkeep\n|\n|t:|1698932662\n|switch|p2a: Giratina|Giratina-Origin|100\/100\n|turn|11\n|\n|t:|1698932667\n|switch|p1a: Kingambit|Kingambit, F, shiny|100\/100\n|-damage|p1a: Kingambit|94\/100|[from] Stealth Rock\n|-activate|p1a: Kingambit|ability: Supreme Overlord\n|-start|p1a: Kingambit|fallen1|[silent]\n|move|p2a: Giratina|Hex|p1a: Kingambit\n|-resisted|p1a: Kingambit\n|-damage|p1a: Kingambit|79\/100\n|\n|upkeep\n|turn|12\n|\n|t:|1698932673\n|move|p2a: Giratina|Will-O-Wisp|p1a: Kingambit\n|-status|p1a: Kingambit|brn\n|move|p1a: Kingambit|Knock Off|p2a: Giratina\n|-supereffective|p2a: Giratina\n|-damage|p2a: Giratina|69\/100\n|\n|-damage|p1a: Kingambit|73\/100 brn|[from] brn\n|upkeep\n|turn|13\n|\n|t:|1698932683\n|switch|p2a: Salamence|Salamence, F|100\/100\n|-ability|p2a: Salamence|Intimidate|boost\n|-unboost|p1a: Kingambit|atk|1\n|move|p1a: Kingambit|Knock Off|p2a: Salamence\n|-damage|p2a: Salamence|83\/100\n|\n|-damage|p1a: Kingambit|67\/100 brn|[from] brn\n|upkeep\n|turn|14\n|\n|t:|1698932695\n|-end|p1a: Kingambit|fallen1|[silent]\n|switch|p1a: Genesect|Genesect-Douse, shiny|100\/100\n|-damage|p1a: Genesect|88\/100|[from] Stealth Rock\n|-ability|p1a: Genesect|Download|boost\n|-boost|p1a: Genesect|spa|1\n|move|p2a: Salamence|Dragon Dance|p2a: Salamence\n|-boost|p2a: Salamence|atk|1\n|-boost|p2a: Salamence|spe|1\n|\n|upkeep\n|turn|15\n|\n|t:|1698932710\n|detailschange|p2a: Salamence|Salamence-Mega, F\n|-mega|p2a: Salamence|Salamence|Salamencite\n|move|p1a: Genesect|Extreme Speed|p2a: Salamence\n|-damage|p2a: Salamence|61\/100\n|move|p2a: Salamence|Facade|p1a: Genesect\n|-damage|p1a: Genesect|0 fnt\n|faint|p1a: Genesect\n|\n|upkeep\n|\n|t:|1698932719\n|switch|p1a: Zacian|Zacian-Crowned, shiny, tera:Fighting|76\/100\n|-damage|p1a: Zacian|69\/100|[from] Stealth Rock\n|turn|16\n|\n|t:|1698932730\n|move|p2a: Salamence|Facade|p1a: Zacian\n|-supereffective|p1a: Zacian\n|-damage|p1a: Zacian|0 fnt\n|faint|p1a: Zacian\n|\n|upkeep\n|\n|t:|1698932733\n|switch|p1a: Scizor|Scizor-Mega, F|71\/100 par\n|-damage|p1a: Scizor|59\/100 par|[from] Stealth Rock\n|turn|17\n|\n|t:|1698932755\n|cant|p1a: Scizor|par\n|move|p2a: Salamence|Facade|p1a: Scizor\n|-damage|p1a: Scizor|3\/100 par\n|\n|upkeep\n|turn|18\n|\n|t:|1698932760\n|move|p1a: Scizor|Bullet Punch|p2a: Salamence\n|-crit|p2a: Salamence\n|-damage|p2a: Salamence|18\/100\n|move|p2a: Salamence|Roost|p2a: Salamence\n|-heal|p2a: Salamence|69\/100\n|-singleturn|p2a: Salamence|move: Roost\n|\n|upkeep\n|turn|19\n|\n|t:|1698932764\n|move|p1a: Scizor|Bullet Punch|p2a: Salamence\n|-damage|p2a: Salamence|39\/100\n|move|p2a: Salamence|Facade|p1a: Scizor\n|-damage|p1a: Scizor|0 fnt\n|faint|p1a: Scizor\n|\n|upkeep\n|\n|t:|1698932771\n|switch|p1a: Kingambit|Kingambit, F, shiny|67\/100 brn\n|-damage|p1a: Kingambit|60\/100 brn|[from] Stealth Rock\n|-activate|p1a: Kingambit|ability: Supreme Overlord\n|-start|p1a: Kingambit|fallen4|[silent]\n|turn|20\n|\n|t:|1698932780\n|move|p2a: Salamence|Roost|p2a: Salamence\n|-heal|p2a: Salamence|89\/100\n|-singleturn|p2a: Salamence|move: Roost\n|move|p1a: Kingambit|Swords Dance|p1a: Kingambit\n|-boost|p1a: Kingambit|atk|2\n|\n|-damage|p1a: Kingambit|54\/100 brn|[from] brn\n|upkeep\n|turn|21\n|\n|t:|1698932784\n|move|p2a: Salamence|Earthquake|p1a: Kingambit\n|-supereffective|p1a: Kingambit\n|-damage|p1a: Kingambit|0 fnt\n|faint|p1a: Kingambit\n|-end|p1a: Kingambit|fallen4|[silent]\n|\n|upkeep\n|-message|Bohbohboh forfeited.\n|\n|win|MommyMikuNakano\n|raw|Bohbohboh's rating: 1486 &rarr; <strong>1481<\/strong><br \/>(-5 for losing)\n|raw|MommyMikuNakano's rating: 1814 &rarr; <strong>1819<\/strong><br \/>(+5 for winning)\n|l|\u2606Bohbohboh\n|l|\u2606MommyMikuNakano\n","uploadtime":1698932803,"views":11,"p1id":"bohbohboh","p2id":"mommymikunakano","formatid":"gen9nationaldexubers","rating":1481,"private":0,"password":""}