{"id":"gen9nationaldexubers-1999229439","p1":"genesisjericho","p2":"sussuspotussus","format":"[Gen 9] National Dex Ubers","log":"|j|\u2606genesisjericho\n|j|\u2606sussuspotussus\n|t:|1701048201\n|gametype|singles\n|player|p1|genesisjericho|teammagmagruntf-gen3|1068\n|player|p2|sussuspotussus|acetrainer|1141\n|teamsize|p1|6\n|teamsize|p2|6\n|gen|9\n|tier|[Gen 9] National Dex Ubers\n|rated|\n|rule|HP Percentage Mod: HP is shown in percentages\n|rule|Endless Battle Clause: Forcing endless battles is banned\n|rule|OHKO Clause: OHKO moves are banned\n|rule|Evasion Moves Clause: Evasion moves are banned\n|rule|Evasion Items Clause: Evasion items are banned\n|rule|Species Clause: Limit one of each Pok\u00e9mon\n|rule|Sleep Clause Mod: Limit one foe put to sleep\n|rule|Mega Rayquaza Clause: You cannot mega evolve Rayquaza\n|clearpoke\n|poke|p1|Metagross|\n|poke|p1|Urshifu-*, F|\n|poke|p1|Tyranitar, F|\n|poke|p1|Arceus-Flying|\n|poke|p1|Dialga|\n|poke|p1|Ferrothorn, F|\n|poke|p2|Whimsicott, L1, M|\n|poke|p2|Banette, F|\n|poke|p2|Articuno|\n|poke|p2|Espathra, F|\n|poke|p2|Ogerpon-Wellspring, F|\n|poke|p2|Glimmora, F|\n|teampreview\n|\n|t:|1701048216\n|start\n|switch|p1a: Dialga|Dialga|100\/100\n|switch|p2a: Glimmora|Glimmora, F|100\/100\n|turn|1\n|\n|t:|1701048221\n|move|p2a: Glimmora|Spiky Shield|p2a: Glimmora\n|-singleturn|p2a: Glimmora|move: Protect\n|move|p1a: Dialga|Trick|p2a: Glimmora\n|-activate|p2a: Glimmora|move: Protect\n|\n|upkeep\n|turn|2\n|\n|t:|1701048236\n|switch|p2a: Banette|Banette, F|100\/100\n|move|p1a: Dialga|Trick||[still]\n|-fail|p1a: Dialga\n|\n|upkeep\n|turn|3\n|\n|t:|1701048243\n|switch|p1a: Tyranitar|Tyranitar, F|100\/100\n|-weather|Sandstorm|[from] ability: Sand Stream|[of] p1a: Tyranitar\n|move|p2a: Banette|Protect||[still]\n|-fail|p2a: Banette\n|\n|-weather|Sandstorm|[upkeep]\n|-damage|p2a: Banette|94\/100|[from] Sandstorm\n|upkeep\n|turn|4\n|\n|t:|1701048251\n|detailschange|p2a: Banette|Banette-Mega, F\n|-mega|p2a: Banette|Banette|Banettite\n|move|p2a: Banette|Destiny Bond|p2a: Banette\n|-singlemove|p2a: Banette|Destiny Bond\n|move|p1a: Tyranitar|Dragon Dance|p1a: Tyranitar\n|-boost|p1a: Tyranitar|atk|1\n|-boost|p1a: Tyranitar|spe|1\n|\n|-weather|Sandstorm|[upkeep]\n|-damage|p2a: Banette|88\/100|[from] Sandstorm\n|upkeep\n|turn|5\n|\n|t:|1701048259\n|move|p2a: Banette|Disable|p1a: Tyranitar\n|-hint|Since gen 7, Dark is immune to Prankster moves.\n|-immune|p1a: Tyranitar\n|move|p1a: Tyranitar|Dragon Dance|p1a: Tyranitar\n|-boost|p1a: Tyranitar|atk|1\n|-boost|p1a: Tyranitar|spe|1\n|\n|-weather|Sandstorm|[upkeep]\n|-damage|p2a: Banette|82\/100|[from] Sandstorm\n|upkeep\n|turn|6\n|\n|t:|1701048267\n|move|p2a: Banette|Curse|p1a: Tyranitar\n|-hint|Since gen 7, Dark is immune to Prankster moves.\n|-immune|p1a: Tyranitar\n|move|p1a: Tyranitar|Knock Off|p2a: Banette\n|-supereffective|p2a: Banette\n|-crit|p2a: Banette\n|-damage|p2a: Banette|0 fnt\n|faint|p2a: Banette\n|\n|-weather|Sandstorm|[upkeep]\n|upkeep\n|\n|t:|1701048277\n|switch|p2a: Espathra|Espathra, F|100\/100\n|turn|7\n|\n|t:|1701048285\n|switch|p2a: Ogerpon|Ogerpon-Wellspring, F|100\/100\n|move|p1a: Tyranitar|Knock Off|p2a: Ogerpon\n|-damage|p2a: Ogerpon|7\/100\n|\n|-weather|none\n|upkeep\n|turn|8\n|\n|t:|1701048294\n|move|p1a: Tyranitar|Earthquake|p2a: Ogerpon\n|-resisted|p2a: Ogerpon\n|-damage|p2a: Ogerpon|0 fnt\n|faint|p2a: Ogerpon\n|\n|upkeep\n|\n|t:|1701048297\n|switch|p2a: Whimsicott|Whimsicott, L1, M|100\/100\n|turn|9\n|\n|t:|1701048306\n|switch|p1a: Dialga|Dialga|100\/100\n|move|p2a: Whimsicott|Leech Seed|p1a: Dialga\n|-start|p1a: Dialga|move: Leech Seed\n|\n|-damage|p1a: Dialga|88\/100|[from] Leech Seed|[of] p2a: Whimsicott\n|upkeep\n|turn|10\n|\n|t:|1701048312\n|move|p2a: Whimsicott|Protect|p2a: Whimsicott\n|-singleturn|p2a: Whimsicott|Protect\n|move|p1a: Dialga|Trick|p2a: Whimsicott\n|-activate|p2a: Whimsicott|move: Protect\n|\n|-damage|p1a: Dialga|76\/100|[from] Leech Seed|[of] p2a: Whimsicott\n|upkeep\n|turn|11\n|\n|t:|1701048320\n|move|p2a: Whimsicott|Substitute|p2a: Whimsicott\n|-start|p2a: Whimsicott|Substitute\n|-damage|p2a: Whimsicott|77\/100\n|move|p1a: Dialga|Trick||[still]\n|-fail|p1a: Dialga\n|\n|-damage|p1a: Dialga|64\/100|[from] Leech Seed|[of] p2a: Whimsicott\n|-heal|p2a: Whimsicott|100\/100|[silent]\n|upkeep\n|turn|12\n|\n|t:|1701048327\n|switch|p1a: Ferrothorn|Ferrothorn, F|100\/100\n|move|p2a: Whimsicott|Protect||[still]\n|-fail|p2a: Whimsicott\n|\n|upkeep\n|turn|13\n|\n|t:|1701048332\n|move|p1a: Ferrothorn|Stealth Rock|p2a: Whimsicott\n|-sidestart|p2: sussuspotussus|move: Stealth Rock\n|move|p2a: Whimsicott|Endeavor|p1a: Ferrothorn\n|-damage|p1a: Ferrothorn|5\/100\n|-damage|p2a: Whimsicott|93\/100|[from] ability: Iron Barbs|[of] p1a: Ferrothorn\n|-damage|p2a: Whimsicott|77\/100|[from] item: Rocky Helmet|[of] p1a: Ferrothorn\n|\n|upkeep\n|turn|14\n|\n|t:|1701048348\n|switch|p2a: Glimmora|Glimmora, F|100\/100\n|move|p1a: Ferrothorn|Spikes|p2a: Glimmora\n|-sidestart|p2: sussuspotussus|Spikes\n|\n|upkeep\n|turn|15\n|\n|t:|1701048355\n|move|p2a: Glimmora|Rock Slide|p1a: Ferrothorn\n|-resisted|p1a: Ferrothorn\n|-damage|p1a: Ferrothorn|0 fnt\n|faint|p1a: Ferrothorn\n|\n|upkeep\n|\n|t:|1701048362\n|switch|p1a: Dialga|Dialga|64\/100\n|turn|16\n|\n|t:|1701048370\n|move|p2a: Glimmora|Rock Slide|p1a: Dialga\n|-resisted|p1a: Dialga\n|-damage|p1a: Dialga|56\/100\n|move|p1a: Dialga|Thunder Wave|p2a: Glimmora\n|-status|p2a: Glimmora|par\n|\n|upkeep\n|turn|17\n|\n|t:|1701048380\n|switch|p1a: Tyranitar|Tyranitar, F|100\/100\n|-weather|Sandstorm|[from] ability: Sand Stream|[of] p1a: Tyranitar\n|switch|p2a: Articuno|Articuno|100\/100\n|-damage|p2a: Articuno|51\/100|[from] Stealth Rock\n|\n|-weather|Sandstorm|[upkeep]\n|-damage|p2a: Articuno|44\/100|[from] Sandstorm\n|upkeep\n|turn|18\n|-message|sussuspotussus forfeited.\n|\n|win|genesisjericho\n|raw|genesisjericho's rating: 1068 &rarr; <strong>1104<\/strong><br \/>(+36 for winning)\n|raw|sussuspotussus's rating: 1141 &rarr; <strong>1111<\/strong><br \/>(-30 for losing)\n|l|\u2606sussuspotussus\n","uploadtime":1701048401,"views":6,"p1id":"genesisjericho","p2id":"sussuspotussus","formatid":"gen9nationaldexubers","rating":1104,"private":0,"password":""}