{"id":"gen9nationaldexubers-1982382902","p1":"Mayler1414","p2":"hyrz98","format":"[Gen 9] National Dex Ubers","log":"|j|\u2606Mayler1414\n|j|\u2606hyrz98\n|t:|1699007507\n|gametype|singles\n|player|p1|Mayler1414|lillie-masters2|1381\n|player|p2|hyrz98|101|1475\n|teamsize|p1|6\n|teamsize|p2|6\n|gen|9\n|tier|[Gen 9] National Dex Ubers\n|rated|\n|rule|HP Percentage Mod: HP is shown in percentages\n|rule|Endless Battle Clause: Forcing endless battles is banned\n|rule|OHKO Clause: OHKO moves are banned\n|rule|Evasion Moves Clause: Evasion moves are banned\n|rule|Evasion Items Clause: Evasion items are banned\n|rule|Species Clause: Limit one of each Pok\u00e9mon\n|rule|Sleep Clause Mod: Limit one foe put to sleep\n|rule|Mega Rayquaza Clause: You cannot mega evolve Rayquaza\n|clearpoke\n|poke|p1|Blissey, F|\n|poke|p1|Giratina-Origin|\n|poke|p1|Sableye, F|\n|poke|p1|Ho-Oh|\n|poke|p1|Zygarde|\n|poke|p1|Toxapex, M|\n|poke|p2|Sableye, F|\n|poke|p2|Ferrothorn, F|\n|poke|p2|Garchomp, F|\n|poke|p2|Yveltal|\n|poke|p2|Xerneas-*|\n|poke|p2|Zygarde|\n|teampreview\n|inactive|Battle timer is ON: inactive players will automatically lose when time's up. (requested by Mayler1414)\n|\n|t:|1699007529\n|start\n|switch|p1a: Sableye|Sableye, F|100\/100\n|switch|p2a: Xerneas|Xerneas|100\/100\n|-ability|p2a: Xerneas|Fairy Aura\n|turn|1\n|\n|t:|1699007539\n|switch|p1a: Ho-Oh|Ho-Oh|100\/100\n|move|p2a: Xerneas|Moonblast|p1a: Ho-Oh\n|-resisted|p1a: Ho-Oh\n|-damage|p1a: Ho-Oh|82\/100\n|-unboost|p1a: Ho-Oh|spa|1\n|\n|upkeep\n|turn|2\n|\n|t:|1699007548\n|switch|p2a: Garchomp|Garchomp, F|100\/100\n|move|p1a: Ho-Oh|Sacred Fire|p2a: Garchomp\n|-resisted|p2a: Garchomp\n|-damage|p2a: Garchomp|77\/100\n|\n|upkeep\n|turn|3\n|\n|t:|1699007557\n|switch|p1a: Sableye|Sableye, F|100\/100\n|move|p2a: Garchomp|Toxic|p1a: Sableye\n|-status|p1a: Sableye|tox\n|\n|-damage|p1a: Sableye|94\/100 tox|[from] psn\n|upkeep\n|turn|4\n|\n|t:|1699007567\n|detailschange|p1a: Sableye|Sableye-Mega, F\n|-mega|p1a: Sableye|Sableye|Sablenite\n|-zpower|p2a: Garchomp\n|move|p2a: Garchomp|Devastating Drake|p1a: Sableye|[zeffect]\n|-damage|p1a: Sableye|28\/100 tox\n|move|p1a: Sableye|Will-O-Wisp|p2a: Garchomp\n|-status|p2a: Garchomp|brn\n|\n|-damage|p1a: Sableye|16\/100 tox|[from] psn\n|-damage|p2a: Garchomp|71\/100 brn|[from] brn\n|upkeep\n|turn|5\n|\n|t:|1699007580\n|switch|p1a: Zygarde|Zygarde|100\/100\n|move|p2a: Garchomp|Earthquake|p1a: Zygarde\n|-damage|p1a: Zygarde|87\/100\n|\n|-heal|p1a: Zygarde|93\/100|[from] item: Leftovers\n|-damage|p2a: Garchomp|65\/100 brn|[from] brn\n|upkeep\n|turn|6\n|\n|t:|1699007591\n|move|p2a: Garchomp|Toxic|p1a: Zygarde\n|-status|p1a: Zygarde|tox\n|move|p1a: Zygarde|Thousand Arrows|p2a: Garchomp\n|-damage|p2a: Garchomp|36\/100 brn\n|\n|-heal|p1a: Zygarde|99\/100 tox|[from] item: Leftovers\n|-damage|p1a: Zygarde|93\/100 tox|[from] psn\n|-damage|p2a: Garchomp|30\/100 brn|[from] brn\n|upkeep\n|turn|7\n|\n|t:|1699007602\n|move|p2a: Garchomp|Stealth Rock|p1a: Zygarde\n|-sidestart|p1: Mayler1414|move: Stealth Rock\n|move|p1a: Zygarde|Thousand Arrows|p2a: Garchomp\n|-crit|p2a: Garchomp\n|-damage|p2a: Garchomp|0 fnt\n|faint|p2a: Garchomp\n|\n|-heal|p1a: Zygarde|99\/100 tox|[from] item: Leftovers\n|-damage|p1a: Zygarde|87\/100 tox|[from] psn\n|upkeep\n|\n|t:|1699007613\n|switch|p2a: Xerneas|Xerneas|100\/100\n|-ability|p2a: Xerneas|Fairy Aura\n|turn|8\n|\n|t:|1699007620\n|switch|p1a: Ho-Oh|Ho-Oh|100\/100\n|move|p2a: Xerneas|Moonblast|p1a: Ho-Oh\n|-resisted|p1a: Ho-Oh\n|-crit|p1a: Ho-Oh\n|-damage|p1a: Ho-Oh|71\/100\n|\n|upkeep\n|turn|9\n|\n|t:|1699007628\n|move|p2a: Xerneas|Geomancy||[still]\n|-prepare|p2a: Xerneas|Geomancy\n|-enditem|p2a: Xerneas|Power Herb\n|-anim|p2a: Xerneas|Geomancy|p2a: Xerneas\n|-boost|p2a: Xerneas|spa|2\n|-boost|p2a: Xerneas|spd|2\n|-boost|p2a: Xerneas|spe|2\n|move|p1a: Ho-Oh|Defog|p2a: Xerneas\n|-unboost|p2a: Xerneas|evasion|1\n|-sideend|p1: Mayler1414|Stealth Rock|[from] move: Defog|[of] p1a: Ho-Oh\n|\n|upkeep\n|turn|10\n|\n|t:|1699007638\n|switch|p1a: Blissey|Blissey, F|100\/100\n|-terastallize|p2a: Xerneas|Electric\n|move|p2a: Xerneas|Thunderbolt|p1a: Blissey\n|-damage|p1a: Blissey|76\/100\n|\n|-heal|p1a: Blissey|82\/100|[from] item: Leftovers\n|upkeep\n|turn|11\n|\n|t:|1699007650\n|move|p2a: Xerneas|Focus Blast|p1a: Blissey\n|-supereffective|p1a: Blissey\n|-damage|p1a: Blissey|39\/100\n|-unboost|p1a: Blissey|spd|1\n|move|p1a: Blissey|Aromatherapy|p1a: Blissey\n|-activate|p1a: Blissey|move: Aromatherapy\n|-curestatus|p1: Zygarde|tox|[msg]\n|-curestatus|p1: Sableye|tox|[msg]\n|\n|-heal|p1a: Blissey|45\/100|[from] item: Leftovers\n|upkeep\n|turn|12\n|\n|t:|1699007663\n|switch|p1a: Ho-Oh|Ho-Oh|100\/100\n|move|p2a: Xerneas|Moonblast|p1a: Ho-Oh\n|-resisted|p1a: Ho-Oh\n|-damage|p1a: Ho-Oh|64\/100\n|-unboost|p1a: Ho-Oh|spa|1\n|\n|upkeep\n|turn|13\n|\n|t:|1699007671\n|-terastallize|p1a: Ho-Oh|Fire\n|move|p2a: Xerneas|Thunderbolt|p1a: Ho-Oh\n|-damage|p1a: Ho-Oh|8\/100\n|move|p1a: Ho-Oh|Roar|p2a: Xerneas\n|drag|p2a: Yveltal|Yveltal|100\/100\n|-ability|p2a: Yveltal|Dark Aura\n|\n|upkeep\n|turn|14\n|\n|t:|1699007683\n|switch|p1a: Toxapex|Toxapex, M|100\/100\n|move|p2a: Yveltal|Knock Off|p1a: Toxapex\n|-damage|p1a: Toxapex|61\/100\n|-damage|p2a: Yveltal|84\/100|[from] item: Rocky Helmet|[of] p1a: Toxapex\n|-enditem|p1a: Toxapex|Rocky Helmet|[from] move: Knock Off|[of] p2a: Yveltal\n|\n|upkeep\n|turn|15\n|\n|t:|1699007698\n|switch|p2a: Ferrothorn|Ferrothorn, F|100\/100\n|move|p1a: Toxapex|Toxic|p2a: Ferrothorn\n|-immune|p2a: Ferrothorn\n|\n|upkeep\n|turn|16\n|\n|t:|1699007706\n|switch|p1a: Sableye|Sableye-Mega, F|16\/100\n|move|p2a: Ferrothorn|Power Whip|p1a: Sableye|[miss]\n|-miss|p2a: Ferrothorn|p1a: Sableye\n|\n|upkeep\n|turn|17\n|\n|t:|1699007715\n|move|p2a: Ferrothorn|Power Whip|p1a: Sableye\n|-damage|p1a: Sableye|0 fnt\n|faint|p1a: Sableye\n|\n|upkeep\n|\n|t:|1699007720\n|switch|p1a: Ho-Oh|Ho-Oh, tera:Fire|41\/100\n|turn|18\n|\n|t:|1699007730\n|switch|p2a: Sableye|Sableye, F|100\/100\n|move|p1a: Ho-Oh|Sacred Fire|p2a: Sableye\n|-damage|p2a: Sableye|15\/100\n|-status|p2a: Sableye|brn\n|\n|-damage|p2a: Sableye|9\/100 brn|[from] brn\n|upkeep\n|turn|19\n|\n|t:|1699007740\n|switch|p1a: Toxapex|Toxapex, M|94\/100\n|detailschange|p2a: Sableye|Sableye-Mega, F\n|-mega|p2a: Sableye|Sableye|Sablenite\n|move|p2a: Sableye|Fake Out|p1a: Toxapex\n|-damage|p1a: Toxapex|92\/100\n|\n|-damage|p2a: Sableye|3\/100 brn|[from] brn\n|upkeep\n|turn|20\n|\n|t:|1699007751\n|switch|p1a: Ho-Oh|Ho-Oh, tera:Fire|75\/100\n|move|p2a: Sableye|Recover|p2a: Sableye\n|-heal|p2a: Sableye|53\/100 brn\n|\n|-damage|p2a: Sableye|47\/100 brn|[from] brn\n|upkeep\n|turn|21\n|\n|t:|1699007761\n|move|p1a: Ho-Oh|Sacred Fire|p2a: Sableye\n|-damage|p2a: Sableye|0 fnt\n|faint|p2a: Sableye\n|\n|upkeep\n|\n|t:|1699007777\n|switch|p2a: Zygarde|Zygarde|100\/100\n|-ability|p2a: Zygarde|Aura Break\n|turn|22\n|\n|t:|1699007784\n|switch|p1a: Zygarde|Zygarde|87\/100\n|move|p2a: Zygarde|Substitute|p2a: Zygarde\n|-start|p2a: Zygarde|Substitute\n|-damage|p2a: Zygarde|76\/100\n|\n|-heal|p2a: Zygarde|82\/100|[from] item: Leftovers\n|-heal|p1a: Zygarde|93\/100|[from] item: Leftovers\n|upkeep\n|turn|23\n|\n|t:|1699007794\n|switch|p1a: Ho-Oh|Ho-Oh, tera:Fire|100\/100\n|move|p2a: Zygarde|Coil|p2a: Zygarde\n|-boost|p2a: Zygarde|atk|1\n|-boost|p2a: Zygarde|def|1\n|-boost|p2a: Zygarde|accuracy|1\n|\n|-heal|p2a: Zygarde|88\/100|[from] item: Leftovers\n|upkeep\n|turn|24\n|\n|t:|1699007805\n|move|p2a: Zygarde|Thousand Arrows|p1a: Ho-Oh\n|-supereffective|p1a: Ho-Oh\n|-damage|p1a: Ho-Oh|18\/100\n|move|p1a: Ho-Oh|Roar|p2a: Zygarde\n|drag|p2a: Yveltal|Yveltal|84\/100\n|-ability|p2a: Yveltal|Dark Aura\n|\n|upkeep\n|turn|25\n|\n|t:|1699007817\n|switch|p2a: Zygarde|Zygarde|88\/100\n|-ability|p2a: Zygarde|Aura Break\n|switch|p1a: Toxapex|Toxapex, M|100\/100\n|\n|-heal|p2a: Zygarde|94\/100|[from] item: Leftovers\n|upkeep\n|turn|26\n|\n|t:|1699007827\n|switch|p1a: Zygarde|Zygarde|93\/100\n|move|p2a: Zygarde|Substitute|p2a: Zygarde\n|-start|p2a: Zygarde|Substitute\n|-damage|p2a: Zygarde|69\/100\n|\n|-heal|p2a: Zygarde|75\/100|[from] item: Leftovers\n|-heal|p1a: Zygarde|99\/100|[from] item: Leftovers\n|upkeep\n|turn|27\n|\n|t:|1699007837\n|move|p2a: Zygarde|Coil|p2a: Zygarde\n|-boost|p2a: Zygarde|atk|1\n|-boost|p2a: Zygarde|def|1\n|-boost|p2a: Zygarde|accuracy|1\n|move|p1a: Zygarde|Coil|p1a: Zygarde\n|-boost|p1a: Zygarde|atk|1\n|-boost|p1a: Zygarde|def|1\n|-boost|p1a: Zygarde|accuracy|1\n|\n|-heal|p2a: Zygarde|81\/100|[from] item: Leftovers\n|-heal|p1a: Zygarde|100\/100|[from] item: Leftovers\n|upkeep\n|turn|28\n|\n|t:|1699007849\n|move|p2a: Zygarde|Coil|p2a: Zygarde\n|-boost|p2a: Zygarde|atk|1\n|-boost|p2a: Zygarde|def|1\n|-boost|p2a: Zygarde|accuracy|1\n|move|p1a: Zygarde|Thousand Arrows|p2a: Zygarde\n|-activate|p2a: Zygarde|move: Substitute|[damage]\n|\n|-heal|p2a: Zygarde|87\/100|[from] item: Leftovers\n|upkeep\n|turn|29\n|\n|t:|1699007859\n|move|p2a: Zygarde|Coil|p2a: Zygarde\n|-boost|p2a: Zygarde|atk|1\n|-boost|p2a: Zygarde|def|1\n|-boost|p2a: Zygarde|accuracy|1\n|move|p1a: Zygarde|Coil|p1a: Zygarde\n|-boost|p1a: Zygarde|atk|1\n|-boost|p1a: Zygarde|def|1\n|-boost|p1a: Zygarde|accuracy|1\n|\n|-heal|p2a: Zygarde|93\/100|[from] item: Leftovers\n|upkeep\n|turn|30\n|\n|t:|1699007869\n|move|p2a: Zygarde|Coil|p2a: Zygarde\n|-boost|p2a: Zygarde|atk|1\n|-boost|p2a: Zygarde|def|1\n|-boost|p2a: Zygarde|accuracy|1\n|move|p1a: Zygarde|Thousand Arrows|p2a: Zygarde\n|-end|p2a: Zygarde|Substitute\n|\n|-heal|p2a: Zygarde|99\/100|[from] item: Leftovers\n|upkeep\n|turn|31\n|\n|t:|1699007880\n|move|p2a: Zygarde|Substitute|p2a: Zygarde\n|-start|p2a: Zygarde|Substitute\n|-damage|p2a: Zygarde|75\/100\n|move|p1a: Zygarde|Dragon Tail|p2a: Zygarde\n|-supereffective|p2a: Zygarde\n|-activate|p2a: Zygarde|move: Substitute|[damage]\n|\n|-heal|p2a: Zygarde|81\/100|[from] item: Leftovers\n|upkeep\n|turn|32\n|\n|t:|1699007889\n|move|p2a: Zygarde|Coil|p2a: Zygarde\n|-boost|p2a: Zygarde|atk|1\n|-boost|p2a: Zygarde|def|1\n|-boost|p2a: Zygarde|accuracy|1\n|move|p1a: Zygarde|Coil|p1a: Zygarde\n|-boost|p1a: Zygarde|atk|1\n|-boost|p1a: Zygarde|def|1\n|-boost|p1a: Zygarde|accuracy|1\n|\n|-heal|p2a: Zygarde|87\/100|[from] item: Leftovers\n|upkeep\n|turn|33\n|\n|t:|1699007900\n|move|p2a: Zygarde|Coil|p2a: Zygarde\n|-boost|p2a: Zygarde|atk|1\n|-boost|p2a: Zygarde|def|1\n|-boost|p2a: Zygarde|accuracy|1\n|move|p1a: Zygarde|Coil|p1a: Zygarde\n|-boost|p1a: Zygarde|atk|1\n|-boost|p1a: Zygarde|def|1\n|-boost|p1a: Zygarde|accuracy|1\n|\n|-heal|p2a: Zygarde|93\/100|[from] item: Leftovers\n|upkeep\n|turn|34\n|\n|t:|1699007913\n|move|p2a: Zygarde|Thousand Arrows|p1a: Zygarde\n|-damage|p1a: Zygarde|72\/100\n|move|p1a: Zygarde|Coil|p1a: Zygarde\n|-boost|p1a: Zygarde|atk|1\n|-boost|p1a: Zygarde|def|1\n|-boost|p1a: Zygarde|accuracy|1\n|\n|-heal|p2a: Zygarde|99\/100|[from] item: Leftovers\n|-heal|p1a: Zygarde|79\/100|[from] item: Leftovers\n|upkeep\n|turn|35\n|\n|t:|1699007924\n|move|p2a: Zygarde|Thousand Arrows|p1a: Zygarde\n|-damage|p1a: Zygarde|51\/100\n|move|p1a: Zygarde|Coil|p1a: Zygarde\n|-boost|p1a: Zygarde|atk|1\n|-boost|p1a: Zygarde|def|1\n|-boost|p1a: Zygarde|accuracy|1\n|\n|-heal|p2a: Zygarde|100\/100|[from] item: Leftovers\n|-heal|p1a: Zygarde|58\/100|[from] item: Leftovers\n|upkeep\n|turn|36\n|\n|t:|1699007937\n|move|p2a: Zygarde|Thousand Arrows|p1a: Zygarde\n|-crit|p1a: Zygarde\n|-damage|p1a: Zygarde|0 fnt\n|faint|p1a: Zygarde\n|\n|upkeep\n|-message|Mayler1414 forfeited.\n|\n|win|hyrz98\n|raw|Mayler1414's rating: 1381 &rarr; <strong>1366<\/strong><br \/>(-15 for losing)\n|raw|hyrz98's rating: 1475 &rarr; <strong>1490<\/strong><br \/>(+15 for winning)\n|l|\u2606Mayler1414\n|l|\u2606hyrz98\n","uploadtime":1699008000,"views":9,"p1id":"mayler1414","p2id":"hyrz98","formatid":"gen9nationaldexubers","rating":1366,"private":0,"password":""}