{"id":"gen9nationaldexubers-1979665258","p1":"Salfy","p2":"Halo halo orange","format":"[Gen 9] National Dex Ubers","log":"|j|\u2606Salfy\n|j|\u2606Halo halo orange\n|t:|1698701270\n|gametype|singles\n|player|p1|Salfy|depotagent|\n|player|p2|Halo halo orange|169|\n|teamsize|p1|6\n|teamsize|p2|6\n|gen|9\n|tier|[Gen 9] National Dex Ubers\n|rule|HP Percentage Mod: HP is shown in percentages\n|rule|Endless Battle Clause: Forcing endless battles is banned\n|rule|OHKO Clause: OHKO moves are banned\n|rule|Evasion Moves Clause: Evasion moves are banned\n|rule|Evasion Items Clause: Evasion items are banned\n|rule|Species Clause: Limit one of each Pok\u00e9mon\n|rule|Sleep Clause Mod: Limit one foe put to sleep\n|rule|Mega Rayquaza Clause: You cannot mega evolve Rayquaza\n|clearpoke\n|poke|p1|Darmanitan-Galar, M|\n|poke|p1|Ninetales-Alola, M|\n|poke|p1|Baxcalibur, F|\n|poke|p1|Avalugg, M|\n|poke|p1|Kyurem|\n|poke|p1|Arctozolt|\n|poke|p2|Beedrill, F|\n|poke|p2|Gengar, M|\n|poke|p2|Nidoking, M|\n|poke|p2|Slowking-Galar, F|\n|poke|p2|Drapion, M|\n|poke|p2|Crobat, F|\n|teampreview\n|c|\u2606Halo halo orange|Gl\n|c|\u2606Salfy|glhf\n|\n|t:|1698701290\n|start\n|switch|p1a: Pools Open|Darmanitan-Galar, M|100\/100\n|switch|p2a: Beedrill|Beedrill, F|100\/100\n|turn|1\n|\n|t:|1698701297\n|switch|p2a: Drapion|Drapion, M|100\/100\n|move|p1a: Pools Open|Icicle Crash|p2a: Drapion\n|-damage|p2a: Drapion|51\/100\n|\n|-heal|p2a: Drapion|57\/100|[from] item: Leftovers\n|upkeep\n|turn|2\n|\n|t:|1698701304\n|move|p1a: Pools Open|Icicle Crash|p2a: Drapion\n|-damage|p2a: Drapion|8\/100\n|move|p2a: Drapion|Knock Off|p1a: Pools Open\n|-damage|p1a: Pools Open|54\/100\n|-enditem|p1a: Pools Open|Choice Scarf|[from] move: Knock Off|[of] p2a: Drapion\n|\n|-heal|p2a: Drapion|14\/100|[from] item: Leftovers\n|upkeep\n|turn|3\n|\n|t:|1698701313\n|move|p1a: Pools Open|Icicle Crash|p2a: Drapion\n|-damage|p2a: Drapion|0 fnt\n|faint|p2a: Drapion\n|\n|upkeep\n|c|\u2606Salfy|I'm still tera steel bax\n|\n|t:|1698701370\n|switch|p2a: Beedrill|Beedrill, F|100\/100\n|turn|4\n|\n|t:|1698701374\n|switch|p1a: Table|Avalugg, M|100\/100\n|detailschange|p2a: Beedrill|Beedrill-Mega, F\n|-mega|p2a: Beedrill|Beedrill|Beedrillite\n|move|p2a: Beedrill|U-turn|p1a: Table\n|-damage|p1a: Table|80\/100\n|c|\u2606Halo halo orange|Aight\n|\n|t:|1698701395\n|switch|p2a: Nidoking|Nidoking, M|100\/100|[from] U-turn\n|\n|upkeep\n|turn|5\n|\n|t:|1698701406\n|move|p2a: Nidoking|Flamethrower|p1a: Table\n|-supereffective|p1a: Table\n|-damage|p1a: Table|0 fnt\n|faint|p1a: Table\n|\n|upkeep\n|\n|t:|1698701425\n|switch|p1a: Pools Open|Darmanitan-Galar, M|54\/100\n|turn|6\n|\n|t:|1698701472\n|switch|p2a: Slowking|Slowking-Galar, F|100\/100\n|move|p1a: Pools Open|Icicle Crash|p2a: Slowking\n|-damage|p2a: Slowking|30\/100\n|\n|upkeep\n|turn|7\n|\n|t:|1698701501\n|move|p1a: Pools Open|Icicle Crash|p2a: Slowking\n|-damage|p2a: Slowking|0 fnt\n|faint|p2a: Slowking\n|\n|upkeep\n|\n|t:|1698701507\n|switch|p2a: Beedrill|Beedrill-Mega, F|100\/100\n|turn|8\n|\n|t:|1698701512\n|move|p2a: Beedrill|U-turn|p1a: Pools Open\n|-damage|p1a: Pools Open|0 fnt\n|faint|p1a: Pools Open\n|\n|t:|1698701523\n|switch|p2a: Gengar|Gengar, M|100\/100|[from] U-turn\n|\n|upkeep\n|\n|t:|1698701544\n|switch|p1a: Cold Dog|Ninetales-Alola, M|100\/100\n|-weather|Snow|[from] ability: Snow Warning|[of] p1a: Cold Dog\n|turn|9\n|\n|t:|1698701556\n|move|p2a: Gengar|Sludge Bomb|p1a: Cold Dog\n|-supereffective|p1a: Cold Dog\n|-damage|p1a: Cold Dog|15\/100\n|move|p1a: Cold Dog|Aurora Veil|p1a: Cold Dog\n|-sidestart|p1: Salfy|move: Aurora Veil\n|\n|-weather|Snow|[upkeep]\n|upkeep\n|turn|10\n|\n|t:|1698701569\n|move|p2a: Gengar|Sludge Bomb|p1a: Cold Dog\n|-supereffective|p1a: Cold Dog\n|-damage|p1a: Cold Dog|0 fnt\n|faint|p1a: Cold Dog\n|\n|-weather|Snow|[upkeep]\n|upkeep\n|\n|t:|1698701570\n|switch|p1a: Chilla|Baxcalibur, F|100\/100\n|turn|11\n|\n|t:|1698701591\n|-terastallize|p2a: Gengar|Ghost\n|-terastallize|p1a: Chilla|Steel\n|move|p2a: Gengar|Shadow Ball|p1a: Chilla\n|-damage|p1a: Chilla|69\/100\n|move|p1a: Chilla|Dragon Dance|p1a: Chilla\n|-boost|p1a: Chilla|atk|1\n|-boost|p1a: Chilla|spe|1\n|\n|-weather|Snow|[upkeep]\n|upkeep\n|turn|12\n|\n|t:|1698701610\n|move|p1a: Chilla|Icicle Spear|p2a: Gengar\n|-damage|p2a: Gengar|61\/100\n|-damage|p2a: Gengar|15\/100\n|-damage|p2a: Gengar|0 fnt\n|faint|p2a: Gengar\n|-hitcount|p2: Gengar|3\n|\n|-weather|Snow|[upkeep]\n|upkeep\n|\n|t:|1698701617\n|switch|p2a: Beedrill|Beedrill-Mega, F|100\/100\n|turn|13\n|\n|t:|1698701619\n|move|p1a: Chilla|Icicle Spear|p2a: Beedrill\n|-damage|p2a: Beedrill|46\/100\n|-crit|p2a: Beedrill\n|-damage|p2a: Beedrill|0 fnt\n|faint|p2a: Beedrill\n|-hitcount|p2: Beedrill|2\n|\n|-weather|none\n|upkeep\n|\n|t:|1698701653\n|switch|p2a: Nidoking|Nidoking, M|100\/100\n|turn|14\n|\n|t:|1698701657\n|move|p1a: Chilla|Icicle Spear|p2a: Nidoking\n|-supereffective|p2a: Nidoking\n|-damage|p2a: Nidoking|41\/100\n|-supereffective|p2a: Nidoking\n|-damage|p2a: Nidoking|0 fnt\n|faint|p2a: Nidoking\n|-hitcount|p2: Nidoking|2\n|\n|upkeep\n|\n|t:|1698701668\n|switch|p2a: Crobat|Crobat, F|100\/100\n|turn|15\n|\n|t:|1698701671\n|move|p1a: Chilla|Icicle Spear|p2a: Crobat\n|-supereffective|p2a: Crobat\n|-damage|p2a: Crobat|52\/100\n|-supereffective|p2a: Crobat\n|-damage|p2a: Crobat|3\/100\n|-supereffective|p2a: Crobat\n|-damage|p2a: Crobat|0 fnt\n|faint|p2a: Crobat\n|-hitcount|p2: Crobat|3\n|\n|win|Salfy\n|c|\u2606Salfy|gg\n|c|\u2606Halo halo orange|Gg\n","uploadtime":1698701697,"views":13,"p1id":"salfy","p2id":"halohaloorange","formatid":"gen9nationaldexubers","rating":0,"private":0,"password":""}