{"id":"gen9nationaldexubers-1984862996","p1":"Hjull","p2":"DavyCricket","format":"[Gen 9] National Dex Ubers","log":"|j|\u2606Hjull\n|j|\u2606DavyCricket\n|t:|1699305494\n|gametype|singles\n|player|p1|Hjull|nate|1169\n|player|p2|DavyCricket|170|1107\n|teamsize|p1|6\n|teamsize|p2|6\n|gen|9\n|tier|[Gen 9] National Dex Ubers\n|rated|\n|rule|HP Percentage Mod: HP is shown in percentages\n|rule|Endless Battle Clause: Forcing endless battles is banned\n|rule|OHKO Clause: OHKO moves are banned\n|rule|Evasion Moves Clause: Evasion moves are banned\n|rule|Evasion Items Clause: Evasion items are banned\n|rule|Species Clause: Limit one of each Pok\u00e9mon\n|rule|Sleep Clause Mod: Limit one foe put to sleep\n|rule|Mega Rayquaza Clause: You cannot mega evolve Rayquaza\n|clearpoke\n|poke|p1|Slaking, F|\n|poke|p1|Pyukumuku, F|\n|poke|p1|Pincurchin, F|\n|poke|p1|Forretress, F|\n|poke|p1|Claydol|\n|poke|p1|Greninja-*, M|\n|poke|p2|Charizard, M|\n|poke|p2|Nidoking, M|\n|poke|p2|Pikachu, F|\n|poke|p2|Gengar, M|\n|poke|p2|Lapras, F|\n|poke|p2|Dragonite, M|\n|teampreview\n|\n|t:|1699305505\n|start\n|switch|p1a: Pincurchin|Pincurchin, F|100\/100\n|switch|p2a: Lycanite|Dragonite, M|100\/100\n|-fieldstart|move: Electric Terrain|[from] ability: Electric Surge|[of] p1a: Pincurchin\n|turn|1\n|\n|t:|1699305514\n|move|p2a: Lycanite|Dragon Rush|p1a: Pincurchin\n|-damage|p1a: Pincurchin|16\/100\n|move|p1a: Pincurchin|Rising Voltage|p2a: Lycanite\n|-damage|p2a: Lycanite|63\/100\n|\n|upkeep\n|turn|2\n|\n|t:|1699305540\n|move|p2a: Lycanite|Roost|p2a: Lycanite\n|-heal|p2a: Lycanite|100\/100\n|-singleturn|p2a: Lycanite|move: Roost\n|move|p1a: Pincurchin|Toxic Spikes|p2a: Lycanite\n|-sidestart|p2: DavyCricket|move: Toxic Spikes\n|\n|upkeep\n|turn|3\n|\n|t:|1699305546\n|move|p2a: Lycanite|Dragon Pulse|p1a: Pincurchin\n|-damage|p1a: Pincurchin|0 fnt\n|faint|p1a: Pincurchin\n|\n|upkeep\n|\n|t:|1699305562\n|switch|p1a: Greninja|Greninja, M|100\/100\n|turn|4\n|\n|t:|1699305581\n|switch|p2a: Dorrie|Lapras, F|100\/100\n|-status|p2a: Dorrie|psn\n|move|p1a: Greninja|Ice Punch|p2a: Dorrie\n|-start|p1a: Greninja|typechange|Ice|[from] ability: Protean\n|-resisted|p2a: Dorrie\n|-damage|p2a: Dorrie|92\/100 psn\n|-damage|p1a: Greninja|91\/100|[from] item: Life Orb\n|\n|-heal|p2a: Dorrie|98\/100 psn|[from] item: Leftovers\n|-damage|p2a: Dorrie|86\/100 psn|[from] psn\n|upkeep\n|turn|5\n|\n|t:|1699305596\n|move|p1a: Greninja|Power-Up Punch|p2a: Dorrie\n|-supereffective|p2a: Dorrie\n|-damage|p2a: Dorrie|61\/100 psn\n|-boost|p1a: Greninja|atk|1\n|-damage|p1a: Greninja|81\/100|[from] item: Life Orb\n|move|p2a: Dorrie|Liquidation|p1a: Greninja\n|-damage|p1a: Greninja|32\/100\n|-unboost|p1a: Greninja|def|1\n|\n|-heal|p2a: Dorrie|67\/100 psn|[from] item: Leftovers\n|-damage|p2a: Dorrie|54\/100 psn|[from] psn\n|-fieldend|move: Electric Terrain\n|upkeep\n|turn|6\n|\n|t:|1699305649\n|move|p1a: Greninja|Power-Up Punch|p2a: Dorrie\n|-supereffective|p2a: Dorrie\n|-damage|p2a: Dorrie|13\/100 psn\n|-boost|p1a: Greninja|atk|1\n|-damage|p1a: Greninja|23\/100|[from] item: Life Orb\n|move|p2a: Dorrie|Reflect|p2a: Dorrie\n|-sidestart|p2: DavyCricket|Reflect\n|\n|-heal|p2a: Dorrie|19\/100 psn|[from] item: Leftovers\n|-damage|p2a: Dorrie|7\/100 psn|[from] psn\n|upkeep\n|turn|7\n|\n|t:|1699305661\n|move|p1a: Greninja|Power-Up Punch|p2a: Dorrie\n|-supereffective|p2a: Dorrie\n|-damage|p2a: Dorrie|0 fnt\n|-boost|p1a: Greninja|atk|1\n|faint|p2a: Dorrie\n|-damage|p1a: Greninja|13\/100|[from] item: Life Orb\n|\n|upkeep\n|\n|t:|1699305676\n|switch|p2a: Pea|Pikachu, F|100\/100\n|-status|p2a: Pea|psn\n|turn|8\n|\n|t:|1699305690\n|switch|p1a: Pyukumuku|Pyukumuku, F|100\/100\n|move|p2a: Pea|Extreme Speed|p1a: Pyukumuku\n|-damage|p1a: Pyukumuku|74\/100\n|-damage|p2a: Pea|84\/100 psn|[from] item: Rocky Helmet|[of] p1a: Pyukumuku\n|\n|-damage|p2a: Pea|72\/100 psn|[from] psn\n|upkeep\n|turn|9\n|\n|t:|1699305704\n|switch|p2a: Brutus|Nidoking, M|100\/100\n|-sideend|p2: DavyCricket|move: Toxic Spikes|[of] p2a: Brutus\n|switch|p1a: Claydol|Claydol|100\/100\n|\n|upkeep\n|turn|10\n|\n|t:|1699305714\n|move|p2a: Brutus|Ice Beam|p1a: Claydol\n|-supereffective|p1a: Claydol\n|-damage|p1a: Claydol|52\/100\n|move|p1a: Claydol|Psychic|p2a: Brutus\n|-supereffective|p2a: Brutus\n|-damage|p2a: Brutus|0 fnt\n|faint|p2a: Brutus\n|\n|-sideend|p2: DavyCricket|Reflect\n|upkeep\n|\n|t:|1699305721\n|switch|p2a: Roy|Gengar, M|100\/100\n|-item|p2a: Roy|Air Balloon\n|turn|11\n|\n|t:|1699305725\n|move|p2a: Roy|Shadow Ball|p1a: Claydol\n|-supereffective|p1a: Claydol\n|-damage|p1a: Claydol|0 fnt\n|faint|p1a: Claydol\n|\n|upkeep\n|\n|t:|1699305729\n|switch|p1a: Greninja|Greninja, M|13\/100\n|turn|12\n|\n|t:|1699305740\n|move|p1a: Greninja|Night Slash|p2a: Roy\n|-start|p1a: Greninja|typechange|Dark|[from] ability: Protean\n|-supereffective|p2a: Roy\n|-damage|p2a: Roy|0 fnt\n|-enditem|p2a: Roy|Air Balloon\n|faint|p2a: Roy\n|-damage|p1a: Greninja|3\/100|[from] item: Life Orb\n|\n|upkeep\n|\n|t:|1699305748\n|switch|p2a: Lycanite|Dragonite, M|100\/100\n|turn|13\n|\n|t:|1699305753\n|switch|p2a: Charlie|Charizard, M|100\/100\n|move|p1a: Greninja|Ice Punch|p2a: Charlie\n|-damage|p2a: Charlie|61\/100\n|-damage|p1a: Greninja|0 fnt|[from] item: Life Orb\n|faint|p1a: Greninja\n|\n|upkeep\n|inactive|Battle timer is ON: inactive players will automatically lose when time's up. (requested by DavyCricket)\n|\n|t:|1699305765\n|switch|p1a: Pyukumuku|Pyukumuku, F|74\/100\n|turn|14\n|\n|t:|1699305770\n|detailschange|p2a: Charlie|Charizard-Mega-X, M\n|-mega|p2a: Charlie|Charizard|Charizardite X\n|move|p2a: Charlie|Dragon Dance|p2a: Charlie\n|-boost|p2a: Charlie|atk|1\n|-boost|p2a: Charlie|spe|1\n|move|p1a: Pyukumuku|Swagger|p2a: Charlie\n|-boost|p2a: Charlie|atk|2\n|-start|p2a: Charlie|confusion\n|\n|upkeep\n|turn|15\n|\n|t:|1699305777\n|-activate|p2a: Charlie|confusion\n|move|p2a: Charlie|Dragon Claw|p1a: Pyukumuku\n|-damage|p1a: Pyukumuku|19\/100\n|-damage|p2a: Charlie|45\/100|[from] item: Rocky Helmet|[of] p1a: Pyukumuku\n|move|p1a: Pyukumuku|Pain Split|p2a: Charlie\n|-sethp|p2a: Charlie|30\/100|[from] move: Pain Split|[silent]\n|-sethp|p1a: Pyukumuku|36\/100|[from] move: Pain Split\n|\n|upkeep\n|turn|16\n|\n|t:|1699305786\n|-activate|p2a: Charlie|confusion\n|-damage|p2a: Charlie|0 fnt|[from] confusion\n|faint|p2a: Charlie\n|move|p1a: Pyukumuku|Toxic|p2: Charlie|[notarget]\n|-fail|p1a: Pyukumuku\n|\n|upkeep\n|\n|t:|1699305790\n|switch|p2a: Pea|Pikachu, F|72\/100 psn\n|turn|17\n|\n|t:|1699305795\n|move|p2a: Pea|Thunderbolt|p1a: Pyukumuku\n|-supereffective|p1a: Pyukumuku\n|-damage|p1a: Pyukumuku|0 fnt\n|faint|p1a: Pyukumuku\n|\n|-damage|p2a: Pea|59\/100 psn|[from] psn\n|upkeep\n|\n|t:|1699305799\n|switch|p1a: Slaking|Slaking, F|100\/100\n|turn|18\n|\n|t:|1699305811\n|-terastallize|p2a: Pea|Electric\n|move|p2a: Pea|Thunderbolt|p1a: Slaking\n|-damage|p1a: Slaking|64\/100\n|move|p1a: Slaking|Facade|p2a: Pea\n|-damage|p2a: Pea|0 fnt\n|faint|p2a: Pea\n|\n|upkeep\n|\n|t:|1699305818\n|switch|p2a: Lycanite|Dragonite, M|100\/100\n|turn|19\n|\n|t:|1699305825\n|cant|p1a: Slaking|ability: Truant\n|move|p2a: Lycanite|Dragon Rush|p1a: Slaking\n|-damage|p1a: Slaking|22\/100\n|\n|upkeep\n|turn|20\n|\n|t:|1699305831\n|move|p1a: Slaking|Play Rough|p2a: Lycanite\n|-supereffective|p2a: Lycanite\n|-damage|p2a: Lycanite|13\/100\n|-enditem|p2a: Lycanite|Weakness Policy\n|-boost|p2a: Lycanite|atk|2|[from] item: Weakness Policy\n|-boost|p2a: Lycanite|spa|2|[from] item: Weakness Policy\n|move|p2a: Lycanite|Roost|p2a: Lycanite\n|-heal|p2a: Lycanite|63\/100\n|-singleturn|p2a: Lycanite|move: Roost\n|\n|upkeep\n|turn|21\n|\n|t:|1699305841\n|cant|p1a: Slaking|ability: Truant\n|move|p2a: Lycanite|Dragon Pulse|p1a: Slaking\n|-damage|p1a: Slaking|0 fnt\n|faint|p1a: Slaking\n|\n|upkeep\n|\n|t:|1699305843\n|switch|p1a: Forretress|Forretress, F|100\/100\n|turn|22\n|\n|t:|1699305854\n|move|p2a: Lycanite|Flamethrower|p1a: Forretress\n|-supereffective|p1a: Forretress\n|-ability|p1a: Forretress|Sturdy\n|-damage|p1a: Forretress|1\/100\n|move|p1a: Forretress|Gyro Ball|p2a: Lycanite\n|-damage|p2a: Lycanite|33\/100\n|\n|upkeep\n|turn|23\n|\n|t:|1699305863\n|move|p2a: Lycanite|Dragon Pulse|p1a: Forretress\n|-resisted|p1a: Forretress\n|-damage|p1a: Forretress|0 fnt\n|faint|p1a: Forretress\n|\n|win|DavyCricket\n|raw|Hjull's rating: 1169 &rarr; <strong>1140<\/strong><br \/>(-29 for losing)\n|raw|DavyCricket's rating: 1107 &rarr; <strong>1136<\/strong><br \/>(+29 for winning)\n|l|\u2606Hjull\n","uploadtime":1699305871,"views":6,"p1id":"hjull","p2id":"davycricket","formatid":"gen9nationaldexubers","rating":1136,"private":0,"password":""}