{"id":"gen9nationaldexubers-1989974650","p1":"tiagorf","p2":"i'madragontype","format":"[Gen 9] National Dex Ubers","log":"|j|\u2606tiagorf\n|j|\u2606i'madragontype\n|t:|1699911665\n|gametype|singles\n|player|p1|tiagorf|steven|1134\n|player|p2|i'madragontype|iris|1000\n|teamsize|p1|6\n|teamsize|p2|6\n|gen|9\n|tier|[Gen 9] National Dex Ubers\n|rated|\n|rule|HP Percentage Mod: HP is shown in percentages\n|rule|Endless Battle Clause: Forcing endless battles is banned\n|rule|OHKO Clause: OHKO moves are banned\n|rule|Evasion Moves Clause: Evasion moves are banned\n|rule|Evasion Items Clause: Evasion items are banned\n|rule|Species Clause: Limit one of each Pok\u00e9mon\n|rule|Sleep Clause Mod: Limit one foe put to sleep\n|rule|Mega Rayquaza Clause: You cannot mega evolve Rayquaza\n|clearpoke\n|poke|p1|Metagross|\n|poke|p1|Aggron, F|\n|poke|p1|Armaldo, M|\n|poke|p1|Cradily, F|\n|poke|p1|Claydol|\n|poke|p1|Skarmory, F|\n|poke|p2|Ninetales, M|\n|poke|p2|Zoroark, F|\n|poke|p2|Reshiram|\n|poke|p2|Necrozma-Dawn-Wings|\n|poke|p2|Umbreon, M|\n|poke|p2|Obstagoon, M|\n|teampreview\n|\n|t:|1699911676\n|start\n|switch|p1a: Aggron|Aggron, F|100\/100\n|switch|p2a: whitefire|Reshiram|100\/100\n|-ability|p2a: whitefire|Turboblaze\n|turn|1\n|\n|t:|1699911685\n|move|p2a: whitefire|Blue Flare|p1a: Aggron|[miss]\n|-miss|p2a: whitefire|p1a: Aggron\n|move|p1a: Aggron|Stealth Rock|p2a: whitefire\n|-sidestart|p2: i'madragontype|move: Stealth Rock\n|\n|upkeep\n|turn|2\n|\n|t:|1699911692\n|move|p2a: whitefire|Blue Flare|p1a: Aggron\n|-damage|p1a: Aggron|1\/100\n|-damage|p2a: whitefire|91\/100|[from] item: Life Orb\n|move|p1a: Aggron|Dragon Tail|p2a: whitefire\n|-supereffective|p2a: whitefire\n|-damage|p2a: whitefire|52\/100\n|-damage|p1a: Aggron|0 fnt|[from] item: Life Orb\n|faint|p1a: Aggron\n|drag|p2a: bloodmoon|Necrozma-Dawn-Wings, shiny|100\/100\n|-damage|p2a: bloodmoon|88\/100|[from] Stealth Rock\n|\n|upkeep\n|\n|t:|1699911704\n|switch|p1a: Skarmory|Skarmory, F|100\/100\n|turn|3\n|\n|t:|1699911710\n|detailschange|p2a: bloodmoon|Necrozma-Ultra, shiny\n|-burst|p2a: bloodmoon|Necrozma|Ultranecrozium Z\n|move|p2a: bloodmoon|Photon Geyser|p1a: Skarmory\n|-resisted|p1a: Skarmory\n|-crit|p1a: Skarmory\n|-damage|p1a: Skarmory|38\/100\n|move|p1a: Skarmory|Spikes|p2a: bloodmoon\n|-sidestart|p2: i'madragontype|Spikes\n|\n|upkeep\n|turn|4\n|\n|t:|1699911722\n|move|p2a: bloodmoon|Photon Geyser|p1a: Skarmory\n|-resisted|p1a: Skarmory\n|-damage|p1a: Skarmory|2\/100\n|move|p1a: Skarmory|Roost|p1a: Skarmory\n|-heal|p1a: Skarmory|52\/100\n|-singleturn|p1a: Skarmory|move: Roost\n|\n|upkeep\n|turn|5\n|\n|t:|1699911735\n|move|p2a: bloodmoon|Moongeist Beam|p1a: Skarmory\n|-damage|p1a: Skarmory|5\/100\n|move|p1a: Skarmory|Roost|p1a: Skarmory\n|-heal|p1a: Skarmory|55\/100\n|-singleturn|p1a: Skarmory|move: Roost\n|\n|upkeep\n|turn|6\n|\n|t:|1699911746\n|-zpower|p2a: bloodmoon\n|move|p2a: bloodmoon|Light That Burns the Sky|p1a: Skarmory|[zeffect]\n|-resisted|p1a: Skarmory\n|-damage|p1a: Skarmory|0 fnt\n|faint|p1a: Skarmory\n|\n|upkeep\n|\n|t:|1699911772\n|switch|p1a: Armaldo|Armaldo, M|100\/100\n|turn|7\n|\n|t:|1699911779\n|move|p2a: bloodmoon|Photon Geyser|p1a: Armaldo\n|-damage|p1a: Armaldo|33\/100\n|move|p1a: Armaldo|Knock Off|p2a: bloodmoon\n|-supereffective|p2a: bloodmoon\n|-damage|p2a: bloodmoon|48\/100\n|\n|upkeep\n|turn|8\n|\n|t:|1699911790\n|move|p2a: bloodmoon|Moongeist Beam|p1a: Armaldo\n|-damage|p1a: Armaldo|0 fnt\n|faint|p1a: Armaldo\n|\n|upkeep\n|\n|t:|1699911796\n|switch|p1a: Claydol|Claydol|100\/100\n|turn|9\n|\n|t:|1699911801\n|move|p1a: Claydol|Earth Power|p2a: bloodmoon\n|-damage|p2a: bloodmoon|27\/100\n|move|p2a: bloodmoon|Moongeist Beam|p1a: Claydol\n|-supereffective|p1a: Claydol\n|-damage|p1a: Claydol|21\/100\n|\n|upkeep\n|turn|10\n|\n|t:|1699911809\n|move|p1a: Claydol|Earth Power|p2a: bloodmoon\n|-damage|p2a: bloodmoon|7\/100\n|move|p2a: bloodmoon|Moongeist Beam|p1a: Claydol\n|-supereffective|p1a: Claydol\n|-damage|p1a: Claydol|0 fnt\n|faint|p1a: Claydol\n|\n|upkeep\n|\n|t:|1699911820\n|switch|p1a: Metagross|Metagross, shiny|100\/100\n|turn|11\n|\n|t:|1699911824\n|detailschange|p1a: Metagross|Metagross-Mega, shiny\n|-mega|p1a: Metagross|Metagross|Metagrossite\n|move|p1a: Metagross|Bullet Punch|p2a: bloodmoon\n|-damage|p2a: bloodmoon|0 fnt\n|faint|p2a: bloodmoon\n|\n|upkeep\n|\n|t:|1699911831\n|switch|p2a: whitefire|Reshiram|52\/100\n|-damage|p2a: whitefire|27\/100|[from] Stealth Rock\n|-damage|p2a: whitefire|14\/100|[from] Spikes\n|-ability|p2a: whitefire|Turboblaze\n|turn|12\n|\n|t:|1699911838\n|move|p1a: Metagross|Bullet Punch|p2a: whitefire\n|-resisted|p2a: whitefire\n|-damage|p2a: whitefire|0 fnt\n|faint|p2a: whitefire\n|\n|upkeep\n|\n|t:|1699911843\n|switch|p2a: rockon|Obstagoon, M|100\/100\n|-damage|p2a: rockon|88\/100|[from] Stealth Rock\n|-damage|p2a: rockon|76\/100|[from] Spikes\n|turn|13\n|\n|t:|1699911853\n|move|p2a: rockon|Flamethrower|p1a: Metagross\n|-supereffective|p1a: Metagross\n|-damage|p1a: Metagross|30\/100\n|-damage|p2a: rockon|66\/100|[from] item: Life Orb\n|move|p1a: Metagross|Power-Up Punch|p2a: rockon\n|-supereffective|p2a: rockon\n|-damage|p2a: rockon|0 fnt\n|-boost|p1a: Metagross|atk|1\n|replace|p2a: clawdea|Zoroark, F, shiny\n|-end|p2a: clawdea|Illusion\n|faint|p2a: clawdea\n|\n|upkeep\n|\n|t:|1699911863\n|switch|p2a: silver|Ninetales, M, shiny|100\/100\n|-damage|p2a: silver|76\/100|[from] Stealth Rock\n|-damage|p2a: silver|64\/100|[from] Spikes\n|-weather|SunnyDay|[from] ability: Drought|[of] p2a: silver\n|turn|14\n|\n|t:|1699911876\n|move|p1a: Metagross|Zen Headbutt|p2a: silver\n|-damage|p2a: silver|0 fnt\n|faint|p2a: silver\n|\n|-weather|SunnyDay|[upkeep]\n|upkeep\n|\n|t:|1699911881\n|switch|p2a: rockon|Obstagoon, M|100\/100\n|-damage|p2a: rockon|88\/100|[from] Stealth Rock\n|-damage|p2a: rockon|76\/100|[from] Spikes\n|turn|15\n|\n|t:|1699911888\n|move|p1a: Metagross|Power-Up Punch|p2a: rockon\n|-supereffective|p2a: rockon\n|-damage|p2a: rockon|0 fnt\n|-boost|p1a: Metagross|atk|1\n|faint|p2a: rockon\n|\n|-weather|SunnyDay|[upkeep]\n|upkeep\n|c|\u2606i'madragontype|stop stop STOP SYYUOPOIUYTEWSSZXDTGYYUIDSZSTUI:POP\n|\n|t:|1699911906\n|switch|p2a: bluemoon|Umbreon, M, shiny|100\/100\n|-damage|p2a: bluemoon|88\/100|[from] Stealth Rock\n|-damage|p2a: bluemoon|76\/100|[from] Spikes\n|turn|16\n|c|\u2606tiagorf|You lost the liga of hoenn, bro\n|c|\u2606tiagorf|I\u2019m Steven Stone\n|c|\u2606tiagorf|The champion\n|c|\u2606i'madragontype|SHUT THE FUCK UP@!!!!\n|n|\u203di'madragontype|imadragontype\n|c|&|\/log i'madragontype was locked from talking by Artemis. (\u2606i'madragontype: SHUT THE FUCK UP@!!!!)\n|c|&|\/raw <small>This action was done automatically. Want to learn more about the AI? <a href=\"https:\/\/www.smogon.com\/forums\/threads\/3570628\/#post-9056769\">Visit the information thread<\/a>.<\/small>\n|\n|t:|1699911944\n|move|p1a: Metagross|Meteor Mash|p2a: bluemoon\n|-damage|p2a: bluemoon|0 fnt\n|faint|p2a: bluemoon\n|\n|win|tiagorf\n|raw|tiagorf's rating: 1134 &rarr; <strong>1150<\/strong><br \/>(+16 for winning)\n|raw|i&apos;madragontype's rating: 1000 &rarr; <strong>1000<\/strong><br \/>(+0 for losing)\n","uploadtime":1699911943,"views":6,"p1id":"tiagorf","p2id":"imadragontype","formatid":"gen9nationaldexubers","rating":1000,"private":0,"password":""}