{"id":"gen9nationaldexubers-1988814248","p1":"AceTheInadequate","p2":"stinkles3","format":"[Gen 9] National Dex Ubers","log":"|j|\u2606AceTheInadequate\n|j|\u2606stinkles3\n|t:|1699767077\n|gametype|singles\n|player|p1|AceTheInadequate|guitarist|\n|player|p2|stinkles3|dragontamer|\n|teamsize|p1|6\n|teamsize|p2|6\n|gen|9\n|tier|[Gen 9] National Dex Ubers\n|rule|HP Percentage Mod: HP is shown in percentages\n|rule|Endless Battle Clause: Forcing endless battles is banned\n|rule|OHKO Clause: OHKO moves are banned\n|rule|Evasion Moves Clause: Evasion moves are banned\n|rule|Evasion Items Clause: Evasion items are banned\n|rule|Species Clause: Limit one of each Pok\u00e9mon\n|rule|Sleep Clause Mod: Limit one foe put to sleep\n|rule|Mega Rayquaza Clause: You cannot mega evolve Rayquaza\n|clearpoke\n|poke|p1|Volcarona, M|\n|poke|p1|Scizor, F|\n|poke|p1|Slither Wing|\n|poke|p1|Araquanid, M|\n|poke|p1|Ribombee, F|\n|poke|p1|Galvantula, M|\n|poke|p2|Clodsire, M|\n|poke|p2|Sneasler, F|\n|poke|p2|Crobat, M|\n|poke|p2|Drapion, M|\n|poke|p2|Weezing-Galar, M|\n|poke|p2|Tentacruel, M|\n|teampreview\n|c|\u2606stinkles3|bgnhtttttttnhnhhh\n|\n|t:|1699767090\n|start\n|switch|p1a: Apollo|Araquanid, M|100\/100\n|switch|p2a: Crit hitter|Drapion, M|100\/100\n|turn|1\n|\n|t:|1699767101\n|move|p2a: Crit hitter|Cross Poison|p1a: Apollo\n|-crit|p1a: Apollo\n|-damage|p1a: Apollo|31\/100\n|-status|p1a: Apollo|psn\n|-enditem|p1a: Apollo|Sitrus Berry|[eat]\n|-heal|p1a: Apollo|56\/100 psn|[from] item: Sitrus Berry\n|move|p1a: Apollo|Liquidation|p2a: Crit hitter\n|-damage|p2a: Crit hitter|32\/100\n|-unboost|p2a: Crit hitter|def|1\n|\n|-damage|p1a: Apollo|44\/100 psn|[from] psn\n|upkeep\n|turn|2\n|\n|t:|1699767113\n|switch|p1a: McQueen|Scizor, F|100\/100\n|move|p2a: Crit hitter|Cross Poison|p1a: McQueen\n|-immune|p1a: McQueen\n|\n|upkeep\n|turn|3\n|\n|t:|1699767127\n|switch|p2a: Self destroyer|Crobat, M, shiny|100\/100\n|detailschange|p1a: McQueen|Scizor-Mega, F\n|-mega|p1a: McQueen|Scizor|Scizorite\n|move|p1a: McQueen|Swords Dance|p1a: McQueen\n|-boost|p1a: McQueen|atk|2\n|\n|upkeep\n|turn|4\n|j| TheShinyBisharp360\n|j| ImGoodATM\n|\n|t:|1699767137\n|switch|p2a: Industry Smog|Weezing-Galar, M|100\/100\n|-ability|p2a: Industry Smog|Neutralizing Gas\n|move|p1a: McQueen|Bullet Punch|p2a: Industry Smog\n|-supereffective|p2a: Industry Smog\n|-damage|p2a: Industry Smog|14\/100\n|\n|upkeep\n|turn|5\n|\n|t:|1699767149\n|-terastallize|p2a: Industry Smog|Poison\n|move|p1a: McQueen|Bullet Punch|p2a: Industry Smog\n|-damage|p2a: Industry Smog|0 fnt\n|faint|p2a: Industry Smog\n|-end|p2a: Industry Smog|ability: Neutralizing Gas\n|\n|upkeep\n|\n|t:|1699767158\n|switch|p2a: Infectious|Tentacruel, M|100\/100\n|turn|6\n|\n|t:|1699767168\n|move|p2a: Infectious|Hydro Pump|p1a: McQueen\n|-damage|p1a: McQueen|68\/100\n|move|p1a: McQueen|Swords Dance|p1a: McQueen\n|-boost|p1a: McQueen|atk|2\n|\n|upkeep\n|turn|7\n|\n|t:|1699767178\n|move|p2a: Infectious|Hydro Pump|p1a: McQueen\n|-damage|p1a: McQueen|35\/100\n|move|p1a: McQueen|Trailblaze|p2a: Infectious\n|-damage|p2a: Infectious|0 fnt\n|-boost|p1a: McQueen|spe|1\n|faint|p2a: Infectious\n|\n|upkeep\n|j| RyndarPlays\n|\n|t:|1699767190\n|switch|p2a: Wolverine|Sneasler, F|100\/100\n|turn|8\n|\n|t:|1699767194\n|move|p2a: Wolverine|Fake Out|p1a: McQueen\n|-enditem|p2a: Wolverine|Normal Gem|[from] gem\n|-resisted|p1a: McQueen\n|-damage|p1a: McQueen|28\/100\n|cant|p1a: McQueen|flinch\n|\n|upkeep\n|turn|9\n|c|\u2606stinkles3|wwait\n|c|\u2606stinkles3|sneasler is animated now\n|\n|t:|1699767208\n|move|p1a: McQueen|Bullet Punch|p2a: Wolverine\n|-damage|p2a: Wolverine|0 fnt\n|faint|p2a: Wolverine\n|\n|upkeep\n|\n|t:|1699767214\n|switch|p2a: Grain|Clodsire, M|100\/100\n|turn|10\n|\n|t:|1699767217\n|move|p1a: McQueen|Trailblaze|p2a: Grain\n|-damage|p2a: Grain|64\/100\n|-boost|p1a: McQueen|spe|1\n|move|p2a: Grain|Yawn|p1a: McQueen\n|-start|p1a: McQueen|move: Yawn|[of] p2a: Grain\n|\n|upkeep\n|turn|11\n|\n|t:|1699767228\n|move|p1a: McQueen|Dual Wingbeat|p2a: Grain\n|-damage|p2a: Grain|34\/100\n|-enditem|p2a: Grain|Sitrus Berry|[eat]\n|-heal|p2a: Grain|59\/100|[from] item: Sitrus Berry\n|-damage|p2a: Grain|30\/100\n|-hitcount|p2a: Grain|2\n|move|p2a: Grain|Earthquake|p1a: McQueen\n|-damage|p1a: McQueen|7\/100\n|\n|-end|p1a: McQueen|move: Yawn|[silent]\n|-status|p1a: McQueen|slp\n|upkeep\n|turn|12\n|\n|t:|1699767240\n|switch|p1a: Vegeta|Slither Wing, shiny|100\/100\n|-enditem|p1a: Vegeta|Booster Energy\n|-activate|p1a: Vegeta|ability: Protosynthesis|[fromitem]\n|-start|p1a: Vegeta|protosynthesisatk\n|move|p2a: Grain|Recover|p2a: Grain\n|-heal|p2a: Grain|80\/100\n|\n|upkeep\n|turn|13\n|\n|t:|1699767249\n|-terastallize|p1a: Vegeta|Ground\n|move|p1a: Vegeta|Earthquake|p2a: Grain\n|-supereffective|p2a: Grain\n|-damage|p2a: Grain|0 fnt\n|faint|p2a: Grain\n|\n|upkeep\n|\n|t:|1699767255\n|switch|p2a: Self destroyer|Crobat, M, shiny|100\/100\n|turn|14\n|\n|t:|1699767260\n|move|p2a: Self destroyer|Brave Bird|p1a: Vegeta\n|-damage|p1a: Vegeta|35\/100\n|-damage|p2a: Self destroyer|83\/100|[from] Recoil\n|move|p1a: Vegeta|U-turn|p2a: Self destroyer\n|-resisted|p2a: Self destroyer\n|-damage|p2a: Self destroyer|69\/100\n|\n|t:|1699767263\n|-end|p1a: Vegeta|Protosynthesis|[silent]\n|switch|p1a: Bumblebee|Galvantula, M, shiny|100\/100|[from] U-turn\n|\n|-heal|p2a: Self destroyer|76\/100|[from] item: Black Sludge\n|upkeep\n|turn|15\n|\n|t:|1699767276\n|switch|p2a: Crit hitter|Drapion, M|32\/100\n|move|p1a: Bumblebee|Thunder|p2a: Crit hitter\n|-damage|p2a: Crit hitter|0 fnt\n|faint|p2a: Crit hitter\n|\n|upkeep\n|\n|t:|1699767284\n|switch|p2a: Self destroyer|Crobat, M, shiny|76\/100\n|turn|16\n|c|\u2606stinkles3|ace\n|c|\u2606stinkles3|ive come to a realization\n|c|\u2606stinkles3|i may not win this battle\n|c|\u2606stinkles3|and thats okay\n|c|\u2606stinkles3|ill learn from this\n|c|\u2606stinkles3|ill work up to beat you one day\n|c|\u2606stinkles3|but im not ready right now\n|c|\u2606stinkles3|and again thats okay\n|c|\u2606stinkles3|because one day ill be better\n|c|\u2606stinkles3|and\n|c|\u2606stinkles3|that day isnt right now\n|c|\u2606stinkles3|so\n|c|\u2606stinkles3|you can take the win\n|c|\u2606stinkles3|good luck in the tournament ace\n|c|\u2606stinkles3|i wish you the best of luck\n|c|\u2606stinkles3|im out\n|c|\u2606stinkles3|this was somewhat fun\n|c|\u2606stinkles3|even if i got swept\n|c|\u2606stinkles3|bye\n|c| ImGoodATM|JUST PICK A MOVE\n|-message|stinkles3 forfeited.\n|\n|win|AceTheInadequate\n|l|\u2606stinkles3\n|l| ImGoodATM\n|l| RyndarPlays\n","uploadtime":1699767422,"views":15,"p1id":"acetheinadequate","p2id":"stinkles3","formatid":"gen9nationaldexubers","rating":0,"private":0,"password":""}