{"id":"gen9nationaldexubers-1994833465","p1":"TRIPLE RILABOOM","p2":"gojo the beast","format":"[Gen 9] National Dex Ubers","log":"|j|\u2606TRIPLE RILABOOM\n|j|\u2606gojo the beast\n|t:|1700497016\n|gametype|singles\n|player|p1|TRIPLE RILABOOM|265|1080\n|player|p2|gojo the beast|red|1058\n|teamsize|p1|6\n|teamsize|p2|6\n|gen|9\n|tier|[Gen 9] National Dex Ubers\n|rated|\n|rule|HP Percentage Mod: HP is shown in percentages\n|rule|Endless Battle Clause: Forcing endless battles is banned\n|rule|OHKO Clause: OHKO moves are banned\n|rule|Evasion Moves Clause: Evasion moves are banned\n|rule|Evasion Items Clause: Evasion items are banned\n|rule|Species Clause: Limit one of each Pok\u00e9mon\n|rule|Sleep Clause Mod: Limit one foe put to sleep\n|rule|Mega Rayquaza Clause: You cannot mega evolve Rayquaza\n|clearpoke\n|poke|p1|Raticate, F|\n|poke|p1|Marshadow|\n|poke|p1|Galvantula, F|\n|poke|p1|Mewtwo|\n|poke|p1|Darmanitan-Galar, M|\n|poke|p1|Zarude|\n|poke|p2|Mewtwo|\n|poke|p2|Ursaluna, F|\n|poke|p2|Lilligant-Hisui, F|\n|poke|p2|Darkrai|\n|poke|p2|Zacian-*|\n|poke|p2|Marshadow|\n|teampreview\n|\n|t:|1700497032\n|start\n|switch|p1a: Galvantula|Galvantula, F, shiny|100\/100\n|switch|p2a: Mewtwo|Mewtwo|100\/100\n|-ability|p2a: Mewtwo|Unnerve\n|turn|1\n|\n|t:|1700497053\n|detailschange|p2a: Mewtwo|Mewtwo-Mega-Y\n|-mega|p2a: Mewtwo|Mewtwo|Mewtwonite Y\n|move|p2a: Mewtwo|Calm Mind|p2a: Mewtwo\n|-boost|p2a: Mewtwo|spa|1\n|-boost|p2a: Mewtwo|spd|1\n|move|p1a: Galvantula|Bug Buzz|p2a: Mewtwo\n|-supereffective|p2a: Mewtwo\n|-damage|p2a: Mewtwo|56\/100\n|\n|upkeep\n|turn|2\n|\n|t:|1700497063\n|move|p2a: Mewtwo|Psystrike|p1a: Galvantula\n|-enditem|p1a: Galvantula|Focus Sash\n|-damage|p1a: Galvantula|1\/100\n|move|p1a: Galvantula|Bug Buzz|p2a: Mewtwo\n|-supereffective|p2a: Mewtwo\n|-damage|p2a: Mewtwo|12\/100\n|\n|upkeep\n|turn|3\n|\n|t:|1700497073\n|move|p2a: Mewtwo|Psystrike|p1a: Galvantula\n|-damage|p1a: Galvantula|0 fnt\n|faint|p1a: Galvantula\n|\n|upkeep\n|\n|t:|1700497078\n|switch|p1a: Raticate|Raticate, F, shiny|100\/100\n|turn|4\n|\n|t:|1700497083\n|move|p1a: Raticate|Sucker Punch|p2a: Mewtwo|[miss]\n|-miss|p1a: Raticate|p2a: Mewtwo\n|move|p2a: Mewtwo|Blizzard|p1a: Raticate\n|-damage|p1a: Raticate|0 fnt\n|faint|p1a: Raticate\n|\n|upkeep\n|\n|t:|1700497090\n|switch|p1a: Marshadow|Marshadow|100\/100\n|turn|5\n|\n|t:|1700497097\n|move|p1a: Marshadow|Shadow Sneak|p2a: Mewtwo\n|-supereffective|p2a: Mewtwo\n|-damage|p2a: Mewtwo|0 fnt\n|faint|p2a: Mewtwo\n|\n|upkeep\n|\n|t:|1700497110\n|switch|p2a: Darkrai|Darkrai, shiny|100\/100\n|turn|6\n|\n|t:|1700497121\n|move|p1a: Marshadow|Close Combat|p2a: Darkrai\n|-supereffective|p2a: Darkrai\n|-damage|p2a: Darkrai|0 fnt\n|-unboost|p1a: Marshadow|def|1\n|-unboost|p1a: Marshadow|spd|1\n|faint|p2a: Darkrai\n|\n|upkeep\n|\n|t:|1700497131\n|switch|p2a: Zacian|Zacian-Crowned|100\/100\n|-ability|p2a: Zacian|Intrepid Sword|boost\n|-boost|p2a: Zacian|atk|1\n|-enditem|p1a: Marshadow|Mirror Herb\n|-boost|p1a: Marshadow|atk|1|[from] item: Mirror Herb\n|turn|7\n|\n|t:|1700497145\n|-terastallize|p2a: Zacian|Fairy\n|-terastallize|p1a: Marshadow|Ghost\n|move|p1a: Marshadow|Shadow Sneak|p2a: Zacian\n|-damage|p2a: Zacian|36\/100\n|move|p2a: Zacian|Dazzling Gleam|p1a: Marshadow\n|-damage|p1a: Marshadow|47\/100\n|\n|upkeep\n|turn|8\n|\n|t:|1700497157\n|move|p1a: Marshadow|Shadow Sneak|p2a: Zacian\n|-damage|p2a: Zacian|0 fnt\n|faint|p2a: Zacian\n|\n|upkeep\n|\n|t:|1700497162\n|switch|p2a: Marshadow|Marshadow|100\/100\n|turn|9\n|\n|t:|1700497169\n|move|p1a: Marshadow|Shadow Sneak|p2a: Marshadow\n|-supereffective|p2a: Marshadow\n|-damage|p2a: Marshadow|0 fnt\n|faint|p2a: Marshadow\n|\n|upkeep\n|\n|t:|1700497174\n|switch|p2a: Ursaluna|Ursaluna, F|100\/100\n|turn|10\n|\n|t:|1700497184\n|move|p1a: Marshadow|Close Combat|p2a: Ursaluna\n|-supereffective|p2a: Ursaluna\n|-damage|p2a: Ursaluna|0 fnt\n|-unboost|p1a: Marshadow|def|1\n|-unboost|p1a: Marshadow|spd|1\n|faint|p2a: Ursaluna\n|\n|upkeep\n|\n|t:|1700497191\n|switch|p2a: Lilligant|Lilligant-Hisui, F|100\/100\n|turn|11\n|\n|t:|1700497198\n|move|p1a: Marshadow|Spectral Thief|p2a: Lilligant\n|-damage|p2a: Lilligant|0 fnt\n|faint|p2a: Lilligant\n|\n|win|TRIPLE RILABOOM\n|raw|TRIPLE RILABOOM's rating: 1080 &rarr; <strong>1106<\/strong><br \/>(+26 for winning)\n|raw|gojo the beast's rating: 1058 &rarr; <strong>1040<\/strong><br \/>(-18 for losing)\n","uploadtime":1700497205,"views":16,"p1id":"triplerilaboom","p2id":"gojothebeast","formatid":"gen9nationaldexubers","rating":1040,"private":0,"password":""}