{"id":"gen9nationaldexubers-1998584805","p1":"Coach Butter","p2":"TheZebra44","format":"[Gen 9] National Dex Ubers","log":"|j|\u2606Coach Butter\n|j|\u2606TheZebra44\n|t:|1700959461\n|gametype|singles\n|player|p1|Coach Butter|blaine|\n|player|p2|TheZebra44|101|\n|teamsize|p1|6\n|teamsize|p2|6\n|gen|9\n|tier|[Gen 9] National Dex Ubers\n|rule|HP Percentage Mod: HP is shown in percentages\n|rule|Endless Battle Clause: Forcing endless battles is banned\n|rule|OHKO Clause: OHKO moves are banned\n|rule|Evasion Moves Clause: Evasion moves are banned\n|rule|Evasion Items Clause: Evasion items are banned\n|rule|Species Clause: Limit one of each Pok\u00e9mon\n|rule|Sleep Clause Mod: Limit one foe put to sleep\n|rule|Mega Rayquaza Clause: You cannot mega evolve Rayquaza\n|clearpoke\n|poke|p1|Empoleon, M|\n|poke|p1|Arcanine-Hisui, F|\n|poke|p1|Grimmsnarl, M|\n|poke|p1|Primeape, M|\n|poke|p1|Gliscor, M|\n|poke|p1|Iron Treads|\n|poke|p2|Garganacl, M|\n|poke|p2|Tyranitar, F|\n|poke|p2|Excadrill, M|\n|poke|p2|Cloyster, F|\n|poke|p2|Toucannon, F|\n|poke|p2|Salamence, F|\n|teampreview\n|\n|t:|1700959518\n|start\n|switch|p1a: Sparkles|Grimmsnarl, M, shiny|100\/100\n|switch|p2a: Toucannon|Toucannon, F|100\/100\n|turn|1\n|\n|t:|1700959530\n|move|p1a: Sparkles|Reflect|p1a: Sparkles\n|-sidestart|p1: Coach Butter|Reflect\n|move|p2a: Toucannon|Knock Off|p1a: Sparkles\n|-resisted|p1a: Sparkles\n|-damage|p1a: Sparkles|96\/100\n|-enditem|p1a: Sparkles|Light Clay|[from] move: Knock Off|[of] p2a: Toucannon\n|-damage|p2a: Toucannon|91\/100|[from] item: Life Orb\n|\n|upkeep\n|turn|2\n|\n|t:|1700959538\n|move|p1a: Sparkles|Thunder Wave|p2a: Toucannon\n|-status|p2a: Toucannon|par\n|cant|p2a: Toucannon|par\n|\n|upkeep\n|turn|3\n|\n|t:|1700959546\n|move|p1a: Sparkles|Play Rough|p2a: Toucannon\n|-damage|p2a: Toucannon|45\/100 par\n|move|p2a: Toucannon|U-turn|p1a: Sparkles\n|-damage|p1a: Sparkles|83\/100\n|-damage|p2a: Toucannon|35\/100 par|[from] item: Life Orb\n|\n|t:|1700959570\n|switch|p2a: Tyranitar|Tyranitar, F|100\/100|[from] U-turn\n|-weather|Sandstorm|[from] ability: Sand Stream|[of] p2a: Tyranitar\n|\n|-weather|Sandstorm|[upkeep]\n|-damage|p1a: Sparkles|77\/100|[from] Sandstorm\n|upkeep\n|turn|4\n|\n|t:|1700959582\n|switch|p2a: Excadrill|Excadrill, M|100\/100\n|move|p1a: Sparkles|Play Rough|p2a: Excadrill\n|-resisted|p2a: Excadrill\n|-damage|p2a: Excadrill|74\/100\n|\n|-weather|Sandstorm|[upkeep]\n|-damage|p1a: Sparkles|71\/100|[from] Sandstorm\n|upkeep\n|turn|5\n|\n|t:|1700959622\n|switch|p1a: Beercules|Primeape, M|100\/100\n|move|p2a: Excadrill|Earthquake|p1a: Beercules\n|-damage|p1a: Beercules|50\/100\n|-damage|p2a: Excadrill|64\/100|[from] item: Life Orb\n|\n|-weather|Sandstorm|[upkeep]\n|-damage|p1a: Beercules|44\/100|[from] Sandstorm\n|upkeep\n|turn|6\n|\n|t:|1700959642\n|move|p2a: Excadrill|Earthquake|p1a: Beercules\n|-damage|p1a: Beercules|0 fnt\n|faint|p1a: Beercules\n|-damage|p2a: Excadrill|54\/100|[from] item: Life Orb\n|\n|-weather|Sandstorm|[upkeep]\n|upkeep\n|\n|t:|1700959655\n|switch|p1a: Swarly|Empoleon, M|100\/100\n|turn|7\n|\n|t:|1700959673\n|switch|p2a: Salamence|Salamence, F|100\/100\n|move|p1a: Swarly|Vacuum Wave|p2a: Salamence\n|-resisted|p2a: Salamence\n|-damage|p2a: Salamence|93\/100\n|\n|-weather|none\n|upkeep\n|turn|8\n|\n|t:|1700959695\n|switch|p1a: Edward Forty-Hands|Gliscor, M|100\/100\n|move|p2a: Salamence|Earthquake|p1a: Edward Forty-Hands\n|-immune|p1a: Edward Forty-Hands\n|\n|-sideend|p1: Coach Butter|Reflect\n|-status|p1a: Edward Forty-Hands|tox|[from] item: Toxic Orb\n|upkeep\n|turn|9\n|\n|t:|1700959710\n|switch|p2a: Tyranitar|Tyranitar, F|100\/100\n|-weather|Sandstorm|[from] ability: Sand Stream|[of] p2a: Tyranitar\n|move|p1a: Edward Forty-Hands|Toxic Spikes|p2a: Tyranitar\n|-sidestart|p2: TheZebra44|move: Toxic Spikes\n|\n|-weather|Sandstorm|[upkeep]\n|upkeep\n|turn|10\n|\n|t:|1700959720\n|move|p1a: Edward Forty-Hands|Toxic Spikes|p2a: Tyranitar\n|-sidestart|p2: TheZebra44|move: Toxic Spikes\n|move|p2a: Tyranitar|Stone Edge|p1a: Edward Forty-Hands\n|-damage|p1a: Edward Forty-Hands|67\/100 tox\n|\n|-weather|Sandstorm|[upkeep]\n|-heal|p1a: Edward Forty-Hands|80\/100 tox|[from] ability: Poison Heal\n|upkeep\n|turn|11\n|\n|t:|1700959747\n|switch|p2a: Excadrill|Excadrill, M|54\/100\n|move|p1a: Edward Forty-Hands|Earthquake|p2a: Excadrill\n|-supereffective|p2a: Excadrill\n|-damage|p2a: Excadrill|0 fnt\n|faint|p2a: Excadrill\n|\n|-weather|Sandstorm|[upkeep]\n|-heal|p1a: Edward Forty-Hands|92\/100 tox|[from] ability: Poison Heal\n|upkeep\n|\n|t:|1700959766\n|switch|p2a: Cloyster|Cloyster, F|100\/100\n|-status|p2a: Cloyster|tox\n|turn|12\n|\n|t:|1700959788\n|move|p1a: Edward Forty-Hands|Earthquake|p2a: Cloyster\n|-damage|p2a: Cloyster|77\/100 tox\n|move|p2a: Cloyster|Icicle Spear|p1a: Edward Forty-Hands\n|-supereffective|p1a: Edward Forty-Hands\n|-damage|p1a: Edward Forty-Hands|64\/100 tox\n|-supereffective|p1a: Edward Forty-Hands\n|-damage|p1a: Edward Forty-Hands|36\/100 tox\n|-supereffective|p1a: Edward Forty-Hands\n|-damage|p1a: Edward Forty-Hands|4\/100 tox\n|-supereffective|p1a: Edward Forty-Hands\n|-damage|p1a: Edward Forty-Hands|0 fnt\n|faint|p1a: Edward Forty-Hands\n|-hitcount|p1: Edward Forty-Hands|4\n|\n|-weather|Sandstorm|[upkeep]\n|-damage|p2a: Cloyster|71\/100 tox|[from] Sandstorm\n|-damage|p2a: Cloyster|64\/100 tox|[from] psn\n|upkeep\n|\n|t:|1700959808\n|switch|p1a: Tugboat|Arcanine-Hisui, F|100\/100\n|turn|13\n|\n|t:|1700959820\n|-terastallize|p2a: Cloyster|Rock\n|move|p1a: Tugboat|Head Smash|p2a: Cloyster\n|-damage|p2a: Cloyster|12\/100 tox\n|move|p2a: Cloyster|Rock Blast|p1a: Tugboat\n|-supereffective|p1a: Tugboat\n|-crit|p1a: Tugboat\n|-damage|p1a: Tugboat|58\/100\n|-supereffective|p1a: Tugboat\n|-damage|p1a: Tugboat|29\/100\n|-supereffective|p1a: Tugboat\n|-damage|p1a: Tugboat|1\/100\n|-supereffective|p1a: Tugboat\n|-damage|p1a: Tugboat|0 fnt\n|faint|p1a: Tugboat\n|-hitcount|p1: Tugboat|4\n|\n|-weather|none\n|-damage|p2a: Cloyster|0 fnt|[from] psn\n|faint|p2a: Cloyster\n|upkeep\n|\n|t:|1700959856\n|switch|p1a: Swarly|Empoleon, M|100\/100\n|switch|p2a: Salamence|Salamence, F|93\/100\n|turn|14\n|\n|t:|1700959889\n|move|p2a: Salamence|Earthquake|p1a: Swarly\n|-supereffective|p1a: Swarly\n|-damage|p1a: Swarly|20\/100\n|move|p1a: Swarly|Ice Beam|p2a: Salamence\n|-supereffective|p2a: Salamence\n|-damage|p2a: Salamence|0 fnt\n|faint|p2a: Salamence\n|\n|upkeep\n|\n|t:|1700959956\n|switch|p2a: Tyranitar|Tyranitar, F|100\/100\n|-status|p2a: Tyranitar|tox\n|-weather|Sandstorm|[from] ability: Sand Stream|[of] p2a: Tyranitar\n|turn|15\n|\n|t:|1700959977\n|move|p1a: Swarly|Aqua Jet|p2a: Tyranitar\n|-supereffective|p2a: Tyranitar\n|-damage|p2a: Tyranitar|78\/100 tox\n|move|p2a: Tyranitar|Earthquake|p1a: Swarly\n|-supereffective|p1a: Swarly\n|-damage|p1a: Swarly|0 fnt\n|faint|p1a: Swarly\n|\n|-weather|Sandstorm|[upkeep]\n|-damage|p2a: Tyranitar|72\/100 tox|[from] psn\n|upkeep\n|\n|t:|1700959997\n|switch|p1a: Sparkles|Grimmsnarl, M, shiny|71\/100\n|turn|16\n|\n|t:|1700960012\n|move|p1a: Sparkles|Reflect|p1a: Sparkles\n|-sidestart|p1: Coach Butter|Reflect\n|move|p2a: Tyranitar|Stone Edge|p1a: Sparkles\n|-crit|p1a: Sparkles\n|-damage|p1a: Sparkles|0 fnt\n|faint|p1a: Sparkles\n|\n|-weather|Sandstorm|[upkeep]\n|-damage|p2a: Tyranitar|60\/100 tox|[from] psn\n|upkeep\n|\n|t:|1700960021\n|switch|p1a: Big Fudge|Iron Treads|100\/100\n|turn|17\n|\n|t:|1700960030\n|move|p1a: Big Fudge|Earthquake|p2a: Tyranitar\n|-supereffective|p2a: Tyranitar\n|-damage|p2a: Tyranitar|0 fnt\n|faint|p2a: Tyranitar\n|\n|-weather|Sandstorm|[upkeep]\n|upkeep\n|\n|t:|1700960058\n|switch|p2a: Garganacl|Garganacl, M|100\/100\n|turn|18\n|\n|t:|1700960066\n|move|p1a: Big Fudge|Earthquake|p2a: Garganacl\n|-supereffective|p2a: Garganacl\n|-damage|p2a: Garganacl|52\/100\n|move|p2a: Garganacl|Salt Cure|p1a: Big Fudge\n|-resisted|p1a: Big Fudge\n|-damage|p1a: Big Fudge|99\/100\n|-start|p1a: Big Fudge|Salt Cure\n|\n|-weather|Sandstorm|[upkeep]\n|-heal|p2a: Garganacl|59\/100|[from] item: Leftovers\n|-damage|p1a: Big Fudge|74\/100|[from] Salt Cure\n|upkeep\n|turn|19\n|\n|t:|1700960082\n|move|p2a: Garganacl|Protect|p2a: Garganacl\n|-singleturn|p2a: Garganacl|Protect\n|move|p1a: Big Fudge|Earthquake|p2a: Garganacl\n|-activate|p2a: Garganacl|move: Protect\n|\n|-weather|none\n|-heal|p2a: Garganacl|65\/100|[from] item: Leftovers\n|-damage|p1a: Big Fudge|49\/100|[from] Salt Cure\n|upkeep\n|turn|20\n|\n|t:|1700960093\n|move|p1a: Big Fudge|Heavy Slam|p2a: Garganacl\n|-supereffective|p2a: Garganacl\n|-damage|p2a: Garganacl|47\/100\n|move|p2a: Garganacl|Recover|p2a: Garganacl\n|-heal|p2a: Garganacl|97\/100\n|\n|-heal|p2a: Garganacl|100\/100|[from] item: Leftovers\n|-damage|p1a: Big Fudge|24\/100|[from] Salt Cure\n|-sideend|p1: Coach Butter|Reflect\n|upkeep\n|turn|21\n|\n|t:|1700960107\n|move|p2a: Garganacl|Protect|p2a: Garganacl\n|-singleturn|p2a: Garganacl|Protect\n|move|p1a: Big Fudge|Earthquake|p2a: Garganacl\n|-activate|p2a: Garganacl|move: Protect\n|\n|-damage|p1a: Big Fudge|0 fnt|[from] Salt Cure\n|faint|p1a: Big Fudge\n|-end|p1a: Big Fudge|Quark Drive|[silent]\n|\n|win|TheZebra44\n|upkeep\n","uploadtime":1700960120,"views":24,"p1id":"coachbutter","p2id":"thezebra44","formatid":"gen9nationaldexubers","rating":0,"private":0,"password":""}