{"id":"gen9nationaldexubers-1980638857","p1":"KarmaNightraide","p2":"UWUSUGOIDEKAI","format":"[Gen 9] National Dex Ubers","log":"|j|\u2606KarmaNightraide\n|j|\u2606UWUSUGOIDEKAI\n|t:|1698806332\n|gametype|singles\n|player|p1|KarmaNightraide|unknown|1068\n|player|p2|UWUSUGOIDEKAI|266|1120\n|teamsize|p1|6\n|teamsize|p2|6\n|gen|9\n|tier|[Gen 9] National Dex Ubers\n|rated|\n|rule|HP Percentage Mod: HP is shown in percentages\n|rule|Endless Battle Clause: Forcing endless battles is banned\n|rule|OHKO Clause: OHKO moves are banned\n|rule|Evasion Moves Clause: Evasion moves are banned\n|rule|Evasion Items Clause: Evasion items are banned\n|rule|Species Clause: Limit one of each Pok\u00e9mon\n|rule|Sleep Clause Mod: Limit one foe put to sleep\n|rule|Mega Rayquaza Clause: You cannot mega evolve Rayquaza\n|clearpoke\n|poke|p1|Aegislash, F|\n|poke|p1|Ceruledge, F|\n|poke|p1|Basculegion, M|\n|poke|p1|Mimikyu, M|\n|poke|p1|Mismagius, F|\n|poke|p1|Gourgeist-*, F|\n|poke|p2|Muk, F|\n|poke|p2|Articuno|\n|poke|p2|Starmie|\n|poke|p2|Cloyster, F|\n|poke|p2|Exeggutor, M|\n|poke|p2|Dragonite, M|\n|teampreview\n|\n|t:|1698806345\n|start\n|switch|p1a: Witch|Mismagius, F|100\/100\n|switch|p2a: Cloyster|Cloyster, F|100\/100\n|turn|1\n|\n|t:|1698806366\n|move|p1a: Witch|Thunderbolt|p2a: Cloyster\n|-supereffective|p2a: Cloyster\n|-damage|p2a: Cloyster|0 fnt\n|faint|p2a: Cloyster\n|\n|upkeep\n|\n|t:|1698806377\n|switch|p2a: Muk|Muk, F|100\/100\n|turn|2\n|inactive|Battle timer is ON: inactive players will automatically lose when time's up. (requested by KarmaNightraide)\n|\n|t:|1698806403\n|move|p1a: Witch|Nasty Plot|p1a: Witch\n|-boost|p1a: Witch|spa|2\n|move|p2a: Muk|Disable|p1a: Witch\n|-start|p1a: Witch|Disable|Nasty Plot\n|\n|upkeep\n|turn|3\n|\n|t:|1698806415\n|move|p1a: Witch|Shadow Ball|p2a: Muk\n|-damage|p2a: Muk|58\/100\n|move|p2a: Muk|Toxic|p1a: Witch\n|-status|p1a: Witch|tox\n|\n|-heal|p2a: Muk|64\/100|[from] item: Leftovers\n|-damage|p1a: Witch|94\/100 tox|[from] psn\n|upkeep\n|turn|4\n|\n|t:|1698806432\n|move|p1a: Witch|Shadow Ball|p2a: Muk\n|-damage|p2a: Muk|24\/100\n|move|p2a: Muk|Substitute|p2a: Muk\n|-fail|p2a: Muk|move: Substitute|[weak]\n|\n|-heal|p2a: Muk|30\/100|[from] item: Leftovers\n|-damage|p1a: Witch|82\/100 tox|[from] psn\n|upkeep\n|turn|5\n|\n|t:|1698806443\n|switch|p2a: Exeggutor|Exeggutor, M|100\/100\n|move|p1a: Witch|Shadow Ball|p2a: Exeggutor\n|-supereffective|p2a: Exeggutor\n|-damage|p2a: Exeggutor|0 fnt\n|faint|p2a: Exeggutor\n|\n|-damage|p1a: Witch|64\/100 tox|[from] psn\n|upkeep\n|\n|t:|1698806451\n|switch|p2a: Articuno|Articuno|100\/100\n|-ability|p2a: Articuno|Pressure\n|turn|6\n|\n|t:|1698806472\n|move|p1a: Witch|Thunderbolt|p2a: Articuno\n|-supereffective|p2a: Articuno\n|-damage|p2a: Articuno|40\/100\n|move|p2a: Articuno|Light Screen|p2a: Articuno\n|-sidestart|p2: UWUSUGOIDEKAI|move: Light Screen\n|\n|-damage|p1a: Witch|39\/100 tox|[from] psn\n|-end|p1a: Witch|Disable\n|upkeep\n|turn|7\n|\n|t:|1698806491\n|-terastallize|p1a: Witch|Electric\n|move|p1a: Witch|Thunderbolt|p2a: Articuno\n|-supereffective|p2a: Articuno\n|-damage|p2a: Articuno|0 fnt\n|faint|p2a: Articuno\n|\n|-damage|p1a: Witch|9\/100 tox|[from] psn\n|upkeep\n|\n|t:|1698806499\n|switch|p2a: Starmie|Starmie|100\/100\n|turn|8\n|\n|t:|1698806517\n|move|p2a: Starmie|Protect|p2a: Starmie\n|-singleturn|p2a: Starmie|Protect\n|move|p1a: Witch|Thunderbolt|p2a: Starmie\n|-activate|p2a: Starmie|move: Protect\n|\n|-damage|p1a: Witch|0 fnt|[from] psn\n|faint|p1a: Witch\n|upkeep\n|\n|t:|1698806531\n|switch|p1a: Pumpin|Gourgeist-Small, F|100\/100\n|-item|p2a: Starmie|Life Orb|[from] ability: Frisk|[of] p1a: Pumpin|[identify]\n|turn|9\n|\n|t:|1698806537\n|move|p2a: Starmie|Hidden Power|p1a: Pumpin\n|-supereffective|p1a: Pumpin\n|-damage|p1a: Pumpin|17\/100\n|-damage|p2a: Starmie|91\/100|[from] item: Life Orb\n|-zpower|p1a: Pumpin\n|move|p1a: Pumpin|Z-Trick-or-Treat|p2a: Starmie|[anim]Trick-or-Treat\n|-boost|p1a: Pumpin|atk|1|[zeffect]\n|-boost|p1a: Pumpin|def|1|[zeffect]\n|-boost|p1a: Pumpin|spa|1|[zeffect]\n|-boost|p1a: Pumpin|spd|1|[zeffect]\n|-boost|p1a: Pumpin|spe|1|[zeffect]\n|-start|p2a: Starmie|typeadd|Ghost|[from] move: Trick-or-Treat\n|\n|upkeep\n|turn|10\n|\n|t:|1698806555\n|move|p1a: Pumpin|Poltergeist|p2a: Starmie\n|-activate|p2a: Starmie|move: Poltergeist|Life Orb\n|-supereffective|p2a: Starmie\n|-damage|p2a: Starmie|0 fnt\n|faint|p2a: Starmie\n|\n|-sideend|p2: UWUSUGOIDEKAI|move: Light Screen\n|upkeep\n|l|\u2606UWUSUGOIDEKAI\n|inactive|UWUSUGOIDEKAI disconnected and has a minute to reconnect!\n|player|p2|\n|inactive|UWUSUGOIDEKAI has 30 seconds to reconnect!\n|inactive|UWUSUGOIDEKAI has 20 seconds to reconnect!\n|inactive|UWUSUGOIDEKAI has 15 seconds to reconnect!\n|inactive|UWUSUGOIDEKAI has 10 seconds to reconnect!\n|inactive|UWUSUGOIDEKAI has 5 seconds to reconnect!\n|-message|UWUSUGOIDEKAI lost due to inactivity.\n|\n|win|KarmaNightraide\n|raw|KarmaNightraide's rating: 1068 &rarr; <strong>1102<\/strong><br \/>(+34 for winning)\n|raw|UWUSUGOIDEKAI's rating: 1120 &rarr; <strong>1091<\/strong><br \/>(-29 for losing)\n","uploadtime":1698806619,"views":12,"p1id":"karmanightraide","p2id":"uwusugoidekai","formatid":"gen9nationaldexubers","rating":1091,"private":0,"password":""}