{"id":"gen9nationaldexubers-1993298998","p1":"theosjhung","p2":"ryan_farhan","format":"[Gen 9] National Dex Ubers","log":"|j|\u2606theosjhung\n|j|\u2606ryan_farhan\n|t:|1700293142\n|gametype|singles\n|player|p1|theosjhung|170|1108\n|player|p2|ryan_farhan|169|1205\n|teamsize|p1|6\n|teamsize|p2|6\n|gen|9\n|tier|[Gen 9] National Dex Ubers\n|rated|\n|rule|HP Percentage Mod: HP is shown in percentages\n|rule|Endless Battle Clause: Forcing endless battles is banned\n|rule|OHKO Clause: OHKO moves are banned\n|rule|Evasion Moves Clause: Evasion moves are banned\n|rule|Evasion Items Clause: Evasion items are banned\n|rule|Species Clause: Limit one of each Pok\u00e9mon\n|rule|Sleep Clause Mod: Limit one foe put to sleep\n|rule|Mega Rayquaza Clause: You cannot mega evolve Rayquaza\n|clearpoke\n|poke|p1|Ferrothorn, M|\n|poke|p1|Charizard, M|\n|poke|p1|Garchomp, F|\n|poke|p1|Kingambit, M|\n|poke|p1|Iron Valiant|\n|poke|p1|Manaphy|\n|poke|p2|Pikachu, M|\n|poke|p2|Lucario, M|\n|poke|p2|Dragonite, F|\n|poke|p2|Gengar, M|\n|poke|p2|Sirfetch\u2019d, M|\n|poke|p2|Dracovish|\n|teampreview\n|inactive|Battle timer is ON: inactive players will automatically lose when time's up. (requested by ryan_farhan)\n|\n|t:|1700293152\n|start\n|switch|p1a: Ferrothorn|Ferrothorn, M|100\/100\n|switch|p2a: Lucario|Lucario, M|100\/100\n|turn|1\n|\n|t:|1700293164\n|detailschange|p2a: Lucario|Lucario-Mega, M\n|-mega|p2a: Lucario|Lucario|Lucarionite\n|-terastallize|p1a: Ferrothorn|Fighting\n|move|p2a: Lucario|Aura Sphere|p1a: Ferrothorn\n|-damage|p1a: Ferrothorn|48\/100\n|move|p1a: Ferrothorn|Stealth Rock|p2a: Lucario\n|-sidestart|p2: ryan_farhan|move: Stealth Rock\n|\n|upkeep\n|turn|2\n|\n|t:|1700293177\n|move|p2a: Lucario|Aura Sphere|p1a: Ferrothorn\n|-damage|p1a: Ferrothorn|0 fnt\n|faint|p1a: Ferrothorn\n|\n|upkeep\n|\n|t:|1700293188\n|switch|p1a: Kingambit|Kingambit, M|100\/100\n|-activate|p1a: Kingambit|ability: Supreme Overlord\n|-start|p1a: Kingambit|fallen1|[silent]\n|turn|3\n|\n|t:|1700293198\n|move|p1a: Kingambit|Sucker Punch|p2a: Lucario\n|-resisted|p2a: Lucario\n|-damage|p2a: Lucario|72\/100\n|move|p2a: Lucario|Aura Sphere|p1a: Kingambit\n|-supereffective|p1a: Kingambit\n|-crit|p1a: Kingambit\n|-damage|p1a: Kingambit|0 fnt\n|faint|p1a: Kingambit\n|-end|p1a: Kingambit|fallen1|[silent]\n|\n|upkeep\n|\n|t:|1700293223\n|switch|p1a: Iron Valiant|Iron Valiant|100\/100\n|-enditem|p1a: Iron Valiant|Booster Energy\n|-activate|p1a: Iron Valiant|ability: Quark Drive|[fromitem]\n|-start|p1a: Iron Valiant|quarkdrivespe\n|turn|4\n|\n|t:|1700293229\n|move|p1a: Iron Valiant|Close Combat|p2a: Lucario\n|-supereffective|p2a: Lucario\n|-damage|p2a: Lucario|0 fnt\n|-unboost|p1a: Iron Valiant|def|1\n|-unboost|p1a: Iron Valiant|spd|1\n|faint|p2a: Lucario\n|\n|upkeep\n|\n|t:|1700293241\n|switch|p2a: Gengar|Gengar, M|100\/100\n|-damage|p2a: Gengar|88\/100|[from] Stealth Rock\n|turn|5\n|\n|t:|1700293246\n|move|p1a: Iron Valiant|Knock Off|p2a: Gengar\n|-supereffective|p2a: Gengar\n|-damage|p2a: Gengar|0 fnt\n|-enditem|p2a: Gengar|Focus Sash|[from] move: Knock Off|[of] p1a: Iron Valiant\n|faint|p2a: Gengar\n|\n|upkeep\n|\n|t:|1700293252\n|switch|p2a: Dragonite|Dragonite, F|100\/100\n|turn|6\n|\n|t:|1700293259\n|-terastallize|p2a: Dragonite|Fairy\n|move|p1a: Iron Valiant|Spirit Break|p2a: Dragonite\n|-damage|p2a: Dragonite|82\/100\n|-unboost|p2a: Dragonite|spa|1\n|move|p2a: Dragonite|Dragon Dance|p2a: Dragonite\n|-boost|p2a: Dragonite|atk|1\n|-boost|p2a: Dragonite|spe|1\n|\n|upkeep\n|turn|7\n|\n|t:|1700293273\n|move|p1a: Iron Valiant|Knock Off|p2a: Dragonite\n|-resisted|p2a: Dragonite\n|-damage|p2a: Dragonite|66\/100\n|-enditem|p2a: Dragonite|Heavy-Duty Boots|[from] move: Knock Off|[of] p1a: Iron Valiant\n|move|p2a: Dragonite|Earthquake|p1a: Iron Valiant\n|-damage|p1a: Iron Valiant|0 fnt\n|faint|p1a: Iron Valiant\n|-end|p1a: Iron Valiant|Quark Drive|[silent]\n|\n|upkeep\n|\n|t:|1700293284\n|switch|p1a: Manaphy|Manaphy|100\/100\n|turn|8\n|\n|t:|1700293291\n|move|p1a: Manaphy|Tail Glow|p1a: Manaphy\n|-boost|p1a: Manaphy|spa|3\n|move|p2a: Dragonite|Earthquake|p1a: Manaphy\n|-damage|p1a: Manaphy|37\/100\n|\n|-heal|p1a: Manaphy|43\/100|[from] item: Leftovers\n|upkeep\n|turn|9\n|\n|t:|1700293303\n|move|p1a: Manaphy|Ice Beam|p2a: Dragonite\n|-damage|p2a: Dragonite|12\/100\n|move|p2a: Dragonite|Earthquake|p1a: Manaphy\n|-damage|p1a: Manaphy|0 fnt\n|faint|p1a: Manaphy\n|\n|upkeep\n|\n|t:|1700293315\n|switch|p1a: Garchomp|Garchomp, F|100\/100\n|turn|10\n|\n|t:|1700293324\n|move|p1a: Garchomp|Iron Head|p2a: Dragonite\n|-supereffective|p2a: Dragonite\n|-damage|p2a: Dragonite|0 fnt\n|faint|p2a: Dragonite\n|\n|upkeep\n|\n|t:|1700293336\n|switch|p2a: Sirfetch\u2019d|Sirfetch\u2019d, M|100\/100\n|-damage|p2a: Sirfetch\u2019d|94\/100|[from] Stealth Rock\n|turn|11\n|\n|t:|1700293341\n|move|p1a: Garchomp|Iron Head|p2a: Sirfetch\u2019d\n|-damage|p2a: Sirfetch\u2019d|60\/100\n|move|p2a: Sirfetch\u2019d|Close Combat|p1a: Garchomp\n|-damage|p1a: Garchomp|32\/100\n|-unboost|p2a: Sirfetch\u2019d|def|1\n|-unboost|p2a: Sirfetch\u2019d|spd|1\n|-damage|p2a: Sirfetch\u2019d|47\/100|[from] ability: Rough Skin|[of] p1a: Garchomp\n|\n|upkeep\n|turn|12\n|\n|t:|1700293353\n|switch|p2a: Pikachu|Pikachu, M|100\/100\n|-damage|p2a: Pikachu|88\/100|[from] Stealth Rock\n|move|p1a: Garchomp|Iron Head|p2a: Pikachu\n|-resisted|p2a: Pikachu\n|-damage|p2a: Pikachu|36\/100\n|\n|upkeep\n|turn|13\n|\n|t:|1700293360\n|move|p1a: Garchomp|Iron Head|p2a: Pikachu\n|-resisted|p2a: Pikachu\n|-damage|p2a: Pikachu|0 fnt\n|faint|p2a: Pikachu\n|\n|upkeep\n|\n|t:|1700293366\n|switch|p2a: Sirfetch\u2019d|Sirfetch\u2019d, M|47\/100\n|-damage|p2a: Sirfetch\u2019d|41\/100|[from] Stealth Rock\n|turn|14\n|\n|t:|1700293369\n|move|p1a: Garchomp|Iron Head|p2a: Sirfetch\u2019d\n|-damage|p2a: Sirfetch\u2019d|8\/100\n|move|p2a: Sirfetch\u2019d|Knock Off|p1a: Garchomp\n|-damage|p1a: Garchomp|0 fnt\n|-damage|p2a: Sirfetch\u2019d|0 fnt|[from] ability: Rough Skin|[of] p1a: Garchomp\n|faint|p1a: Garchomp\n|faint|p2a: Sirfetch\u2019d\n|\n|upkeep\n|\n|t:|1700293378\n|switch|p1a: Charizard|Charizard, M|100\/100\n|switch|p2a: Dracovish|Dracovish|100\/100\n|-damage|p2a: Dracovish|88\/100|[from] Stealth Rock\n|turn|15\n|\n|t:|1700293392\n|move|p1a: Charizard|Dragon Claw|p2a: Dracovish\n|-supereffective|p2a: Dracovish\n|-crit|p2a: Dracovish\n|-damage|p2a: Dracovish|16\/100\n|-zpower|p2a: Dracovish\n|move|p2a: Dracovish|Z-Rain Dance|p2a: Dracovish|[anim]Rain Dance\n|-boost|p2a: Dracovish|spe|1|[zeffect]\n|-weather|RainDance\n|\n|-weather|RainDance|[upkeep]\n|upkeep\n|turn|16\n|\n|t:|1700293402\n|move|p2a: Dracovish|Fishious Rend|p1a: Charizard\n|-supereffective|p1a: Charizard\n|-damage|p1a: Charizard|0 fnt\n|faint|p1a: Charizard\n|\n|win|ryan_farhan\n|raw|theosjhung's rating: 1108 &rarr; <strong>1090<\/strong><br \/>(-18 for losing)\n|raw|ryan_farhan's rating: 1205 &rarr; <strong>1223<\/strong><br \/>(+18 for winning)\n","uploadtime":1700293408,"views":10,"p1id":"theosjhung","p2id":"ryanfarhan","formatid":"gen9nationaldexubers","rating":1090,"private":0,"password":""}