{"id":"gen9nationaldexubers-1988296319","p1":"arafatr871","p2":"haloma","format":"[Gen 9] National Dex Ubers","log":"|j|\u2606arafatr871\n|j|\u2606haloma\n|t:|1699703788\n|gametype|singles\n|player|p1|arafatr871|ingo|1525\n|player|p2|haloma|pokemaniac|1414\n|teamsize|p1|6\n|teamsize|p2|6\n|gen|9\n|tier|[Gen 9] National Dex Ubers\n|rated|\n|rule|HP Percentage Mod: HP is shown in percentages\n|rule|Endless Battle Clause: Forcing endless battles is banned\n|rule|OHKO Clause: OHKO moves are banned\n|rule|Evasion Moves Clause: Evasion moves are banned\n|rule|Evasion Items Clause: Evasion items are banned\n|rule|Species Clause: Limit one of each Pok\u00e9mon\n|rule|Sleep Clause Mod: Limit one foe put to sleep\n|rule|Mega Rayquaza Clause: You cannot mega evolve Rayquaza\n|clearpoke\n|poke|p1|Groudon|\n|poke|p1|Dondozo, M|\n|poke|p1|Yveltal|\n|poke|p1|Zacian-*|\n|poke|p1|Kyogre|\n|poke|p1|Eternatus|\n|poke|p2|Annihilape, M|\n|poke|p2|Darmanitan-Galar, M|\n|poke|p2|Blastoise, F|\n|poke|p2|Ribombee, F|\n|poke|p2|Zamazenta-*|\n|poke|p2|Shaymin-Sky|\n|teampreview\n|inactive|Battle timer is ON: inactive players will automatically lose when time's up. (requested by arafatr871)\n|\n|t:|1699703795\n|start\n|switch|p1a: Eternatus|Eternatus|100\/100\n|switch|p2a: Blastoise|Blastoise, F|100\/100\n|-ability|p1a: Eternatus|Pressure\n|turn|1\n|\n|t:|1699703801\n|detailschange|p2a: Blastoise|Blastoise-Mega, F\n|-mega|p2a: Blastoise|Blastoise|Blastoisinite\n|move|p1a: Eternatus|Toxic Spikes|p2a: Blastoise\n|-sidestart|p2: haloma|move: Toxic Spikes\n|move|p2a: Blastoise|Shell Smash|p2a: Blastoise\n|-unboost|p2a: Blastoise|def|1\n|-unboost|p2a: Blastoise|spd|1\n|-boost|p2a: Blastoise|atk|2\n|-boost|p2a: Blastoise|spa|2\n|-boost|p2a: Blastoise|spe|2\n|\n|upkeep\n|turn|2\n|\n|t:|1699703805\n|move|p2a: Blastoise|Ice Beam|p1a: Eternatus\n|-supereffective|p1a: Eternatus\n|-damage|p1a: Eternatus|0 fnt\n|faint|p1a: Eternatus\n|\n|upkeep\n|\n|t:|1699703817\n|switch|p1a: Groudon|Groudon, shiny|100\/100\n|detailschange|p1a: Groudon|Groudon-Primal, shiny\n|-primal|p1a: Groudon|Red Orb\n|-weather|DesolateLand|[from] ability: Desolate Land|[of] p1a: Groudon\n|turn|3\n|\n|t:|1699703841\n|move|p2a: Blastoise|Focus Blast|p1a: Groudon\n|-damage|p1a: Groudon|3\/100\n|move|p1a: Groudon|Rock Polish|p1a: Groudon\n|-boost|p1a: Groudon|spe|2\n|\n|-weather|DesolateLand|[upkeep]\n|upkeep\n|turn|4\n|\n|t:|1699703847\n|move|p1a: Groudon|Earthquake|p2a: Blastoise\n|-damage|p2a: Blastoise|0 fnt\n|faint|p2a: Blastoise\n|\n|-weather|DesolateLand|[upkeep]\n|upkeep\n|\n|t:|1699703851\n|switch|p2a: Ribombee|Ribombee, F|100\/100\n|-status|p2a: Ribombee|psn\n|turn|5\n|\n|t:|1699703854\n|move|p1a: Groudon|Heat Crash|p2a: Ribombee\n|-supereffective|p2a: Ribombee\n|-enditem|p2a: Ribombee|Focus Sash\n|-damage|p2a: Ribombee|1\/100 psn\n|move|p2a: Ribombee|Sticky Web|p1a: Groudon\n|-sidestart|p1: arafatr871|move: Sticky Web\n|\n|-weather|DesolateLand|[upkeep]\n|-damage|p2a: Ribombee|0 fnt|[from] psn\n|faint|p2a: Ribombee\n|upkeep\n|\n|t:|1699703862\n|switch|p2a: Darmanitan|Darmanitan-Galar, M|100\/100\n|-status|p2a: Darmanitan|psn\n|turn|6\n|\n|t:|1699703867\n|move|p1a: Groudon|Heat Crash|p2a: Darmanitan\n|-supereffective|p2a: Darmanitan\n|-enditem|p2a: Darmanitan|Focus Sash\n|-damage|p2a: Darmanitan|1\/100 psn\n|move|p2a: Darmanitan|Power-Up Punch|p1a: Groudon\n|-damage|p1a: Groudon|0 fnt\n|-boost|p2a: Darmanitan|atk|1\n|faint|p1a: Groudon\n|-weather|none\n|\n|-damage|p2a: Darmanitan|0 fnt|[from] psn\n|faint|p2a: Darmanitan\n|upkeep\n|\n|t:|1699703875\n|switch|p2a: Annihilape|Annihilape, M|100\/100\n|switch|p1a: Yveltal|Yveltal, shiny|100\/100\n|-status|p2a: Annihilape|psn\n|-ability|p1a: Yveltal|Dark Aura\n|turn|7\n|\n|t:|1699703881\n|move|p2a: Annihilape|Final Gambit|p1a: Yveltal\n|-damage|p1a: Yveltal|0 fnt\n|faint|p2a: Annihilape\n|faint|p1a: Yveltal\n|\n|upkeep\n|\n|t:|1699703890\n|switch|p1a: Zacian|Zacian-Crowned|100\/100\n|switch|p2a: Shaymin|Shaymin-Sky|100\/100\n|-activate|p1a: Zacian|move: Sticky Web\n|-unboost|p1a: Zacian|spe|1\n|-ability|p1a: Zacian|Intrepid Sword|boost\n|-boost|p1a: Zacian|atk|1\n|turn|8\n|\n|t:|1699703901\n|-terastallize|p2a: Shaymin|Flying\n|move|p2a: Shaymin|Air Slash|p1a: Zacian\n|-resisted|p1a: Zacian\n|-damage|p1a: Zacian|75\/100\n|cant|p1a: Zacian|flinch\n|\n|upkeep\n|turn|9\n|\n|t:|1699703907\n|move|p2a: Shaymin|Air Slash|p1a: Zacian\n|-resisted|p1a: Zacian\n|-damage|p1a: Zacian|51\/100\n|cant|p1a: Zacian|flinch\n|\n|upkeep\n|turn|10\n|\n|t:|1699703915\n|move|p2a: Shaymin|Air Slash|p1a: Zacian|[miss]\n|-miss|p2a: Shaymin|p1a: Zacian\n|move|p1a: Zacian|Wild Charge|p2a: Shaymin\n|-supereffective|p2a: Shaymin\n|-damage|p2a: Shaymin|0 fnt\n|faint|p2a: Shaymin\n|-damage|p1a: Zacian|25\/100|[from] Recoil\n|\n|upkeep\n|\n|t:|1699703918\n|switch|p2a: Zamazenta|Zamazenta-Crowned|100\/100\n|-ability|p2a: Zamazenta|Dauntless Shield|boost\n|-boost|p2a: Zamazenta|def|1\n|turn|11\n|\n|t:|1699703935\n|move|p2a: Zamazenta|Iron Defense|p2a: Zamazenta\n|-boost|p2a: Zamazenta|def|2\n|move|p1a: Zacian|Close Combat|p2a: Zamazenta\n|-supereffective|p2a: Zamazenta\n|-damage|p2a: Zamazenta|61\/100\n|-unboost|p1a: Zacian|def|1\n|-unboost|p1a: Zacian|spd|1\n|\n|upkeep\n|turn|12\n|\n|t:|1699703940\n|move|p2a: Zamazenta|Body Press|p1a: Zacian\n|-crit|p1a: Zacian\n|-damage|p1a: Zacian|0 fnt\n|faint|p1a: Zacian\n|\n|upkeep\n|\n|t:|1699703945\n|switch|p1a: Kyogre|Kyogre|100\/100\n|-activate|p1a: Kyogre|move: Sticky Web\n|-unboost|p1a: Kyogre|spe|1\n|detailschange|p1a: Kyogre|Kyogre-Primal\n|-primal|p1a: Kyogre|Blue Orb\n|-weather|PrimordialSea|[from] ability: Primordial Sea|[of] p1a: Kyogre\n|turn|13\n|\n|t:|1699703949\n|move|p2a: Zamazenta|Body Press|p1a: Kyogre\n|-damage|p1a: Kyogre|0 fnt\n|faint|p1a: Kyogre\n|-weather|none\n|\n|upkeep\n|\n|t:|1699703962\n|switch|p1a: Dondozo|Dondozo, M, shiny|100\/100\n|-activate|p1a: Dondozo|move: Sticky Web\n|-unboost|p1a: Dondozo|spe|1\n|turn|14\n|\n|t:|1699703968\n|move|p2a: Zamazenta|Iron Defense|p2a: Zamazenta\n|-boost|p2a: Zamazenta|def|2\n|move|p1a: Dondozo|Earthquake|p2a: Zamazenta\n|-supereffective|p2a: Zamazenta\n|-damage|p2a: Zamazenta|12\/100\n|\n|upkeep\n|turn|15\n|\n|t:|1699703971\n|move|p2a: Zamazenta|Body Press|p1a: Dondozo\n|-damage|p1a: Dondozo|74\/100\n|move|p1a: Dondozo|Earthquake|p2a: Zamazenta\n|-supereffective|p2a: Zamazenta\n|-damage|p2a: Zamazenta|0 fnt\n|faint|p2a: Zamazenta\n|\n|win|arafatr871\n|raw|arafatr871's rating: 1525 &rarr; <strong>1539<\/strong><br \/>(+14 for winning)\n|raw|haloma's rating: 1414 &rarr; <strong>1400<\/strong><br \/>(-14 for losing)\n|l|\u2606haloma\n","uploadtime":1699704068,"views":5,"p1id":"arafatr871","p2id":"haloma","formatid":"gen9nationaldexubers","rating":1400,"private":0,"password":""}