{"id":"gen9nationaldexubers-1992336420","p1":"Op tank","p2":"Pex Hater","format":"[Gen 9] National Dex Ubers","log":"|j|\u2606Op tank\n|j|\u2606Pex Hater\n|inactive|Battle timer is ON: inactive players will automatically lose when time's up.\n|t:|1700176030\n|gametype|singles\n|player|p1|Op tank|265|\n|player|p2|Pex Hater|cheryl|\n|teamsize|p1|6\n|teamsize|p2|6\n|gen|9\n|tier|[Gen 9] National Dex Ubers\n|rated|Tournament battle\n|rule|HP Percentage Mod: HP is shown in percentages\n|rule|Endless Battle Clause: Forcing endless battles is banned\n|rule|OHKO Clause: OHKO moves are banned\n|rule|Evasion Moves Clause: Evasion moves are banned\n|rule|Evasion Items Clause: Evasion items are banned\n|rule|Species Clause: Limit one of each Pok\u00e9mon\n|rule|Sleep Clause Mod: Limit one foe put to sleep\n|rule|Mega Rayquaza Clause: You cannot mega evolve Rayquaza\n|clearpoke\n|poke|p1|Dialga-Origin|\n|poke|p1|Heatran, F|\n|poke|p1|Corviknight, F|\n|poke|p1|Magearna|\n|poke|p1|Kingambit, M|\n|poke|p1|Metagross|\n|poke|p2|Eternatus|\n|poke|p2|Naganadel|\n|poke|p2|Arceus-Poison|\n|poke|p2|Weezing-Galar, M|\n|poke|p2|Slowking-Galar, F|\n|poke|p2|Muk-Alola, F|\n|teampreview\n|inactive|Op tank also wants the timer to be on.\n|\n|t:|1700176047\n|start\n|switch|p1a: Dialga|Dialga-Origin, shiny|100\/100\n|switch|p2a: Eternatus|Eternatus|100\/100\n|-ability|p2a: Eternatus|Pressure\n|-ability|p1a: Dialga|Pressure\n|turn|1\n|\n|t:|1700176052\n|move|p2a: Eternatus|Dynamax Cannon|p1a: Dialga\n|-damage|p1a: Dialga|36\/100\n|-damage|p2a: Eternatus|91\/100|[from] item: Life Orb\n|move|p1a: Dialga|Roar of Time|p2a: Eternatus|[miss]\n|-miss|p1a: Dialga|p2a: Eternatus\n|\n|upkeep\n|turn|2\n|j| Franko159\n|\n|t:|1700176059\n|move|p2a: Eternatus|Flamethrower|p1a: Dialga\n|-damage|p1a: Dialga|0 fnt\n|faint|p1a: Dialga\n|-damage|p2a: Eternatus|81\/100|[from] item: Life Orb\n|\n|upkeep\n|\n|t:|1700176065\n|switch|p1a: Heatran|Heatran, F, shiny|100\/100\n|turn|3\n|\n|t:|1700176071\n|switch|p2a: Muk|Muk-Alola, F|100\/100\n|move|p1a: Heatran|Earth Power|p2a: Muk\n|-supereffective|p2a: Muk\n|-damage|p2a: Muk|57\/100\n|\n|upkeep\n|turn|4\n|\n|t:|1700176074\n|-activate|p1a: Heatran|move: Pursuit\n|move|p2a: Muk|Pursuit|p1a: Heatran|[from]Pursuit\n|-damage|p1a: Heatran|76\/100\n|switch|p1a: Corviknight|Corviknight, F, shiny|100\/100\n|-ability|p1a: Corviknight|Pressure\n|\n|upkeep\n|turn|5\n|\n|t:|1700176079\n|switch|p2a: Slowking|Slowking-Galar, F|100\/100\n|move|p1a: Corviknight|Bulk Up|p1a: Corviknight\n|-boost|p1a: Corviknight|atk|1\n|-boost|p1a: Corviknight|def|1\n|\n|upkeep\n|turn|6\n|\n|t:|1700176083\n|move|p1a: Corviknight|Drill Peck|p2a: Slowking\n|-damage|p2a: Slowking|43\/100\n|move|p2a: Slowking|Chilly Reception|p2a: Slowking\n|-weather|Snow\n|\n|t:|1700176085\n|switch|p2a: Eternatus|Eternatus|81\/100|[from] Chilly Reception\n|-ability|p2a: Eternatus|Pressure\n|\n|-weather|Snow|[upkeep]\n|upkeep\n|turn|7\n|\n|t:|1700176093\n|move|p2a: Eternatus|Flamethrower|p1a: Corviknight\n|-supereffective|p1a: Corviknight\n|-damage|p1a: Corviknight|10\/100\n|-status|p1a: Corviknight|brn\n|-damage|p2a: Eternatus|71\/100|[from] item: Life Orb\n|move|p1a: Corviknight|Drill Peck|p2a: Eternatus\n|-damage|p2a: Eternatus|50\/100\n|\n|-weather|Snow|[upkeep]\n|-heal|p1a: Corviknight|16\/100 brn|[from] item: Leftovers\n|-damage|p1a: Corviknight|10\/100 brn|[from] brn\n|upkeep\n|turn|8\n|\n|t:|1700176097\n|move|p2a: Eternatus|Recover|p2a: Eternatus\n|-heal|p2a: Eternatus|99\/100\n|move|p1a: Corviknight|Drill Peck|p2a: Eternatus\n|-damage|p2a: Eternatus|76\/100\n|\n|-weather|Snow|[upkeep]\n|-heal|p1a: Corviknight|16\/100 brn|[from] item: Leftovers\n|-damage|p1a: Corviknight|10\/100 brn|[from] brn\n|upkeep\n|turn|9\n|\n|t:|1700176100\n|move|p2a: Eternatus|Dynamax Cannon|p1a: Corviknight\n|-resisted|p1a: Corviknight\n|-damage|p1a: Corviknight|0 fnt\n|faint|p1a: Corviknight\n|-damage|p2a: Eternatus|66\/100|[from] item: Life Orb\n|\n|-weather|Snow|[upkeep]\n|upkeep\n|\n|t:|1700176106\n|switch|p1a: Heatran|Heatran, F, shiny|76\/100\n|turn|10\n|\n|t:|1700176110\n|switch|p2a: Slowking|Slowking-Galar, F|76\/100\n|move|p1a: Heatran|Earth Power|p2a: Slowking\n|-supereffective|p2a: Slowking\n|-damage|p2a: Slowking|16\/100\n|\n|-weather|none\n|upkeep\n|turn|11\n|\n|t:|1700176115\n|switch|p2a: Weezing|Weezing-Galar, M|100\/100\n|move|p1a: Heatran|Earth Power|p2a: Weezing\n|-immune|p2a: Weezing|[from] ability: Levitate\n|\n|upkeep\n|turn|12\n|\n|t:|1700176122\n|switch|p1a: Magearna|Magearna|100\/100\n|move|p2a: Weezing|Will-O-Wisp|p1a: Magearna|[miss]\n|-miss|p2a: Weezing|p1a: Magearna\n|\n|upkeep\n|turn|13\n|\n|t:|1700176126\n|switch|p2a: Muk|Muk-Alola, F|57\/100\n|move|p1a: Magearna|Flash Cannon|p2a: Muk\n|-damage|p2a: Muk|32\/100\n|-damage|p1a: Magearna|91\/100|[from] item: Life Orb\n|\n|upkeep\n|turn|14\n|\n|t:|1700176138\n|switch|p2a: Slowking|Slowking-Galar, F|49\/100\n|move|p1a: Magearna|Fleur Cannon|p2a: Slowking\n|-resisted|p2a: Slowking\n|-damage|p2a: Slowking|22\/100\n|-unboost|p1a: Magearna|spa|2\n|-damage|p1a: Magearna|81\/100|[from] item: Life Orb\n|\n|upkeep\n|turn|15\n|\n|t:|1700176148\n|move|p1a: Magearna|Flash Cannon|p2a: Slowking\n|-damage|p2a: Slowking|4\/100\n|-damage|p1a: Magearna|71\/100|[from] item: Life Orb\n|move|p2a: Slowking|Chilly Reception|p2a: Slowking\n|-weather|Snow\n|\n|t:|1700176157\n|switch|p2a: Eternatus|Eternatus|66\/100|[from] Chilly Reception\n|-ability|p2a: Eternatus|Pressure\n|\n|-weather|Snow|[upkeep]\n|upkeep\n|turn|16\n|\n|t:|1700176163\n|move|p2a: Eternatus|Recover|p2a: Eternatus\n|-heal|p2a: Eternatus|100\/100\n|move|p1a: Magearna|Ice Beam|p2a: Eternatus\n|-supereffective|p2a: Eternatus\n|-damage|p2a: Eternatus|60\/100\n|-damage|p1a: Magearna|61\/100|[from] item: Life Orb\n|\n|-weather|Snow|[upkeep]\n|upkeep\n|turn|17\n|\n|t:|1700176174\n|switch|p1a: Heatran|Heatran, F, shiny|76\/100\n|move|p2a: Eternatus|Flamethrower|p1a: Heatran\n|-start|p1a: Heatran|ability: Flash Fire\n|\n|-weather|Snow|[upkeep]\n|upkeep\n|turn|18\n|\n|t:|1700176178\n|move|p2a: Eternatus|Dynamax Cannon|p1a: Heatran\n|-resisted|p1a: Heatran\n|-crit|p1a: Heatran\n|-damage|p1a: Heatran|28\/100\n|-damage|p2a: Eternatus|50\/100|[from] item: Life Orb\n|move|p1a: Heatran|Earth Power|p2a: Eternatus\n|-supereffective|p2a: Eternatus\n|-damage|p2a: Eternatus|0 fnt\n|faint|p2a: Eternatus\n|\n|-weather|Snow|[upkeep]\n|upkeep\n|\n|t:|1700176186\n|switch|p2a: Arceus|Arceus-Poison|100\/100\n|turn|19\n|\n|t:|1700176191\n|move|p2a: Arceus|Earthquake|p1a: Heatran\n|-supereffective|p1a: Heatran\n|-damage|p1a: Heatran|0 fnt\n|faint|p1a: Heatran\n|\n|-weather|none\n|upkeep\n|\n|t:|1700176197\n|switch|p1a: Magearna|Magearna|61\/100\n|turn|20\n|\n|t:|1700176201\n|move|p2a: Arceus|Dragon Dance|p2a: Arceus\n|-boost|p2a: Arceus|atk|1\n|-boost|p2a: Arceus|spe|1\n|move|p1a: Magearna|Flash Cannon|p2a: Arceus\n|-damage|p2a: Arceus|57\/100\n|-damage|p1a: Magearna|51\/100|[from] item: Life Orb\n|\n|upkeep\n|turn|21\n|\n|t:|1700176207\n|move|p2a: Arceus|Earthquake|p1a: Magearna\n|-supereffective|p1a: Magearna\n|-damage|p1a: Magearna|0 fnt\n|faint|p1a: Magearna\n|\n|upkeep\n|\n|t:|1700176212\n|switch|p1a: Kingambit|Kingambit, M, shiny|100\/100\n|-activate|p1a: Kingambit|ability: Supreme Overlord\n|-start|p1a: Kingambit|fallen4|[silent]\n|turn|22\n|\n|t:|1700176215\n|move|p2a: Arceus|Earthquake|p1a: Kingambit\n|-supereffective|p1a: Kingambit\n|-damage|p1a: Kingambit|25\/100\n|move|p1a: Kingambit|Kowtow Cleave|p2a: Arceus\n|-damage|p2a: Arceus|0 fnt\n|faint|p2a: Arceus\n|-damage|p1a: Kingambit|15\/100|[from] item: Life Orb\n|\n|upkeep\n|\n|t:|1700176220\n|switch|p2a: Naganadel|Naganadel|100\/100\n|turn|23\n|\n|t:|1700176221\n|move|p2a: Naganadel|Flamethrower|p1a: Kingambit\n|-supereffective|p1a: Kingambit\n|-damage|p1a: Kingambit|0 fnt\n|faint|p1a: Kingambit\n|-end|p1a: Kingambit|fallen4|[silent]\n|-ability|p2a: Naganadel|Beast Boost|boost\n|-boost|p2a: Naganadel|spe|1\n|\n|upkeep\n|\n|t:|1700176224\n|switch|p1a: Metagross|Metagross, shiny|100\/100\n|turn|24\n|\n|t:|1700176226\n|detailschange|p1a: Metagross|Metagross-Mega, shiny\n|-mega|p1a: Metagross|Metagross|Metagrossite\n|move|p2a: Naganadel|Flamethrower|p1a: Metagross\n|-supereffective|p1a: Metagross\n|-damage|p1a: Metagross|31\/100\n|move|p1a: Metagross|Earthquake|p2a: Naganadel\n|-supereffective|p2a: Naganadel\n|-enditem|p2a: Naganadel|Focus Sash\n|-damage|p2a: Naganadel|1\/100\n|\n|upkeep\n|turn|25\n|\n|t:|1700176231\n|move|p2a: Naganadel|Flamethrower|p1a: Metagross\n|-supereffective|p1a: Metagross\n|-damage|p1a: Metagross|0 fnt\n|faint|p1a: Metagross\n|\n|win|Pex Hater\n|n|\u2606Op tank|optank\n|n|\u2606Pex Hater|pexhater\n|n| Franko159|franko159\n|l|\u2606Op tank\n|l|\u2606Pex Hater\n|l| Franko159\n","uploadtime":1700176382,"views":7,"p1id":"optank","p2id":"pexhater","formatid":"gen9nationaldexubers","rating":0,"private":0,"password":""}