{"id":"gen9nationaldexubers-1995072650","p1":"Kdisue","p2":"Adamisaking","format":"[Gen 9] National Dex Ubers","log":"|j|\u2606Kdisue\n|j|\u2606Adamisaking\n|t:|1700519554\n|gametype|singles\n|player|p1|Kdisue|265|1135\n|player|p2|Adamisaking|170|1085\n|teamsize|p1|6\n|teamsize|p2|6\n|gen|9\n|tier|[Gen 9] National Dex Ubers\n|rated|\n|rule|HP Percentage Mod: HP is shown in percentages\n|rule|Endless Battle Clause: Forcing endless battles is banned\n|rule|OHKO Clause: OHKO moves are banned\n|rule|Evasion Moves Clause: Evasion moves are banned\n|rule|Evasion Items Clause: Evasion items are banned\n|rule|Species Clause: Limit one of each Pok\u00e9mon\n|rule|Sleep Clause Mod: Limit one foe put to sleep\n|rule|Mega Rayquaza Clause: You cannot mega evolve Rayquaza\n|clearpoke\n|poke|p1|Deoxys-Defense|\n|poke|p1|Chansey, F|\n|poke|p1|Ferrothorn, F|\n|poke|p1|Rotom-Wash|\n|poke|p1|Ho-Oh|\n|poke|p1|Lugia|\n|poke|p2|Golem-Alola, F|\n|poke|p2|Skeledirge, M|\n|poke|p2|Dracovish|\n|poke|p2|Gyarados, M|\n|poke|p2|Togekiss, M|\n|poke|p2|Pelipper, F|\n|teampreview\n|inactive|Battle timer is ON: inactive players will automatically lose when time's up. (requested by Kdisue)\n|\n|t:|1700519565\n|start\n|switch|p1a: Washington|Rotom-Wash|100\/100\n|switch|p2a: Golem|Golem-Alola, F|100\/100\n|turn|1\n|\n|t:|1700519572\n|switch|p2a: Skeledirge|Skeledirge, M|100\/100\n|move|p1a: Washington|Hydro Pump|p2a: Skeledirge\n|-supereffective|p2a: Skeledirge\n|-damage|p2a: Skeledirge|0 fnt\n|faint|p2a: Skeledirge\n|\n|upkeep\n|\n|t:|1700519578\n|switch|p2a: Pelipper|Pelipper, F|100\/100\n|-weather|RainDance|[from] ability: Drizzle|[of] p2a: Pelipper\n|turn|2\n|\n|t:|1700519587\n|move|p1a: Washington|Hydro Pump|p2a: Pelipper\n|-resisted|p2a: Pelipper\n|-crit|p2a: Pelipper\n|-damage|p2a: Pelipper|0 fnt\n|faint|p2a: Pelipper\n|\n|-weather|RainDance|[upkeep]\n|upkeep\n|\n|t:|1700519595\n|switch|p2a: Dracovish|Dracovish|100\/100\n|turn|3\n|\n|t:|1700519600\n|move|p2a: Dracovish|Fishious Rend|p1a: Washington\n|-resisted|p1a: Washington\n|-damage|p1a: Washington|0 fnt\n|faint|p1a: Washington\n|\n|-weather|RainDance|[upkeep]\n|upkeep\n|\n|t:|1700519607\n|switch|p1a: Iron boy|Ferrothorn, F|100\/100\n|turn|4\n|\n|t:|1700519620\n|switch|p2a: Togekiss|Togekiss, M|100\/100\n|move|p1a: Iron boy|Power Whip|p2a: Togekiss\n|-resisted|p2a: Togekiss\n|-damage|p2a: Togekiss|55\/100\n|\n|-weather|RainDance|[upkeep]\n|upkeep\n|turn|5\n|\n|t:|1700519636\n|switch|p1a: Egg woman|Chansey, F|100\/100\n|-terastallize|p2a: Togekiss|Flying\n|move|p2a: Togekiss|Ancient Power|p1a: Egg woman\n|-damage|p1a: Egg woman|91\/100\n|\n|-weather|RainDance|[upkeep]\n|upkeep\n|turn|6\n|\n|t:|1700519647\n|move|p2a: Togekiss|Ancient Power|p1a: Egg woman\n|-damage|p1a: Egg woman|81\/100\n|move|p1a: Egg woman|Ice Punch|p2a: Togekiss\n|-supereffective|p2a: Togekiss\n|-damage|p2a: Togekiss|35\/100\n|-status|p2a: Togekiss|frz\n|\n|-weather|none\n|upkeep\n|turn|7\n|c|\u2606Adamisaking|The odds tho\n|\n|t:|1700519661\n|cant|p2a: Togekiss|frz\n|move|p1a: Egg woman|Power-Up Punch|p2a: Togekiss\n|-resisted|p2a: Togekiss\n|-damage|p2a: Togekiss|33\/100 frz\n|-boost|p1a: Egg woman|atk|1\n|\n|upkeep\n|turn|8\n|c|\u2606Kdisue|Serene grace it\u2019s 20%\n|\n|t:|1700519678\n|cant|p2a: Togekiss|frz\n|move|p1a: Egg woman|Power-Up Punch|p2a: Togekiss\n|-resisted|p2a: Togekiss\n|-crit|p2a: Togekiss\n|-damage|p2a: Togekiss|27\/100 frz\n|-boost|p1a: Egg woman|atk|1\n|\n|upkeep\n|turn|9\n|c|\u2606Adamisaking|:\/\n|c|\u2606Kdisue|Not that crazy\n|\n|t:|1700519688\n|cant|p2a: Togekiss|frz\n|move|p1a: Egg woman|Power-Up Punch|p2a: Togekiss\n|-resisted|p2a: Togekiss\n|-damage|p2a: Togekiss|22\/100 frz\n|-boost|p1a: Egg woman|atk|1\n|\n|upkeep\n|turn|10\n|c|\u2606Adamisaking|Ik just wondering\n|\n|t:|1700519699\n|cant|p2a: Togekiss|frz\n|move|p1a: Egg woman|Ice Punch|p2a: Togekiss\n|-supereffective|p2a: Togekiss\n|-damage|p2a: Togekiss|0 fnt\n|faint|p2a: Togekiss\n|\n|upkeep\n|\n|t:|1700519708\n|switch|p2a: Gyarados|Gyarados, M|100\/100\n|turn|11\n|\n|t:|1700519714\n|detailschange|p2a: Gyarados|Gyarados-Mega, M\n|-mega|p2a: Gyarados|Gyarados|Gyaradosite\n|-ability|p2a: Gyarados|Mold Breaker\n|move|p2a: Gyarados|Dragon Dance|p2a: Gyarados\n|-boost|p2a: Gyarados|atk|1\n|-boost|p2a: Gyarados|spe|1\n|move|p1a: Egg woman|Thunder Punch|p2a: Gyarados\n|-supereffective|p2a: Gyarados\n|-crit|p2a: Gyarados\n|-damage|p2a: Gyarados|37\/100\n|\n|upkeep\n|turn|12\n|\n|t:|1700519731\n|move|p2a: Gyarados|Bounce||[still]\n|-prepare|p2a: Gyarados|Bounce\n|move|p1a: Egg woman|Thunder Punch|p2a: Gyarados|[miss]\n|-miss|p1a: Egg woman|p2a: Gyarados\n|\n|upkeep\n|turn|13\n|\n|t:|1700519737\n|move|p2a: Gyarados|Bounce|p1a: Egg woman|[from]lockedmove\n|-damage|p1a: Egg woman|25\/100\n|-status|p1a: Egg woman|par\n|cant|p1a: Egg woman|par\n|\n|upkeep\n|turn|14\n|c|\u2606Kdisue|Nice\n|\n|t:|1700519748\n|move|p2a: Gyarados|Waterfall|p1a: Egg woman\n|-damage|p1a: Egg woman|0 fnt\n|faint|p1a: Egg woman\n|\n|upkeep\n|\n|t:|1700519754\n|switch|p1a: Iron boy|Ferrothorn, F|100\/100\n|turn|15\n|\n|t:|1700519761\n|switch|p1a: Lugia|Lugia|100\/100\n|move|p2a: Gyarados|Bounce||[still]\n|-prepare|p2a: Gyarados|Bounce\n|\n|upkeep\n|turn|16\n|\n|t:|1700519770\n|move|p2a: Gyarados|Bounce|p1a: Lugia|[from]lockedmove\n|-damage|p1a: Lugia|66\/100\n|move|p1a: Lugia|Calm Mind|p1a: Lugia\n|-boost|p1a: Lugia|spa|1\n|-boost|p1a: Lugia|spd|1\n|\n|upkeep\n|turn|17\n|c|\u2606Adamisaking|I would not do that\n|\n|t:|1700519788\n|move|p2a: Gyarados|Power Whip|p1a: Lugia\n|-resisted|p1a: Lugia\n|-damage|p1a: Lugia|42\/100\n|move|p1a: Lugia|Roost|p1a: Lugia\n|-heal|p1a: Lugia|92\/100\n|-singleturn|p1a: Lugia|move: Roost\n|\n|upkeep\n|turn|18\n|\n|t:|1700519800\n|switch|p2a: Golem|Golem-Alola, F|100\/100\n|move|p1a: Lugia|Aeroblast|p2a: Golem\n|-resisted|p2a: Golem\n|-damage|p2a: Golem|79\/100\n|-damage|p1a: Lugia|82\/100|[from] item: Life Orb\n|\n|upkeep\n|turn|19\n|\n|t:|1700519808\n|move|p1a: Lugia|Psycho Boost|p2a: Golem\n|-damage|p2a: Golem|0 fnt\n|-unboost|p1a: Lugia|spa|2\n|faint|p2a: Golem\n|-damage|p1a: Lugia|72\/100|[from] item: Life Orb\n|\n|upkeep\n|\n|t:|1700519816\n|switch|p2a: Dracovish|Dracovish|100\/100\n|turn|20\n|c|\u2606Kdisue|U were saying?\n|\n|t:|1700519836\n|move|p2a: Dracovish|Fishious Rend|p1a: Lugia\n|-crit|p1a: Lugia\n|-damage|p1a: Lugia|0 fnt\n|faint|p1a: Lugia\n|\n|upkeep\n|\n|t:|1700519841\n|switch|p1a: Iron boy|Ferrothorn, F|100\/100\n|turn|21\n|c|\u2606Adamisaking|Yea nvm not expected\n|\n|t:|1700519851\n|move|p2a: Dracovish|Fishious Rend|p1a: Iron boy\n|-resisted|p1a: Iron boy\n|-damage|p1a: Iron boy|60\/100\n|-damage|p2a: Dracovish|88\/100|[from] ability: Iron Barbs|[of] p1a: Iron boy\n|move|p1a: Iron boy|Power Whip|p2a: Dracovish\n|-damage|p2a: Dracovish|6\/100\n|\n|upkeep\n|turn|22\n|\n|t:|1700519865\n|move|p2a: Dracovish|Fishious Rend|p1a: Iron boy\n|-resisted|p1a: Iron boy\n|-damage|p1a: Iron boy|20\/100\n|-damage|p2a: Dracovish|0 fnt|[from] ability: Iron Barbs|[of] p1a: Iron boy\n|faint|p2a: Dracovish\n|move|p1a: Iron boy|Power Whip|p2: Dracovish|[notarget]\n|-fail|p1a: Iron boy\n|\n|upkeep\n|\n|t:|1700519873\n|switch|p2a: Gyarados|Gyarados-Mega, M|37\/100\n|-ability|p2a: Gyarados|Mold Breaker\n|turn|23\n|\n|t:|1700519878\n|move|p2a: Gyarados|Waterfall|p1a: Iron boy\n|-resisted|p1a: Iron boy\n|-damage|p1a: Iron boy|2\/100\n|-damage|p2a: Gyarados|25\/100|[from] ability: Iron Barbs|[of] p1a: Iron boy\n|move|p1a: Iron boy|Power Whip|p2a: Gyarados\n|-supereffective|p2a: Gyarados\n|-damage|p2a: Gyarados|0 fnt\n|faint|p2a: Gyarados\n|\n|win|Kdisue\n|raw|Kdisue's rating: 1135 &rarr; <strong>1156<\/strong><br \/>(+21 for winning)\n|raw|Adamisaking's rating: 1085 &rarr; <strong>1066<\/strong><br \/>(-19 for losing)\n|c|\u2606Adamisaking|Gg\n|c|\u2606Kdisue|gg\n|l|\u2606Adamisaking\n","uploadtime":1700519897,"views":1,"p1id":"kdisue","p2id":"adamisaking","formatid":"gen9nationaldexubers","rating":1066,"private":0,"password":""}