{"id":"gen9nationaldexubers-1988005546","p1":"Iamdying...again","p2":"cradily moment","format":"[Gen 9] National Dex Ubers","log":"|j|\u2606Iamdying...again\n|j|\u2606cradily moment\n|t:|1699658263\n|gametype|singles\n|player|p1|Iamdying...again|brycenman|1038\n|player|p2|cradily moment|rocker-gen3|1000\n|teamsize|p1|6\n|teamsize|p2|6\n|gen|9\n|tier|[Gen 9] National Dex Ubers\n|rated|\n|rule|HP Percentage Mod: HP is shown in percentages\n|rule|Endless Battle Clause: Forcing endless battles is banned\n|rule|OHKO Clause: OHKO moves are banned\n|rule|Evasion Moves Clause: Evasion moves are banned\n|rule|Evasion Items Clause: Evasion items are banned\n|rule|Species Clause: Limit one of each Pok\u00e9mon\n|rule|Sleep Clause Mod: Limit one foe put to sleep\n|rule|Mega Rayquaza Clause: You cannot mega evolve Rayquaza\n|clearpoke\n|poke|p1|Blaziken, M|\n|poke|p1|Sawk, M|\n|poke|p1|Darmanitan-Galar, M|\n|poke|p1|Yveltal|\n|poke|p1|Necrozma-Dawn-Wings|\n|poke|p1|Kyogre|\n|poke|p2|Marshadow|\n|poke|p2|Blaziken, F|\n|poke|p2|Zygarde|\n|poke|p2|Latias, F|\n|poke|p2|Salamence, M|\n|poke|p2|Cradily, F|\n|teampreview\n|inactive|Battle timer is ON: inactive players will automatically lose when time's up. (requested by cradily moment)\n|c|\u2606cradily moment|I'm a Chuckster!\n|c|\u2606cradily moment|hi- Matt\n|\n|t:|1699658272\n|start\n|switch|p1a: Sawk|Sawk, M, shiny|100\/100\n|switch|p2a: 7 Turns @ Dily's|Cradily, F|100\/100\n|turn|1\n|c|\u2606cradily moment|I'm a Chuckster! -katie\n|\n|t:|1699658297\n|move|p1a: Sawk|Fire Punch|p2a: 7 Turns @ Dily's\n|-damage|p2a: 7 Turns @ Dily's|77\/100\n|move|p2a: 7 Turns @ Dily's|Infestation|p1a: Sawk\n|-resisted|p1a: Sawk\n|-damage|p1a: Sawk|97\/100\n|-activate|p1a: Sawk|move: Infestation|[of] p2a: 7 Turns @ Dily's\n|\n|-damage|p1a: Sawk|85\/100|[from] move: Infestation|[partiallytrapped]\n|upkeep\n|turn|2\n|\n|t:|1699658310\n|move|p1a: Sawk|Fire Punch|p2a: 7 Turns @ Dily's\n|-damage|p2a: 7 Turns @ Dily's|52\/100\n|-status|p2a: 7 Turns @ Dily's|brn\n|move|p2a: 7 Turns @ Dily's|Leech Seed|p1a: Sawk|[miss]\n|-miss|p2a: 7 Turns @ Dily's|p1a: Sawk\n|\n|-damage|p2a: 7 Turns @ Dily's|46\/100 brn|[from] brn\n|-damage|p1a: Sawk|73\/100|[from] move: Infestation|[partiallytrapped]\n|upkeep\n|turn|3\n|c|\u2606cradily moment|WHAR?!?!?!- confuddled matt\n|\n|t:|1699658318\n|move|p1a: Sawk|Pain Split|p2a: 7 Turns @ Dily's\n|-sethp|p2a: 7 Turns @ Dily's|51\/100 brn|[from] move: Pain Split|[silent]\n|-sethp|p1a: Sawk|66\/100|[from] move: Pain Split\n|move|p2a: 7 Turns @ Dily's|Recover|p2a: 7 Turns @ Dily's\n|-heal|p2a: 7 Turns @ Dily's|100\/100 brn\n|\n|-damage|p2a: 7 Turns @ Dily's|94\/100 brn|[from] brn\n|-damage|p1a: Sawk|54\/100|[from] move: Infestation|[partiallytrapped]\n|upkeep\n|turn|4\n|c|\u2606cradily moment|dude what is this\n|c|\u2606cradily moment|har har harhar- Matt\n|inactive|cradily moment has 120 seconds left.\n|c|\u2606cradily moment|Is This The Worst Sawk Set Ever Made?\n|\n|t:|1699658341\n|move|p1a: Sawk|Pain Split|p2a: 7 Turns @ Dily's\n|-sethp|p2a: 7 Turns @ Dily's|68\/100 brn|[from] move: Pain Split|[silent]\n|-sethp|p1a: Sawk|87\/100|[from] move: Pain Split\n|move|p2a: 7 Turns @ Dily's|Toxic|p1a: Sawk\n|-status|p1a: Sawk|tox\n|\n|-damage|p1a: Sawk|81\/100 tox|[from] psn\n|-damage|p2a: 7 Turns @ Dily's|62\/100 brn|[from] brn\n|-damage|p1a: Sawk|69\/100 tox|[from] move: Infestation|[partiallytrapped]\n|upkeep\n|turn|5\n|inactive|cradily moment has 120 seconds left.\n|\n|t:|1699658353\n|move|p1a: Sawk|Low Kick|p2a: 7 Turns @ Dily's\n|-supereffective|p2a: 7 Turns @ Dily's\n|-damage|p2a: 7 Turns @ Dily's|0 fnt\n|faint|p2a: 7 Turns @ Dily's\n|\n|-damage|p1a: Sawk|57\/100 tox|[from] psn\n|-end|p1a: Sawk|Infestation|[partiallytrapped]|[silent]\n|upkeep\n|inactive|cradily moment has 120 seconds left.\n|c|\u2606cradily moment|huh?\n|\n|t:|1699658363\n|switch|p2a: Torchy|Blaziken, F|100\/100\n|turn|6\n|\n|t:|1699658368\n|detailschange|p2a: Torchy|Blaziken-Mega, F\n|-mega|p2a: Torchy|Blaziken|Blazikenite\n|move|p2a: Torchy|Low Kick|p1a: Sawk\n|-damage|p1a: Sawk|0 fnt\n|faint|p1a: Sawk\n|\n|-ability|p2a: Torchy|Speed Boost|boost\n|-boost|p2a: Torchy|spe|1\n|upkeep\n|\n|t:|1699658372\n|switch|p1a: Darmanitan|Darmanitan-Galar, M|100\/100\n|turn|7\n|\n|t:|1699658380\n|move|p2a: Torchy|Low Kick|p1a: Darmanitan\n|-supereffective|p1a: Darmanitan\n|-damage|p1a: Darmanitan|0 fnt\n|faint|p1a: Darmanitan\n|\n|-ability|p2a: Torchy|Speed Boost|boost\n|-boost|p2a: Torchy|spe|1\n|upkeep\n|\n|t:|1699658384\n|switch|p1a: Blaziken|Blaziken, M|100\/100\n|turn|8\n|c|\u2606cradily moment|dhar mannitan\n|\n|t:|1699658398\n|detailschange|p1a: Blaziken|Blaziken-Mega, M\n|-mega|p1a: Blaziken|Blaziken|Blazikenite\n|move|p2a: Torchy|Swords Dance|p2a: Torchy\n|-boost|p2a: Torchy|atk|2\n|move|p1a: Blaziken|Brick Break|p2a: Torchy\n|-damage|p2a: Torchy|34\/100\n|\n|-ability|p2a: Torchy|Speed Boost|boost\n|-boost|p2a: Torchy|spe|1\n|-ability|p1a: Blaziken|Speed Boost|boost\n|-boost|p1a: Blaziken|spe|1\n|upkeep\n|turn|9\n|c|\u2606cradily moment|BRICK BREAK LOL\n|\n|t:|1699658409\n|move|p2a: Torchy|Low Kick|p1a: Blaziken\n|-damage|p1a: Blaziken|0 fnt\n|faint|p1a: Blaziken\n|\n|-ability|p2a: Torchy|Speed Boost|boost\n|-boost|p2a: Torchy|spe|1\n|upkeep\n|\n|t:|1699658412\n|switch|p1a: Kyogre|Kyogre, shiny|100\/100\n|detailschange|p1a: Kyogre|Kyogre-Primal, shiny\n|-primal|p1a: Kyogre|Blue Orb\n|-weather|PrimordialSea|[from] ability: Primordial Sea|[of] p1a: Kyogre\n|turn|10\n|\n|t:|1699658415\n|move|p2a: Torchy|Low Kick|p1a: Kyogre\n|-damage|p1a: Kyogre|0 fnt\n|faint|p1a: Kyogre\n|-weather|none\n|\n|-ability|p2a: Torchy|Speed Boost|boost\n|-boost|p2a: Torchy|spe|1\n|upkeep\n|\n|t:|1699658419\n|switch|p1a: Necrozma|Necrozma-Dawn-Wings|100\/100\n|turn|11\n|\n|t:|1699658422\n|move|p2a: Torchy|Knock Off|p1a: Necrozma\n|-supereffective|p1a: Necrozma\n|-crit|p1a: Necrozma\n|-damage|p1a: Necrozma|0 fnt\n|faint|p1a: Necrozma\n|\n|-ability|p2a: Torchy|Speed Boost|boost\n|-boost|p2a: Torchy|spe|1\n|upkeep\n|\n|t:|1699658424\n|switch|p1a: Yveltal|Yveltal, shiny|100\/100\n|-ability|p1a: Yveltal|Dark Aura\n|turn|12\n|c|\u2606cradily moment|wahoo\n|c|\u2606cradily moment|lol\n|c|\u2606cradily moment|-matt\n|\n|t:|1699658439\n|-terastallize|p1a: Yveltal|Flying\n|move|p2a: Torchy|Low Kick|p1a: Yveltal\n|-resisted|p1a: Yveltal\n|-damage|p1a: Yveltal|34\/100\n|move|p1a: Yveltal|Oblivion Wing|p2a: Torchy\n|-supereffective|p2a: Torchy\n|-damage|p2a: Torchy|0 fnt\n|-heal|p1a: Yveltal|51\/100|[from] drain|[of] p2a: Torchy\n|faint|p2a: Torchy\n|\n|upkeep\n|\n|t:|1699658446\n|switch|p2a: Marsho|Marshadow|100\/100\n|turn|13\n|\n|t:|1699658452\n|move|p2a: Marsho|Rock Tomb|p1a: Yveltal\n|-supereffective|p1a: Yveltal\n|-damage|p1a: Yveltal|0 fnt\n|faint|p1a: Yveltal\n|\n|win|cradily moment\n|raw|Iamdying...again's rating: 1038 &rarr; <strong>1021<\/strong><br \/>(-17 for losing)\n|raw|cradily moment's rating: 1000 &rarr; <strong>1044<\/strong><br \/>(+44 for winning)\n|c|\u2606Iamdying...again|gg\n|c|\u2606cradily moment|gg\n|c|\u2606cradily moment|gg\n|c|\u2606cradily moment|luhmao- matt\n|c|\u2606cradily moment|gg\n|c|\u2606cradily moment|gg\n|l|\u2606Iamdying...again\n","uploadtime":1699658458,"views":6,"p1id":"iamdyingagain","p2id":"cradilymoment","formatid":"gen9nationaldexubers","rating":1021,"private":0,"password":""}