{"id":"gen9nationaldexubers-1990400414","p1":"FlosOlean","p2":"Regimidas","format":"[Gen 9] National Dex Ubers","log":"|j|\u2606FlosOlean\n|j|\u2606Regimidas\n|t:|1699967037\n|gametype|singles\n|player|p1|FlosOlean|pokemonbreederf-gen4|1191\n|player|p2|Regimidas|blue|1200\n|teamsize|p1|6\n|teamsize|p2|6\n|gen|9\n|tier|[Gen 9] National Dex Ubers\n|rated|\n|rule|HP Percentage Mod: HP is shown in percentages\n|rule|Endless Battle Clause: Forcing endless battles is banned\n|rule|OHKO Clause: OHKO moves are banned\n|rule|Evasion Moves Clause: Evasion moves are banned\n|rule|Evasion Items Clause: Evasion items are banned\n|rule|Species Clause: Limit one of each Pok\u00e9mon\n|rule|Sleep Clause Mod: Limit one foe put to sleep\n|rule|Mega Rayquaza Clause: You cannot mega evolve Rayquaza\n|clearpoke\n|poke|p1|Scizor, M|\n|poke|p1|Skarmory, F|\n|poke|p1|Ferrothorn, F|\n|poke|p1|Aron, L1, M|\n|poke|p1|Excadrill, F|\n|poke|p1|Heatran, M|\n|poke|p2|Ho-Oh|\n|poke|p2|Zygarde|\n|poke|p2|Marshadow|\n|poke|p2|Groudon|\n|poke|p2|Arceus-Dark|\n|poke|p2|Kyogre|\n|teampreview\n|inactive|Battle timer is ON: inactive players will automatically lose when time's up. (requested by Regimidas)\n|\n|t:|1699967068\n|start\n|switch|p1a: RUN|Aron, L1, M, shiny|100\/100\n|switch|p2a: BKC|Arceus-Dark|100\/100\n|turn|1\n|\n|t:|1699967076\n|move|p2a: BKC|Will-O-Wisp|p1a: RUN\n|-status|p1a: RUN|brn\n|move|p1a: RUN|Endeavor|p2a: BKC\n|-damage|p2a: BKC|3\/100\n|\n|-damage|p1a: RUN|92\/100 brn|[from] brn\n|upkeep\n|turn|2\n|\n|t:|1699967087\n|switch|p1a: Ferrothorn|Ferrothorn, F|100\/100\n|move|p2a: BKC|Recover|p2a: BKC\n|-heal|p2a: BKC|53\/100\n|\n|upkeep\n|turn|3\n|\n|t:|1699967094\n|move|p2a: BKC|Taunt|p1a: Ferrothorn\n|-start|p1a: Ferrothorn|move: Taunt\n|cant|p1a: Ferrothorn|move: Taunt|Stealth Rock\n|\n|upkeep\n|turn|4\n|\n|t:|1699967101\n|switch|p1a: Scizor|Scizor, M|100\/100\n|move|p2a: BKC|Recover|p2a: BKC\n|-heal|p2a: BKC|100\/100\n|\n|upkeep\n|turn|5\n|\n|t:|1699967109\n|switch|p1a: RUN|Aron, L1, M, shiny|92\/100 brn\n|move|p2a: BKC|Will-O-Wisp|p1a: RUN\n|-fail|p1a: RUN|brn\n|\n|-damage|p1a: RUN|84\/100 brn|[from] brn\n|upkeep\n|turn|6\n|\n|t:|1699967116\n|move|p2a: BKC|Foul Play|p1a: RUN\n|-damage|p1a: RUN|0 fnt\n|faint|p1a: RUN\n|\n|upkeep\n|\n|t:|1699967123\n|switch|p1a: Skarmory|Skarmory, F|100\/100\n|turn|7\n|\n|t:|1699967129\n|switch|p1a: Heatran|Heatran, M|100\/100\n|-item|p1a: Heatran|Air Balloon\n|move|p2a: BKC|Taunt|p1a: Heatran\n|-start|p1a: Heatran|move: Taunt\n|\n|upkeep\n|turn|8\n|\n|t:|1699967142\n|switch|p2a: Goldfish Crackers|Kyogre|100\/100\n|detailschange|p2a: Goldfish Crackers|Kyogre-Primal\n|-primal|p2a: Goldfish Crackers|Blue Orb\n|-weather|PrimordialSea|[from] ability: Primordial Sea|[of] p2a: Goldfish Crackers\n|switch|p1a: Ferrothorn|Ferrothorn, F|100\/100\n|\n|-weather|PrimordialSea|[upkeep]\n|upkeep\n|turn|9\n|\n|t:|1699967152\n|-weather|none\n|switch|p2a: Birdspam|Ho-Oh|100\/100\n|move|p1a: Ferrothorn|Stealth Rock|p2a: Birdspam\n|-sidestart|p2: Regimidas|move: Stealth Rock\n|\n|upkeep\n|turn|10\n|\n|t:|1699967160\n|switch|p1a: Heatran|Heatran, M|100\/100\n|-item|p1a: Heatran|Air Balloon\n|move|p2a: Birdspam|Defog|p1a: Heatran\n|-unboost|p1a: Heatran|evasion|1\n|-sideend|p2: Regimidas|Stealth Rock|[from] move: Defog|[of] p2a: Birdspam\n|\n|upkeep\n|turn|11\n|\n|t:|1699967173\n|switch|p2a: Kid named Eruption|Groudon|100\/100\n|detailschange|p2a: Kid named Eruption|Groudon-Primal\n|-primal|p2a: Kid named Eruption|Red Orb\n|-weather|DesolateLand|[from] ability: Desolate Land|[of] p2a: Kid named Eruption\n|move|p1a: Heatran|Rock Slide|p2a: Kid named Eruption\n|-crit|p2a: Kid named Eruption\n|-damage|p2a: Kid named Eruption|88\/100\n|\n|-weather|DesolateLand|[upkeep]\n|upkeep\n|turn|12\n|\n|t:|1699967189\n|move|p2a: Kid named Eruption|Stone Edge|p1a: Heatran\n|-damage|p1a: Heatran|59\/100\n|-enditem|p1a: Heatran|Air Balloon\n|move|p1a: Heatran|Earth Power|p2a: Kid named Eruption\n|-supereffective|p2a: Kid named Eruption\n|-damage|p2a: Kid named Eruption|17\/100\n|\n|-weather|DesolateLand|[upkeep]\n|upkeep\n|turn|13\n|\n|t:|1699967199\n|-weather|none\n|switch|p2a: Goldfish Crackers|Kyogre-Primal|100\/100\n|-weather|PrimordialSea|[from] ability: Primordial Sea|[of] p2a: Goldfish Crackers\n|move|p1a: Heatran|Earth Power|p2a: Goldfish Crackers\n|-damage|p2a: Goldfish Crackers|81\/100\n|\n|-weather|PrimordialSea|[upkeep]\n|upkeep\n|turn|14\n|\n|t:|1699967209\n|switch|p1a: Ferrothorn|Ferrothorn, F|100\/100\n|move|p2a: Goldfish Crackers|Calm Mind|p2a: Goldfish Crackers\n|-boost|p2a: Goldfish Crackers|spa|1\n|-boost|p2a: Goldfish Crackers|spd|1\n|\n|-weather|PrimordialSea|[upkeep]\n|upkeep\n|turn|15\n|\n|t:|1699967214\n|move|p2a: Goldfish Crackers|Ice Beam|p1a: Ferrothorn\n|-damage|p1a: Ferrothorn|61\/100\n|move|p1a: Ferrothorn|Leech Seed|p2a: Goldfish Crackers\n|-start|p2a: Goldfish Crackers|move: Leech Seed\n|\n|-weather|PrimordialSea|[upkeep]\n|-heal|p1a: Ferrothorn|67\/100|[from] item: Leftovers\n|-damage|p2a: Goldfish Crackers|69\/100|[from] Leech Seed|[of] p1a: Ferrothorn\n|-heal|p1a: Ferrothorn|81\/100|[silent]\n|upkeep\n|turn|16\n|\n|t:|1699967229\n|move|p2a: Goldfish Crackers|Origin Pulse|p1a: Ferrothorn\n|-resisted|p1a: Ferrothorn\n|-damage|p1a: Ferrothorn|27\/100\n|move|p1a: Ferrothorn|Power Whip|p2a: Goldfish Crackers\n|-supereffective|p2a: Goldfish Crackers\n|-damage|p2a: Goldfish Crackers|14\/100\n|\n|-weather|PrimordialSea|[upkeep]\n|-heal|p1a: Ferrothorn|34\/100|[from] item: Leftovers\n|-damage|p2a: Goldfish Crackers|1\/100|[from] Leech Seed|[of] p1a: Ferrothorn\n|-heal|p1a: Ferrothorn|48\/100|[silent]\n|upkeep\n|turn|17\n|\n|t:|1699967245\n|switch|p1a: Skarmory|Skarmory, F|100\/100\n|move|p2a: Goldfish Crackers|Ice Beam|p1a: Skarmory\n|-damage|p1a: Skarmory|32\/100\n|-status|p1a: Skarmory|frz\n|\n|-weather|PrimordialSea|[upkeep]\n|-damage|p2a: Goldfish Crackers|0 fnt|[from] Leech Seed|[of] p1a: Skarmory\n|-heal|p1a: Skarmory|33\/100 frz|[silent]\n|faint|p2a: Goldfish Crackers\n|-weather|none\n|upkeep\n|\n|t:|1699967254\n|switch|p2a: Looks at you funny|Zygarde|100\/100\n|turn|18\n|\n|t:|1699967266\n|switch|p1a: Scizor|Scizor, M|100\/100\n|move|p2a: Looks at you funny|Coil|p2a: Looks at you funny\n|-boost|p2a: Looks at you funny|atk|1\n|-boost|p2a: Looks at you funny|def|1\n|-boost|p2a: Looks at you funny|accuracy|1\n|\n|upkeep\n|turn|19\n|\n|t:|1699967273\n|detailschange|p1a: Scizor|Scizor-Mega, M\n|-mega|p1a: Scizor|Scizor|Scizorite\n|move|p2a: Looks at you funny|Coil|p2a: Looks at you funny\n|-boost|p2a: Looks at you funny|atk|1\n|-boost|p2a: Looks at you funny|def|1\n|-boost|p2a: Looks at you funny|accuracy|1\n|move|p1a: Scizor|Swords Dance|p1a: Scizor\n|-boost|p1a: Scizor|atk|2\n|\n|upkeep\n|turn|20\n|\n|t:|1699967281\n|move|p2a: Looks at you funny|Coil|p2a: Looks at you funny\n|-boost|p2a: Looks at you funny|atk|1\n|-boost|p2a: Looks at you funny|def|1\n|-boost|p2a: Looks at you funny|accuracy|1\n|move|p1a: Scizor|Knock Off|p2a: Looks at you funny\n|-damage|p2a: Looks at you funny|80\/100\n|-enditem|p2a: Looks at you funny|Chesto Berry|[from] move: Knock Off|[of] p1a: Scizor\n|\n|upkeep\n|turn|21\n|\n|t:|1699967288\n|move|p2a: Looks at you funny|Thousand Arrows|p1a: Scizor\n|-crit|p1a: Scizor\n|-damage|p1a: Scizor|0 fnt\n|faint|p1a: Scizor\n|\n|upkeep\n|\n|t:|1699967292\n|switch|p1a: Excadrill|Excadrill, F|100\/100\n|turn|22\n|\n|t:|1699967295\n|-terastallize|p1a: Excadrill|Ground\n|move|p1a: Excadrill|Earthquake|p2a: Looks at you funny\n|-damage|p2a: Looks at you funny|58\/100\n|move|p2a: Looks at you funny|Thousand Arrows|p1a: Excadrill\n|-damage|p1a: Excadrill|0 fnt\n|faint|p1a: Excadrill\n|\n|upkeep\n|-message|FlosOlean forfeited.\n|\n|win|Regimidas\n|raw|FlosOlean's rating: 1191 &rarr; <strong>1167<\/strong><br \/>(-24 for losing)\n|raw|Regimidas's rating: 1200 &rarr; <strong>1224<\/strong><br \/>(+24 for winning)\n|l|\u2606FlosOlean\n","uploadtime":1699967306,"views":6,"p1id":"flosolean","p2id":"regimidas","formatid":"gen9nationaldexubers","rating":1167,"private":0,"password":""}