{"id":"gen9nationaldexubers-1992792515","p1":"FrostBv","p2":"Adolphin Tler","format":"[Gen 9] National Dex Ubers","log":"|j|\u2606FrostBv\n|j|\u2606Adolphin Tler\n|t:|1700235869\n|gametype|singles\n|player|p1|FrostBv|giovanni|1204\n|player|p2|Adolphin Tler|steven|1219\n|teamsize|p1|6\n|teamsize|p2|6\n|gen|9\n|tier|[Gen 9] National Dex Ubers\n|rated|\n|rule|HP Percentage Mod: HP is shown in percentages\n|rule|Endless Battle Clause: Forcing endless battles is banned\n|rule|OHKO Clause: OHKO moves are banned\n|rule|Evasion Moves Clause: Evasion moves are banned\n|rule|Evasion Items Clause: Evasion items are banned\n|rule|Species Clause: Limit one of each Pok\u00e9mon\n|rule|Sleep Clause Mod: Limit one foe put to sleep\n|rule|Mega Rayquaza Clause: You cannot mega evolve Rayquaza\n|clearpoke\n|poke|p1|Deoxys-Defense|\n|poke|p1|Yveltal|\n|poke|p1|Groudon|\n|poke|p1|Dragapult, M|\n|poke|p1|Metagross|\n|poke|p1|Zygarde|\n|poke|p2|Arceus-Ground|\n|poke|p2|Zacian-*|\n|poke|p2|Groudon|\n|poke|p2|Eternatus|\n|poke|p2|Marshadow|\n|poke|p2|Ho-Oh|\n|teampreview\n|\n|t:|1700235888\n|start\n|switch|p1a: Deoxys|Deoxys-Defense|100\/100\n|switch|p2a: Ho-Oh|Ho-Oh|100\/100\n|-ability|p1a: Deoxys|Pressure\n|turn|1\n|\n|t:|1700235900\n|move|p2a: Ho-Oh|Sacred Fire|p1a: Deoxys\n|-damage|p1a: Deoxys|63\/100\n|-status|p1a: Deoxys|brn\n|move|p1a: Deoxys|Stealth Rock|p2a: Ho-Oh\n|-sidestart|p2: Adolphin Tler|move: Stealth Rock\n|\n|-heal|p1a: Deoxys|69\/100 brn|[from] item: Leftovers\n|-damage|p1a: Deoxys|63\/100 brn|[from] brn\n|upkeep\n|turn|2\n|\n|t:|1700235909\n|move|p2a: Ho-Oh|Brave Bird|p1a: Deoxys\n|-damage|p1a: Deoxys|16\/100 brn\n|-damage|p2a: Ho-Oh|88\/100|[from] Recoil\n|move|p1a: Deoxys|Toxic|p2a: Ho-Oh\n|-status|p2a: Ho-Oh|tox\n|\n|-heal|p1a: Deoxys|22\/100 brn|[from] item: Leftovers\n|-damage|p2a: Ho-Oh|82\/100 tox|[from] psn\n|-damage|p1a: Deoxys|16\/100 brn|[from] brn\n|upkeep\n|turn|3\n|\n|t:|1700235919\n|move|p2a: Ho-Oh|Sacred Fire|p1a: Deoxys\n|-damage|p1a: Deoxys|0 fnt\n|faint|p1a: Deoxys\n|\n|-damage|p2a: Ho-Oh|70\/100 tox|[from] psn\n|upkeep\n|\n|t:|1700235931\n|switch|p1a: Dragapult|Dragapult, M|100\/100\n|turn|4\n|\n|t:|1700235938\n|move|p1a: Dragapult|Dragon Dance|p1a: Dragapult\n|-boost|p1a: Dragapult|atk|1\n|-boost|p1a: Dragapult|spe|1\n|move|p2a: Ho-Oh|Defog|p1a: Dragapult\n|-fail|p1a: Dragapult|unboost|[from] ability: Clear Body|[of] p1a: Dragapult\n|-sideend|p2: Adolphin Tler|Stealth Rock|[from] move: Defog|[of] p2a: Ho-Oh\n|\n|-damage|p2a: Ho-Oh|52\/100 tox|[from] psn\n|upkeep\n|turn|5\n|\n|t:|1700235949\n|move|p1a: Dragapult|Dragon Darts|p2a: Ho-Oh\n|-damage|p2a: Ho-Oh|16\/100 tox\n|-anim|p1a: Dragapult|Dragon Darts|p2a: Ho-Oh\n|-damage|p2a: Ho-Oh|0 fnt\n|faint|p2a: Ho-Oh\n|\n|upkeep\n|\n|t:|1700235953\n|switch|p2a: Marshadow|Marshadow|100\/100\n|turn|6\n|\n|t:|1700235958\n|move|p1a: Dragapult|Phantom Force||[still]\n|-prepare|p1a: Dragapult|Phantom Force\n|move|p2a: Marshadow|Spectral Thief|p1a: Dragapult|[miss]\n|-miss|p2a: Marshadow|p1a: Dragapult\n|\n|upkeep\n|turn|7\n|\n|t:|1700235971\n|move|p1a: Dragapult|Phantom Force|p2a: Marshadow|[from]lockedmove\n|-supereffective|p2a: Marshadow\n|-enditem|p2a: Marshadow|Focus Sash\n|-damage|p2a: Marshadow|1\/100\n|move|p2a: Marshadow|Spectral Thief||[still]\n|-clearpositiveboost|p1a: Dragapult|p2a: Marshadow|move: Spectral Thief\n|-boost|p2a: Marshadow|atk|1\n|-boost|p2a: Marshadow|spe|1\n|-anim|p2a: Marshadow|Spectral Thief|p1a: Dragapult\n|-supereffective|p1a: Dragapult\n|-damage|p1a: Dragapult|0 fnt\n|faint|p1a: Dragapult\n|\n|upkeep\n|\n|t:|1700235984\n|switch|p1a: Metagross|Metagross, shiny|100\/100\n|turn|8\n|\n|t:|1700235992\n|detailschange|p1a: Metagross|Metagross-Mega, shiny\n|-mega|p1a: Metagross|Metagross|Metagrossite\n|move|p2a: Marshadow|Shadow Sneak|p1a: Metagross\n|-supereffective|p1a: Metagross\n|-damage|p1a: Metagross|25\/100\n|move|p1a: Metagross|Bullet Punch|p2a: Marshadow\n|-damage|p2a: Marshadow|0 fnt\n|faint|p2a: Marshadow\n|\n|upkeep\n|\n|t:|1700236003\n|switch|p2a: Arceus|Arceus-Ground|100\/100\n|turn|9\n|\n|t:|1700236009\n|move|p1a: Metagross|Ice Punch|p2a: Arceus\n|-supereffective|p2a: Arceus\n|-damage|p2a: Arceus|61\/100\n|move|p2a: Arceus|Judgment|p1a: Metagross\n|-supereffective|p1a: Metagross\n|-damage|p1a: Metagross|0 fnt\n|faint|p1a: Metagross\n|\n|upkeep\n|\n|t:|1700236018\n|switch|p1a: Zygarde|Zygarde|100\/100\n|turn|10\n|\n|t:|1700236034\n|move|p2a: Arceus|Taunt|p1a: Zygarde\n|-start|p1a: Zygarde|move: Taunt\n|cant|p1a: Zygarde|move: Taunt|Glare\n|\n|upkeep\n|turn|11\n|\n|t:|1700236049\n|move|p1a: Zygarde|Extreme Speed|p2a: Arceus\n|-damage|p2a: Arceus|46\/100\n|move|p2a: Arceus|Toxic|p1a: Zygarde\n|-status|p1a: Zygarde|tox\n|\n|-damage|p1a: Zygarde|94\/100 tox|[from] psn\n|upkeep\n|turn|12\n|\n|t:|1700236057\n|move|p2a: Arceus|Recover|p2a: Arceus\n|-heal|p2a: Arceus|96\/100\n|move|p1a: Zygarde|Thousand Arrows|p2a: Arceus\n|-damage|p2a: Arceus|72\/100\n|\n|-damage|p1a: Zygarde|82\/100 tox|[from] psn\n|-end|p1a: Zygarde|move: Taunt\n|upkeep\n|turn|13\n|\n|t:|1700236065\n|move|p1a: Zygarde|Extreme Speed|p2a: Arceus\n|-damage|p2a: Arceus|59\/100\n|move|p2a: Arceus|Taunt|p1a: Zygarde\n|-start|p1a: Zygarde|move: Taunt\n|\n|-damage|p1a: Zygarde|64\/100 tox|[from] psn\n|upkeep\n|turn|14\n|\n|t:|1700236073\n|move|p2a: Arceus|Recover|p2a: Arceus\n|-heal|p2a: Arceus|100\/100\n|move|p1a: Zygarde|Thousand Arrows|p2a: Arceus\n|-damage|p2a: Arceus|75\/100\n|\n|-damage|p1a: Zygarde|39\/100 tox|[from] psn\n|-activate|p1a: Zygarde|ability: Power Construct\n|detailschange|p1a: Zygarde|Zygarde-Complete\n|-heal|p1a: Zygarde|62\/100 tox|[silent]\n|upkeep\n|turn|15\n|\n|t:|1700236087\n|switch|p1a: Yveltal|Yveltal|100\/100\n|-ability|p1a: Yveltal|Dark Aura\n|move|p2a: Arceus|Judgment|p1a: Yveltal\n|-immune|p1a: Yveltal\n|\n|upkeep\n|turn|16\n|\n|t:|1700236096\n|move|p1a: Yveltal|Hidden Power|p2a: Arceus\n|-supereffective|p2a: Arceus\n|-damage|p2a: Arceus|45\/100\n|move|p2a: Arceus|Toxic|p1a: Yveltal\n|-status|p1a: Yveltal|tox\n|\n|-damage|p1a: Yveltal|94\/100 tox|[from] psn\n|upkeep\n|turn|17\n|\n|t:|1700236110\n|move|p1a: Yveltal|Toxic|p2a: Arceus\n|-status|p2a: Arceus|tox\n|move|p2a: Arceus|Recover|p2a: Arceus\n|-heal|p2a: Arceus|95\/100 tox\n|\n|-damage|p1a: Yveltal|82\/100 tox|[from] psn\n|-damage|p2a: Arceus|89\/100 tox|[from] psn\n|upkeep\n|turn|18\n|\n|t:|1700236132\n|move|p1a: Yveltal|Hidden Power|p2a: Arceus\n|-supereffective|p2a: Arceus\n|-damage|p2a: Arceus|54\/100 tox\n|move|p2a: Arceus|Taunt|p1a: Yveltal\n|-start|p1a: Yveltal|move: Taunt\n|\n|-damage|p1a: Yveltal|64\/100 tox|[from] psn\n|-damage|p2a: Arceus|42\/100 tox|[from] psn\n|upkeep\n|turn|19\n|\n|t:|1700236141\n|move|p1a: Yveltal|Oblivion Wing|p2a: Arceus\n|-damage|p2a: Arceus|13\/100 tox\n|-heal|p1a: Yveltal|88\/100 tox|[from] drain|[of] p2a: Arceus\n|move|p2a: Arceus|Recover|p2a: Arceus\n|-heal|p2a: Arceus|63\/100 tox\n|\n|-damage|p1a: Yveltal|64\/100 tox|[from] psn\n|-damage|p2a: Arceus|45\/100 tox|[from] psn\n|upkeep\n|turn|20\n|\n|t:|1700236156\n|switch|p2a: Zacian|Zacian-Crowned|100\/100\n|-ability|p2a: Zacian|Intrepid Sword|boost\n|-boost|p2a: Zacian|atk|1\n|move|p1a: Yveltal|Oblivion Wing|p2a: Zacian\n|-resisted|p2a: Zacian\n|-damage|p2a: Zacian|81\/100\n|-heal|p1a: Yveltal|76\/100 tox|[from] drain|[of] p2a: Zacian\n|\n|-damage|p1a: Yveltal|46\/100 tox|[from] psn\n|upkeep\n|turn|21\n|\n|t:|1700236169\n|switch|p2a: Arceus|Arceus-Ground|45\/100 tox\n|move|p1a: Yveltal|Knock Off|p2a: Arceus\n|-damage|p2a: Arceus|23\/100 tox\n|\n|-damage|p1a: Yveltal|9\/100 tox|[from] psn\n|-damage|p2a: Arceus|17\/100 tox|[from] psn\n|-end|p1a: Yveltal|move: Taunt\n|upkeep\n|turn|22\n|\n|t:|1700236179\n|move|p1a: Yveltal|Oblivion Wing|p2a: Arceus\n|-damage|p2a: Arceus|0 fnt\n|-heal|p1a: Yveltal|23\/100 tox|[from] drain|[of] p2a: Arceus\n|faint|p2a: Arceus\n|\n|-damage|p1a: Yveltal|0 fnt|[from] psn\n|faint|p1a: Yveltal\n|upkeep\n|\n|t:|1700236187\n|switch|p1a: Groudon|Groudon|100\/100\n|switch|p2a: Groudon|Groudon|100\/100\n|detailschange|p1a: Groudon|Groudon-Primal\n|-primal|p1a: Groudon|Red Orb\n|-weather|DesolateLand|[from] ability: Desolate Land|[of] p1a: Groudon\n|detailschange|p2a: Groudon|Groudon-Primal\n|-primal|p2a: Groudon|Red Orb\n|turn|23\n|\n|t:|1700236197\n|move|p1a: Groudon|Precipice Blades|p2a: Groudon\n|-supereffective|p2a: Groudon\n|-damage|p2a: Groudon|24\/100\n|move|p2a: Groudon|Precipice Blades|p1a: Groudon|[miss]\n|-miss|p2a: Groudon|p1a: Groudon\n|\n|-weather|DesolateLand|[upkeep]\n|upkeep\n|turn|24\n|\n|t:|1700236205\n|move|p1a: Groudon|Precipice Blades|p2a: Groudon\n|-supereffective|p2a: Groudon\n|-crit|p2a: Groudon\n|-damage|p2a: Groudon|0 fnt\n|faint|p2a: Groudon\n|\n|-weather|DesolateLand|[upkeep]\n|upkeep\n|c|\u2606FrostBv|XD\n|\n|t:|1700236211\n|switch|p2a: Eternatus|Eternatus|100\/100\n|-ability|p2a: Eternatus|Pressure\n|turn|25\n|\n|t:|1700236216\n|move|p2a: Eternatus|Dynamax Cannon|p1a: Groudon\n|-damage|p1a: Groudon|30\/100\n|move|p1a: Groudon|Precipice Blades|p2a: Eternatus\n|-supereffective|p2a: Eternatus\n|-damage|p2a: Eternatus|0 fnt\n|faint|p2a: Eternatus\n|\n|-weather|DesolateLand|[upkeep]\n|upkeep\n|\n|t:|1700236219\n|switch|p2a: Zacian|Zacian-Crowned|81\/100\n|turn|26\n|\n|t:|1700236224\n|move|p2a: Zacian|Behemoth Blade|p1a: Groudon\n|-resisted|p1a: Groudon\n|-damage|p1a: Groudon|10\/100\n|move|p1a: Groudon|Precipice Blades|p2a: Zacian\n|-supereffective|p2a: Zacian\n|-damage|p2a: Zacian|0 fnt\n|faint|p2a: Zacian\n|\n|win|FrostBv\n|raw|FrostBv's rating: 1204 &rarr; <strong>1230<\/strong><br \/>(+26 for winning)\n|raw|Adolphin Tler's rating: 1219 &rarr; <strong>1193<\/strong><br \/>(-26 for losing)\n|l|\u2606Adolphin Tler\n","uploadtime":1700236233,"views":10,"p1id":"frostbv","p2id":"adolphintler","formatid":"gen9nationaldexubers","rating":1193,"private":0,"password":""}