{"id":"gen9nationaldexubers-1987656693","p1":"N4JL","p2":"JustMonika_CARR","format":"[Gen 9] National Dex Ubers","log":"|j|\u2606N4JL\n|j|\u2606JustMonika_CARR\n|t:|1699624666\n|gametype|singles\n|player|p1|N4JL|red|1365\n|player|p2|JustMonika_CARR|rosa|1520\n|teamsize|p1|6\n|teamsize|p2|6\n|gen|9\n|tier|[Gen 9] National Dex Ubers\n|rated|\n|rule|HP Percentage Mod: HP is shown in percentages\n|rule|Endless Battle Clause: Forcing endless battles is banned\n|rule|OHKO Clause: OHKO moves are banned\n|rule|Evasion Moves Clause: Evasion moves are banned\n|rule|Evasion Items Clause: Evasion items are banned\n|rule|Species Clause: Limit one of each Pok\u00e9mon\n|rule|Sleep Clause Mod: Limit one foe put to sleep\n|rule|Mega Rayquaza Clause: You cannot mega evolve Rayquaza\n|clearpoke\n|poke|p1|Kyogre|\n|poke|p1|Pelipper, F|\n|poke|p1|Dracovish|\n|poke|p1|Barraskewda, F|\n|poke|p1|Greninja-*, M|\n|poke|p1|Manaphy|\n|poke|p2|Marshadow|\n|poke|p2|Aerodactyl, M|\n|poke|p2|Arceus|\n|poke|p2|Forretress, F|\n|poke|p2|Pheromosa|\n|poke|p2|Necrozma-Dawn-Wings|\n|teampreview\n|inactive|Battle timer is ON: inactive players will automatically lose when time's up. (requested by N4JL)\n|c|\u2606JustMonika_CARR|Glhf\n|\n|t:|1699624676\n|start\n|switch|p1a: Pelipper|Pelipper, F|100\/100\n|switch|p2a: Forretress|Forretress, F, shiny|100\/100\n|-weather|RainDance|[from] ability: Drizzle|[of] p1a: Pelipper\n|turn|1\n|c|\u2606N4JL|gl\n|\n|t:|1699624695\n|move|p1a: Pelipper|U-turn|p2a: Forretress\n|-resisted|p2a: Forretress\n|-damage|p2a: Forretress|98\/100\n|-enditem|p2a: Forretress|Red Card|[of] p1a: Pelipper\n|drag|p1a: Dracovish|Dracovish|100\/100\n|move|p2a: Forretress|Toxic Spikes|p1a: Dracovish\n|-sidestart|p1: N4JL|move: Toxic Spikes\n|\n|-weather|RainDance|[upkeep]\n|upkeep\n|turn|2\n|\n|t:|1699624705\n|move|p1a: Dracovish|Earthquake|p2a: Forretress\n|-damage|p2a: Forretress|84\/100\n|move|p2a: Forretress|Toxic Spikes|p1a: Dracovish\n|-sidestart|p1: N4JL|move: Toxic Spikes\n|\n|-weather|RainDance|[upkeep]\n|upkeep\n|turn|3\n|\n|t:|1699624719\n|switch|p1a: Manaphy|Manaphy|100\/100\n|-status|p1a: Manaphy|tox\n|move|p2a: Forretress|Stealth Rock|p1a: Manaphy\n|-sidestart|p1: N4JL|move: Stealth Rock\n|\n|-weather|RainDance|[upkeep]\n|-activate|p1a: Manaphy|ability: Hydration\n|-curestatus|p1a: Manaphy|tox|[msg]\n|upkeep\n|turn|4\n|\n|t:|1699624731\n|move|p1a: Manaphy|Tail Glow|p1a: Manaphy\n|-boost|p1a: Manaphy|spa|3\n|move|p2a: Forretress|Rapid Spin|p1a: Manaphy\n|-damage|p1a: Manaphy|90\/100\n|-boost|p2a: Forretress|spe|1\n|\n|-weather|RainDance|[upkeep]\n|upkeep\n|turn|5\n|\n|t:|1699624744\n|move|p1a: Manaphy|Take Heart|p1a: Manaphy\n|-boost|p1a: Manaphy|spa|1\n|-boost|p1a: Manaphy|spd|1\n|move|p2a: Forretress|Rapid Spin|p1a: Manaphy\n|-damage|p1a: Manaphy|80\/100\n|-boost|p2a: Forretress|spe|1\n|\n|-weather|RainDance|[upkeep]\n|upkeep\n|turn|6\n|\n|t:|1699624754\n|move|p1a: Manaphy|Psychic|p2a: Forretress\n|-resisted|p2a: Forretress\n|-damage|p2a: Forretress|28\/100\n|move|p2a: Forretress|Rapid Spin|p1a: Manaphy\n|-damage|p1a: Manaphy|70\/100\n|-boost|p2a: Forretress|spe|1\n|\n|-weather|RainDance|[upkeep]\n|upkeep\n|turn|7\n|\n|t:|1699624763\n|move|p2a: Forretress|Endure|p2a: Forretress\n|-singleturn|p2a: Forretress|move: Endure\n|move|p1a: Manaphy|Psychic|p2a: Forretress\n|-resisted|p2a: Forretress\n|-activate|p2a: Forretress|move: Endure\n|-damage|p2a: Forretress|1\/100\n|\n|-weather|RainDance|[upkeep]\n|upkeep\n|turn|8\n|\n|t:|1699624772\n|move|p2a: Forretress|Endure||[still]\n|-fail|p2a: Forretress\n|move|p1a: Manaphy|Psychic|p2a: Forretress\n|-resisted|p2a: Forretress\n|-damage|p2a: Forretress|0 fnt\n|faint|p2a: Forretress\n|\n|-weather|none\n|upkeep\n|\n|t:|1699624791\n|switch|p2a: Marshadow|Marshadow|100\/100\n|turn|9\n|\n|t:|1699624806\n|move|p2a: Marshadow|Spectral Thief||[still]\n|-clearpositiveboost|p1a: Manaphy|p2a: Marshadow|move: Spectral Thief\n|-boost|p2a: Marshadow|spa|4\n|-boost|p2a: Marshadow|spd|1\n|-anim|p2a: Marshadow|Spectral Thief|p1a: Manaphy\n|-damage|p1a: Manaphy|23\/100\n|-zpower|p1a: Manaphy\n|move|p1a: Manaphy|Hydro Vortex|p2a: Marshadow|[zeffect]\n|-damage|p2a: Marshadow|40\/100\n|\n|upkeep\n|turn|10\n|\n|t:|1699624825\n|move|p2a: Marshadow|Spectral Thief|p1a: Manaphy\n|-damage|p1a: Manaphy|0 fnt\n|faint|p1a: Manaphy\n|\n|upkeep\n|\n|t:|1699624834\n|switch|p1a: Pelipper|Pelipper, F|100\/100\n|-damage|p1a: Pelipper|76\/100|[from] Stealth Rock\n|-weather|RainDance|[from] ability: Drizzle|[of] p1a: Pelipper\n|turn|11\n|\n|t:|1699624842\n|move|p2a: Marshadow|Spectral Thief|p1a: Pelipper\n|-damage|p1a: Pelipper|40\/100\n|move|p1a: Pelipper|U-turn|p2a: Marshadow\n|-resisted|p2a: Marshadow\n|-damage|p2a: Marshadow|37\/100\n|\n|t:|1699624850\n|switch|p1a: Barraskewda|Barraskewda, F|100\/100|[from] U-turn\n|-status|p1a: Barraskewda|tox\n|-damage|p1a: Barraskewda|88\/100 tox|[from] Stealth Rock\n|\n|-weather|RainDance|[upkeep]\n|-damage|p1a: Barraskewda|82\/100 tox|[from] psn\n|upkeep\n|turn|12\n|\n|t:|1699624860\n|move|p2a: Marshadow|Shadow Sneak|p1a: Barraskewda\n|-damage|p1a: Barraskewda|27\/100 tox\n|move|p1a: Barraskewda|Liquidation|p2a: Marshadow\n|-damage|p2a: Marshadow|0 fnt\n|faint|p2a: Marshadow\n|\n|-weather|RainDance|[upkeep]\n|-damage|p1a: Barraskewda|15\/100 tox|[from] psn\n|upkeep\n|\n|t:|1699624873\n|switch|p2a: Pheromosa|Pheromosa, shiny|100\/100\n|turn|13\n|\n|t:|1699624876\n|move|p1a: Barraskewda|Liquidation|p2a: Pheromosa\n|-enditem|p2a: Pheromosa|Focus Sash\n|-damage|p2a: Pheromosa|1\/100\n|move|p2a: Pheromosa|Rapid Spin|p1a: Barraskewda\n|-damage|p1a: Barraskewda|0 fnt\n|-boost|p2a: Pheromosa|spe|1\n|faint|p1a: Barraskewda\n|-ability|p2a: Pheromosa|Beast Boost|boost\n|-boost|p2a: Pheromosa|atk|1\n|\n|-weather|RainDance|[upkeep]\n|upkeep\n|\n|t:|1699624892\n|switch|p1a: Dracovish|Dracovish|100\/100\n|-status|p1a: Dracovish|tox\n|-damage|p1a: Dracovish|88\/100 tox|[from] Stealth Rock\n|turn|14\n|\n|t:|1699624900\n|move|p2a: Pheromosa|Close Combat|p1a: Dracovish\n|-damage|p1a: Dracovish|0 fnt\n|-unboost|p2a: Pheromosa|def|1\n|-unboost|p2a: Pheromosa|spd|1\n|faint|p1a: Dracovish\n|-ability|p2a: Pheromosa|Beast Boost|boost\n|-boost|p2a: Pheromosa|atk|1\n|\n|-weather|RainDance|[upkeep]\n|upkeep\n|\n|t:|1699624914\n|switch|p1a: Greninja|Greninja, M|100\/100\n|-status|p1a: Greninja|tox\n|-damage|p1a: Greninja|88\/100 tox|[from] Stealth Rock\n|turn|15\n|\n|t:|1699624920\n|switch|p2a: Arceus|Arceus|100\/100\n|move|p1a: Greninja|Extrasensory|p2a: Arceus\n|-damage|p2a: Arceus|78\/100\n|\n|-weather|RainDance|[upkeep]\n|-damage|p1a: Greninja|82\/100 tox|[from] psn\n|upkeep\n|turn|16\n|-message|N4JL forfeited.\n|\n|win|JustMonika_CARR\n|raw|N4JL's rating: 1365 &rarr; <strong>1353<\/strong><br \/>(-12 for losing)\n|raw|JustMonika_CARR's rating: 1520 &rarr; <strong>1532<\/strong><br \/>(+12 for winning)\n|l|\u2606N4JL\n","uploadtime":1699624940,"views":4,"p1id":"n4jl","p2id":"justmonikacarr","formatid":"gen9nationaldexubers","rating":1353,"private":0,"password":""}