{"id":"gen9nationaldexubers-1978700936","p1":"felipe_katchum","p2":"Forever force","format":"[Gen 9] National Dex Ubers","log":"|j|\u2606felipe_katchum\n|j|\u2606Forever force\n|t:|1698583800\n|gametype|singles\n|player|p1|felipe_katchum|shadowtriad|1274\n|player|p2|Forever force|policeman-gen4|1226\n|teamsize|p1|6\n|teamsize|p2|6\n|gen|9\n|tier|[Gen 9] National Dex Ubers\n|rated|\n|rule|HP Percentage Mod: HP is shown in percentages\n|rule|Endless Battle Clause: Forcing endless battles is banned\n|rule|OHKO Clause: OHKO moves are banned\n|rule|Evasion Moves Clause: Evasion moves are banned\n|rule|Evasion Items Clause: Evasion items are banned\n|rule|Species Clause: Limit one of each Pok\u00e9mon\n|rule|Sleep Clause Mod: Limit one foe put to sleep\n|rule|Mega Rayquaza Clause: You cannot mega evolve Rayquaza\n|clearpoke\n|poke|p1|Ariados, F|\n|poke|p1|Forretress, M|\n|poke|p1|Suicune|\n|poke|p1|Typhlosion, F|\n|poke|p1|Ho-Oh|\n|poke|p1|Tyranitar, F|\n|poke|p2|Zygarde-10%|\n|poke|p2|Xerneas-*|\n|poke|p2|Yveltal|\n|poke|p2|Marshadow|\n|poke|p2|Groudon|\n|poke|p2|Magearna|\n|teampreview\n|inactive|Battle timer is ON: inactive players will automatically lose when time's up. (requested by felipe_katchum)\n|j| goodturnoutforthe\n|\n|t:|1698583818\n|start\n|switch|p1a: Entry hazards|Ariados, F|100\/100\n|switch|p2a: Zygarde|Zygarde-10%, shiny|100\/100\n|turn|1\n|\n|t:|1698583827\n|move|p2a: Zygarde|Thousand Arrows|p1a: Entry hazards\n|-damage|p1a: Entry hazards|42\/100\n|move|p1a: Entry hazards|Sticky Web|p2a: Zygarde\n|-sidestart|p2: Forever force|move: Sticky Web\n|\n|upkeep\n|turn|2\n|\n|t:|1698583834\n|move|p2a: Zygarde|Extreme Speed|p1a: Entry hazards\n|-damage|p1a: Entry hazards|5\/100\n|move|p1a: Entry hazards|Toxic Spikes|p2a: Zygarde\n|-sidestart|p2: Forever force|move: Toxic Spikes\n|\n|upkeep\n|turn|3\n|\n|t:|1698583840\n|move|p2a: Zygarde|Extreme Speed|p1a: Entry hazards\n|-damage|p1a: Entry hazards|0 fnt\n|faint|p1a: Entry hazards\n|\n|upkeep\n|\n|t:|1698583856\n|switch|p1a: Tanque|Suicune|100\/100\n|-ability|p1a: Tanque|Pressure\n|turn|4\n|\n|t:|1698583865\n|move|p2a: Zygarde|Dragon Dance|p2a: Zygarde\n|-boost|p2a: Zygarde|atk|1\n|-boost|p2a: Zygarde|spe|1\n|move|p1a: Tanque|Calm Mind|p1a: Tanque\n|-boost|p1a: Tanque|spa|1\n|-boost|p1a: Tanque|spd|1\n|\n|upkeep\n|turn|5\n|\n|t:|1698583891\n|move|p2a: Zygarde|Dragon Dance|p2a: Zygarde\n|-boost|p2a: Zygarde|atk|1\n|-boost|p2a: Zygarde|spe|1\n|move|p1a: Tanque|Surf|p2a: Zygarde\n|-damage|p2a: Zygarde|39\/100\n|\n|-activate|p2a: Zygarde|ability: Power Construct\n|detailschange|p2a: Zygarde|Zygarde-Complete, shiny\n|-heal|p2a: Zygarde|74\/100|[silent]\n|upkeep\n|turn|6\n|\n|t:|1698583901\n|move|p2a: Zygarde|Thousand Arrows|p1a: Tanque\n|-damage|p1a: Tanque|51\/100\n|move|p1a: Tanque|Surf|p2a: Zygarde\n|-damage|p2a: Zygarde|45\/100\n|\n|-heal|p1a: Tanque|57\/100|[from] item: Leftovers\n|upkeep\n|turn|7\n|\n|t:|1698583907\n|move|p2a: Zygarde|Outrage|p1a: Tanque\n|-damage|p1a: Tanque|0 fnt\n|faint|p1a: Tanque\n|\n|upkeep\n|\n|t:|1698583920\n|switch|p1a: Breaker|Typhlosion, F|100\/100\n|turn|8\n|\n|t:|1698583929\n|move|p2a: Zygarde|Outrage|p1a: Breaker|[from]lockedmove\n|-damage|p1a: Breaker|0 fnt\n|faint|p1a: Breaker\n|-start|p2a: Zygarde|confusion|[fatigue]\n|\n|upkeep\n|\n|t:|1698583937\n|switch|p1a: Sweeper|Tyranitar, F|100\/100\n|-weather|Sandstorm|[from] ability: Sand Stream|[of] p1a: Sweeper\n|turn|9\n|\n|t:|1698583941\n|detailschange|p1a: Sweeper|Tyranitar-Mega, F\n|-mega|p1a: Sweeper|Tyranitar|Tyranitarite\n|-activate|p2a: Zygarde|confusion\n|move|p2a: Zygarde|Thousand Arrows|p1a: Sweeper\n|-supereffective|p1a: Sweeper\n|-damage|p1a: Sweeper|0 fnt\n|faint|p1a: Sweeper\n|\n|-weather|Sandstorm|[upkeep]\n|upkeep\n|-message|felipe_katchum forfeited.\n|\n|win|Forever force\n|raw|felipe_katchum's rating: 1274 &rarr; <strong>1246<\/strong><br \/>(-28 for losing)\n|raw|Forever force's rating: 1226 &rarr; <strong>1254<\/strong><br \/>(+28 for winning)\n|l|\u2606felipe_katchum\n|c|\u2606Forever force|Gg\n|l| goodturnoutforthe\n","uploadtime":1698583970,"views":11,"p1id":"felipekatchum","p2id":"foreverforce","formatid":"gen9nationaldexubers","rating":1246,"private":0,"password":""}