{"id":"gen9nationaldexubers-1997359182","p1":"Syll.BR","p2":"Kjfo","format":"[Gen 9] National Dex Ubers","log":"|j|\u2606Syll.BR\n|j|\u2606Kjfo\n|t:|1700793897\n|gametype|singles\n|player|p1|Syll.BR|cynthia-gen4|1086\n|player|p2|Kjfo|gambler|1199\n|teamsize|p1|6\n|teamsize|p2|6\n|gen|9\n|tier|[Gen 9] National Dex Ubers\n|rated|\n|rule|HP Percentage Mod: HP is shown in percentages\n|rule|Endless Battle Clause: Forcing endless battles is banned\n|rule|OHKO Clause: OHKO moves are banned\n|rule|Evasion Moves Clause: Evasion moves are banned\n|rule|Evasion Items Clause: Evasion items are banned\n|rule|Species Clause: Limit one of each Pok\u00e9mon\n|rule|Sleep Clause Mod: Limit one foe put to sleep\n|rule|Mega Rayquaza Clause: You cannot mega evolve Rayquaza\n|clearpoke\n|poke|p1|Sylveon, F|\n|poke|p1|Lucario, M|\n|poke|p1|Tyrantrum, F|\n|poke|p1|Serperior, F|\n|poke|p1|Charizard, M|\n|poke|p1|Giratina-Origin|\n|poke|p2|Victini|\n|poke|p2|Gothitelle, F|\n|poke|p2|Moltres|\n|poke|p2|Lopunny, F|\n|poke|p2|Iron Valiant|\n|poke|p2|Regieleki|\n|teampreview\n|\n|t:|1700793914\n|start\n|switch|p1a: Bell|Lucario, M|100\/100\n|switch|p2a: Regieleki|Regieleki|100\/100\n|turn|1\n|inactive|Battle timer is ON: inactive players will automatically lose when time's up. (requested by Kjfo)\n|\n|t:|1700793924\n|move|p2a: Regieleki|Volt Switch|p1a: Bell\n|-damage|p1a: Bell|13\/100\n|-damage|p2a: Regieleki|91\/100|[from] item: Life Orb\n|\n|t:|1700793928\n|switch|p2a: Lopunny|Lopunny, F|100\/100|[from] Volt Switch\n|move|p1a: Bell|Aura Sphere|p2a: Lopunny\n|-supereffective|p2a: Lopunny\n|-damage|p2a: Lopunny|0 fnt\n|faint|p2a: Lopunny\n|\n|upkeep\n|\n|t:|1700793935\n|switch|p2a: Victini|Victini|100\/100\n|turn|2\n|\n|t:|1700793942\n|move|p2a: Victini|U-turn|p1a: Bell\n|-resisted|p1a: Bell\n|-damage|p1a: Bell|6\/100\n|c|\u2606Kjfo|bruh\n|\n|t:|1700793947\n|switch|p2a: Moltres|Moltres|100\/100|[from] U-turn\n|move|p1a: Bell|Dark Pulse|p2a: Moltres\n|-damage|p2a: Moltres|80\/100\n|\n|upkeep\n|turn|3\n|\n|t:|1700793958\n|-terastallize|p1a: Bell|Water\n|move|p1a: Bell|Tera Blast|p2a: Moltres|[anim] Tera Blast Water\n|-supereffective|p2a: Moltres\n|-damage|p2a: Moltres|19\/100\n|move|p2a: Moltres|Mystical Fire|p1a: Bell\n|-resisted|p1a: Bell\n|-damage|p1a: Bell|0 fnt\n|faint|p1a: Bell\n|\n|upkeep\n|c|\u2606Kjfo|wtf is this lucario\n|\n|t:|1700793969\n|switch|p1a: Phy|Tyrantrum, F|100\/100\n|turn|4\n|\n|t:|1700793974\n|move|p1a: Phy|Dragon Dance|p1a: Phy\n|-boost|p1a: Phy|atk|1\n|-boost|p1a: Phy|spe|1\n|move|p2a: Moltres|Roost|p2a: Moltres\n|-heal|p2a: Moltres|69\/100\n|-singleturn|p2a: Moltres|move: Roost\n|\n|upkeep\n|turn|5\n|\n|t:|1700793982\n|move|p1a: Phy|Dragon Dance|p1a: Phy\n|-boost|p1a: Phy|atk|1\n|-boost|p1a: Phy|spe|1\n|move|p2a: Moltres|U-turn|p1a: Phy\n|-damage|p1a: Phy|86\/100\n|\n|t:|1700793994\n|switch|p2a: Gothitelle|Gothitelle, F|100\/100|[from] U-turn\n|\n|upkeep\n|turn|6\n|\n|t:|1700794020\n|move|p1a: Phy|Head Smash|p2a: Gothitelle\n|-damage|p2a: Gothitelle|0 fnt\n|faint|p2a: Gothitelle\n|\n|upkeep\n|\n|t:|1700794024\n|switch|p2a: Iron Valiant|Iron Valiant|100\/100\n|-enditem|p2a: Iron Valiant|Booster Energy\n|-activate|p2a: Iron Valiant|ability: Quark Drive|[fromitem]\n|-start|p2a: Iron Valiant|quarkdrivespe\n|turn|7\n|\n|t:|1700794031\n|move|p2a: Iron Valiant|Spirit Break|p1a: Phy\n|-supereffective|p1a: Phy\n|-damage|p1a: Phy|15\/100\n|-unboost|p1a: Phy|spa|1\n|-enditem|p1a: Phy|Weakness Policy\n|-boost|p1a: Phy|atk|2|[from] item: Weakness Policy\n|-boost|p1a: Phy|spa|2|[from] item: Weakness Policy\n|move|p1a: Phy|Iron Head|p2a: Iron Valiant\n|-supereffective|p2a: Iron Valiant\n|-damage|p2a: Iron Valiant|0 fnt\n|faint|p2a: Iron Valiant\n|-end|p2a: Iron Valiant|Quark Drive|[silent]\n|\n|upkeep\n|c|\u2606Kjfo|bruh\n|\n|t:|1700794037\n|switch|p2a: Regieleki|Regieleki|91\/100\n|turn|8\n|\n|t:|1700794044\n|move|p1a: Phy|Earthquake|p2a: Regieleki\n|-supereffective|p2a: Regieleki\n|-damage|p2a: Regieleki|0 fnt\n|faint|p2a: Regieleki\n|\n|upkeep\n|\n|t:|1700794047\n|switch|p2a: Victini|Victini|100\/100\n|turn|9\n|-message|Kjfo forfeited.\n|\n|win|Syll.BR\n|raw|Syll.BR's rating: 1086 &rarr; <strong>1122<\/strong><br \/>(+36 for winning)\n|raw|Kjfo's rating: 1199 &rarr; <strong>1166<\/strong><br \/>(-33 for losing)\n|l|\u2606Kjfo\n","uploadtime":1700794058,"views":13,"p1id":"syllbr","p2id":"kjfo","formatid":"gen9nationaldexubers","rating":1122,"private":0,"password":""}