{"id":"gen9nationaldexubers-1989334105","p1":"aquiles meo","p2":"IncogReturns","format":"[Gen 9] National Dex Ubers","log":"|j|\u2606aquiles meo\n|j|\u2606IncogReturns\n|t:|1699837566\n|gametype|singles\n|player|p1|aquiles meo|ethan|1088\n|player|p2|IncogReturns|169|1040\n|teamsize|p1|6\n|teamsize|p2|6\n|gen|9\n|tier|[Gen 9] National Dex Ubers\n|rated|\n|rule|HP Percentage Mod: HP is shown in percentages\n|rule|Endless Battle Clause: Forcing endless battles is banned\n|rule|OHKO Clause: OHKO moves are banned\n|rule|Evasion Moves Clause: Evasion moves are banned\n|rule|Evasion Items Clause: Evasion items are banned\n|rule|Species Clause: Limit one of each Pok\u00e9mon\n|rule|Sleep Clause Mod: Limit one foe put to sleep\n|rule|Mega Rayquaza Clause: You cannot mega evolve Rayquaza\n|clearpoke\n|poke|p1|Jirachi|\n|poke|p1|Ho-Oh|\n|poke|p1|Rayquaza|\n|poke|p1|Pidgeot, M|\n|poke|p1|Lucario, M|\n|poke|p1|Luxray, M|\n|poke|p2|Xerneas-*|\n|poke|p2|Scrafty, F|\n|poke|p2|Lopunny, F|\n|poke|p2|Chandelure, F|\n|poke|p2|Cottonee, F|\n|poke|p2|Feraligatr, M|\n|teampreview\n|\n|t:|1699837571\n|start\n|switch|p1a: Jirachi|Jirachi|100\/100\n|switch|p2a: Bigger Better|Xerneas|100\/100\n|-ability|p2a: Bigger Better|Fairy Aura\n|turn|1\n|inactive|Battle timer is ON: inactive players will automatically lose when time's up. (requested by IncogReturns)\n|\n|t:|1699837578\n|-terastallize|p2a: Bigger Better|Fairy\n|move|p1a: Jirachi|Iron Head|p2a: Bigger Better\n|-supereffective|p2a: Bigger Better\n|-damage|p2a: Bigger Better|57\/100\n|move|p2a: Bigger Better|Geomancy||[still]\n|-prepare|p2a: Bigger Better|Geomancy\n|-enditem|p2a: Bigger Better|Power Herb\n|-anim|p2a: Bigger Better|Geomancy|p2a: Bigger Better\n|-boost|p2a: Bigger Better|spa|2\n|-boost|p2a: Bigger Better|spd|2\n|-boost|p2a: Bigger Better|spe|2\n|\n|upkeep\n|turn|2\n|\n|t:|1699837587\n|move|p2a: Bigger Better|Horn Leech|p1a: Jirachi\n|-resisted|p1a: Jirachi\n|-damage|p1a: Jirachi|90\/100\n|-heal|p2a: Bigger Better|61\/100|[from] drain|[of] p1a: Jirachi\n|move|p1a: Jirachi|Iron Head|p2a: Bigger Better\n|-supereffective|p2a: Bigger Better\n|-damage|p2a: Bigger Better|0 fnt\n|faint|p2a: Bigger Better\n|\n|upkeep\n|\n|t:|1699837610\n|switch|p2a: Ying|Chandelure, F|100\/100\n|turn|3\n|\n|t:|1699837616\n|move|p1a: Jirachi|Iron Head|p2a: Ying\n|-resisted|p2a: Ying\n|-damage|p2a: Ying|80\/100\n|move|p2a: Ying|Will-O-Wisp|p1a: Jirachi\n|-status|p1a: Jirachi|brn\n|\n|-heal|p2a: Ying|86\/100|[from] item: Leftovers\n|-damage|p1a: Jirachi|84\/100 brn|[from] brn\n|upkeep\n|turn|4\n|\n|t:|1699837630\n|move|p1a: Jirachi|Doom Desire|p2a: Ying\n|-start|p1a: Jirachi|Doom Desire\n|move|p2a: Ying|Hex|p1a: Jirachi\n|-supereffective|p1a: Jirachi\n|-damage|p1a: Jirachi|0 fnt\n|faint|p1a: Jirachi\n|\n|-heal|p2a: Ying|92\/100|[from] item: Leftovers\n|upkeep\n|\n|t:|1699837638\n|switch|p1a: Ho-Oh|Ho-Oh|100\/100\n|turn|5\n|\n|t:|1699837655\n|switch|p2a: Ouch|Feraligatr, M|100\/100\n|move|p1a: Ho-Oh|Ancient Power|p2a: Ouch\n|-damage|p2a: Ouch|80\/100\n|\n|upkeep\n|turn|6\n|\n|t:|1699837674\n|switch|p1a: Rayquaza|Rayquaza|100\/100\n|-ability|p1a: Rayquaza|Air Lock\n|move|p2a: Ouch|Waterfall|p1a: Rayquaza\n|-resisted|p1a: Rayquaza\n|-damage|p1a: Rayquaza|76\/100\n|\n|-end|p2a: Ouch|move: Doom Desire\n|-resisted|p2a: Ouch\n|-damage|p2a: Ouch|55\/100\n|upkeep\n|turn|7\n|\n|t:|1699837689\n|switch|p2a: Yang|Cottonee, F|100\/100\n|move|p1a: Rayquaza|Dragon Dance|p1a: Rayquaza\n|-boost|p1a: Rayquaza|atk|1\n|-boost|p1a: Rayquaza|spe|1\n|\n|upkeep\n|turn|8\n|\n|t:|1699837699\n|-terastallize|p1a: Rayquaza|Flying\n|move|p2a: Yang|Leech Seed|p1a: Rayquaza\n|-start|p1a: Rayquaza|move: Leech Seed\n|move|p1a: Rayquaza|Dragon Ascent|p2a: Yang\n|-supereffective|p2a: Yang\n|-damage|p2a: Yang|0 fnt\n|-unboost|p1a: Rayquaza|def|1\n|-unboost|p1a: Rayquaza|spd|1\n|faint|p2a: Yang\n|\n|upkeep\n|\n|t:|1699837708\n|switch|p2a: Ying|Chandelure, F|92\/100\n|turn|9\n|\n|t:|1699837720\n|move|p1a: Rayquaza|Dragon Ascent|p2a: Ying\n|-damage|p2a: Ying|0 fnt\n|-unboost|p1a: Rayquaza|def|1\n|-unboost|p1a: Rayquaza|spd|1\n|faint|p2a: Ying\n|\n|upkeep\n|\n|t:|1699837730\n|switch|p2a: & Uncut|Scrafty, F|100\/100\n|turn|10\n|\n|t:|1699837744\n|move|p1a: Rayquaza|Dragon Ascent|p2a: & Uncut\n|-supereffective|p2a: & Uncut\n|-damage|p2a: & Uncut|0 fnt\n|-unboost|p1a: Rayquaza|def|1\n|-unboost|p1a: Rayquaza|spd|1\n|faint|p2a: & Uncut\n|\n|upkeep\n|-message|IncogReturns forfeited.\n|\n|win|aquiles meo\n|raw|aquiles meo's rating: 1088 &rarr; <strong>1111<\/strong><br \/>(+23 for winning)\n|raw|IncogReturns's rating: 1040 &rarr; <strong>1026<\/strong><br \/>(-14 for losing)\n|l|\u2606IncogReturns\n","uploadtime":1699837759,"views":5,"p1id":"aquilesmeo","p2id":"incogreturns","formatid":"gen9nationaldexubers","rating":1026,"private":0,"password":""}