{"id":"gen9nationaldexubers-1998344236","p1":"Livitch","p2":"KingoftheTitans","format":"[Gen 9] National Dex Ubers","log":"|j|\u2606Livitch\n|j|\u2606KingoftheTitans\n|t:|1700931807\n|gametype|singles\n|player|p1|Livitch|grimsley-gen7|1279\n|player|p2|KingoftheTitans|101|1375\n|teamsize|p1|6\n|teamsize|p2|6\n|gen|9\n|tier|[Gen 9] National Dex Ubers\n|rated|\n|rule|HP Percentage Mod: HP is shown in percentages\n|rule|Endless Battle Clause: Forcing endless battles is banned\n|rule|OHKO Clause: OHKO moves are banned\n|rule|Evasion Moves Clause: Evasion moves are banned\n|rule|Evasion Items Clause: Evasion items are banned\n|rule|Species Clause: Limit one of each Pok\u00e9mon\n|rule|Sleep Clause Mod: Limit one foe put to sleep\n|rule|Mega Rayquaza Clause: You cannot mega evolve Rayquaza\n|clearpoke\n|poke|p1|Slowbro-Galar, M|\n|poke|p1|Wo-Chien|\n|poke|p1|Bombirdier, F|\n|poke|p1|Dudunsparce-*, M|\n|poke|p1|Pyukumuku, M|\n|poke|p1|Necrozma-Dawn-Wings|\n|poke|p2|Tornadus, M|\n|poke|p2|Basculegion, M|\n|poke|p2|Druddigon, M|\n|poke|p2|Iron Thorns|\n|poke|p2|Torterra, M|\n|poke|p2|Aggron, M|\n|teampreview\n|\n|t:|1700931813\n|start\n|switch|p1a: Slowbro|Slowbro-Galar, M, shiny|100\/100\n|switch|p2a: Torterra|Torterra, M|100\/100\n|turn|1\n|\n|t:|1700931828\n|detailschange|p1a: Slowbro|Slowbro-Mega, M, shiny\n|-mega|p1a: Slowbro|Slowbro|Slowbronite\n|move|p2a: Torterra|Shell Smash|p2a: Torterra\n|-unboost|p2a: Torterra|def|1\n|-unboost|p2a: Torterra|spd|1\n|-boost|p2a: Torterra|atk|2\n|-boost|p2a: Torterra|spa|2\n|-boost|p2a: Torterra|spe|2\n|move|p1a: Slowbro|Blizzard|p2a: Torterra\n|-supereffective|p2a: Torterra\n|-damage|p2a: Torterra|0 fnt\n|faint|p2a: Torterra\n|\n|upkeep\n|\n|t:|1700931849\n|switch|p2a: Iron Thorns|Iron Thorns|100\/100\n|-item|p2a: Iron Thorns|Air Balloon\n|turn|2\n|\n|t:|1700931857\n|move|p2a: Iron Thorns|Dragon Dance|p2a: Iron Thorns\n|-boost|p2a: Iron Thorns|atk|1\n|-boost|p2a: Iron Thorns|spe|1\n|move|p1a: Slowbro|Hydro Pump|p2a: Iron Thorns\n|-supereffective|p2a: Iron Thorns\n|-damage|p2a: Iron Thorns|0 fnt\n|-enditem|p2a: Iron Thorns|Air Balloon\n|faint|p2a: Iron Thorns\n|-end|p2a: Iron Thorns|Quark Drive|[silent]\n|\n|upkeep\n|\n|t:|1700931866\n|switch|p2a: Tornadus|Tornadus, M|100\/100\n|turn|3\n|\n|t:|1700931868\n|move|p2a: Tornadus|Hurricane|p1a: Slowbro\n|-damage|p1a: Slowbro|44\/100\n|move|p1a: Slowbro|Blizzard|p2a: Tornadus\n|-supereffective|p2a: Tornadus\n|-damage|p2a: Tornadus|0 fnt\n|faint|p2a: Tornadus\n|\n|upkeep\n|c|\u2606KingoftheTitans|BRO\n|inactive|Battle timer is ON: inactive players will automatically lose when time's up. (requested by Livitch)\n|\n|t:|1700931879\n|switch|p2a: Druddigon|Druddigon, M, shiny|100\/100\n|turn|4\n|\n|t:|1700931890\n|move|p2a: Druddigon|Dragon Claw|p1a: Slowbro\n|-damage|p1a: Slowbro|22\/100\n|move|p1a: Slowbro|Blizzard|p2a: Druddigon\n|-supereffective|p2a: Druddigon\n|-damage|p2a: Druddigon|16\/100\n|\n|upkeep\n|turn|5\n|\n|t:|1700931898\n|move|p2a: Druddigon|Dragon Claw|p1a: Slowbro\n|-damage|p1a: Slowbro|0 fnt\n|faint|p1a: Slowbro\n|\n|upkeep\n|\n|t:|1700931904\n|switch|p1a: Dudunsparce|Dudunsparce-Three-Segment, M, shiny|100\/100\n|turn|6\n|\n|t:|1700931907\n|move|p1a: Dudunsparce|Dragon Rush|p2a: Druddigon\n|-supereffective|p2a: Druddigon\n|-damage|p2a: Druddigon|0 fnt\n|-damage|p1a: Dudunsparce|88\/100|[from] ability: Rough Skin|[of] p2a: Druddigon\n|-damage|p1a: Dudunsparce|72\/100|[from] item: Rocky Helmet|[of] p2a: Druddigon\n|faint|p2a: Druddigon\n|\n|upkeep\n|\n|t:|1700931913\n|switch|p2a: Aggron|Aggron, M, shiny|100\/100\n|turn|7\n|\n|t:|1700931917\n|detailschange|p2a: Aggron|Aggron-Mega, M, shiny\n|-mega|p2a: Aggron|Aggron|Aggronite\n|move|p1a: Dudunsparce|Earthquake|p2a: Aggron\n|-supereffective|p2a: Aggron\n|-damage|p2a: Aggron|77\/100\n|move|p2a: Aggron|Body Press|p1a: Dudunsparce\n|-supereffective|p1a: Dudunsparce\n|-crit|p1a: Dudunsparce\n|-damage|p1a: Dudunsparce|0 fnt\n|faint|p1a: Dudunsparce\n|\n|upkeep\n|\n|t:|1700931925\n|switch|p1a: Wo-Chien|Wo-Chien|100\/100\n|-ability|p1a: Wo-Chien|Tablets of Ruin\n|turn|8\n|\n|t:|1700931937\n|move|p1a: Wo-Chien|Leech Seed|p2a: Aggron\n|-start|p2a: Aggron|move: Leech Seed\n|move|p2a: Aggron|Body Press|p1a: Wo-Chien\n|-supereffective|p1a: Wo-Chien\n|-damage|p1a: Wo-Chien|45\/100\n|\n|-heal|p1a: Wo-Chien|51\/100|[from] item: Leftovers\n|-damage|p2a: Aggron|65\/100|[from] Leech Seed|[of] p1a: Wo-Chien\n|-heal|p1a: Wo-Chien|62\/100|[silent]\n|upkeep\n|turn|9\n|\n|t:|1700931945\n|move|p1a: Wo-Chien|Protect|p1a: Wo-Chien\n|-singleturn|p1a: Wo-Chien|Protect\n|move|p2a: Aggron|Body Press|p1a: Wo-Chien\n|-activate|p1a: Wo-Chien|move: Protect\n|\n|-heal|p1a: Wo-Chien|68\/100|[from] item: Leftovers\n|-damage|p2a: Aggron|53\/100|[from] Leech Seed|[of] p1a: Wo-Chien\n|-heal|p1a: Wo-Chien|80\/100|[silent]\n|upkeep\n|turn|10\n|\n|t:|1700931954\n|move|p1a: Wo-Chien|Ruination|p2a: Aggron\n|-damage|p2a: Aggron|27\/100\n|move|p2a: Aggron|Body Press|p1a: Wo-Chien\n|-supereffective|p1a: Wo-Chien\n|-damage|p1a: Wo-Chien|30\/100\n|\n|-heal|p1a: Wo-Chien|36\/100|[from] item: Leftovers\n|-damage|p2a: Aggron|14\/100|[from] Leech Seed|[of] p1a: Wo-Chien\n|-heal|p1a: Wo-Chien|47\/100|[silent]\n|upkeep\n|turn|11\n|\n|t:|1700931963\n|switch|p2a: Basculegion|Basculegion, M|100\/100\n|move|p1a: Wo-Chien|Protect||[still]\n|-fail|p1a: Wo-Chien\n|\n|-heal|p1a: Wo-Chien|53\/100|[from] item: Leftovers\n|upkeep\n|turn|12\n|\n|t:|1700931972\n|move|p2a: Basculegion|Last Respects|p1a: Wo-Chien\n|-resisted|p1a: Wo-Chien\n|-damage|p1a: Wo-Chien|3\/100\n|move|p1a: Wo-Chien|Power Whip|p2a: Basculegion\n|-supereffective|p2a: Basculegion\n|-damage|p2a: Basculegion|8\/100\n|\n|-heal|p1a: Wo-Chien|9\/100|[from] item: Leftovers\n|upkeep\n|turn|13\n|\n|t:|1700931985\n|move|p2a: Basculegion|Last Respects|p1a: Wo-Chien\n|-resisted|p1a: Wo-Chien\n|-damage|p1a: Wo-Chien|0 fnt\n|faint|p1a: Wo-Chien\n|\n|upkeep\n|\n|t:|1700931989\n|switch|p1a: Bombirdier|Bombirdier, F, shiny|100\/100\n|turn|14\n|\n|t:|1700931993\n|switch|p2a: Aggron|Aggron-Mega, M, shiny|14\/100\n|move|p1a: Bombirdier|Knock Off|p2a: Aggron\n|-damage|p2a: Aggron|0 fnt\n|faint|p2a: Aggron\n|-damage|p1a: Bombirdier|91\/100|[from] item: Life Orb\n|\n|upkeep\n|\n|t:|1700931999\n|switch|p2a: Basculegion|Basculegion, M|8\/100\n|turn|15\n|c|\u2606Livitch|srry, you will lose\n|\n|t:|1700932008\n|move|p2a: Basculegion|Last Respects|p1a: Bombirdier\n|-resisted|p1a: Bombirdier\n|-damage|p1a: Bombirdier|0 fnt\n|faint|p1a: Bombirdier\n|\n|upkeep\n|c|\u2606KingoftheTitans|:(\n|\n|t:|1700932011\n|switch|p1a: Pyukumuku|Pyukumuku, M|100\/100\n|turn|16\n|\n|t:|1700932015\n|move|p2a: Basculegion|Last Respects|p1a: Pyukumuku\n|-enditem|p1a: Pyukumuku|Focus Sash\n|-damage|p1a: Pyukumuku|1\/100\n|move|p1a: Pyukumuku|Recover|p1a: Pyukumuku\n|-heal|p1a: Pyukumuku|51\/100\n|\n|upkeep\n|turn|17\n|c|\u2606KingoftheTitans|Uh...\n|\n|t:|1700932023\n|move|p2a: Basculegion|Last Respects|p1a: Pyukumuku\n|-damage|p1a: Pyukumuku|0 fnt\n|-damage|p2a: Basculegion|0 fnt|[from] ability: Innards Out|[of] p1a: Pyukumuku\n|faint|p1a: Pyukumuku\n|faint|p2a: Basculegion\n|\n|win|Livitch\n|raw|Livitch's rating: 1279 &rarr; <strong>1311<\/strong><br \/>(+32 for winning)\n|raw|KingoftheTitans's rating: 1375 &rarr; <strong>1350<\/strong><br \/>(-25 for losing)\n|c|\u2606KingoftheTitans|Oh\n|c|\u2606KingoftheTitans|Gg\n|c|\u2606Livitch|i told you\n|c|\u2606KingoftheTitans|I forgot\n","uploadtime":1700932037,"views":0,"p1id":"livitch","p2id":"kingofthetitans","formatid":"gen9nationaldexubers","rating":1311,"private":0,"password":""}