{"id":"gen9nationaldexubers-1978124356","p1":"JustMonika_CARR","p2":"idk685","format":"[Gen 9] National Dex Ubers","log":"|j|\u2606JustMonika_CARR\n|j|\u2606idk685\n|t:|1698502389\n|gametype|singles\n|player|p1|JustMonika_CARR|dawn|1366\n|player|p2|idk685|102|1324\n|teamsize|p1|6\n|teamsize|p2|6\n|gen|9\n|tier|[Gen 9] National Dex Ubers\n|rated|\n|rule|HP Percentage Mod: HP is shown in percentages\n|rule|Endless Battle Clause: Forcing endless battles is banned\n|rule|OHKO Clause: OHKO moves are banned\n|rule|Evasion Moves Clause: Evasion moves are banned\n|rule|Evasion Items Clause: Evasion items are banned\n|rule|Species Clause: Limit one of each Pok\u00e9mon\n|rule|Sleep Clause Mod: Limit one foe put to sleep\n|rule|Mega Rayquaza Clause: You cannot mega evolve Rayquaza\n|clearpoke\n|poke|p1|Marshadow|\n|poke|p1|Lopunny, F|\n|poke|p1|Dialga|\n|poke|p1|Forretress, F|\n|poke|p1|Pheromosa|\n|poke|p1|Grimmsnarl, M|\n|poke|p2|Groudon|\n|poke|p2|Zacian-*|\n|poke|p2|Kyogre|\n|poke|p2|Roaring Moon|\n|poke|p2|Mewtwo|\n|poke|p2|Marshadow|\n|teampreview\n|c|\u2606JustMonika_CARR|glhf\n|inactive|Battle timer is ON: inactive players will automatically lose when time's up. (requested by idk685)\n|\n|t:|1698502399\n|start\n|switch|p1a: Forretress|Forretress, F, shiny|100\/100\n|switch|p2a: Mewtwo|Mewtwo|100\/100\n|-ability|p2a: Mewtwo|Pressure\n|turn|1\n|\n|t:|1698502412\n|detailschange|p2a: Mewtwo|Mewtwo-Mega-Y\n|-mega|p2a: Mewtwo|Mewtwo|Mewtwonite Y\n|move|p2a: Mewtwo|Aura Sphere|p1a: Forretress\n|-damage|p1a: Forretress|41\/100\n|-enditem|p1a: Forretress|Red Card|[of] p2a: Mewtwo\n|drag|p2a: Zacian|Zacian-Crowned, shiny|100\/100\n|-ability|p2a: Zacian|Intrepid Sword|boost\n|-boost|p2a: Zacian|atk|1\n|move|p1a: Forretress|Toxic Spikes|p2a: Zacian\n|-sidestart|p2: idk685|move: Toxic Spikes\n|\n|upkeep\n|turn|2\n|\n|t:|1698502427\n|move|p2a: Zacian|Sacred Sword|p1a: Forretress\n|-damage|p1a: Forretress|13\/100\n|move|p1a: Forretress|Stealth Rock|p2a: Zacian\n|-sidestart|p2: idk685|move: Stealth Rock\n|\n|upkeep\n|turn|3\n|\n|t:|1698502434\n|switch|p1a: Marshadow|Marshadow|100\/100\n|move|p2a: Zacian|Sacred Sword|p1a: Marshadow\n|-immune|p1a: Marshadow\n|\n|upkeep\n|turn|4\n|\n|t:|1698502445\n|move|p2a: Zacian|Behemoth Blade|p1a: Marshadow\n|-enditem|p1a: Marshadow|Focus Sash\n|-damage|p1a: Marshadow|1\/100\n|move|p1a: Marshadow|Spectral Thief||[still]\n|-clearpositiveboost|p2a: Zacian|p1a: Marshadow|move: Spectral Thief\n|-boost|p1a: Marshadow|atk|1\n|-anim|p1a: Marshadow|Spectral Thief|p2a: Zacian\n|-damage|p2a: Zacian|35\/100\n|\n|upkeep\n|turn|5\n|\n|t:|1698502458\n|move|p1a: Marshadow|Shadow Sneak|p2a: Zacian\n|-damage|p2a: Zacian|0 fnt\n|faint|p2a: Zacian\n|\n|upkeep\n|\n|t:|1698502462\n|switch|p2a: Marshadow|Marshadow|100\/100\n|-status|p2a: Marshadow|psn\n|-damage|p2a: Marshadow|94\/100 psn|[from] Stealth Rock\n|turn|6\n|\n|t:|1698502467\n|move|p2a: Marshadow|Shadow Sneak|p1a: Marshadow\n|-supereffective|p1a: Marshadow\n|-damage|p1a: Marshadow|0 fnt\n|faint|p1a: Marshadow\n|\n|-damage|p2a: Marshadow|82\/100 psn|[from] psn\n|upkeep\n|\n|t:|1698502475\n|switch|p1a: Lopunny|Lopunny, F, shiny|100\/100\n|turn|7\n|\n|t:|1698502484\n|detailschange|p1a: Lopunny|Lopunny-Mega, F, shiny\n|-mega|p1a: Lopunny|Lopunny|Lopunnite\n|move|p1a: Lopunny|Fake Out|p2a: Marshadow\n|-damage|p2a: Marshadow|53\/100 psn\n|cant|p2a: Marshadow|flinch\n|\n|-damage|p2a: Marshadow|41\/100 psn|[from] psn\n|upkeep\n|turn|8\n|\n|t:|1698502493\n|move|p1a: Lopunny|Return|p2a: Marshadow\n|-damage|p2a: Marshadow|0 fnt\n|faint|p2a: Marshadow\n|\n|upkeep\n|\n|t:|1698502505\n|switch|p2a: Groudon|Groudon, shiny|100\/100\n|-status|p2a: Groudon|psn\n|-damage|p2a: Groudon|94\/100 psn|[from] Stealth Rock\n|detailschange|p2a: Groudon|Groudon-Primal, shiny\n|-primal|p2a: Groudon|Red Orb\n|-weather|DesolateLand|[from] ability: Desolate Land|[of] p2a: Groudon\n|turn|9\n|\n|t:|1698502513\n|switch|p1a: Forretress|Forretress, F, shiny|13\/100\n|move|p2a: Groudon|Heat Crash|p1a: Forretress\n|-supereffective|p1a: Forretress\n|-damage|p1a: Forretress|0 fnt\n|faint|p1a: Forretress\n|\n|-weather|DesolateLand|[upkeep]\n|-damage|p2a: Groudon|82\/100 psn|[from] psn\n|upkeep\n|\n|t:|1698502525\n|switch|p1a: Dialga|Dialga, shiny|100\/100\n|-ability|p1a: Dialga|Pressure\n|turn|10\n|\n|t:|1698502531\n|-terastallize|p1a: Dialga|Ground\n|move|p1a: Dialga|Earth Power|p2a: Groudon\n|-supereffective|p2a: Groudon\n|-damage|p2a: Groudon|0 fnt\n|faint|p2a: Groudon\n|-weather|none\n|\n|upkeep\n|\n|t:|1698502542\n|switch|p2a: Mewtwo|Mewtwo-Mega-Y|100\/100\n|-status|p2a: Mewtwo|psn\n|-damage|p2a: Mewtwo|88\/100 psn|[from] Stealth Rock\n|turn|11\n|\n|t:|1698502550\n|move|p1a: Dialga|Earth Power|p2a: Mewtwo\n|-damage|p2a: Mewtwo|39\/100 psn\n|move|p2a: Mewtwo|Grass Knot|p1a: Dialga\n|-supereffective|p1a: Dialga\n|-damage|p1a: Dialga|0 fnt\n|faint|p1a: Dialga\n|\n|-damage|p2a: Mewtwo|26\/100 psn|[from] psn\n|upkeep\n|\n|t:|1698502563\n|switch|p1a: Grimmsnarl|Grimmsnarl, M, shiny|100\/100\n|turn|12\n|\n|t:|1698502573\n|move|p1a: Grimmsnarl|Light Screen|p1a: Grimmsnarl\n|-sidestart|p1: JustMonika_CARR|move: Light Screen\n|move|p2a: Mewtwo|Aura Sphere|p1a: Grimmsnarl\n|-damage|p1a: Grimmsnarl|78\/100\n|\n|-heal|p1a: Grimmsnarl|84\/100|[from] item: Leftovers\n|-damage|p2a: Mewtwo|14\/100 psn|[from] psn\n|upkeep\n|turn|13\n|\n|t:|1698502586\n|move|p1a: Grimmsnarl|Reflect|p1a: Grimmsnarl\n|-sidestart|p1: JustMonika_CARR|Reflect\n|move|p2a: Mewtwo|Hurricane|p1a: Grimmsnarl\n|-damage|p1a: Grimmsnarl|58\/100\n|\n|-heal|p1a: Grimmsnarl|64\/100|[from] item: Leftovers\n|-damage|p2a: Mewtwo|1\/100 psn|[from] psn\n|upkeep\n|turn|14\n|\n|t:|1698502595\n|move|p2a: Mewtwo|Grass Knot|p1a: Grimmsnarl\n|-crit|p1a: Grimmsnarl\n|-damage|p1a: Grimmsnarl|5\/100\n|move|p1a: Grimmsnarl|Spirit Break|p2a: Mewtwo\n|-damage|p2a: Mewtwo|0 fnt\n|faint|p2a: Mewtwo\n|\n|-heal|p1a: Grimmsnarl|11\/100|[from] item: Leftovers\n|upkeep\n|\n|t:|1698502605\n|switch|p2a: Roaring Moon|Roaring Moon, shiny|100\/100\n|-status|p2a: Roaring Moon|psn\n|-damage|p2a: Roaring Moon|88\/100 psn|[from] Stealth Rock\n|-enditem|p2a: Roaring Moon|Booster Energy\n|-activate|p2a: Roaring Moon|ability: Protosynthesis|[fromitem]\n|-start|p2a: Roaring Moon|protosynthesisatk\n|turn|15\n|\n|t:|1698502617\n|move|p1a: Grimmsnarl|Taunt|p2a: Roaring Moon\n|-hint|Since gen 7, Dark is immune to Prankster moves.\n|-immune|p2a: Roaring Moon\n|move|p2a: Roaring Moon|Iron Head|p1a: Grimmsnarl\n|-supereffective|p1a: Grimmsnarl\n|-damage|p1a: Grimmsnarl|0 fnt\n|faint|p1a: Grimmsnarl\n|\n|-damage|p2a: Roaring Moon|75\/100 psn|[from] psn\n|upkeep\n|c|\u2606JustMonika_CARR|Oh right\n|c|\u2606JustMonika_CARR|I always forget\n|\n|t:|1698502637\n|switch|p1a: Pheromosa|Pheromosa, shiny|100\/100\n|turn|16\n|\n|t:|1698502649\n|-terastallize|p2a: Roaring Moon|Flying\n|move|p1a: Pheromosa|Bug Buzz|p2a: Roaring Moon\n|-resisted|p2a: Roaring Moon\n|-damage|p2a: Roaring Moon|49\/100 psn\n|move|p2a: Roaring Moon|Acrobatics|p1a: Pheromosa\n|-supereffective|p1a: Pheromosa\n|-enditem|p1a: Pheromosa|Focus Sash\n|-damage|p1a: Pheromosa|1\/100\n|\n|-damage|p2a: Roaring Moon|36\/100 psn|[from] psn\n|-sideend|p1: JustMonika_CARR|move: Light Screen\n|upkeep\n|turn|17\n|\n|t:|1698502663\n|move|p1a: Pheromosa|Ice Beam|p2a: Roaring Moon\n|-supereffective|p2a: Roaring Moon\n|-damage|p2a: Roaring Moon|0 fnt\n|faint|p2a: Roaring Moon\n|-end|p2a: Roaring Moon|Protosynthesis|[silent]\n|-ability|p1a: Pheromosa|Beast Boost|boost\n|-boost|p1a: Pheromosa|spa|1\n|\n|-sideend|p1: JustMonika_CARR|Reflect\n|upkeep\n|\n|t:|1698502670\n|switch|p2a: Kyogre|Kyogre|100\/100\n|-status|p2a: Kyogre|psn\n|-damage|p2a: Kyogre|88\/100 psn|[from] Stealth Rock\n|-weather|RainDance|[from] ability: Drizzle|[of] p2a: Kyogre\n|turn|18\n|\n|t:|1698502677\n|move|p2a: Kyogre|Water Spout|p1a: Pheromosa\n|-crit|p1a: Pheromosa\n|-damage|p1a: Pheromosa|0 fnt\n|faint|p1a: Pheromosa\n|\n|-weather|RainDance|[upkeep]\n|-damage|p2a: Kyogre|76\/100 psn|[from] psn\n|upkeep\n|c|\u2606JustMonika_CARR|Oops\n|\n|t:|1698502685\n|switch|p1a: Lopunny|Lopunny-Mega, F, shiny|100\/100\n|turn|19\n|\n|t:|1698502689\n|move|p1a: Lopunny|Fake Out|p2a: Kyogre\n|-damage|p2a: Kyogre|54\/100 psn\n|cant|p2a: Kyogre|flinch\n|\n|-weather|RainDance|[upkeep]\n|-damage|p2a: Kyogre|42\/100 psn|[from] psn\n|upkeep\n|turn|20\n|c|\u2606JustMonika_CARR|Guess I lose\n|c|\u2606JustMonika_CARR|gg\n|\n|t:|1698502706\n|move|p2a: Kyogre|Water Spout|p1a: Lopunny\n|-damage|p1a: Lopunny|30\/100\n|move|p1a: Lopunny|Return|p2a: Kyogre\n|-damage|p2a: Kyogre|0 fnt\n|faint|p2a: Kyogre\n|\n|win|JustMonika_CARR\n|raw|JustMonika_CARR's rating: 1366 &rarr; <strong>1384<\/strong><br \/>(+18 for winning)\n|raw|idk685's rating: 1324 &rarr; <strong>1306<\/strong><br \/>(-18 for losing)\n|c|\u2606JustMonika_CARR|...or not?\n|l|\u2606idk685\n","uploadtime":1698502728,"views":8,"p1id":"justmonikacarr","p2id":"idk685","formatid":"gen9nationaldexubers","rating":1306,"private":0,"password":""}