{"id":"gen9nationaldexubers-1990106120","p1":"zooz da denn","p2":"C0ld as Ice","format":"[Gen 9] National Dex Ubers","log":"|j|\u2606zooz da denn\n|j|\u2606C0ld as Ice\n|t:|1699925165\n|gametype|singles\n|player|p1|zooz da denn|102|1655\n|player|p2|C0ld as Ice|170|1880\n|teamsize|p1|6\n|teamsize|p2|6\n|gen|9\n|tier|[Gen 9] National Dex Ubers\n|rated|\n|rule|HP Percentage Mod: HP is shown in percentages\n|rule|Endless Battle Clause: Forcing endless battles is banned\n|rule|OHKO Clause: OHKO moves are banned\n|rule|Evasion Moves Clause: Evasion moves are banned\n|rule|Evasion Items Clause: Evasion items are banned\n|rule|Species Clause: Limit one of each Pok\u00e9mon\n|rule|Sleep Clause Mod: Limit one foe put to sleep\n|rule|Mega Rayquaza Clause: You cannot mega evolve Rayquaza\n|clearpoke\n|poke|p1|Rayquaza|\n|poke|p1|Diancie|\n|poke|p1|Groudon|\n|poke|p1|Arceus|\n|poke|p1|Necrozma-Dusk-Mane|\n|poke|p1|Marshadow|\n|poke|p2|Chien-Pao|\n|poke|p2|Necrozma-Dusk-Mane|\n|poke|p2|Ho-Oh|\n|poke|p2|Lunala|\n|poke|p2|Groudon, L99|\n|poke|p2|Arceus-Water|\n|teampreview\n|inactive|Battle timer is ON: inactive players will automatically lose when time's up. (requested by zooz da denn)\n|\n|t:|1699925188\n|start\n|switch|p1a: Diancie|Diancie, shiny|100\/100\n|switch|p2a: Arceus|Arceus-Water|100\/100\n|turn|1\n|\n|t:|1699925203\n|switch|p1a: Necrozma|Necrozma-Dusk-Mane|100\/100\n|move|p2a: Arceus|Toxic|p1a: Necrozma\n|-immune|p1a: Necrozma\n|\n|upkeep\n|turn|2\n|l|\u2606zooz da denn\n|inactive|zooz da denn disconnected and has a minute to reconnect!\n|player|p1|\n|j|\u2606zooz da denn\n|inactive|zooz da denn reconnected and has 145 seconds left.\n|player|p1|zooz da denn|102\n|\n|t:|1699925221\n|move|p2a: Arceus|Taunt|p1a: Necrozma\n|-start|p1a: Necrozma|move: Taunt\n|move|p1a: Necrozma|Power Gem|p2a: Arceus\n|-damage|p2a: Arceus|82\/100\n|\n|upkeep\n|turn|3\n|\n|t:|1699925233\n|move|p2a: Arceus|Toxic|p1a: Necrozma\n|-immune|p1a: Necrozma\n|move|p1a: Necrozma|Photon Geyser|p2a: Arceus\n|-damage|p2a: Arceus|52\/100\n|\n|upkeep\n|turn|4\n|\n|t:|1699925241\n|move|p2a: Arceus|Recover|p2a: Arceus\n|-heal|p2a: Arceus|100\/100\n|move|p1a: Necrozma|Earth Power|p2a: Arceus\n|-damage|p2a: Arceus|83\/100\n|-unboost|p2a: Arceus|spd|1\n|\n|-end|p1a: Necrozma|move: Taunt\n|upkeep\n|turn|5\n|\n|t:|1699925254\n|switch|p2a: Necrozma|Necrozma-Dusk-Mane, shiny|100\/100\n|move|p1a: Necrozma|Power Gem|p2a: Necrozma\n|-resisted|p2a: Necrozma\n|-damage|p2a: Necrozma|93\/100\n|\n|upkeep\n|turn|6\n|l|\u2606zooz da denn\n|inactive|zooz da denn disconnected and has a minute to reconnect!\n|player|p1|\n|j|\u2606zooz da denn\n|inactive|zooz da denn reconnected and has 125 seconds left.\n|player|p1|zooz da denn|102\n|inactive|zooz da denn has 120 seconds left.\n|\n|t:|1699925286\n|switch|p2a: Ho-Oh|Ho-Oh, shiny|100\/100\n|detailschange|p1a: Necrozma|Necrozma-Ultra\n|-burst|p1a: Necrozma|Necrozma|Ultranecrozium Z\n|move|p1a: Necrozma|Earth Power|p2a: Ho-Oh\n|-immune|p2a: Ho-Oh\n|\n|upkeep\n|turn|7\n|\n|t:|1699925307\n|-terastallize|p2a: Ho-Oh|Grass\n|move|p1a: Necrozma|Calm Mind|p1a: Necrozma\n|-boost|p1a: Necrozma|spa|1\n|-boost|p1a: Necrozma|spd|1\n|move|p2a: Ho-Oh|Brave Bird|p1a: Necrozma\n|-damage|p1a: Necrozma|10\/100\n|-damage|p2a: Ho-Oh|76\/100|[from] Recoil\n|\n|upkeep\n|turn|8\n|\n|t:|1699925318\n|switch|p2a: Chien-Pao|Chien-Pao|100\/100\n|-ability|p2a: Chien-Pao|Sword of Ruin\n|-zpower|p1a: Necrozma\n|move|p1a: Necrozma|Light That Burns the Sky|p2a: Chien-Pao|[zeffect]\n|-immune|p2a: Chien-Pao\n|\n|upkeep\n|turn|9\n|inactive|zooz da denn has 120 seconds left.\n|\n|t:|1699925334\n|switch|p1a: Diancie|Diancie, shiny|100\/100\n|move|p2a: Chien-Pao|Ice Shard|p1a: Diancie\n|-crit|p1a: Diancie\n|-damage|p1a: Diancie|40\/100\n|\n|upkeep\n|turn|10\n|\n|t:|1699925353\n|switch|p2a: Arceus|Arceus-Water|83\/100\n|detailschange|p1a: Diancie|Diancie-Mega, shiny\n|-mega|p1a: Diancie|Diancie|Diancite\n|move|p1a: Diancie|Stealth Rock|p2a: Arceus\n|-sidestart|p2: C0ld as Ice|move: Stealth Rock\n|\n|upkeep\n|turn|11\n|\n|t:|1699925360\n|move|p2a: Arceus|Judgment|p1a: Diancie\n|-supereffective|p1a: Diancie\n|-damage|p1a: Diancie|0 fnt\n|faint|p1a: Diancie\n|\n|upkeep\n|\n|t:|1699925366\n|switch|p1a: Rayquaza|Rayquaza, shiny|100\/100\n|-ability|p1a: Rayquaza|Air Lock\n|turn|12\n|\n|t:|1699925373\n|switch|p1a: Groudon|Groudon, shiny|100\/100\n|detailschange|p1a: Groudon|Groudon-Primal, shiny\n|-primal|p1a: Groudon|Red Orb\n|-weather|DesolateLand|[from] ability: Desolate Land|[of] p1a: Groudon\n|move|p2a: Arceus|Toxic|p1a: Groudon\n|-status|p1a: Groudon|tox\n|\n|-weather|DesolateLand|[upkeep]\n|-damage|p1a: Groudon|94\/100 tox|[from] psn\n|upkeep\n|turn|13\n|\n|t:|1699925382\n|switch|p2a: Lunala|Lunala, shiny|100\/100\n|move|p1a: Groudon|Swords Dance|p1a: Groudon\n|-boost|p1a: Groudon|atk|2\n|\n|-weather|DesolateLand|[upkeep]\n|-damage|p1a: Groudon|82\/100 tox|[from] psn\n|upkeep\n|turn|14\n|\n|t:|1699925390\n|move|p2a: Lunala|Defog|p1a: Groudon\n|-unboost|p1a: Groudon|evasion|1\n|-sideend|p2: C0ld as Ice|Stealth Rock|[from] move: Defog|[of] p2a: Lunala\n|move|p1a: Groudon|Precipice Blades|p2a: Lunala\n|-damage|p2a: Lunala|40\/100\n|\n|-weather|DesolateLand|[upkeep]\n|-damage|p1a: Groudon|64\/100 tox|[from] psn\n|upkeep\n|turn|15\n|\n|t:|1699925400\n|move|p2a: Lunala|Moonlight|p2a: Lunala\n|-heal|p2a: Lunala|100\/100\n|move|p1a: Groudon|Stone Edge|p2a: Lunala\n|-damage|p2a: Lunala|68\/100\n|\n|-weather|DesolateLand|[upkeep]\n|-damage|p1a: Groudon|40\/100 tox|[from] psn\n|upkeep\n|turn|16\n|\n|t:|1699925408\n|-weather|none\n|switch|p1a: Rayquaza|Rayquaza, shiny|100\/100\n|-ability|p1a: Rayquaza|Air Lock\n|move|p2a: Lunala|Moonlight|p2a: Lunala\n|-heal|p2a: Lunala|100\/100\n|\n|upkeep\n|turn|17\n|\n|t:|1699925416\n|move|p2a: Lunala|Will-O-Wisp|p1a: Rayquaza\n|-status|p1a: Rayquaza|brn\n|move|p1a: Rayquaza|Toxic|p2a: Lunala\n|-status|p2a: Lunala|tox\n|\n|-damage|p2a: Lunala|94\/100 tox|[from] psn\n|-damage|p1a: Rayquaza|95\/100 brn|[from] brn\n|upkeep\n|turn|18\n|\n|t:|1699925427\n|move|p2a: Lunala|Will-O-Wisp|p1a: Rayquaza\n|-fail|p1a: Rayquaza|brn\n|move|p1a: Rayquaza|Dragon Ascent|p2a: Lunala\n|-damage|p2a: Lunala|70\/100 tox\n|-unboost|p1a: Rayquaza|def|1\n|-unboost|p1a: Rayquaza|spd|1\n|\n|-damage|p2a: Lunala|58\/100 tox|[from] psn\n|-damage|p1a: Rayquaza|89\/100 brn|[from] brn\n|upkeep\n|turn|19\n|\n|t:|1699925450\n|move|p2a: Lunala|Moonlight|p2a: Lunala\n|-heal|p2a: Lunala|100\/100 tox\n|move|p1a: Rayquaza|Draco Meteor|p2a: Lunala\n|-damage|p2a: Lunala|75\/100 tox\n|-unboost|p1a: Rayquaza|spa|2\n|\n|-damage|p2a: Lunala|57\/100 tox|[from] psn\n|-damage|p1a: Rayquaza|83\/100 brn|[from] brn\n|upkeep\n|turn|20\n|\n|t:|1699925460\n|switch|p1a: Arceus|Arceus, shiny|100\/100\n|move|p2a: Lunala|Moonlight|p2a: Lunala\n|-heal|p2a: Lunala|100\/100 tox\n|\n|-damage|p2a: Lunala|76\/100 tox|[from] psn\n|upkeep\n|turn|21\n|\n|t:|1699925475\n|switch|p2a: Ho-Oh|Ho-Oh, shiny, tera:Grass|100\/100\n|move|p1a: Arceus|Taunt|p2a: Ho-Oh\n|-start|p2a: Ho-Oh|move: Taunt\n|\n|upkeep\n|turn|22\n|\n|t:|1699925482\n|switch|p1a: Rayquaza|Rayquaza, shiny|83\/100 brn\n|-ability|p1a: Rayquaza|Air Lock\n|move|p2a: Ho-Oh|Sacred Fire|p1a: Rayquaza\n|-resisted|p1a: Rayquaza\n|-damage|p1a: Rayquaza|43\/100 brn\n|\n|-damage|p1a: Rayquaza|37\/100 brn|[from] brn\n|upkeep\n|turn|23\n|\n|t:|1699925495\n|switch|p1a: Arceus|Arceus, shiny|100\/100\n|switch|p2a: Groudon|Groudon, L99, shiny|100\/100\n|detailschange|p2a: Groudon|Groudon-Primal, L99, shiny\n|-primal|p2a: Groudon|Red Orb\n|-weather|DesolateLand|[from] ability: Desolate Land|[of] p2a: Groudon\n|\n|-weather|DesolateLand|[upkeep]\n|upkeep\n|turn|24\n|\n|t:|1699925512\n|switch|p1a: Rayquaza|Rayquaza, shiny|37\/100 brn\n|-ability|p1a: Rayquaza|Air Lock\n|move|p2a: Groudon|Dragon Tail|p1a: Rayquaza\n|-supereffective|p1a: Rayquaza\n|-crit|p1a: Rayquaza\n|-damage|p1a: Rayquaza|0 fnt\n|faint|p1a: Rayquaza\n|\n|-weather|DesolateLand|[upkeep]\n|upkeep\n|\n|t:|1699925521\n|switch|p1a: Groudon|Groudon-Primal, shiny|40\/100 tox\n|turn|25\n|\n|t:|1699925526\n|move|p1a: Groudon|Stone Edge|p2a: Groudon\n|-damage|p2a: Groudon|77\/100\n|move|p2a: Groudon|Spikes|p1a: Groudon\n|-sidestart|p1: zooz da denn|Spikes\n|\n|-weather|DesolateLand|[upkeep]\n|-damage|p1a: Groudon|34\/100 tox|[from] psn\n|upkeep\n|turn|26\n|\n|t:|1699925534\n|switch|p2a: Lunala|Lunala, shiny|76\/100 tox\n|move|p1a: Groudon|Precipice Blades|p2a: Lunala|[miss]\n|-miss|p1a: Groudon|p2a: Lunala\n|\n|-weather|DesolateLand|[upkeep]\n|-damage|p2a: Lunala|70\/100 tox|[from] psn\n|-damage|p1a: Groudon|22\/100 tox|[from] psn\n|upkeep\n|turn|27\n|-message|zooz da denn forfeited.\n|\n|win|C0ld as Ice\n|raw|zooz da denn's rating: 1655 &rarr; <strong>1647<\/strong><br \/>(-8 for losing)\n|raw|C0ld as Ice's rating: 1887 &rarr; <strong>1895<\/strong><br \/>(+8 for winning)\n|l|\u2606zooz da denn\n","uploadtime":1699925563,"views":9,"p1id":"zoozdadenn","p2id":"c0ldasice","formatid":"gen9nationaldexubers","rating":1647,"private":0,"password":""}