{"id":"gen9nationaldexubers-1978624581","p1":"guvv11wanhao","p2":"700club","format":"[Gen 9] National Dex Ubers","log":"|j|\u2606guvv11wanhao\n|j|\u2606700club\n|t:|1698569344\n|gametype|singles\n|player|p1|guvv11wanhao|marnie|1269\n|player|p2|700club|shadowtriad|1217\n|teamsize|p1|6\n|teamsize|p2|6\n|gen|9\n|tier|[Gen 9] National Dex Ubers\n|rated|\n|rule|HP Percentage Mod: HP is shown in percentages\n|rule|Endless Battle Clause: Forcing endless battles is banned\n|rule|OHKO Clause: OHKO moves are banned\n|rule|Evasion Moves Clause: Evasion moves are banned\n|rule|Evasion Items Clause: Evasion items are banned\n|rule|Species Clause: Limit one of each Pok\u00e9mon\n|rule|Sleep Clause Mod: Limit one foe put to sleep\n|rule|Mega Rayquaza Clause: You cannot mega evolve Rayquaza\n|clearpoke\n|poke|p1|Arceus-Dragon|\n|poke|p1|Dialga|\n|poke|p1|Palkia|\n|poke|p1|Zacian-*|\n|poke|p1|Zamazenta-*|\n|poke|p1|Dedenne, M|\n|poke|p2|Liepard, M|\n|poke|p2|Ho-Oh|\n|poke|p2|Gholdengo|\n|poke|p2|Arceus|\n|poke|p2|Rabsca, M|\n|poke|p2|Clodsire, M|\n|teampreview\n|c|\u2606700club|hi\n|inactive|Battle timer is ON: inactive players will automatically lose when time's up. (requested by guvv11wanhao)\n|\n|t:|1698569379\n|start\n|switch|p1a: \u963f\u5c14\u5b99\u65af&|Arceus-Dragon|100\/100\n|switch|p2a: Liepard|Liepard, M|100\/100\n|turn|1\n|\n|t:|1698569397\n|move|p2a: Liepard|Sunny Day|p2a: Liepard\n|-weather|SunnyDay\n|move|p1a: \u963f\u5c14\u5b99\u65af&|Judgment|p2a: Liepard\n|-damage|p2a: Liepard|0 fnt\n|faint|p2a: Liepard\n|\n|-weather|SunnyDay|[upkeep]\n|upkeep\n|inactive|700club has 120 seconds left.\n|\n|t:|1698569424\n|switch|p2a: Arceus|Arceus|100\/100\n|turn|2\n|inactive|700club has 120 seconds left.\n|\n|t:|1698569434\n|-terastallize|p1a: \u963f\u5c14\u5b99\u65af&|Dragon\n|move|p2a: Arceus|Ice Beam|p1a: \u963f\u5c14\u5b99\u65af&\n|-supereffective|p1a: \u963f\u5c14\u5b99\u65af&\n|-damage|p1a: \u963f\u5c14\u5b99\u65af&|60\/100\n|-damage|p2a: Arceus|91\/100|[from] item: Life Orb\n|move|p1a: \u963f\u5c14\u5b99\u65af&|Draco Meteor|p2a: Arceus\n|-damage|p2a: Arceus|0 fnt\n|-unboost|p1a: \u963f\u5c14\u5b99\u65af&|spa|2\n|faint|p2a: Arceus\n|\n|-weather|SunnyDay|[upkeep]\n|upkeep\n|inactive|700club has 120 seconds left.\n|\n|t:|1698569455\n|switch|p2a: Ho-Oh|Ho-Oh|100\/100\n|turn|3\n|\n|t:|1698569462\n|switch|p1a: \u549a\u549a\u9f20gx|Dedenne, M|100\/100\n|-terastallize|p2a: Ho-Oh|Fire\n|move|p2a: Ho-Oh|Sacred Fire|p1a: \u549a\u549a\u9f20gx\n|-damage|p1a: \u549a\u549a\u9f20gx|0 fnt\n|faint|p1a: \u549a\u549a\u9f20gx\n|\n|-weather|SunnyDay|[upkeep]\n|upkeep\n|\n|t:|1698569477\n|switch|p1a: \u963f\u5c14\u5b99\u65af&|Arceus-Dragon, tera:Dragon|60\/100\n|turn|4\n|\n|t:|1698569480\n|move|p2a: Ho-Oh|Sacred Fire|p1a: \u963f\u5c14\u5b99\u65af&\n|-resisted|p1a: \u963f\u5c14\u5b99\u65af&\n|-damage|p1a: \u963f\u5c14\u5b99\u65af&|7\/100\n|-status|p1a: \u963f\u5c14\u5b99\u65af&|brn\n|move|p1a: \u963f\u5c14\u5b99\u65af&|Draco Meteor|p2a: Ho-Oh\n|-damage|p2a: Ho-Oh|24\/100\n|-unboost|p1a: \u963f\u5c14\u5b99\u65af&|spa|2\n|\n|-weather|SunnyDay|[upkeep]\n|-damage|p1a: \u963f\u5c14\u5b99\u65af&|1\/100 brn|[from] brn\n|upkeep\n|turn|5\n|\n|t:|1698569494\n|switch|p1a: \u5e15\u8def\u5947\u4e9agx|Palkia|100\/100\n|move|p2a: Ho-Oh|Sacred Fire|p1a: \u5e15\u8def\u5947\u4e9agx\n|-resisted|p1a: \u5e15\u8def\u5947\u4e9agx\n|-damage|p1a: \u5e15\u8def\u5947\u4e9agx|53\/100\n|\n|-weather|SunnyDay|[upkeep]\n|upkeep\n|turn|6\n|\n|t:|1698569502\n|move|p1a: \u5e15\u8def\u5947\u4e9agx|Surf|p2a: Ho-Oh\n|-supereffective|p2a: Ho-Oh\n|-crit|p2a: Ho-Oh\n|-damage|p2a: Ho-Oh|0 fnt\n|faint|p2a: Ho-Oh\n|\n|-weather|SunnyDay|[upkeep]\n|upkeep\n|inactive|700club has 120 seconds left.\n|\n|t:|1698569530\n|switch|p2a: Gholdengo|Gholdengo|100\/100\n|-item|p2a: Gholdengo|Air Balloon\n|turn|7\n|\n|t:|1698569541\n|switch|p1a: \u963f\u5c14\u5b99\u65af&|Arceus-Dragon, tera:Dragon|1\/100 brn\n|move|p2a: Gholdengo|Shadow Ball|p1a: \u963f\u5c14\u5b99\u65af&\n|-damage|p1a: \u963f\u5c14\u5b99\u65af&|0 fnt\n|faint|p1a: \u963f\u5c14\u5b99\u65af&\n|\n|-weather|SunnyDay|[upkeep]\n|upkeep\n|\n|t:|1698569547\n|switch|p1a: \u85cf\u739b\u7136\u7279v|Zamazenta-Crowned|100\/100\n|-ability|p1a: \u85cf\u739b\u7136\u7279v|Dauntless Shield|boost\n|-boost|p1a: \u85cf\u739b\u7136\u7279v|def|1\n|turn|8\n|inactive|700club has 120 seconds left.\n|\n|t:|1698569570\n|move|p1a: \u85cf\u739b\u7136\u7279v|Metal Burst||[still]\n|-fail|p1a: \u85cf\u739b\u7136\u7279v\n|move|p2a: Gholdengo|Shadow Ball|p1a: \u85cf\u739b\u7136\u7279v\n|-damage|p1a: \u85cf\u739b\u7136\u7279v|68\/100\n|\n|-weather|none\n|upkeep\n|turn|9\n|\n|t:|1698569579\n|move|p1a: \u85cf\u739b\u7136\u7279v|Behemoth Bash|p2a: Gholdengo\n|-resisted|p2a: Gholdengo\n|-damage|p2a: Gholdengo|83\/100\n|-enditem|p2a: Gholdengo|Air Balloon\n|move|p2a: Gholdengo|Shadow Ball|p1a: \u85cf\u739b\u7136\u7279v\n|-damage|p1a: \u85cf\u739b\u7136\u7279v|38\/100\n|\n|upkeep\n|turn|10\n|inactive|700club has 120 seconds left.\n|j| masturch33f420\n|inactive|700club has 90 seconds left.\n|c|\u2606700club|whut\n|\n|t:|1698569624\n|switch|p1a: \u82cd\u54cdv|Zacian-Crowned|100\/100\n|-ability|p1a: \u82cd\u54cdv|Intrepid Sword|boost\n|-boost|p1a: \u82cd\u54cdv|atk|1\n|move|p2a: Gholdengo|Shadow Ball|p1a: \u82cd\u54cdv\n|-damage|p1a: \u82cd\u54cdv|56\/100\n|-unboost|p1a: \u82cd\u54cdv|spd|1\n|\n|upkeep\n|turn|11\n|c| masturch33f420|how do i say zamazenta is unviable in nd ubers\n|c| masturch33f420|but in chinese\n|c| masturch33f420|its just not good bro\n|c|\u2606700club|idk lol\n|c|\u2606guvv11wanhao|=0\n|c| masturch33f420|tian an men guang chang yi jiu ba jiu nian\n|c|\u2606700club|lol\n|c| masturch33f420|winnie the pooh\n|\n|t:|1698569654\n|move|p1a: \u82cd\u54cdv|Wild Charge|p2a: Gholdengo\n|-damage|p2a: Gholdengo|34\/100\n|-damage|p1a: \u82cd\u54cdv|42\/100|[from] Recoil\n|move|p2a: Gholdengo|Shadow Ball|p1a: \u82cd\u54cdv\n|-damage|p1a: \u82cd\u54cdv|0 fnt\n|faint|p1a: \u82cd\u54cdv\n|\n|upkeep\n|\n|t:|1698569665\n|switch|p1a: \u5e1d\u7259\u5362\u5361&|Dialga|100\/100\n|turn|12\n|c| masturch33f420|free tibet\n|c|\u2606700club|still better that my team to be honest\n|c| masturch33f420|get a real team\n|c| masturch33f420|revivecats is an AG strat\n|c|\u2606700club|than\n|inactive|700club has 60 seconds left.\n|c|\u2606700club|that's not revive cat\n|inactive|700club has 30 seconds left.\n|c|\u2606700club|just some experimental s.h.i.t\n|c| masturch33f420|https:\/\/pokepast.es\/1d2235a732a047e3\n|c| masturch33f420|my team\n|inactive|700club has 20 seconds left.\n|c| masturch33f420|that i stole\n|inactive|700club has 15 seconds left.\n|\n|t:|1698569733\n|-zpower|p1a: \u5e1d\u7259\u5362\u5361&\n|move|p1a: \u5e1d\u7259\u5362\u5361&|Inferno Overdrive|p2a: Gholdengo|[zeffect]\n|-supereffective|p2a: Gholdengo\n|-damage|p2a: Gholdengo|0 fnt\n|faint|p2a: Gholdengo\n|\n|upkeep\n|inactive|700club has 20 seconds left this turn.\n|c|\u2606700club|lol thx\n|inactive|700club has 15 seconds left.\n|c| masturch33f420|z move dialga\n|inactive|700club has 10 seconds left.\n|c| masturch33f420|anotha agency classic!?\n|c|\u2606700club|good steal\n|inactive|700club has 5 seconds left.\n|l| masturch33f420\n|c|\u2606700club|-th\n|-message|700club lost due to inactivity.\n|\n|win|guvv11wanhao\n|raw|guvv11wanhao's rating: 1269 &rarr; <strong>1290<\/strong><br \/>(+21 for winning)\n|raw|700club's rating: 1217 &rarr; <strong>1196<\/strong><br \/>(-21 for losing)\n|c|\u2606700club|sorry chinese m8\n|c|\u2606700club|i talk too much\n","uploadtime":1698569778,"views":17,"p1id":"guvv11wanhao","p2id":"700club","formatid":"gen9nationaldexubers","rating":1196,"private":0,"password":""}