{"id":"gen9nationaldexubers-1977819766","p1":"KINGKRICH","p2":"thiagxoo","format":"[Gen 9] National Dex Ubers","log":"|j|\u2606KINGKRICH\n|j|\u2606thiagxoo\n|t:|1698453543\n|gametype|singles\n|player|p1|KINGKRICH|buck|1056\n|player|p2|thiagxoo|2|1000\n|teamsize|p1|6\n|teamsize|p2|6\n|gen|9\n|tier|[Gen 9] National Dex Ubers\n|rated|\n|rule|HP Percentage Mod: HP is shown in percentages\n|rule|Endless Battle Clause: Forcing endless battles is banned\n|rule|OHKO Clause: OHKO moves are banned\n|rule|Evasion Moves Clause: Evasion moves are banned\n|rule|Evasion Items Clause: Evasion items are banned\n|rule|Species Clause: Limit one of each Pok\u00e9mon\n|rule|Sleep Clause Mod: Limit one foe put to sleep\n|rule|Mega Rayquaza Clause: You cannot mega evolve Rayquaza\n|clearpoke\n|poke|p1|Charizard, M|\n|poke|p1|Chandelure, F|\n|poke|p1|Talonflame, M|\n|poke|p1|Greninja-*, M|\n|poke|p1|Rapidash, M|\n|poke|p1|Incineroar, M|\n|poke|p2|Ferrothorn, M|\n|poke|p2|Hydreigon, F|\n|poke|p2|Xerneas-*|\n|poke|p2|Slowbro-Galar, M|\n|poke|p2|Gengar, M|\n|poke|p2|Aerodactyl, M|\n|teampreview\n|\n|t:|1698453547\n|start\n|switch|p1a: Greninja|Greninja, M|100\/100\n|switch|p2a: Ferrothorn|Ferrothorn, M|100\/100\n|turn|1\n|\n|t:|1698453555\n|move|p1a: Greninja|Dark Pulse|p2a: Ferrothorn\n|-start|p1a: Greninja|typechange|Dark|[from] ability: Protean\n|-crit|p2a: Ferrothorn\n|-damage|p2a: Ferrothorn|53\/100\n|move|p2a: Ferrothorn|Stealth Rock|p1a: Greninja\n|-sidestart|p1: KINGKRICH|move: Stealth Rock\n|\n|upkeep\n|turn|2\n|\n|t:|1698453563\n|move|p1a: Greninja|Dark Pulse|p2a: Ferrothorn\n|-damage|p2a: Ferrothorn|20\/100\n|move|p2a: Ferrothorn|Giga Drain|p1a: Greninja\n|-damage|p1a: Greninja|77\/100\n|-heal|p2a: Ferrothorn|30\/100|[from] drain|[of] p1a: Greninja\n|\n|upkeep\n|turn|3\n|\n|t:|1698453578\n|switch|p2a: Gengar|Gengar, M|100\/100\n|move|p1a: Greninja|Dark Pulse|p2a: Gengar\n|-supereffective|p2a: Gengar\n|-damage|p2a: Gengar|0 fnt\n|faint|p2a: Gengar\n|\n|upkeep\n|\n|t:|1698453592\n|switch|p2a: Hydreigon|Hydreigon, F|100\/100\n|turn|4\n|\n|t:|1698453598\n|move|p1a: Greninja|Gunk Shot|p2a: Hydreigon\n|-damage|p2a: Hydreigon|69\/100\n|move|p2a: Hydreigon|U-turn|p1a: Greninja\n|-supereffective|p1a: Greninja\n|-damage|p1a: Greninja|18\/100\n|\n|t:|1698453604\n|switch|p2a: Xerneas|Xerneas|100\/100|[from] U-turn\n|-ability|p2a: Xerneas|Fairy Aura\n|\n|upkeep\n|turn|5\n|\n|t:|1698453625\n|move|p1a: Greninja|Gunk Shot|p2a: Xerneas\n|-supereffective|p2a: Xerneas\n|-damage|p2a: Xerneas|53\/100\n|move|p2a: Xerneas|Moonblast|p1a: Greninja\n|-supereffective|p1a: Greninja\n|-damage|p1a: Greninja|0 fnt\n|faint|p1a: Greninja\n|-damage|p2a: Xerneas|43\/100|[from] item: Life Orb\n|\n|upkeep\n|\n|t:|1698453633\n|switch|p1a: Talonflame|Talonflame, M|100\/100\n|turn|6\n|\n|t:|1698453643\n|switch|p2a: Aerodactyl|Aerodactyl, M|100\/100\n|move|p1a: Talonflame|Defog|p2a: Aerodactyl\n|-unboost|p2a: Aerodactyl|evasion|1\n|-sideend|p1: KINGKRICH|Stealth Rock|[from] move: Defog|[of] p1a: Talonflame\n|\n|upkeep\n|turn|7\n|\n|t:|1698453663\n|detailschange|p2a: Aerodactyl|Aerodactyl-Mega, M\n|-mega|p2a: Aerodactyl|Aerodactyl|Aerodactylite\n|move|p2a: Aerodactyl|Stone Edge|p1a: Talonflame\n|-supereffective|p1a: Talonflame\n|-damage|p1a: Talonflame|0 fnt\n|faint|p1a: Talonflame\n|\n|upkeep\n|\n|t:|1698453669\n|switch|p1a: Incineroar|Incineroar, M|100\/100\n|-ability|p1a: Incineroar|Intimidate|boost\n|-unboost|p2a: Aerodactyl|atk|1\n|turn|8\n|\n|t:|1698453674\n|move|p1a: Incineroar|Fake Out|p2a: Aerodactyl\n|-resisted|p2a: Aerodactyl\n|-damage|p2a: Aerodactyl|92\/100\n|cant|p2a: Aerodactyl|flinch\n|\n|upkeep\n|turn|9\n|\n|t:|1698453684\n|move|p2a: Aerodactyl|Stone Edge|p1a: Incineroar|[miss]\n|-miss|p2a: Aerodactyl|p1a: Incineroar\n|move|p1a: Incineroar|Cross Chop|p2a: Aerodactyl\n|-damage|p2a: Aerodactyl|50\/100\n|\n|upkeep\n|turn|10\n|\n|t:|1698453702\n|switch|p2a: Slowbro|Slowbro-Galar, M|100\/100\n|move|p1a: Incineroar|Darkest Lariat|p2a: Slowbro\n|-supereffective|p2a: Slowbro\n|-damage|p2a: Slowbro|44\/100\n|\n|-heal|p2a: Slowbro|50\/100|[from] item: Black Sludge\n|upkeep\n|turn|11\n|\n|t:|1698453713\n|move|p1a: Incineroar|Darkest Lariat|p2a: Slowbro\n|-supereffective|p2a: Slowbro\n|-damage|p2a: Slowbro|0 fnt\n|faint|p2a: Slowbro\n|\n|upkeep\n|\n|t:|1698453729\n|switch|p2a: Xerneas|Xerneas|43\/100\n|-ability|p2a: Xerneas|Fairy Aura\n|turn|12\n|\n|t:|1698453750\n|move|p2a: Xerneas|Moonblast|p1a: Incineroar\n|-damage|p1a: Incineroar|21\/100\n|-unboost|p1a: Incineroar|spa|1\n|-damage|p2a: Xerneas|33\/100|[from] item: Life Orb\n|move|p1a: Incineroar|Darkest Lariat|p2a: Xerneas\n|-resisted|p2a: Xerneas\n|-damage|p2a: Xerneas|14\/100\n|\n|upkeep\n|turn|13\n|\n|t:|1698453760\n|move|p2a: Xerneas|Moonblast|p1a: Incineroar\n|-damage|p1a: Incineroar|0 fnt\n|faint|p1a: Incineroar\n|-damage|p2a: Xerneas|4\/100|[from] item: Life Orb\n|\n|upkeep\n|\n|t:|1698453772\n|switch|p1a: Rapidash|Rapidash, M|100\/100\n|turn|14\n|\n|t:|1698453777\n|move|p1a: Rapidash|Play Rough|p2a: Xerneas\n|-damage|p2a: Xerneas|0 fnt\n|faint|p2a: Xerneas\n|\n|upkeep\n|\n|t:|1698453785\n|switch|p2a: Aerodactyl|Aerodactyl-Mega, M|50\/100\n|turn|15\n|\n|t:|1698453795\n|-terastallize|p1a: Rapidash|Fairy\n|move|p2a: Aerodactyl|Earthquake|p1a: Rapidash\n|-damage|p1a: Rapidash|29\/100\n|move|p1a: Rapidash|Wild Charge|p2a: Aerodactyl\n|-supereffective|p2a: Aerodactyl\n|-damage|p2a: Aerodactyl|0 fnt\n|faint|p2a: Aerodactyl\n|-damage|p1a: Rapidash|15\/100|[from] Recoil\n|\n|upkeep\n|\n|t:|1698453808\n|switch|p2a: Hydreigon|Hydreigon, F|69\/100\n|turn|16\n|\n|t:|1698453818\n|move|p1a: Rapidash|Play Rough|p2a: Hydreigon\n|-supereffective|p2a: Hydreigon\n|-damage|p2a: Hydreigon|0 fnt\n|faint|p2a: Hydreigon\n|\n|upkeep\n|\n|t:|1698453824\n|switch|p2a: Ferrothorn|Ferrothorn, M|30\/100\n|turn|17\n|\n|t:|1698453828\n|move|p1a: Rapidash|Flare Blitz|p2a: Ferrothorn\n|-supereffective|p2a: Ferrothorn\n|-damage|p2a: Ferrothorn|0 fnt\n|-damage|p1a: Rapidash|2\/100|[from] ability: Iron Barbs|[of] p2a: Ferrothorn\n|-damage|p1a: Rapidash|0 fnt|[from] item: Rocky Helmet|[of] p2a: Ferrothorn\n|faint|p2a: Ferrothorn\n|faint|p1a: Rapidash\n|\n|win|KINGKRICH\n|raw|KINGKRICH's rating: 1056 &rarr; <strong>1083<\/strong><br \/>(+27 for winning)\n|raw|thiagxoo's rating: 1000 &rarr; <strong>1000<\/strong><br \/>(+0 for losing)\n|l|\u2606thiagxoo\n","uploadtime":1698453849,"views":7,"p1id":"kingkrich","p2id":"thiagxoo","formatid":"gen9nationaldexubers","rating":1000,"private":0,"password":""}