{"id":"gen9nationaldexubers-1984679785","p1":"Rip_Ryuga","p2":"femurdeeznuts","format":"[Gen 9] National Dex Ubers","log":"|j|\u2606Rip_Ryuga\n|j|\u2606femurdeeznuts\n|t:|1699290271\n|gametype|singles\n|player|p1|Rip_Ryuga|riley|1098\n|player|p2|femurdeeznuts|2|1075\n|teamsize|p1|6\n|teamsize|p2|6\n|gen|9\n|tier|[Gen 9] National Dex Ubers\n|rated|\n|rule|HP Percentage Mod: HP is shown in percentages\n|rule|Endless Battle Clause: Forcing endless battles is banned\n|rule|OHKO Clause: OHKO moves are banned\n|rule|Evasion Moves Clause: Evasion moves are banned\n|rule|Evasion Items Clause: Evasion items are banned\n|rule|Species Clause: Limit one of each Pok\u00e9mon\n|rule|Sleep Clause Mod: Limit one foe put to sleep\n|rule|Mega Rayquaza Clause: You cannot mega evolve Rayquaza\n|clearpoke\n|poke|p1|Charizard, M|\n|poke|p1|Rotom-Wash|\n|poke|p1|Corviknight, M|\n|poke|p1|Thundurus-Therian, M|\n|poke|p1|Chansey, F|\n|poke|p1|Excadrill, M|\n|poke|p2|Clamperl, M|\n|poke|p2|Shuckle, F|\n|poke|p2|Cyclizar, M|\n|poke|p2|Gholdengo|\n|poke|p2|Qwilfish-Hisui, F|\n|poke|p2|Abomasnow, F|\n|teampreview\n|inactive|Battle timer is ON: inactive players will automatically lose when time's up. (requested by femurdeeznuts)\n|inactive|Rip_Ryuga has 120 seconds left.\n|\n|t:|1699290319\n|start\n|switch|p1a: Thundurus|Thundurus-Therian, M|100\/100\n|switch|p2a: Rizz|Shuckle, F|100\/100\n|turn|1\n|\n|t:|1699290331\n|move|p1a: Thundurus|Nasty Plot|p1a: Thundurus\n|-boost|p1a: Thundurus|spa|2\n|move|p2a: Rizz|Sticky Web|p1a: Thundurus\n|-sidestart|p1: Rip_Ryuga|move: Sticky Web\n|\n|upkeep\n|turn|2\n|\n|t:|1699290338\n|move|p1a: Thundurus|Focus Blast|p2a: Rizz\n|-damage|p2a: Rizz|40\/100\n|move|p2a: Rizz|Encore|p1a: Thundurus\n|-start|p1a: Thundurus|Encore\n|\n|upkeep\n|turn|3\n|\n|t:|1699290343\n|switch|p2a: Johnny from GGST|Gholdengo|100\/100\n|move|p1a: Thundurus|Focus Blast|p2a: Johnny from GGST\n|-immune|p2a: Johnny from GGST\n|\n|upkeep\n|turn|4\n|\n|t:|1699290355\n|switch|p1a: Charizard|Charizard, M|100\/100\n|move|p2a: Johnny from GGST|Shadow Ball|p1a: Charizard\n|-damage|p1a: Charizard|48\/100\n|-unboost|p1a: Charizard|spd|1\n|\n|upkeep\n|turn|5\n|\n|t:|1699290363\n|switch|p1a: Chansey|Chansey, F|100\/100\n|-activate|p1a: Chansey|move: Sticky Web\n|-unboost|p1a: Chansey|spe|1\n|move|p2a: Johnny from GGST|Shadow Ball|p1a: Chansey\n|-immune|p1a: Chansey\n|\n|upkeep\n|turn|6\n|\n|t:|1699290376\n|switch|p2a: Rizz|Shuckle, F|40\/100\n|move|p1a: Chansey|Seismic Toss|p2a: Rizz\n|-damage|p2a: Rizz|0 fnt\n|faint|p2a: Rizz\n|\n|upkeep\n|\n|t:|1699290381\n|switch|p2a: SODA!!!|Abomasnow, F|100\/100\n|-weather|Snow|[from] ability: Snow Warning|[of] p2a: SODA!!!\n|turn|7\n|\n|t:|1699290389\n|switch|p1a: Corviknight|Corviknight, M|100\/100\n|-ability|p1a: Corviknight|Pressure\n|move|p2a: SODA!!!|Aurora Veil|p2a: SODA!!!\n|-sidestart|p2: femurdeeznuts|move: Aurora Veil\n|\n|-weather|Snow|[upkeep]\n|upkeep\n|turn|8\n|\n|t:|1699290399\n|switch|p2a: Goated|Clamperl, M|100\/100\n|move|p1a: Corviknight|U-turn|p2a: Goated\n|-damage|p2a: Goated|89\/100\n|-ability|p2a: Goated|Rattled|boost\n|-boost|p2a: Goated|spe|1\n|\n|t:|1699290407\n|switch|p1a: Rotom|Rotom-Wash|100\/100|[from] U-turn\n|\n|-weather|Snow|[upkeep]\n|upkeep\n|turn|9\n|\n|t:|1699290417\n|switch|p2a: weeee|Cyclizar, M|100\/100\n|move|p1a: Rotom|Defog|p2a: weeee\n|-unboost|p2a: weeee|evasion|1\n|-sideend|p2: femurdeeznuts|move: Aurora Veil\n|-sideend|p1: Rip_Ryuga|Sticky Web|[from] move: Defog|[of] p1a: Rotom\n|\n|-weather|Snow|[upkeep]\n|upkeep\n|turn|10\n|\n|t:|1699290425\n|move|p2a: weeee|Shed Tail|p2a: weeee\n|-start|p2a: weeee|Substitute|[from] move: Shed Tail\n|-damage|p2a: weeee|50\/100\n|\n|t:|1699290433\n|switch|p2a: Angst|Qwilfish-Hisui, F|100\/100|[from] Shed Tail\n|-ability|p2a: Angst|Intimidate|boost\n|-unboost|p1a: Rotom|atk|1\n|move|p1a: Rotom|Hydro Pump|p2a: Angst\n|-end|p2a: Angst|Substitute\n|\n|-weather|Snow|[upkeep]\n|upkeep\n|turn|11\n|\n|t:|1699290441\n|move|p1a: Rotom|Will-O-Wisp|p2a: Angst\n|-status|p2a: Angst|brn\n|move|p2a: Angst|Barb Barrage|p1a: Rotom\n|-damage|p1a: Rotom|93\/100\n|-status|p1a: Rotom|psn\n|\n|-weather|none\n|-heal|p1a: Rotom|99\/100 psn|[from] item: Leftovers\n|-damage|p1a: Rotom|86\/100 psn|[from] psn\n|-damage|p2a: Angst|95\/100 brn|[from] brn\n|upkeep\n|turn|12\n|\n|t:|1699290452\n|move|p1a: Rotom|Volt Switch|p2a: Angst\n|-damage|p2a: Angst|75\/100 brn\n|\n|t:|1699290458\n|switch|p1a: Excadrill|Excadrill, M|100\/100|[from] Volt Switch\n|-ability|p1a: Excadrill|Mold Breaker\n|move|p2a: Angst|Spikes|p1a: Excadrill\n|-sidestart|p1: Rip_Ryuga|Spikes\n|\n|-damage|p2a: Angst|69\/100 brn|[from] brn\n|upkeep\n|turn|13\n|\n|t:|1699290466\n|switch|p2a: SODA!!!|Abomasnow, F|100\/100\n|-weather|Snow|[from] ability: Snow Warning|[of] p2a: SODA!!!\n|move|p1a: Excadrill|Rapid Spin|p2a: SODA!!!\n|-damage|p2a: SODA!!!|87\/100\n|-boost|p1a: Excadrill|spe|1\n|-sideend|p1: Rip_Ryuga|Spikes|[from] move: Rapid Spin|[of] p1a: Excadrill\n|\n|-weather|Snow|[upkeep]\n|upkeep\n|turn|14\n|\n|t:|1699290474\n|move|p1a: Excadrill|Iron Head|p2a: SODA!!!\n|-supereffective|p2a: SODA!!!\n|-damage|p2a: SODA!!!|23\/100\n|move|p2a: SODA!!!|Aurora Veil|p2a: SODA!!!\n|-sidestart|p2: femurdeeznuts|move: Aurora Veil\n|\n|-weather|Snow|[upkeep]\n|upkeep\n|turn|15\n|\n|t:|1699290483\n|move|p1a: Excadrill|Iron Head|p2a: SODA!!!\n|-supereffective|p2a: SODA!!!\n|-damage|p2a: SODA!!!|0 fnt\n|faint|p2a: SODA!!!\n|\n|-weather|Snow|[upkeep]\n|upkeep\n|\n|t:|1699290485\n|switch|p2a: Goated|Clamperl, M|89\/100\n|turn|16\n|\n|t:|1699290491\n|switch|p1a: Rotom|Rotom-Wash|86\/100 psn\n|move|p2a: Goated|Shell Smash|p2a: Goated\n|-unboost|p2a: Goated|def|1\n|-unboost|p2a: Goated|spd|1\n|-boost|p2a: Goated|atk|2\n|-boost|p2a: Goated|spa|2\n|-boost|p2a: Goated|spe|2\n|\n|-weather|Snow|[upkeep]\n|-heal|p1a: Rotom|93\/100 psn|[from] item: Leftovers\n|-damage|p1a: Rotom|80\/100 psn|[from] psn\n|upkeep\n|turn|17\n|\n|t:|1699290502\n|move|p2a: Goated|Hidden Power|p1a: Rotom\n|-supereffective|p1a: Rotom\n|-damage|p1a: Rotom|0 fnt\n|faint|p1a: Rotom\n|\n|-weather|none\n|upkeep\n|\n|t:|1699290507\n|switch|p1a: Chansey|Chansey, F|100\/100\n|turn|18\n|\n|t:|1699290514\n|-terastallize|p2a: Goated|Water\n|move|p2a: Goated|Surf|p1a: Chansey\n|-damage|p1a: Chansey|46\/100\n|move|p1a: Chansey|Toxic|p2a: Goated\n|-status|p2a: Goated|tox\n|\n|-damage|p2a: Goated|83\/100 tox|[from] psn\n|upkeep\n|turn|19\n|\n|t:|1699290522\n|move|p2a: Goated|Surf|p1a: Chansey\n|-damage|p1a: Chansey|0 fnt\n|faint|p1a: Chansey\n|\n|-damage|p2a: Goated|70\/100 tox|[from] psn\n|upkeep\n|\n|t:|1699290528\n|switch|p1a: Thundurus|Thundurus-Therian, M|100\/100\n|turn|20\n|\n|t:|1699290535\n|move|p2a: Goated|Surf|p1a: Thundurus\n|-damage|p1a: Thundurus|0 fnt\n|faint|p1a: Thundurus\n|\n|-damage|p2a: Goated|52\/100 tox|[from] psn\n|upkeep\n|\n|t:|1699290542\n|switch|p1a: Corviknight|Corviknight, M|100\/100\n|-ability|p1a: Corviknight|Pressure\n|turn|21\n|\n|t:|1699290546\n|move|p2a: Goated|Surf|p1a: Corviknight\n|-damage|p1a: Corviknight|0 fnt\n|faint|p1a: Corviknight\n|\n|-damage|p2a: Goated|27\/100 tox|[from] psn\n|-sideend|p2: femurdeeznuts|move: Aurora Veil\n|upkeep\n|c|\u2606Rip_Ryuga|boy wth bruh\n|c|\u2606femurdeeznuts|clamperl moment\n|c|\u2606femurdeeznuts|1000 special attack\n|c|\u2606Rip_Ryuga|never fought it before\n|inactive|Rip_Ryuga has 120 seconds left.\n|\n|t:|1699290591\n|switch|p1a: Excadrill|Excadrill, M|100\/100\n|-ability|p1a: Excadrill|Mold Breaker\n|turn|22\n|\n|t:|1699290597\n|move|p2a: Goated|Surf|p1a: Excadrill\n|-supereffective|p1a: Excadrill\n|-damage|p1a: Excadrill|0 fnt\n|faint|p1a: Excadrill\n|\n|-damage|p2a: Goated|0 fnt|[from] psn\n|faint|p2a: Goated\n|upkeep\n|inactive|Rip_Ryuga has 120 seconds left.\n|inactive|Rip_Ryuga has 90 seconds left.\n|\n|t:|1699290639\n|switch|p1a: Charizard|Charizard, M|48\/100\n|switch|p2a: Angst|Qwilfish-Hisui, F|69\/100 brn\n|-ability|p2a: Angst|Intimidate|boost\n|-unboost|p1a: Charizard|atk|1\n|turn|23\n|c|\u2606Rip_Ryuga|i could win\n|inactive|femurdeeznuts has 120 seconds left.\n|\n|t:|1699290671\n|detailschange|p1a: Charizard|Charizard-Mega-X, M\n|-mega|p1a: Charizard|Charizard|Charizardite X\n|move|p1a: Charizard|Dragon Dance|p1a: Charizard\n|-boost|p1a: Charizard|atk|1\n|-boost|p1a: Charizard|spe|1\n|move|p2a: Angst|Barb Barrage|p1a: Charizard\n|-damage|p1a: Charizard|38\/100\n|-status|p1a: Charizard|psn\n|\n|-damage|p1a: Charizard|25\/100 psn|[from] psn\n|-damage|p2a: Angst|63\/100 brn|[from] brn\n|upkeep\n|turn|24\n|c|\u2606femurdeeznuts|not anymore\n|c|\u2606femurdeeznuts|sorry\n|inactive|femurdeeznuts has 120 seconds left.\n|\n|t:|1699290682\n|move|p1a: Charizard|Earthquake|p2a: Angst\n|-supereffective|p2a: Angst\n|-damage|p2a: Angst|0 fnt\n|faint|p2a: Angst\n|\n|-damage|p1a: Charizard|13\/100 psn|[from] psn\n|upkeep\n|\n|t:|1699290687\n|switch|p2a: weeee|Cyclizar, M|84\/100\n|turn|25\n|\n|t:|1699290691\n|move|p1a: Charizard|Dragon Claw|p2a: weeee\n|-supereffective|p2a: weeee\n|-damage|p2a: weeee|0 fnt\n|faint|p2a: weeee\n|\n|-damage|p1a: Charizard|1\/100 psn|[from] psn\n|upkeep\n|c|\u2606femurdeeznuts|unless\n|c|\u2606Rip_Ryuga|gg\n|\n|t:|1699290700\n|switch|p2a: Johnny from GGST|Gholdengo|100\/100\n|turn|26\n|c|\u2606Rip_Ryuga|439 speed\n|c|\u2606femurdeeznuts|welp\n|inactive|Rip_Ryuga has 120 seconds left.\n|c|\u2606Rip_Ryuga|im faster\n|c|\u2606femurdeeznuts|i screwed up\n|c|\u2606femurdeeznuts|oh wait\n|c|\u2606femurdeeznuts|speed tie\n|\n|t:|1699290712\n|move|p1a: Charizard|Earthquake|p2a: Johnny from GGST\n|-supereffective|p2a: Johnny from GGST\n|-damage|p2a: Johnny from GGST|21\/100\n|move|p2a: Johnny from GGST|Shadow Ball|p1a: Charizard\n|-damage|p1a: Charizard|0 fnt\n|faint|p1a: Charizard\n|\n|win|femurdeeznuts\n|raw|Rip_Ryuga's rating: 1098 &rarr; <strong>1072<\/strong><br \/>(-26 for losing)\n|raw|femurdeeznuts's rating: 1075 &rarr; <strong>1106<\/strong><br \/>(+31 for winning)\n|c|\u2606Rip_Ryuga|ur scarfed\n|c|\u2606Rip_Ryuga|WTH\n|c|\u2606femurdeeznuts|gg\n|c|\u2606femurdeeznuts|goofy ahh game\n|c|\u2606Rip_Ryuga|I SHOULD HAVE FLARE BLITZ\n","uploadtime":1699290728,"views":34,"p1id":"ripryuga","p2id":"femurdeeznuts","formatid":"gen9nationaldexubers","rating":1072,"private":0,"password":""}