{"id":"gen9nationaldexubers-1999520269","p1":"Moonlight_th07","p2":"PANDODEEEEZ","format":"[Gen 9] National Dex Ubers","log":"|j|\u2606Moonlight_th07\n|j|\u2606PANDODEEEEZ\n|t:|1701091932\n|gametype|singles\n|player|p1|Moonlight_th07|dawn-gen4pt|1181\n|player|p2|PANDODEEEEZ|lusamine-nihilego|1220\n|teamsize|p1|6\n|teamsize|p2|6\n|gen|9\n|tier|[Gen 9] National Dex Ubers\n|rated|\n|rule|HP Percentage Mod: HP is shown in percentages\n|rule|Endless Battle Clause: Forcing endless battles is banned\n|rule|OHKO Clause: OHKO moves are banned\n|rule|Evasion Moves Clause: Evasion moves are banned\n|rule|Evasion Items Clause: Evasion items are banned\n|rule|Species Clause: Limit one of each Pok\u00e9mon\n|rule|Sleep Clause Mod: Limit one foe put to sleep\n|rule|Mega Rayquaza Clause: You cannot mega evolve Rayquaza\n|clearpoke\n|poke|p1|Morpeko, M|\n|poke|p1|Lilligant, F|\n|poke|p1|Dracovish|\n|poke|p1|Kingambit, M|\n|poke|p1|Garchomp, F|\n|poke|p1|Marshadow|\n|poke|p2|Golem-Alola, M|\n|poke|p2|Gliscor, F|\n|poke|p2|Aegislash, F|\n|poke|p2|Palkia-Origin|\n|poke|p2|Rayquaza|\n|poke|p2|Arceus-Water|\n|teampreview\n|inactive|Battle timer is ON: inactive players will automatically lose when time's up. (requested by Moonlight_th07)\n|inactive|PANDODEEEEZ also wants the timer to be on.\n|\n|t:|1701091944\n|start\n|switch|p1a: Morpeko|Morpeko, M|100\/100\n|switch|p2a: Gamble|Gliscor, F|100\/100\n|turn|1\n|\n|t:|1701091952\n|move|p1a: Morpeko|Parting Shot|p2a: Gamble\n|-unboost|p2a: Gamble|atk|1\n|-unboost|p2a: Gamble|spa|1\n|j| binasProsta\n|\n|t:|1701091955\n|switch|p1a: Dracovish|Dracovish|100\/100|[from] Parting Shot\n|move|p2a: Gamble|Stealth Rock|p1a: Dracovish\n|-sidestart|p1: Moonlight_th07|move: Stealth Rock\n|\n|-status|p2a: Gamble|tox|[from] item: Toxic Orb\n|upkeep\n|turn|2\n|l| binasProsta\n|\n|t:|1701091966\n|switch|p2a: Arceus|Arceus-Water|100\/100\n|move|p1a: Dracovish|Fishious Rend|p2a: Arceus\n|-resisted|p2a: Arceus\n|-damage|p2a: Arceus|65\/100\n|\n|upkeep\n|turn|3\n|\n|t:|1701091975\n|switch|p1a: Lilligant|Lilligant, F|100\/100\n|-damage|p1a: Lilligant|88\/100|[from] Stealth Rock\n|move|p2a: Arceus|Recover|p2a: Arceus\n|-heal|p2a: Arceus|100\/100\n|\n|-heal|p1a: Lilligant|94\/100|[from] item: Leftovers\n|upkeep\n|turn|4\n|\n|t:|1701091987\n|switch|p2a: Bet|Golem-Alola, M|100\/100\n|move|p1a: Lilligant|Quiver Dance|p1a: Lilligant\n|-boost|p1a: Lilligant|spa|1\n|-boost|p1a: Lilligant|spd|1\n|-boost|p1a: Lilligant|spe|1\n|\n|-heal|p1a: Lilligant|99\/100|[from] item: Leftovers\n|upkeep\n|turn|5\n|\n|t:|1701091997\n|move|p1a: Lilligant|Giga Drain|p2a: Bet\n|-supereffective|p2a: Bet\n|-enditem|p2a: Bet|Focus Sash\n|-damage|p2a: Bet|1\/100\n|-heal|p1a: Lilligant|100\/100|[from] drain|[of] p2a: Bet\n|move|p2a: Bet|Body Slam|p1a: Lilligant\n|-resisted|p1a: Lilligant\n|-damage|p1a: Lilligant|61\/100\n|-status|p1a: Lilligant|par\n|\n|-heal|p1a: Lilligant|67\/100 par|[from] item: Leftovers\n|upkeep\n|turn|6\n|\n|t:|1701092009\n|move|p1a: Lilligant|Giga Drain|p2a: Bet\n|-supereffective|p2a: Bet\n|-damage|p2a: Bet|0 fnt\n|-heal|p1a: Lilligant|68\/100 par|[from] drain|[of] p2a: Bet\n|faint|p2a: Bet\n|\n|-heal|p1a: Lilligant|74\/100 par|[from] item: Leftovers\n|upkeep\n|\n|t:|1701092015\n|switch|p2a: Rayquaza|Rayquaza|100\/100\n|-ability|p2a: Rayquaza|Air Lock\n|turn|7\n|\n|t:|1701092024\n|move|p2a: Rayquaza|Swords Dance|p2a: Rayquaza\n|-boost|p2a: Rayquaza|atk|2\n|move|p1a: Lilligant|Giga Drain|p2a: Rayquaza\n|-resisted|p2a: Rayquaza\n|-damage|p2a: Rayquaza|88\/100\n|-heal|p1a: Lilligant|81\/100 par|[from] drain|[of] p2a: Rayquaza\n|\n|-heal|p1a: Lilligant|87\/100 par|[from] item: Leftovers\n|upkeep\n|turn|8\n|\n|t:|1701092034\n|move|p2a: Rayquaza|Scale Shot|p1a: Lilligant\n|-damage|p1a: Lilligant|39\/100 par\n|-damage|p1a: Lilligant|0 fnt\n|faint|p1a: Lilligant\n|-hitcount|p1: Lilligant|2\n|-unboost|p2a: Rayquaza|def|1\n|-boost|p2a: Rayquaza|spe|1\n|\n|upkeep\n|\n|t:|1701092043\n|switch|p1a: Marshadow|Marshadow|100\/100\n|-damage|p1a: Marshadow|94\/100|[from] Stealth Rock\n|turn|9\n|\n|t:|1701092049\n|move|p2a: Rayquaza|Scale Shot|p1a: Marshadow\n|-damage|p1a: Marshadow|58\/100\n|-damage|p1a: Marshadow|22\/100\n|-damage|p1a: Marshadow|0 fnt\n|faint|p1a: Marshadow\n|-hitcount|p1: Marshadow|3\n|-unboost|p2a: Rayquaza|def|1\n|-boost|p2a: Rayquaza|spe|1\n|\n|upkeep\n|\n|t:|1701092062\n|switch|p1a: Garchomp|Garchomp, F|100\/100\n|-damage|p1a: Garchomp|94\/100|[from] Stealth Rock\n|turn|10\n|\n|t:|1701092067\n|-terastallize|p1a: Garchomp|Fire\n|move|p2a: Rayquaza|Dragon Ascent|p1a: Garchomp\n|-damage|p1a: Garchomp|0 fnt\n|-unboost|p2a: Rayquaza|def|1\n|-unboost|p2a: Rayquaza|spd|1\n|-damage|p2a: Rayquaza|76\/100|[from] ability: Rough Skin|[of] p1a: Garchomp\n|faint|p1a: Garchomp\n|\n|upkeep\n|\n|t:|1701092077\n|switch|p1a: Kingambit|Kingambit, M|100\/100\n|-damage|p1a: Kingambit|94\/100|[from] Stealth Rock\n|turn|11\n|\n|t:|1701092088\n|switch|p2a: Gamble|Gliscor, F|100\/100 tox\n|move|p1a: Kingambit|Sucker Punch||[still]\n|-fail|p1a: Kingambit\n|\n|upkeep\n|turn|12\n|\n|t:|1701092095\n|switch|p1a: Dracovish|Dracovish|100\/100\n|-damage|p1a: Dracovish|88\/100|[from] Stealth Rock\n|move|p2a: Gamble|Earthquake|p1a: Dracovish\n|-damage|p1a: Dracovish|52\/100\n|\n|upkeep\n|turn|13\n|\n|t:|1701092118\n|switch|p2a: Arceus|Arceus-Water|100\/100\n|move|p1a: Dracovish|Fishious Rend|p2a: Arceus\n|-resisted|p2a: Arceus\n|-damage|p2a: Arceus|63\/100\n|\n|upkeep\n|turn|14\n|\n|t:|1701092125\n|move|p2a: Arceus|Recover|p2a: Arceus\n|-heal|p2a: Arceus|100\/100\n|move|p1a: Dracovish|Fishious Rend|p2a: Arceus\n|-resisted|p2a: Arceus\n|-damage|p2a: Arceus|80\/100\n|\n|upkeep\n|turn|15\n|\n|t:|1701092135\n|switch|p1a: Morpeko|Morpeko, M|100\/100\n|-damage|p1a: Morpeko|88\/100|[from] Stealth Rock\n|move|p2a: Arceus|Whirlpool|p1a: Morpeko\n|-damage|p1a: Morpeko|59\/100\n|-activate|p1a: Morpeko|move: Whirlpool|[of] p2a: Arceus\n|\n|-damage|p1a: Morpeko|46\/100|[from] move: Whirlpool|[partiallytrapped]\n|-formechange|p1a: Morpeko|Morpeko-Hangry||[from] ability: Hunger Switch\n|upkeep\n|turn|16\n|\n|t:|1701092150\n|move|p1a: Morpeko|Thunder Wave|p2a: Arceus\n|-status|p2a: Arceus|par\n|move|p2a: Arceus|Toxic|p1a: Morpeko\n|-status|p1a: Morpeko|tox\n|\n|-damage|p1a: Morpeko|40\/100 tox|[from] psn\n|-damage|p1a: Morpeko|28\/100 tox|[from] move: Whirlpool|[partiallytrapped]\n|-formechange|p1a: Morpeko|Morpeko||[from] ability: Hunger Switch\n|upkeep\n|turn|17\n|\n|t:|1701092161\n|move|p1a: Morpeko|Aura Wheel|p2a: Arceus\n|-supereffective|p2a: Arceus\n|-damage|p2a: Arceus|45\/100 par\n|-boost|p1a: Morpeko|spe|1\n|move|p2a: Arceus|Refresh|p2a: Arceus\n|-curestatus|p2a: Arceus|par|[msg]\n|\n|-damage|p1a: Morpeko|15\/100 tox|[from] psn\n|-damage|p1a: Morpeko|3\/100 tox|[from] move: Whirlpool|[partiallytrapped]\n|-formechange|p1a: Morpeko|Morpeko-Hangry||[from] ability: Hunger Switch\n|upkeep\n|turn|18\n|\n|t:|1701092176\n|move|p1a: Morpeko|Parting Shot|p2a: Arceus\n|-unboost|p2a: Arceus|atk|1\n|-unboost|p2a: Arceus|spa|1\n|\n|t:|1701092182\n|switch|p1a: Kingambit|Kingambit, M|94\/100|[from] Parting Shot\n|-damage|p1a: Kingambit|88\/100|[from] Stealth Rock\n|move|p2a: Arceus|Recover|p2a: Arceus\n|-heal|p2a: Arceus|95\/100\n|\n|upkeep\n|turn|19\n|\n|t:|1701092193\n|move|p2a: Arceus|Whirlpool|p1a: Kingambit\n|-damage|p1a: Kingambit|77\/100\n|-activate|p1a: Kingambit|move: Whirlpool|[of] p2a: Arceus\n|move|p1a: Kingambit|Swords Dance|p1a: Kingambit\n|-boost|p1a: Kingambit|atk|2\n|\n|-damage|p1a: Kingambit|65\/100|[from] move: Whirlpool|[partiallytrapped]\n|upkeep\n|turn|20\n|\n|t:|1701092205\n|move|p1a: Kingambit|Sucker Punch|p2a: Arceus\n|-damage|p2a: Arceus|48\/100\n|move|p2a: Arceus|Whirlpool|p1a: Kingambit\n|-damage|p1a: Kingambit|55\/100\n|\n|-damage|p1a: Kingambit|43\/100|[from] move: Whirlpool|[partiallytrapped]\n|upkeep\n|turn|21\n|\n|t:|1701092214\n|move|p1a: Kingambit|Sucker Punch||[still]\n|-fail|p1a: Kingambit\n|move|p2a: Arceus|Recover|p2a: Arceus\n|-heal|p2a: Arceus|98\/100\n|\n|-damage|p1a: Kingambit|31\/100|[from] move: Whirlpool|[partiallytrapped]\n|upkeep\n|turn|22\n|\n|t:|1701092223\n|move|p2a: Arceus|Whirlpool|p1a: Kingambit\n|-damage|p1a: Kingambit|21\/100\n|move|p1a: Kingambit|Swords Dance|p1a: Kingambit\n|-boost|p1a: Kingambit|atk|2\n|\n|-damage|p1a: Kingambit|9\/100|[from] move: Whirlpool|[partiallytrapped]\n|upkeep\n|turn|23\n|\n|t:|1701092231\n|move|p1a: Kingambit|Sucker Punch||[still]\n|-fail|p1a: Kingambit\n|move|p2a: Arceus|Recover|p2a: Arceus\n|-heal|p2a: Arceus|100\/100\n|\n|-damage|p1a: Kingambit|0 fnt|[from] move: Whirlpool|[partiallytrapped]\n|faint|p1a: Kingambit\n|upkeep\n|\n|t:|1701092240\n|switch|p1a: Dracovish|Dracovish|52\/100\n|-damage|p1a: Dracovish|40\/100|[from] Stealth Rock\n|turn|24\n|\n|t:|1701092247\n|move|p2a: Arceus|Whirlpool|p1a: Dracovish\n|-resisted|p1a: Dracovish\n|-damage|p1a: Dracovish|37\/100\n|-activate|p1a: Dracovish|move: Whirlpool|[of] p2a: Arceus\n|move|p1a: Dracovish|Psychic Fangs|p2a: Arceus\n|-damage|p2a: Arceus|73\/100\n|\n|-damage|p1a: Dracovish|24\/100|[from] move: Whirlpool|[partiallytrapped]\n|upkeep\n|turn|25\n|\n|t:|1701092256\n|move|p2a: Arceus|Toxic|p1a: Dracovish\n|-status|p1a: Dracovish|tox\n|move|p1a: Dracovish|Psychic Fangs|p2a: Arceus\n|-damage|p2a: Arceus|47\/100\n|\n|-damage|p1a: Dracovish|18\/100 tox|[from] psn\n|-damage|p1a: Dracovish|5\/100 tox|[from] move: Whirlpool|[partiallytrapped]\n|upkeep\n|turn|26\n|\n|t:|1701092266\n|move|p2a: Arceus|Recover|p2a: Arceus\n|-heal|p2a: Arceus|97\/100\n|move|p1a: Dracovish|Psychic Fangs|p2a: Arceus\n|-damage|p2a: Arceus|71\/100\n|\n|-damage|p1a: Dracovish|0 fnt|[from] psn\n|faint|p1a: Dracovish\n|upkeep\n|\n|t:|1701092274\n|switch|p1a: Morpeko|Morpeko, M|3\/100 tox\n|-damage|p1a: Morpeko|0 fnt|[from] Stealth Rock\n|faint|p1a: Morpeko\n|\n|win|PANDODEEEEZ\n|raw|Moonlight_th07's rating: 1181 &rarr; <strong>1159<\/strong><br \/>(-22 for losing)\n|raw|PANDODEEEEZ's rating: 1220 &rarr; <strong>1242<\/strong><br \/>(+22 for winning)\n|l|\u2606Moonlight_th07\n","uploadtime":1701092285,"views":1,"p1id":"moonlightth07","p2id":"pandodeeeez","formatid":"gen9nationaldexubers","rating":1159,"private":0,"password":""}