{"id":"gen9nationaldexubers-1983544014","p1":"PokedexZero","p2":"Minroo","format":"[Gen 9] National Dex Ubers","log":"|j|\u2606PokedexZero\n|j|\u2606Minroo\n|t:|1699141662\n|gametype|singles\n|player|p1|PokedexZero|unknown|1307\n|player|p2|Minroo|266|1246\n|teamsize|p1|6\n|teamsize|p2|6\n|gen|9\n|tier|[Gen 9] National Dex Ubers\n|rated|\n|rule|HP Percentage Mod: HP is shown in percentages\n|rule|Endless Battle Clause: Forcing endless battles is banned\n|rule|OHKO Clause: OHKO moves are banned\n|rule|Evasion Moves Clause: Evasion moves are banned\n|rule|Evasion Items Clause: Evasion items are banned\n|rule|Species Clause: Limit one of each Pok\u00e9mon\n|rule|Sleep Clause Mod: Limit one foe put to sleep\n|rule|Mega Rayquaza Clause: You cannot mega evolve Rayquaza\n|clearpoke\n|poke|p1|Grimmsnarl, M|\n|poke|p1|Necrozma-Dusk-Mane|\n|poke|p1|Banette, F|\n|poke|p1|Tapu Koko|\n|poke|p1|Regieleki|\n|poke|p1|Giratina|\n|poke|p2|Groudon|\n|poke|p2|Kyogre|\n|poke|p2|Salamence, M|\n|poke|p2|Yveltal|\n|poke|p2|Arceus-Flying|\n|poke|p2|Xerneas-*|\n|teampreview\n|inactive|Battle timer is ON: inactive players will automatically lose when time's up. (requested by Minroo)\n|\n|t:|1699141677\n|start\n|switch|p1a: Piers|Grimmsnarl, M, shiny|100\/100\n|switch|p2a: Groudon|Groudon|100\/100\n|detailschange|p2a: Groudon|Groudon-Primal\n|-primal|p2a: Groudon|Red Orb\n|-weather|DesolateLand|[from] ability: Desolate Land|[of] p2a: Groudon\n|turn|1\n|\n|t:|1699141686\n|move|p1a: Piers|Taunt|p2a: Groudon\n|-start|p2a: Groudon|move: Taunt\n|cant|p2a: Groudon|move: Taunt|Stealth Rock\n|\n|-weather|DesolateLand|[upkeep]\n|upkeep\n|turn|2\n|\n|t:|1699141691\n|move|p1a: Piers|Reflect|p1a: Piers\n|-sidestart|p1: PokedexZero|Reflect\n|move|p2a: Groudon|Precipice Blades|p1a: Piers\n|-damage|p1a: Piers|47\/100\n|\n|-weather|DesolateLand|[upkeep]\n|upkeep\n|turn|3\n|\n|t:|1699141696\n|move|p1a: Piers|Light Screen|p1a: Piers\n|-sidestart|p1: PokedexZero|move: Light Screen\n|move|p2a: Groudon|Precipice Blades|p1a: Piers|[miss]\n|-miss|p2a: Groudon|p1a: Piers\n|\n|-weather|DesolateLand|[upkeep]\n|-end|p2a: Groudon|move: Taunt\n|upkeep\n|turn|4\n|\n|t:|1699141704\n|move|p1a: Piers|Taunt|p2a: Groudon\n|-start|p2a: Groudon|move: Taunt\n|cant|p2a: Groudon|move: Taunt|Stealth Rock\n|\n|-weather|DesolateLand|[upkeep]\n|upkeep\n|turn|5\n|\n|t:|1699141709\n|move|p1a: Piers|Parting Shot|p2a: Groudon\n|-unboost|p2a: Groudon|atk|1\n|-unboost|p2a: Groudon|spa|1\n|\n|t:|1699141712\n|switch|p1a: Dusk|Necrozma-Dusk-Mane|100\/100|[from] Parting Shot\n|move|p2a: Groudon|Precipice Blades|p1a: Dusk|[miss]\n|-miss|p2a: Groudon|p1a: Dusk\n|\n|-weather|DesolateLand|[upkeep]\n|upkeep\n|turn|6\n|\n|t:|1699141719\n|move|p1a: Dusk|Dragon Dance|p1a: Dusk\n|-boost|p1a: Dusk|atk|1\n|-boost|p1a: Dusk|spe|1\n|move|p2a: Groudon|Stone Edge|p1a: Dusk|[miss]\n|-miss|p2a: Groudon|p1a: Dusk\n|\n|-weather|DesolateLand|[upkeep]\n|-end|p2a: Groudon|move: Taunt\n|upkeep\n|turn|7\n|\n|t:|1699141727\n|move|p1a: Dusk|Dragon Dance|p1a: Dusk\n|-boost|p1a: Dusk|atk|1\n|-boost|p1a: Dusk|spe|1\n|move|p2a: Groudon|Stealth Rock|p1a: Dusk\n|-sidestart|p1: PokedexZero|move: Stealth Rock\n|\n|-weather|DesolateLand|[upkeep]\n|upkeep\n|turn|8\n|\n|t:|1699141736\n|move|p1a: Dusk|Earthquake|p2a: Groudon\n|-supereffective|p2a: Groudon\n|-damage|p2a: Groudon|12\/100\n|move|p2a: Groudon|Precipice Blades|p1a: Dusk|[miss]\n|-miss|p2a: Groudon|p1a: Dusk\n|\n|-weather|DesolateLand|[upkeep]\n|upkeep\n|turn|9\n|\n|t:|1699141743\n|move|p1a: Dusk|Earthquake|p2a: Groudon\n|-supereffective|p2a: Groudon\n|-damage|p2a: Groudon|0 fnt\n|faint|p2a: Groudon\n|-weather|none\n|\n|-sideend|p1: PokedexZero|Reflect\n|upkeep\n|\n|t:|1699141748\n|switch|p2a: Salamence|Salamence, M|100\/100\n|-ability|p2a: Salamence|Intimidate|boost\n|-unboost|p1a: Dusk|atk|1\n|turn|10\n|\n|t:|1699141759\n|detailschange|p2a: Salamence|Salamence-Mega, M\n|-mega|p2a: Salamence|Salamence|Salamencite\n|move|p1a: Dusk|Sunsteel Strike|p2a: Salamence\n|-damage|p2a: Salamence|32\/100\n|move|p2a: Salamence|Dragon Dance|p2a: Salamence\n|-boost|p2a: Salamence|atk|1\n|-boost|p2a: Salamence|spe|1\n|\n|-sideend|p1: PokedexZero|move: Light Screen\n|upkeep\n|turn|11\n|\n|t:|1699141770\n|move|p2a: Salamence|Double-Edge|p1a: Dusk\n|-resisted|p1a: Dusk\n|-damage|p1a: Dusk|46\/100\n|-damage|p2a: Salamence|13\/100|[from] Recoil\n|move|p1a: Dusk|Sunsteel Strike|p2a: Salamence\n|-damage|p2a: Salamence|0 fnt\n|faint|p2a: Salamence\n|\n|upkeep\n|\n|t:|1699141774\n|switch|p2a: Yveltal|Yveltal|100\/100\n|-ability|p2a: Yveltal|Dark Aura\n|turn|12\n|inactive|PokedexZero has 120 seconds left.\n|\n|t:|1699141804\n|-terastallize|p2a: Yveltal|Dark\n|move|p1a: Dusk|Sunsteel Strike|p2a: Yveltal\n|-damage|p2a: Yveltal|15\/100\n|move|p2a: Yveltal|Taunt|p1a: Dusk\n|-start|p1a: Dusk|move: Taunt\n|\n|upkeep\n|turn|13\n|\n|t:|1699141813\n|move|p1a: Dusk|Sunsteel Strike|p2a: Yveltal\n|-damage|p2a: Yveltal|0 fnt\n|faint|p2a: Yveltal\n|\n|upkeep\n|\n|t:|1699141820\n|switch|p2a: Arceus|Arceus-Flying|100\/100\n|turn|14\n|\n|t:|1699141828\n|move|p1a: Dusk|Psychic Fangs|p2a: Arceus\n|-damage|p2a: Arceus|41\/100\n|move|p2a: Arceus|Judgment|p1a: Dusk\n|-resisted|p1a: Dusk\n|-damage|p1a: Dusk|17\/100\n|\n|upkeep\n|turn|15\n|\n|t:|1699141835\n|move|p1a: Dusk|Psychic Fangs|p2a: Arceus\n|-damage|p2a: Arceus|0 fnt\n|faint|p2a: Arceus\n|\n|-end|p1a: Dusk|move: Taunt\n|upkeep\n|\n|t:|1699141840\n|switch|p2a: Kyogre|Kyogre|100\/100\n|detailschange|p2a: Kyogre|Kyogre-Primal\n|-primal|p2a: Kyogre|Blue Orb\n|-weather|PrimordialSea|[from] ability: Primordial Sea|[of] p2a: Kyogre\n|turn|16\n|\n|t:|1699141850\n|move|p1a: Dusk|Psychic Fangs|p2a: Kyogre\n|-damage|p2a: Kyogre|36\/100\n|move|p2a: Kyogre|Thunder|p1a: Dusk\n|-damage|p1a: Dusk|0 fnt\n|faint|p1a: Dusk\n|\n|-weather|PrimordialSea|[upkeep]\n|upkeep\n|\n|t:|1699141858\n|switch|p1a: Jay|Tapu Koko|100\/100\n|-damage|p1a: Jay|88\/100|[from] Stealth Rock\n|-fieldstart|move: Electric Terrain|[from] ability: Electric Surge|[of] p1a: Jay\n|turn|17\n|\n|t:|1699141872\n|move|p1a: Jay|U-turn|p2a: Kyogre\n|-damage|p2a: Kyogre|21\/100\n|\n|t:|1699141875\n|switch|p1a: Sonic|Regieleki|100\/100|[from] U-turn\n|-damage|p1a: Sonic|88\/100|[from] Stealth Rock\n|move|p2a: Kyogre|Ice Beam|p1a: Sonic\n|-damage|p1a: Sonic|2\/100\n|\n|-weather|PrimordialSea|[upkeep]\n|upkeep\n|turn|18\n|\n|t:|1699141884\n|move|p1a: Sonic|Rising Voltage|p2a: Kyogre\n|-hint|Rising Voltage's BP doubled on grounded target.\n|-supereffective|p2a: Kyogre\n|-damage|p2a: Kyogre|0 fnt\n|faint|p2a: Kyogre\n|-weather|none\n|-damage|p1a: Sonic|0 fnt|[from] item: Life Orb\n|faint|p1a: Sonic\n|\n|upkeep\n|\n|t:|1699141900\n|switch|p1a: Dolly|Banette, F|100\/100\n|switch|p2a: Xerneas|Xerneas|100\/100\n|-ability|p2a: Xerneas|Fairy Aura\n|-damage|p1a: Dolly|88\/100|[from] Stealth Rock\n|-item|p2a: Xerneas|Power Herb|[from] ability: Frisk|[of] p1a: Dolly|[identify]\n|turn|19\n|\n|t:|1699141909\n|detailschange|p1a: Dolly|Banette-Mega, F\n|-mega|p1a: Dolly|Banette|Banettite\n|move|p1a: Dolly|Taunt|p2a: Xerneas\n|-start|p2a: Xerneas|move: Taunt\n|cant|p2a: Xerneas|move: Taunt|Geomancy\n|\n|upkeep\n|turn|20\n|\n|t:|1699141916\n|move|p2a: Xerneas|Moonblast|p1a: Dolly\n|-damage|p1a: Dolly|25\/100\n|move|p1a: Dolly|Gunk Shot|p2a: Xerneas\n|-supereffective|p2a: Xerneas\n|-damage|p2a: Xerneas|39\/100\n|\n|upkeep\n|turn|21\n|\n|t:|1699141923\n|move|p1a: Dolly|Destiny Bond|p1a: Dolly\n|-singlemove|p1a: Dolly|Destiny Bond\n|move|p2a: Xerneas|Moonblast|p1a: Dolly\n|-damage|p1a: Dolly|0 fnt\n|faint|p1a: Dolly\n|-activate|p1a: Dolly|move: Destiny Bond\n|faint|p2a: Xerneas\n|\n|win|PokedexZero\n|raw|PokedexZero's rating: 1307 &rarr; <strong>1324<\/strong><br \/>(+17 for winning)\n|raw|Minroo's rating: 1246 &rarr; <strong>1225<\/strong><br \/>(-21 for losing)\n|l|\u2606PokedexZero\n","uploadtime":1699141934,"views":7,"p1id":"pokedexzero","p2id":"minroo","formatid":"gen9nationaldexubers","rating":1225,"private":0,"password":""}