{"id":"gen9nationaldexubers-1985353085","p1":"NotGlitchXD","p2":"anil kottu god","format":"[Gen 9] National Dex Ubers","log":"|j|\u2606NotGlitchXD\n|j|\u2606anil kottu god\n|t:|1699367375\n|gametype|singles\n|player|p1|NotGlitchXD|richboy-gen4|\n|player|p2|anil kottu god|red|\n|teamsize|p1|6\n|teamsize|p2|6\n|gen|9\n|tier|[Gen 9] National Dex Ubers\n|rule|HP Percentage Mod: HP is shown in percentages\n|rule|Endless Battle Clause: Forcing endless battles is banned\n|rule|OHKO Clause: OHKO moves are banned\n|rule|Evasion Moves Clause: Evasion moves are banned\n|rule|Evasion Items Clause: Evasion items are banned\n|rule|Species Clause: Limit one of each Pok\u00e9mon\n|rule|Sleep Clause Mod: Limit one foe put to sleep\n|rule|Mega Rayquaza Clause: You cannot mega evolve Rayquaza\n|clearpoke\n|poke|p1|Klefki, F|\n|poke|p1|Kommo-o, M|\n|poke|p1|Azumarill, F|\n|poke|p1|Torterra, M|\n|poke|p1|Drampa, M|\n|poke|p1|Skarmory, F|\n|poke|p2|Garchomp, M|\n|poke|p2|Blaziken, F|\n|poke|p2|Clefable, M|\n|poke|p2|Poliwrath, M|\n|poke|p2|Ferrothorn, M|\n|poke|p2|Steelix, M|\n|teampreview\n|c|\u2606anil kottu god|hiiiiiii\n|c|\u2606anil kottu god|cme\n|c|\u2606NotGlitchXD|Helllllllllllllooooooo\n|\n|t:|1699367392\n|start\n|switch|p1a: Saitama|Kommo-o, M|100\/100\n|switch|p2a: Steelix|Steelix, M, shiny|100\/100\n|turn|1\n|\n|t:|1699367400\n|detailschange|p2a: Steelix|Steelix-Mega, M, shiny\n|-mega|p2a: Steelix|Steelix|Steelixite\n|move|p1a: Saitama|Substitute|p1a: Saitama\n|-start|p1a: Saitama|Substitute\n|-damage|p1a: Saitama|75\/100\n|move|p2a: Steelix|Toxic|p1a: Saitama|[miss]\n|-miss|p2a: Steelix|p1a: Saitama\n|\n|upkeep\n|turn|2\n|\n|t:|1699367410\n|move|p1a: Saitama|Belly Drum|p1a: Saitama\n|-damage|p1a: Saitama|25\/100\n|-setboost|p1a: Saitama|atk|6|[from] move: Belly Drum\n|-enditem|p1a: Saitama|Salac Berry|[eat]\n|-boost|p1a: Saitama|spe|1|[from] item: Salac Berry\n|move|p2a: Steelix|Ancient Power|p1a: Saitama\n|-resisted|p1a: Saitama\n|-activate|p1a: Saitama|move: Substitute|[damage]\n|\n|upkeep\n|turn|3\n|\n|t:|1699367422\n|move|p1a: Saitama|Drain Punch|p2a: Steelix\n|-supereffective|p2a: Steelix\n|-damage|p2a: Steelix|0 fnt\n|-heal|p1a: Saitama|84\/100|[from] drain|[of] p2a: Steelix\n|faint|p2a: Steelix\n|\n|upkeep\n|\n|t:|1699367429\n|switch|p2a: Ferrothorn|Ferrothorn, M, shiny|100\/100\n|-ability|p2a: Ferrothorn|Anticipation\n|turn|4\n|\n|t:|1699367436\n|move|p1a: Saitama|Drain Punch|p2a: Ferrothorn\n|-supereffective|p2a: Ferrothorn\n|-enditem|p2a: Ferrothorn|Focus Sash\n|-damage|p2a: Ferrothorn|1\/100\n|-heal|p1a: Saitama|100\/100|[from] drain|[of] p2a: Ferrothorn\n|move|p2a: Ferrothorn|Giga Drain|p1a: Saitama\n|-resisted|p1a: Saitama\n|-activate|p1a: Saitama|move: Substitute|[damage]\n|-heal|p2a: Ferrothorn|4\/100|[from] drain|[of] p1a: Saitama\n|\n|upkeep\n|turn|5\n|\n|t:|1699367448\n|move|p1a: Saitama|Drain Punch|p2a: Ferrothorn\n|-supereffective|p2a: Ferrothorn\n|-crit|p2a: Ferrothorn\n|-damage|p2a: Ferrothorn|0 fnt\n|faint|p2a: Ferrothorn\n|\n|upkeep\n|\n|t:|1699367452\n|switch|p2a: Clefable|Clefable, M, shiny|100\/100\n|turn|6\n|c|\u2606NotGlitchXD|Saitama o\n|c|\u2606NotGlitchXD|Saitama op\n|\n|t:|1699367462\n|-terastallize|p2a: Clefable|Fairy\n|move|p1a: Saitama|Iron Head|p2a: Clefable\n|-supereffective|p2a: Clefable\n|-damage|p2a: Clefable|54\/100\n|cant|p2a: Clefable|flinch\n|\n|upkeep\n|turn|7\n|c|\u2606anil kottu god|ok\n|\n|t:|1699367473\n|-terastallize|p1a: Saitama|Steel\n|move|p1a: Saitama|Iron Head|p2a: Clefable\n|-supereffective|p2a: Clefable\n|-damage|p2a: Clefable|0 fnt\n|faint|p2a: Clefable\n|\n|upkeep\n|\n|t:|1699367480\n|switch|p2a: Poliwrath|Poliwrath, M, shiny|100\/100\n|-item|p2a: Poliwrath|Air Balloon\n|turn|8\n|c|\u2606NotGlitchXD|Yeah\n|\n|t:|1699367486\n|move|p1a: Saitama|Drain Punch|p2a: Poliwrath\n|-damage|p2a: Poliwrath|0 fnt\n|-enditem|p2a: Poliwrath|Air Balloon\n|faint|p2a: Poliwrath\n|\n|upkeep\n|c|\u2606anil kottu god|okk new one u play\n|\n|t:|1699367492\n|switch|p2a: Blaziken|Blaziken, F|100\/100\n|turn|9\n|c|\u2606NotGlitchXD|Hehehehehe\n|\n|t:|1699367496\n|move|p1a: Saitama|Drain Punch|p2a: Blaziken\n|-enditem|p2a: Blaziken|Focus Sash\n|-damage|p2a: Blaziken|1\/100\n|move|p2a: Blaziken|Flare Blitz|p1a: Saitama\n|-supereffective|p1a: Saitama\n|-end|p1a: Saitama|Substitute\n|-damage|p2a: Blaziken|0 fnt|[from] Recoil|[of] p1a: Saitama\n|faint|p2a: Blaziken\n|\n|upkeep\n|\n|t:|1699367516\n|switch|p2a: Garchomp|Garchomp, M|100\/100\n|turn|10\n|c|\u2606NotGlitchXD|6-0\n|c|\u2606NotGlitchXD|Lololo\n|\n|t:|1699367523\n|move|p1a: Saitama|Drain Punch|p2a: Garchomp\n|-damage|p2a: Garchomp|0 fnt\n|-damage|p1a: Saitama|88\/100|[from] ability: Rough Skin|[of] p2a: Garchomp\n|faint|p2a: Garchomp\n|\n|win|NotGlitchXD\n|c|\u2606anil kottu god|no sending\n|c|\u2606NotGlitchXD|Hahahaha\n|c|\u2606NotGlitchXD|I'll send it to u\n","uploadtime":1699367538,"views":6,"p1id":"notglitchxd","p2id":"anilkottugod","formatid":"gen9nationaldexubers","rating":0,"private":0,"password":""}