{"id":"gen9nationaldexubers-1998311967","p1":"Sky_High_Claws","p2":"THUNDER-M0DE\u303d\ufe0f","format":"[Gen 9] National Dex Ubers","log":"|j|\u2606Sky_High_Claws\n|j|\u2606THUNDER-M0DE\u303d\ufe0f\n|t:|1700928046\n|gametype|singles\n|player|p1|Sky_High_Claws|102|1044\n|player|p2|THUNDER-M0DE\u303d\ufe0f|elesa-masters|1032\n|teamsize|p1|6\n|teamsize|p2|6\n|gen|9\n|tier|[Gen 9] National Dex Ubers\n|rated|\n|rule|HP Percentage Mod: HP is shown in percentages\n|rule|Endless Battle Clause: Forcing endless battles is banned\n|rule|OHKO Clause: OHKO moves are banned\n|rule|Evasion Moves Clause: Evasion moves are banned\n|rule|Evasion Items Clause: Evasion items are banned\n|rule|Species Clause: Limit one of each Pok\u00e9mon\n|rule|Sleep Clause Mod: Limit one foe put to sleep\n|rule|Mega Rayquaza Clause: You cannot mega evolve Rayquaza\n|clearpoke\n|poke|p1|Iron Valiant|\n|poke|p1|Scream Tail|\n|poke|p1|Brute Bonnet|\n|poke|p1|Iron Bundle|\n|poke|p1|Iron Hands|\n|poke|p1|Slither Wing|\n|poke|p2|Bellibolt, M|\n|poke|p2|Xurkitree|\n|poke|p2|Sandy Shocks|\n|poke|p2|Rotom-Wash|\n|poke|p2|Galvantula, M|\n|poke|p2|Pincurchin, M|\n|teampreview\n|inactive|Battle timer is ON: inactive players will automatically lose when time's up. (requested by Sky_High_Claws)\n|\n|t:|1700928052\n|start\n|switch|p1a: Brute Bonnet|Brute Bonnet|100\/100\n|switch|p2a: \u26a1\ufe0fGALVANTULA\u26a1\ufe0f|Galvantula, M, shiny|100\/100\n|-enditem|p1a: Brute Bonnet|Booster Energy\n|-activate|p1a: Brute Bonnet|ability: Protosynthesis|[fromitem]\n|-start|p1a: Brute Bonnet|protosynthesisatk\n|turn|1\n|\n|t:|1700928069\n|move|p2a: \u26a1\ufe0fGALVANTULA\u26a1\ufe0f|Sticky Web|p1a: Brute Bonnet\n|-sidestart|p1: Sky_High_Claws|move: Sticky Web\n|move|p1a: Brute Bonnet|Seed Bomb|p2a: \u26a1\ufe0fGALVANTULA\u26a1\ufe0f\n|-resisted|p2a: \u26a1\ufe0fGALVANTULA\u26a1\ufe0f\n|-damage|p2a: \u26a1\ufe0fGALVANTULA\u26a1\ufe0f|48\/100\n|\n|upkeep\n|turn|2\n|\n|t:|1700928076\n|move|p2a: \u26a1\ufe0fGALVANTULA\u26a1\ufe0f|Thunder|p1a: Brute Bonnet\n|-resisted|p1a: Brute Bonnet\n|-damage|p1a: Brute Bonnet|81\/100\n|move|p1a: Brute Bonnet|Seed Bomb|p2a: \u26a1\ufe0fGALVANTULA\u26a1\ufe0f\n|-resisted|p2a: \u26a1\ufe0fGALVANTULA\u26a1\ufe0f\n|-crit|p2a: \u26a1\ufe0fGALVANTULA\u26a1\ufe0f\n|-damage|p2a: \u26a1\ufe0fGALVANTULA\u26a1\ufe0f|0 fnt\n|faint|p2a: \u26a1\ufe0fGALVANTULA\u26a1\ufe0f\n|\n|upkeep\n|\n|t:|1700928089\n|switch|p2a: \u26a1\ufe0f\u26a1\ufe0fPINCURCHIN\u26a1\ufe0f\u26a1\ufe0f|Pincurchin, M, shiny|100\/100\n|-fieldstart|move: Electric Terrain|[from] ability: Electric Surge|[of] p2a: \u26a1\ufe0f\u26a1\ufe0fPINCURCHIN\u26a1\ufe0f\u26a1\ufe0f\n|turn|3\n|\n|t:|1700928095\n|move|p1a: Brute Bonnet|Close Combat|p2a: \u26a1\ufe0f\u26a1\ufe0fPINCURCHIN\u26a1\ufe0f\u26a1\ufe0f\n|-damage|p2a: \u26a1\ufe0f\u26a1\ufe0fPINCURCHIN\u26a1\ufe0f\u26a1\ufe0f|23\/100\n|-unboost|p1a: Brute Bonnet|def|1\n|-unboost|p1a: Brute Bonnet|spd|1\n|move|p2a: \u26a1\ufe0f\u26a1\ufe0fPINCURCHIN\u26a1\ufe0f\u26a1\ufe0f|Thunder Wave|p1a: Brute Bonnet\n|-status|p1a: Brute Bonnet|par\n|\n|upkeep\n|turn|4\n|\n|t:|1700928104\n|switch|p2a: \u26a1\ufe0fBELLI ASSUALT\u26a1\ufe0f|Bellibolt, M, shiny|100\/100\n|cant|p1a: Brute Bonnet|par\n|\n|upkeep\n|turn|5\n|\n|t:|1700928114\n|move|p2a: \u26a1\ufe0fBELLI ASSUALT\u26a1\ufe0f|Thunderbolt|p1a: Brute Bonnet\n|-resisted|p1a: Brute Bonnet\n|-damage|p1a: Brute Bonnet|37\/100 par\n|cant|p1a: Brute Bonnet|par\n|\n|upkeep\n|turn|6\n|\n|t:|1700928120\n|move|p2a: \u26a1\ufe0fBELLI ASSUALT\u26a1\ufe0f|Thunderbolt|p1a: Brute Bonnet\n|-resisted|p1a: Brute Bonnet\n|-damage|p1a: Brute Bonnet|0 fnt\n|faint|p1a: Brute Bonnet\n|-end|p1a: Brute Bonnet|Protosynthesis|[silent]\n|\n|upkeep\n|\n|t:|1700928145\n|switch|p1a: Iron Hands|Iron Hands|100\/100\n|-activate|p1a: Iron Hands|move: Sticky Web\n|-unboost|p1a: Iron Hands|spe|1\n|-activate|p1a: Iron Hands|ability: Quark Drive\n|-start|p1a: Iron Hands|quarkdriveatk\n|turn|7\n|\n|t:|1700928155\n|move|p2a: \u26a1\ufe0fBELLI ASSUALT\u26a1\ufe0f|Thunderbolt|p1a: Iron Hands\n|-resisted|p1a: Iron Hands\n|-damage|p1a: Iron Hands|67\/100\n|move|p1a: Iron Hands|Earthquake|p2a: \u26a1\ufe0fBELLI ASSUALT\u26a1\ufe0f\n|-supereffective|p2a: \u26a1\ufe0fBELLI ASSUALT\u26a1\ufe0f\n|-damage|p2a: \u26a1\ufe0fBELLI ASSUALT\u26a1\ufe0f|7\/100\n|-start|p2a: \u26a1\ufe0fBELLI ASSUALT\u26a1\ufe0f|Charge|Earthquake|[from] ability: Electromorphosis\n|\n|upkeep\n|turn|8\n|\n|t:|1700928164\n|move|p2a: \u26a1\ufe0fBELLI ASSUALT\u26a1\ufe0f|Thunderbolt|p1a: Iron Hands\n|-resisted|p1a: Iron Hands\n|-damage|p1a: Iron Hands|9\/100\n|-end|p2a: \u26a1\ufe0fBELLI ASSUALT\u26a1\ufe0f|Charge|[silent]\n|move|p1a: Iron Hands|Earthquake|p2a: \u26a1\ufe0fBELLI ASSUALT\u26a1\ufe0f\n|-supereffective|p2a: \u26a1\ufe0fBELLI ASSUALT\u26a1\ufe0f\n|-damage|p2a: \u26a1\ufe0fBELLI ASSUALT\u26a1\ufe0f|0 fnt\n|faint|p2a: \u26a1\ufe0fBELLI ASSUALT\u26a1\ufe0f\n|\n|upkeep\n|\n|t:|1700928177\n|switch|p2a: \u26a1\ufe0fSANDY\u26a1\ufe0fSHOCKZ\u26a1\ufe0f|Sandy Shocks|100\/100\n|-enditem|p2a: \u26a1\ufe0fSANDY\u26a1\ufe0fSHOCKZ\u26a1\ufe0f|Booster Energy\n|-activate|p2a: \u26a1\ufe0fSANDY\u26a1\ufe0fSHOCKZ\u26a1\ufe0f|ability: Protosynthesis|[fromitem]\n|-start|p2a: \u26a1\ufe0fSANDY\u26a1\ufe0fSHOCKZ\u26a1\ufe0f|protosynthesisspa\n|turn|9\n|\n|t:|1700928183\n|move|p2a: \u26a1\ufe0fSANDY\u26a1\ufe0fSHOCKZ\u26a1\ufe0f|Thunderbolt|p1a: Iron Hands\n|-resisted|p1a: Iron Hands\n|-damage|p1a: Iron Hands|0 fnt\n|faint|p1a: Iron Hands\n|-end|p1a: Iron Hands|Quark Drive|[silent]\n|\n|upkeep\n|\n|t:|1700928193\n|switch|p1a: Iron Bundle|Iron Bundle|100\/100\n|-activate|p1a: Iron Bundle|move: Sticky Web\n|-unboost|p1a: Iron Bundle|spe|1\n|-activate|p1a: Iron Bundle|ability: Quark Drive\n|-start|p1a: Iron Bundle|quarkdrivespa\n|turn|10\n|\n|t:|1700928201\n|move|p2a: \u26a1\ufe0fSANDY\u26a1\ufe0fSHOCKZ\u26a1\ufe0f|Thunderbolt|p1a: Iron Bundle\n|-supereffective|p1a: Iron Bundle\n|-damage|p1a: Iron Bundle|0 fnt\n|faint|p1a: Iron Bundle\n|-end|p1a: Iron Bundle|Quark Drive|[silent]\n|\n|-fieldend|move: Electric Terrain\n|upkeep\n|\n|t:|1700928208\n|switch|p1a: Scream Tail|Scream Tail|100\/100\n|-activate|p1a: Scream Tail|move: Sticky Web\n|-unboost|p1a: Scream Tail|spe|1\n|-enditem|p1a: Scream Tail|Booster Energy\n|-activate|p1a: Scream Tail|ability: Protosynthesis|[fromitem]\n|-start|p1a: Scream Tail|protosynthesisspd\n|turn|11\n|\n|t:|1700928215\n|move|p2a: \u26a1\ufe0fSANDY\u26a1\ufe0fSHOCKZ\u26a1\ufe0f|Thunderbolt|p1a: Scream Tail\n|-damage|p1a: Scream Tail|67\/100\n|move|p1a: Scream Tail|Psychic|p2a: \u26a1\ufe0fSANDY\u26a1\ufe0fSHOCKZ\u26a1\ufe0f\n|-damage|p2a: \u26a1\ufe0fSANDY\u26a1\ufe0fSHOCKZ\u26a1\ufe0f|64\/100\n|-unboost|p2a: \u26a1\ufe0fSANDY\u26a1\ufe0fSHOCKZ\u26a1\ufe0f|spd|1\n|\n|upkeep\n|turn|12\n|\n|t:|1700928223\n|move|p2a: \u26a1\ufe0fSANDY\u26a1\ufe0fSHOCKZ\u26a1\ufe0f|Zap Cannon|p1a: Scream Tail|[miss]\n|-miss|p2a: \u26a1\ufe0fSANDY\u26a1\ufe0fSHOCKZ\u26a1\ufe0f|p1a: Scream Tail\n|move|p1a: Scream Tail|Psychic|p2a: \u26a1\ufe0fSANDY\u26a1\ufe0fSHOCKZ\u26a1\ufe0f\n|-damage|p2a: \u26a1\ufe0fSANDY\u26a1\ufe0fSHOCKZ\u26a1\ufe0f|6\/100\n|-unboost|p2a: \u26a1\ufe0fSANDY\u26a1\ufe0fSHOCKZ\u26a1\ufe0f|spd|1\n|\n|upkeep\n|turn|13\n|\n|t:|1700928231\n|move|p2a: \u26a1\ufe0fSANDY\u26a1\ufe0fSHOCKZ\u26a1\ufe0f|Zap Cannon|p1a: Scream Tail|[miss]\n|-miss|p2a: \u26a1\ufe0fSANDY\u26a1\ufe0fSHOCKZ\u26a1\ufe0f|p1a: Scream Tail\n|move|p1a: Scream Tail|Psychic|p2a: \u26a1\ufe0fSANDY\u26a1\ufe0fSHOCKZ\u26a1\ufe0f\n|-damage|p2a: \u26a1\ufe0fSANDY\u26a1\ufe0fSHOCKZ\u26a1\ufe0f|0 fnt\n|faint|p2a: \u26a1\ufe0fSANDY\u26a1\ufe0fSHOCKZ\u26a1\ufe0f\n|-end|p2a: \u26a1\ufe0fSANDY\u26a1\ufe0fSHOCKZ\u26a1\ufe0f|Protosynthesis|[silent]\n|\n|upkeep\n|\n|t:|1700928240\n|switch|p2a: \u26a1\ufe0f\u26a1\ufe0fPINCURCHIN\u26a1\ufe0f\u26a1\ufe0f|Pincurchin, M, shiny|23\/100\n|-fieldstart|move: Electric Terrain|[from] ability: Electric Surge|[of] p2a: \u26a1\ufe0f\u26a1\ufe0fPINCURCHIN\u26a1\ufe0f\u26a1\ufe0f\n|turn|14\n|\n|t:|1700928249\n|move|p1a: Scream Tail|Psychic|p2a: \u26a1\ufe0f\u26a1\ufe0fPINCURCHIN\u26a1\ufe0f\u26a1\ufe0f\n|-damage|p2a: \u26a1\ufe0f\u26a1\ufe0fPINCURCHIN\u26a1\ufe0f\u26a1\ufe0f|0 fnt\n|faint|p2a: \u26a1\ufe0f\u26a1\ufe0fPINCURCHIN\u26a1\ufe0f\u26a1\ufe0f\n|\n|upkeep\n|\n|t:|1700928255\n|switch|p2a: \u26a1\ufe0f\u26a1\ufe0fXURKITREE\u26a1\ufe0f\u26a1\ufe0f|Xurkitree, shiny|100\/100\n|turn|15\n|\n|t:|1700928278\n|-terastallize|p2a: \u26a1\ufe0f\u26a1\ufe0fXURKITREE\u26a1\ufe0f\u26a1\ufe0f|Electric\n|move|p2a: \u26a1\ufe0f\u26a1\ufe0fXURKITREE\u26a1\ufe0f\u26a1\ufe0f|Thunderbolt|p1a: Scream Tail\n|-damage|p1a: Scream Tail|0 fnt\n|faint|p1a: Scream Tail\n|-end|p1a: Scream Tail|Protosynthesis|[silent]\n|-ability|p2a: \u26a1\ufe0f\u26a1\ufe0fXURKITREE\u26a1\ufe0f\u26a1\ufe0f|Beast Boost|boost\n|-boost|p2a: \u26a1\ufe0f\u26a1\ufe0fXURKITREE\u26a1\ufe0f\u26a1\ufe0f|spa|1\n|\n|upkeep\n|\n|t:|1700928286\n|switch|p1a: Iron Valiant|Iron Valiant|100\/100\n|-activate|p1a: Iron Valiant|move: Sticky Web\n|-unboost|p1a: Iron Valiant|spe|1\n|-activate|p1a: Iron Valiant|ability: Quark Drive\n|-start|p1a: Iron Valiant|quarkdriveatk\n|turn|16\n|\n|t:|1700928295\n|move|p2a: \u26a1\ufe0f\u26a1\ufe0fXURKITREE\u26a1\ufe0f\u26a1\ufe0f|Thunderbolt|p1a: Iron Valiant\n|-damage|p1a: Iron Valiant|0 fnt\n|faint|p1a: Iron Valiant\n|-end|p1a: Iron Valiant|Quark Drive|[silent]\n|-ability|p2a: \u26a1\ufe0f\u26a1\ufe0fXURKITREE\u26a1\ufe0f\u26a1\ufe0f|Beast Boost|boost\n|-boost|p2a: \u26a1\ufe0f\u26a1\ufe0fXURKITREE\u26a1\ufe0f\u26a1\ufe0f|spa|1\n|\n|upkeep\n|-message|Sky_High_Claws forfeited.\n|\n|win|THUNDER-M0DE\u303d\ufe0f\n|raw|Sky_High_Claws's rating: 1044 &rarr; <strong>1027<\/strong><br \/>(-17 for losing)\n|raw|THUNDER-M0DE\u303d\ufe0f's rating: 1032 &rarr; <strong>1068<\/strong><br \/>(+36 for winning)\n|l|\u2606Sky_High_Claws\n","uploadtime":1700928506,"views":0,"p1id":"skyhighclaws","p2id":"thunderm0de","formatid":"gen9nationaldexubers","rating":1027,"private":0,"password":""}