{"id":"gen9nationaldexubers-1990525706","p1":"mathis2812","p2":"85792195wwww","format":"[Gen 9] National Dex Ubers","log":"|j|\u2606mathis2812\n|j|\u260685792195wwww\n|t:|1699978659\n|gametype|singles\n|player|p1|mathis2812|cynthia-gen4|1434\n|player|p2|85792195wwww|mira|1639\n|teamsize|p1|6\n|teamsize|p2|6\n|gen|9\n|tier|[Gen 9] National Dex Ubers\n|rated|\n|rule|HP Percentage Mod: HP is shown in percentages\n|rule|Endless Battle Clause: Forcing endless battles is banned\n|rule|OHKO Clause: OHKO moves are banned\n|rule|Evasion Moves Clause: Evasion moves are banned\n|rule|Evasion Items Clause: Evasion items are banned\n|rule|Species Clause: Limit one of each Pok\u00e9mon\n|rule|Sleep Clause Mod: Limit one foe put to sleep\n|rule|Mega Rayquaza Clause: You cannot mega evolve Rayquaza\n|clearpoke\n|poke|p1|Regieleki|\n|poke|p1|Xerneas-*|\n|poke|p1|Kyogre|\n|poke|p1|Calyrex-Ice|\n|poke|p1|Ninetales-Alola, M|\n|poke|p1|Sinistcha|\n|poke|p2|Zacian-*|\n|poke|p2|Arceus-Ground|\n|poke|p2|Deoxys-Speed|\n|poke|p2|Landorus, M|\n|poke|p2|Groudon|\n|poke|p2|Kyurem-Black|\n|teampreview\n|inactive|Battle timer is ON: inactive players will automatically lose when time's up. (requested by mathis2812)\n|\n|t:|1699978670\n|start\n|switch|p1a: Ninetales|Ninetales-Alola, M|100\/100\n|switch|p2a: Deoxys|Deoxys-Speed|100\/100\n|-ability|p2a: Deoxys|Pressure\n|-weather|Snow|[from] ability: Snow Warning|[of] p1a: Ninetales\n|turn|1\n|\n|t:|1699978680\n|move|p2a: Deoxys|Taunt|p1a: Ninetales\n|-start|p1a: Ninetales|move: Taunt\n|cant|p1a: Ninetales|move: Taunt|Encore\n|\n|-weather|Snow|[upkeep]\n|upkeep\n|turn|2\n|\n|t:|1699978687\n|move|p2a: Deoxys|Stealth Rock|p1a: Ninetales\n|-sidestart|p1: mathis2812|move: Stealth Rock\n|move|p1a: Ninetales|Blizzard|p2a: Deoxys\n|-damage|p2a: Deoxys|52\/100\n|\n|-weather|Snow|[upkeep]\n|upkeep\n|turn|3\n|\n|t:|1699978700\n|move|p2a: Deoxys|Spikes|p1a: Ninetales\n|-sidestart|p1: mathis2812|Spikes\n|move|p1a: Ninetales|Blizzard|p2a: Deoxys\n|-damage|p2a: Deoxys|0 fnt\n|faint|p2a: Deoxys\n|\n|-weather|Snow|[upkeep]\n|-end|p1a: Ninetales|move: Taunt\n|upkeep\n|\n|t:|1699978714\n|switch|p2a: Groudon|Groudon|100\/100\n|detailschange|p2a: Groudon|Groudon-Primal\n|-primal|p2a: Groudon|Red Orb\n|-weather|DesolateLand|[from] ability: Desolate Land|[of] p2a: Groudon\n|turn|4\n|\n|t:|1699978720\n|switch|p1a: Sinistcha|Sinistcha|100\/100\n|-damage|p1a: Sinistcha|88\/100|[from] Stealth Rock\n|-damage|p1a: Sinistcha|76\/100|[from] Spikes\n|move|p2a: Groudon|Rock Polish|p2a: Groudon\n|-boost|p2a: Groudon|spe|2\n|\n|-weather|DesolateLand|[upkeep]\n|upkeep\n|turn|5\n|\n|t:|1699978729\n|move|p2a: Groudon|Heat Crash|p1a: Sinistcha\n|-supereffective|p1a: Sinistcha\n|-damage|p1a: Sinistcha|0 fnt\n|faint|p1a: Sinistcha\n|\n|-weather|DesolateLand|[upkeep]\n|upkeep\n|\n|t:|1699978735\n|switch|p1a: Kyogre|Kyogre|100\/100\n|-damage|p1a: Kyogre|88\/100|[from] Stealth Rock\n|-damage|p1a: Kyogre|76\/100|[from] Spikes\n|detailschange|p1a: Kyogre|Kyogre-Primal\n|-primal|p1a: Kyogre|Blue Orb\n|-weather|PrimordialSea|[from] ability: Primordial Sea|[of] p1a: Kyogre\n|turn|6\n|\n|t:|1699978744\n|move|p2a: Groudon|Precipice Blades|p1a: Kyogre\n|-damage|p1a: Kyogre|0 fnt\n|faint|p1a: Kyogre\n|-weather|none\n|\n|upkeep\n|\n|t:|1699978763\n|switch|p1a: Calyrex|Calyrex-Ice|100\/100\n|-ability|p1a: Calyrex|As One\n|-ability|p1a: Calyrex|Unnerve\n|-damage|p1a: Calyrex|76\/100|[from] Stealth Rock\n|-damage|p1a: Calyrex|63\/100|[from] Spikes\n|turn|7\n|\n|t:|1699978771\n|-terastallize|p1a: Calyrex|Ground\n|move|p2a: Groudon|Precipice Blades|p1a: Calyrex\n|-damage|p1a: Calyrex|6\/100\n|move|p1a: Calyrex|High Horsepower|p2a: Groudon\n|-supereffective|p2a: Groudon\n|-crit|p2a: Groudon\n|-damage|p2a: Groudon|0 fnt\n|faint|p2a: Groudon\n|-ability|p1a: Calyrex|Chilling Neigh|boost\n|-boost|p1a: Calyrex|atk|1\n|\n|upkeep\n|\n|t:|1699978791\n|switch|p2a: Zacian|Zacian-Crowned|100\/100\n|-ability|p2a: Zacian|Intrepid Sword|boost\n|-boost|p2a: Zacian|atk|1\n|turn|8\n|\n|t:|1699978796\n|move|p2a: Zacian|Behemoth Blade|p1a: Calyrex\n|-damage|p1a: Calyrex|0 fnt\n|faint|p1a: Calyrex\n|\n|upkeep\n|\n|t:|1699978803\n|switch|p1a: Regieleki|Regieleki|100\/100\n|turn|9\n|\n|t:|1699978808\n|-terastallize|p2a: Zacian|Ground\n|move|p1a: Regieleki|Volt Switch|p2a: Zacian\n|-immune|p2a: Zacian\n|move|p2a: Zacian|Tera Blast|p1a: Regieleki|[anim] Tera Blast Ground\n|-supereffective|p1a: Regieleki\n|-damage|p1a: Regieleki|0 fnt\n|faint|p1a: Regieleki\n|\n|upkeep\n|\n|t:|1699978811\n|switch|p1a: Ninetales|Ninetales-Alola, M|100\/100\n|-damage|p1a: Ninetales|75\/100|[from] Stealth Rock\n|-damage|p1a: Ninetales|63\/100|[from] Spikes\n|-weather|Snow|[from] ability: Snow Warning|[of] p1a: Ninetales\n|turn|10\n|-message|mathis2812 forfeited.\n|\n|win|85792195wwww\n|raw|mathis2812's rating: 1434 &rarr; <strong>1425<\/strong><br \/>(-9 for losing)\n|raw|85792195wwww's rating: 1639 &rarr; <strong>1648<\/strong><br \/>(+9 for winning)\n|l|\u2606mathis2812\n","uploadtime":1699978827,"views":6,"p1id":"mathis2812","p2id":"85792195wwww","formatid":"gen9nationaldexubers","rating":1425,"private":0,"password":""}