{"id":"gen9nationaldexubers-1987605763","p1":"hexagonereal","p2":"breezai","format":"[Gen 9] National Dex Ubers","log":"|j|\u2606hexagonereal\n|j|\u2606breezai\n|t:|1699618647\n|gametype|singles\n|player|p1|hexagonereal|cyrus|1580\n|player|p2|breezai|candice|1547\n|teamsize|p1|6\n|teamsize|p2|6\n|gen|9\n|tier|[Gen 9] National Dex Ubers\n|rated|\n|rule|HP Percentage Mod: HP is shown in percentages\n|rule|Endless Battle Clause: Forcing endless battles is banned\n|rule|OHKO Clause: OHKO moves are banned\n|rule|Evasion Moves Clause: Evasion moves are banned\n|rule|Evasion Items Clause: Evasion items are banned\n|rule|Species Clause: Limit one of each Pok\u00e9mon\n|rule|Sleep Clause Mod: Limit one foe put to sleep\n|rule|Mega Rayquaza Clause: You cannot mega evolve Rayquaza\n|clearpoke\n|poke|p1|Salamence, F|\n|poke|p1|Groudon|\n|poke|p1|Arceus-Dark|\n|poke|p1|Xerneas-*|\n|poke|p1|Ho-Oh|\n|poke|p1|Zacian-*|\n|poke|p2|Xerneas-*|\n|poke|p2|Kyogre|\n|poke|p2|Groudon|\n|poke|p2|Zygarde|\n|poke|p2|Necrozma-Dusk-Mane|\n|poke|p2|Eternatus|\n|teampreview\n|c|\u2606hexagonereal|breezai\n|c|\u2606breezai|hexagonereal\n|c|\u2606hexagonereal|gl\n|c|\u2606breezai|u2\n|\n|t:|1699618684\n|start\n|switch|p1a: Notorious D.O.N|Groudon|100\/100\n|switch|p2a: Groudon|Groudon|100\/100\n|detailschange|p1a: Notorious D.O.N|Groudon-Primal\n|-primal|p1a: Notorious D.O.N|Red Orb\n|-weather|DesolateLand|[from] ability: Desolate Land|[of] p1a: Notorious D.O.N\n|detailschange|p2a: Groudon|Groudon-Primal\n|-primal|p2a: Groudon|Red Orb\n|turn|1\n|\n|t:|1699618705\n|move|p1a: Notorious D.O.N|Precipice Blades|p2a: Groudon\n|-supereffective|p2a: Groudon\n|-damage|p2a: Groudon|11\/100\n|move|p2a: Groudon|Precipice Blades|p1a: Notorious D.O.N\n|-supereffective|p1a: Notorious D.O.N\n|-damage|p1a: Notorious D.O.N|16\/100\n|\n|-weather|DesolateLand|[upkeep]\n|upkeep\n|turn|2\n|\n|t:|1699618712\n|switch|p1a: Drake|Salamence, F|100\/100\n|-ability|p1a: Drake|Intimidate|boost\n|-unboost|p2a: Groudon|atk|1\n|-weather|none\n|switch|p2a: Zygarde|Zygarde|100\/100\n|\n|upkeep\n|turn|3\n|\n|t:|1699618724\n|switch|p1a: Notorious D.O.N|Groudon-Primal|16\/100\n|-weather|DesolateLand|[from] ability: Desolate Land|[of] p1a: Notorious D.O.N\n|move|p2a: Zygarde|Glare|p1a: Notorious D.O.N\n|-status|p1a: Notorious D.O.N|par\n|\n|-weather|DesolateLand|[upkeep]\n|upkeep\n|turn|4\n|\n|t:|1699618727\n|move|p2a: Zygarde|Thousand Arrows|p1a: Notorious D.O.N\n|-supereffective|p1a: Notorious D.O.N\n|-damage|p1a: Notorious D.O.N|0 fnt\n|faint|p1a: Notorious D.O.N\n|-weather|none\n|\n|upkeep\n|\n|t:|1699618737\n|switch|p1a: Drake|Salamence, F|100\/100\n|-ability|p1a: Drake|Intimidate|boost\n|-unboost|p2a: Zygarde|atk|1\n|turn|5\n|\n|t:|1699618745\n|switch|p1a: Ludarcis|Arceus-Dark|100\/100\n|move|p2a: Zygarde|Glare|p1a: Ludarcis\n|-status|p1a: Ludarcis|par\n|\n|upkeep\n|turn|6\n|\n|t:|1699618756\n|switch|p2a: Eternatus|Eternatus|100\/100\n|-ability|p2a: Eternatus|Pressure\n|move|p1a: Ludarcis|Toxic|p2a: Eternatus\n|-immune|p2a: Eternatus\n|\n|upkeep\n|turn|7\n|\n|t:|1699618775\n|switch|p1a: Snoop Dog|Zacian-Crowned|100\/100\n|-ability|p1a: Snoop Dog|Intrepid Sword|boost\n|-boost|p1a: Snoop Dog|atk|1\n|move|p2a: Eternatus|Toxic Spikes|p1a: Snoop Dog\n|-sidestart|p1: hexagonereal|move: Toxic Spikes\n|\n|upkeep\n|turn|8\n|\n|t:|1699618783\n|move|p1a: Snoop Dog|Behemoth Blade|p2a: Eternatus\n|-damage|p2a: Eternatus|33\/100\n|move|p2a: Eternatus|Flamethrower|p1a: Snoop Dog\n|-supereffective|p1a: Snoop Dog\n|-damage|p1a: Snoop Dog|51\/100\n|\n|-heal|p2a: Eternatus|39\/100|[from] item: Leftovers\n|upkeep\n|turn|9\n|\n|t:|1699618792\n|switch|p2a: Groudon|Groudon-Primal|11\/100\n|-weather|DesolateLand|[from] ability: Desolate Land|[of] p2a: Groudon\n|move|p1a: Snoop Dog|Behemoth Blade|p2a: Groudon\n|-resisted|p2a: Groudon\n|-damage|p2a: Groudon|0 fnt\n|faint|p2a: Groudon\n|-weather|none\n|\n|upkeep\n|\n|t:|1699618813\n|switch|p2a: Necrozma|Necrozma-Dusk-Mane|100\/100\n|turn|10\n|\n|t:|1699618820\n|move|p1a: Snoop Dog|Close Combat|p2a: Necrozma\n|-damage|p2a: Necrozma|57\/100\n|-unboost|p1a: Snoop Dog|def|1\n|-unboost|p1a: Snoop Dog|spd|1\n|move|p2a: Necrozma|Earthquake|p1a: Snoop Dog\n|-supereffective|p1a: Snoop Dog\n|-damage|p1a: Snoop Dog|0 fnt\n|faint|p1a: Snoop Dog\n|\n|upkeep\n|\n|t:|1699618827\n|switch|p1a: Drake|Salamence, F|100\/100\n|-ability|p1a: Drake|Intimidate|boost\n|-unboost|p2a: Necrozma|atk|1\n|turn|11\n|\n|t:|1699618837\n|detailschange|p1a: Drake|Salamence-Mega, F\n|-mega|p1a: Drake|Salamence|Salamencite\n|move|p1a: Drake|Dragon Dance|p1a: Drake\n|-boost|p1a: Drake|atk|1\n|-boost|p1a: Drake|spe|1\n|move|p2a: Necrozma|Swords Dance|p2a: Necrozma\n|-boost|p2a: Necrozma|atk|2\n|\n|upkeep\n|turn|12\n|\n|t:|1699618859\n|move|p1a: Drake|Dragon Dance|p1a: Drake\n|-boost|p1a: Drake|atk|1\n|-boost|p1a: Drake|spe|1\n|-zpower|p2a: Necrozma\n|move|p2a: Necrozma|Searing Sunraze Smash|p1a: Drake|[zeffect]\n|-damage|p1a: Drake|0 fnt\n|faint|p1a: Drake\n|\n|upkeep\n|\n|t:|1699618866\n|switch|p1a: Cardi B(ird)|Ho-Oh|100\/100\n|turn|13\n|\n|t:|1699618873\n|switch|p2a: Eternatus|Eternatus|39\/100\n|-ability|p2a: Eternatus|Pressure\n|move|p1a: Cardi B(ird)|Thunder Wave|p2a: Eternatus\n|-status|p2a: Eternatus|par\n|\n|-heal|p2a: Eternatus|46\/100 par|[from] item: Leftovers\n|upkeep\n|turn|14\n|\n|t:|1699618878\n|move|p1a: Cardi B(ird)|Defog|p2a: Eternatus\n|-unboost|p2a: Eternatus|evasion|1\n|-sideend|p1: hexagonereal|Toxic Spikes|[from] move: Defog|[of] p1a: Cardi B(ird)\n|move|p2a: Eternatus|Recover|p2a: Eternatus\n|-heal|p2a: Eternatus|96\/100 par\n|\n|-heal|p2a: Eternatus|100\/100 par|[from] item: Leftovers\n|upkeep\n|turn|15\n|\n|t:|1699618889\n|switch|p1a: Lil Neas X|Xerneas|100\/100\n|-ability|p1a: Lil Neas X|Fairy Aura\n|move|p2a: Eternatus|Sludge Bomb|p1a: Lil Neas X\n|-supereffective|p1a: Lil Neas X\n|-damage|p1a: Lil Neas X|28\/100\n|\n|upkeep\n|turn|16\n|\n|t:|1699618897\n|move|p1a: Lil Neas X|Geomancy||[still]\n|-prepare|p1a: Lil Neas X|Geomancy\n|-enditem|p1a: Lil Neas X|Power Herb\n|-anim|p1a: Lil Neas X|Geomancy|p1a: Lil Neas X\n|-boost|p1a: Lil Neas X|spa|2\n|-boost|p1a: Lil Neas X|spd|2\n|-boost|p1a: Lil Neas X|spe|2\n|cant|p2a: Eternatus|par\n|\n|upkeep\n|turn|17\n|\n|t:|1699618904\n|move|p1a: Lil Neas X|Moonblast|p2a: Eternatus\n|-damage|p2a: Eternatus|14\/100 par\n|-unboost|p2a: Eternatus|spa|1\n|move|p2a: Eternatus|Sludge Bomb|p1a: Lil Neas X\n|-supereffective|p1a: Lil Neas X\n|-damage|p1a: Lil Neas X|3\/100\n|\n|-heal|p2a: Eternatus|20\/100 par|[from] item: Leftovers\n|upkeep\n|turn|18\n|\n|t:|1699618930\n|move|p1a: Lil Neas X|Moonblast|p2a: Eternatus\n|-crit|p2a: Eternatus\n|-damage|p2a: Eternatus|0 fnt\n|faint|p2a: Eternatus\n|\n|upkeep\n|\n|t:|1699618937\n|switch|p2a: Necrozma|Necrozma-Dusk-Mane|57\/100\n|turn|19\n|\n|t:|1699618948\n|-terastallize|p1a: Lil Neas X|Electric\n|move|p1a: Lil Neas X|Thunder|p2a: Necrozma\n|-damage|p2a: Necrozma|0 fnt\n|faint|p2a: Necrozma\n|\n|upkeep\n|\n|t:|1699618954\n|switch|p2a: Zygarde|Zygarde|100\/100\n|turn|20\n|\n|t:|1699618965\n|move|p1a: Lil Neas X|Moonblast|p2a: Zygarde\n|-supereffective|p2a: Zygarde\n|-damage|p2a: Zygarde|0 fnt\n|faint|p2a: Zygarde\n|\n|upkeep\n|\n|t:|1699618968\n|switch|p2a: Xerneas|Xerneas|100\/100\n|-ability|p2a: Xerneas|Fairy Aura\n|turn|21\n|\n|t:|1699618971\n|move|p1a: Lil Neas X|Moonblast|p2a: Xerneas\n|-damage|p2a: Xerneas|0 fnt\n|faint|p2a: Xerneas\n|\n|upkeep\n|\n|t:|1699618974\n|switch|p2a: Kyogre|Kyogre|100\/100\n|detailschange|p2a: Kyogre|Kyogre-Primal\n|-primal|p2a: Kyogre|Blue Orb\n|-weather|PrimordialSea|[from] ability: Primordial Sea|[of] p2a: Kyogre\n|turn|22\n|\n|t:|1699618978\n|move|p1a: Lil Neas X|Thunder|p2a: Kyogre\n|-supereffective|p2a: Kyogre\n|-damage|p2a: Kyogre|0 fnt\n|faint|p2a: Kyogre\n|-weather|none\n|\n|win|hexagonereal\n|raw|hexagonereal's rating: 1580 &rarr; <strong>1598<\/strong><br \/>(+18 for winning)\n|raw|breezai's rating: 1547 &rarr; <strong>1529<\/strong><br \/>(-18 for losing)\n|l|\u2606breezai\n","uploadtime":1699618991,"views":9,"p1id":"hexagonereal","p2id":"breezai","formatid":"gen9nationaldexubers","rating":1529,"private":0,"password":""}