{"id":"gen9nationaldexubers-1990054287","p1":"cnnnssssss","p2":"Djhdvshshsj","format":"[Gen 9] National Dex Ubers","log":"|j|\u2606cnnnssssss\n|j|\u2606Djhdvshshsj\n|t:|1699919600\n|gametype|singles\n|player|p1|cnnnssssss|blackbelt-gen4|1111\n|player|p2|Djhdvshshsj|101|1000\n|teamsize|p1|6\n|teamsize|p2|6\n|gen|9\n|tier|[Gen 9] National Dex Ubers\n|rated|\n|rule|HP Percentage Mod: HP is shown in percentages\n|rule|Endless Battle Clause: Forcing endless battles is banned\n|rule|OHKO Clause: OHKO moves are banned\n|rule|Evasion Moves Clause: Evasion moves are banned\n|rule|Evasion Items Clause: Evasion items are banned\n|rule|Species Clause: Limit one of each Pok\u00e9mon\n|rule|Sleep Clause Mod: Limit one foe put to sleep\n|rule|Mega Rayquaza Clause: You cannot mega evolve Rayquaza\n|clearpoke\n|poke|p1|Kingambit, F|\n|poke|p1|Zacian-*|\n|poke|p1|Groudon|\n|poke|p1|Palkia-Origin|\n|poke|p1|Marshadow|\n|poke|p1|Cresselia, F|\n|poke|p2|Groudon|\n|poke|p2|Ho-Oh|\n|poke|p2|Xerneas-*|\n|poke|p2|Marshadow|\n|poke|p2|Zygarde|\n|poke|p2|Mewtwo|\n|teampreview\n|inactive|Battle timer is ON: inactive players will automatically lose when time's up. (requested by Djhdvshshsj)\n|\n|t:|1699919609\n|start\n|switch|p1a: Marshadow|Marshadow|100\/100\n|switch|p2a: Mewtwo|Mewtwo, shiny|100\/100\n|-ability|p2a: Mewtwo|Pressure\n|turn|1\n|\n|t:|1699919619\n|switch|p2a: Groudon|Groudon|100\/100\n|detailschange|p2a: Groudon|Groudon-Primal\n|-primal|p2a: Groudon|Red Orb\n|-weather|DesolateLand|[from] ability: Desolate Land|[of] p2a: Groudon\n|move|p1a: Marshadow|Knock Off|p2a: Groudon\n|-crit|p2a: Groudon\n|-damage|p2a: Groudon|86\/100\n|\n|-weather|DesolateLand|[upkeep]\n|upkeep\n|turn|2\n|\n|t:|1699919630\n|switch|p1a: Groudon|Groudon|100\/100\n|detailschange|p1a: Groudon|Groudon-Primal\n|-primal|p1a: Groudon|Red Orb\n|move|p2a: Groudon|Stealth Rock|p1a: Groudon\n|-sidestart|p1: cnnnssssss|move: Stealth Rock\n|\n|-weather|DesolateLand|[upkeep]\n|upkeep\n|turn|3\n|\n|t:|1699919636\n|switch|p2a: Zygarde|Zygarde, shiny|100\/100\n|move|p1a: Groudon|Earthquake|p2a: Zygarde\n|-damage|p2a: Zygarde|69\/100\n|\n|-weather|DesolateLand|[upkeep]\n|-heal|p2a: Zygarde|75\/100|[from] item: Leftovers\n|upkeep\n|turn|4\n|\n|t:|1699919640\n|move|p2a: Zygarde|Glare|p1a: Groudon\n|-status|p1a: Groudon|par\n|cant|p1a: Groudon|par\n|\n|-weather|DesolateLand|[upkeep]\n|-heal|p2a: Zygarde|81\/100|[from] item: Leftovers\n|upkeep\n|turn|5\n|\n|t:|1699919648\n|move|p2a: Zygarde|Coil|p2a: Zygarde\n|-boost|p2a: Zygarde|atk|1\n|-boost|p2a: Zygarde|def|1\n|-boost|p2a: Zygarde|accuracy|1\n|move|p1a: Groudon|Stealth Rock|p2a: Zygarde\n|-sidestart|p2: Djhdvshshsj|move: Stealth Rock\n|\n|-weather|DesolateLand|[upkeep]\n|-heal|p2a: Zygarde|88\/100|[from] item: Leftovers\n|upkeep\n|turn|6\n|\n|t:|1699919651\n|move|p2a: Zygarde|Coil|p2a: Zygarde\n|-boost|p2a: Zygarde|atk|1\n|-boost|p2a: Zygarde|def|1\n|-boost|p2a: Zygarde|accuracy|1\n|move|p1a: Groudon|Roar|p2a: Zygarde\n|drag|p2a: Mewtwo|Mewtwo, shiny|100\/100\n|-damage|p2a: Mewtwo|88\/100|[from] Stealth Rock\n|-ability|p2a: Mewtwo|Pressure\n|\n|-weather|DesolateLand|[upkeep]\n|upkeep\n|turn|7\n|\n|t:|1699919660\n|switch|p2a: Zygarde|Zygarde, shiny|88\/100\n|-damage|p2a: Zygarde|81\/100|[from] Stealth Rock\n|-weather|none\n|switch|p1a: Cresselia|Cresselia, F|100\/100\n|-damage|p1a: Cresselia|88\/100|[from] Stealth Rock\n|\n|-heal|p2a: Zygarde|88\/100|[from] item: Leftovers\n|-heal|p1a: Cresselia|94\/100|[from] item: Leftovers\n|upkeep\n|turn|8\n|\n|t:|1699919665\n|move|p2a: Zygarde|Glare|p1a: Cresselia\n|-status|p1a: Cresselia|par\n|cant|p1a: Cresselia|par\n|\n|-heal|p2a: Zygarde|94\/100|[from] item: Leftovers\n|-heal|p1a: Cresselia|99\/100 par|[from] item: Leftovers\n|upkeep\n|turn|9\n|\n|t:|1699919672\n|move|p2a: Zygarde|Coil|p2a: Zygarde\n|-boost|p2a: Zygarde|atk|1\n|-boost|p2a: Zygarde|def|1\n|-boost|p2a: Zygarde|accuracy|1\n|move|p1a: Cresselia|Dazzling Gleam|p2a: Zygarde\n|-supereffective|p2a: Zygarde\n|-damage|p2a: Zygarde|69\/100\n|\n|-heal|p2a: Zygarde|76\/100|[from] item: Leftovers\n|-heal|p1a: Cresselia|100\/100 par|[from] item: Leftovers\n|upkeep\n|turn|10\n|\n|t:|1699919689\n|move|p2a: Zygarde|Thousand Arrows|p1a: Cresselia\n|-damage|p1a: Cresselia|65\/100 par\n|-start|p1a: Cresselia|Smack Down\n|move|p1a: Cresselia|Lunar Dance|p1a: Cresselia\n|faint|p1a: Cresselia\n|\n|-heal|p2a: Zygarde|82\/100|[from] item: Leftovers\n|upkeep\n|\n|t:|1699919700\n|switch|p1a: Marshadow|Marshadow|100\/100\n|-heal|p1a: Marshadow|100\/100|[from] move: Lunar Dance\n|-damage|p1a: Marshadow|94\/100|[from] Stealth Rock\n|turn|11\n|\n|t:|1699919704\n|switch|p2a: Groudon|Groudon-Primal|86\/100\n|-damage|p2a: Groudon|73\/100|[from] Stealth Rock\n|-weather|DesolateLand|[from] ability: Desolate Land|[of] p2a: Groudon\n|-terastallize|p1a: Marshadow|Ghost\n|move|p1a: Marshadow|Spectral Thief|p2a: Groudon\n|-damage|p2a: Groudon|46\/100\n|\n|-weather|DesolateLand|[upkeep]\n|upkeep\n|turn|12\n|\n|t:|1699919715\n|switch|p1a: Palkia|Palkia-Origin|100\/100\n|-damage|p1a: Palkia|88\/100|[from] Stealth Rock\n|-ability|p1a: Palkia|Pressure\n|move|p2a: Groudon|Overheat|p1a: Palkia\n|-resisted|p1a: Palkia\n|-damage|p1a: Palkia|72\/100\n|-unboost|p2a: Groudon|spa|2\n|\n|-weather|DesolateLand|[upkeep]\n|upkeep\n|turn|13\n|\n|t:|1699919725\n|move|p1a: Palkia|Ice Beam|p2a: Groudon\n|-damage|p2a: Groudon|12\/100\n|move|p2a: Groudon|Spikes|p1a: Palkia\n|-sidestart|p1: cnnnssssss|Spikes\n|\n|-weather|DesolateLand|[upkeep]\n|upkeep\n|turn|14\n|\n|t:|1699919728\n|move|p1a: Palkia|Ice Beam|p2a: Groudon\n|-damage|p2a: Groudon|0 fnt\n|faint|p2a: Groudon\n|-weather|none\n|\n|upkeep\n|\n|t:|1699919730\n|switch|p2a: Mewtwo|Mewtwo, shiny|88\/100\n|-damage|p2a: Mewtwo|76\/100|[from] Stealth Rock\n|-ability|p2a: Mewtwo|Pressure\n|turn|15\n|\n|t:|1699919735\n|switch|p1a: Kingambit|Kingambit, F|100\/100\n|-damage|p1a: Kingambit|94\/100|[from] Stealth Rock\n|-damage|p1a: Kingambit|82\/100|[from] Spikes\n|-activate|p1a: Kingambit|ability: Supreme Overlord\n|-start|p1a: Kingambit|fallen1|[silent]\n|detailschange|p2a: Mewtwo|Mewtwo-Mega-Y, shiny\n|-mega|p2a: Mewtwo|Mewtwo|Mewtwonite Y\n|move|p2a: Mewtwo|Psystrike|p1a: Kingambit\n|-immune|p1a: Kingambit\n|\n|upkeep\n|turn|16\n|\n|t:|1699919739\n|move|p1a: Kingambit|Sucker Punch|p2a: Mewtwo\n|-supereffective|p2a: Mewtwo\n|-damage|p2a: Mewtwo|0 fnt\n|faint|p2a: Mewtwo\n|\n|upkeep\n|\n|t:|1699919743\n|switch|p2a: Zygarde|Zygarde, shiny|82\/100\n|-damage|p2a: Zygarde|76\/100|[from] Stealth Rock\n|turn|17\n|\n|t:|1699919749\n|-end|p1a: Kingambit|fallen1|[silent]\n|switch|p1a: Groudon|Groudon-Primal|100\/100 par\n|-damage|p1a: Groudon|88\/100 par|[from] Stealth Rock\n|-damage|p1a: Groudon|76\/100 par|[from] Spikes\n|-weather|DesolateLand|[from] ability: Desolate Land|[of] p1a: Groudon\n|move|p2a: Zygarde|Glare|p1a: Groudon\n|-fail|p1a: Groudon|par\n|\n|-weather|DesolateLand|[upkeep]\n|-heal|p2a: Zygarde|82\/100|[from] item: Leftovers\n|upkeep\n|turn|18\n|\n|t:|1699919753\n|move|p2a: Zygarde|Thousand Arrows|p1a: Groudon\n|-supereffective|p1a: Groudon\n|-damage|p1a: Groudon|46\/100 par\n|move|p1a: Groudon|Earthquake|p2a: Zygarde\n|-damage|p2a: Zygarde|51\/100\n|\n|-weather|DesolateLand|[upkeep]\n|-heal|p2a: Zygarde|57\/100|[from] item: Leftovers\n|upkeep\n|turn|19\n|\n|t:|1699919759\n|move|p2a: Zygarde|Coil|p2a: Zygarde\n|-boost|p2a: Zygarde|atk|1\n|-boost|p2a: Zygarde|def|1\n|-boost|p2a: Zygarde|accuracy|1\n|cant|p1a: Groudon|par\n|\n|-weather|DesolateLand|[upkeep]\n|-heal|p2a: Zygarde|64\/100|[from] item: Leftovers\n|upkeep\n|turn|20\n|\n|t:|1699919763\n|move|p2a: Zygarde|Thousand Arrows|p1a: Groudon\n|-supereffective|p1a: Groudon\n|-damage|p1a: Groudon|0 fnt\n|faint|p1a: Groudon\n|-weather|none\n|\n|-heal|p2a: Zygarde|70\/100|[from] item: Leftovers\n|upkeep\n|\n|t:|1699919767\n|switch|p1a: Marshadow|Marshadow, tera:Ghost|94\/100\n|-damage|p1a: Marshadow|82\/100|[from] Stealth Rock\n|-damage|p1a: Marshadow|69\/100|[from] Spikes\n|turn|21\n|\n|t:|1699919770\n|move|p1a: Marshadow|Spectral Thief||[still]\n|-clearpositiveboost|p2a: Zygarde|p1a: Marshadow|move: Spectral Thief\n|-boost|p1a: Marshadow|atk|1\n|-boost|p1a: Marshadow|def|1\n|-boost|p1a: Marshadow|accuracy|1\n|-anim|p1a: Marshadow|Spectral Thief|p2a: Zygarde\n|-damage|p2a: Zygarde|21\/100\n|move|p2a: Zygarde|Glare|p1a: Marshadow\n|-status|p1a: Marshadow|par\n|\n|-heal|p2a: Zygarde|27\/100|[from] item: Leftovers\n|-activate|p2a: Zygarde|ability: Power Construct\n|detailschange|p2a: Zygarde|Zygarde-Complete, shiny\n|-heal|p2a: Zygarde|52\/100|[silent]\n|upkeep\n|turn|22\n|\n|t:|1699919778\n|switch|p2a: Ho-Oh|Ho-Oh, shiny|100\/100\n|move|p1a: Marshadow|Spectral Thief|p2a: Ho-Oh\n|-damage|p2a: Ho-Oh|11\/100\n|\n|upkeep\n|turn|23\n|\n|t:|1699919787\n|move|p1a: Marshadow|Spectral Thief|p2a: Ho-Oh\n|-damage|p2a: Ho-Oh|0 fnt\n|faint|p2a: Ho-Oh\n|\n|upkeep\n|\n|t:|1699919788\n|switch|p2a: Marshadow|Marshadow|100\/100\n|-damage|p2a: Marshadow|94\/100|[from] Stealth Rock\n|turn|24\n|\n|t:|1699919799\n|switch|p1a: Kingambit|Kingambit, F|82\/100\n|-damage|p1a: Kingambit|76\/100|[from] Stealth Rock\n|-damage|p1a: Kingambit|64\/100|[from] Spikes\n|-activate|p1a: Kingambit|ability: Supreme Overlord\n|-start|p1a: Kingambit|fallen2|[silent]\n|move|p2a: Marshadow|Shadow Sneak|p1a: Kingambit\n|-resisted|p1a: Kingambit\n|-damage|p1a: Kingambit|46\/100\n|-damage|p2a: Marshadow|84\/100|[from] item: Life Orb\n|\n|upkeep\n|turn|25\n|\n|t:|1699919808\n|switch|p2a: Zygarde|Zygarde-Complete, shiny|52\/100\n|-damage|p2a: Zygarde|46\/100|[from] Stealth Rock\n|-end|p1a: Kingambit|fallen2|[silent]\n|switch|p1a: Marshadow|Marshadow, tera:Ghost|69\/100 par\n|-damage|p1a: Marshadow|57\/100 par|[from] Stealth Rock\n|-damage|p1a: Marshadow|44\/100 par|[from] Spikes\n|\n|-heal|p2a: Zygarde|52\/100|[from] item: Leftovers\n|upkeep\n|turn|26\n|\n|t:|1699919814\n|cant|p1a: Marshadow|par\n|move|p2a: Zygarde|Thousand Arrows|p1a: Marshadow\n|-damage|p1a: Marshadow|2\/100 par\n|\n|-heal|p2a: Zygarde|58\/100|[from] item: Leftovers\n|upkeep\n|turn|27\n|\n|t:|1699919818\n|move|p1a: Marshadow|Will-O-Wisp|p2a: Zygarde\n|-status|p2a: Zygarde|brn\n|move|p2a: Zygarde|Thousand Arrows|p1a: Marshadow\n|-damage|p1a: Marshadow|0 fnt\n|faint|p1a: Marshadow\n|\n|-heal|p2a: Zygarde|64\/100 brn|[from] item: Leftovers\n|-damage|p2a: Zygarde|58\/100 brn|[from] brn\n|upkeep\n|\n|t:|1699919846\n|switch|p1a: Palkia|Palkia-Origin|72\/100\n|-damage|p1a: Palkia|60\/100|[from] Stealth Rock\n|-damage|p1a: Palkia|47\/100|[from] Spikes\n|-ability|p1a: Palkia|Pressure\n|turn|28\n|\n|t:|1699919857\n|move|p1a: Palkia|Surf|p2a: Zygarde\n|-damage|p2a: Zygarde|27\/100 brn\n|move|p2a: Zygarde|Rest|p2a: Zygarde\n|-status|p2a: Zygarde|slp|[from] move: Rest\n|-heal|p2a: Zygarde|100\/100 slp|[silent]\n|\n|upkeep\n|turn|29\n|\n|t:|1699919863\n|move|p1a: Palkia|Ice Beam|p2a: Zygarde\n|-supereffective|p2a: Zygarde\n|-damage|p2a: Zygarde|28\/100 slp\n|cant|p2a: Zygarde|slp\n|\n|-heal|p2a: Zygarde|34\/100 slp|[from] item: Leftovers\n|upkeep\n|turn|30\n|\n|t:|1699919867\n|move|p1a: Palkia|Ice Beam|p2a: Zygarde\n|-supereffective|p2a: Zygarde\n|-damage|p2a: Zygarde|0 fnt\n|faint|p2a: Zygarde\n|\n|upkeep\n|\n|t:|1699919868\n|switch|p2a: Xerneas|Xerneas|100\/100\n|-damage|p2a: Xerneas|88\/100|[from] Stealth Rock\n|-ability|p2a: Xerneas|Fairy Aura\n|turn|31\n|\n|t:|1699919871\n|move|p1a: Palkia|Surf|p2a: Xerneas\n|-damage|p2a: Xerneas|44\/100\n|move|p2a: Xerneas|Geomancy||[still]\n|-prepare|p2a: Xerneas|Geomancy\n|-enditem|p2a: Xerneas|Power Herb\n|-anim|p2a: Xerneas|Geomancy|p2a: Xerneas\n|-boost|p2a: Xerneas|spa|2\n|-boost|p2a: Xerneas|spd|2\n|-boost|p2a: Xerneas|spe|2\n|\n|upkeep\n|turn|32\n|\n|t:|1699919883\n|move|p2a: Xerneas|Moonblast|p1a: Palkia\n|-supereffective|p1a: Palkia\n|-damage|p1a: Palkia|0 fnt\n|faint|p1a: Palkia\n|\n|upkeep\n|\n|t:|1699919886\n|switch|p1a: Zacian|Zacian-Crowned|100\/100\n|-damage|p1a: Zacian|94\/100|[from] Stealth Rock\n|-damage|p1a: Zacian|82\/100|[from] Spikes\n|-ability|p1a: Zacian|Intrepid Sword|boost\n|-boost|p1a: Zacian|atk|1\n|turn|33\n|\n|t:|1699919891\n|-terastallize|p2a: Xerneas|Electric\n|move|p2a: Xerneas|Thunder|p1a: Zacian\n|-damage|p1a: Zacian|0 fnt\n|faint|p1a: Zacian\n|\n|upkeep\n|\n|t:|1699919897\n|switch|p1a: Kingambit|Kingambit, F|46\/100\n|-damage|p1a: Kingambit|40\/100|[from] Stealth Rock\n|-damage|p1a: Kingambit|27\/100|[from] Spikes\n|-activate|p1a: Kingambit|ability: Supreme Overlord\n|-start|p1a: Kingambit|fallen5|[silent]\n|turn|34\n|\n|t:|1699919900\n|move|p1a: Kingambit|Sucker Punch||[still]\n|-fail|p1a: Kingambit\n|move|p2a: Xerneas|Substitute|p2a: Xerneas\n|-start|p2a: Xerneas|Substitute\n|-damage|p2a: Xerneas|19\/100\n|\n|upkeep\n|turn|35\n|\n|t:|1699919906\n|move|p2a: Xerneas|Moonblast|p1a: Kingambit\n|-damage|p1a: Kingambit|0 fnt\n|faint|p1a: Kingambit\n|-end|p1a: Kingambit|fallen5|[silent]\n|\n|win|Djhdvshshsj\n|raw|cnnnssssss's rating: 1111 &rarr; <strong>1078<\/strong><br \/>(-33 for losing)\n|raw|Djhdvshshsj's rating: 1000 &rarr; <strong>1052<\/strong><br \/>(+52 for winning)\n","uploadtime":1699919910,"views":7,"p1id":"cnnnssssss","p2id":"djhdvshshsj","formatid":"gen9nationaldexubers","rating":1052,"private":0,"password":""}