{"id":"gen9nationaldexubers-1993850193","p1":"Rayqueerza32","p2":"Future king of ou","format":"[Gen 9] National Dex Ubers","log":"|j|\u2606Rayqueerza32\n|j|\u2606Future king of ou\n|t:|1700365117\n|gametype|singles\n|player|p1|Rayqueerza32|palmer|\n|player|p2|Future king of ou|alec-anime|\n|teamsize|p1|6\n|teamsize|p2|6\n|gen|9\n|tier|[Gen 9] National Dex Ubers\n|rated|Tournament battle\n|rule|HP Percentage Mod: HP is shown in percentages\n|rule|Endless Battle Clause: Forcing endless battles is banned\n|rule|OHKO Clause: OHKO moves are banned\n|rule|Evasion Moves Clause: Evasion moves are banned\n|rule|Evasion Items Clause: Evasion items are banned\n|rule|Species Clause: Limit one of each Pok\u00e9mon\n|rule|Sleep Clause Mod: Limit one foe put to sleep\n|rule|Mega Rayquaza Clause: You cannot mega evolve Rayquaza\n|clearpoke\n|poke|p1|Rayquaza|\n|poke|p1|Ho-Oh|\n|poke|p1|Groudon|\n|poke|p1|Arceus-Dark|\n|poke|p1|Zygarde|\n|poke|p1|Xerneas-*|\n|poke|p2|Giratina|\n|poke|p2|Dondozo, F|\n|poke|p2|Chansey, F|\n|poke|p2|Tyranitar, F|\n|poke|p2|Ho-Oh|\n|poke|p2|Mewtwo|\n|teampreview\n|inactive|Battle timer is ON: inactive players will automatically lose when time's up. (requested by Rayqueerza32)\n|c|\u2606Rayqueerza32|bro really brought hamsters stall team\n|c|\u2606Rayqueerza32|ok\n|inactive|Rayqueerza32 has 120 seconds left.\n|c|\u2606Rayqueerza32|is this hamster\n|c|\u2606Future king of ou|Nope\n|\n|t:|1700365157\n|start\n|switch|p1a: Arceus|Arceus-Dark|100\/100\n|switch|p2a: Erebus|Tyranitar, F, shiny|100\/100\n|-weather|Sandstorm|[from] ability: Sand Stream|[of] p2a: Erebus\n|turn|1\n|c|\u2606Future king of ou|One of his friends\n|\n|t:|1700365163\n|detailschange|p2a: Erebus|Tyranitar-Mega, F, shiny\n|-mega|p2a: Erebus|Tyranitar|Tyranitarite\n|move|p1a: Arceus|Taunt|p2a: Erebus\n|-start|p2a: Erebus|move: Taunt\n|cant|p2a: Erebus|move: Taunt|Stealth Rock\n|\n|-weather|Sandstorm|[upkeep]\n|-damage|p1a: Arceus|94\/100|[from] Sandstorm\n|upkeep\n|turn|2\n|\n|t:|1700365173\n|switch|p2a: Helios|Ho-Oh, shiny|100\/100\n|move|p1a: Arceus|Toxic|p2a: Helios\n|-status|p2a: Helios|tox\n|\n|-weather|Sandstorm|[upkeep]\n|-damage|p1a: Arceus|88\/100|[from] Sandstorm\n|-damage|p2a: Helios|94\/100 tox|[from] Sandstorm\n|-damage|p2a: Helios|88\/100 tox|[from] psn\n|upkeep\n|turn|3\n|\n|t:|1700365177\n|switch|p2a: Erebus|Tyranitar-Mega, F, shiny|100\/100\n|move|p1a: Arceus|Taunt|p2a: Erebus\n|-start|p2a: Erebus|move: Taunt\n|\n|-weather|Sandstorm|[upkeep]\n|-damage|p1a: Arceus|82\/100|[from] Sandstorm\n|upkeep\n|turn|4\n|\n|t:|1700365184\n|switch|p1a: Zygarde|Zygarde, shiny|100\/100\n|switch|p2a: Epione|Chansey, F, shiny|100\/100\n|\n|-weather|Sandstorm|[upkeep]\n|-damage|p2a: Epione|94\/100|[from] Sandstorm\n|upkeep\n|turn|5\n|\n|t:|1700365192\n|switch|p2a: Triton|Dondozo, F, shiny|100\/100\n|move|p1a: Zygarde|Dragon Tail|p2a: Triton\n|-damage|p2a: Triton|92\/100\n|drag|p2a: Chaos|Giratina, shiny|100\/100\n|-ability|p2a: Chaos|Pressure\n|\n|-weather|none\n|upkeep\n|turn|6\n|\n|t:|1700365199\n|switch|p1a: Ho-Oh|Ho-Oh|100\/100\n|move|p2a: Chaos|Toxic|p1a: Ho-Oh\n|-status|p1a: Ho-Oh|tox\n|\n|-damage|p1a: Ho-Oh|94\/100 tox|[from] psn\n|upkeep\n|turn|7\n|\n|t:|1700365202\n|move|p1a: Ho-Oh|Toxic|p2a: Chaos\n|-status|p2a: Chaos|tox\n|move|p2a: Chaos|Dragon Tail|p1a: Ho-Oh\n|-damage|p1a: Ho-Oh|81\/100 tox\n|drag|p1a: Xerneas|Xerneas|100\/100\n|-ability|p1a: Xerneas|Fairy Aura\n|\n|-damage|p2a: Chaos|94\/100 tox|[from] psn\n|upkeep\n|turn|8\n|\n|t:|1700365206\n|switch|p2a: Epione|Chansey, F, shiny|94\/100\n|move|p1a: Xerneas|Moonblast|p2a: Epione\n|-damage|p2a: Epione|76\/100\n|\n|upkeep\n|turn|9\n|\n|t:|1700365211\n|switch|p1a: Rayquaza|Rayquaza|100\/100\n|-ability|p1a: Rayquaza|Air Lock\n|move|p2a: Epione|Heal Bell|p2a: Epione\n|-activate|p2a: Epione|move: Heal Bell\n|-curestatus|p2: Chaos|tox|[msg]\n|-curestatus|p2: Helios|tox|[msg]\n|\n|upkeep\n|turn|10\n|\n|t:|1700365214\n|switch|p2a: Erebus|Tyranitar-Mega, F, shiny|100\/100\n|-weather|Sandstorm|[from] ability: Sand Stream|[of] p2a: Erebus\n|move|p1a: Rayquaza|Dragon Dance|p1a: Rayquaza\n|-boost|p1a: Rayquaza|atk|1\n|-boost|p1a: Rayquaza|spe|1\n|\n|-weather|Sandstorm|[upkeep]\n|upkeep\n|turn|11\n|\n|t:|1700365222\n|switch|p1a: Groudon|Groudon|100\/100\n|detailschange|p1a: Groudon|Groudon-Primal\n|-primal|p1a: Groudon|Red Orb\n|-weather|DesolateLand|[from] ability: Desolate Land|[of] p1a: Groudon\n|move|p2a: Erebus|Knock Off|p1a: Groudon\n|-damage|p1a: Groudon|83\/100\n|\n|-weather|DesolateLand|[upkeep]\n|upkeep\n|turn|12\n|\n|t:|1700365238\n|switch|p2a: Helios|Ho-Oh, shiny|100\/100\n|move|p1a: Groudon|Spikes|p2a: Helios\n|-sidestart|p2: Future king of ou|Spikes\n|\n|-weather|DesolateLand|[upkeep]\n|upkeep\n|turn|13\n|\n|t:|1700365242\n|switch|p2a: Chaos|Giratina, shiny|94\/100\n|-damage|p2a: Chaos|82\/100|[from] Spikes\n|-ability|p2a: Chaos|Pressure\n|move|p1a: Groudon|Stone Edge|p2a: Chaos\n|-damage|p2a: Chaos|65\/100\n|\n|-weather|DesolateLand|[upkeep]\n|-heal|p2a: Chaos|72\/100|[from] item: Leftovers\n|upkeep\n|turn|14\n|\n|t:|1700365247\n|-weather|none\n|switch|p1a: Ho-Oh|Ho-Oh|100\/100 tox\n|move|p2a: Chaos|Defog|p1a: Ho-Oh\n|-unboost|p1a: Ho-Oh|evasion|1\n|-sideend|p2: Future king of ou|Spikes|[from] move: Defog|[of] p2a: Chaos\n|\n|-heal|p2a: Chaos|78\/100|[from] item: Leftovers\n|-damage|p1a: Ho-Oh|94\/100 tox|[from] psn\n|upkeep\n|turn|15\n|\n|t:|1700365251\n|switch|p2a: Erebus|Tyranitar-Mega, F, shiny|100\/100\n|-weather|Sandstorm|[from] ability: Sand Stream|[of] p2a: Erebus\n|move|p1a: Ho-Oh|Toxic|p2a: Erebus\n|-status|p2a: Erebus|tox\n|\n|-weather|Sandstorm|[upkeep]\n|-damage|p1a: Ho-Oh|88\/100 tox|[from] Sandstorm\n|-damage|p1a: Ho-Oh|76\/100 tox|[from] psn\n|-damage|p2a: Erebus|94\/100 tox|[from] psn\n|upkeep\n|turn|16\n|\n|t:|1700365254\n|switch|p1a: Zygarde|Zygarde, shiny|100\/100\n|move|p2a: Erebus|Toxic|p1a: Zygarde\n|-status|p1a: Zygarde|tox\n|\n|-weather|Sandstorm|[upkeep]\n|-damage|p1a: Zygarde|94\/100 tox|[from] psn\n|-damage|p2a: Erebus|82\/100 tox|[from] psn\n|upkeep\n|turn|17\n|\n|t:|1700365264\n|switch|p1a: Xerneas|Xerneas|100\/100\n|-ability|p1a: Xerneas|Fairy Aura\n|switch|p2a: Chaos|Giratina, shiny|78\/100\n|-ability|p2a: Chaos|Pressure\n|\n|-weather|Sandstorm|[upkeep]\n|-damage|p1a: Xerneas|94\/100|[from] Sandstorm\n|-damage|p2a: Chaos|72\/100|[from] Sandstorm\n|-heal|p2a: Chaos|78\/100|[from] item: Leftovers\n|upkeep\n|turn|18\n|\n|t:|1700365267\n|switch|p2a: Helios|Ho-Oh, shiny|100\/100\n|move|p1a: Xerneas|Geomancy||[still]\n|-prepare|p1a: Xerneas|Geomancy\n|-enditem|p1a: Xerneas|Power Herb\n|-anim|p1a: Xerneas|Geomancy|p1a: Xerneas\n|-boost|p1a: Xerneas|spa|2\n|-boost|p1a: Xerneas|spd|2\n|-boost|p1a: Xerneas|spe|2\n|\n|-weather|Sandstorm|[upkeep]\n|-damage|p1a: Xerneas|88\/100|[from] Sandstorm\n|-damage|p2a: Helios|94\/100|[from] Sandstorm\n|upkeep\n|turn|19\n|\n|t:|1700365273\n|move|p1a: Xerneas|Hidden Power|p2a: Helios\n|-supereffective|p2a: Helios\n|-damage|p2a: Helios|0 fnt\n|faint|p2a: Helios\n|\n|-weather|none\n|upkeep\n|c|\u2606Future king of ou|Oh\n|c|\u2606Future king of ou|Rock\n|c|\u2606Future king of ou|Damn\n|\n|t:|1700365287\n|switch|p2a: Epione|Chansey, F, shiny|76\/100\n|turn|20\n|\n|t:|1700365290\n|-terastallize|p1a: Xerneas|Fighting\n|move|p1a: Xerneas|Focus Blast|p2a: Epione\n|-supereffective|p2a: Epione\n|-damage|p2a: Epione|6\/100\n|move|p2a: Epione|Soft-Boiled|p2a: Epione\n|-heal|p2a: Epione|56\/100\n|\n|upkeep\n|turn|21\n|\n|t:|1700365295\n|-terastallize|p2a: Epione|Grass\n|move|p1a: Xerneas|Focus Blast|p2a: Epione|[miss]\n|-miss|p1a: Xerneas|p2a: Epione\n|move|p2a: Epione|Soft-Boiled|p2a: Epione\n|-heal|p2a: Epione|100\/100\n|\n|upkeep\n|turn|22\n|\n|t:|1700365301\n|move|p1a: Xerneas|Moonblast|p2a: Epione\n|-damage|p2a: Epione|63\/100\n|move|p2a: Epione|Confide|p1a: Xerneas\n|-unboost|p1a: Xerneas|spa|1\n|\n|upkeep\n|turn|23\n|\n|t:|1700365303\n|move|p1a: Xerneas|Moonblast|p2a: Epione\n|-damage|p2a: Epione|36\/100\n|move|p2a: Epione|Soft-Boiled|p2a: Epione\n|-heal|p2a: Epione|86\/100\n|\n|upkeep\n|turn|24\n|\n|t:|1700365306\n|switch|p1a: Rayquaza|Rayquaza|100\/100\n|-ability|p1a: Rayquaza|Air Lock\n|move|p2a: Epione|Confide|p1a: Rayquaza\n|-unboost|p1a: Rayquaza|spa|1\n|\n|upkeep\n|turn|25\n|\n|t:|1700365309\n|switch|p2a: Erebus|Tyranitar-Mega, F, shiny|82\/100 tox\n|-weather|Sandstorm|[from] ability: Sand Stream|[of] p2a: Erebus\n|move|p1a: Rayquaza|Dragon Ascent|p2a: Erebus\n|-resisted|p2a: Erebus\n|-damage|p2a: Erebus|53\/100 tox\n|-unboost|p1a: Rayquaza|def|1\n|-unboost|p1a: Rayquaza|spd|1\n|-damage|p1a: Rayquaza|91\/100|[from] item: Life Orb\n|\n|-weather|Sandstorm|[upkeep]\n|-damage|p2a: Erebus|47\/100 tox|[from] psn\n|upkeep\n|turn|26\n|\n|t:|1700365314\n|switch|p1a: Ho-Oh|Ho-Oh|100\/100 tox\n|move|p2a: Erebus|Rest|p2a: Erebus\n|-status|p2a: Erebus|slp|[from] move: Rest\n|-heal|p2a: Erebus|100\/100 slp|[silent]\n|\n|-weather|Sandstorm|[upkeep]\n|-damage|p1a: Ho-Oh|94\/100 tox|[from] Sandstorm\n|-damage|p1a: Ho-Oh|88\/100 tox|[from] psn\n|upkeep\n|turn|27\n|\n|t:|1700365318\n|switch|p1a: Arceus|Arceus-Dark|82\/100\n|cant|p2a: Erebus|slp\n|\n|-weather|Sandstorm|[upkeep]\n|-damage|p1a: Arceus|76\/100|[from] Sandstorm\n|upkeep\n|turn|28\n|\n|t:|1700365322\n|switch|p2a: Hyperion|Mewtwo, shiny|100\/100\n|-ability|p2a: Hyperion|Pressure\n|move|p1a: Arceus|Taunt|p2a: Hyperion\n|-start|p2a: Hyperion|move: Taunt\n|\n|-weather|Sandstorm|[upkeep]\n|-damage|p2a: Hyperion|94\/100|[from] Sandstorm\n|-damage|p1a: Arceus|70\/100|[from] Sandstorm\n|upkeep\n|turn|29\n|\n|t:|1700365325\n|switch|p2a: Erebus|Tyranitar-Mega, F, shiny|100\/100 slp\n|move|p1a: Arceus|Toxic||[still]\n|-fail|p1a: Arceus\n|\n|-weather|none\n|upkeep\n|turn|30\n|\n|t:|1700365328\n|move|p1a: Arceus|Taunt|p2a: Erebus\n|-start|p2a: Erebus|move: Taunt\n|cant|p2a: Erebus|slp\n|\n|upkeep\n|turn|31\n|\n|t:|1700365343\n|move|p1a: Arceus|Foul Play|p2a: Erebus\n|-resisted|p2a: Erebus\n|-damage|p2a: Erebus|84\/100 slp\n|-curestatus|p2a: Erebus|slp|[msg]\n|move|p2a: Erebus|Knock Off|p1a: Arceus\n|-resisted|p1a: Arceus\n|-damage|p1a: Arceus|61\/100\n|\n|upkeep\n|turn|32\n|\n|t:|1700365351\n|switch|p1a: Xerneas|Xerneas, tera:Fighting|88\/100\n|-ability|p1a: Xerneas|Fairy Aura\n|switch|p2a: Epione|Chansey, F, shiny, tera:Grass|86\/100\n|\n|upkeep\n|turn|33\n|\n|t:|1700365356\n|switch|p1a: Zygarde|Zygarde, shiny|94\/100 tox\n|move|p2a: Epione|Seismic Toss|p1a: Zygarde\n|-damage|p1a: Zygarde|70\/100 tox\n|\n|-heal|p1a: Zygarde|77\/100 tox|[from] item: Leftovers\n|-damage|p1a: Zygarde|70\/100 tox|[from] psn\n|upkeep\n|turn|34\n|\n|t:|1700365363\n|move|p2a: Epione|Soft-Boiled|p2a: Epione\n|-heal|p2a: Epione|100\/100\n|move|p1a: Zygarde|Dragon Tail|p2a: Epione\n|-damage|p2a: Epione|84\/100\n|drag|p2a: Chaos|Giratina, shiny|78\/100\n|-ability|p2a: Chaos|Pressure\n|\n|-heal|p1a: Zygarde|77\/100 tox|[from] item: Leftovers\n|-heal|p2a: Chaos|84\/100|[from] item: Leftovers\n|-damage|p1a: Zygarde|64\/100 tox|[from] psn\n|upkeep\n|turn|35\n|\n|t:|1700365366\n|switch|p1a: Xerneas|Xerneas, tera:Fighting|88\/100\n|-ability|p1a: Xerneas|Fairy Aura\n|move|p2a: Chaos|Toxic|p1a: Xerneas|[miss]\n|-miss|p2a: Chaos|p1a: Xerneas\n|\n|-heal|p2a: Chaos|90\/100|[from] item: Leftovers\n|upkeep\n|turn|36\n|\n|t:|1700365370\n|switch|p1a: Rayquaza|Rayquaza|91\/100\n|-ability|p1a: Rayquaza|Air Lock\n|switch|p2a: Epione|Chansey, F, shiny, tera:Grass|84\/100\n|\n|upkeep\n|turn|37\n|\n|t:|1700365378\n|switch|p2a: Erebus|Tyranitar-Mega, F, shiny|84\/100\n|-weather|Sandstorm|[from] ability: Sand Stream|[of] p2a: Erebus\n|move|p1a: Rayquaza|Dragon Ascent|p2a: Erebus\n|-resisted|p2a: Erebus\n|-damage|p2a: Erebus|55\/100\n|-unboost|p1a: Rayquaza|def|1\n|-unboost|p1a: Rayquaza|spd|1\n|-damage|p1a: Rayquaza|81\/100|[from] item: Life Orb\n|\n|-weather|Sandstorm|[upkeep]\n|upkeep\n|turn|38\n|\n|t:|1700365382\n|switch|p1a: Ho-Oh|Ho-Oh|100\/100 tox\n|move|p2a: Erebus|Knock Off|p1a: Ho-Oh\n|-damage|p1a: Ho-Oh|68\/100 tox\n|-enditem|p1a: Ho-Oh|Heavy-Duty Boots|[from] move: Knock Off|[of] p2a: Erebus\n|\n|-weather|Sandstorm|[upkeep]\n|-damage|p1a: Ho-Oh|62\/100 tox|[from] Sandstorm\n|-damage|p1a: Ho-Oh|56\/100 tox|[from] psn\n|upkeep\n|turn|39\n|\n|t:|1700365386\n|move|p1a: Ho-Oh|Sacred Fire|p2a: Erebus\n|-resisted|p2a: Erebus\n|-damage|p2a: Erebus|43\/100\n|move|p2a: Erebus|Stealth Rock|p1a: Ho-Oh\n|-sidestart|p1: Rayqueerza32|move: Stealth Rock\n|\n|-weather|Sandstorm|[upkeep]\n|-damage|p1a: Ho-Oh|50\/100 tox|[from] Sandstorm\n|-damage|p1a: Ho-Oh|38\/100 tox|[from] psn\n|upkeep\n|turn|40\n|\n|t:|1700365388\n|move|p1a: Ho-Oh|Toxic|p2a: Erebus\n|-status|p2a: Erebus|tox\n|move|p2a: Erebus|Rest|p2a: Erebus\n|-status|p2a: Erebus|slp|[from] move: Rest\n|-heal|p2a: Erebus|100\/100 slp|[silent]\n|\n|-weather|Sandstorm|[upkeep]\n|-damage|p1a: Ho-Oh|32\/100 tox|[from] Sandstorm\n|-damage|p1a: Ho-Oh|14\/100 tox|[from] psn\n|upkeep\n|turn|41\n|\n|t:|1700365391\n|move|p1a: Ho-Oh|Defog|p2a: Erebus\n|-unboost|p2a: Erebus|evasion|1\n|-sideend|p1: Rayqueerza32|Stealth Rock|[from] move: Defog|[of] p1a: Ho-Oh\n|cant|p2a: Erebus|slp\n|\n|-weather|none\n|-damage|p1a: Ho-Oh|0 fnt|[from] psn\n|faint|p1a: Ho-Oh\n|upkeep\n|\n|t:|1700365398\n|switch|p1a: Rayquaza|Rayquaza|81\/100\n|-ability|p1a: Rayquaza|Air Lock\n|turn|42\n|\n|t:|1700365408\n|switch|p2a: Triton|Dondozo, F, shiny|92\/100\n|move|p1a: Rayquaza|Dragon Ascent|p2a: Triton\n|-damage|p2a: Triton|52\/100\n|-unboost|p1a: Rayquaza|def|1\n|-unboost|p1a: Rayquaza|spd|1\n|-damage|p1a: Rayquaza|71\/100|[from] item: Life Orb\n|\n|-heal|p2a: Triton|59\/100|[from] item: Leftovers\n|upkeep\n|turn|43\n|\n|t:|1700365413\n|switch|p1a: Xerneas|Xerneas, tera:Fighting|88\/100\n|-ability|p1a: Xerneas|Fairy Aura\n|move|p2a: Triton|Avalanche|p1a: Xerneas\n|-crit|p1a: Xerneas\n|-damage|p1a: Xerneas|72\/100\n|\n|-heal|p2a: Triton|65\/100|[from] item: Leftovers\n|upkeep\n|turn|44\n|\n|t:|1700365417\n|switch|p1a: Groudon|Groudon-Primal|83\/100\n|-weather|DesolateLand|[from] ability: Desolate Land|[of] p1a: Groudon\n|switch|p2a: Epione|Chansey, F, shiny, tera:Grass|84\/100\n|\n|-weather|DesolateLand|[upkeep]\n|upkeep\n|turn|45\n|\n|t:|1700365421\n|switch|p2a: Chaos|Giratina, shiny|90\/100\n|-ability|p2a: Chaos|Pressure\n|move|p1a: Groudon|Toxic|p2a: Chaos\n|-status|p2a: Chaos|tox\n|\n|-weather|DesolateLand|[upkeep]\n|-heal|p2a: Chaos|96\/100 tox|[from] item: Leftovers\n|-damage|p2a: Chaos|90\/100 tox|[from] psn\n|upkeep\n|turn|46\n|\n|t:|1700365425\n|-weather|none\n|switch|p1a: Arceus|Arceus-Dark|61\/100\n|move|p2a: Chaos|Toxic|p1a: Arceus\n|-status|p1a: Arceus|tox\n|\n|-heal|p2a: Chaos|96\/100 tox|[from] item: Leftovers\n|-damage|p1a: Arceus|54\/100 tox|[from] psn\n|-damage|p2a: Chaos|84\/100 tox|[from] psn\n|upkeep\n|turn|47\n|\n|t:|1700365427\n|switch|p2a: Erebus|Tyranitar-Mega, F, shiny|100\/100 slp\n|-weather|Sandstorm|[from] ability: Sand Stream|[of] p2a: Erebus\n|move|p1a: Arceus|Recover|p1a: Arceus\n|-heal|p1a: Arceus|100\/100 tox\n|\n|-weather|Sandstorm|[upkeep]\n|-damage|p1a: Arceus|94\/100 tox|[from] Sandstorm\n|-damage|p1a: Arceus|82\/100 tox|[from] psn\n|upkeep\n|turn|48\n|\n|t:|1700365431\n|switch|p1a: Groudon|Groudon-Primal|83\/100\n|-weather|DesolateLand|[from] ability: Desolate Land|[of] p1a: Groudon\n|cant|p2a: Erebus|slp\n|\n|-weather|DesolateLand|[upkeep]\n|upkeep\n|turn|49\n|\n|t:|1700365433\n|switch|p2a: Epione|Chansey, F, shiny, tera:Grass|84\/100\n|move|p1a: Groudon|Spikes|p2a: Epione\n|-sidestart|p2: Future king of ou|Spikes\n|\n|-weather|DesolateLand|[upkeep]\n|upkeep\n|turn|50\n|\n|t:|1700365439\n|-weather|none\n|switch|p1a: Rayquaza|Rayquaza|71\/100\n|-ability|p1a: Rayquaza|Air Lock\n|move|p2a: Epione|Soft-Boiled|p2a: Epione\n|-heal|p2a: Epione|100\/100\n|\n|upkeep\n|turn|51\n|\n|t:|1700365443\n|switch|p2a: Hyperion|Mewtwo, shiny|94\/100\n|-damage|p2a: Hyperion|82\/100|[from] Spikes\n|-ability|p2a: Hyperion|Pressure\n|move|p1a: Rayquaza|Dragon Dance|p1a: Rayquaza\n|-boost|p1a: Rayquaza|atk|1\n|-boost|p1a: Rayquaza|spe|1\n|\n|upkeep\n|turn|52\n|\n|t:|1700365447\n|switch|p2a: Erebus|Tyranitar-Mega, F, shiny|100\/100 slp\n|-damage|p2a: Erebus|88\/100 slp|[from] Spikes\n|-weather|Sandstorm|[from] ability: Sand Stream|[of] p2a: Erebus\n|move|p1a: Rayquaza|Dragon Ascent|p2a: Erebus\n|-resisted|p2a: Erebus\n|-damage|p2a: Erebus|48\/100 slp\n|-unboost|p1a: Rayquaza|def|1\n|-unboost|p1a: Rayquaza|spd|1\n|-damage|p1a: Rayquaza|61\/100|[from] item: Life Orb\n|\n|-weather|Sandstorm|[upkeep]\n|upkeep\n|turn|53\n|\n|t:|1700365456\n|switch|p1a: Arceus|Arceus-Dark|82\/100 tox\n|switch|p2a: Hyperion|Mewtwo, shiny|82\/100\n|-damage|p2a: Hyperion|69\/100|[from] Spikes\n|-ability|p2a: Hyperion|Pressure\n|\n|-weather|Sandstorm|[upkeep]\n|-damage|p2a: Hyperion|63\/100|[from] Sandstorm\n|-damage|p1a: Arceus|76\/100 tox|[from] Sandstorm\n|-damage|p1a: Arceus|70\/100 tox|[from] psn\n|upkeep\n|turn|54\n|\n|t:|1700365462\n|switch|p2a: Epione|Chansey, F, shiny, tera:Grass|100\/100\n|-damage|p2a: Epione|88\/100|[from] Spikes\n|move|p1a: Arceus|Foul Play|p2a: Epione\n|-damage|p2a: Epione|86\/100\n|\n|-weather|Sandstorm|[upkeep]\n|-damage|p1a: Arceus|64\/100 tox|[from] Sandstorm\n|-damage|p2a: Epione|80\/100|[from] Sandstorm\n|-damage|p1a: Arceus|52\/100 tox|[from] psn\n|upkeep\n|turn|55\n|\n|t:|1700365463\n|move|p1a: Arceus|Taunt|p2a: Epione\n|-start|p2a: Epione|move: Taunt\n|cant|p2a: Epione|move: Taunt|Heal Bell\n|\n|-weather|Sandstorm|[upkeep]\n|-damage|p1a: Arceus|46\/100 tox|[from] Sandstorm\n|-damage|p2a: Epione|74\/100|[from] Sandstorm\n|-damage|p1a: Arceus|27\/100 tox|[from] psn\n|upkeep\n|turn|56\n|\n|t:|1700365483\n|move|p1a: Arceus|Toxic|p2a: Epione\n|-status|p2a: Epione|tox\n|move|p2a: Epione|Seismic Toss|p1a: Arceus\n|-damage|p1a: Arceus|5\/100 tox\n|\n|-weather|none\n|-damage|p1a: Arceus|0 fnt|[from] psn\n|faint|p1a: Arceus\n|-damage|p2a: Epione|67\/100 tox|[from] psn\n|upkeep\n|\n|t:|1700365488\n|switch|p1a: Rayquaza|Rayquaza|61\/100\n|-ability|p1a: Rayquaza|Air Lock\n|turn|57\n|inactive|Future king of ou has 120 seconds left.\n|\n|t:|1700365520\n|-curestatus|p2a: Epione|tox|[from] ability: Natural Cure\n|switch|p2a: Hyperion|Mewtwo, shiny|63\/100\n|-damage|p2a: Hyperion|50\/100|[from] Spikes\n|-ability|p2a: Hyperion|Pressure\n|move|p1a: Rayquaza|Dragon Ascent|p2a: Hyperion\n|-damage|p2a: Hyperion|0 fnt\n|-unboost|p1a: Rayquaza|def|1\n|-unboost|p1a: Rayquaza|spd|1\n|-damage|p1a: Rayquaza|44\/100|[from] item: Rocky Helmet|[of] p2a: Hyperion\n|faint|p2a: Hyperion\n|-damage|p1a: Rayquaza|34\/100|[from] item: Life Orb\n|\n|upkeep\n|inactive|Future king of ou has 120 seconds left.\n|\n|t:|1700365527\n|switch|p2a: Chaos|Giratina, shiny|84\/100 tox\n|-damage|p2a: Chaos|71\/100 tox|[from] Spikes\n|-ability|p2a: Chaos|Pressure\n|turn|58\n|\n|t:|1700365531\n|switch|p1a: Xerneas|Xerneas, tera:Fighting|72\/100\n|-ability|p1a: Xerneas|Fairy Aura\n|move|p2a: Chaos|Dragon Tail|p1a: Xerneas\n|-damage|p1a: Xerneas|54\/100\n|drag|p1a: Groudon|Groudon-Primal|83\/100\n|-weather|DesolateLand|[from] ability: Desolate Land|[of] p1a: Groudon\n|\n|-weather|DesolateLand|[upkeep]\n|-heal|p2a: Chaos|77\/100 tox|[from] item: Leftovers\n|-damage|p2a: Chaos|71\/100 tox|[from] psn\n|upkeep\n|turn|59\n|\n|t:|1700365534\n|move|p1a: Groudon|Earthquake|p2a: Chaos\n|-damage|p2a: Chaos|45\/100 tox\n|move|p2a: Chaos|Defog|p1a: Groudon\n|-unboost|p1a: Groudon|evasion|1\n|-sideend|p2: Future king of ou|Spikes|[from] move: Defog|[of] p2a: Chaos\n|\n|-weather|DesolateLand|[upkeep]\n|-heal|p2a: Chaos|51\/100 tox|[from] item: Leftovers\n|-damage|p2a: Chaos|38\/100 tox|[from] psn\n|upkeep\n|turn|60\n|\n|t:|1700365538\n|move|p1a: Groudon|Spikes|p2a: Chaos\n|-sidestart|p2: Future king of ou|Spikes\n|move|p2a: Chaos|Rest|p2a: Chaos\n|-status|p2a: Chaos|slp|[from] move: Rest\n|-heal|p2a: Chaos|100\/100 slp|[silent]\n|\n|-weather|DesolateLand|[upkeep]\n|upkeep\n|turn|61\n|\n|t:|1700365541\n|-weather|none\n|switch|p1a: Xerneas|Xerneas, tera:Fighting|54\/100\n|-ability|p1a: Xerneas|Fairy Aura\n|cant|p2a: Chaos|slp\n|\n|upkeep\n|turn|62\n|\n|t:|1700365545\n|switch|p2a: Epione|Chansey, F, shiny, tera:Grass|67\/100\n|-damage|p2a: Epione|55\/100|[from] Spikes\n|move|p1a: Xerneas|Moonblast|p2a: Epione\n|-damage|p2a: Epione|36\/100\n|\n|upkeep\n|turn|63\n|\n|t:|1700365551\n|move|p1a: Xerneas|Geomancy||[still]\n|-prepare|p1a: Xerneas|Geomancy\n|move|p2a: Epione|Soft-Boiled|p2a: Epione\n|-heal|p2a: Epione|86\/100\n|\n|upkeep\n|turn|64\n|inactive|Future king of ou has 120 seconds left.\n|\n|t:|1700365587\n|move|p1a: Xerneas|Geomancy|p1a: Xerneas|[from]lockedmove\n|-boost|p1a: Xerneas|spa|2\n|-boost|p1a: Xerneas|spd|2\n|-boost|p1a: Xerneas|spe|2\n|move|p2a: Epione|Seismic Toss|p1a: Xerneas\n|-damage|p1a: Xerneas|32\/100\n|\n|upkeep\n|turn|65\n|\n|t:|1700365592\n|move|p1a: Xerneas|Moonblast|p2a: Epione\n|-damage|p2a: Epione|49\/100\n|move|p2a: Epione|Confide|p1a: Xerneas\n|-unboost|p1a: Xerneas|spa|1\n|\n|upkeep\n|turn|66\n|\n|t:|1700365594\n|move|p1a: Xerneas|Moonblast|p2a: Epione\n|-damage|p2a: Epione|23\/100\n|move|p2a: Epione|Soft-Boiled|p2a: Epione\n|-heal|p2a: Epione|73\/100\n|\n|upkeep\n|turn|67\n|\n|t:|1700365599\n|switch|p1a: Groudon|Groudon-Primal|83\/100\n|-weather|DesolateLand|[from] ability: Desolate Land|[of] p1a: Groudon\n|move|p2a: Epione|Seismic Toss|p1a: Groudon\n|-damage|p1a: Groudon|58\/100\n|\n|-weather|DesolateLand|[upkeep]\n|upkeep\n|turn|68\n|\n|t:|1700365602\n|switch|p2a: Chaos|Giratina, shiny|100\/100 slp\n|-damage|p2a: Chaos|88\/100 slp|[from] Spikes\n|-ability|p2a: Chaos|Pressure\n|move|p1a: Groudon|Toxic||[still]\n|-fail|p1a: Groudon\n|\n|-weather|DesolateLand|[upkeep]\n|-heal|p2a: Chaos|94\/100 slp|[from] item: Leftovers\n|upkeep\n|turn|69\n|\n|t:|1700365608\n|move|p1a: Groudon|Earthquake|p2a: Chaos\n|-damage|p2a: Chaos|68\/100 slp\n|cant|p2a: Chaos|slp\n|\n|-weather|DesolateLand|[upkeep]\n|-heal|p2a: Chaos|75\/100 slp|[from] item: Leftovers\n|upkeep\n|turn|70\n|\n|t:|1700365611\n|-weather|none\n|switch|p1a: Xerneas|Xerneas, tera:Fighting|32\/100\n|-ability|p1a: Xerneas|Fairy Aura\n|-curestatus|p2a: Chaos|slp|[msg]\n|move|p2a: Chaos|Toxic|p1a: Xerneas\n|-status|p1a: Xerneas|tox\n|\n|-heal|p2a: Chaos|81\/100|[from] item: Leftovers\n|-damage|p1a: Xerneas|26\/100 tox|[from] psn\n|upkeep\n|turn|71\n|\n|t:|1700365613\n|switch|p2a: Epione|Chansey, F, shiny, tera:Grass|73\/100\n|-damage|p2a: Epione|60\/100|[from] Spikes\n|move|p1a: Xerneas|Moonblast|p2a: Epione\n|-damage|p2a: Epione|41\/100\n|-unboost|p2a: Epione|spa|1\n|\n|-damage|p1a: Xerneas|14\/100 tox|[from] psn\n|upkeep\n|turn|72\n|\n|t:|1700365616\n|move|p1a: Xerneas|Moonblast|p2a: Epione\n|-crit|p2a: Epione\n|-damage|p2a: Epione|16\/100\n|move|p2a: Epione|Soft-Boiled|p2a: Epione\n|-heal|p2a: Epione|66\/100\n|\n|-damage|p1a: Xerneas|0 fnt|[from] psn\n|faint|p1a: Xerneas\n|upkeep\n|\n|t:|1700365620\n|switch|p1a: Rayquaza|Rayquaza|34\/100\n|-ability|p1a: Rayquaza|Air Lock\n|turn|73\n|inactive|Future king of ou has 120 seconds left.\n|\n|t:|1700365655\n|move|p1a: Rayquaza|Dragon Ascent|p2a: Epione\n|-supereffective|p2a: Epione\n|-damage|p2a: Epione|0 fnt\n|-unboost|p1a: Rayquaza|def|1\n|-unboost|p1a: Rayquaza|spd|1\n|faint|p2a: Epione\n|-damage|p1a: Rayquaza|24\/100|[from] item: Life Orb\n|\n|upkeep\n|\n|t:|1700365656\n|switch|p2a: Triton|Dondozo, F, shiny|65\/100\n|-damage|p2a: Triton|52\/100|[from] Spikes\n|turn|74\n|\n|t:|1700365659\n|switch|p1a: Groudon|Groudon-Primal|58\/100\n|-weather|DesolateLand|[from] ability: Desolate Land|[of] p1a: Groudon\n|move|p2a: Triton|Avalanche|p1a: Groudon\n|-damage|p1a: Groudon|51\/100\n|\n|-weather|DesolateLand|[upkeep]\n|-heal|p2a: Triton|58\/100|[from] item: Leftovers\n|upkeep\n|turn|75\n|\n|t:|1700365661\n|move|p1a: Groudon|Spikes|p2a: Triton\n|-sidestart|p2: Future king of ou|Spikes\n|move|p2a: Triton|Curse|p2a: Triton\n|-unboost|p2a: Triton|spe|1\n|-boost|p2a: Triton|atk|1\n|-boost|p2a: Triton|def|1\n|\n|-weather|DesolateLand|[upkeep]\n|-heal|p2a: Triton|65\/100|[from] item: Leftovers\n|upkeep\n|turn|76\n|\n|t:|1700365664\n|move|p1a: Groudon|Toxic|p2a: Triton\n|-status|p2a: Triton|tox\n|move|p2a: Triton|Curse|p2a: Triton\n|-unboost|p2a: Triton|spe|1\n|-boost|p2a: Triton|atk|1\n|-boost|p2a: Triton|def|1\n|\n|-weather|DesolateLand|[upkeep]\n|-heal|p2a: Triton|71\/100 tox|[from] item: Leftovers\n|-damage|p2a: Triton|65\/100 tox|[from] psn\n|upkeep\n|turn|77\n|\n|t:|1700365667\n|move|p1a: Groudon|Spikes|p2a: Triton\n|-sidestart|p2: Future king of ou|Spikes\n|move|p2a: Triton|Rest|p2a: Triton\n|-status|p2a: Triton|slp|[from] move: Rest\n|-heal|p2a: Triton|100\/100 slp|[silent]\n|\n|-weather|DesolateLand|[upkeep]\n|upkeep\n|turn|78\n|\n|t:|1700365670\n|-weather|none\n|switch|p1a: Zygarde|Zygarde, shiny|64\/100 tox\n|cant|p2a: Triton|slp\n|\n|-heal|p1a: Zygarde|70\/100 tox|[from] item: Leftovers\n|-damage|p1a: Zygarde|64\/100 tox|[from] psn\n|upkeep\n|turn|79\n|c|\u2606Future king of ou|I played that so shortly\n|c|\u2606Future king of ou|Shitly\n|\n|t:|1700365680\n|cant|p2a: Triton|slp\n|move|p1a: Zygarde|Dragon Tail|p2a: Triton\n|-damage|p2a: Triton|96\/100 slp\n|drag|p2a: Erebus|Tyranitar-Mega, F, shiny|48\/100 slp\n|-damage|p2a: Erebus|23\/100 slp|[from] Spikes\n|-weather|Sandstorm|[from] ability: Sand Stream|[of] p2a: Erebus\n|\n|-weather|Sandstorm|[upkeep]\n|-heal|p1a: Zygarde|70\/100 tox|[from] item: Leftovers\n|-damage|p1a: Zygarde|58\/100 tox|[from] psn\n|upkeep\n|turn|80\n|\n|t:|1700365686\n|move|p1a: Zygarde|Thousand Arrows|p2a: Erebus\n|-supereffective|p2a: Erebus\n|-damage|p2a: Erebus|0 fnt\n|faint|p2a: Erebus\n|\n|-weather|Sandstorm|[upkeep]\n|-heal|p1a: Zygarde|64\/100 tox|[from] item: Leftovers\n|-damage|p1a: Zygarde|46\/100 tox|[from] psn\n|-activate|p1a: Zygarde|ability: Power Construct\n|detailschange|p1a: Zygarde|Zygarde-Complete, shiny\n|-heal|p1a: Zygarde|64\/100 tox|[silent]\n|upkeep\n|\n|t:|1700365689\n|switch|p2a: Chaos|Giratina, shiny|81\/100\n|-damage|p2a: Chaos|56\/100|[from] Spikes\n|-ability|p2a: Chaos|Pressure\n|turn|81\n|\n|t:|1700365692\n|move|p1a: Zygarde|Rest|p1a: Zygarde\n|-status|p1a: Zygarde|slp|[from] move: Rest\n|-heal|p1a: Zygarde|100\/100 slp|[silent]\n|move|p2a: Chaos|Defog|p1a: Zygarde\n|-unboost|p1a: Zygarde|evasion|1\n|-sideend|p2: Future king of ou|Spikes|[from] move: Defog|[of] p2a: Chaos\n|\n|-weather|Sandstorm|[upkeep]\n|-damage|p2a: Chaos|50\/100|[from] Sandstorm\n|-heal|p2a: Chaos|56\/100|[from] item: Leftovers\n|upkeep\n|turn|82\n|\n|t:|1700365695\n|cant|p1a: Zygarde|slp\n|move|p2a: Chaos|Dragon Tail|p1a: Zygarde\n|-supereffective|p1a: Zygarde\n|-damage|p1a: Zygarde|85\/100 slp\n|drag|p1a: Groudon|Groudon-Primal|51\/100\n|-weather|DesolateLand|[from] ability: Desolate Land|[of] p1a: Groudon\n|\n|-weather|DesolateLand|[upkeep]\n|-heal|p2a: Chaos|62\/100|[from] item: Leftovers\n|upkeep\n|turn|83\n|j| 3ofaPerfectPair\n|inactive|Future king of ou has 120 seconds left.\n|\n|t:|1700365736\n|-weather|none\n|switch|p1a: Zygarde|Zygarde-Complete, shiny|85\/100 slp\n|move|p2a: Chaos|Toxic||[still]\n|-fail|p2a: Chaos\n|\n|-heal|p1a: Zygarde|92\/100 slp|[from] item: Leftovers\n|-heal|p2a: Chaos|68\/100|[from] item: Leftovers\n|upkeep\n|turn|84\n|\n|t:|1700365739\n|cant|p1a: Zygarde|slp\n|move|p2a: Chaos|Dragon Tail|p1a: Zygarde\n|-supereffective|p1a: Zygarde\n|-damage|p1a: Zygarde|78\/100 slp\n|drag|p1a: Rayquaza|Rayquaza|24\/100\n|-ability|p1a: Rayquaza|Air Lock\n|\n|-heal|p2a: Chaos|74\/100|[from] item: Leftovers\n|upkeep\n|turn|85\n|\n|t:|1700365744\n|move|p1a: Rayquaza|Dragon Ascent|p2a: Chaos\n|-damage|p2a: Chaos|38\/100\n|-unboost|p1a: Rayquaza|def|1\n|-unboost|p1a: Rayquaza|spd|1\n|-damage|p1a: Rayquaza|14\/100|[from] item: Life Orb\n|move|p2a: Chaos|Dragon Tail|p1a: Rayquaza\n|-supereffective|p1a: Rayquaza\n|-damage|p1a: Rayquaza|0 fnt\n|faint|p1a: Rayquaza\n|\n|-heal|p2a: Chaos|44\/100|[from] item: Leftovers\n|upkeep\n|\n|t:|1700365751\n|switch|p1a: Zygarde|Zygarde-Complete, shiny|78\/100 slp\n|turn|86\n|\n|t:|1700365775\n|-curestatus|p1a: Zygarde|slp|[msg]\n|move|p1a: Zygarde|Dragon Tail|p2a: Chaos\n|-supereffective|p2a: Chaos\n|-damage|p2a: Chaos|26\/100\n|drag|p2a: Triton|Dondozo, F, shiny|96\/100 slp\n|\n|-heal|p1a: Zygarde|84\/100|[from] item: Leftovers\n|-heal|p2a: Triton|100\/100 slp|[from] item: Leftovers\n|upkeep\n|turn|87\n|\n|t:|1700365781\n|switch|p1a: Groudon|Groudon-Primal|51\/100\n|-weather|DesolateLand|[from] ability: Desolate Land|[of] p1a: Groudon\n|-curestatus|p2a: Triton|slp|[msg]\n|move|p2a: Triton|Avalanche|p1a: Groudon\n|-damage|p1a: Groudon|45\/100\n|\n|-weather|DesolateLand|[upkeep]\n|upkeep\n|turn|88\n|\n|t:|1700365785\n|move|p1a: Groudon|Toxic|p2a: Triton|[miss]\n|-miss|p1a: Groudon|p2a: Triton\n|move|p2a: Triton|Curse|p2a: Triton\n|-unboost|p2a: Triton|spe|1\n|-boost|p2a: Triton|atk|1\n|-boost|p2a: Triton|def|1\n|\n|-weather|DesolateLand|[upkeep]\n|upkeep\n|turn|89\n|\n|t:|1700365793\n|move|p1a: Groudon|Toxic|p2a: Triton\n|-status|p2a: Triton|tox\n|move|p2a: Triton|Curse|p2a: Triton\n|-unboost|p2a: Triton|spe|1\n|-boost|p2a: Triton|atk|1\n|-boost|p2a: Triton|def|1\n|\n|-weather|DesolateLand|[upkeep]\n|-damage|p2a: Triton|94\/100 tox|[from] psn\n|upkeep\n|turn|90\n|\n|t:|1700365796\n|move|p1a: Groudon|Spikes|p2a: Triton\n|-sidestart|p2: Future king of ou|Spikes\n|move|p2a: Triton|Avalanche|p1a: Groudon\n|-damage|p1a: Groudon|31\/100\n|\n|-weather|DesolateLand|[upkeep]\n|-heal|p2a: Triton|100\/100 tox|[from] item: Leftovers\n|-damage|p2a: Triton|88\/100 tox|[from] psn\n|upkeep\n|turn|91\n|\n|t:|1700365798\n|move|p1a: Groudon|Spikes|p2a: Triton\n|-sidestart|p2: Future king of ou|Spikes\n|move|p2a: Triton|Avalanche|p1a: Groudon\n|-crit|p1a: Groudon\n|-damage|p1a: Groudon|10\/100\n|\n|-weather|DesolateLand|[upkeep]\n|-heal|p2a: Triton|94\/100 tox|[from] item: Leftovers\n|-damage|p2a: Triton|76\/100 tox|[from] psn\n|upkeep\n|turn|92\n|j| whitebeard solos\n|\n|t:|1700365801\n|move|p1a: Groudon|Spikes|p2a: Triton\n|-sidestart|p2: Future king of ou|Spikes\n|move|p2a: Triton|Avalanche|p1a: Groudon\n|-damage|p1a: Groudon|0 fnt\n|faint|p1a: Groudon\n|-weather|none\n|\n|-heal|p2a: Triton|82\/100 tox|[from] item: Leftovers\n|-damage|p2a: Triton|57\/100 tox|[from] psn\n|upkeep\n|\n|t:|1700365804\n|switch|p1a: Zygarde|Zygarde-Complete, shiny|84\/100\n|turn|93\n|\n|t:|1700365806\n|move|p2a: Triton|Avalanche|p1a: Zygarde\n|-supereffective|p1a: Zygarde\n|-damage|p1a: Zygarde|49\/100\n|move|p1a: Zygarde|Dragon Tail|p2a: Triton\n|-damage|p2a: Triton|53\/100 tox\n|drag|p2a: Chaos|Giratina, shiny|26\/100\n|-damage|p2a: Chaos|1\/100|[from] Spikes\n|-ability|p2a: Chaos|Pressure\n|\n|-heal|p1a: Zygarde|56\/100|[from] item: Leftovers\n|-heal|p2a: Chaos|7\/100|[from] item: Leftovers\n|upkeep\n|turn|94\n|\n|t:|1700365810\n|move|p1a: Zygarde|Thousand Arrows|p2a: Chaos\n|-damage|p2a: Chaos|0 fnt\n|faint|p2a: Chaos\n|\n|-heal|p1a: Zygarde|62\/100|[from] item: Leftovers\n|upkeep\n|\n|t:|1700365812\n|switch|p2a: Triton|Dondozo, F, shiny|53\/100 tox\n|-damage|p2a: Triton|28\/100 tox|[from] Spikes\n|turn|95\n|\n|t:|1700365818\n|move|p1a: Zygarde|Thousand Arrows|p2a: Triton\n|-damage|p2a: Triton|15\/100 tox\n|move|p2a: Triton|Rest|p2a: Triton\n|-status|p2a: Triton|slp|[from] move: Rest\n|-heal|p2a: Triton|100\/100 slp|[silent]\n|\n|-heal|p1a: Zygarde|68\/100|[from] item: Leftovers\n|upkeep\n|turn|96\n|c|\u2606Rayqueerza32|gg\n|-message|Rayqueerza32 forfeited.\n|\n|win|Future king of ou\n|n|\u2606Rayqueerza32|rayqueerza32\n|n|\u2606Future king of ou|futurekingofou\n|n| 3ofaPerfectPair|3ofaperfectpair\n|n| whitebeard solos|whitebeardsolos\n|l|\u2606Rayqueerza32\n|l| whitebeard solos\n|l|\u2606Future king of ou\n|l| 3ofaPerfectPair\n|j|\u2606Future king of ou\n|player|p2|Future king of ou|alec-anime\n|l|\u2606Future king of ou\n|player|p2|\n|j|\u2606Rayqueerza32\n|player|p1|Rayqueerza32|palmer\n","uploadtime":1700365977,"views":48,"p1id":"rayqueerza32","p2id":"futurekingofou","formatid":"gen9nationaldexubers","rating":0,"private":0,"password":""}