{"id":"gen9nationaldexubers-1989371824","p1":"PhoNoodles","p2":"Glenn the Janitor","format":"[Gen 9] National Dex Ubers","log":"|j|\u2606PhoNoodles\n|j|\u2606Glenn the Janitor\n|t:|1699841975\n|gametype|singles\n|player|p1|PhoNoodles|bugcatcher-gen4dp|1105\n|player|p2|Glenn the Janitor|gambler|1191\n|teamsize|p1|6\n|teamsize|p2|6\n|gen|9\n|tier|[Gen 9] National Dex Ubers\n|rated|\n|rule|HP Percentage Mod: HP is shown in percentages\n|rule|Endless Battle Clause: Forcing endless battles is banned\n|rule|OHKO Clause: OHKO moves are banned\n|rule|Evasion Moves Clause: Evasion moves are banned\n|rule|Evasion Items Clause: Evasion items are banned\n|rule|Species Clause: Limit one of each Pok\u00e9mon\n|rule|Sleep Clause Mod: Limit one foe put to sleep\n|rule|Mega Rayquaza Clause: You cannot mega evolve Rayquaza\n|clearpoke\n|poke|p1|Tyranitar, M|\n|poke|p1|Dracozolt|\n|poke|p1|Dialga|\n|poke|p1|Excadrill, M|\n|poke|p1|Genesect|\n|poke|p1|Hippowdon, M|\n|poke|p2|Zacian-*, L70|\n|poke|p2|Grimmsnarl, M|\n|poke|p2|Deoxys-Attack|\n|poke|p2|Kartana|\n|poke|p2|Darmanitan-Galar, F|\n|poke|p2|Ditto|\n|teampreview\n|\n|t:|1699841983\n|start\n|switch|p1a: Genesect|Genesect|100\/100\n|switch|p2a: Genetic Failure|Deoxys-Attack|100\/100\n|-ability|p1a: Genesect|Download|boost\n|-boost|p1a: Genesect|spa|1\n|-ability|p2a: Genetic Failure|Pressure\n|turn|1\n|inactive|Battle timer is ON: inactive players will automatically lose when time's up. (requested by Glenn the Janitor)\n|\n|t:|1699841991\n|move|p1a: Genesect|U-turn|p2a: Genetic Failure\n|-supereffective|p2a: Genetic Failure\n|-enditem|p2a: Genetic Failure|Focus Sash\n|-damage|p2a: Genetic Failure|1\/100\n|\n|t:|1699841997\n|switch|p1a: Tyranitar|Tyranitar, M|100\/100|[from] U-turn\n|-weather|Sandstorm|[from] ability: Sand Stream|[of] p1a: Tyranitar\n|move|p2a: Genetic Failure|Stealth Rock|p1a: Tyranitar\n|-sidestart|p1: PhoNoodles|move: Stealth Rock\n|\n|-weather|Sandstorm|[upkeep]\n|-damage|p2a: Genetic Failure|0 fnt|[from] Sandstorm\n|faint|p2a: Genetic Failure\n|upkeep\n|\n|t:|1699842020\n|switch|p2a: RNGesus|Grimmsnarl, M|100\/100\n|turn|2\n|\n|t:|1699842027\n|move|p2a: RNGesus|Thunder Wave|p1a: Tyranitar\n|-hint|Since gen 7, Dark is immune to Prankster moves.\n|-immune|p1a: Tyranitar\n|move|p1a: Tyranitar|Roar|p2a: RNGesus\n|drag|p2a: Struggles of Life|Kartana|100\/100\n|\n|-weather|Sandstorm|[upkeep]\n|upkeep\n|turn|3\n|\n|t:|1699842037\n|-activate|p2a: Struggles of Life|move: Struggle\n|move|p2a: Struggles of Life|Struggle|p1a: Tyranitar\n|-damage|p1a: Tyranitar|87\/100\n|-damage|p2a: Struggles of Life|75\/100|[from] recoil\n|move|p1a: Tyranitar|Stealth Rock|p2a: Struggles of Life\n|-sidestart|p2: Glenn the Janitor|move: Stealth Rock\n|\n|-weather|Sandstorm|[upkeep]\n|upkeep\n|turn|4\n|\n|t:|1699842046\n|-activate|p2a: Struggles of Life|move: Struggle\n|move|p2a: Struggles of Life|Struggle|p1a: Tyranitar\n|-damage|p1a: Tyranitar|72\/100\n|-damage|p2a: Struggles of Life|50\/100|[from] recoil\n|move|p1a: Tyranitar|Pursuit|p2a: Struggles of Life\n|-damage|p2a: Struggles of Life|33\/100\n|\n|-weather|Sandstorm|[upkeep]\n|upkeep\n|turn|5\n|\n|t:|1699842057\n|-activate|p2a: Struggles of Life|move: Struggle\n|move|p2a: Struggles of Life|Struggle|p1a: Tyranitar\n|-damage|p1a: Tyranitar|57\/100\n|-damage|p2a: Struggles of Life|7\/100|[from] recoil\n|move|p1a: Tyranitar|Roar|p2a: Struggles of Life\n|drag|p2a: RNGesus|Grimmsnarl, M|100\/100\n|-damage|p2a: RNGesus|88\/100|[from] Stealth Rock\n|\n|-weather|Sandstorm|[upkeep]\n|-damage|p2a: RNGesus|82\/100|[from] Sandstorm\n|upkeep\n|turn|6\n|\n|t:|1699842069\n|move|p2a: RNGesus|Metronome|p2a: RNGesus\n|move|p2a: RNGesus|Icy Wind|p1a: Tyranitar|[from]move: Metronome\n|-hint|Since gen 7, Dark is immune to Prankster moves.\n|-immune|p1a: Tyranitar\n|move|p1a: Tyranitar|Toxic|p2a: RNGesus\n|-status|p2a: RNGesus|tox\n|\n|-weather|Sandstorm|[upkeep]\n|-damage|p2a: RNGesus|76\/100 tox|[from] Sandstorm\n|-damage|p2a: RNGesus|70\/100 tox|[from] psn\n|upkeep\n|turn|7\n|\n|t:|1699842081\n|switch|p2a: Special Ed|Darmanitan-Galar, F|100\/100\n|-damage|p2a: Special Ed|76\/100|[from] Stealth Rock\n|move|p1a: Tyranitar|Roar|p2a: Special Ed\n|drag|p2a: RNGesus|Grimmsnarl, M|70\/100 tox\n|-damage|p2a: RNGesus|58\/100 tox|[from] Stealth Rock\n|\n|-weather|Sandstorm|[upkeep]\n|-damage|p2a: RNGesus|52\/100 tox|[from] Sandstorm\n|-damage|p2a: RNGesus|46\/100 tox|[from] psn\n|upkeep\n|turn|8\n|-message|Glenn the Janitor forfeited.\n|\n|win|PhoNoodles\n|raw|PhoNoodles's rating: 1105 &rarr; <strong>1136<\/strong><br \/>(+31 for winning)\n|raw|Glenn the Janitor's rating: 1191 &rarr; <strong>1160<\/strong><br \/>(-31 for losing)\n|l|\u2606Glenn the Janitor\n","uploadtime":1699842144,"views":6,"p1id":"phonoodles","p2id":"glennthejanitor","formatid":"gen9nationaldexubers","rating":1136,"private":0,"password":""}