{"id":"gen9nationaldexubers-1994497208","p1":"momfr","p2":"RiverYT","format":"[Gen 9] National Dex Ubers","log":"|j|\u2606momfr\n|j|\u2606RiverYT\n|t:|1700450867\n|gametype|singles\n|player|p1|momfr|265|1110\n|player|p2|RiverYT|misty|1112\n|teamsize|p1|6\n|teamsize|p2|6\n|gen|9\n|tier|[Gen 9] National Dex Ubers\n|rated|\n|rule|HP Percentage Mod: HP is shown in percentages\n|rule|Endless Battle Clause: Forcing endless battles is banned\n|rule|OHKO Clause: OHKO moves are banned\n|rule|Evasion Moves Clause: Evasion moves are banned\n|rule|Evasion Items Clause: Evasion items are banned\n|rule|Species Clause: Limit one of each Pok\u00e9mon\n|rule|Sleep Clause Mod: Limit one foe put to sleep\n|rule|Mega Rayquaza Clause: You cannot mega evolve Rayquaza\n|clearpoke\n|poke|p1|Cottonee, L1, F|\n|poke|p1|Eiscue, M|\n|poke|p1|Heatran, M|\n|poke|p1|Groudon|\n|poke|p1|Iron Hands|\n|poke|p1|Deoxys-Defense|\n|poke|p2|Skeledirge, M|\n|poke|p2|Garchomp, F|\n|poke|p2|Sharpedo, F|\n|poke|p2|Glimmora, F|\n|poke|p2|Zeraora|\n|poke|p2|Lugia|\n|teampreview\n|inactive|Battle timer is ON: inactive players will automatically lose when time's up. (requested by RiverYT)\n|j| kung fu pokechu\n|j| mistahmerrikuu\n|j| Adamanzane\n|\n|t:|1700450894\n|start\n|switch|p1a: keknee|Cottonee, L1, F|100\/100\n|switch|p2a: Glimmora|Glimmora, F, shiny|100\/100\n|turn|1\n|\n|t:|1700450898\n|move|p1a: keknee|Substitute|p1a: keknee\n|-start|p1a: keknee|Substitute\n|-damage|p1a: keknee|82\/100\n|move|p2a: Glimmora|Stealth Rock|p1a: keknee\n|-sidestart|p1: momfr|move: Stealth Rock\n|\n|upkeep\n|turn|2\n|\n|t:|1700450902\n|move|p1a: keknee|Leech Seed|p2a: Glimmora\n|-start|p2a: Glimmora|move: Leech Seed\n|move|p2a: Glimmora|Spikes|p1a: keknee\n|-sidestart|p1: momfr|Spikes\n|\n|-damage|p2a: Glimmora|88\/100|[from] Leech Seed|[of] p1a: keknee\n|-heal|p1a: keknee|100\/100|[silent]\n|upkeep\n|turn|3\n|\n|t:|1700450904\n|move|p1a: keknee|Encore|p2a: Glimmora\n|-start|p2a: Glimmora|Encore\n|move|p2a: Glimmora|Spikes|p1a: keknee\n|-sidestart|p1: momfr|Spikes\n|\n|-damage|p2a: Glimmora|76\/100|[from] Leech Seed|[of] p1a: keknee\n|upkeep\n|turn|4\n|\n|t:|1700450909\n|move|p2a: Glimmora|Spikes|p1a: keknee\n|-sidestart|p1: momfr|Spikes\n|move|p1a: keknee|Endeavor|p2a: Glimmora\n|-damage|p2a: Glimmora|4\/100\n|-activate|p2a: Glimmora|ability: Toxic Debris\n|-sidestart|p1: momfr|move: Toxic Spikes\n|\n|-damage|p2a: Glimmora|0 fnt|[from] Leech Seed|[of] p1a: keknee\n|faint|p2a: Glimmora\n|upkeep\n|\n|t:|1700450917\n|switch|p2a: Zeraora|Zeraora, shiny|100\/100\n|turn|5\n|\n|t:|1700450925\n|move|p2a: Zeraora|Fake Out|p1a: keknee\n|-end|p1a: keknee|Substitute\n|move|p1a: keknee|Leech Seed|p2a: Zeraora\n|-start|p2a: Zeraora|move: Leech Seed\n|\n|-damage|p2a: Zeraora|88\/100|[from] Leech Seed|[of] p1a: keknee\n|upkeep\n|turn|6\n|\n|t:|1700450934\n|move|p1a: keknee|Encore|p2a: Zeraora\n|-start|p2a: Zeraora|Encore\n|move|p2a: Zeraora|Fake Out||[still]\n|-hint|Fake Out only works on your first turn out.\n|-fail|p2a: Zeraora\n|\n|-heal|p2a: Zeraora|94\/100|[from] item: Leftovers\n|-damage|p2a: Zeraora|82\/100|[from] Leech Seed|[of] p1a: keknee\n|upkeep\n|turn|7\n|\n|t:|1700450941\n|switch|p2a: Valkyrie|Garchomp, F|100\/100\n|move|p1a: keknee|Endeavor|p2a: Valkyrie\n|-damage|p2a: Valkyrie|4\/100\n|-damage|p1a: keknee|91\/100|[from] ability: Rough Skin|[of] p2a: Valkyrie\n|-damage|p1a: keknee|82\/100|[from] item: Rocky Helmet|[of] p2a: Valkyrie\n|\n|upkeep\n|turn|8\n|\n|t:|1700450945\n|move|p1a: keknee|Leech Seed|p2a: Valkyrie\n|-start|p2a: Valkyrie|move: Leech Seed\n|move|p2a: Valkyrie|Poison Jab|p1a: keknee\n|-supereffective|p1a: keknee\n|-damage|p1a: keknee|0 fnt\n|faint|p1a: keknee\n|\n|upkeep\n|\n|t:|1700450956\n|switch|p1a: Mr. Tickle|Deoxys-Defense|100\/100\n|-damage|p1a: Mr. Tickle|88\/100|[from] Stealth Rock\n|-damage|p1a: Mr. Tickle|64\/100|[from] Spikes\n|-status|p1a: Mr. Tickle|psn\n|-ability|p1a: Mr. Tickle|Pressure\n|turn|9\n|\n|t:|1700450962\n|move|p2a: Valkyrie|Earthquake|p1a: Mr. Tickle\n|-damage|p1a: Mr. Tickle|28\/100 psn\n|move|p1a: Mr. Tickle|Recover|p1a: Mr. Tickle\n|-heal|p1a: Mr. Tickle|78\/100 psn\n|\n|-damage|p2a: Valkyrie|0 fnt|[from] Leech Seed|[of] p1a: Mr. Tickle\n|-heal|p1a: Mr. Tickle|82\/100 psn|[silent]\n|faint|p2a: Valkyrie\n|-damage|p1a: Mr. Tickle|69\/100 psn|[from] psn\n|upkeep\n|\n|t:|1700450969\n|switch|p2a: Zeraora|Zeraora, shiny|82\/100\n|turn|10\n|\n|t:|1700450974\n|move|p2a: Zeraora|Fake Out|p1a: Mr. Tickle\n|-damage|p1a: Mr. Tickle|62\/100 psn\n|cant|p1a: Mr. Tickle|flinch\n|\n|-heal|p2a: Zeraora|88\/100|[from] item: Leftovers\n|-damage|p1a: Mr. Tickle|49\/100 psn|[from] psn\n|upkeep\n|turn|11\n|\n|t:|1700450976\n|move|p2a: Zeraora|Plasma Fists|p1a: Mr. Tickle\n|-damage|p1a: Mr. Tickle|24\/100 psn\n|-fieldactivate|move: Ion Deluge\n|-hint|Normal-type moves become Electric-type after using Plasma Fists.\n|move|p1a: Mr. Tickle|Recover|p1a: Mr. Tickle\n|-heal|p1a: Mr. Tickle|74\/100 psn\n|\n|-heal|p2a: Zeraora|94\/100|[from] item: Leftovers\n|-damage|p1a: Mr. Tickle|62\/100 psn|[from] psn\n|upkeep\n|turn|12\n|\n|t:|1700450983\n|switch|p2a: Aqua|Sharpedo, F|100\/100\n|move|p1a: Mr. Tickle|Cosmic Power|p1a: Mr. Tickle\n|-boost|p1a: Mr. Tickle|def|1\n|-boost|p1a: Mr. Tickle|spd|1\n|\n|-damage|p1a: Mr. Tickle|50\/100 psn|[from] psn\n|upkeep\n|turn|13\n|\n|t:|1700450987\n|move|p2a: Aqua|Crunch|p1a: Mr. Tickle\n|-supereffective|p1a: Mr. Tickle\n|-damage|p1a: Mr. Tickle|18\/100 psn\n|move|p1a: Mr. Tickle|Wrap|p2a: Aqua\n|-damage|p2a: Aqua|94\/100\n|-activate|p2a: Aqua|move: Wrap|[of] p1a: Mr. Tickle\n|\n|-damage|p1a: Mr. Tickle|6\/100 psn|[from] psn\n|-damage|p2a: Aqua|81\/100|[from] move: Wrap|[partiallytrapped]\n|-ability|p2a: Aqua|Speed Boost|boost\n|-boost|p2a: Aqua|spe|1\n|upkeep\n|turn|14\n|\n|t:|1700450993\n|move|p2a: Aqua|Crunch|p1a: Mr. Tickle\n|-supereffective|p1a: Mr. Tickle\n|-damage|p1a: Mr. Tickle|0 fnt\n|faint|p1a: Mr. Tickle\n|\n|-end|p2a: Aqua|Wrap|[partiallytrapped]|[silent]\n|-ability|p2a: Aqua|Speed Boost|boost\n|-boost|p2a: Aqua|spe|1\n|upkeep\n|\n|t:|1700451004\n|switch|p1a: gorflleh|Groudon|100\/100\n|-damage|p1a: gorflleh|94\/100|[from] Stealth Rock\n|-damage|p1a: gorflleh|69\/100|[from] Spikes\n|-status|p1a: gorflleh|psn\n|detailschange|p1a: gorflleh|Groudon-Primal\n|-primal|p1a: gorflleh|Red Orb\n|-weather|DesolateLand|[from] ability: Desolate Land|[of] p1a: gorflleh\n|turn|15\n|\n|t:|1700451017\n|switch|p2a: Lugia|Lugia, shiny|100\/100\n|move|p1a: gorflleh|Precipice Blades|p2a: Lugia\n|-immune|p2a: Lugia\n|\n|-weather|DesolateLand|[upkeep]\n|-damage|p1a: gorflleh|57\/100 psn|[from] psn\n|upkeep\n|turn|16\n|\n|t:|1700451029\n|move|p1a: gorflleh|Stone Edge|p2a: Lugia\n|-supereffective|p2a: Lugia\n|-damage|p2a: Lugia|75\/100\n|move|p2a: Lugia|Aeroblast|p1a: gorflleh\n|-damage|p1a: gorflleh|28\/100 psn\n|\n|-weather|DesolateLand|[upkeep]\n|-heal|p2a: Lugia|82\/100|[from] item: Leftovers\n|-damage|p1a: gorflleh|16\/100 psn|[from] psn\n|upkeep\n|turn|17\n|\n|t:|1700451035\n|move|p1a: gorflleh|Stone Edge|p2a: Lugia|[miss]\n|-miss|p1a: gorflleh|p2a: Lugia\n|move|p2a: Lugia|Recover|p2a: Lugia\n|-heal|p2a: Lugia|100\/100\n|\n|-weather|DesolateLand|[upkeep]\n|-damage|p1a: gorflleh|3\/100 psn|[from] psn\n|upkeep\n|turn|18\n|\n|t:|1700451039\n|move|p1a: gorflleh|Stone Edge|p2a: Lugia\n|-supereffective|p2a: Lugia\n|-crit|p2a: Lugia\n|-damage|p2a: Lugia|66\/100\n|move|p2a: Lugia|Calm Mind|p2a: Lugia\n|-boost|p2a: Lugia|spa|1\n|-boost|p2a: Lugia|spd|1\n|\n|-weather|DesolateLand|[upkeep]\n|-heal|p2a: Lugia|73\/100|[from] item: Leftovers\n|-damage|p1a: gorflleh|0 fnt|[from] psn\n|faint|p1a: gorflleh\n|-weather|none\n|upkeep\n|\n|t:|1700451051\n|switch|p1a: hellfrog|Heatran, M|100\/100\n|-damage|p1a: hellfrog|88\/100|[from] Stealth Rock\n|-damage|p1a: hellfrog|63\/100|[from] Spikes\n|turn|19\n|\n|t:|1700451056\n|move|p2a: Lugia|Calm Mind|p2a: Lugia\n|-boost|p2a: Lugia|spa|1\n|-boost|p2a: Lugia|spd|1\n|move|p1a: hellfrog|Torment|p2a: Lugia\n|-start|p2a: Lugia|Torment\n|\n|-heal|p2a: Lugia|79\/100|[from] item: Leftovers\n|-heal|p1a: hellfrog|69\/100|[from] item: Leftovers\n|upkeep\n|turn|20\n|\n|t:|1700451064\n|move|p2a: Lugia|Recover|p2a: Lugia\n|-heal|p2a: Lugia|100\/100\n|move|p1a: hellfrog|Lava Plume|p2a: Lugia\n|-damage|p2a: Lugia|95\/100\n|\n|-heal|p2a: Lugia|100\/100|[from] item: Leftovers\n|-heal|p1a: hellfrog|75\/100|[from] item: Leftovers\n|upkeep\n|turn|21\n|\n|t:|1700451092\n|move|p2a: Lugia|Calm Mind|p2a: Lugia\n|-boost|p2a: Lugia|spa|1\n|-boost|p2a: Lugia|spd|1\n|move|p1a: hellfrog|Substitute|p1a: hellfrog\n|-start|p1a: hellfrog|Substitute\n|-damage|p1a: hellfrog|50\/100\n|\n|-heal|p1a: hellfrog|57\/100|[from] item: Leftovers\n|upkeep\n|turn|22\n|\n|t:|1700451102\n|move|p2a: Lugia|Psychic|p1a: hellfrog\n|-resisted|p1a: hellfrog\n|-end|p1a: hellfrog|Substitute\n|move|p1a: hellfrog|Lava Plume|p2a: Lugia\n|-damage|p2a: Lugia|96\/100\n|\n|-heal|p2a: Lugia|100\/100|[from] item: Leftovers\n|-heal|p1a: hellfrog|63\/100|[from] item: Leftovers\n|upkeep\n|turn|23\n|\n|t:|1700451110\n|move|p2a: Lugia|Aeroblast|p1a: hellfrog\n|-resisted|p1a: hellfrog\n|-damage|p1a: hellfrog|34\/100\n|move|p1a: hellfrog|Substitute|p1a: hellfrog\n|-start|p1a: hellfrog|Substitute\n|-damage|p1a: hellfrog|9\/100\n|\n|-heal|p1a: hellfrog|15\/100|[from] item: Leftovers\n|upkeep\n|turn|24\n|\n|t:|1700451121\n|move|p1a: hellfrog|Protect|p1a: hellfrog\n|-singleturn|p1a: hellfrog|Protect\n|move|p2a: Lugia|Psychic|p1a: hellfrog\n|-activate|p1a: hellfrog|move: Protect\n|\n|-heal|p1a: hellfrog|22\/100|[from] item: Leftovers\n|upkeep\n|turn|25\n|\n|t:|1700451136\n|move|p2a: Lugia|Aeroblast|p1a: hellfrog\n|-resisted|p1a: hellfrog\n|-end|p1a: hellfrog|Substitute\n|move|p1a: hellfrog|Lava Plume|p2a: Lugia\n|-damage|p2a: Lugia|96\/100\n|\n|-heal|p2a: Lugia|100\/100|[from] item: Leftovers\n|-heal|p1a: hellfrog|28\/100|[from] item: Leftovers\n|upkeep\n|turn|26\n|\n|t:|1700451144\n|move|p2a: Lugia|Psychic|p1a: hellfrog\n|-resisted|p1a: hellfrog\n|-damage|p1a: hellfrog|2\/100\n|move|p1a: hellfrog|Lava Plume|p2a: Lugia\n|-damage|p2a: Lugia|96\/100\n|\n|-heal|p2a: Lugia|100\/100|[from] item: Leftovers\n|-heal|p1a: hellfrog|9\/100|[from] item: Leftovers\n|upkeep\n|turn|27\n|inactive|RiverYT has 120 seconds left.\n|\n|t:|1700451192\n|move|p1a: hellfrog|Protect|p1a: hellfrog\n|-singleturn|p1a: hellfrog|Protect\n|move|p2a: Lugia|Aeroblast|p1a: hellfrog\n|-activate|p1a: hellfrog|move: Protect\n|\n|-heal|p1a: hellfrog|15\/100|[from] item: Leftovers\n|upkeep\n|turn|28\n|\n|t:|1700451198\n|move|p2a: Lugia|Psychic|p1a: hellfrog\n|-resisted|p1a: hellfrog\n|-damage|p1a: hellfrog|0 fnt\n|faint|p1a: hellfrog\n|\n|upkeep\n|\n|t:|1700451201\n|switch|p1a: Mega Man Reject|Iron Hands|100\/100\n|-damage|p1a: Mega Man Reject|94\/100|[from] Stealth Rock\n|-damage|p1a: Mega Man Reject|70\/100|[from] Spikes\n|-status|p1a: Mega Man Reject|psn\n|turn|29\n|\n|t:|1700451211\n|move|p2a: Lugia|Aeroblast|p1a: Mega Man Reject\n|-damage|p1a: Mega Man Reject|18\/100 psn\n|move|p1a: Mega Man Reject|Wild Charge|p2a: Lugia\n|-supereffective|p2a: Lugia\n|-damage|p2a: Lugia|67\/100\n|-damage|p1a: Mega Man Reject|12\/100 psn|[from] Recoil\n|\n|-heal|p2a: Lugia|73\/100|[from] item: Leftovers\n|-damage|p1a: Mega Man Reject|0 fnt|[from] psn\n|faint|p1a: Mega Man Reject\n|-end|p1a: Mega Man Reject|Quark Drive|[silent]\n|upkeep\n|\n|t:|1700451214\n|switch|p1a: reddit moment|Eiscue, M|100\/100\n|-damage|p1a: reddit moment|76\/100|[from] Stealth Rock\n|-damage|p1a: reddit moment|51\/100|[from] Spikes\n|-status|p1a: reddit moment|psn\n|turn|30\n|\n|t:|1700451219\n|move|p2a: Lugia|Calm Mind|p2a: Lugia\n|-boost|p2a: Lugia|spa|1\n|-boost|p2a: Lugia|spd|1\n|move|p1a: reddit moment|Icicle Crash|p2a: Lugia\n|-supereffective|p2a: Lugia\n|-damage|p2a: Lugia|33\/100\n|\n|-heal|p2a: Lugia|39\/100|[from] item: Leftovers\n|-damage|p1a: reddit moment|39\/100 psn|[from] psn\n|upkeep\n|turn|31\n|\n|t:|1700451224\n|move|p2a: Lugia|Recover|p2a: Lugia\n|-heal|p2a: Lugia|89\/100\n|move|p1a: reddit moment|Icicle Crash|p2a: Lugia|[miss]\n|-miss|p1a: reddit moment|p2a: Lugia\n|\n|-heal|p2a: Lugia|95\/100|[from] item: Leftovers\n|-damage|p1a: reddit moment|26\/100 psn|[from] psn\n|upkeep\n|turn|32\n|\n|t:|1700451228\n|move|p2a: Lugia|Psychic|p1a: reddit moment\n|-damage|p1a: reddit moment|0 fnt\n|faint|p1a: reddit moment\n|\n|win|RiverYT\n|raw|momfr's rating: 1110 &rarr; <strong>1085<\/strong><br \/>(-25 for losing)\n|raw|RiverYT's rating: 1112 &rarr; <strong>1137<\/strong><br \/>(+25 for winning)\n|l|\u2606RiverYT\n","uploadtime":1700451243,"views":3,"p1id":"momfr","p2id":"riveryt","formatid":"gen9nationaldexubers","rating":1085,"private":0,"password":""}