{"id":"gen9nationaldexubers-1997968437","p1":"THUNDER-M0DE\u303d\ufe0f","p2":"uhd gym","format":"[Gen 9] National Dex Ubers","log":"|j|\u2606THUNDER-M0DE\u303d\ufe0f\n|j|\u2606uhd gym\n|t:|1700873406\n|gametype|singles\n|player|p1|THUNDER-M0DE\u303d\ufe0f|elesa-masters|1074\n|player|p2|uhd gym|102|1000\n|teamsize|p1|6\n|teamsize|p2|6\n|gen|9\n|tier|[Gen 9] National Dex Ubers\n|rated|\n|rule|HP Percentage Mod: HP is shown in percentages\n|rule|Endless Battle Clause: Forcing endless battles is banned\n|rule|OHKO Clause: OHKO moves are banned\n|rule|Evasion Moves Clause: Evasion moves are banned\n|rule|Evasion Items Clause: Evasion items are banned\n|rule|Species Clause: Limit one of each Pok\u00e9mon\n|rule|Sleep Clause Mod: Limit one foe put to sleep\n|rule|Mega Rayquaza Clause: You cannot mega evolve Rayquaza\n|clearpoke\n|poke|p1|Bellibolt, M|\n|poke|p1|Xurkitree|\n|poke|p1|Sandy Shocks|\n|poke|p1|Rotom-Wash|\n|poke|p1|Galvantula, M|\n|poke|p1|Pincurchin, M|\n|poke|p2|Serperior, M|\n|poke|p2|Arcanine, F|\n|poke|p2|Hippowdon, F|\n|poke|p2|Barbaracle, M|\n|poke|p2|Beheeyem, F|\n|poke|p2|Salamence, F|\n|teampreview\n|\n|t:|1700873419\n|start\n|switch|p1a: \u26a1\ufe0fGALVANTULA\u26a1\ufe0f|Galvantula, M, shiny|100\/100\n|switch|p2a: Serperior|Serperior, M|100\/100\n|turn|1\n|\n|t:|1700873433\n|move|p1a: \u26a1\ufe0fGALVANTULA\u26a1\ufe0f|Sticky Web|p2a: Serperior\n|-sidestart|p2: uhd gym|move: Sticky Web\n|move|p2a: Serperior|Swords Dance|p2a: Serperior\n|-boost|p2a: Serperior|atk|2\n|\n|upkeep\n|turn|2\n|\n|t:|1700873440\n|move|p1a: \u26a1\ufe0fGALVANTULA\u26a1\ufe0f|Thunder|p2a: Serperior\n|-resisted|p2a: Serperior\n|-damage|p2a: Serperior|72\/100\n|move|p2a: Serperior|Aqua Tail|p1a: \u26a1\ufe0fGALVANTULA\u26a1\ufe0f\n|-damage|p1a: \u26a1\ufe0fGALVANTULA\u26a1\ufe0f|44\/100\n|\n|upkeep\n|turn|3\n|\n|t:|1700873447\n|move|p1a: \u26a1\ufe0fGALVANTULA\u26a1\ufe0f|Thunder|p2a: Serperior\n|-resisted|p2a: Serperior\n|-damage|p2a: Serperior|41\/100\n|move|p2a: Serperior|Aqua Tail|p1a: \u26a1\ufe0fGALVANTULA\u26a1\ufe0f\n|-damage|p1a: \u26a1\ufe0fGALVANTULA\u26a1\ufe0f|0 fnt\n|faint|p1a: \u26a1\ufe0fGALVANTULA\u26a1\ufe0f\n|\n|upkeep\n|\n|t:|1700873456\n|switch|p1a: \u26a1\ufe0f\u26a1\ufe0fPINCURCHIN\u26a1\ufe0f\u26a1\ufe0f|Pincurchin, M, shiny|100\/100\n|-fieldstart|move: Electric Terrain|[from] ability: Electric Surge|[of] p1a: \u26a1\ufe0f\u26a1\ufe0fPINCURCHIN\u26a1\ufe0f\u26a1\ufe0f\n|turn|4\n|\n|t:|1700873465\n|move|p2a: Serperior|Aqua Tail|p1a: \u26a1\ufe0f\u26a1\ufe0fPINCURCHIN\u26a1\ufe0f\u26a1\ufe0f\n|-damage|p1a: \u26a1\ufe0f\u26a1\ufe0fPINCURCHIN\u26a1\ufe0f\u26a1\ufe0f|55\/100\n|move|p1a: \u26a1\ufe0f\u26a1\ufe0fPINCURCHIN\u26a1\ufe0f\u26a1\ufe0f|Thunder Wave|p2a: Serperior\n|-status|p2a: Serperior|par\n|\n|upkeep\n|turn|5\n|\n|t:|1700873475\n|move|p2a: Serperior|Swords Dance|p2a: Serperior\n|-boost|p2a: Serperior|atk|2\n|move|p1a: \u26a1\ufe0f\u26a1\ufe0fPINCURCHIN\u26a1\ufe0f\u26a1\ufe0f|Thunder|p2a: Serperior|[miss]\n|-miss|p1a: \u26a1\ufe0f\u26a1\ufe0fPINCURCHIN\u26a1\ufe0f\u26a1\ufe0f|p2a: Serperior\n|\n|upkeep\n|turn|6\n|\n|t:|1700873482\n|cant|p2a: Serperior|par\n|move|p1a: \u26a1\ufe0f\u26a1\ufe0fPINCURCHIN\u26a1\ufe0f\u26a1\ufe0f|Thunderbolt|p2a: Serperior\n|-resisted|p2a: Serperior\n|-damage|p2a: Serperior|11\/100 par\n|\n|upkeep\n|turn|7\n|\n|t:|1700873499\n|switch|p1a: \u26a1\ufe0fBELLI ASSUALT\u26a1\ufe0f|Bellibolt, M, shiny|100\/100\n|move|p2a: Serperior|Aqua Tail|p1a: \u26a1\ufe0fBELLI ASSUALT\u26a1\ufe0f\n|-damage|p1a: \u26a1\ufe0fBELLI ASSUALT\u26a1\ufe0f|51\/100\n|-start|p1a: \u26a1\ufe0fBELLI ASSUALT\u26a1\ufe0f|Charge|Aqua Tail|[from] ability: Electromorphosis\n|\n|upkeep\n|turn|8\n|\n|t:|1700873509\n|move|p2a: Serperior|Aqua Tail|p1a: \u26a1\ufe0fBELLI ASSUALT\u26a1\ufe0f\n|-damage|p1a: \u26a1\ufe0fBELLI ASSUALT\u26a1\ufe0f|5\/100\n|-start|p1a: \u26a1\ufe0fBELLI ASSUALT\u26a1\ufe0f|Charge|Aqua Tail|[from] ability: Electromorphosis\n|move|p1a: \u26a1\ufe0fBELLI ASSUALT\u26a1\ufe0f|Zap Cannon|p2a: Serperior\n|-resisted|p2a: Serperior\n|-damage|p2a: Serperior|0 fnt\n|faint|p2a: Serperior\n|-end|p1a: \u26a1\ufe0fBELLI ASSUALT\u26a1\ufe0f|Charge|[silent]\n|\n|upkeep\n|\n|t:|1700873520\n|switch|p2a: Arcanine|Arcanine, F|100\/100\n|-activate|p2a: Arcanine|move: Sticky Web\n|-unboost|p2a: Arcanine|spe|1\n|-ability|p2a: Arcanine|Intimidate|boost\n|-unboost|p1a: \u26a1\ufe0fBELLI ASSUALT\u26a1\ufe0f|atk|1\n|turn|9\n|\n|t:|1700873526\n|move|p2a: Arcanine|Extreme Speed|p1a: \u26a1\ufe0fBELLI ASSUALT\u26a1\ufe0f\n|-damage|p1a: \u26a1\ufe0fBELLI ASSUALT\u26a1\ufe0f|0 fnt\n|faint|p1a: \u26a1\ufe0fBELLI ASSUALT\u26a1\ufe0f\n|\n|upkeep\n|\n|t:|1700873541\n|switch|p1a: \u26a1\ufe0fSANDY\u26a1\ufe0fSHOCKZ\u26a1\ufe0f|Sandy Shocks|100\/100\n|-enditem|p1a: \u26a1\ufe0fSANDY\u26a1\ufe0fSHOCKZ\u26a1\ufe0f|Booster Energy\n|-activate|p1a: \u26a1\ufe0fSANDY\u26a1\ufe0fSHOCKZ\u26a1\ufe0f|ability: Protosynthesis|[fromitem]\n|-start|p1a: \u26a1\ufe0fSANDY\u26a1\ufe0fSHOCKZ\u26a1\ufe0f|protosynthesisspa\n|turn|10\n|\n|t:|1700873552\n|move|p1a: \u26a1\ufe0fSANDY\u26a1\ufe0fSHOCKZ\u26a1\ufe0f|Zap Cannon|p2a: Arcanine\n|-damage|p2a: Arcanine|0 fnt\n|faint|p2a: Arcanine\n|\n|upkeep\n|\n|t:|1700873556\n|switch|p2a: Hippowdon|Hippowdon, F|100\/100\n|-activate|p2a: Hippowdon|move: Sticky Web\n|-unboost|p2a: Hippowdon|spe|1\n|-weather|Sandstorm|[from] ability: Sand Stream|[of] p2a: Hippowdon\n|turn|11\n|\n|t:|1700873564\n|move|p1a: \u26a1\ufe0fSANDY\u26a1\ufe0fSHOCKZ\u26a1\ufe0f|Earth Power|p2a: Hippowdon\n|-damage|p2a: Hippowdon|31\/100\n|move|p2a: Hippowdon|Stealth Rock|p1a: \u26a1\ufe0fSANDY\u26a1\ufe0fSHOCKZ\u26a1\ufe0f\n|-sidestart|p1: THUNDER-M0DE\u303d\ufe0f|move: Stealth Rock\n|\n|-weather|Sandstorm|[upkeep]\n|-fieldend|move: Electric Terrain\n|upkeep\n|turn|12\n|\n|t:|1700873572\n|move|p1a: \u26a1\ufe0fSANDY\u26a1\ufe0fSHOCKZ\u26a1\ufe0f|Earth Power|p2a: Hippowdon\n|-damage|p2a: Hippowdon|0 fnt\n|faint|p2a: Hippowdon\n|\n|-weather|Sandstorm|[upkeep]\n|upkeep\n|\n|t:|1700873580\n|switch|p2a: Barbaracle|Barbaracle, M|100\/100\n|-activate|p2a: Barbaracle|move: Sticky Web\n|-unboost|p2a: Barbaracle|spe|1\n|turn|13\n|\n|t:|1700873587\n|move|p1a: \u26a1\ufe0fSANDY\u26a1\ufe0fSHOCKZ\u26a1\ufe0f|Thunderbolt|p2a: Barbaracle\n|-supereffective|p2a: Barbaracle\n|-damage|p2a: Barbaracle|1\/100\n|move|p2a: Barbaracle|Liquidation|p1a: \u26a1\ufe0fSANDY\u26a1\ufe0fSHOCKZ\u26a1\ufe0f\n|-supereffective|p1a: \u26a1\ufe0fSANDY\u26a1\ufe0fSHOCKZ\u26a1\ufe0f\n|-damage|p1a: \u26a1\ufe0fSANDY\u26a1\ufe0fSHOCKZ\u26a1\ufe0f|17\/100\n|-unboost|p1a: \u26a1\ufe0fSANDY\u26a1\ufe0fSHOCKZ\u26a1\ufe0f|def|1\n|\n|-weather|Sandstorm|[upkeep]\n|upkeep\n|turn|14\n|\n|t:|1700873597\n|move|p1a: \u26a1\ufe0fSANDY\u26a1\ufe0fSHOCKZ\u26a1\ufe0f|Thunderbolt|p2a: Barbaracle\n|-supereffective|p2a: Barbaracle\n|-damage|p2a: Barbaracle|0 fnt\n|faint|p2a: Barbaracle\n|\n|-weather|Sandstorm|[upkeep]\n|upkeep\n|\n|t:|1700873604\n|switch|p2a: Beheeyem|Beheeyem, F|100\/100\n|-activate|p2a: Beheeyem|move: Sticky Web\n|-unboost|p2a: Beheeyem|spe|1\n|turn|15\n|\n|t:|1700873611\n|move|p1a: \u26a1\ufe0fSANDY\u26a1\ufe0fSHOCKZ\u26a1\ufe0f|Thunderbolt|p2a: Beheeyem\n|-damage|p2a: Beheeyem|24\/100\n|move|p2a: Beheeyem|Psychic|p1a: \u26a1\ufe0fSANDY\u26a1\ufe0fSHOCKZ\u26a1\ufe0f\n|-damage|p1a: \u26a1\ufe0fSANDY\u26a1\ufe0fSHOCKZ\u26a1\ufe0f|0 fnt\n|faint|p1a: \u26a1\ufe0fSANDY\u26a1\ufe0fSHOCKZ\u26a1\ufe0f\n|-end|p1a: \u26a1\ufe0fSANDY\u26a1\ufe0fSHOCKZ\u26a1\ufe0f|Protosynthesis|[silent]\n|\n|-weather|none\n|upkeep\n|\n|t:|1700873622\n|switch|p1a: \u26a1\ufe0f\u26a1\ufe0fPINCURCHIN\u26a1\ufe0f\u26a1\ufe0f|Pincurchin, M, shiny|55\/100\n|-damage|p1a: \u26a1\ufe0f\u26a1\ufe0fPINCURCHIN\u26a1\ufe0f\u26a1\ufe0f|43\/100|[from] Stealth Rock\n|-fieldstart|move: Electric Terrain|[from] ability: Electric Surge|[of] p1a: \u26a1\ufe0f\u26a1\ufe0fPINCURCHIN\u26a1\ufe0f\u26a1\ufe0f\n|turn|16\n|\n|t:|1700873635\n|move|p2a: Beheeyem|Psychic|p1a: \u26a1\ufe0f\u26a1\ufe0fPINCURCHIN\u26a1\ufe0f\u26a1\ufe0f\n|-damage|p1a: \u26a1\ufe0f\u26a1\ufe0fPINCURCHIN\u26a1\ufe0f\u26a1\ufe0f|0 fnt\n|faint|p1a: \u26a1\ufe0f\u26a1\ufe0fPINCURCHIN\u26a1\ufe0f\u26a1\ufe0f\n|\n|upkeep\n|\n|t:|1700873640\n|switch|p1a: \u26a1\ufe0f\u26a1\ufe0fXURKITREE\u26a1\ufe0f\u26a1\ufe0f|Xurkitree, shiny|100\/100\n|-damage|p1a: \u26a1\ufe0f\u26a1\ufe0fXURKITREE\u26a1\ufe0f\u26a1\ufe0f|88\/100|[from] Stealth Rock\n|turn|17\n|\n|t:|1700873646\n|-terastallize|p1a: \u26a1\ufe0f\u26a1\ufe0fXURKITREE\u26a1\ufe0f\u26a1\ufe0f|Electric\n|move|p1a: \u26a1\ufe0f\u26a1\ufe0fXURKITREE\u26a1\ufe0f\u26a1\ufe0f|Zap Cannon|p2a: Beheeyem|[miss]\n|-miss|p1a: \u26a1\ufe0f\u26a1\ufe0fXURKITREE\u26a1\ufe0f\u26a1\ufe0f|p2a: Beheeyem\n|-enditem|p1a: \u26a1\ufe0f\u26a1\ufe0fXURKITREE\u26a1\ufe0f\u26a1\ufe0f|Blunder Policy\n|-boost|p1a: \u26a1\ufe0f\u26a1\ufe0fXURKITREE\u26a1\ufe0f\u26a1\ufe0f|spe|2\n|move|p2a: Beheeyem|Psychic|p1a: \u26a1\ufe0f\u26a1\ufe0fXURKITREE\u26a1\ufe0f\u26a1\ufe0f\n|-damage|p1a: \u26a1\ufe0f\u26a1\ufe0fXURKITREE\u26a1\ufe0f\u26a1\ufe0f|30\/100\n|\n|upkeep\n|turn|18\n|\n|t:|1700873657\n|move|p1a: \u26a1\ufe0f\u26a1\ufe0fXURKITREE\u26a1\ufe0f\u26a1\ufe0f|Thunderbolt|p2a: Beheeyem\n|-damage|p2a: Beheeyem|0 fnt\n|faint|p2a: Beheeyem\n|-ability|p1a: \u26a1\ufe0f\u26a1\ufe0fXURKITREE\u26a1\ufe0f\u26a1\ufe0f|Beast Boost|boost\n|-boost|p1a: \u26a1\ufe0f\u26a1\ufe0fXURKITREE\u26a1\ufe0f\u26a1\ufe0f|spa|1\n|\n|upkeep\n|\n|t:|1700873663\n|switch|p2a: Salamence|Salamence, F|100\/100\n|turn|19\n|\n|t:|1700873669\n|detailschange|p2a: Salamence|Salamence-Mega, F\n|-mega|p2a: Salamence|Salamence|Salamencite\n|move|p1a: \u26a1\ufe0f\u26a1\ufe0fXURKITREE\u26a1\ufe0f\u26a1\ufe0f|Thunder|p2a: Salamence\n|-damage|p2a: Salamence|0 fnt\n|faint|p2a: Salamence\n|\n|win|THUNDER-M0DE\u303d\ufe0f\n|raw|THUNDER-M0DE\u303d\ufe0f's rating: 1074 &rarr; <strong>1097<\/strong><br \/>(+23 for winning)\n|raw|uhd gym's rating: 1000 &rarr; <strong>1000<\/strong><br \/>(+0 for losing)\n|l|\u2606uhd gym\n","uploadtime":1700873881,"views":1,"p1id":"thunderm0de","p2id":"uhdgym","formatid":"gen9nationaldexubers","rating":1000,"private":0,"password":""}