{"id":"gen9nationaldexubers-1978710594","p1":"The_Garry_13","p2":"700club","format":"[Gen 9] National Dex Ubers","log":"|j|\u2606The_Garry_13\n|j|\u2606700club\n|t:|1698585258\n|gametype|singles\n|player|p1|The_Garry_13|lance-gen1|1481\n|player|p2|700club|shadowtriad|1310\n|teamsize|p1|6\n|teamsize|p2|6\n|gen|9\n|tier|[Gen 9] National Dex Ubers\n|rated|\n|rule|HP Percentage Mod: HP is shown in percentages\n|rule|Endless Battle Clause: Forcing endless battles is banned\n|rule|OHKO Clause: OHKO moves are banned\n|rule|Evasion Moves Clause: Evasion moves are banned\n|rule|Evasion Items Clause: Evasion items are banned\n|rule|Species Clause: Limit one of each Pok\u00e9mon\n|rule|Sleep Clause Mod: Limit one foe put to sleep\n|rule|Mega Rayquaza Clause: You cannot mega evolve Rayquaza\n|clearpoke\n|poke|p1|Marshadow|\n|poke|p1|Groudon|\n|poke|p1|Kyogre|\n|poke|p1|Darkrai|\n|poke|p1|Rayquaza|\n|poke|p1|Lugia|\n|poke|p2|Deoxys-Speed|\n|poke|p2|Arceus|\n|poke|p2|Zacian-*|\n|poke|p2|Salamence, F|\n|poke|p2|Kyogre|\n|poke|p2|Ho-Oh|\n|teampreview\n|inactive|Battle timer is ON: inactive players will automatically lose when time's up. (requested by The_Garry_13)\n|c|\u2606700club|hi\n|\n|t:|1698585275\n|start\n|switch|p1a: Kyogre|Kyogre|100\/100\n|switch|p2a: Deoxys|Deoxys-Speed|100\/100\n|-ability|p2a: Deoxys|Pressure\n|-weather|RainDance|[from] ability: Drizzle|[of] p1a: Kyogre\n|turn|1\n|c|\u2606The_Garry_13|GL mate\n|inactive|700club has 120 seconds left.\n|c|\u2606700club|you too!\n|\n|t:|1698585316\n|move|p2a: Deoxys|Stealth Rock|p1a: Kyogre\n|-sidestart|p1: The_Garry_13|move: Stealth Rock\n|move|p1a: Kyogre|Water Spout|p2a: Deoxys\n|-damage|p2a: Deoxys|0 fnt\n|faint|p2a: Deoxys\n|\n|-weather|RainDance|[upkeep]\n|upkeep\n|\n|t:|1698585333\n|switch|p2a: Zacian|Zacian-Crowned, shiny|100\/100\n|-ability|p2a: Zacian|Intrepid Sword|boost\n|-boost|p2a: Zacian|atk|1\n|turn|2\n|\n|t:|1698585347\n|switch|p1a: Groudon|Groudon, shiny|100\/100\n|-damage|p1a: Groudon|94\/100|[from] Stealth Rock\n|detailschange|p1a: Groudon|Groudon-Primal, shiny\n|-primal|p1a: Groudon|Red Orb\n|-weather|DesolateLand|[from] ability: Desolate Land|[of] p1a: Groudon\n|move|p2a: Zacian|Wild Charge|p1a: Groudon\n|-immune|p1a: Groudon\n|\n|-weather|DesolateLand|[upkeep]\n|upkeep\n|turn|3\n|\n|t:|1698585365\n|move|p2a: Zacian|Close Combat|p1a: Groudon\n|-damage|p1a: Groudon|61\/100\n|-unboost|p2a: Zacian|def|1\n|-unboost|p2a: Zacian|spd|1\n|move|p1a: Groudon|Bulk Up|p1a: Groudon\n|-boost|p1a: Groudon|atk|1\n|-boost|p1a: Groudon|def|1\n|\n|-weather|DesolateLand|[upkeep]\n|upkeep\n|turn|4\n|\n|t:|1698585382\n|move|p2a: Zacian|Close Combat|p1a: Groudon\n|-damage|p1a: Groudon|37\/100\n|-unboost|p2a: Zacian|def|1\n|-unboost|p2a: Zacian|spd|1\n|move|p1a: Groudon|Earthquake|p2a: Zacian\n|-supereffective|p2a: Zacian\n|-damage|p2a: Zacian|0 fnt\n|faint|p2a: Zacian\n|\n|-weather|DesolateLand|[upkeep]\n|upkeep\n|inactive|700club has 90 seconds left.\n|inactive|700club has 60 seconds left.\n|\n|t:|1698585435\n|switch|p2a: Kyogre|Kyogre|100\/100\n|detailschange|p2a: Kyogre|Kyogre-Primal\n|-primal|p2a: Kyogre|Blue Orb\n|-weather|PrimordialSea|[from] ability: Primordial Sea|[of] p2a: Kyogre\n|turn|5\n|\n|t:|1698585454\n|move|p2a: Kyogre|Water Spout|p1a: Groudon\n|-supereffective|p1a: Groudon\n|-damage|p1a: Groudon|0 fnt\n|faint|p1a: Groudon\n|\n|-weather|PrimordialSea|[upkeep]\n|upkeep\n|\n|t:|1698585468\n|switch|p1a: Kyogre|Kyogre|100\/100\n|-damage|p1a: Kyogre|88\/100|[from] Stealth Rock\n|-ability|p1a: Kyogre|Drizzle|[from] primordialsea|[fail]\n|turn|6\n|\n|t:|1698585482\n|-terastallize|p1a: Kyogre|Electric\n|move|p1a: Kyogre|Thunder|p2a: Kyogre\n|-supereffective|p2a: Kyogre\n|-damage|p2a: Kyogre|5\/100\n|-status|p2a: Kyogre|par\n|move|p2a: Kyogre|Origin Pulse|p1a: Kyogre\n|-damage|p1a: Kyogre|5\/100\n|\n|-weather|PrimordialSea|[upkeep]\n|upkeep\n|turn|7\n|\n|t:|1698585496\n|move|p1a: Kyogre|Thunder|p2a: Kyogre\n|-supereffective|p2a: Kyogre\n|-damage|p2a: Kyogre|0 fnt\n|faint|p2a: Kyogre\n|-weather|none\n|\n|upkeep\n|\n|t:|1698585507\n|switch|p2a: Arceus|Arceus, shiny|100\/100\n|turn|8\n|\n|t:|1698585522\n|switch|p1a: Lugia|Lugia|100\/100\n|-damage|p1a: Lugia|75\/100|[from] Stealth Rock\n|move|p2a: Arceus|Extreme Speed|p1a: Lugia\n|-damage|p1a: Lugia|40\/100\n|\n|-heal|p1a: Lugia|46\/100|[from] item: Leftovers\n|upkeep\n|turn|9\n|inactive|700club has 30 seconds left.\n|\n|t:|1698585548\n|move|p2a: Arceus|Swords Dance|p2a: Arceus\n|-boost|p2a: Arceus|atk|2\n|move|p1a: Lugia|Defog|p2a: Arceus\n|-unboost|p2a: Arceus|evasion|1\n|-sideend|p1: The_Garry_13|Stealth Rock|[from] move: Defog|[of] p1a: Lugia\n|\n|-heal|p1a: Lugia|52\/100|[from] item: Leftovers\n|upkeep\n|turn|10\n|inactive|700club has 30 seconds left.\n|c|\u2606700club|nice one\n|inactive|700club has 20 seconds left.\n|inactive|700club has 15 seconds left.\n|inactive|700club has 10 seconds left.\n|inactive|700club has 5 seconds left.\n|\n|t:|1698585580\n|switch|p2a: Ho-Oh|Ho-Oh|100\/100\n|move|p1a: Lugia|Toxic|p2a: Ho-Oh\n|-status|p2a: Ho-Oh|tox\n|\n|-heal|p1a: Lugia|59\/100|[from] item: Leftovers\n|-damage|p2a: Ho-Oh|94\/100 tox|[from] psn\n|upkeep\n|turn|11\n|inactive|700club has 15 seconds left this turn.\n|inactive|700club has 10 seconds left.\n|inactive|700club has 5 seconds left.\n|-message|700club lost due to inactivity.\n|\n|win|The_Garry_13\n|raw|The_Garry_13's rating: 1481 &rarr; <strong>1492<\/strong><br \/>(+11 for winning)\n|raw|700club's rating: 1310 &rarr; <strong>1299<\/strong><br \/>(-11 for losing)\n|c|\u2606700club|sorry\n|c|\u2606The_Garry_13|Np\n|c|\u2606700club|i did bad plays\n|c|\u2606700club|gg\n|l|\u2606The_Garry_13\n","uploadtime":1698585617,"views":14,"p1id":"thegarry13","p2id":"700club","formatid":"gen9nationaldexubers","rating":1299,"private":0,"password":""}