{"id":"gen9nationaldexubers-1996715656","p1":"PokeHaint","p2":"BoyzArbokInTown03","format":"[Gen 9] National Dex Ubers","log":"|j|\u2606PokeHaint\n|j|\u2606BoyzArbokInTown03\n|t:|1700713591\n|gametype|singles\n|player|p1|PokeHaint|n|\n|player|p2|BoyzArbokInTown03|170|\n|teamsize|p1|6\n|teamsize|p2|6\n|gen|9\n|tier|[Gen 9] National Dex Ubers\n|rule|HP Percentage Mod: HP is shown in percentages\n|rule|Endless Battle Clause: Forcing endless battles is banned\n|rule|OHKO Clause: OHKO moves are banned\n|rule|Evasion Moves Clause: Evasion moves are banned\n|rule|Evasion Items Clause: Evasion items are banned\n|rule|Species Clause: Limit one of each Pok\u00e9mon\n|rule|Sleep Clause Mod: Limit one foe put to sleep\n|rule|Mega Rayquaza Clause: You cannot mega evolve Rayquaza\n|clearpoke\n|poke|p1|Xerneas-*|\n|poke|p1|Diancie|\n|poke|p1|Great Tusk|\n|poke|p1|Kleavor, F|\n|poke|p1|Skarmory, M|\n|poke|p1|Magnezone|\n|poke|p2|Sylveon, F|\n|poke|p2|Venusaur, F|\n|poke|p2|Victini|\n|poke|p2|Volcarona, F|\n|poke|p2|Samurott-Hisui, F|\n|poke|p2|Zygarde|\n|teampreview\n|c|\u2606PokeHaint|glhf\n|c|\u2606BoyzArbokInTown03|Glhf\n|\n|t:|1700713612\n|start\n|switch|p1a: Kleavor|Kleavor, F|100\/100\n|switch|p2a: Samurott|Samurott-Hisui, F|100\/100\n|turn|1\n|\n|t:|1700713621\n|move|p2a: Samurott|Ceaseless Edge|p1a: Kleavor\n|-damage|p1a: Kleavor|41\/100\n|-sidestart|p1: PokeHaint|Spikes\n|move|p1a: Kleavor|X-Scissor|p2a: Samurott\n|-supereffective|p2a: Samurott\n|-enditem|p2a: Samurott|Focus Sash\n|-damage|p2a: Samurott|1\/100\n|\n|upkeep\n|turn|2\n|\n|t:|1700713633\n|move|p2a: Samurott|Aqua Cutter|p1a: Kleavor\n|-supereffective|p1a: Kleavor\n|-damage|p1a: Kleavor|0 fnt\n|faint|p1a: Kleavor\n|\n|upkeep\n|\n|t:|1700713650\n|switch|p1a: Great Tusk|Great Tusk|100\/100\n|-damage|p1a: Great Tusk|88\/100|[from] Spikes\n|turn|3\n|\n|t:|1700713657\n|move|p1a: Great Tusk|Rapid Spin|p2a: Samurott\n|-damage|p2a: Samurott|0 fnt\n|-boost|p1a: Great Tusk|spe|1\n|-sideend|p1: PokeHaint|Spikes|[from] move: Rapid Spin|[of] p1a: Great Tusk\n|faint|p2a: Samurott\n|\n|upkeep\n|\n|t:|1700713661\n|switch|p2a: Venusaur|Venusaur, F|100\/100\n|turn|4\n|\n|t:|1700713686\n|-end|p1a: Great Tusk|Protosynthesis|[silent]\n|switch|p1a: Skarmory|Skarmory, M|100\/100\n|detailschange|p2a: Venusaur|Venusaur-Mega, F\n|-mega|p2a: Venusaur|Venusaur|Venusaurite\n|move|p2a: Venusaur|Knock Off|p1a: Skarmory\n|-damage|p1a: Skarmory|86\/100\n|-enditem|p1a: Skarmory|Leftovers|[from] move: Knock Off|[of] p2a: Venusaur\n|\n|upkeep\n|turn|5\n|\n|t:|1700713717\n|switch|p2a: Victini|Victini|100\/100\n|switch|p1a: Magnezone|Magnezone|100\/100\n|\n|upkeep\n|turn|6\n|\n|t:|1700713727\n|-zpower|p2a: Victini\n|move|p2a: Victini|Z-Celebrate|p2a: Victini|[anim]Celebrate\n|-boost|p2a: Victini|atk|1|[zeffect]\n|-boost|p2a: Victini|def|1|[zeffect]\n|-boost|p2a: Victini|spa|1|[zeffect]\n|-boost|p2a: Victini|spd|1|[zeffect]\n|-boost|p2a: Victini|spe|1|[zeffect]\n|-activate|p2a: Victini|move: Celebrate\n|move|p1a: Magnezone|Volt Switch|p2a: Victini\n|-damage|p2a: Victini|49\/100\n|\n|t:|1700713765\n|switch|p1a: Diancie|Diancie|100\/100|[from] Volt Switch\n|\n|upkeep\n|turn|7\n|\n|t:|1700713772\n|move|p2a: Victini|Stored Power|p1a: Diancie\n|-damage|p1a: Diancie|25\/100\n|move|p1a: Diancie|Diamond Storm|p2a: Victini\n|-supereffective|p2a: Victini\n|-damage|p2a: Victini|0 fnt\n|faint|p2a: Victini\n|\n|upkeep\n|\n|t:|1700713789\n|switch|p2a: Zygarde|Zygarde|100\/100\n|turn|8\n|\n|t:|1700713793\n|detailschange|p1a: Diancie|Diancie-Mega\n|-mega|p1a: Diancie|Diancie|Diancite\n|move|p1a: Diancie|Moonblast|p2a: Zygarde\n|-supereffective|p2a: Zygarde\n|-damage|p2a: Zygarde|0 fnt\n|faint|p2a: Zygarde\n|\n|upkeep\n|\n|t:|1700713802\n|switch|p2a: Venusaur|Venusaur-Mega, F|100\/100\n|turn|9\n|\n|t:|1700713808\n|move|p1a: Diancie|Diamond Storm|p2a: Venusaur\n|-damage|p2a: Venusaur|69\/100\n|-boost|p1a: Diancie|def|2\n|move|p2a: Venusaur|Leaf Storm|p1a: Diancie\n|-supereffective|p1a: Diancie\n|-damage|p1a: Diancie|0 fnt\n|-unboost|p2a: Venusaur|spa|2\n|faint|p1a: Diancie\n|\n|upkeep\n|\n|t:|1700713815\n|switch|p1a: Great Tusk|Great Tusk|88\/100\n|turn|10\n|\n|t:|1700713818\n|move|p1a: Great Tusk|Headlong Rush|p2a: Venusaur\n|-damage|p2a: Venusaur|30\/100\n|-unboost|p1a: Great Tusk|def|1\n|-unboost|p1a: Great Tusk|spd|1\n|move|p2a: Venusaur|Toxic|p1a: Great Tusk\n|-status|p1a: Great Tusk|tox\n|\n|-damage|p1a: Great Tusk|82\/100 tox|[from] psn\n|upkeep\n|turn|11\n|\n|t:|1700713826\n|move|p1a: Great Tusk|Headlong Rush|p2a: Venusaur\n|-damage|p2a: Venusaur|0 fnt\n|-unboost|p1a: Great Tusk|def|1\n|-unboost|p1a: Great Tusk|spd|1\n|faint|p2a: Venusaur\n|\n|-damage|p1a: Great Tusk|70\/100 tox|[from] psn\n|upkeep\n|\n|t:|1700713830\n|switch|p2a: Volcarona|Volcarona, F, shiny|100\/100\n|turn|12\n|\n|t:|1700713834\n|move|p1a: Great Tusk|Headlong Rush|p2a: Volcarona\n|-damage|p2a: Volcarona|7\/100\n|-unboost|p1a: Great Tusk|def|1\n|-unboost|p1a: Great Tusk|spd|1\n|move|p2a: Volcarona|Fiery Dance|p1a: Great Tusk\n|-damage|p1a: Great Tusk|0 fnt\n|-boost|p2a: Volcarona|spa|1\n|faint|p1a: Great Tusk\n|-end|p1a: Great Tusk|Protosynthesis|[silent]\n|\n|upkeep\n|\n|t:|1700713852\n|switch|p1a: Xerneas|Xerneas|100\/100\n|-ability|p1a: Xerneas|Fairy Aura\n|turn|13\n|\n|t:|1700713860\n|switch|p2a: Sylveon|Sylveon, F|100\/100\n|move|p1a: Xerneas|Moonblast|p2a: Sylveon\n|-damage|p2a: Sylveon|65\/100\n|-unboost|p2a: Sylveon|spa|1\n|\n|upkeep\n|turn|14\n|\n|t:|1700713865\n|move|p1a: Xerneas|Geomancy||[still]\n|-prepare|p1a: Xerneas|Geomancy\n|-enditem|p1a: Xerneas|Power Herb\n|-anim|p1a: Xerneas|Geomancy|p1a: Xerneas\n|-boost|p1a: Xerneas|spa|2\n|-boost|p1a: Xerneas|spd|2\n|-boost|p1a: Xerneas|spe|2\n|-enditem|p2a: Sylveon|Mirror Herb\n|-boost|p2a: Sylveon|spa|2|[from] item: Mirror Herb\n|-boost|p2a: Sylveon|spd|2|[from] item: Mirror Herb\n|-boost|p2a: Sylveon|spe|2|[from] item: Mirror Herb\n|move|p2a: Sylveon|Wish|p2a: Sylveon\n|\n|upkeep\n|turn|15\n|\n|t:|1700713878\n|move|p2a: Sylveon|Protect|p2a: Sylveon\n|-singleturn|p2a: Sylveon|Protect\n|move|p1a: Xerneas|Moonblast|p2a: Sylveon\n|-activate|p2a: Sylveon|move: Protect\n|\n|-heal|p2a: Sylveon|100\/100|[from] move: Wish|[wisher] Sylveon\n|upkeep\n|turn|16\n|\n|t:|1700713884\n|move|p1a: Xerneas|Moonblast|p2a: Sylveon\n|-damage|p2a: Sylveon|65\/100\n|move|p2a: Sylveon|Roar|p1a: Xerneas\n|drag|p1a: Magnezone|Magnezone|100\/100\n|\n|upkeep\n|turn|17\n|\n|t:|1700713898\n|-terastallize|p2a: Sylveon|Steel\n|move|p2a: Sylveon|Wish|p2a: Sylveon\n|move|p1a: Magnezone|Flash Cannon|p2a: Sylveon\n|-resisted|p2a: Sylveon\n|-damage|p2a: Sylveon|53\/100\n|\n|upkeep\n|turn|18\n|\n|t:|1700713916\n|switch|p1a: Xerneas|Xerneas|100\/100\n|-ability|p1a: Xerneas|Fairy Aura\n|move|p2a: Sylveon|Hyper Voice|p1a: Xerneas\n|-damage|p1a: Xerneas|44\/100\n|\n|-heal|p2a: Sylveon|100\/100|[from] move: Wish|[wisher] Sylveon\n|upkeep\n|turn|19\n|\n|t:|1700713924\n|-terastallize|p1a: Xerneas|Steel\n|move|p2a: Sylveon|Hyper Voice|p1a: Xerneas\n|-resisted|p1a: Xerneas\n|-damage|p1a: Xerneas|15\/100\n|move|p1a: Xerneas|Focus Blast|p2a: Sylveon|[miss]\n|-miss|p1a: Xerneas|p2a: Sylveon\n|\n|upkeep\n|turn|20\n|\n|t:|1700713933\n|move|p2a: Sylveon|Hyper Voice|p1a: Xerneas\n|-resisted|p1a: Xerneas\n|-damage|p1a: Xerneas|0 fnt\n|faint|p1a: Xerneas\n|\n|upkeep\n|\n|t:|1700713935\n|switch|p1a: Magnezone|Magnezone|100\/100\n|turn|21\n|\n|t:|1700713938\n|move|p2a: Sylveon|Protect|p2a: Sylveon\n|-singleturn|p2a: Sylveon|Protect\n|move|p1a: Magnezone|Thunderbolt|p2a: Sylveon\n|-activate|p2a: Sylveon|move: Protect\n|\n|upkeep\n|turn|22\n|\n|t:|1700713943\n|move|p2a: Sylveon|Wish|p2a: Sylveon\n|move|p1a: Magnezone|Thunderbolt|p2a: Sylveon\n|-damage|p2a: Sylveon|72\/100\n|\n|upkeep\n|turn|23\n|\n|t:|1700713947\n|move|p2a: Sylveon|Hyper Voice|p1a: Magnezone\n|-resisted|p1a: Magnezone\n|-damage|p1a: Magnezone|65\/100\n|move|p1a: Magnezone|Thunderbolt|p2a: Sylveon\n|-damage|p2a: Sylveon|46\/100\n|\n|-heal|p2a: Sylveon|96\/100|[from] move: Wish|[wisher] Sylveon\n|upkeep\n|turn|24\n|\n|t:|1700713953\n|move|p2a: Sylveon|Wish|p2a: Sylveon\n|move|p1a: Magnezone|Thunderbolt|p2a: Sylveon\n|-damage|p2a: Sylveon|68\/100\n|\n|upkeep\n|turn|25\n|\n|t:|1700713956\n|move|p2a: Sylveon|Hyper Voice|p1a: Magnezone\n|-resisted|p1a: Magnezone\n|-damage|p1a: Magnezone|35\/100\n|move|p1a: Magnezone|Thunderbolt|p2a: Sylveon\n|-damage|p2a: Sylveon|43\/100\n|\n|-heal|p2a: Sylveon|93\/100|[from] move: Wish|[wisher] Sylveon\n|upkeep\n|turn|26\n|\n|t:|1700713961\n|move|p2a: Sylveon|Wish|p2a: Sylveon\n|move|p1a: Magnezone|Thunderbolt|p2a: Sylveon\n|-damage|p2a: Sylveon|66\/100\n|\n|upkeep\n|turn|27\n|\n|t:|1700713966\n|move|p2a: Sylveon|Hyper Voice|p1a: Magnezone\n|-resisted|p1a: Magnezone\n|-damage|p1a: Magnezone|3\/100\n|move|p1a: Magnezone|Thunderbolt|p2a: Sylveon\n|-damage|p2a: Sylveon|38\/100\n|\n|-heal|p2a: Sylveon|88\/100|[from] move: Wish|[wisher] Sylveon\n|upkeep\n|turn|28\n|\n|t:|1700713973\n|move|p2a: Sylveon|Wish|p2a: Sylveon\n|move|p1a: Magnezone|Thunderbolt|p2a: Sylveon\n|-damage|p2a: Sylveon|60\/100\n|\n|upkeep\n|turn|29\n|\n|t:|1700713977\n|move|p2a: Sylveon|Hyper Voice|p1a: Magnezone\n|-resisted|p1a: Magnezone\n|-damage|p1a: Magnezone|0 fnt\n|faint|p1a: Magnezone\n|\n|-heal|p2a: Sylveon|100\/100|[from] move: Wish|[wisher] Sylveon\n|upkeep\n|\n|t:|1700713980\n|switch|p1a: Skarmory|Skarmory, M|86\/100\n|turn|30\n|\n|t:|1700714001\n|move|p2a: Sylveon|Hyper Voice|p1a: Skarmory\n|-resisted|p1a: Skarmory\n|-damage|p1a: Skarmory|56\/100\n|move|p1a: Skarmory|Iron Defense|p1a: Skarmory\n|-boost|p1a: Skarmory|def|2\n|\n|upkeep\n|turn|31\n|\n|t:|1700714006\n|move|p2a: Sylveon|Hyper Voice|p1a: Skarmory\n|-resisted|p1a: Skarmory\n|-damage|p1a: Skarmory|28\/100\n|move|p1a: Skarmory|Roost|p1a: Skarmory\n|-heal|p1a: Skarmory|78\/100\n|-singleturn|p1a: Skarmory|move: Roost\n|\n|upkeep\n|turn|32\n|\n|t:|1700714016\n|move|p2a: Sylveon|Hyper Voice|p1a: Skarmory\n|-resisted|p1a: Skarmory\n|-damage|p1a: Skarmory|49\/100\n|move|p1a: Skarmory|Roost|p1a: Skarmory\n|-heal|p1a: Skarmory|99\/100\n|-singleturn|p1a: Skarmory|move: Roost\n|\n|upkeep\n|turn|33\n|\n|t:|1700714021\n|move|p2a: Sylveon|Hyper Voice|p1a: Skarmory\n|-resisted|p1a: Skarmory\n|-damage|p1a: Skarmory|70\/100\n|move|p1a: Skarmory|Iron Defense|p1a: Skarmory\n|-boost|p1a: Skarmory|def|2\n|\n|upkeep\n|turn|34\n|\n|t:|1700714026\n|move|p2a: Sylveon|Hyper Voice|p1a: Skarmory\n|-resisted|p1a: Skarmory\n|-damage|p1a: Skarmory|43\/100\n|move|p1a: Skarmory|Roost|p1a: Skarmory\n|-heal|p1a: Skarmory|93\/100\n|-singleturn|p1a: Skarmory|move: Roost\n|\n|upkeep\n|turn|35\n|\n|t:|1700714033\n|move|p2a: Sylveon|Hyper Voice|p1a: Skarmory\n|-resisted|p1a: Skarmory\n|-crit|p1a: Skarmory\n|-damage|p1a: Skarmory|53\/100\n|move|p1a: Skarmory|Roost|p1a: Skarmory\n|-heal|p1a: Skarmory|100\/100\n|-singleturn|p1a: Skarmory|move: Roost\n|\n|upkeep\n|turn|36\n|\n|t:|1700714039\n|move|p2a: Sylveon|Hyper Voice|p1a: Skarmory\n|-resisted|p1a: Skarmory\n|-damage|p1a: Skarmory|70\/100\n|move|p1a: Skarmory|Body Press|p2a: Sylveon\n|-supereffective|p2a: Sylveon\n|-damage|p2a: Sylveon|0 fnt\n|faint|p2a: Sylveon\n|\n|upkeep\n|\n|t:|1700714045\n|switch|p2a: Volcarona|Volcarona, F, shiny|7\/100\n|turn|37\n|\n|t:|1700714047\n|move|p2a: Volcarona|Fiery Dance|p1a: Skarmory\n|-supereffective|p1a: Skarmory\n|-crit|p1a: Skarmory\n|-damage|p1a: Skarmory|0 fnt\n|faint|p1a: Skarmory\n|\n|win|BoyzArbokInTown03\n|l|\u2606BoyzArbokInTown03\n","uploadtime":1700714078,"views":10,"p1id":"pokehaint","p2id":"boyzarbokintown03","formatid":"gen9nationaldexubers","rating":0,"private":0,"password":""}