{"id":"gen9nationaldexubers-1991621098","p1":"MatheusNSiebra013","p2":"mr Deuzp","format":"[Gen 9] National Dex Ubers","log":"|j|\u2606MatheusNSiebra013\n|j|\u2606mr Deuzp\n|t:|1700095152\n|gametype|singles\n|player|p1|MatheusNSiebra013|lance|1251\n|player|p2|mr Deuzp|shadowtriad|1381\n|teamsize|p1|6\n|teamsize|p2|6\n|gen|9\n|tier|[Gen 9] National Dex Ubers\n|rated|\n|rule|HP Percentage Mod: HP is shown in percentages\n|rule|Endless Battle Clause: Forcing endless battles is banned\n|rule|OHKO Clause: OHKO moves are banned\n|rule|Evasion Moves Clause: Evasion moves are banned\n|rule|Evasion Items Clause: Evasion items are banned\n|rule|Species Clause: Limit one of each Pok\u00e9mon\n|rule|Sleep Clause Mod: Limit one foe put to sleep\n|rule|Mega Rayquaza Clause: You cannot mega evolve Rayquaza\n|clearpoke\n|poke|p1|Toxapex, F|\n|poke|p1|Houndstone, F|\n|poke|p1|Maushold-Four|\n|poke|p1|Krookodile, M|\n|poke|p1|Tyranitar, M|\n|poke|p1|Skeledirge, F|\n|poke|p2|Ho-Oh|\n|poke|p2|Pheromosa|\n|poke|p2|Naganadel|\n|poke|p2|Galvantula, M|\n|poke|p2|Shaymin-Sky|\n|poke|p2|Metagross|\n|teampreview\n|\n|t:|1700095181\n|start\n|switch|p1a: Tyranitar|Tyranitar, M|100\/100\n|switch|p2a: Galvantula|Galvantula, M, shiny|100\/100\n|-weather|Sandstorm|[from] ability: Sand Stream|[of] p1a: Tyranitar\n|turn|1\n|\n|t:|1700095188\n|move|p2a: Galvantula|Thunder Wave|p1a: Tyranitar\n|-status|p1a: Tyranitar|par\n|move|p1a: Tyranitar|Stealth Rock|p2a: Galvantula\n|-sidestart|p2: mr Deuzp|move: Stealth Rock\n|\n|-weather|Sandstorm|[upkeep]\n|-damage|p2a: Galvantula|94\/100|[from] Sandstorm\n|upkeep\n|turn|2\n|\n|t:|1700095203\n|switch|p1a: Krookodile|Krookodile, M|100\/100\n|move|p2a: Galvantula|Sticky Web|p1a: Krookodile\n|-sidestart|p1: MatheusNSiebra013|move: Sticky Web\n|\n|-weather|Sandstorm|[upkeep]\n|-damage|p2a: Galvantula|88\/100|[from] Sandstorm\n|upkeep\n|turn|3\n|\n|t:|1700095208\n|move|p2a: Galvantula|Bug Buzz|p1a: Krookodile\n|-supereffective|p1a: Krookodile\n|-damage|p1a: Krookodile|0 fnt\n|faint|p1a: Krookodile\n|\n|-weather|Sandstorm|[upkeep]\n|-damage|p2a: Galvantula|82\/100|[from] Sandstorm\n|upkeep\n|\n|t:|1700095216\n|switch|p1a: Maushold|Maushold-Four|100\/100\n|-activate|p1a: Maushold|move: Sticky Web\n|-unboost|p1a: Maushold|spe|1\n|turn|4\n|\n|t:|1700095223\n|move|p2a: Galvantula|Thunder Wave|p1a: Maushold\n|-status|p1a: Maushold|par\n|move|p1a: Maushold|Population Bomb|p2a: Galvantula\n|-damage|p2a: Galvantula|72\/100\n|-damage|p2a: Galvantula|62\/100\n|-damage|p2a: Galvantula|51\/100\n|-damage|p2a: Galvantula|41\/100\n|-damage|p2a: Galvantula|31\/100\n|-damage|p2a: Galvantula|21\/100\n|-crit|p2a: Galvantula\n|-damage|p2a: Galvantula|6\/100\n|-damage|p2a: Galvantula|0 fnt\n|faint|p2a: Galvantula\n|-hitcount|p2: Galvantula|8\n|\n|-weather|Sandstorm|[upkeep]\n|-damage|p1a: Maushold|95\/100 par|[from] Sandstorm\n|upkeep\n|\n|t:|1700095228\n|switch|p2a: Pheromosa|Pheromosa, shiny|100\/100\n|turn|5\n|\n|t:|1700095242\n|-terastallize|p1a: Maushold|Ghost\n|move|p2a: Pheromosa|Rapid Spin|p1a: Maushold\n|-immune|p1a: Maushold\n|move|p1a: Maushold|Tidy Up|p1a: Maushold\n|-sideend|p1: MatheusNSiebra013|Sticky Web\n|-sideend|p2: mr Deuzp|Stealth Rock\n|-activate|p1a: Maushold|move: Tidy Up\n|-boost|p1a: Maushold|atk|1\n|-boost|p1a: Maushold|spe|1\n|\n|-weather|none\n|upkeep\n|turn|6\n|\n|t:|1700095249\n|move|p2a: Pheromosa|U-turn|p1a: Maushold\n|-resisted|p1a: Maushold\n|-damage|p1a: Maushold|70\/100 par\n|\n|t:|1700095266\n|switch|p2a: Ho-Oh|Ho-Oh, shiny|100\/100|[from] U-turn\n|cant|p1a: Maushold|par\n|\n|upkeep\n|turn|7\n|\n|t:|1700095284\n|-zpower|p2a: Ho-Oh\n|move|p2a: Ho-Oh|Z-Celebrate|p2a: Ho-Oh|[anim]Celebrate\n|-boost|p2a: Ho-Oh|atk|1|[zeffect]\n|-boost|p2a: Ho-Oh|def|1|[zeffect]\n|-boost|p2a: Ho-Oh|spa|1|[zeffect]\n|-boost|p2a: Ho-Oh|spd|1|[zeffect]\n|-boost|p2a: Ho-Oh|spe|1|[zeffect]\n|-activate|p2a: Ho-Oh|move: Celebrate\n|move|p1a: Maushold|Population Bomb|p2a: Ho-Oh\n|-damage|p2a: Ho-Oh|95\/100\n|-damage|p2a: Ho-Oh|90\/100\n|-damage|p2a: Ho-Oh|85\/100\n|-damage|p2a: Ho-Oh|80\/100\n|-damage|p2a: Ho-Oh|75\/100\n|-damage|p2a: Ho-Oh|70\/100\n|-damage|p2a: Ho-Oh|65\/100\n|-damage|p2a: Ho-Oh|60\/100\n|-damage|p2a: Ho-Oh|55\/100\n|-damage|p2a: Ho-Oh|50\/100\n|-hitcount|p2a: Ho-Oh|10\n|\n|upkeep\n|turn|8\n|\n|t:|1700095304\n|move|p2a: Ho-Oh|Brave Bird|p1a: Maushold\n|-damage|p1a: Maushold|0 fnt\n|faint|p1a: Maushold\n|-damage|p2a: Ho-Oh|30\/100|[from] Recoil\n|\n|upkeep\n|\n|t:|1700095309\n|switch|p1a: Toxapex|Toxapex, F|100\/100\n|turn|9\n|\n|t:|1700095314\n|move|p2a: Ho-Oh|Roost|p2a: Ho-Oh\n|-heal|p2a: Ho-Oh|80\/100\n|-singleturn|p2a: Ho-Oh|move: Roost\n|move|p1a: Toxapex|Toxic Spikes|p2a: Ho-Oh\n|-sidestart|p2: mr Deuzp|move: Toxic Spikes\n|\n|upkeep\n|turn|10\n|\n|t:|1700095320\n|move|p1a: Toxapex|Baneful Bunker|p1a: Toxapex\n|-singleturn|p1a: Toxapex|move: Protect\n|move|p2a: Ho-Oh|Sacred Fire|p1a: Toxapex\n|-activate|p1a: Toxapex|move: Protect\n|\n|upkeep\n|turn|11\n|\n|t:|1700095328\n|move|p2a: Ho-Oh|Sacred Fire|p1a: Toxapex\n|-resisted|p1a: Toxapex\n|-damage|p1a: Toxapex|79\/100\n|-status|p1a: Toxapex|brn\n|move|p1a: Toxapex|Scald|p2a: Ho-Oh\n|-supereffective|p2a: Ho-Oh\n|-damage|p2a: Ho-Oh|70\/100\n|\n|-heal|p1a: Toxapex|86\/100 brn|[from] item: Leftovers\n|-damage|p1a: Toxapex|79\/100 brn|[from] brn\n|upkeep\n|turn|12\n|\n|t:|1700095338\n|move|p2a: Ho-Oh|Roost|p2a: Ho-Oh\n|-heal|p2a: Ho-Oh|100\/100\n|-singleturn|p2a: Ho-Oh|move: Roost\n|move|p1a: Toxapex|Scald|p2a: Ho-Oh\n|-supereffective|p2a: Ho-Oh\n|-damage|p2a: Ho-Oh|90\/100\n|\n|-heal|p1a: Toxapex|86\/100 brn|[from] item: Leftovers\n|-damage|p1a: Toxapex|79\/100 brn|[from] brn\n|upkeep\n|turn|13\n|\n|t:|1700095347\n|move|p2a: Ho-Oh|Brave Bird|p1a: Toxapex\n|-damage|p1a: Toxapex|32\/100 brn\n|-damage|p2a: Ho-Oh|78\/100|[from] Recoil\n|move|p1a: Toxapex|Scald|p2a: Ho-Oh\n|-supereffective|p2a: Ho-Oh\n|-damage|p2a: Ho-Oh|69\/100\n|\n|-heal|p1a: Toxapex|38\/100 brn|[from] item: Leftovers\n|-damage|p1a: Toxapex|32\/100 brn|[from] brn\n|upkeep\n|turn|14\n|\n|t:|1700095353\n|move|p1a: Toxapex|Baneful Bunker|p1a: Toxapex\n|-singleturn|p1a: Toxapex|move: Protect\n|move|p2a: Ho-Oh|Sacred Fire|p1a: Toxapex\n|-activate|p1a: Toxapex|move: Protect\n|\n|-heal|p1a: Toxapex|38\/100 brn|[from] item: Leftovers\n|-damage|p1a: Toxapex|32\/100 brn|[from] brn\n|upkeep\n|turn|15\n|\n|t:|1700095360\n|move|p2a: Ho-Oh|Brave Bird|p1a: Toxapex\n|-damage|p1a: Toxapex|0 fnt\n|faint|p1a: Toxapex\n|-damage|p2a: Ho-Oh|62\/100|[from] Recoil\n|\n|upkeep\n|\n|t:|1700095366\n|switch|p1a: Tyranitar|Tyranitar, M|100\/100 par\n|-weather|Sandstorm|[from] ability: Sand Stream|[of] p1a: Tyranitar\n|turn|16\n|\n|t:|1700095372\n|move|p2a: Ho-Oh|Roost|p2a: Ho-Oh\n|-heal|p2a: Ho-Oh|100\/100\n|-singleturn|p2a: Ho-Oh|move: Roost\n|move|p1a: Tyranitar|Stealth Rock|p2a: Ho-Oh\n|-sidestart|p2: mr Deuzp|move: Stealth Rock\n|\n|-weather|Sandstorm|[upkeep]\n|-damage|p2a: Ho-Oh|94\/100|[from] Sandstorm\n|upkeep\n|turn|17\n|\n|t:|1700095379\n|switch|p1a: Houndstone|Houndstone, F|100\/100\n|move|p2a: Ho-Oh|Sacred Fire|p1a: Houndstone\n|-damage|p1a: Houndstone|25\/100\n|\n|-weather|Sandstorm|[upkeep]\n|-damage|p2a: Ho-Oh|88\/100|[from] Sandstorm\n|upkeep\n|turn|18\n|\n|t:|1700095386\n|move|p1a: Houndstone|Last Respects|p2a: Ho-Oh\n|-damage|p2a: Ho-Oh|27\/100\n|move|p2a: Ho-Oh|Brave Bird|p1a: Houndstone\n|-damage|p1a: Houndstone|0 fnt\n|faint|p1a: Houndstone\n|-damage|p2a: Ho-Oh|22\/100|[from] Recoil\n|\n|-weather|Sandstorm|[upkeep]\n|-damage|p2a: Ho-Oh|16\/100|[from] Sandstorm\n|upkeep\n|\n|t:|1700095395\n|switch|p1a: Tyranitar|Tyranitar, M|100\/100 par\n|turn|19\n|\n|t:|1700095399\n|move|p2a: Ho-Oh|Sacred Fire|p1a: Tyranitar\n|-resisted|p1a: Tyranitar\n|-damage|p1a: Tyranitar|72\/100 par\n|cant|p1a: Tyranitar|par\n|\n|-weather|Sandstorm|[upkeep]\n|-damage|p2a: Ho-Oh|10\/100|[from] Sandstorm\n|upkeep\n|turn|20\n|\n|t:|1700095402\n|move|p2a: Ho-Oh|Roost|p2a: Ho-Oh\n|-heal|p2a: Ho-Oh|60\/100\n|-singleturn|p2a: Ho-Oh|move: Roost\n|move|p1a: Tyranitar|Stealth Rock||[still]\n|-fail|p1a: Tyranitar\n|\n|-weather|none\n|upkeep\n|turn|21\n|\n|t:|1700095413\n|move|p2a: Ho-Oh|Roost|p2a: Ho-Oh\n|-heal|p2a: Ho-Oh|100\/100\n|-singleturn|p2a: Ho-Oh|move: Roost\n|move|p1a: Tyranitar|Crunch|p2a: Ho-Oh\n|-damage|p2a: Ho-Oh|64\/100\n|-damage|p1a: Tyranitar|62\/100 par|[from] item: Life Orb\n|\n|upkeep\n|turn|22\n|\n|t:|1700095419\n|move|p2a: Ho-Oh|Sacred Fire|p1a: Tyranitar\n|-resisted|p1a: Tyranitar\n|-damage|p1a: Tyranitar|31\/100 par\n|move|p1a: Tyranitar|Dragon Dance|p1a: Tyranitar\n|-boost|p1a: Tyranitar|atk|1\n|-boost|p1a: Tyranitar|spe|1\n|\n|upkeep\n|turn|23\n|\n|t:|1700095428\n|move|p2a: Ho-Oh|Sacred Fire|p1a: Tyranitar|[miss]\n|-miss|p2a: Ho-Oh|p1a: Tyranitar\n|move|p1a: Tyranitar|Crunch|p2a: Ho-Oh\n|-damage|p2a: Ho-Oh|12\/100\n|-unboost|p2a: Ho-Oh|def|1\n|-damage|p1a: Tyranitar|21\/100 par|[from] item: Life Orb\n|\n|upkeep\n|turn|24\n|\n|t:|1700095437\n|move|p2a: Ho-Oh|Sacred Fire|p1a: Tyranitar\n|-resisted|p1a: Tyranitar\n|-damage|p1a: Tyranitar|0 fnt\n|faint|p1a: Tyranitar\n|\n|upkeep\n|\n|t:|1700095440\n|switch|p1a: Skeledirge|Skeledirge, F|100\/100\n|turn|25\n|\n|t:|1700095446\n|move|p2a: Ho-Oh|Roost|p2a: Ho-Oh\n|-heal|p2a: Ho-Oh|62\/100\n|-singleturn|p2a: Ho-Oh|move: Roost\n|move|p1a: Skeledirge|Torch Song|p2a: Ho-Oh\n|-resisted|p2a: Ho-Oh\n|-damage|p2a: Ho-Oh|56\/100\n|-boost|p1a: Skeledirge|spa|1\n|\n|upkeep\n|turn|26\n|\n|t:|1700095453\n|move|p2a: Ho-Oh|Roost|p2a: Ho-Oh\n|-heal|p2a: Ho-Oh|100\/100\n|-singleturn|p2a: Ho-Oh|move: Roost\n|move|p1a: Skeledirge|Torch Song|p2a: Ho-Oh\n|-resisted|p2a: Ho-Oh\n|-damage|p2a: Ho-Oh|91\/100\n|-boost|p1a: Skeledirge|spa|1\n|\n|upkeep\n|turn|27\n|\n|t:|1700095456\n|move|p2a: Ho-Oh|Brave Bird|p1a: Skeledirge\n|-damage|p1a: Skeledirge|61\/100\n|-damage|p2a: Ho-Oh|78\/100|[from] Recoil\n|move|p1a: Skeledirge|Torch Song|p2a: Ho-Oh\n|-resisted|p2a: Ho-Oh\n|-damage|p2a: Ho-Oh|66\/100\n|-boost|p1a: Skeledirge|spa|1\n|\n|-heal|p1a: Skeledirge|67\/100|[from] item: Leftovers\n|upkeep\n|turn|28\n|\n|t:|1700095460\n|move|p2a: Ho-Oh|Brave Bird|p1a: Skeledirge\n|-damage|p1a: Skeledirge|24\/100\n|-damage|p2a: Ho-Oh|52\/100|[from] Recoil\n|move|p1a: Skeledirge|Slack Off|p1a: Skeledirge\n|-heal|p1a: Skeledirge|74\/100\n|\n|-heal|p1a: Skeledirge|80\/100|[from] item: Leftovers\n|upkeep\n|turn|29\n|\n|t:|1700095466\n|move|p2a: Ho-Oh|Brave Bird|p1a: Skeledirge\n|-damage|p1a: Skeledirge|37\/100\n|-damage|p2a: Ho-Oh|38\/100|[from] Recoil\n|move|p1a: Skeledirge|Slack Off|p1a: Skeledirge\n|-heal|p1a: Skeledirge|87\/100\n|\n|-heal|p1a: Skeledirge|93\/100|[from] item: Leftovers\n|upkeep\n|turn|30\n|\n|t:|1700095474\n|move|p2a: Ho-Oh|Roost|p2a: Ho-Oh\n|-heal|p2a: Ho-Oh|88\/100\n|-singleturn|p2a: Ho-Oh|move: Roost\n|move|p1a: Skeledirge|Shadow Ball|p2a: Ho-Oh\n|-damage|p2a: Ho-Oh|54\/100\n|\n|-heal|p1a: Skeledirge|99\/100|[from] item: Leftovers\n|upkeep\n|turn|31\n|\n|t:|1700095483\n|move|p2a: Ho-Oh|Brave Bird|p1a: Skeledirge\n|-crit|p1a: Skeledirge\n|-damage|p1a: Skeledirge|32\/100\n|-damage|p2a: Ho-Oh|32\/100|[from] Recoil\n|move|p1a: Skeledirge|Shadow Ball|p2a: Ho-Oh\n|-damage|p2a: Ho-Oh|1\/100\n|-unboost|p2a: Ho-Oh|spd|1\n|\n|-heal|p1a: Skeledirge|38\/100|[from] item: Leftovers\n|upkeep\n|turn|32\n|\n|t:|1700095492\n|move|p2a: Ho-Oh|Brave Bird|p1a: Skeledirge\n|-damage|p1a: Skeledirge|0 fnt\n|faint|p1a: Skeledirge\n|-damage|p2a: Ho-Oh|0 fnt|[from] Recoil\n|faint|p2a: Ho-Oh\n|\n|win|mr Deuzp\n|raw|MatheusNSiebra013's rating: 1251 &rarr; <strong>1235<\/strong><br \/>(-16 for losing)\n|raw|mr Deuzp's rating: 1381 &rarr; <strong>1394<\/strong><br \/>(+13 for winning)\n|l|\u2606MatheusNSiebra013\n","uploadtime":1700095504,"views":12,"p1id":"matheusnsiebra013","p2id":"mrdeuzp","formatid":"gen9nationaldexubers","rating":1235,"private":0,"password":""}