{"id":"gen9nationaldexubers-1987348396","p1":"Thehamburgular","p2":"Fegufegu","format":"[Gen 9] National Dex Ubers","log":"|j|\u2606Thehamburgular\n|j|\u2606Fegufegu\n|t:|1699580332\n|gametype|singles\n|player|p1|Thehamburgular|hiker-gen4|1328\n|player|p2|Fegufegu|iris-gen5bw2|1294\n|teamsize|p1|6\n|teamsize|p2|6\n|gen|9\n|tier|[Gen 9] National Dex Ubers\n|rated|\n|rule|HP Percentage Mod: HP is shown in percentages\n|rule|Endless Battle Clause: Forcing endless battles is banned\n|rule|OHKO Clause: OHKO moves are banned\n|rule|Evasion Moves Clause: Evasion moves are banned\n|rule|Evasion Items Clause: Evasion items are banned\n|rule|Species Clause: Limit one of each Pok\u00e9mon\n|rule|Sleep Clause Mod: Limit one foe put to sleep\n|rule|Mega Rayquaza Clause: You cannot mega evolve Rayquaza\n|clearpoke\n|poke|p1|Marshadow|\n|poke|p1|Regieleki|\n|poke|p1|Zacian-*|\n|poke|p1|Groudon|\n|poke|p1|Kommo-o, M|\n|poke|p1|Amoonguss, F|\n|poke|p2|Grimmsnarl, M|\n|poke|p2|Heatran, F|\n|poke|p2|Gholdengo|\n|poke|p2|Landorus-Therian, M|\n|poke|p2|Glimmora, M|\n|poke|p2|Gastrodon, F|\n|teampreview\n|\n|t:|1699580337\n|start\n|switch|p1a: Amoonguss|Amoonguss, F|100\/100\n|switch|p2a: Glimmora|Glimmora, M|100\/100\n|turn|1\n|\n|t:|1699580341\n|move|p2a: Glimmora|Stealth Rock|p1a: Amoonguss\n|-sidestart|p1: Thehamburgular|move: Stealth Rock\n|move|p1a: Amoonguss|Spore|p2a: Glimmora\n|-status|p2a: Glimmora|slp|[from] move: Spore\n|\n|upkeep\n|turn|2\n|inactive|Battle timer is ON: inactive players will automatically lose when time's up. (requested by Thehamburgular)\n|\n|t:|1699580360\n|switch|p1a: Budget Korridon|Kommo-o, M, shiny|100\/100\n|-damage|p1a: Budget Korridon|94\/100|[from] Stealth Rock\n|cant|p2a: Glimmora|slp\n|\n|upkeep\n|turn|3\n|\n|t:|1699580365\n|cant|p2a: Glimmora|slp\n|move|p1a: Budget Korridon|Substitute|p1a: Budget Korridon\n|-start|p1a: Budget Korridon|Substitute\n|-damage|p1a: Budget Korridon|69\/100\n|\n|upkeep\n|turn|4\n|\n|t:|1699580369\n|-curestatus|p2a: Glimmora|slp|[msg]\n|move|p2a: Glimmora|Power Gem|p1a: Budget Korridon\n|-resisted|p1a: Budget Korridon\n|-crit|p1a: Budget Korridon\n|-end|p1a: Budget Korridon|Substitute\n|move|p1a: Budget Korridon|Belly Drum|p1a: Budget Korridon\n|-damage|p1a: Budget Korridon|19\/100\n|-setboost|p1a: Budget Korridon|atk|6|[from] move: Belly Drum\n|-enditem|p1a: Budget Korridon|Salac Berry|[eat]\n|-boost|p1a: Budget Korridon|spe|1|[from] item: Salac Berry\n|\n|upkeep\n|turn|5\n|\n|t:|1699580379\n|move|p1a: Budget Korridon|Drain Punch|p2a: Glimmora\n|-enditem|p2a: Glimmora|Focus Sash\n|-damage|p2a: Glimmora|1\/100\n|-heal|p1a: Budget Korridon|72\/100|[from] drain|[of] p2a: Glimmora\n|-activate|p2a: Glimmora|ability: Toxic Debris\n|-sidestart|p1: Thehamburgular|move: Toxic Spikes\n|move|p2a: Glimmora|Mortal Spin|p1a: Budget Korridon\n|-damage|p1a: Budget Korridon|66\/100\n|-status|p1a: Budget Korridon|psn\n|\n|-damage|p1a: Budget Korridon|54\/100 psn|[from] psn\n|upkeep\n|turn|6\n|\n|t:|1699580395\n|move|p1a: Budget Korridon|Drain Punch|p2a: Glimmora\n|-damage|p2a: Glimmora|0 fnt\n|-heal|p1a: Budget Korridon|54\/100 psn|[from] drain|[of] p2a: Glimmora\n|-activate|p2a: Glimmora|ability: Toxic Debris\n|-sidestart|p1: Thehamburgular|move: Toxic Spikes\n|faint|p2a: Glimmora\n|\n|-damage|p1a: Budget Korridon|42\/100 psn|[from] psn\n|upkeep\n|\n|t:|1699580408\n|switch|p2a: Grimmsnarl|Grimmsnarl, M|100\/100\n|turn|7\n|\n|t:|1699580411\n|move|p2a: Grimmsnarl|Fake Out|p1a: Budget Korridon\n|-damage|p1a: Budget Korridon|31\/100 psn\n|cant|p1a: Budget Korridon|flinch\n|\n|-damage|p1a: Budget Korridon|19\/100 psn|[from] psn\n|upkeep\n|turn|8\n|\n|t:|1699580420\n|move|p2a: Grimmsnarl|Reflect|p2a: Grimmsnarl\n|-sidestart|p2: Fegufegu|Reflect\n|move|p1a: Budget Korridon|Drain Punch|p2a: Grimmsnarl\n|-damage|p2a: Grimmsnarl|16\/100\n|-heal|p1a: Budget Korridon|75\/100 psn|[from] drain|[of] p2a: Grimmsnarl\n|\n|-damage|p1a: Budget Korridon|63\/100 psn|[from] psn\n|upkeep\n|turn|9\n|\n|t:|1699580427\n|move|p2a: Grimmsnarl|Parting Shot|p1a: Budget Korridon\n|-unboost|p1a: Budget Korridon|atk|1\n|-unboost|p1a: Budget Korridon|spa|1\n|\n|t:|1699580431\n|switch|p2a: Gholdengo|Gholdengo|100\/100|[from] Parting Shot\n|move|p1a: Budget Korridon|Drain Punch|p2a: Gholdengo\n|-immune|p2a: Gholdengo\n|\n|-damage|p1a: Budget Korridon|51\/100 psn|[from] psn\n|upkeep\n|turn|10\n|\n|t:|1699580453\n|move|p1a: Budget Korridon|Thunder Punch|p2a: Gholdengo\n|-damage|p2a: Gholdengo|56\/100\n|move|p2a: Gholdengo|Shadow Ball|p1a: Budget Korridon\n|-damage|p1a: Budget Korridon|4\/100 psn\n|-unboost|p1a: Budget Korridon|spd|1\n|\n|-damage|p1a: Budget Korridon|0 fnt|[from] psn\n|faint|p1a: Budget Korridon\n|upkeep\n|\n|t:|1699580462\n|switch|p1a: Amoonguss|Amoonguss, F|100\/100\n|-damage|p1a: Amoonguss|88\/100|[from] Stealth Rock\n|-sideend|p1: Thehamburgular|move: Toxic Spikes|[of] p1a: Amoonguss\n|turn|11\n|\n|t:|1699580469\n|switch|p2a: Grimmsnarl|Grimmsnarl, M|16\/100\n|move|p1a: Amoonguss|Energy Ball|p2a: Grimmsnarl\n|-damage|p2a: Grimmsnarl|0 fnt\n|faint|p2a: Grimmsnarl\n|\n|upkeep\n|\n|t:|1699580481\n|switch|p2a: Heatran|Heatran, F, shiny|100\/100\n|-item|p2a: Heatran|Air Balloon\n|turn|12\n|\n|t:|1699580487\n|move|p2a: Heatran|Magma Storm|p1a: Amoonguss\n|-supereffective|p1a: Amoonguss\n|-damage|p1a: Amoonguss|0 fnt\n|faint|p1a: Amoonguss\n|\n|upkeep\n|\n|t:|1699580493\n|switch|p1a: Groudon|Groudon|100\/100\n|-damage|p1a: Groudon|94\/100|[from] Stealth Rock\n|detailschange|p1a: Groudon|Groudon-Primal\n|-primal|p1a: Groudon|Red Orb\n|-weather|DesolateLand|[from] ability: Desolate Land|[of] p1a: Groudon\n|turn|13\n|\n|t:|1699580502\n|move|p1a: Groudon|Heat Crash|p2a: Heatran\n|-start|p2a: Heatran|ability: Flash Fire\n|move|p2a: Heatran|Magma Storm|p1a: Groudon\n|-resisted|p1a: Groudon\n|-damage|p1a: Groudon|20\/100\n|-activate|p1a: Groudon|move: Magma Storm|[of] p2a: Heatran\n|\n|-weather|DesolateLand|[upkeep]\n|-damage|p1a: Groudon|8\/100|[from] move: Magma Storm|[partiallytrapped]\n|upkeep\n|turn|14\n|\n|t:|1699580519\n|move|p1a: Groudon|Earthquake|p2a: Heatran\n|-immune|p2a: Heatran\n|move|p2a: Heatran|Lava Plume|p1a: Groudon\n|-resisted|p1a: Groudon\n|-damage|p1a: Groudon|0 fnt\n|faint|p1a: Groudon\n|-weather|none\n|\n|upkeep\n|\n|t:|1699580524\n|switch|p1a: Counter|Marshadow|100\/100\n|-damage|p1a: Counter|94\/100|[from] Stealth Rock\n|turn|15\n|-message|Thehamburgular forfeited.\n|\n|win|Fegufegu\n|raw|Thehamburgular's rating: 1328 &rarr; <strong>1306<\/strong><br \/>(-22 for losing)\n|raw|Fegufegu's rating: 1294 &rarr; <strong>1321<\/strong><br \/>(+27 for winning)\n|l|\u2606Thehamburgular\n","uploadtime":1699580562,"views":7,"p1id":"thehamburgular","p2id":"fegufegu","formatid":"gen9nationaldexubers","rating":1306,"private":0,"password":""}