{"id":"gen9nationaldexubers-1993747011","p1":"MorningStar53","p2":"85792195wwww","format":"[Gen 9] National Dex Ubers","log":"|j|\u2606MorningStar53\n|j|\u260685792195wwww\n|t:|1700352407\n|gametype|singles\n|player|p1|MorningStar53|li|1465\n|player|p2|85792195wwww|mira|1657\n|teamsize|p1|6\n|teamsize|p2|6\n|gen|9\n|tier|[Gen 9] National Dex Ubers\n|rated|\n|rule|HP Percentage Mod: HP is shown in percentages\n|rule|Endless Battle Clause: Forcing endless battles is banned\n|rule|OHKO Clause: OHKO moves are banned\n|rule|Evasion Moves Clause: Evasion moves are banned\n|rule|Evasion Items Clause: Evasion items are banned\n|rule|Species Clause: Limit one of each Pok\u00e9mon\n|rule|Sleep Clause Mod: Limit one foe put to sleep\n|rule|Mega Rayquaza Clause: You cannot mega evolve Rayquaza\n|clearpoke\n|poke|p1|Marshadow|\n|poke|p1|Arceus-Water|\n|poke|p1|Xerneas-*|\n|poke|p1|Salamence, M|\n|poke|p1|Groudon|\n|poke|p1|Ho-Oh|\n|poke|p2|Kyurem-White|\n|poke|p2|Arceus|\n|poke|p2|Xerneas-*|\n|poke|p2|Mewtwo|\n|poke|p2|Krookodile, M|\n|poke|p2|Groudon|\n|teampreview\n|\n|t:|1700352429\n|start\n|switch|p1a: Xerneas|Xerneas|100\/100\n|switch|p2a: Krookodile|Krookodile, M|100\/100\n|-ability|p2a: Krookodile|Intimidate|boost\n|-unboost|p1a: Xerneas|atk|1\n|-ability|p1a: Xerneas|Fairy Aura\n|turn|1\n|\n|t:|1700352439\n|move|p2a: Krookodile|Knock Off|p1a: Xerneas\n|-resisted|p1a: Xerneas\n|-damage|p1a: Xerneas|80\/100\n|-enditem|p1a: Xerneas|Power Herb|[from] move: Knock Off|[of] p2a: Krookodile\n|move|p1a: Xerneas|Moonblast|p2a: Krookodile\n|-supereffective|p2a: Krookodile\n|-enditem|p2a: Krookodile|Focus Sash\n|-damage|p2a: Krookodile|1\/100\n|-unboost|p2a: Krookodile|spa|1\n|\n|upkeep\n|turn|2\n|\n|t:|1700352450\n|move|p2a: Krookodile|Stealth Rock|p1a: Xerneas\n|-sidestart|p1: MorningStar53|move: Stealth Rock\n|move|p1a: Xerneas|Moonblast|p2a: Krookodile\n|-supereffective|p2a: Krookodile\n|-damage|p2a: Krookodile|0 fnt\n|faint|p2a: Krookodile\n|\n|upkeep\n|\n|t:|1700352484\n|switch|p2a: Xerneas|Xerneas|100\/100\n|-ability|p2a: Xerneas|Fairy Aura\n|turn|3\n|\n|t:|1700352499\n|move|p1a: Xerneas|Moonblast|p2a: Xerneas\n|-damage|p2a: Xerneas|42\/100\n|-unboost|p2a: Xerneas|spa|1\n|move|p2a: Xerneas|Geomancy||[still]\n|-prepare|p2a: Xerneas|Geomancy\n|-enditem|p2a: Xerneas|Power Herb\n|-anim|p2a: Xerneas|Geomancy|p2a: Xerneas\n|-boost|p2a: Xerneas|spa|2\n|-boost|p2a: Xerneas|spd|2\n|-boost|p2a: Xerneas|spe|2\n|\n|upkeep\n|turn|4\n|\n|t:|1700352509\n|move|p2a: Xerneas|Moonblast|p1a: Xerneas\n|-damage|p1a: Xerneas|0 fnt\n|faint|p1a: Xerneas\n|\n|upkeep\n|\n|t:|1700352519\n|switch|p1a: Arceus|Arceus-Water|100\/100\n|-damage|p1a: Arceus|88\/100|[from] Stealth Rock\n|turn|5\n|\n|t:|1700352525\n|move|p2a: Xerneas|Draining Kiss|p1a: Arceus\n|-damage|p1a: Arceus|50\/100\n|-heal|p2a: Xerneas|73\/100|[from] drain|[of] p1a: Arceus\n|move|p1a: Arceus|Toxic|p2a: Xerneas\n|-status|p2a: Xerneas|tox\n|\n|-damage|p2a: Xerneas|67\/100 tox|[from] psn\n|upkeep\n|turn|6\n|\n|t:|1700352534\n|move|p2a: Xerneas|Moonblast|p1a: Arceus\n|-damage|p1a: Arceus|0 fnt\n|faint|p1a: Arceus\n|\n|-damage|p2a: Xerneas|55\/100 tox|[from] psn\n|upkeep\n|\n|t:|1700352544\n|switch|p1a: Groudon|Groudon|100\/100\n|-damage|p1a: Groudon|94\/100|[from] Stealth Rock\n|detailschange|p1a: Groudon|Groudon-Primal\n|-primal|p1a: Groudon|Red Orb\n|-weather|DesolateLand|[from] ability: Desolate Land|[of] p1a: Groudon\n|turn|7\n|\n|t:|1700352552\n|move|p2a: Xerneas|Moonblast|p1a: Groudon\n|-resisted|p1a: Groudon\n|-damage|p1a: Groudon|32\/100\n|move|p1a: Groudon|Precipice Blades|p2a: Xerneas|[miss]\n|-miss|p1a: Groudon|p2a: Xerneas\n|\n|-weather|DesolateLand|[upkeep]\n|-damage|p2a: Xerneas|36\/100 tox|[from] psn\n|upkeep\n|turn|8\n|c|\u2606MorningStar53|makes me want to switch to earthquake lmao\n|\n|t:|1700352579\n|move|p2a: Xerneas|Draining Kiss|p1a: Groudon\n|-resisted|p1a: Groudon\n|-damage|p1a: Groudon|0 fnt\n|-heal|p2a: Xerneas|56\/100 tox|[from] drain|[of] p1a: Groudon\n|faint|p1a: Groudon\n|-weather|none\n|\n|-damage|p2a: Xerneas|31\/100 tox|[from] psn\n|upkeep\n|\n|t:|1700352587\n|switch|p1a: Marshadow|Marshadow|100\/100\n|-damage|p1a: Marshadow|94\/100|[from] Stealth Rock\n|turn|9\n|\n|t:|1700352592\n|move|p1a: Marshadow|Shadow Sneak|p2a: Xerneas\n|-damage|p2a: Xerneas|6\/100 tox\n|move|p2a: Xerneas|Draining Kiss|p1a: Marshadow\n|-supereffective|p1a: Marshadow\n|-damage|p1a: Marshadow|0 fnt\n|-heal|p2a: Xerneas|62\/100 tox|[from] drain|[of] p1a: Marshadow\n|faint|p1a: Marshadow\n|\n|-damage|p2a: Xerneas|31\/100 tox|[from] psn\n|upkeep\n|\n|t:|1700352603\n|switch|p1a: Ho-Oh|Ho-Oh|100\/100\n|-damage|p1a: Ho-Oh|50\/100|[from] Stealth Rock\n|turn|10\n|\n|t:|1700352609\n|move|p2a: Xerneas|Hidden Power|p1a: Ho-Oh\n|-supereffective|p1a: Ho-Oh\n|-damage|p1a: Ho-Oh|0 fnt\n|faint|p1a: Ho-Oh\n|\n|-damage|p2a: Xerneas|0 fnt|[from] psn\n|faint|p2a: Xerneas\n|upkeep\n|\n|t:|1700352619\n|switch|p2a: Mewtwo|Mewtwo|100\/100\n|switch|p1a: Salamence|Salamence, M|100\/100\n|-ability|p2a: Mewtwo|Pressure\n|-damage|p1a: Salamence|76\/100|[from] Stealth Rock\n|-ability|p1a: Salamence|Intimidate|boost\n|-unboost|p2a: Mewtwo|atk|1\n|turn|11\n|\n|t:|1700352629\n|detailschange|p2a: Mewtwo|Mewtwo-Mega-Y\n|-mega|p2a: Mewtwo|Mewtwo|Mewtwonite Y\n|detailschange|p1a: Salamence|Salamence-Mega, M\n|-mega|p1a: Salamence|Salamence|Salamencite\n|move|p2a: Mewtwo|Ice Beam|p1a: Salamence\n|-supereffective|p1a: Salamence\n|-damage|p1a: Salamence|0 fnt\n|faint|p1a: Salamence\n|\n|win|85792195wwww\n|raw|MorningStar53's rating: 1465 &rarr; <strong>1455<\/strong><br \/>(-10 for losing)\n|raw|85792195wwww's rating: 1657 &rarr; <strong>1667<\/strong><br \/>(+10 for winning)\n|l|\u2606MorningStar53\n","uploadtime":1700352641,"views":5,"p1id":"morningstar53","p2id":"85792195wwww","formatid":"gen9nationaldexubers","rating":1455,"private":0,"password":""}