{"id":"gen9nationaldexubers-1982856828","p1":"eshaan is awesom","p2":"0Fiamma0","format":"[Gen 9] National Dex Ubers","log":"|j|\u2606eshaan is awesom\n|j|\u26060Fiamma0\n|t:|1699051819\n|gametype|singles\n|player|p1|eshaan is awesom|102|1215\n|player|p2|0Fiamma0|lucas|1234\n|teamsize|p1|6\n|teamsize|p2|6\n|gen|9\n|tier|[Gen 9] National Dex Ubers\n|rated|\n|rule|HP Percentage Mod: HP is shown in percentages\n|rule|Endless Battle Clause: Forcing endless battles is banned\n|rule|OHKO Clause: OHKO moves are banned\n|rule|Evasion Moves Clause: Evasion moves are banned\n|rule|Evasion Items Clause: Evasion items are banned\n|rule|Species Clause: Limit one of each Pok\u00e9mon\n|rule|Sleep Clause Mod: Limit one foe put to sleep\n|rule|Mega Rayquaza Clause: You cannot mega evolve Rayquaza\n|clearpoke\n|poke|p1|Naganadel|\n|poke|p1|Blaziken, F|\n|poke|p1|Metagross|\n|poke|p1|Zeraora|\n|poke|p1|Darmanitan-Galar, F|\n|poke|p1|Ambipom, F|\n|poke|p2|Umbreon, M|\n|poke|p2|Staraptor, F|\n|poke|p2|Skeledirge, M|\n|poke|p2|Espathra, F|\n|poke|p2|Lucario, M|\n|poke|p2|Rotom-Wash|\n|teampreview\n|\n|t:|1699051835\n|start\n|switch|p1a: Ambipom|Ambipom, F|100\/100\n|switch|p2a: Staraptor|Staraptor, F|100\/100\n|turn|1\n|\n|t:|1699051848\n|move|p1a: Ambipom|Fake Out|p2a: Staraptor\n|-damage|p2a: Staraptor|52\/100\n|-damage|p1a: Ambipom|91\/100|[from] item: Life Orb\n|cant|p2a: Staraptor|flinch\n|\n|upkeep\n|turn|2\n|\n|t:|1699051857\n|move|p2a: Staraptor|Brave Bird|p1a: Ambipom\n|-damage|p1a: Ambipom|0 fnt\n|faint|p1a: Ambipom\n|-damage|p2a: Staraptor|24\/100|[from] Recoil\n|\n|upkeep\n|\n|t:|1699051876\n|switch|p1a: Blaziken|Blaziken, F|100\/100\n|turn|3\n|\n|t:|1699051888\n|move|p2a: Staraptor|Brave Bird|p1a: Blaziken\n|-supereffective|p1a: Blaziken\n|-crit|p1a: Blaziken\n|-enditem|p1a: Blaziken|Focus Sash\n|-damage|p1a: Blaziken|1\/100\n|-damage|p2a: Staraptor|0 fnt|[from] Recoil\n|faint|p2a: Staraptor\n|move|p1a: Blaziken|Blaze Kick|p2: Staraptor|[notarget]\n|-fail|p1a: Blaziken\n|\n|-ability|p1a: Blaziken|Speed Boost|boost\n|-boost|p1a: Blaziken|spe|1\n|upkeep\n|\n|t:|1699051897\n|switch|p2a: Lucario|Lucario, M|100\/100\n|turn|4\n|\n|t:|1699051905\n|move|p2a: Lucario|Bullet Punch|p1a: Blaziken\n|-resisted|p1a: Blaziken\n|-damage|p1a: Blaziken|0 fnt\n|faint|p1a: Blaziken\n|\n|upkeep\n|\n|t:|1699051912\n|switch|p1a: Zeraora|Zeraora, shiny|100\/100\n|turn|5\n|\n|t:|1699051921\n|switch|p2a: Skeledirge|Skeledirge, M|100\/100\n|move|p1a: Zeraora|Close Combat|p2a: Skeledirge\n|-immune|p2a: Skeledirge\n|\n|upkeep\n|turn|6\n|\n|t:|1699051928\n|move|p1a: Zeraora|Plasma Fists|p2a: Skeledirge\n|-damage|p2a: Skeledirge|72\/100\n|-fieldactivate|move: Ion Deluge\n|-hint|Normal-type moves become Electric-type after using Plasma Fists.\n|move|p2a: Skeledirge|Will-O-Wisp|p1a: Zeraora\n|-status|p1a: Zeraora|brn\n|\n|-damage|p1a: Zeraora|95\/100 brn|[from] brn\n|upkeep\n|turn|7\n|\n|t:|1699051950\n|switch|p1a: Metagross|Metagross|100\/100\n|move|p2a: Skeledirge|Slack Off|p2a: Skeledirge\n|-heal|p2a: Skeledirge|100\/100\n|\n|upkeep\n|turn|8\n|\n|t:|1699051966\n|detailschange|p1a: Metagross|Metagross-Mega\n|-mega|p1a: Metagross|Metagross|Metagrossite\n|move|p1a: Metagross|Earthquake|p2a: Skeledirge\n|-supereffective|p2a: Skeledirge\n|-damage|p2a: Skeledirge|55\/100\n|move|p2a: Skeledirge|Will-O-Wisp|p1a: Metagross\n|-status|p1a: Metagross|brn\n|\n|-damage|p1a: Metagross|95\/100 brn|[from] brn\n|upkeep\n|turn|9\n|\n|t:|1699051976\n|move|p1a: Metagross|Earthquake|p2a: Skeledirge\n|-supereffective|p2a: Skeledirge\n|-damage|p2a: Skeledirge|32\/100\n|move|p2a: Skeledirge|Slack Off|p2a: Skeledirge\n|-heal|p2a: Skeledirge|82\/100\n|\n|-damage|p1a: Metagross|89\/100 brn|[from] brn\n|upkeep\n|turn|10\n|\n|t:|1699051986\n|switch|p1a: Naganadel|Naganadel|100\/100\n|switch|p2a: Rotom|Rotom-Wash|100\/100\n|\n|upkeep\n|turn|11\n|\n|t:|1699052002\n|move|p1a: Naganadel|Sludge Bomb|p2a: Rotom\n|-damage|p2a: Rotom|60\/100\n|-status|p2a: Rotom|psn\n|move|p2a: Rotom|Volt Switch|p1a: Naganadel\n|-resisted|p1a: Naganadel\n|-damage|p1a: Naganadel|80\/100\n|\n|t:|1699052010\n|switch|p2a: Espathra|Espathra, F|100\/100|[from] Volt Switch\n|\n|-heal|p1a: Naganadel|86\/100|[from] item: Leftovers\n|upkeep\n|turn|12\n|\n|t:|1699052025\n|move|p1a: Naganadel|Dragon Pulse|p2a: Espathra\n|-damage|p2a: Espathra|32\/100\n|move|p2a: Espathra|Lumina Crash|p1a: Naganadel\n|-supereffective|p1a: Naganadel\n|-damage|p1a: Naganadel|0 fnt\n|faint|p1a: Naganadel\n|\n|-heal|p2a: Espathra|38\/100|[from] item: Leftovers\n|-ability|p2a: Espathra|Speed Boost|boost\n|-boost|p2a: Espathra|spe|1\n|upkeep\n|\n|t:|1699052036\n|switch|p1a: Darmanitan|Darmanitan-Galar, F|100\/100\n|turn|13\n|\n|t:|1699052044\n|move|p2a: Espathra|Substitute|p2a: Espathra\n|-start|p2a: Espathra|Substitute\n|-damage|p2a: Espathra|13\/100\n|move|p1a: Darmanitan|Ice Punch|p2a: Espathra\n|-end|p2a: Espathra|Substitute\n|\n|-heal|p2a: Espathra|19\/100|[from] item: Leftovers\n|-ability|p2a: Espathra|Speed Boost|boost\n|-boost|p2a: Espathra|spe|1\n|upkeep\n|turn|14\n|\n|t:|1699052059\n|move|p2a: Espathra|Lumina Crash|p1a: Darmanitan\n|-damage|p1a: Darmanitan|47\/100\n|-unboost|p1a: Darmanitan|spd|2\n|move|p1a: Darmanitan|Ice Punch|p2a: Espathra\n|-damage|p2a: Espathra|0 fnt\n|faint|p2a: Espathra\n|\n|upkeep\n|\n|t:|1699052062\n|switch|p2a: Skeledirge|Skeledirge, M|82\/100\n|turn|15\n|\n|t:|1699052080\n|switch|p1a: Zeraora|Zeraora, shiny|95\/100 brn\n|move|p2a: Skeledirge|Torch Song|p1a: Zeraora\n|-damage|p1a: Zeraora|53\/100 brn\n|-boost|p2a: Skeledirge|spa|1\n|\n|-damage|p1a: Zeraora|47\/100 brn|[from] brn\n|upkeep\n|turn|16\n|\n|t:|1699052104\n|switch|p2a: Umbreon|Umbreon, M|100\/100\n|move|p1a: Zeraora|Plasma Fists|p2a: Umbreon\n|-damage|p2a: Umbreon|81\/100\n|-fieldactivate|move: Ion Deluge\n|-hint|Normal-type moves become Electric-type after using Plasma Fists.\n|\n|-heal|p2a: Umbreon|88\/100|[from] item: Leftovers\n|-damage|p1a: Zeraora|41\/100 brn|[from] brn\n|upkeep\n|turn|17\n|\n|t:|1699052115\n|move|p1a: Zeraora|Close Combat|p2a: Umbreon\n|-supereffective|p2a: Umbreon\n|-damage|p2a: Umbreon|57\/100\n|-unboost|p1a: Zeraora|def|1\n|-unboost|p1a: Zeraora|spd|1\n|move|p2a: Umbreon|Wish|p2a: Umbreon\n|\n|-heal|p2a: Umbreon|63\/100|[from] item: Leftovers\n|-damage|p1a: Zeraora|35\/100 brn|[from] brn\n|upkeep\n|turn|18\n|\n|t:|1699052126\n|switch|p1a: Darmanitan|Darmanitan-Galar, F|47\/100\n|move|p2a: Umbreon|Foul Play|p1a: Darmanitan\n|-crit|p1a: Darmanitan\n|-damage|p1a: Darmanitan|0 fnt\n|faint|p1a: Darmanitan\n|\n|-heal|p2a: Umbreon|100\/100|[from] move: Wish|[wisher] Umbreon\n|upkeep\n|\n|t:|1699052134\n|switch|p1a: Metagross|Metagross-Mega|89\/100 brn\n|turn|19\n|\n|t:|1699052142\n|move|p1a: Metagross|Earthquake|p2a: Umbreon\n|-damage|p2a: Umbreon|85\/100\n|move|p2a: Umbreon|Wish|p2a: Umbreon\n|\n|-heal|p2a: Umbreon|91\/100|[from] item: Leftovers\n|-damage|p1a: Metagross|83\/100 brn|[from] brn\n|upkeep\n|turn|20\n|-message|eshaan is awesom forfeited.\n|\n|win|0Fiamma0\n|raw|eshaan is awesom's rating: 1215 &rarr; <strong>1191<\/strong><br \/>(-24 for losing)\n|raw|0Fiamma0's rating: 1234 &rarr; <strong>1258<\/strong><br \/>(+24 for winning)\n|l|\u2606eshaan is awesom\n","uploadtime":1699052154,"views":11,"p1id":"eshaanisawesom","p2id":"0fiamma0","formatid":"gen9nationaldexubers","rating":1191,"private":0,"password":""}