{"id":"gen9nationaldexubers-1980319482","p1":"Memes fr","p2":"zillygaming","format":"[Gen 9] National Dex Ubers","log":"|j|\u203dMemes fr\n|j|\u2606zillygaming\n|t:|1698775011\n|gametype|singles\n|player|p1|Memes fr|101|1082\n|player|p2|zillygaming|ingo|1191\n|teamsize|p1|6\n|teamsize|p2|6\n|gen|9\n|tier|[Gen 9] National Dex Ubers\n|rated|\n|rule|HP Percentage Mod: HP is shown in percentages\n|rule|Endless Battle Clause: Forcing endless battles is banned\n|rule|OHKO Clause: OHKO moves are banned\n|rule|Evasion Moves Clause: Evasion moves are banned\n|rule|Evasion Items Clause: Evasion items are banned\n|rule|Species Clause: Limit one of each Pok\u00e9mon\n|rule|Sleep Clause Mod: Limit one foe put to sleep\n|rule|Mega Rayquaza Clause: You cannot mega evolve Rayquaza\n|clearpoke\n|poke|p1|Ribombee, M|\n|poke|p1|Mew|\n|poke|p1|Gliscor, F|\n|poke|p1|Ting-Lu|\n|poke|p1|Annihilape, M|\n|poke|p1|Gholdengo|\n|poke|p2|Incineroar, F|\n|poke|p2|Meowscarada, F|\n|poke|p2|Zacian-*|\n|poke|p2|Blastoise, M|\n|poke|p2|Lycanroc-Dusk, M|\n|poke|p2|Lunala|\n|teampreview\n|\n|t:|1698775017\n|start\n|switch|p1a: Ribombee|Ribombee, M|100\/100\n|switch|p2a: Meowscarada|Meowscarada, F, shiny|100\/100\n|turn|1\n|\n|t:|1698775031\n|move|p1a: Ribombee|Sticky Web|p2a: Meowscarada\n|-sidestart|p2: zillygaming|move: Sticky Web\n|move|p2a: Meowscarada|Flower Trick|p1a: Ribombee\n|-start|p2a: Meowscarada|typechange|Grass|[from] ability: Protean\n|-resisted|p1a: Ribombee\n|-crit|p1a: Ribombee\n|-damage|p1a: Ribombee|64\/100\n|\n|upkeep\n|turn|2\n|\n|t:|1698775043\n|move|p1a: Ribombee|Moonblast|p2a: Meowscarada\n|-damage|p2a: Meowscarada|53\/100\n|move|p2a: Meowscarada|Toxic Spikes|p1a: Ribombee\n|-sidestart|p1: Memes fr|move: Toxic Spikes\n|\n|-heal|p2a: Meowscarada|59\/100|[from] item: Leftovers\n|upkeep\n|turn|3\n|\n|t:|1698775052\n|move|p2a: Meowscarada|Protect|p2a: Meowscarada\n|-singleturn|p2a: Meowscarada|Protect\n|move|p1a: Ribombee|Bug Buzz|p2a: Meowscarada\n|-activate|p2a: Meowscarada|move: Protect\n|\n|-heal|p2a: Meowscarada|65\/100|[from] item: Leftovers\n|upkeep\n|turn|4\n|\n|t:|1698775060\n|move|p1a: Ribombee|Bug Buzz|p2a: Meowscarada\n|-supereffective|p2a: Meowscarada\n|-damage|p2a: Meowscarada|0 fnt\n|faint|p2a: Meowscarada\n|\n|upkeep\n|\n|t:|1698775070\n|switch|p2a: Incineroar|Incineroar, F, shiny|100\/100\n|-activate|p2a: Incineroar|move: Sticky Web\n|-unboost|p2a: Incineroar|spe|1\n|-ability|p2a: Incineroar|Intimidate|boost\n|-unboost|p1a: Ribombee|atk|1\n|turn|5\n|\n|t:|1698775078\n|move|p2a: Incineroar|Fake Out|p1a: Ribombee\n|-damage|p1a: Ribombee|40\/100\n|move|p1a: Ribombee|Moonblast|p2a: Incineroar\n|-damage|p2a: Incineroar|64\/100\n|\n|upkeep\n|turn|6\n|c|\u2606zillygaming|Wait-\n|c|\u2606zillygaming|How did you not flinch?\n|inactive|Battle timer is ON: inactive players will automatically lose when time's up. (requested by Memes fr)\n|c|\u2606zillygaming|Fake out has a 100% chance to flinch-\n|\n|t:|1698775155\n|move|p1a: Ribombee|Moonblast|p2a: Incineroar\n|-damage|p2a: Incineroar|24\/100\n|move|p2a: Incineroar|Flare Blitz|p1a: Ribombee\n|-supereffective|p1a: Ribombee\n|-damage|p1a: Ribombee|0 fnt\n|faint|p1a: Ribombee\n|-damage|p2a: Incineroar|14\/100|[from] Recoil\n|\n|upkeep\n|\n|t:|1698775169\n|switch|p1a: Mew|Mew|100\/100\n|-status|p1a: Mew|psn\n|turn|7\n|\n|t:|1698775175\n|move|p1a: Mew|Stealth Rock|p2a: Incineroar\n|-sidestart|p2: zillygaming|move: Stealth Rock\n|-zpower|p2a: Incineroar\n|move|p2a: Incineroar|Malicious Moonsault|p1a: Mew|[zeffect]\n|-supereffective|p1a: Mew\n|-enditem|p1a: Mew|Focus Sash\n|-damage|p1a: Mew|1\/100 psn\n|\n|-damage|p1a: Mew|0 fnt|[from] psn\n|faint|p1a: Mew\n|upkeep\n|\n|t:|1698775180\n|switch|p1a: Gliscor|Gliscor, F|100\/100\n|turn|8\n|\n|t:|1698775192\n|move|p1a: Gliscor|Spikes|p2a: Incineroar\n|-sidestart|p2: zillygaming|Spikes\n|move|p2a: Incineroar|Darkest Lariat|p1a: Gliscor\n|-damage|p1a: Gliscor|70\/100\n|\n|-status|p1a: Gliscor|tox|[from] item: Toxic Orb\n|upkeep\n|turn|9\n|\n|t:|1698775201\n|move|p1a: Gliscor|Spikes|p2a: Incineroar\n|-sidestart|p2: zillygaming|Spikes\n|move|p2a: Incineroar|Darkest Lariat|p1a: Gliscor\n|-damage|p1a: Gliscor|42\/100 tox\n|\n|-heal|p1a: Gliscor|54\/100 tox|[from] ability: Poison Heal\n|upkeep\n|turn|10\n|\n|t:|1698775214\n|move|p1a: Gliscor|Spikes|p2a: Incineroar\n|-sidestart|p2: zillygaming|Spikes\n|move|p2a: Incineroar|Darkest Lariat|p1a: Gliscor\n|-damage|p1a: Gliscor|24\/100 tox\n|\n|-heal|p1a: Gliscor|36\/100 tox|[from] ability: Poison Heal\n|upkeep\n|turn|11\n|\n|t:|1698775223\n|move|p1a: Gliscor|Protect|p1a: Gliscor\n|-singleturn|p1a: Gliscor|Protect\n|move|p2a: Incineroar|Darkest Lariat|p1a: Gliscor\n|-activate|p1a: Gliscor|move: Protect\n|\n|-heal|p1a: Gliscor|48\/100 tox|[from] ability: Poison Heal\n|upkeep\n|turn|12\n|\n|t:|1698775233\n|move|p1a: Gliscor|Toxic Spikes|p2a: Incineroar\n|-sidestart|p2: zillygaming|move: Toxic Spikes\n|move|p2a: Incineroar|Darkest Lariat|p1a: Gliscor\n|-damage|p1a: Gliscor|18\/100 tox\n|\n|-heal|p1a: Gliscor|31\/100 tox|[from] ability: Poison Heal\n|upkeep\n|turn|13\n|\n|t:|1698775242\n|switch|p2a: Lunala|Lunala, shiny|100\/100\n|-activate|p2a: Lunala|move: Sticky Web\n|-unboost|p2a: Lunala|spe|1\n|-damage|p2a: Lunala|88\/100|[from] Stealth Rock\n|-damage|p2a: Lunala|63\/100|[from] Spikes\n|-status|p2a: Lunala|psn\n|move|p1a: Gliscor|Toxic Spikes|p2a: Lunala\n|-sidestart|p2: zillygaming|move: Toxic Spikes\n|\n|-heal|p1a: Gliscor|43\/100 tox|[from] ability: Poison Heal\n|-damage|p2a: Lunala|51\/100 psn|[from] psn\n|upkeep\n|turn|14\n|\n|t:|1698775256\n|move|p1a: Gliscor|Protect|p1a: Gliscor\n|-singleturn|p1a: Gliscor|Protect\n|move|p2a: Lunala|Defog|p1a: Gliscor\n|-activate|p1a: Gliscor|move: Protect\n|\n|-heal|p1a: Gliscor|55\/100 tox|[from] ability: Poison Heal\n|-damage|p2a: Lunala|39\/100 psn|[from] psn\n|upkeep\n|turn|15\n|\n|t:|1698775268\n|switch|p1a: Gholdengo|Gholdengo|100\/100\n|move|p2a: Lunala|Defog|p1a: Gholdengo\n|-immune|p1a: Gholdengo|[from] ability: Good as Gold\n|\n|-damage|p2a: Lunala|27\/100 psn|[from] psn\n|upkeep\n|turn|16\n|\n|t:|1698775277\n|move|p2a: Lunala|Moongeist Beam|p1a: Gholdengo\n|-supereffective|p1a: Gholdengo\n|-damage|p1a: Gholdengo|0 fnt\n|faint|p1a: Gholdengo\n|\n|-damage|p2a: Lunala|14\/100 psn|[from] psn\n|upkeep\n|\n|t:|1698775288\n|switch|p1a: Gliscor|Gliscor, F|55\/100 tox\n|turn|17\n|\n|t:|1698775297\n|move|p1a: Gliscor|Protect|p1a: Gliscor\n|-singleturn|p1a: Gliscor|Protect\n|move|p2a: Lunala|Defog|p1a: Gliscor\n|-activate|p1a: Gliscor|move: Protect\n|\n|-heal|p1a: Gliscor|68\/100 tox|[from] ability: Poison Heal\n|-damage|p2a: Lunala|2\/100 psn|[from] psn\n|upkeep\n|turn|18\n|\n|t:|1698775310\n|move|p1a: Gliscor|Protect||[still]\n|-fail|p1a: Gliscor\n|move|p2a: Lunala|Defog|p1a: Gliscor\n|-unboost|p1a: Gliscor|evasion|1\n|-sideend|p1: Memes fr|Toxic Spikes|[from] move: Defog|[of] p2a: Lunala\n|-sideend|p2: zillygaming|Spikes|[from] move: Defog|[of] p2a: Lunala\n|-sideend|p2: zillygaming|Toxic Spikes|[from] move: Defog|[of] p2a: Lunala\n|-sideend|p2: zillygaming|Stealth Rock|[from] move: Defog|[of] p2a: Lunala\n|-sideend|p2: zillygaming|Sticky Web|[from] move: Defog|[of] p2a: Lunala\n|\n|-heal|p1a: Gliscor|80\/100 tox|[from] ability: Poison Heal\n|-damage|p2a: Lunala|0 fnt|[from] psn\n|faint|p2a: Lunala\n|upkeep\n|\n|t:|1698775321\n|switch|p2a: Blastoise|Blastoise, M, shiny|100\/100\n|turn|19\n|-message|Memes fr forfeited.\n|\n|win|zillygaming\n|raw|Memes fr's rating: 1082 &rarr; <strong>1066<\/strong><br \/>(-16 for losing)\n|raw|zillygaming's rating: 1191 &rarr; <strong>1208<\/strong><br \/>(+17 for winning)\n|l|\u203dMemes fr\n","uploadtime":1698775332,"views":8,"p1id":"memesfr","p2id":"zillygaming","formatid":"gen9nationaldexubers","rating":1066,"private":0,"password":""}