{"id":"gen9nationaldexubers-1992187809","p1":"Brookiedeity","p2":"Elite Four Spiffy","format":"[Gen 9] National Dex Ubers","log":"|j|\u2606Brookiedeity\n|j|\u2606Elite Four Spiffy\n|t:|1700162264\n|gametype|singles\n|player|p1|Brookiedeity|cilan|1120\n|player|p2|Elite Four Spiffy|ethan-masters|1132\n|teamsize|p1|6\n|teamsize|p2|6\n|gen|9\n|tier|[Gen 9] National Dex Ubers\n|rated|\n|rule|HP Percentage Mod: HP is shown in percentages\n|rule|Endless Battle Clause: Forcing endless battles is banned\n|rule|OHKO Clause: OHKO moves are banned\n|rule|Evasion Moves Clause: Evasion moves are banned\n|rule|Evasion Items Clause: Evasion items are banned\n|rule|Species Clause: Limit one of each Pok\u00e9mon\n|rule|Sleep Clause Mod: Limit one foe put to sleep\n|rule|Mega Rayquaza Clause: You cannot mega evolve Rayquaza\n|clearpoke\n|poke|p1|Toxapex, F|\n|poke|p1|Hippowdon, M|\n|poke|p1|Ferrothorn, F|\n|poke|p1|Slowbro, F|\n|poke|p1|Shuckle, M|\n|poke|p1|Guzzlord|\n|poke|p2|Kommo-o, F|\n|poke|p2|Infernape, M|\n|poke|p2|Hawlucha, F|\n|poke|p2|Annihilape, F|\n|poke|p2|Sirfetch\u2019d, M|\n|poke|p2|Lucario, M|\n|teampreview\n|inactive|Battle timer is ON: inactive players will automatically lose when time's up. (requested by Elite Four Spiffy)\n|inactive|Elite Four Spiffy has 120 seconds left.\n|\n|t:|1700162319\n|start\n|switch|p1a: Slowbro|Slowbro, F|100\/100\n|switch|p2a: AuraRanger|Lucario, M|100\/100\n|turn|1\n|\n|t:|1700162327\n|switch|p2a: Sir Chad|Sirfetch\u2019d, M|100\/100\n|detailschange|p1a: Slowbro|Slowbro-Mega, F\n|-mega|p1a: Slowbro|Slowbro|Slowbronite\n|move|p1a: Slowbro|Future Sight|p2a: Sir Chad\n|-start|p1a: Slowbro|move: Future Sight\n|\n|upkeep\n|turn|2\n|\n|t:|1700162339\n|move|p2a: Sir Chad|First Impression|p1a: Slowbro\n|-supereffective|p1a: Slowbro\n|-damage|p1a: Slowbro|73\/100\n|move|p1a: Slowbro|Trick Room|p1a: Slowbro\n|-fieldstart|move: Trick Room|[of] p1a: Slowbro\n|\n|upkeep\n|turn|3\n|\n|t:|1700162345\n|move|p1a: Slowbro|Scald|p2a: Sir Chad\n|-damage|p2a: Sir Chad|55\/100\n|move|p2a: Sir Chad|Poison Jab|p1a: Slowbro\n|-damage|p1a: Slowbro|59\/100\n|\n|-end|p2a: Sir Chad|move: Future Sight\n|-supereffective|p2a: Sir Chad\n|-damage|p2a: Sir Chad|0 fnt\n|faint|p2a: Sir Chad\n|upkeep\n|\n|t:|1700162354\n|switch|p2a: Georgina|Annihilape, F|100\/100\n|turn|4\n|\n|t:|1700162360\n|move|p1a: Slowbro|Slack Off|p1a: Slowbro\n|-heal|p1a: Slowbro|100\/100\n|move|p2a: Georgina|Bulk Up|p2a: Georgina\n|-boost|p2a: Georgina|atk|1\n|-boost|p2a: Georgina|def|1\n|\n|upkeep\n|turn|5\n|\n|t:|1700162368\n|move|p1a: Slowbro|Future Sight|p2a: Georgina\n|-start|p1a: Slowbro|move: Future Sight\n|move|p2a: Georgina|Rage Fist|p1a: Slowbro\n|-supereffective|p1a: Slowbro\n|-damage|p1a: Slowbro|65\/100\n|\n|upkeep\n|turn|6\n|\n|t:|1700162374\n|move|p1a: Slowbro|Scald|p2a: Georgina\n|-damage|p2a: Georgina|73\/100\n|-status|p2a: Georgina|brn\n|move|p2a: Georgina|Rage Fist|p1a: Slowbro\n|-supereffective|p1a: Slowbro\n|-damage|p1a: Slowbro|27\/100\n|\n|-damage|p2a: Georgina|66\/100 brn|[from] brn\n|-fieldend|move: Trick Room\n|upkeep\n|turn|7\n|\n|t:|1700162384\n|-terastallize|p2a: Georgina|Ghost\n|move|p2a: Georgina|Rage Fist|p1a: Slowbro\n|-supereffective|p1a: Slowbro\n|-damage|p1a: Slowbro|0 fnt\n|faint|p1a: Slowbro\n|\n|-end|p2a: Georgina|move: Future Sight\n|-damage|p2a: Georgina|19\/100 brn\n|-damage|p2a: Georgina|13\/100 brn|[from] brn\n|upkeep\n|\n|t:|1700162401\n|switch|p1a: Guzzlord|Guzzlord|100\/100\n|turn|8\n|\n|t:|1700162407\n|move|p2a: Georgina|Drain Punch|p1a: Guzzlord\n|-supereffective|p1a: Guzzlord\n|-damage|p1a: Guzzlord|48\/100\n|-heal|p2a: Georgina|49\/100 brn|[from] drain|[of] p1a: Guzzlord\n|move|p1a: Guzzlord|Knock Off|p2a: Georgina\n|-supereffective|p2a: Georgina\n|-damage|p2a: Georgina|0 fnt\n|-enditem|p2a: Georgina|Expert Belt|[from] move: Knock Off|[of] p1a: Guzzlord\n|faint|p2a: Georgina\n|-ability|p1a: Guzzlord|Beast Boost|boost\n|-boost|p1a: Guzzlord|atk|1\n|\n|-heal|p1a: Guzzlord|54\/100|[from] item: Leftovers\n|upkeep\n|\n|t:|1700162418\n|switch|p2a: Nachos|Kommo-o, F|100\/100\n|turn|9\n|\n|t:|1700162428\n|-zpower|p2a: Nachos\n|move|p2a: Nachos|Clangorous Soulblaze|p1a: Guzzlord|[zeffect]\n|-supereffective|p1a: Guzzlord\n|-damage|p1a: Guzzlord|0 fnt\n|faint|p1a: Guzzlord\n|-boost|p2a: Nachos|atk|1\n|-boost|p2a: Nachos|def|1\n|-boost|p2a: Nachos|spa|1\n|-boost|p2a: Nachos|spd|1\n|-boost|p2a: Nachos|spe|1\n|\n|upkeep\n|\n|t:|1700162443\n|switch|p1a: Toxapex|Toxapex, F|100\/100\n|turn|10\n|\n|t:|1700162448\n|move|p2a: Nachos|Clanging Scales|p1a: Toxapex\n|-damage|p1a: Toxapex|40\/100\n|-unboost|p2a: Nachos|def|1\n|move|p1a: Toxapex|Haze|p1a: Toxapex\n|-clearallboost\n|\n|upkeep\n|turn|11\n|\n|t:|1700162455\n|move|p2a: Nachos|Clanging Scales|p1a: Toxapex\n|-damage|p1a: Toxapex|0 fnt\n|faint|p1a: Toxapex\n|-unboost|p2a: Nachos|def|1\n|\n|upkeep\n|\n|t:|1700162467\n|switch|p1a: Shuckle|Shuckle, M|100\/100\n|turn|12\n|\n|t:|1700162472\n|move|p2a: Nachos|Flash Cannon|p1a: Shuckle\n|-supereffective|p1a: Shuckle\n|-damage|p1a: Shuckle|65\/100\n|move|p1a: Shuckle|Toxic|p2a: Nachos\n|-status|p2a: Nachos|tox\n|\n|-damage|p2a: Nachos|94\/100 tox|[from] psn\n|upkeep\n|turn|13\n|\n|t:|1700162481\n|move|p2a: Nachos|Flash Cannon|p1a: Shuckle\n|-supereffective|p1a: Shuckle\n|-damage|p1a: Shuckle|30\/100\n|-enditem|p1a: Shuckle|Aguav Berry|[eat]\n|-heal|p1a: Shuckle|63\/100|[from] item: Aguav Berry\n|move|p1a: Shuckle|Infestation|p2a: Nachos\n|-resisted|p2a: Nachos\n|-damage|p2a: Nachos|93\/100 tox\n|-activate|p2a: Nachos|move: Infestation|[of] p1a: Shuckle\n|\n|-damage|p2a: Nachos|81\/100 tox|[from] psn\n|-damage|p2a: Nachos|69\/100 tox|[from] move: Infestation|[partiallytrapped]\n|upkeep\n|turn|14\n|\n|t:|1700162496\n|move|p2a: Nachos|Flash Cannon|p1a: Shuckle\n|-supereffective|p1a: Shuckle\n|-damage|p1a: Shuckle|31\/100\n|move|p1a: Shuckle|Rest|p1a: Shuckle\n|-status|p1a: Shuckle|slp|[from] move: Rest\n|-heal|p1a: Shuckle|100\/100 slp|[silent]\n|\n|-damage|p2a: Nachos|50\/100 tox|[from] psn\n|-damage|p2a: Nachos|38\/100 tox|[from] move: Infestation|[partiallytrapped]\n|upkeep\n|turn|15\n|\n|t:|1700162509\n|-terastallize|p1a: Shuckle|Ghost\n|move|p2a: Nachos|Flash Cannon|p1a: Shuckle\n|-damage|p1a: Shuckle|84\/100 slp\n|cant|p1a: Shuckle|slp\n|\n|-damage|p2a: Nachos|13\/100 tox|[from] psn\n|-damage|p2a: Nachos|0 fnt|[from] move: Infestation|[partiallytrapped]\n|faint|p2a: Nachos\n|upkeep\n|\n|t:|1700162519\n|switch|p2a: AuraRanger|Lucario, M|100\/100\n|turn|16\n|\n|t:|1700162526\n|move|p2a: AuraRanger|Nasty Plot|p2a: AuraRanger\n|-boost|p2a: AuraRanger|spa|2\n|cant|p1a: Shuckle|slp\n|\n|upkeep\n|turn|17\n|\n|t:|1700162533\n|switch|p1a: Hippowdon|Hippowdon, M|100\/100\n|-weather|Sandstorm|[from] ability: Sand Stream|[of] p1a: Hippowdon\n|move|p2a: AuraRanger|Nasty Plot|p2a: AuraRanger\n|-boost|p2a: AuraRanger|spa|2\n|\n|-weather|Sandstorm|[upkeep]\n|upkeep\n|turn|18\n|\n|t:|1700162542\n|detailschange|p2a: AuraRanger|Lucario-Mega, M\n|-mega|p2a: AuraRanger|Lucario|Lucarionite\n|move|p2a: AuraRanger|Aura Sphere|p1a: Hippowdon\n|-damage|p1a: Hippowdon|0 fnt\n|faint|p1a: Hippowdon\n|\n|-weather|Sandstorm|[upkeep]\n|upkeep\n|\n|t:|1700162550\n|switch|p1a: Ferrothorn|Ferrothorn, F|100\/100\n|turn|19\n|\n|t:|1700162558\n|move|p2a: AuraRanger|Aura Sphere|p1a: Ferrothorn\n|-supereffective|p1a: Ferrothorn\n|-damage|p1a: Ferrothorn|0 fnt\n|faint|p1a: Ferrothorn\n|\n|-weather|Sandstorm|[upkeep]\n|upkeep\n|c|\u2606Brookiedeity|Gg\n|\n|t:|1700162566\n|switch|p1a: Shuckle|Shuckle, M, tera:Ghost|84\/100 slp\n|turn|20\n|c|\u2606Elite Four Spiffy|gg\n|\n|t:|1700162573\n|move|p2a: AuraRanger|Flash Cannon|p1a: Shuckle\n|-damage|p1a: Shuckle|0 fnt\n|faint|p1a: Shuckle\n|\n|win|Elite Four Spiffy\n|raw|Brookiedeity's rating: 1120 &rarr; <strong>1096<\/strong><br \/>(-24 for losing)\n|raw|Elite Four Spiffy's rating: 1132 &rarr; <strong>1156<\/strong><br \/>(+24 for winning)\n","uploadtime":1700162582,"views":8,"p1id":"brookiedeity","p2id":"elitefourspiffy","formatid":"gen9nationaldexubers","rating":1096,"private":0,"password":""}