{"id":"gen9nationaldexubers-1977840053","p1":"ATLAS_PHANTON","p2":"blakeab","format":"[Gen 9] National Dex Ubers","log":"|j|\u2606ATLAS_PHANTON\n|j|\u2606blakeab\n|t:|1698456048\n|gametype|singles\n|player|p1|ATLAS_PHANTON|iris-gen5bw2|1106\n|player|p2|blakeab|1|1225\n|teamsize|p1|6\n|teamsize|p2|6\n|gen|9\n|tier|[Gen 9] National Dex Ubers\n|rated|\n|rule|HP Percentage Mod: HP is shown in percentages\n|rule|Endless Battle Clause: Forcing endless battles is banned\n|rule|OHKO Clause: OHKO moves are banned\n|rule|Evasion Moves Clause: Evasion moves are banned\n|rule|Evasion Items Clause: Evasion items are banned\n|rule|Species Clause: Limit one of each Pok\u00e9mon\n|rule|Sleep Clause Mod: Limit one foe put to sleep\n|rule|Mega Rayquaza Clause: You cannot mega evolve Rayquaza\n|clearpoke\n|poke|p1|Absol, F|\n|poke|p1|Tornadus, M|\n|poke|p1|Landorus-Therian, M|\n|poke|p1|Gholdengo|\n|poke|p1|Xerneas-*|\n|poke|p1|Arceus-Fire|\n|poke|p2|Swampert, M|\n|poke|p2|Orthworm, M|\n|poke|p2|Glimmora, M|\n|poke|p2|Marshadow|\n|poke|p2|Shaymin-Sky|\n|poke|p2|Ho-Oh|\n|teampreview\n|inactive|Battle timer is ON: inactive players will automatically lose when time's up. (requested by blakeab)\n|\n|t:|1698456066\n|start\n|switch|p1a: Gholdengo|Gholdengo|100\/100\n|switch|p2a: Shaymin|Shaymin-Sky|100\/100\n|turn|1\n|\n|t:|1698456077\n|move|p2a: Shaymin|Tailwind|p2a: Shaymin\n|-sidestart|p2: blakeab|move: Tailwind\n|move|p1a: Gholdengo|Nasty Plot|p1a: Gholdengo\n|-boost|p1a: Gholdengo|spa|2\n|\n|upkeep\n|turn|2\n|\n|t:|1698456085\n|move|p2a: Shaymin|Air Slash|p1a: Gholdengo\n|-resisted|p1a: Gholdengo\n|-damage|p1a: Gholdengo|81\/100\n|move|p1a: Gholdengo|Power Gem|p2a: Shaymin\n|-supereffective|p2a: Shaymin\n|-enditem|p2a: Shaymin|Focus Sash\n|-damage|p2a: Shaymin|1\/100\n|\n|upkeep\n|turn|3\n|\n|t:|1698456102\n|switch|p2a: Ho-Oh|Ho-Oh|100\/100\n|move|p1a: Gholdengo|Power Gem|p2a: Ho-Oh\n|-supereffective|p2a: Ho-Oh\n|-damage|p2a: Ho-Oh|0 fnt\n|faint|p2a: Ho-Oh\n|\n|upkeep\n|\n|t:|1698456115\n|switch|p2a: Orthworm|Orthworm, M|100\/100\n|turn|4\n|\n|t:|1698456126\n|move|p2a: Orthworm|Shed Tail|p2a: Orthworm\n|-start|p2a: Orthworm|Substitute|[from] move: Shed Tail\n|-damage|p2a: Orthworm|50\/100\n|\n|t:|1698456138\n|switch|p2a: Glimmora|Glimmora, M|100\/100|[from] Shed Tail\n|move|p1a: Gholdengo|Shadow Ball|p2a: Glimmora\n|-end|p2a: Glimmora|Substitute\n|\n|-sideend|p2: blakeab|move: Tailwind\n|upkeep\n|turn|5\n|\n|t:|1698456148\n|move|p1a: Gholdengo|Shadow Ball|p2a: Glimmora\n|-damage|p2a: Glimmora|27\/100\n|-unboost|p2a: Glimmora|spd|1\n|move|p2a: Glimmora|Stealth Rock|p1a: Gholdengo\n|-sidestart|p1: ATLAS_PHANTON|move: Stealth Rock\n|\n|upkeep\n|turn|6\n|\n|t:|1698456159\n|move|p1a: Gholdengo|Shadow Ball|p2a: Glimmora\n|-damage|p2a: Glimmora|0 fnt\n|faint|p2a: Glimmora\n|\n|upkeep\n|\n|t:|1698456177\n|switch|p2a: Shaymin|Shaymin-Sky|1\/100\n|turn|7\n|\n|t:|1698456185\n|move|p2a: Shaymin|Healing Wish|p2a: Shaymin\n|faint|p2a: Shaymin\n|move|p1a: Gholdengo|Nasty Plot|p1a: Gholdengo\n|-boost|p1a: Gholdengo|spa|2\n|\n|upkeep\n|\n|t:|1698456190\n|switch|p2a: Orthworm|Orthworm, M|50\/100\n|-heal|p2a: Orthworm|100\/100|[from] move: Healing Wish\n|turn|8\n|\n|t:|1698456201\n|move|p1a: Gholdengo|Shadow Ball|p2a: Orthworm\n|-damage|p2a: Orthworm|0 fnt\n|faint|p2a: Orthworm\n|\n|upkeep\n|\n|t:|1698456219\n|switch|p2a: Swampert|Swampert, M|100\/100\n|turn|9\n|\n|t:|1698456224\n|detailschange|p2a: Swampert|Swampert-Mega, M\n|-mega|p2a: Swampert|Swampert|Swampertite\n|-terastallize|p1a: Gholdengo|Water\n|move|p1a: Gholdengo|Make It Rain|p2a: Swampert\n|-resisted|p2a: Swampert\n|-damage|p2a: Swampert|20\/100\n|-unboost|p1a: Gholdengo|spa|1\n|move|p2a: Swampert|Rain Dance|p2a: Swampert\n|-weather|RainDance\n|\n|-weather|RainDance|[upkeep]\n|upkeep\n|turn|10\n|\n|t:|1698456239\n|move|p2a: Swampert|Scald|p1a: Gholdengo\n|-resisted|p1a: Gholdengo\n|-damage|p1a: Gholdengo|57\/100\n|move|p1a: Gholdengo|Power Gem|p2a: Swampert\n|-resisted|p2a: Swampert\n|-damage|p2a: Swampert|0 fnt\n|faint|p2a: Swampert\n|\n|-weather|RainDance|[upkeep]\n|upkeep\n|\n|t:|1698456248\n|switch|p2a: Marshadow|Marshadow|100\/100\n|turn|11\n|\n|t:|1698456255\n|move|p1a: Gholdengo|Make It Rain|p2a: Marshadow\n|-damage|p2a: Marshadow|0 fnt\n|-unboost|p1a: Gholdengo|spa|1\n|faint|p2a: Marshadow\n|\n|win|ATLAS_PHANTON\n|raw|ATLAS_PHANTON's rating: 1106 &rarr; <strong>1139<\/strong><br \/>(+33 for winning)\n|raw|blakeab's rating: 1225 &rarr; <strong>1192<\/strong><br \/>(-33 for losing)\n|l|\u2606blakeab\n","uploadtime":1698456264,"views":9,"p1id":"atlasphanton","p2id":"blakeab","formatid":"gen9nationaldexubers","rating":1139,"private":0,"password":""}