{"id":"gen9nationaldexubers-2000434251","p1":"MK ANW","p2":"MrWef","format":"[Gen 9] National Dex Ubers","log":"|j|\u203dMK ANW\n|j|\u2606MrWef\n|t:|1701194483\n|gametype|singles\n|player|p1|MK ANW|red|1131\n|player|p2|MrWef|265|1000\n|teamsize|p1|6\n|teamsize|p2|6\n|gen|9\n|tier|[Gen 9] National Dex Ubers\n|rated|\n|rule|HP Percentage Mod: HP is shown in percentages\n|rule|Endless Battle Clause: Forcing endless battles is banned\n|rule|OHKO Clause: OHKO moves are banned\n|rule|Evasion Moves Clause: Evasion moves are banned\n|rule|Evasion Items Clause: Evasion items are banned\n|rule|Species Clause: Limit one of each Pok\u00e9mon\n|rule|Sleep Clause Mod: Limit one foe put to sleep\n|rule|Mega Rayquaza Clause: You cannot mega evolve Rayquaza\n|clearpoke\n|poke|p1|Charizard, M|\n|poke|p1|Greninja-*, M|\n|poke|p1|Jolteon, M|\n|poke|p1|Staraptor, M|\n|poke|p1|Nidoking, M|\n|poke|p1|Primeape, M|\n|poke|p2|Annihilape, M|\n|poke|p2|Medicham, M|\n|poke|p2|Pheromosa|\n|poke|p2|Terrakion|\n|poke|p2|Pawmot, M|\n|poke|p2|Hitmonlee, M|\n|teampreview\n|inactive|Battle timer is ON: inactive players will automatically lose when time's up. (requested by MK ANW)\n|inactive|MrWef has 120 seconds left.\n|inactive|MrWef has 90 seconds left.\n|inactive|MrWef has 60 seconds left.\n|\n|t:|1701194602\n|start\n|switch|p1a: Nidoking|Nidoking, M|100\/100\n|switch|p2a: Medicham|Medicham, M|100\/100\n|turn|1\n|inactive|MrWef has 90 seconds left.\n|\n|t:|1701194628\n|detailschange|p2a: Medicham|Medicham-Mega, M\n|-mega|p2a: Medicham|Medicham|Medichamite\n|move|p2a: Medicham|Fake Out|p1a: Nidoking\n|-damage|p1a: Nidoking|65\/100\n|cant|p1a: Nidoking|flinch\n|\n|upkeep\n|turn|2\n|\n|t:|1701194643\n|move|p2a: Medicham|Ice Punch|p1a: Nidoking\n|-supereffective|p1a: Nidoking\n|-damage|p1a: Nidoking|0 fnt\n|faint|p1a: Nidoking\n|\n|upkeep\n|\n|t:|1701194651\n|switch|p1a: Staraptor|Staraptor, M|100\/100\n|-ability|p1a: Staraptor|Intimidate|boost\n|-unboost|p2a: Medicham|atk|1\n|turn|3\n|\n|t:|1701194659\n|switch|p2a: Terrakion|Terrakion|100\/100\n|move|p1a: Staraptor|Brave Bird|p2a: Terrakion\n|-damage|p2a: Terrakion|5\/100\n|-damage|p1a: Staraptor|68\/100|[from] Recoil\n|\n|upkeep\n|turn|4\n|inactive|MrWef has 90 seconds left.\n|\n|t:|1701194666\n|-terastallize|p2a: Terrakion|Rock\n|move|p1a: Staraptor|Brave Bird|p2a: Terrakion\n|-resisted|p2a: Terrakion\n|-damage|p2a: Terrakion|0 fnt\n|faint|p2a: Terrakion\n|-damage|p1a: Staraptor|67\/100|[from] Recoil\n|\n|upkeep\n|inactive|MrWef has 90 seconds left.\n|\n|t:|1701194674\n|switch|p2a: Medicham|Medicham-Mega, M|100\/100\n|turn|5\n|\n|t:|1701194681\n|switch|p1a: Primeape|Primeape, M|100\/100\n|move|p2a: Medicham|Fake Out|p1a: Primeape\n|-damage|p1a: Primeape|53\/100\n|\n|upkeep\n|turn|6\n|\n|t:|1701194691\n|-terastallize|p1a: Primeape|Poison\n|move|p2a: Medicham|Close Combat|p1a: Primeape\n|-resisted|p1a: Primeape\n|-damage|p1a: Primeape|0 fnt\n|-unboost|p2a: Medicham|def|1\n|-unboost|p2a: Medicham|spd|1\n|faint|p1a: Primeape\n|\n|upkeep\n|\n|t:|1701194700\n|switch|p1a: Staraptor|Staraptor, M|67\/100\n|-ability|p1a: Staraptor|Intimidate|boost\n|-unboost|p2a: Medicham|atk|1\n|turn|7\n|\n|t:|1701194705\n|switch|p2a: Pawmot|Pawmot, M|100\/100\n|move|p1a: Staraptor|Brave Bird|p2a: Pawmot\n|-damage|p2a: Pawmot|0 fnt\n|faint|p2a: Pawmot\n|-damage|p1a: Staraptor|37\/100|[from] Recoil\n|\n|upkeep\n|\n|t:|1701194727\n|switch|p2a: Medicham|Medicham-Mega, M|100\/100\n|turn|8\n|\n|t:|1701194730\n|move|p2a: Medicham|Fake Out|p1a: Staraptor\n|-damage|p1a: Staraptor|3\/100\n|cant|p1a: Staraptor|flinch\n|\n|upkeep\n|turn|9\n|inactive|MrWef has 90 seconds left.\n|\n|t:|1701194755\n|switch|p2a: Annihilape|Annihilape, M|100\/100\n|move|p1a: Staraptor|Brave Bird|p2a: Annihilape\n|-supereffective|p2a: Annihilape\n|-damage|p2a: Annihilape|0 fnt\n|faint|p2a: Annihilape\n|-damage|p1a: Staraptor|0 fnt|[from] Recoil\n|faint|p1a: Staraptor\n|\n|upkeep\n|\n|t:|1701194766\n|switch|p1a: Jolteon|Jolteon, M|100\/100\n|switch|p2a: Hitmonlee|Hitmonlee, M|100\/100\n|turn|10\n|\n|t:|1701194774\n|move|p2a: Hitmonlee|Endure|p2a: Hitmonlee\n|-singleturn|p2a: Hitmonlee|move: Endure\n|move|p1a: Jolteon|Thunderbolt|p2a: Hitmonlee\n|-crit|p2a: Hitmonlee\n|-damage|p2a: Hitmonlee|1\/100\n|-enditem|p2a: Hitmonlee|Liechi Berry|[eat]\n|-boost|p2a: Hitmonlee|atk|1|[from] item: Liechi Berry\n|-damage|p1a: Jolteon|91\/100|[from] item: Life Orb\n|\n|upkeep\n|turn|11\n|\n|t:|1701194783\n|move|p2a: Hitmonlee|Reversal|p1a: Jolteon\n|-damage|p1a: Jolteon|0 fnt\n|faint|p1a: Jolteon\n|\n|upkeep\n|\n|t:|1701194788\n|switch|p1a: Greninja|Greninja, M|100\/100\n|turn|12\n|\n|t:|1701194792\n|move|p1a: Greninja|Water Shuriken|p2a: Hitmonlee\n|-damage|p2a: Hitmonlee|0 fnt\n|faint|p2a: Hitmonlee\n|-ability|p1a: Greninja|Battle Bond|boost\n|-boost|p1a: Greninja|atk|1\n|-boost|p1a: Greninja|spa|1\n|-boost|p1a: Greninja|spe|1\n|-activate|p1a: Greninja|ability: Battle Bond\n|-hitcount|p2: Hitmonlee|1\n|\n|upkeep\n|inactive|MrWef has 120 seconds left.\n|\n|t:|1701194803\n|switch|p2a: Medicham|Medicham-Mega, M|100\/100\n|turn|13\n|inactive|MrWef has 120 seconds left.\n|\n|t:|1701194809\n|move|p2a: Medicham|Fake Out|p1a: Greninja\n|-damage|p1a: Greninja|62\/100\n|cant|p1a: Greninja|flinch\n|\n|upkeep\n|turn|14\n|\n|t:|1701194815\n|move|p1a: Greninja|Surf|p2a: Medicham\n|-damage|p2a: Medicham|12\/100\n|move|p2a: Medicham|Close Combat|p1a: Greninja\n|-supereffective|p1a: Greninja\n|-damage|p1a: Greninja|0 fnt\n|-unboost|p2a: Medicham|def|1\n|-unboost|p2a: Medicham|spd|1\n|faint|p1a: Greninja\n|\n|upkeep\n|\n|t:|1701194825\n|switch|p1a: Charizard|Charizard, M|100\/100\n|turn|15\n|\n|t:|1701194840\n|switch|p2a: Pheromosa|Pheromosa|100\/100\n|move|p1a: Charizard|Dragon Dance|p1a: Charizard\n|-boost|p1a: Charizard|atk|1\n|-boost|p1a: Charizard|spe|1\n|\n|upkeep\n|turn|16\n|\n|t:|1701194851\n|detailschange|p1a: Charizard|Charizard-Mega-X, M\n|-mega|p1a: Charizard|Charizard|Charizardite X\n|move|p1a: Charizard|Flame Charge|p2a: Pheromosa\n|-supereffective|p2a: Pheromosa\n|-damage|p2a: Pheromosa|0 fnt\n|-boost|p1a: Charizard|spe|1\n|faint|p2a: Pheromosa\n|\n|upkeep\n|\n|t:|1701194858\n|switch|p2a: Medicham|Medicham-Mega, M|12\/100\n|turn|17\n|\n|t:|1701194861\n|move|p2a: Medicham|Fake Out|p1a: Charizard\n|-damage|p1a: Charizard|76\/100\n|cant|p1a: Charizard|flinch\n|\n|upkeep\n|turn|18\n|\n|t:|1701194867\n|move|p1a: Charizard|Flame Charge|p2a: Medicham\n|-damage|p2a: Medicham|0 fnt\n|-boost|p1a: Charizard|spe|1\n|faint|p2a: Medicham\n|\n|win|MK ANW\n|raw|MK ANW's rating: 1131 &rarr; <strong>1147<\/strong><br \/>(+16 for winning)\n|raw|MrWef's rating: 1000 &rarr; <strong>1000<\/strong><br \/>(+0 for losing)\n|l|\u2606MrWef\n","uploadtime":1701194876,"views":14,"p1id":"mkanw","p2id":"mrwef","formatid":"gen9nationaldexubers","rating":1000,"private":0,"password":""}