{"id":"gen9nationaldexubers-1977801012","p1":"AceTheInadequate","p2":"colostomy","format":"[Gen 9] National Dex Ubers","log":"|j|\u2606AceTheInadequate\n|j|\u2606colostomy\n|t:|1698451238\n|gametype|singles\n|player|p1|AceTheInadequate|guitarist|\n|player|p2|colostomy|steven|\n|teamsize|p1|6\n|teamsize|p2|6\n|gen|9\n|tier|[Gen 9] National Dex Ubers\n|rule|HP Percentage Mod: HP is shown in percentages\n|rule|Endless Battle Clause: Forcing endless battles is banned\n|rule|OHKO Clause: OHKO moves are banned\n|rule|Evasion Moves Clause: Evasion moves are banned\n|rule|Evasion Items Clause: Evasion items are banned\n|rule|Species Clause: Limit one of each Pok\u00e9mon\n|rule|Sleep Clause Mod: Limit one foe put to sleep\n|rule|Mega Rayquaza Clause: You cannot mega evolve Rayquaza\n|clearpoke\n|poke|p1|Volcarona, M|\n|poke|p1|Scizor, F|\n|poke|p1|Slither Wing|\n|poke|p1|Araquanid, M|\n|poke|p1|Ribombee, M|\n|poke|p1|Galvantula, F|\n|poke|p2|Tyranitar, M|\n|poke|p2|Chi-Yu|\n|poke|p2|Hydreigon, M|\n|poke|p2|Absol, F|\n|poke|p2|Grimmsnarl, M|\n|poke|p2|Weavile, M|\n|teampreview\n|\n|t:|1698451266\n|start\n|switch|p1a: Tinkerbell|Ribombee, M|100\/100\n|switch|p2a: grim snarl|Grimmsnarl, M|100\/100\n|turn|1\n|\n|t:|1698451273\n|move|p2a: grim snarl|Reflect|p2a: grim snarl\n|-sidestart|p2: colostomy|Reflect\n|move|p1a: Tinkerbell|Bug Buzz|p2a: grim snarl\n|-damage|p2a: grim snarl|62\/100\n|\n|upkeep\n|turn|2\n|\n|t:|1698451277\n|move|p2a: grim snarl|Light Screen|p2a: grim snarl\n|-sidestart|p2: colostomy|move: Light Screen\n|move|p1a: Tinkerbell|Sticky Web|p2a: grim snarl\n|-sidestart|p2: colostomy|move: Sticky Web\n|\n|upkeep\n|turn|3\n|\n|t:|1698451285\n|switch|p1a: Here comes the sun|Volcarona, M|100\/100\n|move|p2a: grim snarl|Metronome|p2a: grim snarl\n|move|p2a: grim snarl|Stored Power|p1a: Here comes the sun|[from]move: Metronome\n|-damage|p1a: Here comes the sun|96\/100\n|\n|upkeep\n|turn|4\n|\n|t:|1698451292\n|move|p2a: grim snarl|Metronome|p2a: grim snarl\n|move|p2a: grim snarl|Surf|p1a: Here comes the sun|[from]move: Metronome\n|-supereffective|p1a: Here comes the sun\n|-damage|p1a: Here comes the sun|51\/100\n|move|p1a: Here comes the sun|Quiver Dance|p1a: Here comes the sun\n|-boost|p1a: Here comes the sun|spa|1\n|-boost|p1a: Here comes the sun|spd|1\n|-boost|p1a: Here comes the sun|spe|1\n|\n|upkeep\n|turn|5\n|j| Cross12000\n|\n|t:|1698451304\n|move|p2a: grim snarl|Metronome|p2a: grim snarl\n|move|p2a: grim snarl|Smack Down|p1a: Here comes the sun|[from]move: Metronome\n|-supereffective|p1a: Here comes the sun\n|-damage|p1a: Here comes the sun|0 fnt\n|faint|p1a: Here comes the sun\n|\n|upkeep\n|c| Cross12000|kamehameha\n|\n|t:|1698451324\n|switch|p1a: McQueen|Scizor, F|100\/100\n|turn|6\n|\n|t:|1698451332\n|detailschange|p1a: McQueen|Scizor-Mega, F\n|-mega|p1a: McQueen|Scizor|Scizorite\n|move|p2a: grim snarl|Metronome|p2a: grim snarl\n|move|p2a: grim snarl|Throat Chop|p1a: McQueen|[from]move: Metronome\n|-damage|p1a: McQueen|71\/100\n|-start|p1a: McQueen|Throat Chop|[silent]\n|move|p1a: McQueen|Swords Dance|p1a: McQueen\n|-boost|p1a: McQueen|atk|2\n|\n|upkeep\n|turn|7\n|\n|t:|1698451339\n|move|p2a: grim snarl|Metronome|p2a: grim snarl\n|move|p2a: grim snarl|Fire Spin|p1a: McQueen|[from]move: Metronome\n|-supereffective|p1a: McQueen\n|-damage|p1a: McQueen|42\/100\n|-activate|p1a: McQueen|move: Fire Spin|[of] p2a: grim snarl\n|move|p1a: McQueen|Roost|p1a: McQueen\n|-heal|p1a: McQueen|92\/100\n|-singleturn|p1a: McQueen|move: Roost\n|\n|-damage|p1a: McQueen|80\/100|[from] move: Fire Spin|[partiallytrapped]\n|-end|p1a: McQueen|Throat Chop|[silent]\n|upkeep\n|turn|8\n|\n|t:|1698451349\n|move|p2a: grim snarl|Metronome|p2a: grim snarl\n|move|p2a: grim snarl|Psychic Terrain|p2a: grim snarl|[from]move: Metronome\n|-fieldstart|move: Psychic Terrain\n|move|p1a: McQueen|Swords Dance|p1a: McQueen\n|-boost|p1a: McQueen|atk|2\n|\n|-damage|p1a: McQueen|67\/100|[from] move: Fire Spin|[partiallytrapped]\n|-sideend|p2: colostomy|Reflect\n|upkeep\n|turn|9\n|\n|t:|1698451356\n|move|p2a: grim snarl|Metronome|p2a: grim snarl\n|move|p2a: grim snarl|Scale Shot|p1a: McQueen|[from]move: Metronome\n|-activate|p1a: McQueen|move: Psychic Terrain\n|move|p1a: McQueen|Roost|p1a: McQueen\n|-heal|p1a: McQueen|100\/100\n|-singleturn|p1a: McQueen|move: Roost\n|\n|-damage|p1a: McQueen|88\/100|[from] move: Fire Spin|[partiallytrapped]\n|-sideend|p2: colostomy|move: Light Screen\n|upkeep\n|turn|10\n|\n|t:|1698451368\n|move|p2a: grim snarl|Metronome|p2a: grim snarl\n|move|p2a: grim snarl|Water Pledge|p1a: McQueen|[from]move: Metronome\n|-activate|p1a: McQueen|move: Psychic Terrain\n|move|p1a: McQueen|Trailblaze|p2a: grim snarl\n|-damage|p2a: grim snarl|0 fnt\n|-boost|p1a: McQueen|spe|1\n|faint|p2a: grim snarl\n|\n|-end|p1a: McQueen|Fire Spin|[partiallytrapped]|[silent]\n|upkeep\n|\n|t:|1698451381\n|switch|p2a: hi dry gone|Hydreigon, M|100\/100\n|turn|11\n|\n|t:|1698451385\n|move|p2a: hi dry gone|Flamethrower|p1a: McQueen\n|-supereffective|p1a: McQueen\n|-damage|p1a: McQueen|0 fnt\n|faint|p1a: McQueen\n|\n|upkeep\n|-message|AceTheInadequate forfeited.\n|\n|win|colostomy\n|l|\u2606AceTheInadequate\n","uploadtime":1698451404,"views":5,"p1id":"acetheinadequate","p2id":"colostomy","formatid":"gen9nationaldexubers","rating":0,"private":0,"password":""}