{"id":"gen9nationaldexubers-1999667622","p1":"Tombstone Ghost","p2":"Mrunal","format":"[Gen 9] National Dex Ubers","log":"|j|\u2606Tombstone Ghost\n|j|\u2606Mrunal\n|t:|1701106123\n|gametype|singles\n|player|p1|Tombstone Ghost|gambler|\n|player|p2|Mrunal|cheryl|\n|teamsize|p1|6\n|teamsize|p2|6\n|gen|9\n|tier|[Gen 9] National Dex Ubers\n|rule|HP Percentage Mod: HP is shown in percentages\n|rule|Endless Battle Clause: Forcing endless battles is banned\n|rule|OHKO Clause: OHKO moves are banned\n|rule|Evasion Moves Clause: Evasion moves are banned\n|rule|Evasion Items Clause: Evasion items are banned\n|rule|Species Clause: Limit one of each Pok\u00e9mon\n|rule|Sleep Clause Mod: Limit one foe put to sleep\n|rule|Mega Rayquaza Clause: You cannot mega evolve Rayquaza\n|clearpoke\n|poke|p1|Magearna|\n|poke|p1|Ninetales-Alola, M|\n|poke|p1|Arctozolt|\n|poke|p1|Azumarill, M|\n|poke|p1|Gurdurr, F|\n|poke|p1|Beedrill, F|\n|poke|p2|Lunala|\n|poke|p2|Tapu Koko|\n|poke|p2|Keldeo-Resolute|\n|poke|p2|Iron Moth|\n|poke|p2|Iron Jugulis|\n|poke|p2|Garganacl, M|\n|teampreview\n|\n|t:|1701106154\n|start\n|switch|p1a: Bonk|Azumarill, M|100\/100\n|switch|p2a: Tapu Koko|Tapu Koko|100\/100\n|-fieldstart|move: Electric Terrain|[from] ability: Electric Surge|[of] p2a: Tapu Koko\n|turn|1\n|j| BlueB4llz\n|\n|t:|1701106194\n|switch|p1a: Aurora Borealis|Ninetales-Alola, M, shiny|100\/100\n|-weather|Snow|[from] ability: Snow Warning|[of] p1a: Aurora Borealis\n|move|p2a: Tapu Koko|Discharge|p1a: Aurora Borealis\n|-damage|p1a: Aurora Borealis|61\/100\n|-status|p1a: Aurora Borealis|par\n|\n|-weather|Snow|[upkeep]\n|upkeep\n|turn|2\n|\n|t:|1701106205\n|move|p2a: Tapu Koko|Volt Switch|p1a: Aurora Borealis\n|-crit|p1a: Aurora Borealis\n|-damage|p1a: Aurora Borealis|6\/100 par\n|\n|t:|1701106211\n|switch|p2a: Keldeo|Keldeo-Resolute|100\/100|[from] Volt Switch\n|move|p1a: Aurora Borealis|Aurora Veil|p1a: Aurora Borealis\n|-sidestart|p1: Tombstone Ghost|move: Aurora Veil\n|\n|-weather|Snow|[upkeep]\n|upkeep\n|turn|3\n|\n|t:|1701106227\n|switch|p1a: Bonk|Azumarill, M|100\/100\n|move|p2a: Keldeo|Secret Sword|p1a: Bonk\n|-resisted|p1a: Bonk\n|-damage|p1a: Bonk|81\/100\n|\n|-weather|Snow|[upkeep]\n|upkeep\n|turn|4\n|\n|t:|1701106246\n|switch|p2a: Garganacl|Garganacl, M|100\/100\n|move|p1a: Bonk|Belly Drum|p1a: Bonk\n|-damage|p1a: Bonk|31\/100\n|-setboost|p1a: Bonk|atk|6|[from] move: Belly Drum\n|-enditem|p1a: Bonk|Sitrus Berry|[eat]\n|-heal|p1a: Bonk|56\/100|[from] item: Sitrus Berry\n|\n|-weather|Snow|[upkeep]\n|upkeep\n|turn|5\n|\n|t:|1701106276\n|move|p1a: Bonk|Play Rough|p2a: Garganacl\n|-damage|p2a: Garganacl|0 fnt\n|-damage|p1a: Bonk|40\/100|[from] item: Rocky Helmet|[of] p2a: Garganacl\n|faint|p2a: Garganacl\n|\n|-weather|none\n|upkeep\n|\n|t:|1701106287\n|switch|p2a: Iron Moth|Iron Moth|100\/100\n|-activate|p2a: Iron Moth|ability: Quark Drive\n|-start|p2a: Iron Moth|quarkdrivespa\n|turn|6\n|\n|t:|1701106317\n|-terastallize|p2a: Iron Moth|Water\n|move|p1a: Bonk|Aqua Jet|p2a: Iron Moth\n|-resisted|p2a: Iron Moth\n|-damage|p2a: Iron Moth|18\/100\n|move|p2a: Iron Moth|Sludge Wave|p1a: Bonk\n|-supereffective|p1a: Bonk\n|-damage|p1a: Bonk|0 fnt\n|faint|p1a: Bonk\n|\n|upkeep\n|c| BlueB4llz|bruh\n|c|\u2606Mrunal|Iron moth is in UU\n|c| BlueB4llz|ik\n|\n|t:|1701106370\n|switch|p1a: Jazz|Beedrill, F|100\/100\n|turn|7\n|\n|t:|1701106378\n|detailschange|p1a: Jazz|Beedrill-Mega, F\n|-mega|p1a: Jazz|Beedrill|Beedrillite\n|move|p1a: Jazz|U-turn|p2a: Iron Moth\n|-damage|p2a: Iron Moth|0 fnt\n|faint|p2a: Iron Moth\n|-end|p2a: Iron Moth|Quark Drive|[silent]\n|\n|t:|1701106385\n|switch|p1a: Aurora Borealis|Ninetales-Alola, M, shiny|6\/100 par|[from] U-turn\n|-weather|Snow|[from] ability: Snow Warning|[of] p1a: Aurora Borealis\n|\n|-weather|Snow|[upkeep]\n|upkeep\n|\n|t:|1701106392\n|switch|p2a: Tapu Koko|Tapu Koko|100\/100\n|turn|8\n|\n|t:|1701106399\n|move|p2a: Tapu Koko|Discharge|p1a: Aurora Borealis\n|-damage|p1a: Aurora Borealis|0 fnt\n|faint|p1a: Aurora Borealis\n|\n|-weather|Snow|[upkeep]\n|-fieldend|move: Electric Terrain\n|upkeep\n|c| BlueB4llz|but azu coudlve went water to kill\n|\n|t:|1701106406\n|switch|p1a: Snot Rocket|Arctozolt|100\/100\n|turn|9\n|c|\u2606Tombstone Ghost|isn't azu OU? I tera last game thinking it was UU but it got 1 shot so id didn't matter, and i just looked it up now and it says azumarill is OU\n|c|\u2606Tombstone Ghost|dang it I was in the wrong gen\n|c| BlueB4llz|LMAO\n|c|\u2606Tombstone Ghost|it put me in the wrong one\n|c| BlueB4llz|its ru\n|\n|t:|1701106490\n|switch|p2a: Keldeo|Keldeo-Resolute|100\/100\n|move|p1a: Snot Rocket|Substitute|p1a: Snot Rocket\n|-start|p1a: Snot Rocket|Substitute\n|-damage|p1a: Snot Rocket|76\/100\n|\n|-weather|Snow|[upkeep]\n|-sideend|p1: Tombstone Ghost|move: Aurora Veil\n|upkeep\n|turn|10\n|\n|t:|1701106500\n|move|p1a: Snot Rocket|Icicle Crash|p2a: Keldeo\n|-resisted|p2a: Keldeo\n|-damage|p2a: Keldeo|77\/100\n|move|p2a: Keldeo|Secret Sword|p1a: Snot Rocket\n|-supereffective|p1a: Snot Rocket\n|-end|p1a: Snot Rocket|Substitute\n|\n|-weather|Snow|[upkeep]\n|upkeep\n|turn|11\n|\n|t:|1701106511\n|move|p1a: Snot Rocket|Bolt Beak|p2a: Keldeo\n|-supereffective|p2a: Keldeo\n|-damage|p2a: Keldeo|0 fnt\n|faint|p2a: Keldeo\n|\n|-weather|none\n|upkeep\n|c| BlueB4llz|and you already used tera on it last round\n|\n|t:|1701106523\n|switch|p2a: Tapu Koko|Tapu Koko|100\/100\n|-fieldstart|move: Electric Terrain|[from] ability: Electric Surge|[of] p2a: Tapu Koko\n|turn|12\n|\n|t:|1701106547\n|switch|p1a: Jazz|Beedrill-Mega, F|100\/100\n|move|p2a: Tapu Koko|Dazzling Gleam|p1a: Jazz\n|-resisted|p1a: Jazz\n|-damage|p1a: Jazz|77\/100\n|\n|upkeep\n|turn|13\n|\n|t:|1701106558\n|move|p1a: Jazz|Poison Jab|p2a: Tapu Koko\n|-supereffective|p2a: Tapu Koko\n|-damage|p2a: Tapu Koko|0 fnt\n|faint|p2a: Tapu Koko\n|\n|upkeep\n|\n|t:|1701106564\n|switch|p2a: Iron Jugulis|Iron Jugulis|100\/100\n|-activate|p2a: Iron Jugulis|ability: Quark Drive\n|-start|p2a: Iron Jugulis|quarkdrivespe\n|turn|14\n|\n|t:|1701106581\n|switch|p1a: Hard Hat|Gurdurr, F|100\/100\n|move|p2a: Iron Jugulis|Hurricane|p1a: Hard Hat\n|-supereffective|p1a: Hard Hat\n|-damage|p1a: Hard Hat|0 fnt\n|faint|p1a: Hard Hat\n|-damage|p2a: Iron Jugulis|91\/100|[from] item: Life Orb\n|\n|upkeep\n|\n|t:|1701106617\n|switch|p1a: Megatron|Magearna|100\/100\n|turn|15\n|c|\u2606Mrunal|Was your actovolt banded last match?\n|\n|t:|1701106631\n|move|p2a: Iron Jugulis|Earth Power|p1a: Megatron\n|-supereffective|p1a: Megatron\n|-damage|p1a: Megatron|33\/100\n|-damage|p2a: Iron Jugulis|81\/100|[from] item: Life Orb\n|move|p1a: Megatron|Fleur Cannon|p2a: Iron Jugulis\n|-supereffective|p2a: Iron Jugulis\n|-damage|p2a: Iron Jugulis|0 fnt\n|-unboost|p1a: Megatron|spa|2\n|faint|p2a: Iron Jugulis\n|-ability|p1a: Megatron|Soul-Heart|boost\n|-boost|p1a: Megatron|spa|1\n|-end|p2a: Iron Jugulis|Quark Drive|[silent]\n|\n|upkeep\n|c|\u2606Tombstone Ghost|nope\n|\n|t:|1701106643\n|switch|p2a: Lunala|Lunala|100\/100\n|turn|16\n|\n|t:|1701106649\n|switch|p1a: Snot Rocket|Arctozolt|76\/100\n|move|p2a: Lunala|Moongeist Beam|p1a: Snot Rocket\n|-damage|p1a: Snot Rocket|6\/100\n|\n|upkeep\n|turn|17\n|\n|t:|1701106659\n|move|p2a: Lunala|Moongeist Beam|p1a: Snot Rocket\n|-damage|p1a: Snot Rocket|0 fnt\n|faint|p1a: Snot Rocket\n|\n|upkeep\n|\n|t:|1701106665\n|switch|p1a: Jazz|Beedrill-Mega, F|77\/100\n|turn|18\n|\n|t:|1701106670\n|move|p1a: Jazz|Knock Off|p2a: Lunala\n|-supereffective|p2a: Lunala\n|-damage|p2a: Lunala|36\/100\n|-enditem|p2a: Lunala|Heavy-Duty Boots|[from] move: Knock Off|[of] p1a: Jazz\n|move|p2a: Lunala|Heat Wave|p1a: Jazz|[miss]\n|-miss|p2a: Lunala|p1a: Jazz\n|\n|upkeep\n|turn|19\n|c|\u2606Tombstone Ghost|that was unlucky\n|\n|t:|1701106682\n|move|p1a: Jazz|Knock Off|p2a: Lunala\n|-supereffective|p2a: Lunala\n|-damage|p2a: Lunala|0 fnt\n|faint|p2a: Lunala\n|\n|win|Tombstone Ghost\n|c|\u2606Tombstone Ghost|I think that costed you the game\n|c|\u2606Mrunal|Gg\n|c|\u2606Mrunal|Round 3\n|c|\u2606Tombstone Ghost|Round 3\n|l|\u2606Mrunal\n|l|\u2606Tombstone Ghost\n","uploadtime":1701106696,"views":24,"p1id":"tombstoneghost","p2id":"mrunal","formatid":"gen9nationaldexubers","rating":0,"private":0,"password":""}