{"id":"gen9nationaldexubers-1991637072","p1":"EABL XD","p2":"charliereall","format":"[Gen 9] National Dex Ubers","log":"|j|\u2606EABL XD\n|j|\u2606charliereall\n|t:|1700096956\n|gametype|singles\n|player|p1|EABL XD|gambler|1284\n|player|p2|charliereall|cynthia|1368\n|teamsize|p1|6\n|teamsize|p2|6\n|gen|9\n|tier|[Gen 9] National Dex Ubers\n|rated|\n|rule|HP Percentage Mod: HP is shown in percentages\n|rule|Endless Battle Clause: Forcing endless battles is banned\n|rule|OHKO Clause: OHKO moves are banned\n|rule|Evasion Moves Clause: Evasion moves are banned\n|rule|Evasion Items Clause: Evasion items are banned\n|rule|Species Clause: Limit one of each Pok\u00e9mon\n|rule|Sleep Clause Mod: Limit one foe put to sleep\n|rule|Mega Rayquaza Clause: You cannot mega evolve Rayquaza\n|clearpoke\n|poke|p1|Ho-Oh|\n|poke|p1|Arceus-Ghost|\n|poke|p1|Naganadel|\n|poke|p1|Galvantula, F|\n|poke|p1|Pheromosa|\n|poke|p1|Groudon|\n|poke|p2|Smeargle, F|\n|poke|p2|Xerneas-*|\n|poke|p2|Groudon|\n|poke|p2|Necrozma-Dusk-Mane|\n|poke|p2|Arceus|\n|poke|p2|Eternatus|\n|teampreview\n|inactive|Battle timer is ON: inactive players will automatically lose when time's up. (requested by charliereall)\n|inactive|charliereall has 120 seconds left.\n|\n|t:|1700096987\n|start\n|switch|p1a: Tula|Galvantula, F|100\/100\n|switch|p2a: Xerneas|Xerneas|100\/100\n|-ability|p2a: Xerneas|Fairy Aura\n|turn|1\n|\n|t:|1700097011\n|move|p1a: Tula|Thunder Wave|p2a: Xerneas\n|-status|p2a: Xerneas|par\n|move|p2a: Xerneas|Moonblast|p1a: Tula\n|-enditem|p1a: Tula|Focus Sash\n|-damage|p1a: Tula|1\/100\n|\n|upkeep\n|turn|2\n|\n|t:|1700097023\n|move|p1a: Tula|Sticky Web|p2a: Xerneas\n|-sidestart|p2: charliereall|move: Sticky Web\n|move|p2a: Xerneas|Moonblast|p1a: Tula\n|-damage|p1a: Tula|0 fnt\n|faint|p1a: Tula\n|\n|upkeep\n|\n|t:|1700097030\n|switch|p1a: P\u00e1jaro Feo|Ho-Oh, shiny|100\/100\n|turn|3\n|\n|t:|1700097035\n|-zpower|p1a: P\u00e1jaro Feo\n|move|p1a: P\u00e1jaro Feo|Z-Celebrate|p1a: P\u00e1jaro Feo|[anim]Celebrate\n|-boost|p1a: P\u00e1jaro Feo|atk|1|[zeffect]\n|-boost|p1a: P\u00e1jaro Feo|def|1|[zeffect]\n|-boost|p1a: P\u00e1jaro Feo|spa|1|[zeffect]\n|-boost|p1a: P\u00e1jaro Feo|spd|1|[zeffect]\n|-boost|p1a: P\u00e1jaro Feo|spe|1|[zeffect]\n|-activate|p1a: P\u00e1jaro Feo|move: Celebrate\n|move|p2a: Xerneas|Thunder|p1a: P\u00e1jaro Feo\n|-supereffective|p1a: P\u00e1jaro Feo\n|-damage|p1a: P\u00e1jaro Feo|67\/100\n|\n|upkeep\n|turn|4\n|\n|t:|1700097046\n|move|p1a: P\u00e1jaro Feo|Sacred Fire|p2a: Xerneas\n|-damage|p2a: Xerneas|30\/100 par\n|move|p2a: Xerneas|Substitute|p2a: Xerneas\n|-start|p2a: Xerneas|Substitute\n|-damage|p2a: Xerneas|5\/100 par\n|\n|upkeep\n|turn|5\n|\n|t:|1700097056\n|move|p1a: P\u00e1jaro Feo|Sacred Fire|p2a: Xerneas\n|-end|p2a: Xerneas|Substitute\n|cant|p2a: Xerneas|par\n|\n|upkeep\n|turn|6\n|\n|t:|1700097065\n|move|p1a: P\u00e1jaro Feo|Earthquake|p2a: Xerneas\n|-damage|p2a: Xerneas|0 fnt\n|faint|p2a: Xerneas\n|\n|upkeep\n|\n|t:|1700097072\n|switch|p2a: Arceus|Arceus|100\/100\n|-activate|p2a: Arceus|move: Sticky Web\n|-unboost|p2a: Arceus|spe|1\n|turn|7\n|\n|t:|1700097076\n|move|p1a: P\u00e1jaro Feo|Sacred Fire|p2a: Arceus\n|-damage|p2a: Arceus|40\/100\n|-status|p2a: Arceus|brn\n|move|p2a: Arceus|Swords Dance|p2a: Arceus\n|-boost|p2a: Arceus|atk|2\n|\n|-damage|p2a: Arceus|34\/100 brn|[from] brn\n|upkeep\n|turn|8\n|\n|t:|1700097084\n|move|p2a: Arceus|Extreme Speed|p1a: P\u00e1jaro Feo\n|-damage|p1a: P\u00e1jaro Feo|36\/100\n|move|p1a: P\u00e1jaro Feo|Earthquake|p2a: Arceus\n|-damage|p2a: Arceus|0 fnt\n|faint|p2a: Arceus\n|\n|upkeep\n|\n|t:|1700097091\n|switch|p2a: Eternatus|Eternatus|100\/100\n|-activate|p2a: Eternatus|move: Sticky Web\n|-unboost|p2a: Eternatus|spe|1\n|-ability|p2a: Eternatus|Pressure\n|turn|9\n|\n|t:|1700097096\n|move|p1a: P\u00e1jaro Feo|Earthquake|p2a: Eternatus\n|-supereffective|p2a: Eternatus\n|-damage|p2a: Eternatus|9\/100\n|move|p2a: Eternatus|Meteor Beam||[still]\n|-prepare|p2a: Eternatus|Meteor Beam\n|-boost|p2a: Eternatus|spa|1\n|-enditem|p2a: Eternatus|Power Herb\n|-anim|p2a: Eternatus|Meteor Beam|p1a: P\u00e1jaro Feo\n|-supereffective|p1a: P\u00e1jaro Feo\n|-crit|p1a: P\u00e1jaro Feo\n|-damage|p1a: P\u00e1jaro Feo|0 fnt\n|faint|p1a: P\u00e1jaro Feo\n|\n|upkeep\n|\n|t:|1700097105\n|switch|p1a: Wasp|Naganadel, shiny|100\/100\n|turn|10\n|\n|t:|1700097112\n|move|p1a: Wasp|Dark Pulse|p2a: Eternatus\n|-damage|p2a: Eternatus|0 fnt\n|faint|p2a: Eternatus\n|-ability|p1a: Wasp|Beast Boost|boost\n|-boost|p1a: Wasp|spa|1\n|\n|upkeep\n|\n|t:|1700097121\n|switch|p2a: Groudon|Groudon|100\/100\n|-activate|p2a: Groudon|move: Sticky Web\n|-unboost|p2a: Groudon|spe|1\n|detailschange|p2a: Groudon|Groudon-Primal\n|-primal|p2a: Groudon|Red Orb\n|-weather|DesolateLand|[from] ability: Desolate Land|[of] p2a: Groudon\n|turn|11\n|\n|t:|1700097130\n|move|p1a: Wasp|Dragon Pulse|p2a: Groudon\n|-damage|p2a: Groudon|49\/100\n|move|p2a: Groudon|Precipice Blades|p1a: Wasp\n|-supereffective|p1a: Wasp\n|-enditem|p1a: Wasp|Focus Sash\n|-damage|p1a: Wasp|1\/100\n|\n|-weather|DesolateLand|[upkeep]\n|upkeep\n|turn|12\n|\n|t:|1700097156\n|move|p1a: Wasp|Dragon Pulse|p2a: Groudon\n|-damage|p2a: Groudon|2\/100\n|move|p2a: Groudon|Precipice Blades|p1a: Wasp\n|-supereffective|p1a: Wasp\n|-damage|p1a: Wasp|0 fnt\n|faint|p1a: Wasp\n|\n|-weather|DesolateLand|[upkeep]\n|upkeep\n|inactive|EABL XD has 120 seconds left.\n|\n|t:|1700097196\n|switch|p1a: Pheromona|Pheromosa, shiny|100\/100\n|turn|13\n|\n|t:|1700097200\n|move|p1a: Pheromona|Rapid Spin|p2a: Groudon\n|-damage|p2a: Groudon|0 fnt\n|-boost|p1a: Pheromona|spe|1\n|faint|p2a: Groudon\n|-weather|none\n|-ability|p1a: Pheromona|Beast Boost|boost\n|-boost|p1a: Pheromona|atk|1\n|\n|upkeep\n|\n|t:|1700097209\n|switch|p2a: Necrozma|Necrozma-Dusk-Mane|100\/100\n|-activate|p2a: Necrozma|move: Sticky Web\n|-unboost|p2a: Necrozma|spe|1\n|turn|14\n|\n|t:|1700097218\n|move|p1a: Pheromona|U-turn|p2a: Necrozma\n|-damage|p2a: Necrozma|58\/100\n|\n|t:|1700097221\n|switch|p1a: Don|Groudon, shiny|100\/100|[from] U-turn\n|detailschange|p1a: Don|Groudon-Primal, shiny\n|-primal|p1a: Don|Red Orb\n|-weather|DesolateLand|[from] ability: Desolate Land|[of] p1a: Don\n|move|p2a: Necrozma|Trick Room|p2a: Necrozma\n|-fieldstart|move: Trick Room|[of] p2a: Necrozma\n|\n|-weather|DesolateLand|[upkeep]\n|upkeep\n|turn|15\n|\n|t:|1700097236\n|move|p2a: Necrozma|Earthquake|p1a: Don\n|-supereffective|p1a: Don\n|-damage|p1a: Don|38\/100\n|move|p1a: Don|Earthquake|p2a: Necrozma\n|-supereffective|p2a: Necrozma\n|-damage|p2a: Necrozma|0 fnt\n|faint|p2a: Necrozma\n|\n|-weather|DesolateLand|[upkeep]\n|upkeep\n|\n|t:|1700097240\n|switch|p2a: Smeargle|Smeargle, F, shiny|100\/100\n|-activate|p2a: Smeargle|move: Sticky Web\n|-unboost|p2a: Smeargle|spe|1\n|turn|16\n|\n|t:|1700097247\n|move|p2a: Smeargle|Spore|p1a: Don\n|-status|p1a: Don|slp|[from] move: Spore\n|cant|p1a: Don|slp\n|\n|-weather|DesolateLand|[upkeep]\n|-ability|p2a: Smeargle|Moody|boost\n|-boost|p2a: Smeargle|spa|2\n|-unboost|p2a: Smeargle|spd|1\n|upkeep\n|turn|17\n|\n|t:|1700097256\n|-weather|none\n|switch|p1a: Arceus|Arceus-Ghost|100\/100\n|move|p2a: Smeargle|Substitute|p2a: Smeargle\n|-start|p2a: Smeargle|Substitute\n|-damage|p2a: Smeargle|76\/100\n|\n|-heal|p2a: Smeargle|82\/100|[from] item: Leftovers\n|-ability|p2a: Smeargle|Moody|boost\n|-boost|p2a: Smeargle|spa|2\n|-unboost|p2a: Smeargle|def|1\n|upkeep\n|turn|18\n|\n|t:|1700097264\n|move|p2a: Smeargle|Protect|p2a: Smeargle\n|-singleturn|p2a: Smeargle|Protect\n|move|p1a: Arceus|Aura Sphere|p2a: Smeargle\n|-activate|p2a: Smeargle|move: Protect\n|\n|-heal|p2a: Smeargle|88\/100|[from] item: Leftovers\n|-fieldend|move: Trick Room\n|-ability|p2a: Smeargle|Moody|boost\n|-boost|p2a: Smeargle|atk|2\n|-unboost|p2a: Smeargle|def|1\n|upkeep\n|turn|19\n|inactive|charliereall has 120 seconds left.\n|\n|t:|1700097294\n|-terastallize|p2a: Smeargle|Ghost\n|move|p1a: Arceus|Aura Sphere|p2a: Smeargle\n|-immune|p2a: Smeargle\n|move|p2a: Smeargle|Power Trip|p1a: Arceus\n|-supereffective|p1a: Arceus\n|-damage|p1a: Arceus|50\/100\n|\n|-heal|p2a: Smeargle|94\/100|[from] item: Leftovers\n|-ability|p2a: Smeargle|Moody|boost\n|-boost|p2a: Smeargle|spa|2\n|-unboost|p2a: Smeargle|spe|1\n|upkeep\n|turn|20\n|inactive|charliereall has 120 seconds left.\n|\n|t:|1700097306\n|move|p2a: Smeargle|Protect|p2a: Smeargle\n|-singleturn|p2a: Smeargle|Protect\n|move|p1a: Arceus|Judgment|p2a: Smeargle\n|-activate|p2a: Smeargle|move: Protect\n|\n|-heal|p2a: Smeargle|99\/100|[from] item: Leftovers\n|-ability|p2a: Smeargle|Moody|boost\n|-boost|p2a: Smeargle|spe|2\n|-unboost|p2a: Smeargle|spd|1\n|upkeep\n|turn|21\n|inactive|charliereall has 120 seconds left.\n|\n|t:|1700097323\n|move|p1a: Arceus|Judgment|p2a: Smeargle\n|-supereffective|p2a: Smeargle\n|-end|p2a: Smeargle|Substitute\n|move|p2a: Smeargle|Substitute|p2a: Smeargle\n|-start|p2a: Smeargle|Substitute\n|-damage|p2a: Smeargle|75\/100\n|\n|-heal|p2a: Smeargle|81\/100|[from] item: Leftovers\n|-ability|p2a: Smeargle|Moody|boost\n|-boost|p2a: Smeargle|spe|2\n|-unboost|p2a: Smeargle|spa|1\n|upkeep\n|turn|22\n|inactive|charliereall has 120 seconds left.\n|\n|t:|1700097334\n|switch|p1a: Pheromona|Pheromosa, shiny|100\/100\n|move|p2a: Smeargle|Protect||[still]\n|-fail|p2a: Smeargle\n|\n|-heal|p2a: Smeargle|87\/100|[from] item: Leftovers\n|-ability|p2a: Smeargle|Moody|boost\n|-boost|p2a: Smeargle|spa|1\n|-unboost|p2a: Smeargle|spe|1\n|upkeep\n|turn|23\n|inactive|charliereall has 120 seconds left.\n|\n|t:|1700097345\n|move|p1a: Pheromona|Triple Axel|p2a: Smeargle\n|-end|p2a: Smeargle|Substitute\n|-damage|p2a: Smeargle|4\/100\n|-damage|p2a: Smeargle|0 fnt\n|faint|p2a: Smeargle\n|-hitcount|p2: Smeargle|3\n|\n|win|EABL XD\n|raw|EABL XD's rating: 1284 &rarr; <strong>1315<\/strong><br \/>(+31 for winning)\n|raw|charliereall's rating: 1368 &rarr; <strong>1343<\/strong><br \/>(-25 for losing)\n|c|\u2606charliereall|gg\n|l|\u2606charliereall\n","uploadtime":1700097405,"views":16,"p1id":"eablxd","p2id":"charliereall","formatid":"gen9nationaldexubers","rating":1315,"private":0,"password":""}