{"id":"gen9nationaldexubers-1993031864","p1":"dawniedawns","p2":"Pauliferwe","format":"[Gen 9] National Dex Ubers","log":"|j|\u2606dawniedawns\n|j|\u2606Pauliferwe\n|t:|1700257326\n|gametype|singles\n|player|p1|dawniedawns|falkner|1000\n|player|p2|Pauliferwe|plasmagruntf|1068\n|teamsize|p1|6\n|teamsize|p2|6\n|gen|9\n|tier|[Gen 9] National Dex Ubers\n|rated|\n|rule|HP Percentage Mod: HP is shown in percentages\n|rule|Endless Battle Clause: Forcing endless battles is banned\n|rule|OHKO Clause: OHKO moves are banned\n|rule|Evasion Moves Clause: Evasion moves are banned\n|rule|Evasion Items Clause: Evasion items are banned\n|rule|Species Clause: Limit one of each Pok\u00e9mon\n|rule|Sleep Clause Mod: Limit one foe put to sleep\n|rule|Mega Rayquaza Clause: You cannot mega evolve Rayquaza\n|clearpoke\n|poke|p1|Ninetales-Alola, F|\n|poke|p1|Giratina-Origin|\n|poke|p1|Groudon|\n|poke|p1|Iron Valiant|\n|poke|p1|Tyranitar, F|\n|poke|p1|Houndstone, M|\n|poke|p2|Tyranitar, M|\n|poke|p2|Houndstone, F|\n|poke|p2|Dracozolt|\n|poke|p2|Victini|\n|poke|p2|Kingambit, M|\n|poke|p2|Samurott-Hisui, F|\n|teampreview\n|\n|t:|1700257332\n|start\n|switch|p1a: Celsius|Ninetales-Alola, F|100\/100\n|switch|p2a: Samurott|Samurott-Hisui, F|100\/100\n|-weather|Snow|[from] ability: Snow Warning|[of] p1a: Celsius\n|turn|1\n|\n|t:|1700257357\n|move|p1a: Celsius|Aurora Veil|p1a: Celsius\n|-sidestart|p1: dawniedawns|move: Aurora Veil\n|move|p2a: Samurott|Ceaseless Edge|p1a: Celsius\n|-resisted|p1a: Celsius\n|-damage|p1a: Celsius|90\/100\n|-sidestart|p1: dawniedawns|Spikes\n|\n|-weather|Snow|[upkeep]\n|upkeep\n|turn|2\n|\n|t:|1700257376\n|switch|p2a: Victini|Victini|100\/100\n|move|p1a: Celsius|Dazzling Gleam|p2a: Victini\n|-resisted|p2a: Victini\n|-damage|p2a: Victini|85\/100\n|\n|-weather|Snow|[upkeep]\n|upkeep\n|turn|3\n|\n|t:|1700257384\n|switch|p1a: heheheha|Tyranitar, F|100\/100\n|-damage|p1a: heheheha|88\/100|[from] Spikes\n|-weather|Sandstorm|[from] ability: Sand Stream|[of] p1a: heheheha\n|-zpower|p2a: Victini\n|move|p2a: Victini|Z-Celebrate|p2a: Victini|[anim]Celebrate\n|-boost|p2a: Victini|atk|1|[zeffect]\n|-boost|p2a: Victini|def|1|[zeffect]\n|-boost|p2a: Victini|spa|1|[zeffect]\n|-boost|p2a: Victini|spd|1|[zeffect]\n|-boost|p2a: Victini|spe|1|[zeffect]\n|-activate|p2a: Victini|move: Celebrate\n|\n|-weather|Sandstorm|[upkeep]\n|-damage|p2a: Victini|79\/100|[from] Sandstorm\n|upkeep\n|turn|4\n|\n|t:|1700257398\n|move|p2a: Victini|Focus Blast|p1a: heheheha\n|-supereffective|p1a: heheheha\n|-damage|p1a: heheheha|15\/100\n|move|p1a: heheheha|Earthquake|p2a: Victini\n|-supereffective|p2a: Victini\n|-damage|p2a: Victini|27\/100\n|\n|-weather|Sandstorm|[upkeep]\n|-damage|p2a: Victini|21\/100|[from] Sandstorm\n|upkeep\n|turn|5\n|\n|t:|1700257408\n|switch|p1a: grd|Groudon|100\/100\n|-damage|p1a: grd|88\/100|[from] Spikes\n|detailschange|p1a: grd|Groudon-Primal\n|-primal|p1a: grd|Red Orb\n|-weather|DesolateLand|[from] ability: Desolate Land|[of] p1a: grd\n|move|p2a: Victini|Focus Blast|p1a: grd\n|-damage|p1a: grd|58\/100\n|\n|-weather|DesolateLand|[upkeep]\n|upkeep\n|turn|6\n|\n|t:|1700257417\n|move|p2a: Victini|Stored Power|p1a: grd\n|-damage|p1a: grd|14\/100\n|move|p1a: grd|Earthquake|p2a: Victini\n|-supereffective|p2a: Victini\n|-crit|p2a: Victini\n|-damage|p2a: Victini|0 fnt\n|faint|p2a: Victini\n|\n|-weather|DesolateLand|[upkeep]\n|upkeep\n|\n|t:|1700257444\n|switch|p2a: Kingambit|Kingambit, M|100\/100\n|-activate|p2a: Kingambit|ability: Supreme Overlord\n|-start|p2a: Kingambit|fallen1|[silent]\n|turn|7\n|\n|t:|1700257456\n|-weather|none\n|switch|p1a: grat|Giratina-Origin|100\/100\n|move|p2a: Kingambit|Sucker Punch||[still]\n|-fail|p2a: Kingambit\n|\n|upkeep\n|turn|8\n|\n|t:|1700257464\n|-end|p2a: Kingambit|fallen1|[silent]\n|switch|p2a: Tita|Tyranitar, M, shiny|100\/100\n|-weather|Sandstorm|[from] ability: Sand Stream|[of] p2a: Tita\n|move|p1a: grat|Outrage|p2a: Tita\n|-damage|p2a: Tita|34\/100\n|\n|-weather|Sandstorm|[upkeep]\n|-damage|p1a: grat|94\/100|[from] Sandstorm\n|-sideend|p1: dawniedawns|move: Aurora Veil\n|upkeep\n|turn|9\n|\n|t:|1700257487\n|switch|p2a: Samurott|Samurott-Hisui, F|100\/100\n|move|p1a: grat|Outrage|p2a: Samurott|[from]lockedmove\n|-enditem|p2a: Samurott|Focus Sash\n|-damage|p2a: Samurott|1\/100\n|\n|-weather|Sandstorm|[upkeep]\n|-damage|p2a: Samurott|0 fnt|[from] Sandstorm\n|-damage|p1a: grat|88\/100|[from] Sandstorm\n|faint|p2a: Samurott\n|upkeep\n|\n|t:|1700257495\n|switch|p2a: Dracozolt|Dracozolt|100\/100\n|turn|10\n|\n|t:|1700257504\n|move|p2a: Dracozolt|Draco Meteor|p1a: grat|[miss]\n|-miss|p2a: Dracozolt|p1a: grat\n|move|p1a: grat|Outrage|p2a: Dracozolt|[from]lockedmove\n|-supereffective|p2a: Dracozolt\n|-damage|p2a: Dracozolt|0 fnt\n|faint|p2a: Dracozolt\n|-start|p1a: grat|confusion|[fatigue]\n|\n|-weather|Sandstorm|[upkeep]\n|-damage|p1a: grat|82\/100|[from] Sandstorm\n|upkeep\n|\n|t:|1700257511\n|switch|p2a: Kingambit|Kingambit, M|100\/100\n|-activate|p2a: Kingambit|ability: Supreme Overlord\n|-start|p2a: Kingambit|fallen3|[silent]\n|turn|11\n|\n|t:|1700257523\n|switch|p1a: iv|Iron Valiant|100\/100\n|-damage|p1a: iv|88\/100|[from] Spikes\n|-terastallize|p2a: Kingambit|Fire\n|move|p2a: Kingambit|Knock Off|p1a: iv\n|-resisted|p1a: iv\n|-damage|p1a: iv|63\/100\n|-damage|p2a: Kingambit|84\/100|[from] item: Rocky Helmet|[of] p1a: iv\n|-enditem|p1a: iv|Rocky Helmet|[from] move: Knock Off|[of] p2a: Kingambit\n|\n|-weather|Sandstorm|[upkeep]\n|-damage|p1a: iv|57\/100|[from] Sandstorm\n|-damage|p2a: Kingambit|78\/100|[from] Sandstorm\n|-heal|p2a: Kingambit|84\/100|[from] item: Leftovers\n|upkeep\n|turn|12\n|\n|t:|1700257541\n|move|p1a: iv|Close Combat|p2a: Kingambit\n|-damage|p2a: Kingambit|36\/100\n|-unboost|p1a: iv|def|1\n|-unboost|p1a: iv|spd|1\n|move|p2a: Kingambit|Iron Head|p1a: iv\n|-supereffective|p1a: iv\n|-damage|p1a: iv|0 fnt\n|faint|p1a: iv\n|-end|p1a: iv|Quark Drive|[silent]\n|\n|-weather|Sandstorm|[upkeep]\n|-damage|p2a: Kingambit|29\/100|[from] Sandstorm\n|-heal|p2a: Kingambit|36\/100|[from] item: Leftovers\n|upkeep\n|\n|t:|1700257554\n|switch|p1a: grat|Giratina-Origin|82\/100\n|turn|13\n|\n|t:|1700257559\n|move|p2a: Kingambit|Sucker Punch|p1a: grat\n|-supereffective|p1a: grat\n|-damage|p1a: grat|6\/100\n|move|p1a: grat|Outrage|p2a: Kingambit\n|-damage|p2a: Kingambit|0 fnt\n|faint|p2a: Kingambit\n|-end|p2a: Kingambit|fallen3|[silent]\n|\n|-weather|Sandstorm|[upkeep]\n|-damage|p1a: grat|0 fnt|[from] Sandstorm\n|faint|p1a: grat\n|upkeep\n|\n|t:|1700257574\n|switch|p1a: Celsius|Ninetales-Alola, F|90\/100\n|switch|p2a: Houndstone|Houndstone, F|100\/100\n|-damage|p1a: Celsius|78\/100|[from] Spikes\n|-weather|Snow|[from] ability: Snow Warning|[of] p1a: Celsius\n|turn|14\n|\n|t:|1700257601\n|move|p1a: Celsius|Aurora Veil|p1a: Celsius\n|-sidestart|p1: dawniedawns|move: Aurora Veil\n|move|p2a: Houndstone|Last Respects|p1a: Celsius\n|-damage|p1a: Celsius|18\/100\n|\n|-weather|Snow|[upkeep]\n|upkeep\n|turn|15\n|\n|t:|1700257608\n|move|p1a: Celsius|Blizzard|p2a: Houndstone\n|-damage|p2a: Houndstone|68\/100\n|move|p2a: Houndstone|Last Respects|p1a: Celsius\n|-damage|p1a: Celsius|0 fnt\n|faint|p1a: Celsius\n|\n|-weather|Snow|[upkeep]\n|upkeep\n|\n|t:|1700257616\n|switch|p1a: grd|Groudon-Primal|14\/100\n|-damage|p1a: grd|1\/100|[from] Spikes\n|-weather|DesolateLand|[from] ability: Desolate Land|[of] p1a: grd\n|turn|16\n|\n|t:|1700257621\n|switch|p2a: Tita|Tyranitar, M, shiny|34\/100\n|-ability|p2a: Tita|Sand Stream|[from] desolateland|[fail]\n|move|p1a: grd|Earthquake|p2a: Tita\n|-supereffective|p2a: Tita\n|-damage|p2a: Tita|0 fnt\n|faint|p2a: Tita\n|\n|-weather|DesolateLand|[upkeep]\n|upkeep\n|\n|t:|1700257625\n|switch|p2a: Houndstone|Houndstone, F|68\/100\n|turn|17\n|\n|t:|1700257630\n|move|p1a: grd|Earthquake|p2a: Houndstone\n|-damage|p2a: Houndstone|5\/100\n|move|p2a: Houndstone|Last Respects|p1a: grd\n|-damage|p1a: grd|0 fnt\n|faint|p1a: grd\n|-weather|none\n|\n|upkeep\n|\n|t:|1700257637\n|switch|p1a: finality|Houndstone, M|100\/100\n|-damage|p1a: finality|88\/100|[from] Spikes\n|turn|18\n|\n|t:|1700257642\n|move|p2a: Houndstone|Last Respects|p1a: finality\n|-supereffective|p1a: finality\n|-damage|p1a: finality|0 fnt\n|faint|p1a: finality\n|\n|upkeep\n|\n|t:|1700257646\n|switch|p1a: heheheha|Tyranitar, F|15\/100\n|-damage|p1a: heheheha|3\/100|[from] Spikes\n|-weather|Sandstorm|[from] ability: Sand Stream|[of] p1a: heheheha\n|turn|19\n|\n|t:|1700257652\n|move|p2a: Houndstone|Play Rough|p1a: heheheha\n|-supereffective|p1a: heheheha\n|-damage|p1a: heheheha|0 fnt\n|-damage|p2a: Houndstone|0 fnt|[from] item: Rocky Helmet|[of] p1a: heheheha\n|faint|p1a: heheheha\n|faint|p2a: Houndstone\n|\n|win|Pauliferwe\n|raw|dawniedawns's rating: 1000 &rarr; <strong>1000<\/strong><br \/>(+0 for losing)\n|raw|Pauliferwe's rating: 1068 &rarr; <strong>1092<\/strong><br \/>(+24 for winning)\n|c|\u2606Pauliferwe|bruuuuuh\n","uploadtime":1700257672,"views":7,"p1id":"dawniedawns","p2id":"pauliferwe","formatid":"gen9nationaldexubers","rating":1000,"private":0,"password":""}