{"id":"gen9nationaldexubers-1992973236","p1":"3eveeJ","p2":"El!te 00f","format":"[Gen 9] National Dex Ubers","log":"|j|\u26063eveeJ\n|j|\u2606El!te 00f\n|t:|1700251677\n|gametype|singles\n|player|p1|3eveeJ|cheryl|\n|player|p2|El!te 00f|serena-masters2|\n|teamsize|p1|6\n|teamsize|p2|6\n|gen|9\n|tier|[Gen 9] National Dex Ubers\n|rule|HP Percentage Mod: HP is shown in percentages\n|rule|Endless Battle Clause: Forcing endless battles is banned\n|rule|OHKO Clause: OHKO moves are banned\n|rule|Evasion Moves Clause: Evasion moves are banned\n|rule|Evasion Items Clause: Evasion items are banned\n|rule|Species Clause: Limit one of each Pok\u00e9mon\n|rule|Sleep Clause Mod: Limit one foe put to sleep\n|rule|Mega Rayquaza Clause: You cannot mega evolve Rayquaza\n|clearpoke\n|poke|p1|Azumarill, M|\n|poke|p1|Jellicent, M|\n|poke|p1|Ludicolo, M|\n|poke|p1|Pelipper, F|\n|poke|p1|Vaporeon, F|\n|poke|p1|Kingdra, F|\n|poke|p2|Garbodor, F|\n|poke|p2|Lycanroc, F|\n|poke|p2|Corviknight, F|\n|poke|p2|Gardevoir, F|\n|poke|p2|Blastoise, M|\n|poke|p2|Kommo-o, F|\n|teampreview\n|\n|t:|1700251701\n|start\n|switch|p1a: Pelipper|Pelipper, F|100\/100\n|switch|p2a: Tyler|Lycanroc, F|100\/100\n|-weather|RainDance|[from] ability: Drizzle|[of] p1a: Pelipper\n|turn|1\n|c|\u26063eveeJ|ngl, I entirely forgot my strats for this team lol\n|\n|t:|1700251710\n|move|p2a: Tyler|Rock Slide|p1a: Pelipper\n|-supereffective|p1a: Pelipper\n|-damage|p1a: Pelipper|0 fnt\n|faint|p1a: Pelipper\n|-damage|p2a: Tyler|91\/100|[from] item: Life Orb\n|\n|-weather|RainDance|[upkeep]\n|upkeep\n|\n|t:|1700251717\n|switch|p1a: Ludicolo|Ludicolo, M|100\/100\n|turn|2\n|\n|t:|1700251722\n|switch|p2a: TM06: \uff26 \uff4c \uff59|Corviknight, F, shiny|100\/100\n|-ability|p2a: TM06: \uff26 \uff4c \uff59|Pressure\n|move|p1a: Ludicolo|Fake Out|p2a: TM06: \uff26 \uff4c \uff59\n|-resisted|p2a: TM06: \uff26 \uff4c \uff59\n|-damage|p2a: TM06: \uff26 \uff4c \uff59|98\/100\n|-damage|p1a: Ludicolo|84\/100|[from] item: Rocky Helmet|[of] p2a: TM06: \uff26 \uff4c \uff59\n|\n|-weather|RainDance|[upkeep]\n|-heal|p1a: Ludicolo|90\/100|[from] item: Leftovers\n|upkeep\n|turn|3\n|\n|t:|1700251737\n|move|p1a: Ludicolo|Thunder Punch|p2a: TM06: \uff26 \uff4c \uff59\n|-supereffective|p2a: TM06: \uff26 \uff4c \uff59\n|-damage|p2a: TM06: \uff26 \uff4c \uff59|73\/100\n|-damage|p1a: Ludicolo|73\/100|[from] item: Rocky Helmet|[of] p2a: TM06: \uff26 \uff4c \uff59\n|move|p2a: TM06: \uff26 \uff4c \uff59|U-turn|p1a: Ludicolo\n|-supereffective|p1a: Ludicolo\n|-damage|p1a: Ludicolo|32\/100\n|\n|t:|1700251740\n|switch|p2a: Kommo-o|Kommo-o, F|100\/100|[from] U-turn\n|\n|-weather|RainDance|[upkeep]\n|-heal|p1a: Ludicolo|38\/100|[from] item: Leftovers\n|upkeep\n|turn|4\n|\n|t:|1700251755\n|switch|p2a: TM06: \uff26 \uff4c \uff59|Corviknight, F, shiny|73\/100\n|-ability|p2a: TM06: \uff26 \uff4c \uff59|Pressure\n|move|p1a: Ludicolo|Waterfall|p2a: TM06: \uff26 \uff4c \uff59\n|-damage|p2a: TM06: \uff26 \uff4c \uff59|47\/100\n|-damage|p1a: Ludicolo|21\/100|[from] item: Rocky Helmet|[of] p2a: TM06: \uff26 \uff4c \uff59\n|\n|-weather|RainDance|[upkeep]\n|-heal|p1a: Ludicolo|27\/100|[from] item: Leftovers\n|upkeep\n|turn|5\n|\n|t:|1700251765\n|move|p1a: Ludicolo|Power-Up Punch|p2a: TM06: \uff26 \uff4c \uff59\n|-damage|p2a: TM06: \uff26 \uff4c \uff59|40\/100\n|-boost|p1a: Ludicolo|atk|1\n|-damage|p1a: Ludicolo|11\/100|[from] item: Rocky Helmet|[of] p2a: TM06: \uff26 \uff4c \uff59\n|move|p2a: TM06: \uff26 \uff4c \uff59|Roost|p2a: TM06: \uff26 \uff4c \uff59\n|-heal|p2a: TM06: \uff26 \uff4c \uff59|90\/100\n|-singleturn|p2a: TM06: \uff26 \uff4c \uff59|move: Roost\n|\n|-weather|RainDance|[upkeep]\n|-heal|p1a: Ludicolo|17\/100|[from] item: Leftovers\n|upkeep\n|turn|6\n|\n|t:|1700251776\n|move|p1a: Ludicolo|Thunder Punch|p2a: TM06: \uff26 \uff4c \uff59\n|-supereffective|p2a: TM06: \uff26 \uff4c \uff59\n|-damage|p2a: TM06: \uff26 \uff4c \uff59|58\/100\n|-damage|p1a: Ludicolo|0 fnt|[from] item: Rocky Helmet|[of] p2a: TM06: \uff26 \uff4c \uff59\n|faint|p1a: Ludicolo\n|move|p2a: TM06: \uff26 \uff4c \uff59|Brave Bird|p1: Ludicolo|[notarget]\n|-fail|p2a: TM06: \uff26 \uff4c \uff59\n|\n|-weather|RainDance|[upkeep]\n|upkeep\n|\n|t:|1700251784\n|switch|p1a: Vaporeon|Vaporeon, F|100\/100\n|turn|7\n|inactive|Battle timer is ON: inactive players will automatically lose when time's up. (requested by 3eveeJ)\n|\n|t:|1700251830\n|move|p2a: TM06: \uff26 \uff4c \uff59|Roost|p2a: TM06: \uff26 \uff4c \uff59\n|-heal|p2a: TM06: \uff26 \uff4c \uff59|100\/100\n|-singleturn|p2a: TM06: \uff26 \uff4c \uff59|move: Roost\n|move|p1a: Vaporeon|Scald|p2a: TM06: \uff26 \uff4c \uff59\n|-damage|p2a: TM06: \uff26 \uff4c \uff59|61\/100\n|\n|-weather|RainDance|[upkeep]\n|-status|p1a: Vaporeon|tox|[from] item: Toxic Orb\n|upkeep\n|turn|8\n|\n|t:|1700251839\n|move|p2a: TM06: \uff26 \uff4c \uff59|Roost|p2a: TM06: \uff26 \uff4c \uff59\n|-heal|p2a: TM06: \uff26 \uff4c \uff59|100\/100\n|-singleturn|p2a: TM06: \uff26 \uff4c \uff59|move: Roost\n|move|p1a: Vaporeon|Facade|p2a: TM06: \uff26 \uff4c \uff59\n|-resisted|p2a: TM06: \uff26 \uff4c \uff59\n|-damage|p2a: TM06: \uff26 \uff4c \uff59|90\/100\n|-damage|p1a: Vaporeon|84\/100 tox|[from] item: Rocky Helmet|[of] p2a: TM06: \uff26 \uff4c \uff59\n|\n|-weather|none\n|-damage|p1a: Vaporeon|78\/100 tox|[from] psn\n|upkeep\n|turn|9\n|\n|t:|1700251854\n|move|p2a: TM06: \uff26 \uff4c \uff59|U-turn|p1a: Vaporeon\n|-damage|p1a: Vaporeon|62\/100 tox\n|\n|t:|1700251856\n|switch|p2a: Gardevoir|Gardevoir, F|100\/100|[from] U-turn\n|-ability|p2a: Gardevoir|Hydration|[from] ability: Trace|[of] p1a: Vaporeon\n|move|p1a: Vaporeon|Iron Tail|p2a: Gardevoir|[miss]\n|-miss|p1a: Vaporeon|p2a: Gardevoir\n|\n|-damage|p1a: Vaporeon|50\/100 tox|[from] psn\n|upkeep\n|turn|10\n|\n|t:|1700251883\n|detailschange|p2a: Gardevoir|Gardevoir-Mega, F\n|-mega|p2a: Gardevoir|Gardevoir|Gardevoirite\n|move|p2a: Gardevoir|Moonblast|p1a: Vaporeon\n|-damage|p1a: Vaporeon|7\/100 tox\n|move|p1a: Vaporeon|Last Resort|p2a: Gardevoir\n|-damage|p2a: Gardevoir|41\/100\n|\n|-damage|p1a: Vaporeon|0 fnt|[from] psn\n|faint|p1a: Vaporeon\n|upkeep\n|\n|t:|1700251893\n|switch|p1a: Jellicent|Jellicent, M|100\/100\n|turn|11\n|\n|t:|1700251907\n|switch|p2a: TM06: \uff26 \uff4c \uff59|Corviknight, F, shiny|90\/100\n|-ability|p2a: TM06: \uff26 \uff4c \uff59|Pressure\n|move|p1a: Jellicent|Dark Pulse|p2a: TM06: \uff26 \uff4c \uff59\n|-damage|p2a: TM06: \uff26 \uff4c \uff59|58\/100\n|\n|upkeep\n|turn|12\n|inactive|El!te 00f has 270 seconds left.\n|\n|t:|1700251927\n|switch|p1a: Kingdra|Kingdra, F|100\/100\n|move|p2a: TM06: \uff26 \uff4c \uff59|Roost|p2a: TM06: \uff26 \uff4c \uff59\n|-heal|p2a: TM06: \uff26 \uff4c \uff59|100\/100\n|-singleturn|p2a: TM06: \uff26 \uff4c \uff59|move: Roost\n|\n|upkeep\n|turn|13\n|\n|t:|1700251936\n|switch|p2a: Garbodor|Garbodor, F|100\/100\n|move|p1a: Kingdra|Dragon Dance|p1a: Kingdra\n|-boost|p1a: Kingdra|atk|1\n|-boost|p1a: Kingdra|spe|1\n|\n|upkeep\n|turn|14\n|\n|t:|1700251943\n|move|p1a: Kingdra|Bounce||[still]\n|-prepare|p1a: Kingdra|Bounce\n|move|p2a: Garbodor|Explosion|p1a: Kingdra|[miss]\n|-miss|p2a: Garbodor|p1a: Kingdra\n|faint|p2a: Garbodor\n|\n|upkeep\n|c|\u2606El!te 00f|I can explain\n|\n|t:|1700251958\n|switch|p2a: TM06: \uff26 \uff4c \uff59|Corviknight, F, shiny|100\/100\n|-ability|p2a: TM06: \uff26 \uff4c \uff59|Pressure\n|turn|15\n|\n|t:|1700251963\n|move|p1a: Kingdra|Bounce|p2a: TM06: \uff26 \uff4c \uff59|[from]lockedmove\n|-resisted|p2a: TM06: \uff26 \uff4c \uff59\n|-damage|p2a: TM06: \uff26 \uff4c \uff59|88\/100\n|-damage|p1a: Kingdra|84\/100|[from] item: Rocky Helmet|[of] p2a: TM06: \uff26 \uff4c \uff59\n|move|p2a: TM06: \uff26 \uff4c \uff59|U-turn|p1a: Kingdra\n|-damage|p1a: Kingdra|66\/100\n|inactive|El!te 00f has 270 seconds left.\n|\n|t:|1700251978\n|switch|p2a: Blastoise|Blastoise, M, shiny|100\/100|[from] U-turn\n|\n|-heal|p1a: Kingdra|72\/100|[from] item: Leftovers\n|upkeep\n|turn|16\n|\n|t:|1700251986\n|move|p1a: Kingdra|Skull Bash||[still]\n|-prepare|p1a: Kingdra|Skull Bash\n|-boost|p1a: Kingdra|def|1\n|move|p2a: Blastoise|Shell Smash|p2a: Blastoise\n|-unboost|p2a: Blastoise|def|1\n|-unboost|p2a: Blastoise|spd|1\n|-boost|p2a: Blastoise|atk|2\n|-boost|p2a: Blastoise|spa|2\n|-boost|p2a: Blastoise|spe|2\n|-enditem|p2a: Blastoise|White Herb\n|-clearnegativeboost|p2a: Blastoise|[silent]\n|\n|-heal|p1a: Kingdra|79\/100|[from] item: Leftovers\n|upkeep\n|turn|17\n|\n|t:|1700251995\n|move|p2a: Blastoise|Ice Beam|p1a: Kingdra\n|-damage|p1a: Kingdra|18\/100\n|-status|p1a: Kingdra|frz\n|-curestatus|p1a: Kingdra|frz|[msg]\n|move|p1a: Kingdra|Skull Bash|p2a: Blastoise|[from]lockedmove\n|-damage|p2a: Blastoise|41\/100\n|\n|-heal|p1a: Kingdra|25\/100|[from] item: Leftovers\n|upkeep\n|turn|18\n|\n|t:|1700252007\n|move|p2a: Blastoise|Ice Beam|p1a: Kingdra\n|-damage|p1a: Kingdra|0 fnt\n|faint|p1a: Kingdra\n|\n|upkeep\n|\n|t:|1700252014\n|switch|p1a: Azumarill|Azumarill, M|100\/100\n|turn|19\n|inactive|El!te 00f has 270 seconds left.\n|\n|t:|1700252065\n|-terastallize|p2a: Blastoise|Water\n|move|p2a: Blastoise|Hydro Pump|p1a: Azumarill\n|-resisted|p1a: Azumarill\n|-damage|p1a: Azumarill|64\/100\n|move|p1a: Azumarill|Trailblaze|p2a: Blastoise\n|-supereffective|p2a: Blastoise\n|-damage|p2a: Blastoise|2\/100\n|-boost|p1a: Azumarill|spe|1\n|\n|upkeep\n|turn|20\n|\n|t:|1700252082\n|move|p2a: Blastoise|Hydro Pump|p1a: Azumarill\n|-resisted|p1a: Azumarill\n|-damage|p1a: Azumarill|5\/100\n|move|p1a: Azumarill|Trailblaze|p2a: Blastoise\n|-supereffective|p2a: Blastoise\n|-damage|p2a: Blastoise|0 fnt\n|-boost|p1a: Azumarill|spe|1\n|faint|p2a: Blastoise\n|\n|upkeep\n|\n|t:|1700252086\n|switch|p2a: Tyler|Lycanroc, F|91\/100\n|turn|21\n|\n|t:|1700252093\n|move|p2a: Tyler|Accelerock|p1a: Azumarill\n|-damage|p1a: Azumarill|0 fnt\n|faint|p1a: Azumarill\n|-damage|p2a: Tyler|81\/100|[from] item: Life Orb\n|\n|upkeep\n|\n|t:|1700252098\n|switch|p1a: Jellicent|Jellicent, M|100\/100\n|turn|22\n|inactive|El!te 00f has 270 seconds left.\n|\n|t:|1700252108\n|move|p2a: Tyler|Rock Slide|p1a: Jellicent\n|-damage|p1a: Jellicent|50\/100\n|-damage|p2a: Tyler|71\/100|[from] item: Life Orb\n|move|p1a: Jellicent|Giga Drain|p2a: Tyler\n|-supereffective|p2a: Tyler\n|-crit|p2a: Tyler\n|-damage|p2a: Tyler|0 fnt\n|-heal|p1a: Jellicent|75\/100|[from] drain|[of] p2a: Tyler\n|faint|p2a: Tyler\n|\n|upkeep\n|inactive|El!te 00f has 270 seconds left.\n|\n|t:|1700252114\n|switch|p2a: TM06: \uff26 \uff4c \uff59|Corviknight, F, shiny|88\/100\n|-ability|p2a: TM06: \uff26 \uff4c \uff59|Pressure\n|turn|23\n|\n|t:|1700252120\n|move|p2a: TM06: \uff26 \uff4c \uff59|Brave Bird|p1a: Jellicent\n|-damage|p1a: Jellicent|37\/100\n|-damage|p2a: TM06: \uff26 \uff4c \uff59|75\/100|[from] Recoil\n|move|p1a: Jellicent|Giga Drain|p2a: TM06: \uff26 \uff4c \uff59\n|-resisted|p2a: TM06: \uff26 \uff4c \uff59\n|-damage|p2a: TM06: \uff26 \uff4c \uff59|67\/100\n|-heal|p1a: Jellicent|41\/100|[from] drain|[of] p2a: TM06: \uff26 \uff4c \uff59\n|\n|upkeep\n|turn|24\n|\n|t:|1700252128\n|move|p2a: TM06: \uff26 \uff4c \uff59|Brave Bird|p1a: Jellicent\n|-damage|p1a: Jellicent|0 fnt\n|faint|p1a: Jellicent\n|-damage|p2a: TM06: \uff26 \uff4c \uff59|54\/100|[from] Recoil\n|\n|win|El!te 00f\n|c|\u26063eveeJ|gg\n|c|\u2606El!te 00f|gg\n|l|\u26063eveeJ\n","uploadtime":1700252137,"views":15,"p1id":"3eveej","p2id":"elte00f","formatid":"gen9nationaldexubers","rating":0,"private":0,"password":""}