{"id":"gen9nationaldexubers-1986133700","p1":"ultradexshot","p2":"Rhyfinn sr.","format":"[Gen 9] National Dex Ubers","log":"|j|\u203dultradexshot\n|j|\u2606Rhyfinn sr.\n|t:|1699453433\n|gametype|singles\n|player|p1|ultradexshot|fisherman-gen4|1324\n|player|p2|Rhyfinn sr.|alder|1221\n|teamsize|p1|6\n|teamsize|p2|6\n|gen|9\n|tier|[Gen 9] National Dex Ubers\n|rated|\n|rule|HP Percentage Mod: HP is shown in percentages\n|rule|Endless Battle Clause: Forcing endless battles is banned\n|rule|OHKO Clause: OHKO moves are banned\n|rule|Evasion Moves Clause: Evasion moves are banned\n|rule|Evasion Items Clause: Evasion items are banned\n|rule|Species Clause: Limit one of each Pok\u00e9mon\n|rule|Sleep Clause Mod: Limit one foe put to sleep\n|rule|Mega Rayquaza Clause: You cannot mega evolve Rayquaza\n|clearpoke\n|poke|p1|Dragapult, M|\n|poke|p1|Flutter Mane|\n|poke|p1|Urshifu-*, F|\n|poke|p1|Shuckle, F|\n|poke|p1|Cinderace, M|\n|poke|p1|Lugia|\n|poke|p2|Groudon|\n|poke|p2|Ho-Oh|\n|poke|p2|Xerneas-*|\n|poke|p2|Marshadow|\n|poke|p2|Necrozma-Dusk-Mane|\n|poke|p2|Kyurem-White|\n|teampreview\n|inactive|Battle timer is ON: inactive players will automatically lose when time's up. (requested by ultradexshot)\n|inactive|Rhyfinn sr. also wants the timer to be on.\n|\n|t:|1699453447\n|start\n|switch|p1a: Shuckle|Shuckle, F|100\/100\n|switch|p2a: Necrozma|Necrozma-Dusk-Mane, shiny|100\/100\n|turn|1\n|\n|t:|1699453455\n|move|p2a: Necrozma|Dragon Dance|p2a: Necrozma\n|-boost|p2a: Necrozma|atk|1\n|-boost|p2a: Necrozma|spe|1\n|move|p1a: Shuckle|Sticky Web|p2a: Necrozma\n|-sidestart|p2: Rhyfinn sr.|move: Sticky Web\n|\n|upkeep\n|turn|2\n|\n|t:|1699453459\n|move|p2a: Necrozma|Sunsteel Strike|p1a: Shuckle\n|-supereffective|p1a: Shuckle\n|-damage|p1a: Shuckle|0 fnt\n|faint|p1a: Shuckle\n|\n|upkeep\n|\n|t:|1699453465\n|switch|p1a: Cinderace|Cinderace, M, shiny|100\/100\n|turn|3\n|\n|t:|1699453470\n|detailschange|p2a: Necrozma|Necrozma-Ultra, shiny\n|-burst|p2a: Necrozma|Necrozma|Ultranecrozium Z\n|move|p2a: Necrozma|Earthquake|p1a: Cinderace\n|-supereffective|p1a: Cinderace\n|-enditem|p1a: Cinderace|Focus Sash\n|-damage|p1a: Cinderace|1\/100\n|move|p1a: Cinderace|Pyro Ball|p2a: Necrozma|[miss]\n|-miss|p1a: Cinderace|p2a: Necrozma\n|\n|upkeep\n|turn|4\n|\n|t:|1699453485\n|move|p2a: Necrozma|Earthquake|p1a: Cinderace\n|-supereffective|p1a: Cinderace\n|-crit|p1a: Cinderace\n|-damage|p1a: Cinderace|0 fnt\n|faint|p1a: Cinderace\n|\n|upkeep\n|\n|t:|1699453492\n|switch|p1a: Flutter Mane|Flutter Mane, shiny|100\/100\n|turn|5\n|\n|t:|1699453497\n|move|p2a: Necrozma|Sunsteel Strike|p1a: Flutter Mane\n|-supereffective|p1a: Flutter Mane\n|-damage|p1a: Flutter Mane|0 fnt\n|faint|p1a: Flutter Mane\n|-end|p1a: Flutter Mane|Protosynthesis|[silent]\n|\n|upkeep\n|\n|t:|1699453501\n|switch|p1a: Lugia|Lugia, shiny|100\/100\n|turn|6\n|\n|t:|1699453510\n|move|p2a: Necrozma|Sunsteel Strike|p1a: Lugia\n|-damage|p1a: Lugia|56\/100\n|move|p1a: Lugia|Ice Beam|p2a: Necrozma\n|-supereffective|p2a: Necrozma\n|-damage|p2a: Necrozma|50\/100\n|\n|-heal|p1a: Lugia|63\/100|[from] item: Leftovers\n|upkeep\n|turn|7\n|\n|t:|1699453525\n|-terastallize|p1a: Lugia|Steel\n|-zpower|p2a: Necrozma\n|move|p2a: Necrozma|Light That Burns the Sky|p1a: Lugia|[zeffect]\n|-resisted|p1a: Lugia\n|-damage|p1a: Lugia|0 fnt\n|faint|p1a: Lugia\n|\n|upkeep\n|\n|t:|1699453532\n|switch|p1a: Dragapult|Dragapult, M, shiny|100\/100\n|turn|8\n|\n|t:|1699453539\n|move|p2a: Necrozma|Photon Geyser|p1a: Dragapult\n|-damage|p1a: Dragapult|0 fnt\n|faint|p1a: Dragapult\n|\n|upkeep\n|\n|t:|1699453544\n|switch|p1a: Urshifu|Urshifu, F|100\/100\n|turn|9\n|\n|t:|1699453554\n|move|p2a: Necrozma|Earthquake|p1a: Urshifu\n|-crit|p1a: Urshifu\n|-damage|p1a: Urshifu|6\/100\n|move|p1a: Urshifu|Wicked Blow|p2a: Necrozma\n|-supereffective|p2a: Necrozma\n|-crit|p2a: Necrozma\n|-damage|p2a: Necrozma|0 fnt\n|faint|p2a: Necrozma\n|\n|upkeep\n|\n|t:|1699453567\n|switch|p2a: Groudon|Groudon, shiny|100\/100\n|-activate|p2a: Groudon|move: Sticky Web\n|-unboost|p2a: Groudon|spe|1\n|detailschange|p2a: Groudon|Groudon-Primal, shiny\n|-primal|p2a: Groudon|Red Orb\n|-weather|DesolateLand|[from] ability: Desolate Land|[of] p2a: Groudon\n|turn|10\n|\n|t:|1699453572\n|move|p1a: Urshifu|Wicked Blow|p2a: Groudon\n|-crit|p2a: Groudon\n|-damage|p2a: Groudon|51\/100\n|move|p2a: Groudon|Flamethrower|p1a: Urshifu\n|-damage|p1a: Urshifu|0 fnt\n|faint|p1a: Urshifu\n|\n|win|Rhyfinn sr.\n|raw|ultradexshot's rating: 1324 &rarr; <strong>1298<\/strong><br \/>(-26 for losing)\n|raw|Rhyfinn sr.'s rating: 1221 &rarr; <strong>1253<\/strong><br \/>(+32 for winning)\n|l|\u203dultradexshot\n","uploadtime":1699453586,"views":5,"p1id":"ultradexshot","p2id":"rhyfinnsr","formatid":"gen9nationaldexubers","rating":1253,"private":0,"password":""}