{"id":"gen9nationaldexubers-1997986554","p1":"Sencopion","p2":"Skyler2058","format":"[Gen 9] National Dex Ubers","log":"|j|\u2606Sencopion\n|j|\u2606Skyler2058\n|t:|1700875638\n|gametype|singles\n|player|p1|Sencopion|roxie|\n|player|p2|Skyler2058|lance|\n|teamsize|p1|6\n|teamsize|p2|6\n|gen|9\n|tier|[Gen 9] National Dex Ubers\n|rule|HP Percentage Mod: HP is shown in percentages\n|rule|Endless Battle Clause: Forcing endless battles is banned\n|rule|OHKO Clause: OHKO moves are banned\n|rule|Evasion Moves Clause: Evasion moves are banned\n|rule|Evasion Items Clause: Evasion items are banned\n|rule|Species Clause: Limit one of each Pok\u00e9mon\n|rule|Sleep Clause Mod: Limit one foe put to sleep\n|rule|Mega Rayquaza Clause: You cannot mega evolve Rayquaza\n|clearpoke\n|poke|p1|Zacian-*|\n|poke|p1|Lopunny, M|\n|poke|p1|Ribombee, M|\n|poke|p1|Gliscor, M|\n|poke|p1|Maushold|\n|poke|p1|Volcanion|\n|poke|p2|Yveltal|\n|poke|p2|Meowscarada, F|\n|poke|p2|Samurott-Hisui, F|\n|poke|p2|Grimmsnarl, M|\n|poke|p2|Weavile, M|\n|poke|p2|Hoopa-Unbound|\n|teampreview\n|inactive|Battle timer is ON: inactive players will automatically lose when time's up. (requested by Sencopion)\n|\n|t:|1700875647\n|start\n|switch|p1a: Lopunny|Lopunny, M|100\/100\n|switch|p2a: Grimmsnarl|Grimmsnarl, M|100\/100\n|turn|1\n|c|\u2606Skyler2058|Glhf\n|c|\u2606Sencopion|glhf\n|\n|t:|1700875656\n|detailschange|p1a: Lopunny|Lopunny-Mega, M\n|-mega|p1a: Lopunny|Lopunny|Lopunnite\n|move|p1a: Lopunny|Fake Out|p2a: Grimmsnarl\n|-damage|p2a: Grimmsnarl|73\/100\n|cant|p2a: Grimmsnarl|flinch\n|\n|upkeep\n|turn|2\n|\n|t:|1700875665\n|move|p2a: Grimmsnarl|Reflect|p2a: Grimmsnarl\n|-sidestart|p2: Skyler2058|Reflect\n|move|p1a: Lopunny|U-turn|p2a: Grimmsnarl\n|-damage|p2a: Grimmsnarl|58\/100\n|\n|t:|1700875674\n|switch|p1a: Zacian|Zacian-Crowned|100\/100|[from] U-turn\n|-ability|p1a: Zacian|Intrepid Sword|boost\n|-boost|p1a: Zacian|atk|1\n|\n|upkeep\n|turn|3\n|\n|t:|1700875678\n|move|p2a: Grimmsnarl|Light Screen|p2a: Grimmsnarl\n|-sidestart|p2: Skyler2058|move: Light Screen\n|move|p1a: Zacian|Swords Dance|p1a: Zacian\n|-boost|p1a: Zacian|atk|2\n|\n|upkeep\n|turn|4\n|\n|t:|1700875684\n|move|p1a: Zacian|Play Rough|p2a: Grimmsnarl\n|-supereffective|p2a: Grimmsnarl\n|-damage|p2a: Grimmsnarl|0 fnt\n|faint|p2a: Grimmsnarl\n|\n|upkeep\n|\n|t:|1700875703\n|switch|p2a: Meowscarada|Meowscarada, F|100\/100\n|turn|5\n|\n|t:|1700875713\n|move|p2a: Meowscarada|Knock Off|p1a: Zacian\n|-start|p2a: Meowscarada|typechange|Dark|[from] ability: Protean\n|-resisted|p1a: Zacian\n|-damage|p1a: Zacian|87\/100\n|move|p1a: Zacian|Play Rough|p2a: Meowscarada\n|-supereffective|p2a: Meowscarada\n|-damage|p2a: Meowscarada|0 fnt\n|faint|p2a: Meowscarada\n|\n|upkeep\n|\n|t:|1700875724\n|switch|p2a: Weavile|Weavile, M|100\/100\n|-ability|p2a: Weavile|Pressure\n|turn|6\n|\n|t:|1700875728\n|move|p2a: Weavile|Ice Shard|p1a: Zacian\n|-resisted|p1a: Zacian\n|-damage|p1a: Zacian|77\/100\n|move|p1a: Zacian|Sacred Sword|p2a: Weavile\n|-supereffective|p2a: Weavile\n|-damage|p2a: Weavile|0 fnt\n|faint|p2a: Weavile\n|\n|upkeep\n|\n|t:|1700875735\n|switch|p2a: Samurott|Samurott-Hisui, F|100\/100\n|turn|7\n|\n|t:|1700875739\n|move|p1a: Zacian|Play Rough|p2a: Samurott\n|-supereffective|p2a: Samurott\n|-enditem|p2a: Samurott|Focus Sash\n|-damage|p2a: Samurott|1\/100\n|-unboost|p2a: Samurott|atk|1\n|move|p2a: Samurott|Ceaseless Edge|p1a: Zacian\n|-resisted|p1a: Zacian\n|-damage|p1a: Zacian|62\/100\n|-sidestart|p1: Sencopion|Spikes\n|\n|upkeep\n|turn|8\n|\n|t:|1700875749\n|move|p2a: Samurott|Aqua Jet|p1a: Zacian\n|-damage|p1a: Zacian|50\/100\n|move|p1a: Zacian|Sacred Sword|p2a: Samurott\n|-supereffective|p2a: Samurott\n|-damage|p2a: Samurott|0 fnt\n|faint|p2a: Samurott\n|\n|upkeep\n|\n|t:|1700875755\n|switch|p2a: Hoopa|Hoopa-Unbound|100\/100\n|turn|9\n|\n|t:|1700875760\n|move|p1a: Zacian|Play Rough|p2a: Hoopa\n|-supereffective|p2a: Hoopa\n|-damage|p2a: Hoopa|0 fnt\n|faint|p2a: Hoopa\n|\n|-sideend|p2: Skyler2058|Reflect\n|upkeep\n|\n|t:|1700875763\n|switch|p2a: Yveltal|Yveltal|100\/100\n|-ability|p2a: Yveltal|Dark Aura\n|turn|10\n|\n|t:|1700875768\n|move|p1a: Zacian|Play Rough|p2a: Yveltal\n|-supereffective|p2a: Yveltal\n|-damage|p2a: Yveltal|0 fnt\n|faint|p2a: Yveltal\n|\n|win|Sencopion\n","uploadtime":1700875775,"views":3,"p1id":"sencopion","p2id":"skyler2058","formatid":"gen9nationaldexubers","rating":0,"private":0,"password":""}