{"id":"gen9nationaldexubers-1989915785","p1":"Queijolol","p2":"aguinaldo124","format":"[Gen 9] National Dex Ubers","log":"|j|\u2606Queijolol\n|j|\u2606aguinaldo124\n|t:|1699906434\n|gametype|singles\n|player|p1|Queijolol|dawn|1024\n|player|p2|aguinaldo124|bruno|1107\n|teamsize|p1|6\n|teamsize|p2|6\n|gen|9\n|tier|[Gen 9] National Dex Ubers\n|rated|\n|rule|HP Percentage Mod: HP is shown in percentages\n|rule|Endless Battle Clause: Forcing endless battles is banned\n|rule|OHKO Clause: OHKO moves are banned\n|rule|Evasion Moves Clause: Evasion moves are banned\n|rule|Evasion Items Clause: Evasion items are banned\n|rule|Species Clause: Limit one of each Pok\u00e9mon\n|rule|Sleep Clause Mod: Limit one foe put to sleep\n|rule|Mega Rayquaza Clause: You cannot mega evolve Rayquaza\n|clearpoke\n|poke|p1|Marshadow|\n|poke|p1|Rotom-Heat|\n|poke|p1|Aerodactyl, M|\n|poke|p1|Dracovish|\n|poke|p1|Butterfree, F|\n|poke|p1|Cottonee, L1, F|\n|poke|p2|Chesnaught, M|\n|poke|p2|Blissey, F|\n|poke|p2|Sableye, M|\n|poke|p2|Dracovish|\n|poke|p2|Shuckle, F|\n|poke|p2|Tropius, M|\n|teampreview\n|inactive|Battle timer is ON: inactive players will automatically lose when time's up. (requested by aguinaldo124)\n|\n|t:|1699906455\n|start\n|switch|p1a: Butterfree|Butterfree, F|100\/100\n|switch|p2a: Blissey|Blissey, F|100\/100\n|turn|1\n|\n|t:|1699906467\n|move|p1a: Butterfree|Substitute|p1a: Butterfree\n|-start|p1a: Butterfree|Substitute\n|-damage|p1a: Butterfree|76\/100\n|move|p2a: Blissey|Toxic||[still]\n|-fail|p2a: Blissey\n|\n|-heal|p1a: Butterfree|82\/100|[from] item: Leftovers\n|upkeep\n|turn|2\n|\n|t:|1699906476\n|move|p1a: Butterfree|Sleep Powder|p2a: Blissey\n|-status|p2a: Blissey|slp|[from] move: Sleep Powder\n|cant|p2a: Blissey|slp\n|\n|-heal|p1a: Butterfree|88\/100|[from] item: Leftovers\n|upkeep\n|turn|3\n|\n|t:|1699906486\n|-curestatus|p2a: Blissey|slp|[from] ability: Natural Cure\n|switch|p2a: Dracovish|Dracovish|100\/100\n|move|p1a: Butterfree|Quiver Dance|p1a: Butterfree\n|-boost|p1a: Butterfree|spa|1\n|-boost|p1a: Butterfree|spd|1\n|-boost|p1a: Butterfree|spe|1\n|\n|-heal|p1a: Butterfree|94\/100|[from] item: Leftovers\n|upkeep\n|turn|4\n|\n|t:|1699906498\n|move|p2a: Dracovish|Fishious Rend|p1a: Butterfree\n|-end|p1a: Butterfree|Substitute\n|move|p1a: Butterfree|Hurricane|p2a: Dracovish\n|-damage|p2a: Dracovish|20\/100\n|\n|-heal|p1a: Butterfree|99\/100|[from] item: Leftovers\n|upkeep\n|turn|5\n|\n|t:|1699906508\n|move|p2a: Dracovish|Fishious Rend|p1a: Butterfree\n|-damage|p1a: Butterfree|0 fnt\n|faint|p1a: Butterfree\n|\n|upkeep\n|\n|t:|1699906514\n|switch|p1a: Cottonee|Cottonee, L1, F|100\/100\n|turn|6\n|\n|t:|1699906518\n|switch|p2a: Sableye|Sableye, M|100\/100\n|move|p1a: Cottonee|Leech Seed|p2a: Sableye\n|-hint|Since gen 7, Dark is immune to Prankster moves.\n|-immune|p2a: Sableye\n|\n|upkeep\n|turn|7\n|\n|t:|1699906527\n|switch|p1a: Rotom|Rotom-Heat|100\/100\n|move|p2a: Sableye|Will-O-Wisp|p1a: Rotom\n|-immune|p1a: Rotom\n|\n|upkeep\n|turn|8\n|\n|t:|1699906537\n|move|p2a: Sableye|Light Screen|p2a: Sableye\n|-sidestart|p2: aguinaldo124|move: Light Screen\n|move|p1a: Rotom|Overheat|p2a: Sableye\n|-damage|p2a: Sableye|66\/100\n|-unboost|p1a: Rotom|spa|2\n|\n|upkeep\n|turn|9\n|\n|t:|1699906551\n|move|p2a: Sableye|Reflect|p2a: Sableye\n|-sidestart|p2: aguinaldo124|Reflect\n|move|p1a: Rotom|Defog|p2a: Sableye\n|-unboost|p2a: Sableye|evasion|1\n|-sideend|p2: aguinaldo124|Reflect\n|-sideend|p2: aguinaldo124|move: Light Screen\n|\n|upkeep\n|turn|10\n|\n|t:|1699906567\n|switch|p2a: Tropius|Tropius, M|100\/100\n|move|p1a: Rotom|Volt Switch|p2a: Tropius\n|-crit|p2a: Tropius\n|-damage|p2a: Tropius|76\/100\n|\n|t:|1699906571\n|switch|p1a: Dracovish|Dracovish|100\/100|[from] Volt Switch\n|\n|upkeep\n|turn|11\n|\n|t:|1699906579\n|-terastallize|p1a: Dracovish|Water\n|move|p1a: Dracovish|Fishious Rend|p2a: Tropius\n|-resisted|p2a: Tropius\n|-damage|p2a: Tropius|6\/100\n|-enditem|p2a: Tropius|Sitrus Berry|[eat]\n|-heal|p2a: Tropius|31\/100|[from] item: Sitrus Berry\n|move|p2a: Tropius|Leech Seed|p1a: Dracovish\n|-start|p1a: Dracovish|move: Leech Seed\n|\n|-damage|p1a: Dracovish|88\/100|[from] Leech Seed|[of] p2a: Tropius\n|-heal|p2a: Tropius|41\/100|[silent]\n|-item|p2a: Tropius|Sitrus Berry|[from] ability: Harvest\n|upkeep\n|-enditem|p2a: Tropius|Sitrus Berry|[eat]\n|-heal|p2a: Tropius|66\/100|[from] item: Sitrus Berry\n|turn|12\n|\n|t:|1699906595\n|move|p2a: Tropius|Protect|p2a: Tropius\n|-singleturn|p2a: Tropius|Protect\n|move|p1a: Dracovish|Fishious Rend|p2a: Tropius\n|-activate|p2a: Tropius|move: Protect\n|\n|-damage|p1a: Dracovish|76\/100|[from] Leech Seed|[of] p2a: Tropius\n|-heal|p2a: Tropius|76\/100|[silent]\n|upkeep\n|turn|13\n|\n|t:|1699906608\n|switch|p1a: Rotom|Rotom-Heat|100\/100\n|switch|p2a: Dracovish|Dracovish|20\/100\n|\n|upkeep\n|turn|14\n|\n|t:|1699906622\n|move|p2a: Dracovish|Fishious Rend|p1a: Rotom\n|-supereffective|p1a: Rotom\n|-damage|p1a: Rotom|0 fnt\n|faint|p1a: Rotom\n|\n|upkeep\n|\n|t:|1699906624\n|switch|p1a: Marshadow|Marshadow|100\/100\n|turn|15\n|\n|t:|1699906631\n|move|p1a: Marshadow|Shadow Sneak|p2a: Dracovish\n|-damage|p2a: Dracovish|0 fnt\n|faint|p2a: Dracovish\n|\n|upkeep\n|\n|t:|1699906636\n|switch|p2a: Sableye|Sableye, M|66\/100\n|turn|16\n|\n|t:|1699906641\n|move|p2a: Sableye|Will-O-Wisp|p1a: Marshadow\n|-status|p1a: Marshadow|brn\n|move|p1a: Marshadow|Poltergeist|p2a: Sableye\n|-activate|p2a: Sableye|move: Poltergeist|Light Clay\n|-damage|p2a: Sableye|25\/100\n|\n|-damage|p1a: Marshadow|94\/100 brn|[from] brn\n|upkeep\n|turn|17\n|\n|t:|1699906651\n|move|p2a: Sableye|Recover|p2a: Sableye\n|-heal|p2a: Sableye|75\/100\n|move|p1a: Marshadow|Poltergeist|p2a: Sableye\n|-activate|p2a: Sableye|move: Poltergeist|Light Clay\n|-damage|p2a: Sableye|31\/100\n|\n|-damage|p1a: Marshadow|88\/100 brn|[from] brn\n|upkeep\n|turn|18\n|\n|t:|1699906662\n|move|p1a: Marshadow|Shadow Sneak|p2a: Sableye\n|-damage|p2a: Sableye|8\/100\n|move|p2a: Sableye|Reflect|p2a: Sableye\n|-sidestart|p2: aguinaldo124|Reflect\n|\n|-damage|p1a: Marshadow|82\/100 brn|[from] brn\n|upkeep\n|turn|19\n|\n|t:|1699906669\n|move|p1a: Marshadow|Shadow Sneak|p2a: Sableye\n|-damage|p2a: Sableye|0 fnt\n|faint|p2a: Sableye\n|\n|-damage|p1a: Marshadow|76\/100 brn|[from] brn\n|upkeep\n|\n|t:|1699906676\n|switch|p2a: Chesnaught|Chesnaught, M|100\/100\n|turn|20\n|\n|t:|1699906683\n|move|p1a: Marshadow|Close Combat|p2a: Chesnaught\n|-damage|p2a: Chesnaught|92\/100\n|-unboost|p1a: Marshadow|def|1\n|-unboost|p1a: Marshadow|spd|1\n|move|p2a: Chesnaught|Leech Seed|p1a: Marshadow\n|-start|p1a: Marshadow|move: Leech Seed\n|\n|-heal|p2a: Chesnaught|98\/100|[from] item: Leftovers\n|-damage|p1a: Marshadow|63\/100 brn|[from] Leech Seed|[of] p2a: Chesnaught\n|-heal|p2a: Chesnaught|100\/100|[silent]\n|-damage|p1a: Marshadow|57\/100 brn|[from] brn\n|upkeep\n|turn|21\n|\n|t:|1699906696\n|switch|p1a: Dracovish|Dracovish, tera:Water|76\/100\n|move|p2a: Chesnaught|Knock Off|p1a: Dracovish\n|-damage|p1a: Dracovish|48\/100\n|-enditem|p1a: Dracovish|Choice Scarf|[from] move: Knock Off|[of] p2a: Chesnaught\n|\n|upkeep\n|turn|22\n|\n|t:|1699906704\n|move|p2a: Chesnaught|Spiky Shield|p2a: Chesnaught\n|-singleturn|p2a: Chesnaught|move: Protect\n|move|p1a: Dracovish|Fishious Rend|p2a: Chesnaught\n|-activate|p2a: Chesnaught|move: Protect\n|-damage|p1a: Dracovish|36\/100|[from] Spiky Shield|[of] p2a: Chesnaught\n|\n|upkeep\n|turn|23\n|\n|t:|1699906711\n|move|p1a: Dracovish|Fishious Rend|p2a: Chesnaught\n|-resisted|p2a: Chesnaught\n|-damage|p2a: Chesnaught|80\/100\n|move|p2a: Chesnaught|Leech Seed|p1a: Dracovish\n|-start|p1a: Dracovish|move: Leech Seed\n|\n|-heal|p2a: Chesnaught|86\/100|[from] item: Leftovers\n|-damage|p1a: Dracovish|24\/100|[from] Leech Seed|[of] p2a: Chesnaught\n|-heal|p2a: Chesnaught|96\/100|[silent]\n|upkeep\n|turn|24\n|\n|t:|1699906721\n|switch|p1a: Cottonee|Cottonee, L1, F|100\/100\n|move|p2a: Chesnaught|Spikes|p1a: Cottonee\n|-sidestart|p1: Queijolol|Spikes\n|\n|-heal|p2a: Chesnaught|100\/100|[from] item: Leftovers\n|upkeep\n|turn|25\n|\n|t:|1699906729\n|switch|p2a: Tropius|Tropius, M|76\/100\n|move|p1a: Cottonee|Encore||[still]\n|-fail|p1a: Cottonee\n|\n|-sideend|p2: aguinaldo124|Reflect\n|-item|p2a: Tropius|Sitrus Berry|[from] ability: Harvest\n|upkeep\n|turn|26\n|-message|Queijolol forfeited.\n|\n|win|aguinaldo124\n|raw|Queijolol's rating: 1024 &rarr; <strong>1014<\/strong><br \/>(-10 for losing)\n|raw|aguinaldo124's rating: 1107 &rarr; <strong>1126<\/strong><br \/>(+19 for winning)\n|l|\u2606Queijolol\n|c|\u2606aguinaldo124|L\n","uploadtime":1699906748,"views":7,"p1id":"queijolol","p2id":"aguinaldo124","formatid":"gen9nationaldexubers","rating":1014,"private":0,"password":""}