{"id":"gen9nationaldexubers-1999676920","p1":"Ban Prinplup","p2":"elitextreeza","format":"[Gen 9] National Dex Ubers","log":"|j|\u2606Ban Prinplup\n|j|\u2606elitextreeza\n|t:|1701106939\n|gametype|singles\n|player|p1|Ban Prinplup|hilda|1380\n|player|p2|elitextreeza|169|1359\n|teamsize|p1|6\n|teamsize|p2|6\n|gen|9\n|tier|[Gen 9] National Dex Ubers\n|rated|\n|rule|HP Percentage Mod: HP is shown in percentages\n|rule|Endless Battle Clause: Forcing endless battles is banned\n|rule|OHKO Clause: OHKO moves are banned\n|rule|Evasion Moves Clause: Evasion moves are banned\n|rule|Evasion Items Clause: Evasion items are banned\n|rule|Species Clause: Limit one of each Pok\u00e9mon\n|rule|Sleep Clause Mod: Limit one foe put to sleep\n|rule|Mega Rayquaza Clause: You cannot mega evolve Rayquaza\n|clearpoke\n|poke|p1|Zygarde-10%|\n|poke|p1|Xerneas-*|\n|poke|p1|Yveltal|\n|poke|p1|Marshadow|\n|poke|p1|Groudon|\n|poke|p1|Magearna|\n|poke|p2|Uxie|\n|poke|p2|Slowbro-Galar, M|\n|poke|p2|Groudon|\n|poke|p2|Maushold-Four|\n|poke|p2|Zacian-*|\n|poke|p2|Marshadow|\n|teampreview\n|c|\u2606elitextreeza|GLHF\n|c|\u2606elitextreeza|Oh my god\n|\n|t:|1701106951\n|start\n|switch|p1a: Yveltal|Yveltal|100\/100\n|switch|p2a: Uxie|Uxie|100\/100\n|-ability|p1a: Yveltal|Dark Aura\n|turn|1\n|c|\u2606Ban Prinplup|?\n|\n|t:|1701106957\n|move|p2a: Uxie|Light Screen|p2a: Uxie\n|-sidestart|p2: elitextreeza|move: Light Screen\n|move|p1a: Yveltal|Dark Pulse|p2a: Uxie\n|-supereffective|p2a: Uxie\n|-damage|p2a: Uxie|43\/100\n|\n|upkeep\n|turn|2\n|c|\u2606elitextreeza|Zygarde is my downfall\n|\n|t:|1701106962\n|move|p2a: Uxie|Reflect|p2a: Uxie\n|-sidestart|p2: elitextreeza|Reflect\n|move|p1a: Yveltal|Dark Pulse|p2a: Uxie\n|-supereffective|p2a: Uxie\n|-damage|p2a: Uxie|0 fnt\n|faint|p2a: Uxie\n|\n|upkeep\n|c|\u2606Ban Prinplup|It often is\n|\n|t:|1701106973\n|switch|p2a: Maushold|Maushold-Four|100\/100\n|turn|3\n|\n|t:|1701106980\n|move|p2a: Maushold|Population Bomb|p1a: Yveltal\n|-damage|p1a: Yveltal|90\/100\n|-damage|p1a: Yveltal|79\/100\n|-damage|p1a: Yveltal|69\/100\n|-damage|p1a: Yveltal|56\/100\n|-damage|p1a: Yveltal|45\/100\n|-damage|p1a: Yveltal|33\/100\n|-damage|p1a: Yveltal|21\/100\n|-damage|p1a: Yveltal|10\/100\n|-hitcount|p1a: Yveltal|8\n|move|p1a: Yveltal|Dark Pulse|p2a: Maushold\n|-damage|p2a: Maushold|44\/100\n|\n|upkeep\n|turn|4\n|c|\u2606elitextreeza|Unlucky\n|\n|t:|1701106993\n|move|p1a: Yveltal|Sucker Punch|p2a: Maushold\n|-crit|p2a: Maushold\n|-damage|p2a: Maushold|0 fnt\n|faint|p2a: Maushold\n|\n|upkeep\n|\n|t:|1701106998\n|switch|p2a: Marshadow|Marshadow|100\/100\n|turn|5\n|c|\u2606Ban Prinplup|Quite lucky\n|\n|t:|1701107004\n|move|p2a: Marshadow|Shadow Sneak|p1a: Yveltal\n|-resisted|p1a: Yveltal\n|-damage|p1a: Yveltal|0 fnt\n|faint|p1a: Yveltal\n|\n|upkeep\n|c|\u2606elitextreeza|Wdum\n|\n|t:|1701107010\n|switch|p1a: Magearna|Magearna|100\/100\n|turn|6\n|c|\u2606Ban Prinplup|Crit\n|c|\u2606elitextreeza|I was talking about my kings rock not my pop acc\n|\n|t:|1701107027\n|switch|p2a: Slowbro|Slowbro-Galar, M|100\/100\n|move|p1a: Magearna|Fleur Cannon|p2a: Slowbro\n|-resisted|p2a: Slowbro\n|-damage|p2a: Slowbro|85\/100\n|-unboost|p1a: Magearna|spa|2\n|\n|upkeep\n|turn|7\n|-activate|p2a: Slowbro|item: Quick Claw\n|\n|t:|1701107034\n|switch|p1a: Groudon|Groudon|100\/100\n|detailschange|p1a: Groudon|Groudon-Primal\n|-primal|p1a: Groudon|Red Orb\n|-weather|DesolateLand|[from] ability: Desolate Land|[of] p1a: Groudon\n|move|p2a: Slowbro|Belly Drum|p2a: Slowbro\n|-damage|p2a: Slowbro|35\/100\n|-setboost|p2a: Slowbro|atk|6|[from] move: Belly Drum\n|\n|-weather|DesolateLand|[upkeep]\n|upkeep\n|turn|8\n|c|\u2606elitextreeza|PLEASE SLOW BRO\n|-activate|p2a: Slowbro|item: Quick Claw\n|\n|t:|1701107046\n|move|p2a: Slowbro|Earthquake|p1a: Groudon\n|-supereffective|p1a: Groudon\n|-damage|p1a: Groudon|0 fnt\n|faint|p1a: Groudon\n|-weather|none\n|\n|-sideend|p2: elitextreeza|move: Light Screen\n|upkeep\n|c|\u2606elitextreeza|What a god\n|c|\u2606Ban Prinplup|Omg\n|c|\u2606Ban Prinplup|Belly drum quick claw\n|\n|t:|1701107064\n|switch|p1a: Marshadow|Marshadow|100\/100\n|turn|9\n|c|\u2606elitextreeza|It gets better\n|c|\u2606Ban Prinplup|I need to use that\n|c|\u2606elitextreeza|Unless that thing is sash\n|c|\u2606elitextreeza|Then it gets worse\n|\n|t:|1701107079\n|move|p1a: Marshadow|Spectral Thief||[still]\n|-clearpositiveboost|p2a: Slowbro|p1a: Marshadow|move: Spectral Thief\n|-boost|p1a: Marshadow|atk|6\n|-anim|p1a: Marshadow|Spectral Thief|p2a: Slowbro\n|-supereffective|p2a: Slowbro\n|-damage|p2a: Slowbro|0 fnt\n|faint|p2a: Slowbro\n|\n|-sideend|p2: elitextreeza|Reflect\n|upkeep\n|\n|t:|1701107083\n|switch|p2a: Marshadow|Marshadow|100\/100\n|turn|10\n|\n|t:|1701107091\n|move|p1a: Marshadow|Shadow Sneak|p2a: Marshadow\n|-supereffective|p2a: Marshadow\n|-enditem|p2a: Marshadow|Focus Sash\n|-damage|p2a: Marshadow|1\/100\n|move|p2a: Marshadow|Spectral Thief||[still]\n|-clearpositiveboost|p1a: Marshadow|p2a: Marshadow|move: Spectral Thief\n|-boost|p2a: Marshadow|atk|6\n|-anim|p2a: Marshadow|Spectral Thief|p1a: Marshadow\n|-supereffective|p1a: Marshadow\n|-enditem|p1a: Marshadow|Focus Sash\n|-damage|p1a: Marshadow|1\/100\n|\n|upkeep\n|turn|11\n|\n|t:|1701107098\n|move|p1a: Marshadow|Shadow Sneak|p2a: Marshadow\n|-supereffective|p2a: Marshadow\n|-damage|p2a: Marshadow|0 fnt\n|faint|p2a: Marshadow\n|\n|upkeep\n|c|\u2606elitextreeza|Speed tie?\n|c|\u2606elitextreeza|SPEED TIE\n|c|\u2606elitextreeza|Son of a bitch\n|c|\u2606Ban Prinplup|I'm a lucky guy\n|\n|t:|1701107111\n|switch|p2a: Zacian|Zacian-Crowned|100\/100\n|-ability|p2a: Zacian|Intrepid Sword|boost\n|-boost|p2a: Zacian|atk|1\n|turn|12\n|c|\u2606Ban Prinplup|what can I say\n|\n|t:|1701107118\n|move|p2a: Zacian|Behemoth Blade|p1a: Marshadow\n|-crit|p1a: Marshadow\n|-damage|p1a: Marshadow|0 fnt\n|faint|p1a: Marshadow\n|\n|upkeep\n|\n|t:|1701107125\n|switch|p1a: Magearna|Magearna|100\/100\n|turn|13\n|\n|t:|1701107130\n|move|p2a: Zacian|Behemoth Blade|p1a: Magearna\n|-damage|p1a: Magearna|34\/100\n|move|p1a: Magearna|Hidden Power|p2a: Zacian\n|-supereffective|p2a: Zacian\n|-damage|p2a: Zacian|68\/100\n|\n|upkeep\n|turn|14\n|\n|t:|1701107139\n|-terastallize|p2a: Zacian|Flying\n|move|p2a: Zacian|Swords Dance|p2a: Zacian\n|-boost|p2a: Zacian|atk|2\n|move|p1a: Magearna|Hidden Power|p2a: Zacian\n|-damage|p2a: Zacian|52\/100\n|\n|upkeep\n|turn|15\n|c|\u2606elitextreeza|HP fire\n|c|\u2606elitextreeza|Damn\n|\n|t:|1701107149\n|move|p2a: Zacian|Behemoth Blade|p1a: Magearna\n|-damage|p1a: Magearna|0 fnt\n|faint|p1a: Magearna\n|\n|upkeep\n|\n|t:|1701107165\n|switch|p1a: Xerneas|Xerneas|100\/100\n|-ability|p1a: Xerneas|Fairy Aura\n|turn|16\n|\n|t:|1701107172\n|-terastallize|p1a: Xerneas|Steel\n|move|p2a: Zacian|Behemoth Blade|p1a: Xerneas\n|-resisted|p1a: Xerneas\n|-damage|p1a: Xerneas|33\/100\n|move|p1a: Xerneas|Geomancy||[still]\n|-prepare|p1a: Xerneas|Geomancy\n|-enditem|p1a: Xerneas|Power Herb\n|-anim|p1a: Xerneas|Geomancy|p1a: Xerneas\n|-boost|p1a: Xerneas|spa|2\n|-boost|p1a: Xerneas|spd|2\n|-boost|p1a: Xerneas|spe|2\n|\n|upkeep\n|turn|17\n|\n|t:|1701107183\n|move|p1a: Xerneas|Moonblast|p2a: Zacian\n|-damage|p2a: Zacian|0 fnt\n|faint|p2a: Zacian\n|\n|upkeep\n|\n|t:|1701107186\n|switch|p2a: Groudon|Groudon, shiny|100\/100\n|detailschange|p2a: Groudon|Groudon-Primal, shiny\n|-primal|p2a: Groudon|Red Orb\n|-weather|DesolateLand|[from] ability: Desolate Land|[of] p2a: Groudon\n|turn|18\n|\n|t:|1701107195\n|move|p1a: Xerneas|Psyshock|p2a: Groudon\n|-damage|p2a: Groudon|68\/100\n|move|p2a: Groudon|Earthquake|p1a: Xerneas\n|-supereffective|p1a: Xerneas\n|-damage|p1a: Xerneas|0 fnt\n|faint|p1a: Xerneas\n|\n|-weather|DesolateLand|[upkeep]\n|upkeep\n|\n|t:|1701107199\n|switch|p1a: Zygarde|Zygarde-10%|100\/100\n|turn|19\n|c|\u2606elitextreeza|Ion think I win this\n|\n|t:|1701107204\n|move|p1a: Zygarde|Dragon Dance|p1a: Zygarde\n|-boost|p1a: Zygarde|atk|1\n|-boost|p1a: Zygarde|spe|1\n|move|p2a: Groudon|Bulk Up|p2a: Groudon\n|-boost|p2a: Groudon|atk|1\n|-boost|p2a: Groudon|def|1\n|\n|-weather|DesolateLand|[upkeep]\n|upkeep\n|turn|20\n|c|\u2606Ban Prinplup|Me too :(\n|\n|t:|1701107212\n|move|p1a: Zygarde|Dragon Dance|p1a: Zygarde\n|-boost|p1a: Zygarde|atk|1\n|-boost|p1a: Zygarde|spe|1\n|move|p2a: Groudon|Bulk Up|p2a: Groudon\n|-boost|p2a: Groudon|atk|1\n|-boost|p2a: Groudon|def|1\n|\n|-weather|DesolateLand|[upkeep]\n|upkeep\n|turn|21\n|\n|t:|1701107217\n|move|p1a: Zygarde|Dragon Dance|p1a: Zygarde\n|-boost|p1a: Zygarde|atk|1\n|-boost|p1a: Zygarde|spe|1\n|move|p2a: Groudon|Earthquake|p1a: Zygarde\n|-enditem|p1a: Zygarde|Focus Sash\n|-damage|p1a: Zygarde|1\/100\n|\n|-weather|DesolateLand|[upkeep]\n|-activate|p1a: Zygarde|ability: Power Construct\n|detailschange|p1a: Zygarde|Zygarde-Complete\n|-heal|p1a: Zygarde|57\/100|[silent]\n|upkeep\n|turn|22\n|c|\u2606elitextreeza|BRO\n|c|\u2606elitextreeza|Nah\n|c|\u2606elitextreeza|gg\n|\n|t:|1701107228\n|move|p1a: Zygarde|Outrage|p2a: Groudon\n|-damage|p2a: Groudon|24\/100\n|move|p2a: Groudon|Earthquake|p1a: Zygarde\n|-damage|p1a: Zygarde|1\/100\n|\n|-weather|DesolateLand|[upkeep]\n|upkeep\n|turn|23\n|c|\u2606Ban Prinplup|Gg\n|\n|t:|1701107236\n|move|p1a: Zygarde|Outrage|p2a: Groudon|[from]lockedmove\n|-damage|p2a: Groudon|0 fnt\n|faint|p2a: Groudon\n|-weather|none\n|\n|win|Ban Prinplup\n|raw|Ban Prinplup's rating: 1380 &rarr; <strong>1399<\/strong><br \/>(+19 for winning)\n|raw|elitextreeza's rating: 1359 &rarr; <strong>1340<\/strong><br \/>(-19 for losing)\n","uploadtime":1701107105,"views":1,"p1id":"banprinplup","p2id":"elitextreeza","formatid":"gen9nationaldexubers","rating":1340,"private":0,"password":""}