{"id":"gen9nationaldexubers-1997720976","p1":"JustMonika_CARR","p2":"Storm2218","format":"[Gen 9] National Dex Ubers","log":"|j|\u2606JustMonika_CARR\n|j|\u2606Storm2218\n|t:|1700845552\n|gametype|singles\n|player|p1|JustMonika_CARR|rosa|1414\n|player|p2|Storm2218|ethan|1418\n|teamsize|p1|6\n|teamsize|p2|6\n|gen|9\n|tier|[Gen 9] National Dex Ubers\n|rated|\n|rule|HP Percentage Mod: HP is shown in percentages\n|rule|Endless Battle Clause: Forcing endless battles is banned\n|rule|OHKO Clause: OHKO moves are banned\n|rule|Evasion Moves Clause: Evasion moves are banned\n|rule|Evasion Items Clause: Evasion items are banned\n|rule|Species Clause: Limit one of each Pok\u00e9mon\n|rule|Sleep Clause Mod: Limit one foe put to sleep\n|rule|Mega Rayquaza Clause: You cannot mega evolve Rayquaza\n|clearpoke\n|poke|p1|Marshadow|\n|poke|p1|Pheromosa|\n|poke|p1|Gothitelle, F|\n|poke|p1|Deoxys-Speed|\n|poke|p1|Arceus|\n|poke|p1|Durant, F|\n|poke|p2|Palafin, F|\n|poke|p2|Marshadow|\n|poke|p2|Zacian-*|\n|poke|p2|Great Tusk|\n|poke|p2|Kyogre|\n|poke|p2|Eternatus|\n|teampreview\n|c|\u2606JustMonika_CARR|Glhf\n|inactive|Battle timer is ON: inactive players will automatically lose when time's up. (requested by Storm2218)\n|\n|t:|1700845567\n|start\n|switch|p1a: Deoxys|Deoxys-Speed, shiny|100\/100\n|switch|p2a: Great Tusk|Great Tusk|100\/100\n|-ability|p1a: Deoxys|Pressure\n|turn|1\n|c|\u2606Storm2218|glhf\n|\n|t:|1700845573\n|move|p1a: Deoxys|Reflect|p1a: Deoxys\n|-sidestart|p1: JustMonika_CARR|Reflect\n|move|p2a: Great Tusk|Stealth Rock|p1a: Deoxys\n|-sidestart|p1: JustMonika_CARR|move: Stealth Rock\n|\n|upkeep\n|turn|2\n|\n|t:|1700845577\n|move|p1a: Deoxys|Toxic|p2a: Great Tusk\n|-status|p2a: Great Tusk|tox\n|move|p2a: Great Tusk|Headlong Rush|p1a: Deoxys\n|-damage|p1a: Deoxys|59\/100\n|-unboost|p2a: Great Tusk|def|1\n|-unboost|p2a: Great Tusk|spd|1\n|\n|-damage|p2a: Great Tusk|94\/100 tox|[from] psn\n|upkeep\n|turn|3\n|\n|t:|1700845584\n|move|p1a: Deoxys|Light Screen|p1a: Deoxys\n|-sidestart|p1: JustMonika_CARR|move: Light Screen\n|move|p2a: Great Tusk|Headlong Rush|p1a: Deoxys\n|-crit|p1a: Deoxys\n|-damage|p1a: Deoxys|0 fnt\n|-unboost|p2a: Great Tusk|def|1\n|-unboost|p2a: Great Tusk|spd|1\n|faint|p1a: Deoxys\n|\n|-damage|p2a: Great Tusk|82\/100 tox|[from] psn\n|upkeep\n|\n|t:|1700845595\n|switch|p1a: Pheromosa|Pheromosa, shiny|100\/100\n|-damage|p1a: Pheromosa|88\/100|[from] Stealth Rock\n|turn|4\n|\n|t:|1700845601\n|move|p1a: Pheromosa|Rapid Spin|p2a: Great Tusk\n|-damage|p2a: Great Tusk|60\/100 tox\n|-boost|p1a: Pheromosa|spe|1\n|-sideend|p1: JustMonika_CARR|Stealth Rock|[from] move: Rapid Spin|[of] p1a: Pheromosa\n|move|p2a: Great Tusk|Headlong Rush|p1a: Pheromosa\n|-resisted|p1a: Pheromosa\n|-damage|p1a: Pheromosa|46\/100\n|-unboost|p2a: Great Tusk|def|1\n|-unboost|p2a: Great Tusk|spd|1\n|\n|-damage|p2a: Great Tusk|42\/100 tox|[from] psn\n|upkeep\n|turn|5\n|\n|t:|1700845607\n|move|p1a: Pheromosa|Ice Beam|p2a: Great Tusk\n|-supereffective|p2a: Great Tusk\n|-damage|p2a: Great Tusk|0 fnt\n|faint|p2a: Great Tusk\n|-end|p2a: Great Tusk|Protosynthesis|[silent]\n|-ability|p1a: Pheromosa|Beast Boost|boost\n|-boost|p1a: Pheromosa|spa|1\n|\n|upkeep\n|\n|t:|1700845613\n|switch|p2a: Marshadow|Marshadow|100\/100\n|turn|6\n|\n|t:|1700845616\n|switch|p1a: Arceus|Arceus|100\/100\n|move|p2a: Marshadow|Spectral Thief|p1a: Arceus\n|-immune|p1a: Arceus\n|\n|upkeep\n|turn|7\n|\n|t:|1700845620\n|switch|p2a: Zacian|Zacian-Crowned|100\/100\n|-ability|p2a: Zacian|Intrepid Sword|boost\n|-boost|p2a: Zacian|atk|1\n|move|p1a: Arceus|Cosmic Power|p1a: Arceus\n|-boost|p1a: Arceus|def|1\n|-boost|p1a: Arceus|spd|1\n|\n|upkeep\n|turn|8\n|\n|t:|1700845622\n|move|p2a: Zacian|Close Combat|p1a: Arceus\n|-supereffective|p1a: Arceus\n|-damage|p1a: Arceus|76\/100\n|-unboost|p2a: Zacian|def|1\n|-unboost|p2a: Zacian|spd|1\n|move|p1a: Arceus|Cosmic Power|p1a: Arceus\n|-boost|p1a: Arceus|def|1\n|-boost|p1a: Arceus|spd|1\n|\n|-sideend|p1: JustMonika_CARR|Reflect\n|upkeep\n|turn|9\n|\n|t:|1700845631\n|move|p2a: Zacian|Behemoth Blade|p1a: Arceus\n|-damage|p1a: Arceus|50\/100\n|move|p1a: Arceus|Cosmic Power|p1a: Arceus\n|-boost|p1a: Arceus|def|1\n|-boost|p1a: Arceus|spd|1\n|\n|upkeep\n|turn|10\n|\n|t:|1700845646\n|move|p2a: Zacian|Close Combat|p1a: Arceus\n|-supereffective|p1a: Arceus\n|-damage|p1a: Arceus|20\/100\n|-unboost|p2a: Zacian|def|1\n|-unboost|p2a: Zacian|spd|1\n|move|p1a: Arceus|Rest|p1a: Arceus\n|-status|p1a: Arceus|slp|[from] move: Rest\n|-heal|p1a: Arceus|100\/100 slp|[silent]\n|-enditem|p1a: Arceus|Chesto Berry|[eat]\n|-curestatus|p1a: Arceus|slp|[msg]\n|\n|-sideend|p1: JustMonika_CARR|move: Light Screen\n|upkeep\n|turn|11\n|\n|t:|1700845651\n|move|p2a: Zacian|Close Combat|p1a: Arceus\n|-supereffective|p1a: Arceus\n|-damage|p1a: Arceus|67\/100\n|-unboost|p2a: Zacian|def|1\n|-unboost|p2a: Zacian|spd|1\n|move|p1a: Arceus|Cosmic Power|p1a: Arceus\n|-boost|p1a: Arceus|def|1\n|-boost|p1a: Arceus|spd|1\n|\n|upkeep\n|turn|12\n|\n|t:|1700845654\n|move|p2a: Zacian|Close Combat|p1a: Arceus\n|-supereffective|p1a: Arceus\n|-damage|p1a: Arceus|40\/100\n|-unboost|p2a: Zacian|def|1\n|-unboost|p2a: Zacian|spd|1\n|move|p1a: Arceus|Cosmic Power|p1a: Arceus\n|-boost|p1a: Arceus|def|1\n|-boost|p1a: Arceus|spd|1\n|\n|upkeep\n|turn|13\n|\n|t:|1700845657\n|move|p2a: Zacian|Close Combat|p1a: Arceus\n|-supereffective|p1a: Arceus\n|-damage|p1a: Arceus|18\/100\n|-unboost|p2a: Zacian|def|1\n|-unboost|p2a: Zacian|spd|1\n|move|p1a: Arceus|Rest|p1a: Arceus\n|-status|p1a: Arceus|slp|[from] move: Rest\n|-heal|p1a: Arceus|100\/100 slp|[silent]\n|\n|upkeep\n|turn|14\n|\n|t:|1700845663\n|move|p2a: Zacian|Close Combat|p1a: Arceus\n|-supereffective|p1a: Arceus\n|-damage|p1a: Arceus|75\/100 slp\n|-unboost|p2a: Zacian|def|1\n|-unboost|p2a: Zacian|spd|1\n|cant|p1a: Arceus|slp\n|\n|upkeep\n|turn|15\n|\n|t:|1700845670\n|move|p2a: Zacian|Close Combat|p1a: Arceus\n|-supereffective|p1a: Arceus\n|-damage|p1a: Arceus|54\/100 slp\n|cant|p1a: Arceus|slp\n|\n|upkeep\n|turn|16\n|\n|t:|1700845676\n|move|p2a: Zacian|Close Combat|p1a: Arceus\n|-supereffective|p1a: Arceus\n|-damage|p1a: Arceus|30\/100 slp\n|-curestatus|p1a: Arceus|slp|[msg]\n|move|p1a: Arceus|Cosmic Power|p1a: Arceus\n|-boost|p1a: Arceus|def|1\n|-boost|p1a: Arceus|spd|1\n|\n|upkeep\n|turn|17\n|\n|t:|1700845682\n|move|p2a: Zacian|Behemoth Blade|p1a: Arceus\n|-damage|p1a: Arceus|16\/100\n|move|p1a: Arceus|Rest|p1a: Arceus\n|-status|p1a: Arceus|slp|[from] move: Rest\n|-heal|p1a: Arceus|100\/100 slp|[silent]\n|\n|upkeep\n|turn|18\n|\n|t:|1700845691\n|switch|p2a: Marshadow|Marshadow|100\/100\n|cant|p1a: Arceus|slp\n|\n|upkeep\n|turn|19\n|\n|t:|1700845694\n|move|p2a: Marshadow|Close Combat|p1a: Arceus\n|-supereffective|p1a: Arceus\n|-damage|p1a: Arceus|83\/100 slp\n|-unboost|p2a: Marshadow|def|1\n|-unboost|p2a: Marshadow|spd|1\n|cant|p1a: Arceus|slp\n|\n|upkeep\n|turn|20\n|\n|t:|1700845698\n|move|p2a: Marshadow|Close Combat|p1a: Arceus\n|-supereffective|p1a: Arceus\n|-damage|p1a: Arceus|66\/100 slp\n|-unboost|p2a: Marshadow|def|1\n|-unboost|p2a: Marshadow|spd|1\n|-curestatus|p1a: Arceus|slp|[msg]\n|move|p1a: Arceus|Charge Beam|p2a: Marshadow|[miss]\n|-miss|p1a: Arceus|p2a: Marshadow\n|\n|upkeep\n|turn|21\n|\n|t:|1700845702\n|move|p2a: Marshadow|Close Combat|p1a: Arceus\n|-supereffective|p1a: Arceus\n|-damage|p1a: Arceus|48\/100\n|-unboost|p2a: Marshadow|def|1\n|-unboost|p2a: Marshadow|spd|1\n|move|p1a: Arceus|Charge Beam|p2a: Marshadow\n|-damage|p2a: Marshadow|60\/100\n|-boost|p1a: Arceus|spa|1\n|\n|upkeep\n|turn|22\n|\n|t:|1700845708\n|move|p2a: Marshadow|Close Combat|p1a: Arceus\n|-supereffective|p1a: Arceus\n|-damage|p1a: Arceus|30\/100\n|-unboost|p2a: Marshadow|def|1\n|-unboost|p2a: Marshadow|spd|1\n|move|p1a: Arceus|Charge Beam|p2a: Marshadow|[miss]\n|-miss|p1a: Arceus|p2a: Marshadow\n|\n|upkeep\n|turn|23\n|\n|t:|1700845712\n|move|p2a: Marshadow|Close Combat|p1a: Arceus\n|-supereffective|p1a: Arceus\n|-damage|p1a: Arceus|11\/100\n|-unboost|p2a: Marshadow|def|1\n|-unboost|p2a: Marshadow|spd|1\n|move|p1a: Arceus|Rest|p1a: Arceus\n|-status|p1a: Arceus|slp|[from] move: Rest\n|-heal|p1a: Arceus|100\/100 slp|[silent]\n|\n|upkeep\n|turn|24\n|\n|t:|1700845716\n|move|p2a: Marshadow|Close Combat|p1a: Arceus\n|-supereffective|p1a: Arceus\n|-damage|p1a: Arceus|82\/100 slp\n|-unboost|p2a: Marshadow|def|1\n|-unboost|p2a: Marshadow|spd|1\n|cant|p1a: Arceus|slp\n|\n|upkeep\n|turn|25\n|\n|t:|1700845723\n|move|p2a: Marshadow|Close Combat|p1a: Arceus\n|-supereffective|p1a: Arceus\n|-damage|p1a: Arceus|65\/100 slp\n|cant|p1a: Arceus|slp\n|\n|upkeep\n|turn|26\n|\n|t:|1700845729\n|move|p2a: Marshadow|Close Combat|p1a: Arceus\n|-supereffective|p1a: Arceus\n|-damage|p1a: Arceus|45\/100 slp\n|-curestatus|p1a: Arceus|slp|[msg]\n|move|p1a: Arceus|Charge Beam|p2a: Marshadow|[miss]\n|-miss|p1a: Arceus|p2a: Marshadow\n|\n|upkeep\n|turn|27\n|\n|t:|1700845734\n|move|p2a: Marshadow|Rock Tomb|p1a: Arceus\n|-damage|p1a: Arceus|41\/100\n|-unboost|p1a: Arceus|spe|1\n|move|p1a: Arceus|Charge Beam|p2a: Marshadow\n|-crit|p2a: Marshadow\n|-damage|p2a: Marshadow|0 fnt\n|-boost|p1a: Arceus|spa|1\n|faint|p2a: Marshadow\n|\n|upkeep\n|\n|t:|1700845740\n|switch|p2a: Eternatus|Eternatus|100\/100\n|-ability|p2a: Eternatus|Pressure\n|turn|28\n|\n|t:|1700845744\n|move|p2a: Eternatus|Sludge Bomb|p1a: Arceus\n|-damage|p1a: Arceus|34\/100\n|move|p1a: Arceus|Stored Power|p2a: Eternatus\n|-supereffective|p2a: Eternatus\n|-damage|p2a: Eternatus|0 fnt\n|faint|p2a: Eternatus\n|\n|upkeep\n|\n|t:|1700845748\n|switch|p2a: Zacian|Zacian-Crowned|100\/100\n|turn|29\n|\n|t:|1700845754\n|move|p2a: Zacian|Behemoth Blade|p1a: Arceus\n|-damage|p1a: Arceus|25\/100\n|move|p1a: Arceus|Rest|p1a: Arceus\n|-status|p1a: Arceus|slp|[from] move: Rest\n|-heal|p1a: Arceus|100\/100 slp|[silent]\n|\n|upkeep\n|turn|30\n|-message|Storm2218 forfeited.\n|\n|win|JustMonika_CARR\n|raw|JustMonika_CARR's rating: 1414 &rarr; <strong>1434<\/strong><br \/>(+20 for winning)\n|raw|Storm2218's rating: 1418 &rarr; <strong>1398<\/strong><br \/>(-20 for losing)\n|l|\u2606Storm2218\n","uploadtime":1700845762,"views":1,"p1id":"justmonikacarr","p2id":"storm2218","formatid":"gen9nationaldexubers","rating":1398,"private":0,"password":""}