{"id":"gen9nationaldexubers-1985225156","p1":"Hussumon2","p2":"Just B3A$T","format":"[Gen 9] National Dex Ubers","log":"|j|\u2606Hussumon2\n|j|\u2606Just B3A$T\n|t:|1699351625\n|gametype|singles\n|player|p1|Hussumon2|steven|\n|player|p2|Just B3A$T|bruno|\n|teamsize|p1|6\n|teamsize|p2|6\n|gen|9\n|tier|[Gen 9] National Dex Ubers\n|rule|HP Percentage Mod: HP is shown in percentages\n|rule|Endless Battle Clause: Forcing endless battles is banned\n|rule|OHKO Clause: OHKO moves are banned\n|rule|Evasion Moves Clause: Evasion moves are banned\n|rule|Evasion Items Clause: Evasion items are banned\n|rule|Species Clause: Limit one of each Pok\u00e9mon\n|rule|Sleep Clause Mod: Limit one foe put to sleep\n|rule|Mega Rayquaza Clause: You cannot mega evolve Rayquaza\n|clearpoke\n|poke|p1|Roaring Moon|\n|poke|p1|Diancie|\n|poke|p1|Heatran, M|\n|poke|p1|Rotom-Wash|\n|poke|p1|Gliscor, F|\n|poke|p1|Serperior, M|\n|poke|p2|Landorus-Therian, M|\n|poke|p2|Genesect|\n|poke|p2|Mawile, F|\n|poke|p2|Heatran, M|\n|poke|p2|Empoleon, M|\n|poke|p2|Corviknight, M|\n|teampreview\n|inactive|Battle timer is ON: inactive players will automatically lose when time's up. (requested by Hussumon2)\n|inactive|Just B3A$T also wants the timer to be on.\n|c|\u2606Hussumon2|Ah thank god\n|c|\u2606Just B3A$T|it was tough deciding a team\n|c|\u2606Hussumon2|No celesteela\n|c|\u2606Just B3A$T|but well\n|c|\u2606Just B3A$T|yes\n|inactive|Just B3A$T has 270 seconds left.\n|\n|t:|1699351658\n|start\n|switch|p1a: Rotom|Rotom-Wash|100\/100\n|switch|p2a: Lion Up!!!|Landorus-Therian, M|100\/100\n|-ability|p2a: Lion Up!!!|Intimidate|boost\n|-unboost|p1a: Rotom|atk|1\n|turn|1\n|\n|t:|1699351661\n|switch|p2a: Paladin|Empoleon, M|100\/100\n|move|p1a: Rotom|Will-O-Wisp|p2a: Paladin|[miss]\n|-miss|p1a: Rotom|p2a: Paladin\n|\n|upkeep\n|turn|2\n|\n|t:|1699351668\n|move|p2a: Paladin|Agility|p2a: Paladin\n|-boost|p2a: Paladin|spe|2\n|move|p1a: Rotom|Will-O-Wisp|p2a: Paladin\n|-status|p2a: Paladin|brn\n|\n|-damage|p2a: Paladin|94\/100 brn|[from] brn\n|upkeep\n|turn|3\n|\n|t:|1699351676\n|move|p2a: Paladin|Grass Knot|p1a: Rotom\n|-supereffective|p1a: Rotom\n|-damage|p1a: Rotom|87\/100\n|move|p1a: Rotom|Volt Switch|p2a: Paladin\n|-supereffective|p2a: Paladin\n|-damage|p2a: Paladin|35\/100 brn\n|-enditem|p2a: Paladin|Weakness Policy\n|-boost|p2a: Paladin|atk|2|[from] item: Weakness Policy\n|-boost|p2a: Paladin|spa|2|[from] item: Weakness Policy\n|\n|t:|1699351698\n|switch|p1a: Gliscor|Gliscor, F|100\/100|[from] Volt Switch\n|\n|-damage|p2a: Paladin|29\/100 brn|[from] brn\n|-status|p1a: Gliscor|tox|[from] item: Toxic Orb\n|upkeep\n|turn|4\n|\n|t:|1699351708\n|move|p2a: Paladin|Hydro Pump|p1a: Gliscor\n|-supereffective|p1a: Gliscor\n|-damage|p1a: Gliscor|0 fnt\n|faint|p1a: Gliscor\n|\n|-damage|p2a: Paladin|23\/100 brn|[from] brn\n|upkeep\n|\n|t:|1699351712\n|switch|p1a: Serperior|Serperior, M|100\/100\n|turn|5\n|\n|t:|1699351717\n|move|p2a: Paladin|Ice Beam|p1a: Serperior\n|-supereffective|p1a: Serperior\n|-damage|p1a: Serperior|0 fnt\n|faint|p1a: Serperior\n|\n|-damage|p2a: Paladin|17\/100 brn|[from] brn\n|upkeep\n|\n|t:|1699351721\n|switch|p1a: Rotom|Rotom-Wash|87\/100\n|turn|6\n|\n|t:|1699351725\n|move|p2a: Paladin|Hydro Pump|p1a: Rotom\n|-resisted|p1a: Rotom\n|-damage|p1a: Rotom|36\/100\n|move|p1a: Rotom|Hydro Pump|p2a: Paladin\n|-resisted|p2a: Paladin\n|-damage|p2a: Paladin|0 fnt\n|faint|p2a: Paladin\n|\n|-heal|p1a: Rotom|42\/100|[from] item: Leftovers\n|upkeep\n|c|\u2606Just B3A$T|dang\n|\n|t:|1699351734\n|switch|p2a: Insecticon|Genesect, shiny|100\/100\n|-ability|p2a: Insecticon|Download|boost\n|-boost|p2a: Insecticon|spa|1\n|turn|7\n|\n|t:|1699351739\n|move|p2a: Insecticon|U-turn|p1a: Rotom\n|-damage|p1a: Rotom|6\/100\n|\n|t:|1699351743\n|switch|p2a: Krakatoa|Heatran, M|100\/100|[from] U-turn\n|move|p1a: Rotom|Will-O-Wisp|p2a: Krakatoa\n|-start|p2a: Krakatoa|ability: Flash Fire\n|\n|-heal|p1a: Rotom|12\/100|[from] item: Leftovers\n|upkeep\n|turn|8\n|\n|t:|1699351749\n|switch|p1a: Heatran|Heatran, M|100\/100\n|move|p2a: Krakatoa|Power Gem|p1a: Heatran\n|-damage|p1a: Heatran|83\/100\n|\n|-heal|p1a: Heatran|89\/100|[from] item: Leftovers\n|upkeep\n|turn|9\n|\n|t:|1699351756\n|-end|p2a: Krakatoa|ability: Flash Fire|[silent]\n|switch|p2a: Lion Up!!!|Landorus-Therian, M|100\/100\n|-ability|p2a: Lion Up!!!|Intimidate|boost\n|-unboost|p1a: Heatran|atk|1\n|-terastallize|p1a: Heatran|Ground\n|move|p1a: Heatran|Earth Power|p2a: Lion Up!!!\n|-immune|p2a: Lion Up!!!\n|\n|-heal|p1a: Heatran|95\/100|[from] item: Leftovers\n|upkeep\n|turn|10\n|\n|t:|1699351760\n|move|p2a: Lion Up!!!|Rock Polish|p2a: Lion Up!!!\n|-boost|p2a: Lion Up!!!|spe|2\n|move|p1a: Heatran|Magma Storm|p2a: Lion Up!!!|[miss]\n|-miss|p1a: Heatran|p2a: Lion Up!!!\n|\n|-heal|p1a: Heatran|100\/100|[from] item: Leftovers\n|upkeep\n|turn|11\n|\n|t:|1699351766\n|move|p2a: Lion Up!!!|Swords Dance|p2a: Lion Up!!!\n|-boost|p2a: Lion Up!!!|atk|2\n|move|p1a: Heatran|Magma Storm|p2a: Lion Up!!!|[miss]\n|-miss|p1a: Heatran|p2a: Lion Up!!!\n|\n|upkeep\n|turn|12\n|c|\u2606Hussumon2|Love it but I play super bad\n|\n|t:|1699351785\n|move|p2a: Lion Up!!!|Earthquake|p1a: Heatran\n|-damage|p1a: Heatran|1\/100\n|move|p1a: Heatran|Magma Storm|p2a: Lion Up!!!\n|-damage|p2a: Lion Up!!!|42\/100\n|-activate|p2a: Lion Up!!!|move: Magma Storm|[of] p1a: Heatran\n|\n|-heal|p2a: Lion Up!!!|48\/100|[from] item: Leftovers\n|-heal|p1a: Heatran|7\/100|[from] item: Leftovers\n|-damage|p2a: Lion Up!!!|36\/100|[from] move: Magma Storm|[partiallytrapped]\n|upkeep\n|turn|13\n|c|\u2606Just B3A$T|that's why i dont use magma storm\n|c|\u2606Just B3A$T|shit accuracy\n|\n|t:|1699351802\n|switch|p1a: Rotom|Rotom-Wash|12\/100\n|move|p2a: Lion Up!!!|Earthquake|p1a: Rotom\n|-immune|p1a: Rotom|[from] ability: Levitate\n|\n|-heal|p2a: Lion Up!!!|42\/100|[from] item: Leftovers\n|-heal|p1a: Rotom|18\/100|[from] item: Leftovers\n|-end|p2a: Lion Up!!!|Magma Storm|[partiallytrapped]|[silent]\n|upkeep\n|turn|14\n|\n|t:|1699351822\n|move|p2a: Lion Up!!!|Stone Edge|p1a: Rotom\n|-damage|p1a: Rotom|0 fnt\n|faint|p1a: Rotom\n|\n|-heal|p2a: Lion Up!!!|48\/100|[from] item: Leftovers\n|upkeep\n|\n|t:|1699351825\n|switch|p1a: Roaring Moon|Roaring Moon|100\/100\n|turn|15\n|\n|t:|1699351829\n|move|p2a: Lion Up!!!|Earthquake|p1a: Roaring Moon\n|-damage|p1a: Roaring Moon|0 fnt\n|faint|p1a: Roaring Moon\n|-end|p1a: Roaring Moon|Protosynthesis|[silent]\n|\n|-heal|p2a: Lion Up!!!|53\/100|[from] item: Leftovers\n|upkeep\n|c|\u2606Just B3A$T|well\n|c|\u2606Just B3A$T|gg\n|-message|Hussumon2 forfeited.\n|\n|win|Just B3A$T\n|l|\u2606Hussumon2\n","uploadtime":1699351846,"views":4,"p1id":"hussumon2","p2id":"justb3at","formatid":"gen9nationaldexubers","rating":0,"private":0,"password":""}