{"id":"gen9nationaldexubers-1997898298","p1":"MrBearmanchild","p2":"MiraGraves","format":"[Gen 9] National Dex Ubers","log":"|j|\u2606MrBearmanchild\n|j|\u2606MiraGraves\n|t:|1700865062\n|gametype|singles\n|player|p1|MrBearmanchild|1|\n|player|p2|MiraGraves|psychicf-gen4|\n|teamsize|p1|6\n|teamsize|p2|6\n|gen|9\n|tier|[Gen 9] National Dex Ubers\n|rule|HP Percentage Mod: HP is shown in percentages\n|rule|Endless Battle Clause: Forcing endless battles is banned\n|rule|OHKO Clause: OHKO moves are banned\n|rule|Evasion Moves Clause: Evasion moves are banned\n|rule|Evasion Items Clause: Evasion items are banned\n|rule|Species Clause: Limit one of each Pok\u00e9mon\n|rule|Sleep Clause Mod: Limit one foe put to sleep\n|rule|Mega Rayquaza Clause: You cannot mega evolve Rayquaza\n|clearpoke\n|poke|p1|Palkia-Origin|\n|poke|p1|Urshifu-*, M|\n|poke|p1|Garchomp, F|\n|poke|p1|Samurott-Hisui, M|\n|poke|p1|Gliscor, F|\n|poke|p1|Torterra, M|\n|poke|p2|Ninetales-Alola, M|\n|poke|p2|Magearna|\n|poke|p2|Baxcalibur, M|\n|poke|p2|Heatran, M|\n|poke|p2|Victini|\n|poke|p2|Landorus-Therian, M|\n|teampreview\n|c|\u2606MrBearmanchild|Glhf\n|inactive|Battle timer is ON: inactive players will automatically lose when time's up. (requested by MrBearmanchild)\n|inactiveoff|Battle timer is now OFF.\n|l|\u2606MrBearmanchild\n|player|p1|\n|j|\u2606MrBearmanchild\n|player|p1|MrBearmanchild|1\n|c|\u2606MiraGraves|I think you have two ubers\n|c|\u2606MrBearmanchild|Nop\n|c|\u2606MrBearmanchild|its not single strike\n|c|\u2606MrBearmanchild|Talked about this in my channel earlier\n|\n|t:|1700865156\n|start\n|switch|p1a: Samurott|Samurott-Hisui, M|100\/100\n|switch|p2a: Ninetales|Ninetales-Alola, M|100\/100\n|-weather|Snow|[from] ability: Snow Warning|[of] p2a: Ninetales\n|turn|1\n|c|\u2606MiraGraves|Why doesn't it show water-fighting then?\n|\n|t:|1700865182\n|move|p1a: Samurott|Aqua Cutter|p2a: Ninetales\n|-crit|p2a: Ninetales\n|-damage|p2a: Ninetales|33\/100\n|move|p2a: Ninetales|Aurora Veil|p2a: Ninetales\n|-sidestart|p2: MiraGraves|move: Aurora Veil\n|\n|-weather|Snow|[upkeep]\n|upkeep\n|turn|2\n|c|\u2606MrBearmanchild|Showdown is dumb\n|\n|t:|1700865194\n|move|p1a: Samurott|Aqua Cutter|p2a: Ninetales\n|-crit|p2a: Ninetales\n|-damage|p2a: Ninetales|0 fnt\n|faint|p2a: Ninetales\n|\n|-weather|Snow|[upkeep]\n|upkeep\n|\n|t:|1700865201\n|switch|p2a: Baxcalibur|Baxcalibur, M|100\/100\n|turn|3\n|\n|t:|1700865211\n|switch|p1a: Urshifu|Urshifu-Rapid-Strike, M|100\/100\n|-terastallize|p2a: Baxcalibur|Dragon\n|move|p2a: Baxcalibur|Swords Dance|p2a: Baxcalibur\n|-boost|p2a: Baxcalibur|atk|2\n|\n|-weather|Snow|[upkeep]\n|upkeep\n|turn|4\n|\n|t:|1700865226\n|move|p1a: Urshifu|Drain Punch|p2a: Baxcalibur\n|-damage|p2a: Baxcalibur|81\/100\n|move|p2a: Baxcalibur|Scale Shot|p1a: Urshifu\n|-damage|p1a: Urshifu|62\/100\n|-damage|p1a: Urshifu|20\/100\n|-damage|p1a: Urshifu|0 fnt\n|faint|p1a: Urshifu\n|-hitcount|p1: Urshifu|3\n|-unboost|p2a: Baxcalibur|def|1\n|-boost|p2a: Baxcalibur|spe|1\n|\n|-weather|Snow|[upkeep]\n|-heal|p2a: Baxcalibur|87\/100|[from] ability: Ice Body\n|upkeep\n|c|\u2606MiraGraves|Ah I see\n|c|\u2606MiraGraves|When it comes out it updates\n|\n|t:|1700865259\n|switch|p1a: Samurott|Samurott-Hisui, M|100\/100\n|turn|5\n|\n|t:|1700865265\n|move|p2a: Baxcalibur|Scale Shot|p1a: Samurott|[miss]\n|-miss|p2a: Baxcalibur|p1a: Samurott\n|move|p1a: Samurott|Ceaseless Edge|p2a: Baxcalibur\n|-damage|p2a: Baxcalibur|53\/100\n|-sidestart|p2: MiraGraves|Spikes\n|\n|-weather|Snow|[upkeep]\n|-heal|p2a: Baxcalibur|60\/100|[from] ability: Ice Body\n|-sideend|p2: MiraGraves|move: Aurora Veil\n|upkeep\n|turn|6\n|\n|t:|1700865276\n|move|p2a: Baxcalibur|Scale Shot|p1a: Samurott\n|-damage|p1a: Samurott|54\/100\n|-damage|p1a: Samurott|1\/100\n|-damage|p1a: Samurott|0 fnt\n|faint|p1a: Samurott\n|-hitcount|p1: Samurott|3\n|-unboost|p2a: Baxcalibur|def|1\n|-boost|p2a: Baxcalibur|spe|1\n|\n|-weather|Snow|[upkeep]\n|-heal|p2a: Baxcalibur|66\/100|[from] ability: Ice Body\n|upkeep\n|\n|t:|1700865289\n|switch|p1a: Torterra|Torterra, M|100\/100\n|turn|7\n|\n|t:|1700865295\n|-terastallize|p1a: Torterra|Steel\n|move|p2a: Baxcalibur|Icicle Spear|p1a: Torterra\n|-resisted|p1a: Torterra\n|-damage|p1a: Torterra|87\/100\n|-resisted|p1a: Torterra\n|-damage|p1a: Torterra|72\/100\n|-resisted|p1a: Torterra\n|-damage|p1a: Torterra|58\/100\n|-resisted|p1a: Torterra\n|-damage|p1a: Torterra|43\/100\n|-hitcount|p1a: Torterra|4\n|move|p1a: Torterra|Rock Blast|p2a: Baxcalibur\n|-damage|p2a: Baxcalibur|50\/100\n|-damage|p2a: Baxcalibur|34\/100\n|-damage|p2a: Baxcalibur|17\/100\n|-damage|p2a: Baxcalibur|1\/100\n|-hitcount|p2a: Baxcalibur|4\n|\n|-weather|Snow|[upkeep]\n|-heal|p2a: Baxcalibur|7\/100|[from] ability: Ice Body\n|upkeep\n|turn|8\n|\n|t:|1700865330\n|move|p2a: Baxcalibur|Icicle Spear|p1a: Torterra\n|-resisted|p1a: Torterra\n|-damage|p1a: Torterra|30\/100\n|-resisted|p1a: Torterra\n|-damage|p1a: Torterra|17\/100\n|-resisted|p1a: Torterra\n|-damage|p1a: Torterra|3\/100\n|-resisted|p1a: Torterra\n|-damage|p1a: Torterra|0 fnt\n|faint|p1a: Torterra\n|-hitcount|p1: Torterra|4\n|\n|-weather|none\n|upkeep\n|\n|t:|1700865348\n|switch|p1a: Palkia|Palkia-Origin|100\/100\n|-ability|p1a: Palkia|Pressure\n|turn|9\n|c|\u2606MrBearmanchild|The 1% was rough\n|\n|t:|1700865366\n|move|p2a: Baxcalibur|Scale Shot|p1a: Palkia\n|-supereffective|p1a: Palkia\n|-damage|p1a: Palkia|20\/100\n|-supereffective|p1a: Palkia\n|-damage|p1a: Palkia|0 fnt\n|faint|p1a: Palkia\n|-hitcount|p1: Palkia|2\n|-unboost|p2a: Baxcalibur|def|1\n|-boost|p2a: Baxcalibur|spe|1\n|\n|upkeep\n|\n|t:|1700865375\n|switch|p1a: Garchomp|Garchomp, F|100\/100\n|turn|10\n|\n|t:|1700865380\n|move|p2a: Baxcalibur|Icicle Spear|p1a: Garchomp\n|-supereffective|p1a: Garchomp\n|-damage|p1a: Garchomp|0 fnt\n|faint|p1a: Garchomp\n|-hitcount|p1: Garchomp|1\n|\n|upkeep\n|c|\u2606MiraGraves|Yeah it was\n|\n|t:|1700865385\n|switch|p1a: Gliscor|Gliscor, F|100\/100\n|turn|11\n|\n|t:|1700865389\n|move|p2a: Baxcalibur|Icicle Spear|p1a: Gliscor\n|-supereffective|p1a: Gliscor\n|-damage|p1a: Gliscor|0 fnt\n|faint|p1a: Gliscor\n|-hitcount|p1: Gliscor|1\n|\n|win|MiraGraves\n","uploadtime":1700865395,"views":3,"p1id":"mrbearmanchild","p2id":"miragraves","formatid":"gen9nationaldexubers","rating":0,"private":0,"password":""}