{"id":"gen9nationaldexubers-1983326176","p1":"Guj Genera","p2":"Xoviet Yunion","format":"[Gen 9] National Dex Ubers","log":"|j|\u2606Guj Genera\n|j|\u2606Xoviet Yunion\n|t:|1699118473\n|gametype|singles\n|player|p1|Guj Genera|red|\n|player|p2|Xoviet Yunion|shauntal|\n|teamsize|p1|6\n|teamsize|p2|6\n|gen|9\n|tier|[Gen 9] National Dex Ubers\n|rule|HP Percentage Mod: HP is shown in percentages\n|rule|Endless Battle Clause: Forcing endless battles is banned\n|rule|OHKO Clause: OHKO moves are banned\n|rule|Evasion Moves Clause: Evasion moves are banned\n|rule|Evasion Items Clause: Evasion items are banned\n|rule|Species Clause: Limit one of each Pok\u00e9mon\n|rule|Sleep Clause Mod: Limit one foe put to sleep\n|rule|Mega Rayquaza Clause: You cannot mega evolve Rayquaza\n|clearpoke\n|poke|p1|Cinderace, M|\n|poke|p1|Landorus-Therian, M|\n|poke|p1|Zeraora|\n|poke|p1|Kommo-o, M|\n|poke|p1|Kartana|\n|poke|p1|Inteleon, F|\n|poke|p2|Blaziken, M|\n|poke|p2|Lilligant-Hisui, F|\n|poke|p2|Zapdos-Galar|\n|poke|p2|Doublade, M|\n|poke|p2|Zamazenta-*|\n|poke|p2|Sneasler, M|\n|teampreview\n|inactive|Battle timer is ON: inactive players will automatically lose when time's up. (requested by Guj Genera)\n|j| Qontent\n|c|\u2606Guj Genera|Glhf\n|inactive|Xoviet Yunion has 270 seconds left.\n|\n|t:|1699118504\n|start\n|switch|p1a: Kartana|Kartana, shiny|100\/100\n|switch|p2a: Zorua\u200b\u200b\u200b\u200b\u200b\u200b\u200b\u200b\u200brk|Lilligant-Hisui, F, shiny|100\/100\n|turn|1\n|\n|t:|1699118513\n|switch|p2a: Ditto\u200b|Doublade, M, shiny|100\/100\n|move|p1a: Kartana|Sacred Sword|p2a: Ditto\u200b\n|-immune|p2a: Ditto\u200b\n|\n|upkeep\n|turn|2\n|\n|t:|1699118533\n|switch|p1a: Cinderace|Cinderace, M, shiny|100\/100\n|switch|p2a: Zoruark\u200b|Sneasler, M|100\/100\n|\n|upkeep\n|turn|3\n|\n|t:|1699118545\n|move|p2a: Zoruark\u200b|Close Combat|p1a: Cinderace\n|-damage|p1a: Cinderace|0 fnt\n|-unboost|p2a: Zoruark\u200b|def|1\n|-unboost|p2a: Zoruark\u200b|spd|1\n|faint|p1a: Cinderace\n|\n|upkeep\n|\n|t:|1699118550\n|switch|p1a: Kartana|Kartana, shiny|100\/100\n|turn|4\n|\n|t:|1699118556\n|switch|p2a: Ditto\u200b|Doublade, M, shiny|100\/100\n|move|p1a: Kartana|Psycho Cut|p2a: Ditto\u200b\n|-resisted|p2a: Ditto\u200b\n|-damage|p2a: Ditto\u200b|92\/100\n|\n|upkeep\n|turn|5\n|\n|t:|1699118564\n|switch|p1a: Kommo-o|Kommo-o, M, shiny|100\/100\n|move|p2a: Ditto\u200b|Secret Power|p1a: Kommo-o\n|-damage|p1a: Kommo-o|82\/100\n|\n|upkeep\n|turn|6\n|inactive|Xoviet Yunion has 270 seconds left.\n|inactiveoff|Battle timer is now OFF.\n|\n|t:|1699118618\n|switch|p2a: Zoruar\u200b\u200b\u200bk|Zapdos-Galar|100\/100\n|-zpower|p1a: Kommo-o\n|move|p1a: Kommo-o|Clangorous Soulblaze|p2a: Zoruar\u200b\u200b\u200bk|[zeffect]\n|-damage|p2a: Zoruar\u200b\u200b\u200bk|24\/100\n|-boost|p1a: Kommo-o|atk|1\n|-boost|p1a: Kommo-o|def|1\n|-boost|p1a: Kommo-o|spa|1\n|-boost|p1a: Kommo-o|spd|1\n|-boost|p1a: Kommo-o|spe|1\n|\n|upkeep\n|turn|7\n|\n|t:|1699118624\n|move|p2a: Zoruar\u200b\u200b\u200bk|Brave Bird|p1a: Kommo-o\n|-supereffective|p1a: Kommo-o\n|-damage|p1a: Kommo-o|5\/100\n|-damage|p2a: Zoruar\u200b\u200b\u200bk|1\/100|[from] Recoil\n|move|p1a: Kommo-o|Dragon Claw|p2a: Zoruar\u200b\u200b\u200bk\n|-damage|p2a: Zoruar\u200b\u200b\u200bk|0 fnt\n|faint|p2a: Zoruar\u200b\u200b\u200bk\n|\n|upkeep\n|\n|t:|1699118638\n|switch|p2a: Z\u200b\u200b\u200b\u200b\u200boruark|Zamazenta, shiny|100\/100\n|-ability|p2a: Z\u200b\u200b\u200b\u200b\u200boruark|Dauntless Shield|boost\n|-boost|p2a: Z\u200b\u200b\u200b\u200b\u200boruark|def|1\n|turn|8\n|\n|t:|1699118646\n|move|p1a: Kommo-o|Earthquake|p2a: Z\u200b\u200b\u200b\u200b\u200boruark\n|-damage|p2a: Z\u200b\u200b\u200b\u200b\u200boruark|72\/100\n|move|p2a: Z\u200b\u200b\u200b\u200b\u200boruark|Close Combat|p1a: Kommo-o\n|-damage|p1a: Kommo-o|0 fnt\n|-unboost|p2a: Z\u200b\u200b\u200b\u200b\u200boruark|def|1\n|-unboost|p2a: Z\u200b\u200b\u200b\u200b\u200boruark|spd|1\n|faint|p1a: Kommo-o\n|\n|upkeep\n|\n|t:|1699118650\n|switch|p1a: Inteleon|Inteleon, F, shiny|100\/100\n|turn|9\n|\n|t:|1699118654\n|move|p2a: Z\u200b\u200b\u200b\u200b\u200boruark|Close Combat|p1a: Inteleon\n|-damage|p1a: Inteleon|0 fnt\n|-unboost|p2a: Z\u200b\u200b\u200b\u200b\u200boruark|def|1\n|-unboost|p2a: Z\u200b\u200b\u200b\u200b\u200boruark|spd|1\n|faint|p1a: Inteleon\n|\n|upkeep\n|\n|t:|1699118658\n|switch|p1a: Kartana|Kartana, shiny|100\/100\n|turn|10\n|\n|t:|1699118662\n|switch|p2a: Ditto\u200b|Doublade, M, shiny|92\/100\n|move|p1a: Kartana|Leaf Blade|p2a: Ditto\u200b\n|-resisted|p2a: Ditto\u200b\n|-damage|p2a: Ditto\u200b|78\/100\n|\n|upkeep\n|turn|11\n|\n|t:|1699118671\n|switch|p1a: Zeraora|Zeraora, shiny|100\/100\n|move|p2a: Ditto\u200b|Secret Power|p1a: Zeraora\n|-damage|p1a: Zeraora|71\/100\n|\n|upkeep\n|turn|12\n|\n|t:|1699118680\n|switch|p2a: Zoruark\u200b|Sneasler, M|100\/100\n|move|p1a: Zeraora|Plasma Fists|p2a: Zoruark\u200b\n|-crit|p2a: Zoruark\u200b\n|-damage|p2a: Zoruark\u200b|0 fnt\n|-fieldactivate|move: Ion Deluge\n|-hint|Normal-type moves become Electric-type after using Plasma Fists.\n|faint|p2a: Zoruark\u200b\n|\n|upkeep\n|\n|t:|1699118701\n|switch|p2a: Z\u200b\u200b\u200b\u200b\u200boruark|Zamazenta, shiny|72\/100\n|turn|13\n|\n|t:|1699118704\n|move|p1a: Zeraora|Play Rough|p2a: Z\u200b\u200b\u200b\u200b\u200boruark\n|-supereffective|p2a: Z\u200b\u200b\u200b\u200b\u200boruark\n|-damage|p2a: Z\u200b\u200b\u200b\u200b\u200boruark|12\/100\n|move|p2a: Z\u200b\u200b\u200b\u200b\u200boruark|Close Combat|p1a: Zeraora\n|-damage|p1a: Zeraora|0 fnt\n|-unboost|p2a: Z\u200b\u200b\u200b\u200b\u200boruark|def|1\n|-unboost|p2a: Z\u200b\u200b\u200b\u200b\u200boruark|spd|1\n|faint|p1a: Zeraora\n|\n|upkeep\n|\n|t:|1699118710\n|switch|p1a: Kartana|Kartana, shiny|100\/100\n|turn|14\n|\n|t:|1699118715\n|switch|p2a: Ditto\u200b|Doublade, M, shiny|78\/100\n|move|p1a: Kartana|Psycho Cut|p2a: Ditto\u200b\n|-resisted|p2a: Ditto\u200b\n|-damage|p2a: Ditto\u200b|70\/100\n|\n|upkeep\n|turn|15\n|\n|t:|1699118720\n|switch|p1a: Landorus|Landorus-Therian, M, shiny|100\/100\n|-ability|p1a: Landorus|Intimidate|boost\n|-unboost|p2a: Ditto\u200b|atk|1\n|move|p2a: Ditto\u200b|Secret Power|p1a: Landorus\n|-damage|p1a: Landorus|92\/100\n|\n|upkeep\n|turn|16\n|\n|t:|1699118725\n|switch|p2a: Z\u200b\u200b\u200b\u200b\u200boruark|Zamazenta, shiny|12\/100\n|move|p1a: Landorus|Earthquake|p2a: Z\u200b\u200b\u200b\u200b\u200boruark\n|-damage|p2a: Z\u200b\u200b\u200b\u200b\u200boruark|0 fnt\n|faint|p2a: Z\u200b\u200b\u200b\u200b\u200boruark\n|\n|upkeep\n|\n|t:|1699118730\n|switch|p2a: Zorua\u200b\u200b\u200b\u200b\u200b\u200b\u200b\u200b\u200brk|Lilligant-Hisui, F, shiny|100\/100\n|turn|17\n|\n|t:|1699118738\n|move|p2a: Zorua\u200b\u200b\u200b\u200b\u200b\u200b\u200b\u200b\u200brk|Victory Dance|p2a: Zorua\u200b\u200b\u200b\u200b\u200b\u200b\u200b\u200b\u200brk\n|-boost|p2a: Zorua\u200b\u200b\u200b\u200b\u200b\u200b\u200b\u200b\u200brk|atk|1\n|-boost|p2a: Zorua\u200b\u200b\u200b\u200b\u200b\u200b\u200b\u200b\u200brk|def|1\n|-boost|p2a: Zorua\u200b\u200b\u200b\u200b\u200b\u200b\u200b\u200b\u200brk|spe|1\n|move|p1a: Landorus|Earthquake|p2a: Zorua\u200b\u200b\u200b\u200b\u200b\u200b\u200b\u200b\u200brk\n|-resisted|p2a: Zorua\u200b\u200b\u200b\u200b\u200b\u200b\u200b\u200b\u200brk\n|-damage|p2a: Zorua\u200b\u200b\u200b\u200b\u200b\u200b\u200b\u200b\u200brk|78\/100\n|\n|upkeep\n|turn|18\n|\n|t:|1699118742\n|move|p2a: Zorua\u200b\u200b\u200b\u200b\u200b\u200b\u200b\u200b\u200brk|Victory Dance|p2a: Zorua\u200b\u200b\u200b\u200b\u200b\u200b\u200b\u200b\u200brk\n|-boost|p2a: Zorua\u200b\u200b\u200b\u200b\u200b\u200b\u200b\u200b\u200brk|atk|1\n|-boost|p2a: Zorua\u200b\u200b\u200b\u200b\u200b\u200b\u200b\u200b\u200brk|def|1\n|-boost|p2a: Zorua\u200b\u200b\u200b\u200b\u200b\u200b\u200b\u200b\u200brk|spe|1\n|move|p1a: Landorus|Earthquake|p2a: Zorua\u200b\u200b\u200b\u200b\u200b\u200b\u200b\u200b\u200brk\n|-resisted|p2a: Zorua\u200b\u200b\u200b\u200b\u200b\u200b\u200b\u200b\u200brk\n|-damage|p2a: Zorua\u200b\u200b\u200b\u200b\u200b\u200b\u200b\u200b\u200brk|59\/100\n|\n|upkeep\n|turn|19\n|\n|t:|1699118746\n|move|p2a: Zorua\u200b\u200b\u200b\u200b\u200b\u200b\u200b\u200b\u200brk|Ice Spinner|p1a: Landorus\n|-supereffective|p1a: Landorus\n|-damage|p1a: Landorus|0 fnt\n|-damage|p2a: Zorua\u200b\u200b\u200b\u200b\u200b\u200b\u200b\u200b\u200brk|42\/100|[from] item: Rocky Helmet|[of] p1a: Landorus\n|faint|p1a: Landorus\n|\n|upkeep\n|\n|t:|1699118749\n|switch|p1a: Kartana|Kartana, shiny|100\/100\n|turn|20\n|\n|t:|1699118752\n|-zpower|p2a: Zorua\u200b\u200b\u200b\u200b\u200b\u200b\u200b\u200b\u200brk\n|move|p2a: Zorua\u200b\u200b\u200b\u200b\u200b\u200b\u200b\u200b\u200brk|All-Out Pummeling|p1a: Kartana|[zeffect]\n|-supereffective|p1a: Kartana\n|-damage|p1a: Kartana|0 fnt\n|faint|p1a: Kartana\n|\n|win|Xoviet Yunion\n|c|\u2606Xoviet Yunion|gg\n","uploadtime":1699118764,"views":10,"p1id":"gujgenera","p2id":"xovietyunion","formatid":"gen9nationaldexubers","rating":0,"private":0,"password":""}