{"id":"gen9nationaldexubers-1994091846","p1":"Trainitar3","p2":"13537king","format":"[Gen 9] National Dex Ubers","log":"|j|\u2606Trainitar3\n|j|\u260613537king\n|t:|1700405786\n|gametype|singles\n|player|p1|Trainitar3|ninjaboy|1237\n|player|p2|13537king|harlequin|1383\n|teamsize|p1|6\n|teamsize|p2|6\n|gen|9\n|tier|[Gen 9] National Dex Ubers\n|rated|\n|rule|HP Percentage Mod: HP is shown in percentages\n|rule|Endless Battle Clause: Forcing endless battles is banned\n|rule|OHKO Clause: OHKO moves are banned\n|rule|Evasion Moves Clause: Evasion moves are banned\n|rule|Evasion Items Clause: Evasion items are banned\n|rule|Species Clause: Limit one of each Pok\u00e9mon\n|rule|Sleep Clause Mod: Limit one foe put to sleep\n|rule|Mega Rayquaza Clause: You cannot mega evolve Rayquaza\n|clearpoke\n|poke|p1|Xerneas-*|\n|poke|p1|Marshadow|\n|poke|p1|Groudon|\n|poke|p1|Deoxys-Speed|\n|poke|p1|Necrozma-Dusk-Mane|\n|poke|p1|Pheromosa|\n|poke|p2|Marshadow|\n|poke|p2|Dialga-Origin|\n|poke|p2|Darmanitan-Galar, M|\n|poke|p2|Kingambit, M|\n|poke|p2|Arceus-Electric|\n|poke|p2|Banette, F|\n|teampreview\n|inactive|Battle timer is ON: inactive players will automatically lose when time's up. (requested by Trainitar3)\n|\n|t:|1700405797\n|start\n|switch|p1a: Deoxys|Deoxys-Speed, shiny|100\/100\n|switch|p2a: Dialga|Dialga-Origin|100\/100\n|-ability|p1a: Deoxys|Pressure\n|-ability|p2a: Dialga|Pressure\n|turn|1\n|\n|t:|1700405813\n|move|p1a: Deoxys|Stealth Rock|p2a: Dialga\n|-sidestart|p2: 13537king|move: Stealth Rock\n|move|p2a: Dialga|Earth Power|p1a: Deoxys\n|-damage|p1a: Deoxys|58\/100\n|-unboost|p1a: Deoxys|spd|1\n|\n|upkeep\n|turn|2\n|\n|t:|1700405820\n|move|p1a: Deoxys|Spikes|p2a: Dialga\n|-sidestart|p2: 13537king|Spikes\n|move|p2a: Dialga|Earth Power|p1a: Deoxys\n|-damage|p1a: Deoxys|0 fnt\n|faint|p1a: Deoxys\n|\n|upkeep\n|\n|t:|1700405833\n|switch|p1a: Pheromosa|Pheromosa, shiny|100\/100\n|turn|3\n|\n|t:|1700405839\n|move|p1a: Pheromosa|Close Combat|p2a: Dialga\n|-supereffective|p2a: Dialga\n|-damage|p2a: Dialga|0 fnt\n|-unboost|p1a: Pheromosa|def|1\n|-unboost|p1a: Pheromosa|spd|1\n|faint|p2a: Dialga\n|-ability|p1a: Pheromosa|Beast Boost|boost\n|-boost|p1a: Pheromosa|spe|1\n|-damage|p1a: Pheromosa|91\/100|[from] item: Life Orb\n|\n|upkeep\n|\n|t:|1700405844\n|switch|p2a: Banette|Banette, F|100\/100\n|-damage|p2a: Banette|88\/100|[from] Stealth Rock\n|-damage|p2a: Banette|76\/100|[from] Spikes\n|-item|p1a: Pheromosa|Life Orb|[from] ability: Frisk|[of] p2a: Banette|[identify]\n|turn|4\n|\n|t:|1700405853\n|switch|p1a: Groudon|Groudon, shiny|100\/100\n|detailschange|p1a: Groudon|Groudon-Primal, shiny\n|-primal|p1a: Groudon|Red Orb\n|-weather|DesolateLand|[from] ability: Desolate Land|[of] p1a: Groudon\n|detailschange|p2a: Banette|Banette-Mega, F\n|-mega|p2a: Banette|Banette|Banettite\n|move|p2a: Banette|Destiny Bond|p2a: Banette\n|-singlemove|p2a: Banette|Destiny Bond\n|\n|-weather|DesolateLand|[upkeep]\n|upkeep\n|turn|5\n|\n|t:|1700405867\n|move|p1a: Groudon|Solar Beam||[still]\n|-prepare|p1a: Groudon|Solar Beam\n|-anim|p1a: Groudon|Solar Beam|p2a: Banette\n|-damage|p2a: Banette|0 fnt\n|faint|p2a: Banette\n|-activate|p2a: Banette|move: Destiny Bond\n|faint|p1a: Groudon\n|-weather|none\n|\n|upkeep\n|\n|t:|1700405878\n|switch|p1a: Xerneas|Xerneas|100\/100\n|switch|p2a: Arceus|Arceus-Electric|100\/100\n|-damage|p2a: Arceus|88\/100|[from] Stealth Rock\n|-damage|p2a: Arceus|76\/100|[from] Spikes\n|-ability|p1a: Xerneas|Fairy Aura\n|turn|6\n|\n|t:|1700405887\n|move|p2a: Arceus|Defog|p1a: Xerneas\n|-unboost|p1a: Xerneas|evasion|1\n|-sideend|p2: 13537king|Spikes|[from] move: Defog|[of] p2a: Arceus\n|-sideend|p2: 13537king|Stealth Rock|[from] move: Defog|[of] p2a: Arceus\n|move|p1a: Xerneas|Geomancy||[still]\n|-prepare|p1a: Xerneas|Geomancy\n|-enditem|p1a: Xerneas|Power Herb\n|-anim|p1a: Xerneas|Geomancy|p1a: Xerneas\n|-boost|p1a: Xerneas|spa|2\n|-boost|p1a: Xerneas|spd|2\n|-boost|p1a: Xerneas|spe|2\n|\n|upkeep\n|turn|7\n|\n|t:|1700405907\n|move|p1a: Xerneas|Moonblast|p2a: Arceus\n|-crit|p2a: Arceus\n|-damage|p2a: Arceus|0 fnt\n|faint|p2a: Arceus\n|\n|upkeep\n|\n|t:|1700405913\n|switch|p2a: Marshadow|Marshadow|100\/100\n|turn|8\n|\n|t:|1700405918\n|move|p1a: Xerneas|Moonblast|p2a: Marshadow\n|-supereffective|p2a: Marshadow\n|-enditem|p2a: Marshadow|Focus Sash\n|-damage|p2a: Marshadow|1\/100\n|move|p2a: Marshadow|Spectral Thief||[still]\n|-clearpositiveboost|p1a: Xerneas|p2a: Marshadow|move: Spectral Thief\n|-boost|p2a: Marshadow|spa|2\n|-boost|p2a: Marshadow|spd|2\n|-boost|p2a: Marshadow|spe|2\n|-anim|p2a: Marshadow|Spectral Thief|p1a: Xerneas\n|-damage|p1a: Xerneas|59\/100\n|\n|upkeep\n|turn|9\n|\n|t:|1700405937\n|move|p2a: Marshadow|Stone Edge|p1a: Xerneas\n|-damage|p1a: Xerneas|32\/100\n|move|p1a: Xerneas|Moonblast|p2a: Marshadow\n|-supereffective|p2a: Marshadow\n|-damage|p2a: Marshadow|0 fnt\n|faint|p2a: Marshadow\n|\n|upkeep\n|\n|t:|1700405942\n|switch|p2a: Darmanitan|Darmanitan-Galar, M|100\/100\n|turn|10\n|\n|t:|1700405946\n|move|p2a: Darmanitan|Icicle Crash|p1a: Xerneas\n|-damage|p1a: Xerneas|0 fnt\n|faint|p1a: Xerneas\n|\n|upkeep\n|\n|t:|1700405955\n|switch|p1a: Necrozma|Necrozma-Dusk-Mane, shiny|100\/100\n|turn|11\n|\n|t:|1700405968\n|-terastallize|p2a: Darmanitan|Ice\n|move|p2a: Darmanitan|Icicle Crash|p1a: Necrozma|[miss]\n|-miss|p2a: Darmanitan|p1a: Necrozma\n|move|p1a: Necrozma|Earthquake|p2a: Darmanitan\n|-damage|p2a: Darmanitan|32\/100\n|\n|upkeep\n|turn|12\n|\n|t:|1700405976\n|move|p2a: Darmanitan|Icicle Crash|p1a: Necrozma\n|-resisted|p1a: Necrozma\n|-damage|p1a: Necrozma|58\/100\n|move|p1a: Necrozma|Earthquake|p2a: Darmanitan\n|-damage|p2a: Darmanitan|0 fnt\n|faint|p2a: Darmanitan\n|\n|upkeep\n|\n|t:|1700405983\n|switch|p2a: Kingambit|Kingambit, M|100\/100\n|-activate|p2a: Kingambit|ability: Supreme Overlord\n|-start|p2a: Kingambit|fallen5|[silent]\n|turn|13\n|\n|t:|1700405989\n|move|p2a: Kingambit|Sucker Punch|p1a: Necrozma\n|-supereffective|p1a: Necrozma\n|-damage|p1a: Necrozma|0 fnt\n|faint|p1a: Necrozma\n|\n|upkeep\n|\n|t:|1700405992\n|switch|p1a: Marshadow|Marshadow|100\/100\n|turn|14\n|\n|t:|1700405997\n|move|p1a: Marshadow|Close Combat|p2a: Kingambit\n|-supereffective|p2a: Kingambit\n|-enditem|p2a: Kingambit|Focus Sash\n|-damage|p2a: Kingambit|1\/100\n|-unboost|p1a: Marshadow|def|1\n|-unboost|p1a: Marshadow|spd|1\n|move|p2a: Kingambit|Iron Head|p1a: Marshadow\n|-enditem|p1a: Marshadow|Focus Sash\n|-damage|p1a: Marshadow|1\/100\n|\n|upkeep\n|turn|15\n|\n|t:|1700406013\n|move|p1a: Marshadow|Shadow Sneak|p2a: Kingambit\n|-resisted|p2a: Kingambit\n|-damage|p2a: Kingambit|0 fnt\n|faint|p2a: Kingambit\n|-end|p2a: Kingambit|fallen5|[silent]\n|\n|win|Trainitar3\n|raw|Trainitar3's rating: 1237 &rarr; <strong>1272<\/strong><br \/>(+35 for winning)\n|raw|13537king's rating: 1383 &rarr; <strong>1355<\/strong><br \/>(-28 for losing)\n","uploadtime":1700406016,"views":8,"p1id":"trainitar3","p2id":"13537king","formatid":"gen9nationaldexubers","rating":1272,"private":0,"password":""}