{"id":"gen9nationaldexubers-1981928968","p1":"notastalecookie","p2":"Moonz_e","format":"[Gen 9] National Dex Ubers","log":"|j|\u2606notastalecookie\n|j|\u2606Moonz_e\n|t:|1698952482\n|gametype|singles\n|player|p1|notastalecookie|hilbert|\n|player|p2|Moonz_e|courtney|\n|teamsize|p1|6\n|teamsize|p2|6\n|gen|9\n|tier|[Gen 9] National Dex Ubers\n|rule|HP Percentage Mod: HP is shown in percentages\n|rule|Endless Battle Clause: Forcing endless battles is banned\n|rule|OHKO Clause: OHKO moves are banned\n|rule|Evasion Moves Clause: Evasion moves are banned\n|rule|Evasion Items Clause: Evasion items are banned\n|rule|Species Clause: Limit one of each Pok\u00e9mon\n|rule|Sleep Clause Mod: Limit one foe put to sleep\n|rule|Mega Rayquaza Clause: You cannot mega evolve Rayquaza\n|clearpoke\n|poke|p1|Ogerpon-Cornerstone, F|\n|poke|p1|Zapdos|\n|poke|p1|Slowking-Galar, F|\n|poke|p1|Baxcalibur, M|\n|poke|p1|Rotom-Wash|\n|poke|p1|Great Tusk|\n|poke|p2|Ogerpon-Hearthflame, F|\n|poke|p2|Torkoal, F|\n|poke|p2|Charizard, F|\n|poke|p2|Volcanion|\n|poke|p2|Typhlosion-Hisui, M|\n|poke|p2|Moltres|\n|teampreview\n|c|\u2606Moonz_e|Glhf\n|j| Destinum\n|j| Bug Maniac Swaggy\n|c|\u2606notastalecookie|uh gimme a sec im trying to remember what i had as tera\n|j| standardbandard23\n|j| ArcticIzagi\n|j| Astro Rifk\n|c|\u2606Moonz_e|XD\n|c| Bug Maniac Swaggy|lol\n|c|\u2606Moonz_e|Take.your time\n|c|\u2606Moonz_e|I need to run through the scenarios to find the best lead\n|c| Astro Rifk|gotta say this bapance 6 is awesome\n|c| Astro Rifk|balance\n|c| standardbandard23|moonz has a neat team\n|c|\u2606Moonz_e|And if i put everything on this one card\n|c|\u2606notastalecookie|tera ground bax\n|c|\u2606Moonz_e|Alright\n|c| Astro Rifk|gking tusk zapdos \ud83d\ude0d\ud83d\ude0d\ud83d\ude0d\ud83d\ude0d\n|c|\u2606Moonz_e|Uuuugh this is so scary\n|c| ArcticIzagi|you got this\n|c|\u2606Moonz_e|But i think that's the only path to victory\n|\n|t:|1698952616\n|start\n|switch|p1a: c:|Rotom-Wash|100\/100\n|switch|p2a: Not An Option|Typhlosion-Hisui, M|100\/100\n|turn|1\n|c|\u2606Moonz_e|FUCK\n|c| ArcticIzagi|fuck it you ball\n|c|\u2606Moonz_e|that's the single one dude i didn't want you to lead\n|c| Destinum|Clearly it was an option.\n|c|\u2606Moonz_e|I saw it between\n|c|\u2606Moonz_e|Agressive Rockpon lead\n|c|\u2606Moonz_e|Washtom\n|c|\u2606Moonz_e|And Tusk\n|\n|t:|1698952681\n|switch|p2a: Revolt|Volcanion|100\/100\n|move|p1a: c:|Thunder Wave|p2a: Revolt\n|-status|p2a: Revolt|par\n|\n|upkeep\n|turn|2\n|c| ArcticIzagi|I mean you lead with washtom against me too most of the time\n|\n|t:|1698952696\n|switch|p2a: Growing Older|Torkoal, F|100\/100\n|-weather|SunnyDay|[from] ability: Drought|[of] p2a: Growing Older\n|move|p1a: c:|Volt Switch|p2a: Growing Older\n|-crit|p2a: Growing Older\n|-damage|p2a: Growing Older|52\/100\n|j| skechiart\n|\n|t:|1698952715\n|switch|p1a: >:D|Great Tusk|100\/100|[from] Volt Switch\n|-activate|p1a: >:D|ability: Protosynthesis\n|-start|p1a: >:D|protosynthesisdef\n|\n|-weather|SunnyDay|[upkeep]\n|upkeep\n|turn|3\n|c|\u2606Moonz_e|Arctic this Tusk is hazards\n|c|\u2606Moonz_e|I know that for a fact\n|c|\u2606notastalecookie|or is it spikes ogrepon :)\n|\n|t:|1698952772\n|switch|p2a: Villain|Charizard, F|100\/100\n|move|p1a: >:D|Knock Off|p2a: Villain\n|-damage|p2a: Villain|72\/100\n|\n|-weather|SunnyDay|[upkeep]\n|upkeep\n|turn|4\n|l| skechiart\n|c| Astro Rifk|ok thats the only way this could be cooler\n|c| Astro Rifk|is spiker ogerpon\n|c|\u2606Moonz_e|Nu-uh\n|\n|t:|1698952811\n|-end|p1a: >:D|Protosynthesis|[silent]\n|switch|p1a: :)|Slowking-Galar, F|100\/100\n|move|p2a: Villain|Dragon Dance|p2a: Villain\n|-boost|p2a: Villain|atk|1\n|-boost|p2a: Villain|spe|1\n|\n|-weather|SunnyDay|[upkeep]\n|upkeep\n|turn|5\n|\n|t:|1698952822\n|detailschange|p2a: Villain|Charizard-Mega-X, F\n|-mega|p2a: Villain|Charizard|Charizardite X\n|move|p2a: Villain|Blaze Kick|p1a: :)\n|-damage|p1a: :)|0 fnt\n|faint|p1a: :)\n|\n|-weather|SunnyDay|[upkeep]\n|upkeep\n|\n|t:|1698952841\n|switch|p1a: >:D|Great Tusk|100\/100\n|-activate|p1a: >:D|ability: Protosynthesis\n|-start|p1a: >:D|protosynthesisdef\n|turn|6\n|c| Astro Rifk|wtfdym nuh uh\n|\n|t:|1698952855\n|switch|p2a: I Need A Surgeon|Moltres|100\/100\n|move|p1a: >:D|Earthquake|p2a: I Need A Surgeon\n|-immune|p2a: I Need A Surgeon\n|\n|-weather|SunnyDay|[upkeep]\n|upkeep\n|turn|7\n|\n|t:|1698952863\n|move|p2a: I Need A Surgeon|Will-O-Wisp|p1a: >:D|[miss]\n|-miss|p2a: I Need A Surgeon|p1a: >:D\n|move|p1a: >:D|Stealth Rock|p2a: I Need A Surgeon\n|-sidestart|p2: Moonz_e|move: Stealth Rock\n|\n|-weather|SunnyDay|[upkeep]\n|upkeep\n|turn|8\n|c|\u2606Moonz_e|OH COME ON\n|\n|t:|1698952870\n|-end|p1a: >:D|Protosynthesis|[silent]\n|switch|p1a: >:)|Baxcalibur, M|100\/100\n|move|p2a: I Need A Surgeon|U-turn|p1a: >:)\n|-damage|p1a: >:)|86\/100\n|c| Astro Rifk|yoooooo\n|c| Astro Rifk|bax\n|\n|t:|1698952888\n|switch|p2a: Villain|Charizard-Mega-X, F|72\/100|[from] U-turn\n|-damage|p2a: Villain|47\/100|[from] Stealth Rock\n|\n|-weather|SunnyDay|[upkeep]\n|upkeep\n|turn|9\n|c| Destinum|Cookie has a great nickname theme.\n|c| standardbandard23|true\n|\n|t:|1698952951\n|-terastallize|p1a: >:)|Ground\n|move|p2a: Villain|Blaze Kick|p1a: >:)\n|-damage|p1a: >:)|5\/100\n|-ability|p1a: >:)|Thermal Exchange|boost\n|-boost|p1a: >:)|atk|1\n|move|p1a: >:)|Glaive Rush|p2a: Villain\n|-supereffective|p2a: Villain\n|-damage|p2a: Villain|0 fnt\n|-singlemove|p1a: >:)|Glaive Rush|[silent]\n|faint|p2a: Villain\n|\n|-weather|none\n|upkeep\n|\n|t:|1698952968\n|switch|p2a: Everybody Knows|Ogerpon-Hearthflame, F|100\/100\n|-damage|p2a: Everybody Knows|76\/100|[from] Stealth Rock\n|-ability|p2a: Everybody Knows|Mold Breaker\n|turn|10\n|\n|t:|1698953011\n|-terastallize|p2a: Everybody Knows|Fire\n|detailschange|p2a: Everybody Knows|Ogerpon-Hearthflame-Tera, F, tera:Fire\n|-ability|p2a: Everybody Knows|Embody Aspect (Hearthflame)|boost\n|-boost|p2a: Everybody Knows|atk|1\n|move|p2a: Everybody Knows|Horn Leech|p1a: >:)\n|-supereffective|p1a: >:)\n|-damage|p1a: >:)|0 fnt\n|-heal|p2a: Everybody Knows|78\/100|[from] drain|[of] p1a: >:)\n|faint|p1a: >:)\n|\n|upkeep\n|\n|t:|1698953022\n|switch|p1a: :l|Ogerpon-Cornerstone, F|100\/100\n|turn|11\n|\n|t:|1698953038\n|switch|p2a: Growing Older|Torkoal, F|52\/100\n|-damage|p2a: Growing Older|28\/100|[from] Stealth Rock\n|-weather|SunnyDay|[from] ability: Drought|[of] p2a: Growing Older\n|move|p1a: :l|Ivy Cudgel|p2a: Growing Older\n|-supereffective|p2a: Growing Older\n|-damage|p2a: Growing Older|0 fnt\n|faint|p2a: Growing Older\n|\n|-weather|SunnyDay|[upkeep]\n|upkeep\n|\n|t:|1698953049\n|switch|p2a: Not An Option|Typhlosion-Hisui, M|100\/100\n|-damage|p2a: Not An Option|76\/100|[from] Stealth Rock\n|turn|12\n|l| Astro Rifk\n|\n|t:|1698953100\n|switch|p1a: :v|Zapdos|100\/100\n|move|p2a: Not An Option|Solar Beam||[still]\n|-prepare|p2a: Not An Option|Solar Beam\n|-anim|p2a: Not An Option|Solar Beam|p1a: :v\n|-resisted|p1a: :v\n|-damage|p1a: :v|82\/100\n|\n|-weather|SunnyDay|[upkeep]\n|upkeep\n|turn|13\n|\n|t:|1698953121\n|switch|p2a: I Need A Surgeon|Moltres|100\/100\n|move|p1a: :v|Discharge|p2a: I Need A Surgeon\n|-supereffective|p2a: I Need A Surgeon\n|-damage|p2a: I Need A Surgeon|36\/100\n|\n|-weather|SunnyDay|[upkeep]\n|upkeep\n|turn|14\n|j| Astro Rifk\n|c| standardbandard23|who do the better bird be\n|c|\u2606Moonz_e|Damn it\n|c|\u2606Moonz_e|That's game\n|c|\u2606Moonz_e|This is just my funeral march\n|c|\u2606notastalecookie|ive thrown worse\n|\n|t:|1698953177\n|move|p1a: :v|Discharge|p2a: I Need A Surgeon\n|-supereffective|p2a: I Need A Surgeon\n|-damage|p2a: I Need A Surgeon|0 fnt\n|faint|p2a: I Need A Surgeon\n|\n|-weather|SunnyDay|[upkeep]\n|upkeep\n|\n|t:|1698953184\n|switch|p2a: Not An Option|Typhlosion-Hisui, M|76\/100\n|-damage|p2a: Not An Option|51\/100|[from] Stealth Rock\n|turn|15\n|\n|t:|1698953200\n|move|p2a: Not An Option|Fire Blast|p1a: :v\n|-damage|p1a: :v|11\/100\n|move|p1a: :v|Discharge|p2a: Not An Option\n|-damage|p2a: Not An Option|0 fnt\n|faint|p2a: Not An Option\n|\n|-weather|SunnyDay|[upkeep]\n|upkeep\n|\n|t:|1698953209\n|switch|p2a: Everybody Knows|Ogerpon-Hearthflame-Tera, F, tera:Fire|78\/100\n|-damage|p2a: Everybody Knows|53\/100|[from] Stealth Rock\n|-ability|p2a: Everybody Knows|Embody Aspect (Hearthflame)|boost\n|-boost|p2a: Everybody Knows|atk|1\n|turn|16\n|c|\u2606notastalecookie|gg now\n|\n|t:|1698953221\n|move|p2a: Everybody Knows|Horn Leech|p1a: :v\n|-resisted|p1a: :v\n|-damage|p1a: :v|0 fnt\n|-heal|p2a: Everybody Knows|60\/100|[from] drain|[of] p1a: :v\n|faint|p1a: :v\n|\n|-weather|SunnyDay|[upkeep]\n|upkeep\n|\n|t:|1698953224\n|switch|p1a: :l|Ogerpon-Cornerstone, F|100\/100\n|turn|17\n|c|\u2606Moonz_e|Gg\n|\n|t:|1698953234\n|move|p2a: Everybody Knows|Horn Leech|p1a: :l\n|-damage|p1a: :l|15\/100\n|-heal|p2a: Everybody Knows|100\/100|[from] drain|[of] p1a: :l\n|move|p1a: :l|Ivy Cudgel|p2a: Everybody Knows\n|-supereffective|p2a: Everybody Knows\n|-crit|p2a: Everybody Knows\n|-damage|p2a: Everybody Knows|0 fnt\n|faint|p2a: Everybody Knows\n|\n|-weather|SunnyDay|[upkeep]\n|upkeep\n|c| standardbandard23|salt in the wound\n|c|\u2606Moonz_e|That crit was unnecessary game\n|c|\u2606Moonz_e|Famn it\n|\n|t:|1698953251\n|switch|p2a: Revolt|Volcanion|100\/100 par\n|-damage|p2a: Revolt|75\/100 par|[from] Stealth Rock\n|turn|18\n|\n|t:|1698953256\n|move|p1a: :l|Ivy Cudgel|p2a: Revolt\n|-supereffective|p2a: Revolt\n|-damage|p2a: Revolt|0 fnt\n|faint|p2a: Revolt\n|\n|win|notastalecookie\n|c|\u2606notastalecookie|ggwp\n|c|\u2606Moonz_e|Gg\n|l|\u2606Moonz_e\n|l| standardbandard23\n|l| ArcticIzagi\n|l| Astro Rifk\n|l| Destinum\n|l| Bug Maniac Swaggy\n|j| Destinum\n","uploadtime":1698953262,"views":16,"p1id":"notastalecookie","p2id":"moonze","formatid":"gen9nationaldexubers","rating":0,"private":0,"password":""}