{"id":"gen9nationaldexubers-1992938417","p1":"GeNrex1128","p2":"Precel44","format":"[Gen 9] National Dex Ubers","log":"|j|\u2606GeNrex1128\n|j|\u2606Precel44\n|t:|1700248519\n|gametype|singles\n|player|p1|GeNrex1128|swimmerf|1085\n|player|p2|Precel44|hiker-gen4|1046\n|teamsize|p1|6\n|teamsize|p2|6\n|gen|9\n|tier|[Gen 9] National Dex Ubers\n|rated|\n|rule|HP Percentage Mod: HP is shown in percentages\n|rule|Endless Battle Clause: Forcing endless battles is banned\n|rule|OHKO Clause: OHKO moves are banned\n|rule|Evasion Moves Clause: Evasion moves are banned\n|rule|Evasion Items Clause: Evasion items are banned\n|rule|Species Clause: Limit one of each Pok\u00e9mon\n|rule|Sleep Clause Mod: Limit one foe put to sleep\n|rule|Mega Rayquaza Clause: You cannot mega evolve Rayquaza\n|clearpoke\n|poke|p1|Mew|\n|poke|p1|Toxapex, F|\n|poke|p1|Donphan, F|\n|poke|p1|Honchkrow, M|\n|poke|p1|Skarmory, M|\n|poke|p1|Kingambit, M|\n|poke|p2|Lopunny, F|\n|poke|p2|Tsareena, F|\n|poke|p2|Salazzle, F|\n|poke|p2|Gardevoir, F|\n|poke|p2|Primarina, F|\n|poke|p2|Pheromosa|\n|teampreview\n|inactive|Battle timer is ON: inactive players will automatically lose when time's up. (requested by GeNrex1128)\n|\n|t:|1700248525\n|start\n|switch|p1a: Mew|Mew|100\/100\n|switch|p2a: Lopunny|Lopunny, F|100\/100\n|turn|1\n|\n|t:|1700248534\n|detailschange|p2a: Lopunny|Lopunny-Mega, F\n|-mega|p2a: Lopunny|Lopunny|Lopunnite\n|move|p2a: Lopunny|Fake Out|p1a: Mew\n|-crit|p1a: Mew\n|-damage|p1a: Mew|74\/100\n|cant|p1a: Mew|flinch\n|\n|upkeep\n|turn|2\n|\n|t:|1700248543\n|move|p2a: Lopunny|Last Resort|p1a: Mew\n|-damage|p1a: Mew|7\/100\n|-enditem|p1a: Mew|Aguav Berry|[eat]\n|-heal|p1a: Mew|40\/100|[from] item: Aguav Berry\n|move|p1a: Mew|Stealth Rock|p2a: Lopunny\n|-sidestart|p2: Precel44|move: Stealth Rock\n|\n|upkeep\n|turn|3\n|\n|t:|1700248551\n|move|p2a: Lopunny|Last Resort|p1a: Mew\n|-damage|p1a: Mew|0 fnt\n|faint|p1a: Mew\n|\n|upkeep\n|\n|t:|1700248559\n|switch|p1a: Toxapex|Toxapex, F|100\/100\n|turn|4\n|\n|t:|1700248566\n|move|p2a: Lopunny|Last Resort|p1a: Toxapex\n|-damage|p1a: Toxapex|42\/100\n|move|p1a: Toxapex|Toxic Spikes|p2a: Lopunny\n|-sidestart|p2: Precel44|move: Toxic Spikes\n|\n|upkeep\n|turn|5\n|\n|t:|1700248572\n|move|p1a: Toxapex|Baneful Bunker|p1a: Toxapex\n|-singleturn|p1a: Toxapex|move: Protect\n|move|p2a: Lopunny|Last Resort|p1a: Toxapex\n|-activate|p1a: Toxapex|move: Protect\n|-status|p2a: Lopunny|psn\n|\n|-damage|p2a: Lopunny|88\/100 psn|[from] psn\n|upkeep\n|turn|6\n|\n|t:|1700248583\n|move|p2a: Lopunny|Last Resort|p1a: Toxapex\n|-damage|p1a: Toxapex|0 fnt\n|faint|p1a: Toxapex\n|\n|-damage|p2a: Lopunny|76\/100 psn|[from] psn\n|upkeep\n|\n|t:|1700248590\n|switch|p1a: Skarmory|Skarmory, M|100\/100\n|turn|7\n|\n|t:|1700248597\n|switch|p2a: Salazzle|Salazzle, F|100\/100\n|-sideend|p2: Precel44|move: Toxic Spikes|[of] p2a: Salazzle\n|move|p1a: Skarmory|Tailwind|p1a: Skarmory\n|-sidestart|p1: GeNrex1128|move: Tailwind\n|\n|upkeep\n|turn|8\n|\n|t:|1700248603\n|move|p1a: Skarmory|Spikes|p2a: Salazzle\n|-sidestart|p2: Precel44|Spikes\n|move|p2a: Salazzle|Toxic|p1a: Skarmory\n|-status|p1a: Skarmory|tox\n|\n|-damage|p1a: Skarmory|94\/100 tox|[from] psn\n|upkeep\n|turn|9\n|\n|t:|1700248613\n|move|p2a: Salazzle|Protect|p2a: Salazzle\n|-singleturn|p2a: Salazzle|Protect\n|move|p1a: Skarmory|Spikes|p2a: Salazzle\n|-sidestart|p2: Precel44|Spikes\n|\n|-damage|p1a: Skarmory|82\/100 tox|[from] psn\n|upkeep\n|turn|10\n|\n|t:|1700248622\n|move|p1a: Skarmory|Spikes|p2a: Salazzle\n|-sidestart|p2: Precel44|Spikes\n|move|p2a: Salazzle|Flamethrower|p1a: Skarmory\n|-supereffective|p1a: Skarmory\n|-damage|p1a: Skarmory|0 fnt\n|faint|p1a: Skarmory\n|\n|-sideend|p1: GeNrex1128|move: Tailwind\n|upkeep\n|\n|t:|1700248632\n|switch|p1a: Donphan|Donphan, F|100\/100\n|turn|11\n|\n|t:|1700248636\n|move|p2a: Salazzle|Toxic|p1a: Donphan\n|-status|p1a: Donphan|tox\n|move|p1a: Donphan|Earthquake|p2a: Salazzle\n|-supereffective|p2a: Salazzle\n|-damage|p2a: Salazzle|0 fnt\n|faint|p2a: Salazzle\n|\n|-damage|p1a: Donphan|94\/100 tox|[from] psn\n|upkeep\n|\n|t:|1700248646\n|switch|p2a: Tsareena|Tsareena, F|100\/100\n|turn|12\n|\n|t:|1700248652\n|move|p2a: Tsareena|Rapid Spin|p1a: Donphan\n|-damage|p1a: Donphan|79\/100 tox\n|-boost|p2a: Tsareena|spe|1\n|-sideend|p2: Precel44|Spikes|[from] move: Rapid Spin|[of] p2a: Tsareena\n|-sideend|p2: Precel44|Stealth Rock|[from] move: Rapid Spin|[of] p2a: Tsareena\n|move|p1a: Donphan|Roar|p2a: Tsareena\n|drag|p2a: Gardevoir|Gardevoir, F|100\/100\n|\n|-damage|p1a: Donphan|67\/100 tox|[from] psn\n|upkeep\n|turn|13\n|\n|t:|1700248664\n|move|p2a: Gardevoir|Knock Off|p1a: Donphan\n|-damage|p1a: Donphan|54\/100 tox\n|-enditem|p1a: Donphan|Aguav Berry|[from] move: Knock Off|[of] p2a: Gardevoir\n|move|p1a: Donphan|Ancient Power|p2a: Gardevoir\n|-damage|p2a: Gardevoir|91\/100\n|\n|-damage|p1a: Donphan|36\/100 tox|[from] psn\n|upkeep\n|turn|14\n|\n|t:|1700248678\n|switch|p2a: Primarina|Primarina, F|100\/100\n|move|p1a: Donphan|Ancient Power|p2a: Primarina\n|-damage|p2a: Primarina|93\/100\n|\n|-heal|p2a: Primarina|99\/100|[from] item: Leftovers\n|-damage|p1a: Donphan|11\/100 tox|[from] psn\n|upkeep\n|turn|15\n|\n|t:|1700248688\n|move|p1a: Donphan|Ancient Power|p2a: Primarina\n|-damage|p2a: Primarina|91\/100\n|move|p2a: Primarina|Scald|p1a: Donphan\n|-supereffective|p1a: Donphan\n|-damage|p1a: Donphan|0 fnt\n|faint|p1a: Donphan\n|\n|-heal|p2a: Primarina|97\/100|[from] item: Leftovers\n|upkeep\n|\n|t:|1700248699\n|switch|p1a: Honchkrow|Honchkrow, M|100\/100\n|turn|16\n|\n|t:|1700248708\n|move|p2a: Primarina|Moonblast|p1a: Honchkrow\n|-supereffective|p1a: Honchkrow\n|-damage|p1a: Honchkrow|0 fnt\n|faint|p1a: Honchkrow\n|\n|-heal|p2a: Primarina|100\/100|[from] item: Leftovers\n|upkeep\n|\n|t:|1700248716\n|switch|p1a: Kingambit|Kingambit, M|100\/100\n|-activate|p1a: Kingambit|ability: Supreme Overlord\n|-start|p1a: Kingambit|fallen5|[silent]\n|turn|17\n|\n|t:|1700248730\n|move|p1a: Kingambit|Swords Dance|p1a: Kingambit\n|-boost|p1a: Kingambit|atk|2\n|move|p2a: Primarina|Moonblast|p1a: Kingambit\n|-damage|p1a: Kingambit|44\/100\n|\n|upkeep\n|turn|18\n|\n|t:|1700248738\n|-terastallize|p1a: Kingambit|Dark\n|move|p1a: Kingambit|Kowtow Cleave|p2a: Primarina\n|-resisted|p2a: Primarina\n|-damage|p2a: Primarina|0 fnt\n|faint|p2a: Primarina\n|\n|upkeep\n|\n|t:|1700248755\n|switch|p2a: Lopunny|Lopunny-Mega, F|76\/100 psn\n|turn|19\n|\n|t:|1700248761\n|move|p2a: Lopunny|Fake Out|p1a: Kingambit\n|-damage|p1a: Kingambit|26\/100\n|cant|p1a: Kingambit|flinch\n|\n|-damage|p2a: Lopunny|64\/100 psn|[from] psn\n|upkeep\n|turn|20\n|\n|t:|1700248773\n|switch|p2a: Gardevoir|Gardevoir, F|91\/100\n|move|p1a: Kingambit|Sucker Punch||[still]\n|-fail|p1a: Kingambit\n|\n|upkeep\n|turn|21\n|\n|t:|1700248783\n|move|p1a: Kingambit|Sucker Punch|p2a: Gardevoir\n|-damage|p2a: Gardevoir|0 fnt\n|faint|p2a: Gardevoir\n|\n|upkeep\n|\n|t:|1700248788\n|switch|p2a: Lopunny|Lopunny-Mega, F|64\/100 psn\n|turn|22\n|\n|t:|1700248793\n|move|p2a: Lopunny|Fake Out|p1a: Kingambit\n|-damage|p1a: Kingambit|8\/100\n|cant|p1a: Kingambit|flinch\n|\n|-damage|p2a: Lopunny|52\/100 psn|[from] psn\n|upkeep\n|turn|23\n|\n|t:|1700248805\n|switch|p2a: Pheromosa|Pheromosa|100\/100\n|move|p1a: Kingambit|Kowtow Cleave|p2a: Pheromosa\n|-resisted|p2a: Pheromosa\n|-damage|p2a: Pheromosa|0 fnt\n|faint|p2a: Pheromosa\n|\n|upkeep\n|\n|t:|1700248813\n|switch|p2a: Lopunny|Lopunny-Mega, F|52\/100 psn\n|turn|24\n|\n|t:|1700248817\n|move|p2a: Lopunny|Fake Out|p1a: Kingambit\n|-damage|p1a: Kingambit|0 fnt\n|faint|p1a: Kingambit\n|-end|p1a: Kingambit|fallen5|[silent]\n|\n|win|Precel44\n|raw|GeNrex1128's rating: 1085 &rarr; <strong>1060<\/strong><br \/>(-25 for losing)\n|raw|Precel44's rating: 1046 &rarr; <strong>1083<\/strong><br \/>(+37 for winning)\n|l|\u2606GeNrex1128\n|c|\u2606Precel44|Gg\n","uploadtime":1700248832,"views":7,"p1id":"genrex1128","p2id":"precel44","formatid":"gen9nationaldexubers","rating":1060,"private":0,"password":""}