{"id":"gen9nationaldexubers-1978721031","p1":"AllysaFantasy","p2":"Chaitanya15","format":"[Gen 9] National Dex Ubers","log":"|j|\u2606AllysaFantasy\n|j|\u2606Chaitanya15\n|t:|1698586801\n|gametype|singles\n|player|p1|AllysaFantasy|ingo|1140\n|player|p2|Chaitanya15|102|1213\n|teamsize|p1|6\n|teamsize|p2|6\n|gen|9\n|tier|[Gen 9] National Dex Ubers\n|rated|\n|rule|HP Percentage Mod: HP is shown in percentages\n|rule|Endless Battle Clause: Forcing endless battles is banned\n|rule|OHKO Clause: OHKO moves are banned\n|rule|Evasion Moves Clause: Evasion moves are banned\n|rule|Evasion Items Clause: Evasion items are banned\n|rule|Species Clause: Limit one of each Pok\u00e9mon\n|rule|Sleep Clause Mod: Limit one foe put to sleep\n|rule|Mega Rayquaza Clause: You cannot mega evolve Rayquaza\n|clearpoke\n|poke|p1|Marshadow|\n|poke|p1|Roserade, M|\n|poke|p1|Primarina, F|\n|poke|p1|Galvantula, M|\n|poke|p1|Gliscor, M|\n|poke|p1|Arcanine, M|\n|poke|p2|Pikachu, F|\n|poke|p2|Dragonite, F|\n|poke|p2|Gengar, F|\n|poke|p2|Sirfetch\u2019d, M|\n|poke|p2|Lucario, F|\n|poke|p2|Dracovish|\n|teampreview\n|\n|t:|1698586807\n|start\n|switch|p1a: Emmet|Galvantula, M|100\/100\n|switch|p2a: Pikachu|Pikachu, F|100\/100\n|turn|1\n|inactive|Battle timer is ON: inactive players will automatically lose when time's up. (requested by Chaitanya15)\n|c|\u2606AllysaFantasy|ARE YOU USING ASH'S TEAM??\n|\n|t:|1698586821\n|move|p2a: Pikachu|Fake Out|p1a: Emmet\n|-damage|p1a: Emmet|68\/100\n|cant|p1a: Emmet|flinch\n|\n|upkeep\n|turn|2\n|\n|t:|1698586828\n|switch|p2a: Dracovish|Dracovish|100\/100\n|move|p1a: Emmet|Sticky Web|p2a: Dracovish\n|-sidestart|p2: Chaitanya15|move: Sticky Web\n|\n|upkeep\n|turn|3\n|c|\u2606Chaitanya15|Yeah\n|c|\u2606AllysaFantasy|Thats cool\n|\n|t:|1698586847\n|move|p2a: Dracovish|Fishious Rend|p1a: Emmet\n|-damage|p1a: Emmet|0 fnt\n|faint|p1a: Emmet\n|\n|upkeep\n|\n|t:|1698586855\n|switch|p1a: Canina|Roserade, M|100\/100\n|turn|4\n|\n|t:|1698586859\n|move|p2a: Dracovish|Fishious Rend|p1a: Canina\n|-resisted|p1a: Canina\n|-damage|p1a: Canina|11\/100\n|-status|p2a: Dracovish|psn|[from] ability: Poison Point|[of] p1a: Canina\n|move|p1a: Canina|Toxic Spikes|p2a: Dracovish\n|-sidestart|p2: Chaitanya15|move: Toxic Spikes\n|\n|-damage|p2a: Dracovish|88\/100 psn|[from] psn\n|upkeep\n|turn|5\n|\n|t:|1698586871\n|switch|p1a: Ariel|Primarina, F|100\/100\n|move|p2a: Dracovish|Fishious Rend|p1a: Ariel\n|-resisted|p1a: Ariel\n|-damage|p1a: Ariel|20\/100\n|\n|-heal|p1a: Ariel|26\/100|[from] item: Leftovers\n|-damage|p2a: Dracovish|76\/100 psn|[from] psn\n|upkeep\n|turn|6\n|inactive|AllysaFantasy has 120 seconds left.\n|\n|t:|1698586901\n|move|p2a: Dracovish|Fishious Rend|p1a: Ariel\n|-resisted|p1a: Ariel\n|-damage|p1a: Ariel|0 fnt\n|faint|p1a: Ariel\n|\n|-damage|p2a: Dracovish|63\/100 psn|[from] psn\n|upkeep\n|inactive|AllysaFantasy has 120 seconds left.\n|\n|t:|1698586923\n|switch|p1a: Creeper|Gliscor, M|100\/100\n|turn|7\n|\n|t:|1698586930\n|move|p2a: Dracovish|Fishious Rend|p1a: Creeper\n|-supereffective|p1a: Creeper\n|-damage|p1a: Creeper|0 fnt\n|faint|p1a: Creeper\n|\n|-damage|p2a: Dracovish|51\/100 psn|[from] psn\n|upkeep\n|\n|t:|1698586940\n|switch|p1a: Arcanine|Arcanine, M|100\/100\n|-ability|p1a: Arcanine|Intimidate|boost\n|-unboost|p2a: Dracovish|atk|1\n|turn|8\n|\n|t:|1698586950\n|-terastallize|p2a: Dracovish|Water\n|-terastallize|p1a: Arcanine|Water\n|move|p2a: Dracovish|Fishious Rend|p1a: Arcanine\n|-resisted|p1a: Arcanine\n|-damage|p1a: Arcanine|43\/100\n|move|p1a: Arcanine|Crunch|p2a: Dracovish\n|-damage|p2a: Dracovish|23\/100 psn\n|-unboost|p2a: Dracovish|def|1\n|\n|-damage|p2a: Dracovish|11\/100 psn|[from] psn\n|upkeep\n|turn|9\n|\n|t:|1698586963\n|move|p1a: Arcanine|Extreme Speed|p2a: Dracovish\n|-damage|p2a: Dracovish|0 fnt\n|faint|p2a: Dracovish\n|\n|upkeep\n|\n|t:|1698586969\n|switch|p2a: Pikachu|Pikachu, F|100\/100\n|-activate|p2a: Pikachu|move: Sticky Web\n|-unboost|p2a: Pikachu|spe|1\n|-status|p2a: Pikachu|psn\n|turn|10\n|\n|t:|1698586986\n|move|p2a: Pikachu|Fake Out|p1a: Arcanine\n|-damage|p1a: Arcanine|22\/100\n|cant|p1a: Arcanine|flinch\n|\n|-damage|p2a: Pikachu|88\/100 psn|[from] psn\n|upkeep\n|turn|11\n|\n|t:|1698586994\n|move|p2a: Pikachu|Extreme Speed|p1a: Arcanine\n|-damage|p1a: Arcanine|0 fnt\n|faint|p1a: Arcanine\n|\n|-damage|p2a: Pikachu|76\/100 psn|[from] psn\n|upkeep\n|\n|t:|1698587005\n|switch|p1a: Canina|Roserade, M|11\/100\n|turn|12\n|\n|t:|1698587009\n|move|p2a: Pikachu|Extreme Speed|p1a: Canina\n|-damage|p1a: Canina|0 fnt\n|faint|p1a: Canina\n|\n|-damage|p2a: Pikachu|64\/100 psn|[from] psn\n|upkeep\n|\n|t:|1698587015\n|switch|p1a: Willow|Marshadow|100\/100\n|turn|13\n|inactive|AllysaFantasy has 120 seconds left.\n|\n|t:|1698587023\n|move|p1a: Willow|Spectral Thief|p2a: Pikachu\n|-damage|p2a: Pikachu|0 fnt\n|faint|p2a: Pikachu\n|\n|upkeep\n|\n|t:|1698587030\n|switch|p2a: Gengar|Gengar, F|100\/100\n|-activate|p2a: Gengar|move: Sticky Web\n|-unboost|p2a: Gengar|spe|1\n|-sideend|p2: Chaitanya15|move: Toxic Spikes|[of] p2a: Gengar\n|turn|14\n|\n|t:|1698587036\n|switch|p2a: Sirfetch\u2019d|Sirfetch\u2019d, M|100\/100\n|-activate|p2a: Sirfetch\u2019d|move: Sticky Web\n|-unboost|p2a: Sirfetch\u2019d|spe|1\n|move|p1a: Willow|Spectral Thief|p2a: Sirfetch\u2019d\n|-damage|p2a: Sirfetch\u2019d|47\/100\n|\n|upkeep\n|turn|15\n|\n|t:|1698587049\n|move|p2a: Sirfetch\u2019d|First Impression|p1a: Willow\n|-resisted|p1a: Willow\n|-crit|p1a: Willow\n|-damage|p1a: Willow|82\/100\n|move|p1a: Willow|Spectral Thief|p2a: Sirfetch\u2019d\n|-damage|p2a: Sirfetch\u2019d|0 fnt\n|faint|p2a: Sirfetch\u2019d\n|\n|upkeep\n|\n|t:|1698587060\n|switch|p2a: Dragonite|Dragonite, F|100\/100\n|turn|16\n|\n|t:|1698587063\n|move|p1a: Willow|Ice Punch|p2a: Dragonite\n|-supereffective|p2a: Dragonite\n|-damage|p2a: Dragonite|44\/100\n|-enditem|p2a: Dragonite|Weakness Policy\n|-boost|p2a: Dragonite|atk|2|[from] item: Weakness Policy\n|-boost|p2a: Dragonite|spa|2|[from] item: Weakness Policy\n|move|p2a: Dragonite|Dual Wingbeat|p1a: Willow\n|-supereffective|p1a: Willow\n|-damage|p1a: Willow|0 fnt\n|faint|p1a: Willow\n|-hitcount|p1: Willow|1\n|\n|win|Chaitanya15\n|raw|AllysaFantasy's rating: 1140 &rarr; <strong>1120<\/strong><br \/>(-20 for losing)\n|raw|Chaitanya15's rating: 1213 &rarr; <strong>1233<\/strong><br \/>(+20 for winning)\n|c|\u2606Chaitanya15|gg\n|c|\u2606AllysaFantasy|GG\n","uploadtime":1698587077,"views":20,"p1id":"allysafantasy","p2id":"chaitanya15","formatid":"gen9nationaldexubers","rating":1120,"private":0,"password":""}