{"id":"gen9nationaldexubers-1978670191","p1":"RUMYMOME","p2":"Penter","format":"[Gen 9] National Dex Ubers","log":"|j|\u2606RUMYMOME\n|j|\u2606Penter\n|inactive|Battle timer is ON: inactive players will automatically lose when time's up.\n|t:|1698578561\n|gametype|singles\n|player|p1|RUMYMOME|marshal|\n|player|p2|Penter|n|\n|teamsize|p1|6\n|teamsize|p2|6\n|gen|9\n|tier|[Gen 9] National Dex Ubers\n|rated|Tournament battle\n|rule|HP Percentage Mod: HP is shown in percentages\n|rule|Endless Battle Clause: Forcing endless battles is banned\n|rule|OHKO Clause: OHKO moves are banned\n|rule|Evasion Moves Clause: Evasion moves are banned\n|rule|Evasion Items Clause: Evasion items are banned\n|rule|Species Clause: Limit one of each Pok\u00e9mon\n|rule|Sleep Clause Mod: Limit one foe put to sleep\n|rule|Mega Rayquaza Clause: You cannot mega evolve Rayquaza\n|clearpoke\n|poke|p1|Kommo-o, F|\n|poke|p1|Blastoise-Mega, M|\n|poke|p1|Xerneas-*|\n|poke|p1|Aerodactyl-Mega, F|\n|poke|p1|Blaziken-Mega, M|\n|poke|p1|Zacian-Crowned|\n|poke|p2|Kyurem-White|\n|poke|p2|Zygarde-Complete|\n|poke|p2|Mewtwo-Mega-X|\n|poke|p2|Urshifu-*, M|\n|poke|p2|Arceus-Ground|\n|poke|p2|Yveltal|\n|teampreview\n|j|*Lady Monita \u263d\n|\n|t:|1698578588\n|start\n|switch|p1a: Blaziken|Blaziken-Mega, M|100\/100\n|switch|p2a: Kyurem|Kyurem-White|100\/100\n|-ability|p2a: Kyurem|Turboblaze\n|turn|1\n|inactive|Penter has 120 seconds left.\n|\n|t:|1698578633\n|switch|p2a: Arceus|Arceus-Ground|100\/100\n|move|p1a: Blaziken|Swords Dance|p1a: Blaziken\n|-boost|p1a: Blaziken|atk|2\n|\n|-ability|p1a: Blaziken|Speed Boost|boost\n|-boost|p1a: Blaziken|spe|1\n|upkeep\n|-start|p2a: Arceus|typechange|Normal|[silent]\n|turn|2\n|\n|t:|1698578657\n|move|p2a: Arceus|Extreme Speed|p1a: Blaziken\n|-damage|p1a: Blaziken|44\/100\n|move|p1a: Blaziken|High Jump Kick|p2a: Arceus|[miss]\n|-miss|p1a: Blaziken|p2a: Arceus\n|-damage|p1a: Blaziken|0 fnt|[from] highjumpkick\n|faint|p1a: Blaziken\n|\n|upkeep\n|\n|t:|1698578665\n|switch|p1a: Blastoise|Blastoise-Mega, M|100\/100\n|turn|3\n|c|\u2606RUMYMOME|Not again\n|inactive|Penter has 90 seconds left.\n|inactive|Penter has 60 seconds left.\n|\n|t:|1698578726\n|move|p2a: Arceus|Dragon Dance|p2a: Arceus\n|-boost|p2a: Arceus|atk|1\n|-boost|p2a: Arceus|spe|1\n|move|p1a: Blastoise|Aura Sphere|p2a: Arceus\n|-supereffective|p2a: Arceus\n|-damage|p2a: Arceus|34\/100\n|\n|-heal|p2a: Arceus|40\/100|[from] item: Leftovers\n|upkeep\n|turn|4\n|\n|t:|1698578729\n|move|p2a: Arceus|Thunder Wave|p1a: Blastoise\n|-status|p1a: Blastoise|par\n|move|p1a: Blastoise|Aura Sphere|p2a: Arceus\n|-supereffective|p2a: Arceus\n|-damage|p2a: Arceus|0 fnt\n|faint|p2a: Arceus\n|\n|upkeep\n|inactive|Penter has 60 seconds left.\n|\n|t:|1698578758\n|switch|p2a: Kyurem|Kyurem-White|100\/100\n|-ability|p2a: Kyurem|Turboblaze\n|turn|5\n|\n|t:|1698578765\n|move|p2a: Kyurem|Substitute|p2a: Kyurem\n|-start|p2a: Kyurem|Substitute\n|-damage|p2a: Kyurem|76\/100\n|cant|p1a: Blastoise|par\n|\n|-heal|p2a: Kyurem|82\/100|[from] item: Leftovers\n|upkeep\n|turn|6\n|\n|t:|1698578769\n|move|p2a: Kyurem|Freeze-Dry|p1a: Blastoise\n|-supereffective|p1a: Blastoise\n|-damage|p1a: Blastoise|20\/100 par\n|move|p1a: Blastoise|Aura Sphere|p2a: Kyurem\n|-supereffective|p2a: Kyurem\n|-end|p2a: Kyurem|Substitute\n|\n|-heal|p2a: Kyurem|88\/100|[from] item: Leftovers\n|upkeep\n|turn|7\n|\n|t:|1698578774\n|move|p2a: Kyurem|Substitute|p2a: Kyurem\n|-start|p2a: Kyurem|Substitute\n|-damage|p2a: Kyurem|63\/100\n|move|p1a: Blastoise|Aura Sphere|p2a: Kyurem\n|-supereffective|p2a: Kyurem\n|-end|p2a: Kyurem|Substitute\n|\n|-heal|p2a: Kyurem|69\/100|[from] item: Leftovers\n|upkeep\n|turn|8\n|\n|t:|1698578777\n|move|p2a: Kyurem|Substitute|p2a: Kyurem\n|-start|p2a: Kyurem|Substitute\n|-damage|p2a: Kyurem|44\/100\n|move|p1a: Blastoise|Aura Sphere|p2a: Kyurem\n|-supereffective|p2a: Kyurem\n|-end|p2a: Kyurem|Substitute\n|\n|-heal|p2a: Kyurem|50\/100|[from] item: Leftovers\n|upkeep\n|turn|9\n|\n|t:|1698578779\n|move|p2a: Kyurem|Freeze-Dry|p1a: Blastoise\n|-supereffective|p1a: Blastoise\n|-damage|p1a: Blastoise|0 fnt\n|faint|p1a: Blastoise\n|\n|-heal|p2a: Kyurem|56\/100|[from] item: Leftovers\n|upkeep\n|\n|t:|1698578784\n|switch|p1a: Xerneas|Xerneas|100\/100\n|-ability|p1a: Xerneas|Fairy Aura\n|turn|10\n|inactive|Penter has 90 seconds left.\n|\n|t:|1698578824\n|move|p1a: Xerneas|Geomancy||[still]\n|-prepare|p1a: Xerneas|Geomancy\n|-enditem|p1a: Xerneas|Power Herb\n|-anim|p1a: Xerneas|Geomancy|p1a: Xerneas\n|-boost|p1a: Xerneas|spa|2\n|-boost|p1a: Xerneas|spd|2\n|-boost|p1a: Xerneas|spe|2\n|move|p2a: Kyurem|Fusion Flare|p1a: Xerneas\n|-damage|p1a: Xerneas|82\/100\n|\n|-heal|p2a: Kyurem|63\/100|[from] item: Leftovers\n|upkeep\n|turn|11\n|\n|t:|1698578832\n|move|p1a: Xerneas|Moonblast|p2a: Kyurem\n|-supereffective|p2a: Kyurem\n|-damage|p2a: Kyurem|0 fnt\n|faint|p2a: Kyurem\n|\n|upkeep\n|inactive|Penter has 60 seconds left.\n|inactive|Penter has 30 seconds left.\n|inactive|Penter has 20 seconds left.\n|\n|t:|1698578891\n|switch|p2a: Zygarde|Zygarde-Complete|100\/100\n|turn|12\n|inactive|Penter has 30 seconds left this turn.\n|\n|t:|1698578898\n|move|p1a: Xerneas|Moonblast|p2a: Zygarde\n|-supereffective|p2a: Zygarde\n|-damage|p2a: Zygarde|0 fnt\n|faint|p2a: Zygarde\n|\n|upkeep\n|inactive|Penter has 30 seconds left this turn.\n|inactive|Penter has 20 seconds left.\n|inactive|Penter has 15 seconds left.\n|inactive|Penter has 10 seconds left.\n|inactive|Penter has 5 seconds left.\n|-message|Penter lost due to inactivity.\n|\n|win|RUMYMOME\n|n|\u2606RUMYMOME|rumymome\n|n|\u2606Penter|penter\n|n|*Lady Monita \u263d|ladymonita\n","uploadtime":1698578929,"views":12,"p1id":"rumymome","p2id":"penter","formatid":"gen9nationaldexubers","rating":0,"private":0,"password":""}