{"id":"gen9nationaldexubers-1991691914","p1":"Shinning Chariot","p2":"EABL XD","format":"[Gen 9] National Dex Ubers","log":"|j|\u2606Shinning Chariot\n|j|\u2606EABL XD\n|t:|1700103246\n|gametype|singles\n|player|p1|Shinning Chariot|lillie-z|1135\n|player|p2|EABL XD|gambler|1330\n|teamsize|p1|6\n|teamsize|p2|6\n|gen|9\n|tier|[Gen 9] National Dex Ubers\n|rated|\n|rule|HP Percentage Mod: HP is shown in percentages\n|rule|Endless Battle Clause: Forcing endless battles is banned\n|rule|OHKO Clause: OHKO moves are banned\n|rule|Evasion Moves Clause: Evasion moves are banned\n|rule|Evasion Items Clause: Evasion items are banned\n|rule|Species Clause: Limit one of each Pok\u00e9mon\n|rule|Sleep Clause Mod: Limit one foe put to sleep\n|rule|Mega Rayquaza Clause: You cannot mega evolve Rayquaza\n|clearpoke\n|poke|p1|Darkrai|\n|poke|p1|Xerneas-*|\n|poke|p1|Lugia|\n|poke|p1|Groudon|\n|poke|p1|Giratina-Origin|\n|poke|p1|Flutter Mane|\n|poke|p2|Ho-Oh|\n|poke|p2|Arceus-Ghost|\n|poke|p2|Mawile, F|\n|poke|p2|Galvantula, F|\n|poke|p2|Iron Treads|\n|poke|p2|Groudon|\n|teampreview\n|inactive|Battle timer is ON: inactive players will automatically lose when time's up. (requested by Shinning Chariot)\n|\n|t:|1700103275\n|start\n|switch|p1a: Black Fire|Groudon, shiny|100\/100\n|switch|p2a: Tula|Galvantula, F|100\/100\n|detailschange|p1a: Black Fire|Groudon-Primal, shiny\n|-primal|p1a: Black Fire|Red Orb\n|-weather|DesolateLand|[from] ability: Desolate Land|[of] p1a: Black Fire\n|turn|1\n|\n|t:|1700103287\n|move|p2a: Tula|Sticky Web|p1a: Black Fire\n|-sidestart|p1: Shinning Chariot|move: Sticky Web\n|move|p1a: Black Fire|Overheat|p2a: Tula\n|-supereffective|p2a: Tula\n|-enditem|p2a: Tula|Focus Sash\n|-damage|p2a: Tula|1\/100\n|-unboost|p1a: Black Fire|spa|2\n|\n|-weather|DesolateLand|[upkeep]\n|upkeep\n|turn|2\n|\n|t:|1700103294\n|switch|p2a: Don|Groudon, shiny|100\/100\n|detailschange|p2a: Don|Groudon-Primal, shiny\n|-primal|p2a: Don|Red Orb\n|move|p1a: Black Fire|Solar Beam||[still]\n|-prepare|p1a: Black Fire|Solar Beam\n|-anim|p1a: Black Fire|Solar Beam|p2a: Don\n|-damage|p2a: Don|78\/100\n|\n|-weather|DesolateLand|[upkeep]\n|upkeep\n|turn|3\n|\n|t:|1700103299\n|move|p2a: Don|Earthquake|p1a: Black Fire\n|-supereffective|p1a: Black Fire\n|-damage|p1a: Black Fire|22\/100\n|move|p1a: Black Fire|Earthquake|p2a: Don\n|-supereffective|p2a: Don\n|-damage|p2a: Don|7\/100\n|\n|-weather|DesolateLand|[upkeep]\n|upkeep\n|turn|4\n|\n|t:|1700103311\n|switch|p1a: Flair|Lugia|100\/100\n|move|p2a: Don|Heat Crash|p1a: Flair\n|-damage|p1a: Flair|72\/100\n|\n|-weather|DesolateLand|[upkeep]\n|upkeep\n|turn|5\n|\n|t:|1700103319\n|move|p2a: Don|Heat Crash|p1a: Flair\n|-damage|p1a: Flair|10\/100\n|move|p1a: Flair|Defog|p2a: Don\n|-unboost|p2a: Don|evasion|1\n|-sideend|p1: Shinning Chariot|Sticky Web|[from] move: Defog|[of] p1a: Flair\n|\n|-weather|DesolateLand|[upkeep]\n|upkeep\n|turn|6\n|\n|t:|1700103329\n|move|p2a: Don|Heat Crash|p1a: Flair\n|-damage|p1a: Flair|0 fnt\n|faint|p1a: Flair\n|\n|-weather|DesolateLand|[upkeep]\n|upkeep\n|\n|t:|1700103333\n|switch|p1a: Ominous specter|Giratina-Origin, shiny|100\/100\n|turn|7\n|\n|t:|1700103346\n|move|p1a: Ominous specter|Shadow Sneak|p2a: Don\n|-damage|p2a: Don|0 fnt\n|faint|p2a: Don\n|-weather|none\n|\n|upkeep\n|\n|t:|1700103352\n|switch|p2a: Arceus|Arceus-Ghost|100\/100\n|turn|8\n|\n|t:|1700103363\n|-terastallize|p1a: Ominous specter|Fairy\n|move|p2a: Arceus|Toxic|p1a: Ominous specter\n|-status|p1a: Ominous specter|tox\n|move|p1a: Ominous specter|Phantom Force||[still]\n|-prepare|p1a: Ominous specter|Phantom Force\n|\n|-damage|p1a: Ominous specter|94\/100 tox|[from] psn\n|upkeep\n|turn|9\n|\n|t:|1700103378\n|move|p2a: Arceus|Judgment|p1a: Ominous specter|[miss]\n|-miss|p2a: Arceus|p1a: Ominous specter\n|move|p1a: Ominous specter|Phantom Force|p2a: Arceus|[from]lockedmove\n|-supereffective|p2a: Arceus\n|-damage|p2a: Arceus|37\/100\n|\n|-damage|p1a: Ominous specter|82\/100 tox|[from] psn\n|upkeep\n|turn|10\n|\n|t:|1700103385\n|move|p1a: Ominous specter|Shadow Sneak|p2a: Arceus\n|-supereffective|p2a: Arceus\n|-damage|p2a: Arceus|3\/100\n|move|p2a: Arceus|Recover|p2a: Arceus\n|-heal|p2a: Arceus|54\/100\n|\n|-damage|p1a: Ominous specter|63\/100 tox|[from] psn\n|upkeep\n|turn|11\n|\n|t:|1700103390\n|switch|p1a: Rainbow Whirl|Xerneas|100\/100\n|-ability|p1a: Rainbow Whirl|Fairy Aura\n|move|p2a: Arceus|Recover|p2a: Arceus\n|-heal|p2a: Arceus|100\/100\n|\n|upkeep\n|turn|12\n|\n|t:|1700103396\n|-terastallize|p2a: Arceus|Ghost\n|move|p2a: Arceus|Judgment|p1a: Rainbow Whirl\n|-damage|p1a: Rainbow Whirl|47\/100\n|move|p1a: Rainbow Whirl|Aromatherapy|p1a: Rainbow Whirl\n|-activate|p1a: Rainbow Whirl|move: Aromatherapy\n|-curestatus|p1: Ominous specter|tox|[msg]\n|\n|-heal|p1a: Rainbow Whirl|54\/100|[from] item: Leftovers\n|upkeep\n|turn|13\n|\n|t:|1700103408\n|move|p1a: Rainbow Whirl|Protect|p1a: Rainbow Whirl\n|-singleturn|p1a: Rainbow Whirl|Protect\n|move|p2a: Arceus|Toxic|p1a: Rainbow Whirl\n|-activate|p1a: Rainbow Whirl|move: Protect\n|\n|-heal|p1a: Rainbow Whirl|60\/100|[from] item: Leftovers\n|upkeep\n|turn|14\n|\n|t:|1700103414\n|move|p2a: Arceus|Toxic|p1a: Rainbow Whirl\n|-status|p1a: Rainbow Whirl|tox\n|move|p1a: Rainbow Whirl|Draining Kiss|p2a: Arceus\n|-damage|p2a: Arceus|83\/100\n|-heal|p1a: Rainbow Whirl|72\/100 tox|[from] drain|[of] p2a: Arceus\n|\n|-heal|p1a: Rainbow Whirl|79\/100 tox|[from] item: Leftovers\n|-damage|p1a: Rainbow Whirl|72\/100 tox|[from] psn\n|upkeep\n|turn|15\n|\n|t:|1700103419\n|move|p2a: Arceus|Judgment|p1a: Rainbow Whirl\n|-damage|p1a: Rainbow Whirl|23\/100 tox\n|move|p1a: Rainbow Whirl|Aromatherapy|p1a: Rainbow Whirl\n|-activate|p1a: Rainbow Whirl|move: Aromatherapy\n|-curestatus|p1a: Rainbow Whirl|tox|[msg]\n|\n|-heal|p1a: Rainbow Whirl|29\/100|[from] item: Leftovers\n|upkeep\n|turn|16\n|\n|t:|1700103424\n|move|p1a: Rainbow Whirl|Protect|p1a: Rainbow Whirl\n|-singleturn|p1a: Rainbow Whirl|Protect\n|move|p2a: Arceus|Toxic|p1a: Rainbow Whirl\n|-activate|p1a: Rainbow Whirl|move: Protect\n|\n|-heal|p1a: Rainbow Whirl|35\/100|[from] item: Leftovers\n|upkeep\n|turn|17\n|\n|t:|1700103434\n|switch|p1a: Black Fire|Groudon-Primal, shiny|22\/100\n|-weather|DesolateLand|[from] ability: Desolate Land|[of] p1a: Black Fire\n|move|p2a: Arceus|Judgment|p1a: Black Fire\n|-damage|p1a: Black Fire|0 fnt\n|faint|p1a: Black Fire\n|-weather|none\n|\n|upkeep\n|\n|t:|1700103441\n|switch|p1a: Back Fire|Darkrai|100\/100\n|turn|18\n|\n|t:|1700103449\n|move|p1a: Back Fire|Shadow Ball|p2a: Arceus\n|-supereffective|p2a: Arceus\n|-damage|p2a: Arceus|48\/100\n|move|p2a: Arceus|Aura Sphere|p1a: Back Fire\n|-supereffective|p1a: Back Fire\n|-damage|p1a: Back Fire|34\/100\n|\n|upkeep\n|turn|19\n|\n|t:|1700103455\n|move|p1a: Back Fire|Shadow Ball|p2a: Arceus\n|-supereffective|p2a: Arceus\n|-damage|p2a: Arceus|12\/100\n|move|p2a: Arceus|Recover|p2a: Arceus\n|-heal|p2a: Arceus|62\/100\n|\n|upkeep\n|turn|20\n|\n|t:|1700103461\n|move|p1a: Back Fire|Shadow Ball|p2a: Arceus\n|-supereffective|p2a: Arceus\n|-damage|p2a: Arceus|26\/100\n|move|p2a: Arceus|Recover|p2a: Arceus\n|-heal|p2a: Arceus|77\/100\n|\n|upkeep\n|turn|21\n|\n|t:|1700103466\n|move|p1a: Back Fire|Shadow Ball|p2a: Arceus\n|-supereffective|p2a: Arceus\n|-damage|p2a: Arceus|40\/100\n|move|p2a: Arceus|Recover|p2a: Arceus\n|-heal|p2a: Arceus|91\/100\n|\n|upkeep\n|turn|22\n|\n|t:|1700103470\n|move|p1a: Back Fire|Shadow Ball|p2a: Arceus\n|-supereffective|p2a: Arceus\n|-damage|p2a: Arceus|54\/100\n|move|p2a: Arceus|Aura Sphere|p1a: Back Fire\n|-supereffective|p1a: Back Fire\n|-damage|p1a: Back Fire|0 fnt\n|faint|p1a: Back Fire\n|\n|upkeep\n|\n|t:|1700103476\n|switch|p1a: C End|Flutter Mane, shiny|100\/100\n|turn|23\n|\n|t:|1700103480\n|move|p1a: C End|Shadow Ball|p2a: Arceus\n|-supereffective|p2a: Arceus\n|-damage|p2a: Arceus|0 fnt\n|faint|p2a: Arceus\n|\n|upkeep\n|\n|t:|1700103486\n|switch|p2a: Maya|Mawile, F, shiny|100\/100\n|turn|24\n|\n|t:|1700103491\n|-end|p1a: C End|Protosynthesis|[silent]\n|switch|p1a: Rainbow Whirl|Xerneas|35\/100\n|-ability|p1a: Rainbow Whirl|Fairy Aura\n|detailschange|p2a: Maya|Mawile-Mega, F, shiny\n|-mega|p2a: Maya|Mawile|Mawilite\n|move|p2a: Maya|Sucker Punch||[still]\n|-fail|p2a: Maya\n|\n|-heal|p1a: Rainbow Whirl|42\/100|[from] item: Leftovers\n|upkeep\n|turn|25\n|\n|t:|1700103500\n|move|p1a: Rainbow Whirl|Protect|p1a: Rainbow Whirl\n|-singleturn|p1a: Rainbow Whirl|Protect\n|move|p2a: Maya|Iron Head|p1a: Rainbow Whirl\n|-activate|p1a: Rainbow Whirl|move: Protect\n|\n|-heal|p1a: Rainbow Whirl|48\/100|[from] item: Leftovers\n|upkeep\n|turn|26\n|\n|t:|1700103506\n|move|p1a: Rainbow Whirl|Close Combat|p2a: Maya\n|-damage|p2a: Maya|56\/100\n|-unboost|p1a: Rainbow Whirl|def|1\n|-unboost|p1a: Rainbow Whirl|spd|1\n|move|p2a: Maya|Iron Head|p1a: Rainbow Whirl\n|-supereffective|p1a: Rainbow Whirl\n|-damage|p1a: Rainbow Whirl|0 fnt\n|faint|p1a: Rainbow Whirl\n|\n|upkeep\n|\n|t:|1700103510\n|switch|p1a: Ominous specter|Giratina-Origin, shiny, tera:Fairy|63\/100\n|turn|27\n|\n|t:|1700103516\n|move|p1a: Ominous specter|Earthquake|p2a: Maya\n|-supereffective|p2a: Maya\n|-damage|p2a: Maya|0 fnt\n|faint|p2a: Maya\n|\n|upkeep\n|\n|t:|1700103525\n|switch|p2a: Iron Treads|Iron Treads|100\/100\n|-enditem|p2a: Iron Treads|Booster Energy\n|-activate|p2a: Iron Treads|ability: Quark Drive|[fromitem]\n|-start|p2a: Iron Treads|quarkdriveatk\n|turn|28\n|\n|t:|1700103532\n|move|p2a: Iron Treads|Stealth Rock|p1a: Ominous specter\n|-sidestart|p1: Shinning Chariot|move: Stealth Rock\n|move|p1a: Ominous specter|Earthquake|p2a: Iron Treads\n|-supereffective|p2a: Iron Treads\n|-damage|p2a: Iron Treads|41\/100\n|\n|upkeep\n|turn|29\n|\n|t:|1700103539\n|move|p2a: Iron Treads|Iron Head|p1a: Ominous specter\n|-supereffective|p1a: Ominous specter\n|-damage|p1a: Ominous specter|0 fnt\n|faint|p1a: Ominous specter\n|\n|upkeep\n|\n|t:|1700103545\n|switch|p1a: C End|Flutter Mane, shiny|100\/100\n|-damage|p1a: C End|88\/100|[from] Stealth Rock\n|turn|30\n|\n|t:|1700103549\n|move|p1a: C End|Shadow Ball|p2a: Iron Treads\n|-damage|p2a: Iron Treads|0 fnt\n|faint|p2a: Iron Treads\n|-end|p2a: Iron Treads|Quark Drive|[silent]\n|\n|upkeep\n|\n|t:|1700103555\n|switch|p2a: P\u00e1jaro Feo|Ho-Oh, shiny|100\/100\n|turn|31\n|\n|t:|1700103559\n|move|p1a: C End|Shadow Ball|p2a: P\u00e1jaro Feo\n|-damage|p2a: P\u00e1jaro Feo|71\/100\n|-zpower|p2a: P\u00e1jaro Feo\n|move|p2a: P\u00e1jaro Feo|Z-Celebrate|p2a: P\u00e1jaro Feo|[anim]Celebrate\n|-boost|p2a: P\u00e1jaro Feo|atk|1|[zeffect]\n|-boost|p2a: P\u00e1jaro Feo|def|1|[zeffect]\n|-boost|p2a: P\u00e1jaro Feo|spa|1|[zeffect]\n|-boost|p2a: P\u00e1jaro Feo|spd|1|[zeffect]\n|-boost|p2a: P\u00e1jaro Feo|spe|1|[zeffect]\n|-activate|p2a: P\u00e1jaro Feo|move: Celebrate\n|\n|upkeep\n|turn|32\n|-message|Shinning Chariot forfeited.\n|\n|win|EABL XD\n|raw|Shinning Chariot's rating: 1135 &rarr; <strong>1123<\/strong><br \/>(-12 for losing)\n|raw|EABL XD's rating: 1330 &rarr; <strong>1340<\/strong><br \/>(+10 for winning)\n|l|\u2606Shinning Chariot\n","uploadtime":1700103595,"views":9,"p1id":"shinningchariot","p2id":"eablxd","formatid":"gen9nationaldexubers","rating":1123,"private":0,"password":""}