{"id":"gen9nationaldexubers-1987206780","p1":"Viviexists","p2":"Frosty707","format":"[Gen 9] National Dex Ubers","log":"|j|\u2606Viviexists\n|j|\u2606Frosty707\n|t:|1699565242\n|gametype|singles\n|player|p1|Viviexists|mela|\n|player|p2|Frosty707|will|\n|teamsize|p1|6\n|teamsize|p2|6\n|gen|9\n|tier|[Gen 9] National Dex Ubers\n|rule|HP Percentage Mod: HP is shown in percentages\n|rule|Endless Battle Clause: Forcing endless battles is banned\n|rule|OHKO Clause: OHKO moves are banned\n|rule|Evasion Moves Clause: Evasion moves are banned\n|rule|Evasion Items Clause: Evasion items are banned\n|rule|Species Clause: Limit one of each Pok\u00e9mon\n|rule|Sleep Clause Mod: Limit one foe put to sleep\n|rule|Mega Rayquaza Clause: You cannot mega evolve Rayquaza\n|clearpoke\n|poke|p1|Sinistcha|\n|poke|p1|Ting-Lu|\n|poke|p1|Sableye, F|\n|poke|p1|Skeledirge, M|\n|poke|p1|Dondozo, F|\n|poke|p1|Clefable, F|\n|poke|p2|Regieleki|\n|poke|p2|Zapdos|\n|poke|p2|Rotom-Wash|\n|poke|p2|Iron Hands|\n|poke|p2|Tapu Koko|\n|poke|p2|Zeraora|\n|teampreview\n|\n|t:|1699565256\n|start\n|switch|p1a: Elf|Sableye, F|100\/100\n|switch|p2a: Tapu Koko|Tapu Koko|100\/100\n|-fieldstart|move: Electric Terrain|[from] ability: Electric Surge|[of] p2a: Tapu Koko\n|turn|1\n|c|\u2606Frosty707|whats the tera mon\n|c|\u2606Viviexists|Water dirge\n|\n|t:|1699565288\n|detailschange|p1a: Elf|Sableye-Mega, F\n|-mega|p1a: Elf|Sableye|Sablenite\n|move|p2a: Tapu Koko|Dazzling Gleam|p1a: Elf\n|-supereffective|p1a: Elf\n|-damage|p1a: Elf|23\/100\n|move|p1a: Elf|Knock Off|p2a: Tapu Koko\n|-resisted|p2a: Tapu Koko\n|-damage|p2a: Tapu Koko|80\/100\n|-enditem|p2a: Tapu Koko|Choice Specs|[from] move: Knock Off|[of] p1a: Elf\n|\n|upkeep\n|turn|2\n|c|\u2606Viviexists|not gonna be using it lol\n|\n|t:|1699565300\n|switch|p1a: Rudolph|Ting-Lu|100\/100\n|-ability|p1a: Rudolph|Vessel of Ruin\n|move|p2a: Tapu Koko|Volt Switch|p1a: Rudolph\n|-immune|p1a: Rudolph\n|\n|upkeep\n|turn|3\n|\n|t:|1699565307\n|move|p2a: Tapu Koko|U-turn|p1a: Rudolph\n|-supereffective|p1a: Rudolph\n|-damage|p1a: Rudolph|83\/100\n|\n|t:|1699565313\n|switch|p2a: Rotom|Rotom-Wash|100\/100|[from] U-turn\n|move|p1a: Rudolph|Stealth Rock|p2a: Rotom\n|-sidestart|p2: Frosty707|move: Stealth Rock\n|\n|-heal|p1a: Rudolph|89\/100|[from] item: Leftovers\n|upkeep\n|turn|4\n|\n|t:|1699565322\n|switch|p1a: Elf|Sableye-Mega, F|23\/100\n|move|p2a: Rotom|Will-O-Wisp|p1a: Elf\n|move|p1a: Elf|Will-O-Wisp|p2a: Rotom|[from]ability: Magic Bounce\n|-status|p2a: Rotom|brn\n|\n|-damage|p2a: Rotom|94\/100 brn|[from] brn\n|upkeep\n|turn|5\n|\n|t:|1699565326\n|move|p2a: Rotom|Hydro Pump|p1a: Elf\n|-damage|p1a: Elf|0 fnt\n|faint|p1a: Elf\n|\n|-heal|p2a: Rotom|100\/100 brn|[from] item: Leftovers\n|-damage|p2a: Rotom|94\/100 brn|[from] brn\n|-fieldend|move: Electric Terrain\n|upkeep\n|\n|t:|1699565329\n|switch|p1a: Die Hard|Sinistcha|100\/100\n|turn|6\n|c|\u2606Frosty707|fuck\n|\n|t:|1699565338\n|move|p2a: Rotom|Volt Switch|p1a: Die Hard\n|-resisted|p1a: Die Hard\n|-damage|p1a: Die Hard|84\/100\n|\n|t:|1699565363\n|switch|p2a: Zapdos|Zapdos|100\/100|[from] Volt Switch\n|move|p1a: Die Hard|Calm Mind|p1a: Die Hard\n|-boost|p1a: Die Hard|spa|1\n|-boost|p1a: Die Hard|spd|1\n|\n|-heal|p1a: Die Hard|90\/100|[from] item: Leftovers\n|upkeep\n|turn|7\n|\n|t:|1699565369\n|move|p2a: Zapdos|Hurricane|p1a: Die Hard|[miss]\n|-miss|p2a: Zapdos|p1a: Die Hard\n|move|p1a: Die Hard|Strength Sap|p2a: Zapdos\n|-unboost|p2a: Zapdos|atk|1\n|-heal|p1a: Die Hard|100\/100\n|\n|upkeep\n|turn|8\n|\n|t:|1699565374\n|move|p2a: Zapdos|Hurricane|p1a: Die Hard\n|-supereffective|p1a: Die Hard\n|-damage|p1a: Die Hard|32\/100\n|move|p1a: Die Hard|Matcha Gotcha|p2a: Zapdos\n|-resisted|p2a: Zapdos\n|-damage|p2a: Zapdos|77\/100\n|-heal|p1a: Die Hard|46\/100|[from] drain|[of] p2a: Zapdos\n|\n|-heal|p1a: Die Hard|52\/100|[from] item: Leftovers\n|upkeep\n|turn|9\n|\n|t:|1699565383\n|switch|p1a: Rudolph|Ting-Lu|89\/100\n|-ability|p1a: Rudolph|Vessel of Ruin\n|move|p2a: Zapdos|Hurricane|p1a: Rudolph|[miss]\n|-miss|p2a: Zapdos|p1a: Rudolph\n|\n|-heal|p1a: Rudolph|95\/100|[from] item: Leftovers\n|upkeep\n|turn|10\n|\n|t:|1699565389\n|move|p2a: Zapdos|U-turn|p1a: Rudolph\n|-supereffective|p1a: Rudolph\n|-damage|p1a: Rudolph|85\/100\n|\n|t:|1699565392\n|switch|p2a: Rotom|Rotom-Wash|94\/100 brn|[from] U-turn\n|-damage|p2a: Rotom|82\/100 brn|[from] Stealth Rock\n|move|p1a: Rudolph|Spikes|p2a: Rotom\n|-sidestart|p2: Frosty707|Spikes\n|\n|-heal|p2a: Rotom|88\/100 brn|[from] item: Leftovers\n|-heal|p1a: Rudolph|91\/100|[from] item: Leftovers\n|-damage|p2a: Rotom|82\/100 brn|[from] brn\n|upkeep\n|turn|11\n|\n|t:|1699565398\n|move|p2a: Rotom|Defog|p1a: Rudolph\n|-unboost|p1a: Rudolph|evasion|1\n|-sideend|p2: Frosty707|Spikes|[from] move: Defog|[of] p2a: Rotom\n|-sideend|p2: Frosty707|Stealth Rock|[from] move: Defog|[of] p2a: Rotom\n|move|p1a: Rudolph|Stealth Rock|p2a: Rotom\n|-sidestart|p2: Frosty707|move: Stealth Rock\n|\n|-heal|p2a: Rotom|88\/100 brn|[from] item: Leftovers\n|-heal|p1a: Rudolph|97\/100|[from] item: Leftovers\n|-damage|p2a: Rotom|82\/100 brn|[from] brn\n|upkeep\n|turn|12\n|\n|t:|1699565408\n|switch|p1a: Frosty the Snowman|Clefable, F|100\/100\n|move|p2a: Rotom|Volt Switch|p1a: Frosty the Snowman\n|-damage|p1a: Frosty the Snowman|83\/100\n|c|\u2606Viviexists|Its you!!!\n|\n|t:|1699565451\n|switch|p2a: 1984|Zeraora|100\/100|[from] Volt Switch\n|-damage|p2a: 1984|88\/100|[from] Stealth Rock\n|\n|-heal|p1a: Frosty the Snowman|89\/100|[from] item: Leftovers\n|upkeep\n|turn|13\n|\n|t:|1699565459\n|switch|p1a: Rudolph|Ting-Lu|97\/100\n|-ability|p1a: Rudolph|Vessel of Ruin\n|move|p2a: 1984|Play Rough|p1a: Rudolph\n|-supereffective|p1a: Rudolph\n|-damage|p1a: Rudolph|52\/100\n|-unboost|p1a: Rudolph|atk|1\n|\n|-heal|p1a: Rudolph|58\/100|[from] item: Leftovers\n|upkeep\n|turn|14\n|\n|t:|1699565472\n|switch|p2a: Rotom|Rotom-Wash|82\/100 brn\n|-damage|p2a: Rotom|69\/100 brn|[from] Stealth Rock\n|switch|p1a: Home Alone|Dondozo, F|100\/100\n|\n|-heal|p2a: Rotom|75\/100 brn|[from] item: Leftovers\n|-damage|p2a: Rotom|69\/100 brn|[from] brn\n|upkeep\n|turn|15\n|\n|t:|1699565479\n|move|p2a: Rotom|Will-O-Wisp|p1a: Home Alone|[miss]\n|-miss|p2a: Rotom|p1a: Home Alone\n|move|p1a: Home Alone|Wave Crash|p2a: Rotom\n|-resisted|p2a: Rotom\n|-damage|p2a: Rotom|48\/100 brn\n|-damage|p1a: Home Alone|96\/100|[from] Recoil\n|\n|-heal|p2a: Rotom|54\/100 brn|[from] item: Leftovers\n|-heal|p1a: Home Alone|100\/100|[from] item: Leftovers\n|-damage|p2a: Rotom|48\/100 brn|[from] brn\n|upkeep\n|turn|16\n|\n|t:|1699565485\n|move|p2a: Rotom|Defog|p1a: Home Alone\n|-unboost|p1a: Home Alone|evasion|1\n|-sideend|p2: Frosty707|Stealth Rock|[from] move: Defog|[of] p2a: Rotom\n|move|p1a: Home Alone|Wave Crash|p2a: Rotom\n|-resisted|p2a: Rotom\n|-damage|p2a: Rotom|27\/100 brn\n|-damage|p1a: Home Alone|96\/100|[from] Recoil\n|\n|-heal|p2a: Rotom|33\/100 brn|[from] item: Leftovers\n|-heal|p1a: Home Alone|100\/100|[from] item: Leftovers\n|-damage|p2a: Rotom|27\/100 brn|[from] brn\n|upkeep\n|turn|17\n|\n|t:|1699565496\n|move|p2a: Rotom|Will-O-Wisp|p1a: Home Alone\n|-status|p1a: Home Alone|brn\n|move|p1a: Home Alone|Wave Crash|p2a: Rotom\n|-resisted|p2a: Rotom\n|-damage|p2a: Rotom|16\/100 brn\n|-damage|p1a: Home Alone|98\/100 brn|[from] Recoil\n|\n|-heal|p2a: Rotom|22\/100 brn|[from] item: Leftovers\n|-heal|p1a: Home Alone|100\/100 brn|[from] item: Leftovers\n|-damage|p2a: Rotom|16\/100 brn|[from] brn\n|-damage|p1a: Home Alone|94\/100 brn|[from] brn\n|upkeep\n|turn|18\n|\n|t:|1699565501\n|move|p2a: Rotom|Volt Switch|p1a: Home Alone\n|-supereffective|p1a: Home Alone\n|-damage|p1a: Home Alone|42\/100 brn\n|\n|t:|1699565507\n|switch|p2a: Tapu Koko|Tapu Koko|80\/100|[from] Volt Switch\n|-fieldstart|move: Electric Terrain|[from] ability: Electric Surge|[of] p2a: Tapu Koko\n|move|p1a: Home Alone|Rest||[still]\n|-activate|p1a: Home Alone|move: Electric Terrain\n|-fail|p1a: Home Alone\n|\n|-heal|p1a: Home Alone|48\/100 brn|[from] item: Leftovers\n|-damage|p1a: Home Alone|42\/100 brn|[from] brn\n|upkeep\n|turn|19\n|\n|t:|1699565517\n|switch|p1a: A Christmas Carol|Skeledirge, M|100\/100\n|move|p2a: Tapu Koko|Volt Switch|p1a: A Christmas Carol\n|-damage|p1a: A Christmas Carol|75\/100\n|\n|t:|1699565528\n|switch|p2a: 1984|Zeraora|88\/100|[from] Volt Switch\n|\n|upkeep\n|turn|20\n|\n|t:|1699565532\n|move|p2a: 1984|Knock Off|p1a: A Christmas Carol\n|-supereffective|p1a: A Christmas Carol\n|-crit|p1a: A Christmas Carol\n|-damage|p1a: A Christmas Carol|0 fnt\n|-enditem|p1a: A Christmas Carol|Heavy-Duty Boots|[from] move: Knock Off|[of] p2a: 1984\n|faint|p1a: A Christmas Carol\n|\n|upkeep\n|\n|t:|1699565536\n|switch|p1a: Die Hard|Sinistcha|52\/100\n|turn|21\n|\n|t:|1699565540\n|move|p2a: 1984|Knock Off|p1a: Die Hard\n|-supereffective|p1a: Die Hard\n|-damage|p1a: Die Hard|0 fnt\n|-enditem|p1a: Die Hard|Leftovers|[from] move: Knock Off|[of] p2a: 1984\n|faint|p1a: Die Hard\n|\n|upkeep\n|\n|t:|1699565543\n|switch|p1a: Frosty the Snowman|Clefable, F|89\/100\n|turn|22\n|\n|t:|1699565550\n|switch|p2a: Rotom|Rotom-Wash|16\/100 brn\n|move|p1a: Frosty the Snowman|Moonblast|p2a: Rotom\n|-damage|p2a: Rotom|0 fnt\n|faint|p2a: Rotom\n|\n|-heal|p1a: Frosty the Snowman|95\/100|[from] item: Leftovers\n|-fieldend|move: Electric Terrain\n|upkeep\n|c|\u2606Viviexists|I\u2019m stupid\n|\n|t:|1699565555\n|switch|p2a: Tapu Koko|Tapu Koko|80\/100\n|-fieldstart|move: Electric Terrain|[from] ability: Electric Surge|[of] p2a: Tapu Koko\n|turn|23\n|c|\u2606Viviexists|stupif\n|\n|t:|1699565562\n|move|p2a: Tapu Koko|U-turn|p1a: Frosty the Snowman\n|-resisted|p1a: Frosty the Snowman\n|-damage|p1a: Frosty the Snowman|86\/100\n|\n|t:|1699565569\n|switch|p2a: 1984|Zeraora|88\/100|[from] U-turn\n|move|p1a: Frosty the Snowman|Moonblast|p2a: 1984\n|-damage|p2a: 1984|47\/100\n|-unboost|p2a: 1984|spa|1\n|\n|-heal|p1a: Frosty the Snowman|92\/100|[from] item: Leftovers\n|upkeep\n|turn|24\n|\n|t:|1699565578\n|switch|p1a: Rudolph|Ting-Lu|58\/100\n|-ability|p1a: Rudolph|Vessel of Ruin\n|move|p2a: 1984|Play Rough|p1a: Rudolph\n|-supereffective|p1a: Rudolph\n|-damage|p1a: Rudolph|15\/100\n|-unboost|p1a: Rudolph|atk|1\n|\n|-heal|p1a: Rudolph|21\/100|[from] item: Leftovers\n|upkeep\n|turn|25\n|\n|t:|1699565585\n|switch|p1a: Frosty the Snowman|Clefable, F|92\/100\n|move|p2a: 1984|Play Rough|p1a: Frosty the Snowman\n|-damage|p1a: Frosty the Snowman|48\/100\n|\n|-heal|p1a: Frosty the Snowman|54\/100|[from] item: Leftovers\n|upkeep\n|turn|26\n|\n|t:|1699565596\n|move|p2a: 1984|Play Rough|p1a: Frosty the Snowman\n|-damage|p1a: Frosty the Snowman|4\/100\n|move|p1a: Frosty the Snowman|Soft-Boiled|p1a: Frosty the Snowman\n|-heal|p1a: Frosty the Snowman|54\/100\n|\n|-heal|p1a: Frosty the Snowman|60\/100|[from] item: Leftovers\n|upkeep\n|turn|27\n|\n|t:|1699565611\n|switch|p2a: Zapdos|Zapdos|77\/100\n|move|p1a: Frosty the Snowman|Soft-Boiled|p1a: Frosty the Snowman\n|-heal|p1a: Frosty the Snowman|100\/100\n|\n|-fieldend|move: Electric Terrain\n|upkeep\n|turn|28\n|\n|t:|1699565615\n|move|p2a: Zapdos|Hurricane|p1a: Frosty the Snowman\n|-damage|p1a: Frosty the Snowman|72\/100\n|move|p1a: Frosty the Snowman|Knock Off|p2a: Zapdos\n|-damage|p2a: Zapdos|64\/100\n|-enditem|p2a: Zapdos|Heavy-Duty Boots|[from] move: Knock Off|[of] p1a: Frosty the Snowman\n|\n|-heal|p1a: Frosty the Snowman|78\/100|[from] item: Leftovers\n|upkeep\n|turn|29\n|\n|t:|1699565622\n|move|p2a: Zapdos|Hurricane|p1a: Frosty the Snowman\n|-damage|p1a: Frosty the Snowman|48\/100\n|move|p1a: Frosty the Snowman|Moonblast|p2a: Zapdos\n|-damage|p2a: Zapdos|35\/100\n|-unboost|p2a: Zapdos|spa|1\n|\n|-heal|p1a: Frosty the Snowman|54\/100|[from] item: Leftovers\n|upkeep\n|turn|30\n|\n|t:|1699565630\n|move|p2a: Zapdos|U-turn|p1a: Frosty the Snowman\n|-resisted|p1a: Frosty the Snowman\n|-damage|p1a: Frosty the Snowman|46\/100\n|\n|t:|1699565633\n|switch|p2a: Tapu Koko|Tapu Koko|80\/100|[from] U-turn\n|-fieldstart|move: Electric Terrain|[from] ability: Electric Surge|[of] p2a: Tapu Koko\n|move|p1a: Frosty the Snowman|Soft-Boiled|p1a: Frosty the Snowman\n|-heal|p1a: Frosty the Snowman|96\/100\n|\n|-heal|p1a: Frosty the Snowman|100\/100|[from] item: Leftovers\n|upkeep\n|turn|31\n|\n|t:|1699565639\n|move|p2a: Tapu Koko|Volt Switch|p1a: Frosty the Snowman\n|-damage|p1a: Frosty the Snowman|75\/100\n|\n|t:|1699565661\n|switch|p2a: 1984|Zeraora|47\/100|[from] Volt Switch\n|move|p1a: Frosty the Snowman|Moonblast|p2a: 1984\n|-damage|p2a: 1984|9\/100\n|\n|-heal|p1a: Frosty the Snowman|81\/100|[from] item: Leftovers\n|upkeep\n|turn|32\n|\n|t:|1699565670\n|switch|p1a: Home Alone|Dondozo, F|42\/100 brn\n|move|p2a: 1984|Plasma Fists|p1a: Home Alone\n|-supereffective|p1a: Home Alone\n|-damage|p1a: Home Alone|0 fnt\n|-fieldactivate|move: Ion Deluge\n|-hint|Normal-type moves become Electric-type after using Plasma Fists.\n|faint|p1a: Home Alone\n|\n|upkeep\n|\n|t:|1699565675\n|switch|p1a: Rudolph|Ting-Lu|21\/100\n|-ability|p1a: Rudolph|Vessel of Ruin\n|turn|33\n|\n|t:|1699565681\n|switch|p2a: Zapdos|Zapdos|35\/100\n|move|p1a: Rudolph|Stealth Rock|p2a: Zapdos\n|-sidestart|p2: Frosty707|move: Stealth Rock\n|\n|-heal|p1a: Rudolph|27\/100|[from] item: Leftovers\n|upkeep\n|turn|34\n|\n|t:|1699565696\n|move|p2a: Zapdos|Hurricane|p1a: Rudolph\n|-damage|p1a: Rudolph|8\/100\n|move|p1a: Rudolph|Stealth Rock||[still]\n|-fail|p1a: Rudolph\n|\n|-heal|p1a: Rudolph|15\/100|[from] item: Leftovers\n|-fieldend|move: Electric Terrain\n|upkeep\n|turn|35\n|\n|t:|1699565703\n|move|p2a: Zapdos|Hurricane|p1a: Rudolph\n|-damage|p1a: Rudolph|0 fnt\n|faint|p1a: Rudolph\n|\n|upkeep\n|\n|t:|1699565705\n|switch|p1a: Frosty the Snowman|Clefable, F|81\/100\n|turn|36\n|\n|t:|1699565709\n|move|p2a: Zapdos|Defog|p1a: Frosty the Snowman\n|-unboost|p1a: Frosty the Snowman|evasion|1\n|-sideend|p2: Frosty707|Stealth Rock|[from] move: Defog|[of] p2a: Zapdos\n|move|p1a: Frosty the Snowman|Moonblast|p2a: Zapdos\n|-damage|p2a: Zapdos|5\/100\n|\n|-heal|p1a: Frosty the Snowman|88\/100|[from] item: Leftovers\n|upkeep\n|turn|37\n|\n|t:|1699565714\n|move|p2a: Zapdos|Hurricane|p1a: Frosty the Snowman\n|-damage|p1a: Frosty the Snowman|59\/100\n|-start|p1a: Frosty the Snowman|confusion\n|-activate|p1a: Frosty the Snowman|confusion\n|-damage|p1a: Frosty the Snowman|50\/100|[from] confusion\n|\n|-heal|p1a: Frosty the Snowman|56\/100|[from] item: Leftovers\n|upkeep\n|turn|38\n|\n|t:|1699565721\n|move|p2a: Zapdos|Hurricane|p1a: Frosty the Snowman\n|-damage|p1a: Frosty the Snowman|27\/100\n|-activate|p1a: Frosty the Snowman|confusion\n|-damage|p1a: Frosty the Snowman|19\/100|[from] confusion\n|\n|-heal|p1a: Frosty the Snowman|25\/100|[from] item: Leftovers\n|upkeep\n|turn|39\n|\n|t:|1699565726\n|move|p2a: Zapdos|Hurricane|p1a: Frosty the Snowman\n|-damage|p1a: Frosty the Snowman|0 fnt\n|faint|p1a: Frosty the Snowman\n|\n|win|Frosty707\n|c|\u2606Viviexists|Omfg\n|c|\u2606Viviexists|Gg\n","uploadtime":1699565739,"views":6,"p1id":"viviexists","p2id":"frosty707","formatid":"gen9nationaldexubers","rating":0,"private":0,"password":""}