{"id":"gen9nationaldexubers-1978477886","p1":"brockplazz","p2":"payforrhystic","format":"[Gen 9] National Dex Ubers","log":"|j|\u2606brockplazz\n|j|\u2606payforrhystic\n|t:|1698544103\n|gametype|singles\n|player|p1|brockplazz|infielder|\n|player|p2|payforrhystic|riley|\n|teamsize|p1|6\n|teamsize|p2|6\n|gen|9\n|tier|[Gen 9] National Dex Ubers\n|rule|HP Percentage Mod: HP is shown in percentages\n|rule|Endless Battle Clause: Forcing endless battles is banned\n|rule|OHKO Clause: OHKO moves are banned\n|rule|Evasion Moves Clause: Evasion moves are banned\n|rule|Evasion Items Clause: Evasion items are banned\n|rule|Species Clause: Limit one of each Pok\u00e9mon\n|rule|Sleep Clause Mod: Limit one foe put to sleep\n|rule|Mega Rayquaza Clause: You cannot mega evolve Rayquaza\n|clearpoke\n|poke|p1|Charizard, F|\n|poke|p1|Great Tusk|\n|poke|p1|Tapu Fini|\n|poke|p1|Shiftry, M|\n|poke|p1|Chansey, F|\n|poke|p1|Goodra-Hisui, M|\n|poke|p2|Blaziken, M|\n|poke|p2|Meowscarada, M|\n|poke|p2|Clodsire, F|\n|poke|p2|Gholdengo|\n|poke|p2|Latios, M|\n|poke|p2|Florges, F|\n|teampreview\n|c|\u2606payforrhystic|glhf\n|c|\u2606brockplazz|gl hf\n|\n|t:|1698544133\n|start\n|switch|p1a: Ororororororororor|Charizard, F, shiny|100\/100\n|switch|p2a: Our Lard and Savor|Clodsire, F, shiny|100\/100\n|turn|1\n|j| plusonedex\n|\n|t:|1698544167\n|switch|p1a: Cupcake|Tapu Fini, shiny|100\/100\n|-fieldstart|move: Misty Terrain|[from] ability: Misty Surge|[of] p1a: Cupcake\n|move|p2a: Our Lard and Savor|Toxic|p1a: Cupcake\n|-activate|p1a: Cupcake|move: Misty Terrain\n|\n|upkeep\n|turn|2\n|\n|t:|1698544185\n|move|p1a: Cupcake|Calm Mind|p1a: Cupcake\n|-boost|p1a: Cupcake|spa|1\n|-boost|p1a: Cupcake|spd|1\n|move|p2a: Our Lard and Savor|Stealth Rock|p1a: Cupcake\n|-sidestart|p1: brockplazz|move: Stealth Rock\n|\n|upkeep\n|turn|3\n|\n|t:|1698544220\n|move|p1a: Cupcake|Surf|p2a: Our Lard and Savor\n|-supereffective|p2a: Our Lard and Savor\n|-damage|p2a: Our Lard and Savor|62\/100\n|move|p2a: Our Lard and Savor|Earthquake|p1a: Cupcake\n|-damage|p1a: Cupcake|80\/100\n|\n|-heal|p1a: Cupcake|87\/100|[from] item: Leftovers\n|-heal|p2a: Our Lard and Savor|68\/100|[from] item: Leftovers\n|upkeep\n|turn|4\n|\n|t:|1698544312\n|move|p1a: Cupcake|Surf|p2a: Our Lard and Savor\n|-supereffective|p2a: Our Lard and Savor\n|-damage|p2a: Our Lard and Savor|31\/100\n|move|p2a: Our Lard and Savor|Earthquake|p1a: Cupcake\n|-crit|p1a: Cupcake\n|-damage|p1a: Cupcake|59\/100\n|\n|-heal|p1a: Cupcake|65\/100|[from] item: Leftovers\n|-heal|p2a: Our Lard and Savor|37\/100|[from] item: Leftovers\n|upkeep\n|turn|5\n|\n|t:|1698544342\n|move|p1a: Cupcake|Surf|p2a: Our Lard and Savor\n|-supereffective|p2a: Our Lard and Savor\n|-damage|p2a: Our Lard and Savor|0 fnt\n|faint|p2a: Our Lard and Savor\n|\n|-heal|p1a: Cupcake|71\/100|[from] item: Leftovers\n|-fieldend|Misty Terrain\n|upkeep\n|\n|t:|1698544348\n|switch|p2a: Greninja but CAT|Meowscarada, M, shiny|100\/100\n|turn|6\n|\n|t:|1698544352\n|move|p1a: Cupcake|Protect|p1a: Cupcake\n|-singleturn|p1a: Cupcake|Protect\n|move|p2a: Greninja but CAT|Flower Trick|p1a: Cupcake\n|-start|p2a: Greninja but CAT|typechange|Grass|[from] ability: Protean\n|-activate|p1a: Cupcake|move: Protect\n|\n|-heal|p1a: Cupcake|77\/100|[from] item: Leftovers\n|upkeep\n|turn|7\n|\n|t:|1698544361\n|switch|p1a: Goopertstein ll|Goodra-Hisui, M|100\/100\n|-damage|p1a: Goopertstein ll|94\/100|[from] Stealth Rock\n|move|p2a: Greninja but CAT|Flower Trick|p1a: Goopertstein ll\n|-ability|p1a: Goopertstein ll|Sap Sipper|boost\n|-boost|p1a: Goopertstein ll|atk|1\n|\n|upkeep\n|turn|8\n|\n|t:|1698544415\n|switch|p2a: Kung Pao|Blaziken, M|100\/100\n|move|p1a: Goopertstein ll|Earthquake|p2a: Kung Pao\n|-supereffective|p2a: Kung Pao\n|-damage|p2a: Kung Pao|6\/100\n|\n|upkeep\n|turn|9\n|\n|t:|1698544460\n|switch|p1a: The Big Wheel|Great Tusk|100\/100\n|move|p2a: Kung Pao|Protect||[still]\n|-fail|p2a: Kung Pao\n|\n|-ability|p2a: Kung Pao|Speed Boost|boost\n|-boost|p2a: Kung Pao|spe|1\n|upkeep\n|turn|10\n|\n|t:|1698544487\n|move|p2a: Kung Pao|Protect|p2a: Kung Pao\n|-singleturn|p2a: Kung Pao|Protect\n|move|p1a: The Big Wheel|Rapid Spin|p2a: Kung Pao\n|-activate|p2a: Kung Pao|move: Protect\n|\n|-ability|p2a: Kung Pao|Speed Boost|boost\n|-boost|p2a: Kung Pao|spe|1\n|upkeep\n|turn|11\n|\n|t:|1698544498\n|move|p2a: Kung Pao|Close Combat|p1a: The Big Wheel\n|-damage|p1a: The Big Wheel|52\/100\n|-unboost|p2a: Kung Pao|def|1\n|-unboost|p2a: Kung Pao|spd|1\n|move|p1a: The Big Wheel|Rapid Spin|p2a: Kung Pao\n|-damage|p2a: Kung Pao|0 fnt\n|-boost|p1a: The Big Wheel|spe|1\n|-sideend|p1: brockplazz|Stealth Rock|[from] move: Rapid Spin|[of] p1a: The Big Wheel\n|faint|p2a: Kung Pao\n|\n|upkeep\n|\n|t:|1698544508\n|switch|p2a: Boy-Coded|Latios, M, shiny|100\/100\n|turn|12\n|\n|t:|1698544533\n|detailschange|p2a: Boy-Coded|Latios-Mega, M, shiny\n|-mega|p2a: Boy-Coded|Latios|Latiosite\n|move|p1a: The Big Wheel|Knock Off|p2a: Boy-Coded\n|-supereffective|p2a: Boy-Coded\n|-damage|p2a: Boy-Coded|44\/100\n|move|p2a: Boy-Coded|Ice Beam|p1a: The Big Wheel\n|-supereffective|p1a: The Big Wheel\n|-damage|p1a: The Big Wheel|0 fnt\n|faint|p1a: The Big Wheel\n|-end|p1a: The Big Wheel|Protosynthesis|[silent]\n|\n|upkeep\n|\n|t:|1698544550\n|switch|p1a: William Afton|Shiftry, M, shiny|100\/100\n|turn|13\n|\n|t:|1698544569\n|move|p1a: William Afton|Fake Out|p2a: Boy-Coded\n|-damage|p2a: Boy-Coded|23\/100\n|-damage|p1a: William Afton|91\/100|[from] item: Life Orb\n|cant|p2a: Boy-Coded|flinch\n|\n|upkeep\n|turn|14\n|\n|t:|1698544575\n|move|p1a: William Afton|Sucker Punch||[still]\n|-fail|p1a: William Afton\n|move|p2a: Boy-Coded|Roost|p2a: Boy-Coded\n|-heal|p2a: Boy-Coded|74\/100\n|-singleturn|p2a: Boy-Coded|move: Roost\n|\n|upkeep\n|turn|15\n|c|\u2606payforrhystic|no purple guy\n|c|\u2606brockplazz|I always come back\n|\n|t:|1698544606\n|switch|p2a: Greninja but CAT|Meowscarada, M, shiny|100\/100\n|switch|p1a: Cupcake|Tapu Fini, shiny|77\/100\n|-fieldstart|move: Misty Terrain|[from] ability: Misty Surge|[of] p1a: Cupcake\n|\n|-heal|p1a: Cupcake|83\/100|[from] item: Leftovers\n|upkeep\n|turn|16\n|\n|t:|1698544652\n|move|p1a: Cupcake|Protect|p1a: Cupcake\n|-singleturn|p1a: Cupcake|Protect\n|move|p2a: Greninja but CAT|Low Kick|p1a: Cupcake\n|-start|p2a: Greninja but CAT|typechange|Fighting|[from] ability: Protean\n|-activate|p1a: Cupcake|move: Protect\n|\n|-heal|p1a: Cupcake|89\/100|[from] item: Leftovers\n|upkeep\n|turn|17\n|\n|t:|1698544664\n|switch|p2a: Sylveon but Tall|Florges, F, shiny|100\/100\n|move|p1a: Cupcake|Draining Kiss|p2a: Sylveon but Tall\n|-damage|p2a: Sylveon but Tall|87\/100\n|-heal|p1a: Cupcake|99\/100|[from] drain|[of] p2a: Sylveon but Tall\n|\n|-heal|p1a: Cupcake|100\/100|[from] item: Leftovers\n|-heal|p2a: Sylveon but Tall|93\/100|[from] item: Leftovers\n|upkeep\n|turn|18\n|\n|t:|1698544678\n|switch|p1a: Goopertstein ll|Goodra-Hisui, M|94\/100\n|move|p2a: Sylveon but Tall|Calm Mind|p2a: Sylveon but Tall\n|-boost|p2a: Sylveon but Tall|spa|1\n|-boost|p2a: Sylveon but Tall|spd|1\n|\n|-heal|p2a: Sylveon but Tall|99\/100|[from] item: Leftovers\n|upkeep\n|turn|19\n|\n|t:|1698544688\n|move|p2a: Sylveon but Tall|Protect|p2a: Sylveon but Tall\n|-singleturn|p2a: Sylveon but Tall|Protect\n|move|p1a: Goopertstein ll|Flash Cannon|p2a: Sylveon but Tall\n|-activate|p2a: Sylveon but Tall|move: Protect\n|\n|-heal|p2a: Sylveon but Tall|100\/100|[from] item: Leftovers\n|-fieldend|Misty Terrain\n|upkeep\n|turn|20\n|\n|t:|1698544726\n|move|p2a: Sylveon but Tall|Wish|p2a: Sylveon but Tall\n|move|p1a: Goopertstein ll|Flash Cannon|p2a: Sylveon but Tall\n|-supereffective|p2a: Sylveon but Tall\n|-damage|p2a: Sylveon but Tall|63\/100\n|\n|-heal|p2a: Sylveon but Tall|69\/100|[from] item: Leftovers\n|upkeep\n|turn|21\n|\n|t:|1698544732\n|move|p2a: Sylveon but Tall|Calm Mind|p2a: Sylveon but Tall\n|-boost|p2a: Sylveon but Tall|spa|1\n|-boost|p2a: Sylveon but Tall|spd|1\n|move|p1a: Goopertstein ll|Flash Cannon|p2a: Sylveon but Tall\n|-supereffective|p2a: Sylveon but Tall\n|-damage|p2a: Sylveon but Tall|44\/100\n|\n|-heal|p2a: Sylveon but Tall|94\/100|[from] move: Wish|[wisher] Sylveon but Tall\n|-heal|p2a: Sylveon but Tall|100\/100|[from] item: Leftovers\n|upkeep\n|turn|22\n|\n|t:|1698544746\n|move|p2a: Sylveon but Tall|Wish|p2a: Sylveon but Tall\n|move|p1a: Goopertstein ll|Flash Cannon|p2a: Sylveon but Tall\n|-supereffective|p2a: Sylveon but Tall\n|-damage|p2a: Sylveon but Tall|72\/100\n|\n|-heal|p2a: Sylveon but Tall|78\/100|[from] item: Leftovers\n|upkeep\n|turn|23\n|\n|t:|1698544751\n|move|p2a: Sylveon but Tall|Calm Mind|p2a: Sylveon but Tall\n|-boost|p2a: Sylveon but Tall|spa|1\n|-boost|p2a: Sylveon but Tall|spd|1\n|move|p1a: Goopertstein ll|Flash Cannon|p2a: Sylveon but Tall\n|-supereffective|p2a: Sylveon but Tall\n|-damage|p2a: Sylveon but Tall|56\/100\n|\n|-heal|p2a: Sylveon but Tall|100\/100|[from] move: Wish|[wisher] Sylveon but Tall\n|upkeep\n|turn|24\n|\n|t:|1698544776\n|move|p2a: Sylveon but Tall|Wish|p2a: Sylveon but Tall\n|move|p1a: Goopertstein ll|Flash Cannon|p2a: Sylveon but Tall\n|-supereffective|p2a: Sylveon but Tall\n|-crit|p2a: Sylveon but Tall\n|-damage|p2a: Sylveon but Tall|25\/100\n|\n|-heal|p2a: Sylveon but Tall|31\/100|[from] item: Leftovers\n|upkeep\n|turn|25\n|c|\u2606payforrhystic|oofa doofa\n|\n|t:|1698544818\n|move|p2a: Sylveon but Tall|Protect|p2a: Sylveon but Tall\n|-singleturn|p2a: Sylveon but Tall|Protect\n|move|p1a: Goopertstein ll|Flash Cannon|p2a: Sylveon but Tall\n|-activate|p2a: Sylveon but Tall|move: Protect\n|\n|-heal|p2a: Sylveon but Tall|81\/100|[from] move: Wish|[wisher] Sylveon but Tall\n|-heal|p2a: Sylveon but Tall|87\/100|[from] item: Leftovers\n|upkeep\n|turn|26\n|\n|t:|1698544829\n|move|p2a: Sylveon but Tall|Wish|p2a: Sylveon but Tall\n|move|p1a: Goopertstein ll|Flash Cannon|p2a: Sylveon but Tall\n|-supereffective|p2a: Sylveon but Tall\n|-damage|p2a: Sylveon but Tall|65\/100\n|\n|-heal|p2a: Sylveon but Tall|72\/100|[from] item: Leftovers\n|upkeep\n|turn|27\n|\n|t:|1698544834\n|move|p2a: Sylveon but Tall|Calm Mind|p2a: Sylveon but Tall\n|-boost|p2a: Sylveon but Tall|spa|1\n|-boost|p2a: Sylveon but Tall|spd|1\n|move|p1a: Goopertstein ll|Flash Cannon|p2a: Sylveon but Tall\n|-supereffective|p2a: Sylveon but Tall\n|-damage|p2a: Sylveon but Tall|54\/100\n|-unboost|p2a: Sylveon but Tall|spd|1\n|\n|-heal|p2a: Sylveon but Tall|100\/100|[from] move: Wish|[wisher] Sylveon but Tall\n|upkeep\n|turn|28\n|\n|t:|1698544843\n|switch|p1a: Cupcake|Tapu Fini, shiny|100\/100\n|-fieldstart|move: Misty Terrain|[from] ability: Misty Surge|[of] p1a: Cupcake\n|move|p2a: Sylveon but Tall|Wish|p2a: Sylveon but Tall\n|\n|upkeep\n|turn|29\n|\n|t:|1698544874\n|move|p1a: Cupcake|Calm Mind|p1a: Cupcake\n|-boost|p1a: Cupcake|spa|1\n|-boost|p1a: Cupcake|spd|1\n|move|p2a: Sylveon but Tall|Moonblast|p1a: Cupcake\n|-damage|p1a: Cupcake|47\/100\n|\n|-heal|p1a: Cupcake|53\/100|[from] item: Leftovers\n|upkeep\n|turn|30\n|\n|t:|1698544885\n|move|p1a: Cupcake|Protect|p1a: Cupcake\n|-singleturn|p1a: Cupcake|Protect\n|move|p2a: Sylveon but Tall|Moonblast|p1a: Cupcake\n|-activate|p1a: Cupcake|move: Protect\n|\n|-heal|p1a: Cupcake|59\/100|[from] item: Leftovers\n|upkeep\n|turn|31\n|\n|t:|1698544892\n|move|p1a: Cupcake|Calm Mind|p1a: Cupcake\n|-boost|p1a: Cupcake|spa|1\n|-boost|p1a: Cupcake|spd|1\n|move|p2a: Sylveon but Tall|Calm Mind|p2a: Sylveon but Tall\n|-boost|p2a: Sylveon but Tall|spa|1\n|-boost|p2a: Sylveon but Tall|spd|1\n|\n|-heal|p1a: Cupcake|65\/100|[from] item: Leftovers\n|upkeep\n|turn|32\n|\n|t:|1698544902\n|move|p1a: Cupcake|Calm Mind|p1a: Cupcake\n|-boost|p1a: Cupcake|spa|1\n|-boost|p1a: Cupcake|spd|1\n|move|p2a: Sylveon but Tall|Moonblast|p1a: Cupcake\n|-damage|p1a: Cupcake|23\/100\n|\n|-heal|p1a: Cupcake|29\/100|[from] item: Leftovers\n|-fieldend|Misty Terrain\n|upkeep\n|turn|33\n|\n|t:|1698544912\n|move|p1a: Cupcake|Protect|p1a: Cupcake\n|-singleturn|p1a: Cupcake|Protect\n|move|p2a: Sylveon but Tall|Wish|p2a: Sylveon but Tall\n|\n|-heal|p1a: Cupcake|35\/100|[from] item: Leftovers\n|upkeep\n|turn|34\n|\n|t:|1698544919\n|move|p1a: Cupcake|Draining Kiss|p2a: Sylveon but Tall\n|-damage|p2a: Sylveon but Tall|90\/100\n|-heal|p1a: Cupcake|43\/100|[from] drain|[of] p2a: Sylveon but Tall\n|move|p2a: Sylveon but Tall|Moonblast|p1a: Cupcake\n|-damage|p1a: Cupcake|0 fnt\n|faint|p1a: Cupcake\n|\n|-heal|p2a: Sylveon but Tall|100\/100|[from] move: Wish|[wisher] Sylveon but Tall\n|upkeep\n|\n|t:|1698544933\n|switch|p1a: Ororororororororor|Charizard, F, shiny|100\/100\n|turn|35\n|\n|t:|1698544971\n|detailschange|p1a: Ororororororororor|Charizard-Mega-Y, F, shiny\n|-mega|p1a: Ororororororororor|Charizard|Charizardite Y\n|-weather|SunnyDay|[from] ability: Drought|[of] p1a: Ororororororororor\n|move|p1a: Ororororororororor|Flamethrower|p2a: Sylveon but Tall\n|-damage|p2a: Sylveon but Tall|82\/100\n|-status|p2a: Sylveon but Tall|brn\n|move|p2a: Sylveon but Tall|Moonblast|p1a: Ororororororororor\n|-resisted|p1a: Ororororororororor\n|-damage|p1a: Ororororororororor|37\/100\n|\n|-weather|SunnyDay|[upkeep]\n|-heal|p2a: Sylveon but Tall|88\/100 brn|[from] item: Leftovers\n|-damage|p2a: Sylveon but Tall|82\/100 brn|[from] brn\n|upkeep\n|turn|36\n|\n|t:|1698544987\n|move|p1a: Ororororororororor|Roost|p1a: Ororororororororor\n|-heal|p1a: Ororororororororor|87\/100\n|-singleturn|p1a: Ororororororororor|move: Roost\n|move|p2a: Sylveon but Tall|Moonblast|p1a: Ororororororororor\n|-resisted|p1a: Ororororororororor\n|-damage|p1a: Ororororororororor|18\/100\n|-unboost|p1a: Ororororororororor|spa|1\n|\n|-weather|SunnyDay|[upkeep]\n|-heal|p2a: Sylveon but Tall|88\/100 brn|[from] item: Leftovers\n|-damage|p2a: Sylveon but Tall|82\/100 brn|[from] brn\n|upkeep\n|turn|37\n|\n|t:|1698544997\n|move|p1a: Ororororororororor|Roost|p1a: Ororororororororor\n|-heal|p1a: Ororororororororor|68\/100\n|-singleturn|p1a: Ororororororororor|move: Roost\n|move|p2a: Sylveon but Tall|Moonblast|p1a: Ororororororororor\n|-resisted|p1a: Ororororororororor\n|-damage|p1a: Ororororororororor|4\/100\n|\n|-weather|SunnyDay|[upkeep]\n|-heal|p2a: Sylveon but Tall|88\/100 brn|[from] item: Leftovers\n|-damage|p2a: Sylveon but Tall|82\/100 brn|[from] brn\n|upkeep\n|turn|38\n|\n|t:|1698545019\n|move|p1a: Ororororororororor|Roost|p1a: Ororororororororor\n|-heal|p1a: Ororororororororor|54\/100\n|-singleturn|p1a: Ororororororororor|move: Roost\n|move|p2a: Sylveon but Tall|Moonblast|p1a: Ororororororororor\n|-resisted|p1a: Ororororororororor\n|-damage|p1a: Ororororororororor|0 fnt\n|faint|p1a: Ororororororororor\n|\n|-weather|SunnyDay|[upkeep]\n|-heal|p2a: Sylveon but Tall|88\/100 brn|[from] item: Leftovers\n|-damage|p2a: Sylveon but Tall|82\/100 brn|[from] brn\n|upkeep\n|c|\u2606payforrhystic|1035 special defense\n|\n|t:|1698545026\n|switch|p1a: William Afton|Shiftry, M, shiny|91\/100\n|turn|39\n|\n|t:|1698545037\n|move|p2a: Sylveon but Tall|Protect|p2a: Sylveon but Tall\n|-singleturn|p2a: Sylveon but Tall|Protect\n|move|p1a: William Afton|Solar Blade||[still]\n|-prepare|p1a: William Afton|Solar Blade\n|-anim|p1a: William Afton|Solar Blade|p2a: Sylveon but Tall\n|-activate|p2a: Sylveon but Tall|move: Protect\n|\n|-weather|none\n|-heal|p2a: Sylveon but Tall|88\/100 brn|[from] item: Leftovers\n|-damage|p2a: Sylveon but Tall|82\/100 brn|[from] brn\n|upkeep\n|turn|40\n|\n|t:|1698545080\n|move|p1a: William Afton|Knock Off|p2a: Sylveon but Tall\n|-resisted|p2a: Sylveon but Tall\n|-damage|p2a: Sylveon but Tall|56\/100 brn\n|-enditem|p2a: Sylveon but Tall|Leftovers|[from] move: Knock Off|[of] p1a: William Afton\n|-damage|p1a: William Afton|81\/100|[from] item: Life Orb\n|move|p2a: Sylveon but Tall|Moonblast|p1a: William Afton\n|-supereffective|p1a: William Afton\n|-damage|p1a: William Afton|0 fnt\n|faint|p1a: William Afton\n|\n|-damage|p2a: Sylveon but Tall|50\/100 brn|[from] brn\n|upkeep\n|\n|t:|1698545087\n|switch|p1a: Goopertstein ll|Goodra-Hisui, M|94\/100\n|turn|41\n|\n|t:|1698545094\n|move|p2a: Sylveon but Tall|Wish|p2a: Sylveon but Tall\n|move|p1a: Goopertstein ll|Flash Cannon|p2a: Sylveon but Tall\n|-supereffective|p2a: Sylveon but Tall\n|-damage|p2a: Sylveon but Tall|31\/100 brn\n|\n|-damage|p2a: Sylveon but Tall|25\/100 brn|[from] brn\n|upkeep\n|turn|42\n|\n|t:|1698545106\n|move|p2a: Sylveon but Tall|Protect|p2a: Sylveon but Tall\n|-singleturn|p2a: Sylveon but Tall|Protect\n|move|p1a: Goopertstein ll|Earthquake|p2a: Sylveon but Tall\n|-activate|p2a: Sylveon but Tall|move: Protect\n|\n|-heal|p2a: Sylveon but Tall|75\/100 brn|[from] move: Wish|[wisher] Sylveon but Tall\n|-damage|p2a: Sylveon but Tall|69\/100 brn|[from] brn\n|upkeep\n|turn|43\n|\n|t:|1698545125\n|move|p2a: Sylveon but Tall|Moonblast|p1a: Goopertstein ll\n|-damage|p1a: Goopertstein ll|37\/100\n|move|p1a: Goopertstein ll|Earthquake|p2a: Sylveon but Tall\n|-damage|p2a: Sylveon but Tall|49\/100 brn\n|\n|-damage|p2a: Sylveon but Tall|43\/100 brn|[from] brn\n|upkeep\n|turn|44\n|\n|t:|1698545136\n|move|p2a: Sylveon but Tall|Moonblast|p1a: Goopertstein ll\n|-damage|p1a: Goopertstein ll|0 fnt\n|faint|p1a: Goopertstein ll\n|\n|-damage|p2a: Sylveon but Tall|37\/100 brn|[from] brn\n|upkeep\n|\n|t:|1698545143\n|switch|p1a: McNugget|Chansey, F|100\/100\n|turn|45\n|\n|t:|1698545156\n|move|p2a: Sylveon but Tall|Moonblast|p1a: McNugget\n|-damage|p1a: McNugget|70\/100\n|-unboost|p1a: McNugget|spa|1\n|move|p1a: McNugget|Shadow Ball|p2a: Sylveon but Tall\n|-damage|p2a: Sylveon but Tall|35\/100 brn\n|-unboost|p2a: Sylveon but Tall|spd|1\n|\n|-damage|p2a: Sylveon but Tall|29\/100 brn|[from] brn\n|upkeep\n|turn|46\n|\n|t:|1698545169\n|move|p2a: Sylveon but Tall|Wish|p2a: Sylveon but Tall\n|move|p1a: McNugget|Teleport||[still]\n|-fail|p1a: McNugget\n|\n|-damage|p2a: Sylveon but Tall|23\/100 brn|[from] brn\n|upkeep\n|turn|47\n|c|\u2606payforrhystic|1\n|\n|t:|1698545177\n|move|p2a: Sylveon but Tall|Moonblast|p1a: McNugget\n|-damage|p1a: McNugget|44\/100\n|-unboost|p1a: McNugget|spa|1\n|move|p1a: McNugget|Teleport||[still]\n|-fail|p1a: McNugget\n|\n|-heal|p2a: Sylveon but Tall|73\/100 brn|[from] move: Wish|[wisher] Sylveon but Tall\n|-damage|p2a: Sylveon but Tall|67\/100 brn|[from] brn\n|upkeep\n|turn|48\n|\n|t:|1698545187\n|move|p2a: Sylveon but Tall|Moonblast|p1a: McNugget\n|-damage|p1a: McNugget|17\/100\n|move|p1a: McNugget|Teleport||[still]\n|-fail|p1a: McNugget\n|\n|-damage|p2a: Sylveon but Tall|61\/100 brn|[from] brn\n|upkeep\n|turn|49\n|\n|t:|1698545194\n|move|p2a: Sylveon but Tall|Moonblast|p1a: McNugget\n|-damage|p1a: McNugget|0 fnt\n|faint|p1a: McNugget\n|\n|win|payforrhystic\n|c|\u2606brockplazz|gg buddy\n|c|\u2606payforrhystic|holy shit what a florges\n|c|\u2606brockplazz|I didn't have toxic on Chaney and I  was like umm\n|c|\u2606payforrhystic|1035 special defense at its peak\n|c|\u2606brockplazz|how do I hit this thing\n|c|\u2606payforrhystic|trick question\n|c|\u2606payforrhystic|you cant\n|c|\u2606brockplazz|exactly\n|l| plusonedex\n|c|\u2606brockplazz|good job getting it set up when you could\n","uploadtime":1698545272,"views":13,"p1id":"brockplazz","p2id":"payforrhystic","formatid":"gen9nationaldexubers","rating":0,"private":0,"password":""}