{"id":"gen9nationaldexubers-1986591905","p1":"theironpikachu","p2":"Pure Hackmons","format":"[Gen 9] National Dex Ubers","log":"|j|\u2606theironpikachu\n|j|\u2606Pure Hackmons\n|inactive|Battle timer is ON: inactive players will automatically lose when time's up.\n|t:|1699495533\n|gametype|singles\n|player|p1|theironpikachu|may-masters|\n|player|p2|Pure Hackmons|ethan|\n|teamsize|p1|6\n|teamsize|p2|6\n|gen|9\n|tier|[Gen 9] National Dex Ubers\n|rated|Tournament battle\n|rule|HP Percentage Mod: HP is shown in percentages\n|rule|Endless Battle Clause: Forcing endless battles is banned\n|rule|OHKO Clause: OHKO moves are banned\n|rule|Evasion Moves Clause: Evasion moves are banned\n|rule|Evasion Items Clause: Evasion items are banned\n|rule|Species Clause: Limit one of each Pok\u00e9mon\n|rule|Sleep Clause Mod: Limit one foe put to sleep\n|rule|Mega Rayquaza Clause: You cannot mega evolve Rayquaza\n|clearpoke\n|poke|p1|Diancie-Mega|\n|poke|p1|Smeargle, F|\n|poke|p1|Lunala|\n|poke|p1|Kyogre-Primal|\n|poke|p1|Cramorant-Gorging, M|\n|poke|p1|Zacian-Crowned|\n|poke|p2|Groudon-Primal|\n|poke|p2|Ho-Oh|\n|poke|p2|Mewtwo-Mega-Y|\n|poke|p2|Kyogre-Primal|\n|poke|p2|Cramorant-Gorging, F|\n|poke|p2|Arceus-Ground|\n|teampreview\n|j|*Lady Monita \u263d\n|inactive|theironpikachu also wants the timer to be on.\n|j| happysh\n|c|\u2606Pure Hackmons|hf\n|j| Cloakedbymist\n|c|\u2606theironpikachu|glhf\n|j| Dregone\n|\n|t:|1699495550\n|start\n|switch|p1a: Smeargle|Smeargle, F|100\/100\n|switch|p2a: Mewtwo|Mewtwo-Mega-Y|100\/100\n|turn|1\n|\n|t:|1699495563\n|switch|p2a: Cramorant|Cramorant-Gorging, F|100\/100\n|move|p1a: Smeargle|Nuzzle|p2a: Cramorant\n|-supereffective|p2a: Cramorant\n|-damage|p2a: Cramorant|90\/100\n|-status|p2a: Cramorant|par\n|-damage|p1a: Smeargle|76\/100|[from] ability: Gulp Missile|[of] p2a: Cramorant\n|-status|p1a: Smeargle|par\n|-formechange|p2a: Cramorant|Cramorant|\n|\n|upkeep\n|turn|2\n|\n|t:|1699495572\n|switch|p2a: Kyogre|Kyogre-Primal|100\/100\n|-weather|PrimordialSea|[from] ability: Primordial Sea|[of] p2a: Kyogre\n|cant|p1a: Smeargle|par\n|\n|-weather|PrimordialSea|[upkeep]\n|upkeep\n|turn|3\n|\n|t:|1699495595\n|switch|p1a: Cramorant|Cramorant-Gorging, M|100\/100\n|move|p2a: Kyogre|Substitute|p2a: Kyogre\n|-start|p2a: Kyogre|Substitute\n|-damage|p2a: Kyogre|75\/100\n|\n|-weather|PrimordialSea|[upkeep]\n|-heal|p2a: Kyogre|82\/100|[from] item: Leftovers\n|upkeep\n|turn|4\n|\n|t:|1699495598\n|move|p2a: Kyogre|Calm Mind|p2a: Kyogre\n|-boost|p2a: Kyogre|spa|1\n|-boost|p2a: Kyogre|spd|1\n|move|p1a: Cramorant|Surf|p2a: Kyogre\n|-resisted|p2a: Kyogre\n|-activate|p2a: Kyogre|move: Substitute|[damage]\n|\n|-weather|PrimordialSea|[upkeep]\n|-heal|p2a: Kyogre|88\/100|[from] item: Leftovers\n|upkeep\n|turn|5\n|inactive|theironpikachu has 120 seconds left.\n|\n|t:|1699495634\n|move|p2a: Kyogre|Calm Mind|p2a: Kyogre\n|-boost|p2a: Kyogre|spa|1\n|-boost|p2a: Kyogre|spd|1\n|move|p1a: Cramorant|Surf|p2a: Kyogre\n|-resisted|p2a: Kyogre\n|-activate|p2a: Kyogre|move: Substitute|[damage]\n|\n|-weather|PrimordialSea|[upkeep]\n|-heal|p2a: Kyogre|94\/100|[from] item: Leftovers\n|upkeep\n|turn|6\n|\n|t:|1699495639\n|switch|p1a: Smeargle|Smeargle, F|76\/100 par\n|move|p2a: Kyogre|Calm Mind|p2a: Kyogre\n|-boost|p2a: Kyogre|spa|1\n|-boost|p2a: Kyogre|spd|1\n|\n|-weather|PrimordialSea|[upkeep]\n|-heal|p2a: Kyogre|100\/100|[from] item: Leftovers\n|upkeep\n|turn|7\n|\n|t:|1699495641\n|move|p2a: Kyogre|Ice Beam|p1a: Smeargle\n|-damage|p1a: Smeargle|0 fnt\n|faint|p1a: Smeargle\n|\n|-weather|PrimordialSea|[upkeep]\n|upkeep\n|\n|t:|1699495647\n|switch|p1a: Diancie|Diancie-Mega, shiny|100\/100\n|turn|8\n|\n|t:|1699495653\n|move|p1a: Diancie|Endeavor|p2a: Kyogre\n|-end|p2a: Kyogre|Substitute\n|move|p2a: Kyogre|Ice Beam|p1a: Diancie\n|-enditem|p1a: Diancie|Focus Sash\n|-damage|p1a: Diancie|1\/100\n|\n|-weather|PrimordialSea|[upkeep]\n|upkeep\n|turn|9\n|\n|t:|1699495657\n|-weather|none\n|switch|p2a: Cramorant|Cramorant-Gorging, F|90\/100 par\n|move|p1a: Diancie|Endeavor|p2a: Cramorant\n|-damage|p2a: Cramorant|1\/100 par\n|-damage|p1a: Diancie|0 fnt|[from] ability: Gulp Missile|[of] p2a: Cramorant\n|-formechange|p2a: Cramorant|Cramorant|\n|faint|p1a: Diancie\n|\n|upkeep\n|\n|t:|1699495663\n|switch|p1a: Cramorant|Cramorant-Gorging, M|100\/100\n|turn|10\n|\n|t:|1699495665\n|switch|p2a: Kyogre|Kyogre-Primal|100\/100\n|-weather|PrimordialSea|[from] ability: Primordial Sea|[of] p2a: Kyogre\n|move|p1a: Cramorant|Surf|p2a: Kyogre\n|-resisted|p2a: Kyogre\n|-damage|p2a: Kyogre|88\/100\n|\n|-weather|PrimordialSea|[upkeep]\n|-heal|p2a: Kyogre|94\/100|[from] item: Leftovers\n|upkeep\n|turn|11\n|\n|t:|1699495670\n|switch|p1a: Lunala|Lunala|100\/100\n|move|p2a: Kyogre|Substitute|p2a: Kyogre\n|-start|p2a: Kyogre|Substitute\n|-damage|p2a: Kyogre|69\/100\n|\n|-weather|PrimordialSea|[upkeep]\n|-heal|p2a: Kyogre|76\/100|[from] item: Leftovers\n|upkeep\n|turn|12\n|\n|t:|1699495672\n|move|p1a: Lunala|Calm Mind|p1a: Lunala\n|-boost|p1a: Lunala|spa|1\n|-boost|p1a: Lunala|spd|1\n|move|p2a: Kyogre|Calm Mind|p2a: Kyogre\n|-boost|p2a: Kyogre|spa|1\n|-boost|p2a: Kyogre|spd|1\n|\n|-weather|PrimordialSea|[upkeep]\n|-heal|p2a: Kyogre|82\/100|[from] item: Leftovers\n|upkeep\n|turn|13\n|inactive|theironpikachu has 120 seconds left.\n|\n|t:|1699495711\n|move|p1a: Lunala|Calm Mind|p1a: Lunala\n|-boost|p1a: Lunala|spa|1\n|-boost|p1a: Lunala|spd|1\n|move|p2a: Kyogre|Origin Pulse|p1a: Lunala\n|-damage|p1a: Lunala|65\/100\n|\n|-weather|PrimordialSea|[upkeep]\n|-heal|p2a: Kyogre|88\/100|[from] item: Leftovers\n|upkeep\n|turn|14\n|\n|t:|1699495714\n|move|p1a: Lunala|Moongeist Beam|p2a: Kyogre\n|-end|p2a: Kyogre|Substitute\n|move|p2a: Kyogre|Calm Mind|p2a: Kyogre\n|-boost|p2a: Kyogre|spa|1\n|-boost|p2a: Kyogre|spd|1\n|\n|-weather|PrimordialSea|[upkeep]\n|-heal|p2a: Kyogre|94\/100|[from] item: Leftovers\n|upkeep\n|turn|15\n|\n|t:|1699495716\n|move|p1a: Lunala|Moongeist Beam|p2a: Kyogre\n|-damage|p2a: Kyogre|61\/100\n|move|p2a: Kyogre|Substitute|p2a: Kyogre\n|-start|p2a: Kyogre|Substitute\n|-damage|p2a: Kyogre|36\/100\n|\n|-weather|PrimordialSea|[upkeep]\n|-heal|p2a: Kyogre|43\/100|[from] item: Leftovers\n|upkeep\n|turn|16\n|\n|t:|1699495719\n|move|p1a: Lunala|Calm Mind|p1a: Lunala\n|-boost|p1a: Lunala|spa|1\n|-boost|p1a: Lunala|spd|1\n|move|p2a: Kyogre|Origin Pulse|p1a: Lunala\n|-damage|p1a: Lunala|0 fnt\n|faint|p1a: Lunala\n|\n|-weather|PrimordialSea|[upkeep]\n|-heal|p2a: Kyogre|49\/100|[from] item: Leftovers\n|upkeep\n|\n|t:|1699495722\n|switch|p1a: Kyogre|Kyogre-Primal|100\/100\n|turn|17\n|\n|t:|1699495724\n|move|p2a: Kyogre|Origin Pulse|p1a: Kyogre\n|-resisted|p1a: Kyogre\n|-damage|p1a: Kyogre|36\/100\n|move|p1a: Kyogre|Calm Mind|p1a: Kyogre\n|-boost|p1a: Kyogre|spa|1\n|-boost|p1a: Kyogre|spd|1\n|\n|-weather|PrimordialSea|[upkeep]\n|-heal|p2a: Kyogre|55\/100|[from] item: Leftovers\n|-heal|p1a: Kyogre|43\/100|[from] item: Leftovers\n|upkeep\n|turn|18\n|\n|t:|1699495728\n|move|p2a: Kyogre|Origin Pulse|p1a: Kyogre\n|-resisted|p1a: Kyogre\n|-damage|p1a: Kyogre|0 fnt\n|faint|p1a: Kyogre\n|\n|-weather|PrimordialSea|[upkeep]\n|-heal|p2a: Kyogre|61\/100|[from] item: Leftovers\n|upkeep\n|\n|t:|1699495730\n|switch|p1a: Zacian|Zacian-Crowned|100\/100\n|-ability|p1a: Zacian|Intrepid Sword|boost\n|-boost|p1a: Zacian|atk|1\n|turn|19\n|\n|t:|1699495732\n|switch|p1a: Cramorant|Cramorant-Gorging, M|100\/100\n|move|p2a: Kyogre|Origin Pulse|p1a: Cramorant\n|-resisted|p1a: Cramorant\n|-damage|p1a: Cramorant|15\/100\n|-damage|p2a: Kyogre|36\/100|[from] ability: Gulp Missile|[of] p1a: Cramorant\n|-status|p2a: Kyogre|par\n|-formechange|p1a: Cramorant|Cramorant|\n|\n|-weather|PrimordialSea|[upkeep]\n|-heal|p2a: Kyogre|43\/100 par|[from] item: Leftovers\n|upkeep\n|turn|20\n|l| Dregone\n|\n|t:|1699495735\n|move|p1a: Cramorant|Roost|p1a: Cramorant\n|-heal|p1a: Cramorant|65\/100\n|-singleturn|p1a: Cramorant|move: Roost\n|move|p2a: Kyogre|Ice Beam|p1a: Cramorant\n|-resisted|p1a: Cramorant\n|-damage|p1a: Cramorant|33\/100\n|\n|-weather|PrimordialSea|[upkeep]\n|-heal|p2a: Kyogre|49\/100 par|[from] item: Leftovers\n|upkeep\n|turn|21\n|\n|t:|1699495738\n|move|p1a: Cramorant|Surf|p2a: Kyogre\n|-formechange|p1a: Cramorant|Cramorant-Gorging|\n|-resisted|p2a: Kyogre\n|-activate|p2a: Kyogre|move: Substitute|[damage]\n|move|p2a: Kyogre|Origin Pulse|p1a: Cramorant\n|-resisted|p1a: Cramorant\n|-damage|p1a: Cramorant|0 fnt\n|-damage|p2a: Kyogre|24\/100 par|[from] ability: Gulp Missile|[of] p1a: Cramorant\n|-formechange|p1a: Cramorant|Cramorant|\n|faint|p1a: Cramorant\n|\n|-weather|PrimordialSea|[upkeep]\n|-heal|p2a: Kyogre|30\/100 par|[from] item: Leftovers\n|upkeep\n|\n|t:|1699495739\n|switch|p1a: Zacian|Zacian-Crowned|100\/100\n|turn|22\n|\n|t:|1699495741\n|move|p1a: Zacian|Behemoth Blade|p2a: Kyogre\n|-resisted|p2a: Kyogre\n|-end|p2a: Kyogre|Substitute\n|move|p2a: Kyogre|Origin Pulse|p1a: Zacian\n|-damage|p1a: Zacian|0 fnt\n|faint|p1a: Zacian\n|\n|win|Pure Hackmons\n|n|\u2606theironpikachu|theironpikachu\n|n|\u2606Pure Hackmons|purehackmons\n|n|*Lady Monita \u263d|ladymonita\n|n| happysh|happysh\n|n| Cloakedbymist|cloakedbymist\n|l|*Lady Monita \u263d\n|c|\u2606Pure Hackmons|g_g\n|c|\u2606theironpikachu|ggwp\n","uploadtime":1699495742,"views":27,"p1id":"theironpikachu","p2id":"purehackmons","formatid":"gen9nationaldexubers","rating":0,"private":0,"password":""}