{"id":"gen9nationaldexubers-1982833948","p1":"SkillzBP","p2":"IncandescentCandle","format":"[Gen 9] National Dex Ubers","log":"|j|\u2606SkillzBP\n|j|\u2606IncandescentCandle\n|t:|1699049450\n|gametype|singles\n|player|p1|SkillzBP|hau|\n|player|p2|IncandescentCandle|iono|\n|teamsize|p1|6\n|teamsize|p2|6\n|gen|9\n|tier|[Gen 9] National Dex Ubers\n|rule|HP Percentage Mod: HP is shown in percentages\n|rule|Endless Battle Clause: Forcing endless battles is banned\n|rule|OHKO Clause: OHKO moves are banned\n|rule|Evasion Moves Clause: Evasion moves are banned\n|rule|Evasion Items Clause: Evasion items are banned\n|rule|Species Clause: Limit one of each Pok\u00e9mon\n|rule|Sleep Clause Mod: Limit one foe put to sleep\n|rule|Mega Rayquaza Clause: You cannot mega evolve Rayquaza\n|clearpoke\n|poke|p1|Glimmora, F|\n|poke|p1|Ursaluna-Bloodmoon, M|\n|poke|p1|Sneasler, F|\n|poke|p1|Gholdengo|\n|poke|p1|Rillaboom, F|\n|poke|p1|Charizard, F|\n|poke|p2|Venusaur, F|\n|poke|p2|Ogerpon-Cornerstone, F|\n|poke|p2|Meowscarada, F|\n|poke|p2|Ferrothorn, F|\n|poke|p2|Whimsicott, M|\n|poke|p2|Lilligant-Hisui, F|\n|teampreview\n|inactive|Battle timer is ON: inactive players will automatically lose when time's up. (requested by SkillzBP)\n|j| ArcticIzagi\n|j| Destinum\n|j| Moonz_e\n|c| ArcticIzagi|Let's goooo\n|c|\u2606SkillzBP|good luck have fun!\n|inactive|SkillzBP has 270 seconds left.\n|inactive|IncandescentCandle has 270 seconds left.\n|c|\u2606IncandescentCandle|hf\n|c|\u2606IncandescentCandle|cap is flying sneasler\n|c|\u2606SkillzBP|as you know, tera flying sneasler\n|c|\u2606IncandescentCandle|mao\n|c|\u2606IncandescentCandle|lmao\n|c|\u2606SkillzBP|yup LMAO\n|c| ArcticIzagi|good luck to you guys\n|c| Destinum|Athy has scouted.\n|inactive|IncandescentCandle has 240 seconds left.\n|j| OUVTJack0lantern89\n|c| Moonz_e|Good luck Athy!\n|c|\u2606IncandescentCandle|timer\n|c| Moonz_e|I\n|inactiveoff|Battle timer is now OFF.\n|c| Destinum|This team seems kinda rough for Grass, ngl.\n|j| Astro Rifk\n|c|\u2606SkillzBP|oop you right my fault\n|c| OUVTJack0lantern89|ngl tho\n|c| OUVTJack0lantern89|athy is somehow\n|c| OUVTJack0lantern89|going to beat sneasler + zard + everything else\n|c| OUVTJack0lantern89|trust\n|c| Moonz_e|Athy always pulls through\n|c| Astro Rifk|thought i accidently procked the mantis lords fight got hella jump scared\n|\n|t:|1699049626\n|start\n|switch|p1a: Zardinator|Charizard, F|100\/100\n|switch|p2a: Murderswarm|Meowscarada, F|100\/100\n|turn|1\n|c|\u2606IncandescentCandle|chat spent 90 seconds on this lead 50-50 and lost it\n|\n|t:|1699049643\n|detailschange|p1a: Zardinator|Charizard-Mega-Y, F\n|-mega|p1a: Zardinator|Charizard|Charizardite Y\n|-weather|SunnyDay|[from] ability: Drought|[of] p1a: Zardinator\n|move|p2a: Murderswarm|U-turn|p1a: Zardinator\n|-start|p2a: Murderswarm|typechange|Bug|[from] ability: Protean\n|-resisted|p1a: Zardinator\n|-damage|p1a: Zardinator|89\/100\n|\n|t:|1699049648\n|switch|p2a: Universal Collapse|Lilligant-Hisui, F|100\/100|[from] U-turn\n|move|p1a: Zardinator|Weather Ball|p2a: Universal Collapse\n|-supereffective|p2a: Universal Collapse\n|-damage|p2a: Universal Collapse|0 fnt\n|faint|p2a: Universal Collapse\n|\n|-weather|SunnyDay|[upkeep]\n|upkeep\n|\n|t:|1699049649\n|switch|p2a: Left Alone|Ogerpon-Cornerstone, F|100\/100\n|turn|2\n|c| OUVTJack0lantern89|chip\n|c| OUVTJack0lantern89|CHIP!!\n|c| Moonz_e|Huge chip\n|c| OUVTJack0lantern89|11% is hige\n|\n|t:|1699049688\n|switch|p1a: Joel|Gholdengo|100\/100\n|move|p2a: Left Alone|Ivy Cudgel|p1a: Joel\n|-resisted|p1a: Joel\n|-damage|p1a: Joel|70\/100\n|\n|-weather|SunnyDay|[upkeep]\n|upkeep\n|turn|3\n|c| OUVTJack0lantern89|puts it in range of ivy\n|c|\u2606IncandescentCandle|so true\n|\n|t:|1699049712\n|switch|p2a: Open Frenzy|Venusaur, F|100\/100\n|move|p1a: Joel|Trick||[still]\n|-fail|p1a: Joel\n|\n|-weather|SunnyDay|[upkeep]\n|upkeep\n|turn|4\n|\n|t:|1699049728\n|switch|p1a: hey check this out|Glimmora, F|100\/100\n|switch|p2a: Left Alone|Ogerpon-Cornerstone, F|100\/100\n|\n|-weather|SunnyDay|[upkeep]\n|upkeep\n|turn|5\n|\n|t:|1699049735\n|switch|p2a: Toxic Wisdom|Ferrothorn, F|100\/100\n|move|p1a: hey check this out|Stealth Rock|p2a: Toxic Wisdom\n|-sidestart|p2: IncandescentCandle|move: Stealth Rock\n|\n|-weather|none\n|upkeep\n|turn|6\n|c|\u2606IncandescentCandle|hey check this out\n|c| Destinum|I refuse.\n|\n|t:|1699049763\n|switch|p1a: Zardinator|Charizard-Mega-Y, F|89\/100\n|-weather|SunnyDay|[from] ability: Drought|[of] p1a: Zardinator\n|switch|p2a: Left Alone|Ogerpon-Cornerstone, F|100\/100\n|-damage|p2a: Left Alone|88\/100|[from] Stealth Rock\n|\n|-weather|SunnyDay|[upkeep]\n|upkeep\n|turn|7\n|c| Moonz_e|Huge\n|\n|t:|1699049797\n|switch|p1a: Joel|Gholdengo|70\/100\n|move|p2a: Left Alone|Ivy Cudgel|p1a: Joel\n|-resisted|p1a: Joel\n|-damage|p1a: Joel|36\/100\n|\n|-weather|SunnyDay|[upkeep]\n|upkeep\n|turn|8\n|\n|t:|1699049802\n|switch|p2a: Toxic Wisdom|Ferrothorn, F|100\/100\n|-damage|p2a: Toxic Wisdom|94\/100|[from] Stealth Rock\n|move|p1a: Joel|Make It Rain|p2a: Toxic Wisdom\n|-resisted|p2a: Toxic Wisdom\n|-damage|p2a: Toxic Wisdom|65\/100\n|-unboost|p1a: Joel|spa|1\n|\n|-weather|SunnyDay|[upkeep]\n|-heal|p2a: Toxic Wisdom|72\/100|[from] item: Leftovers\n|upkeep\n|turn|9\n|\n|t:|1699049812\n|switch|p1a: hey check this out|Glimmora, F|100\/100\n|move|p2a: Toxic Wisdom|Knock Off|p1a: hey check this out\n|-damage|p1a: hey check this out|74\/100\n|-activate|p1a: hey check this out|ability: Toxic Debris\n|-sidestart|p2: IncandescentCandle|move: Toxic Spikes\n|-enditem|p1a: hey check this out|Focus Sash|[from] move: Knock Off|[of] p2a: Toxic Wisdom\n|\n|-weather|SunnyDay|[upkeep]\n|-heal|p2a: Toxic Wisdom|78\/100|[from] item: Leftovers\n|upkeep\n|turn|10\n|c| Destinum|Focus Sash is always a valuable item to Knock Off.\n|\n|t:|1699049836\n|move|p1a: hey check this out|Power Gem|p2a: Toxic Wisdom\n|-resisted|p2a: Toxic Wisdom\n|-damage|p2a: Toxic Wisdom|60\/100\n|move|p2a: Toxic Wisdom|Stealth Rock|p1a: hey check this out\n|-sidestart|p1: SkillzBP|move: Stealth Rock\n|\n|-weather|none\n|-heal|p2a: Toxic Wisdom|66\/100|[from] item: Leftovers\n|upkeep\n|turn|11\n|c|\u2606IncandescentCandle|this is true\n|c| OUVTJack0lantern89|ngl tho\n|c| OUVTJack0lantern89|if that were me\n|c| OUVTJack0lantern89|i would\n|c| Astro Rifk|set 30 spikes\n|\n|t:|1699049892\n|switch|p1a: Zardinator|Charizard-Mega-Y, F|89\/100\n|-damage|p1a: Zardinator|40\/100|[from] Stealth Rock\n|-weather|SunnyDay|[from] ability: Drought|[of] p1a: Zardinator\n|move|p2a: Toxic Wisdom|Gyro Ball|p1a: Zardinator\n|-resisted|p1a: Zardinator\n|-damage|p1a: Zardinator|6\/100\n|\n|-weather|SunnyDay|[upkeep]\n|-heal|p2a: Toxic Wisdom|73\/100|[from] item: Leftovers\n|upkeep\n|turn|12\n|c|\u2606IncandescentCandle|no dice\n|c| OUVTJack0lantern89|click ddance on ferro\n|c| Astro Rifk|dd yard is rlly heat tho trust\n|c| Astro Rifk|dd into focus punch on chansey\n|j| SkechiArt\n|c| Astro Rifk|blow if up\n|c| OUVTJack0lantern89|i meant\n|c| OUVTJack0lantern89|click dd\n|c| OUVTJack0lantern89|with ferro\n|\n|t:|1699049950\n|move|p1a: Zardinator|Weather Ball|p2a: Toxic Wisdom\n|-supereffective|p2a: Toxic Wisdom\n|-damage|p2a: Toxic Wisdom|0 fnt\n|faint|p2a: Toxic Wisdom\n|\n|-weather|SunnyDay|[upkeep]\n|upkeep\n|\n|t:|1699049953\n|switch|p2a: Unholy Insurgency|Whimsicott, M|100\/100\n|-damage|p2a: Unholy Insurgency|88\/100|[from] Stealth Rock\n|-status|p2a: Unholy Insurgency|psn\n|turn|13\n|\n|t:|1699049965\n|move|p2a: Unholy Insurgency|Moonblast|p1a: Zardinator\n|-resisted|p1a: Zardinator\n|-damage|p1a: Zardinator|0 fnt\n|faint|p1a: Zardinator\n|\n|-weather|SunnyDay|[upkeep]\n|-damage|p2a: Unholy Insurgency|76\/100 psn|[from] psn\n|upkeep\n|\n|t:|1699049970\n|switch|p1a: Joel|Gholdengo|36\/100\n|-damage|p1a: Joel|30\/100|[from] Stealth Rock\n|turn|14\n|\n|t:|1699049974\n|move|p1a: Joel|Make It Rain|p2a: Unholy Insurgency\n|-supereffective|p2a: Unholy Insurgency\n|-crit|p2a: Unholy Insurgency\n|-damage|p2a: Unholy Insurgency|0 fnt\n|-unboost|p1a: Joel|spa|1\n|faint|p2a: Unholy Insurgency\n|\n|-weather|SunnyDay|[upkeep]\n|upkeep\n|\n|t:|1699049979\n|switch|p2a: Murderswarm|Meowscarada, F|100\/100\n|-damage|p2a: Murderswarm|88\/100|[from] Stealth Rock\n|-status|p2a: Murderswarm|psn\n|turn|15\n|c| Astro Rifk|kill joel w hammers\n|c|\u2606IncandescentCandle|this is true\n|c| OUVTJack0lantern89|no\n|c| OUVTJack0lantern89|hes my boi\n|c|\u2606SkillzBP|whatd he do\n|c| Moonz_e|Exists\n|c| SkechiArt|ur mom\n|c|\u2606SkillzBP|joel would never\n|c| Moonz_e|Skechi, what's with the mom jokes?\n|\n|t:|1699050025\n|switch|p1a: hey check this out|Glimmora, F|74\/100\n|-damage|p1a: hey check this out|61\/100|[from] Stealth Rock\n|move|p2a: Murderswarm|Knock Off|p1a: hey check this out\n|-start|p2a: Murderswarm|typechange|Dark|[from] ability: Protean\n|-damage|p1a: hey check this out|28\/100\n|-activate|p1a: hey check this out|ability: Toxic Debris\n|-sidestart|p2: IncandescentCandle|move: Toxic Spikes\n|\n|-weather|none\n|-damage|p2a: Murderswarm|76\/100 psn|[from] psn\n|upkeep\n|turn|16\n|\n|t:|1699050040\n|move|p2a: Murderswarm|Knock Off|p1a: hey check this out\n|-damage|p1a: hey check this out|0 fnt\n|faint|p1a: hey check this out\n|\n|-damage|p2a: Murderswarm|64\/100 psn|[from] psn\n|upkeep\n|\n|t:|1699050044\n|switch|p1a: Terrain Up?|Rillaboom, F|100\/100\n|-damage|p1a: Terrain Up?|88\/100|[from] Stealth Rock\n|-fieldstart|move: Grassy Terrain|[from] ability: Grassy Surge|[of] p1a: Terrain Up?\n|turn|17\n|c| OUVTJack0lantern89|terrain is in fact\n|c| OUVTJack0lantern89|up\n|c| Destinum|It has successfully been checked out.\n|\n|t:|1699050063\n|switch|p2a: Open Frenzy|Venusaur, F|100\/100\n|-damage|p2a: Open Frenzy|88\/100|[from] Stealth Rock\n|-sideend|p2: IncandescentCandle|move: Toxic Spikes|[of] p2a: Open Frenzy\n|move|p1a: Terrain Up?|U-turn|p2a: Open Frenzy\n|-damage|p2a: Open Frenzy|64\/100\n|-damage|p1a: Terrain Up?|78\/100|[from] item: Life Orb\n|\n|t:|1699050066\n|switch|p1a: U know the vibes\ud83d\udd25|Sneasler, F|100\/100|[from] U-turn\n|-damage|p1a: U know the vibes\ud83d\udd25|95\/100|[from] Stealth Rock\n|-enditem|p1a: U know the vibes\ud83d\udd25|Grassy Seed\n|-boost|p1a: U know the vibes\ud83d\udd25|def|1|[from] item: Grassy Seed\n|\n|-heal|p1a: U know the vibes\ud83d\udd25|100\/100|[from] Grassy Terrain\n|-heal|p2a: Open Frenzy|70\/100|[from] Grassy Terrain\n|upkeep\n|turn|18\n|c| SkechiArt|cringe set\n|\n|t:|1699050093\n|detailschange|p2a: Open Frenzy|Venusaur-Mega, F\n|-mega|p2a: Open Frenzy|Venusaur|Venusaurite\n|-terastallize|p1a: U know the vibes\ud83d\udd25|Flying\n|move|p1a: U know the vibes\ud83d\udd25|Acrobatics|p2a: Open Frenzy\n|-supereffective|p2a: Open Frenzy\n|-damage|p2a: Open Frenzy|0 fnt\n|faint|p2a: Open Frenzy\n|\n|upkeep\n|\n|t:|1699050097\n|switch|p2a: Left Alone|Ogerpon-Cornerstone, F|88\/100\n|-damage|p2a: Left Alone|76\/100|[from] Stealth Rock\n|turn|19\n|\n|t:|1699050103\n|-terastallize|p2a: Left Alone|Rock\n|detailschange|p2a: Left Alone|Ogerpon-Cornerstone-Tera, F, tera:Rock\n|-ability|p2a: Left Alone|Embody Aspect (Cornerstone)|boost\n|-boost|p2a: Left Alone|def|1\n|move|p1a: U know the vibes\ud83d\udd25|Close Combat|p2a: Left Alone\n|-supereffective|p2a: Left Alone\n|-damage|p2a: Left Alone|0 fnt\n|-unboost|p1a: U know the vibes\ud83d\udd25|def|1\n|-unboost|p1a: U know the vibes\ud83d\udd25|spd|1\n|faint|p2a: Left Alone\n|\n|upkeep\n|j| Bug Maniac Swaggy\n|\n|t:|1699050106\n|switch|p2a: Murderswarm|Meowscarada, F|64\/100 psn\n|-damage|p2a: Murderswarm|51\/100 psn|[from] Stealth Rock\n|turn|20\n|c|\u2606IncandescentCandle|yeah gg\n|c| OUVTJack0lantern89|click ad\n|c|\u2606IncandescentCandle|lost the lead 50-50 and it lost me the game\n|c| OUVTJack0lantern89|*sd\n|\n|t:|1699050123\n|move|p1a: U know the vibes\ud83d\udd25|Acrobatics|p2a: Murderswarm\n|-supereffective|p2a: Murderswarm\n|-damage|p2a: Murderswarm|0 fnt\n|faint|p2a: Murderswarm\n|\n|win|SkillzBP\n|c|\u2606SkillzBP|gg\n|l| Moonz_e\n|l| ArcticIzagi\n|l| Astro Rifk\n|l| Destinum\n|l| Bug Maniac Swaggy\n","uploadtime":1699050131,"views":23,"p1id":"skillzbp","p2id":"incandescentcandle","formatid":"gen9nationaldexubers","rating":0,"private":0,"password":""}