{"id":"gen9nationaldexubers-1989991091","p1":"ninjamage13","p2":"Cold Finally","format":"[Gen 9] National Dex Ubers","log":"|j|\u2606ninjamage13\n|j|\u2606Cold Finally\n|t:|1699913208\n|gametype|singles\n|player|p1|ninjamage13|pokemonranger-gen6xy|\n|player|p2|Cold Finally|iris-masters|\n|teamsize|p1|6\n|teamsize|p2|6\n|gen|9\n|tier|[Gen 9] National Dex Ubers\n|rule|HP Percentage Mod: HP is shown in percentages\n|rule|Endless Battle Clause: Forcing endless battles is banned\n|rule|OHKO Clause: OHKO moves are banned\n|rule|Evasion Moves Clause: Evasion moves are banned\n|rule|Evasion Items Clause: Evasion items are banned\n|rule|Species Clause: Limit one of each Pok\u00e9mon\n|rule|Sleep Clause Mod: Limit one foe put to sleep\n|rule|Mega Rayquaza Clause: You cannot mega evolve Rayquaza\n|clearpoke\n|poke|p1|Victini|\n|poke|p1|Kingambit, M|\n|poke|p1|Ursaluna-Bloodmoon, M|\n|poke|p1|Zapdos|\n|poke|p1|Alomomola, F|\n|poke|p1|Goodra-Hisui, M|\n|poke|p2|Mimikyu, F|\n|poke|p2|Mawile, F|\n|poke|p2|Tapu Bulu|\n|poke|p2|Grimmsnarl, M|\n|poke|p2|Enamorus, F|\n|poke|p2|Tapu Koko|\n|teampreview\n|j| k7eenex\n|c|\u2606Cold Finally|glhf\n|j| Astro The Man\n|c|\u2606ninjamage13|u2\n|\n|t:|1699913276\n|start\n|switch|p1a: HOT THOUGHTS|Victini|100\/100\n|switch|p2a: ass goblin|Grimmsnarl, M, shiny|100\/100\n|turn|1\n|\n|t:|1699913339\n|move|p2a: ass goblin|Reflect|p2a: ass goblin\n|-sidestart|p2: Cold Finally|Reflect\n|move|p1a: HOT THOUGHTS|V-create|p2a: ass goblin\n|-damage|p2a: ass goblin|57\/100\n|-unboost|p1a: HOT THOUGHTS|spe|1\n|-unboost|p1a: HOT THOUGHTS|def|1\n|-unboost|p1a: HOT THOUGHTS|spd|1\n|\n|upkeep\n|turn|2\n|\n|t:|1699913368\n|move|p2a: ass goblin|Parting Shot|p1a: HOT THOUGHTS\n|-unboost|p1a: HOT THOUGHTS|atk|1\n|-unboost|p1a: HOT THOUGHTS|spa|1\n|\n|t:|1699913386\n|switch|p2a: Wicked Witch|Enamorus, F|100\/100|[from] Parting Shot\n|move|p1a: HOT THOUGHTS|V-create|p2a: Wicked Witch\n|-damage|p2a: Wicked Witch|58\/100\n|-unboost|p1a: HOT THOUGHTS|spe|1\n|-unboost|p1a: HOT THOUGHTS|def|1\n|-unboost|p1a: HOT THOUGHTS|spd|1\n|\n|upkeep\n|turn|3\n|j| Great Renown\n|\n|t:|1699913465\n|switch|p1a: I WISH I WAS A...|Alomomola, F|100\/100\n|move|p2a: Wicked Witch|Superpower|p1a: I WISH I WAS A...\n|-damage|p1a: I WISH I WAS A...|84\/100\n|-boost|p2a: Wicked Witch|atk|1\n|-boost|p2a: Wicked Witch|def|1\n|\n|upkeep\n|turn|4\n|\n|t:|1699913495\n|move|p2a: Wicked Witch|Moonblast|p1a: I WISH I WAS A...\n|-damage|p1a: I WISH I WAS A...|22\/100\n|move|p1a: I WISH I WAS A...|Flip Turn|p2a: Wicked Witch\n|-damage|p2a: Wicked Witch|50\/100\n|\n|t:|1699913501\n|switch|p1a: HOT THOUGHTS|Victini|100\/100|[from] Flip Turn\n|\n|upkeep\n|turn|5\n|\n|t:|1699913516\n|move|p2a: Wicked Witch|Earth Power|p1a: HOT THOUGHTS\n|-supereffective|p1a: HOT THOUGHTS\n|-damage|p1a: HOT THOUGHTS|35\/100\n|move|p1a: HOT THOUGHTS|V-create|p2a: Wicked Witch\n|-damage|p2a: Wicked Witch|12\/100\n|-unboost|p1a: HOT THOUGHTS|spe|1\n|-unboost|p1a: HOT THOUGHTS|def|1\n|-unboost|p1a: HOT THOUGHTS|spd|1\n|\n|upkeep\n|turn|6\n|c|\u2606ninjamage13|that was a misplay lmao\n|c|\u2606ninjamage13|whoops\n|c|\u2606ninjamage13|shoulda glaciated first\n|c|\u2606Cold Finally|true\n|c| Great Renown|bro\n|\n|t:|1699913623\n|switch|p1a: PARASITE EVE|Kingambit, M|100\/100\n|move|p2a: Wicked Witch|Superpower|p1a: PARASITE EVE\n|-supereffective|p1a: PARASITE EVE\n|-crit|p1a: PARASITE EVE\n|-damage|p1a: PARASITE EVE|0 fnt\n|-boost|p2a: Wicked Witch|atk|1\n|-boost|p2a: Wicked Witch|def|1\n|faint|p1a: PARASITE EVE\n|-end|p1a: PARASITE EVE|fallenundefined|[silent]\n|\n|upkeep\n|c|\u2606ninjamage13|shit\n|c|\u2606ninjamage13|good play\n|\n|t:|1699913637\n|switch|p1a: CAPALA|Zapdos|100\/100\n|turn|7\n|\n|t:|1699913717\n|switch|p2a: Hot Koko|Tapu Koko, shiny|100\/100\n|-fieldstart|move: Electric Terrain|[from] ability: Electric Surge|[of] p2a: Hot Koko\n|move|p1a: CAPALA|Volt Switch|p2a: Hot Koko\n|-resisted|p2a: Hot Koko\n|-damage|p2a: Hot Koko|79\/100\n|\n|t:|1699913757\n|switch|p1a: KILL THE MOONLIGHT|Ursaluna-Bloodmoon, M|100\/100|[from] Volt Switch\n|\n|upkeep\n|turn|8\n|\n|t:|1699913796\n|move|p2a: Hot Koko|Dazzling Gleam|p1a: KILL THE MOONLIGHT\n|-damage|p1a: KILL THE MOONLIGHT|30\/100\n|move|p1a: KILL THE MOONLIGHT|Blood Moon|p2a: Hot Koko\n|-damage|p2a: Hot Koko|0 fnt\n|faint|p2a: Hot Koko\n|\n|-sideend|p2: Cold Finally|Reflect\n|upkeep\n|\n|t:|1699913832\n|switch|p2a: Gothmo|Mawile, F|100\/100\n|-ability|p2a: Gothmo|Intimidate|boost\n|-unboost|p1a: KILL THE MOONLIGHT|atk|1\n|turn|9\n|\n|t:|1699913849\n|switch|p2a: Wicked Witch|Enamorus, F|12\/100\n|move|p1a: KILL THE MOONLIGHT|Moonlight|p1a: KILL THE MOONLIGHT\n|-heal|p1a: KILL THE MOONLIGHT|80\/100\n|\n|upkeep\n|turn|10\n|\n|t:|1699913873\n|move|p2a: Wicked Witch|Moonblast|p1a: KILL THE MOONLIGHT\n|-damage|p1a: KILL THE MOONLIGHT|8\/100\n|move|p1a: KILL THE MOONLIGHT|Blood Moon|p2a: Wicked Witch\n|-damage|p2a: Wicked Witch|0 fnt\n|faint|p2a: Wicked Witch\n|\n|upkeep\n|\n|t:|1699913902\n|switch|p2a: plushy under a bed|Mimikyu, F, shiny|100\/100\n|turn|11\n|\n|t:|1699913926\n|switch|p1a: I WISH I WAS A...|Alomomola, F|55\/100\n|move|p2a: plushy under a bed|Swords Dance|p2a: plushy under a bed\n|-boost|p2a: plushy under a bed|atk|2\n|\n|-fieldend|move: Electric Terrain\n|upkeep\n|turn|12\n|\n|t:|1699913963\n|move|p2a: plushy under a bed|Swords Dance|p2a: plushy under a bed\n|-boost|p2a: plushy under a bed|atk|2\n|move|p1a: I WISH I WAS A...|Flip Turn|p2a: plushy under a bed\n|-activate|p2a: plushy under a bed|ability: Disguise\n|-damage|p2a: plushy under a bed|100\/100\n|detailschange|p2a: plushy under a bed|Mimikyu-Busted, F, shiny\n|-damage|p2a: plushy under a bed|88\/100|[from] pokemon: Mimikyu-Busted\n|\n|t:|1699913974\n|switch|p1a: CAPALA|Zapdos|100\/100|[from] Flip Turn\n|\n|upkeep\n|turn|13\n|\n|t:|1699913982\n|move|p2a: plushy under a bed|Play Rough|p1a: CAPALA\n|-damage|p1a: CAPALA|0 fnt\n|faint|p1a: CAPALA\n|-damage|p2a: plushy under a bed|78\/100|[from] item: Life Orb\n|\n|upkeep\n|\n|t:|1699914000\n|switch|p1a: I WISH I WAS A...|Alomomola, F|88\/100\n|turn|14\n|\n|t:|1699914018\n|move|p2a: plushy under a bed|Play Rough|p1a: I WISH I WAS A...\n|-damage|p1a: I WISH I WAS A...|15\/100\n|-damage|p2a: plushy under a bed|68\/100|[from] item: Life Orb\n|move|p1a: I WISH I WAS A...|Scald|p2a: plushy under a bed\n|-damage|p2a: plushy under a bed|51\/100\n|\n|upkeep\n|turn|15\n|c|\u2606ninjamage13|well\n|c|\u2606ninjamage13|shit\n|c|\u2606ninjamage13|I really goobed myself here\n|c|\u2606Cold Finally|beating the status condition allegations once again\n|\n|t:|1699914065\n|switch|p1a: KILL THE MOONLIGHT|Ursaluna-Bloodmoon, M|8\/100\n|move|p2a: plushy under a bed|Drain Punch|p1a: KILL THE MOONLIGHT\n|-supereffective|p1a: KILL THE MOONLIGHT\n|-crit|p1a: KILL THE MOONLIGHT\n|-damage|p1a: KILL THE MOONLIGHT|0 fnt\n|-heal|p2a: plushy under a bed|57\/100|[from] drain|[of] p1a: KILL THE MOONLIGHT\n|faint|p1a: KILL THE MOONLIGHT\n|-damage|p2a: plushy under a bed|47\/100|[from] item: Life Orb\n|\n|upkeep\n|\n|t:|1699914067\n|switch|p1a: I WISH I WAS A...|Alomomola, F|48\/100\n|turn|16\n|\n|t:|1699914076\n|switch|p1a: HOT THOUGHTS|Victini|35\/100\n|move|p2a: plushy under a bed|Play Rough|p1a: HOT THOUGHTS\n|-resisted|p1a: HOT THOUGHTS\n|-damage|p1a: HOT THOUGHTS|0 fnt\n|faint|p1a: HOT THOUGHTS\n|-damage|p2a: plushy under a bed|37\/100|[from] item: Life Orb\n|\n|upkeep\n|\n|t:|1699914080\n|switch|p1a: I WISH I WAS A...|Alomomola, F|81\/100\n|turn|17\n|l| Astro The Man\n|\n|t:|1699914091\n|move|p2a: plushy under a bed|Play Rough|p1a: I WISH I WAS A...\n|-damage|p1a: I WISH I WAS A...|4\/100\n|-damage|p2a: plushy under a bed|27\/100|[from] item: Life Orb\n|move|p1a: I WISH I WAS A...|Scald|p2a: plushy under a bed\n|-damage|p2a: plushy under a bed|10\/100\n|\n|upkeep\n|turn|18\n|\n|t:|1699914102\n|move|p2a: plushy under a bed|Play Rough|p1a: I WISH I WAS A...\n|-damage|p1a: I WISH I WAS A...|0 fnt\n|faint|p1a: I WISH I WAS A...\n|-damage|p2a: plushy under a bed|0 fnt|[from] item: Life Orb\n|faint|p2a: plushy under a bed\n|\n|upkeep\n|c|\u2606Cold Finally|gg\n|c|\u2606ninjamage13|gg\n|c|\u2606Cold Finally|omfg I deadass forgot goodra was alive wait\n|\n|t:|1699914130\n|switch|p2a: ass goblin|Grimmsnarl, M, shiny|57\/100\n|switch|p1a: RAINY TAXI|Goodra-Hisui, M|100\/100\n|turn|19\n|c|\u2606ninjamage13|its goobing time???\n|\n|t:|1699914139\n|move|p2a: ass goblin|Light Screen|p2a: ass goblin\n|-sidestart|p2: Cold Finally|move: Light Screen\n|move|p1a: RAINY TAXI|Flash Cannon|p2a: ass goblin\n|-supereffective|p2a: ass goblin\n|-damage|p2a: ass goblin|27\/100\n|\n|upkeep\n|turn|20\n|l| k7eenex\n|c|\u2606ninjamage13|nah he aint gonna do enough\n|\n|t:|1699914152\n|move|p1a: RAINY TAXI|Flash Cannon|p2a: ass goblin\n|-supereffective|p2a: ass goblin\n|-damage|p2a: ass goblin|0 fnt\n|faint|p2a: ass goblin\n|\n|upkeep\n|\n|t:|1699914170\n|switch|p2a: the Beast|Tapu Bulu, shiny|100\/100\n|-fieldstart|move: Grassy Terrain|[from] ability: Grassy Surge|[of] p2a: the Beast\n|turn|21\n|\n|t:|1699914217\n|move|p2a: the Beast|Close Combat|p1a: RAINY TAXI\n|-supereffective|p1a: RAINY TAXI\n|-damage|p1a: RAINY TAXI|19\/100\n|-unboost|p2a: the Beast|def|1\n|-unboost|p2a: the Beast|spd|1\n|move|p1a: RAINY TAXI|Flash Cannon|p2a: the Beast\n|-supereffective|p2a: the Beast\n|-damage|p2a: the Beast|29\/100\n|\n|-heal|p2a: the Beast|35\/100|[from] Grassy Terrain\n|-heal|p1a: RAINY TAXI|25\/100|[from] Grassy Terrain\n|upkeep\n|turn|22\n|c|\u2606ninjamage13|simply miss cc\n|c| Great Renown|ninja\n|c| Great Renown|when you said\n|c|\u2606Cold Finally|ggs\n|\n|t:|1699914240\n|move|p2a: the Beast|Close Combat|p1a: RAINY TAXI\n|-supereffective|p1a: RAINY TAXI\n|-damage|p1a: RAINY TAXI|0 fnt\n|-unboost|p2a: the Beast|def|1\n|-unboost|p2a: the Beast|spd|1\n|faint|p1a: RAINY TAXI\n|\n|win|Cold Finally\n|c|\u2606ninjamage13|ggs\n|c| Great Renown|\"i should have glaciated\"\n|c| Great Renown|the contrary\n|c| Great Renown|enamorous\n|c| Great Renown|i got worried for you\n|c|\u2606Cold Finally|yeah I was going to say something LMAO\n|c|\u2606ninjamage13|it had a chance to kill from there\n|c|\u2606ninjamage13|is why\n|c|\u2606Cold Finally|i dont think so\n|c|\u2606ninjamage13|wait nah it was gonna do like 43 max\n|c|\u2606ninjamage13|rip\n|c|\u2606Cold Finally|screen was up\n|c|\u2606ninjamage13|nah only reflect was up\n","uploadtime":1699914330,"views":9,"p1id":"ninjamage13","p2id":"coldfinally","formatid":"gen9nationaldexubers","rating":0,"private":0,"password":""}