{"id":"gen9nationaldexubers-1980134690","p1":"Stallsun9U","p2":"85792195wwww","format":"[Gen 9] National Dex Ubers","log":"|j|\u2606Stallsun9U\n|j|\u203d85792195wwww\n|t:|1698760385\n|gametype|singles\n|player|p1|Stallsun9U|veteran|1675\n|player|p2|85792195wwww|lady|1791\n|teamsize|p1|6\n|teamsize|p2|6\n|gen|9\n|tier|[Gen 9] National Dex Ubers\n|rated|\n|rule|HP Percentage Mod: HP is shown in percentages\n|rule|Endless Battle Clause: Forcing endless battles is banned\n|rule|OHKO Clause: OHKO moves are banned\n|rule|Evasion Moves Clause: Evasion moves are banned\n|rule|Evasion Items Clause: Evasion items are banned\n|rule|Species Clause: Limit one of each Pok\u00e9mon\n|rule|Sleep Clause Mod: Limit one foe put to sleep\n|rule|Mega Rayquaza Clause: You cannot mega evolve Rayquaza\n|clearpoke\n|poke|p1|Deoxys-Speed|\n|poke|p1|Arceus|\n|poke|p1|Xerneas-*|\n|poke|p1|Kyurem-Black|\n|poke|p1|Groudon|\n|poke|p1|Necrozma-Dusk-Mane|\n|poke|p2|Xerneas-*|\n|poke|p2|Rayquaza|\n|poke|p2|Zacian-*|\n|poke|p2|Deoxys-Speed|\n|poke|p2|Groudon|\n|poke|p2|Arceus|\n|teampreview\n|inactive|Battle timer is ON: inactive players will automatically lose when time's up. (requested by Stallsun9U)\n|\n|t:|1698760397\n|start\n|switch|p1a: Deoxys|Deoxys-Speed|100\/100\n|switch|p2a: Zacian|Zacian-Crowned|100\/100\n|-ability|p1a: Deoxys|Pressure\n|-ability|p2a: Zacian|Intrepid Sword|boost\n|-boost|p2a: Zacian|atk|1\n|turn|1\n|\n|t:|1698760412\n|move|p1a: Deoxys|Taunt|p2a: Zacian\n|-start|p2a: Zacian|move: Taunt\n|move|p2a: Zacian|Behemoth Blade|p1a: Deoxys\n|-crit|p1a: Deoxys\n|-enditem|p1a: Deoxys|Focus Sash\n|-damage|p1a: Deoxys|1\/100\n|\n|upkeep\n|turn|2\n|\n|t:|1698760423\n|move|p1a: Deoxys|Stealth Rock|p2a: Zacian\n|-sidestart|p2: 85792195wwww|move: Stealth Rock\n|move|p2a: Zacian|Behemoth Blade|p1a: Deoxys\n|-damage|p1a: Deoxys|0 fnt\n|faint|p1a: Deoxys\n|\n|upkeep\n|\n|t:|1698760431\n|switch|p1a: Groudon|Groudon|100\/100\n|detailschange|p1a: Groudon|Groudon-Primal\n|-primal|p1a: Groudon|Red Orb\n|-weather|DesolateLand|[from] ability: Desolate Land|[of] p1a: Groudon\n|turn|3\n|\n|t:|1698760438\n|-terastallize|p2a: Zacian|Ground\n|move|p2a: Zacian|Tera Blast|p1a: Groudon|[anim] Tera Blast Ground\n|-supereffective|p1a: Groudon\n|-damage|p1a: Groudon|0 fnt\n|faint|p1a: Groudon\n|-weather|none\n|\n|-end|p2a: Zacian|move: Taunt\n|upkeep\n|\n|t:|1698760460\n|switch|p1a: Kyurem|Kyurem-Black|100\/100\n|-ability|p1a: Kyurem|Teravolt\n|turn|4\n|\n|t:|1698760467\n|-terastallize|p1a: Kyurem|Electric\n|move|p2a: Zacian|Behemoth Blade|p1a: Kyurem\n|-resisted|p1a: Kyurem\n|-damage|p1a: Kyurem|60\/100\n|move|p1a: Kyurem|Dragon Dance|p1a: Kyurem\n|-boost|p1a: Kyurem|atk|1\n|-boost|p1a: Kyurem|spe|1\n|\n|upkeep\n|turn|5\n|\n|t:|1698760483\n|move|p1a: Kyurem|Icicle Spear|p2a: Zacian\n|-supereffective|p2a: Zacian\n|-damage|p2a: Zacian|56\/100\n|-supereffective|p2a: Zacian\n|-damage|p2a: Zacian|9\/100\n|-supereffective|p2a: Zacian\n|-damage|p2a: Zacian|0 fnt\n|faint|p2a: Zacian\n|-hitcount|p2: Zacian|3\n|\n|upkeep\n|j| jejeuwjwjdjd\n|\n|t:|1698760493\n|switch|p2a: Rayquaza|Rayquaza|100\/100\n|-damage|p2a: Rayquaza|76\/100|[from] Stealth Rock\n|-ability|p2a: Rayquaza|Air Lock\n|turn|6\n|l|\u2606Stallsun9U\n|inactive|Stallsun9U disconnected and has a minute to reconnect!\n|player|p1|\n|inactive|Stallsun9U has 30 seconds to reconnect!\n|inactive|Stallsun9U has 20 seconds to reconnect!\n|inactive|Stallsun9U has 15 seconds to reconnect!\n|j|\u2606Stallsun9U\n|inactive|Stallsun9U reconnected and has 95 seconds left.\n|player|p1|Stallsun9U|veteran\n|\n|t:|1698760553\n|move|p2a: Rayquaza|Extreme Speed|p1a: Kyurem\n|-damage|p1a: Kyurem|12\/100\n|move|p1a: Kyurem|Icicle Spear|p2a: Rayquaza\n|-supereffective|p2a: Rayquaza\n|-damage|p2a: Rayquaza|0 fnt\n|faint|p2a: Rayquaza\n|-hitcount|p2: Rayquaza|1\n|\n|upkeep\n|\n|t:|1698760562\n|switch|p2a: Arceus|Arceus|100\/100\n|-damage|p2a: Arceus|88\/100|[from] Stealth Rock\n|turn|7\n|\n|t:|1698760580\n|move|p2a: Arceus|Extreme Speed|p1a: Kyurem\n|-damage|p1a: Kyurem|0 fnt\n|faint|p1a: Kyurem\n|-damage|p2a: Arceus|78\/100|[from] item: Life Orb\n|\n|upkeep\n|inactive|Stallsun9U has 90 seconds left.\n|l|\u2606Stallsun9U\n|inactive|Stallsun9U disconnected and has a minute to reconnect!\n|player|p1|\n|j|\u2606Stallsun9U\n|inactive|Stallsun9U reconnected and has 80 seconds left.\n|player|p1|Stallsun9U|veteran\n|\n|t:|1698760607\n|switch|p1a: Necrozma|Necrozma-Dusk-Mane|100\/100\n|turn|8\n|\n|t:|1698760612\n|move|p2a: Arceus|Will-O-Wisp|p1a: Necrozma\n|-status|p1a: Necrozma|brn\n|move|p1a: Necrozma|Dragon Dance|p1a: Necrozma\n|-boost|p1a: Necrozma|atk|1\n|-boost|p1a: Necrozma|spe|1\n|\n|-damage|p1a: Necrozma|94\/100 brn|[from] brn\n|upkeep\n|turn|9\n|\n|t:|1698760623\n|move|p1a: Necrozma|Dragon Dance|p1a: Necrozma\n|-boost|p1a: Necrozma|atk|1\n|-boost|p1a: Necrozma|spe|1\n|move|p2a: Arceus|Swords Dance|p2a: Arceus\n|-boost|p2a: Arceus|atk|2\n|\n|-damage|p1a: Necrozma|88\/100 brn|[from] brn\n|upkeep\n|turn|10\n|inactive|Stallsun9U has 90 seconds left.\n|\n|t:|1698760639\n|detailschange|p1a: Necrozma|Necrozma-Ultra\n|-burst|p1a: Necrozma|Necrozma|Ultranecrozium Z\n|move|p1a: Necrozma|Photon Geyser|p2a: Arceus\n|-damage|p2a: Arceus|24\/100\n|move|p2a: Arceus|Shadow Force||[still]\n|-prepare|p2a: Arceus|Shadow Force\n|\n|-damage|p1a: Necrozma|82\/100 brn|[from] brn\n|upkeep\n|turn|11\n|inactive|Stallsun9U has 90 seconds left.\n|\n|t:|1698760654\n|switch|p1a: Arceus|Arceus|100\/100\n|move|p2a: Arceus|Shadow Force|p1a: Arceus|[from]lockedmove\n|-immune|p1a: Arceus\n|\n|upkeep\n|turn|12\n|\n|t:|1698760664\n|move|p2a: Arceus|Extreme Speed|p1a: Arceus\n|-damage|p1a: Arceus|18\/100\n|-damage|p2a: Arceus|14\/100|[from] item: Life Orb\n|move|p1a: Arceus|Extreme Speed|p2a: Arceus\n|-crit|p2a: Arceus\n|-damage|p2a: Arceus|0 fnt\n|faint|p2a: Arceus\n|\n|upkeep\n|\n|t:|1698760676\n|switch|p2a: Deoxys|Deoxys-Speed|100\/100\n|-damage|p2a: Deoxys|88\/100|[from] Stealth Rock\n|-ability|p2a: Deoxys|Pressure\n|turn|13\n|\n|t:|1698760684\n|move|p1a: Arceus|Extreme Speed|p2a: Deoxys\n|-crit|p2a: Deoxys\n|-damage|p2a: Deoxys|8\/100\n|-damage|p1a: Arceus|1\/100|[from] item: Rocky Helmet|[of] p2a: Deoxys\n|move|p2a: Deoxys|Psycho Boost|p1a: Arceus\n|-damage|p1a: Arceus|0 fnt\n|-unboost|p2a: Deoxys|spa|2\n|faint|p1a: Arceus\n|\n|upkeep\n|\n|t:|1698760694\n|switch|p1a: Necrozma|Necrozma-Ultra|82\/100 brn\n|turn|14\n|\n|t:|1698760700\n|move|p2a: Deoxys|Taunt|p1a: Necrozma\n|-start|p1a: Necrozma|move: Taunt\n|cant|p1a: Necrozma|move: Taunt|Dragon Dance\n|\n|-damage|p1a: Necrozma|76\/100 brn|[from] brn\n|upkeep\n|turn|15\n|inactive|Stallsun9U has 120 seconds left.\n|\n|t:|1698760707\n|move|p2a: Deoxys|Stealth Rock|p1a: Necrozma\n|-sidestart|p1: Stallsun9U|move: Stealth Rock\n|move|p1a: Necrozma|X-Scissor|p2a: Deoxys\n|-supereffective|p2a: Deoxys\n|-damage|p2a: Deoxys|0 fnt\n|-damage|p1a: Necrozma|59\/100 brn|[from] item: Rocky Helmet|[of] p2a: Deoxys\n|faint|p2a: Deoxys\n|\n|-damage|p1a: Necrozma|53\/100 brn|[from] brn\n|upkeep\n|\n|t:|1698760719\n|switch|p2a: Xerneas|Xerneas|100\/100\n|-damage|p2a: Xerneas|88\/100|[from] Stealth Rock\n|-ability|p2a: Xerneas|Fairy Aura\n|turn|16\n|\n|t:|1698760726\n|-zpower|p1a: Necrozma\n|move|p1a: Necrozma|Light That Burns the Sky|p2a: Xerneas|[zeffect]\n|-damage|p2a: Xerneas|34\/100\n|move|p2a: Xerneas|Geomancy||[still]\n|-prepare|p2a: Xerneas|Geomancy\n|-enditem|p2a: Xerneas|Power Herb\n|-anim|p2a: Xerneas|Geomancy|p2a: Xerneas\n|-boost|p2a: Xerneas|spa|2\n|-boost|p2a: Xerneas|spd|2\n|-boost|p2a: Xerneas|spe|2\n|\n|-damage|p1a: Necrozma|47\/100 brn|[from] brn\n|-end|p1a: Necrozma|move: Taunt\n|upkeep\n|turn|17\n|\n|t:|1698760741\n|move|p2a: Xerneas|Moonblast|p1a: Necrozma\n|-supereffective|p1a: Necrozma\n|-damage|p1a: Necrozma|0 fnt\n|faint|p1a: Necrozma\n|\n|upkeep\n|\n|t:|1698760745\n|switch|p1a: Xerneas|Xerneas|100\/100\n|-damage|p1a: Xerneas|88\/100|[from] Stealth Rock\n|-ability|p1a: Xerneas|Fairy Aura\n|turn|18\n|\n|t:|1698760753\n|move|p2a: Xerneas|Moonblast|p1a: Xerneas\n|-damage|p1a: Xerneas|0 fnt\n|faint|p1a: Xerneas\n|\n|win|85792195wwww\n|raw|Stallsun9U's rating: 1675 &rarr; <strong>1661<\/strong><br \/>(-14 for losing)\n|raw|85792195wwww's rating: 1791 &rarr; <strong>1805<\/strong><br \/>(+14 for winning)\n|l|\u2606Stallsun9U\n","uploadtime":1698760765,"views":7,"p1id":"stallsun9u","p2id":"85792195wwww","formatid":"gen9nationaldexubers","rating":1661,"private":0,"password":""}