{"id":"gen9nationaldexubers-1996454016","p1":"anmol123","p2":"85792195wwww","format":"[Gen 9] National Dex Ubers","log":"|j|\u2606anmol123\n|j|\u260685792195wwww\n|t:|1700683541\n|gametype|singles\n|player|p1|anmol123|101|1453\n|player|p2|85792195wwww|mira|1721\n|teamsize|p1|6\n|teamsize|p2|6\n|gen|9\n|tier|[Gen 9] National Dex Ubers\n|rated|\n|rule|HP Percentage Mod: HP is shown in percentages\n|rule|Endless Battle Clause: Forcing endless battles is banned\n|rule|OHKO Clause: OHKO moves are banned\n|rule|Evasion Moves Clause: Evasion moves are banned\n|rule|Evasion Items Clause: Evasion items are banned\n|rule|Species Clause: Limit one of each Pok\u00e9mon\n|rule|Sleep Clause Mod: Limit one foe put to sleep\n|rule|Mega Rayquaza Clause: You cannot mega evolve Rayquaza\n|clearpoke\n|poke|p1|Groudon|\n|poke|p1|Grimmsnarl, M|\n|poke|p1|Zacian-*|\n|poke|p1|Ditto|\n|poke|p1|Annihilape, F|\n|poke|p1|Mewtwo|\n|poke|p2|Arceus|\n|poke|p2|Zacian-*|\n|poke|p2|Xerneas-*|\n|poke|p2|Kyurem-Black|\n|poke|p2|Groudon|\n|poke|p2|Deoxys-Speed|\n|teampreview\n|inactive|Battle timer is ON: inactive players will automatically lose when time's up. (requested by anmol123)\n|inactive|anmol123 has 120 seconds left.\n|\n|t:|1700683577\n|start\n|switch|p1a: Grimmsnarl|Grimmsnarl, M|100\/100\n|switch|p2a: Arceus|Arceus|100\/100\n|turn|1\n|\n|t:|1700683584\n|-terastallize|p2a: Arceus|Normal\n|move|p2a: Arceus|Extreme Speed|p1a: Grimmsnarl\n|-damage|p1a: Grimmsnarl|31\/100\n|-damage|p2a: Arceus|91\/100|[from] item: Life Orb\n|move|p1a: Grimmsnarl|Taunt|p2a: Arceus\n|-start|p2a: Arceus|move: Taunt\n|\n|upkeep\n|turn|2\n|\n|t:|1700683594\n|switch|p1a: Annihilape|Annihilape, F|100\/100\n|move|p2a: Arceus|Earthquake|p1a: Annihilape\n|-damage|p1a: Annihilape|53\/100\n|-damage|p2a: Arceus|81\/100|[from] item: Life Orb\n|\n|-heal|p1a: Annihilape|59\/100|[from] item: Leftovers\n|upkeep\n|turn|3\n|\n|t:|1700683604\n|switch|p2a: Deoxys|Deoxys-Speed|100\/100\n|-ability|p2a: Deoxys|Pressure\n|move|p1a: Annihilape|Bulk Up|p1a: Annihilape\n|-boost|p1a: Annihilape|atk|1\n|-boost|p1a: Annihilape|def|1\n|\n|-heal|p1a: Annihilape|66\/100|[from] item: Leftovers\n|upkeep\n|turn|4\n|\n|t:|1700683616\n|move|p2a: Deoxys|Stealth Rock|p1a: Annihilape\n|-sidestart|p1: anmol123|move: Stealth Rock\n|move|p1a: Annihilape|Drain Punch|p2a: Deoxys\n|-resisted|p2a: Deoxys\n|-damage|p2a: Deoxys|72\/100\n|-heal|p1a: Annihilape|76\/100|[from] drain|[of] p2a: Deoxys\n|-damage|p1a: Annihilape|59\/100|[from] item: Rocky Helmet|[of] p2a: Deoxys\n|\n|-heal|p1a: Annihilape|65\/100|[from] item: Leftovers\n|upkeep\n|turn|5\n|\n|t:|1700683626\n|move|p2a: Deoxys|Thunder Wave|p1a: Annihilape\n|-status|p1a: Annihilape|par\n|move|p1a: Annihilape|Substitute|p1a: Annihilape\n|-start|p1a: Annihilape|Substitute\n|-damage|p1a: Annihilape|40\/100 par\n|\n|-heal|p1a: Annihilape|47\/100 par|[from] item: Leftovers\n|upkeep\n|turn|6\n|\n|t:|1700683635\n|move|p2a: Deoxys|Taunt|p1a: Annihilape\n|-start|p1a: Annihilape|move: Taunt\n|cant|p1a: Annihilape|par\n|\n|-heal|p1a: Annihilape|53\/100 par|[from] item: Leftovers\n|upkeep\n|turn|7\n|\n|t:|1700683647\n|switch|p2a: Xerneas|Xerneas|100\/100\n|-ability|p2a: Xerneas|Fairy Aura\n|move|p1a: Annihilape|Rage Fist|p2a: Xerneas\n|-damage|p2a: Xerneas|48\/100\n|\n|-heal|p1a: Annihilape|59\/100 par|[from] item: Leftovers\n|upkeep\n|turn|8\n|\n|t:|1700683657\n|move|p2a: Xerneas|Moonblast|p1a: Annihilape\n|-supereffective|p1a: Annihilape\n|-end|p1a: Annihilape|Substitute\n|move|p1a: Annihilape|Rage Fist|p2a: Xerneas\n|-damage|p2a: Xerneas|0 fnt\n|faint|p2a: Xerneas\n|\n|-heal|p1a: Annihilape|65\/100 par|[from] item: Leftovers\n|-end|p1a: Annihilape|move: Taunt\n|upkeep\n|\n|t:|1700683675\n|switch|p2a: Groudon|Groudon|100\/100\n|detailschange|p2a: Groudon|Groudon-Primal\n|-primal|p2a: Groudon|Red Orb\n|-weather|DesolateLand|[from] ability: Desolate Land|[of] p2a: Groudon\n|turn|9\n|\n|t:|1700683682\n|move|p2a: Groudon|Heat Crash|p1a: Annihilape\n|-damage|p1a: Annihilape|0 fnt\n|faint|p1a: Annihilape\n|\n|-weather|DesolateLand|[upkeep]\n|upkeep\n|\n|t:|1700683688\n|switch|p1a: Grimmsnarl|Grimmsnarl, M|31\/100\n|-damage|p1a: Grimmsnarl|19\/100|[from] Stealth Rock\n|turn|10\n|\n|t:|1700683692\n|move|p1a: Grimmsnarl|Reflect|p1a: Grimmsnarl\n|-sidestart|p1: anmol123|Reflect\n|move|p2a: Groudon|Heat Crash|p1a: Grimmsnarl\n|-damage|p1a: Grimmsnarl|0 fnt\n|faint|p1a: Grimmsnarl\n|\n|-weather|DesolateLand|[upkeep]\n|upkeep\n|\n|t:|1700683704\n|switch|p1a: Groudon|Groudon|100\/100\n|-damage|p1a: Groudon|94\/100|[from] Stealth Rock\n|detailschange|p1a: Groudon|Groudon-Primal\n|-primal|p1a: Groudon|Red Orb\n|turn|11\n|\n|t:|1700683711\n|move|p1a: Groudon|Rock Polish|p1a: Groudon\n|-boost|p1a: Groudon|spe|2\n|move|p2a: Groudon|Earthquake|p1a: Groudon\n|-supereffective|p1a: Groudon\n|-damage|p1a: Groudon|50\/100\n|\n|-weather|DesolateLand|[upkeep]\n|upkeep\n|turn|12\n|\n|t:|1700683718\n|move|p1a: Groudon|Precipice Blades|p2a: Groudon\n|-supereffective|p2a: Groudon\n|-damage|p2a: Groudon|0 fnt\n|faint|p2a: Groudon\n|\n|-weather|DesolateLand|[upkeep]\n|upkeep\n|\n|t:|1700683732\n|switch|p2a: Arceus|Arceus, tera:Normal|81\/100\n|turn|13\n|\n|t:|1700683744\n|move|p1a: Groudon|Heat Crash|p2a: Arceus\n|-damage|p2a: Arceus|12\/100\n|move|p2a: Arceus|Earthquake|p1a: Groudon\n|-supereffective|p1a: Groudon\n|-crit|p1a: Groudon\n|-damage|p1a: Groudon|0 fnt\n|faint|p1a: Groudon\n|-weather|none\n|-damage|p2a: Arceus|2\/100|[from] item: Life Orb\n|\n|upkeep\n|\n|t:|1700683761\n|switch|p1a: Zacian|Zacian-Crowned|100\/100\n|-damage|p1a: Zacian|94\/100|[from] Stealth Rock\n|-ability|p1a: Zacian|Intrepid Sword|boost\n|-boost|p1a: Zacian|atk|1\n|turn|14\n|\n|t:|1700683768\n|move|p1a: Zacian|Swords Dance|p1a: Zacian\n|-boost|p1a: Zacian|atk|2\n|move|p2a: Arceus|Earthquake|p1a: Zacian\n|-supereffective|p1a: Zacian\n|-damage|p1a: Zacian|43\/100\n|-damage|p2a: Arceus|0 fnt|[from] item: Life Orb\n|faint|p2a: Arceus\n|\n|upkeep\n|\n|t:|1700683777\n|switch|p2a: Deoxys|Deoxys-Speed|72\/100\n|-ability|p2a: Deoxys|Pressure\n|turn|15\n|\n|t:|1700683783\n|move|p2a: Deoxys|Thunder Wave|p1a: Zacian\n|-status|p1a: Zacian|par\n|cant|p1a: Zacian|par\n|\n|upkeep\n|turn|16\n|\n|t:|1700683801\n|switch|p2a: Zacian|Zacian-Crowned|100\/100\n|-ability|p2a: Zacian|Intrepid Sword|boost\n|-boost|p2a: Zacian|atk|1\n|move|p1a: Zacian|Behemoth Blade|p2a: Zacian\n|-damage|p2a: Zacian|0 fnt\n|faint|p2a: Zacian\n|\n|upkeep\n|\n|t:|1700683815\n|switch|p2a: Kyurem|Kyurem-Black|100\/100\n|-ability|p2a: Kyurem|Teravolt\n|turn|17\n|\n|t:|1700683820\n|move|p2a: Kyurem|Substitute|p2a: Kyurem\n|-start|p2a: Kyurem|Substitute\n|-damage|p2a: Kyurem|75\/100\n|cant|p1a: Zacian|par\n|\n|-sideend|p1: anmol123|Reflect\n|upkeep\n|turn|18\n|\n|t:|1700683829\n|move|p2a: Kyurem|Fusion Bolt|p1a: Zacian\n|-damage|p1a: Zacian|0 fnt\n|faint|p1a: Zacian\n|\n|upkeep\n|\n|t:|1700683836\n|switch|p1a: Mewtwo|Mewtwo|100\/100\n|-ability|p1a: Mewtwo|Unnerve\n|-damage|p1a: Mewtwo|88\/100|[from] Stealth Rock\n|turn|19\n|\n|t:|1700683852\n|detailschange|p1a: Mewtwo|Mewtwo-Mega-Y\n|-mega|p1a: Mewtwo|Mewtwo|Mewtwonite Y\n|move|p1a: Mewtwo|Psystrike|p2a: Kyurem\n|-end|p2a: Kyurem|Substitute\n|move|p2a: Kyurem|Icicle Spear|p1a: Mewtwo\n|-crit|p1a: Mewtwo\n|-damage|p1a: Mewtwo|56\/100\n|-damage|p1a: Mewtwo|34\/100\n|-crit|p1a: Mewtwo\n|-damage|p1a: Mewtwo|1\/100\n|-damage|p1a: Mewtwo|0 fnt\n|faint|p1a: Mewtwo\n|-hitcount|p1: Mewtwo|4\n|\n|upkeep\n|\n|t:|1700683861\n|switch|p1a: Ditto|Ditto|100\/100\n|-damage|p1a: Ditto|88\/100|[from] Stealth Rock\n|-transform|p1a: Ditto|p2a: Kyurem|[from] ability: Imposter\n|-ability|p1a: Ditto|Teravolt\n|turn|20\n|\n|t:|1700683873\n|switch|p2a: Deoxys|Deoxys-Speed|72\/100\n|-ability|p2a: Deoxys|Pressure\n|move|p1a: Ditto|Icicle Spear|p2a: Deoxys\n|-crit|p2a: Deoxys\n|-damage|p2a: Deoxys|46\/100\n|-damage|p2a: Deoxys|27\/100\n|-damage|p2a: Deoxys|9\/100\n|-damage|p2a: Deoxys|0 fnt\n|faint|p2a: Deoxys\n|-hitcount|p2: Deoxys|4\n|\n|upkeep\n|\n|t:|1700683885\n|switch|p2a: Kyurem|Kyurem-Black|75\/100\n|-ability|p2a: Kyurem|Teravolt\n|turn|21\n|\n|t:|1700683895\n|move|p1a: Ditto|Icicle Spear|p2a: Kyurem\n|-damage|p2a: Kyurem|59\/100\n|-damage|p2a: Kyurem|44\/100\n|-damage|p2a: Kyurem|31\/100\n|-hitcount|p2a: Kyurem|3\n|move|p2a: Kyurem|Icicle Spear|p1a: Ditto\n|-damage|p1a: Ditto|68\/100\n|-damage|p1a: Ditto|50\/100\n|-damage|p1a: Ditto|30\/100\n|-damage|p1a: Ditto|10\/100\n|-damage|p1a: Ditto|0 fnt\n|faint|p1a: Ditto\n|-hitcount|p1: Ditto|5\n|\n|win|85792195wwww\n|raw|anmol123's rating: 1453 &rarr; <strong>1446<\/strong><br \/>(-7 for losing)\n|raw|85792195wwww's rating: 1721 &rarr; <strong>1728<\/strong><br \/>(+7 for winning)\n|l|\u2606anmol123\n","uploadtime":1700683913,"views":0,"p1id":"anmol123","p2id":"85792195wwww","formatid":"gen9nationaldexubers","rating":1446,"private":0,"password":""}