{"id":"gen9nationaldexubers-1993147971","p1":"BKDAFEARLESS1","p2":"Tyborg.42069","format":"[Gen 9] National Dex Ubers","log":"|j|\u2606BKDAFEARLESS1\n|j|\u2606Tyborg.42069\n|t:|1700270544\n|gametype|singles\n|player|p1|BKDAFEARLESS1|hiker-gen4|1036\n|player|p2|Tyborg.42069|benga|1139\n|teamsize|p1|6\n|teamsize|p2|6\n|gen|9\n|tier|[Gen 9] National Dex Ubers\n|rated|\n|rule|HP Percentage Mod: HP is shown in percentages\n|rule|Endless Battle Clause: Forcing endless battles is banned\n|rule|OHKO Clause: OHKO moves are banned\n|rule|Evasion Moves Clause: Evasion moves are banned\n|rule|Evasion Items Clause: Evasion items are banned\n|rule|Species Clause: Limit one of each Pok\u00e9mon\n|rule|Sleep Clause Mod: Limit one foe put to sleep\n|rule|Mega Rayquaza Clause: You cannot mega evolve Rayquaza\n|clearpoke\n|poke|p1|Marshadow|\n|poke|p1|Roaring Moon|\n|poke|p1|Kyogre|\n|poke|p1|Necrozma-Dusk-Mane|\n|poke|p1|Metagross|\n|poke|p1|Kangaskhan, F|\n|poke|p2|Cinderace, F|\n|poke|p2|Walking Wake|\n|poke|p2|Blaziken, F|\n|poke|p2|Ogerpon-Hearthflame, F|\n|poke|p2|Groudon|\n|poke|p2|Lilligant-Hisui, F|\n|teampreview\n|inactive|Battle timer is ON: inactive players will automatically lose when time's up. (requested by BKDAFEARLESS1)\n|\n|t:|1700270549\n|start\n|switch|p1a: Necrozma|Necrozma-Dusk-Mane|100\/100\n|switch|p2a: water is scary|Groudon|100\/100\n|-weather|SunnyDay|[from] ability: Drought|[of] p2a: water is scary\n|turn|1\n|\n|t:|1700270559\n|move|p2a: water is scary|Stealth Rock|p1a: Necrozma\n|-sidestart|p1: BKDAFEARLESS1|move: Stealth Rock\n|-zpower|p1a: Necrozma\n|move|p1a: Necrozma|Searing Sunraze Smash|p2a: water is scary|[zeffect]\n|-damage|p2a: water is scary|36\/100\n|\n|-weather|SunnyDay|[upkeep]\n|upkeep\n|turn|2\n|\n|t:|1700270572\n|move|p2a: water is scary|Precipice Blades|p1a: Necrozma\n|-supereffective|p1a: Necrozma\n|-damage|p1a: Necrozma|36\/100\n|move|p1a: Necrozma|Sunsteel Strike|p2a: water is scary\n|-damage|p2a: water is scary|2\/100\n|\n|-weather|SunnyDay|[upkeep]\n|upkeep\n|turn|3\n|\n|t:|1700270580\n|move|p2a: water is scary|Precipice Blades|p1a: Necrozma\n|-supereffective|p1a: Necrozma\n|-damage|p1a: Necrozma|0 fnt\n|faint|p1a: Necrozma\n|\n|-weather|SunnyDay|[upkeep]\n|upkeep\n|\n|t:|1700270585\n|switch|p1a: Kangaskhan|Kangaskhan, F|100\/100\n|-damage|p1a: Kangaskhan|88\/100|[from] Stealth Rock\n|turn|4\n|\n|t:|1700270593\n|move|p1a: Kangaskhan|Power-Up Punch|p2a: water is scary\n|-crit|p2a: water is scary\n|-damage|p2a: water is scary|0 fnt\n|-boost|p1a: Kangaskhan|atk|1\n|faint|p2a: water is scary\n|\n|-weather|SunnyDay|[upkeep]\n|upkeep\n|\n|t:|1700270597\n|switch|p2a: the GOAT|Ogerpon-Hearthflame, F|100\/100\n|-ability|p2a: the GOAT|Mold Breaker\n|turn|5\n|\n|t:|1700270607\n|detailschange|p1a: Kangaskhan|Kangaskhan-Mega, F\n|-mega|p1a: Kangaskhan|Kangaskhan|Kangaskhanite\n|-terastallize|p2a: the GOAT|Fire\n|detailschange|p2a: the GOAT|Ogerpon-Hearthflame-Tera, F, tera:Fire\n|-ability|p2a: the GOAT|Embody Aspect (Hearthflame)|boost\n|-boost|p2a: the GOAT|atk|1\n|move|p2a: the GOAT|Ivy Cudgel|p1a: Kangaskhan|[anim] Ivy Cudgel Fire\n|-damage|p1a: Kangaskhan|0 fnt\n|faint|p1a: Kangaskhan\n|\n|-weather|SunnyDay|[upkeep]\n|upkeep\n|\n|t:|1700270616\n|switch|p1a: Kyogre|Kyogre|100\/100\n|-damage|p1a: Kyogre|88\/100|[from] Stealth Rock\n|detailschange|p1a: Kyogre|Kyogre-Primal\n|-primal|p1a: Kyogre|Blue Orb\n|-weather|PrimordialSea|[from] ability: Primordial Sea|[of] p1a: Kyogre\n|turn|6\n|\n|t:|1700270623\n|move|p2a: the GOAT|Horn Leech|p1a: Kyogre\n|-supereffective|p1a: Kyogre\n|-damage|p1a: Kyogre|0 fnt\n|faint|p1a: Kyogre\n|-weather|none\n|\n|upkeep\n|\n|t:|1700270629\n|switch|p1a: Marshadow|Marshadow|100\/100\n|-damage|p1a: Marshadow|94\/100|[from] Stealth Rock\n|turn|7\n|\n|t:|1700270636\n|move|p1a: Marshadow|Spectral Thief||[still]\n|-clearpositiveboost|p2a: the GOAT|p1a: Marshadow|move: Spectral Thief\n|-boost|p1a: Marshadow|atk|1\n|-anim|p1a: Marshadow|Spectral Thief|p2a: the GOAT\n|-damage|p2a: the GOAT|9\/100\n|move|p2a: the GOAT|Ivy Cudgel|p1a: Marshadow|[anim] Ivy Cudgel Fire\n|-damage|p1a: Marshadow|0 fnt\n|faint|p1a: Marshadow\n|\n|upkeep\n|\n|t:|1700270647\n|switch|p1a: Roaring Moon|Roaring Moon|100\/100\n|-damage|p1a: Roaring Moon|88\/100|[from] Stealth Rock\n|-enditem|p1a: Roaring Moon|Booster Energy\n|-activate|p1a: Roaring Moon|ability: Protosynthesis|[fromitem]\n|-start|p1a: Roaring Moon|protosynthesisspe\n|turn|8\n|\n|t:|1700270656\n|switch|p2a: Furry bait|Cinderace, F|100\/100\n|move|p1a: Roaring Moon|Acrobatics|p2a: Furry bait\n|-damage|p2a: Furry bait|40\/100\n|\n|upkeep\n|turn|9\n|\n|t:|1700270666\n|move|p1a: Roaring Moon|Acrobatics|p2a: Furry bait\n|-damage|p2a: Furry bait|0 fnt\n|faint|p2a: Furry bait\n|\n|upkeep\n|\n|t:|1700270681\n|switch|p2a: Popeyes|Blaziken, F, shiny|100\/100\n|turn|10\n|\n|t:|1700270684\n|detailschange|p2a: Popeyes|Blaziken-Mega, F, shiny\n|-mega|p2a: Popeyes|Blaziken|Blazikenite\n|move|p2a: Popeyes|Protect|p2a: Popeyes\n|-singleturn|p2a: Popeyes|Protect\n|move|p1a: Roaring Moon|Acrobatics|p2a: Popeyes\n|-activate|p2a: Popeyes|move: Protect\n|\n|-ability|p2a: Popeyes|Speed Boost|boost\n|-boost|p2a: Popeyes|spe|1\n|upkeep\n|turn|11\n|\n|t:|1700270695\n|-terastallize|p1a: Roaring Moon|Dragon\n|move|p1a: Roaring Moon|Acrobatics|p2a: Popeyes\n|-supereffective|p2a: Popeyes\n|-damage|p2a: Popeyes|0 fnt\n|faint|p2a: Popeyes\n|\n|upkeep\n|\n|t:|1700270701\n|switch|p2a: Dinosaur|Walking Wake|100\/100\n|turn|12\n|\n|t:|1700270704\n|move|p1a: Roaring Moon|Outrage|p2a: Dinosaur\n|-supereffective|p2a: Dinosaur\n|-damage|p2a: Dinosaur|0 fnt\n|faint|p2a: Dinosaur\n|-end|p2a: Dinosaur|Protosynthesis|[silent]\n|\n|upkeep\n|\n|t:|1700270712\n|switch|p2a: i lost weight|Lilligant-Hisui, F, shiny|100\/100\n|turn|13\n|\n|t:|1700270715\n|move|p1a: Roaring Moon|Outrage|p2a: i lost weight|[from]lockedmove\n|-damage|p2a: i lost weight|0 fnt\n|faint|p2a: i lost weight\n|\n|upkeep\n|\n|t:|1700270718\n|switch|p2a: the GOAT|Ogerpon-Hearthflame-Tera, F, tera:Fire|9\/100\n|-ability|p2a: the GOAT|Embody Aspect (Hearthflame)|boost\n|-boost|p2a: the GOAT|atk|1\n|turn|14\n|\n|t:|1700270722\n|move|p1a: Roaring Moon|Outrage|p2a: the GOAT|[from]lockedmove\n|-damage|p2a: the GOAT|0 fnt\n|faint|p2a: the GOAT\n|-start|p1a: Roaring Moon|confusion|[fatigue]\n|\n|win|BKDAFEARLESS1\n|raw|BKDAFEARLESS1's rating: 1036 &rarr; <strong>1081<\/strong><br \/>(+45 for winning)\n|raw|Tyborg.42069's rating: 1139 &rarr; <strong>1107<\/strong><br \/>(-32 for losing)\n|c|\u2606Tyborg.42069|gg\n|c|\u2606BKDAFEARLESS1|gg\n|l|\u2606Tyborg.42069\n","uploadtime":1700270736,"views":10,"p1id":"bkdafearless1","p2id":"tyborg42069","formatid":"gen9nationaldexubers","rating":1081,"private":0,"password":""}