{"id":"gen9nationaldexubers-1999563964","p1":"smeat packer","p2":"Koinaru Santao","format":"[Gen 9] National Dex Ubers","log":"|j|\u2606smeat packer\n|j|\u2606Koinaru Santao\n|t:|1701096558\n|gametype|singles\n|player|p1|smeat packer|lucas|1300\n|player|p2|Koinaru Santao|gloria-masters|1331\n|teamsize|p1|6\n|teamsize|p2|6\n|gen|9\n|tier|[Gen 9] National Dex Ubers\n|rated|\n|rule|HP Percentage Mod: HP is shown in percentages\n|rule|Endless Battle Clause: Forcing endless battles is banned\n|rule|OHKO Clause: OHKO moves are banned\n|rule|Evasion Moves Clause: Evasion moves are banned\n|rule|Evasion Items Clause: Evasion items are banned\n|rule|Species Clause: Limit one of each Pok\u00e9mon\n|rule|Sleep Clause Mod: Limit one foe put to sleep\n|rule|Mega Rayquaza Clause: You cannot mega evolve Rayquaza\n|clearpoke\n|poke|p1|Arceus|\n|poke|p1|Groudon|\n|poke|p1|Kyogre|\n|poke|p1|Marshadow|\n|poke|p1|Kyurem-Black|\n|poke|p1|Magearna|\n|poke|p2|Arceus-Ghost|\n|poke|p2|Groudon|\n|poke|p2|Necrozma-Dusk-Mane|\n|poke|p2|Salamence, F|\n|poke|p2|Xerneas-*|\n|poke|p2|Eternatus|\n|teampreview\n|\n|t:|1701096571\n|start\n|switch|p1a: Kyurem|Kyurem-Black|100\/100\n|switch|p2a: Arceus|Arceus-Ghost|100\/100\n|-ability|p1a: Kyurem|Teravolt\n|turn|1\n|inactive|Battle timer is ON: inactive players will automatically lose when time's up. (requested by Koinaru Santao)\n|\n|t:|1701096575\n|move|p2a: Arceus|Stealth Rock|p1a: Kyurem\n|-sidestart|p1: smeat packer|move: Stealth Rock\n|move|p1a: Kyurem|Dragon Dance|p1a: Kyurem\n|-boost|p1a: Kyurem|atk|1\n|-boost|p1a: Kyurem|spe|1\n|\n|upkeep\n|turn|2\n|\n|t:|1701096580\n|move|p1a: Kyurem|Icicle Spear|p2a: Arceus\n|-damage|p2a: Arceus|82\/100\n|-damage|p2a: Arceus|62\/100\n|-damage|p2a: Arceus|44\/100\n|-damage|p2a: Arceus|23\/100\n|-hitcount|p2a: Arceus|4\n|move|p2a: Arceus|Judgment|p1a: Kyurem\n|-damage|p1a: Kyurem|53\/100\n|\n|upkeep\n|turn|3\n|\n|t:|1701096588\n|move|p1a: Kyurem|Icicle Spear|p2a: Arceus\n|-damage|p2a: Arceus|4\/100\n|-damage|p2a: Arceus|0 fnt\n|faint|p2a: Arceus\n|-hitcount|p2: Arceus|2\n|\n|upkeep\n|\n|t:|1701096611\n|switch|p2a: Necrozma|Necrozma-Dusk-Mane|100\/100\n|turn|4\n|\n|t:|1701096614\n|move|p1a: Kyurem|Fusion Bolt|p2a: Necrozma\n|-damage|p2a: Necrozma|44\/100\n|move|p2a: Necrozma|Dragon Dance|p2a: Necrozma\n|-boost|p2a: Necrozma|atk|1\n|-boost|p2a: Necrozma|spe|1\n|\n|upkeep\n|turn|5\n|\n|t:|1701096634\n|detailschange|p2a: Necrozma|Necrozma-Ultra\n|-burst|p2a: Necrozma|Necrozma|Ultranecrozium Z\n|move|p2a: Necrozma|Stone Edge|p1a: Kyurem\n|-supereffective|p1a: Kyurem\n|-damage|p1a: Kyurem|0 fnt\n|faint|p1a: Kyurem\n|\n|upkeep\n|\n|t:|1701096644\n|switch|p1a: Groudon|Groudon|100\/100\n|-damage|p1a: Groudon|94\/100|[from] Stealth Rock\n|detailschange|p1a: Groudon|Groudon-Primal\n|-primal|p1a: Groudon|Red Orb\n|-weather|DesolateLand|[from] ability: Desolate Land|[of] p1a: Groudon\n|turn|6\n|\n|t:|1701096650\n|move|p2a: Necrozma|Earthquake|p1a: Groudon\n|-supereffective|p1a: Groudon\n|-damage|p1a: Groudon|20\/100\n|move|p1a: Groudon|Dragon Claw|p2a: Necrozma\n|-supereffective|p2a: Necrozma\n|-damage|p2a: Necrozma|0 fnt\n|faint|p2a: Necrozma\n|\n|-weather|DesolateLand|[upkeep]\n|upkeep\n|\n|t:|1701096657\n|switch|p2a: Salamence|Salamence, F|100\/100\n|-ability|p2a: Salamence|Intimidate|boost\n|-unboost|p1a: Groudon|atk|1\n|turn|7\n|\n|t:|1701096662\n|detailschange|p2a: Salamence|Salamence-Mega, F\n|-mega|p2a: Salamence|Salamence|Salamencite\n|move|p2a: Salamence|Dragon Dance|p2a: Salamence\n|-boost|p2a: Salamence|atk|1\n|-boost|p2a: Salamence|spe|1\n|move|p1a: Groudon|Dragon Claw|p2a: Salamence\n|-supereffective|p2a: Salamence\n|-damage|p2a: Salamence|68\/100\n|\n|-weather|DesolateLand|[upkeep]\n|upkeep\n|turn|8\n|\n|t:|1701096666\n|move|p2a: Salamence|Earthquake|p1a: Groudon\n|-supereffective|p1a: Groudon\n|-damage|p1a: Groudon|0 fnt\n|faint|p1a: Groudon\n|-weather|none\n|\n|upkeep\n|\n|t:|1701096674\n|switch|p1a: Kyogre|Kyogre|100\/100\n|-damage|p1a: Kyogre|88\/100|[from] Stealth Rock\n|detailschange|p1a: Kyogre|Kyogre-Primal\n|-primal|p1a: Kyogre|Blue Orb\n|-weather|PrimordialSea|[from] ability: Primordial Sea|[of] p1a: Kyogre\n|turn|9\n|\n|t:|1701096694\n|move|p2a: Salamence|Facade|p1a: Kyogre\n|-damage|p1a: Kyogre|37\/100\n|move|p1a: Kyogre|Ice Beam|p2a: Salamence\n|-supereffective|p2a: Salamence\n|-damage|p2a: Salamence|0 fnt\n|faint|p2a: Salamence\n|\n|-weather|PrimordialSea|[upkeep]\n|upkeep\n|\n|t:|1701096697\n|switch|p2a: Groudon|Groudon|100\/100\n|detailschange|p2a: Groudon|Groudon-Primal\n|-primal|p2a: Groudon|Red Orb\n|-weather|DesolateLand|[from] ability: Desolate Land|[of] p2a: Groudon\n|turn|10\n|\n|t:|1701096700\n|move|p2a: Groudon|Rock Polish|p2a: Groudon\n|-boost|p2a: Groudon|spe|2\n|move|p1a: Kyogre|Ice Beam|p2a: Groudon\n|-damage|p2a: Groudon|63\/100\n|\n|-weather|DesolateLand|[upkeep]\n|upkeep\n|turn|11\n|\n|t:|1701096703\n|move|p2a: Groudon|Swords Dance|p2a: Groudon\n|-boost|p2a: Groudon|atk|2\n|move|p1a: Kyogre|Ice Beam|p2a: Groudon\n|-damage|p2a: Groudon|27\/100\n|\n|-weather|DesolateLand|[upkeep]\n|upkeep\n|turn|12\n|\n|t:|1701096706\n|move|p2a: Groudon|Earthquake|p1a: Kyogre\n|-damage|p1a: Kyogre|0 fnt\n|faint|p1a: Kyogre\n|\n|-weather|DesolateLand|[upkeep]\n|upkeep\n|\n|t:|1701096714\n|switch|p1a: Marshadow|Marshadow|100\/100\n|-damage|p1a: Marshadow|94\/100|[from] Stealth Rock\n|turn|13\n|\n|t:|1701096716\n|-weather|none\n|switch|p2a: Eternatus|Eternatus|100\/100\n|-ability|p2a: Eternatus|Pressure\n|move|p1a: Marshadow|Shadow Sneak|p2a: Eternatus\n|-crit|p2a: Eternatus\n|-damage|p2a: Eternatus|58\/100\n|\n|upkeep\n|turn|14\n|\n|t:|1701096724\n|move|p2a: Eternatus|Meteor Beam||[still]\n|-prepare|p2a: Eternatus|Meteor Beam\n|-boost|p2a: Eternatus|spa|1\n|-enditem|p2a: Eternatus|Power Herb\n|-anim|p2a: Eternatus|Meteor Beam|p1a: Marshadow\n|-resisted|p1a: Marshadow\n|-damage|p1a: Marshadow|58\/100\n|move|p1a: Marshadow|Knock Off|p2a: Eternatus\n|-damage|p2a: Eternatus|41\/100\n|\n|upkeep\n|turn|15\n|\n|t:|1701096730\n|move|p2a: Eternatus|Dynamax Cannon|p1a: Marshadow\n|-damage|p1a: Marshadow|0 fnt\n|faint|p1a: Marshadow\n|\n|upkeep\n|\n|t:|1701096736\n|switch|p1a: Magearna|Magearna|100\/100\n|-damage|p1a: Magearna|94\/100|[from] Stealth Rock\n|turn|16\n|\n|t:|1701096738\n|move|p2a: Eternatus|Fire Blast|p1a: Magearna\n|-supereffective|p1a: Magearna\n|-damage|p1a: Magearna|2\/100\n|move|p1a: Magearna|Iron Defense|p1a: Magearna\n|-boost|p1a: Magearna|def|2\n|\n|-heal|p1a: Magearna|8\/100|[from] item: Leftovers\n|upkeep\n|turn|17\n|\n|t:|1701096741\n|move|p2a: Eternatus|Fire Blast|p1a: Magearna\n|-supereffective|p1a: Magearna\n|-damage|p1a: Magearna|0 fnt\n|faint|p1a: Magearna\n|\n|upkeep\n|\n|t:|1701096743\n|switch|p1a: Arceus|Arceus, shiny|100\/100\n|-damage|p1a: Arceus|88\/100|[from] Stealth Rock\n|turn|18\n|\n|t:|1701096745\n|move|p2a: Eternatus|Dynamax Cannon|p1a: Arceus\n|-damage|p1a: Arceus|41\/100\n|move|p1a: Arceus|Bulk Up|p1a: Arceus\n|-boost|p1a: Arceus|atk|1\n|-boost|p1a: Arceus|def|1\n|\n|-heal|p1a: Arceus|47\/100|[from] item: Leftovers\n|upkeep\n|turn|19\n|\n|t:|1701096748\n|move|p1a: Arceus|Extreme Speed|p2a: Eternatus\n|-crit|p2a: Eternatus\n|-damage|p2a: Eternatus|0 fnt\n|faint|p2a: Eternatus\n|\n|-heal|p1a: Arceus|53\/100|[from] item: Leftovers\n|upkeep\n|\n|t:|1701096751\n|switch|p2a: Xerneas|Xerneas|100\/100\n|-ability|p2a: Xerneas|Fairy Aura\n|turn|20\n|\n|t:|1701096756\n|move|p1a: Arceus|Extreme Speed|p2a: Xerneas\n|-damage|p2a: Xerneas|53\/100\n|move|p2a: Xerneas|Geomancy||[still]\n|-prepare|p2a: Xerneas|Geomancy\n|-enditem|p2a: Xerneas|Power Herb\n|-anim|p2a: Xerneas|Geomancy|p2a: Xerneas\n|-boost|p2a: Xerneas|spa|2\n|-boost|p2a: Xerneas|spd|2\n|-boost|p2a: Xerneas|spe|2\n|\n|-heal|p1a: Arceus|59\/100|[from] item: Leftovers\n|upkeep\n|turn|21\n|\n|t:|1701096761\n|-terastallize|p1a: Arceus|Ghost\n|move|p1a: Arceus|Extreme Speed|p2a: Xerneas\n|-damage|p2a: Xerneas|10\/100\n|move|p2a: Xerneas|Moonblast|p1a: Arceus\n|-damage|p1a: Arceus|0 fnt\n|faint|p1a: Arceus\n|\n|win|Koinaru Santao\n|raw|smeat packer's rating: 1300 &rarr; <strong>1276<\/strong><br \/>(-24 for losing)\n|raw|Koinaru Santao's rating: 1314 &rarr; <strong>1333<\/strong><br \/>(+19 for winning)\n|l|\u2606smeat packer\n","uploadtime":1701096769,"views":9,"p1id":"smeatpacker","p2id":"koinarusantao","formatid":"gen9nationaldexubers","rating":1276,"private":0,"password":""}