{"id":"gen9nationaldexubers-1983782168","p1":"zillygaming","p2":"letu4","format":"[Gen 9] National Dex Ubers","log":"|j|\u2606zillygaming\n|j|\u2606letu4\n|t:|1699180026\n|gametype|singles\n|player|p1|zillygaming|ingo|1230\n|player|p2|letu4|roxie|1020\n|teamsize|p1|6\n|teamsize|p2|6\n|gen|9\n|tier|[Gen 9] National Dex Ubers\n|rated|\n|rule|HP Percentage Mod: HP is shown in percentages\n|rule|Endless Battle Clause: Forcing endless battles is banned\n|rule|OHKO Clause: OHKO moves are banned\n|rule|Evasion Moves Clause: Evasion moves are banned\n|rule|Evasion Items Clause: Evasion items are banned\n|rule|Species Clause: Limit one of each Pok\u00e9mon\n|rule|Sleep Clause Mod: Limit one foe put to sleep\n|rule|Mega Rayquaza Clause: You cannot mega evolve Rayquaza\n|clearpoke\n|poke|p1|Incineroar, F|\n|poke|p1|Meowscarada, F|\n|poke|p1|Zacian-*|\n|poke|p1|Blastoise, M|\n|poke|p1|Lycanroc-Dusk, M|\n|poke|p1|Lunala|\n|poke|p2|Wishiwashi, F|\n|poke|p2|Slowking, M|\n|poke|p2|Ribombee, M|\n|poke|p2|Slurpuff, F|\n|poke|p2|Azelf|\n|poke|p2|Dragonite, F|\n|teampreview\n|inactive|Battle timer is ON: inactive players will automatically lose when time's up. (requested by letu4)\n|\n|t:|1699180037\n|start\n|switch|p1a: Meowscarada|Meowscarada, F, shiny|100\/100\n|switch|p2a: Ribombee|Ribombee, M|100\/100\n|turn|1\n|\n|t:|1699180049\n|move|p2a: Ribombee|Sticky Web|p1a: Meowscarada\n|-sidestart|p1: zillygaming|move: Sticky Web\n|move|p1a: Meowscarada|Toxic Spikes|p2a: Ribombee\n|-start|p1a: Meowscarada|typechange|Poison|[from] ability: Protean\n|-sidestart|p2: letu4|move: Toxic Spikes\n|\n|upkeep\n|turn|2\n|\n|t:|1699180056\n|move|p2a: Ribombee|Psychic|p1a: Meowscarada\n|-supereffective|p1a: Meowscarada\n|-damage|p1a: Meowscarada|45\/100\n|move|p1a: Meowscarada|Toxic Spikes|p2a: Ribombee\n|-sidestart|p2: letu4|move: Toxic Spikes\n|\n|-heal|p1a: Meowscarada|51\/100|[from] item: Leftovers\n|upkeep\n|turn|3\n|\n|t:|1699180064\n|move|p1a: Meowscarada|Protect|p1a: Meowscarada\n|-singleturn|p1a: Meowscarada|Protect\n|move|p2a: Ribombee|Psychic|p1a: Meowscarada\n|-activate|p1a: Meowscarada|move: Protect\n|\n|-heal|p1a: Meowscarada|57\/100|[from] item: Leftovers\n|upkeep\n|turn|4\n|\n|t:|1699180090\n|move|p2a: Ribombee|Psychic|p1a: Meowscarada\n|-supereffective|p1a: Meowscarada\n|-damage|p1a: Meowscarada|0 fnt\n|faint|p1a: Meowscarada\n|\n|upkeep\n|\n|t:|1699180098\n|switch|p1a: Incineroar|Incineroar, F, shiny|100\/100\n|-activate|p1a: Incineroar|move: Sticky Web\n|-unboost|p1a: Incineroar|spe|1\n|-ability|p1a: Incineroar|Intimidate|boost\n|-unboost|p2a: Ribombee|atk|1\n|turn|5\n|\n|t:|1699180106\n|move|p2a: Ribombee|Moonblast|p1a: Incineroar\n|-damage|p1a: Incineroar|59\/100\n|move|p1a: Incineroar|Flare Blitz|p2a: Ribombee\n|-supereffective|p2a: Ribombee\n|-enditem|p2a: Ribombee|Focus Sash\n|-damage|p2a: Ribombee|1\/100\n|-damage|p1a: Incineroar|33\/100|[from] Recoil\n|\n|upkeep\n|turn|6\n|\n|t:|1699180118\n|move|p2a: Ribombee|Tailwind|p2a: Ribombee\n|-sidestart|p2: letu4|move: Tailwind\n|move|p1a: Incineroar|Drain Punch|p2a: Ribombee\n|-resisted|p2a: Ribombee\n|-damage|p2a: Ribombee|0 fnt\n|-heal|p1a: Incineroar|33\/100|[from] drain|[of] p2a: Ribombee\n|faint|p2a: Ribombee\n|\n|upkeep\n|\n|t:|1699180123\n|switch|p2a: Dragonite|Dragonite, F|100\/100\n|turn|7\n|\n|t:|1699180131\n|move|p2a: Dragonite|Dragon Dance|p2a: Dragonite\n|-boost|p2a: Dragonite|atk|1\n|-boost|p2a: Dragonite|spe|1\n|-zpower|p1a: Incineroar\n|move|p1a: Incineroar|Malicious Moonsault|p2a: Dragonite|[zeffect]\n|-damage|p2a: Dragonite|55\/100\n|\n|upkeep\n|turn|8\n|\n|t:|1699180144\n|move|p2a: Dragonite|Earthquake|p1a: Incineroar\n|-supereffective|p1a: Incineroar\n|-damage|p1a: Incineroar|0 fnt\n|faint|p1a: Incineroar\n|\n|upkeep\n|\n|t:|1699180159\n|switch|p1a: Zacian|Zacian-Crowned, shiny|100\/100\n|-activate|p1a: Zacian|move: Sticky Web\n|-unboost|p1a: Zacian|spe|1\n|-ability|p1a: Zacian|Intrepid Sword|boost\n|-boost|p1a: Zacian|atk|1\n|turn|9\n|\n|t:|1699180171\n|-terastallize|p1a: Zacian|Ground\n|move|p2a: Dragonite|Earthquake|p1a: Zacian\n|-damage|p1a: Zacian|52\/100\n|move|p1a: Zacian|Play Rough|p2a: Dragonite\n|-supereffective|p2a: Dragonite\n|-damage|p2a: Dragonite|0 fnt\n|faint|p2a: Dragonite\n|\n|-sideend|p2: letu4|move: Tailwind\n|upkeep\n|\n|t:|1699180183\n|switch|p2a: Wishiwashi|Wishiwashi, F, shiny|100\/100\n|-status|p2a: Wishiwashi|tox\n|-formechange|p2a: Wishiwashi|Wishiwashi-School||[from] ability: Schooling\n|turn|10\n|\n|t:|1699180207\n|switch|p1a: Blastoise|Blastoise, M, shiny|100\/100\n|-activate|p1a: Blastoise|move: Sticky Web\n|-unboost|p1a: Blastoise|spe|1\n|move|p2a: Wishiwashi|Liquidation|p1a: Blastoise\n|-resisted|p1a: Blastoise\n|-damage|p1a: Blastoise|55\/100\n|\n|-damage|p2a: Wishiwashi|94\/100 tox|[from] psn\n|upkeep\n|turn|11\n|\n|t:|1699180220\n|switch|p2a: Slowking|Slowking, M|100\/100\n|-status|p2a: Slowking|tox\n|detailschange|p1a: Blastoise|Blastoise-Mega, M, shiny\n|-mega|p1a: Blastoise|Blastoise|Blastoisinite\n|move|p1a: Blastoise|Shell Smash|p1a: Blastoise\n|-unboost|p1a: Blastoise|def|1\n|-unboost|p1a: Blastoise|spd|1\n|-boost|p1a: Blastoise|atk|2\n|-boost|p1a: Blastoise|spa|2\n|-boost|p1a: Blastoise|spe|2\n|\n|-damage|p2a: Slowking|94\/100 tox|[from] psn\n|upkeep\n|turn|12\n|\n|t:|1699180236\n|move|p1a: Blastoise|Dragon Pulse|p2a: Slowking\n|-damage|p2a: Slowking|25\/100 tox\n|move|p2a: Slowking|Thunder Wave|p1a: Blastoise\n|-status|p1a: Blastoise|par\n|\n|-heal|p2a: Slowking|31\/100 tox|[from] item: Leftovers\n|-damage|p2a: Slowking|19\/100 tox|[from] psn\n|upkeep\n|turn|13\n|inactive|zillygaming has 120 seconds left.\n|\n|t:|1699180254\n|switch|p2a: Wishiwashi|Wishiwashi, F, shiny|94\/100 tox\n|-formechange|p2a: Wishiwashi|Wishiwashi-School||[from] ability: Schooling\n|cant|p1a: Blastoise|par\n|\n|-damage|p2a: Wishiwashi|88\/100 tox|[from] psn\n|upkeep\n|turn|14\n|\n|t:|1699180263\n|cant|p1a: Blastoise|par\n|move|p2a: Wishiwashi|Return|p1a: Blastoise\n|-damage|p1a: Blastoise|0 fnt\n|faint|p1a: Blastoise\n|\n|-damage|p2a: Wishiwashi|76\/100 tox|[from] psn\n|upkeep\n|inactive|zillygaming has 120 seconds left.\n|\n|t:|1699180275\n|switch|p1a: Lunala|Lunala, shiny|100\/100\n|-activate|p1a: Lunala|move: Sticky Web\n|-unboost|p1a: Lunala|spe|1\n|turn|15\n|\n|t:|1699180284\n|switch|p2a: Azelf|Azelf|100\/100\n|move|p1a: Lunala|Defog|p2a: Azelf\n|-unboost|p2a: Azelf|evasion|1\n|-sideend|p2: letu4|Toxic Spikes|[from] move: Defog|[of] p1a: Lunala\n|-sideend|p1: zillygaming|Sticky Web|[from] move: Defog|[of] p1a: Lunala\n|\n|upkeep\n|turn|16\n|\n|t:|1699180295\n|switch|p2a: Slurpuff|Slurpuff, F|100\/100\n|move|p1a: Lunala|Moongeist Beam|p2a: Slurpuff\n|-damage|p2a: Slurpuff|43\/100\n|-enditem|p2a: Slurpuff|Sitrus Berry|[eat]\n|-heal|p2a: Slurpuff|68\/100|[from] item: Sitrus Berry\n|\n|upkeep\n|turn|17\n|\n|t:|1699180308\n|move|p2a: Slurpuff|Play Rough|p1a: Lunala\n|-damage|p1a: Lunala|87\/100\n|move|p1a: Lunala|Moongeist Beam|p2a: Slurpuff\n|-damage|p2a: Slurpuff|11\/100\n|\n|upkeep\n|turn|18\n|\n|t:|1699180323\n|move|p2a: Slurpuff|Play Rough|p1a: Lunala|[miss]\n|-miss|p2a: Slurpuff|p1a: Lunala\n|move|p1a: Lunala|Moongeist Beam|p2a: Slurpuff\n|-damage|p2a: Slurpuff|0 fnt\n|faint|p2a: Slurpuff\n|\n|upkeep\n|\n|t:|1699180326\n|switch|p2a: Azelf|Azelf|100\/100\n|turn|19\n|\n|t:|1699180337\n|move|p2a: Azelf|Shadow Ball|p1a: Lunala\n|-supereffective|p1a: Lunala\n|-damage|p1a: Lunala|27\/100\n|move|p1a: Lunala|Moongeist Beam|p2a: Azelf\n|-supereffective|p2a: Azelf\n|-damage|p2a: Azelf|0 fnt\n|faint|p2a: Azelf\n|\n|upkeep\n|\n|t:|1699180345\n|switch|p2a: Slowking|Slowking, M|52\/100 tox\n|turn|20\n|\n|t:|1699180353\n|move|p1a: Lunala|Meteor Beam||[still]\n|-prepare|p1a: Lunala|Meteor Beam\n|-boost|p1a: Lunala|spa|1\n|-enditem|p1a: Lunala|Power Herb\n|-anim|p1a: Lunala|Meteor Beam|p2a: Slowking\n|-damage|p2a: Slowking|2\/100 tox\n|move|p2a: Slowking|Future Sight|p1a: Lunala\n|-start|p2a: Slowking|move: Future Sight\n|\n|-heal|p2a: Slowking|8\/100 tox|[from] item: Leftovers\n|-damage|p2a: Slowking|2\/100 tox|[from] psn\n|upkeep\n|turn|21\n|\n|t:|1699180371\n|switch|p1a: Lycanroc|Lycanroc-Dusk, M, shiny|100\/100\n|switch|p2a: Wishiwashi|Wishiwashi, F, shiny|76\/100 tox\n|-formechange|p2a: Wishiwashi|Wishiwashi-School||[from] ability: Schooling\n|\n|-damage|p2a: Wishiwashi|70\/100 tox|[from] psn\n|upkeep\n|turn|22\n|\n|t:|1699180386\n|move|p1a: Lycanroc|Endeavor|p2a: Wishiwashi\n|-immune|p2a: Wishiwashi\n|move|p2a: Wishiwashi|Liquidation|p1a: Lycanroc\n|-supereffective|p1a: Lycanroc\n|-enditem|p1a: Lycanroc|Focus Sash\n|-damage|p1a: Lycanroc|1\/100\n|\n|-end|p1a: Lycanroc|move: Future Sight\n|-damage|p1a: Lycanroc|0 fnt\n|faint|p1a: Lycanroc\n|-damage|p2a: Wishiwashi|58\/100 tox|[from] psn\n|upkeep\n|inactive|zillygaming has 120 seconds left.\n|\n|t:|1699180402\n|switch|p1a: Zacian|Zacian-Crowned, shiny, tera:Ground|52\/100\n|turn|23\n|\n|t:|1699180406\n|move|p1a: Zacian|Play Rough|p2a: Wishiwashi\n|-damage|p2a: Wishiwashi|9\/100 tox\n|move|p2a: Wishiwashi|Liquidation|p1a: Zacian\n|-supereffective|p1a: Zacian\n|-damage|p1a: Zacian|0 fnt\n|faint|p1a: Zacian\n|\n|-damage|p2a: Wishiwashi|0 fnt|[from] psn\n|faint|p2a: Wishiwashi\n|upkeep\n|inactive|zillygaming has 120 seconds left.\n|\n|t:|1699180429\n|switch|p1a: Lunala|Lunala, shiny|27\/100\n|switch|p2a: Slowking|Slowking, M|35\/100 tox\n|turn|24\n|\n|t:|1699180440\n|-terastallize|p2a: Slowking|Water\n|move|p1a: Lunala|Moongeist Beam|p2a: Slowking\n|-damage|p2a: Slowking|0 fnt\n|faint|p2a: Slowking\n|\n|win|zillygaming\n|raw|zillygaming's rating: 1230 &rarr; <strong>1241<\/strong><br \/>(+11 for winning)\n|raw|letu4's rating: 1020 &rarr; <strong>1014<\/strong><br \/>(-6 for losing)\n|c|\u2606zillygaming|Gg\n","uploadtime":1699180465,"views":4,"p1id":"zillygaming","p2id":"letu4","formatid":"gen9nationaldexubers","rating":1014,"private":0,"password":""}