{"id":"gen9nationaldexubers-1996919833","p1":"Obito 2001","p2":"C0ld as Ice","format":"[Gen 9] National Dex Ubers","log":"|j|\u2606Obito 2001\n|j|\u2606C0ld as Ice\n|t:|1700744888\n|gametype|singles\n|player|p1|Obito 2001|blue-gen3two|1848\n|player|p2|C0ld as Ice|supernerd|1917\n|teamsize|p1|6\n|teamsize|p2|6\n|gen|9\n|tier|[Gen 9] National Dex Ubers\n|rated|\n|rule|HP Percentage Mod: HP is shown in percentages\n|rule|Endless Battle Clause: Forcing endless battles is banned\n|rule|OHKO Clause: OHKO moves are banned\n|rule|Evasion Moves Clause: Evasion moves are banned\n|rule|Evasion Items Clause: Evasion items are banned\n|rule|Species Clause: Limit one of each Pok\u00e9mon\n|rule|Sleep Clause Mod: Limit one foe put to sleep\n|rule|Mega Rayquaza Clause: You cannot mega evolve Rayquaza\n|clearpoke\n|poke|p1|Ditto|\n|poke|p1|Kingambit, M|\n|poke|p1|Necrozma-Dusk-Mane|\n|poke|p1|Marshadow|\n|poke|p1|Xerneas-*|\n|poke|p1|Arceus-Ground|\n|poke|p2|Marshadow|\n|poke|p2|Ho-Oh|\n|poke|p2|Necrozma-Dusk-Mane|\n|poke|p2|Groudon, L99|\n|poke|p2|Arceus-Ground|\n|poke|p2|Yveltal|\n|teampreview\n|inactive|Battle timer is ON: inactive players will automatically lose when time's up. (requested by C0ld as Ice)\n|inactive|Obito 2001 also wants the timer to be on.\n|\n|t:|1700744900\n|start\n|switch|p1a: Marshadow|Marshadow|100\/100\n|switch|p2a: Yveltal|Yveltal, shiny|100\/100\n|-ability|p2a: Yveltal|Dark Aura\n|turn|1\n|\n|t:|1700744904\n|move|p1a: Marshadow|Rock Tomb|p2a: Yveltal\n|-supereffective|p2a: Yveltal\n|-damage|p2a: Yveltal|54\/100\n|-unboost|p2a: Yveltal|spe|1\n|-damage|p1a: Marshadow|91\/100|[from] item: Life Orb\n|move|p2a: Yveltal|Foul Play|p1a: Marshadow\n|-damage|p1a: Marshadow|15\/100\n|\n|upkeep\n|turn|2\n|\n|t:|1700744909\n|move|p1a: Marshadow|Close Combat|p2a: Yveltal\n|-damage|p2a: Yveltal|6\/100\n|-unboost|p1a: Marshadow|def|1\n|-unboost|p1a: Marshadow|spd|1\n|-damage|p1a: Marshadow|5\/100|[from] item: Life Orb\n|move|p2a: Yveltal|Roost|p2a: Yveltal\n|-heal|p2a: Yveltal|56\/100\n|-singleturn|p2a: Yveltal|move: Roost\n|\n|upkeep\n|turn|3\n|\n|t:|1700744920\n|switch|p1a: Xerneas|Xerneas, shiny|100\/100\n|-ability|p1a: Xerneas|Fairy Aura\n|move|p2a: Yveltal|Roost|p2a: Yveltal\n|-heal|p2a: Yveltal|100\/100\n|-singleturn|p2a: Yveltal|move: Roost\n|\n|upkeep\n|turn|4\n|\n|t:|1700744924\n|switch|p2a: Necrozma|Necrozma-Dusk-Mane, shiny|100\/100\n|move|p1a: Xerneas|Geomancy||[still]\n|-prepare|p1a: Xerneas|Geomancy\n|-enditem|p1a: Xerneas|Power Herb\n|-anim|p1a: Xerneas|Geomancy|p1a: Xerneas\n|-boost|p1a: Xerneas|spa|2\n|-boost|p1a: Xerneas|spd|2\n|-boost|p1a: Xerneas|spe|2\n|\n|upkeep\n|turn|5\n|\n|t:|1700744928\n|-terastallize|p1a: Xerneas|Electric\n|move|p1a: Xerneas|Thunderbolt|p2a: Necrozma\n|-damage|p2a: Necrozma|33\/100\n|-zpower|p2a: Necrozma\n|move|p2a: Necrozma|Searing Sunraze Smash|p1a: Xerneas|[zeffect]\n|-resisted|p1a: Xerneas\n|-damage|p1a: Xerneas|59\/100\n|\n|upkeep\n|turn|6\n|\n|t:|1700744931\n|move|p1a: Xerneas|Moonblast|p2a: Necrozma\n|-resisted|p2a: Necrozma\n|-damage|p2a: Necrozma|0 fnt\n|faint|p2a: Necrozma\n|\n|upkeep\n|\n|t:|1700744939\n|switch|p2a: Groudon|Groudon, L99, shiny|100\/100\n|detailschange|p2a: Groudon|Groudon-Primal, L99, shiny\n|-primal|p2a: Groudon|Red Orb\n|-weather|DesolateLand|[from] ability: Desolate Land|[of] p2a: Groudon\n|turn|7\n|\n|t:|1700744941\n|move|p1a: Xerneas|Hidden Power|p2a: Groudon\n|-supereffective|p2a: Groudon\n|-damage|p2a: Groudon|21\/100\n|move|p2a: Groudon|Precipice Blades|p1a: Xerneas\n|-supereffective|p1a: Xerneas\n|-damage|p1a: Xerneas|0 fnt\n|faint|p1a: Xerneas\n|\n|-weather|DesolateLand|[upkeep]\n|upkeep\n|\n|t:|1700744949\n|switch|p1a: Necrozma|Necrozma-Dusk-Mane|100\/100\n|turn|8\n|\n|t:|1700744951\n|-weather|none\n|switch|p2a: Yveltal|Yveltal, shiny|100\/100\n|-ability|p2a: Yveltal|Dark Aura\n|detailschange|p1a: Necrozma|Necrozma-Ultra\n|-burst|p1a: Necrozma|Necrozma|Ultranecrozium Z\n|move|p1a: Necrozma|Dragon Pulse|p2a: Yveltal\n|-damage|p2a: Yveltal|59\/100\n|\n|upkeep\n|turn|9\n|\n|t:|1700744965\n|switch|p1a: Arceus|Arceus-Ground|100\/100\n|move|p2a: Yveltal|Foul Play|p1a: Arceus\n|-damage|p1a: Arceus|75\/100\n|\n|upkeep\n|turn|10\n|\n|t:|1700744981\n|move|p1a: Arceus|Toxic|p2a: Yveltal\n|-status|p2a: Yveltal|tox\n|move|p2a: Yveltal|U-turn|p1a: Arceus\n|-damage|p1a: Arceus|64\/100\n|\n|t:|1700744983\n|switch|p2a: Marshadow|Marshadow|100\/100|[from] U-turn\n|\n|upkeep\n|turn|11\n|\n|t:|1700744995\n|switch|p1a: Marshadow|Marshadow|5\/100\n|move|p2a: Marshadow|Poltergeist|p1a: Marshadow\n|-activate|p1a: Marshadow|move: Poltergeist|Life Orb\n|-supereffective|p1a: Marshadow\n|-damage|p1a: Marshadow|0 fnt\n|faint|p1a: Marshadow\n|\n|upkeep\n|\n|t:|1700744998\n|switch|p1a: Kingambit|Kingambit, M, shiny|100\/100\n|-activate|p1a: Kingambit|ability: Supreme Overlord\n|-start|p1a: Kingambit|fallen2|[silent]\n|turn|12\n|\n|t:|1700745002\n|switch|p2a: Arceus|Arceus-Ground, shiny|100\/100\n|move|p1a: Kingambit|Knock Off|p2a: Arceus\n|-damage|p2a: Arceus|73\/100\n|\n|upkeep\n|turn|13\n|\n|t:|1700745005\n|-end|p1a: Kingambit|fallen2|[silent]\n|switch|p1a: Arceus|Arceus-Ground|64\/100\n|move|p2a: Arceus|Calm Mind|p2a: Arceus\n|-boost|p2a: Arceus|spa|1\n|-boost|p2a: Arceus|spd|1\n|\n|upkeep\n|turn|14\n|\n|t:|1700745009\n|switch|p2a: Ho-Oh|Ho-Oh, shiny|100\/100\n|move|p1a: Arceus|Toxic|p2a: Ho-Oh\n|-status|p2a: Ho-Oh|tox\n|\n|-damage|p2a: Ho-Oh|94\/100 tox|[from] psn\n|upkeep\n|turn|15\n|\n|t:|1700745013\n|move|p1a: Arceus|Recover|p1a: Arceus\n|-heal|p1a: Arceus|100\/100\n|move|p2a: Ho-Oh|Brave Bird|p1a: Arceus\n|-damage|p1a: Arceus|42\/100\n|-damage|p2a: Ho-Oh|74\/100 tox|[from] Recoil\n|\n|-damage|p2a: Ho-Oh|62\/100 tox|[from] psn\n|upkeep\n|turn|16\n|\n|t:|1700745017\n|switch|p2a: Yveltal|Yveltal, shiny|59\/100 tox\n|-ability|p2a: Yveltal|Dark Aura\n|move|p1a: Arceus|Recover|p1a: Arceus\n|-heal|p1a: Arceus|92\/100\n|\n|-damage|p2a: Yveltal|53\/100 tox|[from] psn\n|upkeep\n|turn|17\n|\n|t:|1700745020\n|move|p1a: Arceus|Taunt|p2a: Yveltal\n|-start|p2a: Yveltal|move: Taunt\n|move|p2a: Yveltal|U-turn|p1a: Arceus\n|-damage|p1a: Arceus|80\/100\n|\n|t:|1700745023\n|switch|p2a: Ho-Oh|Ho-Oh, shiny|95\/100 tox|[from] U-turn\n|\n|-damage|p2a: Ho-Oh|89\/100 tox|[from] psn\n|upkeep\n|turn|18\n|\n|t:|1700745026\n|switch|p1a: Ditto|Ditto, shiny|100\/100\n|-transform|p1a: Ditto|p2a: Ho-Oh|[from] ability: Imposter\n|move|p2a: Ho-Oh|Sacred Fire|p1a: Ditto\n|-resisted|p1a: Ditto\n|-damage|p1a: Ditto|57\/100\n|\n|-damage|p2a: Ho-Oh|77\/100 tox|[from] psn\n|upkeep\n|turn|19\n|\n|t:|1700745033\n|switch|p2a: Groudon|Groudon-Primal, L99, shiny|21\/100\n|-weather|DesolateLand|[from] ability: Desolate Land|[of] p2a: Groudon\n|move|p1a: Ditto|Brave Bird|p2a: Groudon\n|-damage|p2a: Groudon|0 fnt\n|faint|p2a: Groudon\n|-weather|none\n|-damage|p1a: Ditto|48\/100|[from] Recoil\n|\n|upkeep\n|\n|t:|1700745044\n|switch|p2a: Ho-Oh|Ho-Oh, shiny|100\/100 tox\n|turn|20\n|\n|t:|1700745047\n|switch|p1a: Arceus|Arceus-Ground|80\/100\n|move|p2a: Ho-Oh|Sacred Fire|p1a: Arceus\n|-damage|p1a: Arceus|32\/100\n|\n|-damage|p2a: Ho-Oh|94\/100 tox|[from] psn\n|upkeep\n|turn|21\n|\n|t:|1700745051\n|move|p1a: Arceus|Recover|p1a: Arceus\n|-heal|p1a: Arceus|82\/100\n|move|p2a: Ho-Oh|Sacred Fire|p1a: Arceus\n|-damage|p1a: Arceus|34\/100\n|-status|p1a: Arceus|brn\n|\n|-damage|p2a: Ho-Oh|82\/100 tox|[from] psn\n|-damage|p1a: Arceus|28\/100 brn|[from] brn\n|upkeep\n|turn|22\n|\n|t:|1700745060\n|switch|p2a: Yveltal|Yveltal, shiny|53\/100 tox\n|-ability|p2a: Yveltal|Dark Aura\n|move|p1a: Arceus|Recover|p1a: Arceus\n|-heal|p1a: Arceus|78\/100 brn\n|\n|-damage|p2a: Yveltal|46\/100 tox|[from] psn\n|-damage|p1a: Arceus|72\/100 brn|[from] brn\n|upkeep\n|turn|23\n|\n|t:|1700745065\n|move|p1a: Arceus|Taunt|p2a: Yveltal\n|-start|p2a: Yveltal|move: Taunt\n|move|p2a: Yveltal|U-turn|p1a: Arceus\n|-damage|p1a: Arceus|60\/100 brn\n|\n|t:|1700745067\n|switch|p2a: Marshadow|Marshadow|100\/100|[from] U-turn\n|\n|-damage|p1a: Arceus|54\/100 brn|[from] brn\n|upkeep\n|turn|24\n|\n|t:|1700745076\n|switch|p1a: Kingambit|Kingambit, M, shiny|100\/100\n|-activate|p1a: Kingambit|ability: Supreme Overlord\n|-start|p1a: Kingambit|fallen2|[silent]\n|move|p2a: Marshadow|Poltergeist|p1a: Kingambit\n|-activate|p1a: Kingambit|move: Poltergeist|Covert Cloak\n|-resisted|p1a: Kingambit\n|-damage|p1a: Kingambit|72\/100\n|\n|upkeep\n|turn|25\n|\n|t:|1700745081\n|switch|p2a: Arceus|Arceus-Ground, shiny|73\/100\n|-end|p1a: Kingambit|fallen2|[silent]\n|switch|p1a: Necrozma|Necrozma-Ultra|100\/100\n|\n|upkeep\n|turn|26\n|\n|t:|1700745088\n|switch|p2a: Yveltal|Yveltal, shiny|46\/100 tox\n|-ability|p2a: Yveltal|Dark Aura\n|move|p1a: Necrozma|Stealth Rock|p2a: Yveltal\n|-sidestart|p2: C0ld as Ice|move: Stealth Rock\n|\n|-damage|p2a: Yveltal|40\/100 tox|[from] psn\n|upkeep\n|turn|27\n|\n|t:|1700745094\n|move|p1a: Necrozma|Dragon Pulse|p2a: Yveltal\n|-damage|p2a: Yveltal|0 fnt\n|faint|p2a: Yveltal\n|\n|upkeep\n|\n|t:|1700745096\n|switch|p2a: Marshadow|Marshadow|100\/100\n|-damage|p2a: Marshadow|94\/100|[from] Stealth Rock\n|turn|28\n|\n|t:|1700745116\n|-activate|p1a: Necrozma|move: Pursuit\n|move|p2a: Marshadow|Pursuit|p1a: Necrozma|[from]Pursuit\n|-supereffective|p1a: Necrozma\n|-damage|p1a: Necrozma|19\/100\n|switch|p1a: Kingambit|Kingambit, M, shiny|72\/100\n|-activate|p1a: Kingambit|ability: Supreme Overlord\n|-start|p1a: Kingambit|fallen2|[silent]\n|\n|upkeep\n|turn|29\n|\n|t:|1700745123\n|switch|p2a: Arceus|Arceus-Ground, shiny|73\/100\n|-damage|p2a: Arceus|67\/100|[from] Stealth Rock\n|move|p1a: Kingambit|Knock Off|p2a: Arceus\n|-damage|p2a: Arceus|37\/100\n|\n|upkeep\n|turn|30\n|\n|t:|1700745125\n|-end|p1a: Kingambit|fallen2|[silent]\n|switch|p1a: Arceus|Arceus-Ground|54\/100 brn\n|move|p2a: Arceus|Recover|p2a: Arceus\n|-heal|p2a: Arceus|88\/100\n|\n|-damage|p1a: Arceus|48\/100 brn|[from] brn\n|upkeep\n|turn|31\n|\n|t:|1700745128\n|switch|p2a: Ho-Oh|Ho-Oh, shiny|100\/100 tox\n|-damage|p2a: Ho-Oh|51\/100 tox|[from] Stealth Rock\n|move|p1a: Arceus|Recover|p1a: Arceus\n|-heal|p1a: Arceus|98\/100 brn\n|\n|-damage|p2a: Ho-Oh|45\/100 tox|[from] psn\n|-damage|p1a: Arceus|91\/100 brn|[from] brn\n|upkeep\n|turn|32\n|\n|t:|1700745134\n|switch|p1a: Ditto|Ditto, shiny|81\/100\n|-transform|p1a: Ditto|p2a: Ho-Oh|[from] ability: Imposter\n|-terastallize|p2a: Ho-Oh|Grass\n|move|p2a: Ho-Oh|Sacred Fire|p1a: Ditto|[miss]\n|-miss|p2a: Ho-Oh|p1a: Ditto\n|\n|-damage|p2a: Ho-Oh|33\/100 tox|[from] psn\n|upkeep\n|turn|33\n|\n|t:|1700745138\n|switch|p2a: Arceus|Arceus-Ground, shiny|88\/100\n|-damage|p2a: Arceus|81\/100|[from] Stealth Rock\n|move|p1a: Ditto|Brave Bird|p2a: Arceus\n|-damage|p2a: Arceus|42\/100\n|-damage|p1a: Ditto|63\/100|[from] Recoil\n|\n|upkeep\n|turn|34\n|\n|t:|1700745140\n|move|p1a: Ditto|Brave Bird|p2a: Arceus\n|-damage|p2a: Arceus|1\/100\n|-damage|p1a: Ditto|45\/100|[from] Recoil\n|move|p2a: Arceus|Recover|p2a: Arceus\n|-heal|p2a: Arceus|51\/100\n|\n|upkeep\n|turn|35\n|\n|t:|1700745144\n|switch|p1a: Arceus|Arceus-Ground|91\/100 brn\n|move|p2a: Arceus|Recover|p2a: Arceus\n|-heal|p2a: Arceus|100\/100\n|\n|-damage|p1a: Arceus|85\/100 brn|[from] brn\n|upkeep\n|turn|36\n|\n|t:|1700745146\n|switch|p2a: Ho-Oh|Ho-Oh, shiny, tera:Grass|66\/100 tox\n|-damage|p2a: Ho-Oh|54\/100 tox|[from] Stealth Rock\n|move|p1a: Arceus|Toxic|p2a: Ho-Oh\n|-fail|p2a: Ho-Oh|tox\n|\n|-damage|p2a: Ho-Oh|47\/100 tox|[from] psn\n|-damage|p1a: Arceus|79\/100 brn|[from] brn\n|upkeep\n|turn|37\n|\n|t:|1700745150\n|switch|p1a: Kingambit|Kingambit, M, shiny|72\/100\n|-activate|p1a: Kingambit|ability: Supreme Overlord\n|-start|p1a: Kingambit|fallen2|[silent]\n|move|p2a: Ho-Oh|Brave Bird|p1a: Kingambit\n|-resisted|p1a: Kingambit\n|-damage|p1a: Kingambit|41\/100\n|-damage|p2a: Ho-Oh|38\/100 tox|[from] Recoil\n|\n|-damage|p2a: Ho-Oh|26\/100 tox|[from] psn\n|upkeep\n|turn|38\n|\n|t:|1700745154\n|switch|p2a: Arceus|Arceus-Ground, shiny|100\/100\n|-damage|p2a: Arceus|94\/100|[from] Stealth Rock\n|-end|p1a: Kingambit|fallen2|[silent]\n|switch|p1a: Necrozma|Necrozma-Ultra|19\/100\n|\n|upkeep\n|turn|39\n|\n|t:|1700745169\n|-zpower|p1a: Necrozma\n|move|p1a: Necrozma|Light That Burns the Sky|p2a: Arceus|[zeffect]\n|-damage|p2a: Arceus|16\/100\n|move|p2a: Arceus|Judgment|p1a: Necrozma\n|-damage|p1a: Necrozma|0 fnt\n|faint|p1a: Necrozma\n|\n|upkeep\n|\n|t:|1700745173\n|switch|p1a: Arceus|Arceus-Ground|79\/100 brn\n|turn|40\n|\n|t:|1700745176\n|switch|p2a: Ho-Oh|Ho-Oh, shiny, tera:Grass|59\/100 tox\n|-damage|p2a: Ho-Oh|47\/100 tox|[from] Stealth Rock\n|move|p1a: Arceus|Judgment|p2a: Ho-Oh\n|-resisted|p2a: Ho-Oh\n|-damage|p2a: Ho-Oh|33\/100 tox\n|\n|-damage|p2a: Ho-Oh|27\/100 tox|[from] psn\n|-damage|p1a: Arceus|73\/100 brn|[from] brn\n|upkeep\n|turn|41\n|\n|t:|1700745179\n|switch|p1a: Ditto|Ditto, shiny|78\/100\n|-transform|p1a: Ditto|p2a: Ho-Oh|[from] ability: Imposter\n|move|p2a: Ho-Oh|Brave Bird|p1a: Ditto\n|-damage|p1a: Ditto|0 fnt\n|faint|p1a: Ditto\n|-damage|p2a: Ho-Oh|8\/100 tox|[from] Recoil\n|\n|-damage|p2a: Ho-Oh|0 fnt|[from] psn\n|faint|p2a: Ho-Oh\n|upkeep\n|\n|t:|1700745191\n|switch|p2a: Marshadow|Marshadow|94\/100\n|switch|p1a: Arceus|Arceus-Ground|73\/100 brn\n|-damage|p2a: Marshadow|88\/100|[from] Stealth Rock\n|turn|42\n|\n|t:|1700745197\n|move|p2a: Marshadow|Poltergeist|p1a: Arceus\n|-activate|p1a: Arceus|move: Poltergeist|Earth Plate\n|-damage|p1a: Arceus|14\/100 brn\n|move|p1a: Arceus|Recover|p1a: Arceus\n|-heal|p1a: Arceus|64\/100 brn\n|\n|-damage|p1a: Arceus|58\/100 brn|[from] brn\n|upkeep\n|turn|43\n|\n|t:|1700745200\n|switch|p1a: Kingambit|Kingambit, M, shiny|41\/100\n|-activate|p1a: Kingambit|ability: Supreme Overlord\n|-start|p1a: Kingambit|fallen4|[silent]\n|move|p2a: Marshadow|Poltergeist|p1a: Kingambit\n|-activate|p1a: Kingambit|move: Poltergeist|Covert Cloak\n|-resisted|p1a: Kingambit\n|-damage|p1a: Kingambit|10\/100\n|\n|upkeep\n|turn|44\n|\n|t:|1700745210\n|move|p2a: Marshadow|Poltergeist|p1a: Kingambit\n|-activate|p1a: Kingambit|move: Poltergeist|Covert Cloak\n|-resisted|p1a: Kingambit\n|-damage|p1a: Kingambit|0 fnt\n|faint|p1a: Kingambit\n|-end|p1a: Kingambit|fallen4|[silent]\n|\n|upkeep\n|\n|t:|1700745212\n|switch|p1a: Arceus|Arceus-Ground|58\/100 brn\n|turn|45\n|\n|t:|1700745216\n|move|p2a: Marshadow|Poltergeist|p1a: Arceus\n|-activate|p1a: Arceus|move: Poltergeist|Earth Plate\n|-damage|p1a: Arceus|1\/100 brn\n|move|p1a: Arceus|Recover|p1a: Arceus\n|-heal|p1a: Arceus|51\/100 brn\n|\n|-damage|p1a: Arceus|45\/100 brn|[from] brn\n|upkeep\n|turn|46\n|\n|t:|1700745218\n|move|p2a: Marshadow|Poltergeist|p1a: Arceus\n|-activate|p1a: Arceus|move: Poltergeist|Earth Plate\n|-damage|p1a: Arceus|0 fnt\n|faint|p1a: Arceus\n|\n|win|C0ld as Ice\n|raw|Obito 2001's rating: 1848 &rarr; <strong>1832<\/strong><br \/>(-16 for losing)\n|raw|C0ld as Ice's rating: 1917 &rarr; <strong>1933<\/strong><br \/>(+16 for winning)\n|l|\u2606Obito 2001\n","uploadtime":1700745330,"views":1,"p1id":"obito2001","p2id":"c0ldasice","formatid":"gen9nationaldexubers","rating":1832,"private":0,"password":""}