{"id":"gen9nationaldexubers-1979711781","p1":"Rmonroy","p2":"justhavefun<3","format":"[Gen 9] National Dex Ubers","log":"|j|\u2606Rmonroy\n|j|\u2606justhavefun<3\n|t:|1698705602\n|gametype|singles\n|player|p1|Rmonroy|hugh|1411\n|player|p2|justhavefun<3|102|1320\n|teamsize|p1|6\n|teamsize|p2|6\n|gen|9\n|tier|[Gen 9] National Dex Ubers\n|rated|\n|rule|HP Percentage Mod: HP is shown in percentages\n|rule|Endless Battle Clause: Forcing endless battles is banned\n|rule|OHKO Clause: OHKO moves are banned\n|rule|Evasion Moves Clause: Evasion moves are banned\n|rule|Evasion Items Clause: Evasion items are banned\n|rule|Species Clause: Limit one of each Pok\u00e9mon\n|rule|Sleep Clause Mod: Limit one foe put to sleep\n|rule|Mega Rayquaza Clause: You cannot mega evolve Rayquaza\n|clearpoke\n|poke|p1|Ribombee, M|\n|poke|p1|Necrozma-Dusk-Mane|\n|poke|p1|Kyogre|\n|poke|p1|Zacian-*|\n|poke|p1|Arceus|\n|poke|p1|Xerneas-*|\n|poke|p2|Umbreon, M|\n|poke|p2|Ferrothorn, F|\n|poke|p2|Chansey, F|\n|poke|p2|Toxapex, F|\n|poke|p2|Great Tusk|\n|poke|p2|Corsola-Galar, M|\n|teampreview\n|\n|t:|1698705608\n|start\n|switch|p1a: Ribombee|Ribombee, M|100\/100\n|switch|p2a: Ferrothorn|Ferrothorn, F|100\/100\n|turn|1\n|inactive|Battle timer is ON: inactive players will automatically lose when time's up. (requested by justhavefun<3)\n|inactive|Rmonroy also wants the timer to be on.\n|\n|t:|1698705618\n|move|p1a: Ribombee|Sticky Web|p2a: Ferrothorn\n|-sidestart|p2: justhavefun<3|move: Sticky Web\n|move|p2a: Ferrothorn|Stealth Rock|p1a: Ribombee\n|-sidestart|p1: Rmonroy|move: Stealth Rock\n|\n|upkeep\n|turn|2\n|\n|t:|1698705624\n|move|p1a: Ribombee|U-turn|p2a: Ferrothorn\n|-damage|p2a: Ferrothorn|93\/100\n|-damage|p1a: Ribombee|88\/100|[from] ability: Iron Barbs|[of] p2a: Ferrothorn\n|\n|t:|1698705632\n|switch|p1a: Necrozma|Necrozma-Dusk-Mane|100\/100|[from] U-turn\n|-damage|p1a: Necrozma|94\/100|[from] Stealth Rock\n|move|p2a: Ferrothorn|Leech Seed|p1a: Necrozma\n|-start|p1a: Necrozma|move: Leech Seed\n|\n|-heal|p2a: Ferrothorn|99\/100|[from] item: Leftovers\n|-damage|p1a: Necrozma|82\/100|[from] Leech Seed|[of] p2a: Ferrothorn\n|-heal|p2a: Ferrothorn|100\/100|[silent]\n|upkeep\n|turn|3\n|\n|t:|1698705643\n|switch|p2a: Umbreon|Umbreon, M|100\/100\n|-activate|p2a: Umbreon|move: Sticky Web\n|-unboost|p2a: Umbreon|spe|1\n|move|p1a: Necrozma|Dragon Dance|p1a: Necrozma\n|-boost|p1a: Necrozma|atk|1\n|-boost|p1a: Necrozma|spe|1\n|\n|-damage|p1a: Necrozma|69\/100|[from] Leech Seed|[of] p2a: Umbreon\n|upkeep\n|turn|4\n|\n|t:|1698705654\n|move|p1a: Necrozma|Earthquake|p2a: Umbreon\n|-damage|p2a: Umbreon|54\/100\n|move|p2a: Umbreon|Foul Play|p1a: Necrozma\n|-supereffective|p1a: Necrozma\n|-damage|p1a: Necrozma|0 fnt\n|faint|p1a: Necrozma\n|\n|-heal|p2a: Umbreon|60\/100|[from] item: Leftovers\n|upkeep\n|\n|t:|1698705667\n|switch|p1a: Kyogre|Kyogre|100\/100\n|-damage|p1a: Kyogre|88\/100|[from] Stealth Rock\n|detailschange|p1a: Kyogre|Kyogre-Primal\n|-primal|p1a: Kyogre|Blue Orb\n|-weather|PrimordialSea|[from] ability: Primordial Sea|[of] p1a: Kyogre\n|turn|5\n|\n|t:|1698705675\n|move|p2a: Umbreon|Protect|p2a: Umbreon\n|-singleturn|p2a: Umbreon|Protect\n|move|p1a: Kyogre|Surf|p2a: Umbreon\n|-activate|p2a: Umbreon|move: Protect\n|\n|-weather|PrimordialSea|[upkeep]\n|-heal|p2a: Umbreon|66\/100|[from] item: Leftovers\n|upkeep\n|turn|6\n|\n|t:|1698705684\n|move|p1a: Kyogre|Surf|p2a: Umbreon\n|-damage|p2a: Umbreon|16\/100\n|move|p2a: Umbreon|Foul Play|p1a: Kyogre\n|-damage|p1a: Kyogre|47\/100\n|\n|-weather|PrimordialSea|[upkeep]\n|-heal|p2a: Umbreon|22\/100|[from] item: Leftovers\n|upkeep\n|turn|7\n|\n|t:|1698705693\n|move|p2a: Umbreon|Protect|p2a: Umbreon\n|-singleturn|p2a: Umbreon|Protect\n|move|p1a: Kyogre|Surf|p2a: Umbreon\n|-activate|p2a: Umbreon|move: Protect\n|\n|-weather|PrimordialSea|[upkeep]\n|-heal|p2a: Umbreon|28\/100|[from] item: Leftovers\n|upkeep\n|turn|8\n|\n|t:|1698705706\n|switch|p2a: Ferrothorn|Ferrothorn, F|100\/100\n|-activate|p2a: Ferrothorn|move: Sticky Web\n|-unboost|p2a: Ferrothorn|spe|1\n|move|p1a: Kyogre|Thunder|p2a: Ferrothorn\n|-resisted|p2a: Ferrothorn\n|-damage|p2a: Ferrothorn|80\/100\n|\n|-weather|PrimordialSea|[upkeep]\n|-heal|p2a: Ferrothorn|86\/100|[from] item: Leftovers\n|upkeep\n|turn|9\n|\n|t:|1698705716\n|move|p1a: Kyogre|Ice Beam|p2a: Ferrothorn\n|-damage|p2a: Ferrothorn|50\/100\n|move|p2a: Ferrothorn|Leech Seed|p1a: Kyogre\n|-start|p1a: Kyogre|move: Leech Seed\n|\n|-weather|PrimordialSea|[upkeep]\n|-heal|p2a: Ferrothorn|56\/100|[from] item: Leftovers\n|-damage|p1a: Kyogre|34\/100|[from] Leech Seed|[of] p2a: Ferrothorn\n|-heal|p2a: Ferrothorn|68\/100|[silent]\n|upkeep\n|turn|10\n|\n|t:|1698705728\n|move|p2a: Ferrothorn|Protect|p2a: Ferrothorn\n|-singleturn|p2a: Ferrothorn|Protect\n|move|p1a: Kyogre|Ice Beam|p2a: Ferrothorn\n|-activate|p2a: Ferrothorn|move: Protect\n|\n|-weather|PrimordialSea|[upkeep]\n|-heal|p2a: Ferrothorn|74\/100|[from] item: Leftovers\n|-damage|p1a: Kyogre|22\/100|[from] Leech Seed|[of] p2a: Ferrothorn\n|-heal|p2a: Ferrothorn|86\/100|[silent]\n|upkeep\n|turn|11\n|\n|t:|1698705738\n|move|p1a: Kyogre|Ice Beam|p2a: Ferrothorn\n|-damage|p2a: Ferrothorn|53\/100\n|move|p2a: Ferrothorn|Gyro Ball|p1a: Kyogre\n|-resisted|p1a: Kyogre\n|-crit|p1a: Kyogre\n|-damage|p1a: Kyogre|0 fnt\n|faint|p1a: Kyogre\n|-weather|none\n|\n|-heal|p2a: Ferrothorn|59\/100|[from] item: Leftovers\n|upkeep\n|\n|t:|1698705755\n|switch|p1a: Arceus|Arceus|100\/100\n|-damage|p1a: Arceus|88\/100|[from] Stealth Rock\n|turn|12\n|\n|t:|1698705761\n|move|p1a: Arceus|Swords Dance|p1a: Arceus\n|-boost|p1a: Arceus|atk|2\n|move|p2a: Ferrothorn|Leech Seed|p1a: Arceus\n|-start|p1a: Arceus|move: Leech Seed\n|\n|-heal|p2a: Ferrothorn|65\/100|[from] item: Leftovers\n|-damage|p1a: Arceus|76\/100|[from] Leech Seed|[of] p2a: Ferrothorn\n|-heal|p2a: Ferrothorn|79\/100|[silent]\n|upkeep\n|turn|13\n|\n|t:|1698705770\n|move|p1a: Arceus|Swords Dance|p1a: Arceus\n|-boost|p1a: Arceus|atk|2\n|move|p2a: Ferrothorn|Gyro Ball|p1a: Arceus\n|-damage|p1a: Arceus|40\/100\n|\n|-heal|p2a: Ferrothorn|85\/100|[from] item: Leftovers\n|-damage|p1a: Arceus|28\/100|[from] Leech Seed|[of] p2a: Ferrothorn\n|-heal|p2a: Ferrothorn|98\/100|[silent]\n|upkeep\n|turn|14\n|\n|t:|1698705779\n|move|p1a: Arceus|Earthquake|p2a: Ferrothorn\n|-damage|p2a: Ferrothorn|39\/100\n|move|p2a: Ferrothorn|Gyro Ball|p1a: Arceus\n|-damage|p1a: Arceus|0 fnt\n|faint|p1a: Arceus\n|\n|-heal|p2a: Ferrothorn|45\/100|[from] item: Leftovers\n|upkeep\n|\n|t:|1698705789\n|switch|p1a: Zacian|Zacian-Crowned|100\/100\n|-damage|p1a: Zacian|94\/100|[from] Stealth Rock\n|-ability|p1a: Zacian|Intrepid Sword|boost\n|-boost|p1a: Zacian|atk|1\n|turn|15\n|\n|t:|1698705798\n|move|p1a: Zacian|Swords Dance|p1a: Zacian\n|-boost|p1a: Zacian|atk|2\n|move|p2a: Ferrothorn|Leech Seed|p1a: Zacian\n|-start|p1a: Zacian|move: Leech Seed\n|\n|-heal|p2a: Ferrothorn|52\/100|[from] item: Leftovers\n|-damage|p1a: Zacian|82\/100|[from] Leech Seed|[of] p2a: Ferrothorn\n|-heal|p2a: Ferrothorn|63\/100|[silent]\n|upkeep\n|turn|16\n|\n|t:|1698705809\n|move|p1a: Zacian|Behemoth Blade|p2a: Ferrothorn\n|-resisted|p2a: Ferrothorn\n|-damage|p2a: Ferrothorn|20\/100\n|-damage|p1a: Zacian|70\/100|[from] ability: Iron Barbs|[of] p2a: Ferrothorn\n|move|p2a: Ferrothorn|Gyro Ball|p1a: Zacian\n|-damage|p1a: Zacian|22\/100\n|\n|-heal|p2a: Ferrothorn|27\/100|[from] item: Leftovers\n|-damage|p1a: Zacian|10\/100|[from] Leech Seed|[of] p2a: Ferrothorn\n|-heal|p2a: Ferrothorn|38\/100|[silent]\n|upkeep\n|turn|17\n|\n|t:|1698705820\n|move|p2a: Ferrothorn|Protect|p2a: Ferrothorn\n|-singleturn|p2a: Ferrothorn|Protect\n|move|p1a: Zacian|Behemoth Blade|p2a: Ferrothorn\n|-activate|p2a: Ferrothorn|move: Protect\n|\n|-heal|p2a: Ferrothorn|44\/100|[from] item: Leftovers\n|-damage|p1a: Zacian|0 fnt|[from] Leech Seed|[of] p2a: Ferrothorn\n|-heal|p2a: Ferrothorn|53\/100|[silent]\n|faint|p1a: Zacian\n|upkeep\n|\n|t:|1698705831\n|switch|p1a: Xerneas|Xerneas|100\/100\n|-damage|p1a: Xerneas|88\/100|[from] Stealth Rock\n|-ability|p1a: Xerneas|Fairy Aura\n|turn|18\n|\n|t:|1698705839\n|-terastallize|p1a: Xerneas|Fire\n|move|p1a: Xerneas|Geomancy||[still]\n|-prepare|p1a: Xerneas|Geomancy\n|-enditem|p1a: Xerneas|Power Herb\n|-anim|p1a: Xerneas|Geomancy|p1a: Xerneas\n|-boost|p1a: Xerneas|spa|2\n|-boost|p1a: Xerneas|spd|2\n|-boost|p1a: Xerneas|spe|2\n|move|p2a: Ferrothorn|Leech Seed|p1a: Xerneas\n|-start|p1a: Xerneas|move: Leech Seed\n|\n|-heal|p2a: Ferrothorn|59\/100|[from] item: Leftovers\n|-damage|p1a: Xerneas|76\/100|[from] Leech Seed|[of] p2a: Ferrothorn\n|-heal|p2a: Ferrothorn|73\/100|[silent]\n|upkeep\n|turn|19\n|\n|t:|1698705857\n|move|p2a: Ferrothorn|Protect|p2a: Ferrothorn\n|-singleturn|p2a: Ferrothorn|Protect\n|move|p1a: Xerneas|Hidden Power|p2a: Ferrothorn\n|-activate|p2a: Ferrothorn|move: Protect\n|\n|-heal|p2a: Ferrothorn|79\/100|[from] item: Leftovers\n|-damage|p1a: Xerneas|63\/100|[from] Leech Seed|[of] p2a: Ferrothorn\n|-heal|p2a: Ferrothorn|93\/100|[silent]\n|upkeep\n|turn|20\n|\n|t:|1698705868\n|switch|p2a: Chansey|Chansey, F|100\/100\n|-activate|p2a: Chansey|move: Sticky Web\n|-unboost|p2a: Chansey|spe|1\n|move|p1a: Xerneas|Hidden Power|p2a: Chansey\n|-damage|p2a: Chansey|87\/100\n|\n|-damage|p1a: Xerneas|51\/100|[from] Leech Seed|[of] p2a: Chansey\n|-heal|p2a: Chansey|94\/100|[silent]\n|upkeep\n|turn|21\n|c|\u2606Rmonroy|Homosexual de mierda\n|n|\u203dRmonroy|rmonroy\n|c|&|\/log Rmonroy was locked from talking by Artemis. (\u2606Rmonroy: Homosexual de mierda)\n|c|&|\/raw <small>This action was done automatically. Want to learn more about the AI? <a href=\"https:\/\/www.smogon.com\/forums\/threads\/3570628\/#post-9056769\">Visit the information thread<\/a>.<\/small>\n|c|\u2606justhavefun<3|xD\n|\n|t:|1698705887\n|move|p1a: Xerneas|Moonblast|p2a: Chansey\n|-damage|p2a: Chansey|56\/100\n|-unboost|p2a: Chansey|spa|1\n|move|p2a: Chansey|Soft-Boiled|p2a: Chansey\n|-heal|p2a: Chansey|100\/100\n|\n|-damage|p1a: Xerneas|38\/100|[from] Leech Seed|[of] p2a: Chansey\n|upkeep\n|turn|22\n|l|\u203dRmonroy\n|inactive|Rmonroy disconnected and has a minute to reconnect!\n|player|p1|\n|inactive|Rmonroy has 30 seconds to reconnect!\n|inactive|justhavefun<3 has 120 seconds left.\n|inactive|Rmonroy has 20 seconds to reconnect!\n|inactive|Rmonroy has 15 seconds to reconnect!\n|inactive|Rmonroy has 10 seconds to reconnect!\n|inactive|Rmonroy has 5 seconds to reconnect!\n|-message|Rmonroy lost due to inactivity.\n|\n|win|justhavefun<3\n|raw|Rmonroy's rating: 1411 &rarr; <strong>1386<\/strong><br \/>(-25 for losing)\n|raw|justhavefun&lt;3's rating: 1320 &rarr; <strong>1345<\/strong><br \/>(+25 for winning)\n","uploadtime":1698705880,"views":7,"p1id":"rmonroy","p2id":"justhavefun3","formatid":"gen9nationaldexubers","rating":1345,"private":0,"password":""}