{"id":"gen9nationaldexubers-1996616429","p1":"Hades RFX","p2":"XX_1nfinity_XX","format":"[Gen 9] National Dex Ubers","log":"|j|\u2606Hades RFX\n|j|\u2606XX_1nfinity_XX\n|t:|1700701028\n|gametype|singles\n|player|p1|Hades RFX|alec-anime|\n|player|p2|XX_1nfinity_XX|steven|\n|teamsize|p1|6\n|teamsize|p2|6\n|gen|9\n|tier|[Gen 9] National Dex Ubers\n|rule|HP Percentage Mod: HP is shown in percentages\n|rule|Endless Battle Clause: Forcing endless battles is banned\n|rule|OHKO Clause: OHKO moves are banned\n|rule|Evasion Moves Clause: Evasion moves are banned\n|rule|Evasion Items Clause: Evasion items are banned\n|rule|Species Clause: Limit one of each Pok\u00e9mon\n|rule|Sleep Clause Mod: Limit one foe put to sleep\n|rule|Mega Rayquaza Clause: You cannot mega evolve Rayquaza\n|clearpoke\n|poke|p1|Tapu Koko|\n|poke|p1|Regieleki|\n|poke|p1|Iron Valiant|\n|poke|p1|Iron Bundle|\n|poke|p1|Landorus-Therian, M|\n|poke|p1|Dondozo, F|\n|poke|p2|Lopunny, M|\n|poke|p2|Ursaluna-Bloodmoon, M|\n|poke|p2|Porygon-Z|\n|poke|p2|Shuckle, M|\n|poke|p2|Ambipom, F|\n|poke|p2|Zoroark-Hisui, F|\n|teampreview\n|inactive|Battle timer is ON: inactive players will automatically lose when time's up. (requested by XX_1nfinity_XX)\n|c|\u2606Hades RFX|glhf\n|c|\u2606XX_1nfinity_XX|u2\n|\n|t:|1700701056\n|start\n|switch|p1a: Landorus|Landorus-Therian, M|100\/100\n|switch|p2a: Also Monke|Ambipom, F|100\/100\n|-ability|p1a: Landorus|Intimidate|boost\n|-unboost|p2a: Also Monke|atk|1\n|turn|1\n|\n|t:|1700701065\n|move|p2a: Also Monke|Hyper Voice|p1a: Landorus\n|-damage|p1a: Landorus|68\/100\n|move|p1a: Landorus|Earthquake|p2a: Also Monke\n|-damage|p2a: Also Monke|0 fnt\n|replace|p2a: Zoroark|Zoroark-Hisui, F\n|-end|p2a: Zoroark|Illusion\n|faint|p2a: Zoroark\n|\n|-heal|p1a: Landorus|74\/100|[from] item: Leftovers\n|upkeep\n|c|\u2606XX_1nfinity_XX|man\n|\n|t:|1700701075\n|switch|p2a: Wabbit|Lopunny, M|100\/100\n|turn|2\n|\n|t:|1700701081\n|switch|p1a: Dondozo|Dondozo, F|100\/100\n|detailschange|p2a: Wabbit|Lopunny-Mega, M\n|-mega|p2a: Wabbit|Lopunny|Lopunnite\n|move|p2a: Wabbit|Ice Punch|p1a: Dondozo\n|-resisted|p1a: Dondozo\n|-damage|p1a: Dondozo|95\/100\n|\n|upkeep\n|turn|3\n|\n|t:|1700701085\n|move|p2a: Wabbit|U-turn|p1a: Dondozo\n|-damage|p1a: Dondozo|84\/100\n|\n|t:|1700701090\n|switch|p2a: WebSetterTrust|Shuckle, M|100\/100|[from] U-turn\n|move|p1a: Dondozo|Waterfall|p2a: WebSetterTrust\n|-supereffective|p2a: WebSetterTrust\n|-damage|p2a: WebSetterTrust|63\/100\n|\n|-heal|p2a: WebSetterTrust|70\/100|[from] item: Leftovers\n|upkeep\n|turn|4\n|\n|t:|1700701096\n|switch|p1a: Landorus|Landorus-Therian, M|74\/100\n|-ability|p1a: Landorus|Intimidate|boost\n|-unboost|p2a: WebSetterTrust|atk|1\n|move|p2a: WebSetterTrust|Toxic|p1a: Landorus\n|-status|p1a: Landorus|tox\n|\n|-heal|p1a: Landorus|80\/100 tox|[from] item: Leftovers\n|-heal|p2a: WebSetterTrust|76\/100|[from] item: Leftovers\n|-damage|p1a: Landorus|74\/100 tox|[from] psn\n|upkeep\n|turn|5\n|\n|t:|1700701100\n|move|p1a: Landorus|Toxic|p2a: WebSetterTrust\n|-status|p2a: WebSetterTrust|tox\n|move|p2a: WebSetterTrust|Shell Smash|p2a: WebSetterTrust\n|-unboost|p2a: WebSetterTrust|def|1\n|-unboost|p2a: WebSetterTrust|spd|1\n|-boost|p2a: WebSetterTrust|atk|2\n|-boost|p2a: WebSetterTrust|spa|2\n|-boost|p2a: WebSetterTrust|spe|2\n|\n|-heal|p1a: Landorus|80\/100 tox|[from] item: Leftovers\n|-heal|p2a: WebSetterTrust|82\/100 tox|[from] item: Leftovers\n|-damage|p1a: Landorus|68\/100 tox|[from] psn\n|-damage|p2a: WebSetterTrust|76\/100 tox|[from] psn\n|upkeep\n|turn|6\n|c|\u2606Hades RFX|lmao\n|c|\u2606XX_1nfinity_XX|nooo\n|c|\u2606Hades RFX|no contrary\n|c|\u2606Hades RFX|lmfao\n|\n|t:|1700701123\n|move|p1a: Landorus|U-turn|p2a: WebSetterTrust\n|-damage|p2a: WebSetterTrust|54\/100 tox\n|\n|t:|1700701126\n|switch|p1a: Iron Bundle|Iron Bundle|100\/100|[from] U-turn\n|move|p2a: WebSetterTrust|Infestation|p1a: Iron Bundle\n|-damage|p1a: Iron Bundle|94\/100\n|-activate|p1a: Iron Bundle|move: Infestation|[of] p2a: WebSetterTrust\n|\n|-heal|p2a: WebSetterTrust|61\/100 tox|[from] item: Leftovers\n|-damage|p2a: WebSetterTrust|48\/100 tox|[from] psn\n|-damage|p1a: Iron Bundle|82\/100|[from] move: Infestation|[partiallytrapped]\n|upkeep\n|turn|7\n|\n|t:|1700701131\n|move|p1a: Iron Bundle|Ice Beam|p2a: WebSetterTrust\n|-damage|p2a: WebSetterTrust|8\/100 tox\n|move|p2a: WebSetterTrust|Toxic|p1a: Iron Bundle\n|-status|p1a: Iron Bundle|tox\n|\n|-heal|p2a: WebSetterTrust|14\/100 tox|[from] item: Leftovers\n|-damage|p1a: Iron Bundle|76\/100 tox|[from] psn\n|-damage|p2a: WebSetterTrust|0 fnt|[from] psn\n|faint|p2a: WebSetterTrust\n|-end|p1a: Iron Bundle|Infestation|[partiallytrapped]|[silent]\n|upkeep\n|\n|t:|1700701144\n|switch|p2a: Wabbit|Lopunny-Mega, M|100\/100\n|turn|8\n|\n|t:|1700701148\n|-end|p1a: Iron Bundle|Quark Drive|[silent]\n|switch|p1a: Dondozo|Dondozo, F|84\/100\n|move|p2a: Wabbit|Fake Out|p1a: Dondozo\n|-damage|p1a: Dondozo|74\/100\n|\n|upkeep\n|turn|9\n|\n|t:|1700701151\n|move|p2a: Wabbit|U-turn|p1a: Dondozo\n|-damage|p1a: Dondozo|63\/100\n|\n|t:|1700701154\n|switch|p2a: Also Monke|Ambipom, F|100\/100|[from] U-turn\n|move|p1a: Dondozo|Waterfall|p2a: Also Monke\n|-crit|p2a: Also Monke\n|-damage|p2a: Also Monke|31\/100\n|\n|upkeep\n|turn|10\n|\n|t:|1700701159\n|move|p2a: Also Monke|Trailblaze|p1a: Dondozo\n|-supereffective|p1a: Dondozo\n|-damage|p1a: Dondozo|39\/100\n|-boost|p2a: Also Monke|spe|1\n|-damage|p2a: Also Monke|21\/100|[from] item: Life Orb\n|move|p1a: Dondozo|Rest|p1a: Dondozo\n|-status|p1a: Dondozo|slp|[from] move: Rest\n|-heal|p1a: Dondozo|100\/100 slp|[silent]\n|\n|upkeep\n|turn|11\n|\n|t:|1700701174\n|move|p2a: Also Monke|Trailblaze|p1a: Dondozo\n|-supereffective|p1a: Dondozo\n|-damage|p1a: Dondozo|74\/100 slp\n|-boost|p2a: Also Monke|spe|1\n|-damage|p2a: Also Monke|11\/100|[from] item: Life Orb\n|cant|p1a: Dondozo|slp\n|move|p1a: Dondozo|Sleep Talk|p1a: Dondozo\n|move|p1a: Dondozo|Rest||[from]move: Sleep Talk|[still]\n|-fail|p1a: Dondozo\n|\n|upkeep\n|turn|12\n|\n|t:|1700701178\n|move|p2a: Also Monke|Trailblaze|p1a: Dondozo\n|-supereffective|p1a: Dondozo\n|-damage|p1a: Dondozo|49\/100 slp\n|-boost|p2a: Also Monke|spe|1\n|-damage|p2a: Also Monke|1\/100|[from] item: Life Orb\n|cant|p1a: Dondozo|slp\n|move|p1a: Dondozo|Sleep Talk|p1a: Dondozo\n|move|p1a: Dondozo|Waterfall|p2a: Also Monke|[from]move: Sleep Talk\n|-damage|p2a: Also Monke|0 fnt\n|faint|p2a: Also Monke\n|\n|upkeep\n|\n|t:|1700701182\n|switch|p2a: What the DUck|Porygon-Z|100\/100\n|turn|13\n|\n|t:|1700701185\n|switch|p1a: Tapu Koko|Tapu Koko|100\/100\n|-fieldstart|move: Electric Terrain|[from] ability: Electric Surge|[of] p1a: Tapu Koko\n|-zpower|p2a: What the DUck\n|move|p2a: What the DUck|Z-Conversion|p2a: What the DUck|[anim]Conversion\n|-boost|p2a: What the DUck|atk|1|[zeffect]\n|-boost|p2a: What the DUck|def|1|[zeffect]\n|-boost|p2a: What the DUck|spa|1|[zeffect]\n|-boost|p2a: What the DUck|spd|1|[zeffect]\n|-boost|p2a: What the DUck|spe|1|[zeffect]\n|-start|p2a: What the DUck|typechange|Electric\n|\n|upkeep\n|turn|14\n|c|\u2606XX_1nfinity_XX|this is what it was supposed to be\n|c|\u2606Hades RFX|i thought u had zmove restriction\n|c|\u2606Hades RFX|did u change it\n|inactive|Hades RFX has 270 seconds left.\n|c|\u2606XX_1nfinity_XX|i had none\n|\n|t:|1700701220\n|move|p2a: What the DUck|Nasty Plot|p2a: What the DUck\n|-boost|p2a: What the DUck|spa|2\n|move|p1a: Tapu Koko|Volt Switch|p2a: What the DUck\n|-resisted|p2a: What the DUck\n|-damage|p2a: What the DUck|82\/100\n|c|\u2606Hades RFX|oh\n|\n|t:|1700701226\n|switch|p1a: Iron Valiant|Iron Valiant|100\/100|[from] Volt Switch\n|-activate|p1a: Iron Valiant|ability: Quark Drive\n|-start|p1a: Iron Valiant|quarkdrivespe\n|\n|upkeep\n|turn|15\n|inactive|Hades RFX has 270 seconds left.\n|\n|t:|1700701233\n|move|p1a: Iron Valiant|Moonblast|p2a: What the DUck\n|-damage|p2a: What the DUck|12\/100\n|move|p2a: What the DUck|Thunderbolt|p1a: Iron Valiant\n|-damage|p1a: Iron Valiant|0 fnt\n|faint|p1a: Iron Valiant\n|-end|p1a: Iron Valiant|Quark Drive|[silent]\n|\n|upkeep\n|inactive|Hades RFX has 270 seconds left.\n|\n|t:|1700701239\n|switch|p1a: Iron Bundle|Iron Bundle|76\/100 tox\n|-activate|p1a: Iron Bundle|ability: Quark Drive\n|-start|p1a: Iron Bundle|quarkdrivespe\n|turn|16\n|\n|t:|1700701245\n|move|p1a: Iron Bundle|Flip Turn|p2a: What the DUck\n|-damage|p2a: What the DUck|0 fnt\n|faint|p2a: What the DUck\n|\n|t:|1700701251\n|-end|p1a: Iron Bundle|Quark Drive|[silent]\n|switch|p1a: Regieleki|Regieleki|100\/100|[from] Flip Turn\n|\n|upkeep\n|\n|t:|1700701256\n|switch|p2a: We Bare Bear|Ursaluna-Bloodmoon, M|100\/100\n|turn|17\n|\n|t:|1700701260\n|switch|p1a: Landorus|Landorus-Therian, M|68\/100 tox\n|-ability|p1a: Landorus|Intimidate|boost\n|-unboost|p2a: We Bare Bear|atk|1\n|move|p2a: We Bare Bear|Calm Mind|p2a: We Bare Bear\n|-boost|p2a: We Bare Bear|spa|1\n|-boost|p2a: We Bare Bear|spd|1\n|\n|-heal|p1a: Landorus|74\/100 tox|[from] item: Leftovers\n|-damage|p1a: Landorus|68\/100 tox|[from] psn\n|upkeep\n|turn|18\n|\n|t:|1700701271\n|move|p1a: Landorus|Toxic|p2a: We Bare Bear\n|-status|p2a: We Bare Bear|tox\n|move|p2a: We Bare Bear|Blood Moon|p1a: Landorus\n|-crit|p1a: Landorus\n|-damage|p1a: Landorus|0 fnt\n|faint|p1a: Landorus\n|\n|-damage|p2a: We Bare Bear|94\/100 tox|[from] psn\n|upkeep\n|\n|t:|1700701279\n|switch|p1a: Iron Bundle|Iron Bundle|76\/100 tox\n|-activate|p1a: Iron Bundle|ability: Quark Drive\n|-start|p1a: Iron Bundle|quarkdrivespe\n|turn|19\n|\n|t:|1700701285\n|-terastallize|p1a: Iron Bundle|Ice\n|-terastallize|p2a: We Bare Bear|Poison\n|move|p1a: Iron Bundle|Ice Beam|p2a: We Bare Bear\n|-damage|p2a: We Bare Bear|47\/100 tox\n|move|p2a: We Bare Bear|Moonlight|p2a: We Bare Bear\n|-heal|p2a: We Bare Bear|97\/100 tox\n|\n|-heal|p2a: We Bare Bear|100\/100 tox|[from] item: Leftovers\n|-damage|p1a: Iron Bundle|70\/100 tox|[from] psn\n|-damage|p2a: We Bare Bear|88\/100 tox|[from] psn\n|upkeep\n|turn|20\n|\n|t:|1700701291\n|move|p1a: Iron Bundle|Ice Beam|p2a: We Bare Bear\n|-damage|p2a: We Bare Bear|40\/100 tox\n|move|p2a: We Bare Bear|Blood Moon|p1a: Iron Bundle\n|-damage|p1a: Iron Bundle|0 fnt\n|faint|p1a: Iron Bundle\n|-end|p1a: Iron Bundle|Quark Drive|[silent]\n|\n|-heal|p2a: We Bare Bear|46\/100 tox|[from] item: Leftovers\n|-damage|p2a: We Bare Bear|28\/100 tox|[from] psn\n|-fieldend|move: Electric Terrain\n|upkeep\n|\n|t:|1700701297\n|switch|p1a: Tapu Koko|Tapu Koko|100\/100\n|-fieldstart|move: Electric Terrain|[from] ability: Electric Surge|[of] p1a: Tapu Koko\n|turn|21\n|\n|t:|1700701299\n|move|p1a: Tapu Koko|Thunderbolt|p2a: We Bare Bear\n|-damage|p2a: We Bare Bear|0 fnt\n|faint|p2a: We Bare Bear\n|\n|upkeep\n|\n|t:|1700701303\n|switch|p2a: Wabbit|Lopunny-Mega, M|100\/100\n|turn|22\n|\n|t:|1700701306\n|move|p2a: Wabbit|Fake Out|p1a: Tapu Koko\n|-damage|p1a: Tapu Koko|67\/100\n|cant|p1a: Tapu Koko|flinch\n|\n|upkeep\n|turn|23\n|c|\u2606XX_1nfinity_XX|ggs\n|\n|t:|1700701320\n|move|p2a: Wabbit|Close Combat|p1a: Tapu Koko\n|-resisted|p1a: Tapu Koko\n|-damage|p1a: Tapu Koko|21\/100\n|-unboost|p2a: Wabbit|def|1\n|-unboost|p2a: Wabbit|spd|1\n|move|p1a: Tapu Koko|Thunderbolt|p2a: Wabbit\n|-damage|p2a: Wabbit|3\/100\n|\n|upkeep\n|turn|24\n|c|\u2606Hades RFX|gg\n|\n|t:|1700701328\n|move|p2a: Wabbit|Close Combat|p1a: Tapu Koko\n|-resisted|p1a: Tapu Koko\n|-damage|p1a: Tapu Koko|0 fnt\n|-unboost|p2a: Wabbit|def|1\n|-unboost|p2a: Wabbit|spd|1\n|faint|p1a: Tapu Koko\n|\n|upkeep\n|c|\u2606Hades RFX|so sad that the shuckle\n|c|\u2606Hades RFX|wasnt contrary\n|c|\u2606Hades RFX|would've been funny\n|\n|t:|1700701346\n|switch|p1a: Regieleki|Regieleki|100\/100\n|turn|25\n|c|\u2606XX_1nfinity_XX|i forhot to change\n|\n|t:|1700701353\n|move|p1a: Regieleki|Rapid Spin|p2a: Wabbit\n|-damage|p2a: Wabbit|0 fnt\n|-boost|p1a: Regieleki|spe|1\n|faint|p2a: Wabbit\n|\n|win|Hades RFX\n","uploadtime":1700701359,"views":3,"p1id":"hadesrfx","p2id":"xx1nfinityxx","formatid":"gen9nationaldexubers","rating":0,"private":0,"password":""}