{"id":"gen9nationaldexubers-1993832048","p1":"ShriveledMonkey","p2":"Dawnyawns64","format":"[Gen 9] National Dex Ubers","log":"|j|\u2606ShriveledMonkey\n|j|\u2606Dawnyawns64\n|t:|1700362778\n|gametype|singles\n|player|p1|ShriveledMonkey|266|1037\n|player|p2|Dawnyawns64|dawn-gen4pt|1131\n|teamsize|p1|6\n|teamsize|p2|6\n|gen|9\n|tier|[Gen 9] National Dex Ubers\n|rated|\n|rule|HP Percentage Mod: HP is shown in percentages\n|rule|Endless Battle Clause: Forcing endless battles is banned\n|rule|OHKO Clause: OHKO moves are banned\n|rule|Evasion Moves Clause: Evasion moves are banned\n|rule|Evasion Items Clause: Evasion items are banned\n|rule|Species Clause: Limit one of each Pok\u00e9mon\n|rule|Sleep Clause Mod: Limit one foe put to sleep\n|rule|Mega Rayquaza Clause: You cannot mega evolve Rayquaza\n|clearpoke\n|poke|p1|Annihilape, F|\n|poke|p1|Klinklang|\n|poke|p1|Zoroark-Hisui, M|\n|poke|p1|Beautifly, F|\n|poke|p1|Lunatone|\n|poke|p1|Wugtrio, F|\n|poke|p2|Palkia-Origin|\n|poke|p2|Glimmora, M|\n|poke|p2|Slurpuff, F|\n|poke|p2|Mothim, M|\n|poke|p2|Ho-Oh|\n|poke|p2|Nidoking, M|\n|teampreview\n|\n|t:|1700362789\n|start\n|switch|p1a: Klinklang|Klinklang|100\/100\n|switch|p2a: Glimmora|Glimmora, M|100\/100\n|turn|1\n|\n|t:|1700362798\n|switch|p2a: Nidoking|Nidoking, M|100\/100\n|move|p1a: Klinklang|Trick|p2a: Nidoking\n|-activate|p1a: Klinklang|move: Trick|[of] p2a: Nidoking\n|-item|p2a: Nidoking|Choice Specs|[from] move: Trick\n|-item|p1a: Klinklang|Life Orb|[from] move: Trick\n|\n|upkeep\n|turn|2\n|\n|t:|1700362815\n|switch|p1a: Lunatone|Lunatone|100\/100\n|move|p2a: Nidoking|Fire Punch|p1a: Lunatone\n|-resisted|p1a: Lunatone\n|-damage|p1a: Lunatone|77\/100\n|\n|upkeep\n|turn|3\n|\n|t:|1700362822\n|switch|p2a: Mothim|Mothim, M, shiny|100\/100\n|move|p1a: Lunatone|Stealth Rock|p2a: Mothim\n|-sidestart|p2: Dawnyawns64|move: Stealth Rock\n|\n|upkeep\n|turn|4\n|\n|t:|1700362832\n|move|p1a: Lunatone|Meteor Beam||[still]\n|-prepare|p1a: Lunatone|Meteor Beam\n|-boost|p1a: Lunatone|spa|1\n|-enditem|p1a: Lunatone|Power Herb\n|-anim|p1a: Lunatone|Meteor Beam|p2a: Mothim\n|-supereffective|p2a: Mothim\n|-damage|p2a: Mothim|0 fnt\n|faint|p2a: Mothim\n|\n|upkeep\n|\n|t:|1700362842\n|switch|p2a: Glimmora|Glimmora, M|100\/100\n|-damage|p2a: Glimmora|88\/100|[from] Stealth Rock\n|turn|5\n|\n|t:|1700362851\n|move|p1a: Lunatone|Earth Power|p2a: Glimmora\n|-supereffective|p2a: Glimmora\n|-damage|p2a: Glimmora|0 fnt\n|faint|p2a: Glimmora\n|\n|upkeep\n|\n|t:|1700362856\n|switch|p2a: Palkia|Palkia-Origin|100\/100\n|-damage|p2a: Palkia|88\/100|[from] Stealth Rock\n|-ability|p2a: Palkia|Pressure\n|turn|6\n|\n|t:|1700362863\n|move|p2a: Palkia|Surf|p1a: Lunatone\n|-supereffective|p1a: Lunatone\n|-damage|p1a: Lunatone|0 fnt\n|faint|p1a: Lunatone\n|\n|upkeep\n|\n|t:|1700362881\n|switch|p1a: Klinklang|Klinklang|100\/100\n|turn|7\n|\n|t:|1700362895\n|switch|p2a: Ho-Oh|Ho-Oh|100\/100\n|-damage|p2a: Ho-Oh|51\/100|[from] Stealth Rock\n|move|p1a: Klinklang|Substitute|p1a: Klinklang\n|-start|p1a: Klinklang|Substitute\n|-damage|p1a: Klinklang|76\/100\n|\n|-heal|p1a: Klinklang|82\/100|[from] item: Leftovers\n|upkeep\n|turn|8\n|\n|t:|1700362904\n|-terastallize|p2a: Ho-Oh|Water\n|move|p2a: Ho-Oh|Flamethrower|p1a: Klinklang\n|-supereffective|p1a: Klinklang\n|-end|p1a: Klinklang|Substitute\n|move|p1a: Klinklang|Toxic|p2a: Ho-Oh\n|-status|p2a: Ho-Oh|tox\n|\n|-heal|p1a: Klinklang|88\/100|[from] item: Leftovers\n|-damage|p2a: Ho-Oh|44\/100 tox|[from] psn\n|upkeep\n|turn|9\n|\n|t:|1700362915\n|move|p2a: Ho-Oh|Flamethrower|p1a: Klinklang\n|-supereffective|p1a: Klinklang\n|-crit|p1a: Klinklang\n|-damage|p1a: Klinklang|0 fnt\n|faint|p1a: Klinklang\n|\n|-damage|p2a: Ho-Oh|32\/100 tox|[from] psn\n|upkeep\n|\n|t:|1700362926\n|switch|p1a: Annihilape|Annihilape, F|100\/100\n|turn|10\n|\n|t:|1700362940\n|move|p1a: Annihilape|Shadow Ball|p2a: Ho-Oh\n|-damage|p2a: Ho-Oh|0 fnt\n|faint|p2a: Ho-Oh\n|-damage|p1a: Annihilape|91\/100|[from] item: Life Orb\n|\n|upkeep\n|\n|t:|1700362943\n|switch|p2a: Slurpuff|Slurpuff, F|100\/100\n|-damage|p2a: Slurpuff|88\/100|[from] Stealth Rock\n|turn|11\n|\n|t:|1700362954\n|move|p1a: Annihilape|Trick|p2a: Slurpuff\n|-activate|p1a: Annihilape|move: Trick|[of] p2a: Slurpuff\n|-item|p2a: Slurpuff|Life Orb|[from] move: Trick\n|-item|p1a: Annihilape|Aguav Berry|[from] move: Trick\n|move|p2a: Slurpuff|Belly Drum|p2a: Slurpuff\n|-damage|p2a: Slurpuff|38\/100\n|-setboost|p2a: Slurpuff|atk|6|[from] move: Belly Drum\n|\n|upkeep\n|turn|12\n|\n|t:|1700362965\n|move|p1a: Annihilape|Shadow Ball|p2a: Slurpuff\n|-damage|p2a: Slurpuff|0 fnt\n|faint|p2a: Slurpuff\n|\n|upkeep\n|\n|t:|1700362969\n|switch|p2a: Palkia|Palkia-Origin|88\/100\n|-damage|p2a: Palkia|76\/100|[from] Stealth Rock\n|-ability|p2a: Palkia|Pressure\n|turn|13\n|\n|t:|1700362983\n|move|p2a: Palkia|Spacial Rend|p1a: Annihilape\n|-crit|p1a: Annihilape\n|-damage|p1a: Annihilape|0 fnt\n|replace|p1a: Zoroark|Zoroark-Hisui, M\n|-end|p1a: Zoroark|Illusion\n|faint|p1a: Zoroark\n|\n|upkeep\n|\n|t:|1700362996\n|switch|p1a: Annihilape|Annihilape, F|100\/100\n|turn|14\n|\n|t:|1700363002\n|-terastallize|p1a: Annihilape|Fairy\n|move|p2a: Palkia|Draco Meteor|p1a: Annihilape\n|-immune|p1a: Annihilape\n|move|p1a: Annihilape|Bulk Up|p1a: Annihilape\n|-boost|p1a: Annihilape|atk|1\n|-boost|p1a: Annihilape|def|1\n|\n|upkeep\n|turn|15\n|\n|t:|1700363011\n|move|p2a: Palkia|Surf|p1a: Annihilape\n|-damage|p1a: Annihilape|63\/100\n|move|p1a: Annihilape|Rage Fist|p2a: Palkia\n|-damage|p2a: Palkia|8\/100\n|\n|upkeep\n|turn|16\n|\n|t:|1700363021\n|move|p2a: Palkia|Surf|p1a: Annihilape\n|-damage|p1a: Annihilape|22\/100\n|move|p1a: Annihilape|Rage Fist|p2a: Palkia\n|-damage|p2a: Palkia|0 fnt\n|faint|p2a: Palkia\n|\n|upkeep\n|\n|t:|1700363026\n|switch|p2a: Nidoking|Nidoking, M|100\/100\n|-damage|p2a: Nidoking|95\/100|[from] Stealth Rock\n|turn|17\n|\n|t:|1700363033\n|move|p2a: Nidoking|Poison Jab|p1a: Annihilape\n|-supereffective|p1a: Annihilape\n|-damage|p1a: Annihilape|0 fnt\n|faint|p1a: Annihilape\n|\n|upkeep\n|\n|t:|1700363039\n|switch|p1a: Wugtrio|Wugtrio, F|100\/100\n|turn|18\n|\n|t:|1700363045\n|move|p1a: Wugtrio|Triple Dive|p2a: Nidoking\n|-supereffective|p2a: Nidoking\n|-damage|p2a: Nidoking|47\/100\n|-supereffective|p2a: Nidoking\n|-damage|p2a: Nidoking|0 fnt\n|faint|p2a: Nidoking\n|-hitcount|p2: Nidoking|2\n|-damage|p1a: Wugtrio|91\/100|[from] item: Life Orb\n|\n|win|ShriveledMonkey\n|raw|ShriveledMonkey's rating: 1037 &rarr; <strong>1081<\/strong><br \/>(+44 for winning)\n|raw|Dawnyawns64's rating: 1131 &rarr; <strong>1099<\/strong><br \/>(-32 for losing)\n|l|\u2606Dawnyawns64\n","uploadtime":1700363054,"views":6,"p1id":"shriveledmonkey","p2id":"dawnyawns64","formatid":"gen9nationaldexubers","rating":1081,"private":0,"password":""}