{"id":"gen9nationaldexubers-1990745548","p1":"Tanabi","p2":"Attano_from_Johto","format":"[Gen 9] National Dex Ubers","log":"|j|\u203dTanabi\n|j|\u2606Attano_from_Johto\n|t:|1699996891\n|gametype|singles\n|player|p1|Tanabi|2|1000\n|player|p2|Attano_from_Johto|pokemonbreeder|1094\n|teamsize|p1|6\n|teamsize|p2|6\n|gen|9\n|tier|[Gen 9] National Dex Ubers\n|rated|\n|rule|HP Percentage Mod: HP is shown in percentages\n|rule|Endless Battle Clause: Forcing endless battles is banned\n|rule|OHKO Clause: OHKO moves are banned\n|rule|Evasion Moves Clause: Evasion moves are banned\n|rule|Evasion Items Clause: Evasion items are banned\n|rule|Species Clause: Limit one of each Pok\u00e9mon\n|rule|Sleep Clause Mod: Limit one foe put to sleep\n|rule|Mega Rayquaza Clause: You cannot mega evolve Rayquaza\n|clearpoke\n|poke|p1|Dracovish|\n|poke|p1|Decidueye, F|\n|poke|p1|Azumarill, F|\n|poke|p1|Mimikyu, F|\n|poke|p1|Deoxys-Speed|\n|poke|p1|Ferrothorn, M|\n|poke|p2|Zygarde|\n|poke|p2|Groudon|\n|poke|p2|Venusaur, F|\n|poke|p2|Dedenne, F|\n|poke|p2|Salamence, M|\n|poke|p2|Xerneas-*|\n|teampreview\n|inactive|Battle timer is ON: inactive players will automatically lose when time's up. (requested by Tanabi)\n|\n|t:|1699996955\n|start\n|switch|p1a: Azumarill|Azumarill, F|100\/100\n|switch|p2a: Groudon|Groudon|100\/100\n|-weather|SunnyDay|[from] ability: Drought|[of] p2a: Groudon\n|turn|1\n|\n|t:|1699996962\n|move|p1a: Azumarill|Belly Drum|p1a: Azumarill\n|-damage|p1a: Azumarill|50\/100\n|-setboost|p1a: Azumarill|atk|6|[from] move: Belly Drum\n|move|p2a: Groudon|Dragon Tail|p1a: Azumarill\n|-immune|p1a: Azumarill\n|\n|-weather|SunnyDay|[upkeep]\n|-heal|p1a: Azumarill|57\/100|[from] item: Leftovers\n|upkeep\n|turn|2\n|\n|t:|1699996969\n|move|p1a: Azumarill|Aqua Jet|p2a: Groudon\n|-supereffective|p2a: Groudon\n|-damage|p2a: Groudon|39\/100\n|move|p2a: Groudon|Precipice Blades|p1a: Azumarill\n|-damage|p1a: Azumarill|0 fnt\n|faint|p1a: Azumarill\n|\n|-weather|SunnyDay|[upkeep]\n|upkeep\n|\n|t:|1699996973\n|switch|p1a: Dracovish|Dracovish|100\/100\n|turn|3\n|\n|t:|1699996978\n|move|p1a: Dracovish|Fishious Rend|p2a: Groudon\n|-supereffective|p2a: Groudon\n|-damage|p2a: Groudon|0 fnt\n|faint|p2a: Groudon\n|\n|-weather|SunnyDay|[upkeep]\n|upkeep\n|\n|t:|1699996983\n|switch|p2a: Coco Bean|Dedenne, F, shiny|100\/100\n|turn|4\n|\n|t:|1699996987\n|move|p2a: Coco Bean|Nuzzle|p1a: Dracovish\n|-damage|p1a: Dracovish|96\/100\n|-status|p1a: Dracovish|par\n|cant|p1a: Dracovish|par\n|\n|-weather|SunnyDay|[upkeep]\n|upkeep\n|turn|5\n|\n|t:|1699996995\n|move|p2a: Coco Bean|Volt Switch|p1a: Dracovish\n|-damage|p1a: Dracovish|62\/100 par\n|\n|t:|1699996999\n|switch|p2a: Venusaur|Venusaur, F, shiny|100\/100|[from] Volt Switch\n|move|p1a: Dracovish|Fishious Rend|p2a: Venusaur\n|-resisted|p2a: Venusaur\n|-damage|p2a: Venusaur|50\/100\n|\n|-weather|none\n|upkeep\n|turn|6\n|\n|t:|1699997005\n|move|p2a: Venusaur|Giga Drain|p1a: Dracovish\n|-damage|p1a: Dracovish|18\/100 par\n|-heal|p2a: Venusaur|74\/100|[from] drain|[of] p1a: Dracovish\n|move|p1a: Dracovish|Fishious Rend|p2a: Venusaur\n|-resisted|p2a: Venusaur\n|-damage|p2a: Venusaur|24\/100\n|\n|upkeep\n|turn|7\n|\n|t:|1699997012\n|move|p2a: Venusaur|Giga Drain|p1a: Dracovish\n|-damage|p1a: Dracovish|0 fnt\n|-heal|p2a: Venusaur|33\/100|[from] drain|[of] p1a: Dracovish\n|faint|p1a: Dracovish\n|\n|upkeep\n|\n|t:|1699997016\n|switch|p1a: Deoxys|Deoxys-Speed|100\/100\n|-ability|p1a: Deoxys|Pressure\n|turn|8\n|\n|t:|1699997023\n|detailschange|p2a: Venusaur|Venusaur-Mega, F, shiny\n|-mega|p2a: Venusaur|Venusaur|Venusaurite\n|move|p1a: Deoxys|Psychic|p2a: Venusaur\n|-supereffective|p2a: Venusaur\n|-damage|p2a: Venusaur|0 fnt\n|faint|p2a: Venusaur\n|\n|upkeep\n|\n|t:|1699997031\n|switch|p2a: Coco Bean|Dedenne, F, shiny|100\/100\n|turn|9\n|\n|t:|1699997035\n|move|p1a: Deoxys|Calm Mind|p1a: Deoxys\n|-boost|p1a: Deoxys|spa|1\n|-boost|p1a: Deoxys|spd|1\n|move|p2a: Coco Bean|Nuzzle|p1a: Deoxys\n|-damage|p1a: Deoxys|93\/100\n|-status|p1a: Deoxys|par\n|\n|upkeep\n|turn|10\n|\n|t:|1699997042\n|move|p2a: Coco Bean|Super Fang|p1a: Deoxys\n|-damage|p1a: Deoxys|47\/100 par\n|move|p1a: Deoxys|Calm Mind|p1a: Deoxys\n|-boost|p1a: Deoxys|spa|1\n|-boost|p1a: Deoxys|spd|1\n|\n|upkeep\n|turn|11\n|\n|t:|1699997049\n|move|p2a: Coco Bean|Thunderbolt|p1a: Deoxys\n|-damage|p1a: Deoxys|18\/100 par\n|cant|p1a: Deoxys|par\n|\n|upkeep\n|turn|12\n|\n|t:|1699997053\n|move|p2a: Coco Bean|Thunderbolt|p1a: Deoxys\n|-damage|p1a: Deoxys|0 fnt\n|faint|p1a: Deoxys\n|\n|upkeep\n|\n|t:|1699997058\n|switch|p1a: Ferrothorn|Ferrothorn, M|100\/100\n|turn|13\n|\n|t:|1699997061\n|move|p2a: Coco Bean|Nuzzle|p1a: Ferrothorn\n|-resisted|p1a: Ferrothorn\n|-damage|p1a: Ferrothorn|99\/100\n|-status|p1a: Ferrothorn|par\n|-damage|p2a: Coco Bean|88\/100|[from] ability: Iron Barbs|[of] p1a: Ferrothorn\n|-damage|p2a: Coco Bean|72\/100|[from] item: Rocky Helmet|[of] p1a: Ferrothorn\n|move|p1a: Ferrothorn|Stealth Rock|p2a: Coco Bean\n|-sidestart|p2: Attano_from_Johto|move: Stealth Rock\n|\n|upkeep\n|turn|14\n|\n|t:|1699997070\n|move|p2a: Coco Bean|Volt Switch|p1a: Ferrothorn\n|-resisted|p1a: Ferrothorn\n|-damage|p1a: Ferrothorn|88\/100 par\n|\n|t:|1699997074\n|switch|p2a: Zygarde|Zygarde, shiny|100\/100|[from] Volt Switch\n|-damage|p2a: Zygarde|94\/100|[from] Stealth Rock\n|move|p1a: Ferrothorn|Spikes|p2a: Zygarde\n|-sidestart|p2: Attano_from_Johto|Spikes\n|\n|upkeep\n|turn|15\n|\n|t:|1699997093\n|-terastallize|p2a: Zygarde|Steel\n|move|p2a: Zygarde|Thousand Arrows|p1a: Ferrothorn\n|-damage|p1a: Ferrothorn|67\/100 par\n|move|p1a: Ferrothorn|Spikes|p2a: Zygarde\n|-sidestart|p2: Attano_from_Johto|Spikes\n|\n|upkeep\n|turn|16\n|inactive|Attano_from_Johto has 120 seconds left.\n|\n|t:|1699997146\n|move|p2a: Zygarde|Thousand Arrows|p1a: Ferrothorn\n|-damage|p1a: Ferrothorn|45\/100 par\n|move|p1a: Ferrothorn|Spikes|p2a: Zygarde\n|-sidestart|p2: Attano_from_Johto|Spikes\n|\n|upkeep\n|turn|17\n|\n|t:|1699997154\n|move|p2a: Zygarde|Dragon Dance|p2a: Zygarde\n|-boost|p2a: Zygarde|atk|1\n|-boost|p2a: Zygarde|spe|1\n|move|p1a: Ferrothorn|Body Press|p2a: Zygarde\n|-supereffective|p2a: Zygarde\n|-damage|p2a: Zygarde|52\/100\n|\n|upkeep\n|turn|18\n|\n|t:|1699997161\n|move|p2a: Zygarde|Thousand Arrows|p1a: Ferrothorn\n|-damage|p1a: Ferrothorn|10\/100 par\n|cant|p1a: Ferrothorn|par\n|\n|upkeep\n|turn|19\n|\n|t:|1699997166\n|move|p2a: Zygarde|Thousand Arrows|p1a: Ferrothorn\n|-damage|p1a: Ferrothorn|0 fnt\n|faint|p1a: Ferrothorn\n|\n|upkeep\n|\n|t:|1699997169\n|switch|p1a: Mimikyu|Mimikyu, F|100\/100\n|turn|20\n|\n|t:|1699997172\n|move|p2a: Zygarde|Thousand Arrows|p1a: Mimikyu\n|-activate|p1a: Mimikyu|ability: Disguise\n|-damage|p1a: Mimikyu|100\/100\n|detailschange|p1a: Mimikyu|Mimikyu-Busted, F\n|-damage|p1a: Mimikyu|88\/100|[from] pokemon: Mimikyu-Busted\n|move|p1a: Mimikyu|Swords Dance|p1a: Mimikyu\n|-boost|p1a: Mimikyu|atk|2\n|\n|upkeep\n|turn|21\n|\n|t:|1699997181\n|move|p2a: Zygarde|Thousand Arrows|p1a: Mimikyu\n|-damage|p1a: Mimikyu|0 fnt\n|faint|p1a: Mimikyu\n|\n|upkeep\n|\n|t:|1699997184\n|switch|p1a: Decidueye|Decidueye, F|100\/100\n|-item|p1a: Decidueye|Air Balloon\n|turn|22\n|\n|t:|1699997188\n|move|p2a: Zygarde|Outrage|p1a: Decidueye\n|-damage|p1a: Decidueye|16\/100\n|-enditem|p1a: Decidueye|Air Balloon\n|move|p1a: Decidueye|Knock Off|p2a: Zygarde\n|-damage|p2a: Zygarde|37\/100\n|-enditem|p2a: Zygarde|Aguav Berry|[from] move: Knock Off|[of] p1a: Decidueye\n|\n|-activate|p2a: Zygarde|ability: Power Construct\n|detailschange|p2a: Zygarde|Zygarde-Complete, shiny, tera:Steel\n|-heal|p2a: Zygarde|61\/100|[silent]\n|upkeep\n|turn|23\n|\n|t:|1699997199\n|move|p2a: Zygarde|Outrage|p1a: Decidueye|[from]lockedmove\n|-damage|p1a: Decidueye|0 fnt\n|faint|p1a: Decidueye\n|-start|p2a: Zygarde|confusion|[fatigue]\n|\n|win|Attano_from_Johto\n|raw|Tanabi's rating: 1000 &rarr; <strong>1000<\/strong><br \/>(+0 for losing)\n|raw|Attano_from_Johto's rating: 1094 &rarr; <strong>1113<\/strong><br \/>(+19 for winning)\n","uploadtime":1699997207,"views":7,"p1id":"tanabi","p2id":"attanofromjohto","formatid":"gen9nationaldexubers","rating":1000,"private":0,"password":""}