{"id":"gen9nationaldexubers-1981795829","p1":"Scornfulbreak80","p2":"dumboffaperc","format":"[Gen 9] National Dex Ubers","log":"|j|\u2606Scornfulbreak80\n|j|\u2606dumboffaperc\n|t:|1698942244\n|gametype|singles\n|player|p1|Scornfulbreak80|cynthia-gen4|1438\n|player|p2|dumboffaperc|swimmer-gen4dp|1455\n|teamsize|p1|6\n|teamsize|p2|6\n|gen|9\n|tier|[Gen 9] National Dex Ubers\n|rated|\n|rule|HP Percentage Mod: HP is shown in percentages\n|rule|Endless Battle Clause: Forcing endless battles is banned\n|rule|OHKO Clause: OHKO moves are banned\n|rule|Evasion Moves Clause: Evasion moves are banned\n|rule|Evasion Items Clause: Evasion items are banned\n|rule|Species Clause: Limit one of each Pok\u00e9mon\n|rule|Sleep Clause Mod: Limit one foe put to sleep\n|rule|Mega Rayquaza Clause: You cannot mega evolve Rayquaza\n|clearpoke\n|poke|p1|Salamence, M|\n|poke|p1|Flutter Mane|\n|poke|p1|Chansey, F|\n|poke|p1|Dondozo, M|\n|poke|p1|Zygarde|\n|poke|p1|Groudon|\n|poke|p2|Lucario, F|\n|poke|p2|Landorus, M|\n|poke|p2|Ditto|\n|poke|p2|Shuckle, M|\n|poke|p2|Gholdengo|\n|poke|p2|Kommo-o, M|\n|teampreview\n|inactive|Battle timer is ON: inactive players will automatically lose when time's up. (requested by dumboffaperc)\n|inactive|Scornfulbreak80 also wants the timer to be on.\n|\n|t:|1698942259\n|start\n|switch|p1a: Groudon|Groudon|100\/100\n|switch|p2a: Shuckle|Shuckle, M|100\/100\n|detailschange|p1a: Groudon|Groudon-Primal\n|-primal|p1a: Groudon|Red Orb\n|-weather|DesolateLand|[from] ability: Desolate Land|[of] p1a: Groudon\n|turn|1\n|\n|t:|1698942263\n|move|p1a: Groudon|Heat Crash|p2a: Shuckle\n|-damage|p2a: Shuckle|34\/100\n|move|p2a: Shuckle|Encore|p1a: Groudon\n|-start|p1a: Groudon|Encore\n|\n|-weather|DesolateLand|[upkeep]\n|upkeep\n|turn|2\n|\n|t:|1698942268\n|move|p1a: Groudon|Heat Crash|p2a: Shuckle\n|-damage|p2a: Shuckle|0 fnt\n|faint|p2a: Shuckle\n|\n|-weather|DesolateLand|[upkeep]\n|upkeep\n|\n|t:|1698942270\n|switch|p2a: Landorus|Landorus, M|100\/100\n|turn|3\n|\n|t:|1698942275\n|-weather|none\n|switch|p1a: Chansey|Chansey, F|100\/100\n|move|p2a: Landorus|Nasty Plot|p2a: Landorus\n|-boost|p2a: Landorus|spa|2\n|\n|upkeep\n|turn|4\n|\n|t:|1698942277\n|move|p2a: Landorus|Focus Blast|p1a: Chansey\n|-supereffective|p1a: Chansey\n|-damage|p1a: Chansey|26\/100\n|move|p1a: Chansey|Toxic|p2a: Landorus\n|-status|p2a: Landorus|tox\n|\n|-damage|p2a: Landorus|95\/100 tox|[from] psn\n|upkeep\n|turn|5\n|\n|t:|1698942281\n|switch|p1a: Flutter Mane|Flutter Mane|100\/100\n|move|p2a: Landorus|Earth Power|p1a: Flutter Mane\n|-damage|p1a: Flutter Mane|0 fnt\n|faint|p1a: Flutter Mane\n|-end|p1a: Flutter Mane|Protosynthesis|[silent]\n|\n|-damage|p2a: Landorus|83\/100 tox|[from] psn\n|upkeep\n|\n|t:|1698942289\n|switch|p1a: Groudon|Groudon-Primal|100\/100\n|-weather|DesolateLand|[from] ability: Desolate Land|[of] p1a: Groudon\n|turn|6\n|\n|t:|1698942291\n|-weather|none\n|switch|p1a: Salamence|Salamence, M|100\/100\n|-ability|p1a: Salamence|Intimidate|boost\n|-unboost|p2a: Landorus|atk|1\n|move|p2a: Landorus|Psychic|p1a: Salamence\n|-damage|p1a: Salamence|0 fnt\n|faint|p1a: Salamence\n|\n|-damage|p2a: Landorus|65\/100 tox|[from] psn\n|upkeep\n|\n|t:|1698942305\n|switch|p1a: Zygarde|Zygarde|100\/100\n|turn|7\n|\n|t:|1698942308\n|-terastallize|p2a: Landorus|Ground\n|move|p1a: Zygarde|Extreme Speed|p2a: Landorus\n|-damage|p2a: Landorus|33\/100 tox\n|move|p2a: Landorus|Earth Power|p1a: Zygarde\n|-damage|p1a: Zygarde|0 fnt\n|faint|p1a: Zygarde\n|\n|-damage|p2a: Landorus|9\/100 tox|[from] psn\n|upkeep\n|\n|t:|1698942316\n|switch|p1a: Chansey|Chansey, F|26\/100\n|turn|8\n|\n|t:|1698942318\n|move|p2a: Landorus|Earth Power|p1a: Chansey\n|-damage|p1a: Chansey|0 fnt\n|faint|p1a: Chansey\n|\n|-damage|p2a: Landorus|0 fnt|[from] psn\n|faint|p2a: Landorus\n|upkeep\n|\n|t:|1698942325\n|switch|p2a: Kommo-o|Kommo-o, M|100\/100\n|switch|p1a: Groudon|Groudon-Primal|100\/100\n|-weather|DesolateLand|[from] ability: Desolate Land|[of] p1a: Groudon\n|turn|9\n|\n|t:|1698942333\n|move|p1a: Groudon|Substitute|p1a: Groudon\n|-start|p1a: Groudon|Substitute\n|-damage|p1a: Groudon|76\/100\n|move|p2a: Kommo-o|Clangorous Soul|p2a: Kommo-o\n|-boost|p2a: Kommo-o|atk|1\n|-boost|p2a: Kommo-o|def|1\n|-boost|p2a: Kommo-o|spa|1\n|-boost|p2a: Kommo-o|spd|1\n|-boost|p2a: Kommo-o|spe|1\n|-damage|p2a: Kommo-o|68\/100\n|-enditem|p2a: Kommo-o|Throat Spray\n|-boost|p2a: Kommo-o|spa|1|[from] item: Throat Spray\n|\n|-weather|DesolateLand|[upkeep]\n|upkeep\n|turn|10\n|\n|t:|1698942337\n|move|p2a: Kommo-o|Flamethrower|p1a: Groudon\n|-resisted|p1a: Groudon\n|-end|p1a: Groudon|Substitute\n|move|p1a: Groudon|Precipice Blades|p2a: Kommo-o|[miss]\n|-miss|p1a: Groudon|p2a: Kommo-o\n|\n|-weather|DesolateLand|[upkeep]\n|upkeep\n|turn|11\n|\n|t:|1698942340\n|move|p2a: Kommo-o|Clangorous Soul|p2a: Kommo-o\n|-boost|p2a: Kommo-o|atk|1\n|-boost|p2a: Kommo-o|def|1\n|-boost|p2a: Kommo-o|spa|1\n|-boost|p2a: Kommo-o|spd|1\n|-boost|p2a: Kommo-o|spe|1\n|-damage|p2a: Kommo-o|35\/100\n|move|p1a: Groudon|Precipice Blades|p2a: Kommo-o\n|-damage|p2a: Kommo-o|0 fnt\n|faint|p2a: Kommo-o\n|\n|-weather|DesolateLand|[upkeep]\n|upkeep\n|\n|t:|1698942345\n|switch|p2a: Ditto|Ditto|100\/100\n|-transform|p2a: Ditto|p1a: Groudon|[from] ability: Imposter\n|turn|12\n|\n|t:|1698942354\n|switch|p1a: Dondozo|Dondozo, M|100\/100\n|move|p2a: Ditto|Precipice Blades|p1a: Dondozo\n|-damage|p1a: Dondozo|65\/100\n|\n|-weather|DesolateLand|[upkeep]\n|upkeep\n|turn|13\n|\n|t:|1698942358\n|-weather|none\n|switch|p2a: Gholdengo|Gholdengo|100\/100\n|-item|p2a: Gholdengo|Air Balloon\n|move|p1a: Dondozo|Rest|p1a: Dondozo\n|-status|p1a: Dondozo|slp|[from] move: Rest\n|-heal|p1a: Dondozo|100\/100 slp|[silent]\n|\n|upkeep\n|turn|14\n|\n|t:|1698942362\n|move|p2a: Gholdengo|Shadow Ball|p1a: Dondozo\n|-damage|p1a: Dondozo|57\/100 slp\n|cant|p1a: Dondozo|slp\n|move|p1a: Dondozo|Sleep Talk|p1a: Dondozo\n|move|p1a: Dondozo|Rest||[from]move: Sleep Talk|[still]\n|-fail|p1a: Dondozo\n|\n|upkeep\n|turn|15\n|\n|t:|1698942364\n|move|p2a: Gholdengo|Nasty Plot|p2a: Gholdengo\n|-boost|p2a: Gholdengo|spa|2\n|cant|p1a: Dondozo|slp\n|move|p1a: Dondozo|Sleep Talk|p1a: Dondozo\n|move|p1a: Dondozo|Rest||[from]move: Sleep Talk|[still]\n|-fail|p1a: Dondozo\n|\n|upkeep\n|turn|16\n|\n|t:|1698942367\n|move|p2a: Gholdengo|Shadow Ball|p1a: Dondozo\n|-damage|p1a: Dondozo|12\/100 slp\n|-curestatus|p1a: Dondozo|slp|[msg]\n|move|p1a: Dondozo|Sleep Talk||[still]\n|-fail|p1a: Dondozo\n|\n|upkeep\n|turn|17\n|\n|t:|1698942370\n|move|p2a: Gholdengo|Shadow Ball|p1a: Dondozo\n|-damage|p1a: Dondozo|0 fnt\n|faint|p1a: Dondozo\n|\n|upkeep\n|\n|t:|1698942377\n|switch|p1a: Groudon|Groudon-Primal|76\/100\n|-weather|DesolateLand|[from] ability: Desolate Land|[of] p1a: Groudon\n|turn|18\n|\n|t:|1698942380\n|move|p1a: Groudon|Precipice Blades|p2a: Gholdengo\n|-immune|p2a: Gholdengo\n|move|p2a: Gholdengo|Shadow Ball|p1a: Groudon\n|-damage|p1a: Groudon|0 fnt\n|faint|p1a: Groudon\n|-weather|none\n|\n|win|dumboffaperc\n|raw|Scornfulbreak80's rating: 1438 &rarr; <strong>1419<\/strong><br \/>(-19 for losing)\n|raw|dumboffaperc's rating: 1455 &rarr; <strong>1474<\/strong><br \/>(+19 for winning)\n|l|\u2606Scornfulbreak80\n|l|\u2606dumboffaperc\n|j|\u2606dumboffaperc\n|player|p2|dumboffaperc|swimmer-gen4dp\n","uploadtime":1698942490,"views":12,"p1id":"scornfulbreak80","p2id":"dumboffaperc","formatid":"gen9nationaldexubers","rating":1419,"private":0,"password":""}