{"id":"gen9nationaldexubers-1979779362","p1":"stinkystinky123","p2":"qqqwsx","format":"[Gen 9] National Dex Ubers","log":"|j|\u2606stinkystinky123\n|j|\u2606qqqwsx\n|t:|1698712413\n|gametype|singles\n|player|p1|stinkystinky123|will|1205\n|player|p2|qqqwsx|firebreather|1273\n|teamsize|p1|6\n|teamsize|p2|6\n|gen|9\n|tier|[Gen 9] National Dex Ubers\n|rated|\n|rule|HP Percentage Mod: HP is shown in percentages\n|rule|Endless Battle Clause: Forcing endless battles is banned\n|rule|OHKO Clause: OHKO moves are banned\n|rule|Evasion Moves Clause: Evasion moves are banned\n|rule|Evasion Items Clause: Evasion items are banned\n|rule|Species Clause: Limit one of each Pok\u00e9mon\n|rule|Sleep Clause Mod: Limit one foe put to sleep\n|rule|Mega Rayquaza Clause: You cannot mega evolve Rayquaza\n|clearpoke\n|poke|p1|Kangaskhan, F|\n|poke|p1|Glimmora, M|\n|poke|p1|Gholdengo|\n|poke|p1|Chansey, F|\n|poke|p1|Arceus-Fairy|\n|poke|p1|Groudon|\n|poke|p2|Zeraora|\n|poke|p2|Marshadow|\n|poke|p2|Melmetal|\n|poke|p2|Calyrex-Ice|\n|poke|p2|Garchomp, M|\n|poke|p2|Zygarde|\n|teampreview\n|inactive|Battle timer is ON: inactive players will automatically lose when time's up. (requested by qqqwsx)\n|\n|t:|1698712437\n|start\n|switch|p1a: Gholdengo|Gholdengo|100\/100\n|switch|p2a: Calyrex|Calyrex-Ice|100\/100\n|-ability|p2a: Calyrex|As One\n|-ability|p2a: Calyrex|Unnerve\n|turn|1\n|\n|t:|1698712447\n|move|p1a: Gholdengo|Shadow Ball|p2a: Calyrex\n|-supereffective|p2a: Calyrex\n|-damage|p2a: Calyrex|56\/100\n|-enditem|p2a: Calyrex|Weakness Policy\n|-boost|p2a: Calyrex|atk|2|[from] item: Weakness Policy\n|-boost|p2a: Calyrex|spa|2|[from] item: Weakness Policy\n|move|p2a: Calyrex|Trick Room|p2a: Calyrex\n|-fieldstart|move: Trick Room|[of] p2a: Calyrex\n|\n|upkeep\n|turn|2\n|\n|t:|1698712457\n|move|p2a: Calyrex|Crunch|p1a: Gholdengo\n|-supereffective|p1a: Gholdengo\n|-damage|p1a: Gholdengo|0 fnt\n|faint|p1a: Gholdengo\n|-ability|p2a: Calyrex|Chilling Neigh|boost\n|-boost|p2a: Calyrex|atk|1\n|\n|upkeep\n|\n|t:|1698712471\n|switch|p1a: Glimmora|Glimmora, M|100\/100\n|turn|3\n|\n|t:|1698712479\n|move|p2a: Calyrex|Stomping Tantrum|p1a: Glimmora\n|-supereffective|p1a: Glimmora\n|-enditem|p1a: Glimmora|Focus Sash\n|-damage|p1a: Glimmora|1\/100\n|-activate|p1a: Glimmora|ability: Toxic Debris\n|-sidestart|p2: qqqwsx|move: Toxic Spikes\n|move|p1a: Glimmora|Earth Power|p2a: Calyrex\n|-damage|p2a: Calyrex|33\/100\n|\n|upkeep\n|turn|4\n|\n|t:|1698712493\n|move|p2a: Calyrex|Stomping Tantrum|p1a: Glimmora\n|-supereffective|p1a: Glimmora\n|-damage|p1a: Glimmora|0 fnt\n|-activate|p1a: Glimmora|ability: Toxic Debris\n|-sidestart|p2: qqqwsx|move: Toxic Spikes\n|faint|p1a: Glimmora\n|-ability|p2a: Calyrex|Chilling Neigh|boost\n|-boost|p2a: Calyrex|atk|1\n|\n|upkeep\n|\n|t:|1698712495\n|switch|p1a: Kangaskhan|Kangaskhan, F|100\/100\n|turn|5\n|\n|t:|1698712501\n|detailschange|p1a: Kangaskhan|Kangaskhan-Mega, F\n|-mega|p1a: Kangaskhan|Kangaskhan|Kangaskhanite\n|move|p1a: Kangaskhan|Fake Out|p2a: Calyrex\n|-damage|p2a: Calyrex|21\/100\n|-damage|p2a: Calyrex|18\/100\n|-hitcount|p2a: Calyrex|2\n|cant|p2a: Calyrex|flinch\n|\n|-fieldend|move: Trick Room\n|upkeep\n|turn|6\n|\n|t:|1698712510\n|switch|p1a: Groudon|Groudon|100\/100\n|detailschange|p1a: Groudon|Groudon-Primal\n|-primal|p1a: Groudon|Red Orb\n|-weather|DesolateLand|[from] ability: Desolate Land|[of] p1a: Groudon\n|move|p2a: Calyrex|Glacial Lance|p1a: Groudon\n|-damage|p1a: Groudon|0 fnt\n|faint|p1a: Groudon\n|-weather|none\n|-ability|p2a: Calyrex|Chilling Neigh|boost\n|-boost|p2a: Calyrex|atk|1\n|\n|upkeep\n|\n|t:|1698712527\n|switch|p1a: Kangaskhan|Kangaskhan-Mega, F|100\/100\n|turn|7\n|\n|t:|1698712529\n|move|p1a: Kangaskhan|Fake Out|p2a: Calyrex\n|-damage|p2a: Calyrex|6\/100\n|-damage|p2a: Calyrex|3\/100\n|-hitcount|p2a: Calyrex|2\n|cant|p2a: Calyrex|flinch\n|\n|upkeep\n|turn|8\n|\n|t:|1698712534\n|switch|p1a: Chansey|Chansey, F|100\/100\n|move|p2a: Calyrex|Glacial Lance|p1a: Chansey\n|-damage|p1a: Chansey|0 fnt\n|faint|p1a: Chansey\n|-ability|p2a: Calyrex|Chilling Neigh|boost\n|-boost|p2a: Calyrex|atk|1\n|\n|upkeep\n|\n|t:|1698712539\n|switch|p1a: Kangaskhan|Kangaskhan-Mega, F|100\/100\n|turn|9\n|\n|t:|1698712541\n|move|p1a: Kangaskhan|Fake Out|p2a: Calyrex\n|-damage|p2a: Calyrex|0 fnt\n|faint|p2a: Calyrex\n|-hitcount|p2: Calyrex|1\n|\n|upkeep\n|\n|t:|1698712546\n|switch|p2a: Zeraora|Zeraora|100\/100\n|-status|p2a: Zeraora|tox\n|turn|10\n|\n|t:|1698712556\n|switch|p1a: Arceus|Arceus-Fairy|100\/100\n|move|p2a: Zeraora|Bulk Up|p2a: Zeraora\n|-boost|p2a: Zeraora|atk|1\n|-boost|p2a: Zeraora|def|1\n|\n|-damage|p2a: Zeraora|95\/100 tox|[from] psn\n|upkeep\n|turn|11\n|\n|t:|1698712563\n|move|p2a: Zeraora|Plasma Fists|p1a: Arceus\n|-damage|p1a: Arceus|62\/100\n|-fieldactivate|move: Ion Deluge\n|-hint|Normal-type moves become Electric-type after using Plasma Fists.\n|move|p1a: Arceus|Earth Power|p2a: Zeraora\n|-supereffective|p2a: Zeraora\n|-damage|p2a: Zeraora|30\/100 tox\n|\n|-damage|p2a: Zeraora|18\/100 tox|[from] psn\n|upkeep\n|turn|12\n|\n|t:|1698712573\n|move|p2a: Zeraora|Endeavor|p1a: Arceus\n|-damage|p1a: Arceus|13\/100\n|move|p1a: Arceus|Recover|p1a: Arceus\n|-heal|p1a: Arceus|63\/100\n|\n|-damage|p2a: Zeraora|0 fnt|[from] psn\n|faint|p2a: Zeraora\n|upkeep\n|\n|t:|1698712580\n|switch|p2a: Melmetal|Melmetal|100\/100\n|turn|13\n|\n|t:|1698712590\n|-terastallize|p1a: Arceus|Water\n|move|p1a: Arceus|Recover|p1a: Arceus\n|-heal|p1a: Arceus|100\/100\n|move|p2a: Melmetal|Double Iron Bash|p1a: Arceus\n|-resisted|p1a: Arceus\n|-damage|p1a: Arceus|88\/100\n|-resisted|p1a: Arceus\n|-damage|p1a: Arceus|76\/100\n|-hitcount|p1a: Arceus|2\n|\n|upkeep\n|turn|14\n|\n|t:|1698712596\n|move|p1a: Arceus|Earth Power|p2a: Melmetal\n|-supereffective|p2a: Melmetal\n|-damage|p2a: Melmetal|51\/100\n|move|p2a: Melmetal|Double Iron Bash|p1a: Arceus\n|-resisted|p1a: Arceus\n|-crit|p1a: Arceus\n|-damage|p1a: Arceus|57\/100\n|-resisted|p1a: Arceus\n|-damage|p1a: Arceus|46\/100\n|-hitcount|p1a: Arceus|2\n|\n|upkeep\n|turn|15\n|\n|t:|1698712602\n|move|p1a: Arceus|Recover|p1a: Arceus\n|-heal|p1a: Arceus|96\/100\n|move|p2a: Melmetal|High Horsepower|p1a: Arceus\n|-damage|p1a: Arceus|77\/100\n|\n|upkeep\n|turn|16\n|\n|t:|1698712604\n|move|p1a: Arceus|Earth Power|p2a: Melmetal\n|-supereffective|p2a: Melmetal\n|-damage|p2a: Melmetal|0 fnt\n|faint|p2a: Melmetal\n|\n|upkeep\n|\n|t:|1698712608\n|switch|p2a: Zygarde|Zygarde|100\/100\n|-status|p2a: Zygarde|tox\n|turn|17\n|\n|t:|1698712613\n|-terastallize|p2a: Zygarde|Steel\n|move|p1a: Arceus|Judgment|p2a: Zygarde\n|-resisted|p2a: Zygarde\n|-damage|p2a: Zygarde|85\/100 tox\n|move|p2a: Zygarde|Glare|p1a: Arceus\n|-status|p1a: Arceus|par\n|\n|-heal|p2a: Zygarde|91\/100 tox|[from] item: Leftovers\n|-damage|p2a: Zygarde|85\/100 tox|[from] psn\n|upkeep\n|turn|18\n|\n|t:|1698712619\n|move|p2a: Zygarde|Substitute|p2a: Zygarde\n|-start|p2a: Zygarde|Substitute\n|-damage|p2a: Zygarde|60\/100 tox\n|move|p1a: Arceus|Earth Power|p2a: Zygarde\n|-supereffective|p2a: Zygarde\n|-end|p2a: Zygarde|Substitute\n|\n|-heal|p2a: Zygarde|66\/100 tox|[from] item: Leftovers\n|-damage|p2a: Zygarde|54\/100 tox|[from] psn\n|upkeep\n|turn|19\n|\n|t:|1698712627\n|move|p2a: Zygarde|Thousand Arrows|p1a: Arceus\n|-damage|p1a: Arceus|58\/100 par\n|move|p1a: Arceus|Earth Power|p2a: Zygarde\n|-supereffective|p2a: Zygarde\n|-damage|p2a: Zygarde|18\/100 tox\n|\n|-heal|p2a: Zygarde|24\/100 tox|[from] item: Leftovers\n|-damage|p2a: Zygarde|6\/100 tox|[from] psn\n|-activate|p2a: Zygarde|ability: Power Construct\n|detailschange|p2a: Zygarde|Zygarde-Complete, tera:Steel\n|-heal|p2a: Zygarde|39\/100 tox|[silent]\n|upkeep\n|turn|20\n|\n|t:|1698712639\n|move|p2a: Zygarde|Thousand Arrows|p1a: Arceus\n|-damage|p1a: Arceus|40\/100 par\n|move|p1a: Arceus|Recover|p1a: Arceus\n|-heal|p1a: Arceus|91\/100 par\n|\n|-heal|p2a: Zygarde|45\/100 tox|[from] item: Leftovers\n|-damage|p2a: Zygarde|20\/100 tox|[from] psn\n|upkeep\n|turn|21\n|\n|t:|1698712649\n|move|p2a: Zygarde|Thousand Arrows|p1a: Arceus\n|-damage|p1a: Arceus|72\/100 par\n|move|p1a: Arceus|Earth Power|p2a: Zygarde\n|-supereffective|p2a: Zygarde\n|-damage|p2a: Zygarde|0 fnt\n|faint|p2a: Zygarde\n|\n|upkeep\n|\n|t:|1698712655\n|switch|p2a: Garchomp|Garchomp, M|100\/100\n|-status|p2a: Garchomp|tox\n|turn|22\n|\n|t:|1698712658\n|move|p2a: Garchomp|Swords Dance|p2a: Garchomp\n|-boost|p2a: Garchomp|atk|2\n|cant|p1a: Arceus|par\n|\n|-damage|p2a: Garchomp|94\/100 tox|[from] psn\n|upkeep\n|turn|23\n|\n|t:|1698712662\n|detailschange|p2a: Garchomp|Garchomp-Mega, M\n|-mega|p2a: Garchomp|Garchomp|Garchompite\n|move|p2a: Garchomp|Iron Head|p1a: Arceus\n|-resisted|p1a: Arceus\n|-damage|p1a: Arceus|53\/100 par\n|move|p1a: Arceus|Judgment|p2a: Garchomp\n|-supereffective|p2a: Garchomp\n|-damage|p2a: Garchomp|0 fnt\n|faint|p2a: Garchomp\n|\n|upkeep\n|-message|qqqwsx forfeited.\n|\n|win|stinkystinky123\n|raw|stinkystinky123's rating: 1205 &rarr; <strong>1235<\/strong><br \/>(+30 for winning)\n|raw|qqqwsx's rating: 1273 &rarr; <strong>1243<\/strong><br \/>(-30 for losing)\n|l|\u2606qqqwsx\n","uploadtime":1698712676,"views":10,"p1id":"stinkystinky123","p2id":"qqqwsx","formatid":"gen9nationaldexubers","rating":1235,"private":0,"password":""}