{"id":"gen9nationaldexubers-1994782927","p1":"Justznic","p2":"grass knot zygarde","format":"[Gen 9] National Dex Ubers","log":"|j|\u2606Justznic\n|j|\u2606grass knot zygarde\n|t:|1700492310\n|gametype|singles\n|player|p1|Justznic|1|1484\n|player|p2|grass knot zygarde|harlequin|1605\n|teamsize|p1|6\n|teamsize|p2|6\n|gen|9\n|tier|[Gen 9] National Dex Ubers\n|rated|\n|rule|HP Percentage Mod: HP is shown in percentages\n|rule|Endless Battle Clause: Forcing endless battles is banned\n|rule|OHKO Clause: OHKO moves are banned\n|rule|Evasion Moves Clause: Evasion moves are banned\n|rule|Evasion Items Clause: Evasion items are banned\n|rule|Species Clause: Limit one of each Pok\u00e9mon\n|rule|Sleep Clause Mod: Limit one foe put to sleep\n|rule|Mega Rayquaza Clause: You cannot mega evolve Rayquaza\n|clearpoke\n|poke|p1|Mewtwo|\n|poke|p1|Ditto|\n|poke|p1|Klefki, M|\n|poke|p1|Orthworm, M|\n|poke|p1|Kyurem-Black|\n|poke|p1|Mew|\n|poke|p2|Ho-Oh|\n|poke|p2|Tyranitar, F|\n|poke|p2|Chansey, F|\n|poke|p2|Mewtwo|\n|poke|p2|Dondozo, F|\n|poke|p2|Giratina|\n|teampreview\n|inactive|Battle timer is ON: inactive players will automatically lose when time's up. (requested by grass knot zygarde)\n|inactive|Justznic also wants the timer to be on.\n|\n|t:|1700492336\n|start\n|switch|p1a: Kyurem|Kyurem-Black|100\/100\n|switch|p2a: Scoliosaurus|Tyranitar, F, shiny|100\/100\n|-ability|p1a: Kyurem|Teravolt\n|-weather|Sandstorm|[from] ability: Sand Stream|[of] p2a: Scoliosaurus\n|turn|1\n|j| ss_wobblewok\n|\n|t:|1700492342\n|switch|p1a: Klefki|Klefki, M|100\/100\n|detailschange|p2a: Scoliosaurus|Tyranitar-Mega, F, shiny\n|-mega|p2a: Scoliosaurus|Tyranitar|Tyranitarite\n|move|p2a: Scoliosaurus|Knock Off|p1a: Klefki\n|-resisted|p1a: Klefki\n|-damage|p1a: Klefki|72\/100\n|-enditem|p1a: Klefki|Toxic Orb|[from] move: Knock Off|[of] p2a: Scoliosaurus\n|\n|-weather|Sandstorm|[upkeep]\n|upkeep\n|turn|2\n|\n|t:|1700492349\n|move|p1a: Klefki|Reflect|p1a: Klefki\n|-sidestart|p1: Justznic|Reflect\n|move|p2a: Scoliosaurus|Stealth Rock|p1a: Klefki\n|-sidestart|p1: Justznic|move: Stealth Rock\n|\n|-weather|Sandstorm|[upkeep]\n|upkeep\n|turn|3\n|\n|t:|1700492363\n|switch|p1a: Orthworm|Orthworm, M|100\/100\n|-damage|p1a: Orthworm|94\/100|[from] Stealth Rock\n|switch|p2a: Danced in Fiya|Ho-Oh, shiny|100\/100\n|\n|-weather|Sandstorm|[upkeep]\n|-damage|p2a: Danced in Fiya|94\/100|[from] Sandstorm\n|upkeep\n|turn|4\n|\n|t:|1700492368\n|move|p2a: Danced in Fiya|Sacred Fire|p1a: Orthworm|[miss]\n|-miss|p2a: Danced in Fiya|p1a: Orthworm\n|move|p1a: Orthworm|Stealth Rock|p2a: Danced in Fiya\n|-sidestart|p2: grass knot zygarde|move: Stealth Rock\n|\n|-weather|Sandstorm|[upkeep]\n|-damage|p2a: Danced in Fiya|88\/100|[from] Sandstorm\n|upkeep\n|turn|5\n|c|\u2606grass knot zygarde|!dt sacred fire\n|raw|<ul class=\"utilichart\"><li class=\"result\"><span class=\"col movenamecol\"><a href=\"https:\/\/dex.pokemonshowdown.com\/moves\/sacredfire\">Sacred Fire<\/a><\/span> <span class=\"col typecol\"><img src=\"\/\/play.pokemonshowdown.com\/sprites\/types\/Fire.png\" alt=\"Fire\" width=\"32\" height=\"14\"><img src=\"\/\/play.pokemonshowdown.com\/sprites\/categories\/Physical.png\" alt=\"Physical\" width=\"32\" height=\"14\"><\/span> <span class=\"col labelcol\"><em>Power<\/em><br>100<\/span> <span class=\"col widelabelcol\"><em>Accuracy<\/em><br>95%<\/span> <span class=\"col pplabelcol\"><em>PP<\/em><br>8<\/span> <span class=\"col movedesccol\">50% chance to burn the target. Thaws user.<\/span> <\/li><li style=\"clear:both\"><\/li><\/ul>\n|raw|<font size=\"1\"><font color=\"#686868\">Priority:<\/font> 0&nbsp;|&ThickSpace;<font color=\"#686868\">Gen:<\/font> 2&nbsp;|&ThickSpace;&#10007; Past Gens Only&nbsp;|&ThickSpace;&#10003; Boosted by Sheer Force&nbsp;|&ThickSpace;&#10003; Thaws user&nbsp;|&ThickSpace;<font color=\"#686868\">Z-Power:<\/font> 180&nbsp;|&ThickSpace;<font color=\"#686868\">Dynamax Power:<\/font> 130&nbsp;|&ThickSpace;<font color=\"#686868\">Target:<\/font> One Adjacent Pok\u00e9mon<\/font>\n\n|c| ss_wobblewok|LOL\n|\n|t:|1700492380\n|move|p2a: Danced in Fiya|Sacred Fire|p1a: Orthworm\n|-supereffective|p1a: Orthworm\n|-damage|p1a: Orthworm|74\/100\n|-status|p1a: Orthworm|brn\n|move|p1a: Orthworm|Shed Tail|p1a: Orthworm\n|-start|p1a: Orthworm|Substitute|[from] move: Shed Tail\n|-damage|p1a: Orthworm|24\/100 brn\n|-enditem|p1a: Orthworm|Sitrus Berry|[eat]\n|-heal|p1a: Orthworm|49\/100 brn|[from] item: Sitrus Berry\n|\n|t:|1700492383\n|switch|p1a: Mewtwo|Mewtwo|100\/100|[from] Shed Tail\n|-damage|p1a: Mewtwo|88\/100|[from] Stealth Rock\n|-ability|p1a: Mewtwo|Pressure\n|\n|-weather|none\n|upkeep\n|turn|6\n|\n|t:|1700492389\n|detailschange|p1a: Mewtwo|Mewtwo-Mega-X\n|-mega|p1a: Mewtwo|Mewtwo|Mewtwonite X\n|move|p1a: Mewtwo|Stone Edge|p2a: Danced in Fiya|[miss]\n|-miss|p1a: Mewtwo|p2a: Danced in Fiya\n|move|p2a: Danced in Fiya|Whirlwind|p1a: Mewtwo\n|drag|p1a: Mew|Mew|100\/100\n|-damage|p1a: Mew|88\/100|[from] Stealth Rock\n|\n|-sideend|p1: Justznic|Reflect\n|upkeep\n|turn|7\n|c|\u2606grass knot zygarde|deserved.\n|\n|t:|1700492402\n|move|p1a: Mew|Imprison|p1a: Mew\n|-start|p1a: Mew|move: Imprison\n|move|p2a: Danced in Fiya|Sacred Fire|p1a: Mew\n|-damage|p1a: Mew|60\/100\n|\n|upkeep\n|turn|8\n|\n|t:|1700492411\n|move|p1a: Mew|Transform|p2a: Danced in Fiya\n|-transform|p1a: Mew|p2a: Danced in Fiya\n|cant|p2a: Danced in Fiya|move: Imprison|Toxic\n|\n|upkeep\n|turn|9\n|c| ss_wobblewok|LOL\n|c| ss_wobblewok|Thats a fire idea\n|\n|t:|1700492430\n|switch|p2a: Hole in the Earth|Giratina, shiny|100\/100\n|-damage|p2a: Hole in the Earth|88\/100|[from] Stealth Rock\n|-ability|p2a: Hole in the Earth|Pressure\n|move|p1a: Mew|Toxic|p2a: Hole in the Earth\n|-status|p2a: Hole in the Earth|tox\n|\n|-heal|p2a: Hole in the Earth|94\/100 tox|[from] item: Leftovers\n|-damage|p2a: Hole in the Earth|88\/100 tox|[from] psn\n|upkeep\n|turn|10\n|\n|t:|1700492436\n|switch|p1a: Orthworm|Orthworm, M|49\/100 brn\n|-damage|p1a: Orthworm|43\/100 brn|[from] Stealth Rock\n|move|p2a: Hole in the Earth|Dragon Tail|p1a: Orthworm\n|-resisted|p1a: Orthworm\n|-damage|p1a: Orthworm|38\/100 brn\n|drag|p1a: Kyurem|Kyurem-Black|100\/100\n|-damage|p1a: Kyurem|76\/100|[from] Stealth Rock\n|-ability|p1a: Kyurem|Teravolt\n|\n|-heal|p2a: Hole in the Earth|94\/100 tox|[from] item: Leftovers\n|-damage|p2a: Hole in the Earth|82\/100 tox|[from] psn\n|upkeep\n|turn|11\n|\n|t:|1700492444\n|switch|p2a: idk who this is|Dondozo, F, shiny|100\/100\n|-damage|p2a: idk who this is|88\/100|[from] Stealth Rock\n|move|p1a: Kyurem|Icicle Spear|p2a: idk who this is\n|-resisted|p2a: idk who this is\n|-damage|p2a: idk who this is|84\/100\n|-resisted|p2a: idk who this is\n|-damage|p2a: idk who this is|81\/100\n|-resisted|p2a: idk who this is\n|-damage|p2a: idk who this is|78\/100\n|-resisted|p2a: idk who this is\n|-damage|p2a: idk who this is|74\/100\n|-resisted|p2a: idk who this is\n|-damage|p2a: idk who this is|70\/100\n|-hitcount|p2a: idk who this is|5\n|\n|-heal|p2a: idk who this is|76\/100|[from] item: Leftovers\n|upkeep\n|turn|12\n|\n|t:|1700492450\n|switch|p1a: Klefki|Klefki, M|72\/100\n|-damage|p1a: Klefki|66\/100|[from] Stealth Rock\n|move|p2a: idk who this is|Curse|p2a: idk who this is\n|-unboost|p2a: idk who this is|spe|1\n|-boost|p2a: idk who this is|atk|1\n|-boost|p2a: idk who this is|def|1\n|\n|-heal|p2a: idk who this is|83\/100|[from] item: Leftovers\n|upkeep\n|turn|13\n|\n|t:|1700492454\n|switch|p2a: Torture|Chansey, F, shiny|100\/100\n|-damage|p2a: Torture|88\/100|[from] Stealth Rock\n|move|p1a: Klefki|Reflect|p1a: Klefki\n|-sidestart|p1: Justznic|Reflect\n|\n|upkeep\n|turn|14\n|\n|t:|1700492460\n|move|p1a: Klefki|Switcheroo|p2a: Torture\n|-activate|p1a: Klefki|move: Trick|[of] p2a: Torture\n|-enditem|p2a: Torture|Eviolite|[silent]|[from] move: Switcheroo\n|-item|p1a: Klefki|Eviolite|[from] move: Switcheroo\n|move|p2a: Torture|Heal Bell|p2a: Torture\n|-activate|p2a: Torture|move: Heal Bell\n|-curestatus|p2: Hole in the Earth|tox|[msg]\n|\n|upkeep\n|turn|15\n|\n|t:|1700492469\n|switch|p1a: Mewtwo|Mewtwo-Mega-X|88\/100\n|-damage|p1a: Mewtwo|82\/100|[from] Stealth Rock\n|move|p2a: Torture|Seismic Toss|p1a: Mewtwo\n|-damage|p1a: Mewtwo|53\/100\n|\n|upkeep\n|turn|16\n|\n|t:|1700492482\n|switch|p2a: Hole in the Earth|Giratina, shiny|82\/100\n|-damage|p2a: Hole in the Earth|69\/100|[from] Stealth Rock\n|-ability|p2a: Hole in the Earth|Pressure\n|move|p1a: Mewtwo|Drain Punch|p2a: Hole in the Earth\n|-immune|p2a: Hole in the Earth\n|\n|-heal|p2a: Hole in the Earth|75\/100|[from] item: Leftovers\n|upkeep\n|turn|17\n|\n|t:|1700492487\n|move|p1a: Mewtwo|Bulk Up|p1a: Mewtwo\n|-boost|p1a: Mewtwo|atk|1\n|-boost|p1a: Mewtwo|def|1\n|move|p2a: Hole in the Earth|Toxic|p1a: Mewtwo|[miss]\n|-miss|p2a: Hole in the Earth|p1a: Mewtwo\n|\n|-heal|p2a: Hole in the Earth|82\/100|[from] item: Leftovers\n|-sideend|p1: Justznic|Reflect\n|upkeep\n|turn|18\n|\n|t:|1700492491\n|move|p1a: Mewtwo|Zen Headbutt|p2a: Hole in the Earth\n|-damage|p2a: Hole in the Earth|44\/100\n|move|p2a: Hole in the Earth|Dragon Tail|p1a: Mewtwo\n|-damage|p1a: Mewtwo|40\/100\n|drag|p1a: Mew|Mew|93\/100\n|-damage|p1a: Mew|81\/100|[from] Stealth Rock\n|\n|-heal|p2a: Hole in the Earth|50\/100|[from] item: Leftovers\n|upkeep\n|turn|19\n|\n|t:|1700492501\n|move|p1a: Mew|Foul Play|p2a: Hole in the Earth\n|-supereffective|p2a: Hole in the Earth\n|-damage|p2a: Hole in the Earth|31\/100\n|move|p2a: Hole in the Earth|Toxic|p1a: Mew\n|-status|p1a: Mew|tox\n|-activate|p1a: Mew|ability: Synchronize\n|-status|p2a: Hole in the Earth|tox\n|\n|-heal|p2a: Hole in the Earth|37\/100 tox|[from] item: Leftovers\n|-damage|p1a: Mew|75\/100 tox|[from] psn\n|-damage|p2a: Hole in the Earth|31\/100 tox|[from] psn\n|upkeep\n|turn|20\n|\n|t:|1700492506\n|switch|p1a: Klefki|Klefki, M|66\/100\n|-damage|p1a: Klefki|60\/100|[from] Stealth Rock\n|move|p2a: Hole in the Earth|Rest|p2a: Hole in the Earth\n|-status|p2a: Hole in the Earth|slp|[from] move: Rest\n|-heal|p2a: Hole in the Earth|100\/100 slp|[silent]\n|\n|upkeep\n|turn|21\n|\n|t:|1700492510\n|switch|p2a: Torture|Chansey, F, shiny|88\/100\n|-damage|p2a: Torture|76\/100|[from] Stealth Rock\n|move|p1a: Klefki|Reflect|p1a: Klefki\n|-sidestart|p1: Justznic|Reflect\n|\n|upkeep\n|turn|22\n|\n|t:|1700492514\n|move|p1a: Klefki|Spikes|p2a: Torture\n|-sidestart|p2: grass knot zygarde|Spikes\n|move|p2a: Torture|Heal Bell|p2a: Torture\n|-activate|p2a: Torture|move: Heal Bell\n|-curestatus|p2: Hole in the Earth|slp|[msg]\n|\n|upkeep\n|turn|23\n|\n|t:|1700492519\n|move|p1a: Klefki|Spikes|p2a: Torture\n|-sidestart|p2: grass knot zygarde|Spikes\n|move|p2a: Torture|Seismic Toss|p1a: Klefki\n|-damage|p1a: Klefki|21\/100\n|\n|upkeep\n|turn|24\n|\n|t:|1700492525\n|move|p1a: Klefki|Spikes|p2a: Torture\n|-sidestart|p2: grass knot zygarde|Spikes\n|move|p2a: Torture|Seismic Toss|p1a: Klefki\n|-damage|p1a: Klefki|0 fnt\n|faint|p1a: Klefki\n|\n|upkeep\n|\n|t:|1700492530\n|switch|p1a: Mew|Mew|75\/100 tox\n|-damage|p1a: Mew|62\/100 tox|[from] Stealth Rock\n|turn|25\n|\n|t:|1700492537\n|move|p1a: Mew|Block|p2a: Torture\n|-activate|p2a: Torture|trapped\n|move|p2a: Torture|Seismic Toss|p1a: Mew\n|-damage|p1a: Mew|37\/100 tox\n|\n|-damage|p1a: Mew|31\/100 tox|[from] psn\n|-sideend|p1: Justznic|Reflect\n|upkeep\n|turn|26\n|inactive|Justznic has 120 seconds left.\n|\n|t:|1700492569\n|-zpower|p1a: Mew\n|move|p1a: Mew|Z-Transform|p2a: Torture|[anim]Transform\n|-heal|p1a: Mew|100\/100 tox|[zeffect]\n|-transform|p1a: Mew|p2a: Torture\n|move|p2a: Torture|Seismic Toss|p1a: Mew\n|-damage|p1a: Mew|76\/100 tox\n|\n|-damage|p1a: Mew|63\/100 tox|[from] psn\n|upkeep\n|turn|27\n|l| ss_wobblewok\n|\n|t:|1700492581\n|move|p1a: Mew|Heal Bell|p1a: Mew\n|-activate|p1a: Mew|move: Heal Bell\n|-curestatus|p1a: Mew|tox|[msg]\n|-curestatus|p1: Orthworm|brn|[msg]\n|move|p2a: Torture|Confide|p1a: Mew\n|-unboost|p1a: Mew|spa|1\n|\n|upkeep\n|turn|28\n|inactive|Justznic has 120 seconds left.\n|\n|t:|1700492598\n|-terastallize|p2a: Torture|Ghost\n|move|p1a: Mew|Soft-Boiled|p1a: Mew\n|-heal|p1a: Mew|100\/100\n|move|p2a: Torture|Seismic Toss|p1a: Mew\n|-damage|p1a: Mew|76\/100\n|\n|upkeep\n|turn|29\n|inactive|Justznic has 120 seconds left.\n|\n|t:|1700492610\n|switch|p2a: Hole in the Earth|Giratina, shiny|100\/100\n|-damage|p2a: Hole in the Earth|88\/100|[from] Stealth Rock\n|-damage|p2a: Hole in the Earth|63\/100|[from] Spikes\n|-ability|p2a: Hole in the Earth|Pressure\n|switch|p1a: Orthworm|Orthworm, M|38\/100\n|-damage|p1a: Orthworm|32\/100|[from] Stealth Rock\n|\n|-heal|p2a: Hole in the Earth|69\/100|[from] item: Leftovers\n|upkeep\n|turn|30\n|\n|t:|1700492619\n|move|p2a: Hole in the Earth|Defog|p1a: Orthworm\n|-unboost|p1a: Orthworm|evasion|1\n|-sideend|p1: Justznic|Stealth Rock|[from] move: Defog|[of] p2a: Hole in the Earth\n|-sideend|p2: grass knot zygarde|Spikes|[from] move: Defog|[of] p2a: Hole in the Earth\n|-sideend|p2: grass knot zygarde|Stealth Rock|[from] move: Defog|[of] p2a: Hole in the Earth\n|move|p1a: Orthworm|Iron Defense|p1a: Orthworm\n|-boost|p1a: Orthworm|def|2\n|\n|-heal|p2a: Hole in the Earth|75\/100|[from] item: Leftovers\n|upkeep\n|turn|31\n|\n|t:|1700492625\n|move|p1a: Orthworm|Stealth Rock|p2a: Hole in the Earth\n|-sidestart|p2: grass knot zygarde|move: Stealth Rock\n|move|p2a: Hole in the Earth|Dragon Tail|p1a: Orthworm\n|-resisted|p1a: Orthworm\n|-damage|p1a: Orthworm|29\/100\n|drag|p1a: Mewtwo|Mewtwo-Mega-X|40\/100\n|\n|-heal|p2a: Hole in the Earth|81\/100|[from] item: Leftovers\n|upkeep\n|turn|32\n|\n|t:|1700492639\n|move|p1a: Mewtwo|Bulk Up|p1a: Mewtwo\n|-boost|p1a: Mewtwo|atk|1\n|-boost|p1a: Mewtwo|def|1\n|move|p2a: Hole in the Earth|Dragon Tail|p1a: Mewtwo\n|-damage|p1a: Mewtwo|27\/100\n|drag|p1a: Orthworm|Orthworm, M|29\/100\n|\n|-heal|p2a: Hole in the Earth|88\/100|[from] item: Leftovers\n|upkeep\n|turn|33\n|\n|t:|1700492647\n|move|p2a: Hole in the Earth|Defog|p1a: Orthworm\n|-unboost|p1a: Orthworm|evasion|1\n|-sideend|p2: grass knot zygarde|Stealth Rock|[from] move: Defog|[of] p2a: Hole in the Earth\n|move|p1a: Orthworm|Iron Defense|p1a: Orthworm\n|-boost|p1a: Orthworm|def|2\n|\n|-heal|p2a: Hole in the Earth|94\/100|[from] item: Leftovers\n|upkeep\n|turn|34\n|\n|t:|1700492653\n|switch|p2a: Prosthetic Legs|Mewtwo, shiny|100\/100\n|-ability|p2a: Prosthetic Legs|Pressure\n|move|p1a: Orthworm|Stealth Rock|p2a: Prosthetic Legs\n|-sidestart|p2: grass knot zygarde|move: Stealth Rock\n|\n|upkeep\n|turn|35\n|\n|t:|1700492659\n|switch|p1a: Mewtwo|Mewtwo-Mega-X|27\/100\n|move|p2a: Prosthetic Legs|Will-O-Wisp|p1a: Mewtwo|[miss]\n|-miss|p2a: Prosthetic Legs|p1a: Mewtwo\n|\n|upkeep\n|turn|36\n|\n|t:|1700492673\n|move|p1a: Mewtwo|Stone Edge|p2a: Prosthetic Legs\n|-damage|p2a: Prosthetic Legs|60\/100\n|move|p2a: Prosthetic Legs|Will-O-Wisp|p1a: Mewtwo\n|-status|p1a: Mewtwo|brn\n|\n|-damage|p1a: Mewtwo|20\/100 brn|[from] brn\n|upkeep\n|turn|37\n|\n|t:|1700492678\n|move|p2a: Prosthetic Legs|Recover|p2a: Prosthetic Legs\n|-heal|p2a: Prosthetic Legs|100\/100\n|move|p1a: Mewtwo|Drain Punch|p2a: Prosthetic Legs\n|-resisted|p2a: Prosthetic Legs\n|-damage|p2a: Prosthetic Legs|88\/100\n|-heal|p1a: Mewtwo|28\/100 brn|[from] drain|[of] p2a: Prosthetic Legs\n|-damage|p1a: Mewtwo|11\/100 brn|[from] item: Rocky Helmet|[of] p2a: Prosthetic Legs\n|\n|-damage|p1a: Mewtwo|5\/100 brn|[from] brn\n|upkeep\n|turn|38\n|\n|t:|1700492684\n|move|p1a: Mewtwo|Zen Headbutt|p2a: Prosthetic Legs\n|-resisted|p2a: Prosthetic Legs\n|-damage|p2a: Prosthetic Legs|75\/100\n|-damage|p1a: Mewtwo|0 fnt|[from] item: Rocky Helmet|[of] p2a: Prosthetic Legs\n|faint|p1a: Mewtwo\n|move|p2a: Prosthetic Legs|Psystrike|p1: Mewtwo|[notarget]\n|-fail|p2a: Prosthetic Legs\n|\n|upkeep\n|\n|t:|1700492687\n|switch|p1a: Kyurem|Kyurem-Black|76\/100\n|-ability|p1a: Kyurem|Teravolt\n|turn|39\n|\n|t:|1700492696\n|-terastallize|p1a: Kyurem|Fire\n|move|p2a: Prosthetic Legs|Will-O-Wisp|p1a: Kyurem\n|-immune|p1a: Kyurem\n|move|p1a: Kyurem|Dragon Dance|p1a: Kyurem\n|-boost|p1a: Kyurem|atk|1\n|-boost|p1a: Kyurem|spe|1\n|\n|upkeep\n|turn|40\n|\n|t:|1700492700\n|move|p1a: Kyurem|Icicle Spear|p2a: Prosthetic Legs\n|-damage|p2a: Prosthetic Legs|54\/100\n|-damage|p2a: Prosthetic Legs|31\/100\n|-damage|p2a: Prosthetic Legs|9\/100\n|-damage|p2a: Prosthetic Legs|0 fnt\n|faint|p2a: Prosthetic Legs\n|-hitcount|p2: Prosthetic Legs|4\n|\n|upkeep\n|\n|t:|1700492703\n|switch|p2a: idk who this is|Dondozo, F, shiny|83\/100\n|-damage|p2a: idk who this is|70\/100|[from] Stealth Rock\n|turn|41\n|\n|t:|1700492706\n|move|p1a: Kyurem|Fusion Bolt|p2a: idk who this is\n|-supereffective|p2a: idk who this is\n|-damage|p2a: idk who this is|14\/100\n|move|p2a: idk who this is|Waterfall|p1a: Kyurem\n|-supereffective|p1a: Kyurem\n|-damage|p1a: Kyurem|25\/100\n|\n|-heal|p2a: idk who this is|20\/100|[from] item: Leftovers\n|upkeep\n|turn|42\n|\n|t:|1700492720\n|move|p1a: Kyurem|Fusion Bolt|p2a: idk who this is\n|-supereffective|p2a: idk who this is\n|-damage|p2a: idk who this is|0 fnt\n|faint|p2a: idk who this is\n|\n|upkeep\n|\n|t:|1700492724\n|switch|p2a: Scoliosaurus|Tyranitar-Mega, F, shiny|100\/100\n|-damage|p2a: Scoliosaurus|88\/100|[from] Stealth Rock\n|-weather|Sandstorm|[from] ability: Sand Stream|[of] p2a: Scoliosaurus\n|turn|43\n|j| ss_wobblewok\n|\n|t:|1700492726\n|switch|p1a: Orthworm|Orthworm, M|29\/100\n|move|p2a: Scoliosaurus|Knock Off|p1a: Orthworm\n|-crit|p1a: Orthworm\n|-damage|p1a: Orthworm|3\/100\n|\n|-weather|Sandstorm|[upkeep]\n|upkeep\n|turn|44\n|\n|t:|1700492731\n|move|p2a: Scoliosaurus|Knock Off|p1a: Orthworm\n|-damage|p1a: Orthworm|0 fnt\n|faint|p1a: Orthworm\n|\n|-weather|Sandstorm|[upkeep]\n|upkeep\n|\n|t:|1700492740\n|switch|p1a: Ditto|Ditto|100\/100\n|-transform|p1a: Ditto|p2a: Scoliosaurus|[from] ability: Imposter\n|turn|45\n|\n|t:|1700492747\n|move|p2a: Scoliosaurus|Stealth Rock|p1a: Ditto\n|-sidestart|p1: Justznic|move: Stealth Rock\n|move|p1a: Ditto|Toxic|p2a: Scoliosaurus\n|-status|p2a: Scoliosaurus|tox\n|\n|-weather|Sandstorm|[upkeep]\n|-damage|p2a: Scoliosaurus|82\/100 tox|[from] psn\n|upkeep\n|turn|46\n|c| ss_wobblewok|anotha dime a dozen ditto crutching loser\n|\n|t:|1700492755\n|move|p2a: Scoliosaurus|Toxic|p1a: Ditto\n|-status|p1a: Ditto|tox\n|move|p1a: Ditto|Knock Off|p2a: Scoliosaurus\n|-resisted|p2a: Scoliosaurus\n|-damage|p2a: Scoliosaurus|72\/100 tox\n|\n|-weather|Sandstorm|[upkeep]\n|-damage|p2a: Scoliosaurus|60\/100 tox|[from] psn\n|-damage|p1a: Ditto|94\/100 tox|[from] psn\n|upkeep\n|turn|47\n|\n|t:|1700492759\n|switch|p2a: Torture|Chansey, F, shiny, tera:Ghost|76\/100\n|-damage|p2a: Torture|63\/100|[from] Stealth Rock\n|move|p1a: Ditto|Rest|p1a: Ditto\n|-status|p1a: Ditto|slp|[from] move: Rest\n|-heal|p1a: Ditto|100\/100 slp|[silent]\n|\n|-weather|none\n|upkeep\n|turn|48\n|c|\u2606grass knot zygarde|fucking shit man\n|\n|t:|1700492771\n|switch|p1a: Kyurem|Kyurem-Black, tera:Fire|25\/100\n|-damage|p1a: Kyurem|0 fnt|[from] Stealth Rock\n|faint|p1a: Kyurem\n|move|p2a: Torture|Heal Bell|p2a: Torture\n|-activate|p2a: Torture|move: Heal Bell\n|-curestatus|p2: Scoliosaurus|tox|[msg]\n|\n|upkeep\n|\n|t:|1700492781\n|switch|p1a: Mew|Mew|76\/100\n|-damage|p1a: Mew|63\/100|[from] Stealth Rock\n|turn|49\n|\n|t:|1700492785\n|move|p1a: Mew|Imprison|p1a: Mew\n|-start|p1a: Mew|move: Imprison\n|move|p2a: Torture|Soft-Boiled|p2a: Torture\n|-heal|p2a: Torture|100\/100\n|\n|upkeep\n|turn|50\n|c|\u2606Justznic|Ur lucky i missed stone edge early\n|c|\u2606Justznic|otherwise your shit team would have lost\n|c| ss_wobblewok|he missed a sacred fire tho\n|c|\u2606grass knot zygarde|???\n|inactive|Justznic has 120 seconds left.\n|\n|t:|1700492818\n|switch|p2a: Hole in the Earth|Giratina, shiny|94\/100\n|-damage|p2a: Hole in the Earth|81\/100|[from] Stealth Rock\n|-ability|p2a: Hole in the Earth|Pressure\n|move|p1a: Mew|Foul Play|p2a: Hole in the Earth\n|-supereffective|p2a: Hole in the Earth\n|-damage|p2a: Hole in the Earth|61\/100\n|\n|-heal|p2a: Hole in the Earth|68\/100|[from] item: Leftovers\n|upkeep\n|turn|51\n|c|\u2606grass knot zygarde|i have 3 other mons alive\n|c|\u2606grass knot zygarde|without ho-oh\n|\n|t:|1700492834\n|move|p1a: Mew|Transform|p2a: Hole in the Earth\n|-transform|p1a: Mew|p2a: Hole in the Earth\n|-ability|p1a: Mew|Pressure\n|cant|p2a: Hole in the Earth|move: Imprison|Dragon Tail\n|\n|-heal|p2a: Hole in the Earth|74\/100|[from] item: Leftovers\n|upkeep\n|turn|52\n|\n|t:|1700492844\n|switch|p2a: Scoliosaurus|Tyranitar-Mega, F, shiny|60\/100\n|-damage|p2a: Scoliosaurus|48\/100|[from] Stealth Rock\n|-weather|Sandstorm|[from] ability: Sand Stream|[of] p2a: Scoliosaurus\n|move|p1a: Mew|Dragon Tail|p2a: Scoliosaurus\n|-damage|p2a: Scoliosaurus|36\/100\n|drag|p2a: Hole in the Earth|Giratina, shiny|74\/100\n|-damage|p2a: Hole in the Earth|61\/100|[from] Stealth Rock\n|-ability|p2a: Hole in the Earth|Pressure\n|\n|-weather|Sandstorm|[upkeep]\n|-damage|p2a: Hole in the Earth|55\/100|[from] Sandstorm\n|-damage|p1a: Mew|57\/100|[from] Sandstorm\n|-heal|p2a: Hole in the Earth|61\/100|[from] item: Leftovers\n|upkeep\n|turn|53\n|\n|t:|1700492850\n|switch|p2a: Danced in Fiya|Ho-Oh, shiny|100\/100\n|move|p1a: Mew|Dragon Tail|p2a: Danced in Fiya\n|-damage|p2a: Danced in Fiya|87\/100\n|drag|p2a: Scoliosaurus|Tyranitar-Mega, F, shiny|36\/100\n|-damage|p2a: Scoliosaurus|24\/100|[from] Stealth Rock\n|\n|-weather|Sandstorm|[upkeep]\n|-damage|p1a: Mew|51\/100|[from] Sandstorm\n|upkeep\n|turn|54\n|c|\u2606grass knot zygarde|PLEASE stop cryinh\n|\n|t:|1700492869\n|move|p2a: Scoliosaurus|Knock Off|p1a: Mew\n|-supereffective|p1a: Mew\n|-damage|p1a: Mew|12\/100\n|move|p1a: Mew|Dragon Tail|p2a: Scoliosaurus\n|-damage|p2a: Scoliosaurus|11\/100\n|drag|p2a: Torture|Chansey, F, shiny, tera:Ghost|100\/100\n|-damage|p2a: Torture|88\/100|[from] Stealth Rock\n|\n|-weather|Sandstorm|[upkeep]\n|-damage|p1a: Mew|6\/100|[from] Sandstorm\n|-damage|p2a: Torture|82\/100|[from] Sandstorm\n|upkeep\n|turn|55\n|\n|t:|1700492882\n|switch|p2a: Hole in the Earth|Giratina, shiny|61\/100\n|-damage|p2a: Hole in the Earth|49\/100|[from] Stealth Rock\n|-ability|p2a: Hole in the Earth|Pressure\n|move|p1a: Mew|Rest|p1a: Mew\n|-status|p1a: Mew|slp|[from] move: Rest\n|-heal|p1a: Mew|100\/100 slp|[silent]\n|\n|-weather|Sandstorm|[upkeep]\n|-damage|p1a: Mew|94\/100 slp|[from] Sandstorm\n|-damage|p2a: Hole in the Earth|43\/100|[from] Sandstorm\n|-heal|p2a: Hole in the Earth|49\/100|[from] item: Leftovers\n|upkeep\n|turn|56\n|\n|t:|1700492888\n|switch|p2a: Danced in Fiya|Ho-Oh, shiny|100\/100\n|cant|p1a: Mew|slp\n|\n|-weather|none\n|upkeep\n|turn|57\n|\n|t:|1700492893\n|cant|p1a: Mew|slp\n|move|p2a: Danced in Fiya|Whirlwind|p1a: Mew\n|drag|p1a: Ditto|Ditto|100\/100 slp\n|-damage|p1a: Ditto|88\/100 slp|[from] Stealth Rock\n|-transform|p1a: Ditto|p2a: Danced in Fiya|[from] ability: Imposter\n|\n|upkeep\n|turn|58\n|\n|t:|1700492899\n|cant|p1a: Ditto|slp\n|move|p2a: Danced in Fiya|Defog|p1a: Ditto\n|-unboost|p1a: Ditto|evasion|1\n|-sideend|p1: Justznic|Stealth Rock|[from] move: Defog|[of] p2a: Danced in Fiya\n|-sideend|p2: grass knot zygarde|Stealth Rock|[from] move: Defog|[of] p2a: Danced in Fiya\n|\n|upkeep\n|turn|59\n|c|\u2606Justznic|Your mother pass away thats why u barking so much\n|\n|t:|1700492913\n|switch|p2a: Scoliosaurus|Tyranitar-Mega, F, shiny|11\/100\n|-weather|Sandstorm|[from] ability: Sand Stream|[of] p2a: Scoliosaurus\n|cant|p1a: Ditto|slp\n|\n|-weather|Sandstorm|[upkeep]\n|-damage|p1a: Ditto|82\/100 slp|[from] Sandstorm\n|upkeep\n|turn|60\n|c| ss_wobblewok|that was cold...\n|\n|t:|1700492931\n|-curestatus|p1a: Ditto|slp|[msg]\n|move|p1a: Ditto|Toxic|p2a: Scoliosaurus\n|-status|p2a: Scoliosaurus|tox\n|move|p2a: Scoliosaurus|Rest|p2a: Scoliosaurus\n|-status|p2a: Scoliosaurus|slp|[from] move: Rest\n|-heal|p2a: Scoliosaurus|100\/100 slp|[silent]\n|\n|-weather|Sandstorm|[upkeep]\n|-damage|p1a: Ditto|76\/100|[from] Sandstorm\n|upkeep\n|turn|61\n|c|\u2606grass knot zygarde|why so salty man\n|c| ss_wobblewok|\ud83e\udd76\ud83e\udd76\ud83e\udd76\ud83e\udd76\n|\n|t:|1700492942\n|switch|p1a: Mew|Mew|94\/100 slp\n|cant|p2a: Scoliosaurus|slp\n|\n|-weather|Sandstorm|[upkeep]\n|-damage|p1a: Mew|88\/100 slp|[from] Sandstorm\n|upkeep\n|turn|62\n|\n|t:|1700492951\n|-curestatus|p1a: Mew|slp|[msg]\n|move|p1a: Mew|Imprison|p1a: Mew\n|-start|p1a: Mew|move: Imprison\n|cant|p2a: Scoliosaurus|slp\n|\n|-weather|Sandstorm|[upkeep]\n|-damage|p1a: Mew|82\/100|[from] Sandstorm\n|upkeep\n|turn|63\n|\n|t:|1700492956\n|move|p1a: Mew|Block|p2a: Scoliosaurus\n|-activate|p2a: Scoliosaurus|trapped\n|-curestatus|p2a: Scoliosaurus|slp|[msg]\n|move|p2a: Scoliosaurus|Toxic|p1a: Mew\n|-status|p1a: Mew|tox\n|-activate|p1a: Mew|ability: Synchronize\n|-status|p2a: Scoliosaurus|tox\n|\n|-weather|none\n|-damage|p1a: Mew|76\/100 tox|[from] psn\n|-damage|p2a: Scoliosaurus|94\/100 tox|[from] psn\n|upkeep\n|turn|64\n|\n|t:|1700492963\n|move|p1a: Mew|Transform|p2a: Scoliosaurus\n|-transform|p1a: Mew|p2a: Scoliosaurus\n|-weather|Sandstorm|[from] ability: Sand Stream|[of] p1a: Mew\n|cant|p2a: Scoliosaurus|move: Imprison|Knock Off\n|\n|-weather|Sandstorm|[upkeep]\n|-damage|p1a: Mew|63\/100 tox|[from] psn\n|-damage|p2a: Scoliosaurus|82\/100 tox|[from] psn\n|upkeep\n|turn|65\n|\n|t:|1700492967\n|-activate|p2a: Scoliosaurus|move: Struggle\n|move|p2a: Scoliosaurus|Struggle|p1a: Mew\n|-damage|p1a: Mew|53\/100 tox\n|-damage|p2a: Scoliosaurus|57\/100 tox|[from] recoil\n|move|p1a: Mew|Rest|p1a: Mew\n|-status|p1a: Mew|slp|[from] move: Rest\n|-heal|p1a: Mew|100\/100 slp|[silent]\n|\n|-weather|Sandstorm|[upkeep]\n|-damage|p2a: Scoliosaurus|38\/100 tox|[from] psn\n|upkeep\n|turn|66\n|\n|t:|1700492971\n|cant|p1a: Mew|slp\n|-activate|p2a: Scoliosaurus|move: Struggle\n|move|p2a: Scoliosaurus|Struggle|p1a: Mew\n|-damage|p1a: Mew|90\/100 slp\n|-damage|p2a: Scoliosaurus|13\/100 tox|[from] recoil\n|\n|-weather|Sandstorm|[upkeep]\n|-damage|p2a: Scoliosaurus|0 fnt|[from] psn\n|faint|p2a: Scoliosaurus\n|upkeep\n|\n|t:|1700492984\n|switch|p2a: Hole in the Earth|Giratina, shiny|49\/100\n|-ability|p2a: Hole in the Earth|Pressure\n|turn|67\n|\n|t:|1700492989\n|cant|p1a: Mew|slp\n|move|p2a: Hole in the Earth|Dragon Tail|p1a: Mew|[miss]\n|-miss|p2a: Hole in the Earth|p1a: Mew\n|\n|-weather|Sandstorm|[upkeep]\n|-damage|p2a: Hole in the Earth|43\/100|[from] Sandstorm\n|-heal|p2a: Hole in the Earth|49\/100|[from] item: Leftovers\n|upkeep\n|turn|68\n|c| ss_wobblewok|lawl\n|\n|t:|1700493003\n|switch|p2a: Danced in Fiya|Ho-Oh, shiny|100\/100\n|-curestatus|p1a: Mew|slp|[msg]\n|move|p1a: Mew|Knock Off|p2a: Danced in Fiya\n|-damage|p2a: Danced in Fiya|67\/100\n|-enditem|p2a: Danced in Fiya|Heavy-Duty Boots|[from] move: Knock Off|[of] p1a: Mew\n|\n|-weather|none\n|upkeep\n|turn|69\n|\n|t:|1700493016\n|move|p2a: Danced in Fiya|Sacred Fire|p1a: Mew\n|-resisted|p1a: Mew\n|-damage|p1a: Mew|79\/100\n|-status|p1a: Mew|brn\n|move|p1a: Mew|Stealth Rock|p2a: Danced in Fiya\n|-sidestart|p2: grass knot zygarde|move: Stealth Rock\n|\n|-damage|p1a: Mew|73\/100 brn|[from] brn\n|upkeep\n|turn|70\n|inactive|grass knot zygarde has 120 seconds left.\n|c|\u2606grass knot zygarde|u got much luckier than me in this match and ur still finding a way to be salty somehow\n|\n|t:|1700493049\n|move|p2a: Danced in Fiya|Defog|p1a: Mew\n|-unboost|p1a: Mew|evasion|1\n|-sideend|p2: grass knot zygarde|Stealth Rock|[from] move: Defog|[of] p2a: Danced in Fiya\n|move|p1a: Mew|Toxic|p2a: Danced in Fiya\n|-status|p2a: Danced in Fiya|tox\n|\n|-damage|p2a: Danced in Fiya|61\/100 tox|[from] psn\n|-damage|p1a: Mew|67\/100 brn|[from] brn\n|upkeep\n|turn|71\n|c|\u2606grass knot zygarde|amazing dude\n|\n|t:|1700493059\n|switch|p2a: Hole in the Earth|Giratina, shiny|49\/100\n|-ability|p2a: Hole in the Earth|Pressure\n|move|p1a: Mew|Stealth Rock|p2a: Hole in the Earth\n|-sidestart|p2: grass knot zygarde|move: Stealth Rock\n|\n|-heal|p2a: Hole in the Earth|55\/100|[from] item: Leftovers\n|-damage|p1a: Mew|61\/100 brn|[from] brn\n|upkeep\n|turn|72\n|\n|t:|1700493070\n|move|p1a: Mew|Toxic|p2a: Hole in the Earth\n|-status|p2a: Hole in the Earth|tox\n|move|p2a: Hole in the Earth|Dragon Tail|p1a: Mew\n|-damage|p1a: Mew|48\/100 brn\n|drag|p1a: Ditto|Ditto|100\/100\n|-transform|p1a: Ditto|p2a: Hole in the Earth|[from] ability: Imposter\n|-ability|p1a: Ditto|Pressure\n|\n|-heal|p2a: Hole in the Earth|61\/100 tox|[from] item: Leftovers\n|-damage|p2a: Hole in the Earth|55\/100 tox|[from] psn\n|upkeep\n|turn|73\n|\n|t:|1700493077\n|move|p2a: Hole in the Earth|Rest|p2a: Hole in the Earth\n|-status|p2a: Hole in the Earth|slp|[from] move: Rest\n|-heal|p2a: Hole in the Earth|100\/100 slp|[silent]\n|move|p1a: Ditto|Dragon Tail|p2a: Hole in the Earth\n|-supereffective|p2a: Hole in the Earth\n|-damage|p2a: Hole in the Earth|84\/100 slp\n|drag|p2a: Torture|Chansey, F, shiny, tera:Ghost|82\/100\n|-damage|p2a: Torture|69\/100|[from] Stealth Rock\n|\n|upkeep\n|turn|74\n|\n|t:|1700493095\n|switch|p1a: Mew|Mew|48\/100 brn\n|move|p2a: Torture|Heal Bell|p2a: Torture\n|-activate|p2a: Torture|move: Heal Bell\n|-curestatus|p2: Danced in Fiya|tox|[msg]\n|-curestatus|p2: Hole in the Earth|slp|[msg]\n|\n|-damage|p1a: Mew|42\/100 brn|[from] brn\n|upkeep\n|turn|75\n|\n|t:|1700493099\n|move|p1a: Mew|Imprison|p1a: Mew\n|-start|p1a: Mew|move: Imprison\n|move|p2a: Torture|Seismic Toss|p1a: Mew\n|-damage|p1a: Mew|17\/100 brn\n|\n|-damage|p1a: Mew|11\/100 brn|[from] brn\n|upkeep\n|turn|76\n|\n|t:|1700493105\n|move|p1a: Mew|Transform|p2a: Torture\n|-transform|p1a: Mew|p2a: Torture\n|cant|p2a: Torture|move: Imprison|Seismic Toss\n|\n|-damage|p1a: Mew|4\/100 brn|[from] brn\n|upkeep\n|turn|77\n|\n|t:|1700493113\n|move|p1a: Mew|Soft-Boiled|p1a: Mew\n|-heal|p1a: Mew|54\/100 brn\n|-activate|p2a: Torture|move: Struggle\n|move|p2a: Torture|Struggle|p1a: Mew\n|-damage|p1a: Mew|53\/100 brn\n|-damage|p2a: Torture|44\/100|[from] recoil\n|\n|-damage|p1a: Mew|47\/100 brn|[from] brn\n|upkeep\n|turn|78\n|\n|t:|1700493118\n|switch|p2a: Hole in the Earth|Giratina, shiny|84\/100\n|-damage|p2a: Hole in the Earth|71\/100|[from] Stealth Rock\n|-ability|p2a: Hole in the Earth|Pressure\n|move|p1a: Mew|Soft-Boiled|p1a: Mew\n|-heal|p1a: Mew|97\/100 brn\n|\n|-heal|p2a: Hole in the Earth|77\/100|[from] item: Leftovers\n|-damage|p1a: Mew|91\/100 brn|[from] brn\n|upkeep\n|turn|79\n|\n|t:|1700493122\n|move|p2a: Hole in the Earth|Defog|p1a: Mew\n|-unboost|p1a: Mew|evasion|1\n|-sideend|p2: grass knot zygarde|Stealth Rock|[from] move: Defog|[of] p2a: Hole in the Earth\n|move|p1a: Mew|Heal Bell|p1a: Mew\n|-activate|p1a: Mew|move: Heal Bell\n|-curestatus|p1a: Mew|brn|[msg]\n|\n|-heal|p2a: Hole in the Earth|84\/100|[from] item: Leftovers\n|upkeep\n|turn|80\n|\n|t:|1700493131\n|switch|p1a: Ditto|Ditto|100\/100\n|-transform|p1a: Ditto|p2a: Hole in the Earth|[from] ability: Imposter\n|-ability|p1a: Ditto|Pressure\n|move|p2a: Hole in the Earth|Toxic|p1a: Ditto\n|-status|p1a: Ditto|tox\n|\n|-heal|p2a: Hole in the Earth|90\/100|[from] item: Leftovers\n|-damage|p1a: Ditto|94\/100 tox|[from] psn\n|upkeep\n|turn|81\n|\n|t:|1700493139\n|move|p1a: Ditto|Toxic|p2a: Hole in the Earth\n|-status|p2a: Hole in the Earth|tox\n|move|p2a: Hole in the Earth|Dragon Tail|p1a: Ditto\n|-supereffective|p1a: Ditto\n|-damage|p1a: Ditto|66\/100 tox\n|-damage|p2a: Hole in the Earth|73\/100 tox|[from] item: Rocky Helmet|[of] p1a: Ditto\n|drag|p1a: Mew|Mew|91\/100\n|\n|-heal|p2a: Hole in the Earth|79\/100 tox|[from] item: Leftovers\n|-damage|p2a: Hole in the Earth|73\/100 tox|[from] psn\n|upkeep\n|turn|82\n|\n|t:|1700493148\n|move|p1a: Mew|Foul Play|p2a: Hole in the Earth\n|-supereffective|p2a: Hole in the Earth\n|-damage|p2a: Hole in the Earth|55\/100 tox\n|move|p2a: Hole in the Earth|Dragon Tail|p1a: Mew\n|-damage|p1a: Mew|77\/100\n|drag|p1a: Ditto|Ditto|66\/100 tox\n|-transform|p1a: Ditto|p2a: Hole in the Earth|[from] ability: Imposter\n|-ability|p1a: Ditto|Pressure\n|\n|-heal|p2a: Hole in the Earth|61\/100 tox|[from] item: Leftovers\n|-damage|p1a: Ditto|60\/100 tox|[from] psn\n|-damage|p2a: Hole in the Earth|49\/100 tox|[from] psn\n|upkeep\n|turn|83\n|\n|t:|1700493155\n|move|p2a: Hole in the Earth|Rest|p2a: Hole in the Earth\n|-status|p2a: Hole in the Earth|slp|[from] move: Rest\n|-heal|p2a: Hole in the Earth|100\/100 slp|[silent]\n|move|p1a: Ditto|Rest|p1a: Ditto\n|-status|p1a: Ditto|slp|[from] move: Rest\n|-heal|p1a: Ditto|100\/100 slp|[silent]\n|\n|upkeep\n|turn|84\n|\n|t:|1700493164\n|switch|p2a: Danced in Fiya|Ho-Oh, shiny|94\/100\n|cant|p1a: Ditto|slp\n|\n|upkeep\n|turn|85\n|\n|t:|1700493169\n|cant|p1a: Ditto|slp\n|move|p2a: Danced in Fiya|Whirlwind|p1a: Ditto\n|drag|p1a: Mew|Mew|77\/100\n|\n|upkeep\n|turn|86\n|\n|t:|1700493181\n|move|p1a: Mew|Block|p2a: Danced in Fiya\n|-activate|p2a: Danced in Fiya|trapped\n|move|p2a: Danced in Fiya|Toxic|p1a: Mew\n|-status|p1a: Mew|tox\n|-activate|p1a: Mew|ability: Synchronize\n|-status|p2a: Danced in Fiya|tox\n|\n|-damage|p1a: Mew|71\/100 tox|[from] psn\n|-damage|p2a: Danced in Fiya|88\/100 tox|[from] psn\n|upkeep\n|turn|87\n|\n|t:|1700493190\n|move|p1a: Mew|Imprison|p1a: Mew\n|-start|p1a: Mew|move: Imprison\n|move|p2a: Danced in Fiya|Sacred Fire|p1a: Mew\n|-damage|p1a: Mew|44\/100 tox\n|\n|-damage|p1a: Mew|32\/100 tox|[from] psn\n|-damage|p2a: Danced in Fiya|76\/100 tox|[from] psn\n|upkeep\n|turn|88\n|\n|t:|1700493200\n|move|p1a: Mew|Transform|p2a: Danced in Fiya\n|-transform|p1a: Mew|p2a: Danced in Fiya\n|cant|p2a: Danced in Fiya|move: Imprison|Whirlwind\n|\n|-damage|p2a: Danced in Fiya|58\/100 tox|[from] psn\n|-damage|p1a: Mew|13\/100 tox|[from] psn\n|upkeep\n|turn|89\n|\n|t:|1700493204\n|switch|p1a: Ditto|Ditto|100\/100 slp\n|-transform|p1a: Ditto|p2a: Danced in Fiya|[from] ability: Imposter\n|-activate|p2a: Danced in Fiya|move: Struggle\n|move|p2a: Danced in Fiya|Struggle|p1a: Ditto\n|-damage|p1a: Ditto|88\/100 slp\n|-damage|p2a: Danced in Fiya|42\/100 tox|[from] item: Rocky Helmet|[of] p1a: Ditto\n|-damage|p2a: Danced in Fiya|17\/100 tox|[from] recoil\n|\n|-damage|p2a: Danced in Fiya|0 fnt|[from] psn\n|faint|p2a: Danced in Fiya\n|upkeep\n|\n|t:|1700493219\n|switch|p2a: Hole in the Earth|Giratina, shiny|100\/100 slp\n|-ability|p2a: Hole in the Earth|Pressure\n|turn|90\n|\n|t:|1700493234\n|-curestatus|p1a: Ditto|slp|[msg]\n|move|p1a: Ditto|Whirlwind|p2a: Hole in the Earth\n|drag|p2a: Torture|Chansey, F, shiny, tera:Ghost|44\/100\n|\n|upkeep\n|turn|91\n|\n|t:|1700493241\n|switch|p2a: Hole in the Earth|Giratina, shiny|100\/100 slp\n|-ability|p2a: Hole in the Earth|Pressure\n|move|p1a: Ditto|Sacred Fire|p2a: Hole in the Earth\n|-resisted|p2a: Hole in the Earth\n|-damage|p2a: Hole in the Earth|91\/100 slp\n|\n|-heal|p2a: Hole in the Earth|98\/100 slp|[from] item: Leftovers\n|upkeep\n|turn|92\n|\n|t:|1700493250\n|move|p1a: Ditto|Toxic|p2a: Hole in the Earth|[miss]\n|-miss|p1a: Ditto|p2a: Hole in the Earth\n|cant|p2a: Hole in the Earth|slp\n|\n|-heal|p2a: Hole in the Earth|100\/100 slp|[from] item: Leftovers\n|upkeep\n|turn|93\n|\n|t:|1700493253\n|move|p1a: Ditto|Toxic||[still]\n|-fail|p1a: Ditto\n|cant|p2a: Hole in the Earth|slp\n|\n|upkeep\n|turn|94\n|\n|t:|1700493258\n|move|p1a: Ditto|Toxic||[still]\n|-fail|p1a: Ditto\n|-curestatus|p2a: Hole in the Earth|slp|[msg]\n|move|p2a: Hole in the Earth|Toxic|p1a: Ditto\n|-status|p1a: Ditto|tox\n|\n|-damage|p1a: Ditto|82\/100 tox|[from] psn\n|upkeep\n|turn|95\n|\n|t:|1700493266\n|switch|p1a: Mew|Mew|46\/100 tox\n|switch|p2a: Torture|Chansey, F, shiny, tera:Ghost|44\/100\n|\n|-damage|p1a: Mew|40\/100 tox|[from] psn\n|upkeep\n|turn|96\n|\n|t:|1700493275\n|switch|p1a: Ditto|Ditto|100\/100 tox\n|-transform|p1a: Ditto|p2a: Torture|[from] ability: Imposter\n|move|p2a: Torture|Seismic Toss|p1a: Ditto\n|-damage|p1a: Ditto|67\/100 tox\n|-damage|p2a: Torture|28\/100|[from] item: Rocky Helmet|[of] p1a: Ditto\n|\n|-damage|p1a: Ditto|61\/100 tox|[from] psn\n|upkeep\n|turn|97\n|\n|t:|1700493282\n|move|p2a: Torture|Soft-Boiled|p2a: Torture\n|-heal|p2a: Torture|78\/100\n|move|p1a: Ditto|Heal Bell|p1a: Ditto\n|-activate|p1a: Ditto|move: Heal Bell\n|-curestatus|p1a: Ditto|tox|[msg]\n|-curestatus|p1: Mew|tox|[msg]\n|\n|upkeep\n|turn|98\n|j| cangyue\n|\n|t:|1700493292\n|switch|p2a: Hole in the Earth|Giratina, shiny|100\/100\n|-ability|p2a: Hole in the Earth|Pressure\n|move|p1a: Ditto|Soft-Boiled|p1a: Ditto\n|-heal|p1a: Ditto|100\/100\n|\n|upkeep\n|turn|99\n|\n|t:|1700493299\n|switch|p1a: Mew|Mew|40\/100\n|move|p2a: Hole in the Earth|Dragon Tail|p1a: Mew\n|-damage|p1a: Mew|26\/100\n|drag|p1a: Ditto|Ditto|100\/100\n|-transform|p1a: Ditto|p2a: Hole in the Earth|[from] ability: Imposter\n|-ability|p1a: Ditto|Pressure\n|\n|upkeep\n|turn|100\n|\n|t:|1700493308\n|move|p1a: Ditto|Toxic|p2a: Hole in the Earth\n|-status|p2a: Hole in the Earth|tox\n|move|p2a: Hole in the Earth|Toxic|p1a: Ditto\n|-status|p1a: Ditto|tox\n|\n|-damage|p2a: Hole in the Earth|94\/100 tox|[from] psn\n|-damage|p1a: Ditto|94\/100 tox|[from] psn\n|upkeep\n|turn|101\n|\n|t:|1700493314\n|switch|p2a: Torture|Chansey, F, shiny, tera:Ghost|78\/100\n|move|p1a: Ditto|Dragon Tail|p2a: Torture\n|-damage|p2a: Torture|54\/100\n|drag|p2a: Hole in the Earth|Giratina, shiny|94\/100 tox\n|-ability|p2a: Hole in the Earth|Pressure\n|\n|-heal|p2a: Hole in the Earth|100\/100 tox|[from] item: Leftovers\n|-damage|p1a: Ditto|82\/100 tox|[from] psn\n|-damage|p2a: Hole in the Earth|94\/100 tox|[from] psn\n|upkeep\n|turn|102\n|\n|t:|1700493324\n|move|p1a: Ditto|Rest|p1a: Ditto\n|-status|p1a: Ditto|slp|[from] move: Rest\n|-heal|p1a: Ditto|100\/100 slp|[silent]\n|move|p2a: Hole in the Earth|Dragon Tail|p1a: Ditto\n|-supereffective|p1a: Ditto\n|-damage|p1a: Ditto|68\/100 slp\n|-damage|p2a: Hole in the Earth|78\/100 tox|[from] item: Rocky Helmet|[of] p1a: Ditto\n|drag|p1a: Mew|Mew|26\/100\n|\n|-heal|p2a: Hole in the Earth|84\/100 tox|[from] item: Leftovers\n|-damage|p2a: Hole in the Earth|72\/100 tox|[from] psn\n|upkeep\n|turn|103\n|\n|t:|1700493335\n|move|p1a: Mew|Imprison|p1a: Mew\n|-start|p1a: Mew|move: Imprison\n|move|p2a: Hole in the Earth|Dragon Tail|p1a: Mew\n|-damage|p1a: Mew|12\/100\n|drag|p1a: Ditto|Ditto|68\/100 slp\n|-transform|p1a: Ditto|p2a: Hole in the Earth|[from] ability: Imposter\n|-ability|p1a: Ditto|Pressure\n|\n|-heal|p2a: Hole in the Earth|78\/100 tox|[from] item: Leftovers\n|-damage|p2a: Hole in the Earth|59\/100 tox|[from] psn\n|upkeep\n|turn|104\n|\n|t:|1700493342\n|switch|p2a: Torture|Chansey, F, shiny, tera:Ghost|54\/100\n|cant|p1a: Ditto|slp\n|\n|upkeep\n|turn|105\n|\n|t:|1700493349\n|switch|p1a: Mew|Mew|12\/100\n|move|p2a: Torture|Heal Bell|p2a: Torture\n|-activate|p2a: Torture|move: Heal Bell\n|-curestatus|p2: Hole in the Earth|tox|[msg]\n|\n|upkeep\n|turn|106\n|\n|t:|1700493359\n|switch|p1a: Ditto|Ditto|68\/100 slp\n|-transform|p1a: Ditto|p2a: Torture|[from] ability: Imposter\n|move|p2a: Torture|Seismic Toss|p1a: Ditto\n|-damage|p1a: Ditto|35\/100 slp\n|-damage|p2a: Torture|37\/100|[from] item: Rocky Helmet|[of] p1a: Ditto\n|\n|upkeep\n|turn|107\n|\n|t:|1700493372\n|cant|p1a: Ditto|slp\n|move|p2a: Torture|Seismic Toss|p1a: Ditto\n|-damage|p1a: Ditto|2\/100 slp\n|-damage|p2a: Torture|21\/100|[from] item: Rocky Helmet|[of] p1a: Ditto\n|\n|upkeep\n|turn|108\n|\n|t:|1700493378\n|-curestatus|p1a: Ditto|slp|[msg]\n|move|p1a: Ditto|Soft-Boiled|p1a: Ditto\n|-heal|p1a: Ditto|52\/100\n|move|p2a: Torture|Seismic Toss|p1a: Ditto\n|-damage|p1a: Ditto|18\/100\n|-damage|p2a: Torture|4\/100|[from] item: Rocky Helmet|[of] p1a: Ditto\n|\n|upkeep\n|turn|109\n|\n|t:|1700493383\n|move|p2a: Torture|Soft-Boiled|p2a: Torture\n|-heal|p2a: Torture|54\/100\n|move|p1a: Ditto|Soft-Boiled|p1a: Ditto\n|-heal|p1a: Ditto|68\/100\n|\n|upkeep\n|turn|110\n|\n|t:|1700493389\n|move|p1a: Ditto|Soft-Boiled|p1a: Ditto\n|-heal|p1a: Ditto|100\/100\n|move|p2a: Torture|Soft-Boiled|p2a: Torture\n|-heal|p2a: Torture|100\/100\n|\n|upkeep\n|turn|111\n|\n|t:|1700493403\n|move|p1a: Ditto|Confide|p2a: Torture\n|-unboost|p2a: Torture|spa|1\n|move|p2a: Torture|Confide|p1a: Ditto\n|-unboost|p1a: Ditto|spa|1\n|\n|upkeep\n|turn|112\n|\n|t:|1700493407\n|move|p1a: Ditto|Confide|p2a: Torture\n|-unboost|p2a: Torture|spa|1\n|move|p2a: Torture|Confide|p1a: Ditto\n|-unboost|p1a: Ditto|spa|1\n|\n|upkeep\n|turn|113\n|\n|t:|1700493412\n|switch|p1a: Mew|Mew|12\/100\n|move|p2a: Torture|Confide|p1a: Mew\n|-unboost|p1a: Mew|spa|1\n|\n|upkeep\n|turn|114\n|\n|t:|1700493415\n|switch|p1a: Ditto|Ditto|100\/100\n|-transform|p1a: Ditto|p2a: Torture|[from] ability: Imposter\n|move|p2a: Torture|Seismic Toss|p1a: Ditto\n|-damage|p1a: Ditto|67\/100\n|-damage|p2a: Torture|84\/100|[from] item: Rocky Helmet|[of] p1a: Ditto\n|\n|upkeep\n|turn|115\n|\n|t:|1700493420\n|move|p1a: Ditto|Soft-Boiled|p1a: Ditto\n|-heal|p1a: Ditto|100\/100\n|move|p2a: Torture|Confide|p1a: Ditto\n|-unboost|p1a: Ditto|spa|1\n|\n|upkeep\n|turn|116\n|\n|t:|1700493430\n|move|p2a: Torture|Seismic Toss|p1a: Ditto\n|-damage|p1a: Ditto|67\/100\n|-damage|p2a: Torture|67\/100|[from] item: Rocky Helmet|[of] p1a: Ditto\n|move|p1a: Ditto|Soft-Boiled|p1a: Ditto\n|-heal|p1a: Ditto|100\/100\n|\n|upkeep\n|turn|117\n|\n|t:|1700493435\n|switch|p1a: Mew|Mew|12\/100\n|move|p2a: Torture|Confide|p1a: Mew\n|-unboost|p1a: Mew|spa|1\n|\n|upkeep\n|turn|118\n|\n|t:|1700493438\n|move|p1a: Mew|Imprison|p1a: Mew\n|-start|p1a: Mew|move: Imprison\n|move|p2a: Torture|Seismic Toss|p1a: Mew\n|-damage|p1a: Mew|0 fnt\n|faint|p1a: Mew\n|\n|upkeep\n|\n|t:|1700493440\n|switch|p1a: Ditto|Ditto|100\/100\n|-transform|p1a: Ditto|p2a: Torture|[from] ability: Imposter\n|turn|119\n|c|\u2606grass knot zygarde|and its over\n|\n|t:|1700493452\n|move|p1a: Ditto|Seismic Toss|p2a: Torture\n|-immune|p2a: Torture\n|move|p2a: Torture|Soft-Boiled|p2a: Torture\n|-heal|p2a: Torture|100\/100\n|\n|upkeep\n|turn|120\n|c| ss_wobblewok|aaaannd he lost\n|\n|t:|1700493456\n|switch|p2a: Hole in the Earth|Giratina, shiny|59\/100\n|-ability|p2a: Hole in the Earth|Pressure\n|move|p1a: Ditto|Confide|p2a: Hole in the Earth\n|-unboost|p2a: Hole in the Earth|spa|1\n|\n|-heal|p2a: Hole in the Earth|65\/100|[from] item: Leftovers\n|upkeep\n|turn|121\n|c| ss_wobblewok|how did he lose\n|l|\u2606Justznic\n|inactive|Justznic disconnected and has a minute to reconnect!\n|player|p1|\n|c| ss_wobblewok|LOL\n|c|\u2606grass knot zygarde|most irritating mf ive had to battle ever\n|l| cangyue\n|c| ss_wobblewok|his team was so like\n|c| ss_wobblewok|annoying\n|inactive|Justznic has 30 seconds to reconnect!\n|c| ss_wobblewok|and he was still toxic\n|inactive|Justznic has 20 seconds to reconnect!\n|c|\u2606grass knot zygarde|aint no way im not saving this replay\n|inactive|Justznic has 15 seconds to reconnect!\n|c| ss_wobblewok|wait you can message offline people now\n|inactive|Justznic has 10 seconds to reconnect!\n|c| ss_wobblewok|send him the replay\n|inactive|Justznic has 5 seconds to reconnect!\n|c| ss_wobblewok|and talk some trash\n|-message|Justznic lost due to inactivity.\n|\n|win|grass knot zygarde\n|raw|Justznic's rating: 1476 &rarr; <strong>1463<\/strong><br \/>(-13 for losing)\n|raw|grass knot zygarde's rating: 1605 &rarr; <strong>1618<\/strong><br \/>(+13 for winning)\n","uploadtime":1700492766,"views":10,"p1id":"justznic","p2id":"grassknotzygarde","formatid":"gen9nationaldexubers","rating":1463,"private":0,"password":""}