{"id":"gen9nationaldexubers-1995631086","p1":"JustMonika_CARR","p2":"Taelds","format":"[Gen 9] National Dex Ubers","log":"|j|\u2606JustMonika_CARR\n|j|\u2606Taelds\n|t:|1700589099\n|gametype|singles\n|player|p1|JustMonika_CARR|rosa|1323\n|player|p2|Taelds|265|1236\n|teamsize|p1|6\n|teamsize|p2|6\n|gen|9\n|tier|[Gen 9] National Dex Ubers\n|rated|\n|rule|HP Percentage Mod: HP is shown in percentages\n|rule|Endless Battle Clause: Forcing endless battles is banned\n|rule|OHKO Clause: OHKO moves are banned\n|rule|Evasion Moves Clause: Evasion moves are banned\n|rule|Evasion Items Clause: Evasion items are banned\n|rule|Species Clause: Limit one of each Pok\u00e9mon\n|rule|Sleep Clause Mod: Limit one foe put to sleep\n|rule|Mega Rayquaza Clause: You cannot mega evolve Rayquaza\n|clearpoke\n|poke|p1|Shuckle, M|\n|poke|p1|Deoxys-Speed|\n|poke|p1|Arceus|\n|poke|p1|Forretress, M|\n|poke|p1|Magearna|\n|poke|p1|Pyukumuku, M|\n|poke|p2|Kingambit, F|\n|poke|p2|Durant, F|\n|poke|p2|Smeargle, F|\n|poke|p2|Murkrow, L1, F|\n|poke|p2|Dugtrio, M|\n|poke|p2|Gothitelle, F|\n|teampreview\n|inactive|Battle timer is ON: inactive players will automatically lose when time's up. (requested by Taelds)\n|\n|t:|1700589107\n|start\n|switch|p1a: Forretress|Forretress, M, shiny|100\/100\n|switch|p2a: Murkrow|Murkrow, L1, F|100\/100\n|turn|1\n|\n|t:|1700589113\n|move|p2a: Murkrow|Taunt|p1a: Forretress\n|-start|p1a: Forretress|move: Taunt\n|cant|p1a: Forretress|move: Taunt|Toxic Spikes\n|\n|upkeep\n|turn|2\n|\n|t:|1700589118\n|move|p1a: Forretress|Rapid Spin|p2a: Murkrow\n|-enditem|p2a: Murkrow|Focus Sash\n|-damage|p2a: Murkrow|8\/100\n|-boost|p1a: Forretress|spe|1\n|move|p2a: Murkrow|Whirlwind|p1a: Forretress\n|drag|p1a: Shuckle|Shuckle, M, shiny|100\/100\n|\n|upkeep\n|turn|3\n|\n|t:|1700589128\n|switch|p1a: Forretress|Forretress, M, shiny|100\/100\n|move|p2a: Murkrow|Taunt|p1a: Forretress\n|-start|p1a: Forretress|move: Taunt\n|\n|upkeep\n|turn|4\n|\n|t:|1700589135\n|move|p2a: Murkrow|Tailwind|p2a: Murkrow\n|-sidestart|p2: Taelds|move: Tailwind\n|move|p1a: Forretress|Rapid Spin|p2a: Murkrow\n|-damage|p2a: Murkrow|0 fnt\n|-boost|p1a: Forretress|spe|1\n|faint|p2a: Murkrow\n|\n|upkeep\n|\n|t:|1700589143\n|switch|p2a: Smeargle|Smeargle, F|100\/100\n|turn|5\n|\n|t:|1700589149\n|move|p2a: Smeargle|Sticky Web|p1a: Forretress\n|-sidestart|p1: JustMonika_CARR|move: Sticky Web\n|move|p1a: Forretress|Rapid Spin|p2a: Smeargle\n|-damage|p2a: Smeargle|77\/100\n|-boost|p1a: Forretress|spe|1\n|-sideend|p1: JustMonika_CARR|Sticky Web|[from] move: Rapid Spin|[of] p1a: Forretress\n|\n|-end|p1a: Forretress|move: Taunt\n|-ability|p2a: Smeargle|Moody|boost\n|-boost|p2a: Smeargle|atk|2\n|-unboost|p2a: Smeargle|def|1\n|upkeep\n|turn|6\n|\n|t:|1700589161\n|move|p2a: Smeargle|Sticky Web|p1a: Forretress\n|-sidestart|p1: JustMonika_CARR|move: Sticky Web\n|move|p1a: Forretress|Toxic Spikes|p2a: Smeargle\n|-sidestart|p2: Taelds|move: Toxic Spikes\n|\n|-ability|p2a: Smeargle|Moody|boost\n|-boost|p2a: Smeargle|atk|2\n|-unboost|p2a: Smeargle|spe|1\n|upkeep\n|turn|7\n|\n|t:|1700589170\n|move|p2a: Smeargle|Rapid Spin|p1a: Forretress\n|-resisted|p1a: Forretress\n|-damage|p1a: Forretress|95\/100\n|-boost|p2a: Smeargle|spe|1\n|-sideend|p2: Taelds|Toxic Spikes|[from] move: Rapid Spin|[of] p2a: Smeargle\n|-enditem|p1a: Forretress|Red Card|[of] p2a: Smeargle\n|drag|p2a: Gothitelle|Gothitelle, F|100\/100\n|move|p1a: Forretress|Toxic Spikes|p2a: Gothitelle\n|-sidestart|p2: Taelds|move: Toxic Spikes\n|\n|-sideend|p2: Taelds|move: Tailwind\n|upkeep\n|turn|8\n|\n|t:|1700589187\n|move|p2a: Gothitelle|Calm Mind|p2a: Gothitelle\n|-boost|p2a: Gothitelle|spa|1\n|-boost|p2a: Gothitelle|spd|1\n|move|p1a: Forretress|Toxic Spikes|p2a: Gothitelle\n|-sidestart|p2: Taelds|move: Toxic Spikes\n|\n|upkeep\n|turn|9\n|c|\u2606JustMonika_CARR|Oh, truant  durant + shadow tag gothitelle\n|\n|t:|1700589204\n|move|p2a: Gothitelle|Calm Mind|p2a: Gothitelle\n|-boost|p2a: Gothitelle|spa|1\n|-boost|p2a: Gothitelle|spd|1\n|move|p1a: Forretress|Stealth Rock|p2a: Gothitelle\n|-sidestart|p2: Taelds|move: Stealth Rock\n|\n|upkeep\n|turn|10\n|\n|t:|1700589209\n|move|p2a: Gothitelle|Calm Mind|p2a: Gothitelle\n|-boost|p2a: Gothitelle|spa|1\n|-boost|p2a: Gothitelle|spd|1\n|move|p1a: Forretress|Rapid Spin|p2a: Gothitelle\n|-damage|p2a: Gothitelle|91\/100\n|-boost|p1a: Forretress|spe|1\n|-sideend|p1: JustMonika_CARR|Sticky Web|[from] move: Rapid Spin|[of] p1a: Forretress\n|\n|upkeep\n|turn|11\n|\n|t:|1700589217\n|move|p1a: Forretress|Rapid Spin|p2a: Gothitelle\n|-damage|p2a: Gothitelle|81\/100\n|-boost|p1a: Forretress|spe|1\n|move|p2a: Gothitelle|Calm Mind|p2a: Gothitelle\n|-boost|p2a: Gothitelle|spa|1\n|-boost|p2a: Gothitelle|spd|1\n|\n|upkeep\n|turn|12\n|\n|t:|1700589224\n|move|p1a: Forretress|Rapid Spin|p2a: Gothitelle\n|-damage|p2a: Gothitelle|72\/100\n|-boost|p1a: Forretress|spe|1\n|move|p2a: Gothitelle|Calm Mind|p2a: Gothitelle\n|-boost|p2a: Gothitelle|spa|1\n|-boost|p2a: Gothitelle|spd|1\n|\n|upkeep\n|turn|13\n|\n|t:|1700589232\n|move|p1a: Forretress|Rapid Spin|p2a: Gothitelle\n|-damage|p2a: Gothitelle|63\/100\n|-boost|p1a: Forretress|spe|1\n|move|p2a: Gothitelle|Calm Mind|p2a: Gothitelle\n|-boost|p2a: Gothitelle|spa|1\n|-boost|p2a: Gothitelle|spd|1\n|\n|upkeep\n|turn|14\n|\n|t:|1700589240\n|move|p1a: Forretress|Rapid Spin|p2a: Gothitelle\n|-damage|p2a: Gothitelle|53\/100\n|move|p2a: Gothitelle|Stored Power|p1a: Forretress\n|-resisted|p1a: Forretress\n|-damage|p1a: Forretress|0 fnt\n|faint|p1a: Forretress\n|\n|upkeep\n|\n|t:|1700589248\n|switch|p1a: Magearna|Magearna|100\/100\n|turn|15\n|\n|t:|1700589260\n|move|p2a: Gothitelle|Stored Power|p1a: Magearna\n|-resisted|p1a: Magearna\n|-enditem|p1a: Magearna|Focus Sash\n|-damage|p1a: Magearna|1\/100\n|move|p1a: Magearna|Heart Swap|p2a: Gothitelle\n|-swapboost|p1a: Magearna|p2a: Gothitelle|[from] move: Heart Swap\n|\n|upkeep\n|turn|16\n|\n|t:|1700589269\n|move|p2a: Gothitelle|Thunderbolt|p1a: Magearna\n|-damage|p1a: Magearna|0 fnt\n|faint|p1a: Magearna\n|\n|upkeep\n|\n|t:|1700589280\n|switch|p1a: Deoxys|Deoxys-Speed, shiny|100\/100\n|-ability|p1a: Deoxys|Pressure\n|turn|17\n|\n|t:|1700589295\n|move|p1a: Deoxys|Light Screen|p1a: Deoxys\n|-sidestart|p1: JustMonika_CARR|move: Light Screen\n|move|p2a: Gothitelle|Thunderbolt|p1a: Deoxys\n|-damage|p1a: Deoxys|88\/100\n|\n|upkeep\n|turn|18\n|\n|t:|1700589300\n|move|p1a: Deoxys|Reflect|p1a: Deoxys\n|-sidestart|p1: JustMonika_CARR|Reflect\n|move|p2a: Gothitelle|Thunderbolt|p1a: Deoxys\n|-damage|p1a: Deoxys|75\/100\n|\n|upkeep\n|turn|19\n|\n|t:|1700589305\n|move|p1a: Deoxys|Toxic|p2a: Gothitelle\n|-status|p2a: Gothitelle|tox\n|move|p2a: Gothitelle|Thunderbolt|p1a: Deoxys\n|-damage|p1a: Deoxys|62\/100\n|\n|-damage|p2a: Gothitelle|47\/100 tox|[from] psn\n|upkeep\n|turn|20\n|\n|t:|1700589313\n|move|p1a: Deoxys|Mud-Slap|p2a: Gothitelle\n|-damage|p2a: Gothitelle|43\/100 tox\n|-unboost|p2a: Gothitelle|accuracy|1\n|move|p2a: Gothitelle|Thunderbolt|p1a: Deoxys\n|-damage|p1a: Deoxys|51\/100\n|\n|-damage|p2a: Gothitelle|31\/100 tox|[from] psn\n|upkeep\n|turn|21\n|\n|t:|1700589323\n|move|p1a: Deoxys|Mud-Slap|p2a: Gothitelle\n|-damage|p2a: Gothitelle|26\/100 tox\n|-unboost|p2a: Gothitelle|accuracy|1\n|move|p2a: Gothitelle|Thunderbolt|p1a: Deoxys\n|-damage|p1a: Deoxys|37\/100\n|\n|-damage|p2a: Gothitelle|8\/100 tox|[from] psn\n|upkeep\n|turn|22\n|\n|t:|1700589332\n|move|p1a: Deoxys|Mud-Slap|p2a: Gothitelle\n|-damage|p2a: Gothitelle|4\/100 tox\n|-unboost|p2a: Gothitelle|accuracy|1\n|move|p2a: Gothitelle|Thunderbolt|p1a: Deoxys\n|-damage|p1a: Deoxys|25\/100\n|\n|-damage|p2a: Gothitelle|0 fnt|[from] psn\n|faint|p2a: Gothitelle\n|upkeep\n|\n|t:|1700589350\n|switch|p2a: Smeargle|Smeargle, F|77\/100\n|-status|p2a: Smeargle|tox\n|-damage|p2a: Smeargle|64\/100 tox|[from] Stealth Rock\n|turn|23\n|\n|t:|1700589357\n|move|p1a: Deoxys|Mud-Slap|p2a: Smeargle\n|-damage|p2a: Smeargle|56\/100 tox\n|-unboost|p2a: Smeargle|accuracy|1\n|move|p2a: Smeargle|Rapid Spin|p1a: Deoxys\n|-damage|p1a: Deoxys|22\/100\n|-boost|p2a: Smeargle|spe|1\n|-sideend|p2: Taelds|Toxic Spikes|[from] move: Rapid Spin|[of] p2a: Smeargle\n|-sideend|p2: Taelds|Stealth Rock|[from] move: Rapid Spin|[of] p2a: Smeargle\n|\n|-damage|p2a: Smeargle|50\/100 tox|[from] psn\n|-ability|p2a: Smeargle|Moody|boost\n|-boost|p2a: Smeargle|spa|2\n|-unboost|p2a: Smeargle|spd|1\n|upkeep\n|turn|24\n|\n|t:|1700589374\n|move|p1a: Deoxys|Mud-Slap|p2a: Smeargle\n|-damage|p2a: Smeargle|36\/100 tox\n|-unboost|p2a: Smeargle|accuracy|1\n|move|p2a: Smeargle|Sticky Web|p1a: Deoxys\n|-sidestart|p1: JustMonika_CARR|move: Sticky Web\n|\n|-damage|p2a: Smeargle|23\/100 tox|[from] psn\n|-sideend|p1: JustMonika_CARR|move: Light Screen\n|-ability|p2a: Smeargle|Moody|boost\n|-boost|p2a: Smeargle|spe|2\n|-unboost|p2a: Smeargle|def|1\n|upkeep\n|turn|25\n|\n|t:|1700589386\n|move|p2a: Smeargle|Revival Blessing|p2a: Smeargle\n|\n|t:|1700589394\n|-heal|p2: Murkrow|47\/100|[from] move: Revival Blessing\n|move|p1a: Deoxys|Light Screen|p1a: Deoxys\n|-sidestart|p1: JustMonika_CARR|move: Light Screen\n|\n|-damage|p2a: Smeargle|5\/100 tox|[from] psn\n|-sideend|p1: JustMonika_CARR|Reflect\n|-ability|p2a: Smeargle|Moody|boost\n|-boost|p2a: Smeargle|spe|2\n|-unboost|p2a: Smeargle|spd|1\n|upkeep\n|turn|26\n|\n|t:|1700589409\n|move|p2a: Smeargle|Rapid Spin|p1a: Deoxys|[miss]\n|-miss|p2a: Smeargle|p1a: Deoxys\n|move|p1a: Deoxys|Toxic|p2a: Smeargle\n|-fail|p2a: Smeargle|tox\n|\n|-damage|p2a: Smeargle|0 fnt|[from] psn\n|faint|p2a: Smeargle\n|upkeep\n|\n|t:|1700589417\n|switch|p2a: Murkrow|Murkrow, L1, F|47\/100\n|turn|27\n|\n|t:|1700589424\n|switch|p1a: Arceus|Arceus|100\/100\n|-activate|p1a: Arceus|move: Sticky Web\n|-unboost|p1a: Arceus|spe|1\n|move|p2a: Murkrow|Whirlwind|p1a: Arceus\n|drag|p1a: Deoxys|Deoxys-Speed, shiny|22\/100\n|-activate|p1a: Deoxys|move: Sticky Web\n|-unboost|p1a: Deoxys|spe|1\n|-ability|p1a: Deoxys|Pressure\n|\n|upkeep\n|turn|28\n|\n|t:|1700589436\n|move|p2a: Murkrow|Taunt|p1a: Deoxys\n|-start|p1a: Deoxys|move: Taunt\n|cant|p1a: Deoxys|move: Taunt|Toxic\n|\n|upkeep\n|turn|29\n|\n|t:|1700589441\n|switch|p1a: Arceus|Arceus|100\/100\n|-activate|p1a: Arceus|move: Sticky Web\n|-unboost|p1a: Arceus|spe|1\n|move|p2a: Murkrow|Whirlwind|p1a: Arceus\n|drag|p1a: Pyukumuku|Pyukumuku, M, shiny|100\/100\n|-activate|p1a: Pyukumuku|move: Sticky Web\n|-unboost|p1a: Pyukumuku|spe|1\n|\n|upkeep\n|turn|30\n|\n|t:|1700589451\n|move|p2a: Murkrow|Taunt|p1a: Pyukumuku\n|-start|p1a: Pyukumuku|move: Taunt\n|cant|p1a: Pyukumuku|move: Taunt|Gastro Acid\n|\n|upkeep\n|turn|31\n|\n|t:|1700589456\n|switch|p1a: Arceus|Arceus|100\/100\n|-activate|p1a: Arceus|move: Sticky Web\n|-unboost|p1a: Arceus|spe|1\n|move|p2a: Murkrow|Tailwind|p2a: Murkrow\n|-sidestart|p2: Taelds|move: Tailwind\n|\n|upkeep\n|turn|32\n|\n|t:|1700589465\n|move|p2a: Murkrow|Taunt|p1a: Arceus\n|-start|p1a: Arceus|move: Taunt\n|move|p1a: Arceus|Charge Beam|p2a: Murkrow\n|-supereffective|p2a: Murkrow\n|-damage|p2a: Murkrow|0 fnt\n|-boost|p1a: Arceus|spa|1\n|faint|p2a: Murkrow\n|\n|-sideend|p1: JustMonika_CARR|move: Light Screen\n|upkeep\n|\n|t:|1700589475\n|switch|p2a: Durant|Durant, F|100\/100\n|turn|33\n|\n|t:|1700589479\n|move|p2a: Durant|Endeavor|p1a: Arceus\n|-damage|p1a: Arceus|51\/100\n|move|p1a: Arceus|Charge Beam|p2a: Durant\n|-damage|p2a: Durant|31\/100\n|\n|upkeep\n|turn|34\n|\n|t:|1700589487\n|cant|p2a: Durant|ability: Truant\n|move|p1a: Arceus|Charge Beam|p2a: Durant\n|-damage|p2a: Durant|0 fnt\n|faint|p2a: Durant\n|\n|-end|p1a: Arceus|move: Taunt\n|-sideend|p2: Taelds|move: Tailwind\n|upkeep\n|\n|t:|1700589496\n|switch|p2a: Dugtrio|Dugtrio, M|100\/100\n|turn|35\n|\n|t:|1700589500\n|move|p2a: Dugtrio|Hone Claws|p2a: Dugtrio\n|-boost|p2a: Dugtrio|atk|1\n|-boost|p2a: Dugtrio|accuracy|1\n|move|p1a: Arceus|Cosmic Power|p1a: Arceus\n|-boost|p1a: Arceus|def|1\n|-boost|p1a: Arceus|spd|1\n|\n|upkeep\n|turn|36\n|\n|t:|1700589509\n|move|p2a: Dugtrio|Earthquake|p1a: Arceus\n|-damage|p1a: Arceus|26\/100\n|move|p1a: Arceus|Cosmic Power|p1a: Arceus\n|-boost|p1a: Arceus|def|1\n|-boost|p1a: Arceus|spd|1\n|\n|upkeep\n|turn|37\n|\n|t:|1700589518\n|move|p2a: Dugtrio|Earthquake|p1a: Arceus\n|-damage|p1a: Arceus|8\/100\n|move|p1a: Arceus|Rest|p1a: Arceus\n|-status|p1a: Arceus|slp|[from] move: Rest\n|-heal|p1a: Arceus|100\/100 slp|[silent]\n|-enditem|p1a: Arceus|Chesto Berry|[eat]\n|-curestatus|p1a: Arceus|slp|[msg]\n|\n|upkeep\n|turn|38\n|\n|t:|1700589528\n|move|p2a: Dugtrio|Hone Claws|p2a: Dugtrio\n|-boost|p2a: Dugtrio|atk|1\n|-boost|p2a: Dugtrio|accuracy|1\n|move|p1a: Arceus|Cosmic Power|p1a: Arceus\n|-boost|p1a: Arceus|def|1\n|-boost|p1a: Arceus|spd|1\n|\n|upkeep\n|turn|39\n|\n|t:|1700589535\n|move|p2a: Dugtrio|Hone Claws|p2a: Dugtrio\n|-boost|p2a: Dugtrio|atk|1\n|-boost|p2a: Dugtrio|accuracy|1\n|move|p1a: Arceus|Cosmic Power|p1a: Arceus\n|-boost|p1a: Arceus|def|1\n|-boost|p1a: Arceus|spd|1\n|\n|upkeep\n|turn|40\n|\n|t:|1700589543\n|move|p2a: Dugtrio|Hone Claws|p2a: Dugtrio\n|-boost|p2a: Dugtrio|atk|1\n|-boost|p2a: Dugtrio|accuracy|1\n|move|p1a: Arceus|Cosmic Power|p1a: Arceus\n|-boost|p1a: Arceus|def|1\n|-boost|p1a: Arceus|spd|1\n|\n|upkeep\n|turn|41\n|\n|t:|1700589550\n|move|p2a: Dugtrio|Hone Claws|p2a: Dugtrio\n|-boost|p2a: Dugtrio|atk|1\n|-boost|p2a: Dugtrio|accuracy|1\n|move|p1a: Arceus|Cosmic Power|p1a: Arceus\n|-boost|p1a: Arceus|def|1\n|-boost|p1a: Arceus|spd|1\n|\n|upkeep\n|turn|42\n|\n|t:|1700589557\n|move|p2a: Dugtrio|Stone Edge|p1a: Arceus\n|-crit|p1a: Arceus\n|-damage|p1a: Arceus|14\/100\n|move|p1a: Arceus|Stored Power|p2a: Dugtrio\n|-enditem|p2a: Dugtrio|Focus Sash\n|-damage|p2a: Dugtrio|1\/100\n|\n|upkeep\n|turn|43\n|\n|t:|1700589565\n|move|p2a: Dugtrio|Stone Edge|p1a: Arceus\n|-damage|p1a: Arceus|0 fnt\n|faint|p1a: Arceus\n|\n|upkeep\n|\n|t:|1700589571\n|switch|p1a: Pyukumuku|Pyukumuku, M, shiny|100\/100\n|-activate|p1a: Pyukumuku|move: Sticky Web\n|-unboost|p1a: Pyukumuku|spe|1\n|turn|44\n|\n|t:|1700589576\n|move|p2a: Dugtrio|Earthquake|p1a: Pyukumuku\n|-damage|p1a: Pyukumuku|69\/100\n|move|p1a: Pyukumuku|Toxic|p2a: Dugtrio|[miss]\n|-miss|p1a: Pyukumuku|p2a: Dugtrio\n|\n|-heal|p1a: Pyukumuku|75\/100|[from] item: Leftovers\n|upkeep\n|turn|45\n|\n|t:|1700589584\n|move|p2a: Dugtrio|Earthquake|p1a: Pyukumuku\n|-damage|p1a: Pyukumuku|44\/100\n|move|p1a: Pyukumuku|Recover|p1a: Pyukumuku\n|-heal|p1a: Pyukumuku|94\/100\n|\n|-heal|p1a: Pyukumuku|100\/100|[from] item: Leftovers\n|upkeep\n|turn|46\n|\n|t:|1700589593\n|move|p2a: Dugtrio|Stone Edge|p1a: Pyukumuku\n|-crit|p1a: Pyukumuku\n|-damage|p1a: Pyukumuku|69\/100\n|move|p1a: Pyukumuku|Toxic|p2a: Dugtrio\n|-status|p2a: Dugtrio|tox\n|\n|-heal|p1a: Pyukumuku|75\/100|[from] item: Leftovers\n|-damage|p2a: Dugtrio|0 fnt|[from] psn\n|faint|p2a: Dugtrio\n|upkeep\n|\n|t:|1700589603\n|switch|p2a: Kingambit|Kingambit, F|100\/100\n|-activate|p2a: Kingambit|ability: Supreme Overlord\n|-start|p2a: Kingambit|fallen5|[silent]\n|turn|47\n|\n|t:|1700589608\n|move|p2a: Kingambit|Swords Dance|p2a: Kingambit\n|-boost|p2a: Kingambit|atk|2\n|move|p1a: Pyukumuku|Gastro Acid|p2a: Kingambit\n|-endability|p2a: Kingambit\n|-end|p2a: Kingambit|fallen5|[silent]\n|\n|-heal|p1a: Pyukumuku|81\/100|[from] item: Leftovers\n|upkeep\n|turn|48\n|\n|t:|1700589615\n|move|p2a: Kingambit|Swords Dance|p2a: Kingambit\n|-boost|p2a: Kingambit|atk|2\n|move|p1a: Pyukumuku|Soak|p2a: Kingambit\n|-start|p2a: Kingambit|typechange|Water\n|\n|-heal|p1a: Pyukumuku|87\/100|[from] item: Leftovers\n|upkeep\n|turn|49\n|\n|t:|1700589624\n|move|p2a: Kingambit|Swords Dance|p2a: Kingambit\n|-boost|p2a: Kingambit|atk|2\n|move|p1a: Pyukumuku|Toxic|p2a: Kingambit\n|-status|p2a: Kingambit|tox\n|\n|-heal|p1a: Pyukumuku|93\/100|[from] item: Leftovers\n|-damage|p2a: Kingambit|94\/100 tox|[from] psn\n|upkeep\n|turn|50\n|\n|t:|1700589634\n|move|p2a: Kingambit|Zen Headbutt|p1a: Pyukumuku\n|-damage|p1a: Pyukumuku|71\/100\n|move|p1a: Pyukumuku|Recover|p1a: Pyukumuku\n|-heal|p1a: Pyukumuku|100\/100\n|\n|-damage|p2a: Kingambit|82\/100 tox|[from] psn\n|upkeep\n|turn|51\n|-message|Taelds forfeited.\n|\n|win|JustMonika_CARR\n|raw|JustMonika_CARR's rating: 1323 &rarr; <strong>1338<\/strong><br \/>(+15 for winning)\n|raw|Taelds's rating: 1236 &rarr; <strong>1217<\/strong><br \/>(-19 for losing)\n|l|\u2606Taelds\n","uploadtime":1700589644,"views":0,"p1id":"justmonikacarr","p2id":"taelds","formatid":"gen9nationaldexubers","rating":1217,"private":0,"password":""}