{"id":"gen9nationaldexubers-1996093446","p1":"Hades RFX","p2":"SCARCITY25","format":"[Gen 9] National Dex Ubers","log":"|j|\u2606Hades RFX\n|j|\u2606SCARCITY25\n|t:|1700643002\n|gametype|singles\n|player|p1|Hades RFX|alec-anime|\n|player|p2|SCARCITY25|cynthia-gen4|\n|teamsize|p1|6\n|teamsize|p2|6\n|gen|9\n|tier|[Gen 9] National Dex Ubers\n|rule|HP Percentage Mod: HP is shown in percentages\n|rule|Endless Battle Clause: Forcing endless battles is banned\n|rule|OHKO Clause: OHKO moves are banned\n|rule|Evasion Moves Clause: Evasion moves are banned\n|rule|Evasion Items Clause: Evasion items are banned\n|rule|Species Clause: Limit one of each Pok\u00e9mon\n|rule|Sleep Clause Mod: Limit one foe put to sleep\n|rule|Mega Rayquaza Clause: You cannot mega evolve Rayquaza\n|clearpoke\n|poke|p1|Dialga|\n|poke|p1|Dragapult, M|\n|poke|p1|Dragonite, M|\n|poke|p1|Altaria, M|\n|poke|p1|Roaring Moon|\n|poke|p1|Iron Bundle|\n|poke|p2|Tapu Koko|\n|poke|p2|Iron Valiant|\n|poke|p2|Urshifu-*, M|\n|poke|p2|Corviknight, F|\n|poke|p2|Rotom-Wash|\n|poke|p2|Garchomp, F|\n|teampreview\n|c|\u2606SCARCITY25|glhf\n|c|\u2606Hades RFX|u2\n|\n|t:|1700643025\n|start\n|switch|p1a: Dragapult|Dragapult, M|100\/100\n|switch|p2a: Rotom|Rotom-Wash|100\/100\n|turn|1\n|\n|t:|1700643040\n|move|p1a: Dragapult|U-turn|p2a: Rotom\n|-damage|p2a: Rotom|82\/100\n|\n|t:|1700643043\n|switch|p1a: Dialga|Dialga|100\/100|[from] U-turn\n|-ability|p1a: Dialga|Pressure\n|move|p2a: Rotom|Thunder Wave|p1a: Dialga\n|-status|p1a: Dialga|par\n|\n|-heal|p2a: Rotom|88\/100|[from] item: Leftovers\n|upkeep\n|turn|2\n|\n|t:|1700643064\n|move|p2a: Rotom|Light Screen|p2a: Rotom\n|-sidestart|p2: SCARCITY25|move: Light Screen\n|move|p1a: Dialga|Dragon Pulse|p2a: Rotom\n|-damage|p2a: Rotom|60\/100\n|-damage|p1a: Dialga|91\/100 par|[from] item: Life Orb\n|\n|-heal|p2a: Rotom|66\/100|[from] item: Leftovers\n|upkeep\n|turn|3\n|\n|t:|1700643089\n|switch|p1a: Altaria|Altaria, M|100\/100\n|move|p2a: Rotom|Volt Switch|p1a: Altaria\n|-damage|p1a: Altaria|77\/100\n|\n|t:|1700643099\n|switch|p2a: Iron Valiant|Iron Valiant|100\/100|[from] Volt Switch\n|\n|upkeep\n|turn|4\n|\n|t:|1700643106\n|switch|p1a: Dialga|Dialga|91\/100 par\n|-ability|p1a: Dialga|Pressure\n|move|p2a: Iron Valiant|Moonblast|p1a: Dialga\n|-damage|p1a: Dialga|32\/100 par\n|\n|upkeep\n|turn|5\n|\n|t:|1700643111\n|move|p2a: Iron Valiant|Moonblast|p1a: Dialga\n|-damage|p1a: Dialga|0 fnt\n|faint|p1a: Dialga\n|\n|upkeep\n|\n|t:|1700643121\n|switch|p1a: Dragonite|Dragonite, M|100\/100\n|turn|6\n|\n|t:|1700643126\n|move|p2a: Iron Valiant|Moonblast|p1a: Dragonite\n|-supereffective|p1a: Dragonite\n|-damage|p1a: Dragonite|21\/100\n|move|p1a: Dragonite|Dragon Dance|p1a: Dragonite\n|-boost|p1a: Dragonite|atk|1\n|-boost|p1a: Dragonite|spe|1\n|\n|-sideend|p2: SCARCITY25|move: Light Screen\n|upkeep\n|turn|7\n|\n|t:|1700643134\n|-end|p2a: Iron Valiant|Quark Drive|[silent]\n|switch|p2a: Corviknight|Corviknight, F|100\/100\n|-ability|p2a: Corviknight|Pressure\n|move|p1a: Dragonite|Extreme Speed|p2a: Corviknight\n|-resisted|p2a: Corviknight\n|-damage|p2a: Corviknight|87\/100\n|\n|-heal|p2a: Corviknight|93\/100|[from] item: Leftovers\n|upkeep\n|turn|8\n|\n|t:|1700643137\n|move|p1a: Dragonite|Roost|p1a: Dragonite\n|-heal|p1a: Dragonite|71\/100\n|-singleturn|p1a: Dragonite|move: Roost\n|move|p2a: Corviknight|Brave Bird|p1a: Dragonite\n|-damage|p1a: Dragonite|30\/100\n|-damage|p2a: Corviknight|82\/100|[from] Recoil\n|\n|-heal|p2a: Corviknight|88\/100|[from] item: Leftovers\n|upkeep\n|turn|9\n|\n|t:|1700643147\n|move|p1a: Dragonite|Roost|p1a: Dragonite\n|-heal|p1a: Dragonite|80\/100\n|-singleturn|p1a: Dragonite|move: Roost\n|move|p2a: Corviknight|U-turn|p1a: Dragonite\n|-damage|p1a: Dragonite|65\/100\n|\n|t:|1700643176\n|switch|p2a: Urshifu|Urshifu, M|100\/100|[from] U-turn\n|\n|upkeep\n|turn|10\n|\n|t:|1700643184\n|move|p2a: Urshifu|Ice Punch|p1a: Dragonite\n|-supereffective|p1a: Dragonite\n|-damage|p1a: Dragonite|0 fnt\n|faint|p1a: Dragonite\n|\n|upkeep\n|\n|t:|1700643188\n|switch|p1a: Iron Bundle|Iron Bundle|100\/100\n|turn|11\n|\n|t:|1700643215\n|switch|p2a: Iron Valiant|Iron Valiant|100\/100\n|move|p1a: Iron Bundle|Freeze-Dry|p2a: Iron Valiant\n|-damage|p2a: Iron Valiant|36\/100\n|\n|upkeep\n|turn|12\n|\n|t:|1700643229\n|move|p1a: Iron Bundle|Freeze-Dry|p2a: Iron Valiant\n|-damage|p2a: Iron Valiant|0 fnt\n|faint|p2a: Iron Valiant\n|-end|p2a: Iron Valiant|Quark Drive|[silent]\n|\n|upkeep\n|\n|t:|1700643328\n|switch|p2a: Tapu Koko|Tapu Koko|100\/100\n|turn|13\n|c|\u2606Hades RFX|telepathy tapu koko is real\n|\n|t:|1700643341\n|-end|p1a: Iron Bundle|Quark Drive|[silent]\n|switch|p1a: Altaria|Altaria, M|77\/100\n|move|p2a: Tapu Koko|Volt Switch|p1a: Altaria\n|-damage|p1a: Altaria|38\/100\n|c|\u2606SCARCITY25|ive legit brought it more than surge koko at this point\n|c|\u2606Hades RFX|lol\n|c|\u2606SCARCITY25|i hate bundle\n|c|\u2606Hades RFX|idk why it got allowed\n|c|\u2606Hades RFX|mf is broken\n|c|\u2606SCARCITY25|fr\n|c|\u2606Hades RFX|i'm tryna convince a tera garg vote and a iron bundle ban, i might try annihilape more to see if it is still stuper broken\n|\n|t:|1700643454\n|switch|p2a: Urshifu|Urshifu, M|100\/100|[from] Volt Switch\n|\n|upkeep\n|turn|14\n|\n|t:|1700643474\n|detailschange|p1a: Altaria|Altaria-Mega, M\n|-mega|p1a: Altaria|Altaria|Altarianite\n|move|p2a: Urshifu|U-turn|p1a: Altaria\n|-resisted|p1a: Altaria\n|-damage|p1a: Altaria|28\/100\n|\n|t:|1700643478\n|switch|p2a: Corviknight|Corviknight, F|88\/100|[from] U-turn\n|-ability|p2a: Corviknight|Pressure\n|move|p1a: Altaria|Roost|p1a: Altaria\n|-heal|p1a: Altaria|78\/100\n|-singleturn|p1a: Altaria|move: Roost\n|\n|-heal|p2a: Corviknight|94\/100|[from] item: Leftovers\n|upkeep\n|turn|15\n|\n|t:|1700643490\n|move|p1a: Altaria|Dragon Dance|p1a: Altaria\n|-boost|p1a: Altaria|atk|1\n|-boost|p1a: Altaria|spe|1\n|move|p2a: Corviknight|U-turn|p1a: Altaria\n|-resisted|p1a: Altaria\n|-damage|p1a: Altaria|72\/100\n|\n|t:|1700643540\n|switch|p2a: Tapu Koko|Tapu Koko|100\/100|[from] U-turn\n|\n|upkeep\n|turn|16\n|\n|t:|1700643559\n|move|p1a: Altaria|Dragon Dance|p1a: Altaria\n|-boost|p1a: Altaria|atk|1\n|-boost|p1a: Altaria|spe|1\n|move|p2a: Tapu Koko|Dazzling Gleam|p1a: Altaria\n|-supereffective|p1a: Altaria\n|-damage|p1a: Altaria|0 fnt\n|faint|p1a: Altaria\n|\n|upkeep\n|c|\u2606Hades RFX|im blind\n|c|\u2606Hades RFX|i checked calc\n|c|\u2606Hades RFX|it says 2hko\n|c|\u2606Hades RFX|but thats because\n|c|\u2606Hades RFX|it got max atk evs for some reason\n|c|\u2606Hades RFX|and not spa\n|c|\u2606Hades RFX|lmao\n|c|\u2606SCARCITY25|rip\n|\n|t:|1700643603\n|switch|p1a: Dragapult|Dragapult, M|100\/100\n|turn|17\n|c|\u2606SCARCITY25|i shoulda just ice punched ngl\n|c|\u2606SCARCITY25|instead of corv\n|c|\u2606Hades RFX|nah i understand\n|c|\u2606SCARCITY25|but i was scared of letting bundle in again\n|c|\u2606Hades RFX|yeah\n|\n|t:|1700643630\n|move|p1a: Dragapult|Shadow Ball|p2a: Tapu Koko\n|-damage|p2a: Tapu Koko|26\/100\n|move|p2a: Tapu Koko|Dazzling Gleam|p1a: Dragapult\n|-supereffective|p1a: Dragapult\n|-damage|p1a: Dragapult|0 fnt\n|faint|p1a: Dragapult\n|\n|upkeep\n|c|\u2606Hades RFX|oh wow is that specs\n|\n|t:|1700643645\n|switch|p1a: Iron Bundle|Iron Bundle|100\/100\n|turn|18\n|c|\u2606Hades RFX|i lose this\n|c|\u2606Hades RFX|gg\n|c|\u2606SCARCITY25|gg\n|-message|Hades RFX forfeited.\n|\n|win|SCARCITY25\n","uploadtime":1700643666,"views":0,"p1id":"hadesrfx","p2id":"scarcity25","formatid":"gen9nationaldexubers","rating":0,"private":0,"password":""}