{"id":"gen9nationaldexubers-1994049364","p1":"Siege Team X","p2":"C0ld as Ice","format":"[Gen 9] National Dex Ubers","log":"|j|\u2606Siege Team X\n|j|\u2606C0ld as Ice\n|t:|1700399791\n|gametype|singles\n|player|p1|Siege Team X|veteran|1718\n|player|p2|C0ld as Ice|supernerd|1877\n|teamsize|p1|6\n|teamsize|p2|6\n|gen|9\n|tier|[Gen 9] National Dex Ubers\n|rated|\n|rule|HP Percentage Mod: HP is shown in percentages\n|rule|Endless Battle Clause: Forcing endless battles is banned\n|rule|OHKO Clause: OHKO moves are banned\n|rule|Evasion Moves Clause: Evasion moves are banned\n|rule|Evasion Items Clause: Evasion items are banned\n|rule|Species Clause: Limit one of each Pok\u00e9mon\n|rule|Sleep Clause Mod: Limit one foe put to sleep\n|rule|Mega Rayquaza Clause: You cannot mega evolve Rayquaza\n|clearpoke\n|poke|p1|Annihilape, M|\n|poke|p1|Genesect|\n|poke|p1|Yveltal|\n|poke|p1|Arceus-Flying|\n|poke|p1|Groudon|\n|poke|p1|Necrozma-Dusk-Mane|\n|poke|p2|Marshadow|\n|poke|p2|Ho-Oh|\n|poke|p2|Necrozma-Dusk-Mane|\n|poke|p2|Groudon, L99|\n|poke|p2|Arceus-Ground|\n|poke|p2|Yveltal|\n|teampreview\n|inactive|Battle timer is ON: inactive players will automatically lose when time's up. (requested by C0ld as Ice)\n|j| FuggetAboutIt12\n|\n|t:|1700399804\n|start\n|switch|p1a: Arceus|Arceus-Flying|100\/100\n|switch|p2a: Arceus|Arceus-Ground, shiny|100\/100\n|turn|1\n|\n|t:|1700399811\n|switch|p2a: Necrozma|Necrozma-Dusk-Mane, shiny|100\/100\n|move|p1a: Arceus|Ice Beam|p2a: Necrozma\n|-resisted|p2a: Necrozma\n|-damage|p2a: Necrozma|91\/100\n|\n|upkeep\n|turn|2\n|\n|t:|1700399818\n|switch|p1a: Groudon|Groudon, shiny|100\/100\n|detailschange|p1a: Groudon|Groudon-Primal, shiny\n|-primal|p1a: Groudon|Red Orb\n|-weather|DesolateLand|[from] ability: Desolate Land|[of] p1a: Groudon\n|move|p2a: Necrozma|Dragon Dance|p2a: Necrozma\n|-boost|p2a: Necrozma|atk|1\n|-boost|p2a: Necrozma|spe|1\n|\n|-weather|DesolateLand|[upkeep]\n|upkeep\n|turn|3\n|\n|t:|1700399827\n|switch|p2a: Arceus|Arceus-Ground, shiny|100\/100\n|-weather|none\n|switch|p1a: Yveltal|Yveltal, shiny|100\/100\n|-ability|p1a: Yveltal|Dark Aura\n|\n|upkeep\n|turn|4\n|\n|t:|1700399835\n|switch|p2a: Ho-Oh|Ho-Oh, shiny|100\/100\n|move|p1a: Yveltal|Dark Pulse|p2a: Ho-Oh\n|-damage|p2a: Ho-Oh|69\/100\n|\n|upkeep\n|turn|5\n|\n|t:|1700399845\n|switch|p1a: Necrozma|Necrozma-Dusk-Mane|100\/100\n|move|p2a: Ho-Oh|Sacred Fire|p1a: Necrozma\n|-supereffective|p1a: Necrozma\n|-damage|p1a: Necrozma|28\/100\n|-status|p1a: Necrozma|brn\n|-enditem|p1a: Necrozma|Weakness Policy\n|-boost|p1a: Necrozma|atk|2|[from] item: Weakness Policy\n|-boost|p1a: Necrozma|spa|2|[from] item: Weakness Policy\n|\n|-damage|p1a: Necrozma|22\/100 brn|[from] brn\n|upkeep\n|turn|6\n|\n|t:|1700399857\n|switch|p2a: Groudon|Groudon, L99, shiny|100\/100\n|detailschange|p2a: Groudon|Groudon-Primal, L99, shiny\n|-primal|p2a: Groudon|Red Orb\n|-weather|DesolateLand|[from] ability: Desolate Land|[of] p2a: Groudon\n|move|p1a: Necrozma|Sunsteel Strike|p2a: Groudon\n|-resisted|p2a: Groudon\n|-damage|p2a: Groudon|85\/100\n|\n|-weather|DesolateLand|[upkeep]\n|-damage|p1a: Necrozma|16\/100 brn|[from] brn\n|upkeep\n|turn|7\n|\n|t:|1700399869\n|-weather|none\n|switch|p2a: Yveltal|Yveltal, shiny|100\/100\n|-ability|p2a: Yveltal|Dark Aura\n|move|p1a: Necrozma|Earthquake|p2a: Yveltal\n|-immune|p2a: Yveltal\n|\n|-damage|p1a: Necrozma|10\/100 brn|[from] brn\n|upkeep\n|turn|8\n|\n|t:|1700399879\n|move|p2a: Yveltal|Foul Play|p1a: Necrozma\n|-supereffective|p1a: Necrozma\n|-damage|p1a: Necrozma|0 fnt\n|faint|p1a: Necrozma\n|\n|upkeep\n|\n|t:|1700399885\n|switch|p1a: Genesect|Genesect, shiny|100\/100\n|-ability|p1a: Genesect|Download|boost\n|-boost|p1a: Genesect|spa|1\n|turn|9\n|\n|t:|1700399890\n|move|p1a: Genesect|U-turn|p2a: Yveltal\n|-damage|p2a: Yveltal|67\/100\n|\n|t:|1700399893\n|switch|p1a: Arceus|Arceus-Flying|100\/100|[from] U-turn\n|move|p2a: Yveltal|Foul Play|p1a: Arceus\n|-damage|p1a: Arceus|68\/100\n|\n|upkeep\n|turn|10\n|\n|t:|1700399902\n|switch|p1a: Yveltal|Yveltal, shiny|100\/100\n|-ability|p1a: Yveltal|Dark Aura\n|move|p2a: Yveltal|Roost|p2a: Yveltal\n|-heal|p2a: Yveltal|100\/100\n|-singleturn|p2a: Yveltal|move: Roost\n|\n|upkeep\n|turn|11\n|\n|t:|1700399911\n|move|p1a: Yveltal|Oblivion Wing|p2a: Yveltal\n|-damage|p2a: Yveltal|67\/100\n|move|p2a: Yveltal|U-turn|p1a: Yveltal\n|-damage|p1a: Yveltal|82\/100\n|\n|t:|1700399928\n|switch|p2a: Ho-Oh|Ho-Oh, shiny|100\/100|[from] U-turn\n|\n|upkeep\n|turn|12\n|\n|t:|1700399936\n|switch|p1a: Groudon|Groudon-Primal, shiny|100\/100\n|-weather|DesolateLand|[from] ability: Desolate Land|[of] p1a: Groudon\n|move|p2a: Ho-Oh|Brave Bird|p1a: Groudon\n|-damage|p1a: Groudon|48\/100\n|-damage|p2a: Ho-Oh|84\/100|[from] Recoil\n|\n|-weather|DesolateLand|[upkeep]\n|upkeep\n|turn|13\n|\n|t:|1700399946\n|switch|p2a: Arceus|Arceus-Ground, shiny|100\/100\n|move|p1a: Groudon|Rock Tomb|p2a: Arceus\n|-resisted|p2a: Arceus\n|-damage|p2a: Arceus|94\/100\n|-unboost|p2a: Arceus|spe|1\n|\n|-weather|DesolateLand|[upkeep]\n|upkeep\n|turn|14\n|\n|t:|1700399954\n|-weather|none\n|switch|p1a: Arceus|Arceus-Flying|68\/100\n|move|p2a: Arceus|Judgment|p1a: Arceus\n|-immune|p1a: Arceus\n|\n|upkeep\n|turn|15\n|inactive|C0ld as Ice has 120 seconds left.\n|\n|t:|1700400013\n|switch|p2a: Ho-Oh|Ho-Oh, shiny|100\/100\n|move|p1a: Arceus|Judgment|p2a: Ho-Oh\n|-damage|p2a: Ho-Oh|70\/100\n|\n|upkeep\n|turn|16\n|\n|t:|1700400020\n|-terastallize|p1a: Arceus|Rock\n|move|p1a: Arceus|Tera Blast|p2a: Ho-Oh|[anim] Tera Blast Rock\n|-supereffective|p2a: Ho-Oh\n|-damage|p2a: Ho-Oh|0 fnt\n|faint|p2a: Ho-Oh\n|\n|upkeep\n|\n|t:|1700400028\n|switch|p2a: Marshadow|Marshadow|100\/100\n|turn|17\n|\n|t:|1700400032\n|switch|p1a: Yveltal|Yveltal, shiny|82\/100\n|-ability|p1a: Yveltal|Dark Aura\n|move|p2a: Marshadow|Close Combat|p1a: Yveltal\n|-damage|p1a: Yveltal|3\/100\n|-unboost|p2a: Marshadow|def|1\n|-unboost|p2a: Marshadow|spd|1\n|\n|upkeep\n|turn|18\n|inactive|C0ld as Ice has 120 seconds left.\n|\n|t:|1700400044\n|switch|p2a: Arceus|Arceus-Ground, shiny|94\/100\n|move|p1a: Yveltal|Oblivion Wing|p2a: Arceus\n|-damage|p2a: Arceus|65\/100\n|-heal|p1a: Yveltal|26\/100|[from] drain|[of] p2a: Arceus\n|\n|upkeep\n|turn|19\n|\n|t:|1700400056\n|switch|p1a: Arceus|Arceus-Flying, tera:Rock|68\/100\n|move|p2a: Arceus|Calm Mind|p2a: Arceus\n|-boost|p2a: Arceus|spa|1\n|-boost|p2a: Arceus|spd|1\n|\n|upkeep\n|turn|20\n|\n|t:|1700400064\n|move|p1a: Arceus|Ice Beam|p2a: Arceus\n|-supereffective|p2a: Arceus\n|-crit|p2a: Arceus\n|-damage|p2a: Arceus|13\/100\n|move|p2a: Arceus|Judgment|p1a: Arceus\n|-supereffective|p1a: Arceus\n|-damage|p1a: Arceus|0 fnt\n|faint|p1a: Arceus\n|\n|upkeep\n|\n|t:|1700400077\n|switch|p1a: Yveltal|Yveltal, shiny|26\/100\n|-ability|p1a: Yveltal|Dark Aura\n|turn|21\n|j| laprasplayer\n|\n|t:|1700400095\n|move|p1a: Yveltal|Foul Play|p2a: Arceus\n|-damage|p2a: Arceus|0 fnt\n|faint|p2a: Arceus\n|\n|upkeep\n|\n|t:|1700400101\n|switch|p2a: Yveltal|Yveltal, shiny|67\/100\n|-ability|p2a: Yveltal|Dark Aura\n|turn|22\n|\n|t:|1700400108\n|switch|p1a: Groudon|Groudon-Primal, shiny|48\/100\n|-weather|DesolateLand|[from] ability: Desolate Land|[of] p1a: Groudon\n|move|p2a: Yveltal|U-turn|p1a: Groudon\n|-resisted|p1a: Groudon\n|-damage|p1a: Groudon|42\/100\n|\n|t:|1700400112\n|switch|p2a: Marshadow|Marshadow|100\/100|[from] U-turn\n|\n|-weather|DesolateLand|[upkeep]\n|upkeep\n|turn|23\n|\n|t:|1700400118\n|move|p2a: Marshadow|Poltergeist|p1a: Groudon\n|-activate|p1a: Groudon|move: Poltergeist|Red Orb\n|-damage|p1a: Groudon|0 fnt\n|faint|p1a: Groudon\n|-weather|none\n|\n|upkeep\n|l| FuggetAboutIt12\n|\n|t:|1700400126\n|switch|p1a: Yveltal|Yveltal, shiny|26\/100\n|-ability|p1a: Yveltal|Dark Aura\n|turn|24\n|\n|t:|1700400131\n|switch|p2a: Yveltal|Yveltal, shiny|67\/100\n|-ability|p2a: Yveltal|Dark Aura\n|move|p1a: Yveltal|Oblivion Wing|p2a: Yveltal\n|-damage|p2a: Yveltal|32\/100\n|-heal|p1a: Yveltal|54\/100|[from] drain|[of] p2a: Yveltal\n|\n|upkeep\n|turn|25\n|\n|t:|1700400141\n|switch|p2a: Necrozma|Necrozma-Dusk-Mane, shiny|91\/100\n|move|p1a: Yveltal|Oblivion Wing|p2a: Necrozma\n|-resisted|p2a: Necrozma\n|-damage|p2a: Necrozma|76\/100\n|-heal|p1a: Yveltal|65\/100|[from] drain|[of] p2a: Necrozma\n|\n|upkeep\n|turn|26\n|\n|t:|1700400150\n|switch|p1a: Annihilape|Annihilape, M|100\/100\n|move|p2a: Necrozma|Dragon Dance|p2a: Necrozma\n|-boost|p2a: Necrozma|atk|1\n|-boost|p2a: Necrozma|spe|1\n|\n|upkeep\n|turn|27\n|\n|t:|1700400157\n|switch|p2a: Marshadow|Marshadow|100\/100\n|move|p1a: Annihilape|Final Gambit|p2a: Marshadow\n|-immune|p2a: Marshadow\n|\n|upkeep\n|turn|28\n|\n|t:|1700400168\n|switch|p1a: Yveltal|Yveltal, shiny|65\/100\n|-ability|p1a: Yveltal|Dark Aura\n|move|p2a: Marshadow|Poltergeist|p1a: Yveltal\n|-activate|p1a: Yveltal|move: Poltergeist|Choice Scarf\n|-resisted|p1a: Yveltal\n|-damage|p1a: Yveltal|25\/100\n|\n|upkeep\n|turn|29\n|\n|t:|1700400187\n|switch|p2a: Groudon|Groudon-Primal, L99, shiny|85\/100\n|-weather|DesolateLand|[from] ability: Desolate Land|[of] p2a: Groudon\n|move|p1a: Yveltal|U-turn|p2a: Groudon\n|-resisted|p2a: Groudon\n|-damage|p2a: Groudon|81\/100\n|\n|t:|1700400194\n|switch|p1a: Annihilape|Annihilape, M|100\/100|[from] U-turn\n|\n|-weather|DesolateLand|[upkeep]\n|upkeep\n|turn|30\n|\n|t:|1700400199\n|-weather|none\n|switch|p2a: Marshadow|Marshadow|100\/100\n|move|p1a: Annihilape|U-turn|p2a: Marshadow\n|-resisted|p2a: Marshadow\n|-damage|p2a: Marshadow|95\/100\n|\n|t:|1700400205\n|switch|p1a: Yveltal|Yveltal, shiny|25\/100|[from] U-turn\n|-ability|p1a: Yveltal|Dark Aura\n|\n|upkeep\n|turn|31\n|\n|t:|1700400211\n|-terastallize|p2a: Marshadow|Ghost\n|move|p2a: Marshadow|Shadow Sneak|p1a: Yveltal\n|-resisted|p1a: Yveltal\n|-damage|p1a: Yveltal|0 fnt\n|faint|p1a: Yveltal\n|\n|upkeep\n|\n|t:|1700400218\n|switch|p1a: Genesect|Genesect, shiny|100\/100\n|-ability|p1a: Genesect|Download|boost\n|-boost|p1a: Genesect|atk|1\n|turn|32\n|\n|t:|1700400222\n|move|p2a: Marshadow|Shadow Sneak|p1a: Genesect\n|-damage|p1a: Genesect|28\/100\n|move|p1a: Genesect|U-turn|p2a: Marshadow\n|-resisted|p2a: Marshadow\n|-damage|p2a: Marshadow|47\/100\n|\n|t:|1700400227\n|switch|p1a: Annihilape|Annihilape, M|100\/100|[from] U-turn\n|\n|upkeep\n|turn|33\n|\n|t:|1700400237\n|move|p2a: Marshadow|Shadow Sneak|p1a: Annihilape\n|-supereffective|p1a: Annihilape\n|-damage|p1a: Annihilape|0 fnt\n|faint|p1a: Annihilape\n|\n|upkeep\n|-message|Siege Team X forfeited.\n|\n|win|C0ld as Ice\n|raw|Siege Team X's rating: 1718 &rarr; <strong>1707<\/strong><br \/>(-11 for losing)\n|raw|C0ld as Ice's rating: 1877 &rarr; <strong>1888<\/strong><br \/>(+11 for winning)\n|l|\u2606Siege Team X\n","uploadtime":1700400685,"views":4,"p1id":"siegeteamx","p2id":"c0ldasice","formatid":"gen9nationaldexubers","rating":1707,"private":0,"password":""}