{"id":"gen9nationaldexubers-1988743908","p1":"Aroma Nobody","p2":"Just B3A$T","format":"[Gen 9] National Dex Ubers","log":"|j|\u2606Aroma Nobody\n|j|\u2606Just B3A$T\n|t:|1699757553\n|gametype|singles\n|player|p1|Aroma Nobody|turo-ai|\n|player|p2|Just B3A$T|noland|\n|teamsize|p1|6\n|teamsize|p2|6\n|gen|9\n|tier|[Gen 9] National Dex Ubers\n|rule|HP Percentage Mod: HP is shown in percentages\n|rule|Endless Battle Clause: Forcing endless battles is banned\n|rule|OHKO Clause: OHKO moves are banned\n|rule|Evasion Moves Clause: Evasion moves are banned\n|rule|Evasion Items Clause: Evasion items are banned\n|rule|Species Clause: Limit one of each Pok\u00e9mon\n|rule|Sleep Clause Mod: Limit one foe put to sleep\n|rule|Mega Rayquaza Clause: You cannot mega evolve Rayquaza\n|clearpoke\n|poke|p1|Walking Wake|\n|poke|p1|Torkoal, M|\n|poke|p1|Urshifu-*, M|\n|poke|p1|Iron Bundle|\n|poke|p1|Greninja-*, F|\n|poke|p1|Slowbro, M|\n|poke|p2|Ogerpon-Wellspring, F|\n|poke|p2|Gallade, M|\n|poke|p2|Dragapult, M|\n|poke|p2|Heatran, M|\n|poke|p2|Ting-Lu|\n|poke|p2|Rotom-Fan|\n|teampreview\n|inactive|Battle timer is ON: inactive players will automatically lose when time's up. (requested by Just B3A$T)\n|c|\u2606Just B3A$T|same stuff, huh?\n|c|\u2606Aroma Nobody|glhf\n|c|\u2606Just B3A$T|well\n|c|\u2606Just B3A$T|u2\n|\n|t:|1699757575\n|start\n|switch|p1a: Iron Bundle|Iron Bundle|100\/100\n|switch|p2a: child exploiter|Dragapult, M, shiny|100\/100\n|turn|1\n|c|\u2606Aroma Nobody|worked well last time XD\n|\n|t:|1699757584\n|move|p2a: child exploiter|Thunderbolt|p1a: Iron Bundle\n|-supereffective|p1a: Iron Bundle\n|-crit|p1a: Iron Bundle\n|-damage|p1a: Iron Bundle|0 fnt\n|faint|p1a: Iron Bundle\n|-end|p1a: Iron Bundle|Quark Drive|[silent]\n|\n|upkeep\n|c|\u2606Just B3A$T|huh\n|\n|t:|1699757592\n|switch|p1a: Walking Wake|Walking Wake|100\/100\n|-enditem|p1a: Walking Wake|Booster Energy\n|-activate|p1a: Walking Wake|ability: Protosynthesis|[fromitem]\n|-start|p1a: Walking Wake|protosynthesisspa\n|turn|2\n|c|\u2606Just B3A$T|damn\n|\n|t:|1699757606\n|switch|p2a: Steampunk|Heatran, M|100\/100\n|-item|p2a: Steampunk|Air Balloon\n|move|p1a: Walking Wake|Dragon Pulse|p2a: Steampunk\n|-resisted|p2a: Steampunk\n|-damage|p2a: Steampunk|84\/100\n|-enditem|p2a: Steampunk|Air Balloon\n|\n|upkeep\n|turn|3\n|\n|t:|1699757611\n|move|p1a: Walking Wake|Hydro Steam|p2a: Steampunk\n|-supereffective|p2a: Steampunk\n|-damage|p2a: Steampunk|13\/100\n|move|p2a: Steampunk|Will-O-Wisp|p1a: Walking Wake\n|-status|p1a: Walking Wake|brn\n|\n|-damage|p1a: Walking Wake|94\/100 brn|[from] brn\n|upkeep\n|turn|4\n|\n|t:|1699757617\n|switch|p2a: It's Oger For You!|Ogerpon-Wellspring, F|100\/100\n|move|p1a: Walking Wake|Hydro Steam|p2a: It's Oger For You!\n|-immune|p2a: It's Oger For You!|[from] ability: Water Absorb\n|\n|-damage|p1a: Walking Wake|88\/100 brn|[from] brn\n|upkeep\n|turn|5\n|\n|t:|1699757633\n|-terastallize|p2a: It's Oger For You!|Water\n|detailschange|p2a: It's Oger For You!|Ogerpon-Wellspring-Tera, F, tera:Water\n|-ability|p2a: It's Oger For You!|Embody Aspect (Wellspring)|boost\n|-boost|p2a: It's Oger For You!|spd|1\n|move|p2a: It's Oger For You!|Trailblaze|p1a: Walking Wake\n|-damage|p1a: Walking Wake|56\/100 brn\n|-boost|p2a: It's Oger For You!|spe|1\n|move|p1a: Walking Wake|Dragon Pulse|p2a: It's Oger For You!\n|-damage|p2a: It's Oger For You!|53\/100\n|\n|-damage|p1a: Walking Wake|50\/100 brn|[from] brn\n|upkeep\n|turn|6\n|c|\u2606Aroma Nobody|i hate lag, I clicked dragon pulse predicting the switch D:\n|\n|t:|1699757644\n|move|p2a: It's Oger For You!|Play Rough|p1a: Walking Wake\n|-supereffective|p1a: Walking Wake\n|-damage|p1a: Walking Wake|0 fnt\n|faint|p1a: Walking Wake\n|-end|p1a: Walking Wake|Protosynthesis|[silent]\n|\n|upkeep\n|c|\u2606Just B3A$T|right\n|\n|t:|1699757665\n|switch|p1a: Urshifu|Urshifu-Rapid-Strike, M|100\/100\n|turn|7\n|\n|t:|1699757684\n|move|p2a: It's Oger For You!|Play Rough|p1a: Urshifu\n|-supereffective|p1a: Urshifu\n|-damage|p1a: Urshifu|31\/100\n|move|p1a: Urshifu|Close Combat|p2a: It's Oger For You!\n|-damage|p2a: It's Oger For You!|0 fnt\n|-unboost|p1a: Urshifu|def|1\n|-unboost|p1a: Urshifu|spd|1\n|faint|p2a: It's Oger For You!\n|\n|upkeep\n|\n|t:|1699757690\n|switch|p2a: spinner!!!|Rotom-Fan|100\/100\n|turn|8\n|\n|t:|1699757694\n|switch|p1a: Torkoal|Torkoal, M|100\/100\n|-weather|SunnyDay|[from] ability: Drought|[of] p1a: Torkoal\n|move|p2a: spinner!!!|Volt Switch|p1a: Torkoal\n|-damage|p1a: Torkoal|59\/100\n|\n|t:|1699757698\n|switch|p2a: Steampunk|Heatran, M|13\/100|[from] Volt Switch\n|\n|-weather|SunnyDay|[upkeep]\n|upkeep\n|turn|9\n|\n|t:|1699757702\n|move|p2a: Steampunk|Earth Power|p1a: Torkoal\n|-supereffective|p1a: Torkoal\n|-damage|p1a: Torkoal|0 fnt\n|faint|p1a: Torkoal\n|\n|-weather|SunnyDay|[upkeep]\n|upkeep\n|\n|t:|1699757706\n|switch|p1a: Slowbro|Slowbro, M|100\/100\n|turn|10\n|\n|t:|1699757713\n|detailschange|p1a: Slowbro|Slowbro-Mega, M\n|-mega|p1a: Slowbro|Slowbro|Slowbronite\n|move|p2a: Steampunk|Taunt|p1a: Slowbro\n|-start|p1a: Slowbro|move: Taunt\n|cant|p1a: Slowbro|move: Taunt|Calm Mind\n|\n|-weather|SunnyDay|[upkeep]\n|upkeep\n|turn|11\n|\n|t:|1699757717\n|move|p2a: Steampunk|Will-O-Wisp|p1a: Slowbro\n|-status|p1a: Slowbro|brn\n|move|p1a: Slowbro|Scald|p2a: Steampunk\n|-supereffective|p2a: Steampunk\n|-crit|p2a: Steampunk\n|-damage|p2a: Steampunk|0 fnt\n|faint|p2a: Steampunk\n|\n|-weather|SunnyDay|[upkeep]\n|-damage|p1a: Slowbro|94\/100 brn|[from] brn\n|upkeep\n|c|\u2606Aroma Nobody|well that's rude\n|\n|t:|1699757723\n|switch|p2a: spinner!!!|Rotom-Fan|100\/100\n|turn|12\n|\n|t:|1699757728\n|move|p2a: spinner!!!|Volt Switch|p1a: Slowbro\n|-supereffective|p1a: Slowbro\n|-damage|p1a: Slowbro|27\/100 brn\n|\n|t:|1699757732\n|switch|p2a: cauldron bull|Ting-Lu|100\/100|[from] Volt Switch\n|-ability|p2a: cauldron bull|Vessel of Ruin\n|move|p1a: Slowbro|Scald|p2a: cauldron bull\n|-supereffective|p2a: cauldron bull\n|-damage|p2a: cauldron bull|81\/100\n|\n|-weather|none\n|-damage|p1a: Slowbro|21\/100 brn|[from] brn\n|-end|p1a: Slowbro|move: Taunt\n|upkeep\n|turn|13\n|c|\u2606Aroma Nobody|scald should have a higher burn chance in sun\n|\n|t:|1699757743\n|move|p2a: cauldron bull|Stealth Rock|p1a: Slowbro\n|-sidestart|p1: Aroma Nobody|move: Stealth Rock\n|move|p1a: Slowbro|Slack Off|p1a: Slowbro\n|-heal|p1a: Slowbro|71\/100 brn\n|\n|-damage|p1a: Slowbro|65\/100 brn|[from] brn\n|upkeep\n|turn|14\n|\n|t:|1699757747\n|move|p1a: Slowbro|Calm Mind|p1a: Slowbro\n|-boost|p1a: Slowbro|spa|1\n|-boost|p1a: Slowbro|spd|1\n|move|p2a: cauldron bull|Whirlwind|p1a: Slowbro\n|drag|p1a: Greninja|Greninja, F|100\/100\n|-damage|p1a: Greninja|88\/100|[from] Stealth Rock\n|\n|upkeep\n|turn|15\n|\n|t:|1699757753\n|move|p1a: Greninja|Ice Beam|p2a: cauldron bull\n|-start|p1a: Greninja|typechange|Ice|[from] ability: Protean\n|-supereffective|p2a: cauldron bull\n|-damage|p2a: cauldron bull|37\/100\n|move|p2a: cauldron bull|Earthquake|p1a: Greninja\n|-damage|p1a: Greninja|27\/100\n|\n|upkeep\n|turn|16\n|c|\u2606Just B3A$T|true\n|\n|t:|1699757760\n|move|p1a: Greninja|Ice Beam|p2a: cauldron bull\n|-supereffective|p2a: cauldron bull\n|-damage|p2a: cauldron bull|0 fnt\n|faint|p2a: cauldron bull\n|\n|upkeep\n|\n|t:|1699757765\n|switch|p2a: Ronin|Gallade, M, shiny|100\/100\n|turn|17\n|\n|t:|1699757771\n|switch|p1a: Slowbro|Slowbro-Mega, M|65\/100 brn\n|-damage|p1a: Slowbro|53\/100 brn|[from] Stealth Rock\n|detailschange|p2a: Ronin|Gallade-Mega, M, shiny\n|-mega|p2a: Ronin|Gallade|Galladite\n|move|p2a: Ronin|Shadow Sneak|p1a: Slowbro\n|-supereffective|p1a: Slowbro\n|-damage|p1a: Slowbro|39\/100 brn\n|\n|-damage|p1a: Slowbro|33\/100 brn|[from] brn\n|upkeep\n|turn|18\n|\n|t:|1699757773\n|move|p2a: Ronin|Leaf Blade|p1a: Slowbro\n|-supereffective|p1a: Slowbro\n|-damage|p1a: Slowbro|2\/100 brn\n|move|p1a: Slowbro|Scald|p2a: Ronin\n|-damage|p2a: Ronin|63\/100\n|\n|-damage|p1a: Slowbro|0 fnt|[from] brn\n|faint|p1a: Slowbro\n|upkeep\n|\n|t:|1699757777\n|switch|p1a: Urshifu|Urshifu-Rapid-Strike, M|31\/100\n|-damage|p1a: Urshifu|25\/100|[from] Stealth Rock\n|turn|19\n|c|\u2606Just B3A$T|this ain't Scarf\n|inactive|Aroma Nobody has 270 seconds left.\n|c|\u2606Just B3A$T|cause Oger outsped it\n|\n|t:|1699757816\n|move|p2a: Ronin|Leaf Blade|p1a: Urshifu\n|-supereffective|p1a: Urshifu\n|-crit|p1a: Urshifu\n|-damage|p1a: Urshifu|0 fnt\n|faint|p1a: Urshifu\n|\n|upkeep\n|\n|t:|1699757819\n|switch|p1a: Greninja|Greninja, F|27\/100\n|-damage|p1a: Greninja|15\/100|[from] Stealth Rock\n|turn|20\n|c|\u2606Just B3A$T|gg\n|\n|t:|1699757825\n|move|p2a: Ronin|Shadow Sneak|p1a: Greninja\n|-resisted|p1a: Greninja\n|-damage|p1a: Greninja|1\/100\n|move|p1a: Greninja|Ice Beam|p2a: Ronin\n|-start|p1a: Greninja|typechange|Ice|[from] ability: Protean\n|-damage|p2a: Ronin|16\/100\n|\n|upkeep\n|turn|21\n|c|\u2606Aroma Nobody|gg\n|c|\u2606Aroma Nobody|should've just aqua jetted\n|\n|t:|1699757832\n|move|p2a: Ronin|Shadow Sneak|p1a: Greninja\n|-damage|p1a: Greninja|0 fnt\n|faint|p1a: Greninja\n|\n|win|Just B3A$T\n|c|\u2606Just B3A$T|Yep\n","uploadtime":1699757841,"views":6,"p1id":"aromanobody","p2id":"justb3at","formatid":"gen9nationaldexubers","rating":0,"private":0,"password":""}