{"id":"gen9nationaldexubers-1998912806","p1":"Tytheguy004","p2":"Razorgliscor472","format":"[Gen 9] National Dex Ubers","log":"|j|\u2606Tytheguy004\n|j|\u2606Razorgliscor472\n|t:|1701012258\n|gametype|singles\n|player|p1|Tytheguy004|scientist-gen4dp|\n|player|p2|Razorgliscor472|170|\n|teamsize|p1|6\n|teamsize|p2|6\n|gen|9\n|tier|[Gen 9] National Dex Ubers\n|rule|HP Percentage Mod: HP is shown in percentages\n|rule|Endless Battle Clause: Forcing endless battles is banned\n|rule|OHKO Clause: OHKO moves are banned\n|rule|Evasion Moves Clause: Evasion moves are banned\n|rule|Evasion Items Clause: Evasion items are banned\n|rule|Species Clause: Limit one of each Pok\u00e9mon\n|rule|Sleep Clause Mod: Limit one foe put to sleep\n|rule|Mega Rayquaza Clause: You cannot mega evolve Rayquaza\n|clearpoke\n|poke|p1|Beedrill, F|\n|poke|p1|Tapu Lele|\n|poke|p1|Sneasler, F|\n|poke|p1|Blaziken, F|\n|poke|p1|Serperior, M|\n|poke|p1|Iron Valiant|\n|poke|p2|Sandy Shocks|\n|poke|p2|Zygarde|\n|poke|p2|Landorus-Therian, M|\n|poke|p2|Great Tusk|\n|poke|p2|Excadrill, M|\n|poke|p2|Manaphy|\n|teampreview\n|c|\u2606Tytheguy004|Oh new team interesting\n|\n|t:|1701012277\n|start\n|switch|p1a: Beedrill|Beedrill, F|100\/100\n|switch|p2a: Sandy Shocks|Sandy Shocks|100\/100\n|-enditem|p2a: Sandy Shocks|Booster Energy\n|-activate|p2a: Sandy Shocks|ability: Protosynthesis|[fromitem]\n|-start|p2a: Sandy Shocks|protosynthesisspe\n|turn|1\n|\n|t:|1701012319\n|detailschange|p1a: Beedrill|Beedrill-Mega, F\n|-mega|p1a: Beedrill|Beedrill|Beedrillite\n|move|p2a: Sandy Shocks|Stealth Rock|p1a: Beedrill\n|-sidestart|p1: Tytheguy004|move: Stealth Rock\n|move|p1a: Beedrill|Toxic Spikes|p2a: Sandy Shocks\n|-sidestart|p2: Razorgliscor472|move: Toxic Spikes\n|\n|upkeep\n|turn|2\n|\n|t:|1701012323\n|move|p2a: Sandy Shocks|Spikes|p1a: Beedrill\n|-sidestart|p1: Tytheguy004|Spikes\n|move|p1a: Beedrill|Knock Off|p2a: Sandy Shocks\n|-damage|p2a: Sandy Shocks|72\/100\n|\n|upkeep\n|turn|3\n|\n|t:|1701012330\n|move|p2a: Sandy Shocks|Spikes|p1a: Beedrill\n|-sidestart|p1: Tytheguy004|Spikes\n|move|p1a: Beedrill|U-turn|p2a: Sandy Shocks\n|-damage|p2a: Sandy Shocks|12\/100\n|\n|t:|1701012331\n|switch|p1a: Serperior|Serperior, M|100\/100|[from] U-turn\n|-damage|p1a: Serperior|88\/100|[from] Stealth Rock\n|-damage|p1a: Serperior|71\/100|[from] Spikes\n|\n|upkeep\n|turn|4\n|\n|t:|1701012341\n|move|p2a: Sandy Shocks|Tera Blast|p1a: Serperior\n|-damage|p1a: Serperior|44\/100\n|move|p1a: Serperior|Leaf Storm|p2a: Sandy Shocks\n|-supereffective|p2a: Sandy Shocks\n|-damage|p2a: Sandy Shocks|0 fnt\n|-boost|p1a: Serperior|spa|2\n|faint|p2a: Sandy Shocks\n|-end|p2a: Sandy Shocks|Protosynthesis|[silent]\n|\n|upkeep\n|\n|t:|1701012348\n|switch|p2a: Zygarde|Zygarde|100\/100\n|-status|p2a: Zygarde|psn\n|-ability|p2a: Zygarde|Aura Break\n|turn|5\n|\n|t:|1701012355\n|-terastallize|p2a: Zygarde|Steel\n|move|p1a: Serperior|Leaf Storm|p2a: Zygarde\n|-resisted|p2a: Zygarde\n|-damage|p2a: Zygarde|71\/100 psn\n|-boost|p1a: Serperior|spa|2\n|move|p2a: Zygarde|Dragon Tail|p1a: Serperior|[miss]\n|-miss|p2a: Zygarde|p1a: Serperior\n|\n|-heal|p2a: Zygarde|77\/100 psn|[from] item: Leftovers\n|-damage|p2a: Zygarde|64\/100 psn|[from] psn\n|upkeep\n|turn|6\n|\n|t:|1701012360\n|move|p1a: Serperior|Hidden Power|p2a: Zygarde\n|-supereffective|p2a: Zygarde\n|-damage|p2a: Zygarde|8\/100 psn\n|move|p2a: Zygarde|Dragon Tail|p1a: Serperior\n|-damage|p1a: Serperior|16\/100\n|drag|p1a: Tapu Lele|Tapu Lele|100\/100\n|-damage|p1a: Tapu Lele|88\/100|[from] Stealth Rock\n|-damage|p1a: Tapu Lele|72\/100|[from] Spikes\n|-fieldstart|move: Psychic Terrain|[from] ability: Psychic Surge|[of] p1a: Tapu Lele\n|\n|-heal|p2a: Zygarde|14\/100 psn|[from] item: Leftovers\n|-damage|p2a: Zygarde|1\/100 psn|[from] psn\n|upkeep\n|turn|7\n|\n|t:|1701012365\n|move|p1a: Tapu Lele|Psychic|p2a: Zygarde\n|-resisted|p2a: Zygarde\n|-damage|p2a: Zygarde|0 fnt\n|faint|p2a: Zygarde\n|\n|upkeep\n|\n|t:|1701012369\n|switch|p2a: Excadrill|Excadrill, M|100\/100\n|-ability|p2a: Excadrill|Mold Breaker\n|turn|8\n|\n|t:|1701012379\n|switch|p1a: Serperior|Serperior, M|16\/100\n|-damage|p1a: Serperior|3\/100|[from] Stealth Rock\n|-damage|p1a: Serperior|0 fnt|[from] Spikes\n|faint|p1a: Serperior\n|move|p2a: Excadrill|Rapid Spin|p1: Serperior|[notarget]\n|-fail|p2a: Excadrill\n|\n|upkeep\n|\n|t:|1701012391\n|switch|p1a: Sneasler|Sneasler, F|100\/100\n|-damage|p1a: Sneasler|95\/100|[from] Stealth Rock\n|-damage|p1a: Sneasler|78\/100|[from] Spikes\n|-enditem|p1a: Sneasler|Psychic Seed\n|-boost|p1a: Sneasler|spd|1|[from] item: Psychic Seed\n|turn|9\n|\n|t:|1701012433\n|switch|p2a: Landorus|Landorus-Therian, M|100\/100\n|-ability|p2a: Landorus|Intimidate|boost\n|-unboost|p1a: Sneasler|atk|1\n|-terastallize|p1a: Sneasler|Flying\n|move|p1a: Sneasler|Close Combat|p2a: Landorus\n|-resisted|p2a: Landorus\n|-damage|p2a: Landorus|73\/100\n|-unboost|p1a: Sneasler|def|1\n|-unboost|p1a: Sneasler|spd|1\n|\n|upkeep\n|turn|10\n|\n|t:|1701012444\n|switch|p1a: Beedrill|Beedrill-Mega, F|100\/100\n|-damage|p1a: Beedrill|76\/100|[from] Stealth Rock\n|-damage|p1a: Beedrill|59\/100|[from] Spikes\n|move|p2a: Landorus|Rock Polish|p2a: Landorus\n|-boost|p2a: Landorus|spe|2\n|\n|-fieldend|move: Psychic Terrain\n|upkeep\n|turn|11\n|\n|t:|1701012545\n|move|p2a: Landorus|Earthquake|p1a: Beedrill\n|-damage|p1a: Beedrill|0 fnt\n|faint|p1a: Beedrill\n|\n|upkeep\n|\n|t:|1701012548\n|switch|p1a: Iron Valiant|Iron Valiant|100\/100\n|-damage|p1a: Iron Valiant|94\/100|[from] Stealth Rock\n|-damage|p1a: Iron Valiant|78\/100|[from] Spikes\n|-enditem|p1a: Iron Valiant|Booster Energy\n|-activate|p1a: Iron Valiant|ability: Quark Drive|[fromitem]\n|-start|p1a: Iron Valiant|quarkdrivespe\n|turn|12\n|\n|t:|1701012578\n|move|p2a: Landorus|Earthquake|p1a: Iron Valiant\n|-damage|p1a: Iron Valiant|0 fnt\n|faint|p1a: Iron Valiant\n|-end|p1a: Iron Valiant|Quark Drive|[silent]\n|\n|upkeep\n|\n|t:|1701012581\n|switch|p1a: Sneasler|Sneasler, F, tera:Flying|78\/100\n|-damage|p1a: Sneasler|53\/100|[from] Stealth Rock\n|turn|13\n|\n|t:|1701012585\n|move|p2a: Landorus|Stone Edge|p1a: Sneasler\n|-supereffective|p1a: Sneasler\n|-damage|p1a: Sneasler|0 fnt\n|faint|p1a: Sneasler\n|\n|upkeep\n|\n|t:|1701012587\n|switch|p1a: Blaziken|Blaziken, F|100\/100\n|-damage|p1a: Blaziken|88\/100|[from] Stealth Rock\n|-damage|p1a: Blaziken|72\/100|[from] Spikes\n|turn|14\n|\n|t:|1701012591\n|move|p2a: Landorus|Earthquake|p1a: Blaziken\n|-supereffective|p1a: Blaziken\n|-enditem|p1a: Blaziken|Shuca Berry|[eat]\n|-enditem|p1a: Blaziken|Shuca Berry|[weaken]\n|-damage|p1a: Blaziken|0 fnt\n|faint|p1a: Blaziken\n|\n|upkeep\n|\n|t:|1701012595\n|switch|p1a: Tapu Lele|Tapu Lele|72\/100\n|-damage|p1a: Tapu Lele|59\/100|[from] Stealth Rock\n|-damage|p1a: Tapu Lele|43\/100|[from] Spikes\n|-fieldstart|move: Psychic Terrain|[from] ability: Psychic Surge|[of] p1a: Tapu Lele\n|turn|15\n|c|\u2606Tytheguy004|Gg\n|\n|t:|1701012621\n|move|p2a: Landorus|Earthquake|p1a: Tapu Lele\n|-damage|p1a: Tapu Lele|0 fnt\n|faint|p1a: Tapu Lele\n|\n|win|Razorgliscor472\n|c|\u2606Tytheguy004|I was like 0.1 seconds from putting defog on Serperior\n|l|\u2606Tytheguy004\n","uploadtime":1701012705,"views":3,"p1id":"tytheguy004","p2id":"razorgliscor472","formatid":"gen9nationaldexubers","rating":0,"private":0,"password":""}