{"id":"gen9nationaldexubers-1999289525","p1":"KingoftheTitans","p2":"Phillip the red","format":"[Gen 9] National Dex Ubers","log":"|j|\u2606KingoftheTitans\n|j|\u2606Phillip the red\n|t:|1701055621\n|gametype|singles\n|player|p1|KingoftheTitans|1|1362\n|player|p2|Phillip the red|will|1429\n|teamsize|p1|6\n|teamsize|p2|6\n|gen|9\n|tier|[Gen 9] National Dex Ubers\n|rated|\n|rule|HP Percentage Mod: HP is shown in percentages\n|rule|Endless Battle Clause: Forcing endless battles is banned\n|rule|OHKO Clause: OHKO moves are banned\n|rule|Evasion Moves Clause: Evasion moves are banned\n|rule|Evasion Items Clause: Evasion items are banned\n|rule|Species Clause: Limit one of each Pok\u00e9mon\n|rule|Sleep Clause Mod: Limit one foe put to sleep\n|rule|Mega Rayquaza Clause: You cannot mega evolve Rayquaza\n|clearpoke\n|poke|p1|Tornadus, M|\n|poke|p1|Basculegion, M|\n|poke|p1|Druddigon, M|\n|poke|p1|Iron Thorns|\n|poke|p1|Torterra, M|\n|poke|p1|Aggron, M|\n|poke|p2|Tapu Lele|\n|poke|p2|Alakazam, M|\n|poke|p2|Ho-Oh|\n|poke|p2|Urshifu-*, F|\n|poke|p2|Palkia-Origin|\n|poke|p2|Zacian-*|\n|teampreview\n|inactive|Battle timer is ON: inactive players will automatically lose when time's up. (requested by Phillip the red)\n|inactive|Phillip the red has 120 seconds left.\n|\n|t:|1701055655\n|start\n|switch|p1a: Iron Thorns|Iron Thorns|100\/100\n|switch|p2a: Tapu Lele|Tapu Lele|100\/100\n|-fieldstart|move: Psychic Terrain|[from] ability: Psychic Surge|[of] p2a: Tapu Lele\n|-item|p1a: Iron Thorns|Air Balloon\n|turn|1\n|\n|t:|1701055673\n|move|p2a: Tapu Lele|Focus Blast|p1a: Iron Thorns\n|-supereffective|p1a: Iron Thorns\n|-damage|p1a: Iron Thorns|7\/100\n|-enditem|p1a: Iron Thorns|Air Balloon\n|move|p1a: Iron Thorns|Dragon Dance|p1a: Iron Thorns\n|-boost|p1a: Iron Thorns|atk|1\n|-boost|p1a: Iron Thorns|spe|1\n|\n|upkeep\n|turn|2\n|\n|t:|1701055681\n|move|p2a: Tapu Lele|Focus Blast|p1a: Iron Thorns\n|-supereffective|p1a: Iron Thorns\n|-damage|p1a: Iron Thorns|0 fnt\n|faint|p1a: Iron Thorns\n|-end|p1a: Iron Thorns|Quark Drive|[silent]\n|\n|upkeep\n|inactive|KingoftheTitans has 120 seconds left.\n|\n|t:|1701055735\n|switch|p1a: Druddigon|Druddigon, M, shiny|100\/100\n|turn|3\n|\n|t:|1701055744\n|switch|p2a: Zacian|Zacian-Crowned|100\/100\n|-ability|p2a: Zacian|Intrepid Sword|boost\n|-boost|p2a: Zacian|atk|1\n|-terastallize|p1a: Druddigon|Steel\n|move|p1a: Druddigon|Glare|p2a: Zacian\n|-status|p2a: Zacian|par\n|\n|upkeep\n|turn|4\n|c|\u2606KingoftheTitans|BRUH\n|\n|t:|1701055761\n|cant|p2a: Zacian|par\n|move|p1a: Druddigon|Iron Head|p2a: Zacian\n|-damage|p2a: Zacian|57\/100 par\n|\n|upkeep\n|turn|5\n|\n|t:|1701055770\n|switch|p1a: Torterra|Torterra, M|100\/100\n|move|p2a: Zacian|Close Combat|p1a: Torterra\n|-damage|p1a: Torterra|27\/100\n|-unboost|p2a: Zacian|def|1\n|-unboost|p2a: Zacian|spd|1\n|\n|-fieldend|move: Psychic Terrain\n|upkeep\n|turn|6\n|\n|t:|1701055778\n|move|p1a: Torterra|Shell Smash|p1a: Torterra\n|-unboost|p1a: Torterra|def|1\n|-unboost|p1a: Torterra|spd|1\n|-boost|p1a: Torterra|atk|2\n|-boost|p1a: Torterra|spa|2\n|-boost|p1a: Torterra|spe|2\n|move|p2a: Zacian|Behemoth Blade|p1a: Torterra\n|-damage|p1a: Torterra|0 fnt\n|faint|p1a: Torterra\n|\n|upkeep\n|c|\u2606KingoftheTitans|Para pls\n|c|\u2606KingoftheTitans|OH COME ON\n|\n|t:|1701055792\n|switch|p1a: Aggron|Aggron, M, shiny|100\/100\n|turn|7\n|\n|t:|1701055796\n|detailschange|p1a: Aggron|Aggron-Mega, M, shiny\n|-mega|p1a: Aggron|Aggron|Aggronite\n|move|p2a: Zacian|Close Combat|p1a: Aggron\n|-supereffective|p1a: Aggron\n|-damage|p1a: Aggron|52\/100\n|-unboost|p2a: Zacian|def|1\n|-unboost|p2a: Zacian|spd|1\n|move|p1a: Aggron|Body Press|p2a: Zacian\n|-damage|p2a: Zacian|0 fnt\n|faint|p2a: Zacian\n|\n|upkeep\n|c|\u2606KingoftheTitans|BRUH\n|\n|t:|1701055823\n|switch|p2a: Urshifu|Urshifu, F|100\/100\n|turn|8\n|\n|t:|1701055826\n|move|p2a: Urshifu|Wicked Blow|p1a: Aggron\n|-crit|p1a: Aggron\n|-damage|p1a: Aggron|10\/100\n|move|p1a: Aggron|Body Press|p2a: Urshifu\n|-supereffective|p2a: Urshifu\n|-damage|p2a: Urshifu|18\/100\n|\n|upkeep\n|turn|9\n|\n|t:|1701055833\n|switch|p1a: Druddigon|Druddigon, M, shiny, tera:Steel|100\/100\n|move|p2a: Urshifu|Wicked Blow|p1a: Druddigon\n|-crit|p1a: Druddigon\n|-damage|p1a: Druddigon|3\/100\n|-damage|p2a: Urshifu|5\/100|[from] ability: Rough Skin|[of] p1a: Druddigon\n|-damage|p2a: Urshifu|0 fnt|[from] item: Rocky Helmet|[of] p1a: Druddigon\n|faint|p2a: Urshifu\n|\n|upkeep\n|\n|t:|1701055839\n|switch|p2a: Tapu Lele|Tapu Lele|100\/100\n|-fieldstart|move: Psychic Terrain|[from] ability: Psychic Surge|[of] p2a: Tapu Lele\n|turn|10\n|\n|t:|1701055844\n|move|p2a: Tapu Lele|Moonblast|p1a: Druddigon\n|-resisted|p1a: Druddigon\n|-damage|p1a: Druddigon|0 fnt\n|faint|p1a: Druddigon\n|\n|upkeep\n|\n|t:|1701055851\n|switch|p1a: Aggron|Aggron-Mega, M, shiny|10\/100\n|turn|11\n|\n|t:|1701055854\n|move|p2a: Tapu Lele|Moonblast|p1a: Aggron\n|-resisted|p1a: Aggron\n|-damage|p1a: Aggron|0 fnt\n|faint|p1a: Aggron\n|\n|upkeep\n|\n|t:|1701055860\n|switch|p1a: Tornadus|Tornadus, M|100\/100\n|turn|12\n|\n|t:|1701055866\n|move|p1a: Tornadus|Tailwind|p1a: Tornadus\n|-sidestart|p1: KingoftheTitans|move: Tailwind\n|move|p2a: Tapu Lele|Moonblast|p1a: Tornadus\n|-damage|p1a: Tornadus|28\/100\n|\n|upkeep\n|turn|13\n|\n|t:|1701055875\n|switch|p2a: Ho-Oh|Ho-Oh|100\/100\n|move|p1a: Tornadus|Hurricane|p2a: Ho-Oh\n|-damage|p2a: Ho-Oh|72\/100\n|-start|p2a: Ho-Oh|confusion\n|\n|upkeep\n|turn|14\n|\n|t:|1701055882\n|move|p1a: Tornadus|Hurricane|p2a: Ho-Oh\n|-damage|p2a: Ho-Oh|42\/100\n|-activate|p2a: Ho-Oh|confusion\n|move|p2a: Ho-Oh|Thunder Wave|p1a: Tornadus\n|-status|p1a: Tornadus|par\n|\n|-fieldend|move: Psychic Terrain\n|upkeep\n|turn|15\n|\n|t:|1701055888\n|move|p1a: Tornadus|Hurricane|p2a: Ho-Oh\n|-damage|p2a: Ho-Oh|16\/100\n|-activate|p2a: Ho-Oh|confusion\n|-damage|p2a: Ho-Oh|3\/100|[from] confusion\n|\n|-sideend|p1: KingoftheTitans|move: Tailwind\n|upkeep\n|turn|16\n|\n|t:|1701055893\n|switch|p2a: Palkia|Palkia-Origin|100\/100\n|-ability|p2a: Palkia|Pressure\n|move|p1a: Tornadus|Tailwind|p1a: Tornadus\n|-sidestart|p1: KingoftheTitans|move: Tailwind\n|\n|upkeep\n|turn|17\n|\n|t:|1701055900\n|move|p2a: Palkia|Surf|p1a: Tornadus\n|-damage|p1a: Tornadus|0 fnt\n|faint|p1a: Tornadus\n|\n|upkeep\n|\n|t:|1701055904\n|switch|p1a: Basculegion|Basculegion, M|100\/100\n|turn|18\n|\n|t:|1701055908\n|move|p1a: Basculegion|Last Respects|p2a: Palkia\n|-damage|p2a: Palkia|0 fnt\n|faint|p2a: Palkia\n|\n|upkeep\n|\n|t:|1701055910\n|switch|p2a: Ho-Oh|Ho-Oh|36\/100\n|turn|19\n|\n|t:|1701055914\n|move|p1a: Basculegion|Last Respects|p2a: Ho-Oh\n|-damage|p2a: Ho-Oh|0 fnt\n|faint|p2a: Ho-Oh\n|\n|-sideend|p1: KingoftheTitans|move: Tailwind\n|upkeep\n|\n|t:|1701055918\n|switch|p2a: Tapu Lele|Tapu Lele|100\/100\n|-fieldstart|move: Psychic Terrain|[from] ability: Psychic Surge|[of] p2a: Tapu Lele\n|turn|20\n|\n|t:|1701055923\n|move|p2a: Tapu Lele|Moonblast|p1a: Basculegion\n|-damage|p1a: Basculegion|47\/100\n|-unboost|p1a: Basculegion|spa|1\n|move|p1a: Basculegion|Last Respects|p2a: Tapu Lele\n|-supereffective|p2a: Tapu Lele\n|-crit|p2a: Tapu Lele\n|-damage|p2a: Tapu Lele|0 fnt\n|faint|p2a: Tapu Lele\n|\n|upkeep\n|\n|t:|1701055926\n|switch|p2a: Alakazam|Alakazam, M|100\/100\n|turn|21\n|\n|t:|1701055933\n|detailschange|p2a: Alakazam|Alakazam-Mega, M\n|-mega|p2a: Alakazam|Alakazam|Alakazite\n|-ability|p2a: Alakazam|Adaptability|[from] ability: Trace|[of] p1a: Basculegion\n|move|p2a: Alakazam|Expanding Force|p1a: Basculegion\n|-damage|p1a: Basculegion|0 fnt\n|faint|p1a: Basculegion\n|\n|win|Phillip the red\n|raw|KingoftheTitans's rating: 1362 &rarr; <strong>1346<\/strong><br \/>(-16 for losing)\n|raw|Phillip the red's rating: 1429 &rarr; <strong>1445<\/strong><br \/>(+16 for winning)\n|l|\u2606Phillip the red\n|c|\u2606KingoftheTitans|OH COME ON\n","uploadtime":1701055945,"views":1,"p1id":"kingofthetitans","p2id":"phillipthered","formatid":"gen9nationaldexubers","rating":1346,"private":0,"password":""}