{"id":"gen9nationaldexubers-1993007445","p1":"DonManuelito","p2":"KJ.nyc","format":"[Gen 9] National Dex Ubers","log":"|j|\u2606DonManuelito\n|j|\u2606KJ.nyc\n|t:|1700254912\n|gametype|singles\n|player|p1|DonManuelito|ethan|1168\n|player|p2|KJ.nyc|hilbert|1285\n|teamsize|p1|6\n|teamsize|p2|6\n|gen|9\n|tier|[Gen 9] National Dex Ubers\n|rated|\n|rule|HP Percentage Mod: HP is shown in percentages\n|rule|Endless Battle Clause: Forcing endless battles is banned\n|rule|OHKO Clause: OHKO moves are banned\n|rule|Evasion Moves Clause: Evasion moves are banned\n|rule|Evasion Items Clause: Evasion items are banned\n|rule|Species Clause: Limit one of each Pok\u00e9mon\n|rule|Sleep Clause Mod: Limit one foe put to sleep\n|rule|Mega Rayquaza Clause: You cannot mega evolve Rayquaza\n|clearpoke\n|poke|p1|Dragapult, M|\n|poke|p1|Heracross, M|\n|poke|p1|Annihilape, F|\n|poke|p1|Infernape, M|\n|poke|p1|Swampert, M|\n|poke|p1|Aegislash, M|\n|poke|p2|Pikachu, M|\n|poke|p2|Dragonite, F|\n|poke|p2|Gengar, M|\n|poke|p2|Lucario, M|\n|poke|p2|Sirfetch\u2019d, M|\n|poke|p2|Dracovish|\n|teampreview\n|inactive|Battle timer is ON: inactive players will automatically lose when time's up. (requested by KJ.nyc)\n|\n|t:|1700254918\n|start\n|switch|p1a: Heracross|Heracross, M|100\/100\n|switch|p2a: Dracovish|Dracovish|100\/100\n|turn|1\n|\n|t:|1700254930\n|detailschange|p1a: Heracross|Heracross-Mega, M\n|-mega|p1a: Heracross|Heracross|Heracronite\n|move|p1a: Heracross|Rock Blast|p2a: Dracovish\n|-damage|p2a: Dracovish|90\/100\n|-damage|p2a: Dracovish|78\/100\n|-damage|p2a: Dracovish|66\/100\n|-crit|p2a: Dracovish\n|-damage|p2a: Dracovish|50\/100\n|-damage|p2a: Dracovish|39\/100\n|-hitcount|p2a: Dracovish|5\n|move|p2a: Dracovish|Fishious Rend|p1a: Heracross\n|-damage|p1a: Heracross|18\/100\n|\n|upkeep\n|turn|2\n|\n|t:|1700254943\n|move|p1a: Heracross|Rock Blast|p2a: Dracovish\n|-damage|p2a: Dracovish|28\/100\n|-damage|p2a: Dracovish|16\/100\n|-damage|p2a: Dracovish|5\/100\n|-damage|p2a: Dracovish|0 fnt\n|faint|p2a: Dracovish\n|-hitcount|p2: Dracovish|4\n|\n|upkeep\n|\n|t:|1700254951\n|switch|p2a: Gengar|Gengar, M|100\/100\n|turn|3\n|\n|t:|1700254955\n|move|p2a: Gengar|Shadow Ball|p1a: Heracross\n|-crit|p1a: Heracross\n|-damage|p1a: Heracross|0 fnt\n|faint|p1a: Heracross\n|\n|upkeep\n|\n|t:|1700254963\n|switch|p1a: Dragapult|Dragapult, M|100\/100\n|turn|4\n|\n|t:|1700254987\n|move|p1a: Dragapult|Phantom Force||[still]\n|-prepare|p1a: Dragapult|Phantom Force\n|move|p2a: Gengar|Icy Wind|p1a: Dragapult|[miss]\n|-miss|p2a: Gengar|p1a: Dragapult\n|\n|upkeep\n|turn|5\n|\n|t:|1700255000\n|move|p1a: Dragapult|Phantom Force|p2a: Gengar|[from]lockedmove\n|-supereffective|p2a: Gengar\n|-enditem|p2a: Gengar|Focus Sash\n|-damage|p2a: Gengar|1\/100\n|-start|p1a: Dragapult|Disable|Phantom Force|[from] ability: Cursed Body|[of] p2a: Gengar\n|move|p2a: Gengar|Icy Wind|p1a: Dragapult\n|-supereffective|p1a: Dragapult\n|-damage|p1a: Dragapult|49\/100\n|-unboost|p1a: Dragapult|spe|1\n|\n|-heal|p1a: Dragapult|55\/100|[from] item: Leftovers\n|upkeep\n|turn|6\n|\n|t:|1700255014\n|move|p2a: Gengar|Shadow Ball|p1a: Dragapult\n|-supereffective|p1a: Dragapult\n|-damage|p1a: Dragapult|0 fnt\n|faint|p1a: Dragapult\n|\n|upkeep\n|inactive|DonManuelito has 120 seconds left.\n|\n|t:|1700255040\n|switch|p1a: Infernape|Infernape, M|100\/100\n|turn|7\n|\n|t:|1700255048\n|move|p2a: Gengar|Sludge Bomb|p1a: Infernape\n|-damage|p1a: Infernape|30\/100\n|-status|p1a: Infernape|psn\n|move|p1a: Infernape|Nasty Plot|p1a: Infernape\n|-boost|p1a: Infernape|spa|2\n|\n|-damage|p1a: Infernape|17\/100 psn|[from] psn\n|upkeep\n|turn|8\n|\n|t:|1700255062\n|move|p2a: Gengar|Shadow Ball|p1a: Infernape\n|-damage|p1a: Infernape|0 fnt\n|faint|p1a: Infernape\n|\n|upkeep\n|\n|t:|1700255068\n|switch|p1a: Swampert|Swampert, M|100\/100\n|turn|9\n|\n|t:|1700255074\n|move|p2a: Gengar|Shadow Ball|p1a: Swampert\n|-damage|p1a: Swampert|59\/100\n|move|p1a: Swampert|Earthquake|p2a: Gengar\n|-supereffective|p2a: Gengar\n|-damage|p2a: Gengar|0 fnt\n|faint|p2a: Gengar\n|\n|upkeep\n|\n|t:|1700255080\n|switch|p2a: Dragonite|Dragonite, F|100\/100\n|turn|10\n|\n|t:|1700255088\n|move|p2a: Dragonite|Dragon Dance|p2a: Dragonite\n|-boost|p2a: Dragonite|atk|1\n|-boost|p2a: Dragonite|spe|1\n|move|p1a: Swampert|Ice Punch|p2a: Dragonite\n|-supereffective|p2a: Dragonite\n|-damage|p2a: Dragonite|64\/100\n|\n|-heal|p2a: Dragonite|70\/100|[from] item: Leftovers\n|upkeep\n|turn|11\n|\n|t:|1700255097\n|-terastallize|p2a: Dragonite|Steel\n|move|p2a: Dragonite|Dragon Dance|p2a: Dragonite\n|-boost|p2a: Dragonite|atk|1\n|-boost|p2a: Dragonite|spe|1\n|move|p1a: Swampert|Ice Punch|p2a: Dragonite\n|-resisted|p2a: Dragonite\n|-crit|p2a: Dragonite\n|-damage|p2a: Dragonite|55\/100\n|\n|-heal|p2a: Dragonite|61\/100|[from] item: Leftovers\n|upkeep\n|turn|12\n|\n|t:|1700255110\n|move|p2a: Dragonite|Dragon Claw|p1a: Swampert\n|-damage|p1a: Swampert|4\/100\n|-enditem|p1a: Swampert|Aguav Berry|[eat]\n|-heal|p1a: Swampert|38\/100|[from] item: Aguav Berry\n|move|p1a: Swampert|Earthquake|p2a: Dragonite\n|-supereffective|p2a: Dragonite\n|-damage|p2a: Dragonite|0 fnt\n|faint|p2a: Dragonite\n|\n|upkeep\n|c|\u2606KJ.nyc|the fact that didn't kill\n|\n|t:|1700255133\n|switch|p2a: Lucario|Lucario, M|100\/100\n|turn|13\n|\n|t:|1700255137\n|detailschange|p2a: Lucario|Lucario-Mega, M\n|-mega|p2a: Lucario|Lucario|Lucarionite\n|move|p2a: Lucario|Aura Sphere|p1a: Swampert\n|-damage|p1a: Swampert|0 fnt\n|faint|p1a: Swampert\n|\n|upkeep\n|\n|t:|1700255144\n|switch|p1a: ANNIBALE|Annihilape, F|100\/100\n|turn|14\n|\n|t:|1700255149\n|switch|p2a: Pikachu|Pikachu, M|100\/100\n|-terastallize|p1a: ANNIBALE|Water\n|move|p1a: ANNIBALE|Drain Punch|p2a: Pikachu\n|-damage|p2a: Pikachu|0 fnt\n|faint|p2a: Pikachu\n|\n|upkeep\n|\n|t:|1700255158\n|switch|p2a: Sirfetch\u2019d|Sirfetch\u2019d, M|100\/100\n|turn|15\n|\n|t:|1700255165\n|move|p1a: ANNIBALE|Bulk Up|p1a: ANNIBALE\n|-boost|p1a: ANNIBALE|atk|1\n|-boost|p1a: ANNIBALE|def|1\n|move|p2a: Sirfetch\u2019d|Close Combat|p1a: ANNIBALE\n|-crit|p1a: ANNIBALE\n|-damage|p1a: ANNIBALE|1\/100\n|-unboost|p2a: Sirfetch\u2019d|def|1\n|-unboost|p2a: Sirfetch\u2019d|spd|1\n|\n|-heal|p1a: ANNIBALE|7\/100|[from] item: Leftovers\n|upkeep\n|turn|16\n|\n|t:|1700255176\n|switch|p2a: Lucario|Lucario-Mega, M|100\/100\n|move|p1a: ANNIBALE|Drain Punch|p2a: Lucario\n|-supereffective|p2a: Lucario\n|-damage|p2a: Lucario|0 fnt\n|-heal|p1a: ANNIBALE|40\/100|[from] drain|[of] p2a: Lucario\n|faint|p2a: Lucario\n|\n|-heal|p1a: ANNIBALE|47\/100|[from] item: Leftovers\n|upkeep\n|\n|t:|1700255181\n|switch|p2a: Sirfetch\u2019d|Sirfetch\u2019d, M|100\/100\n|turn|17\n|\n|t:|1700255191\n|move|p2a: Sirfetch\u2019d|First Impression|p1a: ANNIBALE\n|-crit|p1a: ANNIBALE\n|-damage|p1a: ANNIBALE|0 fnt\n|faint|p1a: ANNIBALE\n|\n|upkeep\n|\n|t:|1700255196\n|switch|p1a: Aegislash|Aegislash, M, shiny|100\/100\n|turn|18\n|\n|t:|1700255201\n|move|p2a: Sirfetch\u2019d|Night Slash|p1a: Aegislash\n|-supereffective|p1a: Aegislash\n|-crit|p1a: Aegislash\n|-damage|p1a: Aegislash|39\/100\n|move|p1a: Aegislash|Toxic|p2a: Sirfetch\u2019d\n|-status|p2a: Sirfetch\u2019d|tox\n|\n|-heal|p1a: Aegislash|45\/100|[from] item: Leftovers\n|-damage|p2a: Sirfetch\u2019d|95\/100 tox|[from] psn\n|upkeep\n|turn|19\n|\n|t:|1700255211\n|move|p1a: Aegislash|King's Shield|p1a: Aegislash\n|-singleturn|p1a: Aegislash|Protect\n|move|p2a: Sirfetch\u2019d|Night Slash|p1a: Aegislash\n|-activate|p1a: Aegislash|move: Protect\n|-unboost|p2a: Sirfetch\u2019d|atk|1\n|\n|-heal|p1a: Aegislash|51\/100|[from] item: Leftovers\n|-damage|p2a: Sirfetch\u2019d|83\/100 tox|[from] psn\n|upkeep\n|turn|20\n|\n|t:|1700255227\n|move|p2a: Sirfetch\u2019d|Night Slash|p1a: Aegislash\n|-supereffective|p1a: Aegislash\n|-crit|p1a: Aegislash\n|-damage|p1a: Aegislash|0 fnt\n|faint|p1a: Aegislash\n|\n|win|KJ.nyc\n|raw|DonManuelito's rating: 1168 &rarr; <strong>1151<\/strong><br \/>(-17 for losing)\n|raw|KJ.nyc's rating: 1285 &rarr; <strong>1302<\/strong><br \/>(+17 for winning)\n|c|\u2606KJ.nyc|gg\n|l|\u2606DonManuelito\n","uploadtime":1700255240,"views":6,"p1id":"donmanuelito","p2id":"kjnyc","formatid":"gen9nationaldexubers","rating":1151,"private":0,"password":""}