{"id":"gen9nationaldexubers-1982012003","p1":"RamenPlanet","p2":"BoxyJupiter0822","format":"[Gen 9] National Dex Ubers","log":"|j|\u2606RamenPlanet\n|j|\u2606BoxyJupiter0822\n|t:|1698959503\n|gametype|singles\n|player|p1|RamenPlanet|170|1000\n|player|p2|BoxyJupiter0822|flint|1034\n|teamsize|p1|6\n|teamsize|p2|6\n|gen|9\n|tier|[Gen 9] National Dex Ubers\n|rated|\n|rule|HP Percentage Mod: HP is shown in percentages\n|rule|Endless Battle Clause: Forcing endless battles is banned\n|rule|OHKO Clause: OHKO moves are banned\n|rule|Evasion Moves Clause: Evasion moves are banned\n|rule|Evasion Items Clause: Evasion items are banned\n|rule|Species Clause: Limit one of each Pok\u00e9mon\n|rule|Sleep Clause Mod: Limit one foe put to sleep\n|rule|Mega Rayquaza Clause: You cannot mega evolve Rayquaza\n|clearpoke\n|poke|p1|Poliwrath, F|\n|poke|p1|Kyogre|\n|poke|p1|Galvantula, F|\n|poke|p1|Deoxys-Speed|\n|poke|p1|Kingdra, M|\n|poke|p1|Politoed, M|\n|poke|p2|Feraligatr, M|\n|poke|p2|Arcanine, M|\n|poke|p2|Skarmory, M|\n|poke|p2|Sudowoodo, M|\n|poke|p2|Umbreon, F|\n|poke|p2|Kingdra, M|\n|teampreview\n|\n|t:|1698959577\n|start\n|switch|p1a: Politoed|Politoed, M|100\/100\n|switch|p2a: Skarmory|Skarmory, M|100\/100\n|-weather|RainDance|[from] ability: Drizzle|[of] p1a: Politoed\n|turn|1\n|\n|t:|1698959591\n|move|p2a: Skarmory|Iron Defense|p2a: Skarmory\n|-boost|p2a: Skarmory|def|2\n|move|p1a: Politoed|Psychic|p2a: Skarmory\n|-resisted|p2a: Skarmory\n|-damage|p2a: Skarmory|88\/100\n|\n|-weather|RainDance|[upkeep]\n|upkeep\n|turn|2\n|\n|t:|1698959603\n|switch|p1a: Deoxys|Deoxys-Speed|100\/100\n|-ability|p1a: Deoxys|Pressure\n|move|p2a: Skarmory|Spikes|p1a: Deoxys\n|-sidestart|p1: RamenPlanet|Spikes\n|\n|-weather|RainDance|[upkeep]\n|upkeep\n|turn|3\n|\n|t:|1698959614\n|move|p1a: Deoxys|Thunder|p2a: Skarmory\n|-supereffective|p2a: Skarmory\n|-damage|p2a: Skarmory|25\/100\n|-status|p2a: Skarmory|par\n|-damage|p1a: Deoxys|91\/100|[from] item: Life Orb\n|move|p2a: Skarmory|Iron Defense|p2a: Skarmory\n|-boost|p2a: Skarmory|def|2\n|\n|-weather|RainDance|[upkeep]\n|upkeep\n|turn|4\n|\n|t:|1698959622\n|move|p1a: Deoxys|Thunder|p2a: Skarmory\n|-supereffective|p2a: Skarmory\n|-damage|p2a: Skarmory|0 fnt\n|faint|p2a: Skarmory\n|-damage|p1a: Deoxys|81\/100|[from] item: Life Orb\n|\n|-weather|RainDance|[upkeep]\n|upkeep\n|\n|t:|1698959630\n|switch|p2a: Umbreon|Umbreon, F|100\/100\n|turn|5\n|\n|t:|1698959642\n|switch|p1a: Galvantula|Galvantula, F|100\/100\n|-damage|p1a: Galvantula|88\/100|[from] Spikes\n|move|p2a: Umbreon|Foul Play|p1a: Galvantula\n|-damage|p1a: Galvantula|55\/100\n|\n|-weather|RainDance|[upkeep]\n|upkeep\n|turn|6\n|\n|t:|1698959660\n|move|p1a: Galvantula|Bug Buzz|p2a: Umbreon\n|-supereffective|p2a: Umbreon\n|-damage|p2a: Umbreon|56\/100\n|move|p2a: Umbreon|Toxic|p1a: Galvantula\n|-status|p1a: Galvantula|tox\n|\n|-weather|RainDance|[upkeep]\n|-heal|p2a: Umbreon|62\/100|[from] item: Leftovers\n|-damage|p1a: Galvantula|49\/100 tox|[from] psn\n|upkeep\n|turn|7\n|\n|t:|1698959668\n|move|p1a: Galvantula|Bug Buzz|p2a: Umbreon\n|-supereffective|p2a: Umbreon\n|-damage|p2a: Umbreon|24\/100\n|move|p2a: Umbreon|Foul Play|p1a: Galvantula\n|-damage|p1a: Galvantula|11\/100 tox\n|\n|-weather|RainDance|[upkeep]\n|-heal|p2a: Umbreon|30\/100|[from] item: Leftovers\n|-damage|p1a: Galvantula|0 fnt|[from] psn\n|faint|p1a: Galvantula\n|upkeep\n|\n|t:|1698959681\n|switch|p1a: Kingdra|Kingdra, M|100\/100\n|-damage|p1a: Kingdra|88\/100|[from] Spikes\n|turn|8\n|\n|t:|1698959690\n|move|p1a: Kingdra|Surf|p2a: Umbreon\n|-damage|p2a: Umbreon|0 fnt\n|faint|p2a: Umbreon\n|\n|-weather|none\n|upkeep\n|\n|t:|1698959704\n|switch|p2a: Sudowoodo|Sudowoodo, M|100\/100\n|turn|9\n|\n|t:|1698959719\n|move|p1a: Kingdra|Surf|p2a: Sudowoodo\n|-supereffective|p2a: Sudowoodo\n|-damage|p2a: Sudowoodo|0 fnt\n|faint|p2a: Sudowoodo\n|\n|upkeep\n|\n|t:|1698959724\n|switch|p2a: Arcanine|Arcanine, M|100\/100\n|-ability|p2a: Arcanine|Intimidate|boost\n|-unboost|p1a: Kingdra|atk|1\n|turn|10\n|\n|t:|1698959728\n|move|p2a: Arcanine|Extreme Speed|p1a: Kingdra\n|-damage|p1a: Kingdra|58\/100\n|move|p1a: Kingdra|Surf|p2a: Arcanine\n|-supereffective|p2a: Arcanine\n|-damage|p2a: Arcanine|0 fnt\n|faint|p2a: Arcanine\n|\n|upkeep\n|\n|t:|1698959737\n|switch|p2a: Feraligatr|Feraligatr, M|100\/100\n|turn|11\n|\n|t:|1698959749\n|switch|p1a: Kyogre|Kyogre|100\/100\n|-damage|p1a: Kyogre|88\/100|[from] Spikes\n|detailschange|p1a: Kyogre|Kyogre-Primal\n|-primal|p1a: Kyogre|Blue Orb\n|-weather|PrimordialSea|[from] ability: Primordial Sea|[of] p1a: Kyogre\n|move|p2a: Feraligatr|Ice Fang|p1a: Kyogre\n|-resisted|p1a: Kyogre\n|-damage|p1a: Kyogre|71\/100\n|\n|-weather|PrimordialSea|[upkeep]\n|upkeep\n|turn|12\n|\n|t:|1698959792\n|move|p1a: Kyogre|Thunderbolt|p2a: Feraligatr\n|-supereffective|p2a: Feraligatr\n|-damage|p2a: Feraligatr|11\/100\n|move|p2a: Feraligatr|Crunch|p1a: Kyogre\n|-damage|p1a: Kyogre|29\/100\n|\n|-weather|PrimordialSea|[upkeep]\n|-heal|p2a: Feraligatr|17\/100|[from] item: Leftovers\n|upkeep\n|turn|13\n|\n|t:|1698959800\n|move|p1a: Kyogre|Thunderbolt|p2a: Feraligatr\n|-supereffective|p2a: Feraligatr\n|-damage|p2a: Feraligatr|0 fnt\n|faint|p2a: Feraligatr\n|\n|-weather|PrimordialSea|[upkeep]\n|upkeep\n|\n|t:|1698959806\n|switch|p2a: Kingdra|Kingdra, M|100\/100\n|turn|14\n|\n|t:|1698959810\n|move|p2a: Kingdra|Hurricane|p1a: Kyogre\n|-damage|p1a: Kyogre|6\/100\n|move|p1a: Kyogre|Thunderbolt|p2a: Kingdra\n|-damage|p2a: Kingdra|52\/100\n|\n|-weather|PrimordialSea|[upkeep]\n|-heal|p2a: Kingdra|58\/100|[from] item: Leftovers\n|upkeep\n|turn|15\n|\n|t:|1698959817\n|move|p2a: Kingdra|Hurricane|p1a: Kyogre\n|-damage|p1a: Kyogre|0 fnt\n|faint|p1a: Kyogre\n|-weather|none\n|\n|-heal|p2a: Kingdra|64\/100|[from] item: Leftovers\n|upkeep\n|\n|t:|1698959825\n|switch|p1a: Politoed|Politoed, M|100\/100\n|-damage|p1a: Politoed|88\/100|[from] Spikes\n|-weather|RainDance|[from] ability: Drizzle|[of] p1a: Politoed\n|turn|16\n|\n|t:|1698959832\n|move|p2a: Kingdra|Hurricane|p1a: Politoed\n|-damage|p1a: Politoed|57\/100\n|-start|p1a: Politoed|confusion\n|-activate|p1a: Politoed|confusion\n|-damage|p1a: Politoed|50\/100|[from] confusion\n|\n|-weather|RainDance|[upkeep]\n|-heal|p2a: Kingdra|71\/100|[from] item: Leftovers\n|upkeep\n|turn|17\n|\n|t:|1698959843\n|move|p2a: Kingdra|Hydro Pump|p1a: Politoed\n|-resisted|p1a: Politoed\n|-damage|p1a: Politoed|17\/100\n|-activate|p1a: Politoed|confusion\n|move|p1a: Politoed|Toxic|p2a: Kingdra\n|-status|p2a: Kingdra|tox\n|\n|-weather|RainDance|[upkeep]\n|-heal|p2a: Kingdra|77\/100 tox|[from] item: Leftovers\n|-damage|p2a: Kingdra|71\/100 tox|[from] psn\n|upkeep\n|turn|18\n|\n|t:|1698959852\n|move|p2a: Kingdra|Surf|p1a: Politoed\n|-resisted|p1a: Politoed\n|-damage|p1a: Politoed|0 fnt\n|faint|p1a: Politoed\n|\n|-weather|RainDance|[upkeep]\n|-heal|p2a: Kingdra|77\/100 tox|[from] item: Leftovers\n|-damage|p2a: Kingdra|64\/100 tox|[from] psn\n|upkeep\n|\n|t:|1698959859\n|switch|p1a: Kingdra|Kingdra, M|58\/100\n|-damage|p1a: Kingdra|46\/100|[from] Spikes\n|turn|19\n|\n|t:|1698959867\n|move|p2a: Kingdra|Hurricane|p1a: Kingdra\n|-damage|p1a: Kingdra|1\/100\n|move|p1a: Kingdra|Draco Meteor|p2a: Kingdra\n|-supereffective|p2a: Kingdra\n|-damage|p2a: Kingdra|0 fnt\n|-unboost|p1a: Kingdra|spa|2\n|faint|p2a: Kingdra\n|\n|win|RamenPlanet\n|raw|RamenPlanet's rating: 1000 &rarr; <strong>1044<\/strong><br \/>(+44 for winning)\n|raw|BoxyJupiter0822's rating: 1034 &rarr; <strong>1017<\/strong><br \/>(-17 for losing)\n|l|\u2606BoxyJupiter0822\n","uploadtime":1698959887,"views":12,"p1id":"ramenplanet","p2id":"boxyjupiter0822","formatid":"gen9nationaldexubers","rating":1017,"private":0,"password":""}