{"id":"gen9nationaldexubers-2000163769","p1":"killgaldo","p2":"phuc.n.anh","format":"[Gen 9] National Dex Ubers","log":"|j|\u2606killgaldo\n|j|\u2606phuc.n.anh\n|t:|1701165698\n|gametype|singles\n|player|p1|killgaldo|lance|1218\n|player|p2|phuc.n.anh|102|1307\n|teamsize|p1|6\n|teamsize|p2|6\n|gen|9\n|tier|[Gen 9] National Dex Ubers\n|rated|\n|rule|HP Percentage Mod: HP is shown in percentages\n|rule|Endless Battle Clause: Forcing endless battles is banned\n|rule|OHKO Clause: OHKO moves are banned\n|rule|Evasion Moves Clause: Evasion moves are banned\n|rule|Evasion Items Clause: Evasion items are banned\n|rule|Species Clause: Limit one of each Pok\u00e9mon\n|rule|Sleep Clause Mod: Limit one foe put to sleep\n|rule|Mega Rayquaza Clause: You cannot mega evolve Rayquaza\n|clearpoke\n|poke|p1|Ribombee, M|\n|poke|p1|Xerneas-*|\n|poke|p1|Skeledirge, M|\n|poke|p1|Charizard, M|\n|poke|p1|Zamazenta-*|\n|poke|p1|Xurkitree|\n|poke|p2|Skeledirge, M|\n|poke|p2|Toedscruel, M|\n|poke|p2|Palafin, M|\n|poke|p2|Baxcalibur, M|\n|poke|p2|Pawmot, M|\n|poke|p2|Gholdengo|\n|teampreview\n|\n|t:|1701165713\n|start\n|switch|p1a: Ribombee|Ribombee, M|100\/100\n|switch|p2a: Skeledirge|Skeledirge, M|100\/100\n|turn|1\n|\n|t:|1701165733\n|move|p1a: Ribombee|Sticky Web|p2a: Skeledirge\n|-sidestart|p2: phuc.n.anh|move: Sticky Web\n|move|p2a: Skeledirge|Torch Song|p1a: Ribombee\n|-supereffective|p1a: Ribombee\n|-enditem|p1a: Ribombee|Focus Sash\n|-damage|p1a: Ribombee|1\/100\n|-boost|p2a: Skeledirge|spa|1\n|\n|upkeep\n|turn|2\n|\n|t:|1701165739\n|move|p1a: Ribombee|Stun Spore|p2a: Skeledirge\n|-status|p2a: Skeledirge|par\n|cant|p2a: Skeledirge|par\n|\n|upkeep\n|turn|3\n|\n|t:|1701165745\n|move|p1a: Ribombee|Moonblast|p2a: Skeledirge\n|-resisted|p2a: Skeledirge\n|-damage|p2a: Skeledirge|86\/100 par\n|move|p2a: Skeledirge|Torch Song|p1a: Ribombee\n|-supereffective|p1a: Ribombee\n|-damage|p1a: Ribombee|0 fnt\n|-boost|p2a: Skeledirge|spa|1\n|faint|p1a: Ribombee\n|\n|-heal|p2a: Skeledirge|92\/100 par|[from] item: Leftovers\n|upkeep\n|\n|t:|1701165758\n|switch|p1a: Charizard|Charizard, M|100\/100\n|turn|4\n|\n|t:|1701165765\n|detailschange|p1a: Charizard|Charizard-Mega-X, M\n|-mega|p1a: Charizard|Charizard|Charizardite X\n|move|p1a: Charizard|Dragon Dance|p1a: Charizard\n|-boost|p1a: Charizard|atk|1\n|-boost|p1a: Charizard|spe|1\n|cant|p2a: Skeledirge|par\n|\n|-heal|p2a: Skeledirge|98\/100 par|[from] item: Leftovers\n|upkeep\n|turn|5\n|\n|t:|1701165775\n|move|p1a: Charizard|Dragon Claw|p2a: Skeledirge\n|-damage|p2a: Skeledirge|56\/100 par\n|move|p2a: Skeledirge|Torch Song|p1a: Charizard\n|-resisted|p1a: Charizard\n|-damage|p1a: Charizard|81\/100\n|-boost|p2a: Skeledirge|spa|1\n|\n|-heal|p2a: Skeledirge|62\/100 par|[from] item: Leftovers\n|upkeep\n|turn|6\n|\n|t:|1701165782\n|move|p1a: Charizard|Dragon Dance|p1a: Charizard\n|-boost|p1a: Charizard|atk|1\n|-boost|p1a: Charizard|spe|1\n|move|p2a: Skeledirge|Hex|p1a: Charizard\n|-damage|p1a: Charizard|4\/100\n|\n|-heal|p2a: Skeledirge|68\/100 par|[from] item: Leftovers\n|upkeep\n|turn|7\n|\n|t:|1701165788\n|move|p1a: Charizard|Dragon Claw|p2a: Skeledirge\n|-damage|p2a: Skeledirge|25\/100 par\n|move|p2a: Skeledirge|Hex|p1a: Charizard\n|-damage|p1a: Charizard|0 fnt\n|faint|p1a: Charizard\n|\n|-heal|p2a: Skeledirge|31\/100 par|[from] item: Leftovers\n|upkeep\n|\n|t:|1701165793\n|switch|p1a: Xurkitree|Xurkitree|100\/100\n|turn|8\n|\n|t:|1701165798\n|move|p1a: Xurkitree|Thunderbolt|p2a: Skeledirge\n|-damage|p2a: Skeledirge|0 fnt\n|faint|p2a: Skeledirge\n|-ability|p1a: Xurkitree|Beast Boost|boost\n|-boost|p1a: Xurkitree|spa|1\n|\n|upkeep\n|\n|t:|1701165808\n|switch|p2a: Toedscruel|Toedscruel, M|100\/100\n|turn|9\n|\n|t:|1701165817\n|-terastallize|p1a: Xurkitree|Grass\n|move|p2a: Toedscruel|Earth Power|p1a: Xurkitree\n|-resisted|p1a: Xurkitree\n|-damage|p1a: Xurkitree|78\/100\n|move|p1a: Xurkitree|Hypnosis|p2a: Toedscruel\n|-status|p2a: Toedscruel|slp|[from] move: Hypnosis\n|\n|upkeep\n|turn|10\n|\n|t:|1701165827\n|move|p1a: Xurkitree|Hypnosis|p2a: Toedscruel|[miss]\n|-miss|p1a: Xurkitree|p2a: Toedscruel\n|-enditem|p1a: Xurkitree|Blunder Policy\n|-boost|p1a: Xurkitree|spe|2\n|cant|p2a: Toedscruel|slp\n|\n|upkeep\n|turn|11\n|\n|t:|1701165830\n|move|p1a: Xurkitree|Tail Glow|p1a: Xurkitree\n|-boost|p1a: Xurkitree|spa|3\n|-curestatus|p2a: Toedscruel|slp|[msg]\n|move|p2a: Toedscruel|Spikes|p1a: Xurkitree\n|-sidestart|p1: killgaldo|Spikes\n|\n|upkeep\n|turn|12\n|\n|t:|1701165836\n|move|p1a: Xurkitree|Energy Ball|p2a: Toedscruel\n|-damage|p2a: Toedscruel|0 fnt\n|faint|p2a: Toedscruel\n|-ability|p1a: Xurkitree|Beast Boost|boost\n|-boost|p1a: Xurkitree|spa|1\n|\n|upkeep\n|\n|t:|1701165843\n|switch|p2a: Baxcalibur|Baxcalibur, M|100\/100\n|-activate|p2a: Baxcalibur|move: Sticky Web\n|-unboost|p2a: Baxcalibur|spe|1\n|turn|13\n|\n|t:|1701165850\n|move|p1a: Xurkitree|Energy Ball|p2a: Baxcalibur\n|-resisted|p2a: Baxcalibur\n|-damage|p2a: Baxcalibur|0 fnt\n|faint|p2a: Baxcalibur\n|-ability|p1a: Xurkitree|Beast Boost|boost\n|-boost|p1a: Xurkitree|spa|1\n|\n|upkeep\n|\n|t:|1701165853\n|switch|p2a: Gholdengo|Gholdengo|100\/100\n|-item|p2a: Gholdengo|Air Balloon\n|turn|14\n|\n|t:|1701165859\n|move|p1a: Xurkitree|Thunderbolt|p2a: Gholdengo\n|-damage|p2a: Gholdengo|0 fnt\n|-enditem|p2a: Gholdengo|Air Balloon\n|faint|p2a: Gholdengo\n|\n|upkeep\n|\n|t:|1701165863\n|switch|p2a: Pawmot|Pawmot, M|100\/100\n|-activate|p2a: Pawmot|move: Sticky Web\n|-unboost|p2a: Pawmot|spe|1\n|turn|15\n|\n|t:|1701165867\n|move|p1a: Xurkitree|Energy Ball|p2a: Pawmot\n|-damage|p2a: Pawmot|0 fnt\n|faint|p2a: Pawmot\n|\n|upkeep\n|\n|t:|1701165870\n|switch|p2a: Palafin|Palafin, M|100\/100\n|-activate|p2a: Palafin|move: Sticky Web\n|-unboost|p2a: Palafin|spe|1\n|turn|16\n|\n|t:|1701165873\n|-terastallize|p2a: Palafin|Water\n|move|p2a: Palafin|Jet Punch|p1a: Xurkitree\n|-resisted|p1a: Xurkitree\n|-damage|p1a: Xurkitree|46\/100\n|move|p1a: Xurkitree|Energy Ball|p2a: Palafin\n|-supereffective|p2a: Palafin\n|-damage|p2a: Palafin|0 fnt\n|faint|p2a: Palafin\n|\n|win|killgaldo\n|raw|killgaldo's rating: 1218 &rarr; <strong>1249<\/strong><br \/>(+31 for winning)\n|raw|phuc.n.anh's rating: 1307 &rarr; <strong>1282<\/strong><br \/>(-25 for losing)\n","uploadtime":1701165879,"views":10,"p1id":"killgaldo","p2id":"phucnanh","formatid":"gen9nationaldexubers","rating":1249,"private":0,"password":""}