{"id":"gen9nationaldexubers-1982874737","p1":"RaiyaninUK","p2":"saulim","format":"[Gen 9] National Dex Ubers","log":"|j|\u203dRaiyaninUK\n|j|\u2606saulim\n|t:|1699053727\n|gametype|singles\n|player|p1|RaiyaninUK|1|1033\n|player|p2|saulim|169|1141\n|teamsize|p1|6\n|teamsize|p2|6\n|gen|9\n|tier|[Gen 9] National Dex Ubers\n|rated|\n|rule|HP Percentage Mod: HP is shown in percentages\n|rule|Endless Battle Clause: Forcing endless battles is banned\n|rule|OHKO Clause: OHKO moves are banned\n|rule|Evasion Moves Clause: Evasion moves are banned\n|rule|Evasion Items Clause: Evasion items are banned\n|rule|Species Clause: Limit one of each Pok\u00e9mon\n|rule|Sleep Clause Mod: Limit one foe put to sleep\n|rule|Mega Rayquaza Clause: You cannot mega evolve Rayquaza\n|clearpoke\n|poke|p1|Chi-Yu|\n|poke|p1|Glimmora, F|\n|poke|p1|Gholdengo|\n|poke|p1|Ting-Lu|\n|poke|p1|Sinistcha|\n|poke|p1|Houndstone, M|\n|poke|p2|Celesteela|\n|poke|p2|Grimmsnarl, M|\n|poke|p2|Tapu Fini|\n|poke|p2|Darmanitan-Galar, F|\n|poke|p2|Goodra-Hisui, M|\n|poke|p2|Garganacl, M|\n|teampreview\n|\n|t:|1699053764\n|start\n|switch|p1a: Chi-Yu|Chi-Yu|100\/100\n|switch|p2a: Darmanitan|Darmanitan-Galar, F|100\/100\n|-ability|p1a: Chi-Yu|Beads of Ruin\n|turn|1\n|\n|t:|1699053796\n|move|p2a: Darmanitan|Earthquake|p1a: Chi-Yu\n|-supereffective|p1a: Chi-Yu\n|-damage|p1a: Chi-Yu|0 fnt\n|faint|p1a: Chi-Yu\n|\n|upkeep\n|\n|t:|1699053800\n|switch|p1a: Glimmora|Glimmora, F|100\/100\n|turn|2\n|\n|t:|1699053814\n|move|p2a: Darmanitan|Earthquake|p1a: Glimmora\n|-supereffective|p1a: Glimmora\n|-damage|p1a: Glimmora|0 fnt\n|-activate|p1a: Glimmora|ability: Toxic Debris\n|-sidestart|p2: saulim|move: Toxic Spikes\n|faint|p1a: Glimmora\n|\n|upkeep\n|\n|t:|1699053819\n|switch|p1a: Gholdengo|Gholdengo|100\/100\n|turn|3\n|\n|t:|1699053841\n|move|p2a: Darmanitan|Earthquake|p1a: Gholdengo\n|-supereffective|p1a: Gholdengo\n|-damage|p1a: Gholdengo|0 fnt\n|faint|p1a: Gholdengo\n|\n|upkeep\n|\n|t:|1699053845\n|switch|p1a: Ting-Lu|Ting-Lu|100\/100\n|-ability|p1a: Ting-Lu|Vessel of Ruin\n|turn|4\n|\n|t:|1699053911\n|switch|p2a: Celesteela|Celesteela|100\/100\n|move|p1a: Ting-Lu|Memento|p2a: Celesteela\n|-unboost|p2a: Celesteela|atk|2\n|-unboost|p2a: Celesteela|spa|2\n|faint|p1a: Ting-Lu\n|\n|upkeep\n|\n|t:|1699053920\n|switch|p1a: Sinistcha|Sinistcha|100\/100\n|turn|5\n|\n|t:|1699053956\n|move|p1a: Sinistcha|Memento|p2a: Celesteela\n|-unboost|p2a: Celesteela|atk|2\n|-unboost|p2a: Celesteela|spa|2\n|faint|p1a: Sinistcha\n|move|p2a: Celesteela|Flamethrower|p1: Sinistcha|[notarget]\n|-fail|p2a: Celesteela\n|\n|upkeep\n|\n|t:|1699053969\n|switch|p1a: Houndstone|Houndstone, M|100\/100\n|turn|6\n|\n|t:|1699053977\n|move|p1a: Houndstone|Last Respects|p2a: Celesteela\n|-damage|p2a: Celesteela|0 fnt\n|faint|p2a: Celesteela\n|\n|upkeep\n|\n|t:|1699053990\n|switch|p2a: Grimmsnarl|Grimmsnarl, M|100\/100\n|-status|p2a: Grimmsnarl|psn\n|turn|7\n|\n|t:|1699054001\n|move|p2a: Grimmsnarl|Reflect|p2a: Grimmsnarl\n|-sidestart|p2: saulim|Reflect\n|move|p1a: Houndstone|Last Respects|p2a: Grimmsnarl\n|-resisted|p2a: Grimmsnarl\n|-damage|p2a: Grimmsnarl|70\/100 psn\n|\n|-damage|p2a: Grimmsnarl|57\/100 psn|[from] psn\n|upkeep\n|turn|8\n|\n|t:|1699054019\n|switch|p2a: Tapu Fini|Tapu Fini|100\/100\n|-status|p2a: Tapu Fini|psn\n|-fieldstart|move: Misty Terrain|[from] ability: Misty Surge|[of] p2a: Tapu Fini\n|move|p1a: Houndstone|Last Respects|p2a: Tapu Fini\n|-damage|p2a: Tapu Fini|50\/100 psn\n|\n|-heal|p2a: Tapu Fini|56\/100 psn|[from] item: Leftovers\n|-damage|p2a: Tapu Fini|44\/100 psn|[from] psn\n|upkeep\n|turn|9\n|\n|t:|1699054032\n|move|p1a: Houndstone|Last Respects|p2a: Tapu Fini\n|-damage|p2a: Tapu Fini|0 fnt\n|faint|p2a: Tapu Fini\n|\n|upkeep\n|\n|t:|1699054036\n|switch|p2a: Garganacl|Garganacl, M|100\/100\n|turn|10\n|\n|t:|1699054043\n|move|p1a: Houndstone|Last Respects|p2a: Garganacl\n|-damage|p2a: Garganacl|74\/100\n|move|p2a: Garganacl|Iron Defense|p2a: Garganacl\n|-boost|p2a: Garganacl|def|2\n|\n|-heal|p2a: Garganacl|80\/100|[from] item: Leftovers\n|upkeep\n|turn|11\n|\n|t:|1699054051\n|move|p1a: Houndstone|Last Respects|p2a: Garganacl\n|-damage|p2a: Garganacl|68\/100\n|move|p2a: Garganacl|Salt Cure|p1a: Houndstone\n|-damage|p1a: Houndstone|84\/100\n|-start|p1a: Houndstone|Salt Cure\n|\n|-heal|p2a: Garganacl|74\/100|[from] item: Leftovers\n|-damage|p1a: Houndstone|71\/100|[from] Salt Cure\n|upkeep\n|turn|12\n|\n|t:|1699054063\n|move|p1a: Houndstone|Last Respects|p2a: Garganacl\n|-damage|p2a: Garganacl|62\/100\n|move|p2a: Garganacl|Iron Defense|p2a: Garganacl\n|-boost|p2a: Garganacl|def|2\n|\n|-heal|p2a: Garganacl|68\/100|[from] item: Leftovers\n|-damage|p1a: Houndstone|59\/100|[from] Salt Cure\n|-fieldend|Misty Terrain\n|upkeep\n|turn|13\n|\n|t:|1699054086\n|move|p1a: Houndstone|Last Respects|p2a: Garganacl\n|-damage|p2a: Garganacl|60\/100\n|move|p2a: Garganacl|Recover|p2a: Garganacl\n|-heal|p2a: Garganacl|100\/100\n|\n|-damage|p1a: Houndstone|47\/100|[from] Salt Cure\n|upkeep\n|turn|14\n|-message|RaiyaninUK forfeited.\n|\n|win|saulim\n|raw|RaiyaninUK's rating: 1033 &rarr; <strong>1023<\/strong><br \/>(-10 for losing)\n|raw|saulim's rating: 1141 &rarr; <strong>1158<\/strong><br \/>(+17 for winning)\n|l|\u203dRaiyaninUK\n","uploadtime":1699054121,"views":8,"p1id":"raiyaninuk","p2id":"saulim","formatid":"gen9nationaldexubers","rating":1023,"private":0,"password":""}