{"id":"gen9nationaldexubers-1979155476","p1":"Ricomam","p2":"Elin Baecil","format":"[Gen 9] National Dex Ubers","log":"|j|\u2606Ricomam\n|j|\u2606Elin Baecil\n|t:|1698640340\n|gametype|singles\n|player|p1|Ricomam|hugh|\n|player|p2|Elin Baecil|leon-masters|\n|teamsize|p1|6\n|teamsize|p2|6\n|gen|9\n|tier|[Gen 9] National Dex Ubers\n|rule|HP Percentage Mod: HP is shown in percentages\n|rule|Endless Battle Clause: Forcing endless battles is banned\n|rule|OHKO Clause: OHKO moves are banned\n|rule|Evasion Moves Clause: Evasion moves are banned\n|rule|Evasion Items Clause: Evasion items are banned\n|rule|Species Clause: Limit one of each Pok\u00e9mon\n|rule|Sleep Clause Mod: Limit one foe put to sleep\n|rule|Mega Rayquaza Clause: You cannot mega evolve Rayquaza\n|clearpoke\n|poke|p1|Staraptor, F|\n|poke|p1|Cyclizar, F|\n|poke|p1|Porygon-Z|\n|poke|p1|Chansey, F|\n|poke|p1|Ursaluna-Bloodmoon, M|\n|poke|p1|Lopunny, F|\n|poke|p2|Alakazam, M|\n|poke|p2|Deoxys-Speed|\n|poke|p2|Latios, M|\n|poke|p2|Slowking-Galar, F|\n|poke|p2|Tapu Lele|\n|poke|p2|Cresselia, F|\n|teampreview\n|j| buenocomoeloro\n|\n|t:|1698640385\n|start\n|switch|p1a: Rompe klos|Staraptor, F|100\/100\n|switch|p2a: Deoxys|Deoxys-Speed|100\/100\n|-ability|p2a: Deoxys|Pressure\n|turn|1\n|\n|t:|1698640394\n|move|p2a: Deoxys|Reflect|p2a: Deoxys\n|-sidestart|p2: Elin Baecil|Reflect\n|move|p1a: Rompe klos|U-turn|p2a: Deoxys\n|-supereffective|p2a: Deoxys\n|-damage|p2a: Deoxys|69\/100\n|\n|t:|1698640398\n|switch|p1a: La moto hace rum|Cyclizar, F|100\/100|[from] U-turn\n|\n|upkeep\n|turn|2\n|\n|t:|1698640408\n|move|p2a: Deoxys|Taunt|p1a: La moto hace rum\n|-start|p1a: La moto hace rum|move: Taunt\n|move|p1a: La moto hace rum|Draco Meteor|p2a: Deoxys\n|-damage|p2a: Deoxys|24\/100\n|-unboost|p1a: La moto hace rum|spa|2\n|\n|upkeep\n|turn|3\n|\n|t:|1698640415\n|move|p2a: Deoxys|Light Screen|p2a: Deoxys\n|-sidestart|p2: Elin Baecil|move: Light Screen\n|move|p1a: La moto hace rum|Knock Off|p2a: Deoxys\n|-supereffective|p2a: Deoxys\n|-damage|p2a: Deoxys|0 fnt\n|-enditem|p2a: Deoxys|Light Clay|[from] move: Knock Off|[of] p1a: La moto hace rum\n|faint|p2a: Deoxys\n|\n|upkeep\n|\n|t:|1698640419\n|switch|p2a: Latios|Latios, M|100\/100\n|turn|4\n|\n|t:|1698640424\n|switch|p1a: La gorda|Chansey, F|100\/100\n|move|p2a: Latios|Agility|p2a: Latios\n|-boost|p2a: Latios|spe|2\n|\n|upkeep\n|turn|5\n|\n|t:|1698640431\n|move|p2a: Latios|Psyshock|p1a: La gorda\n|-damage|p1a: La gorda|79\/100\n|move|p1a: La gorda|Seismic Toss|p2a: Latios\n|-damage|p2a: Latios|69\/100\n|\n|upkeep\n|turn|6\n|\n|t:|1698640438\n|move|p2a: Latios|Psyshock|p1a: La gorda\n|-damage|p1a: La gorda|58\/100\n|move|p1a: La gorda|Seismic Toss|p2a: Latios\n|-damage|p2a: Latios|37\/100\n|\n|upkeep\n|turn|7\n|\n|t:|1698640443\n|move|p2a: Latios|Psyshock|p1a: La gorda\n|-damage|p1a: La gorda|34\/100\n|move|p1a: La gorda|Seismic Toss|p2a: Latios\n|-damage|p2a: Latios|5\/100\n|\n|upkeep\n|turn|8\n|\n|t:|1698640448\n|move|p2a: Latios|Psyshock|p1a: La gorda\n|-damage|p1a: La gorda|12\/100\n|move|p1a: La gorda|Seismic Toss|p2a: Latios\n|-damage|p2a: Latios|0 fnt\n|faint|p2a: Latios\n|\n|-sideend|p2: Elin Baecil|Reflect\n|upkeep\n|\n|t:|1698640458\n|switch|p2a: Tapu Lele|Tapu Lele|100\/100\n|-fieldstart|move: Psychic Terrain|[from] ability: Psychic Surge|[of] p2a: Tapu Lele\n|turn|9\n|\n|t:|1698640461\n|move|p2a: Tapu Lele|Psyshock|p1a: La gorda\n|-damage|p1a: La gorda|0 fnt\n|faint|p1a: La gorda\n|\n|upkeep\n|\n|t:|1698640469\n|switch|p1a: La moto hace rum|Cyclizar, F|100\/100\n|turn|10\n|\n|t:|1698640472\n|move|p2a: Tapu Lele|Psyshock|p1a: La moto hace rum\n|-damage|p1a: La moto hace rum|10\/100\n|move|p1a: La moto hace rum|Knock Off|p2a: Tapu Lele\n|-damage|p2a: Tapu Lele|66\/100\n|-enditem|p2a: Tapu Lele|Choice Scarf|[from] move: Knock Off|[of] p1a: La moto hace rum\n|\n|-sideend|p2: Elin Baecil|move: Light Screen\n|upkeep\n|turn|11\n|\n|t:|1698640483\n|move|p1a: La moto hace rum|Knock Off|p2a: Tapu Lele\n|-damage|p2a: Tapu Lele|45\/100\n|move|p2a: Tapu Lele|Moonblast|p1a: La moto hace rum\n|-supereffective|p1a: La moto hace rum\n|-damage|p1a: La moto hace rum|0 fnt\n|faint|p1a: La moto hace rum\n|\n|upkeep\n|\n|t:|1698640494\n|switch|p1a: Rompe klos|Staraptor, F|100\/100\n|turn|12\n|\n|t:|1698640502\n|move|p1a: Rompe klos|Brave Bird|p2a: Tapu Lele\n|-damage|p2a: Tapu Lele|0 fnt\n|faint|p2a: Tapu Lele\n|-damage|p1a: Rompe klos|87\/100|[from] Recoil\n|\n|upkeep\n|\n|t:|1698640538\n|switch|p2a: Slowking|Slowking-Galar, F|100\/100\n|turn|13\n|j| Arnaenaed\n|\n|t:|1698640547\n|move|p1a: Rompe klos|Brave Bird|p2a: Slowking\n|-damage|p2a: Slowking|26\/100\n|-damage|p1a: Rompe klos|57\/100|[from] Recoil\n|move|p2a: Slowking|Yawn|p1a: Rompe klos\n|-start|p1a: Rompe klos|move: Yawn|[of] p2a: Slowking\n|\n|-heal|p2a: Slowking|32\/100|[from] item: Leftovers\n|-fieldend|move: Psychic Terrain\n|upkeep\n|turn|14\n|\n|t:|1698640567\n|switch|p2a: Cresselia|Cresselia, F|100\/100\n|move|p1a: Rompe klos|Brave Bird|p2a: Cresselia\n|-damage|p2a: Cresselia|61\/100\n|-damage|p1a: Rompe klos|38\/100|[from] Recoil\n|-enditem|p2a: Cresselia|Kee Berry|[eat]\n|-boost|p2a: Cresselia|def|1|[from] item: Kee Berry\n|\n|-end|p1a: Rompe klos|move: Yawn|[silent]\n|-status|p1a: Rompe klos|slp\n|upkeep\n|turn|15\n|\n|t:|1698640577\n|cant|p1a: Rompe klos|slp\n|move|p2a: Cresselia|Moonlight|p2a: Cresselia\n|-heal|p2a: Cresselia|100\/100\n|\n|upkeep\n|turn|16\n|\n|t:|1698640580\n|cant|p1a: Rompe klos|slp\n|move|p2a: Cresselia|Calm Mind|p2a: Cresselia\n|-boost|p2a: Cresselia|spa|1\n|-boost|p2a: Cresselia|spd|1\n|\n|upkeep\n|turn|17\n|\n|t:|1698640584\n|-curestatus|p1a: Rompe klos|slp|[msg]\n|move|p1a: Rompe klos|Brave Bird|p2a: Cresselia\n|-damage|p2a: Cresselia|71\/100\n|-damage|p1a: Rompe klos|25\/100|[from] Recoil\n|move|p2a: Cresselia|Stored Power|p1a: Rompe klos\n|-damage|p1a: Rompe klos|0 fnt\n|faint|p1a: Rompe klos\n|\n|upkeep\n|\n|t:|1698640600\n|switch|p1a: Mega-Furra|Lopunny, F|100\/100\n|turn|18\n|\n|t:|1698640614\n|detailschange|p1a: Mega-Furra|Lopunny-Mega, F\n|-mega|p1a: Mega-Furra|Lopunny|Lopunnite\n|move|p1a: Mega-Furra|Endure|p1a: Mega-Furra\n|-singleturn|p1a: Mega-Furra|move: Endure\n|move|p2a: Cresselia|Moonlight|p2a: Cresselia\n|-heal|p2a: Cresselia|100\/100\n|\n|upkeep\n|turn|19\n|\n|t:|1698640633\n|move|p1a: Mega-Furra|U-turn|p2a: Cresselia\n|-supereffective|p2a: Cresselia\n|-damage|p2a: Cresselia|83\/100\n|\n|t:|1698640636\n|switch|p1a: Antivirus inutil|Porygon-Z, shiny|100\/100|[from] U-turn\n|move|p2a: Cresselia|Stored Power|p1a: Antivirus inutil\n|-damage|p1a: Antivirus inutil|55\/100\n|\n|upkeep\n|turn|20\n|\n|t:|1698640643\n|-zpower|p1a: Antivirus inutil\n|move|p1a: Antivirus inutil|Z-Conversion|p1a: Antivirus inutil|[anim]Conversion\n|-boost|p1a: Antivirus inutil|atk|1|[zeffect]\n|-boost|p1a: Antivirus inutil|def|1|[zeffect]\n|-boost|p1a: Antivirus inutil|spa|1|[zeffect]\n|-boost|p1a: Antivirus inutil|spd|1|[zeffect]\n|-boost|p1a: Antivirus inutil|spe|1|[zeffect]\n|-start|p1a: Antivirus inutil|typechange|Dark\n|move|p2a: Cresselia|Toxic|p1a: Antivirus inutil\n|-status|p1a: Antivirus inutil|tox\n|\n|-damage|p1a: Antivirus inutil|49\/100 tox|[from] psn\n|upkeep\n|turn|21\n|\n|t:|1698640656\n|move|p1a: Antivirus inutil|Dark Pulse|p2a: Cresselia\n|-supereffective|p2a: Cresselia\n|-damage|p2a: Cresselia|8\/100\n|move|p2a: Cresselia|Calm Mind|p2a: Cresselia\n|-boost|p2a: Cresselia|spa|1\n|-boost|p2a: Cresselia|spd|1\n|\n|-damage|p1a: Antivirus inutil|37\/100 tox|[from] psn\n|upkeep\n|turn|22\n|\n|t:|1698640668\n|move|p1a: Antivirus inutil|Dark Pulse|p2a: Cresselia\n|-supereffective|p2a: Cresselia\n|-damage|p2a: Cresselia|0 fnt\n|faint|p2a: Cresselia\n|\n|-damage|p1a: Antivirus inutil|19\/100 tox|[from] psn\n|upkeep\n|\n|t:|1698640673\n|switch|p2a: Alakazam|Alakazam, M|100\/100\n|turn|23\n|c|\u2606Ricomam|Ala bestia ni yo me esperaba eso\n|\n|t:|1698640684\n|detailschange|p2a: Alakazam|Alakazam-Mega, M\n|-mega|p2a: Alakazam|Alakazam|Alakazite\n|-ability|p2a: Alakazam|Adaptability|[from] ability: Trace|[of] p1a: Antivirus inutil\n|move|p2a: Alakazam|Substitute|p2a: Alakazam\n|-start|p2a: Alakazam|Substitute\n|-damage|p2a: Alakazam|76\/100\n|move|p1a: Antivirus inutil|Dark Pulse|p2a: Alakazam\n|-supereffective|p2a: Alakazam\n|-end|p2a: Alakazam|Substitute\n|\n|-damage|p1a: Antivirus inutil|0 fnt|[from] psn\n|faint|p1a: Antivirus inutil\n|upkeep\n|\n|t:|1698640691\n|switch|p1a: Freddy Fazbear's|Ursaluna-Bloodmoon, M|100\/100\n|turn|24\n|\n|t:|1698640701\n|move|p2a: Alakazam|Focus Blast|p1a: Freddy Fazbear's\n|-supereffective|p1a: Freddy Fazbear's\n|-damage|p1a: Freddy Fazbear's|15\/100\n|move|p1a: Freddy Fazbear's|Blood Moon|p2a: Alakazam\n|-damage|p2a: Alakazam|0 fnt\n|faint|p2a: Alakazam\n|\n|upkeep\n|\n|t:|1698640707\n|switch|p2a: Slowking|Slowking-Galar, F|65\/100\n|turn|25\n|\n|t:|1698640712\n|move|p1a: Freddy Fazbear's|Earth Power|p2a: Slowking\n|-supereffective|p2a: Slowking\n|-damage|p2a: Slowking|0 fnt\n|faint|p2a: Slowking\n|\n|win|Ricomam\n|c|\u2606Elin Baecil|gg\n|c|\u2606Ricomam|Gg\n|l|\u2606Ricomam\n|l|\u2606Elin Baecil\n|l| Arnaenaed\n","uploadtime":1698640923,"views":13,"p1id":"ricomam","p2id":"elinbaecil","formatid":"gen9nationaldexubers","rating":0,"private":0,"password":""}