{"id":"gen9nationaldexubers-1996908869","p1":"Chraptor768","p2":"Braquelo","format":"[Gen 9] National Dex Ubers","log":"|j|\u2606Chraptor768\n|j|\u2606Braquelo\n|t:|1700743464\n|gametype|singles\n|player|p1|Chraptor768|blackbelt-gen4|1225\n|player|p2|Braquelo|raihan|1260\n|teamsize|p1|6\n|teamsize|p2|6\n|gen|9\n|tier|[Gen 9] National Dex Ubers\n|rated|\n|rule|HP Percentage Mod: HP is shown in percentages\n|rule|Endless Battle Clause: Forcing endless battles is banned\n|rule|OHKO Clause: OHKO moves are banned\n|rule|Evasion Moves Clause: Evasion moves are banned\n|rule|Evasion Items Clause: Evasion items are banned\n|rule|Species Clause: Limit one of each Pok\u00e9mon\n|rule|Sleep Clause Mod: Limit one foe put to sleep\n|rule|Mega Rayquaza Clause: You cannot mega evolve Rayquaza\n|clearpoke\n|poke|p1|Marshadow|\n|poke|p1|Xerneas-*|\n|poke|p1|Zacian-*|\n|poke|p1|Ferrothorn, F|\n|poke|p1|Manaphy|\n|poke|p1|Snorlax, M|\n|poke|p2|Kingambit, M|\n|poke|p2|Sableye, M|\n|poke|p2|Hydreigon, M|\n|poke|p2|Grimmsnarl, M|\n|poke|p2|Mandibuzz, F|\n|poke|p2|Overqwil, M|\n|teampreview\n|\n|t:|1700743470\n|start\n|switch|p1a: Ferrothorn|Ferrothorn, F|100\/100\n|switch|p2a: Sableye|Sableye, M|100\/100\n|turn|1\n|\n|t:|1700743479\n|detailschange|p2a: Sableye|Sableye-Mega, M\n|-mega|p2a: Sableye|Sableye|Sablenite\n|move|p1a: Ferrothorn|Spikes|p2a: Sableye\n|move|p2a: Sableye|Spikes|p1a: Ferrothorn|[from]ability: Magic Bounce\n|-sidestart|p1: Chraptor768|Spikes\n|move|p2a: Sableye|Will-O-Wisp|p1a: Ferrothorn\n|-status|p1a: Ferrothorn|brn\n|\n|-damage|p1a: Ferrothorn|95\/100 brn|[from] brn\n|upkeep\n|turn|2\n|\n|t:|1700743513\n|switch|p1a: Xerneas|Xerneas|100\/100\n|-damage|p1a: Xerneas|88\/100|[from] Spikes\n|-ability|p1a: Xerneas|Fairy Aura\n|move|p2a: Sableye|Knock Off|p1a: Xerneas\n|-resisted|p1a: Xerneas\n|-damage|p1a: Xerneas|77\/100\n|-enditem|p1a: Xerneas|Power Herb|[from] move: Knock Off|[of] p2a: Sableye\n|\n|upkeep\n|turn|3\n|\n|t:|1700743526\n|switch|p2a: Overqwil|Overqwil, M|100\/100\n|-ability|p2a: Overqwil|Intimidate|boost\n|-unboost|p1a: Xerneas|atk|1\n|move|p1a: Xerneas|Moonblast|p2a: Overqwil\n|-damage|p2a: Overqwil|35\/100\n|\n|upkeep\n|turn|4\n|\n|t:|1700743535\n|switch|p1a: Ferrothorn|Ferrothorn, F|95\/100 brn\n|-damage|p1a: Ferrothorn|82\/100 brn|[from] Spikes\n|move|p2a: Overqwil|Aqua Jet|p1a: Ferrothorn\n|-resisted|p1a: Ferrothorn\n|-damage|p1a: Ferrothorn|78\/100 brn\n|-damage|p2a: Overqwil|22\/100|[from] ability: Iron Barbs|[of] p1a: Ferrothorn\n|\n|-damage|p1a: Ferrothorn|72\/100 brn|[from] brn\n|upkeep\n|turn|5\n|\n|t:|1700743539\n|switch|p2a: Sableye|Sableye-Mega, M|100\/100\n|move|p1a: Ferrothorn|Spikes|p2a: Sableye\n|move|p2a: Sableye|Spikes|p1a: Ferrothorn|[from]ability: Magic Bounce\n|-sidestart|p1: Chraptor768|Spikes\n|\n|-damage|p1a: Ferrothorn|66\/100 brn|[from] brn\n|upkeep\n|turn|6\n|\n|t:|1700743550\n|switch|p1a: Marshadow|Marshadow|100\/100\n|-damage|p1a: Marshadow|84\/100|[from] Spikes\n|move|p2a: Sableye|Knock Off|p1a: Marshadow\n|-damage|p1a: Marshadow|60\/100\n|\n|upkeep\n|turn|7\n|\n|t:|1700743557\n|move|p2a: Sableye|Protect|p2a: Sableye\n|-singleturn|p2a: Sableye|Protect\n|-zpower|p1a: Marshadow\n|move|p1a: Marshadow|Soul-Stealing 7-Star Strike|p2a: Sableye|[zeffect]\n|-zbroken|p2a: Sableye\n|-damage|p2a: Sableye|78\/100\n|\n|upkeep\n|turn|8\n|\n|t:|1700743575\n|move|p1a: Marshadow|Foul Play|p2a: Sableye\n|-damage|p2a: Sableye|59\/100\n|move|p2a: Sableye|Will-O-Wisp|p1a: Marshadow\n|-status|p1a: Marshadow|brn\n|\n|-damage|p1a: Marshadow|53\/100 brn|[from] brn\n|upkeep\n|turn|9\n|\n|t:|1700743582\n|move|p1a: Marshadow|Foul Play|p2a: Sableye\n|-damage|p2a: Sableye|50\/100\n|move|p2a: Sableye|Recover|p2a: Sableye\n|-heal|p2a: Sableye|100\/100\n|\n|-damage|p1a: Marshadow|47\/100 brn|[from] brn\n|upkeep\n|turn|10\n|\n|t:|1700743590\n|switch|p1a: Snorlax|Snorlax, M|100\/100\n|-damage|p1a: Snorlax|84\/100|[from] Spikes\n|move|p2a: Sableye|Knock Off|p1a: Snorlax\n|-damage|p1a: Snorlax|67\/100\n|\n|upkeep\n|turn|11\n|\n|t:|1700743597\n|move|p1a: Snorlax|Yawn|p2a: Sableye\n|move|p2a: Sableye|Yawn|p1a: Snorlax|[from]ability: Magic Bounce\n|-start|p1a: Snorlax|move: Yawn|[of] p2a: Sableye\n|move|p2a: Sableye|Will-O-Wisp|p1a: Snorlax\n|-status|p1a: Snorlax|brn\n|\n|-damage|p1a: Snorlax|61\/100 brn|[from] brn\n|upkeep\n|turn|12\n|\n|t:|1700743604\n|move|p1a: Snorlax|Outrage|p2a: Sableye\n|-damage|p2a: Sableye|82\/100\n|move|p2a: Sableye|Knock Off|p1a: Snorlax\n|-damage|p1a: Snorlax|42\/100 brn\n|\n|-damage|p1a: Snorlax|36\/100 brn|[from] brn\n|-end|p1a: Snorlax|move: Yawn|[silent]\n|upkeep\n|turn|13\n|\n|t:|1700743615\n|switch|p2a: Grimmsnarl|Grimmsnarl, M|100\/100\n|move|p1a: Snorlax|Outrage|p2a: Grimmsnarl|[from]lockedmove\n|-immune|p2a: Grimmsnarl\n|-start|p1a: Snorlax|confusion|[fatigue]\n|\n|-damage|p1a: Snorlax|30\/100 brn|[from] brn\n|upkeep\n|turn|14\n|\n|t:|1700743622\n|switch|p1a: Zacian|Zacian-Crowned|100\/100\n|-damage|p1a: Zacian|84\/100|[from] Spikes\n|-ability|p1a: Zacian|Intrepid Sword|boost\n|-boost|p1a: Zacian|atk|1\n|move|p2a: Grimmsnarl|Reflect|p2a: Grimmsnarl\n|-sidestart|p2: Braquelo|Reflect\n|\n|upkeep\n|turn|15\n|\n|t:|1700743631\n|switch|p2a: Overqwil|Overqwil, M|22\/100\n|-ability|p2a: Overqwil|Intimidate|boost\n|-unboost|p1a: Zacian|atk|1\n|move|p1a: Zacian|Behemoth Blade|p2a: Overqwil\n|-damage|p2a: Overqwil|0 fnt\n|faint|p2a: Overqwil\n|\n|upkeep\n|\n|t:|1700743638\n|switch|p2a: Sableye|Sableye-Mega, M|82\/100\n|turn|16\n|\n|t:|1700743655\n|move|p1a: Zacian|Play Rough|p2a: Sableye|[miss]\n|-miss|p1a: Zacian|p2a: Sableye\n|move|p2a: Sableye|Will-O-Wisp|p1a: Zacian|[miss]\n|-miss|p2a: Sableye|p1a: Zacian\n|\n|upkeep\n|turn|17\n|\n|t:|1700743661\n|move|p1a: Zacian|Play Rough|p2a: Sableye\n|-supereffective|p2a: Sableye\n|-damage|p2a: Sableye|32\/100\n|move|p2a: Sableye|Will-O-Wisp|p1a: Zacian\n|-status|p1a: Zacian|brn\n|\n|-damage|p1a: Zacian|78\/100 brn|[from] brn\n|upkeep\n|turn|18\n|\n|t:|1700743666\n|move|p2a: Sableye|Protect|p2a: Sableye\n|-singleturn|p2a: Sableye|Protect\n|move|p1a: Zacian|Play Rough|p2a: Sableye\n|-activate|p2a: Sableye|move: Protect\n|\n|-damage|p1a: Zacian|72\/100 brn|[from] brn\n|upkeep\n|turn|19\n|\n|t:|1700743688\n|move|p1a: Zacian|Play Rough|p2a: Sableye\n|-supereffective|p2a: Sableye\n|-damage|p2a: Sableye|10\/100\n|move|p2a: Sableye|Recover|p2a: Sableye\n|-heal|p2a: Sableye|60\/100\n|\n|-damage|p1a: Zacian|65\/100 brn|[from] brn\n|upkeep\n|turn|20\n|\n|t:|1700743697\n|move|p1a: Zacian|Play Rough|p2a: Sableye\n|-supereffective|p2a: Sableye\n|-damage|p2a: Sableye|36\/100\n|move|p2a: Sableye|Recover|p2a: Sableye\n|-heal|p2a: Sableye|86\/100\n|\n|-damage|p1a: Zacian|59\/100 brn|[from] brn\n|upkeep\n|turn|21\n|\n|t:|1700743714\n|switch|p2a: Mandibuzz|Mandibuzz, F|100\/100\n|move|p1a: Zacian|Play Rough|p2a: Mandibuzz\n|-supereffective|p2a: Mandibuzz\n|-damage|p2a: Mandibuzz|85\/100\n|\n|-damage|p1a: Zacian|53\/100 brn|[from] brn\n|-sideend|p2: Braquelo|Reflect\n|upkeep\n|turn|22\n|\n|t:|1700743723\n|move|p1a: Zacian|Play Rough|p2a: Mandibuzz\n|-supereffective|p2a: Mandibuzz\n|-damage|p2a: Mandibuzz|57\/100\n|-unboost|p2a: Mandibuzz|atk|1\n|move|p2a: Mandibuzz|U-turn|p1a: Zacian\n|-resisted|p1a: Zacian\n|-damage|p1a: Zacian|52\/100 brn\n|\n|t:|1700743731\n|switch|p2a: Hydreigon|Hydreigon, M|100\/100|[from] U-turn\n|\n|-damage|p1a: Zacian|45\/100 brn|[from] brn\n|upkeep\n|turn|23\n|\n|t:|1700743741\n|move|p2a: Hydreigon|Flamethrower|p1a: Zacian\n|-supereffective|p1a: Zacian\n|-damage|p1a: Zacian|0 fnt\n|faint|p1a: Zacian\n|\n|upkeep\n|\n|t:|1700743747\n|switch|p1a: Marshadow|Marshadow|47\/100 brn\n|-damage|p1a: Marshadow|31\/100 brn|[from] Spikes\n|turn|24\n|\n|t:|1700743751\n|move|p2a: Hydreigon|Flamethrower|p1a: Marshadow\n|-damage|p1a: Marshadow|0 fnt\n|faint|p1a: Marshadow\n|\n|upkeep\n|\n|t:|1700743755\n|switch|p1a: Manaphy|Manaphy|100\/100\n|-damage|p1a: Manaphy|84\/100|[from] Spikes\n|turn|25\n|\n|t:|1700743759\n|switch|p2a: Grimmsnarl|Grimmsnarl, M|100\/100\n|move|p1a: Manaphy|Ice Beam|p2a: Grimmsnarl\n|-damage|p2a: Grimmsnarl|76\/100\n|-damage|p1a: Manaphy|74\/100|[from] item: Life Orb\n|\n|upkeep\n|turn|26\n|\n|t:|1700743768\n|switch|p1a: Xerneas|Xerneas|77\/100\n|-damage|p1a: Xerneas|60\/100|[from] Spikes\n|-ability|p1a: Xerneas|Fairy Aura\n|move|p2a: Grimmsnarl|Taunt|p1a: Xerneas\n|-start|p1a: Xerneas|move: Taunt\n|\n|upkeep\n|turn|27\n|\n|t:|1700743777\n|move|p2a: Grimmsnarl|Light Screen|p2a: Grimmsnarl\n|-sidestart|p2: Braquelo|move: Light Screen\n|move|p1a: Xerneas|Moonblast|p2a: Grimmsnarl\n|-supereffective|p2a: Grimmsnarl\n|-damage|p2a: Grimmsnarl|24\/100\n|\n|upkeep\n|turn|28\n|\n|t:|1700743811\n|move|p2a: Grimmsnarl|Reflect|p2a: Grimmsnarl\n|-sidestart|p2: Braquelo|Reflect\n|move|p1a: Xerneas|Draining Kiss|p2a: Grimmsnarl\n|-supereffective|p2a: Grimmsnarl\n|-damage|p2a: Grimmsnarl|0 fnt\n|-heal|p1a: Xerneas|76\/100|[from] drain|[of] p2a: Grimmsnarl\n|faint|p2a: Grimmsnarl\n|\n|-end|p1a: Xerneas|move: Taunt\n|upkeep\n|\n|t:|1700743821\n|switch|p2a: Kingambit|Kingambit, M|100\/100\n|-activate|p2a: Kingambit|ability: Supreme Overlord\n|-start|p2a: Kingambit|fallen2|[silent]\n|turn|29\n|\n|t:|1700743847\n|move|p1a: Xerneas|Light Screen|p1a: Xerneas\n|-sidestart|p1: Chraptor768|move: Light Screen\n|move|p2a: Kingambit|Iron Head|p1a: Xerneas\n|-supereffective|p1a: Xerneas\n|-damage|p1a: Xerneas|0 fnt\n|faint|p1a: Xerneas\n|\n|upkeep\n|\n|t:|1700743857\n|switch|p1a: Manaphy|Manaphy|74\/100\n|-damage|p1a: Manaphy|58\/100|[from] Spikes\n|turn|30\n|\n|t:|1700743862\n|move|p1a: Manaphy|Hydro Pump|p2a: Kingambit|[miss]\n|-miss|p1a: Manaphy|p2a: Kingambit\n|move|p2a: Kingambit|Kowtow Cleave|p1a: Manaphy\n|-damage|p1a: Manaphy|0 fnt\n|faint|p1a: Manaphy\n|\n|upkeep\n|\n|t:|1700743866\n|switch|p1a: Snorlax|Snorlax, M|30\/100 brn\n|-damage|p1a: Snorlax|13\/100 brn|[from] Spikes\n|turn|31\n|\n|t:|1700743870\n|move|p2a: Kingambit|Sucker Punch||[still]\n|-fail|p2a: Kingambit\n|move|p1a: Snorlax|Yawn|p2a: Kingambit\n|-start|p2a: Kingambit|move: Yawn|[of] p1a: Snorlax\n|\n|-damage|p1a: Snorlax|7\/100 brn|[from] brn\n|upkeep\n|turn|32\n|\n|t:|1700743886\n|-end|p2a: Kingambit|fallen2|[silent]\n|switch|p2a: Mandibuzz|Mandibuzz, F|57\/100\n|move|p1a: Snorlax|Giga Impact|p2a: Mandibuzz|[miss]\n|-miss|p1a: Snorlax|p2a: Mandibuzz\n|\n|-damage|p1a: Snorlax|1\/100 brn|[from] brn\n|upkeep\n|turn|33\n|\n|t:|1700743896\n|move|p2a: Mandibuzz|Roost|p2a: Mandibuzz\n|-heal|p2a: Mandibuzz|100\/100\n|-singleturn|p2a: Mandibuzz|move: Roost\n|move|p1a: Snorlax|Yawn|p2a: Mandibuzz\n|-start|p2a: Mandibuzz|move: Yawn|[of] p1a: Snorlax\n|\n|-damage|p1a: Snorlax|0 fnt|[from] brn\n|faint|p1a: Snorlax\n|-sideend|p1: Chraptor768|move: Light Screen\n|upkeep\n|\n|t:|1700743899\n|switch|p1a: Ferrothorn|Ferrothorn, F|66\/100 brn\n|-damage|p1a: Ferrothorn|50\/100 brn|[from] Spikes\n|turn|34\n|\n|t:|1700743905\n|move|p2a: Mandibuzz|U-turn|p1a: Ferrothorn\n|-damage|p1a: Ferrothorn|43\/100 brn\n|-damage|p2a: Mandibuzz|88\/100|[from] ability: Iron Barbs|[of] p1a: Ferrothorn\n|\n|t:|1700743910\n|switch|p2a: Hydreigon|Hydreigon, M|100\/100|[from] U-turn\n|move|p1a: Ferrothorn|Knock Off|p2a: Hydreigon\n|-resisted|p2a: Hydreigon\n|-damage|p2a: Hydreigon|98\/100\n|-enditem|p2a: Hydreigon|Choice Scarf|[from] move: Knock Off|[of] p1a: Ferrothorn\n|\n|-damage|p1a: Ferrothorn|37\/100 brn|[from] brn\n|-sideend|p2: Braquelo|move: Light Screen\n|upkeep\n|turn|35\n|\n|t:|1700743916\n|move|p2a: Hydreigon|Flamethrower|p1a: Ferrothorn\n|-supereffective|p1a: Ferrothorn\n|-damage|p1a: Ferrothorn|0 fnt\n|faint|p1a: Ferrothorn\n|\n|win|Braquelo\n|raw|Chraptor768's rating: 1225 &rarr; <strong>1203<\/strong><br \/>(-22 for losing)\n|raw|Braquelo's rating: 1260 &rarr; <strong>1282<\/strong><br \/>(+22 for winning)\n|c|\u2606Braquelo|Good game\n","uploadtime":1700743940,"views":0,"p1id":"chraptor768","p2id":"braquelo","formatid":"gen9nationaldexubers","rating":1203,"private":0,"password":""}