{"id":"gen9nationaldexubers-1999132740","p1":"damnico","p2":"He898","format":"[Gen 9] National Dex Ubers","log":"|j|\u2606damnico\n|j|\u2606He898\n|t:|1701036677\n|gametype|singles\n|player|p1|damnico|266|1478\n|player|p2|He898|ash|1569\n|teamsize|p1|6\n|teamsize|p2|6\n|gen|9\n|tier|[Gen 9] National Dex Ubers\n|rated|\n|rule|HP Percentage Mod: HP is shown in percentages\n|rule|Endless Battle Clause: Forcing endless battles is banned\n|rule|OHKO Clause: OHKO moves are banned\n|rule|Evasion Moves Clause: Evasion moves are banned\n|rule|Evasion Items Clause: Evasion items are banned\n|rule|Species Clause: Limit one of each Pok\u00e9mon\n|rule|Sleep Clause Mod: Limit one foe put to sleep\n|rule|Mega Rayquaza Clause: You cannot mega evolve Rayquaza\n|clearpoke\n|poke|p1|Salamence, M|\n|poke|p1|Groudon|\n|poke|p1|Arceus|\n|poke|p1|Chansey, F|\n|poke|p1|Ho-Oh|\n|poke|p1|Darmanitan-Galar, F|\n|poke|p2|Great Tusk|\n|poke|p2|Kyogre|\n|poke|p2|Melmetal|\n|poke|p2|Zekrom|\n|poke|p2|Ho-Oh|\n|poke|p2|Kyurem-Black|\n|teampreview\n|inactive|Battle timer is ON: inactive players will automatically lose when time's up. (requested by damnico)\n|\n|t:|1701036683\n|start\n|switch|p1a: Groudon|Groudon|100\/100\n|switch|p2a: Great Tusk|Great Tusk|100\/100\n|detailschange|p1a: Groudon|Groudon-Primal\n|-primal|p1a: Groudon|Red Orb\n|-weather|DesolateLand|[from] ability: Desolate Land|[of] p1a: Groudon\n|turn|1\n|\n|t:|1701036689\n|move|p2a: Great Tusk|Stealth Rock|p1a: Groudon\n|-sidestart|p1: damnico|move: Stealth Rock\n|move|p1a: Groudon|Overheat|p2a: Great Tusk\n|-damage|p2a: Great Tusk|6\/100\n|-unboost|p1a: Groudon|spa|2\n|\n|-weather|DesolateLand|[upkeep]\n|upkeep\n|turn|2\n|\n|t:|1701036695\n|-weather|none\n|switch|p1a: Ho-Oh|Ho-Oh|100\/100\n|move|p2a: Great Tusk|Headlong Rush|p1a: Ho-Oh\n|-immune|p1a: Ho-Oh\n|\n|upkeep\n|turn|3\n|\n|t:|1701036700\n|move|p1a: Ho-Oh|Defog|p2a: Great Tusk\n|-unboost|p2a: Great Tusk|evasion|1\n|-sideend|p1: damnico|Stealth Rock|[from] move: Defog|[of] p1a: Ho-Oh\n|move|p2a: Great Tusk|Knock Off|p1a: Ho-Oh\n|-damage|p1a: Ho-Oh|80\/100\n|-enditem|p1a: Ho-Oh|Heavy-Duty Boots|[from] move: Knock Off|[of] p2a: Great Tusk\n|\n|upkeep\n|turn|4\n|\n|t:|1701036712\n|move|p1a: Ho-Oh|Sacred Fire|p2a: Great Tusk\n|-damage|p2a: Great Tusk|0 fnt\n|faint|p2a: Great Tusk\n|-end|p2a: Great Tusk|Protosynthesis|[silent]\n|\n|upkeep\n|\n|t:|1701036717\n|switch|p2a: Kyogre|Kyogre|100\/100\n|-weather|RainDance|[from] ability: Drizzle|[of] p2a: Kyogre\n|turn|5\n|\n|t:|1701036721\n|switch|p1a: Groudon|Groudon-Primal|100\/100\n|-weather|DesolateLand|[from] ability: Desolate Land|[of] p1a: Groudon\n|move|p2a: Kyogre|Earthquake|p1a: Groudon\n|-supereffective|p1a: Groudon\n|-damage|p1a: Groudon|79\/100\n|\n|-weather|DesolateLand|[upkeep]\n|upkeep\n|turn|6\n|\n|t:|1701036740\n|switch|p2a: Ho-Oh|Ho-Oh|100\/100\n|move|p1a: Groudon|Rock Slide|p2a: Ho-Oh\n|-supereffective|p2a: Ho-Oh\n|-damage|p2a: Ho-Oh|22\/100\n|\n|-weather|DesolateLand|[upkeep]\n|upkeep\n|turn|7\n|\n|t:|1701036750\n|move|p2a: Ho-Oh|Air Slash|p1a: Groudon\n|-damage|p1a: Groudon|52\/100\n|move|p1a: Groudon|Precipice Blades|p2a: Ho-Oh\n|-immune|p2a: Ho-Oh\n|\n|-weather|DesolateLand|[upkeep]\n|upkeep\n|turn|8\n|\n|t:|1701036758\n|move|p2a: Ho-Oh|Air Slash|p1a: Groudon\n|-damage|p1a: Groudon|27\/100\n|move|p1a: Groudon|Rock Slide|p2a: Ho-Oh\n|-supereffective|p2a: Ho-Oh\n|-damage|p2a: Ho-Oh|0 fnt\n|faint|p2a: Ho-Oh\n|\n|-weather|DesolateLand|[upkeep]\n|upkeep\n|\n|t:|1701036771\n|switch|p2a: Kyurem|Kyurem-Black|100\/100\n|-ability|p2a: Kyurem|Teravolt\n|turn|9\n|\n|t:|1701036776\n|move|p2a: Kyurem|Icicle Spear|p1a: Groudon\n|-damage|p1a: Groudon|18\/100\n|-damage|p1a: Groudon|10\/100\n|-damage|p1a: Groudon|1\/100\n|-damage|p1a: Groudon|0 fnt\n|faint|p1a: Groudon\n|-weather|none\n|-hitcount|p1: Groudon|4\n|\n|upkeep\n|\n|t:|1701036782\n|switch|p1a: Darmanitan|Darmanitan-Galar, F|100\/100\n|turn|10\n|\n|t:|1701036787\n|move|p1a: Darmanitan|Icicle Crash|p2a: Kyurem\n|-damage|p2a: Kyurem|35\/100\n|cant|p2a: Kyurem|flinch\n|\n|upkeep\n|turn|11\n|\n|t:|1701036792\n|move|p1a: Darmanitan|Icicle Crash|p2a: Kyurem\n|-damage|p2a: Kyurem|0 fnt\n|faint|p2a: Kyurem\n|\n|upkeep\n|\n|t:|1701036794\n|switch|p2a: Melmetal|Melmetal|100\/100\n|turn|12\n|\n|t:|1701036799\n|switch|p1a: Ho-Oh|Ho-Oh|100\/100\n|move|p2a: Melmetal|Thunder Punch|p1a: Ho-Oh\n|-supereffective|p1a: Ho-Oh\n|-damage|p1a: Ho-Oh|47\/100\n|\n|upkeep\n|turn|13\n|\n|t:|1701036803\n|switch|p2a: Kyogre|Kyogre|100\/100\n|-weather|RainDance|[from] ability: Drizzle|[of] p2a: Kyogre\n|move|p1a: Ho-Oh|Sacred Fire|p2a: Kyogre\n|-resisted|p2a: Kyogre\n|-damage|p2a: Kyogre|87\/100\n|\n|-weather|RainDance|[upkeep]\n|upkeep\n|turn|14\n|\n|t:|1701036808\n|switch|p1a: Chansey|Chansey, F|100\/100\n|move|p2a: Kyogre|Water Spout|p1a: Chansey\n|-damage|p1a: Chansey|69\/100\n|\n|-weather|RainDance|[upkeep]\n|upkeep\n|turn|15\n|\n|t:|1701036812\n|switch|p2a: Melmetal|Melmetal|100\/100\n|move|p1a: Chansey|Seismic Toss|p2a: Melmetal\n|-damage|p2a: Melmetal|79\/100\n|\n|-weather|RainDance|[upkeep]\n|upkeep\n|turn|16\n|\n|t:|1701036819\n|switch|p1a: Ho-Oh|Ho-Oh|81\/100\n|move|p2a: Melmetal|Thunder Punch|p1a: Ho-Oh\n|-supereffective|p1a: Ho-Oh\n|-damage|p1a: Ho-Oh|29\/100\n|-status|p1a: Ho-Oh|par\n|\n|-weather|RainDance|[upkeep]\n|upkeep\n|turn|17\n|\n|t:|1701036829\n|move|p1a: Ho-Oh|Sacred Fire|p2a: Melmetal\n|-supereffective|p2a: Melmetal\n|-damage|p2a: Melmetal|56\/100\n|move|p2a: Melmetal|Thunder Punch|p1a: Ho-Oh\n|-supereffective|p1a: Ho-Oh\n|-damage|p1a: Ho-Oh|0 fnt\n|faint|p1a: Ho-Oh\n|\n|-weather|none\n|upkeep\n|\n|t:|1701036835\n|switch|p1a: Salamence|Salamence, M|100\/100\n|-ability|p1a: Salamence|Intimidate|boost\n|-unboost|p2a: Melmetal|atk|1\n|turn|18\n|\n|t:|1701036842\n|switch|p2a: Kyogre|Kyogre|87\/100\n|-weather|RainDance|[from] ability: Drizzle|[of] p2a: Kyogre\n|detailschange|p1a: Salamence|Salamence-Mega, M\n|-mega|p1a: Salamence|Salamence|Salamencite\n|move|p1a: Salamence|Dragon Dance|p1a: Salamence\n|-boost|p1a: Salamence|atk|1\n|-boost|p1a: Salamence|spe|1\n|\n|-weather|RainDance|[upkeep]\n|upkeep\n|turn|19\n|\n|t:|1701036845\n|move|p1a: Salamence|Frustration|p2a: Kyogre\n|-damage|p2a: Kyogre|0 fnt\n|faint|p2a: Kyogre\n|\n|-weather|RainDance|[upkeep]\n|upkeep\n|\n|t:|1701036849\n|switch|p2a: Melmetal|Melmetal|56\/100\n|turn|20\n|\n|t:|1701036853\n|move|p1a: Salamence|Earthquake|p2a: Melmetal\n|-supereffective|p2a: Melmetal\n|-damage|p2a: Melmetal|0 fnt\n|faint|p2a: Melmetal\n|\n|-weather|RainDance|[upkeep]\n|upkeep\n|\n|t:|1701036854\n|switch|p2a: Zekrom|Zekrom|100\/100\n|-ability|p2a: Zekrom|Teravolt\n|turn|21\n|\n|t:|1701036857\n|-terastallize|p2a: Zekrom|Flying\n|move|p1a: Salamence|Earthquake|p2a: Zekrom\n|-immune|p2a: Zekrom\n|move|p2a: Zekrom|Dragon Claw|p1a: Salamence\n|-supereffective|p1a: Salamence\n|-damage|p1a: Salamence|18\/100\n|\n|-weather|RainDance|[upkeep]\n|upkeep\n|turn|22\n|\n|t:|1701036860\n|move|p1a: Salamence|Frustration|p2a: Zekrom\n|-damage|p2a: Zekrom|10\/100\n|move|p2a: Zekrom|Dragon Claw|p1a: Salamence\n|-supereffective|p1a: Salamence\n|-crit|p1a: Salamence\n|-damage|p1a: Salamence|0 fnt\n|faint|p1a: Salamence\n|\n|-weather|none\n|upkeep\n|\n|t:|1701036866\n|switch|p1a: Darmanitan|Darmanitan-Galar, F|100\/100\n|turn|23\n|-message|He898 forfeited.\n|\n|win|damnico\n|raw|damnico's rating: 1478 &rarr; <strong>1503<\/strong><br \/>(+25 for winning)\n|raw|He898's rating: 1569 &rarr; <strong>1544<\/strong><br \/>(-25 for losing)\n|l|\u2606He898\n","uploadtime":1701036869,"views":1,"p1id":"damnico","p2id":"he898","formatid":"gen9nationaldexubers","rating":1503,"private":0,"password":""}