{"id":"gen9nationaldexubers-1978844569","p1":"zMesa","p2":"Lunarquay","format":"[Gen 9] National Dex Ubers","log":"|j|\u2606zMesa\n|j|\u2606Lunarquay\n|t:|1698601904\n|gametype|singles\n|player|p1|zMesa|gambler|1248\n|player|p2|Lunarquay|cynthia-gen4|1229\n|teamsize|p1|6\n|teamsize|p2|6\n|gen|9\n|tier|[Gen 9] National Dex Ubers\n|rated|\n|rule|HP Percentage Mod: HP is shown in percentages\n|rule|Endless Battle Clause: Forcing endless battles is banned\n|rule|OHKO Clause: OHKO moves are banned\n|rule|Evasion Moves Clause: Evasion moves are banned\n|rule|Evasion Items Clause: Evasion items are banned\n|rule|Species Clause: Limit one of each Pok\u00e9mon\n|rule|Sleep Clause Mod: Limit one foe put to sleep\n|rule|Mega Rayquaza Clause: You cannot mega evolve Rayquaza\n|clearpoke\n|poke|p1|Kingambit, M|\n|poke|p1|Shuckle, M|\n|poke|p1|Ceruledge, M|\n|poke|p1|Dracovish|\n|poke|p1|Shaymin-Sky|\n|poke|p1|Sandy Shocks|\n|poke|p2|Lugia|\n|poke|p2|Xerneas-*|\n|poke|p2|Zamazenta-*|\n|poke|p2|Zekrom|\n|poke|p2|Mewtwo|\n|poke|p2|Darmanitan-Galar, F|\n|teampreview\n|inactive|Battle timer is ON: inactive players will automatically lose when time's up. (requested by Lunarquay)\n|\n|t:|1698601921\n|start\n|switch|p1a: Shaymin|Shaymin-Sky|100\/100\n|switch|p2a: flying fatass|Lugia, shiny|100\/100\n|turn|1\n|\n|t:|1698601940\n|-zpower|p1a: Shaymin\n|move|p1a: Shaymin|Z-Celebrate|p1a: Shaymin|[anim]Celebrate\n|-boost|p1a: Shaymin|atk|1|[zeffect]\n|-boost|p1a: Shaymin|def|1|[zeffect]\n|-boost|p1a: Shaymin|spa|1|[zeffect]\n|-boost|p1a: Shaymin|spd|1|[zeffect]\n|-boost|p1a: Shaymin|spe|1|[zeffect]\n|-activate|p1a: Shaymin|move: Celebrate\n|move|p2a: flying fatass|Aeroblast|p1a: Shaymin\n|-supereffective|p1a: Shaymin\n|-damage|p1a: Shaymin|28\/100\n|\n|upkeep\n|turn|2\n|\n|t:|1698601951\n|move|p1a: Shaymin|Air Slash|p2a: flying fatass\n|-damage|p2a: flying fatass|81\/100\n|cant|p2a: flying fatass|flinch\n|\n|-heal|p2a: flying fatass|87\/100|[from] item: Leftovers\n|upkeep\n|turn|3\n|\n|t:|1698601958\n|move|p1a: Shaymin|Air Slash|p2a: flying fatass\n|-crit|p2a: flying fatass\n|-damage|p2a: flying fatass|35\/100\n|move|p2a: flying fatass|Aeroblast|p1a: Shaymin\n|-supereffective|p1a: Shaymin\n|-damage|p1a: Shaymin|0 fnt\n|faint|p1a: Shaymin\n|\n|-heal|p2a: flying fatass|41\/100|[from] item: Leftovers\n|upkeep\n|\n|t:|1698601965\n|switch|p1a: Ceruledge|Ceruledge, M|100\/100\n|turn|4\n|\n|t:|1698601992\n|switch|p2a: Pinkie tank <3|Zamazenta-Crowned, shiny|100\/100\n|-ability|p2a: Pinkie tank <3|Dauntless Shield|boost\n|-boost|p2a: Pinkie tank <3|def|1\n|move|p1a: Ceruledge|Swords Dance|p1a: Ceruledge\n|-boost|p1a: Ceruledge|atk|2\n|\n|upkeep\n|turn|5\n|inactive|Lunarquay has 120 seconds left.\n|\n|t:|1698602012\n|move|p2a: Pinkie tank <3|Iron Defense|p2a: Pinkie tank <3\n|-boost|p2a: Pinkie tank <3|def|2\n|move|p1a: Ceruledge|Swords Dance|p1a: Ceruledge\n|-boost|p1a: Ceruledge|atk|2\n|\n|upkeep\n|turn|6\n|\n|t:|1698602017\n|move|p2a: Pinkie tank <3|Iron Defense|p2a: Pinkie tank <3\n|-boost|p2a: Pinkie tank <3|def|2\n|move|p1a: Ceruledge|Bitter Blade|p2a: Pinkie tank <3\n|-supereffective|p2a: Pinkie tank <3\n|-damage|p2a: Pinkie tank <3|43\/100\n|\n|upkeep\n|turn|7\n|\n|t:|1698602026\n|move|p2a: Pinkie tank <3|Behemoth Bash|p1a: Ceruledge\n|-resisted|p1a: Ceruledge\n|-damage|p1a: Ceruledge|71\/100\n|-ability|p1a: Ceruledge|Weak Armor|boost\n|-unboost|p1a: Ceruledge|def|1\n|-boost|p1a: Ceruledge|spe|2\n|move|p1a: Ceruledge|Bitter Blade|p2a: Pinkie tank <3\n|-supereffective|p2a: Pinkie tank <3\n|-crit|p2a: Pinkie tank <3\n|-damage|p2a: Pinkie tank <3|0 fnt\n|-heal|p1a: Ceruledge|95\/100|[from] drain|[of] p2a: Pinkie tank <3\n|faint|p2a: Pinkie tank <3\n|\n|upkeep\n|inactive|Lunarquay has 120 seconds left.\n|\n|t:|1698602045\n|switch|p2a: Death machine|Mewtwo|100\/100\n|-ability|p2a: Death machine|Unnerve\n|turn|8\n|inactive|Lunarquay has 120 seconds left.\n|\n|t:|1698602057\n|detailschange|p2a: Death machine|Mewtwo-Mega-Y\n|-mega|p2a: Death machine|Mewtwo|Mewtwonite Y\n|move|p1a: Ceruledge|Shadow Sneak|p2a: Death machine\n|-supereffective|p2a: Death machine\n|-damage|p2a: Death machine|0 fnt\n|faint|p2a: Death machine\n|\n|upkeep\n|inactive|Lunarquay has 120 seconds left.\n|\n|t:|1698602068\n|switch|p2a: ugly but strong|Zekrom, shiny|100\/100\n|-ability|p2a: ugly but strong|Teravolt\n|turn|9\n|inactive|Lunarquay has 120 seconds left.\n|\n|t:|1698602097\n|move|p1a: Ceruledge|Close Combat|p2a: ugly but strong\n|-damage|p2a: ugly but strong|0 fnt\n|-unboost|p1a: Ceruledge|def|1\n|-unboost|p1a: Ceruledge|spd|1\n|faint|p2a: ugly but strong\n|\n|upkeep\n|\n|t:|1698602103\n|switch|p2a: he farts a lot|Darmanitan-Galar, F, shiny|100\/100\n|turn|10\n|\n|t:|1698602120\n|move|p1a: Ceruledge|Bitter Blade|p2a: he farts a lot\n|-supereffective|p2a: he farts a lot\n|-damage|p2a: he farts a lot|0 fnt\n|-heal|p1a: Ceruledge|100\/100|[from] drain|[of] p2a: he farts a lot\n|faint|p2a: he farts a lot\n|\n|upkeep\n|-message|Lunarquay forfeited.\n|\n|win|zMesa\n|raw|zMesa's rating: 1248 &rarr; <strong>1272<\/strong><br \/>(+24 for winning)\n|raw|Lunarquay's rating: 1229 &rarr; <strong>1205<\/strong><br \/>(-24 for losing)\n","uploadtime":1698602132,"views":7,"p1id":"zmesa","p2id":"lunarquay","formatid":"gen9nationaldexubers","rating":1205,"private":0,"password":""}