{"id":"gen9nationaldexubers-1994832022","p1":"about9000","p2":"TogeSlap","format":"[Gen 9] National Dex Ubers","log":"|j|\u2606about9000\n|j|\u2606TogeSlap\n|t:|1700496892\n|gametype|singles\n|player|p1|about9000|brycenman|1141\n|player|p2|TogeSlap|170|1032\n|teamsize|p1|6\n|teamsize|p2|2\n|gen|9\n|tier|[Gen 9] National Dex Ubers\n|rated|\n|rule|HP Percentage Mod: HP is shown in percentages\n|rule|Endless Battle Clause: Forcing endless battles is banned\n|rule|OHKO Clause: OHKO moves are banned\n|rule|Evasion Moves Clause: Evasion moves are banned\n|rule|Evasion Items Clause: Evasion items are banned\n|rule|Species Clause: Limit one of each Pok\u00e9mon\n|rule|Sleep Clause Mod: Limit one foe put to sleep\n|rule|Mega Rayquaza Clause: You cannot mega evolve Rayquaza\n|clearpoke\n|poke|p1|Spectrier|\n|poke|p1|Glastrier|\n|poke|p1|Calyrex-Ice|\n|poke|p1|Arceus-Water|\n|poke|p1|Mudsdale, F|\n|poke|p1|Zebstrika, F|\n|poke|p2|Electrode|\n|poke|p2|Togekiss, F|\n|teampreview\n|\n|t:|1700496897\n|start\n|switch|p1a: Zebstrika|Zebstrika, F|100\/100\n|switch|p2a: Electrode|Electrode|100\/100\n|turn|1\n|\n|t:|1700496902\n|move|p2a: Electrode|Reflect|p2a: Electrode\n|-sidestart|p2: TogeSlap|Reflect\n|move|p1a: Zebstrika|Light Screen|p1a: Zebstrika\n|-sidestart|p1: about9000|move: Light Screen\n|\n|upkeep\n|turn|2\n|\n|t:|1700496906\n|move|p2a: Electrode|Light Screen|p2a: Electrode\n|-sidestart|p2: TogeSlap|move: Light Screen\n|move|p1a: Zebstrika|Toxic|p2a: Electrode\n|-status|p2a: Electrode|tox\n|\n|-damage|p2a: Electrode|94\/100 tox|[from] psn\n|upkeep\n|turn|3\n|\n|t:|1700496912\n|move|p2a: Electrode|Toxic|p1a: Zebstrika\n|-status|p1a: Zebstrika|tox\n|move|p1a: Zebstrika|Volt Switch|p2a: Electrode\n|-resisted|p2a: Electrode\n|-damage|p2a: Electrode|88\/100 tox\n|inactive|Battle timer is ON: inactive players will automatically lose when time's up. (requested by TogeSlap)\n|\n|t:|1700496926\n|switch|p1a: Calyrex|Calyrex-Ice|100\/100|[from] Volt Switch\n|-ability|p1a: Calyrex|As One\n|-ability|p1a: Calyrex|Unnerve\n|\n|-damage|p2a: Electrode|76\/100 tox|[from] psn\n|upkeep\n|turn|4\n|\n|t:|1700496934\n|move|p2a: Electrode|Explosion|p1a: Calyrex\n|-damage|p1a: Calyrex|78\/100\n|faint|p2a: Electrode\n|move|p1a: Calyrex|Trick Room|p1a: Calyrex\n|-fieldstart|move: Trick Room|[of] p1a: Calyrex\n|\n|upkeep\n|\n|t:|1700496938\n|switch|p2a: Togekiss|Togekiss, F|100\/100\n|turn|5\n|\n|t:|1700496941\n|-terastallize|p2a: Togekiss|Fairy\n|move|p1a: Calyrex|Glacial Lance|p2a: Togekiss\n|-damage|p2a: Togekiss|71\/100\n|move|p2a: Togekiss|Ancient Power|p1a: Calyrex\n|-supereffective|p1a: Calyrex\n|-damage|p1a: Calyrex|66\/100\n|-boost|p2a: Togekiss|atk|1\n|-boost|p2a: Togekiss|def|1\n|-boost|p2a: Togekiss|spa|1\n|-boost|p2a: Togekiss|spd|1\n|-boost|p2a: Togekiss|spe|1\n|\n|-heal|p2a: Togekiss|77\/100|[from] item: Leftovers\n|upkeep\n|turn|6\n|\n|t:|1700496958\n|-terastallize|p1a: Calyrex|Ground\n|move|p1a: Calyrex|High Horsepower|p2a: Togekiss\n|-damage|p2a: Togekiss|60\/100\n|move|p2a: Togekiss|Ancient Power|p1a: Calyrex\n|-resisted|p1a: Calyrex\n|-damage|p1a: Calyrex|63\/100\n|-boost|p2a: Togekiss|atk|1\n|-boost|p2a: Togekiss|def|1\n|-boost|p2a: Togekiss|spa|1\n|-boost|p2a: Togekiss|spd|1\n|-boost|p2a: Togekiss|spe|1\n|\n|-heal|p2a: Togekiss|66\/100|[from] item: Leftovers\n|upkeep\n|turn|7\n|\n|t:|1700496971\n|move|p1a: Calyrex|Glacial Lance|p2a: Togekiss\n|-damage|p2a: Togekiss|52\/100\n|move|p2a: Togekiss|Ancient Power|p1a: Calyrex\n|-resisted|p1a: Calyrex\n|-damage|p1a: Calyrex|57\/100\n|-boost|p2a: Togekiss|atk|1\n|-boost|p2a: Togekiss|def|1\n|-boost|p2a: Togekiss|spa|1\n|-boost|p2a: Togekiss|spd|1\n|-boost|p2a: Togekiss|spe|1\n|\n|-heal|p2a: Togekiss|58\/100|[from] item: Leftovers\n|upkeep\n|turn|8\n|c|\u2606about9000|dang\n|c|\u2606TogeSlap|lol\n|c|\u2606about9000|luuuucky\n|\n|t:|1700496992\n|move|p1a: Calyrex|Glacial Lance|p2a: Togekiss\n|-damage|p2a: Togekiss|45\/100\n|move|p2a: Togekiss|Soft-Boiled|p2a: Togekiss\n|-heal|p2a: Togekiss|95\/100\n|\n|-heal|p2a: Togekiss|100\/100|[from] item: Leftovers\n|-sideend|p2: TogeSlap|Reflect\n|-sideend|p1: about9000|move: Light Screen\n|-fieldend|move: Trick Room\n|upkeep\n|turn|9\n|c|\u2606TogeSlap|serene grace at it's finest\n|inactive|about9000 has 120 seconds left.\n|\n|t:|1700497009\n|move|p2a: Togekiss|Air Slash|p1a: Calyrex\n|-damage|p1a: Calyrex|7\/100\n|cant|p1a: Calyrex|flinch\n|\n|-sideend|p2: TogeSlap|move: Light Screen\n|upkeep\n|turn|10\n|\n|t:|1700497015\n|move|p2a: Togekiss|Ancient Power|p1a: Calyrex\n|-resisted|p1a: Calyrex\n|-damage|p1a: Calyrex|0 fnt\n|-boost|p2a: Togekiss|atk|1\n|-boost|p2a: Togekiss|def|1\n|-boost|p2a: Togekiss|spa|1\n|-boost|p2a: Togekiss|spd|1\n|-boost|p2a: Togekiss|spe|1\n|faint|p1a: Calyrex\n|\n|upkeep\n|c|\u2606TogeSlap|LMAO\n|inactive|about9000 has 120 seconds left.\n|c|\u2606about9000|yeah i never get the boost XD\n|\n|t:|1700497035\n|switch|p1a: Zebstrika|Zebstrika, F|100\/100 tox\n|turn|11\n|c|\u2606TogeSlap|!dt serene grace\n|raw|<ul class=\"utilichart\"><li class=\"result\"><span class=\"col namecol\"><a href=\"https:\/\/dex.pokemonshowdown.com\/abilities\/serenegrace\">Serene Grace<\/a><\/span> <span class=\"col abilitydesccol\">This Pokemon's moves have their secondary effect chance doubled.<\/span> <\/li><li style=\"clear:both\"><\/li><\/ul>\n|raw|<font size=\"1\"><font color=\"#686868\">Gen:<\/font> 3<\/font>\n\n|\n|t:|1700497044\n|move|p2a: Togekiss|Air Slash|p1a: Zebstrika\n|-resisted|p1a: Zebstrika\n|-damage|p1a: Zebstrika|42\/100 tox\n|move|p1a: Zebstrika|Toxic|p2a: Togekiss\n|-status|p2a: Togekiss|tox\n|\n|-damage|p2a: Togekiss|94\/100 tox|[from] psn\n|-damage|p1a: Zebstrika|36\/100 tox|[from] psn\n|upkeep\n|turn|12\n|c|\u2606about9000|phew\n|inactive|about9000 has 120 seconds left.\n|\n|t:|1700497055\n|move|p2a: Togekiss|Heal Bell|p2a: Togekiss\n|-activate|p2a: Togekiss|move: Heal Bell\n|-curestatus|p2a: Togekiss|tox|[msg]\n|move|p1a: Zebstrika|Light Screen|p1a: Zebstrika\n|-sidestart|p1: about9000|move: Light Screen\n|\n|-heal|p2a: Togekiss|100\/100|[from] item: Leftovers\n|-damage|p1a: Zebstrika|23\/100 tox|[from] psn\n|upkeep\n|turn|13\n|c|\u2606TogeSlap|xD\n|c|\u2606about9000|oh you stinker\n|inactive|about9000 has 120 seconds left.\n|\n|t:|1700497066\n|move|p2a: Togekiss|Air Slash|p1a: Zebstrika\n|-resisted|p1a: Zebstrika\n|-damage|p1a: Zebstrika|0 fnt\n|faint|p1a: Zebstrika\n|\n|upkeep\n|c|\u2606TogeSlap|:P\n|inactive|about9000 has 120 seconds left.\n|\n|t:|1700497076\n|switch|p1a: Mudsdale|Mudsdale, F|100\/100\n|turn|14\n|\n|t:|1700497082\n|move|p2a: Togekiss|Ancient Power|p1a: Mudsdale\n|-resisted|p1a: Mudsdale\n|-damage|p1a: Mudsdale|93\/100\n|-ability|p1a: Mudsdale|Stamina|boost\n|-boost|p1a: Mudsdale|def|1\n|move|p1a: Mudsdale|Heavy Slam|p2a: Togekiss\n|-supereffective|p2a: Togekiss\n|-damage|p2a: Togekiss|84\/100\n|\n|-heal|p2a: Togekiss|90\/100|[from] item: Leftovers\n|upkeep\n|turn|15\n|\n|t:|1700497092\n|move|p2a: Togekiss|Ancient Power|p1a: Mudsdale\n|-resisted|p1a: Mudsdale\n|-damage|p1a: Mudsdale|86\/100\n|-ability|p1a: Mudsdale|Stamina|boost\n|-boost|p1a: Mudsdale|def|1\n|move|p1a: Mudsdale|Heavy Slam|p2a: Togekiss\n|-supereffective|p2a: Togekiss\n|-damage|p2a: Togekiss|73\/100\n|\n|-heal|p2a: Togekiss|80\/100|[from] item: Leftovers\n|upkeep\n|turn|16\n|c|\u2606TogeSlap|crit miught kill me\n|c|\u2606TogeSlap|but let's see if i can go x4\n|\n|t:|1700497104\n|move|p2a: Togekiss|Ancient Power|p1a: Mudsdale\n|-resisted|p1a: Mudsdale\n|-damage|p1a: Mudsdale|79\/100\n|-boost|p2a: Togekiss|atk|1\n|-boost|p2a: Togekiss|def|1\n|-boost|p2a: Togekiss|spa|1\n|-boost|p2a: Togekiss|spd|1\n|-boost|p2a: Togekiss|spe|1\n|-ability|p1a: Mudsdale|Stamina|boost\n|-boost|p1a: Mudsdale|def|1\n|move|p1a: Mudsdale|Heavy Slam|p2a: Togekiss\n|-supereffective|p2a: Togekiss\n|-damage|p2a: Togekiss|65\/100\n|\n|-heal|p2a: Togekiss|71\/100|[from] item: Leftovers\n|upkeep\n|turn|17\n|inactive|about9000 has 120 seconds left.\n|c|\u2606about9000|buy a lottery ticket\n|c|\u2606TogeSlap|indeed\n|\n|t:|1700497124\n|move|p2a: Togekiss|Soft-Boiled|p2a: Togekiss\n|-heal|p2a: Togekiss|100\/100\n|move|p1a: Mudsdale|Heavy Slam|p2a: Togekiss\n|-supereffective|p2a: Togekiss\n|-damage|p2a: Togekiss|86\/100\n|\n|-heal|p2a: Togekiss|92\/100|[from] item: Leftovers\n|upkeep\n|turn|18\n|inactive|about9000 has 120 seconds left.\n|\n|t:|1700497136\n|move|p2a: Togekiss|Ancient Power|p1a: Mudsdale\n|-resisted|p1a: Mudsdale\n|-damage|p1a: Mudsdale|71\/100\n|-boost|p2a: Togekiss|atk|1\n|-boost|p2a: Togekiss|def|1\n|-boost|p2a: Togekiss|spa|1\n|-boost|p2a: Togekiss|spd|1\n|-boost|p2a: Togekiss|spe|1\n|-ability|p1a: Mudsdale|Stamina|boost\n|-boost|p1a: Mudsdale|def|1\n|move|p1a: Mudsdale|Bulldoze|p2a: Togekiss\n|-damage|p2a: Togekiss|87\/100\n|-unboost|p2a: Togekiss|spe|1\n|\n|-heal|p2a: Togekiss|93\/100|[from] item: Leftovers\n|upkeep\n|turn|19\n|c|\u2606TogeSlap|HAHAHAHAHA\n|inactive|about9000 has 120 seconds left.\n|c|\u2606TogeSlap|oh no how dare u\n|\n|t:|1700497150\n|move|p2a: Togekiss|Air Slash|p1a: Mudsdale\n|-crit|p1a: Mudsdale\n|-damage|p1a: Mudsdale|0 fnt\n|faint|p1a: Mudsdale\n|\n|-heal|p2a: Togekiss|99\/100|[from] item: Leftovers\n|-sideend|p1: about9000|move: Light Screen\n|upkeep\n|inactive|about9000 has 120 seconds left.\n|c|\u2606about9000|....\n|c|\u2606TogeSlap|never reached x4 tbh\n|c|\u2606about9000|nice crit ya little sh-\n|\n|t:|1700497173\n|switch|p1a: Spectrier|Spectrier|100\/100\n|turn|20\n|c|\u2606TogeSlap|:D :D\n|c|\u2606TogeSlap|i can still miss and lose to a crit\n|\n|t:|1700497187\n|move|p2a: Togekiss|Air Slash|p1a: Spectrier\n|-damage|p1a: Spectrier|6\/100\n|cant|p1a: Spectrier|flinch\n|\n|-heal|p2a: Togekiss|100\/100|[from] item: Leftovers\n|upkeep\n|turn|21\n|\n|t:|1700497195\n|move|p2a: Togekiss|Air Slash|p1a: Spectrier\n|-damage|p1a: Spectrier|0 fnt\n|faint|p1a: Spectrier\n|\n|upkeep\n|c|\u2606about9000|nah\n|c|\u2606about9000|gg\n|c|\u2606TogeSlap|lol\n|c|\u2606TogeSlap|how u tanked that tho\n|c|\u2606about9000|of course\n|c|\u2606TogeSlap|1104 Sp atk\n|c|\u2606TogeSlap|well\n|c|\u2606about9000|now if you use it on a full team itll never get the boost XD\n|inactive|about9000 has 90 seconds left.\n|\n|t:|1700497221\n|switch|p1a: Glastrier|Glastrier|100\/100\n|turn|22\n|c|\u2606TogeSlap|i have 60% flinch rate\n|\n|t:|1700497229\n|move|p2a: Togekiss|Air Slash|p1a: Glastrier\n|-damage|p1a: Glastrier|0 fnt\n|faint|p1a: Glastrier\n|\n|upkeep\n|\n|t:|1700497234\n|switch|p1a: Arceus|Arceus-Water|100\/100\n|turn|23\n|c|\u2606about9000|gg\n|c|\u2606TogeSlap|gg\n|\n|t:|1700497246\n|move|p2a: Togekiss|Air Slash|p1a: Arceus\n|-damage|p1a: Arceus|3\/100\n|cant|p1a: Arceus|flinch\n|\n|upkeep\n|turn|24\n|\n|t:|1700497251\n|move|p2a: Togekiss|Air Slash|p1a: Arceus\n|-damage|p1a: Arceus|0 fnt\n|faint|p1a: Arceus\n|\n|win|TogeSlap\n|raw|about9000's rating: 1141 &rarr; <strong>1108<\/strong><br \/>(-33 for losing)\n|raw|TogeSlap's rating: 1032 &rarr; <strong>1078<\/strong><br \/>(+46 for winning)\n|l|\u2606about9000\n|c|\u2606TogeSlap|that was actually insane\n","uploadtime":1700497429,"views":3,"p1id":"about9000","p2id":"togeslap","formatid":"gen9nationaldexubers","rating":1078,"private":0,"password":""}