{"id":"gen9nationaldexubers-1981129574","p1":"king of being bad","p2":"DavyCricket","format":"[Gen 9] National Dex Ubers","log":"|j|\u2606king of being bad\n|j|\u2606DavyCricket\n|t:|1698865917\n|gametype|singles\n|player|p1|king of being bad|hiker|1085\n|player|p2|DavyCricket|101|1102\n|teamsize|p1|6\n|teamsize|p2|6\n|gen|9\n|tier|[Gen 9] National Dex Ubers\n|rated|\n|rule|HP Percentage Mod: HP is shown in percentages\n|rule|Endless Battle Clause: Forcing endless battles is banned\n|rule|OHKO Clause: OHKO moves are banned\n|rule|Evasion Moves Clause: Evasion moves are banned\n|rule|Evasion Items Clause: Evasion items are banned\n|rule|Species Clause: Limit one of each Pok\u00e9mon\n|rule|Sleep Clause Mod: Limit one foe put to sleep\n|rule|Mega Rayquaza Clause: You cannot mega evolve Rayquaza\n|clearpoke\n|poke|p1|Galvantula, F|\n|poke|p1|Lugia|\n|poke|p1|Snorlax, M|\n|poke|p1|Dracovish|\n|poke|p1|Alakazam, M|\n|poke|p1|Marshadow|\n|poke|p2|Charizard, M|\n|poke|p2|Dragonite, M|\n|poke|p2|Empoleon, M|\n|poke|p2|Staraptor, M|\n|poke|p2|Garchomp, M|\n|poke|p2|Urshifu-*, M|\n|teampreview\n|c|\u2606king of being bad|hi\n|c|\u2606king of being bad|glhf\n|c|\u2606DavyCricket|ahoy\n|c|\u2606DavyCricket|glhf\n|\n|t:|1698865930\n|start\n|switch|p1a: Spider-Man|Galvantula, F|100\/100\n|switch|p2a: Don|Garchomp, M|100\/100\n|turn|1\n|c|\u2606king of being bad|god damnit\n|\n|t:|1698865940\n|move|p1a: Spider-Man|Sticky Web|p2a: Don\n|-sidestart|p2: DavyCricket|move: Sticky Web\n|move|p2a: Don|Earthquake|p1a: Spider-Man\n|-damage|p1a: Spider-Man|2\/100\n|\n|upkeep\n|turn|2\n|\n|t:|1698865951\n|move|p1a: Spider-Man|Toxic|p2a: Don\n|-status|p2a: Don|tox\n|move|p2a: Don|Dual Chop|p1a: Spider-Man\n|-damage|p1a: Spider-Man|0 fnt\n|faint|p1a: Spider-Man\n|-hitcount|p1: Spider-Man|1\n|\n|-damage|p2a: Don|94\/100 tox|[from] psn\n|upkeep\n|c|\u2606DavyCricket|da hell\n|c|\u2606king of being bad|thought he'd outspeed\n|\n|t:|1698865971\n|switch|p1a: Lugia|Lugia|100\/100\n|turn|3\n|c|\u2606DavyCricket|nah scarf garchomp is crazy\n|\n|t:|1698865977\n|move|p1a: Lugia|Ice Beam|p2a: Don\n|-supereffective|p2a: Don\n|-damage|p2a: Don|21\/100 tox\n|move|p2a: Don|Dual Chop|p1a: Lugia\n|-damage|p1a: Lugia|93\/100\n|-damage|p1a: Lugia|80\/100\n|-hitcount|p1a: Lugia|2\n|\n|-damage|p2a: Don|9\/100 tox|[from] psn\n|upkeep\n|turn|4\n|\n|t:|1698865988\n|move|p1a: Lugia|Roost|p1a: Lugia\n|-heal|p1a: Lugia|100\/100\n|-singleturn|p1a: Lugia|move: Roost\n|move|p2a: Don|Dual Chop|p1a: Lugia\n|-damage|p1a: Lugia|94\/100\n|-damage|p1a: Lugia|78\/100\n|-hitcount|p1a: Lugia|2\n|\n|-damage|p2a: Don|0 fnt|[from] psn\n|faint|p2a: Don\n|upkeep\n|\n|t:|1698865998\n|switch|p2a: Lycanite|Dragonite, M|100\/100\n|turn|5\n|\n|t:|1698866003\n|move|p1a: Lugia|Ice Beam|p2a: Lycanite\n|-supereffective|p2a: Lycanite\n|-damage|p2a: Lycanite|66\/100\n|-enditem|p2a: Lycanite|Weakness Policy\n|-boost|p2a: Lycanite|atk|2|[from] item: Weakness Policy\n|-boost|p2a: Lycanite|spa|2|[from] item: Weakness Policy\n|move|p2a: Lycanite|Dragon Rush|p1a: Lugia\n|-damage|p1a: Lugia|5\/100\n|\n|upkeep\n|turn|6\n|c|\u2606king of being bad|these dragons mad sturdy\n|c|\u2606DavyCricket|fr\n|\n|t:|1698866022\n|-terastallize|p2a: Lycanite|Dragon\n|move|p1a: Lugia|Ice Beam|p2a: Lycanite\n|-supereffective|p2a: Lycanite\n|-damage|p2a: Lycanite|33\/100\n|move|p2a: Lycanite|Dragon Pulse|p1a: Lugia\n|-damage|p1a: Lugia|0 fnt\n|faint|p1a: Lugia\n|\n|upkeep\n|\n|t:|1698866033\n|switch|p1a: Draco|Dracovish|100\/100\n|turn|7\n|c|\u2606DavyCricket|F\n|\n|t:|1698866040\n|-terastallize|p1a: Draco|Water\n|move|p1a: Draco|Fishious Rend|p2a: Lycanite\n|-resisted|p2a: Lycanite\n|-damage|p2a: Lycanite|0 fnt\n|faint|p2a: Lycanite\n|\n|upkeep\n|\n|t:|1698866045\n|switch|p2a: Julius|Empoleon, M|100\/100\n|-activate|p2a: Julius|move: Sticky Web\n|-unboost|p2a: Julius|spe|1\n|-ability|p2a: Julius|Competitive|boost\n|-boost|p2a: Julius|spa|2\n|turn|8\n|c|\u2606king of being bad|draco is so op\n|\n|t:|1698866061\n|move|p1a: Draco|Fishious Rend|p2a: Julius\n|-resisted|p2a: Julius\n|-damage|p2a: Julius|1\/100\n|-damage|p1a: Draco|84\/100|[from] item: Rocky Helmet|[of] p2a: Julius\n|move|p2a: Julius|Hydro Pump|p1a: Draco\n|-resisted|p1a: Draco\n|-damage|p1a: Draco|14\/100\n|\n|upkeep\n|turn|9\n|c|\u2606DavyCricket|OMG\n|\n|t:|1698866071\n|move|p1a: Draco|Fishious Rend|p2a: Julius\n|-resisted|p2a: Julius\n|-damage|p2a: Julius|0 fnt\n|-damage|p1a: Draco|0 fnt|[from] item: Rocky Helmet|[of] p2a: Julius\n|faint|p2a: Julius\n|faint|p1a: Draco\n|\n|upkeep\n|c|\u2606king of being bad|2x power when moves first is actually insane\n|c|\u2606king of being bad|he also has mystic water and tera water on\n|\n|t:|1698866097\n|switch|p1a: Sleepy|Snorlax, M, shiny|100\/100\n|switch|p2a: Ace|Staraptor, M|100\/100\n|turn|10\n|c|\u2606DavyCricket|blunder policy + dragon rush is cracked\n|\n|t:|1698866108\n|move|p2a: Ace|Brave Bird|p1a: Sleepy\n|-damage|p1a: Sleepy|36\/100\n|-damage|p2a: Ace|65\/100|[from] Recoil\n|move|p1a: Sleepy|Curse|p1a: Sleepy\n|-unboost|p1a: Sleepy|spe|1\n|-boost|p1a: Sleepy|atk|1\n|-boost|p1a: Sleepy|def|1\n|\n|-heal|p1a: Sleepy|42\/100|[from] item: Leftovers\n|upkeep\n|turn|11\n|\n|t:|1698866122\n|move|p2a: Ace|Close Combat|p1a: Sleepy\n|-supereffective|p1a: Sleepy\n|-damage|p1a: Sleepy|0 fnt\n|-unboost|p2a: Ace|def|1\n|-unboost|p2a: Ace|spd|1\n|faint|p1a: Sleepy\n|\n|upkeep\n|c|\u2606king of being bad|damn\n|\n|t:|1698866130\n|switch|p1a: Alakazam|Alakazam, M|100\/100\n|turn|12\n|\n|t:|1698866135\n|detailschange|p1a: Alakazam|Alakazam-Mega, M\n|-mega|p1a: Alakazam|Alakazam|Alakazite\n|-ability|p1a: Alakazam|Reckless|[from] ability: Trace|[of] p2a: Ace\n|move|p1a: Alakazam|Psychic|p2a: Ace\n|-damage|p2a: Ace|0 fnt\n|faint|p2a: Ace\n|\n|upkeep\n|\n|t:|1698866142\n|switch|p2a: Charlie|Charizard, M|100\/100\n|turn|13\n|\n|t:|1698866148\n|detailschange|p2a: Charlie|Charizard-Mega-X, M\n|-mega|p2a: Charlie|Charizard|Charizardite X\n|move|p1a: Alakazam|Psychic|p2a: Charlie\n|-damage|p2a: Charlie|13\/100\n|-unboost|p2a: Charlie|spd|1\n|move|p2a: Charlie|Flare Blitz|p1a: Alakazam\n|-damage|p1a: Alakazam|0 fnt\n|faint|p1a: Alakazam\n|-damage|p2a: Charlie|0 fnt|[from] Recoil\n|faint|p2a: Charlie\n|\n|upkeep\n|\n|t:|1698866162\n|switch|p1a: Shadow|Marshadow|100\/100\n|switch|p2a: Saitama|Urshifu, M|100\/100\n|-activate|p2a: Saitama|move: Sticky Web\n|-unboost|p2a: Saitama|spe|1\n|turn|14\n|c|\u2606king of being bad|uh\n|\n|t:|1698866169\n|-zpower|p1a: Shadow\n|move|p1a: Shadow|Soul-Stealing 7-Star Strike|p2a: Saitama|[zeffect]\n|-resisted|p2a: Saitama\n|-damage|p2a: Saitama|50\/100\n|move|p2a: Saitama|Wicked Blow|p1a: Shadow\n|-crit|p1a: Shadow\n|-damage|p1a: Shadow|23\/100\n|\n|upkeep\n|turn|15\n|c|\u2606DavyCricket|:)\n|c|\u2606king of being bad|no way\n|c|\u2606DavyCricket|gg\n|c|\u2606king of being bad|i thought that was a kill\n|c|\u2606king of being bad|gg\n|\n|t:|1698866191\n|move|p2a: Saitama|Sucker Punch|p1a: Shadow\n|-damage|p1a: Shadow|0 fnt\n|faint|p1a: Shadow\n|\n|win|DavyCricket\n|raw|king of being bad's rating: 1085 &rarr; <strong>1063<\/strong><br \/>(-22 for losing)\n|raw|DavyCricket's rating: 1102 &rarr; <strong>1126<\/strong><br \/>(+24 for winning)\n|c|\u2606DavyCricket|bring draco back ples\n|c|\u2606DavyCricket|I'm gonna regret saying that later\n|c|\u2606king of being bad|lol\n","uploadtime":1698866217,"views":7,"p1id":"kingofbeingbad","p2id":"davycricket","formatid":"gen9nationaldexubers","rating":1063,"private":0,"password":""}