{"id":"gen9nationaldexubers-1995835655","p1":"BlazerZX","p2":"huntersoka","format":"[Gen 9] National Dex Ubers","log":"|j|\u2606BlazerZX\n|j|\u2606huntersoka\n|t:|1700607947\n|gametype|singles\n|player|p1|BlazerZX|clair|\n|player|p2|huntersoka|1|\n|teamsize|p1|6\n|teamsize|p2|6\n|gen|9\n|tier|[Gen 9] National Dex Ubers\n|rule|HP Percentage Mod: HP is shown in percentages\n|rule|Endless Battle Clause: Forcing endless battles is banned\n|rule|OHKO Clause: OHKO moves are banned\n|rule|Evasion Moves Clause: Evasion moves are banned\n|rule|Evasion Items Clause: Evasion items are banned\n|rule|Species Clause: Limit one of each Pok\u00e9mon\n|rule|Sleep Clause Mod: Limit one foe put to sleep\n|rule|Mega Rayquaza Clause: You cannot mega evolve Rayquaza\n|clearpoke\n|poke|p1|Naganadel|\n|poke|p1|Toxapex, F|\n|poke|p1|Muk-Alola, F|\n|poke|p1|Glimmora, M|\n|poke|p1|Gengar, F|\n|poke|p1|Okidogi, M|\n|poke|p2|Ninetales-Alola, F|\n|poke|p2|Torterra, F|\n|poke|p2|Blastoise, F|\n|poke|p2|Tapu Koko|\n|poke|p2|Iron Moth|\n|poke|p2|Sableye, M|\n|teampreview\n|c|\u2606huntersoka|glhf\n|c|\u2606BlazerZX|gl hf\n|\n|t:|1700607988\n|start\n|switch|p1a: Glimmora|Glimmora, M|100\/100\n|switch|p2a: Ninetales|Ninetales-Alola, F|100\/100\n|-weather|Snow|[from] ability: Snow Warning|[of] p2a: Ninetales\n|turn|1\n|\n|t:|1700607999\n|move|p2a: Ninetales|Aurora Veil|p2a: Ninetales\n|-sidestart|p2: huntersoka|move: Aurora Veil\n|move|p1a: Glimmora|Stealth Rock|p2a: Ninetales\n|-sidestart|p2: huntersoka|move: Stealth Rock\n|\n|-weather|Snow|[upkeep]\n|upkeep\n|turn|2\n|\n|t:|1700608014\n|switch|p2a: Tapu Koko|Tapu Koko|100\/100\n|-damage|p2a: Tapu Koko|88\/100|[from] Stealth Rock\n|-fieldstart|move: Electric Terrain|[from] ability: Electric Surge|[of] p2a: Tapu Koko\n|move|p1a: Glimmora|Mortal Spin|p2a: Tapu Koko\n|-supereffective|p2a: Tapu Koko\n|-damage|p2a: Tapu Koko|80\/100\n|-status|p2a: Tapu Koko|psn\n|\n|-weather|Snow|[upkeep]\n|-damage|p2a: Tapu Koko|67\/100 psn|[from] psn\n|upkeep\n|turn|3\n|\n|t:|1700608030\n|switch|p1a: Muk|Muk-Alola, F|100\/100\n|move|p2a: Tapu Koko|Volt Switch|p1a: Muk\n|-damage|p1a: Muk|78\/100\n|j| The Mago3011\n|\n|t:|1700608046\n|switch|p2a: Blastoise|Blastoise, F|100\/100|[from] Volt Switch\n|-damage|p2a: Blastoise|88\/100|[from] Stealth Rock\n|\n|-weather|Snow|[upkeep]\n|upkeep\n|turn|4\n|\n|t:|1700608054\n|switch|p1a: Gengar|Gengar, F|100\/100\n|detailschange|p2a: Blastoise|Blastoise-Mega, F\n|-mega|p2a: Blastoise|Blastoise|Blastoisinite\n|move|p2a: Blastoise|Shell Smash|p2a: Blastoise\n|-unboost|p2a: Blastoise|def|1\n|-unboost|p2a: Blastoise|spd|1\n|-boost|p2a: Blastoise|atk|2\n|-boost|p2a: Blastoise|spa|2\n|-boost|p2a: Blastoise|spe|2\n|\n|-weather|Snow|[upkeep]\n|upkeep\n|turn|5\n|c|\u2606BlazerZX|damn\n|\n|t:|1700608101\n|switch|p1a: Glimmora|Glimmora, M|100\/100\n|move|p2a: Blastoise|Terrain Pulse|p1a: Glimmora\n|-enditem|p1a: Glimmora|Focus Sash\n|-damage|p1a: Glimmora|1\/100\n|\n|-weather|none\n|upkeep\n|turn|6\n|\n|t:|1700608111\n|move|p2a: Blastoise|Water Pulse|p1a: Glimmora\n|-supereffective|p1a: Glimmora\n|-damage|p1a: Glimmora|0 fnt\n|faint|p1a: Glimmora\n|\n|upkeep\n|\n|t:|1700608116\n|switch|p1a: Muk|Muk-Alola, F|78\/100\n|turn|7\n|\n|t:|1700608125\n|move|p2a: Blastoise|Terrain Pulse|p1a: Muk\n|-damage|p1a: Muk|1\/100\n|move|p1a: Muk|Poison Jab|p2a: Blastoise\n|-damage|p2a: Blastoise|58\/100\n|-status|p2a: Blastoise|psn|[from] ability: Poison Touch|[of] p1a: Muk\n|\n|-damage|p2a: Blastoise|45\/100 psn|[from] psn\n|upkeep\n|turn|8\n|c|\u2606huntersoka|NOOO\n|\n|t:|1700608136\n|move|p2a: Blastoise|Water Pulse|p1a: Muk\n|-damage|p1a: Muk|0 fnt\n|faint|p1a: Muk\n|\n|-damage|p2a: Blastoise|33\/100 psn|[from] psn\n|-sideend|p2: huntersoka|move: Aurora Veil\n|upkeep\n|c|\u2606huntersoka|:(\n|\n|t:|1700608143\n|switch|p1a: Toxapex|Toxapex, F|100\/100\n|turn|9\n|\n|t:|1700608150\n|move|p1a: Toxapex|Baneful Bunker|p1a: Toxapex\n|-singleturn|p1a: Toxapex|move: Protect\n|move|p2a: Blastoise|Shell Smash|p2a: Blastoise\n|-unboost|p2a: Blastoise|def|1\n|-unboost|p2a: Blastoise|spd|1\n|-boost|p2a: Blastoise|atk|2\n|-boost|p2a: Blastoise|spa|2\n|-boost|p2a: Blastoise|spe|2\n|\n|-damage|p2a: Blastoise|21\/100 psn|[from] psn\n|-fieldend|move: Electric Terrain\n|upkeep\n|turn|10\n|\n|t:|1700608157\n|move|p2a: Blastoise|Dragon Pulse|p1a: Toxapex\n|-damage|p1a: Toxapex|0 fnt\n|faint|p1a: Toxapex\n|\n|-damage|p2a: Blastoise|8\/100 psn|[from] psn\n|upkeep\n|\n|t:|1700608171\n|switch|p1a: Gengar|Gengar, F|100\/100\n|turn|11\n|\n|t:|1700608179\n|move|p2a: Blastoise|Water Pulse|p1a: Gengar\n|-damage|p1a: Gengar|0 fnt\n|faint|p1a: Gengar\n|\n|-damage|p2a: Blastoise|0 fnt|[from] psn\n|faint|p2a: Blastoise\n|upkeep\n|\n|t:|1700608192\n|switch|p1a: Naganadel|Naganadel|100\/100\n|switch|p2a: Tapu Koko|Tapu Koko|67\/100 psn\n|-damage|p2a: Tapu Koko|55\/100 psn|[from] Stealth Rock\n|-fieldstart|move: Electric Terrain|[from] ability: Electric Surge|[of] p2a: Tapu Koko\n|turn|12\n|\n|t:|1700608200\n|move|p2a: Tapu Koko|Dazzling Gleam|p1a: Naganadel\n|-damage|p1a: Naganadel|45\/100\n|move|p1a: Naganadel|Venoshock|p2a: Tapu Koko\n|-supereffective|p2a: Tapu Koko\n|-damage|p2a: Tapu Koko|0 fnt\n|faint|p2a: Tapu Koko\n|-ability|p1a: Naganadel|Beast Boost|boost\n|-boost|p1a: Naganadel|spe|1\n|\n|upkeep\n|\n|t:|1700608209\n|switch|p2a: Iron Moth|Iron Moth|100\/100\n|-damage|p2a: Iron Moth|76\/100|[from] Stealth Rock\n|-activate|p2a: Iron Moth|ability: Quark Drive\n|-start|p2a: Iron Moth|quarkdrivespa\n|turn|13\n|\n|t:|1700608233\n|move|p1a: Naganadel|Dragon Pulse|p2a: Iron Moth\n|-damage|p2a: Iron Moth|47\/100\n|move|p2a: Iron Moth|Air Slash|p1a: Naganadel\n|-damage|p1a: Naganadel|0 fnt\n|faint|p1a: Naganadel\n|\n|upkeep\n|\n|t:|1700608240\n|switch|p1a: Okidogi|Okidogi, M|100\/100\n|-item|p1a: Okidogi|Air Balloon\n|turn|14\n|l|\u2606BlazerZX\n|player|p1|\n|j|\u2606BlazerZX\n|player|p1|BlazerZX|clair\n|n|\u2606BlazerZX|blazerzx\n|l|\u2606huntersoka\n|player|p2|\n|j|\u2606huntersoka\n|player|p2|huntersoka|1\n|\n|t:|1700608427\n|move|p2a: Iron Moth|Air Slash|p1a: Okidogi|[miss]\n|-miss|p2a: Iron Moth|p1a: Okidogi\n|move|p1a: Okidogi|Drain Punch|p2a: Iron Moth\n|-resisted|p2a: Iron Moth\n|-damage|p2a: Iron Moth|12\/100\n|\n|upkeep\n|turn|15\n|\n|t:|1700608471\n|-terastallize|p1a: Okidogi|Ice\n|move|p2a: Iron Moth|Air Slash|p1a: Okidogi\n|-damage|p1a: Okidogi|65\/100\n|-enditem|p1a: Okidogi|Air Balloon\n|move|p1a: Okidogi|Bulk Up|p1a: Okidogi\n|-boost|p1a: Okidogi|atk|1\n|-boost|p1a: Okidogi|def|1\n|\n|upkeep\n|turn|16\n|c|\u2606BlazerZX|bruh\n|c|\u2606BlazerZX|i'm dumb\n|\n|t:|1700608485\n|move|p2a: Iron Moth|Fiery Dance|p1a: Okidogi\n|-supereffective|p1a: Okidogi\n|-damage|p1a: Okidogi|0 fnt\n|-boost|p2a: Iron Moth|spa|1\n|faint|p1a: Okidogi\n|\n|win|huntersoka\n|c|\u2606huntersoka|gg!\n|c|\u2606BlazerZX|gg\n|l| The Mago3011\n|l|\u2606BlazerZX\n|j|\u2606BlazerZX\n|player|p1|BlazerZX|clair\n","uploadtime":1700608891,"views":1,"p1id":"blazerzx","p2id":"huntersoka","formatid":"gen9nationaldexubers","rating":0,"private":0,"password":""}