{"id":"gen9nationaldexubers-1995859912","p1":"Razorgliscor472","p2":"Aroma Nobody","format":"[Gen 9] National Dex Ubers","log":"|j|\u2606Razorgliscor472\n|j|\u2606Aroma Nobody\n|t:|1700610588\n|gametype|singles\n|player|p1|Razorgliscor472|1|\n|player|p2|Aroma Nobody|turo-ai|\n|teamsize|p1|6\n|teamsize|p2|6\n|gen|9\n|tier|[Gen 9] National Dex Ubers\n|rule|HP Percentage Mod: HP is shown in percentages\n|rule|Endless Battle Clause: Forcing endless battles is banned\n|rule|OHKO Clause: OHKO moves are banned\n|rule|Evasion Moves Clause: Evasion moves are banned\n|rule|Evasion Items Clause: Evasion items are banned\n|rule|Species Clause: Limit one of each Pok\u00e9mon\n|rule|Sleep Clause Mod: Limit one foe put to sleep\n|rule|Mega Rayquaza Clause: You cannot mega evolve Rayquaza\n|clearpoke\n|poke|p1|Gliscor, M|\n|poke|p1|Tyranitar, M|\n|poke|p1|Rotom-Wash|\n|poke|p1|Serperior, M|\n|poke|p1|Tapu Lele|\n|poke|p1|Gholdengo|\n|poke|p2|Deoxys-Speed|\n|poke|p2|Hoopa-Unbound|\n|poke|p2|Slowking-Galar, M|\n|poke|p2|Indeedee-F, F|\n|poke|p2|Gallade, M|\n|poke|p2|Blaziken, M|\n|teampreview\n|c|\u2606Aroma Nobody|glhf\n|c|\u2606Razorgliscor472|U2\n|\n|t:|1700610610\n|start\n|switch|p1a: Tyranitar|Tyranitar, M|100\/100\n|switch|p2a: Gallade|Gallade, M|100\/100\n|-weather|Sandstorm|[from] ability: Sand Stream|[of] p1a: Tyranitar\n|turn|1\n|\n|t:|1700610641\n|switch|p1a: Gholdengo|Gholdengo|100\/100\n|detailschange|p2a: Gallade|Gallade-Mega, M\n|-mega|p2a: Gallade|Gallade|Galladite\n|move|p2a: Gallade|Close Combat|p1a: Gholdengo\n|-immune|p1a: Gholdengo\n|\n|-weather|Sandstorm|[upkeep]\n|-damage|p2a: Gallade|94\/100|[from] Sandstorm\n|upkeep\n|turn|2\n|\n|t:|1700610650\n|move|p2a: Gallade|Knock Off|p1a: Gholdengo\n|-supereffective|p1a: Gholdengo\n|-damage|p1a: Gholdengo|30\/100\n|-enditem|p1a: Gholdengo|Leftovers|[from] move: Knock Off|[of] p2a: Gallade\n|move|p1a: Gholdengo|Shadow Ball|p2a: Gallade\n|-supereffective|p2a: Gallade\n|-damage|p2a: Gallade|23\/100\n|\n|-weather|Sandstorm|[upkeep]\n|-damage|p2a: Gallade|17\/100|[from] Sandstorm\n|upkeep\n|turn|3\n|\n|t:|1700610663\n|switch|p1a: Tyranitar|Tyranitar, M|100\/100\n|move|p2a: Gallade|Knock Off|p1a: Tyranitar\n|-resisted|p1a: Tyranitar\n|-damage|p1a: Tyranitar|90\/100\n|\n|-weather|Sandstorm|[upkeep]\n|-damage|p2a: Gallade|11\/100|[from] Sandstorm\n|upkeep\n|turn|4\n|\n|t:|1700610675\n|switch|p1a: Gliscor|Gliscor, M|100\/100\n|move|p2a: Gallade|Close Combat|p1a: Gliscor\n|-resisted|p1a: Gliscor\n|-damage|p1a: Gliscor|73\/100\n|-unboost|p2a: Gallade|def|1\n|-unboost|p2a: Gallade|spd|1\n|\n|-weather|Sandstorm|[upkeep]\n|-damage|p2a: Gallade|4\/100|[from] Sandstorm\n|-status|p1a: Gliscor|tox|[from] item: Toxic Orb\n|upkeep\n|turn|5\n|\n|t:|1700610687\n|switch|p1a: Gholdengo|Gholdengo|30\/100\n|move|p2a: Gallade|Zen Headbutt|p1a: Gholdengo\n|-resisted|p1a: Gholdengo\n|-crit|p1a: Gholdengo\n|-damage|p1a: Gholdengo|1\/100\n|\n|-weather|none\n|upkeep\n|turn|6\n|\n|t:|1700610706\n|switch|p1a: Tyranitar|Tyranitar, M|90\/100\n|-weather|Sandstorm|[from] ability: Sand Stream|[of] p1a: Tyranitar\n|move|p2a: Gallade|Knock Off|p1a: Tyranitar\n|-resisted|p1a: Tyranitar\n|-damage|p1a: Tyranitar|79\/100\n|\n|-weather|Sandstorm|[upkeep]\n|-damage|p2a: Gallade|0 fnt|[from] Sandstorm\n|faint|p2a: Gallade\n|upkeep\n|\n|t:|1700610735\n|switch|p2a: Blaziken|Blaziken, M|100\/100\n|turn|7\n|\n|t:|1700610749\n|switch|p1a: Tapu Lele|Tapu Lele|100\/100\n|-fieldstart|move: Psychic Terrain|[from] ability: Psychic Surge|[of] p1a: Tapu Lele\n|move|p2a: Blaziken|Swords Dance|p2a: Blaziken\n|-boost|p2a: Blaziken|atk|2\n|\n|-weather|Sandstorm|[upkeep]\n|-damage|p1a: Tapu Lele|94\/100|[from] Sandstorm\n|-damage|p2a: Blaziken|95\/100|[from] Sandstorm\n|-ability|p2a: Blaziken|Speed Boost|boost\n|-boost|p2a: Blaziken|spe|1\n|upkeep\n|turn|8\n|\n|t:|1700610755\n|move|p1a: Tapu Lele|Psyshock|p2a: Blaziken\n|-supereffective|p2a: Blaziken\n|-damage|p2a: Blaziken|0 fnt\n|faint|p2a: Blaziken\n|\n|-weather|Sandstorm|[upkeep]\n|-damage|p1a: Tapu Lele|88\/100|[from] Sandstorm\n|upkeep\n|c|\u2606Aroma Nobody|aw\n|\n|t:|1700610770\n|switch|p2a: Hoopa|Hoopa-Unbound|100\/100\n|turn|9\n|\n|t:|1700610776\n|switch|p1a: Gholdengo|Gholdengo|1\/100\n|move|p2a: Hoopa|Hyperspace Fury|p1a: Gholdengo\n|-supereffective|p1a: Gholdengo\n|-damage|p1a: Gholdengo|0 fnt\n|-unboost|p2a: Hoopa|def|1\n|faint|p1a: Gholdengo\n|\n|-weather|Sandstorm|[upkeep]\n|-damage|p2a: Hoopa|95\/100|[from] Sandstorm\n|upkeep\n|\n|t:|1700610778\n|switch|p1a: Tapu Lele|Tapu Lele|88\/100\n|turn|10\n|\n|t:|1700610782\n|switch|p2a: Slowking|Slowking-Galar, M|100\/100\n|-terastallize|p1a: Tapu Lele|Fairy\n|move|p1a: Tapu Lele|Moonblast|p2a: Slowking\n|-resisted|p2a: Slowking\n|-damage|p2a: Slowking|80\/100\n|-unboost|p2a: Slowking|spa|1\n|\n|-weather|none\n|upkeep\n|turn|11\n|\n|t:|1700610786\n|switch|p1a: Tyranitar|Tyranitar, M|79\/100\n|-weather|Sandstorm|[from] ability: Sand Stream|[of] p1a: Tyranitar\n|move|p2a: Slowking|Chilly Reception|p2a: Slowking\n|-weather|Snow\n|c|\u2606Aroma Nobody|no sand\n|\n|t:|1700610798\n|switch|p2a: Hoopa|Hoopa-Unbound|95\/100|[from] Chilly Reception\n|\n|-weather|Snow|[upkeep]\n|-fieldend|move: Psychic Terrain\n|upkeep\n|turn|12\n|c|\u2606Razorgliscor472|I didnt NEED Sand\n|c|\u2606Razorgliscor472|Just for you not to pivot\n|\n|t:|1700610814\n|switch|p1a: Rotom|Rotom-Wash|100\/100\n|move|p2a: Hoopa|Drain Punch|p1a: Rotom\n|-damage|p1a: Rotom|74\/100\n|-heal|p2a: Hoopa|100\/100|[from] drain|[of] p1a: Rotom\n|\n|-weather|Snow|[upkeep]\n|-heal|p1a: Rotom|80\/100|[from] item: Leftovers\n|upkeep\n|turn|13\n|\n|t:|1700610820\n|switch|p2a: Slowking|Slowking-Galar, M|100\/100\n|move|p1a: Rotom|Volt Switch|p2a: Slowking\n|-damage|p2a: Slowking|87\/100\n|\n|t:|1700610822\n|switch|p1a: Tyranitar|Tyranitar, M|79\/100|[from] Volt Switch\n|-weather|Sandstorm|[from] ability: Sand Stream|[of] p1a: Tyranitar\n|\n|-weather|Sandstorm|[upkeep]\n|-damage|p2a: Slowking|81\/100|[from] Sandstorm\n|upkeep\n|turn|14\n|\n|t:|1700610829\n|switch|p2a: Deoxys|Deoxys-Speed|100\/100\n|-ability|p2a: Deoxys|Pressure\n|detailschange|p1a: Tyranitar|Tyranitar-Mega, M\n|-mega|p1a: Tyranitar|Tyranitar|Tyranitarite\n|move|p1a: Tyranitar|Knock Off|p2a: Deoxys\n|-supereffective|p2a: Deoxys\n|-enditem|p2a: Deoxys|Focus Sash\n|-damage|p2a: Deoxys|1\/100\n|\n|-weather|Sandstorm|[upkeep]\n|-damage|p2a: Deoxys|0 fnt|[from] Sandstorm\n|faint|p2a: Deoxys\n|upkeep\n|\n|t:|1700610833\n|switch|p2a: Hoopa|Hoopa-Unbound|100\/100\n|turn|15\n|\n|t:|1700610846\n|switch|p1a: Gliscor|Gliscor, M|73\/100 tox\n|-terastallize|p2a: Hoopa|Dark\n|move|p2a: Hoopa|Hyperspace Fury|p1a: Gliscor\n|-damage|p1a: Gliscor|0 fnt\n|-unboost|p2a: Hoopa|def|1\n|faint|p1a: Gliscor\n|\n|-weather|Sandstorm|[upkeep]\n|-damage|p2a: Hoopa|95\/100|[from] Sandstorm\n|upkeep\n|\n|t:|1700610849\n|switch|p1a: Tyranitar|Tyranitar-Mega, M|79\/100\n|turn|16\n|\n|t:|1700610857\n|-activate|p2a: Hoopa|move: Pursuit\n|move|p1a: Tyranitar|Pursuit|p2a: Hoopa|[from]Pursuit\n|-resisted|p2a: Hoopa\n|-damage|p2a: Hoopa|24\/100\n|switch|p2a: Indeedee|Indeedee-F, F|100\/100\n|-fieldstart|move: Psychic Terrain|[from] ability: Psychic Surge|[of] p2a: Indeedee\n|\n|-weather|Sandstorm|[upkeep]\n|-damage|p2a: Indeedee|94\/100|[from] Sandstorm\n|upkeep\n|turn|17\n|\n|t:|1700610865\n|move|p2a: Indeedee|Calm Mind|p2a: Indeedee\n|-boost|p2a: Indeedee|spa|1\n|-boost|p2a: Indeedee|spd|1\n|move|p1a: Tyranitar|Knock Off|p2a: Indeedee\n|-supereffective|p2a: Indeedee\n|-damage|p2a: Indeedee|0 fnt\n|-enditem|p2a: Indeedee|Heavy-Duty Boots|[from] move: Knock Off|[of] p1a: Tyranitar\n|faint|p2a: Indeedee\n|\n|-weather|none\n|upkeep\n|\n|t:|1700610869\n|switch|p2a: Slowking|Slowking-Galar, M|100\/100\n|turn|18\n|\n|t:|1700610872\n|move|p1a: Tyranitar|Knock Off|p2a: Slowking\n|-supereffective|p2a: Slowking\n|-damage|p2a: Slowking|0 fnt\n|-enditem|p2a: Slowking|Heavy-Duty Boots|[from] move: Knock Off|[of] p1a: Tyranitar\n|faint|p2a: Slowking\n|\n|upkeep\n|\n|t:|1700610876\n|switch|p2a: Hoopa|Hoopa-Unbound, tera:Dark|24\/100\n|turn|19\n|\n|t:|1700610879\n|move|p2a: Hoopa|Drain Punch|p1a: Tyranitar\n|-supereffective|p1a: Tyranitar\n|-damage|p1a: Tyranitar|0 fnt\n|-heal|p2a: Hoopa|73\/100|[from] drain|[of] p1a: Tyranitar\n|faint|p1a: Tyranitar\n|\n|upkeep\n|\n|t:|1700610881\n|switch|p1a: Tapu Lele|Tapu Lele, tera:Fairy|88\/100\n|turn|20\n|c|\u2606Aroma Nobody|gg\n|c|\u2606Razorgliscor472|Gg\n|\n|t:|1700610885\n|move|p1a: Tapu Lele|Moonblast|p2a: Hoopa\n|-supereffective|p2a: Hoopa\n|-damage|p2a: Hoopa|0 fnt\n|faint|p2a: Hoopa\n|\n|win|Razorgliscor472\n","uploadtime":1700610890,"views":2,"p1id":"razorgliscor472","p2id":"aromanobody","formatid":"gen9nationaldexubers","rating":0,"private":0,"password":""}