{"id":"gen9nationaldexubers-1982692646","p1":"ShadowRex727","p2":"AngryCrab55","format":"[Gen 9] National Dex Ubers","log":"|j|\u2606ShadowRex727\n|j|\u2606AngryCrab55\n|t:|1699036283\n|gametype|singles\n|player|p1|ShadowRex727|carmine-festival|\n|player|p2|AngryCrab55|worker-gen4|\n|teamsize|p1|6\n|teamsize|p2|6\n|gen|9\n|tier|[Gen 9] National Dex Ubers\n|rule|HP Percentage Mod: HP is shown in percentages\n|rule|Endless Battle Clause: Forcing endless battles is banned\n|rule|OHKO Clause: OHKO moves are banned\n|rule|Evasion Moves Clause: Evasion moves are banned\n|rule|Evasion Items Clause: Evasion items are banned\n|rule|Species Clause: Limit one of each Pok\u00e9mon\n|rule|Sleep Clause Mod: Limit one foe put to sleep\n|rule|Mega Rayquaza Clause: You cannot mega evolve Rayquaza\n|clearpoke\n|poke|p1|Salamence, F|\n|poke|p1|Pheromosa|\n|poke|p1|Magearna|\n|poke|p1|Necrozma-Dusk-Mane|\n|poke|p1|Xerneas-*|\n|poke|p1|Naganadel|\n|poke|p2|Porygon-Z|\n|poke|p2|Clefable, F|\n|poke|p2|Gallade, M|\n|poke|p2|Corviknight, M|\n|poke|p2|Ting-Lu|\n|poke|p2|Rotom-Wash|\n|teampreview\n|inactive|Battle timer is ON: inactive players will automatically lose when time's up. (requested by ShadowRex727)\n|\n|t:|1699036293\n|start\n|switch|p1a: Xerneas|Xerneas|100\/100\n|switch|p2a: Ting-Lu|Ting-Lu|100\/100\n|-ability|p1a: Xerneas|Fairy Aura\n|-ability|p2a: Ting-Lu|Vessel of Ruin\n|turn|1\n|\n|t:|1699036298\n|move|p1a: Xerneas|Geomancy||[still]\n|-prepare|p1a: Xerneas|Geomancy\n|-enditem|p1a: Xerneas|Power Herb\n|-anim|p1a: Xerneas|Geomancy|p1a: Xerneas\n|-boost|p1a: Xerneas|spa|2\n|-boost|p1a: Xerneas|spd|2\n|-boost|p1a: Xerneas|spe|2\n|move|p2a: Ting-Lu|Whirlwind|p1a: Xerneas\n|drag|p1a: Magearna|Magearna|100\/100\n|\n|upkeep\n|turn|2\n|\n|t:|1699036305\n|move|p1a: Magearna|Agility|p1a: Magearna\n|-boost|p1a: Magearna|spe|2\n|move|p2a: Ting-Lu|Stealth Rock|p1a: Magearna\n|-sidestart|p1: ShadowRex727|move: Stealth Rock\n|\n|upkeep\n|turn|3\n|\n|t:|1699036307\n|move|p1a: Magearna|Fleur Cannon|p2a: Ting-Lu\n|-supereffective|p2a: Ting-Lu\n|-damage|p2a: Ting-Lu|8\/100\n|-unboost|p1a: Magearna|spa|2\n|move|p2a: Ting-Lu|Whirlwind|p1a: Magearna\n|drag|p1a: Salamence|Salamence, F|100\/100\n|-damage|p1a: Salamence|76\/100|[from] Stealth Rock\n|-ability|p1a: Salamence|Intimidate|boost\n|-unboost|p2a: Ting-Lu|atk|1\n|\n|upkeep\n|turn|4\n|\n|t:|1699036314\n|move|p1a: Salamence|Dragon Dance|p1a: Salamence\n|-boost|p1a: Salamence|atk|1\n|-boost|p1a: Salamence|spe|1\n|move|p2a: Ting-Lu|Whirlwind|p1a: Salamence\n|drag|p1a: Magearna|Magearna|100\/100\n|-damage|p1a: Magearna|95\/100|[from] Stealth Rock\n|\n|-heal|p1a: Magearna|100\/100|[from] item: Leftovers\n|upkeep\n|turn|5\n|\n|t:|1699036317\n|move|p1a: Magearna|Fleur Cannon|p2a: Ting-Lu\n|-supereffective|p2a: Ting-Lu\n|-damage|p2a: Ting-Lu|0 fnt\n|-unboost|p1a: Magearna|spa|2\n|faint|p2a: Ting-Lu\n|-ability|p1a: Magearna|Soul-Heart|boost\n|-boost|p1a: Magearna|spa|1\n|\n|upkeep\n|\n|t:|1699036320\n|switch|p2a: Corviknight|Corviknight, M|100\/100\n|turn|6\n|\n|t:|1699036324\n|move|p1a: Magearna|Agility|p1a: Magearna\n|-boost|p1a: Magearna|spe|2\n|move|p2a: Corviknight|Brave Bird|p1a: Magearna\n|-resisted|p1a: Magearna\n|-damage|p1a: Magearna|82\/100\n|-damage|p2a: Corviknight|96\/100|[from] Recoil\n|\n|-heal|p1a: Magearna|88\/100|[from] item: Leftovers\n|upkeep\n|turn|7\n|\n|t:|1699036327\n|move|p1a: Magearna|Calm Mind|p1a: Magearna\n|-boost|p1a: Magearna|spa|1\n|-boost|p1a: Magearna|spd|1\n|move|p2a: Corviknight|U-turn|p1a: Magearna\n|-resisted|p1a: Magearna\n|-damage|p1a: Magearna|84\/100\n|\n|t:|1699036333\n|switch|p2a: Clefable|Clefable, F|100\/100|[from] U-turn\n|\n|-heal|p1a: Magearna|90\/100|[from] item: Leftovers\n|upkeep\n|turn|8\n|\n|t:|1699036336\n|switch|p2a: Corviknight|Corviknight, M|96\/100\n|move|p1a: Magearna|Calm Mind|p1a: Magearna\n|-boost|p1a: Magearna|spa|1\n|-boost|p1a: Magearna|spd|1\n|\n|-heal|p1a: Magearna|96\/100|[from] item: Leftovers\n|upkeep\n|turn|9\n|\n|t:|1699036342\n|move|p1a: Magearna|Calm Mind|p1a: Magearna\n|-boost|p1a: Magearna|spa|1\n|-boost|p1a: Magearna|spd|1\n|move|p2a: Corviknight|U-turn|p1a: Magearna\n|-resisted|p1a: Magearna\n|-damage|p1a: Magearna|92\/100\n|\n|t:|1699036344\n|switch|p2a: Clefable|Clefable, F|100\/100|[from] U-turn\n|\n|-heal|p1a: Magearna|98\/100|[from] item: Leftovers\n|upkeep\n|turn|10\n|\n|t:|1699036348\n|move|p1a: Magearna|Calm Mind|p1a: Magearna\n|-boost|p1a: Magearna|spa|1\n|-boost|p1a: Magearna|spd|1\n|move|p2a: Clefable|Moonblast|p1a: Magearna\n|-resisted|p1a: Magearna\n|-damage|p1a: Magearna|76\/100\n|-unboost|p1a: Magearna|spa|1\n|\n|-heal|p1a: Magearna|82\/100|[from] item: Leftovers\n|upkeep\n|turn|11\n|\n|t:|1699036356\n|move|p1a: Magearna|Calm Mind|p1a: Magearna\n|-boost|p1a: Magearna|spa|1\n|-boost|p1a: Magearna|spd|1\n|move|p2a: Clefable|Wish|p2a: Clefable\n|\n|-heal|p1a: Magearna|88\/100|[from] item: Leftovers\n|upkeep\n|turn|12\n|\n|t:|1699036360\n|move|p1a: Magearna|Calm Mind|p1a: Magearna\n|-boost|p1a: Magearna|spa|1\n|-boost|p1a: Magearna|spd|1\n|move|p2a: Clefable|Moonblast|p1a: Magearna\n|-resisted|p1a: Magearna\n|-damage|p1a: Magearna|67\/100\n|\n|-heal|p1a: Magearna|73\/100|[from] item: Leftovers\n|upkeep\n|turn|13\n|\n|t:|1699036366\n|move|p1a: Magearna|Calm Mind|p1a: Magearna\n|-boost|p1a: Magearna|spa|1\n|-boost|p1a: Magearna|spd|0\n|move|p2a: Clefable|Moonblast|p1a: Magearna\n|-resisted|p1a: Magearna\n|-damage|p1a: Magearna|50\/100\n|\n|-heal|p1a: Magearna|56\/100|[from] item: Leftovers\n|upkeep\n|turn|14\n|j| TheChaseWay\n|\n|t:|1699036371\n|move|p1a: Magearna|Stored Power|p2a: Clefable\n|-damage|p2a: Clefable|0 fnt\n|faint|p2a: Clefable\n|-ability|p1a: Magearna|Soul-Heart|boost\n|-boost|p1a: Magearna|spa|1\n|\n|-heal|p1a: Magearna|62\/100|[from] item: Leftovers\n|upkeep\n|\n|t:|1699036385\n|switch|p2a: Corviknight|Corviknight, M|96\/100\n|turn|15\n|\n|t:|1699036390\n|move|p1a: Magearna|Agility|p1a: Magearna\n|-boost|p1a: Magearna|spe|2\n|move|p2a: Corviknight|Brave Bird|p1a: Magearna\n|-resisted|p1a: Magearna\n|-damage|p1a: Magearna|44\/100\n|-damage|p2a: Corviknight|91\/100|[from] Recoil\n|\n|-heal|p1a: Magearna|50\/100|[from] item: Leftovers\n|upkeep\n|turn|16\n|c| TheChaseWay|Soup\n|\n|t:|1699036394\n|move|p1a: Magearna|Agility|p1a: Magearna\n|-boost|p1a: Magearna|spe|2\n|move|p2a: Corviknight|Brave Bird|p1a: Magearna\n|-resisted|p1a: Magearna\n|-damage|p1a: Magearna|31\/100\n|-damage|p2a: Corviknight|86\/100|[from] Recoil\n|\n|-heal|p1a: Magearna|37\/100|[from] item: Leftovers\n|upkeep\n|turn|17\n|\n|t:|1699036396\n|move|p1a: Magearna|Stored Power|p2a: Corviknight\n|-resisted|p2a: Corviknight\n|-damage|p2a: Corviknight|0 fnt\n|faint|p2a: Corviknight\n|\n|-heal|p1a: Magearna|43\/100|[from] item: Leftovers\n|upkeep\n|\n|t:|1699036401\n|switch|p2a: Rotom|Rotom-Wash|100\/100\n|turn|18\n|\n|t:|1699036404\n|move|p1a: Magearna|Stored Power|p2a: Rotom\n|-damage|p2a: Rotom|0 fnt\n|faint|p2a: Rotom\n|\n|-heal|p1a: Magearna|49\/100|[from] item: Leftovers\n|upkeep\n|\n|t:|1699036406\n|switch|p2a: Porygon-Z|Porygon-Z|100\/100\n|turn|19\n|\n|t:|1699036410\n|move|p1a: Magearna|Stored Power|p2a: Porygon-Z\n|-damage|p2a: Porygon-Z|0 fnt\n|faint|p2a: Porygon-Z\n|\n|-heal|p1a: Magearna|55\/100|[from] item: Leftovers\n|upkeep\n|\n|t:|1699036412\n|switch|p2a: Gallade|Gallade, M|100\/100\n|turn|20\n|\n|t:|1699036415\n|detailschange|p2a: Gallade|Gallade-Mega, M\n|-mega|p2a: Gallade|Gallade|Galladite\n|move|p1a: Magearna|Stored Power|p2a: Gallade\n|-damage|p2a: Gallade|0 fnt\n|faint|p2a: Gallade\n|\n|win|ShadowRex727\n|c| TheChaseWay|Get nailed\n|l|\u2606AngryCrab55\n","uploadtime":1699036427,"views":4,"p1id":"shadowrex727","p2id":"angrycrab55","formatid":"gen9nationaldexubers","rating":0,"private":0,"password":""}