{"id":"gen9nationaldexubers-1985578512","p1":"DriftRunner","p2":"Zake202012","format":"[Gen 9] National Dex Ubers","log":"|j|\u2606DriftRunner\n|j|\u2606Zake202012\n|t:|1699386152\n|gametype|singles\n|player|p1|DriftRunner|102|1156\n|player|p2|Zake202012|n|1195\n|teamsize|p1|6\n|teamsize|p2|6\n|gen|9\n|tier|[Gen 9] National Dex Ubers\n|rated|\n|rule|HP Percentage Mod: HP is shown in percentages\n|rule|Endless Battle Clause: Forcing endless battles is banned\n|rule|OHKO Clause: OHKO moves are banned\n|rule|Evasion Moves Clause: Evasion moves are banned\n|rule|Evasion Items Clause: Evasion items are banned\n|rule|Species Clause: Limit one of each Pok\u00e9mon\n|rule|Sleep Clause Mod: Limit one foe put to sleep\n|rule|Mega Rayquaza Clause: You cannot mega evolve Rayquaza\n|clearpoke\n|poke|p1|Dachsbun, F|\n|poke|p1|Tinkaton, F|\n|poke|p1|Lapras, F|\n|poke|p1|Drifblim, M|\n|poke|p1|Flygon, F|\n|poke|p1|Mr. Mime, F|\n|poke|p2|Zangoose, F|\n|poke|p2|Ribombee, F|\n|poke|p2|Manaphy|\n|poke|p2|Scizor, M|\n|poke|p2|Roaring Moon|\n|poke|p2|Ting-Lu|\n|teampreview\n|inactive|Battle timer is ON: inactive players will automatically lose when time's up. (requested by Zake202012)\n|\n|t:|1699386172\n|start\n|switch|p1a: Flygon|Flygon, F|100\/100\n|switch|p2a: Ribombee|Ribombee, F|100\/100\n|turn|1\n|\n|t:|1699386177\n|move|p2a: Ribombee|Sticky Web|p1a: Flygon\n|-sidestart|p1: DriftRunner|move: Sticky Web\n|move|p1a: Flygon|Dragon Dance|p1a: Flygon\n|-boost|p1a: Flygon|atk|1\n|-boost|p1a: Flygon|spe|1\n|\n|upkeep\n|turn|2\n|\n|t:|1699386182\n|move|p1a: Flygon|Fire Punch|p2a: Ribombee\n|-supereffective|p2a: Ribombee\n|-enditem|p2a: Ribombee|Focus Sash\n|-damage|p2a: Ribombee|1\/100\n|move|p2a: Ribombee|Tailwind|p2a: Ribombee\n|-sidestart|p2: Zake202012|move: Tailwind\n|\n|upkeep\n|turn|3\n|\n|t:|1699386188\n|move|p2a: Ribombee|Moonblast|p1a: Flygon\n|-supereffective|p1a: Flygon\n|-enditem|p1a: Flygon|Focus Sash\n|-damage|p1a: Flygon|1\/100\n|move|p1a: Flygon|Fire Punch|p2a: Ribombee\n|-supereffective|p2a: Ribombee\n|-damage|p2a: Ribombee|0 fnt\n|faint|p2a: Ribombee\n|\n|upkeep\n|\n|t:|1699386196\n|switch|p2a: Zangoose|Zangoose, F|100\/100\n|turn|4\n|\n|t:|1699386199\n|move|p2a: Zangoose|Quick Attack|p1a: Flygon\n|-damage|p1a: Flygon|0 fnt\n|faint|p1a: Flygon\n|\n|-status|p2a: Zangoose|tox|[from] item: Toxic Orb\n|upkeep\n|\n|t:|1699386210\n|switch|p1a: Drifblim|Drifblim, M|100\/100\n|turn|5\n|\n|t:|1699386218\n|move|p2a: Zangoose|Knock Off|p1a: Drifblim\n|-supereffective|p1a: Drifblim\n|-enditem|p1a: Drifblim|Focus Sash\n|-damage|p1a: Drifblim|1\/100\n|move|p1a: Drifblim|Strength Sap|p2a: Zangoose\n|-unboost|p2a: Zangoose|atk|1\n|-heal|p1a: Drifblim|75\/100\n|\n|-damage|p2a: Zangoose|95\/100 tox|[from] psn\n|-sideend|p2: Zake202012|move: Tailwind\n|upkeep\n|turn|6\n|\n|t:|1699386234\n|switch|p2a: Manaphy|Manaphy|100\/100\n|move|p1a: Drifblim|Air Slash|p2a: Manaphy\n|-damage|p2a: Manaphy|68\/100\n|\n|upkeep\n|turn|7\n|\n|t:|1699386242\n|move|p2a: Manaphy|Tail Glow|p2a: Manaphy\n|-boost|p2a: Manaphy|spa|3\n|move|p1a: Drifblim|Calm Mind|p1a: Drifblim\n|-boost|p1a: Drifblim|spa|1\n|-boost|p1a: Drifblim|spd|1\n|\n|upkeep\n|turn|8\n|\n|t:|1699386247\n|move|p2a: Manaphy|Tail Glow|p2a: Manaphy\n|-boost|p2a: Manaphy|spa|3\n|move|p1a: Drifblim|Strength Sap|p2a: Manaphy\n|-unboost|p2a: Manaphy|atk|1\n|-heal|p1a: Drifblim|100\/100\n|\n|upkeep\n|turn|9\n|\n|t:|1699386256\n|move|p2a: Manaphy|Surf|p1a: Drifblim\n|-damage|p1a: Drifblim|0 fnt\n|faint|p1a: Drifblim\n|\n|upkeep\n|\n|t:|1699386277\n|switch|p1a: Mr. Mime|Mr. Mime, F|100\/100\n|-activate|p1a: Mr. Mime|move: Sticky Web\n|-unboost|p1a: Mr. Mime|spe|1\n|turn|10\n|\n|t:|1699386283\n|move|p2a: Manaphy|Surf|p1a: Mr. Mime\n|-enditem|p1a: Mr. Mime|Focus Sash\n|-damage|p1a: Mr. Mime|1\/100\n|move|p1a: Mr. Mime|Shadow Ball|p2a: Manaphy\n|-damage|p2a: Manaphy|46\/100\n|\n|upkeep\n|turn|11\n|\n|t:|1699386293\n|move|p2a: Manaphy|Surf|p1a: Mr. Mime\n|-damage|p1a: Mr. Mime|0 fnt\n|faint|p1a: Mr. Mime\n|\n|upkeep\n|\n|t:|1699386297\n|switch|p1a: Lapras|Lapras, F|100\/100\n|-activate|p1a: Lapras|move: Sticky Web\n|-unboost|p1a: Lapras|spe|1\n|turn|12\n|\n|t:|1699386301\n|move|p2a: Manaphy|Energy Ball|p1a: Lapras\n|-supereffective|p1a: Lapras\n|-enditem|p1a: Lapras|Focus Sash\n|-damage|p1a: Lapras|1\/100\n|move|p1a: Lapras|Hyper Voice|p2a: Manaphy\n|-damage|p2a: Manaphy|18\/100\n|-enditem|p2a: Manaphy|Salac Berry|[eat]\n|-boost|p2a: Manaphy|spe|1|[from] item: Salac Berry\n|\n|upkeep\n|turn|13\n|\n|t:|1699386310\n|move|p2a: Manaphy|Energy Ball|p1a: Lapras\n|-supereffective|p1a: Lapras\n|-damage|p1a: Lapras|0 fnt\n|faint|p1a: Lapras\n|\n|upkeep\n|inactive|DriftRunner has 120 seconds left.\n|\n|t:|1699386353\n|switch|p1a: Dachsbun|Dachsbun, F|100\/100\n|-activate|p1a: Dachsbun|move: Sticky Web\n|-unboost|p1a: Dachsbun|spe|1\n|turn|14\n|\n|t:|1699386358\n|move|p2a: Manaphy|Surf|p1a: Dachsbun\n|-enditem|p1a: Dachsbun|Focus Sash\n|-damage|p1a: Dachsbun|1\/100\n|move|p1a: Dachsbun|Play Rough|p2a: Manaphy\n|-damage|p2a: Manaphy|0 fnt\n|faint|p2a: Manaphy\n|\n|upkeep\n|\n|t:|1699386364\n|switch|p2a: Scizor|Scizor, M|100\/100\n|turn|15\n|\n|t:|1699386370\n|detailschange|p2a: Scizor|Scizor-Mega, M\n|-mega|p2a: Scizor|Scizor|Scizorite\n|move|p1a: Dachsbun|Fire Fang|p2a: Scizor\n|-supereffective|p2a: Scizor\n|-damage|p2a: Scizor|49\/100\n|move|p2a: Scizor|Swords Dance|p2a: Scizor\n|-boost|p2a: Scizor|atk|2\n|\n|upkeep\n|turn|16\n|\n|t:|1699386376\n|move|p2a: Scizor|Bullet Punch|p1a: Dachsbun\n|-supereffective|p1a: Dachsbun\n|-damage|p1a: Dachsbun|0 fnt\n|faint|p1a: Dachsbun\n|\n|upkeep\n|\n|t:|1699386380\n|switch|p1a: Tinkaton|Tinkaton, F|100\/100\n|-activate|p1a: Tinkaton|move: Sticky Web\n|-unboost|p1a: Tinkaton|spe|1\n|-ability|p1a: Tinkaton|Mold Breaker\n|turn|17\n|\n|t:|1699386386\n|move|p2a: Scizor|Bullet Punch|p1a: Tinkaton\n|-enditem|p1a: Tinkaton|Focus Sash\n|-damage|p1a: Tinkaton|1\/100\n|move|p1a: Tinkaton|Gigaton Hammer|p2a: Scizor\n|-resisted|p2a: Scizor\n|-damage|p2a: Scizor|27\/100\n|\n|upkeep\n|turn|18\n|\n|t:|1699386398\n|move|p2a: Scizor|Bullet Punch|p1a: Tinkaton\n|-damage|p1a: Tinkaton|0 fnt\n|faint|p1a: Tinkaton\n|\n|win|Zake202012\n|raw|DriftRunner's rating: 1156 &rarr; <strong>1134<\/strong><br \/>(-22 for losing)\n|raw|Zake202012's rating: 1195 &rarr; <strong>1217<\/strong><br \/>(+22 for winning)\n|l|\u2606DriftRunner\n|l|\u2606Zake202012\n|j|\u2606Zake202012\n|player|p2|Zake202012|n\n","uploadtime":1699386427,"views":11,"p1id":"driftrunner","p2id":"zake202012","formatid":"gen9nationaldexubers","rating":1134,"private":0,"password":""}