{"id":"gen9nationaldexubers-1987253833","p1":"poloysquare","p2":"Lexington39","format":"[Gen 9] National Dex Ubers","log":"|j|\u2606poloysquare\n|j|\u2606Lexington39\n|t:|1699569807\n|gametype|singles\n|player|p1|poloysquare|101|1040\n|player|p2|Lexington39|lucas|1000\n|teamsize|p1|6\n|teamsize|p2|6\n|gen|9\n|tier|[Gen 9] National Dex Ubers\n|rated|\n|rule|HP Percentage Mod: HP is shown in percentages\n|rule|Endless Battle Clause: Forcing endless battles is banned\n|rule|OHKO Clause: OHKO moves are banned\n|rule|Evasion Moves Clause: Evasion moves are banned\n|rule|Evasion Items Clause: Evasion items are banned\n|rule|Species Clause: Limit one of each Pok\u00e9mon\n|rule|Sleep Clause Mod: Limit one foe put to sleep\n|rule|Mega Rayquaza Clause: You cannot mega evolve Rayquaza\n|clearpoke\n|poke|p1|Garchomp, M|\n|poke|p1|Baxcalibur, F|\n|poke|p1|Salamence, F|\n|poke|p1|Giratina|\n|poke|p1|Dracovish|\n|poke|p1|Kommo-o, M|\n|poke|p2|Dragonite, F|\n|poke|p2|Chandelure, F|\n|poke|p2|Torterra, F|\n|poke|p2|Cloyster, F|\n|poke|p2|Scrafty, F|\n|poke|p2|Zapdos|\n|teampreview\n|\n|t:|1699569825\n|start\n|switch|p1a: Dracovish|Dracovish|100\/100\n|switch|p2a: Chandelure|Chandelure, F|100\/100\n|turn|1\n|\n|t:|1699569838\n|-terastallize|p2a: Chandelure|Flying\n|move|p1a: Dracovish|Fishious Rend|p2a: Chandelure\n|-damage|p2a: Chandelure|0 fnt\n|faint|p2a: Chandelure\n|\n|upkeep\n|c|\u2606Lexington39|WHAT\n|c|\u2606Lexington39|Yeah your banded\n|\n|t:|1699569857\n|switch|p2a: Cloyster|Cloyster, F|100\/100\n|turn|2\n|c|\u2606poloysquare|bruh u just saltin\n|c|\u2606Lexington39|What? I was just stating a fact\n|\n|t:|1699569881\n|move|p1a: Dracovish|Fishious Rend|p2a: Cloyster\n|-resisted|p2a: Cloyster\n|-damage|p2a: Cloyster|60\/100\n|move|p2a: Cloyster|Shell Smash|p2a: Cloyster\n|-unboost|p2a: Cloyster|def|1\n|-unboost|p2a: Cloyster|spd|1\n|-boost|p2a: Cloyster|atk|2\n|-boost|p2a: Cloyster|spa|2\n|-boost|p2a: Cloyster|spe|2\n|\n|upkeep\n|turn|3\n|c|\u2606Lexington39|You must be banded\n|\n|t:|1699569897\n|move|p2a: Cloyster|Rock Blast|p1a: Dracovish\n|-damage|p1a: Dracovish|86\/100\n|-damage|p1a: Dracovish|71\/100\n|-damage|p1a: Dracovish|57\/100\n|-damage|p1a: Dracovish|43\/100\n|-damage|p1a: Dracovish|27\/100\n|-hitcount|p1a: Dracovish|5\n|move|p1a: Dracovish|Fishious Rend|p2a: Cloyster\n|-resisted|p2a: Cloyster\n|-crit|p2a: Cloyster\n|-damage|p2a: Cloyster|12\/100\n|\n|upkeep\n|turn|4\n|c|\u2606poloysquare|Toxic asf\n|c|\u2606Lexington39|How is saying your banded toxic\n|c|\u2606Lexington39|Explain that to me now\n|c|\u2606poloysquare|Bro jsut check fisousrend passive\n|c|\u2606poloysquare|plus i have strong jaw\n|c|\u2606Lexington39|You one shot with fishious rend\n|c|\u2606Lexington39|So yeah, you must be\n|c|\u2606Lexington39|Plus now youve used it three times in a row so i wasnt wrong it seems\n|c|\u2606poloysquare|Fishiousrend power doubles if i go first plus i have strong jaw and i am stab\n|c|\u2606Lexington39|Whats your item then?\n|\n|t:|1699570050\n|switch|p1a: Giratina|Giratina|100\/100\n|-ability|p1a: Giratina|Pressure\n|move|p2a: Cloyster|Rock Blast|p1a: Giratina\n|-damage|p1a: Giratina|94\/100\n|-damage|p1a: Giratina|88\/100\n|-damage|p1a: Giratina|81\/100\n|-damage|p1a: Giratina|75\/100\n|-damage|p1a: Giratina|69\/100\n|-hitcount|p1a: Giratina|5\n|\n|-heal|p1a: Giratina|75\/100|[from] item: Leftovers\n|upkeep\n|turn|5\n|c|\u2606poloysquare|choice scaf\n|\n|t:|1699570064\n|move|p2a: Cloyster|Icicle Spear|p1a: Giratina\n|-supereffective|p1a: Giratina\n|-damage|p1a: Giratina|57\/100\n|-supereffective|p1a: Giratina\n|-damage|p1a: Giratina|39\/100\n|-supereffective|p1a: Giratina\n|-damage|p1a: Giratina|20\/100\n|-supereffective|p1a: Giratina\n|-damage|p1a: Giratina|0 fnt\n|faint|p1a: Giratina\n|-hitcount|p1: Giratina|4\n|\n|upkeep\n|c|\u2606Lexington39|SEE I TOLD YOU\n|\n|t:|1699570075\n|switch|p1a: Kommo-o|Kommo-o, M|100\/100\n|turn|6\n|c|\u2606Lexington39|YOU MUST HAVE HAD SOMETHING LIKE THAT\n|\n|t:|1699570085\n|move|p2a: Cloyster|Icicle Spear|p1a: Kommo-o\n|-supereffective|p1a: Kommo-o\n|-damage|p1a: Kommo-o|59\/100\n|-supereffective|p1a: Kommo-o\n|-damage|p1a: Kommo-o|21\/100\n|-supereffective|p1a: Kommo-o\n|-damage|p1a: Kommo-o|0 fnt\n|faint|p1a: Kommo-o\n|-hitcount|p1: Kommo-o|3\n|\n|upkeep\n|\n|t:|1699570091\n|switch|p1a: Baxcalibur|Baxcalibur, F|100\/100\n|turn|7\n|\n|t:|1699570105\n|-terastallize|p1a: Baxcalibur|Water\n|move|p2a: Cloyster|Rock Blast|p1a: Baxcalibur\n|-damage|p1a: Baxcalibur|86\/100\n|-damage|p1a: Baxcalibur|71\/100\n|-damage|p1a: Baxcalibur|58\/100\n|-damage|p1a: Baxcalibur|44\/100\n|-damage|p1a: Baxcalibur|31\/100\n|-hitcount|p1a: Baxcalibur|5\n|move|p1a: Baxcalibur|Glaive Rush|p2a: Cloyster\n|-crit|p2a: Cloyster\n|-damage|p2a: Cloyster|0 fnt\n|-singlemove|p1a: Baxcalibur|Glaive Rush|[silent]\n|faint|p2a: Cloyster\n|\n|upkeep\n|c|\u2606Lexington39|Icl that is a good mon to be usin\n|\n|t:|1699570135\n|switch|p2a: Scrafty|Scrafty, F|100\/100\n|turn|8\n|\n|t:|1699570144\n|switch|p1a: Salamence|Salamence, F|100\/100\n|-ability|p1a: Salamence|Intimidate|boost\n|-unboost|p2a: Scrafty|atk|1\n|move|p2a: Scrafty|Dragon Dance|p2a: Scrafty\n|-boost|p2a: Scrafty|atk|1\n|-boost|p2a: Scrafty|spe|1\n|\n|upkeep\n|turn|9\n|\n|t:|1699570157\n|detailschange|p1a: Salamence|Salamence-Mega, F\n|-mega|p1a: Salamence|Salamence|Salamencite\n|move|p1a: Salamence|Hyper Voice|p2a: Scrafty\n|-supereffective|p2a: Scrafty\n|-damage|p2a: Scrafty|0 fnt\n|faint|p2a: Scrafty\n|\n|upkeep\n|n|!Lexington39|lexington39\n|\n|t:|1699570178\n|switch|p2a: Zapdos|Zapdos|100\/100\n|turn|10\n|-message|Lexington39 forfeited.\n|\n|win|poloysquare\n|raw|poloysquare's rating: 1040 &rarr; <strong>1070<\/strong><br \/>(+30 for winning)\n|raw|Lexington39's rating: 1000 &rarr; <strong>1000<\/strong><br \/>(+0 for losing)\n|l|!Lexington39\n","uploadtime":1699570168,"views":4,"p1id":"poloysquare","p2id":"lexington39","formatid":"gen9nationaldexubers","rating":1000,"private":0,"password":""}