{"id":"gen9nationaldexubers-1997697895","p1":"pikachumetting3","p2":"Tono Uribe","format":"[Gen 9] National Dex Ubers","log":"|j|\u2606pikachumetting3\n|j|\u2606Tono Uribe\n|t:|1700843005\n|gametype|singles\n|player|p1|pikachumetting3|266|1254\n|player|p2|Tono Uribe|benga|1150\n|teamsize|p1|6\n|teamsize|p2|6\n|gen|9\n|tier|[Gen 9] National Dex Ubers\n|rated|\n|rule|HP Percentage Mod: HP is shown in percentages\n|rule|Endless Battle Clause: Forcing endless battles is banned\n|rule|OHKO Clause: OHKO moves are banned\n|rule|Evasion Moves Clause: Evasion moves are banned\n|rule|Evasion Items Clause: Evasion items are banned\n|rule|Species Clause: Limit one of each Pok\u00e9mon\n|rule|Sleep Clause Mod: Limit one foe put to sleep\n|rule|Mega Rayquaza Clause: You cannot mega evolve Rayquaza\n|clearpoke\n|poke|p1|Zeraora|\n|poke|p1|Palkia|\n|poke|p1|Pidgeot, M|\n|poke|p1|Zacian-*|\n|poke|p1|Zamazenta-*|\n|poke|p1|Gastrodon-East, M|\n|poke|p2|Hawlucha, M|\n|poke|p2|Dragapult, F|\n|poke|p2|Charizard, M|\n|poke|p2|Empoleon, M|\n|poke|p2|Spiritomb, M|\n|poke|p2|Magearna-Original|\n|teampreview\n|inactive|Battle timer is ON: inactive players will automatically lose when time's up. (requested by pikachumetting3)\n|\n|t:|1700843017\n|start\n|switch|p1a: Rawr UwU bad boy~|Zeraora|100\/100\n|switch|p2a: Charizard|Charizard, M|100\/100\n|-item|p1a: Rawr UwU bad boy~|Air Balloon\n|turn|1\n|\n|t:|1700843024\n|detailschange|p2a: Charizard|Charizard-Mega-X, M\n|-mega|p2a: Charizard|Charizard|Charizardite X\n|move|p1a: Rawr UwU bad boy~|Plasma Fists|p2a: Charizard\n|-resisted|p2a: Charizard\n|-damage|p2a: Charizard|77\/100\n|-fieldactivate|move: Ion Deluge\n|-hint|Normal-type moves become Electric-type after using Plasma Fists.\n|move|p2a: Charizard|Flamethrower|p1a: Rawr UwU bad boy~\n|-damage|p1a: Rawr UwU bad boy~|36\/100\n|-enditem|p1a: Rawr UwU bad boy~|Air Balloon\n|\n|upkeep\n|turn|2\n|\n|t:|1700843041\n|switch|p1a: Space dick|Palkia|100\/100\n|-ability|p1a: Space dick|Pressure\n|move|p2a: Charizard|Ancient Power|p1a: Space dick\n|-damage|p1a: Space dick|89\/100\n|\n|upkeep\n|turn|3\n|\n|t:|1700843047\n|move|p2a: Charizard|Dragon Pulse|p1a: Space dick\n|-supereffective|p1a: Space dick\n|-damage|p1a: Space dick|47\/100\n|move|p1a: Space dick|Earth Power|p2a: Charizard\n|-supereffective|p2a: Charizard\n|-damage|p2a: Charizard|0 fnt\n|faint|p2a: Charizard\n|\n|upkeep\n|\n|t:|1700843055\n|switch|p2a: Magearna|Magearna-Original|100\/100\n|turn|4\n|\n|t:|1700843059\n|move|p1a: Space dick|Hydro Pump|p2a: Magearna\n|-damage|p2a: Magearna|46\/100\n|move|p2a: Magearna|Dazzling Gleam|p1a: Space dick\n|-supereffective|p1a: Space dick\n|-damage|p1a: Space dick|0 fnt\n|faint|p1a: Space dick\n|-ability|p2a: Magearna|Soul-Heart|boost\n|-boost|p2a: Magearna|spa|1\n|\n|-heal|p2a: Magearna|52\/100|[from] item: Leftovers\n|upkeep\n|\n|t:|1700843063\n|switch|p1a: Rawr UwU bad boy~|Zeraora|36\/100\n|turn|5\n|\n|t:|1700843071\n|move|p1a: Rawr UwU bad boy~|Blaze Kick|p2a: Magearna\n|-supereffective|p2a: Magearna\n|-damage|p2a: Magearna|11\/100\n|move|p2a: Magearna|Iron Head|p1a: Rawr UwU bad boy~\n|-resisted|p1a: Rawr UwU bad boy~\n|-damage|p1a: Rawr UwU bad boy~|19\/100\n|\n|-heal|p2a: Magearna|17\/100|[from] item: Leftovers\n|upkeep\n|turn|6\n|\n|t:|1700843080\n|move|p1a: Rawr UwU bad boy~|Plasma Fists|p2a: Magearna\n|-damage|p2a: Magearna|0 fnt\n|-fieldactivate|move: Ion Deluge\n|-hint|Normal-type moves become Electric-type after using Plasma Fists.\n|faint|p2a: Magearna\n|\n|upkeep\n|\n|t:|1700843085\n|switch|p2a: Hawlucha|Hawlucha, M|100\/100\n|turn|7\n|\n|t:|1700843090\n|-terastallize|p2a: Hawlucha|Fighting\n|move|p1a: Rawr UwU bad boy~|Play Rough|p2a: Hawlucha\n|-supereffective|p2a: Hawlucha\n|-damage|p2a: Hawlucha|13\/100\n|move|p2a: Hawlucha|Power-Up Punch|p1a: Rawr UwU bad boy~\n|-damage|p1a: Rawr UwU bad boy~|0 fnt\n|-boost|p2a: Hawlucha|atk|1\n|faint|p1a: Rawr UwU bad boy~\n|\n|-heal|p2a: Hawlucha|19\/100|[from] item: Leftovers\n|upkeep\n|\n|t:|1700843098\n|switch|p1a: Pidgey!|Pidgeot, M|100\/100\n|turn|8\n|\n|t:|1700843103\n|detailschange|p1a: Pidgey!|Pidgeot-Mega, M\n|-mega|p1a: Pidgey!|Pidgeot|Pidgeotite\n|move|p1a: Pidgey!|Hurricane|p2a: Hawlucha\n|-supereffective|p2a: Hawlucha\n|-damage|p2a: Hawlucha|0 fnt\n|faint|p2a: Hawlucha\n|\n|upkeep\n|\n|t:|1700843109\n|switch|p2a: Empoleon|Empoleon, M|100\/100\n|turn|9\n|\n|t:|1700843113\n|switch|p1a: Rawr x3 OwO|Zamazenta|100\/100\n|-ability|p1a: Rawr x3 OwO|Dauntless Shield|boost\n|-boost|p1a: Rawr x3 OwO|def|1\n|move|p2a: Empoleon|Avalanche|p1a: Rawr x3 OwO\n|-damage|p1a: Rawr x3 OwO|94\/100\n|\n|upkeep\n|turn|10\n|\n|t:|1700843123\n|switch|p2a: Dragapult|Dragapult, F, shiny|100\/100\n|move|p1a: Rawr x3 OwO|Brick Break|p2a: Dragapult\n|-immune|p2a: Dragapult\n|\n|upkeep\n|turn|11\n|\n|t:|1700843129\n|move|p2a: Dragapult|Psychic Fangs|p1a: Rawr x3 OwO\n|-supereffective|p1a: Rawr x3 OwO\n|-damage|p1a: Rawr x3 OwO|68\/100\n|move|p1a: Rawr x3 OwO|Play Rough|p2a: Dragapult\n|-supereffective|p2a: Dragapult\n|-damage|p2a: Dragapult|14\/100\n|\n|upkeep\n|turn|12\n|\n|t:|1700843139\n|move|p2a: Dragapult|Psychic Fangs|p1a: Rawr x3 OwO\n|-supereffective|p1a: Rawr x3 OwO\n|-damage|p1a: Rawr x3 OwO|38\/100\n|move|p1a: Rawr x3 OwO|Play Rough|p2a: Dragapult\n|-supereffective|p2a: Dragapult\n|-damage|p2a: Dragapult|0 fnt\n|faint|p2a: Dragapult\n|\n|upkeep\n|\n|t:|1700843150\n|switch|p2a: Spiritomb|Spiritomb, M|100\/100\n|-ability|p2a: Spiritomb|Pressure\n|turn|13\n|\n|t:|1700843154\n|move|p1a: Rawr x3 OwO|Play Rough|p2a: Spiritomb\n|-supereffective|p2a: Spiritomb\n|-damage|p2a: Spiritomb|33\/100\n|-unboost|p2a: Spiritomb|atk|1\n|move|p2a: Spiritomb|Psyshock|p1a: Rawr x3 OwO\n|-supereffective|p1a: Rawr x3 OwO\n|-damage|p1a: Rawr x3 OwO|12\/100\n|\n|-heal|p2a: Spiritomb|39\/100|[from] item: Leftovers\n|upkeep\n|turn|14\n|\n|t:|1700843162\n|switch|p2a: Empoleon|Empoleon, M|100\/100\n|move|p1a: Rawr x3 OwO|Iron Head|p2a: Empoleon\n|-resisted|p2a: Empoleon\n|-damage|p2a: Empoleon|93\/100\n|\n|-heal|p2a: Empoleon|99\/100|[from] item: Leftovers\n|upkeep\n|turn|15\n|\n|t:|1700843170\n|move|p1a: Rawr x3 OwO|Brick Break|p2a: Empoleon\n|-supereffective|p2a: Empoleon\n|-damage|p2a: Empoleon|22\/100\n|move|p2a: Empoleon|Surf|p1a: Rawr x3 OwO\n|-damage|p1a: Rawr x3 OwO|0 fnt\n|faint|p1a: Rawr x3 OwO\n|\n|-heal|p2a: Empoleon|28\/100|[from] item: Leftovers\n|upkeep\n|\n|t:|1700843176\n|switch|p1a: Pidgey!|Pidgeot-Mega, M|100\/100\n|turn|16\n|\n|t:|1700843179\n|move|p1a: Pidgey!|Hurricane|p2a: Empoleon\n|-resisted|p2a: Empoleon\n|-damage|p2a: Empoleon|0 fnt\n|faint|p2a: Empoleon\n|\n|upkeep\n|\n|t:|1700843184\n|switch|p2a: Spiritomb|Spiritomb, M|39\/100\n|-ability|p2a: Spiritomb|Pressure\n|turn|17\n|\n|t:|1700843187\n|move|p1a: Pidgey!|Hurricane|p2a: Spiritomb\n|-damage|p2a: Spiritomb|0 fnt\n|faint|p2a: Spiritomb\n|\n|win|pikachumetting3\n|raw|pikachumetting3's rating: 1254 &rarr; <strong>1272<\/strong><br \/>(+18 for winning)\n|raw|Tono Uribe's rating: 1150 &rarr; <strong>1132<\/strong><br \/>(-18 for losing)\n|l|\u2606Tono Uribe\n","uploadtime":1700843195,"views":4,"p1id":"pikachumetting3","p2id":"tonouribe","formatid":"gen9nationaldexubers","rating":1132,"private":0,"password":""}