{"id":"gen9nationaldexubers-1999761659","p1":"Mike LEsgo","p2":"is ma lick","format":"[Gen 9] National Dex Ubers","log":"|j|\u2606Mike LEsgo\n|j|\u2606is ma lick\n|t:|1701114355\n|gametype|singles\n|player|p1|Mike LEsgo|volkner|\n|player|p2|is ma lick|brock|\n|teamsize|p1|6\n|teamsize|p2|6\n|gen|9\n|tier|[Gen 9] National Dex Ubers\n|rule|HP Percentage Mod: HP is shown in percentages\n|rule|Endless Battle Clause: Forcing endless battles is banned\n|rule|OHKO Clause: OHKO moves are banned\n|rule|Evasion Moves Clause: Evasion moves are banned\n|rule|Evasion Items Clause: Evasion items are banned\n|rule|Species Clause: Limit one of each Pok\u00e9mon\n|rule|Sleep Clause Mod: Limit one foe put to sleep\n|rule|Mega Rayquaza Clause: You cannot mega evolve Rayquaza\n|clearpoke\n|poke|p1|Venusaur, M|\n|poke|p1|Raichu, F|\n|poke|p1|Nidoking, M|\n|poke|p1|Arcanine, F|\n|poke|p1|Raticate, M|\n|poke|p1|Gyarados, F|\n|poke|p2|Charizard, F|\n|poke|p2|Pikachu-Original, M|\n|poke|p2|Gengar, F|\n|poke|p2|Blastoise, F|\n|poke|p2|Mewtwo|\n|poke|p2|Mew|\n|teampreview\n|\n|t:|1701114363\n|start\n|switch|p1a: Raichu|Raichu, F|100\/100\n|switch|p2a: Mewtwo|Mewtwo|100\/100\n|-ability|p2a: Mewtwo|Unnerve\n|-item|p1a: Raichu|Air Balloon\n|turn|1\n|\n|t:|1701114386\n|switch|p2a: Gengar|Gengar, F|100\/100\n|move|p1a: Raichu|Fake Out|p2a: Gengar\n|-immune|p2a: Gengar\n|\n|upkeep\n|turn|2\n|\n|t:|1701114399\n|move|p1a: Raichu|Knock Off|p2a: Gengar\n|-supereffective|p2a: Gengar\n|-damage|p2a: Gengar|0 fnt\n|-enditem|p2a: Gengar|Life Orb|[from] move: Knock Off|[of] p1a: Raichu\n|faint|p2a: Gengar\n|\n|upkeep\n|\n|t:|1701114419\n|switch|p2a: Mewtwo|Mewtwo|100\/100\n|-ability|p2a: Mewtwo|Unnerve\n|turn|3\n|\n|t:|1701114425\n|move|p2a: Mewtwo|Psystrike|p1a: Raichu\n|-damage|p1a: Raichu|0 fnt\n|-enditem|p1a: Raichu|Air Balloon\n|faint|p1a: Raichu\n|-damage|p2a: Mewtwo|91\/100|[from] item: Life Orb\n|\n|upkeep\n|\n|t:|1701114435\n|switch|p1a: Raticate|Raticate, M|100\/100\n|turn|4\n|\n|t:|1701114479\n|switch|p2a: Blastoise|Blastoise, F|100\/100\n|move|p1a: Raticate|Endeavor|p2a: Blastoise\n|-damage|p2a: Blastoise|84\/100\n|\n|upkeep\n|turn|5\n|\n|t:|1701114496\n|move|p1a: Raticate|Quick Attack|p2a: Blastoise|[miss]\n|-miss|p1a: Raticate|p2a: Blastoise\n|move|p2a: Blastoise|Shell Smash|p2a: Blastoise\n|-unboost|p2a: Blastoise|def|1\n|-unboost|p2a: Blastoise|spd|1\n|-boost|p2a: Blastoise|atk|2\n|-boost|p2a: Blastoise|spa|2\n|-boost|p2a: Blastoise|spe|2\n|-enditem|p2a: Blastoise|White Herb\n|-clearnegativeboost|p2a: Blastoise|[silent]\n|\n|upkeep\n|turn|6\n|\n|t:|1701114519\n|move|p2a: Blastoise|Surf|p1a: Raticate\n|-enditem|p1a: Raticate|Focus Sash\n|-damage|p1a: Raticate|1\/100\n|move|p1a: Raticate|Endeavor|p2a: Blastoise\n|-damage|p2a: Blastoise|1\/100\n|\n|upkeep\n|turn|7\n|\n|t:|1701114540\n|move|p1a: Raticate|Quick Attack|p2a: Blastoise|[miss]\n|-miss|p1a: Raticate|p2a: Blastoise\n|move|p2a: Blastoise|Ice Beam|p1a: Raticate\n|-damage|p1a: Raticate|0 fnt\n|faint|p1a: Raticate\n|\n|upkeep\n|\n|t:|1701114550\n|switch|p1a: Arcanine|Arcanine, F|100\/100\n|turn|8\n|\n|t:|1701114556\n|move|p1a: Arcanine|Extreme Speed|p2a: Blastoise\n|-damage|p2a: Blastoise|0 fnt\n|faint|p2a: Blastoise\n|\n|upkeep\n|\n|t:|1701114565\n|switch|p2a: Mewtwo|Mewtwo|91\/100\n|-ability|p2a: Mewtwo|Unnerve\n|turn|9\n|\n|t:|1701114573\n|move|p1a: Arcanine|Extreme Speed|p2a: Mewtwo\n|-damage|p2a: Mewtwo|49\/100\n|move|p2a: Mewtwo|Power Gem|p1a: Arcanine\n|-supereffective|p1a: Arcanine\n|-damage|p1a: Arcanine|0 fnt\n|faint|p1a: Arcanine\n|-damage|p2a: Mewtwo|39\/100|[from] item: Life Orb\n|\n|upkeep\n|\n|t:|1701114608\n|switch|p1a: Venusaur|Venusaur, M|100\/100\n|turn|10\n|\n|t:|1701114615\n|move|p2a: Mewtwo|Psystrike|p1a: Venusaur\n|-supereffective|p1a: Venusaur\n|-damage|p1a: Venusaur|0 fnt\n|faint|p1a: Venusaur\n|-damage|p2a: Mewtwo|29\/100|[from] item: Life Orb\n|\n|upkeep\n|\n|t:|1701114628\n|switch|p1a: Gyarados|Gyarados, F|100\/100\n|turn|11\n|\n|t:|1701114653\n|move|p2a: Mewtwo|Power Gem|p1a: Gyarados\n|-supereffective|p1a: Gyarados\n|-damage|p1a: Gyarados|12\/100\n|-damage|p2a: Mewtwo|19\/100|[from] item: Life Orb\n|move|p1a: Gyarados|Earthquake|p2a: Mewtwo\n|-damage|p2a: Mewtwo|0 fnt\n|faint|p2a: Mewtwo\n|-ability|p1a: Gyarados|Moxie|boost\n|-boost|p1a: Gyarados|atk|1\n|\n|upkeep\n|\n|t:|1701114686\n|switch|p2a: Charizard|Charizard, F|100\/100\n|turn|12\n|\n|t:|1701114703\n|move|p2a: Charizard|Dragon Pulse|p1a: Gyarados\n|-damage|p1a: Gyarados|0 fnt\n|faint|p1a: Gyarados\n|\n|upkeep\n|\n|t:|1701114707\n|switch|p1a: Nidoking|Nidoking, M|100\/100\n|turn|13\n|\n|t:|1701114725\n|move|p2a: Charizard|Flamethrower|p1a: Nidoking\n|-damage|p1a: Nidoking|44\/100\n|move|p1a: Nidoking|Sludge Wave|p2a: Charizard\n|-damage|p2a: Charizard|24\/100\n|\n|upkeep\n|turn|14\n|\n|t:|1701114733\n|move|p2a: Charizard|Flamethrower|p1a: Nidoking\n|-damage|p1a: Nidoking|0 fnt\n|faint|p1a: Nidoking\n|\n|win|is ma lick\n","uploadtime":1701114742,"views":2,"p1id":"mikelesgo","p2id":"ismalick","formatid":"gen9nationaldexubers","rating":0,"private":0,"password":""}