{"id":"gen9nationaldexubers-1978426216","p1":"loch2009","p2":"jsgdbdbdjsb","format":"[Gen 9] National Dex Ubers","log":"|j|\u2606loch2009\n|j|\u2606jsgdbdbdjsb\n|t:|1698537401\n|gametype|singles\n|player|p1|loch2009|cynthia-gen4|1201\n|player|p2|jsgdbdbdjsb|cynthia-gen4|1137\n|teamsize|p1|6\n|teamsize|p2|6\n|gen|9\n|tier|[Gen 9] National Dex Ubers\n|rated|\n|rule|HP Percentage Mod: HP is shown in percentages\n|rule|Endless Battle Clause: Forcing endless battles is banned\n|rule|OHKO Clause: OHKO moves are banned\n|rule|Evasion Moves Clause: Evasion moves are banned\n|rule|Evasion Items Clause: Evasion items are banned\n|rule|Species Clause: Limit one of each Pok\u00e9mon\n|rule|Sleep Clause Mod: Limit one foe put to sleep\n|rule|Mega Rayquaza Clause: You cannot mega evolve Rayquaza\n|clearpoke\n|poke|p1|Alakazam, F|\n|poke|p1|Tapu Fini|\n|poke|p1|Xurkitree|\n|poke|p1|Darmanitan-Galar, F|\n|poke|p1|Genesect|\n|poke|p1|Slurpuff, F|\n|poke|p2|Garganacl, M|\n|poke|p2|Glimmora, M|\n|poke|p2|Annihilape, M|\n|poke|p2|Zacian-*|\n|poke|p2|Kartana|\n|poke|p2|Volcarona, M|\n|teampreview\n|\n|t:|1698537407\n|start\n|switch|p1a: Slurpuff|Slurpuff, F|100\/100\n|switch|p2a: Glimmora|Glimmora, M|100\/100\n|turn|1\n|\n|t:|1698537415\n|move|p2a: Glimmora|Stealth Rock|p1a: Slurpuff\n|-sidestart|p1: loch2009|move: Stealth Rock\n|move|p1a: Slurpuff|Yawn|p2a: Glimmora\n|-start|p2a: Glimmora|move: Yawn|[of] p1a: Slurpuff\n|\n|upkeep\n|turn|2\n|\n|t:|1698537420\n|move|p2a: Glimmora|Spikes|p1a: Slurpuff\n|-sidestart|p1: loch2009|Spikes\n|move|p1a: Slurpuff|Sticky Web|p2a: Glimmora\n|-sidestart|p2: jsgdbdbdjsb|move: Sticky Web\n|\n|-end|p2a: Glimmora|move: Yawn|[silent]\n|-status|p2a: Glimmora|slp\n|upkeep\n|turn|3\n|\n|t:|1698537426\n|switch|p1a: Alakazam|Alakazam, F, shiny|100\/100\n|cant|p2a: Glimmora|slp\n|\n|upkeep\n|turn|4\n|\n|t:|1698537444\n|detailschange|p1a: Alakazam|Alakazam-Mega, F, shiny\n|-mega|p1a: Alakazam|Alakazam|Alakazite\n|-ability|p1a: Alakazam|Toxic Debris|[from] ability: Trace|[of] p2a: Glimmora\n|move|p1a: Alakazam|Psyshock|p2a: Glimmora\n|-supereffective|p2a: Glimmora\n|-damage|p2a: Glimmora|0 fnt\n|faint|p2a: Glimmora\n|\n|upkeep\n|\n|t:|1698537455\n|switch|p2a: Zacian|Zacian-Crowned|100\/100\n|-activate|p2a: Zacian|move: Sticky Web\n|-unboost|p2a: Zacian|spe|1\n|-ability|p2a: Zacian|Intrepid Sword|boost\n|-boost|p2a: Zacian|atk|1\n|turn|5\n|\n|t:|1698537466\n|move|p1a: Alakazam|Hidden Power|p2a: Zacian\n|-supereffective|p2a: Zacian\n|-damage|p2a: Zacian|56\/100\n|move|p2a: Zacian|Swords Dance|p2a: Zacian\n|-boost|p2a: Zacian|atk|2\n|\n|upkeep\n|turn|6\n|\n|t:|1698537471\n|move|p1a: Alakazam|Hidden Power|p2a: Zacian\n|-supereffective|p2a: Zacian\n|-damage|p2a: Zacian|8\/100\n|move|p2a: Zacian|Behemoth Blade|p1a: Alakazam\n|-damage|p1a: Alakazam|0 fnt\n|-activate|p1a: Alakazam|ability: Toxic Debris\n|-sidestart|p2: jsgdbdbdjsb|move: Toxic Spikes\n|faint|p1a: Alakazam\n|\n|upkeep\n|\n|t:|1698537481\n|switch|p1a: Genesect|Genesect, shiny|100\/100\n|-damage|p1a: Genesect|88\/100|[from] Stealth Rock\n|-damage|p1a: Genesect|76\/100|[from] Spikes\n|-ability|p1a: Genesect|Download|boost\n|-boost|p1a: Genesect|atk|1\n|turn|7\n|\n|t:|1698537485\n|move|p1a: Genesect|Extreme Speed|p2a: Zacian\n|-resisted|p2a: Zacian\n|-damage|p2a: Zacian|0 fnt\n|faint|p2a: Zacian\n|\n|upkeep\n|\n|t:|1698537497\n|switch|p2a: Garganacl|Garganacl, M|100\/100\n|-activate|p2a: Garganacl|move: Sticky Web\n|-unboost|p2a: Garganacl|spe|1\n|turn|8\n|\n|t:|1698537504\n|move|p1a: Genesect|Iron Head|p2a: Garganacl\n|-supereffective|p2a: Garganacl\n|-damage|p2a: Garganacl|17\/100\n|move|p2a: Garganacl|Curse|p2a: Garganacl\n|-unboost|p2a: Garganacl|spe|1\n|-boost|p2a: Garganacl|atk|1\n|-boost|p2a: Garganacl|def|1\n|\n|upkeep\n|turn|9\n|\n|t:|1698537509\n|move|p1a: Genesect|Iron Head|p2a: Garganacl\n|-supereffective|p2a: Garganacl\n|-damage|p2a: Garganacl|0 fnt\n|faint|p2a: Garganacl\n|\n|upkeep\n|\n|t:|1698537513\n|switch|p2a: Annihilape|Annihilape, M|100\/100\n|-activate|p2a: Annihilape|move: Sticky Web\n|-unboost|p2a: Annihilape|spe|1\n|-ability|p2a: Annihilape|Defiant|boost\n|-boost|p2a: Annihilape|atk|2\n|-status|p2a: Annihilape|psn\n|turn|10\n|\n|t:|1698537518\n|move|p1a: Genesect|Shift Gear|p1a: Genesect\n|-boost|p1a: Genesect|spe|2\n|-boost|p1a: Genesect|atk|1\n|move|p2a: Annihilape|Close Combat|p1a: Genesect\n|-damage|p1a: Genesect|0 fnt\n|-unboost|p2a: Annihilape|def|1\n|-unboost|p2a: Annihilape|spd|1\n|faint|p1a: Genesect\n|\n|-damage|p2a: Annihilape|88\/100 psn|[from] psn\n|upkeep\n|\n|t:|1698537526\n|switch|p1a: Darmanitan|Darmanitan-Galar, F|100\/100\n|-damage|p1a: Darmanitan|76\/100|[from] Stealth Rock\n|-damage|p1a: Darmanitan|63\/100|[from] Spikes\n|turn|11\n|\n|t:|1698537532\n|move|p1a: Darmanitan|Icicle Crash|p2a: Annihilape\n|-damage|p2a: Annihilape|0 fnt\n|faint|p2a: Annihilape\n|\n|upkeep\n|\n|t:|1698537536\n|switch|p2a: Kartana|Kartana|100\/100\n|-activate|p2a: Kartana|move: Sticky Web\n|-unboost|p2a: Kartana|spe|1\n|turn|12\n|\n|t:|1698537540\n|switch|p1a: Slurpuff|Slurpuff, F|100\/100\n|-damage|p1a: Slurpuff|88\/100|[from] Stealth Rock\n|-damage|p1a: Slurpuff|76\/100|[from] Spikes\n|move|p2a: Kartana|Brick Break|p1a: Slurpuff\n|-resisted|p1a: Slurpuff\n|-damage|p1a: Slurpuff|54\/100\n|\n|upkeep\n|turn|13\n|\n|t:|1698537549\n|switch|p2a: Volcarona|Volcarona, M|100\/100\n|-activate|p2a: Volcarona|move: Sticky Web\n|-unboost|p2a: Volcarona|spe|1\n|-status|p2a: Volcarona|psn\n|move|p1a: Slurpuff|Misty Explosion|p2a: Volcarona\n|-resisted|p2a: Volcarona\n|-damage|p2a: Volcarona|79\/100 psn\n|faint|p1a: Slurpuff\n|\n|-damage|p2a: Volcarona|66\/100 psn|[from] psn\n|upkeep\n|\n|t:|1698537555\n|switch|p1a: Xurkitree|Xurkitree, shiny|100\/100\n|-damage|p1a: Xurkitree|88\/100|[from] Stealth Rock\n|-damage|p1a: Xurkitree|76\/100|[from] Spikes\n|turn|14\n|\n|t:|1698537559\n|-zpower|p1a: Xurkitree\n|move|p1a: Xurkitree|Z-Hypnosis|p2a: Volcarona|[anim]Hypnosis|[miss]\n|-boost|p1a: Xurkitree|spe|1|[zeffect]\n|-miss|p1a: Xurkitree|p2a: Volcarona\n|move|p2a: Volcarona|Quiver Dance|p2a: Volcarona\n|-boost|p2a: Volcarona|spa|1\n|-boost|p2a: Volcarona|spd|1\n|-boost|p2a: Volcarona|spe|1\n|\n|-damage|p2a: Volcarona|54\/100 psn|[from] psn\n|upkeep\n|turn|15\n|\n|t:|1698537566\n|move|p1a: Xurkitree|Tail Glow|p1a: Xurkitree\n|-boost|p1a: Xurkitree|spa|3\n|move|p2a: Volcarona|Bug Buzz|p1a: Xurkitree\n|-damage|p1a: Xurkitree|0 fnt\n|faint|p1a: Xurkitree\n|\n|-damage|p2a: Volcarona|42\/100 psn|[from] psn\n|upkeep\n|\n|t:|1698537570\n|switch|p1a: Tapu Fini|Tapu Fini, shiny|100\/100\n|-damage|p1a: Tapu Fini|88\/100|[from] Stealth Rock\n|-damage|p1a: Tapu Fini|76\/100|[from] Spikes\n|-fieldstart|move: Misty Terrain|[from] ability: Misty Surge|[of] p1a: Tapu Fini\n|turn|16\n|\n|t:|1698537575\n|move|p1a: Tapu Fini|Scald|p2a: Volcarona\n|-supereffective|p2a: Volcarona\n|-damage|p2a: Volcarona|0 fnt\n|faint|p2a: Volcarona\n|\n|upkeep\n|\n|t:|1698537578\n|switch|p2a: Kartana|Kartana|100\/100\n|-activate|p2a: Kartana|move: Sticky Web\n|-unboost|p2a: Kartana|spe|1\n|turn|17\n|\n|t:|1698537585\n|-terastallize|p2a: Kartana|Grass\n|move|p1a: Tapu Fini|Scald|p2a: Kartana\n|-resisted|p2a: Kartana\n|-damage|p2a: Kartana|44\/100\n|move|p2a: Kartana|Leaf Blade|p1a: Tapu Fini\n|-supereffective|p1a: Tapu Fini\n|-damage|p1a: Tapu Fini|0 fnt\n|faint|p1a: Tapu Fini\n|-ability|p2a: Kartana|Beast Boost|boost\n|-boost|p2a: Kartana|atk|1\n|\n|upkeep\n|\n|t:|1698537597\n|switch|p1a: Darmanitan|Darmanitan-Galar, F|63\/100\n|-damage|p1a: Darmanitan|39\/100|[from] Stealth Rock\n|-damage|p1a: Darmanitan|26\/100|[from] Spikes\n|turn|18\n|\n|t:|1698537601\n|move|p1a: Darmanitan|Flare Blitz|p2a: Kartana\n|-supereffective|p2a: Kartana\n|-damage|p2a: Kartana|0 fnt\n|faint|p2a: Kartana\n|-damage|p1a: Darmanitan|16\/100|[from] Recoil\n|\n|win|loch2009\n|raw|loch2009's rating: 1201 &rarr; <strong>1221<\/strong><br \/>(+20 for winning)\n|raw|jsgdbdbdjsb's rating: 1137 &rarr; <strong>1117<\/strong><br \/>(-20 for losing)\n|l|\u2606jsgdbdbdjsb\n|c|\u2606loch2009|gg\n","uploadtime":1698538023,"views":10,"p1id":"loch2009","p2id":"jsgdbdbdjsb","formatid":"gen9nationaldexubers","rating":1117,"private":0,"password":""}