{"id":"gen9nationaldexubers-1996914472","p1":"Obito 2001","p2":"Szymszym134","format":"[Gen 9] National Dex Ubers","log":"|j|\u2606Obito 2001\n|j|\u2606Szymszym134\n|t:|1700744187\n|gametype|singles\n|player|p1|Obito 2001|blue-gen3two|1853\n|player|p2|Szymszym134|elesa|1751\n|teamsize|p1|6\n|teamsize|p2|6\n|gen|9\n|tier|[Gen 9] National Dex Ubers\n|rated|\n|rule|HP Percentage Mod: HP is shown in percentages\n|rule|Endless Battle Clause: Forcing endless battles is banned\n|rule|OHKO Clause: OHKO moves are banned\n|rule|Evasion Moves Clause: Evasion moves are banned\n|rule|Evasion Items Clause: Evasion items are banned\n|rule|Species Clause: Limit one of each Pok\u00e9mon\n|rule|Sleep Clause Mod: Limit one foe put to sleep\n|rule|Mega Rayquaza Clause: You cannot mega evolve Rayquaza\n|clearpoke\n|poke|p1|Ditto|\n|poke|p1|Kingambit, M|\n|poke|p1|Necrozma-Dusk-Mane|\n|poke|p1|Marshadow|\n|poke|p1|Xerneas-*|\n|poke|p1|Arceus-Ground|\n|poke|p2|Mewtwo|\n|poke|p2|Kingambit, M|\n|poke|p2|Garganacl, F|\n|poke|p2|Arceus-Ground|\n|poke|p2|Ditto|\n|poke|p2|Kyurem-Black|\n|teampreview\n|inactive|Battle timer is ON: inactive players will automatically lose when time's up. (requested by Szymszym134)\n|inactive|Obito 2001 also wants the timer to be on.\n|c|\u2606Obito 2001|Ah good dam copy noob\n|\n|t:|1700744205\n|start\n|switch|p1a: Arceus|Arceus-Ground|100\/100\n|switch|p2a: Arceus|Arceus-Ground|100\/100\n|turn|1\n|c|\u2606Szymszym134|Stop copying me\n|\n|t:|1700744225\n|move|p1a: Arceus|Taunt|p2a: Arceus\n|-start|p2a: Arceus|move: Taunt\n|cant|p2a: Arceus|move: Taunt|Toxic\n|\n|upkeep\n|turn|2\n|\n|t:|1700744231\n|switch|p2a: Mewtwo|Mewtwo|100\/100\n|-ability|p2a: Mewtwo|Unnerve\n|move|p1a: Arceus|Judgment|p2a: Mewtwo\n|-damage|p2a: Mewtwo|50\/100\n|\n|upkeep\n|turn|3\n|\n|t:|1700744241\n|detailschange|p2a: Mewtwo|Mewtwo-Mega-Y\n|-mega|p2a: Mewtwo|Mewtwo|Mewtwonite Y\n|move|p2a: Mewtwo|Ice Beam|p1a: Arceus\n|-supereffective|p1a: Arceus\n|-damage|p1a: Arceus|42\/100\n|move|p1a: Arceus|Judgment|p2a: Mewtwo\n|-damage|p2a: Mewtwo|11\/100\n|\n|upkeep\n|turn|4\n|\n|t:|1700744248\n|switch|p1a: Kingambit|Kingambit, M, shiny|100\/100\n|move|p2a: Mewtwo|Ice Beam|p1a: Kingambit\n|-resisted|p1a: Kingambit\n|-damage|p1a: Kingambit|80\/100\n|\n|upkeep\n|turn|5\n|\n|t:|1700744253\n|switch|p2a: Arceus|Arceus-Ground|100\/100\n|move|p1a: Kingambit|Sucker Punch||[still]\n|-fail|p1a: Kingambit\n|\n|upkeep\n|turn|6\n|\n|t:|1700744259\n|-end|p1a: Kingambit|fallenundefined|[silent]\n|switch|p1a: Arceus|Arceus-Ground|42\/100\n|move|p2a: Arceus|Judgment|p1a: Arceus\n|-damage|p1a: Arceus|12\/100\n|\n|upkeep\n|turn|7\n|\n|t:|1700744265\n|move|p1a: Arceus|Toxic|p2a: Arceus\n|-status|p2a: Arceus|tox\n|move|p2a: Arceus|Judgment|p1a: Arceus\n|-damage|p1a: Arceus|0 fnt\n|faint|p1a: Arceus\n|\n|-damage|p2a: Arceus|94\/100 tox|[from] psn\n|upkeep\n|\n|t:|1700744273\n|switch|p1a: Xerneas|Xerneas, shiny|100\/100\n|-ability|p1a: Xerneas|Fairy Aura\n|turn|8\n|\n|t:|1700744277\n|move|p2a: Arceus|Toxic|p1a: Xerneas\n|-status|p1a: Xerneas|tox\n|move|p1a: Xerneas|Moonblast|p2a: Arceus\n|-damage|p2a: Arceus|45\/100 tox\n|\n|-damage|p2a: Arceus|33\/100 tox|[from] psn\n|-damage|p1a: Xerneas|94\/100 tox|[from] psn\n|upkeep\n|turn|9\n|\n|t:|1700744283\n|switch|p1a: Necrozma|Necrozma-Dusk-Mane|100\/100\n|move|p2a: Arceus|Judgment|p1a: Necrozma\n|-supereffective|p1a: Necrozma\n|-damage|p1a: Necrozma|35\/100\n|\n|-damage|p2a: Arceus|14\/100 tox|[from] psn\n|upkeep\n|turn|10\n|\n|t:|1700744286\n|switch|p2a: Kingambit|Kingambit, M|100\/100\n|detailschange|p1a: Necrozma|Necrozma-Ultra\n|-burst|p1a: Necrozma|Necrozma|Ultranecrozium Z\n|move|p1a: Necrozma|Photon Geyser|p2a: Kingambit\n|-immune|p2a: Kingambit\n|\n|upkeep\n|turn|11\n|j| Kidmental\n|\n|t:|1700744293\n|move|p2a: Kingambit|Sucker Punch||[still]\n|-fail|p2a: Kingambit\n|move|p1a: Necrozma|Stealth Rock|p2a: Kingambit\n|-sidestart|p2: Szymszym134|move: Stealth Rock\n|\n|upkeep\n|turn|12\n|\n|t:|1700744296\n|switch|p1a: Marshadow|Marshadow|100\/100\n|move|p2a: Kingambit|Sucker Punch||[still]\n|-fail|p2a: Kingambit\n|\n|upkeep\n|turn|13\n|\n|t:|1700744299\n|-end|p2a: Kingambit|fallenundefined|[silent]\n|switch|p2a: Arceus|Arceus-Ground|14\/100 tox\n|-damage|p2a: Arceus|8\/100 tox|[from] Stealth Rock\n|move|p1a: Marshadow|Close Combat|p2a: Arceus\n|-crit|p2a: Arceus\n|-damage|p2a: Arceus|0 fnt\n|-unboost|p1a: Marshadow|def|1\n|-unboost|p1a: Marshadow|spd|1\n|faint|p2a: Arceus\n|-damage|p1a: Marshadow|91\/100|[from] item: Life Orb\n|\n|upkeep\n|\n|t:|1700744303\n|switch|p2a: Ditto|Ditto|100\/100\n|-damage|p2a: Ditto|88\/100|[from] Stealth Rock\n|-transform|p2a: Ditto|p1a: Marshadow|[from] ability: Imposter\n|turn|14\n|\n|t:|1700744306\n|-terastallize|p1a: Marshadow|Normal\n|move|p2a: Ditto|Shadow Sneak|p1a: Marshadow\n|-immune|p1a: Marshadow\n|move|p1a: Marshadow|Spectral Thief|p2a: Ditto\n|-supereffective|p2a: Ditto\n|-damage|p2a: Ditto|0 fnt\n|faint|p2a: Ditto\n|-damage|p1a: Marshadow|81\/100|[from] item: Life Orb\n|\n|upkeep\n|\n|t:|1700744311\n|switch|p2a: Kingambit|Kingambit, M|100\/100\n|-damage|p2a: Kingambit|94\/100|[from] Stealth Rock\n|-activate|p2a: Kingambit|ability: Supreme Overlord\n|-start|p2a: Kingambit|fallen2|[silent]\n|turn|15\n|\n|t:|1700744321\n|switch|p1a: Xerneas|Xerneas, shiny|94\/100 tox\n|-ability|p1a: Xerneas|Fairy Aura\n|move|p2a: Kingambit|Knock Off|p1a: Xerneas\n|-resisted|p1a: Xerneas\n|-damage|p1a: Xerneas|63\/100 tox\n|-enditem|p1a: Xerneas|Power Herb|[from] move: Knock Off|[of] p2a: Kingambit\n|\n|-damage|p1a: Xerneas|57\/100 tox|[from] psn\n|upkeep\n|turn|16\n|\n|t:|1700744328\n|-end|p2a: Kingambit|fallen2|[silent]\n|switch|p2a: Mewtwo|Mewtwo-Mega-Y|11\/100\n|-damage|p2a: Mewtwo|0 fnt|[from] Stealth Rock\n|faint|p2a: Mewtwo\n|move|p1a: Xerneas|Moonblast|p2: Mewtwo|[notarget]\n|-fail|p1a: Xerneas\n|\n|-damage|p1a: Xerneas|44\/100 tox|[from] psn\n|upkeep\n|\n|t:|1700744334\n|switch|p2a: Kingambit|Kingambit, M|94\/100\n|-damage|p2a: Kingambit|88\/100|[from] Stealth Rock\n|-activate|p2a: Kingambit|ability: Supreme Overlord\n|-start|p2a: Kingambit|fallen3|[silent]\n|turn|17\n|\n|t:|1700744343\n|-terastallize|p2a: Kingambit|Dark\n|move|p2a: Kingambit|Sucker Punch|p1a: Xerneas\n|-resisted|p1a: Xerneas\n|-damage|p1a: Xerneas|9\/100 tox\n|move|p1a: Xerneas|Moonblast|p2a: Kingambit\n|-supereffective|p2a: Kingambit\n|-damage|p2a: Kingambit|0 fnt\n|faint|p2a: Kingambit\n|-end|p2a: Kingambit|fallen3|[silent]\n|\n|-damage|p1a: Xerneas|0 fnt|[from] psn\n|faint|p1a: Xerneas\n|upkeep\n|\n|t:|1700744349\n|switch|p1a: Necrozma|Necrozma-Ultra|35\/100\n|switch|p2a: Garganacl|Garganacl, F|100\/100\n|-damage|p2a: Garganacl|88\/100|[from] Stealth Rock\n|turn|18\n|\n|t:|1700744356\n|move|p2a: Garganacl|Protect|p2a: Garganacl\n|-singleturn|p2a: Garganacl|Protect\n|move|p1a: Necrozma|Earth Power|p2a: Garganacl\n|-activate|p2a: Garganacl|move: Protect\n|\n|-heal|p2a: Garganacl|94\/100|[from] item: Leftovers\n|upkeep\n|turn|19\n|\n|t:|1700744360\n|-zpower|p1a: Necrozma\n|move|p1a: Necrozma|Light That Burns the Sky|p2a: Garganacl|[zeffect]\n|-damage|p2a: Garganacl|0 fnt\n|faint|p2a: Garganacl\n|\n|upkeep\n|\n|t:|1700744361\n|switch|p2a: Kyurem|Kyurem-Black|100\/100\n|-damage|p2a: Kyurem|76\/100|[from] Stealth Rock\n|-ability|p2a: Kyurem|Teravolt\n|turn|20\n|c|\u2606Obito 2001|Gtfo copy \ud83e\udd21\n|\n|t:|1700744370\n|move|p1a: Necrozma|Dragon Pulse|p2a: Kyurem\n|-supereffective|p2a: Kyurem\n|-damage|p2a: Kyurem|0 fnt\n|faint|p2a: Kyurem\n|\n|win|Obito 2001\n|raw|Obito 2001's rating: 1853 &rarr; <strong>1867<\/strong><br \/>(+14 for winning)\n|raw|Szymszym134's rating: 1751 &rarr; <strong>1737<\/strong><br \/>(-14 for losing)\n|l|\u2606Szymszym134\n|l|\u2606Obito 2001\n|j|\u2606Szymszym134\n|player|p2|Szymszym134|elesa\n|l|\u2606Szymszym134\n|player|p2|\n|j|\u2606Szymszym134\n|player|p2|Szymszym134|elesa\n","uploadtime":1700744378,"views":11,"p1id":"obito2001","p2id":"szymszym134","formatid":"gen9nationaldexubers","rating":1737,"private":0,"password":""}