{"id":"gen9nationaldexubers-1986077518","p1":"Edras16","p2":"AlolanSandslashOU","format":"[Gen 9] National Dex Ubers","log":"|j|\u2606Edras16\n|j|\u2606AlolanSandslashOU\n|t:|1699447494\n|gametype|singles\n|player|p1|Edras16|steven|\n|player|p2|AlolanSandslashOU|volkner|\n|teamsize|p1|6\n|teamsize|p2|6\n|gen|9\n|tier|[Gen 9] National Dex Ubers\n|rule|HP Percentage Mod: HP is shown in percentages\n|rule|Endless Battle Clause: Forcing endless battles is banned\n|rule|OHKO Clause: OHKO moves are banned\n|rule|Evasion Moves Clause: Evasion moves are banned\n|rule|Evasion Items Clause: Evasion items are banned\n|rule|Species Clause: Limit one of each Pok\u00e9mon\n|rule|Sleep Clause Mod: Limit one foe put to sleep\n|rule|Mega Rayquaza Clause: You cannot mega evolve Rayquaza\n|clearpoke\n|poke|p1|Deoxys-Speed|\n|poke|p1|Tapu Lele|\n|poke|p1|Gallade, M|\n|poke|p1|Polteageist|\n|poke|p1|Victini|\n|poke|p1|Alakazam, F|\n|poke|p2|Sneasler, F|\n|poke|p2|Greninja-*, M|\n|poke|p2|Zapdos|\n|poke|p2|Iron Moth|\n|poke|p2|Kartana|\n|poke|p2|Great Tusk|\n|teampreview\n|inactive|Battle timer is ON: inactive players will automatically lose when time's up. (requested by Edras16)\n|c|\u2606AlolanSandslashOU|Worth tbh\n|c|\u2606Edras16|Glhf\n|\n|t:|1699447509\n|start\n|switch|p1a: Tapu Lele|Tapu Lele|100\/100\n|switch|p2a: Sneasler|Sneasler, F|100\/100\n|-fieldstart|move: Psychic Terrain|[from] ability: Psychic Surge|[of] p1a: Tapu Lele\n|turn|1\n|\n|t:|1699447518\n|move|p1a: Tapu Lele|Psychic|p2a: Sneasler\n|-supereffective|p2a: Sneasler\n|-damage|p2a: Sneasler|0 fnt\n|faint|p2a: Sneasler\n|\n|upkeep\n|\n|t:|1699447521\n|switch|p2a: Greninja|Greninja, M|100\/100\n|turn|2\n|\n|t:|1699447527\n|switch|p1a: Gallade|Gallade, M|100\/100\n|move|p2a: Greninja|Surf|p1a: Gallade\n|-damage|p1a: Gallade|58\/100\n|\n|upkeep\n|turn|3\n|\n|t:|1699447531\n|switch|p1a: Tapu Lele|Tapu Lele|100\/100\n|-zpower|p2a: Greninja\n|move|p2a: Greninja|Black Hole Eclipse|p1a: Tapu Lele|[zeffect]\n|-damage|p1a: Tapu Lele|19\/100\n|\n|upkeep\n|turn|4\n|\n|t:|1699447543\n|switch|p2a: Iron Moth|Iron Moth, shiny|100\/100\n|-enditem|p2a: Iron Moth|Booster Energy\n|-activate|p2a: Iron Moth|ability: Quark Drive|[fromitem]\n|-start|p2a: Iron Moth|quarkdrivespe\n|move|p1a: Tapu Lele|Moonblast|p2a: Iron Moth\n|-resisted|p2a: Iron Moth\n|-damage|p2a: Iron Moth|90\/100\n|\n|upkeep\n|turn|5\n|\n|t:|1699447549\n|switch|p1a: Deoxys|Deoxys-Speed|100\/100\n|-ability|p1a: Deoxys|Pressure\n|move|p2a: Iron Moth|Fiery Dance|p1a: Deoxys\n|-damage|p1a: Deoxys|53\/100\n|\n|-fieldend|move: Psychic Terrain\n|upkeep\n|turn|6\n|\n|t:|1699447558\n|move|p2a: Iron Moth|Substitute|p2a: Iron Moth\n|-start|p2a: Iron Moth|Substitute\n|-damage|p2a: Iron Moth|65\/100\n|move|p1a: Deoxys|Spikes|p2a: Iron Moth\n|-sidestart|p2: AlolanSandslashOU|Spikes\n|\n|upkeep\n|turn|7\n|c|\u2606Edras16|More like Lninja\n|\n|t:|1699447566\n|move|p2a: Iron Moth|Fiery Dance|p1a: Deoxys\n|-damage|p1a: Deoxys|7\/100\n|move|p1a: Deoxys|Stealth Rock|p2a: Iron Moth\n|-sidestart|p2: AlolanSandslashOU|move: Stealth Rock\n|\n|upkeep\n|turn|8\n|\n|t:|1699447571\n|move|p2a: Iron Moth|Fiery Dance|p1a: Deoxys\n|-damage|p1a: Deoxys|0 fnt\n|-boost|p2a: Iron Moth|spa|1\n|faint|p1a: Deoxys\n|\n|upkeep\n|\n|t:|1699447575\n|switch|p1a: Polteageist|Polteageist|100\/100\n|turn|9\n|\n|t:|1699447579\n|move|p2a: Iron Moth|Fiery Dance|p1a: Polteageist\n|-damage|p1a: Polteageist|27\/100\n|-boost|p2a: Iron Moth|spa|1\n|move|p1a: Polteageist|Shadow Ball|p2a: Iron Moth\n|-end|p2a: Iron Moth|Substitute\n|\n|upkeep\n|turn|10\n|\n|t:|1699447583\n|move|p2a: Iron Moth|Fiery Dance|p1a: Polteageist\n|-damage|p1a: Polteageist|0 fnt\n|-boost|p2a: Iron Moth|spa|1\n|faint|p1a: Polteageist\n|\n|upkeep\n|\n|t:|1699447585\n|switch|p1a: Alakazam|Alakazam, F|100\/100\n|turn|11\n|\n|t:|1699447594\n|move|p1a: Alakazam|Expanding Force|p2a: Iron Moth\n|-supereffective|p2a: Iron Moth\n|-damage|p2a: Iron Moth|0 fnt\n|faint|p2a: Iron Moth\n|-end|p2a: Iron Moth|Quark Drive|[silent]\n|\n|upkeep\n|\n|t:|1699447598\n|switch|p2a: Greninja|Greninja, M|100\/100\n|-damage|p2a: Greninja|88\/100|[from] Spikes\n|-damage|p2a: Greninja|76\/100|[from] Stealth Rock\n|turn|12\n|\n|t:|1699447605\n|switch|p1a: Gallade|Gallade, M|58\/100\n|move|p2a: Greninja|Surf|p1a: Gallade\n|-damage|p1a: Gallade|13\/100\n|\n|upkeep\n|turn|13\n|\n|t:|1699447609\n|move|p2a: Greninja|Water Shuriken|p1a: Gallade\n|-crit|p1a: Gallade\n|-damage|p1a: Gallade|2\/100\n|-damage|p1a: Gallade|0 fnt\n|faint|p1a: Gallade\n|-ability|p2a: Greninja|Battle Bond|boost\n|-boost|p2a: Greninja|atk|1\n|-boost|p2a: Greninja|spa|1\n|-boost|p2a: Greninja|spe|1\n|-activate|p2a: Greninja|ability: Battle Bond\n|-hitcount|p1: Gallade|2\n|\n|upkeep\n|\n|t:|1699447614\n|switch|p1a: Alakazam|Alakazam, F|100\/100\n|turn|14\n|\n|t:|1699447619\n|move|p2a: Greninja|Dark Pulse|p1a: Alakazam\n|-supereffective|p1a: Alakazam\n|-damage|p1a: Alakazam|0 fnt\n|faint|p1a: Alakazam\n|\n|upkeep\n|\n|t:|1699447622\n|switch|p1a: Victini|Victini|100\/100\n|turn|15\n|\n|t:|1699447624\n|move|p2a: Greninja|Surf|p1a: Victini\n|-supereffective|p1a: Victini\n|-damage|p1a: Victini|0 fnt\n|faint|p1a: Victini\n|\n|upkeep\n|c|\u2606Edras16|Shit\n|\n|t:|1699447630\n|switch|p1a: Tapu Lele|Tapu Lele|19\/100\n|-fieldstart|move: Psychic Terrain|[from] ability: Psychic Surge|[of] p1a: Tapu Lele\n|turn|16\n|c|\u2606AlolanSandslashOU|Gimmick pass ftw\n|\n|t:|1699447638\n|move|p2a: Greninja|Surf|p1a: Tapu Lele\n|-damage|p1a: Tapu Lele|0 fnt\n|faint|p1a: Tapu Lele\n|\n|win|AlolanSandslashOU\n|c|\u2606AlolanSandslashOU|Ggs\n|c|\u2606Edras16|Gg\n","uploadtime":1699447644,"views":13,"p1id":"edras16","p2id":"alolansandslashou","formatid":"gen9nationaldexubers","rating":0,"private":0,"password":""}