{"id":"gen9nationaldexubers-1989150135","p1":"AERO-M0DE\u2b06\ufe0f","p2":"Damnyoumegaturtle","format":"[Gen 9] National Dex Ubers","log":"|j|\u2606AERO-M0DE\u2b06\ufe0f\n|j|\u2606Damnyoumegaturtle\n|t:|1699817562\n|gametype|singles\n|player|p1|AERO-M0DE\u2b06\ufe0f|winona-gen6|1106\n|player|p2|Damnyoumegaturtle|lucas|1000\n|teamsize|p1|6\n|teamsize|p2|6\n|gen|9\n|tier|[Gen 9] National Dex Ubers\n|rated|\n|rule|HP Percentage Mod: HP is shown in percentages\n|rule|Endless Battle Clause: Forcing endless battles is banned\n|rule|OHKO Clause: OHKO moves are banned\n|rule|Evasion Moves Clause: Evasion moves are banned\n|rule|Evasion Items Clause: Evasion items are banned\n|rule|Species Clause: Limit one of each Pok\u00e9mon\n|rule|Sleep Clause Mod: Limit one foe put to sleep\n|rule|Mega Rayquaza Clause: You cannot mega evolve Rayquaza\n|clearpoke\n|poke|p1|Toucannon, M|\n|poke|p1|Braviary-Hisui, M|\n|poke|p1|Gliscor, M|\n|poke|p1|Noctowl, M|\n|poke|p1|Emolga, M|\n|poke|p1|Unfezant, M|\n|poke|p2|Darmanitan-Galar, F|\n|poke|p2|Lopunny, M|\n|poke|p2|Marshadow|\n|poke|p2|Volcarona, M|\n|poke|p2|Landorus-Therian, M|\n|poke|p2|Genesect|\n|teampreview\n|inactive|Battle timer is ON: inactive players will automatically lose when time's up. (requested by Damnyoumegaturtle)\n|\n|t:|1699817581\n|start\n|switch|p1a: \ud83c\udf2cEMOLGA!\ud83c\udf2a\ud83c\udf2a|Emolga, M|100\/100\n|switch|p2a: Landorus|Landorus-Therian, M, shiny|100\/100\n|-ability|p2a: Landorus|Intimidate|boost\n|-unboost|p1a: \ud83c\udf2cEMOLGA!\ud83c\udf2a\ud83c\udf2a|atk|1\n|turn|1\n|\n|t:|1699817602\n|move|p1a: \ud83c\udf2cEMOLGA!\ud83c\udf2a\ud83c\udf2a|Air Slash|p2a: Landorus\n|-damage|p2a: Landorus|69\/100\n|move|p2a: Landorus|Stealth Rock|p1a: \ud83c\udf2cEMOLGA!\ud83c\udf2a\ud83c\udf2a\n|-sidestart|p1: AERO-M0DE\u2b06\ufe0f|move: Stealth Rock\n|\n|upkeep\n|turn|2\n|\n|t:|1699817612\n|move|p1a: \ud83c\udf2cEMOLGA!\ud83c\udf2a\ud83c\udf2a|Air Slash|p2a: Landorus\n|-damage|p2a: Landorus|34\/100\n|move|p2a: Landorus|Stone Edge|p1a: \ud83c\udf2cEMOLGA!\ud83c\udf2a\ud83c\udf2a\n|-supereffective|p1a: \ud83c\udf2cEMOLGA!\ud83c\udf2a\ud83c\udf2a\n|-damage|p1a: \ud83c\udf2cEMOLGA!\ud83c\udf2a\ud83c\udf2a|0 fnt\n|faint|p1a: \ud83c\udf2cEMOLGA!\ud83c\udf2a\ud83c\udf2a\n|\n|upkeep\n|\n|t:|1699817621\n|switch|p1a: \ud83c\udf2cGLISOR\ud83c\udf2a\ud83c\udf2a|Gliscor, M|100\/100\n|-damage|p1a: \ud83c\udf2cGLISOR\ud83c\udf2a\ud83c\udf2a|88\/100|[from] Stealth Rock\n|turn|3\n|\n|t:|1699817628\n|move|p1a: \ud83c\udf2cGLISOR\ud83c\udf2a\ud83c\udf2a|Tailwind|p1a: \ud83c\udf2cGLISOR\ud83c\udf2a\ud83c\udf2a\n|-sidestart|p1: AERO-M0DE\u2b06\ufe0f|move: Tailwind\n|move|p2a: Landorus|Stone Edge|p1a: \ud83c\udf2cGLISOR\ud83c\udf2a\ud83c\udf2a\n|-crit|p1a: \ud83c\udf2cGLISOR\ud83c\udf2a\ud83c\udf2a\n|-damage|p1a: \ud83c\udf2cGLISOR\ud83c\udf2a\ud83c\udf2a|41\/100\n|\n|upkeep\n|turn|4\n|\n|t:|1699817639\n|move|p1a: \ud83c\udf2cGLISOR\ud83c\udf2a\ud83c\udf2a|Knock Off|p2a: Landorus\n|-damage|p2a: Landorus|10\/100\n|-damage|p1a: \ud83c\udf2cGLISOR\ud83c\udf2a\ud83c\udf2a|25\/100|[from] item: Rocky Helmet|[of] p2a: Landorus\n|-enditem|p2a: Landorus|Rocky Helmet|[from] move: Knock Off|[of] p1a: \ud83c\udf2cGLISOR\ud83c\udf2a\ud83c\udf2a\n|move|p2a: Landorus|Stone Edge|p1a: \ud83c\udf2cGLISOR\ud83c\udf2a\ud83c\udf2a\n|-damage|p1a: \ud83c\udf2cGLISOR\ud83c\udf2a\ud83c\udf2a|0 fnt\n|faint|p1a: \ud83c\udf2cGLISOR\ud83c\udf2a\ud83c\udf2a\n|\n|upkeep\n|\n|t:|1699817650\n|switch|p1a: \ud83c\udf2cUNFEZANT\ud83c\udf2a\ud83c\udf2a|Unfezant, M, shiny|100\/100\n|-damage|p1a: \ud83c\udf2cUNFEZANT\ud83c\udf2a\ud83c\udf2a|76\/100|[from] Stealth Rock\n|turn|5\n|\n|t:|1699817659\n|-terastallize|p1a: \ud83c\udf2cUNFEZANT\ud83c\udf2a\ud83c\udf2a|Flying\n|move|p1a: \ud83c\udf2cUNFEZANT\ud83c\udf2a\ud83c\udf2a|Air Slash|p2a: Landorus\n|-crit|p2a: Landorus\n|-damage|p2a: Landorus|0 fnt\n|faint|p2a: Landorus\n|\n|upkeep\n|\n|t:|1699817689\n|switch|p2a: Darmanitan|Darmanitan-Galar, F, shiny|100\/100\n|turn|6\n|\n|t:|1699817714\n|switch|p2a: Genesect|Genesect, shiny|100\/100\n|-ability|p2a: Genesect|Download|boost\n|-boost|p2a: Genesect|spa|1\n|move|p1a: \ud83c\udf2cUNFEZANT\ud83c\udf2a\ud83c\udf2a|Brave Bird|p2a: Genesect\n|-damage|p2a: Genesect|7\/100\n|-damage|p1a: \ud83c\udf2cUNFEZANT\ud83c\udf2a\ud83c\udf2a|46\/100|[from] Recoil\n|\n|-sideend|p1: AERO-M0DE\u2b06\ufe0f|move: Tailwind\n|upkeep\n|turn|7\n|inactive|Damnyoumegaturtle has 120 seconds left.\n|\n|t:|1699817736\n|move|p2a: Genesect|Gunk Shot|p1a: \ud83c\udf2cUNFEZANT\ud83c\udf2a\ud83c\udf2a\n|-damage|p1a: \ud83c\udf2cUNFEZANT\ud83c\udf2a\ud83c\udf2a|0 fnt\n|faint|p1a: \ud83c\udf2cUNFEZANT\ud83c\udf2a\ud83c\udf2a\n|\n|upkeep\n|\n|t:|1699817748\n|switch|p1a: \ud83c\udf2cNOCTOWL\ud83c\udf2a\ud83c\udf2a|Noctowl, M, shiny|100\/100\n|-damage|p1a: \ud83c\udf2cNOCTOWL\ud83c\udf2a\ud83c\udf2a|76\/100|[from] Stealth Rock\n|turn|8\n|\n|t:|1699817754\n|move|p2a: Genesect|U-turn|p1a: \ud83c\udf2cNOCTOWL\ud83c\udf2a\ud83c\udf2a\n|-resisted|p1a: \ud83c\udf2cNOCTOWL\ud83c\udf2a\ud83c\udf2a\n|-damage|p1a: \ud83c\udf2cNOCTOWL\ud83c\udf2a\ud83c\udf2a|44\/100\n|\n|t:|1699817764\n|switch|p2a: Darmanitan|Darmanitan-Galar, F, shiny|100\/100|[from] U-turn\n|move|p1a: \ud83c\udf2cNOCTOWL\ud83c\udf2a\ud83c\udf2a|Tailwind|p1a: \ud83c\udf2cNOCTOWL\ud83c\udf2a\ud83c\udf2a\n|-sidestart|p1: AERO-M0DE\u2b06\ufe0f|move: Tailwind\n|\n|upkeep\n|turn|9\n|\n|t:|1699817772\n|-terastallize|p2a: Darmanitan|Ice\n|move|p1a: \ud83c\udf2cNOCTOWL\ud83c\udf2a\ud83c\udf2a|Hurricane|p2a: Darmanitan\n|-damage|p2a: Darmanitan|19\/100\n|move|p2a: Darmanitan|Icicle Crash|p1a: \ud83c\udf2cNOCTOWL\ud83c\udf2a\ud83c\udf2a|[miss]\n|-miss|p2a: Darmanitan|p1a: \ud83c\udf2cNOCTOWL\ud83c\udf2a\ud83c\udf2a\n|\n|upkeep\n|turn|10\n|\n|t:|1699817784\n|switch|p2a: Genesect|Genesect, shiny|7\/100\n|-ability|p2a: Genesect|Download|boost\n|-boost|p2a: Genesect|atk|1\n|move|p1a: \ud83c\udf2cNOCTOWL\ud83c\udf2a\ud83c\udf2a|Acrobatics|p2a: Genesect\n|-damage|p2a: Genesect|0 fnt\n|faint|p2a: Genesect\n|\n|upkeep\n|\n|t:|1699817789\n|switch|p2a: Marshadow|Marshadow|100\/100\n|turn|11\n|\n|t:|1699817804\n|move|p2a: Marshadow|Sucker Punch|p1a: \ud83c\udf2cNOCTOWL\ud83c\udf2a\ud83c\udf2a\n|-damage|p1a: \ud83c\udf2cNOCTOWL\ud83c\udf2a\ud83c\udf2a|1\/100\n|move|p1a: \ud83c\udf2cNOCTOWL\ud83c\udf2a\ud83c\udf2a|Hurricane|p2a: Marshadow\n|-supereffective|p2a: Marshadow\n|-enditem|p2a: Marshadow|Focus Sash\n|-damage|p2a: Marshadow|1\/100\n|-start|p2a: Marshadow|confusion\n|\n|-sideend|p1: AERO-M0DE\u2b06\ufe0f|move: Tailwind\n|upkeep\n|turn|12\n|\n|t:|1699817816\n|-activate|p2a: Marshadow|confusion\n|move|p2a: Marshadow|Spectral Thief|p1a: \ud83c\udf2cNOCTOWL\ud83c\udf2a\ud83c\udf2a\n|-immune|p1a: \ud83c\udf2cNOCTOWL\ud83c\udf2a\ud83c\udf2a\n|move|p1a: \ud83c\udf2cNOCTOWL\ud83c\udf2a\ud83c\udf2a|Tailwind|p1a: \ud83c\udf2cNOCTOWL\ud83c\udf2a\ud83c\udf2a\n|-sidestart|p1: AERO-M0DE\u2b06\ufe0f|move: Tailwind\n|\n|upkeep\n|turn|13\n|\n|t:|1699817824\n|-activate|p2a: Marshadow|confusion\n|move|p2a: Marshadow|Sucker Punch||[still]\n|-fail|p2a: Marshadow\n|move|p1a: \ud83c\udf2cNOCTOWL\ud83c\udf2a\ud83c\udf2a|Roost|p1a: \ud83c\udf2cNOCTOWL\ud83c\udf2a\ud83c\udf2a\n|-heal|p1a: \ud83c\udf2cNOCTOWL\ud83c\udf2a\ud83c\udf2a|52\/100\n|-singleturn|p1a: \ud83c\udf2cNOCTOWL\ud83c\udf2a\ud83c\udf2a|move: Roost\n|\n|upkeep\n|turn|14\n|\n|t:|1699817832\n|-end|p2a: Marshadow|confusion\n|move|p2a: Marshadow|Sucker Punch||[still]\n|-fail|p2a: Marshadow\n|move|p1a: \ud83c\udf2cNOCTOWL\ud83c\udf2a\ud83c\udf2a|Roost|p1a: \ud83c\udf2cNOCTOWL\ud83c\udf2a\ud83c\udf2a\n|-heal|p1a: \ud83c\udf2cNOCTOWL\ud83c\udf2a\ud83c\udf2a|100\/100\n|-singleturn|p1a: \ud83c\udf2cNOCTOWL\ud83c\udf2a\ud83c\udf2a|move: Roost\n|\n|upkeep\n|turn|15\n|\n|t:|1699817843\n|move|p2a: Marshadow|Sucker Punch||[still]\n|-fail|p2a: Marshadow\n|move|p1a: \ud83c\udf2cNOCTOWL\ud83c\udf2a\ud83c\udf2a|Tailwind||[still]\n|-fail|p1a: \ud83c\udf2cNOCTOWL\ud83c\udf2a\ud83c\udf2a\n|\n|-sideend|p1: AERO-M0DE\u2b06\ufe0f|move: Tailwind\n|upkeep\n|turn|16\n|\n|t:|1699817859\n|move|p2a: Marshadow|Close Combat|p1a: \ud83c\udf2cNOCTOWL\ud83c\udf2a\ud83c\udf2a\n|-damage|p1a: \ud83c\udf2cNOCTOWL\ud83c\udf2a\ud83c\udf2a|1\/100\n|-unboost|p2a: Marshadow|def|1\n|-unboost|p2a: Marshadow|spd|1\n|move|p1a: \ud83c\udf2cNOCTOWL\ud83c\udf2a\ud83c\udf2a|Tailwind|p1a: \ud83c\udf2cNOCTOWL\ud83c\udf2a\ud83c\udf2a\n|-sidestart|p1: AERO-M0DE\u2b06\ufe0f|move: Tailwind\n|\n|upkeep\n|turn|17\n|\n|t:|1699817867\n|switch|p2a: Lopunny|Lopunny, M, shiny|100\/100\n|move|p1a: \ud83c\udf2cNOCTOWL\ud83c\udf2a\ud83c\udf2a|Roost|p1a: \ud83c\udf2cNOCTOWL\ud83c\udf2a\ud83c\udf2a\n|-heal|p1a: \ud83c\udf2cNOCTOWL\ud83c\udf2a\ud83c\udf2a|51\/100\n|-singleturn|p1a: \ud83c\udf2cNOCTOWL\ud83c\udf2a\ud83c\udf2a|move: Roost\n|\n|upkeep\n|turn|18\n|\n|t:|1699817874\n|detailschange|p2a: Lopunny|Lopunny-Mega, M, shiny\n|-mega|p2a: Lopunny|Lopunny|Lopunnite\n|move|p2a: Lopunny|Fake Out|p1a: \ud83c\udf2cNOCTOWL\ud83c\udf2a\ud83c\udf2a\n|-damage|p1a: \ud83c\udf2cNOCTOWL\ud83c\udf2a\ud83c\udf2a|14\/100\n|cant|p1a: \ud83c\udf2cNOCTOWL\ud83c\udf2a\ud83c\udf2a|flinch\n|\n|upkeep\n|turn|19\n|\n|t:|1699817885\n|switch|p2a: Marshadow|Marshadow|1\/100\n|move|p1a: \ud83c\udf2cNOCTOWL\ud83c\udf2a\ud83c\udf2a|Hurricane|p2a: Marshadow\n|-supereffective|p2a: Marshadow\n|-damage|p2a: Marshadow|0 fnt\n|faint|p2a: Marshadow\n|\n|-sideend|p1: AERO-M0DE\u2b06\ufe0f|move: Tailwind\n|upkeep\n|\n|t:|1699817888\n|switch|p2a: Lopunny|Lopunny-Mega, M, shiny|100\/100\n|turn|20\n|\n|t:|1699817898\n|move|p2a: Lopunny|Fake Out|p1a: \ud83c\udf2cNOCTOWL\ud83c\udf2a\ud83c\udf2a\n|-damage|p1a: \ud83c\udf2cNOCTOWL\ud83c\udf2a\ud83c\udf2a|0 fnt\n|faint|p1a: \ud83c\udf2cNOCTOWL\ud83c\udf2a\ud83c\udf2a\n|\n|upkeep\n|\n|t:|1699817903\n|switch|p1a: \ud83c\udf2cBRAVIARY\ud83c\udf2a\ud83c\udf2a|Braviary-Hisui, M|100\/100\n|-damage|p1a: \ud83c\udf2cBRAVIARY\ud83c\udf2a\ud83c\udf2a|76\/100|[from] Stealth Rock\n|turn|21\n|\n|t:|1699817909\n|move|p2a: Lopunny|Play Rough|p1a: \ud83c\udf2cBRAVIARY\ud83c\udf2a\ud83c\udf2a|[miss]\n|-miss|p2a: Lopunny|p1a: \ud83c\udf2cBRAVIARY\ud83c\udf2a\ud83c\udf2a\n|move|p1a: \ud83c\udf2cBRAVIARY\ud83c\udf2a\ud83c\udf2a|Esper Wing|p2a: Lopunny\n|-supereffective|p2a: Lopunny\n|-crit|p2a: Lopunny\n|-damage|p2a: Lopunny|0 fnt\n|-boost|p1a: \ud83c\udf2cBRAVIARY\ud83c\udf2a\ud83c\udf2a|spe|1\n|faint|p2a: Lopunny\n|\n|upkeep\n|\n|t:|1699817914\n|switch|p2a: Darmanitan|Darmanitan-Galar, F, shiny, tera:Ice|19\/100\n|turn|22\n|\n|t:|1699817923\n|move|p2a: Darmanitan|Icicle Crash|p1a: \ud83c\udf2cBRAVIARY\ud83c\udf2a\ud83c\udf2a\n|-supereffective|p1a: \ud83c\udf2cBRAVIARY\ud83c\udf2a\ud83c\udf2a\n|-damage|p1a: \ud83c\udf2cBRAVIARY\ud83c\udf2a\ud83c\udf2a|0 fnt\n|faint|p1a: \ud83c\udf2cBRAVIARY\ud83c\udf2a\ud83c\udf2a\n|\n|upkeep\n|\n|t:|1699817934\n|switch|p1a: \ud83c\udf2cTOUCANNON\ud83c\udf2a\ud83c\udf2a|Toucannon, M, shiny|100\/100\n|-damage|p1a: \ud83c\udf2cTOUCANNON\ud83c\udf2a\ud83c\udf2a|76\/100|[from] Stealth Rock\n|turn|23\n|\n|t:|1699817943\n|move|p2a: Darmanitan|Icicle Crash|p1a: \ud83c\udf2cTOUCANNON\ud83c\udf2a\ud83c\udf2a|[miss]\n|-miss|p2a: Darmanitan|p1a: \ud83c\udf2cTOUCANNON\ud83c\udf2a\ud83c\udf2a\n|move|p1a: \ud83c\udf2cTOUCANNON\ud83c\udf2a\ud83c\udf2a|Brave Bird|p2a: Darmanitan\n|-damage|p2a: Darmanitan|0 fnt\n|faint|p2a: Darmanitan\n|-damage|p1a: \ud83c\udf2cTOUCANNON\ud83c\udf2a\ud83c\udf2a|69\/100|[from] Recoil\n|\n|upkeep\n|\n|t:|1699817946\n|switch|p2a: Volcarona|Volcarona, M, shiny|100\/100\n|turn|24\n|\n|t:|1699817957\n|-zpower|p2a: Volcarona\n|move|p2a: Volcarona|Savage Spin-Out|p1a: \ud83c\udf2cTOUCANNON\ud83c\udf2a\ud83c\udf2a|[zeffect]\n|-resisted|p1a: \ud83c\udf2cTOUCANNON\ud83c\udf2a\ud83c\udf2a\n|-damage|p1a: \ud83c\udf2cTOUCANNON\ud83c\udf2a\ud83c\udf2a|19\/100\n|move|p1a: \ud83c\udf2cTOUCANNON\ud83c\udf2a\ud83c\udf2a|Brave Bird|p2a: Volcarona\n|-supereffective|p2a: Volcarona\n|-damage|p2a: Volcarona|0 fnt\n|faint|p2a: Volcarona\n|-damage|p1a: \ud83c\udf2cTOUCANNON\ud83c\udf2a\ud83c\udf2a|0 fnt|[from] Recoil\n|faint|p1a: \ud83c\udf2cTOUCANNON\ud83c\udf2a\ud83c\udf2a\n|\n|win|AERO-M0DE\u2b06\ufe0f\n|raw|AERO-M0DE\u2b06\ufe0f's rating: 1106 &rarr; <strong>1124<\/strong><br \/>(+18 for winning)\n|raw|Damnyoumegaturtle's rating: 1000 &rarr; <strong>1000<\/strong><br \/>(+0 for losing)\n|l|\u2606Damnyoumegaturtle\n|c|\u2606AERO-M0DE\u2b06\ufe0f|I win loser\n","uploadtime":1699818123,"views":6,"p1id":"aerom0de","p2id":"damnyoumegaturtle","formatid":"gen9nationaldexubers","rating":1000,"private":0,"password":""}