{"id":"gen9nationaldexubers-1984297282","p1":"m444rf","p2":"ColdSobaNoodle","format":"[Gen 9] National Dex Ubers","log":"|j|\u2606m444rf\n|j|\u2606ColdSobaNoodle\n|t:|1699240427\n|gametype|singles\n|player|p1|m444rf|1|\n|player|p2|ColdSobaNoodle|cynthia|\n|teamsize|p1|6\n|teamsize|p2|6\n|gen|9\n|tier|[Gen 9] National Dex Ubers\n|rule|HP Percentage Mod: HP is shown in percentages\n|rule|Endless Battle Clause: Forcing endless battles is banned\n|rule|OHKO Clause: OHKO moves are banned\n|rule|Evasion Moves Clause: Evasion moves are banned\n|rule|Evasion Items Clause: Evasion items are banned\n|rule|Species Clause: Limit one of each Pok\u00e9mon\n|rule|Sleep Clause Mod: Limit one foe put to sleep\n|rule|Mega Rayquaza Clause: You cannot mega evolve Rayquaza\n|clearpoke\n|poke|p1|Dragapult, F|\n|poke|p1|Moltres|\n|poke|p1|Glimmet, M|\n|poke|p1|Rotom-Mow|\n|poke|p1|Great Tusk|\n|poke|p1|Slowking, M|\n|poke|p2|Absol, M|\n|poke|p2|Ninetales-Alola, F|\n|poke|p2|Zygarde-10%|\n|poke|p2|Corviknight, M|\n|poke|p2|Torterra, F|\n|poke|p2|Delphox, F|\n|teampreview\n|j| Smackey_5\n|j| VoIteon\n|j| MiniBearGrahams\n|\n|t:|1699240504\n|start\n|switch|p1a: Glimmet|Glimmet, M|100\/100\n|switch|p2a: Jax|Zygarde-10%, shiny|100\/100\n|-ability|p2a: Jax|Aura Break\n|turn|1\n|\n|t:|1699240515\n|switch|p2a: \u7a32\u8377|Ninetales-Alola, F, shiny|100\/100\n|-weather|Snow|[from] ability: Snow Warning|[of] p2a: \u7a32\u8377\n|move|p1a: Glimmet|Stealth Rock|p2a: \u7a32\u8377\n|-sidestart|p2: ColdSobaNoodle|move: Stealth Rock\n|\n|-weather|Snow|[upkeep]\n|upkeep\n|turn|2\n|\n|t:|1699240521\n|move|p2a: \u7a32\u8377|Aurora Veil|p2a: \u7a32\u8377\n|-sidestart|p2: ColdSobaNoodle|move: Aurora Veil\n|move|p1a: Glimmet|Toxic|p2a: \u7a32\u8377\n|-status|p2a: \u7a32\u8377|tox\n|\n|-weather|Snow|[upkeep]\n|-damage|p2a: \u7a32\u8377|94\/100 tox|[from] psn\n|upkeep\n|turn|3\n|\n|t:|1699240526\n|move|p2a: \u7a32\u8377|Heal Bell|p2a: \u7a32\u8377\n|-activate|p2a: \u7a32\u8377|move: Heal Bell\n|-curestatus|p2a: \u7a32\u8377|tox|[msg]\n|move|p1a: Glimmet|Spikes|p2a: \u7a32\u8377\n|-sidestart|p2: ColdSobaNoodle|Spikes\n|\n|-weather|Snow|[upkeep]\n|upkeep\n|turn|4\n|\n|t:|1699240530\n|switch|p2a: Rook|Corviknight, M, shiny|100\/100\n|-damage|p2a: Rook|88\/100|[from] Stealth Rock\n|-ability|p2a: Rook|Pressure\n|move|p1a: Glimmet|Spikes|p2a: Rook\n|-sidestart|p2: ColdSobaNoodle|Spikes\n|\n|-weather|Snow|[upkeep]\n|upkeep\n|turn|5\n|\n|t:|1699240539\n|switch|p1a: Rotom|Rotom-Mow|100\/100\n|move|p2a: Rook|Defog|p1a: Rotom\n|-unboost|p1a: Rotom|evasion|1\n|-sideend|p2: ColdSobaNoodle|Spikes|[from] move: Defog|[of] p2a: Rook\n|-sideend|p2: ColdSobaNoodle|Stealth Rock|[from] move: Defog|[of] p2a: Rook\n|\n|-weather|none\n|upkeep\n|turn|6\n|\n|t:|1699240556\n|switch|p2a: Minecraft|Torterra, F|100\/100\n|move|p1a: Rotom|Trick|p2a: Minecraft\n|-activate|p1a: Rotom|move: Trick|[of] p2a: Minecraft\n|-item|p2a: Minecraft|Choice Scarf|[from] move: Trick\n|-item|p1a: Rotom|Loaded Dice|[from] move: Trick\n|\n|upkeep\n|turn|7\n|j| Lunar Sloth\n|\n|t:|1699240569\n|-terastallize|p2a: Minecraft|Fire\n|move|p2a: Minecraft|Tera Blast|p1a: Rotom|[anim] Tera Blast Fire\n|-supereffective|p1a: Rotom\n|-damage|p1a: Rotom|0 fnt\n|faint|p1a: Rotom\n|\n|upkeep\n|j| Keaton_fgc\n|\n|t:|1699240577\n|switch|p1a: Great Tusk|Great Tusk|100\/100\n|turn|8\n|c|\u2606ColdSobaNoodle|just changed how it plays\n|\n|t:|1699240588\n|switch|p2a: Rook|Corviknight, M, shiny|88\/100\n|-ability|p2a: Rook|Pressure\n|move|p1a: Great Tusk|Bulk Up|p1a: Great Tusk\n|-boost|p1a: Great Tusk|atk|1\n|-boost|p1a: Great Tusk|def|1\n|\n|upkeep\n|turn|9\n|\n|t:|1699240600\n|-end|p1a: Great Tusk|Protosynthesis|[silent]\n|switch|p1a: Glimmet|Glimmet, M|100\/100\n|move|p2a: Rook|U-turn|p1a: Glimmet\n|-resisted|p1a: Glimmet\n|-damage|p1a: Glimmet|81\/100\n|-activate|p1a: Glimmet|ability: Toxic Debris\n|-sidestart|p2: ColdSobaNoodle|move: Toxic Spikes\n|\n|t:|1699240605\n|switch|p2a: \u7a32\u8377|Ninetales-Alola, F, shiny|94\/100|[from] U-turn\n|-status|p2a: \u7a32\u8377|psn\n|-weather|Snow|[from] ability: Snow Warning|[of] p2a: \u7a32\u8377\n|\n|-weather|Snow|[upkeep]\n|-damage|p2a: \u7a32\u8377|82\/100 psn|[from] psn\n|-sideend|p2: ColdSobaNoodle|move: Aurora Veil\n|upkeep\n|turn|10\n|c| Smackey_5|GLIMMET\n|\n|t:|1699240616\n|switch|p1a: Moltres|Moltres|100\/100\n|-ability|p1a: Moltres|Pressure\n|move|p2a: \u7a32\u8377|Aurora Veil|p2a: \u7a32\u8377\n|-sidestart|p2: ColdSobaNoodle|move: Aurora Veil\n|\n|-weather|Snow|[upkeep]\n|-damage|p2a: \u7a32\u8377|70\/100 psn|[from] psn\n|upkeep\n|turn|11\n|\n|t:|1699240621\n|move|p2a: \u7a32\u8377|Heal Bell|p2a: \u7a32\u8377\n|-activate|p2a: \u7a32\u8377|move: Heal Bell\n|-curestatus|p2a: \u7a32\u8377|psn|[msg]\n|move|p1a: Moltres|Flamethrower|p2a: \u7a32\u8377\n|-supereffective|p2a: \u7a32\u8377\n|-damage|p2a: \u7a32\u8377|28\/100\n|\n|-weather|Snow|[upkeep]\n|upkeep\n|turn|12\n|\n|t:|1699240626\n|switch|p2a: Rook|Corviknight, M, shiny|88\/100\n|-ability|p2a: Rook|Pressure\n|move|p1a: Moltres|Flamethrower|p2a: Rook\n|-supereffective|p2a: Rook\n|-damage|p2a: Rook|51\/100\n|-status|p2a: Rook|brn\n|\n|-weather|Snow|[upkeep]\n|-damage|p2a: Rook|45\/100 brn|[from] brn\n|upkeep\n|turn|13\n|\n|t:|1699240633\n|move|p1a: Moltres|Flamethrower|p2a: Rook\n|-supereffective|p2a: Rook\n|-damage|p2a: Rook|10\/100 brn\n|move|p2a: Rook|Defog|p1a: Moltres\n|-unboost|p1a: Moltres|evasion|1\n|-sideend|p2: ColdSobaNoodle|Toxic Spikes|[from] move: Defog|[of] p2a: Rook\n|\n|-weather|none\n|-damage|p2a: Rook|4\/100 brn|[from] brn\n|upkeep\n|turn|14\n|\n|t:|1699240644\n|switch|p2a: Minecraft|Torterra, F, tera:Fire|100\/100\n|move|p1a: Moltres|U-turn|p2a: Minecraft\n|-resisted|p2a: Minecraft\n|-damage|p2a: Minecraft|97\/100\n|\n|t:|1699240653\n|switch|p1a: Glimmet|Glimmet, M|81\/100|[from] U-turn\n|\n|upkeep\n|turn|15\n|\n|t:|1699240663\n|move|p2a: Minecraft|Bullet Seed|p1a: Glimmet\n|-damage|p1a: Glimmet|41\/100\n|-activate|p1a: Glimmet|ability: Toxic Debris\n|-sidestart|p2: ColdSobaNoodle|move: Toxic Spikes\n|-damage|p1a: Glimmet|3\/100\n|-activate|p1a: Glimmet|ability: Toxic Debris\n|-sidestart|p2: ColdSobaNoodle|move: Toxic Spikes\n|-damage|p1a: Glimmet|0 fnt\n|faint|p1a: Glimmet\n|-hitcount|p1: Glimmet|3\n|\n|upkeep\n|\n|t:|1699240686\n|switch|p1a: Great Tusk|Great Tusk|100\/100\n|turn|16\n|\n|t:|1699240714\n|move|p2a: Minecraft|Bullet Seed|p1a: Great Tusk\n|-supereffective|p1a: Great Tusk\n|-damage|p1a: Great Tusk|87\/100\n|-supereffective|p1a: Great Tusk\n|-damage|p1a: Great Tusk|73\/100\n|-supereffective|p1a: Great Tusk\n|-damage|p1a: Great Tusk|61\/100\n|-supereffective|p1a: Great Tusk\n|-damage|p1a: Great Tusk|49\/100\n|-hitcount|p1a: Great Tusk|4\n|move|p1a: Great Tusk|Bulk Up|p1a: Great Tusk\n|-boost|p1a: Great Tusk|atk|1\n|-boost|p1a: Great Tusk|def|1\n|\n|-heal|p1a: Great Tusk|55\/100|[from] item: Leftovers\n|upkeep\n|turn|17\n|\n|t:|1699240725\n|-terastallize|p1a: Great Tusk|Fire\n|move|p2a: Minecraft|Bullet Seed|p1a: Great Tusk\n|-resisted|p1a: Great Tusk\n|-damage|p1a: Great Tusk|53\/100\n|-resisted|p1a: Great Tusk\n|-damage|p1a: Great Tusk|51\/100\n|-resisted|p1a: Great Tusk\n|-damage|p1a: Great Tusk|49\/100\n|-resisted|p1a: Great Tusk\n|-damage|p1a: Great Tusk|47\/100\n|-hitcount|p1a: Great Tusk|4\n|move|p1a: Great Tusk|Brick Break|p2a: Minecraft\n|-sideend|p2: ColdSobaNoodle|move: Aurora Veil\n|-damage|p2a: Minecraft|47\/100\n|\n|-heal|p1a: Great Tusk|53\/100|[from] item: Leftovers\n|upkeep\n|turn|18\n|c| MiniBearGrahams|doesnt even need loaded dice..\n|\n|t:|1699240744\n|switch|p2a: \u8cdc\u7269|Delphox, F, shiny|100\/100\n|-status|p2a: \u8cdc\u7269|tox\n|move|p1a: Great Tusk|Brick Break|p2a: \u8cdc\u7269\n|-resisted|p2a: \u8cdc\u7269\n|-damage|p2a: \u8cdc\u7269|60\/100 tox\n|\n|-heal|p1a: Great Tusk|59\/100|[from] item: Leftovers\n|-damage|p2a: \u8cdc\u7269|54\/100 tox|[from] psn\n|upkeep\n|turn|19\n|\n|t:|1699240754\n|-end|p1a: Great Tusk|Protosynthesis|[silent]\n|switch|p1a: Slowking|Slowking, M|100\/100\n|move|p2a: \u8cdc\u7269|Wish|p2a: \u8cdc\u7269\n|\n|-damage|p2a: \u8cdc\u7269|41\/100 tox|[from] psn\n|upkeep\n|turn|20\n|j| DinsFire01\n|\n|t:|1699240772\n|move|p2a: \u8cdc\u7269|Grass Knot|p1a: Slowking\n|-supereffective|p1a: Slowking\n|-damage|p1a: Slowking|71\/100\n|move|p1a: Slowking|Teleport|p1a: Slowking\n|\n|t:|1699240777\n|switch|p1a: Dragapult|Dragapult, F|100\/100|[from] Teleport\n|\n|-heal|p2a: \u8cdc\u7269|91\/100 tox|[from] move: Wish|[wisher] \u8cdc\u7269\n|-damage|p2a: \u8cdc\u7269|73\/100 tox|[from] psn\n|upkeep\n|turn|21\n|\n|t:|1699240780\n|move|p1a: Dragapult|U-turn|p2a: \u8cdc\u7269\n|-damage|p2a: \u8cdc\u7269|48\/100 tox\n|\n|t:|1699240783\n|switch|p1a: Slowking|Slowking, M|100\/100|[from] U-turn\n|move|p2a: \u8cdc\u7269|Wish|p2a: \u8cdc\u7269\n|\n|-damage|p2a: \u8cdc\u7269|23\/100 tox|[from] psn\n|upkeep\n|turn|22\n|\n|t:|1699240787\n|switch|p2a: \u7a32\u8377|Ninetales-Alola, F, shiny|28\/100\n|-status|p2a: \u7a32\u8377|tox\n|-weather|Snow|[from] ability: Snow Warning|[of] p2a: \u7a32\u8377\n|move|p1a: Slowking|Teleport|p1a: Slowking\n|\n|t:|1699240791\n|switch|p1a: Moltres|Moltres|100\/100|[from] Teleport\n|-ability|p1a: Moltres|Pressure\n|\n|-weather|Snow|[upkeep]\n|-heal|p2a: \u7a32\u8377|75\/100 tox|[from] move: Wish|[wisher] \u8cdc\u7269\n|-damage|p2a: \u7a32\u8377|69\/100 tox|[from] psn\n|upkeep\n|turn|23\n|\n|t:|1699240800\n|move|p2a: \u7a32\u8377|Heal Bell|p2a: \u7a32\u8377\n|-activate|p2a: \u7a32\u8377|move: Heal Bell\n|-curestatus|p2a: \u7a32\u8377|tox|[msg]\n|-curestatus|p2: \u8cdc\u7269|tox|[msg]\n|-curestatus|p2: Rook|brn|[msg]\n|move|p1a: Moltres|Flamethrower|p2a: \u7a32\u8377\n|-supereffective|p2a: \u7a32\u8377\n|-damage|p2a: \u7a32\u8377|0 fnt\n|faint|p2a: \u7a32\u8377\n|\n|-weather|Snow|[upkeep]\n|upkeep\n|c| DinsFire01|holy crap heal bell value\n|\n|t:|1699240818\n|switch|p2a: Minecraft|Torterra, F, tera:Fire|47\/100\n|-status|p2a: Minecraft|tox\n|turn|24\n|j| Demolution545\n|\n|t:|1699240837\n|switch|p1a: Slowking|Slowking, M|100\/100\n|move|p2a: Minecraft|Rock Blast|p1a: Slowking|[miss]\n|-miss|p2a: Minecraft|p1a: Slowking\n|\n|-weather|Snow|[upkeep]\n|-damage|p2a: Minecraft|41\/100 tox|[from] psn\n|upkeep\n|turn|25\n|\n|t:|1699240849\n|move|p2a: Minecraft|Rock Blast|p1a: Slowking\n|-damage|p1a: Slowking|92\/100\n|-damage|p1a: Slowking|83\/100\n|-hitcount|p1a: Slowking|2\n|move|p1a: Slowking|Scald|p2a: Minecraft\n|-supereffective|p2a: Minecraft\n|-damage|p2a: Minecraft|0 fnt\n|faint|p2a: Minecraft\n|\n|-weather|Snow|[upkeep]\n|-heal|p1a: Slowking|89\/100|[from] item: Leftovers\n|upkeep\n|\n|t:|1699240853\n|switch|p2a: Rook|Corviknight, M, shiny|4\/100\n|-ability|p2a: Rook|Pressure\n|turn|26\n|\n|t:|1699240864\n|move|p2a: Rook|Defog|p1a: Slowking\n|-unboost|p1a: Slowking|evasion|1\n|-sideend|p2: ColdSobaNoodle|Toxic Spikes|[from] move: Defog|[of] p2a: Rook\n|move|p1a: Slowking|Scald|p2a: Rook\n|-damage|p2a: Rook|0 fnt\n|faint|p2a: Rook\n|\n|-weather|none\n|-heal|p1a: Slowking|95\/100|[from] item: Leftovers\n|upkeep\n|\n|t:|1699240871\n|switch|p2a: \u767d\u6fa4|Absol, M|100\/100\n|turn|27\n|\n|t:|1699240876\n|detailschange|p2a: \u767d\u6fa4|Absol-Mega, M\n|-mega|p2a: \u767d\u6fa4|Absol|Absolite\n|move|p2a: \u767d\u6fa4|Pursuit|p1a: Slowking\n|-supereffective|p1a: Slowking\n|-damage|p1a: Slowking|46\/100\n|move|p1a: Slowking|Scald|p2a: \u767d\u6fa4\n|-damage|p2a: \u767d\u6fa4|51\/100\n|\n|-heal|p1a: Slowking|52\/100|[from] item: Leftovers\n|upkeep\n|turn|28\n|\n|t:|1699240885\n|move|p2a: \u767d\u6fa4|Sucker Punch|p1a: Slowking\n|-supereffective|p1a: Slowking\n|-damage|p1a: Slowking|0 fnt\n|faint|p1a: Slowking\n|\n|upkeep\n|\n|t:|1699240889\n|switch|p1a: Great Tusk|Great Tusk, tera:Fire|59\/100\n|turn|29\n|\n|t:|1699240894\n|move|p2a: \u767d\u6fa4|Stone Edge|p1a: Great Tusk|[miss]\n|-miss|p2a: \u767d\u6fa4|p1a: Great Tusk\n|move|p1a: Great Tusk|Brick Break|p2a: \u767d\u6fa4\n|-supereffective|p2a: \u767d\u6fa4\n|-damage|p2a: \u767d\u6fa4|0 fnt\n|faint|p2a: \u767d\u6fa4\n|\n|-heal|p1a: Great Tusk|65\/100|[from] item: Leftovers\n|upkeep\n|c| MiniBearGrahams|dang\n|c|\u2606ColdSobaNoodle|I do not control the heavens\n|c| DinsFire01|ough\n|c|\u2606ColdSobaNoodle|sometimes prayer is not enough\n|\n|t:|1699240912\n|switch|p2a: Jax|Zygarde-10%, shiny|100\/100\n|-ability|p2a: Jax|Aura Break\n|turn|30\n|\n|t:|1699240921\n|move|p2a: Jax|Outrage|p1a: Great Tusk\n|-damage|p1a: Great Tusk|40\/100\n|move|p1a: Great Tusk|Brick Break|p2a: Jax\n|-damage|p2a: Jax|39\/100\n|\n|-heal|p1a: Great Tusk|46\/100|[from] item: Leftovers\n|upkeep\n|turn|31\n|c| Lunar Sloth|hm\n|c|\u2606ColdSobaNoodle|oop\n|c|\u2606ColdSobaNoodle|wrong move lol\n|\n|t:|1699240935\n|move|p2a: Jax|Outrage|p1a: Great Tusk|[from]lockedmove\n|-damage|p1a: Great Tusk|21\/100\n|move|p1a: Great Tusk|Brick Break|p2a: Jax\n|-damage|p2a: Jax|0 fnt\n|faint|p2a: Jax\n|\n|-heal|p1a: Great Tusk|27\/100|[from] item: Leftovers\n|upkeep\n|c|\u2606ColdSobaNoodle|ah well\n|l| DinsFire01\n|\n|t:|1699240947\n|switch|p2a: \u8cdc\u7269|Delphox, F, shiny|23\/100\n|turn|32\n|\n|t:|1699240953\n|move|p2a: \u8cdc\u7269|Wish|p2a: \u8cdc\u7269\n|move|p1a: Great Tusk|Brick Break|p2a: \u8cdc\u7269\n|-resisted|p2a: \u8cdc\u7269\n|-damage|p2a: \u8cdc\u7269|0 fnt\n|faint|p2a: \u8cdc\u7269\n|\n|win|m444rf\n|c|\u2606ColdSobaNoodle|ggs!!\n|c| Lunar Sloth|that was a close set\n|c|\u2606m444rf|ggs\n|l| MiniBearGrahams\n|c|\u2606ColdSobaNoodle|Very fun set\n|c|\u2606ColdSobaNoodle|holy heck\n|c|\u2606ColdSobaNoodle|what a finale\n|l| Lunar Sloth\n","uploadtime":1699240973,"views":6,"p1id":"m444rf","p2id":"coldsobanoodle","formatid":"gen9nationaldexubers","rating":0,"private":0,"password":""}