{"id":"gen9nationaldexubers-1989827084","p1":"Ryusui7","p2":"femurdeeznuts","format":"[Gen 9] National Dex Ubers","log":"|j|\u2606Ryusui7\n|j|\u2606femurdeeznuts\n|t:|1699899039\n|gametype|singles\n|player|p1|Ryusui7|ghetsis|\n|player|p2|femurdeeznuts|1|\n|teamsize|p1|6\n|teamsize|p2|6\n|gen|9\n|tier|[Gen 9] National Dex Ubers\n|rule|HP Percentage Mod: HP is shown in percentages\n|rule|Endless Battle Clause: Forcing endless battles is banned\n|rule|OHKO Clause: OHKO moves are banned\n|rule|Evasion Moves Clause: Evasion moves are banned\n|rule|Evasion Items Clause: Evasion items are banned\n|rule|Species Clause: Limit one of each Pok\u00e9mon\n|rule|Sleep Clause Mod: Limit one foe put to sleep\n|rule|Mega Rayquaza Clause: You cannot mega evolve Rayquaza\n|clearpoke\n|poke|p1|Aggron, M|\n|poke|p1|Darmanitan-Galar, M|\n|poke|p1|Clodsire, F|\n|poke|p1|Golisopod, F|\n|poke|p1|Ceruledge, M|\n|poke|p1|Zoroark-Hisui, F|\n|poke|p2|Mimikyu, M|\n|poke|p2|Gliscor, F|\n|poke|p2|Darmanitan-Galar, F|\n|poke|p2|Shuckle, M|\n|poke|p2|Gholdengo|\n|poke|p2|Cyclizar, M|\n|teampreview\n|inactive|Battle timer is ON: inactive players will automatically lose when time's up. (requested by Ryusui7)\n|inactive|femurdeeznuts also wants the timer to be on.\n|inactive|femurdeeznuts no longer wants the timer on, but the timer is staying on because ryusui7 still does.\n|j| bepsi-can\n|c| bepsi-can|final match\n|j| El!te 00f\n|c| bepsi-can|back to the old team\n|c|\u2606femurdeeznuts|timer please\n|c| El!te 00f|MORTAL KOMBAT!!!\n|inactive|Ryusui7 has 270 seconds left.\n|inactive|femurdeeznuts has 270 seconds left.\n|inactiveoff|Battle timer is now OFF.\n|\n|t:|1699899087\n|start\n|switch|p1a: :3|Clodsire, F|100\/100\n|switch|p2a: Pure Rizz|Shuckle, M, shiny|100\/100\n|turn|1\n|\n|t:|1699899096\n|move|p1a: :3|Stealth Rock|p2a: Pure Rizz\n|-sidestart|p2: femurdeeznuts|move: Stealth Rock\n|move|p2a: Pure Rizz|Sticky Web|p1a: :3\n|-sidestart|p1: Ryusui7|move: Sticky Web\n|\n|upkeep\n|turn|2\n|\n|t:|1699899098\n|move|p1a: :3|Toxic Spikes|p2a: Pure Rizz\n|-sidestart|p2: femurdeeznuts|move: Toxic Spikes\n|move|p2a: Pure Rizz|Stealth Rock|p1a: :3\n|-sidestart|p1: Ryusui7|move: Stealth Rock\n|\n|upkeep\n|turn|3\n|c|\u2606Ryusui7|hazards\n|c| bepsi-can|web is up\n|c|\u2606Ryusui7|i hate them\n|\n|t:|1699899107\n|switch|p2a: Ford F150|Cyclizar, M|100\/100\n|move|p1a: :3|Toxic Spikes|p2a: Ford F150\n|-sidestart|p2: femurdeeznuts|move: Toxic Spikes\n|\n|upkeep\n|turn|4\n|c| bepsi-can|the stack begins\n|c| bepsi-can|2 spinblockers\n|\n|t:|1699899115\n|move|p2a: Ford F150|Shed Tail|p2a: Ford F150\n|-start|p2a: Ford F150|Substitute|[from] move: Shed Tail\n|-damage|p2a: Ford F150|50\/100\n|c|\u2606Ryusui7|i'm taking risks but\n|\n|t:|1699899123\n|switch|p2a: Mothman|Gliscor, F|100\/100|[from] Shed Tail\n|-damage|p2a: Mothman|88\/100|[from] Stealth Rock\n|move|p1a: :3|Spikes|p2a: Mothman\n|-sidestart|p2: femurdeeznuts|Spikes\n|\n|-status|p2a: Mothman|tox|[from] item: Toxic Orb\n|upkeep\n|turn|5\n|c|\u2606Ryusui7|my clodsire can die in peace\n|c|\u2606Ryusui7|knowing it served the nation\n|c| bepsi-can|mothman might stall out the whole team\n|c|\u2606femurdeeznuts|can it even hit me\n|c| El!te 00f|nah\n|c|\u2606Ryusui7|there is no way he can tank an earthquake\n|\n|t:|1699899149\n|move|p2a: Mothman|Knock Off|p1a: :3\n|-damage|p1a: :3|78\/100\n|-enditem|p1a: :3|Leftovers|[from] move: Knock Off|[of] p2a: Mothman\n|move|p1a: :3|Spikes|p2a: Mothman\n|-sidestart|p2: femurdeeznuts|Spikes\n|\n|-heal|p2a: Mothman|100\/100 tox|[from] ability: Poison Heal\n|upkeep\n|turn|6\n|\n|t:|1699899156\n|move|p2a: Mothman|Earthquake|p1a: :3\n|-supereffective|p1a: :3\n|-damage|p1a: :3|7\/100\n|move|p1a: :3|Spikes|p2a: Mothman\n|-sidestart|p2: femurdeeznuts|Spikes\n|\n|upkeep\n|turn|7\n|c| bepsi-can|everything but pod loses to gliscor behind sub\n|c|\u2606Ryusui7|YOOO\n|c|\u2606femurdeeznuts|goat\n|c|\u2606Ryusui7|Clodsire mvp\n|c| bepsi-can|but even pod i think loses\n|\n|t:|1699899173\n|move|p2a: Mothman|Earthquake|p1a: :3\n|-supereffective|p1a: :3\n|-damage|p1a: :3|0 fnt\n|faint|p1a: :3\n|\n|upkeep\n|\n|t:|1699899177\n|switch|p1a: Rise of Kong|Darmanitan-Galar, M|100\/100\n|turn|8\n|c| El!te 00f|what abt the hazard stack?\n|c| bepsi-can|we know this is zen mode\n|c| bepsi-can|and boots\n|\n|t:|1699899190\n|-terastallize|p2a: Mothman|Water\n|move|p1a: Rise of Kong|Icicle Crash|p2a: Mothman\n|-resisted|p2a: Mothman\n|-activate|p2a: Mothman|move: Substitute|[damage]\n|move|p2a: Mothman|Toxic|p1a: Rise of Kong\n|-status|p1a: Rise of Kong|tox\n|\n|-damage|p1a: Rise of Kong|94\/100 tox|[from] psn\n|upkeep\n|turn|9\n|c| bepsi-can|from game 1\n|c|\u2606Ryusui7|are you sure\n|c|\u2606Ryusui7|well yes it is\n|\n|t:|1699899203\n|move|p1a: Rise of Kong|Earthquake|p2a: Mothman\n|-end|p2a: Mothman|Substitute\n|move|p2a: Mothman|Knock Off|p1a: Rise of Kong\n|-damage|p1a: Rise of Kong|62\/100 tox\n|-enditem|p1a: Rise of Kong|Heavy-Duty Boots|[from] move: Knock Off|[of] p2a: Mothman\n|\n|-damage|p1a: Rise of Kong|50\/100 tox|[from] psn\n|-formechange|p1a: Rise of Kong|Darmanitan-Galar-Zen|\n|upkeep\n|turn|10\n|c| El!te 00f|bepsi\n|c| El!te 00f|stop metagaming chat\n|c| bepsi-can|no\n|c| bepsi-can|i refuse\n|c|\u2606Ryusui7|doble ube\n|\n|t:|1699899225\n|move|p1a: Rise of Kong|Earthquake|p2a: Mothman\n|-damage|p2a: Mothman|75\/100 tox\n|move|p2a: Mothman|Earthquake|p1a: Rise of Kong\n|-supereffective|p1a: Rise of Kong\n|-damage|p1a: Rise of Kong|0 fnt\n|faint|p1a: Rise of Kong\n|\n|-heal|p2a: Mothman|87\/100 tox|[from] ability: Poison Heal\n|upkeep\n|c|\u2606Ryusui7|The fuck\n|c| bepsi-can|i will backseat game until my last moment\n|\n|t:|1699899243\n|switch|p1a: ATTACK!!!|Golisopod, F|100\/100\n|-activate|p1a: ATTACK!!!|move: Sticky Web\n|-unboost|p1a: ATTACK!!!|spe|1\n|-damage|p1a: ATTACK!!!|76\/100|[from] Stealth Rock\n|turn|11\n|c| El!te 00f|he's cheating\n|c| El!te 00f|mods\n|c| El!te 00f|kick him\n|\n|t:|1699899249\n|move|p1a: ATTACK!!!|First Impression|p2a: Mothman\n|-damage|p2a: Mothman|58\/100 tox\n|move|p2a: Mothman|Toxic|p1a: ATTACK!!!\n|-status|p1a: ATTACK!!!|tox\n|\n|-heal|p2a: Mothman|71\/100 tox|[from] ability: Poison Heal\n|-damage|p1a: ATTACK!!!|70\/100 tox|[from] psn\n|upkeep\n|turn|12\n|c|\u2606Ryusui7|That's oddly high\n|c|\u2606femurdeeznuts|\"mods, delete this mans balls\"\n|c| bepsi-can|NOO\n|c| bepsi-can|NOT MY BALLS\n|c|\u2606Ryusui7|maybe that's HP investment\n|\n|t:|1699899273\n|switch|p1a: Battle Tendencies|Ceruledge, M|100\/100\n|-activate|p1a: Battle Tendencies|move: Sticky Web\n|-unboost|p1a: Battle Tendencies|spe|1\n|-damage|p1a: Battle Tendencies|88\/100|[from] Stealth Rock\n|move|p2a: Mothman|Roost|p2a: Mothman\n|-heal|p2a: Mothman|100\/100 tox\n|\n|upkeep\n|turn|13\n|c| bepsi-can|I NEED THOSE TO STORE MY PEE\n|\n|t:|1699899282\n|move|p1a: Battle Tendencies|Bitter Malice|p2a: Mothman\n|-damage|p2a: Mothman|41\/100 tox\n|-unboost|p2a: Mothman|atk|1\n|move|p2a: Mothman|Knock Off|p1a: Battle Tendencies\n|-supereffective|p1a: Battle Tendencies\n|-damage|p1a: Battle Tendencies|31\/100\n|replace|p1a: Smooth Criminal|Zoroark-Hisui, F, shiny\n|-end|p1a: Smooth Criminal|Illusion\n|-enditem|p1a: Smooth Criminal|Choice Specs|[from] move: Knock Off|[of] p2a: Mothman\n|\n|-heal|p2a: Mothman|54\/100 tox|[from] ability: Poison Heal\n|upkeep\n|turn|14\n|\n|t:|1699899293\n|switch|p2a: Pure Rizz|Shuckle, M, shiny|100\/100\n|-damage|p2a: Pure Rizz|75\/100|[from] Stealth Rock\n|-status|p2a: Pure Rizz|tox\n|-damage|p2a: Pure Rizz|50\/100 tox|[from] Spikes\n|move|p1a: Smooth Criminal|Bitter Malice|p2a: Pure Rizz\n|-damage|p2a: Pure Rizz|25\/100 tox\n|-unboost|p2a: Pure Rizz|atk|1\n|\n|-damage|p2a: Pure Rizz|19\/100 tox|[from] psn\n|upkeep\n|turn|15\n|c| El!te 00f|you've been hit\n|c| El!te 00f|by\n|c| bepsi-can|very subtle zoroark\n|c| El!te 00f|you've been struck by\n|\n|t:|1699899307\n|move|p1a: Smooth Criminal|Bitter Malice|p2a: Pure Rizz\n|-damage|p2a: Pure Rizz|0 fnt\n|faint|p2a: Pure Rizz\n|\n|upkeep\n|\n|t:|1699899310\n|switch|p2a: Ford F150|Cyclizar, M|84\/100\n|turn|16\n|c| El!te 00f|a smooooth criminal\n|\n|t:|1699899317\n|move|p2a: Ford F150|Draco Meteor|p1a: Smooth Criminal\n|-damage|p1a: Smooth Criminal|0 fnt\n|-unboost|p2a: Ford F150|spa|2\n|faint|p1a: Smooth Criminal\n|\n|upkeep\n|\n|t:|1699899324\n|switch|p1a: The Rock|Aggron, M|100\/100\n|-activate|p1a: The Rock|move: Sticky Web\n|-unboost|p1a: The Rock|spe|1\n|-damage|p1a: The Rock|94\/100|[from] Stealth Rock\n|turn|17\n|c| bepsi-can|some goofy goober is singing sock lyrics\n|\n|t:|1699899328\n|move|p2a: Ford F150|Rapid Spin|p1a: The Rock\n|-resisted|p1a: The Rock\n|-damage|p1a: The Rock|93\/100\n|-boost|p2a: Ford F150|spe|1\n|-sideend|p2: femurdeeznuts|Spikes|[from] move: Rapid Spin|[of] p2a: Ford F150\n|-sideend|p2: femurdeeznuts|Toxic Spikes|[from] move: Rapid Spin|[of] p2a: Ford F150\n|-sideend|p2: femurdeeznuts|Stealth Rock|[from] move: Rapid Spin|[of] p2a: Ford F150\n|move|p1a: The Rock|Curse|p1a: The Rock\n|-unboost|p1a: The Rock|spe|1\n|-boost|p1a: The Rock|atk|1\n|-boost|p1a: The Rock|def|1\n|\n|upkeep\n|turn|18\n|c| El!te 00f|it's about drive\n|c| El!te 00f|it's about power\n|c| bepsi-can|hazards are gone for femur\n|c|\u2606Ryusui7|i did not expect thy R spin\n|\n|t:|1699899342\n|move|p2a: Ford F150|Shed Tail|p2a: Ford F150\n|-start|p2a: Ford F150|Substitute|[from] move: Shed Tail\n|-damage|p2a: Ford F150|33\/100\n|c| El!te 00f|we stay hungry, we devour\n|c| bepsi-can|now dtar and gholdengo can do their jobs\n|c| bepsi-can|you didnt expect rapid spin on cyclizar???\n|c| bepsi-can|its like the thing it does\n|c| El!te 00f|put in the work, put in the hours, and take what's ours\n|\n|t:|1699899370\n|switch|p2a: Johnny from GGST|Gholdengo|100\/100|[from] Shed Tail\n|move|p1a: The Rock|Dragon Tail|p2a: Johnny from GGST\n|-resisted|p2a: Johnny from GGST\n|-activate|p2a: Johnny from GGST|move: Substitute|[damage]\n|\n|upkeep\n|turn|19\n|c|\u2606Ryusui7|*Timmy battle theme\n|\n|t:|1699899380\n|move|p2a: Johnny from GGST|Shadow Ball|p1a: The Rock\n|-damage|p1a: The Rock|17\/100\n|move|p1a: The Rock|Head Smash|p2a: Johnny from GGST\n|-resisted|p2a: Johnny from GGST\n|-end|p2a: Johnny from GGST|Substitute\n|\n|upkeep\n|turn|20\n|\n|t:|1699899392\n|switch|p1a: ATTACK!!!|Golisopod, F|70\/100 tox\n|-activate|p1a: ATTACK!!!|move: Sticky Web\n|-unboost|p1a: ATTACK!!!|spe|1\n|-damage|p1a: ATTACK!!!|45\/100 tox|[from] Stealth Rock\n|-activate|p1a: ATTACK!!!|ability: Emergency Exit\n|c| bepsi-can|shadow ball sweeps\n|\n|t:|1699899397\n|switch|p1a: Battle Tendencies|Ceruledge, M|100\/100\n|-activate|p1a: Battle Tendencies|move: Sticky Web\n|-unboost|p1a: Battle Tendencies|spe|1\n|-damage|p1a: Battle Tendencies|76\/100|[from] Stealth Rock\n|move|p2a: Johnny from GGST|Shadow Ball|p1a: Battle Tendencies\n|-supereffective|p1a: Battle Tendencies\n|-damage|p1a: Battle Tendencies|0 fnt\n|faint|p1a: Battle Tendencies\n|\n|upkeep\n|c|\u2606femurdeeznuts|emergency exit :(\n|\n|t:|1699899403\n|switch|p1a: ATTACK!!!|Golisopod, F|45\/100 tox\n|-activate|p1a: ATTACK!!!|move: Sticky Web\n|-unboost|p1a: ATTACK!!!|spe|1\n|-damage|p1a: ATTACK!!!|20\/100 tox|[from] Stealth Rock\n|turn|21\n|\n|t:|1699899410\n|move|p1a: ATTACK!!!|Aqua Jet|p2a: Johnny from GGST\n|-damage|p2a: Johnny from GGST|79\/100\n|move|p2a: Johnny from GGST|Shadow Ball|p1a: ATTACK!!!\n|-damage|p1a: ATTACK!!!|0 fnt\n|faint|p1a: ATTACK!!!\n|\n|upkeep\n|c| bepsi-can|welp\n|c|\u2606Ryusui7|Worst ahh talent in the game behind Truant and Slow Start\n|c| bepsi-can|holay molay\n|\n|t:|1699899428\n|switch|p1a: The Rock|Aggron, M|17\/100\n|-activate|p1a: The Rock|move: Sticky Web\n|-unboost|p1a: The Rock|spe|1\n|-damage|p1a: The Rock|11\/100|[from] Stealth Rock\n|turn|22\n|c| bepsi-can|talent\n|c|\u2606femurdeeznuts|yeah emergency exit is shit\n|c| bepsi-can|french moment\n|c| bepsi-can|french moment\n|c| El!te 00f|you forget mycellium might\n|c| bepsi-can|i mean pod getting it as its only ability completely fucked the mon\n|c|\u2606Ryusui7|bepsi you're beggin to be muted\n|c| bepsi-can|not really\n|\n|t:|1699899467\n|move|p2a: Johnny from GGST|Shadow Ball|p1a: The Rock\n|-damage|p1a: The Rock|0 fnt\n|faint|p1a: The Rock\n|\n|win|femurdeeznuts\n|l| bepsi-can\n|c|\u2606femurdeeznuts|gg\n|c| El!te 00f|gg\n|c|\u2606Ryusui7|respect\n|c|\u2606Ryusui7|ggwp\n|l|\u2606femurdeeznuts\n|c|\u2606Ryusui7|5-0 i'm so decieved\n|l|\u2606Ryusui7\n|j|\u2606Ryusui7\n|player|p1|Ryusui7|ghetsis\n","uploadtime":1699899481,"views":6,"p1id":"ryusui7","p2id":"femurdeeznuts","formatid":"gen9nationaldexubers","rating":0,"private":0,"password":""}