{"id":"gen9nationaldexubers-1984251670","p1":"Iaguinacius","p2":"BTT2023","format":"[Gen 9] National Dex Ubers","log":"|j|\u2606Iaguinacius\n|j|\u2606BTT2023\n|t:|1699235156\n|gametype|singles\n|player|p1|Iaguinacius|hilda-wonderlauncher|1064\n|player|p2|BTT2023|red|1106\n|teamsize|p1|6\n|teamsize|p2|6\n|gen|9\n|tier|[Gen 9] National Dex Ubers\n|rated|\n|rule|HP Percentage Mod: HP is shown in percentages\n|rule|Endless Battle Clause: Forcing endless battles is banned\n|rule|OHKO Clause: OHKO moves are banned\n|rule|Evasion Moves Clause: Evasion moves are banned\n|rule|Evasion Items Clause: Evasion items are banned\n|rule|Species Clause: Limit one of each Pok\u00e9mon\n|rule|Sleep Clause Mod: Limit one foe put to sleep\n|rule|Mega Rayquaza Clause: You cannot mega evolve Rayquaza\n|clearpoke\n|poke|p1|Dialga|\n|poke|p1|Palkia|\n|poke|p1|Giratina-Origin|\n|poke|p1|Latios, M|\n|poke|p1|Latias, F|\n|poke|p1|Necrozma-Dusk-Mane|\n|poke|p2|Moltres|\n|poke|p2|Articuno|\n|poke|p2|Zapdos|\n|poke|p2|Entei|\n|poke|p2|Suicune|\n|poke|p2|Raikou|\n|teampreview\n|\n|t:|1699235178\n|start\n|switch|p1a: Latias|Latias, F|100\/100\n|switch|p2a: Suicune|Suicune|100\/100\n|-ability|p2a: Suicune|Pressure\n|turn|1\n|\n|t:|1699235187\n|move|p1a: Latias|Dragon Pulse|p2a: Suicune\n|-damage|p2a: Suicune|75\/100\n|move|p2a: Suicune|Calm Mind|p2a: Suicune\n|-boost|p2a: Suicune|spa|1\n|-boost|p2a: Suicune|spd|1\n|\n|-heal|p2a: Suicune|81\/100|[from] item: Leftovers\n|upkeep\n|turn|2\n|\n|t:|1699235197\n|move|p1a: Latias|Psychic|p2a: Suicune\n|-damage|p2a: Suicune|64\/100\n|move|p2a: Suicune|Calm Mind|p2a: Suicune\n|-boost|p2a: Suicune|spa|1\n|-boost|p2a: Suicune|spd|1\n|\n|-heal|p2a: Suicune|71\/100|[from] item: Leftovers\n|upkeep\n|turn|3\n|\n|t:|1699235206\n|move|p1a: Latias|Dragon Pulse|p2a: Suicune\n|-damage|p2a: Suicune|59\/100\n|move|p2a: Suicune|Scald|p1a: Latias\n|-resisted|p1a: Latias\n|-damage|p1a: Latias|70\/100\n|\n|-heal|p2a: Suicune|66\/100|[from] item: Leftovers\n|upkeep\n|turn|4\n|\n|t:|1699235216\n|detailschange|p1a: Latias|Latias-Mega, F\n|-mega|p1a: Latias|Latias|Latiasite\n|move|p1a: Latias|Dragon Pulse|p2a: Suicune\n|-damage|p2a: Suicune|50\/100\n|move|p2a: Suicune|Scald|p1a: Latias\n|-resisted|p1a: Latias\n|-damage|p1a: Latias|39\/100\n|\n|-heal|p2a: Suicune|56\/100|[from] item: Leftovers\n|upkeep\n|turn|5\n|\n|t:|1699235228\n|move|p1a: Latias|Psycho Cut|p2a: Suicune\n|-damage|p2a: Suicune|36\/100\n|move|p2a: Suicune|Scald|p1a: Latias\n|-resisted|p1a: Latias\n|-damage|p1a: Latias|11\/100\n|-status|p1a: Latias|brn\n|\n|-heal|p2a: Suicune|42\/100|[from] item: Leftovers\n|-damage|p1a: Latias|5\/100 brn|[from] brn\n|upkeep\n|turn|6\n|\n|t:|1699235239\n|move|p1a: Latias|Dragon Pulse|p2a: Suicune\n|-damage|p2a: Suicune|27\/100\n|move|p2a: Suicune|Scald|p1a: Latias\n|-resisted|p1a: Latias\n|-damage|p1a: Latias|0 fnt\n|faint|p1a: Latias\n|\n|-heal|p2a: Suicune|33\/100|[from] item: Leftovers\n|upkeep\n|\n|t:|1699235250\n|switch|p1a: Necrozma|Necrozma-Dusk-Mane|100\/100\n|turn|7\n|\n|t:|1699235256\n|detailschange|p1a: Necrozma|Necrozma-Ultra\n|-burst|p1a: Necrozma|Necrozma|Ultranecrozium Z\n|move|p1a: Necrozma|Solar Beam||[still]\n|-prepare|p1a: Necrozma|Solar Beam\n|move|p2a: Suicune|Scald|p1a: Necrozma\n|-resisted|p1a: Necrozma\n|-crit|p1a: Necrozma\n|-damage|p1a: Necrozma|45\/100\n|\n|-heal|p2a: Suicune|40\/100|[from] item: Leftovers\n|upkeep\n|turn|8\n|\n|t:|1699235268\n|move|p2a: Suicune|Protect|p2a: Suicune\n|-singleturn|p2a: Suicune|Protect\n|move|p1a: Necrozma|Solar Beam|p2a: Suicune|[from]lockedmove\n|-activate|p2a: Suicune|move: Protect\n|\n|-heal|p2a: Suicune|46\/100|[from] item: Leftovers\n|upkeep\n|turn|9\n|\n|t:|1699235280\n|move|p1a: Necrozma|Sunsteel Strike|p2a: Suicune\n|-resisted|p2a: Suicune\n|-damage|p2a: Suicune|31\/100\n|move|p2a: Suicune|Scald|p1a: Necrozma\n|-resisted|p1a: Necrozma\n|-damage|p1a: Necrozma|8\/100\n|-status|p1a: Necrozma|brn\n|\n|-heal|p2a: Suicune|38\/100|[from] item: Leftovers\n|-damage|p1a: Necrozma|1\/100 brn|[from] brn\n|upkeep\n|turn|10\n|\n|t:|1699235293\n|move|p2a: Suicune|Protect|p2a: Suicune\n|-singleturn|p2a: Suicune|Protect\n|move|p1a: Necrozma|Metal Claw|p2a: Suicune\n|-activate|p2a: Suicune|move: Protect\n|\n|-heal|p2a: Suicune|44\/100|[from] item: Leftovers\n|-damage|p1a: Necrozma|0 fnt|[from] brn\n|faint|p1a: Necrozma\n|upkeep\n|\n|t:|1699235307\n|switch|p1a: Giratina|Giratina-Origin|100\/100\n|turn|11\n|\n|t:|1699235315\n|move|p1a: Giratina|Draco Meteor|p2a: Suicune\n|-damage|p2a: Suicune|22\/100\n|-unboost|p1a: Giratina|spa|2\n|move|p2a: Suicune|Scald|p1a: Giratina\n|-resisted|p1a: Giratina\n|-damage|p1a: Giratina|73\/100\n|-status|p1a: Giratina|brn\n|\n|-heal|p2a: Suicune|28\/100|[from] item: Leftovers\n|-damage|p1a: Giratina|67\/100 brn|[from] brn\n|upkeep\n|turn|12\n|\n|t:|1699235328\n|move|p2a: Suicune|Protect|p2a: Suicune\n|-singleturn|p2a: Suicune|Protect\n|move|p1a: Giratina|Breaking Swipe|p2a: Suicune\n|-activate|p2a: Suicune|move: Protect\n|\n|-heal|p2a: Suicune|34\/100|[from] item: Leftovers\n|-damage|p1a: Giratina|61\/100 brn|[from] brn\n|upkeep\n|turn|13\n|\n|t:|1699235338\n|move|p1a: Giratina|Breaking Swipe|p2a: Suicune\n|-damage|p2a: Suicune|23\/100\n|-unboost|p2a: Suicune|atk|1\n|move|p2a: Suicune|Calm Mind|p2a: Suicune\n|-boost|p2a: Suicune|spa|1\n|-boost|p2a: Suicune|spd|1\n|\n|-heal|p2a: Suicune|29\/100|[from] item: Leftovers\n|-damage|p1a: Giratina|55\/100 brn|[from] brn\n|upkeep\n|turn|14\n|\n|t:|1699235350\n|move|p2a: Suicune|Protect|p2a: Suicune\n|-singleturn|p2a: Suicune|Protect\n|move|p1a: Giratina|Draco Meteor|p2a: Suicune\n|-activate|p2a: Suicune|move: Protect\n|\n|-heal|p2a: Suicune|35\/100|[from] item: Leftovers\n|-damage|p1a: Giratina|49\/100 brn|[from] brn\n|upkeep\n|turn|15\n|\n|t:|1699235360\n|move|p1a: Giratina|Phantom Force||[still]\n|-prepare|p1a: Giratina|Phantom Force\n|move|p2a: Suicune|Scald|p1a: Giratina|[miss]\n|-miss|p2a: Suicune|p1a: Giratina\n|\n|-heal|p2a: Suicune|41\/100|[from] item: Leftovers\n|-damage|p1a: Giratina|43\/100 brn|[from] brn\n|upkeep\n|turn|16\n|\n|t:|1699235377\n|move|p2a: Suicune|Protect|p2a: Suicune\n|-singleturn|p2a: Suicune|Protect\n|move|p1a: Giratina|Phantom Force|p2a: Suicune|[from]lockedmove\n|-activate|p2a: Suicune|move: Phantom Force|[broken]\n|-damage|p2a: Suicune|24\/100\n|\n|-heal|p2a: Suicune|30\/100|[from] item: Leftovers\n|-damage|p1a: Giratina|37\/100 brn|[from] brn\n|upkeep\n|turn|17\n|\n|t:|1699235390\n|move|p1a: Giratina|Draco Meteor|p2a: Suicune\n|-damage|p2a: Suicune|21\/100\n|-unboost|p1a: Giratina|spa|2\n|move|p2a: Suicune|Scald|p1a: Giratina\n|-resisted|p1a: Giratina\n|-damage|p1a: Giratina|3\/100 brn\n|\n|-heal|p2a: Suicune|27\/100|[from] item: Leftovers\n|-damage|p1a: Giratina|0 fnt|[from] brn\n|faint|p1a: Giratina\n|upkeep\n|\n|t:|1699235403\n|switch|p1a: Latios|Latios, M|100\/100\n|turn|18\n|\n|t:|1699235409\n|move|p2a: Suicune|Protect|p2a: Suicune\n|-singleturn|p2a: Suicune|Protect\n|move|p1a: Latios|Dragon Pulse|p2a: Suicune\n|-activate|p2a: Suicune|move: Protect\n|\n|-heal|p2a: Suicune|33\/100|[from] item: Leftovers\n|upkeep\n|turn|19\n|\n|t:|1699235418\n|move|p1a: Latios|Dragon Claw|p2a: Suicune\n|-damage|p2a: Suicune|9\/100\n|move|p2a: Suicune|Calm Mind|p2a: Suicune\n|-boost|p2a: Suicune|spa|1\n|-boost|p2a: Suicune|spd|1\n|\n|-heal|p2a: Suicune|16\/100|[from] item: Leftovers\n|upkeep\n|turn|20\n|\n|t:|1699235428\n|move|p2a: Suicune|Protect|p2a: Suicune\n|-singleturn|p2a: Suicune|Protect\n|move|p1a: Latios|Dragon Claw|p2a: Suicune\n|-activate|p2a: Suicune|move: Protect\n|\n|-heal|p2a: Suicune|22\/100|[from] item: Leftovers\n|upkeep\n|turn|21\n|\n|t:|1699235437\n|move|p1a: Latios|Dragon Claw|p2a: Suicune\n|-damage|p2a: Suicune|0 fnt\n|faint|p2a: Suicune\n|\n|upkeep\n|\n|t:|1699235469\n|switch|p2a: Articuno|Articuno|100\/100\n|-ability|p2a: Articuno|Pressure\n|turn|22\n|\n|t:|1699235475\n|move|p1a: Latios|Dragon Claw|p2a: Articuno\n|-damage|p2a: Articuno|71\/100\n|move|p2a: Articuno|Freeze-Dry|p1a: Latios\n|-supereffective|p1a: Latios\n|-damage|p1a: Latios|53\/100\n|\n|upkeep\n|turn|23\n|\n|t:|1699235483\n|move|p1a: Latios|Dragon Pulse|p2a: Articuno\n|-damage|p2a: Articuno|52\/100\n|move|p2a: Articuno|Hurricane|p1a: Latios\n|-damage|p1a: Latios|16\/100\n|-start|p1a: Latios|confusion\n|\n|upkeep\n|turn|24\n|\n|t:|1699235492\n|-activate|p1a: Latios|confusion\n|-damage|p1a: Latios|2\/100|[from] confusion\n|move|p2a: Articuno|Roost|p2a: Articuno\n|-heal|p2a: Articuno|100\/100\n|-singleturn|p2a: Articuno|move: Roost\n|\n|upkeep\n|turn|25\n|\n|t:|1699235500\n|-end|p1a: Latios|confusion\n|move|p1a: Latios|Psyshock|p2a: Articuno\n|-damage|p2a: Articuno|70\/100\n|move|p2a: Articuno|U-turn|p1a: Latios\n|-supereffective|p1a: Latios\n|-damage|p1a: Latios|0 fnt\n|faint|p1a: Latios\n|\n|t:|1699235510\n|switch|p2a: Raikou|Raikou|100\/100|[from] U-turn\n|\n|upkeep\n|\n|t:|1699235516\n|switch|p1a: Dialga|Dialga|100\/100\n|-ability|p1a: Dialga|Pressure\n|turn|26\n|\n|t:|1699235525\n|-terastallize|p2a: Raikou|Fighting\n|-terastallize|p1a: Dialga|Steel\n|move|p2a: Raikou|Calm Mind|p2a: Raikou\n|-boost|p2a: Raikou|spa|1\n|-boost|p2a: Raikou|spd|1\n|move|p1a: Dialga|Roar of Time|p2a: Raikou\n|-damage|p2a: Raikou|41\/100\n|-mustrecharge|p1a: Dialga\n|\n|-heal|p2a: Raikou|48\/100|[from] item: Leftovers\n|upkeep\n|turn|27\n|\n|t:|1699235540\n|move|p2a: Raikou|Calm Mind|p2a: Raikou\n|-boost|p2a: Raikou|spa|1\n|-boost|p2a: Raikou|spd|1\n|cant|p1a: Dialga|recharge\n|\n|-heal|p2a: Raikou|54\/100|[from] item: Leftovers\n|upkeep\n|turn|28\n|\n|t:|1699235550\n|move|p2a: Raikou|Aura Sphere|p1a: Dialga\n|-supereffective|p1a: Dialga\n|-damage|p1a: Dialga|0 fnt\n|faint|p1a: Dialga\n|\n|-heal|p2a: Raikou|60\/100|[from] item: Leftovers\n|upkeep\n|\n|t:|1699235558\n|switch|p1a: Palkia|Palkia|100\/100\n|-ability|p1a: Palkia|Pressure\n|turn|29\n|\n|t:|1699235563\n|move|p2a: Raikou|Thunderbolt|p1a: Palkia\n|-damage|p1a: Palkia|24\/100\n|move|p1a: Palkia|Spacial Rend|p2a: Raikou\n|-damage|p2a: Raikou|29\/100\n|\n|-heal|p2a: Raikou|35\/100|[from] item: Leftovers\n|upkeep\n|turn|30\n|\n|t:|1699235572\n|move|p2a: Raikou|Thunderbolt|p1a: Palkia\n|-damage|p1a: Palkia|0 fnt\n|faint|p1a: Palkia\n|\n|win|BTT2023\n|raw|Iaguinacius's rating: 1064 &rarr; <strong>1047<\/strong><br \/>(-17 for losing)\n|raw|BTT2023's rating: 1106 &rarr; <strong>1128<\/strong><br \/>(+22 for winning)\n|c|\u2606BTT2023|GG :)\n","uploadtime":1699235577,"views":3,"p1id":"iaguinacius","p2id":"btt2023","formatid":"gen9nationaldexubers","rating":1047,"private":0,"password":""}