{"id":"gen9nationaldexubers-1978668889","p1":"Just B3A$T","p2":"Dozkek","format":"[Gen 9] National Dex Ubers","log":"|j|\u2606Just B3A$T\n|j|\u2606Dozkek\n|t:|1698578321\n|gametype|singles\n|player|p1|Just B3A$T|bruno|\n|player|p2|Dozkek|adaman|\n|teamsize|p1|6\n|teamsize|p2|6\n|gen|9\n|tier|[Gen 9] National Dex Ubers\n|rule|HP Percentage Mod: HP is shown in percentages\n|rule|Endless Battle Clause: Forcing endless battles is banned\n|rule|OHKO Clause: OHKO moves are banned\n|rule|Evasion Moves Clause: Evasion moves are banned\n|rule|Evasion Items Clause: Evasion items are banned\n|rule|Species Clause: Limit one of each Pok\u00e9mon\n|rule|Sleep Clause Mod: Limit one foe put to sleep\n|rule|Mega Rayquaza Clause: You cannot mega evolve Rayquaza\n|clearpoke\n|poke|p1|Iron Valiant|\n|poke|p1|Gholdengo|\n|poke|p1|Sableye, M|\n|poke|p1|Conkeldurr, M|\n|poke|p1|Zapdos|\n|poke|p1|Toxapex, F|\n|poke|p2|Tapu Koko|\n|poke|p2|Magearna|\n|poke|p2|Iron Valiant|\n|poke|p2|Altaria, F|\n|poke|p2|Tapu Lele|\n|poke|p2|Ursaluna, M|\n|teampreview\n|inactive|Battle timer is ON: inactive players will automatically lose when time's up. (requested by Just B3A$T)\n|inactive|Dozkek also wants the timer to be on.\n|c|\u2606Just B3A$T|now then\n|c|\u2606Just B3A$T|hope I win\n|c|\u2606Just B3A$T|ig\n|\n|t:|1698578350\n|start\n|switch|p1a: Fear|Sableye, M|100\/100\n|switch|p2a: Tapu Koko|Tapu Koko|100\/100\n|-fieldstart|move: Electric Terrain|[from] ability: Electric Surge|[of] p2a: Tapu Koko\n|turn|1\n|\n|t:|1698578362\n|detailschange|p1a: Fear|Sableye-Mega, M\n|-mega|p1a: Fear|Sableye|Sablenite\n|move|p2a: Tapu Koko|U-turn|p1a: Fear\n|-damage|p1a: Fear|84\/100\n|\n|t:|1698578379\n|switch|p2a: Ursaluna|Ursaluna, M|100\/100|[from] U-turn\n|move|p1a: Fear|Knock Off|p2a: Ursaluna\n|-damage|p2a: Ursaluna|76\/100\n|-enditem|p2a: Ursaluna|Flame Orb|[from] move: Knock Off|[of] p1a: Fear\n|\n|upkeep\n|turn|2\n|c|\u2606Just B3A$T|hehe\n|inactive|Dozkek has 270 seconds left.\n|c|\u2606Dozkek|Misclick\n|\n|t:|1698578405\n|move|p2a: Ursaluna|Swords Dance|p2a: Ursaluna\n|-boost|p2a: Ursaluna|atk|2\n|move|p1a: Fear|Will-O-Wisp|p2a: Ursaluna\n|-status|p2a: Ursaluna|brn\n|\n|-damage|p2a: Ursaluna|70\/100 brn|[from] brn\n|upkeep\n|turn|3\n|inactive|Dozkek has 270 seconds left.\n|c|\u2606Dozkek|Bro\n|\n|t:|1698578427\n|switch|p1a: bolt beak!!!|Zapdos|100\/100\n|move|p2a: Ursaluna|Headlong Rush|p1a: bolt beak!!!\n|-immune|p1a: bolt beak!!!\n|\n|-damage|p2a: Ursaluna|64\/100 brn|[from] brn\n|upkeep\n|turn|4\n|\n|t:|1698578434\n|move|p1a: bolt beak!!!|Hurricane|p2a: Ursaluna\n|-damage|p2a: Ursaluna|17\/100 brn\n|move|p2a: Ursaluna|Fire Punch|p1a: bolt beak!!!\n|-damage|p1a: bolt beak!!!|7\/100\n|\n|-damage|p2a: Ursaluna|11\/100 brn|[from] brn\n|upkeep\n|turn|5\n|c|\u2606Dozkek|Wow\n|c|\u2606Dozkek|That lived\n|c|\u2606Just B3A$T|ye\n|c|\u2606Just B3A$T|burn\n|inactive|Dozkek has 240 seconds left.\n|c|\u2606Just B3A$T|oh wait\n|c|\u2606Just B3A$T|GUTS\n|c|\u2606Just B3A$T|FUCK\n|c|\u2606Dozkek|Brotha I'm guts\n|c|\u2606Just B3A$T|I'm dumb\n|c|\u2606Just B3A$T|Should not have burned you\n|\n|t:|1698578487\n|move|p1a: bolt beak!!!|Heat Wave|p2a: Ursaluna|[miss]\n|-miss|p1a: bolt beak!!!|p2a: Ursaluna\n|move|p2a: Ursaluna|Fire Punch|p1a: bolt beak!!!\n|-damage|p1a: bolt beak!!!|0 fnt\n|faint|p1a: bolt beak!!!\n|\n|-damage|p2a: Ursaluna|4\/100 brn|[from] brn\n|-fieldend|move: Electric Terrain\n|upkeep\n|c|\u2606Just B3A$T|yep\n|c|\u2606Dozkek|\ud83d\uddff\n|c|\u2606Just B3A$T|knew it\n|\n|t:|1698578500\n|switch|p1a: Test Your Might!|Conkeldurr, M|100\/100\n|turn|6\n|inactive|Dozkek has 210 seconds left.\n|c|\u2606Just B3A$T|expected a miss at the most crucial moment yet\n|c|\u2606Just B3A$T|and I wasn't disappointed\n|\n|t:|1698578552\n|switch|p2a: Tapu Koko|Tapu Koko|100\/100\n|-fieldstart|move: Electric Terrain|[from] ability: Electric Surge|[of] p2a: Tapu Koko\n|move|p1a: Test Your Might!|Mach Punch|p2a: Tapu Koko\n|-resisted|p2a: Tapu Koko\n|-damage|p2a: Tapu Koko|86\/100\n|\n|upkeep\n|turn|7\n|inactive|Dozkek has 180 seconds left.\n|c|\u2606Dozkek|I could have done something to you with Luna vs conk\n|\n|t:|1698578581\n|switch|p1a: Fear|Sableye-Mega, M|84\/100\n|move|p2a: Tapu Koko|Light Screen|p2a: Tapu Koko\n|-sidestart|p2: Dozkek|move: Light Screen\n|\n|upkeep\n|turn|8\n|c|\u2606Just B3A$T|like what\n|c|\u2606Dozkek|Something that's called tera\n|c|\u2606Just B3A$T|oh\n|c|\u2606Just B3A$T|Ghost\n|c|\u2606Just B3A$T|right\n|\n|t:|1698578600\n|move|p2a: Tapu Koko|U-turn|p1a: Fear\n|-damage|p1a: Fear|67\/100\n|\n|t:|1698578602\n|switch|p2a: Ursaluna|Ursaluna, M|4\/100 brn|[from] U-turn\n|move|p1a: Fear|Will-O-Wisp|p2a: Ursaluna\n|-fail|p2a: Ursaluna|brn\n|\n|-damage|p2a: Ursaluna|0 fnt|[from] brn\n|faint|p2a: Ursaluna\n|upkeep\n|\n|t:|1698578611\n|switch|p2a: Magearna|Magearna|100\/100\n|turn|9\n|c|\u2606Just B3A$T|well\n|\n|t:|1698578619\n|switch|p1a: pest|Toxapex, F|100\/100\n|move|p2a: Magearna|Shift Gear|p2a: Magearna\n|-boost|p2a: Magearna|spe|2\n|-boost|p2a: Magearna|atk|1\n|\n|upkeep\n|turn|10\n|c|\u2606Just B3A$T|man,\n|inactive|Dozkek has 180 seconds left.\n|c|\u2606Just B3A$T|I just realized\n|c|\u2606Dozkek|?\n|c|\u2606Just B3A$T|both your challengers team and the gym team have Screens\n|inactive|Just B3A$T has 270 seconds left.\n|c|\u2606Just B3A$T|as the main tech\n|\n|t:|1698578655\n|-zpower|p2a: Magearna\n|move|p2a: Magearna|Gigavolt Havoc|p1a: pest|[zeffect]\n|-supereffective|p1a: pest\n|-damage|p1a: pest|0 fnt\n|faint|p1a: pest\n|-ability|p2a: Magearna|Soul-Heart|boost\n|-boost|p2a: Magearna|spa|1\n|\n|-fieldend|move: Electric Terrain\n|upkeep\n|\n|t:|1698578663\n|switch|p1a: Profit!|Gholdengo|100\/100\n|-item|p1a: Profit!|Air Balloon\n|turn|11\n|inactive|Just B3A$T has 270 seconds left.\n|c|\u2606Just B3A$T|yo\n|\n|t:|1698578689\n|move|p2a: Magearna|Thunderbolt|p1a: Profit!\n|-damage|p1a: Profit!|56\/100\n|-enditem|p1a: Profit!|Air Balloon\n|move|p1a: Profit!|Make It Rain|p2a: Magearna\n|-damage|p2a: Magearna|67\/100\n|-unboost|p1a: Profit!|spa|1\n|\n|upkeep\n|turn|12\n|\n|t:|1698578704\n|move|p2a: Magearna|Thunderbolt|p1a: Profit!\n|-damage|p1a: Profit!|8\/100\n|move|p1a: Profit!|Recover|p1a: Profit!\n|-heal|p1a: Profit!|58\/100\n|\n|upkeep\n|turn|13\n|\n|t:|1698578715\n|move|p2a: Magearna|Thunderbolt|p1a: Profit!\n|-damage|p1a: Profit!|13\/100\n|move|p1a: Profit!|Recover|p1a: Profit!\n|-heal|p1a: Profit!|63\/100\n|\n|upkeep\n|turn|14\n|\n|t:|1698578720\n|move|p2a: Magearna|Thunderbolt|p1a: Profit!\n|-crit|p1a: Profit!\n|-damage|p1a: Profit!|0 fnt\n|faint|p1a: Profit!\n|-ability|p2a: Magearna|Soul-Heart|boost\n|-boost|p2a: Magearna|spa|1\n|\n|-sideend|p2: Dozkek|move: Light Screen\n|upkeep\n|c|\u2606Just B3A$T|...\n|\n|t:|1698578731\n|switch|p1a: Test Your Might!|Conkeldurr, M|100\/100\n|turn|15\n|\n|t:|1698578759\n|move|p1a: Test Your Might!|Mach Punch|p2a: Magearna\n|-damage|p2a: Magearna|39\/100\n|move|p2a: Magearna|Focus Blast|p1a: Test Your Might!\n|-damage|p1a: Test Your Might!|36\/100\n|\n|upkeep\n|turn|16\n|inactive|Dozkek has 150 seconds left.\n|\n|t:|1698578774\n|move|p1a: Test Your Might!|Mach Punch|p2a: Magearna\n|-damage|p2a: Magearna|10\/100\n|move|p2a: Magearna|Thunderbolt|p1a: Test Your Might!\n|-damage|p1a: Test Your Might!|0 fnt\n|faint|p1a: Test Your Might!\n|-ability|p2a: Magearna|Soul-Heart|boost\n|-boost|p2a: Magearna|spa|1\n|\n|upkeep\n|\n|t:|1698578784\n|switch|p1a: Fear|Sableye-Mega, M|67\/100\n|turn|17\n|\n|t:|1698578799\n|move|p2a: Magearna|Thunderbolt|p1a: Fear\n|-damage|p1a: Fear|5\/100\n|move|p1a: Fear|Hex|p2a: Magearna\n|-damage|p2a: Magearna|0 fnt\n|faint|p2a: Magearna\n|\n|upkeep\n|c|\u2606Just B3A$T|yey\n|c|\u2606Just B3A$T|gg tho\n|inactive|Dozkek has 150 seconds left.\n|\n|t:|1698578811\n|switch|p2a: Tapu Koko|Tapu Koko|86\/100\n|-fieldstart|move: Electric Terrain|[from] ability: Electric Surge|[of] p2a: Tapu Koko\n|turn|18\n|c|\u2606Just B3A$T|maybe should've taken Mag as my ace\n|c|\u2606Just B3A$T|when I still had the chance\n|\n|t:|1698578827\n|move|p2a: Tapu Koko|Light Screen|p2a: Tapu Koko\n|-sidestart|p2: Dozkek|move: Light Screen\n|move|p1a: Fear|Recover|p1a: Fear\n|-heal|p1a: Fear|55\/100\n|\n|upkeep\n|turn|19\n|\n|t:|1698578833\n|move|p2a: Tapu Koko|Taunt|p1a: Fear\n|move|p1a: Fear|Taunt|p2a: Tapu Koko|[from]ability: Magic Bounce\n|-start|p2a: Tapu Koko|move: Taunt\n|move|p1a: Fear|Recover|p1a: Fear\n|-heal|p1a: Fear|100\/100\n|\n|upkeep\n|turn|20\n|c|\u2606Dozkek|Damn\n|c|\u2606Dozkek|Sadge\n|c|\u2606Dozkek|I forgor\n|\n|t:|1698578844\n|move|p2a: Tapu Koko|U-turn|p1a: Fear\n|-damage|p1a: Fear|85\/100\n|\n|t:|1698578851\n|switch|p2a: Iron Valiant|Iron Valiant|100\/100|[from] U-turn\n|-activate|p2a: Iron Valiant|ability: Quark Drive\n|-start|p2a: Iron Valiant|quarkdrivespe\n|move|p1a: Fear|Will-O-Wisp|p2a: Iron Valiant\n|-status|p2a: Iron Valiant|brn\n|\n|-damage|p2a: Iron Valiant|94\/100 brn|[from] brn\n|upkeep\n|turn|21\n|\n|t:|1698578867\n|move|p2a: Iron Valiant|Calm Mind|p2a: Iron Valiant\n|-boost|p2a: Iron Valiant|spa|1\n|-boost|p2a: Iron Valiant|spd|1\n|move|p1a: Fear|Hex|p2a: Iron Valiant\n|-damage|p2a: Iron Valiant|70\/100 brn\n|\n|-damage|p2a: Iron Valiant|64\/100 brn|[from] brn\n|upkeep\n|turn|22\n|\n|t:|1698578877\n|move|p2a: Iron Valiant|Moonblast|p1a: Fear\n|-supereffective|p1a: Fear\n|-damage|p1a: Fear|0 fnt\n|faint|p1a: Fear\n|\n|-damage|p2a: Iron Valiant|58\/100 brn|[from] brn\n|-fieldend|move: Electric Terrain\n|-end|p2a: Iron Valiant|Quark Drive\n|upkeep\n|-enditem|p2a: Iron Valiant|Booster Energy\n|-activate|p2a: Iron Valiant|ability: Quark Drive|[fromitem]\n|-start|p2a: Iron Valiant|quarkdrivespa\n|\n|t:|1698578879\n|switch|p1a: Iron Pride Icon|Iron Valiant, shiny|100\/100\n|-enditem|p1a: Iron Pride Icon|Booster Energy\n|-activate|p1a: Iron Pride Icon|ability: Quark Drive|[fromitem]\n|-start|p1a: Iron Pride Icon|quarkdrivespe\n|turn|23\n|c|\u2606Just B3A$T|gg\n|\n|t:|1698578893\n|-terastallize|p1a: Iron Pride Icon|Steel\n|-terastallize|p2a: Iron Valiant|Electric\n|move|p1a: Iron Pride Icon|Swords Dance|p1a: Iron Pride Icon\n|-boost|p1a: Iron Pride Icon|atk|2\n|move|p2a: Iron Valiant|Moonblast|p1a: Iron Pride Icon\n|-resisted|p1a: Iron Pride Icon\n|-damage|p1a: Iron Pride Icon|8\/100\n|\n|-damage|p2a: Iron Valiant|52\/100 brn|[from] brn\n|upkeep\n|turn|24\n|\n|t:|1698578909\n|move|p1a: Iron Pride Icon|Spirit Break|p2a: Iron Valiant\n|-damage|p2a: Iron Valiant|0 fnt\n|faint|p2a: Iron Valiant\n|-end|p2a: Iron Valiant|Quark Drive|[silent]\n|\n|upkeep\n|c|\u2606Dozkek|I lost\n|c|\u2606Dozkek|Ggs\n|c|\u2606Just B3A$T|wait\n|c|\u2606Just B3A$T|nah\n|c|\u2606Just B3A$T|that Lele is Scarg\n|inactive|Dozkek has 150 seconds left.\n|c|\u2606Just B3A$T|*Scarf\n|c|\u2606Just B3A$T|no?\n|\n|t:|1698578929\n|switch|p2a: Tapu Lele|Tapu Lele|100\/100\n|-fieldstart|move: Psychic Terrain|[from] ability: Psychic Surge|[of] p2a: Tapu Lele\n|turn|25\n|inactive|Dozkek has 150 seconds left.\n|\n|t:|1698578941\n|move|p1a: Iron Pride Icon|Poison Jab|p2a: Tapu Lele\n|-supereffective|p2a: Tapu Lele\n|-crit|p2a: Tapu Lele\n|-damage|p2a: Tapu Lele|0 fnt\n|faint|p2a: Tapu Lele\n|\n|-sideend|p2: Dozkek|move: Light Screen\n|upkeep\n|c|\u2606Just B3A$T|damn\n|c|\u2606Dozkek|Nice crit\n|c|\u2606Just B3A$T|it wasn't\n|c|\u2606Just B3A$T|that didn't matter prob\n|\n|t:|1698578957\n|switch|p2a: Tapu Koko|Tapu Koko|86\/100\n|-fieldstart|move: Electric Terrain|[from] ability: Electric Surge|[of] p2a: Tapu Koko\n|turn|26\n|c|\u2606Just B3A$T|Only Light Screen's up\n|c|\u2606Dozkek|Prob\n|c|\u2606Dozkek|Ggs\n|c|\u2606Just B3A$T|Not Reflect\n|c|\u2606Dozkek|I've lost\n|\n|t:|1698578971\n|move|p1a: Iron Pride Icon|Poison Jab|p2a: Tapu Koko\n|-supereffective|p2a: Tapu Koko\n|-damage|p2a: Tapu Koko|0 fnt\n|faint|p2a: Tapu Koko\n|\n|upkeep\n|c|\u2606Just B3A$T|gg\n|\n|t:|1698578975\n|switch|p2a: Altaria|Altaria, F|100\/100\n|turn|27\n|c|\u2606Just B3A$T|IVal is still OU somehow\n|\n|t:|1698578981\n|detailschange|p2a: Altaria|Altaria-Mega, F\n|-mega|p2a: Altaria|Altaria|Altarianite\n|move|p1a: Iron Pride Icon|Poison Jab|p2a: Altaria\n|-supereffective|p2a: Altaria\n|-damage|p2a: Altaria|0 fnt\n|faint|p2a: Altaria\n|\n|win|Just B3A$T\n","uploadtime":1698578990,"views":16,"p1id":"justb3at","p2id":"dozkek","formatid":"gen9nationaldexubers","rating":0,"private":0,"password":""}