{"id":"gen9nationaldexubers-1980951870","p1":"VerduOsane","p2":"stuff and whatnot","format":"[Gen 9] National Dex Ubers","log":"|j|\u2606VerduOsane\n|j|\u2606stuff and whatnot\n|t:|1698851751\n|gametype|singles\n|player|p1|VerduOsane|2|1211\n|player|p2|stuff and whatnot|n|1313\n|teamsize|p1|6\n|teamsize|p2|6\n|gen|9\n|tier|[Gen 9] National Dex Ubers\n|rated|\n|rule|HP Percentage Mod: HP is shown in percentages\n|rule|Endless Battle Clause: Forcing endless battles is banned\n|rule|OHKO Clause: OHKO moves are banned\n|rule|Evasion Moves Clause: Evasion moves are banned\n|rule|Evasion Items Clause: Evasion items are banned\n|rule|Species Clause: Limit one of each Pok\u00e9mon\n|rule|Sleep Clause Mod: Limit one foe put to sleep\n|rule|Mega Rayquaza Clause: You cannot mega evolve Rayquaza\n|clearpoke\n|poke|p1|Roaring Moon|\n|poke|p1|Naganadel|\n|poke|p1|Espathra, F|\n|poke|p1|Iron Bundle|\n|poke|p1|Urshifu-*, M|\n|poke|p1|Annihilape, M|\n|poke|p2|Kyurem-White|\n|poke|p2|Metagross|\n|poke|p2|Kyogre|\n|poke|p2|Zacian-*|\n|poke|p2|Arceus-Ground|\n|poke|p2|Lugia|\n|teampreview\n|inactive|Battle timer is ON: inactive players will automatically lose when time's up. (requested by stuff and whatnot)\n|inactive|VerduOsane has 120 seconds left.\n|\n|t:|1698851784\n|start\n|switch|p1a: Naganadel|Naganadel|100\/100\n|switch|p2a: god|Arceus-Ground, shiny|100\/100\n|turn|1\n|\n|t:|1698851796\n|move|p1a: Naganadel|Flamethrower|p2a: god\n|-damage|p2a: god|75\/100\n|-status|p2a: god|brn\n|move|p2a: god|Dragon Dance|p2a: god\n|-boost|p2a: god|atk|1\n|-boost|p2a: god|spe|1\n|\n|-damage|p2a: god|69\/100 brn|[from] brn\n|upkeep\n|turn|2\n|\n|t:|1698851808\n|move|p2a: god|Dragon Dance|p2a: god\n|-boost|p2a: god|atk|1\n|-boost|p2a: god|spe|1\n|move|p1a: Naganadel|Nasty Plot|p1a: Naganadel\n|-boost|p1a: Naganadel|spa|2\n|\n|-damage|p2a: god|63\/100 brn|[from] brn\n|upkeep\n|turn|3\n|\n|t:|1698851816\n|move|p2a: god|Earthquake|p1a: Naganadel\n|-supereffective|p1a: Naganadel\n|-enditem|p1a: Naganadel|Focus Sash\n|-damage|p1a: Naganadel|1\/100\n|move|p1a: Naganadel|Draco Meteor|p2a: god\n|-damage|p2a: god|0 fnt\n|-unboost|p1a: Naganadel|spa|2\n|faint|p2a: god\n|-ability|p1a: Naganadel|Beast Boost|boost\n|-boost|p1a: Naganadel|spe|1\n|\n|upkeep\n|\n|t:|1698851828\n|switch|p2a: shiiiiiiny|Metagross, shiny|100\/100\n|turn|4\n|\n|t:|1698851834\n|detailschange|p2a: shiiiiiiny|Metagross-Mega, shiny\n|-mega|p2a: shiiiiiiny|Metagross|Metagrossite\n|move|p2a: shiiiiiiny|Bullet Punch|p1a: Naganadel\n|-damage|p1a: Naganadel|0 fnt\n|faint|p1a: Naganadel\n|\n|upkeep\n|\n|t:|1698851840\n|switch|p1a: Roaring Moon|Roaring Moon|100\/100\n|-enditem|p1a: Roaring Moon|Booster Energy\n|-activate|p1a: Roaring Moon|ability: Protosynthesis|[fromitem]\n|-start|p1a: Roaring Moon|protosynthesisatk\n|turn|5\n|\n|t:|1698851849\n|move|p1a: Roaring Moon|Knock Off|p2a: shiiiiiiny\n|-supereffective|p2a: shiiiiiiny\n|-damage|p2a: shiiiiiiny|25\/100\n|move|p2a: shiiiiiiny|Brick Break|p1a: Roaring Moon\n|-supereffective|p1a: Roaring Moon\n|-damage|p1a: Roaring Moon|7\/100\n|\n|upkeep\n|turn|6\n|\n|t:|1698851855\n|move|p2a: shiiiiiiny|Bullet Punch|p1a: Roaring Moon\n|-damage|p1a: Roaring Moon|0 fnt\n|faint|p1a: Roaring Moon\n|-end|p1a: Roaring Moon|Protosynthesis|[silent]\n|\n|upkeep\n|c|\u2606VerduOsane|welp, I just fucking lose\n|\n|t:|1698851871\n|switch|p1a: Iron Bundle|Iron Bundle|100\/100\n|-enditem|p1a: Iron Bundle|Booster Energy\n|-activate|p1a: Iron Bundle|ability: Quark Drive|[fromitem]\n|-start|p1a: Iron Bundle|quarkdrivespe\n|turn|7\n|\n|t:|1698851885\n|move|p2a: shiiiiiiny|Bullet Punch|p1a: Iron Bundle\n|-damage|p1a: Iron Bundle|66\/100\n|move|p1a: Iron Bundle|Hydro Pump|p2a: shiiiiiiny\n|-damage|p2a: shiiiiiiny|0 fnt\n|faint|p2a: shiiiiiiny\n|\n|upkeep\n|\n|t:|1698851901\n|switch|p2a: medieval furry|Zacian-Crowned, shiny|100\/100\n|-ability|p2a: medieval furry|Intrepid Sword|boost\n|-boost|p2a: medieval furry|atk|1\n|turn|8\n|\n|t:|1698851907\n|move|p1a: Iron Bundle|Hydro Pump|p2a: medieval furry\n|-damage|p2a: medieval furry|53\/100\n|move|p2a: medieval furry|Sacred Sword|p1a: Iron Bundle\n|-supereffective|p1a: Iron Bundle\n|-damage|p1a: Iron Bundle|0 fnt\n|faint|p1a: Iron Bundle\n|-end|p1a: Iron Bundle|Quark Drive|[silent]\n|\n|upkeep\n|\n|t:|1698851914\n|switch|p1a: Urshifu|Urshifu-Rapid-Strike, M|100\/100\n|turn|9\n|\n|t:|1698851923\n|-terastallize|p1a: Urshifu|Water\n|move|p2a: medieval furry|Play Rough|p1a: Urshifu\n|-damage|p1a: Urshifu|27\/100\n|move|p1a: Urshifu|Trailblaze|p2a: medieval furry\n|-resisted|p2a: medieval furry\n|-damage|p2a: medieval furry|45\/100\n|-boost|p1a: Urshifu|spe|1\n|\n|upkeep\n|turn|10\n|\n|t:|1698851934\n|move|p2a: medieval furry|Quick Attack|p1a: Urshifu\n|-damage|p1a: Urshifu|3\/100\n|move|p1a: Urshifu|Surging Strikes|p2a: medieval furry\n|-crit|p2a: medieval furry\n|-damage|p2a: medieval furry|20\/100\n|-crit|p2a: medieval furry\n|-damage|p2a: medieval furry|0 fnt\n|faint|p2a: medieval furry\n|-hitcount|p2: medieval furry|2\n|\n|upkeep\n|\n|t:|1698851950\n|switch|p2a: ho oh|Lugia|100\/100\n|-ability|p2a: ho oh|Pressure\n|turn|11\n|\n|t:|1698851961\n|move|p1a: Urshifu|Surging Strikes|p2a: ho oh\n|-crit|p2a: ho oh\n|-damage|p2a: ho oh|87\/100\n|-crit|p2a: ho oh\n|-damage|p2a: ho oh|72\/100\n|-crit|p2a: ho oh\n|-damage|p2a: ho oh|56\/100\n|-hitcount|p2a: ho oh|3\n|move|p2a: ho oh|Aeroblast|p1a: Urshifu\n|-damage|p1a: Urshifu|0 fnt\n|faint|p1a: Urshifu\n|\n|-heal|p2a: ho oh|63\/100|[from] item: Leftovers\n|upkeep\n|\n|t:|1698851967\n|switch|p1a: Espathra|Espathra, F|100\/100\n|turn|12\n|\n|t:|1698851976\n|move|p1a: Espathra|Protect|p1a: Espathra\n|-singleturn|p1a: Espathra|Protect\n|move|p2a: ho oh|Calm Mind|p2a: ho oh\n|-boost|p2a: ho oh|spa|1\n|-boost|p2a: ho oh|spd|1\n|-enditem|p1a: Espathra|Mirror Herb\n|-boost|p1a: Espathra|spa|1|[from] item: Mirror Herb\n|-boost|p1a: Espathra|spd|1|[from] item: Mirror Herb\n|\n|-heal|p2a: ho oh|69\/100|[from] item: Leftovers\n|-ability|p1a: Espathra|Speed Boost|boost\n|-boost|p1a: Espathra|spe|1\n|upkeep\n|turn|13\n|\n|t:|1698851991\n|move|p1a: Espathra|Calm Mind|p1a: Espathra\n|-boost|p1a: Espathra|spa|1\n|-boost|p1a: Espathra|spd|1\n|move|p2a: ho oh|Aeroblast|p1a: Espathra|[miss]\n|-miss|p2a: ho oh|p1a: Espathra\n|\n|-heal|p2a: ho oh|75\/100|[from] item: Leftovers\n|-ability|p1a: Espathra|Speed Boost|boost\n|-boost|p1a: Espathra|spe|1\n|upkeep\n|turn|14\n|\n|t:|1698852005\n|move|p1a: Espathra|Calm Mind|p1a: Espathra\n|-boost|p1a: Espathra|spa|1\n|-boost|p1a: Espathra|spd|1\n|move|p2a: ho oh|Calm Mind|p2a: ho oh\n|-boost|p2a: ho oh|spa|1\n|-boost|p2a: ho oh|spd|1\n|\n|-heal|p2a: ho oh|81\/100|[from] item: Leftovers\n|-ability|p1a: Espathra|Speed Boost|boost\n|-boost|p1a: Espathra|spe|1\n|upkeep\n|turn|15\n|\n|t:|1698852013\n|move|p1a: Espathra|Calm Mind|p1a: Espathra\n|-boost|p1a: Espathra|spa|1\n|-boost|p1a: Espathra|spd|1\n|move|p2a: ho oh|Calm Mind|p2a: ho oh\n|-boost|p2a: ho oh|spa|1\n|-boost|p2a: ho oh|spd|1\n|\n|-heal|p2a: ho oh|88\/100|[from] item: Leftovers\n|-ability|p1a: Espathra|Speed Boost|boost\n|-boost|p1a: Espathra|spe|1\n|upkeep\n|turn|16\n|\n|t:|1698852023\n|move|p1a: Espathra|Calm Mind|p1a: Espathra\n|-boost|p1a: Espathra|spa|1\n|-boost|p1a: Espathra|spd|1\n|move|p2a: ho oh|Calm Mind|p2a: ho oh\n|-boost|p2a: ho oh|spa|1\n|-boost|p2a: ho oh|spd|1\n|\n|-heal|p2a: ho oh|94\/100|[from] item: Leftovers\n|-ability|p1a: Espathra|Speed Boost|boost\n|-boost|p1a: Espathra|spe|1\n|upkeep\n|turn|17\n|\n|t:|1698852031\n|move|p1a: Espathra|Stored Power|p2a: ho oh\n|-resisted|p2a: ho oh\n|-damage|p2a: ho oh|47\/100\n|move|p2a: ho oh|Calm Mind|p2a: ho oh\n|-boost|p2a: ho oh|spa|1\n|-boost|p2a: ho oh|spd|1\n|\n|-heal|p2a: ho oh|53\/100|[from] item: Leftovers\n|-ability|p1a: Espathra|Speed Boost|boost\n|-boost|p1a: Espathra|spe|1\n|upkeep\n|turn|18\n|\n|t:|1698852042\n|move|p1a: Espathra|Calm Mind|p1a: Espathra\n|-boost|p1a: Espathra|spa|1\n|-boost|p1a: Espathra|spd|1\n|move|p2a: ho oh|Roost|p2a: ho oh\n|-heal|p2a: ho oh|100\/100\n|-singleturn|p2a: ho oh|move: Roost\n|\n|upkeep\n|turn|19\n|\n|t:|1698852049\n|move|p1a: Espathra|Stored Power|p2a: ho oh\n|-resisted|p2a: ho oh\n|-damage|p2a: ho oh|50\/100\n|move|p2a: ho oh|Calm Mind|p2a: ho oh\n|-boost|p2a: ho oh|spa|1\n|-boost|p2a: ho oh|spd|1\n|\n|-heal|p2a: ho oh|56\/100|[from] item: Leftovers\n|upkeep\n|turn|20\n|\n|t:|1698852056\n|move|p1a: Espathra|Stored Power|p2a: ho oh\n|-resisted|p2a: ho oh\n|-damage|p2a: ho oh|7\/100\n|move|p2a: ho oh|Roost|p2a: ho oh\n|-heal|p2a: ho oh|57\/100\n|-singleturn|p2a: ho oh|move: Roost\n|\n|-heal|p2a: ho oh|63\/100|[from] item: Leftovers\n|upkeep\n|turn|21\n|\n|t:|1698852066\n|move|p1a: Espathra|Dazzling Gleam|p2a: ho oh\n|-damage|p2a: ho oh|51\/100\n|move|p2a: ho oh|Roost|p2a: ho oh\n|-heal|p2a: ho oh|100\/100\n|-singleturn|p2a: ho oh|move: Roost\n|\n|upkeep\n|turn|22\n|\n|t:|1698852073\n|move|p1a: Espathra|Stored Power|p2a: ho oh\n|-resisted|p2a: ho oh\n|-damage|p2a: ho oh|53\/100\n|move|p2a: ho oh|Aeroblast|p1a: Espathra\n|-damage|p1a: Espathra|51\/100\n|\n|-heal|p2a: ho oh|59\/100|[from] item: Leftovers\n|upkeep\n|turn|23\n|\n|t:|1698852081\n|move|p1a: Espathra|Stored Power|p2a: ho oh\n|-resisted|p2a: ho oh\n|-damage|p2a: ho oh|8\/100\n|move|p2a: ho oh|Aeroblast|p1a: Espathra\n|-damage|p1a: Espathra|4\/100\n|\n|-heal|p2a: ho oh|15\/100|[from] item: Leftovers\n|upkeep\n|turn|24\n|\n|t:|1698852093\n|move|p1a: Espathra|Stored Power|p2a: ho oh\n|-resisted|p2a: ho oh\n|-damage|p2a: ho oh|0 fnt\n|faint|p2a: ho oh\n|\n|upkeep\n|\n|t:|1698852106\n|switch|p2a: whale|Kyogre|100\/100\n|detailschange|p2a: whale|Kyogre-Primal\n|-primal|p2a: whale|Blue Orb\n|-weather|PrimordialSea|[from] ability: Primordial Sea|[of] p2a: whale\n|turn|25\n|c|\u2606stuff and whatnot|gg\n|\n|t:|1698852113\n|move|p1a: Espathra|Stored Power|p2a: whale\n|-damage|p2a: whale|0 fnt\n|faint|p2a: whale\n|-weather|none\n|\n|upkeep\n|\n|t:|1698852118\n|switch|p2a: mr cuddles|Kyurem-White, shiny|100\/100\n|-ability|p2a: mr cuddles|Turboblaze\n|turn|26\n|c|\u2606VerduOsane|gg..\n|\n|t:|1698852126\n|-terastallize|p2a: mr cuddles|Dragon\n|move|p1a: Espathra|Stored Power|p2a: mr cuddles\n|-damage|p2a: mr cuddles|0 fnt\n|faint|p2a: mr cuddles\n|\n|win|VerduOsane\n|raw|VerduOsane's rating: 1211 &rarr; <strong>1243<\/strong><br \/>(+32 for winning)\n|raw|stuff and whatnot's rating: 1313 &rarr; <strong>1287<\/strong><br \/>(-26 for losing)\n|l|\u2606stuff and whatnot\n|l|\u2606VerduOsane\n|j|\u2606VerduOsane\n|player|p1|VerduOsane|2\n","uploadtime":1698852142,"views":10,"p1id":"verduosane","p2id":"stuffandwhatnot","formatid":"gen9nationaldexubers","rating":1243,"private":0,"password":""}