{"id":"gen9nationaldexubers-1993979866","p1":"Trainitar3","p2":"Minaisok","format":"[Gen 9] National Dex Ubers","log":"|j|\u2606Trainitar3\n|j|\u2606Minaisok\n|t:|1700387286\n|gametype|singles\n|player|p1|Trainitar3|ninjaboy|1190\n|player|p2|Minaisok|266|1261\n|teamsize|p1|6\n|teamsize|p2|6\n|gen|9\n|tier|[Gen 9] National Dex Ubers\n|rated|\n|rule|HP Percentage Mod: HP is shown in percentages\n|rule|Endless Battle Clause: Forcing endless battles is banned\n|rule|OHKO Clause: OHKO moves are banned\n|rule|Evasion Moves Clause: Evasion moves are banned\n|rule|Evasion Items Clause: Evasion items are banned\n|rule|Species Clause: Limit one of each Pok\u00e9mon\n|rule|Sleep Clause Mod: Limit one foe put to sleep\n|rule|Mega Rayquaza Clause: You cannot mega evolve Rayquaza\n|clearpoke\n|poke|p1|Xerneas-*|\n|poke|p1|Marshadow|\n|poke|p1|Groudon|\n|poke|p1|Deoxys-Speed|\n|poke|p1|Necrozma-Dusk-Mane|\n|poke|p1|Pheromosa|\n|poke|p2|Alakazam, M|\n|poke|p2|Indeedee-F, F|\n|poke|p2|Yveltal|\n|poke|p2|Goodra-Hisui, M|\n|poke|p2|Palafin, M|\n|poke|p2|Ferrothorn, M|\n|teampreview\n|inactive|Battle timer is ON: inactive players will automatically lose when time's up. (requested by Trainitar3)\n|\n|t:|1700387291\n|start\n|switch|p1a: Deoxys|Deoxys-Speed, shiny|100\/100\n|switch|p2a: Palafin|Palafin, M|100\/100\n|-ability|p1a: Deoxys|Pressure\n|turn|1\n|c|\u2606Minaisok|Glhf\n|\n|t:|1700387300\n|-terastallize|p2a: Palafin|Water\n|move|p1a: Deoxys|Stealth Rock|p2a: Palafin\n|-sidestart|p2: Minaisok|move: Stealth Rock\n|move|p2a: Palafin|Flip Turn|p1a: Deoxys\n|-damage|p1a: Deoxys|51\/100\n|\n|t:|1700387307\n|detailschange|p2a: Palafin|Palafin-Hero, M, tera:Water\n|switch|p2a: Yveltal|Yveltal, shiny|100\/100|[from] Flip Turn\n|-ability|p2a: Yveltal|Dark Aura\n|\n|upkeep\n|turn|2\n|\n|t:|1700387315\n|move|p1a: Deoxys|Taunt|p2a: Yveltal\n|-start|p2a: Yveltal|move: Taunt\n|cant|p2a: Yveltal|move: Taunt|Defog\n|\n|upkeep\n|turn|3\n|\n|t:|1700387320\n|move|p1a: Deoxys|Spikes|p2a: Yveltal\n|-sidestart|p2: Minaisok|Spikes\n|move|p2a: Yveltal|Knock Off|p1a: Deoxys\n|-supereffective|p1a: Deoxys\n|-damage|p1a: Deoxys|0 fnt\n|-enditem|p1a: Deoxys|Focus Sash|[from] move: Knock Off|[of] p2a: Yveltal\n|faint|p1a: Deoxys\n|\n|upkeep\n|\n|t:|1700387332\n|switch|p1a: Xerneas|Xerneas|100\/100\n|-ability|p1a: Xerneas|Fairy Aura\n|turn|4\n|\n|t:|1700387337\n|move|p1a: Xerneas|Geomancy||[still]\n|-prepare|p1a: Xerneas|Geomancy\n|-enditem|p1a: Xerneas|Power Herb\n|-anim|p1a: Xerneas|Geomancy|p1a: Xerneas\n|-boost|p1a: Xerneas|spa|2\n|-boost|p1a: Xerneas|spd|2\n|-boost|p1a: Xerneas|spe|2\n|move|p2a: Yveltal|Knock Off|p1a: Xerneas\n|-resisted|p1a: Xerneas\n|-damage|p1a: Xerneas|86\/100\n|\n|-end|p2a: Yveltal|move: Taunt\n|upkeep\n|turn|5\n|\n|t:|1700387349\n|switch|p2a: Ferrothorn|Ferrothorn, M, shiny|100\/100\n|-damage|p2a: Ferrothorn|94\/100|[from] Stealth Rock\n|-damage|p2a: Ferrothorn|82\/100|[from] Spikes\n|move|p1a: Xerneas|Moonblast|p2a: Ferrothorn\n|-resisted|p2a: Ferrothorn\n|-damage|p2a: Ferrothorn|23\/100\n|-unboost|p2a: Ferrothorn|spa|1\n|\n|upkeep\n|turn|6\n|\n|t:|1700387360\n|move|p1a: Xerneas|Moonblast|p2a: Ferrothorn\n|-resisted|p2a: Ferrothorn\n|-damage|p2a: Ferrothorn|0 fnt\n|faint|p2a: Ferrothorn\n|\n|upkeep\n|\n|t:|1700387365\n|switch|p2a: Goodra|Goodra-Hisui, M|100\/100\n|-damage|p2a: Goodra|94\/100|[from] Stealth Rock\n|-damage|p2a: Goodra|82\/100|[from] Spikes\n|turn|7\n|\n|t:|1700387372\n|move|p1a: Xerneas|Moonblast|p2a: Goodra\n|-damage|p2a: Goodra|32\/100\n|-unboost|p2a: Goodra|spa|1\n|move|p2a: Goodra|Sludge Wave|p1a: Xerneas\n|-supereffective|p1a: Xerneas\n|-damage|p1a: Xerneas|73\/100\n|\n|upkeep\n|turn|8\n|-message|Minaisok forfeited.\n|\n|win|Trainitar3\n|raw|Trainitar3's rating: 1190 &rarr; <strong>1220<\/strong><br \/>(+30 for winning)\n|raw|Minaisok's rating: 1261 &rarr; <strong>1231<\/strong><br \/>(-30 for losing)\n|l|\u2606Minaisok\n","uploadtime":1700387384,"views":6,"p1id":"trainitar3","p2id":"minaisok","formatid":"gen9nationaldexubers","rating":1220,"private":0,"password":""}