{"id":"gen9nationaldexubers-1979033721","p1":"Godspeed06","p2":"Dabigmurph","format":"[Gen 9] National Dex Ubers","log":"|j|\u2606Godspeed06\n|j|\u2606Dabigmurph\n|t:|1698623711\n|gametype|singles\n|player|p1|Godspeed06|sabrina|1318\n|player|p2|Dabigmurph|hiker-gen4|1427\n|teamsize|p1|6\n|teamsize|p2|6\n|gen|9\n|tier|[Gen 9] National Dex Ubers\n|rated|\n|rule|HP Percentage Mod: HP is shown in percentages\n|rule|Endless Battle Clause: Forcing endless battles is banned\n|rule|OHKO Clause: OHKO moves are banned\n|rule|Evasion Moves Clause: Evasion moves are banned\n|rule|Evasion Items Clause: Evasion items are banned\n|rule|Species Clause: Limit one of each Pok\u00e9mon\n|rule|Sleep Clause Mod: Limit one foe put to sleep\n|rule|Mega Rayquaza Clause: You cannot mega evolve Rayquaza\n|clearpoke\n|poke|p1|Genesect|\n|poke|p1|Scizor, F|\n|poke|p1|Annihilape, M|\n|poke|p1|Arceus-Poison|\n|poke|p1|Zacian-*|\n|poke|p1|Rotom-Heat|\n|poke|p2|Grimmsnarl, M|\n|poke|p2|Annihilape, M|\n|poke|p2|Corviknight, F|\n|poke|p2|Zacian-*|\n|poke|p2|Chi-Yu|\n|poke|p2|Flutter Mane|\n|teampreview\n|\n|t:|1698623722\n|start\n|switch|p1a: Genesect|Genesect|100\/100\n|switch|p2a: Grimmsnarl|Grimmsnarl, M|100\/100\n|-ability|p1a: Genesect|Download|boost\n|-boost|p1a: Genesect|atk|1\n|turn|1\n|\n|t:|1698623726\n|move|p2a: Grimmsnarl|Taunt|p1a: Genesect\n|-start|p1a: Genesect|move: Taunt\n|move|p1a: Genesect|Iron Head|p2a: Grimmsnarl\n|-supereffective|p2a: Grimmsnarl\n|-damage|p2a: Grimmsnarl|0 fnt\n|faint|p2a: Grimmsnarl\n|\n|upkeep\n|\n|t:|1698623736\n|switch|p2a: Corviknight|Corviknight, F|100\/100\n|-ability|p2a: Corviknight|Pressure\n|turn|2\n|\n|t:|1698623740\n|move|p1a: Genesect|Iron Head|p2a: Corviknight\n|-resisted|p2a: Corviknight\n|-damage|p2a: Corviknight|84\/100\n|move|p2a: Corviknight|U-turn|p1a: Genesect\n|-resisted|p1a: Genesect\n|-damage|p1a: Genesect|90\/100\n|\n|t:|1698623742\n|switch|p2a: Chi-Yu|Chi-Yu|100\/100|[from] U-turn\n|-ability|p2a: Chi-Yu|Beads of Ruin\n|\n|upkeep\n|turn|3\n|\n|t:|1698623751\n|switch|p1a: Rotom|Rotom-Heat|100\/100\n|move|p2a: Chi-Yu|Flame Charge|p1a: Rotom\n|-resisted|p1a: Rotom\n|-crit|p1a: Rotom\n|-damage|p1a: Rotom|85\/100\n|-boost|p2a: Chi-Yu|spe|1\n|\n|upkeep\n|turn|4\n|\n|t:|1698623757\n|move|p2a: Chi-Yu|Nasty Plot|p2a: Chi-Yu\n|-boost|p2a: Chi-Yu|spa|2\n|move|p1a: Rotom|Trick|p2a: Chi-Yu\n|-activate|p1a: Rotom|move: Trick|[of] p2a: Chi-Yu\n|-item|p2a: Chi-Yu|Choice Scarf|[from] move: Trick\n|-item|p1a: Rotom|Shell Bell|[from] move: Trick\n|\n|upkeep\n|turn|5\n|\n|t:|1698623772\n|switch|p1a: Annihilape|Annihilape, M|100\/100\n|-terastallize|p2a: Chi-Yu|Fire\n|move|p2a: Chi-Yu|Flamethrower|p1a: Annihilape\n|-damage|p1a: Annihilape|0 fnt\n|faint|p1a: Annihilape\n|\n|upkeep\n|\n|t:|1698623784\n|switch|p1a: Genesect|Genesect|90\/100\n|-ability|p1a: Genesect|Download|boost\n|-boost|p1a: Genesect|atk|1\n|turn|6\n|\n|t:|1698623788\n|move|p2a: Chi-Yu|Flamethrower|p1a: Genesect\n|-supereffective|p1a: Genesect\n|-damage|p1a: Genesect|0 fnt\n|faint|p1a: Genesect\n|\n|upkeep\n|\n|t:|1698623791\n|switch|p1a: Arceus|Arceus-Poison|100\/100\n|turn|7\n|\n|t:|1698623796\n|move|p2a: Chi-Yu|Flamethrower|p1a: Arceus\n|-damage|p1a: Arceus|0 fnt\n|faint|p1a: Arceus\n|\n|upkeep\n|-message|Godspeed06 forfeited.\n|\n|win|Dabigmurph\n|raw|Godspeed06's rating: 1318 &rarr; <strong>1304<\/strong><br \/>(-14 for losing)\n|raw|Dabigmurph's rating: 1427 &rarr; <strong>1441<\/strong><br \/>(+14 for winning)\n","uploadtime":1698623809,"views":10,"p1id":"godspeed06","p2id":"dabigmurph","formatid":"gen9nationaldexubers","rating":1304,"private":0,"password":""}