{"id":"gen9nationaldexubers-1990882125","p1":"85792195wwww","p2":"vegdog","format":"[Gen 9] National Dex Ubers","log":"|j|\u260685792195wwww\n|j|\u2606vegdog\n|t:|1700010964\n|gametype|singles\n|player|p1|85792195wwww|mira|1785\n|player|p2|vegdog|102|1588\n|teamsize|p1|6\n|teamsize|p2|6\n|gen|9\n|tier|[Gen 9] National Dex Ubers\n|rated|\n|rule|HP Percentage Mod: HP is shown in percentages\n|rule|Endless Battle Clause: Forcing endless battles is banned\n|rule|OHKO Clause: OHKO moves are banned\n|rule|Evasion Moves Clause: Evasion moves are banned\n|rule|Evasion Items Clause: Evasion items are banned\n|rule|Species Clause: Limit one of each Pok\u00e9mon\n|rule|Sleep Clause Mod: Limit one foe put to sleep\n|rule|Mega Rayquaza Clause: You cannot mega evolve Rayquaza\n|clearpoke\n|poke|p1|Xerneas-*|\n|poke|p1|Deoxys-Speed|\n|poke|p1|Zacian-*|\n|poke|p1|Arceus|\n|poke|p1|Groudon|\n|poke|p1|Zekrom|\n|poke|p2|Glimmora, F|\n|poke|p2|Necrozma-Dusk-Mane|\n|poke|p2|Arceus-Dark|\n|poke|p2|Groudon|\n|poke|p2|Xerneas-*|\n|poke|p2|Marshadow|\n|teampreview\n|\n|t:|1700010977\n|start\n|switch|p1a: Deoxys|Deoxys-Speed|100\/100\n|switch|p2a: Glimmora|Glimmora, F|100\/100\n|-ability|p1a: Deoxys|Pressure\n|turn|1\n|\n|t:|1700011007\n|move|p1a: Deoxys|Psycho Boost|p2a: Glimmora\n|-supereffective|p2a: Glimmora\n|-enditem|p2a: Glimmora|Focus Sash\n|-damage|p2a: Glimmora|1\/100\n|-unboost|p1a: Deoxys|spa|2\n|move|p2a: Glimmora|Mortal Spin|p1a: Deoxys\n|-damage|p1a: Deoxys|93\/100\n|-status|p1a: Deoxys|psn\n|-damage|p2a: Glimmora|0 fnt|[from] item: Rocky Helmet|[of] p1a: Deoxys\n|faint|p2a: Glimmora\n|\n|-damage|p1a: Deoxys|81\/100 psn|[from] psn\n|upkeep\n|\n|t:|1700011025\n|switch|p2a: Necrozma|Necrozma-Dusk-Mane|100\/100\n|turn|2\n|\n|t:|1700011030\n|move|p1a: Deoxys|Taunt|p2a: Necrozma\n|-start|p2a: Necrozma|move: Taunt\n|cant|p2a: Necrozma|move: Taunt|Dragon Dance\n|\n|-damage|p1a: Deoxys|69\/100 psn|[from] psn\n|upkeep\n|turn|3\n|\n|t:|1700011038\n|move|p1a: Deoxys|Stealth Rock|p2a: Necrozma\n|-sidestart|p2: vegdog|move: Stealth Rock\n|move|p2a: Necrozma|Sunsteel Strike|p1a: Deoxys\n|-damage|p1a: Deoxys|4\/100 psn\n|-damage|p2a: Necrozma|84\/100|[from] item: Rocky Helmet|[of] p1a: Deoxys\n|\n|-damage|p1a: Deoxys|0 fnt|[from] psn\n|faint|p1a: Deoxys\n|upkeep\n|\n|t:|1700011057\n|switch|p1a: Zacian|Zacian-Crowned|100\/100\n|-ability|p1a: Zacian|Intrepid Sword|boost\n|-boost|p1a: Zacian|atk|1\n|turn|4\n|\n|t:|1700011079\n|move|p1a: Zacian|Swords Dance|p1a: Zacian\n|-boost|p1a: Zacian|atk|2\n|-zpower|p2a: Necrozma\n|move|p2a: Necrozma|Searing Sunraze Smash|p1a: Zacian|[zeffect]\n|-damage|p1a: Zacian|0 fnt\n|faint|p1a: Zacian\n|\n|-end|p2a: Necrozma|move: Taunt\n|upkeep\n|l|\u2606vegdog\n|player|p2|\n|\n|t:|1700011098\n|switch|p1a: Zekrom|Zekrom|100\/100\n|-ability|p1a: Zekrom|Teravolt\n|turn|5\n|j|\u2606vegdog\n|player|p2|vegdog|102\n|\n|t:|1700011108\n|move|p1a: Zekrom|Dragon Dance|p1a: Zekrom\n|-boost|p1a: Zekrom|atk|1\n|-boost|p1a: Zekrom|spe|1\n|move|p2a: Necrozma|Dragon Dance|p2a: Necrozma\n|-boost|p2a: Necrozma|atk|1\n|-boost|p2a: Necrozma|spe|1\n|\n|upkeep\n|turn|6\n|\n|t:|1700011115\n|move|p1a: Zekrom|Bolt Strike|p2a: Necrozma\n|-damage|p2a: Necrozma|0 fnt\n|faint|p2a: Necrozma\n|\n|upkeep\n|\n|t:|1700011122\n|switch|p2a: Groudon|Groudon|100\/100\n|-damage|p2a: Groudon|94\/100|[from] Stealth Rock\n|detailschange|p2a: Groudon|Groudon-Primal\n|-primal|p2a: Groudon|Red Orb\n|-weather|DesolateLand|[from] ability: Desolate Land|[of] p2a: Groudon\n|turn|7\n|\n|t:|1700011129\n|-zpower|p1a: Zekrom\n|move|p1a: Zekrom|Devastating Drake|p2a: Groudon|[zeffect]\n|-damage|p2a: Groudon|0 fnt\n|faint|p2a: Groudon\n|-weather|none\n|\n|upkeep\n|\n|t:|1700011137\n|switch|p2a: Marshadow|Marshadow|100\/100\n|-damage|p2a: Marshadow|94\/100|[from] Stealth Rock\n|turn|8\n|\n|t:|1700011143\n|move|p1a: Zekrom|Bolt Strike|p2a: Marshadow|[miss]\n|-miss|p1a: Zekrom|p2a: Marshadow\n|move|p2a: Marshadow|Poltergeist|p1a: Zekrom\n|-activate|p1a: Zekrom|move: Poltergeist|Dragonium Z\n|-damage|p1a: Zekrom|19\/100\n|\n|upkeep\n|turn|9\n|\n|t:|1700011157\n|switch|p2a: Arceus|Arceus-Dark|100\/100\n|-damage|p2a: Arceus|88\/100|[from] Stealth Rock\n|move|p1a: Zekrom|Bolt Strike|p2a: Arceus\n|-damage|p2a: Arceus|14\/100\n|\n|upkeep\n|turn|10\n|\n|t:|1700011165\n|move|p1a: Zekrom|Bolt Strike|p2a: Arceus\n|-damage|p2a: Arceus|0 fnt\n|faint|p2a: Arceus\n|\n|upkeep\n|\n|t:|1700011167\n|switch|p2a: Marshadow|Marshadow|94\/100\n|-damage|p2a: Marshadow|88\/100|[from] Stealth Rock\n|turn|11\n|\n|t:|1700011174\n|move|p2a: Marshadow|Shadow Sneak|p1a: Zekrom\n|-damage|p1a: Zekrom|0 fnt\n|faint|p1a: Zekrom\n|\n|upkeep\n|\n|t:|1700011182\n|switch|p1a: Groudon|Groudon|100\/100\n|detailschange|p1a: Groudon|Groudon-Primal\n|-primal|p1a: Groudon|Red Orb\n|-weather|DesolateLand|[from] ability: Desolate Land|[of] p1a: Groudon\n|turn|12\n|\n|t:|1700011202\n|move|p2a: Marshadow|Shadow Sneak|p1a: Groudon\n|-damage|p1a: Groudon|72\/100\n|move|p1a: Groudon|Rock Polish|p1a: Groudon\n|-boost|p1a: Groudon|spe|2\n|\n|-weather|DesolateLand|[upkeep]\n|upkeep\n|turn|13\n|\n|t:|1700011210\n|move|p2a: Marshadow|Shadow Sneak|p1a: Groudon\n|-damage|p1a: Groudon|41\/100\n|move|p1a: Groudon|Swords Dance|p1a: Groudon\n|-boost|p1a: Groudon|atk|2\n|\n|-weather|DesolateLand|[upkeep]\n|upkeep\n|turn|14\n|\n|t:|1700011216\n|move|p2a: Marshadow|Shadow Sneak|p1a: Groudon\n|-damage|p1a: Groudon|11\/100\n|move|p1a: Groudon|Heat Crash|p2a: Marshadow\n|-damage|p2a: Marshadow|0 fnt\n|faint|p2a: Marshadow\n|\n|-weather|DesolateLand|[upkeep]\n|upkeep\n|\n|t:|1700011218\n|switch|p2a: Xerneas|Xerneas|100\/100\n|-damage|p2a: Xerneas|88\/100|[from] Stealth Rock\n|-ability|p2a: Xerneas|Fairy Aura\n|turn|15\n|\n|t:|1700011228\n|move|p1a: Groudon|Heat Crash|p2a: Xerneas\n|-damage|p2a: Xerneas|0 fnt\n|faint|p2a: Xerneas\n|\n|win|85792195wwww\n|raw|85792195wwww's rating: 1785 &rarr; <strong>1795<\/strong><br \/>(+10 for winning)\n|raw|vegdog's rating: 1588 &rarr; <strong>1578<\/strong><br \/>(-10 for losing)\n","uploadtime":1700011235,"views":7,"p1id":"85792195wwww","p2id":"vegdog","formatid":"gen9nationaldexubers","rating":1578,"private":0,"password":""}