{"id":"gen9nationaldexubers-1980740855","p1":"arafatr871","p2":"85792195wwww","format":"[Gen 9] National Dex Ubers","log":"|j|\u2606arafatr871\n|j|\u203d85792195wwww\n|t:|1698823514\n|gametype|singles\n|player|p1|arafatr871|steven|1651\n|player|p2|85792195wwww|lady|1809\n|teamsize|p1|6\n|teamsize|p2|6\n|gen|9\n|tier|[Gen 9] National Dex Ubers\n|rated|\n|rule|HP Percentage Mod: HP is shown in percentages\n|rule|Endless Battle Clause: Forcing endless battles is banned\n|rule|OHKO Clause: OHKO moves are banned\n|rule|Evasion Moves Clause: Evasion moves are banned\n|rule|Evasion Items Clause: Evasion items are banned\n|rule|Species Clause: Limit one of each Pok\u00e9mon\n|rule|Sleep Clause Mod: Limit one foe put to sleep\n|rule|Mega Rayquaza Clause: You cannot mega evolve Rayquaza\n|clearpoke\n|poke|p1|Groudon|\n|poke|p1|Kyogre|\n|poke|p1|Giratina|\n|poke|p1|Dondozo, M|\n|poke|p1|Yveltal|\n|poke|p1|Eternatus|\n|poke|p2|Xerneas-*|\n|poke|p2|Rayquaza|\n|poke|p2|Zacian-*|\n|poke|p2|Deoxys-Speed|\n|poke|p2|Groudon|\n|poke|p2|Arceus|\n|teampreview\n|inactive|Battle timer is ON: inactive players will automatically lose when time's up. (requested by arafatr871)\n|\n|t:|1698823523\n|start\n|switch|p1a: Yveltal|Yveltal, shiny|100\/100\n|switch|p2a: Xerneas|Xerneas|100\/100\n|-ability|p1a: Yveltal|Dark Aura\n|-ability|p2a: Xerneas|Fairy Aura\n|turn|1\n|\n|t:|1698823532\n|switch|p1a: Groudon|Groudon, shiny|100\/100\n|detailschange|p1a: Groudon|Groudon-Primal, shiny\n|-primal|p1a: Groudon|Red Orb\n|-weather|DesolateLand|[from] ability: Desolate Land|[of] p1a: Groudon\n|move|p2a: Xerneas|Moonblast|p1a: Groudon\n|-resisted|p1a: Groudon\n|-damage|p1a: Groudon|62\/100\n|\n|-weather|DesolateLand|[upkeep]\n|upkeep\n|turn|2\n|\n|t:|1698823542\n|switch|p2a: Rayquaza|Rayquaza|100\/100\n|-ability|p2a: Rayquaza|Air Lock\n|move|p1a: Groudon|Heat Crash|p2a: Rayquaza\n|-resisted|p2a: Rayquaza\n|-damage|p2a: Rayquaza|61\/100\n|\n|-weather|DesolateLand|[upkeep]\n|upkeep\n|turn|3\n|\n|t:|1698823552\n|-weather|none\n|switch|p1a: Dondozo|Dondozo, M, shiny|100\/100\n|-terastallize|p2a: Rayquaza|Flying\n|move|p2a: Rayquaza|Dragon Ascent|p1a: Dondozo\n|-damage|p1a: Dondozo|32\/100\n|-unboost|p2a: Rayquaza|def|1\n|-unboost|p2a: Rayquaza|spd|1\n|\n|-heal|p1a: Dondozo|38\/100|[from] item: Leftovers\n|upkeep\n|turn|4\n|\n|t:|1698823565\n|move|p2a: Rayquaza|Dragon Ascent|p1a: Dondozo\n|-damage|p1a: Dondozo|0 fnt\n|-unboost|p2a: Rayquaza|def|1\n|-unboost|p2a: Rayquaza|spd|1\n|faint|p1a: Dondozo\n|\n|upkeep\n|\n|t:|1698823571\n|switch|p1a: Giratina|Giratina, shiny|100\/100\n|-ability|p1a: Giratina|Pressure\n|turn|5\n|\n|t:|1698823579\n|switch|p2a: Deoxys|Deoxys-Speed|100\/100\n|-ability|p2a: Deoxys|Pressure\n|move|p1a: Giratina|Shadow Sneak|p2a: Deoxys\n|-supereffective|p2a: Deoxys\n|-damage|p2a: Deoxys|72\/100\n|-damage|p1a: Giratina|84\/100|[from] item: Rocky Helmet|[of] p2a: Deoxys\n|\n|-heal|p1a: Giratina|90\/100|[from] item: Leftovers\n|upkeep\n|turn|6\n|\n|t:|1698823590\n|move|p2a: Deoxys|Stealth Rock|p1a: Giratina\n|-sidestart|p1: arafatr871|move: Stealth Rock\n|move|p1a: Giratina|Toxic|p2a: Deoxys\n|-status|p2a: Deoxys|tox\n|\n|-heal|p1a: Giratina|96\/100|[from] item: Leftovers\n|-damage|p2a: Deoxys|66\/100 tox|[from] psn\n|upkeep\n|turn|7\n|\n|t:|1698823599\n|switch|p1a: Yveltal|Yveltal, shiny|100\/100\n|-damage|p1a: Yveltal|76\/100|[from] Stealth Rock\n|-ability|p1a: Yveltal|Dark Aura\n|move|p2a: Deoxys|Knock Off|p1a: Yveltal\n|-resisted|p1a: Yveltal\n|-damage|p1a: Yveltal|63\/100\n|-enditem|p1a: Yveltal|Life Orb|[from] move: Knock Off|[of] p2a: Deoxys\n|\n|-damage|p2a: Deoxys|54\/100 tox|[from] psn\n|upkeep\n|turn|8\n|\n|t:|1698823611\n|move|p2a: Deoxys|Taunt|p1a: Yveltal\n|-start|p1a: Yveltal|move: Taunt\n|move|p1a: Yveltal|Knock Off|p2a: Deoxys\n|-supereffective|p2a: Deoxys\n|-damage|p2a: Deoxys|0 fnt\n|-damage|p1a: Yveltal|47\/100|[from] item: Rocky Helmet|[of] p2a: Deoxys\n|-enditem|p2a: Deoxys|Rocky Helmet|[from] move: Knock Off|[of] p1a: Yveltal\n|faint|p2a: Deoxys\n|\n|upkeep\n|\n|t:|1698823621\n|switch|p2a: Zacian|Zacian-Crowned|100\/100\n|-ability|p2a: Zacian|Intrepid Sword|boost\n|-boost|p2a: Zacian|atk|1\n|turn|9\n|\n|t:|1698823626\n|move|p1a: Yveltal|Sucker Punch||[still]\n|-fail|p1a: Yveltal\n|move|p2a: Zacian|Swords Dance|p2a: Zacian\n|-boost|p2a: Zacian|atk|2\n|\n|upkeep\n|turn|10\n|\n|t:|1698823633\n|move|p2a: Zacian|Swords Dance|p2a: Zacian\n|-boost|p2a: Zacian|atk|2\n|move|p1a: Yveltal|Knock Off|p2a: Zacian\n|-resisted|p2a: Zacian\n|-damage|p2a: Zacian|78\/100\n|\n|-end|p1a: Yveltal|move: Taunt\n|upkeep\n|turn|11\n|\n|t:|1698823643\n|move|p1a: Yveltal|Sucker Punch|p2a: Zacian\n|-resisted|p2a: Zacian\n|-damage|p2a: Zacian|54\/100\n|move|p2a: Zacian|Behemoth Blade|p1a: Yveltal\n|-damage|p1a: Yveltal|0 fnt\n|faint|p1a: Yveltal\n|\n|upkeep\n|\n|t:|1698823647\n|switch|p1a: Giratina|Giratina, shiny|96\/100\n|-damage|p1a: Giratina|84\/100|[from] Stealth Rock\n|-ability|p1a: Giratina|Pressure\n|turn|12\n|\n|t:|1698823657\n|-terastallize|p1a: Giratina|Steel\n|move|p2a: Zacian|Behemoth Blade|p1a: Giratina\n|-resisted|p1a: Giratina\n|-damage|p1a: Giratina|26\/100\n|move|p1a: Giratina|Will-O-Wisp|p2a: Zacian\n|-status|p2a: Zacian|brn\n|\n|-heal|p1a: Giratina|33\/100|[from] item: Leftovers\n|-damage|p2a: Zacian|48\/100 brn|[from] brn\n|upkeep\n|turn|13\n|\n|t:|1698823669\n|move|p1a: Giratina|Protect|p1a: Giratina\n|-singleturn|p1a: Giratina|Protect\n|move|p2a: Zacian|Behemoth Blade|p1a: Giratina\n|-activate|p1a: Giratina|move: Protect\n|\n|-heal|p1a: Giratina|39\/100|[from] item: Leftovers\n|-damage|p2a: Zacian|42\/100 brn|[from] brn\n|upkeep\n|turn|14\n|\n|t:|1698823698\n|move|p1a: Giratina|Shadow Sneak|p2a: Zacian\n|-damage|p2a: Zacian|29\/100 brn\n|move|p2a: Zacian|Behemoth Blade|p1a: Giratina\n|-resisted|p1a: Giratina\n|-damage|p1a: Giratina|10\/100\n|\n|-heal|p1a: Giratina|16\/100|[from] item: Leftovers\n|-damage|p2a: Zacian|23\/100 brn|[from] brn\n|upkeep\n|turn|15\n|\n|t:|1698823709\n|switch|p2a: Rayquaza|Rayquaza, tera:Flying|61\/100\n|-ability|p2a: Rayquaza|Air Lock\n|move|p1a: Giratina|Protect||[still]\n|-fail|p1a: Giratina\n|\n|-heal|p1a: Giratina|22\/100|[from] item: Leftovers\n|upkeep\n|turn|16\n|\n|t:|1698823723\n|move|p1a: Giratina|Shadow Sneak|p2a: Rayquaza\n|-damage|p2a: Rayquaza|46\/100\n|move|p2a: Rayquaza|Earthquake|p1a: Giratina\n|-supereffective|p1a: Giratina\n|-damage|p1a: Giratina|0 fnt\n|faint|p1a: Giratina\n|\n|upkeep\n|\n|t:|1698823736\n|switch|p1a: Kyogre|Kyogre, shiny|100\/100\n|-damage|p1a: Kyogre|88\/100|[from] Stealth Rock\n|detailschange|p1a: Kyogre|Kyogre-Primal, shiny\n|-primal|p1a: Kyogre|Blue Orb\n|-weather|PrimordialSea|[from] ability: Primordial Sea|[of] p1a: Kyogre\n|turn|17\n|\n|t:|1698823743\n|switch|p2a: Zacian|Zacian-Crowned|23\/100 brn\n|move|p1a: Kyogre|Ice Beam|p2a: Zacian\n|-resisted|p2a: Zacian\n|-crit|p2a: Zacian\n|-damage|p2a: Zacian|0 fnt\n|faint|p2a: Zacian\n|\n|-weather|PrimordialSea|[upkeep]\n|upkeep\n|\n|t:|1698823752\n|switch|p2a: Groudon|Groudon|100\/100\n|detailschange|p2a: Groudon|Groudon-Primal\n|-primal|p2a: Groudon|Red Orb\n|-weather|DesolateLand|[from] ability: Desolate Land|[of] p2a: Groudon\n|turn|18\n|\n|t:|1698823758\n|move|p1a: Kyogre|Ice Beam|p2a: Groudon\n|-damage|p2a: Groudon|63\/100\n|move|p2a: Groudon|Rock Polish|p2a: Groudon\n|-boost|p2a: Groudon|spe|2\n|\n|-weather|DesolateLand|[upkeep]\n|upkeep\n|turn|19\n|\n|t:|1698823765\n|move|p2a: Groudon|Precipice Blades|p1a: Kyogre|[miss]\n|-miss|p2a: Groudon|p1a: Kyogre\n|move|p1a: Kyogre|Ice Beam|p2a: Groudon\n|-damage|p2a: Groudon|24\/100\n|\n|-weather|DesolateLand|[upkeep]\n|upkeep\n|turn|20\n|\n|t:|1698823772\n|move|p2a: Groudon|Precipice Blades|p1a: Kyogre\n|-damage|p1a: Kyogre|0 fnt\n|faint|p1a: Kyogre\n|\n|-weather|DesolateLand|[upkeep]\n|upkeep\n|\n|t:|1698823777\n|switch|p1a: Groudon|Groudon-Primal, shiny|62\/100\n|-damage|p1a: Groudon|49\/100|[from] Stealth Rock\n|turn|21\n|\n|t:|1698823782\n|move|p2a: Groudon|Precipice Blades|p1a: Groudon\n|-supereffective|p1a: Groudon\n|-damage|p1a: Groudon|0 fnt\n|faint|p1a: Groudon\n|\n|-weather|DesolateLand|[upkeep]\n|upkeep\n|\n|t:|1698823785\n|switch|p1a: Eternatus|Eternatus|100\/100\n|-damage|p1a: Eternatus|88\/100|[from] Stealth Rock\n|-ability|p1a: Eternatus|Pressure\n|turn|22\n|\n|t:|1698823792\n|move|p2a: Groudon|Precipice Blades|p1a: Eternatus\n|-supereffective|p1a: Eternatus\n|-damage|p1a: Eternatus|0 fnt\n|faint|p1a: Eternatus\n|\n|win|85792195wwww\n|raw|arafatr871's rating: 1651 &rarr; <strong>1640<\/strong><br \/>(-11 for losing)\n|raw|85792195wwww's rating: 1809 &rarr; <strong>1820<\/strong><br \/>(+11 for winning)\n|l|\u2606arafatr871\n","uploadtime":1698823798,"views":9,"p1id":"arafatr871","p2id":"85792195wwww","formatid":"gen9nationaldexubers","rating":1640,"private":0,"password":""}