{"id":"gen9nationaldexubers-1985707476","p1":"Lunar Sloth","p2":"pawket","format":"[Gen 9] National Dex Ubers","log":"|j|\u2606Lunar Sloth\n|j|\u2606pawket\n|t:|1699397798\n|gametype|singles\n|player|p1|Lunar Sloth|marley|\n|player|p2|pawket|bugcatcher-gen4dp|\n|teamsize|p1|6\n|teamsize|p2|6\n|gen|9\n|tier|[Gen 9] National Dex Ubers\n|rule|HP Percentage Mod: HP is shown in percentages\n|rule|Endless Battle Clause: Forcing endless battles is banned\n|rule|OHKO Clause: OHKO moves are banned\n|rule|Evasion Moves Clause: Evasion moves are banned\n|rule|Evasion Items Clause: Evasion items are banned\n|rule|Species Clause: Limit one of each Pok\u00e9mon\n|rule|Sleep Clause Mod: Limit one foe put to sleep\n|rule|Mega Rayquaza Clause: You cannot mega evolve Rayquaza\n|clearpoke\n|poke|p1|Blissey, F|\n|poke|p1|Slowbro, F|\n|poke|p1|Slither Wing|\n|poke|p1|Celesteela|\n|poke|p1|Weezing, M|\n|poke|p1|Silvally-*|\n|poke|p2|Hatterene, F|\n|poke|p2|Ursaluna-Bloodmoon, M|\n|poke|p2|Glastrier|\n|poke|p2|Volcarona, F|\n|poke|p2|Grimmsnarl, M|\n|poke|p2|Forretress, M|\n|teampreview\n|j| m444rf\n|j| Demolution545\n|\n|t:|1699397818\n|start\n|switch|p1a: Slither Wing|Slither Wing|100\/100\n|switch|p2a: Grimmsnarl|Grimmsnarl, M|100\/100\n|turn|1\n|j| DinsFire01\n|\n|t:|1699397827\n|-end|p1a: Slither Wing|Protosynthesis|[silent]\n|switch|p1a: Weezing|Weezing, M|100\/100\n|-ability|p1a: Weezing|Neutralizing Gas\n|move|p2a: Grimmsnarl|Reflect|p2a: Grimmsnarl\n|-sidestart|p2: pawket|Reflect\n|\n|upkeep\n|turn|2\n|\n|t:|1699397843\n|move|p1a: Weezing|Toxic Spikes|p2a: Grimmsnarl\n|-sidestart|p2: pawket|move: Toxic Spikes\n|move|p2a: Grimmsnarl|Parting Shot|p1a: Weezing\n|-unboost|p1a: Weezing|atk|1\n|-unboost|p1a: Weezing|spa|1\n|\n|t:|1699397849\n|switch|p2a: Glastrier|Glastrier|100\/100|[from] Parting Shot\n|-status|p2a: Glastrier|psn\n|\n|-damage|p2a: Glastrier|88\/100 psn|[from] psn\n|upkeep\n|turn|3\n|\n|t:|1699397858\n|move|p1a: Weezing|Flamethrower|p2a: Glastrier\n|-supereffective|p2a: Glastrier\n|-damage|p2a: Glastrier|66\/100 psn\n|move|p2a: Glastrier|Icicle Crash|p1a: Weezing\n|-damage|p1a: Weezing|68\/100\n|\n|-heal|p1a: Weezing|74\/100|[from] item: Leftovers\n|-damage|p2a: Glastrier|54\/100 psn|[from] psn\n|upkeep\n|turn|4\n|\n|t:|1699397871\n|move|p1a: Weezing|Toxic Spikes|p2a: Glastrier\n|-sidestart|p2: pawket|move: Toxic Spikes\n|move|p2a: Glastrier|Swords Dance|p2a: Glastrier\n|-boost|p2a: Glastrier|atk|2\n|\n|-heal|p1a: Weezing|80\/100|[from] item: Leftovers\n|-damage|p2a: Glastrier|42\/100 psn|[from] psn\n|upkeep\n|turn|5\n|\n|t:|1699397879\n|move|p1a: Weezing|Haze|p1a: Weezing\n|-clearallboost\n|move|p2a: Glastrier|High Horsepower|p1a: Weezing\n|-supereffective|p1a: Weezing\n|-damage|p1a: Weezing|24\/100\n|\n|-heal|p1a: Weezing|30\/100|[from] item: Leftovers\n|-damage|p2a: Glastrier|29\/100 psn|[from] psn\n|upkeep\n|turn|6\n|\n|t:|1699397890\n|-end|p1a: Weezing|ability: Neutralizing Gas\n|switch|p1a: Slowbro|Slowbro, F|100\/100\n|-zpower|p2a: Glastrier\n|move|p2a: Glastrier|Subzero Slammer|p1a: Slowbro|[zeffect]\n|-resisted|p1a: Slowbro\n|-damage|p1a: Slowbro|69\/100\n|\n|-damage|p2a: Glastrier|17\/100 psn|[from] psn\n|upkeep\n|turn|7\n|j| VoIteon\n|\n|t:|1699397901\n|move|p1a: Slowbro|Future Sight|p2a: Glastrier\n|-start|p1a: Slowbro|move: Future Sight\n|move|p2a: Glastrier|High Horsepower|p1a: Slowbro\n|-damage|p1a: Slowbro|45\/100\n|\n|-damage|p2a: Glastrier|4\/100 psn|[from] psn\n|upkeep\n|turn|8\n|c| DinsFire01|Hehehe\n|\n|t:|1699397909\n|move|p2a: Glastrier|Icicle Crash|p1a: Slowbro\n|-resisted|p1a: Slowbro\n|-damage|p1a: Slowbro|28\/100\n|move|p1a: Slowbro|Teleport|p1a: Slowbro\n|\n|t:|1699397914\n|switch|p1a: Slither Wing|Slither Wing|100\/100|[from] Teleport\n|\n|-damage|p2a: Glastrier|0 fnt|[from] psn\n|faint|p2a: Glastrier\n|-sideend|p2: pawket|Reflect\n|upkeep\n|\n|t:|1699397924\n|switch|p2a: Forretress|Forretress, M|100\/100\n|turn|9\n|\n|t:|1699397930\n|move|p1a: Slither Wing|Close Combat|p2a: Forretress\n|-damage|p2a: Forretress|28\/100\n|-unboost|p1a: Slither Wing|def|1\n|-unboost|p1a: Slither Wing|spd|1\n|-damage|p1a: Slither Wing|84\/100|[from] item: Rocky Helmet|[of] p2a: Forretress\n|move|p2a: Forretress|Rapid Spin|p1a: Slither Wing\n|-damage|p1a: Slither Wing|67\/100\n|-boost|p2a: Forretress|spe|1\n|-sideend|p2: pawket|Toxic Spikes|[from] move: Rapid Spin|[of] p2a: Forretress\n|\n|-end|p2a: Forretress|move: Future Sight\n|-resisted|p2a: Forretress\n|-damage|p2a: Forretress|4\/100\n|upkeep\n|turn|10\n|\n|t:|1699397944\n|move|p1a: Slither Wing|Close Combat|p2a: Forretress\n|-damage|p2a: Forretress|0 fnt\n|-unboost|p1a: Slither Wing|def|1\n|-unboost|p1a: Slither Wing|spd|1\n|-damage|p1a: Slither Wing|50\/100|[from] item: Rocky Helmet|[of] p2a: Forretress\n|faint|p2a: Forretress\n|\n|upkeep\n|\n|t:|1699397957\n|switch|p2a: Volcarona|Volcarona, F|100\/100\n|turn|11\n|\n|t:|1699397963\n|-end|p1a: Slither Wing|Protosynthesis|[silent]\n|switch|p1a: Silvally|Silvally-Ground|100\/100\n|move|p2a: Volcarona|Quiver Dance|p2a: Volcarona\n|-boost|p2a: Volcarona|spa|1\n|-boost|p2a: Volcarona|spd|1\n|-boost|p2a: Volcarona|spe|1\n|\n|upkeep\n|turn|12\n|\n|t:|1699397976\n|move|p2a: Volcarona|Giga Drain|p1a: Silvally\n|-supereffective|p1a: Silvally\n|-damage|p1a: Silvally|12\/100\n|-damage|p2a: Volcarona|91\/100|[from] item: Life Orb\n|move|p1a: Silvally|Rock Slide|p2a: Volcarona\n|-supereffective|p2a: Volcarona\n|-damage|p2a: Volcarona|0 fnt\n|faint|p2a: Volcarona\n|\n|upkeep\n|l| DinsFire01\n|c|\u2606pawket|Gdi\n|\n|t:|1699397995\n|switch|p2a: Hatterene|Hatterene, F|100\/100\n|turn|13\n|\n|t:|1699398000\n|move|p1a: Silvally|Multi-Attack|p2a: Hatterene\n|-damage|p2a: Hatterene|38\/100\n|move|p2a: Hatterene|Trick Room|p2a: Hatterene\n|-fieldstart|move: Trick Room|[of] p2a: Hatterene\n|\n|upkeep\n|turn|14\n|\n|t:|1699398012\n|switch|p1a: Celesteela|Celesteela|100\/100\n|move|p2a: Hatterene|Misty Explosion|p1a: Celesteela\n|-resisted|p1a: Celesteela\n|-damage|p1a: Celesteela|82\/100\n|faint|p2a: Hatterene\n|\n|-heal|p1a: Celesteela|88\/100|[from] item: Leftovers\n|upkeep\n|c|\u2606pawket|o7\n|-message|pawket forfeited.\n|\n|win|Lunar Sloth\n|l|\u2606pawket\n|c| VoIteon|damn\n|c|\u2606Lunar Sloth|well\n","uploadtime":1699398035,"views":22,"p1id":"lunarsloth","p2id":"pawket","formatid":"gen9nationaldexubers","rating":0,"private":0,"password":""}