{"id":"gen9nationaldexubers-1997464123","p1":"6chaos9","p2":"SyntaxError614","format":"[Gen 9] National Dex Ubers","log":"|j|\u26066chaos9\n|j|\u2606SyntaxError614\n|t:|1700809889\n|gametype|singles\n|player|p1|6chaos9|102|1067\n|player|p2|SyntaxError614|doubleteam|1136\n|teamsize|p1|6\n|teamsize|p2|6\n|gen|9\n|tier|[Gen 9] National Dex Ubers\n|rated|\n|rule|HP Percentage Mod: HP is shown in percentages\n|rule|Endless Battle Clause: Forcing endless battles is banned\n|rule|OHKO Clause: OHKO moves are banned\n|rule|Evasion Moves Clause: Evasion moves are banned\n|rule|Evasion Items Clause: Evasion items are banned\n|rule|Species Clause: Limit one of each Pok\u00e9mon\n|rule|Sleep Clause Mod: Limit one foe put to sleep\n|rule|Mega Rayquaza Clause: You cannot mega evolve Rayquaza\n|clearpoke\n|poke|p1|Ceruledge, M|\n|poke|p1|Zoroark-Hisui, F|\n|poke|p1|Bisharp, M|\n|poke|p1|Houndoom, M|\n|poke|p1|Meloetta|\n|poke|p1|Regigigas|\n|poke|p2|Deoxys-Speed|\n|poke|p2|Blastoise, M|\n|poke|p2|Ferrothorn, M|\n|poke|p2|Greninja-*, F|\n|poke|p2|Darmanitan-Galar, F|\n|poke|p2|Kingambit, M|\n|teampreview\n|\n|t:|1700809905\n|start\n|switch|p1a: Houndoom|Houndoom, M|100\/100\n|switch|p2a: Deoxys|Deoxys-Speed|100\/100\n|-ability|p2a: Deoxys|Pressure\n|turn|1\n|\n|t:|1700809915\n|move|p1a: Houndoom|Protect|p1a: Houndoom\n|-singleturn|p1a: Houndoom|Protect\n|move|p2a: Deoxys|Mirror Coat||[still]\n|-fail|p2a: Deoxys\n|\n|upkeep\n|turn|2\n|\n|t:|1700809922\n|move|p1a: Houndoom|Substitute|p1a: Houndoom\n|-start|p1a: Houndoom|Substitute\n|-damage|p1a: Houndoom|76\/100\n|move|p2a: Deoxys|Mirror Coat||[still]\n|-fail|p2a: Deoxys\n|\n|upkeep\n|turn|3\n|\n|t:|1700809927\n|move|p2a: Deoxys|Skill Swap||[still]\n|-fail|p2a: Deoxys\n|move|p1a: Houndoom|Dark Pulse|p2a: Deoxys\n|-supereffective|p2a: Deoxys\n|-damage|p2a: Deoxys|26\/100\n|\n|upkeep\n|turn|4\n|\n|t:|1700809939\n|move|p2a: Deoxys|Stealth Rock|p1a: Houndoom\n|-sidestart|p1: 6chaos9|move: Stealth Rock\n|move|p1a: Houndoom|Flamethrower|p2a: Deoxys\n|-damage|p2a: Deoxys|0 fnt\n|faint|p2a: Deoxys\n|\n|upkeep\n|c|\u2606SyntaxError614|The description said it bypassed substitute\n|c|\u2606SyntaxError614|What a lier\n|c|\u2606SyntaxError614|liar*\n|\n|t:|1700809961\n|switch|p2a: Blastoise|Blastoise, M|100\/100\n|turn|5\n|c|\u26066chaos9|What spose to bypass it bro?\n|c|\u26066chaos9|Skill swap?\n|c|\u2606SyntaxError614|yh\n|c|\u26066chaos9|Oof\n|c|\u2606SyntaxError614|Not that it has any use\n|\n|t:|1700809999\n|move|p1a: Houndoom|Dark Pulse|p2a: Blastoise\n|-damage|p2a: Blastoise|76\/100\n|move|p2a: Blastoise|Aura Sphere|p1a: Houndoom\n|-immune|p1a: Houndoom\n|\n|upkeep\n|turn|6\n|c|\u2606SyntaxError614|Ah\n|c|\u26066chaos9|I love this pkmon lol\n|\n|t:|1700810017\n|move|p1a: Houndoom|Dark Pulse|p2a: Blastoise\n|-damage|p2a: Blastoise|49\/100\n|cant|p2a: Blastoise|flinch\n|\n|upkeep\n|turn|7\n|c|\u2606SyntaxError614|lmao\n|c|\u26066chaos9|Always a good start\n|c|\u26066chaos9|How long did it take u to realise\n|\n|t:|1700810041\n|move|p1a: Houndoom|Dark Pulse|p2a: Blastoise\n|-damage|p2a: Blastoise|22\/100\n|cant|p2a: Blastoise|flinch\n|\n|upkeep\n|turn|8\n|c|\u2606SyntaxError614|After the Aura sphere\n|c|\u26066chaos9|Lmao\n|\n|t:|1700810055\n|move|p1a: Houndoom|Dark Pulse|p2a: Blastoise\n|-damage|p2a: Blastoise|0 fnt\n|faint|p2a: Blastoise\n|\n|upkeep\n|c|\u26066chaos9|Always gets them with the fight bait\n|\n|t:|1700810068\n|switch|p2a: Greninja|Greninja, F|100\/100\n|turn|9\n|\n|t:|1700810084\n|move|p2a: Greninja|Gunk Shot|p1a: Houndoom|[miss]\n|-start|p2a: Greninja|typechange|Poison|[from] ability: Protean\n|-miss|p2a: Greninja|p1a: Houndoom\n|move|p1a: Houndoom|Flamethrower|p2a: Greninja\n|-damage|p2a: Greninja|50\/100\n|\n|upkeep\n|turn|10\n|c|\u26066chaos9|Counted on your type change there\n|\n|t:|1700810103\n|move|p2a: Greninja|Gunk Shot|p1a: Houndoom\n|-resisted|p1a: Houndoom\n|-end|p1a: Houndoom|Substitute\n|move|p1a: Houndoom|Flamethrower|p2a: Greninja\n|-damage|p2a: Greninja|0 fnt\n|faint|p2a: Greninja\n|\n|upkeep\n|\n|t:|1700810106\n|switch|p2a: Darmanitan|Darmanitan-Galar, F|100\/100\n|turn|11\n|\n|t:|1700810116\n|switch|p1a: Ceruledge|Ceruledge, M|100\/100\n|-damage|p1a: Ceruledge|75\/100|[from] Stealth Rock\n|move|p2a: Darmanitan|Earthquake|p1a: Ceruledge\n|-supereffective|p1a: Ceruledge\n|-damage|p1a: Ceruledge|0 fnt\n|faint|p1a: Ceruledge\n|\n|upkeep\n|c|\u26066chaos9|Oof great predict I really need a bird lol\n|\n|t:|1700810144\n|switch|p1a: Regigigas|Regigigas|100\/100\n|-damage|p1a: Regigigas|88\/100|[from] Stealth Rock\n|-start|p1a: Regigigas|ability: Slow Start\n|turn|12\n|\n|t:|1700810148\n|switch|p2a: Ferrothorn|Ferrothorn, M|100\/100\n|move|p1a: Regigigas|Rock Polish|p1a: Regigigas\n|-boost|p1a: Regigigas|spe|2\n|\n|-heal|p1a: Regigigas|94\/100|[from] item: Leftovers\n|upkeep\n|turn|13\n|\n|t:|1700810161\n|move|p1a: Regigigas|Protect|p1a: Regigigas\n|-singleturn|p1a: Regigigas|Protect\n|move|p2a: Ferrothorn|Thunder Wave|p1a: Regigigas\n|-activate|p1a: Regigigas|move: Protect\n|\n|-heal|p1a: Regigigas|99\/100|[from] item: Leftovers\n|upkeep\n|turn|14\n|\n|t:|1700810167\n|move|p1a: Regigigas|Knock Off|p2a: Ferrothorn\n|-damage|p2a: Ferrothorn|84\/100\n|-damage|p1a: Regigigas|88\/100|[from] ability: Iron Barbs|[of] p2a: Ferrothorn\n|-enditem|p2a: Ferrothorn|Leftovers|[from] move: Knock Off|[of] p1a: Regigigas\n|move|p2a: Ferrothorn|Substitute|p2a: Ferrothorn\n|-start|p2a: Ferrothorn|Substitute\n|-damage|p2a: Ferrothorn|59\/100\n|\n|-heal|p1a: Regigigas|94\/100|[from] item: Leftovers\n|upkeep\n|turn|15\n|\n|t:|1700810177\n|move|p1a: Regigigas|Protect|p1a: Regigigas\n|-singleturn|p1a: Regigigas|Protect\n|move|p2a: Ferrothorn|Leech Seed|p1a: Regigigas\n|-activate|p1a: Regigigas|move: Protect\n|\n|-heal|p1a: Regigigas|99\/100|[from] item: Leftovers\n|upkeep\n|turn|16\n|\n|t:|1700810185\n|move|p1a: Regigigas|Rock Polish|p1a: Regigigas\n|-boost|p1a: Regigigas|spe|2\n|move|p2a: Ferrothorn|Thunder Wave|p1a: Regigigas\n|-status|p1a: Regigigas|par\n|\n|-heal|p1a: Regigigas|100\/100 par|[from] item: Leftovers\n|-end|p1a: Regigigas|Slow Start\n|upkeep\n|turn|17\n|c|\u2606SyntaxError614|I should probably get a bird as well\n|c|\u2606SyntaxError614|the quad weaknesses is wild\n|\n|t:|1700810206\n|move|p1a: Regigigas|Rock Polish|p1a: Regigigas\n|-boost|p1a: Regigigas|spe|2\n|move|p2a: Ferrothorn|Gyro Ball|p1a: Regigigas\n|-damage|p1a: Regigigas|54\/100 par\n|\n|-heal|p1a: Regigigas|60\/100 par|[from] item: Leftovers\n|upkeep\n|turn|18\n|c|\u26066chaos9|Lmao\n|c|\u26066chaos9|I think the air balloon would do ugood\n|c|\u26066chaos9|It walled megood\n|c|\u26066chaos9|With flare boost or unburden\n|\n|t:|1700810244\n|move|p1a: Regigigas|Drain Punch|p2a: Ferrothorn\n|-supereffective|p2a: Ferrothorn\n|-end|p2a: Ferrothorn|Substitute\n|-heal|p1a: Regigigas|70\/100 par|[from] drain|[of] p2a: Ferrothorn\n|move|p2a: Ferrothorn|Gyro Ball|p1a: Regigigas\n|-damage|p1a: Regigigas|25\/100 par\n|\n|-heal|p1a: Regigigas|31\/100 par|[from] item: Leftovers\n|upkeep\n|turn|19\n|\n|t:|1700810251\n|move|p1a: Regigigas|Drain Punch|p2a: Ferrothorn\n|-supereffective|p2a: Ferrothorn\n|-damage|p2a: Ferrothorn|8\/100\n|-heal|p1a: Regigigas|52\/100 par|[from] drain|[of] p2a: Ferrothorn\n|-damage|p1a: Regigigas|39\/100 par|[from] ability: Iron Barbs|[of] p2a: Ferrothorn\n|move|p2a: Ferrothorn|Gyro Ball|p1a: Regigigas\n|-damage|p1a: Regigigas|0 fnt\n|faint|p1a: Regigigas\n|-end|p1a: Regigigas|Slow Start|[silent]\n|\n|upkeep\n|c|\u26066chaos9|Wtf lol woah\n|c|\u2606SyntaxError614|Same reaction\n|\n|t:|1700810272\n|switch|p1a: Meloetta|Meloetta|100\/100\n|-damage|p1a: Meloetta|88\/100|[from] Stealth Rock\n|turn|20\n|\n|t:|1700810278\n|move|p1a: Meloetta|Relic Song|p2a: Ferrothorn\n|-resisted|p2a: Ferrothorn\n|-damage|p2a: Ferrothorn|0 fnt\n|faint|p2a: Ferrothorn\n|-formechange|p1a: Meloetta|Meloetta-Pirouette|[msg]\n|-damage|p1a: Meloetta|78\/100|[from] item: Life Orb\n|\n|upkeep\n|\n|t:|1700810286\n|switch|p2a: Darmanitan|Darmanitan-Galar, F|100\/100\n|turn|21\n|c|\u26066chaos9|How often you Vs this or regi\n|\n|t:|1700810303\n|-terastallize|p2a: Darmanitan|Ice\n|move|p2a: Darmanitan|Icicle Crash|p1a: Meloetta\n|-damage|p1a: Meloetta|0 fnt\n|faint|p1a: Meloetta\n|\n|upkeep\n|\n|t:|1700810314\n|switch|p1a: Houndoom|Houndoom, M|100\/100\n|-damage|p1a: Houndoom|76\/100|[from] Stealth Rock\n|turn|22\n|\n|t:|1700810319\n|switch|p2a: Kingambit|Kingambit, M|100\/100\n|-activate|p2a: Kingambit|ability: Supreme Overlord\n|-start|p2a: Kingambit|fallen4|[silent]\n|move|p1a: Houndoom|Will-O-Wisp|p2a: Kingambit\n|-status|p2a: Kingambit|brn\n|-enditem|p2a: Kingambit|Lum Berry|[eat]\n|-curestatus|p2a: Kingambit|brn|[msg]\n|\n|-heal|p1a: Houndoom|82\/100|[from] item: Leftovers\n|upkeep\n|turn|23\n|c|\u26066chaos9|I think I win\n|c|\u2606SyntaxError614|Yeah\n|\n|t:|1700810337\n|move|p1a: Houndoom|Heat Wave|p2a: Kingambit\n|-supereffective|p2a: Kingambit\n|-damage|p2a: Kingambit|17\/100\n|move|p2a: Kingambit|Kowtow Cleave|p1a: Houndoom\n|-resisted|p1a: Houndoom\n|-damage|p1a: Houndoom|39\/100\n|\n|-heal|p1a: Houndoom|45\/100|[from] item: Leftovers\n|upkeep\n|turn|24\n|\n|t:|1700810346\n|move|p2a: Kingambit|Sucker Punch|p1a: Houndoom\n|-resisted|p1a: Houndoom\n|-damage|p1a: Houndoom|14\/100\n|move|p1a: Houndoom|Heat Wave|p2a: Kingambit\n|-supereffective|p2a: Kingambit\n|-damage|p2a: Kingambit|0 fnt\n|faint|p2a: Kingambit\n|-end|p2a: Kingambit|fallen4|[silent]\n|\n|-heal|p1a: Houndoom|20\/100|[from] item: Leftovers\n|upkeep\n|\n|t:|1700810349\n|switch|p2a: Darmanitan|Darmanitan-Galar, F, tera:Ice|100\/100\n|turn|25\n|\n|t:|1700810358\n|move|p2a: Darmanitan|Earthquake|p1a: Houndoom\n|-supereffective|p1a: Houndoom\n|-damage|p1a: Houndoom|0 fnt\n|faint|p1a: Houndoom\n|\n|upkeep\n|\n|t:|1700810361\n|switch|p1a: Bisharp|Bisharp, M|100\/100\n|-damage|p1a: Bisharp|94\/100|[from] Stealth Rock\n|turn|26\n|\n|t:|1700810368\n|-terastallize|p1a: Bisharp|Ghost\n|move|p2a: Darmanitan|Earthquake|p1a: Bisharp\n|-damage|p1a: Bisharp|55\/100\n|move|p1a: Bisharp|Assurance|p2a: Darmanitan\n|-damage|p2a: Darmanitan|58\/100\n|\n|upkeep\n|turn|27\n|\n|t:|1700810375\n|move|p2a: Darmanitan|Earthquake|p1a: Bisharp\n|-damage|p1a: Bisharp|13\/100\n|move|p1a: Bisharp|Assurance|p2a: Darmanitan\n|-damage|p2a: Darmanitan|13\/100\n|\n|upkeep\n|turn|28\n|\n|t:|1700810380\n|move|p1a: Bisharp|Sucker Punch|p2a: Darmanitan\n|-crit|p2a: Darmanitan\n|-damage|p2a: Darmanitan|0 fnt\n|faint|p2a: Darmanitan\n|\n|win|6chaos9\n|raw|6chaos9's rating: 1067 &rarr; <strong>1103<\/strong><br \/>(+36 for winning)\n|raw|SyntaxError614's rating: 1136 &rarr; <strong>1106<\/strong><br \/>(-30 for losing)\n|c|\u2606SyntaxError614|gg\n|c|\u26066chaos9|Jeeg bro\n|c|\u26066chaos9|Get the balloon\n|c|\u26066chaos9|Trust\n|c|\u26066chaos9|See u \ud83d\udc7e\n|l|\u26066chaos9\n","uploadtime":1700810388,"views":5,"p1id":"6chaos9","p2id":"syntaxerror614","formatid":"gen9nationaldexubers","rating":1103,"private":0,"password":""}