{"id":"gen9nationaldexubers-1995249272","p1":"RonaldX8","p2":"Morohathepupper","format":"[Gen 9] National Dex Ubers","log":"|j|\u2606RonaldX8\n|j|\u2606Morohathepupper\n|t:|1700540032\n|gametype|singles\n|player|p1|RonaldX8|riley|1329\n|player|p2|Morohathepupper|gambler|1495\n|teamsize|p1|6\n|teamsize|p2|6\n|gen|9\n|tier|[Gen 9] National Dex Ubers\n|rated|\n|rule|HP Percentage Mod: HP is shown in percentages\n|rule|Endless Battle Clause: Forcing endless battles is banned\n|rule|OHKO Clause: OHKO moves are banned\n|rule|Evasion Moves Clause: Evasion moves are banned\n|rule|Evasion Items Clause: Evasion items are banned\n|rule|Species Clause: Limit one of each Pok\u00e9mon\n|rule|Sleep Clause Mod: Limit one foe put to sleep\n|rule|Mega Rayquaza Clause: You cannot mega evolve Rayquaza\n|clearpoke\n|poke|p1|Volbeat, M|\n|poke|p1|Quagsire, M|\n|poke|p1|Palafin, M|\n|poke|p1|Houndstone, M|\n|poke|p1|Tyranitar, M|\n|poke|p1|Uxie|\n|poke|p2|Shuckle, M|\n|poke|p2|Pyukumuku, F|\n|poke|p2|Groudon|\n|poke|p2|Zacian-*|\n|poke|p2|Marshadow|\n|poke|p2|Necrozma-Dusk-Mane|\n|teampreview\n|c|\u2606Morohathepupper|This is Sparta! Troll against troll!\n|\n|t:|1700540068\n|start\n|switch|p1a: Uxie|Uxie|100\/100\n|switch|p2a: Shuckle|Shuckle, M|100\/100\n|turn|1\n|c|\u2606RonaldX8|GG\n|\n|t:|1700540081\n|move|p1a: Uxie|Yawn|p2a: Shuckle\n|-start|p2a: Shuckle|move: Yawn|[of] p1a: Uxie\n|move|p2a: Shuckle|Sticky Web|p1a: Uxie\n|-sidestart|p1: RonaldX8|move: Sticky Web\n|\n|upkeep\n|turn|2\n|c|\u2606Morohathepupper|Oh really? Don\u2019t be so sure of yourself\n|c|\u2606RonaldX8|GG\n|\n|t:|1700540100\n|switch|p2a: Zacian|Zacian-Crowned|100\/100\n|-ability|p2a: Zacian|Intrepid Sword|boost\n|-boost|p2a: Zacian|atk|1\n|move|p1a: Uxie|Mystical Power|p2a: Zacian|[miss]\n|-miss|p1a: Uxie|p2a: Zacian\n|\n|upkeep\n|turn|3\n|\n|t:|1700540108\n|move|p2a: Zacian|Behemoth Blade|p1a: Uxie\n|-damage|p1a: Uxie|50\/100\n|move|p1a: Uxie|Yawn|p2a: Zacian\n|-start|p2a: Zacian|move: Yawn|[of] p1a: Uxie\n|\n|-heal|p1a: Uxie|56\/100|[from] item: Leftovers\n|upkeep\n|turn|4\n|\n|t:|1700540120\n|switch|p2a: Marshadow|Marshadow|100\/100\n|move|p1a: Uxie|Draining Kiss|p2a: Marshadow\n|-supereffective|p2a: Marshadow\n|-damage|p2a: Marshadow|80\/100\n|-heal|p1a: Uxie|71\/100|[from] drain|[of] p2a: Marshadow\n|\n|-heal|p1a: Uxie|77\/100|[from] item: Leftovers\n|upkeep\n|turn|5\n|\n|t:|1700540134\n|move|p2a: Marshadow|Spectral Thief|p1a: Uxie\n|-supereffective|p1a: Uxie\n|-damage|p1a: Uxie|17\/100\n|move|p1a: Uxie|Yawn|p2a: Marshadow\n|-start|p2a: Marshadow|move: Yawn|[of] p1a: Uxie\n|\n|-heal|p1a: Uxie|24\/100|[from] item: Leftovers\n|upkeep\n|turn|6\n|\n|t:|1700540145\n|switch|p2a: Necrozma|Necrozma-Dusk-Mane|100\/100\n|move|p1a: Uxie|Mystical Power|p2a: Necrozma|[miss]\n|-miss|p1a: Uxie|p2a: Necrozma\n|\n|-heal|p1a: Uxie|30\/100|[from] item: Leftovers\n|upkeep\n|turn|7\n|\n|t:|1700540158\n|move|p2a: Necrozma|Sunsteel Strike|p1a: Uxie\n|-damage|p1a: Uxie|0 fnt\n|faint|p1a: Uxie\n|\n|upkeep\n|c|\u2606RonaldX8|GG\n|\n|t:|1700540164\n|switch|p1a: GGGGGGGG|Palafin, M|100\/100\n|-activate|p1a: GGGGGGGG|move: Sticky Web\n|-unboost|p1a: GGGGGGGG|spe|1\n|turn|8\n|\n|t:|1700540173\n|detailschange|p1a: GGGGGGGG|Palafin-Hero, M\n|switch|p1a: WP|Tyranitar, M|100\/100\n|-activate|p1a: WP|move: Sticky Web\n|-unboost|p1a: WP|spe|1\n|-weather|Sandstorm|[from] ability: Sand Stream|[of] p1a: WP\n|move|p2a: Necrozma|Dragon Dance|p2a: Necrozma\n|-boost|p2a: Necrozma|atk|1\n|-boost|p2a: Necrozma|spe|1\n|\n|-weather|Sandstorm|[upkeep]\n|upkeep\n|turn|9\n|c|\u2606Morohathepupper|Well the troller is put in his place\n|\n|t:|1700540198\n|switch|p1a: GGGGGGGGGGGGG|Quagsire, M|100\/100\n|-activate|p1a: GGGGGGGGGGGGG|move: Sticky Web\n|-unboost|p1a: GGGGGGGGGGGGG|spe|1\n|move|p2a: Necrozma|Sunsteel Strike|p1a: GGGGGGGGGGGGG\n|-resisted|p1a: GGGGGGGGGGGGG\n|-damage|p1a: GGGGGGGGGGGGG|69\/100\n|\n|-weather|Sandstorm|[upkeep]\n|-heal|p1a: GGGGGGGGGGGGG|75\/100|[from] item: Leftovers\n|upkeep\n|turn|10\n|c|\u2606Morohathepupper|Watch this fun move\n|\n|t:|1700540216\n|move|p2a: Necrozma|Photon Geyser|p1a: GGGGGGGGGGGGG\n|-damage|p1a: GGGGGGGGGGGGG|3\/100\n|move|p1a: GGGGGGGGGGGGG|Recover|p1a: GGGGGGGGGGGGG\n|-heal|p1a: GGGGGGGGGGGGG|53\/100\n|\n|-weather|Sandstorm|[upkeep]\n|-heal|p1a: GGGGGGGGGGGGG|59\/100|[from] item: Leftovers\n|upkeep\n|turn|11\n|\n|t:|1700540228\n|switch|p1a: WP|Tyranitar, M|100\/100\n|-activate|p1a: WP|move: Sticky Web\n|-unboost|p1a: WP|spe|1\n|move|p2a: Necrozma|Photon Geyser|p1a: WP\n|-immune|p1a: WP\n|\n|-weather|Sandstorm|[upkeep]\n|upkeep\n|turn|12\n|\n|t:|1700540246\n|detailschange|p2a: Necrozma|Necrozma-Ultra\n|-burst|p2a: Necrozma|Necrozma|Ultranecrozium Z\n|detailschange|p1a: WP|Tyranitar-Mega, M\n|-mega|p1a: WP|Tyranitar|Tyranitarite\n|move|p2a: Necrozma|Sunsteel Strike|p1a: WP\n|-supereffective|p1a: WP\n|-damage|p1a: WP|0 fnt\n|faint|p1a: WP\n|\n|-weather|none\n|upkeep\n|\n|t:|1700540258\n|switch|p1a: GGS|Houndstone, M|100\/100\n|-activate|p1a: GGS|move: Sticky Web\n|-unboost|p1a: GGS|spe|1\n|turn|13\n|c|\u2606Morohathepupper|As a former troller and current showdown tuber I know many of these trolls\n|c|\u2606RonaldX8|GG\n|inactive|Battle timer is ON: inactive players will automatically lose when time's up. (requested by RonaldX8)\n|\n|t:|1700540302\n|switch|p2a: Groudon|Groudon|100\/100\n|detailschange|p2a: Groudon|Groudon-Primal\n|-primal|p2a: Groudon|Red Orb\n|-weather|DesolateLand|[from] ability: Desolate Land|[of] p2a: Groudon\n|move|p1a: GGS|Shadow Sneak|p2a: Groudon\n|-damage|p2a: Groudon|80\/100\n|\n|-weather|DesolateLand|[upkeep]\n|upkeep\n|turn|14\n|\n|t:|1700540312\n|switch|p1a: GGGGGGS|Volbeat, M|100\/100\n|-activate|p1a: GGGGGGS|move: Sticky Web\n|-unboost|p1a: GGGGGGS|spe|1\n|move|p2a: Groudon|Earthquake|p1a: GGGGGGS\n|-resisted|p1a: GGGGGGS\n|-damage|p1a: GGGGGGS|70\/100\n|\n|-weather|DesolateLand|[upkeep]\n|-heal|p1a: GGGGGGS|76\/100|[from] item: Leftovers\n|upkeep\n|turn|15\n|\n|t:|1700540322\n|move|p1a: GGGGGGS|Encore|p2a: Groudon\n|-start|p2a: Groudon|Encore\n|move|p2a: Groudon|Earthquake|p1a: GGGGGGS\n|-resisted|p1a: GGGGGGS\n|-damage|p1a: GGGGGGS|46\/100\n|\n|-weather|DesolateLand|[upkeep]\n|-heal|p1a: GGGGGGS|52\/100|[from] item: Leftovers\n|upkeep\n|turn|16\n|\n|t:|1700540335\n|-weather|none\n|switch|p2a: Pyukumuku|Pyukumuku, F|100\/100\n|move|p1a: GGGGGGS|Infestation|p2a: Pyukumuku\n|-damage|p2a: Pyukumuku|98\/100\n|-activate|p2a: Pyukumuku|move: Infestation|[of] p1a: GGGGGGS\n|\n|-heal|p1a: GGGGGGS|58\/100|[from] item: Leftovers\n|-heal|p2a: Pyukumuku|100\/100|[from] item: Leftovers\n|-damage|p2a: Pyukumuku|88\/100|[from] move: Infestation|[partiallytrapped]\n|upkeep\n|turn|17\n|\n|t:|1700540346\n|-terastallize|p2a: Pyukumuku|Poison\n|move|p1a: GGGGGGS|Taunt|p2a: Pyukumuku\n|-start|p2a: Pyukumuku|move: Taunt\n|cant|p2a: Pyukumuku|move: Taunt|Toxic\n|\n|-heal|p1a: GGGGGGS|64\/100|[from] item: Leftovers\n|-heal|p2a: Pyukumuku|94\/100|[from] item: Leftovers\n|-damage|p2a: Pyukumuku|82\/100|[from] move: Infestation|[partiallytrapped]\n|upkeep\n|turn|18\n|\n|t:|1700540362\n|move|p1a: GGGGGGS|Roost|p1a: GGGGGGS\n|-heal|p1a: GGGGGGS|100\/100\n|-singleturn|p1a: GGGGGGS|move: Roost\n|-activate|p2a: Pyukumuku|move: Struggle\n|move|p2a: Pyukumuku|Struggle|p1a: GGGGGGS\n|-damage|p1a: GGGGGGS|95\/100\n|-damage|p2a: Pyukumuku|57\/100|[from] recoil\n|\n|-heal|p1a: GGGGGGS|100\/100|[from] item: Leftovers\n|-heal|p2a: Pyukumuku|63\/100|[from] item: Leftovers\n|-damage|p2a: Pyukumuku|50\/100|[from] move: Infestation|[partiallytrapped]\n|upkeep\n|turn|19\n|c|\u2606RonaldX8|GG\n|inactive|Morohathepupper has 120 seconds left.\n|c|\u2606Morohathepupper|Ima kill this and get back bro literally your getting cocky\n|\n|t:|1700540392\n|move|p1a: GGGGGGS|Infestation|p2a: Pyukumuku\n|-resisted|p2a: Pyukumuku\n|-damage|p2a: Pyukumuku|49\/100\n|-activate|p2a: Pyukumuku|move: Struggle\n|move|p2a: Pyukumuku|Struggle|p1a: GGGGGGS\n|-damage|p1a: GGGGGGS|95\/100\n|-damage|p2a: Pyukumuku|24\/100|[from] recoil\n|\n|-heal|p1a: GGGGGGS|100\/100|[from] item: Leftovers\n|-heal|p2a: Pyukumuku|30\/100|[from] item: Leftovers\n|-damage|p2a: Pyukumuku|17\/100|[from] move: Infestation|[partiallytrapped]\n|-end|p2a: Pyukumuku|move: Taunt\n|upkeep\n|turn|20\n|inactive|Morohathepupper has 120 seconds left.\n|\n|t:|1700540410\n|move|p1a: GGGGGGS|Taunt|p2a: Pyukumuku\n|-start|p2a: Pyukumuku|move: Taunt\n|cant|p2a: Pyukumuku|move: Taunt|Toxic\n|\n|-heal|p2a: Pyukumuku|23\/100|[from] item: Leftovers\n|-end|p2a: Pyukumuku|Infestation|[partiallytrapped]\n|upkeep\n|turn|21\n|\n|t:|1700540420\n|move|p1a: GGGGGGS|Infestation|p2a: Pyukumuku\n|-resisted|p2a: Pyukumuku\n|-damage|p2a: Pyukumuku|22\/100\n|-activate|p2a: Pyukumuku|move: Infestation|[of] p1a: GGGGGGS\n|-activate|p2a: Pyukumuku|move: Struggle\n|move|p2a: Pyukumuku|Struggle|p1a: GGGGGGS\n|-damage|p1a: GGGGGGS|95\/100\n|-damage|p2a: Pyukumuku|0 fnt|[from] recoil\n|faint|p2a: Pyukumuku\n|\n|-heal|p1a: GGGGGGS|100\/100|[from] item: Leftovers\n|upkeep\n|\n|t:|1700540440\n|switch|p2a: Zacian|Zacian-Crowned|100\/100\n|turn|22\n|\n|t:|1700540452\n|switch|p1a: GGGGGGGGGGGGG|Quagsire, M|59\/100\n|-activate|p1a: GGGGGGGGGGGGG|move: Sticky Web\n|-unboost|p1a: GGGGGGGGGGGGG|spe|1\n|move|p2a: Zacian|Play Rough|p1a: GGGGGGGGGGGGG\n|-damage|p1a: GGGGGGGGGGGGG|22\/100\n|\n|-heal|p1a: GGGGGGGGGGGGG|28\/100|[from] item: Leftovers\n|upkeep\n|turn|23\n|\n|t:|1700540464\n|move|p2a: Zacian|Play Rough|p1a: GGGGGGGGGGGGG\n|-damage|p1a: GGGGGGGGGGGGG|0 fnt\n|faint|p1a: GGGGGGGGGGGGG\n|\n|upkeep\n|\n|t:|1700540469\n|switch|p1a: GGGGGGGG|Palafin-Hero, M|100\/100\n|-activate|p1a: GGGGGGGG|move: Sticky Web\n|-unboost|p1a: GGGGGGGG|spe|1\n|-activate|p1a: GGGGGGGG|ability: Zero to Hero\n|turn|24\n|inactive|Morohathepupper has 120 seconds left.\n|\n|t:|1700540477\n|switch|p2a: Groudon|Groudon-Primal|80\/100\n|-weather|DesolateLand|[from] ability: Desolate Land|[of] p2a: Groudon\n|move|p1a: GGGGGGGG|Drain Punch|p2a: Groudon\n|-damage|p2a: Groudon|49\/100\n|\n|-weather|DesolateLand|[upkeep]\n|upkeep\n|turn|25\n|\n|t:|1700540487\n|move|p2a: Groudon|Earthquake|p1a: GGGGGGGG\n|-damage|p1a: GGGGGGGG|36\/100\n|move|p1a: GGGGGGGG|Drain Punch|p2a: Groudon\n|-damage|p2a: Groudon|17\/100\n|-heal|p1a: GGGGGGGG|52\/100|[from] drain|[of] p2a: Groudon\n|\n|-weather|DesolateLand|[upkeep]\n|upkeep\n|turn|26\n|\n|t:|1700540503\n|switch|p1a: GGGGGGS|Volbeat, M|100\/100\n|-activate|p1a: GGGGGGS|move: Sticky Web\n|-unboost|p1a: GGGGGGS|spe|1\n|move|p2a: Groudon|Earthquake|p1a: GGGGGGS\n|-resisted|p1a: GGGGGGS\n|-damage|p1a: GGGGGGS|69\/100\n|\n|-weather|DesolateLand|[upkeep]\n|-heal|p1a: GGGGGGS|75\/100|[from] item: Leftovers\n|upkeep\n|turn|27\n|\n|t:|1700540516\n|move|p1a: GGGGGGS|Encore|p2a: Groudon\n|-start|p2a: Groudon|Encore\n|move|p2a: Groudon|Earthquake|p1a: GGGGGGS\n|-resisted|p1a: GGGGGGS\n|-damage|p1a: GGGGGGS|44\/100\n|\n|-weather|DesolateLand|[upkeep]\n|-heal|p1a: GGGGGGS|50\/100|[from] item: Leftovers\n|upkeep\n|turn|28\n|\n|t:|1700540527\n|-weather|none\n|switch|p2a: Marshadow|Marshadow|80\/100\n|move|p1a: GGGGGGS|Infestation|p2a: Marshadow\n|-resisted|p2a: Marshadow\n|-damage|p2a: Marshadow|79\/100\n|-activate|p2a: Marshadow|move: Infestation|[of] p1a: GGGGGGS\n|\n|-heal|p1a: GGGGGGS|56\/100|[from] item: Leftovers\n|-damage|p2a: Marshadow|66\/100|[from] move: Infestation|[partiallytrapped]\n|upkeep\n|turn|29\n|\n|t:|1700540539\n|move|p1a: GGGGGGS|Roost|p1a: GGGGGGS\n|-heal|p1a: GGGGGGS|100\/100\n|-singleturn|p1a: GGGGGGS|move: Roost\n|move|p2a: Marshadow|Spectral Thief|p1a: GGGGGGS\n|-damage|p1a: GGGGGGS|57\/100\n|\n|-heal|p1a: GGGGGGS|63\/100|[from] item: Leftovers\n|-damage|p2a: Marshadow|54\/100|[from] move: Infestation|[partiallytrapped]\n|upkeep\n|turn|30\n|c|\u2606Morohathepupper|Hit me baby one more time\n|\n|t:|1700540554\n|move|p1a: GGGGGGS|Roost|p1a: GGGGGGS\n|-heal|p1a: GGGGGGS|100\/100\n|-singleturn|p1a: GGGGGGS|move: Roost\n|move|p2a: Marshadow|Spectral Thief|p1a: GGGGGGS\n|-crit|p1a: GGGGGGS\n|-damage|p1a: GGGGGGS|33\/100\n|\n|-heal|p1a: GGGGGGS|39\/100|[from] item: Leftovers\n|-damage|p2a: Marshadow|41\/100|[from] move: Infestation|[partiallytrapped]\n|upkeep\n|turn|31\n|\n|t:|1700540567\n|move|p1a: GGGGGGS|Roost|p1a: GGGGGGS\n|-heal|p1a: GGGGGGS|89\/100\n|-singleturn|p1a: GGGGGGS|move: Roost\n|move|p2a: Marshadow|Spectral Thief|p1a: GGGGGGS\n|-damage|p1a: GGGGGGS|47\/100\n|\n|-heal|p1a: GGGGGGS|53\/100|[from] item: Leftovers\n|-damage|p2a: Marshadow|29\/100|[from] move: Infestation|[partiallytrapped]\n|upkeep\n|turn|32\n|c|\u2606RonaldX8|GG\n|\n|t:|1700540578\n|move|p1a: GGGGGGS|Roost|p1a: GGGGGGS\n|-heal|p1a: GGGGGGS|100\/100\n|-singleturn|p1a: GGGGGGS|move: Roost\n|move|p2a: Marshadow|Spectral Thief|p1a: GGGGGGS\n|-damage|p1a: GGGGGGS|57\/100\n|\n|-heal|p1a: GGGGGGS|63\/100|[from] item: Leftovers\n|-end|p2a: Marshadow|Infestation|[partiallytrapped]\n|upkeep\n|turn|33\n|c|\u2606Morohathepupper|Pp almost out you have leopard probs but idc\n|inactive|Morohathepupper has 120 seconds left.\n|\n|t:|1700540608\n|move|p1a: GGGGGGS|Roost|p1a: GGGGGGS\n|-heal|p1a: GGGGGGS|100\/100\n|-singleturn|p1a: GGGGGGS|move: Roost\n|move|p2a: Marshadow|Spectral Thief|p1a: GGGGGGS\n|-crit|p1a: GGGGGGS\n|-damage|p1a: GGGGGGS|39\/100\n|\n|-heal|p1a: GGGGGGS|45\/100|[from] item: Leftovers\n|upkeep\n|turn|34\n|c|\u2606RonaldX8|GG\n|\n|t:|1700540619\n|move|p1a: GGGGGGS|Roost|p1a: GGGGGGS\n|-heal|p1a: GGGGGGS|95\/100\n|-singleturn|p1a: GGGGGGS|move: Roost\n|move|p2a: Marshadow|Spectral Thief|p1a: GGGGGGS\n|-damage|p1a: GGGGGGS|47\/100\n|\n|-heal|p1a: GGGGGGS|53\/100|[from] item: Leftovers\n|upkeep\n|turn|35\n|inactive|Morohathepupper has 120 seconds left.\n|c|\u2606Morohathepupper|Bming doesn\u2019t help bro being a nuisance isn\u2019t fun\n|\n|t:|1700540659\n|move|p2a: Marshadow|Spectral Thief|p1a: GGGGGGS\n|-damage|p1a: GGGGGGS|8\/100\n|move|p1a: GGGGGGS|Infestation|p2a: Marshadow\n|-resisted|p2a: Marshadow\n|-damage|p2a: Marshadow|28\/100\n|-activate|p2a: Marshadow|move: Infestation|[of] p1a: GGGGGGS\n|\n|-heal|p1a: GGGGGGS|14\/100|[from] item: Leftovers\n|-damage|p2a: Marshadow|15\/100|[from] move: Infestation|[partiallytrapped]\n|upkeep\n|turn|36\n|c|\u2606RonaldX8|GG\n|\n|t:|1700540671\n|move|p2a: Marshadow|Shadow Sneak|p1a: GGGGGGS\n|-damage|p1a: GGGGGGS|0 fnt\n|faint|p1a: GGGGGGS\n|\n|-end|p2a: Marshadow|Infestation|[partiallytrapped]|[silent]\n|upkeep\n|\n|t:|1700540679\n|switch|p1a: GGS|Houndstone, M|100\/100\n|-activate|p1a: GGS|move: Sticky Web\n|-unboost|p1a: GGS|spe|1\n|turn|37\n|c|\u2606Morohathepupper|Last respects right?\n|\n|t:|1700540699\n|move|p2a: Marshadow|Shadow Sneak|p1a: GGS\n|-supereffective|p1a: GGS\n|-damage|p1a: GGS|25\/100\n|move|p1a: GGS|Shadow Sneak|p2a: Marshadow\n|-supereffective|p2a: Marshadow\n|-damage|p2a: Marshadow|0 fnt\n|faint|p2a: Marshadow\n|\n|upkeep\n|\n|t:|1700540709\n|switch|p2a: Zacian|Zacian-Crowned|100\/100\n|turn|38\n|c|\u2606Morohathepupper|Oh that\u2019s fine\n|\n|t:|1700540721\n|move|p1a: GGS|Shadow Sneak|p2a: Zacian\n|-damage|p2a: Zacian|72\/100\n|move|p2a: Zacian|Play Rough|p1a: GGS\n|-damage|p1a: GGS|0 fnt\n|faint|p1a: GGS\n|\n|upkeep\n|\n|t:|1700540728\n|switch|p1a: GGGGGGGG|Palafin-Hero, M|52\/100\n|-activate|p1a: GGGGGGGG|move: Sticky Web\n|-unboost|p1a: GGGGGGGG|spe|1\n|turn|39\n|c|\u2606RonaldX8|GG\n|\n|t:|1700540736\n|move|p2a: Zacian|Play Rough|p1a: GGGGGGGG\n|-damage|p1a: GGGGGGGG|0 fnt\n|faint|p1a: GGGGGGGG\n|\n|win|Morohathepupper\n|raw|RonaldX8's rating: 1329 &rarr; <strong>1318<\/strong><br \/>(-11 for losing)\n|raw|Morohathepupper's rating: 1495 &rarr; <strong>1506<\/strong><br \/>(+11 for winning)\n|l|\u2606RonaldX8\n|c|\u2606Morohathepupper|Still confident? Leave\n|raw|<div class=\"broadcast-red\"><b>The server is restarting soon.<\/b><br \/>Please finish your battles quickly. No new battles can be started until the server resets in a few minutes.<\/div>\n","uploadtime":1700540797,"views":1,"p1id":"ronaldx8","p2id":"morohathepupper","formatid":"gen9nationaldexubers","rating":1318,"private":0,"password":""}