{"id":"gen9nationaldexubers-1987681146","p1":"anil kottu god","p2":"yohisup","format":"[Gen 9] National Dex Ubers","log":"|j|\u2606anil kottu god\n|j|\u203dyohisup\n|t:|1699627103\n|gametype|singles\n|player|p1|anil kottu god|red|1000\n|player|p2|yohisup|102|1089\n|teamsize|p1|6\n|teamsize|p2|6\n|gen|9\n|tier|[Gen 9] National Dex Ubers\n|rated|\n|rule|HP Percentage Mod: HP is shown in percentages\n|rule|Endless Battle Clause: Forcing endless battles is banned\n|rule|OHKO Clause: OHKO moves are banned\n|rule|Evasion Moves Clause: Evasion moves are banned\n|rule|Evasion Items Clause: Evasion items are banned\n|rule|Species Clause: Limit one of each Pok\u00e9mon\n|rule|Sleep Clause Mod: Limit one foe put to sleep\n|rule|Mega Rayquaza Clause: You cannot mega evolve Rayquaza\n|clearpoke\n|poke|p1|Garchomp, F|\n|poke|p1|Blaziken, M|\n|poke|p1|Clefable, F|\n|poke|p1|Ferrothorn, M|\n|poke|p1|Cloyster, F|\n|poke|p1|Noivern, F|\n|poke|p2|Diancie|\n|poke|p2|Tapu Koko|\n|poke|p2|Sneasler, F|\n|poke|p2|Lucario, F|\n|poke|p2|Shaymin-Sky|\n|poke|p2|Buzzwole|\n|teampreview\n|\n|t:|1699627126\n|start\n|switch|p1a: Blaziken|Blaziken, M|100\/100\n|switch|p2a: Sneasler|Sneasler, F|100\/100\n|-ability|p2a: Sneasler|Pressure\n|turn|1\n|\n|t:|1699627134\n|move|p2a: Sneasler|Swords Dance|p2a: Sneasler\n|-boost|p2a: Sneasler|atk|2\n|move|p1a: Blaziken|Swords Dance|p1a: Blaziken\n|-boost|p1a: Blaziken|atk|2\n|\n|-ability|p1a: Blaziken|Speed Boost|boost\n|-boost|p1a: Blaziken|spe|1\n|upkeep\n|turn|2\n|\n|t:|1699627147\n|-zpower|p1a: Blaziken\n|move|p1a: Blaziken|All-Out Pummeling|p2a: Sneasler|[zeffect]\n|-resisted|p2a: Sneasler\n|-damage|p2a: Sneasler|0 fnt\n|faint|p2a: Sneasler\n|\n|-ability|p1a: Blaziken|Speed Boost|boost\n|-boost|p1a: Blaziken|spe|1\n|upkeep\n|\n|t:|1699627157\n|switch|p2a: Shaymin|Shaymin-Sky|100\/100\n|turn|3\n|\n|t:|1699627164\n|move|p1a: Blaziken|Swords Dance|p1a: Blaziken\n|-boost|p1a: Blaziken|atk|2\n|move|p2a: Shaymin|Air Slash|p1a: Blaziken\n|-supereffective|p1a: Blaziken\n|-damage|p1a: Blaziken|0 fnt\n|faint|p1a: Blaziken\n|\n|upkeep\n|\n|t:|1699627169\n|switch|p1a: Ferrothorn|Ferrothorn, M|100\/100\n|turn|4\n|\n|t:|1699627176\n|move|p2a: Shaymin|Air Slash|p1a: Ferrothorn\n|-damage|p1a: Ferrothorn|67\/100\n|move|p1a: Ferrothorn|Toxic|p2a: Shaymin\n|-status|p2a: Shaymin|tox\n|\n|-heal|p1a: Ferrothorn|73\/100|[from] item: Leftovers\n|-damage|p2a: Shaymin|94\/100 tox|[from] psn\n|upkeep\n|turn|5\n|\n|t:|1699627190\n|switch|p2a: Buzzwole|Buzzwole|100\/100\n|move|p1a: Ferrothorn|Leech Seed|p2a: Buzzwole\n|-start|p2a: Buzzwole|move: Leech Seed\n|\n|-heal|p1a: Ferrothorn|79\/100|[from] item: Leftovers\n|-damage|p2a: Buzzwole|88\/100|[from] Leech Seed|[of] p1a: Ferrothorn\n|-heal|p1a: Ferrothorn|92\/100|[silent]\n|upkeep\n|turn|6\n|\n|t:|1699627199\n|move|p1a: Ferrothorn|Protect|p1a: Ferrothorn\n|-singleturn|p1a: Ferrothorn|Protect\n|move|p2a: Buzzwole|Fell Stinger|p1a: Ferrothorn\n|-activate|p1a: Ferrothorn|move: Protect\n|\n|-heal|p2a: Buzzwole|94\/100|[from] item: Leftovers\n|-heal|p1a: Ferrothorn|98\/100|[from] item: Leftovers\n|-damage|p2a: Buzzwole|82\/100|[from] Leech Seed|[of] p1a: Ferrothorn\n|-heal|p1a: Ferrothorn|100\/100|[silent]\n|upkeep\n|turn|7\n|\n|t:|1699627207\n|move|p2a: Buzzwole|Fell Stinger|p1a: Ferrothorn\n|-damage|p1a: Ferrothorn|85\/100\n|move|p1a: Ferrothorn|Toxic|p2a: Buzzwole\n|-status|p2a: Buzzwole|tox\n|\n|-heal|p2a: Buzzwole|88\/100 tox|[from] item: Leftovers\n|-heal|p1a: Ferrothorn|91\/100|[from] item: Leftovers\n|-damage|p2a: Buzzwole|76\/100 tox|[from] Leech Seed|[of] p1a: Ferrothorn\n|-heal|p1a: Ferrothorn|100\/100|[silent]\n|-damage|p2a: Buzzwole|70\/100 tox|[from] psn\n|upkeep\n|turn|8\n|\n|t:|1699627217\n|move|p2a: Buzzwole|Drain Punch|p1a: Ferrothorn\n|-supereffective|p1a: Ferrothorn\n|-damage|p1a: Ferrothorn|54\/100\n|-heal|p2a: Buzzwole|93\/100 tox|[from] drain|[of] p1a: Ferrothorn\n|move|p1a: Ferrothorn|Power Whip|p2a: Buzzwole\n|-resisted|p2a: Buzzwole\n|-damage|p2a: Buzzwole|82\/100 tox\n|\n|-heal|p2a: Buzzwole|88\/100 tox|[from] item: Leftovers\n|-heal|p1a: Ferrothorn|60\/100|[from] item: Leftovers\n|-damage|p2a: Buzzwole|75\/100 tox|[from] Leech Seed|[of] p1a: Ferrothorn\n|-heal|p1a: Ferrothorn|73\/100|[silent]\n|-damage|p2a: Buzzwole|63\/100 tox|[from] psn\n|upkeep\n|turn|9\n|\n|t:|1699627230\n|move|p1a: Ferrothorn|Protect|p1a: Ferrothorn\n|-singleturn|p1a: Ferrothorn|Protect\n|move|p2a: Buzzwole|Drain Punch|p1a: Ferrothorn\n|-activate|p1a: Ferrothorn|move: Protect\n|\n|-heal|p2a: Buzzwole|69\/100 tox|[from] item: Leftovers\n|-heal|p1a: Ferrothorn|79\/100|[from] item: Leftovers\n|-damage|p2a: Buzzwole|57\/100 tox|[from] Leech Seed|[of] p1a: Ferrothorn\n|-heal|p1a: Ferrothorn|91\/100|[silent]\n|-damage|p2a: Buzzwole|38\/100 tox|[from] psn\n|upkeep\n|turn|10\n|\n|t:|1699627242\n|move|p2a: Buzzwole|Drain Punch|p1a: Ferrothorn\n|-supereffective|p1a: Ferrothorn\n|-damage|p1a: Ferrothorn|43\/100\n|-heal|p2a: Buzzwole|62\/100 tox|[from] drain|[of] p1a: Ferrothorn\n|move|p1a: Ferrothorn|Power Whip|p2a: Buzzwole\n|-resisted|p2a: Buzzwole\n|-damage|p2a: Buzzwole|51\/100 tox\n|\n|-heal|p2a: Buzzwole|57\/100 tox|[from] item: Leftovers\n|-heal|p1a: Ferrothorn|49\/100|[from] item: Leftovers\n|-damage|p2a: Buzzwole|45\/100 tox|[from] Leech Seed|[of] p1a: Ferrothorn\n|-heal|p1a: Ferrothorn|62\/100|[silent]\n|-damage|p2a: Buzzwole|20\/100 tox|[from] psn\n|upkeep\n|turn|11\n|\n|t:|1699627260\n|move|p1a: Ferrothorn|Protect|p1a: Ferrothorn\n|-singleturn|p1a: Ferrothorn|Protect\n|move|p2a: Buzzwole|Drain Punch|p1a: Ferrothorn\n|-activate|p1a: Ferrothorn|move: Protect\n|\n|-heal|p2a: Buzzwole|26\/100 tox|[from] item: Leftovers\n|-heal|p1a: Ferrothorn|68\/100|[from] item: Leftovers\n|-damage|p2a: Buzzwole|14\/100 tox|[from] Leech Seed|[of] p1a: Ferrothorn\n|-heal|p1a: Ferrothorn|81\/100|[silent]\n|-damage|p2a: Buzzwole|0 fnt|[from] psn\n|faint|p2a: Buzzwole\n|upkeep\n|\n|t:|1699627285\n|switch|p2a: Lucario|Lucario, F|100\/100\n|turn|12\n|\n|t:|1699627295\n|detailschange|p2a: Lucario|Lucario-Mega, F\n|-mega|p2a: Lucario|Lucario|Lucarionite\n|move|p2a: Lucario|Close Combat|p1a: Ferrothorn\n|-supereffective|p1a: Ferrothorn\n|-damage|p1a: Ferrothorn|0 fnt\n|-unboost|p2a: Lucario|def|1\n|-unboost|p2a: Lucario|spd|1\n|faint|p1a: Ferrothorn\n|\n|upkeep\n|\n|t:|1699627301\n|switch|p1a: Noivern|Noivern, F|100\/100\n|turn|13\n|\n|t:|1699627307\n|move|p1a: Noivern|Heat Wave|p2a: Lucario\n|-supereffective|p2a: Lucario\n|-damage|p2a: Lucario|0 fnt\n|faint|p2a: Lucario\n|\n|upkeep\n|\n|t:|1699627325\n|switch|p2a: Diancie|Diancie|100\/100\n|turn|14\n|\n|t:|1699627332\n|-terastallize|p1a: Noivern|Flying\n|move|p1a: Noivern|Heat Wave|p2a: Diancie\n|-resisted|p2a: Diancie\n|-damage|p2a: Diancie|88\/100\n|move|p2a: Diancie|Diamond Storm|p1a: Noivern\n|-supereffective|p1a: Noivern\n|-damage|p1a: Noivern|2\/100\n|\n|upkeep\n|turn|15\n|\n|t:|1699627340\n|move|p1a: Noivern|Heat Wave|p2a: Diancie\n|-resisted|p2a: Diancie\n|-damage|p2a: Diancie|76\/100\n|-status|p2a: Diancie|brn\n|move|p2a: Diancie|Diamond Storm|p1a: Noivern\n|-supereffective|p1a: Noivern\n|-damage|p1a: Noivern|0 fnt\n|faint|p1a: Noivern\n|\n|-damage|p2a: Diancie|70\/100 brn|[from] brn\n|upkeep\n|\n|t:|1699627345\n|switch|p1a: Clefable|Clefable, F, shiny|100\/100\n|turn|16\n|\n|t:|1699627362\n|move|p1a: Clefable|Toxic||[still]\n|-fail|p1a: Clefable\n|move|p2a: Diancie|Earth Power|p1a: Clefable\n|-damage|p1a: Clefable|75\/100\n|\n|-damage|p1a: Clefable|63\/100|[from] item: Black Sludge\n|-damage|p2a: Diancie|64\/100 brn|[from] brn\n|upkeep\n|turn|17\n|\n|t:|1699627398\n|move|p1a: Clefable|Moonblast|p2a: Diancie\n|-crit|p2a: Diancie\n|-damage|p2a: Diancie|15\/100 brn\n|move|p2a: Diancie|Earth Power|p1a: Clefable\n|-damage|p1a: Clefable|40\/100\n|\n|-damage|p1a: Clefable|28\/100|[from] item: Black Sludge\n|-damage|p2a: Diancie|9\/100 brn|[from] brn\n|upkeep\n|turn|18\n|inactive|Battle timer is ON: inactive players will automatically lose when time's up. (requested by yohisup)\n|inactive|anil kottu god has 120 seconds left.\n|\n|t:|1699627429\n|move|p1a: Clefable|Toxic||[still]\n|-fail|p1a: Clefable\n|move|p2a: Diancie|Psychic|p1a: Clefable\n|-damage|p1a: Clefable|4\/100\n|\n|-damage|p1a: Clefable|0 fnt|[from] item: Black Sludge\n|faint|p1a: Clefable\n|-damage|p2a: Diancie|3\/100 brn|[from] brn\n|upkeep\n|\n|t:|1699627433\n|switch|p1a: Garchomp|Garchomp, F|100\/100\n|turn|19\n|\n|t:|1699627446\n|move|p1a: Garchomp|Swords Dance|p1a: Garchomp\n|-boost|p1a: Garchomp|atk|2\n|move|p2a: Diancie|Moonblast|p1a: Garchomp\n|-supereffective|p1a: Garchomp\n|-damage|p1a: Garchomp|8\/100\n|\n|-damage|p2a: Diancie|0 fnt|[from] brn\n|faint|p2a: Diancie\n|upkeep\n|\n|t:|1699627456\n|switch|p2a: Shaymin|Shaymin-Sky|94\/100 tox\n|turn|20\n|\n|t:|1699627483\n|move|p2a: Shaymin|Seed Flare|p1a: Garchomp\n|-damage|p1a: Garchomp|0 fnt\n|faint|p1a: Garchomp\n|\n|-heal|p2a: Shaymin|100\/100 tox|[from] item: Leftovers\n|-damage|p2a: Shaymin|94\/100 tox|[from] psn\n|upkeep\n|\n|t:|1699627491\n|switch|p1a: Cloyster|Cloyster, F|100\/100\n|turn|21\n|\n|t:|1699627500\n|move|p2a: Shaymin|Seed Flare|p1a: Cloyster\n|-supereffective|p1a: Cloyster\n|-damage|p1a: Cloyster|0 fnt\n|faint|p1a: Cloyster\n|\n|win|yohisup\n|raw|anil kottu god's rating: 1000 &rarr; <strong>1000<\/strong><br \/>(+0 for losing)\n|raw|yohisup's rating: 1089 &rarr; <strong>1109<\/strong><br \/>(+20 for winning)\n|l|\u2606anil kottu god\n","uploadtime":1699627512,"views":4,"p1id":"anilkottugod","p2id":"yohisup","formatid":"gen9nationaldexubers","rating":1000,"private":0,"password":""}