{"id":"gen9nationaldexubers-1996292451","p1":"SupernovaOnToaster","p2":"BlackVoidDragon","format":"[Gen 9] National Dex Ubers","log":"|j|\u2606SupernovaOnToaster\n|j|\u2606BlackVoidDragon\n|t:|1700668209\n|gametype|singles\n|player|p1|SupernovaOnToaster|cilan|1052\n|player|p2|BlackVoidDragon|unknown|1105\n|teamsize|p1|3\n|teamsize|p2|6\n|gen|9\n|tier|[Gen 9] National Dex Ubers\n|rated|\n|rule|HP Percentage Mod: HP is shown in percentages\n|rule|Endless Battle Clause: Forcing endless battles is banned\n|rule|OHKO Clause: OHKO moves are banned\n|rule|Evasion Moves Clause: Evasion moves are banned\n|rule|Evasion Items Clause: Evasion items are banned\n|rule|Species Clause: Limit one of each Pok\u00e9mon\n|rule|Sleep Clause Mod: Limit one foe put to sleep\n|rule|Mega Rayquaza Clause: You cannot mega evolve Rayquaza\n|clearpoke\n|poke|p1|Arceus-Psychic|\n|poke|p1|Murkrow, M|\n|poke|p1|Blissey, F|\n|poke|p2|Zygarde|\n|poke|p2|Necrozma-Dawn-Wings|\n|poke|p2|Groudon|\n|poke|p2|Kyogre|\n|poke|p2|Mewtwo|\n|poke|p2|Revavroom, M|\n|teampreview\n|inactive|Battle timer is ON: inactive players will automatically lose when time's up. (requested by BlackVoidDragon)\n|inactive|SupernovaOnToaster also wants the timer to be on.\n|\n|t:|1700668228\n|start\n|switch|p1a: Murkrow|Murkrow, M|100\/100\n|switch|p2a: 4thDementional|Necrozma-Dawn-Wings, shiny|100\/100\n|turn|1\n|\n|t:|1700668237\n|detailschange|p2a: 4thDementional|Necrozma-Ultra, shiny\n|-burst|p2a: 4thDementional|Necrozma|Ultranecrozium Z\n|move|p1a: Murkrow|Taunt|p2a: 4thDementional\n|-start|p2a: 4thDementional|move: Taunt\n|cant|p2a: 4thDementional|move: Taunt|Cosmic Power\n|\n|upkeep\n|turn|2\n|\n|t:|1700668249\n|move|p1a: Murkrow|Tailwind|p1a: Murkrow\n|-sidestart|p1: SupernovaOnToaster|move: Tailwind\n|move|p2a: 4thDementional|Moongeist Beam|p1a: Murkrow\n|-resisted|p1a: Murkrow\n|-damage|p1a: Murkrow|64\/100\n|\n|upkeep\n|turn|3\n|\n|t:|1700668259\n|switch|p1a: Just perish bait|Blissey, F|100\/100\n|move|p2a: 4thDementional|Photon Geyser|p1a: Just perish bait\n|-damage|p1a: Just perish bait|78\/100\n|\n|-heal|p1a: Just perish bait|84\/100|[from] item: Leftovers\n|-end|p2a: 4thDementional|move: Taunt\n|upkeep\n|turn|4\n|\n|t:|1700668270\n|switch|p1a: Arceus|Arceus-Psychic|100\/100\n|move|p2a: 4thDementional|Dragon Dance|p2a: 4thDementional\n|-boost|p2a: 4thDementional|atk|1\n|-boost|p2a: 4thDementional|spe|1\n|\n|upkeep\n|turn|5\n|\n|t:|1700668279\n|-terastallize|p1a: Arceus|Steel\n|move|p1a: Arceus|Cosmic Power|p1a: Arceus\n|-boost|p1a: Arceus|def|1\n|-boost|p1a: Arceus|spd|1\n|move|p2a: 4thDementional|Cosmic Power|p2a: 4thDementional\n|-boost|p2a: 4thDementional|def|1\n|-boost|p2a: 4thDementional|spd|1\n|\n|-sideend|p1: SupernovaOnToaster|move: Tailwind\n|upkeep\n|turn|6\n|\n|t:|1700668288\n|move|p2a: 4thDementional|Dragon Dance|p2a: 4thDementional\n|-boost|p2a: 4thDementional|atk|1\n|-boost|p2a: 4thDementional|spe|1\n|move|p1a: Arceus|Cosmic Power|p1a: Arceus\n|-boost|p1a: Arceus|def|1\n|-boost|p1a: Arceus|spd|1\n|\n|upkeep\n|turn|7\n|\n|t:|1700668294\n|move|p2a: 4thDementional|Cosmic Power|p2a: 4thDementional\n|-boost|p2a: 4thDementional|def|1\n|-boost|p2a: 4thDementional|spd|1\n|move|p1a: Arceus|Cosmic Power|p1a: Arceus\n|-boost|p1a: Arceus|def|1\n|-boost|p1a: Arceus|spd|1\n|\n|upkeep\n|turn|8\n|\n|t:|1700668300\n|move|p2a: 4thDementional|Dragon Dance|p2a: 4thDementional\n|-boost|p2a: 4thDementional|atk|1\n|-boost|p2a: 4thDementional|spe|1\n|move|p1a: Arceus|Cosmic Power|p1a: Arceus\n|-boost|p1a: Arceus|def|1\n|-boost|p1a: Arceus|spd|1\n|\n|upkeep\n|turn|9\n|\n|t:|1700668306\n|move|p2a: 4thDementional|Dragon Dance|p2a: 4thDementional\n|-boost|p2a: 4thDementional|atk|1\n|-boost|p2a: 4thDementional|spe|1\n|move|p1a: Arceus|Cosmic Power|p1a: Arceus\n|-boost|p1a: Arceus|def|1\n|-boost|p1a: Arceus|spd|1\n|\n|upkeep\n|turn|10\n|\n|t:|1700668313\n|move|p2a: 4thDementional|Dragon Dance|p2a: 4thDementional\n|-boost|p2a: 4thDementional|atk|1\n|-boost|p2a: 4thDementional|spe|1\n|move|p1a: Arceus|Cosmic Power|p1a: Arceus\n|-boost|p1a: Arceus|def|1\n|-boost|p1a: Arceus|spd|1\n|\n|upkeep\n|turn|11\n|\n|t:|1700668319\n|move|p2a: 4thDementional|Dragon Dance|p2a: 4thDementional\n|-boost|p2a: 4thDementional|atk|1\n|-boost|p2a: 4thDementional|spe|1\n|move|p1a: Arceus|Stored Power|p2a: 4thDementional\n|-resisted|p2a: 4thDementional\n|-damage|p2a: 4thDementional|73\/100\n|\n|upkeep\n|turn|12\n|\n|t:|1700668326\n|-zpower|p2a: 4thDementional\n|move|p2a: 4thDementional|Light That Burns the Sky|p1a: Arceus|[zeffect]\n|-resisted|p1a: Arceus\n|-damage|p1a: Arceus|63\/100\n|move|p1a: Arceus|Stored Power|p2a: 4thDementional\n|-resisted|p2a: 4thDementional\n|-damage|p2a: 4thDementional|44\/100\n|\n|upkeep\n|turn|13\n|\n|t:|1700668339\n|move|p2a: 4thDementional|Moongeist Beam|p1a: Arceus\n|-damage|p1a: Arceus|56\/100\n|move|p1a: Arceus|Stored Power|p2a: 4thDementional\n|-resisted|p2a: 4thDementional\n|-damage|p2a: 4thDementional|13\/100\n|\n|upkeep\n|turn|14\n|\n|t:|1700668348\n|move|p2a: 4thDementional|Photon Geyser|p1a: Arceus\n|-resisted|p1a: Arceus\n|-damage|p1a: Arceus|37\/100\n|move|p1a: Arceus|Recover|p1a: Arceus\n|-heal|p1a: Arceus|87\/100\n|\n|upkeep\n|turn|15\n|\n|t:|1700668359\n|switch|p2a: DinoBoi|Groudon, shiny|100\/100\n|detailschange|p2a: DinoBoi|Groudon-Primal, shiny\n|-primal|p2a: DinoBoi|Red Orb\n|-weather|DesolateLand|[from] ability: Desolate Land|[of] p2a: DinoBoi\n|move|p1a: Arceus|Stored Power|p2a: DinoBoi\n|-damage|p2a: DinoBoi|0 fnt\n|faint|p2a: DinoBoi\n|-weather|none\n|\n|upkeep\n|\n|t:|1700668369\n|switch|p2a: BigBrainMoves|Mewtwo, shiny|100\/100\n|-ability|p2a: BigBrainMoves|Pressure\n|turn|16\n|c|\u2606SupernovaOnToaster|interesting choice to throw out the groudon\n|\n|t:|1700668376\n|detailschange|p2a: BigBrainMoves|Mewtwo-Mega-X, shiny\n|-mega|p2a: BigBrainMoves|Mewtwo|Mewtwonite X\n|move|p1a: Arceus|Stored Power|p2a: BigBrainMoves\n|-damage|p2a: BigBrainMoves|0 fnt\n|faint|p2a: BigBrainMoves\n|\n|upkeep\n|\n|t:|1700668391\n|switch|p2a: Covid-19|Zygarde, shiny|100\/100\n|turn|17\n|\n|t:|1700668399\n|move|p2a: Covid-19|Extreme Speed|p1a: Arceus\n|-resisted|p1a: Arceus\n|-damage|p1a: Arceus|85\/100\n|move|p1a: Arceus|Stored Power|p2a: Covid-19\n|-damage|p2a: Covid-19|0 fnt\n|faint|p2a: Covid-19\n|\n|upkeep\n|\n|t:|1700668406\n|switch|p2a: FairyTypeDestroyer|Revavroom, M|100\/100\n|turn|18\n|c|\u2606SupernovaOnToaster|if u kept necrozma in you had a chance btw\n|\n|t:|1700668428\n|switch|p2a: ChunkyWhale|Kyogre, shiny|100\/100\n|detailschange|p2a: ChunkyWhale|Kyogre-Primal, shiny\n|-primal|p2a: ChunkyWhale|Blue Orb\n|-weather|PrimordialSea|[from] ability: Primordial Sea|[of] p2a: ChunkyWhale\n|move|p1a: Arceus|Stored Power|p2a: ChunkyWhale\n|-damage|p2a: ChunkyWhale|27\/100\n|\n|-weather|PrimordialSea|[upkeep]\n|upkeep\n|turn|19\n|c|\u2606SupernovaOnToaster|why lol?\n|\n|t:|1700668439\n|move|p1a: Arceus|Stored Power|p2a: ChunkyWhale\n|-damage|p2a: ChunkyWhale|0 fnt\n|faint|p2a: ChunkyWhale\n|-weather|none\n|\n|upkeep\n|\n|t:|1700668444\n|switch|p2a: 4thDementional|Necrozma-Ultra, shiny|13\/100\n|turn|20\n|\n|t:|1700668449\n|move|p1a: Arceus|Stored Power|p2a: 4thDementional\n|-resisted|p2a: 4thDementional\n|-damage|p2a: 4thDementional|0 fnt\n|faint|p2a: 4thDementional\n|\n|upkeep\n|\n|t:|1700668454\n|switch|p2a: FairyTypeDestroyer|Revavroom, M|100\/100\n|turn|21\n|c|\u2606SupernovaOnToaster|gg\n|\n|t:|1700668462\n|move|p1a: Arceus|Stored Power|p2a: FairyTypeDestroyer\n|-damage|p2a: FairyTypeDestroyer|0 fnt\n|faint|p2a: FairyTypeDestroyer\n|\n|win|SupernovaOnToaster\n|raw|SupernovaOnToaster's rating: 1052 &rarr; <strong>1089<\/strong><br \/>(+37 for winning)\n|raw|BlackVoidDragon's rating: 1105 &rarr; <strong>1076<\/strong><br \/>(-29 for losing)\n|l|\u2606BlackVoidDragon\n","uploadtime":1700668525,"views":1,"p1id":"supernovaontoaster","p2id":"blackvoiddragon","formatid":"gen9nationaldexubers","rating":1076,"private":0,"password":""}