{"id":"gen9nationaldexubers-1997935156","p1":"ShedinjaIsFunnyBug","p2":"Potent Parm (Test)","format":"[Gen 9] National Dex Ubers","log":"|j|\u2606ShedinjaIsFunnyBug\n|j|\u2606Potent Parm (Test)\n|t:|1700869336\n|gametype|singles\n|player|p1|ShedinjaIsFunnyBug|steven|\n|player|p2|Potent Parm (Test)|marnie-masters3|\n|teamsize|p1|6\n|teamsize|p2|6\n|gen|9\n|tier|[Gen 9] National Dex Ubers\n|rated|Tournament battle\n|rule|HP Percentage Mod: HP is shown in percentages\n|rule|Endless Battle Clause: Forcing endless battles is banned\n|rule|OHKO Clause: OHKO moves are banned\n|rule|Evasion Moves Clause: Evasion moves are banned\n|rule|Evasion Items Clause: Evasion items are banned\n|rule|Species Clause: Limit one of each Pok\u00e9mon\n|rule|Sleep Clause Mod: Limit one foe put to sleep\n|rule|Mega Rayquaza Clause: You cannot mega evolve Rayquaza\n|clearpoke\n|poke|p1|Hatterene, F|\n|poke|p1|Groudon|\n|poke|p1|Lunala|\n|poke|p1|Dialga|\n|poke|p1|Arceus-Grass|\n|poke|p1|Ursaluna-Bloodmoon, M|\n|poke|p2|Lugia|\n|poke|p2|Blissey, F|\n|poke|p2|Sableye, M|\n|poke|p2|Giratina|\n|poke|p2|Dondozo, M|\n|poke|p2|Toxapex, F|\n|teampreview\n|inactive|Battle timer is ON: inactive players will automatically lose when time's up. (requested by ShedinjaIsFunnyBug)\n|j| Xurkiyee\n|j|+Runo\n|inactive|ShedinjaIsFunnyBug has 120 seconds left.\n|inactive|Potent Parm (Test) has 120 seconds left.\n|c|\u2606ShedinjaIsFunnyBug|Glhf\n|j|@hidin\n|c|@hidin|stall\n|j| Ataki\n|j| imarithadon\n|c|@hidin|Realllllllll classy\n|c| Ataki|zamn\n|inactive|Potent Parm (Test) has 90 seconds left.\n|c|\u2606ShedinjaIsFunnyBug|I can only try\n|inactive|Potent Parm (Test) has 60 seconds left.\n|l| Ataki\n|\n|t:|1700869449\n|start\n|switch|p1a: Groudon|Groudon|100\/100\n|switch|p2a: Blissey|Blissey, F|100\/100\n|-weather|SunnyDay|[from] ability: Drought|[of] p1a: Groudon\n|turn|1\n|c|\u2606Potent Parm (Test)|im sorry sirs\n|inactive|ShedinjaIsFunnyBug has 120 seconds left.\n|c|\u2606ShedinjaIsFunnyBug|It's okay\n|c|\u2606ShedinjaIsFunnyBug|I don't mind\n|c| Xurkiyee|Bear can clutch\n|\n|t:|1700869498\n|switch|p2a: Giratina|Giratina|100\/100\n|-ability|p2a: Giratina|Pressure\n|move|p1a: Groudon|Heat Crash|p2a: Giratina\n|-resisted|p2a: Giratina\n|-damage|p2a: Giratina|95\/100\n|\n|-weather|SunnyDay|[upkeep]\n|-heal|p2a: Giratina|100\/100|[from] item: Leftovers\n|upkeep\n|turn|2\n|inactive|Potent Parm (Test) has 90 seconds left.\n|inactive|Potent Parm (Test) has 60 seconds left.\n|\n|t:|1700869573\n|switch|p2a: Lugia|Lugia|100\/100\n|switch|p1a: Hatterene|Hatterene, F|100\/100\n|\n|-weather|SunnyDay|[upkeep]\n|upkeep\n|turn|3\n|inactive|ShedinjaIsFunnyBug has 90 seconds left.\n|\n|t:|1700869621\n|move|p2a: Lugia|Shadow Ball|p1a: Hatterene\n|-supereffective|p1a: Hatterene\n|-damage|p1a: Hatterene|67\/100\n|move|p1a: Hatterene|Trick Room|p1a: Hatterene\n|-fieldstart|move: Trick Room|[of] p1a: Hatterene\n|\n|-weather|SunnyDay|[upkeep]\n|upkeep\n|turn|4\n|inactive|ShedinjaIsFunnyBug has 60 seconds left.\n|inactive|Potent Parm (Test) has 30 seconds left.\n|inactive|Potent Parm (Test) has 20 seconds left.\n|\n|t:|1700869663\n|switch|p1a: Dialga|Dialga|100\/100\n|-ability|p1a: Dialga|Pressure\n|switch|p2a: Blissey|Blissey, F|100\/100\n|\n|-weather|SunnyDay|[upkeep]\n|upkeep\n|turn|5\n|inactive|Potent Parm (Test) has 30 seconds left this turn.\n|inactive|ShedinjaIsFunnyBug has 60 seconds left.\n|c|\u2606ShedinjaIsFunnyBug|We can turn timer off\n|c|\u2606ShedinjaIsFunnyBug|I'm eating leftovers\n|c|\u2606ShedinjaIsFunnyBug|If you want\n|c|\u2606Potent Parm (Test)|fine with me\n|inactiveoff|Battle timer is now OFF.\n|\n|t:|1700869710\n|switch|p1a: Groudon|Groudon|100\/100\n|move|p2a: Blissey|Seismic Toss|p1a: Groudon\n|-damage|p1a: Groudon|71\/100\n|\n|-weather|none\n|upkeep\n|turn|6\n|\n|t:|1700869718\n|switch|p2a: Giratina|Giratina|100\/100\n|-ability|p2a: Giratina|Pressure\n|move|p1a: Groudon|Earthquake|p2a: Giratina\n|-damage|p2a: Giratina|68\/100\n|\n|-heal|p2a: Giratina|75\/100|[from] item: Leftovers\n|upkeep\n|turn|7\n|\n|t:|1700869801\n|switch|p1a: Dialga|Dialga|100\/100\n|-ability|p1a: Dialga|Pressure\n|switch|p2a: Lugia|Lugia|100\/100\n|\n|-fieldend|move: Trick Room\n|upkeep\n|turn|8\n|\n|t:|1700869814\n|switch|p2a: Blissey|Blissey, F|100\/100\n|move|p1a: Dialga|Dragon Pulse|p2a: Blissey\n|-damage|p2a: Blissey|75\/100\n|\n|upkeep\n|turn|9\n|\n|t:|1700869819\n|switch|p1a: Lunala|Lunala|100\/100\n|move|p2a: Blissey|Stealth Rock|p1a: Lunala\n|-sidestart|p1: ShedinjaIsFunnyBug|move: Stealth Rock\n|\n|upkeep\n|turn|10\n|j| JazzyNazzy\n|\n|t:|1700869831\n|switch|p2a: Sableye|Sableye, M|100\/100\n|move|p1a: Lunala|Trick Room|p1a: Lunala\n|-fieldstart|move: Trick Room|[of] p1a: Lunala\n|\n|upkeep\n|turn|11\n|l| imarithadon\n|\n|t:|1700869839\n|detailschange|p2a: Sableye|Sableye-Mega, M\n|-mega|p2a: Sableye|Sableye|Sablenite\n|-terastallize|p1a: Lunala|Fairy\n|move|p2a: Sableye|Foul Play|p1a: Lunala\n|-resisted|p1a: Lunala\n|-damage|p1a: Lunala|94\/100\n|move|p1a: Lunala|Moonblast|p2a: Sableye\n|-supereffective|p2a: Sableye\n|-damage|p2a: Sableye|23\/100\n|\n|upkeep\n|turn|12\n|c| JazzyNazzy|What the fuck\n|c| JazzyNazzy|Stall in ubers\n|\n|t:|1700869856\n|move|p2a: Sableye|Protect|p2a: Sableye\n|-singleturn|p2a: Sableye|Protect\n|move|p1a: Lunala|Moonblast|p2a: Sableye\n|-activate|p2a: Sableye|move: Protect\n|\n|upkeep\n|turn|13\n|j| Metool B\n|c|\u2606Potent Parm (Test)|im sorry sir, i\u2019ll do better next time\n|\n|t:|1700869884\n|switch|p2a: Toxapex|Toxapex, F|100\/100\n|move|p1a: Lunala|Moonblast|p2a: Toxapex\n|-resisted|p2a: Toxapex\n|-damage|p2a: Toxapex|77\/100\n|\n|upkeep\n|turn|14\n|\n|t:|1700869893\n|switch|p2a: Sableye|Sableye-Mega, M|23\/100\n|move|p1a: Lunala|Psyshock|p2a: Sableye\n|-immune|p2a: Sableye\n|\n|-fieldend|move: Trick Room\n|upkeep\n|turn|15\n|c| Xurkiyee|The big stall community thrives\n|c| Xurkiyee|You love to see it\n|\n|t:|1700869921\n|switch|p2a: Blissey|Blissey, F|75\/100\n|move|p1a: Lunala|Moongeist Beam|p2a: Blissey\n|-immune|p2a: Blissey\n|\n|upkeep\n|turn|16\n|\n|t:|1700869928\n|switch|p1a: Hatterene|Hatterene, F|67\/100\n|-damage|p1a: Hatterene|54\/100|[from] Stealth Rock\n|-terastallize|p2a: Blissey|Dark\n|move|p2a: Blissey|Seismic Toss|p1a: Hatterene\n|-damage|p1a: Hatterene|23\/100\n|\n|upkeep\n|turn|17\n|c| JazzyNazzy|Oh nag\n|c| JazzyNazzy|He getting cookd\n|\n|t:|1700869949\n|switch|p2a: Lugia|Lugia|100\/100\n|move|p1a: Hatterene|Healing Wish|p1a: Hatterene\n|faint|p1a: Hatterene\n|\n|upkeep\n|l| Metool B\n|\n|t:|1700869992\n|switch|p1a: Ursaluna|Ursaluna-Bloodmoon, M|100\/100\n|-damage|p1a: Ursaluna|94\/100|[from] Stealth Rock\n|turn|18\n|\n|t:|1700869997\n|move|p2a: Lugia|Calm Mind|p2a: Lugia\n|-boost|p2a: Lugia|spa|1\n|-boost|p2a: Lugia|spd|1\n|move|p1a: Ursaluna|Blood Moon|p2a: Lugia\n|-damage|p2a: Lugia|83\/100\n|\n|upkeep\n|turn|19\n|\n|t:|1700870002\n|switch|p1a: Arceus|Arceus-Grass|100\/100\n|-damage|p1a: Arceus|88\/100|[from] Stealth Rock\n|move|p2a: Lugia|Calm Mind|p2a: Lugia\n|-boost|p2a: Lugia|spa|1\n|-boost|p2a: Lugia|spd|1\n|\n|upkeep\n|turn|20\n|\n|t:|1700870008\n|switch|p2a: Sableye|Sableye-Mega, M|23\/100\n|move|p1a: Arceus|Taunt|p2a: Sableye\n|move|p2a: Sableye|Taunt|p1a: Arceus|[from]ability: Magic Bounce\n|-start|p1a: Arceus|move: Taunt\n|\n|upkeep\n|turn|21\n|\n|t:|1700870017\n|move|p2a: Sableye|Protect|p2a: Sableye\n|-singleturn|p2a: Sableye|Protect\n|move|p1a: Arceus|Judgment|p2a: Sableye\n|-activate|p2a: Sableye|move: Protect\n|\n|upkeep\n|turn|22\n|\n|t:|1700870024\n|switch|p2a: Blissey|Blissey, F, tera:Dark|75\/100\n|move|p1a: Arceus|Judgment|p2a: Blissey\n|-damage|p2a: Blissey|59\/100\n|\n|upkeep\n|turn|23\n|\n|t:|1700870031\n|switch|p1a: Ursaluna|Ursaluna-Bloodmoon, M|94\/100\n|-heal|p1a: Ursaluna|100\/100|[from] move: Healing Wish\n|-damage|p1a: Ursaluna|94\/100|[from] Stealth Rock\n|move|p2a: Blissey|Soft-Boiled|p2a: Blissey\n|-heal|p2a: Blissey|100\/100\n|\n|upkeep\n|turn|24\n|\n|t:|1700870056\n|switch|p2a: Lugia|Lugia|83\/100\n|move|p1a: Ursaluna|Blood Moon|p2a: Lugia\n|-damage|p2a: Lugia|25\/100\n|\n|upkeep\n|turn|25\n|\n|t:|1700870068\n|move|p2a: Lugia|Roost|p2a: Lugia\n|-heal|p2a: Lugia|75\/100\n|-singleturn|p2a: Lugia|move: Roost\n|move|p1a: Ursaluna|Hyper Voice|p2a: Lugia\n|-damage|p2a: Lugia|39\/100\n|\n|upkeep\n|turn|26\n|c|\u2606Potent Parm (Test)|oh goodness me\n|\n|t:|1700870077\n|switch|p2a: Blissey|Blissey, F, tera:Dark|100\/100\n|move|p1a: Ursaluna|Blood Moon|p2a: Blissey\n|-damage|p2a: Blissey|70\/100\n|\n|upkeep\n|turn|27\n|\n|t:|1700870087\n|move|p2a: Blissey|Seismic Toss|p1a: Ursaluna\n|-damage|p1a: Ursaluna|71\/100\n|move|p1a: Ursaluna|Moonblast|p2a: Blissey\n|-supereffective|p2a: Blissey\n|-damage|p2a: Blissey|47\/100\n|\n|upkeep\n|turn|28\n|l|@hidin\n|\n|t:|1700870109\n|move|p2a: Blissey|Soft-Boiled|p2a: Blissey\n|-heal|p2a: Blissey|97\/100\n|move|p1a: Ursaluna|Blood Moon|p2a: Blissey\n|-damage|p2a: Blissey|66\/100\n|\n|upkeep\n|turn|29\n|\n|t:|1700870153\n|switch|p2a: Sableye|Sableye-Mega, M|23\/100\n|move|p1a: Ursaluna|Moonblast|p2a: Sableye\n|-supereffective|p2a: Sableye\n|-damage|p2a: Sableye|0 fnt\n|faint|p2a: Sableye\n|\n|upkeep\n|\n|t:|1700870155\n|switch|p2a: Toxapex|Toxapex, F|100\/100\n|turn|30\n|\n|t:|1700870162\n|move|p1a: Ursaluna|Earth Power|p2a: Toxapex\n|-supereffective|p2a: Toxapex\n|-damage|p2a: Toxapex|15\/100\n|-unboost|p2a: Toxapex|spd|1\n|move|p2a: Toxapex|Toxic Spikes|p1a: Ursaluna\n|-sidestart|p1: ShedinjaIsFunnyBug|move: Toxic Spikes\n|\n|upkeep\n|turn|31\n|\n|t:|1700870174\n|switch|p2a: Lugia|Lugia|39\/100\n|move|p1a: Ursaluna|Hyper Voice|p2a: Lugia\n|-damage|p2a: Lugia|4\/100\n|\n|upkeep\n|turn|32\n|\n|t:|1700870180\n|move|p2a: Lugia|Ice Beam|p1a: Ursaluna\n|-supereffective|p1a: Ursaluna\n|-damage|p1a: Ursaluna|27\/100\n|move|p1a: Ursaluna|Blood Moon|p2a: Lugia\n|-damage|p2a: Lugia|0 fnt\n|faint|p2a: Lugia\n|\n|upkeep\n|\n|t:|1700870184\n|switch|p2a: Blissey|Blissey, F, tera:Dark|66\/100\n|turn|33\n|\n|t:|1700870191\n|move|p2a: Blissey|Seismic Toss|p1a: Ursaluna\n|-damage|p1a: Ursaluna|3\/100\n|move|p1a: Ursaluna|Moonblast|p2a: Blissey\n|-supereffective|p2a: Blissey\n|-damage|p2a: Blissey|39\/100\n|-unboost|p2a: Blissey|spa|1\n|\n|upkeep\n|turn|34\n|\n|t:|1700870206\n|move|p2a: Blissey|Soft-Boiled|p2a: Blissey\n|-heal|p2a: Blissey|89\/100\n|move|p1a: Ursaluna|Blood Moon|p2a: Blissey\n|-damage|p2a: Blissey|53\/100\n|\n|upkeep\n|turn|35\n|\n|t:|1700870224\n|switch|p1a: Dialga|Dialga|100\/100\n|-damage|p1a: Dialga|94\/100|[from] Stealth Rock\n|-ability|p1a: Dialga|Pressure\n|move|p2a: Blissey|Soft-Boiled|p2a: Blissey\n|-heal|p2a: Blissey|100\/100\n|\n|upkeep\n|turn|36\n|\n|t:|1700870234\n|move|p1a: Dialga|Aura Sphere|p2a: Blissey\n|-supereffective|p2a: Blissey\n|-crit|p2a: Blissey\n|-damage|p2a: Blissey|48\/100\n|move|p2a: Blissey|Seismic Toss|p1a: Dialga\n|-damage|p1a: Dialga|70\/100\n|\n|upkeep\n|turn|37\n|\n|t:|1700870250\n|switch|p1a: Arceus|Arceus-Grass|88\/100\n|-damage|p1a: Arceus|76\/100|[from] Stealth Rock\n|-status|p1a: Arceus|psn\n|switch|p2a: Giratina|Giratina|75\/100\n|-ability|p2a: Giratina|Pressure\n|\n|-heal|p2a: Giratina|81\/100|[from] item: Leftovers\n|-damage|p1a: Arceus|63\/100 psn|[from] psn\n|upkeep\n|turn|38\n|c| JazzyNazzy|Evil world we live in\n|\n|t:|1700870257\n|move|p1a: Arceus|Taunt|p2a: Giratina\n|-start|p2a: Giratina|move: Taunt\n|move|p2a: Giratina|Dragon Tail|p1a: Arceus\n|-damage|p1a: Arceus|53\/100 psn\n|drag|p1a: Groudon|Groudon|71\/100\n|-damage|p1a: Groudon|65\/100|[from] Stealth Rock\n|-status|p1a: Groudon|psn\n|-weather|SunnyDay|[from] ability: Drought|[of] p1a: Groudon\n|\n|-weather|SunnyDay|[upkeep]\n|-heal|p2a: Giratina|87\/100|[from] item: Leftovers\n|-damage|p1a: Groudon|53\/100 psn|[from] psn\n|upkeep\n|turn|39\n|c| JazzyNazzy|Dondonzo and bliss stall\n|\n|t:|1700870263\n|move|p1a: Groudon|Earthquake|p2a: Giratina\n|-damage|p2a: Giratina|52\/100\n|move|p2a: Giratina|Dragon Tail|p1a: Groudon\n|-damage|p1a: Groudon|37\/100 psn\n|drag|p1a: Arceus|Arceus-Grass|53\/100 psn\n|-damage|p1a: Arceus|41\/100 psn|[from] Stealth Rock\n|\n|-weather|SunnyDay|[upkeep]\n|-heal|p2a: Giratina|58\/100|[from] item: Leftovers\n|-damage|p1a: Arceus|28\/100 psn|[from] psn\n|upkeep\n|turn|40\n|\n|t:|1700870272\n|switch|p2a: Toxapex|Toxapex, F|49\/100\n|move|p1a: Arceus|Healing Wish|p1a: Arceus\n|faint|p1a: Arceus\n|\n|-weather|SunnyDay|[upkeep]\n|upkeep\n|\n|t:|1700870290\n|switch|p1a: Lunala|Lunala, tera:Fairy|94\/100\n|-heal|p1a: Lunala|100\/100|[from] move: Healing Wish\n|turn|41\n|\n|t:|1700870298\n|switch|p2a: Blissey|Blissey, F, tera:Dark|48\/100\n|move|p1a: Lunala|Psyshock|p2a: Blissey\n|-immune|p2a: Blissey\n|\n|-weather|SunnyDay|[upkeep]\n|upkeep\n|turn|42\n|\n|t:|1700870303\n|move|p1a: Lunala|Moonblast|p2a: Blissey\n|-supereffective|p2a: Blissey\n|-damage|p2a: Blissey|7\/100\n|move|p2a: Blissey|Soft-Boiled|p2a: Blissey\n|-heal|p2a: Blissey|57\/100\n|\n|-weather|none\n|upkeep\n|turn|43\n|\n|t:|1700870317\n|switch|p2a: Toxapex|Toxapex, F|82\/100\n|move|p1a: Lunala|Moonblast|p2a: Toxapex\n|-resisted|p2a: Toxapex\n|-damage|p2a: Toxapex|58\/100\n|\n|upkeep\n|turn|44\n|c|\u2606Potent Parm (Test)|yeah probably gg\n|\n|t:|1700870333\n|move|p1a: Lunala|Psyshock|p2a: Toxapex\n|-supereffective|p2a: Toxapex\n|-damage|p2a: Toxapex|0 fnt\n|faint|p2a: Toxapex\n|\n|upkeep\n|\n|t:|1700870344\n|switch|p2a: Dondozo|Dondozo, M|100\/100\n|turn|45\n|\n|t:|1700870354\n|move|p1a: Lunala|Moongeist Beam|p2a: Dondozo\n|-damage|p2a: Dondozo|43\/100\n|move|p2a: Dondozo|Liquidation|p1a: Lunala\n|-damage|p1a: Lunala|89\/100\n|\n|upkeep\n|turn|46\n|\n|t:|1700870357\n|move|p1a: Lunala|Moongeist Beam|p2a: Dondozo\n|-damage|p2a: Dondozo|0 fnt\n|faint|p2a: Dondozo\n|\n|upkeep\n|c|\u2606ShedinjaIsFunnyBug|Ggwp\n|\n|t:|1700870361\n|switch|p2a: Blissey|Blissey, F, tera:Dark|57\/100\n|turn|47\n|\n|t:|1700870365\n|move|p1a: Lunala|Moonblast|p2a: Blissey\n|-supereffective|p2a: Blissey\n|-damage|p2a: Blissey|16\/100\n|-unboost|p2a: Blissey|spa|1\n|move|p2a: Blissey|Seismic Toss|p1a: Lunala\n|-damage|p1a: Lunala|68\/100\n|\n|upkeep\n|turn|48\n|\n|t:|1700870366\n|move|p1a: Lunala|Moonblast|p2a: Blissey\n|-supereffective|p2a: Blissey\n|-damage|p2a: Blissey|0 fnt\n|faint|p2a: Blissey\n|\n|upkeep\n|\n|t:|1700870368\n|switch|p2a: Giratina|Giratina|58\/100\n|-ability|p2a: Giratina|Pressure\n|turn|49\n|\n|t:|1700870376\n|move|p2a: Giratina|Will-O-Wisp|p1a: Lunala\n|-status|p1a: Lunala|brn\n|move|p1a: Lunala|Moongeist Beam|p2a: Giratina\n|-supereffective|p2a: Giratina\n|-damage|p2a: Giratina|0 fnt\n|faint|p2a: Giratina\n|\n|win|ShedinjaIsFunnyBug\n|n|\u2606ShedinjaIsFunnyBug|shedinjaisfunnybug\n|n|\u2606Potent Parm (Test)|potentparmtest\n|n| Xurkiyee|xurkiyee\n|n| Runo|runo\n|n| JazzyNazzy|jazzynazzy\n|l| JazzyNazzy\n|l|\u2606Potent Parm (Test)\n","uploadtime":1700870387,"views":28,"p1id":"shedinjaisfunnybug","p2id":"potentparmtest","formatid":"gen9nationaldexubers","rating":0,"private":0,"password":""}