{"id":"gen9nationaldexubers-1979594435","p1":"pawket","p2":"VoIteon","format":"[Gen 9] National Dex Ubers","log":"|j|\u2606pawket\n|j|\u2606VoIteon\n|t:|1698695127\n|gametype|singles\n|player|p1|pawket|bugcatcher-gen4dp|\n|player|p2|VoIteon|valerie|\n|teamsize|p1|6\n|teamsize|p2|6\n|gen|9\n|tier|[Gen 9] National Dex Ubers\n|rule|HP Percentage Mod: HP is shown in percentages\n|rule|Endless Battle Clause: Forcing endless battles is banned\n|rule|OHKO Clause: OHKO moves are banned\n|rule|Evasion Moves Clause: Evasion moves are banned\n|rule|Evasion Items Clause: Evasion items are banned\n|rule|Species Clause: Limit one of each Pok\u00e9mon\n|rule|Sleep Clause Mod: Limit one foe put to sleep\n|rule|Mega Rayquaza Clause: You cannot mega evolve Rayquaza\n|clearpoke\n|poke|p1|Hatterene, F|\n|poke|p1|Ursaluna-Bloodmoon, M|\n|poke|p1|Glastrier|\n|poke|p1|Volcarona, F|\n|poke|p1|Grimmsnarl, M|\n|poke|p1|Snorlax, M|\n|poke|p2|Meowscarada, M|\n|poke|p2|Mawile, F|\n|poke|p2|Clodsire, F|\n|poke|p2|Vaporeon, F|\n|poke|p2|Zamazenta-*|\n|poke|p2|Lurantis, F|\n|teampreview\n|l|\u2606VoIteon\n|player|p2|\n|j|\u2606VoIteon\n|player|p2|VoIteon|valerie\n|j| Lunar Sloth\n|j| Smackey_5\n|c| Lunar Sloth|what gem is meowscarada powering\n|c| Smackey_5|is meow tier 1\n|c| Lunar Sloth|tier 2\n|c| Smackey_5|of course dude\n|c|\u2606VoIteon|????\n|c| Smackey_5|freakin mod abuse\n|c|\u2606pawket|planned from the start\n|c| Lunar Sloth|its def tier 2 material\n|c|\u2606VoIteon|ait no way u think it is tiered with kingabit rn\n|c| Lunar Sloth|its still good but yeah not tier 1 level\n|\n|t:|1698695204\n|start\n|switch|p1a: Hatterene|Hatterene, F|100\/100\n|switch|p2a: Meowscarada|Meowscarada, M|100\/100\n|turn|1\n|j| Gran gran\n|c| Gran gran|Hey man\n|c| Smackey_5|hey man!\n|\n|t:|1698695214\n|switch|p2a: Vaporeon|Vaporeon, F|100\/100\n|move|p1a: Hatterene|Trick Room|p1a: Hatterene\n|-fieldstart|move: Trick Room|[of] p1a: Hatterene\n|\n|upkeep\n|turn|2\n|\n|t:|1698695230\n|move|p2a: Vaporeon|Protect|p2a: Vaporeon\n|-singleturn|p2a: Vaporeon|Protect\n|move|p1a: Hatterene|Psychic|p2a: Vaporeon\n|-activate|p2a: Vaporeon|move: Protect\n|\n|upkeep\n|turn|3\n|c|\u2606pawket|>:(\n|c|\u2606VoIteon|>:)\n|\n|t:|1698695241\n|switch|p1a: Grimmsnarl|Grimmsnarl, M|100\/100\n|move|p2a: Vaporeon|Flip Turn|p1a: Grimmsnarl\n|-damage|p1a: Grimmsnarl|87\/100\n|c| Smackey_5|STALL\n|\n|t:|1698695248\n|switch|p2a: Mawile|Mawile, F|100\/100|[from] Flip Turn\n|-ability|p2a: Mawile|Intimidate|boost\n|-unboost|p1a: Grimmsnarl|atk|1\n|\n|upkeep\n|turn|4\n|\n|t:|1698695258\n|detailschange|p2a: Mawile|Mawile-Mega, F\n|-mega|p2a: Mawile|Mawile|Mawilite\n|move|p1a: Grimmsnarl|Parting Shot|p2a: Mawile\n|-unboost|p2a: Mawile|atk|1\n|-unboost|p2a: Mawile|spa|1\n|\n|t:|1698695267\n|switch|p1a: Volcarona|Volcarona, F|100\/100|[from] Parting Shot\n|move|p2a: Mawile|Play Rough|p1a: Volcarona\n|-resisted|p1a: Volcarona\n|-damage|p1a: Volcarona|73\/100\n|\n|upkeep\n|turn|5\n|j| ZBFusion\n|c| Lunar Sloth|wheres the burn..\n|\n|t:|1698695277\n|switch|p2a: Clodsire|Clodsire, F|100\/100\n|move|p1a: Volcarona|Fiery Dance|p2a: Clodsire\n|-damage|p2a: Clodsire|82\/100\n|-boost|p1a: Volcarona|spa|1\n|\n|-heal|p2a: Clodsire|89\/100|[from] item: Leftovers\n|-fieldend|move: Trick Room\n|upkeep\n|turn|6\n|\n|t:|1698695301\n|switch|p1a: Ursaluna|Ursaluna-Bloodmoon, M|100\/100\n|move|p2a: Clodsire|Earthquake|p1a: Ursaluna\n|-damage|p1a: Ursaluna|80\/100\n|\n|-heal|p2a: Clodsire|95\/100|[from] item: Leftovers\n|upkeep\n|turn|7\n|\n|t:|1698695313\n|switch|p2a: Vaporeon|Vaporeon, F|100\/100\n|move|p1a: Ursaluna|Taunt|p2a: Vaporeon\n|-start|p2a: Vaporeon|move: Taunt\n|\n|upkeep\n|turn|8\n|j| Demolution545\n|\n|t:|1698695335\n|switch|p1a: Grimmsnarl|Grimmsnarl, M|87\/100\n|move|p2a: Vaporeon|Flip Turn|p1a: Grimmsnarl\n|-damage|p1a: Grimmsnarl|72\/100\n|\n|t:|1698695350\n|switch|p2a: Mawile|Mawile-Mega, F|100\/100|[from] Flip Turn\n|\n|upkeep\n|turn|9\n|\n|t:|1698695361\n|move|p1a: Grimmsnarl|Reflect|p1a: Grimmsnarl\n|-sidestart|p1: pawket|Reflect\n|move|p2a: Mawile|Play Rough|p1a: Grimmsnarl\n|-supereffective|p1a: Grimmsnarl\n|-damage|p1a: Grimmsnarl|0 fnt\n|faint|p1a: Grimmsnarl\n|\n|upkeep\n|l| Gran gran\n|\n|t:|1698695386\n|switch|p1a: Volcarona|Volcarona, F|73\/100\n|turn|10\n|\n|t:|1698695393\n|switch|p1a: Ursaluna|Ursaluna-Bloodmoon, M|80\/100\n|switch|p2a: Clodsire|Clodsire, F|95\/100\n|\n|-heal|p2a: Clodsire|100\/100|[from] item: Leftovers\n|upkeep\n|turn|11\n|\n|t:|1698695406\n|move|p1a: Ursaluna|Blood Moon|p2a: Clodsire\n|-damage|p2a: Clodsire|39\/100\n|-damage|p1a: Ursaluna|70\/100|[from] item: Life Orb\n|move|p2a: Clodsire|Toxic|p1a: Ursaluna\n|-status|p1a: Ursaluna|tox\n|\n|-heal|p2a: Clodsire|45\/100|[from] item: Leftovers\n|-damage|p1a: Ursaluna|64\/100 tox|[from] psn\n|upkeep\n|turn|12\n|l| Demolution545\n|\n|t:|1698695417\n|move|p2a: Clodsire|Protect|p2a: Clodsire\n|-singleturn|p2a: Clodsire|Protect\n|move|p1a: Ursaluna|Earth Power|p2a: Clodsire\n|-activate|p2a: Clodsire|move: Protect\n|\n|-heal|p2a: Clodsire|51\/100|[from] item: Leftovers\n|-damage|p1a: Ursaluna|51\/100 tox|[from] psn\n|upkeep\n|turn|13\n|c|\u2606pawket|gr\n|j| Demolution545\n|\n|t:|1698695433\n|switch|p2a: Mawile|Mawile-Mega, F|100\/100\n|move|p1a: Ursaluna|Blood Moon|p2a: Mawile\n|-resisted|p2a: Mawile\n|-damage|p2a: Mawile|42\/100\n|-damage|p1a: Ursaluna|41\/100 tox|[from] item: Life Orb\n|\n|-damage|p1a: Ursaluna|23\/100 tox|[from] psn\n|upkeep\n|turn|14\n|c| Lunar Sloth|jesus\n|c|\u2606pawket|toxic. nice move. just like u :((((\n|c|\u2606VoIteon|;-;\n|\n|t:|1698695448\n|switch|p1a: Volcarona|Volcarona, F|73\/100\n|move|p2a: Mawile|Play Rough|p1a: Volcarona\n|-resisted|p1a: Volcarona\n|-damage|p1a: Volcarona|54\/100\n|-status|p2a: Mawile|brn|[from] ability: Flame Body|[of] p1a: Volcarona\n|\n|-damage|p2a: Mawile|36\/100 brn|[from] brn\n|upkeep\n|turn|15\n|c| Smackey_5|cody not beating the stall allegations\n|l| Demolution545\n|\n|t:|1698695458\n|switch|p2a: Clodsire|Clodsire, F|51\/100\n|move|p1a: Volcarona|Quiver Dance|p1a: Volcarona\n|-boost|p1a: Volcarona|spa|1\n|-boost|p1a: Volcarona|spd|1\n|-boost|p1a: Volcarona|spe|1\n|\n|-heal|p2a: Clodsire|58\/100|[from] item: Leftovers\n|upkeep\n|turn|16\n|j| MiniBearGrahams\n|\n|t:|1698695473\n|move|p1a: Volcarona|Fiery Dance|p2a: Clodsire\n|-damage|p2a: Clodsire|38\/100\n|move|p2a: Clodsire|Recover|p2a: Clodsire\n|-heal|p2a: Clodsire|88\/100\n|\n|-heal|p2a: Clodsire|94\/100|[from] item: Leftovers\n|-sideend|p1: pawket|Reflect\n|upkeep\n|turn|17\n|j| Demolution545\n|\n|t:|1698695482\n|switch|p1a: Ursaluna|Ursaluna-Bloodmoon, M|23\/100 tox\n|move|p2a: Clodsire|Earthquake|p1a: Ursaluna\n|-damage|p1a: Ursaluna|3\/100 tox\n|\n|-heal|p2a: Clodsire|100\/100|[from] item: Leftovers\n|-damage|p1a: Ursaluna|0 fnt|[from] psn\n|faint|p1a: Ursaluna\n|upkeep\n|c|\u2606pawket|suffering\n|c|\u2606VoIteon|the clod\n|\n|t:|1698695492\n|switch|p1a: Hatterene|Hatterene, F|100\/100\n|turn|18\n|\n|t:|1698695501\n|switch|p2a: Vaporeon|Vaporeon, F|100\/100\n|move|p1a: Hatterene|Psychic|p2a: Vaporeon\n|-damage|p2a: Vaporeon|59\/100\n|\n|-heal|p2a: Vaporeon|65\/100|[from] item: Leftovers\n|upkeep\n|turn|19\n|\n|t:|1698695511\n|move|p2a: Vaporeon|Flip Turn|p1a: Hatterene\n|-damage|p1a: Hatterene|86\/100\n|\n|t:|1698695515\n|switch|p2a: Mawile|Mawile-Mega, F|36\/100 brn|[from] Flip Turn\n|move|p1a: Hatterene|Trick Room|p1a: Hatterene\n|-fieldstart|move: Trick Room|[of] p1a: Hatterene\n|\n|-damage|p2a: Mawile|30\/100 brn|[from] brn\n|upkeep\n|turn|20\n|\n|t:|1698695521\n|move|p1a: Hatterene|Mystical Fire|p2a: Mawile\n|-supereffective|p2a: Mawile\n|-crit|p2a: Mawile\n|-damage|p2a: Mawile|0 fnt\n|faint|p2a: Mawile\n|\n|upkeep\n|\n|t:|1698695523\n|switch|p2a: Lurantis|Lurantis, F, shiny|100\/100\n|turn|21\n|\n|t:|1698695531\n|move|p2a: Lurantis|Leaf Storm|p1a: Hatterene\n|-damage|p1a: Hatterene|35\/100\n|-boost|p2a: Lurantis|spa|2\n|move|p1a: Hatterene|Mystical Fire|p2a: Lurantis\n|-supereffective|p2a: Lurantis\n|-damage|p2a: Lurantis|35\/100\n|-boost|p2a: Lurantis|spa|1\n|\n|upkeep\n|turn|22\n|\n|t:|1698695541\n|move|p2a: Lurantis|Leaf Storm|p1a: Hatterene\n|-damage|p1a: Hatterene|0 fnt\n|-boost|p2a: Lurantis|spa|2\n|faint|p1a: Hatterene\n|\n|upkeep\n|c| Lunar Sloth|how does lurantis underspeed hat\n|c|\u2606VoIteon|i am so fast\n|\n|t:|1698695548\n|switch|p1a: Volcarona|Volcarona, F|54\/100\n|turn|23\n|c| Smackey_5|wow\n|\n|t:|1698695553\n|move|p2a: Lurantis|Hidden Power|p1a: Volcarona\n|-supereffective|p1a: Volcarona\n|-damage|p1a: Volcarona|0 fnt\n|faint|p1a: Volcarona\n|\n|-fieldend|move: Trick Room\n|upkeep\n|c| Lunar Sloth|is that fucking iron ball\n|c| Smackey_5|hat not min speed probably\n|c|\u2606VoIteon|no....\n|\n|t:|1698695561\n|switch|p1a: Glastrier|Glastrier|100\/100\n|turn|24\n|c| MiniBearGrahams|Volteon\u2019s been cooking something up\n|\n|t:|1698695567\n|-zpower|p1a: Glastrier\n|move|p1a: Glastrier|Subzero Slammer|p2a: Lurantis|[zeffect]\n|-supereffective|p2a: Lurantis\n|-damage|p2a: Lurantis|0 fnt\n|faint|p2a: Lurantis\n|-ability|p1a: Glastrier|Chilling Neigh|boost\n|-boost|p1a: Glastrier|atk|1\n|\n|upkeep\n|\n|t:|1698695572\n|switch|p2a: Zamazenta|Zamazenta|100\/100\n|-ability|p2a: Zamazenta|Dauntless Shield|boost\n|-boost|p2a: Zamazenta|def|1\n|turn|25\n|c| Smackey_5|Z MOVE WOAH\n|c|\u2606pawket|just glad to get KOs at this point dang\n|\n|t:|1698695587\n|move|p2a: Zamazenta|Iron Defense|p2a: Zamazenta\n|-boost|p2a: Zamazenta|def|2\n|move|p1a: Glastrier|Swords Dance|p1a: Glastrier\n|-boost|p1a: Glastrier|atk|2\n|\n|upkeep\n|turn|26\n|\n|t:|1698695594\n|-terastallize|p2a: Zamazenta|Fighting\n|move|p2a: Zamazenta|Body Press|p1a: Glastrier\n|-supereffective|p1a: Glastrier\n|-damage|p1a: Glastrier|0 fnt\n|faint|p1a: Glastrier\n|\n|upkeep\n|\n|t:|1698695602\n|switch|p1a: Snorlax|Snorlax, M|100\/100\n|turn|27\n|\n|t:|1698695608\n|-terastallize|p1a: Snorlax|Fire\n|move|p2a: Zamazenta|Body Press|p1a: Snorlax\n|-damage|p1a: Snorlax|0 fnt\n|faint|p1a: Snorlax\n|\n|win|VoIteon\n|c|\u2606pawket|lol\n|c|\u2606VoIteon|Gg\n|c|\u2606pawket|GG\n|l| ZBFusion\n|l| MiniBearGrahams\n","uploadtime":1698695619,"views":12,"p1id":"pawket","p2id":"voiteon","formatid":"gen9nationaldexubers","rating":0,"private":0,"password":""}