{"id":"gen9nationaldexubers-1987102855","p1":"S0A0M0I0","p2":"MobSkull","format":"[Gen 9] National Dex Ubers","log":"|j|\u2606S0A0M0I0\n|j|\u2606MobSkull\n|t:|1699556270\n|gametype|singles\n|player|p1|S0A0M0I0|unknown|1507\n|player|p2|MobSkull|galacticgruntf|1416\n|teamsize|p1|6\n|teamsize|p2|6\n|gen|9\n|tier|[Gen 9] National Dex Ubers\n|rated|\n|rule|HP Percentage Mod: HP is shown in percentages\n|rule|Endless Battle Clause: Forcing endless battles is banned\n|rule|OHKO Clause: OHKO moves are banned\n|rule|Evasion Moves Clause: Evasion moves are banned\n|rule|Evasion Items Clause: Evasion items are banned\n|rule|Species Clause: Limit one of each Pok\u00e9mon\n|rule|Sleep Clause Mod: Limit one foe put to sleep\n|rule|Mega Rayquaza Clause: You cannot mega evolve Rayquaza\n|clearpoke\n|poke|p1|Lunala|\n|poke|p1|Zacian-*|\n|poke|p1|Arceus-Dark|\n|poke|p1|Ho-Oh|\n|poke|p1|Eternatus|\n|poke|p1|Groudon|\n|poke|p2|Arceus-Fairy|\n|poke|p2|Yveltal|\n|poke|p2|Groudon|\n|poke|p2|Kyogre|\n|poke|p2|Giratina-Origin|\n|poke|p2|Necrozma-Dusk-Mane|\n|teampreview\n|inactive|Battle timer is ON: inactive players will automatically lose when time's up. (requested by MobSkull)\n|\n|t:|1699556298\n|start\n|switch|p1a: Lunala|Lunala|100\/100\n|switch|p2a: Groudon|Groudon|100\/100\n|detailschange|p2a: Groudon|Groudon-Primal\n|-primal|p2a: Groudon|Red Orb\n|-weather|DesolateLand|[from] ability: Desolate Land|[of] p2a: Groudon\n|turn|1\n|\n|t:|1699556303\n|move|p1a: Lunala|Moongeist Beam|p2a: Groudon\n|-damage|p2a: Groudon|43\/100\n|move|p2a: Groudon|Stealth Rock|p1a: Lunala\n|-sidestart|p1: S0A0M0I0|move: Stealth Rock\n|\n|-weather|DesolateLand|[upkeep]\n|upkeep\n|turn|2\n|\n|t:|1699556310\n|move|p1a: Lunala|Moongeist Beam|p2a: Groudon\n|-damage|p2a: Groudon|0 fnt\n|faint|p2a: Groudon\n|-weather|none\n|\n|upkeep\n|\n|t:|1699556314\n|switch|p2a: Yveltal|Yveltal, shiny|100\/100\n|-ability|p2a: Yveltal|Dark Aura\n|turn|3\n|\n|t:|1699556318\n|switch|p1a: Arceus|Arceus-Dark|100\/100\n|-damage|p1a: Arceus|88\/100|[from] Stealth Rock\n|move|p2a: Yveltal|Knock Off|p1a: Arceus\n|-resisted|p1a: Arceus\n|-damage|p1a: Arceus|79\/100\n|\n|upkeep\n|turn|4\n|\n|t:|1699556326\n|move|p2a: Yveltal|Taunt|p1a: Arceus\n|-start|p1a: Arceus|move: Taunt\n|cant|p1a: Arceus|move: Taunt|Taunt\n|\n|upkeep\n|turn|5\n|\n|t:|1699556336\n|switch|p2a: Arceus|Arceus-Fairy, shiny|100\/100\n|move|p1a: Arceus|Foul Play|p2a: Arceus\n|-resisted|p2a: Arceus\n|-damage|p2a: Arceus|91\/100\n|\n|upkeep\n|turn|6\n|\n|t:|1699556342\n|switch|p1a: Ho-Oh|Ho-Oh|100\/100\n|move|p2a: Arceus|Calm Mind|p2a: Arceus\n|-boost|p2a: Arceus|spa|1\n|-boost|p2a: Arceus|spd|1\n|\n|upkeep\n|turn|7\n|\n|t:|1699556348\n|switch|p2a: Kyogre|Kyogre|100\/100\n|detailschange|p2a: Kyogre|Kyogre-Primal\n|-primal|p2a: Kyogre|Blue Orb\n|-weather|PrimordialSea|[from] ability: Primordial Sea|[of] p2a: Kyogre\n|move|p1a: Ho-Oh|Toxic|p2a: Kyogre\n|-status|p2a: Kyogre|tox\n|\n|-weather|PrimordialSea|[upkeep]\n|-damage|p2a: Kyogre|94\/100 tox|[from] psn\n|upkeep\n|turn|8\n|\n|t:|1699556355\n|switch|p1a: Groudon|Groudon|100\/100\n|-damage|p1a: Groudon|94\/100|[from] Stealth Rock\n|detailschange|p1a: Groudon|Groudon-Primal\n|-primal|p1a: Groudon|Red Orb\n|-weather|DesolateLand|[from] ability: Desolate Land|[of] p1a: Groudon\n|move|p2a: Kyogre|Thunder Wave|p1a: Groudon\n|-immune|p1a: Groudon\n|\n|-weather|DesolateLand|[upkeep]\n|-damage|p2a: Kyogre|82\/100 tox|[from] psn\n|upkeep\n|turn|9\n|\n|t:|1699556364\n|switch|p2a: Yveltal|Yveltal, shiny|100\/100\n|-ability|p2a: Yveltal|Dark Aura\n|move|p1a: Groudon|Stealth Rock|p2a: Yveltal\n|-sidestart|p2: MobSkull|move: Stealth Rock\n|\n|-weather|DesolateLand|[upkeep]\n|upkeep\n|turn|10\n|\n|t:|1699556375\n|move|p2a: Yveltal|Taunt|p1a: Groudon\n|-start|p1a: Groudon|move: Taunt\n|cant|p1a: Groudon|move: Taunt|Toxic\n|\n|-weather|DesolateLand|[upkeep]\n|upkeep\n|turn|11\n|\n|t:|1699556383\n|switch|p2a: Kyogre|Kyogre-Primal|82\/100 tox\n|-damage|p2a: Kyogre|70\/100 tox|[from] Stealth Rock\n|-weather|PrimordialSea|[from] ability: Primordial Sea|[of] p2a: Kyogre\n|move|p1a: Groudon|Stone Edge|p2a: Kyogre\n|-damage|p2a: Kyogre|29\/100 tox\n|\n|-weather|PrimordialSea|[upkeep]\n|-damage|p2a: Kyogre|22\/100 tox|[from] psn\n|upkeep\n|turn|12\n|\n|t:|1699556393\n|switch|p1a: Eternatus|Eternatus|100\/100\n|-damage|p1a: Eternatus|88\/100|[from] Stealth Rock\n|-ability|p1a: Eternatus|Pressure\n|move|p2a: Kyogre|Origin Pulse|p1a: Eternatus\n|-resisted|p1a: Eternatus\n|-damage|p1a: Eternatus|53\/100\n|\n|-weather|PrimordialSea|[upkeep]\n|-heal|p1a: Eternatus|59\/100|[from] item: Leftovers\n|-damage|p2a: Kyogre|10\/100 tox|[from] psn\n|upkeep\n|turn|13\n|\n|t:|1699556400\n|move|p1a: Eternatus|Sludge Bomb|p2a: Kyogre\n|-damage|p2a: Kyogre|0 fnt\n|faint|p2a: Kyogre\n|-weather|none\n|\n|-heal|p1a: Eternatus|65\/100|[from] item: Leftovers\n|upkeep\n|\n|t:|1699556405\n|switch|p2a: Necrozma|Necrozma-Dusk-Mane, shiny|100\/100\n|-damage|p2a: Necrozma|94\/100|[from] Stealth Rock\n|turn|14\n|\n|t:|1699556409\n|switch|p1a: Groudon|Groudon-Primal|94\/100\n|-damage|p1a: Groudon|82\/100|[from] Stealth Rock\n|-weather|DesolateLand|[from] ability: Desolate Land|[of] p1a: Groudon\n|move|p2a: Necrozma|Trick Room|p2a: Necrozma\n|-fieldstart|move: Trick Room|[of] p2a: Necrozma\n|\n|-weather|DesolateLand|[upkeep]\n|upkeep\n|turn|15\n|\n|t:|1699556415\n|-weather|none\n|switch|p1a: Ho-Oh|Ho-Oh|100\/100\n|move|p2a: Necrozma|Earthquake|p1a: Ho-Oh\n|-immune|p1a: Ho-Oh\n|\n|upkeep\n|turn|16\n|\n|t:|1699556419\n|move|p2a: Necrozma|Photon Geyser|p1a: Ho-Oh\n|-damage|p1a: Ho-Oh|58\/100\n|move|p1a: Ho-Oh|Whirlwind|p2a: Necrozma\n|drag|p2a: Giratina|Giratina-Origin, shiny|100\/100\n|-damage|p2a: Giratina|88\/100|[from] Stealth Rock\n|\n|upkeep\n|turn|17\n|\n|t:|1699556430\n|move|p2a: Giratina|Draco Meteor|p1a: Ho-Oh\n|-damage|p1a: Ho-Oh|14\/100\n|-unboost|p2a: Giratina|spa|2\n|move|p1a: Ho-Oh|Defog|p2a: Giratina\n|-unboost|p2a: Giratina|evasion|1\n|-sideend|p2: MobSkull|Stealth Rock|[from] move: Defog|[of] p1a: Ho-Oh\n|-sideend|p1: S0A0M0I0|Stealth Rock|[from] move: Defog|[of] p1a: Ho-Oh\n|\n|upkeep\n|turn|18\n|j| SweetHogayta101\n|\n|t:|1699556440\n|switch|p2a: Yveltal|Yveltal, shiny|100\/100\n|-ability|p2a: Yveltal|Dark Aura\n|switch|p1a: Arceus|Arceus-Dark|79\/100\n|\n|-fieldend|move: Trick Room\n|upkeep\n|turn|19\n|\n|t:|1699556453\n|switch|p1a: Ho-Oh|Ho-Oh|47\/100\n|move|p2a: Yveltal|Taunt|p1a: Ho-Oh\n|-start|p1a: Ho-Oh|move: Taunt\n|\n|upkeep\n|turn|20\n|\n|t:|1699556457\n|switch|p1a: Arceus|Arceus-Dark|79\/100\n|move|p2a: Yveltal|Knock Off|p1a: Arceus\n|-resisted|p1a: Arceus\n|-damage|p1a: Arceus|69\/100\n|\n|upkeep\n|turn|21\n|\n|t:|1699556464\n|switch|p1a: Ho-Oh|Ho-Oh|80\/100\n|move|p2a: Yveltal|Taunt|p1a: Ho-Oh\n|-start|p1a: Ho-Oh|move: Taunt\n|\n|upkeep\n|turn|22\n|\n|t:|1699556471\n|switch|p2a: Necrozma|Necrozma-Dusk-Mane, shiny|94\/100\n|switch|p1a: Zacian|Zacian-Crowned|100\/100\n|-ability|p1a: Zacian|Intrepid Sword|boost\n|-boost|p1a: Zacian|atk|1\n|\n|upkeep\n|turn|23\n|\n|t:|1699556491\n|switch|p1a: Ho-Oh|Ho-Oh|100\/100\n|switch|p2a: Giratina|Giratina-Origin, shiny|88\/100\n|\n|upkeep\n|turn|24\n|\n|t:|1699556501\n|switch|p2a: Yveltal|Yveltal, shiny|100\/100\n|-ability|p2a: Yveltal|Dark Aura\n|move|p1a: Ho-Oh|Toxic|p2a: Yveltal\n|-status|p2a: Yveltal|tox\n|\n|-damage|p2a: Yveltal|94\/100 tox|[from] psn\n|upkeep\n|turn|25\n|\n|t:|1699556508\n|switch|p1a: Zacian|Zacian-Crowned|100\/100\n|move|p2a: Yveltal|Taunt|p1a: Zacian\n|-start|p1a: Zacian|move: Taunt\n|\n|-damage|p2a: Yveltal|82\/100 tox|[from] psn\n|upkeep\n|turn|26\n|\n|t:|1699556514\n|move|p2a: Yveltal|Sucker Punch|p1a: Zacian\n|-resisted|p1a: Zacian\n|-damage|p1a: Zacian|82\/100\n|move|p1a: Zacian|Close Combat|p2a: Yveltal\n|-damage|p2a: Yveltal|46\/100 tox\n|-unboost|p1a: Zacian|def|1\n|-unboost|p1a: Zacian|spd|1\n|\n|-damage|p2a: Yveltal|27\/100 tox|[from] psn\n|upkeep\n|turn|27\n|\n|t:|1699556522\n|switch|p1a: Arceus|Arceus-Dark|69\/100\n|move|p2a: Yveltal|Sucker Punch||[still]\n|-fail|p2a: Yveltal\n|\n|-damage|p2a: Yveltal|2\/100 tox|[from] psn\n|upkeep\n|turn|28\n|l| SweetHogayta101\n|\n|t:|1699556542\n|switch|p1a: Lunala|Lunala|100\/100\n|move|p2a: Yveltal|Taunt|p1a: Lunala\n|-start|p1a: Lunala|move: Taunt\n|\n|-damage|p2a: Yveltal|0 fnt|[from] psn\n|faint|p2a: Yveltal\n|upkeep\n|\n|t:|1699556549\n|switch|p2a: Necrozma|Necrozma-Dusk-Mane, shiny|94\/100\n|turn|29\n|\n|t:|1699556552\n|move|p1a: Lunala|Moongeist Beam|p2a: Necrozma\n|-supereffective|p2a: Necrozma\n|-damage|p2a: Necrozma|0 fnt\n|faint|p2a: Necrozma\n|\n|upkeep\n|-message|MobSkull forfeited.\n|\n|win|S0A0M0I0\n|raw|S0A0M0I0's rating: 1507 &rarr; <strong>1522<\/strong><br \/>(+15 for winning)\n|raw|MobSkull's rating: 1416 &rarr; <strong>1401<\/strong><br \/>(-15 for losing)\n|l|\u2606MobSkull\n","uploadtime":1699556567,"views":7,"p1id":"s0a0m0i0","p2id":"mobskull","formatid":"gen9nationaldexubers","rating":1401,"private":0,"password":""}