{"id":"gen9nationaldexubers-1982932770","p1":"Mathl3te","p2":"m1k34g","format":"[Gen 9] National Dex Ubers","log":"|j|\u2606Mathl3te\n|j|\u2606m1k34g\n|t:|1699060205\n|gametype|singles\n|player|p1|Mathl3te|li|\n|player|p2|m1k34g|lusamine-nihilego|\n|teamsize|p1|6\n|teamsize|p2|6\n|gen|9\n|tier|[Gen 9] National Dex Ubers\n|rule|HP Percentage Mod: HP is shown in percentages\n|rule|Endless Battle Clause: Forcing endless battles is banned\n|rule|OHKO Clause: OHKO moves are banned\n|rule|Evasion Moves Clause: Evasion moves are banned\n|rule|Evasion Items Clause: Evasion items are banned\n|rule|Species Clause: Limit one of each Pok\u00e9mon\n|rule|Sleep Clause Mod: Limit one foe put to sleep\n|rule|Mega Rayquaza Clause: You cannot mega evolve Rayquaza\n|clearpoke\n|poke|p1|Xerneas-*|\n|poke|p1|Pheromosa|\n|poke|p1|Shuckle, M|\n|poke|p1|Eternatus|\n|poke|p1|Palafin, M|\n|poke|p1|Kingambit, M|\n|poke|p2|Giratina-Origin|\n|poke|p2|Reshiram|\n|poke|p2|Tapu Koko|\n|poke|p2|Sneasler, M|\n|poke|p2|Kartana|\n|poke|p2|Mawile, M|\n|teampreview\n|c|\u2606m1k34g|gl hf\n|c|\u2606Mathl3te|Gl hf bro\n|j| Jordanbutt12\n|\n|t:|1699060261\n|start\n|switch|p1a: Shuckle|Shuckle, M|100\/100\n|switch|p2a: tapu pre workout|Tapu Koko, shiny|100\/100\n|-fieldstart|move: Electric Terrain|[from] ability: Electric Surge|[of] p2a: tapu pre workout\n|turn|1\n|\n|t:|1699060272\n|move|p2a: tapu pre workout|Toxic|p1a: Shuckle\n|-status|p1a: Shuckle|tox\n|move|p1a: Shuckle|Sticky Web|p2a: tapu pre workout\n|-sidestart|p2: m1k34g|move: Sticky Web\n|\n|-damage|p1a: Shuckle|94\/100 tox|[from] psn\n|upkeep\n|turn|2\n|\n|t:|1699060279\n|move|p2a: tapu pre workout|Volt Switch|p1a: Shuckle\n|-damage|p1a: Shuckle|74\/100 tox\n|\n|t:|1699060283\n|switch|p2a: just need 15|Reshiram, shiny|100\/100|[from] Volt Switch\n|-activate|p2a: just need 15|move: Sticky Web\n|-unboost|p2a: just need 15|spe|1\n|-ability|p2a: just need 15|Turboblaze\n|move|p1a: Shuckle|Encore||[still]\n|-fail|p1a: Shuckle\n|\n|-damage|p1a: Shuckle|62\/100 tox|[from] psn\n|upkeep\n|turn|3\n|\n|t:|1699060294\n|move|p2a: just need 15|Defog|p1a: Shuckle\n|-unboost|p1a: Shuckle|evasion|1\n|-sideend|p2: m1k34g|Sticky Web|[from] move: Defog|[of] p2a: just need 15\n|-fieldend|move: Electric Terrain\n|move|p1a: Shuckle|Stealth Rock|p2a: just need 15\n|-sidestart|p2: m1k34g|move: Stealth Rock\n|\n|-damage|p1a: Shuckle|43\/100 tox|[from] psn\n|upkeep\n|turn|4\n|\n|t:|1699060298\n|switch|p2a: Necrozma-Ultra\u200f\u200f\u200e|Mawile, M, shiny|100\/100\n|-damage|p2a: Necrozma-Ultra\u200f\u200f\u200e|95\/100|[from] Stealth Rock\n|-ability|p2a: Necrozma-Ultra\u200f\u200f\u200e|Intimidate|boost\n|-unboost|p1a: Shuckle|atk|1\n|move|p1a: Shuckle|Sticky Web|p2a: Necrozma-Ultra\u200f\u200f\u200e\n|-sidestart|p2: m1k34g|move: Sticky Web\n|\n|-damage|p1a: Shuckle|19\/100 tox|[from] psn\n|upkeep\n|turn|5\n|\n|t:|1699060303\n|move|p2a: Necrozma-Ultra\u200f\u200f\u200e|Substitute|p2a: Necrozma-Ultra\u200f\u200f\u200e\n|-start|p2a: Necrozma-Ultra\u200f\u200f\u200e|Substitute\n|-damage|p2a: Necrozma-Ultra\u200f\u200f\u200e|70\/100\n|move|p1a: Shuckle|Encore|p2a: Necrozma-Ultra\u200f\u200f\u200e\n|-start|p2a: Necrozma-Ultra\u200f\u200f\u200e|Encore\n|\n|-damage|p1a: Shuckle|0 fnt|[from] psn\n|faint|p1a: Shuckle\n|upkeep\n|\n|t:|1699060309\n|switch|p1a: Palafin|Palafin, M|100\/100\n|turn|6\n|c|\u2606m1k34g|idk how they let me name it this\n|\n|t:|1699060336\n|switch|p2a: 1-3-1|Giratina-Origin|100\/100\n|-damage|p2a: 1-3-1|88\/100|[from] Stealth Rock\n|move|p1a: Palafin|Flip Turn|p2a: 1-3-1\n|-resisted|p2a: 1-3-1\n|-damage|p2a: 1-3-1|80\/100\n|\n|t:|1699060346\n|detailschange|p1a: Palafin|Palafin-Hero, M\n|switch|p1a: Kingambit|Kingambit, M|100\/100|[from] Flip Turn\n|-activate|p1a: Kingambit|ability: Supreme Overlord\n|-start|p1a: Kingambit|fallen1|[silent]\n|\n|upkeep\n|turn|7\n|\n|t:|1699060364\n|switch|p2a: just need 15|Reshiram, shiny|100\/100\n|-damage|p2a: just need 15|76\/100|[from] Stealth Rock\n|-activate|p2a: just need 15|move: Sticky Web\n|-unboost|p2a: just need 15|spe|1\n|-ability|p2a: just need 15|Turboblaze\n|move|p1a: Kingambit|Knock Off|p2a: just need 15\n|-damage|p2a: just need 15|0 fnt\n|-enditem|p2a: just need 15|Choice Scarf|[from] move: Knock Off|[of] p1a: Kingambit\n|faint|p2a: just need 15\n|-damage|p1a: Kingambit|91\/100|[from] item: Life Orb\n|\n|upkeep\n|\n|t:|1699060386\n|switch|p2a: Necrozma-Ultra\u200f\u200f\u200e|Mawile, M, shiny|70\/100\n|-damage|p2a: Necrozma-Ultra\u200f\u200f\u200e|64\/100|[from] Stealth Rock\n|-activate|p2a: Necrozma-Ultra\u200f\u200f\u200e|move: Sticky Web\n|-unboost|p2a: Necrozma-Ultra\u200f\u200f\u200e|spe|1\n|-ability|p2a: Necrozma-Ultra\u200f\u200f\u200e|Intimidate|boost\n|-unboost|p1a: Kingambit|atk|1\n|turn|8\n|\n|t:|1699060393\n|move|p1a: Kingambit|Iron Head|p2a: Necrozma-Ultra\u200f\u200f\u200e\n|-damage|p2a: Necrozma-Ultra\u200f\u200f\u200e|7\/100\n|-damage|p1a: Kingambit|81\/100|[from] item: Life Orb\n|cant|p2a: Necrozma-Ultra\u200f\u200f\u200e|flinch\n|\n|upkeep\n|turn|9\n|c|\u2606m1k34g|i forgot to mega in finals\n|c|\u2606m1k34g|gamer moment\n|l| Jordanbutt12\n|\n|t:|1699060415\n|detailschange|p2a: Necrozma-Ultra\u200f\u200f\u200e|Mawile-Mega, M, shiny\n|-mega|p2a: Necrozma-Ultra\u200f\u200f\u200e|Mawile|Mawilite\n|move|p1a: Kingambit|Knock Off|p2a: Necrozma-Ultra\u200f\u200f\u200e\n|-resisted|p2a: Necrozma-Ultra\u200f\u200f\u200e\n|-damage|p2a: Necrozma-Ultra\u200f\u200f\u200e|0 fnt\n|faint|p2a: Necrozma-Ultra\u200f\u200f\u200e\n|-damage|p1a: Kingambit|71\/100|[from] item: Life Orb\n|\n|upkeep\n|j| Jordanbutt12\n|\n|t:|1699060432\n|switch|p2a: parlay|Kartana|100\/100\n|-damage|p2a: parlay|94\/100|[from] Stealth Rock\n|-activate|p2a: parlay|move: Sticky Web\n|-unboost|p2a: parlay|spe|1\n|turn|10\n|\n|t:|1699060454\n|move|p1a: Kingambit|Sucker Punch|p2a: parlay\n|-damage|p2a: parlay|55\/100\n|-damage|p1a: Kingambit|61\/100|[from] item: Life Orb\n|move|p2a: parlay|Smart Strike|p1a: Kingambit\n|-resisted|p1a: Kingambit\n|-damage|p1a: Kingambit|40\/100\n|\n|upkeep\n|turn|11\n|\n|t:|1699060465\n|switch|p2a: tapu pre workout|Tapu Koko, shiny|100\/100\n|-fieldstart|move: Electric Terrain|[from] ability: Electric Surge|[of] p2a: tapu pre workout\n|move|p1a: Kingambit|Knock Off|p2a: tapu pre workout\n|-resisted|p2a: tapu pre workout\n|-damage|p2a: tapu pre workout|69\/100\n|-enditem|p2a: tapu pre workout|Heavy-Duty Boots|[from] move: Knock Off|[of] p1a: Kingambit\n|-damage|p1a: Kingambit|30\/100|[from] item: Life Orb\n|\n|upkeep\n|turn|12\n|\n|t:|1699060472\n|move|p2a: tapu pre workout|Volt Switch|p1a: Kingambit\n|-damage|p1a: Kingambit|0 fnt\n|faint|p1a: Kingambit\n|-end|p1a: Kingambit|fallen1|[silent]\n|\n|t:|1699060479\n|switch|p2a: 1-3-1|Giratina-Origin|80\/100|[from] Volt Switch\n|-damage|p2a: 1-3-1|68\/100|[from] Stealth Rock\n|\n|upkeep\n|\n|t:|1699060513\n|switch|p1a: Eternatus|Eternatus|100\/100\n|-ability|p1a: Eternatus|Pressure\n|turn|13\n|\n|t:|1699060520\n|-terastallize|p2a: 1-3-1|Poison\n|move|p1a: Eternatus|Dynamax Cannon|p2a: 1-3-1\n|-damage|p2a: 1-3-1|16\/100\n|-damage|p1a: Eternatus|91\/100|[from] item: Life Orb\n|move|p2a: 1-3-1|Thunder Wave|p1a: Eternatus\n|-status|p1a: Eternatus|par\n|\n|upkeep\n|turn|14\n|\n|t:|1699060532\n|move|p2a: 1-3-1|Pain Split|p1a: Eternatus\n|-sethp|p1a: Eternatus|55\/100 par|[from] move: Pain Split|[silent]\n|-sethp|p2a: 1-3-1|46\/100|[from] move: Pain Split\n|move|p1a: Eternatus|Flamethrower|p2a: 1-3-1\n|-damage|p2a: 1-3-1|18\/100\n|-damage|p1a: Eternatus|45\/100 par|[from] item: Life Orb\n|\n|upkeep\n|turn|15\n|\n|t:|1699060564\n|move|p2a: 1-3-1|Hex|p1a: Eternatus\n|-damage|p1a: Eternatus|0 fnt\n|faint|p1a: Eternatus\n|\n|-fieldend|move: Electric Terrain\n|upkeep\n|\n|t:|1699060574\n|switch|p1a: Palafin|Palafin-Hero, M|100\/100\n|-activate|p1a: Palafin|ability: Zero to Hero\n|turn|16\n|\n|t:|1699060584\n|move|p1a: Palafin|Flip Turn|p2a: 1-3-1\n|-damage|p2a: 1-3-1|0 fnt\n|faint|p2a: 1-3-1\n|\n|t:|1699060590\n|switch|p1a: Pheromosa|Pheromosa|100\/100|[from] Flip Turn\n|\n|upkeep\n|\n|t:|1699060600\n|switch|p2a: tapu pre workout|Tapu Koko, shiny|69\/100\n|-damage|p2a: tapu pre workout|57\/100|[from] Stealth Rock\n|-activate|p2a: tapu pre workout|move: Sticky Web\n|-unboost|p2a: tapu pre workout|spe|1\n|-fieldstart|move: Electric Terrain|[from] ability: Electric Surge|[of] p2a: tapu pre workout\n|turn|17\n|\n|t:|1699060612\n|move|p1a: Pheromosa|Poison Jab|p2a: tapu pre workout\n|-supereffective|p2a: tapu pre workout\n|-damage|p2a: tapu pre workout|0 fnt\n|faint|p2a: tapu pre workout\n|-ability|p1a: Pheromosa|Beast Boost|boost\n|-boost|p1a: Pheromosa|atk|1\n|\n|upkeep\n|\n|t:|1699060617\n|switch|p2a: money bag joe|Sneasler, M, shiny|100\/100\n|-damage|p2a: money bag joe|95\/100|[from] Stealth Rock\n|-activate|p2a: money bag joe|move: Sticky Web\n|-unboost|p2a: money bag joe|spe|1\n|-enditem|p2a: money bag joe|Electric Seed\n|-boost|p2a: money bag joe|def|1|[from] item: Electric Seed\n|turn|18\n|\n|t:|1699060659\n|move|p1a: Pheromosa|Poison Jab|p2a: money bag joe\n|-resisted|p2a: money bag joe\n|-damage|p2a: money bag joe|66\/100\n|move|p2a: money bag joe|Dire Claw|p1a: Pheromosa\n|-damage|p1a: Pheromosa|0 fnt\n|faint|p1a: Pheromosa\n|\n|upkeep\n|\n|t:|1699060678\n|switch|p1a: Palafin|Palafin-Hero, M|100\/100\n|turn|19\n|c| Jordanbutt12|Dire claw def sleeping here\n|\n|t:|1699060717\n|move|p1a: Palafin|Jet Punch|p2a: money bag joe\n|-damage|p2a: money bag joe|0 fnt\n|faint|p2a: money bag joe\n|\n|upkeep\n|l|jordanbutt12\n|\n|t:|1699060756\n|switch|p2a: parlay|Kartana|55\/100\n|-damage|p2a: parlay|49\/100|[from] Stealth Rock\n|-activate|p2a: parlay|move: Sticky Web\n|-unboost|p2a: parlay|spe|1\n|turn|20\n|c|\u2606m1k34g|gee gizzle\n|\n|t:|1699060768\n|move|p1a: Palafin|Jet Punch|p2a: parlay\n|-resisted|p2a: parlay\n|-damage|p2a: parlay|23\/100\n|move|p2a: parlay|Leaf Blade|p1a: Palafin\n|-supereffective|p1a: Palafin\n|-damage|p1a: Palafin|0 fnt\n|faint|p1a: Palafin\n|-ability|p2a: parlay|Beast Boost|boost\n|-boost|p2a: parlay|atk|1\n|\n|upkeep\n|\n|t:|1699060775\n|switch|p1a: Xerneas|Xerneas|100\/100\n|-ability|p1a: Xerneas|Fairy Aura\n|turn|21\n|\n|t:|1699060781\n|-terastallize|p1a: Xerneas|Steel\n|move|p2a: parlay|Leaf Blade|p1a: Xerneas\n|-resisted|p1a: Xerneas\n|-crit|p1a: Xerneas\n|-damage|p1a: Xerneas|45\/100\n|move|p1a: Xerneas|Moonblast|p2a: parlay\n|-resisted|p2a: parlay\n|-crit|p2a: parlay\n|-damage|p2a: parlay|0 fnt\n|faint|p2a: parlay\n|\n|win|Mathl3te\n|c|\u2606m1k34g|well fought\n|l|\u2606m1k34g\n|c|\u2606Mathl3te|Gg bro played whole showering\n|l|\u2606Mathl3te\n|j|\u2606Mathl3te\n|player|p1|Mathl3te|li\n","uploadtime":1699060934,"views":15,"p1id":"mathl3te","p2id":"m1k34g","formatid":"gen9nationaldexubers","rating":0,"private":0,"password":""}