{"id":"gen9nationaldexubers-1994688510","p1":"Hussumon2","p2":"AlolanSandslashOU","format":"[Gen 9] National Dex Ubers","log":"|j|\u2606Hussumon2\n|j|\u2606AlolanSandslashOU\n|t:|1700481267\n|gametype|singles\n|player|p1|Hussumon2|palmer|\n|player|p2|AlolanSandslashOU|volkner|\n|teamsize|p1|6\n|teamsize|p2|6\n|gen|9\n|tier|[Gen 9] National Dex Ubers\n|rule|HP Percentage Mod: HP is shown in percentages\n|rule|Endless Battle Clause: Forcing endless battles is banned\n|rule|OHKO Clause: OHKO moves are banned\n|rule|Evasion Moves Clause: Evasion moves are banned\n|rule|Evasion Items Clause: Evasion items are banned\n|rule|Species Clause: Limit one of each Pok\u00e9mon\n|rule|Sleep Clause Mod: Limit one foe put to sleep\n|rule|Mega Rayquaza Clause: You cannot mega evolve Rayquaza\n|clearpoke\n|poke|p1|Annihilape, M|\n|poke|p1|Alomomola, F|\n|poke|p1|Ting-Lu|\n|poke|p1|Blissey, F|\n|poke|p1|Ferrothorn, M|\n|poke|p1|Moltres|\n|poke|p2|Chien-Pao|\n|poke|p2|Ting-Lu|\n|poke|p2|Greninja-*, M|\n|poke|p2|Weavile, F|\n|poke|p2|Urshifu-*, M|\n|poke|p2|Annihilape, F|\n|teampreview\n|c|\u2606AlolanSandslashOU|monke\n|\n|t:|1700481293\n|start\n|switch|p1a: Ferrothorn|Ferrothorn, M|100\/100\n|switch|p2a: Ting-Lu|Ting-Lu|100\/100\n|-ability|p2a: Ting-Lu|Vessel of Ruin\n|turn|1\n|\n|t:|1700481296\n|move|p2a: Ting-Lu|Spikes|p1a: Ferrothorn\n|-sidestart|p1: Hussumon2|Spikes\n|move|p1a: Ferrothorn|Knock Off|p2a: Ting-Lu\n|-resisted|p2a: Ting-Lu\n|-damage|p2a: Ting-Lu|95\/100\n|-enditem|p2a: Ting-Lu|Leftovers|[from] move: Knock Off|[of] p1a: Ferrothorn\n|\n|upkeep\n|turn|2\n|\n|t:|1700481302\n|move|p1a: Ferrothorn|Stealth Rock|p2a: Ting-Lu\n|-sidestart|p2: AlolanSandslashOU|move: Stealth Rock\n|move|p2a: Ting-Lu|Whirlwind|p1a: Ferrothorn\n|drag|p1a: Blissey|Blissey, F|100\/100\n|\n|upkeep\n|turn|3\n|\n|t:|1700481306\n|move|p1a: Blissey|Seismic Toss|p2a: Ting-Lu\n|-damage|p2a: Ting-Lu|75\/100\n|move|p2a: Ting-Lu|Ruination|p1a: Blissey\n|-damage|p1a: Blissey|50\/100\n|\n|upkeep\n|turn|4\n|\n|t:|1700481314\n|move|p1a: Blissey|Soft-Boiled|p1a: Blissey\n|-heal|p1a: Blissey|100\/100\n|move|p2a: Ting-Lu|Spikes|p1a: Blissey\n|-sidestart|p1: Hussumon2|Spikes\n|\n|upkeep\n|turn|5\n|\n|t:|1700481319\n|move|p1a: Blissey|Seismic Toss|p2a: Ting-Lu\n|-damage|p2a: Ting-Lu|56\/100\n|move|p2a: Ting-Lu|Spikes|p1a: Blissey\n|-sidestart|p1: Hussumon2|Spikes\n|\n|upkeep\n|turn|6\n|\n|t:|1700481323\n|move|p1a: Blissey|Seismic Toss|p2a: Ting-Lu\n|-damage|p2a: Ting-Lu|36\/100\n|move|p2a: Ting-Lu|Earthquake|p1a: Blissey\n|-damage|p1a: Blissey|67\/100\n|\n|upkeep\n|turn|7\n|\n|t:|1700481332\n|move|p1a: Blissey|Seismic Toss|p2a: Ting-Lu\n|-damage|p2a: Ting-Lu|17\/100\n|move|p2a: Ting-Lu|Ruination|p1a: Blissey\n|-damage|p1a: Blissey|34\/100\n|\n|upkeep\n|turn|8\n|\n|t:|1700481337\n|move|p1a: Blissey|Soft-Boiled|p1a: Blissey\n|-heal|p1a: Blissey|84\/100\n|move|p2a: Ting-Lu|Ruination|p1a: Blissey\n|-damage|p1a: Blissey|42\/100\n|\n|upkeep\n|turn|9\n|\n|t:|1700481343\n|move|p1a: Blissey|Seismic Toss|p2a: Ting-Lu\n|-damage|p2a: Ting-Lu|0 fnt\n|faint|p2a: Ting-Lu\n|\n|upkeep\n|\n|t:|1700481362\n|switch|p2a: Annihilape|Annihilape, F|100\/100\n|-damage|p2a: Annihilape|94\/100|[from] Stealth Rock\n|turn|10\n|\n|t:|1700481366\n|move|p2a: Annihilape|Taunt|p1a: Blissey\n|-start|p1a: Blissey|move: Taunt\n|cant|p1a: Blissey|move: Taunt|Thunder Wave\n|\n|-heal|p2a: Annihilape|100\/100|[from] item: Leftovers\n|upkeep\n|turn|11\n|\n|t:|1700481372\n|switch|p1a: Alomomola|Alomomola, F|100\/100\n|-damage|p1a: Alomomola|76\/100|[from] Spikes\n|move|p2a: Annihilape|Bulk Up|p2a: Annihilape\n|-boost|p2a: Annihilape|atk|1\n|-boost|p2a: Annihilape|def|1\n|\n|-heal|p1a: Alomomola|82\/100|[from] item: Leftovers\n|upkeep\n|turn|12\n|\n|t:|1700481376\n|move|p2a: Annihilape|Taunt|p1a: Alomomola\n|-start|p1a: Alomomola|move: Taunt\n|cant|p1a: Alomomola|move: Taunt|Wish\n|\n|-heal|p1a: Alomomola|88\/100|[from] item: Leftovers\n|upkeep\n|turn|13\n|\n|t:|1700481382\n|move|p2a: Annihilape|Bulk Up|p2a: Annihilape\n|-boost|p2a: Annihilape|atk|1\n|-boost|p2a: Annihilape|def|1\n|move|p1a: Alomomola|Scald|p2a: Annihilape\n|-damage|p2a: Annihilape|93\/100\n|\n|-heal|p2a: Annihilape|99\/100|[from] item: Leftovers\n|-heal|p1a: Alomomola|94\/100|[from] item: Leftovers\n|upkeep\n|turn|14\n|\n|t:|1700481390\n|move|p2a: Annihilape|Bulk Up|p2a: Annihilape\n|-boost|p2a: Annihilape|atk|1\n|-boost|p2a: Annihilape|def|1\n|move|p1a: Alomomola|Scald|p2a: Annihilape\n|-damage|p2a: Annihilape|91\/100\n|\n|-heal|p2a: Annihilape|97\/100|[from] item: Leftovers\n|-heal|p1a: Alomomola|99\/100|[from] item: Leftovers\n|-end|p1a: Alomomola|move: Taunt\n|upkeep\n|turn|15\n|\n|t:|1700481397\n|move|p2a: Annihilape|Taunt|p1a: Alomomola\n|-start|p1a: Alomomola|move: Taunt\n|move|p1a: Alomomola|Scald|p2a: Annihilape\n|-damage|p2a: Annihilape|90\/100\n|\n|-heal|p2a: Annihilape|96\/100|[from] item: Leftovers\n|-heal|p1a: Alomomola|100\/100|[from] item: Leftovers\n|upkeep\n|turn|16\n|\n|t:|1700481408\n|move|p2a: Annihilape|Bulk Up|p2a: Annihilape\n|-boost|p2a: Annihilape|atk|1\n|-boost|p2a: Annihilape|def|1\n|move|p1a: Alomomola|Scald|p2a: Annihilape\n|-damage|p2a: Annihilape|88\/100\n|\n|-heal|p2a: Annihilape|94\/100|[from] item: Leftovers\n|upkeep\n|turn|17\n|c|\u2606Hussumon2|ggs\n|c|\u2606AlolanSandslashOU|The trolling is real\n|\n|t:|1700481426\n|move|p2a: Annihilape|Drain Punch|p1a: Alomomola\n|-damage|p1a: Alomomola|53\/100\n|-heal|p2a: Annihilape|100\/100|[from] drain|[of] p1a: Alomomola\n|move|p1a: Alomomola|Scald|p2a: Annihilape\n|-damage|p2a: Annihilape|93\/100\n|\n|-heal|p2a: Annihilape|99\/100|[from] item: Leftovers\n|-heal|p1a: Alomomola|59\/100|[from] item: Leftovers\n|-end|p1a: Alomomola|move: Taunt\n|upkeep\n|turn|18\n|c|\u2606Hussumon2|BRUH FOR FUCK SAKE\n|\n|t:|1700481440\n|move|p2a: Annihilape|Taunt|p1a: Alomomola\n|-start|p1a: Alomomola|move: Taunt\n|move|p1a: Alomomola|Scald|p2a: Annihilape\n|-damage|p2a: Annihilape|92\/100\n|\n|-heal|p2a: Annihilape|98\/100|[from] item: Leftovers\n|-heal|p1a: Alomomola|65\/100|[from] item: Leftovers\n|upkeep\n|turn|19\n|\n|t:|1700481448\n|move|p2a: Annihilape|Drain Punch|p1a: Alomomola\n|-crit|p1a: Alomomola\n|-damage|p1a: Alomomola|0 fnt\n|-heal|p2a: Annihilape|100\/100|[from] drain|[of] p1a: Alomomola\n|faint|p1a: Alomomola\n|\n|upkeep\n|\n|t:|1700481452\n|switch|p1a: Moltres|Moltres|100\/100\n|turn|20\n|l|\u2606AlolanSandslashOU\n|player|p2|\n|c|\u2606Hussumon2|I would love burning\n|j|\u2606AlolanSandslashOU\n|player|p2|AlolanSandslashOU|volkner\n|c|\u2606AlolanSandslashOU|Is rage fist banned on ape\n|c|\u2606Hussumon2|no\n|c|\u2606Hussumon2|go ahead\n|c|\u2606Hussumon2|bang\n|\n|t:|1700481502\n|move|p2a: Annihilape|Rage Fist|p1a: Moltres\n|-damage|p1a: Moltres|0 fnt\n|faint|p1a: Moltres\n|\n|upkeep\n|\n|t:|1700481510\n|switch|p1a: Blissey|Blissey, F|42\/100\n|turn|21\n|\n|t:|1700481512\n|-terastallize|p1a: Blissey|Ghost\n|move|p2a: Annihilape|Drain Punch|p1a: Blissey\n|-immune|p1a: Blissey\n|move|p1a: Blissey|Thunder Wave|p2a: Annihilape\n|-status|p2a: Annihilape|par\n|\n|upkeep\n|turn|22\n|\n|t:|1700481527\n|move|p2a: Annihilape|Bulk Up|p2a: Annihilape\n|-boost|p2a: Annihilape|atk|1\n|-boost|p2a: Annihilape|def|1\n|move|p1a: Blissey|Teleport|p1a: Blissey\n|\n|t:|1700481529\n|switch|p1a: Ting-Lu|Ting-Lu|100\/100|[from] Teleport\n|-damage|p1a: Ting-Lu|76\/100|[from] Spikes\n|-ability|p1a: Ting-Lu|Vessel of Ruin\n|\n|-heal|p1a: Ting-Lu|82\/100|[from] item: Leftovers\n|upkeep\n|turn|23\n|\n|t:|1700481533\n|move|p2a: Annihilape|Bulk Up|p2a: Annihilape\n|-boost|p2a: Annihilape|atk|1\n|-boost|p2a: Annihilape|def|1\n|move|p1a: Ting-Lu|Whirlwind|p2a: Annihilape\n|drag|p2a: Chien-Pao|Chien-Pao|100\/100\n|-damage|p2a: Chien-Pao|76\/100|[from] Stealth Rock\n|-ability|p2a: Chien-Pao|Sword of Ruin\n|\n|-heal|p1a: Ting-Lu|88\/100|[from] item: Leftovers\n|upkeep\n|turn|24\n|c|\u2606AlolanSandslashOU|Damn nice one\n|\n|t:|1700481547\n|switch|p1a: Ferrothorn|Ferrothorn, M|100\/100\n|-damage|p1a: Ferrothorn|76\/100|[from] Spikes\n|move|p2a: Chien-Pao|Ice Spinner|p1a: Ferrothorn\n|-damage|p1a: Ferrothorn|30\/100\n|-damage|p2a: Chien-Pao|63\/100|[from] ability: Iron Barbs|[of] p1a: Ferrothorn\n|-damage|p2a: Chien-Pao|47\/100|[from] item: Rocky Helmet|[of] p1a: Ferrothorn\n|\n|upkeep\n|turn|25\n|\n|t:|1700481553\n|move|p2a: Chien-Pao|Ice Spinner|p1a: Ferrothorn\n|-damage|p1a: Ferrothorn|0 fnt\n|-damage|p2a: Chien-Pao|34\/100|[from] ability: Iron Barbs|[of] p1a: Ferrothorn\n|-damage|p2a: Chien-Pao|18\/100|[from] item: Rocky Helmet|[of] p1a: Ferrothorn\n|faint|p1a: Ferrothorn\n|\n|upkeep\n|\n|t:|1700481558\n|switch|p1a: Annihilape|Annihilape, M|100\/100\n|-damage|p1a: Annihilape|75\/100|[from] Spikes\n|turn|26\n|\n|t:|1700481562\n|move|p2a: Chien-Pao|Ice Spinner|p1a: Annihilape\n|-damage|p1a: Annihilape|0 fnt\n|faint|p1a: Annihilape\n|\n|upkeep\n|c|\u2606Hussumon2|I hate life\n|-message|Hussumon2 forfeited.\n|\n|win|AlolanSandslashOU\n","uploadtime":1700481579,"views":14,"p1id":"hussumon2","p2id":"alolansandslashou","formatid":"gen9nationaldexubers","rating":0,"private":0,"password":""}