{"id":"gen9nationaldexubers-1985408423","p1":"pokegirl457","p2":"RetlawDB","format":"[Gen 9] National Dex Ubers","log":"|j|\u2606pokegirl457\n|j|\u2606RetlawDB\n|t:|1699372207\n|gametype|singles\n|player|p1|pokegirl457|iris-gen5bw2|1110\n|player|p2|RetlawDB|wattson|1183\n|teamsize|p1|6\n|teamsize|p2|6\n|gen|9\n|tier|[Gen 9] National Dex Ubers\n|rated|\n|rule|HP Percentage Mod: HP is shown in percentages\n|rule|Endless Battle Clause: Forcing endless battles is banned\n|rule|OHKO Clause: OHKO moves are banned\n|rule|Evasion Moves Clause: Evasion moves are banned\n|rule|Evasion Items Clause: Evasion items are banned\n|rule|Species Clause: Limit one of each Pok\u00e9mon\n|rule|Sleep Clause Mod: Limit one foe put to sleep\n|rule|Mega Rayquaza Clause: You cannot mega evolve Rayquaza\n|clearpoke\n|poke|p1|Necrozma-Dusk-Mane|\n|poke|p1|Dracovish|\n|poke|p1|Groudon|\n|poke|p1|Xerneas-*|\n|poke|p1|Zacian-*|\n|poke|p1|Kyurem-Black|\n|poke|p2|Aurorus, F|\n|poke|p2|Sandslash-Alola, M|\n|poke|p2|Slowking, M|\n|poke|p2|Ariados, F|\n|poke|p2|Abomasnow, F|\n|poke|p2|Rotom-Heat|\n|teampreview\n|inactive|Battle timer is ON: inactive players will automatically lose when time's up. (requested by pokegirl457)\n|c|\u2606pokegirl457|U again?\n|\n|t:|1699372228\n|start\n|switch|p1a: Necrozma|Necrozma-Dusk-Mane, shiny|100\/100\n|switch|p2a: Ari|Ariados, F, shiny|100\/100\n|turn|1\n|\n|t:|1699372238\n|move|p1a: Necrozma|Sunsteel Strike|p2a: Ari\n|-damage|p2a: Ari|1\/100\n|move|p2a: Ari|Sticky Web|p1a: Necrozma\n|-sidestart|p1: pokegirl457|move: Sticky Web\n|\n|upkeep\n|turn|2\n|c|\u2606RetlawDB|idk how about you tell me\n|\n|t:|1699372249\n|move|p1a: Necrozma|Photon Geyser|p2a: Ari\n|-supereffective|p2a: Ari\n|-crit|p2a: Ari\n|-damage|p2a: Ari|0 fnt\n|faint|p2a: Ari\n|\n|upkeep\n|c|\u2606pokegirl457|Huh?\n|\n|t:|1699372255\n|switch|p2a: Pearl|Rotom-Heat, shiny|100\/100\n|turn|3\n|\n|t:|1699372281\n|switch|p1a: Dracovish|Dracovish|100\/100\n|-activate|p1a: Dracovish|move: Sticky Web\n|-unboost|p1a: Dracovish|spe|1\n|move|p2a: Pearl|Overheat|p1a: Dracovish\n|-resisted|p1a: Dracovish\n|-damage|p1a: Dracovish|82\/100\n|-unboost|p2a: Pearl|spa|2\n|\n|upkeep\n|turn|4\n|\n|t:|1699372286\n|move|p2a: Pearl|Will-O-Wisp|p1a: Dracovish\n|-status|p1a: Dracovish|brn\n|move|p1a: Dracovish|Fishious Rend|p2a: Pearl\n|-supereffective|p2a: Pearl\n|-damage|p2a: Pearl|35\/100\n|-damage|p1a: Dracovish|73\/100 brn|[from] item: Life Orb\n|\n|-damage|p1a: Dracovish|67\/100 brn|[from] brn\n|upkeep\n|turn|5\n|\n|t:|1699372290\n|switch|p2a: Jorgito|Slowking, M, shiny|100\/100\n|move|p1a: Dracovish|Fishious Rend|p2a: Jorgito\n|-resisted|p2a: Jorgito\n|-damage|p2a: Jorgito|76\/100\n|-damage|p1a: Dracovish|57\/100 brn|[from] item: Life Orb\n|\n|-damage|p1a: Dracovish|51\/100 brn|[from] brn\n|upkeep\n|turn|6\n|\n|t:|1699372296\n|switch|p1a: Kyurem|Kyurem-Black, shiny|100\/100\n|-activate|p1a: Kyurem|move: Sticky Web\n|-unboost|p1a: Kyurem|spe|1\n|-ability|p1a: Kyurem|Teravolt\n|move|p2a: Jorgito|Trick Room|p2a: Jorgito\n|-fieldstart|move: Trick Room|[of] p2a: Jorgito\n|\n|upkeep\n|turn|7\n|\n|t:|1699372301\n|move|p2a: Jorgito|Psyshock|p1a: Kyurem\n|-damage|p1a: Kyurem|74\/100\n|move|p1a: Kyurem|Fusion Bolt|p2a: Jorgito\n|-supereffective|p2a: Jorgito\n|-damage|p2a: Jorgito|0 fnt\n|faint|p2a: Jorgito\n|\n|upkeep\n|\n|t:|1699372304\n|switch|p2a: Abela|Abomasnow, F, shiny|100\/100\n|turn|8\n|\n|t:|1699372312\n|switch|p1a: Necrozma|Necrozma-Dusk-Mane, shiny|100\/100\n|-activate|p1a: Necrozma|move: Sticky Web\n|-unboost|p1a: Necrozma|spe|1\n|detailschange|p2a: Abela|Abomasnow-Mega, F, shiny\n|-mega|p2a: Abela|Abomasnow|Abomasite\n|-weather|Snow|[from] ability: Snow Warning|[of] p2a: Abela\n|move|p2a: Abela|Focus Blast|p1a: Necrozma|[miss]\n|-miss|p2a: Abela|p1a: Necrozma\n|\n|-weather|Snow|[upkeep]\n|upkeep\n|turn|9\n|\n|t:|1699372324\n|move|p2a: Abela|Leech Seed|p1a: Necrozma\n|-start|p1a: Necrozma|move: Leech Seed\n|move|p1a: Necrozma|Sunsteel Strike|p2a: Abela\n|-supereffective|p2a: Abela\n|-damage|p2a: Abela|31\/100\n|\n|-weather|Snow|[upkeep]\n|-damage|p1a: Necrozma|88\/100|[from] Leech Seed|[of] p2a: Abela\n|-heal|p2a: Abela|42\/100|[silent]\n|upkeep\n|turn|10\n|\n|t:|1699372329\n|switch|p2a: Pearl|Rotom-Heat, shiny|35\/100\n|move|p1a: Necrozma|Dragon Dance|p1a: Necrozma\n|-boost|p1a: Necrozma|atk|1\n|-boost|p1a: Necrozma|spe|1\n|\n|-weather|Snow|[upkeep]\n|-damage|p1a: Necrozma|76\/100|[from] Leech Seed|[of] p2a: Pearl\n|-heal|p2a: Pearl|52\/100|[silent]\n|-fieldend|move: Trick Room\n|upkeep\n|turn|11\n|\n|t:|1699372336\n|move|p2a: Pearl|Will-O-Wisp|p1a: Necrozma\n|-status|p1a: Necrozma|brn\n|move|p1a: Necrozma|Photon Geyser|p2a: Pearl\n|-damage|p2a: Pearl|0 fnt\n|faint|p2a: Pearl\n|\n|-weather|Snow|[upkeep]\n|-damage|p1a: Necrozma|70\/100 brn|[from] brn\n|upkeep\n|\n|t:|1699372343\n|switch|p2a: Aura|Aurorus, F, shiny|100\/100\n|turn|12\n|\n|t:|1699372350\n|-terastallize|p2a: Aura|Ghost\n|move|p1a: Necrozma|Morning Sun|p1a: Necrozma\n|-heal|p1a: Necrozma|95\/100 brn\n|move|p2a: Aura|Aurora Veil|p2a: Aura\n|-sidestart|p2: RetlawDB|move: Aurora Veil\n|\n|-weather|none\n|-damage|p1a: Necrozma|83\/100 brn|[from] Leech Seed|[of] p2a: Aura\n|-damage|p1a: Necrozma|77\/100 brn|[from] brn\n|upkeep\n|turn|13\n|\n|t:|1699372355\n|move|p1a: Necrozma|Morning Sun|p1a: Necrozma\n|-heal|p1a: Necrozma|100\/100 brn\n|move|p2a: Aura|Earth Power|p1a: Necrozma\n|-supereffective|p1a: Necrozma\n|-damage|p1a: Necrozma|58\/100 brn\n|\n|-damage|p1a: Necrozma|45\/100 brn|[from] Leech Seed|[of] p2a: Aura\n|-damage|p1a: Necrozma|39\/100 brn|[from] brn\n|upkeep\n|turn|14\n|\n|t:|1699372359\n|move|p1a: Necrozma|Morning Sun|p1a: Necrozma\n|-heal|p1a: Necrozma|89\/100 brn\n|move|p2a: Aura|Earth Power|p1a: Necrozma\n|-supereffective|p1a: Necrozma\n|-damage|p1a: Necrozma|43\/100 brn\n|\n|-damage|p1a: Necrozma|31\/100 brn|[from] Leech Seed|[of] p2a: Aura\n|-damage|p1a: Necrozma|25\/100 brn|[from] brn\n|upkeep\n|turn|15\n|\n|t:|1699372362\n|move|p1a: Necrozma|Morning Sun|p1a: Necrozma\n|-heal|p1a: Necrozma|75\/100 brn\n|move|p2a: Aura|Earth Power|p1a: Necrozma\n|-supereffective|p1a: Necrozma\n|-damage|p1a: Necrozma|28\/100 brn\n|\n|-damage|p1a: Necrozma|15\/100 brn|[from] Leech Seed|[of] p2a: Aura\n|-damage|p1a: Necrozma|9\/100 brn|[from] brn\n|upkeep\n|turn|16\n|\n|t:|1699372364\n|move|p1a: Necrozma|Morning Sun|p1a: Necrozma\n|-heal|p1a: Necrozma|59\/100 brn\n|move|p2a: Aura|Earth Power|p1a: Necrozma\n|-supereffective|p1a: Necrozma\n|-damage|p1a: Necrozma|14\/100 brn\n|-unboost|p1a: Necrozma|spd|1\n|\n|-damage|p1a: Necrozma|1\/100 brn|[from] Leech Seed|[of] p2a: Aura\n|-damage|p1a: Necrozma|0 fnt|[from] brn\n|faint|p1a: Necrozma\n|upkeep\n|\n|t:|1699372372\n|switch|p1a: Blue Bark|Zacian-Crowned, shiny|100\/100\n|-activate|p1a: Blue Bark|move: Sticky Web\n|-unboost|p1a: Blue Bark|spe|1\n|-ability|p1a: Blue Bark|Intrepid Sword|boost\n|-boost|p1a: Blue Bark|atk|1\n|turn|17\n|\n|t:|1699372378\n|-terastallize|p1a: Blue Bark|Dark\n|move|p1a: Blue Bark|Crunch|p2a: Aura\n|-supereffective|p2a: Aura\n|-damage|p2a: Aura|30\/100\n|move|p2a: Aura|Earth Power|p1a: Blue Bark\n|-damage|p1a: Blue Bark|73\/100\n|\n|upkeep\n|turn|18\n|\n|t:|1699372388\n|move|p1a: Blue Bark|Crunch|p2a: Aura\n|-supereffective|p2a: Aura\n|-damage|p2a: Aura|0 fnt\n|faint|p2a: Aura\n|\n|upkeep\n|\n|t:|1699372390\n|switch|p2a: Abela|Abomasnow-Mega, F, shiny|42\/100\n|-weather|Snow|[from] ability: Snow Warning|[of] p2a: Abela\n|turn|19\n|inactive|pokegirl457 has 120 seconds left.\n|\n|t:|1699372437\n|move|p1a: Blue Bark|Close Combat|p2a: Abela\n|-supereffective|p2a: Abela\n|-damage|p2a: Abela|3\/100\n|-unboost|p1a: Blue Bark|def|1\n|-unboost|p1a: Blue Bark|spd|1\n|move|p2a: Abela|Focus Blast|p1a: Blue Bark\n|-supereffective|p1a: Blue Bark\n|-damage|p1a: Blue Bark|0 fnt\n|faint|p1a: Blue Bark\n|\n|-weather|Snow|[upkeep]\n|-sideend|p2: RetlawDB|move: Aurora Veil\n|upkeep\n|\n|t:|1699372444\n|switch|p1a: Kyurem|Kyurem-Black, shiny|74\/100\n|-activate|p1a: Kyurem|move: Sticky Web\n|-unboost|p1a: Kyurem|spe|1\n|-ability|p1a: Kyurem|Teravolt\n|turn|20\n|\n|t:|1699372452\n|move|p1a: Kyurem|Hyper Voice|p2a: Abela\n|-damage|p2a: Abela|0 fnt\n|faint|p2a: Abela\n|-enditem|p1a: Kyurem|Throat Spray\n|-boost|p1a: Kyurem|spa|1|[from] item: Throat Spray\n|\n|-weather|Snow|[upkeep]\n|upkeep\n|\n|t:|1699372455\n|switch|p2a: Kupa|Sandslash-Alola, M|100\/100\n|turn|21\n|inactive|pokegirl457 has 120 seconds left.\n|inactive|pokegirl457 has 90 seconds left.\n|\n|t:|1699372502\n|move|p2a: Kupa|Iron Head|p1a: Kyurem\n|-supereffective|p1a: Kyurem\n|-damage|p1a: Kyurem|32\/100\n|move|p1a: Kyurem|Draco Meteor|p2a: Kupa\n|-resisted|p2a: Kupa\n|-damage|p2a: Kupa|41\/100\n|-unboost|p1a: Kyurem|spa|2\n|\n|-weather|Snow|[upkeep]\n|upkeep\n|turn|22\n|inactive|RetlawDB has 120 seconds left.\n|\n|t:|1699372534\n|move|p2a: Kupa|Iron Head|p1a: Kyurem\n|-supereffective|p1a: Kyurem\n|-damage|p1a: Kyurem|0 fnt\n|faint|p1a: Kyurem\n|\n|-weather|Snow|[upkeep]\n|upkeep\n|inactive|pokegirl457 has 90 seconds left.\n|\n|t:|1699372539\n|switch|p1a: Groudon|Groudon|100\/100\n|-activate|p1a: Groudon|move: Sticky Web\n|-unboost|p1a: Groudon|spe|1\n|detailschange|p1a: Groudon|Groudon-Primal\n|-primal|p1a: Groudon|Red Orb\n|-weather|DesolateLand|[from] ability: Desolate Land|[of] p1a: Groudon\n|turn|23\n|c|\u2606RetlawDB|gg\n|\n|t:|1699372545\n|move|p2a: Kupa|Icicle Crash|p1a: Groudon\n|-damage|p1a: Groudon|82\/100\n|cant|p1a: Groudon|flinch\n|\n|-weather|DesolateLand|[upkeep]\n|upkeep\n|turn|24\n|\n|t:|1699372550\n|move|p2a: Kupa|Icicle Crash|p1a: Groudon|[miss]\n|-miss|p2a: Kupa|p1a: Groudon\n|move|p1a: Groudon|Overheat|p2a: Kupa\n|-supereffective|p2a: Kupa\n|-damage|p2a: Kupa|0 fnt\n|-unboost|p1a: Groudon|spa|2\n|faint|p2a: Kupa\n|\n|win|pokegirl457\n|raw|pokegirl457's rating: 1110 &rarr; <strong>1140<\/strong><br \/>(+30 for winning)\n|raw|RetlawDB's rating: 1183 &rarr; <strong>1153<\/strong><br \/>(-30 for losing)\n|c|\u2606pokegirl457|Gg\n|l|\u2606RetlawDB\n","uploadtime":1699372562,"views":4,"p1id":"pokegirl457","p2id":"retlawdb","formatid":"gen9nationaldexubers","rating":1140,"private":0,"password":""}