{"id":"gen9nationaldexubers-1995041268","p1":"catomic756","p2":"JustMonika_CARR","format":"[Gen 9] National Dex Ubers","log":"|j|\u2606catomic756\n|j|\u2606JustMonika_CARR\n|t:|1700516243\n|gametype|singles\n|player|p1|catomic756|cynthia-gen4|1430\n|player|p2|JustMonika_CARR|dawn|1319\n|teamsize|p1|6\n|teamsize|p2|6\n|gen|9\n|tier|[Gen 9] National Dex Ubers\n|rated|\n|rule|HP Percentage Mod: HP is shown in percentages\n|rule|Endless Battle Clause: Forcing endless battles is banned\n|rule|OHKO Clause: OHKO moves are banned\n|rule|Evasion Moves Clause: Evasion moves are banned\n|rule|Evasion Items Clause: Evasion items are banned\n|rule|Species Clause: Limit one of each Pok\u00e9mon\n|rule|Sleep Clause Mod: Limit one foe put to sleep\n|rule|Mega Rayquaza Clause: You cannot mega evolve Rayquaza\n|clearpoke\n|poke|p1|Salamence, M|\n|poke|p1|Arceus-Water|\n|poke|p1|Groudon|\n|poke|p1|Necrozma-Dawn-Wings|\n|poke|p1|Zacian-*|\n|poke|p1|Zygarde|\n|poke|p2|Yveltal|\n|poke|p2|Skarmory, F|\n|poke|p2|Gothitelle, F|\n|poke|p2|Deoxys-Speed|\n|poke|p2|Shuckle, M|\n|poke|p2|Durant, F|\n|teampreview\n|inactive|Battle timer is ON: inactive players will automatically lose when time's up. (requested by catomic756)\n|\n|t:|1700516252\n|start\n|switch|p1a: Groudon|Groudon, shiny|100\/100\n|switch|p2a: Skarmory|Skarmory, F, shiny|100\/100\n|detailschange|p1a: Groudon|Groudon-Primal, shiny\n|-primal|p1a: Groudon|Red Orb\n|-weather|DesolateLand|[from] ability: Desolate Land|[of] p1a: Groudon\n|turn|1\n|\n|t:|1700516261\n|move|p1a: Groudon|Fire Punch|p2a: Skarmory\n|-supereffective|p2a: Skarmory\n|-ability|p2a: Skarmory|Sturdy\n|-damage|p2a: Skarmory|1\/100\n|move|p2a: Skarmory|Stealth Rock|p1a: Groudon\n|-sidestart|p1: catomic756|move: Stealth Rock\n|\n|-weather|DesolateLand|[upkeep]\n|-heal|p2a: Skarmory|7\/100|[from] item: Leftovers\n|upkeep\n|turn|2\n|\n|t:|1700516272\n|move|p1a: Groudon|Fire Punch|p2a: Skarmory\n|-supereffective|p2a: Skarmory\n|-damage|p2a: Skarmory|0 fnt\n|faint|p2a: Skarmory\n|\n|-weather|DesolateLand|[upkeep]\n|upkeep\n|\n|t:|1700516281\n|switch|p2a: Durant|Durant, F, shiny|100\/100\n|turn|3\n|\n|t:|1700516287\n|move|p2a: Durant|Entrainment|p1a: Groudon\n|-weather|none\n|-endability|p1a: Groudon|Desolate Land|[from] move: Entrainment\n|-ability|p1a: Groudon|Truant|[from] move: Entrainment\n|move|p1a: Groudon|Fire Punch|p2a: Durant\n|-supereffective|p2a: Durant\n|-crit|p2a: Durant\n|-damage|p2a: Durant|0 fnt\n|faint|p2a: Durant\n|\n|upkeep\n|\n|t:|1700516298\n|switch|p2a: Gothitelle|Gothitelle, F, shiny|100\/100\n|turn|4\n|\n|t:|1700516304\n|cant|p1a: Groudon|ability: Truant\n|move|p2a: Gothitelle|Substitute|p2a: Gothitelle\n|-start|p2a: Gothitelle|Substitute\n|-damage|p2a: Gothitelle|75\/100\n|\n|upkeep\n|turn|5\n|\n|t:|1700516308\n|move|p1a: Groudon|Stealth Rock|p2a: Gothitelle\n|-sidestart|p2: JustMonika_CARR|move: Stealth Rock\n|move|p2a: Gothitelle|Substitute|p2a: Gothitelle\n|-fail|p2a: Gothitelle|move: Substitute\n|\n|upkeep\n|turn|6\n|\n|t:|1700516314\n|cant|p1a: Groudon|ability: Truant\n|move|p2a: Gothitelle|Substitute|p2a: Gothitelle\n|-fail|p2a: Gothitelle|move: Substitute\n|\n|upkeep\n|turn|7\n|\n|t:|1700516318\n|move|p1a: Groudon|Earthquake|p2a: Gothitelle\n|-end|p2a: Gothitelle|Substitute\n|move|p2a: Gothitelle|Substitute|p2a: Gothitelle\n|-start|p2a: Gothitelle|Substitute\n|-damage|p2a: Gothitelle|50\/100\n|\n|upkeep\n|turn|8\n|\n|t:|1700516323\n|cant|p1a: Groudon|ability: Truant\n|move|p2a: Gothitelle|Dark Pulse|p1a: Groudon\n|-damage|p1a: Groudon|77\/100\n|\n|upkeep\n|turn|9\n|\n|t:|1700516328\n|move|p1a: Groudon|Earthquake|p2a: Gothitelle\n|-end|p2a: Gothitelle|Substitute\n|move|p2a: Gothitelle|Substitute|p2a: Gothitelle\n|-start|p2a: Gothitelle|Substitute\n|-damage|p2a: Gothitelle|25\/100\n|-enditem|p2a: Gothitelle|Starf Berry|[eat]\n|-boost|p2a: Gothitelle|spe|2|[from] item: Starf Berry\n|\n|upkeep\n|turn|10\n|\n|t:|1700516344\n|move|p2a: Gothitelle|Recycle|p2a: Gothitelle\n|-item|p2a: Gothitelle|Starf Berry|[from] move: Recycle\n|-enditem|p2a: Gothitelle|Starf Berry|[eat]\n|-boost|p2a: Gothitelle|spe|2|[from] item: Starf Berry\n|cant|p1a: Groudon|ability: Truant\n|\n|upkeep\n|turn|11\n|\n|t:|1700516352\n|move|p2a: Gothitelle|Protect|p2a: Gothitelle\n|-singleturn|p2a: Gothitelle|Protect\n|move|p1a: Groudon|Earthquake|p2a: Gothitelle\n|-activate|p2a: Gothitelle|move: Protect\n|\n|upkeep\n|turn|12\n|\n|t:|1700516357\n|move|p2a: Gothitelle|Recycle|p2a: Gothitelle\n|-item|p2a: Gothitelle|Starf Berry|[from] move: Recycle\n|-enditem|p2a: Gothitelle|Starf Berry|[eat]\n|-boost|p2a: Gothitelle|def|2|[from] item: Starf Berry\n|cant|p1a: Groudon|ability: Truant\n|\n|upkeep\n|turn|13\n|\n|t:|1700516364\n|move|p2a: Gothitelle|Protect|p2a: Gothitelle\n|-singleturn|p2a: Gothitelle|Protect\n|move|p1a: Groudon|Earthquake|p2a: Gothitelle\n|-activate|p2a: Gothitelle|move: Protect\n|\n|upkeep\n|turn|14\n|\n|t:|1700516370\n|move|p2a: Gothitelle|Recycle|p2a: Gothitelle\n|-item|p2a: Gothitelle|Starf Berry|[from] move: Recycle\n|-enditem|p2a: Gothitelle|Starf Berry|[eat]\n|-boost|p2a: Gothitelle|spa|2|[from] item: Starf Berry\n|cant|p1a: Groudon|ability: Truant\n|\n|upkeep\n|turn|15\n|\n|t:|1700516373\n|move|p2a: Gothitelle|Protect|p2a: Gothitelle\n|-singleturn|p2a: Gothitelle|Protect\n|move|p1a: Groudon|Earthquake|p2a: Gothitelle\n|-activate|p2a: Gothitelle|move: Protect\n|\n|upkeep\n|turn|16\n|\n|t:|1700516378\n|move|p2a: Gothitelle|Recycle|p2a: Gothitelle\n|-item|p2a: Gothitelle|Starf Berry|[from] move: Recycle\n|-enditem|p2a: Gothitelle|Starf Berry|[eat]\n|-boost|p2a: Gothitelle|spa|2|[from] item: Starf Berry\n|cant|p1a: Groudon|ability: Truant\n|\n|upkeep\n|turn|17\n|\n|t:|1700516381\n|move|p2a: Gothitelle|Protect|p2a: Gothitelle\n|-singleturn|p2a: Gothitelle|Protect\n|move|p1a: Groudon|Earthquake|p2a: Gothitelle\n|-activate|p2a: Gothitelle|move: Protect\n|\n|upkeep\n|turn|18\n|\n|t:|1700516386\n|move|p2a: Gothitelle|Recycle|p2a: Gothitelle\n|-item|p2a: Gothitelle|Starf Berry|[from] move: Recycle\n|-enditem|p2a: Gothitelle|Starf Berry|[eat]\n|-boost|p2a: Gothitelle|spa|2|[from] item: Starf Berry\n|cant|p1a: Groudon|ability: Truant\n|\n|upkeep\n|turn|19\n|\n|t:|1700516392\n|move|p2a: Gothitelle|Protect|p2a: Gothitelle\n|-singleturn|p2a: Gothitelle|Protect\n|move|p1a: Groudon|Earthquake|p2a: Gothitelle\n|-activate|p2a: Gothitelle|move: Protect\n|\n|upkeep\n|turn|20\n|\n|t:|1700516395\n|move|p2a: Gothitelle|Recycle|p2a: Gothitelle\n|-item|p2a: Gothitelle|Starf Berry|[from] move: Recycle\n|-enditem|p2a: Gothitelle|Starf Berry|[eat]\n|-boost|p2a: Gothitelle|spe|2|[from] item: Starf Berry\n|cant|p1a: Groudon|ability: Truant\n|\n|upkeep\n|turn|21\n|\n|t:|1700516404\n|move|p2a: Gothitelle|Protect|p2a: Gothitelle\n|-singleturn|p2a: Gothitelle|Protect\n|move|p1a: Groudon|Earthquake|p2a: Gothitelle\n|-activate|p2a: Gothitelle|move: Protect\n|\n|upkeep\n|turn|22\n|\n|t:|1700516409\n|move|p2a: Gothitelle|Recycle|p2a: Gothitelle\n|-item|p2a: Gothitelle|Starf Berry|[from] move: Recycle\n|-enditem|p2a: Gothitelle|Starf Berry|[eat]\n|-boost|p2a: Gothitelle|atk|2|[from] item: Starf Berry\n|cant|p1a: Groudon|ability: Truant\n|\n|upkeep\n|turn|23\n|\n|t:|1700516411\n|move|p2a: Gothitelle|Protect|p2a: Gothitelle\n|-singleturn|p2a: Gothitelle|Protect\n|move|p1a: Groudon|Earthquake|p2a: Gothitelle\n|-activate|p2a: Gothitelle|move: Protect\n|\n|upkeep\n|turn|24\n|\n|t:|1700516414\n|move|p2a: Gothitelle|Recycle|p2a: Gothitelle\n|-item|p2a: Gothitelle|Starf Berry|[from] move: Recycle\n|-enditem|p2a: Gothitelle|Starf Berry|[eat]\n|-boost|p2a: Gothitelle|spd|2|[from] item: Starf Berry\n|cant|p1a: Groudon|ability: Truant\n|\n|upkeep\n|turn|25\n|\n|t:|1700516420\n|move|p2a: Gothitelle|Protect|p2a: Gothitelle\n|-singleturn|p2a: Gothitelle|Protect\n|move|p1a: Groudon|Earthquake|p2a: Gothitelle\n|-activate|p2a: Gothitelle|move: Protect\n|\n|upkeep\n|turn|26\n|\n|t:|1700516422\n|move|p2a: Gothitelle|Recycle|p2a: Gothitelle\n|-item|p2a: Gothitelle|Starf Berry|[from] move: Recycle\n|-enditem|p2a: Gothitelle|Starf Berry|[eat]\n|-boost|p2a: Gothitelle|spd|2|[from] item: Starf Berry\n|cant|p1a: Groudon|ability: Truant\n|\n|upkeep\n|turn|27\n|\n|t:|1700516425\n|move|p2a: Gothitelle|Protect|p2a: Gothitelle\n|-singleturn|p2a: Gothitelle|Protect\n|move|p1a: Groudon|Earthquake|p2a: Gothitelle\n|-activate|p2a: Gothitelle|move: Protect\n|\n|upkeep\n|turn|28\n|\n|t:|1700516427\n|move|p2a: Gothitelle|Recycle|p2a: Gothitelle\n|-item|p2a: Gothitelle|Starf Berry|[from] move: Recycle\n|-enditem|p2a: Gothitelle|Starf Berry|[eat]\n|-boost|p2a: Gothitelle|spd|2|[from] item: Starf Berry\n|cant|p1a: Groudon|ability: Truant\n|\n|upkeep\n|turn|29\n|\n|t:|1700516429\n|move|p2a: Gothitelle|Protect|p2a: Gothitelle\n|-singleturn|p2a: Gothitelle|Protect\n|move|p1a: Groudon|Earthquake|p2a: Gothitelle\n|-activate|p2a: Gothitelle|move: Protect\n|\n|upkeep\n|turn|30\n|\n|t:|1700516431\n|move|p2a: Gothitelle|Recycle|p2a: Gothitelle\n|-item|p2a: Gothitelle|Starf Berry|[from] move: Recycle\n|-enditem|p2a: Gothitelle|Starf Berry|[eat]\n|-boost|p2a: Gothitelle|def|2|[from] item: Starf Berry\n|cant|p1a: Groudon|ability: Truant\n|\n|upkeep\n|turn|31\n|\n|t:|1700516434\n|move|p2a: Gothitelle|Protect|p2a: Gothitelle\n|-singleturn|p2a: Gothitelle|Protect\n|move|p1a: Groudon|Earthquake|p2a: Gothitelle\n|-activate|p2a: Gothitelle|move: Protect\n|\n|upkeep\n|turn|32\n|\n|t:|1700516437\n|move|p2a: Gothitelle|Recycle|p2a: Gothitelle\n|-item|p2a: Gothitelle|Starf Berry|[from] move: Recycle\n|-enditem|p2a: Gothitelle|Starf Berry|[eat]\n|-boost|p2a: Gothitelle|def|2|[from] item: Starf Berry\n|cant|p1a: Groudon|ability: Truant\n|\n|upkeep\n|turn|33\n|\n|t:|1700516442\n|move|p2a: Gothitelle|Dark Pulse|p1a: Groudon\n|-damage|p1a: Groudon|0 fnt\n|faint|p1a: Groudon\n|\n|upkeep\n|\n|t:|1700516450\n|switch|p1a: Salamence|Salamence, M, shiny|100\/100\n|-damage|p1a: Salamence|75\/100|[from] Stealth Rock\n|-ability|p1a: Salamence|Intimidate|boost\n|-immune|p2a: Gothitelle\n|turn|34\n|\n|t:|1700516456\n|detailschange|p1a: Salamence|Salamence-Mega, M, shiny\n|-mega|p1a: Salamence|Salamence|Salamencite\n|move|p2a: Gothitelle|Dark Pulse|p1a: Salamence\n|-damage|p1a: Salamence|0 fnt\n|faint|p1a: Salamence\n|\n|upkeep\n|\n|t:|1700516474\n|switch|p1a: Necrozma|Necrozma-Dawn-Wings|100\/100\n|-damage|p1a: Necrozma|88\/100|[from] Stealth Rock\n|turn|35\n|\n|t:|1700516479\n|move|p2a: Gothitelle|Dark Pulse|p1a: Necrozma\n|-supereffective|p1a: Necrozma\n|-damage|p1a: Necrozma|0 fnt\n|faint|p1a: Necrozma\n|\n|upkeep\n|\n|t:|1700516482\n|switch|p1a: Zacian|Zacian-Crowned, shiny|100\/100\n|-damage|p1a: Zacian|94\/100|[from] Stealth Rock\n|-ability|p1a: Zacian|Intrepid Sword|boost\n|-boost|p1a: Zacian|atk|1\n|turn|36\n|\n|t:|1700516489\n|-terastallize|p1a: Zacian|Steel\n|move|p2a: Gothitelle|Dark Pulse|p1a: Zacian\n|-damage|p1a: Zacian|11\/100\n|move|p1a: Zacian|Behemoth Blade|p2a: Gothitelle\n|-end|p2a: Gothitelle|Substitute\n|\n|upkeep\n|turn|37\n|\n|t:|1700516499\n|move|p2a: Gothitelle|Dark Pulse|p1a: Zacian\n|-damage|p1a: Zacian|0 fnt\n|faint|p1a: Zacian\n|\n|upkeep\n|\n|t:|1700516504\n|switch|p1a: Zygarde|Zygarde, shiny|100\/100\n|-damage|p1a: Zygarde|94\/100|[from] Stealth Rock\n|turn|38\n|\n|t:|1700516512\n|-terastallize|p2a: Gothitelle|Dark\n|move|p2a: Gothitelle|Dark Pulse|p1a: Zygarde\n|-damage|p1a: Zygarde|0 fnt\n|faint|p1a: Zygarde\n|\n|upkeep\n|\n|t:|1700516517\n|switch|p1a: Arceus|Arceus-Water|100\/100\n|-damage|p1a: Arceus|88\/100|[from] Stealth Rock\n|turn|39\n|c|\u2606catomic756|gg\n|\n|t:|1700516526\n|move|p2a: Gothitelle|Dark Pulse|p1a: Arceus\n|-damage|p1a: Arceus|13\/100\n|move|p1a: Arceus|Body Press|p2a: Gothitelle\n|-supereffective|p2a: Gothitelle\n|-damage|p2a: Gothitelle|12\/100\n|\n|upkeep\n|turn|40\n|\n|t:|1700516534\n|move|p2a: Gothitelle|Dark Pulse|p1a: Arceus\n|-damage|p1a: Arceus|0 fnt\n|faint|p1a: Arceus\n|\n|win|JustMonika_CARR\n|raw|catomic756's rating: 1430 &rarr; <strong>1404<\/strong><br \/>(-26 for losing)\n|raw|JustMonika_CARR's rating: 1319 &rarr; <strong>1345<\/strong><br \/>(+26 for winning)\n|c|\u2606JustMonika_CARR|gg\n|l|\u2606catomic756\n","uploadtime":1700516550,"views":12,"p1id":"catomic756","p2id":"justmonikacarr","formatid":"gen9nationaldexubers","rating":1345,"private":0,"password":""}