{"id":"gen9nationaldexubers-1989018947","p1":"ApocalypticTofu","p2":"myarip","format":"[Gen 9] National Dex Ubers","log":"|j|\u2606ApocalypticTofu\n|j|\u2606myarip\n|t:|1699802878\n|gametype|singles\n|player|p1|ApocalypticTofu|plasmagrunt|\n|player|p2|myarip|lady|\n|teamsize|p1|6\n|teamsize|p2|6\n|gen|9\n|tier|[Gen 9] National Dex Ubers\n|rule|HP Percentage Mod: HP is shown in percentages\n|rule|Endless Battle Clause: Forcing endless battles is banned\n|rule|OHKO Clause: OHKO moves are banned\n|rule|Evasion Moves Clause: Evasion moves are banned\n|rule|Evasion Items Clause: Evasion items are banned\n|rule|Species Clause: Limit one of each Pok\u00e9mon\n|rule|Sleep Clause Mod: Limit one foe put to sleep\n|rule|Mega Rayquaza Clause: You cannot mega evolve Rayquaza\n|clearpoke\n|poke|p1|Ribombee, M|\n|poke|p1|Kleavor, F|\n|poke|p1|Volcarona, F|\n|poke|p1|Vikavolt, F|\n|poke|p1|Slither Wing|\n|poke|p1|Pinsir, M|\n|poke|p2|Whimsicott, F|\n|poke|p2|Clefable, M|\n|poke|p2|Azumarill, M|\n|poke|p2|Tinkaton, F|\n|poke|p2|Gardevoir, F|\n|poke|p2|Flutter Mane|\n|teampreview\n|c|\u2606ApocalypticTofu|oh shoot\n|c|\u2606ApocalypticTofu|hi\n|c|\u2606myarip|hi\n|c|\u2606ApocalypticTofu|one sec\n|c|\u2606ApocalypticTofu|my rice again\n|c|\u2606myarip|is the rice okay\n|c|\u2606myarip|LMAO\n|j| Rainer367\n|j| RaVeDreNch\n|\n|t:|1699802974\n|start\n|switch|p1a: Ribombee|Ribombee, M|100\/100\n|switch|p2a: Whimsicott|Whimsicott, F|100\/100\n|turn|1\n|c|\u2606ApocalypticTofu|rice is fine\n|j| AWK-47\n|c|\u2606ApocalypticTofu|wsg guys\n|c| AWK-47|Sups bitches\n|\n|t:|1699802999\n|-terastallize|p2a: Whimsicott|Steel\n|move|p1a: Ribombee|Tailwind|p1a: Ribombee\n|-sidestart|p1: ApocalypticTofu|move: Tailwind\n|move|p2a: Whimsicott|Tailwind|p2a: Whimsicott\n|-sidestart|p2: myarip|move: Tailwind\n|\n|upkeep\n|turn|2\n|c| AWK-47|Save the rice\n|\n|t:|1699803009\n|move|p1a: Ribombee|Sticky Web|p2a: Whimsicott\n|-sidestart|p2: myarip|move: Sticky Web\n|move|p2a: Whimsicott|U-turn|p1a: Ribombee\n|-resisted|p1a: Ribombee\n|-damage|p1a: Ribombee|91\/100\n|c| RaVeDreNch|epic pro gamer fight\n|j| Xanvoir\n|c| Xanvoir|Yo\n|\n|t:|1699803018\n|switch|p2a: Flutter Mane|Flutter Mane|100\/100|[from] U-turn\n|-activate|p2a: Flutter Mane|move: Sticky Web\n|-unboost|p2a: Flutter Mane|spe|1\n|\n|upkeep\n|turn|3\n|c|\u2606ApocalypticTofu|yo yo\n|c| AWK-47|Wsg\n|\n|t:|1699803030\n|move|p2a: Flutter Mane|Mystical Fire|p1a: Ribombee\n|-supereffective|p1a: Ribombee\n|-damage|p1a: Ribombee|0 fnt\n|faint|p1a: Ribombee\n|\n|upkeep\n|c|\u2606ApocalypticTofu|not ribombee\n|\n|t:|1699803065\n|switch|p1a: Pinsir|Pinsir, M|100\/100\n|turn|4\n|c| Xanvoir|He got burned\n|\n|t:|1699803083\n|detailschange|p1a: Pinsir|Pinsir-Mega, M\n|-mega|p1a: Pinsir|Pinsir|Pinsirite\n|move|p1a: Pinsir|Quick Attack|p2a: Flutter Mane\n|-damage|p2a: Flutter Mane|35\/100\n|move|p2a: Flutter Mane|Mystical Fire|p1a: Pinsir\n|-supereffective|p1a: Pinsir\n|-damage|p1a: Pinsir|22\/100\n|-unboost|p1a: Pinsir|spa|1\n|\n|-sideend|p2: myarip|move: Tailwind\n|-sideend|p1: ApocalypticTofu|move: Tailwind\n|upkeep\n|turn|5\n|\n|t:|1699803104\n|-end|p2a: Flutter Mane|Protosynthesis|[silent]\n|switch|p2a: Whimsicott|Whimsicott, F, tera:Steel|100\/100\n|-activate|p2a: Whimsicott|move: Sticky Web\n|-unboost|p2a: Whimsicott|spe|1\n|move|p1a: Pinsir|Quick Attack|p2a: Whimsicott\n|-resisted|p2a: Whimsicott\n|-damage|p2a: Whimsicott|89\/100\n|\n|-heal|p2a: Whimsicott|95\/100|[from] item: Leftovers\n|upkeep\n|turn|6\n|\n|t:|1699803119\n|move|p1a: Pinsir|Storm Throw|p2a: Whimsicott\n|-supereffective|p2a: Whimsicott\n|-crit|p2a: Whimsicott\n|-damage|p2a: Whimsicott|36\/100\n|move|p2a: Whimsicott|Tailwind|p2a: Whimsicott\n|-sidestart|p2: myarip|move: Tailwind\n|\n|-heal|p2a: Whimsicott|42\/100|[from] item: Leftovers\n|upkeep\n|turn|7\n|\n|t:|1699803133\n|move|p1a: Pinsir|Quick Attack|p2a: Whimsicott\n|-resisted|p2a: Whimsicott\n|-damage|p2a: Whimsicott|31\/100\n|move|p2a: Whimsicott|U-turn|p1a: Pinsir\n|-resisted|p1a: Pinsir\n|-damage|p1a: Pinsir|16\/100\n|\n|t:|1699803140\n|switch|p2a: Clefable|Clefable, M|100\/100|[from] U-turn\n|-activate|p2a: Clefable|move: Sticky Web\n|-unboost|p2a: Clefable|spe|1\n|\n|upkeep\n|turn|8\n|\n|t:|1699803150\n|move|p1a: Pinsir|Quick Attack|p2a: Clefable\n|-damage|p2a: Clefable|80\/100\n|move|p2a: Clefable|Cosmic Power|p2a: Clefable\n|-boost|p2a: Clefable|def|1\n|-boost|p2a: Clefable|spd|1\n|\n|-heal|p2a: Clefable|86\/100|[from] item: Leftovers\n|upkeep\n|turn|9\n|\n|t:|1699803162\n|move|p1a: Pinsir|Double-Edge|p2a: Clefable\n|-damage|p2a: Clefable|45\/100\n|-damage|p1a: Pinsir|0 fnt|[from] Recoil\n|faint|p1a: Pinsir\n|move|p2a: Clefable|Cosmic Power|p2a: Clefable\n|-boost|p2a: Clefable|def|1\n|-boost|p2a: Clefable|spd|1\n|\n|-heal|p2a: Clefable|52\/100|[from] item: Leftovers\n|-sideend|p2: myarip|move: Tailwind\n|upkeep\n|c| AWK-47|Tofu why didn\u2019t u just use storm throw on whimsicot\n|c|\u2606ApocalypticTofu|i did?\n|c| AWK-47|The second time round\n|\n|t:|1699803191\n|switch|p1a: Kleavor|Kleavor, F|100\/100\n|turn|10\n|c| AWK-47|u used quick attack\n|c|\u2606ApocalypticTofu|i knew it would u turn\n|c|\u2606ApocalypticTofu|so i wanted to get some last minute damage in\n|c| Xanvoir|It\u2019s not looking good for ya rn\n|\n|t:|1699803217\n|move|p2a: Clefable|Protect|p2a: Clefable\n|-singleturn|p2a: Clefable|Protect\n|move|p1a: Kleavor|Stone Axe|p2a: Clefable\n|-activate|p2a: Clefable|move: Protect\n|\n|-heal|p2a: Clefable|58\/100|[from] item: Leftovers\n|upkeep\n|turn|11\n|c| Rainer367|Yea\n|\n|t:|1699803228\n|move|p1a: Kleavor|Stone Axe|p2a: Clefable\n|-damage|p2a: Clefable|27\/100\n|-sidestart|p2: myarip|move: Stealth Rock\n|move|p2a: Clefable|Soft-Boiled|p2a: Clefable\n|-heal|p2a: Clefable|77\/100\n|\n|-heal|p2a: Clefable|83\/100|[from] item: Leftovers\n|upkeep\n|turn|12\n|\n|t:|1699803238\n|move|p1a: Kleavor|Stone Axe|p2a: Clefable\n|-damage|p2a: Clefable|53\/100\n|move|p2a: Clefable|Cosmic Power|p2a: Clefable\n|-boost|p2a: Clefable|def|1\n|-boost|p2a: Clefable|spd|1\n|\n|-heal|p2a: Clefable|59\/100|[from] item: Leftovers\n|upkeep\n|turn|13\n|c| RaVeDreNch|cmon make this really exciting\n|l| Xanvoir\n|\n|t:|1699803250\n|move|p1a: Kleavor|Stone Axe|p2a: Clefable|[miss]\n|-miss|p1a: Kleavor|p2a: Clefable\n|move|p2a: Clefable|Cosmic Power|p2a: Clefable\n|-boost|p2a: Clefable|def|1\n|-boost|p2a: Clefable|spd|1\n|\n|-heal|p2a: Clefable|65\/100|[from] item: Leftovers\n|upkeep\n|turn|14\n|\n|t:|1699803259\n|move|p2a: Clefable|Protect|p2a: Clefable\n|-singleturn|p2a: Clefable|Protect\n|move|p1a: Kleavor|Stone Axe|p2a: Clefable\n|-activate|p2a: Clefable|move: Protect\n|\n|-heal|p2a: Clefable|71\/100|[from] item: Leftovers\n|upkeep\n|turn|15\n|\n|t:|1699803266\n|move|p1a: Kleavor|Stone Axe|p2a: Clefable\n|-damage|p2a: Clefable|50\/100\n|move|p2a: Clefable|Cosmic Power|p2a: Clefable\n|-boost|p2a: Clefable|def|1\n|-boost|p2a: Clefable|spd|1\n|\n|-heal|p2a: Clefable|57\/100|[from] item: Leftovers\n|upkeep\n|turn|16\n|\n|t:|1699803274\n|move|p2a: Clefable|Protect|p2a: Clefable\n|-singleturn|p2a: Clefable|Protect\n|move|p1a: Kleavor|Stone Axe|p2a: Clefable\n|-activate|p2a: Clefable|move: Protect\n|\n|-heal|p2a: Clefable|63\/100|[from] item: Leftovers\n|upkeep\n|turn|17\n|j| Xanvoir\n|\n|t:|1699803285\n|move|p1a: Kleavor|Stone Axe|p2a: Clefable\n|-damage|p2a: Clefable|46\/100\n|move|p2a: Clefable|Cosmic Power|p2a: Clefable\n|-boost|p2a: Clefable|def|1\n|-boost|p2a: Clefable|spd|1\n|\n|-heal|p2a: Clefable|52\/100|[from] item: Leftovers\n|upkeep\n|turn|18\n|\n|t:|1699803293\n|move|p1a: Kleavor|Stone Axe|p2a: Clefable\n|-damage|p2a: Clefable|37\/100\n|move|p2a: Clefable|Soft-Boiled|p2a: Clefable\n|-heal|p2a: Clefable|87\/100\n|\n|-heal|p2a: Clefable|93\/100|[from] item: Leftovers\n|upkeep\n|turn|19\n|c| AWK-47|Omds myari why r u making him suffer\n|l| Xanvoir\n|\n|t:|1699803306\n|switch|p1a: Volcarona|Volcarona, F|100\/100\n|move|p2a: Clefable|Stored Power|p1a: Volcarona\n|-damage|p1a: Volcarona|41\/100\n|\n|-heal|p2a: Clefable|99\/100|[from] item: Leftovers\n|upkeep\n|turn|20\n|\n|t:|1699803315\n|move|p1a: Volcarona|Defog|p2a: Clefable\n|-unboost|p2a: Clefable|evasion|1\n|-sideend|p2: myarip|Stealth Rock|[from] move: Defog|[of] p1a: Volcarona\n|-sideend|p2: myarip|Sticky Web|[from] move: Defog|[of] p1a: Volcarona\n|move|p2a: Clefable|Stored Power|p1a: Volcarona\n|-damage|p1a: Volcarona|0 fnt\n|faint|p1a: Volcarona\n|\n|-heal|p2a: Clefable|100\/100|[from] item: Leftovers\n|upkeep\n|c|\u2606ApocalypticTofu|wait what??? i thought defog did stat changes too\n|c|\u2606myarip|magic guard\n|c|\u2606ApocalypticTofu|i think i've lost\n|c|\u2606ApocalypticTofu|oh yeah\n|c|\u2606myarip|im sorry\n|\n|t:|1699803345\n|switch|p1a: Kleavor|Kleavor, F|100\/100\n|turn|21\n|c|\u2606ApocalypticTofu|lmao\n|j| Xanvoir\n|\n|t:|1699803366\n|move|p1a: Kleavor|Stone Axe|p2a: Clefable\n|-damage|p2a: Clefable|85\/100\n|-sidestart|p2: myarip|move: Stealth Rock\n|move|p2a: Clefable|Stored Power|p1a: Kleavor\n|-damage|p1a: Kleavor|7\/100\n|\n|-heal|p2a: Clefable|91\/100|[from] item: Leftovers\n|upkeep\n|turn|22\n|\n|t:|1699803374\n|move|p1a: Kleavor|Stone Axe|p2a: Clefable\n|-damage|p2a: Clefable|76\/100\n|move|p2a: Clefable|Stored Power|p1a: Kleavor\n|-damage|p1a: Kleavor|0 fnt\n|faint|p1a: Kleavor\n|\n|-heal|p2a: Clefable|82\/100|[from] item: Leftovers\n|upkeep\n|c| AWK-47|That pink obese boulder is just pounding the hell out of you\n|\n|t:|1699803382\n|switch|p1a: Slither Wing|Slither Wing|100\/100\n|-enditem|p1a: Slither Wing|Booster Energy\n|-activate|p1a: Slither Wing|ability: Protosynthesis|[fromitem]\n|-start|p1a: Slither Wing|protosynthesisatk\n|turn|23\n|l| Xanvoir\n|\n|t:|1699803397\n|-terastallize|p1a: Slither Wing|Bug\n|move|p1a: Slither Wing|First Impression|p2a: Clefable\n|-resisted|p2a: Clefable\n|-damage|p2a: Clefable|73\/100\n|move|p2a: Clefable|Stored Power|p1a: Slither Wing\n|-damage|p1a: Slither Wing|39\/100\n|\n|-heal|p2a: Clefable|79\/100|[from] item: Leftovers\n|upkeep\n|turn|24\n|j| Xanvoir\n|c| Xanvoir|I think it\u2019s over\n|\n|t:|1699803407\n|move|p1a: Slither Wing|High Horsepower|p2a: Clefable\n|-damage|p2a: Clefable|70\/100\n|move|p2a: Clefable|Stored Power|p1a: Slither Wing\n|-damage|p1a: Slither Wing|0 fnt\n|faint|p1a: Slither Wing\n|-end|p1a: Slither Wing|Protosynthesis|[silent]\n|\n|-heal|p2a: Clefable|76\/100|[from] item: Leftovers\n|upkeep\n|c|\u2606ApocalypticTofu|yeah\n|\n|t:|1699803415\n|switch|p1a: Vikavolt|Vikavolt, F|100\/100\n|turn|25\n|c|\u2606myarip|don't call cleanable obese...\n|c|\u2606myarip|she's just...\n|c| RaVeDreNch|welp that happpened\n|c|\u2606myarip|full figured...\n|\n|t:|1699803430\n|move|p1a: Vikavolt|Flash Cannon|p2a: Clefable\n|-supereffective|p2a: Clefable\n|-damage|p2a: Clefable|52\/100\n|move|p2a: Clefable|Stored Power|p1a: Vikavolt\n|-damage|p1a: Vikavolt|31\/100\n|\n|-heal|p2a: Clefable|58\/100|[from] item: Leftovers\n|upkeep\n|turn|26\n|c|\u2606ApocalypticTofu|big boned\n|c|\u2606myarip|ya\n|\n|t:|1699803438\n|move|p1a: Vikavolt|Flash Cannon|p2a: Clefable\n|-supereffective|p2a: Clefable\n|-damage|p2a: Clefable|35\/100\n|move|p2a: Clefable|Stored Power|p1a: Vikavolt\n|-damage|p1a: Vikavolt|0 fnt\n|faint|p1a: Vikavolt\n|\n|win|myarip\n|c| AWK-47|Lmao\n|c|\u2606myarip|big boned\n|c|\u2606ApocalypticTofu|aight gg\n|c|\u2606myarip|gg\n|c| AWK-47|horizontally assisted\n|c|\u2606ApocalypticTofu|your team is better than last time\n|c|\u2606ApocalypticTofu|i have nothing for clefable\n|l| AWK-47\n|c|\u2606myarip|damn that was my first time using this team too\n|c|\u2606ApocalypticTofu|yeah it's good\n|c| Xanvoir|To be fair, Cosmic Power is such a raging move lmao\n|j| AWK-47\n|l| Xanvoir\n|l| AWK-47\n|c|\u2606ApocalypticTofu|wait so what does magic guard do\n|c|\u2606myarip|okie who's next\n|c|\u2606myarip|it makes so only damaging moves effect it\n|c|\u2606ApocalypticTofu|okay yeah that makes sense\n|c|\u2606ApocalypticTofu|so even a taunter wouldn't be able to stop you\n|c|\u2606myarip|so in like moon blast lowers my spd\n|c|\u2606myarip|only that will lower not intimdate\n|c|\u2606myarip|or defog\n|c|\u2606myarip|nope\n|c| RaVeDreNch|wheres wujuh\n|c|\u2606myarip|plus I knew most everyones team is physical attackers\n|c|\u2606myarip|so I made my tanks physically defensive\n|l|\u2606myarip\n|c| Rainer367|Damn\n|l|\u2606ApocalypticTofu\n|l| RaVeDreNch\n","uploadtime":1699804306,"views":25,"p1id":"apocalyptictofu","p2id":"myarip","formatid":"gen9nationaldexubers","rating":0,"private":0,"password":""}