{"id":"gen9nationaldexubers-1981132833","p1":"DrArkane15","p2":"Abdou\/Victor blade","format":"[Gen 9] National Dex Ubers","log":"|j|\u2606DrArkane15\n|j|\u2606Abdou\/Victor blade\n|t:|1698866189\n|gametype|singles\n|player|p1|DrArkane15|cyrus|\n|player|p2|Abdou\/Victor blade|1|\n|teamsize|p1|3\n|teamsize|p2|6\n|gen|9\n|tier|[Gen 9] National Dex Ubers\n|rule|HP Percentage Mod: HP is shown in percentages\n|rule|Endless Battle Clause: Forcing endless battles is banned\n|rule|OHKO Clause: OHKO moves are banned\n|rule|Evasion Moves Clause: Evasion moves are banned\n|rule|Evasion Items Clause: Evasion items are banned\n|rule|Species Clause: Limit one of each Pok\u00e9mon\n|rule|Sleep Clause Mod: Limit one foe put to sleep\n|rule|Mega Rayquaza Clause: You cannot mega evolve Rayquaza\n|clearpoke\n|poke|p1|Pinsir, L20, F|\n|poke|p1|Charjabug, L16, M|\n|poke|p1|Escavalier, L18, M|\n|poke|p2|Grovyle, L23, F|\n|poke|p2|Furret, L22, F|\n|poke|p2|Mightyena, L21, F|\n|poke|p2|Luxio, L20, F|\n|poke|p2|Fletchinder, L20, F|\n|poke|p2|Gyarados, L24, M|\n|teampreview\n|j| Neosouls\n|\n|t:|1698866197\n|start\n|switch|p1a: Escavalier|Escavalier, L18, M|100\/100\n|switch|p2a: Mightyena|Mightyena, L21, F|100\/100\n|-ability|p2a: Mightyena|Intimidate|boost\n|-unboost|p1a: Escavalier|atk|1\n|turn|1\n|j| Half_A_Ako\n|\n|t:|1698866211\n|move|p2a: Mightyena|Fire Fang|p1a: Escavalier|[miss]\n|-miss|p2a: Mightyena|p1a: Escavalier\n|move|p1a: Escavalier|Fury Cutter|p2a: Mightyena\n|-supereffective|p2a: Mightyena\n|-damage|p2a: Mightyena|55\/100\n|\n|upkeep\n|turn|2\n|\n|t:|1698866227\n|move|p2a: Mightyena|Fire Fang|p1a: Escavalier|[miss]\n|-miss|p2a: Mightyena|p1a: Escavalier\n|move|p1a: Escavalier|Fell Stinger|p2a: Mightyena\n|-supereffective|p2a: Mightyena\n|-damage|p2a: Mightyena|7\/100\n|\n|upkeep\n|turn|3\n|\n|t:|1698866241\n|move|p2a: Mightyena|Fire Fang|p1a: Escavalier\n|-supereffective|p1a: Escavalier\n|-damage|p1a: Escavalier|0 fnt\n|faint|p1a: Escavalier\n|\n|upkeep\n|\n|t:|1698866250\n|switch|p1a: Charjabug|Charjabug, L16, M|100\/100\n|turn|4\n|\n|t:|1698866260\n|move|p2a: Mightyena|Fire Fang|p1a: Charjabug\n|-supereffective|p1a: Charjabug\n|-damage|p1a: Charjabug|11\/100\n|move|p1a: Charjabug|Bite|p2a: Mightyena\n|-resisted|p2a: Mightyena\n|-damage|p2a: Mightyena|0 fnt\n|faint|p2a: Mightyena\n|\n|upkeep\n|\n|t:|1698866270\n|switch|p2a: Fletchinder|Fletchinder, L20, F|100\/100\n|turn|5\n|\n|t:|1698866279\n|move|p2a: Fletchinder|Quick Attack|p1a: Charjabug\n|-damage|p1a: Charjabug|0 fnt\n|faint|p1a: Charjabug\n|\n|upkeep\n|\n|t:|1698866284\n|switch|p1a: Pinsir|Pinsir, L20, F|100\/100\n|-ability|p1a: Pinsir|Mold Breaker\n|turn|6\n|\n|t:|1698866294\n|move|p2a: Fletchinder|Ember|p1a: Pinsir\n|-supereffective|p1a: Pinsir\n|-damage|p1a: Pinsir|71\/100\n|-status|p1a: Pinsir|brn\n|move|p1a: Pinsir|Bug Bite|p2a: Fletchinder\n|-resisted|p2a: Fletchinder\n|-damage|p2a: Fletchinder|94\/100\n|\n|-damage|p1a: Pinsir|67\/100 brn|[from] brn\n|upkeep\n|turn|7\n|\n|t:|1698866349\n|move|p2a: Fletchinder|Ember|p1a: Pinsir\n|-supereffective|p1a: Pinsir\n|-damage|p1a: Pinsir|34\/100 brn\n|move|p1a: Pinsir|Seismic Toss|p2a: Fletchinder\n|-damage|p2a: Fletchinder|61\/100\n|\n|-damage|p1a: Pinsir|30\/100 brn|[from] brn\n|upkeep\n|turn|8\n|\n|t:|1698866374\n|move|p1a: Pinsir|Bind|p2a: Fletchinder|[miss]\n|-miss|p1a: Pinsir|p2a: Fletchinder\n|move|p2a: Fletchinder|Ember|p1a: Pinsir\n|-supereffective|p1a: Pinsir\n|-damage|p1a: Pinsir|0 fnt\n|faint|p1a: Pinsir\n|\n|win|Abdou\/Victor blade\n","uploadtime":1698866392,"views":8,"p1id":"drarkane15","p2id":"abdouvictorblade","formatid":"gen9nationaldexubers","rating":0,"private":0,"password":""}