{"id":"gen9nationaldexubers-1992070124","p1":"seabassmanmanman","p2":"LizzoDaBom123","format":"[Gen 9] National Dex Ubers","log":"|j|\u2606seabassmanmanman\n|j|\u2606LizzoDaBom123\n|t:|1700152558\n|gametype|singles\n|player|p1|seabassmanmanman|ballguy|\n|player|p2|LizzoDaBom123|101|\n|teamsize|p1|6\n|teamsize|p2|6\n|gen|9\n|tier|[Gen 9] National Dex Ubers\n|rule|HP Percentage Mod: HP is shown in percentages\n|rule|Endless Battle Clause: Forcing endless battles is banned\n|rule|OHKO Clause: OHKO moves are banned\n|rule|Evasion Moves Clause: Evasion moves are banned\n|rule|Evasion Items Clause: Evasion items are banned\n|rule|Species Clause: Limit one of each Pok\u00e9mon\n|rule|Sleep Clause Mod: Limit one foe put to sleep\n|rule|Mega Rayquaza Clause: You cannot mega evolve Rayquaza\n|clearpoke\n|poke|p1|Regieleki|\n|poke|p1|Tapu Koko|\n|poke|p1|Rillaboom, F|\n|poke|p1|Rayquaza|\n|poke|p1|Eternatus|\n|poke|p1|Ferrothorn, F|\n|poke|p2|Kyogre|\n|poke|p2|Swampert, F|\n|poke|p2|Politoed, F|\n|poke|p2|Tentacruel, M|\n|poke|p2|Dracovish|\n|poke|p2|Gastrodon, M|\n|teampreview\n|inactive|Battle timer is ON: inactive players will automatically lose when time's up. (requested by seabassmanmanman)\n|\n|t:|1700152569\n|start\n|switch|p1a: Ferrothorn|Ferrothorn, F|100\/100\n|switch|p2a: Swampert|Swampert, F|100\/100\n|turn|1\n|\n|t:|1700152580\n|switch|p2a: Tentacruel|Tentacruel, M|100\/100\n|move|p1a: Ferrothorn|Giga Drain|p2a: Tentacruel\n|-damage|p2a: Tentacruel|88\/100\n|\n|-heal|p2a: Tentacruel|94\/100|[from] item: Black Sludge\n|upkeep\n|turn|2\n|\n|t:|1700152588\n|move|p2a: Tentacruel|Scald|p1a: Ferrothorn\n|-resisted|p1a: Ferrothorn\n|-damage|p1a: Ferrothorn|91\/100\n|move|p1a: Ferrothorn|Leech Seed|p2a: Tentacruel\n|-start|p2a: Tentacruel|move: Leech Seed\n|\n|-heal|p2a: Tentacruel|99\/100|[from] item: Black Sludge\n|-heal|p1a: Ferrothorn|98\/100|[from] item: Leftovers\n|-damage|p2a: Tentacruel|88\/100|[from] Leech Seed|[of] p1a: Ferrothorn\n|-heal|p1a: Ferrothorn|100\/100|[silent]\n|upkeep\n|turn|3\n|\n|t:|1700152598\n|move|p2a: Tentacruel|Scald|p1a: Ferrothorn\n|-resisted|p1a: Ferrothorn\n|-damage|p1a: Ferrothorn|91\/100\n|-status|p1a: Ferrothorn|brn\n|move|p1a: Ferrothorn|Gyro Ball|p2a: Tentacruel\n|-resisted|p2a: Tentacruel\n|-damage|p2a: Tentacruel|77\/100\n|\n|-heal|p2a: Tentacruel|83\/100|[from] item: Black Sludge\n|-heal|p1a: Ferrothorn|97\/100 brn|[from] item: Leftovers\n|-damage|p2a: Tentacruel|71\/100|[from] Leech Seed|[of] p1a: Ferrothorn\n|-heal|p1a: Ferrothorn|100\/100 brn|[silent]\n|-damage|p1a: Ferrothorn|94\/100 brn|[from] brn\n|upkeep\n|turn|4\n|c|\u2606seabassmanmanman|Luckyyyyy\n|\n|t:|1700152611\n|move|p2a: Tentacruel|Rapid Spin|p1a: Ferrothorn\n|-resisted|p1a: Ferrothorn\n|-damage|p1a: Ferrothorn|92\/100 brn\n|-boost|p2a: Tentacruel|spe|1\n|-damage|p2a: Tentacruel|58\/100|[from] ability: Iron Barbs|[of] p1a: Ferrothorn\n|-end|p2a: Tentacruel|Leech Seed|[from] move: Rapid Spin|[of] p2a: Tentacruel\n|move|p1a: Ferrothorn|Giga Drain|p2a: Tentacruel\n|-damage|p2a: Tentacruel|45\/100\n|-heal|p1a: Ferrothorn|99\/100 brn|[from] drain|[of] p2a: Tentacruel\n|\n|-heal|p2a: Tentacruel|51\/100|[from] item: Black Sludge\n|-heal|p1a: Ferrothorn|100\/100 brn|[from] item: Leftovers\n|-damage|p1a: Ferrothorn|94\/100 brn|[from] brn\n|upkeep\n|turn|5\n|\n|t:|1700152629\n|switch|p1a: Regieleki|Regieleki|100\/100\n|move|p2a: Tentacruel|Protect||[still]\n|-fail|p2a: Tentacruel\n|\n|-heal|p2a: Tentacruel|57\/100|[from] item: Black Sludge\n|upkeep\n|turn|6\n|\n|t:|1700152636\n|move|p2a: Tentacruel|Protect|p2a: Tentacruel\n|-singleturn|p2a: Tentacruel|Protect\n|move|p1a: Regieleki|Thunderbolt|p2a: Tentacruel\n|-activate|p2a: Tentacruel|move: Protect\n|\n|-heal|p2a: Tentacruel|63\/100|[from] item: Black Sludge\n|upkeep\n|turn|7\n|\n|t:|1700152649\n|switch|p2a: Gastrodon|Gastrodon, M|100\/100\n|move|p1a: Regieleki|Thunder Wave|p2a: Gastrodon\n|-immune|p2a: Gastrodon\n|\n|upkeep\n|turn|8\n|\n|t:|1700152656\n|move|p1a: Regieleki|Protect|p1a: Regieleki\n|-singleturn|p1a: Regieleki|Protect\n|move|p2a: Gastrodon|Earth Power|p1a: Regieleki\n|-activate|p1a: Regieleki|move: Protect\n|\n|upkeep\n|turn|9\n|\n|t:|1700152662\n|switch|p1a: Rillaboom|Rillaboom, F|100\/100\n|move|p2a: Gastrodon|Earth Power|p1a: Rillaboom\n|-resisted|p1a: Rillaboom\n|-damage|p1a: Rillaboom|73\/100\n|\n|upkeep\n|turn|10\n|\n|t:|1700152672\n|move|p2a: Gastrodon|Protect|p2a: Gastrodon\n|-singleturn|p2a: Gastrodon|Protect\n|move|p1a: Rillaboom|Wood Hammer|p2a: Gastrodon\n|-activate|p2a: Gastrodon|move: Protect\n|\n|upkeep\n|turn|11\n|\n|t:|1700152685\n|switch|p2a: Tentacruel|Tentacruel, M|63\/100\n|move|p1a: Rillaboom|Wood Hammer|p2a: Tentacruel\n|-damage|p2a: Tentacruel|7\/100\n|-damage|p1a: Rillaboom|53\/100|[from] Recoil\n|\n|-heal|p2a: Tentacruel|13\/100|[from] item: Black Sludge\n|upkeep\n|turn|12\n|\n|t:|1700152695\n|move|p2a: Tentacruel|Protect|p2a: Tentacruel\n|-singleturn|p2a: Tentacruel|Protect\n|move|p1a: Rillaboom|U-turn|p2a: Tentacruel\n|-activate|p2a: Tentacruel|move: Protect\n|\n|-heal|p2a: Tentacruel|19\/100|[from] item: Black Sludge\n|upkeep\n|turn|13\n|\n|t:|1700152705\n|switch|p2a: Dracovish|Dracovish|100\/100\n|move|p1a: Rillaboom|U-turn|p2a: Dracovish\n|-damage|p2a: Dracovish|77\/100\n|\n|t:|1700152715\n|switch|p1a: Eternatus|Eternatus|100\/100|[from] U-turn\n|-ability|p1a: Eternatus|Pressure\n|\n|upkeep\n|turn|14\n|\n|t:|1700152720\n|move|p2a: Dracovish|Outrage|p1a: Eternatus\n|-supereffective|p1a: Eternatus\n|-damage|p1a: Eternatus|24\/100\n|move|p1a: Eternatus|Draco Meteor|p2a: Dracovish\n|-supereffective|p2a: Dracovish\n|-damage|p2a: Dracovish|0 fnt\n|-unboost|p1a: Eternatus|spa|2\n|faint|p2a: Dracovish\n|\n|upkeep\n|\n|t:|1700152732\n|switch|p2a: Politoed|Politoed, F|100\/100\n|-weather|RainDance|[from] ability: Drizzle|[of] p2a: Politoed\n|turn|15\n|\n|t:|1700152736\n|move|p1a: Eternatus|Sludge Wave|p2a: Politoed\n|-damage|p2a: Politoed|73\/100\n|move|p2a: Politoed|Ice Beam|p1a: Eternatus\n|-supereffective|p1a: Eternatus\n|-damage|p1a: Eternatus|0 fnt\n|faint|p1a: Eternatus\n|\n|-weather|RainDance|[upkeep]\n|upkeep\n|\n|t:|1700152740\n|switch|p1a: Tapu Koko|Tapu Koko|100\/100\n|-fieldstart|move: Electric Terrain|[from] ability: Electric Surge|[of] p1a: Tapu Koko\n|turn|16\n|\n|t:|1700152746\n|move|p1a: Tapu Koko|Calm Mind|p1a: Tapu Koko\n|-boost|p1a: Tapu Koko|spa|1\n|-boost|p1a: Tapu Koko|spd|1\n|move|p2a: Politoed|Earth Power|p1a: Tapu Koko\n|-supereffective|p1a: Tapu Koko\n|-damage|p1a: Tapu Koko|48\/100\n|\n|-weather|RainDance|[upkeep]\n|upkeep\n|turn|17\n|\n|t:|1700152750\n|move|p1a: Tapu Koko|Thunderbolt|p2a: Politoed\n|-supereffective|p2a: Politoed\n|-damage|p2a: Politoed|0 fnt\n|faint|p2a: Politoed\n|-damage|p1a: Tapu Koko|38\/100|[from] item: Life Orb\n|\n|-weather|RainDance|[upkeep]\n|upkeep\n|\n|t:|1700152753\n|switch|p2a: Swampert|Swampert, F|100\/100\n|turn|18\n|\n|t:|1700152757\n|detailschange|p2a: Swampert|Swampert-Mega, F\n|-mega|p2a: Swampert|Swampert|Swampertite\n|move|p2a: Swampert|Earthquake|p1a: Tapu Koko\n|-supereffective|p1a: Tapu Koko\n|-damage|p1a: Tapu Koko|0 fnt\n|faint|p1a: Tapu Koko\n|\n|-weather|RainDance|[upkeep]\n|upkeep\n|\n|t:|1700152768\n|switch|p1a: Ferrothorn|Ferrothorn, F|94\/100 brn\n|turn|19\n|\n|t:|1700152772\n|move|p2a: Swampert|Power-Up Punch|p1a: Ferrothorn\n|-supereffective|p1a: Ferrothorn\n|-damage|p1a: Ferrothorn|75\/100 brn\n|-boost|p2a: Swampert|atk|1\n|-damage|p2a: Swampert|88\/100|[from] ability: Iron Barbs|[of] p1a: Ferrothorn\n|move|p1a: Ferrothorn|Leech Seed|p2a: Swampert\n|-start|p2a: Swampert|move: Leech Seed\n|\n|-weather|RainDance|[upkeep]\n|-heal|p1a: Ferrothorn|82\/100 brn|[from] item: Leftovers\n|-damage|p2a: Swampert|76\/100|[from] Leech Seed|[of] p1a: Ferrothorn\n|-heal|p1a: Ferrothorn|94\/100 brn|[silent]\n|-damage|p1a: Ferrothorn|87\/100 brn|[from] brn\n|upkeep\n|turn|20\n|\n|t:|1700152776\n|move|p2a: Swampert|Power-Up Punch|p1a: Ferrothorn\n|-supereffective|p1a: Ferrothorn\n|-damage|p1a: Ferrothorn|58\/100 brn\n|-boost|p2a: Swampert|atk|1\n|-damage|p2a: Swampert|64\/100|[from] ability: Iron Barbs|[of] p1a: Ferrothorn\n|move|p1a: Ferrothorn|Giga Drain|p2a: Swampert\n|-supereffective|p2a: Swampert\n|-crit|p2a: Swampert\n|-damage|p2a: Swampert|0 fnt\n|-heal|p1a: Ferrothorn|89\/100 brn|[from] drain|[of] p2a: Swampert\n|faint|p2a: Swampert\n|\n|-weather|RainDance|[upkeep]\n|-heal|p1a: Ferrothorn|95\/100 brn|[from] item: Leftovers\n|-damage|p1a: Ferrothorn|89\/100 brn|[from] brn\n|-fieldend|move: Electric Terrain\n|upkeep\n|\n|t:|1700152784\n|switch|p2a: Kyogre|Kyogre|100\/100\n|detailschange|p2a: Kyogre|Kyogre-Primal\n|-primal|p2a: Kyogre|Blue Orb\n|-weather|PrimordialSea|[from] ability: Primordial Sea|[of] p2a: Kyogre\n|turn|21\n|\n|t:|1700152787\n|move|p2a: Kyogre|Water Spout|p1a: Ferrothorn\n|-resisted|p1a: Ferrothorn\n|-damage|p1a: Ferrothorn|22\/100 brn\n|move|p1a: Ferrothorn|Leech Seed|p2a: Kyogre\n|-start|p2a: Kyogre|move: Leech Seed\n|\n|-weather|PrimordialSea|[upkeep]\n|-heal|p1a: Ferrothorn|28\/100 brn|[from] item: Leftovers\n|-damage|p2a: Kyogre|88\/100|[from] Leech Seed|[of] p1a: Ferrothorn\n|-heal|p1a: Ferrothorn|40\/100 brn|[silent]\n|-damage|p1a: Ferrothorn|34\/100 brn|[from] brn\n|upkeep\n|turn|22\n|\n|t:|1700152793\n|move|p2a: Kyogre|Water Spout|p1a: Ferrothorn\n|-resisted|p1a: Ferrothorn\n|-damage|p1a: Ferrothorn|0 fnt\n|faint|p1a: Ferrothorn\n|\n|-weather|PrimordialSea|[upkeep]\n|upkeep\n|\n|t:|1700152800\n|switch|p1a: Regieleki|Regieleki|100\/100\n|turn|23\n|\n|t:|1700152805\n|-weather|none\n|switch|p2a: Gastrodon|Gastrodon, M|100\/100\n|move|p1a: Regieleki|Protect||[still]\n|-fail|p1a: Regieleki\n|\n|upkeep\n|turn|24\n|\n|t:|1700152810\n|switch|p1a: Rayquaza|Rayquaza|100\/100\n|-ability|p1a: Rayquaza|Air Lock\n|move|p2a: Gastrodon|Ice Beam|p1a: Rayquaza\n|-supereffective|p1a: Rayquaza\n|-damage|p1a: Rayquaza|0 fnt\n|faint|p1a: Rayquaza\n|\n|upkeep\n|c|\u2606seabassmanmanman|Ice beam gastrodon?\n|\n|t:|1700152827\n|switch|p1a: Rillaboom|Rillaboom, F|53\/100\n|turn|25\n|\n|t:|1700152830\n|move|p2a: Gastrodon|Protect|p2a: Gastrodon\n|-singleturn|p2a: Gastrodon|Protect\n|move|p1a: Rillaboom|Wood Hammer|p2a: Gastrodon\n|-activate|p2a: Gastrodon|move: Protect\n|\n|upkeep\n|turn|26\n|\n|t:|1700152837\n|switch|p2a: Tentacruel|Tentacruel, M|19\/100\n|move|p1a: Rillaboom|Wood Hammer|p2a: Tentacruel\n|-damage|p2a: Tentacruel|0 fnt\n|faint|p2a: Tentacruel\n|-damage|p1a: Rillaboom|46\/100|[from] Recoil\n|\n|upkeep\n|\n|t:|1700152847\n|switch|p2a: Kyogre|Kyogre-Primal|88\/100\n|-weather|PrimordialSea|[from] ability: Primordial Sea|[of] p2a: Kyogre\n|turn|27\n|\n|t:|1700152856\n|switch|p1a: Regieleki|Regieleki|100\/100\n|move|p2a: Kyogre|Ice Beam|p1a: Regieleki\n|-damage|p1a: Regieleki|17\/100\n|-status|p1a: Regieleki|frz\n|\n|-weather|PrimordialSea|[upkeep]\n|upkeep\n|turn|28\n|c|\u2606seabassmanmanman|BURH\n|c|\u2606seabassmanmanman|FREEZE\n|\n|t:|1700152870\n|cant|p1a: Regieleki|frz\n|move|p2a: Kyogre|Ice Beam|p1a: Regieleki\n|-crit|p1a: Regieleki\n|-damage|p1a: Regieleki|0 fnt\n|faint|p1a: Regieleki\n|\n|-weather|PrimordialSea|[upkeep]\n|upkeep\n|\n|t:|1700152872\n|switch|p1a: Rillaboom|Rillaboom, F|46\/100\n|turn|29\n|c|\u2606LizzoDaBom123|U suck bro\n|c|\u2606seabassmanmanman|U got lucky\n|c|\u2606seabassmanmanman|also I thought u still had zacian\n|c|\u2606LizzoDaBom123|I was gonna win bro\n|c|\u2606seabassmanmanman|Nuh uh\n|\n|t:|1700152894\n|move|p2a: Kyogre|Ice Beam|p1a: Rillaboom\n|-supereffective|p1a: Rillaboom\n|-damage|p1a: Rillaboom|0 fnt\n|faint|p1a: Rillaboom\n|\n|win|LizzoDaBom123\n|c|\u2606seabassmanmanman|Lemme rebuild\n","uploadtime":1700152904,"views":9,"p1id":"seabassmanmanman","p2id":"lizzodabom123","formatid":"gen9nationaldexubers","rating":0,"private":0,"password":""}