{"id":"gen9nationaldexubers-1990193536","p1":"D.wolf94","p2":"Pecheur Tom","format":"[Gen 9] National Dex Ubers","log":"|j|\u2606D.wolf94\n|j|\u2606Pecheur Tom\n|t:|1699935455\n|gametype|singles\n|player|p1|D.wolf94|266|1000\n|player|p2|Pecheur Tom|1|1056\n|teamsize|p1|6\n|teamsize|p2|6\n|gen|9\n|tier|[Gen 9] National Dex Ubers\n|rated|\n|rule|HP Percentage Mod: HP is shown in percentages\n|rule|Endless Battle Clause: Forcing endless battles is banned\n|rule|OHKO Clause: OHKO moves are banned\n|rule|Evasion Moves Clause: Evasion moves are banned\n|rule|Evasion Items Clause: Evasion items are banned\n|rule|Species Clause: Limit one of each Pok\u00e9mon\n|rule|Sleep Clause Mod: Limit one foe put to sleep\n|rule|Mega Rayquaza Clause: You cannot mega evolve Rayquaza\n|clearpoke\n|poke|p1|Arcanine, M|\n|poke|p1|Forretress, F|\n|poke|p1|Espeon, M|\n|poke|p1|Chansey, F|\n|poke|p1|Volcarona, M|\n|poke|p1|Cloyster, M|\n|poke|p2|Nihilego|\n|poke|p2|Stakataka|\n|poke|p2|Celesteela|\n|poke|p2|Xurkitree|\n|poke|p2|Buzzwole|\n|poke|p2|Naganadel|\n|teampreview\n|\n|t:|1699935462\n|start\n|switch|p1a: fort|Forretress, F|100\/100\n|switch|p2a: Nihilego|Nihilego, shiny|100\/100\n|-item|p2a: Nihilego|Air Balloon\n|turn|1\n|\n|t:|1699935471\n|move|p2a: Nihilego|Power Gem|p1a: fort\n|-damage|p1a: fort|52\/100\n|move|p1a: fort|Toxic Spikes|p2a: Nihilego\n|-sidestart|p2: Pecheur Tom|move: Toxic Spikes\n|\n|upkeep\n|turn|2\n|\n|t:|1699935487\n|move|p2a: Nihilego|Stealth Rock|p1a: fort\n|-sidestart|p1: D.wolf94|move: Stealth Rock\n|move|p1a: fort|Spikes|p2a: Nihilego\n|-sidestart|p2: Pecheur Tom|Spikes\n|\n|upkeep\n|turn|3\n|\n|t:|1699935493\n|move|p2a: Nihilego|Power Gem|p1a: fort\n|-damage|p1a: fort|5\/100\n|move|p1a: fort|Rapid Spin|p2a: Nihilego\n|-resisted|p2a: Nihilego\n|-damage|p2a: Nihilego|93\/100\n|-boost|p1a: fort|spe|1\n|-enditem|p2a: Nihilego|Air Balloon\n|-sideend|p1: D.wolf94|Stealth Rock|[from] move: Rapid Spin|[of] p1a: fort\n|\n|upkeep\n|turn|4\n|\n|t:|1699935521\n|switch|p1a: Cloyster|Cloyster, M|100\/100\n|move|p2a: Nihilego|Power Gem|p1a: Cloyster\n|-supereffective|p1a: Cloyster\n|-enditem|p1a: Cloyster|Focus Sash\n|-damage|p1a: Cloyster|1\/100\n|\n|upkeep\n|turn|5\n|\n|t:|1699935543\n|move|p2a: Nihilego|Sludge Bomb|p1a: Cloyster\n|-damage|p1a: Cloyster|0 fnt\n|faint|p1a: Cloyster\n|-ability|p2a: Nihilego|Beast Boost|boost\n|-boost|p2a: Nihilego|spa|1\n|\n|upkeep\n|\n|t:|1699935561\n|switch|p1a: D.wolf|Arcanine, M|100\/100\n|turn|6\n|\n|t:|1699935566\n|move|p2a: Nihilego|Power Gem|p1a: D.wolf\n|-supereffective|p1a: D.wolf\n|-damage|p1a: D.wolf|0 fnt\n|faint|p1a: D.wolf\n|-ability|p2a: Nihilego|Beast Boost|boost\n|-boost|p2a: Nihilego|spa|1\n|\n|upkeep\n|\n|t:|1699935575\n|switch|p1a: Espeon|Espeon, M|100\/100\n|turn|7\n|\n|t:|1699935582\n|-terastallize|p2a: Nihilego|Water\n|move|p1a: Espeon|Trick|p2a: Nihilego\n|-activate|p1a: Espeon|move: Trick|[of] p2a: Nihilego\n|-item|p2a: Nihilego|Toxic Orb|[from] move: Trick\n|-enditem|p1a: Espeon|Toxic Orb|[silent]|[from] move: Trick\n|move|p2a: Nihilego|Power Gem|p1a: Espeon\n|-damage|p1a: Espeon|0 fnt\n|faint|p1a: Espeon\n|-ability|p2a: Nihilego|Beast Boost|boost\n|-boost|p2a: Nihilego|spa|1\n|\n|-status|p2a: Nihilego|tox|[from] item: Toxic Orb\n|upkeep\n|\n|t:|1699935603\n|switch|p1a: fort|Forretress, F|5\/100\n|turn|8\n|\n|t:|1699935609\n|move|p2a: Nihilego|Power Gem|p1a: fort\n|-damage|p1a: fort|0 fnt\n|faint|p1a: fort\n|-ability|p2a: Nihilego|Beast Boost|boost\n|-boost|p2a: Nihilego|spa|1\n|\n|-damage|p2a: Nihilego|87\/100 tox|[from] psn\n|upkeep\n|\n|t:|1699935617\n|switch|p1a: chance IGH!!|Chansey, F|100\/100\n|turn|9\n|\n|t:|1699935631\n|move|p2a: Nihilego|Stealth Rock|p1a: chance IGH!!\n|-sidestart|p1: D.wolf94|move: Stealth Rock\n|move|p1a: chance IGH!!|Soft-Boiled||[still]\n|-fail|p1a: chance IGH!!|heal\n|\n|-damage|p2a: Nihilego|75\/100 tox|[from] psn\n|upkeep\n|turn|10\n|\n|t:|1699935638\n|move|p2a: Nihilego|Toxic Spikes|p1a: chance IGH!!\n|-sidestart|p1: D.wolf94|move: Toxic Spikes\n|move|p1a: chance IGH!!|Soft-Boiled||[still]\n|-fail|p1a: chance IGH!!|heal\n|\n|-damage|p2a: Nihilego|56\/100 tox|[from] psn\n|upkeep\n|turn|11\n|\n|t:|1699935646\n|move|p2a: Nihilego|Toxic Spikes|p1a: chance IGH!!\n|-sidestart|p1: D.wolf94|move: Toxic Spikes\n|move|p1a: chance IGH!!|Soft-Boiled||[still]\n|-fail|p1a: chance IGH!!|heal\n|\n|-damage|p2a: Nihilego|32\/100 tox|[from] psn\n|upkeep\n|turn|12\n|\n|t:|1699935653\n|move|p2a: Nihilego|Sludge Bomb|p1a: chance IGH!!\n|-crit|p1a: chance IGH!!\n|-damage|p1a: chance IGH!!|1\/100\n|-status|p1a: chance IGH!!|psn\n|move|p1a: chance IGH!!|Soft-Boiled|p1a: chance IGH!!\n|-heal|p1a: chance IGH!!|51\/100 psn\n|\n|-damage|p2a: Nihilego|1\/100 tox|[from] psn\n|-damage|p1a: chance IGH!!|38\/100 psn|[from] psn\n|upkeep\n|turn|13\n|\n|t:|1699935664\n|move|p2a: Nihilego|Sludge Bomb|p1a: chance IGH!!\n|-damage|p1a: chance IGH!!|0 fnt\n|faint|p1a: chance IGH!!\n|-ability|p2a: Nihilego|Beast Boost|boost\n|-boost|p2a: Nihilego|spa|1\n|\n|-damage|p2a: Nihilego|0 fnt|[from] psn\n|faint|p2a: Nihilego\n|upkeep\n|\n|t:|1699935674\n|switch|p2a: Xurkitree|Xurkitree, shiny|100\/100\n|switch|p1a: flower|Volcarona, M|100\/100\n|-status|p2a: Xurkitree|psn\n|-damage|p2a: Xurkitree|88\/100 psn|[from] Spikes\n|-damage|p1a: flower|51\/100|[from] Stealth Rock\n|-status|p1a: flower|tox\n|turn|14\n|\n|t:|1699935688\n|move|p2a: Xurkitree|Thunderbolt|p1a: flower\n|-damage|p1a: flower|0 fnt\n|faint|p1a: flower\n|\n|win|Pecheur Tom\n|raw|D.wolf94's rating: 1000 &rarr; <strong>1000<\/strong><br \/>(+0 for losing)\n|raw|Pecheur Tom's rating: 1053 &rarr; <strong>1080<\/strong><br \/>(+27 for winning)\n|l|\u2606D.wolf94\n","uploadtime":1699935729,"views":9,"p1id":"dwolf94","p2id":"pecheurtom","formatid":"gen9nationaldexubers","rating":1000,"private":0,"password":""}