{"id":"gen9nationaldexubers-1997929831","p1":"ShedinjaIsFunnyBug","p2":"Rafadude","format":"[Gen 9] National Dex Ubers","log":"|j|\u2606ShedinjaIsFunnyBug\n|j|\u2606Rafadude\n|t:|1700868693\n|gametype|singles\n|player|p1|ShedinjaIsFunnyBug|steven|\n|player|p2|Rafadude|furisodegirl-blue|\n|teamsize|p1|6\n|teamsize|p2|6\n|gen|9\n|tier|[Gen 9] National Dex Ubers\n|rated|Tournament battle\n|rule|HP Percentage Mod: HP is shown in percentages\n|rule|Endless Battle Clause: Forcing endless battles is banned\n|rule|OHKO Clause: OHKO moves are banned\n|rule|Evasion Moves Clause: Evasion moves are banned\n|rule|Evasion Items Clause: Evasion items are banned\n|rule|Species Clause: Limit one of each Pok\u00e9mon\n|rule|Sleep Clause Mod: Limit one foe put to sleep\n|rule|Mega Rayquaza Clause: You cannot mega evolve Rayquaza\n|clearpoke\n|poke|p1|Hatterene, F|\n|poke|p1|Groudon|\n|poke|p1|Lunala|\n|poke|p1|Dialga|\n|poke|p1|Arceus-Grass|\n|poke|p1|Ursaluna-Bloodmoon, M|\n|poke|p2|Excadrill, M|\n|poke|p2|Smeargle, M|\n|poke|p2|Espathra, F|\n|poke|p2|Arceus-Electric|\n|poke|p2|Blaziken, M|\n|poke|p2|Roaring Moon|\n|teampreview\n|inactive|Battle timer is ON: inactive players will automatically lose when time's up. (requested by ShedinjaIsFunnyBug)\n|inactive|Rafadude also wants the timer to be on.\n|c|\u2606Rafadude|glhf\n|c|\u2606ShedinjaIsFunnyBug|Glhf\n|c|\u2606ShedinjaIsFunnyBug|Had to make this quick\n|inactive|ShedinjaIsFunnyBug has 120 seconds left.\n|j| Xurkiyee\n|\n|t:|1700868727\n|start\n|switch|p1a: Hatterene|Hatterene, F|100\/100\n|switch|p2a: Excadrill|Excadrill, M|100\/100\n|-ability|p2a: Excadrill|Mold Breaker\n|turn|1\n|j|+Runo\n|c|\u2606Rafadude|i made HO\n|c|\u2606Rafadude|so i didnt think\n|\n|t:|1700868742\n|move|p2a: Excadrill|Stealth Rock|p1a: Hatterene\n|-sidestart|p1: ShedinjaIsFunnyBug|move: Stealth Rock\n|move|p1a: Hatterene|Trick Room|p1a: Hatterene\n|-fieldstart|move: Trick Room|[of] p1a: Hatterene\n|\n|upkeep\n|turn|2\n|c|\u2606Rafadude|hi runo\n|c|\u2606ShedinjaIsFunnyBug|I made tr because I couldn't think lol\n|\n|t:|1700868755\n|move|p1a: Hatterene|Mystical Fire|p2a: Excadrill\n|-supereffective|p2a: Excadrill\n|-damage|p2a: Excadrill|25\/100\n|-unboost|p2a: Excadrill|spa|1\n|move|p2a: Excadrill|Earthquake|p1a: Hatterene\n|-damage|p1a: Hatterene|36\/100\n|\n|upkeep\n|turn|3\n|\n|t:|1700868762\n|move|p1a: Hatterene|Mystical Fire|p2a: Excadrill\n|-supereffective|p2a: Excadrill\n|-damage|p2a: Excadrill|0 fnt\n|faint|p2a: Excadrill\n|\n|upkeep\n|\n|t:|1700868767\n|switch|p2a: Arceus|Arceus-Electric|100\/100\n|turn|4\n|\n|t:|1700868778\n|move|p1a: Hatterene|Healing Wish|p1a: Hatterene\n|faint|p1a: Hatterene\n|move|p2a: Arceus|Substitute|p2a: Arceus\n|-start|p2a: Arceus|Substitute\n|-damage|p2a: Arceus|76\/100\n|\n|upkeep\n|\n|t:|1700868788\n|switch|p1a: Ursaluna|Ursaluna-Bloodmoon, M|100\/100\n|-damage|p1a: Ursaluna|94\/100|[from] Stealth Rock\n|turn|5\n|\n|t:|1700868795\n|-terastallize|p1a: Ursaluna|Normal\n|move|p1a: Ursaluna|Hyper Voice|p2a: Arceus\n|-damage|p2a: Arceus|5\/100\n|move|p2a: Arceus|Ice Beam|p1a: Ursaluna\n|-damage|p1a: Ursaluna|64\/100\n|\n|-fieldend|move: Trick Room\n|upkeep\n|turn|6\n|\n|t:|1700868800\n|-zpower|p2a: Arceus\n|move|p2a: Arceus|Gigavolt Havoc|p1a: Ursaluna|[zeffect]\n|-damage|p1a: Ursaluna|0 fnt\n|faint|p1a: Ursaluna\n|\n|upkeep\n|c|\u2606ShedinjaIsFunnyBug|Cool\n|\n|t:|1700868828\n|switch|p1a: Dialga|Dialga|100\/100\n|-damage|p1a: Dialga|94\/100|[from] Stealth Rock\n|-ability|p1a: Dialga|Pressure\n|turn|7\n|\n|t:|1700868839\n|move|p2a: Arceus|Ice Beam|p1a: Dialga\n|-damage|p1a: Dialga|69\/100\n|move|p1a: Dialga|Dragon Pulse|p2a: Arceus\n|-end|p2a: Arceus|Substitute\n|\n|upkeep\n|turn|8\n|\n|t:|1700868842\n|move|p2a: Arceus|Ice Beam|p1a: Dialga\n|-damage|p1a: Dialga|42\/100\n|move|p1a: Dialga|Dragon Pulse|p2a: Arceus\n|-damage|p2a: Arceus|0 fnt\n|faint|p2a: Arceus\n|\n|upkeep\n|\n|t:|1700868847\n|switch|p2a: Blaziken|Blaziken, M|100\/100\n|turn|9\n|\n|t:|1700868850\n|switch|p1a: Lunala|Lunala|100\/100\n|detailschange|p2a: Blaziken|Blaziken-Mega, M\n|-mega|p2a: Blaziken|Blaziken|Blazikenite\n|move|p2a: Blaziken|Close Combat|p1a: Lunala\n|-immune|p1a: Lunala\n|\n|-ability|p2a: Blaziken|Speed Boost|boost\n|-boost|p2a: Blaziken|spe|1\n|upkeep\n|turn|10\n|\n|t:|1700868854\n|move|p2a: Blaziken|Flare Blitz|p1a: Lunala\n|-damage|p1a: Lunala|73\/100\n|-damage|p2a: Blaziken|86\/100|[from] Recoil\n|move|p1a: Lunala|Trick Room|p1a: Lunala\n|-fieldstart|move: Trick Room|[of] p1a: Lunala\n|\n|-ability|p2a: Blaziken|Speed Boost|boost\n|-boost|p2a: Blaziken|spe|1\n|upkeep\n|turn|11\n|\n|t:|1700868861\n|switch|p2a: Roaring Moon|Roaring Moon|100\/100\n|-enditem|p2a: Roaring Moon|Booster Energy\n|-activate|p2a: Roaring Moon|ability: Protosynthesis|[fromitem]\n|-start|p2a: Roaring Moon|protosynthesisatk\n|move|p1a: Lunala|Psyshock|p2a: Roaring Moon\n|-immune|p2a: Roaring Moon\n|\n|upkeep\n|turn|12\n|\n|t:|1700868868\n|move|p1a: Lunala|Moonblast|p2a: Roaring Moon\n|-supereffective|p2a: Roaring Moon\n|-damage|p2a: Roaring Moon|0 fnt\n|faint|p2a: Roaring Moon\n|-end|p2a: Roaring Moon|Protosynthesis|[silent]\n|\n|upkeep\n|\n|t:|1700868872\n|switch|p2a: Espathra|Espathra, F|100\/100\n|turn|13\n|\n|t:|1700868874\n|move|p1a: Lunala|Moongeist Beam|p2a: Espathra\n|-supereffective|p2a: Espathra\n|-damage|p2a: Espathra|0 fnt\n|faint|p2a: Espathra\n|\n|upkeep\n|\n|t:|1700868881\n|switch|p2a: Smeargle|Smeargle, M|100\/100\n|turn|14\n|\n|t:|1700868887\n|switch|p1a: Arceus|Arceus-Grass|100\/100\n|-damage|p1a: Arceus|88\/100|[from] Stealth Rock\n|move|p2a: Smeargle|Spore|p1a: Arceus\n|-immune|p1a: Arceus\n|\n|-fieldend|move: Trick Room\n|upkeep\n|turn|15\n|\n|t:|1700868893\n|move|p2a: Smeargle|Shed Tail|p2a: Smeargle\n|-start|p2a: Smeargle|Substitute|[from] move: Shed Tail\n|-damage|p2a: Smeargle|50\/100\n|-enditem|p2a: Smeargle|Sitrus Berry|[eat]\n|-heal|p2a: Smeargle|75\/100|[from] item: Sitrus Berry\n|\n|t:|1700868894\n|switch|p2a: Blaziken|Blaziken-Mega, M|86\/100|[from] Shed Tail\n|move|p1a: Arceus|Trick Room|p1a: Arceus\n|-fieldstart|move: Trick Room|[of] p1a: Arceus\n|\n|upkeep\n|turn|16\n|\n|t:|1700868898\n|move|p1a: Arceus|Taunt|p2a: Blaziken\n|-start|p2a: Blaziken|move: Taunt\n|cant|p2a: Blaziken|move: Taunt|Swords Dance\n|\n|-ability|p2a: Blaziken|Speed Boost|boost\n|-boost|p2a: Blaziken|spe|1\n|upkeep\n|turn|17\n|\n|t:|1700868914\n|switch|p1a: Groudon|Groudon|100\/100\n|-damage|p1a: Groudon|94\/100|[from] Stealth Rock\n|-weather|SunnyDay|[from] ability: Drought|[of] p1a: Groudon\n|move|p2a: Blaziken|Flare Blitz|p1a: Groudon\n|-damage|p1a: Groudon|9\/100\n|-damage|p2a: Blaziken|54\/100|[from] Recoil\n|\n|-weather|SunnyDay|[upkeep]\n|-ability|p2a: Blaziken|Speed Boost|boost\n|-boost|p2a: Blaziken|spe|1\n|upkeep\n|turn|18\n|\n|t:|1700868919\n|move|p1a: Groudon|Earthquake|p2a: Blaziken\n|-supereffective|p2a: Blaziken\n|-end|p2a: Blaziken|Substitute\n|move|p2a: Blaziken|Close Combat|p1a: Groudon\n|-damage|p1a: Groudon|0 fnt\n|-unboost|p2a: Blaziken|def|1\n|-unboost|p2a: Blaziken|spd|1\n|faint|p1a: Groudon\n|\n|-weather|SunnyDay|[upkeep]\n|-end|p2a: Blaziken|move: Taunt\n|-ability|p2a: Blaziken|Speed Boost|boost\n|-boost|p2a: Blaziken|spe|1\n|upkeep\n|\n|t:|1700868926\n|switch|p1a: Lunala|Lunala|73\/100\n|-heal|p1a: Lunala|100\/100|[from] move: Healing Wish\n|turn|19\n|\n|t:|1700868929\n|switch|p2a: Smeargle|Smeargle, M|75\/100\n|move|p1a: Lunala|Psyshock|p2a: Smeargle\n|-damage|p2a: Smeargle|0 fnt\n|faint|p2a: Smeargle\n|\n|-weather|SunnyDay|[upkeep]\n|-fieldend|move: Trick Room\n|upkeep\n|j| Argusbonusest\n|\n|t:|1700868931\n|switch|p2a: Blaziken|Blaziken-Mega, M|54\/100\n|turn|20\n|\n|t:|1700868933\n|move|p2a: Blaziken|Flare Blitz|p1a: Lunala\n|-damage|p1a: Lunala|58\/100\n|-damage|p2a: Blaziken|32\/100|[from] Recoil\n|move|p1a: Lunala|Psyshock|p2a: Blaziken\n|-supereffective|p2a: Blaziken\n|-damage|p2a: Blaziken|0 fnt\n|faint|p2a: Blaziken\n|\n|win|ShedinjaIsFunnyBug\n|n|\u2606ShedinjaIsFunnyBug|shedinjaisfunnybug\n|n|\u2606Rafadude|rafadude\n|n| Xurkiyee|xurkiyee\n|n| Runo|runo\n|n| Argusbonusest|argusbonusest\n|c|\u2606Rafadude|gg\n|l|\u2606Rafadude\n|c|\u2606ShedinjaIsFunnyBug|Gg\n|c|\u2606ShedinjaIsFunnyBug|Wp\n|l| Argusbonusest\n","uploadtime":1700868945,"views":26,"p1id":"shedinjaisfunnybug","p2id":"rafadude","formatid":"gen9nationaldexubers","rating":0,"private":0,"password":""}