{"id":"gen9nationaldexubers-1991803414","p1":"Godspeed17","p2":"Jothis","format":"[Gen 9] National Dex Ubers","log":"|j|\u2606Godspeed17\n|j|\u2606Jothis\n|t:|1700120301\n|gametype|singles\n|player|p1|Godspeed17|2|1334\n|player|p2|Jothis|palmer|1298\n|teamsize|p1|6\n|teamsize|p2|6\n|gen|9\n|tier|[Gen 9] National Dex Ubers\n|rated|\n|rule|HP Percentage Mod: HP is shown in percentages\n|rule|Endless Battle Clause: Forcing endless battles is banned\n|rule|OHKO Clause: OHKO moves are banned\n|rule|Evasion Moves Clause: Evasion moves are banned\n|rule|Evasion Items Clause: Evasion items are banned\n|rule|Species Clause: Limit one of each Pok\u00e9mon\n|rule|Sleep Clause Mod: Limit one foe put to sleep\n|rule|Mega Rayquaza Clause: You cannot mega evolve Rayquaza\n|clearpoke\n|poke|p1|Marshadow|\n|poke|p1|Necrozma-Dusk-Mane|\n|poke|p1|Mewtwo|\n|poke|p1|Ho-Oh|\n|poke|p1|Rayquaza|\n|poke|p1|Kyogre|\n|poke|p2|Palkia-Origin|\n|poke|p2|Glimmora, M|\n|poke|p2|Arceus-Ghost|\n|poke|p2|Darmanitan-Galar, M|\n|poke|p2|Ogerpon-Hearthflame, F|\n|poke|p2|Zacian-*|\n|teampreview\n|inactive|Battle timer is ON: inactive players will automatically lose when time's up. (requested by Jothis)\n|\n|t:|1700120315\n|start\n|switch|p1a: Ho-Oh|Ho-Oh|100\/100\n|switch|p2a: Arceus|Arceus-Ghost|100\/100\n|turn|1\n|\n|t:|1700120325\n|move|p2a: Arceus|Judgment|p1a: Ho-Oh\n|-damage|p1a: Ho-Oh|67\/100\n|move|p1a: Ho-Oh|Sacred Fire|p2a: Arceus|[miss]\n|-miss|p1a: Ho-Oh|p2a: Arceus\n|\n|upkeep\n|turn|2\n|\n|t:|1700120332\n|move|p2a: Arceus|Judgment|p1a: Ho-Oh\n|-damage|p1a: Ho-Oh|30\/100\n|move|p1a: Ho-Oh|Sacred Fire|p2a: Arceus\n|-damage|p2a: Arceus|60\/100\n|\n|upkeep\n|turn|3\n|\n|t:|1700120347\n|switch|p1a: Rayquaza|Rayquaza|100\/100\n|-ability|p1a: Rayquaza|Air Lock\n|move|p2a: Arceus|Judgment|p1a: Rayquaza\n|-damage|p1a: Rayquaza|27\/100\n|\n|upkeep\n|turn|4\n|\n|t:|1700120360\n|move|p1a: Rayquaza|Dragon Dance|p1a: Rayquaza\n|-boost|p1a: Rayquaza|atk|1\n|-boost|p1a: Rayquaza|spe|1\n|move|p2a: Arceus|Dazzling Gleam|p1a: Rayquaza\n|-supereffective|p1a: Rayquaza\n|-damage|p1a: Rayquaza|0 fnt\n|faint|p1a: Rayquaza\n|\n|upkeep\n|\n|t:|1700120365\n|switch|p1a: Necrozma|Necrozma-Dusk-Mane|100\/100\n|turn|5\n|\n|t:|1700120372\n|move|p2a: Arceus|Judgment|p1a: Necrozma\n|-supereffective|p1a: Necrozma\n|-damage|p1a: Necrozma|0 fnt\n|faint|p1a: Necrozma\n|\n|upkeep\n|\n|t:|1700120378\n|switch|p1a: Mewtwo|Mewtwo|100\/100\n|-ability|p1a: Mewtwo|Pressure\n|turn|6\n|\n|t:|1700120380\n|detailschange|p1a: Mewtwo|Mewtwo-Mega-Y\n|-mega|p1a: Mewtwo|Mewtwo|Mewtwonite Y\n|move|p1a: Mewtwo|Dark Pulse|p2a: Arceus\n|-supereffective|p2a: Arceus\n|-damage|p2a: Arceus|7\/100\n|move|p2a: Arceus|Judgment|p1a: Mewtwo\n|-supereffective|p1a: Mewtwo\n|-damage|p1a: Mewtwo|0 fnt\n|faint|p1a: Mewtwo\n|\n|upkeep\n|\n|t:|1700120386\n|switch|p1a: Ho-Oh|Ho-Oh|64\/100\n|turn|7\n|\n|t:|1700120394\n|move|p2a: Arceus|Judgment|p1a: Ho-Oh\n|-damage|p1a: Ho-Oh|26\/100\n|move|p1a: Ho-Oh|Brave Bird|p2a: Arceus\n|-damage|p2a: Arceus|0 fnt\n|faint|p2a: Arceus\n|-damage|p1a: Ho-Oh|23\/100|[from] Recoil\n|\n|upkeep\n|\n|t:|1700120398\n|switch|p2a: Glimmora|Glimmora, M|100\/100\n|turn|8\n|\n|t:|1700120408\n|switch|p1a: Kyogre|Kyogre|100\/100\n|-weather|RainDance|[from] ability: Drizzle|[of] p1a: Kyogre\n|move|p2a: Glimmora|Power Gem|p1a: Kyogre\n|-damage|p1a: Kyogre|76\/100\n|\n|-weather|RainDance|[upkeep]\n|upkeep\n|turn|9\n|\n|t:|1700120417\n|move|p1a: Kyogre|Water Spout|p2a: Glimmora\n|-supereffective|p2a: Glimmora\n|-crit|p2a: Glimmora\n|-enditem|p2a: Glimmora|Focus Sash\n|-damage|p2a: Glimmora|1\/100\n|move|p2a: Glimmora|Toxic|p1a: Kyogre\n|-status|p1a: Kyogre|tox\n|\n|-weather|RainDance|[upkeep]\n|-damage|p1a: Kyogre|70\/100 tox|[from] psn\n|upkeep\n|turn|10\n|\n|t:|1700120425\n|move|p1a: Kyogre|Water Spout|p2a: Glimmora\n|-supereffective|p2a: Glimmora\n|-damage|p2a: Glimmora|0 fnt\n|faint|p2a: Glimmora\n|\n|-weather|RainDance|[upkeep]\n|-damage|p1a: Kyogre|58\/100 tox|[from] psn\n|upkeep\n|\n|t:|1700120427\n|switch|p2a: Palkia|Palkia-Origin|100\/100\n|-ability|p2a: Palkia|Pressure\n|turn|11\n|-message|Godspeed17 forfeited.\n|\n|win|Jothis\n|raw|Godspeed17's rating: 1334 &rarr; <strong>1312<\/strong><br \/>(-22 for losing)\n|raw|Jothis's rating: 1298 &rarr; <strong>1326<\/strong><br \/>(+28 for winning)\n|l|\u2606Godspeed17\n","uploadtime":1700120445,"views":9,"p1id":"godspeed17","p2id":"jothis","formatid":"gen9nationaldexubers","rating":1312,"private":0,"password":""}