{"id":"gen9nationaldexubers-1996415868","p1":"insanejokester","p2":"Gallade805","format":"[Gen 9] National Dex Ubers","log":"|j|\u2606insanejokester\n|j|\u2606Gallade805\n|t:|1700679878\n|gametype|singles\n|player|p1|insanejokester|flannery|1256\n|player|p2|Gallade805|lucas|1276\n|teamsize|p1|6\n|teamsize|p2|6\n|gen|9\n|tier|[Gen 9] National Dex Ubers\n|rated|\n|rule|HP Percentage Mod: HP is shown in percentages\n|rule|Endless Battle Clause: Forcing endless battles is banned\n|rule|OHKO Clause: OHKO moves are banned\n|rule|Evasion Moves Clause: Evasion moves are banned\n|rule|Evasion Items Clause: Evasion items are banned\n|rule|Species Clause: Limit one of each Pok\u00e9mon\n|rule|Sleep Clause Mod: Limit one foe put to sleep\n|rule|Mega Rayquaza Clause: You cannot mega evolve Rayquaza\n|clearpoke\n|poke|p1|Darmanitan-Galar, F|\n|poke|p1|Corsola-Galar, M|\n|poke|p1|Chansey, F|\n|poke|p1|Shaymin-Sky|\n|poke|p1|Arceus-Steel|\n|poke|p1|Yveltal|\n|poke|p2|Kangaskhan, F|\n|poke|p2|Kyurem-White|\n|poke|p2|Xerneas-*|\n|poke|p2|Zacian-*|\n|poke|p2|Necrozma-Dawn-Wings|\n|poke|p2|Kyogre|\n|teampreview\n|inactive|Battle timer is ON: inactive players will automatically lose when time's up. (requested by Gallade805)\n|\n|t:|1700679887\n|start\n|switch|p1a: Darmanitan|Darmanitan-Galar, F|100\/100\n|switch|p2a: Kangaskhan|Kangaskhan, F, shiny|100\/100\n|turn|1\n|\n|t:|1700679897\n|switch|p1a: Corsola|Corsola-Galar, M|100\/100\n|detailschange|p2a: Kangaskhan|Kangaskhan-Mega, F, shiny\n|-mega|p2a: Kangaskhan|Kangaskhan|Kangaskhanite\n|move|p2a: Kangaskhan|Fake Out|p1a: Corsola\n|-immune|p1a: Corsola\n|\n|upkeep\n|turn|2\n|\n|t:|1700679904\n|move|p2a: Kangaskhan|Ice Punch|p1a: Corsola\n|-damage|p1a: Corsola|88\/100\n|-damage|p1a: Corsola|85\/100\n|-start|p2a: Kangaskhan|Disable|Ice Punch|[from] ability: Cursed Body|[of] p1a: Corsola\n|-hitcount|p1a: Corsola|2\n|move|p1a: Corsola|Will-O-Wisp|p2a: Kangaskhan\n|-status|p2a: Kangaskhan|brn\n|\n|-damage|p2a: Kangaskhan|95\/100 brn|[from] brn\n|upkeep\n|turn|3\n|\n|t:|1700679919\n|switch|p2a: Necrozma|Necrozma-Dawn-Wings|100\/100\n|switch|p1a: Darmanitan|Darmanitan-Galar, F|100\/100\n|\n|upkeep\n|turn|4\n|\n|t:|1700679925\n|move|p1a: Darmanitan|U-turn|p2a: Necrozma\n|-damage|p2a: Necrozma|60\/100\n|\n|t:|1700679939\n|switch|p1a: Chansey|Chansey, F|100\/100|[from] U-turn\n|move|p2a: Necrozma|Moongeist Beam|p1a: Chansey\n|-immune|p1a: Chansey\n|\n|upkeep\n|turn|5\n|\n|t:|1700679947\n|detailschange|p2a: Necrozma|Necrozma-Ultra\n|-burst|p2a: Necrozma|Necrozma|Ultranecrozium Z\n|move|p2a: Necrozma|Photon Geyser|p1a: Chansey\n|-damage|p1a: Chansey|85\/100\n|move|p1a: Chansey|Stealth Rock|p2a: Necrozma\n|-sidestart|p2: Gallade805|move: Stealth Rock\n|\n|upkeep\n|turn|6\n|\n|t:|1700679960\n|-zpower|p2a: Necrozma\n|move|p2a: Necrozma|Light That Burns the Sky|p1a: Chansey|[zeffect]\n|-damage|p1a: Chansey|51\/100\n|move|p1a: Chansey|Toxic|p2a: Necrozma|[miss]\n|-miss|p1a: Chansey|p2a: Necrozma\n|\n|upkeep\n|turn|7\n|\n|t:|1700679969\n|move|p2a: Necrozma|Photon Geyser|p1a: Chansey\n|-damage|p1a: Chansey|35\/100\n|move|p1a: Chansey|Soft-Boiled|p1a: Chansey\n|-heal|p1a: Chansey|85\/100\n|\n|upkeep\n|turn|8\n|\n|t:|1700679978\n|switch|p2a: Kangaskhan|Kangaskhan-Mega, F, shiny|95\/100 brn\n|-damage|p2a: Kangaskhan|82\/100 brn|[from] Stealth Rock\n|move|p1a: Chansey|Toxic||[still]\n|-fail|p1a: Chansey\n|\n|-damage|p2a: Kangaskhan|76\/100 brn|[from] brn\n|upkeep\n|turn|9\n|\n|t:|1700679988\n|switch|p1a: Darmanitan|Darmanitan-Galar, F|100\/100\n|move|p2a: Kangaskhan|Power-Up Punch|p1a: Darmanitan\n|-supereffective|p1a: Darmanitan\n|-damage|p1a: Darmanitan|80\/100\n|-boost|p2a: Kangaskhan|atk|1\n|-supereffective|p1a: Darmanitan\n|-damage|p1a: Darmanitan|72\/100\n|-boost|p2a: Kangaskhan|atk|1\n|-hitcount|p1a: Darmanitan|2\n|\n|-damage|p2a: Kangaskhan|70\/100 brn|[from] brn\n|upkeep\n|turn|10\n|\n|t:|1700680001\n|move|p1a: Darmanitan|Icicle Crash|p2a: Kangaskhan\n|-damage|p2a: Kangaskhan|2\/100 brn\n|move|p2a: Kangaskhan|Drain Punch|p1a: Darmanitan\n|-supereffective|p1a: Darmanitan\n|-damage|p1a: Darmanitan|0 fnt\n|-heal|p2a: Kangaskhan|38\/100 brn|[from] drain|[of] p1a: Darmanitan\n|faint|p1a: Darmanitan\n|-hitcount|p1: Darmanitan|1\n|\n|-damage|p2a: Kangaskhan|32\/100 brn|[from] brn\n|upkeep\n|\n|t:|1700680011\n|switch|p1a: Yveltal|Yveltal|100\/100\n|-ability|p1a: Yveltal|Dark Aura\n|turn|11\n|\n|t:|1700680017\n|move|p1a: Yveltal|Sucker Punch|p2a: Kangaskhan\n|-damage|p2a: Kangaskhan|0 fnt\n|faint|p2a: Kangaskhan\n|-damage|p1a: Yveltal|91\/100|[from] item: Life Orb\n|\n|upkeep\n|\n|t:|1700680022\n|switch|p2a: Kyurem|Kyurem-White|100\/100\n|-damage|p2a: Kyurem|76\/100|[from] Stealth Rock\n|-ability|p2a: Kyurem|Turboblaze\n|turn|12\n|\n|t:|1700680029\n|move|p2a: Kyurem|Freeze-Dry|p1a: Yveltal\n|-supereffective|p1a: Yveltal\n|-damage|p1a: Yveltal|20\/100\n|move|p1a: Yveltal|Dark Pulse|p2a: Kyurem\n|-damage|p2a: Kyurem|4\/100\n|-damage|p1a: Yveltal|11\/100|[from] item: Life Orb\n|\n|upkeep\n|turn|13\n|\n|t:|1700680037\n|move|p1a: Yveltal|Sucker Punch|p2a: Kyurem\n|-damage|p2a: Kyurem|0 fnt\n|faint|p2a: Kyurem\n|-damage|p1a: Yveltal|1\/100|[from] item: Life Orb\n|\n|upkeep\n|\n|t:|1700680040\n|switch|p2a: Zacian|Zacian-Crowned, shiny|100\/100\n|-damage|p2a: Zacian|94\/100|[from] Stealth Rock\n|-ability|p2a: Zacian|Intrepid Sword|boost\n|-boost|p2a: Zacian|atk|1\n|turn|14\n|\n|t:|1700680048\n|move|p2a: Zacian|Play Rough|p1a: Yveltal\n|-supereffective|p1a: Yveltal\n|-damage|p1a: Yveltal|0 fnt\n|faint|p1a: Yveltal\n|\n|upkeep\n|\n|t:|1700680056\n|switch|p1a: Corsola|Corsola-Galar, M|85\/100\n|turn|15\n|\n|t:|1700680061\n|move|p2a: Zacian|Behemoth Blade|p1a: Corsola\n|-damage|p1a: Corsola|43\/100\n|-start|p2a: Zacian|Disable|Behemoth Blade|[from] ability: Cursed Body|[of] p1a: Corsola\n|move|p1a: Corsola|Will-O-Wisp|p2a: Zacian\n|-status|p2a: Zacian|brn\n|\n|-damage|p2a: Zacian|88\/100 brn|[from] brn\n|upkeep\n|turn|16\n|\n|t:|1700680070\n|move|p2a: Zacian|Play Rough|p1a: Corsola\n|-damage|p1a: Corsola|22\/100\n|move|p1a: Corsola|Strength Sap|p2a: Zacian\n|-unboost|p2a: Zacian|atk|1\n|-heal|p1a: Corsola|100\/100\n|\n|-damage|p2a: Zacian|82\/100 brn|[from] brn\n|upkeep\n|turn|17\n|\n|t:|1700680080\n|move|p2a: Zacian|Play Rough|p1a: Corsola\n|-damage|p1a: Corsola|88\/100\n|move|p1a: Corsola|Night Shade|p2a: Zacian\n|-damage|p2a: Zacian|51\/100 brn\n|\n|-damage|p2a: Zacian|45\/100 brn|[from] brn\n|upkeep\n|turn|18\n|\n|t:|1700680087\n|move|p2a: Zacian|Play Rough|p1a: Corsola\n|-damage|p1a: Corsola|75\/100\n|move|p1a: Corsola|Night Shade|p2a: Zacian\n|-damage|p2a: Zacian|14\/100 brn\n|\n|-damage|p2a: Zacian|8\/100 brn|[from] brn\n|-end|p2a: Zacian|Disable\n|upkeep\n|turn|19\n|\n|t:|1700680096\n|move|p2a: Zacian|Play Rough|p1a: Corsola\n|-damage|p1a: Corsola|60\/100\n|move|p1a: Corsola|Strength Sap|p2a: Zacian\n|-unboost|p2a: Zacian|atk|1\n|-heal|p1a: Corsola|100\/100\n|\n|-damage|p2a: Zacian|2\/100 brn|[from] brn\n|upkeep\n|turn|20\n|\n|t:|1700680105\n|move|p2a: Zacian|Play Rough|p1a: Corsola\n|-damage|p1a: Corsola|92\/100\n|-start|p2a: Zacian|Disable|Play Rough|[from] ability: Cursed Body|[of] p1a: Corsola\n|move|p1a: Corsola|Night Shade|p2a: Zacian\n|-damage|p2a: Zacian|0 fnt\n|faint|p2a: Zacian\n|\n|upkeep\n|\n|t:|1700680112\n|switch|p2a: Necrozma|Necrozma-Ultra|60\/100\n|-damage|p2a: Necrozma|47\/100|[from] Stealth Rock\n|turn|21\n|\n|t:|1700680117\n|switch|p1a: Chansey|Chansey, F|85\/100\n|move|p2a: Necrozma|Moongeist Beam|p1a: Chansey\n|-immune|p1a: Chansey\n|\n|upkeep\n|turn|22\n|\n|t:|1700680125\n|move|p2a: Necrozma|Signal Beam|p1a: Chansey\n|-damage|p1a: Chansey|76\/100\n|move|p1a: Chansey|Toxic|p2a: Necrozma\n|-status|p2a: Necrozma|tox\n|\n|-damage|p2a: Necrozma|41\/100 tox|[from] psn\n|upkeep\n|turn|23\n|\n|t:|1700680139\n|move|p2a: Necrozma|Signal Beam|p1a: Chansey\n|-damage|p1a: Chansey|68\/100\n|move|p1a: Chansey|Seismic Toss|p2a: Necrozma\n|-damage|p2a: Necrozma|12\/100 tox\n|\n|-damage|p2a: Necrozma|0 fnt|[from] psn\n|faint|p2a: Necrozma\n|upkeep\n|\n|t:|1700680143\n|switch|p2a: Xerneas|Xerneas|100\/100\n|-damage|p2a: Xerneas|88\/100|[from] Stealth Rock\n|-ability|p2a: Xerneas|Fairy Aura\n|turn|24\n|\n|t:|1700680151\n|move|p2a: Xerneas|Geomancy||[still]\n|-prepare|p2a: Xerneas|Geomancy\n|-enditem|p2a: Xerneas|Power Herb\n|-anim|p2a: Xerneas|Geomancy|p2a: Xerneas\n|-boost|p2a: Xerneas|spa|2\n|-boost|p2a: Xerneas|spd|2\n|-boost|p2a: Xerneas|spe|2\n|move|p1a: Chansey|Toxic|p2a: Xerneas\n|-status|p2a: Xerneas|tox\n|\n|-damage|p2a: Xerneas|82\/100 tox|[from] psn\n|upkeep\n|turn|25\n|\n|t:|1700680164\n|move|p2a: Xerneas|Focus Blast|p1a: Chansey\n|-supereffective|p1a: Chansey\n|-damage|p1a: Chansey|27\/100\n|move|p1a: Chansey|Seismic Toss|p2a: Xerneas\n|-damage|p2a: Xerneas|60\/100 tox\n|\n|-damage|p2a: Xerneas|48\/100 tox|[from] psn\n|upkeep\n|turn|26\n|\n|t:|1700680175\n|switch|p1a: Corsola|Corsola-Galar, M|92\/100\n|-terastallize|p2a: Xerneas|Fairy\n|move|p2a: Xerneas|Moonblast|p1a: Corsola\n|-damage|p1a: Corsola|0 fnt\n|-start|p2a: Xerneas|Disable|Moonblast|[from] ability: Cursed Body|[of] p1a: Corsola\n|faint|p1a: Corsola\n|\n|-damage|p2a: Xerneas|29\/100 tox|[from] psn\n|upkeep\n|\n|t:|1700680185\n|switch|p1a: Arceus|Arceus-Steel|100\/100\n|turn|27\n|\n|t:|1700680191\n|move|p2a: Xerneas|Focus Blast|p1a: Arceus|[miss]\n|-miss|p2a: Xerneas|p1a: Arceus\n|move|p1a: Arceus|Toxic|p2a: Xerneas\n|-fail|p2a: Xerneas|tox\n|\n|-damage|p2a: Xerneas|5\/100 tox|[from] psn\n|upkeep\n|turn|28\n|\n|t:|1700680200\n|move|p2a: Xerneas|Focus Blast|p1a: Arceus\n|-supereffective|p1a: Arceus\n|-damage|p1a: Arceus|0 fnt\n|faint|p1a: Arceus\n|\n|-damage|p2a: Xerneas|0 fnt|[from] psn\n|faint|p2a: Xerneas\n|upkeep\n|\n|t:|1700680206\n|switch|p1a: Shaymin|Shaymin-Sky|100\/100\n|switch|p2a: Kyogre|Kyogre|100\/100\n|-damage|p2a: Kyogre|88\/100|[from] Stealth Rock\n|detailschange|p2a: Kyogre|Kyogre-Primal\n|-primal|p2a: Kyogre|Blue Orb\n|-weather|PrimordialSea|[from] ability: Primordial Sea|[of] p2a: Kyogre\n|turn|29\n|\n|t:|1700680219\n|-terastallize|p1a: Shaymin|Grass\n|move|p1a: Shaymin|Energy Ball|p2a: Kyogre\n|-supereffective|p2a: Kyogre\n|-damage|p2a: Kyogre|0 fnt\n|faint|p2a: Kyogre\n|-weather|none\n|-damage|p1a: Shaymin|91\/100|[from] item: Life Orb\n|\n|win|insanejokester\n|raw|insanejokester's rating: 1256 &rarr; <strong>1282<\/strong><br \/>(+26 for winning)\n|raw|Gallade805's rating: 1276 &rarr; <strong>1250<\/strong><br \/>(-26 for losing)\n|l|\u2606Gallade805\n","uploadtime":1700680229,"views":0,"p1id":"insanejokester","p2id":"gallade805","formatid":"gen9nationaldexubers","rating":1250,"private":0,"password":""}