{"id":"gen9nationaldexubers-1979155226","p1":"Steven Stone 007","p2":"Ginesect","format":"[Gen 9] National Dex Ubers","log":"|j|\u2606Steven Stone 007\n|j|\u2606Ginesect\n|t:|1698640293\n|gametype|singles\n|player|p1|Steven Stone 007|steven|\n|player|p2|Ginesect|artist-gen4|\n|teamsize|p1|6\n|teamsize|p2|6\n|gen|9\n|tier|[Gen 9] National Dex Ubers\n|rule|HP Percentage Mod: HP is shown in percentages\n|rule|Endless Battle Clause: Forcing endless battles is banned\n|rule|OHKO Clause: OHKO moves are banned\n|rule|Evasion Moves Clause: Evasion moves are banned\n|rule|Evasion Items Clause: Evasion items are banned\n|rule|Species Clause: Limit one of each Pok\u00e9mon\n|rule|Sleep Clause Mod: Limit one foe put to sleep\n|rule|Mega Rayquaza Clause: You cannot mega evolve Rayquaza\n|clearpoke\n|poke|p1|Mamoswine, F|\n|poke|p1|Dragapult, F|\n|poke|p1|Cresselia, F|\n|poke|p1|Ferrothorn, M|\n|poke|p1|Milotic, F|\n|poke|p1|Lopunny, F|\n|poke|p2|Chien-Pao|\n|poke|p2|Heatran, M|\n|poke|p2|Samurott-Hisui, M|\n|poke|p2|Sableye, M|\n|poke|p2|Greninja-*, F|\n|poke|p2|Meowscarada, F|\n|teampreview\n|j| Dreepy Airlines\n|\n|t:|1698640322\n|start\n|switch|p1a: Lopunny|Lopunny, F|100\/100\n|switch|p2a: Sableye|Sableye, M|100\/100\n|turn|1\n|\n|t:|1698640333\n|detailschange|p1a: Lopunny|Lopunny-Mega, F\n|-mega|p1a: Lopunny|Lopunny|Lopunnite\n|move|p1a: Lopunny|Fake Out|p2a: Sableye\n|-damage|p2a: Sableye|73\/100\n|cant|p2a: Sableye|flinch\n|\n|upkeep\n|turn|2\n|\n|t:|1698640339\n|switch|p1a: Milotic|Milotic, F|100\/100\n|move|p2a: Sableye|Will-O-Wisp|p1a: Milotic\n|-status|p1a: Milotic|brn\n|\n|-damage|p1a: Milotic|94\/100 brn|[from] brn\n|upkeep\n|turn|3\n|j| XX_1nfinity_XX\n|c|\u2606Steven Stone 007|ty\n|\n|t:|1698640350\n|detailschange|p2a: Sableye|Sableye-Mega, M\n|-mega|p2a: Sableye|Sableye|Sablenite\n|move|p1a: Milotic|Scald|p2a: Sableye\n|-damage|p2a: Sableye|48\/100\n|move|p2a: Sableye|Knock Off|p1a: Milotic\n|-damage|p1a: Milotic|77\/100 brn\n|-enditem|p1a: Milotic|Heavy-Duty Boots|[from] move: Knock Off|[of] p2a: Sableye\n|\n|-damage|p1a: Milotic|71\/100 brn|[from] brn\n|upkeep\n|turn|4\n|\n|t:|1698640357\n|move|p1a: Milotic|Scald|p2a: Sableye\n|-damage|p2a: Sableye|24\/100\n|move|p2a: Sableye|Recover|p2a: Sableye\n|-heal|p2a: Sableye|74\/100\n|\n|-damage|p1a: Milotic|65\/100 brn|[from] brn\n|upkeep\n|turn|5\n|\n|t:|1698640381\n|switch|p2a: Samurott|Samurott-Hisui, M|100\/100\n|move|p1a: Milotic|Scald|p2a: Samurott\n|-resisted|p2a: Samurott\n|-damage|p2a: Samurott|81\/100\n|\n|-damage|p1a: Milotic|59\/100 brn|[from] brn\n|upkeep\n|turn|6\n|\n|t:|1698640395\n|switch|p1a: Ferrothorn|Ferrothorn, M|100\/100\n|move|p2a: Samurott|Ceaseless Edge|p1a: Ferrothorn\n|-damage|p1a: Ferrothorn|74\/100\n|-damage|p2a: Samurott|69\/100|[from] ability: Iron Barbs|[of] p1a: Ferrothorn\n|-sidestart|p1: Steven Stone 007|Spikes\n|\n|-heal|p1a: Ferrothorn|80\/100|[from] item: Leftovers\n|upkeep\n|turn|7\n|\n|t:|1698640413\n|switch|p2a: Heatran|Heatran, M|100\/100\n|-item|p2a: Heatran|Air Balloon\n|move|p1a: Ferrothorn|Iron Defense|p1a: Ferrothorn\n|-boost|p1a: Ferrothorn|def|2\n|\n|-heal|p1a: Ferrothorn|86\/100|[from] item: Leftovers\n|upkeep\n|turn|8\n|\n|t:|1698640418\n|-terastallize|p1a: Ferrothorn|Water\n|move|p2a: Heatran|Stealth Rock|p1a: Ferrothorn\n|-sidestart|p1: Steven Stone 007|move: Stealth Rock\n|move|p1a: Ferrothorn|Body Press|p2a: Heatran\n|-supereffective|p2a: Heatran\n|-damage|p2a: Heatran|0 fnt\n|-enditem|p2a: Heatran|Air Balloon\n|faint|p2a: Heatran\n|\n|-heal|p1a: Ferrothorn|93\/100|[from] item: Leftovers\n|upkeep\n|c|\u2606Ginesect|Oof\n|c| XX_1nfinity_XX|ID feero?\n|c| XX_1nfinity_XX|lol\n|\n|t:|1698640437\n|switch|p2a: Meowscarada|Meowscarada, F|100\/100\n|turn|9\n|\n|t:|1698640447\n|move|p2a: Meowscarada|Flower Trick|p1a: Ferrothorn\n|-start|p2a: Meowscarada|typechange|Grass|[from] ability: Protean\n|-supereffective|p1a: Ferrothorn\n|-crit|p1a: Ferrothorn\n|-damage|p1a: Ferrothorn|12\/100\n|-damage|p2a: Meowscarada|91\/100|[from] item: Life Orb\n|move|p1a: Ferrothorn|Body Press|p2a: Meowscarada\n|-damage|p2a: Meowscarada|0 fnt\n|faint|p2a: Meowscarada\n|\n|-heal|p1a: Ferrothorn|18\/100|[from] item: Leftovers\n|upkeep\n|c|\u2606Steven Stone 007|it win\n|c|\u2606Steven Stone 007|nice\n|c|\u2606Ginesect|He'll\n|c|\u2606Ginesect|He'll*\n|c|\u2606Ginesect|wtf\n|c|\u2606Ginesect|Hell\n|c|\u2606Steven Stone 007|scarf or band\n|\n|t:|1698640487\n|switch|p2a: Greninja|Greninja, F|100\/100\n|turn|10\n|\n|t:|1698640490\n|move|p2a: Greninja|Dark Pulse|p1a: Ferrothorn\n|-start|p2a: Greninja|typechange|Dark|[from] ability: Protean\n|-damage|p1a: Ferrothorn|0 fnt\n|faint|p1a: Ferrothorn\n|-damage|p2a: Greninja|91\/100|[from] item: Life Orb\n|\n|upkeep\n|\n|t:|1698640497\n|switch|p1a: Lopunny|Lopunny-Mega, F|100\/100\n|-damage|p1a: Lopunny|88\/100|[from] Spikes\n|-damage|p1a: Lopunny|82\/100|[from] Stealth Rock\n|turn|11\n|\n|t:|1698640515\n|switch|p2a: Samurott|Samurott-Hisui, M|69\/100\n|move|p1a: Lopunny|Close Combat|p2a: Samurott\n|-supereffective|p2a: Samurott\n|-damage|p2a: Samurott|0 fnt\n|-unboost|p1a: Lopunny|def|1\n|-unboost|p1a: Lopunny|spd|1\n|faint|p2a: Samurott\n|\n|upkeep\n|c|\u2606Ginesect|Mega lop is annoying for this team\n|c|\u2606Steven Stone 007|why heat\n|\n|t:|1698640556\n|switch|p2a: Chien-Pao|Chien-Pao|100\/100\n|-ability|p2a: Chien-Pao|Sword of Ruin\n|turn|12\n|c| Dreepy Airlines|fr thouhg\n|c| Dreepy Airlines|just extra weak to fighting\n|\n|t:|1698640568\n|switch|p1a: Mamoswine|Mamoswine, F|100\/100\n|move|p2a: Chien-Pao|Sacred Sword|p1a: Mamoswine\n|-supereffective|p1a: Mamoswine\n|-damage|p1a: Mamoswine|0 fnt\n|faint|p1a: Mamoswine\n|\n|upkeep\n|\n|t:|1698640573\n|switch|p1a: Lopunny|Lopunny-Mega, F|82\/100\n|-damage|p1a: Lopunny|70\/100|[from] Spikes\n|-damage|p1a: Lopunny|64\/100|[from] Stealth Rock\n|turn|13\n|\n|t:|1698640601\n|switch|p2a: Greninja|Greninja, F|91\/100\n|move|p1a: Lopunny|Fake Out|p2a: Greninja\n|-damage|p2a: Greninja|53\/100\n|\n|upkeep\n|turn|14\n|\n|t:|1698640606\n|move|p1a: Lopunny|Close Combat|p2a: Greninja\n|-supereffective|p2a: Greninja\n|-damage|p2a: Greninja|0 fnt\n|-unboost|p1a: Lopunny|def|1\n|-unboost|p1a: Lopunny|spd|1\n|faint|p2a: Greninja\n|\n|upkeep\n|\n|t:|1698640608\n|switch|p2a: Chien-Pao|Chien-Pao|100\/100\n|-ability|p2a: Chien-Pao|Sword of Ruin\n|turn|15\n|\n|t:|1698640617\n|switch|p1a: Dragapult|Dragapult, F|100\/100\n|-damage|p1a: Dragapult|88\/100|[from] Spikes\n|-damage|p1a: Dragapult|76\/100|[from] Stealth Rock\n|-terastallize|p2a: Chien-Pao|Dark\n|move|p2a: Chien-Pao|Crunch|p1a: Dragapult\n|-supereffective|p1a: Dragapult\n|-damage|p1a: Dragapult|0 fnt\n|faint|p1a: Dragapult\n|\n|upkeep\n|c| XX_1nfinity_XX|uhh why pult?\n|\n|t:|1698640626\n|switch|p1a: Lopunny|Lopunny-Mega, F|64\/100\n|-damage|p1a: Lopunny|52\/100|[from] Spikes\n|-damage|p1a: Lopunny|46\/100|[from] Stealth Rock\n|turn|16\n|c|\u2606Steven Stone 007|what coice i have\n|\n|t:|1698640636\n|move|p1a: Lopunny|Fake Out|p2a: Chien-Pao\n|-damage|p2a: Chien-Pao|68\/100\n|cant|p2a: Chien-Pao|flinch\n|\n|upkeep\n|turn|17\n|c| XX_1nfinity_XX|milotic\n|\n|t:|1698640639\n|move|p2a: Chien-Pao|Crunch|p1a: Lopunny\n|-resisted|p1a: Lopunny\n|-damage|p1a: Lopunny|0 fnt\n|faint|p1a: Lopunny\n|\n|upkeep\n|\n|t:|1698640642\n|switch|p1a: Milotic|Milotic, F|59\/100 brn\n|-damage|p1a: Milotic|46\/100 brn|[from] Spikes\n|-damage|p1a: Milotic|34\/100 brn|[from] Stealth Rock\n|turn|18\n|c|\u2606Ginesect|Yesss\n|\n|t:|1698640646\n|move|p2a: Chien-Pao|Crunch|p1a: Milotic\n|-damage|p1a: Milotic|0 fnt\n|faint|p1a: Milotic\n|\n|upkeep\n|c|\u2606Steven Stone 007|see\n|\n|t:|1698640650\n|switch|p1a: Cresselia|Cresselia, F, shiny|100\/100\n|-damage|p1a: Cresselia|88\/100|[from] Stealth Rock\n|turn|19\n|c| XX_1nfinity_XX|danm speed tie\n|c|\u2606Ginesect|Let's fucking goo\n|\n|t:|1698640655\n|move|p2a: Chien-Pao|Crunch|p1a: Cresselia\n|-supereffective|p1a: Cresselia\n|-damage|p1a: Cresselia|0 fnt\n|faint|p1a: Cresselia\n|\n|win|Ginesect\n|c|\u2606Steven Stone 007|yup\n|j| Just B3A$T\n|c|\u2606Steven Stone 007|GG\n|c|\u2606Ginesect|gg\n|l|\u2606Steven Stone 007\n","uploadtime":1698640669,"views":14,"p1id":"stevenstone007","p2id":"ginesect","formatid":"gen9nationaldexubers","rating":0,"private":0,"password":""}