{"id":"gen9nationaldexubers-1999148610","p1":"RaywowWW","p2":"RanInATrainShoe","format":"[Gen 9] National Dex Ubers","log":"|j|\u2606RaywowWW\n|j|\u2606RanInATrainShoe\n|t:|1701038468\n|gametype|singles\n|player|p1|RaywowWW|2|\n|player|p2|RanInATrainShoe|265|\n|teamsize|p1|6\n|teamsize|p2|6\n|gen|9\n|tier|[Gen 9] National Dex Ubers\n|rule|HP Percentage Mod: HP is shown in percentages\n|rule|Endless Battle Clause: Forcing endless battles is banned\n|rule|OHKO Clause: OHKO moves are banned\n|rule|Evasion Moves Clause: Evasion moves are banned\n|rule|Evasion Items Clause: Evasion items are banned\n|rule|Species Clause: Limit one of each Pok\u00e9mon\n|rule|Sleep Clause Mod: Limit one foe put to sleep\n|rule|Mega Rayquaza Clause: You cannot mega evolve Rayquaza\n|clearpoke\n|poke|p1|Lugia|\n|poke|p1|Toxapex, F|\n|poke|p1|Metagross|\n|poke|p1|Zacian-*|\n|poke|p1|Great Tusk|\n|poke|p1|Groudon|\n|poke|p2|Alomomola, M|\n|poke|p2|Heatran, M|\n|poke|p2|Ferrothorn, M|\n|poke|p2|Gliscor, M|\n|poke|p2|Kommo-o, F|\n|poke|p2|Charizard, F|\n|teampreview\n|c|\u2606RaywowWW|no ubers\n|c|\u2606RanInATrainShoe|uh\n|inactive|Battle timer is ON: inactive players will automatically lose when time's up. (requested by RaywowWW)\n|c|\u2606RaywowWW|CHOP CHOP\n|c|\u2606RanInATrainShoe|it looks like\n|c|\u2606RaywowWW|times ticking\n|c|\u2606RanInATrainShoe|you brought a few ubers\n|\n|t:|1701038505\n|start\n|switch|p1a: Groudon|Groudon|100\/100\n|switch|p2a: Gliscor|Gliscor, M|100\/100\n|detailschange|p1a: Groudon|Groudon-Primal\n|-primal|p1a: Groudon|Red Orb\n|-weather|DesolateLand|[from] ability: Desolate Land|[of] p1a: Groudon\n|turn|1\n|c|\u2606RaywowWW|lie\n|\n|t:|1701038516\n|move|p1a: Groudon|Swords Dance|p1a: Groudon\n|-boost|p1a: Groudon|atk|2\n|move|p2a: Gliscor|Earthquake|p1a: Groudon\n|-supereffective|p1a: Groudon\n|-damage|p1a: Groudon|62\/100\n|\n|-weather|DesolateLand|[upkeep]\n|-status|p2a: Gliscor|tox|[from] item: Toxic Orb\n|upkeep\n|turn|2\n|c|\u2606RaywowWW|yo\n|c|\u2606RaywowWW|ur\n|c|\u2606RaywowWW|gonna\n|c|\u2606RaywowWW|get\n|c|\u2606RaywowWW|goobed\n|\n|t:|1701038530\n|move|p1a: Groudon|Rock Tomb|p2a: Gliscor\n|-damage|p2a: Gliscor|52\/100 tox\n|-unboost|p2a: Gliscor|spe|1\n|move|p2a: Gliscor|Earthquake|p1a: Groudon\n|-supereffective|p1a: Groudon\n|-damage|p1a: Groudon|24\/100\n|\n|-weather|DesolateLand|[upkeep]\n|-heal|p2a: Gliscor|65\/100 tox|[from] ability: Poison Heal\n|upkeep\n|turn|3\n|\n|t:|1701038540\n|move|p1a: Groudon|Rock Tomb|p2a: Gliscor\n|-damage|p2a: Gliscor|20\/100 tox\n|-unboost|p2a: Gliscor|spe|1\n|move|p2a: Gliscor|Earthquake|p1a: Groudon\n|-supereffective|p1a: Groudon\n|-damage|p1a: Groudon|0 fnt\n|faint|p1a: Groudon\n|-weather|none\n|\n|-heal|p2a: Gliscor|33\/100 tox|[from] ability: Poison Heal\n|upkeep\n|c|\u2606RanInATrainShoe|okay threat one down\n|c|\u2606RaywowWW|dw\n|c|\u2606RanInATrainShoe|only\n|c|\u2606RanInATrainShoe|one more to go\n|\n|t:|1701038554\n|switch|p1a: Toxapex|Toxapex, F|100\/100\n|turn|4\n|\n|t:|1701038564\n|move|p1a: Toxapex|Baneful Bunker|p1a: Toxapex\n|-singleturn|p1a: Toxapex|move: Protect\n|move|p2a: Gliscor|Roost|p2a: Gliscor\n|-heal|p2a: Gliscor|83\/100 tox\n|-singleturn|p2a: Gliscor|move: Roost\n|\n|-heal|p2a: Gliscor|95\/100 tox|[from] ability: Poison Heal\n|upkeep\n|turn|5\n|c|\u2606RaywowWW|watch this\n|c|\u2606RaywowWW|[so he thinks im switching to lugia]\n|\n|t:|1701038588\n|switch|p1a: Lugia|Lugia|100\/100\n|move|p2a: Gliscor|Earthquake|p1a: Lugia\n|-immune|p1a: Lugia\n|\n|-heal|p2a: Gliscor|100\/100 tox|[from] ability: Poison Heal\n|upkeep\n|turn|6\n|c|\u2606RaywowWW|[little did he know i actually am\n|c|\u2606RanInATrainShoe|what do you intend to do to me\n|\n|t:|1701038599\n|move|p1a: Lugia|Ice Beam|p2a: Gliscor\n|-supereffective|p2a: Gliscor\n|-damage|p2a: Gliscor|12\/100 tox\n|move|p2a: Gliscor|Toxic|p1a: Lugia\n|-status|p1a: Lugia|tox\n|\n|-damage|p1a: Lugia|94\/100 tox|[from] psn\n|-heal|p2a: Gliscor|24\/100 tox|[from] ability: Poison Heal\n|upkeep\n|turn|7\n|c|\u2606RanInATrainShoe|i'll roost off later\n|\n|t:|1701038610\n|switch|p2a: Heatran|Heatran, M|100\/100\n|move|p1a: Lugia|Ice Beam|p2a: Heatran\n|-resisted|p2a: Heatran\n|-damage|p2a: Heatran|96\/100\n|\n|-heal|p2a: Heatran|100\/100|[from] item: Leftovers\n|-damage|p1a: Lugia|82\/100 tox|[from] psn\n|upkeep\n|turn|8\n|c|\u2606RaywowWW|OH\n|c|\u2606RaywowWW|EARTH POWER\n|c|\u2606RaywowWW|ILY\n|c|\u2606RanInATrainShoe|it's time for my big threat\n|c|\u2606RaywowWW|ILY\n|c|\u2606RaywowWW|ILY\n|c|\u2606RaywowWW|ILY\n|\n|t:|1701038628\n|switch|p1a: Great Tusk|Great Tusk|100\/100\n|move|p2a: Heatran|Magma Storm|p1a: Great Tusk|[miss]\n|-miss|p2a: Heatran|p1a: Great Tusk\n|\n|upkeep\n|turn|9\n|c|\u2606RanInATrainShoe|that actually works out\n|c|\u2606RanInATrainShoe|uh\n|c|\u2606RanInATrainShoe|not fine\n|\n|t:|1701038649\n|switch|p2a: Alomomola|Alomomola, M|100\/100\n|move|p1a: Great Tusk|Knock Off|p2a: Alomomola\n|-damage|p2a: Alomomola|79\/100\n|-enditem|p2a: Alomomola|Heavy-Duty Boots|[from] move: Knock Off|[of] p1a: Great Tusk\n|\n|upkeep\n|turn|10\n|\n|t:|1701038668\n|move|p1a: Great Tusk|Close Combat|p2a: Alomomola\n|-damage|p2a: Alomomola|40\/100\n|-unboost|p1a: Great Tusk|def|1\n|-unboost|p1a: Great Tusk|spd|1\n|move|p2a: Alomomola|Flip Turn|p1a: Great Tusk\n|-supereffective|p1a: Great Tusk\n|-damage|p1a: Great Tusk|62\/100\n|inactive|RanInATrainShoe has 270 seconds left.\n|\n|t:|1701038679\n|switch|p2a: Charizard|Charizard, F|100\/100|[from] Flip Turn\n|\n|upkeep\n|turn|11\n|c|\u2606RanInATrainShoe|i know great tusk well\n|\n|t:|1701038697\n|detailschange|p2a: Charizard|Charizard-Mega-Y, F\n|-mega|p2a: Charizard|Charizard|Charizardite Y\n|-weather|SunnyDay|[from] ability: Drought|[of] p2a: Charizard\n|-activate|p1a: Great Tusk|ability: Protosynthesis\n|-start|p1a: Great Tusk|protosynthesisatk\n|move|p2a: Charizard|Flamethrower|p1a: Great Tusk\n|-damage|p1a: Great Tusk|0 fnt\n|faint|p1a: Great Tusk\n|-end|p1a: Great Tusk|Protosynthesis|[silent]\n|\n|-weather|SunnyDay|[upkeep]\n|upkeep\n|c|\u2606RanInATrainShoe|it has\n|c|\u2606RanInATrainShoe|very bad\n|\n|t:|1701038709\n|switch|p1a: Lugia|Lugia|82\/100 tox\n|turn|12\n|c|\u2606RanInATrainShoe|special bulk\n|c|\u2606RaywowWW|sigma male\n|c|\u2606RaywowWW|does\n|\n|t:|1701038715\n|switch|p2a: Heatran|Heatran, M|100\/100\n|move|p1a: Lugia|Toxic|p2a: Heatran\n|-immune|p2a: Heatran\n|\n|-weather|SunnyDay|[upkeep]\n|-damage|p1a: Lugia|75\/100 tox|[from] psn\n|upkeep\n|turn|13\n|c|\u2606RaywowWW|sigma things\n|c|\u2606RanInATrainShoe|like what\n|-message|RaywowWW forfeited.\n|\n|win|RanInATrainShoe\n|l|\u2606RaywowWW\n|c|\u2606RanInATrainShoe|man\n","uploadtime":1701038754,"views":2,"p1id":"raywowww","p2id":"raninatrainshoe","formatid":"gen9nationaldexubers","rating":0,"private":0,"password":""}