{"id":"gen9nationaldexubers-1983445014","p1":"Susmaster77","p2":"Hgufygf","format":"[Gen 9] National Dex Ubers","log":"|j|\u2606Susmaster77\n|j|\u2606Hgufygf\n|t:|1699130877\n|gametype|singles\n|player|p1|Susmaster77|170|1127\n|player|p2|Hgufygf|cyclistf|1000\n|teamsize|p1|6\n|teamsize|p2|6\n|gen|9\n|tier|[Gen 9] National Dex Ubers\n|rated|\n|rule|HP Percentage Mod: HP is shown in percentages\n|rule|Endless Battle Clause: Forcing endless battles is banned\n|rule|OHKO Clause: OHKO moves are banned\n|rule|Evasion Moves Clause: Evasion moves are banned\n|rule|Evasion Items Clause: Evasion items are banned\n|rule|Species Clause: Limit one of each Pok\u00e9mon\n|rule|Sleep Clause Mod: Limit one foe put to sleep\n|rule|Mega Rayquaza Clause: You cannot mega evolve Rayquaza\n|clearpoke\n|poke|p1|Dracovish|\n|poke|p1|Spidops, F|\n|poke|p1|Tyranitar, F|\n|poke|p1|Zygarde|\n|poke|p1|Houndstone, F|\n|poke|p1|Hippowdon, F|\n|poke|p2|Kangaskhan, F|\n|poke|p2|Espeon, M|\n|poke|p2|Quagsire, F|\n|poke|p2|Corsola-Galar, F|\n|poke|p2|Pikachu-Original, M|\n|poke|p2|Calyrex-Ice|\n|teampreview\n|inactive|Battle timer is ON: inactive players will automatically lose when time's up. (requested by Hgufygf)\n|inactive|Susmaster77 also wants the timer to be on.\n|\n|t:|1699130892\n|start\n|switch|p1a: fuel tank|Spidops, F, shiny|100\/100\n|switch|p2a: Pikachu|Pikachu-Original, M|100\/100\n|turn|1\n|\n|t:|1699130899\n|move|p2a: Pikachu|Fake Out|p1a: fuel tank\n|-damage|p1a: fuel tank|80\/100\n|cant|p1a: fuel tank|flinch\n|\n|upkeep\n|turn|2\n|\n|t:|1699130905\n|move|p2a: Pikachu|Volt Switch|p1a: fuel tank\n|-damage|p1a: fuel tank|48\/100\n|\n|t:|1699130909\n|switch|p2a: Espeon|Espeon, M|100\/100|[from] Volt Switch\n|move|p1a: fuel tank|Sticky Web|p2a: Espeon\n|move|p2a: Espeon|Sticky Web|p1a: fuel tank|[from]ability: Magic Bounce\n|-sidestart|p1: Susmaster77|move: Sticky Web\n|\n|upkeep\n|turn|3\n|\n|t:|1699130918\n|move|p2a: Espeon|Power Gem|p1a: fuel tank\n|-supereffective|p1a: fuel tank\n|-damage|p1a: fuel tank|0 fnt\n|faint|p1a: fuel tank\n|-damage|p2a: Espeon|91\/100|[from] item: Life Orb\n|\n|upkeep\n|c|\u2606Susmaster77|well\n|c|\u2606Susmaster77|that complicates things\n|\n|t:|1699130938\n|switch|p1a: motor|Tyranitar, F, shiny|100\/100\n|-activate|p1a: motor|move: Sticky Web\n|-unboost|p1a: motor|spe|1\n|-weather|Sandstorm|[from] ability: Sand Stream|[of] p1a: motor\n|turn|4\n|\n|t:|1699130947\n|switch|p2a: Kangaskhan|Kangaskhan, F|100\/100\n|move|p1a: motor|Stealth Rock|p2a: Kangaskhan\n|-sidestart|p2: Hgufygf|move: Stealth Rock\n|\n|-weather|Sandstorm|[upkeep]\n|-damage|p2a: Kangaskhan|95\/100|[from] Sandstorm\n|upkeep\n|turn|5\n|\n|t:|1699130957\n|move|p2a: Kangaskhan|Power-Up Punch|p1a: motor\n|-supereffective|p1a: motor\n|-damage|p1a: motor|61\/100\n|-boost|p2a: Kangaskhan|atk|1\n|move|p1a: motor|Stone Edge|p2a: Kangaskhan\n|-damage|p2a: Kangaskhan|40\/100\n|\n|-weather|Sandstorm|[upkeep]\n|-damage|p2a: Kangaskhan|34\/100|[from] Sandstorm\n|upkeep\n|turn|6\n|\n|t:|1699130968\n|detailschange|p1a: motor|Tyranitar-Mega, F, shiny\n|-mega|p1a: motor|Tyranitar|Tyranitarite\n|move|p2a: Kangaskhan|Drain Punch|p1a: motor\n|-supereffective|p1a: motor\n|-crit|p1a: motor\n|-damage|p1a: motor|0 fnt\n|-heal|p2a: Kangaskhan|63\/100|[from] drain|[of] p1a: motor\n|faint|p1a: motor\n|\n|-weather|Sandstorm|[upkeep]\n|-damage|p2a: Kangaskhan|57\/100|[from] Sandstorm\n|upkeep\n|\n|t:|1699130982\n|switch|p1a: gas|Dracovish|100\/100\n|-activate|p1a: gas|move: Sticky Web\n|-unboost|p1a: gas|spe|1\n|turn|7\n|\n|t:|1699130989\n|detailschange|p2a: Kangaskhan|Kangaskhan-Mega, F\n|-mega|p2a: Kangaskhan|Kangaskhan|Kangaskhanite\n|move|p1a: gas|Fishious Rend|p2a: Kangaskhan\n|-damage|p2a: Kangaskhan|0 fnt\n|faint|p2a: Kangaskhan\n|\n|-weather|Sandstorm|[upkeep]\n|upkeep\n|\n|t:|1699131003\n|switch|p2a: Pikachu|Pikachu-Original, M|100\/100\n|-damage|p2a: Pikachu|88\/100|[from] Stealth Rock\n|turn|8\n|\n|t:|1699131010\n|switch|p1a: wheel|Houndstone, F, shiny|100\/100\n|-activate|p1a: wheel|move: Sticky Web\n|-unboost|p1a: wheel|spe|1\n|move|p2a: Pikachu|Fake Out|p1a: wheel\n|-immune|p1a: wheel\n|\n|-weather|none\n|upkeep\n|turn|9\n|\n|t:|1699131020\n|move|p2a: Pikachu|Substitute|p2a: Pikachu\n|-start|p2a: Pikachu|Substitute\n|-damage|p2a: Pikachu|64\/100\n|move|p1a: wheel|Last Respects|p2a: Pikachu\n|-end|p2a: Pikachu|Substitute\n|\n|upkeep\n|turn|10\n|\n|t:|1699131027\n|move|p2a: Pikachu|Volt Switch|p1a: wheel\n|-damage|p1a: wheel|72\/100\n|-message|Hgufygf forfeited.\n|\n|win|Susmaster77\n|raw|Susmaster77's rating: 1127 &rarr; <strong>1143<\/strong><br \/>(+16 for winning)\n|raw|Hgufygf's rating: 1000 &rarr; <strong>1000<\/strong><br \/>(+0 for losing)\n|l|\u2606Hgufygf\n","uploadtime":1699131041,"views":11,"p1id":"susmaster77","p2id":"hgufygf","formatid":"gen9nationaldexubers","rating":1000,"private":0,"password":""}