{"id":"gen9nationaldexubers-1982190886","p1":"OneDubPlis_CPM","p2":"Zehll","format":"[Gen 9] National Dex Ubers","log":"|j|\u2606OneDubPlis_CPM\n|j|\u2606Zehll\n|t:|1698977398\n|gametype|singles\n|player|p1|OneDubPlis_CPM|cynthia-gen4|1052\n|player|p2|Zehll|170|1092\n|teamsize|p1|6\n|teamsize|p2|6\n|gen|9\n|tier|[Gen 9] National Dex Ubers\n|rated|\n|rule|HP Percentage Mod: HP is shown in percentages\n|rule|Endless Battle Clause: Forcing endless battles is banned\n|rule|OHKO Clause: OHKO moves are banned\n|rule|Evasion Moves Clause: Evasion moves are banned\n|rule|Evasion Items Clause: Evasion items are banned\n|rule|Species Clause: Limit one of each Pok\u00e9mon\n|rule|Sleep Clause Mod: Limit one foe put to sleep\n|rule|Mega Rayquaza Clause: You cannot mega evolve Rayquaza\n|clearpoke\n|poke|p1|Sneasler, F|\n|poke|p1|Rillaboom, M|\n|poke|p1|Iron Valiant|\n|poke|p1|Kommo-o, F|\n|poke|p1|Stakataka|\n|poke|p1|Blastoise, M|\n|poke|p2|Glimmora, F|\n|poke|p2|Walking Wake|\n|poke|p2|Ogerpon-Hearthflame, F|\n|poke|p2|Great Tusk|\n|poke|p2|Hatterene, F|\n|poke|p2|Cloyster, M|\n|teampreview\n|\n|t:|1698977431\n|start\n|switch|p1a: Blastoise|Blastoise, M, shiny|100\/100\n|switch|p2a: Glimmora|Glimmora, F|100\/100\n|turn|1\n|\n|t:|1698977441\n|move|p2a: Glimmora|Stealth Rock|p1a: Blastoise\n|-sidestart|p1: OneDubPlis_CPM|move: Stealth Rock\n|move|p1a: Blastoise|Shell Smash|p1a: Blastoise\n|-unboost|p1a: Blastoise|def|1\n|-unboost|p1a: Blastoise|spd|1\n|-boost|p1a: Blastoise|atk|2\n|-boost|p1a: Blastoise|spa|2\n|-boost|p1a: Blastoise|spe|2\n|-enditem|p1a: Blastoise|White Herb\n|-clearnegativeboost|p1a: Blastoise|[silent]\n|\n|upkeep\n|turn|2\n|\n|t:|1698977453\n|move|p1a: Blastoise|Surf|p2a: Glimmora\n|-supereffective|p2a: Glimmora\n|-enditem|p2a: Glimmora|Focus Sash\n|-damage|p2a: Glimmora|1\/100\n|move|p2a: Glimmora|Spikes|p1a: Blastoise\n|-sidestart|p1: OneDubPlis_CPM|Spikes\n|\n|upkeep\n|turn|3\n|\n|t:|1698977466\n|move|p1a: Blastoise|Aura Sphere|p2a: Glimmora\n|-damage|p2a: Glimmora|0 fnt\n|faint|p2a: Glimmora\n|\n|upkeep\n|\n|t:|1698977481\n|switch|p2a: Ogerpon|Ogerpon-Hearthflame, F|100\/100\n|-ability|p2a: Ogerpon|Mold Breaker\n|turn|4\n|\n|t:|1698977503\n|move|p1a: Blastoise|Surf|p2a: Ogerpon\n|-damage|p2a: Ogerpon|15\/100\n|move|p2a: Ogerpon|Ivy Cudgel|p1a: Blastoise\n|-resisted|p1a: Blastoise\n|-damage|p1a: Blastoise|69\/100\n|\n|upkeep\n|turn|5\n|\n|t:|1698977522\n|move|p1a: Blastoise|Surf|p2a: Ogerpon\n|-damage|p2a: Ogerpon|0 fnt\n|faint|p2a: Ogerpon\n|\n|upkeep\n|\n|t:|1698977533\n|switch|p2a: Hatterene|Hatterene, F, shiny|100\/100\n|turn|6\n|\n|t:|1698977542\n|move|p1a: Blastoise|Surf|p2a: Hatterene\n|-damage|p2a: Hatterene|17\/100\n|move|p2a: Hatterene|Psyshock|p1a: Blastoise\n|-damage|p1a: Blastoise|14\/100\n|\n|-heal|p2a: Hatterene|23\/100|[from] item: Leftovers\n|upkeep\n|turn|7\n|\n|t:|1698977549\n|move|p1a: Blastoise|Surf|p2a: Hatterene\n|-damage|p2a: Hatterene|0 fnt\n|faint|p2a: Hatterene\n|\n|upkeep\n|\n|t:|1698977553\n|switch|p2a: Cloyster|Cloyster, M|100\/100\n|turn|8\n|\n|t:|1698977557\n|move|p2a: Cloyster|Ice Shard|p1a: Blastoise\n|-resisted|p1a: Blastoise\n|-damage|p1a: Blastoise|3\/100\n|move|p1a: Blastoise|Aura Sphere|p2a: Cloyster\n|-supereffective|p2a: Cloyster\n|-damage|p2a: Cloyster|0 fnt\n|faint|p2a: Cloyster\n|\n|upkeep\n|\n|t:|1698977560\n|switch|p2a: Great Tusk|Great Tusk|100\/100\n|-enditem|p2a: Great Tusk|Booster Energy\n|-activate|p2a: Great Tusk|ability: Protosynthesis|[fromitem]\n|-start|p2a: Great Tusk|protosynthesisatk\n|turn|9\n|-message|Zehll forfeited.\n|\n|win|OneDubPlis_CPM\n|raw|OneDubPlis_CPM's rating: 1052 &rarr; <strong>1088<\/strong><br \/>(+36 for winning)\n|raw|Zehll's rating: 1092 &rarr; <strong>1065<\/strong><br \/>(-27 for losing)\n|l|\u2606Zehll\n","uploadtime":1698977577,"views":13,"p1id":"onedubpliscpm","p2id":"zehll","formatid":"gen9nationaldexubers","rating":1065,"private":0,"password":""}