{"id":"gen9nationaldexubers-1980129110","p1":"Gtg g u2","p2":"Robertjust","format":"[Gen 9] National Dex Ubers","log":"|j|\u2606Gtg g u2\n|j|\u2606Robertjust\n|t:|1698759904\n|gametype|singles\n|player|p1|Gtg g u2|red-masters|1127\n|player|p2|Robertjust|rancher|1130\n|teamsize|p1|6\n|teamsize|p2|6\n|gen|9\n|tier|[Gen 9] National Dex Ubers\n|rated|\n|rule|HP Percentage Mod: HP is shown in percentages\n|rule|Endless Battle Clause: Forcing endless battles is banned\n|rule|OHKO Clause: OHKO moves are banned\n|rule|Evasion Moves Clause: Evasion moves are banned\n|rule|Evasion Items Clause: Evasion items are banned\n|rule|Species Clause: Limit one of each Pok\u00e9mon\n|rule|Sleep Clause Mod: Limit one foe put to sleep\n|rule|Mega Rayquaza Clause: You cannot mega evolve Rayquaza\n|clearpoke\n|poke|p1|Pikachu, M|\n|poke|p1|Rillaboom, M|\n|poke|p1|Cramorant, M|\n|poke|p1|Grapploct, M|\n|poke|p1|Centiskorch, M|\n|poke|p1|Runerigus, F|\n|poke|p2|Gyarados, M|\n|poke|p2|Grimmsnarl, M|\n|poke|p2|Annihilape, F|\n|poke|p2|Blaziken, M|\n|poke|p2|Pikachu-Unova, M|\n|poke|p2|Clodsire, M|\n|teampreview\n|inactive|Battle timer is ON: inactive players will automatically lose when time's up. (requested by Gtg g u2)\n|\n|t:|1698759913\n|start\n|switch|p1a: Rillaboom|Rillaboom, M|100\/100\n|switch|p2a: Gyarados|Gyarados, M|100\/100\n|-fieldstart|move: Grassy Terrain|[from] ability: Grassy Surge|[of] p1a: Rillaboom\n|turn|1\n|\n|t:|1698759922\n|move|p2a: Gyarados|Ice Fang|p1a: Rillaboom\n|-supereffective|p1a: Rillaboom\n|-damage|p1a: Rillaboom|52\/100\n|move|p1a: Rillaboom|Knock Off|p2a: Gyarados\n|-damage|p2a: Gyarados|50\/100\n|-enditem|p2a: Gyarados|Choice Scarf|[from] move: Knock Off|[of] p1a: Rillaboom\n|-damage|p1a: Rillaboom|42\/100|[from] item: Life Orb\n|\n|-heal|p1a: Rillaboom|48\/100|[from] Grassy Terrain\n|upkeep\n|turn|2\n|\n|t:|1698759927\n|move|p1a: Rillaboom|Grassy Glide|p2a: Gyarados\n|-damage|p2a: Gyarados|0 fnt\n|faint|p2a: Gyarados\n|-damage|p1a: Rillaboom|38\/100|[from] item: Life Orb\n|\n|-heal|p1a: Rillaboom|44\/100|[from] Grassy Terrain\n|upkeep\n|\n|t:|1698759936\n|switch|p2a: Annihilape|Annihilape, F|100\/100\n|turn|3\n|\n|t:|1698759939\n|move|p1a: Rillaboom|Grassy Glide|p2a: Annihilape\n|-damage|p2a: Annihilape|51\/100\n|-damage|p1a: Rillaboom|34\/100|[from] item: Life Orb\n|move|p2a: Annihilape|Gunk Shot|p1a: Rillaboom|[miss]\n|-miss|p2a: Annihilape|p1a: Rillaboom\n|\n|-heal|p2a: Annihilape|57\/100|[from] Grassy Terrain\n|-heal|p1a: Rillaboom|40\/100|[from] Grassy Terrain\n|upkeep\n|turn|4\n|\n|t:|1698759946\n|move|p1a: Rillaboom|Grassy Glide|p2a: Annihilape\n|-damage|p2a: Annihilape|7\/100\n|-damage|p1a: Rillaboom|30\/100|[from] item: Life Orb\n|move|p2a: Annihilape|Gunk Shot|p1a: Rillaboom\n|-supereffective|p1a: Rillaboom\n|-damage|p1a: Rillaboom|0 fnt\n|faint|p1a: Rillaboom\n|\n|-heal|p2a: Annihilape|14\/100|[from] Grassy Terrain\n|upkeep\n|\n|t:|1698759950\n|switch|p1a: Pikachu|Pikachu, M|100\/100\n|turn|5\n|\n|t:|1698759955\n|switch|p2a: Clodsire|Clodsire, M|100\/100\n|move|p1a: Pikachu|Thunderbolt|p2a: Clodsire\n|-immune|p2a: Clodsire\n|\n|-fieldend|move: Grassy Terrain\n|upkeep\n|turn|6\n|\n|t:|1698759962\n|switch|p1a: Grapploct|Grapploct, M|100\/100\n|move|p2a: Clodsire|Stealth Rock|p1a: Grapploct\n|-sidestart|p1: Gtg g u2|move: Stealth Rock\n|\n|upkeep\n|turn|7\n|\n|t:|1698759970\n|move|p1a: Grapploct|Octolock|p2a: Clodsire\n|-start|p2a: Clodsire|move: Octolock|[of] p1a: Grapploct\n|move|p2a: Clodsire|Chilling Water|p1a: Grapploct\n|-damage|p1a: Grapploct|94\/100\n|-unboost|p1a: Grapploct|atk|1\n|\n|-heal|p1a: Grapploct|99\/100|[from] item: Leftovers\n|-unboost|p2a: Clodsire|def|1\n|-unboost|p2a: Clodsire|spd|1\n|upkeep\n|turn|8\n|\n|t:|1698759980\n|move|p1a: Grapploct|Drain Punch|p2a: Clodsire\n|-resisted|p2a: Clodsire\n|-damage|p2a: Clodsire|78\/100\n|-heal|p1a: Grapploct|100\/100|[from] drain|[of] p2a: Clodsire\n|move|p2a: Clodsire|Yawn|p1a: Grapploct\n|-start|p1a: Grapploct|move: Yawn|[of] p2a: Clodsire\n|\n|-heal|p2a: Clodsire|85\/100|[from] item: Black Sludge\n|-unboost|p2a: Clodsire|def|1\n|-unboost|p2a: Clodsire|spd|1\n|upkeep\n|turn|9\n|\n|t:|1698759987\n|move|p1a: Grapploct|Ice Punch|p2a: Clodsire\n|-supereffective|p2a: Clodsire\n|-damage|p2a: Clodsire|4\/100\n|-status|p2a: Clodsire|frz\n|cant|p2a: Clodsire|frz\n|\n|-heal|p2a: Clodsire|10\/100 frz|[from] item: Black Sludge\n|-unboost|p2a: Clodsire|def|1\n|-unboost|p2a: Clodsire|spd|1\n|-end|p1a: Grapploct|move: Yawn|[silent]\n|-status|p1a: Grapploct|slp\n|upkeep\n|turn|10\n|\n|t:|1698760004\n|cant|p1a: Grapploct|slp\n|cant|p2a: Clodsire|frz\n|\n|-heal|p2a: Clodsire|16\/100 frz|[from] item: Black Sludge\n|-unboost|p2a: Clodsire|def|1\n|-unboost|p2a: Clodsire|spd|1\n|upkeep\n|turn|11\n|\n|t:|1698760008\n|-curestatus|p1a: Grapploct|slp|[msg]\n|move|p1a: Grapploct|Ice Punch|p2a: Clodsire\n|-supereffective|p2a: Clodsire\n|-damage|p2a: Clodsire|0 fnt\n|faint|p2a: Clodsire\n|\n|upkeep\n|\n|t:|1698760018\n|switch|p2a: Grimmsnarl|Grimmsnarl, M|100\/100\n|turn|12\n|\n|t:|1698760025\n|move|p2a: Grimmsnarl|Reflect|p2a: Grimmsnarl\n|-sidestart|p2: Robertjust|Reflect\n|move|p1a: Grapploct|Octolock|p2a: Grimmsnarl\n|-start|p2a: Grimmsnarl|move: Octolock|[of] p1a: Grapploct\n|\n|-unboost|p2a: Grimmsnarl|def|1\n|-unboost|p2a: Grimmsnarl|spd|1\n|upkeep\n|turn|13\n|\n|t:|1698760029\n|move|p2a: Grimmsnarl|Light Screen|p2a: Grimmsnarl\n|-sidestart|p2: Robertjust|move: Light Screen\n|move|p1a: Grapploct|Drain Punch|p2a: Grimmsnarl\n|-damage|p2a: Grimmsnarl|78\/100\n|\n|-heal|p2a: Grimmsnarl|85\/100|[from] item: Leftovers\n|-unboost|p2a: Grimmsnarl|def|1\n|-unboost|p2a: Grimmsnarl|spd|1\n|upkeep\n|turn|14\n|\n|t:|1698760035\n|move|p2a: Grimmsnarl|Thunder Wave|p1a: Grapploct\n|-status|p1a: Grapploct|par\n|move|p1a: Grapploct|Drain Punch|p2a: Grimmsnarl\n|-damage|p2a: Grimmsnarl|56\/100\n|\n|-heal|p2a: Grimmsnarl|62\/100|[from] item: Leftovers\n|-unboost|p2a: Grimmsnarl|def|1\n|-unboost|p2a: Grimmsnarl|spd|1\n|upkeep\n|turn|15\n|\n|t:|1698760043\n|move|p2a: Grimmsnarl|Draining Kiss|p1a: Grapploct\n|-supereffective|p1a: Grapploct\n|-damage|p1a: Grapploct|62\/100 par\n|-heal|p2a: Grimmsnarl|89\/100|[from] drain|[of] p1a: Grapploct\n|move|p1a: Grapploct|Drain Punch|p2a: Grimmsnarl\n|-damage|p2a: Grimmsnarl|49\/100\n|-heal|p1a: Grapploct|83\/100 par|[from] drain|[of] p2a: Grimmsnarl\n|\n|-heal|p2a: Grimmsnarl|55\/100|[from] item: Leftovers\n|-heal|p1a: Grapploct|90\/100 par|[from] item: Leftovers\n|-unboost|p2a: Grimmsnarl|def|1\n|-unboost|p2a: Grimmsnarl|spd|1\n|upkeep\n|turn|16\n|\n|t:|1698760052\n|move|p2a: Grimmsnarl|Draining Kiss|p1a: Grapploct\n|-supereffective|p1a: Grapploct\n|-damage|p1a: Grapploct|53\/100 par\n|-heal|p2a: Grimmsnarl|80\/100|[from] drain|[of] p1a: Grapploct\n|move|p1a: Grapploct|Drain Punch|p2a: Grimmsnarl\n|-damage|p2a: Grimmsnarl|39\/100\n|-heal|p1a: Grapploct|75\/100 par|[from] drain|[of] p2a: Grimmsnarl\n|\n|-heal|p2a: Grimmsnarl|45\/100|[from] item: Leftovers\n|-heal|p1a: Grapploct|82\/100 par|[from] item: Leftovers\n|-unboost|p2a: Grimmsnarl|def|1\n|-unboost|p2a: Grimmsnarl|spd|1\n|-sideend|p2: Robertjust|Reflect\n|upkeep\n|turn|17\n|\n|t:|1698760055\n|move|p2a: Grimmsnarl|Draining Kiss|p1a: Grapploct\n|-supereffective|p1a: Grapploct\n|-damage|p1a: Grapploct|41\/100 par\n|-heal|p2a: Grimmsnarl|73\/100|[from] drain|[of] p1a: Grapploct\n|move|p1a: Grapploct|Drain Punch|p2a: Grimmsnarl\n|-damage|p2a: Grimmsnarl|0 fnt\n|-heal|p1a: Grapploct|81\/100 par|[from] drain|[of] p2a: Grimmsnarl\n|faint|p2a: Grimmsnarl\n|\n|-heal|p1a: Grapploct|87\/100 par|[from] item: Leftovers\n|-sideend|p2: Robertjust|move: Light Screen\n|upkeep\n|\n|t:|1698760071\n|switch|p2a: Blaziken|Blaziken, M|100\/100\n|turn|18\n|\n|t:|1698760081\n|move|p2a: Blaziken|Swords Dance|p2a: Blaziken\n|-boost|p2a: Blaziken|atk|2\n|move|p1a: Grapploct|Circle Throw|p2a: Blaziken|[miss]\n|-miss|p1a: Grapploct|p2a: Blaziken\n|\n|-heal|p1a: Grapploct|93\/100 par|[from] item: Leftovers\n|-ability|p2a: Blaziken|Speed Boost|boost\n|-boost|p2a: Blaziken|spe|1\n|upkeep\n|turn|19\n|\n|t:|1698760094\n|detailschange|p2a: Blaziken|Blaziken-Mega, M\n|-mega|p2a: Blaziken|Blaziken|Blazikenite\n|move|p2a: Blaziken|High Jump Kick|p1a: Grapploct\n|-damage|p1a: Grapploct|0 fnt\n|faint|p1a: Grapploct\n|\n|-ability|p2a: Blaziken|Speed Boost|boost\n|-boost|p2a: Blaziken|spe|1\n|upkeep\n|\n|t:|1698760096\n|switch|p1a: Runerigus|Runerigus, F, shiny|100\/100\n|-damage|p1a: Runerigus|94\/100|[from] Stealth Rock\n|turn|20\n|\n|t:|1698760114\n|move|p2a: Blaziken|Fire Punch|p1a: Runerigus\n|-damage|p1a: Runerigus|16\/100\n|-activate|p1a: Runerigus|ability: Wandering Spirit|Speed Boost|Wandering Spirit|[of] p2a: Blaziken\n|move|p1a: Runerigus|Earthquake|p2a: Blaziken\n|-supereffective|p2a: Blaziken\n|-damage|p2a: Blaziken|0 fnt\n|faint|p2a: Blaziken\n|\n|-heal|p1a: Runerigus|23\/100|[from] item: Leftovers\n|-ability|p1a: Runerigus|Speed Boost|boost\n|-boost|p1a: Runerigus|spe|1\n|upkeep\n|\n|t:|1698760123\n|switch|p2a: Pikachu|Pikachu-Unova, M|100\/100\n|turn|21\n|\n|t:|1698760135\n|move|p2a: Pikachu|Nasty Plot|p2a: Pikachu\n|-boost|p2a: Pikachu|spa|2\n|move|p1a: Runerigus|Earthquake|p2a: Pikachu\n|-supereffective|p2a: Pikachu\n|-damage|p2a: Pikachu|0 fnt\n|faint|p2a: Pikachu\n|\n|-heal|p1a: Runerigus|29\/100|[from] item: Leftovers\n|-ability|p1a: Runerigus|Speed Boost|boost\n|-boost|p1a: Runerigus|spe|1\n|upkeep\n|\n|t:|1698760141\n|switch|p2a: Annihilape|Annihilape, F|14\/100\n|turn|22\n|\n|t:|1698760147\n|move|p2a: Annihilape|Rage Fist|p1a: Runerigus\n|-supereffective|p1a: Runerigus\n|-damage|p1a: Runerigus|0 fnt\n|faint|p1a: Runerigus\n|\n|upkeep\n|\n|t:|1698760149\n|switch|p1a: Centiskorch|Centiskorch, M|100\/100\n|turn|23\n|\n|t:|1698760152\n|move|p2a: Annihilape|Rage Fist|p1a: Centiskorch\n|-damage|p1a: Centiskorch|0 fnt\n|faint|p1a: Centiskorch\n|\n|upkeep\n|\n|t:|1698760155\n|switch|p1a: Pikachu|Pikachu, M|100\/100\n|-damage|p1a: Pikachu|88\/100|[from] Stealth Rock\n|turn|24\n|\n|t:|1698760160\n|move|p1a: Pikachu|Thunderbolt|p2a: Annihilape\n|-damage|p2a: Annihilape|0 fnt\n|faint|p2a: Annihilape\n|\n|win|Gtg g u2\n|raw|Gtg g u2's rating: 1127 &rarr; <strong>1152<\/strong><br \/>(+25 for winning)\n|raw|Robertjust's rating: 1130 &rarr; <strong>1105<\/strong><br \/>(-25 for losing)\n","uploadtime":1698760163,"views":5,"p1id":"gtggu2","p2id":"robertjust","formatid":"gen9nationaldexubers","rating":1105,"private":0,"password":""}