{"id":"gen9nationaldexubers-2000277706","p1":"kannursqu11rtle","p2":"Ernakulum Gengar","format":"[Gen 9] National Dex Ubers","log":"|j|\u2606kannursqu11rtle\n|j|\u2606Ernakulum Gengar\n|t:|1701180563\n|gametype|singles\n|player|p1|kannursqu11rtle|102|\n|player|p2|Ernakulum Gengar|cynthia-gen4|\n|teamsize|p1|6\n|teamsize|p2|6\n|gen|9\n|tier|[Gen 9] National Dex Ubers\n|rule|HP Percentage Mod: HP is shown in percentages\n|rule|Endless Battle Clause: Forcing endless battles is banned\n|rule|OHKO Clause: OHKO moves are banned\n|rule|Evasion Moves Clause: Evasion moves are banned\n|rule|Evasion Items Clause: Evasion items are banned\n|rule|Species Clause: Limit one of each Pok\u00e9mon\n|rule|Sleep Clause Mod: Limit one foe put to sleep\n|rule|Mega Rayquaza Clause: You cannot mega evolve Rayquaza\n|clearpoke\n|poke|p1|Blastoise, F|\n|poke|p1|Alakazam, M|\n|poke|p1|Eternatus|\n|poke|p1|Iron Bundle|\n|poke|p1|Kyogre|\n|poke|p1|Naganadel|\n|poke|p2|Pikachu, F|\n|poke|p2|Bulbasaur, F|\n|poke|p2|Charizard, F|\n|poke|p2|Snorlax, F|\n|poke|p2|Clefairy, M|\n|poke|p2|Jigglypuff, M|\n|teampreview\n|\n|t:|1701180585\n|start\n|switch|p1a: Blastoise|Blastoise, F|100\/100\n|switch|p2a: Charizard|Charizard, F|100\/100\n|turn|1\n|\n|t:|1701180603\n|switch|p2a: Snorlax|Snorlax, F|100\/100\n|move|p1a: Blastoise|Aqua Tail|p2a: Snorlax\n|-damage|p2a: Snorlax|74\/100\n|\n|-heal|p2a: Snorlax|80\/100|[from] item: Leftovers\n|upkeep\n|turn|2\n|\n|t:|1701180614\n|-singleturn|p1a: Blastoise|move: Focus Punch\n|move|p2a: Snorlax|Curse|p2a: Snorlax\n|-unboost|p2a: Snorlax|spe|1\n|-boost|p2a: Snorlax|atk|1\n|-boost|p2a: Snorlax|def|1\n|move|p1a: Blastoise|Focus Punch|p2a: Snorlax\n|-supereffective|p2a: Snorlax\n|-damage|p2a: Snorlax|42\/100\n|\n|-heal|p2a: Snorlax|48\/100|[from] item: Leftovers\n|upkeep\n|turn|3\n|\n|t:|1701180639\n|-singleturn|p1a: Blastoise|move: Focus Punch\n|move|p2a: Snorlax|Ice Punch|p1a: Blastoise\n|-resisted|p1a: Blastoise\n|-damage|p1a: Blastoise|88\/100\n|cant|p1a: Blastoise|Focus Punch|Focus Punch\n|\n|-heal|p2a: Snorlax|54\/100|[from] item: Leftovers\n|upkeep\n|turn|4\n|\n|t:|1701180726\n|switch|p2a: Pikachu|Pikachu, F|100\/100\n|move|p1a: Blastoise|Double-Edge|p2a: Pikachu\n|-damage|p2a: Pikachu|0 fnt\n|faint|p2a: Pikachu\n|-damage|p1a: Blastoise|67\/100|[from] Recoil\n|\n|upkeep\n|\n|t:|1701180742\n|switch|p2a: Bulbasaur|Bulbasaur, F|100\/100\n|turn|5\n|\n|t:|1701180748\n|move|p1a: Blastoise|Double-Edge|p2a: Bulbasaur\n|-damage|p2a: Bulbasaur|46\/100\n|-damage|p1a: Blastoise|52\/100|[from] Recoil\n|move|p2a: Bulbasaur|Toxic|p1a: Blastoise\n|-status|p1a: Blastoise|tox\n|\n|-damage|p1a: Blastoise|45\/100 tox|[from] psn\n|upkeep\n|turn|6\n|\n|t:|1701180767\n|detailschange|p1a: Blastoise|Blastoise-Mega, F\n|-mega|p1a: Blastoise|Blastoise|Blastoisinite\n|-singleturn|p1a: Blastoise|move: Focus Punch\n|move|p2a: Bulbasaur|Protect|p2a: Bulbasaur\n|-singleturn|p2a: Bulbasaur|Protect\n|move|p1a: Blastoise|Focus Punch|p2a: Bulbasaur\n|-activate|p2a: Bulbasaur|move: Protect\n|\n|-damage|p1a: Blastoise|33\/100 tox|[from] psn\n|upkeep\n|turn|7\n|\n|t:|1701180796\n|switch|p2a: Clefairy|Clefairy, M|100\/100\n|move|p1a: Blastoise|Blizzard|p2a: Clefairy\n|-damage|p2a: Clefairy|82\/100\n|\n|-damage|p1a: Blastoise|14\/100 tox|[from] psn\n|upkeep\n|turn|8\n|\n|t:|1701180818\n|move|p1a: Blastoise|Double-Edge|p2a: Clefairy\n|-damage|p2a: Clefairy|41\/100\n|-damage|p1a: Blastoise|1\/100 tox|[from] Recoil\n|move|p2a: Clefairy|Dazzling Gleam|p1a: Blastoise\n|-damage|p1a: Blastoise|0 fnt\n|faint|p1a: Blastoise\n|\n|upkeep\n|\n|t:|1701180837\n|switch|p1a: Eternatus|Eternatus|100\/100\n|-ability|p1a: Eternatus|Pressure\n|turn|9\n|\n|t:|1701180849\n|move|p1a: Eternatus|Draco Meteor|p2a: Clefairy\n|-immune|p2a: Clefairy\n|move|p2a: Clefairy|Dazzling Gleam|p1a: Eternatus\n|-damage|p1a: Eternatus|85\/100\n|\n|upkeep\n|turn|10\n|\n|t:|1701180871\n|move|p1a: Eternatus|Dragon Dance|p1a: Eternatus\n|-boost|p1a: Eternatus|atk|1\n|-boost|p1a: Eternatus|spe|1\n|move|p2a: Clefairy|Thunder Wave|p1a: Eternatus\n|-status|p1a: Eternatus|par\n|\n|upkeep\n|turn|11\n|\n|t:|1701180888\n|switch|p2a: Jigglypuff|Jigglypuff, M|100\/100\n|move|p1a: Eternatus|Dragon Tail|p2a: Jigglypuff\n|-immune|p2a: Jigglypuff\n|\n|upkeep\n|turn|12\n|\n|t:|1701180899\n|switch|p1a: Naganadel|Naganadel|100\/100\n|move|p2a: Jigglypuff|Perish Song|p2a: Jigglypuff\n|-start|p1a: Naganadel|perish3|[silent]\n|-start|p2a: Jigglypuff|perish3|[silent]\n|-fieldactivate|move: Perish Song\n|\n|-start|p1a: Naganadel|perish3\n|-start|p2a: Jigglypuff|perish3\n|upkeep\n|turn|13\n|\n|t:|1701180912\n|move|p2a: Jigglypuff|Protect|p2a: Jigglypuff\n|-singleturn|p2a: Jigglypuff|Protect\n|move|p1a: Naganadel|Flamethrower|p2a: Jigglypuff\n|-activate|p2a: Jigglypuff|move: Protect\n|\n|-start|p1a: Naganadel|perish2\n|-start|p2a: Jigglypuff|perish2\n|upkeep\n|turn|14\n|\n|t:|1701180928\n|move|p1a: Naganadel|Dual Wingbeat|p2a: Jigglypuff\n|-damage|p2a: Jigglypuff|79\/100\n|-damage|p2a: Jigglypuff|60\/100\n|-hitcount|p2a: Jigglypuff|2\n|move|p2a: Jigglypuff|Thunder Wave|p1a: Naganadel|[miss]\n|-miss|p2a: Jigglypuff|p1a: Naganadel\n|\n|-start|p1a: Naganadel|perish1\n|-start|p2a: Jigglypuff|perish1\n|upkeep\n|turn|15\n|\n|t:|1701180944\n|move|p2a: Jigglypuff|Protect|p2a: Jigglypuff\n|-singleturn|p2a: Jigglypuff|Protect\n|move|p1a: Naganadel|Draco Meteor|p2a: Jigglypuff\n|-activate|p2a: Jigglypuff|move: Protect\n|\n|-start|p1a: Naganadel|perish0\n|-start|p2a: Jigglypuff|perish0\n|faint|p1a: Naganadel\n|faint|p2a: Jigglypuff\n|upkeep\n|\n|t:|1701180958\n|switch|p1a: Eternatus|Eternatus|85\/100 par\n|switch|p2a: Charizard|Charizard, F|100\/100\n|-ability|p1a: Eternatus|Pressure\n|turn|16\n|\n|t:|1701180978\n|detailschange|p2a: Charizard|Charizard-Mega-X, F\n|-mega|p2a: Charizard|Charizard|Charizardite X\n|cant|p1a: Eternatus|par\n|move|p2a: Charizard|Dragon Claw|p1a: Eternatus\n|-supereffective|p1a: Eternatus\n|-damage|p1a: Eternatus|28\/100 par\n|\n|upkeep\n|turn|17\n|\n|t:|1701180992\n|move|p2a: Charizard|Dragon Claw|p1a: Eternatus\n|-supereffective|p1a: Eternatus\n|-damage|p1a: Eternatus|0 fnt\n|faint|p1a: Eternatus\n|\n|upkeep\n|\n|t:|1701181002\n|switch|p1a: Iron Bundle|Iron Bundle|100\/100\n|turn|18\n|\n|t:|1701181017\n|switch|p2a: Snorlax|Snorlax, F|54\/100\n|move|p1a: Iron Bundle|Freeze-Dry|p2a: Snorlax\n|-damage|p2a: Snorlax|47\/100\n|\n|-heal|p2a: Snorlax|53\/100|[from] item: Leftovers\n|upkeep\n|turn|19\n|\n|t:|1701181028\n|-end|p1a: Iron Bundle|Quark Drive|[silent]\n|switch|p1a: Alakazam|Alakazam, M|100\/100\n|move|p2a: Snorlax|Curse|p2a: Snorlax\n|-unboost|p2a: Snorlax|spe|1\n|-boost|p2a: Snorlax|atk|1\n|-boost|p2a: Snorlax|def|1\n|\n|-heal|p2a: Snorlax|59\/100|[from] item: Leftovers\n|upkeep\n|turn|20\n|\n|t:|1701181047\n|move|p1a: Alakazam|Future Sight|p2a: Snorlax\n|-start|p1a: Alakazam|move: Future Sight\n|move|p2a: Snorlax|Ice Punch|p1a: Alakazam\n|-damage|p1a: Alakazam|58\/100\n|-status|p1a: Alakazam|frz\n|\n|-heal|p2a: Snorlax|65\/100|[from] item: Leftovers\n|upkeep\n|turn|21\n|\n|t:|1701181084\n|cant|p1a: Alakazam|frz\n|move|p2a: Snorlax|Curse|p2a: Snorlax\n|-unboost|p2a: Snorlax|spe|1\n|-boost|p2a: Snorlax|atk|1\n|-boost|p2a: Snorlax|def|1\n|\n|-heal|p2a: Snorlax|72\/100|[from] item: Leftovers\n|upkeep\n|turn|22\n|\n|t:|1701181099\n|-curestatus|p1a: Alakazam|frz|[msg]\n|move|p1a: Alakazam|Calm Mind|p1a: Alakazam\n|-boost|p1a: Alakazam|spa|1\n|-boost|p1a: Alakazam|spd|1\n|move|p2a: Snorlax|Rest|p2a: Snorlax\n|-status|p2a: Snorlax|slp|[from] move: Rest\n|-heal|p2a: Snorlax|100\/100 slp|[silent]\n|\n|-end|p2a: Snorlax|move: Future Sight\n|-damage|p2a: Snorlax|61\/100 slp\n|-heal|p2a: Snorlax|67\/100 slp|[from] item: Leftovers\n|upkeep\n|turn|23\n|\n|t:|1701181115\n|switch|p1a: Kyogre|Kyogre|100\/100\n|detailschange|p1a: Kyogre|Kyogre-Primal\n|-primal|p1a: Kyogre|Blue Orb\n|-weather|PrimordialSea|[from] ability: Primordial Sea|[of] p1a: Kyogre\n|cant|p2a: Snorlax|slp\n|move|p2a: Snorlax|Sleep Talk|p2a: Snorlax\n|move|p2a: Snorlax|Curse|p2a: Snorlax|[from]move: Sleep Talk\n|-unboost|p2a: Snorlax|spe|1\n|-boost|p2a: Snorlax|atk|1\n|-boost|p2a: Snorlax|def|1\n|\n|-weather|PrimordialSea|[upkeep]\n|-heal|p2a: Snorlax|74\/100 slp|[from] item: Leftovers\n|upkeep\n|turn|24\n|\n|t:|1701181136\n|move|p1a: Kyogre|Double-Edge|p2a: Snorlax\n|-damage|p2a: Snorlax|61\/100 slp\n|-damage|p1a: Kyogre|95\/100|[from] Recoil\n|cant|p2a: Snorlax|slp\n|move|p2a: Snorlax|Sleep Talk|p2a: Snorlax\n|move|p2a: Snorlax|Curse|p2a: Snorlax|[from]move: Sleep Talk\n|-unboost|p2a: Snorlax|spe|1\n|-boost|p2a: Snorlax|atk|1\n|-boost|p2a: Snorlax|def|1\n|\n|-weather|PrimordialSea|[upkeep]\n|-heal|p2a: Snorlax|67\/100 slp|[from] item: Leftovers\n|upkeep\n|turn|25\n|\n|t:|1701181154\n|move|p1a: Kyogre|Aqua Tail|p2a: Snorlax\n|-damage|p2a: Snorlax|50\/100 slp\n|-curestatus|p2a: Snorlax|slp|[msg]\n|move|p2a: Snorlax|Curse|p2a: Snorlax\n|-unboost|p2a: Snorlax|spe|1\n|-boost|p2a: Snorlax|atk|1\n|-boost|p2a: Snorlax|def|1\n|\n|-weather|PrimordialSea|[upkeep]\n|-heal|p2a: Snorlax|56\/100|[from] item: Leftovers\n|upkeep\n|turn|26\n|\n|t:|1701181175\n|move|p1a: Kyogre|Liquidation|p2a: Snorlax\n|-damage|p2a: Snorlax|42\/100\n|move|p2a: Snorlax|Ice Punch|p1a: Kyogre\n|-resisted|p1a: Kyogre\n|-damage|p1a: Kyogre|69\/100\n|\n|-weather|PrimordialSea|[upkeep]\n|-heal|p2a: Snorlax|48\/100|[from] item: Leftovers\n|upkeep\n|turn|27\n|l|\u2606kannursqu11rtle\n|player|p1|\n|j|\u2606kannursqu11rtle\n|player|p1|kannursqu11rtle|102\n|\n|t:|1701181252\n|move|p1a: Kyogre|Liquidation|p2a: Snorlax\n|-damage|p2a: Snorlax|32\/100\n|move|p2a: Snorlax|Rest|p2a: Snorlax\n|-status|p2a: Snorlax|slp|[from] move: Rest\n|-heal|p2a: Snorlax|100\/100 slp|[silent]\n|\n|-weather|PrimordialSea|[upkeep]\n|upkeep\n|turn|28\n|\n|t:|1701181265\n|move|p1a: Kyogre|Liquidation|p2a: Snorlax\n|-damage|p2a: Snorlax|86\/100 slp\n|-unboost|p2a: Snorlax|def|1\n|cant|p2a: Snorlax|slp\n|move|p2a: Snorlax|Sleep Talk|p2a: Snorlax\n|move|p2a: Snorlax|Ice Punch|p1a: Kyogre|[from]move: Sleep Talk\n|-resisted|p1a: Kyogre\n|-damage|p1a: Kyogre|40\/100\n|\n|-weather|PrimordialSea|[upkeep]\n|-heal|p2a: Snorlax|92\/100 slp|[from] item: Leftovers\n|upkeep\n|turn|29\n|\n|t:|1701181280\n|move|p1a: Kyogre|Aqua Tail|p2a: Snorlax\n|-damage|p2a: Snorlax|74\/100 slp\n|cant|p2a: Snorlax|slp\n|move|p2a: Snorlax|Sleep Talk|p2a: Snorlax\n|move|p2a: Snorlax|Ice Punch|p1a: Kyogre|[from]move: Sleep Talk\n|-resisted|p1a: Kyogre\n|-damage|p1a: Kyogre|15\/100\n|\n|-weather|PrimordialSea|[upkeep]\n|-heal|p2a: Snorlax|80\/100 slp|[from] item: Leftovers\n|upkeep\n|turn|30\n|\n|t:|1701181295\n|move|p1a: Kyogre|Double-Edge|p2a: Snorlax\n|-damage|p2a: Snorlax|68\/100 slp\n|-damage|p1a: Kyogre|10\/100|[from] Recoil\n|-curestatus|p2a: Snorlax|slp|[msg]\n|move|p2a: Snorlax|Sleep Talk||[still]\n|-fail|p2a: Snorlax\n|\n|-weather|PrimordialSea|[upkeep]\n|-heal|p2a: Snorlax|74\/100|[from] item: Leftovers\n|upkeep\n|turn|31\n|\n|t:|1701181308\n|move|p1a: Kyogre|Liquidation|p2a: Snorlax\n|-damage|p2a: Snorlax|56\/100\n|move|p2a: Snorlax|Ice Punch|p1a: Kyogre\n|-resisted|p1a: Kyogre\n|-damage|p1a: Kyogre|0 fnt\n|faint|p1a: Kyogre\n|-weather|none\n|\n|-heal|p2a: Snorlax|63\/100|[from] item: Leftovers\n|upkeep\n|\n|t:|1701181322\n|switch|p1a: Alakazam|Alakazam, M|58\/100\n|turn|32\n|\n|t:|1701181328\n|move|p1a: Alakazam|Disable|p2a: Snorlax\n|-start|p2a: Snorlax|Disable|Ice Punch\n|cant|p2a: Snorlax|Disable|Ice Punch\n|\n|-heal|p2a: Snorlax|69\/100|[from] item: Leftovers\n|upkeep\n|turn|33\n|\n|t:|1701181338\n|move|p1a: Alakazam|Future Sight|p2a: Snorlax\n|-start|p1a: Alakazam|move: Future Sight\n|move|p2a: Snorlax|Curse|p2a: Snorlax\n|-unboost|p2a: Snorlax|spe|1\n|-boost|p2a: Snorlax|atk|1\n|-boost|p2a: Snorlax|def|1\n|\n|-heal|p2a: Snorlax|75\/100|[from] item: Leftovers\n|upkeep\n|turn|34\n|\n|t:|1701181349\n|move|p1a: Alakazam|Disable||[still]\n|-fail|p1a: Alakazam\n|move|p2a: Snorlax|Curse|p2a: Snorlax\n|-boost|p2a: Snorlax|def|1\n|\n|-heal|p2a: Snorlax|81\/100|[from] item: Leftovers\n|upkeep\n|turn|35\n|\n|t:|1701181363\n|move|p1a: Alakazam|Future Sight||[still]\n|-fail|p1a: Alakazam\n|move|p2a: Snorlax|Sleep Talk||[still]\n|-fail|p2a: Snorlax\n|\n|-end|p2a: Snorlax|move: Future Sight\n|-damage|p2a: Snorlax|53\/100\n|-heal|p2a: Snorlax|59\/100|[from] item: Leftovers\n|-end|p2a: Snorlax|Disable\n|upkeep\n|turn|36\n|\n|t:|1701181375\n|move|p1a: Alakazam|Disable|p2a: Snorlax\n|-start|p2a: Snorlax|Disable|Sleep Talk\n|move|p2a: Snorlax|Ice Punch|p1a: Alakazam\n|-damage|p1a: Alakazam|0 fnt\n|faint|p1a: Alakazam\n|\n|-heal|p2a: Snorlax|65\/100|[from] item: Leftovers\n|upkeep\n|\n|t:|1701181385\n|switch|p1a: Iron Bundle|Iron Bundle|100\/100\n|turn|37\n|\n|t:|1701181396\n|move|p1a: Iron Bundle|Blizzard|p2a: Snorlax\n|-damage|p2a: Snorlax|55\/100\n|move|p2a: Snorlax|Ice Punch|p1a: Iron Bundle\n|-resisted|p1a: Iron Bundle\n|-damage|p1a: Iron Bundle|83\/100\n|\n|-heal|p2a: Snorlax|61\/100|[from] item: Leftovers\n|upkeep\n|turn|38\n|\n|t:|1701181424\n|move|p1a: Iron Bundle|Freeze-Dry|p2a: Snorlax\n|-damage|p2a: Snorlax|53\/100\n|move|p2a: Snorlax|Ice Punch|p1a: Iron Bundle\n|-resisted|p1a: Iron Bundle\n|-damage|p1a: Iron Bundle|67\/100\n|\n|-heal|p2a: Snorlax|60\/100|[from] item: Leftovers\n|upkeep\n|turn|39\n|\n|t:|1701181435\n|move|p1a: Iron Bundle|Blizzard|p2a: Snorlax\n|-damage|p2a: Snorlax|50\/100\n|move|p2a: Snorlax|Ice Punch|p1a: Iron Bundle\n|-resisted|p1a: Iron Bundle\n|-damage|p1a: Iron Bundle|51\/100\n|\n|-heal|p2a: Snorlax|56\/100|[from] item: Leftovers\n|-end|p2a: Snorlax|Disable\n|upkeep\n|turn|40\n|\n|t:|1701181448\n|move|p1a: Iron Bundle|Blizzard|p2a: Snorlax|[miss]\n|-miss|p1a: Iron Bundle|p2a: Snorlax\n|move|p2a: Snorlax|Ice Punch|p1a: Iron Bundle\n|-resisted|p1a: Iron Bundle\n|-damage|p1a: Iron Bundle|33\/100\n|\n|-heal|p2a: Snorlax|62\/100|[from] item: Leftovers\n|upkeep\n|turn|41\n|\n|t:|1701181458\n|move|p1a: Iron Bundle|Blizzard|p2a: Snorlax\n|-damage|p2a: Snorlax|50\/100\n|move|p2a: Snorlax|Ice Punch|p1a: Iron Bundle\n|-resisted|p1a: Iron Bundle\n|-damage|p1a: Iron Bundle|16\/100\n|-enditem|p1a: Iron Bundle|Aguav Berry|[eat]\n|-heal|p1a: Iron Bundle|49\/100|[from] item: Aguav Berry\n|\n|-heal|p2a: Snorlax|56\/100|[from] item: Leftovers\n|upkeep\n|turn|42\n|\n|t:|1701181469\n|move|p1a: Iron Bundle|Blizzard|p2a: Snorlax|[miss]\n|-miss|p1a: Iron Bundle|p2a: Snorlax\n|move|p2a: Snorlax|Ice Punch|p1a: Iron Bundle\n|-resisted|p1a: Iron Bundle\n|-damage|p1a: Iron Bundle|32\/100\n|\n|-heal|p2a: Snorlax|63\/100|[from] item: Leftovers\n|upkeep\n|turn|43\n|\n|t:|1701181479\n|move|p1a: Iron Bundle|Blizzard|p2a: Snorlax|[miss]\n|-miss|p1a: Iron Bundle|p2a: Snorlax\n|move|p2a: Snorlax|Ice Punch|p1a: Iron Bundle\n|-resisted|p1a: Iron Bundle\n|-damage|p1a: Iron Bundle|15\/100\n|\n|-heal|p2a: Snorlax|69\/100|[from] item: Leftovers\n|upkeep\n|turn|44\n|\n|t:|1701181491\n|move|p1a: Iron Bundle|Freeze-Dry|p2a: Snorlax\n|-damage|p2a: Snorlax|62\/100\n|move|p2a: Snorlax|Ice Punch|p1a: Iron Bundle\n|-resisted|p1a: Iron Bundle\n|-damage|p1a: Iron Bundle|0 fnt\n|faint|p1a: Iron Bundle\n|-end|p1a: Iron Bundle|Quark Drive|[silent]\n|\n|win|Ernakulum Gengar\n|l|\u2606kannursqu11rtle\n","uploadtime":1701181512,"views":1,"p1id":"kannursqu11rtle","p2id":"ernakulumgengar","formatid":"gen9nationaldexubers","rating":0,"private":0,"password":""}