{"id":"gen9nationaldexubers-1978259385","p1":"vCreeze","p2":"Hrdutzi","format":"[Gen 9] National Dex Ubers","log":"|j|\u2606vCreeze\n|j|\u2606Hrdutzi\n|t:|1698518072\n|gametype|singles\n|player|p1|vCreeze|skyla|\n|player|p2|Hrdutzi|101|\n|teamsize|p1|6\n|teamsize|p2|6\n|gen|9\n|tier|[Gen 9] National Dex Ubers\n|rule|HP Percentage Mod: HP is shown in percentages\n|rule|Endless Battle Clause: Forcing endless battles is banned\n|rule|OHKO Clause: OHKO moves are banned\n|rule|Evasion Moves Clause: Evasion moves are banned\n|rule|Evasion Items Clause: Evasion items are banned\n|rule|Species Clause: Limit one of each Pok\u00e9mon\n|rule|Sleep Clause Mod: Limit one foe put to sleep\n|rule|Mega Rayquaza Clause: You cannot mega evolve Rayquaza\n|clearpoke\n|poke|p1|Rhydon, F|\n|poke|p1|Cinderace, F|\n|poke|p1|Skarmory, F|\n|poke|p1|Conkeldurr, M|\n|poke|p1|Vanilluxe, M|\n|poke|p1|Latias, F|\n|poke|p2|Emboar, M|\n|poke|p2|Chien-Pao|\n|poke|p2|Goodra-Hisui, M|\n|poke|p2|Thundurus, M|\n|poke|p2|Greedent, F|\n|poke|p2|Golurk|\n|teampreview\n|\n|t:|1698518118\n|start\n|switch|p1a: Riesengrotti|Rhydon, F|100\/100\n|switch|p2a: Emboar|Emboar, M|100\/100\n|turn|1\n|\n|t:|1698518162\n|move|p2a: Emboar|Wild Charge|p1a: Riesengrotti\n|-immune|p1a: Riesengrotti\n|move|p1a: Riesengrotti|Earthquake|p2a: Emboar\n|-supereffective|p2a: Emboar\n|-damage|p2a: Emboar|0 fnt\n|faint|p2a: Emboar\n|\n|upkeep\n|c|\u2606Hrdutzi|ups\n|c|\u2606Hrdutzi|hab gedfacht du switcht\n|c|\u2606Hrdutzi|bin so behindeert\n|c|\u2606Hrdutzi|rematch h\u00e4tt ich gsagt\n|c|\u2606vCreeze|xD\n|\n|t:|1698518205\n|switch|p2a: Goodra|Goodra-Hisui, M|100\/100\n|turn|2\n|\n|t:|1698518260\n|switch|p2a: Thundurus|Thundurus, M, shiny|100\/100\n|move|p1a: Riesengrotti|Swords Dance|p1a: Riesengrotti\n|-boost|p1a: Riesengrotti|atk|2\n|\n|upkeep\n|turn|3\n|c|\u2606Hrdutzi|DU NEGA\n|c|\u2606Hrdutzi|tiv geladenes ion\n|c|\u2606Hrdutzi|!!!\n|c|\u2606Hrdutzi|!\n|c|\u2606Hrdutzi|!\n|\n|t:|1698518288\n|move|p2a: Thundurus|Grass Knot|p1a: Riesengrotti\n|-supereffective|p1a: Riesengrotti\n|-damage|p1a: Riesengrotti|0 fnt\n|faint|p1a: Riesengrotti\n|\n|upkeep\n|c|\u2606Hrdutzi|boom\n|c|\u2606Hrdutzi|boom\n|c|\u2606Hrdutzi|booooooom\n|c|\u2606vCreeze|wusste das der grass knot kann, aber dachte du hast nicht mit\n|c|\u2606vCreeze|rip\n|c|\u2606Hrdutzi|ich bin profi\n|c|\u2606Hrdutzi|nat\u00fcrlich hab ich es mit\n|c|\u2606Hrdutzi|jz hamma beide gschissn\n|\n|t:|1698518336\n|switch|p1a: Hurensohn|Vanilluxe, M, shiny|100\/100\n|-weather|Snow|[from] ability: Snow Warning|[of] p1a: Hurensohn\n|turn|4\n|\n|t:|1698518382\n|switch|p2a: Greedent|Greedent, F|100\/100\n|move|p1a: Hurensohn|Aurora Veil|p1a: Hurensohn\n|-sidestart|p1: vCreeze|move: Aurora Veil\n|\n|-weather|Snow|[upkeep]\n|upkeep\n|turn|5\n|c|\u2606Hrdutzi|er spielt scahch\n|\n|t:|1698518429\n|move|p1a: Hurensohn|Aurora Veil||[still]\n|-fail|p1a: Hurensohn\n|move|p2a: Greedent|Belly Drum|p2a: Greedent\n|-damage|p2a: Greedent|50\/100\n|-setboost|p2a: Greedent|atk|6|[from] move: Belly Drum\n|-enditem|p2a: Greedent|Sitrus Berry|[eat]\n|-heal|p2a: Greedent|75\/100|[from] item: Sitrus Berry\n|-heal|p2a: Greedent|100\/100|[from] ability: Cheek Pouch\n|\n|-weather|Snow|[upkeep]\n|upkeep\n|turn|6\n|c|\u2606vCreeze|ich bin so dumm\n|\n|t:|1698518456\n|move|p1a: Hurensohn|Blizzard|p2a: Greedent\n|-damage|p2a: Greedent|64\/100\n|move|p2a: Greedent|Psychic Fangs|p1a: Hurensohn\n|-sideend|p1: vCreeze|move: Aurora Veil\n|-damage|p1a: Hurensohn|37\/100\n|\n|-weather|Snow|[upkeep]\n|upkeep\n|turn|7\n|c|\u2606vCreeze|einfach miss click\n|c|\u2606Hrdutzi|passiert\n|c|\u2606Hrdutzi|halbe stund hab ich noch spiel ka schach\n|\n|t:|1698518493\n|switch|p1a: Skyla|Skarmory, F|100\/100\n|move|p2a: Greedent|Psychic Fangs|p1a: Skyla\n|-resisted|p1a: Skyla\n|-damage|p1a: Skyla|72\/100\n|-damage|p2a: Greedent|47\/100|[from] item: Rocky Helmet|[of] p1a: Skyla\n|\n|-weather|Snow|[upkeep]\n|upkeep\n|turn|8\n|c|\u2606Hrdutzi|oh no not good\n|c|\u2606vCreeze|der ist doch super\n|\n|t:|1698518550\n|move|p2a: Greedent|Body Slam|p1a: Skyla\n|-resisted|p1a: Skyla\n|-damage|p1a: Skyla|27\/100\n|-damage|p2a: Greedent|31\/100|[from] item: Rocky Helmet|[of] p1a: Skyla\n|move|p1a: Skyla|Whirlwind|p2a: Greedent\n|drag|p2a: Goodra|Goodra-Hisui, M|100\/100\n|\n|-weather|none\n|upkeep\n|turn|9\n|c|\u2606Hrdutzi|hab auf para gehofft\n|c|\u2606Hrdutzi|ngl\n|\n|t:|1698518572\n|switch|p2a: Greedent|Greedent, F|31\/100\n|move|p1a: Skyla|Roost|p1a: Skyla\n|-heal|p1a: Skyla|77\/100\n|-singleturn|p1a: Skyla|move: Roost\n|\n|upkeep\n|turn|10\n|\n|t:|1698518583\n|move|p1a: Skyla|Spikes|p2a: Greedent\n|-sidestart|p2: Hrdutzi|Spikes\n|move|p2a: Greedent|Body Slam|p1a: Skyla\n|-resisted|p1a: Skyla\n|-damage|p1a: Skyla|66\/100\n|-damage|p2a: Greedent|14\/100|[from] item: Rocky Helmet|[of] p1a: Skyla\n|\n|upkeep\n|turn|11\n|c|\u2606Hrdutzi|mach nicht diesen bro\n|\n|t:|1698518599\n|move|p1a: Skyla|Spikes|p2a: Greedent\n|-sidestart|p2: Hrdutzi|Spikes\n|move|p2a: Greedent|Body Slam|p1a: Skyla\n|-resisted|p1a: Skyla\n|-damage|p1a: Skyla|54\/100\n|-status|p1a: Skyla|par\n|-damage|p2a: Greedent|0 fnt|[from] item: Rocky Helmet|[of] p1a: Skyla\n|faint|p2a: Greedent\n|\n|upkeep\n|c|\u2606Hrdutzi|JA\n|\n|t:|1698518614\n|switch|p2a: Thundurus|Thundurus, M, shiny|100\/100\n|turn|12\n|\n|t:|1698518620\n|switch|p1a: Latias|Latias, F, shiny|100\/100\n|move|p2a: Thundurus|Thunderbolt|p1a: Latias\n|-resisted|p1a: Latias\n|-damage|p1a: Latias|77\/100\n|\n|upkeep\n|turn|13\n|\n|t:|1698518664\n|move|p1a: Latias|Draco Meteor|p2a: Thundurus\n|-damage|p2a: Thundurus|8\/100\n|-unboost|p1a: Latias|spa|2\n|move|p2a: Thundurus|Sludge Wave|p1a: Latias\n|-damage|p1a: Latias|45\/100\n|\n|-heal|p2a: Thundurus|14\/100|[from] item: Leftovers\n|upkeep\n|turn|14\n|c|\u2606Hrdutzi|schade kein poison\n|c|\u2606Hrdutzi|hab believed\n|\n|t:|1698518688\n|move|p1a: Latias|Roost|p1a: Latias\n|-heal|p1a: Latias|96\/100\n|-singleturn|p1a: Latias|move: Roost\n|move|p2a: Thundurus|Sludge Wave|p1a: Latias\n|-damage|p1a: Latias|63\/100\n|\n|-heal|p2a: Thundurus|20\/100|[from] item: Leftovers\n|upkeep\n|turn|15\n|\n|t:|1698518694\n|move|p1a: Latias|Tailwind|p1a: Latias\n|-sidestart|p1: vCreeze|move: Tailwind\n|move|p2a: Thundurus|Sludge Wave|p1a: Latias\n|-damage|p1a: Latias|33\/100\n|\n|-heal|p2a: Thundurus|26\/100|[from] item: Leftovers\n|upkeep\n|turn|16\n|\n|t:|1698518707\n|move|p1a: Latias|Psychic|p2a: Thundurus\n|-damage|p2a: Thundurus|0 fnt\n|faint|p2a: Thundurus\n|\n|upkeep\n|\n|t:|1698518724\n|switch|p2a: Chien-Pao|Chien-Pao|100\/100\n|-damage|p2a: Chien-Pao|84\/100|[from] Spikes\n|-ability|p2a: Chien-Pao|Sword of Ruin\n|turn|17\n|\n|t:|1698518745\n|switch|p1a: Conkeldurr|Conkeldurr, M|100\/100\n|move|p2a: Chien-Pao|Crunch|p1a: Conkeldurr\n|-resisted|p1a: Conkeldurr\n|-damage|p1a: Conkeldurr|72\/100\n|-unboost|p1a: Conkeldurr|def|1\n|\n|-status|p1a: Conkeldurr|brn|[from] item: Flame Orb\n|upkeep\n|turn|18\n|\n|t:|1698518778\n|switch|p2a: Golurk|Golurk, shiny|100\/100\n|-damage|p2a: Golurk|84\/100|[from] Spikes\n|move|p1a: Conkeldurr|Mach Punch|p2a: Golurk\n|-immune|p2a: Golurk\n|\n|-damage|p1a: Conkeldurr|66\/100 brn|[from] brn\n|-sideend|p1: vCreeze|move: Tailwind\n|-damage|p2a: Golurk|71\/100|[from] item: Sticky Barb\n|upkeep\n|turn|19\n|c|\u2606Hrdutzi|DER PLAY VON MIR\n|c|\u2606Hrdutzi|jkfdsa l\u00e4kfajm\u00f6fd\u00e4<d\n|\n|t:|1698518802\n|switch|p1a: Skyla|Skarmory, F|54\/100 par\n|move|p2a: Golurk|Trick|p1a: Skyla\n|-activate|p2a: Golurk|move: Trick|[of] p1a: Skyla\n|-item|p1a: Skyla|Sticky Barb|[from] move: Trick\n|-item|p2a: Golurk|Rocky Helmet|[from] move: Trick\n|\n|-damage|p1a: Skyla|42\/100 par|[from] item: Sticky Barb\n|upkeep\n|turn|20\n|\n|t:|1698518838\n|move|p2a: Golurk|Poltergeist|p1a: Skyla\n|-activate|p1a: Skyla|move: Poltergeist|Sticky Barb\n|-crit|p1a: Skyla\n|-damage|p1a: Skyla|0 fnt\n|faint|p1a: Skyla\n|\n|upkeep\n|c|\u2606Hrdutzi|Boom shakalaka\n|l|\u2606Hrdutzi\n|player|p2|\n|c|\u2606vCreeze|crit...\n|j|\u2606Hrdutzi\n|player|p2|Hrdutzi|101\n|c|\u2606Hrdutzi|sorry\n|c|\u2606Hrdutzi|internet\n|\n|t:|1698518896\n|switch|p1a: Hurensohn|Vanilluxe, M, shiny|37\/100\n|-weather|Snow|[from] ability: Snow Warning|[of] p1a: Hurensohn\n|turn|21\n|\n|t:|1698518924\n|move|p1a: Hurensohn|Aurora Veil|p1a: Hurensohn\n|-sidestart|p1: vCreeze|move: Aurora Veil\n|move|p2a: Golurk|Dynamic Punch|p1a: Hurensohn\n|-supereffective|p1a: Hurensohn\n|-damage|p1a: Hurensohn|16\/100\n|-start|p1a: Hurensohn|confusion\n|\n|-weather|Snow|[upkeep]\n|upkeep\n|turn|22\n|\n|t:|1698518940\n|-activate|p1a: Hurensohn|confusion\n|move|p1a: Hurensohn|Blizzard|p2a: Golurk\n|-supereffective|p2a: Golurk\n|-damage|p2a: Golurk|0 fnt\n|faint|p2a: Golurk\n|\n|-weather|Snow|[upkeep]\n|upkeep\n|c|\u2606Hrdutzi|was bringt sich eig das ding da was du machst\n|\n|t:|1698518949\n|switch|p2a: Goodra|Goodra-Hisui, M|100\/100\n|-damage|p2a: Goodra|84\/100|[from] Spikes\n|turn|23\n|c|\u2606vCreeze|h\u00e4lfte weniger schaden speziell und physisch\n|c|\u2606Hrdutzi|kj dsopa\u00f6fipkad\n|c|\u2606Hrdutzi|op\n|\n|t:|1698518967\n|switch|p1a: Conkeldurr|Conkeldurr, M|66\/100 brn\n|move|p2a: Goodra|Flash Cannon|p1a: Conkeldurr\n|-damage|p1a: Conkeldurr|44\/100 brn\n|\n|-weather|Snow|[upkeep]\n|-damage|p1a: Conkeldurr|37\/100 brn|[from] brn\n|upkeep\n|turn|24\n|\n|t:|1698518993\n|move|p2a: Goodra|Body Press|p1a: Conkeldurr\n|-damage|p1a: Conkeldurr|29\/100 brn\n|move|p1a: Conkeldurr|Drain Punch|p2a: Goodra\n|-supereffective|p2a: Goodra\n|-damage|p2a: Goodra|0 fnt\n|-heal|p1a: Conkeldurr|73\/100 brn|[from] drain|[of] p2a: Goodra\n|faint|p2a: Goodra\n|\n|-weather|Snow|[upkeep]\n|-damage|p1a: Conkeldurr|66\/100 brn|[from] brn\n|upkeep\n|c|\u2606Hrdutzi|okay hab gedacht ich mach mehr\n|c|\u2606Hrdutzi|gg\n|\n|t:|1698519003\n|switch|p2a: Chien-Pao|Chien-Pao|84\/100\n|-damage|p2a: Chien-Pao|67\/100|[from] Spikes\n|-ability|p2a: Chien-Pao|Sword of Ruin\n|turn|25\n|c|\u2606vCreeze|gg\n|c|\u2606Hrdutzi|ein wahrer mann gibt auf wenn man nt mehr gwinnen kann?\n|c|\u2606vCreeze|true call\n|c|\u2606Hrdutzi|gg\n|c|\u2606Hrdutzi|\/\/surrender\n|c|\u2606Hrdutzi|geht das?\n|c|\u2606vCreeze|ne\n|c|\u2606Hrdutzi|:\/\n|-message|Hrdutzi forfeited.\n|\n|win|vCreeze\n|l|\u2606Hrdutzi\n","uploadtime":1698519106,"views":24,"p1id":"vcreeze","p2id":"hrdutzi","formatid":"gen9nationaldexubers","rating":0,"private":0,"password":""}