{"id":"gen9nationaldexubers-1993100050","p1":"BriefStar","p2":"lunchbox5536","format":"[Gen 9] National Dex Ubers","log":"|j|\u2606BriefStar\n|j|\u2606lunchbox5536\n|t:|1700264733\n|gametype|singles\n|player|p1|BriefStar|benga|\n|player|p2|lunchbox5536|ghetsis|\n|teamsize|p1|6\n|teamsize|p2|6\n|gen|9\n|tier|[Gen 9] National Dex Ubers\n|rule|HP Percentage Mod: HP is shown in percentages\n|rule|Endless Battle Clause: Forcing endless battles is banned\n|rule|OHKO Clause: OHKO moves are banned\n|rule|Evasion Moves Clause: Evasion moves are banned\n|rule|Evasion Items Clause: Evasion items are banned\n|rule|Species Clause: Limit one of each Pok\u00e9mon\n|rule|Sleep Clause Mod: Limit one foe put to sleep\n|rule|Mega Rayquaza Clause: You cannot mega evolve Rayquaza\n|clearpoke\n|poke|p1|Baxcalibur, F|\n|poke|p1|Tinkaton, F|\n|poke|p1|Bellibolt, M|\n|poke|p1|Raichu, F|\n|poke|p1|Charizard, F|\n|poke|p1|Fraxure, F|\n|poke|p2|Lilligant-Hisui, F|\n|poke|p2|Zoroark-Hisui, M|\n|poke|p2|Grimmsnarl, M|\n|poke|p2|Sableye, F|\n|poke|p2|Klawf, M|\n|poke|p2|Shelgon, F|\n|teampreview\n|\n|t:|1700264755\n|start\n|switch|p1a: Raichu|Raichu, F|100\/100\n|switch|p2a: Sableye|Sableye, F|100\/100\n|turn|1\n|\n|t:|1700264771\n|move|p1a: Raichu|Nuzzle|p2a: Sableye\n|-damage|p2a: Sableye|89\/100\n|-status|p2a: Sableye|par\n|replace|p2a: Oh Hi There|Zoroark-Hisui, M, shiny\n|-end|p2a: Oh Hi There|Illusion\n|move|p2a: Oh Hi There|Shadow Ball|p1a: Raichu\n|-damage|p1a: Raichu|20\/100\n|\n|upkeep\n|turn|2\n|\n|t:|1700264783\n|switch|p2a: AAAAAAAAAAAA|Klawf, M|100\/100\n|move|p1a: Raichu|Volt Switch|p2a: AAAAAAAAAAAA\n|-damage|p2a: AAAAAAAAAAAA|63\/100\n|\n|t:|1700264814\n|switch|p1a: Charizard|Charizard, F, shiny|100\/100|[from] Volt Switch\n|\n|upkeep\n|turn|3\n|\n|t:|1700264843\n|-terastallize|p1a: Charizard|Steel\n|-terastallize|p2a: AAAAAAAAAAAA|Poison\n|move|p1a: Charizard|Tera Blast|p2a: AAAAAAAAAAAA|[anim] Tera Blast Steel\n|-damage|p2a: AAAAAAAAAAAA|2\/100\n|move|p2a: AAAAAAAAAAAA|Stealth Rock|p1a: Charizard\n|-sidestart|p1: BriefStar|move: Stealth Rock\n|\n|upkeep\n|turn|4\n|\n|t:|1700264863\n|switch|p2a: Sableye|Sableye, F|100\/100\n|move|p1a: Charizard|Flamethrower|p2a: Sableye\n|-damage|p2a: Sableye|53\/100\n|\n|upkeep\n|turn|5\n|\n|t:|1700264877\n|move|p2a: Sableye|Recover|p2a: Sableye\n|-heal|p2a: Sableye|100\/100\n|move|p1a: Charizard|Will-O-Wisp|p2a: Sableye\n|-status|p2a: Sableye|brn\n|\n|-damage|p2a: Sableye|95\/100 brn|[from] brn\n|upkeep\n|turn|6\n|\n|t:|1700264889\n|switch|p1a: Raichu|Raichu, F|20\/100\n|-damage|p1a: Raichu|8\/100|[from] Stealth Rock\n|move|p2a: Sableye|Encore||[still]\n|-fail|p2a: Sableye\n|\n|-damage|p2a: Sableye|89\/100 brn|[from] brn\n|upkeep\n|turn|7\n|\n|t:|1700264899\n|move|p2a: Sableye|Sunny Day|p2a: Sableye\n|-weather|SunnyDay\n|move|p1a: Raichu|Volt Switch|p2a: Sableye\n|-crit|p2a: Sableye\n|-damage|p2a: Sableye|51\/100 brn\n|\n|t:|1700264903\n|switch|p1a: Charizard|Charizard, F, shiny, tera:Steel|100\/100|[from] Volt Switch\n|\n|-weather|SunnyDay|[upkeep]\n|-damage|p2a: Sableye|45\/100 brn|[from] brn\n|upkeep\n|turn|8\n|\n|t:|1700264911\n|move|p2a: Sableye|Recover|p2a: Sableye\n|-heal|p2a: Sableye|95\/100 brn\n|move|p1a: Charizard|Flamethrower|p2a: Sableye\n|-damage|p2a: Sableye|22\/100 brn\n|\n|-weather|SunnyDay|[upkeep]\n|-damage|p2a: Sableye|16\/100 brn|[from] brn\n|upkeep\n|turn|9\n|\n|t:|1700264922\n|switch|p2a: AAAAAAAAAAAA|Klawf, M, tera:Poison|35\/100\n|move|p1a: Charizard|Flamethrower|p2a: AAAAAAAAAAAA\n|-damage|p2a: AAAAAAAAAAAA|0 fnt\n|faint|p2a: AAAAAAAAAAAA\n|\n|-weather|SunnyDay|[upkeep]\n|upkeep\n|\n|t:|1700264930\n|switch|p2a: Lilligant|Lilligant-Hisui, F, shiny|100\/100\n|turn|10\n|\n|t:|1700264948\n|switch|p1a: Raichu|Raichu, F|8\/100\n|-damage|p1a: Raichu|0 fnt|[from] Stealth Rock\n|faint|p1a: Raichu\n|move|p2a: Lilligant|Close Combat|p1: Raichu|[notarget]\n|-fail|p2a: Lilligant\n|\n|-weather|SunnyDay|[upkeep]\n|upkeep\n|\n|t:|1700264961\n|switch|p1a: Megaton|Tinkaton, F|100\/100\n|-damage|p1a: Megaton|94\/100|[from] Stealth Rock\n|-ability|p1a: Megaton|Mold Breaker\n|turn|11\n|\n|t:|1700265008\n|move|p2a: Lilligant|Close Combat|p1a: Megaton\n|-damage|p1a: Megaton|0 fnt\n|-unboost|p2a: Lilligant|def|1\n|-unboost|p2a: Lilligant|spd|1\n|faint|p1a: Megaton\n|-damage|p2a: Lilligant|91\/100|[from] item: Life Orb\n|\n|-weather|none\n|upkeep\n|\n|t:|1700265016\n|switch|p1a: Charizard|Charizard, F, shiny, tera:Steel|100\/100\n|turn|12\n|\n|t:|1700265023\n|switch|p2a: Hello and Goodbye|Shelgon, F|100\/100\n|move|p1a: Charizard|Flamethrower|p2a: Hello and Goodbye\n|-resisted|p2a: Hello and Goodbye\n|-damage|p2a: Hello and Goodbye|76\/100\n|\n|upkeep\n|turn|13\n|\n|t:|1700265064\n|move|p1a: Charizard|Will-O-Wisp|p2a: Hello and Goodbye\n|-status|p2a: Hello and Goodbye|brn\n|move|p2a: Hello and Goodbye|Sunny Day|p2a: Hello and Goodbye\n|-weather|SunnyDay\n|\n|-weather|SunnyDay|[upkeep]\n|-damage|p2a: Hello and Goodbye|70\/100 brn|[from] brn\n|upkeep\n|turn|14\n|\n|t:|1700265077\n|move|p1a: Charizard|Flamethrower|p2a: Hello and Goodbye\n|-resisted|p2a: Hello and Goodbye\n|-damage|p2a: Hello and Goodbye|31\/100 brn\n|move|p2a: Hello and Goodbye|Wish|p2a: Hello and Goodbye\n|\n|-weather|SunnyDay|[upkeep]\n|-damage|p2a: Hello and Goodbye|25\/100 brn|[from] brn\n|upkeep\n|turn|15\n|\n|t:|1700265106\n|move|p1a: Charizard|Flamethrower|p2a: Hello and Goodbye\n|-resisted|p2a: Hello and Goodbye\n|-damage|p2a: Hello and Goodbye|0 fnt\n|faint|p2a: Hello and Goodbye\n|\n|-weather|SunnyDay|[upkeep]\n|upkeep\n|\n|t:|1700265123\n|switch|p2a: Lilligant|Lilligant-Hisui, F, shiny|91\/100\n|turn|16\n|\n|t:|1700265131\n|switch|p1a: Get in MY BELLY|Bellibolt, M|100\/100\n|-damage|p1a: Get in MY BELLY|88\/100|[from] Stealth Rock\n|move|p2a: Lilligant|Close Combat|p1a: Get in MY BELLY\n|-damage|p1a: Get in MY BELLY|40\/100\n|-unboost|p2a: Lilligant|def|1\n|-unboost|p2a: Lilligant|spd|1\n|-start|p1a: Get in MY BELLY|Charge|Close Combat|[from] ability: Electromorphosis\n|-damage|p2a: Lilligant|81\/100|[from] item: Life Orb\n|\n|-weather|SunnyDay|[upkeep]\n|-heal|p1a: Get in MY BELLY|46\/100|[from] item: Leftovers\n|upkeep\n|turn|17\n|\n|t:|1700265173\n|move|p2a: Lilligant|Close Combat|p1a: Get in MY BELLY\n|-damage|p1a: Get in MY BELLY|0 fnt\n|-unboost|p2a: Lilligant|def|1\n|-unboost|p2a: Lilligant|spd|1\n|faint|p1a: Get in MY BELLY\n|-damage|p2a: Lilligant|71\/100|[from] item: Life Orb\n|\n|-weather|none\n|upkeep\n|\n|t:|1700265182\n|switch|p1a: Charizard|Charizard, F, shiny, tera:Steel|100\/100\n|turn|18\n|\n|t:|1700265203\n|move|p2a: Lilligant|Close Combat|p1a: Charizard\n|-supereffective|p1a: Charizard\n|-damage|p1a: Charizard|0 fnt\n|-unboost|p2a: Lilligant|def|1\n|-unboost|p2a: Lilligant|spd|1\n|faint|p1a: Charizard\n|-damage|p2a: Lilligant|61\/100|[from] item: Life Orb\n|\n|upkeep\n|\n|t:|1700265210\n|switch|p1a: Hey There|Fraxure, F|100\/100\n|-damage|p1a: Hey There|88\/100|[from] Stealth Rock\n|-ability|p1a: Hey There|Mold Breaker\n|turn|19\n|\n|t:|1700265216\n|move|p2a: Lilligant|Ice Spinner|p1a: Hey There\n|-supereffective|p1a: Hey There\n|-damage|p1a: Hey There|10\/100\n|-damage|p2a: Lilligant|51\/100|[from] item: Life Orb\n|move|p1a: Hey There|Stomping Tantrum|p2a: Lilligant\n|-resisted|p2a: Lilligant\n|-damage|p2a: Lilligant|0 fnt\n|faint|p2a: Lilligant\n|\n|upkeep\n|\n|t:|1700265239\n|switch|p2a: Krampus|Grimmsnarl, M|100\/100\n|turn|20\n|\n|t:|1700265247\n|move|p1a: Hey There|Stomping Tantrum|p2a: Krampus\n|-damage|p2a: Krampus|71\/100\n|move|p2a: Krampus|Play Rough|p1a: Hey There\n|-supereffective|p1a: Hey There\n|-damage|p1a: Hey There|0 fnt\n|faint|p1a: Hey There\n|\n|upkeep\n|\n|t:|1700265253\n|switch|p1a: Thy True Name|Baxcalibur, F|100\/100\n|-damage|p1a: Thy True Name|76\/100|[from] Stealth Rock\n|turn|21\n|\n|t:|1700265266\n|move|p1a: Thy True Name|Icicle Spear|p2a: Krampus\n|-damage|p2a: Krampus|55\/100\n|-damage|p2a: Krampus|38\/100\n|-damage|p2a: Krampus|20\/100\n|-damage|p2a: Krampus|0 fnt\n|faint|p2a: Krampus\n|-hitcount|p2: Krampus|4\n|\n|upkeep\n|\n|t:|1700265273\n|switch|p2a: Sableye|Sableye, F|16\/100 brn\n|turn|22\n|\n|t:|1700265278\n|move|p1a: Thy True Name|Ice Shard|p2a: Sableye\n|-damage|p2a: Sableye|0 fnt\n|faint|p2a: Sableye\n|\n|upkeep\n|\n|t:|1700265282\n|switch|p2a: Oh Hi There|Zoroark-Hisui, M, shiny|89\/100 par\n|turn|23\n|\n|t:|1700265288\n|move|p1a: Thy True Name|Icicle Spear|p2a: Oh Hi There\n|-damage|p2a: Oh Hi There|59\/100 par\n|-damage|p2a: Oh Hi There|28\/100 par\n|-damage|p2a: Oh Hi There|1\/100 par\n|-damage|p2a: Oh Hi There|0 fnt\n|faint|p2a: Oh Hi There\n|-hitcount|p2: Oh Hi There|4\n|\n|win|BriefStar\n","uploadtime":1700265402,"views":8,"p1id":"briefstar","p2id":"lunchbox5536","formatid":"gen9nationaldexubers","rating":0,"private":0,"password":""}