{"id":"gen9nationaldexubers-1987904918","p1":"JustMonika_CARR","p2":"HeatInferno","format":"[Gen 9] National Dex Ubers","log":"|j|\u2606JustMonika_CARR\n|j|\u2606HeatInferno\n|t:|1699647748\n|gametype|singles\n|player|p1|JustMonika_CARR|rosa|1495\n|player|p2|HeatInferno|steven|1450\n|teamsize|p1|6\n|teamsize|p2|6\n|gen|9\n|tier|[Gen 9] National Dex Ubers\n|rated|\n|rule|HP Percentage Mod: HP is shown in percentages\n|rule|Endless Battle Clause: Forcing endless battles is banned\n|rule|OHKO Clause: OHKO moves are banned\n|rule|Evasion Moves Clause: Evasion moves are banned\n|rule|Evasion Items Clause: Evasion items are banned\n|rule|Species Clause: Limit one of each Pok\u00e9mon\n|rule|Sleep Clause Mod: Limit one foe put to sleep\n|rule|Mega Rayquaza Clause: You cannot mega evolve Rayquaza\n|clearpoke\n|poke|p1|Beedrill, F|\n|poke|p1|Pheromosa|\n|poke|p1|Gothitelle, F|\n|poke|p1|Deoxys-Speed|\n|poke|p1|Shuckle, M|\n|poke|p1|Durant, F|\n|poke|p2|Ferrothorn, M|\n|poke|p2|Ho-Oh|\n|poke|p2|Lopunny, M|\n|poke|p2|Groudon|\n|poke|p2|Arceus|\n|poke|p2|Chi-Yu|\n|teampreview\n|\n|t:|1699647761\n|start\n|switch|p1a: Deoxys|Deoxys-Speed, shiny|100\/100\n|switch|p2a: Lopunny|Lopunny, M|100\/100\n|-ability|p1a: Deoxys|Pressure\n|turn|1\n|inactive|Battle timer is ON: inactive players will automatically lose when time's up. (requested by HeatInferno)\n|\n|t:|1699647779\n|detailschange|p2a: Lopunny|Lopunny-Mega, M\n|-mega|p2a: Lopunny|Lopunny|Lopunnite\n|move|p2a: Lopunny|Fake Out|p1a: Deoxys\n|-damage|p1a: Deoxys|74\/100\n|cant|p1a: Deoxys|flinch\n|\n|upkeep\n|turn|2\n|\n|t:|1699647787\n|switch|p2a: Chi-Yu|Chi-Yu|100\/100\n|-ability|p2a: Chi-Yu|Beads of Ruin\n|move|p1a: Deoxys|Stealth Rock|p2a: Chi-Yu\n|-sidestart|p2: HeatInferno|move: Stealth Rock\n|\n|upkeep\n|turn|3\n|\n|t:|1699647796\n|move|p1a: Deoxys|Light Screen|p1a: Deoxys\n|-sidestart|p1: JustMonika_CARR|move: Light Screen\n|move|p2a: Chi-Yu|Dark Pulse|p1a: Deoxys\n|-supereffective|p1a: Deoxys\n|-damage|p1a: Deoxys|4\/100\n|\n|upkeep\n|turn|4\n|\n|t:|1699647804\n|move|p1a: Deoxys|Taunt|p2a: Chi-Yu\n|-start|p2a: Chi-Yu|move: Taunt\n|cant|p2a: Chi-Yu|move: Taunt|Nasty Plot\n|\n|upkeep\n|turn|5\n|\n|t:|1699647810\n|switch|p1a: Durant|Durant, F, shiny|100\/100\n|move|p2a: Chi-Yu|Dark Pulse|p1a: Durant\n|-damage|p1a: Durant|29\/100\n|\n|upkeep\n|turn|6\n|\n|t:|1699647818\n|move|p1a: Durant|Entrainment|p2a: Chi-Yu\n|-endability|p2a: Chi-Yu|Beads of Ruin|[from] move: Entrainment\n|-ability|p2a: Chi-Yu|Truant|[from] move: Entrainment\n|move|p2a: Chi-Yu|Dark Pulse|p1a: Durant\n|-damage|p1a: Durant|0 fnt\n|faint|p1a: Durant\n|\n|-end|p2a: Chi-Yu|move: Taunt\n|upkeep\n|\n|t:|1699647828\n|switch|p1a: Gothitelle|Gothitelle, F, shiny|100\/100\n|turn|7\n|\n|t:|1699647834\n|cant|p2a: Chi-Yu|ability: Truant\n|move|p1a: Gothitelle|Substitute|p1a: Gothitelle\n|-start|p1a: Gothitelle|Substitute\n|-damage|p1a: Gothitelle|75\/100\n|\n|upkeep\n|turn|8\n|\n|t:|1699647841\n|-zpower|p2a: Chi-Yu\n|move|p2a: Chi-Yu|Inferno Overdrive|p1a: Gothitelle|[zeffect]\n|-end|p1a: Gothitelle|Substitute\n|move|p1a: Gothitelle|Substitute|p1a: Gothitelle\n|-start|p1a: Gothitelle|Substitute\n|-damage|p1a: Gothitelle|50\/100\n|\n|upkeep\n|turn|9\n|\n|t:|1699647852\n|cant|p2a: Chi-Yu|ability: Truant\n|move|p1a: Gothitelle|Substitute|p1a: Gothitelle\n|-fail|p1a: Gothitelle|move: Substitute\n|\n|upkeep\n|turn|10\n|\n|t:|1699647859\n|move|p2a: Chi-Yu|Dark Pulse|p1a: Gothitelle\n|-supereffective|p1a: Gothitelle\n|-end|p1a: Gothitelle|Substitute\n|move|p1a: Gothitelle|Substitute|p1a: Gothitelle\n|-start|p1a: Gothitelle|Substitute\n|-damage|p1a: Gothitelle|25\/100\n|-enditem|p1a: Gothitelle|Starf Berry|[eat]\n|-boost|p1a: Gothitelle|spa|2|[from] item: Starf Berry\n|\n|-sideend|p1: JustMonika_CARR|move: Light Screen\n|upkeep\n|turn|11\n|\n|t:|1699647869\n|cant|p2a: Chi-Yu|ability: Truant\n|move|p1a: Gothitelle|Recycle|p1a: Gothitelle\n|-item|p1a: Gothitelle|Starf Berry|[from] move: Recycle\n|-enditem|p1a: Gothitelle|Starf Berry|[eat]\n|-boost|p1a: Gothitelle|spd|2|[from] item: Starf Berry\n|\n|upkeep\n|turn|12\n|\n|t:|1699647878\n|move|p1a: Gothitelle|Protect|p1a: Gothitelle\n|-singleturn|p1a: Gothitelle|Protect\n|move|p2a: Chi-Yu|Dark Pulse|p1a: Gothitelle\n|-activate|p1a: Gothitelle|move: Protect\n|\n|upkeep\n|turn|13\n|\n|t:|1699647882\n|cant|p2a: Chi-Yu|ability: Truant\n|move|p1a: Gothitelle|Recycle|p1a: Gothitelle\n|-item|p1a: Gothitelle|Starf Berry|[from] move: Recycle\n|-enditem|p1a: Gothitelle|Starf Berry|[eat]\n|-boost|p1a: Gothitelle|spa|2|[from] item: Starf Berry\n|\n|upkeep\n|turn|14\n|\n|t:|1699647887\n|move|p1a: Gothitelle|Protect|p1a: Gothitelle\n|-singleturn|p1a: Gothitelle|Protect\n|move|p2a: Chi-Yu|Dark Pulse|p1a: Gothitelle\n|-activate|p1a: Gothitelle|move: Protect\n|\n|upkeep\n|turn|15\n|\n|t:|1699647892\n|cant|p2a: Chi-Yu|ability: Truant\n|move|p1a: Gothitelle|Recycle|p1a: Gothitelle\n|-item|p1a: Gothitelle|Starf Berry|[from] move: Recycle\n|-enditem|p1a: Gothitelle|Starf Berry|[eat]\n|-boost|p1a: Gothitelle|spd|2|[from] item: Starf Berry\n|\n|upkeep\n|turn|16\n|\n|t:|1699647895\n|move|p1a: Gothitelle|Protect|p1a: Gothitelle\n|-singleturn|p1a: Gothitelle|Protect\n|move|p2a: Chi-Yu|Dark Pulse|p1a: Gothitelle\n|-activate|p1a: Gothitelle|move: Protect\n|\n|upkeep\n|turn|17\n|\n|t:|1699647899\n|cant|p2a: Chi-Yu|ability: Truant\n|move|p1a: Gothitelle|Recycle|p1a: Gothitelle\n|-item|p1a: Gothitelle|Starf Berry|[from] move: Recycle\n|-enditem|p1a: Gothitelle|Starf Berry|[eat]\n|-boost|p1a: Gothitelle|def|2|[from] item: Starf Berry\n|\n|upkeep\n|turn|18\n|\n|t:|1699647904\n|move|p1a: Gothitelle|Protect|p1a: Gothitelle\n|-singleturn|p1a: Gothitelle|Protect\n|move|p2a: Chi-Yu|Dark Pulse|p1a: Gothitelle\n|-activate|p1a: Gothitelle|move: Protect\n|\n|upkeep\n|turn|19\n|\n|t:|1699647907\n|cant|p2a: Chi-Yu|ability: Truant\n|move|p1a: Gothitelle|Recycle|p1a: Gothitelle\n|-item|p1a: Gothitelle|Starf Berry|[from] move: Recycle\n|-enditem|p1a: Gothitelle|Starf Berry|[eat]\n|-boost|p1a: Gothitelle|def|2|[from] item: Starf Berry\n|\n|upkeep\n|turn|20\n|\n|t:|1699647909\n|move|p1a: Gothitelle|Protect|p1a: Gothitelle\n|-singleturn|p1a: Gothitelle|Protect\n|move|p2a: Chi-Yu|Dark Pulse|p1a: Gothitelle\n|-activate|p1a: Gothitelle|move: Protect\n|\n|upkeep\n|turn|21\n|\n|t:|1699647915\n|cant|p2a: Chi-Yu|ability: Truant\n|move|p1a: Gothitelle|Recycle|p1a: Gothitelle\n|-item|p1a: Gothitelle|Starf Berry|[from] move: Recycle\n|-enditem|p1a: Gothitelle|Starf Berry|[eat]\n|-boost|p1a: Gothitelle|def|2|[from] item: Starf Berry\n|\n|upkeep\n|turn|22\n|\n|t:|1699647920\n|move|p1a: Gothitelle|Protect|p1a: Gothitelle\n|-singleturn|p1a: Gothitelle|Protect\n|move|p2a: Chi-Yu|Dark Pulse|p1a: Gothitelle\n|-activate|p1a: Gothitelle|move: Protect\n|\n|upkeep\n|turn|23\n|\n|t:|1699647923\n|cant|p2a: Chi-Yu|ability: Truant\n|move|p1a: Gothitelle|Recycle|p1a: Gothitelle\n|-item|p1a: Gothitelle|Starf Berry|[from] move: Recycle\n|-enditem|p1a: Gothitelle|Starf Berry|[eat]\n|-boost|p1a: Gothitelle|spe|2|[from] item: Starf Berry\n|\n|upkeep\n|turn|24\n|\n|t:|1699647931\n|move|p1a: Gothitelle|Protect|p1a: Gothitelle\n|-singleturn|p1a: Gothitelle|Protect\n|move|p2a: Chi-Yu|Dark Pulse|p1a: Gothitelle\n|-activate|p1a: Gothitelle|move: Protect\n|\n|upkeep\n|turn|25\n|\n|t:|1699647933\n|move|p1a: Gothitelle|Recycle|p1a: Gothitelle\n|-item|p1a: Gothitelle|Starf Berry|[from] move: Recycle\n|-enditem|p1a: Gothitelle|Starf Berry|[eat]\n|-boost|p1a: Gothitelle|spe|2|[from] item: Starf Berry\n|cant|p2a: Chi-Yu|ability: Truant\n|\n|upkeep\n|turn|26\n|\n|t:|1699647942\n|move|p1a: Gothitelle|Protect|p1a: Gothitelle\n|-singleturn|p1a: Gothitelle|Protect\n|move|p2a: Chi-Yu|Dark Pulse|p1a: Gothitelle\n|-activate|p1a: Gothitelle|move: Protect\n|\n|upkeep\n|turn|27\n|\n|t:|1699647949\n|move|p1a: Gothitelle|Recycle|p1a: Gothitelle\n|-item|p1a: Gothitelle|Starf Berry|[from] move: Recycle\n|-enditem|p1a: Gothitelle|Starf Berry|[eat]\n|-boost|p1a: Gothitelle|spa|2|[from] item: Starf Berry\n|cant|p2a: Chi-Yu|ability: Truant\n|\n|upkeep\n|turn|28\n|\n|t:|1699647954\n|move|p1a: Gothitelle|Protect|p1a: Gothitelle\n|-singleturn|p1a: Gothitelle|Protect\n|move|p2a: Chi-Yu|Dark Pulse|p1a: Gothitelle\n|-activate|p1a: Gothitelle|move: Protect\n|\n|upkeep\n|turn|29\n|\n|t:|1699647956\n|move|p1a: Gothitelle|Recycle|p1a: Gothitelle\n|-item|p1a: Gothitelle|Starf Berry|[from] move: Recycle\n|-enditem|p1a: Gothitelle|Starf Berry|[eat]\n|-boost|p1a: Gothitelle|atk|2|[from] item: Starf Berry\n|cant|p2a: Chi-Yu|ability: Truant\n|\n|upkeep\n|turn|30\n|\n|t:|1699647958\n|move|p1a: Gothitelle|Protect|p1a: Gothitelle\n|-singleturn|p1a: Gothitelle|Protect\n|move|p2a: Chi-Yu|Dark Pulse|p1a: Gothitelle\n|-activate|p1a: Gothitelle|move: Protect\n|\n|upkeep\n|turn|31\n|\n|t:|1699647961\n|move|p1a: Gothitelle|Recycle|p1a: Gothitelle\n|-item|p1a: Gothitelle|Starf Berry|[from] move: Recycle\n|-enditem|p1a: Gothitelle|Starf Berry|[eat]\n|-boost|p1a: Gothitelle|spe|2|[from] item: Starf Berry\n|cant|p2a: Chi-Yu|ability: Truant\n|\n|upkeep\n|turn|32\n|\n|t:|1699647965\n|move|p1a: Gothitelle|Protect|p1a: Gothitelle\n|-singleturn|p1a: Gothitelle|Protect\n|move|p2a: Chi-Yu|Dark Pulse|p1a: Gothitelle\n|-activate|p1a: Gothitelle|move: Protect\n|\n|upkeep\n|turn|33\n|\n|t:|1699647967\n|move|p1a: Gothitelle|Recycle|p1a: Gothitelle\n|-item|p1a: Gothitelle|Starf Berry|[from] move: Recycle\n|-enditem|p1a: Gothitelle|Starf Berry|[eat]\n|-boost|p1a: Gothitelle|atk|2|[from] item: Starf Berry\n|cant|p2a: Chi-Yu|ability: Truant\n|\n|upkeep\n|turn|34\n|\n|t:|1699647972\n|move|p1a: Gothitelle|Protect|p1a: Gothitelle\n|-singleturn|p1a: Gothitelle|Protect\n|move|p2a: Chi-Yu|Dark Pulse|p1a: Gothitelle\n|-activate|p1a: Gothitelle|move: Protect\n|\n|upkeep\n|turn|35\n|\n|t:|1699647974\n|move|p1a: Gothitelle|Recycle|p1a: Gothitelle\n|-item|p1a: Gothitelle|Starf Berry|[from] move: Recycle\n|-enditem|p1a: Gothitelle|Starf Berry|[eat]\n|-boost|p1a: Gothitelle|spd|2|[from] item: Starf Berry\n|cant|p2a: Chi-Yu|ability: Truant\n|\n|upkeep\n|turn|36\n|\n|t:|1699647980\n|move|p1a: Gothitelle|Protect|p1a: Gothitelle\n|-singleturn|p1a: Gothitelle|Protect\n|move|p2a: Chi-Yu|Dark Pulse|p1a: Gothitelle\n|-activate|p1a: Gothitelle|move: Protect\n|\n|upkeep\n|turn|37\n|\n|t:|1699647988\n|move|p1a: Gothitelle|Dark Pulse|p2a: Chi-Yu\n|-resisted|p2a: Chi-Yu\n|-damage|p2a: Chi-Yu|47\/100\n|cant|p2a: Chi-Yu|ability: Truant\n|\n|upkeep\n|turn|38\n|\n|t:|1699647996\n|move|p1a: Gothitelle|Dark Pulse|p2a: Chi-Yu\n|-resisted|p2a: Chi-Yu\n|-damage|p2a: Chi-Yu|0 fnt\n|faint|p2a: Chi-Yu\n|\n|upkeep\n|\n|t:|1699648000\n|switch|p2a: Lopunny|Lopunny-Mega, M|100\/100\n|-damage|p2a: Lopunny|95\/100|[from] Stealth Rock\n|turn|39\n|\n|t:|1699648005\n|move|p1a: Gothitelle|Protect|p1a: Gothitelle\n|-singleturn|p1a: Gothitelle|Protect\n|move|p2a: Lopunny|Fake Out|p1a: Gothitelle\n|-activate|p1a: Gothitelle|move: Protect\n|\n|upkeep\n|turn|40\n|\n|t:|1699648014\n|move|p1a: Gothitelle|Dark Pulse|p2a: Lopunny\n|-resisted|p2a: Lopunny\n|-damage|p2a: Lopunny|42\/100\n|move|p2a: Lopunny|Frustration|p1a: Gothitelle\n|-crit|p1a: Gothitelle\n|-end|p1a: Gothitelle|Substitute\n|\n|upkeep\n|turn|41\n|\n|t:|1699648023\n|move|p1a: Gothitelle|Dark Pulse|p2a: Lopunny\n|-resisted|p2a: Lopunny\n|-damage|p2a: Lopunny|0 fnt\n|faint|p2a: Lopunny\n|\n|upkeep\n|\n|t:|1699648027\n|switch|p2a: Arceus|Arceus|100\/100\n|-damage|p2a: Arceus|88\/100|[from] Stealth Rock\n|turn|42\n|\n|t:|1699648034\n|-terastallize|p1a: Gothitelle|Dark\n|-terastallize|p2a: Arceus|Normal\n|move|p2a: Arceus|Extreme Speed|p1a: Gothitelle\n|-damage|p1a: Gothitelle|13\/100\n|move|p1a: Gothitelle|Dark Pulse|p2a: Arceus\n|-damage|p2a: Arceus|0 fnt\n|faint|p2a: Arceus\n|\n|upkeep\n|\n|t:|1699648045\n|switch|p2a: Ferrothorn|Ferrothorn, M|100\/100\n|-damage|p2a: Ferrothorn|95\/100|[from] Stealth Rock\n|turn|43\n|\n|t:|1699648049\n|move|p1a: Gothitelle|Dark Pulse|p2a: Ferrothorn\n|-damage|p2a: Ferrothorn|0 fnt\n|faint|p2a: Ferrothorn\n|\n|upkeep\n|\n|t:|1699648053\n|switch|p2a: Groudon|Groudon|100\/100\n|-damage|p2a: Groudon|94\/100|[from] Stealth Rock\n|detailschange|p2a: Groudon|Groudon-Primal\n|-primal|p2a: Groudon|Red Orb\n|-weather|DesolateLand|[from] ability: Desolate Land|[of] p2a: Groudon\n|turn|44\n|\n|t:|1699648060\n|move|p1a: Gothitelle|Dark Pulse|p2a: Groudon\n|-damage|p2a: Groudon|0 fnt\n|faint|p2a: Groudon\n|-weather|none\n|\n|upkeep\n|-message|HeatInferno forfeited.\n|\n|win|JustMonika_CARR\n|raw|JustMonika_CARR's rating: 1495 &rarr; <strong>1512<\/strong><br \/>(+17 for winning)\n|raw|HeatInferno's rating: 1450 &rarr; <strong>1433<\/strong><br \/>(-17 for losing)\n|l|\u2606HeatInferno\n","uploadtime":1699648077,"views":4,"p1id":"justmonikacarr","p2id":"heatinferno","formatid":"gen9nationaldexubers","rating":1433,"private":0,"password":""}