{"id":"gen9nationaldexubers-1983556087","p1":"yujing96","p2":"MommyMikuNakano","format":"[Gen 9] National Dex Ubers","log":"|j|\u2606yujing96\n|j|\u2606MommyMikuNakano\n|t:|1699143000\n|gametype|singles\n|player|p1|yujing96|102|1550\n|player|p2|MommyMikuNakano|erika-gen1|1838\n|teamsize|p1|6\n|teamsize|p2|6\n|gen|9\n|tier|[Gen 9] National Dex Ubers\n|rated|\n|rule|HP Percentage Mod: HP is shown in percentages\n|rule|Endless Battle Clause: Forcing endless battles is banned\n|rule|OHKO Clause: OHKO moves are banned\n|rule|Evasion Moves Clause: Evasion moves are banned\n|rule|Evasion Items Clause: Evasion items are banned\n|rule|Species Clause: Limit one of each Pok\u00e9mon\n|rule|Sleep Clause Mod: Limit one foe put to sleep\n|rule|Mega Rayquaza Clause: You cannot mega evolve Rayquaza\n|clearpoke\n|poke|p1|Blastoise, F|\n|poke|p1|Landorus-Therian, M|\n|poke|p1|Ho-Oh|\n|poke|p1|Lunala|\n|poke|p1|Zygarde|\n|poke|p1|Arceus|\n|poke|p2|Ditto|\n|poke|p2|Mewtwo|\n|poke|p2|Arceus-Ground|\n|poke|p2|Magearna|\n|poke|p2|Yveltal|\n|poke|p2|Necrozma-Dusk-Mane|\n|teampreview\n|inactive|Battle timer is ON: inactive players will automatically lose when time's up. (requested by MommyMikuNakano)\n|inactive|MommyMikuNakano has 120 seconds left.\n|\n|t:|1699143040\n|start\n|switch|p1a: Blastoise|Blastoise, F|100\/100\n|switch|p2a: Necrozma|Necrozma-Dusk-Mane|100\/100\n|turn|1\n|\n|t:|1699143052\n|detailschange|p1a: Blastoise|Blastoise-Mega, F\n|-mega|p1a: Blastoise|Blastoise|Blastoisinite\n|move|p2a: Necrozma|Stealth Rock|p1a: Blastoise\n|-sidestart|p1: yujing96|move: Stealth Rock\n|move|p1a: Blastoise|Dark Pulse|p2a: Necrozma\n|-supereffective|p2a: Necrozma\n|-crit|p2a: Necrozma\n|-damage|p2a: Necrozma|0 fnt\n|faint|p2a: Necrozma\n|\n|upkeep\n|\n|t:|1699143063\n|switch|p2a: Magearna|Magearna|100\/100\n|turn|2\n|\n|t:|1699143073\n|switch|p2a: Arceus|Arceus-Ground|100\/100\n|move|p1a: Blastoise|Water Pulse|p2a: Arceus\n|-supereffective|p2a: Arceus\n|-damage|p2a: Arceus|34\/100\n|-start|p2a: Arceus|confusion\n|\n|upkeep\n|turn|3\n|\n|t:|1699143083\n|-activate|p2a: Arceus|confusion\n|-damage|p2a: Arceus|28\/100|[from] confusion\n|move|p1a: Blastoise|Water Pulse|p2a: Arceus\n|-supereffective|p2a: Arceus\n|-damage|p2a: Arceus|0 fnt\n|faint|p2a: Arceus\n|\n|upkeep\n|\n|t:|1699143094\n|switch|p2a: Magearna|Magearna|100\/100\n|turn|4\n|\n|t:|1699143098\n|move|p1a: Blastoise|Water Pulse|p2a: Magearna\n|-damage|p2a: Magearna|66\/100\n|move|p2a: Magearna|Fleur Cannon|p1a: Blastoise\n|-crit|p1a: Blastoise\n|-damage|p1a: Blastoise|21\/100\n|-unboost|p2a: Magearna|spa|2\n|\n|upkeep\n|turn|5\n|\n|t:|1699143106\n|move|p1a: Blastoise|Water Pulse|p2a: Magearna\n|-damage|p2a: Magearna|36\/100\n|move|p2a: Magearna|Fleur Cannon|p1a: Blastoise\n|-damage|p1a: Blastoise|0 fnt\n|-unboost|p2a: Magearna|spa|2\n|faint|p1a: Blastoise\n|-ability|p2a: Magearna|Soul-Heart|boost\n|-boost|p2a: Magearna|spa|1\n|\n|upkeep\n|\n|t:|1699143118\n|switch|p1a: Zygarde|Zygarde|100\/100\n|-damage|p1a: Zygarde|94\/100|[from] Stealth Rock\n|turn|6\n|\n|t:|1699143124\n|-terastallize|p1a: Zygarde|Normal\n|move|p1a: Zygarde|Coil|p1a: Zygarde\n|-boost|p1a: Zygarde|atk|1\n|-boost|p1a: Zygarde|def|1\n|-boost|p1a: Zygarde|accuracy|1\n|move|p2a: Magearna|Pain Split|p1a: Zygarde\n|-sethp|p1a: Zygarde|64\/100|[from] move: Pain Split|[silent]\n|-sethp|p2a: Magearna|69\/100|[from] move: Pain Split\n|\n|-heal|p1a: Zygarde|70\/100|[from] item: Leftovers\n|upkeep\n|turn|7\n|\n|t:|1699143137\n|move|p1a: Zygarde|Substitute|p1a: Zygarde\n|-start|p1a: Zygarde|Substitute\n|-damage|p1a: Zygarde|45\/100\n|move|p2a: Magearna|Heart Swap|p1a: Zygarde\n|-swapboost|p2a: Magearna|p1a: Zygarde|[from] move: Heart Swap\n|\n|-heal|p1a: Zygarde|51\/100|[from] item: Leftovers\n|upkeep\n|turn|8\n|\n|t:|1699143150\n|switch|p2a: Mewtwo|Mewtwo|100\/100\n|-ability|p2a: Mewtwo|Pressure\n|move|p1a: Zygarde|Thousand Arrows|p2a: Mewtwo\n|-damage|p2a: Mewtwo|63\/100\n|\n|-heal|p1a: Zygarde|57\/100|[from] item: Leftovers\n|upkeep\n|turn|9\n|\n|t:|1699143164\n|move|p2a: Mewtwo|Taunt|p1a: Zygarde\n|-start|p1a: Zygarde|move: Taunt\n|move|p1a: Zygarde|Thousand Arrows|p2a: Mewtwo\n|-damage|p2a: Mewtwo|24\/100\n|\n|-heal|p1a: Zygarde|64\/100|[from] item: Leftovers\n|upkeep\n|turn|10\n|\n|t:|1699143174\n|move|p1a: Zygarde|Extreme Speed|p2a: Mewtwo\n|-damage|p2a: Mewtwo|0 fnt\n|-damage|p1a: Zygarde|47\/100|[from] item: Rocky Helmet|[of] p2a: Mewtwo\n|faint|p2a: Mewtwo\n|\n|-heal|p1a: Zygarde|53\/100|[from] item: Leftovers\n|upkeep\n|\n|t:|1699143179\n|switch|p2a: Yveltal|Yveltal, shiny|100\/100\n|-ability|p2a: Yveltal|Dark Aura\n|turn|11\n|\n|t:|1699143187\n|move|p1a: Zygarde|Thousand Arrows|p2a: Yveltal\n|-damage|p2a: Yveltal|78\/100\n|-start|p2a: Yveltal|Smack Down\n|move|p2a: Yveltal|Foul Play|p1a: Zygarde\n|-end|p1a: Zygarde|Substitute\n|\n|-heal|p1a: Zygarde|59\/100|[from] item: Leftovers\n|-end|p1a: Zygarde|move: Taunt\n|upkeep\n|turn|12\n|\n|t:|1699143198\n|move|p1a: Zygarde|Coil|p1a: Zygarde\n|-boost|p1a: Zygarde|atk|1\n|-boost|p1a: Zygarde|def|1\n|-boost|p1a: Zygarde|accuracy|1\n|move|p2a: Yveltal|Taunt|p1a: Zygarde\n|-start|p1a: Zygarde|move: Taunt\n|\n|-heal|p1a: Zygarde|65\/100|[from] item: Leftovers\n|upkeep\n|turn|13\n|\n|t:|1699143208\n|move|p1a: Zygarde|Thousand Arrows|p2a: Yveltal\n|-damage|p2a: Yveltal|42\/100\n|move|p2a: Yveltal|Toxic|p1a: Zygarde\n|-status|p1a: Zygarde|tox\n|\n|-heal|p1a: Zygarde|71\/100 tox|[from] item: Leftovers\n|-damage|p1a: Zygarde|65\/100 tox|[from] psn\n|upkeep\n|turn|14\n|\n|t:|1699143219\n|move|p1a: Zygarde|Thousand Arrows|p2a: Yveltal\n|-damage|p2a: Yveltal|6\/100\n|move|p2a: Yveltal|Roost|p2a: Yveltal\n|-heal|p2a: Yveltal|56\/100\n|-singleturn|p2a: Yveltal|move: Roost\n|\n|-heal|p1a: Zygarde|71\/100 tox|[from] item: Leftovers\n|-damage|p1a: Zygarde|59\/100 tox|[from] psn\n|upkeep\n|turn|15\n|\n|t:|1699143235\n|switch|p1a: Ho-Oh|Ho-Oh|100\/100\n|move|p2a: Yveltal|Roost|p2a: Yveltal\n|-heal|p2a: Yveltal|100\/100\n|-singleturn|p2a: Yveltal|move: Roost\n|\n|upkeep\n|turn|16\n|\n|t:|1699143244\n|move|p1a: Ho-Oh|Sacred Fire|p2a: Yveltal\n|-damage|p2a: Yveltal|75\/100\n|move|p2a: Yveltal|Taunt|p1a: Ho-Oh\n|-start|p1a: Ho-Oh|move: Taunt\n|\n|upkeep\n|turn|17\n|\n|t:|1699143258\n|switch|p1a: Landorus|Landorus-Therian, M|100\/100\n|-damage|p1a: Landorus|88\/100|[from] Stealth Rock\n|-ability|p1a: Landorus|Intimidate|boost\n|-unboost|p2a: Yveltal|atk|1\n|move|p2a: Yveltal|Toxic|p1a: Landorus\n|-status|p1a: Landorus|tox\n|\n|-damage|p1a: Landorus|82\/100 tox|[from] psn\n|upkeep\n|turn|18\n|\n|t:|1699143269\n|switch|p2a: Ditto|Ditto, shiny|100\/100\n|-transform|p2a: Ditto|p1a: Landorus|[from] ability: Imposter\n|-ability|p2a: Ditto|Intimidate|boost\n|-unboost|p1a: Landorus|atk|1\n|move|p1a: Landorus|Stone Edge|p2a: Ditto\n|-damage|p2a: Ditto|70\/100\n|\n|-damage|p1a: Landorus|69\/100 tox|[from] psn\n|upkeep\n|turn|19\n|\n|t:|1699143281\n|move|p2a: Ditto|U-turn|p1a: Landorus\n|-resisted|p1a: Landorus\n|-damage|p1a: Landorus|56\/100 tox\n|-damage|p2a: Ditto|54\/100|[from] item: Rocky Helmet|[of] p1a: Landorus\n|\n|t:|1699143287\n|switch|p2a: Yveltal|Yveltal, shiny|75\/100|[from] U-turn\n|-ability|p2a: Yveltal|Dark Aura\n|move|p1a: Landorus|Stealth Rock|p2a: Yveltal\n|-sidestart|p2: MommyMikuNakano|move: Stealth Rock\n|\n|-damage|p1a: Landorus|37\/100 tox|[from] psn\n|upkeep\n|turn|20\n|\n|t:|1699143297\n|switch|p1a: Ho-Oh|Ho-Oh|100\/100\n|move|p2a: Yveltal|Roost|p2a: Yveltal\n|-heal|p2a: Yveltal|100\/100\n|-singleturn|p2a: Yveltal|move: Roost\n|\n|upkeep\n|turn|21\n|\n|t:|1699143305\n|move|p1a: Ho-Oh|Toxic|p2a: Yveltal\n|-status|p2a: Yveltal|tox\n|move|p2a: Yveltal|Toxic|p1a: Ho-Oh\n|-status|p1a: Ho-Oh|tox\n|\n|-damage|p1a: Ho-Oh|94\/100 tox|[from] psn\n|-damage|p2a: Yveltal|94\/100 tox|[from] psn\n|upkeep\n|turn|22\n|\n|t:|1699143315\n|switch|p2a: Ditto|Ditto, shiny|54\/100\n|-damage|p2a: Ditto|41\/100|[from] Stealth Rock\n|-transform|p2a: Ditto|p1a: Ho-Oh|[from] ability: Imposter\n|move|p1a: Ho-Oh|Sacred Fire|p2a: Ditto\n|-resisted|p2a: Ditto\n|-damage|p2a: Ditto|17\/100\n|\n|-damage|p1a: Ho-Oh|82\/100 tox|[from] psn\n|upkeep\n|turn|23\n|\n|t:|1699143327\n|move|p2a: Ditto|Brave Bird|p1a: Ho-Oh\n|-damage|p1a: Ho-Oh|41\/100 tox\n|-damage|p2a: Ditto|0 fnt|[from] Recoil\n|faint|p2a: Ditto\n|move|p1a: Ho-Oh|Sacred Fire|p2: Ditto|[notarget]\n|-fail|p1a: Ho-Oh\n|\n|-damage|p1a: Ho-Oh|23\/100 tox|[from] psn\n|upkeep\n|\n|t:|1699143333\n|switch|p2a: Yveltal|Yveltal, shiny|94\/100 tox\n|-ability|p2a: Yveltal|Dark Aura\n|turn|24\n|\n|t:|1699143341\n|switch|p1a: Landorus|Landorus-Therian, M|37\/100 tox\n|-damage|p1a: Landorus|25\/100 tox|[from] Stealth Rock\n|-ability|p1a: Landorus|Intimidate|boost\n|-unboost|p2a: Yveltal|atk|1\n|switch|p2a: Magearna|Magearna|69\/100\n|-damage|p2a: Magearna|63\/100|[from] Stealth Rock\n|\n|-damage|p1a: Landorus|18\/100 tox|[from] psn\n|upkeep\n|turn|25\n|\n|t:|1699143353\n|move|p1a: Landorus|Earthquake|p2a: Magearna\n|-supereffective|p2a: Magearna\n|-damage|p2a: Magearna|0 fnt\n|faint|p2a: Magearna\n|\n|-damage|p1a: Landorus|6\/100 tox|[from] psn\n|upkeep\n|\n|t:|1699143356\n|switch|p2a: Yveltal|Yveltal, shiny|94\/100 tox\n|-ability|p2a: Yveltal|Dark Aura\n|turn|26\n|\n|t:|1699143364\n|move|p1a: Landorus|Stone Edge|p2a: Yveltal\n|-supereffective|p2a: Yveltal\n|-crit|p2a: Yveltal\n|-damage|p2a: Yveltal|33\/100 tox\n|move|p2a: Yveltal|Foul Play|p1a: Landorus\n|-damage|p1a: Landorus|0 fnt\n|-damage|p2a: Yveltal|16\/100 tox|[from] item: Rocky Helmet|[of] p1a: Landorus\n|faint|p1a: Landorus\n|\n|-damage|p2a: Yveltal|10\/100 tox|[from] psn\n|upkeep\n|-message|MommyMikuNakano forfeited.\n|\n|win|yujing96\n|raw|yujing96's rating: 1550 &rarr; <strong>1584<\/strong><br \/>(+34 for winning)\n|raw|MommyMikuNakano's rating: 1838 &rarr; <strong>1804<\/strong><br \/>(-34 for losing)\n|l|\u2606MommyMikuNakano\n|l|\u2606yujing96\n","uploadtime":1699143444,"views":10,"p1id":"yujing96","p2id":"mommymikunakano","formatid":"gen9nationaldexubers","rating":1584,"private":0,"password":""}