{"id":"gen9nationaldexubers-1997929024","p1":"Potent Parm (Test)","p2":"Argusbonusest","format":"[Gen 9] National Dex Ubers","log":"|j|\u2606Potent Parm (Test)\n|j|\u2606Argusbonusest\n|t:|1700868601\n|gametype|singles\n|player|p1|Potent Parm (Test)|marnie-masters3|\n|player|p2|Argusbonusest|steven|\n|teamsize|p1|6\n|teamsize|p2|6\n|gen|9\n|tier|[Gen 9] National Dex Ubers\n|rated|Tournament battle\n|rule|HP Percentage Mod: HP is shown in percentages\n|rule|Endless Battle Clause: Forcing endless battles is banned\n|rule|OHKO Clause: OHKO moves are banned\n|rule|Evasion Moves Clause: Evasion moves are banned\n|rule|Evasion Items Clause: Evasion items are banned\n|rule|Species Clause: Limit one of each Pok\u00e9mon\n|rule|Sleep Clause Mod: Limit one foe put to sleep\n|rule|Mega Rayquaza Clause: You cannot mega evolve Rayquaza\n|clearpoke\n|poke|p1|Lugia|\n|poke|p1|Blissey, F|\n|poke|p1|Sableye, F|\n|poke|p1|Giratina|\n|poke|p1|Dondozo, F|\n|poke|p1|Toxapex, M|\n|poke|p2|Shuckle, M|\n|poke|p2|Gholdengo|\n|poke|p2|Palafin, F|\n|poke|p2|Metagross|\n|poke|p2|Landorus-Therian, M|\n|poke|p2|Darkrai|\n|teampreview\n|inactive|Battle timer is ON: inactive players will automatically lose when time's up. (requested by Argusbonusest)\n|j| Rafadude\n|j|+Runo\n|c|\u2606Argusbonusest|glhf\n|c|\u2606Argusbonusest|Oh stall was smart\n|inactive|Potent Parm (Test) has 120 seconds left.\n|inactive|Argusbonusest has 120 seconds left.\n|c|\u2606Argusbonusest|I was just frantically trying to throw together a team\n|\n|t:|1700868656\n|start\n|switch|p1a: Sableye|Sableye, F|100\/100\n|switch|p2a: Palafin|Palafin, F|100\/100\n|turn|1\n|\n|t:|1700868667\n|detailschange|p1a: Sableye|Sableye-Mega, F\n|-mega|p1a: Sableye|Sableye|Sablenite\n|move|p1a: Sableye|Protect|p1a: Sableye\n|-singleturn|p1a: Sableye|Protect\n|move|p2a: Palafin|Flip Turn|p1a: Sableye\n|-activate|p1a: Sableye|move: Protect\n|\n|upkeep\n|turn|2\n|inactive|Potent Parm (Test) has 120 seconds left.\n|\n|t:|1700868709\n|move|p2a: Palafin|Flip Turn|p1a: Sableye\n|-damage|p1a: Sableye|67\/100\n|j| Xurkiyee\n|\n|t:|1700868727\n|detailschange|p2a: Palafin|Palafin-Hero, F\n|switch|p2a: Darkrai|Darkrai|100\/100|[from] Flip Turn\n|move|p1a: Sableye|Foul Play|p2a: Darkrai\n|-resisted|p2a: Darkrai\n|-damage|p2a: Darkrai|86\/100\n|\n|upkeep\n|turn|3\n|inactive|Potent Parm (Test) has 120 seconds left.\n|\n|t:|1700868742\n|switch|p1a: Blissey|Blissey, F|100\/100\n|move|p2a: Darkrai|Dark Pulse|p1a: Blissey\n|-damage|p1a: Blissey|85\/100\n|\n|upkeep\n|turn|4\n|inactive|Argusbonusest has 120 seconds left.\n|\n|t:|1700868763\n|switch|p2a: Palafin|Palafin-Hero, F|100\/100\n|-activate|p2a: Palafin|ability: Zero to Hero\n|move|p1a: Blissey|Stealth Rock|p2a: Palafin\n|-sidestart|p2: Argusbonusest|move: Stealth Rock\n|\n|upkeep\n|turn|5\n|\n|t:|1700868769\n|switch|p1a: Giratina|Giratina|100\/100\n|-ability|p1a: Giratina|Pressure\n|move|p2a: Palafin|Flip Turn|p1a: Giratina\n|-resisted|p1a: Giratina\n|-damage|p1a: Giratina|88\/100\n|inactive|Argusbonusest has 120 seconds left.\n|\n|t:|1700868782\n|switch|p2a: Darkrai|Darkrai|86\/100|[from] Flip Turn\n|-damage|p2a: Darkrai|73\/100|[from] Stealth Rock\n|\n|-heal|p1a: Giratina|94\/100|[from] item: Leftovers\n|upkeep\n|turn|6\n|\n|t:|1700868786\n|switch|p1a: Blissey|Blissey, F|85\/100\n|move|p2a: Darkrai|Hypnosis|p1a: Blissey|[miss]\n|-miss|p2a: Darkrai|p1a: Blissey\n|\n|upkeep\n|turn|7\n|\n|t:|1700868792\n|switch|p2a: Shuckle|Shuckle, M, shiny|100\/100\n|-damage|p2a: Shuckle|75\/100|[from] Stealth Rock\n|switch|p1a: Sableye|Sableye-Mega, F|67\/100\n|\n|upkeep\n|turn|8\n|\n|t:|1700868796\n|move|p1a: Sableye|Recover|p1a: Sableye\n|-heal|p1a: Sableye|100\/100\n|move|p2a: Shuckle|Knock Off|p1a: Sableye\n|-damage|p1a: Sableye|97\/100\n|\n|upkeep\n|turn|9\n|\n|t:|1700868804\n|switch|p2a: Landorus|Landorus-Therian, M|100\/100\n|-damage|p2a: Landorus|88\/100|[from] Stealth Rock\n|-ability|p2a: Landorus|Intimidate|boost\n|-unboost|p1a: Sableye|atk|1\n|move|p1a: Sableye|Will-O-Wisp|p2a: Landorus\n|-status|p2a: Landorus|brn\n|\n|-damage|p2a: Landorus|82\/100 brn|[from] brn\n|upkeep\n|turn|10\n|\n|t:|1700868810\n|move|p1a: Sableye|Protect|p1a: Sableye\n|-singleturn|p1a: Sableye|Protect\n|move|p2a: Landorus|Earthquake|p1a: Sableye\n|-activate|p1a: Sableye|move: Protect\n|\n|-damage|p2a: Landorus|76\/100 brn|[from] brn\n|upkeep\n|turn|11\n|\n|t:|1700868817\n|switch|p2a: Gholdengo|Gholdengo|100\/100\n|-damage|p2a: Gholdengo|94\/100|[from] Stealth Rock\n|-item|p2a: Gholdengo|Air Balloon\n|move|p1a: Sableye|Foul Play|p2a: Gholdengo\n|-supereffective|p2a: Gholdengo\n|-damage|p2a: Gholdengo|60\/100\n|-enditem|p2a: Gholdengo|Air Balloon\n|\n|upkeep\n|turn|12\n|\n|t:|1700868829\n|switch|p1a: Lugia|Lugia|100\/100\n|move|p2a: Gholdengo|Nasty Plot|p2a: Gholdengo\n|-boost|p2a: Gholdengo|spa|2\n|\n|upkeep\n|turn|13\n|\n|t:|1700868849\n|-terastallize|p1a: Lugia|Steel\n|move|p1a: Lugia|Calm Mind|p1a: Lugia\n|-boost|p1a: Lugia|spa|1\n|-boost|p1a: Lugia|spd|1\n|move|p2a: Gholdengo|Shadow Ball|p1a: Lugia\n|-damage|p1a: Lugia|84\/100\n|\n|upkeep\n|turn|14\n|inactive|Argusbonusest has 120 seconds left.\n|\n|t:|1700868894\n|switch|p2a: Palafin|Palafin-Hero, F|100\/100\n|-damage|p2a: Palafin|88\/100|[from] Stealth Rock\n|move|p1a: Lugia|Shadow Ball|p2a: Palafin\n|-damage|p2a: Palafin|61\/100\n|\n|upkeep\n|turn|15\n|inactive|Potent Parm (Test) has 120 seconds left.\n|l| Rafadude\n|\n|t:|1700868943\n|switch|p1a: Giratina|Giratina|94\/100\n|-ability|p1a: Giratina|Pressure\n|switch|p2a: Gholdengo|Gholdengo|60\/100\n|-damage|p2a: Gholdengo|54\/100|[from] Stealth Rock\n|\n|-heal|p1a: Giratina|99\/100|[from] item: Leftovers\n|upkeep\n|turn|16\n|\n|t:|1700868953\n|switch|p1a: Lugia|Lugia, tera:Steel|84\/100\n|move|p2a: Gholdengo|Shadow Ball|p1a: Lugia\n|-damage|p1a: Lugia|61\/100\n|-unboost|p1a: Lugia|spd|1\n|\n|upkeep\n|turn|17\n|j| imarithadon\n|\n|t:|1700868964\n|switch|p1a: Blissey|Blissey, F|85\/100\n|move|p2a: Gholdengo|Nasty Plot|p2a: Gholdengo\n|-boost|p2a: Gholdengo|spa|2\n|\n|upkeep\n|turn|18\n|inactive|Potent Parm (Test) has 120 seconds left.\n|\n|t:|1700868975\n|switch|p1a: Toxapex|Toxapex, M|100\/100\n|move|p2a: Gholdengo|Psyshock|p1a: Toxapex\n|-supereffective|p1a: Toxapex\n|-damage|p1a: Toxapex|37\/100\n|\n|upkeep\n|turn|19\n|inactive|Potent Parm (Test) has 120 seconds left.\n|\n|t:|1700868981\n|switch|p1a: Sableye|Sableye-Mega, F|97\/100\n|move|p2a: Gholdengo|Shadow Ball|p1a: Sableye\n|-damage|p1a: Sableye|33\/100\n|\n|upkeep\n|turn|20\n|inactive|Argusbonusest has 120 seconds left.\n|\n|t:|1700868988\n|switch|p1a: Blissey|Blissey, F|85\/100\n|move|p2a: Gholdengo|Shadow Ball|p1a: Blissey\n|-immune|p1a: Blissey\n|\n|upkeep\n|turn|21\n|inactive|Potent Parm (Test) has 120 seconds left.\n|inactive|Argusbonusest has 120 seconds left.\n|\n|t:|1700869016\n|switch|p1a: Toxapex|Toxapex, M|70\/100\n|move|p2a: Gholdengo|Nasty Plot|p2a: Gholdengo\n|-boost|p2a: Gholdengo|spa|2\n|\n|upkeep\n|turn|22\n|\n|t:|1700869021\n|move|p2a: Gholdengo|Shadow Ball|p1a: Toxapex\n|-damage|p1a: Toxapex|0 fnt\n|faint|p1a: Toxapex\n|\n|upkeep\n|\n|t:|1700869030\n|switch|p1a: Lugia|Lugia, tera:Steel|61\/100\n|turn|23\n|\n|t:|1700869033\n|move|p1a: Lugia|Shadow Ball|p2a: Gholdengo\n|-supereffective|p2a: Gholdengo\n|-damage|p2a: Gholdengo|17\/100\n|move|p2a: Gholdengo|Shadow Ball|p1a: Lugia\n|-damage|p1a: Lugia|0 fnt\n|faint|p1a: Lugia\n|\n|upkeep\n|\n|t:|1700869037\n|switch|p1a: Dondozo|Dondozo, F|100\/100\n|turn|24\n|\n|t:|1700869045\n|move|p2a: Gholdengo|Shadow Ball|p1a: Dondozo\n|-damage|p1a: Dondozo|62\/100\n|move|p1a: Dondozo|Liquidation|p2a: Gholdengo\n|-damage|p2a: Gholdengo|0 fnt\n|faint|p2a: Gholdengo\n|\n|upkeep\n|\n|t:|1700869063\n|switch|p2a: Darkrai|Darkrai|73\/100\n|-damage|p2a: Darkrai|61\/100|[from] Stealth Rock\n|turn|25\n|\n|t:|1700869066\n|switch|p1a: Blissey|Blissey, F|85\/100\n|move|p2a: Darkrai|Dark Pulse|p1a: Blissey\n|-damage|p1a: Blissey|70\/100\n|\n|upkeep\n|turn|26\n|\n|t:|1700869096\n|switch|p2a: Landorus|Landorus-Therian, M|76\/100 brn\n|-damage|p2a: Landorus|64\/100 brn|[from] Stealth Rock\n|-ability|p2a: Landorus|Intimidate|boost\n|-unboost|p1a: Blissey|atk|1\n|move|p1a: Blissey|Soft-Boiled|p1a: Blissey\n|-heal|p1a: Blissey|100\/100\n|\n|-damage|p2a: Landorus|58\/100 brn|[from] brn\n|upkeep\n|turn|27\n|\n|t:|1700869103\n|switch|p1a: Giratina|Giratina|99\/100\n|-ability|p1a: Giratina|Pressure\n|move|p2a: Landorus|Stealth Rock|p1a: Giratina\n|-sidestart|p1: Potent Parm (Test)|move: Stealth Rock\n|\n|-heal|p1a: Giratina|100\/100|[from] item: Leftovers\n|-damage|p2a: Landorus|52\/100 brn|[from] brn\n|upkeep\n|turn|28\n|\n|t:|1700869119\n|switch|p2a: Shuckle|Shuckle, M, shiny|75\/100\n|-damage|p2a: Shuckle|50\/100|[from] Stealth Rock\n|move|p1a: Giratina|Defog|p2a: Shuckle\n|-unboost|p2a: Shuckle|evasion|1\n|-sideend|p2: Argusbonusest|Stealth Rock|[from] move: Defog|[of] p1a: Giratina\n|-sideend|p1: Potent Parm (Test)|Stealth Rock|[from] move: Defog|[of] p1a: Giratina\n|\n|upkeep\n|turn|29\n|l| imarithadon\n|\n|t:|1700869125\n|switch|p1a: Sableye|Sableye-Mega, F|33\/100\n|move|p2a: Shuckle|Knock Off|p1a: Sableye\n|-damage|p1a: Sableye|29\/100\n|\n|upkeep\n|turn|30\n|\n|t:|1700869137\n|switch|p2a: Palafin|Palafin-Hero, F|61\/100\n|move|p1a: Sableye|Recover|p1a: Sableye\n|-heal|p1a: Sableye|79\/100\n|\n|upkeep\n|turn|31\n|\n|t:|1700869145\n|switch|p1a: Giratina|Giratina|100\/100\n|-ability|p1a: Giratina|Pressure\n|move|p2a: Palafin|Flip Turn|p1a: Giratina\n|-resisted|p1a: Giratina\n|-damage|p1a: Giratina|87\/100\n|inactive|Argusbonusest has 120 seconds left.\n|\n|t:|1700869187\n|switch|p2a: Landorus|Landorus-Therian, M|52\/100 brn|[from] Flip Turn\n|-ability|p2a: Landorus|Intimidate|boost\n|-unboost|p1a: Giratina|atk|1\n|\n|-heal|p1a: Giratina|93\/100|[from] item: Leftovers\n|-damage|p2a: Landorus|46\/100 brn|[from] brn\n|upkeep\n|turn|32\n|\n|t:|1700869211\n|switch|p1a: Sableye|Sableye-Mega, F|79\/100\n|move|p2a: Landorus|Swords Dance|p2a: Landorus\n|-boost|p2a: Landorus|atk|2\n|\n|-damage|p2a: Landorus|40\/100 brn|[from] brn\n|upkeep\n|turn|33\n|inactive|Argusbonusest has 120 seconds left.\n|\n|t:|1700869219\n|switch|p1a: Dondozo|Dondozo, F|62\/100\n|move|p2a: Landorus|Earthquake|p1a: Dondozo\n|-damage|p1a: Dondozo|49\/100\n|\n|-damage|p2a: Landorus|34\/100 brn|[from] brn\n|upkeep\n|turn|34\n|\n|t:|1700869228\n|move|p2a: Landorus|Stealth Rock|p1a: Dondozo\n|-sidestart|p1: Potent Parm (Test)|move: Stealth Rock\n|move|p1a: Dondozo|Rest|p1a: Dondozo\n|-status|p1a: Dondozo|slp|[from] move: Rest\n|-heal|p1a: Dondozo|100\/100 slp|[silent]\n|\n|-damage|p2a: Landorus|28\/100 brn|[from] brn\n|upkeep\n|turn|35\n|inactive|Argusbonusest has 120 seconds left.\n|j| imarithadon\n|\n|t:|1700869244\n|switch|p2a: Darkrai|Darkrai|61\/100\n|switch|p1a: Giratina|Giratina|93\/100\n|-damage|p1a: Giratina|81\/100|[from] Stealth Rock\n|-ability|p1a: Giratina|Pressure\n|\n|-heal|p1a: Giratina|87\/100|[from] item: Leftovers\n|upkeep\n|turn|36\n|\n|t:|1700869252\n|switch|p1a: Blissey|Blissey, F|100\/100\n|-damage|p1a: Blissey|88\/100|[from] Stealth Rock\n|move|p2a: Darkrai|Nasty Plot|p2a: Darkrai\n|-boost|p2a: Darkrai|spa|2\n|\n|upkeep\n|turn|37\n|inactive|Argusbonusest has 120 seconds left.\n|\n|t:|1700869273\n|move|p2a: Darkrai|Hypnosis|p1a: Blissey|[miss]\n|-miss|p2a: Darkrai|p1a: Blissey\n|move|p1a: Blissey|Seismic Toss|p2a: Darkrai\n|-damage|p2a: Darkrai|25\/100\n|\n|upkeep\n|turn|38\n|inactive|Argusbonusest has 120 seconds left.\n|\n|t:|1700869279\n|move|p2a: Darkrai|Dark Pulse|p1a: Blissey\n|-damage|p1a: Blissey|60\/100\n|move|p1a: Blissey|Seismic Toss|p2a: Darkrai\n|-damage|p2a: Darkrai|0 fnt\n|faint|p2a: Darkrai\n|\n|upkeep\n|inactive|Argusbonusest has 120 seconds left.\n|\n|t:|1700869284\n|switch|p2a: Metagross|Metagross|100\/100\n|turn|39\n|\n|t:|1700869292\n|switch|p1a: Dondozo|Dondozo, F|100\/100 slp\n|-damage|p1a: Dondozo|88\/100 slp|[from] Stealth Rock\n|detailschange|p2a: Metagross|Metagross-Mega\n|-mega|p2a: Metagross|Metagross|Metagrossite\n|move|p2a: Metagross|Meteor Mash|p1a: Dondozo\n|-resisted|p1a: Dondozo\n|-damage|p1a: Dondozo|76\/100 slp\n|\n|upkeep\n|turn|40\n|inactive|Argusbonusest has 120 seconds left.\n|\n|t:|1700869309\n|move|p2a: Metagross|Rock Slide|p1a: Dondozo|[miss]\n|-miss|p2a: Metagross|p1a: Dondozo\n|cant|p1a: Dondozo|slp\n|move|p1a: Dondozo|Sleep Talk|p1a: Dondozo\n|move|p1a: Dondozo|Curse|p1a: Dondozo|[from]move: Sleep Talk\n|-unboost|p1a: Dondozo|spe|1\n|-boost|p1a: Dondozo|atk|1\n|-boost|p1a: Dondozo|def|1\n|\n|upkeep\n|turn|41\n|\n|t:|1700869314\n|move|p2a: Metagross|Rock Slide|p1a: Dondozo\n|-damage|p1a: Dondozo|68\/100 slp\n|cant|p1a: Dondozo|slp\n|move|p1a: Dondozo|Sleep Talk|p1a: Dondozo\n|move|p1a: Dondozo|Rest||[from]move: Sleep Talk|[still]\n|-fail|p1a: Dondozo\n|\n|upkeep\n|turn|42\n|c|\u2606Argusbonusest|ggwp\n|-message|Argusbonusest forfeited.\n|\n|win|Potent Parm (Test)\n|n|\u2606Potent Parm (Test)|potentparmtest\n|n|\u2606Argusbonusest|argusbonusest\n|n| Runo|runo\n|n| Xurkiyee|xurkiyee\n|n| imarithadon|imarithadon\n|l|\u2606Argusbonusest\n","uploadtime":1700869323,"views":4,"p1id":"potentparmtest","p2id":"argusbonusest","formatid":"gen9nationaldexubers","rating":0,"private":0,"password":""}