{"id":"gen9nationaldexubers-1984938884","p1":"friskfall","p2":"bruised thighs\u2661","format":"[Gen 9] National Dex Ubers","log":"|j|\u2606friskfall\n|j|\u2606bruised thighs\u2661\n|inactive|Battle timer is ON: inactive players will automatically lose when time's up.\n|t:|1699312787\n|gametype|singles\n|player|p1|friskfall|170|\n|player|p2|bruised thighs\u2661|beauty-gen6xy|\n|teamsize|p1|6\n|teamsize|p2|6\n|gen|9\n|tier|[Gen 9] National Dex Ubers\n|rated|Tournament battle\n|rule|HP Percentage Mod: HP is shown in percentages\n|rule|Endless Battle Clause: Forcing endless battles is banned\n|rule|OHKO Clause: OHKO moves are banned\n|rule|Evasion Moves Clause: Evasion moves are banned\n|rule|Evasion Items Clause: Evasion items are banned\n|rule|Species Clause: Limit one of each Pok\u00e9mon\n|rule|Sleep Clause Mod: Limit one foe put to sleep\n|rule|Mega Rayquaza Clause: You cannot mega evolve Rayquaza\n|rule|Dynamax Clause: You cannot dynamax\n|rule|Terastal Clause: You cannot Terastallize\n|rule|Same Type Clause: Pok\u00e9mon in a team must share a type\n|clearpoke\n|poke|p1|Pelipper, F|\n|poke|p1|Swampert, M|\n|poke|p1|Dracovish|\n|poke|p1|Mantine, F|\n|poke|p1|Kyogre|\n|poke|p1|Basculegion, M|\n|poke|p2|Ninetales-Alola, F|\n|poke|p2|Iron Bundle|\n|poke|p2|Calyrex-Ice|\n|poke|p2|Kyurem-White|\n|poke|p2|Arceus-Ice|\n|poke|p2|Chien-Pao|\n|teampreview\n|j| Pex Hater\n|j| DerpyAchoque\n|\n|t:|1699312796\n|start\n|switch|p1a: Pelipper|Pelipper, F|100\/100\n|switch|p2a: Iron Bundle|Iron Bundle|100\/100\n|-weather|RainDance|[from] ability: Drizzle|[of] p1a: Pelipper\n|-enditem|p2a: Iron Bundle|Booster Energy\n|-activate|p2a: Iron Bundle|ability: Quark Drive|[fromitem]\n|-start|p2a: Iron Bundle|quarkdrivespe\n|turn|1\n|\n|t:|1699312800\n|move|p2a: Iron Bundle|Freeze-Dry|p1a: Pelipper\n|-supereffective|p1a: Pelipper\n|-damage|p1a: Pelipper|0 fnt\n|faint|p1a: Pelipper\n|\n|-weather|RainDance|[upkeep]\n|upkeep\n|j| V-Creating Victory\n|\n|t:|1699312804\n|switch|p1a: Swampert|Swampert, M|100\/100\n|turn|2\n|\n|t:|1699312807\n|detailschange|p1a: Swampert|Swampert-Mega, M\n|-mega|p1a: Swampert|Swampert|Swampertite\n|move|p2a: Iron Bundle|Freeze-Dry|p1a: Swampert\n|-supereffective|p1a: Swampert\n|-damage|p1a: Swampert|0 fnt\n|faint|p1a: Swampert\n|\n|-weather|RainDance|[upkeep]\n|upkeep\n|c| Pex Hater|cheese dry\n|\n|t:|1699312818\n|switch|p1a: Mantine|Mantine, F|100\/100\n|turn|3\n|c|\u2606bruised thighs\u2661|whats cheese about this mon?\n|\n|t:|1699312823\n|move|p2a: Iron Bundle|Freeze-Dry|p1a: Mantine\n|-supereffective|p1a: Mantine\n|-damage|p1a: Mantine|22\/100\n|move|p1a: Mantine|Toxic|p2a: Iron Bundle\n|-status|p2a: Iron Bundle|tox\n|\n|-weather|RainDance|[upkeep]\n|-heal|p1a: Mantine|29\/100|[from] item: Leftovers\n|-damage|p2a: Iron Bundle|95\/100 tox|[from] psn\n|upkeep\n|turn|4\n|\n|t:|1699312828\n|move|p2a: Iron Bundle|Freeze-Dry|p1a: Mantine\n|-supereffective|p1a: Mantine\n|-damage|p1a: Mantine|0 fnt\n|faint|p1a: Mantine\n|\n|-weather|RainDance|[upkeep]\n|-damage|p2a: Iron Bundle|83\/100 tox|[from] psn\n|upkeep\n|\n|t:|1699312836\n|switch|p1a: Basculegion|Basculegion, M|100\/100\n|turn|5\n|c| Pex Hater|nothing\n|c| Pex Hater|he just\n|c| Pex Hater|loses to one move\n|\n|t:|1699312855\n|move|p2a: Iron Bundle|Freeze-Dry|p1a: Basculegion\n|-supereffective|p1a: Basculegion\n|-damage|p1a: Basculegion|18\/100\n|move|p1a: Basculegion|Last Respects|p2a: Iron Bundle\n|-damage|p2a: Iron Bundle|0 fnt\n|faint|p2a: Iron Bundle\n|-end|p2a: Iron Bundle|Quark Drive|[silent]\n|\n|-weather|RainDance|[upkeep]\n|upkeep\n|\n|t:|1699312861\n|switch|p2a: Ninetales|Ninetales-Alola, F|100\/100\n|-weather|Snow|[from] ability: Snow Warning|[of] p2a: Ninetales\n|turn|6\n|\n|t:|1699312866\n|move|p1a: Basculegion|Last Respects|p2a: Ninetales\n|-damage|p2a: Ninetales|0 fnt\n|faint|p2a: Ninetales\n|\n|-weather|Snow|[upkeep]\n|upkeep\n|\n|t:|1699312870\n|switch|p2a: Chien-Pao|Chien-Pao|100\/100\n|-ability|p2a: Chien-Pao|Sword of Ruin\n|turn|7\n|\n|t:|1699312883\n|move|p2a: Chien-Pao|Ice Shard|p1a: Basculegion\n|-resisted|p1a: Basculegion\n|-damage|p1a: Basculegion|1\/100\n|move|p1a: Basculegion|Last Respects|p2a: Chien-Pao\n|-resisted|p2a: Chien-Pao\n|-damage|p2a: Chien-Pao|44\/100\n|\n|-weather|Snow|[upkeep]\n|upkeep\n|turn|8\n|\n|t:|1699312892\n|move|p2a: Chien-Pao|Ice Shard|p1a: Basculegion\n|-resisted|p1a: Basculegion\n|-damage|p1a: Basculegion|0 fnt\n|faint|p1a: Basculegion\n|\n|-weather|Snow|[upkeep]\n|upkeep\n|\n|t:|1699312894\n|switch|p1a: Kyogre|Kyogre|100\/100\n|detailschange|p1a: Kyogre|Kyogre-Primal\n|-primal|p1a: Kyogre|Blue Orb\n|-weather|PrimordialSea|[from] ability: Primordial Sea|[of] p1a: Kyogre\n|turn|9\n|\n|t:|1699312900\n|-zpower|p2a: Chien-Pao\n|move|p2a: Chien-Pao|All-Out Pummeling|p1a: Kyogre|[zeffect]\n|-damage|p1a: Kyogre|17\/100\n|move|p1a: Kyogre|Origin Pulse|p2a: Chien-Pao\n|-damage|p2a: Chien-Pao|0 fnt\n|faint|p2a: Chien-Pao\n|\n|-weather|PrimordialSea|[upkeep]\n|upkeep\n|\n|t:|1699312909\n|switch|p2a: Kyurem|Kyurem-White|100\/100\n|-ability|p2a: Kyurem|Turboblaze\n|turn|10\n|\n|t:|1699312915\n|move|p2a: Kyurem|Freeze-Dry|p1a: Kyogre\n|-supereffective|p1a: Kyogre\n|-damage|p1a: Kyogre|0 fnt\n|faint|p1a: Kyogre\n|-weather|none\n|\n|upkeep\n|\n|t:|1699312917\n|switch|p1a: Dracovish|Dracovish|100\/100\n|turn|11\n|\n|t:|1699312926\n|switch|p2a: Arceus|Arceus-Ice|100\/100\n|move|p1a: Dracovish|Outrage|p2a: Arceus\n|-damage|p2a: Arceus|70\/100\n|\n|upkeep\n|turn|12\n|\n|t:|1699312930\n|move|p1a: Dracovish|Outrage|p2a: Arceus|[from]lockedmove\n|-damage|p2a: Arceus|42\/100\n|move|p2a: Arceus|Will-O-Wisp|p1a: Dracovish\n|-status|p1a: Dracovish|brn\n|\n|-damage|p1a: Dracovish|94\/100 brn|[from] brn\n|upkeep\n|turn|13\n|\n|t:|1699312933\n|move|p1a: Dracovish|Outrage|p2a: Arceus|[from]lockedmove\n|-damage|p2a: Arceus|28\/100\n|-start|p1a: Dracovish|confusion|[fatigue]\n|move|p2a: Arceus|Recover|p2a: Arceus\n|-heal|p2a: Arceus|78\/100\n|\n|-damage|p1a: Dracovish|88\/100 brn|[from] brn\n|upkeep\n|turn|14\n|\n|t:|1699312935\n|switch|p2a: Calyrex|Calyrex-Ice|100\/100\n|-ability|p2a: Calyrex|As One\n|-ability|p2a: Calyrex|Unnerve\n|-activate|p1a: Dracovish|confusion\n|-damage|p1a: Dracovish|76\/100 brn|[from] confusion\n|\n|-damage|p1a: Dracovish|70\/100 brn|[from] brn\n|upkeep\n|turn|15\n|\n|t:|1699312938\n|-activate|p1a: Dracovish|confusion\n|-damage|p1a: Dracovish|56\/100 brn|[from] confusion\n|move|p2a: Calyrex|Trick Room|p2a: Calyrex\n|-fieldstart|move: Trick Room|[of] p2a: Calyrex\n|\n|-damage|p1a: Dracovish|50\/100 brn|[from] brn\n|upkeep\n|turn|16\n|\n|t:|1699312944\n|move|p2a: Calyrex|Glacial Lance|p1a: Dracovish\n|-damage|p1a: Dracovish|0 fnt\n|faint|p1a: Dracovish\n|\n|win|bruised thighs\u2661\n|n|\u2606friskfall|friskfall\n|n|\u2606bruised thighs\u2661|bruisedthighs\n|n| Pex Hater|pexhater\n|n| DerpyAchoque|derpyachoque\n|n| V-Creating Victory|vcreatingvictory\n","uploadtime":1699312946,"views":4,"p1id":"friskfall","p2id":"bruisedthighs","formatid":"gen9nationaldexubers","rating":0,"private":0,"password":""}