{"id":"gen9nationaldexubers-1993063446","p1":"GeorgiaEternatuss","p2":"LLUUAANN","format":"[Gen 9] National Dex Ubers","log":"|j|\u2606GeorgiaEternatuss\n|j|\u2606LLUUAANN\n|t:|1700260640\n|gametype|singles\n|player|p1|GeorgiaEternatuss|steven|1322\n|player|p2|LLUUAANN|101|1174\n|teamsize|p1|6\n|teamsize|p2|6\n|gen|9\n|tier|[Gen 9] National Dex Ubers\n|rated|\n|rule|HP Percentage Mod: HP is shown in percentages\n|rule|Endless Battle Clause: Forcing endless battles is banned\n|rule|OHKO Clause: OHKO moves are banned\n|rule|Evasion Moves Clause: Evasion moves are banned\n|rule|Evasion Items Clause: Evasion items are banned\n|rule|Species Clause: Limit one of each Pok\u00e9mon\n|rule|Sleep Clause Mod: Limit one foe put to sleep\n|rule|Mega Rayquaza Clause: You cannot mega evolve Rayquaza\n|clearpoke\n|poke|p1|Xerneas-*|\n|poke|p1|Zapdos|\n|poke|p1|Umbreon, M|\n|poke|p1|Marshadow|\n|poke|p1|Diancie|\n|poke|p1|Celesteela|\n|poke|p2|Charizard, F|\n|poke|p2|Kyogre|\n|poke|p2|Xerneas-*|\n|poke|p2|Gengar, F|\n|poke|p2|Groudon|\n|poke|p2|Mewtwo|\n|teampreview\n|\n|t:|1700260656\n|start\n|switch|p1a: Celesteela|Celesteela|100\/100\n|switch|p2a: Xerneas|Xerneas|100\/100\n|-ability|p2a: Xerneas|Fairy Aura\n|turn|1\n|\n|t:|1700260666\n|move|p2a: Xerneas|Geomancy||[still]\n|-prepare|p2a: Xerneas|Geomancy\n|-enditem|p2a: Xerneas|Power Herb\n|-anim|p2a: Xerneas|Geomancy|p2a: Xerneas\n|-boost|p2a: Xerneas|spa|2\n|-boost|p2a: Xerneas|spd|2\n|-boost|p2a: Xerneas|spe|2\n|move|p1a: Celesteela|Flash Cannon|p2a: Xerneas\n|-supereffective|p2a: Xerneas\n|-damage|p2a: Xerneas|69\/100\n|\n|upkeep\n|turn|2\n|\n|t:|1700260675\n|-terastallize|p2a: Xerneas|Fairy\n|move|p2a: Xerneas|Moonblast|p1a: Celesteela\n|-resisted|p1a: Celesteela\n|-damage|p1a: Celesteela|12\/100\n|move|p1a: Celesteela|Flash Cannon|p2a: Xerneas\n|-supereffective|p2a: Xerneas\n|-damage|p2a: Xerneas|38\/100\n|\n|-heal|p1a: Celesteela|18\/100|[from] item: Leftovers\n|upkeep\n|turn|3\n|\n|t:|1700260686\n|move|p2a: Xerneas|Moonblast|p1a: Celesteela\n|-resisted|p1a: Celesteela\n|-damage|p1a: Celesteela|0 fnt\n|faint|p1a: Celesteela\n|\n|upkeep\n|\n|t:|1700260692\n|switch|p1a: Marshadow|Marshadow|100\/100\n|turn|4\n|\n|t:|1700260696\n|move|p2a: Xerneas|Moonblast|p1a: Marshadow\n|-supereffective|p1a: Marshadow\n|-enditem|p1a: Marshadow|Focus Sash\n|-damage|p1a: Marshadow|1\/100\n|move|p1a: Marshadow|Spectral Thief||[still]\n|-clearpositiveboost|p2a: Xerneas|p1a: Marshadow|move: Spectral Thief\n|-boost|p1a: Marshadow|spa|2\n|-boost|p1a: Marshadow|spd|2\n|-boost|p1a: Marshadow|spe|2\n|-anim|p1a: Marshadow|Spectral Thief|p2a: Xerneas\n|-damage|p2a: Xerneas|0 fnt\n|faint|p2a: Xerneas\n|\n|upkeep\n|\n|t:|1700260701\n|switch|p2a: Kyogre|Kyogre|100\/100\n|detailschange|p2a: Kyogre|Kyogre-Primal\n|-primal|p2a: Kyogre|Blue Orb\n|-weather|PrimordialSea|[from] ability: Primordial Sea|[of] p2a: Kyogre\n|turn|5\n|\n|t:|1700260716\n|move|p1a: Marshadow|Endeavor|p2a: Kyogre\n|-damage|p2a: Kyogre|1\/100\n|move|p2a: Kyogre|Earthquake|p1a: Marshadow\n|-damage|p1a: Marshadow|0 fnt\n|faint|p1a: Marshadow\n|\n|-weather|PrimordialSea|[upkeep]\n|upkeep\n|\n|t:|1700260726\n|switch|p1a: Umbreon|Umbreon, M|100\/100\n|turn|6\n|\n|t:|1700260730\n|move|p2a: Kyogre|Thunder Wave|p1a: Umbreon\n|-status|p1a: Umbreon|par\n|-activate|p1a: Umbreon|ability: Synchronize\n|-status|p2a: Kyogre|par\n|move|p1a: Umbreon|Toxic||[still]\n|-fail|p1a: Umbreon\n|\n|-weather|PrimordialSea|[upkeep]\n|upkeep\n|turn|7\n|\n|t:|1700260742\n|move|p2a: Kyogre|Water Spout|p1a: Umbreon\n|-damage|p1a: Umbreon|99\/100 par\n|move|p1a: Umbreon|Wish|p1a: Umbreon\n|\n|-weather|PrimordialSea|[upkeep]\n|-heal|p1a: Umbreon|100\/100 par|[from] item: Leftovers\n|upkeep\n|turn|8\n|\n|t:|1700260751\n|switch|p1a: Xerneas|Xerneas|100\/100\n|-ability|p1a: Xerneas|Fairy Aura\n|move|p2a: Kyogre|Earthquake|p1a: Xerneas\n|-damage|p1a: Xerneas|64\/100\n|\n|-weather|PrimordialSea|[upkeep]\n|-heal|p1a: Xerneas|100\/100|[from] move: Wish|[wisher] Umbreon\n|upkeep\n|turn|9\n|\n|t:|1700260762\n|move|p1a: Xerneas|Geomancy||[still]\n|-prepare|p1a: Xerneas|Geomancy\n|-enditem|p1a: Xerneas|Power Herb\n|-anim|p1a: Xerneas|Geomancy|p1a: Xerneas\n|-boost|p1a: Xerneas|spa|2\n|-boost|p1a: Xerneas|spd|2\n|-boost|p1a: Xerneas|spe|2\n|cant|p2a: Kyogre|par\n|\n|-weather|PrimordialSea|[upkeep]\n|upkeep\n|turn|10\n|\n|t:|1700260773\n|-terastallize|p1a: Xerneas|Fairy\n|move|p1a: Xerneas|Moonblast|p2a: Kyogre\n|-damage|p2a: Kyogre|0 fnt\n|faint|p2a: Kyogre\n|-weather|none\n|\n|upkeep\n|\n|t:|1700260777\n|switch|p2a: Gengar|Gengar, F|100\/100\n|turn|11\n|\n|t:|1700260790\n|move|p1a: Xerneas|Moonblast|p2a: Gengar\n|-resisted|p2a: Gengar\n|-damage|p2a: Gengar|0 fnt\n|faint|p2a: Gengar\n|\n|upkeep\n|\n|t:|1700260794\n|switch|p2a: Groudon|Groudon|100\/100\n|detailschange|p2a: Groudon|Groudon-Primal\n|-primal|p2a: Groudon|Red Orb\n|-weather|DesolateLand|[from] ability: Desolate Land|[of] p2a: Groudon\n|turn|12\n|\n|t:|1700260800\n|move|p1a: Xerneas|Moonblast|p2a: Groudon\n|-resisted|p2a: Groudon\n|-damage|p2a: Groudon|0 fnt\n|faint|p2a: Groudon\n|-weather|none\n|\n|upkeep\n|\n|t:|1700260805\n|switch|p2a: Mewtwo|Mewtwo, shiny|100\/100\n|-ability|p2a: Mewtwo|Pressure\n|turn|13\n|\n|t:|1700260810\n|detailschange|p2a: Mewtwo|Mewtwo-Mega-X, shiny\n|-mega|p2a: Mewtwo|Mewtwo|Mewtwonite X\n|move|p1a: Xerneas|Moonblast|p2a: Mewtwo\n|-supereffective|p2a: Mewtwo\n|-damage|p2a: Mewtwo|0 fnt\n|faint|p2a: Mewtwo\n|\n|upkeep\n|\n|t:|1700260815\n|switch|p2a: Charizard|Charizard, F, shiny|100\/100\n|turn|14\n|\n|t:|1700260820\n|move|p1a: Xerneas|Moonblast|p2a: Charizard\n|-resisted|p2a: Charizard\n|-damage|p2a: Charizard|0 fnt\n|faint|p2a: Charizard\n|\n|win|GeorgiaEternatuss\n|raw|GeorgiaEternatuss's rating: 1322 &rarr; <strong>1334<\/strong><br \/>(+12 for winning)\n|raw|LLUUAANN's rating: 1174 &rarr; <strong>1159<\/strong><br \/>(-15 for losing)\n|l|\u2606LLUUAANN\n","uploadtime":1700260835,"views":15,"p1id":"georgiaeternatuss","p2id":"lluuaann","formatid":"gen9nationaldexubers","rating":1159,"private":0,"password":""}