{"id":"gen9nationaldexubers-1993295152","p1":"1 em trach thu","p2":"Muhammad siam","format":"[Gen 9] National Dex Ubers","log":"|j|\u26061 em trach thu\n|j|\u2606Muhammad siam\n|t:|1700292364\n|gametype|singles\n|player|p1|1 em trach thu|265|1707\n|player|p2|Muhammad siam|blue|1642\n|teamsize|p1|6\n|teamsize|p2|6\n|gen|9\n|tier|[Gen 9] National Dex Ubers\n|rated|\n|rule|HP Percentage Mod: HP is shown in percentages\n|rule|Endless Battle Clause: Forcing endless battles is banned\n|rule|OHKO Clause: OHKO moves are banned\n|rule|Evasion Moves Clause: Evasion moves are banned\n|rule|Evasion Items Clause: Evasion items are banned\n|rule|Species Clause: Limit one of each Pok\u00e9mon\n|rule|Sleep Clause Mod: Limit one foe put to sleep\n|rule|Mega Rayquaza Clause: You cannot mega evolve Rayquaza\n|clearpoke\n|poke|p1|Kyogre|\n|poke|p1|Groudon|\n|poke|p1|Zacian-*|\n|poke|p1|Arceus|\n|poke|p1|Rayquaza|\n|poke|p1|Banette, M|\n|poke|p2|Zygarde|\n|poke|p2|Kyogre|\n|poke|p2|Necrozma-Dusk-Mane|\n|poke|p2|Arceus|\n|poke|p2|Yveltal|\n|poke|p2|Calyrex-Ice|\n|teampreview\n|inactive|Battle timer is ON: inactive players will automatically lose when time's up. (requested by 1 em trach thu)\n|inactive|Muhammad siam also wants the timer to be on.\n|\n|t:|1700292376\n|start\n|switch|p1a: Arceus|Arceus|100\/100\n|switch|p2a: Yveltal|Yveltal, shiny|100\/100\n|-ability|p2a: Yveltal|Dark Aura\n|turn|1\n|\n|t:|1700292392\n|move|p1a: Arceus|Toxic|p2a: Yveltal\n|-status|p2a: Yveltal|tox\n|move|p2a: Yveltal|Dark Pulse|p1a: Arceus\n|-damage|p1a: Arceus|58\/100\n|\n|-heal|p1a: Arceus|64\/100|[from] item: Leftovers\n|-damage|p2a: Yveltal|94\/100 tox|[from] psn\n|upkeep\n|turn|2\n|\n|t:|1700292402\n|switch|p2a: Necrozma|Necrozma-Dusk-Mane, shiny|100\/100\n|move|p1a: Arceus|Stealth Rock|p2a: Necrozma\n|-sidestart|p2: Muhammad siam|move: Stealth Rock\n|\n|-heal|p1a: Arceus|70\/100|[from] item: Leftovers\n|upkeep\n|turn|3\n|\n|t:|1700292410\n|switch|p1a: Banette|Banette, M|100\/100\n|-item|p2a: Necrozma|Weakness Policy|[from] ability: Frisk|[of] p1a: Banette|[identify]\n|move|p2a: Necrozma|Trick Room|p2a: Necrozma\n|-fieldstart|move: Trick Room|[of] p2a: Necrozma\n|\n|upkeep\n|turn|4\n|\n|t:|1700292423\n|detailschange|p1a: Banette|Banette-Mega, M\n|-mega|p1a: Banette|Banette|Banettite\n|move|p1a: Banette|Encore|p2a: Necrozma\n|-start|p2a: Necrozma|Encore\n|move|p2a: Necrozma|Trick Room|p2a: Necrozma\n|-fieldend|move: Trick Room\n|\n|upkeep\n|turn|5\n|\n|t:|1700292433\n|switch|p2a: Yveltal|Yveltal, shiny|94\/100 tox\n|-damage|p2a: Yveltal|69\/100 tox|[from] Stealth Rock\n|-ability|p2a: Yveltal|Dark Aura\n|move|p1a: Banette|Knock Off|p2a: Yveltal\n|-resisted|p2a: Yveltal\n|-damage|p2a: Yveltal|51\/100 tox\n|\n|-damage|p2a: Yveltal|45\/100 tox|[from] psn\n|upkeep\n|turn|6\n|\n|t:|1700292444\n|switch|p1a: Arceus|Arceus|70\/100\n|move|p2a: Yveltal|Dark Pulse|p1a: Arceus\n|-damage|p1a: Arceus|28\/100\n|\n|-heal|p1a: Arceus|34\/100|[from] item: Leftovers\n|-damage|p2a: Yveltal|32\/100 tox|[from] psn\n|upkeep\n|turn|7\n|\n|t:|1700292454\n|move|p1a: Arceus|Extreme Speed|p2a: Yveltal\n|-damage|p2a: Yveltal|0 fnt\n|faint|p2a: Yveltal\n|\n|-heal|p1a: Arceus|40\/100|[from] item: Leftovers\n|upkeep\n|\n|t:|1700292462\n|switch|p2a: Necrozma|Necrozma-Dusk-Mane, shiny|100\/100\n|-damage|p2a: Necrozma|94\/100|[from] Stealth Rock\n|turn|8\n|\n|t:|1700292471\n|switch|p1a: Groudon|Groudon|100\/100\n|detailschange|p1a: Groudon|Groudon-Primal\n|-primal|p1a: Groudon|Red Orb\n|-weather|DesolateLand|[from] ability: Desolate Land|[of] p1a: Groudon\n|move|p2a: Necrozma|Photon Geyser|p1a: Groudon\n|-damage|p1a: Groudon|61\/100\n|\n|-weather|DesolateLand|[upkeep]\n|upkeep\n|turn|9\n|\n|t:|1700292490\n|move|p1a: Groudon|Flamethrower|p2a: Necrozma\n|-supereffective|p2a: Necrozma\n|-damage|p2a: Necrozma|0 fnt\n|faint|p2a: Necrozma\n|\n|-weather|DesolateLand|[upkeep]\n|upkeep\n|\n|t:|1700292497\n|switch|p2a: Kyogre|Kyogre, shiny|100\/100\n|-damage|p2a: Kyogre|88\/100|[from] Stealth Rock\n|detailschange|p2a: Kyogre|Kyogre-Primal, shiny\n|-primal|p2a: Kyogre|Blue Orb\n|-weather|PrimordialSea|[from] ability: Primordial Sea|[of] p2a: Kyogre\n|turn|10\n|\n|t:|1700292504\n|switch|p1a: Arceus|Arceus|40\/100\n|move|p2a: Kyogre|Scald|p1a: Arceus\n|-damage|p1a: Arceus|0 fnt\n|faint|p1a: Arceus\n|\n|-weather|PrimordialSea|[upkeep]\n|upkeep\n|\n|t:|1700292513\n|switch|p1a: Groudon|Groudon-Primal|61\/100\n|-weather|DesolateLand|[from] ability: Desolate Land|[of] p1a: Groudon\n|turn|11\n|\n|t:|1700292525\n|move|p1a: Groudon|Earth Power|p2a: Kyogre\n|-damage|p2a: Kyogre|55\/100\n|move|p2a: Kyogre|Ice Beam|p1a: Groudon\n|-crit|p1a: Groudon\n|-damage|p1a: Groudon|0 fnt\n|faint|p1a: Groudon\n|-weather|none\n|\n|upkeep\n|\n|t:|1700292536\n|switch|p1a: Kyogre|Kyogre|100\/100\n|detailschange|p1a: Kyogre|Kyogre-Primal\n|-primal|p1a: Kyogre|Blue Orb\n|-weather|PrimordialSea|[from] ability: Primordial Sea|[of] p1a: Kyogre\n|turn|12\n|\n|t:|1700292542\n|move|p1a: Kyogre|Thunder|p2a: Kyogre\n|-supereffective|p2a: Kyogre\n|-damage|p2a: Kyogre|0 fnt\n|faint|p2a: Kyogre\n|\n|-weather|PrimordialSea|[upkeep]\n|upkeep\n|\n|t:|1700292547\n|switch|p2a: Arceus|Arceus, shiny|100\/100\n|-damage|p2a: Arceus|88\/100|[from] Stealth Rock\n|turn|13\n|\n|t:|1700292554\n|move|p1a: Kyogre|Water Spout|p2a: Arceus\n|-damage|p2a: Arceus|0 fnt\n|faint|p2a: Arceus\n|\n|-weather|PrimordialSea|[upkeep]\n|upkeep\n|\n|t:|1700292559\n|switch|p2a: Zygarde|Zygarde, shiny|100\/100\n|-damage|p2a: Zygarde|94\/100|[from] Stealth Rock\n|turn|14\n|\n|t:|1700292565\n|-terastallize|p2a: Zygarde|Normal\n|move|p2a: Zygarde|Extreme Speed|p1a: Kyogre\n|-damage|p1a: Kyogre|58\/100\n|move|p1a: Kyogre|Ice Beam|p2a: Zygarde\n|-damage|p2a: Zygarde|62\/100\n|-status|p2a: Zygarde|frz\n|\n|-weather|PrimordialSea|[upkeep]\n|-heal|p2a: Zygarde|68\/100 frz|[from] item: Leftovers\n|upkeep\n|turn|15\n|\n|t:|1700292580\n|cant|p2a: Zygarde|frz\n|move|p1a: Kyogre|Surf|p2a: Zygarde\n|-damage|p2a: Zygarde|0 fnt\n|faint|p2a: Zygarde\n|\n|-weather|PrimordialSea|[upkeep]\n|upkeep\n|\n|t:|1700292586\n|switch|p2a: Calyrex|Calyrex-Ice|100\/100\n|-ability|p2a: Calyrex|As One\n|-ability|p2a: Calyrex|Unnerve\n|-damage|p2a: Calyrex|76\/100|[from] Stealth Rock\n|turn|16\n|\n|t:|1700292593\n|move|p1a: Kyogre|Surf|p2a: Calyrex\n|-damage|p2a: Calyrex|15\/100\n|move|p2a: Calyrex|Trick Room|p2a: Calyrex\n|-fieldstart|move: Trick Room|[of] p2a: Calyrex\n|\n|-weather|PrimordialSea|[upkeep]\n|upkeep\n|turn|17\n|\n|t:|1700292598\n|move|p2a: Calyrex|Body Slam|p1a: Kyogre\n|-damage|p1a: Kyogre|13\/100\n|move|p1a: Kyogre|Surf|p2a: Calyrex\n|-damage|p2a: Calyrex|0 fnt\n|faint|p2a: Calyrex\n|\n|win|1 em trach thu\n|raw|1 em trach thu's rating: 1707 &rarr; <strong>1723<\/strong><br \/>(+16 for winning)\n|raw|Muhammad siam's rating: 1642 &rarr; <strong>1626<\/strong><br \/>(-16 for losing)\n|l|\u2606Muhammad siam\n|l|\u26061 em trach thu\n","uploadtime":1700292801,"views":7,"p1id":"1emtrachthu","p2id":"muhammadsiam","formatid":"gen9nationaldexubers","rating":1626,"private":0,"password":""}