{"id":"gen9nationaldexubers-1987065230","p1":"Phiscyoo","p2":"milky lol","format":"[Gen 9] National Dex Ubers","log":"|j|\u2606Phiscyoo\n|j|\u2606milky lol\n|t:|1699553228\n|gametype|singles\n|player|p1|Phiscyoo|harlequin|1217\n|player|p2|milky lol|265|1191\n|teamsize|p1|6\n|teamsize|p2|6\n|gen|9\n|tier|[Gen 9] National Dex Ubers\n|rated|\n|rule|HP Percentage Mod: HP is shown in percentages\n|rule|Endless Battle Clause: Forcing endless battles is banned\n|rule|OHKO Clause: OHKO moves are banned\n|rule|Evasion Moves Clause: Evasion moves are banned\n|rule|Evasion Items Clause: Evasion items are banned\n|rule|Species Clause: Limit one of each Pok\u00e9mon\n|rule|Sleep Clause Mod: Limit one foe put to sleep\n|rule|Mega Rayquaza Clause: You cannot mega evolve Rayquaza\n|clearpoke\n|poke|p1|Zygarde-10%|\n|poke|p1|Xerneas-*|\n|poke|p1|Groudon|\n|poke|p1|Marshadow|\n|poke|p1|Dracovish|\n|poke|p1|Yveltal|\n|poke|p2|Landorus-Therian, M|\n|poke|p2|Kangaskhan, F|\n|poke|p2|Naganadel|\n|poke|p2|Magearna|\n|poke|p2|Kyogre|\n|poke|p2|Marshadow|\n|teampreview\n|inactive|Battle timer is ON: inactive players will automatically lose when time's up. (requested by milky lol)\n|\n|t:|1699553246\n|start\n|switch|p1a: Zygarde|Zygarde-10%|100\/100\n|switch|p2a: Kangaskhan|Kangaskhan, F, shiny|100\/100\n|turn|1\n|\n|t:|1699553253\n|detailschange|p2a: Kangaskhan|Kangaskhan-Mega, F, shiny\n|-mega|p2a: Kangaskhan|Kangaskhan|Kangaskhanite\n|move|p2a: Kangaskhan|Fake Out|p1a: Zygarde\n|-damage|p1a: Zygarde|64\/100\n|-damage|p1a: Zygarde|54\/100\n|-hitcount|p1a: Zygarde|2\n|cant|p1a: Zygarde|flinch\n|\n|upkeep\n|turn|2\n|\n|t:|1699553258\n|move|p1a: Zygarde|Dragon Dance|p1a: Zygarde\n|-boost|p1a: Zygarde|atk|1\n|-boost|p1a: Zygarde|spe|1\n|move|p2a: Kangaskhan|Power-Up Punch|p1a: Zygarde\n|-damage|p1a: Zygarde|31\/100\n|-boost|p2a: Kangaskhan|atk|1\n|-damage|p1a: Zygarde|22\/100\n|-boost|p2a: Kangaskhan|atk|1\n|-hitcount|p1a: Zygarde|2\n|\n|-activate|p1a: Zygarde|ability: Power Construct\n|detailschange|p1a: Zygarde|Zygarde-Complete\n|-heal|p1a: Zygarde|66\/100|[silent]\n|upkeep\n|turn|3\n|inactive|milky lol has 120 seconds left.\n|\n|t:|1699553311\n|move|p2a: Kangaskhan|Sucker Punch|p1a: Zygarde\n|-damage|p1a: Zygarde|41\/100\n|-damage|p1a: Zygarde|34\/100\n|-hitcount|p1a: Zygarde|2\n|move|p1a: Zygarde|Thousand Arrows|p2a: Kangaskhan\n|-damage|p2a: Kangaskhan|42\/100\n|\n|upkeep\n|turn|4\n|\n|t:|1699553326\n|move|p1a: Zygarde|Thousand Arrows|p2a: Kangaskhan\n|-damage|p2a: Kangaskhan|0 fnt\n|faint|p2a: Kangaskhan\n|\n|upkeep\n|\n|t:|1699553333\n|switch|p2a: Marshadow|Marshadow|100\/100\n|turn|5\n|\n|t:|1699553342\n|switch|p1a: Groudon|Groudon|100\/100\n|detailschange|p1a: Groudon|Groudon-Primal\n|-primal|p1a: Groudon|Red Orb\n|-weather|DesolateLand|[from] ability: Desolate Land|[of] p1a: Groudon\n|move|p2a: Marshadow|Spectral Thief|p1a: Groudon\n|-damage|p1a: Groudon|58\/100\n|-damage|p2a: Marshadow|91\/100|[from] item: Life Orb\n|\n|-weather|DesolateLand|[upkeep]\n|upkeep\n|turn|6\n|inactive|milky lol has 120 seconds left.\n|\n|t:|1699553354\n|move|p2a: Marshadow|Low Kick|p1a: Groudon\n|-damage|p1a: Groudon|3\/100\n|-damage|p2a: Marshadow|81\/100|[from] item: Life Orb\n|move|p1a: Groudon|Heat Crash|p2a: Marshadow\n|-damage|p2a: Marshadow|0 fnt\n|faint|p2a: Marshadow\n|\n|-weather|DesolateLand|[upkeep]\n|upkeep\n|inactive|milky lol has 120 seconds left.\n|\n|t:|1699553362\n|switch|p2a: Naganadel|Naganadel, shiny|100\/100\n|turn|7\n|\n|t:|1699553368\n|move|p2a: Naganadel|Sludge Wave|p1a: Groudon\n|-resisted|p1a: Groudon\n|-crit|p1a: Groudon\n|-damage|p1a: Groudon|0 fnt\n|faint|p1a: Groudon\n|-weather|none\n|-ability|p2a: Naganadel|Beast Boost|boost\n|-boost|p2a: Naganadel|spa|1\n|\n|upkeep\n|\n|t:|1699553377\n|switch|p1a: Dracovish|Dracovish|100\/100\n|turn|8\n|\n|t:|1699553385\n|move|p1a: Dracovish|Draco Meteor|p2a: Naganadel\n|-supereffective|p2a: Naganadel\n|-damage|p2a: Naganadel|0 fnt\n|-unboost|p1a: Dracovish|spa|2\n|faint|p2a: Naganadel\n|\n|upkeep\n|\n|t:|1699553389\n|switch|p2a: Magearna|Magearna|100\/100\n|turn|9\n|\n|t:|1699553398\n|switch|p1a: Zygarde|Zygarde-Complete|34\/100\n|move|p2a: Magearna|Calm Mind|p2a: Magearna\n|-boost|p2a: Magearna|spa|1\n|-boost|p2a: Magearna|spd|1\n|\n|upkeep\n|turn|10\n|\n|t:|1699553406\n|-terastallize|p2a: Magearna|Fairy\n|move|p1a: Zygarde|Thousand Arrows|p2a: Magearna\n|-damage|p2a: Magearna|64\/100\n|move|p2a: Magearna|Draining Kiss|p1a: Zygarde\n|-supereffective|p1a: Zygarde\n|-damage|p1a: Zygarde|0 fnt\n|-heal|p2a: Magearna|100\/100|[from] drain|[of] p1a: Zygarde\n|faint|p1a: Zygarde\n|-ability|p2a: Magearna|Soul-Heart|boost\n|-boost|p2a: Magearna|spa|1\n|\n|upkeep\n|\n|t:|1699553413\n|switch|p1a: Marshadow|Marshadow|100\/100\n|turn|11\n|\n|t:|1699553420\n|switch|p2a: Kyogre|Kyogre, shiny|100\/100\n|detailschange|p2a: Kyogre|Kyogre-Primal, shiny\n|-primal|p2a: Kyogre|Blue Orb\n|-weather|PrimordialSea|[from] ability: Primordial Sea|[of] p2a: Kyogre\n|move|p1a: Marshadow|Spectral Thief|p2a: Kyogre\n|-damage|p2a: Kyogre|59\/100\n|\n|-weather|PrimordialSea|[upkeep]\n|upkeep\n|turn|12\n|\n|t:|1699553432\n|move|p1a: Marshadow|Close Combat|p2a: Kyogre\n|-damage|p2a: Kyogre|0 fnt\n|-unboost|p1a: Marshadow|def|1\n|-unboost|p1a: Marshadow|spd|1\n|faint|p2a: Kyogre\n|-weather|none\n|\n|upkeep\n|\n|t:|1699553437\n|switch|p2a: Magearna|Magearna, tera:Fairy|100\/100\n|turn|13\n|\n|t:|1699553444\n|switch|p1a: Xerneas|Xerneas|100\/100\n|-ability|p1a: Xerneas|Fairy Aura\n|move|p2a: Magearna|Draining Kiss|p1a: Xerneas\n|-damage|p1a: Xerneas|59\/100\n|\n|upkeep\n|turn|14\n|\n|t:|1699553447\n|move|p1a: Xerneas|Geomancy||[still]\n|-prepare|p1a: Xerneas|Geomancy\n|-enditem|p1a: Xerneas|Power Herb\n|-anim|p1a: Xerneas|Geomancy|p1a: Xerneas\n|-boost|p1a: Xerneas|spa|2\n|-boost|p1a: Xerneas|spd|2\n|-boost|p1a: Xerneas|spe|2\n|move|p2a: Magearna|Flash Cannon|p1a: Xerneas\n|-supereffective|p1a: Xerneas\n|-damage|p1a: Xerneas|16\/100\n|\n|upkeep\n|turn|15\n|inactive|Phiscyoo has 120 seconds left.\n|\n|t:|1699553504\n|move|p1a: Xerneas|Hidden Power|p2a: Magearna\n|-damage|p2a: Magearna|65\/100\n|move|p2a: Magearna|Flash Cannon|p1a: Xerneas\n|-supereffective|p1a: Xerneas\n|-damage|p1a: Xerneas|0 fnt\n|faint|p1a: Xerneas\n|-ability|p2a: Magearna|Soul-Heart|boost\n|-boost|p2a: Magearna|spa|1\n|\n|-heal|p2a: Magearna|71\/100|[from] item: Leftovers\n|upkeep\n|\n|t:|1699553509\n|switch|p1a: Marshadow|Marshadow|100\/100\n|turn|16\n|\n|t:|1699553516\n|switch|p2a: Landorus|Landorus-Therian, M, shiny|100\/100\n|-ability|p2a: Landorus|Intimidate|boost\n|-unboost|p1a: Marshadow|atk|1\n|move|p1a: Marshadow|Spectral Thief|p2a: Landorus\n|-damage|p2a: Landorus|67\/100\n|\n|upkeep\n|turn|17\n|\n|t:|1699553528\n|switch|p1a: Yveltal|Yveltal|100\/100\n|-ability|p1a: Yveltal|Dark Aura\n|move|p2a: Landorus|Brick Break|p1a: Yveltal\n|-damage|p1a: Yveltal|74\/100\n|\n|upkeep\n|turn|18\n|\n|t:|1699553541\n|move|p2a: Landorus|Brick Break|p1a: Yveltal\n|-damage|p1a: Yveltal|45\/100\n|move|p1a: Yveltal|Oblivion Wing|p2a: Landorus\n|-damage|p2a: Landorus|17\/100\n|-heal|p1a: Yveltal|75\/100|[from] drain|[of] p2a: Landorus\n|\n|upkeep\n|turn|19\n|\n|t:|1699553545\n|move|p1a: Yveltal|Sucker Punch|p2a: Landorus\n|-damage|p2a: Landorus|0 fnt\n|faint|p2a: Landorus\n|\n|upkeep\n|\n|t:|1699553547\n|switch|p2a: Magearna|Magearna, tera:Fairy|71\/100\n|turn|20\n|inactive|Phiscyoo has 120 seconds left.\n|\n|t:|1699553564\n|move|p1a: Yveltal|Oblivion Wing|p2a: Magearna\n|-damage|p2a: Magearna|36\/100\n|-heal|p1a: Yveltal|99\/100|[from] drain|[of] p2a: Magearna\n|move|p2a: Magearna|Draining Kiss|p1a: Yveltal\n|-supereffective|p1a: Yveltal\n|-damage|p1a: Yveltal|11\/100\n|-heal|p2a: Magearna|100\/100|[from] drain|[of] p1a: Yveltal\n|\n|upkeep\n|turn|21\n|\n|t:|1699553573\n|move|p1a: Yveltal|Dark Pulse|p2a: Magearna\n|-resisted|p2a: Magearna\n|-damage|p2a: Magearna|76\/100\n|move|p2a: Magearna|Draining Kiss|p1a: Yveltal\n|-supereffective|p1a: Yveltal\n|-damage|p1a: Yveltal|0 fnt\n|-heal|p2a: Magearna|85\/100|[from] drain|[of] p1a: Yveltal\n|faint|p1a: Yveltal\n|-ability|p2a: Magearna|Soul-Heart|boost\n|-boost|p2a: Magearna|spa|1\n|\n|-heal|p2a: Magearna|91\/100|[from] item: Leftovers\n|upkeep\n|inactive|Phiscyoo has 120 seconds left.\n|\n|t:|1699553593\n|switch|p1a: Dracovish|Dracovish|100\/100\n|turn|22\n|\n|t:|1699553596\n|move|p1a: Dracovish|Iron Head|p2a: Magearna\n|-supereffective|p2a: Magearna\n|-damage|p2a: Magearna|57\/100\n|move|p2a: Magearna|Draining Kiss|p1a: Dracovish\n|-supereffective|p1a: Dracovish\n|-damage|p1a: Dracovish|0 fnt\n|-heal|p2a: Magearna|100\/100|[from] drain|[of] p1a: Dracovish\n|faint|p1a: Dracovish\n|-ability|p2a: Magearna|Soul-Heart|boost\n|-boost|p2a: Magearna|spa|1\n|\n|upkeep\n|\n|t:|1699553601\n|switch|p1a: Marshadow|Marshadow|100\/100\n|turn|23\n|\n|t:|1699553607\n|move|p1a: Marshadow|Spectral Thief||[still]\n|-clearpositiveboost|p2a: Magearna|p1a: Marshadow|move: Spectral Thief\n|-boost|p1a: Marshadow|spa|2\n|-anim|p1a: Marshadow|Spectral Thief|p2a: Magearna\n|-damage|p2a: Magearna|63\/100\n|move|p2a: Magearna|Draining Kiss|p1a: Marshadow\n|-supereffective|p1a: Marshadow\n|-enditem|p1a: Marshadow|Focus Sash\n|-damage|p1a: Marshadow|1\/100\n|-heal|p2a: Magearna|100\/100|[from] drain|[of] p1a: Marshadow\n|\n|upkeep\n|turn|24\n|\n|t:|1699553618\n|-terastallize|p1a: Marshadow|Fighting\n|move|p1a: Marshadow|Close Combat|p2a: Magearna\n|-resisted|p2a: Magearna\n|-damage|p2a: Magearna|65\/100\n|-unboost|p1a: Marshadow|def|1\n|-unboost|p1a: Marshadow|spd|1\n|move|p2a: Magearna|Draining Kiss|p1a: Marshadow\n|-supereffective|p1a: Marshadow\n|-damage|p1a: Marshadow|0 fnt\n|-heal|p2a: Magearna|66\/100|[from] drain|[of] p1a: Marshadow\n|faint|p1a: Marshadow\n|\n|win|milky lol\n|raw|Phiscyoo's rating: 1217 &rarr; <strong>1190<\/strong><br \/>(-27 for losing)\n|raw|milky lol's rating: 1191 &rarr; <strong>1218<\/strong><br \/>(+27 for winning)\n|l|\u2606milky lol\n","uploadtime":1699553624,"views":4,"p1id":"phiscyoo","p2id":"milkylol","formatid":"gen9nationaldexubers","rating":1190,"private":0,"password":""}