{"id":"gen9nationaldexubers-1983166408","p1":"cancer_asf_ngl","p2":"AlolanSandslashOU","format":"[Gen 9] National Dex Ubers","log":"|j|\u2606cancer_asf_ngl\n|j|\u2606AlolanSandslashOU\n|t:|1699099198\n|gametype|singles\n|player|p1|cancer_asf_ngl|169|\n|player|p2|AlolanSandslashOU|volkner|\n|teamsize|p1|6\n|teamsize|p2|6\n|gen|9\n|tier|[Gen 9] National Dex Ubers\n|rule|HP Percentage Mod: HP is shown in percentages\n|rule|Endless Battle Clause: Forcing endless battles is banned\n|rule|OHKO Clause: OHKO moves are banned\n|rule|Evasion Moves Clause: Evasion moves are banned\n|rule|Evasion Items Clause: Evasion items are banned\n|rule|Species Clause: Limit one of each Pok\u00e9mon\n|rule|Sleep Clause Mod: Limit one foe put to sleep\n|rule|Mega Rayquaza Clause: You cannot mega evolve Rayquaza\n|clearpoke\n|poke|p1|Tapu Koko|\n|poke|p1|Iron Leaves|\n|poke|p1|Iron Valiant|\n|poke|p1|Regieleki|\n|poke|p1|Rotom-Heat|\n|poke|p1|Mawile, F|\n|poke|p2|Darmanitan-Galar, F|\n|poke|p2|Ribombee, M|\n|poke|p2|Sandslash-Alola, F|\n|poke|p2|Ninetales-Alola, M|\n|poke|p2|Cloyster, F|\n|poke|p2|Glastrier|\n|teampreview\n|inactive|Battle timer is ON: inactive players will automatically lose when time's up. (requested by cancer_asf_ngl)\n|c|\u2606cancer_asf_ngl|glhf\n|inactive|cancer_asf_ngl has 270 seconds left.\n|c|\u2606AlolanSandslashOU|You as well\n|\n|t:|1699099232\n|start\n|switch|p1a: Rotom|Rotom-Heat|100\/100\n|switch|p2a: Ninetales|Ninetales-Alola, M, shiny|100\/100\n|-weather|Snow|[from] ability: Snow Warning|[of] p2a: Ninetales\n|turn|1\n|\n|t:|1699099249\n|switch|p2a: Ribombee|Ribombee, M, shiny|100\/100\n|move|p1a: Rotom|Overheat|p2a: Ribombee|[miss]\n|-miss|p1a: Rotom|p2a: Ribombee\n|\n|-weather|Snow|[upkeep]\n|upkeep\n|turn|2\n|c|\u2606cancer_asf_ngl|as usual\n|\n|t:|1699099259\n|switch|p1a: Regieleki|Regieleki|100\/100\n|move|p2a: Ribombee|Sticky Web|p1a: Regieleki\n|-sidestart|p1: cancer_asf_ngl|move: Sticky Web\n|\n|-weather|Snow|[upkeep]\n|upkeep\n|turn|3\n|\n|t:|1699099264\n|switch|p2a: Sandslash|Sandslash-Alola, F|100\/100\n|move|p1a: Regieleki|Ancient Power|p2a: Sandslash\n|-damage|p2a: Sandslash|74\/100\n|\n|-weather|Snow|[upkeep]\n|upkeep\n|turn|4\n|\n|t:|1699099271\n|move|p1a: Regieleki|Rapid Spin|p2a: Sandslash\n|-resisted|p2a: Sandslash\n|-damage|p2a: Sandslash|70\/100\n|-boost|p1a: Regieleki|spe|1\n|-sideend|p1: cancer_asf_ngl|Sticky Web|[from] move: Rapid Spin|[of] p1a: Regieleki\n|move|p2a: Sandslash|Earthquake|p1a: Regieleki\n|-supereffective|p1a: Regieleki\n|-damage|p1a: Regieleki|0 fnt\n|faint|p1a: Regieleki\n|\n|-weather|Snow|[upkeep]\n|upkeep\n|\n|t:|1699099286\n|switch|p1a: Tapu Koko|Tapu Koko|100\/100\n|-fieldstart|move: Electric Terrain|[from] ability: Electric Surge|[of] p1a: Tapu Koko\n|turn|5\n|\n|t:|1699099292\n|switch|p2a: Ninetales|Ninetales-Alola, M, shiny|100\/100\n|switch|p1a: Rotom|Rotom-Heat|100\/100\n|\n|-weather|Snow|[upkeep]\n|upkeep\n|turn|6\n|c|\u2606cancer_asf_ngl|tera is allowed right ?\n|c|\u2606AlolanSandslashOU|Yes\n|inactive|cancer_asf_ngl has 270 seconds left.\n|\n|t:|1699099325\n|-terastallize|p1a: Rotom|Electric\n|move|p1a: Rotom|Rising Voltage|p2a: Ninetales\n|-hint|Rising Voltage's BP doubled on grounded target.\n|-damage|p2a: Ninetales|6\/100\n|move|p2a: Ninetales|Aurora Veil|p2a: Ninetales\n|-sidestart|p2: AlolanSandslashOU|move: Aurora Veil\n|\n|-weather|Snow|[upkeep]\n|upkeep\n|turn|7\n|c|\u2606cancer_asf_ngl|oops\n|\n|t:|1699099330\n|move|p1a: Rotom|Rising Voltage|p2a: Ninetales\n|-hint|Rising Voltage's BP doubled on grounded target.\n|-crit|p2a: Ninetales\n|-damage|p2a: Ninetales|0 fnt\n|faint|p2a: Ninetales\n|\n|-weather|Snow|[upkeep]\n|upkeep\n|\n|t:|1699099333\n|switch|p2a: Ribombee|Ribombee, M, shiny|100\/100\n|turn|8\n|\n|t:|1699099341\n|switch|p1a: Tapu Koko|Tapu Koko|100\/100\n|move|p2a: Ribombee|Sticky Web|p1a: Tapu Koko\n|-sidestart|p1: cancer_asf_ngl|move: Sticky Web\n|\n|-weather|none\n|upkeep\n|turn|9\n|\n|t:|1699099356\n|move|p1a: Tapu Koko|Defog|p2a: Ribombee\n|-unboost|p2a: Ribombee|evasion|1\n|-sideend|p2: AlolanSandslashOU|move: Aurora Veil\n|-sideend|p1: cancer_asf_ngl|Sticky Web|[from] move: Defog|[of] p1a: Tapu Koko\n|-fieldend|move: Electric Terrain\n|move|p2a: Ribombee|Stun Spore|p1a: Tapu Koko|[miss]\n|-miss|p2a: Ribombee|p1a: Tapu Koko\n|\n|upkeep\n|turn|10\n|c|\u2606AlolanSandslashOU|Defog wtf\n|c|\u2606cancer_asf_ngl|yes ikr\n|c|\u2606AlolanSandslashOU|Bro has defog and spin\n|inactive|cancer_asf_ngl has 270 seconds left.\n|c|\u2606AlolanSandslashOU|which is fair\n|c|\u2606AlolanSandslashOU|webs suck\n|c|\u2606cancer_asf_ngl|i realised in the last match it removed electric terrain too\n|\n|t:|1699099400\n|move|p1a: Tapu Koko|Thunder Punch|p2a: Ribombee\n|-damage|p2a: Ribombee|48\/100\n|move|p2a: Ribombee|Sticky Web|p1a: Tapu Koko\n|-sidestart|p1: cancer_asf_ngl|move: Sticky Web\n|\n|upkeep\n|turn|11\n|\n|t:|1699099410\n|move|p1a: Tapu Koko|Defog|p2a: Ribombee\n|-unboost|p2a: Ribombee|evasion|1\n|-sideend|p1: cancer_asf_ngl|Sticky Web|[from] move: Defog|[of] p1a: Tapu Koko\n|move|p2a: Ribombee|Moonblast|p1a: Tapu Koko\n|-damage|p1a: Tapu Koko|48\/100\n|\n|-heal|p1a: Tapu Koko|54\/100|[from] item: Leftovers\n|upkeep\n|turn|12\n|\n|t:|1699099417\n|move|p1a: Tapu Koko|Thunder Punch|p2a: Ribombee\n|-damage|p2a: Ribombee|0 fnt\n|faint|p2a: Ribombee\n|\n|-heal|p1a: Tapu Koko|60\/100|[from] item: Leftovers\n|upkeep\n|\n|t:|1699099420\n|switch|p2a: Cloyster|Cloyster, F, shiny|100\/100\n|turn|13\n|inactive|cancer_asf_ngl has 270 seconds left.\n|\n|t:|1699099461\n|-terastallize|p2a: Cloyster|Ground\n|move|p1a: Tapu Koko|U-turn|p2a: Cloyster\n|-damage|p2a: Cloyster|83\/100\n|inactive|cancer_asf_ngl has 240 seconds left.\n|\n|t:|1699099482\n|switch|p1a: Iron Leaves|Iron Leaves|100\/100|[from] U-turn\n|move|p2a: Cloyster|Shell Smash|p2a: Cloyster\n|-unboost|p2a: Cloyster|def|1\n|-unboost|p2a: Cloyster|spd|1\n|-boost|p2a: Cloyster|atk|2\n|-boost|p2a: Cloyster|spa|2\n|-boost|p2a: Cloyster|spe|2\n|-enditem|p2a: Cloyster|White Herb\n|-clearnegativeboost|p2a: Cloyster|[silent]\n|\n|upkeep\n|turn|14\n|inactive|cancer_asf_ngl has 240 seconds left.\n|\n|t:|1699099498\n|-end|p1a: Iron Leaves|Quark Drive|[silent]\n|switch|p1a: Tapu Koko|Tapu Koko|60\/100\n|-fieldstart|move: Electric Terrain|[from] ability: Electric Surge|[of] p1a: Tapu Koko\n|move|p2a: Cloyster|Icicle Spear|p1a: Tapu Koko\n|-damage|p1a: Tapu Koko|31\/100\n|-damage|p1a: Tapu Koko|3\/100\n|-damage|p1a: Tapu Koko|0 fnt\n|faint|p1a: Tapu Koko\n|-hitcount|p1: Tapu Koko|3\n|\n|upkeep\n|\n|t:|1699099500\n|switch|p1a: Iron Leaves|Iron Leaves|100\/100\n|-activate|p1a: Iron Leaves|ability: Quark Drive\n|-start|p1a: Iron Leaves|quarkdrivespe\n|turn|15\n|\n|t:|1699099506\n|move|p1a: Iron Leaves|Leaf Blade|p2a: Cloyster\n|-supereffective|p2a: Cloyster\n|-crit|p2a: Cloyster\n|-damage|p2a: Cloyster|0 fnt\n|faint|p2a: Cloyster\n|\n|upkeep\n|\n|t:|1699099511\n|switch|p2a: Sandslash|Sandslash-Alola, F|70\/100\n|turn|16\n|c|\u2606cancer_asf_ngl|did crit matter ?\n|c|\u2606AlolanSandslashOU|Idk maybe\n|inactive|cancer_asf_ngl has 240 seconds left.\n|\n|t:|1699099532\n|-end|p1a: Iron Leaves|Quark Drive|[silent]\n|switch|p1a: Iron Valiant|Iron Valiant|100\/100\n|-activate|p1a: Iron Valiant|ability: Quark Drive\n|-start|p1a: Iron Valiant|quarkdrivespe\n|move|p2a: Sandslash|Rapid Spin|p1a: Iron Valiant\n|-damage|p1a: Iron Valiant|81\/100\n|-boost|p2a: Sandslash|spe|1\n|\n|upkeep\n|turn|17\n|c|\u2606AlolanSandslashOU|are you banded\n|\n|t:|1699099542\n|move|p1a: Iron Valiant|Close Combat|p2a: Sandslash\n|-supereffective|p2a: Sandslash\n|-damage|p2a: Sandslash|0 fnt\n|-unboost|p1a: Iron Valiant|def|1\n|-unboost|p1a: Iron Valiant|spd|1\n|faint|p2a: Sandslash\n|-damage|p1a: Iron Valiant|71\/100|[from] item: Life Orb\n|\n|upkeep\n|c|\u2606cancer_asf_ngl|ill tell you at the end\n|\n|t:|1699099545\n|switch|p2a: Glastrier|Glastrier|100\/100\n|turn|18\n|inactive|cancer_asf_ngl has 240 seconds left.\n|\n|t:|1699099571\n|move|p1a: Iron Valiant|Close Combat|p2a: Glastrier\n|-supereffective|p2a: Glastrier\n|-damage|p2a: Glastrier|11\/100\n|-unboost|p1a: Iron Valiant|def|1\n|-unboost|p1a: Iron Valiant|spd|1\n|-damage|p1a: Iron Valiant|61\/100|[from] item: Life Orb\n|move|p2a: Glastrier|Icicle Crash|p1a: Iron Valiant\n|-damage|p1a: Iron Valiant|0 fnt\n|faint|p1a: Iron Valiant\n|-end|p1a: Iron Valiant|Quark Drive|[silent]\n|-ability|p2a: Glastrier|Chilling Neigh|boost\n|-boost|p2a: Glastrier|atk|1\n|\n|-heal|p2a: Glastrier|17\/100|[from] item: Leftovers\n|-fieldend|move: Electric Terrain\n|upkeep\n|inactive|cancer_asf_ngl has 240 seconds left.\n|\n|t:|1699099586\n|switch|p1a: Iron Leaves|Iron Leaves|100\/100\n|turn|19\n|\n|t:|1699099590\n|move|p1a: Iron Leaves|Close Combat|p2a: Glastrier\n|-supereffective|p2a: Glastrier\n|-damage|p2a: Glastrier|0 fnt\n|-unboost|p1a: Iron Leaves|def|1\n|-unboost|p1a: Iron Leaves|spd|1\n|faint|p2a: Glastrier\n|\n|upkeep\n|\n|t:|1699099592\n|switch|p2a: Darmanitan|Darmanitan-Galar, F|100\/100\n|turn|20\n|\n|t:|1699099597\n|move|p1a: Iron Leaves|Close Combat|p2a: Darmanitan\n|-supereffective|p2a: Darmanitan\n|-damage|p2a: Darmanitan|0 fnt\n|-unboost|p1a: Iron Leaves|def|1\n|-unboost|p1a: Iron Leaves|spd|1\n|faint|p2a: Darmanitan\n|\n|win|cancer_asf_ngl\n|c|\u2606cancer_asf_ngl|i am banded\n|c|\u2606cancer_asf_ngl|gg\n|c|\u2606AlolanSandslashOU|Ight gg you have the badge now\n|c|\u2606cancer_asf_ngl|thx\n|l|\u2606AlolanSandslashOU\n|c|\u2606cancer_asf_ngl|sorry for getting mad again\n","uploadtime":1699099619,"views":7,"p1id":"cancerasfngl","p2id":"alolansandslashou","formatid":"gen9nationaldexubers","rating":0,"private":0,"password":""}