{"id":"gen9nationaldexubers-1999231231","p1":"FenixFyre04","p2":"85792195wwww","format":"[Gen 9] National Dex Ubers","log":"|j|\u2606FenixFyre04\n|j|\u260685792195wwww\n|t:|1701048426\n|gametype|singles\n|player|p1|FenixFyre04|steven|1682\n|player|p2|85792195wwww|mira|1809\n|teamsize|p1|6\n|teamsize|p2|6\n|gen|9\n|tier|[Gen 9] National Dex Ubers\n|rated|\n|rule|HP Percentage Mod: HP is shown in percentages\n|rule|Endless Battle Clause: Forcing endless battles is banned\n|rule|OHKO Clause: OHKO moves are banned\n|rule|Evasion Moves Clause: Evasion moves are banned\n|rule|Evasion Items Clause: Evasion items are banned\n|rule|Species Clause: Limit one of each Pok\u00e9mon\n|rule|Sleep Clause Mod: Limit one foe put to sleep\n|rule|Mega Rayquaza Clause: You cannot mega evolve Rayquaza\n|clearpoke\n|poke|p1|Arceus-Fairy|\n|poke|p1|Ho-Oh|\n|poke|p1|Banette, F|\n|poke|p1|Necrozma-Dusk-Mane|\n|poke|p1|Groudon|\n|poke|p1|Rayquaza|\n|poke|p2|Arceus|\n|poke|p2|Zacian-*|\n|poke|p2|Xerneas-*|\n|poke|p2|Kyogre|\n|poke|p2|Groudon|\n|poke|p2|Deoxys-Speed|\n|teampreview\n|inactive|Battle timer is ON: inactive players will automatically lose when time's up. (requested by FenixFyre04)\n|\n|t:|1701048445\n|start\n|switch|p1a: Rayquaza|Rayquaza|100\/100\n|switch|p2a: Deoxys|Deoxys-Speed|100\/100\n|-ability|p2a: Deoxys|Pressure\n|-ability|p1a: Rayquaza|Air Lock\n|turn|1\n|\n|t:|1701048454\n|move|p1a: Rayquaza|Extreme Speed|p2a: Deoxys\n|-damage|p2a: Deoxys|57\/100\n|move|p2a: Deoxys|Trick|p1a: Rayquaza\n|-activate|p2a: Deoxys|move: Trick|[of] p1a: Rayquaza\n|-item|p1a: Rayquaza|Flame Orb|[from] move: Trick\n|-item|p2a: Deoxys|Choice Band|[from] move: Trick\n|\n|-status|p1a: Rayquaza|brn|[from] item: Flame Orb\n|upkeep\n|turn|2\n|\n|t:|1701048464\n|move|p2a: Deoxys|Stealth Rock|p1a: Rayquaza\n|-sidestart|p1: FenixFyre04|move: Stealth Rock\n|move|p1a: Rayquaza|Dragon Ascent|p2a: Deoxys\n|-damage|p2a: Deoxys|25\/100\n|-unboost|p1a: Rayquaza|def|1\n|-unboost|p1a: Rayquaza|spd|1\n|\n|-damage|p1a: Rayquaza|95\/100 brn|[from] brn\n|upkeep\n|turn|3\n|\n|t:|1701048474\n|switch|p2a: Zacian|Zacian-Crowned|100\/100\n|-ability|p2a: Zacian|Intrepid Sword|boost\n|-boost|p2a: Zacian|atk|1\n|move|p1a: Rayquaza|Dragon Ascent|p2a: Zacian\n|-resisted|p2a: Zacian\n|-damage|p2a: Zacian|84\/100\n|-unboost|p1a: Rayquaza|def|1\n|-unboost|p1a: Rayquaza|spd|1\n|\n|-damage|p1a: Rayquaza|89\/100 brn|[from] brn\n|upkeep\n|turn|4\n|\n|t:|1701048487\n|move|p2a: Zacian|Swords Dance|p2a: Zacian\n|-boost|p2a: Zacian|atk|2\n|move|p1a: Rayquaza|V-create|p2a: Zacian\n|-supereffective|p2a: Zacian\n|-damage|p2a: Zacian|24\/100\n|-unboost|p1a: Rayquaza|spe|1\n|-unboost|p1a: Rayquaza|def|1\n|-unboost|p1a: Rayquaza|spd|1\n|\n|-damage|p1a: Rayquaza|83\/100 brn|[from] brn\n|upkeep\n|turn|5\n|\n|t:|1701048498\n|move|p1a: Rayquaza|Extreme Speed|p2a: Zacian\n|-resisted|p2a: Zacian\n|-damage|p2a: Zacian|17\/100\n|move|p2a: Zacian|Behemoth Blade|p1a: Rayquaza\n|-damage|p1a: Rayquaza|0 fnt\n|faint|p1a: Rayquaza\n|\n|upkeep\n|\n|t:|1701048515\n|switch|p1a: Banette|Banette, F|100\/100\n|-damage|p1a: Banette|88\/100|[from] Stealth Rock\n|-item|p2a: Zacian|Rusted Sword|[from] ability: Frisk|[of] p1a: Banette|[identify]\n|turn|6\n|\n|t:|1701048522\n|detailschange|p1a: Banette|Banette-Mega, F\n|-mega|p1a: Banette|Banette|Banettite\n|move|p1a: Banette|Destiny Bond|p1a: Banette\n|-singlemove|p1a: Banette|Destiny Bond\n|move|p2a: Zacian|Behemoth Blade|p1a: Banette\n|-damage|p1a: Banette|0 fnt\n|faint|p1a: Banette\n|-activate|p1a: Banette|move: Destiny Bond\n|faint|p2a: Zacian\n|\n|upkeep\n|\n|t:|1701048538\n|switch|p2a: Deoxys|Deoxys-Speed|25\/100\n|switch|p1a: Ho-Oh|Ho-Oh, shiny|100\/100\n|-ability|p2a: Deoxys|Pressure\n|turn|7\n|\n|t:|1701048545\n|move|p2a: Deoxys|Trick|p1a: Ho-Oh\n|-activate|p2a: Deoxys|move: Trick|[of] p1a: Ho-Oh\n|-item|p1a: Ho-Oh|Choice Band|[from] move: Trick\n|-item|p2a: Deoxys|Heavy-Duty Boots|[from] move: Trick\n|move|p1a: Ho-Oh|Defog|p2a: Deoxys\n|-unboost|p2a: Deoxys|evasion|1\n|-sideend|p1: FenixFyre04|Stealth Rock|[from] move: Defog|[of] p1a: Ho-Oh\n|\n|upkeep\n|turn|8\n|\n|t:|1701048553\n|switch|p1a: Groudon|Groudon, shiny|100\/100\n|detailschange|p1a: Groudon|Groudon-Primal, shiny\n|-primal|p1a: Groudon|Red Orb\n|-weather|DesolateLand|[from] ability: Desolate Land|[of] p1a: Groudon\n|move|p2a: Deoxys|Stealth Rock|p1a: Groudon\n|-sidestart|p1: FenixFyre04|move: Stealth Rock\n|\n|-weather|DesolateLand|[upkeep]\n|upkeep\n|turn|9\n|\n|t:|1701048561\n|move|p2a: Deoxys|Taunt|p1a: Groudon\n|-start|p1a: Groudon|move: Taunt\n|cant|p1a: Groudon|move: Taunt|Swords Dance\n|\n|-weather|DesolateLand|[upkeep]\n|upkeep\n|turn|10\n|\n|t:|1701048575\n|move|p2a: Deoxys|Taunt||[still]\n|-fail|p2a: Deoxys\n|move|p1a: Groudon|Precipice Blades|p2a: Deoxys\n|-damage|p2a: Deoxys|0 fnt\n|faint|p2a: Deoxys\n|\n|-weather|DesolateLand|[upkeep]\n|upkeep\n|\n|t:|1701048587\n|switch|p2a: Arceus|Arceus|100\/100\n|turn|11\n|\n|t:|1701048591\n|move|p2a: Arceus|Swords Dance|p2a: Arceus\n|-boost|p2a: Arceus|atk|2\n|move|p1a: Groudon|Heat Crash|p2a: Arceus\n|-damage|p2a: Arceus|38\/100\n|\n|-weather|DesolateLand|[upkeep]\n|-end|p1a: Groudon|move: Taunt\n|upkeep\n|turn|12\n|\n|t:|1701048600\n|move|p2a: Arceus|Earthquake|p1a: Groudon\n|-supereffective|p1a: Groudon\n|-crit|p1a: Groudon\n|-damage|p1a: Groudon|0 fnt\n|faint|p1a: Groudon\n|-weather|none\n|-damage|p2a: Arceus|28\/100|[from] item: Life Orb\n|\n|upkeep\n|\n|t:|1701048611\n|switch|p1a: Arceus|Arceus-Fairy|100\/100\n|-damage|p1a: Arceus|88\/100|[from] Stealth Rock\n|turn|13\n|\n|t:|1701048624\n|switch|p2a: Groudon|Groudon|100\/100\n|detailschange|p2a: Groudon|Groudon-Primal\n|-primal|p2a: Groudon|Red Orb\n|-weather|DesolateLand|[from] ability: Desolate Land|[of] p2a: Groudon\n|move|p1a: Arceus|Judgment|p2a: Groudon\n|-resisted|p2a: Groudon\n|-damage|p2a: Groudon|76\/100\n|\n|-weather|DesolateLand|[upkeep]\n|upkeep\n|turn|14\n|\n|t:|1701048634\n|switch|p1a: Ho-Oh|Ho-Oh, shiny|100\/100\n|-damage|p1a: Ho-Oh|51\/100|[from] Stealth Rock\n|move|p2a: Groudon|Rock Polish|p2a: Groudon\n|-boost|p2a: Groudon|spe|2\n|\n|-weather|DesolateLand|[upkeep]\n|upkeep\n|turn|15\n|\n|t:|1701048643\n|move|p2a: Groudon|Swords Dance|p2a: Groudon\n|-boost|p2a: Groudon|atk|2\n|move|p1a: Ho-Oh|Defog|p2a: Groudon\n|-unboost|p2a: Groudon|evasion|1\n|-sideend|p1: FenixFyre04|Stealth Rock|[from] move: Defog|[of] p1a: Ho-Oh\n|\n|-weather|DesolateLand|[upkeep]\n|upkeep\n|turn|16\n|\n|t:|1701048651\n|switch|p1a: Arceus|Arceus-Fairy|88\/100\n|move|p2a: Groudon|Heat Crash|p1a: Arceus\n|-damage|p1a: Arceus|0 fnt\n|faint|p1a: Arceus\n|\n|-weather|DesolateLand|[upkeep]\n|upkeep\n|\n|t:|1701048655\n|switch|p1a: Ho-Oh|Ho-Oh, shiny|84\/100\n|turn|17\n|\n|t:|1701048660\n|-terastallize|p1a: Ho-Oh|Dragon\n|move|p2a: Groudon|Heat Crash|p1a: Ho-Oh\n|-resisted|p1a: Ho-Oh\n|-damage|p1a: Ho-Oh|0 fnt\n|faint|p1a: Ho-Oh\n|\n|-weather|DesolateLand|[upkeep]\n|upkeep\n|\n|t:|1701048667\n|switch|p1a: Necrozma|Necrozma-Dusk-Mane|100\/100\n|turn|18\n|\n|t:|1701048673\n|detailschange|p1a: Necrozma|Necrozma-Ultra\n|-burst|p1a: Necrozma|Necrozma|Ultranecrozium Z\n|move|p2a: Groudon|Earthquake|p1a: Necrozma\n|-damage|p1a: Necrozma|0 fnt\n|faint|p1a: Necrozma\n|\n|win|85792195wwww\n|raw|FenixFyre04's rating: 1682 &rarr; <strong>1669<\/strong><br \/>(-13 for losing)\n|raw|85792195wwww's rating: 1809 &rarr; <strong>1822<\/strong><br \/>(+13 for winning)\n","uploadtime":1701048682,"views":2,"p1id":"fenixfyre04","p2id":"85792195wwww","formatid":"gen9nationaldexubers","rating":1669,"private":0,"password":""}