{"id":"gen9nationaldexubers-1997807262","p1":"Omey","p2":"Autometalogolex11","format":"[Gen 9] National Dex Ubers","log":"|j|\u2606Omey\n|j|\u2606Autometalogolex11\n|t:|1700854810\n|gametype|singles\n|player|p1|Omey|galacticgrunt|\n|player|p2|Autometalogolex11|n|\n|teamsize|p1|4\n|teamsize|p2|4\n|gen|9\n|tier|[Gen 9] National Dex Ubers\n|rule|HP Percentage Mod: HP is shown in percentages\n|rule|Endless Battle Clause: Forcing endless battles is banned\n|rule|OHKO Clause: OHKO moves are banned\n|rule|Evasion Moves Clause: Evasion moves are banned\n|rule|Evasion Items Clause: Evasion items are banned\n|rule|Species Clause: Limit one of each Pok\u00e9mon\n|rule|Sleep Clause Mod: Limit one foe put to sleep\n|rule|Mega Rayquaza Clause: You cannot mega evolve Rayquaza\n|clearpoke\n|poke|p1|Snorlax, F|\n|poke|p1|Zygarde|\n|poke|p1|Okidogi, M|\n|poke|p1|Klefki, F|\n|poke|p2|Beartic, M|\n|poke|p2|Togedemaru, M|\n|poke|p2|Garchomp, F|\n|poke|p2|Shiinotic, F|\n|teampreview\n|\n|t:|1700854828\n|start\n|switch|p1a: Table|Klefki, F|100\/100\n|switch|p2a: Don't Miss|Garchomp, F|100\/100\n|turn|1\n|\n|t:|1700854832\n|move|p1a: Table|Light Screen|p1a: Table\n|-sidestart|p1: Omey|move: Light Screen\n|move|p2a: Don't Miss|Earth Power|p1a: Table\n|-supereffective|p1a: Table\n|-damage|p1a: Table|44\/100\n|\n|upkeep\n|turn|2\n|\n|t:|1700854845\n|move|p1a: Table|Spikes|p2a: Don't Miss\n|-sidestart|p2: Autometalogolex11|Spikes\n|move|p2a: Don't Miss|Earth Power|p1a: Table\n|-supereffective|p1a: Table\n|-damage|p1a: Table|0 fnt\n|faint|p1a: Table\n|\n|upkeep\n|\n|t:|1700854912\n|switch|p1a: Salazar Slytherin|Zygarde|100\/100\n|turn|3\n|\n|t:|1700854934\n|switch|p2a: PortaBelaLugosi|Shiinotic, F, shiny|100\/100\n|-damage|p2a: PortaBelaLugosi|88\/100|[from] Spikes\n|move|p1a: Salazar Slytherin|Glare|p2a: PortaBelaLugosi\n|-status|p2a: PortaBelaLugosi|par\n|\n|upkeep\n|turn|4\n|\n|t:|1700854957\n|move|p1a: Salazar Slytherin|Substitute|p1a: Salazar Slytherin\n|-start|p1a: Salazar Slytherin|Substitute\n|-damage|p1a: Salazar Slytherin|75\/100\n|move|p2a: PortaBelaLugosi|Draining Kiss|p1a: Salazar Slytherin\n|-supereffective|p1a: Salazar Slytherin\n|-activate|p1a: Salazar Slytherin|move: Substitute|[damage]\n|-heal|p2a: PortaBelaLugosi|100\/100 par|[from] drain|[of] p1a: Salazar Slytherin\n|\n|-heal|p1a: Salazar Slytherin|82\/100|[from] item: Leftovers\n|upkeep\n|turn|5\n|\n|t:|1700854964\n|move|p1a: Salazar Slytherin|Dragon Dance|p1a: Salazar Slytherin\n|-boost|p1a: Salazar Slytherin|atk|1\n|-boost|p1a: Salazar Slytherin|spe|1\n|move|p2a: PortaBelaLugosi|Draining Kiss|p1a: Salazar Slytherin\n|-supereffective|p1a: Salazar Slytherin\n|-end|p1a: Salazar Slytherin|Substitute\n|\n|-heal|p1a: Salazar Slytherin|88\/100|[from] item: Leftovers\n|upkeep\n|turn|6\n|\n|t:|1700854973\n|move|p1a: Salazar Slytherin|Dragon Dance|p1a: Salazar Slytherin\n|-boost|p1a: Salazar Slytherin|atk|1\n|-boost|p1a: Salazar Slytherin|spe|1\n|cant|p2a: PortaBelaLugosi|par\n|\n|-heal|p1a: Salazar Slytherin|94\/100|[from] item: Leftovers\n|upkeep\n|turn|7\n|\n|t:|1700854987\n|move|p1a: Salazar Slytherin|Substitute|p1a: Salazar Slytherin\n|-start|p1a: Salazar Slytherin|Substitute\n|-damage|p1a: Salazar Slytherin|69\/100\n|move|p2a: PortaBelaLugosi|Draining Kiss|p1a: Salazar Slytherin\n|-supereffective|p1a: Salazar Slytherin\n|-activate|p1a: Salazar Slytherin|move: Substitute|[damage]\n|\n|-heal|p1a: Salazar Slytherin|75\/100|[from] item: Leftovers\n|upkeep\n|turn|8\n|\n|t:|1700854990\n|move|p1a: Salazar Slytherin|Dragon Dance|p1a: Salazar Slytherin\n|-boost|p1a: Salazar Slytherin|atk|1\n|-boost|p1a: Salazar Slytherin|spe|1\n|move|p2a: PortaBelaLugosi|Draining Kiss|p1a: Salazar Slytherin\n|-supereffective|p1a: Salazar Slytherin\n|-end|p1a: Salazar Slytherin|Substitute\n|\n|-heal|p1a: Salazar Slytherin|81\/100|[from] item: Leftovers\n|-sideend|p1: Omey|move: Light Screen\n|upkeep\n|turn|9\n|\n|t:|1700855002\n|move|p1a: Salazar Slytherin|Dragon Dance|p1a: Salazar Slytherin\n|-boost|p1a: Salazar Slytherin|atk|1\n|-boost|p1a: Salazar Slytherin|spe|1\n|cant|p2a: PortaBelaLugosi|par\n|\n|-heal|p1a: Salazar Slytherin|88\/100|[from] item: Leftovers\n|upkeep\n|turn|10\n|\n|t:|1700855008\n|move|p1a: Salazar Slytherin|Dragon Dance|p1a: Salazar Slytherin\n|-boost|p1a: Salazar Slytherin|atk|1\n|-boost|p1a: Salazar Slytherin|spe|1\n|cant|p2a: PortaBelaLugosi|par\n|\n|-heal|p1a: Salazar Slytherin|94\/100|[from] item: Leftovers\n|upkeep\n|turn|11\n|\n|t:|1700855015\n|move|p1a: Salazar Slytherin|Dragon Dance|p1a: Salazar Slytherin\n|-boost|p1a: Salazar Slytherin|atk|1\n|-boost|p1a: Salazar Slytherin|spe|1\n|move|p2a: PortaBelaLugosi|Draining Kiss|p1a: Salazar Slytherin\n|-supereffective|p1a: Salazar Slytherin\n|-damage|p1a: Salazar Slytherin|56\/100\n|\n|-heal|p1a: Salazar Slytherin|62\/100|[from] item: Leftovers\n|upkeep\n|turn|12\n|\n|t:|1700855021\n|move|p1a: Salazar Slytherin|Substitute|p1a: Salazar Slytherin\n|-start|p1a: Salazar Slytherin|Substitute\n|-damage|p1a: Salazar Slytherin|37\/100\n|move|p2a: PortaBelaLugosi|Draining Kiss|p1a: Salazar Slytherin\n|-supereffective|p1a: Salazar Slytherin\n|-end|p1a: Salazar Slytherin|Substitute\n|\n|-heal|p1a: Salazar Slytherin|44\/100|[from] item: Leftovers\n|-activate|p1a: Salazar Slytherin|ability: Power Construct\n|detailschange|p1a: Salazar Slytherin|Zygarde-Complete\n|-heal|p1a: Salazar Slytherin|63\/100|[silent]\n|upkeep\n|turn|13\n|\n|t:|1700855028\n|move|p1a: Salazar Slytherin|Dig||[still]\n|-prepare|p1a: Salazar Slytherin|Dig\n|move|p2a: PortaBelaLugosi|Draining Kiss|p1a: Salazar Slytherin|[miss]\n|-miss|p2a: PortaBelaLugosi|p1a: Salazar Slytherin\n|\n|-heal|p1a: Salazar Slytherin|69\/100|[from] item: Leftovers\n|upkeep\n|turn|14\n|c|\u2606Omey|Autobots roll out\n|\n|t:|1700855033\n|move|p1a: Salazar Slytherin|Dig|p2a: PortaBelaLugosi|[from]lockedmove\n|-resisted|p2a: PortaBelaLugosi\n|-damage|p2a: PortaBelaLugosi|3\/100 par\n|move|p2a: PortaBelaLugosi|Spore|p1a: Salazar Slytherin\n|-status|p1a: Salazar Slytherin|slp|[from] move: Spore\n|\n|-heal|p1a: Salazar Slytherin|75\/100 slp|[from] item: Leftovers\n|upkeep\n|turn|15\n|c|\u2606Omey|NOOOOO\n|\n|t:|1700855043\n|cant|p1a: Salazar Slytherin|slp\n|move|p2a: PortaBelaLugosi|Draining Kiss|p1a: Salazar Slytherin\n|-supereffective|p1a: Salazar Slytherin\n|-damage|p1a: Salazar Slytherin|50\/100 slp\n|-heal|p2a: PortaBelaLugosi|50\/100 par|[from] drain|[of] p1a: Salazar Slytherin\n|\n|-heal|p1a: Salazar Slytherin|56\/100 slp|[from] item: Leftovers\n|upkeep\n|turn|16\n|\n|t:|1700855056\n|cant|p1a: Salazar Slytherin|slp\n|cant|p2a: PortaBelaLugosi|par\n|\n|-heal|p1a: Salazar Slytherin|63\/100 slp|[from] item: Leftovers\n|upkeep\n|turn|17\n|\n|t:|1700855059\n|-curestatus|p1a: Salazar Slytherin|slp|[msg]\n|move|p1a: Salazar Slytherin|Dig||[still]\n|-prepare|p1a: Salazar Slytherin|Dig\n|cant|p2a: PortaBelaLugosi|par\n|\n|-heal|p1a: Salazar Slytherin|69\/100|[from] item: Leftovers\n|upkeep\n|turn|18\n|\n|t:|1700855063\n|move|p1a: Salazar Slytherin|Dig|p2a: PortaBelaLugosi|[from]lockedmove\n|-resisted|p2a: PortaBelaLugosi\n|-damage|p2a: PortaBelaLugosi|0 fnt\n|-status|p1a: Salazar Slytherin|par|[from] ability: Effect Spore|[of] p2a: PortaBelaLugosi\n|faint|p2a: PortaBelaLugosi\n|\n|-heal|p1a: Salazar Slytherin|75\/100 par|[from] item: Leftovers\n|upkeep\n|\n|t:|1700855080\n|switch|p2a: Herbert|Beartic, M|100\/100\n|-damage|p2a: Herbert|88\/100|[from] Spikes\n|turn|19\n|\n|t:|1700855084\n|move|p1a: Salazar Slytherin|Dig||[still]\n|-prepare|p1a: Salazar Slytherin|Dig\n|move|p2a: Herbert|Snowscape|p2a: Herbert\n|-weather|Snow\n|\n|-weather|Snow|[upkeep]\n|-heal|p1a: Salazar Slytherin|81\/100 par|[from] item: Leftovers\n|upkeep\n|turn|20\n|\n|t:|1700855088\n|switch|p2a: Lemon Jello|Togedemaru, M|100\/100\n|-damage|p2a: Lemon Jello|88\/100|[from] Spikes\n|move|p1a: Salazar Slytherin|Dig|p2a: Lemon Jello|[from]lockedmove\n|-supereffective|p2a: Lemon Jello\n|-crit|p2a: Lemon Jello\n|-damage|p2a: Lemon Jello|0 fnt\n|faint|p2a: Lemon Jello\n|\n|-weather|Snow|[upkeep]\n|-heal|p1a: Salazar Slytherin|87\/100 par|[from] item: Leftovers\n|upkeep\n|\n|t:|1700855091\n|switch|p2a: Herbert|Beartic, M|88\/100\n|-damage|p2a: Herbert|76\/100|[from] Spikes\n|turn|21\n|\n|t:|1700855120\n|move|p2a: Herbert|Icicle Spear|p1a: Salazar Slytherin\n|-supereffective|p1a: Salazar Slytherin\n|-damage|p1a: Salazar Slytherin|61\/100 par\n|-supereffective|p1a: Salazar Slytherin\n|-damage|p1a: Salazar Slytherin|34\/100 par\n|-supereffective|p1a: Salazar Slytherin\n|-damage|p1a: Salazar Slytherin|8\/100 par\n|-supereffective|p1a: Salazar Slytherin\n|-damage|p1a: Salazar Slytherin|0 fnt\n|faint|p1a: Salazar Slytherin\n|-hitcount|p1: Salazar Slytherin|4\n|\n|-weather|Snow|[upkeep]\n|upkeep\n|\n|t:|1700855124\n|switch|p1a: Keeth|Okidogi, M|100\/100\n|turn|22\n|\n|t:|1700855132\n|move|p2a: Herbert|Icicle Spear|p1a: Keeth\n|-damage|p1a: Keeth|90\/100\n|-damage|p1a: Keeth|81\/100\n|-damage|p1a: Keeth|70\/100\n|-damage|p1a: Keeth|61\/100\n|-hitcount|p1a: Keeth|4\n|move|p1a: Keeth|Drain Punch|p2a: Herbert\n|-supereffective|p2a: Herbert\n|-damage|p2a: Herbert|12\/100\n|-heal|p1a: Keeth|90\/100|[from] drain|[of] p2a: Herbert\n|\n|-weather|Snow|[upkeep]\n|upkeep\n|turn|23\n|\n|t:|1700855142\n|move|p2a: Herbert|Liquidation|p1a: Keeth\n|-damage|p1a: Keeth|69\/100\n|move|p1a: Keeth|Drain Punch|p2a: Herbert\n|-supereffective|p2a: Herbert\n|-damage|p2a: Herbert|0 fnt\n|-heal|p1a: Keeth|74\/100|[from] drain|[of] p2a: Herbert\n|faint|p2a: Herbert\n|\n|-weather|none\n|upkeep\n|\n|t:|1700855143\n|switch|p2a: Don't Miss|Garchomp, F|100\/100\n|-damage|p2a: Don't Miss|88\/100|[from] Spikes\n|turn|24\n|\n|t:|1700855151\n|move|p2a: Don't Miss|Earth Power|p1a: Keeth\n|-supereffective|p1a: Keeth\n|-damage|p1a: Keeth|0 fnt\n|faint|p1a: Keeth\n|\n|upkeep\n|c|\u2606Omey|IM BOUTTA PULVERISE\n|\n|t:|1700855158\n|switch|p1a: Roulette|Snorlax, F, shiny|100\/100\n|turn|25\n|\n|t:|1700855163\n|move|p2a: Don't Miss|Earth Power|p1a: Roulette\n|-damage|p1a: Roulette|71\/100\n|-zpower|p1a: Roulette\n|move|p1a: Roulette|Pulverizing Pancake|p2a: Don't Miss|[zeffect]\n|-damage|p2a: Don't Miss|7\/100\n|-damage|p1a: Roulette|59\/100|[from] ability: Rough Skin|[of] p2a: Don't Miss\n|\n|upkeep\n|turn|26\n|\n|t:|1700855167\n|move|p2a: Don't Miss|Earth Power|p1a: Roulette\n|-damage|p1a: Roulette|32\/100\n|move|p1a: Roulette|Giga Impact|p2a: Don't Miss\n|-crit|p2a: Don't Miss\n|-damage|p2a: Don't Miss|0 fnt\n|-mustrecharge|p1a: Roulette\n|-damage|p1a: Roulette|20\/100|[from] ability: Rough Skin|[of] p2a: Don't Miss\n|faint|p2a: Don't Miss\n|\n|win|Omey\n|c|\u2606Autometalogolex11|gg\n|c|\u2606Omey|gg lol\n","uploadtime":1700855182,"views":9,"p1id":"omey","p2id":"autometalogolex11","formatid":"gen9nationaldexubers","rating":0,"private":0,"password":""}