{"id":"gen9nationaldexubers-1987996392","p1":"predator30","p2":"Pex Hater","format":"[Gen 9] National Dex Ubers","log":"|j|\u2606predator30\n|j|\u2606Pex Hater\n|t:|1699657240\n|gametype|singles\n|player|p1|predator30|cynthia|\n|player|p2|Pex Hater|cheryl|\n|teamsize|p1|6\n|teamsize|p2|6\n|gen|9\n|tier|[Gen 9] National Dex Ubers\n|rule|HP Percentage Mod: HP is shown in percentages\n|rule|Endless Battle Clause: Forcing endless battles is banned\n|rule|OHKO Clause: OHKO moves are banned\n|rule|Evasion Moves Clause: Evasion moves are banned\n|rule|Evasion Items Clause: Evasion items are banned\n|rule|Species Clause: Limit one of each Pok\u00e9mon\n|rule|Sleep Clause Mod: Limit one foe put to sleep\n|rule|Mega Rayquaza Clause: You cannot mega evolve Rayquaza\n|clearpoke\n|poke|p1|Cosmoem|\n|poke|p1|Magikarp, F|\n|poke|p1|Tapu Fini|\n|poke|p1|Scizor, F|\n|poke|p1|Latias, F|\n|poke|p1|Zygarde-10%|\n|poke|p2|Nidoking, M|\n|poke|p2|Venusaur, F|\n|poke|p2|Glimmora, F|\n|poke|p2|Muk-Alola, F|\n|poke|p2|Amoonguss, M|\n|poke|p2|Clodsire, M|\n|teampreview\n|c|\u2606Pex Hater|wow\n|c|\u2606predator30|didnt expect those mons\n|c|\u2606predator30|:0\n|c|\u2606Pex Hater|it's almost like i only needed to prep for 4 mons\n|c|\u2606Pex Hater|crazy\n|c|\u2606Pex Hater|:^)\n|c|\u2606predator30|lmao\n|c|\u2606Pex Hater|oops\n|c|\u2606Pex Hater|uh\n|c|\u2606Pex Hater|went to post link\n|c|\u2606Pex Hater|almost ff'd through leaving page\n|c|\u2606predator30|LOL\n|\n|t:|1699657303\n|start\n|switch|p1a: Scizor|Scizor, F|100\/100\n|switch|p2a: Rose Sign|Glimmora, F|100\/100\n|turn|1\n|c|\u2606predator30|that wpulda been nice\n|\n|t:|1699657321\n|move|p1a: Scizor|Bullet Punch|p2a: Rose Sign\n|-supereffective|p2a: Rose Sign\n|-enditem|p2a: Rose Sign|Focus Sash\n|-damage|p2a: Rose Sign|1\/100\n|-activate|p2a: Rose Sign|ability: Toxic Debris\n|-sidestart|p1: predator30|move: Toxic Spikes\n|move|p2a: Rose Sign|Stealth Rock|p1a: Scizor\n|-sidestart|p1: predator30|move: Stealth Rock\n|\n|upkeep\n|turn|2\n|\n|t:|1699657329\n|move|p1a: Scizor|Bullet Punch|p2a: Rose Sign\n|-supereffective|p2a: Rose Sign\n|-damage|p2a: Rose Sign|0 fnt\n|-activate|p2a: Rose Sign|ability: Toxic Debris\n|-sidestart|p1: predator30|move: Toxic Spikes\n|faint|p2a: Rose Sign\n|\n|upkeep\n|\n|t:|1699657337\n|switch|p2a: My Form Empties|Nidoking, M|100\/100\n|turn|3\n|j| KingPepper7\n|\n|t:|1699657362\n|switch|p1a: Magikarp|Magikarp, F|100\/100\n|-status|p1a: Magikarp|tox\n|-damage|p1a: Magikarp|88\/100 tox|[from] Stealth Rock\n|move|p2a: My Form Empties|Flamethrower|p1a: Magikarp\n|-resisted|p1a: Magikarp\n|-damage|p1a: Magikarp|0 fnt\n|faint|p1a: Magikarp\n|\n|upkeep\n|c|\u2606Pex Hater|no crit me\n|c|\u2606Pex Hater|oh\n|\n|t:|1699657380\n|switch|p1a: Zygarde|Zygarde-10%|100\/100\n|-status|p1a: Zygarde|tox\n|-damage|p1a: Zygarde|94\/100 tox|[from] Stealth Rock\n|-ability|p1a: Zygarde|Aura Break\n|turn|4\n|\n|t:|1699657383\n|switch|p2a: Wellcheers|Amoonguss, M|100\/100\n|move|p1a: Zygarde|Earthquake|p2a: Wellcheers\n|-damage|p2a: Wellcheers|50\/100\n|\n|-damage|p1a: Zygarde|88\/100 tox|[from] psn\n|upkeep\n|turn|5\n|\n|t:|1699657391\n|move|p1a: Zygarde|Earthquake|p2a: Wellcheers\n|-damage|p2a: Wellcheers|0 fnt\n|faint|p2a: Wellcheers\n|\n|-damage|p1a: Zygarde|76\/100 tox|[from] psn\n|upkeep\n|\n|t:|1699657393\n|switch|p2a: Ebony Stem|Venusaur, F|100\/100\n|turn|6\n|\n|t:|1699657399\n|switch|p1a: Scizor|Scizor, F|100\/100\n|-damage|p1a: Scizor|88\/100|[from] Stealth Rock\n|detailschange|p2a: Ebony Stem|Venusaur-Mega, F\n|-mega|p2a: Ebony Stem|Venusaur|Venusaurite\n|move|p2a: Ebony Stem|Leech Seed|p1a: Scizor\n|-start|p1a: Scizor|move: Leech Seed\n|\n|-damage|p1a: Scizor|76\/100|[from] Leech Seed|[of] p2a: Ebony Stem\n|upkeep\n|turn|7\n|\n|t:|1699657419\n|move|p1a: Scizor|U-turn|p2a: Ebony Stem\n|-damage|p2a: Ebony Stem|62\/100\n|\n|t:|1699657426\n|switch|p1a: Latias|Latias, F|100\/100|[from] U-turn\n|-damage|p1a: Latias|88\/100|[from] Stealth Rock\n|move|p2a: Ebony Stem|Hidden Power|p1a: Latias\n|-resisted|p1a: Latias\n|-damage|p1a: Latias|82\/100\n|\n|upkeep\n|turn|8\n|c|\u2606Pex Hater|brother\n|c|\u2606Pex Hater|i deadass\n|c|\u2606Pex Hater|didn't see eq on the paste\n|c|\u2606Pex Hater|lmao\n|c|\u2606predator30|HOW\n|c|\u2606Pex Hater|i looked\n|c| KingPepper7|ragu nation cant read\n|c|\u2606Pex Hater|banded\n|c|\u2606Pex Hater|thousand arrows\n|\n|t:|1699657475\n|switch|p1a: Scizor|Scizor, F|76\/100\n|-damage|p1a: Scizor|63\/100|[from] Stealth Rock\n|move|p2a: Ebony Stem|Synthesis|p2a: Ebony Stem\n|-heal|p2a: Ebony Stem|100\/100\n|\n|upkeep\n|turn|9\n|c|\u2606Pex Hater|all i needed to see\n|\n|t:|1699657483\n|move|p1a: Scizor|U-turn|p2a: Ebony Stem\n|-damage|p2a: Ebony Stem|66\/100\n|\n|t:|1699657488\n|switch|p1a: Tapu Fini|Tapu Fini|100\/100|[from] U-turn\n|-status|p1a: Tapu Fini|tox\n|-damage|p1a: Tapu Fini|88\/100 tox|[from] Stealth Rock\n|-fieldstart|move: Misty Terrain|[from] ability: Misty Surge|[of] p1a: Tapu Fini\n|move|p2a: Ebony Stem|Leech Seed|p1a: Tapu Fini\n|-start|p1a: Tapu Fini|move: Leech Seed\n|\n|-heal|p1a: Tapu Fini|94\/100 tox|[from] item: Leftovers\n|-damage|p1a: Tapu Fini|82\/100 tox|[from] Leech Seed|[of] p2a: Ebony Stem\n|-heal|p2a: Ebony Stem|77\/100|[silent]\n|-damage|p1a: Tapu Fini|75\/100 tox|[from] psn\n|upkeep\n|turn|10\n|\n|t:|1699657512\n|switch|p1a: Scizor|Scizor, F|63\/100\n|-damage|p1a: Scizor|51\/100|[from] Stealth Rock\n|move|p2a: Ebony Stem|Leech Seed|p1a: Scizor\n|-start|p1a: Scizor|move: Leech Seed\n|\n|-damage|p1a: Scizor|39\/100|[from] Leech Seed|[of] p2a: Ebony Stem\n|-heal|p2a: Ebony Stem|88\/100|[silent]\n|upkeep\n|turn|11\n|\n|t:|1699657518\n|move|p1a: Scizor|U-turn|p2a: Ebony Stem\n|-damage|p2a: Ebony Stem|49\/100\n|\n|t:|1699657519\n|switch|p1a: Tapu Fini|Tapu Fini|75\/100 tox|[from] U-turn\n|-damage|p1a: Tapu Fini|63\/100 tox|[from] Stealth Rock\n|move|p2a: Ebony Stem|Synthesis|p2a: Ebony Stem\n|-heal|p2a: Ebony Stem|99\/100\n|\n|-heal|p1a: Tapu Fini|69\/100 tox|[from] item: Leftovers\n|-damage|p1a: Tapu Fini|63\/100 tox|[from] psn\n|upkeep\n|turn|12\n|\n|t:|1699657530\n|move|p1a: Tapu Fini|Taunt|p2a: Ebony Stem\n|-start|p2a: Ebony Stem|move: Taunt\n|move|p2a: Ebony Stem|Giga Drain|p1a: Tapu Fini\n|-supereffective|p1a: Tapu Fini\n|-damage|p1a: Tapu Fini|14\/100 tox\n|-heal|p2a: Ebony Stem|100\/100|[from] drain|[of] p1a: Tapu Fini\n|\n|-heal|p1a: Tapu Fini|20\/100 tox|[from] item: Leftovers\n|-damage|p1a: Tapu Fini|7\/100 tox|[from] psn\n|upkeep\n|turn|13\n|\n|t:|1699657536\n|move|p1a: Tapu Fini|Surf|p2a: Ebony Stem\n|-resisted|p2a: Ebony Stem\n|-damage|p2a: Ebony Stem|89\/100\n|move|p2a: Ebony Stem|Giga Drain|p1a: Tapu Fini\n|-supereffective|p1a: Tapu Fini\n|-damage|p1a: Tapu Fini|0 fnt\n|-heal|p2a: Ebony Stem|93\/100|[from] drain|[of] p1a: Tapu Fini\n|faint|p1a: Tapu Fini\n|\n|-fieldend|Misty Terrain\n|upkeep\n|\n|t:|1699657540\n|switch|p1a: Scizor|Scizor, F|39\/100\n|-damage|p1a: Scizor|26\/100|[from] Stealth Rock\n|turn|14\n|\n|t:|1699657544\n|move|p1a: Scizor|U-turn|p2a: Ebony Stem\n|-damage|p2a: Ebony Stem|58\/100\n|\n|t:|1699657568\n|switch|p1a: Latias|Latias, F|82\/100|[from] U-turn\n|-damage|p1a: Latias|70\/100|[from] Stealth Rock\n|move|p2a: Ebony Stem|Giga Drain|p1a: Latias\n|-resisted|p1a: Latias\n|-damage|p1a: Latias|58\/100\n|-heal|p2a: Ebony Stem|64\/100|[from] drain|[of] p1a: Latias\n|\n|-end|p2a: Ebony Stem|move: Taunt\n|upkeep\n|turn|15\n|\n|t:|1699657574\n|switch|p2a: Pursuance|Clodsire, M|100\/100\n|detailschange|p1a: Latias|Latias-Mega, F\n|-mega|p1a: Latias|Latias|Latiasite\n|move|p1a: Latias|Calm Mind|p1a: Latias\n|-boost|p1a: Latias|spa|1\n|-boost|p1a: Latias|spd|1\n|\n|upkeep\n|turn|16\n|\n|t:|1699657578\n|switch|p1a: Zygarde|Zygarde-10%|76\/100 tox\n|-damage|p1a: Zygarde|70\/100 tox|[from] Stealth Rock\n|-ability|p1a: Zygarde|Aura Break\n|move|p2a: Pursuance|Toxic|p1a: Zygarde\n|-fail|p1a: Zygarde|tox\n|\n|-damage|p1a: Zygarde|64\/100 tox|[from] psn\n|upkeep\n|turn|17\n|\n|t:|1699657588\n|switch|p2a: My Form Empties|Nidoking, M|100\/100\n|move|p1a: Zygarde|Earthquake|p2a: My Form Empties\n|-supereffective|p2a: My Form Empties\n|-damage|p2a: My Form Empties|0 fnt\n|faint|p2a: My Form Empties\n|\n|-damage|p1a: Zygarde|52\/100 tox|[from] psn\n|upkeep\n|\n|t:|1699657590\n|switch|p2a: Ebony Stem|Venusaur-Mega, F|64\/100\n|turn|18\n|\n|t:|1699657596\n|move|p1a: Zygarde|Earthquake|p2a: Ebony Stem\n|-damage|p2a: Ebony Stem|24\/100\n|move|p2a: Ebony Stem|Synthesis|p2a: Ebony Stem\n|-heal|p2a: Ebony Stem|74\/100\n|\n|-damage|p1a: Zygarde|34\/100 tox|[from] psn\n|upkeep\n|turn|19\n|\n|t:|1699657599\n|switch|p1a: Latias|Latias-Mega, F|58\/100\n|-damage|p1a: Latias|45\/100|[from] Stealth Rock\n|move|p2a: Ebony Stem|Synthesis|p2a: Ebony Stem\n|-heal|p2a: Ebony Stem|100\/100\n|\n|upkeep\n|turn|20\n|\n|t:|1699657609\n|switch|p2a: Pursuance|Clodsire, M|100\/100\n|move|p1a: Latias|Reflect Type|p2a: Pursuance\n|-start|p1a: Latias|typechange|[from] move: Reflect Type|[of] p2a: Pursuance\n|\n|upkeep\n|-start|p1a: Latias|typechange|Poison\/Ground|[silent]\n|turn|21\n|\n|t:|1699657616\n|move|p1a: Latias|Roost|p1a: Latias\n|-heal|p1a: Latias|95\/100\n|-singleturn|p1a: Latias|move: Roost\n|move|p2a: Pursuance|Earthquake|p1a: Latias\n|-immune|p1a: Latias|[from] ability: Levitate\n|\n|upkeep\n|turn|22\n|\n|t:|1699657620\n|move|p1a: Latias|Calm Mind|p1a: Latias\n|-boost|p1a: Latias|spa|1\n|-boost|p1a: Latias|spd|1\n|move|p2a: Pursuance|Spikes|p1a: Latias\n|-sidestart|p1: predator30|Spikes\n|\n|upkeep\n|turn|23\n|\n|t:|1699657622\n|move|p1a: Latias|Stored Power|p2a: Pursuance\n|-supereffective|p2a: Pursuance\n|-damage|p2a: Pursuance|82\/100\n|move|p2a: Pursuance|Spikes|p1a: Latias\n|-sidestart|p1: predator30|Spikes\n|\n|-heal|p2a: Pursuance|88\/100|[from] item: Black Sludge\n|upkeep\n|turn|24\n|\n|t:|1699657625\n|move|p1a: Latias|Calm Mind|p1a: Latias\n|-boost|p1a: Latias|spa|1\n|-boost|p1a: Latias|spd|1\n|move|p2a: Pursuance|Spikes|p1a: Latias\n|-sidestart|p1: predator30|Spikes\n|\n|-heal|p2a: Pursuance|94\/100|[from] item: Black Sludge\n|upkeep\n|turn|25\n|\n|t:|1699657628\n|switch|p2a: Lifetime Stew|Muk-Alola, F|100\/100\n|move|p1a: Latias|Calm Mind|p1a: Latias\n|-boost|p1a: Latias|spa|1\n|-boost|p1a: Latias|spd|1\n|\n|upkeep\n|turn|26\n|\n|t:|1699657630\n|move|p1a: Latias|Reflect Type|p2a: Lifetime Stew\n|-start|p1a: Latias|typechange|[from] move: Reflect Type|[of] p2a: Lifetime Stew\n|move|p2a: Lifetime Stew|Knock Off|p1a: Latias\n|-resisted|p1a: Latias\n|-damage|p1a: Latias|85\/100\n|\n|upkeep\n|-start|p1a: Latias|typechange|Poison\/Dark|[silent]\n|turn|27\n|\n|t:|1699657635\n|move|p1a: Latias|Calm Mind|p1a: Latias\n|-boost|p1a: Latias|spa|1\n|-boost|p1a: Latias|spd|1\n|move|p2a: Lifetime Stew|Knock Off|p1a: Latias\n|-resisted|p1a: Latias\n|-damage|p1a: Latias|75\/100\n|\n|upkeep\n|turn|28\n|c|\u2606Pex Hater|i have more pp\n|\n|t:|1699657651\n|move|p1a: Latias|Calm Mind|p1a: Latias\n|-boost|p1a: Latias|spa|1\n|-boost|p1a: Latias|spd|1\n|move|p2a: Lifetime Stew|Poison Jab|p1a: Latias\n|-resisted|p1a: Latias\n|-damage|p1a: Latias|62\/100\n|\n|upkeep\n|turn|29\n|\n|t:|1699657656\n|move|p1a: Latias|Calm Mind|p1a: Latias\n|-boost|p1a: Latias|spa|1\n|-boost|p1a: Latias|spd|1\n|move|p2a: Lifetime Stew|Knock Off|p1a: Latias\n|-resisted|p1a: Latias\n|-damage|p1a: Latias|53\/100\n|\n|upkeep\n|turn|30\n|\n|t:|1699657658\n|move|p1a: Latias|Roost|p1a: Latias\n|-heal|p1a: Latias|100\/100\n|-singleturn|p1a: Latias|move: Roost\n|move|p2a: Lifetime Stew|Pursuit|p1a: Latias\n|-resisted|p1a: Latias\n|-damage|p1a: Latias|95\/100\n|\n|upkeep\n|turn|31\n|c|\u2606predator30|which move will u use tho\n|\n|t:|1699657663\n|move|p1a: Latias|Reflect Type|p2a: Lifetime Stew\n|-start|p1a: Latias|typechange|[from] move: Reflect Type|[of] p2a: Lifetime Stew\n|move|p2a: Lifetime Stew|Drain Punch|p1a: Latias\n|-damage|p1a: Latias|79\/100\n|\n|upkeep\n|turn|32\n|\n|t:|1699657667\n|move|p1a: Latias|Reflect Type|p2a: Lifetime Stew\n|-start|p1a: Latias|typechange|[from] move: Reflect Type|[of] p2a: Lifetime Stew\n|move|p2a: Lifetime Stew|Drain Punch|p1a: Latias\n|-damage|p1a: Latias|64\/100\n|\n|upkeep\n|turn|33\n|\n|t:|1699657669\n|move|p1a: Latias|Reflect Type|p2a: Lifetime Stew\n|-start|p1a: Latias|typechange|[from] move: Reflect Type|[of] p2a: Lifetime Stew\n|move|p2a: Lifetime Stew|Drain Punch|p1a: Latias\n|-damage|p1a: Latias|50\/100\n|\n|upkeep\n|turn|34\n|\n|t:|1699657672\n|move|p1a: Latias|Reflect Type|p2a: Lifetime Stew\n|-start|p1a: Latias|typechange|[from] move: Reflect Type|[of] p2a: Lifetime Stew\n|move|p2a: Lifetime Stew|Drain Punch|p1a: Latias\n|-damage|p1a: Latias|36\/100\n|\n|upkeep\n|turn|35\n|\n|t:|1699657678\n|switch|p2a: Pursuance|Clodsire, M|94\/100\n|move|p1a: Latias|Reflect Type|p2a: Pursuance\n|-start|p1a: Latias|typechange|[from] move: Reflect Type|[of] p2a: Pursuance\n|\n|-heal|p2a: Pursuance|100\/100|[from] item: Black Sludge\n|upkeep\n|-start|p1a: Latias|typechange|Poison\/Ground|[silent]\n|turn|36\n|\n|t:|1699657682\n|switch|p2a: Lifetime Stew|Muk-Alola, F|100\/100\n|move|p1a: Latias|Roost|p1a: Latias\n|-heal|p1a: Latias|86\/100\n|-singleturn|p1a: Latias|move: Roost\n|\n|upkeep\n|turn|37\n|\n|t:|1699657688\n|move|p1a: Latias|Reflect Type|p2a: Lifetime Stew\n|-start|p1a: Latias|typechange|[from] move: Reflect Type|[of] p2a: Lifetime Stew\n|move|p2a: Lifetime Stew|Pursuit|p1a: Latias\n|-resisted|p1a: Latias\n|-damage|p1a: Latias|80\/100\n|\n|upkeep\n|-start|p1a: Latias|typechange|Poison\/Dark|[silent]\n|turn|38\n|\n|t:|1699657690\n|move|p1a: Latias|Reflect Type|p2a: Lifetime Stew\n|-start|p1a: Latias|typechange|[from] move: Reflect Type|[of] p2a: Lifetime Stew\n|move|p2a: Lifetime Stew|Knock Off|p1a: Latias\n|-resisted|p1a: Latias\n|-damage|p1a: Latias|70\/100\n|\n|upkeep\n|turn|39\n|\n|t:|1699657695\n|move|p1a: Latias|Reflect Type|p2a: Lifetime Stew\n|-start|p1a: Latias|typechange|[from] move: Reflect Type|[of] p2a: Lifetime Stew\n|move|p2a: Lifetime Stew|Drain Punch|p1a: Latias\n|-damage|p1a: Latias|55\/100\n|\n|upkeep\n|turn|40\n|\n|t:|1699657698\n|move|p1a: Latias|Reflect Type|p2a: Lifetime Stew\n|-start|p1a: Latias|typechange|[from] move: Reflect Type|[of] p2a: Lifetime Stew\n|move|p2a: Lifetime Stew|Knock Off|p1a: Latias\n|-resisted|p1a: Latias\n|-damage|p1a: Latias|45\/100\n|\n|upkeep\n|turn|41\n|\n|t:|1699657699\n|move|p1a: Latias|Reflect Type|p2a: Lifetime Stew\n|-start|p1a: Latias|typechange|[from] move: Reflect Type|[of] p2a: Lifetime Stew\n|move|p2a: Lifetime Stew|Drain Punch|p1a: Latias\n|-damage|p1a: Latias|30\/100\n|\n|upkeep\n|turn|42\n|\n|t:|1699657701\n|move|p1a: Latias|Stored Power|p2a: Lifetime Stew\n|-immune|p2a: Lifetime Stew\n|move|p2a: Lifetime Stew|Knock Off|p1a: Latias\n|-resisted|p1a: Latias\n|-damage|p1a: Latias|21\/100\n|\n|upkeep\n|turn|43\n|c|\u2606Pex Hater|:^)\n|\n|t:|1699657708\n|move|p1a: Latias|Stored Power|p2a: Lifetime Stew\n|-immune|p2a: Lifetime Stew\n|move|p2a: Lifetime Stew|Knock Off|p1a: Latias\n|-resisted|p1a: Latias\n|-damage|p1a: Latias|11\/100\n|\n|upkeep\n|turn|44\n|\n|t:|1699657712\n|move|p1a: Latias|Roost|p1a: Latias\n|-heal|p1a: Latias|61\/100\n|-singleturn|p1a: Latias|move: Roost\n|move|p2a: Lifetime Stew|Poison Jab|p1a: Latias\n|-resisted|p1a: Latias\n|-damage|p1a: Latias|49\/100\n|\n|upkeep\n|turn|45\n|\n|t:|1699657715\n|move|p1a: Latias|Reflect Type|p2a: Lifetime Stew\n|-start|p1a: Latias|typechange|[from] move: Reflect Type|[of] p2a: Lifetime Stew\n|move|p2a: Lifetime Stew|Pursuit|p1a: Latias\n|-resisted|p1a: Latias\n|-damage|p1a: Latias|43\/100\n|\n|upkeep\n|turn|46\n|\n|t:|1699657717\n|move|p1a: Latias|Reflect Type|p2a: Lifetime Stew\n|-start|p1a: Latias|typechange|[from] move: Reflect Type|[of] p2a: Lifetime Stew\n|move|p2a: Lifetime Stew|Poison Jab|p1a: Latias\n|-resisted|p1a: Latias\n|-damage|p1a: Latias|31\/100\n|\n|upkeep\n|turn|47\n|\n|t:|1699657718\n|move|p1a: Latias|Reflect Type|p2a: Lifetime Stew\n|-start|p1a: Latias|typechange|[from] move: Reflect Type|[of] p2a: Lifetime Stew\n|move|p2a: Lifetime Stew|Poison Jab|p1a: Latias\n|-resisted|p1a: Latias\n|-damage|p1a: Latias|19\/100\n|\n|upkeep\n|turn|48\n|\n|t:|1699657721\n|move|p1a: Latias|Roost|p1a: Latias\n|-heal|p1a: Latias|69\/100\n|-singleturn|p1a: Latias|move: Roost\n|move|p2a: Lifetime Stew|Knock Off|p1a: Latias\n|-resisted|p1a: Latias\n|-damage|p1a: Latias|59\/100\n|\n|upkeep\n|turn|49\n|\n|t:|1699657723\n|move|p1a: Latias|Roost|p1a: Latias\n|-heal|p1a: Latias|100\/100\n|-singleturn|p1a: Latias|move: Roost\n|move|p2a: Lifetime Stew|Poison Jab|p1a: Latias\n|-resisted|p1a: Latias\n|-damage|p1a: Latias|88\/100\n|\n|upkeep\n|turn|50\n|\n|t:|1699657726\n|switch|p1a: Cosmoem|Cosmoem|100\/100\n|-status|p1a: Cosmoem|tox\n|-damage|p1a: Cosmoem|88\/100 tox|[from] Stealth Rock\n|-damage|p1a: Cosmoem|63\/100 tox|[from] Spikes\n|move|p2a: Lifetime Stew|Poison Jab|p1a: Cosmoem\n|-damage|p1a: Cosmoem|40\/100 tox\n|-damage|p2a: Lifetime Stew|84\/100|[from] item: Rocky Helmet|[of] p1a: Cosmoem\n|\n|-damage|p1a: Cosmoem|34\/100 tox|[from] psn\n|upkeep\n|turn|51\n|c|\u2606Pex Hater|nice hat\n|\n|t:|1699657738\n|switch|p2a: Ebony Stem|Venusaur-Mega, F|100\/100\n|move|p1a: Cosmoem|Teleport|p1a: Cosmoem\n|\n|t:|1699657743\n|switch|p1a: Zygarde|Zygarde-10%|34\/100 tox|[from] Teleport\n|-damage|p1a: Zygarde|28\/100 tox|[from] Stealth Rock\n|-damage|p1a: Zygarde|3\/100 tox|[from] Spikes\n|-ability|p1a: Zygarde|Aura Break\n|\n|-damage|p1a: Zygarde|0 fnt|[from] psn\n|faint|p1a: Zygarde\n|upkeep\n|c|\u2606predator30|omg the poison\n|\n|t:|1699657748\n|switch|p1a: Latias|Latias-Mega, F|88\/100\n|-damage|p1a: Latias|76\/100|[from] Stealth Rock\n|turn|52\n|c|\u2606Pex Hater|yes\n|c|\u2606Pex Hater|that's why i let you\n|c|\u2606Pex Hater|tp\n|\n|t:|1699657755\n|move|p1a: Latias|Reflect Type|p2a: Ebony Stem\n|-start|p1a: Latias|typechange|[from] move: Reflect Type|[of] p2a: Ebony Stem\n|move|p2a: Ebony Stem|Leech Seed|p1a: Latias\n|-immune|p1a: Latias\n|\n|upkeep\n|-start|p1a: Latias|typechange|Grass\/Poison|[silent]\n|turn|53\n|\n|t:|1699657761\n|switch|p1a: Scizor|Scizor, F|26\/100\n|-damage|p1a: Scizor|14\/100|[from] Stealth Rock\n|-damage|p1a: Scizor|0 fnt|[from] Spikes\n|faint|p1a: Scizor\n|switch|p2a: Lifetime Stew|Muk-Alola, F|84\/100\n|\n|upkeep\n|c|\u2606predator30|the poisoonnn\n|c|\u2606predator30|gg\n|c|\u2606Pex Hater|no removal\n|c|\u2606Pex Hater|gg\n|-message|predator30 forfeited.\n|\n|win|Pex Hater\n","uploadtime":1699657780,"views":21,"p1id":"predator30","p2id":"pexhater","formatid":"gen9nationaldexubers","rating":0,"private":0,"password":""}