{"id":"gen9nationaldexubers-2000255387","p1":"kleemain800","p2":"guvv11wanhao","format":"[Gen 9] National Dex Ubers","log":"|j|\u2606kleemain800\n|j|\u2606guvv11wanhao\n|t:|1701178137\n|gametype|singles\n|player|p1|kleemain800|swimmerf|1017\n|player|p2|guvv11wanhao|marnie|1111\n|teamsize|p1|6\n|teamsize|p2|6\n|gen|9\n|tier|[Gen 9] National Dex Ubers\n|rated|\n|rule|HP Percentage Mod: HP is shown in percentages\n|rule|Endless Battle Clause: Forcing endless battles is banned\n|rule|OHKO Clause: OHKO moves are banned\n|rule|Evasion Moves Clause: Evasion moves are banned\n|rule|Evasion Items Clause: Evasion items are banned\n|rule|Species Clause: Limit one of each Pok\u00e9mon\n|rule|Sleep Clause Mod: Limit one foe put to sleep\n|rule|Mega Rayquaza Clause: You cannot mega evolve Rayquaza\n|clearpoke\n|poke|p1|Palafin, M|\n|poke|p1|Blastoise, F|\n|poke|p1|Tapu Lele|\n|poke|p1|Annihilape, F|\n|poke|p1|Arceus|\n|poke|p1|Zacian-*|\n|poke|p2|Pikachu, M|\n|poke|p2|Zekrom|\n|poke|p2|Tapu Koko|\n|poke|p2|Vikavolt, M|\n|poke|p2|Zeraora|\n|poke|p2|Eldegoss, F|\n|teampreview\n|inactive|Battle timer is ON: inactive players will automatically lose when time's up. (requested by kleemain800)\n|\n|t:|1701178160\n|start\n|switch|p1a: Arceus|Arceus|100\/100\n|switch|p2a: \u9539\u519c\u70ae\u866bv|Vikavolt, M|100\/100\n|turn|1\n|\n|t:|1701178172\n|move|p1a: Arceus|Swords Dance|p1a: Arceus\n|-boost|p1a: Arceus|atk|2\n|move|p2a: \u9539\u519c\u70ae\u866bv|Sticky Web|p1a: Arceus\n|-sidestart|p1: kleemain800|move: Sticky Web\n|\n|upkeep\n|turn|2\n|\n|t:|1701178177\n|move|p1a: Arceus|Swords Dance|p1a: Arceus\n|-boost|p1a: Arceus|atk|2\n|move|p2a: \u9539\u519c\u70ae\u866bv|Substitute|p2a: \u9539\u519c\u70ae\u866bv\n|-start|p2a: \u9539\u519c\u70ae\u866bv|Substitute\n|-damage|p2a: \u9539\u519c\u70ae\u866bv|76\/100\n|\n|upkeep\n|turn|3\n|\n|t:|1701178180\n|move|p1a: Arceus|Last Resort|p2a: \u9539\u519c\u70ae\u866bv\n|-end|p2a: \u9539\u519c\u70ae\u866bv|Substitute\n|move|p2a: \u9539\u519c\u70ae\u866bv|Rising Voltage|p1a: Arceus\n|-crit|p1a: Arceus\n|-damage|p1a: Arceus|63\/100\n|\n|upkeep\n|turn|4\n|\n|t:|1701178186\n|move|p1a: Arceus|Last Resort|p2a: \u9539\u519c\u70ae\u866bv\n|-damage|p2a: \u9539\u519c\u70ae\u866bv|0 fnt\n|faint|p2a: \u9539\u519c\u70ae\u866bv\n|\n|upkeep\n|\n|t:|1701178191\n|switch|p2a: \u6377\u62c9\u5965\u62c9gx|Zeraora|100\/100\n|turn|5\n|\n|t:|1701178193\n|move|p2a: \u6377\u62c9\u5965\u62c9gx|Close Combat|p1a: Arceus\n|-supereffective|p1a: Arceus\n|-crit|p1a: Arceus\n|-damage|p1a: Arceus|0 fnt\n|-unboost|p2a: \u6377\u62c9\u5965\u62c9gx|def|1\n|-unboost|p2a: \u6377\u62c9\u5965\u62c9gx|spd|1\n|faint|p1a: Arceus\n|-damage|p2a: \u6377\u62c9\u5965\u62c9gx|91\/100|[from] item: Life Orb\n|\n|upkeep\n|\n|t:|1701178198\n|switch|p1a: Palafin|Palafin, M|100\/100\n|-activate|p1a: Palafin|move: Sticky Web\n|-unboost|p1a: Palafin|spe|1\n|turn|6\n|\n|t:|1701178211\n|move|p2a: \u6377\u62c9\u5965\u62c9gx|Plasma Fists|p1a: Palafin\n|-supereffective|p1a: Palafin\n|-damage|p1a: Palafin|0 fnt\n|-fieldactivate|move: Ion Deluge\n|-hint|Normal-type moves become Electric-type after using Plasma Fists.\n|faint|p1a: Palafin\n|-damage|p2a: \u6377\u62c9\u5965\u62c9gx|81\/100|[from] item: Life Orb\n|\n|upkeep\n|\n|t:|1701178216\n|switch|p1a: Annihilape|Annihilape, F|100\/100\n|-activate|p1a: Annihilape|move: Sticky Web\n|-unboost|p1a: Annihilape|spe|1\n|-ability|p1a: Annihilape|Defiant|boost\n|-boost|p1a: Annihilape|atk|2\n|turn|7\n|\n|t:|1701178221\n|move|p2a: \u6377\u62c9\u5965\u62c9gx|Plasma Fists|p1a: Annihilape\n|-damage|p1a: Annihilape|34\/100\n|-fieldactivate|move: Ion Deluge\n|-hint|Normal-type moves become Electric-type after using Plasma Fists.\n|-damage|p2a: \u6377\u62c9\u5965\u62c9gx|71\/100|[from] item: Life Orb\n|move|p1a: Annihilape|Drain Punch|p2a: \u6377\u62c9\u5965\u62c9gx\n|-damage|p2a: \u6377\u62c9\u5965\u62c9gx|0 fnt\n|-heal|p1a: Annihilape|65\/100|[from] drain|[of] p2a: \u6377\u62c9\u5965\u62c9gx\n|faint|p2a: \u6377\u62c9\u5965\u62c9gx\n|\n|upkeep\n|\n|t:|1701178226\n|switch|p2a: \u5361\u749e\u9e23\u9e23\u25c6|Tapu Koko|100\/100\n|-fieldstart|move: Electric Terrain|[from] ability: Electric Surge|[of] p2a: \u5361\u749e\u9e23\u9e23\u25c6\n|turn|8\n|\n|t:|1701178231\n|move|p2a: \u5361\u749e\u9e23\u9e23\u25c6|Volt Switch|p1a: Annihilape\n|-damage|p1a: Annihilape|19\/100\n|\n|t:|1701178235\n|switch|p2a: \u767d\u84ec\u84ecv|Eldegoss, F|100\/100|[from] Volt Switch\n|move|p1a: Annihilape|Rage Fist|p2a: \u767d\u84ec\u84ecv\n|-damage|p2a: \u767d\u84ec\u84ecv|0 fnt\n|faint|p2a: \u767d\u84ec\u84ecv\n|\n|upkeep\n|\n|t:|1701178238\n|switch|p2a: \u76ae\u5361\u4e18&|Pikachu, M|100\/100\n|turn|9\n|\n|t:|1701178242\n|-terastallize|p2a: \u76ae\u5361\u4e18&|Electric\n|move|p2a: \u76ae\u5361\u4e18&|Rising Voltage|p1a: Annihilape\n|-hint|Rising Voltage's BP doubled on grounded target.\n|-damage|p1a: Annihilape|0 fnt\n|faint|p1a: Annihilape\n|\n|upkeep\n|\n|t:|1701178249\n|switch|p1a: Zacian|Zacian-Crowned|100\/100\n|-activate|p1a: Zacian|move: Sticky Web\n|-unboost|p1a: Zacian|spe|1\n|-ability|p1a: Zacian|Intrepid Sword|boost\n|-boost|p1a: Zacian|atk|1\n|turn|10\n|\n|t:|1701178256\n|move|p2a: \u76ae\u5361\u4e18&|Rising Voltage|p1a: Zacian\n|-hint|Rising Voltage's BP doubled on grounded target.\n|-damage|p1a: Zacian|0 fnt\n|faint|p1a: Zacian\n|\n|upkeep\n|c|\u2606guvv11wanhao|pika\n|\n|t:|1701178260\n|switch|p1a: Tapu Lele|Tapu Lele|100\/100\n|-activate|p1a: Tapu Lele|move: Sticky Web\n|-unboost|p1a: Tapu Lele|spe|1\n|-fieldstart|move: Psychic Terrain|[from] ability: Psychic Surge|[of] p1a: Tapu Lele\n|turn|11\n|\n|t:|1701178274\n|switch|p2a: \u5361\u749e\u9e23\u9e23\u25c6|Tapu Koko|100\/100\n|-fieldstart|move: Electric Terrain|[from] ability: Electric Surge|[of] p2a: \u5361\u749e\u9e23\u9e23\u25c6\n|move|p1a: Tapu Lele|Future Sight|p2a: \u5361\u749e\u9e23\u9e23\u25c6\n|-start|p1a: Tapu Lele|move: Future Sight\n|\n|upkeep\n|turn|12\n|\n|t:|1701178281\n|switch|p1a: Blastoise|Blastoise, F|100\/100\n|-activate|p1a: Blastoise|move: Sticky Web\n|-unboost|p1a: Blastoise|spe|1\n|move|p2a: \u5361\u749e\u9e23\u9e23\u25c6|Thunderbolt|p1a: Blastoise\n|-supereffective|p1a: Blastoise\n|-damage|p1a: Blastoise|0 fnt\n|faint|p1a: Blastoise\n|\n|upkeep\n|-message|kleemain800 forfeited.\n|\n|win|guvv11wanhao\n|raw|kleemain800's rating: 1017 &rarr; <strong>1008<\/strong><br \/>(-9 for losing)\n|raw|guvv11wanhao's rating: 1111 &rarr; <strong>1129<\/strong><br \/>(+18 for winning)\n|l|\u2606kleemain800\n","uploadtime":1701178289,"views":5,"p1id":"kleemain800","p2id":"guvv11wanhao","formatid":"gen9nationaldexubers","rating":1008,"private":0,"password":""}