{"id":"gen9nationaldexubers-1987666949","p1":"Blake-Mamba","p2":"thegreat_idoit","format":"[Gen 9] National Dex Ubers","log":"|j|\u2606Blake-Mamba\n|j|\u2606thegreat_idoit\n|t:|1699625730\n|gametype|singles\n|player|p1|Blake-Mamba|juan|1324\n|player|p2|thegreat_idoit|nate|1223\n|teamsize|p1|6\n|teamsize|p2|6\n|gen|9\n|tier|[Gen 9] National Dex Ubers\n|rated|\n|rule|HP Percentage Mod: HP is shown in percentages\n|rule|Endless Battle Clause: Forcing endless battles is banned\n|rule|OHKO Clause: OHKO moves are banned\n|rule|Evasion Moves Clause: Evasion moves are banned\n|rule|Evasion Items Clause: Evasion items are banned\n|rule|Species Clause: Limit one of each Pok\u00e9mon\n|rule|Sleep Clause Mod: Limit one foe put to sleep\n|rule|Mega Rayquaza Clause: You cannot mega evolve Rayquaza\n|clearpoke\n|poke|p1|Regieleki|\n|poke|p1|Regidrago|\n|poke|p1|Regigigas|\n|poke|p1|Regirock|\n|poke|p1|Regice|\n|poke|p1|Registeel|\n|poke|p2|Charizard, F|\n|poke|p2|Calyrex-Ice|\n|poke|p2|Dracovish|\n|poke|p2|Cyclizar, F|\n|poke|p2|Toxtricity-Low-Key, M|\n|poke|p2|Talonflame, M|\n|teampreview\n|inactive|Battle timer is ON: inactive players will automatically lose when time's up. (requested by thegreat_idoit)\n|c|\u2606Blake-Mamba|Glhf\n|\n|t:|1699625755\n|start\n|switch|p1a: Regieleki|Regieleki|100\/100\n|switch|p2a: BackBurner|Talonflame, M, shiny|100\/100\n|turn|1\n|\n|t:|1699625763\n|move|p1a: Regieleki|Volt Switch|p2a: BackBurner\n|-supereffective|p2a: BackBurner\n|-damage|p2a: BackBurner|0 fnt\n|faint|p2a: BackBurner\n|\n|t:|1699625768\n|switch|p1a: Regidrago|Regidrago|100\/100|[from] Volt Switch\n|\n|upkeep\n|\n|t:|1699625773\n|switch|p2a: Calyrex|Calyrex-Ice|100\/100\n|-ability|p2a: Calyrex|As One\n|-ability|p2a: Calyrex|Unnerve\n|turn|2\n|\n|t:|1699625783\n|-terastallize|p1a: Regidrago|Dragon\n|move|p1a: Regidrago|Dragon Energy|p2a: Calyrex\n|-damage|p2a: Calyrex|4\/100\n|move|p2a: Calyrex|Trick Room|p2a: Calyrex\n|-fieldstart|move: Trick Room|[of] p2a: Calyrex\n|\n|upkeep\n|turn|3\n|\n|t:|1699625791\n|switch|p1a: Regirock|Regirock|100\/100\n|move|p2a: Calyrex|Glacial Lance|p1a: Regirock\n|-damage|p1a: Regirock|69\/100\n|\n|upkeep\n|turn|4\n|\n|t:|1699625798\n|move|p2a: Calyrex|High Horsepower|p1a: Regirock\n|-supereffective|p1a: Regirock\n|-damage|p1a: Regirock|31\/100\n|-damage|p2a: Calyrex|0 fnt|[from] item: Rocky Helmet|[of] p1a: Regirock\n|faint|p2a: Calyrex\n|move|p1a: Regirock|Body Press|p2: Calyrex|[notarget]\n|-fail|p1a: Regirock\n|\n|upkeep\n|\n|t:|1699625809\n|switch|p2a: Chomper|Dracovish, shiny|100\/100\n|turn|5\n|\n|t:|1699625817\n|-terastallize|p2a: Chomper|Water\n|move|p1a: Regirock|Body Press|p2a: Chomper\n|-damage|p2a: Chomper|61\/100\n|move|p2a: Chomper|Fishious Rend|p1a: Regirock\n|-supereffective|p1a: Regirock\n|-damage|p1a: Regirock|0 fnt\n|-damage|p2a: Chomper|45\/100|[from] item: Rocky Helmet|[of] p1a: Regirock\n|faint|p1a: Regirock\n|\n|upkeep\n|\n|t:|1699625828\n|switch|p1a: Regigigas|Regigigas|100\/100\n|-start|p1a: Regigigas|ability: Slow Start\n|turn|6\n|\n|t:|1699625837\n|move|p1a: Regigigas|Return|p2a: Chomper\n|-damage|p2a: Chomper|15\/100\n|move|p2a: Chomper|Fishious Rend|p1a: Regigigas\n|-damage|p1a: Regigigas|12\/100\n|\n|-heal|p1a: Regigigas|18\/100|[from] item: Leftovers\n|-fieldend|move: Trick Room\n|upkeep\n|turn|7\n|\n|t:|1699625847\n|move|p2a: Chomper|Fishious Rend|p1a: Regigigas\n|-damage|p1a: Regigigas|0 fnt\n|faint|p1a: Regigigas\n|-end|p1a: Regigigas|Slow Start|[silent]\n|\n|upkeep\n|\n|t:|1699625852\n|switch|p1a: Regieleki|Regieleki|100\/100\n|turn|8\n|\n|t:|1699625856\n|switch|p2a: *Lightning SFX*|Toxtricity-Low-Key, M|100\/100\n|move|p1a: Regieleki|Volt Switch|p2a: *Lightning SFX*\n|-resisted|p2a: *Lightning SFX*\n|-damage|p2a: *Lightning SFX*|51\/100\n|\n|t:|1699625863\n|switch|p1a: Regidrago|Regidrago, tera:Dragon|100\/100|[from] Volt Switch\n|\n|upkeep\n|turn|9\n|\n|t:|1699625878\n|move|p1a: Regidrago|Dragon Energy|p2a: *Lightning SFX*\n|-damage|p2a: *Lightning SFX*|0 fnt\n|faint|p2a: *Lightning SFX*\n|\n|upkeep\n|\n|t:|1699625881\n|switch|p2a: Cyclizar|Cyclizar, F|100\/100\n|turn|10\n|\n|t:|1699625885\n|move|p2a: Cyclizar|Draco Meteor|p1a: Regidrago\n|-supereffective|p1a: Regidrago\n|-damage|p1a: Regidrago|13\/100\n|-unboost|p2a: Cyclizar|spa|2\n|move|p1a: Regidrago|Dragon Energy|p2a: Cyclizar\n|-supereffective|p2a: Cyclizar\n|-damage|p2a: Cyclizar|54\/100\n|\n|upkeep\n|turn|11\n|\n|t:|1699625893\n|switch|p1a: Registeel|Registeel|100\/100\n|move|p2a: Cyclizar|Draco Meteor|p1a: Registeel\n|-resisted|p1a: Registeel\n|-damage|p1a: Registeel|94\/100\n|-unboost|p2a: Cyclizar|spa|2\n|\n|upkeep\n|turn|12\n|\n|t:|1699625901\n|switch|p2a: Charizard|Charizard, F|100\/100\n|move|p1a: Registeel|Stealth Rock|p2a: Charizard\n|-sidestart|p2: thegreat_idoit|move: Stealth Rock\n|\n|upkeep\n|turn|13\n|\n|t:|1699625916\n|detailschange|p2a: Charizard|Charizard-Mega-X, F\n|-mega|p2a: Charizard|Charizard|Charizardite X\n|move|p2a: Charizard|Belly Drum|p2a: Charizard\n|-damage|p2a: Charizard|51\/100\n|-setboost|p2a: Charizard|atk|6|[from] move: Belly Drum\n|move|p1a: Registeel|Steel Beam|p2a: Charizard\n|-resisted|p2a: Charizard\n|-damage|p2a: Charizard|7\/100\n|-damage|p1a: Registeel|44\/100|[from] steelbeam\n|-damage|p1a: Registeel|34\/100|[from] item: Life Orb\n|\n|upkeep\n|turn|14\n|\n|t:|1699625930\n|move|p2a: Charizard|Roost|p2a: Charizard\n|-heal|p2a: Charizard|57\/100\n|-singleturn|p2a: Charizard|move: Roost\n|move|p1a: Registeel|Steel Beam|p2a: Charizard\n|-resisted|p2a: Charizard\n|-damage|p2a: Charizard|8\/100\n|-damage|p1a: Registeel|0 fnt|[from] steelbeam\n|faint|p1a: Registeel\n|\n|upkeep\n|\n|t:|1699625939\n|switch|p1a: Regieleki|Regieleki|100\/100\n|turn|15\n|\n|t:|1699625946\n|move|p1a: Regieleki|Tera Blast|p2a: Charizard\n|-damage|p2a: Charizard|0 fnt\n|faint|p2a: Charizard\n|\n|upkeep\n|\n|t:|1699625951\n|switch|p2a: Cyclizar|Cyclizar, F|87\/100\n|-damage|p2a: Cyclizar|75\/100|[from] Stealth Rock\n|turn|16\n|\n|t:|1699625970\n|move|p2a: Cyclizar|Rapid Spin|p1a: Regieleki\n|-damage|p1a: Regieleki|70\/100\n|-boost|p2a: Cyclizar|spe|1\n|-sideend|p2: thegreat_idoit|Stealth Rock|[from] move: Rapid Spin|[of] p2a: Cyclizar\n|move|p1a: Regieleki|Tera Blast|p2a: Cyclizar\n|-damage|p2a: Cyclizar|20\/100\n|\n|upkeep\n|turn|17\n|\n|t:|1699625978\n|switch|p2a: Chomper|Dracovish, shiny, tera:Water|15\/100\n|switch|p1a: Regice|Regice|100\/100\n|\n|upkeep\n|turn|18\n|\n|t:|1699625989\n|switch|p1a: Regidrago|Regidrago, tera:Dragon|13\/100\n|move|p2a: Chomper|Fishious Rend|p1a: Regidrago\n|-resisted|p1a: Regidrago\n|-damage|p1a: Regidrago|0 fnt\n|faint|p1a: Regidrago\n|\n|upkeep\n|\n|t:|1699625997\n|switch|p1a: Regieleki|Regieleki|70\/100\n|turn|19\n|\n|t:|1699626001\n|switch|p2a: Cyclizar|Cyclizar, F|53\/100\n|move|p1a: Regieleki|Volt Switch|p2a: Cyclizar\n|-resisted|p2a: Cyclizar\n|-damage|p2a: Cyclizar|3\/100\n|\n|t:|1699626006\n|switch|p1a: Regice|Regice|100\/100|[from] Volt Switch\n|\n|upkeep\n|turn|20\n|\n|t:|1699626014\n|move|p2a: Cyclizar|U-turn|p1a: Regice\n|-damage|p1a: Regice|88\/100\n|\n|t:|1699626017\n|switch|p2a: Chomper|Dracovish, shiny, tera:Water|15\/100|[from] U-turn\n|move|p1a: Regice|Ancient Power|p2a: Chomper\n|-damage|p2a: Chomper|0 fnt\n|faint|p2a: Chomper\n|\n|upkeep\n|\n|t:|1699626023\n|switch|p2a: Cyclizar|Cyclizar, F|37\/100\n|turn|21\n|\n|t:|1699626028\n|move|p2a: Cyclizar|Draco Meteor|p1a: Regice\n|-damage|p1a: Regice|74\/100\n|-unboost|p2a: Cyclizar|spa|2\n|move|p1a: Regice|Ice Beam|p2a: Cyclizar\n|-supereffective|p2a: Cyclizar\n|-damage|p2a: Cyclizar|0 fnt\n|faint|p2a: Cyclizar\n|\n|win|Blake-Mamba\n|raw|Blake-Mamba's rating: 1324 &rarr; <strong>1338<\/strong><br \/>(+14 for winning)\n|raw|thegreat_idoit's rating: 1223 &rarr; <strong>1205<\/strong><br \/>(-18 for losing)\n|c|\u2606Blake-Mamba|Gg\n|l|\u2606thegreat_idoit\n","uploadtime":1699626042,"views":5,"p1id":"blakemamba","p2id":"thegreatidoit","formatid":"gen9nationaldexubers","rating":1205,"private":0,"password":""}