{"id":"gen9nationaldexubers-1990915394","p1":"85792195wwww","p2":"nfyhsueryfgius","format":"[Gen 9] National Dex Ubers","log":"|j|\u260685792195wwww\n|j|\u2606nfyhsueryfgius\n|t:|1700014691\n|gametype|singles\n|player|p1|85792195wwww|mira|1690\n|player|p2|nfyhsueryfgius|ghetsis|1666\n|teamsize|p1|6\n|teamsize|p2|6\n|gen|9\n|tier|[Gen 9] National Dex Ubers\n|rated|\n|rule|HP Percentage Mod: HP is shown in percentages\n|rule|Endless Battle Clause: Forcing endless battles is banned\n|rule|OHKO Clause: OHKO moves are banned\n|rule|Evasion Moves Clause: Evasion moves are banned\n|rule|Evasion Items Clause: Evasion items are banned\n|rule|Species Clause: Limit one of each Pok\u00e9mon\n|rule|Sleep Clause Mod: Limit one foe put to sleep\n|rule|Mega Rayquaza Clause: You cannot mega evolve Rayquaza\n|clearpoke\n|poke|p1|Xerneas-*|\n|poke|p1|Deoxys-Speed|\n|poke|p1|Zacian-*|\n|poke|p1|Arceus|\n|poke|p1|Groudon|\n|poke|p1|Zekrom|\n|poke|p2|Ho-Oh|\n|poke|p2|Arceus-Dark|\n|poke|p2|Groudon|\n|poke|p2|Zygarde|\n|poke|p2|Necrozma-Dusk-Mane|\n|poke|p2|Mewtwo|\n|teampreview\n|\n|t:|1700014705\n|start\n|switch|p1a: Deoxys|Deoxys-Speed|100\/100\n|switch|p2a: Arceus|Arceus-Dark|100\/100\n|-ability|p1a: Deoxys|Pressure\n|turn|1\n|\n|t:|1700014713\n|move|p1a: Deoxys|Stealth Rock|p2a: Arceus\n|-sidestart|p2: nfyhsueryfgius|move: Stealth Rock\n|move|p2a: Arceus|Foul Play|p1a: Deoxys\n|-supereffective|p1a: Deoxys\n|-damage|p1a: Deoxys|46\/100\n|-damage|p2a: Arceus|84\/100|[from] item: Rocky Helmet|[of] p1a: Deoxys\n|\n|upkeep\n|turn|2\n|\n|t:|1700014723\n|switch|p1a: Zacian|Zacian-Crowned|100\/100\n|-ability|p1a: Zacian|Intrepid Sword|boost\n|-boost|p1a: Zacian|atk|1\n|move|p2a: Arceus|Foul Play|p1a: Zacian\n|-resisted|p1a: Zacian\n|-damage|p1a: Zacian|47\/100\n|\n|upkeep\n|turn|3\n|\n|t:|1700014732\n|move|p1a: Zacian|Close Combat|p2a: Arceus\n|-supereffective|p2a: Arceus\n|-damage|p2a: Arceus|0 fnt\n|-unboost|p1a: Zacian|def|1\n|-unboost|p1a: Zacian|spd|1\n|faint|p2a: Arceus\n|\n|upkeep\n|\n|t:|1700014737\n|switch|p2a: Ho-Oh|Ho-Oh|100\/100\n|turn|4\n|\n|t:|1700014741\n|move|p1a: Zacian|Wild Charge|p2a: Ho-Oh\n|-supereffective|p2a: Ho-Oh\n|-damage|p2a: Ho-Oh|19\/100\n|-damage|p1a: Zacian|21\/100|[from] Recoil\n|move|p2a: Ho-Oh|Sacred Fire|p1a: Zacian\n|-supereffective|p1a: Zacian\n|-damage|p1a: Zacian|0 fnt\n|faint|p1a: Zacian\n|\n|upkeep\n|\n|t:|1700014752\n|switch|p1a: Deoxys|Deoxys-Speed|46\/100\n|-ability|p1a: Deoxys|Pressure\n|turn|5\n|\n|t:|1700014760\n|move|p1a: Deoxys|Skill Swap|p2a: Ho-Oh\n|-activate|p1a: Deoxys|move: Skill Swap|Regenerator|Pressure|[of] p2a: Ho-Oh\n|-ability|p2a: Ho-Oh|Pressure\n|move|p2a: Ho-Oh|Sacred Fire|p1a: Deoxys\n|-damage|p1a: Deoxys|7\/100\n|-status|p1a: Deoxys|brn\n|\n|-damage|p1a: Deoxys|1\/100 brn|[from] brn\n|upkeep\n|turn|6\n|\n|t:|1700014773\n|move|p1a: Deoxys|Taunt|p2a: Ho-Oh\n|-start|p2a: Ho-Oh|move: Taunt\n|cant|p2a: Ho-Oh|move: Taunt|Defog\n|\n|-damage|p1a: Deoxys|0 fnt|[from] brn\n|faint|p1a: Deoxys\n|upkeep\n|\n|t:|1700014781\n|switch|p1a: Zekrom|Zekrom|100\/100\n|-ability|p1a: Zekrom|Teravolt\n|turn|7\n|\n|t:|1700014792\n|switch|p2a: Mewtwo|Mewtwo|100\/100\n|-damage|p2a: Mewtwo|88\/100|[from] Stealth Rock\n|-ability|p2a: Mewtwo|Pressure\n|move|p1a: Zekrom|Substitute|p1a: Zekrom\n|-start|p1a: Zekrom|Substitute\n|-damage|p1a: Zekrom|76\/100\n|\n|upkeep\n|turn|8\n|\n|t:|1700014802\n|move|p2a: Mewtwo|Ice Beam|p1a: Zekrom\n|-supereffective|p1a: Zekrom\n|-end|p1a: Zekrom|Substitute\n|move|p1a: Zekrom|Dragon Dance|p1a: Zekrom\n|-boost|p1a: Zekrom|atk|1\n|-boost|p1a: Zekrom|spe|1\n|\n|upkeep\n|turn|9\n|\n|t:|1700014809\n|move|p1a: Zekrom|Bolt Strike|p2a: Mewtwo\n|-damage|p2a: Mewtwo|0 fnt\n|faint|p2a: Mewtwo\n|\n|upkeep\n|\n|t:|1700014813\n|switch|p2a: Groudon|Groudon|100\/100\n|-damage|p2a: Groudon|94\/100|[from] Stealth Rock\n|detailschange|p2a: Groudon|Groudon-Primal\n|-primal|p2a: Groudon|Red Orb\n|-weather|DesolateLand|[from] ability: Desolate Land|[of] p2a: Groudon\n|turn|10\n|\n|t:|1700014821\n|-zpower|p1a: Zekrom\n|move|p1a: Zekrom|Devastating Drake|p2a: Groudon|[zeffect]\n|-damage|p2a: Groudon|4\/100\n|move|p2a: Groudon|Precipice Blades|p1a: Zekrom\n|-supereffective|p1a: Zekrom\n|-damage|p1a: Zekrom|0 fnt\n|faint|p1a: Zekrom\n|\n|-weather|DesolateLand|[upkeep]\n|upkeep\n|\n|t:|1700014833\n|switch|p1a: Arceus|Arceus|100\/100\n|turn|11\n|\n|t:|1700014837\n|move|p1a: Arceus|Swords Dance|p1a: Arceus\n|-boost|p1a: Arceus|atk|2\n|move|p2a: Groudon|Overheat|p1a: Arceus\n|-damage|p1a: Arceus|30\/100\n|-unboost|p2a: Groudon|spa|2\n|\n|-weather|DesolateLand|[upkeep]\n|upkeep\n|turn|12\n|\n|t:|1700014845\n|move|p1a: Arceus|Extreme Speed|p2a: Groudon\n|-damage|p2a: Groudon|0 fnt\n|faint|p2a: Groudon\n|-weather|none\n|-damage|p1a: Arceus|20\/100|[from] item: Life Orb\n|\n|upkeep\n|\n|t:|1700014848\n|switch|p2a: Zygarde|Zygarde|100\/100\n|-damage|p2a: Zygarde|94\/100|[from] Stealth Rock\n|turn|13\n|\n|t:|1700014856\n|move|p1a: Arceus|Will-O-Wisp|p2a: Zygarde\n|-status|p2a: Zygarde|brn\n|move|p2a: Zygarde|Thousand Arrows|p1a: Arceus\n|-damage|p1a: Arceus|7\/100\n|\n|-heal|p2a: Zygarde|100\/100 brn|[from] item: Leftovers\n|-damage|p2a: Zygarde|94\/100 brn|[from] brn\n|upkeep\n|turn|14\n|\n|t:|1700014867\n|move|p1a: Arceus|Extreme Speed|p2a: Zygarde\n|-damage|p2a: Zygarde|20\/100 brn\n|-damage|p1a: Arceus|0 fnt|[from] item: Life Orb\n|faint|p1a: Arceus\n|move|p2a: Zygarde|Dragon Dance|p2a: Zygarde\n|-boost|p2a: Zygarde|atk|1\n|-boost|p2a: Zygarde|spe|1\n|\n|-heal|p2a: Zygarde|26\/100 brn|[from] item: Leftovers\n|-damage|p2a: Zygarde|20\/100 brn|[from] brn\n|-activate|p2a: Zygarde|ability: Power Construct\n|detailschange|p2a: Zygarde|Zygarde-Complete\n|-heal|p2a: Zygarde|50\/100 brn|[silent]\n|upkeep\n|\n|t:|1700014882\n|switch|p1a: Groudon|Groudon|100\/100\n|detailschange|p1a: Groudon|Groudon-Primal\n|-primal|p1a: Groudon|Red Orb\n|-weather|DesolateLand|[from] ability: Desolate Land|[of] p1a: Groudon\n|turn|15\n|\n|t:|1700014888\n|-terastallize|p2a: Zygarde|Ground\n|move|p2a: Zygarde|Thousand Arrows|p1a: Groudon\n|-supereffective|p1a: Groudon\n|-damage|p1a: Groudon|53\/100\n|move|p1a: Groudon|Swords Dance|p1a: Groudon\n|-boost|p1a: Groudon|atk|2\n|\n|-weather|DesolateLand|[upkeep]\n|-heal|p2a: Zygarde|56\/100 brn|[from] item: Leftovers\n|-damage|p2a: Zygarde|50\/100 brn|[from] brn\n|upkeep\n|turn|16\n|\n|t:|1700014901\n|move|p2a: Zygarde|Thousand Arrows|p1a: Groudon\n|-supereffective|p1a: Groudon\n|-crit|p1a: Groudon\n|-damage|p1a: Groudon|0 fnt\n|faint|p1a: Groudon\n|-weather|none\n|\n|-heal|p2a: Zygarde|56\/100 brn|[from] item: Leftovers\n|-damage|p2a: Zygarde|50\/100 brn|[from] brn\n|upkeep\n|\n|t:|1700014911\n|switch|p1a: Xerneas|Xerneas|100\/100\n|-ability|p1a: Xerneas|Fairy Aura\n|turn|17\n|\n|t:|1700014915\n|move|p2a: Zygarde|Thousand Arrows|p1a: Xerneas\n|-damage|p1a: Xerneas|75\/100\n|move|p1a: Xerneas|Geomancy||[still]\n|-prepare|p1a: Xerneas|Geomancy\n|-enditem|p1a: Xerneas|Power Herb\n|-anim|p1a: Xerneas|Geomancy|p1a: Xerneas\n|-boost|p1a: Xerneas|spa|2\n|-boost|p1a: Xerneas|spd|2\n|-boost|p1a: Xerneas|spe|2\n|\n|-heal|p2a: Zygarde|56\/100 brn|[from] item: Leftovers\n|-damage|p2a: Zygarde|50\/100 brn|[from] brn\n|upkeep\n|turn|18\n|\n|t:|1700014928\n|move|p1a: Xerneas|Geomancy||[still]\n|-prepare|p1a: Xerneas|Geomancy\n|move|p2a: Zygarde|Thousand Arrows|p1a: Xerneas\n|-damage|p1a: Xerneas|46\/100\n|\n|-heal|p2a: Zygarde|56\/100 brn|[from] item: Leftovers\n|-damage|p2a: Zygarde|50\/100 brn|[from] brn\n|upkeep\n|turn|19\n|\n|t:|1700014938\n|move|p1a: Xerneas|Geomancy|p1a: Xerneas|[from]lockedmove\n|-boost|p1a: Xerneas|spa|2\n|-boost|p1a: Xerneas|spd|2\n|-boost|p1a: Xerneas|spe|2\n|move|p2a: Zygarde|Substitute|p2a: Zygarde\n|-start|p2a: Zygarde|Substitute\n|-damage|p2a: Zygarde|25\/100 brn\n|\n|-heal|p2a: Zygarde|31\/100 brn|[from] item: Leftovers\n|-damage|p2a: Zygarde|25\/100 brn|[from] brn\n|upkeep\n|turn|20\n|\n|t:|1700014949\n|move|p1a: Xerneas|Moonblast|p2a: Zygarde\n|-end|p2a: Zygarde|Substitute\n|move|p2a: Zygarde|Thousand Arrows|p1a: Xerneas\n|-damage|p1a: Xerneas|20\/100\n|\n|-heal|p2a: Zygarde|31\/100 brn|[from] item: Leftovers\n|-damage|p2a: Zygarde|25\/100 brn|[from] brn\n|upkeep\n|turn|21\n|\n|t:|1700014959\n|move|p1a: Xerneas|Moonblast|p2a: Zygarde\n|-damage|p2a: Zygarde|0 fnt\n|faint|p2a: Zygarde\n|\n|upkeep\n|\n|t:|1700014961\n|switch|p2a: Necrozma|Necrozma-Dusk-Mane|100\/100\n|-damage|p2a: Necrozma|94\/100|[from] Stealth Rock\n|turn|22\n|\n|t:|1700014969\n|-terastallize|p1a: Xerneas|Ground\n|move|p1a: Xerneas|Hidden Power|p2a: Necrozma\n|-supereffective|p2a: Necrozma\n|-damage|p2a: Necrozma|0 fnt\n|faint|p2a: Necrozma\n|\n|upkeep\n|\n|t:|1700014972\n|switch|p2a: Ho-Oh|Ho-Oh|19\/100\n|turn|23\n|-message|nfyhsueryfgius forfeited.\n|\n|win|85792195wwww\n|raw|85792195wwww's rating: 1690 &rarr; <strong>1708<\/strong><br \/>(+18 for winning)\n|raw|nfyhsueryfgius's rating: 1649 &rarr; <strong>1631<\/strong><br \/>(-18 for losing)\n|l|\u2606nfyhsueryfgius\n","uploadtime":1700014982,"views":7,"p1id":"85792195wwww","p2id":"nfyhsueryfgius","formatid":"gen9nationaldexubers","rating":1631,"private":0,"password":""}