{"id":"gen9nationaldexubers-1984496759","p1":"Funny jumpiiiiii","p2":"XYZ15","format":"[Gen 9] National Dex Ubers","log":"|j|\u2606Funny jumpiiiiii\n|j|\u2606XYZ15\n|t:|1699272638\n|gametype|singles\n|player|p1|Funny jumpiiiiii|dawn|1224\n|player|p2|XYZ15|rei|1444\n|teamsize|p1|6\n|teamsize|p2|6\n|gen|9\n|tier|[Gen 9] National Dex Ubers\n|rated|\n|rule|HP Percentage Mod: HP is shown in percentages\n|rule|Endless Battle Clause: Forcing endless battles is banned\n|rule|OHKO Clause: OHKO moves are banned\n|rule|Evasion Moves Clause: Evasion moves are banned\n|rule|Evasion Items Clause: Evasion items are banned\n|rule|Species Clause: Limit one of each Pok\u00e9mon\n|rule|Sleep Clause Mod: Limit one foe put to sleep\n|rule|Mega Rayquaza Clause: You cannot mega evolve Rayquaza\n|clearpoke\n|poke|p1|Glimmora, M|\n|poke|p1|Giratina-Origin|\n|poke|p1|Xerneas-*|\n|poke|p1|Arceus-Dark|\n|poke|p1|Groudon|\n|poke|p1|Necrozma-Dusk-Mane|\n|poke|p2|Darmanitan-Galar, M|\n|poke|p2|Kyogre|\n|poke|p2|Marshadow|\n|poke|p2|Magearna|\n|poke|p2|Salamence, F|\n|poke|p2|Ho-Oh|\n|teampreview\n|\n|t:|1699272646\n|start\n|switch|p1a: Glimmora|Glimmora, M|100\/100\n|switch|p2a: Darmanitan|Darmanitan-Galar, M|100\/100\n|turn|1\n|\n|t:|1699272659\n|move|p2a: Darmanitan|Earthquake|p1a: Glimmora\n|-supereffective|p1a: Glimmora\n|-enditem|p1a: Glimmora|Focus Sash\n|-damage|p1a: Glimmora|1\/100\n|-activate|p1a: Glimmora|ability: Toxic Debris\n|-sidestart|p2: XYZ15|move: Toxic Spikes\n|move|p1a: Glimmora|Power Gem|p2a: Darmanitan\n|-supereffective|p2a: Darmanitan\n|-damage|p2a: Darmanitan|0 fnt\n|faint|p2a: Darmanitan\n|\n|upkeep\n|\n|t:|1699272669\n|switch|p2a: Magearna|Magearna|100\/100\n|turn|2\n|\n|t:|1699272676\n|move|p1a: Glimmora|Earth Power|p2a: Magearna\n|-supereffective|p2a: Magearna\n|-damage|p2a: Magearna|66\/100\n|move|p2a: Magearna|Ice Beam|p1a: Glimmora\n|-damage|p1a: Glimmora|0 fnt\n|faint|p1a: Glimmora\n|-ability|p2a: Magearna|Soul-Heart|boost\n|-boost|p2a: Magearna|spa|1\n|\n|upkeep\n|\n|t:|1699272684\n|switch|p1a: Groudon|Groudon|100\/100\n|detailschange|p1a: Groudon|Groudon-Primal\n|-primal|p1a: Groudon|Red Orb\n|-weather|DesolateLand|[from] ability: Desolate Land|[of] p1a: Groudon\n|turn|3\n|\n|t:|1699272693\n|switch|p2a: Salamence|Salamence, F|100\/100\n|-ability|p2a: Salamence|Intimidate|boost\n|-unboost|p1a: Groudon|atk|1\n|move|p1a: Groudon|Heat Crash|p2a: Salamence\n|-resisted|p2a: Salamence\n|-damage|p2a: Salamence|49\/100\n|\n|-weather|DesolateLand|[upkeep]\n|upkeep\n|turn|4\n|\n|t:|1699272702\n|detailschange|p2a: Salamence|Salamence-Mega, F\n|-mega|p2a: Salamence|Salamence|Salamencite\n|move|p2a: Salamence|Earthquake|p1a: Groudon\n|-supereffective|p1a: Groudon\n|-damage|p1a: Groudon|58\/100\n|move|p1a: Groudon|Stone Edge|p2a: Salamence\n|-supereffective|p2a: Salamence\n|-damage|p2a: Salamence|0 fnt\n|faint|p2a: Salamence\n|\n|-weather|DesolateLand|[upkeep]\n|upkeep\n|\n|t:|1699272707\n|switch|p2a: Kyogre|Kyogre|100\/100\n|-status|p2a: Kyogre|psn\n|detailschange|p2a: Kyogre|Kyogre-Primal\n|-primal|p2a: Kyogre|Blue Orb\n|-weather|PrimordialSea|[from] ability: Primordial Sea|[of] p2a: Kyogre\n|turn|5\n|\n|t:|1699272712\n|switch|p1a: Giratina|Giratina-Origin|100\/100\n|move|p2a: Kyogre|Origin Pulse|p1a: Giratina\n|-resisted|p1a: Giratina\n|-damage|p1a: Giratina|54\/100\n|\n|-weather|PrimordialSea|[upkeep]\n|-damage|p2a: Kyogre|88\/100 psn|[from] psn\n|upkeep\n|turn|6\n|\n|t:|1699272726\n|switch|p1a: Groudon|Groudon-Primal|58\/100\n|-weather|DesolateLand|[from] ability: Desolate Land|[of] p1a: Groudon\n|move|p2a: Kyogre|Ice Beam|p1a: Groudon\n|-damage|p1a: Groudon|16\/100\n|\n|-weather|DesolateLand|[upkeep]\n|-damage|p2a: Kyogre|76\/100 psn|[from] psn\n|upkeep\n|turn|7\n|inactive|Battle timer is ON: inactive players will automatically lose when time's up. (requested by XYZ15)\n|\n|t:|1699272735\n|move|p1a: Groudon|Precipice Blades|p2a: Kyogre\n|-damage|p2a: Kyogre|0 fnt\n|faint|p2a: Kyogre\n|\n|-weather|DesolateLand|[upkeep]\n|upkeep\n|\n|t:|1699272741\n|switch|p2a: Marshadow|Marshadow|100\/100\n|-status|p2a: Marshadow|psn\n|turn|8\n|\n|t:|1699272757\n|-weather|none\n|switch|p1a: Giratina|Giratina-Origin|54\/100\n|move|p2a: Marshadow|Spectral Thief|p1a: Giratina\n|-supereffective|p1a: Giratina\n|-damage|p1a: Giratina|6\/100\n|\n|-damage|p2a: Marshadow|88\/100 psn|[from] psn\n|upkeep\n|turn|9\n|\n|t:|1699272760\n|move|p2a: Marshadow|Shadow Sneak|p1a: Giratina\n|-supereffective|p1a: Giratina\n|-damage|p1a: Giratina|0 fnt\n|faint|p1a: Giratina\n|\n|-damage|p2a: Marshadow|76\/100 psn|[from] psn\n|upkeep\n|\n|t:|1699272778\n|switch|p1a: Necrozma|Necrozma-Dusk-Mane|100\/100\n|turn|10\n|\n|t:|1699272803\n|switch|p2a: Ho-Oh|Ho-Oh|100\/100\n|move|p1a: Necrozma|Photon Geyser|p2a: Ho-Oh\n|-damage|p2a: Ho-Oh|42\/100\n|\n|upkeep\n|turn|11\n|\n|t:|1699272819\n|switch|p1a: Groudon|Groudon-Primal|16\/100\n|-weather|DesolateLand|[from] ability: Desolate Land|[of] p1a: Groudon\n|switch|p2a: Magearna|Magearna|66\/100\n|\n|-weather|DesolateLand|[upkeep]\n|upkeep\n|turn|12\n|inactive|XYZ15 has 120 seconds left.\n|\n|t:|1699272844\n|-terastallize|p2a: Magearna|Fairy\n|move|p1a: Groudon|Heat Crash|p2a: Magearna\n|-damage|p2a: Magearna|0 fnt\n|faint|p2a: Magearna\n|\n|-weather|DesolateLand|[upkeep]\n|upkeep\n|\n|t:|1699272849\n|switch|p2a: Marshadow|Marshadow|76\/100 psn\n|turn|13\n|inactive|XYZ15 has 120 seconds left.\n|\n|t:|1699272859\n|move|p2a: Marshadow|Bulk Up|p2a: Marshadow\n|-boost|p2a: Marshadow|atk|1\n|-boost|p2a: Marshadow|def|1\n|move|p1a: Groudon|Heat Crash|p2a: Marshadow\n|-damage|p2a: Marshadow|0 fnt\n|faint|p2a: Marshadow\n|\n|-weather|DesolateLand|[upkeep]\n|upkeep\n|\n|t:|1699272862\n|switch|p2a: Ho-Oh|Ho-Oh|75\/100\n|turn|14\n|\n|t:|1699272866\n|move|p1a: Groudon|Stone Edge|p2a: Ho-Oh\n|-supereffective|p2a: Ho-Oh\n|-damage|p2a: Ho-Oh|0 fnt\n|faint|p2a: Ho-Oh\n|\n|win|Funny jumpiiiiii\n|raw|Funny jumpiiiiii's rating: 1224 &rarr; <strong>1263<\/strong><br \/>(+39 for winning)\n|raw|XYZ15's rating: 1444 &rarr; <strong>1413<\/strong><br \/>(-31 for losing)\n|c|\u2606XYZ15|gg\n|l|\u2606XYZ15\n","uploadtime":1699272881,"views":6,"p1id":"funnyjumpiiiiii","p2id":"xyz15","formatid":"gen9nationaldexubers","rating":1263,"private":0,"password":""}