{"id":"gen9nationaldexubers-1978619408","p1":"Alvithesenior","p2":"07aint","format":"[Gen 9] National Dex Ubers","log":"|j|\u2606Alvithesenior\n|j|\u260607aint\n|t:|1698568234\n|gametype|singles\n|player|p1|Alvithesenior|cynthia-gen4|1100\n|player|p2|07aint|silver-gen2|1031\n|teamsize|p1|6\n|teamsize|p2|6\n|gen|9\n|tier|[Gen 9] National Dex Ubers\n|rated|\n|rule|HP Percentage Mod: HP is shown in percentages\n|rule|Endless Battle Clause: Forcing endless battles is banned\n|rule|OHKO Clause: OHKO moves are banned\n|rule|Evasion Moves Clause: Evasion moves are banned\n|rule|Evasion Items Clause: Evasion items are banned\n|rule|Species Clause: Limit one of each Pok\u00e9mon\n|rule|Sleep Clause Mod: Limit one foe put to sleep\n|rule|Mega Rayquaza Clause: You cannot mega evolve Rayquaza\n|clearpoke\n|poke|p1|Breloom, M|\n|poke|p1|Rotom-Wash|\n|poke|p1|Gliscor, M|\n|poke|p1|Marshadow|\n|poke|p1|Forretress, M|\n|poke|p1|Mawile, F|\n|poke|p2|Tapu Lele|\n|poke|p2|Metagross|\n|poke|p2|Landorus-Therian, M|\n|poke|p2|Togekiss, F|\n|poke|p2|Amoonguss, F|\n|poke|p2|Grimmsnarl, M|\n|teampreview\n|inactive|Battle timer is ON: inactive players will automatically lose when time's up. (requested by 07aint)\n|\n|t:|1698568243\n|start\n|switch|p1a: Forretress|Forretress, M, shiny|100\/100\n|switch|p2a: Australia|Landorus-Therian, M|100\/100\n|-ability|p2a: Australia|Intimidate|boost\n|-unboost|p1a: Forretress|atk|1\n|turn|1\n|\n|t:|1698568256\n|move|p2a: Australia|Earthquake|p1a: Forretress\n|-damage|p1a: Forretress|76\/100\n|move|p1a: Forretress|Stealth Rock|p2a: Australia\n|-sidestart|p2: 07aint|move: Stealth Rock\n|\n|-heal|p1a: Forretress|82\/100|[from] item: Leftovers\n|upkeep\n|turn|2\n|\n|t:|1698568271\n|move|p2a: Australia|Stealth Rock|p1a: Forretress\n|-sidestart|p1: Alvithesenior|move: Stealth Rock\n|move|p1a: Forretress|Rapid Spin|p2a: Australia\n|-damage|p2a: Australia|94\/100\n|-boost|p1a: Forretress|spe|1\n|-damage|p1a: Forretress|65\/100|[from] item: Rocky Helmet|[of] p2a: Australia\n|-sideend|p1: Alvithesenior|Stealth Rock|[from] move: Rapid Spin|[of] p1a: Forretress\n|\n|-heal|p1a: Forretress|71\/100|[from] item: Leftovers\n|upkeep\n|turn|3\n|\n|t:|1698568285\n|move|p2a: Australia|Earthquake|p1a: Forretress\n|-damage|p1a: Forretress|43\/100\n|move|p1a: Forretress|Volt Switch|p2a: Australia\n|-immune|p2a: Australia\n|\n|-heal|p1a: Forretress|50\/100|[from] item: Leftovers\n|upkeep\n|turn|4\n|\n|t:|1698568302\n|switch|p1a: Rotom|Rotom-Wash, shiny|100\/100\n|move|p2a: Australia|Stealth Rock|p1a: Rotom\n|-sidestart|p1: Alvithesenior|move: Stealth Rock\n|\n|upkeep\n|turn|5\n|\n|t:|1698568319\n|switch|p2a: Grimace|Grimmsnarl, M|100\/100\n|-damage|p2a: Grimace|88\/100|[from] Stealth Rock\n|move|p1a: Rotom|Will-O-Wisp|p2a: Grimace\n|-status|p2a: Grimace|brn\n|\n|-damage|p2a: Grimace|82\/100 brn|[from] brn\n|upkeep\n|turn|6\n|\n|t:|1698568335\n|move|p2a: Grimace|Light Screen|p2a: Grimace\n|-sidestart|p2: 07aint|move: Light Screen\n|move|p1a: Rotom|Volt Switch|p2a: Grimace\n|-crit|p2a: Grimace\n|-damage|p2a: Grimace|51\/100 brn\n|\n|t:|1698568340\n|switch|p1a: Mawile|Mawile, F, shiny|100\/100|[from] Volt Switch\n|-damage|p1a: Mawile|94\/100|[from] Stealth Rock\n|-ability|p1a: Mawile|Intimidate|boost\n|-unboost|p2a: Grimace|atk|1\n|\n|-damage|p2a: Grimace|45\/100 brn|[from] brn\n|upkeep\n|turn|7\n|\n|t:|1698568351\n|detailschange|p1a: Mawile|Mawile-Mega, F, shiny\n|-mega|p1a: Mawile|Mawile|Mawilite\n|move|p2a: Grimace|Parting Shot|p1a: Mawile\n|-unboost|p1a: Mawile|atk|1\n|-unboost|p1a: Mawile|spa|1\n|\n|t:|1698568357\n|switch|p2a: Australia|Landorus-Therian, M|94\/100|[from] Parting Shot\n|-damage|p2a: Australia|82\/100|[from] Stealth Rock\n|-ability|p2a: Australia|Intimidate|boost\n|-unboost|p1a: Mawile|atk|1\n|move|p1a: Mawile|Iron Head|p2a: Australia\n|-damage|p2a: Australia|45\/100\n|-damage|p1a: Mawile|78\/100|[from] item: Rocky Helmet|[of] p2a: Australia\n|\n|upkeep\n|turn|8\n|\n|t:|1698568376\n|move|p1a: Mawile|Sucker Punch|p2a: Australia\n|-damage|p2a: Australia|23\/100\n|-damage|p1a: Mawile|61\/100|[from] item: Rocky Helmet|[of] p2a: Australia\n|move|p2a: Australia|U-turn|p1a: Mawile\n|-resisted|p1a: Mawile\n|-damage|p1a: Mawile|56\/100\n|\n|t:|1698568385\n|switch|p2a: lol|Tapu Lele, shiny|100\/100|[from] U-turn\n|-damage|p2a: lol|88\/100|[from] Stealth Rock\n|-fieldstart|move: Psychic Terrain|[from] ability: Psychic Surge|[of] p2a: lol\n|\n|upkeep\n|turn|9\n|\n|t:|1698568393\n|move|p2a: lol|Hidden Power|p1a: Mawile\n|-supereffective|p1a: Mawile\n|-damage|p1a: Mawile|0 fnt\n|faint|p1a: Mawile\n|\n|upkeep\n|\n|t:|1698568405\n|switch|p1a: Forretress|Forretress, M, shiny|50\/100\n|-damage|p1a: Forretress|37\/100|[from] Stealth Rock\n|turn|10\n|\n|t:|1698568409\n|move|p2a: lol|Hidden Power|p1a: Forretress\n|-supereffective|p1a: Forretress\n|-damage|p1a: Forretress|0 fnt\n|faint|p1a: Forretress\n|\n|upkeep\n|\n|t:|1698568412\n|switch|p1a: Marshadow|Marshadow|100\/100\n|-damage|p1a: Marshadow|94\/100|[from] Stealth Rock\n|turn|11\n|\n|t:|1698568421\n|switch|p2a: Australia|Landorus-Therian, M|23\/100\n|-damage|p2a: Australia|11\/100|[from] Stealth Rock\n|-ability|p2a: Australia|Intimidate|boost\n|-unboost|p1a: Marshadow|atk|1\n|move|p1a: Marshadow|Spectral Thief|p2a: Australia\n|-damage|p2a: Australia|0 fnt\n|-damage|p1a: Marshadow|78\/100|[from] item: Rocky Helmet|[of] p2a: Australia\n|faint|p2a: Australia\n|\n|upkeep\n|\n|t:|1698568441\n|switch|p2a: Sussy|Amoonguss, F|100\/100\n|-damage|p2a: Sussy|88\/100|[from] Stealth Rock\n|turn|12\n|\n|t:|1698568448\n|move|p1a: Marshadow|Fire Punch|p2a: Sussy\n|-supereffective|p2a: Sussy\n|-damage|p2a: Sussy|62\/100\n|-damage|p1a: Marshadow|61\/100|[from] item: Rocky Helmet|[of] p2a: Sussy\n|move|p2a: Sussy|Foul Play|p1a: Marshadow\n|-damage|p1a: Marshadow|33\/100\n|\n|-fieldend|move: Psychic Terrain\n|upkeep\n|turn|13\n|\n|t:|1698568458\n|move|p1a: Marshadow|Drain Punch|p2a: Sussy\n|-resisted|p2a: Sussy\n|-damage|p2a: Sussy|52\/100\n|-heal|p1a: Marshadow|39\/100|[from] drain|[of] p2a: Sussy\n|-damage|p1a: Marshadow|23\/100|[from] item: Rocky Helmet|[of] p2a: Sussy\n|move|p2a: Sussy|Foul Play|p1a: Marshadow\n|-damage|p1a: Marshadow|0 fnt\n|faint|p1a: Marshadow\n|\n|-sideend|p2: 07aint|move: Light Screen\n|upkeep\n|\n|t:|1698568471\n|switch|p1a: Breloom|Breloom, M, shiny|100\/100\n|-damage|p1a: Breloom|94\/100|[from] Stealth Rock\n|turn|14\n|\n|t:|1698568478\n|switch|p2a: Stevie|Metagross, shiny|100\/100\n|-damage|p2a: Stevie|94\/100|[from] Stealth Rock\n|move|p1a: Breloom|Substitute|p1a: Breloom\n|-start|p1a: Breloom|Substitute\n|-damage|p1a: Breloom|69\/100\n|\n|-heal|p1a: Breloom|75\/100|[from] item: Leftovers\n|upkeep\n|turn|15\n|j| mario123MAMAMIA\n|\n|t:|1698568488\n|detailschange|p2a: Stevie|Metagross-Mega, shiny\n|-mega|p2a: Stevie|Metagross|Metagrossite\n|move|p2a: Stevie|Ice Punch|p1a: Breloom\n|-supereffective|p1a: Breloom\n|-end|p1a: Breloom|Substitute\n|move|p1a: Breloom|Spore|p2a: Stevie\n|-status|p2a: Stevie|slp|[from] move: Spore\n|\n|-heal|p1a: Breloom|82\/100|[from] item: Leftovers\n|upkeep\n|turn|16\n|\n|t:|1698568499\n|switch|p2a: Toga|Togekiss, F|100\/100\n|-damage|p2a: Toga|76\/100|[from] Stealth Rock\n|move|p1a: Breloom|Leech Seed|p2a: Toga\n|-start|p2a: Toga|move: Leech Seed\n|\n|-heal|p2a: Toga|82\/100|[from] item: Leftovers\n|-heal|p1a: Breloom|88\/100|[from] item: Leftovers\n|-damage|p2a: Toga|69\/100|[from] Leech Seed|[of] p1a: Breloom\n|-heal|p1a: Breloom|100\/100|[silent]\n|upkeep\n|turn|17\n|\n|t:|1698568518\n|switch|p1a: Rotom|Rotom-Wash, shiny|100\/100\n|-damage|p1a: Rotom|88\/100|[from] Stealth Rock\n|move|p2a: Toga|Air Slash|p1a: Rotom\n|-resisted|p1a: Rotom\n|-crit|p1a: Rotom\n|-damage|p1a: Rotom|60\/100\n|\n|-heal|p1a: Rotom|66\/100|[from] item: Leftovers\n|-heal|p2a: Toga|75\/100|[from] item: Leftovers\n|-damage|p2a: Toga|63\/100|[from] Leech Seed|[of] p1a: Rotom\n|-heal|p1a: Rotom|80\/100|[silent]\n|upkeep\n|turn|18\n|\n|t:|1698568531\n|switch|p2a: Sussy|Amoonguss, F|85\/100\n|-damage|p2a: Sussy|73\/100|[from] Stealth Rock\n|move|p1a: Rotom|Will-O-Wisp|p2a: Sussy\n|-status|p2a: Sussy|brn\n|\n|-heal|p1a: Rotom|86\/100|[from] item: Leftovers\n|-damage|p2a: Sussy|66\/100 brn|[from] brn\n|upkeep\n|turn|19\n|\n|t:|1698568542\n|switch|p1a: Breloom|Breloom, M, shiny|100\/100\n|-damage|p1a: Breloom|94\/100|[from] Stealth Rock\n|move|p2a: Sussy|Giga Drain|p1a: Breloom\n|-resisted|p1a: Breloom\n|-damage|p1a: Breloom|75\/100\n|-heal|p2a: Sussy|74\/100 brn|[from] drain|[of] p1a: Breloom\n|\n|-heal|p1a: Breloom|81\/100|[from] item: Leftovers\n|-damage|p2a: Sussy|67\/100 brn|[from] brn\n|upkeep\n|turn|20\n|\n|t:|1698568554\n|switch|p2a: Toga|Togekiss, F|63\/100\n|-damage|p2a: Toga|38\/100|[from] Stealth Rock\n|move|p1a: Breloom|Leech Seed|p2a: Toga\n|-start|p2a: Toga|move: Leech Seed\n|\n|-heal|p2a: Toga|44\/100|[from] item: Leftovers\n|-heal|p1a: Breloom|88\/100|[from] item: Leftovers\n|-damage|p2a: Toga|32\/100|[from] Leech Seed|[of] p1a: Breloom\n|-heal|p1a: Breloom|99\/100|[silent]\n|upkeep\n|turn|21\n|\n|t:|1698568568\n|switch|p1a: Rotom|Rotom-Wash, shiny|86\/100\n|-damage|p1a: Rotom|74\/100|[from] Stealth Rock\n|move|p2a: Toga|Air Slash|p1a: Rotom\n|-resisted|p1a: Rotom\n|-damage|p1a: Rotom|56\/100\n|\n|-heal|p1a: Rotom|62\/100|[from] item: Leftovers\n|-heal|p2a: Toga|38\/100|[from] item: Leftovers\n|-damage|p2a: Toga|25\/100|[from] Leech Seed|[of] p1a: Rotom\n|-heal|p1a: Rotom|75\/100|[silent]\n|upkeep\n|turn|22\n|\n|t:|1698568585\n|switch|p2a: Grimace|Grimmsnarl, M|45\/100 brn\n|-damage|p2a: Grimace|33\/100 brn|[from] Stealth Rock\n|move|p1a: Rotom|Volt Switch|p2a: Grimace\n|-damage|p2a: Grimace|13\/100 brn\n|\n|t:|1698568595\n|switch|p1a: Gliscor|Gliscor, M, shiny|100\/100|[from] Volt Switch\n|-damage|p1a: Gliscor|88\/100|[from] Stealth Rock\n|\n|-damage|p2a: Grimace|7\/100 brn|[from] brn\n|-status|p1a: Gliscor|tox|[from] item: Toxic Orb\n|upkeep\n|turn|23\n|\n|t:|1698568615\n|move|p2a: Grimace|Reflect|p2a: Grimace\n|-sidestart|p2: 07aint|Reflect\n|move|p1a: Gliscor|Swords Dance|p1a: Gliscor\n|-boost|p1a: Gliscor|atk|2\n|\n|-heal|p1a: Gliscor|100\/100 tox|[from] ability: Poison Heal\n|-damage|p2a: Grimace|0 fnt|[from] brn\n|faint|p2a: Grimace\n|upkeep\n|inactive|07aint has 120 seconds left.\n|\n|t:|1698568634\n|switch|p2a: Sussy|Amoonguss, F|100\/100 brn\n|-damage|p2a: Sussy|88\/100 brn|[from] Stealth Rock\n|turn|24\n|\n|t:|1698568642\n|move|p1a: Gliscor|Earthquake|p2a: Sussy\n|-damage|p2a: Sussy|52\/100 brn\n|move|p2a: Sussy|Foul Play|p1a: Gliscor\n|-damage|p1a: Gliscor|78\/100 tox\n|\n|-heal|p1a: Gliscor|91\/100 tox|[from] ability: Poison Heal\n|-damage|p2a: Sussy|46\/100 brn|[from] brn\n|upkeep\n|turn|25\n|inactive|07aint has 120 seconds left.\n|\n|t:|1698568660\n|move|p1a: Gliscor|Facade|p2a: Sussy\n|-damage|p2a: Sussy|13\/100 brn\n|-damage|p1a: Gliscor|74\/100 tox|[from] item: Rocky Helmet|[of] p2a: Sussy\n|move|p2a: Sussy|Foul Play|p1a: Gliscor\n|-damage|p1a: Gliscor|51\/100 tox\n|\n|-heal|p1a: Gliscor|63\/100 tox|[from] ability: Poison Heal\n|-damage|p2a: Sussy|7\/100 brn|[from] brn\n|upkeep\n|turn|26\n|inactive|07aint has 120 seconds left.\n|\n|t:|1698568677\n|move|p1a: Gliscor|Roost|p1a: Gliscor\n|-heal|p1a: Gliscor|100\/100 tox\n|-singleturn|p1a: Gliscor|move: Roost\n|move|p2a: Sussy|Foul Play|p1a: Gliscor\n|-damage|p1a: Gliscor|76\/100 tox\n|\n|-heal|p1a: Gliscor|89\/100 tox|[from] ability: Poison Heal\n|-damage|p2a: Sussy|0 fnt|[from] brn\n|faint|p2a: Sussy\n|upkeep\n|\n|t:|1698568693\n|switch|p2a: lol|Tapu Lele, shiny|88\/100\n|-damage|p2a: lol|76\/100|[from] Stealth Rock\n|-fieldstart|move: Psychic Terrain|[from] ability: Psychic Surge|[of] p2a: lol\n|turn|27\n|\n|t:|1698568710\n|move|p2a: lol|Moonblast|p1a: Gliscor\n|-damage|p1a: Gliscor|5\/100 tox\n|-unboost|p1a: Gliscor|spa|1\n|move|p1a: Gliscor|Facade|p2a: lol\n|-damage|p2a: lol|15\/100\n|\n|-heal|p1a: Gliscor|17\/100 tox|[from] ability: Poison Heal\n|upkeep\n|turn|28\n|\n|t:|1698568723\n|switch|p1a: Rotom|Rotom-Wash, shiny|75\/100\n|-damage|p1a: Rotom|63\/100|[from] Stealth Rock\n|move|p2a: lol|Moonblast|p1a: Rotom\n|-damage|p1a: Rotom|0 fnt\n|faint|p1a: Rotom\n|\n|upkeep\n|\n|t:|1698568733\n|switch|p1a: Breloom|Breloom, M, shiny|99\/100\n|-damage|p1a: Breloom|94\/100|[from] Stealth Rock\n|turn|29\n|\n|t:|1698568737\n|move|p1a: Breloom|Mach Punch|p2a: lol\n|-activate|p2a: lol|move: Psychic Terrain\n|move|p2a: lol|Moonblast|p1a: Breloom\n|-supereffective|p1a: Breloom\n|-damage|p1a: Breloom|0 fnt\n|faint|p1a: Breloom\n|\n|upkeep\n|\n|t:|1698568750\n|switch|p1a: Gliscor|Gliscor, M, shiny|17\/100 tox\n|-damage|p1a: Gliscor|5\/100 tox|[from] Stealth Rock\n|turn|30\n|\n|t:|1698568754\n|move|p2a: lol|Moonblast|p1a: Gliscor\n|-damage|p1a: Gliscor|0 fnt\n|faint|p1a: Gliscor\n|\n|win|07aint\n|raw|Alvithesenior's rating: 1100 &rarr; <strong>1070<\/strong><br \/>(-30 for losing)\n|raw|07aint's rating: 1031 &rarr; <strong>1073<\/strong><br \/>(+42 for winning)\n|l|\u2606Alvithesenior\n","uploadtime":1698568764,"views":18,"p1id":"alvithesenior","p2id":"07aint","formatid":"gen9nationaldexubers","rating":1070,"private":0,"password":""}