{"id":"gen9nationaldexubers-1984542080","p1":"jzkzkkzkzk","p2":"KarmaNightraide","format":"[Gen 9] National Dex Ubers","log":"|j|\u2606jzkzkkzkzk\n|j|\u2606KarmaNightraide\n|t:|1699277992\n|gametype|singles\n|player|p1|jzkzkkzkzk|2|1075\n|player|p2|KarmaNightraide|unknown|1179\n|teamsize|p1|6\n|teamsize|p2|6\n|gen|9\n|tier|[Gen 9] National Dex Ubers\n|rated|\n|rule|HP Percentage Mod: HP is shown in percentages\n|rule|Endless Battle Clause: Forcing endless battles is banned\n|rule|OHKO Clause: OHKO moves are banned\n|rule|Evasion Moves Clause: Evasion moves are banned\n|rule|Evasion Items Clause: Evasion items are banned\n|rule|Species Clause: Limit one of each Pok\u00e9mon\n|rule|Sleep Clause Mod: Limit one foe put to sleep\n|rule|Mega Rayquaza Clause: You cannot mega evolve Rayquaza\n|clearpoke\n|poke|p1|Regieleki|\n|poke|p1|Salamence, M|\n|poke|p1|Dragapult, M|\n|poke|p1|Wobbuffet, M|\n|poke|p1|Azumarill, F|\n|poke|p1|Ferrothorn, M|\n|poke|p2|Aegislash, F|\n|poke|p2|Ceruledge, F|\n|poke|p2|Basculegion, M|\n|poke|p2|Mimikyu, M|\n|poke|p2|Gourgeist-*, F|\n|poke|p2|Banette, M|\n|teampreview\n|inactive|Battle timer is ON: inactive players will automatically lose when time's up. (requested by KarmaNightraide)\n|\n|t:|1699278005\n|start\n|switch|p1a: Regieleki|Regieleki, shiny|100\/100\n|switch|p2a: Go to sleep...|Banette, M|100\/100\n|turn|1\n|\n|t:|1699278022\n|detailschange|p2a: Go to sleep...|Banette-Mega, M\n|-mega|p2a: Go to sleep...|Banette|Banettite\n|move|p2a: Go to sleep...|Taunt|p1a: Regieleki\n|-start|p1a: Regieleki|move: Taunt\n|cant|p1a: Regieleki|move: Taunt|Reflect\n|\n|upkeep\n|turn|2\n|\n|t:|1699278034\n|switch|p1a: Azumarill|Azumarill, F|100\/100\n|move|p2a: Go to sleep...|Poltergeist|p1a: Azumarill|[miss]\n|-miss|p2a: Go to sleep...|p1a: Azumarill\n|\n|upkeep\n|turn|3\n|\n|t:|1699278041\n|move|p2a: Go to sleep...|Taunt|p1a: Azumarill\n|-start|p1a: Azumarill|move: Taunt\n|cant|p1a: Azumarill|move: Taunt|Belly Drum\n|\n|upkeep\n|turn|4\n|\n|t:|1699278048\n|move|p2a: Go to sleep...|Thunder Wave|p1a: Azumarill\n|-status|p1a: Azumarill|par\n|move|p1a: Azumarill|Knock Off|p2a: Go to sleep...\n|-supereffective|p2a: Go to sleep...\n|-damage|p2a: Go to sleep...|16\/100\n|\n|upkeep\n|turn|5\n|\n|t:|1699278058\n|move|p1a: Azumarill|Aqua Jet|p2a: Go to sleep...\n|-damage|p2a: Go to sleep...|0 fnt\n|faint|p2a: Go to sleep...\n|\n|-end|p1a: Azumarill|move: Taunt\n|upkeep\n|\n|t:|1699278065\n|switch|p2a: Pumpin|Gourgeist-Small, F|100\/100\n|-item|p1a: Azumarill|Sitrus Berry|[from] ability: Frisk|[of] p2a: Pumpin|[identify]\n|turn|6\n|\n|t:|1699278070\n|-zpower|p2a: Pumpin\n|move|p2a: Pumpin|Z-Trick-or-Treat|p1a: Azumarill|[anim]Trick-or-Treat\n|-boost|p2a: Pumpin|atk|1|[zeffect]\n|-boost|p2a: Pumpin|def|1|[zeffect]\n|-boost|p2a: Pumpin|spa|1|[zeffect]\n|-boost|p2a: Pumpin|spd|1|[zeffect]\n|-boost|p2a: Pumpin|spe|1|[zeffect]\n|-start|p1a: Azumarill|typeadd|Ghost|[from] move: Trick-or-Treat\n|move|p1a: Azumarill|Belly Drum|p1a: Azumarill\n|-damage|p1a: Azumarill|50\/100 par\n|-setboost|p1a: Azumarill|atk|6|[from] move: Belly Drum\n|-enditem|p1a: Azumarill|Sitrus Berry|[eat]\n|-heal|p1a: Azumarill|75\/100 par|[from] item: Sitrus Berry\n|\n|upkeep\n|turn|7\n|\n|t:|1699278088\n|move|p2a: Pumpin|Power Whip|p1a: Azumarill\n|-supereffective|p1a: Azumarill\n|-damage|p1a: Azumarill|0 fnt\n|faint|p1a: Azumarill\n|\n|upkeep\n|\n|t:|1699278092\n|switch|p1a: Salamence|Salamence, M|100\/100\n|-ability|p1a: Salamence|Intimidate|boost\n|-unboost|p2a: Pumpin|atk|1\n|turn|8\n|\n|t:|1699278113\n|detailschange|p1a: Salamence|Salamence-Mega, M\n|-mega|p1a: Salamence|Salamence|Salamencite\n|move|p2a: Pumpin|Poltergeist|p1a: Salamence\n|-activate|p1a: Salamence|move: Poltergeist|Salamencite\n|-damage|p1a: Salamence|65\/100\n|move|p1a: Salamence|Dragon Dance|p1a: Salamence\n|-boost|p1a: Salamence|atk|1\n|-boost|p1a: Salamence|spe|1\n|\n|upkeep\n|turn|9\n|\n|t:|1699278124\n|move|p1a: Salamence|Dragon Dance|p1a: Salamence\n|-boost|p1a: Salamence|atk|1\n|-boost|p1a: Salamence|spe|1\n|move|p2a: Pumpin|Poltergeist|p1a: Salamence\n|-activate|p1a: Salamence|move: Poltergeist|Salamencite\n|-damage|p1a: Salamence|31\/100\n|\n|upkeep\n|turn|10\n|\n|t:|1699278133\n|move|p1a: Salamence|Roost|p1a: Salamence\n|-heal|p1a: Salamence|81\/100\n|-singleturn|p1a: Salamence|move: Roost\n|move|p2a: Pumpin|Poltergeist|p1a: Salamence\n|-activate|p1a: Salamence|move: Poltergeist|Salamencite\n|-crit|p1a: Salamence\n|-damage|p1a: Salamence|26\/100\n|\n|upkeep\n|turn|11\n|\n|t:|1699278142\n|move|p1a: Salamence|Facade|p2a: Pumpin\n|-supereffective|p2a: Pumpin\n|-damage|p2a: Pumpin|0 fnt\n|faint|p2a: Pumpin\n|\n|upkeep\n|\n|t:|1699278148\n|switch|p2a: Excalasey|Aegislash, F|100\/100\n|turn|12\n|\n|t:|1699278152\n|-formechange|p2a: Excalasey|Aegislash-Blade||[from] ability: Stance Change\n|move|p2a: Excalasey|Shadow Sneak|p1a: Salamence\n|-damage|p1a: Salamence|8\/100\n|move|p1a: Salamence|Roost|p1a: Salamence\n|-heal|p1a: Salamence|58\/100\n|-singleturn|p1a: Salamence|move: Roost\n|\n|upkeep\n|turn|13\n|\n|t:|1699278164\n|-formechange|p2a: Excalasey|Aegislash||[from] ability: Stance Change\n|move|p2a: Excalasey|King's Shield|p2a: Excalasey\n|-singleturn|p2a: Excalasey|Protect\n|move|p1a: Salamence|Facade|p2a: Excalasey\n|-activate|p2a: Excalasey|move: Protect\n|-unboost|p1a: Salamence|atk|1\n|\n|upkeep\n|turn|14\n|\n|t:|1699278180\n|-terastallize|p2a: Excalasey|Dark\n|move|p1a: Salamence|Double-Edge|p2a: Excalasey\n|-damage|p2a: Excalasey|0 fnt\n|faint|p2a: Excalasey\n|-damage|p1a: Salamence|33\/100|[from] Recoil\n|\n|upkeep\n|\n|t:|1699278188\n|switch|p2a: Widowmaker|Ceruledge, F|100\/100\n|turn|15\n|\n|t:|1699278191\n|move|p1a: Salamence|Double-Edge|p2a: Widowmaker\n|-enditem|p2a: Widowmaker|Focus Sash\n|-damage|p2a: Widowmaker|1\/100\n|-ability|p2a: Widowmaker|Weak Armor|boost\n|-unboost|p2a: Widowmaker|def|1\n|-boost|p2a: Widowmaker|spe|2\n|-damage|p1a: Salamence|5\/100|[from] Recoil\n|move|p2a: Widowmaker|Swords Dance|p2a: Widowmaker\n|-boost|p2a: Widowmaker|atk|2\n|\n|upkeep\n|turn|16\n|\n|t:|1699278203\n|move|p1a: Salamence|Double-Edge|p2a: Widowmaker\n|-damage|p2a: Widowmaker|0 fnt\n|faint|p2a: Widowmaker\n|-damage|p1a: Salamence|4\/100|[from] Recoil\n|\n|upkeep\n|\n|t:|1699278209\n|switch|p2a: Lil guy my man|Mimikyu, M|100\/100\n|turn|17\n|\n|t:|1699278226\n|move|p2a: Lil guy my man|Shadow Sneak|p1a: Salamence\n|-damage|p1a: Salamence|0 fnt\n|faint|p1a: Salamence\n|-damage|p2a: Lil guy my man|91\/100|[from] item: Life Orb\n|\n|upkeep\n|\n|t:|1699278232\n|switch|p1a: Wobbuffet|Wobbuffet, M|100\/100\n|turn|18\n|\n|t:|1699278239\n|move|p2a: Lil guy my man|Swords Dance|p2a: Lil guy my man\n|-boost|p2a: Lil guy my man|atk|2\n|move|p1a: Wobbuffet|Encore|p2a: Lil guy my man\n|-start|p2a: Lil guy my man|Encore\n|\n|upkeep\n|turn|19\n|\n|t:|1699278245\n|switch|p1a: Dragapult|Dragapult, M|100\/100\n|move|p2a: Lil guy my man|Swords Dance|p2a: Lil guy my man\n|-boost|p2a: Lil guy my man|atk|2\n|\n|upkeep\n|turn|20\n|\n|t:|1699278252\n|-terastallize|p1a: Dragapult|Dragon\n|move|p1a: Dragapult|Dragon Darts|p2a: Lil guy my man\n|-immune|p2a: Lil guy my man\n|move|p2a: Lil guy my man|Swords Dance|p2a: Lil guy my man\n|-boost|p2a: Lil guy my man|atk|2\n|\n|upkeep\n|turn|21\n|\n|t:|1699278260\n|move|p1a: Dragapult|Fire Blast|p2a: Lil guy my man\n|-activate|p2a: Lil guy my man|ability: Disguise\n|-damage|p2a: Lil guy my man|91\/100\n|detailschange|p2a: Lil guy my man|Mimikyu-Busted, M\n|-damage|p2a: Lil guy my man|78\/100|[from] pokemon: Mimikyu-Busted\n|-damage|p1a: Dragapult|91\/100|[from] item: Life Orb\n|move|p2a: Lil guy my man|Swords Dance|p2a: Lil guy my man\n|-boost|p2a: Lil guy my man|atk|0\n|\n|-end|p2a: Lil guy my man|Encore\n|upkeep\n|turn|22\n|\n|t:|1699278273\n|move|p2a: Lil guy my man|Shadow Sneak|p1a: Dragapult\n|-damage|p1a: Dragapult|0 fnt\n|faint|p1a: Dragapult\n|-damage|p2a: Lil guy my man|68\/100|[from] item: Life Orb\n|\n|upkeep\n|\n|t:|1699278276\n|switch|p1a: Wobbuffet|Wobbuffet, M|100\/100\n|turn|23\n|\n|t:|1699278281\n|move|p2a: Lil guy my man|Shadow Sneak|p1a: Wobbuffet\n|-supereffective|p1a: Wobbuffet\n|-damage|p1a: Wobbuffet|0 fnt\n|faint|p1a: Wobbuffet\n|-damage|p2a: Lil guy my man|58\/100|[from] item: Life Orb\n|\n|upkeep\n|\n|t:|1699278285\n|switch|p1a: Ferrothorn|Ferrothorn, M|100\/100\n|turn|24\n|\n|t:|1699278307\n|move|p2a: Lil guy my man|Drain Punch|p1a: Ferrothorn\n|-supereffective|p1a: Ferrothorn\n|-damage|p1a: Ferrothorn|0 fnt\n|-heal|p2a: Lil guy my man|100\/100|[from] drain|[of] p1a: Ferrothorn\n|-damage|p2a: Lil guy my man|88\/100|[from] ability: Iron Barbs|[of] p1a: Ferrothorn\n|faint|p1a: Ferrothorn\n|-damage|p2a: Lil guy my man|78\/100|[from] item: Life Orb\n|\n|upkeep\n|\n|t:|1699278314\n|switch|p1a: Regieleki|Regieleki, shiny|100\/100\n|turn|25\n|\n|t:|1699278320\n|move|p2a: Lil guy my man|Shadow Sneak|p1a: Regieleki\n|-damage|p1a: Regieleki|0 fnt\n|faint|p1a: Regieleki\n|-damage|p2a: Lil guy my man|68\/100|[from] item: Life Orb\n|\n|win|KarmaNightraide\n|raw|jzkzkkzkzk's rating: 1075 &rarr; <strong>1060<\/strong><br \/>(-15 for losing)\n|raw|KarmaNightraide's rating: 1179 &rarr; <strong>1197<\/strong><br \/>(+18 for winning)\n|l|\u2606jzkzkkzkzk\n","uploadtime":1699278327,"views":5,"p1id":"jzkzkkzkzk","p2id":"karmanightraide","formatid":"gen9nationaldexubers","rating":1060,"private":0,"password":""}