{"id":"gen9nationaldexubers-1985104198","p1":"DaSpoog27","p2":"MafeIsMental","format":"[Gen 9] National Dex Ubers","log":"|j|\u2606DaSpoog27\n|j|\u2606MafeIsMental\n|t:|1699331383\n|gametype|singles\n|player|p1|DaSpoog27|101|1107\n|player|p2|MafeIsMental|teammagmagruntm-gen3|1192\n|teamsize|p1|6\n|teamsize|p2|6\n|gen|9\n|tier|[Gen 9] National Dex Ubers\n|rated|\n|rule|HP Percentage Mod: HP is shown in percentages\n|rule|Endless Battle Clause: Forcing endless battles is banned\n|rule|OHKO Clause: OHKO moves are banned\n|rule|Evasion Moves Clause: Evasion moves are banned\n|rule|Evasion Items Clause: Evasion items are banned\n|rule|Species Clause: Limit one of each Pok\u00e9mon\n|rule|Sleep Clause Mod: Limit one foe put to sleep\n|rule|Mega Rayquaza Clause: You cannot mega evolve Rayquaza\n|clearpoke\n|poke|p1|Volcarona, M|\n|poke|p1|Tyranitar, M|\n|poke|p1|Empoleon, M|\n|poke|p1|Amoonguss, F|\n|poke|p1|Giratina|\n|poke|p1|Kyurem-White|\n|poke|p2|Annihilape, F|\n|poke|p2|Clodsire, M|\n|poke|p2|Dragapult, F|\n|poke|p2|Grimmsnarl, M|\n|poke|p2|Groudon|\n|poke|p2|Yveltal|\n|teampreview\n|inactive|Battle timer is ON: inactive players will automatically lose when time's up. (requested by MafeIsMental)\n|\n|t:|1699331395\n|start\n|switch|p1a: Giratina|Giratina|100\/100\n|switch|p2a: Uncle Jerry|Grimmsnarl, M|100\/100\n|-ability|p1a: Giratina|Pressure\n|turn|1\n|\n|t:|1699331398\n|move|p2a: Uncle Jerry|Taunt|p1a: Giratina\n|-start|p1a: Giratina|move: Taunt\n|cant|p1a: Giratina|move: Taunt|Thunder Wave\n|\n|upkeep\n|turn|2\n|\n|t:|1699331404\n|move|p2a: Uncle Jerry|Reflect|p2a: Uncle Jerry\n|-sidestart|p2: MafeIsMental|Reflect\n|move|p1a: Giratina|Earthquake|p2a: Uncle Jerry\n|-damage|p2a: Uncle Jerry|80\/100\n|\n|upkeep\n|turn|3\n|\n|t:|1699331408\n|switch|p1a: Tyranitar|Tyranitar, M|100\/100\n|-weather|Sandstorm|[from] ability: Sand Stream|[of] p1a: Tyranitar\n|move|p2a: Uncle Jerry|Parting Shot|p1a: Tyranitar\n|-hint|Since gen 7, Dark is immune to Prankster moves.\n|-immune|p1a: Tyranitar\n|\n|-weather|Sandstorm|[upkeep]\n|-damage|p2a: Uncle Jerry|74\/100|[from] Sandstorm\n|upkeep\n|turn|4\n|\n|t:|1699331426\n|switch|p2a: MF LIZZ|Groudon, shiny|100\/100\n|detailschange|p2a: MF LIZZ|Groudon-Primal, shiny\n|-primal|p2a: MF LIZZ|Red Orb\n|-weather|DesolateLand|[from] ability: Desolate Land|[of] p2a: MF LIZZ\n|detailschange|p1a: Tyranitar|Tyranitar-Mega, M\n|-mega|p1a: Tyranitar|Tyranitar|Tyranitarite\n|-ability|p1a: Tyranitar|Sand Stream|[from] desolateland|[fail]\n|move|p1a: Tyranitar|Earthquake|p2a: MF LIZZ\n|-supereffective|p2a: MF LIZZ\n|-damage|p2a: MF LIZZ|70\/100\n|\n|-weather|DesolateLand|[upkeep]\n|upkeep\n|turn|5\n|\n|t:|1699331442\n|move|p2a: MF LIZZ|Precipice Blades|p1a: Tyranitar\n|-supereffective|p1a: Tyranitar\n|-damage|p1a: Tyranitar|12\/100\n|move|p1a: Tyranitar|Stone Edge|p2a: MF LIZZ\n|-damage|p2a: MF LIZZ|48\/100\n|\n|-weather|DesolateLand|[upkeep]\n|upkeep\n|turn|6\n|\n|t:|1699331453\n|move|p2a: MF LIZZ|Fire Punch|p1a: Tyranitar\n|-resisted|p1a: Tyranitar\n|-damage|p1a: Tyranitar|0 fnt\n|faint|p1a: Tyranitar\n|\n|-weather|DesolateLand|[upkeep]\n|upkeep\n|\n|t:|1699331455\n|switch|p1a: Kyurem|Kyurem-White|100\/100\n|-ability|p1a: Kyurem|Turboblaze\n|turn|7\n|\n|t:|1699331463\n|-terastallize|p1a: Kyurem|Dragon\n|move|p2a: MF LIZZ|Fire Punch|p1a: Kyurem\n|-resisted|p1a: Kyurem\n|-damage|p1a: Kyurem|68\/100\n|move|p1a: Kyurem|Earth Power|p2a: MF LIZZ\n|-supereffective|p2a: MF LIZZ\n|-damage|p2a: MF LIZZ|0 fnt\n|faint|p2a: MF LIZZ\n|-weather|none\n|\n|upkeep\n|\n|t:|1699331471\n|switch|p2a: Uncle Jerry|Grimmsnarl, M|74\/100\n|turn|8\n|\n|t:|1699331485\n|move|p2a: Uncle Jerry|Light Screen|p2a: Uncle Jerry\n|-sidestart|p2: MafeIsMental|move: Light Screen\n|move|p1a: Kyurem|Earth Power|p2a: Uncle Jerry\n|-damage|p2a: Uncle Jerry|57\/100\n|\n|upkeep\n|turn|9\n|\n|t:|1699331494\n|switch|p1a: Empoleon|Empoleon, M|100\/100\n|move|p2a: Uncle Jerry|Parting Shot|p1a: Empoleon\n|-unboost|p1a: Empoleon|atk|1\n|-ability|p1a: Empoleon|Competitive|boost\n|-boost|p1a: Empoleon|spa|2\n|-unboost|p1a: Empoleon|spa|1\n|-ability|p1a: Empoleon|Competitive|boost\n|-boost|p1a: Empoleon|spa|2\n|\n|t:|1699331510\n|switch|p2a: Prowler|Annihilape, F|100\/100|[from] Parting Shot\n|\n|-sideend|p2: MafeIsMental|Reflect\n|upkeep\n|turn|10\n|\n|t:|1699331521\n|-terastallize|p2a: Prowler|Water\n|move|p2a: Prowler|Bulk Up|p2a: Prowler\n|-boost|p2a: Prowler|atk|1\n|-boost|p2a: Prowler|def|1\n|move|p1a: Empoleon|Scald|p2a: Prowler\n|-resisted|p2a: Prowler\n|-crit|p2a: Prowler\n|-damage|p2a: Prowler|68\/100\n|\n|-heal|p2a: Prowler|75\/100|[from] item: Leftovers\n|upkeep\n|turn|11\n|\n|t:|1699331530\n|move|p2a: Prowler|Drain Punch|p1a: Empoleon\n|-supereffective|p1a: Empoleon\n|-damage|p1a: Empoleon|11\/100\n|-heal|p2a: Prowler|100\/100|[from] drain|[of] p1a: Empoleon\n|move|p1a: Empoleon|Scald|p2a: Prowler\n|-resisted|p2a: Prowler\n|-damage|p2a: Prowler|88\/100\n|\n|-heal|p2a: Prowler|94\/100|[from] item: Leftovers\n|-heal|p1a: Empoleon|17\/100|[from] item: Leftovers\n|upkeep\n|turn|12\n|\n|t:|1699331539\n|switch|p1a: Giratina|Giratina|100\/100\n|-ability|p1a: Giratina|Pressure\n|move|p2a: Prowler|Drain Punch|p1a: Giratina\n|-immune|p1a: Giratina\n|\n|-heal|p2a: Prowler|100\/100|[from] item: Leftovers\n|upkeep\n|turn|13\n|\n|t:|1699331545\n|move|p2a: Prowler|Rage Fist|p1a: Giratina\n|-supereffective|p1a: Giratina\n|-damage|p1a: Giratina|7\/100\n|move|p1a: Giratina|Thunder Wave|p2a: Prowler\n|-status|p2a: Prowler|par\n|\n|upkeep\n|turn|14\n|\n|t:|1699331554\n|move|p2a: Prowler|Rage Fist|p1a: Giratina\n|-supereffective|p1a: Giratina\n|-damage|p1a: Giratina|0 fnt\n|faint|p1a: Giratina\n|\n|upkeep\n|\n|t:|1699331565\n|switch|p1a: Kyurem|Kyurem-White, tera:Dragon|68\/100\n|-ability|p1a: Kyurem|Turboblaze\n|turn|15\n|\n|t:|1699331569\n|move|p1a: Kyurem|Freeze-Dry|p2a: Prowler\n|-supereffective|p2a: Prowler\n|-damage|p2a: Prowler|72\/100 par\n|move|p2a: Prowler|Rage Fist|p1a: Kyurem\n|-damage|p1a: Kyurem|0 fnt\n|faint|p1a: Kyurem\n|\n|-heal|p2a: Prowler|78\/100 par|[from] item: Leftovers\n|-sideend|p2: MafeIsMental|move: Light Screen\n|upkeep\n|\n|t:|1699331583\n|switch|p1a: Amoonguss|Amoonguss, F|100\/100\n|turn|16\n|\n|t:|1699331586\n|move|p2a: Prowler|Rage Fist|p1a: Amoonguss\n|-damage|p1a: Amoonguss|8\/100\n|-damage|p2a: Prowler|61\/100 par|[from] item: Rocky Helmet|[of] p1a: Amoonguss\n|move|p1a: Amoonguss|Foul Play|p2a: Prowler\n|-damage|p2a: Prowler|39\/100 par\n|\n|-heal|p2a: Prowler|45\/100 par|[from] item: Leftovers\n|upkeep\n|turn|17\n|\n|t:|1699331594\n|move|p2a: Prowler|Rage Fist|p1a: Amoonguss\n|-damage|p1a: Amoonguss|0 fnt\n|-damage|p2a: Prowler|29\/100 par|[from] item: Rocky Helmet|[of] p1a: Amoonguss\n|faint|p1a: Amoonguss\n|\n|-heal|p2a: Prowler|35\/100 par|[from] item: Leftovers\n|upkeep\n|\n|t:|1699331595\n|switch|p1a: Volcarona|Volcarona, M|100\/100\n|turn|18\n|\n|t:|1699331606\n|move|p1a: Volcarona|Bug Buzz|p2a: Prowler\n|-damage|p2a: Prowler|4\/100 par\n|move|p2a: Prowler|Rage Fist|p1a: Volcarona\n|-damage|p1a: Volcarona|0 fnt\n|faint|p1a: Volcarona\n|\n|-heal|p2a: Prowler|10\/100 par|[from] item: Leftovers\n|upkeep\n|\n|t:|1699331609\n|switch|p1a: Empoleon|Empoleon, M|17\/100\n|turn|19\n|\n|t:|1699331614\n|move|p1a: Empoleon|Scald|p2a: Prowler\n|-resisted|p2a: Prowler\n|-damage|p2a: Prowler|1\/100 par\n|move|p2a: Prowler|Drain Punch|p1a: Empoleon\n|-supereffective|p1a: Empoleon\n|-damage|p1a: Empoleon|0 fnt\n|-heal|p2a: Prowler|8\/100 par|[from] drain|[of] p1a: Empoleon\n|faint|p1a: Empoleon\n|\n|win|MafeIsMental\n|raw|DaSpoog27's rating: 1107 &rarr; <strong>1088<\/strong><br \/>(-19 for losing)\n|raw|MafeIsMental's rating: 1192 &rarr; <strong>1211<\/strong><br \/>(+19 for winning)\n|l|\u2606DaSpoog27\n","uploadtime":1699331625,"views":5,"p1id":"daspoog27","p2id":"mafeismental","formatid":"gen9nationaldexubers","rating":1088,"private":0,"password":""}