{"id":"gen9nationaldexubers-1979640673","p1":"Guj Genera","p2":"Pex hater","format":"[Gen 9] National Dex Ubers","log":"|j|\u2606Guj Genera\n|j|\u2606Pex hater\n|t:|1698699064\n|gametype|singles\n|player|p1|Guj Genera|red|\n|player|p2|Pex hater|cheryl|\n|teamsize|p1|6\n|teamsize|p2|6\n|gen|9\n|tier|[Gen 9] National Dex Ubers\n|rule|HP Percentage Mod: HP is shown in percentages\n|rule|Endless Battle Clause: Forcing endless battles is banned\n|rule|OHKO Clause: OHKO moves are banned\n|rule|Evasion Moves Clause: Evasion moves are banned\n|rule|Evasion Items Clause: Evasion items are banned\n|rule|Species Clause: Limit one of each Pok\u00e9mon\n|rule|Sleep Clause Mod: Limit one foe put to sleep\n|rule|Mega Rayquaza Clause: You cannot mega evolve Rayquaza\n|clearpoke\n|poke|p1|Zeraora|\n|poke|p1|Kartana|\n|poke|p1|Cinderace, M|\n|poke|p1|Landorus-Therian, M|\n|poke|p1|Kommo-o, F|\n|poke|p1|Cryogonal|\n|poke|p2|Weezing-Galar, M|\n|poke|p2|Toxapex, M|\n|poke|p2|Overqwil, F|\n|poke|p2|Slowking-Galar, F|\n|poke|p2|Venusaur, F|\n|poke|p2|Sneasler, M|\n|teampreview\n|inactive|Battle timer is ON: inactive players will automatically lose when time's up. (requested by Guj Genera)\n|\n|t:|1698699075\n|start\n|switch|p1a: Landorus|Landorus-Therian, M, shiny|100\/100\n|switch|p2a: Skinny Ricky|Sneasler, M|100\/100\n|-ability|p1a: Landorus|Intimidate|boost\n|-unboost|p2a: Skinny Ricky|atk|1\n|turn|1\n|\n|t:|1698699080\n|move|p2a: Skinny Ricky|U-turn|p1a: Landorus\n|-resisted|p1a: Landorus\n|-damage|p1a: Landorus|94\/100\n|-damage|p2a: Skinny Ricky|84\/100|[from] item: Rocky Helmet|[of] p1a: Landorus\n|\n|t:|1698699085\n|switch|p2a: Indubitably|Weezing-Galar, M|100\/100|[from] U-turn\n|move|p1a: Landorus|Earthquake|p2a: Indubitably\n|-immune|p2a: Indubitably|[from] ability: Levitate\n|\n|upkeep\n|turn|2\n|\n|t:|1698699088\n|move|p1a: Landorus|U-turn|p2a: Indubitably\n|-resisted|p2a: Indubitably\n|-damage|p2a: Indubitably|97\/100\n|\n|t:|1698699093\n|switch|p1a: Cinderace|Cinderace, M, shiny|100\/100|[from] U-turn\n|move|p2a: Indubitably|Will-O-Wisp|p1a: Cinderace\n|-immune|p1a: Cinderace\n|\n|-heal|p2a: Indubitably|100\/100|[from] item: Black Sludge\n|upkeep\n|turn|3\n|\n|t:|1698699103\n|move|p1a: Cinderace|Double-Edge|p2a: Indubitably\n|-start|p1a: Cinderace|typechange|Normal|[from] ability: Libero\n|-damage|p2a: Indubitably|48\/100\n|-damage|p1a: Cinderace|82\/100|[from] Recoil\n|move|p2a: Indubitably|Pain Split|p1a: Cinderace\n|-sethp|p1a: Cinderace|67\/100|[from] move: Pain Split|[silent]\n|-sethp|p2a: Indubitably|61\/100|[from] move: Pain Split\n|\n|-heal|p2a: Indubitably|67\/100|[from] item: Black Sludge\n|upkeep\n|turn|4\n|\n|t:|1698699110\n|switch|p2a: the faithless|Toxapex, M|100\/100\n|move|p1a: Cinderace|Double-Edge|p2a: the faithless\n|-damage|p2a: the faithless|51\/100\n|-damage|p1a: Cinderace|51\/100|[from] Recoil\n|\n|upkeep\n|turn|5\n|\n|t:|1698699120\n|move|p1a: Cinderace|Double-Edge|p2a: the faithless\n|-damage|p2a: the faithless|0 fnt\n|faint|p2a: the faithless\n|-damage|p1a: Cinderace|34\/100|[from] Recoil\n|\n|upkeep\n|\n|t:|1698699123\n|switch|p2a: Skinny Ricky|Sneasler, M|84\/100\n|turn|6\n|\n|t:|1698699134\n|move|p2a: Skinny Ricky|U-turn|p1a: Cinderace\n|-damage|p1a: Cinderace|0 fnt\n|faint|p1a: Cinderace\n|\n|t:|1698699137\n|switch|p2a: On the menu|Venusaur, F|100\/100|[from] U-turn\n|\n|upkeep\n|\n|t:|1698699146\n|switch|p1a: Cryogonal|Cryogonal, shiny|100\/100\n|turn|7\n|\n|t:|1698699154\n|detailschange|p2a: On the menu|Venusaur-Mega, F\n|-mega|p2a: On the menu|Venusaur|Venusaurite\n|move|p1a: Cryogonal|Freeze-Dry|p2a: On the menu\n|-supereffective|p2a: On the menu\n|-damage|p2a: On the menu|82\/100\n|move|p2a: On the menu|Giga Drain|p1a: Cryogonal\n|-damage|p1a: Cryogonal|77\/100\n|-heal|p2a: On the menu|94\/100|[from] drain|[of] p1a: Cryogonal\n|\n|upkeep\n|turn|8\n|\n|t:|1698699161\n|move|p1a: Cryogonal|Freeze-Dry|p2a: On the menu\n|-supereffective|p2a: On the menu\n|-damage|p2a: On the menu|75\/100\n|move|p2a: On the menu|Leech Seed|p1a: Cryogonal\n|-start|p1a: Cryogonal|move: Leech Seed\n|\n|-damage|p1a: Cryogonal|65\/100|[from] Leech Seed|[of] p2a: On the menu\n|-heal|p2a: On the menu|88\/100|[silent]\n|upkeep\n|turn|9\n|\n|t:|1698699166\n|move|p1a: Cryogonal|Rapid Spin|p2a: On the menu\n|-damage|p2a: On the menu|84\/100\n|-boost|p1a: Cryogonal|spe|1\n|-end|p1a: Cryogonal|Leech Seed|[from] move: Rapid Spin|[of] p1a: Cryogonal\n|move|p2a: On the menu|Leech Seed|p1a: Cryogonal\n|-start|p1a: Cryogonal|move: Leech Seed\n|\n|-damage|p1a: Cryogonal|52\/100|[from] Leech Seed|[of] p2a: On the menu\n|-heal|p2a: On the menu|96\/100|[silent]\n|upkeep\n|turn|10\n|\n|t:|1698699170\n|move|p1a: Cryogonal|Rapid Spin|p2a: On the menu\n|-damage|p2a: On the menu|93\/100\n|-boost|p1a: Cryogonal|spe|1\n|-end|p1a: Cryogonal|Leech Seed|[from] move: Rapid Spin|[of] p1a: Cryogonal\n|move|p2a: On the menu|Giga Drain|p1a: Cryogonal\n|-damage|p1a: Cryogonal|31\/100\n|-heal|p2a: On the menu|100\/100|[from] drain|[of] p1a: Cryogonal\n|\n|upkeep\n|turn|11\n|\n|t:|1698699174\n|move|p1a: Cryogonal|Recover|p1a: Cryogonal\n|-heal|p1a: Cryogonal|81\/100\n|move|p2a: On the menu|Leech Seed|p1a: Cryogonal\n|-start|p1a: Cryogonal|move: Leech Seed\n|\n|-damage|p1a: Cryogonal|69\/100|[from] Leech Seed|[of] p2a: On the menu\n|upkeep\n|turn|12\n|\n|t:|1698699178\n|move|p1a: Cryogonal|Rapid Spin|p2a: On the menu\n|-damage|p2a: On the menu|96\/100\n|-boost|p1a: Cryogonal|spe|1\n|-end|p1a: Cryogonal|Leech Seed|[from] move: Rapid Spin|[of] p1a: Cryogonal\n|move|p2a: On the menu|Giga Drain|p1a: Cryogonal\n|-damage|p1a: Cryogonal|45\/100\n|-heal|p2a: On the menu|100\/100|[from] drain|[of] p1a: Cryogonal\n|\n|upkeep\n|turn|13\n|\n|t:|1698699182\n|move|p1a: Cryogonal|Recover|p1a: Cryogonal\n|-heal|p1a: Cryogonal|96\/100\n|move|p2a: On the menu|Hidden Power|p1a: Cryogonal\n|-supereffective|p1a: Cryogonal\n|-damage|p1a: Cryogonal|72\/100\n|\n|upkeep\n|turn|14\n|\n|t:|1698699185\n|move|p1a: Cryogonal|Freeze-Dry|p2a: On the menu\n|-supereffective|p2a: On the menu\n|-damage|p2a: On the menu|82\/100\n|move|p2a: On the menu|Leech Seed|p1a: Cryogonal\n|-start|p1a: Cryogonal|move: Leech Seed\n|\n|-damage|p1a: Cryogonal|60\/100|[from] Leech Seed|[of] p2a: On the menu\n|-heal|p2a: On the menu|94\/100|[silent]\n|upkeep\n|turn|15\n|\n|t:|1698699190\n|switch|p2a: oo ee oo ah ah|Slowking-Galar, F|100\/100\n|move|p1a: Cryogonal|Rapid Spin|p2a: oo ee oo ah ah\n|-damage|p2a: oo ee oo ah ah|94\/100\n|-boost|p1a: Cryogonal|spe|1\n|-end|p1a: Cryogonal|Leech Seed|[from] move: Rapid Spin|[of] p1a: Cryogonal\n|\n|upkeep\n|turn|16\n|\n|t:|1698699193\n|move|p1a: Cryogonal|Freeze-Dry|p2a: oo ee oo ah ah\n|-damage|p2a: oo ee oo ah ah|83\/100\n|move|p2a: oo ee oo ah ah|Future Sight|p1a: Cryogonal\n|-start|p2a: oo ee oo ah ah|move: Future Sight\n|\n|upkeep\n|turn|17\n|\n|t:|1698699212\n|move|p1a: Cryogonal|Freeze-Dry|p2a: oo ee oo ah ah\n|-damage|p2a: oo ee oo ah ah|73\/100\n|move|p2a: oo ee oo ah ah|Sludge Bomb|p1a: Cryogonal\n|-damage|p1a: Cryogonal|34\/100\n|\n|upkeep\n|turn|18\n|\n|t:|1698699217\n|move|p1a: Cryogonal|Recover|p1a: Cryogonal\n|-heal|p1a: Cryogonal|84\/100\n|move|p2a: oo ee oo ah ah|Flamethrower|p1a: Cryogonal\n|-supereffective|p1a: Cryogonal\n|-damage|p1a: Cryogonal|47\/100\n|\n|-end|p1a: Cryogonal|move: Future Sight\n|-damage|p1a: Cryogonal|9\/100\n|upkeep\n|turn|19\n|\n|t:|1698699234\n|move|p1a: Cryogonal|Recover|p1a: Cryogonal\n|-heal|p1a: Cryogonal|59\/100\n|move|p2a: oo ee oo ah ah|Future Sight|p1a: Cryogonal\n|-start|p2a: oo ee oo ah ah|move: Future Sight\n|\n|upkeep\n|turn|20\n|\n|t:|1698699244\n|move|p1a: Cryogonal|Freeze-Dry|p2a: oo ee oo ah ah\n|-crit|p2a: oo ee oo ah ah\n|-damage|p2a: oo ee oo ah ah|57\/100\n|-status|p2a: oo ee oo ah ah|frz\n|cant|p2a: oo ee oo ah ah|frz\n|\n|upkeep\n|turn|21\n|\n|t:|1698699246\n|move|p1a: Cryogonal|Freeze-Dry|p2a: oo ee oo ah ah\n|-damage|p2a: oo ee oo ah ah|47\/100 frz\n|cant|p2a: oo ee oo ah ah|frz\n|\n|-end|p1a: Cryogonal|move: Future Sight\n|-damage|p1a: Cryogonal|20\/100\n|upkeep\n|turn|22\n|\n|t:|1698699255\n|switch|p1a: Kommo-o|Kommo-o, F, shiny|100\/100\n|cant|p2a: oo ee oo ah ah|frz\n|\n|upkeep\n|turn|23\n|\n|t:|1698699264\n|switch|p2a: Indubitably|Weezing-Galar, M|67\/100\n|move|p1a: Kommo-o|Earthquake|p2a: Indubitably\n|-immune|p2a: Indubitably|[from] ability: Levitate\n|\n|-heal|p2a: Indubitably|73\/100|[from] item: Black Sludge\n|upkeep\n|turn|24\n|\n|t:|1698699273\n|switch|p1a: Cryogonal|Cryogonal, shiny|20\/100\n|move|p2a: Indubitably|Will-O-Wisp|p1a: Cryogonal\n|-status|p1a: Cryogonal|brn\n|\n|-heal|p2a: Indubitably|79\/100|[from] item: Black Sludge\n|-damage|p1a: Cryogonal|14\/100 brn|[from] brn\n|upkeep\n|turn|25\n|\n|t:|1698699277\n|switch|p2a: oo ee oo ah ah|Slowking-Galar, F|81\/100 frz\n|move|p1a: Cryogonal|Freeze-Dry|p2a: oo ee oo ah ah\n|-damage|p2a: oo ee oo ah ah|70\/100 frz\n|\n|-damage|p1a: Cryogonal|8\/100 brn|[from] brn\n|upkeep\n|turn|26\n|\n|t:|1698699288\n|switch|p1a: Zeraora|Zeraora, shiny|100\/100\n|cant|p2a: oo ee oo ah ah|frz\n|\n|upkeep\n|turn|27\n|\n|t:|1698699295\n|switch|p2a: On the menu|Venusaur-Mega, F|94\/100\n|move|p1a: Zeraora|Plasma Fists|p2a: On the menu\n|-resisted|p2a: On the menu\n|-damage|p2a: On the menu|80\/100\n|-fieldactivate|move: Ion Deluge\n|-hint|Normal-type moves become Electric-type after using Plasma Fists.\n|\n|upkeep\n|turn|28\n|\n|t:|1698699300\n|move|p1a: Zeraora|Close Combat|p2a: On the menu\n|-resisted|p2a: On the menu\n|-damage|p2a: On the menu|69\/100\n|-unboost|p1a: Zeraora|def|1\n|-unboost|p1a: Zeraora|spd|1\n|move|p2a: On the menu|Giga Drain|p1a: Zeraora\n|-damage|p1a: Zeraora|43\/100\n|-heal|p2a: On the menu|94\/100|[from] drain|[of] p1a: Zeraora\n|\n|upkeep\n|turn|29\n|\n|t:|1698699306\n|switch|p1a: Kartana|Kartana, shiny|100\/100\n|move|p2a: On the menu|Giga Drain|p1a: Kartana\n|-resisted|p1a: Kartana\n|-damage|p1a: Kartana|76\/100\n|-heal|p2a: On the menu|100\/100|[from] drain|[of] p1a: Kartana\n|\n|upkeep\n|turn|30\n|\n|t:|1698699308\n|switch|p2a: Overqwil|Overqwil, F|100\/100\n|-ability|p2a: Overqwil|Intimidate|boost\n|-unboost|p1a: Kartana|atk|1\n|move|p1a: Kartana|Sacred Sword|p2a: Overqwil\n|-damage|p2a: Overqwil|78\/100\n|\n|-heal|p2a: Overqwil|84\/100|[from] item: Black Sludge\n|upkeep\n|turn|31\n|\n|t:|1698699317\n|switch|p1a: Cryogonal|Cryogonal, shiny|8\/100 brn\n|move|p2a: Overqwil|Spikes|p1a: Cryogonal\n|-sidestart|p1: Guj Genera|Spikes\n|\n|-heal|p2a: Overqwil|91\/100|[from] item: Black Sludge\n|-damage|p1a: Cryogonal|2\/100 brn|[from] brn\n|upkeep\n|turn|32\n|\n|t:|1698699320\n|move|p1a: Cryogonal|Rapid Spin|p2a: Overqwil\n|-damage|p2a: Overqwil|88\/100\n|-boost|p1a: Cryogonal|spe|1\n|-sideend|p1: Guj Genera|Spikes|[from] move: Rapid Spin|[of] p1a: Cryogonal\n|move|p2a: Overqwil|Spikes|p1a: Cryogonal\n|-sidestart|p1: Guj Genera|Spikes\n|\n|-heal|p2a: Overqwil|94\/100|[from] item: Black Sludge\n|-damage|p1a: Cryogonal|0 fnt|[from] brn\n|faint|p1a: Cryogonal\n|upkeep\n|\n|t:|1698699328\n|switch|p1a: Zeraora|Zeraora, shiny|43\/100\n|-damage|p1a: Zeraora|31\/100|[from] Spikes\n|turn|33\n|\n|t:|1698699354\n|switch|p2a: On the menu|Venusaur-Mega, F|100\/100\n|move|p1a: Zeraora|Plasma Fists|p2a: On the menu\n|-resisted|p2a: On the menu\n|-damage|p2a: On the menu|86\/100\n|-fieldactivate|move: Ion Deluge\n|-hint|Normal-type moves become Electric-type after using Plasma Fists.\n|\n|upkeep\n|turn|34\n|\n|t:|1698699357\n|move|p1a: Zeraora|Plasma Fists|p2a: On the menu\n|-resisted|p2a: On the menu\n|-damage|p2a: On the menu|72\/100\n|-fieldactivate|move: Ion Deluge\n|-hint|Normal-type moves become Electric-type after using Plasma Fists.\n|move|p2a: On the menu|Giga Drain|p1a: Zeraora\n|-damage|p1a: Zeraora|0 fnt\n|-heal|p2a: On the menu|85\/100|[from] drain|[of] p1a: Zeraora\n|faint|p1a: Zeraora\n|\n|upkeep\n|\n|t:|1698699363\n|switch|p1a: Kartana|Kartana, shiny|76\/100\n|-damage|p1a: Kartana|63\/100|[from] Spikes\n|turn|35\n|\n|t:|1698699366\n|switch|p2a: Overqwil|Overqwil, F|94\/100\n|-ability|p2a: Overqwil|Intimidate|boost\n|-unboost|p1a: Kartana|atk|1\n|move|p1a: Kartana|Sacred Sword|p2a: Overqwil\n|-damage|p2a: Overqwil|72\/100\n|\n|-heal|p2a: Overqwil|79\/100|[from] item: Black Sludge\n|upkeep\n|turn|36\n|\n|t:|1698699372\n|switch|p1a: Landorus|Landorus-Therian, M, shiny|94\/100\n|-ability|p1a: Landorus|Intimidate|boost\n|-unboost|p2a: Overqwil|atk|1\n|move|p2a: Overqwil|Spikes|p1a: Landorus\n|-sidestart|p1: Guj Genera|Spikes\n|\n|-heal|p2a: Overqwil|85\/100|[from] item: Black Sludge\n|upkeep\n|turn|37\n|\n|t:|1698699376\n|switch|p2a: Indubitably|Weezing-Galar, M|79\/100\n|move|p1a: Landorus|Stealth Rock|p2a: Indubitably\n|-sidestart|p2: Pex hater|move: Stealth Rock\n|\n|-heal|p2a: Indubitably|85\/100|[from] item: Black Sludge\n|upkeep\n|turn|38\n|\n|t:|1698699379\n|move|p1a: Landorus|U-turn|p2a: Indubitably\n|-resisted|p2a: Indubitably\n|-damage|p2a: Indubitably|81\/100\n|\n|t:|1698699382\n|switch|p1a: Kartana|Kartana, shiny|63\/100|[from] U-turn\n|-damage|p1a: Kartana|47\/100|[from] Spikes\n|move|p2a: Indubitably|Will-O-Wisp|p1a: Kartana\n|-status|p1a: Kartana|brn\n|\n|-heal|p2a: Indubitably|87\/100|[from] item: Black Sludge\n|-damage|p1a: Kartana|41\/100 brn|[from] brn\n|upkeep\n|turn|39\n|\n|t:|1698699390\n|switch|p2a: Overqwil|Overqwil, F|85\/100\n|-damage|p2a: Overqwil|72\/100|[from] Stealth Rock\n|-ability|p2a: Overqwil|Intimidate|boost\n|-unboost|p1a: Kartana|atk|1\n|move|p1a: Kartana|Knock Off|p2a: Overqwil\n|-resisted|p2a: Overqwil\n|-damage|p2a: Overqwil|67\/100\n|-enditem|p2a: Overqwil|Black Sludge|[from] move: Knock Off|[of] p1a: Kartana\n|\n|-damage|p1a: Kartana|34\/100 brn|[from] brn\n|upkeep\n|turn|40\n|\n|t:|1698699397\n|move|p1a: Kartana|Knock Off|p2a: Overqwil\n|-resisted|p2a: Overqwil\n|-damage|p2a: Overqwil|63\/100\n|move|p2a: Overqwil|Spikes|p1a: Kartana\n|-sidestart|p1: Guj Genera|Spikes\n|\n|-damage|p1a: Kartana|28\/100 brn|[from] brn\n|upkeep\n|turn|41\n|\n|t:|1698699400\n|move|p1a: Kartana|Knock Off|p2a: Overqwil\n|-resisted|p2a: Overqwil\n|-damage|p2a: Overqwil|60\/100\n|move|p2a: Overqwil|Crunch|p1a: Kartana\n|-damage|p1a: Kartana|0 fnt\n|faint|p1a: Kartana\n|\n|upkeep\n|\n|t:|1698699404\n|switch|p1a: Kommo-o|Kommo-o, F, shiny|100\/100\n|-damage|p1a: Kommo-o|76\/100|[from] Spikes\n|turn|42\n|\n|t:|1698699407\n|switch|p2a: Indubitably|Weezing-Galar, M|87\/100\n|-damage|p2a: Indubitably|75\/100|[from] Stealth Rock\n|move|p1a: Kommo-o|Close Combat|p2a: Indubitably\n|-resisted|p2a: Indubitably\n|-damage|p2a: Indubitably|66\/100\n|-unboost|p1a: Kommo-o|def|1\n|-unboost|p1a: Kommo-o|spd|1\n|\n|-heal|p2a: Indubitably|72\/100|[from] item: Black Sludge\n|upkeep\n|turn|43\n|\n|t:|1698699410\n|switch|p1a: Landorus|Landorus-Therian, M, shiny|94\/100\n|-ability|p1a: Landorus|Intimidate|boost\n|-unboost|p2a: Indubitably|atk|1\n|move|p2a: Indubitably|Strange Steam|p1a: Landorus\n|-damage|p1a: Landorus|64\/100\n|\n|-heal|p2a: Indubitably|78\/100|[from] item: Black Sludge\n|upkeep\n|turn|44\n|\n|t:|1698699417\n|move|p1a: Landorus|Earthquake|p2a: Indubitably\n|-immune|p2a: Indubitably|[from] ability: Levitate\n|move|p2a: Indubitably|Will-O-Wisp|p1a: Landorus\n|-status|p1a: Landorus|brn\n|\n|-heal|p2a: Indubitably|84\/100|[from] item: Black Sludge\n|-damage|p1a: Landorus|58\/100 brn|[from] brn\n|upkeep\n|turn|45\n|\n|t:|1698699422\n|move|p1a: Landorus|U-turn|p2a: Indubitably\n|-resisted|p2a: Indubitably\n|-damage|p2a: Indubitably|82\/100\n|\n|t:|1698699425\n|switch|p1a: Kommo-o|Kommo-o, F, shiny|76\/100|[from] U-turn\n|-damage|p1a: Kommo-o|51\/100|[from] Spikes\n|move|p2a: Indubitably|Strange Steam|p1a: Kommo-o\n|-supereffective|p1a: Kommo-o\n|-damage|p1a: Kommo-o|0 fnt\n|faint|p1a: Kommo-o\n|\n|-heal|p2a: Indubitably|88\/100|[from] item: Black Sludge\n|upkeep\n|\n|t:|1698699427\n|switch|p1a: Landorus|Landorus-Therian, M, shiny|58\/100 brn\n|-ability|p1a: Landorus|Intimidate|boost\n|-unboost|p2a: Indubitably|atk|1\n|turn|46\n|\n|t:|1698699430\n|move|p1a: Landorus|U-turn|p2a: Indubitably\n|-resisted|p2a: Indubitably\n|-damage|p2a: Indubitably|86\/100\n|move|p2a: Indubitably|Strange Steam|p1a: Landorus\n|-damage|p1a: Landorus|31\/100 brn\n|\n|-heal|p2a: Indubitably|92\/100|[from] item: Black Sludge\n|-damage|p1a: Landorus|25\/100 brn|[from] brn\n|upkeep\n|turn|47\n|\n|t:|1698699432\n|move|p1a: Landorus|U-turn|p2a: Indubitably\n|-resisted|p2a: Indubitably\n|-damage|p2a: Indubitably|91\/100\n|move|p2a: Indubitably|Strange Steam|p1a: Landorus\n|-damage|p1a: Landorus|0 fnt\n|faint|p1a: Landorus\n|\n|win|Pex hater\n|c|\u2606Pex hater|gg\n|c|\u2606Guj Genera|Ggwp\n","uploadtime":1698699439,"views":18,"p1id":"gujgenera","p2id":"pexhater","formatid":"gen9nationaldexubers","rating":0,"private":0,"password":""}