{"id":"gen9nationaldexubers-1979769796","p1":"Wafleman","p2":"seejay6","format":"[Gen 9] National Dex Ubers","log":"|j|\u2606Wafleman\n|j|\u2606seejay6\n|t:|1698711406\n|gametype|singles\n|player|p1|Wafleman|101|\n|player|p2|seejay6|caitlin|\n|teamsize|p1|6\n|teamsize|p2|6\n|gen|9\n|tier|[Gen 9] National Dex Ubers\n|rule|HP Percentage Mod: HP is shown in percentages\n|rule|Endless Battle Clause: Forcing endless battles is banned\n|rule|OHKO Clause: OHKO moves are banned\n|rule|Evasion Moves Clause: Evasion moves are banned\n|rule|Evasion Items Clause: Evasion items are banned\n|rule|Species Clause: Limit one of each Pok\u00e9mon\n|rule|Sleep Clause Mod: Limit one foe put to sleep\n|rule|Mega Rayquaza Clause: You cannot mega evolve Rayquaza\n|clearpoke\n|poke|p1|Rillaboom, F|\n|poke|p1|Lopunny, M|\n|poke|p1|Metagross|\n|poke|p1|Kilowattrel, M|\n|poke|p1|Alakazam, F|\n|poke|p1|Grapploct, F|\n|poke|p2|Altaria, F|\n|poke|p2|Lilligant-Hisui, F|\n|poke|p2|Torkoal, M|\n|poke|p2|Weavile, M|\n|poke|p2|Klefki, F|\n|poke|p2|Sandy Shocks|\n|teampreview\n|j| Brockplazz\n|j| logbake2\n|c|\u2606seejay6|glhf!\n|l| Brockplazz\n|\n|t:|1698711468\n|start\n|switch|p1a: Lopunny|Lopunny, M, shiny|100\/100\n|switch|p2a: Reginald|Torkoal, M|100\/100\n|-weather|SunnyDay|[from] ability: Drought|[of] p2a: Reginald\n|turn|1\n|j| Brockplazz\n|\n|t:|1698711491\n|detailschange|p1a: Lopunny|Lopunny-Mega, M, shiny\n|-mega|p1a: Lopunny|Lopunny|Lopunnite\n|move|p1a: Lopunny|Fake Out|p2a: Reginald\n|-damage|p2a: Reginald|88\/100\n|cant|p2a: Reginald|flinch\n|\n|-weather|SunnyDay|[upkeep]\n|upkeep\n|turn|2\n|\n|t:|1698711510\n|move|p1a: Lopunny|U-turn|p2a: Reginald\n|-resisted|p2a: Reginald\n|-damage|p2a: Reginald|81\/100\n|\n|t:|1698711513\n|switch|p1a: Grapploct|Grapploct, F|100\/100|[from] U-turn\n|move|p2a: Reginald|Will-O-Wisp|p1a: Grapploct\n|-status|p1a: Grapploct|brn\n|\n|-weather|SunnyDay|[upkeep]\n|-damage|p1a: Grapploct|94\/100 brn|[from] brn\n|upkeep\n|turn|3\n|\n|t:|1698711571\n|move|p1a: Grapploct|Liquidation|p2a: Reginald\n|-supereffective|p2a: Reginald\n|-damage|p2a: Reginald|71\/100\n|move|p2a: Reginald|Lava Plume|p1a: Grapploct\n|-damage|p1a: Grapploct|57\/100 brn\n|\n|-weather|SunnyDay|[upkeep]\n|-damage|p1a: Grapploct|50\/100 brn|[from] brn\n|upkeep\n|turn|4\n|l| Brockplazz\n|\n|t:|1698711618\n|switch|p2a: Fob|Klefki, F, shiny|100\/100\n|move|p1a: Grapploct|Liquidation|p2a: Fob\n|-damage|p2a: Fob|91\/100\n|\n|-weather|SunnyDay|[upkeep]\n|-damage|p1a: Grapploct|44\/100 brn|[from] brn\n|upkeep\n|turn|5\n|\n|t:|1698711631\n|move|p2a: Fob|Reflect|p2a: Fob\n|-sidestart|p2: seejay6|Reflect\n|move|p1a: Grapploct|Brutal Swing|p2a: Fob\n|-resisted|p2a: Fob\n|-damage|p2a: Fob|87\/100\n|\n|-weather|SunnyDay|[upkeep]\n|-damage|p1a: Grapploct|38\/100 brn|[from] brn\n|upkeep\n|turn|6\n|\n|t:|1698711638\n|move|p2a: Fob|Light Screen|p2a: Fob\n|-sidestart|p2: seejay6|move: Light Screen\n|move|p1a: Grapploct|Ice Punch|p2a: Fob\n|-resisted|p2a: Fob\n|-damage|p2a: Fob|83\/100\n|\n|-weather|SunnyDay|[upkeep]\n|-damage|p1a: Grapploct|32\/100 brn|[from] brn\n|upkeep\n|turn|7\n|\n|t:|1698711653\n|switch|p2a: Nimbus|Altaria, F, shiny|100\/100\n|move|p1a: Grapploct|Ice Punch|p2a: Nimbus\n|-supereffective|p2a: Nimbus\n|-damage|p2a: Nimbus|78\/100\n|\n|-weather|SunnyDay|[upkeep]\n|-damage|p1a: Grapploct|26\/100 brn|[from] brn\n|upkeep\n|turn|8\n|j| Brockplazz\n|l| Brockplazz\n|\n|t:|1698711665\n|detailschange|p2a: Nimbus|Altaria-Mega, F, shiny\n|-mega|p2a: Nimbus|Altaria|Altarianite\n|move|p2a: Nimbus|Dragon Dance|p2a: Nimbus\n|-boost|p2a: Nimbus|atk|1\n|-boost|p2a: Nimbus|spe|1\n|move|p1a: Grapploct|Ice Punch|p2a: Nimbus\n|-supereffective|p2a: Nimbus\n|-damage|p2a: Nimbus|68\/100\n|\n|-weather|none\n|-damage|p1a: Grapploct|20\/100 brn|[from] brn\n|upkeep\n|turn|9\n|j| Brockplazz\n|\n|t:|1698711680\n|move|p2a: Nimbus|Dragon Dance|p2a: Nimbus\n|-boost|p2a: Nimbus|atk|1\n|-boost|p2a: Nimbus|spe|1\n|move|p1a: Grapploct|Ice Punch|p2a: Nimbus\n|-supereffective|p2a: Nimbus\n|-damage|p2a: Nimbus|57\/100\n|\n|-damage|p1a: Grapploct|14\/100 brn|[from] brn\n|upkeep\n|turn|10\n|\n|t:|1698711698\n|move|p2a: Nimbus|Dragon Dance|p2a: Nimbus\n|-boost|p2a: Nimbus|atk|1\n|-boost|p2a: Nimbus|spe|1\n|move|p1a: Grapploct|Ice Punch|p2a: Nimbus\n|-supereffective|p2a: Nimbus\n|-damage|p2a: Nimbus|47\/100\n|\n|-damage|p1a: Grapploct|8\/100 brn|[from] brn\n|upkeep\n|turn|11\n|\n|t:|1698711707\n|move|p2a: Nimbus|Dragon Dance|p2a: Nimbus\n|-boost|p2a: Nimbus|atk|1\n|-boost|p2a: Nimbus|spe|1\n|move|p1a: Grapploct|Ice Punch|p2a: Nimbus\n|-supereffective|p2a: Nimbus\n|-damage|p2a: Nimbus|35\/100\n|\n|-damage|p1a: Grapploct|2\/100 brn|[from] brn\n|upkeep\n|turn|12\n|\n|t:|1698711714\n|move|p2a: Nimbus|Roost|p2a: Nimbus\n|-heal|p2a: Nimbus|85\/100\n|-singleturn|p2a: Nimbus|move: Roost\n|move|p1a: Grapploct|Ice Punch|p2a: Nimbus\n|-supereffective|p2a: Nimbus\n|-damage|p2a: Nimbus|75\/100\n|\n|-damage|p1a: Grapploct|0 fnt|[from] brn\n|faint|p1a: Grapploct\n|-sideend|p2: seejay6|Reflect\n|upkeep\n|\n|t:|1698711743\n|switch|p1a: Kilowattrel|Kilowattrel, M|100\/100\n|turn|13\n|\n|t:|1698711769\n|move|p2a: Nimbus|Frustration|p1a: Kilowattrel\n|-damage|p1a: Kilowattrel|0 fnt\n|faint|p1a: Kilowattrel\n|\n|-sideend|p2: seejay6|move: Light Screen\n|upkeep\n|\n|t:|1698711792\n|switch|p1a: Lopunny|Lopunny-Mega, M, shiny|100\/100\n|turn|14\n|\n|t:|1698711800\n|move|p1a: Lopunny|Fake Out|p2a: Nimbus\n|-damage|p2a: Nimbus|60\/100\n|cant|p2a: Nimbus|flinch\n|\n|upkeep\n|turn|15\n|\n|t:|1698711814\n|move|p2a: Nimbus|Frustration|p1a: Lopunny\n|-supereffective|p1a: Lopunny\n|-damage|p1a: Lopunny|0 fnt\n|faint|p1a: Lopunny\n|\n|upkeep\n|\n|t:|1698711824\n|switch|p1a: Rillaboom|Rillaboom, F, shiny|100\/100\n|-fieldstart|move: Grassy Terrain|[from] ability: Grassy Surge|[of] p1a: Rillaboom\n|turn|16\n|\n|t:|1698711838\n|move|p1a: Rillaboom|Grassy Glide|p2a: Nimbus\n|-resisted|p2a: Nimbus\n|-damage|p2a: Nimbus|47\/100\n|move|p2a: Nimbus|Roost|p2a: Nimbus\n|-heal|p2a: Nimbus|97\/100\n|-singleturn|p2a: Nimbus|move: Roost\n|\n|-heal|p2a: Nimbus|100\/100|[from] Grassy Terrain\n|upkeep\n|turn|17\n|\n|t:|1698711845\n|move|p2a: Nimbus|Frustration|p1a: Rillaboom\n|-damage|p1a: Rillaboom|0 fnt\n|faint|p1a: Rillaboom\n|\n|upkeep\n|\n|t:|1698711851\n|switch|p1a: Alakazam|Alakazam, F, shiny|100\/100\n|turn|18\n|\n|t:|1698711887\n|move|p2a: Nimbus|Frustration|p1a: Alakazam\n|-enditem|p1a: Alakazam|Focus Sash\n|-damage|p1a: Alakazam|1\/100\n|move|p1a: Alakazam|Dazzling Gleam|p2a: Nimbus\n|-supereffective|p2a: Nimbus\n|-damage|p2a: Nimbus|48\/100\n|\n|-heal|p2a: Nimbus|54\/100|[from] Grassy Terrain\n|-heal|p1a: Alakazam|7\/100|[from] Grassy Terrain\n|upkeep\n|turn|19\n|\n|t:|1698711897\n|move|p2a: Nimbus|Frustration|p1a: Alakazam\n|-damage|p1a: Alakazam|0 fnt\n|faint|p1a: Alakazam\n|\n|-heal|p2a: Nimbus|60\/100|[from] Grassy Terrain\n|upkeep\n|\n|t:|1698711904\n|switch|p1a: Metagross|Metagross, shiny|100\/100\n|turn|20\n|\n|t:|1698711910\n|move|p2a: Nimbus|Earthquake|p1a: Metagross\n|-supereffective|p1a: Metagross\n|-damage|p1a: Metagross|42\/100\n|move|p1a: Metagross|Ice Punch|p2a: Nimbus\n|-supereffective|p2a: Nimbus\n|-damage|p2a: Nimbus|20\/100\n|\n|-heal|p2a: Nimbus|26\/100|[from] Grassy Terrain\n|-heal|p1a: Metagross|48\/100|[from] Grassy Terrain\n|-fieldend|move: Grassy Terrain\n|upkeep\n|turn|21\n|\n|t:|1698711919\n|move|p2a: Nimbus|Earthquake|p1a: Metagross\n|-supereffective|p1a: Metagross\n|-damage|p1a: Metagross|0 fnt\n|faint|p1a: Metagross\n|\n|win|seejay6\n|c|\u2606Wafleman|GG buddy\n|c|\u2606seejay6|gg bestie <3\n|l| Brockplazz\n","uploadtime":1698711942,"views":14,"p1id":"wafleman","p2id":"seejay6","formatid":"gen9nationaldexubers","rating":0,"private":0,"password":""}