{"id":"gen9nationaldexubers-1994917192","p1":"700club","p2":"Hiro-Hisuito","format":"[Gen 9] National Dex Ubers","log":"|j|\u2606700club\n|j|\u2606Hiro-Hisuito\n|t:|1700504491\n|gametype|singles\n|player|p1|700club|shadowtriad|1404\n|player|p2|Hiro-Hisuito|lance|1192\n|teamsize|p1|6\n|teamsize|p2|6\n|gen|9\n|tier|[Gen 9] National Dex Ubers\n|rated|\n|rule|HP Percentage Mod: HP is shown in percentages\n|rule|Endless Battle Clause: Forcing endless battles is banned\n|rule|OHKO Clause: OHKO moves are banned\n|rule|Evasion Moves Clause: Evasion moves are banned\n|rule|Evasion Items Clause: Evasion items are banned\n|rule|Species Clause: Limit one of each Pok\u00e9mon\n|rule|Sleep Clause Mod: Limit one foe put to sleep\n|rule|Mega Rayquaza Clause: You cannot mega evolve Rayquaza\n|clearpoke\n|poke|p1|Ogerpon-Hearthflame, F|\n|poke|p1|Ditto|\n|poke|p1|Shuckle, M|\n|poke|p1|Mewtwo|\n|poke|p1|Necrozma-Dusk-Mane|\n|poke|p1|Zacian-*|\n|poke|p2|Jolteon, M|\n|poke|p2|Xurkitree|\n|poke|p2|Rotom-Wash|\n|poke|p2|Boltund, M|\n|poke|p2|Tapu Koko|\n|poke|p2|Raichu-Alola, M|\n|teampreview\n|c|\u2606700club|hi\n|c|\u2606Hiro-Hisuito|Hi!\n|c|\u2606700club|nice full electric\n|\n|t:|1700504517\n|start\n|switch|p1a: Shuckle|Shuckle, M|100\/100\n|switch|p2a: Jolteon|Jolteon, M|100\/100\n|turn|1\n|c|\u2606Hiro-Hisuito|Yeah.\n|\n|t:|1700504535\n|move|p2a: Jolteon|Volt Switch|p1a: Shuckle\n|-damage|p1a: Shuckle|81\/100\n|\n|t:|1700504540\n|switch|p2a: Xurkitree|Xurkitree|100\/100|[from] Volt Switch\n|move|p1a: Shuckle|Sticky Web|p2a: Xurkitree\n|-sidestart|p2: Hiro-Hisuito|move: Sticky Web\n|\n|upkeep\n|turn|2\n|\n|t:|1700504550\n|switch|p1a: Necrozma|Necrozma-Dusk-Mane|100\/100\n|-zpower|p2a: Xurkitree\n|move|p2a: Xurkitree|Z-Hypnosis|p1a: Necrozma|[anim]Hypnosis|[miss]\n|-boost|p2a: Xurkitree|spe|1|[zeffect]\n|-miss|p2a: Xurkitree|p1a: Necrozma\n|\n|upkeep\n|turn|3\n|\n|t:|1700504565\n|detailschange|p1a: Necrozma|Necrozma-Ultra\n|-burst|p1a: Necrozma|Necrozma|Ultranecrozium Z\n|move|p2a: Xurkitree|Discharge|p1a: Necrozma\n|-resisted|p1a: Necrozma\n|-damage|p1a: Necrozma|75\/100\n|move|p1a: Necrozma|Earthquake|p2a: Xurkitree\n|-supereffective|p2a: Xurkitree\n|-damage|p2a: Xurkitree|0 fnt\n|faint|p2a: Xurkitree\n|\n|upkeep\n|\n|t:|1700504576\n|switch|p2a: Tapu Koko|Tapu Koko|100\/100\n|-activate|p2a: Tapu Koko|move: Sticky Web\n|-unboost|p2a: Tapu Koko|spe|1\n|-fieldstart|move: Electric Terrain|[from] ability: Electric Surge|[of] p2a: Tapu Koko\n|turn|4\n|\n|t:|1700504590\n|-zpower|p1a: Necrozma\n|move|p1a: Necrozma|Light That Burns the Sky|p2a: Tapu Koko|[zeffect]\n|-damage|p2a: Tapu Koko|0 fnt\n|faint|p2a: Tapu Koko\n|\n|upkeep\n|\n|t:|1700504593\n|switch|p2a: Raichu|Raichu-Alola, M|100\/100\n|-activate|p2a: Raichu|move: Sticky Web\n|-unboost|p2a: Raichu|spe|1\n|turn|5\n|\n|t:|1700504607\n|move|p2a: Raichu|Calm Mind|p2a: Raichu\n|-boost|p2a: Raichu|spa|1\n|-boost|p2a: Raichu|spd|1\n|move|p1a: Necrozma|Stone Edge|p2a: Raichu\n|-damage|p2a: Raichu|1\/100\n|\n|upkeep\n|turn|6\n|c|\u2606700club|omg\n|\n|t:|1700504619\n|move|p2a: Raichu|Discharge|p1a: Necrozma\n|-resisted|p1a: Necrozma\n|-damage|p1a: Necrozma|42\/100\n|-status|p1a: Necrozma|par\n|move|p1a: Necrozma|Photon Geyser|p2a: Raichu\n|-resisted|p2a: Raichu\n|-damage|p2a: Raichu|0 fnt\n|faint|p2a: Raichu\n|\n|upkeep\n|\n|t:|1700504628\n|switch|p2a: Rotom|Rotom-Wash|100\/100\n|turn|7\n|\n|t:|1700504634\n|move|p2a: Rotom|Hex|p1a: Necrozma\n|-supereffective|p1a: Necrozma\n|-crit|p1a: Necrozma\n|-damage|p1a: Necrozma|0 fnt\n|faint|p1a: Necrozma\n|\n|upkeep\n|\n|t:|1700504645\n|switch|p1a: Ogerpon|Ogerpon-Hearthflame, F|100\/100\n|-ability|p1a: Ogerpon|Mold Breaker\n|turn|8\n|\n|t:|1700504655\n|switch|p2a: Jolteon|Jolteon, M|100\/100\n|-activate|p2a: Jolteon|move: Sticky Web\n|-unboost|p2a: Jolteon|spe|1\n|move|p1a: Ogerpon|Substitute|p1a: Ogerpon\n|-start|p1a: Ogerpon|Substitute\n|-damage|p1a: Ogerpon|76\/100\n|\n|-fieldend|move: Electric Terrain\n|-status|p2a: Jolteon|brn|[from] item: Flame Orb\n|upkeep\n|turn|9\n|\n|t:|1700504665\n|-terastallize|p1a: Ogerpon|Fire\n|detailschange|p1a: Ogerpon|Ogerpon-Hearthflame-Tera, F, tera:Fire\n|-ability|p1a: Ogerpon|Embody Aspect (Hearthflame)|boost\n|-boost|p1a: Ogerpon|atk|1\n|move|p2a: Jolteon|Shadow Ball|p1a: Ogerpon\n|-activate|p1a: Ogerpon|move: Substitute|[damage]\n|move|p1a: Ogerpon|Ivy Cudgel|p2a: Jolteon|[anim] Ivy Cudgel Fire\n|-damage|p2a: Jolteon|0 fnt\n|faint|p2a: Jolteon\n|\n|upkeep\n|\n|t:|1700504678\n|switch|p2a: Boltund|Boltund, M|100\/100\n|-activate|p2a: Boltund|move: Sticky Web\n|-unboost|p2a: Boltund|spe|1\n|turn|10\n|\n|t:|1700504683\n|move|p1a: Ogerpon|Ivy Cudgel|p2a: Boltund|[anim] Ivy Cudgel Fire\n|-enditem|p2a: Boltund|Focus Sash\n|-damage|p2a: Boltund|1\/100\n|move|p2a: Boltund|Psychic Fangs|p1a: Ogerpon\n|-end|p1a: Ogerpon|Substitute\n|\n|upkeep\n|turn|11\n|\n|t:|1700504696\n|move|p1a: Ogerpon|Substitute|p1a: Ogerpon\n|-start|p1a: Ogerpon|Substitute\n|-damage|p1a: Ogerpon|51\/100\n|move|p2a: Boltund|Psychic Fangs|p1a: Ogerpon\n|-end|p1a: Ogerpon|Substitute\n|\n|upkeep\n|turn|12\n|\n|t:|1700504702\n|move|p1a: Ogerpon|Ivy Cudgel|p2a: Boltund|[anim] Ivy Cudgel Fire\n|-damage|p2a: Boltund|0 fnt\n|faint|p2a: Boltund\n|\n|upkeep\n|\n|t:|1700504705\n|switch|p2a: Rotom|Rotom-Wash|100\/100\n|turn|13\n|\n|t:|1700504713\n|move|p2a: Rotom|Trick||[still]\n|-fail|p2a: Rotom\n|move|p1a: Ogerpon|Leech Seed|p2a: Rotom\n|-start|p2a: Rotom|move: Leech Seed\n|\n|-damage|p2a: Rotom|88\/100|[from] Leech Seed|[of] p1a: Ogerpon\n|-heal|p1a: Ogerpon|59\/100|[silent]\n|upkeep\n|turn|14\n|-message|Hiro-Hisuito forfeited.\n|\n|win|700club\n|raw|700club's rating: 1404 &rarr; <strong>1413<\/strong><br \/>(+9 for winning)\n|raw|Hiro-Hisuito's rating: 1192 &rarr; <strong>1181<\/strong><br \/>(-11 for losing)\n|l|\u2606Hiro-Hisuito\n","uploadtime":1700504729,"views":3,"p1id":"700club","p2id":"hirohisuito","formatid":"gen9nationaldexubers","rating":1181,"private":0,"password":""}