{"id":"gen9nationaldexubers-1997521259","p1":"Ban Miraidon","p2":"dreepy airlines","format":"[Gen 9] National Dex Ubers","log":"|j|\u2606Ban Miraidon\n|j|\u2606dreepy airlines\n|t:|1700819503\n|gametype|singles\n|player|p1|Ban Miraidon|volo-ginkgo|1335\n|player|p2|dreepy airlines|waitress-gen6|1569\n|teamsize|p1|6\n|teamsize|p2|6\n|gen|9\n|tier|[Gen 9] National Dex Ubers\n|rated|\n|rule|HP Percentage Mod: HP is shown in percentages\n|rule|Endless Battle Clause: Forcing endless battles is banned\n|rule|OHKO Clause: OHKO moves are banned\n|rule|Evasion Moves Clause: Evasion moves are banned\n|rule|Evasion Items Clause: Evasion items are banned\n|rule|Species Clause: Limit one of each Pok\u00e9mon\n|rule|Sleep Clause Mod: Limit one foe put to sleep\n|rule|Mega Rayquaza Clause: You cannot mega evolve Rayquaza\n|clearpoke\n|poke|p1|Smeargle, F|\n|poke|p1|Gholdengo|\n|poke|p1|Xerneas-*|\n|poke|p1|Groudon|\n|poke|p1|Necrozma-Dusk-Mane|\n|poke|p1|Arceus|\n|poke|p2|Deoxys-Speed|\n|poke|p2|Groudon|\n|poke|p2|Yveltal|\n|poke|p2|Arceus|\n|poke|p2|Zacian-*|\n|poke|p2|Salamence, F|\n|teampreview\n|inactive|Battle timer is ON: inactive players will automatically lose when time's up. (requested by dreepy airlines)\n|\n|t:|1700819519\n|start\n|switch|p1a: Smeargle|Smeargle, F, shiny|100\/100\n|switch|p2a: Deoxys|Deoxys-Speed|100\/100\n|-ability|p2a: Deoxys|Pressure\n|turn|1\n|\n|t:|1700819530\n|move|p2a: Deoxys|Taunt|p1a: Smeargle\n|-start|p1a: Smeargle|move: Taunt\n|move|p1a: Smeargle|Nuzzle|p2a: Deoxys\n|-damage|p2a: Deoxys|99\/100\n|-status|p2a: Deoxys|par\n|\n|-ability|p1a: Smeargle|Moody|boost\n|-boost|p1a: Smeargle|spa|2\n|-unboost|p1a: Smeargle|atk|1\n|upkeep\n|turn|2\n|\n|t:|1700819534\n|move|p1a: Smeargle|Rapid Spin|p2a: Deoxys\n|-damage|p2a: Deoxys|94\/100 par\n|-boost|p1a: Smeargle|spe|1\n|move|p2a: Deoxys|Spikes|p1a: Smeargle\n|-sidestart|p1: Ban Miraidon|Spikes\n|\n|-ability|p1a: Smeargle|Moody|boost\n|-boost|p1a: Smeargle|spe|2\n|-unboost|p1a: Smeargle|atk|1\n|upkeep\n|turn|3\n|\n|t:|1700819551\n|switch|p2a: Arceus|Arceus|100\/100\n|move|p1a: Smeargle|Rapid Spin|p2a: Arceus\n|-damage|p2a: Arceus|99\/100\n|-boost|p1a: Smeargle|spe|1\n|-sideend|p1: Ban Miraidon|Spikes|[from] move: Rapid Spin|[of] p1a: Smeargle\n|\n|-end|p1a: Smeargle|move: Taunt\n|-ability|p1a: Smeargle|Moody|boost\n|-boost|p1a: Smeargle|spe|2\n|-unboost|p1a: Smeargle|def|1\n|upkeep\n|turn|4\n|\n|t:|1700819560\n|move|p2a: Arceus|Extreme Speed|p1a: Smeargle\n|-enditem|p1a: Smeargle|Focus Sash\n|-damage|p1a: Smeargle|1\/100\n|move|p1a: Smeargle|Stealth Rock|p2a: Arceus\n|-sidestart|p2: dreepy airlines|move: Stealth Rock\n|\n|-ability|p1a: Smeargle|Moody|boost\n|-boost|p1a: Smeargle|atk|2\n|-unboost|p1a: Smeargle|spa|1\n|upkeep\n|turn|5\n|\n|t:|1700819564\n|-terastallize|p1a: Smeargle|Ghost\n|move|p2a: Arceus|Extreme Speed|p1a: Smeargle\n|-immune|p1a: Smeargle\n|move|p1a: Smeargle|Sticky Web|p2a: Arceus\n|-sidestart|p2: dreepy airlines|move: Sticky Web\n|\n|-ability|p1a: Smeargle|Moody|boost\n|-boost|p1a: Smeargle|spa|2\n|-unboost|p1a: Smeargle|atk|1\n|upkeep\n|turn|6\n|\n|t:|1700819570\n|move|p1a: Smeargle|Nuzzle|p2a: Arceus\n|-damage|p2a: Arceus|98\/100\n|-status|p2a: Arceus|par\n|cant|p2a: Arceus|par\n|\n|-ability|p1a: Smeargle|Moody|boost\n|-boost|p1a: Smeargle|spa|2\n|-unboost|p1a: Smeargle|def|1\n|upkeep\n|turn|7\n|\n|t:|1700819576\n|move|p1a: Smeargle|Rapid Spin|p2a: Arceus\n|-damage|p2a: Arceus|95\/100 par\n|cant|p2a: Arceus|par\n|\n|-ability|p1a: Smeargle|Moody|boost\n|-boost|p1a: Smeargle|spa|1\n|-unboost|p1a: Smeargle|spd|1\n|upkeep\n|turn|8\n|\n|t:|1700819581\n|move|p1a: Smeargle|Rapid Spin|p2a: Arceus\n|-damage|p2a: Arceus|92\/100 par\n|move|p2a: Arceus|Earthquake|p1a: Smeargle\n|-damage|p1a: Smeargle|0 fnt\n|faint|p1a: Smeargle\n|\n|upkeep\n|\n|t:|1700819591\n|switch|p1a: Xerneas|Xerneas, shiny|100\/100\n|-ability|p1a: Xerneas|Fairy Aura\n|turn|9\n|\n|t:|1700819595\n|move|p1a: Xerneas|Geomancy||[still]\n|-prepare|p1a: Xerneas|Geomancy\n|-enditem|p1a: Xerneas|Power Herb\n|-anim|p1a: Xerneas|Geomancy|p1a: Xerneas\n|-boost|p1a: Xerneas|spa|2\n|-boost|p1a: Xerneas|spd|2\n|-boost|p1a: Xerneas|spe|2\n|move|p2a: Arceus|Swords Dance|p2a: Arceus\n|-boost|p2a: Arceus|atk|2\n|\n|upkeep\n|turn|10\n|\n|t:|1700819604\n|-terastallize|p2a: Arceus|Normal\n|move|p2a: Arceus|Extreme Speed|p1a: Xerneas\n|-damage|p1a: Xerneas|0 fnt\n|faint|p1a: Xerneas\n|\n|upkeep\n|\n|t:|1700819611\n|switch|p1a: Gholdengo|Gholdengo, shiny|100\/100\n|turn|11\n|\n|t:|1700819615\n|move|p1a: Gholdengo|Focus Blast|p2a: Arceus|[miss]\n|-miss|p1a: Gholdengo|p2a: Arceus\n|cant|p2a: Arceus|par\n|\n|upkeep\n|turn|12\n|\n|t:|1700819621\n|move|p1a: Gholdengo|Focus Blast|p2a: Arceus\n|-supereffective|p2a: Arceus\n|-damage|p2a: Arceus|16\/100 par\n|-damage|p1a: Gholdengo|91\/100|[from] item: Life Orb\n|move|p2a: Arceus|Earthquake|p1a: Gholdengo\n|-supereffective|p1a: Gholdengo\n|-damage|p1a: Gholdengo|0 fnt\n|faint|p1a: Gholdengo\n|\n|upkeep\n|\n|t:|1700819627\n|switch|p1a: Necrozma|Necrozma-Dusk-Mane, shiny|100\/100\n|turn|13\n|\n|t:|1700819630\n|move|p2a: Arceus|Extreme Speed|p1a: Necrozma\n|-resisted|p1a: Necrozma\n|-damage|p1a: Necrozma|43\/100\n|move|p1a: Necrozma|Photon Geyser|p2a: Arceus\n|-damage|p2a: Arceus|0 fnt\n|faint|p2a: Arceus\n|\n|upkeep\n|\n|t:|1700819637\n|switch|p2a: Yveltal|Yveltal|100\/100\n|-damage|p2a: Yveltal|76\/100|[from] Stealth Rock\n|-ability|p2a: Yveltal|Dark Aura\n|turn|14\n|\n|t:|1700819641\n|switch|p1a: Groudon|Groudon, shiny|100\/100\n|detailschange|p1a: Groudon|Groudon-Primal, shiny\n|-primal|p1a: Groudon|Red Orb\n|-weather|DesolateLand|[from] ability: Desolate Land|[of] p1a: Groudon\n|move|p2a: Yveltal|Dark Pulse|p1a: Groudon\n|-damage|p1a: Groudon|32\/100\n|-damage|p2a: Yveltal|66\/100|[from] item: Life Orb\n|\n|-weather|DesolateLand|[upkeep]\n|upkeep\n|turn|15\n|\n|t:|1700819648\n|move|p2a: Yveltal|Dark Pulse|p1a: Groudon\n|-damage|p1a: Groudon|0 fnt\n|faint|p1a: Groudon\n|-weather|none\n|-damage|p2a: Yveltal|56\/100|[from] item: Life Orb\n|\n|upkeep\n|\n|t:|1700819655\n|switch|p1a: Arceus|Arceus|100\/100\n|turn|16\n|\n|t:|1700819661\n|move|p1a: Arceus|Swords Dance|p1a: Arceus\n|-boost|p1a: Arceus|atk|2\n|move|p2a: Yveltal|Dark Pulse|p1a: Arceus\n|-damage|p1a: Arceus|41\/100\n|-damage|p2a: Yveltal|46\/100|[from] item: Life Orb\n|\n|upkeep\n|turn|17\n|\n|t:|1700819664\n|switch|p2a: Deoxys|Deoxys-Speed|94\/100 par\n|-damage|p2a: Deoxys|82\/100 par|[from] Stealth Rock\n|-activate|p2a: Deoxys|move: Sticky Web\n|-unboost|p2a: Deoxys|spe|1\n|-ability|p2a: Deoxys|Pressure\n|move|p1a: Arceus|Extreme Speed|p2a: Deoxys\n|-damage|p2a: Deoxys|0 fnt\n|faint|p2a: Deoxys\n|\n|upkeep\n|\n|t:|1700819675\n|switch|p2a: Salamence|Salamence, F|100\/100\n|-damage|p2a: Salamence|76\/100|[from] Stealth Rock\n|-ability|p2a: Salamence|Intimidate|boost\n|-unboost|p1a: Arceus|atk|1\n|turn|18\n|\n|t:|1700819688\n|detailschange|p2a: Salamence|Salamence-Mega, F\n|-mega|p2a: Salamence|Salamence|Salamencite\n|move|p2a: Salamence|Double-Edge|p1a: Arceus\n|-damage|p1a: Arceus|0 fnt\n|faint|p1a: Arceus\n|-damage|p2a: Salamence|60\/100|[from] Recoil\n|\n|upkeep\n|\n|t:|1700819692\n|switch|p1a: Necrozma|Necrozma-Dusk-Mane, shiny|43\/100\n|turn|19\n|\n|t:|1700819694\n|detailschange|p1a: Necrozma|Necrozma-Ultra, shiny\n|-burst|p1a: Necrozma|Necrozma|Ultranecrozium Z\n|move|p2a: Salamence|Earthquake|p1a: Necrozma\n|-damage|p1a: Necrozma|6\/100\n|move|p1a: Necrozma|Swords Dance|p1a: Necrozma\n|-boost|p1a: Necrozma|atk|2\n|\n|upkeep\n|turn|20\n|\n|t:|1700819698\n|move|p2a: Salamence|Double-Edge|p1a: Necrozma\n|-damage|p1a: Necrozma|0 fnt\n|faint|p1a: Necrozma\n|-damage|p2a: Salamence|58\/100|[from] Recoil\n|\n|win|dreepy airlines\n|raw|Ban Miraidon's rating: 1335 &rarr; <strong>1327<\/strong><br \/>(-8 for losing)\n|raw|dreepy airlines's rating: 1569 &rarr; <strong>1577<\/strong><br \/>(+8 for winning)\n","uploadtime":1700819701,"views":9,"p1id":"banmiraidon","p2id":"dreepyairlines","formatid":"gen9nationaldexubers","rating":1327,"private":0,"password":""}