{"id":"gen9nationaldexubers-1988295105","p1":"arafatr871","p2":"hexagonereal","format":"[Gen 9] National Dex Ubers","log":"|j|\u2606arafatr871\n|j|\u2606hexagonereal\n|t:|1699703567\n|gametype|singles\n|player|p1|arafatr871|ingo|1539\n|player|p2|hexagonereal|cyrus|1641\n|teamsize|p1|6\n|teamsize|p2|6\n|gen|9\n|tier|[Gen 9] National Dex Ubers\n|rated|\n|rule|HP Percentage Mod: HP is shown in percentages\n|rule|Endless Battle Clause: Forcing endless battles is banned\n|rule|OHKO Clause: OHKO moves are banned\n|rule|Evasion Moves Clause: Evasion moves are banned\n|rule|Evasion Items Clause: Evasion items are banned\n|rule|Species Clause: Limit one of each Pok\u00e9mon\n|rule|Sleep Clause Mod: Limit one foe put to sleep\n|rule|Mega Rayquaza Clause: You cannot mega evolve Rayquaza\n|clearpoke\n|poke|p1|Groudon|\n|poke|p1|Dondozo, F|\n|poke|p1|Yveltal|\n|poke|p1|Zacian-*|\n|poke|p1|Kyogre|\n|poke|p1|Eternatus|\n|poke|p2|Salamence, M|\n|poke|p2|Groudon|\n|poke|p2|Arceus-Dark|\n|poke|p2|Xerneas-*|\n|poke|p2|Ho-Oh|\n|poke|p2|Zacian-*|\n|teampreview\n|inactive|Battle timer is ON: inactive players will automatically lose when time's up. (requested by arafatr871)\n|\n|t:|1699703586\n|start\n|switch|p1a: Eternatus|Eternatus|100\/100\n|switch|p2a: Notorious D.O.N|Groudon|100\/100\n|-ability|p1a: Eternatus|Pressure\n|detailschange|p2a: Notorious D.O.N|Groudon-Primal\n|-primal|p2a: Notorious D.O.N|Red Orb\n|-weather|DesolateLand|[from] ability: Desolate Land|[of] p2a: Notorious D.O.N\n|turn|1\n|j| Lillyshowdo\n|\n|t:|1699703595\n|move|p1a: Eternatus|Toxic Spikes|p2a: Notorious D.O.N\n|-sidestart|p2: hexagonereal|move: Toxic Spikes\n|move|p2a: Notorious D.O.N|Precipice Blades|p1a: Eternatus\n|-supereffective|p1a: Eternatus\n|-damage|p1a: Eternatus|0 fnt\n|faint|p1a: Eternatus\n|\n|-weather|DesolateLand|[upkeep]\n|upkeep\n|\n|t:|1699703600\n|switch|p1a: Kyogre|Kyogre|100\/100\n|detailschange|p1a: Kyogre|Kyogre-Primal\n|-primal|p1a: Kyogre|Blue Orb\n|-weather|PrimordialSea|[from] ability: Primordial Sea|[of] p1a: Kyogre\n|turn|2\n|l| Lillyshowdo\n|\n|t:|1699703611\n|switch|p2a: Ludarcis|Arceus-Dark|100\/100\n|-status|p2a: Ludarcis|psn\n|move|p1a: Kyogre|Water Spout|p2a: Ludarcis\n|-damage|p2a: Ludarcis|8\/100 psn\n|\n|-weather|PrimordialSea|[upkeep]\n|-damage|p2a: Ludarcis|0 fnt|[from] psn\n|faint|p2a: Ludarcis\n|upkeep\n|\n|t:|1699703613\n|switch|p2a: Notorious D.O.N|Groudon-Primal|100\/100\n|-status|p2a: Notorious D.O.N|psn\n|-weather|DesolateLand|[from] ability: Desolate Land|[of] p2a: Notorious D.O.N\n|turn|3\n|\n|t:|1699703622\n|switch|p1a: Yveltal|Yveltal, shiny|100\/100\n|-ability|p1a: Yveltal|Dark Aura\n|move|p2a: Notorious D.O.N|Precipice Blades|p1a: Yveltal\n|-immune|p1a: Yveltal\n|\n|-weather|DesolateLand|[upkeep]\n|-damage|p2a: Notorious D.O.N|88\/100 psn|[from] psn\n|upkeep\n|turn|4\n|\n|t:|1699703629\n|switch|p1a: Groudon|Groudon, shiny|100\/100\n|detailschange|p1a: Groudon|Groudon-Primal, shiny\n|-primal|p1a: Groudon|Red Orb\n|move|p2a: Notorious D.O.N|Stone Edge|p1a: Groudon\n|-damage|p1a: Groudon|66\/100\n|\n|-weather|DesolateLand|[upkeep]\n|-damage|p2a: Notorious D.O.N|76\/100 psn|[from] psn\n|upkeep\n|turn|5\n|\n|t:|1699703635\n|switch|p2a: Drake|Salamence, M|100\/100\n|-ability|p2a: Drake|Intimidate|boost\n|-unboost|p1a: Groudon|atk|1\n|move|p1a: Groudon|Earthquake|p2a: Drake\n|-immune|p2a: Drake\n|\n|-weather|DesolateLand|[upkeep]\n|upkeep\n|turn|6\n|\n|t:|1699703642\n|detailschange|p2a: Drake|Salamence-Mega, M\n|-mega|p2a: Drake|Salamence|Salamencite\n|move|p2a: Drake|Earthquake|p1a: Groudon\n|-supereffective|p1a: Groudon\n|-damage|p1a: Groudon|6\/100\n|move|p1a: Groudon|Heat Crash|p2a: Drake\n|-resisted|p2a: Drake\n|-damage|p2a: Drake|62\/100\n|\n|-weather|DesolateLand|[upkeep]\n|upkeep\n|turn|7\n|\n|t:|1699703654\n|move|p2a: Drake|Frustration|p1a: Groudon\n|-damage|p1a: Groudon|0 fnt\n|faint|p1a: Groudon\n|-weather|none\n|\n|upkeep\n|\n|t:|1699703657\n|switch|p1a: Zacian|Zacian-Crowned|100\/100\n|-ability|p1a: Zacian|Intrepid Sword|boost\n|-boost|p1a: Zacian|atk|1\n|turn|8\n|\n|t:|1699703662\n|switch|p2a: Notorious D.O.N|Groudon-Primal|76\/100 psn\n|-weather|DesolateLand|[from] ability: Desolate Land|[of] p2a: Notorious D.O.N\n|move|p1a: Zacian|Behemoth Blade|p2a: Notorious D.O.N\n|-resisted|p2a: Notorious D.O.N\n|-damage|p2a: Notorious D.O.N|50\/100 psn\n|\n|-weather|DesolateLand|[upkeep]\n|-damage|p2a: Notorious D.O.N|37\/100 psn|[from] psn\n|upkeep\n|turn|9\n|\n|t:|1699703666\n|-terastallize|p1a: Zacian|Ground\n|move|p1a: Zacian|Tera Blast|p2a: Notorious D.O.N|[anim] Tera Blast Ground\n|-supereffective|p2a: Notorious D.O.N\n|-damage|p2a: Notorious D.O.N|0 fnt\n|faint|p2a: Notorious D.O.N\n|-weather|none\n|\n|upkeep\n|\n|t:|1699703682\n|switch|p2a: Cardi B(ird)|Ho-Oh|100\/100\n|turn|10\n|\n|t:|1699703687\n|move|p1a: Zacian|Wild Charge|p2a: Cardi B(ird)\n|-supereffective|p2a: Cardi B(ird)\n|-damage|p2a: Cardi B(ird)|2\/100\n|-damage|p1a: Zacian|69\/100|[from] Recoil\n|move|p2a: Cardi B(ird)|Defog|p1a: Zacian\n|-unboost|p1a: Zacian|evasion|1\n|-sideend|p2: hexagonereal|Toxic Spikes|[from] move: Defog|[of] p2a: Cardi B(ird)\n|\n|upkeep\n|turn|11\n|\n|t:|1699703697\n|move|p1a: Zacian|Behemoth Blade|p2a: Cardi B(ird)\n|-resisted|p2a: Cardi B(ird)\n|-damage|p2a: Cardi B(ird)|0 fnt\n|faint|p2a: Cardi B(ird)\n|\n|upkeep\n|\n|t:|1699703703\n|switch|p2a: Snoop Dog|Zacian-Crowned|100\/100\n|-ability|p2a: Snoop Dog|Intrepid Sword|boost\n|-boost|p2a: Snoop Dog|atk|1\n|turn|12\n|\n|t:|1699703710\n|move|p1a: Zacian|Tera Blast|p2a: Snoop Dog|[anim] Tera Blast Ground\n|-supereffective|p2a: Snoop Dog\n|-damage|p2a: Snoop Dog|0 fnt\n|faint|p2a: Snoop Dog\n|\n|upkeep\n|\n|t:|1699703714\n|switch|p2a: Drake|Salamence-Mega, M|62\/100\n|turn|13\n|\n|t:|1699703718\n|move|p1a: Zacian|Behemoth Blade|p2a: Drake\n|-damage|p2a: Drake|0 fnt\n|faint|p2a: Drake\n|\n|upkeep\n|\n|t:|1699703721\n|switch|p2a: Lil Neas X|Xerneas|100\/100\n|-ability|p2a: Lil Neas X|Fairy Aura\n|turn|14\n|\n|t:|1699703728\n|-terastallize|p2a: Lil Neas X|Electric\n|move|p1a: Zacian|Behemoth Blade|p2a: Lil Neas X\n|-resisted|p2a: Lil Neas X\n|-damage|p2a: Lil Neas X|62\/100\n|move|p2a: Lil Neas X|Geomancy||[still]\n|-prepare|p2a: Lil Neas X|Geomancy\n|-enditem|p2a: Lil Neas X|Power Herb\n|-anim|p2a: Lil Neas X|Geomancy|p2a: Lil Neas X\n|-boost|p2a: Lil Neas X|spa|2\n|-boost|p2a: Lil Neas X|spd|2\n|-boost|p2a: Lil Neas X|spe|2\n|\n|upkeep\n|turn|15\n|\n|t:|1699703735\n|move|p2a: Lil Neas X|Moonblast|p1a: Zacian\n|-damage|p1a: Zacian|0 fnt\n|faint|p1a: Zacian\n|\n|upkeep\n|\n|t:|1699703739\n|switch|p1a: Dondozo|Dondozo, F, shiny|100\/100\n|turn|16\n|\n|t:|1699703747\n|move|p2a: Lil Neas X|Thunder|p1a: Dondozo\n|-supereffective|p1a: Dondozo\n|-damage|p1a: Dondozo|0 fnt\n|faint|p1a: Dondozo\n|\n|upkeep\n|\n|t:|1699703754\n|switch|p1a: Yveltal|Yveltal, shiny|100\/100\n|-ability|p1a: Yveltal|Dark Aura\n|turn|17\n|\n|t:|1699703759\n|move|p1a: Yveltal|Sucker Punch|p2a: Lil Neas X\n|-damage|p2a: Lil Neas X|3\/100\n|-damage|p1a: Yveltal|91\/100|[from] item: Life Orb\n|move|p2a: Lil Neas X|Moonblast|p1a: Yveltal\n|-supereffective|p1a: Yveltal\n|-damage|p1a: Yveltal|0 fnt\n|faint|p1a: Yveltal\n|\n|upkeep\n|\n|t:|1699703766\n|switch|p1a: Kyogre|Kyogre-Primal|100\/100\n|-weather|PrimordialSea|[from] ability: Primordial Sea|[of] p1a: Kyogre\n|turn|18\n|\n|t:|1699703768\n|move|p2a: Lil Neas X|Thunder|p1a: Kyogre\n|-supereffective|p1a: Kyogre\n|-damage|p1a: Kyogre|0 fnt\n|faint|p1a: Kyogre\n|-weather|none\n|\n|win|hexagonereal\n|raw|arafatr871's rating: 1539 &rarr; <strong>1525<\/strong><br \/>(-14 for losing)\n|raw|hexagonereal's rating: 1641 &rarr; <strong>1655<\/strong><br \/>(+14 for winning)\n|l|\u2606hexagonereal\n|l|\u2606arafatr871\n","uploadtime":1699703989,"views":5,"p1id":"arafatr871","p2id":"hexagonereal","formatid":"gen9nationaldexubers","rating":1525,"private":0,"password":""}