{"id":"gen9nationaldexubers-1983976954","p1":"Malice Incarnate","p2":"Jack0lantern89","format":"[Gen 9] National Dex Ubers","log":"|j|\u2606Malice Incarnate\n|j|\u2606Jack0lantern89\n|t:|1699206073\n|gametype|singles\n|player|p1|Malice Incarnate|palmer|\n|player|p2|Jack0lantern89|brawly|\n|teamsize|p1|6\n|teamsize|p2|6\n|gen|9\n|tier|[Gen 9] National Dex Ubers\n|rule|HP Percentage Mod: HP is shown in percentages\n|rule|Endless Battle Clause: Forcing endless battles is banned\n|rule|OHKO Clause: OHKO moves are banned\n|rule|Evasion Moves Clause: Evasion moves are banned\n|rule|Evasion Items Clause: Evasion items are banned\n|rule|Species Clause: Limit one of each Pok\u00e9mon\n|rule|Sleep Clause Mod: Limit one foe put to sleep\n|rule|Mega Rayquaza Clause: You cannot mega evolve Rayquaza\n|clearpoke\n|poke|p1|Scizor, M|\n|poke|p1|Landorus-Therian, M|\n|poke|p1|Greninja-*, M|\n|poke|p1|Corviknight, F|\n|poke|p1|Blissey, F|\n|poke|p1|Conkeldurr, M|\n|poke|p2|Marshadow|\n|poke|p2|Iron Valiant|\n|poke|p2|Iron Hands|\n|poke|p2|Great Tusk|\n|poke|p2|Zamazenta-*|\n|poke|p2|Gallade, M|\n|teampreview\n|inactive|Battle timer is ON: inactive players will automatically lose when time's up. (requested by Malice Incarnate)\n|inactive|Jack0lantern89 also wants the timer to be on.\n|inactive|Jack0lantern89 no longer wants the timer on, but the timer is staying on because maliceincarnate still does.\n|inactiveoff|Battle timer is now OFF.\n|\n|t:|1699206088\n|start\n|switch|p1a: Greninja|Greninja, M|100\/100\n|switch|p2a: The best boi|Zamazenta-Crowned|100\/100\n|-ability|p2a: The best boi|Dauntless Shield|boost\n|-boost|p2a: The best boi|def|1\n|turn|1\n|\n|t:|1699206101\n|move|p1a: Greninja|U-turn|p2a: The best boi\n|-start|p1a: Greninja|typechange|Bug|[from] ability: Protean\n|-resisted|p2a: The best boi\n|-damage|p2a: The best boi|97\/100\n|c|\u2606Jack0lantern89|scarf\n|c|\u2606Jack0lantern89|hm\n|\n|t:|1699206110\n|switch|p1a: Conkeldurr|Conkeldurr, M|100\/100|[from] U-turn\n|move|p2a: The best boi|Body Press|p1a: Conkeldurr\n|-damage|p1a: Conkeldurr|56\/100\n|\n|-status|p1a: Conkeldurr|brn|[from] item: Flame Orb\n|upkeep\n|turn|2\n|\n|t:|1699206118\n|-terastallize|p2a: The best boi|Fighting\n|move|p2a: The best boi|Iron Defense|p2a: The best boi\n|-boost|p2a: The best boi|def|2\n|move|p1a: Conkeldurr|Close Combat|p2a: The best boi\n|-damage|p2a: The best boi|67\/100\n|-unboost|p1a: Conkeldurr|def|1\n|-unboost|p1a: Conkeldurr|spd|1\n|\n|-damage|p1a: Conkeldurr|50\/100 brn|[from] brn\n|upkeep\n|turn|3\n|\n|t:|1699206132\n|move|p2a: The best boi|Body Press|p1a: Conkeldurr\n|-damage|p1a: Conkeldurr|0 fnt\n|faint|p1a: Conkeldurr\n|\n|upkeep\n|\n|t:|1699206140\n|switch|p1a: Greninja|Greninja, M|100\/100\n|turn|4\n|c|\u2606Malice Incarnate|if this ice beam doesnt freeze i lose\n|\n|t:|1699206182\n|move|p1a: Greninja|Ice Beam|p2a: The best boi\n|-start|p1a: Greninja|typechange|Ice|[from] ability: Protean\n|-damage|p2a: The best boi|42\/100\n|-status|p2a: The best boi|frz\n|-curestatus|p2a: The best boi|frz|[msg]\n|move|p2a: The best boi|Body Press|p1a: Greninja\n|-supereffective|p1a: Greninja\n|-damage|p1a: Greninja|0 fnt\n|faint|p1a: Greninja\n|\n|upkeep\n|c|\u2606Jack0lantern89|LMAO\n|c|\u2606Malice Incarnate|fuck\n|\n|t:|1699206197\n|switch|p1a: Landorus|Landorus-Therian, M|100\/100\n|-ability|p1a: Landorus|Intimidate|boost\n|-unboost|p2a: The best boi|atk|1\n|turn|5\n|\n|t:|1699206205\n|move|p2a: The best boi|Iron Defense|p2a: The best boi\n|-boost|p2a: The best boi|def|2\n|move|p1a: Landorus|Earthquake|p2a: The best boi\n|-damage|p2a: The best boi|31\/100\n|\n|upkeep\n|turn|6\n|\n|t:|1699206209\n|move|p2a: The best boi|Body Press|p1a: Landorus\n|-resisted|p1a: Landorus\n|-damage|p1a: Landorus|0 fnt\n|faint|p1a: Landorus\n|\n|upkeep\n|\n|t:|1699206214\n|switch|p1a: Corviknight|Corviknight, F|100\/100\n|-ability|p1a: Corviknight|Pressure\n|turn|7\n|\n|t:|1699206219\n|move|p2a: The best boi|Rest|p2a: The best boi\n|-status|p2a: The best boi|slp|[from] move: Rest\n|-heal|p2a: The best boi|100\/100 slp|[silent]\n|move|p1a: Corviknight|Brave Bird|p2a: The best boi\n|-supereffective|p2a: The best boi\n|-damage|p2a: The best boi|86\/100 slp\n|-damage|p1a: Corviknight|96\/100|[from] Recoil\n|\n|upkeep\n|turn|8\n|\n|t:|1699206238\n|cant|p2a: The best boi|slp\n|move|p1a: Corviknight|U-turn|p2a: The best boi\n|-resisted|p2a: The best boi\n|-damage|p2a: The best boi|85\/100 slp\n|\n|t:|1699206242\n|switch|p1a: Blissey|Blissey, F|100\/100|[from] U-turn\n|\n|upkeep\n|turn|9\n|\n|t:|1699206247\n|cant|p2a: The best boi|slp\n|move|p1a: Blissey|Seismic Toss|p2a: The best boi\n|-damage|p2a: The best boi|59\/100 slp\n|\n|upkeep\n|turn|10\n|\n|t:|1699206249\n|-curestatus|p2a: The best boi|slp|[msg]\n|move|p2a: The best boi|Body Press|p1a: Blissey\n|-supereffective|p1a: Blissey\n|-damage|p1a: Blissey|0 fnt\n|faint|p1a: Blissey\n|\n|upkeep\n|\n|t:|1699206253\n|switch|p1a: Scizor|Scizor, M|100\/100\n|turn|11\n|\n|t:|1699206257\n|detailschange|p1a: Scizor|Scizor-Mega, M\n|-mega|p1a: Scizor|Scizor|Scizorite\n|move|p1a: Scizor|Bullet Punch|p2a: The best boi\n|-damage|p2a: The best boi|53\/100\n|move|p2a: The best boi|Body Press|p1a: Scizor\n|-damage|p1a: Scizor|0 fnt\n|faint|p1a: Scizor\n|\n|upkeep\n|\n|t:|1699206261\n|switch|p1a: Corviknight|Corviknight, F|96\/100\n|-ability|p1a: Corviknight|Pressure\n|turn|12\n|\n|t:|1699206263\n|move|p2a: The best boi|Body Press|p1a: Corviknight\n|-damage|p1a: Corviknight|0 fnt\n|-damage|p2a: The best boi|37\/100|[from] item: Rocky Helmet|[of] p1a: Corviknight\n|faint|p1a: Corviknight\n|\n|win|Jack0lantern89\n|c|\u2606Jack0lantern89|gg\n|c|\u2606Malice Incarnate|this was painful\n|c|\u2606Malice Incarnate|gg\n","uploadtime":1699206292,"views":14,"p1id":"maliceincarnate","p2id":"jack0lantern89","formatid":"gen9nationaldexubers","rating":0,"private":0,"password":""}