{"id":"gen9nationaldexubers-1985492716","p1":"Dogby","p2":"Adrian6k72","format":"[Gen 9] National Dex Ubers","log":"|j|\u2606Dogby\n|j|\u2606Adrian6k72\n|t:|1699379159\n|gametype|singles\n|player|p1|Dogby|iris-gen5bw2|1037\n|player|p2|Adrian6k72|265|1037\n|teamsize|p1|6\n|teamsize|p2|6\n|gen|9\n|tier|[Gen 9] National Dex Ubers\n|rated|\n|rule|HP Percentage Mod: HP is shown in percentages\n|rule|Endless Battle Clause: Forcing endless battles is banned\n|rule|OHKO Clause: OHKO moves are banned\n|rule|Evasion Moves Clause: Evasion moves are banned\n|rule|Evasion Items Clause: Evasion items are banned\n|rule|Species Clause: Limit one of each Pok\u00e9mon\n|rule|Sleep Clause Mod: Limit one foe put to sleep\n|rule|Mega Rayquaza Clause: You cannot mega evolve Rayquaza\n|clearpoke\n|poke|p1|Cottonee, L1, F|\n|poke|p1|Aron, L1, M|\n|poke|p1|Togedemaru, L1, M|\n|poke|p1|Magnemite, L1|\n|poke|p1|Pineco, L1, M|\n|poke|p1|Taillow, L1, M|\n|poke|p2|Infernape, M|\n|poke|p2|Dragapult, F|\n|poke|p2|Blaziken, F|\n|poke|p2|Alakazam, M|\n|poke|p2|Iron Valiant|\n|poke|p2|Greninja-*, M|\n|teampreview\n|inactive|Battle timer is ON: inactive players will automatically lose when time's up. (requested by Dogby)\n|\n|t:|1699379176\n|start\n|switch|p1a: Pineco|Pineco, L1, M|100\/100\n|switch|p2a: Infernape|Infernape, M, shiny|100\/100\n|turn|1\n|\n|t:|1699379195\n|move|p2a: Infernape|Mach Punch|p1a: Pineco\n|-resisted|p1a: Pineco\n|-ability|p1a: Pineco|Sturdy\n|-damage|p1a: Pineco|9\/100\n|-enditem|p1a: Pineco|Berry Juice\n|-heal|p1a: Pineco|100\/100|[from] item: Berry Juice\n|move|p1a: Pineco|Toxic Spikes|p2a: Infernape\n|-sidestart|p2: Adrian6k72|move: Toxic Spikes\n|\n|upkeep\n|turn|2\n|\n|t:|1699379204\n|move|p2a: Infernape|Close Combat|p1a: Pineco\n|-resisted|p1a: Pineco\n|-ability|p1a: Pineco|Sturdy\n|-damage|p1a: Pineco|9\/100\n|-unboost|p2a: Infernape|def|1\n|-unboost|p2a: Infernape|spd|1\n|move|p1a: Pineco|Pain Split|p2a: Infernape\n|-sethp|p2a: Infernape|50\/100|[from] move: Pain Split|[silent]\n|-sethp|p1a: Pineco|100\/100|[from] move: Pain Split\n|\n|upkeep\n|turn|3\n|\n|t:|1699379215\n|move|p2a: Infernape|Mach Punch|p1a: Pineco\n|-resisted|p1a: Pineco\n|-ability|p1a: Pineco|Sturdy\n|-damage|p1a: Pineco|9\/100\n|move|p1a: Pineco|Pain Split|p2a: Infernape\n|-sethp|p2a: Infernape|25\/100|[from] move: Pain Split|[silent]\n|-sethp|p1a: Pineco|100\/100|[from] move: Pain Split\n|\n|upkeep\n|turn|4\n|\n|t:|1699379224\n|move|p2a: Infernape|Flare Blitz|p1a: Pineco\n|-supereffective|p1a: Pineco\n|-crit|p1a: Pineco\n|-ability|p1a: Pineco|Sturdy\n|-damage|p1a: Pineco|9\/100\n|-damage|p2a: Infernape|24\/100|[from] Recoil\n|move|p1a: Pineco|Pain Split|p2a: Infernape\n|-sethp|p2a: Infernape|13\/100|[from] move: Pain Split|[silent]\n|-sethp|p1a: Pineco|100\/100|[from] move: Pain Split\n|\n|upkeep\n|turn|5\n|\n|t:|1699379239\n|-terastallize|p2a: Infernape|Fire\n|move|p2a: Infernape|Flare Blitz|p1a: Pineco\n|-supereffective|p1a: Pineco\n|-ability|p1a: Pineco|Sturdy\n|-damage|p1a: Pineco|9\/100\n|-damage|p2a: Infernape|11\/100|[from] Recoil\n|move|p1a: Pineco|Pain Split|p2a: Infernape\n|-sethp|p2a: Infernape|6\/100|[from] move: Pain Split|[silent]\n|-sethp|p1a: Pineco|100\/100|[from] move: Pain Split\n|\n|upkeep\n|turn|6\n|\n|t:|1699379251\n|move|p2a: Infernape|Flare Blitz|p1a: Pineco\n|-supereffective|p1a: Pineco\n|-ability|p1a: Pineco|Sturdy\n|-damage|p1a: Pineco|9\/100\n|-damage|p2a: Infernape|5\/100|[from] Recoil\n|move|p1a: Pineco|Toxic|p2a: Infernape\n|-status|p2a: Infernape|tox\n|\n|-damage|p2a: Infernape|0 fnt|[from] psn\n|faint|p2a: Infernape\n|upkeep\n|\n|t:|1699379263\n|switch|p2a: Blaziken|Blaziken, F, shiny|100\/100\n|-status|p2a: Blaziken|psn\n|turn|7\n|\n|t:|1699379271\n|move|p2a: Blaziken|Blaze Kick|p1a: Pineco\n|-supereffective|p1a: Pineco\n|-damage|p1a: Pineco|0 fnt\n|faint|p1a: Pineco\n|\n|-damage|p2a: Blaziken|88\/100 psn|[from] psn\n|-ability|p2a: Blaziken|Speed Boost|boost\n|-boost|p2a: Blaziken|spe|1\n|upkeep\n|\n|t:|1699379278\n|switch|p1a: Togedemaru|Togedemaru, L1, M|100\/100\n|turn|8\n|\n|t:|1699379287\n|detailschange|p2a: Blaziken|Blaziken-Mega, F, shiny\n|-mega|p2a: Blaziken|Blaziken|Blazikenite\n|move|p2a: Blaziken|Blaze Kick|p1a: Togedemaru\n|-supereffective|p1a: Togedemaru\n|-ability|p1a: Togedemaru|Sturdy\n|-damage|p1a: Togedemaru|9\/100\n|move|p1a: Togedemaru|Endeavor|p2a: Blaziken\n|-damage|p2a: Blaziken|1\/100 psn\n|-heal|p1a: Togedemaru|100\/100|[from] item: Shell Bell|[of] p2a: Blaziken\n|\n|-damage|p2a: Blaziken|0 fnt|[from] psn\n|faint|p2a: Blaziken\n|upkeep\n|\n|t:|1699379302\n|switch|p2a: Iron Valiant|Iron Valiant, shiny|100\/100\n|-status|p2a: Iron Valiant|psn\n|-enditem|p2a: Iron Valiant|Booster Energy\n|-activate|p2a: Iron Valiant|ability: Quark Drive|[fromitem]\n|-start|p2a: Iron Valiant|quarkdriveatk\n|turn|9\n|\n|t:|1699379309\n|move|p2a: Iron Valiant|Close Combat|p1a: Togedemaru\n|-supereffective|p1a: Togedemaru\n|-crit|p1a: Togedemaru\n|-ability|p1a: Togedemaru|Sturdy\n|-damage|p1a: Togedemaru|9\/100\n|-unboost|p2a: Iron Valiant|def|1\n|-unboost|p2a: Iron Valiant|spd|1\n|move|p1a: Togedemaru|Endeavor|p2a: Iron Valiant\n|-damage|p2a: Iron Valiant|1\/100 psn\n|-heal|p1a: Togedemaru|100\/100|[from] item: Shell Bell|[of] p2a: Iron Valiant\n|\n|-damage|p2a: Iron Valiant|0 fnt|[from] psn\n|faint|p2a: Iron Valiant\n|-end|p2a: Iron Valiant|Quark Drive|[silent]\n|upkeep\n|\n|t:|1699379327\n|switch|p2a: Dragapult|Dragapult, F, shiny|100\/100\n|-status|p2a: Dragapult|psn\n|turn|10\n|\n|t:|1699379333\n|switch|p1a: Cottonee|Cottonee, L1, F|100\/100\n|move|p2a: Dragapult|Flamethrower|p1a: Cottonee\n|-supereffective|p1a: Cottonee\n|-enditem|p1a: Cottonee|Focus Sash\n|-damage|p1a: Cottonee|9\/100\n|\n|-damage|p2a: Dragapult|88\/100 psn|[from] psn\n|upkeep\n|turn|11\n|\n|t:|1699379344\n|move|p1a: Cottonee|Leech Seed|p2a: Dragapult\n|-start|p2a: Dragapult|move: Leech Seed\n|move|p2a: Dragapult|Flamethrower|p1a: Cottonee\n|-supereffective|p1a: Cottonee\n|-damage|p1a: Cottonee|0 fnt\n|faint|p1a: Cottonee\n|\n|-damage|p2a: Dragapult|76\/100 psn|[from] psn\n|upkeep\n|\n|t:|1699379348\n|switch|p1a: Taillow|Taillow, L1, M|100\/100\n|turn|12\n|\n|t:|1699379361\n|move|p1a: Taillow|Protect|p1a: Taillow\n|-singleturn|p1a: Taillow|Protect\n|move|p2a: Dragapult|Draco Meteor|p1a: Taillow\n|-activate|p1a: Taillow|move: Protect\n|\n|-damage|p2a: Dragapult|63\/100 psn|[from] Leech Seed|[of] p1a: Taillow\n|-damage|p2a: Dragapult|51\/100 psn|[from] psn\n|upkeep\n|turn|13\n|\n|t:|1699379370\n|move|p2a: Dragapult|Draco Meteor|p1a: Taillow\n|-enditem|p1a: Taillow|Focus Sash\n|-damage|p1a: Taillow|9\/100\n|-unboost|p2a: Dragapult|spa|2\n|move|p1a: Taillow|Endeavor|p2a: Dragapult\n|-damage|p2a: Dragapult|1\/100 psn\n|\n|-damage|p2a: Dragapult|0 fnt|[from] Leech Seed|[of] p1a: Taillow\n|-heal|p1a: Taillow|17\/100|[silent]\n|faint|p2a: Dragapult\n|upkeep\n|\n|t:|1699379381\n|switch|p2a: Greninja|Greninja, M|100\/100\n|-status|p2a: Greninja|psn\n|turn|14\n|\n|t:|1699379386\n|move|p2a: Greninja|Night Slash|p1a: Taillow\n|-damage|p1a: Taillow|0 fnt\n|faint|p1a: Taillow\n|-ability|p2a: Greninja|Battle Bond|boost\n|-boost|p2a: Greninja|atk|1\n|-boost|p2a: Greninja|spa|1\n|-boost|p2a: Greninja|spe|1\n|-activate|p2a: Greninja|ability: Battle Bond\n|\n|-damage|p2a: Greninja|88\/100 psn|[from] psn\n|upkeep\n|\n|t:|1699379389\n|switch|p1a: Togedemaru|Togedemaru, L1, M|100\/100\n|turn|15\n|\n|t:|1699379399\n|move|p2a: Greninja|Dark Pulse|p1a: Togedemaru\n|-ability|p1a: Togedemaru|Sturdy\n|-damage|p1a: Togedemaru|9\/100\n|move|p1a: Togedemaru|Endeavor|p2a: Greninja\n|-damage|p2a: Greninja|1\/100 psn\n|-heal|p1a: Togedemaru|100\/100|[from] item: Shell Bell|[of] p2a: Greninja\n|\n|-damage|p2a: Greninja|0 fnt|[from] psn\n|faint|p2a: Greninja\n|upkeep\n|inactive|Adrian6k72 has 120 seconds left.\n|inactive|Adrian6k72 has 90 seconds left.\n|\n|t:|1699379465\n|switch|p2a: Alakazam|Alakazam, M|100\/100\n|-status|p2a: Alakazam|psn\n|turn|16\n|inactive|Adrian6k72 has 90 seconds left.\n|\n|t:|1699379471\n|move|p2a: Alakazam|Drain Punch|p1a: Togedemaru\n|-supereffective|p1a: Togedemaru\n|-ability|p1a: Togedemaru|Sturdy\n|-damage|p1a: Togedemaru|9\/100\n|move|p1a: Togedemaru|Endeavor|p2a: Alakazam\n|-damage|p2a: Alakazam|1\/100 psn\n|-heal|p1a: Togedemaru|100\/100|[from] item: Shell Bell|[of] p2a: Alakazam\n|\n|upkeep\n|turn|17\n|inactive|Adrian6k72 has 90 seconds left.\n|\n|t:|1699379488\n|move|p1a: Togedemaru|Spiky Shield|p1a: Togedemaru\n|-singleturn|p1a: Togedemaru|move: Protect\n|move|p2a: Alakazam|Drain Punch|p1a: Togedemaru\n|-activate|p1a: Togedemaru|move: Protect\n|\n|upkeep\n|turn|18\n|\n|t:|1699379498\n|move|p2a: Alakazam|Drain Punch|p1a: Togedemaru\n|-supereffective|p1a: Togedemaru\n|-ability|p1a: Togedemaru|Sturdy\n|-damage|p1a: Togedemaru|9\/100\n|-heal|p2a: Alakazam|3\/100 psn|[from] drain|[of] p1a: Togedemaru\n|move|p1a: Togedemaru|Endeavor|p2a: Alakazam\n|-damage|p2a: Alakazam|1\/100 psn\n|-heal|p1a: Togedemaru|17\/100|[from] item: Shell Bell|[of] p2a: Alakazam\n|\n|upkeep\n|turn|19\n|\n|t:|1699379510\n|move|p1a: Togedemaru|Spiky Shield|p1a: Togedemaru\n|-singleturn|p1a: Togedemaru|move: Protect\n|move|p2a: Alakazam|Drain Punch|p1a: Togedemaru\n|-activate|p1a: Togedemaru|move: Protect\n|\n|upkeep\n|turn|20\n|\n|t:|1699379516\n|move|p2a: Alakazam|Drain Punch|p1a: Togedemaru\n|-supereffective|p1a: Togedemaru\n|-damage|p1a: Togedemaru|0 fnt\n|-heal|p2a: Alakazam|1\/100 psn|[from] drain|[of] p1a: Togedemaru\n|faint|p1a: Togedemaru\n|\n|upkeep\n|\n|t:|1699379524\n|switch|p1a: Aron|Aron, L1, M|100\/100\n|turn|21\n|\n|t:|1699379527\n|move|p2a: Alakazam|Drain Punch|p1a: Aron\n|-supereffective|p1a: Aron\n|-ability|p1a: Aron|Sturdy\n|-damage|p1a: Aron|9\/100\n|-heal|p2a: Alakazam|3\/100 psn|[from] drain|[of] p1a: Aron\n|move|p1a: Aron|Sandstorm|p1a: Aron\n|-weather|Sandstorm\n|\n|-weather|Sandstorm|[upkeep]\n|upkeep\n|turn|22\n|inactive|Adrian6k72 has 120 seconds left.\n|\n|t:|1699379557\n|move|p2a: Alakazam|Drain Punch|p1a: Aron\n|-supereffective|p1a: Aron\n|-damage|p1a: Aron|0 fnt\n|-heal|p2a: Alakazam|3\/100 psn|[from] drain|[of] p1a: Aron\n|faint|p1a: Aron\n|\n|-weather|Sandstorm|[upkeep]\n|upkeep\n|\n|t:|1699379560\n|switch|p1a: Magnemite|Magnemite, L1|100\/100\n|turn|23\n|\n|t:|1699379566\n|move|p1a: Magnemite|Protect|p1a: Magnemite\n|-singleturn|p1a: Magnemite|Protect\n|move|p2a: Alakazam|Drain Punch|p1a: Magnemite\n|-activate|p1a: Magnemite|move: Protect\n|\n|-weather|Sandstorm|[upkeep]\n|upkeep\n|turn|24\n|\n|t:|1699379577\n|move|p2a: Alakazam|Drain Punch|p1a: Magnemite\n|-supereffective|p1a: Magnemite\n|-ability|p1a: Magnemite|Sturdy\n|-damage|p1a: Magnemite|10\/100\n|-heal|p2a: Alakazam|5\/100 psn|[from] drain|[of] p1a: Magnemite\n|-enditem|p1a: Magnemite|Berry Juice\n|-heal|p1a: Magnemite|100\/100|[from] item: Berry Juice\n|move|p1a: Magnemite|Recycle|p1a: Magnemite\n|-item|p1a: Magnemite|Berry Juice|[from] move: Recycle\n|\n|-weather|Sandstorm|[upkeep]\n|upkeep\n|turn|25\n|\n|t:|1699379589\n|move|p1a: Magnemite|Protect|p1a: Magnemite\n|-singleturn|p1a: Magnemite|Protect\n|move|p2a: Alakazam|Drain Punch|p1a: Magnemite\n|-activate|p1a: Magnemite|move: Protect\n|\n|-weather|none\n|upkeep\n|turn|26\n|\n|t:|1699379597\n|move|p2a: Alakazam|Drain Punch|p1a: Magnemite\n|-supereffective|p1a: Magnemite\n|-ability|p1a: Magnemite|Sturdy\n|-damage|p1a: Magnemite|10\/100\n|-heal|p2a: Alakazam|7\/100 psn|[from] drain|[of] p1a: Magnemite\n|-enditem|p1a: Magnemite|Berry Juice\n|-heal|p1a: Magnemite|100\/100|[from] item: Berry Juice\n|move|p1a: Magnemite|Recycle|p1a: Magnemite\n|-item|p1a: Magnemite|Berry Juice|[from] move: Recycle\n|\n|upkeep\n|turn|27\n|\n|t:|1699379611\n|move|p1a: Magnemite|Protect|p1a: Magnemite\n|-singleturn|p1a: Magnemite|Protect\n|move|p2a: Alakazam|Drain Punch|p1a: Magnemite\n|-activate|p1a: Magnemite|move: Protect\n|\n|upkeep\n|turn|28\n|\n|t:|1699379618\n|move|p2a: Alakazam|Drain Punch|p1a: Magnemite\n|-supereffective|p1a: Magnemite\n|-ability|p1a: Magnemite|Sturdy\n|-damage|p1a: Magnemite|10\/100\n|-heal|p2a: Alakazam|8\/100 psn|[from] drain|[of] p1a: Magnemite\n|-enditem|p1a: Magnemite|Berry Juice\n|-heal|p1a: Magnemite|100\/100|[from] item: Berry Juice\n|move|p1a: Magnemite|Recycle|p1a: Magnemite\n|-item|p1a: Magnemite|Berry Juice|[from] move: Recycle\n|\n|upkeep\n|turn|29\n|\n|t:|1699379630\n|move|p1a: Magnemite|Protect|p1a: Magnemite\n|-singleturn|p1a: Magnemite|Protect\n|move|p2a: Alakazam|Drain Punch|p1a: Magnemite\n|-activate|p1a: Magnemite|move: Protect\n|\n|upkeep\n|turn|30\n|\n|t:|1699379658\n|move|p2a: Alakazam|Drain Punch|p1a: Magnemite\n|-supereffective|p1a: Magnemite\n|-ability|p1a: Magnemite|Sturdy\n|-damage|p1a: Magnemite|10\/100\n|-heal|p2a: Alakazam|10\/100 psn|[from] drain|[of] p1a: Magnemite\n|-enditem|p1a: Magnemite|Berry Juice\n|-heal|p1a: Magnemite|100\/100|[from] item: Berry Juice\n|move|p1a: Magnemite|Recycle|p1a: Magnemite\n|-item|p1a: Magnemite|Berry Juice|[from] move: Recycle\n|\n|upkeep\n|turn|31\n|\n|t:|1699379669\n|move|p1a: Magnemite|Protect|p1a: Magnemite\n|-singleturn|p1a: Magnemite|Protect\n|move|p2a: Alakazam|Drain Punch|p1a: Magnemite\n|-activate|p1a: Magnemite|move: Protect\n|\n|upkeep\n|turn|32\n|inactive|Adrian6k72 has 120 seconds left.\n|\n|t:|1699379708\n|move|p2a: Alakazam|Psychic|p1a: Magnemite\n|-resisted|p1a: Magnemite\n|-ability|p1a: Magnemite|Sturdy\n|-damage|p1a: Magnemite|10\/100\n|-unboost|p1a: Magnemite|spd|1\n|-enditem|p1a: Magnemite|Berry Juice\n|-heal|p1a: Magnemite|100\/100|[from] item: Berry Juice\n|move|p1a: Magnemite|Recycle|p1a: Magnemite\n|-item|p1a: Magnemite|Berry Juice|[from] move: Recycle\n|\n|upkeep\n|turn|33\n|\n|t:|1699379723\n|move|p1a: Magnemite|Protect|p1a: Magnemite\n|-singleturn|p1a: Magnemite|Protect\n|move|p2a: Alakazam|Psychic|p1a: Magnemite\n|-activate|p1a: Magnemite|move: Protect\n|\n|upkeep\n|turn|34\n|\n|t:|1699379730\n|move|p2a: Alakazam|Psychic|p1a: Magnemite\n|-resisted|p1a: Magnemite\n|-ability|p1a: Magnemite|Sturdy\n|-damage|p1a: Magnemite|10\/100\n|-enditem|p1a: Magnemite|Berry Juice\n|-heal|p1a: Magnemite|100\/100|[from] item: Berry Juice\n|move|p1a: Magnemite|Recycle|p1a: Magnemite\n|-item|p1a: Magnemite|Berry Juice|[from] move: Recycle\n|\n|upkeep\n|turn|35\n|inactive|Adrian6k72 has 120 seconds left.\n|\n|t:|1699379745\n|move|p1a: Magnemite|Protect|p1a: Magnemite\n|-singleturn|p1a: Magnemite|Protect\n|move|p2a: Alakazam|Psychic|p1a: Magnemite\n|-activate|p1a: Magnemite|move: Protect\n|\n|upkeep\n|turn|36\n|\n|t:|1699379754\n|move|p2a: Alakazam|Psychic Terrain|p2a: Alakazam\n|-fieldstart|move: Psychic Terrain\n|move|p1a: Magnemite|Recycle||[still]\n|-fail|p1a: Magnemite\n|\n|upkeep\n|turn|37\n|\n|t:|1699379764\n|move|p2a: Alakazam|Psychic Terrain||[still]\n|-fail|p2a: Alakazam\n|move|p1a: Magnemite|Toxic||[still]\n|-fail|p1a: Magnemite\n|\n|upkeep\n|turn|38\n|\n|t:|1699379772\n|move|p2a: Alakazam|Expanding Force|p1a: Magnemite\n|-resisted|p1a: Magnemite\n|-ability|p1a: Magnemite|Sturdy\n|-damage|p1a: Magnemite|10\/100\n|-enditem|p1a: Magnemite|Berry Juice\n|-heal|p1a: Magnemite|100\/100|[from] item: Berry Juice\n|move|p1a: Magnemite|Sandstorm|p1a: Magnemite\n|-weather|Sandstorm\n|\n|-weather|Sandstorm|[upkeep]\n|upkeep\n|turn|39\n|\n|t:|1699379783\n|move|p1a: Magnemite|Protect|p1a: Magnemite\n|-singleturn|p1a: Magnemite|Protect\n|move|p2a: Alakazam|Expanding Force|p1a: Magnemite\n|-activate|p1a: Magnemite|move: Protect\n|\n|-weather|Sandstorm|[upkeep]\n|upkeep\n|turn|40\n|\n|t:|1699379790\n|move|p2a: Alakazam|Expanding Force|p1a: Magnemite\n|-resisted|p1a: Magnemite\n|-ability|p1a: Magnemite|Sturdy\n|-damage|p1a: Magnemite|10\/100\n|move|p1a: Magnemite|Recycle|p1a: Magnemite\n|-item|p1a: Magnemite|Berry Juice|[from] move: Recycle\n|-enditem|p1a: Magnemite|Berry Juice\n|-heal|p1a: Magnemite|100\/100|[from] item: Berry Juice\n|\n|-weather|Sandstorm|[upkeep]\n|-fieldend|move: Psychic Terrain\n|upkeep\n|turn|41\n|\n|t:|1699379803\n|move|p1a: Magnemite|Protect|p1a: Magnemite\n|-singleturn|p1a: Magnemite|Protect\n|move|p2a: Alakazam|Expanding Force|p1a: Magnemite\n|-activate|p1a: Magnemite|move: Protect\n|\n|-weather|Sandstorm|[upkeep]\n|upkeep\n|turn|42\n|\n|t:|1699379810\n|move|p2a: Alakazam|Expanding Force|p1a: Magnemite\n|-resisted|p1a: Magnemite\n|-ability|p1a: Magnemite|Sturdy\n|-damage|p1a: Magnemite|10\/100\n|move|p1a: Magnemite|Recycle|p1a: Magnemite\n|-item|p1a: Magnemite|Berry Juice|[from] move: Recycle\n|-enditem|p1a: Magnemite|Berry Juice\n|-heal|p1a: Magnemite|100\/100|[from] item: Berry Juice\n|\n|-weather|none\n|upkeep\n|turn|43\n|\n|t:|1699379822\n|move|p1a: Magnemite|Protect|p1a: Magnemite\n|-singleturn|p1a: Magnemite|Protect\n|move|p2a: Alakazam|Expanding Force|p1a: Magnemite\n|-activate|p1a: Magnemite|move: Protect\n|\n|upkeep\n|turn|44\n|\n|t:|1699379828\n|move|p2a: Alakazam|Psychic|p1a: Magnemite\n|-resisted|p1a: Magnemite\n|-ability|p1a: Magnemite|Sturdy\n|-damage|p1a: Magnemite|10\/100\n|move|p1a: Magnemite|Recycle|p1a: Magnemite\n|-item|p1a: Magnemite|Berry Juice|[from] move: Recycle\n|-enditem|p1a: Magnemite|Berry Juice\n|-heal|p1a: Magnemite|100\/100|[from] item: Berry Juice\n|\n|upkeep\n|turn|45\n|\n|t:|1699379840\n|move|p1a: Magnemite|Protect|p1a: Magnemite\n|-singleturn|p1a: Magnemite|Protect\n|move|p2a: Alakazam|Expanding Force|p1a: Magnemite\n|-activate|p1a: Magnemite|move: Protect\n|\n|upkeep\n|turn|46\n|\n|t:|1699379847\n|move|p2a: Alakazam|Expanding Force|p1a: Magnemite\n|-resisted|p1a: Magnemite\n|-ability|p1a: Magnemite|Sturdy\n|-damage|p1a: Magnemite|10\/100\n|move|p1a: Magnemite|Recycle|p1a: Magnemite\n|-item|p1a: Magnemite|Berry Juice|[from] move: Recycle\n|-enditem|p1a: Magnemite|Berry Juice\n|-heal|p1a: Magnemite|100\/100|[from] item: Berry Juice\n|\n|upkeep\n|turn|47\n|\n|t:|1699379856\n|move|p1a: Magnemite|Protect|p1a: Magnemite\n|-singleturn|p1a: Magnemite|Protect\n|move|p2a: Alakazam|Psychic|p1a: Magnemite\n|-activate|p1a: Magnemite|move: Protect\n|\n|upkeep\n|turn|48\n|\n|t:|1699379865\n|move|p2a: Alakazam|Psychic|p1a: Magnemite\n|-resisted|p1a: Magnemite\n|-ability|p1a: Magnemite|Sturdy\n|-damage|p1a: Magnemite|10\/100\n|move|p1a: Magnemite|Recycle|p1a: Magnemite\n|-item|p1a: Magnemite|Berry Juice|[from] move: Recycle\n|-enditem|p1a: Magnemite|Berry Juice\n|-heal|p1a: Magnemite|100\/100|[from] item: Berry Juice\n|\n|upkeep\n|turn|49\n|\n|t:|1699379881\n|move|p1a: Magnemite|Protect|p1a: Magnemite\n|-singleturn|p1a: Magnemite|Protect\n|move|p2a: Alakazam|Psychic|p1a: Magnemite\n|-activate|p1a: Magnemite|move: Protect\n|\n|upkeep\n|turn|50\n|\n|t:|1699379891\n|move|p2a: Alakazam|Psychic|p1a: Magnemite\n|-resisted|p1a: Magnemite\n|-ability|p1a: Magnemite|Sturdy\n|-damage|p1a: Magnemite|10\/100\n|move|p1a: Magnemite|Recycle|p1a: Magnemite\n|-item|p1a: Magnemite|Berry Juice|[from] move: Recycle\n|-enditem|p1a: Magnemite|Berry Juice\n|-heal|p1a: Magnemite|100\/100|[from] item: Berry Juice\n|\n|upkeep\n|turn|51\n|\n|t:|1699379902\n|move|p1a: Magnemite|Protect|p1a: Magnemite\n|-singleturn|p1a: Magnemite|Protect\n|move|p2a: Alakazam|Psychic|p1a: Magnemite\n|-activate|p1a: Magnemite|move: Protect\n|\n|upkeep\n|turn|52\n|\n|t:|1699379911\n|move|p2a: Alakazam|Psychic|p1a: Magnemite\n|-resisted|p1a: Magnemite\n|-ability|p1a: Magnemite|Sturdy\n|-damage|p1a: Magnemite|10\/100\n|move|p1a: Magnemite|Recycle|p1a: Magnemite\n|-item|p1a: Magnemite|Berry Juice|[from] move: Recycle\n|-enditem|p1a: Magnemite|Berry Juice\n|-heal|p1a: Magnemite|100\/100|[from] item: Berry Juice\n|\n|upkeep\n|turn|53\n|\n|t:|1699379939\n|move|p2a: Alakazam|Expanding Force|p1a: Magnemite\n|-resisted|p1a: Magnemite\n|-ability|p1a: Magnemite|Sturdy\n|-damage|p1a: Magnemite|10\/100\n|move|p1a: Magnemite|Recycle|p1a: Magnemite\n|-item|p1a: Magnemite|Berry Juice|[from] move: Recycle\n|-enditem|p1a: Magnemite|Berry Juice\n|-heal|p1a: Magnemite|100\/100|[from] item: Berry Juice\n|\n|upkeep\n|turn|54\n|\n|t:|1699379949\n|move|p1a: Magnemite|Protect|p1a: Magnemite\n|-singleturn|p1a: Magnemite|Protect\n|move|p2a: Alakazam|Psychic|p1a: Magnemite\n|-activate|p1a: Magnemite|move: Protect\n|\n|upkeep\n|turn|55\n|\n|t:|1699379956\n|move|p2a: Alakazam|Psychic|p1a: Magnemite\n|-resisted|p1a: Magnemite\n|-ability|p1a: Magnemite|Sturdy\n|-damage|p1a: Magnemite|10\/100\n|move|p1a: Magnemite|Recycle|p1a: Magnemite\n|-item|p1a: Magnemite|Berry Juice|[from] move: Recycle\n|-enditem|p1a: Magnemite|Berry Juice\n|-heal|p1a: Magnemite|100\/100|[from] item: Berry Juice\n|\n|upkeep\n|turn|56\n|\n|t:|1699379966\n|move|p1a: Magnemite|Protect|p1a: Magnemite\n|-singleturn|p1a: Magnemite|Protect\n|move|p2a: Alakazam|Psychic|p1a: Magnemite\n|-activate|p1a: Magnemite|move: Protect\n|\n|upkeep\n|turn|57\n|\n|t:|1699379973\n|move|p2a: Alakazam|Psychic|p1a: Magnemite\n|-resisted|p1a: Magnemite\n|-ability|p1a: Magnemite|Sturdy\n|-damage|p1a: Magnemite|10\/100\n|move|p1a: Magnemite|Sandstorm|p1a: Magnemite\n|-weather|Sandstorm\n|\n|-weather|Sandstorm|[upkeep]\n|upkeep\n|turn|58\n|\n|t:|1699379984\n|move|p2a: Alakazam|Psychic|p1a: Magnemite\n|-resisted|p1a: Magnemite\n|-damage|p1a: Magnemite|0 fnt\n|faint|p1a: Magnemite\n|\n|win|Adrian6k72\n|raw|Dogby's rating: 1037 &rarr; <strong>1021<\/strong><br \/>(-16 for losing)\n|raw|Adrian6k72's rating: 1037 &rarr; <strong>1071<\/strong><br \/>(+34 for winning)\n","uploadtime":1699379995,"views":5,"p1id":"dogby","p2id":"adrian6k72","formatid":"gen9nationaldexubers","rating":1021,"private":0,"password":""}