{"id":"gen9nationaldexubers-1997874004","p1":"Treeckoguy1","p2":"Parrythep","format":"[Gen 9] National Dex Ubers","log":"|j|\u2606Treeckoguy1\n|j|\u2606Parrythep\n|t:|1700862301\n|gametype|singles\n|player|p1|Treeckoguy1|1|1002\n|player|p2|Parrythep|1|1041\n|teamsize|p1|1\n|teamsize|p2|6\n|gen|9\n|tier|[Gen 9] National Dex Ubers\n|rated|\n|rule|HP Percentage Mod: HP is shown in percentages\n|rule|Endless Battle Clause: Forcing endless battles is banned\n|rule|OHKO Clause: OHKO moves are banned\n|rule|Evasion Moves Clause: Evasion moves are banned\n|rule|Evasion Items Clause: Evasion items are banned\n|rule|Species Clause: Limit one of each Pok\u00e9mon\n|rule|Sleep Clause Mod: Limit one foe put to sleep\n|rule|Mega Rayquaza Clause: You cannot mega evolve Rayquaza\n|clearpoke\n|poke|p1|Necrozma-Dawn-Wings|\n|poke|p2|Groudon|\n|poke|p2|Zacian-*|\n|poke|p2|Kyogre|\n|poke|p2|Walking Wake|\n|poke|p2|Kilowattrel, M|\n|poke|p2|Gardevoir, F|\n|teampreview\n|\n|t:|1700862320\n|start\n|switch|p1a: Necrozma|Necrozma-Dawn-Wings|100\/100\n|switch|p2a: Kyogre|Kyogre, shiny|100\/100\n|detailschange|p2a: Kyogre|Kyogre-Primal, shiny\n|-primal|p2a: Kyogre|Blue Orb\n|-weather|PrimordialSea|[from] ability: Primordial Sea|[of] p2a: Kyogre\n|turn|1\n|\n|t:|1700862329\n|detailschange|p1a: Necrozma|Necrozma-Ultra\n|-burst|p1a: Necrozma|Necrozma|Ultranecrozium Z\n|move|p1a: Necrozma|Charge Beam|p2a: Kyogre\n|-supereffective|p2a: Kyogre\n|-crit|p2a: Kyogre\n|-damage|p2a: Kyogre|57\/100\n|-boost|p1a: Necrozma|spa|1\n|move|p2a: Kyogre|Origin Pulse|p1a: Necrozma\n|-resisted|p1a: Necrozma\n|-damage|p1a: Necrozma|56\/100\n|\n|-weather|PrimordialSea|[upkeep]\n|upkeep\n|turn|2\n|\n|t:|1700862345\n|move|p1a: Necrozma|Autotomize|p1a: Necrozma\n|-boost|p1a: Necrozma|spe|2\n|-start|p1a: Necrozma|Autotomize\n|move|p2a: Kyogre|Thunder|p1a: Necrozma\n|-resisted|p1a: Necrozma\n|-damage|p1a: Necrozma|35\/100\n|\n|-weather|PrimordialSea|[upkeep]\n|upkeep\n|turn|3\n|\n|t:|1700862353\n|move|p1a: Necrozma|Charge Beam|p2a: Kyogre\n|-supereffective|p2a: Kyogre\n|-damage|p2a: Kyogre|18\/100\n|-boost|p1a: Necrozma|spa|1\n|move|p2a: Kyogre|Origin Pulse|p1a: Necrozma|[miss]\n|-miss|p2a: Kyogre|p1a: Necrozma\n|\n|-weather|PrimordialSea|[upkeep]\n|upkeep\n|turn|4\n|\n|t:|1700862364\n|move|p1a: Necrozma|Moongeist Beam|p2a: Kyogre\n|-damage|p2a: Kyogre|0 fnt\n|faint|p2a: Kyogre\n|-weather|none\n|\n|upkeep\n|\n|t:|1700862370\n|switch|p2a: Groudon|Groudon, shiny|100\/100\n|detailschange|p2a: Groudon|Groudon-Primal, shiny\n|-primal|p2a: Groudon|Red Orb\n|-weather|DesolateLand|[from] ability: Desolate Land|[of] p2a: Groudon\n|turn|5\n|\n|t:|1700862380\n|move|p1a: Necrozma|Photon Geyser|p2a: Groudon\n|-crit|p2a: Groudon\n|-damage|p2a: Groudon|0 fnt\n|faint|p2a: Groudon\n|-weather|none\n|\n|upkeep\n|\n|t:|1700862387\n|switch|p2a: Zacian|Zacian-Crowned, shiny|100\/100\n|-ability|p2a: Zacian|Intrepid Sword|boost\n|-boost|p2a: Zacian|atk|1\n|turn|6\n|\n|t:|1700862391\n|-zpower|p1a: Necrozma\n|move|p1a: Necrozma|Light That Burns the Sky|p2a: Zacian|[zeffect]\n|-resisted|p2a: Zacian\n|-damage|p2a: Zacian|0 fnt\n|faint|p2a: Zacian\n|\n|upkeep\n|\n|t:|1700862400\n|switch|p2a: Walking Wake|Walking Wake|100\/100\n|-enditem|p2a: Walking Wake|Booster Energy\n|-activate|p2a: Walking Wake|ability: Protosynthesis|[fromitem]\n|-start|p2a: Walking Wake|protosynthesisspa\n|turn|7\n|\n|t:|1700862410\n|move|p1a: Necrozma|Photon Geyser|p2a: Walking Wake\n|-damage|p2a: Walking Wake|0 fnt\n|faint|p2a: Walking Wake\n|-end|p2a: Walking Wake|Protosynthesis|[silent]\n|\n|upkeep\n|\n|t:|1700862417\n|switch|p2a: Kilowattrel|Kilowattrel, M|100\/100\n|turn|8\n|\n|t:|1700862425\n|move|p1a: Necrozma|Moongeist Beam|p2a: Kilowattrel\n|-damage|p2a: Kilowattrel|0 fnt\n|faint|p2a: Kilowattrel\n|\n|upkeep\n|\n|t:|1700862431\n|switch|p2a: Gardevoir|Gardevoir, F, shiny|100\/100\n|turn|9\n|\n|t:|1700862438\n|move|p1a: Necrozma|Moongeist Beam|p2a: Gardevoir\n|-supereffective|p2a: Gardevoir\n|-damage|p2a: Gardevoir|0 fnt\n|faint|p2a: Gardevoir\n|\n|win|Treeckoguy1\n|raw|Treeckoguy1's rating: 1002 &rarr; <strong>1046<\/strong><br \/>(+44 for winning)\n|raw|Parrythep's rating: 1041 &rarr; <strong>1023<\/strong><br \/>(-18 for losing)\n","uploadtime":1700862448,"views":4,"p1id":"treeckoguy1","p2id":"parrythep","formatid":"gen9nationaldexubers","rating":1023,"private":0,"password":""}