{"id":"gen9nationaldexubers-1988171430","p1":"HarmTurtle","p2":"DarthBowser151","format":"[Gen 9] National Dex Ubers","log":"|j|\u2606HarmTurtle\n|j|\u2606DarthBowser151\n|t:|1699679120\n|gametype|singles\n|player|p1|HarmTurtle|carmine-festival|\n|player|p2|DarthBowser151|clay|\n|teamsize|p1|6\n|teamsize|p2|6\n|gen|9\n|tier|[Gen 9] National Dex Ubers\n|rule|HP Percentage Mod: HP is shown in percentages\n|rule|Endless Battle Clause: Forcing endless battles is banned\n|rule|OHKO Clause: OHKO moves are banned\n|rule|Evasion Moves Clause: Evasion moves are banned\n|rule|Evasion Items Clause: Evasion items are banned\n|rule|Species Clause: Limit one of each Pok\u00e9mon\n|rule|Sleep Clause Mod: Limit one foe put to sleep\n|rule|Mega Rayquaza Clause: You cannot mega evolve Rayquaza\n|clearpoke\n|poke|p1|Breloom, F|\n|poke|p1|Garchomp, F|\n|poke|p1|Swampert, M|\n|poke|p1|Camerupt, F|\n|poke|p1|Diggersby, M|\n|poke|p1|Sandslash, M|\n|poke|p2|Amoonguss, F|\n|poke|p2|Primarina, F|\n|poke|p2|Orthworm, F|\n|poke|p2|Zoroark, F|\n|poke|p2|Armaldo, M|\n|poke|p2|Goodra, M|\n|teampreview\n|c|\u2606HarmTurtle|gl hf!\n|\n|t:|1699679168\n|start\n|switch|p1a: Lady of Rage|Garchomp, F, shiny|100\/100\n|switch|p2a: Don't Eat It|Amoonguss, F|100\/100\n|turn|1\n|\n|t:|1699679202\n|move|p2a: Don't Eat It|U-turn|p1a: Lady of Rage\n|-damage|p1a: Lady of Rage|75\/100\n|-damage|p2a: Don't Eat It|88\/100|[from] ability: Rough Skin|[of] p1a: Lady of Rage\n|-damage|p2a: Don't Eat It|72\/100|[from] item: Rocky Helmet|[of] p1a: Lady of Rage\n|\n|t:|1699679214\n|switch|p2a: Great Fairy|Primarina, F|100\/100|[from] U-turn\n|move|p1a: Lady of Rage|Stealth Rock|p2a: Great Fairy\n|-sidestart|p2: DarthBowser151|move: Stealth Rock\n|\n|upkeep\n|turn|2\n|\n|t:|1699679241\n|switch|p1a: swamp boosted|Swampert, M|100\/100\n|move|p2a: Great Fairy|Substitute|p2a: Great Fairy\n|-start|p2a: Great Fairy|Substitute\n|-damage|p2a: Great Fairy|76\/100\n|\n|-heal|p2a: Great Fairy|82\/100|[from] item: Leftovers\n|upkeep\n|turn|3\n|\n|t:|1699679252\n|move|p1a: swamp boosted|Substitute|p1a: swamp boosted\n|-start|p1a: swamp boosted|Substitute\n|-damage|p1a: swamp boosted|76\/100\n|move|p2a: Great Fairy|Calm Mind|p2a: Great Fairy\n|-boost|p2a: Great Fairy|spa|1\n|-boost|p2a: Great Fairy|spd|1\n|\n|-heal|p2a: Great Fairy|88\/100|[from] item: Leftovers\n|upkeep\n|turn|4\n|\n|t:|1699679264\n|move|p1a: swamp boosted|Endeavor|p2a: Great Fairy\n|-activate|p2a: Great Fairy|move: Substitute|[damage]\n|move|p2a: Great Fairy|Moonblast|p1a: swamp boosted\n|-end|p1a: swamp boosted|Substitute\n|\n|-heal|p2a: Great Fairy|94\/100|[from] item: Leftovers\n|upkeep\n|turn|5\n|\n|t:|1699679312\n|move|p1a: swamp boosted|Substitute|p1a: swamp boosted\n|-start|p1a: swamp boosted|Substitute\n|-damage|p1a: swamp boosted|51\/100\n|move|p2a: Great Fairy|Calm Mind|p2a: Great Fairy\n|-boost|p2a: Great Fairy|spa|1\n|-boost|p2a: Great Fairy|spd|1\n|\n|-heal|p2a: Great Fairy|99\/100|[from] item: Leftovers\n|upkeep\n|turn|6\n|\n|t:|1699679320\n|move|p1a: swamp boosted|Endeavor|p2a: Great Fairy\n|-end|p2a: Great Fairy|Substitute\n|move|p2a: Great Fairy|Moonblast|p1a: swamp boosted\n|-end|p1a: swamp boosted|Substitute\n|\n|-heal|p2a: Great Fairy|100\/100|[from] item: Leftovers\n|upkeep\n|turn|7\n|\n|t:|1699679356\n|move|p1a: swamp boosted|Substitute|p1a: swamp boosted\n|-start|p1a: swamp boosted|Substitute\n|-damage|p1a: swamp boosted|26\/100\n|move|p2a: Great Fairy|Moonblast|p1a: swamp boosted\n|-end|p1a: swamp boosted|Substitute\n|\n|upkeep\n|turn|8\n|\n|t:|1699679365\n|move|p1a: swamp boosted|Substitute|p1a: swamp boosted\n|-start|p1a: swamp boosted|Substitute\n|-damage|p1a: swamp boosted|1\/100\n|-enditem|p1a: swamp boosted|Salac Berry|[eat]\n|-boost|p1a: swamp boosted|spe|1|[from] item: Salac Berry\n|move|p2a: Great Fairy|Moonblast|p1a: swamp boosted\n|-end|p1a: swamp boosted|Substitute\n|\n|upkeep\n|turn|9\n|\n|t:|1699679378\n|move|p1a: swamp boosted|Endeavor|p2a: Great Fairy\n|-damage|p2a: Great Fairy|1\/100\n|move|p2a: Great Fairy|Moonblast|p1a: swamp boosted\n|-damage|p1a: swamp boosted|0 fnt\n|faint|p1a: swamp boosted\n|\n|-heal|p2a: Great Fairy|7\/100|[from] item: Leftovers\n|upkeep\n|\n|t:|1699679411\n|switch|p1a: scrungle|Breloom, F|100\/100\n|turn|10\n|\n|t:|1699679426\n|move|p1a: scrungle|Bulldoze|p2a: Great Fairy\n|-damage|p2a: Great Fairy|0 fnt\n|faint|p2a: Great Fairy\n|\n|upkeep\n|\n|t:|1699679440\n|switch|p2a: Don't Eat It|Amoonguss, F|72\/100\n|-damage|p2a: Don't Eat It|60\/100|[from] Stealth Rock\n|turn|11\n|\n|t:|1699679455\n|move|p1a: scrungle|Mach Punch|p2a: Don't Eat It\n|-supereffective|p2a: Don't Eat It\n|-damage|p2a: Don't Eat It|0 fnt\n|replace|p2a: Impostor|Zoroark, F\n|-end|p2a: Impostor|Illusion\n|faint|p2a: Impostor\n|\n|upkeep\n|\n|t:|1699679462\n|switch|p2a: Don't Eat It|Amoonguss, F|100\/100\n|-damage|p2a: Don't Eat It|88\/100|[from] Stealth Rock\n|turn|12\n|\n|t:|1699679476\n|switch|p1a: fleetest foot|Diggersby, M|100\/100\n|move|p2a: Don't Eat It|Sludge Bomb|p1a: fleetest foot\n|-resisted|p1a: fleetest foot\n|-damage|p1a: fleetest foot|84\/100\n|\n|upkeep\n|turn|13\n|\n|t:|1699679522\n|move|p1a: fleetest foot|Body Slam|p2a: Don't Eat It\n|-damage|p2a: Don't Eat It|32\/100\n|-damage|p1a: fleetest foot|68\/100|[from] item: Rocky Helmet|[of] p2a: Don't Eat It\n|move|p2a: Don't Eat It|Spore|p1a: fleetest foot\n|-status|p1a: fleetest foot|slp|[from] move: Spore\n|\n|upkeep\n|turn|14\n|\n|t:|1699679539\n|switch|p1a: rrrrrrrr|Camerupt, F, shiny|100\/100\n|move|p2a: Don't Eat It|Giga Drain|p1a: rrrrrrrr\n|-damage|p1a: rrrrrrrr|73\/100\n|-heal|p2a: Don't Eat It|43\/100|[from] drain|[of] p1a: rrrrrrrr\n|\n|upkeep\n|turn|15\n|\n|t:|1699679559\n|detailschange|p1a: rrrrrrrr|Camerupt-Mega, F, shiny\n|-mega|p1a: rrrrrrrr|Camerupt|Cameruptite\n|move|p2a: Don't Eat It|Giga Drain|p1a: rrrrrrrr\n|-damage|p1a: rrrrrrrr|52\/100\n|-heal|p2a: Don't Eat It|51\/100|[from] drain|[of] p1a: rrrrrrrr\n|move|p1a: rrrrrrrr|Earthquake|p2a: Don't Eat It\n|-damage|p2a: Don't Eat It|10\/100\n|\n|upkeep\n|turn|16\n|\n|t:|1699679576\n|move|p2a: Don't Eat It|Giga Drain|p1a: rrrrrrrr\n|-crit|p1a: rrrrrrrr\n|-damage|p1a: rrrrrrrr|21\/100\n|-heal|p2a: Don't Eat It|22\/100|[from] drain|[of] p1a: rrrrrrrr\n|move|p1a: rrrrrrrr|Earthquake|p2a: Don't Eat It\n|-damage|p2a: Don't Eat It|0 fnt\n|faint|p2a: Don't Eat It\n|\n|upkeep\n|\n|t:|1699679606\n|switch|p2a: Moldorm|Orthworm, F|100\/100\n|-damage|p2a: Moldorm|94\/100|[from] Stealth Rock\n|turn|17\n|\n|t:|1699679615\n|move|p2a: Moldorm|Body Press|p1a: rrrrrrrr\n|-damage|p1a: rrrrrrrr|0 fnt\n|faint|p1a: rrrrrrrr\n|\n|upkeep\n|\n|t:|1699679628\n|switch|p1a: scrungle|Breloom, F|100\/100\n|turn|18\n|\n|t:|1699679641\n|move|p1a: scrungle|Spore|p2a: Moldorm\n|-status|p2a: Moldorm|slp|[from] move: Spore\n|cant|p2a: Moldorm|slp\n|\n|upkeep\n|turn|19\n|\n|t:|1699679660\n|switch|p1a: Lady of Rage|Garchomp, F, shiny|75\/100\n|-curestatus|p2a: Moldorm|slp|[msg]\n|move|p2a: Moldorm|Stealth Rock|p1a: Lady of Rage\n|-sidestart|p1: HarmTurtle|move: Stealth Rock\n|\n|upkeep\n|turn|20\n|\n|t:|1699679676\n|move|p1a: Lady of Rage|Spikes|p2a: Moldorm\n|-sidestart|p2: DarthBowser151|Spikes\n|move|p2a: Moldorm|Body Press|p1a: Lady of Rage\n|-damage|p1a: Lady of Rage|54\/100\n|-damage|p2a: Moldorm|82\/100|[from] ability: Rough Skin|[of] p1a: Lady of Rage\n|-damage|p2a: Moldorm|66\/100|[from] item: Rocky Helmet|[of] p1a: Lady of Rage\n|\n|upkeep\n|turn|21\n|\n|t:|1699679691\n|move|p1a: Lady of Rage|Spikes|p2a: Moldorm\n|-sidestart|p2: DarthBowser151|Spikes\n|move|p2a: Moldorm|Iron Defense|p2a: Moldorm\n|-boost|p2a: Moldorm|def|2\n|\n|upkeep\n|turn|22\n|\n|t:|1699679707\n|switch|p1a: fleetest foot|Diggersby, M|68\/100 slp\n|-damage|p1a: fleetest foot|62\/100 slp|[from] Stealth Rock\n|move|p2a: Moldorm|Iron Defense|p2a: Moldorm\n|-boost|p2a: Moldorm|def|2\n|\n|upkeep\n|turn|23\n|\n|t:|1699679716\n|cant|p1a: fleetest foot|slp\n|move|p2a: Moldorm|Body Press|p1a: fleetest foot\n|-supereffective|p1a: fleetest foot\n|-damage|p1a: fleetest foot|0 fnt\n|faint|p1a: fleetest foot\n|\n|upkeep\n|\n|t:|1699679719\n|switch|p1a: scrungle|Breloom, F|100\/100\n|-damage|p1a: scrungle|94\/100|[from] Stealth Rock\n|turn|24\n|\n|t:|1699679729\n|move|p1a: scrungle|Spore|p2a: Moldorm\n|-status|p2a: Moldorm|slp|[from] move: Spore\n|cant|p2a: Moldorm|slp\n|\n|upkeep\n|turn|25\n|\n|t:|1699679737\n|switch|p1a: Sandslash|Sandslash, M|100\/100\n|-damage|p1a: Sandslash|94\/100|[from] Stealth Rock\n|-curestatus|p2a: Moldorm|slp|[msg]\n|move|p2a: Moldorm|Body Press|p1a: Sandslash\n|-crit|p1a: Sandslash\n|-damage|p1a: Sandslash|0 fnt\n|faint|p1a: Sandslash\n|\n|upkeep\n|\n|t:|1699679747\n|switch|p1a: scrungle|Breloom, F|94\/100\n|-damage|p1a: scrungle|88\/100|[from] Stealth Rock\n|turn|26\n|\n|t:|1699679756\n|move|p1a: scrungle|Spore|p2a: Moldorm\n|-status|p2a: Moldorm|slp|[from] move: Spore\n|cant|p2a: Moldorm|slp\n|\n|upkeep\n|turn|27\n|\n|t:|1699679766\n|switch|p1a: Lady of Rage|Garchomp, F, shiny|54\/100\n|-damage|p1a: Lady of Rage|48\/100|[from] Stealth Rock\n|cant|p2a: Moldorm|slp\n|\n|upkeep\n|turn|28\n|\n|t:|1699679775\n|move|p1a: Lady of Rage|Draco Meteor|p2a: Moldorm|[miss]\n|-miss|p1a: Lady of Rage|p2a: Moldorm\n|cant|p2a: Moldorm|slp\n|\n|upkeep\n|turn|29\n|\n|t:|1699679783\n|move|p1a: Lady of Rage|Draco Meteor|p2a: Moldorm\n|-resisted|p2a: Moldorm\n|-damage|p2a: Moldorm|47\/100 slp\n|-unboost|p1a: Lady of Rage|spa|2\n|-enditem|p2a: Moldorm|Sitrus Berry|[eat]\n|-heal|p2a: Moldorm|71\/100 slp|[from] item: Sitrus Berry\n|-curestatus|p2a: Moldorm|slp|[msg]\n|move|p2a: Moldorm|Body Press|p1a: Lady of Rage\n|-damage|p1a: Lady of Rage|0 fnt\n|-damage|p2a: Moldorm|59\/100|[from] ability: Rough Skin|[of] p1a: Lady of Rage\n|-damage|p2a: Moldorm|42\/100|[from] item: Rocky Helmet|[of] p1a: Lady of Rage\n|faint|p1a: Lady of Rage\n|\n|upkeep\n|\n|t:|1699679790\n|switch|p1a: scrungle|Breloom, F|88\/100\n|-damage|p1a: scrungle|82\/100|[from] Stealth Rock\n|turn|30\n|\n|t:|1699679804\n|move|p1a: scrungle|Spore|p2a: Moldorm\n|-status|p2a: Moldorm|slp|[from] move: Spore\n|cant|p2a: Moldorm|slp\n|\n|upkeep\n|turn|31\n|\n|t:|1699679811\n|move|p1a: scrungle|Mach Punch|p2a: Moldorm\n|-supereffective|p2a: Moldorm\n|-damage|p2a: Moldorm|28\/100 slp\n|cant|p2a: Moldorm|slp\n|\n|upkeep\n|turn|32\n|\n|t:|1699679818\n|move|p1a: scrungle|Mach Punch|p2a: Moldorm\n|-supereffective|p2a: Moldorm\n|-damage|p2a: Moldorm|13\/100 slp\n|-curestatus|p2a: Moldorm|slp|[msg]\n|move|p2a: Moldorm|Body Press|p1a: scrungle\n|-damage|p1a: scrungle|0 fnt\n|faint|p1a: scrungle\n|\n|win|DarthBowser151\n","uploadtime":1699679839,"views":5,"p1id":"harmturtle","p2id":"darthbowser151","formatid":"gen9nationaldexubers","rating":0,"private":0,"password":""}