{"id":"gen9nationaldexubers-1990139314","p1":"Tytheguy004","p2":"Ginesect","format":"[Gen 9] National Dex Ubers","log":"|j|\u2606Tytheguy004\n|j|\u2606Ginesect\n|t:|1699928816\n|gametype|singles\n|player|p1|Tytheguy004|biker-gen4|\n|player|p2|Ginesect|cynthia|\n|teamsize|p1|6\n|teamsize|p2|6\n|gen|9\n|tier|[Gen 9] National Dex Ubers\n|rule|HP Percentage Mod: HP is shown in percentages\n|rule|Endless Battle Clause: Forcing endless battles is banned\n|rule|OHKO Clause: OHKO moves are banned\n|rule|Evasion Moves Clause: Evasion moves are banned\n|rule|Evasion Items Clause: Evasion items are banned\n|rule|Species Clause: Limit one of each Pok\u00e9mon\n|rule|Sleep Clause Mod: Limit one foe put to sleep\n|rule|Mega Rayquaza Clause: You cannot mega evolve Rayquaza\n|clearpoke\n|poke|p1|Urshifu-*, F|\n|poke|p1|Pelipper, M|\n|poke|p1|Scizor, M|\n|poke|p1|Iron Bundle|\n|poke|p1|Floatzel, F|\n|poke|p1|Krookodile, F|\n|poke|p2|Chien-Pao|\n|poke|p2|Mandibuzz, F|\n|poke|p2|Mawile, M|\n|poke|p2|Sableye, M|\n|poke|p2|Greninja-*, M|\n|poke|p2|Ting-Lu|\n|teampreview\n|c|\u2606Tytheguy004|glhf!\n|\n|t:|1699928839\n|start\n|switch|p1a: Scizor|Scizor, M|100\/100\n|switch|p2a: Greninja|Greninja, M|100\/100\n|turn|1\n|\n|t:|1699928846\n|switch|p2a: Mandibuzz|Mandibuzz, F|100\/100\n|detailschange|p1a: Scizor|Scizor-Mega, M\n|-mega|p1a: Scizor|Scizor|Scizorite\n|move|p1a: Scizor|U-turn|p2a: Mandibuzz\n|-damage|p2a: Mandibuzz|80\/100\n|c|\u2606Ginesect|glhf\n|\n|t:|1699928857\n|switch|p1a: Pelipper|Pelipper, M|100\/100|[from] U-turn\n|-weather|RainDance|[from] ability: Drizzle|[of] p1a: Pelipper\n|\n|-weather|RainDance|[upkeep]\n|upkeep\n|turn|2\n|\n|t:|1699928867\n|move|p2a: Mandibuzz|U-turn|p1a: Pelipper\n|-resisted|p1a: Pelipper\n|-damage|p1a: Pelipper|96\/100\n|\n|t:|1699928875\n|switch|p2a: Greninja|Greninja, M|100\/100|[from] U-turn\n|move|p1a: Pelipper|U-turn|p2a: Greninja\n|-supereffective|p2a: Greninja\n|-damage|p2a: Greninja|71\/100\n|\n|t:|1699928878\n|switch|p1a: Iron Bundle|Iron Bundle|100\/100|[from] U-turn\n|\n|-weather|RainDance|[upkeep]\n|upkeep\n|turn|3\n|\n|t:|1699928898\n|switch|p2a: Sableye|Sableye, M|100\/100\n|move|p1a: Iron Bundle|Freeze-Dry|p2a: Sableye\n|-damage|p2a: Sableye|65\/100\n|\n|-weather|RainDance|[upkeep]\n|-heal|p2a: Sableye|71\/100|[from] item: Leftovers\n|upkeep\n|turn|4\n|\n|t:|1699928905\n|-end|p1a: Iron Bundle|Quark Drive|[silent]\n|switch|p1a: Pelipper|Pelipper, M|96\/100\n|move|p2a: Sableye|Encore||[still]\n|-fail|p2a: Sableye\n|\n|-weather|RainDance|[upkeep]\n|-heal|p2a: Sableye|77\/100|[from] item: Leftovers\n|upkeep\n|turn|5\n|\n|t:|1699928912\n|move|p1a: Pelipper|Knock Off|p2a: Sableye\n|-damage|p2a: Sableye|58\/100\n|-enditem|p2a: Sableye|Leftovers|[from] move: Knock Off|[of] p1a: Pelipper\n|move|p2a: Sableye|Night Shade|p1a: Pelipper\n|-damage|p1a: Pelipper|66\/100\n|\n|-weather|RainDance|[upkeep]\n|upkeep\n|turn|6\n|\n|t:|1699928918\n|move|p2a: Sableye|Recover|p2a: Sableye\n|-heal|p2a: Sableye|100\/100\n|move|p1a: Pelipper|Scald|p2a: Sableye\n|-crit|p2a: Sableye\n|-damage|p2a: Sableye|39\/100\n|\n|-weather|RainDance|[upkeep]\n|upkeep\n|turn|7\n|\n|t:|1699928926\n|switch|p1a: Urshifu|Urshifu-Rapid-Strike, F|100\/100\n|move|p2a: Sableye|Recover|p2a: Sableye\n|-heal|p2a: Sableye|89\/100\n|\n|-weather|RainDance|[upkeep]\n|upkeep\n|turn|8\n|\n|t:|1699928930\n|move|p2a: Sableye|Will-O-Wisp|p1a: Urshifu\n|-status|p1a: Urshifu|brn\n|move|p1a: Urshifu|Surging Strikes|p2a: Sableye\n|-crit|p2a: Sableye\n|-damage|p2a: Sableye|67\/100\n|-crit|p2a: Sableye\n|-damage|p2a: Sableye|44\/100\n|-crit|p2a: Sableye\n|-damage|p2a: Sableye|22\/100\n|-hitcount|p2a: Sableye|3\n|\n|-weather|none\n|-damage|p1a: Urshifu|94\/100 brn|[from] brn\n|upkeep\n|turn|9\n|\n|t:|1699928940\n|switch|p2a: Mandibuzz|Mandibuzz, F|80\/100\n|move|p1a: Urshifu|Surging Strikes|p2a: Mandibuzz\n|-crit|p2a: Mandibuzz\n|-damage|p2a: Mandibuzz|75\/100\n|-crit|p2a: Mandibuzz\n|-damage|p2a: Mandibuzz|68\/100\n|-crit|p2a: Mandibuzz\n|-damage|p2a: Mandibuzz|62\/100\n|-hitcount|p2a: Mandibuzz|3\n|\n|-damage|p1a: Urshifu|88\/100 brn|[from] brn\n|upkeep\n|turn|10\n|\n|t:|1699928947\n|move|p1a: Urshifu|Thunder Punch|p2a: Mandibuzz\n|-supereffective|p2a: Mandibuzz\n|-damage|p2a: Mandibuzz|45\/100\n|move|p2a: Mandibuzz|U-turn|p1a: Urshifu\n|-resisted|p1a: Urshifu\n|-damage|p1a: Urshifu|83\/100 brn\n|\n|t:|1699928968\n|switch|p2a: Mawile|Mawile, M|100\/100|[from] U-turn\n|-ability|p2a: Mawile|Intimidate|boost\n|-unboost|p1a: Urshifu|atk|1\n|\n|-damage|p1a: Urshifu|77\/100 brn|[from] brn\n|upkeep\n|turn|11\n|\n|t:|1699928973\n|detailschange|p2a: Mawile|Mawile-Mega, M\n|-mega|p2a: Mawile|Mawile|Mawilite\n|move|p1a: Urshifu|Drain Punch|p2a: Mawile\n|-crit|p2a: Mawile\n|-damage|p2a: Mawile|70\/100\n|-heal|p1a: Urshifu|88\/100 brn|[from] drain|[of] p2a: Mawile\n|move|p2a: Mawile|Play Rough|p1a: Urshifu|[miss]\n|-miss|p2a: Mawile|p1a: Urshifu\n|\n|-damage|p1a: Urshifu|82\/100 brn|[from] brn\n|upkeep\n|turn|12\n|\n|t:|1699928981\n|move|p1a: Urshifu|Surging Strikes|p2a: Mawile\n|-crit|p2a: Mawile\n|-damage|p2a: Mawile|59\/100\n|-crit|p2a: Mawile\n|-damage|p2a: Mawile|49\/100\n|-crit|p2a: Mawile\n|-damage|p2a: Mawile|39\/100\n|-hitcount|p2a: Mawile|3\n|move|p2a: Mawile|Play Rough|p1a: Urshifu|[miss]\n|-miss|p2a: Mawile|p1a: Urshifu\n|\n|-damage|p1a: Urshifu|76\/100 brn|[from] brn\n|upkeep\n|turn|13\n|c|\u2606Ginesect|Ao\n|c|\u2606Ginesect|Lmao\n|c|\u2606Tytheguy004|lol\n|\n|t:|1699928992\n|move|p1a: Urshifu|Surging Strikes|p2a: Mawile\n|-crit|p2a: Mawile\n|-damage|p2a: Mawile|28\/100\n|-crit|p2a: Mawile\n|-damage|p2a: Mawile|18\/100\n|-crit|p2a: Mawile\n|-damage|p2a: Mawile|7\/100\n|-hitcount|p2a: Mawile|3\n|move|p2a: Mawile|Play Rough|p1a: Urshifu\n|-supereffective|p1a: Urshifu\n|-damage|p1a: Urshifu|0 fnt\n|faint|p1a: Urshifu\n|\n|upkeep\n|c|\u2606Ginesect|Unfortunate\n|\n|t:|1699929005\n|switch|p1a: Krookodile|Krookodile, F|100\/100\n|-ability|p1a: Krookodile|Intimidate|boost\n|-unboost|p2a: Mawile|atk|1\n|turn|14\n|\n|t:|1699929011\n|switch|p2a: Mandibuzz|Mandibuzz, F|45\/100\n|move|p1a: Krookodile|Earthquake|p2a: Mandibuzz\n|-immune|p2a: Mandibuzz\n|\n|upkeep\n|turn|15\n|\n|t:|1699929014\n|switch|p1a: Pelipper|Pelipper, M|66\/100\n|-weather|RainDance|[from] ability: Drizzle|[of] p1a: Pelipper\n|move|p2a: Mandibuzz|Roost|p2a: Mandibuzz\n|-heal|p2a: Mandibuzz|95\/100\n|-singleturn|p2a: Mandibuzz|move: Roost\n|\n|-weather|RainDance|[upkeep]\n|upkeep\n|turn|16\n|\n|t:|1699929018\n|move|p2a: Mandibuzz|U-turn|p1a: Pelipper\n|-resisted|p1a: Pelipper\n|-damage|p1a: Pelipper|61\/100\n|\n|t:|1699929023\n|switch|p2a: Greninja|Greninja, M|71\/100|[from] U-turn\n|move|p1a: Pelipper|Roost|p1a: Pelipper\n|-heal|p1a: Pelipper|100\/100\n|-singleturn|p1a: Pelipper|move: Roost\n|\n|-weather|RainDance|[upkeep]\n|upkeep\n|turn|17\n|\n|t:|1699929030\n|move|p2a: Greninja|Dark Pulse|p1a: Pelipper\n|-damage|p1a: Pelipper|50\/100\n|cant|p1a: Pelipper|flinch\n|\n|-weather|RainDance|[upkeep]\n|upkeep\n|turn|18\n|\n|t:|1699929034\n|move|p2a: Greninja|Dark Pulse|p1a: Pelipper\n|-damage|p1a: Pelipper|4\/100\n|move|p1a: Pelipper|U-turn|p2a: Greninja\n|-supereffective|p2a: Greninja\n|-crit|p2a: Greninja\n|-damage|p2a: Greninja|21\/100\n|\n|t:|1699929039\n|switch|p1a: Iron Bundle|Iron Bundle|100\/100|[from] U-turn\n|\n|-weather|RainDance|[upkeep]\n|upkeep\n|turn|19\n|\n|t:|1699929053\n|switch|p2a: Chien-Pao|Chien-Pao|100\/100\n|-ability|p2a: Chien-Pao|Sword of Ruin\n|move|p1a: Iron Bundle|Hydro Pump|p2a: Chien-Pao\n|-damage|p2a: Chien-Pao|0 fnt\n|faint|p2a: Chien-Pao\n|\n|-weather|RainDance|[upkeep]\n|upkeep\n|c|\u2606Ginesect|Oh damn\n|c|\u2606Tytheguy004|Yeah i was wondering why you sent that in\n|\n|t:|1699929072\n|switch|p2a: Ting-Lu|Ting-Lu|100\/100\n|-ability|p2a: Ting-Lu|Vessel of Ruin\n|turn|20\n|\n|t:|1699929078\n|-terastallize|p2a: Ting-Lu|Fairy\n|move|p1a: Iron Bundle|Hydro Pump|p2a: Ting-Lu\n|-damage|p2a: Ting-Lu|68\/100\n|move|p2a: Ting-Lu|Stealth Rock|p1a: Iron Bundle\n|-sidestart|p1: Tytheguy004|move: Stealth Rock\n|\n|-weather|RainDance|[upkeep]\n|-heal|p2a: Ting-Lu|74\/100|[from] item: Leftovers\n|upkeep\n|turn|21\n|c|\u2606Ginesect|I was expecting freeze dry\n|\n|t:|1699929096\n|move|p1a: Iron Bundle|Hydro Pump|p2a: Ting-Lu\n|-damage|p2a: Ting-Lu|40\/100\n|move|p2a: Ting-Lu|Earthquake|p1a: Iron Bundle\n|-damage|p1a: Iron Bundle|57\/100\n|\n|-weather|RainDance|[upkeep]\n|-heal|p2a: Ting-Lu|46\/100|[from] item: Leftovers\n|upkeep\n|turn|22\n|\n|t:|1699929101\n|move|p2a: Ting-Lu|Protect|p2a: Ting-Lu\n|-singleturn|p2a: Ting-Lu|Protect\n|move|p1a: Iron Bundle|Hydro Pump|p2a: Ting-Lu\n|-activate|p2a: Ting-Lu|move: Protect\n|\n|-weather|none\n|-heal|p2a: Ting-Lu|52\/100|[from] item: Leftovers\n|upkeep\n|turn|23\n|\n|t:|1699929106\n|-end|p1a: Iron Bundle|Quark Drive|[silent]\n|switch|p1a: Scizor|Scizor-Mega, M|100\/100\n|-damage|p1a: Scizor|88\/100|[from] Stealth Rock\n|move|p2a: Ting-Lu|Earthquake|p1a: Scizor\n|-damage|p1a: Scizor|67\/100\n|\n|-heal|p2a: Ting-Lu|58\/100|[from] item: Leftovers\n|upkeep\n|turn|24\n|\n|t:|1699929113\n|switch|p2a: Mandibuzz|Mandibuzz, F|95\/100\n|move|p1a: Scizor|Bullet Punch|p2a: Mandibuzz\n|-damage|p2a: Mandibuzz|78\/100\n|\n|upkeep\n|turn|25\n|\n|t:|1699929116\n|move|p2a: Mandibuzz|Foul Play|p1a: Scizor\n|-damage|p1a: Scizor|38\/100\n|move|p1a: Scizor|Roost|p1a: Scizor\n|-heal|p1a: Scizor|88\/100\n|-singleturn|p1a: Scizor|move: Roost\n|\n|upkeep\n|turn|26\n|\n|t:|1699929123\n|move|p2a: Mandibuzz|U-turn|p1a: Scizor\n|-resisted|p1a: Scizor\n|-damage|p1a: Scizor|85\/100\n|\n|t:|1699929124\n|switch|p2a: Sableye|Sableye, M|22\/100|[from] U-turn\n|move|p1a: Scizor|U-turn|p2a: Sableye\n|-damage|p2a: Sableye|0 fnt\n|faint|p2a: Sableye\n|\n|t:|1699929128\n|switch|p1a: Pelipper|Pelipper, M|4\/100|[from] U-turn\n|-damage|p1a: Pelipper|0 fnt|[from] Stealth Rock\n|faint|p1a: Pelipper\n|\n|upkeep\n|\n|t:|1699929139\n|switch|p1a: Floatzel|Floatzel, F|100\/100\n|switch|p2a: Mandibuzz|Mandibuzz, F|78\/100\n|-damage|p1a: Floatzel|88\/100|[from] Stealth Rock\n|turn|27\n|\n|t:|1699929144\n|move|p1a: Floatzel|Wave Crash|p2a: Mandibuzz\n|-crit|p2a: Mandibuzz\n|-damage|p2a: Mandibuzz|5\/100\n|-damage|p1a: Floatzel|55\/100|[from] Recoil\n|move|p2a: Mandibuzz|Roost|p2a: Mandibuzz\n|-heal|p2a: Mandibuzz|55\/100\n|-singleturn|p2a: Mandibuzz|move: Roost\n|\n|upkeep\n|turn|28\n|\n|t:|1699929150\n|move|p1a: Floatzel|Wave Crash|p2a: Mandibuzz\n|-damage|p2a: Mandibuzz|7\/100\n|-damage|p1a: Floatzel|34\/100|[from] Recoil\n|move|p2a: Mandibuzz|Roost|p2a: Mandibuzz\n|-heal|p2a: Mandibuzz|57\/100\n|-singleturn|p2a: Mandibuzz|move: Roost\n|\n|upkeep\n|turn|29\n|\n|t:|1699929157\n|switch|p1a: Iron Bundle|Iron Bundle|57\/100\n|-damage|p1a: Iron Bundle|32\/100|[from] Stealth Rock\n|move|p2a: Mandibuzz|Roost|p2a: Mandibuzz\n|-heal|p2a: Mandibuzz|100\/100\n|-singleturn|p2a: Mandibuzz|move: Roost\n|\n|upkeep\n|turn|30\n|\n|t:|1699929167\n|move|p1a: Iron Bundle|Freeze-Dry|p2a: Mandibuzz\n|-supereffective|p2a: Mandibuzz\n|-damage|p2a: Mandibuzz|46\/100\n|move|p2a: Mandibuzz|U-turn|p1a: Iron Bundle\n|-damage|p1a: Iron Bundle|19\/100\n|\n|t:|1699929175\n|switch|p2a: Ting-Lu|Ting-Lu, tera:Fairy|58\/100|[from] U-turn\n|-ability|p2a: Ting-Lu|Vessel of Ruin\n|\n|-heal|p2a: Ting-Lu|65\/100|[from] item: Leftovers\n|upkeep\n|turn|31\n|\n|t:|1699929178\n|move|p1a: Iron Bundle|Freeze-Dry|p2a: Ting-Lu\n|-damage|p2a: Ting-Lu|50\/100\n|move|p2a: Ting-Lu|Earthquake|p1a: Iron Bundle\n|-damage|p1a: Iron Bundle|0 fnt\n|faint|p1a: Iron Bundle\n|-end|p1a: Iron Bundle|Quark Drive|[silent]\n|\n|-heal|p2a: Ting-Lu|56\/100|[from] item: Leftovers\n|upkeep\n|\n|t:|1699929182\n|switch|p1a: Floatzel|Floatzel, F|34\/100\n|-damage|p1a: Floatzel|22\/100|[from] Stealth Rock\n|turn|32\n|\n|t:|1699929186\n|move|p2a: Ting-Lu|Protect|p2a: Ting-Lu\n|-singleturn|p2a: Ting-Lu|Protect\n|move|p1a: Floatzel|Wave Crash|p2a: Ting-Lu\n|-activate|p2a: Ting-Lu|move: Protect\n|\n|-heal|p2a: Ting-Lu|62\/100|[from] item: Leftovers\n|upkeep\n|turn|33\n|\n|t:|1699929189\n|move|p1a: Floatzel|Wave Crash|p2a: Ting-Lu\n|-damage|p2a: Ting-Lu|17\/100\n|-damage|p1a: Floatzel|0 fnt|[from] Recoil\n|faint|p1a: Floatzel\n|move|p2a: Ting-Lu|Earthquake|p1: Floatzel|[notarget]\n|-fail|p2a: Ting-Lu\n|\n|-heal|p2a: Ting-Lu|23\/100|[from] item: Leftovers\n|upkeep\n|\n|t:|1699929192\n|switch|p1a: Krookodile|Krookodile, F|100\/100\n|-damage|p1a: Krookodile|94\/100|[from] Stealth Rock\n|-ability|p1a: Krookodile|Intimidate|boost\n|-unboost|p2a: Ting-Lu|atk|1\n|turn|34\n|\n|t:|1699929205\n|-terastallize|p1a: Krookodile|Grass\n|move|p2a: Ting-Lu|Protect|p2a: Ting-Lu\n|-singleturn|p2a: Ting-Lu|Protect\n|move|p1a: Krookodile|Close Combat|p2a: Ting-Lu\n|-activate|p2a: Ting-Lu|move: Protect\n|\n|-heal|p2a: Ting-Lu|29\/100|[from] item: Leftovers\n|upkeep\n|turn|35\n|\n|t:|1699929219\n|switch|p1a: Scizor|Scizor-Mega, M|85\/100\n|-damage|p1a: Scizor|73\/100|[from] Stealth Rock\n|move|p2a: Ting-Lu|Earthquake|p1a: Scizor\n|-damage|p1a: Scizor|59\/100\n|\n|-heal|p2a: Ting-Lu|36\/100|[from] item: Leftovers\n|upkeep\n|turn|36\n|\n|t:|1699929225\n|move|p1a: Scizor|Bullet Punch|p2a: Ting-Lu\n|-supereffective|p2a: Ting-Lu\n|-damage|p2a: Ting-Lu|4\/100\n|move|p2a: Ting-Lu|Whirlwind|p1a: Scizor\n|drag|p1a: Krookodile|Krookodile, F, tera:Grass|94\/100\n|-damage|p1a: Krookodile|82\/100|[from] Stealth Rock\n|-ability|p1a: Krookodile|Intimidate|boost\n|-unboost|p2a: Ting-Lu|atk|1\n|\n|-heal|p2a: Ting-Lu|10\/100|[from] item: Leftovers\n|upkeep\n|turn|37\n|\n|t:|1699929232\n|move|p2a: Ting-Lu|Protect|p2a: Ting-Lu\n|-singleturn|p2a: Ting-Lu|Protect\n|move|p1a: Krookodile|Tera Blast|p2a: Ting-Lu|[anim] Tera Blast Grass\n|-activate|p2a: Ting-Lu|move: Protect\n|\n|-heal|p2a: Ting-Lu|16\/100|[from] item: Leftovers\n|upkeep\n|turn|38\n|\n|t:|1699929235\n|move|p1a: Krookodile|Tera Blast|p2a: Ting-Lu|[anim] Tera Blast Grass\n|-damage|p2a: Ting-Lu|0 fnt\n|faint|p2a: Ting-Lu\n|\n|upkeep\n|\n|t:|1699929248\n|switch|p2a: Greninja|Greninja, M|21\/100\n|turn|39\n|\n|t:|1699929252\n|move|p1a: Krookodile|Tera Blast|p2a: Greninja|[anim] Tera Blast Grass\n|-supereffective|p2a: Greninja\n|-damage|p2a: Greninja|0 fnt\n|faint|p2a: Greninja\n|\n|upkeep\n|c|\u2606Ginesect|ooh\n|c|\u2606Ginesect|Scarf\n|c|\u2606Tytheguy004|Yeah\n|\n|t:|1699929264\n|switch|p2a: Mandibuzz|Mandibuzz, F|46\/100\n|turn|40\n|\n|t:|1699929267\n|switch|p1a: Scizor|Scizor-Mega, M|59\/100\n|-damage|p1a: Scizor|46\/100|[from] Stealth Rock\n|move|p2a: Mandibuzz|Roost|p2a: Mandibuzz\n|-heal|p2a: Mandibuzz|96\/100\n|-singleturn|p2a: Mandibuzz|move: Roost\n|\n|upkeep\n|turn|41\n|\n|t:|1699929271\n|move|p2a: Mandibuzz|Foul Play|p1a: Scizor\n|-damage|p1a: Scizor|19\/100\n|move|p1a: Scizor|Roost|p1a: Scizor\n|-heal|p1a: Scizor|69\/100\n|-singleturn|p1a: Scizor|move: Roost\n|\n|upkeep\n|turn|42\n|\n|t:|1699929274\n|move|p2a: Mandibuzz|Foul Play|p1a: Scizor\n|-damage|p1a: Scizor|45\/100\n|move|p1a: Scizor|Roost|p1a: Scizor\n|-heal|p1a: Scizor|95\/100\n|-singleturn|p1a: Scizor|move: Roost\n|\n|upkeep\n|turn|43\n|\n|t:|1699929277\n|move|p2a: Mandibuzz|Foul Play|p1a: Scizor\n|-damage|p1a: Scizor|69\/100\n|move|p1a: Scizor|Close Combat|p2a: Mandibuzz\n|-damage|p2a: Mandibuzz|75\/100\n|-unboost|p1a: Scizor|def|1\n|-unboost|p1a: Scizor|spd|1\n|\n|upkeep\n|turn|44\n|\n|t:|1699929284\n|move|p2a: Mandibuzz|Foul Play|p1a: Scizor\n|-damage|p1a: Scizor|31\/100\n|move|p1a: Scizor|Close Combat|p2a: Mandibuzz\n|-damage|p2a: Mandibuzz|53\/100\n|-unboost|p1a: Scizor|def|1\n|-unboost|p1a: Scizor|spd|1\n|\n|upkeep\n|turn|45\n|\n|t:|1699929289\n|switch|p1a: Krookodile|Krookodile, F, tera:Grass|82\/100\n|-damage|p1a: Krookodile|70\/100|[from] Stealth Rock\n|-ability|p1a: Krookodile|Intimidate|boost\n|-unboost|p2a: Mandibuzz|atk|1\n|move|p2a: Mandibuzz|Foul Play|p1a: Krookodile\n|-damage|p1a: Krookodile|17\/100\n|\n|upkeep\n|turn|46\n|\n|t:|1699929294\n|move|p1a: Krookodile|Close Combat|p2a: Mandibuzz\n|-damage|p2a: Mandibuzz|30\/100\n|-unboost|p1a: Krookodile|def|1\n|-unboost|p1a: Krookodile|spd|1\n|move|p2a: Mandibuzz|U-turn|p1a: Krookodile\n|-supereffective|p1a: Krookodile\n|-damage|p1a: Krookodile|0 fnt\n|faint|p1a: Krookodile\n|\n|t:|1699929298\n|switch|p2a: Mawile|Mawile-Mega, M|7\/100|[from] U-turn\n|\n|upkeep\n|\n|t:|1699929300\n|switch|p1a: Scizor|Scizor-Mega, M|31\/100\n|-damage|p1a: Scizor|19\/100|[from] Stealth Rock\n|turn|47\n|\n|t:|1699929304\n|move|p1a: Scizor|Bullet Punch|p2a: Mawile\n|-damage|p2a: Mawile|0 fnt\n|faint|p2a: Mawile\n|\n|upkeep\n|\n|t:|1699929306\n|switch|p2a: Mandibuzz|Mandibuzz, F|30\/100\n|turn|48\n|\n|t:|1699929310\n|move|p2a: Mandibuzz|Roost|p2a: Mandibuzz\n|-heal|p2a: Mandibuzz|80\/100\n|-singleturn|p2a: Mandibuzz|move: Roost\n|move|p1a: Scizor|Roost|p1a: Scizor\n|-heal|p1a: Scizor|69\/100\n|-singleturn|p1a: Scizor|move: Roost\n|\n|upkeep\n|turn|49\n|\n|t:|1699929313\n|move|p2a: Mandibuzz|Foul Play|p1a: Scizor\n|-damage|p1a: Scizor|45\/100\n|move|p1a: Scizor|Roost|p1a: Scizor\n|-heal|p1a: Scizor|95\/100\n|-singleturn|p1a: Scizor|move: Roost\n|\n|upkeep\n|turn|50\n|\n|t:|1699929317\n|move|p2a: Mandibuzz|Foul Play|p1a: Scizor\n|-crit|p1a: Scizor\n|-damage|p1a: Scizor|56\/100\n|move|p1a: Scizor|U-turn|p2a: Mandibuzz\n|-damage|p2a: Mandibuzz|61\/100\n|\n|upkeep\n|turn|51\n|\n|t:|1699929322\n|move|p2a: Mandibuzz|Foul Play|p1a: Scizor\n|-damage|p1a: Scizor|28\/100\n|move|p1a: Scizor|U-turn|p2a: Mandibuzz\n|-damage|p2a: Mandibuzz|42\/100\n|\n|upkeep\n|turn|52\n|\n|t:|1699929327\n|move|p2a: Mandibuzz|Foul Play|p1a: Scizor\n|-damage|p1a: Scizor|0 fnt\n|faint|p1a: Scizor\n|\n|win|Ginesect\n|c|\u2606Tytheguy004|gg\n|c|\u2606Ginesect|gg\n","uploadtime":1699929338,"views":9,"p1id":"tytheguy004","p2id":"ginesect","formatid":"gen9nationaldexubers","rating":0,"private":0,"password":""}