{"id":"gen9nationaldexubers-2000483194","p1":"99% lose rate","p2":"ImAGirlNow \u2718","format":"[Gen 9] National Dex Ubers","log":"|j|\u260699% lose rate\n|j|\u2606ImAGirlNow \u2718\n|t:|1701198581\n|gametype|singles\n|player|p1|99% lose rate|giovanni|1439\n|player|p2|ImAGirlNow \u2718|evelyn|1347\n|teamsize|p1|6\n|teamsize|p2|6\n|gen|9\n|tier|[Gen 9] National Dex Ubers\n|rated|\n|rule|HP Percentage Mod: HP is shown in percentages\n|rule|Endless Battle Clause: Forcing endless battles is banned\n|rule|OHKO Clause: OHKO moves are banned\n|rule|Evasion Moves Clause: Evasion moves are banned\n|rule|Evasion Items Clause: Evasion items are banned\n|rule|Species Clause: Limit one of each Pok\u00e9mon\n|rule|Sleep Clause Mod: Limit one foe put to sleep\n|rule|Mega Rayquaza Clause: You cannot mega evolve Rayquaza\n|clearpoke\n|poke|p1|Slowbro, F|\n|poke|p1|Garganacl, F|\n|poke|p1|Toxapex, F|\n|poke|p1|Sandy Shocks|\n|poke|p1|Crobat, M|\n|poke|p1|Incineroar, F|\n|poke|p2|Xerneas-*|\n|poke|p2|Lopunny, M|\n|poke|p2|Garganacl, F|\n|poke|p2|Skarmory, M|\n|poke|p2|Maushold-Four|\n|poke|p2|Ribombee, F|\n|teampreview\n|inactive|Battle timer is ON: inactive players will automatically lose when time's up. (requested by ImAGirlNow \u2718)\n|\n|t:|1701198591\n|start\n|switch|p1a: Crobat|Crobat, M|100\/100\n|switch|p2a: This is a|Ribombee, F, shiny|100\/100\n|turn|1\n|\n|t:|1701198597\n|move|p1a: Crobat|Taunt|p2a: This is a\n|-start|p2a: This is a|move: Taunt\n|-enditem|p2a: This is a|Mental Herb\n|-end|p2a: This is a|move: Taunt\n|move|p2a: This is a|Imprison|p2a: This is a\n|-start|p2a: This is a|move: Imprison\n|\n|upkeep\n|turn|2\n|\n|t:|1701198604\n|switch|p2a: There's More.|Maushold-Four, shiny|100\/100\n|move|p1a: Crobat|Brave Bird|p2a: There's More.\n|-damage|p2a: There's More.|22\/100\n|-damage|p1a: Crobat|76\/100|[from] Recoil\n|\n|upkeep\n|turn|3\n|\n|t:|1701198610\n|move|p1a: Crobat|Brave Bird|p2a: There's More.\n|-damage|p2a: There's More.|0 fnt\n|faint|p2a: There's More.\n|-damage|p1a: Crobat|70\/100|[from] Recoil\n|\n|upkeep\n|\n|t:|1701198622\n|switch|p2a: Deer God!|Xerneas, shiny|100\/100\n|-ability|p2a: Deer God!|Fairy Aura\n|turn|4\n|\n|t:|1701198625\n|move|p1a: Crobat|Taunt|p2a: Deer God!\n|-start|p2a: Deer God!|move: Taunt\n|-zpower|p2a: Deer God!\n|move|p2a: Deer God!|Z-Geomancy||[anim]Geomancy|[still]\n|-boost|p2a: Deer God!|atk|1|[zeffect]\n|-boost|p2a: Deer God!|def|1|[zeffect]\n|-boost|p2a: Deer God!|spa|1|[zeffect]\n|-boost|p2a: Deer God!|spd|1|[zeffect]\n|-boost|p2a: Deer God!|spe|1|[zeffect]\n|-prepare|p2a: Deer God!|Geomancy\n|\n|upkeep\n|turn|5\n|\n|t:|1701198640\n|switch|p1a: Incineroar|Incineroar, F|100\/100\n|-ability|p1a: Incineroar|Intimidate|boost\n|-unboost|p2a: Deer God!|atk|1\n|cant|p2a: Deer God!|move: Taunt|Geomancy\n|\n|upkeep\n|turn|6\n|\n|t:|1701198650\n|move|p2a: Deer God!|Moonblast|p1a: Incineroar\n|-damage|p1a: Incineroar|11\/100\n|move|p1a: Incineroar|Parting Shot|p2a: Deer God!\n|-unboost|p2a: Deer God!|atk|1\n|-unboost|p2a: Deer God!|spa|1\n|\n|t:|1701198652\n|switch|p1a: Regenapex|Toxapex, F|100\/100|[from] Parting Shot\n|\n|-end|p2a: Deer God!|move: Taunt\n|upkeep\n|turn|7\n|\n|t:|1701198658\n|move|p2a: Deer God!|Geomancy||[still]\n|-prepare|p2a: Deer God!|Geomancy\n|move|p1a: Regenapex|Toxic|p2a: Deer God!\n|-status|p2a: Deer God!|tox\n|\n|-damage|p2a: Deer God!|94\/100 tox|[from] psn\n|upkeep\n|turn|8\n|\n|t:|1701198661\n|move|p2a: Deer God!|Geomancy|p2a: Deer God!|[from]lockedmove\n|-boost|p2a: Deer God!|spa|2\n|-boost|p2a: Deer God!|spd|2\n|-boost|p2a: Deer God!|spe|2\n|move|p1a: Regenapex|Haze|p1a: Regenapex\n|-clearallboost\n|\n|-damage|p2a: Deer God!|82\/100 tox|[from] psn\n|upkeep\n|turn|9\n|\n|t:|1701198666\n|move|p2a: Deer God!|Rest|p2a: Deer God!\n|-status|p2a: Deer God!|slp|[from] move: Rest\n|-heal|p2a: Deer God!|100\/100 slp|[silent]\n|move|p1a: Regenapex|Scald|p2a: Deer God!\n|-damage|p2a: Deer God!|88\/100 slp\n|\n|upkeep\n|turn|10\n|\n|t:|1701198670\n|switch|p1a: Funbro|Slowbro, F|100\/100\n|cant|p2a: Deer God!|slp\n|move|p2a: Deer God!|Snore|p1a: Funbro\n|-damage|p1a: Funbro|81\/100\n|\n|-heal|p1a: Funbro|87\/100|[from] item: Leftovers\n|upkeep\n|turn|11\n|\n|t:|1701198677\n|cant|p2a: Deer God!|slp\n|move|p2a: Deer God!|Snore|p1a: Funbro\n|-damage|p1a: Funbro|68\/100\n|move|p1a: Funbro|Calm Mind|p1a: Funbro\n|-boost|p1a: Funbro|spa|1\n|-boost|p1a: Funbro|spd|1\n|\n|-heal|p1a: Funbro|74\/100|[from] item: Leftovers\n|upkeep\n|turn|12\n|\n|t:|1701198682\n|-curestatus|p2a: Deer God!|slp|[msg]\n|move|p2a: Deer God!|Moonblast|p1a: Funbro\n|-damage|p1a: Funbro|24\/100\n|move|p1a: Funbro|Calm Mind|p1a: Funbro\n|-boost|p1a: Funbro|spa|1\n|-boost|p1a: Funbro|spd|1\n|\n|-heal|p1a: Funbro|30\/100|[from] item: Leftovers\n|upkeep\n|turn|13\n|c|\u2606ImAGirlNow \u2718|ok its not actual funbro\n|c|\u2606ImAGirlNow \u2718|good\n|\n|t:|1701198693\n|switch|p1a: Incineroar|Incineroar, F|11\/100\n|-ability|p1a: Incineroar|Intimidate|boost\n|-unboost|p2a: Deer God!|atk|1\n|move|p2a: Deer God!|Moonblast|p1a: Incineroar\n|-crit|p1a: Incineroar\n|-damage|p1a: Incineroar|0 fnt\n|faint|p1a: Incineroar\n|\n|upkeep\n|\n|t:|1701198700\n|switch|p1a: Crobat|Crobat, M|70\/100\n|turn|14\n|\n|t:|1701198704\n|switch|p2a: This is a|Ribombee, F, shiny|100\/100\n|move|p1a: Crobat|Taunt|p2a: This is a\n|-start|p2a: This is a|move: Taunt\n|\n|upkeep\n|turn|15\n|\n|t:|1701198707\n|move|p1a: Crobat|Brave Bird|p2a: This is a\n|-supereffective|p2a: This is a\n|-damage|p2a: This is a|0 fnt\n|faint|p2a: This is a\n|-damage|p1a: Crobat|36\/100|[from] Recoil\n|\n|upkeep\n|\n|t:|1701198712\n|switch|p2a: Scout's OF|Lopunny, M, shiny|100\/100\n|turn|16\n|\n|t:|1701198722\n|switch|p1a: Regenapex|Toxapex, F|100\/100\n|detailschange|p2a: Scout's OF|Lopunny-Mega, M, shiny\n|-mega|p2a: Scout's OF|Lopunny|Lopunnite\n|move|p2a: Scout's OF|Fake Out|p1a: Regenapex\n|-damage|p1a: Regenapex|88\/100\n|\n|-heal|p1a: Regenapex|94\/100|[from] item: Black Sludge\n|upkeep\n|turn|17\n|\n|t:|1701198729\n|switch|p2a: Bucket.|Skarmory, M, shiny|100\/100\n|move|p1a: Regenapex|Toxic|p2a: Bucket.\n|-immune|p2a: Bucket.\n|\n|-heal|p1a: Regenapex|99\/100|[from] item: Black Sludge\n|upkeep\n|turn|18\n|\n|t:|1701198734\n|switch|p1a: Crobat|Crobat, M|36\/100\n|move|p2a: Bucket.|Brave Bird|p1a: Crobat\n|-damage|p1a: Crobat|0 fnt\n|faint|p1a: Crobat\n|-damage|p2a: Bucket.|90\/100|[from] Recoil\n|\n|upkeep\n|\n|t:|1701198738\n|switch|p1a: Funbro|Slowbro, F|63\/100\n|turn|19\n|\n|t:|1701198741\n|move|p2a: Bucket.|Roost|p2a: Bucket.\n|-heal|p2a: Bucket.|100\/100\n|-singleturn|p2a: Bucket.|move: Roost\n|move|p1a: Funbro|Slack Off|p1a: Funbro\n|-heal|p1a: Funbro|100\/100\n|\n|upkeep\n|turn|20\n|\n|t:|1701198744\n|move|p2a: Bucket.|Toxic|p1a: Funbro\n|-status|p1a: Funbro|tox\n|move|p1a: Funbro|Calm Mind|p1a: Funbro\n|-boost|p1a: Funbro|spa|1\n|-boost|p1a: Funbro|spd|1\n|\n|-damage|p1a: Funbro|94\/100 tox|[from] psn\n|upkeep\n|turn|21\n|\n|t:|1701198751\n|move|p2a: Bucket.|Toxic|p1a: Funbro\n|-fail|p1a: Funbro|tox\n|move|p1a: Funbro|Scald|p2a: Bucket.\n|-damage|p2a: Bucket.|48\/100\n|-status|p2a: Bucket.|brn\n|-enditem|p2a: Bucket.|Red Card|[of] p1a: Funbro\n|drag|p1a: Sandy Shocks|Sandy Shocks|100\/100\n|-enditem|p1a: Sandy Shocks|Booster Energy\n|-activate|p1a: Sandy Shocks|ability: Protosynthesis|[fromitem]\n|-start|p1a: Sandy Shocks|protosynthesisspe\n|\n|-damage|p2a: Bucket.|42\/100 brn|[from] brn\n|upkeep\n|turn|22\n|\n|t:|1701198757\n|move|p1a: Sandy Shocks|Discharge|p2a: Bucket.\n|-supereffective|p2a: Bucket.\n|-damage|p2a: Bucket.|0 fnt\n|faint|p2a: Bucket.\n|\n|upkeep\n|\n|t:|1701198759\n|switch|p2a: Scout's OF|Lopunny-Mega, M, shiny|100\/100\n|turn|23\n|\n|t:|1701198768\n|move|p2a: Scout's OF|Fake Out|p1a: Sandy Shocks\n|-damage|p1a: Sandy Shocks|75\/100\n|cant|p1a: Sandy Shocks|flinch\n|\n|upkeep\n|turn|24\n|\n|t:|1701198775\n|move|p1a: Sandy Shocks|Volt Switch|p2a: Scout's OF\n|-damage|p2a: Scout's OF|54\/100\n|\n|t:|1701198779\n|-end|p1a: Sandy Shocks|Protosynthesis|[silent]\n|switch|p1a: Funbro|Slowbro, F|100\/100 tox|[from] Volt Switch\n|move|p2a: Scout's OF|High Jump Kick|p1a: Funbro\n|-resisted|p1a: Funbro\n|-damage|p1a: Funbro|81\/100 tox\n|\n|-heal|p1a: Funbro|87\/100 tox|[from] item: Leftovers\n|-damage|p1a: Funbro|81\/100 tox|[from] psn\n|upkeep\n|turn|25\n|\n|t:|1701198786\n|switch|p2a: Garganacl|Garganacl, F, shiny|100\/100\n|move|p1a: Funbro|Scald|p2a: Garganacl\n|-supereffective|p2a: Garganacl\n|-damage|p2a: Garganacl|61\/100\n|\n|-heal|p2a: Garganacl|68\/100|[from] item: Leftovers\n|-heal|p1a: Funbro|87\/100 tox|[from] item: Leftovers\n|-damage|p1a: Funbro|75\/100 tox|[from] psn\n|upkeep\n|turn|26\n|\n|t:|1701198790\n|-terastallize|p2a: Garganacl|Ghost\n|move|p2a: Garganacl|Recover|p2a: Garganacl\n|-heal|p2a: Garganacl|100\/100\n|move|p1a: Funbro|Scald|p2a: Garganacl\n|-damage|p2a: Garganacl|82\/100\n|\n|-heal|p2a: Garganacl|89\/100|[from] item: Leftovers\n|-heal|p1a: Funbro|81\/100 tox|[from] item: Leftovers\n|-damage|p1a: Funbro|63\/100 tox|[from] psn\n|upkeep\n|turn|27\n|\n|t:|1701198800\n|switch|p1a: Sandy Shocks|Sandy Shocks|75\/100\n|move|p2a: Garganacl|Salt Cure|p1a: Sandy Shocks\n|-resisted|p1a: Sandy Shocks\n|-damage|p1a: Sandy Shocks|68\/100\n|-start|p1a: Sandy Shocks|Salt Cure\n|\n|-heal|p2a: Garganacl|95\/100|[from] item: Leftovers\n|-damage|p1a: Sandy Shocks|55\/100|[from] Salt Cure\n|upkeep\n|turn|28\n|\n|t:|1701198806\n|move|p1a: Sandy Shocks|Earth Power|p2a: Garganacl\n|-damage|p2a: Garganacl|69\/100\n|move|p2a: Garganacl|Iron Defense|p2a: Garganacl\n|-boost|p2a: Garganacl|def|2\n|\n|-heal|p2a: Garganacl|75\/100|[from] item: Leftovers\n|-damage|p1a: Sandy Shocks|43\/100|[from] Salt Cure\n|upkeep\n|turn|29\n|\n|t:|1701198812\n|move|p1a: Sandy Shocks|Earth Power|p2a: Garganacl\n|-damage|p2a: Garganacl|47\/100\n|move|p2a: Garganacl|Recover|p2a: Garganacl\n|-heal|p2a: Garganacl|97\/100\n|\n|-heal|p2a: Garganacl|100\/100|[from] item: Leftovers\n|-damage|p1a: Sandy Shocks|31\/100|[from] Salt Cure\n|upkeep\n|turn|30\n|\n|t:|1701198817\n|move|p1a: Sandy Shocks|Earth Power|p2a: Garganacl\n|-damage|p2a: Garganacl|72\/100\n|move|p2a: Garganacl|Iron Defense|p2a: Garganacl\n|-boost|p2a: Garganacl|def|2\n|\n|-heal|p2a: Garganacl|78\/100|[from] item: Leftovers\n|-damage|p1a: Sandy Shocks|19\/100|[from] Salt Cure\n|upkeep\n|turn|31\n|\n|t:|1701198823\n|move|p1a: Sandy Shocks|Earth Power|p2a: Garganacl\n|-damage|p2a: Garganacl|51\/100\n|move|p2a: Garganacl|Recover|p2a: Garganacl\n|-heal|p2a: Garganacl|100\/100\n|\n|-damage|p1a: Sandy Shocks|7\/100|[from] Salt Cure\n|upkeep\n|turn|32\n|\n|t:|1701198829\n|move|p1a: Sandy Shocks|Earth Power|p2a: Garganacl\n|-damage|p2a: Garganacl|72\/100\n|move|p2a: Garganacl|Salt Cure|p1a: Sandy Shocks\n|-resisted|p1a: Sandy Shocks\n|-damage|p1a: Sandy Shocks|0 fnt\n|faint|p1a: Sandy Shocks\n|-end|p1a: Sandy Shocks|Protosynthesis|[silent]\n|\n|-heal|p2a: Garganacl|78\/100|[from] item: Leftovers\n|upkeep\n|\n|t:|1701198834\n|switch|p1a: Garganacl|Garganacl, F|100\/100\n|turn|33\n|\n|t:|1701198837\n|move|p2a: Garganacl|Body Press|p1a: Garganacl\n|-supereffective|p1a: Garganacl\n|-damage|p1a: Garganacl|11\/100\n|move|p1a: Garganacl|Salt Cure|p2a: Garganacl\n|-damage|p2a: Garganacl|75\/100\n|-start|p2a: Garganacl|Salt Cure\n|\n|-heal|p1a: Garganacl|17\/100|[from] item: Leftovers\n|-heal|p2a: Garganacl|81\/100|[from] item: Leftovers\n|-damage|p2a: Garganacl|69\/100|[from] Salt Cure\n|upkeep\n|turn|34\n|\n|t:|1701198841\n|switch|p1a: Regenapex|Toxapex, F|100\/100\n|move|p2a: Garganacl|Salt Cure|p1a: Regenapex\n|-damage|p1a: Regenapex|92\/100\n|-start|p1a: Regenapex|Salt Cure\n|\n|-heal|p1a: Regenapex|98\/100|[from] item: Black Sludge\n|-heal|p2a: Garganacl|75\/100|[from] item: Leftovers\n|-damage|p1a: Regenapex|73\/100|[from] Salt Cure\n|-damage|p2a: Garganacl|62\/100|[from] Salt Cure\n|upkeep\n|turn|35\n|\n|t:|1701198847\n|move|p1a: Regenapex|Haze|p1a: Regenapex\n|-clearallboost\n|move|p2a: Garganacl|Recover|p2a: Garganacl\n|-heal|p2a: Garganacl|100\/100\n|\n|-heal|p1a: Regenapex|79\/100|[from] item: Black Sludge\n|-damage|p2a: Garganacl|88\/100|[from] Salt Cure\n|-damage|p1a: Regenapex|54\/100|[from] Salt Cure\n|upkeep\n|turn|36\n|\n|t:|1701198851\n|switch|p2a: Scout's OF|Lopunny-Mega, M, shiny|54\/100\n|move|p1a: Regenapex|Recover|p1a: Regenapex\n|-heal|p1a: Regenapex|100\/100\n|\n|-damage|p1a: Regenapex|75\/100|[from] Salt Cure\n|upkeep\n|turn|37\n|\n|t:|1701198856\n|switch|p1a: Funbro|Slowbro, F|96\/100 tox\n|move|p2a: Scout's OF|Fake Out|p1a: Funbro\n|-damage|p1a: Funbro|85\/100 tox\n|\n|-heal|p1a: Funbro|91\/100 tox|[from] item: Leftovers\n|-damage|p1a: Funbro|85\/100 tox|[from] psn\n|upkeep\n|turn|38\n|\n|t:|1701198860\n|move|p2a: Scout's OF|Return|p1a: Funbro\n|-damage|p1a: Funbro|54\/100 tox\n|move|p1a: Funbro|Calm Mind|p1a: Funbro\n|-boost|p1a: Funbro|spa|1\n|-boost|p1a: Funbro|spd|1\n|\n|-heal|p1a: Funbro|60\/100 tox|[from] item: Leftovers\n|-damage|p1a: Funbro|48\/100 tox|[from] psn\n|upkeep\n|turn|39\n|\n|t:|1701198866\n|switch|p2a: Deer God!|Xerneas, shiny|88\/100\n|-ability|p2a: Deer God!|Fairy Aura\n|move|p1a: Funbro|Scald|p2a: Deer God!\n|-damage|p2a: Deer God!|55\/100\n|\n|-heal|p1a: Funbro|54\/100 tox|[from] item: Leftovers\n|-damage|p1a: Funbro|36\/100 tox|[from] psn\n|upkeep\n|turn|40\n|\n|t:|1701198871\n|switch|p1a: Garganacl|Garganacl, F|17\/100\n|move|p2a: Deer God!|Rest|p2a: Deer God!\n|-status|p2a: Deer God!|slp|[from] move: Rest\n|-heal|p2a: Deer God!|100\/100 slp|[silent]\n|\n|-heal|p1a: Garganacl|23\/100|[from] item: Leftovers\n|upkeep\n|turn|41\n|\n|t:|1701198874\n|cant|p2a: Deer God!|slp\n|move|p2a: Deer God!|Snore|p1a: Garganacl\n|-resisted|p1a: Garganacl\n|-damage|p1a: Garganacl|17\/100\n|move|p1a: Garganacl|Recover|p1a: Garganacl\n|-heal|p1a: Garganacl|67\/100\n|\n|-heal|p1a: Garganacl|73\/100|[from] item: Leftovers\n|upkeep\n|turn|42\n|\n|t:|1701198879\n|cant|p2a: Deer God!|slp\n|move|p2a: Deer God!|Snore|p1a: Garganacl\n|-resisted|p1a: Garganacl\n|-damage|p1a: Garganacl|67\/100\n|move|p1a: Garganacl|Recover|p1a: Garganacl\n|-heal|p1a: Garganacl|100\/100\n|\n|upkeep\n|turn|43\n|\n|t:|1701198882\n|-curestatus|p2a: Deer God!|slp|[msg]\n|move|p2a: Deer God!|Moonblast|p1a: Garganacl\n|-damage|p1a: Garganacl|53\/100\n|-unboost|p1a: Garganacl|spa|1\n|move|p1a: Garganacl|Curse|p1a: Garganacl\n|-unboost|p1a: Garganacl|spe|1\n|-boost|p1a: Garganacl|atk|1\n|-boost|p1a: Garganacl|def|1\n|\n|-heal|p1a: Garganacl|59\/100|[from] item: Leftovers\n|upkeep\n|turn|44\n|\n|t:|1701198898\n|-terastallize|p1a: Garganacl|Fairy\n|move|p2a: Deer God!|Moonblast|p1a: Garganacl\n|-damage|p1a: Garganacl|14\/100\n|move|p1a: Garganacl|Recover|p1a: Garganacl\n|-heal|p1a: Garganacl|64\/100\n|\n|-heal|p1a: Garganacl|70\/100|[from] item: Leftovers\n|upkeep\n|turn|45\n|\n|t:|1701198909\n|move|p2a: Deer God!|Geomancy||[still]\n|-prepare|p2a: Deer God!|Geomancy\n|move|p1a: Garganacl|Recover|p1a: Garganacl\n|-heal|p1a: Garganacl|100\/100\n|\n|upkeep\n|turn|46\n|\n|t:|1701198912\n|move|p2a: Deer God!|Geomancy|p2a: Deer God!|[from]lockedmove\n|-boost|p2a: Deer God!|spa|2\n|-boost|p2a: Deer God!|spd|2\n|-boost|p2a: Deer God!|spe|2\n|move|p1a: Garganacl|Salt Cure|p2a: Deer God!\n|-damage|p2a: Deer God!|85\/100\n|-start|p2a: Deer God!|Salt Cure\n|\n|-damage|p2a: Deer God!|73\/100|[from] Salt Cure\n|upkeep\n|turn|47\n|c|\u2606ImAGirlNow \u2718|your team makes very little sense\n|\n|t:|1701198937\n|move|p2a: Deer God!|Moonblast|p1a: Garganacl\n|-damage|p1a: Garganacl|14\/100\n|-unboost|p1a: Garganacl|spa|1\n|move|p1a: Garganacl|Salt Cure|p2a: Deer God!\n|-damage|p2a: Deer God!|56\/100\n|\n|-heal|p1a: Garganacl|20\/100|[from] item: Leftovers\n|-damage|p2a: Deer God!|43\/100|[from] Salt Cure\n|upkeep\n|turn|48\n|\n|t:|1701198948\n|switch|p1a: Regenapex|Toxapex, F|100\/100\n|move|p2a: Deer God!|Rest|p2a: Deer God!\n|-status|p2a: Deer God!|slp|[from] move: Rest\n|-heal|p2a: Deer God!|100\/100 slp|[silent]\n|\n|-damage|p2a: Deer God!|88\/100 slp|[from] Salt Cure\n|upkeep\n|turn|49\n|\n|t:|1701198952\n|cant|p2a: Deer God!|slp\n|move|p2a: Deer God!|Snore|p1a: Regenapex\n|-damage|p1a: Regenapex|69\/100\n|move|p1a: Regenapex|Haze|p1a: Regenapex\n|-clearallboost\n|\n|-heal|p1a: Regenapex|75\/100|[from] item: Black Sludge\n|-damage|p2a: Deer God!|76\/100 slp|[from] Salt Cure\n|upkeep\n|turn|50\n|\n|t:|1701198957\n|cant|p2a: Deer God!|slp\n|move|p2a: Deer God!|Snore|p1a: Regenapex\n|-damage|p1a: Regenapex|59\/100\n|cant|p1a: Regenapex|flinch\n|\n|-heal|p1a: Regenapex|66\/100|[from] item: Black Sludge\n|-damage|p2a: Deer God!|64\/100 slp|[from] Salt Cure\n|upkeep\n|turn|51\n|\n|t:|1701198963\n|switch|p2a: Garganacl|Garganacl, F, shiny, tera:Ghost|88\/100\n|move|p1a: Regenapex|Toxic|p2a: Garganacl\n|-immune|p2a: Garganacl|[from] ability: Purifying Salt\n|\n|-heal|p1a: Regenapex|72\/100|[from] item: Black Sludge\n|-heal|p2a: Garganacl|94\/100|[from] item: Leftovers\n|upkeep\n|turn|52\n|\n|t:|1701198973\n|switch|p1a: Funbro|Slowbro, F|69\/100 tox\n|move|p2a: Garganacl|Salt Cure|p1a: Funbro\n|-damage|p1a: Funbro|61\/100 tox\n|-start|p1a: Funbro|Salt Cure\n|\n|-heal|p2a: Garganacl|100\/100|[from] item: Leftovers\n|-heal|p1a: Funbro|68\/100 tox|[from] item: Leftovers\n|-damage|p1a: Funbro|61\/100 tox|[from] psn\n|-damage|p1a: Funbro|37\/100 tox|[from] Salt Cure\n|upkeep\n|turn|53\n|\n|t:|1701198979\n|switch|p1a: Garganacl|Garganacl, F, tera:Fairy|20\/100\n|move|p2a: Garganacl|Iron Defense|p2a: Garganacl\n|-boost|p2a: Garganacl|def|2\n|\n|-heal|p1a: Garganacl|26\/100|[from] item: Leftovers\n|upkeep\n|turn|54\n|\n|t:|1701198981\n|move|p2a: Garganacl|Body Press|p1a: Garganacl\n|-resisted|p1a: Garganacl\n|-damage|p1a: Garganacl|10\/100\n|move|p1a: Garganacl|Recover|p1a: Garganacl\n|-heal|p1a: Garganacl|60\/100\n|\n|-heal|p1a: Garganacl|66\/100|[from] item: Leftovers\n|upkeep\n|turn|55\n|\n|t:|1701198985\n|move|p2a: Garganacl|Salt Cure|p1a: Garganacl\n|-damage|p1a: Garganacl|56\/100\n|-start|p1a: Garganacl|Salt Cure\n|move|p1a: Garganacl|Salt Cure|p2a: Garganacl\n|-damage|p2a: Garganacl|95\/100\n|-start|p2a: Garganacl|Salt Cure\n|\n|-heal|p1a: Garganacl|62\/100|[from] item: Leftovers\n|-heal|p2a: Garganacl|100\/100|[from] item: Leftovers\n|-damage|p1a: Garganacl|50\/100|[from] Salt Cure\n|-damage|p2a: Garganacl|88\/100|[from] Salt Cure\n|upkeep\n|turn|56\n|\n|t:|1701198988\n|move|p1a: Garganacl|Recover|p1a: Garganacl\n|-heal|p1a: Garganacl|99\/100\n|move|p2a: Garganacl|Iron Defense|p2a: Garganacl\n|-boost|p2a: Garganacl|def|2\n|\n|-heal|p2a: Garganacl|94\/100|[from] item: Leftovers\n|-heal|p1a: Garganacl|100\/100|[from] item: Leftovers\n|-damage|p1a: Garganacl|88\/100|[from] Salt Cure\n|-damage|p2a: Garganacl|82\/100|[from] Salt Cure\n|upkeep\n|turn|57\n|\n|t:|1701198991\n|move|p1a: Garganacl|Curse|p1a: Garganacl\n|-unboost|p1a: Garganacl|spe|1\n|-boost|p1a: Garganacl|atk|1\n|-boost|p1a: Garganacl|def|1\n|move|p2a: Garganacl|Iron Defense|p2a: Garganacl\n|-boost|p2a: Garganacl|def|2\n|\n|-heal|p2a: Garganacl|88\/100|[from] item: Leftovers\n|-heal|p1a: Garganacl|94\/100|[from] item: Leftovers\n|-damage|p2a: Garganacl|76\/100|[from] Salt Cure\n|-damage|p1a: Garganacl|82\/100|[from] Salt Cure\n|upkeep\n|turn|58\n|\n|t:|1701198994\n|move|p2a: Garganacl|Recover|p2a: Garganacl\n|-heal|p2a: Garganacl|100\/100\n|move|p1a: Garganacl|Curse|p1a: Garganacl\n|-unboost|p1a: Garganacl|spe|1\n|-boost|p1a: Garganacl|atk|1\n|-boost|p1a: Garganacl|def|1\n|\n|-heal|p1a: Garganacl|88\/100|[from] item: Leftovers\n|-damage|p2a: Garganacl|88\/100|[from] Salt Cure\n|-damage|p1a: Garganacl|76\/100|[from] Salt Cure\n|upkeep\n|turn|59\n|\n|t:|1701198996\n|move|p2a: Garganacl|Body Press|p1a: Garganacl\n|-resisted|p1a: Garganacl\n|-damage|p1a: Garganacl|60\/100\n|move|p1a: Garganacl|Curse|p1a: Garganacl\n|-unboost|p1a: Garganacl|spe|1\n|-boost|p1a: Garganacl|atk|1\n|-boost|p1a: Garganacl|def|1\n|\n|-heal|p2a: Garganacl|94\/100|[from] item: Leftovers\n|-heal|p1a: Garganacl|66\/100|[from] item: Leftovers\n|-damage|p2a: Garganacl|82\/100|[from] Salt Cure\n|-damage|p1a: Garganacl|53\/100|[from] Salt Cure\n|upkeep\n|turn|60\n|\n|t:|1701199002\n|move|p2a: Garganacl|Body Press|p1a: Garganacl\n|-resisted|p1a: Garganacl\n|-damage|p1a: Garganacl|42\/100\n|move|p1a: Garganacl|Recover|p1a: Garganacl\n|-heal|p1a: Garganacl|92\/100\n|\n|-heal|p2a: Garganacl|88\/100|[from] item: Leftovers\n|-heal|p1a: Garganacl|98\/100|[from] item: Leftovers\n|-damage|p2a: Garganacl|76\/100|[from] Salt Cure\n|-damage|p1a: Garganacl|86\/100|[from] Salt Cure\n|upkeep\n|turn|61\n|\n|t:|1701199006\n|move|p2a: Garganacl|Body Press|p1a: Garganacl\n|-resisted|p1a: Garganacl\n|-damage|p1a: Garganacl|73\/100\n|move|p1a: Garganacl|Curse|p1a: Garganacl\n|-unboost|p1a: Garganacl|spe|1\n|-boost|p1a: Garganacl|atk|1\n|-boost|p1a: Garganacl|def|1\n|\n|-heal|p2a: Garganacl|82\/100|[from] item: Leftovers\n|-heal|p1a: Garganacl|79\/100|[from] item: Leftovers\n|-damage|p2a: Garganacl|70\/100|[from] Salt Cure\n|-damage|p1a: Garganacl|67\/100|[from] Salt Cure\n|upkeep\n|turn|62\n|\n|t:|1701199009\n|move|p2a: Garganacl|Body Press|p1a: Garganacl\n|-resisted|p1a: Garganacl\n|-damage|p1a: Garganacl|56\/100\n|move|p1a: Garganacl|Salt Cure|p2a: Garganacl\n|-damage|p2a: Garganacl|62\/100\n|\n|-heal|p2a: Garganacl|68\/100|[from] item: Leftovers\n|-heal|p1a: Garganacl|63\/100|[from] item: Leftovers\n|-damage|p2a: Garganacl|56\/100|[from] Salt Cure\n|-damage|p1a: Garganacl|50\/100|[from] Salt Cure\n|upkeep\n|turn|63\n|\n|t:|1701199017\n|move|p2a: Garganacl|Recover|p2a: Garganacl\n|-heal|p2a: Garganacl|100\/100\n|move|p1a: Garganacl|Stealth Rock|p2a: Garganacl\n|-sidestart|p2: ImAGirlNow \u2718|move: Stealth Rock\n|\n|-heal|p1a: Garganacl|56\/100|[from] item: Leftovers\n|-damage|p2a: Garganacl|88\/100|[from] Salt Cure\n|-damage|p1a: Garganacl|44\/100|[from] Salt Cure\n|upkeep\n|turn|64\n|\n|t:|1701199024\n|move|p2a: Garganacl|Body Press|p1a: Garganacl\n|-resisted|p1a: Garganacl\n|-damage|p1a: Garganacl|34\/100\n|move|p1a: Garganacl|Curse|p1a: Garganacl\n|-unboost|p1a: Garganacl|spe|1\n|-boost|p1a: Garganacl|atk|1\n|-boost|p1a: Garganacl|def|1\n|\n|-heal|p2a: Garganacl|94\/100|[from] item: Leftovers\n|-heal|p1a: Garganacl|41\/100|[from] item: Leftovers\n|-damage|p2a: Garganacl|82\/100|[from] Salt Cure\n|-damage|p1a: Garganacl|28\/100|[from] Salt Cure\n|upkeep\n|turn|65\n|\n|t:|1701199028\n|move|p2a: Garganacl|Body Press|p1a: Garganacl\n|-resisted|p1a: Garganacl\n|-damage|p1a: Garganacl|19\/100\n|move|p1a: Garganacl|Recover|p1a: Garganacl\n|-heal|p1a: Garganacl|69\/100\n|\n|-heal|p2a: Garganacl|88\/100|[from] item: Leftovers\n|-heal|p1a: Garganacl|75\/100|[from] item: Leftovers\n|-damage|p2a: Garganacl|76\/100|[from] Salt Cure\n|-damage|p1a: Garganacl|62\/100|[from] Salt Cure\n|upkeep\n|turn|66\n|\n|t:|1701199033\n|move|p2a: Garganacl|Body Press|p1a: Garganacl\n|-resisted|p1a: Garganacl\n|-damage|p1a: Garganacl|53\/100\n|move|p1a: Garganacl|Salt Cure|p2a: Garganacl\n|-damage|p2a: Garganacl|67\/100\n|\n|-heal|p2a: Garganacl|73\/100|[from] item: Leftovers\n|-heal|p1a: Garganacl|60\/100|[from] item: Leftovers\n|-damage|p2a: Garganacl|61\/100|[from] Salt Cure\n|-damage|p1a: Garganacl|47\/100|[from] Salt Cure\n|upkeep\n|turn|67\n|\n|t:|1701199036\n|move|p2a: Garganacl|Salt Cure|p1a: Garganacl\n|-damage|p1a: Garganacl|44\/100\n|move|p1a: Garganacl|Salt Cure|p2a: Garganacl\n|-damage|p2a: Garganacl|51\/100\n|\n|-heal|p2a: Garganacl|58\/100|[from] item: Leftovers\n|-heal|p1a: Garganacl|50\/100|[from] item: Leftovers\n|-damage|p2a: Garganacl|45\/100|[from] Salt Cure\n|-damage|p1a: Garganacl|38\/100|[from] Salt Cure\n|upkeep\n|turn|68\n|\n|t:|1701199043\n|move|p2a: Garganacl|Salt Cure|p1a: Garganacl\n|-damage|p1a: Garganacl|35\/100\n|move|p1a: Garganacl|Salt Cure|p2a: Garganacl\n|-damage|p2a: Garganacl|37\/100\n|\n|-heal|p2a: Garganacl|43\/100|[from] item: Leftovers\n|-heal|p1a: Garganacl|41\/100|[from] item: Leftovers\n|-damage|p2a: Garganacl|31\/100|[from] Salt Cure\n|-damage|p1a: Garganacl|29\/100|[from] Salt Cure\n|upkeep\n|turn|69\n|\n|t:|1701199045\n|move|p2a: Garganacl|Recover|p2a: Garganacl\n|-heal|p2a: Garganacl|81\/100\n|move|p1a: Garganacl|Salt Cure|p2a: Garganacl\n|-damage|p2a: Garganacl|73\/100\n|\n|-heal|p2a: Garganacl|79\/100|[from] item: Leftovers\n|-heal|p1a: Garganacl|35\/100|[from] item: Leftovers\n|-damage|p2a: Garganacl|67\/100|[from] Salt Cure\n|-damage|p1a: Garganacl|23\/100|[from] Salt Cure\n|upkeep\n|turn|70\n|\n|t:|1701199047\n|move|p2a: Garganacl|Salt Cure|p1a: Garganacl\n|-damage|p1a: Garganacl|20\/100\n|move|p1a: Garganacl|Salt Cure|p2a: Garganacl\n|-damage|p2a: Garganacl|59\/100\n|\n|-heal|p2a: Garganacl|65\/100|[from] item: Leftovers\n|-heal|p1a: Garganacl|26\/100|[from] item: Leftovers\n|-damage|p2a: Garganacl|53\/100|[from] Salt Cure\n|-damage|p1a: Garganacl|13\/100|[from] Salt Cure\n|upkeep\n|turn|71\n|\n|t:|1701199050\n|move|p2a: Garganacl|Salt Cure|p1a: Garganacl\n|-damage|p1a: Garganacl|11\/100\n|move|p1a: Garganacl|Salt Cure|p2a: Garganacl\n|-damage|p2a: Garganacl|45\/100\n|\n|-heal|p2a: Garganacl|51\/100|[from] item: Leftovers\n|-heal|p1a: Garganacl|17\/100|[from] item: Leftovers\n|-damage|p2a: Garganacl|38\/100|[from] Salt Cure\n|-damage|p1a: Garganacl|5\/100|[from] Salt Cure\n|upkeep\n|turn|72\n|\n|t:|1701199054\n|move|p2a: Garganacl|Recover|p2a: Garganacl\n|-heal|p2a: Garganacl|88\/100\n|move|p1a: Garganacl|Salt Cure|p2a: Garganacl\n|-damage|p2a: Garganacl|80\/100\n|\n|-heal|p2a: Garganacl|86\/100|[from] item: Leftovers\n|-heal|p1a: Garganacl|11\/100|[from] item: Leftovers\n|-damage|p2a: Garganacl|74\/100|[from] Salt Cure\n|-damage|p1a: Garganacl|0 fnt|[from] Salt Cure\n|faint|p1a: Garganacl\n|upkeep\n|\n|t:|1701199059\n|switch|p1a: Regenapex|Toxapex, F|100\/100\n|turn|73\n|\n|t:|1701199062\n|move|p2a: Garganacl|Salt Cure|p1a: Regenapex\n|-damage|p1a: Regenapex|91\/100\n|-start|p1a: Regenapex|Salt Cure\n|move|p1a: Regenapex|Haze|p1a: Regenapex\n|-clearallboost\n|\n|-heal|p2a: Garganacl|80\/100|[from] item: Leftovers\n|-heal|p1a: Regenapex|98\/100|[from] item: Black Sludge\n|-damage|p1a: Regenapex|73\/100|[from] Salt Cure\n|-damage|p2a: Garganacl|68\/100|[from] Salt Cure\n|upkeep\n|turn|74\n|\n|t:|1701199067\n|switch|p1a: Funbro|Slowbro, F|70\/100 tox\n|move|p2a: Garganacl|Body Press|p1a: Funbro\n|-resisted|p1a: Funbro\n|-damage|p1a: Funbro|63\/100 tox\n|\n|-heal|p2a: Garganacl|74\/100|[from] item: Leftovers\n|-heal|p1a: Funbro|69\/100 tox|[from] item: Leftovers\n|-damage|p1a: Funbro|63\/100 tox|[from] psn\n|-damage|p2a: Garganacl|61\/100|[from] Salt Cure\n|upkeep\n|turn|75\n|\n|t:|1701199074\n|move|p2a: Garganacl|Salt Cure|p1a: Funbro\n|-damage|p1a: Funbro|54\/100 tox\n|-start|p1a: Funbro|Salt Cure\n|move|p1a: Funbro|Psyshock|p2a: Garganacl\n|-damage|p2a: Garganacl|42\/100\n|\n|-heal|p2a: Garganacl|48\/100|[from] item: Leftovers\n|-heal|p1a: Funbro|60\/100 tox|[from] item: Leftovers\n|-damage|p1a: Funbro|48\/100 tox|[from] psn\n|-damage|p2a: Garganacl|36\/100|[from] Salt Cure\n|-damage|p1a: Funbro|23\/100 tox|[from] Salt Cure\n|upkeep\n|turn|76\n|\n|t:|1701199078\n|switch|p2a: Scout's OF|Lopunny-Mega, M, shiny|54\/100\n|-damage|p2a: Scout's OF|48\/100|[from] Stealth Rock\n|switch|p1a: Regenapex|Toxapex, F|100\/100\n|\n|upkeep\n|turn|77\n|\n|t:|1701199083\n|move|p2a: Scout's OF|Return|p1a: Regenapex\n|-damage|p1a: Regenapex|65\/100\n|move|p1a: Regenapex|Scald|p2a: Scout's OF\n|-damage|p2a: Scout's OF|26\/100\n|-status|p2a: Scout's OF|brn\n|\n|-heal|p1a: Regenapex|71\/100|[from] item: Black Sludge\n|-damage|p2a: Scout's OF|20\/100 brn|[from] brn\n|upkeep\n|turn|78\n|\n|t:|1701199088\n|switch|p1a: Funbro|Slowbro, F|56\/100 tox\n|move|p2a: Scout's OF|Return|p1a: Funbro\n|-damage|p1a: Funbro|40\/100 tox\n|\n|-heal|p1a: Funbro|46\/100 tox|[from] item: Leftovers\n|-damage|p1a: Funbro|40\/100 tox|[from] psn\n|-damage|p2a: Scout's OF|15\/100 brn|[from] brn\n|upkeep\n|turn|79\n|\n|t:|1701199094\n|switch|p1a: Regenapex|Toxapex, F|100\/100\n|move|p2a: Scout's OF|Return|p1a: Regenapex\n|-damage|p1a: Regenapex|83\/100\n|\n|-heal|p1a: Regenapex|89\/100|[from] item: Black Sludge\n|-damage|p2a: Scout's OF|9\/100 brn|[from] brn\n|upkeep\n|turn|80\n|\n|t:|1701199100\n|switch|p1a: Funbro|Slowbro, F|73\/100 tox\n|move|p2a: Scout's OF|Return|p1a: Funbro\n|-damage|p1a: Funbro|56\/100 tox\n|\n|-heal|p1a: Funbro|62\/100 tox|[from] item: Leftovers\n|-damage|p1a: Funbro|56\/100 tox|[from] psn\n|-damage|p2a: Scout's OF|3\/100 brn|[from] brn\n|upkeep\n|turn|81\n|c|\u2606ImAGirlNow \u2718|are you just gonna regenerator spam\n|c|\u2606ImAGirlNow \u2718|wacky\n|\n|t:|1701199108\n|move|p2a: Scout's OF|Return|p1a: Funbro\n|-damage|p1a: Funbro|41\/100 tox\n|move|p1a: Funbro|Slack Off|p1a: Funbro\n|-heal|p1a: Funbro|91\/100 tox\n|\n|-heal|p1a: Funbro|97\/100 tox|[from] item: Leftovers\n|-damage|p1a: Funbro|85\/100 tox|[from] psn\n|-damage|p2a: Scout's OF|0 fnt|[from] brn\n|faint|p2a: Scout's OF\n|upkeep\n|\n|t:|1701199111\n|switch|p2a: Deer God!|Xerneas, shiny|64\/100 slp\n|-damage|p2a: Deer God!|51\/100 slp|[from] Stealth Rock\n|-ability|p2a: Deer God!|Fairy Aura\n|turn|82\n|\n|t:|1701199114\n|-curestatus|p2a: Deer God!|slp|[msg]\n|move|p2a: Deer God!|Snore||[still]\n|-fail|p2a: Deer God!\n|move|p1a: Funbro|Calm Mind|p1a: Funbro\n|-boost|p1a: Funbro|spa|1\n|-boost|p1a: Funbro|spd|1\n|\n|-heal|p1a: Funbro|91\/100 tox|[from] item: Leftovers\n|-damage|p1a: Funbro|73\/100 tox|[from] psn\n|upkeep\n|turn|83\n|c|\u2606ImAGirlNow \u2718|mb\n|c|\u2606ImAGirlNow \u2718|misclicked\n|\n|t:|1701199119\n|move|p2a: Deer God!|Geomancy||[still]\n|-prepare|p2a: Deer God!|Geomancy\n|move|p1a: Funbro|Psyshock|p2a: Deer God!\n|-damage|p2a: Deer God!|19\/100\n|\n|-heal|p1a: Funbro|79\/100 tox|[from] item: Leftovers\n|-damage|p1a: Funbro|54\/100 tox|[from] psn\n|upkeep\n|turn|84\n|\n|t:|1701199124\n|move|p2a: Deer God!|Geomancy|p2a: Deer God!|[from]lockedmove\n|-boost|p2a: Deer God!|spa|2\n|-boost|p2a: Deer God!|spd|2\n|-boost|p2a: Deer God!|spe|2\n|move|p1a: Funbro|Psyshock|p2a: Deer God!\n|-damage|p2a: Deer God!|0 fnt\n|faint|p2a: Deer God!\n|\n|-heal|p1a: Funbro|60\/100 tox|[from] item: Leftovers\n|-damage|p1a: Funbro|30\/100 tox|[from] psn\n|upkeep\n|\n|t:|1701199127\n|switch|p2a: Garganacl|Garganacl, F, shiny, tera:Ghost|36\/100\n|-damage|p2a: Garganacl|24\/100|[from] Stealth Rock\n|turn|85\n|\n|t:|1701199132\n|switch|p1a: Regenapex|Toxapex, F|100\/100\n|move|p2a: Garganacl|Salt Cure|p1a: Regenapex\n|-damage|p1a: Regenapex|92\/100\n|-start|p1a: Regenapex|Salt Cure\n|\n|-heal|p2a: Garganacl|30\/100|[from] item: Leftovers\n|-heal|p1a: Regenapex|98\/100|[from] item: Black Sludge\n|-damage|p1a: Regenapex|73\/100|[from] Salt Cure\n|upkeep\n|turn|86\n|\n|t:|1701199138\n|switch|p1a: Funbro|Slowbro, F|63\/100 tox\n|move|p2a: Garganacl|Salt Cure|p1a: Funbro\n|-damage|p1a: Funbro|55\/100 tox\n|-start|p1a: Funbro|Salt Cure\n|\n|-heal|p2a: Garganacl|36\/100|[from] item: Leftovers\n|-heal|p1a: Funbro|61\/100 tox|[from] item: Leftovers\n|-damage|p1a: Funbro|55\/100 tox|[from] psn\n|-damage|p1a: Funbro|30\/100 tox|[from] Salt Cure\n|upkeep\n|turn|87\n|\n|t:|1701199142\n|switch|p1a: Regenapex|Toxapex, F|100\/100\n|move|p2a: Garganacl|Salt Cure|p1a: Regenapex\n|-damage|p1a: Regenapex|93\/100\n|-start|p1a: Regenapex|Salt Cure\n|\n|-heal|p2a: Garganacl|42\/100|[from] item: Leftovers\n|-heal|p1a: Regenapex|99\/100|[from] item: Black Sludge\n|-damage|p1a: Regenapex|74\/100|[from] Salt Cure\n|upkeep\n|turn|88\n|\n|t:|1701199147\n|move|p1a: Regenapex|Scald|p2a: Garganacl\n|-damage|p2a: Garganacl|31\/100\n|move|p2a: Garganacl|Salt Cure|p1a: Regenapex\n|-damage|p1a: Regenapex|66\/100\n|\n|-heal|p2a: Garganacl|37\/100|[from] item: Leftovers\n|-heal|p1a: Regenapex|72\/100|[from] item: Black Sludge\n|-damage|p1a: Regenapex|47\/100|[from] Salt Cure\n|upkeep\n|turn|89\n|\n|t:|1701199151\n|switch|p1a: Funbro|Slowbro, F|63\/100 tox\n|move|p2a: Garganacl|Salt Cure|p1a: Funbro\n|-damage|p1a: Funbro|55\/100 tox\n|-start|p1a: Funbro|Salt Cure\n|\n|-heal|p2a: Garganacl|43\/100|[from] item: Leftovers\n|-heal|p1a: Funbro|61\/100 tox|[from] item: Leftovers\n|-damage|p1a: Funbro|55\/100 tox|[from] psn\n|-damage|p1a: Funbro|30\/100 tox|[from] Salt Cure\n|upkeep\n|turn|90\n|\n|t:|1701199161\n|switch|p1a: Regenapex|Toxapex, F|80\/100\n|move|p2a: Garganacl|Salt Cure|p1a: Regenapex\n|-damage|p1a: Regenapex|73\/100\n|-start|p1a: Regenapex|Salt Cure\n|\n|-heal|p2a: Garganacl|49\/100|[from] item: Leftovers\n|-heal|p1a: Regenapex|79\/100|[from] item: Black Sludge\n|-damage|p1a: Regenapex|54\/100|[from] Salt Cure\n|upkeep\n|turn|91\n|\n|t:|1701199170\n|switch|p1a: Funbro|Slowbro, F|63\/100 tox\n|move|p2a: Garganacl|Salt Cure|p1a: Funbro\n|-damage|p1a: Funbro|56\/100 tox\n|-start|p1a: Funbro|Salt Cure\n|\n|-heal|p2a: Garganacl|55\/100|[from] item: Leftovers\n|-heal|p1a: Funbro|62\/100 tox|[from] item: Leftovers\n|-damage|p1a: Funbro|56\/100 tox|[from] psn\n|-damage|p1a: Funbro|31\/100 tox|[from] Salt Cure\n|upkeep\n|turn|92\n|\n|t:|1701199181\n|switch|p1a: Regenapex|Toxapex, F|87\/100\n|move|p2a: Garganacl|Salt Cure|p1a: Regenapex\n|-damage|p1a: Regenapex|79\/100\n|-start|p1a: Regenapex|Salt Cure\n|\n|-heal|p2a: Garganacl|62\/100|[from] item: Leftovers\n|-heal|p1a: Regenapex|85\/100|[from] item: Black Sludge\n|-damage|p1a: Regenapex|60\/100|[from] Salt Cure\n|upkeep\n|turn|93\n|\n|t:|1701199192\n|move|p2a: Garganacl|Salt Cure|p1a: Regenapex\n|-damage|p1a: Regenapex|52\/100\n|move|p1a: Regenapex|Recover|p1a: Regenapex\n|-heal|p1a: Regenapex|100\/100\n|\n|-heal|p2a: Garganacl|68\/100|[from] item: Leftovers\n|-damage|p1a: Regenapex|75\/100|[from] Salt Cure\n|upkeep\n|turn|94\n|\n|t:|1701199201\n|switch|p1a: Funbro|Slowbro, F|64\/100 tox\n|move|p2a: Garganacl|Iron Defense|p2a: Garganacl\n|-boost|p2a: Garganacl|def|2\n|\n|-heal|p2a: Garganacl|74\/100|[from] item: Leftovers\n|-heal|p1a: Funbro|70\/100 tox|[from] item: Leftovers\n|-damage|p1a: Funbro|64\/100 tox|[from] psn\n|upkeep\n|turn|95\n|\n|t:|1701199213\n|move|p2a: Garganacl|Salt Cure|p1a: Funbro\n|-damage|p1a: Funbro|55\/100 tox\n|-start|p1a: Funbro|Salt Cure\n|move|p1a: Funbro|Scald|p2a: Garganacl\n|-damage|p2a: Garganacl|56\/100\n|\n|-heal|p2a: Garganacl|62\/100|[from] item: Leftovers\n|-heal|p1a: Funbro|61\/100 tox|[from] item: Leftovers\n|-damage|p1a: Funbro|49\/100 tox|[from] psn\n|-damage|p1a: Funbro|24\/100 tox|[from] Salt Cure\n|upkeep\n|turn|96\n|c|\u2606ImAGirlNow \u2718|so is this why your team was so cancerous\n|inactive|ImAGirlNow \u2718 has 120 seconds left.\n|c|\u2606ImAGirlNow \u2718|so you can stall out pp with regenerator spam\n|\n|t:|1701199235\n|switch|p1a: Regenapex|Toxapex, F|100\/100\n|move|p2a: Garganacl|Salt Cure|p1a: Regenapex\n|-damage|p1a: Regenapex|92\/100\n|-start|p1a: Regenapex|Salt Cure\n|\n|-heal|p2a: Garganacl|68\/100|[from] item: Leftovers\n|-heal|p1a: Regenapex|99\/100|[from] item: Black Sludge\n|-damage|p1a: Regenapex|74\/100|[from] Salt Cure\n|upkeep\n|turn|97\n|inactive|ImAGirlNow \u2718 has 120 seconds left.\n|c|\u260699% lose rate|Yep\n|c|\u2606ImAGirlNow \u2718|mf i know youre not locked\n|c|\u2606ImAGirlNow \u2718|jeez\n|\n|t:|1701199248\n|switch|p1a: Funbro|Slowbro, F|58\/100 tox\n|move|p2a: Garganacl|Salt Cure|p1a: Funbro\n|-damage|p1a: Funbro|49\/100 tox\n|-start|p1a: Funbro|Salt Cure\n|\n|-heal|p2a: Garganacl|75\/100|[from] item: Leftovers\n|-heal|p1a: Funbro|55\/100 tox|[from] item: Leftovers\n|-damage|p1a: Funbro|49\/100 tox|[from] psn\n|-damage|p1a: Funbro|24\/100 tox|[from] Salt Cure\n|upkeep\n|turn|98\n|c|\u2606ImAGirlNow \u2718|why havent you talked till now\n|c|\u260699% lose rate|Cant do anything else really\n|\n|t:|1701199260\n|switch|p1a: Regenapex|Toxapex, F|100\/100\n|move|p2a: Garganacl|Salt Cure|p1a: Regenapex\n|-damage|p1a: Regenapex|92\/100\n|-start|p1a: Regenapex|Salt Cure\n|\n|-heal|p2a: Garganacl|81\/100|[from] item: Leftovers\n|-heal|p1a: Regenapex|99\/100|[from] item: Black Sludge\n|-damage|p1a: Regenapex|74\/100|[from] Salt Cure\n|upkeep\n|turn|99\n|c|\u260699% lose rate|Im on mobile\n|c|\u2606ImAGirlNow \u2718|ew\n|\n|t:|1701199270\n|switch|p1a: Funbro|Slowbro, F|58\/100 tox\n|move|p2a: Garganacl|Iron Defense|p2a: Garganacl\n|-boost|p2a: Garganacl|def|2\n|\n|-heal|p2a: Garganacl|87\/100|[from] item: Leftovers\n|-heal|p1a: Funbro|64\/100 tox|[from] item: Leftovers\n|-damage|p1a: Funbro|58\/100 tox|[from] psn\n|upkeep\n|turn|100\n|\n|t:|1701199273\n|move|p2a: Garganacl|Iron Defense|p2a: Garganacl\n|-boost|p2a: Garganacl|def|2\n|move|p1a: Funbro|Slack Off|p1a: Funbro\n|-heal|p1a: Funbro|100\/100 tox\n|\n|-heal|p2a: Garganacl|93\/100|[from] item: Leftovers\n|-damage|p1a: Funbro|88\/100 tox|[from] psn\n|upkeep\n|turn|101\n|\n|t:|1701199277\n|move|p2a: Garganacl|Iron Defense|p2a: Garganacl\n|-boost|p2a: Garganacl|def|0\n|move|p1a: Funbro|Scald|p2a: Garganacl\n|-damage|p2a: Garganacl|76\/100\n|\n|-heal|p2a: Garganacl|83\/100|[from] item: Leftovers\n|-heal|p1a: Funbro|94\/100 tox|[from] item: Leftovers\n|-damage|p1a: Funbro|76\/100 tox|[from] psn\n|upkeep\n|turn|102\n|\n|t:|1701199281\n|move|p2a: Garganacl|Body Press|p1a: Funbro\n|-resisted|p1a: Funbro\n|-damage|p1a: Funbro|49\/100 tox\n|move|p1a: Funbro|Scald|p2a: Garganacl\n|-damage|p2a: Garganacl|65\/100\n|\n|-heal|p2a: Garganacl|71\/100|[from] item: Leftovers\n|-heal|p1a: Funbro|55\/100 tox|[from] item: Leftovers\n|-damage|p1a: Funbro|31\/100 tox|[from] psn\n|upkeep\n|turn|103\n|\n|t:|1701199284\n|switch|p1a: Regenapex|Toxapex, F|100\/100\n|move|p2a: Garganacl|Body Press|p1a: Regenapex\n|-resisted|p1a: Regenapex\n|-damage|p1a: Regenapex|72\/100\n|\n|-heal|p1a: Regenapex|78\/100|[from] item: Black Sludge\n|-heal|p2a: Garganacl|77\/100|[from] item: Leftovers\n|upkeep\n|turn|104\n|\n|t:|1701199287\n|move|p1a: Regenapex|Haze|p1a: Regenapex\n|-clearallboost\n|move|p2a: Garganacl|Body Press|p1a: Regenapex\n|-resisted|p1a: Regenapex\n|-damage|p1a: Regenapex|71\/100\n|\n|-heal|p2a: Garganacl|83\/100|[from] item: Leftovers\n|-heal|p1a: Regenapex|77\/100|[from] item: Black Sludge\n|upkeep\n|turn|105\n|\n|t:|1701199290\n|switch|p1a: Funbro|Slowbro, F|64\/100 tox\n|move|p2a: Garganacl|Iron Defense|p2a: Garganacl\n|-boost|p2a: Garganacl|def|2\n|\n|-heal|p2a: Garganacl|89\/100|[from] item: Leftovers\n|-heal|p1a: Funbro|70\/100 tox|[from] item: Leftovers\n|-damage|p1a: Funbro|64\/100 tox|[from] psn\n|upkeep\n|turn|106\n|\n|t:|1701199293\n|move|p2a: Garganacl|Iron Defense|p2a: Garganacl\n|-boost|p2a: Garganacl|def|2\n|move|p1a: Funbro|Slack Off|p1a: Funbro\n|-heal|p1a: Funbro|100\/100 tox\n|\n|-heal|p2a: Garganacl|96\/100|[from] item: Leftovers\n|-damage|p1a: Funbro|88\/100 tox|[from] psn\n|upkeep\n|turn|107\n|\n|t:|1701199296\n|switch|p1a: Regenapex|Toxapex, F|100\/100\n|move|p2a: Garganacl|Iron Defense|p2a: Garganacl\n|-boost|p2a: Garganacl|def|2\n|\n|-heal|p2a: Garganacl|100\/100|[from] item: Leftovers\n|upkeep\n|turn|108\n|\n|t:|1701199298\n|move|p2a: Garganacl|Body Press|p1a: Regenapex\n|-resisted|p1a: Regenapex\n|-damage|p1a: Regenapex|75\/100\n|move|p1a: Regenapex|Haze|p1a: Regenapex\n|-clearallboost\n|\n|-heal|p1a: Regenapex|81\/100|[from] item: Black Sludge\n|upkeep\n|turn|109\n|\n|t:|1701199302\n|switch|p1a: Funbro|Slowbro, F|100\/100 tox\n|move|p2a: Garganacl|Iron Defense|p2a: Garganacl\n|-boost|p2a: Garganacl|def|2\n|\n|-damage|p1a: Funbro|94\/100 tox|[from] psn\n|upkeep\n|turn|110\n|\n|t:|1701199303\n|move|p2a: Garganacl|Iron Defense|p2a: Garganacl\n|-boost|p2a: Garganacl|def|2\n|move|p1a: Funbro|Calm Mind|p1a: Funbro\n|-boost|p1a: Funbro|spa|1\n|-boost|p1a: Funbro|spd|1\n|\n|-heal|p1a: Funbro|100\/100 tox|[from] item: Leftovers\n|-damage|p1a: Funbro|88\/100 tox|[from] psn\n|upkeep\n|turn|111\n|\n|t:|1701199306\n|move|p2a: Garganacl|Iron Defense|p2a: Garganacl\n|-boost|p2a: Garganacl|def|2\n|move|p1a: Funbro|Calm Mind|p1a: Funbro\n|-boost|p1a: Funbro|spa|1\n|-boost|p1a: Funbro|spd|1\n|\n|-heal|p1a: Funbro|94\/100 tox|[from] item: Leftovers\n|-damage|p1a: Funbro|76\/100 tox|[from] psn\n|upkeep\n|turn|112\n|\n|t:|1701199309\n|move|p2a: Garganacl|Body Press|p1a: Funbro\n|-resisted|p1a: Funbro\n|-damage|p1a: Funbro|48\/100 tox\n|move|p1a: Funbro|Scald|p2a: Garganacl\n|-damage|p2a: Garganacl|66\/100\n|\n|-heal|p2a: Garganacl|73\/100|[from] item: Leftovers\n|-heal|p1a: Funbro|54\/100 tox|[from] item: Leftovers\n|-damage|p1a: Funbro|29\/100 tox|[from] psn\n|upkeep\n|turn|113\n|\n|t:|1701199312\n|switch|p1a: Regenapex|Toxapex, F|100\/100\n|move|p2a: Garganacl|Body Press|p1a: Regenapex\n|-resisted|p1a: Regenapex\n|-damage|p1a: Regenapex|74\/100\n|\n|-heal|p1a: Regenapex|80\/100|[from] item: Black Sludge\n|-heal|p2a: Garganacl|79\/100|[from] item: Leftovers\n|upkeep\n|turn|114\n|c|\u2606ImAGirlNow \u2718|i should have had my mienfoo\n|\n|t:|1701199322\n|move|p1a: Regenapex|Haze|p1a: Regenapex\n|-clearallboost\n|move|p2a: Garganacl|Iron Defense|p2a: Garganacl\n|-boost|p2a: Garganacl|def|2\n|\n|-heal|p1a: Regenapex|86\/100|[from] item: Black Sludge\n|-heal|p2a: Garganacl|85\/100|[from] item: Leftovers\n|upkeep\n|turn|115\n|\n|t:|1701199325\n|move|p1a: Regenapex|Scald|p2a: Garganacl\n|-damage|p2a: Garganacl|74\/100\n|move|p2a: Garganacl|Iron Defense|p2a: Garganacl\n|-boost|p2a: Garganacl|def|2\n|\n|-heal|p2a: Garganacl|80\/100|[from] item: Leftovers\n|-heal|p1a: Regenapex|93\/100|[from] item: Black Sludge\n|upkeep\n|turn|116\n|\n|t:|1701199328\n|move|p1a: Regenapex|Scald|p2a: Garganacl\n|-damage|p2a: Garganacl|69\/100\n|move|p2a: Garganacl|Iron Defense|p2a: Garganacl\n|-boost|p2a: Garganacl|def|2\n|\n|-heal|p2a: Garganacl|75\/100|[from] item: Leftovers\n|-heal|p1a: Regenapex|99\/100|[from] item: Black Sludge\n|upkeep\n|turn|117\n|\n|t:|1701199330\n|move|p1a: Regenapex|Scald|p2a: Garganacl\n|-damage|p2a: Garganacl|63\/100\n|move|p2a: Garganacl|Iron Defense|p2a: Garganacl\n|-boost|p2a: Garganacl|def|0\n|\n|-heal|p1a: Regenapex|100\/100|[from] item: Black Sludge\n|-heal|p2a: Garganacl|69\/100|[from] item: Leftovers\n|upkeep\n|turn|118\n|\n|t:|1701199333\n|move|p2a: Garganacl|Iron Defense|p2a: Garganacl\n|-boost|p2a: Garganacl|def|0\n|move|p1a: Regenapex|Scald|p2a: Garganacl\n|-damage|p2a: Garganacl|58\/100\n|\n|-heal|p2a: Garganacl|65\/100|[from] item: Leftovers\n|upkeep\n|turn|119\n|\n|t:|1701199336\n|move|p1a: Regenapex|Scald|p2a: Garganacl\n|-damage|p2a: Garganacl|53\/100\n|move|p2a: Garganacl|Iron Defense|p2a: Garganacl\n|-boost|p2a: Garganacl|def|0\n|\n|-heal|p2a: Garganacl|59\/100|[from] item: Leftovers\n|upkeep\n|turn|120\n|\n|t:|1701199338\n|move|p1a: Regenapex|Scald|p2a: Garganacl\n|-damage|p2a: Garganacl|49\/100\n|move|p2a: Garganacl|Iron Defense|p2a: Garganacl\n|-boost|p2a: Garganacl|def|0\n|\n|-heal|p2a: Garganacl|55\/100|[from] item: Leftovers\n|upkeep\n|turn|121\n|\n|t:|1701199339\n|move|p2a: Garganacl|Iron Defense|p2a: Garganacl\n|-boost|p2a: Garganacl|def|0\n|move|p1a: Regenapex|Scald|p2a: Garganacl\n|-damage|p2a: Garganacl|44\/100\n|\n|-heal|p2a: Garganacl|50\/100|[from] item: Leftovers\n|upkeep\n|turn|122\n|\n|t:|1701199343\n|move|p2a: Garganacl|Iron Defense|p2a: Garganacl\n|-boost|p2a: Garganacl|def|0\n|move|p1a: Regenapex|Scald|p2a: Garganacl\n|-damage|p2a: Garganacl|40\/100\n|\n|-heal|p2a: Garganacl|46\/100|[from] item: Leftovers\n|upkeep\n|turn|123\n|\n|t:|1701199345\n|move|p1a: Regenapex|Scald|p2a: Garganacl\n|-damage|p2a: Garganacl|35\/100\n|-activate|p2a: Garganacl|move: Struggle\n|move|p2a: Garganacl|Struggle|p1a: Regenapex\n|-damage|p1a: Regenapex|93\/100\n|-damage|p2a: Garganacl|10\/100|[from] recoil\n|\n|-heal|p2a: Garganacl|17\/100|[from] item: Leftovers\n|-heal|p1a: Regenapex|99\/100|[from] item: Black Sludge\n|upkeep\n|turn|124\n|\n|t:|1701199348\n|-activate|p2a: Garganacl|move: Struggle\n|move|p2a: Garganacl|Struggle|p1a: Regenapex\n|-damage|p1a: Regenapex|93\/100\n|-damage|p2a: Garganacl|0 fnt|[from] recoil\n|faint|p2a: Garganacl\n|\n|win|99% lose rate\n|raw|99% lose rate's rating: 1439 &rarr; <strong>1454<\/strong><br \/>(+15 for winning)\n|raw|ImAGirlNow \u2718's rating: 1347 &rarr; <strong>1332<\/strong><br \/>(-15 for losing)\n|l|\u2606ImAGirlNow \u2718\n","uploadtime":1701199356,"views":0,"p1id":"99loserate","p2id":"imagirlnow","formatid":"gen9nationaldexubers","rating":1332,"private":0,"password":""}