{"id":"gen9nationaldexubers-1988418572","p1":"wexleratlaw","p2":"ontario oshawott","format":"[Gen 9] National Dex Ubers","log":"|j|\u2606wexleratlaw\n|j|\u2606ontario oshawott\n|t:|1699720825\n|gametype|singles\n|player|p1|wexleratlaw|rika|\n|player|p2|ontario oshawott|cynthia|\n|teamsize|p1|6\n|teamsize|p2|6\n|gen|9\n|tier|[Gen 9] National Dex Ubers\n|rule|HP Percentage Mod: HP is shown in percentages\n|rule|Endless Battle Clause: Forcing endless battles is banned\n|rule|OHKO Clause: OHKO moves are banned\n|rule|Evasion Moves Clause: Evasion moves are banned\n|rule|Evasion Items Clause: Evasion items are banned\n|rule|Species Clause: Limit one of each Pok\u00e9mon\n|rule|Sleep Clause Mod: Limit one foe put to sleep\n|rule|Mega Rayquaza Clause: You cannot mega evolve Rayquaza\n|clearpoke\n|poke|p1|Pincurchin, M|\n|poke|p1|Zoroark-Hisui, F|\n|poke|p1|Hitmontop, M|\n|poke|p1|Xurkitree|\n|poke|p1|Poliwrath, M|\n|poke|p1|Oricorio-Pom-Pom, F|\n|poke|p2|Araquanid, M|\n|poke|p2|Lugia|\n|poke|p2|Iron Moth|\n|poke|p2|Sliggoo-Hisui, M|\n|poke|p2|Golem, F|\n|poke|p2|Deoxys-Defense|\n|teampreview\n|c|\u2606ontario oshawott|GLHF!!!!\n|c|\u2606ontario oshawott|no garm?\n|c|\u2606wexleratlaw|GLHF\n|\n|t:|1699720885\n|start\n|switch|p1a: it's specs lol|Pincurchin, M|100\/100\n|switch|p2a: MASCOT!!|Lugia|100\/100\n|-fieldstart|move: Electric Terrain|[from] ability: Electric Surge|[of] p1a: it's specs lol\n|turn|1\n|\n|t:|1699720893\n|move|p2a: MASCOT!!|Calm Mind|p2a: MASCOT!!\n|-boost|p2a: MASCOT!!|spa|1\n|-boost|p2a: MASCOT!!|spd|1\n|move|p1a: it's specs lol|Rising Voltage|p2a: MASCOT!!\n|-supereffective|p2a: MASCOT!!\n|-damage|p2a: MASCOT!!|78\/100\n|-enditem|p2a: MASCOT!!|Weakness Policy\n|-boost|p2a: MASCOT!!|atk|2|[from] item: Weakness Policy\n|-boost|p2a: MASCOT!!|spa|2|[from] item: Weakness Policy\n|\n|upkeep\n|turn|2\n|c|\u2606wexleratlaw|well damn\n|\n|t:|1699720923\n|switch|p1a: Hitmontop|Hitmontop, M|100\/100\n|move|p2a: MASCOT!!|Roost|p2a: MASCOT!!\n|-heal|p2a: MASCOT!!|100\/100\n|-singleturn|p2a: MASCOT!!|move: Roost\n|\n|upkeep\n|turn|3\n|\n|t:|1699720930\n|move|p2a: MASCOT!!|Aeroblast|p1a: Hitmontop\n|-supereffective|p1a: Hitmontop\n|-damage|p1a: Hitmontop|0 fnt\n|faint|p1a: Hitmontop\n|\n|upkeep\n|\n|t:|1699720943\n|switch|p1a: it's specs lol|Pincurchin, M|100\/100\n|turn|4\n|\n|t:|1699720960\n|move|p1a: it's specs lol|Sucker Punch|p2a: MASCOT!!\n|-supereffective|p2a: MASCOT!!\n|-damage|p2a: MASCOT!!|92\/100\n|move|p2a: MASCOT!!|Ice Beam|p1a: it's specs lol\n|-damage|p1a: it's specs lol|35\/100\n|\n|upkeep\n|turn|5\n|\n|t:|1699720984\n|switch|p1a: Poliwrath|Poliwrath, M|100\/100\n|move|p2a: MASCOT!!|Aeroblast|p1a: Poliwrath\n|-supereffective|p1a: Poliwrath\n|-damage|p1a: Poliwrath|0 fnt\n|faint|p1a: Poliwrath\n|\n|-fieldend|move: Electric Terrain\n|upkeep\n|\n|t:|1699720992\n|switch|p1a: Xurkitree|Xurkitree|100\/100\n|turn|6\n|\n|t:|1699721015\n|move|p1a: Xurkitree|Thunderbolt|p2a: MASCOT!!\n|-supereffective|p2a: MASCOT!!\n|-damage|p2a: MASCOT!!|53\/100\n|move|p2a: MASCOT!!|Roost|p2a: MASCOT!!\n|-heal|p2a: MASCOT!!|100\/100\n|-singleturn|p2a: MASCOT!!|move: Roost\n|\n|upkeep\n|turn|7\n|c|\u2606wexleratlaw|yeah i just lose, dont i?\n|c|\u2606ontario oshawott|sorta\n|c|\u2606ontario oshawott|sorry about this\n|c|\u2606wexleratlaw|not even a grounded target smh\n|c|\u2606ontario oshawott|smh\n|\n|t:|1699721059\n|switch|p1a: it's specs lol|Pincurchin, M|35\/100\n|-fieldstart|move: Electric Terrain|[from] ability: Electric Surge|[of] p1a: it's specs lol\n|move|p2a: MASCOT!!|Calm Mind|p2a: MASCOT!!\n|-boost|p2a: MASCOT!!|spa|1\n|-boost|p2a: MASCOT!!|spd|1\n|\n|upkeep\n|turn|8\n|\n|t:|1699721073\n|move|p2a: MASCOT!!|Ice Beam|p1a: it's specs lol\n|-damage|p1a: it's specs lol|0 fnt\n|faint|p1a: it's specs lol\n|\n|upkeep\n|\n|t:|1699721080\n|switch|p1a: Xurkitree|Xurkitree|100\/100\n|turn|9\n|\n|t:|1699721087\n|move|p1a: Xurkitree|Shadow Ball|p2a: MASCOT!!\n|-supereffective|p2a: MASCOT!!\n|-damage|p2a: MASCOT!!|85\/100\n|-unboost|p2a: MASCOT!!|spd|1\n|move|p2a: MASCOT!!|Ice Beam|p1a: Xurkitree\n|-damage|p1a: Xurkitree|0 fnt\n|replace|p1a: Zoroark|Zoroark-Hisui, F\n|-end|p1a: Zoroark|Illusion\n|faint|p1a: Zoroark\n|\n|upkeep\n|\n|t:|1699721094\n|switch|p1a: Xurkitree|Xurkitree|100\/100\n|turn|10\n|\n|t:|1699721099\n|move|p1a: Xurkitree|Thunderbolt|p2a: MASCOT!!\n|-supereffective|p2a: MASCOT!!\n|-damage|p2a: MASCOT!!|37\/100\n|move|p2a: MASCOT!!|Roost|p2a: MASCOT!!\n|-heal|p2a: MASCOT!!|87\/100\n|-singleturn|p2a: MASCOT!!|move: Roost\n|\n|upkeep\n|turn|11\n|c|\u2606wexleratlaw|praying for a crit\n|\n|t:|1699721115\n|move|p1a: Xurkitree|Thunderbolt|p2a: MASCOT!!\n|-supereffective|p2a: MASCOT!!\n|-damage|p2a: MASCOT!!|35\/100\n|move|p2a: MASCOT!!|Calm Mind|p2a: MASCOT!!\n|-boost|p2a: MASCOT!!|spa|1\n|-boost|p2a: MASCOT!!|spd|1\n|\n|-fieldend|move: Electric Terrain\n|upkeep\n|turn|12\n|\n|t:|1699721124\n|move|p1a: Xurkitree|Thunderbolt|p2a: MASCOT!!\n|-supereffective|p2a: MASCOT!!\n|-damage|p2a: MASCOT!!|9\/100\n|move|p2a: MASCOT!!|Roost|p2a: MASCOT!!\n|-heal|p2a: MASCOT!!|59\/100\n|-singleturn|p2a: MASCOT!!|move: Roost\n|\n|upkeep\n|turn|13\n|\n|t:|1699721131\n|move|p1a: Xurkitree|Thunderbolt|p2a: MASCOT!!\n|-supereffective|p2a: MASCOT!!\n|-damage|p2a: MASCOT!!|29\/100\n|move|p2a: MASCOT!!|Roost|p2a: MASCOT!!\n|-heal|p2a: MASCOT!!|79\/100\n|-singleturn|p2a: MASCOT!!|move: Roost\n|\n|upkeep\n|turn|14\n|c|\u2606wexleratlaw|surely\n|\n|t:|1699721139\n|move|p1a: Xurkitree|Thunderbolt|p2a: MASCOT!!\n|-supereffective|p2a: MASCOT!!\n|-damage|p2a: MASCOT!!|50\/100\n|move|p2a: MASCOT!!|Ice Beam|p1a: Xurkitree\n|-damage|p1a: Xurkitree|18\/100\n|\n|upkeep\n|turn|15\n|\n|t:|1699721155\n|move|p1a: Xurkitree|Thunderbolt|p2a: MASCOT!!\n|-supereffective|p2a: MASCOT!!\n|-damage|p2a: MASCOT!!|22\/100\n|move|p2a: MASCOT!!|Ice Beam|p1a: Xurkitree\n|-damage|p1a: Xurkitree|0 fnt\n|faint|p1a: Xurkitree\n|\n|upkeep\n|\n|t:|1699721161\n|switch|p1a: Oricorio|Oricorio-Pom-Pom, F|100\/100\n|turn|16\n|\n|t:|1699721171\n|-terastallize|p1a: Oricorio|Rock\n|move|p1a: Oricorio|Quiver Dance|p1a: Oricorio\n|-boost|p1a: Oricorio|spa|1\n|-boost|p1a: Oricorio|spd|1\n|-boost|p1a: Oricorio|spe|1\n|move|p2a: MASCOT!!|Ice Beam|p1a: Oricorio\n|-damage|p1a: Oricorio|47\/100\n|\n|upkeep\n|turn|17\n|\n|t:|1699721189\n|move|p1a: Oricorio|Revelation Dance|p2a: MASCOT!!\n|-supereffective|p2a: MASCOT!!\n|-damage|p2a: MASCOT!!|0 fnt\n|faint|p2a: MASCOT!!\n|\n|upkeep\n|\n|t:|1699721195\n|switch|p2a: explosion|Golem, F|100\/100\n|turn|18\n|c|\u2606ontario oshawott|ggwp\n|c|\u2606wexleratlaw|gg\n|c|\u2606wexleratlaw|i brought like\n|c|\u2606wexleratlaw|h zoro just for this lol\n|c|\u2606ontario oshawott|lol\n|\n|t:|1699721235\n|move|p1a: Oricorio|Revelation Dance|p2a: explosion\n|-resisted|p2a: explosion\n|-damage|p2a: explosion|63\/100\n|move|p2a: explosion|Earthquake|p1a: Oricorio\n|-supereffective|p1a: Oricorio\n|-damage|p1a: Oricorio|0 fnt\n|faint|p1a: Oricorio\n|\n|win|ontario oshawott\n|c|\u2606wexleratlaw|you didnt even explode\n|c|\u2606ontario oshawott|smh me\n|c|\u2606wexleratlaw|smh\n","uploadtime":1699721257,"views":44,"p1id":"wexleratlaw","p2id":"ontariooshawott","formatid":"gen9nationaldexubers","rating":0,"private":0,"password":""}