{"id":"gen9nationaldexubers-1992062472","p1":"Izzycool1995","p2":"Pr1nce0fAllSaiyans","format":"[Gen 9] National Dex Ubers","log":"|j|\u2606Izzycool1995\n|j|\u203dPr1nce0fAllSaiyans\n|inactive|Battle timer is ON: inactive players will automatically lose when time's up.\n|t:|1700151926\n|gametype|singles\n|player|p1|Izzycool1995|shadowtriad|\n|player|p2|Pr1nce0fAllSaiyans|bruno-gen3|\n|teamsize|p1|6\n|teamsize|p2|6\n|gen|9\n|tier|[Gen 9] National Dex Ubers\n|rated|Tournament battle\n|rule|HP Percentage Mod: HP is shown in percentages\n|rule|Endless Battle Clause: Forcing endless battles is banned\n|rule|OHKO Clause: OHKO moves are banned\n|rule|Evasion Moves Clause: Evasion moves are banned\n|rule|Evasion Items Clause: Evasion items are banned\n|rule|Species Clause: Limit one of each Pok\u00e9mon\n|rule|Sleep Clause Mod: Limit one foe put to sleep\n|rule|Mega Rayquaza Clause: You cannot mega evolve Rayquaza\n|rule|Dynamax Clause: You cannot dynamax\n|rule|Terastal Clause: You cannot Terastallize\n|rule|Same Type Clause: Pok\u00e9mon in a team must share a type\n|clearpoke\n|poke|p1|Genesect-Douse|\n|poke|p1|Scizor, M|\n|poke|p1|Volcarona, F|\n|poke|p1|Beedrill, M|\n|poke|p1|Arceus-Bug|\n|poke|p1|Ninjask, M|\n|poke|p2|Naganadel|\n|poke|p2|Beedrill, F|\n|poke|p2|Muk-Alola, F|\n|poke|p2|Arceus-Poison|\n|poke|p2|Eternatus|\n|poke|p2|Weezing-Galar, M|\n|teampreview\n|inactive|Izzycool1995 also wants the timer to be on.\n|\n|t:|1700151952\n|start\n|switch|p1a: Sunburst|Volcarona, F|100\/100\n|switch|p2a: Naganadel|Naganadel|100\/100\n|turn|1\n|\n|t:|1700151966\n|-zpower|p2a: Naganadel\n|move|p2a: Naganadel|Devastating Drake|p1a: Sunburst|[zeffect]\n|-crit|p1a: Sunburst\n|-damage|p1a: Sunburst|0 fnt\n|faint|p1a: Sunburst\n|-ability|p2a: Naganadel|Beast Boost|boost\n|-boost|p2a: Naganadel|spe|1\n|\n|upkeep\n|inactive|Izzycool1995 has 120 seconds left.\n|\n|t:|1700151999\n|switch|p1a: Arceus|Arceus-Bug|100\/100\n|turn|2\n|\n|t:|1700152016\n|move|p2a: Naganadel|Nasty Plot|p2a: Naganadel\n|-boost|p2a: Naganadel|spa|2\n|move|p1a: Arceus|Dazzling Gleam|p2a: Naganadel\n|-damage|p2a: Naganadel|56\/100\n|\n|upkeep\n|turn|3\n|\n|t:|1700152025\n|move|p2a: Naganadel|Flamethrower|p1a: Arceus\n|-supereffective|p1a: Arceus\n|-damage|p1a: Arceus|14\/100\n|move|p1a: Arceus|Judgment|p2a: Naganadel\n|-resisted|p2a: Naganadel\n|-damage|p2a: Naganadel|8\/100\n|\n|upkeep\n|turn|4\n|\n|t:|1700152034\n|move|p2a: Naganadel|Flamethrower|p1a: Arceus\n|-supereffective|p1a: Arceus\n|-damage|p1a: Arceus|0 fnt\n|faint|p1a: Arceus\n|-ability|p2a: Naganadel|Beast Boost|boost\n|-boost|p2a: Naganadel|spe|1\n|\n|upkeep\n|\n|t:|1700152043\n|switch|p1a: Reaper|Scizor, M, shiny|100\/100\n|turn|5\n|\n|t:|1700152060\n|switch|p2a: Eternatus|Eternatus|100\/100\n|-ability|p2a: Eternatus|Pressure\n|move|p1a: Reaper|Bullet Punch|p2a: Eternatus\n|-damage|p2a: Eternatus|70\/100\n|\n|upkeep\n|turn|6\n|\n|t:|1700152075\n|move|p1a: Reaper|Bullet Punch|p2a: Eternatus\n|-damage|p2a: Eternatus|40\/100\n|move|p2a: Eternatus|Flamethrower|p1a: Reaper\n|-supereffective|p1a: Reaper\n|-enditem|p1a: Reaper|Focus Sash\n|-damage|p1a: Reaper|1\/100\n|\n|upkeep\n|turn|7\n|j| boomp11\n|\n|t:|1700152082\n|move|p1a: Reaper|Bullet Punch|p2a: Eternatus\n|-damage|p2a: Eternatus|11\/100\n|move|p2a: Eternatus|Recover|p2a: Eternatus\n|-heal|p2a: Eternatus|61\/100\n|\n|upkeep\n|turn|8\n|\n|t:|1700152088\n|move|p1a: Reaper|Bullet Punch|p2a: Eternatus\n|-crit|p2a: Eternatus\n|-damage|p2a: Eternatus|14\/100\n|move|p2a: Eternatus|Recover|p2a: Eternatus\n|-heal|p2a: Eternatus|64\/100\n|\n|upkeep\n|turn|9\n|\n|t:|1700152093\n|move|p1a: Reaper|Bullet Punch|p2a: Eternatus\n|-damage|p2a: Eternatus|37\/100\n|move|p2a: Eternatus|Recover|p2a: Eternatus\n|-heal|p2a: Eternatus|87\/100\n|\n|upkeep\n|turn|10\n|\n|t:|1700152099\n|move|p1a: Reaper|Bullet Punch|p2a: Eternatus\n|-damage|p2a: Eternatus|60\/100\n|move|p2a: Eternatus|Flamethrower|p1a: Reaper\n|-supereffective|p1a: Reaper\n|-damage|p1a: Reaper|0 fnt\n|faint|p1a: Reaper\n|\n|upkeep\n|\n|t:|1700152109\n|switch|p1a: Buzz Blitz|Ninjask, M|100\/100\n|turn|11\n|\n|t:|1700152113\n|move|p1a: Buzz Blitz|Acrobatics|p2a: Eternatus\n|-damage|p2a: Eternatus|40\/100\n|move|p2a: Eternatus|Flamethrower|p1a: Buzz Blitz\n|-supereffective|p1a: Buzz Blitz\n|-enditem|p1a: Buzz Blitz|Focus Sash\n|-damage|p1a: Buzz Blitz|1\/100\n|\n|-ability|p1a: Buzz Blitz|Speed Boost|boost\n|-boost|p1a: Buzz Blitz|spe|1\n|upkeep\n|turn|12\n|\n|t:|1700152123\n|move|p1a: Buzz Blitz|Acrobatics|p2a: Eternatus\n|-damage|p2a: Eternatus|1\/100\n|move|p2a: Eternatus|Recover|p2a: Eternatus\n|-heal|p2a: Eternatus|51\/100\n|\n|-ability|p1a: Buzz Blitz|Speed Boost|boost\n|-boost|p1a: Buzz Blitz|spe|1\n|upkeep\n|turn|13\n|\n|t:|1700152130\n|move|p1a: Buzz Blitz|Acrobatics|p2a: Eternatus\n|-damage|p2a: Eternatus|7\/100\n|move|p2a: Eternatus|Flamethrower|p1a: Buzz Blitz\n|-supereffective|p1a: Buzz Blitz\n|-damage|p1a: Buzz Blitz|0 fnt\n|faint|p1a: Buzz Blitz\n|\n|upkeep\n|\n|t:|1700152139\n|switch|p1a: Technolord|Genesect-Douse, shiny|100\/100\n|-ability|p1a: Technolord|Download|boost\n|-boost|p1a: Technolord|spa|1\n|turn|14\n|\n|t:|1700152156\n|move|p2a: Eternatus|Flamethrower|p1a: Technolord\n|-supereffective|p1a: Technolord\n|-crit|p1a: Technolord\n|-damage|p1a: Technolord|0 fnt\n|faint|p1a: Technolord\n|\n|upkeep\n|\n|t:|1700152162\n|switch|p1a: Sting|Beedrill, M, shiny|100\/100\n|turn|15\n|\n|t:|1700152169\n|switch|p2a: Weezing|Weezing-Galar, M|100\/100\n|detailschange|p1a: Sting|Beedrill-Mega, M, shiny\n|-mega|p1a: Sting|Beedrill|Beedrillite\n|move|p1a: Sting|Drill Run|p2a: Weezing\n|-immune|p2a: Weezing|[from] ability: Levitate\n|\n|upkeep\n|turn|16\n|\n|t:|1700152180\n|move|p1a: Sting|Frustration|p2a: Weezing\n|-damage|p2a: Weezing|74\/100\n|move|p2a: Weezing|Will-O-Wisp|p1a: Sting\n|-status|p1a: Sting|brn\n|\n|-heal|p2a: Weezing|80\/100|[from] item: Black Sludge\n|-damage|p1a: Sting|95\/100 brn|[from] brn\n|upkeep\n|turn|17\n|\n|t:|1700152194\n|move|p1a: Sting|Poison Jab|p2a: Weezing\n|-damage|p2a: Weezing|58\/100\n|move|p2a: Weezing|Strange Steam|p1a: Sting\n|-resisted|p1a: Sting\n|-damage|p1a: Sting|75\/100 brn\n|\n|-heal|p2a: Weezing|64\/100|[from] item: Black Sludge\n|-damage|p1a: Sting|69\/100 brn|[from] brn\n|upkeep\n|turn|18\n|\n|t:|1700152215\n|move|p1a: Sting|Drill Run|p2a: Weezing\n|-immune|p2a: Weezing|[from] ability: Levitate\n|move|p2a: Weezing|Strange Steam|p1a: Sting\n|-resisted|p1a: Sting\n|-damage|p1a: Sting|49\/100 brn\n|\n|-heal|p2a: Weezing|70\/100|[from] item: Black Sludge\n|-damage|p1a: Sting|43\/100 brn|[from] brn\n|upkeep\n|turn|19\n|\n|t:|1700152227\n|move|p1a: Sting|U-turn|p2a: Weezing\n|-resisted|p2a: Weezing\n|-damage|p2a: Weezing|65\/100\n|move|p2a: Weezing|Strange Steam|p1a: Sting|[miss]\n|-miss|p2a: Weezing|p1a: Sting\n|\n|-heal|p2a: Weezing|71\/100|[from] item: Black Sludge\n|-damage|p1a: Sting|37\/100 brn|[from] brn\n|upkeep\n|turn|20\n|\n|t:|1700152234\n|move|p1a: Sting|Frustration|p2a: Weezing\n|-damage|p2a: Weezing|59\/100\n|move|p2a: Weezing|Strange Steam|p1a: Sting\n|-resisted|p1a: Sting\n|-damage|p1a: Sting|16\/100 brn\n|\n|-heal|p2a: Weezing|65\/100|[from] item: Black Sludge\n|-damage|p1a: Sting|10\/100 brn|[from] brn\n|upkeep\n|turn|21\n|\n|t:|1700152243\n|move|p1a: Sting|Frustration|p2a: Weezing\n|-damage|p2a: Weezing|52\/100\n|move|p2a: Weezing|Strange Steam|p1a: Sting\n|-resisted|p1a: Sting\n|-damage|p1a: Sting|0 fnt\n|faint|p1a: Sting\n|\n|win|Pr1nce0fAllSaiyans\n|n|\u2606Izzycool1995|izzycool1995\n|n|\u203dPr1nce0fAllSaiyans|pr1nce0fallsaiyans\n|n| boomp11|boomp11\n","uploadtime":1700152244,"views":8,"p1id":"izzycool1995","p2id":"pr1nce0fallsaiyans","formatid":"gen9nationaldexubers","rating":0,"private":0,"password":""}