{"id":"gen9nationaldexubers-1978725208","p1":"NassBug","p2":"pkemon2","format":"[Gen 9] National Dex Ubers","log":"|j|\u2606NassBug\n|j|\u2606pkemon2\n|t:|1698587393\n|gametype|singles\n|player|p1|NassBug|may-masters3|1212\n|player|p2|pkemon2|veteran|1123\n|teamsize|p1|6\n|teamsize|p2|6\n|gen|9\n|tier|[Gen 9] National Dex Ubers\n|rated|\n|rule|HP Percentage Mod: HP is shown in percentages\n|rule|Endless Battle Clause: Forcing endless battles is banned\n|rule|OHKO Clause: OHKO moves are banned\n|rule|Evasion Moves Clause: Evasion moves are banned\n|rule|Evasion Items Clause: Evasion items are banned\n|rule|Species Clause: Limit one of each Pok\u00e9mon\n|rule|Sleep Clause Mod: Limit one foe put to sleep\n|rule|Mega Rayquaza Clause: You cannot mega evolve Rayquaza\n|clearpoke\n|poke|p1|Zygarde|\n|poke|p1|Marshadow|\n|poke|p1|Necrozma-Dusk-Mane|\n|poke|p1|Tapu Koko|\n|poke|p1|Ogerpon-Hearthflame, F|\n|poke|p1|Chien-Pao|\n|poke|p2|Leafeon, F|\n|poke|p2|Groudon|\n|poke|p2|Torkoal, F|\n|poke|p2|Blissey, F|\n|poke|p2|Heliolisk, M|\n|poke|p2|Arcanine-Hisui, F|\n|teampreview\n|\n|t:|1698587401\n|start\n|switch|p1a: Zygarde|Zygarde, shiny|100\/100\n|switch|p2a: Torkoal|Torkoal, F|100\/100\n|-weather|SunnyDay|[from] ability: Drought|[of] p2a: Torkoal\n|turn|1\n|\n|t:|1698587416\n|switch|p2a: Leafeon|Leafeon, F|100\/100\n|move|p1a: Zygarde|Glare|p2a: Leafeon\n|-status|p2a: Leafeon|par\n|\n|-weather|SunnyDay|[upkeep]\n|upkeep\n|turn|2\n|\n|t:|1698587431\n|move|p2a: Leafeon|Swords Dance|p2a: Leafeon\n|-boost|p2a: Leafeon|atk|2\n|move|p1a: Zygarde|Coil|p1a: Zygarde\n|-boost|p1a: Zygarde|atk|1\n|-boost|p1a: Zygarde|def|1\n|-boost|p1a: Zygarde|accuracy|1\n|\n|-weather|SunnyDay|[upkeep]\n|upkeep\n|turn|3\n|\n|t:|1698587438\n|move|p2a: Leafeon|Solar Blade||[still]\n|-prepare|p2a: Leafeon|Solar Blade\n|-anim|p2a: Leafeon|Solar Blade|p1a: Zygarde\n|-damage|p1a: Zygarde|31\/100\n|-damage|p2a: Leafeon|91\/100 par|[from] item: Life Orb\n|move|p1a: Zygarde|Coil|p1a: Zygarde\n|-boost|p1a: Zygarde|atk|1\n|-boost|p1a: Zygarde|def|1\n|-boost|p1a: Zygarde|accuracy|1\n|\n|-weather|SunnyDay|[upkeep]\n|-activate|p1a: Zygarde|ability: Power Construct\n|detailschange|p1a: Zygarde|Zygarde-Complete, shiny\n|-heal|p1a: Zygarde|55\/100|[silent]\n|upkeep\n|turn|4\n|\n|t:|1698587457\n|cant|p2a: Leafeon|par\n|move|p1a: Zygarde|Scale Shot|p2a: Leafeon\n|-damage|p2a: Leafeon|66\/100 par\n|-damage|p2a: Leafeon|41\/100 par\n|-damage|p2a: Leafeon|18\/100 par\n|-damage|p2a: Leafeon|0 fnt\n|faint|p2a: Leafeon\n|-hitcount|p2: Leafeon|4\n|-unboost|p1a: Zygarde|def|1\n|-boost|p1a: Zygarde|spe|1\n|\n|-weather|SunnyDay|[upkeep]\n|upkeep\n|c|\u2606NassBug|:0\n|inactive|Battle timer is ON: inactive players will automatically lose when time's up. (requested by NassBug)\n|\n|t:|1698587479\n|switch|p2a: Groudon|Groudon|100\/100\n|detailschange|p2a: Groudon|Groudon-Primal\n|-primal|p2a: Groudon|Red Orb\n|-weather|DesolateLand|[from] ability: Desolate Land|[of] p2a: Groudon\n|turn|5\n|\n|t:|1698587486\n|move|p1a: Zygarde|Thousand Arrows|p2a: Groudon\n|-supereffective|p2a: Groudon\n|-damage|p2a: Groudon|0 fnt\n|faint|p2a: Groudon\n|-weather|none\n|\n|upkeep\n|\n|t:|1698587494\n|switch|p2a: Heliolisk|Heliolisk, M, shiny|100\/100\n|turn|6\n|\n|t:|1698587498\n|move|p2a: Heliolisk|Surf|p1a: Zygarde\n|-damage|p1a: Zygarde|36\/100\n|-damage|p2a: Heliolisk|91\/100|[from] item: Life Orb\n|move|p1a: Zygarde|Scale Shot|p2a: Heliolisk\n|-damage|p2a: Heliolisk|40\/100\n|-damage|p2a: Heliolisk|0 fnt\n|faint|p2a: Heliolisk\n|-hitcount|p2: Heliolisk|2\n|-unboost|p1a: Zygarde|def|1\n|-boost|p1a: Zygarde|spe|1\n|\n|upkeep\n|\n|t:|1698587510\n|switch|p2a: Blissey|Blissey, F, shiny|100\/100\n|turn|7\n|\n|t:|1698587514\n|move|p1a: Zygarde|Thousand Arrows|p2a: Blissey\n|-damage|p2a: Blissey|23\/100\n|move|p2a: Blissey|Reflect|p2a: Blissey\n|-sidestart|p2: pkemon2|Reflect\n|\n|-heal|p2a: Blissey|29\/100|[from] item: Leftovers\n|upkeep\n|turn|8\n|\n|t:|1698587520\n|move|p1a: Zygarde|Thousand Arrows|p2a: Blissey\n|-damage|p2a: Blissey|0 fnt\n|faint|p2a: Blissey\n|\n|upkeep\n|\n|t:|1698587525\n|switch|p2a: Torkoal|Torkoal, F|100\/100\n|-weather|SunnyDay|[from] ability: Drought|[of] p2a: Torkoal\n|turn|9\n|\n|t:|1698587537\n|move|p1a: Zygarde|Thousand Arrows|p2a: Torkoal\n|-supereffective|p2a: Torkoal\n|-damage|p2a: Torkoal|55\/100\n|move|p2a: Torkoal|Eruption|p1a: Zygarde\n|-resisted|p1a: Zygarde\n|-damage|p1a: Zygarde|26\/100\n|\n|-weather|SunnyDay|[upkeep]\n|upkeep\n|turn|10\n|\n|t:|1698587545\n|move|p1a: Zygarde|Glare|p2a: Torkoal\n|-status|p2a: Torkoal|par\n|move|p2a: Torkoal|Stealth Rock|p1a: Zygarde\n|-sidestart|p1: NassBug|move: Stealth Rock\n|\n|-weather|SunnyDay|[upkeep]\n|upkeep\n|turn|11\n|\n|t:|1698587552\n|move|p1a: Zygarde|Thousand Arrows|p2a: Torkoal\n|-supereffective|p2a: Torkoal\n|-damage|p2a: Torkoal|8\/100 par\n|move|p2a: Torkoal|Rest|p2a: Torkoal\n|-status|p2a: Torkoal|slp|[from] move: Rest\n|-heal|p2a: Torkoal|100\/100 slp|[silent]\n|\n|-weather|SunnyDay|[upkeep]\n|-sideend|p2: pkemon2|Reflect\n|upkeep\n|turn|12\n|\n|t:|1698587562\n|switch|p2a: Arcanine|Arcanine-Hisui, F|100\/100\n|move|p1a: Zygarde|Coil|p1a: Zygarde\n|-boost|p1a: Zygarde|atk|1\n|-boost|p1a: Zygarde|def|1\n|-boost|p1a: Zygarde|accuracy|1\n|\n|-weather|SunnyDay|[upkeep]\n|upkeep\n|turn|13\n|c|\u2606NassBug|Jesus crist\n|\n|t:|1698587577\n|-terastallize|p2a: Arcanine|Flying\n|move|p1a: Zygarde|Thousand Arrows|p2a: Arcanine\n|-damage|p2a: Arcanine|0 fnt\n|faint|p2a: Arcanine\n|\n|-weather|SunnyDay|[upkeep]\n|upkeep\n|c|\u2606NassBug|...\n|\n|t:|1698587586\n|switch|p2a: Torkoal|Torkoal, F|100\/100 slp\n|turn|14\n|c|\u2606NassBug|Genius\n|\n|t:|1698587596\n|move|p1a: Zygarde|Thousand Arrows|p2a: Torkoal\n|-supereffective|p2a: Torkoal\n|-damage|p2a: Torkoal|0 fnt\n|faint|p2a: Torkoal\n|\n|win|NassBug\n|raw|NassBug's rating: 1212 &rarr; <strong>1231<\/strong><br \/>(+19 for winning)\n|raw|pkemon2's rating: 1123 &rarr; <strong>1104<\/strong><br \/>(-19 for losing)\n|c|\u2606NassBug|Gg\n|l|\u2606pkemon2\n","uploadtime":1698587608,"views":13,"p1id":"nassbug","p2id":"pkemon2","formatid":"gen9nationaldexubers","rating":1104,"private":0,"password":""}