{"id":"gen9nationaldexubers-1997559745","p1":"27frd","p2":"hexagonereal","format":"[Gen 9] National Dex Ubers","log":"|j|\u260627frd\n|j|\u2606hexagonereal\n|t:|1700825473\n|gametype|singles\n|player|p1|27frd|hilbert|1311\n|player|p2|hexagonereal|cyrus|1443\n|teamsize|p1|6\n|teamsize|p2|6\n|gen|9\n|tier|[Gen 9] National Dex Ubers\n|rated|\n|rule|HP Percentage Mod: HP is shown in percentages\n|rule|Endless Battle Clause: Forcing endless battles is banned\n|rule|OHKO Clause: OHKO moves are banned\n|rule|Evasion Moves Clause: Evasion moves are banned\n|rule|Evasion Items Clause: Evasion items are banned\n|rule|Species Clause: Limit one of each Pok\u00e9mon\n|rule|Sleep Clause Mod: Limit one foe put to sleep\n|rule|Mega Rayquaza Clause: You cannot mega evolve Rayquaza\n|clearpoke\n|poke|p1|Metagross|\n|poke|p1|Zacian-*|\n|poke|p1|Sableye, M|\n|poke|p1|Arceus|\n|poke|p1|Regieleki|\n|poke|p1|Iron Treads|\n|poke|p2|Eternatus|\n|poke|p2|Arceus-Water|\n|poke|p2|Xerneas-*|\n|poke|p2|Zygarde|\n|poke|p2|Groudon|\n|poke|p2|Zekrom|\n|teampreview\n|\n|t:|1700825497\n|start\n|switch|p1a: Sableye|Sableye, M|100\/100\n|switch|p2a: Eternatus|Eternatus|100\/100\n|-ability|p2a: Eternatus|Pressure\n|turn|1\n|j| cheese miestro\n|\n|t:|1700825504\n|move|p1a: Sableye|Thunder Wave|p2a: Eternatus\n|-status|p2a: Eternatus|par\n|move|p2a: Eternatus|Meteor Beam||[still]\n|-prepare|p2a: Eternatus|Meteor Beam\n|-boost|p2a: Eternatus|spa|1\n|-enditem|p2a: Eternatus|Power Herb\n|-anim|p2a: Eternatus|Meteor Beam|p1a: Sableye|[miss]\n|-miss|p2a: Eternatus|p1a: Sableye\n|\n|upkeep\n|turn|2\n|\n|t:|1700825514\n|switch|p1a: Iron Treads|Iron Treads|100\/100\n|-enditem|p1a: Iron Treads|Booster Energy\n|-activate|p1a: Iron Treads|ability: Quark Drive|[fromitem]\n|-start|p1a: Iron Treads|quarkdriveatk\n|move|p2a: Eternatus|Fire Blast|p1a: Iron Treads\n|-supereffective|p1a: Iron Treads\n|-damage|p1a: Iron Treads|0 fnt\n|faint|p1a: Iron Treads\n|-end|p1a: Iron Treads|Quark Drive|[silent]\n|\n|upkeep\n|\n|t:|1700825522\n|switch|p1a: Arceus|Arceus|100\/100\n|turn|3\n|\n|t:|1700825526\n|move|p1a: Arceus|Earthquake|p2a: Eternatus\n|-supereffective|p2a: Eternatus\n|-damage|p2a: Eternatus|21\/100 par\n|-damage|p1a: Arceus|91\/100|[from] item: Life Orb\n|move|p2a: Eternatus|Dynamax Cannon|p1a: Arceus\n|-crit|p1a: Arceus\n|-damage|p1a: Arceus|0 fnt\n|faint|p1a: Arceus\n|\n|upkeep\n|\n|t:|1700825537\n|switch|p1a: Metagross|Metagross|100\/100\n|turn|4\n|\n|t:|1700825540\n|detailschange|p1a: Metagross|Metagross-Mega\n|-mega|p1a: Metagross|Metagross|Metagrossite\n|move|p1a: Metagross|Ice Punch|p2a: Eternatus\n|-supereffective|p2a: Eternatus\n|-damage|p2a: Eternatus|0 fnt\n|faint|p2a: Eternatus\n|\n|upkeep\n|\n|t:|1700825549\n|switch|p2a: Arceus|Arceus-Water|100\/100\n|turn|5\n|\n|t:|1700825556\n|move|p2a: Arceus|Judgment|p1a: Metagross\n|-damage|p1a: Metagross|59\/100\n|move|p1a: Metagross|Power-Up Punch|p2a: Arceus\n|-damage|p2a: Arceus|85\/100\n|-boost|p1a: Metagross|atk|1\n|\n|upkeep\n|turn|6\n|\n|t:|1700825562\n|move|p2a: Arceus|Thunder Wave|p1a: Metagross\n|-status|p1a: Metagross|par\n|move|p1a: Metagross|Ice Punch|p2a: Arceus\n|-resisted|p2a: Arceus\n|-damage|p2a: Arceus|64\/100\n|\n|upkeep\n|turn|7\n|\n|t:|1700825566\n|move|p2a: Arceus|Judgment|p1a: Metagross\n|-damage|p1a: Metagross|21\/100 par\n|move|p1a: Metagross|Power-Up Punch|p2a: Arceus\n|-damage|p2a: Arceus|44\/100\n|-boost|p1a: Metagross|atk|1\n|\n|upkeep\n|turn|8\n|\n|t:|1700825569\n|move|p1a: Metagross|Bullet Punch|p2a: Arceus\n|-resisted|p2a: Arceus\n|-damage|p2a: Arceus|23\/100\n|move|p2a: Arceus|Recover|p2a: Arceus\n|-heal|p2a: Arceus|73\/100\n|\n|upkeep\n|turn|9\n|\n|t:|1700825572\n|move|p2a: Arceus|Judgment|p1a: Metagross\n|-damage|p1a: Metagross|0 fnt\n|faint|p1a: Metagross\n|\n|upkeep\n|\n|t:|1700825575\n|switch|p1a: Regieleki|Regieleki|100\/100\n|turn|10\n|\n|t:|1700825585\n|move|p1a: Regieleki|Volt Switch|p2a: Arceus\n|-supereffective|p2a: Arceus\n|-damage|p2a: Arceus|0 fnt\n|faint|p2a: Arceus\n|\n|t:|1700825590\n|switch|p1a: Sableye|Sableye, M|100\/100|[from] Volt Switch\n|\n|upkeep\n|\n|t:|1700825595\n|switch|p2a: Groudon|Groudon|100\/100\n|detailschange|p2a: Groudon|Groudon-Primal\n|-primal|p2a: Groudon|Red Orb\n|-weather|DesolateLand|[from] ability: Desolate Land|[of] p2a: Groudon\n|turn|11\n|\n|t:|1700825599\n|move|p2a: Groudon|Precipice Blades|p1a: Sableye\n|-damage|p1a: Sableye|0 fnt\n|faint|p1a: Sableye\n|\n|-weather|DesolateLand|[upkeep]\n|upkeep\n|\n|t:|1700825602\n|switch|p1a: Regieleki|Regieleki|100\/100\n|turn|12\n|\n|t:|1700825605\n|-terastallize|p1a: Regieleki|Ground\n|move|p1a: Regieleki|Tera Blast|p2a: Groudon|[anim] Tera Blast Ground\n|-supereffective|p2a: Groudon\n|-damage|p2a: Groudon|0 fnt\n|faint|p2a: Groudon\n|-weather|none\n|\n|upkeep\n|\n|t:|1700825614\n|switch|p2a: Zygarde|Zygarde|100\/100\n|turn|13\n|\n|t:|1700825617\n|move|p1a: Regieleki|Tera Blast|p2a: Zygarde|[anim] Tera Blast Ground\n|-damage|p2a: Zygarde|47\/100\n|move|p2a: Zygarde|Glare|p1a: Regieleki\n|-status|p1a: Regieleki|par\n|\n|-heal|p2a: Zygarde|53\/100|[from] item: Leftovers\n|upkeep\n|turn|14\n|\n|t:|1700825630\n|move|p2a: Zygarde|Dragon Dance|p2a: Zygarde\n|-boost|p2a: Zygarde|atk|1\n|-boost|p2a: Zygarde|spe|1\n|move|p1a: Regieleki|Tera Blast|p2a: Zygarde|[anim] Tera Blast Ground\n|-damage|p2a: Zygarde|0 fnt\n|faint|p2a: Zygarde\n|\n|upkeep\n|\n|t:|1700825639\n|switch|p2a: Xerneas|Xerneas|100\/100\n|-ability|p2a: Xerneas|Fairy Aura\n|turn|15\n|\n|t:|1700825646\n|move|p2a: Xerneas|Substitute|p2a: Xerneas\n|-start|p2a: Xerneas|Substitute\n|-damage|p2a: Xerneas|76\/100\n|move|p1a: Regieleki|Tera Blast|p2a: Xerneas|[anim] Tera Blast Ground\n|-end|p2a: Xerneas|Substitute\n|\n|upkeep\n|turn|16\n|\n|t:|1700825649\n|move|p2a: Xerneas|Geomancy||[still]\n|-prepare|p2a: Xerneas|Geomancy\n|-enditem|p2a: Xerneas|Power Herb\n|-anim|p2a: Xerneas|Geomancy|p2a: Xerneas\n|-boost|p2a: Xerneas|spa|2\n|-boost|p2a: Xerneas|spd|2\n|-boost|p2a: Xerneas|spe|2\n|move|p1a: Regieleki|Tera Blast|p2a: Xerneas|[anim] Tera Blast Ground\n|-damage|p2a: Xerneas|52\/100\n|\n|upkeep\n|turn|17\n|\n|t:|1700825653\n|move|p2a: Xerneas|Moonblast|p1a: Regieleki\n|-damage|p1a: Regieleki|0 fnt\n|faint|p1a: Regieleki\n|\n|upkeep\n|\n|t:|1700825655\n|switch|p1a: Zacian|Zacian-Crowned|100\/100\n|-ability|p1a: Zacian|Intrepid Sword|boost\n|-boost|p1a: Zacian|atk|1\n|turn|18\n|\n|t:|1700825661\n|-terastallize|p2a: Xerneas|Electric\n|move|p2a: Xerneas|Thunder|p1a: Zacian\n|-damage|p1a: Zacian|0 fnt\n|faint|p1a: Zacian\n|\n|win|hexagonereal\n|raw|27frd's rating: 1311 &rarr; <strong>1298<\/strong><br \/>(-13 for losing)\n|raw|hexagonereal's rating: 1443 &rarr; <strong>1456<\/strong><br \/>(+13 for winning)\n|l|\u260627frd\n","uploadtime":1700825671,"views":10,"p1id":"27frd","p2id":"hexagonereal","formatid":"gen9nationaldexubers","rating":1298,"private":0,"password":""}