{"id":"gen9nationaldexubers-1991105855","p1":"cutdihacker","p2":"Delcanine","format":"[Gen 9] National Dex Ubers","log":"|j|\u2606cutdihacker\n|j|\u2606Delcanine\n|t:|1700043776\n|gametype|singles\n|player|p1|cutdihacker|steven|1474\n|player|p2|Delcanine|artist|1648\n|teamsize|p1|6\n|teamsize|p2|6\n|gen|9\n|tier|[Gen 9] National Dex Ubers\n|rated|\n|rule|HP Percentage Mod: HP is shown in percentages\n|rule|Endless Battle Clause: Forcing endless battles is banned\n|rule|OHKO Clause: OHKO moves are banned\n|rule|Evasion Moves Clause: Evasion moves are banned\n|rule|Evasion Items Clause: Evasion items are banned\n|rule|Species Clause: Limit one of each Pok\u00e9mon\n|rule|Sleep Clause Mod: Limit one foe put to sleep\n|rule|Mega Rayquaza Clause: You cannot mega evolve Rayquaza\n|clearpoke\n|poke|p1|Yveltal|\n|poke|p1|Chien-Pao|\n|poke|p1|Chi-Yu|\n|poke|p1|Darkrai|\n|poke|p1|Urshifu-*, F|\n|poke|p1|Kingambit, F|\n|poke|p2|Zygarde|\n|poke|p2|Yveltal|\n|poke|p2|Zacian-*|\n|poke|p2|Kyurem-White|\n|poke|p2|Kyogre|\n|poke|p2|Necrozma-Dusk-Mane|\n|teampreview\n|inactive|Battle timer is ON: inactive players will automatically lose when time's up. (requested by Delcanine)\n|\n|t:|1700043796\n|start\n|switch|p1a: Darkrai|Darkrai|100\/100\n|switch|p2a: Yveltal|Yveltal|100\/100\n|-ability|p2a: Yveltal|Dark Aura\n|turn|1\n|\n|t:|1700043811\n|-zpower|p1a: Darkrai\n|move|p1a: Darkrai|Z-Hypnosis|p2a: Yveltal|[anim]Hypnosis|[miss]\n|-boost|p1a: Darkrai|spe|1|[zeffect]\n|-miss|p1a: Darkrai|p2a: Yveltal\n|move|p2a: Yveltal|Oblivion Wing|p1a: Darkrai\n|-damage|p1a: Darkrai|48\/100\n|\n|upkeep\n|turn|2\n|\n|t:|1700043824\n|move|p1a: Darkrai|Sludge Bomb|p2a: Yveltal\n|-damage|p2a: Yveltal|72\/100\n|move|p2a: Yveltal|Oblivion Wing|p1a: Darkrai\n|-damage|p1a: Darkrai|0 fnt\n|-heal|p2a: Yveltal|98\/100|[from] drain|[of] p1a: Darkrai\n|faint|p1a: Darkrai\n|\n|upkeep\n|\n|t:|1700043835\n|switch|p1a: Chien-Pao|Chien-Pao|100\/100\n|-ability|p1a: Chien-Pao|Sword of Ruin\n|turn|3\n|\n|t:|1700043844\n|switch|p2a: Necrozma|Necrozma-Dusk-Mane|100\/100\n|move|p1a: Chien-Pao|Icicle Crash|p2a: Necrozma\n|-resisted|p2a: Necrozma\n|-damage|p2a: Necrozma|87\/100\n|\n|upkeep\n|turn|4\n|\n|t:|1700043856\n|move|p1a: Chien-Pao|Crunch|p2a: Necrozma\n|-supereffective|p2a: Necrozma\n|-damage|p2a: Necrozma|46\/100\n|-damage|p1a: Chien-Pao|84\/100|[from] item: Rocky Helmet|[of] p2a: Necrozma\n|move|p2a: Necrozma|Sunsteel Strike|p1a: Chien-Pao\n|-supereffective|p1a: Chien-Pao\n|-damage|p1a: Chien-Pao|0 fnt\n|faint|p1a: Chien-Pao\n|\n|upkeep\n|\n|t:|1700043867\n|switch|p1a: Yveltal|Yveltal, shiny|100\/100\n|-ability|p1a: Yveltal|Dark Aura\n|turn|5\n|\n|t:|1700043872\n|switch|p2a: Kyogre|Kyogre|100\/100\n|detailschange|p2a: Kyogre|Kyogre-Primal\n|-primal|p2a: Kyogre|Blue Orb\n|-weather|PrimordialSea|[from] ability: Primordial Sea|[of] p2a: Kyogre\n|move|p1a: Yveltal|Foul Play|p2a: Kyogre\n|-damage|p2a: Kyogre|60\/100\n|\n|-weather|PrimordialSea|[upkeep]\n|upkeep\n|turn|6\n|\n|t:|1700043887\n|-weather|none\n|switch|p2a: Yveltal|Yveltal|98\/100\n|-ability|p2a: Yveltal|Dark Aura\n|move|p1a: Yveltal|Foul Play|p2a: Yveltal\n|-resisted|p2a: Yveltal\n|-damage|p2a: Yveltal|73\/100\n|\n|upkeep\n|turn|7\n|\n|t:|1700043897\n|move|p2a: Yveltal|Oblivion Wing|p1a: Yveltal\n|-damage|p1a: Yveltal|78\/100\n|-heal|p2a: Yveltal|93\/100|[from] drain|[of] p1a: Yveltal\n|move|p1a: Yveltal|Knock Off|p2a: Yveltal\n|-resisted|p2a: Yveltal\n|-damage|p2a: Yveltal|62\/100\n|-enditem|p2a: Yveltal|Heavy-Duty Boots|[from] move: Knock Off|[of] p1a: Yveltal\n|\n|upkeep\n|turn|8\n|\n|t:|1700043909\n|move|p2a: Yveltal|Oblivion Wing|p1a: Yveltal\n|-damage|p1a: Yveltal|56\/100\n|-heal|p2a: Yveltal|81\/100|[from] drain|[of] p1a: Yveltal\n|move|p1a: Yveltal|Foul Play|p2a: Yveltal\n|-resisted|p2a: Yveltal\n|-damage|p2a: Yveltal|58\/100\n|\n|upkeep\n|turn|9\n|\n|t:|1700043922\n|switch|p1a: Kingambit|Kingambit, F|100\/100\n|-activate|p1a: Kingambit|ability: Supreme Overlord\n|-start|p1a: Kingambit|fallen2|[silent]\n|move|p2a: Yveltal|Oblivion Wing|p1a: Kingambit\n|-resisted|p1a: Kingambit\n|-damage|p1a: Kingambit|74\/100\n|-heal|p2a: Yveltal|75\/100|[from] drain|[of] p1a: Kingambit\n|\n|upkeep\n|turn|10\n|\n|t:|1700043933\n|move|p2a: Yveltal|Heat Wave|p1a: Kingambit\n|-supereffective|p1a: Kingambit\n|-crit|p1a: Kingambit\n|-damage|p1a: Kingambit|0 fnt\n|faint|p1a: Kingambit\n|-end|p1a: Kingambit|fallen2|[silent]\n|\n|upkeep\n|\n|t:|1700043946\n|switch|p1a: Urshifu|Urshifu, F|100\/100\n|turn|11\n|\n|t:|1700043951\n|-terastallize|p1a: Urshifu|Dark\n|move|p2a: Yveltal|Oblivion Wing|p1a: Urshifu\n|-damage|p1a: Urshifu|32\/100\n|-heal|p2a: Yveltal|100\/100|[from] drain|[of] p1a: Urshifu\n|move|p1a: Urshifu|Wicked Blow|p2a: Yveltal\n|-resisted|p2a: Yveltal\n|-crit|p2a: Yveltal\n|-damage|p2a: Yveltal|15\/100\n|\n|upkeep\n|turn|12\n|\n|t:|1700043962\n|move|p2a: Yveltal|Oblivion Wing|p1a: Urshifu\n|-damage|p1a: Urshifu|0 fnt\n|-heal|p2a: Yveltal|35\/100|[from] drain|[of] p1a: Urshifu\n|faint|p1a: Urshifu\n|\n|upkeep\n|\n|t:|1700043969\n|switch|p1a: Chi-Yu|Chi-Yu|100\/100\n|-ability|p1a: Chi-Yu|Beads of Ruin\n|turn|13\n|\n|t:|1700043973\n|move|p1a: Chi-Yu|Flamethrower|p2a: Yveltal\n|-damage|p2a: Yveltal|0 fnt\n|faint|p2a: Yveltal\n|\n|upkeep\n|\n|t:|1700043977\n|switch|p2a: Kyogre|Kyogre-Primal|60\/100\n|-weather|PrimordialSea|[from] ability: Primordial Sea|[of] p2a: Kyogre\n|turn|14\n|\n|t:|1700043982\n|switch|p1a: Yveltal|Yveltal, shiny|56\/100\n|-ability|p1a: Yveltal|Dark Aura\n|move|p2a: Kyogre|Hydro Pump|p1a: Yveltal\n|-damage|p1a: Yveltal|2\/100\n|\n|-weather|PrimordialSea|[upkeep]\n|upkeep\n|turn|15\n|\n|t:|1700043993\n|move|p1a: Yveltal|Knock Off|p2a: Kyogre\n|-damage|p2a: Kyogre|31\/100\n|move|p2a: Kyogre|Ice Beam|p1a: Yveltal\n|-supereffective|p1a: Yveltal\n|-damage|p1a: Yveltal|0 fnt\n|faint|p1a: Yveltal\n|\n|-weather|PrimordialSea|[upkeep]\n|upkeep\n|-message|cutdihacker forfeited.\n|\n|win|Delcanine\n|raw|cutdihacker's rating: 1474 &rarr; <strong>1463<\/strong><br \/>(-11 for losing)\n|raw|Delcanine's rating: 1648 &rarr; <strong>1659<\/strong><br \/>(+11 for winning)\n|l|\u2606cutdihacker\n","uploadtime":1700044004,"views":7,"p1id":"cutdihacker","p2id":"delcanine","formatid":"gen9nationaldexubers","rating":1463,"private":0,"password":""}