{"id":"gen9nationaldexubers-1978573488","p1":"AceTheInadequate","p2":"RyndarPlays","format":"[Gen 9] National Dex Ubers","log":"|j|\u2606AceTheInadequate\n|j|\u2606RyndarPlays\n|t:|1698558492\n|gametype|singles\n|player|p1|AceTheInadequate|guitarist|\n|player|p2|RyndarPlays|169|\n|teamsize|p1|6\n|teamsize|p2|6\n|gen|9\n|tier|[Gen 9] National Dex Ubers\n|rule|HP Percentage Mod: HP is shown in percentages\n|rule|Endless Battle Clause: Forcing endless battles is banned\n|rule|OHKO Clause: OHKO moves are banned\n|rule|Evasion Moves Clause: Evasion moves are banned\n|rule|Evasion Items Clause: Evasion items are banned\n|rule|Species Clause: Limit one of each Pok\u00e9mon\n|rule|Sleep Clause Mod: Limit one foe put to sleep\n|rule|Mega Rayquaza Clause: You cannot mega evolve Rayquaza\n|clearpoke\n|poke|p1|Volcarona, M|\n|poke|p1|Scizor, F|\n|poke|p1|Slither Wing|\n|poke|p1|Araquanid, M|\n|poke|p1|Ribombee, F|\n|poke|p1|Galvantula, M|\n|poke|p2|Pangoro, F|\n|poke|p2|Greninja-*, M|\n|poke|p2|Sharpedo, F|\n|poke|p2|Grimmsnarl, M|\n|poke|p2|Iron Jugulis|\n|poke|p2|Bisharp, M|\n|teampreview\n|\n|t:|1698558523\n|start\n|switch|p1a: Tinkerbell|Ribombee, F|100\/100\n|switch|p2a: Iron Jugulis|Iron Jugulis|100\/100\n|-enditem|p2a: Iron Jugulis|Booster Energy\n|-activate|p2a: Iron Jugulis|ability: Quark Drive|[fromitem]\n|-start|p2a: Iron Jugulis|quarkdrivespe\n|turn|1\n|\n|t:|1698558532\n|move|p2a: Iron Jugulis|Air Slash|p1a: Tinkerbell\n|-supereffective|p1a: Tinkerbell\n|-damage|p1a: Tinkerbell|3\/100\n|-enditem|p1a: Tinkerbell|Aguav Berry|[eat]\n|-heal|p1a: Tinkerbell|36\/100|[from] item: Aguav Berry\n|move|p1a: Tinkerbell|Sticky Web|p2a: Iron Jugulis\n|-sidestart|p2: RyndarPlays|move: Sticky Web\n|\n|upkeep\n|turn|2\n|\n|t:|1698558537\n|move|p2a: Iron Jugulis|Air Slash|p1a: Tinkerbell|[miss]\n|-miss|p2a: Iron Jugulis|p1a: Tinkerbell\n|move|p1a: Tinkerbell|Psychic|p2a: Iron Jugulis\n|-immune|p2a: Iron Jugulis\n|\n|upkeep\n|turn|3\n|\n|t:|1698558557\n|move|p2a: Iron Jugulis|Air Slash|p1a: Tinkerbell\n|-supereffective|p1a: Tinkerbell\n|-damage|p1a: Tinkerbell|0 fnt\n|faint|p1a: Tinkerbell\n|\n|upkeep\n|\n|t:|1698558568\n|switch|p1a: Apollo|Araquanid, M|100\/100\n|turn|4\n|\n|t:|1698558575\n|move|p2a: Iron Jugulis|Air Slash|p1a: Apollo\n|-supereffective|p1a: Apollo\n|-damage|p1a: Apollo|58\/100\n|move|p1a: Apollo|Leech Life|p2a: Iron Jugulis\n|-damage|p2a: Iron Jugulis|63\/100\n|-heal|p1a: Apollo|76\/100|[from] drain|[of] p2a: Iron Jugulis\n|\n|upkeep\n|turn|5\n|\n|t:|1698558587\n|move|p2a: Iron Jugulis|Flash Cannon|p1a: Apollo\n|-resisted|p1a: Apollo\n|-crit|p1a: Apollo\n|-damage|p1a: Apollo|67\/100\n|move|p1a: Apollo|Leech Life|p2a: Iron Jugulis\n|-damage|p2a: Iron Jugulis|25\/100\n|-heal|p1a: Apollo|85\/100|[from] drain|[of] p2a: Iron Jugulis\n|\n|upkeep\n|turn|6\n|\n|t:|1698558597\n|-end|p2a: Iron Jugulis|Quark Drive|[silent]\n|switch|p2a: Bisharp|Bisharp, M|100\/100\n|-activate|p2a: Bisharp|move: Sticky Web\n|-unboost|p2a: Bisharp|spe|1\n|-ability|p2a: Bisharp|Defiant|boost\n|-boost|p2a: Bisharp|atk|2\n|move|p1a: Apollo|Leech Life|p2a: Bisharp\n|-damage|p2a: Bisharp|80\/100\n|-heal|p1a: Apollo|95\/100|[from] drain|[of] p2a: Bisharp\n|\n|upkeep\n|turn|7\n|\n|t:|1698558601\n|move|p1a: Apollo|Liquidation|p2a: Bisharp\n|-damage|p2a: Bisharp|39\/100\n|move|p2a: Bisharp|Stealth Rock|p1a: Apollo\n|-sidestart|p1: AceTheInadequate|move: Stealth Rock\n|\n|upkeep\n|turn|8\n|\n|t:|1698558608\n|move|p2a: Bisharp|Sucker Punch|p1a: Apollo\n|-damage|p1a: Apollo|6\/100\n|move|p1a: Apollo|Liquidation|p2a: Bisharp\n|-damage|p2a: Bisharp|0 fnt\n|faint|p2a: Bisharp\n|\n|upkeep\n|\n|t:|1698558616\n|switch|p2a: Greninja|Greninja, M|100\/100\n|-activate|p2a: Greninja|move: Sticky Web\n|-unboost|p2a: Greninja|spe|1\n|turn|9\n|\n|t:|1698558626\n|move|p2a: Greninja|Tera Blast|p1a: Apollo\n|-damage|p1a: Apollo|0 fnt\n|faint|p1a: Apollo\n|-ability|p2a: Greninja|Battle Bond|boost\n|-boost|p2a: Greninja|atk|1\n|-boost|p2a: Greninja|spa|1\n|-boost|p2a: Greninja|spe|1\n|-activate|p2a: Greninja|ability: Battle Bond\n|\n|upkeep\n|\n|t:|1698558629\n|switch|p1a: Vegeta|Slither Wing, shiny|100\/100\n|-damage|p1a: Vegeta|88\/100|[from] Stealth Rock\n|-enditem|p1a: Vegeta|Booster Energy\n|-activate|p1a: Vegeta|ability: Protosynthesis|[fromitem]\n|-start|p1a: Vegeta|protosynthesisatk\n|turn|10\n|\n|t:|1698558637\n|-terastallize|p2a: Greninja|Rock\n|move|p1a: Vegeta|First Impression|p2a: Greninja\n|-damage|p2a: Greninja|0 fnt\n|faint|p2a: Greninja\n|\n|upkeep\n|\n|t:|1698558644\n|switch|p2a: Iron Jugulis|Iron Jugulis|25\/100\n|turn|11\n|\n|t:|1698558652\n|-terastallize|p1a: Vegeta|Ground\n|move|p2a: Iron Jugulis|Air Slash|p1a: Vegeta\n|-damage|p1a: Vegeta|48\/100\n|cant|p1a: Vegeta|flinch\n|\n|upkeep\n|turn|12\n|\n|t:|1698558659\n|move|p2a: Iron Jugulis|Earth Power|p1a: Vegeta\n|-damage|p1a: Vegeta|16\/100\n|move|p1a: Vegeta|Earthquake|p2a: Iron Jugulis\n|-immune|p2a: Iron Jugulis\n|\n|upkeep\n|turn|13\n|\n|t:|1698558687\n|-end|p1a: Vegeta|Protosynthesis|[silent]\n|switch|p1a: McQueen|Scizor, F|100\/100\n|-damage|p1a: McQueen|88\/100|[from] Stealth Rock\n|move|p2a: Iron Jugulis|Earth Power|p1a: McQueen\n|-crit|p1a: McQueen\n|-damage|p1a: McQueen|31\/100\n|\n|upkeep\n|turn|14\n|\n|t:|1698558693\n|detailschange|p1a: McQueen|Scizor-Mega, F\n|-mega|p1a: McQueen|Scizor|Scizorite\n|move|p1a: McQueen|Bullet Punch|p2a: Iron Jugulis\n|-damage|p2a: Iron Jugulis|0 fnt\n|faint|p2a: Iron Jugulis\n|-end|p2a: Iron Jugulis|Quark Drive|[silent]\n|\n|upkeep\n|\n|t:|1698558697\n|switch|p2a: Pangoro|Pangoro, F|100\/100\n|-activate|p2a: Pangoro|move: Sticky Web\n|-unboost|p2a: Pangoro|spe|1\n|turn|15\n|\n|t:|1698558728\n|move|p1a: McQueen|Bullet Punch|p2a: Pangoro\n|-damage|p2a: Pangoro|60\/100\n|move|p2a: Pangoro|Power-Up Punch|p1a: McQueen\n|-damage|p1a: McQueen|5\/100\n|-boost|p2a: Pangoro|atk|1\n|-damage|p2a: Pangoro|50\/100|[from] item: Life Orb\n|\n|upkeep\n|turn|16\n|\n|t:|1698558734\n|move|p1a: McQueen|Bullet Punch|p2a: Pangoro\n|-damage|p2a: Pangoro|8\/100\n|move|p2a: Pangoro|Bullet Punch|p1a: McQueen\n|-resisted|p1a: McQueen\n|-damage|p1a: McQueen|0 fnt\n|faint|p1a: McQueen\n|-damage|p2a: Pangoro|0 fnt|[from] item: Life Orb\n|faint|p2a: Pangoro\n|\n|upkeep\n|\n|t:|1698558741\n|switch|p1a: Vegeta|Slither Wing, shiny, tera:Ground|16\/100\n|switch|p2a: Grimmsnarl|Grimmsnarl, M|100\/100\n|-damage|p1a: Vegeta|10\/100|[from] Stealth Rock\n|-activate|p2a: Grimmsnarl|move: Sticky Web\n|-unboost|p2a: Grimmsnarl|spe|1\n|turn|17\n|\n|t:|1698558748\n|move|p1a: Vegeta|First Impression|p2a: Grimmsnarl\n|-damage|p2a: Grimmsnarl|41\/100\n|move|p2a: Grimmsnarl|Reflect|p2a: Grimmsnarl\n|-sidestart|p2: RyndarPlays|Reflect\n|\n|upkeep\n|turn|18\n|\n|t:|1698558754\n|move|p1a: Vegeta|U-turn|p2a: Grimmsnarl\n|-damage|p2a: Grimmsnarl|18\/100\n|\n|t:|1698558756\n|-end|p1a: Vegeta|Protosynthesis|[silent]\n|switch|p1a: Here comes the sun|Volcarona, M|100\/100|[from] U-turn\n|move|p2a: Grimmsnarl|Spirit Break|p1a: Here comes the sun\n|-resisted|p1a: Here comes the sun\n|-damage|p1a: Here comes the sun|75\/100\n|-unboost|p1a: Here comes the sun|spa|1\n|\n|upkeep\n|turn|19\n|\n|t:|1698558764\n|move|p2a: Grimmsnarl|Light Screen|p2a: Grimmsnarl\n|-sidestart|p2: RyndarPlays|move: Light Screen\n|move|p1a: Here comes the sun|Quiver Dance|p1a: Here comes the sun\n|-boost|p1a: Here comes the sun|spa|1\n|-boost|p1a: Here comes the sun|spd|1\n|-boost|p1a: Here comes the sun|spe|1\n|\n|upkeep\n|turn|20\n|\n|t:|1698558769\n|move|p2a: Grimmsnarl|Parting Shot|p1a: Here comes the sun\n|-unboost|p1a: Here comes the sun|atk|1\n|-unboost|p1a: Here comes the sun|spa|1\n|\n|t:|1698558773\n|switch|p2a: Sharpedo|Sharpedo, F|100\/100|[from] Parting Shot\n|-activate|p2a: Sharpedo|move: Sticky Web\n|-unboost|p2a: Sharpedo|spe|1\n|move|p1a: Here comes the sun|Bug Buzz|p2a: Sharpedo\n|-supereffective|p2a: Sharpedo\n|-damage|p2a: Sharpedo|18\/100\n|\n|upkeep\n|turn|21\n|\n|t:|1698558779\n|detailschange|p2a: Sharpedo|Sharpedo-Mega, F\n|-mega|p2a: Sharpedo|Sharpedo|Sharpedonite\n|move|p1a: Here comes the sun|Bug Buzz|p2a: Sharpedo\n|-supereffective|p2a: Sharpedo\n|-damage|p2a: Sharpedo|0 fnt\n|faint|p2a: Sharpedo\n|\n|upkeep\n|\n|t:|1698558782\n|switch|p2a: Grimmsnarl|Grimmsnarl, M|18\/100\n|-activate|p2a: Grimmsnarl|move: Sticky Web\n|-unboost|p2a: Grimmsnarl|spe|1\n|turn|22\n|\n|t:|1698558784\n|move|p1a: Here comes the sun|Bug Buzz|p2a: Grimmsnarl\n|-damage|p2a: Grimmsnarl|6\/100\n|move|p2a: Grimmsnarl|Spirit Break|p1a: Here comes the sun\n|-resisted|p1a: Here comes the sun\n|-damage|p1a: Here comes the sun|50\/100\n|-unboost|p1a: Here comes the sun|spa|1\n|\n|upkeep\n|turn|23\n|\n|t:|1698558788\n|move|p1a: Here comes the sun|Bug Buzz|p2a: Grimmsnarl\n|-damage|p2a: Grimmsnarl|0 fnt\n|faint|p2a: Grimmsnarl\n|\n|win|AceTheInadequate\n|l|\u2606RyndarPlays\n","uploadtime":1698558836,"views":8,"p1id":"acetheinadequate","p2id":"ryndarplays","formatid":"gen9nationaldexubers","rating":0,"private":0,"password":""}