{"id":"gen9nationaldexubers-2000043499","p1":"Boston Blisseys","p2":"medi34","format":"[Gen 9] National Dex Ubers","log":"|j|\u2606Boston Blisseys\n|j|\u2606medi34\n|t:|1701145214\n|gametype|singles\n|player|p1|Boston Blisseys|shadowtriad|\n|player|p2|medi34|102|\n|teamsize|p1|6\n|teamsize|p2|6\n|gen|9\n|tier|[Gen 9] National Dex Ubers\n|rule|HP Percentage Mod: HP is shown in percentages\n|rule|Endless Battle Clause: Forcing endless battles is banned\n|rule|OHKO Clause: OHKO moves are banned\n|rule|Evasion Moves Clause: Evasion moves are banned\n|rule|Evasion Items Clause: Evasion items are banned\n|rule|Species Clause: Limit one of each Pok\u00e9mon\n|rule|Sleep Clause Mod: Limit one foe put to sleep\n|rule|Mega Rayquaza Clause: You cannot mega evolve Rayquaza\n|clearpoke\n|poke|p1|Palkia-Origin|\n|poke|p1|Rillaboom, F|\n|poke|p1|Dragapult, M|\n|poke|p1|Arcanine-Hisui, F|\n|poke|p1|Quaquaval, M|\n|poke|p1|Umbreon, M|\n|poke|p2|Corviknight, F|\n|poke|p2|Meowscarada, F|\n|poke|p2|Sandy Shocks|\n|poke|p2|Groudon|\n|poke|p2|Florges-White, F|\n|poke|p2|Skeledirge, F|\n|teampreview\n|j| divineblaze\n|c|\u2606Boston Blisseys|glhf\n|c|\u2606medi34|glhf!\n|c| divineblaze|LET'S GOOO\n|c| divineblaze|glhf boys\n|\n|t:|1701145256\n|start\n|switch|p1a: am|Rillaboom, F|100\/100\n|switch|p2a: meow meow|Meowscarada, F|100\/100\n|-fieldstart|move: Grassy Terrain|[from] ability: Grassy Surge|[of] p1a: am\n|turn|1\n|\n|t:|1701145276\n|move|p1a: am|Fake Out|p2a: meow meow\n|-damage|p2a: meow meow|79\/100\n|cant|p2a: meow meow|flinch\n|\n|-heal|p2a: meow meow|85\/100|[from] Grassy Terrain\n|upkeep\n|turn|2\n|\n|t:|1701145283\n|move|p2a: meow meow|U-turn|p1a: am\n|-start|p2a: meow meow|typechange|Bug|[from] ability: Protean\n|-supereffective|p1a: am\n|-damage|p1a: am|14\/100\n|\n|t:|1701145288\n|switch|p2a: Scarmorie|Corviknight, F, shiny|100\/100|[from] U-turn\n|-ability|p2a: Scarmorie|Pressure\n|move|p1a: am|Knock Off|p2a: Scarmorie\n|-damage|p2a: Scarmorie|82\/100\n|-damage|p1a: am|0 fnt|[from] item: Rocky Helmet|[of] p2a: Scarmorie\n|faint|p1a: am\n|\n|upkeep\n|\n|t:|1701145305\n|switch|p1a: I|Palkia-Origin|100\/100\n|-ability|p1a: I|Pressure\n|turn|3\n|\n|t:|1701145361\n|switch|p2a: flower|Florges-White, F, shiny|100\/100\n|move|p1a: I|Fire Blast|p2a: flower\n|-damage|p2a: flower|76\/100\n|\n|-heal|p2a: flower|82\/100|[from] Grassy Terrain\n|-heal|p2a: flower|89\/100|[from] item: Leftovers\n|upkeep\n|turn|4\n|\n|t:|1701145396\n|-terastallize|p1a: I|Fairy\n|move|p1a: I|Hydro Pump|p2a: flower\n|-damage|p2a: flower|46\/100\n|move|p2a: flower|Calm Mind|p2a: flower\n|-boost|p2a: flower|spa|1\n|-boost|p2a: flower|spd|1\n|\n|-heal|p2a: flower|52\/100|[from] Grassy Terrain\n|-heal|p2a: flower|58\/100|[from] item: Leftovers\n|upkeep\n|turn|5\n|\n|t:|1701145411\n|move|p2a: flower|Protect|p2a: flower\n|-singleturn|p2a: flower|Protect\n|move|p1a: I|Hydro Pump|p2a: flower\n|-activate|p2a: flower|move: Protect\n|\n|-heal|p2a: flower|64\/100|[from] Grassy Terrain\n|-heal|p2a: flower|70\/100|[from] item: Leftovers\n|-fieldend|move: Grassy Terrain\n|upkeep\n|turn|6\n|\n|t:|1701145436\n|move|p1a: I|Hydro Pump|p2a: flower\n|-damage|p2a: flower|40\/100\n|move|p2a: flower|Calm Mind|p2a: flower\n|-boost|p2a: flower|spa|1\n|-boost|p2a: flower|spd|1\n|\n|-heal|p2a: flower|46\/100|[from] item: Leftovers\n|upkeep\n|turn|7\n|\n|t:|1701145454\n|switch|p1a: not|Dragapult, M|100\/100\n|move|p2a: flower|Protect||[still]\n|-fail|p2a: flower\n|\n|-heal|p2a: flower|52\/100|[from] item: Leftovers\n|upkeep\n|turn|8\n|\n|t:|1701145485\n|-zpower|p1a: not\n|move|p1a: not|Never-Ending Nightmare|p2a: flower|[zeffect]\n|-damage|p2a: flower|34\/100\n|move|p2a: flower|Moonblast|p1a: not\n|-supereffective|p1a: not\n|-damage|p1a: not|0 fnt\n|faint|p1a: not\n|\n|-heal|p2a: flower|40\/100|[from] item: Leftovers\n|upkeep\n|c| divineblaze|:O\n|\n|t:|1701145495\n|switch|p1a: taking|Arcanine-Hisui, F|100\/100\n|turn|9\n|c|\u2606medi34|:o\n|\n|t:|1701145509\n|move|p2a: flower|Protect|p2a: flower\n|-singleturn|p2a: flower|Protect\n|move|p1a: taking|Head Smash|p2a: flower\n|-activate|p2a: flower|move: Protect\n|\n|-heal|p2a: flower|47\/100|[from] item: Leftovers\n|upkeep\n|turn|10\n|\n|t:|1701145535\n|switch|p2a: dino nugget|Groudon, shiny|100\/100\n|-weather|SunnyDay|[from] ability: Drought|[of] p2a: dino nugget\n|move|p1a: taking|Head Smash|p2a: dino nugget\n|-resisted|p2a: dino nugget\n|-damage|p2a: dino nugget|68\/100\n|\n|-weather|SunnyDay|[upkeep]\n|upkeep\n|turn|11\n|\n|t:|1701145568\n|switch|p1a: I|Palkia-Origin, tera:Fairy|100\/100\n|-ability|p1a: I|Pressure\n|-zpower|p2a: dino nugget\n|move|p2a: dino nugget|Tectonic Rage|p1a: I|[zeffect]\n|-damage|p1a: I|0 fnt\n|faint|p1a: I\n|\n|-weather|SunnyDay|[upkeep]\n|upkeep\n|\n|t:|1701145581\n|switch|p1a: crap|Umbreon, M|100\/100\n|turn|12\n|\n|t:|1701145608\n|switch|p2a: Scarmorie|Corviknight, F, shiny|82\/100\n|-ability|p2a: Scarmorie|Pressure\n|move|p1a: crap|Yawn|p2a: Scarmorie\n|-start|p2a: Scarmorie|move: Yawn|[of] p1a: crap\n|\n|-weather|SunnyDay|[upkeep]\n|upkeep\n|turn|13\n|\n|t:|1701145617\n|move|p2a: Scarmorie|U-turn|p1a: crap\n|-supereffective|p1a: crap\n|-damage|p1a: crap|80\/100\n|\n|t:|1701145663\n|switch|p2a: meow meow|Meowscarada, F|85\/100|[from] U-turn\n|move|p1a: crap|Curse|p1a: crap\n|-unboost|p1a: crap|spe|1\n|-boost|p1a: crap|atk|1\n|-boost|p1a: crap|def|1\n|\n|-weather|SunnyDay|[upkeep]\n|upkeep\n|turn|14\n|\n|t:|1701145686\n|move|p2a: meow meow|Play Rough|p1a: crap\n|-start|p2a: meow meow|typechange|Fairy|[from] ability: Protean\n|-supereffective|p1a: crap\n|-damage|p1a: crap|19\/100\n|-enditem|p1a: crap|Sitrus Berry|[eat]\n|-heal|p1a: crap|44\/100|[from] item: Sitrus Berry\n|move|p1a: crap|Wish|p1a: crap\n|\n|-weather|none\n|upkeep\n|turn|15\n|\n|t:|1701145700\n|switch|p2a: dino nugget|Groudon, shiny|68\/100\n|-weather|SunnyDay|[from] ability: Drought|[of] p2a: dino nugget\n|move|p1a: crap|Yawn|p2a: dino nugget\n|-start|p2a: dino nugget|move: Yawn|[of] p1a: crap\n|\n|-weather|SunnyDay|[upkeep]\n|-heal|p1a: crap|94\/100|[from] move: Wish|[wisher] crap\n|upkeep\n|turn|16\n|\n|t:|1701145745\n|move|p2a: dino nugget|Stealth Rock|p1a: crap\n|-sidestart|p1: Boston Blisseys|move: Stealth Rock\n|move|p1a: crap|Curse|p1a: crap\n|-unboost|p1a: crap|spe|1\n|-boost|p1a: crap|atk|1\n|-boost|p1a: crap|def|1\n|\n|-weather|SunnyDay|[upkeep]\n|-end|p2a: dino nugget|move: Yawn|[silent]\n|-status|p2a: dino nugget|slp\n|upkeep\n|turn|17\n|\n|t:|1701145790\n|switch|p2a: flower|Florges-White, F, shiny|47\/100\n|move|p1a: crap|Curse|p1a: crap\n|-unboost|p1a: crap|spe|1\n|-boost|p1a: crap|atk|1\n|-boost|p1a: crap|def|1\n|\n|-weather|SunnyDay|[upkeep]\n|-heal|p2a: flower|53\/100|[from] item: Leftovers\n|upkeep\n|turn|18\n|\n|t:|1701145809\n|move|p2a: flower|Moonblast|p1a: crap\n|-supereffective|p1a: crap\n|-damage|p1a: crap|52\/100\n|move|p1a: crap|Throat Chop|p2a: flower\n|-resisted|p2a: flower\n|-damage|p2a: flower|31\/100\n|-start|p2a: flower|Throat Chop|[silent]\n|\n|-weather|SunnyDay|[upkeep]\n|-heal|p2a: flower|37\/100|[from] item: Leftovers\n|upkeep\n|turn|19\n|\n|t:|1701145823\n|move|p2a: flower|Moonblast|p1a: crap\n|-supereffective|p1a: crap\n|-damage|p1a: crap|13\/100\n|move|p1a: crap|Yawn|p2a: flower\n|-start|p2a: flower|move: Yawn|[of] p1a: crap\n|\n|-weather|none\n|-heal|p2a: flower|43\/100|[from] item: Leftovers\n|-end|p2a: flower|Throat Chop|[silent]\n|upkeep\n|turn|20\n|\n|t:|1701145852\n|move|p2a: flower|Moonblast|p1a: crap\n|-supereffective|p1a: crap\n|-damage|p1a: crap|0 fnt\n|faint|p1a: crap\n|\n|-heal|p2a: flower|49\/100|[from] item: Leftovers\n|-end|p2a: flower|move: Yawn|[silent]\n|-message|Sleep Clause Mod activated.\n|-hint|Sleep Clause Mod prevents players from putting more than one of their opponent's Pok\u00e9mon to sleep at a time\n|upkeep\n|c|\u2606Boston Blisseys|crap I forgot about sleep clause\n|\n|t:|1701145872\n|switch|p1a: this|Quaquaval, M|100\/100\n|-damage|p1a: this|94\/100|[from] Stealth Rock\n|turn|21\n|c|\u2606medi34|honestly for a sec I thought yawn would circumvent it\n|c| divineblaze|this ain't VGC\n|c|\u2606medi34|lol\n|c|\u2606Boston Blisseys|Yea I know sadly now\n|c| divineblaze|that would be terrifying if yawn ignored sleep clause\n|\n|t:|1701145896\n|-terastallize|p2a: flower|Water\n|move|p1a: this|Aqua Step|p2a: flower\n|-resisted|p2a: flower\n|-damage|p2a: flower|29\/100\n|-boost|p1a: this|spe|1\n|move|p2a: flower|Moonblast|p1a: this\n|-supereffective|p1a: this\n|-damage|p1a: this|9\/100\n|\n|-heal|p1a: this|15\/100|[from] item: Leftovers\n|-heal|p2a: flower|35\/100|[from] item: Leftovers\n|upkeep\n|turn|22\n|\n|t:|1701145912\n|switch|p2a: Scarmorie|Corviknight, F, shiny|82\/100\n|-ability|p2a: Scarmorie|Pressure\n|move|p1a: this|Close Combat|p2a: Scarmorie\n|-damage|p2a: Scarmorie|45\/100\n|-unboost|p1a: this|def|1\n|-unboost|p1a: this|spd|1\n|-damage|p1a: this|0 fnt|[from] item: Rocky Helmet|[of] p2a: Scarmorie\n|faint|p1a: this\n|\n|upkeep\n|\n|t:|1701145921\n|switch|p1a: taking|Arcanine-Hisui, F|100\/100\n|-damage|p1a: taking|76\/100|[from] Stealth Rock\n|turn|23\n|\n|t:|1701145927\n|move|p1a: taking|Flare Blitz|p2a: Scarmorie\n|-supereffective|p2a: Scarmorie\n|-crit|p2a: Scarmorie\n|-damage|p2a: Scarmorie|0 fnt\n|-damage|p1a: taking|59\/100|[from] item: Rocky Helmet|[of] p2a: Scarmorie\n|faint|p2a: Scarmorie\n|\n|upkeep\n|\n|t:|1701145941\n|switch|p2a: I C U|Sandy Shocks|100\/100\n|turn|24\n|\n|t:|1701145948\n|move|p2a: I C U|Earth Power|p1a: taking\n|-supereffective|p1a: taking\n|-damage|p1a: taking|0 fnt\n|faint|p1a: taking\n|\n|win|medi34\n|c|\u2606medi34|gg\n|c|\u2606Boston Blisseys|gg\n|c| divineblaze|gg\n","uploadtime":1701145955,"views":10,"p1id":"bostonblisseys","p2id":"medi34","formatid":"gen9nationaldexubers","rating":0,"private":0,"password":""}