{"id":"gen9nationaldexubers-1981039897","p1":"Pijiest","p2":"FLAME HEART BR","format":"[Gen 9] National Dex Ubers","log":"|j|\u2606Pijiest\n|j|\u2606FLAME HEART BR\n|t:|1698858842\n|gametype|singles\n|player|p1|Pijiest|2|1319\n|player|p2|FLAME HEART BR|cynthia|1200\n|teamsize|p1|6\n|teamsize|p2|6\n|gen|9\n|tier|[Gen 9] National Dex Ubers\n|rated|\n|rule|HP Percentage Mod: HP is shown in percentages\n|rule|Endless Battle Clause: Forcing endless battles is banned\n|rule|OHKO Clause: OHKO moves are banned\n|rule|Evasion Moves Clause: Evasion moves are banned\n|rule|Evasion Items Clause: Evasion items are banned\n|rule|Species Clause: Limit one of each Pok\u00e9mon\n|rule|Sleep Clause Mod: Limit one foe put to sleep\n|rule|Mega Rayquaza Clause: You cannot mega evolve Rayquaza\n|clearpoke\n|poke|p1|Alakazam, M|\n|poke|p1|Ditto|\n|poke|p1|Marshadow|\n|poke|p1|Porygon2|\n|poke|p1|Vanilluxe, M|\n|poke|p1|Calyrex-Ice|\n|poke|p2|Lopunny, F|\n|poke|p2|Groudon|\n|poke|p2|Morpeko, M|\n|poke|p2|Meowstic, M|\n|poke|p2|Dracovish|\n|poke|p2|Lokix, M|\n|teampreview\n|\n|t:|1698858848\n|start\n|switch|p1a: Vanilluxe|Vanilluxe, M|100\/100\n|switch|p2a: Main Mercy|Meowstic, M, shiny|100\/100\n|-weather|Snow|[from] ability: Snow Warning|[of] p1a: Vanilluxe\n|turn|1\n|inactive|Battle timer is ON: inactive players will automatically lose when time's up. (requested by FLAME HEART BR)\n|\n|t:|1698858853\n|move|p2a: Main Mercy|Light Screen|p2a: Main Mercy\n|-sidestart|p2: FLAME HEART BR|move: Light Screen\n|move|p1a: Vanilluxe|Aurora Veil|p1a: Vanilluxe\n|-sidestart|p1: Pijiest|move: Aurora Veil\n|\n|-weather|Snow|[upkeep]\n|upkeep\n|turn|2\n|\n|t:|1698858858\n|move|p2a: Main Mercy|Reflect|p2a: Main Mercy\n|-sidestart|p2: FLAME HEART BR|Reflect\n|move|p1a: Vanilluxe|Blizzard|p2a: Main Mercy\n|-damage|p2a: Main Mercy|85\/100\n|-status|p2a: Main Mercy|frz\n|\n|-weather|Snow|[upkeep]\n|upkeep\n|turn|3\n|\n|t:|1698858875\n|switch|p1a: Calyrex|Calyrex-Ice|100\/100\n|-ability|p1a: Calyrex|As One\n|-ability|p1a: Calyrex|Unnerve\n|cant|p2a: Main Mercy|frz\n|\n|-weather|Snow|[upkeep]\n|upkeep\n|turn|4\n|\n|t:|1698858892\n|switch|p2a: Lokix|Lokix, M|100\/100\n|move|p1a: Calyrex|Glacial Lance|p2a: Lokix\n|-damage|p2a: Lokix|52\/100\n|\n|-weather|Snow|[upkeep]\n|upkeep\n|turn|5\n|\n|t:|1698858902\n|switch|p1a: Marshadow|Marshadow|100\/100\n|move|p2a: Lokix|First Impression|p1a: Marshadow\n|-resisted|p1a: Marshadow\n|-damage|p1a: Marshadow|87\/100\n|\n|-weather|none\n|-sideend|p1: Pijiest|move: Aurora Veil\n|upkeep\n|turn|6\n|\n|t:|1698858911\n|move|p1a: Marshadow|Protect|p1a: Marshadow\n|-singleturn|p1a: Marshadow|Protect\n|move|p2a: Lokix|Sucker Punch||[still]\n|-fail|p2a: Lokix\n|\n|upkeep\n|turn|7\n|\n|t:|1698858922\n|switch|p1a: Vanilluxe|Vanilluxe, M|100\/100\n|-weather|Snow|[from] ability: Snow Warning|[of] p1a: Vanilluxe\n|move|p2a: Lokix|Sucker Punch||[still]\n|-fail|p2a: Lokix\n|\n|-weather|Snow|[upkeep]\n|upkeep\n|turn|8\n|\n|t:|1698858926\n|move|p2a: Lokix|Axe Kick|p1a: Vanilluxe\n|-supereffective|p1a: Vanilluxe\n|-damage|p1a: Vanilluxe|66\/100\n|-start|p1a: Vanilluxe|confusion\n|-activate|p1a: Vanilluxe|confusion\n|move|p1a: Vanilluxe|Aurora Veil|p1a: Vanilluxe\n|-sidestart|p1: Pijiest|move: Aurora Veil\n|\n|-weather|Snow|[upkeep]\n|-heal|p1a: Vanilluxe|72\/100|[from] item: Leftovers\n|-sideend|p2: FLAME HEART BR|move: Light Screen\n|upkeep\n|turn|9\n|\n|t:|1698858932\n|move|p2a: Lokix|Swords Dance|p2a: Lokix\n|-boost|p2a: Lokix|atk|2\n|-activate|p1a: Vanilluxe|confusion\n|move|p1a: Vanilluxe|Blizzard|p2a: Lokix\n|-damage|p2a: Lokix|0 fnt\n|faint|p2a: Lokix\n|\n|-weather|Snow|[upkeep]\n|-heal|p1a: Vanilluxe|78\/100|[from] item: Leftovers\n|-sideend|p2: FLAME HEART BR|Reflect\n|upkeep\n|\n|t:|1698858943\n|switch|p2a: Gojira|Groudon, shiny|100\/100\n|detailschange|p2a: Gojira|Groudon-Primal, shiny\n|-primal|p2a: Gojira|Red Orb\n|-weather|DesolateLand|[from] ability: Desolate Land|[of] p2a: Gojira\n|turn|10\n|\n|t:|1698858962\n|switch|p1a: Ditto|Ditto|100\/100\n|-transform|p1a: Ditto|p2a: Gojira|[from] ability: Imposter\n|move|p2a: Gojira|Rock Polish|p2a: Gojira\n|-boost|p2a: Gojira|spe|2\n|\n|-weather|DesolateLand|[upkeep]\n|upkeep\n|turn|11\n|\n|t:|1698858976\n|move|p2a: Gojira|Swords Dance|p2a: Gojira\n|-boost|p2a: Gojira|atk|2\n|move|p1a: Ditto|Precipice Blades|p2a: Gojira\n|-supereffective|p2a: Gojira\n|-damage|p2a: Gojira|0 fnt\n|faint|p2a: Gojira\n|\n|-weather|DesolateLand|[upkeep]\n|upkeep\n|\n|t:|1698858987\n|switch|p2a: Main Mercy|Meowstic, M, shiny|85\/100 frz\n|turn|12\n|\n|t:|1698858997\n|cant|p2a: Main Mercy|frz\n|move|p1a: Ditto|Precipice Blades|p2a: Main Mercy\n|-damage|p2a: Main Mercy|0 fnt\n|faint|p2a: Main Mercy\n|\n|-weather|DesolateLand|[upkeep]\n|-sideend|p1: Pijiest|move: Aurora Veil\n|upkeep\n|\n|t:|1698859006\n|switch|p2a: Morning bit|Morpeko, M, shiny|100\/100\n|turn|13\n|\n|t:|1698859014\n|move|p2a: Morning bit|Fake Out|p1a: Ditto\n|-crit|p1a: Ditto\n|-damage|p1a: Ditto|87\/100\n|cant|p1a: Ditto|flinch\n|\n|-weather|DesolateLand|[upkeep]\n|-formechange|p2a: Morning bit|Morpeko-Hangry||[from] ability: Hunger Switch\n|upkeep\n|turn|14\n|\n|t:|1698859020\n|move|p1a: Ditto|Precipice Blades|p2a: Morning bit\n|-supereffective|p2a: Morning bit\n|-damage|p2a: Morning bit|0 fnt\n|faint|p2a: Morning bit\n|\n|-weather|DesolateLand|[upkeep]\n|upkeep\n|\n|t:|1698859023\n|switch|p2a: We don't talk here|Lopunny, F, shiny|100\/100\n|turn|15\n|\n|t:|1698859031\n|detailschange|p2a: We don't talk here|Lopunny-Mega, F, shiny\n|-mega|p2a: We don't talk here|Lopunny|Lopunnite\n|move|p2a: We don't talk here|Fake Out|p1a: Ditto\n|-damage|p1a: Ditto|71\/100\n|cant|p1a: Ditto|flinch\n|\n|-weather|DesolateLand|[upkeep]\n|upkeep\n|turn|16\n|\n|t:|1698859051\n|-weather|none\n|switch|p1a: Vanilluxe|Vanilluxe, M|78\/100\n|-weather|Snow|[from] ability: Snow Warning|[of] p1a: Vanilluxe\n|move|p2a: We don't talk here|Return|p1a: Vanilluxe\n|-damage|p1a: Vanilluxe|51\/100\n|\n|-weather|Snow|[upkeep]\n|-heal|p1a: Vanilluxe|57\/100|[from] item: Leftovers\n|upkeep\n|turn|17\n|\n|t:|1698859057\n|move|p2a: We don't talk here|Power-Up Punch|p1a: Vanilluxe\n|-supereffective|p1a: Vanilluxe\n|-damage|p1a: Vanilluxe|34\/100\n|-boost|p2a: We don't talk here|atk|1\n|move|p1a: Vanilluxe|Aurora Veil|p1a: Vanilluxe\n|-sidestart|p1: Pijiest|move: Aurora Veil\n|\n|-weather|Snow|[upkeep]\n|-heal|p1a: Vanilluxe|40\/100|[from] item: Leftovers\n|upkeep\n|turn|18\n|\n|t:|1698859063\n|move|p2a: We don't talk here|Drain Punch|p1a: Vanilluxe\n|-supereffective|p1a: Vanilluxe\n|-damage|p1a: Vanilluxe|6\/100\n|move|p1a: Vanilluxe|Explosion|p2a: We don't talk here\n|-damage|p2a: We don't talk here|36\/100\n|faint|p1a: Vanilluxe\n|\n|-weather|Snow|[upkeep]\n|upkeep\n|\n|t:|1698859069\n|switch|p1a: Ditto|Ditto|71\/100\n|-transform|p1a: Ditto|p2a: We don't talk here|[from] ability: Imposter\n|turn|19\n|\n|t:|1698859075\n|move|p1a: Ditto|Power-Up Punch|p2a: We don't talk here\n|-supereffective|p2a: We don't talk here\n|-damage|p2a: We don't talk here|0 fnt\n|-boost|p1a: Ditto|atk|1\n|faint|p2a: We don't talk here\n|\n|-weather|Snow|[upkeep]\n|upkeep\n|\n|t:|1698859078\n|switch|p2a: Drestroyha|Dracovish, shiny|100\/100\n|turn|20\n|\n|t:|1698859083\n|-terastallize|p2a: Drestroyha|Water\n|move|p1a: Ditto|Power-Up Punch|p2a: Drestroyha\n|-damage|p2a: Drestroyha|58\/100\n|-boost|p1a: Ditto|atk|1\n|move|p2a: Drestroyha|Fishious Rend|p1a: Ditto\n|-damage|p1a: Ditto|31\/100\n|\n|-weather|none\n|upkeep\n|turn|21\n|\n|t:|1698859088\n|move|p1a: Ditto|Power-Up Punch|p2a: Drestroyha\n|-damage|p2a: Drestroyha|2\/100\n|-boost|p1a: Ditto|atk|1\n|move|p2a: Drestroyha|Fishious Rend|p1a: Ditto\n|-damage|p1a: Ditto|0 fnt\n|faint|p1a: Ditto\n|\n|-sideend|p1: Pijiest|move: Aurora Veil\n|upkeep\n|\n|t:|1698859092\n|switch|p1a: Marshadow|Marshadow|87\/100\n|turn|22\n|\n|t:|1698859094\n|move|p1a: Marshadow|Shadow Sneak|p2a: Drestroyha\n|-damage|p2a: Drestroyha|0 fnt\n|faint|p2a: Drestroyha\n|\n|win|Pijiest\n|raw|Pijiest's rating: 1319 &rarr; <strong>1332<\/strong><br \/>(+13 for winning)\n|raw|FLAME HEART BR's rating: 1200 &rarr; <strong>1183<\/strong><br \/>(-17 for losing)\n","uploadtime":1698859098,"views":12,"p1id":"pijiest","p2id":"flameheartbr","formatid":"gen9nationaldexubers","rating":1183,"private":0,"password":""}