{"id":"gen9nationaldexubers-1987479504","p1":"Just B3A$T","p2":"ANinjaDude","format":"[Gen 9] National Dex Ubers","log":"|j|\u2606Just B3A$T\n|j|\u2606ANinjaDude\n|t:|1699598484\n|gametype|singles\n|player|p1|Just B3A$T|bruno|\n|player|p2|ANinjaDude|volkner|\n|teamsize|p1|6\n|teamsize|p2|6\n|gen|9\n|tier|[Gen 9] National Dex Ubers\n|rule|HP Percentage Mod: HP is shown in percentages\n|rule|Endless Battle Clause: Forcing endless battles is banned\n|rule|OHKO Clause: OHKO moves are banned\n|rule|Evasion Moves Clause: Evasion moves are banned\n|rule|Evasion Items Clause: Evasion items are banned\n|rule|Species Clause: Limit one of each Pok\u00e9mon\n|rule|Sleep Clause Mod: Limit one foe put to sleep\n|rule|Mega Rayquaza Clause: You cannot mega evolve Rayquaza\n|clearpoke\n|poke|p1|Ogerpon-Wellspring, F|\n|poke|p1|Gallade, M|\n|poke|p1|Dragapult, M|\n|poke|p1|Heatran, M|\n|poke|p1|Ting-Lu|\n|poke|p1|Rotom-Fan|\n|poke|p2|Landorus-Therian, M|\n|poke|p2|Celesteela|\n|poke|p2|Thundurus-Therian, M|\n|poke|p2|Dragonite, M|\n|poke|p2|Shaymin-Sky|\n|poke|p2|Lopunny, F|\n|teampreview\n|inactive|Battle timer is ON: inactive players will automatically lose when time's up. (requested by Just B3A$T)\n|inactive|ANinjaDude also wants the timer to be on.\n|c|\u2606ANinjaDude|glhf\n|c|\u2606Just B3A$T|u2\n|c|\u2606Just B3A$T|skymin, huh?\n|c|\u2606Just B3A$T|scary\n|c|\u2606ANinjaDude|ye\n|\n|t:|1699598504\n|start\n|switch|p1a: literal pest|Rotom-Fan|100\/100\n|switch|p2a: Landorus|Landorus-Therian, M|100\/100\n|-ability|p2a: Landorus|Intimidate|boost\n|-unboost|p1a: literal pest|atk|1\n|turn|1\n|c|\u2606ANinjaDude|i will unleash the hax\n|\n|t:|1699598511\n|move|p2a: Landorus|Stealth Rock|p1a: literal pest\n|-sidestart|p1: Just B3A$T|move: Stealth Rock\n|move|p1a: literal pest|Air Slash|p2a: Landorus\n|-damage|p2a: Landorus|58\/100\n|\n|upkeep\n|turn|2\n|c|\u2606Just B3A$T|let us see whose hax are stronger!\n|\n|t:|1699598522\n|move|p2a: Landorus|Explosion|p1a: literal pest\n|-damage|p1a: literal pest|0 fnt\n|faint|p2a: Landorus\n|faint|p1a: literal pest\n|\n|upkeep\n|c|\u2606ANinjaDude|lol\n|c|\u2606Just B3A$T|pain\n|c|\u2606ANinjaDude|welcome to boom lando\n|c|\u2606Just B3A$T|everyone runs it\n|\n|t:|1699598541\n|switch|p2a: Celesteela|Celesteela|100\/100\n|switch|p1a: bull?|Ting-Lu|100\/100\n|-damage|p1a: bull?|94\/100|[from] Stealth Rock\n|-ability|p1a: bull?|Vessel of Ruin\n|turn|3\n|c|\u2606Just B3A$T|yet i dont expect it\n|\n|t:|1699598547\n|move|p2a: Celesteela|Air Slash|p1a: bull?\n|-damage|p1a: bull?|75\/100\n|-enditem|p1a: bull?|Red Card|[of] p2a: Celesteela\n|drag|p2a: Dragonite|Dragonite, M|100\/100\n|move|p1a: bull?|Whirlwind|p2a: Dragonite\n|drag|p2a: Celesteela|Celesteela|100\/100\n|\n|upkeep\n|turn|4\n|c|\u2606ANinjaDude|lol\n|c|\u2606ANinjaDude|guess whos back\n|c|\u2606Just B3A$T|wtf\n|\n|t:|1699598557\n|move|p2a: Celesteela|Air Slash|p1a: bull?\n|-damage|p1a: bull?|55\/100\n|move|p1a: bull?|Stealth Rock|p2a: Celesteela\n|-sidestart|p2: ANinjaDude|move: Stealth Rock\n|\n|upkeep\n|turn|5\n|\n|t:|1699598562\n|move|p2a: Celesteela|Air Slash|p1a: bull?\n|-damage|p1a: bull?|35\/100\n|cant|p1a: bull?|flinch\n|\n|upkeep\n|turn|6\n|\n|t:|1699598566\n|move|p2a: Celesteela|Air Slash|p1a: bull?\n|-damage|p1a: bull?|16\/100\n|move|p1a: bull?|Whirlwind|p2a: Celesteela\n|drag|p2a: Shaymin|Shaymin-Sky|100\/100\n|-damage|p2a: Shaymin|76\/100|[from] Stealth Rock\n|\n|upkeep\n|turn|7\n|\n|t:|1699598571\n|move|p2a: Shaymin|Air Slash|p1a: bull?\n|-damage|p1a: bull?|0 fnt\n|faint|p1a: bull?\n|\n|upkeep\n|\n|t:|1699598576\n|switch|p1a: child exploiter|Dragapult, M, shiny|100\/100\n|-damage|p1a: child exploiter|88\/100|[from] Stealth Rock\n|turn|8\n|\n|t:|1699598580\n|move|p2a: Shaymin|Air Slash|p1a: child exploiter\n|-damage|p1a: child exploiter|42\/100\n|cant|p1a: child exploiter|flinch\n|\n|upkeep\n|turn|9\n|c|\u2606Just B3A$T|scarf?\n|c|\u2606Just B3A$T|damn\n|c|\u2606ANinjaDude|lol\n|\n|t:|1699598591\n|switch|p1a: Steampunk|Heatran, M|100\/100\n|-damage|p1a: Steampunk|88\/100|[from] Stealth Rock\n|-item|p1a: Steampunk|Air Balloon\n|move|p2a: Shaymin|Air Slash|p1a: Steampunk\n|-resisted|p1a: Steampunk\n|-damage|p1a: Steampunk|76\/100\n|-enditem|p1a: Steampunk|Air Balloon\n|\n|upkeep\n|turn|10\n|c|\u2606ANinjaDude|with the power of hax on my side\n|\n|t:|1699598598\n|move|p2a: Shaymin|Air Slash|p1a: Steampunk\n|-resisted|p1a: Steampunk\n|-damage|p1a: Steampunk|65\/100\n|move|p1a: Steampunk|Lava Plume|p2a: Shaymin\n|-supereffective|p2a: Shaymin\n|-damage|p2a: Shaymin|0 fnt\n|faint|p2a: Shaymin\n|\n|upkeep\n|c|\u2606ANinjaDude|damn\n|c|\u2606Just B3A$T|well\n|\n|t:|1699598605\n|switch|p2a: Dragonite|Dragonite, M|100\/100\n|turn|11\n|\n|t:|1699598610\n|move|p2a: Dragonite|Earthquake|p1a: Steampunk\n|-supereffective|p1a: Steampunk\n|-damage|p1a: Steampunk|0 fnt\n|faint|p1a: Steampunk\n|\n|upkeep\n|\n|t:|1699598615\n|switch|p1a: child exploiter|Dragapult, M, shiny|42\/100\n|-damage|p1a: child exploiter|29\/100|[from] Stealth Rock\n|turn|12\n|\n|t:|1699598619\n|move|p1a: child exploiter|Draco Meteor|p2a: Dragonite\n|-supereffective|p2a: Dragonite\n|-damage|p2a: Dragonite|13\/100\n|-unboost|p1a: child exploiter|spa|2\n|move|p2a: Dragonite|Earthquake|p1a: child exploiter\n|-damage|p1a: child exploiter|0 fnt\n|faint|p1a: child exploiter\n|\n|upkeep\n|\n|t:|1699598623\n|switch|p1a: It's Oger for You!|Ogerpon-Wellspring, F|100\/100\n|-damage|p1a: It's Oger for You!|88\/100|[from] Stealth Rock\n|turn|13\n|\n|t:|1699598626\n|move|p2a: Dragonite|Extreme Speed|p1a: It's Oger for You!\n|-damage|p1a: It's Oger for You!|53\/100\n|move|p1a: It's Oger for You!|Trailblaze|p2a: Dragonite\n|-resisted|p2a: Dragonite\n|-damage|p2a: Dragonite|5\/100\n|-boost|p1a: It's Oger for You!|spe|1\n|\n|upkeep\n|turn|14\n|\n|t:|1699598642\n|-terastallize|p2a: Dragonite|Normal\n|move|p2a: Dragonite|Extreme Speed|p1a: It's Oger for You!\n|-damage|p1a: It's Oger for You!|0 fnt\n|faint|p1a: It's Oger for You!\n|\n|upkeep\n|c|\u2606Just B3A$T|man\n|\n|t:|1699598647\n|switch|p1a: Ronin|Gallade, M, shiny|100\/100\n|-damage|p1a: Ronin|94\/100|[from] Stealth Rock\n|turn|15\n|c|\u2606ANinjaDude|lol\n|\n|t:|1699598654\n|detailschange|p1a: Ronin|Gallade-Mega, M, shiny\n|-mega|p1a: Ronin|Gallade|Galladite\n|move|p2a: Dragonite|Extreme Speed|p1a: Ronin\n|-damage|p1a: Ronin|40\/100\n|move|p1a: Ronin|Ice Punch|p2a: Dragonite\n|-damage|p2a: Dragonite|0 fnt\n|faint|p2a: Dragonite\n|\n|upkeep\n|c|\u2606ANinjaDude|i didnt even need to ddance\n|\n|t:|1699598660\n|switch|p2a: Lopunny|Lopunny, F|100\/100\n|-damage|p2a: Lopunny|88\/100|[from] Stealth Rock\n|turn|16\n|c|\u2606Just B3A$T|guess i lose\n|c|\u2606Just B3A$T|already\n|\n|t:|1699598666\n|detailschange|p2a: Lopunny|Lopunny-Mega, F\n|-mega|p2a: Lopunny|Lopunny|Lopunnite\n|move|p2a: Lopunny|Fake Out|p1a: Ronin\n|-damage|p1a: Ronin|12\/100\n|move|p1a: Ronin|Close Combat|p2a: Lopunny\n|-supereffective|p2a: Lopunny\n|-crit|p2a: Lopunny\n|-damage|p2a: Lopunny|0 fnt\n|-unboost|p1a: Ronin|def|1\n|-unboost|p1a: Ronin|spd|1\n|faint|p2a: Lopunny\n|\n|upkeep\n|c|\u2606ANinjaDude|lol\n|c|\u2606Just B3A$T|unless\n|\n|t:|1699598674\n|switch|p2a: Celesteela|Celesteela|100\/100\n|-damage|p2a: Celesteela|88\/100|[from] Stealth Rock\n|turn|17\n|c|\u2606Just B3A$T|nah\n|c|\u2606Just B3A$T|gg\n|c|\u2606ANinjaDude|ggs\n|\n|t:|1699598683\n|move|p1a: Ronin|Close Combat|p2a: Celesteela\n|-damage|p2a: Celesteela|13\/100\n|-unboost|p1a: Ronin|def|1\n|-unboost|p1a: Ronin|spd|1\n|move|p2a: Celesteela|Air Slash|p1a: Ronin\n|-supereffective|p1a: Ronin\n|-damage|p1a: Ronin|0 fnt\n|faint|p1a: Ronin\n|\n|win|ANinjaDude\n","uploadtime":1699598697,"views":5,"p1id":"justb3at","p2id":"aninjadude","formatid":"gen9nationaldexubers","rating":0,"private":0,"password":""}