{"id":"gen9nationaldexubers-1985907044","p1":"ShedinjaIsFunnyBug","p2":"flamingwrench11234","format":"[Gen 9] National Dex Ubers","log":"|j|\u2606ShedinjaIsFunnyBug\n|j|\u2606flamingwrench11234\n|t:|1699420704\n|gametype|singles\n|player|p1|ShedinjaIsFunnyBug|101|\n|player|p2|flamingwrench11234|2|\n|teamsize|p1|6\n|teamsize|p2|6\n|gen|9\n|tier|[Gen 9] National Dex Ubers\n|rule|HP Percentage Mod: HP is shown in percentages\n|rule|Endless Battle Clause: Forcing endless battles is banned\n|rule|OHKO Clause: OHKO moves are banned\n|rule|Evasion Moves Clause: Evasion moves are banned\n|rule|Evasion Items Clause: Evasion items are banned\n|rule|Species Clause: Limit one of each Pok\u00e9mon\n|rule|Sleep Clause Mod: Limit one foe put to sleep\n|rule|Mega Rayquaza Clause: You cannot mega evolve Rayquaza\n|clearpoke\n|poke|p1|Chansey, F|\n|poke|p1|Giratina|\n|poke|p1|Ho-Oh|\n|poke|p1|Dondozo, M|\n|poke|p1|Tyranitar, M|\n|poke|p1|Mewtwo|\n|poke|p2|Arceus-Ground|\n|poke|p2|Zygarde|\n|poke|p2|Yveltal|\n|poke|p2|Ho-Oh|\n|poke|p2|Groudon, L99|\n|poke|p2|Necrozma-Dusk-Mane|\n|teampreview\n|\n|t:|1699420718\n|start\n|switch|p1a: Giratina|Giratina|100\/100\n|switch|p2a: Yveltal|Yveltal|100\/100\n|-ability|p2a: Yveltal|Dark Aura\n|-ability|p1a: Giratina|Pressure\n|turn|1\n|\n|t:|1699420729\n|switch|p1a: Tyranitar|Tyranitar, M|100\/100\n|-weather|Sandstorm|[from] ability: Sand Stream|[of] p1a: Tyranitar\n|move|p2a: Yveltal|Taunt|p1a: Tyranitar\n|-start|p1a: Tyranitar|move: Taunt\n|\n|-weather|Sandstorm|[upkeep]\n|-damage|p2a: Yveltal|94\/100|[from] Sandstorm\n|upkeep\n|turn|2\n|\n|t:|1699420732\n|move|p2a: Yveltal|Dark Pulse|p1a: Tyranitar\n|-resisted|p1a: Tyranitar\n|-crit|p1a: Tyranitar\n|-damage|p1a: Tyranitar|78\/100\n|-damage|p2a: Yveltal|84\/100|[from] item: Life Orb\n|move|p1a: Tyranitar|Knock Off|p2a: Yveltal\n|-resisted|p2a: Yveltal\n|-damage|p2a: Yveltal|57\/100\n|-enditem|p2a: Yveltal|Life Orb|[from] move: Knock Off|[of] p1a: Tyranitar\n|\n|-weather|Sandstorm|[upkeep]\n|-damage|p2a: Yveltal|51\/100|[from] Sandstorm\n|upkeep\n|turn|3\n|\n|t:|1699420739\n|switch|p2a: Arceus|Arceus-Ground|100\/100\n|detailschange|p1a: Tyranitar|Tyranitar-Mega, M\n|-mega|p1a: Tyranitar|Tyranitar|Tyranitarite\n|move|p1a: Tyranitar|Knock Off|p2a: Arceus\n|-damage|p2a: Arceus|77\/100\n|\n|-weather|Sandstorm|[upkeep]\n|-end|p1a: Tyranitar|move: Taunt\n|upkeep\n|turn|4\n|\n|t:|1699420744\n|switch|p1a: Giratina|Giratina|100\/100\n|-ability|p1a: Giratina|Pressure\n|move|p2a: Arceus|Toxic|p1a: Giratina\n|-status|p1a: Giratina|tox\n|\n|-weather|Sandstorm|[upkeep]\n|-damage|p1a: Giratina|94\/100 tox|[from] Sandstorm\n|-heal|p1a: Giratina|100\/100 tox|[from] item: Leftovers\n|-damage|p1a: Giratina|94\/100 tox|[from] psn\n|upkeep\n|turn|5\n|\n|t:|1699420751\n|move|p2a: Arceus|Taunt|p1a: Giratina\n|-start|p1a: Giratina|move: Taunt\n|cant|p1a: Giratina|move: Taunt|Toxic\n|\n|-weather|none\n|-heal|p1a: Giratina|100\/100 tox|[from] item: Leftovers\n|-damage|p1a: Giratina|88\/100 tox|[from] psn\n|upkeep\n|turn|6\n|\n|t:|1699420756\n|switch|p1a: Chansey|Chansey, F|100\/100\n|move|p2a: Arceus|Judgment|p1a: Chansey\n|-damage|p1a: Chansey|87\/100\n|\n|upkeep\n|turn|7\n|\n|t:|1699420759\n|move|p2a: Arceus|Taunt|p1a: Chansey\n|-start|p1a: Chansey|move: Taunt\n|move|p1a: Chansey|Seismic Toss|p2a: Arceus\n|-damage|p2a: Arceus|54\/100\n|\n|upkeep\n|turn|8\n|\n|t:|1699420769\n|switch|p2a: Necrozma|Necrozma-Dusk-Mane|100\/100\n|move|p1a: Chansey|Seismic Toss|p2a: Necrozma\n|-damage|p2a: Necrozma|75\/100\n|\n|-heal|p2a: Necrozma|81\/100|[from] item: Leftovers\n|upkeep\n|turn|9\n|\n|t:|1699420772\n|switch|p1a: Mewtwo|Mewtwo|100\/100\n|-ability|p1a: Mewtwo|Pressure\n|move|p2a: Necrozma|Toxic|p1a: Mewtwo|[miss]\n|-miss|p2a: Necrozma|p1a: Mewtwo\n|\n|-heal|p2a: Necrozma|87\/100|[from] item: Leftovers\n|upkeep\n|turn|10\n|\n|t:|1699420777\n|move|p1a: Mewtwo|Will-O-Wisp|p2a: Necrozma\n|-status|p2a: Necrozma|brn\n|move|p2a: Necrozma|Sunsteel Strike|p1a: Mewtwo\n|-damage|p1a: Mewtwo|78\/100\n|-damage|p2a: Necrozma|71\/100 brn|[from] item: Rocky Helmet|[of] p1a: Mewtwo\n|\n|-heal|p2a: Necrozma|77\/100 brn|[from] item: Leftovers\n|-damage|p2a: Necrozma|71\/100 brn|[from] brn\n|upkeep\n|turn|11\n|\n|t:|1699420783\n|move|p1a: Mewtwo|Foul Play|p2a: Necrozma\n|-supereffective|p2a: Necrozma\n|-damage|p2a: Necrozma|43\/100 brn\n|move|p2a: Necrozma|Toxic|p1a: Mewtwo\n|-status|p1a: Mewtwo|tox\n|\n|-heal|p2a: Necrozma|49\/100 brn|[from] item: Leftovers\n|-damage|p1a: Mewtwo|72\/100 tox|[from] psn\n|-damage|p2a: Necrozma|43\/100 brn|[from] brn\n|upkeep\n|turn|12\n|\n|t:|1699420792\n|switch|p1a: Chansey|Chansey, F|87\/100\n|move|p2a: Necrozma|Sunsteel Strike|p1a: Chansey\n|-damage|p1a: Chansey|69\/100\n|\n|-heal|p2a: Necrozma|49\/100 brn|[from] item: Leftovers\n|-damage|p2a: Necrozma|43\/100 brn|[from] brn\n|upkeep\n|turn|13\n|\n|t:|1699420801\n|move|p2a: Necrozma|Sunsteel Strike|p1a: Chansey\n|-damage|p1a: Chansey|49\/100\n|move|p1a: Chansey|Heal Bell|p1a: Chansey\n|-activate|p1a: Chansey|move: Heal Bell\n|-curestatus|p1: Giratina|tox|[msg]\n|-curestatus|p1: Mewtwo|tox|[msg]\n|\n|-heal|p2a: Necrozma|49\/100 brn|[from] item: Leftovers\n|-damage|p2a: Necrozma|43\/100 brn|[from] brn\n|upkeep\n|turn|14\n|\n|t:|1699420805\n|move|p2a: Necrozma|Stealth Rock|p1a: Chansey\n|-sidestart|p1: ShedinjaIsFunnyBug|move: Stealth Rock\n|move|p1a: Chansey|Soft-Boiled|p1a: Chansey\n|-heal|p1a: Chansey|99\/100\n|\n|-heal|p2a: Necrozma|49\/100 brn|[from] item: Leftovers\n|-damage|p2a: Necrozma|43\/100 brn|[from] brn\n|upkeep\n|turn|15\n|\n|t:|1699420829\n|switch|p2a: Yveltal|Yveltal|51\/100\n|-ability|p2a: Yveltal|Dark Aura\n|switch|p1a: Ho-Oh|Ho-Oh|100\/100\n|\n|upkeep\n|turn|16\n|\n|t:|1699420833\n|switch|p1a: Tyranitar|Tyranitar-Mega, M|78\/100\n|-damage|p1a: Tyranitar|66\/100|[from] Stealth Rock\n|-weather|Sandstorm|[from] ability: Sand Stream|[of] p1a: Tyranitar\n|move|p2a: Yveltal|Dark Pulse|p1a: Tyranitar\n|-resisted|p1a: Tyranitar\n|-crit|p1a: Tyranitar\n|-damage|p1a: Tyranitar|50\/100\n|\n|-weather|Sandstorm|[upkeep]\n|-damage|p2a: Yveltal|45\/100|[from] Sandstorm\n|upkeep\n|turn|17\n|\n|t:|1699420839\n|switch|p2a: Arceus|Arceus-Ground|54\/100\n|move|p1a: Tyranitar|Rest|p1a: Tyranitar\n|-status|p1a: Tyranitar|slp|[from] move: Rest\n|-heal|p1a: Tyranitar|100\/100 slp|[silent]\n|\n|-weather|Sandstorm|[upkeep]\n|upkeep\n|turn|18\n|\n|t:|1699420844\n|switch|p1a: Chansey|Chansey, F|99\/100\n|-damage|p1a: Chansey|87\/100|[from] Stealth Rock\n|move|p2a: Arceus|Taunt|p1a: Chansey\n|-start|p1a: Chansey|move: Taunt\n|\n|-weather|Sandstorm|[upkeep]\n|-damage|p1a: Chansey|80\/100|[from] Sandstorm\n|upkeep\n|turn|19\n|\n|t:|1699420846\n|move|p2a: Arceus|Judgment|p1a: Chansey\n|-damage|p1a: Chansey|69\/100\n|move|p1a: Chansey|Seismic Toss|p2a: Arceus\n|-damage|p2a: Arceus|32\/100\n|\n|-weather|Sandstorm|[upkeep]\n|-damage|p1a: Chansey|62\/100|[from] Sandstorm\n|upkeep\n|turn|20\n|\n|t:|1699420848\n|move|p2a: Arceus|Recover|p2a: Arceus\n|-heal|p2a: Arceus|82\/100\n|move|p1a: Chansey|Seismic Toss|p2a: Arceus\n|-damage|p2a: Arceus|59\/100\n|\n|-weather|none\n|-end|p1a: Chansey|move: Taunt\n|upkeep\n|turn|21\n|\n|t:|1699420856\n|-terastallize|p2a: Arceus|Ground\n|move|p2a: Arceus|Judgment|p1a: Chansey\n|-damage|p1a: Chansey|47\/100\n|move|p1a: Chansey|Seismic Toss|p2a: Arceus\n|-damage|p2a: Arceus|37\/100\n|\n|upkeep\n|turn|22\n|\n|t:|1699420860\n|switch|p1a: Giratina|Giratina|88\/100\n|-damage|p1a: Giratina|76\/100|[from] Stealth Rock\n|-ability|p1a: Giratina|Pressure\n|move|p2a: Arceus|Recover|p2a: Arceus\n|-heal|p2a: Arceus|87\/100\n|\n|-heal|p1a: Giratina|82\/100|[from] item: Leftovers\n|upkeep\n|turn|23\n|\n|t:|1699420864\n|move|p2a: Arceus|Judgment|p1a: Giratina\n|-damage|p1a: Giratina|47\/100\n|move|p1a: Giratina|Dragon Tail|p2a: Arceus\n|-damage|p2a: Arceus|73\/100\n|drag|p2a: Yveltal|Yveltal|45\/100\n|-ability|p2a: Yveltal|Dark Aura\n|\n|-heal|p1a: Giratina|53\/100|[from] item: Leftovers\n|upkeep\n|turn|24\n|\n|t:|1699420867\n|switch|p1a: Tyranitar|Tyranitar-Mega, M|100\/100 slp\n|-damage|p1a: Tyranitar|88\/100 slp|[from] Stealth Rock\n|-weather|Sandstorm|[from] ability: Sand Stream|[of] p1a: Tyranitar\n|move|p2a: Yveltal|Oblivion Wing|p1a: Tyranitar\n|-resisted|p1a: Tyranitar\n|-damage|p1a: Tyranitar|79\/100 slp\n|-heal|p2a: Yveltal|52\/100|[from] drain|[of] p1a: Tyranitar\n|\n|-weather|Sandstorm|[upkeep]\n|-damage|p2a: Yveltal|46\/100|[from] Sandstorm\n|upkeep\n|turn|25\n|\n|t:|1699420870\n|switch|p2a: Necrozma|Necrozma-Dusk-Mane|43\/100 brn\n|cant|p1a: Tyranitar|slp\n|\n|-weather|Sandstorm|[upkeep]\n|-heal|p2a: Necrozma|49\/100 brn|[from] item: Leftovers\n|-damage|p2a: Necrozma|43\/100 brn|[from] brn\n|upkeep\n|turn|26\n|\n|t:|1699420874\n|switch|p1a: Ho-Oh|Ho-Oh|100\/100\n|move|p2a: Necrozma|Sunsteel Strike|p1a: Ho-Oh\n|-resisted|p1a: Ho-Oh\n|-damage|p1a: Ho-Oh|92\/100\n|\n|-weather|Sandstorm|[upkeep]\n|-damage|p1a: Ho-Oh|86\/100|[from] Sandstorm\n|-heal|p2a: Necrozma|49\/100 brn|[from] item: Leftovers\n|-damage|p2a: Necrozma|43\/100 brn|[from] brn\n|upkeep\n|turn|27\n|\n|t:|1699420877\n|move|p1a: Ho-Oh|Defog|p2a: Necrozma\n|-unboost|p2a: Necrozma|evasion|1\n|-sideend|p1: ShedinjaIsFunnyBug|Stealth Rock|[from] move: Defog|[of] p1a: Ho-Oh\n|move|p2a: Necrozma|Toxic|p1a: Ho-Oh\n|-status|p1a: Ho-Oh|tox\n|\n|-weather|Sandstorm|[upkeep]\n|-damage|p1a: Ho-Oh|80\/100 tox|[from] Sandstorm\n|-heal|p2a: Necrozma|49\/100 brn|[from] item: Leftovers\n|-damage|p1a: Ho-Oh|74\/100 tox|[from] psn\n|-damage|p2a: Necrozma|43\/100 brn|[from] brn\n|upkeep\n|turn|28\n|\n|t:|1699420881\n|move|p1a: Ho-Oh|Sacred Fire|p2a: Necrozma\n|-supereffective|p2a: Necrozma\n|-crit|p2a: Necrozma\n|-damage|p2a: Necrozma|0 fnt\n|faint|p2a: Necrozma\n|\n|-weather|none\n|-damage|p1a: Ho-Oh|62\/100 tox|[from] psn\n|upkeep\n|\n|t:|1699420886\n|switch|p2a: Zygarde|Zygarde|100\/100\n|turn|29\n|\n|t:|1699420892\n|switch|p1a: Dondozo|Dondozo, M|100\/100\n|move|p2a: Zygarde|Coil|p2a: Zygarde\n|-boost|p2a: Zygarde|atk|1\n|-boost|p2a: Zygarde|def|1\n|-boost|p2a: Zygarde|accuracy|1\n|\n|upkeep\n|turn|30\n|\n|t:|1699420894\n|move|p2a: Zygarde|Glare|p1a: Dondozo\n|-status|p1a: Dondozo|par\n|move|p1a: Dondozo|Curse|p1a: Dondozo\n|-unboost|p1a: Dondozo|spe|1\n|-boost|p1a: Dondozo|atk|1\n|-boost|p1a: Dondozo|def|1\n|\n|upkeep\n|turn|31\n|\n|t:|1699420896\n|switch|p2a: Yveltal|Yveltal|46\/100\n|-ability|p2a: Yveltal|Dark Aura\n|move|p1a: Dondozo|Avalanche|p2a: Yveltal\n|-supereffective|p2a: Yveltal\n|-damage|p2a: Yveltal|9\/100\n|\n|upkeep\n|turn|32\n|\n|t:|1699420905\n|switch|p1a: Tyranitar|Tyranitar-Mega, M|79\/100 slp\n|-weather|Sandstorm|[from] ability: Sand Stream|[of] p1a: Tyranitar\n|move|p2a: Yveltal|Oblivion Wing|p1a: Tyranitar\n|-resisted|p1a: Tyranitar\n|-damage|p1a: Tyranitar|70\/100 slp\n|-heal|p2a: Yveltal|16\/100|[from] drain|[of] p1a: Tyranitar\n|\n|-weather|Sandstorm|[upkeep]\n|-damage|p2a: Yveltal|10\/100|[from] Sandstorm\n|upkeep\n|turn|33\n|\n|t:|1699420908\n|move|p2a: Yveltal|Oblivion Wing|p1a: Tyranitar\n|-resisted|p1a: Tyranitar\n|-damage|p1a: Tyranitar|63\/100 slp\n|-heal|p2a: Yveltal|16\/100|[from] drain|[of] p1a: Tyranitar\n|cant|p1a: Tyranitar|slp\n|\n|-weather|Sandstorm|[upkeep]\n|-damage|p2a: Yveltal|9\/100|[from] Sandstorm\n|upkeep\n|turn|34\n|-message|flamingwrench11234 forfeited.\n|\n|win|ShedinjaIsFunnyBug\n|l|\u2606flamingwrench11234\n|l|\u2606ShedinjaIsFunnyBug\n","uploadtime":1699420958,"views":4,"p1id":"shedinjaisfunnybug","p2id":"flamingwrench11234","formatid":"gen9nationaldexubers","rating":0,"private":0,"password":""}