{"id":"gen9nationaldexubers-1994412061","p1":"AyNegan","p2":"Ezael_Stormblood","format":"[Gen 9] National Dex Ubers","log":"|j|\u2606AyNegan\n|j|\u2606Ezael_Stormblood\n|t:|1700440984\n|gametype|singles\n|player|p1|AyNegan|102|1190\n|player|p2|Ezael_Stormblood|hiker-gen4|1230\n|teamsize|p1|6\n|teamsize|p2|6\n|gen|9\n|tier|[Gen 9] National Dex Ubers\n|rated|\n|rule|HP Percentage Mod: HP is shown in percentages\n|rule|Endless Battle Clause: Forcing endless battles is banned\n|rule|OHKO Clause: OHKO moves are banned\n|rule|Evasion Moves Clause: Evasion moves are banned\n|rule|Evasion Items Clause: Evasion items are banned\n|rule|Species Clause: Limit one of each Pok\u00e9mon\n|rule|Sleep Clause Mod: Limit one foe put to sleep\n|rule|Mega Rayquaza Clause: You cannot mega evolve Rayquaza\n|clearpoke\n|poke|p1|Roaring Moon|\n|poke|p1|Groudon|\n|poke|p1|Flutter Mane|\n|poke|p1|Arcanine, M|\n|poke|p1|Toxapex, F|\n|poke|p1|Ninetales, M|\n|poke|p2|Mewtwo|\n|poke|p2|Groudon|\n|poke|p2|Arceus-Dragon|\n|poke|p2|Reshiram|\n|poke|p2|Necrozma-Dusk-Mane|\n|poke|p2|Xerneas-*|\n|teampreview\n|\n|t:|1700440989\n|start\n|switch|p1a: Groudon|Groudon|100\/100\n|switch|p2a: Mewtwo|Mewtwo|100\/100\n|-weather|SunnyDay|[from] ability: Drought|[of] p1a: Groudon\n|-ability|p2a: Mewtwo|Pressure\n|turn|1\n|\n|t:|1700441000\n|detailschange|p2a: Mewtwo|Mewtwo-Mega-Y\n|-mega|p2a: Mewtwo|Mewtwo|Mewtwonite Y\n|move|p1a: Groudon|Crunch|p2a: Mewtwo\n|-supereffective|p2a: Mewtwo\n|-damage|p2a: Mewtwo|9\/100\n|move|p2a: Mewtwo|Future Sight|p1a: Groudon\n|-start|p2a: Mewtwo|move: Future Sight\n|\n|-weather|SunnyDay|[upkeep]\n|upkeep\n|turn|2\n|\n|t:|1700441009\n|switch|p2a: Groudon|Groudon|100\/100\n|detailschange|p2a: Groudon|Groudon-Primal\n|-primal|p2a: Groudon|Red Orb\n|-weather|DesolateLand|[from] ability: Desolate Land|[of] p2a: Groudon\n|move|p1a: Groudon|Crunch|p2a: Groudon\n|-damage|p2a: Groudon|82\/100\n|\n|-weather|DesolateLand|[upkeep]\n|upkeep\n|turn|3\n|\n|t:|1700441022\n|switch|p1a: Ninetales|Ninetales, M|100\/100\n|-ability|p1a: Ninetales|Drought|[from] desolateland|[fail]\n|move|p2a: Groudon|Precipice Blades|p1a: Ninetales\n|-supereffective|p1a: Ninetales\n|-enditem|p1a: Ninetales|Focus Sash\n|-damage|p1a: Ninetales|1\/100\n|\n|-weather|DesolateLand|[upkeep]\n|-end|p1a: Ninetales|move: Future Sight\n|-damage|p1a: Ninetales|0 fnt\n|faint|p1a: Ninetales\n|upkeep\n|\n|t:|1700441035\n|switch|p1a: Arcanine|Arcanine, M|100\/100\n|-ability|p1a: Arcanine|Intimidate|boost\n|-unboost|p2a: Groudon|atk|1\n|turn|4\n|c|\u2606Ezael_Stormblood|I love it when that happens\n|\n|t:|1700441043\n|move|p1a: Arcanine|Will-O-Wisp|p2a: Groudon|[miss]\n|-miss|p1a: Arcanine|p2a: Groudon\n|move|p2a: Groudon|Swords Dance|p2a: Groudon\n|-boost|p2a: Groudon|atk|2\n|\n|-weather|DesolateLand|[upkeep]\n|upkeep\n|turn|5\n|\n|t:|1700441064\n|move|p1a: Arcanine|Will-O-Wisp|p2a: Groudon\n|-immune|p2a: Groudon\n|move|p2a: Groudon|Heat Crash|p1a: Arcanine\n|-resisted|p1a: Arcanine\n|-damage|p1a: Arcanine|0 fnt\n|faint|p1a: Arcanine\n|\n|-weather|DesolateLand|[upkeep]\n|upkeep\n|\n|t:|1700441074\n|switch|p1a: Toxapex|Toxapex, F|100\/100\n|turn|6\n|\n|t:|1700441082\n|move|p2a: Groudon|Swords Dance|p2a: Groudon\n|-boost|p2a: Groudon|atk|2\n|move|p1a: Toxapex|Toxic Spikes|p2a: Groudon\n|-sidestart|p2: Ezael_Stormblood|move: Toxic Spikes\n|\n|-weather|DesolateLand|[upkeep]\n|upkeep\n|turn|7\n|\n|t:|1700441089\n|move|p2a: Groudon|Swords Dance|p2a: Groudon\n|-boost|p2a: Groudon|atk|2\n|move|p1a: Toxapex|Toxic Spikes|p2a: Groudon\n|-sidestart|p2: Ezael_Stormblood|move: Toxic Spikes\n|\n|-weather|DesolateLand|[upkeep]\n|upkeep\n|turn|8\n|\n|t:|1700441098\n|move|p1a: Toxapex|Baneful Bunker|p1a: Toxapex\n|-singleturn|p1a: Toxapex|move: Protect\n|move|p2a: Groudon|Precipice Blades|p1a: Toxapex\n|-activate|p1a: Toxapex|move: Protect\n|\n|-weather|DesolateLand|[upkeep]\n|upkeep\n|turn|9\n|\n|t:|1700441105\n|move|p2a: Groudon|Precipice Blades|p1a: Toxapex\n|-supereffective|p1a: Toxapex\n|-damage|p1a: Toxapex|0 fnt\n|faint|p1a: Toxapex\n|\n|-weather|DesolateLand|[upkeep]\n|upkeep\n|\n|t:|1700441113\n|switch|p1a: Flutter Mane|Flutter Mane|100\/100\n|turn|10\n|\n|t:|1700441119\n|move|p1a: Flutter Mane|Moonblast|p2a: Groudon\n|-resisted|p2a: Groudon\n|-damage|p2a: Groudon|39\/100\n|-damage|p1a: Flutter Mane|91\/100|[from] item: Life Orb\n|move|p2a: Groudon|Precipice Blades|p1a: Flutter Mane\n|-damage|p1a: Flutter Mane|0 fnt\n|faint|p1a: Flutter Mane\n|-end|p1a: Flutter Mane|Protosynthesis|[silent]\n|\n|-weather|DesolateLand|[upkeep]\n|upkeep\n|-message|AyNegan forfeited.\n|\n|win|Ezael_Stormblood\n|raw|AyNegan's rating: 1190 &rarr; <strong>1168<\/strong><br \/>(-22 for losing)\n|raw|Ezael_Stormblood's rating: 1230 &rarr; <strong>1252<\/strong><br \/>(+22 for winning)\n|l|\u2606AyNegan\n","uploadtime":1700441136,"views":4,"p1id":"aynegan","p2id":"ezaelstormblood","formatid":"gen9nationaldexubers","rating":1168,"private":0,"password":""}