{"id":"gen9nationaldexubers-1985181196","p1":"UMUSTDIE4ME2WIN","p2":"johim","format":"[Gen 9] National Dex Ubers","log":"|j|\u2606UMUSTDIE4ME2WIN\n|j|\u2606johim\n|t:|1699344384\n|gametype|singles\n|player|p1|UMUSTDIE4ME2WIN|bruno|1000\n|player|p2|johim|riley|1000\n|teamsize|p1|3\n|teamsize|p2|6\n|gen|9\n|tier|[Gen 9] National Dex Ubers\n|rated|\n|rule|HP Percentage Mod: HP is shown in percentages\n|rule|Endless Battle Clause: Forcing endless battles is banned\n|rule|OHKO Clause: OHKO moves are banned\n|rule|Evasion Moves Clause: Evasion moves are banned\n|rule|Evasion Items Clause: Evasion items are banned\n|rule|Species Clause: Limit one of each Pok\u00e9mon\n|rule|Sleep Clause Mod: Limit one foe put to sleep\n|rule|Mega Rayquaza Clause: You cannot mega evolve Rayquaza\n|clearpoke\n|poke|p1|Kyogre|\n|poke|p1|Swampert, M|\n|poke|p1|Skarmory, F|\n|poke|p2|Charizard, M|\n|poke|p2|Crobat, M|\n|poke|p2|Rhydon, M|\n|poke|p2|Cloyster, M|\n|poke|p2|Magneton|\n|poke|p2|Kabutops, M|\n|teampreview\n|\n|t:|1699344401\n|start\n|switch|p1a: Kyogre|Kyogre|100\/100\n|switch|p2a: Kabutops|Kabutops, M|100\/100\n|detailschange|p1a: Kyogre|Kyogre-Primal\n|-primal|p1a: Kyogre|Blue Orb\n|-weather|PrimordialSea|[from] ability: Primordial Sea|[of] p1a: Kyogre\n|turn|1\n|\n|t:|1699344413\n|-weather|none\n|switch|p1a: Skarmory|Skarmory, F|100\/100\n|move|p2a: Kabutops|Rapid Spin|p1a: Skarmory\n|-resisted|p1a: Skarmory\n|-damage|p1a: Skarmory|94\/100\n|-boost|p2a: Kabutops|spe|1\n|\n|-heal|p1a: Skarmory|99\/100|[from] item: Leftovers\n|upkeep\n|turn|2\n|\n|t:|1699344423\n|move|p2a: Kabutops|Swords Dance|p2a: Kabutops\n|-boost|p2a: Kabutops|atk|2\n|move|p1a: Skarmory|Toxic|p2a: Kabutops\n|-status|p2a: Kabutops|tox\n|\n|-heal|p1a: Skarmory|100\/100|[from] item: Leftovers\n|-damage|p2a: Kabutops|94\/100 tox|[from] psn\n|upkeep\n|turn|3\n|\n|t:|1699344432\n|move|p2a: Kabutops|Stone Edge|p1a: Skarmory\n|-damage|p1a: Skarmory|27\/100\n|move|p1a: Skarmory|Stealth Rock|p2a: Kabutops\n|-sidestart|p2: johim|move: Stealth Rock\n|\n|-heal|p1a: Skarmory|33\/100|[from] item: Leftovers\n|-damage|p2a: Kabutops|82\/100 tox|[from] psn\n|upkeep\n|turn|4\n|\n|t:|1699344439\n|move|p2a: Kabutops|Rapid Spin|p1a: Skarmory\n|-resisted|p1a: Skarmory\n|-damage|p1a: Skarmory|20\/100\n|-boost|p2a: Kabutops|spe|1\n|-sideend|p2: johim|Stealth Rock|[from] move: Rapid Spin|[of] p2a: Kabutops\n|move|p1a: Skarmory|Spikes|p2a: Kabutops\n|-sidestart|p2: johim|Spikes\n|\n|-heal|p1a: Skarmory|26\/100|[from] item: Leftovers\n|-damage|p2a: Kabutops|64\/100 tox|[from] psn\n|upkeep\n|turn|5\n|\n|t:|1699344448\n|move|p2a: Kabutops|Stone Edge|p1a: Skarmory\n|-damage|p1a: Skarmory|0 fnt\n|faint|p1a: Skarmory\n|\n|-damage|p2a: Kabutops|39\/100 tox|[from] psn\n|upkeep\n|\n|t:|1699344454\n|switch|p1a: Kyogre|Kyogre-Primal|100\/100\n|-weather|PrimordialSea|[from] ability: Primordial Sea|[of] p1a: Kyogre\n|turn|6\n|\n|t:|1699344461\n|move|p2a: Kabutops|Stone Edge|p1a: Kyogre\n|-damage|p1a: Kyogre|21\/100\n|move|p1a: Kyogre|Thunder|p2a: Kabutops\n|-supereffective|p2a: Kabutops\n|-damage|p2a: Kabutops|0 fnt\n|faint|p2a: Kabutops\n|\n|-weather|PrimordialSea|[upkeep]\n|upkeep\n|\n|t:|1699344469\n|switch|p2a: Rhydon|Rhydon, M|100\/100\n|-damage|p2a: Rhydon|88\/100|[from] Spikes\n|turn|7\n|\n|t:|1699344474\n|-terastallize|p2a: Rhydon|Water\n|move|p1a: Kyogre|Hydro Pump|p2a: Rhydon\n|-resisted|p2a: Rhydon\n|-crit|p2a: Rhydon\n|-damage|p2a: Rhydon|19\/100\n|move|p2a: Rhydon|Earthquake|p1a: Kyogre\n|-crit|p1a: Kyogre\n|-damage|p1a: Kyogre|0 fnt\n|faint|p1a: Kyogre\n|-weather|none\n|\n|upkeep\n|\n|t:|1699344483\n|switch|p1a: Swampert|Swampert, M|100\/100\n|turn|8\n|\n|t:|1699344488\n|detailschange|p1a: Swampert|Swampert-Mega, M\n|-mega|p1a: Swampert|Swampert|Swampertite\n|move|p1a: Swampert|Aqua Tail|p2a: Rhydon\n|-resisted|p2a: Rhydon\n|-damage|p2a: Rhydon|5\/100\n|move|p2a: Rhydon|Earthquake|p1a: Swampert\n|-damage|p1a: Swampert|55\/100\n|\n|upkeep\n|turn|9\n|\n|t:|1699344497\n|move|p1a: Swampert|Earthquake|p2a: Rhydon\n|-damage|p2a: Rhydon|0 fnt\n|faint|p2a: Rhydon\n|\n|upkeep\n|\n|t:|1699344501\n|switch|p2a: Charizard|Charizard, M|100\/100\n|turn|10\n|\n|t:|1699344505\n|detailschange|p2a: Charizard|Charizard-Mega-Y, M\n|-mega|p2a: Charizard|Charizard|Charizardite Y\n|-weather|SunnyDay|[from] ability: Drought|[of] p2a: Charizard\n|move|p2a: Charizard|Solar Beam||[still]\n|-prepare|p2a: Charizard|Solar Beam\n|-anim|p2a: Charizard|Solar Beam|p1a: Swampert\n|-supereffective|p1a: Swampert\n|-damage|p1a: Swampert|0 fnt\n|faint|p1a: Swampert\n|\n|win|johim\n|raw|UMUSTDIE4ME2WIN's rating: 1000 &rarr; <strong>1000<\/strong><br \/>(+0 for losing)\n|raw|johim's rating: 1000 &rarr; <strong>1040<\/strong><br \/>(+40 for winning)\n|l|\u2606UMUSTDIE4ME2WIN\n","uploadtime":1699344514,"views":5,"p1id":"umustdie4me2win","p2id":"johim","formatid":"gen9nationaldexubers","rating":1000,"private":0,"password":""}