{"id":"gen9nationaldexubers-1988904277","p1":"ContraFinality","p2":"Alex228228228","format":"[Gen 9] National Dex Ubers","log":"|j|\u2606ContraFinality\n|j|\u2606Alex228228228\n|t:|1699784855\n|gametype|singles\n|player|p1|ContraFinality|gambler|1093\n|player|p2|Alex228228228|nate|1054\n|teamsize|p1|6\n|teamsize|p2|6\n|gen|9\n|tier|[Gen 9] National Dex Ubers\n|rated|\n|rule|HP Percentage Mod: HP is shown in percentages\n|rule|Endless Battle Clause: Forcing endless battles is banned\n|rule|OHKO Clause: OHKO moves are banned\n|rule|Evasion Moves Clause: Evasion moves are banned\n|rule|Evasion Items Clause: Evasion items are banned\n|rule|Species Clause: Limit one of each Pok\u00e9mon\n|rule|Sleep Clause Mod: Limit one foe put to sleep\n|rule|Mega Rayquaza Clause: You cannot mega evolve Rayquaza\n|clearpoke\n|poke|p1|Lucario, F|\n|poke|p1|Zygarde|\n|poke|p1|Mewtwo|\n|poke|p1|Salazzle, F|\n|poke|p1|Ferrothorn, M|\n|poke|p1|Greninja-*, M|\n|poke|p2|Zamazenta-*|\n|poke|p2|Milotic, M|\n|poke|p2|Vivillon, F|\n|poke|p2|Tapu Lele|\n|poke|p2|Tyranitar, F|\n|poke|p2|Florges, F|\n|teampreview\n|inactive|Battle timer is ON: inactive players will automatically lose when time's up. (requested by Alex228228228)\n|\n|t:|1699784864\n|start\n|switch|p1a: Ferrothorn|Ferrothorn, M|100\/100\n|switch|p2a: Vivillon|Vivillon, F, shiny|100\/100\n|turn|1\n|\n|t:|1699784873\n|move|p2a: Vivillon|Sleep Powder|p1a: Ferrothorn\n|-immune|p1a: Ferrothorn\n|move|p1a: Ferrothorn|Knock Off|p2a: Vivillon\n|-damage|p2a: Vivillon|60\/100\n|-enditem|p2a: Vivillon|Heavy-Duty Boots|[from] move: Knock Off|[of] p1a: Ferrothorn\n|\n|upkeep\n|turn|2\n|\n|t:|1699784882\n|move|p2a: Vivillon|Substitute|p2a: Vivillon\n|-start|p2a: Vivillon|Substitute\n|-damage|p2a: Vivillon|35\/100\n|move|p1a: Ferrothorn|Leech Seed||[still]\n|-fail|p1a: Ferrothorn\n|\n|upkeep\n|turn|3\n|\n|t:|1699784887\n|move|p2a: Vivillon|Quiver Dance|p2a: Vivillon\n|-boost|p2a: Vivillon|spa|1\n|-boost|p2a: Vivillon|spd|1\n|-boost|p2a: Vivillon|spe|1\n|move|p1a: Ferrothorn|Knock Off|p2a: Vivillon\n|-end|p2a: Vivillon|Substitute\n|\n|upkeep\n|turn|4\n|\n|t:|1699784894\n|move|p2a: Vivillon|Hurricane|p1a: Ferrothorn\n|-damage|p1a: Ferrothorn|45\/100\n|-start|p1a: Ferrothorn|confusion\n|-activate|p1a: Ferrothorn|confusion\n|move|p1a: Ferrothorn|Knock Off|p2a: Vivillon\n|-damage|p2a: Vivillon|8\/100\n|\n|upkeep\n|turn|5\n|\n|t:|1699784909\n|move|p2a: Vivillon|Hurricane|p1a: Ferrothorn|[miss]\n|-miss|p2a: Vivillon|p1a: Ferrothorn\n|-activate|p1a: Ferrothorn|confusion\n|move|p1a: Ferrothorn|Knock Off|p2a: Vivillon\n|-damage|p2a: Vivillon|0 fnt\n|faint|p2a: Vivillon\n|\n|upkeep\n|c|\u2606Alex228228228|e,k.ljr\n|c|\u2606Alex228228228|\u0443\u0431\u043b\u044e\u0434\u043e\u043a\n|c|\u2606Alex228228228|\u043c\u0430\u043c\u043a\u0438 \u043f\u0440\u0438\u0432\u0435\u0442\n|\n|t:|1699784932\n|switch|p2a: Tyranitar|Tyranitar, F, shiny|100\/100\n|-weather|Sandstorm|[from] ability: Sand Stream|[of] p2a: Tyranitar\n|turn|6\n|\n|t:|1699784938\n|move|p2a: Tyranitar|Fire Punch|p1a: Ferrothorn\n|-supereffective|p1a: Ferrothorn\n|-damage|p1a: Ferrothorn|0 fnt\n|-damage|p2a: Tyranitar|88\/100|[from] ability: Iron Barbs|[of] p1a: Ferrothorn\n|-damage|p2a: Tyranitar|72\/100|[from] item: Rocky Helmet|[of] p1a: Ferrothorn\n|faint|p1a: Ferrothorn\n|\n|-weather|Sandstorm|[upkeep]\n|upkeep\n|\n|t:|1699784945\n|switch|p1a: Zygarde|Zygarde|100\/100\n|turn|7\n|\n|t:|1699784952\n|switch|p2a: Tapu Lele|Tapu Lele, shiny|100\/100\n|-fieldstart|move: Psychic Terrain|[from] ability: Psychic Surge|[of] p2a: Tapu Lele\n|move|p1a: Zygarde|Coil|p1a: Zygarde\n|-boost|p1a: Zygarde|atk|1\n|-boost|p1a: Zygarde|def|1\n|-boost|p1a: Zygarde|accuracy|1\n|\n|-weather|Sandstorm|[upkeep]\n|-damage|p2a: Tapu Lele|94\/100|[from] Sandstorm\n|upkeep\n|turn|8\n|\n|t:|1699784968\n|move|p2a: Tapu Lele|Moonblast|p1a: Zygarde\n|-supereffective|p1a: Zygarde\n|-damage|p1a: Zygarde|17\/100\n|-enditem|p1a: Zygarde|Aguav Berry|[eat]\n|-heal|p1a: Zygarde|50\/100|[from] item: Aguav Berry\n|move|p1a: Zygarde|Thousand Arrows|p2a: Tapu Lele\n|-damage|p2a: Tapu Lele|0 fnt\n|faint|p2a: Tapu Lele\n|\n|-weather|Sandstorm|[upkeep]\n|-activate|p1a: Zygarde|ability: Power Construct\n|detailschange|p1a: Zygarde|Zygarde-Complete\n|-heal|p1a: Zygarde|67\/100|[silent]\n|upkeep\n|\n|t:|1699784981\n|switch|p2a: Florges|Florges, F, shiny|100\/100\n|turn|9\n|\n|t:|1699784986\n|move|p1a: Zygarde|Extreme Speed|p2a: Florges\n|-activate|p2a: Florges|move: Psychic Terrain\n|move|p2a: Florges|Moonblast|p1a: Zygarde\n|-supereffective|p1a: Zygarde\n|-damage|p1a: Zygarde|24\/100\n|\n|-weather|Sandstorm|[upkeep]\n|-damage|p2a: Florges|94\/100|[from] Sandstorm\n|-heal|p2a: Florges|100\/100|[from] item: Leftovers\n|upkeep\n|turn|10\n|\n|t:|1699784994\n|move|p1a: Zygarde|Thousand Arrows|p2a: Florges\n|-damage|p2a: Florges|16\/100\n|move|p2a: Florges|Moonblast|p1a: Zygarde\n|-supereffective|p1a: Zygarde\n|-damage|p1a: Zygarde|0 fnt\n|faint|p1a: Zygarde\n|\n|-weather|none\n|-heal|p2a: Florges|22\/100|[from] item: Leftovers\n|upkeep\n|\n|t:|1699785003\n|switch|p1a: Salazzle|Salazzle, F|100\/100\n|turn|11\n|\n|t:|1699785011\n|switch|p2a: Tyranitar|Tyranitar, F, shiny|72\/100\n|-weather|Sandstorm|[from] ability: Sand Stream|[of] p2a: Tyranitar\n|move|p1a: Salazzle|Substitute|p1a: Salazzle\n|-start|p1a: Salazzle|Substitute\n|-damage|p1a: Salazzle|76\/100\n|\n|-weather|Sandstorm|[upkeep]\n|-damage|p1a: Salazzle|70\/100|[from] Sandstorm\n|-heal|p1a: Salazzle|76\/100|[from] item: Leftovers\n|-fieldend|move: Psychic Terrain\n|upkeep\n|turn|12\n|\n|t:|1699785026\n|-terastallize|p1a: Salazzle|Poison\n|move|p1a: Salazzle|Toxic|p2a: Tyranitar\n|-status|p2a: Tyranitar|tox\n|move|p2a: Tyranitar|Earthquake|p1a: Salazzle\n|-supereffective|p1a: Salazzle\n|-end|p1a: Salazzle|Substitute\n|\n|-weather|Sandstorm|[upkeep]\n|-damage|p1a: Salazzle|70\/100|[from] Sandstorm\n|-heal|p1a: Salazzle|76\/100|[from] item: Leftovers\n|-damage|p2a: Tyranitar|65\/100 tox|[from] psn\n|upkeep\n|turn|13\n|\n|t:|1699785039\n|move|p1a: Salazzle|Protect|p1a: Salazzle\n|-singleturn|p1a: Salazzle|Protect\n|move|p2a: Tyranitar|Earthquake|p1a: Salazzle\n|-activate|p1a: Salazzle|move: Protect\n|\n|-weather|Sandstorm|[upkeep]\n|-damage|p1a: Salazzle|70\/100|[from] Sandstorm\n|-heal|p1a: Salazzle|76\/100|[from] item: Leftovers\n|-damage|p2a: Tyranitar|53\/100 tox|[from] psn\n|upkeep\n|turn|14\n|\n|t:|1699785049\n|switch|p1a: Greninja|Greninja, M|100\/100\n|move|p2a: Tyranitar|Earthquake|p1a: Greninja\n|-crit|p1a: Greninja\n|-damage|p1a: Greninja|20\/100\n|\n|-weather|Sandstorm|[upkeep]\n|-damage|p1a: Greninja|14\/100|[from] Sandstorm\n|-damage|p2a: Tyranitar|34\/100 tox|[from] psn\n|upkeep\n|turn|15\n|\n|t:|1699785058\n|switch|p2a: Florges|Florges, F, shiny|22\/100\n|move|p1a: Greninja|Liquidation|p2a: Florges\n|-damage|p2a: Florges|0 fnt\n|faint|p2a: Florges\n|-ability|p1a: Greninja|Battle Bond|boost\n|-boost|p1a: Greninja|atk|1\n|-boost|p1a: Greninja|spa|1\n|-boost|p1a: Greninja|spe|1\n|-activate|p1a: Greninja|ability: Battle Bond\n|\n|-weather|none\n|upkeep\n|\n|t:|1699785069\n|switch|p2a: Zamazenta|Zamazenta-Crowned, shiny|100\/100\n|-ability|p2a: Zamazenta|Dauntless Shield|boost\n|-boost|p2a: Zamazenta|def|1\n|turn|16\n|\n|t:|1699785077\n|move|p1a: Greninja|Liquidation|p2a: Zamazenta\n|-damage|p2a: Zamazenta|78\/100\n|move|p2a: Zamazenta|Wild Charge|p1a: Greninja\n|-supereffective|p1a: Greninja\n|-damage|p1a: Greninja|0 fnt\n|faint|p1a: Greninja\n|-damage|p2a: Zamazenta|75\/100|[from] Recoil\n|\n|upkeep\n|\n|t:|1699785085\n|switch|p1a: Mewtwo|Mewtwo|100\/100\n|-ability|p1a: Mewtwo|Unnerve\n|turn|17\n|\n|t:|1699785094\n|switch|p1a: Lucario|Lucario, F|100\/100\n|move|p2a: Zamazenta|Crunch|p1a: Lucario\n|-resisted|p1a: Lucario\n|-damage|p1a: Lucario|79\/100\n|\n|upkeep\n|turn|18\n|\n|t:|1699785105\n|move|p2a: Zamazenta|Close Combat|p1a: Lucario\n|-supereffective|p1a: Lucario\n|-damage|p1a: Lucario|0 fnt\n|-unboost|p2a: Zamazenta|def|1\n|-unboost|p2a: Zamazenta|spd|1\n|faint|p1a: Lucario\n|\n|upkeep\n|\n|t:|1699785112\n|switch|p1a: Salazzle|Salazzle, F, tera:Poison|76\/100\n|turn|19\n|\n|t:|1699785122\n|switch|p2a: Milotic|Milotic, M, shiny|100\/100\n|move|p1a: Salazzle|Flamethrower|p2a: Milotic\n|-resisted|p2a: Milotic\n|-damage|p2a: Milotic|85\/100\n|\n|-heal|p1a: Salazzle|82\/100|[from] item: Leftovers\n|-heal|p2a: Milotic|91\/100|[from] item: Leftovers\n|upkeep\n|turn|20\n|\n|t:|1699785136\n|move|p1a: Salazzle|Toxic|p2a: Milotic\n|-status|p2a: Milotic|tox\n|move|p2a: Milotic|Ice Beam|p1a: Salazzle\n|-damage|p1a: Salazzle|46\/100\n|\n|-heal|p1a: Salazzle|52\/100|[from] item: Leftovers\n|-heal|p2a: Milotic|97\/100 tox|[from] item: Leftovers\n|-damage|p2a: Milotic|91\/100 tox|[from] psn\n|upkeep\n|turn|21\n|\n|t:|1699785145\n|move|p1a: Salazzle|Substitute|p1a: Salazzle\n|-start|p1a: Salazzle|Substitute\n|-damage|p1a: Salazzle|27\/100\n|move|p2a: Milotic|Scald|p1a: Salazzle\n|-end|p1a: Salazzle|Substitute\n|\n|-heal|p1a: Salazzle|33\/100|[from] item: Leftovers\n|-heal|p2a: Milotic|97\/100 tox|[from] item: Leftovers\n|-damage|p2a: Milotic|85\/100 tox|[from] psn\n|upkeep\n|turn|22\n|\n|t:|1699785154\n|move|p1a: Salazzle|Protect|p1a: Salazzle\n|-singleturn|p1a: Salazzle|Protect\n|move|p2a: Milotic|Scald|p1a: Salazzle\n|-activate|p1a: Salazzle|move: Protect\n|\n|-heal|p1a: Salazzle|39\/100|[from] item: Leftovers\n|-heal|p2a: Milotic|91\/100 tox|[from] item: Leftovers\n|-damage|p2a: Milotic|73\/100 tox|[from] psn\n|upkeep\n|turn|23\n|\n|t:|1699785164\n|move|p1a: Salazzle|Substitute|p1a: Salazzle\n|-start|p1a: Salazzle|Substitute\n|-damage|p1a: Salazzle|15\/100\n|move|p2a: Milotic|Scald|p1a: Salazzle\n|-end|p1a: Salazzle|Substitute\n|\n|-heal|p1a: Salazzle|21\/100|[from] item: Leftovers\n|-heal|p2a: Milotic|79\/100 tox|[from] item: Leftovers\n|-damage|p2a: Milotic|55\/100 tox|[from] psn\n|upkeep\n|turn|24\n|\n|t:|1699785174\n|move|p1a: Salazzle|Protect|p1a: Salazzle\n|-singleturn|p1a: Salazzle|Protect\n|move|p2a: Milotic|Recover|p2a: Milotic\n|-heal|p2a: Milotic|100\/100 tox\n|\n|-heal|p1a: Salazzle|27\/100|[from] item: Leftovers\n|-damage|p2a: Milotic|70\/100 tox|[from] psn\n|upkeep\n|turn|25\n|\n|t:|1699785183\n|switch|p1a: Mewtwo|Mewtwo|100\/100\n|-ability|p1a: Mewtwo|Unnerve\n|move|p2a: Milotic|Scald|p1a: Mewtwo\n|-damage|p1a: Mewtwo|75\/100\n|\n|-heal|p2a: Milotic|76\/100 tox|[from] item: Leftovers\n|-damage|p2a: Milotic|40\/100 tox|[from] psn\n|upkeep\n|turn|26\n|\n|t:|1699785193\n|detailschange|p1a: Mewtwo|Mewtwo-Mega-X\n|-mega|p1a: Mewtwo|Mewtwo|Mewtwonite X\n|move|p1a: Mewtwo|Agility|p1a: Mewtwo\n|-boost|p1a: Mewtwo|spe|2\n|move|p2a: Milotic|Toxic|p1a: Mewtwo\n|-status|p1a: Mewtwo|tox\n|\n|-heal|p2a: Milotic|46\/100 tox|[from] item: Leftovers\n|-damage|p1a: Mewtwo|68\/100 tox|[from] psn\n|-damage|p2a: Milotic|3\/100 tox|[from] psn\n|upkeep\n|turn|27\n|\n|t:|1699785205\n|move|p1a: Mewtwo|Drain Punch|p2a: Milotic\n|-damage|p2a: Milotic|0 fnt\n|-heal|p1a: Mewtwo|69\/100 tox|[from] drain|[of] p2a: Milotic\n|faint|p2a: Milotic\n|\n|-damage|p1a: Mewtwo|57\/100 tox|[from] psn\n|upkeep\n|\n|t:|1699785212\n|switch|p2a: Zamazenta|Zamazenta-Crowned, shiny|75\/100\n|turn|28\n|\n|t:|1699785216\n|move|p1a: Mewtwo|Drain Punch|p2a: Zamazenta\n|-supereffective|p2a: Zamazenta\n|-damage|p2a: Zamazenta|0 fnt\n|-heal|p1a: Mewtwo|86\/100 tox|[from] drain|[of] p2a: Zamazenta\n|faint|p2a: Zamazenta\n|\n|-damage|p1a: Mewtwo|68\/100 tox|[from] psn\n|upkeep\n|\n|t:|1699785223\n|switch|p2a: Tyranitar|Tyranitar, F, shiny|34\/100 tox\n|-weather|Sandstorm|[from] ability: Sand Stream|[of] p2a: Tyranitar\n|turn|29\n|\n|t:|1699785228\n|move|p1a: Mewtwo|Drain Punch|p2a: Tyranitar\n|-supereffective|p2a: Tyranitar\n|-damage|p2a: Tyranitar|0 fnt\n|-heal|p1a: Mewtwo|84\/100 tox|[from] drain|[of] p2a: Tyranitar\n|faint|p2a: Tyranitar\n|\n|win|ContraFinality\n|raw|ContraFinality's rating: 1093 &rarr; <strong>1116<\/strong><br \/>(+23 for winning)\n|raw|Alex228228228's rating: 1054 &rarr; <strong>1038<\/strong><br \/>(-16 for losing)\n","uploadtime":1699784923,"views":4,"p1id":"contrafinality","p2id":"alex228228228","formatid":"gen9nationaldexubers","rating":1038,"private":0,"password":""}