{"id":"gen9nationaldexubers-1989097002","p1":"micon01","p2":"Braquelo","format":"[Gen 9] National Dex Ubers","log":"|j|\u2606micon01\n|j|\u2606Braquelo\n|t:|1699811814\n|gametype|singles\n|player|p1|micon01|266|1333\n|player|p2|Braquelo|raihan|1262\n|teamsize|p1|6\n|teamsize|p2|6\n|gen|9\n|tier|[Gen 9] National Dex Ubers\n|rated|\n|rule|HP Percentage Mod: HP is shown in percentages\n|rule|Endless Battle Clause: Forcing endless battles is banned\n|rule|OHKO Clause: OHKO moves are banned\n|rule|Evasion Moves Clause: Evasion moves are banned\n|rule|Evasion Items Clause: Evasion items are banned\n|rule|Species Clause: Limit one of each Pok\u00e9mon\n|rule|Sleep Clause Mod: Limit one foe put to sleep\n|rule|Mega Rayquaza Clause: You cannot mega evolve Rayquaza\n|clearpoke\n|poke|p1|Kartana|\n|poke|p1|Kommo-o, M|\n|poke|p1|Deoxys-Attack|\n|poke|p1|Roaring Moon|\n|poke|p1|Kingambit, M|\n|poke|p1|Blaziken, F|\n|poke|p2|Lucario, M|\n|poke|p2|Rillaboom, M|\n|poke|p2|Talonflame, M|\n|poke|p2|Walking Wake|\n|poke|p2|Ursaluna-Bloodmoon, M|\n|poke|p2|Hatterene, F|\n|teampreview\n|\n|t:|1699811821\n|start\n|switch|p1a: Kartana|Kartana, shiny|100\/100\n|switch|p2a: Talonflame|Talonflame, M|100\/100\n|turn|1\n|\n|t:|1699811837\n|switch|p1a: Blaziken|Blaziken, F|100\/100\n|move|p2a: Talonflame|U-turn|p1a: Blaziken\n|-resisted|p1a: Blaziken\n|-damage|p1a: Blaziken|94\/100\n|\n|t:|1699811845\n|switch|p2a: Walking Wake|Walking Wake|100\/100|[from] U-turn\n|\n|upkeep\n|turn|2\n|\n|t:|1699811852\n|move|p1a: Blaziken|Protect|p1a: Blaziken\n|-singleturn|p1a: Blaziken|Protect\n|move|p2a: Walking Wake|Sunny Day|p2a: Walking Wake\n|-weather|SunnyDay\n|-activate|p2a: Walking Wake|ability: Protosynthesis\n|-start|p2a: Walking Wake|protosynthesisspe\n|\n|-weather|SunnyDay|[upkeep]\n|-ability|p1a: Blaziken|Speed Boost|boost\n|-boost|p1a: Blaziken|spe|1\n|upkeep\n|turn|3\n|\n|t:|1699811864\n|detailschange|p1a: Blaziken|Blaziken-Mega, F\n|-mega|p1a: Blaziken|Blaziken|Blazikenite\n|move|p2a: Walking Wake|Hydro Steam|p1a: Blaziken\n|-supereffective|p1a: Blaziken\n|-damage|p1a: Blaziken|0 fnt\n|faint|p1a: Blaziken\n|-damage|p2a: Walking Wake|91\/100|[from] item: Life Orb\n|\n|-weather|SunnyDay|[upkeep]\n|upkeep\n|\n|t:|1699811874\n|switch|p1a: Kommo-o|Kommo-o, M|100\/100\n|turn|4\n|\n|t:|1699811893\n|move|p2a: Walking Wake|Dragon Pulse|p1a: Kommo-o\n|-supereffective|p1a: Kommo-o\n|-damage|p1a: Kommo-o|0 fnt\n|faint|p1a: Kommo-o\n|-damage|p2a: Walking Wake|81\/100|[from] item: Life Orb\n|\n|-weather|SunnyDay|[upkeep]\n|upkeep\n|\n|t:|1699811900\n|switch|p1a: Deoxys|Deoxys-Attack|100\/100\n|-ability|p1a: Deoxys|Pressure\n|turn|5\n|\n|t:|1699811917\n|-end|p2a: Walking Wake|Protosynthesis|[silent]\n|switch|p2a: Hatterene|Hatterene, F|100\/100\n|move|p1a: Deoxys|Ice Beam|p2a: Hatterene\n|-damage|p2a: Hatterene|58\/100\n|\n|-weather|SunnyDay|[upkeep]\n|-heal|p2a: Hatterene|64\/100|[from] item: Leftovers\n|upkeep\n|turn|6\n|\n|t:|1699811930\n|move|p1a: Deoxys|Dark Pulse|p2a: Hatterene\n|-damage|p2a: Hatterene|24\/100\n|move|p2a: Hatterene|Nuzzle|p1a: Deoxys\n|-damage|p1a: Deoxys|82\/100\n|-status|p1a: Deoxys|par\n|\n|-weather|none\n|-heal|p2a: Hatterene|30\/100|[from] item: Leftovers\n|upkeep\n|turn|7\n|\n|t:|1699811940\n|move|p1a: Deoxys|Ice Beam|p2a: Hatterene\n|-damage|p2a: Hatterene|0 fnt\n|faint|p2a: Hatterene\n|\n|upkeep\n|\n|t:|1699811946\n|switch|p2a: Talonflame|Talonflame, M|100\/100\n|turn|8\n|\n|t:|1699811952\n|move|p1a: Deoxys|Extreme Speed|p2a: Talonflame\n|-damage|p2a: Talonflame|54\/100\n|move|p2a: Talonflame|U-turn|p1a: Deoxys\n|-supereffective|p1a: Deoxys\n|-damage|p1a: Deoxys|0 fnt\n|faint|p1a: Deoxys\n|\n|t:|1699811963\n|switch|p2a: Lucario|Lucario, M|100\/100|[from] U-turn\n|\n|upkeep\n|\n|t:|1699811973\n|switch|p1a: Kartana|Kartana, shiny|100\/100\n|turn|9\n|\n|t:|1699811987\n|detailschange|p2a: Lucario|Lucario-Mega, M\n|-mega|p2a: Lucario|Lucario|Lucarionite\n|move|p2a: Lucario|Close Combat|p1a: Kartana\n|-supereffective|p1a: Kartana\n|-damage|p1a: Kartana|0 fnt\n|-unboost|p2a: Lucario|def|1\n|-unboost|p2a: Lucario|spd|1\n|faint|p1a: Kartana\n|\n|upkeep\n|\n|t:|1699811996\n|switch|p1a: Kingambit|Kingambit, M|100\/100\n|-activate|p1a: Kingambit|ability: Supreme Overlord\n|-start|p1a: Kingambit|fallen4|[silent]\n|turn|10\n|\n|t:|1699812003\n|switch|p2a: Talonflame|Talonflame, M|54\/100\n|move|p1a: Kingambit|Sucker Punch||[still]\n|-fail|p1a: Kingambit\n|\n|upkeep\n|turn|11\n|\n|t:|1699812013\n|move|p1a: Kingambit|Sucker Punch||[still]\n|-fail|p1a: Kingambit\n|move|p2a: Talonflame|Roost|p2a: Talonflame\n|-heal|p2a: Talonflame|100\/100\n|-singleturn|p2a: Talonflame|move: Roost\n|\n|upkeep\n|turn|12\n|\n|t:|1699812023\n|move|p1a: Kingambit|Sucker Punch|p2a: Talonflame\n|-damage|p2a: Talonflame|0 fnt\n|-status|p1a: Kingambit|brn|[from] ability: Flame Body|[of] p2a: Talonflame\n|faint|p2a: Talonflame\n|-damage|p1a: Kingambit|91\/100 brn|[from] item: Life Orb\n|\n|-damage|p1a: Kingambit|84\/100 brn|[from] brn\n|upkeep\n|\n|t:|1699812031\n|switch|p2a: Ursaluna|Ursaluna-Bloodmoon, M|100\/100\n|turn|13\n|\n|t:|1699812038\n|move|p1a: Kingambit|Knock Off|p2a: Ursaluna\n|-damage|p2a: Ursaluna|68\/100\n|-enditem|p2a: Ursaluna|Leftovers|[from] move: Knock Off|[of] p1a: Kingambit\n|-damage|p1a: Kingambit|74\/100 brn|[from] item: Life Orb\n|move|p2a: Ursaluna|Calm Mind|p2a: Ursaluna\n|-boost|p2a: Ursaluna|spa|1\n|-boost|p2a: Ursaluna|spd|1\n|\n|-damage|p1a: Kingambit|68\/100 brn|[from] brn\n|upkeep\n|turn|14\n|\n|t:|1699812049\n|move|p1a: Kingambit|Brick Break|p2a: Ursaluna\n|-supereffective|p2a: Ursaluna\n|-damage|p2a: Ursaluna|32\/100\n|-damage|p1a: Kingambit|58\/100 brn|[from] item: Life Orb\n|move|p2a: Ursaluna|Moonlight|p2a: Ursaluna\n|-heal|p2a: Ursaluna|82\/100\n|\n|-damage|p1a: Kingambit|52\/100 brn|[from] brn\n|upkeep\n|turn|15\n|\n|t:|1699812059\n|-terastallize|p2a: Ursaluna|Poison\n|move|p1a: Kingambit|Iron Head|p2a: Ursaluna\n|-damage|p2a: Ursaluna|50\/100\n|-damage|p1a: Kingambit|42\/100 brn|[from] item: Life Orb\n|move|p2a: Ursaluna|Earth Power|p1a: Kingambit\n|-supereffective|p1a: Kingambit\n|-damage|p1a: Kingambit|0 fnt\n|faint|p1a: Kingambit\n|-end|p1a: Kingambit|fallen4|[silent]\n|\n|upkeep\n|\n|t:|1699812070\n|switch|p1a: Roaring Moon|Roaring Moon|100\/100\n|-enditem|p1a: Roaring Moon|Booster Energy\n|-activate|p1a: Roaring Moon|ability: Protosynthesis|[fromitem]\n|-start|p1a: Roaring Moon|protosynthesisatk\n|turn|16\n|\n|t:|1699812075\n|move|p1a: Roaring Moon|Dragon Dance|p1a: Roaring Moon\n|-boost|p1a: Roaring Moon|atk|1\n|-boost|p1a: Roaring Moon|spe|1\n|move|p2a: Ursaluna|Blood Moon|p1a: Roaring Moon\n|-damage|p1a: Roaring Moon|0 fnt\n|faint|p1a: Roaring Moon\n|-end|p1a: Roaring Moon|Protosynthesis|[silent]\n|\n|win|Braquelo\n|raw|micon01's rating: 1333 &rarr; <strong>1309<\/strong><br \/>(-24 for losing)\n|raw|Braquelo's rating: 1262 &rarr; <strong>1292<\/strong><br \/>(+30 for winning)\n|l|\u2606Braquelo\n|j|\u2606Braquelo\n|player|p2|Braquelo|raihan\n","uploadtime":1699812084,"views":7,"p1id":"micon01","p2id":"braquelo","formatid":"gen9nationaldexubers","rating":1292,"private":0,"password":""}