{"id":"gen9nationaldexubers-1993791956","p1":"grrrryeah","p2":"jt31","format":"[Gen 9] National Dex Ubers","log":"|j|\u2606grrrryeah\n|j|\u2606jt31\n|t:|1700357788\n|gametype|singles\n|player|p1|grrrryeah|102|\n|player|p2|jt31|101|\n|teamsize|p1|6\n|teamsize|p2|6\n|gen|9\n|tier|[Gen 9] National Dex Ubers\n|rule|HP Percentage Mod: HP is shown in percentages\n|rule|Endless Battle Clause: Forcing endless battles is banned\n|rule|OHKO Clause: OHKO moves are banned\n|rule|Evasion Moves Clause: Evasion moves are banned\n|rule|Evasion Items Clause: Evasion items are banned\n|rule|Species Clause: Limit one of each Pok\u00e9mon\n|rule|Sleep Clause Mod: Limit one foe put to sleep\n|rule|Mega Rayquaza Clause: You cannot mega evolve Rayquaza\n|clearpoke\n|poke|p1|Gliscor, F|\n|poke|p1|Ting-Lu|\n|poke|p1|Cinccino, M|\n|poke|p1|Solgaleo|\n|poke|p1|Rotom-Wash|\n|poke|p1|Genesect-Douse|\n|poke|p2|Xerneas-*|\n|poke|p2|Basculegion, M|\n|poke|p2|Rotom-Mow|\n|poke|p2|Heatran, F|\n|poke|p2|Chien-Pao|\n|poke|p2|Ditto|\n|teampreview\n|c|\u2606jt31|fuck\n|c|\u2606jt31|nvm\n|c|\u2606jt31|i prepped for omarinator\n|c|\u2606jt31|lmao\n|c|\u2606jt31|its okay\n|c|\u2606grrrryeah|Someone else has done that\n|\n|t:|1700357860\n|start\n|switch|p1a: Cinccino|Cinccino, M|100\/100\n|switch|p2a: Rotom|Rotom-Mow|100\/100\n|turn|1\n|\n|t:|1700357882\n|switch|p2a: Basculegion|Basculegion, M|100\/100\n|move|p1a: Cinccino|Tail Slap|p2a: Basculegion\n|-immune|p2a: Basculegion\n|\n|upkeep\n|turn|2\n|\n|t:|1700357888\n|move|p2a: Basculegion|Flip Turn|p1a: Cinccino\n|-damage|p1a: Cinccino|23\/100\n|\n|t:|1700357895\n|switch|p2a: Rotom|Rotom-Mow|100\/100|[from] Flip Turn\n|move|p1a: Cinccino|Bullet Seed|p2a: Rotom\n|-resisted|p2a: Rotom\n|-damage|p2a: Rotom|94\/100\n|-resisted|p2a: Rotom\n|-damage|p2a: Rotom|87\/100\n|-resisted|p2a: Rotom\n|-damage|p2a: Rotom|81\/100\n|-resisted|p2a: Rotom\n|-crit|p2a: Rotom\n|-damage|p2a: Rotom|69\/100\n|-hitcount|p2a: Rotom|4\n|\n|-heal|p2a: Rotom|76\/100|[from] item: Leftovers\n|upkeep\n|turn|3\n|\n|t:|1700357911\n|move|p1a: Cinccino|Triple Axel|p2a: Rotom\n|-supereffective|p2a: Rotom\n|-damage|p2a: Rotom|51\/100\n|-supereffective|p2a: Rotom\n|-damage|p2a: Rotom|3\/100\n|-supereffective|p2a: Rotom\n|-damage|p2a: Rotom|0 fnt\n|faint|p2a: Rotom\n|-hitcount|p2: Rotom|3\n|\n|upkeep\n|\n|t:|1700357918\n|switch|p2a: Chien-Pao|Chien-Pao|100\/100\n|-ability|p2a: Chien-Pao|Sword of Ruin\n|turn|4\n|l|\u2606grrrryeah\n|player|p1|\n|j|\u2606grrrryeah\n|player|p1|grrrryeah|102\n|\n|t:|1700357969\n|switch|p1a: Rotom|Rotom-Wash|100\/100\n|move|p2a: Chien-Pao|Sacred Sword|p1a: Rotom\n|-damage|p1a: Rotom|32\/100\n|-enditem|p1a: Rotom|Sitrus Berry|[eat]\n|-heal|p1a: Rotom|57\/100|[from] item: Sitrus Berry\n|-damage|p2a: Chien-Pao|91\/100|[from] item: Life Orb\n|\n|upkeep\n|turn|5\n|j| Adrian3210\n|\n|t:|1700357977\n|move|p2a: Chien-Pao|Sacred Sword|p1a: Rotom\n|-damage|p1a: Rotom|0 fnt\n|faint|p1a: Rotom\n|-damage|p2a: Chien-Pao|81\/100|[from] item: Life Orb\n|\n|upkeep\n|j| wughead\n|\n|t:|1700357989\n|switch|p1a: Genesect|Genesect-Douse|100\/100\n|-ability|p1a: Genesect|Download|boost\n|-boost|p1a: Genesect|spa|1\n|turn|6\n|\n|t:|1700358016\n|switch|p2a: Heatran|Heatran, F|100\/100\n|-item|p2a: Heatran|Air Balloon\n|move|p1a: Genesect|Bug Buzz|p2a: Heatran\n|-resisted|p2a: Heatran\n|-damage|p2a: Heatran|89\/100\n|-enditem|p2a: Heatran|Air Balloon\n|\n|upkeep\n|turn|7\n|\n|t:|1700358028\n|move|p1a: Genesect|Techno Blast|p2a: Heatran\n|-supereffective|p2a: Heatran\n|-damage|p2a: Heatran|2\/100\n|move|p2a: Heatran|Lava Plume|p1a: Genesect\n|-supereffective|p1a: Genesect\n|-damage|p1a: Genesect|0 fnt\n|faint|p1a: Genesect\n|\n|upkeep\n|\n|t:|1700358035\n|switch|p1a: Ting-Lu|Ting-Lu|100\/100\n|-ability|p1a: Ting-Lu|Vessel of Ruin\n|turn|8\n|\n|t:|1700358040\n|move|p2a: Heatran|Toxic|p1a: Ting-Lu\n|-status|p1a: Ting-Lu|tox\n|move|p1a: Ting-Lu|Stealth Rock|p2a: Heatran\n|-sidestart|p2: jt31|move: Stealth Rock\n|\n|-damage|p1a: Ting-Lu|94\/100 tox|[from] psn\n|upkeep\n|turn|9\n|\n|t:|1700358048\n|move|p2a: Heatran|Stealth Rock|p1a: Ting-Lu\n|-sidestart|p1: grrrryeah|move: Stealth Rock\n|move|p1a: Ting-Lu|Spikes|p2a: Heatran\n|-sidestart|p2: jt31|Spikes\n|\n|-heal|p1a: Ting-Lu|100\/100 tox|[from] item: Leftovers\n|-damage|p1a: Ting-Lu|88\/100 tox|[from] psn\n|upkeep\n|turn|10\n|\n|t:|1700358055\n|switch|p2a: Xerneas|Xerneas|100\/100\n|-damage|p2a: Xerneas|88\/100|[from] Stealth Rock\n|-damage|p2a: Xerneas|75\/100|[from] Spikes\n|-ability|p2a: Xerneas|Fairy Aura\n|move|p1a: Ting-Lu|Spikes|p2a: Xerneas\n|-sidestart|p2: jt31|Spikes\n|\n|-heal|p2a: Xerneas|82\/100|[from] item: Leftovers\n|-heal|p1a: Ting-Lu|94\/100 tox|[from] item: Leftovers\n|-damage|p1a: Ting-Lu|76\/100 tox|[from] psn\n|upkeep\n|turn|11\n|\n|t:|1700358063\n|move|p2a: Xerneas|Calm Mind|p2a: Xerneas\n|-boost|p2a: Xerneas|spa|1\n|-boost|p2a: Xerneas|spd|1\n|move|p1a: Ting-Lu|Whirlwind|p2a: Xerneas\n|drag|p2a: Basculegion|Basculegion, M|100\/100\n|-damage|p2a: Basculegion|88\/100|[from] Stealth Rock\n|-damage|p2a: Basculegion|72\/100|[from] Spikes\n|\n|-heal|p1a: Ting-Lu|82\/100 tox|[from] item: Leftovers\n|-damage|p1a: Ting-Lu|57\/100 tox|[from] psn\n|upkeep\n|turn|12\n|\n|t:|1700358080\n|move|p2a: Basculegion|Wave Crash|p1a: Ting-Lu\n|-supereffective|p1a: Ting-Lu\n|-damage|p1a: Ting-Lu|0 fnt\n|faint|p1a: Ting-Lu\n|-damage|p2a: Basculegion|46\/100|[from] Recoil\n|\n|upkeep\n|\n|t:|1700358085\n|switch|p1a: Cinccino|Cinccino, M|23\/100\n|-damage|p1a: Cinccino|10\/100|[from] Stealth Rock\n|turn|13\n|\n|t:|1700358088\n|move|p2a: Basculegion|Wave Crash|p1a: Cinccino\n|-damage|p1a: Cinccino|0 fnt\n|faint|p1a: Cinccino\n|-damage|p2a: Basculegion|44\/100|[from] Recoil\n|\n|upkeep\n|\n|t:|1700358099\n|switch|p1a: Solgaleo|Solgaleo|100\/100\n|-damage|p1a: Solgaleo|94\/100|[from] Stealth Rock\n|turn|14\n|\n|t:|1700358103\n|switch|p2a: Ditto|Ditto|100\/100\n|-damage|p2a: Ditto|88\/100|[from] Stealth Rock\n|-damage|p2a: Ditto|71\/100|[from] Spikes\n|-transform|p2a: Ditto|p1a: Solgaleo|[from] ability: Imposter\n|move|p1a: Solgaleo|Agility|p1a: Solgaleo\n|-boost|p1a: Solgaleo|spe|2\n|\n|upkeep\n|turn|15\n|\n|t:|1700358131\n|move|p1a: Solgaleo|Sunsteel Strike|p2a: Ditto\n|-resisted|p2a: Ditto\n|-damage|p2a: Ditto|41\/100\n|move|p2a: Ditto|Zen Headbutt|p1a: Solgaleo|[miss]\n|-miss|p2a: Ditto|p1a: Solgaleo\n|\n|upkeep\n|turn|16\n|\n|t:|1700358144\n|move|p1a: Solgaleo|Earthquake|p2a: Ditto\n|-supereffective|p2a: Ditto\n|-damage|p2a: Ditto|0 fnt\n|faint|p2a: Ditto\n|\n|upkeep\n|c|\u2606jt31|gg\n|\n|t:|1700358162\n|switch|p2a: Xerneas|Xerneas|82\/100\n|-damage|p2a: Xerneas|69\/100|[from] Stealth Rock\n|-damage|p2a: Xerneas|52\/100|[from] Spikes\n|-ability|p2a: Xerneas|Fairy Aura\n|turn|17\n|c|\u2606grrrryeah|Gg\n|\n|t:|1700358170\n|move|p1a: Solgaleo|Sunsteel Strike|p2a: Xerneas\n|-supereffective|p2a: Xerneas\n|-damage|p2a: Xerneas|0 fnt\n|faint|p2a: Xerneas\n|\n|upkeep\n|\n|t:|1700358173\n|switch|p2a: Heatran|Heatran, F|2\/100\n|-damage|p2a: Heatran|0 fnt|[from] Stealth Rock\n|faint|p2a: Heatran\n|\n|t:|1700358174\n|switch|p2a: Chien-Pao|Chien-Pao|81\/100\n|-damage|p2a: Chien-Pao|56\/100|[from] Stealth Rock\n|-damage|p2a: Chien-Pao|39\/100|[from] Spikes\n|-ability|p2a: Chien-Pao|Sword of Ruin\n|turn|18\n|\n|t:|1700358177\n|move|p1a: Solgaleo|Sunsteel Strike|p2a: Chien-Pao\n|-supereffective|p2a: Chien-Pao\n|-damage|p2a: Chien-Pao|0 fnt\n|faint|p2a: Chien-Pao\n|\n|upkeep\n|\n|t:|1700358179\n|switch|p2a: Basculegion|Basculegion, M|44\/100\n|-damage|p2a: Basculegion|31\/100|[from] Stealth Rock\n|-damage|p2a: Basculegion|15\/100|[from] Spikes\n|turn|19\n|\n|t:|1700358181\n|move|p1a: Solgaleo|Earthquake|p2a: Basculegion\n|-damage|p2a: Basculegion|0 fnt\n|faint|p2a: Basculegion\n|\n|win|grrrryeah\n|c|\u2606grrrryeah|Gg\n|l|\u2606grrrryeah\n|l| wughead\n|j|\u2606grrrryeah\n|player|p1|grrrryeah|102\n","uploadtime":1700358244,"views":6,"p1id":"grrrryeah","p2id":"jt31","formatid":"gen9nationaldexubers","rating":0,"private":0,"password":""}