{"id":"gen9nationaldexubers-1991120709","p1":"wdymthenameisthere","p2":"aa2919678364","format":"[Gen 9] National Dex Ubers","log":"|j|\u2606wdymthenameisthere\n|j|\u2606aa2919678364\n|t:|1700046091\n|gametype|singles\n|player|p1|wdymthenameisthere|volkner|1106\n|player|p2|aa2919678364|rosa|1051\n|teamsize|p1|6\n|teamsize|p2|6\n|gen|9\n|tier|[Gen 9] National Dex Ubers\n|rated|\n|rule|HP Percentage Mod: HP is shown in percentages\n|rule|Endless Battle Clause: Forcing endless battles is banned\n|rule|OHKO Clause: OHKO moves are banned\n|rule|Evasion Moves Clause: Evasion moves are banned\n|rule|Evasion Items Clause: Evasion items are banned\n|rule|Species Clause: Limit one of each Pok\u00e9mon\n|rule|Sleep Clause Mod: Limit one foe put to sleep\n|rule|Mega Rayquaza Clause: You cannot mega evolve Rayquaza\n|clearpoke\n|poke|p1|Dracovish|\n|poke|p1|Eternatus|\n|poke|p1|Kingambit, M|\n|poke|p1|Ferrothorn, M|\n|poke|p1|Mewtwo|\n|poke|p1|Groudon|\n|poke|p2|Ambipom, F|\n|poke|p2|Vigoroth, M|\n|poke|p2|Infernape, F|\n|poke|p2|Munkidori, M|\n|poke|p2|Annihilape, M|\n|poke|p2|Urshifu-*, F|\n|teampreview\n|\n|t:|1700046108\n|start\n|switch|p1a: Ferrothorn|Ferrothorn, M|100\/100\n|switch|p2a: Urshifu|Urshifu-Rapid-Strike, F|100\/100\n|turn|1\n|\n|t:|1700046115\n|move|p2a: Urshifu|Swords Dance|p2a: Urshifu\n|-boost|p2a: Urshifu|atk|2\n|move|p1a: Ferrothorn|Stealth Rock|p2a: Urshifu\n|-sidestart|p2: aa2919678364|move: Stealth Rock\n|\n|upkeep\n|turn|2\n|\n|t:|1700046122\n|move|p2a: Urshifu|Surging Strikes|p1a: Ferrothorn\n|-resisted|p1a: Ferrothorn\n|-crit|p1a: Ferrothorn\n|-damage|p1a: Ferrothorn|82\/100\n|-damage|p2a: Urshifu|88\/100|[from] ability: Iron Barbs|[of] p1a: Ferrothorn\n|-damage|p2a: Urshifu|72\/100|[from] item: Rocky Helmet|[of] p1a: Ferrothorn\n|-resisted|p1a: Ferrothorn\n|-crit|p1a: Ferrothorn\n|-damage|p1a: Ferrothorn|62\/100\n|-damage|p2a: Urshifu|59\/100|[from] ability: Iron Barbs|[of] p1a: Ferrothorn\n|-damage|p2a: Urshifu|43\/100|[from] item: Rocky Helmet|[of] p1a: Ferrothorn\n|-resisted|p1a: Ferrothorn\n|-crit|p1a: Ferrothorn\n|-damage|p1a: Ferrothorn|44\/100\n|-damage|p2a: Urshifu|31\/100|[from] ability: Iron Barbs|[of] p1a: Ferrothorn\n|-damage|p2a: Urshifu|14\/100|[from] item: Rocky Helmet|[of] p1a: Ferrothorn\n|-hitcount|p1a: Ferrothorn|3\n|move|p1a: Ferrothorn|Toxic|p2a: Urshifu\n|-status|p2a: Urshifu|tox\n|\n|-damage|p2a: Urshifu|8\/100 tox|[from] psn\n|upkeep\n|turn|3\n|\n|t:|1700046144\n|move|p2a: Urshifu|Aqua Jet|p1a: Ferrothorn\n|-resisted|p1a: Ferrothorn\n|-damage|p1a: Ferrothorn|25\/100\n|-damage|p2a: Urshifu|0 fnt|[from] ability: Iron Barbs|[of] p1a: Ferrothorn\n|faint|p2a: Urshifu\n|move|p1a: Ferrothorn|Spikes|p2: Urshifu\n|-sidestart|p2: aa2919678364|Spikes\n|\n|upkeep\n|\n|t:|1700046167\n|switch|p2a: Ambipom|Ambipom, F, shiny|100\/100\n|-damage|p2a: Ambipom|88\/100|[from] Stealth Rock\n|-damage|p2a: Ambipom|76\/100|[from] Spikes\n|turn|4\n|\n|t:|1700046174\n|-terastallize|p2a: Ambipom|Normal\n|move|p2a: Ambipom|Fake Out|p1a: Ferrothorn\n|-resisted|p1a: Ferrothorn\n|-damage|p1a: Ferrothorn|6\/100\n|-damage|p2a: Ambipom|64\/100|[from] ability: Iron Barbs|[of] p1a: Ferrothorn\n|-damage|p2a: Ambipom|47\/100|[from] item: Rocky Helmet|[of] p1a: Ferrothorn\n|-damage|p2a: Ambipom|37\/100|[from] item: Life Orb\n|cant|p1a: Ferrothorn|flinch\n|\n|upkeep\n|turn|5\n|\n|t:|1700046187\n|move|p2a: Ambipom|Double Hit|p1a: Ferrothorn\n|-resisted|p1a: Ferrothorn\n|-damage|p1a: Ferrothorn|0 fnt\n|-damage|p2a: Ambipom|25\/100|[from] ability: Iron Barbs|[of] p1a: Ferrothorn\n|-damage|p2a: Ambipom|8\/100|[from] item: Rocky Helmet|[of] p1a: Ferrothorn\n|faint|p1a: Ferrothorn\n|-hitcount|p1: Ferrothorn|1\n|-damage|p2a: Ambipom|0 fnt|[from] item: Life Orb\n|faint|p2a: Ambipom\n|\n|upkeep\n|-message|aa2919678364 forfeited.\n|\n|win|wdymthenameisthere\n|raw|wdymthenameisthere's rating: 1106 &rarr; <strong>1127<\/strong><br \/>(+21 for winning)\n|raw|aa2919678364's rating: 1051 &rarr; <strong>1036<\/strong><br \/>(-15 for losing)\n","uploadtime":1700046203,"views":8,"p1id":"wdymthenameisthere","p2id":"aa2919678364","formatid":"gen9nationaldexubers","rating":1036,"private":0,"password":""}