{"id":"gen9nationaldexubers-1988482240","p1":"alcatel999","p2":"anderproyt","format":"[Gen 9] National Dex Ubers","log":"|j|\u2606alcatel999\n|j|\u2606anderproyt\n|t:|1699727672\n|gametype|singles\n|player|p1|alcatel999|rocketgrunt|\n|player|p2|anderproyt|giovanni|\n|teamsize|p1|6\n|teamsize|p2|6\n|gen|9\n|tier|[Gen 9] National Dex Ubers\n|rule|HP Percentage Mod: HP is shown in percentages\n|rule|Endless Battle Clause: Forcing endless battles is banned\n|rule|OHKO Clause: OHKO moves are banned\n|rule|Evasion Moves Clause: Evasion moves are banned\n|rule|Evasion Items Clause: Evasion items are banned\n|rule|Species Clause: Limit one of each Pok\u00e9mon\n|rule|Sleep Clause Mod: Limit one foe put to sleep\n|rule|Mega Rayquaza Clause: You cannot mega evolve Rayquaza\n|clearpoke\n|poke|p1|Dragonite, M|\n|poke|p1|Blaziken, F|\n|poke|p1|Tangrowth, M|\n|poke|p1|Blissey, F|\n|poke|p1|Zoroark-Hisui, F|\n|poke|p1|Manectric, M|\n|poke|p2|Volcarona, M|\n|poke|p2|Forretress, M|\n|poke|p2|Heracross, M|\n|poke|p2|Scizor, M|\n|poke|p2|Galvantula, M|\n|poke|p2|Araquanid, M|\n|teampreview\n|c|\u2606alcatel999|ahora si\n|c|\u2606alcatel999|GL HF\n|\n|t:|1699727688\n|start\n|switch|p1a: McQueen|Manectric, M|100\/100\n|switch|p2a: Galvantula|Galvantula, M|100\/100\n|turn|1\n|\n|t:|1699727701\n|detailschange|p1a: McQueen|Manectric-Mega, M\n|-mega|p1a: McQueen|Manectric|Manectite\n|-ability|p1a: McQueen|Intimidate|boost\n|-unboost|p2a: Galvantula|atk|1\n|move|p1a: McQueen|Flamethrower|p2a: Galvantula\n|-supereffective|p2a: Galvantula\n|-enditem|p2a: Galvantula|Focus Sash\n|-damage|p2a: Galvantula|1\/100\n|move|p2a: Galvantula|Sticky Web|p1a: McQueen\n|-sidestart|p1: alcatel999|move: Sticky Web\n|\n|upkeep\n|turn|2\n|j| Maidenhoeenven\n|\n|t:|1699727713\n|move|p1a: McQueen|Thunderbolt|p2a: Galvantula\n|-resisted|p2a: Galvantula\n|-damage|p2a: Galvantula|0 fnt\n|faint|p2a: Galvantula\n|\n|upkeep\n|\n|t:|1699727728\n|switch|p2a: Volcarona|Volcarona, M|100\/100\n|turn|3\n|\n|t:|1699727732\n|move|p1a: McQueen|Hidden Power|p2a: Volcarona\n|-supereffective|p2a: Volcarona\n|-damage|p2a: Volcarona|8\/100\n|move|p2a: Volcarona|Quiver Dance|p2a: Volcarona\n|-boost|p2a: Volcarona|spa|1\n|-boost|p2a: Volcarona|spd|1\n|-boost|p2a: Volcarona|spe|1\n|\n|upkeep\n|turn|4\n|c|\u2606anderproyt|Q tipo es ese HP\n|c|\u2606alcatel999|Roca\n|c|\u2606alcatel999|lo puse especialmente para volcarona\n|c|\u2606alcatel999|xd\n|c|\u2606anderproyt|La pensaste muy bien XD\n|\n|t:|1699727771\n|move|p2a: Volcarona|Giga Drain|p1a: McQueen\n|-damage|p1a: McQueen|43\/100\n|-heal|p2a: Volcarona|31\/100|[from] drain|[of] p1a: McQueen\n|move|p1a: McQueen|Hidden Power|p2a: Volcarona\n|-supereffective|p2a: Volcarona\n|-damage|p2a: Volcarona|0 fnt\n|faint|p2a: Volcarona\n|\n|upkeep\n|\n|t:|1699727785\n|switch|p2a: Heracross|Heracross, M|100\/100\n|turn|5\n|\n|t:|1699727794\n|move|p2a: Heracross|Earthquake|p1a: McQueen\n|-supereffective|p1a: McQueen\n|-damage|p1a: McQueen|0 fnt\n|faint|p1a: McQueen\n|-ability|p2a: Heracross|Moxie|boost\n|-boost|p2a: Heracross|atk|1\n|\n|upkeep\n|\n|t:|1699727804\n|switch|p1a: KFC|Blaziken, F|100\/100\n|-activate|p1a: KFC|move: Sticky Web\n|-unboost|p1a: KFC|spe|1\n|turn|6\n|\n|t:|1699727809\n|-terastallize|p1a: KFC|Flying\n|move|p2a: Heracross|Earthquake|p1a: KFC\n|-immune|p1a: KFC\n|move|p1a: KFC|Swords Dance|p1a: KFC\n|-boost|p1a: KFC|atk|2\n|\n|-ability|p1a: KFC|Speed Boost|boost\n|-boost|p1a: KFC|spe|1\n|upkeep\n|turn|7\n|c|\u2606alcatel999|asumire que es scarf\n|c|\u2606alcatel999|xd\n|\n|t:|1699727820\n|switch|p2a: Araquanid|Araquanid, M|100\/100\n|move|p1a: KFC|Swords Dance|p1a: KFC\n|-boost|p1a: KFC|atk|2\n|\n|-ability|p1a: KFC|Speed Boost|boost\n|-boost|p1a: KFC|spe|1\n|upkeep\n|turn|8\n|c|\u2606anderproyt|A\n|\n|t:|1699727832\n|move|p1a: KFC|Close Combat|p2a: Araquanid\n|-resisted|p2a: Araquanid\n|-damage|p2a: Araquanid|25\/100\n|-unboost|p1a: KFC|def|1\n|-unboost|p1a: KFC|spd|1\n|move|p2a: Araquanid|Toxic|p1a: KFC\n|-status|p1a: KFC|tox\n|\n|-heal|p2a: Araquanid|31\/100|[from] item: Leftovers\n|-damage|p1a: KFC|94\/100 tox|[from] psn\n|-ability|p1a: KFC|Speed Boost|boost\n|-boost|p1a: KFC|spe|1\n|upkeep\n|turn|9\n|\n|t:|1699727845\n|switch|p2a: Forretress|Forretress, M|100\/100\n|move|p1a: KFC|Close Combat|p2a: Forretress\n|-ability|p2a: Forretress|Sturdy\n|-damage|p2a: Forretress|1\/100\n|-unboost|p1a: KFC|def|1\n|-unboost|p1a: KFC|spd|1\n|-damage|p1a: KFC|78\/100 tox|[from] item: Rocky Helmet|[of] p2a: Forretress\n|\n|-heal|p1a: KFC|84\/100 tox|[from] item: Leftovers\n|-damage|p1a: KFC|72\/100 tox|[from] psn\n|-ability|p1a: KFC|Speed Boost|boost\n|-boost|p1a: KFC|spe|1\n|upkeep\n|turn|10\n|\n|t:|1699727860\n|move|p2a: Forretress|Protect|p2a: Forretress\n|-singleturn|p2a: Forretress|Protect\n|move|p1a: KFC|Close Combat|p2a: Forretress\n|-activate|p2a: Forretress|move: Protect\n|\n|-heal|p1a: KFC|78\/100 tox|[from] item: Leftovers\n|-damage|p1a: KFC|60\/100 tox|[from] psn\n|-ability|p1a: KFC|Speed Boost|boost\n|-boost|p1a: KFC|spe|1\n|upkeep\n|turn|11\n|\n|t:|1699727872\n|move|p1a: KFC|Close Combat|p2a: Forretress\n|-damage|p2a: Forretress|0 fnt\n|-unboost|p1a: KFC|def|1\n|-unboost|p1a: KFC|spd|1\n|-damage|p1a: KFC|43\/100 tox|[from] item: Rocky Helmet|[of] p2a: Forretress\n|faint|p2a: Forretress\n|\n|-heal|p1a: KFC|49\/100 tox|[from] item: Leftovers\n|-damage|p1a: KFC|25\/100 tox|[from] psn\n|-ability|p1a: KFC|Speed Boost|boost\n|-boost|p1a: KFC|spe|1\n|upkeep\n|\n|t:|1699727884\n|switch|p2a: Scizor|Scizor, M|100\/100\n|turn|12\n|\n|t:|1699727897\n|switch|p1a: HuevoPeludo|Tangrowth, M|100\/100\n|-activate|p1a: HuevoPeludo|move: Sticky Web\n|-unboost|p1a: HuevoPeludo|spe|1\n|detailschange|p2a: Scizor|Scizor-Mega, M\n|-mega|p2a: Scizor|Scizor|Scizorite\n|move|p2a: Scizor|Bullet Punch|p1a: HuevoPeludo\n|-crit|p1a: HuevoPeludo\n|-damage|p1a: HuevoPeludo|74\/100\n|-damage|p2a: Scizor|84\/100|[from] item: Rocky Helmet|[of] p1a: HuevoPeludo\n|\n|upkeep\n|turn|13\n|c|\u2606anderproyt|Tuve hacer malabares XD\n|\n|t:|1699727908\n|move|p2a: Scizor|Bug Bite|p1a: HuevoPeludo\n|-supereffective|p1a: HuevoPeludo\n|-damage|p1a: HuevoPeludo|23\/100\n|-damage|p2a: Scizor|67\/100|[from] item: Rocky Helmet|[of] p1a: HuevoPeludo\n|move|p1a: HuevoPeludo|Leech Seed|p2a: Scizor\n|-start|p2a: Scizor|move: Leech Seed\n|\n|-damage|p2a: Scizor|55\/100|[from] Leech Seed|[of] p1a: HuevoPeludo\n|-heal|p1a: HuevoPeludo|34\/100|[silent]\n|upkeep\n|turn|14\n|c|\u2606alcatel999|Xd\n|j| DiosPanzer\n|c| DiosPanzer|Waos\n|\n|t:|1699727916\n|move|p1a: HuevoPeludo|Protect|p1a: HuevoPeludo\n|-singleturn|p1a: HuevoPeludo|Protect\n|move|p2a: Scizor|Roost|p2a: Scizor\n|-heal|p2a: Scizor|100\/100\n|-singleturn|p2a: Scizor|move: Roost\n|\n|-damage|p2a: Scizor|88\/100|[from] Leech Seed|[of] p1a: HuevoPeludo\n|-heal|p1a: HuevoPeludo|45\/100|[silent]\n|upkeep\n|turn|15\n|c| DiosPanzer|Un scizor mega\n|\n|t:|1699727924\n|move|p2a: Scizor|Bug Bite|p1a: HuevoPeludo\n|-supereffective|p1a: HuevoPeludo\n|-crit|p1a: HuevoPeludo\n|-damage|p1a: HuevoPeludo|0 fnt\n|-damage|p2a: Scizor|71\/100|[from] item: Rocky Helmet|[of] p1a: HuevoPeludo\n|faint|p1a: HuevoPeludo\n|\n|upkeep\n|\n|t:|1699727928\n|switch|p1a: Mariposon|Dragonite, M|100\/100\n|-activate|p1a: Mariposon|move: Sticky Web\n|-unboost|p1a: Mariposon|spe|1\n|turn|16\n|c| DiosPanzer|Waos\n|\n|t:|1699727934\n|switch|p2a: Araquanid|Araquanid, M|31\/100\n|move|p1a: Mariposon|Flamethrower|p2a: Araquanid\n|-damage|p2a: Araquanid|20\/100\n|\n|-heal|p2a: Araquanid|27\/100|[from] item: Leftovers\n|upkeep\n|turn|17\n|c| DiosPanzer|Que raro\n|c| DiosPanzer|A espera\n|c| DiosPanzer|Ya entendi\n|\n|t:|1699727944\n|move|p1a: Mariposon|Bitter Malice|p2a: Araquanid\n|-damage|p2a: Araquanid|0 fnt\n|faint|p2a: Araquanid\n|\n|upkeep\n|c| DiosPanzer|Soy lento\n|\n|t:|1699727957\n|switch|p2a: Heracross|Heracross, M|100\/100\n|turn|18\n|c|\u2606alcatel999|sisos\n|c| DiosPanzer|Callada puta\n|j| ricardo gomez\n|\n|t:|1699727983\n|switch|p1a: Mariposon|Dragonite, M|100\/100\n|move|p2a: Heracross|Earthquake|p1a: Mariposon\n|-immune|p1a: Mariposon\n|\n|upkeep\n|turn|19\n|l| Maidenhoeenven\n|j| Maidenhoeenven\n|\n|t:|1699727991\n|switch|p2a: Scizor|Scizor-Mega, M|71\/100\n|move|p1a: Mariposon|Stone Edge|p2a: Scizor\n|-damage|p2a: Scizor|43\/100\n|\n|upkeep\n|turn|20\n|c| ricardo gomez|ala\n|\n|t:|1699728004\n|move|p1a: Mariposon|Dragon Dance|p1a: Mariposon\n|-boost|p1a: Mariposon|atk|1\n|-boost|p1a: Mariposon|spe|1\n|move|p2a: Scizor|Roost|p2a: Scizor\n|-heal|p2a: Scizor|93\/100\n|-singleturn|p2a: Scizor|move: Roost\n|\n|upkeep\n|turn|21\n|\n|t:|1699728010\n|move|p2a: Scizor|Bullet Punch|p1a: Mariposon\n|-damage|p1a: Mariposon|81\/100\n|move|p1a: Mariposon|Dragon Dance|p1a: Mariposon\n|-boost|p1a: Mariposon|atk|1\n|-boost|p1a: Mariposon|spe|1\n|\n|-heal|p1a: Mariposon|87\/100|[from] item: Leftovers\n|upkeep\n|turn|22\n|\n|t:|1699728019\n|move|p1a: Mariposon|Extreme Speed|p2a: Scizor\n|-resisted|p2a: Scizor\n|-damage|p2a: Scizor|70\/100\n|move|p2a: Scizor|Bullet Punch|p1a: Mariposon\n|-damage|p1a: Mariposon|48\/100\n|\n|-heal|p1a: Mariposon|54\/100|[from] item: Leftovers\n|upkeep\n|turn|23\n|c| DiosPanzer|No pu\u00f1o fuego?\n|\n|t:|1699728028\n|move|p2a: Scizor|Bullet Punch|p1a: Mariposon\n|-damage|p1a: Mariposon|16\/100\n|move|p1a: Mariposon|Earthquake|p2a: Scizor\n|-damage|p2a: Scizor|7\/100\n|\n|-heal|p1a: Mariposon|22\/100|[from] item: Leftovers\n|upkeep\n|turn|24\n|c|\u2606alcatel999|me olvide\n|c|\u2606alcatel999|XD\n|c| DiosPanzer|XD\n|\n|t:|1699728036\n|move|p1a: Mariposon|Extreme Speed|p2a: Scizor\n|-resisted|p2a: Scizor\n|-damage|p2a: Scizor|0 fnt\n|faint|p2a: Scizor\n|\n|-heal|p1a: Mariposon|29\/100|[from] item: Leftovers\n|upkeep\n|\n|t:|1699728062\n|switch|p2a: Heracross|Heracross, M|100\/100\n|turn|25\n|\n|t:|1699728065\n|move|p1a: Mariposon|Extreme Speed|p2a: Heracross\n|-damage|p2a: Heracross|14\/100\n|move|p2a: Heracross|Rock Slide|p1a: Mariposon\n|-supereffective|p1a: Mariposon\n|-crit|p1a: Mariposon\n|-damage|p1a: Mariposon|0 fnt\n|faint|p1a: Mariposon\n|-ability|p2a: Heracross|Moxie|boost\n|-boost|p2a: Heracross|atk|1\n|\n|upkeep\n|\n|t:|1699728070\n|switch|p1a: KFC|Blaziken, F|100\/100\n|-activate|p1a: KFC|move: Sticky Web\n|-unboost|p1a: KFC|spe|1\n|-start|p1a: KFC|typechange|Flying|[silent]\n|turn|26\n|\n|t:|1699728079\n|move|p2a: Heracross|Rock Slide|p1a: KFC\n|-damage|p1a: KFC|14\/100\n|replace|p1a: Amongus|Zoroark-Hisui, F\n|-end|p1a: Amongus|Illusion\n|move|p1a: Amongus|Flamethrower|p2a: Heracross\n|-supereffective|p2a: Heracross\n|-damage|p2a: Heracross|0 fnt\n|faint|p2a: Heracross\n|\n|win|alcatel999\n|c|\u2606alcatel999|Gg\n","uploadtime":1699728087,"views":5,"p1id":"alcatel999","p2id":"anderproyt","formatid":"gen9nationaldexubers","rating":0,"private":0,"password":""}