{"id":"gen9nationaldexubers-2000466293","p1":"Vandalito22","p2":"ib71","format":"[Gen 9] National Dex Ubers","log":"|j|\u2606Vandalito22\n|j|\u2606ib71\n|t:|1701197172\n|gametype|singles\n|player|p1|Vandalito22|roughneck|1108\n|player|p2|ib71|steven|1186\n|teamsize|p1|6\n|teamsize|p2|6\n|gen|9\n|tier|[Gen 9] National Dex Ubers\n|rated|\n|rule|HP Percentage Mod: HP is shown in percentages\n|rule|Endless Battle Clause: Forcing endless battles is banned\n|rule|OHKO Clause: OHKO moves are banned\n|rule|Evasion Moves Clause: Evasion moves are banned\n|rule|Evasion Items Clause: Evasion items are banned\n|rule|Species Clause: Limit one of each Pok\u00e9mon\n|rule|Sleep Clause Mod: Limit one foe put to sleep\n|rule|Mega Rayquaza Clause: You cannot mega evolve Rayquaza\n|clearpoke\n|poke|p1|Whimsicott, M|\n|poke|p1|Espathra, F|\n|poke|p1|Mewtwo|\n|poke|p1|Rotom-Wash|\n|poke|p1|Gliscor, M|\n|poke|p1|Marshadow|\n|poke|p2|Kyurem-White|\n|poke|p2|Groudon|\n|poke|p2|Necrozma-Dusk-Mane|\n|poke|p2|Diancie|\n|poke|p2|Ho-Oh|\n|poke|p2|Zygarde|\n|teampreview\n|\n|t:|1701197177\n|start\n|switch|p1a: Espathra|Espathra, F|100\/100\n|switch|p2a: Zygarde|Zygarde, shiny|100\/100\n|turn|1\n|inactive|Battle timer is ON: inactive players will automatically lose when time's up. (requested by ib71)\n|\n|t:|1701197186\n|move|p2a: Zygarde|Dragon Dance|p2a: Zygarde\n|-boost|p2a: Zygarde|atk|1\n|-boost|p2a: Zygarde|spe|1\n|move|p1a: Espathra|Calm Mind|p1a: Espathra\n|-boost|p1a: Espathra|spa|1\n|-boost|p1a: Espathra|spd|1\n|\n|-ability|p1a: Espathra|Speed Boost|boost\n|-boost|p1a: Espathra|spe|1\n|upkeep\n|turn|2\n|\n|t:|1701197202\n|switch|p2a: Necrozma|Necrozma-Dusk-Mane, shiny|100\/100\n|move|p1a: Espathra|Calm Mind|p1a: Espathra\n|-boost|p1a: Espathra|spa|1\n|-boost|p1a: Espathra|spd|1\n|\n|-ability|p1a: Espathra|Speed Boost|boost\n|-boost|p1a: Espathra|spe|1\n|upkeep\n|turn|3\n|\n|t:|1701197214\n|detailschange|p2a: Necrozma|Necrozma-Ultra, shiny\n|-burst|p2a: Necrozma|Necrozma|Ultranecrozium Z\n|move|p1a: Espathra|Shadow Ball|p2a: Necrozma\n|-supereffective|p2a: Necrozma\n|-damage|p2a: Necrozma|4\/100\n|move|p2a: Necrozma|Sunsteel Strike|p1a: Espathra\n|-damage|p1a: Espathra|33\/100\n|\n|-ability|p1a: Espathra|Speed Boost|boost\n|-boost|p1a: Espathra|spe|1\n|upkeep\n|turn|4\n|\n|t:|1701197230\n|move|p1a: Espathra|Shadow Ball|p2a: Necrozma\n|-supereffective|p2a: Necrozma\n|-crit|p2a: Necrozma\n|-damage|p2a: Necrozma|0 fnt\n|faint|p2a: Necrozma\n|\n|-ability|p1a: Espathra|Speed Boost|boost\n|-boost|p1a: Espathra|spe|1\n|upkeep\n|\n|t:|1701197234\n|switch|p2a: Groudon|Groudon, shiny|100\/100\n|detailschange|p2a: Groudon|Groudon-Primal, shiny\n|-primal|p2a: Groudon|Red Orb\n|-weather|DesolateLand|[from] ability: Desolate Land|[of] p2a: Groudon\n|turn|5\n|\n|t:|1701197246\n|-terastallize|p1a: Espathra|Psychic\n|move|p1a: Espathra|Psychic|p2a: Groudon\n|-damage|p2a: Groudon|0 fnt\n|faint|p2a: Groudon\n|-weather|none\n|\n|-ability|p1a: Espathra|Speed Boost|boost\n|-boost|p1a: Espathra|spe|1\n|upkeep\n|\n|t:|1701197264\n|switch|p2a: Ho-Oh|Ho-Oh, shiny|100\/100\n|turn|6\n|\n|t:|1701197290\n|move|p1a: Espathra|Psychic|p2a: Ho-Oh\n|-damage|p2a: Ho-Oh|30\/100\n|move|p2a: Ho-Oh|Sacred Fire|p1a: Espathra\n|-damage|p1a: Espathra|0 fnt\n|faint|p1a: Espathra\n|\n|upkeep\n|inactive|Vandalito22 has 120 seconds left.\n|\n|t:|1701197302\n|switch|p1a: Marshadow|Marshadow|100\/100\n|turn|7\n|\n|t:|1701197308\n|move|p2a: Ho-Oh|Sacred Fire|p1a: Marshadow\n|-damage|p1a: Marshadow|43\/100\n|move|p1a: Marshadow|Rock Tomb|p2a: Ho-Oh\n|-supereffective|p2a: Ho-Oh\n|-damage|p2a: Ho-Oh|0 fnt\n|faint|p2a: Ho-Oh\n|\n|upkeep\n|\n|t:|1701197313\n|switch|p2a: Diancie|Diancie, shiny|100\/100\n|turn|8\n|\n|t:|1701197320\n|move|p1a: Marshadow|Drain Punch|p2a: Diancie\n|-damage|p2a: Diancie|66\/100\n|-heal|p1a: Marshadow|57\/100|[from] drain|[of] p2a: Diancie\n|move|p2a: Diancie|Diamond Storm|p1a: Marshadow\n|-resisted|p1a: Marshadow\n|-crit|p1a: Marshadow\n|-damage|p1a: Marshadow|17\/100\n|-boost|p2a: Diancie|def|2\n|\n|upkeep\n|turn|9\n|\n|t:|1701197343\n|move|p1a: Marshadow|Spectral Thief||[still]\n|-clearpositiveboost|p2a: Diancie|p1a: Marshadow|move: Spectral Thief\n|-boost|p1a: Marshadow|def|2\n|-anim|p1a: Marshadow|Spectral Thief|p2a: Diancie\n|-damage|p2a: Diancie|24\/100\n|move|p2a: Diancie|Diamond Storm|p1a: Marshadow\n|-resisted|p1a: Marshadow\n|-damage|p1a: Marshadow|5\/100\n|\n|upkeep\n|turn|10\n|\n|t:|1701197357\n|detailschange|p2a: Diancie|Diancie-Mega, shiny\n|-mega|p2a: Diancie|Diancie|Diancite\n|move|p1a: Marshadow|Drain Punch|p2a: Diancie\n|-damage|p2a: Diancie|0 fnt\n|-heal|p1a: Marshadow|15\/100|[from] drain|[of] p2a: Diancie\n|faint|p2a: Diancie\n|\n|upkeep\n|\n|t:|1701197362\n|switch|p2a: Zygarde|Zygarde, shiny|100\/100\n|turn|11\n|\n|t:|1701197369\n|-terastallize|p2a: Zygarde|Steel\n|move|p2a: Zygarde|Thousand Arrows|p1a: Marshadow\n|-damage|p1a: Marshadow|0 fnt\n|faint|p1a: Marshadow\n|\n|upkeep\n|\n|t:|1701197377\n|switch|p1a: Mewtwo|Mewtwo|100\/100\n|-ability|p1a: Mewtwo|Pressure\n|turn|12\n|\n|t:|1701197382\n|move|p1a: Mewtwo|Trick|p2a: Zygarde\n|-activate|p1a: Mewtwo|move: Trick|[of] p2a: Zygarde\n|-item|p2a: Zygarde|Choice Scarf|[from] move: Trick\n|-item|p1a: Mewtwo|Choice Scarf|[from] move: Trick\n|move|p2a: Zygarde|Thousand Arrows|p1a: Mewtwo\n|-damage|p1a: Mewtwo|62\/100\n|\n|upkeep\n|turn|13\n|c|\u2606ib71|lolllllllllllllllllllllllllllllllllllllllllllllllllllllllllll\n|\n|t:|1701197400\n|move|p1a: Mewtwo|Aura Sphere|p2a: Zygarde\n|-supereffective|p2a: Zygarde\n|-damage|p2a: Zygarde|39\/100\n|move|p2a: Zygarde|Thousand Arrows|p1a: Mewtwo\n|-damage|p1a: Mewtwo|28\/100\n|\n|-activate|p2a: Zygarde|ability: Power Construct\n|detailschange|p2a: Zygarde|Zygarde-Complete, shiny, tera:Steel\n|-heal|p2a: Zygarde|61\/100|[silent]\n|upkeep\n|turn|14\n|c|\u2606ib71|lolllllllllllllllllllllllllll\n|c|\u2606ib71|llllll\n|c|\u2606ib71|l\n|c|\u2606ib71|l\n|c|\u2606ib71|l\n|c|\u2606ib71|l\n|c|\u2606ib71|l\n|c|\u2606ib71|;l\n|c|\u2606ib71|l\n|c|\u2606ib71|l\n|c|\u2606ib71|l\n|c|\u2606ib71|l\n|c|\u2606ib71|ll\n|c|\u2606ib71|l\n|c|\u2606ib71|l\n|c|\u2606ib71|l\n|c|\u2606ib71|ll\n|c|\u2606ib71|l\n|c|\u2606ib71|l\n|c|\u2606ib71|l\n|c|\u2606ib71|lll\n|c|\u2606ib71|lll\n|c|\u2606ib71|l\n|c|\u2606ib71|l\n|c|\u2606ib71|lllllll\n|c|\u2606ib71|ll\n|c|\u2606ib71|;;;..\n|c|\u2606ib71|kll\n|c|\u2606ib71|k\n|c|\u2606ib71|k\n|inactive|Vandalito22 has 120 seconds left.\n|c|\u2606ib71|k\n|c|\u2606ib71|l\n|c|\u2606ib71|lkl\n|c|\u2606ib71|lkkkkkkk\n|c|\u2606ib71|kkk\n|c|\u2606ib71|kk\n|inactive|ib71 has 120 seconds left.\n|c|\u2606ib71|k\n|c|\u2606ib71|k\n|c|\u2606Vandalito22|So that\u00b4s why you where faster than my marshadow\n|c|\u2606ib71|k\n|c|\u2606ib71|kkkk\n|c|\u2606ib71|kk\n|c|\u2606ib71|kkkkkkkkk\n|c|\u2606ib71|k\n|c|\u2606ib71|kkkk\n|c|\u2606ib71|kk\n|c|\u2606ib71|kkk\n|c|\u2606ib71|kl\n|c|\u2606ib71|k\n|c|\u2606ib71|kl\n|c|\u2606ib71|k\n|c|\u2606ib71|k\n|\n|t:|1701197451\n|move|p1a: Mewtwo|Aura Sphere|p2a: Zygarde\n|-supereffective|p2a: Zygarde\n|-damage|p2a: Zygarde|21\/100\n|move|p2a: Zygarde|Thousand Arrows|p1a: Mewtwo\n|-damage|p1a: Mewtwo|0 fnt\n|faint|p1a: Mewtwo\n|\n|upkeep\n|\n|t:|1701197461\n|switch|p1a: Gliscor|Gliscor, M|100\/100\n|turn|15\n|c|\u2606ib71|i used 1 million d dance\n|\n|t:|1701197475\n|move|p2a: Zygarde|Thousand Arrows|p1a: Gliscor\n|-damage|p1a: Gliscor|79\/100\n|-start|p1a: Gliscor|Smack Down\n|move|p1a: Gliscor|Earthquake|p2a: Zygarde\n|-supereffective|p2a: Zygarde\n|-damage|p2a: Zygarde|0 fnt\n|faint|p2a: Zygarde\n|\n|-status|p1a: Gliscor|tox|[from] item: Toxic Orb\n|upkeep\n|\n|t:|1701197488\n|switch|p2a: Kyurem|Kyurem-White, shiny|100\/100\n|-ability|p2a: Kyurem|Turboblaze\n|turn|16\n|inactive|Vandalito22 has 120 seconds left.\n|\n|t:|1701197495\n|move|p2a: Kyurem|Dragon Dance|p2a: Kyurem\n|-boost|p2a: Kyurem|atk|1\n|-boost|p2a: Kyurem|spe|1\n|move|p1a: Gliscor|Toxic|p2a: Kyurem\n|-status|p2a: Kyurem|tox\n|\n|-damage|p2a: Kyurem|94\/100 tox|[from] psn\n|-heal|p1a: Gliscor|91\/100 tox|[from] ability: Poison Heal\n|upkeep\n|turn|17\n|c|\u2606ib71|wtf\n|inactive|Vandalito22 has 120 seconds left.\n|c|\u2606ib71|u are a girl\n|inactive|ib71 has 90 seconds left.\n|\n|t:|1701197540\n|move|p2a: Kyurem|Dragon Dance|p2a: Kyurem\n|-boost|p2a: Kyurem|atk|1\n|-boost|p2a: Kyurem|spe|1\n|move|p1a: Gliscor|Earthquake|p2a: Kyurem\n|-damage|p2a: Kyurem|66\/100 tox\n|\n|-damage|p2a: Kyurem|54\/100 tox|[from] psn\n|-heal|p1a: Gliscor|100\/100 tox|[from] ability: Poison Heal\n|upkeep\n|turn|18\n|c|\u2606Vandalito22|No, im smart, and not a 5 year old that uses only legendarys\n|inactive|Vandalito22 has 120 seconds left.\n|inactive|ib71 has 60 seconds left.\n|c|\u2606ib71|to bau band a magyan chodi pua benchod sala madarchod harami\n|inactive|ib71 has 30 seconds left.\n|c|\u2606ib71|gandi mara\n|inactive|ib71 has 20 seconds left.\n|\n|t:|1701197605\n|move|p2a: Kyurem|Dragon Dance|p2a: Kyurem\n|-boost|p2a: Kyurem|atk|1\n|-boost|p2a: Kyurem|spe|1\n|move|p1a: Gliscor|U-turn|p2a: Kyurem\n|-damage|p2a: Kyurem|40\/100 tox\n|inactive|ib71 has 25 seconds left this turn.\n|inactive|Vandalito22 has 120 seconds left.\n|\n|t:|1701197614\n|switch|p1a: Whimsicott|Whimsicott, M|100\/100|[from] U-turn\n|\n|-damage|p2a: Kyurem|22\/100 tox|[from] psn\n|upkeep\n|turn|19\n|inactive|ib71 has 30 seconds left.\n|c|\u2606ib71|chutiya benchod\n|n|\u203dib71|ib71\n|c|&|\/log ib71 was locked from talking by Artemis. (\u2606ib71: chutiya benchod)\n|c|&|\/raw <small>This action was done automatically. Want to learn more about the AI? <a href=\"https:\/\/www.smogon.com\/forums\/threads\/3570628\/#post-9056769\">Visit the information thread<\/a>.<\/small>\n|inactive|ib71 has 20 seconds left.\n|inactive|ib71 has 15 seconds left.\n|inactiveoff|Battle timer is now OFF.\n|inactive|Battle timer is ON: inactive players will automatically lose when time's up. (requested by Vandalito22)\n|inactive|ib71 has 20 seconds left this turn.\n|inactive|ib71 has 15 seconds left.\n|\n|t:|1701197651\n|move|p1a: Whimsicott|Encore|p2a: Kyurem\n|-start|p2a: Kyurem|Encore\n|move|p2a: Kyurem|Dragon Dance|p2a: Kyurem\n|-boost|p2a: Kyurem|atk|1\n|-boost|p2a: Kyurem|spe|1\n|\n|-damage|p2a: Kyurem|0 fnt|[from] psn\n|faint|p2a: Kyurem\n|\n|win|Vandalito22\n|upkeep\n|inactive|ib71 has 20 seconds left this turn.\n|raw|Vandalito22's rating: 1108 &rarr; <strong>1139<\/strong><br \/>(+31 for winning)\n|raw|ib71's rating: 1186 &rarr; <strong>1155<\/strong><br \/>(-31 for losing)\n","uploadtime":1701197653,"views":0,"p1id":"vandalito22","p2id":"ib71","formatid":"gen9nationaldexubers","rating":1139,"private":0,"password":""}