{"id":"gen9nationaldexubers-1985040144","p1":"FanaticKoala","p2":"85792195wwww","format":"[Gen 9] National Dex Ubers","log":"|j|\u2606FanaticKoala\n|j|\u260685792195wwww\n|t:|1699323630\n|gametype|singles\n|player|p1|FanaticKoala|266|1613\n|player|p2|85792195wwww|mira|1793\n|teamsize|p1|6\n|teamsize|p2|6\n|gen|9\n|tier|[Gen 9] National Dex Ubers\n|rated|\n|rule|HP Percentage Mod: HP is shown in percentages\n|rule|Endless Battle Clause: Forcing endless battles is banned\n|rule|OHKO Clause: OHKO moves are banned\n|rule|Evasion Moves Clause: Evasion moves are banned\n|rule|Evasion Items Clause: Evasion items are banned\n|rule|Species Clause: Limit one of each Pok\u00e9mon\n|rule|Sleep Clause Mod: Limit one foe put to sleep\n|rule|Mega Rayquaza Clause: You cannot mega evolve Rayquaza\n|clearpoke\n|poke|p1|Groudon|\n|poke|p1|Yveltal|\n|poke|p1|Xerneas-*|\n|poke|p1|Arceus-Ground|\n|poke|p1|Ho-Oh|\n|poke|p1|Kingambit, M|\n|poke|p2|Zacian-*|\n|poke|p2|Groudon|\n|poke|p2|Krookodile, M|\n|poke|p2|Blaziken, M|\n|poke|p2|Xerneas-*|\n|poke|p2|Arceus|\n|teampreview\n|inactive|Battle timer is ON: inactive players will automatically lose when time's up. (requested by FanaticKoala)\n|\n|t:|1699323640\n|start\n|switch|p1a: Arceus|Arceus-Ground|100\/100\n|switch|p2a: Xerneas|Xerneas|100\/100\n|-ability|p2a: Xerneas|Fairy Aura\n|turn|1\n|\n|t:|1699323648\n|move|p1a: Arceus|Toxic|p2a: Xerneas\n|-status|p2a: Xerneas|tox\n|move|p2a: Xerneas|Grass Knot|p1a: Arceus\n|-supereffective|p1a: Arceus\n|-damage|p1a: Arceus|41\/100\n|\n|-damage|p2a: Xerneas|94\/100 tox|[from] psn\n|upkeep\n|turn|2\n|\n|t:|1699323657\n|switch|p1a: Ho-Oh|Ho-Oh|100\/100\n|move|p2a: Xerneas|Geomancy||[still]\n|-prepare|p2a: Xerneas|Geomancy\n|-enditem|p2a: Xerneas|Power Herb\n|-anim|p2a: Xerneas|Geomancy|p2a: Xerneas\n|-boost|p2a: Xerneas|spa|2\n|-boost|p2a: Xerneas|spd|2\n|-boost|p2a: Xerneas|spe|2\n|\n|-damage|p2a: Xerneas|82\/100 tox|[from] psn\n|upkeep\n|turn|3\n|\n|t:|1699323667\n|move|p2a: Xerneas|Moonblast|p1a: Ho-Oh\n|-resisted|p1a: Ho-Oh\n|-damage|p1a: Ho-Oh|70\/100\n|-unboost|p1a: Ho-Oh|spa|1\n|move|p1a: Ho-Oh|Roost|p1a: Ho-Oh\n|-heal|p1a: Ho-Oh|100\/100\n|-singleturn|p1a: Ho-Oh|move: Roost\n|\n|-damage|p2a: Xerneas|64\/100 tox|[from] psn\n|upkeep\n|turn|4\n|\n|t:|1699323679\n|move|p2a: Xerneas|Hidden Power|p1a: Ho-Oh\n|-supereffective|p1a: Ho-Oh\n|-damage|p1a: Ho-Oh|16\/100\n|move|p1a: Ho-Oh|Sacred Fire|p2a: Xerneas\n|-damage|p2a: Xerneas|32\/100 tox\n|\n|-damage|p2a: Xerneas|8\/100 tox|[from] psn\n|upkeep\n|turn|5\n|\n|t:|1699323688\n|switch|p1a: Groudon|Groudon|100\/100\n|detailschange|p1a: Groudon|Groudon-Primal\n|-primal|p1a: Groudon|Red Orb\n|-weather|DesolateLand|[from] ability: Desolate Land|[of] p1a: Groudon\n|move|p2a: Xerneas|Moonblast|p1a: Groudon\n|-resisted|p1a: Groudon\n|-damage|p1a: Groudon|34\/100\n|\n|-weather|DesolateLand|[upkeep]\n|-damage|p2a: Xerneas|0 fnt|[from] psn\n|faint|p2a: Xerneas\n|upkeep\n|\n|t:|1699323700\n|switch|p2a: Krookodile|Krookodile, M|100\/100\n|-ability|p2a: Krookodile|Intimidate|boost\n|-unboost|p1a: Groudon|atk|1\n|turn|6\n|\n|t:|1699323706\n|move|p2a: Krookodile|Stealth Rock|p1a: Groudon\n|-sidestart|p1: FanaticKoala|move: Stealth Rock\n|move|p1a: Groudon|Stealth Rock|p2a: Krookodile\n|-sidestart|p2: 85792195wwww|move: Stealth Rock\n|\n|-weather|DesolateLand|[upkeep]\n|upkeep\n|turn|7\n|\n|t:|1699323711\n|move|p2a: Krookodile|Bulldoze|p1a: Groudon\n|-supereffective|p1a: Groudon\n|-damage|p1a: Groudon|8\/100\n|-unboost|p1a: Groudon|spe|1\n|move|p1a: Groudon|Roar|p2a: Krookodile\n|drag|p2a: Zacian|Zacian-Crowned|100\/100\n|-damage|p2a: Zacian|94\/100|[from] Stealth Rock\n|-ability|p2a: Zacian|Intrepid Sword|boost\n|-boost|p2a: Zacian|atk|1\n|\n|-weather|DesolateLand|[upkeep]\n|upkeep\n|turn|8\n|\n|t:|1699323722\n|move|p2a: Zacian|Behemoth Blade|p1a: Groudon\n|-resisted|p1a: Groudon\n|-damage|p1a: Groudon|0 fnt\n|faint|p1a: Groudon\n|-weather|none\n|\n|upkeep\n|\n|t:|1699323725\n|switch|p1a: Ho-Oh|Ho-Oh|49\/100\n|turn|9\n|\n|t:|1699323730\n|switch|p1a: Arceus|Arceus-Ground|41\/100\n|-damage|p1a: Arceus|35\/100|[from] Stealth Rock\n|move|p2a: Zacian|Wild Charge|p1a: Arceus\n|-immune|p1a: Arceus\n|\n|upkeep\n|turn|10\n|\n|t:|1699323738\n|switch|p1a: Ho-Oh|Ho-Oh|82\/100\n|move|p2a: Zacian|Behemoth Blade|p1a: Ho-Oh\n|-resisted|p1a: Ho-Oh\n|-damage|p1a: Ho-Oh|43\/100\n|\n|upkeep\n|turn|11\n|\n|t:|1699323745\n|move|p2a: Zacian|Swords Dance|p2a: Zacian\n|-boost|p2a: Zacian|atk|2\n|move|p1a: Ho-Oh|Sacred Fire|p2a: Zacian\n|-supereffective|p2a: Zacian\n|-damage|p2a: Zacian|14\/100\n|\n|upkeep\n|turn|12\n|\n|t:|1699323752\n|switch|p1a: Arceus|Arceus-Ground|35\/100\n|-damage|p1a: Arceus|29\/100|[from] Stealth Rock\n|move|p2a: Zacian|Behemoth Blade|p1a: Arceus\n|-damage|p1a: Arceus|0 fnt\n|faint|p1a: Arceus\n|\n|upkeep\n|\n|t:|1699323754\n|switch|p1a: Kingambit|Kingambit, M|100\/100\n|-damage|p1a: Kingambit|94\/100|[from] Stealth Rock\n|-activate|p1a: Kingambit|ability: Supreme Overlord\n|-start|p1a: Kingambit|fallen2|[silent]\n|turn|13\n|\n|t:|1699323768\n|switch|p2a: Krookodile|Krookodile, M|100\/100\n|-damage|p2a: Krookodile|94\/100|[from] Stealth Rock\n|-ability|p2a: Krookodile|Intimidate|boost\n|-unboost|p1a: Kingambit|atk|1\n|move|p1a: Kingambit|Sucker Punch||[still]\n|-fail|p1a: Kingambit\n|\n|upkeep\n|turn|14\n|\n|t:|1699323776\n|-end|p1a: Kingambit|fallen2|[silent]\n|switch|p1a: Ho-Oh|Ho-Oh|76\/100\n|move|p2a: Krookodile|Knock Off|p1a: Ho-Oh\n|-damage|p1a: Ho-Oh|33\/100\n|-enditem|p1a: Ho-Oh|Heavy-Duty Boots|[from] move: Knock Off|[of] p2a: Krookodile\n|\n|upkeep\n|turn|15\n|\n|t:|1699323784\n|move|p2a: Krookodile|Taunt|p1a: Ho-Oh\n|-start|p1a: Ho-Oh|move: Taunt\n|cant|p1a: Ho-Oh|move: Taunt|Toxic\n|\n|upkeep\n|turn|16\n|\n|t:|1699323790\n|switch|p2a: Zacian|Zacian-Crowned|14\/100\n|-damage|p2a: Zacian|8\/100|[from] Stealth Rock\n|switch|p1a: Yveltal|Yveltal|100\/100\n|-ability|p1a: Yveltal|Dark Aura\n|\n|upkeep\n|turn|17\n|\n|t:|1699323799\n|move|p1a: Yveltal|Sucker Punch|p2a: Zacian\n|-resisted|p2a: Zacian\n|-damage|p2a: Zacian|0 fnt\n|faint|p2a: Zacian\n|\n|upkeep\n|\n|t:|1699323805\n|switch|p2a: Krookodile|Krookodile, M|94\/100\n|-damage|p2a: Krookodile|88\/100|[from] Stealth Rock\n|-ability|p2a: Krookodile|Intimidate|boost\n|-unboost|p1a: Yveltal|atk|1\n|turn|18\n|\n|t:|1699323811\n|move|p2a: Krookodile|Knock Off|p1a: Yveltal\n|-resisted|p1a: Yveltal\n|-damage|p1a: Yveltal|71\/100\n|-enditem|p1a: Yveltal|Heavy-Duty Boots|[from] move: Knock Off|[of] p2a: Krookodile\n|move|p1a: Yveltal|Taunt|p2a: Krookodile\n|-start|p2a: Krookodile|move: Taunt\n|\n|upkeep\n|turn|19\n|\n|t:|1699323823\n|switch|p2a: Blaziken|Blaziken, M|100\/100\n|-damage|p2a: Blaziken|88\/100|[from] Stealth Rock\n|switch|p1a: Xerneas|Xerneas|100\/100\n|-damage|p1a: Xerneas|88\/100|[from] Stealth Rock\n|-ability|p1a: Xerneas|Fairy Aura\n|\n|upkeep\n|turn|20\n|\n|t:|1699323836\n|detailschange|p2a: Blaziken|Blaziken-Mega, M\n|-mega|p2a: Blaziken|Blaziken|Blazikenite\n|move|p2a: Blaziken|Knock Off|p1a: Xerneas\n|-resisted|p1a: Xerneas\n|-damage|p1a: Xerneas|70\/100\n|-enditem|p1a: Xerneas|Power Herb|[from] move: Knock Off|[of] p2a: Blaziken\n|move|p1a: Xerneas|Geomancy||[still]\n|-prepare|p1a: Xerneas|Geomancy\n|\n|-ability|p2a: Blaziken|Speed Boost|boost\n|-boost|p2a: Blaziken|spe|1\n|upkeep\n|turn|21\n|\n|t:|1699323848\n|move|p2a: Blaziken|Swords Dance|p2a: Blaziken\n|-boost|p2a: Blaziken|atk|2\n|move|p1a: Xerneas|Geomancy|p1a: Xerneas|[from]lockedmove\n|-boost|p1a: Xerneas|spa|2\n|-boost|p1a: Xerneas|spd|2\n|-boost|p1a: Xerneas|spe|2\n|\n|-ability|p2a: Blaziken|Speed Boost|boost\n|-boost|p2a: Blaziken|spe|1\n|upkeep\n|turn|22\n|\n|t:|1699323858\n|move|p2a: Blaziken|Flare Blitz|p1a: Xerneas\n|-damage|p1a: Xerneas|0 fnt\n|faint|p1a: Xerneas\n|-damage|p2a: Blaziken|53\/100|[from] Recoil\n|\n|-ability|p2a: Blaziken|Speed Boost|boost\n|-boost|p2a: Blaziken|spe|1\n|upkeep\n|-message|FanaticKoala forfeited.\n|\n|win|85792195wwww\n|raw|FanaticKoala's rating: 1613 &rarr; <strong>1603<\/strong><br \/>(-10 for losing)\n|raw|85792195wwww's rating: 1793 &rarr; <strong>1803<\/strong><br \/>(+10 for winning)\n|l|\u2606FanaticKoala\n","uploadtime":1699323869,"views":6,"p1id":"fanatickoala","p2id":"85792195wwww","formatid":"gen9nationaldexubers","rating":1603,"private":0,"password":""}