{"id":"gen9nationaldexubers-1994957398","p1":"Ryusui7","p2":"Mortan Dumb Butt","format":"[Gen 9] National Dex Ubers","log":"|j|\u2606Ryusui7\n|j|\u2606Mortan Dumb Butt\n|t:|1700508032\n|gametype|singles\n|player|p1|Ryusui7|ghetsis|1070\n|player|p2|Mortan Dumb Butt|170|1145\n|teamsize|p1|6\n|teamsize|p2|6\n|gen|9\n|tier|[Gen 9] National Dex Ubers\n|rated|\n|rule|HP Percentage Mod: HP is shown in percentages\n|rule|Endless Battle Clause: Forcing endless battles is banned\n|rule|OHKO Clause: OHKO moves are banned\n|rule|Evasion Moves Clause: Evasion moves are banned\n|rule|Evasion Items Clause: Evasion items are banned\n|rule|Species Clause: Limit one of each Pok\u00e9mon\n|rule|Sleep Clause Mod: Limit one foe put to sleep\n|rule|Mega Rayquaza Clause: You cannot mega evolve Rayquaza\n|clearpoke\n|poke|p1|Baxcalibur, M|\n|poke|p1|Sneasler, M|\n|poke|p1|Rillaboom, M|\n|poke|p1|Espathra, F|\n|poke|p1|Ursaluna-Bloodmoon, M|\n|poke|p1|Blastoise, M|\n|poke|p2|Zygarde|\n|poke|p2|Necrozma-Dusk-Mane|\n|poke|p2|Annihilape, M|\n|poke|p2|Groudon|\n|poke|p2|Regieleki|\n|poke|p2|Kyogre|\n|teampreview\n|inactive|Battle timer is ON: inactive players will automatically lose when time's up. (requested by Ryusui7)\n|c|\u2606Ryusui7|glhf\n|c|\u2606Ryusui7|no legends VS legends only\n|inactive|Ryusui7 has 120 seconds left.\n|c|\u2606Ryusui7|let's see :3\n|\n|t:|1700508066\n|start\n|switch|p1a: Donkey Kong|Rillaboom, M, shiny|100\/100\n|switch|p2a: Kyogre|Kyogre, shiny|100\/100\n|-fieldstart|move: Grassy Terrain|[from] ability: Grassy Surge|[of] p1a: Donkey Kong\n|detailschange|p2a: Kyogre|Kyogre-Primal, shiny\n|-primal|p2a: Kyogre|Blue Orb\n|-weather|PrimordialSea|[from] ability: Primordial Sea|[of] p2a: Kyogre\n|turn|1\n|\n|t:|1700508075\n|-weather|none\n|switch|p2a: Groudon|Groudon, shiny|100\/100\n|detailschange|p2a: Groudon|Groudon-Primal, shiny\n|-primal|p2a: Groudon|Red Orb\n|-weather|DesolateLand|[from] ability: Desolate Land|[of] p2a: Groudon\n|move|p1a: Donkey Kong|Grassy Glide|p2a: Groudon\n|-damage|p2a: Groudon|76\/100\n|\n|-weather|DesolateLand|[upkeep]\n|-heal|p2a: Groudon|82\/100|[from] Grassy Terrain\n|upkeep\n|turn|2\n|\n|t:|1700508088\n|move|p2a: Groudon|Flamethrower|p1a: Donkey Kong\n|-supereffective|p1a: Donkey Kong\n|-damage|p1a: Donkey Kong|0 fnt\n|faint|p1a: Donkey Kong\n|\n|-weather|DesolateLand|[upkeep]\n|-heal|p2a: Groudon|88\/100|[from] Grassy Terrain\n|upkeep\n|\n|t:|1700508096\n|switch|p1a: William Afton|Sneasler, M|100\/100\n|-enditem|p1a: William Afton|Grassy Seed\n|-boost|p1a: William Afton|def|1|[from] item: Grassy Seed\n|turn|3\n|\n|t:|1700508103\n|move|p1a: William Afton|Dire Claw|p2a: Groudon\n|-resisted|p2a: Groudon\n|-damage|p2a: Groudon|75\/100\n|-status|p2a: Groudon|par\n|move|p2a: Groudon|Scorching Sands|p1a: William Afton\n|-supereffective|p1a: William Afton\n|-damage|p1a: William Afton|0 fnt\n|faint|p1a: William Afton\n|\n|-weather|DesolateLand|[upkeep]\n|-heal|p2a: Groudon|82\/100 par|[from] Grassy Terrain\n|upkeep\n|\n|t:|1700508111\n|switch|p1a: Special Blaziken|Espathra, F, shiny|100\/100\n|turn|4\n|\n|t:|1700508117\n|move|p1a: Special Blaziken|Calm Mind|p1a: Special Blaziken\n|-boost|p1a: Special Blaziken|spa|1\n|-boost|p1a: Special Blaziken|spd|1\n|cant|p2a: Groudon|par\n|\n|-weather|DesolateLand|[upkeep]\n|-heal|p2a: Groudon|88\/100 par|[from] Grassy Terrain\n|-ability|p1a: Special Blaziken|Speed Boost|boost\n|-boost|p1a: Special Blaziken|spe|1\n|upkeep\n|turn|5\n|\n|t:|1700508126\n|move|p1a: Special Blaziken|Calm Mind|p1a: Special Blaziken\n|-boost|p1a: Special Blaziken|spa|1\n|-boost|p1a: Special Blaziken|spd|1\n|move|p2a: Groudon|Solar Beam||[still]\n|-prepare|p2a: Groudon|Solar Beam\n|-anim|p2a: Groudon|Solar Beam|p1a: Special Blaziken\n|-damage|p1a: Special Blaziken|56\/100\n|\n|-weather|DesolateLand|[upkeep]\n|-heal|p1a: Special Blaziken|62\/100|[from] Grassy Terrain\n|-heal|p2a: Groudon|94\/100 par|[from] Grassy Terrain\n|-fieldend|move: Grassy Terrain\n|-ability|p1a: Special Blaziken|Speed Boost|boost\n|-boost|p1a: Special Blaziken|spe|1\n|upkeep\n|turn|6\n|\n|t:|1700508140\n|-terastallize|p1a: Special Blaziken|Psychic\n|move|p1a: Special Blaziken|Psychic|p2a: Groudon\n|-damage|p2a: Groudon|0 fnt\n|faint|p2a: Groudon\n|-weather|none\n|\n|-ability|p1a: Special Blaziken|Speed Boost|boost\n|-boost|p1a: Special Blaziken|spe|1\n|upkeep\n|\n|t:|1700508153\n|switch|p2a: Kyogre|Kyogre-Primal, shiny|100\/100\n|-weather|PrimordialSea|[from] ability: Primordial Sea|[of] p2a: Kyogre\n|turn|7\n|\n|t:|1700508157\n|move|p1a: Special Blaziken|Psychic|p2a: Kyogre\n|-damage|p2a: Kyogre|38\/100\n|move|p2a: Kyogre|Origin Pulse|p1a: Special Blaziken\n|-damage|p1a: Special Blaziken|0 fnt\n|faint|p1a: Special Blaziken\n|\n|-weather|PrimordialSea|[upkeep]\n|upkeep\n|\n|t:|1700508162\n|switch|p1a: Gore Guy|Baxcalibur, M|100\/100\n|turn|8\n|\n|t:|1700508166\n|move|p1a: Gore Guy|Scale Shot|p2a: Kyogre\n|-damage|p2a: Kyogre|25\/100\n|-damage|p2a: Kyogre|11\/100\n|-damage|p2a: Kyogre|0 fnt\n|faint|p2a: Kyogre\n|-weather|none\n|-hitcount|p2: Kyogre|3\n|-unboost|p1a: Gore Guy|def|1\n|-boost|p1a: Gore Guy|spe|1\n|\n|upkeep\n|\n|t:|1700508179\n|switch|p2a: Zygarde|Zygarde, shiny|100\/100\n|turn|9\n|\n|t:|1700508183\n|switch|p2a: Annihilape|Annihilape, M, shiny|100\/100\n|move|p1a: Gore Guy|Icicle Spear|p2a: Annihilape\n|-damage|p2a: Annihilape|87\/100\n|-damage|p2a: Annihilape|72\/100\n|-crit|p2a: Annihilape\n|-damage|p2a: Annihilape|50\/100\n|-damage|p2a: Annihilape|36\/100\n|-hitcount|p2a: Annihilape|4\n|\n|upkeep\n|turn|10\n|\n|t:|1700508194\n|move|p1a: Gore Guy|Icicle Spear|p2a: Annihilape\n|-damage|p2a: Annihilape|21\/100\n|-damage|p2a: Annihilape|6\/100\n|-damage|p2a: Annihilape|0 fnt\n|faint|p2a: Annihilape\n|-hitcount|p2: Annihilape|3\n|\n|upkeep\n|\n|t:|1700508200\n|switch|p2a: Regieleki|Regieleki, shiny|100\/100\n|turn|11\n|\n|t:|1700508205\n|move|p2a: Regieleki|Electroweb|p1a: Gore Guy\n|-resisted|p1a: Gore Guy\n|-damage|p1a: Gore Guy|85\/100\n|-unboost|p1a: Gore Guy|spe|1\n|move|p1a: Gore Guy|Earthquake|p2a: Regieleki\n|-supereffective|p2a: Regieleki\n|-damage|p2a: Regieleki|0 fnt\n|faint|p2a: Regieleki\n|\n|upkeep\n|\n|t:|1700508214\n|switch|p2a: Zygarde|Zygarde, shiny|100\/100\n|turn|12\n|\n|t:|1700508218\n|-terastallize|p2a: Zygarde|Dragon\n|move|p1a: Gore Guy|Icicle Spear|p2a: Zygarde\n|-supereffective|p2a: Zygarde\n|-damage|p2a: Zygarde|79\/100\n|-supereffective|p2a: Zygarde\n|-damage|p2a: Zygarde|57\/100\n|-supereffective|p2a: Zygarde\n|-damage|p2a: Zygarde|36\/100\n|-enditem|p2a: Zygarde|Sitrus Berry|[eat]\n|-heal|p2a: Zygarde|61\/100|[from] item: Sitrus Berry\n|-supereffective|p2a: Zygarde\n|-damage|p2a: Zygarde|41\/100\n|-hitcount|p2a: Zygarde|4\n|move|p2a: Zygarde|Scale Shot|p1a: Gore Guy\n|-supereffective|p1a: Gore Guy\n|-damage|p1a: Gore Guy|43\/100\n|-supereffective|p1a: Gore Guy\n|-damage|p1a: Gore Guy|0 fnt\n|faint|p1a: Gore Guy\n|-hitcount|p1: Gore Guy|2\n|-unboost|p2a: Zygarde|def|1\n|-boost|p2a: Zygarde|spe|1\n|\n|-activate|p2a: Zygarde|ability: Power Construct\n|detailschange|p2a: Zygarde|Zygarde-Complete, shiny, tera:Dragon\n|-heal|p2a: Zygarde|61\/100|[silent]\n|upkeep\n|\n|t:|1700508233\n|switch|p1a: Bowser|Blastoise, M, shiny|100\/100\n|turn|13\n|\n|t:|1700508242\n|detailschange|p1a: Bowser|Blastoise-Mega, M, shiny\n|-mega|p1a: Bowser|Blastoise|Blastoisinite\n|move|p2a: Zygarde|Dragon Dance|p2a: Zygarde\n|-boost|p2a: Zygarde|atk|1\n|-boost|p2a: Zygarde|spe|1\n|move|p1a: Bowser|Haze|p1a: Bowser\n|-clearallboost\n|\n|upkeep\n|turn|14\n|\n|t:|1700508253\n|switch|p1a: Freddy Fazbear|Ursaluna-Bloodmoon, M|100\/100\n|move|p2a: Zygarde|Scale Shot|p1a: Freddy Fazbear\n|-damage|p1a: Freddy Fazbear|90\/100\n|-damage|p1a: Freddy Fazbear|80\/100\n|-hitcount|p1a: Freddy Fazbear|2\n|-unboost|p2a: Zygarde|def|1\n|-boost|p2a: Zygarde|spe|1\n|\n|-heal|p1a: Freddy Fazbear|86\/100|[from] item: Leftovers\n|upkeep\n|turn|15\n|\n|t:|1700508265\n|move|p2a: Zygarde|Dragon Dance|p2a: Zygarde\n|-boost|p2a: Zygarde|atk|1\n|-boost|p2a: Zygarde|spe|1\n|move|p1a: Freddy Fazbear|Moonlight|p1a: Freddy Fazbear\n|-heal|p1a: Freddy Fazbear|100\/100\n|\n|upkeep\n|turn|16\n|\n|t:|1700508278\n|move|p2a: Zygarde|Scale Shot|p1a: Freddy Fazbear\n|-damage|p1a: Freddy Fazbear|87\/100\n|-damage|p1a: Freddy Fazbear|72\/100\n|-damage|p1a: Freddy Fazbear|58\/100\n|-hitcount|p1a: Freddy Fazbear|3\n|-unboost|p2a: Zygarde|def|1\n|-boost|p2a: Zygarde|spe|1\n|move|p1a: Freddy Fazbear|Blood Moon|p2a: Zygarde\n|-damage|p2a: Zygarde|19\/100\n|\n|-heal|p1a: Freddy Fazbear|64\/100|[from] item: Leftovers\n|upkeep\n|turn|17\n|\n|t:|1700508291\n|move|p2a: Zygarde|Thousand Arrows|p1a: Freddy Fazbear\n|-damage|p1a: Freddy Fazbear|28\/100\n|move|p1a: Freddy Fazbear|Moonlight|p1a: Freddy Fazbear\n|-heal|p1a: Freddy Fazbear|78\/100\n|\n|-heal|p1a: Freddy Fazbear|84\/100|[from] item: Leftovers\n|upkeep\n|turn|18\n|\n|t:|1700508299\n|move|p2a: Zygarde|Extreme Speed|p1a: Freddy Fazbear\n|-damage|p1a: Freddy Fazbear|58\/100\n|move|p1a: Freddy Fazbear|Blood Moon|p2a: Zygarde\n|-damage|p2a: Zygarde|0 fnt\n|faint|p2a: Zygarde\n|\n|-heal|p1a: Freddy Fazbear|64\/100|[from] item: Leftovers\n|upkeep\n|\n|t:|1700508308\n|switch|p2a: Necrozma|Necrozma-Dusk-Mane, shiny|100\/100\n|turn|19\n|\n|t:|1700508314\n|detailschange|p2a: Necrozma|Necrozma-Ultra, shiny\n|-burst|p2a: Necrozma|Necrozma|Ultranecrozium Z\n|move|p2a: Necrozma|Outrage|p1a: Freddy Fazbear\n|-damage|p1a: Freddy Fazbear|12\/100\n|move|p1a: Freddy Fazbear|Moonlight|p1a: Freddy Fazbear\n|-heal|p1a: Freddy Fazbear|62\/100\n|\n|-heal|p1a: Freddy Fazbear|68\/100|[from] item: Leftovers\n|upkeep\n|turn|20\n|\n|t:|1700508323\n|move|p2a: Necrozma|Outrage|p1a: Freddy Fazbear|[from]lockedmove\n|-damage|p1a: Freddy Fazbear|20\/100\n|-start|p2a: Necrozma|confusion|[fatigue]\n|move|p1a: Freddy Fazbear|Moonlight|p1a: Freddy Fazbear\n|-heal|p1a: Freddy Fazbear|69\/100\n|\n|-heal|p1a: Freddy Fazbear|76\/100|[from] item: Leftovers\n|upkeep\n|turn|21\n|\n|t:|1700508331\n|-activate|p2a: Necrozma|confusion\n|-damage|p2a: Necrozma|82\/100|[from] confusion\n|move|p1a: Freddy Fazbear|Earth Power|p2a: Necrozma\n|-damage|p2a: Necrozma|27\/100\n|\n|-heal|p1a: Freddy Fazbear|82\/100|[from] item: Leftovers\n|upkeep\n|turn|22\n|\n|t:|1700508338\n|-activate|p2a: Necrozma|confusion\n|move|p2a: Necrozma|Outrage|p1a: Freddy Fazbear\n|-damage|p1a: Freddy Fazbear|31\/100\n|move|p1a: Freddy Fazbear|Blood Moon|p2a: Necrozma\n|-damage|p2a: Necrozma|0 fnt\n|faint|p2a: Necrozma\n|\n|win|Ryusui7\n|raw|Ryusui7's rating: 1070 &rarr; <strong>1106<\/strong><br \/>(+36 for winning)\n|raw|Mortan Dumb Butt's rating: 1145 &rarr; <strong>1115<\/strong><br \/>(-30 for losing)\n|c|\u2606Ryusui7|ggwp\n|l|\u2606Mortan Dumb Butt\n","uploadtime":1700508348,"views":25,"p1id":"ryusui7","p2id":"mortandumbbutt","formatid":"gen9nationaldexubers","rating":1106,"private":0,"password":""}