{"id":"gen9nationaldexubers-1999087023","p1":"SephieFox","p2":"85792195wwww","format":"[Gen 9] National Dex Ubers","log":"|j|\u203dSephieFox\n|j|\u260685792195wwww\n|t:|1701031745\n|gametype|singles\n|player|p1|SephieFox|iris-masters|1563\n|player|p2|85792195wwww|mira|1780\n|teamsize|p1|6\n|teamsize|p2|6\n|gen|9\n|tier|[Gen 9] National Dex Ubers\n|rated|\n|rule|HP Percentage Mod: HP is shown in percentages\n|rule|Endless Battle Clause: Forcing endless battles is banned\n|rule|OHKO Clause: OHKO moves are banned\n|rule|Evasion Moves Clause: Evasion moves are banned\n|rule|Evasion Items Clause: Evasion items are banned\n|rule|Species Clause: Limit one of each Pok\u00e9mon\n|rule|Sleep Clause Mod: Limit one foe put to sleep\n|rule|Mega Rayquaza Clause: You cannot mega evolve Rayquaza\n|clearpoke\n|poke|p1|Shaymin-Sky|\n|poke|p1|Basculegion, M|\n|poke|p1|Zygarde|\n|poke|p1|Zacian-*|\n|poke|p1|Groudon|\n|poke|p1|Ho-Oh|\n|poke|p2|Arceus|\n|poke|p2|Zacian-*|\n|poke|p2|Xerneas-*|\n|poke|p2|Kyogre|\n|poke|p2|Groudon|\n|poke|p2|Deoxys-Speed|\n|teampreview\n|inactive|Battle timer is ON: inactive players will automatically lose when time's up. (requested by SephieFox)\n|inactive|SephieFox has 120 seconds left.\n|\n|t:|1701031780\n|start\n|switch|p1a: Zacian|Zacian-Crowned|100\/100\n|switch|p2a: Groudon|Groudon|100\/100\n|-ability|p1a: Zacian|Intrepid Sword|boost\n|-boost|p1a: Zacian|atk|1\n|detailschange|p2a: Groudon|Groudon-Primal\n|-primal|p2a: Groudon|Red Orb\n|-weather|DesolateLand|[from] ability: Desolate Land|[of] p2a: Groudon\n|turn|1\n|\n|t:|1701031800\n|switch|p1a: Zygarde|Zygarde|100\/100\n|-weather|none\n|switch|p2a: Deoxys|Deoxys-Speed|100\/100\n|-ability|p2a: Deoxys|Pressure\n|\n|upkeep\n|turn|2\n|\n|t:|1701031808\n|move|p2a: Deoxys|Trick|p1a: Zygarde\n|-activate|p2a: Deoxys|move: Trick|[of] p1a: Zygarde\n|-item|p1a: Zygarde|Choice Scarf|[from] move: Trick\n|-item|p2a: Deoxys|Leftovers|[from] move: Trick\n|move|p1a: Zygarde|Glare|p2a: Deoxys\n|-status|p2a: Deoxys|par\n|\n|upkeep\n|turn|3\n|\n|t:|1701031822\n|switch|p1a: Ho-Oh|Ho-Oh|100\/100\n|move|p2a: Deoxys|Stealth Rock|p1a: Ho-Oh\n|-sidestart|p1: SephieFox|move: Stealth Rock\n|\n|upkeep\n|turn|4\n|\n|t:|1701031828\n|cant|p2a: Deoxys|par\n|move|p1a: Ho-Oh|Sacred Fire|p2a: Deoxys\n|-damage|p2a: Deoxys|52\/100 par\n|\n|-heal|p2a: Deoxys|58\/100 par|[from] item: Leftovers\n|upkeep\n|turn|5\n|\n|t:|1701031836\n|move|p2a: Deoxys|Thunder Wave|p1a: Ho-Oh\n|-status|p1a: Ho-Oh|par\n|cant|p1a: Ho-Oh|par\n|\n|-heal|p2a: Deoxys|64\/100 par|[from] item: Leftovers\n|upkeep\n|turn|6\n|\n|t:|1701031845\n|move|p2a: Deoxys|Taunt|p1a: Ho-Oh\n|-start|p1a: Ho-Oh|move: Taunt\n|cant|p1a: Ho-Oh|move: Taunt|Defog\n|\n|-heal|p2a: Deoxys|71\/100 par|[from] item: Leftovers\n|upkeep\n|turn|7\n|\n|t:|1701031852\n|switch|p2a: Kyogre|Kyogre|100\/100\n|detailschange|p2a: Kyogre|Kyogre-Primal\n|-primal|p2a: Kyogre|Blue Orb\n|-weather|PrimordialSea|[from] ability: Primordial Sea|[of] p2a: Kyogre\n|cant|p1a: Ho-Oh|par\n|\n|-weather|PrimordialSea|[upkeep]\n|upkeep\n|turn|8\n|\n|t:|1701031863\n|switch|p1a: Groudon|Groudon|100\/100\n|-damage|p1a: Groudon|94\/100|[from] Stealth Rock\n|detailschange|p1a: Groudon|Groudon-Primal\n|-primal|p1a: Groudon|Red Orb\n|-weather|DesolateLand|[from] ability: Desolate Land|[of] p1a: Groudon\n|move|p2a: Kyogre|Ice Beam|p1a: Groudon\n|-damage|p1a: Groudon|56\/100\n|\n|-weather|DesolateLand|[upkeep]\n|upkeep\n|turn|9\n|\n|t:|1701031873\n|switch|p2a: Deoxys|Deoxys-Speed|71\/100 par\n|-ability|p2a: Deoxys|Pressure\n|move|p1a: Groudon|Precipice Blades|p2a: Deoxys\n|-damage|p2a: Deoxys|0 fnt\n|faint|p2a: Deoxys\n|\n|-weather|DesolateLand|[upkeep]\n|upkeep\n|\n|t:|1701031883\n|switch|p2a: Kyogre|Kyogre-Primal|100\/100\n|-weather|PrimordialSea|[from] ability: Primordial Sea|[of] p2a: Kyogre\n|turn|10\n|\n|t:|1701031893\n|move|p2a: Kyogre|Water Spout|p1a: Groudon\n|-supereffective|p1a: Groudon\n|-damage|p1a: Groudon|0 fnt\n|faint|p1a: Groudon\n|\n|-weather|PrimordialSea|[upkeep]\n|upkeep\n|\n|t:|1701031897\n|switch|p1a: Shaymin|Shaymin-Sky|100\/100\n|-damage|p1a: Shaymin|76\/100|[from] Stealth Rock\n|turn|11\n|\n|t:|1701031902\n|-weather|none\n|switch|p2a: Zacian|Zacian-Crowned|100\/100\n|-ability|p2a: Zacian|Intrepid Sword|boost\n|-boost|p2a: Zacian|atk|1\n|move|p1a: Shaymin|Air Slash|p2a: Zacian\n|-resisted|p2a: Zacian\n|-damage|p2a: Zacian|83\/100\n|\n|upkeep\n|turn|12\n|\n|t:|1701031913\n|-terastallize|p1a: Shaymin|Ground\n|move|p2a: Zacian|Swords Dance|p2a: Zacian\n|-boost|p2a: Zacian|atk|2\n|move|p1a: Shaymin|Earth Power|p2a: Zacian\n|-supereffective|p2a: Zacian\n|-damage|p2a: Zacian|0 fnt\n|faint|p2a: Zacian\n|\n|upkeep\n|\n|t:|1701031923\n|switch|p2a: Arceus|Arceus|100\/100\n|turn|13\n|\n|t:|1701031929\n|move|p2a: Arceus|Extreme Speed|p1a: Shaymin\n|-damage|p1a: Shaymin|3\/100\n|-damage|p2a: Arceus|91\/100|[from] item: Life Orb\n|move|p1a: Shaymin|Air Slash|p2a: Arceus\n|-damage|p2a: Arceus|61\/100\n|\n|upkeep\n|turn|14\n|\n|t:|1701031937\n|move|p2a: Arceus|Extreme Speed|p1a: Shaymin\n|-damage|p1a: Shaymin|0 fnt\n|faint|p1a: Shaymin\n|-damage|p2a: Arceus|51\/100|[from] item: Life Orb\n|\n|upkeep\n|\n|t:|1701031943\n|switch|p1a: Zacian|Zacian-Crowned|100\/100\n|-damage|p1a: Zacian|94\/100|[from] Stealth Rock\n|turn|15\n|\n|t:|1701031950\n|move|p1a: Zacian|Swords Dance|p1a: Zacian\n|-boost|p1a: Zacian|atk|2\n|move|p2a: Arceus|Will-O-Wisp|p1a: Zacian\n|-status|p1a: Zacian|brn\n|\n|-damage|p1a: Zacian|88\/100 brn|[from] brn\n|upkeep\n|turn|16\n|\n|t:|1701031960\n|switch|p2a: Groudon|Groudon-Primal|100\/100\n|-weather|DesolateLand|[from] ability: Desolate Land|[of] p2a: Groudon\n|move|p1a: Zacian|Swords Dance|p1a: Zacian\n|-boost|p1a: Zacian|atk|2\n|\n|-weather|DesolateLand|[upkeep]\n|-damage|p1a: Zacian|82\/100 brn|[from] brn\n|upkeep\n|turn|17\n|\n|t:|1701031970\n|move|p1a: Zacian|Close Combat|p2a: Groudon\n|-damage|p2a: Groudon|59\/100\n|-unboost|p1a: Zacian|def|1\n|-unboost|p1a: Zacian|spd|1\n|move|p2a: Groudon|Rock Polish|p2a: Groudon\n|-boost|p2a: Groudon|spe|2\n|\n|-weather|DesolateLand|[upkeep]\n|-damage|p1a: Zacian|76\/100 brn|[from] brn\n|upkeep\n|turn|18\n|\n|t:|1701031981\n|move|p2a: Groudon|Earthquake|p1a: Zacian\n|-supereffective|p1a: Zacian\n|-damage|p1a: Zacian|0 fnt\n|faint|p1a: Zacian\n|\n|-weather|DesolateLand|[upkeep]\n|upkeep\n|\n|t:|1701031986\n|switch|p1a: Zygarde|Zygarde|100\/100\n|-damage|p1a: Zygarde|94\/100|[from] Stealth Rock\n|turn|19\n|\n|t:|1701031991\n|move|p2a: Groudon|Swords Dance|p2a: Groudon\n|-boost|p2a: Groudon|atk|2\n|move|p1a: Zygarde|Coil|p1a: Zygarde\n|-boost|p1a: Zygarde|atk|1\n|-boost|p1a: Zygarde|def|1\n|-boost|p1a: Zygarde|accuracy|1\n|\n|-weather|DesolateLand|[upkeep]\n|upkeep\n|turn|20\n|\n|t:|1701031999\n|-weather|none\n|switch|p2a: Kyogre|Kyogre-Primal|100\/100\n|-weather|PrimordialSea|[from] ability: Primordial Sea|[of] p2a: Kyogre\n|switch|p1a: Ho-Oh|Ho-Oh|100\/100 par\n|\n|-weather|PrimordialSea|[upkeep]\n|upkeep\n|turn|21\n|\n|t:|1701032010\n|move|p2a: Kyogre|Water Spout|p1a: Ho-Oh\n|-supereffective|p1a: Ho-Oh\n|-damage|p1a: Ho-Oh|0 fnt\n|faint|p1a: Ho-Oh\n|\n|-weather|PrimordialSea|[upkeep]\n|upkeep\n|\n|t:|1701032013\n|switch|p1a: Basculegion|Basculegion, M|100\/100\n|-damage|p1a: Basculegion|88\/100|[from] Stealth Rock\n|turn|22\n|\n|t:|1701032031\n|-weather|none\n|switch|p2a: Groudon|Groudon-Primal|59\/100\n|-weather|DesolateLand|[from] ability: Desolate Land|[of] p2a: Groudon\n|move|p1a: Basculegion|Flip Turn||[still]\n|-fail|p1a: Basculegion|Flip Turn|[from] Desolate Land\n|\n|-weather|DesolateLand|[upkeep]\n|upkeep\n|turn|23\n|\n|t:|1701032040\n|switch|p1a: Zygarde|Zygarde|94\/100\n|-damage|p1a: Zygarde|88\/100|[from] Stealth Rock\n|-weather|none\n|switch|p2a: Kyogre|Kyogre-Primal|100\/100\n|-weather|PrimordialSea|[from] ability: Primordial Sea|[of] p2a: Kyogre\n|\n|-weather|PrimordialSea|[upkeep]\n|upkeep\n|turn|24\n|\n|t:|1701032049\n|move|p1a: Zygarde|Thousand Arrows|p2a: Kyogre\n|-damage|p2a: Kyogre|72\/100\n|move|p2a: Kyogre|Water Spout|p1a: Zygarde\n|-damage|p1a: Zygarde|0 fnt\n|faint|p1a: Zygarde\n|\n|-weather|PrimordialSea|[upkeep]\n|upkeep\n|\n|t:|1701032052\n|switch|p1a: Basculegion|Basculegion, M|88\/100\n|-damage|p1a: Basculegion|76\/100|[from] Stealth Rock\n|turn|25\n|\n|t:|1701032062\n|move|p1a: Basculegion|Head Smash|p2a: Kyogre\n|-damage|p2a: Kyogre|23\/100\n|-damage|p1a: Basculegion|54\/100|[from] Recoil\n|move|p2a: Kyogre|Origin Pulse|p1a: Basculegion\n|-resisted|p1a: Basculegion\n|-damage|p1a: Basculegion|0 fnt\n|faint|p1a: Basculegion\n|\n|win|85792195wwww\n|raw|SephieFox's rating: 1563 &rarr; <strong>1554<\/strong><br \/>(-9 for losing)\n|raw|85792195wwww's rating: 1780 &rarr; <strong>1789<\/strong><br \/>(+9 for winning)\n|l|\u203dSephieFox\n","uploadtime":1701032072,"views":1,"p1id":"sephiefox","p2id":"85792195wwww","formatid":"gen9nationaldexubers","rating":1554,"private":0,"password":""}