{"id":"gen9nationaldexubers-1994306190","p1":"Ezael_Stormblood","p2":"Peuhax","format":"[Gen 9] National Dex Ubers","log":"|j|\u2606Ezael_Stormblood\n|j|\u2606Peuhax\n|t:|1700429251\n|gametype|singles\n|player|p1|Ezael_Stormblood|hiker-gen4|1123\n|player|p2|Peuhax|roughneck|1153\n|teamsize|p1|6\n|teamsize|p2|6\n|gen|9\n|tier|[Gen 9] National Dex Ubers\n|rated|\n|rule|HP Percentage Mod: HP is shown in percentages\n|rule|Endless Battle Clause: Forcing endless battles is banned\n|rule|OHKO Clause: OHKO moves are banned\n|rule|Evasion Moves Clause: Evasion moves are banned\n|rule|Evasion Items Clause: Evasion items are banned\n|rule|Species Clause: Limit one of each Pok\u00e9mon\n|rule|Sleep Clause Mod: Limit one foe put to sleep\n|rule|Mega Rayquaza Clause: You cannot mega evolve Rayquaza\n|clearpoke\n|poke|p1|Mewtwo|\n|poke|p1|Groudon|\n|poke|p1|Arceus-Dragon|\n|poke|p1|Reshiram|\n|poke|p1|Spectrier|\n|poke|p1|Necrozma-Dusk-Mane|\n|poke|p2|Kyogre|\n|poke|p2|Darmanitan-Galar, M|\n|poke|p2|Groudon|\n|poke|p2|Swampert, F|\n|poke|p2|Regieleki|\n|poke|p2|Pheromosa|\n|teampreview\n|inactive|Battle timer is ON: inactive players will automatically lose when time's up. (requested by Peuhax)\n|c|\u2606Ezael_Stormblood|oh great groudon vs kyogre 2435355.0\n|inactive|Peuhax has 120 seconds left.\n|c|\u2606Peuhax|i have both\n|\n|t:|1700429293\n|start\n|switch|p1a: Mewtwo|Mewtwo|100\/100\n|switch|p2a: Kyogre|Kyogre, shiny|100\/100\n|-ability|p1a: Mewtwo|Pressure\n|-weather|RainDance|[from] ability: Drizzle|[of] p2a: Kyogre\n|turn|1\n|inactive|Ezael_Stormblood has 120 seconds left.\n|c|\u2606Ezael_Stormblood|oh wait\n|c|\u2606Ezael_Stormblood|it's normal kyogre\n|\n|t:|1700429337\n|switch|p1a: Groudon|Groudon|100\/100\n|detailschange|p1a: Groudon|Groudon-Primal\n|-primal|p1a: Groudon|Red Orb\n|-weather|DesolateLand|[from] ability: Desolate Land|[of] p1a: Groudon\n|move|p2a: Kyogre|Water Spout||[still]\n|-fail|p2a: Kyogre|Water Spout|[from] Desolate Land\n|\n|-weather|DesolateLand|[upkeep]\n|upkeep\n|turn|2\n|\n|t:|1700429352\n|move|p2a: Kyogre|Ice Beam|p1a: Groudon\n|-damage|p1a: Groudon|57\/100\n|move|p1a: Groudon|Swords Dance|p1a: Groudon\n|-boost|p1a: Groudon|atk|2\n|\n|-weather|DesolateLand|[upkeep]\n|upkeep\n|turn|3\n|\n|t:|1700429359\n|move|p2a: Kyogre|Ice Beam|p1a: Groudon\n|-damage|p1a: Groudon|12\/100\n|move|p1a: Groudon|Precipice Blades|p2a: Kyogre\n|-damage|p2a: Kyogre|0 fnt\n|faint|p2a: Kyogre\n|\n|-weather|DesolateLand|[upkeep]\n|upkeep\n|\n|t:|1700429380\n|switch|p2a: Regieleki|Regieleki, shiny|100\/100\n|turn|4\n|\n|t:|1700429389\n|move|p2a: Regieleki|Extreme Speed|p1a: Groudon\n|-damage|p1a: Groudon|2\/100\n|move|p1a: Groudon|Precipice Blades|p2a: Regieleki\n|-supereffective|p2a: Regieleki\n|-damage|p2a: Regieleki|0 fnt\n|faint|p2a: Regieleki\n|\n|-weather|DesolateLand|[upkeep]\n|upkeep\n|c|\u2606Peuhax|wow\n|\n|t:|1700429399\n|switch|p2a: Groudon|Groudon, shiny|100\/100\n|detailschange|p2a: Groudon|Groudon-Primal, shiny\n|-primal|p2a: Groudon|Red Orb\n|turn|5\n|c|\u2606Ezael_Stormblood|bulky groudon go brrrrr\n|\n|t:|1700429406\n|move|p2a: Groudon|Earthquake|p1a: Groudon\n|-supereffective|p1a: Groudon\n|-damage|p1a: Groudon|0 fnt\n|faint|p1a: Groudon\n|\n|-weather|DesolateLand|[upkeep]\n|upkeep\n|c|\u2606Ezael_Stormblood|earthquake?\n|c|\u2606Peuhax|fast ground go brrr\n|\n|t:|1700429417\n|switch|p1a: Mewtwo|Mewtwo|100\/100\n|-ability|p1a: Mewtwo|Pressure\n|turn|6\n|c|\u2606Ezael_Stormblood|fast groudon is inferior\n|\n|t:|1700429429\n|detailschange|p1a: Mewtwo|Mewtwo-Mega-Y\n|-mega|p1a: Mewtwo|Mewtwo|Mewtwonite Y\n|move|p1a: Mewtwo|Future Sight|p2a: Groudon\n|-start|p1a: Mewtwo|move: Future Sight\n|move|p2a: Groudon|Rock Polish|p2a: Groudon\n|-boost|p2a: Groudon|spe|2\n|\n|-weather|DesolateLand|[upkeep]\n|upkeep\n|turn|7\n|\n|t:|1700429436\n|move|p2a: Groudon|Heat Crash|p1a: Mewtwo\n|-damage|p1a: Mewtwo|0 fnt\n|faint|p1a: Mewtwo\n|\n|-weather|DesolateLand|[upkeep]\n|upkeep\n|\n|t:|1700429439\n|switch|p1a: Spectrier|Spectrier|100\/100\n|turn|8\n|\n|t:|1700429447\n|-terastallize|p1a: Spectrier|Ghost\n|move|p2a: Groudon|Earthquake|p1a: Spectrier\n|-damage|p1a: Spectrier|11\/100\n|move|p1a: Spectrier|Shadow Ball|p2a: Groudon\n|-damage|p2a: Groudon|18\/100\n|\n|-weather|DesolateLand|[upkeep]\n|-end|p2a: Groudon|move: Future Sight\n|-damage|p2a: Groudon|0 fnt\n|faint|p2a: Groudon\n|-weather|none\n|upkeep\n|c|\u2606Ezael_Stormblood|KO\n|\n|t:|1700429460\n|switch|p2a: Pheromosa|Pheromosa, shiny|100\/100\n|turn|9\n|\n|t:|1700429463\n|move|p2a: Pheromosa|Swagger|p1a: Spectrier|[miss]\n|-miss|p2a: Pheromosa|p1a: Spectrier\n|move|p1a: Spectrier|Shadow Ball|p2a: Pheromosa\n|-damage|p2a: Pheromosa|0 fnt\n|faint|p2a: Pheromosa\n|-ability|p1a: Spectrier|Grim Neigh|boost\n|-boost|p1a: Spectrier|spa|1\n|\n|upkeep\n|c|\u2606Peuhax|ofc\n|\n|t:|1700429468\n|switch|p2a: Darmanitan|Darmanitan-Galar, M, shiny|100\/100\n|turn|10\n|c|\u2606Ezael_Stormblood|pff\n|\n|t:|1700429475\n|move|p2a: Darmanitan|Earthquake|p1a: Spectrier\n|-damage|p1a: Spectrier|0 fnt\n|faint|p1a: Spectrier\n|\n|upkeep\n|\n|t:|1700429477\n|switch|p1a: Necrozma|Necrozma-Dusk-Mane|100\/100\n|turn|11\n|\n|t:|1700429481\n|detailschange|p1a: Necrozma|Necrozma-Ultra\n|-burst|p1a: Necrozma|Necrozma|Ultranecrozium Z\n|move|p2a: Darmanitan|Earthquake|p1a: Necrozma\n|-damage|p1a: Necrozma|40\/100\n|move|p1a: Necrozma|Photon Geyser|p2a: Darmanitan\n|-damage|p2a: Darmanitan|0 fnt\n|faint|p2a: Darmanitan\n|\n|upkeep\n|\n|t:|1700429482\n|switch|p2a: Swampert|Swampert, F, shiny|100\/100\n|turn|12\n|\n|t:|1700429493\n|detailschange|p2a: Swampert|Swampert-Mega, F, shiny\n|-mega|p2a: Swampert|Swampert|Swampertite\n|move|p1a: Necrozma|Sunsteel Strike|p2a: Swampert\n|-resisted|p2a: Swampert\n|-damage|p2a: Swampert|81\/100\n|move|p2a: Swampert|Ice Punch|p1a: Necrozma\n|-supereffective|p1a: Necrozma\n|-damage|p1a: Necrozma|0 fnt\n|faint|p1a: Necrozma\n|\n|upkeep\n|\n|t:|1700429500\n|switch|p1a: Arceus|Arceus-Dragon|100\/100\n|turn|13\n|c|\u2606Ezael_Stormblood|oh no\n|\n|t:|1700429512\n|move|p1a: Arceus|Judgment|p2a: Swampert\n|-damage|p2a: Swampert|29\/100\n|move|p2a: Swampert|Ice Punch|p1a: Arceus\n|-supereffective|p1a: Arceus\n|-damage|p1a: Arceus|48\/100\n|\n|upkeep\n|turn|14\n|\n|t:|1700429517\n|move|p1a: Arceus|Flash Cannon|p2a: Swampert\n|-resisted|p2a: Swampert\n|-damage|p2a: Swampert|18\/100\n|move|p2a: Swampert|Ice Punch|p1a: Arceus\n|-supereffective|p1a: Arceus\n|-damage|p1a: Arceus|0 fnt\n|faint|p1a: Arceus\n|\n|upkeep\n|-message|Peuhax forfeited.\n|\n|win|Ezael_Stormblood\n|raw|Ezael_Stormblood's rating: 1123 &rarr; <strong>1150<\/strong><br \/>(+27 for winning)\n|raw|Peuhax's rating: 1153 &rarr; <strong>1126<\/strong><br \/>(-27 for losing)\n|l|\u2606Peuhax\n|c|\u2606Ezael_Stormblood|wut\n","uploadtime":1700429545,"views":5,"p1id":"ezaelstormblood","p2id":"peuhax","formatid":"gen9nationaldexubers","rating":1126,"private":0,"password":""}