{"id":"gen9nationaldexubers-1988077815","p1":"Rhyfinn 01","p2":"SupremeKawaiiFiend","format":"[Gen 9] National Dex Ubers","log":"|j|\u2606Rhyfinn 01\n|j|\u2606SupremeKawaiiFiend\n|t:|1699666793\n|gametype|singles\n|player|p1|Rhyfinn 01|alder|1164\n|player|p2|SupremeKawaiiFiend|whitney|1168\n|teamsize|p1|6\n|teamsize|p2|6\n|gen|9\n|tier|[Gen 9] National Dex Ubers\n|rated|\n|rule|HP Percentage Mod: HP is shown in percentages\n|rule|Endless Battle Clause: Forcing endless battles is banned\n|rule|OHKO Clause: OHKO moves are banned\n|rule|Evasion Moves Clause: Evasion moves are banned\n|rule|Evasion Items Clause: Evasion items are banned\n|rule|Species Clause: Limit one of each Pok\u00e9mon\n|rule|Sleep Clause Mod: Limit one foe put to sleep\n|rule|Mega Rayquaza Clause: You cannot mega evolve Rayquaza\n|clearpoke\n|poke|p1|Groudon|\n|poke|p1|Xerneas-*|\n|poke|p1|Marshadow|\n|poke|p1|Necrozma-Dusk-Mane|\n|poke|p1|Deoxys-Speed|\n|poke|p1|Rayquaza|\n|poke|p2|Chien-Pao|\n|poke|p2|Incineroar, M|\n|poke|p2|Clefable, F|\n|poke|p2|Beedrill, M|\n|poke|p2|Lugia|\n|poke|p2|Corsola-Galar, M|\n|teampreview\n|inactive|Battle timer is ON: inactive players will automatically lose when time's up. (requested by Rhyfinn 01)\n|\n|t:|1699666800\n|start\n|switch|p1a: Deoxys|Deoxys-Speed|100\/100\n|switch|p2a: Corsola|Corsola-Galar, M, shiny|100\/100\n|-ability|p1a: Deoxys|Pressure\n|turn|1\n|\n|t:|1699666810\n|move|p1a: Deoxys|Stealth Rock|p2a: Corsola\n|-sidestart|p2: SupremeKawaiiFiend|move: Stealth Rock\n|move|p2a: Corsola|Will-O-Wisp|p1a: Deoxys\n|-status|p1a: Deoxys|brn\n|\n|-damage|p1a: Deoxys|95\/100 brn|[from] brn\n|upkeep\n|turn|2\n|\n|t:|1699666833\n|move|p1a: Deoxys|Taunt|p2a: Corsola\n|-start|p2a: Corsola|move: Taunt\n|move|p2a: Corsola|Hex|p1a: Deoxys\n|-supereffective|p1a: Deoxys\n|-damage|p1a: Deoxys|21\/100 brn\n|\n|-damage|p1a: Deoxys|15\/100 brn|[from] brn\n|upkeep\n|turn|3\n|\n|t:|1699666841\n|move|p1a: Deoxys|Spikes|p2a: Corsola\n|-sidestart|p2: SupremeKawaiiFiend|Spikes\n|move|p2a: Corsola|Hex|p1a: Deoxys\n|-supereffective|p1a: Deoxys\n|-damage|p1a: Deoxys|0 fnt\n|faint|p1a: Deoxys\n|\n|upkeep\n|\n|t:|1699666847\n|switch|p1a: Groudon|Groudon, shiny|100\/100\n|detailschange|p1a: Groudon|Groudon-Primal, shiny\n|-primal|p1a: Groudon|Red Orb\n|-weather|DesolateLand|[from] ability: Desolate Land|[of] p1a: Groudon\n|turn|4\n|\n|t:|1699666859\n|switch|p2a: Incineroar|Incineroar, M, shiny|100\/100\n|-damage|p2a: Incineroar|76\/100|[from] Stealth Rock\n|-damage|p2a: Incineroar|63\/100|[from] Spikes\n|-ability|p2a: Incineroar|Intimidate|boost\n|-unboost|p1a: Groudon|atk|1\n|move|p1a: Groudon|Rock Polish|p1a: Groudon\n|-boost|p1a: Groudon|spe|2\n|\n|-weather|DesolateLand|[upkeep]\n|-heal|p2a: Incineroar|69\/100|[from] item: Leftovers\n|upkeep\n|turn|5\n|\n|t:|1699666877\n|move|p1a: Groudon|Earth Power|p2a: Incineroar\n|-supereffective|p2a: Incineroar\n|-damage|p2a: Incineroar|0 fnt\n|faint|p2a: Incineroar\n|\n|-weather|DesolateLand|[upkeep]\n|upkeep\n|\n|t:|1699666888\n|switch|p2a: Clefable|Clefable, F, shiny|100\/100\n|turn|6\n|\n|t:|1699666908\n|move|p1a: Groudon|Flamethrower|p2a: Clefable\n|-damage|p2a: Clefable|30\/100\n|move|p2a: Clefable|Cosmic Power|p2a: Clefable\n|-boost|p2a: Clefable|def|1\n|-boost|p2a: Clefable|spd|1\n|\n|-weather|DesolateLand|[upkeep]\n|-heal|p2a: Clefable|36\/100|[from] item: Leftovers\n|upkeep\n|turn|7\n|\n|t:|1699666924\n|move|p1a: Groudon|Flamethrower|p2a: Clefable\n|-damage|p2a: Clefable|0 fnt\n|faint|p2a: Clefable\n|\n|-weather|DesolateLand|[upkeep]\n|upkeep\n|\n|t:|1699666936\n|switch|p2a: Corsola|Corsola-Galar, M, shiny|100\/100\n|-damage|p2a: Corsola|88\/100|[from] Stealth Rock\n|-damage|p2a: Corsola|76\/100|[from] Spikes\n|turn|8\n|\n|t:|1699666950\n|move|p1a: Groudon|Flamethrower|p2a: Corsola\n|-damage|p2a: Corsola|24\/100\n|move|p2a: Corsola|Haze|p2a: Corsola\n|-clearallboost\n|\n|-weather|DesolateLand|[upkeep]\n|upkeep\n|turn|9\n|\n|t:|1699666956\n|move|p1a: Groudon|Flamethrower|p2a: Corsola\n|-damage|p2a: Corsola|0 fnt\n|faint|p2a: Corsola\n|\n|-weather|DesolateLand|[upkeep]\n|upkeep\n|\n|t:|1699666965\n|switch|p2a: Lugia|Lugia|100\/100\n|-damage|p2a: Lugia|75\/100|[from] Stealth Rock\n|turn|10\n|\n|t:|1699666973\n|move|p1a: Groudon|Flamethrower|p2a: Lugia\n|-damage|p2a: Lugia|29\/100\n|move|p2a: Lugia|Curse|p2a: Lugia\n|-unboost|p2a: Lugia|spe|1\n|-boost|p2a: Lugia|atk|1\n|-boost|p2a: Lugia|def|1\n|\n|-weather|DesolateLand|[upkeep]\n|-heal|p2a: Lugia|35\/100|[from] item: Leftovers\n|upkeep\n|turn|11\n|\n|t:|1699666987\n|move|p1a: Groudon|Flamethrower|p2a: Lugia\n|-damage|p2a: Lugia|0 fnt\n|faint|p2a: Lugia\n|\n|-weather|DesolateLand|[upkeep]\n|upkeep\n|\n|t:|1699667010\n|switch|p2a: Chien-Pao|Chien-Pao|100\/100\n|-damage|p2a: Chien-Pao|76\/100|[from] Stealth Rock\n|-damage|p2a: Chien-Pao|63\/100|[from] Spikes\n|-ability|p2a: Chien-Pao|Sword of Ruin\n|turn|12\n|\n|t:|1699667020\n|-terastallize|p2a: Chien-Pao|Poison\n|move|p2a: Chien-Pao|Crunch|p1a: Groudon\n|-crit|p1a: Groudon\n|-damage|p1a: Groudon|56\/100\n|move|p1a: Groudon|Rock Polish|p1a: Groudon\n|-boost|p1a: Groudon|spe|2\n|\n|-weather|DesolateLand|[upkeep]\n|-heal|p2a: Chien-Pao|69\/100|[from] item: Leftovers\n|upkeep\n|turn|13\n|\n|t:|1699667031\n|move|p1a: Groudon|Earth Power|p2a: Chien-Pao\n|-supereffective|p2a: Chien-Pao\n|-damage|p2a: Chien-Pao|0 fnt\n|faint|p2a: Chien-Pao\n|\n|-weather|DesolateLand|[upkeep]\n|upkeep\n|inactive|SupremeKawaiiFiend has 120 seconds left.\n|\n|t:|1699667066\n|switch|p2a: Beedrill|Beedrill, M|100\/100\n|-damage|p2a: Beedrill|75\/100|[from] Stealth Rock\n|-damage|p2a: Beedrill|63\/100|[from] Spikes\n|turn|14\n|\n|t:|1699667074\n|detailschange|p2a: Beedrill|Beedrill-Mega, M\n|-mega|p2a: Beedrill|Beedrill|Beedrillite\n|move|p1a: Groudon|Flamethrower|p2a: Beedrill\n|-supereffective|p2a: Beedrill\n|-damage|p2a: Beedrill|0 fnt\n|faint|p2a: Beedrill\n|\n|win|Rhyfinn 01\n|raw|Rhyfinn 01's rating: 1164 &rarr; <strong>1189<\/strong><br \/>(+25 for winning)\n|raw|SupremeKawaiiFiend's rating: 1168 &rarr; <strong>1143<\/strong><br \/>(-25 for losing)\n","uploadtime":1699667088,"views":5,"p1id":"rhyfinn01","p2id":"supremekawaiifiend","formatid":"gen9nationaldexubers","rating":1143,"private":0,"password":""}