{"id":"gen9nationaldexubers-1980287293","p1":"Ishida_Pendragon","p2":"iu4yk","format":"[Gen 9] National Dex Ubers","log":"|j|\u2606Ishida_Pendragon\n|j|\u2606iu4yk\n|t:|1698772511\n|gametype|singles\n|player|p1|Ishida_Pendragon|n|1027\n|player|p2|iu4yk|cyrus|1000\n|teamsize|p1|6\n|teamsize|p2|6\n|gen|9\n|tier|[Gen 9] National Dex Ubers\n|rated|\n|rule|HP Percentage Mod: HP is shown in percentages\n|rule|Endless Battle Clause: Forcing endless battles is banned\n|rule|OHKO Clause: OHKO moves are banned\n|rule|Evasion Moves Clause: Evasion moves are banned\n|rule|Evasion Items Clause: Evasion items are banned\n|rule|Species Clause: Limit one of each Pok\u00e9mon\n|rule|Sleep Clause Mod: Limit one foe put to sleep\n|rule|Mega Rayquaza Clause: You cannot mega evolve Rayquaza\n|clearpoke\n|poke|p1|Garchomp, F|\n|poke|p1|Typhlosion-Hisui, M|\n|poke|p1|Empoleon, M|\n|poke|p1|Flutter Mane|\n|poke|p1|Ribombee, F|\n|poke|p1|Kingambit, M|\n|poke|p2|Murkrow, M|\n|poke|p2|Skarmory, M|\n|poke|p2|Mew|\n|poke|p2|Slowking, M|\n|poke|p2|Ting-Lu|\n|poke|p2|Donphan, F|\n|teampreview\n|inactive|Battle timer is ON: inactive players will automatically lose when time's up. (requested by iu4yk)\n|\n|t:|1698772526\n|start\n|switch|p1a: Typhlosion|Typhlosion-Hisui, M|100\/100\n|switch|p2a: Mew|Mew|100\/100\n|-item|p2a: Mew|Focus Sash|[from] ability: Frisk|[of] p1a: Typhlosion|[identify]\n|turn|1\n|\n|t:|1698772537\n|move|p1a: Typhlosion|Infernal Parade|p2a: Mew\n|-supereffective|p2a: Mew\n|-damage|p2a: Mew|66\/100\n|move|p2a: Mew|Hypnosis|p1a: Typhlosion\n|-status|p1a: Typhlosion|slp|[from] move: Hypnosis\n|\n|upkeep\n|turn|2\n|\n|t:|1698772546\n|switch|p1a: Empoleon|Empoleon, M|100\/100\n|move|p2a: Mew|Toxic Spikes|p1a: Empoleon\n|-sidestart|p1: Ishida_Pendragon|move: Toxic Spikes\n|\n|upkeep\n|turn|3\n|\n|t:|1698772555\n|move|p2a: Mew|Toxic Spikes|p1a: Empoleon\n|-sidestart|p1: Ishida_Pendragon|move: Toxic Spikes\n|move|p1a: Empoleon|Surf|p2a: Mew\n|-damage|p2a: Mew|46\/100\n|\n|upkeep\n|turn|4\n|\n|t:|1698772564\n|move|p2a: Mew|Stealth Rock|p1a: Empoleon\n|-sidestart|p1: Ishida_Pendragon|move: Stealth Rock\n|move|p1a: Empoleon|Knock Off|p2a: Mew\n|-supereffective|p2a: Mew\n|-damage|p2a: Mew|12\/100\n|-enditem|p2a: Mew|Focus Sash|[from] move: Knock Off|[of] p1a: Empoleon\n|\n|upkeep\n|turn|5\n|\n|t:|1698772572\n|move|p2a: Mew|Spikes|p1a: Empoleon\n|-sidestart|p1: Ishida_Pendragon|Spikes\n|move|p1a: Empoleon|Surf|p2a: Mew\n|-damage|p2a: Mew|0 fnt\n|faint|p2a: Mew\n|\n|upkeep\n|\n|t:|1698772592\n|switch|p2a: Skarmory|Skarmory, M|100\/100\n|turn|6\n|\n|t:|1698772602\n|switch|p1a: Flutter Mane|Flutter Mane|100\/100\n|-status|p1a: Flutter Mane|tox\n|-damage|p1a: Flutter Mane|88\/100 tox|[from] Stealth Rock\n|-damage|p1a: Flutter Mane|76\/100 tox|[from] Spikes\n|move|p2a: Skarmory|Spikes|p1a: Flutter Mane\n|-sidestart|p1: Ishida_Pendragon|Spikes\n|\n|-damage|p1a: Flutter Mane|70\/100 tox|[from] psn\n|upkeep\n|turn|7\n|\n|t:|1698772616\n|switch|p2a: Slowking|Slowking, M|100\/100\n|move|p1a: Flutter Mane|Mystical Fire|p2a: Slowking\n|-resisted|p2a: Slowking\n|-damage|p2a: Slowking|84\/100\n|-unboost|p2a: Slowking|spa|1\n|\n|-heal|p2a: Slowking|90\/100|[from] item: Leftovers\n|-damage|p1a: Flutter Mane|58\/100 tox|[from] psn\n|upkeep\n|turn|8\n|\n|t:|1698772629\n|-end|p1a: Flutter Mane|Protosynthesis|[silent]\n|switch|p1a: Empoleon|Empoleon, M|100\/100\n|-damage|p1a: Empoleon|94\/100|[from] Stealth Rock\n|-damage|p1a: Empoleon|78\/100|[from] Spikes\n|move|p2a: Slowking|Teleport|p2a: Slowking\n|\n|t:|1698772636\n|switch|p2a: Skarmory|Skarmory, M|100\/100|[from] Teleport\n|\n|upkeep\n|turn|9\n|\n|t:|1698772646\n|move|p2a: Skarmory|Spikes|p1a: Empoleon\n|-sidestart|p1: Ishida_Pendragon|Spikes\n|move|p1a: Empoleon|Flip Turn|p2a: Skarmory\n|-damage|p2a: Skarmory|90\/100\n|-damage|p1a: Empoleon|61\/100|[from] item: Rocky Helmet|[of] p2a: Skarmory\n|\n|t:|1698772657\n|switch|p1a: Garchomp|Garchomp, F|100\/100|[from] Flip Turn\n|-status|p1a: Garchomp|tox\n|-damage|p1a: Garchomp|94\/100 tox|[from] Stealth Rock\n|-damage|p1a: Garchomp|69\/100 tox|[from] Spikes\n|\n|-damage|p1a: Garchomp|63\/100 tox|[from] psn\n|upkeep\n|turn|10\n|\n|t:|1698772674\n|-zpower|p1a: Garchomp\n|move|p1a: Garchomp|Devastating Drake|p2a: Skarmory|[zeffect]\n|-resisted|p2a: Skarmory\n|-damage|p2a: Skarmory|58\/100\n|move|p2a: Skarmory|Whirlwind|p1a: Garchomp\n|drag|p1a: Empoleon|Empoleon, M|61\/100\n|-damage|p1a: Empoleon|55\/100|[from] Stealth Rock\n|-damage|p1a: Empoleon|30\/100|[from] Spikes\n|\n|upkeep\n|turn|11\n|\n|t:|1698772688\n|switch|p2a: Slowking|Slowking, M|100\/100\n|move|p1a: Empoleon|Roost|p1a: Empoleon\n|-heal|p1a: Empoleon|80\/100\n|-singleturn|p1a: Empoleon|move: Roost\n|\n|upkeep\n|turn|12\n|\n|t:|1698772697\n|move|p1a: Empoleon|Surf|p2a: Slowking\n|-resisted|p2a: Slowking\n|-damage|p2a: Slowking|86\/100\n|move|p2a: Slowking|Light Screen|p2a: Slowking\n|-sidestart|p2: iu4yk|move: Light Screen\n|\n|-heal|p2a: Slowking|92\/100|[from] item: Leftovers\n|upkeep\n|turn|13\n|\n|t:|1698772705\n|move|p1a: Empoleon|Flip Turn|p2a: Slowking\n|-resisted|p2a: Slowking\n|-damage|p2a: Slowking|86\/100\n|\n|t:|1698772709\n|switch|p1a: Typhlosion|Typhlosion-Hisui, M|100\/100 slp|[from] Flip Turn\n|-item|p2a: Slowking|Leftovers|[from] ability: Frisk|[of] p1a: Typhlosion|[identify]\n|move|p2a: Slowking|Teleport|p2a: Slowking\n|\n|t:|1698772716\n|switch|p2a: Ting-Lu|Ting-Lu|100\/100|[from] Teleport\n|-ability|p2a: Ting-Lu|Vessel of Ruin\n|\n|upkeep\n|turn|14\n|\n|t:|1698772727\n|cant|p1a: Typhlosion|slp\n|move|p2a: Ting-Lu|Whirlwind|p1a: Typhlosion\n|drag|p1a: Flutter Mane|Flutter Mane|58\/100 tox\n|-damage|p1a: Flutter Mane|46\/100 tox|[from] Stealth Rock\n|-damage|p1a: Flutter Mane|21\/100 tox|[from] Spikes\n|\n|-damage|p1a: Flutter Mane|15\/100 tox|[from] psn\n|upkeep\n|turn|15\n|\n|t:|1698772749\n|switch|p2a: Slowking|Slowking, M|100\/100\n|move|p1a: Flutter Mane|Thunderbolt|p2a: Slowking\n|-supereffective|p2a: Slowking\n|-damage|p2a: Slowking|62\/100\n|\n|-heal|p2a: Slowking|69\/100|[from] item: Leftovers\n|-damage|p1a: Flutter Mane|3\/100 tox|[from] psn\n|upkeep\n|turn|16\n|\n|t:|1698772761\n|move|p1a: Flutter Mane|Thunderbolt|p2a: Slowking\n|-supereffective|p2a: Slowking\n|-damage|p2a: Slowking|33\/100\n|move|p2a: Slowking|Teleport|p2a: Slowking\n|\n|t:|1698772769\n|switch|p2a: Donphan|Donphan, F|100\/100|[from] Teleport\n|\n|-damage|p1a: Flutter Mane|0 fnt|[from] psn\n|faint|p1a: Flutter Mane\n|-end|p1a: Flutter Mane|Protosynthesis|[silent]\n|-sideend|p2: iu4yk|move: Light Screen\n|upkeep\n|\n|t:|1698772778\n|switch|p1a: Ribombee|Ribombee, F|100\/100\n|-status|p1a: Ribombee|tox\n|-damage|p1a: Ribombee|76\/100 tox|[from] Stealth Rock\n|-damage|p1a: Ribombee|51\/100 tox|[from] Spikes\n|turn|17\n|\n|t:|1698772786\n|move|p1a: Ribombee|Sticky Web|p2a: Donphan\n|-sidestart|p2: iu4yk|move: Sticky Web\n|move|p2a: Donphan|Roar|p1a: Ribombee\n|drag|p1a: Kingambit|Kingambit, M|100\/100\n|-damage|p1a: Kingambit|94\/100|[from] Stealth Rock\n|-activate|p1a: Kingambit|ability: Supreme Overlord\n|-start|p1a: Kingambit|fallen1|[silent]\n|-item|p1a: Kingambit|Air Balloon\n|\n|upkeep\n|turn|18\n|\n|t:|1698772807\n|-terastallize|p1a: Kingambit|Fighting\n|move|p1a: Kingambit|Low Kick|p2a: Donphan\n|-damage|p2a: Donphan|67\/100\n|-enditem|p2a: Donphan|Red Card|[of] p1a: Kingambit\n|-end|p1a: Kingambit|fallen1|[silent]\n|drag|p1a: Garchomp|Garchomp, F|63\/100 tox\n|-damage|p1a: Garchomp|57\/100 tox|[from] Stealth Rock\n|-damage|p1a: Garchomp|32\/100 tox|[from] Spikes\n|move|p2a: Donphan|Roar|p1a: Garchomp\n|drag|p1a: Kingambit|Kingambit, M, tera:Fighting|94\/100\n|-damage|p1a: Kingambit|88\/100|[from] Stealth Rock\n|-activate|p1a: Kingambit|ability: Supreme Overlord\n|-start|p1a: Kingambit|fallen1|[silent]\n|-item|p1a: Kingambit|Air Balloon\n|\n|upkeep\n|turn|19\n|\n|t:|1698772824\n|move|p1a: Kingambit|Kowtow Cleave|p2a: Donphan\n|-crit|p2a: Donphan\n|-damage|p2a: Donphan|23\/100\n|move|p2a: Donphan|Roar|p1a: Kingambit\n|-end|p1a: Kingambit|fallen1|[silent]\n|drag|p1a: Typhlosion|Typhlosion-Hisui, M|100\/100 slp\n|\n|upkeep\n|turn|20\n|\n|t:|1698772835\n|cant|p1a: Typhlosion|slp\n|move|p2a: Donphan|Roar|p1a: Typhlosion\n|drag|p1a: Empoleon|Empoleon, M|80\/100\n|-damage|p1a: Empoleon|74\/100|[from] Stealth Rock\n|-damage|p1a: Empoleon|49\/100|[from] Spikes\n|\n|upkeep\n|turn|21\n|\n|t:|1698772846\n|move|p1a: Empoleon|Roost|p1a: Empoleon\n|-heal|p1a: Empoleon|99\/100\n|-singleturn|p1a: Empoleon|move: Roost\n|move|p2a: Donphan|Roar|p1a: Empoleon\n|drag|p1a: Kingambit|Kingambit, M, tera:Fighting|88\/100\n|-damage|p1a: Kingambit|82\/100|[from] Stealth Rock\n|-activate|p1a: Kingambit|ability: Supreme Overlord\n|-start|p1a: Kingambit|fallen1|[silent]\n|-item|p1a: Kingambit|Air Balloon\n|\n|upkeep\n|turn|22\n|\n|t:|1698772860\n|move|p1a: Kingambit|Kowtow Cleave|p2a: Donphan\n|-damage|p2a: Donphan|0 fnt\n|faint|p2a: Donphan\n|\n|upkeep\n|\n|t:|1698772863\n|switch|p2a: Skarmory|Skarmory, M|58\/100\n|turn|23\n|\n|t:|1698772873\n|move|p1a: Kingambit|Kowtow Cleave|p2a: Skarmory\n|-damage|p2a: Skarmory|29\/100\n|-damage|p1a: Kingambit|66\/100|[from] item: Rocky Helmet|[of] p2a: Skarmory\n|move|p2a: Skarmory|Roost|p2a: Skarmory\n|-heal|p2a: Skarmory|79\/100\n|-singleturn|p2a: Skarmory|move: Roost\n|\n|upkeep\n|turn|24\n|\n|t:|1698772893\n|-end|p1a: Kingambit|fallen1|[silent]\n|switch|p1a: Empoleon|Empoleon, M|99\/100\n|-damage|p1a: Empoleon|92\/100|[from] Stealth Rock\n|-damage|p1a: Empoleon|67\/100|[from] Spikes\n|move|p2a: Skarmory|Whirlwind|p1a: Empoleon\n|drag|p1a: Ribombee|Ribombee, F|51\/100 tox\n|-damage|p1a: Ribombee|26\/100 tox|[from] Stealth Rock\n|-damage|p1a: Ribombee|1\/100 tox|[from] Spikes\n|\n|-damage|p1a: Ribombee|0 fnt|[from] psn\n|faint|p1a: Ribombee\n|upkeep\n|\n|t:|1698772908\n|switch|p1a: Garchomp|Garchomp, F|32\/100 tox\n|-damage|p1a: Garchomp|26\/100 tox|[from] Stealth Rock\n|-damage|p1a: Garchomp|1\/100 tox|[from] Spikes\n|turn|25\n|\n|t:|1698772918\n|move|p1a: Garchomp|Stealth Rock|p2a: Skarmory\n|-sidestart|p2: iu4yk|move: Stealth Rock\n|move|p2a: Skarmory|Whirlwind|p1a: Garchomp\n|drag|p1a: Typhlosion|Typhlosion-Hisui, M|100\/100 slp\n|-item|p2a: Skarmory|Rocky Helmet|[from] ability: Frisk|[of] p1a: Typhlosion|[identify]\n|\n|upkeep\n|turn|26\n|\n|t:|1698772928\n|-curestatus|p1a: Typhlosion|slp|[msg]\n|move|p1a: Typhlosion|Flamethrower|p2a: Skarmory\n|-supereffective|p2a: Skarmory\n|-damage|p2a: Skarmory|0 fnt\n|faint|p2a: Skarmory\n|\n|upkeep\n|\n|t:|1698772934\n|switch|p2a: Murkrow|Murkrow, M|100\/100\n|-damage|p2a: Murkrow|76\/100|[from] Stealth Rock\n|turn|27\n|\n|t:|1698772943\n|move|p1a: Typhlosion|Flamethrower|p2a: Murkrow\n|-damage|p2a: Murkrow|39\/100\n|move|p2a: Murkrow|Whirlwind|p1a: Typhlosion\n|drag|p1a: Garchomp|Garchomp, F|1\/100 tox\n|-damage|p1a: Garchomp|0 fnt|[from] Stealth Rock\n|faint|p1a: Garchomp\n|\n|upkeep\n|\n|t:|1698772953\n|switch|p1a: Empoleon|Empoleon, M|67\/100\n|-damage|p1a: Empoleon|61\/100|[from] Stealth Rock\n|-damage|p1a: Empoleon|36\/100|[from] Spikes\n|turn|28\n|\n|t:|1698772961\n|move|p2a: Murkrow|Rest|p2a: Murkrow\n|-status|p2a: Murkrow|slp|[from] move: Rest\n|-heal|p2a: Murkrow|100\/100 slp|[silent]\n|move|p1a: Empoleon|Roost|p1a: Empoleon\n|-heal|p1a: Empoleon|86\/100\n|-singleturn|p1a: Empoleon|move: Roost\n|\n|upkeep\n|turn|29\n|\n|t:|1698772972\n|switch|p1a: Typhlosion|Typhlosion-Hisui, M|100\/100\n|-item|p2a: Murkrow|Eviolite|[from] ability: Frisk|[of] p1a: Typhlosion|[identify]\n|cant|p2a: Murkrow|slp\n|move|p2a: Murkrow|Sleep Talk|p2a: Murkrow\n|move|p2a: Murkrow|Whirlwind|p1a: Typhlosion|[from]move: Sleep Talk\n|drag|p1a: Empoleon|Empoleon, M|86\/100\n|-damage|p1a: Empoleon|80\/100|[from] Stealth Rock\n|-damage|p1a: Empoleon|55\/100|[from] Spikes\n|\n|upkeep\n|turn|30\n|\n|t:|1698772987\n|cant|p2a: Murkrow|slp\n|move|p2a: Murkrow|Sleep Talk|p2a: Murkrow\n|move|p2a: Murkrow|Whirlwind|p1a: Empoleon|[from]move: Sleep Talk\n|drag|p1a: Kingambit|Kingambit, M, tera:Fighting|66\/100\n|-damage|p1a: Kingambit|59\/100|[from] Stealth Rock\n|-activate|p1a: Kingambit|ability: Supreme Overlord\n|-start|p1a: Kingambit|fallen3|[silent]\n|-item|p1a: Kingambit|Air Balloon\n|\n|upkeep\n|turn|31\n|\n|t:|1698773001\n|move|p1a: Kingambit|Low Kick|p2a: Murkrow\n|-damage|p2a: Murkrow|81\/100 slp\n|-curestatus|p2a: Murkrow|slp|[msg]\n|move|p2a: Murkrow|Whirlwind|p1a: Kingambit\n|-end|p1a: Kingambit|fallen3|[silent]\n|drag|p1a: Empoleon|Empoleon, M|55\/100\n|-damage|p1a: Empoleon|49\/100|[from] Stealth Rock\n|-damage|p1a: Empoleon|24\/100|[from] Spikes\n|\n|upkeep\n|turn|32\n|\n|t:|1698773012\n|move|p1a: Empoleon|Roost|p1a: Empoleon\n|-heal|p1a: Empoleon|74\/100\n|-singleturn|p1a: Empoleon|move: Roost\n|move|p2a: Murkrow|Whirlwind|p1a: Empoleon\n|drag|p1a: Typhlosion|Typhlosion-Hisui, M|100\/100\n|-item|p2a: Murkrow|Eviolite|[from] ability: Frisk|[of] p1a: Typhlosion|[identify]\n|\n|upkeep\n|turn|33\n|\n|t:|1698773023\n|move|p1a: Typhlosion|Infernal Parade|p2a: Murkrow\n|-resisted|p2a: Murkrow\n|-damage|p2a: Murkrow|68\/100\n|move|p2a: Murkrow|Whirlwind|p1a: Typhlosion\n|drag|p1a: Kingambit|Kingambit, M, tera:Fighting|59\/100\n|-damage|p1a: Kingambit|53\/100|[from] Stealth Rock\n|-activate|p1a: Kingambit|ability: Supreme Overlord\n|-start|p1a: Kingambit|fallen3|[silent]\n|-item|p1a: Kingambit|Air Balloon\n|\n|upkeep\n|turn|34\n|\n|t:|1698773035\n|move|p1a: Kingambit|Kowtow Cleave|p2a: Murkrow\n|-resisted|p2a: Murkrow\n|-damage|p2a: Murkrow|26\/100\n|move|p2a: Murkrow|Whirlwind|p1a: Kingambit\n|-end|p1a: Kingambit|fallen3|[silent]\n|drag|p1a: Empoleon|Empoleon, M|74\/100\n|-damage|p1a: Empoleon|68\/100|[from] Stealth Rock\n|-damage|p1a: Empoleon|43\/100|[from] Spikes\n|\n|upkeep\n|turn|35\n|\n|t:|1698773046\n|move|p2a: Murkrow|Rest|p2a: Murkrow\n|-status|p2a: Murkrow|slp|[from] move: Rest\n|-heal|p2a: Murkrow|100\/100 slp|[silent]\n|move|p1a: Empoleon|Roost|p1a: Empoleon\n|-heal|p1a: Empoleon|93\/100\n|-singleturn|p1a: Empoleon|move: Roost\n|\n|upkeep\n|turn|36\n|\n|t:|1698773058\n|cant|p2a: Murkrow|slp\n|move|p2a: Murkrow|Sleep Talk|p2a: Murkrow\n|move|p2a: Murkrow|Rest||[from]move: Sleep Talk|[still]\n|-fail|p2a: Murkrow\n|move|p1a: Empoleon|Surf|p2a: Murkrow\n|-damage|p2a: Murkrow|73\/100 slp\n|\n|upkeep\n|turn|37\n|\n|t:|1698773069\n|cant|p2a: Murkrow|slp\n|move|p2a: Murkrow|Sleep Talk|p2a: Murkrow\n|move|p2a: Murkrow|Rest||[from]move: Sleep Talk|[still]\n|-fail|p2a: Murkrow\n|move|p1a: Empoleon|Knock Off|p2a: Murkrow\n|-resisted|p2a: Murkrow\n|-damage|p2a: Murkrow|60\/100 slp\n|-enditem|p2a: Murkrow|Eviolite|[from] move: Knock Off|[of] p1a: Empoleon\n|\n|upkeep\n|turn|38\n|\n|t:|1698773084\n|-curestatus|p2a: Murkrow|slp|[msg]\n|move|p2a: Murkrow|Rest|p2a: Murkrow\n|-status|p2a: Murkrow|slp|[from] move: Rest\n|-heal|p2a: Murkrow|100\/100 slp|[silent]\n|move|p1a: Empoleon|Surf|p2a: Murkrow\n|-damage|p2a: Murkrow|61\/100 slp\n|\n|upkeep\n|turn|39\n|\n|t:|1698773094\n|cant|p2a: Murkrow|slp\n|move|p2a: Murkrow|Sleep Talk|p2a: Murkrow\n|move|p2a: Murkrow|Rest||[from]move: Sleep Talk|[still]\n|-fail|p2a: Murkrow\n|move|p1a: Empoleon|Surf|p2a: Murkrow\n|-damage|p2a: Murkrow|22\/100 slp\n|\n|upkeep\n|turn|40\n|\n|t:|1698773103\n|cant|p2a: Murkrow|slp\n|move|p2a: Murkrow|Sleep Talk|p2a: Murkrow\n|move|p2a: Murkrow|Whirlwind|p1a: Empoleon|[from]move: Sleep Talk\n|drag|p1a: Kingambit|Kingambit, M, tera:Fighting|53\/100\n|-damage|p1a: Kingambit|47\/100|[from] Stealth Rock\n|-activate|p1a: Kingambit|ability: Supreme Overlord\n|-start|p1a: Kingambit|fallen3|[silent]\n|-item|p1a: Kingambit|Air Balloon\n|\n|upkeep\n|turn|41\n|\n|t:|1698773115\n|-curestatus|p2a: Murkrow|slp|[msg]\n|move|p2a: Murkrow|Rest|p2a: Murkrow\n|-status|p2a: Murkrow|slp|[from] move: Rest\n|-heal|p2a: Murkrow|100\/100 slp|[silent]\n|move|p1a: Kingambit|Kowtow Cleave|p2a: Murkrow\n|-resisted|p2a: Murkrow\n|-damage|p2a: Murkrow|42\/100 slp\n|\n|upkeep\n|turn|42\n|\n|t:|1698773126\n|cant|p2a: Murkrow|slp\n|move|p2a: Murkrow|Sleep Talk|p2a: Murkrow\n|move|p2a: Murkrow|Whirlwind|p1a: Kingambit|[from]move: Sleep Talk\n|-end|p1a: Kingambit|fallen3|[silent]\n|drag|p1a: Typhlosion|Typhlosion-Hisui, M|100\/100\n|\n|upkeep\n|turn|43\n|\n|t:|1698773136\n|cant|p2a: Murkrow|slp\n|move|p2a: Murkrow|Sleep Talk|p2a: Murkrow\n|move|p2a: Murkrow|Rest||[from]move: Sleep Talk|[still]\n|-fail|p2a: Murkrow\n|move|p1a: Typhlosion|Flamethrower|p2a: Murkrow\n|-damage|p2a: Murkrow|0 fnt\n|faint|p2a: Murkrow\n|\n|upkeep\n|\n|t:|1698773143\n|switch|p2a: Ting-Lu|Ting-Lu|100\/100\n|-activate|p2a: Ting-Lu|move: Sticky Web\n|-unboost|p2a: Ting-Lu|spe|1\n|-damage|p2a: Ting-Lu|94\/100|[from] Stealth Rock\n|-ability|p2a: Ting-Lu|Vessel of Ruin\n|turn|44\n|\n|t:|1698773152\n|move|p1a: Typhlosion|Infernal Parade|p2a: Ting-Lu\n|-resisted|p2a: Ting-Lu\n|-damage|p2a: Ting-Lu|86\/100\n|-status|p2a: Ting-Lu|brn\n|move|p2a: Ting-Lu|Whirlwind|p1a: Typhlosion\n|drag|p1a: Empoleon|Empoleon, M|93\/100\n|-damage|p1a: Empoleon|87\/100|[from] Stealth Rock\n|-damage|p1a: Empoleon|62\/100|[from] Spikes\n|\n|-damage|p2a: Ting-Lu|79\/100 brn|[from] brn\n|upkeep\n|turn|45\n|\n|t:|1698773166\n|switch|p2a: Slowking|Slowking, M|66\/100\n|-activate|p2a: Slowking|move: Sticky Web\n|-unboost|p2a: Slowking|spe|1\n|-damage|p2a: Slowking|54\/100|[from] Stealth Rock\n|move|p1a: Empoleon|Roost|p1a: Empoleon\n|-heal|p1a: Empoleon|100\/100\n|-singleturn|p1a: Empoleon|move: Roost\n|\n|-heal|p2a: Slowking|60\/100|[from] item: Leftovers\n|upkeep\n|turn|46\n|\n|t:|1698773180\n|move|p1a: Empoleon|Flip Turn|p2a: Slowking\n|-resisted|p2a: Slowking\n|-damage|p2a: Slowking|53\/100\n|\n|t:|1698773184\n|switch|p1a: Kingambit|Kingambit, M, tera:Fighting|47\/100|[from] Flip Turn\n|-damage|p1a: Kingambit|41\/100|[from] Stealth Rock\n|-activate|p1a: Kingambit|ability: Supreme Overlord\n|-start|p1a: Kingambit|fallen3|[silent]\n|-item|p1a: Kingambit|Air Balloon\n|move|p2a: Slowking|Yawn|p1a: Kingambit\n|-start|p1a: Kingambit|move: Yawn|[of] p2a: Slowking\n|\n|-heal|p2a: Slowking|59\/100|[from] item: Leftovers\n|upkeep\n|turn|47\n|\n|t:|1698773199\n|move|p1a: Kingambit|Kowtow Cleave|p2a: Slowking\n|-supereffective|p2a: Slowking\n|-damage|p2a: Slowking|0 fnt\n|faint|p2a: Slowking\n|\n|-end|p1a: Kingambit|move: Yawn|[silent]\n|-status|p1a: Kingambit|slp\n|upkeep\n|\n|t:|1698773202\n|switch|p2a: Ting-Lu|Ting-Lu|79\/100 brn\n|-activate|p2a: Ting-Lu|move: Sticky Web\n|-unboost|p2a: Ting-Lu|spe|1\n|-damage|p2a: Ting-Lu|73\/100 brn|[from] Stealth Rock\n|-ability|p2a: Ting-Lu|Vessel of Ruin\n|turn|48\n|\n|t:|1698773214\n|cant|p1a: Kingambit|slp\n|move|p2a: Ting-Lu|Rest|p2a: Ting-Lu\n|-status|p2a: Ting-Lu|slp|[from] move: Rest\n|-heal|p2a: Ting-Lu|100\/100 slp|[silent]\n|\n|upkeep\n|turn|49\n|\n|t:|1698773222\n|cant|p1a: Kingambit|slp\n|cant|p2a: Ting-Lu|slp\n|\n|upkeep\n|turn|50\n|\n|t:|1698773228\n|-curestatus|p1a: Kingambit|slp|[msg]\n|move|p1a: Kingambit|Swords Dance|p1a: Kingambit\n|-boost|p1a: Kingambit|atk|2\n|cant|p2a: Ting-Lu|slp\n|\n|upkeep\n|turn|51\n|\n|t:|1698773236\n|move|p1a: Kingambit|Kowtow Cleave|p2a: Ting-Lu\n|-resisted|p2a: Ting-Lu\n|-damage|p2a: Ting-Lu|76\/100 slp\n|-damage|p1a: Kingambit|25\/100|[from] item: Rocky Helmet|[of] p2a: Ting-Lu\n|-curestatus|p2a: Ting-Lu|slp|[msg]\n|move|p2a: Ting-Lu|Whirlwind|p1a: Kingambit\n|-end|p1a: Kingambit|fallen3|[silent]\n|drag|p1a: Typhlosion|Typhlosion-Hisui, M|100\/100\n|-item|p2a: Ting-Lu|Rocky Helmet|[from] ability: Frisk|[of] p1a: Typhlosion|[identify]\n|\n|upkeep\n|turn|52\n|\n|t:|1698773255\n|move|p1a: Typhlosion|Flamethrower|p2a: Ting-Lu\n|-damage|p2a: Ting-Lu|50\/100\n|-status|p2a: Ting-Lu|brn\n|move|p2a: Ting-Lu|Whirlwind|p1a: Typhlosion\n|drag|p1a: Kingambit|Kingambit, M, tera:Fighting|25\/100\n|-damage|p1a: Kingambit|18\/100|[from] Stealth Rock\n|-activate|p1a: Kingambit|ability: Supreme Overlord\n|-start|p1a: Kingambit|fallen3|[silent]\n|-item|p1a: Kingambit|Air Balloon\n|\n|-damage|p2a: Ting-Lu|44\/100 brn|[from] brn\n|upkeep\n|turn|53\n|\n|t:|1698773274\n|move|p1a: Kingambit|Kowtow Cleave|p2a: Ting-Lu\n|-resisted|p2a: Ting-Lu\n|-damage|p2a: Ting-Lu|32\/100 brn\n|-damage|p1a: Kingambit|2\/100|[from] item: Rocky Helmet|[of] p2a: Ting-Lu\n|move|p2a: Ting-Lu|Rest|p2a: Ting-Lu\n|-status|p2a: Ting-Lu|slp|[from] move: Rest\n|-heal|p2a: Ting-Lu|100\/100 slp|[silent]\n|\n|upkeep\n|turn|54\n|\n|t:|1698773285\n|move|p1a: Kingambit|Sucker Punch||[still]\n|-fail|p1a: Kingambit\n|cant|p2a: Ting-Lu|slp\n|\n|upkeep\n|turn|55\n|\n|t:|1698773294\n|move|p1a: Kingambit|Kowtow Cleave|p2a: Ting-Lu\n|-resisted|p2a: Ting-Lu\n|-damage|p2a: Ting-Lu|88\/100 slp\n|-damage|p1a: Kingambit|0 fnt|[from] item: Rocky Helmet|[of] p2a: Ting-Lu\n|faint|p1a: Kingambit\n|-end|p1a: Kingambit|fallen3|[silent]\n|cant|p2a: Ting-Lu|slp\n|\n|upkeep\n|\n|t:|1698773303\n|switch|p1a: Typhlosion|Typhlosion-Hisui, M|100\/100\n|-item|p2a: Ting-Lu|Rocky Helmet|[from] ability: Frisk|[of] p1a: Typhlosion|[identify]\n|turn|56\n|\n|t:|1698773310\n|move|p1a: Typhlosion|Will-O-Wisp||[still]\n|-fail|p1a: Typhlosion\n|-curestatus|p2a: Ting-Lu|slp|[msg]\n|move|p2a: Ting-Lu|Spikes||[still]\n|-fail|p2a: Ting-Lu\n|\n|upkeep\n|turn|57\n|\n|t:|1698773317\n|move|p1a: Typhlosion|Flamethrower|p2a: Ting-Lu\n|-damage|p2a: Ting-Lu|63\/100\n|move|p2a: Ting-Lu|Stealth Rock||[still]\n|-fail|p2a: Ting-Lu\n|\n|upkeep\n|turn|58\n|-message|iu4yk forfeited.\n|\n|win|Ishida_Pendragon\n|raw|Ishida_Pendragon's rating: 1027 &rarr; <strong>1060<\/strong><br \/>(+33 for winning)\n|raw|iu4yk's rating: 1000 &rarr; <strong>1000<\/strong><br \/>(+0 for losing)\n|l|\u2606iu4yk\n","uploadtime":1698773335,"views":8,"p1id":"ishidapendragon","p2id":"iu4yk","formatid":"gen9nationaldexubers","rating":1000,"private":0,"password":""}