{"id":"gen9nationaldexubers-1984590555","p1":"Denimas","p2":"Manuel_hdz15","format":"[Gen 9] National Dex Ubers","log":"|j|\u2606Denimas\n|j|\u2606Manuel_hdz15\n|t:|1699282627\n|gametype|singles\n|player|p1|Denimas|giovanni|1277\n|player|p2|Manuel_hdz15|169|1380\n|teamsize|p1|6\n|teamsize|p2|6\n|gen|9\n|tier|[Gen 9] National Dex Ubers\n|rated|\n|rule|HP Percentage Mod: HP is shown in percentages\n|rule|Endless Battle Clause: Forcing endless battles is banned\n|rule|OHKO Clause: OHKO moves are banned\n|rule|Evasion Moves Clause: Evasion moves are banned\n|rule|Evasion Items Clause: Evasion items are banned\n|rule|Species Clause: Limit one of each Pok\u00e9mon\n|rule|Sleep Clause Mod: Limit one foe put to sleep\n|rule|Mega Rayquaza Clause: You cannot mega evolve Rayquaza\n|clearpoke\n|poke|p1|Typhlosion-Hisui, M|\n|poke|p1|Venusaur, M|\n|poke|p1|Torkoal, M|\n|poke|p1|Groudon|\n|poke|p1|Volcarona, M|\n|poke|p1|Arceus-Fire|\n|poke|p2|Chi-Yu|\n|poke|p2|Maushold-Four|\n|poke|p2|Alakazam, F|\n|poke|p2|Kyogre|\n|poke|p2|Groudon|\n|poke|p2|Necrozma-Dusk-Mane|\n|teampreview\n|inactive|Battle timer is ON: inactive players will automatically lose when time's up. (requested by Manuel_hdz15)\n|inactive|Denimas has 120 seconds left.\n|\n|t:|1699282709\n|start\n|switch|p1a: Torkoal|Torkoal, M|100\/100\n|switch|p2a: Maushold|Maushold-Four|100\/100\n|-weather|SunnyDay|[from] ability: Drought|[of] p1a: Torkoal\n|turn|1\n|\n|t:|1699282718\n|switch|p1a: Typhlosion|Typhlosion-Hisui, M|100\/100\n|-item|p2a: Maushold|Wide Lens|[from] ability: Frisk|[of] p1a: Typhlosion|[identify]\n|move|p2a: Maushold|Tidy Up|p2a: Maushold\n|-boost|p2a: Maushold|atk|1\n|-boost|p2a: Maushold|spe|1\n|\n|-weather|SunnyDay|[upkeep]\n|upkeep\n|turn|2\n|\n|t:|1699282726\n|switch|p1a: Venusaur|Venusaur, M|100\/100\n|move|p2a: Maushold|Bite|p1a: Venusaur\n|-damage|p1a: Venusaur|68\/100\n|\n|-weather|SunnyDay|[upkeep]\n|upkeep\n|turn|3\n|\n|t:|1699282732\n|detailschange|p1a: Venusaur|Venusaur-Mega, M\n|-mega|p1a: Venusaur|Venusaur|Venusaurite\n|move|p2a: Maushold|Tidy Up|p2a: Maushold\n|-boost|p2a: Maushold|atk|1\n|-boost|p2a: Maushold|spe|1\n|move|p1a: Venusaur|Synthesis|p1a: Venusaur\n|-heal|p1a: Venusaur|100\/100\n|\n|-weather|SunnyDay|[upkeep]\n|upkeep\n|turn|4\n|\n|t:|1699282738\n|move|p2a: Maushold|Population Bomb|p1a: Venusaur|[miss]\n|-miss|p2a: Maushold|p1a: Venusaur\n|move|p1a: Venusaur|Solar Beam||[still]\n|-prepare|p1a: Venusaur|Solar Beam\n|-anim|p1a: Venusaur|Solar Beam|p2a: Maushold\n|-damage|p2a: Maushold|31\/100\n|\n|-weather|SunnyDay|[upkeep]\n|upkeep\n|turn|5\n|\n|t:|1699282745\n|move|p2a: Maushold|Population Bomb|p1a: Venusaur\n|-damage|p1a: Venusaur|86\/100\n|-damage|p1a: Venusaur|72\/100\n|-crit|p1a: Venusaur\n|-damage|p1a: Venusaur|51\/100\n|-damage|p1a: Venusaur|37\/100\n|-damage|p1a: Venusaur|23\/100\n|-crit|p1a: Venusaur\n|-damage|p1a: Venusaur|0 fnt\n|faint|p1a: Venusaur\n|-hitcount|p1: Venusaur|6\n|\n|-weather|SunnyDay|[upkeep]\n|upkeep\n|\n|t:|1699282754\n|switch|p1a: Arceus|Arceus-Fire|100\/100\n|turn|6\n|\n|t:|1699282763\n|switch|p2a: Necrozma|Necrozma-Dusk-Mane|100\/100\n|move|p1a: Arceus|Judgment|p2a: Necrozma\n|-supereffective|p2a: Necrozma\n|-damage|p2a: Necrozma|0 fnt\n|faint|p2a: Necrozma\n|\n|-weather|SunnyDay|[upkeep]\n|upkeep\n|\n|t:|1699282781\n|switch|p2a: Groudon|Groudon|100\/100\n|detailschange|p2a: Groudon|Groudon-Primal\n|-primal|p2a: Groudon|Red Orb\n|-weather|DesolateLand|[from] ability: Desolate Land|[of] p2a: Groudon\n|turn|7\n|\n|t:|1699282788\n|move|p1a: Arceus|Judgment|p2a: Groudon\n|-resisted|p2a: Groudon\n|-damage|p2a: Groudon|50\/100\n|move|p2a: Groudon|Rock Polish|p2a: Groudon\n|-boost|p2a: Groudon|spe|2\n|\n|-weather|DesolateLand|[upkeep]\n|upkeep\n|turn|8\n|\n|t:|1699282797\n|move|p2a: Groudon|Precipice Blades|p1a: Arceus\n|-supereffective|p1a: Arceus\n|-damage|p1a: Arceus|0 fnt\n|faint|p1a: Arceus\n|\n|-weather|DesolateLand|[upkeep]\n|upkeep\n|\n|t:|1699282808\n|switch|p1a: Groudon|Groudon|100\/100\n|detailschange|p1a: Groudon|Groudon-Primal\n|-primal|p1a: Groudon|Red Orb\n|turn|9\n|\n|t:|1699282810\n|move|p2a: Groudon|Precipice Blades|p1a: Groudon|[miss]\n|-miss|p2a: Groudon|p1a: Groudon\n|move|p1a: Groudon|Earthquake|p2a: Groudon\n|-supereffective|p2a: Groudon\n|-damage|p2a: Groudon|0 fnt\n|faint|p2a: Groudon\n|\n|-weather|DesolateLand|[upkeep]\n|upkeep\n|\n|t:|1699282816\n|switch|p2a: Kyogre|Kyogre|100\/100\n|detailschange|p2a: Kyogre|Kyogre-Primal\n|-primal|p2a: Kyogre|Blue Orb\n|-weather|PrimordialSea|[from] ability: Primordial Sea|[of] p2a: Kyogre\n|turn|10\n|\n|t:|1699282822\n|switch|p1a: Torkoal|Torkoal, M|100\/100\n|-ability|p1a: Torkoal|Drought|[from] primordialsea|[fail]\n|move|p2a: Kyogre|Origin Pulse|p1a: Torkoal\n|-supereffective|p1a: Torkoal\n|-damage|p1a: Torkoal|0 fnt\n|faint|p1a: Torkoal\n|\n|-weather|PrimordialSea|[upkeep]\n|upkeep\n|\n|t:|1699282824\n|switch|p1a: Groudon|Groudon-Primal|100\/100\n|-weather|DesolateLand|[from] ability: Desolate Land|[of] p1a: Groudon\n|turn|11\n|\n|t:|1699282835\n|switch|p2a: Maushold|Maushold-Four|31\/100\n|move|p1a: Groudon|Earthquake|p2a: Maushold\n|-damage|p2a: Maushold|0 fnt\n|faint|p2a: Maushold\n|\n|-weather|DesolateLand|[upkeep]\n|upkeep\n|\n|t:|1699282841\n|switch|p2a: Kyogre|Kyogre-Primal|100\/100\n|-weather|PrimordialSea|[from] ability: Primordial Sea|[of] p2a: Kyogre\n|turn|12\n|\n|t:|1699282845\n|switch|p1a: Volcarona|Volcarona, M|100\/100\n|move|p2a: Kyogre|Origin Pulse|p1a: Volcarona\n|-supereffective|p1a: Volcarona\n|-damage|p1a: Volcarona|0 fnt\n|faint|p1a: Volcarona\n|\n|-weather|PrimordialSea|[upkeep]\n|upkeep\n|\n|t:|1699282847\n|switch|p1a: Groudon|Groudon-Primal|100\/100\n|-weather|DesolateLand|[from] ability: Desolate Land|[of] p1a: Groudon\n|turn|13\n|\n|t:|1699282854\n|switch|p2a: Alakazam|Alakazam, F|100\/100\n|move|p1a: Groudon|Earthquake|p2a: Alakazam\n|-damage|p2a: Alakazam|0 fnt\n|faint|p2a: Alakazam\n|\n|-weather|DesolateLand|[upkeep]\n|upkeep\n|\n|t:|1699282862\n|switch|p2a: Kyogre|Kyogre-Primal|100\/100\n|-weather|PrimordialSea|[from] ability: Primordial Sea|[of] p2a: Kyogre\n|turn|14\n|\n|t:|1699282868\n|switch|p1a: Typhlosion|Typhlosion-Hisui, M|100\/100\n|-item|p2a: Kyogre|Blue Orb|[from] ability: Frisk|[of] p1a: Typhlosion|[identify]\n|move|p2a: Kyogre|Origin Pulse|p1a: Typhlosion\n|-supereffective|p1a: Typhlosion\n|-damage|p1a: Typhlosion|0 fnt\n|faint|p1a: Typhlosion\n|\n|-weather|PrimordialSea|[upkeep]\n|upkeep\n|\n|t:|1699282870\n|switch|p1a: Groudon|Groudon-Primal|100\/100\n|-weather|DesolateLand|[from] ability: Desolate Land|[of] p1a: Groudon\n|turn|15\n|\n|t:|1699282878\n|switch|p2a: Chi-Yu|Chi-Yu|100\/100\n|-ability|p2a: Chi-Yu|Beads of Ruin\n|move|p1a: Groudon|Earthquake|p2a: Chi-Yu\n|-supereffective|p2a: Chi-Yu\n|-crit|p2a: Chi-Yu\n|-damage|p2a: Chi-Yu|0 fnt\n|faint|p2a: Chi-Yu\n|\n|-weather|DesolateLand|[upkeep]\n|upkeep\n|\n|t:|1699282882\n|switch|p2a: Kyogre|Kyogre-Primal|100\/100\n|-weather|PrimordialSea|[from] ability: Primordial Sea|[of] p2a: Kyogre\n|turn|16\n|\n|t:|1699282889\n|move|p2a: Kyogre|Origin Pulse|p1a: Groudon|[miss]\n|-miss|p2a: Kyogre|p1a: Groudon\n|move|p1a: Groudon|Earthquake|p2a: Kyogre\n|-damage|p2a: Kyogre|20\/100\n|\n|-weather|PrimordialSea|[upkeep]\n|upkeep\n|turn|17\n|\n|t:|1699282895\n|move|p2a: Kyogre|Origin Pulse|p1a: Groudon|[miss]\n|-miss|p2a: Kyogre|p1a: Groudon\n|move|p1a: Groudon|Earthquake|p2a: Kyogre\n|-damage|p2a: Kyogre|0 fnt\n|faint|p2a: Kyogre\n|-weather|none\n|\n|win|Denimas\n|raw|Denimas's rating: 1277 &rarr; <strong>1309<\/strong><br \/>(+32 for winning)\n|raw|Manuel_hdz15's rating: 1380 &rarr; <strong>1354<\/strong><br \/>(-26 for losing)\n|c|\u2606Denimas|lol\n|l|\u2606Manuel_hdz15\n","uploadtime":1699282904,"views":5,"p1id":"denimas","p2id":"manuelhdz15","formatid":"gen9nationaldexubers","rating":1309,"private":0,"password":""}