{"id":"gen9nationaldexubers-1993334913","p1":"Jothis","p2":"RosariaOppai","format":"[Gen 9] National Dex Ubers","log":"|j|\u2606Jothis\n|j|\u2606RosariaOppai\n|t:|1700300666\n|gametype|singles\n|player|p1|Jothis|palmer|1349\n|player|p2|RosariaOppai|170|1303\n|teamsize|p1|6\n|teamsize|p2|6\n|gen|9\n|tier|[Gen 9] National Dex Ubers\n|rated|\n|rule|HP Percentage Mod: HP is shown in percentages\n|rule|Endless Battle Clause: Forcing endless battles is banned\n|rule|OHKO Clause: OHKO moves are banned\n|rule|Evasion Moves Clause: Evasion moves are banned\n|rule|Evasion Items Clause: Evasion items are banned\n|rule|Species Clause: Limit one of each Pok\u00e9mon\n|rule|Sleep Clause Mod: Limit one foe put to sleep\n|rule|Mega Rayquaza Clause: You cannot mega evolve Rayquaza\n|clearpoke\n|poke|p1|Chi-Yu|\n|poke|p1|Ursaluna-Bloodmoon, M|\n|poke|p1|Chien-Pao|\n|poke|p1|Ogerpon-Hearthflame, F|\n|poke|p1|Gardevoir, F|\n|poke|p1|Garchomp, F|\n|poke|p2|Dracovish|\n|poke|p2|Glimmora, M|\n|poke|p2|Ferrothorn, M|\n|poke|p2|Alakazam, F|\n|poke|p2|Garchomp, M|\n|poke|p2|Infernape, M|\n|teampreview\n|inactive|Battle timer is ON: inactive players will automatically lose when time's up. (requested by Jothis)\n|\n|t:|1700300683\n|start\n|switch|p1a: Garchomp|Garchomp, F|100\/100\n|switch|p2a: Glimmora|Glimmora, M|100\/100\n|turn|1\n|\n|t:|1700300705\n|switch|p1a: Gardevoir|Gardevoir, F|100\/100\n|move|p2a: Glimmora|Earth Power|p1a: Gardevoir\n|-damage|p1a: Gardevoir|73\/100\n|\n|upkeep\n|turn|2\n|\n|t:|1700300711\n|move|p2a: Glimmora|Sludge Bomb|p1a: Gardevoir\n|-supereffective|p1a: Gardevoir\n|-damage|p1a: Gardevoir|0 fnt\n|faint|p1a: Gardevoir\n|\n|upkeep\n|\n|t:|1700300715\n|switch|p1a: Ursaluna|Ursaluna-Bloodmoon, M|100\/100\n|turn|3\n|\n|t:|1700300725\n|move|p2a: Glimmora|Earth Power|p1a: Ursaluna\n|-damage|p1a: Ursaluna|77\/100\n|move|p1a: Ursaluna|Earth Power|p2a: Glimmora\n|-supereffective|p2a: Glimmora\n|-enditem|p2a: Glimmora|Focus Sash\n|-damage|p2a: Glimmora|1\/100\n|\n|upkeep\n|turn|4\n|\n|t:|1700300734\n|move|p1a: Ursaluna|Vacuum Wave|p2a: Glimmora\n|-damage|p2a: Glimmora|0 fnt\n|faint|p2a: Glimmora\n|\n|upkeep\n|\n|t:|1700300738\n|switch|p2a: Ferrothorn|Ferrothorn, M|100\/100\n|turn|5\n|\n|t:|1700300743\n|move|p1a: Ursaluna|Vacuum Wave|p2a: Ferrothorn\n|-supereffective|p2a: Ferrothorn\n|-damage|p2a: Ferrothorn|73\/100\n|move|p2a: Ferrothorn|Leech Seed|p1a: Ursaluna\n|-start|p1a: Ursaluna|move: Leech Seed\n|\n|-heal|p2a: Ferrothorn|79\/100|[from] item: Leftovers\n|-damage|p1a: Ursaluna|64\/100|[from] Leech Seed|[of] p2a: Ferrothorn\n|-heal|p2a: Ferrothorn|94\/100|[silent]\n|upkeep\n|turn|6\n|\n|t:|1700300752\n|switch|p1a: Ogerpon|Ogerpon-Hearthflame, F|100\/100\n|-ability|p1a: Ogerpon|Mold Breaker\n|move|p2a: Ferrothorn|Stealth Rock|p1a: Ogerpon\n|-sidestart|p1: Jothis|move: Stealth Rock\n|\n|-heal|p2a: Ferrothorn|99\/100|[from] item: Leftovers\n|upkeep\n|turn|7\n|\n|t:|1700300764\n|switch|p2a: Infernape|Infernape, M|100\/100\n|-terastallize|p1a: Ogerpon|Fire\n|detailschange|p1a: Ogerpon|Ogerpon-Hearthflame-Tera, F, tera:Fire\n|-ability|p1a: Ogerpon|Embody Aspect (Hearthflame)|boost\n|-boost|p1a: Ogerpon|atk|1\n|move|p1a: Ogerpon|Ivy Cudgel|p2a: Infernape|[anim] Ivy Cudgel Fire\n|-resisted|p2a: Infernape\n|-damage|p2a: Infernape|6\/100\n|\n|upkeep\n|turn|8\n|\n|t:|1700300769\n|move|p1a: Ogerpon|Trailblaze|p2a: Infernape\n|-resisted|p2a: Infernape\n|-damage|p2a: Infernape|0 fnt\n|-boost|p1a: Ogerpon|spe|1\n|faint|p2a: Infernape\n|\n|upkeep\n|\n|t:|1700300775\n|switch|p2a: Garchomp|Garchomp, M|100\/100\n|turn|9\n|\n|t:|1700300779\n|move|p1a: Ogerpon|Wood Hammer|p2a: Garchomp\n|-damage|p2a: Garchomp|0 fnt\n|-damage|p1a: Ogerpon|88\/100|[from] ability: Rough Skin|[of] p2a: Garchomp\n|-damage|p1a: Ogerpon|72\/100|[from] item: Rocky Helmet|[of] p2a: Garchomp\n|faint|p2a: Garchomp\n|-damage|p1a: Ogerpon|32\/100|[from] Recoil\n|\n|upkeep\n|\n|t:|1700300789\n|switch|p2a: Alakazam|Alakazam, F|100\/100\n|turn|10\n|\n|t:|1700300793\n|detailschange|p2a: Alakazam|Alakazam-Mega, F\n|-mega|p2a: Alakazam|Alakazam|Alakazite\n|-ability|p2a: Alakazam|Embody Aspect (Hearthflame)|[from] ability: Trace|[of] p1a: Ogerpon\n|move|p1a: Ogerpon|Ivy Cudgel|p2a: Alakazam|[anim] Ivy Cudgel Fire\n|-damage|p2a: Alakazam|0 fnt\n|faint|p2a: Alakazam\n|\n|upkeep\n|\n|t:|1700300796\n|switch|p2a: Dracovish|Dracovish|100\/100\n|turn|11\n|\n|t:|1700300802\n|move|p1a: Ogerpon|Wood Hammer|p2a: Dracovish\n|-damage|p2a: Dracovish|0 fnt\n|faint|p2a: Dracovish\n|-damage|p1a: Ogerpon|0 fnt|[from] Recoil\n|faint|p1a: Ogerpon\n|\n|upkeep\n|\n|t:|1700300808\n|switch|p1a: Chi-Yu|Chi-Yu|100\/100\n|switch|p2a: Ferrothorn|Ferrothorn, M|99\/100\n|-damage|p1a: Chi-Yu|76\/100|[from] Stealth Rock\n|-ability|p1a: Chi-Yu|Beads of Ruin\n|turn|12\n|\n|t:|1700300813\n|move|p1a: Chi-Yu|Flamethrower|p2a: Ferrothorn\n|-supereffective|p2a: Ferrothorn\n|-damage|p2a: Ferrothorn|0 fnt\n|faint|p2a: Ferrothorn\n|\n|win|Jothis\n|raw|Jothis's rating: 1349 &rarr; <strong>1366<\/strong><br \/>(+17 for winning)\n|raw|RosariaOppai's rating: 1303 &rarr; <strong>1286<\/strong><br \/>(-17 for losing)\n|l|\u2606RosariaOppai\n","uploadtime":1700300825,"views":7,"p1id":"jothis","p2id":"rosariaoppai","formatid":"gen9nationaldexubers","rating":1286,"private":0,"password":""}