{"id":"gen9nationaldexubers-1989688221","p1":"nfyhsueryfgius","p2":"C0ld as Ice","format":"[Gen 9] National Dex Ubers","log":"|j|\u203dnfyhsueryfgius\n|j|\u2606C0ld as Ice\n|t:|1699886984\n|gametype|singles\n|player|p1|nfyhsueryfgius|ghetsis|1781\n|player|p2|C0ld as Ice|schoolkid-gen4dp|1885\n|teamsize|p1|6\n|teamsize|p2|6\n|gen|9\n|tier|[Gen 9] National Dex Ubers\n|rated|\n|rule|HP Percentage Mod: HP is shown in percentages\n|rule|Endless Battle Clause: Forcing endless battles is banned\n|rule|OHKO Clause: OHKO moves are banned\n|rule|Evasion Moves Clause: Evasion moves are banned\n|rule|Evasion Items Clause: Evasion items are banned\n|rule|Species Clause: Limit one of each Pok\u00e9mon\n|rule|Sleep Clause Mod: Limit one foe put to sleep\n|rule|Mega Rayquaza Clause: You cannot mega evolve Rayquaza\n|clearpoke\n|poke|p1|Necrozma-Dusk-Mane|\n|poke|p1|Groudon|\n|poke|p1|Arceus-Ground|\n|poke|p1|Ho-Oh|\n|poke|p1|Yveltal|\n|poke|p1|Marshadow|\n|poke|p2|Arceus-Water|\n|poke|p2|Necrozma-Dusk-Mane|\n|poke|p2|Zygarde|\n|poke|p2|Groudon, L99|\n|poke|p2|Marshadow|\n|poke|p2|Yveltal|\n|teampreview\n|inactive|Battle timer is ON: inactive players will automatically lose when time's up. (requested by C0ld as Ice)\n|inactive|C0ld as Ice has 120 seconds left.\n|\n|t:|1699887019\n|start\n|switch|p1a: Groudon|Groudon|100\/100\n|switch|p2a: Arceus|Arceus-Water, shiny|100\/100\n|detailschange|p1a: Groudon|Groudon-Primal\n|-primal|p1a: Groudon|Red Orb\n|-weather|DesolateLand|[from] ability: Desolate Land|[of] p1a: Groudon\n|turn|1\n|\n|t:|1699887029\n|-weather|none\n|switch|p1a: Necrozma|Necrozma-Dusk-Mane|100\/100\n|move|p2a: Arceus|Taunt|p1a: Necrozma\n|-start|p1a: Necrozma|move: Taunt\n|\n|upkeep\n|turn|2\n|\n|t:|1699887035\n|switch|p2a: Yveltal|Yveltal, shiny|100\/100\n|-ability|p2a: Yveltal|Dark Aura\n|switch|p1a: Yveltal|Yveltal|100\/100\n|-ability|p1a: Yveltal|Dark Aura\n|\n|upkeep\n|turn|3\n|inactive|C0ld as Ice has 120 seconds left.\n|\n|t:|1699887069\n|switch|p2a: Arceus|Arceus-Water, shiny|100\/100\n|move|p1a: Yveltal|Knock Off|p2a: Arceus\n|-damage|p2a: Arceus|70\/100\n|-damage|p1a: Yveltal|91\/100|[from] item: Life Orb\n|\n|upkeep\n|turn|4\n|\n|t:|1699887081\n|move|p2a: Arceus|Toxic|p1a: Yveltal\n|-status|p1a: Yveltal|tox\n|move|p1a: Yveltal|Dark Pulse|p2a: Arceus\n|-damage|p2a: Arceus|11\/100\n|-damage|p1a: Yveltal|81\/100 tox|[from] item: Life Orb\n|\n|-damage|p1a: Yveltal|75\/100 tox|[from] psn\n|upkeep\n|turn|5\n|\n|t:|1699887089\n|move|p2a: Arceus|Recover|p2a: Arceus\n|-heal|p2a: Arceus|61\/100\n|move|p1a: Yveltal|Dark Pulse|p2a: Arceus\n|-damage|p2a: Arceus|6\/100\n|-damage|p1a: Yveltal|65\/100 tox|[from] item: Life Orb\n|\n|-damage|p1a: Yveltal|52\/100 tox|[from] psn\n|upkeep\n|turn|6\n|\n|t:|1699887093\n|move|p2a: Arceus|Recover|p2a: Arceus\n|-heal|p2a: Arceus|56\/100\n|move|p1a: Yveltal|Dark Pulse|p2a: Arceus\n|-damage|p2a: Arceus|0 fnt\n|faint|p2a: Arceus\n|-damage|p1a: Yveltal|42\/100 tox|[from] item: Life Orb\n|\n|-damage|p1a: Yveltal|24\/100 tox|[from] psn\n|upkeep\n|\n|t:|1699887098\n|switch|p2a: Marshadow|Marshadow|100\/100\n|turn|7\n|\n|t:|1699887104\n|move|p1a: Yveltal|Sucker Punch|p2a: Marshadow\n|-damage|p2a: Marshadow|39\/100\n|-damage|p1a: Yveltal|14\/100 tox|[from] item: Life Orb\n|move|p2a: Marshadow|Poltergeist|p1a: Yveltal\n|-activate|p1a: Yveltal|move: Poltergeist|Life Orb\n|-resisted|p1a: Yveltal\n|-damage|p1a: Yveltal|0 fnt\n|faint|p1a: Yveltal\n|\n|upkeep\n|\n|t:|1699887113\n|switch|p1a: Marshadow|Marshadow|100\/100\n|turn|8\n|\n|t:|1699887123\n|switch|p2a: Groudon|Groudon, L99, shiny|100\/100\n|detailschange|p2a: Groudon|Groudon-Primal, L99, shiny\n|-primal|p2a: Groudon|Red Orb\n|-weather|DesolateLand|[from] ability: Desolate Land|[of] p2a: Groudon\n|move|p1a: Marshadow|Shadow Sneak|p2a: Groudon\n|-damage|p2a: Groudon|81\/100\n|-damage|p1a: Marshadow|91\/100|[from] item: Life Orb\n|\n|-weather|DesolateLand|[upkeep]\n|upkeep\n|turn|9\n|\n|t:|1699887128\n|switch|p1a: Arceus|Arceus-Ground|100\/100\n|move|p2a: Groudon|Overheat|p1a: Arceus|[miss]\n|-miss|p2a: Groudon|p1a: Arceus\n|\n|-weather|DesolateLand|[upkeep]\n|upkeep\n|turn|10\n|\n|t:|1699887132\n|-weather|none\n|switch|p2a: Yveltal|Yveltal, shiny|100\/100\n|-ability|p2a: Yveltal|Dark Aura\n|move|p1a: Arceus|Judgment|p2a: Yveltal\n|-immune|p2a: Yveltal\n|\n|upkeep\n|turn|11\n|\n|t:|1699887137\n|switch|p1a: Ho-Oh|Ho-Oh|100\/100\n|move|p2a: Yveltal|U-turn|p1a: Ho-Oh\n|-resisted|p1a: Ho-Oh\n|-damage|p1a: Ho-Oh|97\/100\n|\n|t:|1699887142\n|switch|p2a: Zygarde|Zygarde|100\/100|[from] U-turn\n|\n|upkeep\n|turn|12\n|\n|t:|1699887146\n|move|p2a: Zygarde|Glare|p1a: Ho-Oh\n|-status|p1a: Ho-Oh|par\n|move|p1a: Ho-Oh|Toxic|p2a: Zygarde\n|-status|p2a: Zygarde|tox\n|\n|-damage|p2a: Zygarde|94\/100 tox|[from] psn\n|upkeep\n|turn|13\n|\n|t:|1699887166\n|move|p2a: Zygarde|Glare|p1a: Ho-Oh\n|-fail|p1a: Ho-Oh|par\n|move|p1a: Ho-Oh|Whirlwind|p2a: Zygarde\n|drag|p2a: Marshadow|Marshadow|39\/100\n|\n|upkeep\n|turn|14\n|\n|t:|1699887175\n|switch|p2a: Zygarde|Zygarde|94\/100 tox\n|cant|p1a: Ho-Oh|par\n|\n|-heal|p2a: Zygarde|100\/100 tox|[from] item: Leftovers\n|-damage|p2a: Zygarde|94\/100 tox|[from] psn\n|upkeep\n|turn|15\n|\n|t:|1699887179\n|switch|p1a: Arceus|Arceus-Ground|100\/100\n|move|p2a: Zygarde|Glare|p1a: Arceus\n|-status|p1a: Arceus|par\n|\n|-heal|p2a: Zygarde|100\/100 tox|[from] item: Leftovers\n|-damage|p2a: Zygarde|88\/100 tox|[from] psn\n|upkeep\n|turn|16\n|\n|t:|1699887184\n|switch|p2a: Yveltal|Yveltal, shiny|100\/100\n|-ability|p2a: Yveltal|Dark Aura\n|move|p1a: Arceus|Ice Beam|p2a: Yveltal\n|-supereffective|p2a: Yveltal\n|-damage|p2a: Yveltal|68\/100\n|\n|upkeep\n|turn|17\n|\n|t:|1699887205\n|switch|p1a: Ho-Oh|Ho-Oh|100\/100 par\n|move|p2a: Yveltal|Roost|p2a: Yveltal\n|-heal|p2a: Yveltal|100\/100\n|-singleturn|p2a: Yveltal|move: Roost\n|\n|upkeep\n|turn|18\n|\n|t:|1699887218\n|move|p2a: Yveltal|U-turn|p1a: Ho-Oh\n|-resisted|p1a: Ho-Oh\n|-damage|p1a: Ho-Oh|97\/100 par\n|inactive|C0ld as Ice has 120 seconds left.\n|\n|t:|1699887246\n|switch|p2a: Zygarde|Zygarde|88\/100 tox|[from] U-turn\n|move|p1a: Ho-Oh|Sacred Fire|p2a: Zygarde\n|-resisted|p2a: Zygarde\n|-damage|p2a: Zygarde|76\/100 tox\n|\n|-heal|p2a: Zygarde|82\/100 tox|[from] item: Leftovers\n|-damage|p2a: Zygarde|76\/100 tox|[from] psn\n|upkeep\n|turn|19\n|\n|t:|1699887252\n|switch|p1a: Arceus|Arceus-Ground|100\/100 par\n|move|p2a: Zygarde|Thousand Arrows|p1a: Arceus\n|-damage|p1a: Arceus|83\/100 par\n|\n|-heal|p2a: Zygarde|82\/100 tox|[from] item: Leftovers\n|-damage|p2a: Zygarde|70\/100 tox|[from] psn\n|upkeep\n|turn|20\n|\n|t:|1699887259\n|switch|p2a: Yveltal|Yveltal, shiny|100\/100\n|-ability|p2a: Yveltal|Dark Aura\n|switch|p1a: Groudon|Groudon-Primal|100\/100\n|-weather|DesolateLand|[from] ability: Desolate Land|[of] p1a: Groudon\n|\n|-weather|DesolateLand|[upkeep]\n|upkeep\n|turn|21\n|\n|t:|1699887264\n|move|p1a: Groudon|Eruption|p2a: Yveltal\n|-damage|p2a: Yveltal|17\/100\n|move|p2a: Yveltal|Foul Play|p1a: Groudon\n|-damage|p1a: Groudon|43\/100\n|\n|-weather|DesolateLand|[upkeep]\n|upkeep\n|turn|22\n|\n|t:|1699887271\n|switch|p2a: Zygarde|Zygarde|70\/100 tox\n|move|p1a: Groudon|Stone Edge|p2a: Zygarde\n|-resisted|p2a: Zygarde\n|-damage|p2a: Zygarde|60\/100 tox\n|\n|-weather|DesolateLand|[upkeep]\n|-heal|p2a: Zygarde|66\/100 tox|[from] item: Leftovers\n|-damage|p2a: Zygarde|60\/100 tox|[from] psn\n|upkeep\n|turn|23\n|\n|t:|1699887277\n|move|p1a: Groudon|Precipice Blades|p2a: Zygarde\n|-damage|p2a: Zygarde|24\/100 tox\n|move|p2a: Zygarde|Glare|p1a: Groudon\n|-status|p1a: Groudon|par\n|\n|-weather|DesolateLand|[upkeep]\n|-heal|p2a: Zygarde|30\/100 tox|[from] item: Leftovers\n|-damage|p2a: Zygarde|18\/100 tox|[from] psn\n|-activate|p2a: Zygarde|ability: Power Construct\n|detailschange|p2a: Zygarde|Zygarde-Complete\n|-heal|p2a: Zygarde|46\/100 tox|[silent]\n|upkeep\n|turn|24\n|\n|t:|1699887286\n|move|p2a: Zygarde|Rest|p2a: Zygarde\n|-status|p2a: Zygarde|slp|[from] move: Rest\n|-heal|p2a: Zygarde|100\/100 slp|[silent]\n|move|p1a: Groudon|Swords Dance|p1a: Groudon\n|-boost|p1a: Groudon|atk|2\n|\n|-weather|DesolateLand|[upkeep]\n|upkeep\n|turn|25\n|\n|t:|1699887299\n|switch|p2a: Yveltal|Yveltal, shiny|17\/100\n|-ability|p2a: Yveltal|Dark Aura\n|move|p1a: Groudon|Stone Edge|p2a: Yveltal|[miss]\n|-miss|p1a: Groudon|p2a: Yveltal\n|\n|-weather|DesolateLand|[upkeep]\n|upkeep\n|turn|26\n|\n|t:|1699887306\n|move|p2a: Yveltal|Foul Play|p1a: Groudon\n|-damage|p1a: Groudon|0 fnt\n|faint|p1a: Groudon\n|-weather|none\n|\n|upkeep\n|\n|t:|1699887310\n|switch|p1a: Marshadow|Marshadow|91\/100\n|turn|27\n|\n|t:|1699887315\n|move|p1a: Marshadow|Low Kick|p2a: Yveltal\n|-damage|p2a: Yveltal|0 fnt\n|faint|p2a: Yveltal\n|-damage|p1a: Marshadow|81\/100|[from] item: Life Orb\n|\n|upkeep\n|\n|t:|1699887319\n|switch|p2a: Groudon|Groudon-Primal, L99, shiny|81\/100\n|-weather|DesolateLand|[from] ability: Desolate Land|[of] p2a: Groudon\n|turn|28\n|\n|t:|1699887322\n|switch|p1a: Arceus|Arceus-Ground|83\/100 par\n|move|p2a: Groudon|Overheat|p1a: Arceus\n|-crit|p1a: Arceus\n|-damage|p1a: Arceus|0 fnt\n|-unboost|p2a: Groudon|spa|2\n|faint|p1a: Arceus\n|\n|-weather|DesolateLand|[upkeep]\n|upkeep\n|\n|t:|1699887328\n|switch|p1a: Necrozma|Necrozma-Dusk-Mane|100\/100\n|turn|29\n|\n|t:|1699887336\n|-zpower|p1a: Necrozma\n|move|p1a: Necrozma|Searing Sunraze Smash|p2a: Groudon|[zeffect]\n|-resisted|p2a: Groudon\n|-damage|p2a: Groudon|53\/100\n|move|p2a: Groudon|Precipice Blades|p1a: Necrozma\n|-supereffective|p1a: Necrozma\n|-damage|p1a: Necrozma|38\/100\n|\n|-weather|DesolateLand|[upkeep]\n|upkeep\n|turn|30\n|\n|t:|1699887344\n|move|p1a: Necrozma|Sunsteel Strike|p2a: Groudon\n|-resisted|p2a: Groudon\n|-damage|p2a: Groudon|39\/100\n|move|p2a: Groudon|Overheat|p1a: Necrozma\n|-supereffective|p1a: Necrozma\n|-damage|p1a: Necrozma|0 fnt\n|-unboost|p2a: Groudon|spa|2\n|faint|p1a: Necrozma\n|\n|-weather|DesolateLand|[upkeep]\n|upkeep\n|\n|t:|1699887348\n|switch|p1a: Marshadow|Marshadow|81\/100\n|turn|31\n|\n|t:|1699887352\n|move|p1a: Marshadow|Low Kick|p2a: Groudon\n|-damage|p2a: Groudon|0 fnt\n|faint|p2a: Groudon\n|-weather|none\n|-damage|p1a: Marshadow|71\/100|[from] item: Life Orb\n|\n|upkeep\n|\n|t:|1699887362\n|switch|p2a: Necrozma|Necrozma-Dusk-Mane, shiny|100\/100\n|turn|32\n|\n|t:|1699887368\n|switch|p1a: Ho-Oh|Ho-Oh|100\/100 par\n|-zpower|p2a: Necrozma\n|move|p2a: Necrozma|Searing Sunraze Smash|p1a: Ho-Oh|[zeffect]\n|-resisted|p1a: Ho-Oh\n|-damage|p1a: Ho-Oh|67\/100 par\n|\n|upkeep\n|turn|33\n|\n|t:|1699887372\n|switch|p2a: Zygarde|Zygarde-Complete|100\/100 slp\n|move|p1a: Ho-Oh|Sacred Fire|p2a: Zygarde\n|-resisted|p2a: Zygarde\n|-damage|p2a: Zygarde|93\/100 slp\n|\n|-heal|p2a: Zygarde|99\/100 slp|[from] item: Leftovers\n|upkeep\n|turn|34\n|\n|t:|1699887376\n|switch|p1a: Marshadow|Marshadow|71\/100\n|cant|p2a: Zygarde|slp\n|\n|-heal|p2a: Zygarde|100\/100 slp|[from] item: Leftovers\n|upkeep\n|turn|35\n|\n|t:|1699887379\n|move|p1a: Marshadow|Bulk Up|p1a: Marshadow\n|-boost|p1a: Marshadow|atk|1\n|-boost|p1a: Marshadow|def|1\n|cant|p2a: Zygarde|slp\n|\n|upkeep\n|turn|36\n|\n|t:|1699887387\n|move|p1a: Marshadow|Low Kick|p2a: Zygarde\n|-damage|p2a: Zygarde|60\/100 slp\n|-damage|p1a: Marshadow|61\/100|[from] item: Life Orb\n|-curestatus|p2a: Zygarde|slp|[msg]\n|move|p2a: Zygarde|Glare|p1a: Marshadow\n|-status|p1a: Marshadow|par\n|\n|-heal|p2a: Zygarde|67\/100|[from] item: Leftovers\n|upkeep\n|turn|37\n|\n|t:|1699887391\n|move|p2a: Zygarde|Haze|p2a: Zygarde\n|-clearallboost\n|move|p1a: Marshadow|Bulk Up|p1a: Marshadow\n|-boost|p1a: Marshadow|atk|1\n|-boost|p1a: Marshadow|def|1\n|\n|-heal|p2a: Zygarde|73\/100|[from] item: Leftovers\n|upkeep\n|turn|38\n|\n|t:|1699887396\n|move|p2a: Zygarde|Haze|p2a: Zygarde\n|-clearallboost\n|move|p1a: Marshadow|Low Kick|p2a: Zygarde\n|-damage|p2a: Zygarde|43\/100\n|-damage|p1a: Marshadow|51\/100 par|[from] item: Life Orb\n|\n|-heal|p2a: Zygarde|49\/100|[from] item: Leftovers\n|upkeep\n|turn|39\n|\n|t:|1699887399\n|switch|p1a: Ho-Oh|Ho-Oh|99\/100 par\n|move|p2a: Zygarde|Thousand Arrows|p1a: Ho-Oh\n|-damage|p1a: Ho-Oh|80\/100 par\n|-start|p1a: Ho-Oh|Smack Down\n|\n|-heal|p2a: Zygarde|56\/100|[from] item: Leftovers\n|upkeep\n|turn|40\n|\n|t:|1699887404\n|move|p2a: Zygarde|Thousand Arrows|p1a: Ho-Oh\n|-supereffective|p1a: Ho-Oh\n|-damage|p1a: Ho-Oh|35\/100 par\n|move|p1a: Ho-Oh|Toxic|p2a: Zygarde\n|-status|p2a: Zygarde|tox\n|\n|-heal|p2a: Zygarde|62\/100 tox|[from] item: Leftovers\n|-damage|p2a: Zygarde|56\/100 tox|[from] psn\n|upkeep\n|turn|41\n|-message|nfyhsueryfgius forfeited.\n|\n|win|C0ld as Ice\n|raw|nfyhsueryfgius's rating: 1781 &rarr; <strong>1767<\/strong><br \/>(-14 for losing)\n|raw|C0ld as Ice's rating: 1893 &rarr; <strong>1907<\/strong><br \/>(+14 for winning)\n|l|\u203dnfyhsueryfgius\n","uploadtime":1699887473,"views":4,"p1id":"nfyhsueryfgius","p2id":"c0ldasice","formatid":"gen9nationaldexubers","rating":1767,"private":0,"password":""}