{"id":"gen9nationaldexubers-1981335659","p1":"Craalize","p2":"Dashu16","format":"[Gen 9] National Dex Ubers","log":"|j|\u2606Craalize\n|j|\u2606Dashu16\n|t:|1698884870\n|gametype|singles\n|player|p1|Craalize|1|1287\n|player|p2|Dashu16|red|1369\n|teamsize|p1|6\n|teamsize|p2|6\n|gen|9\n|tier|[Gen 9] National Dex Ubers\n|rated|\n|rule|HP Percentage Mod: HP is shown in percentages\n|rule|Endless Battle Clause: Forcing endless battles is banned\n|rule|OHKO Clause: OHKO moves are banned\n|rule|Evasion Moves Clause: Evasion moves are banned\n|rule|Evasion Items Clause: Evasion items are banned\n|rule|Species Clause: Limit one of each Pok\u00e9mon\n|rule|Sleep Clause Mod: Limit one foe put to sleep\n|rule|Mega Rayquaza Clause: You cannot mega evolve Rayquaza\n|clearpoke\n|poke|p1|Alakazam, F|\n|poke|p1|Chien-Pao|\n|poke|p1|Arceus|\n|poke|p1|Groudon|\n|poke|p1|Necrozma-Dusk-Mane|\n|poke|p1|Kyogre|\n|poke|p2|Xerneas-*|\n|poke|p2|Zygarde|\n|poke|p2|Arceus-Electric|\n|poke|p2|Necrozma-Dusk-Mane|\n|poke|p2|Ditto|\n|poke|p2|Marshadow|\n|teampreview\n|\n|t:|1698884893\n|start\n|switch|p1a: Chien-Pao|Chien-Pao|100\/100\n|switch|p2a: Mandem|Xerneas, shiny|100\/100\n|-ability|p1a: Chien-Pao|Sword of Ruin\n|-ability|p2a: Mandem|Fairy Aura\n|turn|1\n|\n|t:|1698884901\n|move|p1a: Chien-Pao|Icicle Crash|p2a: Mandem\n|-damage|p2a: Mandem|41\/100\n|cant|p2a: Mandem|flinch\n|\n|upkeep\n|turn|2\n|\n|t:|1698884919\n|switch|p2a: Ser\u00e9 sincero Baki|Ditto|100\/100\n|-transform|p2a: Ser\u00e9 sincero Baki|p1a: Chien-Pao|[from] ability: Imposter\n|-ability|p2a: Ser\u00e9 sincero Baki|Sword of Ruin\n|move|p1a: Chien-Pao|Icicle Crash|p2a: Ser\u00e9 sincero Baki\n|-resisted|p2a: Ser\u00e9 sincero Baki\n|-damage|p2a: Ser\u00e9 sincero Baki|67\/100\n|\n|upkeep\n|turn|3\n|\n|t:|1698884943\n|switch|p1a: Groudon|Groudon|100\/100\n|detailschange|p1a: Groudon|Groudon-Primal\n|-primal|p1a: Groudon|Red Orb\n|-weather|DesolateLand|[from] ability: Desolate Land|[of] p1a: Groudon\n|move|p2a: Ser\u00e9 sincero Baki|Sacred Sword|p1a: Groudon\n|-damage|p1a: Groudon|80\/100\n|\n|-weather|DesolateLand|[upkeep]\n|upkeep\n|turn|4\n|\n|t:|1698884955\n|switch|p2a: DRILLINZ|Necrozma-Dusk-Mane, shiny|100\/100\n|move|p1a: Groudon|Precipice Blades|p2a: DRILLINZ\n|-supereffective|p2a: DRILLINZ\n|-damage|p2a: DRILLINZ|1\/100\n|\n|-weather|DesolateLand|[upkeep]\n|upkeep\n|turn|5\n|\n|t:|1698884967\n|detailschange|p2a: DRILLINZ|Necrozma-Ultra, shiny\n|-burst|p2a: DRILLINZ|Necrozma|Ultranecrozium Z\n|move|p2a: DRILLINZ|Earthquake|p1a: Groudon\n|-supereffective|p1a: Groudon\n|-damage|p1a: Groudon|33\/100\n|move|p1a: Groudon|Precipice Blades|p2a: DRILLINZ\n|-damage|p2a: DRILLINZ|0 fnt\n|faint|p2a: DRILLINZ\n|\n|-weather|DesolateLand|[upkeep]\n|upkeep\n|\n|t:|1698884983\n|switch|p2a: Dios|Arceus-Electric, shiny|100\/100\n|turn|6\n|\n|t:|1698884994\n|switch|p2a: Zygarde|Zygarde|100\/100\n|move|p1a: Groudon|Precipice Blades|p2a: Zygarde\n|-damage|p2a: Zygarde|63\/100\n|\n|-weather|DesolateLand|[upkeep]\n|-heal|p2a: Zygarde|70\/100|[from] item: Leftovers\n|upkeep\n|turn|7\n|\n|t:|1698885011\n|-weather|none\n|switch|p1a: Kyogre|Kyogre|100\/100\n|detailschange|p1a: Kyogre|Kyogre-Primal\n|-primal|p1a: Kyogre|Blue Orb\n|-weather|PrimordialSea|[from] ability: Primordial Sea|[of] p1a: Kyogre\n|move|p2a: Zygarde|Coil|p2a: Zygarde\n|-boost|p2a: Zygarde|atk|1\n|-boost|p2a: Zygarde|def|1\n|-boost|p2a: Zygarde|accuracy|1\n|\n|-weather|PrimordialSea|[upkeep]\n|-heal|p2a: Zygarde|76\/100|[from] item: Leftovers\n|upkeep\n|turn|8\n|\n|t:|1698885038\n|-terastallize|p2a: Zygarde|Fairy\n|move|p1a: Kyogre|Origin Pulse|p2a: Zygarde\n|-damage|p2a: Zygarde|0 fnt\n|faint|p2a: Zygarde\n|\n|-weather|PrimordialSea|[upkeep]\n|upkeep\n|\n|t:|1698885045\n|switch|p2a: Dios|Arceus-Electric, shiny|100\/100\n|turn|9\n|\n|t:|1698885054\n|-weather|none\n|switch|p1a: Groudon|Groudon-Primal|33\/100\n|-weather|DesolateLand|[from] ability: Desolate Land|[of] p1a: Groudon\n|move|p2a: Dios|Judgment|p1a: Groudon\n|-damage|p1a: Groudon|7\/100\n|\n|-weather|DesolateLand|[upkeep]\n|upkeep\n|turn|10\n|\n|t:|1698885064\n|move|p2a: Dios|Judgment|p1a: Groudon\n|-damage|p1a: Groudon|0 fnt\n|faint|p1a: Groudon\n|-weather|none\n|\n|upkeep\n|inactive|Battle timer is ON: inactive players will automatically lose when time's up. (requested by Dashu16)\n|\n|t:|1698885095\n|switch|p1a: Alakazam|Alakazam, F|100\/100\n|turn|11\n|\n|t:|1698885100\n|detailschange|p1a: Alakazam|Alakazam-Mega, F\n|-mega|p1a: Alakazam|Alakazam|Alakazite\n|move|p1a: Alakazam|Psychic|p2a: Dios\n|-damage|p2a: Dios|65\/100\n|move|p2a: Dios|Swords Dance|p2a: Dios\n|-boost|p2a: Dios|atk|2\n|\n|upkeep\n|turn|12\n|\n|t:|1698885108\n|move|p1a: Alakazam|Psychic|p2a: Dios\n|-crit|p2a: Dios\n|-damage|p2a: Dios|12\/100\n|move|p2a: Dios|Recover|p2a: Dios\n|-heal|p2a: Dios|62\/100\n|\n|upkeep\n|turn|13\n|\n|t:|1698885116\n|switch|p1a: Necrozma|Necrozma-Dusk-Mane|100\/100\n|move|p2a: Dios|Recover|p2a: Dios\n|-heal|p2a: Dios|100\/100\n|\n|upkeep\n|turn|14\n|\n|t:|1698885128\n|move|p2a: Dios|Swords Dance|p2a: Dios\n|-boost|p2a: Dios|atk|2\n|move|p1a: Necrozma|Earthquake|p2a: Dios\n|-supereffective|p2a: Dios\n|-damage|p2a: Dios|55\/100\n|\n|upkeep\n|turn|15\n|\n|t:|1698885137\n|move|p2a: Dios|Judgment|p1a: Necrozma\n|-resisted|p1a: Necrozma\n|-damage|p1a: Necrozma|88\/100\n|move|p1a: Necrozma|Earthquake|p2a: Dios\n|-supereffective|p2a: Dios\n|-crit|p2a: Dios\n|-damage|p2a: Dios|0 fnt\n|faint|p2a: Dios\n|\n|upkeep\n|c|\u2606Craalize|rip\n|\n|t:|1698885146\n|switch|p2a: Ser\u00e9 sincero Baki|Ditto|67\/100\n|-transform|p2a: Ser\u00e9 sincero Baki|p1a: Necrozma|[from] ability: Imposter\n|turn|16\n|\n|t:|1698885162\n|detailschange|p1a: Necrozma|Necrozma-Ultra\n|-burst|p1a: Necrozma|Necrozma|Ultranecrozium Z\n|move|p1a: Necrozma|Earthquake|p2a: Ser\u00e9 sincero Baki\n|-supereffective|p2a: Ser\u00e9 sincero Baki\n|-damage|p2a: Ser\u00e9 sincero Baki|0 fnt\n|faint|p2a: Ser\u00e9 sincero Baki\n|\n|upkeep\n|\n|t:|1698885170\n|switch|p2a: Bryant Myers|Marshadow|100\/100\n|turn|17\n|\n|t:|1698885179\n|move|p1a: Necrozma|Photon Geyser|p2a: Bryant Myers\n|-supereffective|p2a: Bryant Myers\n|-damage|p2a: Bryant Myers|0 fnt\n|faint|p2a: Bryant Myers\n|\n|upkeep\n|c|\u2606Dashu16|Im tired\n|\n|t:|1698885186\n|switch|p2a: Mandem|Xerneas, shiny|41\/100\n|-ability|p2a: Mandem|Fairy Aura\n|turn|18\n|\n|t:|1698885192\n|-zpower|p1a: Necrozma\n|move|p1a: Necrozma|Light That Burns the Sky|p2a: Mandem|[zeffect]\n|-damage|p2a: Mandem|0 fnt\n|faint|p2a: Mandem\n|\n|win|Craalize\n|raw|Craalize's rating: 1287 &rarr; <strong>1318<\/strong><br \/>(+31 for winning)\n|raw|Dashu16's rating: 1369 &rarr; <strong>1344<\/strong><br \/>(-25 for losing)\n|c|\u2606Dashu16|Gg\n|c|\u2606Craalize|gg\n|l|\u2606Dashu16\n","uploadtime":1698885213,"views":5,"p1id":"craalize","p2id":"dashu16","formatid":"gen9nationaldexubers","rating":1318,"private":0,"password":""}