{"id":"gen9nationaldexubers-1981683487","p1":"Le_Fiishe","p2":"Gtg g u2","format":"[Gen 9] National Dex Ubers","log":"|j|\u2606Le_Fiishe\n|j|\u2606Gtg g u2\n|t:|1698933375\n|gametype|singles\n|player|p1|Le_Fiishe|hilbert|1100\n|player|p2|Gtg g u2|red-masters|1100\n|teamsize|p1|6\n|teamsize|p2|6\n|gen|9\n|tier|[Gen 9] National Dex Ubers\n|rated|\n|rule|HP Percentage Mod: HP is shown in percentages\n|rule|Endless Battle Clause: Forcing endless battles is banned\n|rule|OHKO Clause: OHKO moves are banned\n|rule|Evasion Moves Clause: Evasion moves are banned\n|rule|Evasion Items Clause: Evasion items are banned\n|rule|Species Clause: Limit one of each Pok\u00e9mon\n|rule|Sleep Clause Mod: Limit one foe put to sleep\n|rule|Mega Rayquaza Clause: You cannot mega evolve Rayquaza\n|clearpoke\n|poke|p1|Umbreon, F|\n|poke|p1|Galvantula, F|\n|poke|p1|Noivern, M|\n|poke|p1|Scolipede, M|\n|poke|p1|Cinderace, M|\n|poke|p1|Silvally-*|\n|poke|p2|Pikachu, M|\n|poke|p2|Rillaboom, M|\n|poke|p2|Cramorant, M|\n|poke|p2|Grapploct, M|\n|poke|p2|Centiskorch, M|\n|poke|p2|Runerigus, F|\n|teampreview\n|\n|t:|1698933380\n|start\n|switch|p1a: Galvantula|Galvantula, F, shiny|100\/100\n|switch|p2a: Centiskorch|Centiskorch, M|100\/100\n|turn|1\n|inactive|Battle timer is ON: inactive players will automatically lose when time's up. (requested by Gtg g u2)\n|\n|t:|1698933385\n|move|p1a: Galvantula|Thunder Wave|p2a: Centiskorch\n|-status|p2a: Centiskorch|par\n|cant|p2a: Centiskorch|par\n|\n|upkeep\n|turn|2\n|\n|t:|1698933390\n|move|p1a: Galvantula|Sticky Web|p2a: Centiskorch\n|-sidestart|p2: Gtg g u2|move: Sticky Web\n|cant|p2a: Centiskorch|par\n|\n|upkeep\n|turn|3\n|\n|t:|1698933396\n|switch|p1a: Umbreon|Umbreon, F|100\/100\n|move|p2a: Centiskorch|Fire Lash|p1a: Umbreon\n|-damage|p1a: Umbreon|66\/100\n|-unboost|p1a: Umbreon|def|1\n|\n|upkeep\n|turn|4\n|\n|t:|1698933403\n|-zpower|p1a: Umbreon\n|move|p1a: Umbreon|Z-Celebrate|p1a: Umbreon|[anim]Celebrate\n|-boost|p1a: Umbreon|atk|1|[zeffect]\n|-boost|p1a: Umbreon|def|1|[zeffect]\n|-boost|p1a: Umbreon|spa|1|[zeffect]\n|-boost|p1a: Umbreon|spd|1|[zeffect]\n|-boost|p1a: Umbreon|spe|1|[zeffect]\n|-activate|p1a: Umbreon|move: Celebrate\n|move|p2a: Centiskorch|Leech Life|p1a: Umbreon\n|-supereffective|p1a: Umbreon\n|-damage|p1a: Umbreon|5\/100\n|\n|upkeep\n|turn|5\n|\n|t:|1698933414\n|move|p1a: Umbreon|Dark Pulse|p2a: Centiskorch\n|-crit|p2a: Centiskorch\n|-damage|p2a: Centiskorch|39\/100 par\n|cant|p2a: Centiskorch|flinch\n|\n|upkeep\n|turn|6\n|\n|t:|1698933419\n|move|p1a: Umbreon|Dark Pulse|p2a: Centiskorch\n|-damage|p2a: Centiskorch|0 fnt\n|faint|p2a: Centiskorch\n|\n|upkeep\n|\n|t:|1698933420\n|switch|p2a: Rillaboom|Rillaboom, M|100\/100\n|-activate|p2a: Rillaboom|move: Sticky Web\n|-unboost|p2a: Rillaboom|spe|1\n|-fieldstart|move: Grassy Terrain|[from] ability: Grassy Surge|[of] p2a: Rillaboom\n|turn|7\n|\n|t:|1698933429\n|move|p2a: Rillaboom|Grassy Glide|p1a: Umbreon\n|-damage|p1a: Umbreon|0 fnt\n|faint|p1a: Umbreon\n|-damage|p2a: Rillaboom|91\/100|[from] item: Life Orb\n|\n|-heal|p2a: Rillaboom|97\/100|[from] Grassy Terrain\n|upkeep\n|\n|t:|1698933438\n|switch|p1a: Galvantula|Galvantula, F, shiny|100\/100\n|turn|8\n|\n|t:|1698933441\n|move|p1a: Galvantula|Thunder Wave|p2a: Rillaboom\n|-status|p2a: Rillaboom|par\n|move|p2a: Rillaboom|Earthquake|p1a: Galvantula\n|-damage|p1a: Galvantula|64\/100\n|-damage|p2a: Rillaboom|87\/100 par|[from] item: Life Orb\n|\n|-heal|p1a: Galvantula|70\/100|[from] Grassy Terrain\n|-heal|p2a: Rillaboom|93\/100 par|[from] Grassy Terrain\n|upkeep\n|turn|9\n|\n|t:|1698933450\n|move|p1a: Galvantula|Thunder|p2a: Rillaboom\n|-resisted|p2a: Rillaboom\n|-damage|p2a: Rillaboom|57\/100 par\n|move|p2a: Rillaboom|Knock Off|p1a: Galvantula\n|-damage|p1a: Galvantula|2\/100\n|-enditem|p1a: Galvantula|Focus Sash|[from] move: Knock Off|[of] p2a: Rillaboom\n|-damage|p2a: Rillaboom|47\/100 par|[from] item: Life Orb\n|\n|-heal|p1a: Galvantula|9\/100|[from] Grassy Terrain\n|-heal|p2a: Rillaboom|53\/100 par|[from] Grassy Terrain\n|upkeep\n|turn|10\n|\n|t:|1698933460\n|move|p2a: Rillaboom|Grassy Glide|p1a: Galvantula\n|-resisted|p1a: Galvantula\n|-damage|p1a: Galvantula|0 fnt\n|faint|p1a: Galvantula\n|-damage|p2a: Rillaboom|43\/100 par|[from] item: Life Orb\n|\n|-heal|p2a: Rillaboom|49\/100 par|[from] Grassy Terrain\n|upkeep\n|\n|t:|1698933467\n|switch|p1a: Scolipede|Scolipede, M|100\/100\n|turn|11\n|\n|t:|1698933471\n|move|p1a: Scolipede|Protect|p1a: Scolipede\n|-singleturn|p1a: Scolipede|Protect\n|cant|p2a: Rillaboom|par\n|\n|-heal|p2a: Rillaboom|55\/100 par|[from] Grassy Terrain\n|-fieldend|move: Grassy Terrain\n|-ability|p1a: Scolipede|Speed Boost|boost\n|-boost|p1a: Scolipede|spe|1\n|upkeep\n|turn|12\n|\n|t:|1698933480\n|move|p1a: Scolipede|Swords Dance|p1a: Scolipede\n|-boost|p1a: Scolipede|atk|2\n|move|p2a: Rillaboom|Knock Off|p1a: Scolipede\n|-damage|p1a: Scolipede|48\/100\n|-enditem|p1a: Scolipede|Weakness Policy|[from] move: Knock Off|[of] p2a: Rillaboom\n|-damage|p2a: Rillaboom|45\/100 par|[from] item: Life Orb\n|\n|-ability|p1a: Scolipede|Speed Boost|boost\n|-boost|p1a: Scolipede|spe|1\n|upkeep\n|turn|13\n|\n|t:|1698933490\n|move|p1a: Scolipede|Megahorn|p2a: Rillaboom\n|-supereffective|p2a: Rillaboom\n|-damage|p2a: Rillaboom|0 fnt\n|faint|p2a: Rillaboom\n|\n|-ability|p1a: Scolipede|Speed Boost|boost\n|-boost|p1a: Scolipede|spe|1\n|upkeep\n|\n|t:|1698933491\n|switch|p2a: Runerigus|Runerigus, F, shiny|100\/100\n|-activate|p2a: Runerigus|move: Sticky Web\n|-unboost|p2a: Runerigus|spe|1\n|turn|14\n|\n|t:|1698933514\n|move|p1a: Scolipede|Earthquake|p2a: Runerigus\n|-damage|p2a: Runerigus|60\/100\n|move|p2a: Runerigus|Will-O-Wisp|p1a: Scolipede\n|-status|p1a: Scolipede|brn\n|\n|-heal|p2a: Runerigus|66\/100|[from] item: Leftovers\n|-damage|p1a: Scolipede|41\/100 brn|[from] brn\n|-ability|p1a: Scolipede|Speed Boost|boost\n|-boost|p1a: Scolipede|spe|1\n|upkeep\n|turn|15\n|\n|t:|1698933524\n|move|p1a: Scolipede|Earthquake|p2a: Runerigus\n|-crit|p2a: Runerigus\n|-damage|p2a: Runerigus|34\/100\n|move|p2a: Runerigus|Stone Edge|p1a: Scolipede\n|-supereffective|p1a: Scolipede\n|-damage|p1a: Scolipede|0 fnt\n|faint|p1a: Scolipede\n|\n|-heal|p2a: Runerigus|40\/100|[from] item: Leftovers\n|upkeep\n|\n|t:|1698933535\n|switch|p1a: Snowball|Cinderace, M|100\/100\n|-item|p1a: Snowball|Air Balloon\n|turn|16\n|\n|t:|1698933545\n|-terastallize|p1a: Snowball|Electric\n|move|p1a: Snowball|Trailblaze|p2a: Runerigus\n|-supereffective|p2a: Runerigus\n|-damage|p2a: Runerigus|14\/100\n|-boost|p1a: Snowball|spe|1\n|-activate|p2a: Runerigus|ability: Wandering Spirit|Libero|Wandering Spirit|[of] p1a: Snowball\n|move|p2a: Runerigus|Stone Edge|p1a: Snowball|[miss]\n|-start|p2a: Runerigus|typechange|Rock|[from] ability: Libero\n|-miss|p2a: Runerigus|p1a: Snowball\n|\n|-heal|p2a: Runerigus|20\/100|[from] item: Leftovers\n|upkeep\n|turn|17\n|\n|t:|1698933557\n|-terastallize|p2a: Runerigus|Ghost\n|move|p1a: Snowball|Trailblaze|p2a: Runerigus\n|-damage|p2a: Runerigus|9\/100\n|-boost|p1a: Snowball|spe|1\n|move|p2a: Runerigus|Will-O-Wisp|p1a: Snowball\n|-status|p1a: Snowball|brn\n|\n|-heal|p2a: Runerigus|15\/100|[from] item: Leftovers\n|-damage|p1a: Snowball|94\/100 brn|[from] brn\n|upkeep\n|turn|18\n|\n|t:|1698933572\n|move|p1a: Snowball|Pyro Ball|p2a: Runerigus\n|-damage|p2a: Runerigus|0 fnt\n|faint|p2a: Runerigus\n|\n|-damage|p1a: Snowball|88\/100 brn|[from] brn\n|upkeep\n|\n|t:|1698933575\n|switch|p2a: Cramorant|Cramorant, M|100\/100\n|turn|19\n|\n|t:|1698933594\n|move|p1a: Snowball|Zen Headbutt|p2a: Cramorant\n|-damage|p2a: Cramorant|74\/100\n|move|p2a: Cramorant|Surf|p1a: Snowball\n|-formechange|p2a: Cramorant|Cramorant-Gulping|\n|-damage|p1a: Snowball|41\/100 brn\n|-enditem|p1a: Snowball|Air Balloon\n|\n|-damage|p1a: Snowball|35\/100 brn|[from] brn\n|upkeep\n|turn|20\n|\n|t:|1698933602\n|move|p1a: Snowball|Zen Headbutt|p2a: Cramorant\n|-damage|p2a: Cramorant|47\/100\n|-damage|p1a: Snowball|10\/100 brn|[from] ability: Gulp Missile|[of] p2a: Cramorant\n|-unboost|p1a: Snowball|def|1\n|-formechange|p2a: Cramorant|Cramorant|\n|move|p2a: Cramorant|Roost|p2a: Cramorant\n|-heal|p2a: Cramorant|97\/100\n|-singleturn|p2a: Cramorant|move: Roost\n|\n|-damage|p1a: Snowball|4\/100 brn|[from] brn\n|upkeep\n|turn|21\n|\n|t:|1698933615\n|move|p1a: Snowball|Zen Headbutt|p2a: Cramorant\n|-damage|p2a: Cramorant|68\/100\n|move|p2a: Cramorant|Surf|p1a: Snowball\n|-formechange|p2a: Cramorant|Cramorant-Gulping|\n|-damage|p1a: Snowball|0 fnt\n|faint|p1a: Snowball\n|\n|upkeep\n|\n|t:|1698933621\n|switch|p1a: Silvally|Silvally-Electric|100\/100\n|turn|22\n|\n|t:|1698933625\n|move|p2a: Cramorant|Surf|p1a: Silvally\n|-crit|p1a: Silvally\n|-damage|p1a: Silvally|48\/100\n|move|p1a: Silvally|Swords Dance|p1a: Silvally\n|-boost|p1a: Silvally|atk|2\n|\n|upkeep\n|turn|23\n|\n|t:|1698933634\n|move|p2a: Cramorant|Defog|p1a: Silvally\n|-unboost|p1a: Silvally|evasion|1\n|-sideend|p2: Gtg g u2|Sticky Web|[from] move: Defog|[of] p2a: Cramorant\n|move|p1a: Silvally|Multi-Attack|p2a: Cramorant\n|-supereffective|p2a: Cramorant\n|-damage|p2a: Cramorant|0 fnt\n|-damage|p1a: Silvally|23\/100|[from] ability: Gulp Missile|[of] p2a: Cramorant\n|-unboost|p1a: Silvally|def|1\n|-formechange|p2a: Cramorant|Cramorant|\n|faint|p2a: Cramorant\n|\n|upkeep\n|\n|t:|1698933642\n|switch|p2a: Pikachu|Pikachu, M|100\/100\n|turn|24\n|\n|t:|1698933653\n|move|p2a: Pikachu|Play Rough|p1a: Silvally\n|-damage|p1a: Silvally|0 fnt\n|faint|p1a: Silvally\n|\n|upkeep\n|\n|t:|1698933657\n|switch|p1a: Noivern|Noivern, M|100\/100\n|turn|25\n|\n|t:|1698933662\n|move|p1a: Noivern|Boomburst|p2a: Pikachu\n|-damage|p2a: Pikachu|0 fnt\n|faint|p2a: Pikachu\n|-enditem|p1a: Noivern|Throat Spray\n|-boost|p1a: Noivern|spa|1|[from] item: Throat Spray\n|\n|upkeep\n|\n|t:|1698933664\n|switch|p2a: Grapploct|Grapploct, M|100\/100\n|turn|26\n|\n|t:|1698933671\n|move|p1a: Noivern|Psychic|p2a: Grapploct\n|-supereffective|p2a: Grapploct\n|-damage|p2a: Grapploct|7\/100\n|move|p2a: Grapploct|Ice Punch|p1a: Noivern\n|-supereffective|p1a: Noivern\n|-damage|p1a: Noivern|0 fnt\n|faint|p1a: Noivern\n|\n|win|Gtg g u2\n|raw|Le_Fiishe's rating: 1100 &rarr; <strong>1075<\/strong><br \/>(-25 for losing)\n|raw|Gtg g u2's rating: 1100 &rarr; <strong>1125<\/strong><br \/>(+25 for winning)\n","uploadtime":1698933674,"views":12,"p1id":"lefiishe","p2id":"gtggu2","formatid":"gen9nationaldexubers","rating":1075,"private":0,"password":""}