{"id":"gen9nationaldexubers-1994391986","p1":"thecuh12345","p2":"Durpmaster","format":"[Gen 9] National Dex Ubers","log":"|j|\u2606thecuh12345\n|j|\u2606Durpmaster\n|t:|1700438641\n|gametype|singles\n|player|p1|thecuh12345|fisherman-gen4|\n|player|p2|Durpmaster|crasherwake|\n|teamsize|p1|6\n|teamsize|p2|6\n|gen|9\n|tier|[Gen 9] National Dex Ubers\n|rule|HP Percentage Mod: HP is shown in percentages\n|rule|Endless Battle Clause: Forcing endless battles is banned\n|rule|OHKO Clause: OHKO moves are banned\n|rule|Evasion Moves Clause: Evasion moves are banned\n|rule|Evasion Items Clause: Evasion items are banned\n|rule|Species Clause: Limit one of each Pok\u00e9mon\n|rule|Sleep Clause Mod: Limit one foe put to sleep\n|rule|Mega Rayquaza Clause: You cannot mega evolve Rayquaza\n|clearpoke\n|poke|p1|Dragonite, M|\n|poke|p1|Ursaluna, M|\n|poke|p1|Manaphy|\n|poke|p1|Zygarde|\n|poke|p1|Arcanine-Hisui, M|\n|poke|p1|Zoroark-Hisui, F|\n|poke|p2|Quaquaval, F|\n|poke|p2|Ogerpon-Hearthflame, F|\n|poke|p2|Gengar, M|\n|poke|p2|Scream Tail|\n|poke|p2|Hoopa|\n|poke|p2|Stakataka|\n|teampreview\n|j| Mfnthug$$$$\n|j| sensei41\n|\n|t:|1700438716\n|start\n|switch|p1a: Zygarde|Zygarde, shiny|100\/100\n|switch|p2a: Ogerpon|Ogerpon-Hearthflame, F|100\/100\n|-ability|p2a: Ogerpon|Mold Breaker\n|turn|1\n|\n|t:|1700438762\n|move|p2a: Ogerpon|Spiky Shield|p2a: Ogerpon\n|-singleturn|p2a: Ogerpon|move: Protect\n|move|p1a: Zygarde|Shadow Ball|p2a: Ogerpon\n|-activate|p2a: Ogerpon|move: Protect\n|\n|upkeep\n|turn|2\n|\n|t:|1700438784\n|move|p1a: Zygarde|Shadow Ball|p2a: Ogerpon\n|-damage|p2a: Ogerpon|52\/100\n|move|p2a: Ogerpon|Swords Dance|p2a: Ogerpon\n|-boost|p2a: Ogerpon|atk|2\n|\n|upkeep\n|turn|3\n|\n|t:|1700438794\n|move|p2a: Ogerpon|Stomping Tantrum|p1a: Zygarde\n|-enditem|p1a: Zygarde|Focus Sash\n|-damage|p1a: Zygarde|1\/100\n|replace|p1a: Zoroark|Zoroark-Hisui, F, shiny\n|-end|p1a: Zoroark|Illusion\n|move|p1a: Zoroark|Shadow Ball|p2a: Ogerpon\n|-damage|p2a: Ogerpon|3\/100\n|-unboost|p2a: Ogerpon|spd|1\n|\n|upkeep\n|turn|4\n|\n|t:|1700438811\n|switch|p1a: Dragonite|Dragonite, M|100\/100\n|move|p2a: Ogerpon|Ivy Cudgel|p1a: Dragonite|[anim] Ivy Cudgel Fire\n|-resisted|p1a: Dragonite\n|-damage|p1a: Dragonite|40\/100\n|\n|upkeep\n|turn|5\n|\n|t:|1700438819\n|move|p2a: Ogerpon|Spiky Shield|p2a: Ogerpon\n|-singleturn|p2a: Ogerpon|move: Protect\n|move|p1a: Dragonite|Extreme Speed|p2a: Ogerpon\n|-activate|p2a: Ogerpon|move: Protect\n|-damage|p1a: Dragonite|28\/100|[from] Spiky Shield|[of] p2a: Ogerpon\n|\n|upkeep\n|turn|6\n|\n|t:|1700438839\n|switch|p2a: Hoopa|Hoopa|100\/100\n|move|p1a: Dragonite|Dragon Dance|p1a: Dragonite\n|-boost|p1a: Dragonite|atk|1\n|-boost|p1a: Dragonite|spe|1\n|\n|upkeep\n|turn|7\n|\n|t:|1700438860\n|move|p1a: Dragonite|Earthquake|p2a: Hoopa\n|-damage|p2a: Hoopa|42\/100\n|-heal|p1a: Dragonite|36\/100|[from] item: Shell Bell|[of] p2a: Hoopa\n|move|p2a: Hoopa|Thunderbolt|p1a: Dragonite\n|-damage|p1a: Dragonite|0 fnt\n|faint|p1a: Dragonite\n|\n|upkeep\n|\n|t:|1700438871\n|switch|p1a: Zygarde|Zygarde, shiny|1\/100\n|turn|8\n|\n|t:|1700438895\n|switch|p2a: Stakataka|Stakataka, shiny|100\/100\n|move|p1a: Zygarde|Shadow Ball|p2a: Stakataka\n|-damage|p2a: Stakataka|68\/100\n|\n|-heal|p2a: Stakataka|74\/100|[from] item: Leftovers\n|upkeep\n|turn|9\n|\n|t:|1700438906\n|move|p1a: Zygarde|Flamethrower|p2a: Stakataka\n|-damage|p2a: Stakataka|47\/100\n|move|p2a: Stakataka|Trick Room|p2a: Stakataka\n|-fieldstart|move: Trick Room|[of] p2a: Stakataka\n|\n|-heal|p2a: Stakataka|54\/100|[from] item: Leftovers\n|upkeep\n|turn|10\n|\n|t:|1700438918\n|move|p2a: Stakataka|Gyro Ball|p1a: Zygarde\n|-damage|p1a: Zygarde|0 fnt\n|replace|p1a: Zoroark|Zoroark-Hisui, F, shiny\n|-end|p1a: Zoroark|Illusion\n|faint|p1a: Zoroark\n|-ability|p2a: Stakataka|Beast Boost|boost\n|-boost|p2a: Stakataka|def|1\n|\n|-heal|p2a: Stakataka|60\/100|[from] item: Leftovers\n|upkeep\n|\n|t:|1700438958\n|switch|p1a: Manaphy|Manaphy|100\/100\n|turn|11\n|\n|t:|1700438967\n|move|p2a: Stakataka|Gyro Ball|p1a: Manaphy\n|-resisted|p1a: Manaphy\n|-damage|p1a: Manaphy|72\/100\n|move|p1a: Manaphy|Tail Glow|p1a: Manaphy\n|-boost|p1a: Manaphy|spa|3\n|\n|-heal|p2a: Stakataka|66\/100|[from] item: Leftovers\n|-heal|p1a: Manaphy|78\/100|[from] item: Leftovers\n|upkeep\n|turn|12\n|\n|t:|1700438981\n|move|p2a: Stakataka|Body Press|p1a: Manaphy\n|-damage|p1a: Manaphy|25\/100\n|move|p1a: Manaphy|Scald|p2a: Stakataka\n|-supereffective|p2a: Stakataka\n|-damage|p2a: Stakataka|0 fnt\n|faint|p2a: Stakataka\n|\n|-heal|p1a: Manaphy|31\/100|[from] item: Leftovers\n|upkeep\n|\n|t:|1700438990\n|switch|p2a: Hoopa|Hoopa|42\/100\n|turn|13\n|\n|t:|1700439028\n|-terastallize|p1a: Manaphy|Grass\n|move|p2a: Hoopa|Thunderbolt|p1a: Manaphy\n|-resisted|p1a: Manaphy\n|-damage|p1a: Manaphy|10\/100\n|move|p1a: Manaphy|Scald|p2a: Hoopa\n|-damage|p2a: Hoopa|0 fnt\n|faint|p2a: Hoopa\n|\n|-heal|p1a: Manaphy|17\/100|[from] item: Leftovers\n|-fieldend|move: Trick Room\n|upkeep\n|\n|t:|1700439046\n|switch|p2a: Gengar|Gengar, M|100\/100\n|turn|14\n|\n|t:|1700439054\n|move|p2a: Gengar|Sludge Wave|p1a: Manaphy\n|-supereffective|p1a: Manaphy\n|-damage|p1a: Manaphy|0 fnt\n|faint|p1a: Manaphy\n|\n|upkeep\n|\n|t:|1700439071\n|switch|p1a: Ursaluna|Ursaluna, M, shiny|100\/100\n|turn|15\n|\n|t:|1700439078\n|move|p2a: Gengar|Sludge Wave|p1a: Ursaluna\n|-resisted|p1a: Ursaluna\n|-damage|p1a: Ursaluna|78\/100\n|move|p1a: Ursaluna|Earthquake|p2a: Gengar\n|-supereffective|p2a: Gengar\n|-damage|p2a: Gengar|0 fnt\n|-start|p1a: Ursaluna|Disable|Earthquake|[from] ability: Cursed Body|[of] p2a: Gengar\n|faint|p2a: Gengar\n|\n|-status|p1a: Ursaluna|brn|[from] item: Flame Orb\n|upkeep\n|\n|t:|1700439089\n|switch|p2a: Quaquaval|Quaquaval, F|100\/100\n|turn|16\n|\n|t:|1700439099\n|move|p2a: Quaquaval|Aqua Step|p1a: Ursaluna\n|-supereffective|p1a: Ursaluna\n|-damage|p1a: Ursaluna|10\/100 brn\n|-boost|p2a: Quaquaval|spe|1\n|-damage|p2a: Quaquaval|91\/100|[from] item: Life Orb\n|move|p1a: Ursaluna|Facade|p2a: Quaquaval\n|-damage|p2a: Quaquaval|0 fnt\n|faint|p2a: Quaquaval\n|\n|-damage|p1a: Ursaluna|4\/100 brn|[from] brn\n|upkeep\n|\n|t:|1700439111\n|switch|p2a: Ogerpon|Ogerpon-Hearthflame, F|3\/100\n|-ability|p2a: Ogerpon|Mold Breaker\n|turn|17\n|\n|t:|1700439119\n|move|p2a: Ogerpon|Spiky Shield|p2a: Ogerpon\n|-singleturn|p2a: Ogerpon|move: Protect\n|move|p1a: Ursaluna|Facade|p2a: Ogerpon\n|-activate|p2a: Ogerpon|move: Protect\n|-damage|p1a: Ursaluna|0 fnt|[from] Spiky Shield|[of] p2a: Ogerpon\n|faint|p1a: Ursaluna\n|\n|upkeep\n|\n|t:|1700439134\n|switch|p1a: Zygarde|Zygarde, shiny|100\/100\n|-ability|p1a: Zygarde|Aura Break\n|turn|18\n|\n|t:|1700439146\n|move|p2a: Ogerpon|Stomping Tantrum|p1a: Zygarde\n|-damage|p1a: Zygarde|75\/100\n|move|p1a: Zygarde|Dragon Dance|p1a: Zygarde\n|-boost|p1a: Zygarde|atk|1\n|-boost|p1a: Zygarde|spe|1\n|\n|upkeep\n|turn|19\n|\n|t:|1700439153\n|move|p2a: Ogerpon|Spiky Shield|p2a: Ogerpon\n|-singleturn|p2a: Ogerpon|move: Protect\n|move|p1a: Zygarde|Dragon Dance|p1a: Zygarde\n|-boost|p1a: Zygarde|atk|1\n|-boost|p1a: Zygarde|spe|1\n|\n|upkeep\n|turn|20\n|\n|t:|1700439164\n|move|p1a: Zygarde|Crunch|p2a: Ogerpon\n|-damage|p2a: Ogerpon|0 fnt\n|faint|p2a: Ogerpon\n|\n|upkeep\n|\n|t:|1700439168\n|switch|p2a: Scream Tail|Scream Tail|100\/100\n|-enditem|p2a: Scream Tail|Booster Energy\n|-activate|p2a: Scream Tail|ability: Protosynthesis|[fromitem]\n|-start|p2a: Scream Tail|protosynthesisspe\n|turn|21\n|\n|t:|1700439183\n|move|p1a: Zygarde|Iron Tail|p2a: Scream Tail\n|-supereffective|p2a: Scream Tail\n|-damage|p2a: Scream Tail|0 fnt\n|faint|p2a: Scream Tail\n|-end|p2a: Scream Tail|Protosynthesis|[silent]\n|\n|win|thecuh12345\n","uploadtime":1700439191,"views":28,"p1id":"thecuh12345","p2id":"durpmaster","formatid":"gen9nationaldexubers","rating":0,"private":0,"password":""}