{"id":"gen9nationaldexubers-1981778700","p1":"JimmyJohto","p2":"SylverOmega","format":"[Gen 9] National Dex Ubers","log":"|j|\u2606JimmyJohto\n|j|\u2606SylverOmega\n|t:|1698940947\n|gametype|singles\n|player|p1|JimmyJohto|ethan|\n|player|p2|SylverOmega|palmer|\n|teamsize|p1|6\n|teamsize|p2|6\n|gen|9\n|tier|[Gen 9] National Dex Ubers\n|rule|HP Percentage Mod: HP is shown in percentages\n|rule|Endless Battle Clause: Forcing endless battles is banned\n|rule|OHKO Clause: OHKO moves are banned\n|rule|Evasion Moves Clause: Evasion moves are banned\n|rule|Evasion Items Clause: Evasion items are banned\n|rule|Species Clause: Limit one of each Pok\u00e9mon\n|rule|Sleep Clause Mod: Limit one foe put to sleep\n|rule|Mega Rayquaza Clause: You cannot mega evolve Rayquaza\n|clearpoke\n|poke|p1|Greninja-*, M|\n|poke|p1|Dragonite, F|\n|poke|p1|Ninetales-Alola, M|\n|poke|p1|Hatterene, F|\n|poke|p1|Blaziken, F|\n|poke|p1|Corviknight, M|\n|poke|p2|Cinderace, M|\n|poke|p2|Greninja-*, M|\n|poke|p2|Corviknight, F|\n|poke|p2|Rillaboom, M|\n|poke|p2|Zoroark-Hisui, F|\n|poke|p2|Dragonite, M|\n|teampreview\n|inactive|Battle timer is ON: inactive players will automatically lose when time's up. (requested by SylverOmega)\n|c|\u2606SylverOmega|Hf\n|c|\u2606JimmyJohto|gl\n|inactive|SylverOmega has 270 seconds left.\n|\n|t:|1698940978\n|start\n|switch|p1a: Hatterene|Hatterene, F|100\/100\n|switch|p2a: Narutito|Greninja, M|100\/100\n|turn|1\n|\n|t:|1698940989\n|move|p2a: Narutito|Bitter Malice|p1a: Hatterene\n|-supereffective|p1a: Hatterene\n|-damage|p1a: Hatterene|44\/100\n|-unboost|p1a: Hatterene|atk|1\n|-enditem|p1a: Hatterene|Eject Button\n|\n|t:|1698941012\n|switch|p1a: Ninetales|Ninetales-Alola, M|100\/100\n|-weather|Snow|[from] ability: Snow Warning|[of] p1a: Ninetales\n|\n|-weather|Snow|[upkeep]\n|upkeep\n|turn|2\n|\n|t:|1698941020\n|move|p2a: Narutito|Nasty Plot|p2a: Narutito\n|-boost|p2a: Narutito|spa|2\n|move|p1a: Ninetales|Blizzard|p2a: Narutito\n|-damage|p2a: Narutito|19\/100\n|replace|p2a: Zoroark|Zoroark-Hisui, F\n|-end|p2a: Zoroark|Illusion\n|\n|-weather|Snow|[upkeep]\n|upkeep\n|turn|3\n|\n|t:|1698941030\n|move|p2a: Zoroark|Hyper Voice|p1a: Ninetales\n|-damage|p1a: Ninetales|0 fnt\n|faint|p1a: Ninetales\n|\n|-weather|Snow|[upkeep]\n|upkeep\n|\n|t:|1698941035\n|switch|p1a: Greninja|Greninja, M|100\/100\n|turn|4\n|\n|t:|1698941044\n|switch|p2a: Rillaboom|Rillaboom, M|100\/100\n|-fieldstart|move: Grassy Terrain|[from] ability: Grassy Surge|[of] p2a: Rillaboom\n|-terastallize|p1a: Greninja|Water\n|move|p1a: Greninja|Water Shuriken|p2a: Rillaboom\n|-resisted|p2a: Rillaboom\n|-damage|p2a: Rillaboom|95\/100\n|-resisted|p2a: Rillaboom\n|-damage|p2a: Rillaboom|90\/100\n|-hitcount|p2a: Rillaboom|2\n|\n|-weather|Snow|[upkeep]\n|-heal|p2a: Rillaboom|96\/100|[from] Grassy Terrain\n|upkeep\n|turn|5\n|\n|t:|1698941065\n|switch|p1a: Corviknight|Corviknight, M|100\/100\n|-ability|p1a: Corviknight|Pressure\n|move|p2a: Rillaboom|Knock Off|p1a: Corviknight\n|-damage|p1a: Corviknight|78\/100\n|-damage|p2a: Rillaboom|79\/100|[from] item: Rocky Helmet|[of] p1a: Corviknight\n|-enditem|p1a: Corviknight|Rocky Helmet|[from] move: Knock Off|[of] p2a: Rillaboom\n|\n|-weather|none\n|-heal|p2a: Rillaboom|85\/100|[from] Grassy Terrain\n|upkeep\n|turn|6\n|\n|t:|1698941077\n|switch|p2a: Dragonite|Dragonite, M|100\/100\n|move|p1a: Corviknight|Brave Bird|p2a: Dragonite\n|-damage|p2a: Dragonite|82\/100\n|-damage|p1a: Corviknight|73\/100|[from] Recoil\n|\n|upkeep\n|turn|7\n|\n|t:|1698941087\n|move|p2a: Dragonite|Dragon Dance|p2a: Dragonite\n|-boost|p2a: Dragonite|atk|1\n|-boost|p2a: Dragonite|spe|1\n|move|p1a: Corviknight|Brave Bird|p2a: Dragonite\n|-damage|p2a: Dragonite|41\/100\n|-damage|p1a: Corviknight|61\/100|[from] Recoil\n|\n|upkeep\n|turn|8\n|\n|t:|1698941099\n|move|p2a: Dragonite|Ice Punch|p1a: Corviknight\n|-damage|p1a: Corviknight|38\/100\n|move|p1a: Corviknight|Brave Bird|p2a: Dragonite\n|-damage|p2a: Dragonite|2\/100\n|-damage|p1a: Corviknight|27\/100|[from] Recoil\n|\n|-fieldend|move: Grassy Terrain\n|upkeep\n|turn|9\n|\n|t:|1698941110\n|move|p2a: Dragonite|Ice Punch|p1a: Corviknight\n|-damage|p1a: Corviknight|3\/100\n|-status|p1a: Corviknight|frz\n|cant|p1a: Corviknight|frz\n|\n|upkeep\n|turn|10\n|c|\u2606SylverOmega|Siuuuu\n|\n|t:|1698941119\n|move|p2a: Dragonite|Dragon Dance|p2a: Dragonite\n|-boost|p2a: Dragonite|atk|1\n|-boost|p2a: Dragonite|spe|1\n|cant|p1a: Corviknight|frz\n|\n|upkeep\n|turn|11\n|\n|t:|1698941126\n|move|p2a: Dragonite|Ice Punch|p1a: Corviknight\n|-damage|p1a: Corviknight|0 fnt\n|faint|p1a: Corviknight\n|\n|upkeep\n|\n|t:|1698941151\n|switch|p1a: Greninja|Greninja, M, tera:Water|100\/100\n|turn|12\n|c|\u2606SylverOmega|T\u00fa te has estado guardando los combates?\n|\n|t:|1698941158\n|move|p2a: Dragonite|Extreme Speed|p1a: Greninja\n|-damage|p1a: Greninja|11\/100\n|move|p1a: Greninja|Water Shuriken|p2a: Dragonite\n|-resisted|p2a: Dragonite\n|-damage|p2a: Dragonite|0 fnt\n|faint|p2a: Dragonite\n|-ability|p1a: Greninja|Battle Bond|boost\n|-boost|p1a: Greninja|atk|1\n|-boost|p1a: Greninja|spa|1\n|-boost|p1a: Greninja|spe|1\n|-activate|p1a: Greninja|ability: Battle Bond\n|-hitcount|p2: Dragonite|1\n|\n|upkeep\n|c|\u2606JimmyJohto|Los tengo abiertos sip\n|\n|t:|1698941170\n|switch|p2a: Rillaboom|Rillaboom, M|85\/100\n|-fieldstart|move: Grassy Terrain|[from] ability: Grassy Surge|[of] p2a: Rillaboom\n|turn|13\n|\n|t:|1698941176\n|switch|p1a: Hatterene|Hatterene, F|44\/100\n|move|p2a: Rillaboom|Grassy Glide|p1a: Hatterene\n|-damage|p1a: Hatterene|0 fnt\n|faint|p1a: Hatterene\n|\n|-heal|p2a: Rillaboom|92\/100|[from] Grassy Terrain\n|upkeep\n|c|\u2606SylverOmega|Ok\n|\n|t:|1698941184\n|switch|p1a: Blaziken|Blaziken, F|100\/100\n|turn|14\n|\n|t:|1698941206\n|move|p1a: Blaziken|Swords Dance|p1a: Blaziken\n|-boost|p1a: Blaziken|atk|2\n|move|p2a: Rillaboom|Drain Punch|p1a: Blaziken\n|-crit|p1a: Blaziken\n|-damage|p1a: Blaziken|42\/100\n|-heal|p2a: Rillaboom|100\/100|[from] drain|[of] p1a: Blaziken\n|\n|-heal|p1a: Blaziken|48\/100|[from] Grassy Terrain\n|-ability|p1a: Blaziken|Speed Boost|boost\n|-boost|p1a: Blaziken|spe|1\n|upkeep\n|turn|15\n|\n|t:|1698941218\n|-terastallize|p2a: Rillaboom|Grass\n|move|p2a: Rillaboom|Grassy Glide|p1a: Blaziken\n|-resisted|p1a: Blaziken\n|-damage|p1a: Blaziken|0 fnt\n|faint|p1a: Blaziken\n|\n|upkeep\n|\n|t:|1698941227\n|switch|p1a: Dragonite|Dragonite, F|100\/100\n|turn|16\n|\n|t:|1698941231\n|move|p1a: Dragonite|Dragon Dance|p1a: Dragonite\n|-boost|p1a: Dragonite|atk|1\n|-boost|p1a: Dragonite|spe|1\n|move|p2a: Rillaboom|Knock Off|p1a: Dragonite\n|-damage|p1a: Dragonite|79\/100\n|-enditem|p1a: Dragonite|Heavy-Duty Boots|[from] move: Knock Off|[of] p2a: Rillaboom\n|\n|upkeep\n|turn|17\n|\n|t:|1698941241\n|move|p1a: Dragonite|Fire Punch|p2a: Rillaboom\n|-supereffective|p2a: Rillaboom\n|-damage|p2a: Rillaboom|13\/100\n|move|p2a: Rillaboom|Knock Off|p1a: Dragonite\n|-damage|p1a: Dragonite|52\/100\n|\n|-heal|p2a: Rillaboom|20\/100|[from] Grassy Terrain\n|-fieldend|move: Grassy Terrain\n|upkeep\n|turn|18\n|\n|t:|1698941255\n|move|p1a: Dragonite|Extreme Speed|p2a: Rillaboom\n|-crit|p2a: Rillaboom\n|-damage|p2a: Rillaboom|0 fnt\n|faint|p2a: Rillaboom\n|\n|upkeep\n|\n|t:|1698941261\n|switch|p2a: Narutito|Greninja, M|100\/100\n|turn|19\n|\n|t:|1698941267\n|move|p1a: Dragonite|Extreme Speed|p2a: Narutito\n|-damage|p2a: Narutito|22\/100\n|move|p2a: Narutito|Ice Beam|p1a: Dragonite\n|-supereffective|p1a: Dragonite\n|-damage|p1a: Dragonite|0 fnt\n|faint|p1a: Dragonite\n|-ability|p2a: Narutito|Battle Bond|boost\n|-boost|p2a: Narutito|atk|1\n|-boost|p2a: Narutito|spa|1\n|-boost|p2a: Narutito|spe|1\n|-activate|p2a: Narutito|ability: Battle Bond\n|\n|upkeep\n|c|\u2606SylverOmega|Gg\n|\n|t:|1698941276\n|switch|p1a: Greninja|Greninja, M, tera:Water|11\/100\n|turn|20\n|\n|t:|1698941281\n|move|p2a: Narutito|Water Shuriken|p1a: Greninja\n|-resisted|p1a: Greninja\n|-damage|p1a: Greninja|4\/100\n|-resisted|p1a: Greninja\n|-damage|p1a: Greninja|0 fnt\n|faint|p1a: Greninja\n|-hitcount|p1: Greninja|2\n|\n|win|SylverOmega\n|c|\u2606JimmyJohto|gg\n","uploadtime":1698941312,"views":9,"p1id":"jimmyjohto","p2id":"sylveromega","formatid":"gen9nationaldexubers","rating":0,"private":0,"password":""}