{"id":"gen9nationaldexubers-1981264510","p1":"daddyponohue","p2":"TACOB3I","format":"[Gen 9] National Dex Ubers","log":"|j|\u2606daddyponohue\n|j|\u2606TACOB3I\n|t:|1698877725\n|gametype|singles\n|player|p1|daddyponohue|giovanni|1387\n|player|p2|TACOB3I|ghetsis|1397\n|teamsize|p1|6\n|teamsize|p2|6\n|gen|9\n|tier|[Gen 9] National Dex Ubers\n|rated|\n|rule|HP Percentage Mod: HP is shown in percentages\n|rule|Endless Battle Clause: Forcing endless battles is banned\n|rule|OHKO Clause: OHKO moves are banned\n|rule|Evasion Moves Clause: Evasion moves are banned\n|rule|Evasion Items Clause: Evasion items are banned\n|rule|Species Clause: Limit one of each Pok\u00e9mon\n|rule|Sleep Clause Mod: Limit one foe put to sleep\n|rule|Mega Rayquaza Clause: You cannot mega evolve Rayquaza\n|clearpoke\n|poke|p1|Basculegion, M|\n|poke|p1|Pheromosa|\n|poke|p1|Kyogre|\n|poke|p1|Landorus, M|\n|poke|p1|Marshadow|\n|poke|p1|Ditto|\n|poke|p2|Groudon|\n|poke|p2|Rayquaza|\n|poke|p2|Kangaskhan, F|\n|poke|p2|Kingambit, M|\n|poke|p2|Grimmsnarl, M|\n|poke|p2|Kyogre|\n|teampreview\n|\n|t:|1698877741\n|start\n|switch|p1a: Basculegion|Basculegion, M|100\/100\n|switch|p2a: Groudon|Groudon|100\/100\n|detailschange|p2a: Groudon|Groudon-Primal\n|-primal|p2a: Groudon|Red Orb\n|-weather|DesolateLand|[from] ability: Desolate Land|[of] p2a: Groudon\n|turn|1\n|\n|t:|1698877750\n|switch|p1a: Landorus|Landorus, M|100\/100\n|move|p2a: Groudon|Precipice Blades|p1a: Landorus\n|-immune|p1a: Landorus\n|\n|-weather|DesolateLand|[upkeep]\n|upkeep\n|turn|2\n|\n|t:|1698877757\n|-weather|none\n|switch|p2a: Kyogre|Kyogre|100\/100\n|detailschange|p2a: Kyogre|Kyogre-Primal\n|-primal|p2a: Kyogre|Blue Orb\n|-weather|PrimordialSea|[from] ability: Primordial Sea|[of] p2a: Kyogre\n|move|p1a: Landorus|Sandsear Storm|p2a: Kyogre\n|-damage|p2a: Kyogre|55\/100\n|\n|-weather|PrimordialSea|[upkeep]\n|upkeep\n|turn|3\n|\n|t:|1698877766\n|switch|p1a: Ditto|Ditto|100\/100\n|-transform|p1a: Ditto|p2a: Kyogre|[from] ability: Imposter\n|move|p2a: Kyogre|Ice Beam|p1a: Ditto\n|-resisted|p1a: Ditto\n|-damage|p1a: Ditto|85\/100\n|\n|-weather|PrimordialSea|[upkeep]\n|upkeep\n|turn|4\n|\n|t:|1698877776\n|switch|p2a: Groudon|Groudon-Primal|100\/100\n|-weather|DesolateLand|[from] ability: Desolate Land|[of] p2a: Groudon\n|move|p1a: Ditto|Thunder|p2a: Groudon\n|-immune|p2a: Groudon\n|\n|-weather|DesolateLand|[upkeep]\n|upkeep\n|turn|5\n|\n|t:|1698877788\n|switch|p1a: Pheromosa|Pheromosa|100\/100\n|move|p2a: Groudon|Heat Crash|p1a: Pheromosa\n|-supereffective|p1a: Pheromosa\n|-damage|p1a: Pheromosa|0 fnt\n|faint|p1a: Pheromosa\n|\n|-weather|DesolateLand|[upkeep]\n|upkeep\n|\n|t:|1698877791\n|switch|p1a: Landorus|Landorus, M|100\/100\n|turn|6\n|\n|t:|1698877796\n|-weather|none\n|switch|p2a: Rayquaza|Rayquaza|100\/100\n|-ability|p2a: Rayquaza|Air Lock\n|move|p1a: Landorus|Gravity|p1a: Landorus\n|-fieldstart|move: Gravity\n|\n|upkeep\n|turn|7\n|\n|t:|1698877804\n|move|p1a: Landorus|Sandsear Storm|p2a: Rayquaza\n|-damage|p2a: Rayquaza|16\/100\n|move|p2a: Rayquaza|Surf|p1a: Landorus\n|-supereffective|p1a: Landorus\n|-damage|p1a: Landorus|5\/100\n|-damage|p2a: Rayquaza|6\/100|[from] item: Life Orb\n|\n|upkeep\n|turn|8\n|\n|t:|1698877811\n|switch|p2a: Kangaskhan|Kangaskhan, F|100\/100\n|move|p1a: Landorus|Sandsear Storm|p2a: Kangaskhan\n|-damage|p2a: Kangaskhan|12\/100\n|\n|upkeep\n|turn|9\n|\n|t:|1698877819\n|switch|p1a: Marshadow|Marshadow|100\/100\n|move|p2a: Kangaskhan|Fake Out|p1a: Marshadow\n|-damage|p1a: Marshadow|81\/100\n|\n|upkeep\n|turn|10\n|\n|t:|1698877828\n|switch|p2a: Kyogre|Kyogre-Primal|55\/100\n|-weather|PrimordialSea|[from] ability: Primordial Sea|[of] p2a: Kyogre\n|move|p1a: Marshadow|Close Combat|p2a: Kyogre\n|-crit|p2a: Kyogre\n|-damage|p2a: Kyogre|0 fnt\n|-unboost|p1a: Marshadow|def|1\n|-unboost|p1a: Marshadow|spd|1\n|faint|p2a: Kyogre\n|-weather|none\n|\n|-fieldend|move: Gravity\n|upkeep\n|\n|t:|1698877830\n|switch|p2a: Groudon|Groudon-Primal|100\/100\n|-weather|DesolateLand|[from] ability: Desolate Land|[of] p2a: Groudon\n|turn|11\n|\n|t:|1698877836\n|move|p1a: Marshadow|Close Combat|p2a: Groudon\n|-damage|p2a: Groudon|65\/100\n|-unboost|p1a: Marshadow|def|1\n|-unboost|p1a: Marshadow|spd|1\n|move|p2a: Groudon|Precipice Blades|p1a: Marshadow\n|-damage|p1a: Marshadow|0 fnt\n|faint|p1a: Marshadow\n|\n|-weather|DesolateLand|[upkeep]\n|upkeep\n|\n|t:|1698877840\n|switch|p1a: Landorus|Landorus, M|5\/100\n|turn|12\n|\n|t:|1698877844\n|-weather|none\n|switch|p2a: Rayquaza|Rayquaza|6\/100\n|-ability|p2a: Rayquaza|Air Lock\n|move|p1a: Landorus|Sandsear Storm|p2a: Rayquaza\n|-immune|p2a: Rayquaza\n|\n|upkeep\n|turn|13\n|\n|t:|1698877849\n|move|p1a: Landorus|Psychic|p2a: Rayquaza\n|-damage|p2a: Rayquaza|0 fnt\n|faint|p2a: Rayquaza\n|\n|upkeep\n|\n|t:|1698877855\n|switch|p2a: Kangaskhan|Kangaskhan, F|12\/100\n|turn|14\n|\n|t:|1698877859\n|switch|p1a: Ditto|Ditto|85\/100\n|-transform|p1a: Ditto|p2a: Kangaskhan|[from] ability: Imposter\n|move|p2a: Kangaskhan|Fake Out|p1a: Ditto\n|-damage|p1a: Ditto|63\/100\n|\n|upkeep\n|turn|15\n|inactive|Battle timer is ON: inactive players will automatically lose when time's up. (requested by daddyponohue)\n|\n|t:|1698877877\n|switch|p2a: \ud83d\ude08|Grimmsnarl, M|100\/100\n|move|p1a: Ditto|Seismic Toss|p2a: \ud83d\ude08\n|-damage|p2a: \ud83d\ude08|73\/100\n|\n|upkeep\n|turn|16\n|\n|t:|1698877884\n|move|p2a: \ud83d\ude08|Reflect|p2a: \ud83d\ude08\n|-sidestart|p2: TACOB3I|Reflect\n|move|p1a: Ditto|Seismic Toss|p2a: \ud83d\ude08\n|-damage|p2a: \ud83d\ude08|46\/100\n|\n|upkeep\n|turn|17\n|\n|t:|1698877886\n|move|p2a: \ud83d\ude08|Light Screen|p2a: \ud83d\ude08\n|-sidestart|p2: TACOB3I|move: Light Screen\n|move|p1a: Ditto|Seismic Toss|p2a: \ud83d\ude08\n|-damage|p2a: \ud83d\ude08|19\/100\n|\n|upkeep\n|turn|18\n|\n|t:|1698877888\n|move|p2a: \ud83d\ude08|Thunder Wave|p1a: Ditto|[miss]\n|-miss|p2a: \ud83d\ude08|p1a: Ditto\n|move|p1a: Ditto|Seismic Toss|p2a: \ud83d\ude08\n|-damage|p2a: \ud83d\ude08|0 fnt\n|faint|p2a: \ud83d\ude08\n|\n|upkeep\n|\n|t:|1698877894\n|switch|p2a: Groudon|Groudon-Primal|65\/100\n|-weather|DesolateLand|[from] ability: Desolate Land|[of] p2a: Groudon\n|turn|19\n|\n|t:|1698877903\n|move|p1a: Ditto|Seismic Toss|p2a: Groudon\n|-damage|p2a: Groudon|36\/100\n|move|p2a: Groudon|Heat Crash|p1a: Ditto\n|-damage|p1a: Ditto|0 fnt\n|faint|p1a: Ditto\n|\n|-weather|DesolateLand|[upkeep]\n|upkeep\n|\n|t:|1698877907\n|switch|p1a: Landorus|Landorus, M|5\/100\n|turn|20\n|\n|t:|1698877911\n|-weather|none\n|switch|p2a: Kangaskhan|Kangaskhan, F|12\/100\n|move|p1a: Landorus|Sandsear Storm|p2a: Kangaskhan\n|-damage|p2a: Kangaskhan|0 fnt\n|faint|p2a: Kangaskhan\n|\n|upkeep\n|\n|t:|1698877914\n|switch|p2a: Gabriel gambit|Kingambit, M|100\/100\n|-activate|p2a: Gabriel gambit|ability: Supreme Overlord\n|-start|p2a: Gabriel gambit|fallen4|[silent]\n|turn|21\n|\n|t:|1698877920\n|move|p2a: Gabriel gambit|Sucker Punch|p1a: Landorus\n|-damage|p1a: Landorus|0 fnt\n|faint|p1a: Landorus\n|\n|upkeep\n|\n|t:|1698877923\n|switch|p1a: Kyogre|Kyogre|100\/100\n|-weather|RainDance|[from] ability: Drizzle|[of] p1a: Kyogre\n|turn|22\n|\n|t:|1698877929\n|-end|p2a: Gabriel gambit|fallen4|[silent]\n|switch|p2a: Groudon|Groudon-Primal|36\/100\n|-weather|DesolateLand|[from] ability: Desolate Land|[of] p2a: Groudon\n|-terastallize|p1a: Kyogre|Water\n|move|p1a: Kyogre|Origin Pulse||[still]\n|-fail|p1a: Kyogre|Origin Pulse|[from] Desolate Land\n|\n|-weather|DesolateLand|[upkeep]\n|upkeep\n|turn|23\n|\n|t:|1698877939\n|switch|p1a: Basculegion|Basculegion, M|100\/100\n|move|p2a: Groudon|Precipice Blades|p1a: Basculegion\n|-damage|p1a: Basculegion|0 fnt\n|faint|p1a: Basculegion\n|\n|-weather|DesolateLand|[upkeep]\n|-sideend|p2: TACOB3I|Reflect\n|upkeep\n|\n|t:|1698877940\n|switch|p1a: Kyogre|Kyogre, tera:Water|100\/100\n|-ability|p1a: Kyogre|Drizzle|[from] desolateland|[fail]\n|turn|24\n|\n|t:|1698877944\n|move|p1a: Kyogre|Ice Beam|p2a: Groudon\n|-damage|p2a: Groudon|10\/100\n|move|p2a: Groudon|Precipice Blades|p1a: Kyogre\n|-damage|p1a: Kyogre|6\/100\n|\n|-weather|DesolateLand|[upkeep]\n|-sideend|p2: TACOB3I|move: Light Screen\n|upkeep\n|turn|25\n|\n|t:|1698877946\n|move|p1a: Kyogre|Ice Beam|p2a: Groudon\n|-damage|p2a: Groudon|0 fnt\n|faint|p2a: Groudon\n|-weather|none\n|\n|upkeep\n|\n|t:|1698877948\n|switch|p2a: Gabriel gambit|Kingambit, M|100\/100\n|-activate|p2a: Gabriel gambit|ability: Supreme Overlord\n|-start|p2a: Gabriel gambit|fallen5|[silent]\n|turn|26\n|c|\u2606daddyponohue|gg\n|\n|t:|1698877951\n|move|p2a: Gabriel gambit|Sucker Punch|p1a: Kyogre\n|-damage|p1a: Kyogre|0 fnt\n|faint|p1a: Kyogre\n|\n|win|TACOB3I\n|raw|daddyponohue's rating: 1387 &rarr; <strong>1368<\/strong><br \/>(-19 for losing)\n|raw|TACOB3I's rating: 1397 &rarr; <strong>1416<\/strong><br \/>(+19 for winning)\n|c|\u2606TACOB3I|gg\n|l|\u2606daddyponohue\n","uploadtime":1698877968,"views":6,"p1id":"daddyponohue","p2id":"tacob3i","formatid":"gen9nationaldexubers","rating":1368,"private":0,"password":""}