{"id":"gen9nationaldexubers-1995201142","p1":"Lanshei","p2":"DocGoose","format":"[Gen 9] National Dex Ubers","log":"|j|\u2606Lanshei\n|j|\u2606DocGoose\n|t:|1700533949\n|gametype|singles\n|player|p1|Lanshei|psychic|\n|player|p2|DocGoose|palmer|\n|teamsize|p1|6\n|teamsize|p2|6\n|gen|9\n|tier|[Gen 9] National Dex Ubers\n|rule|HP Percentage Mod: HP is shown in percentages\n|rule|Endless Battle Clause: Forcing endless battles is banned\n|rule|OHKO Clause: OHKO moves are banned\n|rule|Evasion Moves Clause: Evasion moves are banned\n|rule|Evasion Items Clause: Evasion items are banned\n|rule|Species Clause: Limit one of each Pok\u00e9mon\n|rule|Sleep Clause Mod: Limit one foe put to sleep\n|rule|Mega Rayquaza Clause: You cannot mega evolve Rayquaza\n|clearpoke\n|poke|p1|Toxapex, F|\n|poke|p1|Pelipper, M|\n|poke|p1|Thundurus-Therian, M|\n|poke|p1|Hattrem, F|\n|poke|p1|Volcanion|\n|poke|p1|Swampert, F|\n|poke|p2|Ninetales-Alola, F|\n|poke|p2|Baxcalibur, M|\n|poke|p2|Magnezone|\n|poke|p2|Arboliva, F|\n|poke|p2|Sneasler, M|\n|poke|p2|Gligar, M|\n|teampreview\n|\n|t:|1700533967\n|start\n|switch|p1a: Trick|Hattrem, F|100\/100\n|switch|p2a: Gligar|Gligar, M|100\/100\n|turn|1\n|\n|t:|1700533980\n|move|p2a: Gligar|Knock Off|p1a: Trick\n|-supereffective|p1a: Trick\n|-damage|p1a: Trick|76\/100\n|-enditem|p1a: Trick|Eviolite|[from] move: Knock Off|[of] p2a: Gligar\n|move|p1a: Trick|Nuzzle|p2a: Gligar\n|-immune|p2a: Gligar\n|\n|upkeep\n|turn|2\n|\n|t:|1700533992\n|move|p2a: Gligar|Earthquake|p1a: Trick\n|-damage|p1a: Trick|48\/100\n|move|p1a: Trick|Trick Room|p1a: Trick\n|-fieldstart|move: Trick Room|[of] p1a: Trick\n|\n|upkeep\n|turn|3\n|\n|t:|1700534009\n|switch|p1a: Grapefruit|Pelipper, M|100\/100\n|-weather|RainDance|[from] ability: Drizzle|[of] p1a: Grapefruit\n|move|p2a: Gligar|Earthquake|p1a: Grapefruit\n|-immune|p1a: Grapefruit\n|\n|-weather|RainDance|[upkeep]\n|upkeep\n|turn|4\n|\n|t:|1700534020\n|switch|p2a: Arboliva|Arboliva, F|100\/100\n|move|p1a: Grapefruit|Ice Beam|p2a: Arboliva\n|-supereffective|p2a: Arboliva\n|-damage|p2a: Arboliva|69\/100\n|-fieldstart|move: Grassy Terrain|[from] ability: Seed Sower|[of] p2a: Arboliva\n|\n|-weather|RainDance|[upkeep]\n|-heal|p2a: Arboliva|75\/100|[from] Grassy Terrain\n|upkeep\n|turn|5\n|\n|t:|1700534048\n|switch|p2a: Magnezone|Magnezone|100\/100\n|switch|p1a: CckRing|Volcanion|100\/100\n|\n|-weather|RainDance|[upkeep]\n|upkeep\n|turn|6\n|\n|t:|1700534063\n|switch|p1a: Cocaine|Thundurus-Therian, M|100\/100\n|-terastallize|p2a: Magnezone|Fighting\n|move|p2a: Magnezone|Thunder|p1a: Cocaine\n|-immune|p1a: Cocaine|[from] ability: Volt Absorb\n|\n|-weather|RainDance|[upkeep]\n|-fieldend|move: Trick Room\n|upkeep\n|turn|7\n|\n|t:|1700534091\n|switch|p2a: Ninetales|Ninetales-Alola, F, shiny|100\/100\n|-weather|Snow|[from] ability: Snow Warning|[of] p2a: Ninetales\n|move|p1a: Cocaine|Sludge Wave|p2a: Ninetales\n|-supereffective|p2a: Ninetales\n|-damage|p2a: Ninetales|26\/100\n|-status|p2a: Ninetales|psn\n|\n|-weather|Snow|[upkeep]\n|-heal|p2a: Ninetales|32\/100 psn|[from] Grassy Terrain\n|-damage|p2a: Ninetales|19\/100 psn|[from] psn\n|upkeep\n|turn|8\n|\n|t:|1700534108\n|move|p2a: Ninetales|Aurora Veil|p2a: Ninetales\n|-sidestart|p2: DocGoose|move: Aurora Veil\n|move|p1a: Cocaine|Volt Switch|p2a: Ninetales\n|-damage|p2a: Ninetales|0 fnt\n|faint|p2a: Ninetales\n|\n|t:|1700534117\n|switch|p1a: SWOLEPERT|Swampert, F|100\/100|[from] Volt Switch\n|\n|-weather|Snow|[upkeep]\n|-fieldend|move: Grassy Terrain\n|upkeep\n|\n|t:|1700534122\n|switch|p2a: Baxcalibur|Baxcalibur, M|100\/100\n|turn|9\n|\n|t:|1700534133\n|detailschange|p1a: SWOLEPERT|Swampert-Mega, F\n|-mega|p1a: SWOLEPERT|Swampert|Swampertite\n|move|p2a: Baxcalibur|Dragon Dance|p2a: Baxcalibur\n|-boost|p2a: Baxcalibur|atk|1\n|-boost|p2a: Baxcalibur|spe|1\n|move|p1a: SWOLEPERT|Earthquake|p2a: Baxcalibur\n|-damage|p2a: Baxcalibur|79\/100\n|\n|-weather|Snow|[upkeep]\n|upkeep\n|turn|10\n|\n|t:|1700534143\n|move|p2a: Baxcalibur|Scale Shot|p1a: SWOLEPERT\n|-damage|p1a: SWOLEPERT|81\/100\n|-damage|p1a: SWOLEPERT|63\/100\n|-damage|p1a: SWOLEPERT|43\/100\n|-damage|p1a: SWOLEPERT|26\/100\n|-damage|p1a: SWOLEPERT|7\/100\n|-hitcount|p1a: SWOLEPERT|5\n|-unboost|p2a: Baxcalibur|def|1\n|-boost|p2a: Baxcalibur|spe|1\n|move|p1a: SWOLEPERT|Brick Break|p2a: Baxcalibur\n|-sideend|p2: DocGoose|move: Aurora Veil\n|-supereffective|p2a: Baxcalibur\n|-damage|p2a: Baxcalibur|14\/100\n|\n|-weather|Snow|[upkeep]\n|upkeep\n|turn|11\n|\n|t:|1700534165\n|switch|p1a: Bunker|Toxapex, F, shiny|100\/100\n|move|p2a: Baxcalibur|Scale Shot|p1a: Bunker\n|-damage|p1a: Bunker|85\/100\n|-damage|p1a: Bunker|72\/100\n|-damage|p1a: Bunker|59\/100\n|-damage|p1a: Bunker|45\/100\n|-damage|p1a: Bunker|31\/100\n|-hitcount|p1a: Bunker|5\n|-unboost|p2a: Baxcalibur|def|1\n|-boost|p2a: Baxcalibur|spe|1\n|\n|-weather|none\n|-heal|p1a: Bunker|37\/100|[from] item: Black Sludge\n|upkeep\n|turn|12\n|\n|t:|1700534184\n|move|p2a: Baxcalibur|Icicle Spear|p1a: Bunker\n|-resisted|p1a: Bunker\n|-damage|p1a: Bunker|30\/100\n|-resisted|p1a: Bunker\n|-damage|p1a: Bunker|22\/100\n|-resisted|p1a: Bunker\n|-damage|p1a: Bunker|15\/100\n|-resisted|p1a: Bunker\n|-damage|p1a: Bunker|8\/100\n|-resisted|p1a: Bunker\n|-damage|p1a: Bunker|1\/100\n|-hitcount|p1a: Bunker|5\n|move|p1a: Bunker|Chilling Water|p2a: Baxcalibur\n|-resisted|p2a: Baxcalibur\n|-damage|p2a: Baxcalibur|9\/100\n|-unboost|p2a: Baxcalibur|atk|1\n|\n|-heal|p1a: Bunker|7\/100|[from] item: Black Sludge\n|upkeep\n|turn|13\n|\n|t:|1700534205\n|switch|p1a: Trick|Hattrem, F|48\/100\n|move|p2a: Baxcalibur|Icicle Spear|p1a: Trick\n|-damage|p1a: Trick|32\/100\n|-damage|p1a: Trick|15\/100\n|-crit|p1a: Trick\n|-damage|p1a: Trick|0 fnt\n|faint|p1a: Trick\n|-hitcount|p1: Trick|3\n|\n|upkeep\n|\n|t:|1700534225\n|switch|p1a: Cocaine|Thundurus-Therian, M|100\/100\n|turn|14\n|\n|t:|1700534234\n|move|p2a: Baxcalibur|Icicle Spear|p1a: Cocaine\n|-supereffective|p1a: Cocaine\n|-crit|p1a: Cocaine\n|-damage|p1a: Cocaine|32\/100\n|-supereffective|p1a: Cocaine\n|-damage|p1a: Cocaine|0 fnt\n|faint|p1a: Cocaine\n|-hitcount|p1: Cocaine|2\n|\n|upkeep\n|\n|t:|1700534241\n|switch|p1a: Grapefruit|Pelipper, M|100\/100\n|-weather|RainDance|[from] ability: Drizzle|[of] p1a: Grapefruit\n|turn|15\n|\n|t:|1700534251\n|move|p2a: Baxcalibur|Icicle Spear|p1a: Grapefruit\n|-damage|p1a: Grapefruit|84\/100\n|-damage|p1a: Grapefruit|68\/100\n|-damage|p1a: Grapefruit|51\/100\n|-damage|p1a: Grapefruit|35\/100\n|-damage|p1a: Grapefruit|19\/100\n|-hitcount|p1a: Grapefruit|5\n|move|p1a: Grapefruit|Hurricane|p2a: Baxcalibur\n|-damage|p2a: Baxcalibur|0 fnt\n|faint|p2a: Baxcalibur\n|\n|-weather|RainDance|[upkeep]\n|upkeep\n|\n|t:|1700534263\n|switch|p2a: Magnezone|Magnezone, tera:Fighting|100\/100\n|turn|16\n|\n|t:|1700534276\n|switch|p2a: Arboliva|Arboliva, F|75\/100\n|switch|p1a: SWOLEPERT|Swampert-Mega, F|7\/100\n|\n|-weather|RainDance|[upkeep]\n|upkeep\n|turn|17\n|\n|t:|1700534292\n|switch|p1a: Bunker|Toxapex, F, shiny|40\/100\n|move|p2a: Arboliva|Giga Drain|p1a: Bunker\n|-damage|p1a: Bunker|10\/100\n|-heal|p2a: Arboliva|88\/100|[from] drain|[of] p1a: Bunker\n|\n|-weather|RainDance|[upkeep]\n|-heal|p1a: Bunker|16\/100|[from] item: Black Sludge\n|upkeep\n|turn|18\n|\n|t:|1700534302\n|move|p2a: Arboliva|Earth Power|p1a: Bunker\n|-supereffective|p1a: Bunker\n|-damage|p1a: Bunker|0 fnt\n|faint|p1a: Bunker\n|\n|-weather|RainDance|[upkeep]\n|upkeep\n|\n|t:|1700534307\n|switch|p1a: CckRing|Volcanion|100\/100\n|turn|19\n|\n|t:|1700534328\n|-terastallize|p1a: CckRing|Water\n|move|p1a: CckRing|Steam Eruption|p2a: Arboliva\n|-resisted|p2a: Arboliva\n|-damage|p2a: Arboliva|36\/100\n|-fieldstart|move: Grassy Terrain|[from] ability: Seed Sower|[of] p2a: Arboliva\n|move|p2a: Arboliva|Earth Power|p1a: CckRing\n|-damage|p1a: CckRing|69\/100\n|\n|-weather|RainDance|[upkeep]\n|-heal|p1a: CckRing|75\/100|[from] Grassy Terrain\n|-heal|p2a: Arboliva|42\/100|[from] Grassy Terrain\n|upkeep\n|turn|20\n|\n|t:|1700534354\n|switch|p2a: Gligar|Gligar, M|100\/100\n|move|p1a: CckRing|Steam Eruption|p2a: Gligar\n|-supereffective|p2a: Gligar\n|-crit|p2a: Gligar\n|-damage|p2a: Gligar|0 fnt\n|faint|p2a: Gligar\n|\n|-weather|RainDance|[upkeep]\n|-heal|p1a: CckRing|81\/100|[from] Grassy Terrain\n|upkeep\n|\n|t:|1700534363\n|switch|p2a: Sneasler|Sneasler, M|100\/100\n|-enditem|p2a: Sneasler|Grassy Seed\n|-boost|p2a: Sneasler|def|1|[from] item: Grassy Seed\n|turn|21\n|\n|t:|1700534393\n|move|p2a: Sneasler|Acrobatics|p1a: CckRing\n|-damage|p1a: CckRing|46\/100\n|move|p1a: CckRing|Steam Eruption|p2a: Sneasler\n|-damage|p2a: Sneasler|0 fnt\n|faint|p2a: Sneasler\n|\n|-weather|RainDance|[upkeep]\n|-heal|p1a: CckRing|52\/100|[from] Grassy Terrain\n|upkeep\n|\n|t:|1700534401\n|switch|p2a: Magnezone|Magnezone, tera:Fighting|100\/100\n|turn|22\n|\n|t:|1700534411\n|move|p2a: Magnezone|Volt Switch|p1a: CckRing\n|-supereffective|p1a: CckRing\n|-damage|p1a: CckRing|0 fnt\n|faint|p1a: CckRing\n|\n|t:|1700534416\n|switch|p2a: Arboliva|Arboliva, F|42\/100|[from] Volt Switch\n|\n|-weather|none\n|-heal|p2a: Arboliva|49\/100|[from] Grassy Terrain\n|upkeep\n|\n|t:|1700534422\n|switch|p1a: Grapefruit|Pelipper, M|19\/100\n|-weather|RainDance|[from] ability: Drizzle|[of] p1a: Grapefruit\n|turn|23\n|\n|t:|1700534430\n|move|p1a: Grapefruit|Ice Beam|p2a: Arboliva\n|-supereffective|p2a: Arboliva\n|-damage|p2a: Arboliva|16\/100\n|-status|p2a: Arboliva|frz\n|cant|p2a: Arboliva|frz\n|\n|-weather|RainDance|[upkeep]\n|-heal|p2a: Arboliva|22\/100 frz|[from] Grassy Terrain\n|-fieldend|move: Grassy Terrain\n|upkeep\n|turn|24\n|\n|t:|1700534440\n|move|p1a: Grapefruit|Ice Beam|p2a: Arboliva\n|-supereffective|p2a: Arboliva\n|-damage|p2a: Arboliva|0 fnt\n|-fieldstart|move: Grassy Terrain|[from] ability: Seed Sower|[of] p2a: Arboliva\n|faint|p2a: Arboliva\n|\n|-weather|RainDance|[upkeep]\n|upkeep\n|\n|t:|1700534446\n|switch|p2a: Magnezone|Magnezone, tera:Fighting|100\/100\n|turn|25\n|\n|t:|1700534452\n|move|p2a: Magnezone|Flash Cannon|p1a: Grapefruit\n|-resisted|p1a: Grapefruit\n|-damage|p1a: Grapefruit|0 fnt\n|faint|p1a: Grapefruit\n|\n|-weather|RainDance|[upkeep]\n|upkeep\n|\n|t:|1700534457\n|switch|p1a: SWOLEPERT|Swampert-Mega, F|7\/100\n|turn|26\n|\n|t:|1700534470\n|move|p2a: Magnezone|Flash Cannon|p1a: SWOLEPERT\n|-resisted|p1a: SWOLEPERT\n|-damage|p1a: SWOLEPERT|0 fnt\n|faint|p1a: SWOLEPERT\n|\n|win|DocGoose\n","uploadtime":1700534488,"views":11,"p1id":"lanshei","p2id":"docgoose","formatid":"gen9nationaldexubers","rating":0,"private":0,"password":""}