{"id":"gen9nationaldexubers-1989146675","p1":"vctlpz","p2":"ToxicHast3","format":"[Gen 9] National Dex Ubers","log":"|j|\u2606vctlpz\n|j|\u2606ToxicHast3\n|t:|1699817194\n|gametype|singles\n|player|p1|vctlpz|266|1040\n|player|p2|ToxicHast3|veteran|1000\n|teamsize|p1|6\n|teamsize|p2|6\n|gen|9\n|tier|[Gen 9] National Dex Ubers\n|rated|\n|rule|HP Percentage Mod: HP is shown in percentages\n|rule|Endless Battle Clause: Forcing endless battles is banned\n|rule|OHKO Clause: OHKO moves are banned\n|rule|Evasion Moves Clause: Evasion moves are banned\n|rule|Evasion Items Clause: Evasion items are banned\n|rule|Species Clause: Limit one of each Pok\u00e9mon\n|rule|Sleep Clause Mod: Limit one foe put to sleep\n|rule|Mega Rayquaza Clause: You cannot mega evolve Rayquaza\n|clearpoke\n|poke|p1|Gallade, M|\n|poke|p1|Infernape, F|\n|poke|p1|Latios, M|\n|poke|p1|Garchomp, M|\n|poke|p1|Mewtwo|\n|poke|p1|Volcarona, M|\n|poke|p2|Salamence, M|\n|poke|p2|Talonflame, M|\n|poke|p2|Zeraora|\n|poke|p2|Greninja-*, F|\n|poke|p2|Scizor, M|\n|poke|p2|Conkeldurr, M|\n|teampreview\n|\n|t:|1699817216\n|start\n|switch|p1a: Infernape|Infernape, F|100\/100\n|switch|p2a: Salamence|Salamence, M|100\/100\n|-ability|p2a: Salamence|Intimidate|boost\n|-unboost|p1a: Infernape|atk|1\n|turn|1\n|\n|t:|1699817224\n|switch|p1a: Latios|Latios, M|100\/100\n|detailschange|p2a: Salamence|Salamence-Mega, M\n|-mega|p2a: Salamence|Salamence|Salamencite\n|move|p2a: Salamence|Dragon Dance|p2a: Salamence\n|-boost|p2a: Salamence|atk|1\n|-boost|p2a: Salamence|spe|1\n|\n|upkeep\n|turn|2\n|\n|t:|1699817230\n|move|p2a: Salamence|Dragon Claw|p1a: Latios\n|-supereffective|p1a: Latios\n|-damage|p1a: Latios|0 fnt\n|faint|p1a: Latios\n|\n|upkeep\n|\n|t:|1699817234\n|switch|p1a: Garchomp|Garchomp, M|100\/100\n|turn|3\n|\n|t:|1699817257\n|-terastallize|p1a: Garchomp|Dragon\n|move|p2a: Salamence|Dragon Claw|p1a: Garchomp\n|-supereffective|p1a: Garchomp\n|-damage|p1a: Garchomp|0 fnt\n|-damage|p2a: Salamence|88\/100|[from] ability: Rough Skin|[of] p1a: Garchomp\n|-damage|p2a: Salamence|71\/100|[from] item: Rocky Helmet|[of] p1a: Garchomp\n|faint|p1a: Garchomp\n|\n|upkeep\n|\n|t:|1699817271\n|switch|p1a: Gallade|Gallade, M|100\/100\n|turn|4\n|\n|t:|1699817278\n|detailschange|p1a: Gallade|Gallade-Mega, M\n|-mega|p1a: Gallade|Gallade|Galladite\n|move|p2a: Salamence|Earthquake|p1a: Gallade\n|-damage|p1a: Gallade|23\/100\n|move|p1a: Gallade|Stone Edge|p2a: Salamence\n|-supereffective|p2a: Salamence\n|-damage|p2a: Salamence|1\/100\n|\n|upkeep\n|turn|5\n|\n|t:|1699817298\n|move|p2a: Salamence|Dragon Claw|p1a: Gallade\n|-damage|p1a: Gallade|0 fnt\n|faint|p1a: Gallade\n|\n|upkeep\n|\n|t:|1699817305\n|switch|p1a: Mewtwo|Mewtwo|100\/100\n|-ability|p1a: Mewtwo|Pressure\n|turn|6\n|\n|t:|1699817349\n|move|p2a: Salamence|Return|p1a: Mewtwo\n|-damage|p1a: Mewtwo|0 fnt\n|faint|p1a: Mewtwo\n|\n|upkeep\n|\n|t:|1699817359\n|switch|p1a: Infernape|Infernape, F|100\/100\n|turn|7\n|\n|t:|1699817362\n|move|p2a: Salamence|Earthquake|p1a: Infernape\n|-supereffective|p1a: Infernape\n|-damage|p1a: Infernape|0 fnt\n|faint|p1a: Infernape\n|\n|upkeep\n|\n|t:|1699817365\n|switch|p1a: Volcarona|Volcarona, M, shiny|100\/100\n|turn|8\n|\n|t:|1699817372\n|move|p2a: Salamence|Return|p1a: Volcarona\n|-supereffective|p1a: Volcarona\n|-damage|p1a: Volcarona|0 fnt\n|faint|p1a: Volcarona\n|\n|win|ToxicHast3\n|raw|vctlpz's rating: 1040 &rarr; <strong>1022<\/strong><br \/>(-18 for losing)\n|raw|ToxicHast3's rating: 1000 &rarr; <strong>1045<\/strong><br \/>(+45 for winning)\n","uploadtime":1699817377,"views":22,"p1id":"vctlpz","p2id":"toxichast3","formatid":"gen9nationaldexubers","rating":1022,"private":0,"password":""}