{"id":"gen9nationaldexubers-1998928884","p1":"Jaydenx64","p2":"sondtrai","format":"[Gen 9] National Dex Ubers","log":"|j|\u2606Jaydenx64\n|j|\u2606sondtrai\n|t:|1701014254\n|gametype|singles\n|player|p1|Jaydenx64|2|1044\n|player|p2|sondtrai|red|1091\n|teamsize|p1|6\n|teamsize|p2|6\n|gen|9\n|tier|[Gen 9] National Dex Ubers\n|rated|\n|rule|HP Percentage Mod: HP is shown in percentages\n|rule|Endless Battle Clause: Forcing endless battles is banned\n|rule|OHKO Clause: OHKO moves are banned\n|rule|Evasion Moves Clause: Evasion moves are banned\n|rule|Evasion Items Clause: Evasion items are banned\n|rule|Species Clause: Limit one of each Pok\u00e9mon\n|rule|Sleep Clause Mod: Limit one foe put to sleep\n|rule|Mega Rayquaza Clause: You cannot mega evolve Rayquaza\n|clearpoke\n|poke|p1|Incineroar, F|\n|poke|p1|Meowscarada, M|\n|poke|p1|Sylveon, F|\n|poke|p1|Luxray, F|\n|poke|p1|Meowstic, M|\n|poke|p1|Perrserker, F|\n|poke|p2|Malamar, M|\n|poke|p2|Ribombee, F|\n|poke|p2|Cinderace, M|\n|poke|p2|Iron Treads|\n|poke|p2|Metagross|\n|poke|p2|Necrozma-Dusk-Mane|\n|teampreview\n|\n|t:|1701014260\n|start\n|switch|p1a: Perrserker|Perrserker, F|100\/100\n|switch|p2a: Ribombee|Ribombee, F|100\/100\n|turn|1\n|inactive|Battle timer is ON: inactive players will automatically lose when time's up. (requested by sondtrai)\n|\n|t:|1701014266\n|move|p1a: Perrserker|Fake Out|p2a: Ribombee\n|-crit|p2a: Ribombee\n|-damage|p2a: Ribombee|48\/100\n|move|p2a: Ribombee|Sticky Web|p1a: Perrserker\n|-sidestart|p1: Jaydenx64|move: Sticky Web\n|\n|upkeep\n|turn|2\n|\n|t:|1701014276\n|move|p2a: Ribombee|Moonblast|p1a: Perrserker\n|-resisted|p1a: Perrserker\n|-damage|p1a: Perrserker|84\/100\n|-unboost|p1a: Perrserker|spa|1\n|move|p1a: Perrserker|Iron Head|p2a: Ribombee\n|-supereffective|p2a: Ribombee\n|-damage|p2a: Ribombee|0 fnt\n|faint|p2a: Ribombee\n|\n|upkeep\n|\n|t:|1701014281\n|switch|p2a: Cinderace|Cinderace, M|100\/100\n|turn|3\n|\n|t:|1701014288\n|move|p2a: Cinderace|Court Change|p2a: Cinderace\n|-start|p2a: Cinderace|typechange|Normal|[from] ability: Libero\n|-swapsideconditions\n|-activate|p2a: Cinderace|move: Court Change\n|move|p1a: Perrserker|Iron Head|p2a: Cinderace\n|-damage|p2a: Cinderace|39\/100\n|\n|upkeep\n|turn|4\n|\n|t:|1701014293\n|move|p2a: Cinderace|Pyro Ball|p1a: Perrserker\n|-supereffective|p1a: Perrserker\n|-damage|p1a: Perrserker|14\/100\n|move|p1a: Perrserker|Iron Head|p2a: Cinderace\n|-damage|p2a: Cinderace|0 fnt\n|faint|p2a: Cinderace\n|\n|upkeep\n|\n|t:|1701014298\n|switch|p2a: Malamar|Malamar, M|100\/100\n|-activate|p2a: Malamar|move: Sticky Web\n|-boost|p2a: Malamar|spe|1\n|turn|5\n|\n|t:|1701014303\n|move|p2a: Malamar|Superpower|p1a: Perrserker\n|-supereffective|p1a: Perrserker\n|-damage|p1a: Perrserker|0 fnt\n|-boost|p2a: Malamar|atk|1\n|-boost|p2a: Malamar|def|1\n|faint|p1a: Perrserker\n|\n|upkeep\n|\n|t:|1701014315\n|switch|p1a: Sylveon|Sylveon, F|100\/100\n|turn|6\n|\n|t:|1701014331\n|move|p2a: Malamar|Psycho Cut|p1a: Sylveon\n|-damage|p1a: Sylveon|60\/100\n|move|p1a: Sylveon|Hyper Voice|p2a: Malamar\n|-supereffective|p2a: Malamar\n|-damage|p2a: Malamar|0 fnt\n|faint|p2a: Malamar\n|\n|-heal|p1a: Sylveon|66\/100|[from] item: Leftovers\n|upkeep\n|\n|t:|1701014335\n|switch|p2a: Iron Treads|Iron Treads|100\/100\n|turn|7\n|\n|t:|1701014337\n|move|p2a: Iron Treads|Rapid Spin|p1a: Sylveon\n|-damage|p1a: Sylveon|53\/100\n|-boost|p2a: Iron Treads|spe|1\n|-sideend|p2: sondtrai|Sticky Web|[from] move: Rapid Spin|[of] p2a: Iron Treads\n|move|p1a: Sylveon|Mystical Fire|p2a: Iron Treads\n|-supereffective|p2a: Iron Treads\n|-crit|p2a: Iron Treads\n|-damage|p2a: Iron Treads|48\/100\n|-unboost|p2a: Iron Treads|spa|1\n|\n|-heal|p1a: Sylveon|59\/100|[from] item: Leftovers\n|upkeep\n|turn|8\n|\n|t:|1701014343\n|move|p2a: Iron Treads|Stealth Rock|p1a: Sylveon\n|-sidestart|p1: Jaydenx64|move: Stealth Rock\n|move|p1a: Sylveon|Mystical Fire|p2a: Iron Treads\n|-supereffective|p2a: Iron Treads\n|-damage|p2a: Iron Treads|11\/100\n|-unboost|p2a: Iron Treads|spa|1\n|\n|-heal|p1a: Sylveon|65\/100|[from] item: Leftovers\n|upkeep\n|turn|9\n|\n|t:|1701014349\n|move|p2a: Iron Treads|Earthquake|p1a: Sylveon\n|-damage|p1a: Sylveon|29\/100\n|move|p1a: Sylveon|Mystical Fire|p2a: Iron Treads\n|-supereffective|p2a: Iron Treads\n|-damage|p2a: Iron Treads|0 fnt\n|faint|p2a: Iron Treads\n|-end|p2a: Iron Treads|Quark Drive|[silent]\n|\n|-heal|p1a: Sylveon|35\/100|[from] item: Leftovers\n|upkeep\n|\n|t:|1701014359\n|switch|p2a: Metagross|Metagross|100\/100\n|turn|10\n|\n|t:|1701014362\n|detailschange|p2a: Metagross|Metagross-Mega\n|-mega|p2a: Metagross|Metagross|Metagrossite\n|move|p2a: Metagross|Meteor Mash|p1a: Sylveon|[miss]\n|-miss|p2a: Metagross|p1a: Sylveon\n|move|p1a: Sylveon|Mystical Fire|p2a: Metagross\n|-supereffective|p2a: Metagross\n|-damage|p2a: Metagross|50\/100\n|-unboost|p2a: Metagross|spa|1\n|\n|-heal|p1a: Sylveon|41\/100|[from] item: Leftovers\n|upkeep\n|turn|11\n|\n|t:|1701014368\n|move|p2a: Metagross|Meteor Mash|p1a: Sylveon\n|-supereffective|p1a: Sylveon\n|-damage|p1a: Sylveon|0 fnt\n|faint|p1a: Sylveon\n|\n|upkeep\n|\n|t:|1701014373\n|switch|p1a: Meowscarada|Meowscarada, M|100\/100\n|-damage|p1a: Meowscarada|88\/100|[from] Stealth Rock\n|turn|12\n|\n|t:|1701014380\n|move|p1a: Meowscarada|Knock Off|p2a: Metagross\n|-start|p1a: Meowscarada|typechange|Dark|[from] ability: Protean\n|-supereffective|p2a: Metagross\n|-damage|p2a: Metagross|0 fnt\n|faint|p2a: Metagross\n|\n|upkeep\n|\n|t:|1701014384\n|switch|p2a: Necrozma|Necrozma-Dusk-Mane|100\/100\n|turn|13\n|\n|t:|1701014386\n|move|p1a: Meowscarada|Knock Off|p2a: Necrozma\n|-supereffective|p2a: Necrozma\n|-damage|p2a: Necrozma|42\/100\n|move|p2a: Necrozma|Dragon Dance|p2a: Necrozma\n|-boost|p2a: Necrozma|atk|1\n|-boost|p2a: Necrozma|spe|1\n|\n|upkeep\n|turn|14\n|\n|t:|1701014396\n|switch|p1a: Luxray|Luxray, F|100\/100\n|-damage|p1a: Luxray|88\/100|[from] Stealth Rock\n|move|p2a: Necrozma|Dragon Dance|p2a: Necrozma\n|-boost|p2a: Necrozma|atk|1\n|-boost|p2a: Necrozma|spe|1\n|\n|-status|p1a: Luxray|brn|[from] item: Flame Orb\n|upkeep\n|turn|15\n|\n|t:|1701014406\n|move|p2a: Necrozma|Earthquake|p1a: Luxray\n|-supereffective|p1a: Luxray\n|-damage|p1a: Luxray|0 fnt\n|faint|p1a: Luxray\n|\n|upkeep\n|\n|t:|1701014411\n|switch|p1a: Meowstic|Meowstic, M|100\/100\n|-damage|p1a: Meowstic|88\/100|[from] Stealth Rock\n|turn|16\n|\n|t:|1701014423\n|move|p1a: Meowstic|Reflect|p1a: Meowstic\n|-sidestart|p1: Jaydenx64|Reflect\n|move|p2a: Necrozma|Sunsteel Strike|p1a: Meowstic\n|-damage|p1a: Meowstic|1\/100\n|\n|upkeep\n|turn|17\n|\n|t:|1701014428\n|move|p1a: Meowstic|Yawn|p2a: Necrozma\n|-start|p2a: Necrozma|move: Yawn|[of] p1a: Meowstic\n|move|p2a: Necrozma|Sunsteel Strike|p1a: Meowstic\n|-damage|p1a: Meowstic|0 fnt\n|faint|p1a: Meowstic\n|\n|upkeep\n|\n|t:|1701014431\n|switch|p1a: Incineroar|Incineroar, F|100\/100\n|-ability|p1a: Incineroar|Intimidate|boost\n|-unboost|p2a: Necrozma|atk|1\n|turn|18\n|\n|t:|1701014436\n|move|p2a: Necrozma|Photon Geyser|p1a: Incineroar\n|-immune|p1a: Incineroar\n|move|p1a: Incineroar|Flare Blitz|p2a: Necrozma\n|-supereffective|p2a: Necrozma\n|-damage|p2a: Necrozma|0 fnt\n|faint|p2a: Necrozma\n|-damage|p1a: Incineroar|87\/100|[from] Recoil\n|\n|win|Jaydenx64\n|raw|Jaydenx64's rating: 1044 &rarr; <strong>1082<\/strong><br \/>(+38 for winning)\n|raw|sondtrai's rating: 1091 &rarr; <strong>1064<\/strong><br \/>(-27 for losing)\n|l|\u2606sondtrai\n","uploadtime":1701014447,"views":13,"p1id":"jaydenx64","p2id":"sondtrai","formatid":"gen9nationaldexubers","rating":1064,"private":0,"password":""}