{"id":"gen9nationaldexubers-1992364509","p1":"dracomafon","p2":"Quizzle_tip","format":"[Gen 9] National Dex Ubers","log":"|j|\u2606dracomafon\n|j|\u2606Quizzle_tip\n|t:|1700179094\n|gametype|singles\n|player|p1|dracomafon|benga|1166\n|player|p2|Quizzle_tip|n|1259\n|teamsize|p1|6\n|teamsize|p2|6\n|gen|9\n|tier|[Gen 9] National Dex Ubers\n|rated|\n|rule|HP Percentage Mod: HP is shown in percentages\n|rule|Endless Battle Clause: Forcing endless battles is banned\n|rule|OHKO Clause: OHKO moves are banned\n|rule|Evasion Moves Clause: Evasion moves are banned\n|rule|Evasion Items Clause: Evasion items are banned\n|rule|Species Clause: Limit one of each Pok\u00e9mon\n|rule|Sleep Clause Mod: Limit one foe put to sleep\n|rule|Mega Rayquaza Clause: You cannot mega evolve Rayquaza\n|clearpoke\n|poke|p1|Groudon|\n|poke|p1|Xerneas-*|\n|poke|p1|Kyogre|\n|poke|p1|Jirachi|\n|poke|p1|Blaziken, M|\n|poke|p1|Sneasler, M|\n|poke|p2|Hydreigon, F|\n|poke|p2|Raichu, F|\n|poke|p2|Mewtwo|\n|poke|p2|Aegislash, F|\n|poke|p2|Greninja-*, M|\n|poke|p2|Sylveon, F|\n|teampreview\n|c|\u2606dracomafon|hi\n|\n|t:|1700179101\n|start\n|switch|p1a: good lord why|Sneasler, M|100\/100\n|switch|p2a: Hydreigon|Hydreigon, F|100\/100\n|turn|1\n|c|\u2606Quizzle_tip|hi\n|\n|t:|1700179113\n|switch|p2a: Aegislash|Aegislash, F, shiny|100\/100\n|move|p1a: good lord why|Dire Claw|p2a: Aegislash\n|-immune|p2a: Aegislash\n|\n|upkeep\n|turn|2\n|c|\u2606dracomafon|ah\n|\n|t:|1700179126\n|switch|p1a: Flamebringer|Blaziken, M, shiny|100\/100\n|move|p2a: Aegislash|Swords Dance|p2a: Aegislash\n|-boost|p2a: Aegislash|atk|2\n|\n|upkeep\n|turn|3\n|c|\u2606dracomafon|WEL DAT SUCKS\n|c|\u2606dracomafon|i pray u go for an attacking move\n|\n|t:|1700179152\n|move|p1a: Flamebringer|Swords Dance|p1a: Flamebringer\n|-boost|p1a: Flamebringer|atk|2\n|move|p2a: Aegislash|Swords Dance|p2a: Aegislash\n|-boost|p2a: Aegislash|atk|2\n|\n|-ability|p1a: Flamebringer|Speed Boost|boost\n|-boost|p1a: Flamebringer|spe|1\n|upkeep\n|turn|4\n|c|\u2606dracomafon|hohohohohohoohohohoho\n|\n|t:|1700179166\n|-formechange|p2a: Aegislash|Aegislash-Blade||[from] ability: Stance Change\n|move|p2a: Aegislash|Shadow Sneak|p1a: Flamebringer\n|-damage|p1a: Flamebringer|0 fnt\n|faint|p1a: Flamebringer\n|\n|upkeep\n|c|\u2606dracomafon|aw darn\n|\n|t:|1700179177\n|switch|p1a: Nartangander|Groudon, shiny|100\/100\n|detailschange|p1a: Nartangander|Groudon-Primal, shiny\n|-primal|p1a: Nartangander|Red Orb\n|-weather|DesolateLand|[from] ability: Desolate Land|[of] p1a: Nartangander\n|turn|5\n|c|\u2606dracomafon|this is an...unfortunate turn of events\n|c|\u2606dracomafon|BUT NO MATTER\n|\n|t:|1700179190\n|switch|p2a: Hydreigon|Hydreigon, F|100\/100\n|move|p1a: Nartangander|Earthquake|p2a: Hydreigon\n|-immune|p2a: Hydreigon|[from] ability: Levitate\n|\n|-weather|DesolateLand|[upkeep]\n|upkeep\n|turn|6\n|c|\u2606dracomafon|frick\n|\n|t:|1700179198\n|move|p2a: Hydreigon|Dragon Pulse|p1a: Nartangander\n|-damage|p1a: Nartangander|49\/100\n|-damage|p2a: Hydreigon|91\/100|[from] item: Life Orb\n|move|p1a: Nartangander|Iron Head|p2a: Hydreigon\n|-damage|p2a: Hydreigon|48\/100\n|\n|-weather|DesolateLand|[upkeep]\n|upkeep\n|turn|7\n|c|\u2606dracomafon|EAT STEEL\n|\n|t:|1700179206\n|move|p2a: Hydreigon|Dragon Pulse|p1a: Nartangander\n|-damage|p1a: Nartangander|1\/100\n|-damage|p2a: Hydreigon|38\/100|[from] item: Life Orb\n|move|p1a: Nartangander|Iron Head|p2a: Hydreigon\n|-damage|p2a: Hydreigon|0 fnt\n|faint|p2a: Hydreigon\n|\n|-weather|DesolateLand|[upkeep]\n|upkeep\n|\n|t:|1700179225\n|switch|p2a: Greninja|Greninja, M|100\/100\n|turn|8\n|\n|t:|1700179233\n|move|p2a: Greninja|Dark Pulse|p1a: Nartangander\n|-damage|p1a: Nartangander|0 fnt\n|faint|p1a: Nartangander\n|-weather|none\n|-ability|p2a: Greninja|Battle Bond|boost\n|-boost|p2a: Greninja|atk|1\n|-boost|p2a: Greninja|spa|1\n|-boost|p2a: Greninja|spe|1\n|-activate|p2a: Greninja|ability: Battle Bond\n|\n|upkeep\n|c|\u2606dracomafon|OH LOR\n|c|\u2606dracomafon|OR NOR\n|\n|t:|1700179246\n|switch|p1a: Narmangander|Kyogre|100\/100\n|detailschange|p1a: Narmangander|Kyogre-Primal\n|-primal|p1a: Narmangander|Blue Orb\n|-weather|PrimordialSea|[from] ability: Primordial Sea|[of] p1a: Narmangander\n|turn|9\n|\n|t:|1700179254\n|move|p2a: Greninja|Dark Pulse|p1a: Narmangander\n|-damage|p1a: Narmangander|69\/100\n|move|p1a: Narmangander|Thunder|p2a: Greninja\n|-supereffective|p2a: Greninja\n|-damage|p2a: Greninja|0 fnt\n|faint|p2a: Greninja\n|\n|-weather|PrimordialSea|[upkeep]\n|upkeep\n|c|\u2606dracomafon|DIE\n|\n|t:|1700179259\n|switch|p2a: Raichu|Raichu, F|100\/100\n|turn|10\n|\n|t:|1700179267\n|move|p2a: Raichu|Fake Out|p1a: Narmangander\n|-damage|p1a: Narmangander|57\/100\n|cant|p1a: Narmangander|flinch\n|\n|-weather|PrimordialSea|[upkeep]\n|upkeep\n|turn|11\n|\n|t:|1700179272\n|move|p2a: Raichu|Volt Tackle|p1a: Narmangander\n|-supereffective|p1a: Narmangander\n|-damage|p1a: Narmangander|0 fnt\n|faint|p1a: Narmangander\n|-weather|none\n|-damage|p2a: Raichu|76\/100|[from] Recoil\n|\n|upkeep\n|c|\u2606dracomafon|aw\n|c|\u2606dracomafon|DANG\n|c|\u2606dracomafon|THAT SUCKS\n|\n|t:|1700179280\n|switch|p1a: Wishy|Jirachi|100\/100\n|turn|12\n|\n|t:|1700179285\n|move|p2a: Raichu|Nuzzle|p1a: Wishy\n|-damage|p1a: Wishy|91\/100\n|-status|p1a: Wishy|par\n|move|p1a: Wishy|Drain Punch|p2a: Raichu\n|-damage|p2a: Raichu|33\/100\n|-heal|p1a: Wishy|100\/100 par|[from] drain|[of] p2a: Raichu\n|\n|upkeep\n|turn|13\n|\n|t:|1700179295\n|move|p2a: Raichu|Volt Tackle|p1a: Wishy\n|-damage|p1a: Wishy|37\/100 par\n|-damage|p2a: Raichu|6\/100|[from] Recoil\n|move|p1a: Wishy|Iron Head|p2a: Raichu\n|-resisted|p2a: Raichu\n|-damage|p2a: Raichu|0 fnt\n|faint|p2a: Raichu\n|\n|-heal|p1a: Wishy|43\/100 par|[from] item: Leftovers\n|upkeep\n|c|\u2606dracomafon|bye bye\n|\n|t:|1700179308\n|switch|p2a: Aegislash|Aegislash, F, shiny|100\/100\n|turn|14\n|c|\u2606dracomafon|as expected an aegislash\n|c|\u2606dracomafon|that completely walls me\n|\n|t:|1700179325\n|move|p1a: Wishy|Iron Head|p2a: Aegislash\n|-resisted|p2a: Aegislash\n|-damage|p2a: Aegislash|86\/100\n|move|p2a: Aegislash|Swords Dance|p2a: Aegislash\n|-boost|p2a: Aegislash|atk|2\n|\n|-heal|p1a: Wishy|49\/100 par|[from] item: Leftovers\n|-heal|p2a: Aegislash|92\/100|[from] item: Leftovers\n|upkeep\n|turn|15\n|c|\u2606dracomafon|great just fantastic\n|c|\u2606dracomafon|the best turn of events\n|c|\u2606dracomafon|truly\n|\n|t:|1700179355\n|cant|p1a: Wishy|par\n|move|p2a: Aegislash|Swords Dance|p2a: Aegislash\n|-boost|p2a: Aegislash|atk|2\n|\n|-heal|p1a: Wishy|56\/100 par|[from] item: Leftovers\n|-heal|p2a: Aegislash|98\/100|[from] item: Leftovers\n|upkeep\n|turn|16\n|c|\u2606dracomafon|AND I CANT EVEN MOVE\n|c|\u2606dracomafon|GREAT\n|c|\u2606dracomafon|PERFECT\n|\n|t:|1700179373\n|-formechange|p2a: Aegislash|Aegislash-Blade||[from] ability: Stance Change\n|move|p2a: Aegislash|Shadow Sneak|p1a: Wishy\n|-supereffective|p1a: Wishy\n|-damage|p1a: Wishy|0 fnt\n|faint|p1a: Wishy\n|\n|-heal|p2a: Aegislash|100\/100|[from] item: Leftovers\n|upkeep\n|c|\u2606dracomafon|im dead im done goodbye world im dead\n|\n|t:|1700179387\n|switch|p1a: good lord why|Sneasler, M|100\/100\n|turn|17\n|c|\u2606dracomafon|goodbe cruel world im 6 feet under im in the grave\n|\n|t:|1700179401\n|-formechange|p2a: Aegislash|Aegislash||[from] ability: Stance Change\n|move|p2a: Aegislash|King's Shield|p2a: Aegislash\n|-singleturn|p2a: Aegislash|Protect\n|move|p1a: good lord why|Lash Out|p2a: Aegislash\n|-activate|p2a: Aegislash|move: Protect\n|-unboost|p1a: good lord why|atk|1\n|\n|upkeep\n|turn|18\n|c|\u2606dracomafon|R.I.P\n|\n|t:|1700179421\n|move|p1a: good lord why|Lash Out|p2a: Aegislash\n|-supereffective|p2a: Aegislash\n|-damage|p2a: Aegislash|69\/100\n|-formechange|p2a: Aegislash|Aegislash-Blade||[from] ability: Stance Change\n|move|p2a: Aegislash|Iron Head|p1a: good lord why\n|-enditem|p1a: good lord why|Focus Sash\n|-damage|p1a: good lord why|1\/100\n|\n|-heal|p2a: Aegislash|75\/100|[from] item: Leftovers\n|upkeep\n|turn|19\n|c|\u2606dracomafon|ima get a funni aegislash\n|\n|t:|1700179439\n|move|p2a: Aegislash|Shadow Sneak|p1a: good lord why\n|-damage|p1a: good lord why|0 fnt\n|faint|p1a: good lord why\n|\n|-heal|p2a: Aegislash|81\/100|[from] item: Leftovers\n|upkeep\n|\n|t:|1700179444\n|switch|p1a: Tarmangander|Xerneas|100\/100\n|-ability|p1a: Tarmangander|Fairy Aura\n|turn|20\n|c|\u2606Quizzle_tip|D1 yapping omg\n|c|\u2606dracomafon|wat\n|\n|t:|1700179465\n|-formechange|p2a: Aegislash|Aegislash||[from] ability: Stance Change\n|move|p2a: Aegislash|King's Shield|p2a: Aegislash\n|-singleturn|p2a: Aegislash|Protect\n|move|p1a: Tarmangander|Flash Cannon|p2a: Aegislash\n|-activate|p2a: Aegislash|move: Protect\n|\n|-heal|p2a: Aegislash|88\/100|[from] item: Leftovers\n|upkeep\n|turn|21\n|c|\u2606Quizzle_tip|theres no reason for you to be yapping this much\n|\n|t:|1700179482\n|move|p1a: Tarmangander|Geomancy||[still]\n|-prepare|p1a: Tarmangander|Geomancy\n|-enditem|p1a: Tarmangander|Power Herb\n|-anim|p1a: Tarmangander|Geomancy|p1a: Tarmangander\n|-boost|p1a: Tarmangander|spa|2\n|-boost|p1a: Tarmangander|spd|2\n|-boost|p1a: Tarmangander|spe|2\n|-formechange|p2a: Aegislash|Aegislash-Blade||[from] ability: Stance Change\n|move|p2a: Aegislash|Iron Head|p1a: Tarmangander\n|-supereffective|p1a: Tarmangander\n|-damage|p1a: Tarmangander|0 fnt\n|faint|p1a: Tarmangander\n|\n|win|Quizzle_tip\n|raw|dracomafon's rating: 1166 &rarr; <strong>1148<\/strong><br \/>(-18 for losing)\n|raw|Quizzle_tip's rating: 1259 &rarr; <strong>1277<\/strong><br \/>(+18 for winning)\n|c|\u2606dracomafon|sorry ig\n|c|\u2606dracomafon|gg\n|c|\u2606dracomafon|BYE\n|c|\u2606Quizzle_tip|gg\n|l|\u2606dracomafon\n","uploadtime":1700179507,"views":12,"p1id":"dracomafon","p2id":"quizzletip","formatid":"gen9nationaldexubers","rating":1148,"private":0,"password":""}