{"id":"gen9nationaldexubers-1987665124","p1":"Fumo on a Roomba","p2":"haii x3","format":"[Gen 9] National Dex Ubers","log":"|j|\u2606Fumo on a Roomba\n|j|\u2606haii x3\n|t:|1699625545\n|gametype|singles\n|player|p1|Fumo on a Roomba|acetrainerf|1305\n|player|p2|haii x3|roxanne|1363\n|teamsize|p1|6\n|teamsize|p2|6\n|gen|9\n|tier|[Gen 9] National Dex Ubers\n|rated|\n|rule|HP Percentage Mod: HP is shown in percentages\n|rule|Endless Battle Clause: Forcing endless battles is banned\n|rule|OHKO Clause: OHKO moves are banned\n|rule|Evasion Moves Clause: Evasion moves are banned\n|rule|Evasion Items Clause: Evasion items are banned\n|rule|Species Clause: Limit one of each Pok\u00e9mon\n|rule|Sleep Clause Mod: Limit one foe put to sleep\n|rule|Mega Rayquaza Clause: You cannot mega evolve Rayquaza\n|clearpoke\n|poke|p1|Beedrill, M|\n|poke|p1|Landorus, M|\n|poke|p1|Blacephalon|\n|poke|p1|Manaphy|\n|poke|p1|Scizor, M|\n|poke|p1|Cinderace, F|\n|poke|p2|Arceus-Ground|\n|poke|p2|Groudon|\n|poke|p2|Yveltal|\n|poke|p2|Kyogre|\n|poke|p2|Pheromosa|\n|poke|p2|Xerneas-*|\n|teampreview\n|inactive|Battle timer is ON: inactive players will automatically lose when time's up. (requested by haii x3)\n|inactive|Fumo on a Roomba also wants the timer to be on.\n|\n|t:|1699625552\n|start\n|switch|p1a: Scizor|Scizor, M|100\/100\n|switch|p2a: Groudon|Groudon|100\/100\n|detailschange|p2a: Groudon|Groudon-Primal\n|-primal|p2a: Groudon|Red Orb\n|-weather|DesolateLand|[from] ability: Desolate Land|[of] p2a: Groudon\n|turn|1\n|\n|t:|1699625558\n|switch|p1a: Landorus|Landorus, M|100\/100\n|move|p2a: Groudon|Rock Polish|p2a: Groudon\n|-boost|p2a: Groudon|spe|2\n|\n|-weather|DesolateLand|[upkeep]\n|upkeep\n|turn|2\n|\n|t:|1699625564\n|move|p2a: Groudon|Hone Claws|p2a: Groudon\n|-boost|p2a: Groudon|atk|1\n|-boost|p2a: Groudon|accuracy|1\n|move|p1a: Landorus|Sandsear Storm|p2a: Groudon\n|-supereffective|p2a: Groudon\n|-damage|p2a: Groudon|0 fnt\n|faint|p2a: Groudon\n|-weather|none\n|\n|upkeep\n|\n|t:|1699625572\n|switch|p2a: Pheromosa|Pheromosa, shiny|100\/100\n|turn|3\n|\n|t:|1699625575\n|switch|p1a: Scizor|Scizor, M|100\/100\n|move|p2a: Pheromosa|Triple Axel|p1a: Scizor\n|-resisted|p1a: Scizor\n|-damage|p1a: Scizor|96\/100\n|-resisted|p1a: Scizor\n|-damage|p1a: Scizor|87\/100\n|-resisted|p1a: Scizor\n|-damage|p1a: Scizor|74\/100\n|-hitcount|p1a: Scizor|3\n|-damage|p2a: Pheromosa|91\/100|[from] item: Life Orb\n|\n|-heal|p1a: Scizor|80\/100|[from] item: Leftovers\n|upkeep\n|turn|4\n|\n|t:|1699625583\n|switch|p2a: Yveltal|Yveltal|100\/100\n|-ability|p2a: Yveltal|Dark Aura\n|move|p1a: Scizor|Dual Wingbeat|p2a: Yveltal|[miss]\n|-miss|p1a: Scizor|p2a: Yveltal\n|\n|-heal|p1a: Scizor|86\/100|[from] item: Leftovers\n|upkeep\n|turn|5\n|\n|t:|1699625596\n|switch|p1a: Cinderace|Cinderace, F|100\/100\n|move|p2a: Yveltal|Sucker Punch||[still]\n|-fail|p2a: Yveltal\n|\n|upkeep\n|turn|6\n|\n|t:|1699625604\n|move|p1a: Cinderace|Will-O-Wisp|p2a: Yveltal\n|-status|p2a: Yveltal|brn\n|move|p2a: Yveltal|Toxic|p1a: Cinderace\n|-status|p1a: Cinderace|tox\n|\n|-damage|p1a: Cinderace|95\/100 tox|[from] psn\n|-damage|p2a: Yveltal|94\/100 brn|[from] brn\n|upkeep\n|turn|7\n|\n|t:|1699625608\n|move|p1a: Cinderace|U-turn|p2a: Yveltal\n|-start|p1a: Cinderace|typechange|Bug|[from] ability: Libero\n|-damage|p2a: Yveltal|68\/100 brn\n|\n|t:|1699625617\n|switch|p1a: Manaphy|Manaphy|100\/100|[from] U-turn\n|move|p2a: Yveltal|Taunt|p1a: Manaphy\n|-start|p1a: Manaphy|move: Taunt\n|\n|-damage|p2a: Yveltal|62\/100 brn|[from] brn\n|upkeep\n|turn|8\n|\n|t:|1699625624\n|move|p1a: Manaphy|Ice Beam|p2a: Yveltal\n|-supereffective|p2a: Yveltal\n|-damage|p2a: Yveltal|25\/100 brn\n|move|p2a: Yveltal|Toxic|p1a: Manaphy\n|-status|p1a: Manaphy|tox\n|\n|-damage|p1a: Manaphy|94\/100 tox|[from] psn\n|-damage|p2a: Yveltal|19\/100 brn|[from] brn\n|upkeep\n|turn|9\n|\n|t:|1699625630\n|move|p1a: Manaphy|Ice Beam|p2a: Yveltal\n|-supereffective|p2a: Yveltal\n|-damage|p2a: Yveltal|0 fnt\n|faint|p2a: Yveltal\n|\n|-damage|p1a: Manaphy|82\/100 tox|[from] psn\n|-end|p1a: Manaphy|move: Taunt\n|upkeep\n|\n|t:|1699625639\n|switch|p2a: Xerneas|Xerneas|100\/100\n|-ability|p2a: Xerneas|Fairy Aura\n|turn|10\n|\n|t:|1699625643\n|switch|p1a: Scizor|Scizor, M|86\/100\n|move|p2a: Xerneas|Geomancy||[still]\n|-prepare|p2a: Xerneas|Geomancy\n|-enditem|p2a: Xerneas|Power Herb\n|-anim|p2a: Xerneas|Geomancy|p2a: Xerneas\n|-boost|p2a: Xerneas|spa|2\n|-boost|p2a: Xerneas|spd|2\n|-boost|p2a: Xerneas|spe|2\n|\n|-heal|p1a: Scizor|92\/100|[from] item: Leftovers\n|upkeep\n|turn|11\n|\n|t:|1699625650\n|move|p1a: Scizor|Bullet Punch|p2a: Xerneas\n|-supereffective|p2a: Xerneas\n|-damage|p2a: Xerneas|48\/100\n|move|p2a: Xerneas|Psyshock|p1a: Scizor\n|-resisted|p1a: Scizor\n|-damage|p1a: Scizor|61\/100\n|\n|-heal|p1a: Scizor|67\/100|[from] item: Leftovers\n|upkeep\n|turn|12\n|\n|t:|1699625657\n|switch|p2a: Kyogre|Kyogre, shiny|100\/100\n|detailschange|p2a: Kyogre|Kyogre-Primal, shiny\n|-primal|p2a: Kyogre|Blue Orb\n|-weather|PrimordialSea|[from] ability: Primordial Sea|[of] p2a: Kyogre\n|move|p1a: Scizor|Bullet Punch|p2a: Kyogre\n|-resisted|p2a: Kyogre\n|-damage|p2a: Kyogre|82\/100\n|\n|-weather|PrimordialSea|[upkeep]\n|-heal|p1a: Scizor|73\/100|[from] item: Leftovers\n|upkeep\n|turn|13\n|\n|t:|1699625665\n|switch|p1a: Manaphy|Manaphy|82\/100 tox\n|move|p2a: Kyogre|Water Spout|p1a: Manaphy\n|-resisted|p1a: Manaphy\n|-damage|p1a: Manaphy|19\/100 tox\n|-enditem|p1a: Manaphy|Salac Berry|[eat]\n|-boost|p1a: Manaphy|spe|1|[from] item: Salac Berry\n|\n|-weather|PrimordialSea|[upkeep]\n|-activate|p1a: Manaphy|ability: Hydration\n|-curestatus|p1a: Manaphy|tox|[msg]\n|upkeep\n|turn|14\n|\n|t:|1699625675\n|move|p1a: Manaphy|Energy Ball|p2a: Kyogre\n|-supereffective|p2a: Kyogre\n|-crit|p2a: Kyogre\n|-damage|p2a: Kyogre|30\/100\n|move|p2a: Kyogre|Thunder|p1a: Manaphy\n|-supereffective|p1a: Manaphy\n|-damage|p1a: Manaphy|0 fnt\n|faint|p1a: Manaphy\n|\n|-weather|PrimordialSea|[upkeep]\n|upkeep\n|\n|t:|1699625694\n|switch|p1a: Scizor|Scizor, M|73\/100\n|turn|15\n|\n|t:|1699625699\n|move|p1a: Scizor|Bullet Punch|p2a: Kyogre\n|-resisted|p2a: Kyogre\n|-damage|p2a: Kyogre|10\/100\n|move|p2a: Kyogre|Origin Pulse|p1a: Scizor\n|-crit|p1a: Scizor\n|-damage|p1a: Scizor|0 fnt\n|faint|p1a: Scizor\n|\n|-weather|PrimordialSea|[upkeep]\n|upkeep\n|\n|t:|1699625704\n|switch|p1a: Beedrill|Beedrill, M|100\/100\n|turn|16\n|\n|t:|1699625709\n|detailschange|p1a: Beedrill|Beedrill-Mega, M\n|-mega|p1a: Beedrill|Beedrill|Beedrillite\n|move|p1a: Beedrill|Fell Stinger|p2a: Kyogre\n|-damage|p2a: Kyogre|0 fnt\n|faint|p2a: Kyogre\n|-weather|none\n|-boost|p1a: Beedrill|atk|3\n|\n|upkeep\n|\n|t:|1699625722\n|switch|p2a: Arceus|Arceus-Ground|100\/100\n|turn|17\n|\n|t:|1699625730\n|move|p1a: Beedrill|Fell Stinger|p2a: Arceus\n|-damage|p2a: Arceus|40\/100\n|move|p2a: Arceus|Judgment|p1a: Beedrill\n|-damage|p1a: Beedrill|25\/100\n|\n|upkeep\n|turn|18\n|\n|t:|1699625733\n|move|p1a: Beedrill|Fell Stinger|p2a: Arceus\n|-damage|p2a: Arceus|0 fnt\n|faint|p2a: Arceus\n|-boost|p1a: Beedrill|atk|3\n|\n|upkeep\n|\n|t:|1699625740\n|switch|p2a: Xerneas|Xerneas|48\/100\n|-ability|p2a: Xerneas|Fairy Aura\n|turn|19\n|\n|t:|1699625744\n|move|p1a: Beedrill|Poison Jab|p2a: Xerneas\n|-supereffective|p2a: Xerneas\n|-damage|p2a: Xerneas|0 fnt\n|faint|p2a: Xerneas\n|\n|upkeep\n|\n|t:|1699625746\n|switch|p2a: Pheromosa|Pheromosa, shiny|91\/100\n|turn|20\n|\n|t:|1699625750\n|-terastallize|p2a: Pheromosa|Ice\n|move|p2a: Pheromosa|Triple Axel|p1a: Beedrill\n|-damage|p1a: Beedrill|0 fnt\n|faint|p1a: Beedrill\n|-ability|p2a: Pheromosa|Beast Boost|boost\n|-boost|p2a: Pheromosa|spe|1\n|-hitcount|p1: Beedrill|1\n|-damage|p2a: Pheromosa|81\/100|[from] item: Life Orb\n|\n|upkeep\n|\n|t:|1699625754\n|switch|p1a: Blacephalon|Blacephalon|100\/100\n|turn|21\n|\n|t:|1699625760\n|move|p2a: Pheromosa|Throat Chop|p1a: Blacephalon\n|-supereffective|p1a: Blacephalon\n|-damage|p1a: Blacephalon|0 fnt\n|faint|p1a: Blacephalon\n|-ability|p2a: Pheromosa|Beast Boost|boost\n|-boost|p2a: Pheromosa|spe|1\n|-damage|p2a: Pheromosa|71\/100|[from] item: Life Orb\n|\n|upkeep\n|\n|t:|1699625764\n|switch|p1a: Cinderace|Cinderace, F|95\/100 tox\n|turn|22\n|\n|t:|1699625773\n|move|p2a: Pheromosa|High Jump Kick|p1a: Cinderace\n|-damage|p1a: Cinderace|0 fnt\n|faint|p1a: Cinderace\n|-ability|p2a: Pheromosa|Beast Boost|boost\n|-boost|p2a: Pheromosa|spe|1\n|-damage|p2a: Pheromosa|61\/100|[from] item: Life Orb\n|\n|upkeep\n|\n|t:|1699625781\n|switch|p1a: Landorus|Landorus, M|100\/100\n|turn|23\n|\n|t:|1699625788\n|-terastallize|p1a: Landorus|Ground\n|move|p2a: Pheromosa|Triple Axel|p1a: Landorus|[miss]\n|-miss|p2a: Pheromosa|p1a: Landorus\n|move|p1a: Landorus|Focus Blast|p2a: Pheromosa\n|-supereffective|p2a: Pheromosa\n|-damage|p2a: Pheromosa|0 fnt\n|faint|p2a: Pheromosa\n|\n|win|Fumo on a Roomba\n|raw|Fumo on a Roomba's rating: 1305 &rarr; <strong>1328<\/strong><br \/>(+23 for winning)\n|raw|haii x3's rating: 1363 &rarr; <strong>1340<\/strong><br \/>(-23 for losing)\n|c|\u2606haii x3|so lucky\n|l|\u2606haii x3\n|c|\u2606Fumo on a Roomba|gambling :)\n","uploadtime":1699625815,"views":7,"p1id":"fumoonaroomba","p2id":"haiix3","formatid":"gen9nationaldexubers","rating":1328,"private":0,"password":""}