{"id":"gen9nationaldexubers-2000237491","p1":"MightyMobileMatt","p2":"Soyeon is a cutie","format":"[Gen 9] National Dex Ubers","log":"|j|\u2606MightyMobileMatt\n|j|\u2606Soyeon is a cutie\n|t:|1701176028\n|gametype|singles\n|player|p1|MightyMobileMatt|blue|1548\n|player|p2|Soyeon is a cutie|idol|1759\n|teamsize|p1|6\n|teamsize|p2|6\n|gen|9\n|tier|[Gen 9] National Dex Ubers\n|rated|\n|rule|HP Percentage Mod: HP is shown in percentages\n|rule|Endless Battle Clause: Forcing endless battles is banned\n|rule|OHKO Clause: OHKO moves are banned\n|rule|Evasion Moves Clause: Evasion moves are banned\n|rule|Evasion Items Clause: Evasion items are banned\n|rule|Species Clause: Limit one of each Pok\u00e9mon\n|rule|Sleep Clause Mod: Limit one foe put to sleep\n|rule|Mega Rayquaza Clause: You cannot mega evolve Rayquaza\n|clearpoke\n|poke|p1|Victini|\n|poke|p1|Groudon|\n|poke|p1|Ho-Oh|\n|poke|p1|Garganacl, M|\n|poke|p1|Zacian-*|\n|poke|p1|Xerneas-*|\n|poke|p2|Ho-Oh|\n|poke|p2|Arceus-Water|\n|poke|p2|Ditto|\n|poke|p2|Eternatus|\n|poke|p2|Deoxys-Speed|\n|poke|p2|Giratina-Origin|\n|teampreview\n|inactive|Battle timer is ON: inactive players will automatically lose when time's up. (requested by Soyeon is a cutie)\n|inactive|MightyMobileMatt also wants the timer to be on.\n|\n|t:|1701176044\n|start\n|switch|p1a: Garganacl|Garganacl, M|100\/100\n|switch|p2a: Eternatus|Eternatus|100\/100\n|-ability|p2a: Eternatus|Pressure\n|turn|1\n|\n|t:|1701176056\n|move|p2a: Eternatus|Toxic Spikes|p1a: Garganacl\n|-sidestart|p1: MightyMobileMatt|move: Toxic Spikes\n|move|p1a: Garganacl|Salt Cure|p2a: Eternatus\n|-damage|p2a: Eternatus|90\/100\n|-start|p2a: Eternatus|Salt Cure\n|\n|-heal|p2a: Eternatus|97\/100|[from] item: Leftovers\n|-damage|p2a: Eternatus|84\/100|[from] Salt Cure\n|upkeep\n|turn|2\n|\n|t:|1701176068\n|switch|p2a: Ho-Oh|Ho-Oh|100\/100\n|move|p1a: Garganacl|Salt Cure|p2a: Ho-Oh\n|-supereffective|p2a: Ho-Oh\n|-damage|p2a: Ho-Oh|38\/100\n|-start|p2a: Ho-Oh|Salt Cure\n|\n|-damage|p2a: Ho-Oh|26\/100|[from] Salt Cure\n|upkeep\n|turn|3\n|\n|t:|1701176083\n|switch|p2a: Deoxys|Deoxys-Speed, shiny|100\/100\n|-ability|p2a: Deoxys|Pressure\n|move|p1a: Garganacl|Salt Cure|p2a: Deoxys\n|-damage|p2a: Deoxys|86\/100\n|-start|p2a: Deoxys|Salt Cure\n|\n|-heal|p2a: Deoxys|92\/100|[from] item: Leftovers\n|-damage|p2a: Deoxys|79\/100|[from] Salt Cure\n|upkeep\n|turn|4\n|\n|t:|1701176095\n|switch|p1a: Ho-Oh|Ho-Oh, shiny|100\/100\n|move|p2a: Deoxys|Taunt|p1a: Ho-Oh\n|-start|p1a: Ho-Oh|move: Taunt\n|\n|-heal|p2a: Deoxys|86\/100|[from] item: Leftovers\n|-damage|p2a: Deoxys|73\/100|[from] Salt Cure\n|upkeep\n|turn|5\n|\n|t:|1701176113\n|move|p2a: Deoxys|Stealth Rock|p1a: Ho-Oh\n|-sidestart|p1: MightyMobileMatt|move: Stealth Rock\n|move|p1a: Ho-Oh|Sacred Fire|p2a: Deoxys\n|-damage|p2a: Deoxys|29\/100\n|\n|-heal|p2a: Deoxys|35\/100|[from] item: Leftovers\n|-damage|p2a: Deoxys|23\/100|[from] Salt Cure\n|upkeep\n|turn|6\n|\n|t:|1701176123\n|move|p2a: Deoxys|Recover|p2a: Deoxys\n|-heal|p2a: Deoxys|73\/100\n|move|p1a: Ho-Oh|Sacred Fire|p2a: Deoxys\n|-damage|p2a: Deoxys|32\/100\n|\n|-heal|p2a: Deoxys|38\/100|[from] item: Leftovers\n|-damage|p2a: Deoxys|25\/100|[from] Salt Cure\n|-end|p1a: Ho-Oh|move: Taunt\n|upkeep\n|turn|7\n|\n|t:|1701176135\n|move|p2a: Deoxys|Knock Off|p1a: Ho-Oh\n|-damage|p1a: Ho-Oh|86\/100\n|-enditem|p1a: Ho-Oh|Heavy-Duty Boots|[from] move: Knock Off|[of] p2a: Deoxys\n|move|p1a: Ho-Oh|Sacred Fire|p2a: Deoxys\n|-damage|p2a: Deoxys|0 fnt\n|faint|p2a: Deoxys\n|\n|upkeep\n|\n|t:|1701176139\n|switch|p2a: Arceus|Arceus-Water|100\/100\n|turn|8\n|\n|t:|1701176148\n|-terastallize|p1a: Ho-Oh|Poison\n|move|p2a: Arceus|Taunt|p1a: Ho-Oh\n|-start|p1a: Ho-Oh|move: Taunt\n|cant|p1a: Ho-Oh|move: Taunt|Defog\n|\n|upkeep\n|turn|9\n|\n|t:|1701176159\n|switch|p2a: Ho-Oh|Ho-Oh|59\/100\n|switch|p1a: Groudon|Groudon|100\/100\n|-status|p1a: Groudon|psn\n|-damage|p1a: Groudon|94\/100 psn|[from] Stealth Rock\n|detailschange|p1a: Groudon|Groudon-Primal\n|-primal|p1a: Groudon|Red Orb\n|-weather|DesolateLand|[from] ability: Desolate Land|[of] p1a: Groudon\n|\n|-weather|DesolateLand|[upkeep]\n|-damage|p1a: Groudon|82\/100 psn|[from] psn\n|upkeep\n|turn|10\n|\n|t:|1701176174\n|switch|p2a: Giratina|Giratina-Origin|100\/100\n|move|p1a: Groudon|Dragon Tail|p2a: Giratina\n|-supereffective|p2a: Giratina\n|-damage|p2a: Giratina|62\/100\n|drag|p2a: Ditto|Ditto, shiny|100\/100\n|-transform|p2a: Ditto|p1a: Groudon|[from] ability: Imposter\n|\n|-weather|DesolateLand|[upkeep]\n|-damage|p1a: Groudon|70\/100 psn|[from] psn\n|upkeep\n|turn|11\n|\n|t:|1701176186\n|move|p2a: Ditto|Precipice Blades|p1a: Groudon\n|-supereffective|p1a: Groudon\n|-damage|p1a: Groudon|0 fnt\n|faint|p1a: Groudon\n|\n|-weather|DesolateLand|[upkeep]\n|upkeep\n|\n|t:|1701176193\n|switch|p1a: Ho-Oh|Ho-Oh, shiny, tera:Poison|100\/100\n|-sideend|p1: MightyMobileMatt|move: Toxic Spikes|[of] p1a: Ho-Oh\n|-damage|p1a: Ho-Oh|88\/100|[from] Stealth Rock\n|turn|12\n|\n|t:|1701176206\n|switch|p1a: Garganacl|Garganacl, M|100\/100\n|-damage|p1a: Garganacl|88\/100|[from] Stealth Rock\n|move|p2a: Ditto|Precipice Blades|p1a: Garganacl\n|-supereffective|p1a: Garganacl\n|-damage|p1a: Garganacl|15\/100\n|\n|-weather|DesolateLand|[upkeep]\n|-heal|p1a: Garganacl|22\/100|[from] item: Leftovers\n|upkeep\n|turn|13\n|\n|t:|1701176222\n|move|p1a: Garganacl|Protect|p1a: Garganacl\n|-singleturn|p1a: Garganacl|Protect\n|move|p2a: Ditto|Precipice Blades|p1a: Garganacl\n|-activate|p1a: Garganacl|move: Protect\n|\n|-weather|DesolateLand|[upkeep]\n|-heal|p1a: Garganacl|28\/100|[from] item: Leftovers\n|upkeep\n|turn|14\n|\n|t:|1701176236\n|move|p2a: Ditto|Precipice Blades|p1a: Garganacl\n|-supereffective|p1a: Garganacl\n|-damage|p1a: Garganacl|0 fnt\n|faint|p1a: Garganacl\n|\n|-weather|DesolateLand|[upkeep]\n|upkeep\n|\n|t:|1701176243\n|switch|p1a: Zacian|Zacian-Crowned|100\/100\n|-damage|p1a: Zacian|94\/100|[from] Stealth Rock\n|-ability|p1a: Zacian|Intrepid Sword|boost\n|-boost|p1a: Zacian|atk|1\n|turn|15\n|\n|t:|1701176252\n|move|p1a: Zacian|Close Combat|p2a: Ditto\n|-damage|p2a: Ditto|47\/100\n|-unboost|p1a: Zacian|def|1\n|-unboost|p1a: Zacian|spd|1\n|move|p2a: Ditto|Precipice Blades|p1a: Zacian|[miss]\n|-miss|p2a: Ditto|p1a: Zacian\n|\n|-weather|DesolateLand|[upkeep]\n|upkeep\n|turn|16\n|\n|t:|1701176261\n|-weather|none\n|switch|p2a: Ho-Oh|Ho-Oh|92\/100\n|move|p1a: Zacian|Close Combat|p2a: Ho-Oh\n|-resisted|p2a: Ho-Oh\n|-crit|p2a: Ho-Oh\n|-damage|p2a: Ho-Oh|33\/100\n|-unboost|p1a: Zacian|def|1\n|-unboost|p1a: Zacian|spd|1\n|\n|upkeep\n|turn|17\n|\n|t:|1701176277\n|switch|p2a: Giratina|Giratina-Origin|62\/100\n|move|p1a: Zacian|Behemoth Blade|p2a: Giratina\n|-damage|p2a: Giratina|0 fnt\n|faint|p2a: Giratina\n|\n|upkeep\n|\n|t:|1701176281\n|switch|p2a: Ditto|Ditto, shiny|47\/100\n|-transform|p2a: Ditto|p1a: Zacian|[from] ability: Imposter\n|-ability|p2a: Ditto|Intrepid Sword|boost\n|-boost|p2a: Ditto|atk|1\n|turn|18\n|\n|t:|1701176293\n|switch|p1a: Ho-Oh|Ho-Oh, shiny, tera:Poison|100\/100\n|-damage|p1a: Ho-Oh|88\/100|[from] Stealth Rock\n|move|p2a: Ditto|Behemoth Blade|p1a: Ho-Oh\n|-damage|p1a: Ho-Oh|10\/100\n|\n|upkeep\n|turn|19\n|\n|t:|1701176302\n|move|p2a: Ditto|Behemoth Blade|p1a: Ho-Oh\n|-crit|p1a: Ho-Oh\n|-damage|p1a: Ho-Oh|0 fnt\n|faint|p1a: Ho-Oh\n|\n|upkeep\n|\n|t:|1701176309\n|switch|p1a: Victini|Victini|100\/100\n|-damage|p1a: Victini|75\/100|[from] Stealth Rock\n|turn|20\n|\n|t:|1701176314\n|switch|p2a: Eternatus|Eternatus|84\/100\n|-ability|p2a: Eternatus|Pressure\n|move|p1a: Victini|Final Gambit|p2a: Eternatus\n|-damage|p2a: Eternatus|22\/100\n|faint|p1a: Victini\n|\n|-heal|p2a: Eternatus|28\/100|[from] item: Leftovers\n|upkeep\n|\n|t:|1701176325\n|switch|p1a: Zacian|Zacian-Crowned|94\/100\n|-damage|p1a: Zacian|88\/100|[from] Stealth Rock\n|turn|21\n|\n|t:|1701176337\n|switch|p2a: Arceus|Arceus-Water|100\/100\n|move|p1a: Zacian|Behemoth Blade|p2a: Arceus\n|-resisted|p2a: Arceus\n|-crit|p2a: Arceus\n|-damage|p2a: Arceus|70\/100\n|\n|upkeep\n|turn|22\n|\n|t:|1701176343\n|move|p1a: Zacian|Swords Dance|p1a: Zacian\n|-boost|p1a: Zacian|atk|2\n|move|p2a: Arceus|Judgment|p1a: Zacian\n|-damage|p1a: Zacian|46\/100\n|\n|upkeep\n|turn|23\n|\n|t:|1701176351\n|switch|p2a: Eternatus|Eternatus|28\/100\n|-ability|p2a: Eternatus|Pressure\n|move|p1a: Zacian|Play Rough|p2a: Eternatus\n|-damage|p2a: Eternatus|0 fnt\n|faint|p2a: Eternatus\n|\n|upkeep\n|\n|t:|1701176353\n|switch|p2a: Ditto|Ditto, shiny|47\/100\n|-transform|p2a: Ditto|p1a: Zacian|[from] ability: Imposter\n|turn|24\n|\n|t:|1701176360\n|move|p2a: Ditto|Behemoth Blade|p1a: Zacian\n|-damage|p1a: Zacian|0 fnt\n|faint|p1a: Zacian\n|\n|upkeep\n|j| Baemaxx3\n|-message|MightyMobileMatt forfeited.\n|\n|win|Soyeon is a cutie\n|raw|MightyMobileMatt's rating: 1548 &rarr; <strong>1539<\/strong><br \/>(-9 for losing)\n|raw|Soyeon is a cutie's rating: 1759 &rarr; <strong>1768<\/strong><br \/>(+9 for winning)\n|l|\u2606MightyMobileMatt\n","uploadtime":1701176374,"views":11,"p1id":"mightymobilematt","p2id":"soyeonisacutie","formatid":"gen9nationaldexubers","rating":1539,"private":0,"password":""}