{"id":"gen9nationaldexubers-1979823864","p1":"Ginesect","p2":"Edras16","format":"[Gen 9] National Dex Ubers","log":"|j|\u2606Ginesect\n|j|\u2606Edras16\n|t:|1698717015\n|gametype|singles\n|player|p1|Ginesect|leon-masters|\n|player|p2|Edras16|steven|\n|teamsize|p1|6\n|teamsize|p2|6\n|gen|9\n|tier|[Gen 9] National Dex Ubers\n|rule|HP Percentage Mod: HP is shown in percentages\n|rule|Endless Battle Clause: Forcing endless battles is banned\n|rule|OHKO Clause: OHKO moves are banned\n|rule|Evasion Moves Clause: Evasion moves are banned\n|rule|Evasion Items Clause: Evasion items are banned\n|rule|Species Clause: Limit one of each Pok\u00e9mon\n|rule|Sleep Clause Mod: Limit one foe put to sleep\n|rule|Mega Rayquaza Clause: You cannot mega evolve Rayquaza\n|clearpoke\n|poke|p1|Chien-Pao|\n|poke|p1|Mandibuzz, F|\n|poke|p1|Mawile, M|\n|poke|p1|Grimmsnarl, M|\n|poke|p1|Greninja-*, M|\n|poke|p1|Ting-Lu|\n|poke|p2|Kyurem|\n|poke|p2|Urshifu-*, M|\n|poke|p2|Scizor, M|\n|poke|p2|Keldeo-Resolute|\n|poke|p2|Decidueye, F|\n|poke|p2|Gliscor, M|\n|teampreview\n|inactive|Battle timer is ON: inactive players will automatically lose when time's up. (requested by Edras16)\n|c|\u2606Edras16|Glhf\n|inactive|Ginesect has 270 seconds left.\n|j| XX_1nfinity_XX\n|\n|t:|1698717060\n|start\n|switch|p1a: Grimmsnarl|Grimmsnarl, M|100\/100\n|switch|p2a: Kyurem|Kyurem|100\/100\n|-ability|p2a: Kyurem|Pressure\n|turn|1\n|j| Yericky\n|c| Yericky|common gin L\n|\n|t:|1698717069\n|switch|p2a: Scizor|Scizor, M|100\/100\n|move|p1a: Grimmsnarl|Thunder Wave|p2a: Scizor\n|-status|p2a: Scizor|par\n|\n|upkeep\n|turn|2\n|c|\u2606Ginesect|Yeri wtf\n|c|\u2606Ginesect|I'm literally 3-0 in my gym r\n|c|\u2606Ginesect|with this team\n|\n|t:|1698717095\n|detailschange|p2a: Scizor|Scizor-Mega, M\n|-mega|p2a: Scizor|Scizor|Scizorite\n|move|p1a: Grimmsnarl|Reflect|p1a: Grimmsnarl\n|-sidestart|p1: Ginesect|Reflect\n|move|p2a: Scizor|U-turn|p1a: Grimmsnarl\n|-damage|p1a: Grimmsnarl|78\/100\n|\n|t:|1698717102\n|switch|p2a: Urshifu|Urshifu, M|100\/100|[from] U-turn\n|\n|upkeep\n|turn|3\n|\n|t:|1698717108\n|move|p1a: Grimmsnarl|Thunder Wave|p2a: Urshifu\n|-hint|Since gen 7, Dark is immune to Prankster moves.\n|-immune|p2a: Urshifu\n|move|p2a: Urshifu|U-turn|p1a: Grimmsnarl\n|-damage|p1a: Grimmsnarl|62\/100\n|c|\u2606Ginesect|Ohh\n|c|\u2606Ginesect|Fuckkk\n|\n|t:|1698717117\n|switch|p2a: Scizor|Scizor-Mega, M|100\/100 par|[from] U-turn\n|\n|upkeep\n|turn|4\n|c|\u2606Ginesect|What tf am I doing\n|\n|t:|1698717122\n|move|p1a: Grimmsnarl|Parting Shot|p2a: Scizor\n|-unboost|p2a: Scizor|atk|1\n|-unboost|p2a: Scizor|spa|1\n|j| D. Lawrenzz\n|\n|t:|1698717133\n|switch|p1a: Mandibuzz|Mandibuzz, F|100\/100|[from] Parting Shot\n|move|p2a: Scizor|U-turn|p1a: Mandibuzz\n|-damage|p1a: Mandibuzz|94\/100\n|\n|t:|1698717140\n|switch|p2a: Kyurem|Kyurem|100\/100|[from] U-turn\n|-ability|p2a: Kyurem|Pressure\n|\n|upkeep\n|turn|5\n|\n|t:|1698717148\n|switch|p1a: Mawile|Mawile, M|100\/100\n|-ability|p1a: Mawile|Intimidate|boost\n|-unboost|p2a: Kyurem|atk|1\n|move|p2a: Kyurem|Ice Beam|p1a: Mawile\n|-resisted|p1a: Mawile\n|-damage|p1a: Mawile|17\/100\n|\n|upkeep\n|turn|6\n|c|\u2606Ginesect|Wha\n|\n|t:|1698717163\n|switch|p1a: Greninja|Greninja, M|100\/100\n|move|p2a: Kyurem|Ice Beam|p1a: Greninja\n|-resisted|p1a: Greninja\n|-crit|p1a: Greninja\n|-damage|p1a: Greninja|11\/100\n|\n|upkeep\n|turn|7\n|c| Yericky|normal gin braindead moment\n|c|\u2606Ginesect|Specs\n|\n|t:|1698717172\n|move|p1a: Greninja|Dark Pulse|p2a: Kyurem\n|-damage|p2a: Kyurem|64\/100\n|move|p2a: Kyurem|Ice Beam|p1a: Greninja\n|-resisted|p1a: Greninja\n|-damage|p1a: Greninja|0 fnt\n|faint|p1a: Greninja\n|\n|upkeep\n|c| Yericky|sauce him ed\n|c|\u2606Edras16|Kyurem moment\n|\n|t:|1698717177\n|switch|p1a: Chien-Pao|Chien-Pao|100\/100\n|-ability|p1a: Chien-Pao|Sword of Ruin\n|turn|8\n|c| Yericky|BANGGGGGGGGGGGGGGGGGGGGGGG\n|c| Yericky|WHAT A SHOT BY KYUREM\n|\n|t:|1698717183\n|switch|p2a: Decidueye|Decidueye, F|100\/100\n|move|p1a: Chien-Pao|Crunch|p2a: Decidueye\n|-supereffective|p2a: Decidueye\n|-damage|p2a: Decidueye|0 fnt\n|faint|p2a: Decidueye\n|\n|upkeep\n|\n|t:|1698717189\n|switch|p2a: Scizor|Scizor-Mega, M|100\/100 par\n|turn|9\n|\n|t:|1698717195\n|-terastallize|p1a: Chien-Pao|Dark\n|move|p1a: Chien-Pao|Crunch|p2a: Scizor\n|-damage|p2a: Scizor|44\/100 par\n|cant|p2a: Scizor|par\n|\n|-sideend|p1: Ginesect|Reflect\n|upkeep\n|turn|10\n|c| Yericky|SHI THE PREDICT\n|c| Yericky|BY ED\n|\n|t:|1698717206\n|switch|p2a: Urshifu|Urshifu, M|100\/100\n|move|p1a: Chien-Pao|Crunch|p2a: Urshifu\n|-resisted|p2a: Urshifu\n|-damage|p2a: Urshifu|76\/100\n|\n|upkeep\n|turn|11\n|c| Yericky|SACCIN AND YAKKIN\n|\n|t:|1698717210\n|switch|p1a: Mandibuzz|Mandibuzz, F|94\/100\n|move|p2a: Urshifu|Close Combat|p1a: Mandibuzz\n|-damage|p1a: Mandibuzz|55\/100\n|-unboost|p2a: Urshifu|def|1\n|-unboost|p2a: Urshifu|spd|1\n|\n|upkeep\n|turn|12\n|c| Yericky|AVERAGE GIN HAX\n|\n|t:|1698717218\n|-terastallize|p2a: Urshifu|Fighting\n|move|p2a: Urshifu|Close Combat|p1a: Mandibuzz\n|-damage|p1a: Mandibuzz|5\/100\n|-unboost|p2a: Urshifu|def|1\n|-unboost|p2a: Urshifu|spd|1\n|move|p1a: Mandibuzz|Roost|p1a: Mandibuzz\n|-heal|p1a: Mandibuzz|55\/100\n|-singleturn|p1a: Mandibuzz|move: Roost\n|\n|upkeep\n|turn|13\n|c| Yericky|yo\n|\n|t:|1698717234\n|switch|p2a: Kyurem|Kyurem|64\/100\n|-ability|p2a: Kyurem|Pressure\n|move|p1a: Mandibuzz|U-turn|p2a: Kyurem\n|-damage|p2a: Kyurem|53\/100\n|c| Yericky|yikes\n|c| Yericky|what a choke from ed\n|\n|t:|1698717247\n|switch|p1a: Chien-Pao|Chien-Pao, tera:Dark|100\/100|[from] U-turn\n|-ability|p1a: Chien-Pao|Sword of Ruin\n|\n|upkeep\n|turn|14\n|\n|t:|1698717254\n|move|p1a: Chien-Pao|Sacred Sword|p2a: Kyurem\n|-supereffective|p2a: Kyurem\n|-damage|p2a: Kyurem|0 fnt\n|faint|p2a: Kyurem\n|\n|upkeep\n|\n|t:|1698717259\n|switch|p2a: Scizor|Scizor-Mega, M|44\/100 par\n|turn|15\n|\n|t:|1698717262\n|move|p1a: Chien-Pao|Sacred Sword|p2a: Scizor\n|-damage|p2a: Scizor|10\/100 par\n|move|p2a: Scizor|Roost|p2a: Scizor\n|-heal|p2a: Scizor|60\/100 par\n|-singleturn|p2a: Scizor|move: Roost\n|\n|upkeep\n|turn|16\n|\n|t:|1698717270\n|switch|p1a: Mandibuzz|Mandibuzz, F|55\/100\n|cant|p2a: Scizor|par\n|\n|upkeep\n|turn|17\n|c| Yericky|gin literally choked\n|\n|t:|1698717273\n|move|p1a: Mandibuzz|Foul Play|p2a: Scizor\n|-damage|p2a: Scizor|33\/100 par\n|move|p2a: Scizor|Roost|p2a: Scizor\n|-heal|p2a: Scizor|84\/100 par\n|-singleturn|p2a: Scizor|move: Roost\n|\n|upkeep\n|turn|18\n|\n|t:|1698717277\n|move|p1a: Mandibuzz|Roost|p1a: Mandibuzz\n|-heal|p1a: Mandibuzz|100\/100\n|-singleturn|p1a: Mandibuzz|move: Roost\n|move|p2a: Scizor|U-turn|p1a: Mandibuzz\n|-supereffective|p1a: Mandibuzz\n|-damage|p1a: Mandibuzz|65\/100\n|c| Yericky|but the hax of a lifetime\n|\n|t:|1698717289\n|switch|p2a: Keldeo|Keldeo-Resolute|100\/100|[from] U-turn\n|\n|upkeep\n|turn|19\n|\n|t:|1698717298\n|switch|p1a: Mawile|Mawile, M|17\/100\n|-ability|p1a: Mawile|Intimidate|boost\n|-unboost|p2a: Keldeo|atk|1\n|move|p2a: Keldeo|Hydro Pump|p1a: Mawile\n|-damage|p1a: Mawile|0 fnt\n|faint|p1a: Mawile\n|\n|upkeep\n|\n|t:|1698717300\n|switch|p1a: Grimmsnarl|Grimmsnarl, M|62\/100\n|turn|20\n|\n|t:|1698717303\n|move|p1a: Grimmsnarl|Light Screen|p1a: Grimmsnarl\n|-sidestart|p1: Ginesect|move: Light Screen\n|move|p2a: Keldeo|Hydro Pump|p1a: Grimmsnarl\n|-damage|p1a: Grimmsnarl|28\/100\n|\n|upkeep\n|turn|21\n|\n|t:|1698717309\n|switch|p2a: Urshifu|Urshifu, M, tera:Fighting|76\/100\n|move|p1a: Grimmsnarl|Parting Shot|p2a: Urshifu\n|-unboost|p2a: Urshifu|atk|1\n|-unboost|p2a: Urshifu|spa|1\n|\n|t:|1698717324\n|switch|p1a: Chien-Pao|Chien-Pao, tera:Dark|100\/100|[from] Parting Shot\n|-ability|p1a: Chien-Pao|Sword of Ruin\n|\n|upkeep\n|turn|22\n|\n|t:|1698717328\n|move|p2a: Urshifu|U-turn|p1a: Chien-Pao\n|-supereffective|p1a: Chien-Pao\n|-damage|p1a: Chien-Pao|55\/100\n|\n|t:|1698717331\n|switch|p2a: Keldeo|Keldeo-Resolute|100\/100|[from] U-turn\n|move|p1a: Chien-Pao|Ice Spinner|p2a: Keldeo\n|-resisted|p2a: Keldeo\n|-damage|p2a: Keldeo|57\/100\n|\n|upkeep\n|turn|23\n|c| Yericky|wow\n|c| Yericky|ed choke\n|c| Yericky|yikes\n|\n|t:|1698717338\n|switch|p1a: Grimmsnarl|Grimmsnarl, M|28\/100\n|move|p2a: Keldeo|Secret Sword|p1a: Grimmsnarl\n|-damage|p1a: Grimmsnarl|0 fnt\n|faint|p1a: Grimmsnarl\n|\n|upkeep\n|\n|t:|1698717345\n|switch|p1a: Ting-Lu|Ting-Lu|100\/100\n|-ability|p1a: Ting-Lu|Vessel of Ruin\n|turn|24\n|c|\u2606Edras16|Nah we good\n|c| Yericky|the no cc brazy\n|\n|t:|1698717350\n|move|p2a: Keldeo|Secret Sword|p1a: Ting-Lu\n|-supereffective|p1a: Ting-Lu\n|-damage|p1a: Ting-Lu|76\/100\n|move|p1a: Ting-Lu|Stealth Rock|p2a: Keldeo\n|-sidestart|p2: Edras16|move: Stealth Rock\n|\n|-heal|p1a: Ting-Lu|83\/100|[from] item: Leftovers\n|upkeep\n|turn|25\n|\n|t:|1698717355\n|move|p2a: Keldeo|Secret Sword|p1a: Ting-Lu\n|-supereffective|p1a: Ting-Lu\n|-crit|p1a: Ting-Lu\n|-damage|p1a: Ting-Lu|17\/100\n|move|p1a: Ting-Lu|Earthquake|p2a: Keldeo\n|-damage|p2a: Keldeo|13\/100\n|\n|-heal|p1a: Ting-Lu|23\/100|[from] item: Leftovers\n|upkeep\n|turn|26\n|c| Yericky|no damage\n|\n|t:|1698717360\n|move|p1a: Ting-Lu|Protect|p1a: Ting-Lu\n|-singleturn|p1a: Ting-Lu|Protect\n|move|p2a: Keldeo|Secret Sword|p1a: Ting-Lu\n|-activate|p1a: Ting-Lu|move: Protect\n|\n|-heal|p1a: Ting-Lu|30\/100|[from] item: Leftovers\n|upkeep\n|turn|27\n|c| Yericky|BIG CRIT\n|\n|t:|1698717368\n|switch|p2a: Scizor|Scizor-Mega, M|84\/100 par\n|-damage|p2a: Scizor|71\/100 par|[from] Stealth Rock\n|move|p1a: Ting-Lu|Whirlwind|p2a: Scizor\n|drag|p2a: Keldeo|Keldeo-Resolute|13\/100\n|-damage|p2a: Keldeo|6\/100|[from] Stealth Rock\n|\n|-heal|p1a: Ting-Lu|36\/100|[from] item: Leftovers\n|-sideend|p1: Ginesect|move: Light Screen\n|upkeep\n|turn|28\n|\n|t:|1698717372\n|move|p2a: Keldeo|Secret Sword|p1a: Ting-Lu\n|-supereffective|p1a: Ting-Lu\n|-damage|p1a: Ting-Lu|0 fnt\n|faint|p1a: Ting-Lu\n|\n|upkeep\n|c| Yericky|yo\n|c| Yericky|THE PREDICT\n|\n|t:|1698717379\n|switch|p1a: Chien-Pao|Chien-Pao, tera:Dark|55\/100\n|-ability|p1a: Chien-Pao|Sword of Ruin\n|turn|29\n|c| Yericky|DESERVED WHIRLWIND\n|\n|t:|1698717385\n|switch|p2a: Gliscor|Gliscor, M|100\/100\n|-damage|p2a: Gliscor|88\/100|[from] Stealth Rock\n|move|p1a: Chien-Pao|Crunch|p2a: Gliscor\n|-damage|p2a: Gliscor|24\/100\n|\n|-status|p2a: Gliscor|tox|[from] item: Toxic Orb\n|upkeep\n|turn|30\n|\n|t:|1698717389\n|move|p1a: Chien-Pao|Crunch|p2a: Gliscor\n|-damage|p2a: Gliscor|0 fnt\n|faint|p2a: Gliscor\n|\n|upkeep\n|\n|t:|1698717391\n|switch|p2a: Urshifu|Urshifu, M, tera:Fighting|76\/100\n|-damage|p2a: Urshifu|70\/100|[from] Stealth Rock\n|turn|31\n|\n|t:|1698717394\n|switch|p1a: Mandibuzz|Mandibuzz, F|65\/100\n|move|p2a: Urshifu|Close Combat|p1a: Mandibuzz\n|-damage|p1a: Mandibuzz|13\/100\n|-unboost|p2a: Urshifu|def|1\n|-unboost|p2a: Urshifu|spd|1\n|\n|upkeep\n|turn|32\n|\n|t:|1698717398\n|move|p2a: Urshifu|Close Combat|p1a: Mandibuzz\n|-damage|p1a: Mandibuzz|0 fnt\n|-unboost|p2a: Urshifu|def|1\n|-unboost|p2a: Urshifu|spd|1\n|faint|p1a: Mandibuzz\n|\n|upkeep\n|c| Yericky|yikes goatscor sac\n|\n|t:|1698717400\n|switch|p1a: Chien-Pao|Chien-Pao, tera:Dark|55\/100\n|-ability|p1a: Chien-Pao|Sword of Ruin\n|turn|33\n|c| Yericky|gg\n|c|\u2606Ginesect|ok gg\n|c| Yericky|ez Ws\n|\n|t:|1698717409\n|move|p2a: Urshifu|Close Combat|p1a: Chien-Pao\n|-supereffective|p1a: Chien-Pao\n|-damage|p1a: Chien-Pao|0 fnt\n|-unboost|p2a: Urshifu|def|1\n|-unboost|p2a: Urshifu|spd|1\n|faint|p1a: Chien-Pao\n|\n|win|Edras16\n|c| Yericky|common gin L\n|c|\u2606Edras16|Gg\n|c|\u2606Ginesect|he beat me in a rematch yeri\n|c|\u2606Ginesect|This is a rematc\n|c| Yericky|common gin L\n|c| Yericky|common gin L\n|c|\u2606Ginesect|Fuck you\n|l|\u2606Ginesect\n|c| Yericky|lol\n|l| Yericky\n|l|\u2606Edras16\n|j| D. Lawrenzz\n","uploadtime":1698717589,"views":12,"p1id":"ginesect","p2id":"edras16","formatid":"gen9nationaldexubers","rating":0,"private":0,"password":""}