{"id":"gen9nationaldexubers-1984890669","p1":"KingPepper7","p2":"Xoviet Yunion","format":"[Gen 9] National Dex Ubers","log":"|j|\u2606KingPepper7\n|j|\u2606Xoviet Yunion\n|t:|1699308018\n|gametype|singles\n|player|p1|KingPepper7|cheren-gen5bw2|\n|player|p2|Xoviet Yunion|shauntal|\n|teamsize|p1|6\n|teamsize|p2|6\n|gen|9\n|tier|[Gen 9] National Dex Ubers\n|rule|HP Percentage Mod: HP is shown in percentages\n|rule|Endless Battle Clause: Forcing endless battles is banned\n|rule|OHKO Clause: OHKO moves are banned\n|rule|Evasion Moves Clause: Evasion moves are banned\n|rule|Evasion Items Clause: Evasion items are banned\n|rule|Species Clause: Limit one of each Pok\u00e9mon\n|rule|Sleep Clause Mod: Limit one foe put to sleep\n|rule|Mega Rayquaza Clause: You cannot mega evolve Rayquaza\n|clearpoke\n|poke|p1|Volcarona, F|\n|poke|p1|Rotom-Wash|\n|poke|p1|Banette, F|\n|poke|p1|Tornadus-Therian, M|\n|poke|p1|Hatterene, F|\n|poke|p1|Gliscor, F|\n|poke|p2|Scrafty, F|\n|poke|p2|Urshifu-*, M|\n|poke|p2|Iron Hands|\n|poke|p2|Great Tusk|\n|poke|p2|Blaziken, M|\n|poke|p2|Zamazenta-*|\n|teampreview\n|\n|t:|1699308048\n|start\n|switch|p1a: Rotom|Rotom-Wash|100\/100\n|switch|p2a: Annihila\u200b\u200b\u200bpe|Urshifu-Rapid-Strike, M|100\/100\n|turn|1\n|\n|t:|1699308061\n|switch|p2a: Annihilap|Scrafty, F|100\/100\n|move|p1a: Rotom|Will-O-Wisp|p2a: Annihilap|[miss]\n|-miss|p1a: Rotom|p2a: Annihilap\n|\n|upkeep\n|turn|2\n|\n|t:|1699308080\n|move|p1a: Rotom|Volt Switch|p2a: Annihilap\n|-damage|p2a: Annihilap|84\/100\n|\n|t:|1699308081\n|switch|p1a: Gliscor|Gliscor, F|100\/100|[from] Volt Switch\n|move|p2a: Annihilap|Knock Off|p1a: Gliscor\n|-damage|p1a: Gliscor|80\/100\n|-enditem|p1a: Gliscor|Toxic Orb|[from] move: Knock Off|[of] p2a: Annihilap\n|\n|-heal|p2a: Annihilap|90\/100|[from] item: Leftovers\n|upkeep\n|turn|3\n|\n|t:|1699308089\n|switch|p2a: Annihila\u200b\u200b\u200bpe|Urshifu-Rapid-Strike, M|100\/100\n|move|p1a: Gliscor|Toxic|p2a: Annihila\u200b\u200b\u200bpe\n|-status|p2a: Annihila\u200b\u200b\u200bpe|tox\n|\n|-damage|p2a: Annihila\u200b\u200b\u200bpe|94\/100 tox|[from] psn\n|upkeep\n|turn|4\n|\n|t:|1699308121\n|switch|p1a: Rotom|Rotom-Wash|100\/100\n|move|p2a: Annihila\u200b\u200b\u200bpe|Surging Strikes|p1a: Rotom\n|-resisted|p1a: Rotom\n|-crit|p1a: Rotom\n|-damage|p1a: Rotom|92\/100\n|-resisted|p1a: Rotom\n|-crit|p1a: Rotom\n|-damage|p1a: Rotom|83\/100\n|-resisted|p1a: Rotom\n|-crit|p1a: Rotom\n|-damage|p1a: Rotom|74\/100\n|-hitcount|p1a: Rotom|3\n|\n|-heal|p1a: Rotom|80\/100|[from] item: Leftovers\n|-damage|p2a: Annihila\u200b\u200b\u200bpe|82\/100 tox|[from] psn\n|upkeep\n|turn|5\n|\n|t:|1699308128\n|switch|p2a: Annihilap|Scrafty, F|90\/100\n|move|p1a: Rotom|Volt Switch|p2a: Annihilap\n|-damage|p2a: Annihilap|71\/100\n|\n|t:|1699308148\n|switch|p1a: Tornadus|Tornadus-Therian, M|100\/100|[from] Volt Switch\n|\n|-heal|p2a: Annihilap|77\/100|[from] item: Leftovers\n|upkeep\n|turn|6\n|\n|t:|1699308152\n|move|p2a: Annihilap|Protect|p2a: Annihilap\n|-singleturn|p2a: Annihilap|Protect\n|move|p1a: Tornadus|Hurricane|p2a: Annihilap\n|-activate|p2a: Annihilap|move: Protect\n|\n|-heal|p2a: Annihilap|83\/100|[from] item: Leftovers\n|upkeep\n|turn|7\n|\n|t:|1699308157\n|switch|p2a: Annihilape\u200b\u200b\u200b|Iron Hands|100\/100\n|move|p1a: Tornadus|Knock Off|p2a: Annihilape\u200b\u200b\u200b\n|-resisted|p2a: Annihilape\u200b\u200b\u200b\n|-damage|p2a: Annihilape\u200b\u200b\u200b|94\/100\n|-enditem|p2a: Annihilape\u200b\u200b\u200b|Assault Vest|[from] move: Knock Off|[of] p1a: Tornadus\n|\n|upkeep\n|turn|8\n|\n|t:|1699308168\n|move|p1a: Tornadus|U-turn|p2a: Annihilape\u200b\u200b\u200b\n|-resisted|p2a: Annihilape\u200b\u200b\u200b\n|-damage|p2a: Annihilape\u200b\u200b\u200b|90\/100\n|\n|t:|1699308169\n|switch|p1a: Gliscor|Gliscor, F|80\/100|[from] U-turn\n|move|p2a: Annihilape\u200b\u200b\u200b|Drain Punch|p1a: Gliscor\n|-resisted|p1a: Gliscor\n|-damage|p1a: Gliscor|67\/100\n|-heal|p2a: Annihilape\u200b\u200b\u200b|94\/100|[from] drain|[of] p1a: Gliscor\n|\n|upkeep\n|turn|9\n|\n|t:|1699308178\n|-end|p2a: Annihilape\u200b\u200b\u200b|Quark Drive|[silent]\n|switch|p2a: Annihila\u200b\u200b\u200bpe|Urshifu-Rapid-Strike, M|82\/100 tox\n|move|p1a: Gliscor|Spikes|p2a: Annihila\u200b\u200b\u200bpe\n|-sidestart|p2: Xoviet Yunion|Spikes\n|\n|-damage|p2a: Annihila\u200b\u200b\u200bpe|76\/100 tox|[from] psn\n|upkeep\n|turn|10\n|\n|t:|1699308184\n|switch|p1a: Rotom|Rotom-Wash|80\/100\n|move|p2a: Annihila\u200b\u200b\u200bpe|Swords Dance|p2a: Annihila\u200b\u200b\u200bpe\n|-boost|p2a: Annihila\u200b\u200b\u200bpe|atk|2\n|\n|-heal|p1a: Rotom|87\/100|[from] item: Leftovers\n|-damage|p2a: Annihila\u200b\u200b\u200bpe|64\/100 tox|[from] psn\n|upkeep\n|turn|11\n|\n|t:|1699308206\n|move|p2a: Annihila\u200b\u200b\u200bpe|Surging Strikes|p1a: Rotom\n|-resisted|p1a: Rotom\n|-crit|p1a: Rotom\n|-damage|p1a: Rotom|71\/100\n|-resisted|p1a: Rotom\n|-crit|p1a: Rotom\n|-damage|p1a: Rotom|55\/100\n|-resisted|p1a: Rotom\n|-crit|p1a: Rotom\n|-damage|p1a: Rotom|38\/100\n|-hitcount|p1a: Rotom|3\n|move|p1a: Rotom|Volt Switch|p2a: Annihila\u200b\u200b\u200bpe\n|-supereffective|p2a: Annihila\u200b\u200b\u200bpe\n|-damage|p2a: Annihila\u200b\u200b\u200bpe|0 fnt\n|faint|p2a: Annihila\u200b\u200b\u200bpe\n|\n|t:|1699308226\n|switch|p1a: Hatterene|Hatterene, F|100\/100|[from] Volt Switch\n|\n|upkeep\n|\n|t:|1699308235\n|switch|p2a: Annihilape\u200b\u200b\u200b|Iron Hands|94\/100\n|-damage|p2a: Annihilape\u200b\u200b\u200b|82\/100|[from] Spikes\n|turn|12\n|\n|t:|1699308241\n|switch|p1a: Gliscor|Gliscor, F|67\/100\n|move|p2a: Annihilape\u200b\u200b\u200b|Heavy Slam|p1a: Gliscor\n|-damage|p1a: Gliscor|38\/100\n|\n|upkeep\n|turn|13\n|\n|t:|1699308250\n|move|p1a: Gliscor|Spikes|p2a: Annihilape\u200b\u200b\u200b\n|-sidestart|p2: Xoviet Yunion|Spikes\n|move|p2a: Annihilape\u200b\u200b\u200b|Heavy Slam|p1a: Gliscor\n|-damage|p1a: Gliscor|10\/100\n|\n|upkeep\n|turn|14\n|\n|t:|1699308254\n|-end|p2a: Annihilape\u200b\u200b\u200b|Quark Drive|[silent]\n|switch|p2a: Annihilape\u200b\u200b\u200b\u200b|Great Tusk|100\/100\n|-damage|p2a: Annihilape\u200b\u200b\u200b\u200b|84\/100|[from] Spikes\n|move|p1a: Gliscor|Earthquake|p2a: Annihilape\u200b\u200b\u200b\u200b\n|-damage|p2a: Annihilape\u200b\u200b\u200b\u200b|66\/100\n|\n|-heal|p2a: Annihilape\u200b\u200b\u200b\u200b|72\/100|[from] item: Leftovers\n|upkeep\n|turn|15\n|\n|t:|1699308261\n|switch|p1a: Banette|Banette, F, shiny|100\/100\n|move|p2a: Annihilape\u200b\u200b\u200b\u200b|Earthquake|p1a: Banette\n|-damage|p1a: Banette|38\/100\n|\n|-heal|p2a: Annihilape\u200b\u200b\u200b\u200b|78\/100|[from] item: Leftovers\n|upkeep\n|turn|16\n|\n|t:|1699308269\n|detailschange|p1a: Banette|Banette-Mega, F, shiny\n|-mega|p1a: Banette|Banette|Banettite\n|move|p1a: Banette|Destiny Bond|p1a: Banette\n|-singlemove|p1a: Banette|Destiny Bond\n|move|p2a: Annihilape\u200b\u200b\u200b\u200b|Stealth Rock|p1a: Banette\n|-sidestart|p1: KingPepper7|move: Stealth Rock\n|\n|-heal|p2a: Annihilape\u200b\u200b\u200b\u200b|85\/100|[from] item: Leftovers\n|upkeep\n|turn|17\n|\n|t:|1699308277\n|-end|p2a: Annihilape\u200b\u200b\u200b\u200b|Protosynthesis|[silent]\n|switch|p2a: Annihilap|Scrafty, F|83\/100\n|-damage|p2a: Annihilap|67\/100|[from] Spikes\n|move|p1a: Banette|Poltergeist|p2a: Annihilap\n|-activate|p2a: Annihilap|move: Poltergeist|Leftovers\n|-resisted|p2a: Annihilap\n|-damage|p2a: Annihilap|42\/100\n|\n|-heal|p2a: Annihilap|48\/100|[from] item: Leftovers\n|upkeep\n|turn|18\n|\n|t:|1699308307\n|switch|p1a: Hatterene|Hatterene, F|100\/100\n|-damage|p1a: Hatterene|88\/100|[from] Stealth Rock\n|move|p2a: Annihilap|Knock Off|p1a: Hatterene\n|-damage|p1a: Hatterene|62\/100\n|-enditem|p1a: Hatterene|Leftovers|[from] move: Knock Off|[of] p2a: Annihilap\n|\n|-heal|p2a: Annihilap|53\/100|[from] item: Leftovers\n|upkeep\n|turn|19\n|\n|t:|1699308320\n|move|p2a: Annihilap|Protect|p2a: Annihilap\n|-singleturn|p2a: Annihilap|Protect\n|move|p1a: Hatterene|Dazzling Gleam|p2a: Annihilap\n|-activate|p2a: Annihilap|move: Protect\n|\n|-heal|p2a: Annihilap|59\/100|[from] item: Leftovers\n|upkeep\n|turn|20\n|\n|t:|1699308340\n|switch|p2a: Annihilape\u200b\u200b\u200b|Iron Hands|82\/100\n|-damage|p2a: Annihilape\u200b\u200b\u200b|65\/100|[from] Spikes\n|move|p1a: Hatterene|Dazzling Gleam|p2a: Annihilape\u200b\u200b\u200b\n|-supereffective|p2a: Annihilape\u200b\u200b\u200b\n|-damage|p2a: Annihilape\u200b\u200b\u200b|9\/100\n|\n|upkeep\n|turn|21\n|\n|t:|1699308353\n|switch|p1a: Rotom|Rotom-Wash|38\/100\n|-damage|p1a: Rotom|25\/100|[from] Stealth Rock\n|move|p2a: Annihilape\u200b\u200b\u200b|Heavy Slam|p1a: Rotom\n|-resisted|p1a: Rotom\n|-damage|p1a: Rotom|18\/100\n|\n|-heal|p1a: Rotom|24\/100|[from] item: Leftovers\n|upkeep\n|turn|22\n|\n|t:|1699308363\n|move|p1a: Rotom|Hydro Pump|p2a: Annihilape\u200b\u200b\u200b\n|-damage|p2a: Annihilape\u200b\u200b\u200b|0 fnt\n|faint|p2a: Annihilape\u200b\u200b\u200b\n|-end|p2a: Annihilape\u200b\u200b\u200b|Quark Drive|[silent]\n|\n|-heal|p1a: Rotom|30\/100|[from] item: Leftovers\n|upkeep\n|\n|t:|1699308374\n|switch|p2a: Annihilap\u200b\u200b\u200b\u200be|Zamazenta, shiny|100\/100\n|-damage|p2a: Annihilap\u200b\u200b\u200b\u200be|84\/100|[from] Spikes\n|-ability|p2a: Annihilap\u200b\u200b\u200b\u200be|Dauntless Shield|boost\n|-boost|p2a: Annihilap\u200b\u200b\u200b\u200be|def|1\n|turn|23\n|\n|t:|1699308395\n|move|p2a: Annihilap\u200b\u200b\u200b\u200be|Close Combat|p1a: Rotom\n|-damage|p1a: Rotom|0 fnt\n|-unboost|p2a: Annihilap\u200b\u200b\u200b\u200be|def|1\n|-unboost|p2a: Annihilap\u200b\u200b\u200b\u200be|spd|1\n|faint|p1a: Rotom\n|\n|upkeep\n|\n|t:|1699308407\n|switch|p1a: Hatterene|Hatterene, F|62\/100\n|-damage|p1a: Hatterene|49\/100|[from] Stealth Rock\n|turn|24\n|\n|t:|1699308435\n|move|p2a: Annihilap\u200b\u200b\u200b\u200be|Light Screen|p2a: Annihilap\u200b\u200b\u200b\u200be\n|-sidestart|p2: Xoviet Yunion|move: Light Screen\n|move|p1a: Hatterene|Nuzzle|p2a: Annihilap\u200b\u200b\u200b\u200be\n|-damage|p2a: Annihilap\u200b\u200b\u200b\u200be|81\/100\n|-status|p2a: Annihilap\u200b\u200b\u200b\u200be|par\n|\n|upkeep\n|turn|25\n|\n|t:|1699308440\n|move|p1a: Hatterene|Dazzling Gleam|p2a: Annihilap\u200b\u200b\u200b\u200be\n|-supereffective|p2a: Annihilap\u200b\u200b\u200b\u200be\n|-damage|p2a: Annihilap\u200b\u200b\u200b\u200be|37\/100 par\n|cant|p2a: Annihilap\u200b\u200b\u200b\u200be|par\n|\n|upkeep\n|turn|26\n|\n|t:|1699308460\n|switch|p2a: Annihilape\u200b\u200b\u200b\u200b|Great Tusk|85\/100\n|-damage|p2a: Annihilape\u200b\u200b\u200b\u200b|68\/100|[from] Spikes\n|move|p1a: Hatterene|Psyshock|p2a: Annihilape\u200b\u200b\u200b\u200b\n|-supereffective|p2a: Annihilape\u200b\u200b\u200b\u200b\n|-damage|p2a: Annihilape\u200b\u200b\u200b\u200b|48\/100\n|\n|-heal|p2a: Annihilape\u200b\u200b\u200b\u200b|54\/100|[from] item: Leftovers\n|upkeep\n|turn|27\n|\n|t:|1699308475\n|switch|p1a: Tornadus|Tornadus-Therian, M|100\/100\n|move|p2a: Annihilape\u200b\u200b\u200b\u200b|Rapid Spin|p1a: Tornadus\n|-damage|p1a: Tornadus|85\/100\n|-boost|p2a: Annihilape\u200b\u200b\u200b\u200b|spe|1\n|-sideend|p2: Xoviet Yunion|Spikes|[from] move: Rapid Spin|[of] p2a: Annihilape\u200b\u200b\u200b\u200b\n|\n|-heal|p2a: Annihilape\u200b\u200b\u200b\u200b|60\/100|[from] item: Leftovers\n|upkeep\n|turn|28\n|\n|t:|1699308480\n|move|p2a: Annihilape\u200b\u200b\u200b\u200b|Knock Off|p1a: Tornadus\n|-damage|p1a: Tornadus|57\/100\n|-enditem|p1a: Tornadus|Heavy-Duty Boots|[from] move: Knock Off|[of] p2a: Annihilape\u200b\u200b\u200b\u200b\n|move|p1a: Tornadus|Defog|p2a: Annihilape\u200b\u200b\u200b\u200b\n|-unboost|p2a: Annihilape\u200b\u200b\u200b\u200b|evasion|1\n|-sideend|p2: Xoviet Yunion|move: Light Screen\n|-sideend|p1: KingPepper7|Stealth Rock|[from] move: Defog|[of] p1a: Tornadus\n|\n|-heal|p2a: Annihilape\u200b\u200b\u200b\u200b|67\/100|[from] item: Leftovers\n|upkeep\n|turn|29\n|\n|t:|1699308489\n|move|p2a: Annihilape\u200b\u200b\u200b\u200b|Stealth Rock|p1a: Tornadus\n|-sidestart|p1: KingPepper7|move: Stealth Rock\n|move|p1a: Tornadus|Hurricane|p2a: Annihilape\u200b\u200b\u200b\u200b\n|-supereffective|p2a: Annihilape\u200b\u200b\u200b\u200b\n|-damage|p2a: Annihilape\u200b\u200b\u200b\u200b|0 fnt\n|faint|p2a: Annihilape\u200b\u200b\u200b\u200b\n|-end|p2a: Annihilape\u200b\u200b\u200b\u200b|Protosynthesis|[silent]\n|\n|upkeep\n|\n|t:|1699308497\n|switch|p2a: Annihilap\u200b\u200b\u200b\u200be|Zamazenta, shiny|37\/100 par\n|turn|30\n|\n|t:|1699308501\n|move|p1a: Tornadus|Defog|p2a: Annihilap\u200b\u200b\u200b\u200be\n|-unboost|p2a: Annihilap\u200b\u200b\u200b\u200be|evasion|1\n|-sideend|p1: KingPepper7|Stealth Rock|[from] move: Defog|[of] p1a: Tornadus\n|move|p2a: Annihilap\u200b\u200b\u200b\u200be|Light Screen|p2a: Annihilap\u200b\u200b\u200b\u200be\n|-sidestart|p2: Xoviet Yunion|move: Light Screen\n|\n|upkeep\n|turn|31\n|\n|t:|1699308504\n|switch|p2a: Annihil\u200b\u200bape|Blaziken, M, shiny|100\/100\n|-item|p2a: Annihil\u200b\u200bape|Air Balloon\n|move|p1a: Tornadus|Hurricane|p2a: Annihil\u200b\u200bape|[miss]\n|-miss|p1a: Tornadus|p2a: Annihil\u200b\u200bape\n|\n|upkeep\n|turn|32\n|\n|t:|1699308521\n|switch|p1a: Gliscor|Gliscor, F|10\/100\n|move|p2a: Annihil\u200b\u200bape|Flare Blitz|p1a: Gliscor\n|-damage|p1a: Gliscor|0 fnt\n|faint|p1a: Gliscor\n|-damage|p2a: Annihil\u200b\u200bape|97\/100|[from] Recoil\n|\n|-ability|p2a: Annihil\u200b\u200bape|Speed Boost|boost\n|-boost|p2a: Annihil\u200b\u200bape|spe|1\n|upkeep\n|\n|t:|1699308523\n|switch|p1a: Banette|Banette-Mega, F, shiny|38\/100\n|turn|33\n|\n|t:|1699308531\n|switch|p2a: Annihilap|Scrafty, F|59\/100\n|move|p1a: Banette|Destiny Bond|p1a: Banette\n|-singlemove|p1a: Banette|Destiny Bond\n|\n|-heal|p2a: Annihilap|65\/100|[from] item: Leftovers\n|upkeep\n|turn|34\n|\n|t:|1699308539\n|switch|p1a: Tornadus|Tornadus-Therian, M|90\/100\n|move|p2a: Annihilap|Knock Off|p1a: Tornadus\n|-damage|p1a: Tornadus|67\/100\n|\n|-heal|p2a: Annihilap|71\/100|[from] item: Leftovers\n|upkeep\n|turn|35\n|\n|t:|1699308546\n|move|p1a: Tornadus|Hurricane|p2a: Annihilap\n|-supereffective|p2a: Annihilap\n|-damage|p2a: Annihilap|42\/100\n|-start|p2a: Annihilap|confusion\n|-activate|p2a: Annihilap|confusion\n|move|p2a: Annihilap|Toxic|p1a: Tornadus\n|-status|p1a: Tornadus|tox\n|\n|-heal|p2a: Annihilap|48\/100|[from] item: Leftovers\n|-damage|p1a: Tornadus|61\/100 tox|[from] psn\n|upkeep\n|turn|36\n|\n|t:|1699308554\n|-end|p2a: Annihilap|confusion\n|move|p2a: Annihilap|Protect|p2a: Annihilap\n|-singleturn|p2a: Annihilap|Protect\n|move|p1a: Tornadus|Knock Off|p2a: Annihilap\n|-activate|p2a: Annihilap|move: Protect\n|\n|-heal|p2a: Annihilap|54\/100|[from] item: Leftovers\n|-damage|p1a: Tornadus|49\/100 tox|[from] psn\n|upkeep\n|turn|37\n|\n|t:|1699308569\n|switch|p2a: Annihil\u200b\u200bape|Blaziken, M, shiny|97\/100\n|-item|p2a: Annihil\u200b\u200bape|Air Balloon\n|move|p1a: Tornadus|Knock Off|p2a: Annihil\u200b\u200bape\n|-resisted|p2a: Annihil\u200b\u200bape\n|-damage|p2a: Annihil\u200b\u200bape|82\/100\n|-enditem|p2a: Annihil\u200b\u200bape|Air Balloon\n|\n|-damage|p1a: Tornadus|30\/100 tox|[from] psn\n|-sideend|p2: Xoviet Yunion|move: Light Screen\n|upkeep\n|turn|38\n|\n|t:|1699308578\n|move|p1a: Tornadus|Hurricane|p2a: Annihil\u200b\u200bape\n|-supereffective|p2a: Annihil\u200b\u200bape\n|-damage|p2a: Annihil\u200b\u200bape|0 fnt\n|faint|p2a: Annihil\u200b\u200bape\n|\n|-damage|p1a: Tornadus|5\/100 tox|[from] psn\n|upkeep\n|\n|t:|1699308581\n|switch|p2a: Annihilap|Scrafty, F|54\/100\n|turn|39\n|\n|t:|1699308585\n|move|p1a: Tornadus|Hurricane|p2a: Annihilap\n|-supereffective|p2a: Annihilap\n|-damage|p2a: Annihilap|0 fnt\n|faint|p2a: Annihilap\n|\n|-damage|p1a: Tornadus|0 fnt|[from] psn\n|faint|p1a: Tornadus\n|upkeep\n|c|\u2606Xoviet Yunion|gg\n|-message|Xoviet Yunion forfeited.\n|\n|win|KingPepper7\n|l|\u2606Xoviet Yunion\n|j|\u2606Xoviet Yunion\n|player|p2|Xoviet Yunion|shauntal\n","uploadtime":1699308600,"views":15,"p1id":"kingpepper7","p2id":"xovietyunion","formatid":"gen9nationaldexubers","rating":0,"private":0,"password":""}