{"id":"gen9nationaldexubers-1980671949","p1":"Dylax","p2":"sinomani","format":"[Gen 9] National Dex Ubers","log":"|j|\u2606Dylax\n|j|\u2606sinomani\n|t:|1698810757\n|gametype|singles\n|player|p1|Dylax|larry|\n|player|p2|sinomani|dawn-gen4pt|\n|teamsize|p1|6\n|teamsize|p2|6\n|gen|9\n|tier|[Gen 9] National Dex Ubers\n|rule|HP Percentage Mod: HP is shown in percentages\n|rule|Endless Battle Clause: Forcing endless battles is banned\n|rule|OHKO Clause: OHKO moves are banned\n|rule|Evasion Moves Clause: Evasion moves are banned\n|rule|Evasion Items Clause: Evasion items are banned\n|rule|Species Clause: Limit one of each Pok\u00e9mon\n|rule|Sleep Clause Mod: Limit one foe put to sleep\n|rule|Mega Rayquaza Clause: You cannot mega evolve Rayquaza\n|clearpoke\n|poke|p1|Mimikyu, F|\n|poke|p1|Marshadow|\n|poke|p1|Chandelure, M|\n|poke|p1|Gholdengo|\n|poke|p1|Froslass, F|\n|poke|p1|Dragapult, M|\n|poke|p2|Giratina-Origin|\n|poke|p2|Arceus-Ghost|\n|poke|p2|Gengar, M|\n|poke|p2|Marshadow|\n|poke|p2|Flutter Mane|\n|poke|p2|Spiritomb, M|\n|teampreview\n|c|\u2606sinomani|fantastic\n|c|\u2606sinomani|thug finals time\n|c|\u2606sinomani|anything can happen in jersey\n|j| BloodlustBlackz\n|c| BloodlustBlackz|Huh\n|c|\u2606Dylax|no, that's my line\n|c|\u2606sinomani|my bad\n|c|\u2606sinomani|say the line homie\n|c|\u2606Dylax|I will\n|c|\u2606Dylax|Gl\n|c|\u2606sinomani|glhf champ\n|\n|t:|1698810844\n|start\n|switch|p1a: Special Snowflake|Froslass, F|100\/100\n|switch|p2a: Accordion|Arceus-Ghost|100\/100\n|turn|1\n|c|\u2606Dylax|Anything can happen in Jersey\n|c|\u2606sinomani|hell yeah\n|\n|t:|1698810858\n|move|p2a: Accordion|Calm Mind|p2a: Accordion\n|-boost|p2a: Accordion|spa|1\n|-boost|p2a: Accordion|spd|1\n|move|p1a: Special Snowflake|Spikes|p2a: Accordion\n|-sidestart|p2: sinomani|Spikes\n|\n|upkeep\n|turn|2\n|\n|t:|1698810869\n|move|p2a: Accordion|Calm Mind|p2a: Accordion\n|-boost|p2a: Accordion|spa|1\n|-boost|p2a: Accordion|spd|1\n|move|p1a: Special Snowflake|Shadow Ball|p2a: Accordion\n|-supereffective|p2a: Accordion\n|-damage|p2a: Accordion|82\/100\n|-unboost|p2a: Accordion|spd|1\n|\n|upkeep\n|turn|3\n|c| BloodlustBlackz|Is this for anything or are y\u2019all goobering around\n|\n|t:|1698810880\n|move|p2a: Accordion|Calm Mind|p2a: Accordion\n|-boost|p2a: Accordion|spa|1\n|-boost|p2a: Accordion|spd|1\n|move|p1a: Special Snowflake|Shadow Ball|p2a: Accordion\n|-supereffective|p2a: Accordion\n|-damage|p2a: Accordion|61\/100\n|\n|upkeep\n|turn|4\n|\n|t:|1698810883\n|move|p2a: Accordion|Judgment|p1a: Special Snowflake\n|-supereffective|p1a: Special Snowflake\n|-enditem|p1a: Special Snowflake|Focus Sash\n|-damage|p1a: Special Snowflake|1\/100\n|move|p1a: Special Snowflake|Shadow Ball|p2a: Accordion\n|-supereffective|p2a: Accordion\n|-damage|p2a: Accordion|40\/100\n|-unboost|p2a: Accordion|spd|1\n|\n|upkeep\n|turn|5\n|\n|t:|1698810888\n|move|p2a: Accordion|Recover|p2a: Accordion\n|-heal|p2a: Accordion|90\/100\n|move|p1a: Special Snowflake|Destiny Bond|p1a: Special Snowflake\n|-singlemove|p1a: Special Snowflake|Destiny Bond\n|\n|upkeep\n|turn|6\n|\n|t:|1698810894\n|move|p2a: Accordion|Calm Mind|p2a: Accordion\n|-boost|p2a: Accordion|spa|1\n|-boost|p2a: Accordion|spd|1\n|move|p1a: Special Snowflake|Shadow Ball|p2a: Accordion\n|-supereffective|p2a: Accordion\n|-damage|p2a: Accordion|69\/100\n|\n|upkeep\n|turn|7\n|\n|t:|1698810898\n|move|p2a: Accordion|Judgment|p1a: Special Snowflake\n|-supereffective|p1a: Special Snowflake\n|-damage|p1a: Special Snowflake|0 fnt\n|-start|p2a: Accordion|Disable|Judgment|[from] ability: Cursed Body|[of] p1a: Special Snowflake\n|faint|p1a: Special Snowflake\n|\n|upkeep\n|\n|t:|1698810903\n|switch|p1a: Grave Robber|Marshadow|100\/100\n|turn|8\n|c|\u2606sinomani|WELL\n|\n|t:|1698810931\n|move|p2a: Accordion|Protect|p2a: Accordion\n|-singleturn|p2a: Accordion|Protect\n|move|p1a: Grave Robber|Spectral Thief|p2a: Accordion\n|-activate|p2a: Accordion|move: Protect\n|\n|upkeep\n|turn|9\n|c|\u2606Dylax|hit me\n|c|\u2606sinomani|nuh uh\n|\n|t:|1698810941\n|move|p1a: Grave Robber|Spectral Thief||[still]\n|-clearpositiveboost|p2a: Accordion|p1a: Grave Robber|move: Spectral Thief\n|-boost|p1a: Grave Robber|spa|4\n|-boost|p1a: Grave Robber|spd|2\n|-anim|p1a: Grave Robber|Spectral Thief|p2a: Accordion\n|-supereffective|p2a: Accordion\n|-damage|p2a: Accordion|0 fnt\n|faint|p2a: Accordion\n|\n|upkeep\n|j| pulsarnyx\n|j| Ant12131\n|c| Ant12131|thug ginals\n|\n|t:|1698810962\n|switch|p2a: All Caps|Gengar, M, shiny|100\/100\n|-damage|p2a: All Caps|88\/100|[from] Spikes\n|turn|10\n|\n|t:|1698810970\n|move|p1a: Grave Robber|Shadow Sneak|p2a: All Caps\n|-supereffective|p2a: All Caps\n|-damage|p2a: All Caps|0 fnt\n|-start|p1a: Grave Robber|Disable|Shadow Sneak|[from] ability: Cursed Body|[of] p2a: All Caps\n|faint|p2a: All Caps\n|\n|upkeep\n|c|\u2606Dylax|Noo\n|\n|t:|1698810978\n|switch|p2a: Meat Grinder|Marshadow|100\/100\n|-damage|p2a: Meat Grinder|88\/100|[from] Spikes\n|turn|11\n|c| pulsarnyx|who could have possibly forseen this\n|\n|t:|1698810993\n|switch|p1a: Chandelabra|Chandelure, M|100\/100\n|move|p2a: Meat Grinder|Shadow Sneak|p1a: Chandelabra\n|-supereffective|p1a: Chandelabra\n|-damage|p1a: Chandelabra|0 fnt\n|faint|p1a: Chandelabra\n|-damage|p2a: Meat Grinder|78\/100|[from] item: Life Orb\n|\n|upkeep\n|c|\u2606sinomani|see how awful cursed body is\n|\n|t:|1698811005\n|switch|p1a: AC-130|Dragapult, M|100\/100\n|turn|12\n|c|\u2606sinomani|hate that thing\n|\n|t:|1698811016\n|move|p2a: Meat Grinder|Shadow Sneak|p1a: AC-130\n|-supereffective|p1a: AC-130\n|-enditem|p1a: AC-130|Kasib Berry|[eat]\n|-enditem|p1a: AC-130|Kasib Berry|[weaken]\n|-damage|p1a: AC-130|50\/100\n|-damage|p2a: Meat Grinder|68\/100|[from] item: Life Orb\n|move|p1a: AC-130|Phantom Force||[still]\n|-prepare|p1a: AC-130|Phantom Force\n|\n|upkeep\n|turn|13\n|c|\u2606Dylax|It finally activates\n|\n|t:|1698811049\n|move|p1a: AC-130|Phantom Force|p2a: Meat Grinder|[from]lockedmove\n|-supereffective|p2a: Meat Grinder\n|-damage|p2a: Meat Grinder|0 fnt\n|faint|p2a: Meat Grinder\n|\n|upkeep\n|\n|t:|1698811058\n|switch|p2a: MF DOOM|Spiritomb, M, shiny|100\/100\n|-damage|p2a: MF DOOM|88\/100|[from] Spikes\n|turn|14\n|\n|t:|1698811063\n|move|p2a: MF DOOM|Sucker Punch||[still]\n|-fail|p2a: MF DOOM\n|move|p1a: AC-130|Dragon Dance|p1a: AC-130\n|-boost|p1a: AC-130|atk|1\n|-boost|p1a: AC-130|spe|1\n|\n|-heal|p2a: MF DOOM|94\/100|[from] item: Leftovers\n|upkeep\n|turn|15\n|c| Ant12131|MF DOOM\n|\n|t:|1698811076\n|move|p2a: MF DOOM|Sucker Punch||[still]\n|-fail|p2a: MF DOOM\n|move|p1a: AC-130|Dragon Dance|p1a: AC-130\n|-boost|p1a: AC-130|atk|1\n|-boost|p1a: AC-130|spe|1\n|\n|-heal|p2a: MF DOOM|100\/100|[from] item: Leftovers\n|upkeep\n|turn|16\n|\n|t:|1698811080\n|move|p2a: MF DOOM|Sucker Punch||[still]\n|-fail|p2a: MF DOOM\n|move|p1a: AC-130|Will-O-Wisp|p2a: MF DOOM\n|-status|p2a: MF DOOM|brn\n|\n|-damage|p2a: MF DOOM|94\/100 brn|[from] brn\n|upkeep\n|turn|17\n|c|\u2606sinomani|i will hit this button\n|c|\u2606sinomani|SUCKER\n|c|\u2606sinomani|PUNCH\n|c|\u2606sinomani|CMON\n|\n|t:|1698811099\n|move|p1a: AC-130|Will-O-Wisp|p2a: MF DOOM|[miss]\n|-miss|p1a: AC-130|p2a: MF DOOM\n|move|p2a: MF DOOM|Foul Play|p1a: AC-130\n|-supereffective|p1a: AC-130\n|-damage|p1a: AC-130|0 fnt\n|faint|p1a: AC-130\n|\n|-heal|p2a: MF DOOM|100\/100 brn|[from] item: Leftovers\n|-damage|p2a: MF DOOM|94\/100 brn|[from] brn\n|upkeep\n|c| pulsarnyx|wacky smacky baja blast\n|c|\u2606Dylax|misclick nooo\n|c|\u2606sinomani|DYLAN NO\n|\n|t:|1698811114\n|switch|p1a: Mikimu|Mimikyu, F|100\/100\n|turn|18\n|c| pulsarnyx|DYLAN WHYYYY\n|c|\u2606sinomani|you were supposed to hit em with the ghost\n|\n|t:|1698811128\n|move|p1a: Mikimu|Swords Dance|p1a: Mikimu\n|-boost|p1a: Mikimu|atk|2\n|move|p2a: MF DOOM|Poltergeist|p1a: Mikimu\n|-activate|p1a: Mikimu|move: Poltergeist|Life Orb\n|-activate|p1a: Mikimu|ability: Disguise\n|-damage|p1a: Mikimu|100\/100\n|detailschange|p1a: Mikimu|Mimikyu-Busted, F\n|-damage|p1a: Mikimu|88\/100|[from] pokemon: Mimikyu-Busted\n|\n|-heal|p2a: MF DOOM|100\/100 brn|[from] item: Leftovers\n|-damage|p2a: MF DOOM|94\/100 brn|[from] brn\n|upkeep\n|turn|19\n|c|\u2606sinomani|sadge\n|\n|t:|1698811145\n|move|p1a: Mikimu|Play Rough|p2a: MF DOOM\n|-supereffective|p2a: MF DOOM\n|-damage|p2a: MF DOOM|0 fnt\n|faint|p2a: MF DOOM\n|-damage|p1a: Mikimu|78\/100|[from] item: Life Orb\n|\n|upkeep\n|\n|t:|1698811155\n|switch|p2a: Doomsday|Giratina-Origin, shiny|100\/100\n|turn|20\n|c|\u2606sinomani|oh it's so joever\n|\n|t:|1698811167\n|-terastallize|p2a: Doomsday|Ghost\n|move|p2a: Doomsday|Shadow Sneak|p1a: Mikimu\n|-supereffective|p1a: Mikimu\n|-damage|p1a: Mikimu|0 fnt\n|faint|p1a: Mikimu\n|\n|upkeep\n|c|\u2606Dylax|aaaa\n|c| pulsarnyx|unless?\n|c|\u2606sinomani|unless i die\n|\n|t:|1698811179\n|switch|p1a: Grave Robber|Marshadow|100\/100\n|turn|21\n|c|\u2606sinomani|irl\n|\n|t:|1698811187\n|-terastallize|p1a: Grave Robber|Ghost\n|move|p1a: Grave Robber|Shadow Sneak|p2a: Doomsday\n|-supereffective|p2a: Doomsday\n|-damage|p2a: Doomsday|29\/100\n|move|p2a: Doomsday|Shadow Force||[still]\n|-prepare|p2a: Doomsday|Shadow Force\n|\n|upkeep\n|turn|22\n|c| pulsarnyx|if i can prove that i didn't [break the law] would you promise not to tell another soul what you saw?\n|\n|t:|1698811201\n|move|p1a: Grave Robber|Spectral Thief|p2a: Doomsday|[miss]\n|-miss|p1a: Grave Robber|p2a: Doomsday\n|move|p2a: Doomsday|Shadow Force|p1a: Grave Robber|[from]lockedmove\n|-supereffective|p1a: Grave Robber\n|-damage|p1a: Grave Robber|0 fnt\n|faint|p1a: Grave Robber\n|\n|upkeep\n|\n|t:|1698811204\n|switch|p1a: Rango 2|Gholdengo|100\/100\n|turn|23\n|c|\u2606sinomani|...perhaps...\n|\n|t:|1698811214\n|move|p1a: Rango 2|Shadow Ball|p2a: Doomsday\n|-supereffective|p2a: Doomsday\n|-damage|p2a: Doomsday|0 fnt\n|faint|p2a: Doomsday\n|\n|upkeep\n|c| pulsarnyx|:O\n|c|\u2606sinomani|wait\n|c|\u2606sinomani|YOU'RE SCARFED\n|\n|t:|1698811225\n|switch|p2a: Raid|Flutter Mane|100\/100\n|-damage|p2a: Raid|88\/100|[from] Spikes\n|turn|24\n|c|\u2606sinomani|oh it's so joever\n|\n|t:|1698811231\n|move|p1a: Rango 2|Shadow Ball|p2a: Raid\n|-supereffective|p2a: Raid\n|-damage|p2a: Raid|7\/100\n|-unboost|p2a: Raid|spd|1\n|move|p2a: Raid|Shadow Ball|p1a: Rango 2\n|-supereffective|p1a: Rango 2\n|-damage|p1a: Rango 2|0 fnt\n|faint|p1a: Rango 2\n|-damage|p2a: Raid|0 fnt|[from] item: Life Orb\n|faint|p2a: Raid\n|-end|p2a: Raid|Protosynthesis|[silent]\n|\n|win|sinomani\n|c| pulsarnyx|:O\n|c|\u2606sinomani|WAIT\n|c| Ant12131|thats crazy\n|c|\u2606sinomani|YOOOOOOO\n|c|\u2606Dylax|tie\n|c|\u2606sinomani|we're both champs\n|c|\u2606sinomani|at midnight too\n","uploadtime":1698811251,"views":12,"p1id":"dylax","p2id":"sinomani","formatid":"gen9nationaldexubers","rating":0,"private":0,"password":""}