{"id":"gen9nationaldexubers-1996715635","p1":"RayvenLee16","p2":"juancharlos","format":"[Gen 9] National Dex Ubers","log":"|j|\u2606RayvenLee16\n|j|\u2606juancharlos\n|t:|1700713588\n|gametype|singles\n|player|p1|RayvenLee16|hilbert|\n|player|p2|juancharlos|169|\n|teamsize|p1|6\n|teamsize|p2|6\n|gen|9\n|tier|[Gen 9] National Dex Ubers\n|rule|HP Percentage Mod: HP is shown in percentages\n|rule|Endless Battle Clause: Forcing endless battles is banned\n|rule|OHKO Clause: OHKO moves are banned\n|rule|Evasion Moves Clause: Evasion moves are banned\n|rule|Evasion Items Clause: Evasion items are banned\n|rule|Species Clause: Limit one of each Pok\u00e9mon\n|rule|Sleep Clause Mod: Limit one foe put to sleep\n|rule|Mega Rayquaza Clause: You cannot mega evolve Rayquaza\n|clearpoke\n|poke|p1|Eelektross, M|\n|poke|p1|Victini|\n|poke|p1|Blastoise, F|\n|poke|p1|Ursaluna, M|\n|poke|p1|Zoroark-Hisui, M|\n|poke|p1|Chansey, F|\n|poke|p2|Tyranitar, F|\n|poke|p2|Excadrill, M|\n|poke|p2|Naganadel|\n|poke|p2|Alakazam, F|\n|poke|p2|Toxapex, F|\n|poke|p2|Sharpedo, F|\n|teampreview\n|c|\u2606RayvenLee16|gl hf!\n|\n|t:|1700713653\n|start\n|switch|p1a: Eelektross|Eelektross, M|100\/100\n|switch|p2a: Tyranitar|Tyranitar, F|100\/100\n|-weather|Sandstorm|[from] ability: Sand Stream|[of] p2a: Tyranitar\n|turn|1\n|\n|t:|1700713679\n|move|p2a: Tyranitar|Knock Off|p1a: Eelektross\n|-damage|p1a: Eelektross|43\/100\n|-enditem|p1a: Eelektross|Assault Vest|[from] move: Knock Off|[of] p2a: Tyranitar\n|move|p1a: Eelektross|Signal Beam|p2a: Tyranitar\n|-supereffective|p2a: Tyranitar\n|-damage|p2a: Tyranitar|65\/100\n|-start|p2a: Tyranitar|confusion\n|-enditem|p2a: Tyranitar|Eject Button\n|\n|t:|1700713694\n|switch|p2a: Excadrill|Excadrill, M|100\/100\n|\n|-weather|Sandstorm|[upkeep]\n|-damage|p1a: Eelektross|37\/100|[from] Sandstorm\n|upkeep\n|turn|2\n|\n|t:|1700713775\n|switch|p1a: Ursaluna|Ursaluna, M|100\/100\n|move|p2a: Excadrill|Shadow Claw|p1a: Ursaluna\n|-immune|p1a: Ursaluna\n|\n|-weather|Sandstorm|[upkeep]\n|-status|p1a: Ursaluna|brn|[from] item: Flame Orb\n|upkeep\n|turn|3\n|\n|t:|1700713788\n|switch|p2a: Sharpedo|Sharpedo, F|100\/100\n|move|p1a: Ursaluna|Close Combat|p2a: Sharpedo\n|-supereffective|p2a: Sharpedo\n|-damage|p2a: Sharpedo|0 fnt\n|-unboost|p1a: Ursaluna|def|1\n|-unboost|p1a: Ursaluna|spd|1\n|faint|p2a: Sharpedo\n|\n|-weather|Sandstorm|[upkeep]\n|-damage|p1a: Ursaluna|94\/100 brn|[from] brn\n|upkeep\n|\n|t:|1700713815\n|switch|p2a: Tyranitar|Tyranitar, F|65\/100\n|turn|4\n|\n|t:|1700713825\n|move|p2a: Tyranitar|Brick Break|p1a: Ursaluna\n|-supereffective|p1a: Ursaluna\n|-damage|p1a: Ursaluna|27\/100 brn\n|move|p1a: Ursaluna|Close Combat|p2a: Tyranitar\n|-supereffective|p2a: Tyranitar\n|-crit|p2a: Tyranitar\n|-damage|p2a: Tyranitar|0 fnt\n|-unboost|p1a: Ursaluna|def|1\n|-unboost|p1a: Ursaluna|spd|1\n|faint|p2a: Tyranitar\n|\n|-weather|Sandstorm|[upkeep]\n|-damage|p1a: Ursaluna|21\/100 brn|[from] brn\n|upkeep\n|\n|t:|1700713847\n|switch|p2a: Naganadel|Naganadel, shiny|100\/100\n|turn|5\n|\n|t:|1700713906\n|move|p2a: Naganadel|Dragon Pulse|p1a: Ursaluna\n|-damage|p1a: Ursaluna|0 fnt\n|faint|p1a: Ursaluna\n|-ability|p2a: Naganadel|Beast Boost|boost\n|-boost|p2a: Naganadel|spe|1\n|-damage|p2a: Naganadel|91\/100|[from] item: Life Orb\n|\n|-weather|none\n|upkeep\n|\n|t:|1700713923\n|switch|p1a: Victini|Victini|100\/100\n|turn|6\n|\n|t:|1700713931\n|move|p2a: Naganadel|Dragon Pulse|p1a: Victini\n|-damage|p1a: Victini|63\/100\n|-damage|p2a: Naganadel|81\/100|[from] item: Life Orb\n|move|p1a: Victini|Zen Headbutt|p2a: Naganadel\n|-supereffective|p2a: Naganadel\n|-damage|p2a: Naganadel|0 fnt\n|faint|p2a: Naganadel\n|\n|upkeep\n|\n|t:|1700713941\n|switch|p2a: Toxapex|Toxapex, F, shiny|100\/100\n|turn|7\n|\n|t:|1700713948\n|switch|p2a: Alakazam|Alakazam, F|100\/100\n|move|p1a: Victini|Bolt Strike|p2a: Alakazam\n|-damage|p2a: Alakazam|3\/100\n|-status|p2a: Alakazam|par\n|-activate|p2a: Alakazam|ability: Synchronize\n|-status|p1a: Victini|par\n|\n|upkeep\n|turn|8\n|\n|t:|1700714003\n|move|p2a: Alakazam|Shadow Ball|p1a: Victini\n|-supereffective|p1a: Victini\n|-damage|p1a: Victini|22\/100 par\n|move|p1a: Victini|V-create|p2a: Alakazam\n|-damage|p2a: Alakazam|0 fnt\n|-unboost|p1a: Victini|spe|1\n|-unboost|p1a: Victini|def|1\n|-unboost|p1a: Victini|spd|1\n|faint|p2a: Alakazam\n|\n|upkeep\n|\n|t:|1700714013\n|switch|p2a: Toxapex|Toxapex, F, shiny|100\/100\n|turn|9\n|\n|t:|1700714060\n|switch|p1a: Chansey|Chansey, F|100\/100\n|switch|p2a: Excadrill|Excadrill, M|100\/100\n|\n|upkeep\n|turn|10\n|\n|t:|1700714068\n|move|p1a: Chansey|Flamethrower|p2a: Excadrill\n|-supereffective|p2a: Excadrill\n|-damage|p2a: Excadrill|12\/100\n|move|p2a: Excadrill|Earthquake|p1a: Chansey\n|-enditem|p1a: Chansey|Focus Sash\n|-damage|p1a: Chansey|1\/100\n|replace|p1a: Zoroark|Zoroark-Hisui, M\n|-end|p1a: Zoroark|Illusion\n|\n|upkeep\n|turn|11\n|\n|t:|1700714076\n|switch|p2a: Toxapex|Toxapex, F, shiny|100\/100\n|move|p1a: Zoroark|Flamethrower|p2a: Toxapex\n|-resisted|p2a: Toxapex\n|-damage|p2a: Toxapex|89\/100\n|\n|-heal|p2a: Toxapex|95\/100|[from] item: Leftovers\n|upkeep\n|turn|12\n|\n|t:|1700714089\n|move|p1a: Zoroark|Shadow Ball|p2a: Toxapex\n|-damage|p2a: Toxapex|64\/100\n|move|p2a: Toxapex|Toxic|p1a: Zoroark\n|-status|p1a: Zoroark|tox\n|\n|-heal|p2a: Toxapex|70\/100|[from] item: Leftovers\n|-damage|p1a: Zoroark|0 fnt|[from] psn\n|faint|p1a: Zoroark\n|upkeep\n|\n|t:|1700714100\n|switch|p1a: Eelektross|Eelektross, M|37\/100\n|turn|13\n|\n|t:|1700714105\n|move|p1a: Eelektross|Thunderbolt|p2a: Toxapex\n|-supereffective|p2a: Toxapex\n|-damage|p2a: Toxapex|0 fnt\n|faint|p2a: Toxapex\n|\n|upkeep\n|\n|t:|1700714109\n|switch|p2a: Excadrill|Excadrill, M|12\/100\n|turn|14\n|\n|t:|1700714117\n|move|p2a: Excadrill|Rock Slide|p1a: Eelektross\n|-damage|p1a: Eelektross|0 fnt\n|faint|p1a: Eelektross\n|\n|upkeep\n|\n|t:|1700714123\n|switch|p1a: Blastoise|Blastoise, F|100\/100\n|turn|15\n|\n|t:|1700714136\n|detailschange|p1a: Blastoise|Blastoise-Mega, F\n|-mega|p1a: Blastoise|Blastoise|Blastoisinite\n|move|p1a: Blastoise|Aura Sphere|p2a: Excadrill\n|-supereffective|p2a: Excadrill\n|-damage|p2a: Excadrill|0 fnt\n|faint|p2a: Excadrill\n|\n|win|RayvenLee16\n|c|\u2606juancharlos|ggs\n|c|\u2606RayvenLee16|gg my guy\n","uploadtime":1700714163,"views":24,"p1id":"rayvenlee16","p2id":"juancharlos","formatid":"gen9nationaldexubers","rating":0,"private":0,"password":""}