{"id":"gen9nationaldexubers-1998692439","p1":"Mr_Malware61","p2":"vic_ketchum","format":"[Gen 9] National Dex Ubers","log":"|j|\u2606Mr_Malware61\n|j|\u2606vic_ketchum\n|t:|1700973333\n|gametype|singles\n|player|p1|Mr_Malware61|will|1191\n|player|p2|vic_ketchum|ash-kalos|1196\n|teamsize|p1|6\n|teamsize|p2|6\n|gen|9\n|tier|[Gen 9] National Dex Ubers\n|rated|\n|rule|HP Percentage Mod: HP is shown in percentages\n|rule|Endless Battle Clause: Forcing endless battles is banned\n|rule|OHKO Clause: OHKO moves are banned\n|rule|Evasion Moves Clause: Evasion moves are banned\n|rule|Evasion Items Clause: Evasion items are banned\n|rule|Species Clause: Limit one of each Pok\u00e9mon\n|rule|Sleep Clause Mod: Limit one foe put to sleep\n|rule|Mega Rayquaza Clause: You cannot mega evolve Rayquaza\n|clearpoke\n|poke|p1|Hoopa-Unbound|\n|poke|p1|Pinsir, M|\n|poke|p1|Avalugg, M|\n|poke|p1|Swellow, M|\n|poke|p1|Garchomp, F|\n|poke|p1|Heatran, F|\n|poke|p2|Mewtwo|\n|poke|p2|Pheromosa|\n|poke|p2|Deoxys|\n|poke|p2|Hydreigon, M|\n|poke|p2|Zoroark, M|\n|poke|p2|Scizor, M|\n|teampreview\n|inactive|Battle timer is ON: inactive players will automatically lose when time's up. (requested by vic_ketchum)\n|\n|t:|1700973343\n|start\n|switch|p1a: Blue Beetle|Pinsir, M, shiny|100\/100\n|switch|p2a: CELL|Pheromosa|100\/100\n|turn|1\n|c|\u2606vic_ketchum|:0\n|\n|t:|1700973361\n|move|p2a: CELL|Poison Jab|p1a: Blue Beetle\n|-damage|p1a: Blue Beetle|66\/100\n|move|p1a: Blue Beetle|Swords Dance|p1a: Blue Beetle\n|-boost|p1a: Blue Beetle|atk|2\n|\n|upkeep\n|turn|2\n|\n|t:|1700973367\n|detailschange|p1a: Blue Beetle|Pinsir-Mega, M, shiny\n|-mega|p1a: Blue Beetle|Pinsir|Pinsirite\n|move|p1a: Blue Beetle|Quick Attack|p2a: CELL\n|-supereffective|p2a: CELL\n|-enditem|p2a: CELL|Focus Sash\n|-damage|p2a: CELL|1\/100\n|move|p2a: CELL|Ice Beam|p1a: Blue Beetle\n|-supereffective|p1a: Blue Beetle\n|-damage|p1a: Blue Beetle|0 fnt\n|faint|p1a: Blue Beetle\n|-ability|p2a: CELL|Beast Boost|boost\n|-boost|p2a: CELL|spe|1\n|\n|upkeep\n|\n|t:|1700973371\n|switch|p1a: Mr. Byrd|Swellow, M, shiny|100\/100\n|turn|3\n|\n|t:|1700973379\n|move|p1a: Mr. Byrd|Quick Attack|p2a: CELL\n|-damage|p2a: CELL|0 fnt\n|faint|p2a: CELL\n|\n|-status|p1a: Mr. Byrd|brn|[from] item: Flame Orb\n|upkeep\n|\n|t:|1700973392\n|switch|p2a: MAJIN BUU|Deoxys|100\/100\n|-ability|p2a: MAJIN BUU|Pressure\n|turn|4\n|\n|t:|1700973404\n|-terastallize|p1a: Mr. Byrd|Normal\n|move|p1a: Mr. Byrd|Quick Attack|p2a: MAJIN BUU\n|-damage|p2a: MAJIN BUU|43\/100\n|move|p2a: MAJIN BUU|Psychic|p1a: Mr. Byrd\n|-damage|p1a: Mr. Byrd|0 fnt\n|faint|p1a: Mr. Byrd\n|\n|upkeep\n|\n|t:|1700973412\n|switch|p1a: DIO|Hoopa-Unbound|100\/100\n|turn|5\n|\n|t:|1700973419\n|move|p2a: MAJIN BUU|Signal Beam|p1a: DIO\n|-supereffective|p1a: DIO\n|-damage|p1a: DIO|41\/100\n|move|p1a: DIO|Hyperspace Fury|p2a: MAJIN BUU\n|-supereffective|p2a: MAJIN BUU\n|-damage|p2a: MAJIN BUU|0 fnt\n|-unboost|p1a: DIO|def|1\n|faint|p2a: MAJIN BUU\n|\n|upkeep\n|\n|t:|1700973428\n|switch|p2a: 1 ESTRELLA|Hydreigon, M|100\/100\n|turn|6\n|\n|t:|1700973435\n|move|p2a: 1 ESTRELLA|Dragon Dance|p2a: 1 ESTRELLA\n|-boost|p2a: 1 ESTRELLA|atk|1\n|-boost|p2a: 1 ESTRELLA|spe|1\n|move|p1a: DIO|Hyperspace Fury|p2a: 1 ESTRELLA\n|-resisted|p2a: 1 ESTRELLA\n|-damage|p2a: 1 ESTRELLA|65\/100\n|-unboost|p1a: DIO|def|1\n|\n|upkeep\n|turn|7\n|\n|t:|1700973442\n|move|p2a: 1 ESTRELLA|Dragon Dance|p2a: 1 ESTRELLA\n|-boost|p2a: 1 ESTRELLA|atk|1\n|-boost|p2a: 1 ESTRELLA|spe|1\n|move|p1a: DIO|Drain Punch|p2a: 1 ESTRELLA\n|-supereffective|p2a: 1 ESTRELLA\n|-damage|p2a: 1 ESTRELLA|0 fnt\n|-heal|p1a: DIO|72\/100|[from] drain|[of] p2a: 1 ESTRELLA\n|faint|p2a: 1 ESTRELLA\n|\n|upkeep\n|\n|t:|1700973466\n|switch|p2a: XICOR|Scizor, M, shiny|100\/100\n|turn|8\n|\n|t:|1700973470\n|move|p1a: DIO|Fire Punch|p2a: XICOR\n|-supereffective|p2a: XICOR\n|-enditem|p2a: XICOR|Focus Sash\n|-damage|p2a: XICOR|1\/100\n|move|p2a: XICOR|Swords Dance|p2a: XICOR\n|-boost|p2a: XICOR|atk|2\n|\n|upkeep\n|turn|9\n|\n|t:|1700973479\n|move|p2a: XICOR|Bullet Punch|p1a: DIO\n|-damage|p1a: DIO|0 fnt\n|faint|p1a: DIO\n|\n|upkeep\n|\n|t:|1700973482\n|switch|p1a: (Funny Name)|Heatran, F|100\/100\n|turn|10\n|\n|t:|1700973486\n|move|p2a: XICOR|Close Combat|p1a: (Funny Name)\n|-supereffective|p1a: (Funny Name)\n|-damage|p1a: (Funny Name)|0 fnt\n|-unboost|p2a: XICOR|def|1\n|-unboost|p2a: XICOR|spd|1\n|faint|p1a: (Funny Name)\n|\n|upkeep\n|\n|t:|1700973489\n|switch|p1a: \"Ice\" to meet you|Avalugg, M|100\/100\n|turn|11\n|\n|t:|1700973494\n|move|p2a: XICOR|Bullet Punch|p1a: \"Ice\" to meet you\n|-supereffective|p1a: \"Ice\" to meet you\n|-damage|p1a: \"Ice\" to meet you|50\/100\n|move|p1a: \"Ice\" to meet you|Body Press|p2a: XICOR\n|-damage|p2a: XICOR|0 fnt\n|faint|p2a: XICOR\n|\n|-heal|p1a: \"Ice\" to meet you|56\/100|[from] item: Leftovers\n|upkeep\n|\n|t:|1700973502\n|switch|p2a: FREEZER|Mewtwo|100\/100\n|-ability|p2a: FREEZER|Pressure\n|turn|12\n|\n|t:|1700973512\n|move|p2a: FREEZER|Flamethrower|p1a: \"Ice\" to meet you\n|-supereffective|p1a: \"Ice\" to meet you\n|-damage|p1a: \"Ice\" to meet you|0 fnt\n|faint|p1a: \"Ice\" to meet you\n|\n|upkeep\n|\n|t:|1700973517\n|switch|p1a: Jotaro Kujo|Garchomp, F|100\/100\n|turn|13\n|\n|t:|1700973526\n|move|p2a: FREEZER|Ice Beam|p1a: Jotaro Kujo\n|-supereffective|p1a: Jotaro Kujo\n|-damage|p1a: Jotaro Kujo|0 fnt\n|faint|p1a: Jotaro Kujo\n|\n|win|vic_ketchum\n|raw|Mr_Malware61's rating: 1191 &rarr; <strong>1166<\/strong><br \/>(-25 for losing)\n|raw|vic_ketchum's rating: 1196 &rarr; <strong>1221<\/strong><br \/>(+25 for winning)\n","uploadtime":1700973531,"views":1,"p1id":"mrmalware61","p2id":"vicketchum","formatid":"gen9nationaldexubers","rating":1166,"private":0,"password":""}