{"id":"gen9nationaldexubers-1996643406","p1":"seanonalia","p2":"coping49","format":"[Gen 9] National Dex Ubers","log":"|j|\u2606seanonalia\n|j|\u2606coping49\n|t:|1700704344\n|gametype|singles\n|player|p1|seanonalia|iris|1076\n|player|p2|coping49|2|1040\n|teamsize|p1|6\n|teamsize|p2|6\n|gen|9\n|tier|[Gen 9] National Dex Ubers\n|rated|\n|rule|HP Percentage Mod: HP is shown in percentages\n|rule|Endless Battle Clause: Forcing endless battles is banned\n|rule|OHKO Clause: OHKO moves are banned\n|rule|Evasion Moves Clause: Evasion moves are banned\n|rule|Evasion Items Clause: Evasion items are banned\n|rule|Species Clause: Limit one of each Pok\u00e9mon\n|rule|Sleep Clause Mod: Limit one foe put to sleep\n|rule|Mega Rayquaza Clause: You cannot mega evolve Rayquaza\n|clearpoke\n|poke|p1|Groudon|\n|poke|p1|Kyogre|\n|poke|p1|Incineroar, M|\n|poke|p1|Necrozma-Dusk-Mane|\n|poke|p1|Xerneas-*|\n|poke|p1|Rillaboom, M|\n|poke|p2|Ogerpon, F|\n|poke|p2|Buzzwole|\n|poke|p2|Breloom, M|\n|poke|p2|Bronzong|\n|poke|p2|Basculegion, M|\n|poke|p2|Tornadus, M|\n|teampreview\n|inactive|Battle timer is ON: inactive players will automatically lose when time's up. (requested by seanonalia)\n|\n|t:|1700704374\n|start\n|switch|p1a: Rillaboom|Rillaboom, M|100\/100\n|switch|p2a: Breloom|Breloom, M|100\/100\n|-fieldstart|move: Grassy Terrain|[from] ability: Grassy Surge|[of] p1a: Rillaboom\n|turn|1\n|\n|t:|1700704386\n|switch|p2a: Buzzwole|Buzzwole, shiny|100\/100\n|move|p1a: Rillaboom|Bulk Up|p1a: Rillaboom\n|-boost|p1a: Rillaboom|atk|1\n|-boost|p1a: Rillaboom|def|1\n|\n|upkeep\n|turn|2\n|\n|t:|1700704397\n|switch|p1a: Groudon|Groudon|100\/100\n|detailschange|p1a: Groudon|Groudon-Primal\n|-primal|p1a: Groudon|Red Orb\n|-weather|DesolateLand|[from] ability: Desolate Land|[of] p1a: Groudon\n|move|p2a: Buzzwole|Toxic|p1a: Groudon\n|-status|p1a: Groudon|tox\n|\n|-weather|DesolateLand|[upkeep]\n|-damage|p1a: Groudon|94\/100 tox|[from] psn\n|upkeep\n|turn|3\n|\n|t:|1700704407\n|switch|p2a: Bronzong|Bronzong|100\/100\n|move|p1a: Groudon|Swords Dance|p1a: Groudon\n|-boost|p1a: Groudon|atk|2\n|\n|-weather|DesolateLand|[upkeep]\n|-heal|p1a: Groudon|100\/100 tox|[from] Grassy Terrain\n|-damage|p1a: Groudon|88\/100 tox|[from] psn\n|upkeep\n|turn|4\n|\n|t:|1700704416\n|switch|p2a: Tornadus|Tornadus, M|100\/100\n|move|p1a: Groudon|Heat Crash|p2a: Tornadus\n|-damage|p2a: Tornadus|0 fnt\n|faint|p2a: Tornadus\n|\n|-weather|DesolateLand|[upkeep]\n|-heal|p1a: Groudon|94\/100 tox|[from] Grassy Terrain\n|-damage|p1a: Groudon|76\/100 tox|[from] psn\n|upkeep\n|\n|t:|1700704443\n|switch|p2a: Breloom|Breloom, M|100\/100\n|turn|5\n|\n|t:|1700704448\n|move|p1a: Groudon|Heat Crash|p2a: Breloom\n|-supereffective|p2a: Breloom\n|-enditem|p2a: Breloom|Focus Sash\n|-damage|p2a: Breloom|1\/100\n|move|p2a: Breloom|Close Combat|p1a: Groudon\n|-damage|p1a: Groudon|37\/100 tox\n|-unboost|p2a: Breloom|def|1\n|-unboost|p2a: Breloom|spd|1\n|\n|-weather|DesolateLand|[upkeep]\n|-heal|p1a: Groudon|43\/100 tox|[from] Grassy Terrain\n|-heal|p2a: Breloom|7\/100|[from] Grassy Terrain\n|-damage|p1a: Groudon|19\/100 tox|[from] psn\n|-fieldend|move: Grassy Terrain\n|upkeep\n|turn|6\n|\n|t:|1700704460\n|move|p2a: Breloom|Mach Punch|p1a: Groudon\n|-damage|p1a: Groudon|0 fnt\n|faint|p1a: Groudon\n|-weather|none\n|\n|upkeep\n|\n|t:|1700704464\n|switch|p1a: Rillaboom|Rillaboom, M|100\/100\n|-fieldstart|move: Grassy Terrain|[from] ability: Grassy Surge|[of] p1a: Rillaboom\n|turn|7\n|\n|t:|1700704469\n|switch|p2a: Buzzwole|Buzzwole, shiny|100\/100\n|move|p1a: Rillaboom|Grassy Glide|p2a: Buzzwole\n|-resisted|p2a: Buzzwole\n|-damage|p2a: Buzzwole|89\/100\n|-damage|p1a: Rillaboom|84\/100|[from] item: Rocky Helmet|[of] p2a: Buzzwole\n|\n|-heal|p1a: Rillaboom|90\/100|[from] Grassy Terrain\n|-heal|p2a: Buzzwole|96\/100|[from] Grassy Terrain\n|upkeep\n|turn|8\n|\n|t:|1700704484\n|switch|p1a: Xerneas|Xerneas|100\/100\n|-ability|p1a: Xerneas|Fairy Aura\n|move|p2a: Buzzwole|Toxic|p1a: Xerneas\n|-status|p1a: Xerneas|tox\n|\n|-heal|p2a: Buzzwole|100\/100|[from] Grassy Terrain\n|-damage|p1a: Xerneas|94\/100 tox|[from] psn\n|upkeep\n|turn|9\n|\n|t:|1700704494\n|switch|p2a: Bronzong|Bronzong|100\/100\n|move|p1a: Xerneas|Geomancy||[still]\n|-prepare|p1a: Xerneas|Geomancy\n|-enditem|p1a: Xerneas|Power Herb\n|-anim|p1a: Xerneas|Geomancy|p1a: Xerneas\n|-boost|p1a: Xerneas|spa|2\n|-boost|p1a: Xerneas|spd|2\n|-boost|p1a: Xerneas|spe|2\n|\n|-heal|p1a: Xerneas|100\/100 tox|[from] Grassy Terrain\n|-damage|p1a: Xerneas|88\/100 tox|[from] psn\n|upkeep\n|turn|10\n|\n|t:|1700704507\n|move|p1a: Xerneas|Thunderbolt|p2a: Bronzong\n|-damage|p2a: Bronzong|53\/100\n|move|p2a: Bronzong|Gyro Ball|p1a: Xerneas\n|-supereffective|p1a: Xerneas\n|-damage|p1a: Xerneas|18\/100 tox\n|\n|-heal|p1a: Xerneas|24\/100 tox|[from] Grassy Terrain\n|-heal|p2a: Bronzong|59\/100|[from] item: Leftovers\n|-damage|p1a: Xerneas|6\/100 tox|[from] psn\n|upkeep\n|turn|11\n|\n|t:|1700704518\n|move|p1a: Xerneas|Thunderbolt|p2a: Bronzong\n|-damage|p2a: Bronzong|14\/100\n|move|p2a: Bronzong|Stealth Rock|p1a: Xerneas\n|-sidestart|p1: seanonalia|move: Stealth Rock\n|\n|-heal|p1a: Xerneas|12\/100 tox|[from] Grassy Terrain\n|-heal|p2a: Bronzong|20\/100|[from] item: Leftovers\n|-damage|p1a: Xerneas|0 fnt|[from] psn\n|faint|p1a: Xerneas\n|-fieldend|move: Grassy Terrain\n|upkeep\n|\n|t:|1700704527\n|switch|p1a: Incineroar|Incineroar, M|100\/100\n|-damage|p1a: Incineroar|76\/100|[from] Stealth Rock\n|-ability|p1a: Incineroar|Intimidate|boost\n|-unboost|p2a: Bronzong|atk|1\n|turn|12\n|\n|t:|1700704535\n|move|p1a: Incineroar|Knock Off|p2a: Bronzong\n|-supereffective|p2a: Bronzong\n|-damage|p2a: Bronzong|0 fnt\n|-enditem|p2a: Bronzong|Leftovers|[from] move: Knock Off|[of] p1a: Incineroar\n|faint|p2a: Bronzong\n|\n|upkeep\n|\n|t:|1700704540\n|switch|p2a: Breloom|Breloom, M|7\/100\n|turn|13\n|\n|t:|1700704546\n|move|p2a: Breloom|Close Combat|p1a: Incineroar\n|-supereffective|p1a: Incineroar\n|-damage|p1a: Incineroar|0 fnt\n|-unboost|p2a: Breloom|def|1\n|-unboost|p2a: Breloom|spd|1\n|faint|p1a: Incineroar\n|\n|upkeep\n|\n|t:|1700704554\n|switch|p1a: Necrozma|Necrozma-Dusk-Mane|100\/100\n|-damage|p1a: Necrozma|95\/100|[from] Stealth Rock\n|turn|14\n|\n|t:|1700704559\n|move|p2a: Breloom|Spore|p1a: Necrozma\n|-status|p1a: Necrozma|slp|[from] move: Spore\n|cant|p1a: Necrozma|slp\n|\n|-heal|p1a: Necrozma|100\/100 slp|[from] item: Leftovers\n|upkeep\n|turn|15\n|\n|t:|1700704570\n|move|p2a: Breloom|Close Combat|p1a: Necrozma\n|-damage|p1a: Necrozma|46\/100 slp\n|-unboost|p2a: Breloom|def|1\n|-unboost|p2a: Breloom|spd|1\n|cant|p1a: Necrozma|slp\n|\n|-heal|p1a: Necrozma|52\/100 slp|[from] item: Leftovers\n|upkeep\n|turn|16\n|\n|t:|1700704578\n|-terastallize|p1a: Necrozma|Psychic\n|move|p2a: Breloom|Close Combat|p1a: Necrozma\n|-resisted|p1a: Necrozma\n|-damage|p1a: Necrozma|25\/100 slp\n|-unboost|p2a: Breloom|def|1\n|-unboost|p2a: Breloom|spd|1\n|cant|p1a: Necrozma|slp\n|\n|-heal|p1a: Necrozma|31\/100 slp|[from] item: Leftovers\n|upkeep\n|turn|17\n|\n|t:|1700704591\n|move|p2a: Breloom|Rock Tomb|p1a: Necrozma\n|-crit|p1a: Necrozma\n|-damage|p1a: Necrozma|0 fnt\n|faint|p1a: Necrozma\n|\n|upkeep\n|\n|t:|1700704596\n|switch|p1a: Rillaboom|Rillaboom, M|90\/100\n|-damage|p1a: Rillaboom|78\/100|[from] Stealth Rock\n|-fieldstart|move: Grassy Terrain|[from] ability: Grassy Surge|[of] p1a: Rillaboom\n|turn|18\n|-message|seanonalia forfeited.\n|\n|win|coping49\n|raw|seanonalia's rating: 1076 &rarr; <strong>1052<\/strong><br \/>(-24 for losing)\n|raw|coping49's rating: 1040 &rarr; <strong>1078<\/strong><br \/>(+38 for winning)\n|l|\u2606seanonalia\n","uploadtime":1700704605,"views":17,"p1id":"seanonalia","p2id":"coping49","formatid":"gen9nationaldexubers","rating":1052,"private":0,"password":""}