{"id":"gen9nationaldexubers-1983263402","p1":"FunnyValentine2","p2":"85792195wwww","format":"[Gen 9] National Dex Ubers","log":"|j|\u2606FunnyValentine2\n|j|\u260685792195wwww\n|t:|1699111870\n|gametype|singles\n|player|p1|FunnyValentine2|skier|1692\n|player|p2|85792195wwww|102|1865\n|teamsize|p1|6\n|teamsize|p2|6\n|gen|9\n|tier|[Gen 9] National Dex Ubers\n|rated|\n|rule|HP Percentage Mod: HP is shown in percentages\n|rule|Endless Battle Clause: Forcing endless battles is banned\n|rule|OHKO Clause: OHKO moves are banned\n|rule|Evasion Moves Clause: Evasion moves are banned\n|rule|Evasion Items Clause: Evasion items are banned\n|rule|Species Clause: Limit one of each Pok\u00e9mon\n|rule|Sleep Clause Mod: Limit one foe put to sleep\n|rule|Mega Rayquaza Clause: You cannot mega evolve Rayquaza\n|clearpoke\n|poke|p1|Glimmora, F|\n|poke|p1|Arceus|\n|poke|p1|Ho-Oh|\n|poke|p1|Groudon|\n|poke|p1|Kyogre|\n|poke|p1|Necrozma-Dusk-Mane|\n|poke|p2|Arceus|\n|poke|p2|Xerneas-*|\n|poke|p2|Groudon|\n|poke|p2|Zacian-*|\n|poke|p2|Samurott-Hisui, F|\n|poke|p2|Rayquaza|\n|teampreview\n|inactive|Battle timer is ON: inactive players will automatically lose when time's up. (requested by FunnyValentine2)\n|\n|t:|1699111879\n|start\n|switch|p1a: savage spin out|Glimmora, F|100\/100\n|switch|p2a: Xerneas|Xerneas|100\/100\n|-ability|p2a: Xerneas|Fairy Aura\n|turn|1\n|\n|t:|1699111886\n|move|p1a: savage spin out|Mortal Spin|p2a: Xerneas\n|-supereffective|p2a: Xerneas\n|-damage|p2a: Xerneas|92\/100\n|-status|p2a: Xerneas|psn\n|move|p2a: Xerneas|Geomancy||[still]\n|-prepare|p2a: Xerneas|Geomancy\n|-enditem|p2a: Xerneas|Power Herb\n|-anim|p2a: Xerneas|Geomancy|p2a: Xerneas\n|-boost|p2a: Xerneas|spa|2\n|-boost|p2a: Xerneas|spd|2\n|-boost|p2a: Xerneas|spe|2\n|\n|-damage|p2a: Xerneas|79\/100 psn|[from] psn\n|upkeep\n|turn|2\n|\n|t:|1699111902\n|move|p2a: Xerneas|Moonblast|p1a: savage spin out\n|-resisted|p1a: savage spin out\n|-damage|p1a: savage spin out|2\/100\n|move|p1a: savage spin out|Stealth Rock|p2a: Xerneas\n|-sidestart|p2: 85792195wwww|move: Stealth Rock\n|\n|-damage|p2a: Xerneas|67\/100 psn|[from] psn\n|upkeep\n|turn|3\n|\n|t:|1699111911\n|move|p2a: Xerneas|Moonblast|p1a: savage spin out\n|-resisted|p1a: savage spin out\n|-crit|p1a: savage spin out\n|-damage|p1a: savage spin out|0 fnt\n|faint|p1a: savage spin out\n|\n|-damage|p2a: Xerneas|54\/100 psn|[from] psn\n|upkeep\n|\n|t:|1699111923\n|switch|p1a: birdspam|Ho-Oh|100\/100\n|turn|4\n|\n|t:|1699111927\n|move|p2a: Xerneas|Hidden Power|p1a: birdspam\n|-supereffective|p1a: birdspam\n|-damage|p1a: birdspam|0 fnt\n|faint|p1a: birdspam\n|\n|-damage|p2a: Xerneas|42\/100 psn|[from] psn\n|upkeep\n|\n|t:|1699111941\n|switch|p1a: can't touch this|Necrozma-Dusk-Mane|100\/100\n|turn|5\n|\n|t:|1699111945\n|move|p2a: Xerneas|Moonblast|p1a: can't touch this\n|-resisted|p1a: can't touch this\n|-damage|p1a: can't touch this|31\/100\n|move|p1a: can't touch this|Earthquake|p2a: Xerneas\n|-damage|p2a: Xerneas|13\/100 psn\n|\n|-damage|p2a: Xerneas|1\/100 psn|[from] psn\n|upkeep\n|turn|6\n|\n|t:|1699111954\n|switch|p1a: kid named eruption|Groudon|100\/100\n|detailschange|p1a: kid named eruption|Groudon-Primal\n|-primal|p1a: kid named eruption|Red Orb\n|-weather|DesolateLand|[from] ability: Desolate Land|[of] p1a: kid named eruption\n|move|p2a: Xerneas|Moonblast|p1a: kid named eruption\n|-resisted|p1a: kid named eruption\n|-damage|p1a: kid named eruption|34\/100\n|\n|-weather|DesolateLand|[upkeep]\n|-damage|p2a: Xerneas|0 fnt|[from] psn\n|faint|p2a: Xerneas\n|upkeep\n|\n|t:|1699111967\n|switch|p2a: Samurott|Samurott-Hisui, F|100\/100\n|-damage|p2a: Samurott|88\/100|[from] Stealth Rock\n|turn|7\n|\n|t:|1699111972\n|move|p2a: Samurott|Ceaseless Edge|p1a: kid named eruption\n|-damage|p1a: kid named eruption|3\/100\n|-sidestart|p1: FunnyValentine2|Spikes\n|move|p1a: kid named eruption|Precipice Blades|p2a: Samurott|[miss]\n|-miss|p1a: kid named eruption|p2a: Samurott\n|\n|-weather|DesolateLand|[upkeep]\n|upkeep\n|turn|8\n|-message|FunnyValentine2 forfeited.\n|\n|win|85792195wwww\n|raw|FunnyValentine2's rating: 1692 &rarr; <strong>1681<\/strong><br \/>(-11 for losing)\n|raw|85792195wwww's rating: 1865 &rarr; <strong>1876<\/strong><br \/>(+11 for winning)\n|l|\u2606FunnyValentine2\n","uploadtime":1699111992,"views":5,"p1id":"funnyvalentine2","p2id":"85792195wwww","formatid":"gen9nationaldexubers","rating":1681,"private":0,"password":""}