{"id":"gen9nationaldexubers-1995050112","p1":"IncandescentCandle","p2":"NDSNEZ SkillzBP","format":"[Gen 9] National Dex Ubers","log":"|j|\u2606IncandescentCandle\n|j|\u2606NDSNEZ SkillzBP\n|t:|1700517172\n|gametype|singles\n|player|p1|IncandescentCandle|iono|\n|player|p2|NDSNEZ SkillzBP|hau|\n|teamsize|p1|6\n|teamsize|p2|6\n|gen|9\n|tier|[Gen 9] National Dex Ubers\n|rule|HP Percentage Mod: HP is shown in percentages\n|rule|Endless Battle Clause: Forcing endless battles is banned\n|rule|OHKO Clause: OHKO moves are banned\n|rule|Evasion Moves Clause: Evasion moves are banned\n|rule|Evasion Items Clause: Evasion items are banned\n|rule|Species Clause: Limit one of each Pok\u00e9mon\n|rule|Sleep Clause Mod: Limit one foe put to sleep\n|rule|Mega Rayquaza Clause: You cannot mega evolve Rayquaza\n|clearpoke\n|poke|p1|Tapu Bulu|\n|poke|p1|Blissey, F|\n|poke|p1|Corviknight, F|\n|poke|p1|Weavile, M|\n|poke|p1|Latias, F|\n|poke|p1|Skeledirge, M|\n|poke|p2|Kyogre|\n|poke|p2|Slowbro, F|\n|poke|p2|Urshifu-*, M|\n|poke|p2|Palkia-Origin|\n|poke|p2|Crawdaunt, M|\n|poke|p2|Swampert, M|\n|teampreview\n|inactive|Battle timer is ON: inactive players will automatically lose when time's up. (requested by NDSNEZ SkillzBP)\n|c|\u2606IncandescentCandle|i am smoked and rolled here unfortunately but\n|c|\u2606IncandescentCandle|we ball\n|inactiveoff|Battle timer is now OFF.\n|c|\u2606IncandescentCandle|hf, dragon corv\n|c|\u2606NDSNEZ SkillzBP|psh you got it\n|c|\u2606NDSNEZ SkillzBP|glhf!\n|\n|t:|1700517205\n|start\n|switch|p1a: Shield Of Body|Corviknight, F|100\/100\n|switch|p2a: Kyogre|Kyogre|100\/100\n|-weather|RainDance|[from] ability: Drizzle|[of] p2a: Kyogre\n|-ability|p1a: Shield Of Body|Pressure\n|turn|1\n|\n|t:|1700517214\n|switch|p2a: That crab I hate|Crawdaunt, M|100\/100\n|switch|p1a: Shield Of Mind|Blissey, F|100\/100\n|\n|-weather|RainDance|[upkeep]\n|upkeep\n|turn|2\n|c|\u2606IncandescentCandle|hammers bombs etc\n|\n|t:|1700517222\n|switch|p1a: Fight The Swarm|Tapu Bulu|100\/100\n|-fieldstart|move: Grassy Terrain|[from] ability: Grassy Surge|[of] p1a: Fight The Swarm\n|move|p2a: That crab I hate|Knock Off|p1a: Fight The Swarm\n|-resisted|p1a: Fight The Swarm\n|-damage|p1a: Fight The Swarm|69\/100\n|-enditem|p1a: Fight The Swarm|Leftovers|[from] move: Knock Off|[of] p2a: That crab I hate\n|-damage|p2a: That crab I hate|91\/100|[from] item: Life Orb\n|\n|-weather|RainDance|[upkeep]\n|-heal|p2a: That crab I hate|97\/100|[from] Grassy Terrain\n|-heal|p1a: Fight The Swarm|75\/100|[from] Grassy Terrain\n|upkeep\n|turn|3\n|\n|t:|1700517235\n|switch|p2a: Single mother of 2|Slowbro, F|100\/100\n|move|p1a: Fight The Swarm|Horn Leech|p2a: Single mother of 2\n|-supereffective|p2a: Single mother of 2\n|-damage|p2a: Single mother of 2|52\/100\n|-heal|p1a: Fight The Swarm|100\/100|[from] drain|[of] p2a: Single mother of 2\n|-damage|p1a: Fight The Swarm|84\/100|[from] item: Rocky Helmet|[of] p2a: Single mother of 2\n|\n|-weather|RainDance|[upkeep]\n|-heal|p1a: Fight The Swarm|90\/100|[from] Grassy Terrain\n|-heal|p2a: Single mother of 2|58\/100|[from] Grassy Terrain\n|upkeep\n|turn|4\n|\n|t:|1700517244\n|move|p1a: Fight The Swarm|Giga Drain|p2a: Single mother of 2\n|-supereffective|p2a: Single mother of 2\n|-damage|p2a: Single mother of 2|0 fnt\n|-heal|p1a: Fight The Swarm|100\/100|[from] drain|[of] p2a: Single mother of 2\n|faint|p2a: Single mother of 2\n|\n|-weather|RainDance|[upkeep]\n|upkeep\n|c|\u2606IncandescentCandle|hehe\n|c|\u2606NDSNEZ SkillzBP|insanity\n|\n|t:|1700517259\n|switch|p2a: Palkia|Palkia-Origin|100\/100\n|-ability|p2a: Palkia|Pressure\n|turn|5\n|\n|t:|1700517265\n|switch|p1a: Shield Of Mind|Blissey, F|100\/100\n|move|p2a: Palkia|Ice Beam|p1a: Shield Of Mind\n|-damage|p1a: Shield Of Mind|91\/100\n|\n|-weather|none\n|-heal|p1a: Shield Of Mind|97\/100|[from] Grassy Terrain\n|upkeep\n|turn|6\n|\n|t:|1700517272\n|switch|p2a: Kyogre|Kyogre|100\/100\n|-weather|RainDance|[from] ability: Drizzle|[of] p2a: Kyogre\n|move|p1a: Shield Of Mind|Toxic|p2a: Kyogre|[miss]\n|-miss|p1a: Shield Of Mind|p2a: Kyogre\n|\n|-weather|RainDance|[upkeep]\n|-heal|p1a: Shield Of Mind|100\/100|[from] Grassy Terrain\n|-fieldend|move: Grassy Terrain\n|upkeep\n|turn|7\n|\n|t:|1700517290\n|switch|p2a: bear(?)|Urshifu-Rapid-Strike, M|100\/100\n|move|p1a: Shield Of Mind|Toxic|p2a: bear(?)\n|-status|p2a: bear(?)|tox\n|\n|-weather|RainDance|[upkeep]\n|-damage|p2a: bear(?)|94\/100 tox|[from] psn\n|upkeep\n|turn|8\n|\n|t:|1700517295\n|switch|p2a: Palkia|Palkia-Origin|100\/100\n|-ability|p2a: Palkia|Pressure\n|switch|p1a: Shield Of Body|Corviknight, F|100\/100\n|-ability|p1a: Shield Of Body|Pressure\n|\n|-weather|RainDance|[upkeep]\n|upkeep\n|turn|9\n|\n|t:|1700517299\n|switch|p1a: Shield Of Mind|Blissey, F|100\/100\n|move|p2a: Palkia|Hydro Pump|p1a: Shield Of Mind\n|-damage|p1a: Shield Of Mind|80\/100\n|\n|-weather|RainDance|[upkeep]\n|upkeep\n|turn|10\n|c|\u2606NDSNEZ SkillzBP|TWENTY??? dude im so dropping this thing\n|\n|t:|1700517321\n|switch|p2a: bear(?)|Urshifu-Rapid-Strike, M|94\/100 tox\n|move|p1a: Shield Of Mind|Seismic Toss|p2a: bear(?)\n|-damage|p2a: bear(?)|65\/100 tox\n|\n|-weather|none\n|-damage|p2a: bear(?)|59\/100 tox|[from] psn\n|upkeep\n|turn|11\n|c|\u2606IncandescentCandle|im utility\n|c|\u2606IncandescentCandle|so youre not actually in rain\n|c|\u2606IncandescentCandle|and max spdef\n|\n|t:|1700517347\n|switch|p2a: Kyogre|Kyogre|100\/100\n|-weather|RainDance|[from] ability: Drizzle|[of] p2a: Kyogre\n|switch|p1a: Shield Of Body|Corviknight, F|100\/100\n|-ability|p1a: Shield Of Body|Pressure\n|\n|-weather|RainDance|[upkeep]\n|upkeep\n|turn|12\n|\n|t:|1700517351\n|switch|p1a: Shield Of Mind|Blissey, F|80\/100\n|move|p2a: Kyogre|Water Spout|p1a: Shield Of Mind\n|-damage|p1a: Shield Of Mind|56\/100\n|\n|-weather|RainDance|[upkeep]\n|upkeep\n|turn|13\n|c|\u2606NDSNEZ SkillzBP|might actually be the death of me\n|\n|t:|1700517369\n|switch|p2a: bear(?)|Urshifu-Rapid-Strike, M|59\/100 tox\n|move|p1a: Shield Of Mind|Soft-Boiled|p1a: Shield Of Mind\n|-heal|p1a: Shield Of Mind|100\/100\n|\n|-weather|RainDance|[upkeep]\n|-damage|p2a: bear(?)|53\/100 tox|[from] psn\n|upkeep\n|turn|14\n|\n|t:|1700517372\n|switch|p1a: Shield Of Body|Corviknight, F|100\/100\n|-ability|p1a: Shield Of Body|Pressure\n|move|p2a: bear(?)|Close Combat|p1a: Shield Of Body\n|-damage|p1a: Shield Of Body|63\/100\n|-unboost|p2a: bear(?)|def|1\n|-unboost|p2a: bear(?)|spd|1\n|-damage|p2a: bear(?)|36\/100 tox|[from] item: Rocky Helmet|[of] p1a: Shield Of Body\n|\n|-weather|RainDance|[upkeep]\n|-damage|p2a: bear(?)|24\/100 tox|[from] psn\n|upkeep\n|turn|15\n|\n|t:|1700517377\n|switch|p2a: That crab I hate|Crawdaunt, M|97\/100\n|move|p1a: Shield Of Body|Roost|p1a: Shield Of Body\n|-heal|p1a: Shield Of Body|100\/100\n|-singleturn|p1a: Shield Of Body|move: Roost\n|\n|-weather|none\n|upkeep\n|turn|16\n|\n|t:|1700517383\n|move|p2a: That crab I hate|Knock Off|p1a: Shield Of Body\n|-damage|p1a: Shield Of Body|44\/100\n|-damage|p2a: That crab I hate|80\/100|[from] item: Rocky Helmet|[of] p1a: Shield Of Body\n|-enditem|p1a: Shield Of Body|Rocky Helmet|[from] move: Knock Off|[of] p2a: That crab I hate\n|-damage|p2a: That crab I hate|71\/100|[from] item: Life Orb\n|move|p1a: Shield Of Body|U-turn|p2a: That crab I hate\n|-supereffective|p2a: That crab I hate\n|-damage|p2a: That crab I hate|26\/100\n|\n|t:|1700517391\n|switch|p1a: Group Rascal|Weavile, M|100\/100|[from] U-turn\n|\n|upkeep\n|turn|17\n|j| Astro Rifk\n|\n|t:|1700517405\n|move|p1a: Group Rascal|Trailblaze|p2a: That crab I hate\n|-supereffective|p2a: That crab I hate\n|-damage|p2a: That crab I hate|0 fnt\n|-boost|p1a: Group Rascal|spe|1\n|faint|p2a: That crab I hate\n|\n|upkeep\n|c| Astro Rifk|i have went even lower\n|\n|t:|1700517422\n|switch|p2a: Kyogre|Kyogre|100\/100\n|-weather|RainDance|[from] ability: Drizzle|[of] p2a: Kyogre\n|turn|18\n|c| Astro Rifk|YOOOOOOO\n|c|\u2606IncandescentCandle|i know what the person above me is cooking and it terrifies me\n|\n|t:|1700517432\n|move|p1a: Group Rascal|Knock Off|p2a: Kyogre\n|-damage|p2a: Kyogre|45\/100\n|-enditem|p2a: Kyogre|Leftovers|[from] move: Knock Off|[of] p1a: Group Rascal\n|move|p2a: Kyogre|Origin Pulse|p1a: Group Rascal|[miss]\n|-miss|p2a: Kyogre|p1a: Group Rascal\n|\n|-weather|RainDance|[upkeep]\n|upkeep\n|turn|19\n|c|\u2606IncandescentCandle|mb\n|c| Astro Rifk|THE GOAT IS IN!!!\n|\n|t:|1700517440\n|move|p1a: Group Rascal|Trailblaze|p2a: Kyogre\n|-supereffective|p2a: Kyogre\n|-damage|p2a: Kyogre|4\/100\n|-boost|p1a: Group Rascal|spe|1\n|move|p2a: Kyogre|Origin Pulse|p1a: Group Rascal\n|-enditem|p1a: Group Rascal|Focus Sash\n|-damage|p1a: Group Rascal|1\/100\n|\n|-weather|RainDance|[upkeep]\n|upkeep\n|turn|20\n|\n|t:|1700517447\n|switch|p2a: bear(?)|Urshifu-Rapid-Strike, M|24\/100 tox\n|move|p1a: Group Rascal|Trailblaze|p2a: bear(?)\n|-supereffective|p2a: bear(?)\n|-damage|p2a: bear(?)|0 fnt\n|-boost|p1a: Group Rascal|spe|1\n|faint|p2a: bear(?)\n|\n|-weather|RainDance|[upkeep]\n|upkeep\n|\n|t:|1700517452\n|switch|p2a: Dwayne Johnson|Swampert, M|100\/100\n|turn|21\n|\n|t:|1700517455\n|detailschange|p2a: Dwayne Johnson|Swampert-Mega, M\n|-mega|p2a: Dwayne Johnson|Swampert|Swampertite\n|move|p1a: Group Rascal|Trailblaze|p2a: Dwayne Johnson\n|-supereffective|p2a: Dwayne Johnson\n|-damage|p2a: Dwayne Johnson|34\/100\n|-boost|p1a: Group Rascal|spe|1\n|move|p2a: Dwayne Johnson|Flip Turn|p1a: Group Rascal\n|-damage|p1a: Group Rascal|0 fnt\n|faint|p1a: Group Rascal\n|\n|t:|1700517462\n|switch|p2a: Palkia|Palkia-Origin|100\/100|[from] Flip Turn\n|-ability|p2a: Palkia|Pressure\n|\n|-weather|RainDance|[upkeep]\n|upkeep\n|\n|t:|1700517468\n|switch|p1a: Shield Of Mind|Blissey, F|100\/100\n|turn|22\n|\n|t:|1700517483\n|move|p2a: Palkia|Spacial Rend|p1a: Shield Of Mind\n|-damage|p1a: Shield Of Mind|81\/100\n|move|p1a: Shield Of Mind|Toxic|p2a: Palkia\n|-status|p2a: Palkia|tox\n|\n|-weather|none\n|-damage|p2a: Palkia|94\/100 tox|[from] psn\n|upkeep\n|turn|23\n|\n|t:|1700517495\n|switch|p2a: Kyogre|Kyogre|4\/100\n|-weather|RainDance|[from] ability: Drizzle|[of] p2a: Kyogre\n|move|p1a: Shield Of Mind|Seismic Toss|p2a: Kyogre\n|-damage|p2a: Kyogre|0 fnt\n|faint|p2a: Kyogre\n|\n|-weather|RainDance|[upkeep]\n|upkeep\n|\n|t:|1700517498\n|switch|p2a: Dwayne Johnson|Swampert-Mega, M|34\/100\n|turn|24\n|\n|t:|1700517502\n|switch|p1a: Shield Of Body|Corviknight, F|44\/100\n|-ability|p1a: Shield Of Body|Pressure\n|move|p2a: Dwayne Johnson|Liquidation|p1a: Shield Of Body\n|-damage|p1a: Shield Of Body|0 fnt\n|faint|p1a: Shield Of Body\n|\n|-weather|RainDance|[upkeep]\n|upkeep\n|\n|t:|1700517507\n|switch|p1a: Funeral March In D|Skeledirge, M|100\/100\n|turn|25\n|\n|t:|1700517511\n|move|p2a: Dwayne Johnson|Liquidation|p1a: Funeral March In D\n|-supereffective|p1a: Funeral March In D\n|-enditem|p1a: Funeral March In D|Passho Berry|[eat]\n|-enditem|p1a: Funeral March In D|Passho Berry|[weaken]\n|-damage|p1a: Funeral March In D|43\/100\n|move|p1a: Funeral March In D|Will-O-Wisp|p2a: Dwayne Johnson|[miss]\n|-miss|p1a: Funeral March In D|p2a: Dwayne Johnson\n|\n|-weather|RainDance|[upkeep]\n|upkeep\n|turn|26\n|c|\u2606IncandescentCandle|nooo\n|c|\u2606IncandescentCandle|not funeral march in d\n|\n|t:|1700517522\n|move|p2a: Dwayne Johnson|Liquidation|p1a: Funeral March In D\n|-supereffective|p1a: Funeral March In D\n|-damage|p1a: Funeral March In D|0 fnt\n|faint|p1a: Funeral March In D\n|\n|-weather|RainDance|[upkeep]\n|upkeep\n|c|\u2606NDSNEZ SkillzBP|damn mb \ud83d\ude2d\n|\n|t:|1700517529\n|switch|p1a: Fight The Swarm|Tapu Bulu|100\/100\n|-fieldstart|move: Grassy Terrain|[from] ability: Grassy Surge|[of] p1a: Fight The Swarm\n|turn|27\n|\n|t:|1700517535\n|move|p2a: Dwayne Johnson|Ice Punch|p1a: Fight The Swarm\n|-supereffective|p1a: Fight The Swarm\n|-damage|p1a: Fight The Swarm|57\/100\n|move|p1a: Fight The Swarm|Horn Leech|p2a: Dwayne Johnson\n|-supereffective|p2a: Dwayne Johnson\n|-damage|p2a: Dwayne Johnson|0 fnt\n|-heal|p1a: Fight The Swarm|74\/100|[from] drain|[of] p2a: Dwayne Johnson\n|faint|p2a: Dwayne Johnson\n|\n|-weather|none\n|-heal|p1a: Fight The Swarm|80\/100|[from] Grassy Terrain\n|upkeep\n|c|\u2606IncandescentCandle|nw lol it happens\n|\n|t:|1700517540\n|switch|p2a: Palkia|Palkia-Origin|94\/100 tox\n|-ability|p2a: Palkia|Pressure\n|turn|28\n|\n|t:|1700517543\n|move|p2a: Palkia|Ice Beam|p1a: Fight The Swarm\n|-supereffective|p1a: Fight The Swarm\n|-damage|p1a: Fight The Swarm|6\/100\n|move|p1a: Fight The Swarm|Horn Leech|p2a: Palkia\n|-damage|p2a: Palkia|52\/100 tox\n|-heal|p1a: Fight The Swarm|25\/100|[from] drain|[of] p2a: Palkia\n|\n|-heal|p2a: Palkia|58\/100 tox|[from] Grassy Terrain\n|-heal|p1a: Fight The Swarm|32\/100|[from] Grassy Terrain\n|-damage|p2a: Palkia|52\/100 tox|[from] psn\n|upkeep\n|turn|29\n|\n|t:|1700517548\n|switch|p1a: Shield Of Mind|Blissey, F|81\/100\n|move|p2a: Palkia|Ice Beam|p1a: Shield Of Mind\n|-damage|p1a: Shield Of Mind|72\/100\n|\n|-heal|p2a: Palkia|58\/100 tox|[from] Grassy Terrain\n|-heal|p1a: Shield Of Mind|78\/100|[from] Grassy Terrain\n|-damage|p2a: Palkia|46\/100 tox|[from] psn\n|upkeep\n|turn|30\n|c|\u2606IncandescentCandle|gg\n|c|\u2606NDSNEZ SkillzBP|what did you give this thing like actually \ud83d\ude2d\n|c|\u2606NDSNEZ SkillzBP|ggs tho\n|-message|NDSNEZ SkillzBP forfeited.\n|\n|win|IncandescentCandle\n","uploadtime":1700517563,"views":11,"p1id":"incandescentcandle","p2id":"ndsnezskillzbp","formatid":"gen9nationaldexubers","rating":0,"private":0,"password":""}