{"id":"gen9nationaldexubers-1993919413","p1":"AceTheInadequate","p2":"Iron maiden 6","format":"[Gen 9] National Dex Ubers","log":"|j|\u2606AceTheInadequate\n|j|\u2606Iron maiden 6\n|t:|1700375449\n|gametype|singles\n|player|p1|AceTheInadequate|guitarist|\n|player|p2|Iron maiden 6|lass-gen4dp|\n|teamsize|p1|6\n|teamsize|p2|6\n|gen|9\n|tier|[Gen 9] National Dex Ubers\n|rule|HP Percentage Mod: HP is shown in percentages\n|rule|Endless Battle Clause: Forcing endless battles is banned\n|rule|OHKO Clause: OHKO moves are banned\n|rule|Evasion Moves Clause: Evasion moves are banned\n|rule|Evasion Items Clause: Evasion items are banned\n|rule|Species Clause: Limit one of each Pok\u00e9mon\n|rule|Sleep Clause Mod: Limit one foe put to sleep\n|rule|Mega Rayquaza Clause: You cannot mega evolve Rayquaza\n|clearpoke\n|poke|p1|Volcarona, M|\n|poke|p1|Scizor, F|\n|poke|p1|Slither Wing|\n|poke|p1|Araquanid, M|\n|poke|p1|Ribombee, M|\n|poke|p1|Galvantula, F|\n|poke|p2|Corviknight, M|\n|poke|p2|Gholdengo|\n|poke|p2|Kingambit, M|\n|poke|p2|Lucario, M|\n|poke|p2|Kartana|\n|poke|p2|Magnezone|\n|teampreview\n|\n|t:|1700375475\n|start\n|switch|p1a: Bumblebee|Galvantula, F, shiny|100\/100\n|switch|p2a: Magnezone|Magnezone|100\/100\n|turn|1\n|\n|t:|1700375484\n|move|p1a: Bumblebee|Volt Switch|p2a: Magnezone\n|-resisted|p2a: Magnezone\n|-damage|p2a: Magnezone|86\/100\n|\n|t:|1700375492\n|switch|p1a: Here comes the sun|Volcarona, M|100\/100|[from] Volt Switch\n|move|p2a: Magnezone|Tri Attack|p1a: Here comes the sun\n|-damage|p1a: Here comes the sun|51\/100\n|\n|upkeep\n|turn|2\n|\n|t:|1700375500\n|-terastallize|p1a: Here comes the sun|Water\n|move|p1a: Here comes the sun|Quiver Dance|p1a: Here comes the sun\n|-boost|p1a: Here comes the sun|spa|1\n|-boost|p1a: Here comes the sun|spd|1\n|-boost|p1a: Here comes the sun|spe|1\n|move|p2a: Magnezone|Tri Attack|p1a: Here comes the sun\n|-damage|p1a: Here comes the sun|21\/100\n|\n|upkeep\n|turn|3\n|\n|t:|1700375510\n|move|p1a: Here comes the sun|Fiery Dance|p2a: Magnezone\n|-supereffective|p2a: Magnezone\n|-damage|p2a: Magnezone|0 fnt\n|-boost|p1a: Here comes the sun|spa|1\n|faint|p2a: Magnezone\n|\n|upkeep\n|\n|t:|1700375531\n|switch|p2a: Kartana|Kartana|100\/100\n|turn|4\n|\n|t:|1700375547\n|switch|p1a: McQueen|Scizor, F|100\/100\n|-terastallize|p2a: Kartana|Fighting\n|move|p2a: Kartana|Sacred Sword|p1a: McQueen\n|-damage|p1a: McQueen|45\/100\n|\n|upkeep\n|turn|5\n|\n|t:|1700375557\n|detailschange|p1a: McQueen|Scizor-Mega, F\n|-mega|p1a: McQueen|Scizor|Scizorite\n|move|p2a: Kartana|Sacred Sword|p1a: McQueen\n|-crit|p1a: McQueen\n|-damage|p1a: McQueen|0 fnt\n|faint|p1a: McQueen\n|-ability|p2a: Kartana|Beast Boost|boost\n|-boost|p2a: Kartana|atk|1\n|\n|upkeep\n|\n|t:|1700375565\n|switch|p1a: Dududududu dada|Ribombee, M|100\/100\n|turn|6\n|\n|t:|1700375570\n|move|p2a: Kartana|Sacred Sword|p1a: Dududududu dada\n|-resisted|p1a: Dududududu dada\n|-damage|p1a: Dududududu dada|59\/100\n|move|p1a: Dududududu dada|Moonblast|p2a: Kartana\n|-supereffective|p2a: Kartana\n|-damage|p2a: Kartana|0 fnt\n|faint|p2a: Kartana\n|\n|upkeep\n|\n|t:|1700375583\n|switch|p2a: Lucario|Lucario, M|100\/100\n|turn|7\n|\n|t:|1700375591\n|switch|p1a: Apollo Creed|Araquanid, M|100\/100\n|detailschange|p2a: Lucario|Lucario-Mega, M\n|-mega|p2a: Lucario|Lucario|Lucarionite\n|move|p2a: Lucario|Bullet Punch|p1a: Apollo Creed\n|-resisted|p1a: Apollo Creed\n|-damage|p1a: Apollo Creed|84\/100\n|\n|upkeep\n|turn|8\n|\n|t:|1700375602\n|switch|p2a: Corviknight|Corviknight, M|100\/100\n|-ability|p2a: Corviknight|Pressure\n|move|p1a: Apollo Creed|Liquidation|p2a: Corviknight\n|-damage|p2a: Corviknight|48\/100\n|-unboost|p2a: Corviknight|def|1\n|\n|-heal|p2a: Corviknight|54\/100|[from] item: Leftovers\n|upkeep\n|turn|9\n|\n|t:|1700375615\n|move|p2a: Corviknight|Iron Defense|p2a: Corviknight\n|-boost|p2a: Corviknight|def|2\n|move|p1a: Apollo Creed|Liquidation|p2a: Corviknight\n|-damage|p2a: Corviknight|21\/100\n|-unboost|p2a: Corviknight|def|1\n|\n|-heal|p2a: Corviknight|27\/100|[from] item: Leftovers\n|upkeep\n|turn|10\n|\n|t:|1700375627\n|move|p2a: Corviknight|Roost|p2a: Corviknight\n|-heal|p2a: Corviknight|77\/100\n|-singleturn|p2a: Corviknight|move: Roost\n|move|p1a: Apollo Creed|Liquidation|p2a: Corviknight\n|-damage|p2a: Corviknight|26\/100\n|-unboost|p2a: Corviknight|def|1\n|\n|-heal|p2a: Corviknight|32\/100|[from] item: Leftovers\n|upkeep\n|turn|11\n|\n|t:|1700375638\n|switch|p1a: Here comes the sun|Volcarona, M, tera:Water|21\/100\n|move|p2a: Corviknight|Iron Defense|p2a: Corviknight\n|-boost|p2a: Corviknight|def|2\n|\n|-heal|p2a: Corviknight|38\/100|[from] item: Leftovers\n|upkeep\n|turn|12\n|\n|t:|1700375667\n|move|p1a: Here comes the sun|Fiery Dance|p2a: Corviknight\n|-supereffective|p2a: Corviknight\n|-damage|p2a: Corviknight|0 fnt\n|-boost|p1a: Here comes the sun|spa|1\n|faint|p2a: Corviknight\n|\n|upkeep\n|\n|t:|1700375678\n|switch|p2a: Kingambit|Kingambit, M|100\/100\n|-activate|p2a: Kingambit|ability: Supreme Overlord\n|-start|p2a: Kingambit|fallen3|[silent]\n|turn|13\n|\n|t:|1700375688\n|move|p1a: Here comes the sun|Quiver Dance|p1a: Here comes the sun\n|-boost|p1a: Here comes the sun|spa|1\n|-boost|p1a: Here comes the sun|spd|1\n|-boost|p1a: Here comes the sun|spe|1\n|move|p2a: Kingambit|Swords Dance|p2a: Kingambit\n|-boost|p2a: Kingambit|atk|2\n|\n|upkeep\n|turn|14\n|\n|t:|1700375699\n|move|p1a: Here comes the sun|Fiery Dance|p2a: Kingambit\n|-supereffective|p2a: Kingambit\n|-enditem|p2a: Kingambit|Focus Sash\n|-damage|p2a: Kingambit|1\/100\n|-boost|p1a: Here comes the sun|spa|1\n|move|p2a: Kingambit|Swords Dance|p2a: Kingambit\n|-boost|p2a: Kingambit|atk|2\n|\n|upkeep\n|turn|15\n|\n|t:|1700375715\n|move|p2a: Kingambit|Sucker Punch||[still]\n|-fail|p2a: Kingambit\n|move|p1a: Here comes the sun|Quiver Dance|p1a: Here comes the sun\n|-boost|p1a: Here comes the sun|spa|1\n|-boost|p1a: Here comes the sun|spd|1\n|-boost|p1a: Here comes the sun|spe|1\n|\n|upkeep\n|turn|16\n|\n|t:|1700375724\n|move|p2a: Kingambit|Sucker Punch|p1a: Here comes the sun\n|-damage|p1a: Here comes the sun|0 fnt\n|faint|p1a: Here comes the sun\n|\n|upkeep\n|\n|t:|1700375727\n|switch|p1a: Vegeta|Slither Wing, shiny|100\/100\n|-enditem|p1a: Vegeta|Booster Energy\n|-activate|p1a: Vegeta|ability: Protosynthesis|[fromitem]\n|-start|p1a: Vegeta|protosynthesisatk\n|turn|17\n|\n|t:|1700375735\n|move|p1a: Vegeta|First Impression|p2a: Kingambit\n|-damage|p2a: Kingambit|0 fnt\n|faint|p2a: Kingambit\n|-end|p2a: Kingambit|fallen3|[silent]\n|\n|upkeep\n|\n|t:|1700375742\n|switch|p2a: Gholdengo|Gholdengo|100\/100\n|turn|18\n|\n|t:|1700375756\n|move|p2a: Gholdengo|Dazzling Gleam|p1a: Vegeta\n|-supereffective|p1a: Vegeta\n|-damage|p1a: Vegeta|28\/100\n|-damage|p2a: Gholdengo|91\/100|[from] item: Life Orb\n|move|p1a: Vegeta|Earthquake|p2a: Gholdengo\n|-supereffective|p2a: Gholdengo\n|-damage|p2a: Gholdengo|0 fnt\n|faint|p2a: Gholdengo\n|\n|upkeep\n|\n|t:|1700375766\n|switch|p2a: Lucario|Lucario-Mega, M|100\/100\n|turn|19\n|\n|t:|1700375781\n|move|p2a: Lucario|Meteor Mash|p1a: Vegeta|[miss]\n|-miss|p2a: Lucario|p1a: Vegeta\n|move|p1a: Vegeta|Earthquake|p2a: Lucario\n|-supereffective|p2a: Lucario\n|-damage|p2a: Lucario|0 fnt\n|faint|p2a: Lucario\n|\n|win|AceTheInadequate\n","uploadtime":1700375788,"views":6,"p1id":"acetheinadequate","p2id":"ironmaiden6","formatid":"gen9nationaldexubers","rating":0,"private":0,"password":""}