{"id":"gen9nationaldexubers-1990198364","p1":"BloodyBill","p2":"gusfring69","format":"[Gen 9] National Dex Ubers","log":"|j|\u2606BloodyBill\n|j|\u2606gusfring69\n|t:|1699936125\n|gametype|singles\n|player|p1|BloodyBill|ltsurge|1263\n|player|p2|gusfring69|cynthia-masters3|1397\n|teamsize|p1|6\n|teamsize|p2|6\n|gen|9\n|tier|[Gen 9] National Dex Ubers\n|rated|\n|rule|HP Percentage Mod: HP is shown in percentages\n|rule|Endless Battle Clause: Forcing endless battles is banned\n|rule|OHKO Clause: OHKO moves are banned\n|rule|Evasion Moves Clause: Evasion moves are banned\n|rule|Evasion Items Clause: Evasion items are banned\n|rule|Species Clause: Limit one of each Pok\u00e9mon\n|rule|Sleep Clause Mod: Limit one foe put to sleep\n|rule|Mega Rayquaza Clause: You cannot mega evolve Rayquaza\n|clearpoke\n|poke|p1|Quagsire, M|\n|poke|p1|Lanturn, M|\n|poke|p1|Solgaleo|\n|poke|p1|Magearna|\n|poke|p1|Jolteon, M|\n|poke|p1|Tentacruel, F|\n|poke|p2|Yveltal|\n|poke|p2|Zacian-*|\n|poke|p2|Eternatus|\n|poke|p2|Groudon|\n|poke|p2|Calyrex-Ice|\n|poke|p2|Xerneas-*|\n|teampreview\n|inactive|Battle timer is ON: inactive players will automatically lose when time's up. (requested by gusfring69)\n|\n|t:|1699936140\n|start\n|switch|p1a: Budget Toxapex|Tentacruel, F|100\/100\n|switch|p2a: ray|Groudon, shiny|100\/100\n|detailschange|p2a: ray|Groudon-Primal, shiny\n|-primal|p2a: ray|Red Orb\n|-weather|DesolateLand|[from] ability: Desolate Land|[of] p2a: ray\n|turn|1\n|c|\u2606gusfring69|nice name\n|\n|t:|1699936162\n|-terastallize|p1a: Budget Toxapex|Flying\n|move|p1a: Budget Toxapex|Toxic|p2a: ray\n|-status|p2a: ray|tox\n|move|p2a: ray|Rock Polish|p2a: ray\n|-boost|p2a: ray|spe|2\n|\n|-weather|DesolateLand|[upkeep]\n|-damage|p2a: ray|94\/100 tox|[from] psn\n|upkeep\n|turn|2\n|\n|t:|1699936171\n|move|p2a: ray|Heat Crash|p1a: Budget Toxapex\n|-damage|p1a: Budget Toxapex|0 fnt\n|-damage|p2a: ray|78\/100 tox|[from] item: Rocky Helmet|[of] p1a: Budget Toxapex\n|faint|p1a: Budget Toxapex\n|\n|-weather|DesolateLand|[upkeep]\n|-damage|p2a: ray|65\/100 tox|[from] psn\n|upkeep\n|\n|t:|1699936177\n|switch|p1a: Budget Regieleki|Jolteon, M|100\/100\n|turn|3\n|\n|t:|1699936181\n|move|p2a: ray|Precipice Blades|p1a: Budget Regieleki\n|-supereffective|p1a: Budget Regieleki\n|-enditem|p1a: Budget Regieleki|Focus Sash\n|-damage|p1a: Budget Regieleki|1\/100\n|move|p1a: Budget Regieleki|Tera Blast|p2a: ray\n|-damage|p2a: ray|43\/100 tox\n|\n|-weather|DesolateLand|[upkeep]\n|-damage|p2a: ray|25\/100 tox|[from] psn\n|upkeep\n|turn|4\n|\n|t:|1699936184\n|move|p2a: ray|Heat Crash|p1a: Budget Regieleki\n|-damage|p1a: Budget Regieleki|0 fnt\n|faint|p1a: Budget Regieleki\n|\n|-weather|DesolateLand|[upkeep]\n|-damage|p2a: ray|0 fnt|[from] psn\n|faint|p2a: ray\n|-weather|none\n|upkeep\n|\n|t:|1699936197\n|switch|p1a: Budget Necrozma|Solgaleo|100\/100\n|switch|p2a: eter|Eternatus|100\/100\n|-ability|p2a: eter|Pressure\n|turn|5\n|\n|t:|1699936207\n|move|p2a: eter|Flamethrower|p1a: Budget Necrozma\n|-supereffective|p1a: Budget Necrozma\n|-damage|p1a: Budget Necrozma|40\/100\n|-enditem|p1a: Budget Necrozma|Weakness Policy\n|-boost|p1a: Budget Necrozma|atk|2|[from] item: Weakness Policy\n|-boost|p1a: Budget Necrozma|spa|2|[from] item: Weakness Policy\n|move|p1a: Budget Necrozma|Trick Room|p1a: Budget Necrozma\n|-fieldstart|move: Trick Room|[of] p1a: Budget Necrozma\n|\n|upkeep\n|turn|6\n|\n|t:|1699936215\n|move|p1a: Budget Necrozma|Expanding Force|p2a: eter\n|-supereffective|p2a: eter\n|-damage|p2a: eter|0 fnt\n|faint|p2a: eter\n|\n|upkeep\n|\n|t:|1699936225\n|switch|p2a: meat|Yveltal, shiny|100\/100\n|-ability|p2a: meat|Dark Aura\n|turn|7\n|\n|t:|1699936227\n|switch|p1a: Budget Zacian|Magearna|100\/100\n|move|p2a: meat|Sucker Punch||[still]\n|-fail|p2a: meat\n|\n|upkeep\n|turn|8\n|\n|t:|1699936234\n|switch|p2a: king|Zacian-Crowned, shiny|100\/100\n|-ability|p2a: king|Intrepid Sword|boost\n|-boost|p2a: king|atk|1\n|move|p1a: Budget Zacian|Calm Mind|p1a: Budget Zacian\n|-boost|p1a: Budget Zacian|spa|1\n|-boost|p1a: Budget Zacian|spd|1\n|\n|upkeep\n|turn|9\n|\n|t:|1699936241\n|move|p1a: Budget Zacian|Iron Defense|p1a: Budget Zacian\n|-boost|p1a: Budget Zacian|def|2\n|move|p2a: king|Behemoth Blade|p1a: Budget Zacian\n|-damage|p1a: Budget Zacian|68\/100\n|\n|-heal|p1a: Budget Zacian|74\/100|[from] item: Leftovers\n|-fieldend|move: Trick Room\n|upkeep\n|turn|10\n|\n|t:|1699936247\n|move|p2a: king|Behemoth Blade|p1a: Budget Zacian\n|-damage|p1a: Budget Zacian|41\/100\n|move|p1a: Budget Zacian|Trick Room|p1a: Budget Zacian\n|-fieldstart|move: Trick Room|[of] p1a: Budget Zacian\n|\n|-heal|p1a: Budget Zacian|47\/100|[from] item: Leftovers\n|upkeep\n|turn|11\n|\n|t:|1699936254\n|move|p1a: Budget Zacian|Iron Defense|p1a: Budget Zacian\n|-boost|p1a: Budget Zacian|def|2\n|move|p2a: king|Behemoth Blade|p1a: Budget Zacian\n|-damage|p1a: Budget Zacian|25\/100\n|\n|-heal|p1a: Budget Zacian|31\/100|[from] item: Leftovers\n|upkeep\n|turn|12\n|\n|t:|1699936259\n|move|p1a: Budget Zacian|Draining Kiss|p2a: king\n|-resisted|p2a: king\n|-damage|p2a: king|82\/100\n|-heal|p1a: Budget Zacian|43\/100|[from] drain|[of] p2a: king\n|move|p2a: king|Behemoth Blade|p1a: Budget Zacian\n|-damage|p1a: Budget Zacian|22\/100\n|\n|-heal|p1a: Budget Zacian|29\/100|[from] item: Leftovers\n|upkeep\n|turn|13\n|\n|t:|1699936263\n|move|p1a: Budget Zacian|Draining Kiss|p2a: king\n|-resisted|p2a: king\n|-damage|p2a: king|65\/100\n|-heal|p1a: Budget Zacian|40\/100|[from] drain|[of] p2a: king\n|move|p2a: king|Behemoth Blade|p1a: Budget Zacian\n|-damage|p1a: Budget Zacian|16\/100\n|\n|-heal|p1a: Budget Zacian|22\/100|[from] item: Leftovers\n|upkeep\n|turn|14\n|\n|t:|1699936265\n|move|p1a: Budget Zacian|Draining Kiss|p2a: king\n|-resisted|p2a: king\n|-damage|p2a: king|46\/100\n|-heal|p1a: Budget Zacian|35\/100|[from] drain|[of] p2a: king\n|move|p2a: king|Behemoth Blade|p1a: Budget Zacian\n|-damage|p1a: Budget Zacian|15\/100\n|\n|-heal|p1a: Budget Zacian|21\/100|[from] item: Leftovers\n|-fieldend|move: Trick Room\n|upkeep\n|turn|15\n|\n|t:|1699936268\n|move|p2a: king|Behemoth Blade|p1a: Budget Zacian\n|-damage|p1a: Budget Zacian|0 fnt\n|faint|p1a: Budget Zacian\n|\n|upkeep\n|\n|t:|1699936271\n|switch|p1a: Budget Clefable|Quagsire, M|100\/100\n|turn|16\n|\n|t:|1699936274\n|move|p2a: king|Play Rough|p1a: Budget Clefable\n|-damage|p1a: Budget Clefable|48\/100\n|move|p1a: Budget Clefable|Curse|p1a: Budget Clefable\n|-unboost|p1a: Budget Clefable|spe|1\n|-boost|p1a: Budget Clefable|atk|1\n|-boost|p1a: Budget Clefable|def|1\n|\n|-heal|p1a: Budget Clefable|54\/100|[from] item: Leftovers\n|upkeep\n|turn|17\n|\n|t:|1699936278\n|move|p2a: king|Play Rough|p1a: Budget Clefable\n|-damage|p1a: Budget Clefable|21\/100\n|-unboost|p1a: Budget Clefable|atk|1\n|move|p1a: Budget Clefable|Recover|p1a: Budget Clefable\n|-heal|p1a: Budget Clefable|71\/100\n|\n|-heal|p1a: Budget Clefable|77\/100|[from] item: Leftovers\n|upkeep\n|turn|18\n|\n|t:|1699936281\n|move|p2a: king|Play Rough|p1a: Budget Clefable\n|-damage|p1a: Budget Clefable|41\/100\n|move|p1a: Budget Clefable|Curse|p1a: Budget Clefable\n|-unboost|p1a: Budget Clefable|spe|1\n|-boost|p1a: Budget Clefable|atk|1\n|-boost|p1a: Budget Clefable|def|1\n|\n|-heal|p1a: Budget Clefable|47\/100|[from] item: Leftovers\n|upkeep\n|turn|19\n|\n|t:|1699936285\n|move|p2a: king|Play Rough|p1a: Budget Clefable\n|-damage|p1a: Budget Clefable|23\/100\n|move|p1a: Budget Clefable|Recover|p1a: Budget Clefable\n|-heal|p1a: Budget Clefable|73\/100\n|\n|-heal|p1a: Budget Clefable|79\/100|[from] item: Leftovers\n|upkeep\n|turn|20\n|\n|t:|1699936290\n|move|p2a: king|Play Rough|p1a: Budget Clefable\n|-damage|p1a: Budget Clefable|54\/100\n|move|p1a: Budget Clefable|Curse|p1a: Budget Clefable\n|-unboost|p1a: Budget Clefable|spe|1\n|-boost|p1a: Budget Clefable|atk|1\n|-boost|p1a: Budget Clefable|def|1\n|\n|-heal|p1a: Budget Clefable|60\/100|[from] item: Leftovers\n|upkeep\n|turn|21\n|\n|t:|1699936299\n|switch|p2a: meat|Yveltal, shiny|100\/100\n|-ability|p2a: meat|Dark Aura\n|move|p1a: Budget Clefable|Recover|p1a: Budget Clefable\n|-heal|p1a: Budget Clefable|100\/100\n|\n|upkeep\n|turn|22\n|\n|t:|1699936303\n|move|p2a: meat|Dark Pulse|p1a: Budget Clefable\n|-damage|p1a: Budget Clefable|38\/100\n|-damage|p2a: meat|91\/100|[from] item: Life Orb\n|cant|p1a: Budget Clefable|flinch\n|\n|-heal|p1a: Budget Clefable|44\/100|[from] item: Leftovers\n|upkeep\n|turn|23\n|\n|t:|1699936309\n|move|p2a: meat|Dark Pulse|p1a: Budget Clefable\n|-damage|p1a: Budget Clefable|0 fnt\n|faint|p1a: Budget Clefable\n|-damage|p2a: meat|81\/100|[from] item: Life Orb\n|\n|upkeep\n|\n|t:|1699936311\n|switch|p1a: Budget Kyogre|Lanturn, M|100\/100\n|turn|24\n|\n|t:|1699936318\n|-terastallize|p2a: meat|Ghost\n|move|p2a: meat|Dark Pulse|p1a: Budget Kyogre\n|-damage|p1a: Budget Kyogre|37\/100\n|-damage|p2a: meat|71\/100|[from] item: Life Orb\n|move|p1a: Budget Kyogre|Toxic|p2a: meat\n|-status|p2a: meat|tox\n|\n|-heal|p1a: Budget Kyogre|44\/100|[from] item: Leftovers\n|-damage|p2a: meat|65\/100 tox|[from] psn\n|upkeep\n|turn|25\n|\n|t:|1699936325\n|move|p2a: meat|Dark Pulse|p1a: Budget Kyogre\n|-damage|p1a: Budget Kyogre|0 fnt\n|faint|p1a: Budget Kyogre\n|-damage|p2a: meat|55\/100 tox|[from] item: Life Orb\n|\n|-damage|p2a: meat|42\/100 tox|[from] psn\n|upkeep\n|\n|t:|1699936329\n|switch|p1a: Budget Necrozma|Solgaleo|40\/100\n|turn|26\n|\n|t:|1699936332\n|move|p2a: meat|Dark Pulse|p1a: Budget Necrozma\n|-supereffective|p1a: Budget Necrozma\n|-damage|p1a: Budget Necrozma|0 fnt\n|faint|p1a: Budget Necrozma\n|-damage|p2a: meat|33\/100 tox|[from] item: Life Orb\n|\n|win|gusfring69\n|raw|BloodyBill's rating: 1263 &rarr; <strong>1247<\/strong><br \/>(-16 for losing)\n|raw|gusfring69's rating: 1397 &rarr; <strong>1410<\/strong><br \/>(+13 for winning)\n|l|\u2606BloodyBill\n|c|\u2606gusfring69|gg\n","uploadtime":1699936337,"views":8,"p1id":"bloodybill","p2id":"gusfring69","formatid":"gen9nationaldexubers","rating":1247,"private":0,"password":""}