{"id":"gen9nationaldexubers-1998760897","p1":"creamou24ssa","p2":"kurokodora","format":"[Gen 9] National Dex Ubers","log":"|j|\u2606creamou24ssa\n|j|\u2606kurokodora\n|t:|1700985240\n|gametype|singles\n|player|p1|creamou24ssa|lucas|1022\n|player|p2|kurokodora|170|1056\n|teamsize|p1|6\n|teamsize|p2|6\n|gen|9\n|tier|[Gen 9] National Dex Ubers\n|rated|\n|rule|HP Percentage Mod: HP is shown in percentages\n|rule|Endless Battle Clause: Forcing endless battles is banned\n|rule|OHKO Clause: OHKO moves are banned\n|rule|Evasion Moves Clause: Evasion moves are banned\n|rule|Evasion Items Clause: Evasion items are banned\n|rule|Species Clause: Limit one of each Pok\u00e9mon\n|rule|Sleep Clause Mod: Limit one foe put to sleep\n|rule|Mega Rayquaza Clause: You cannot mega evolve Rayquaza\n|clearpoke\n|poke|p1|Cinderace, M|\n|poke|p1|Charizard, M|\n|poke|p1|Lucario, M|\n|poke|p1|Greninja-*, M|\n|poke|p1|Pikachu-Original, M|\n|poke|p1|Eevee, M|\n|poke|p2|Shiftry, M|\n|poke|p2|Quaquaval, M|\n|poke|p2|Glimmora, F|\n|poke|p2|Cursola, F|\n|poke|p2|Haxorus, M|\n|poke|p2|Charizard, M|\n|teampreview\n|inactive|Battle timer is ON: inactive players will automatically lose when time's up. (requested by kurokodora)\n|\n|t:|1700985271\n|start\n|switch|p1a: Charizard|Charizard, M|100\/100\n|switch|p2a: Glimmora|Glimmora, F|100\/100\n|turn|1\n|\n|t:|1700985288\n|switch|p1a: Lucario|Lucario, M|100\/100\n|move|p2a: Glimmora|Power Gem|p1a: Lucario\n|-resisted|p1a: Lucario\n|-damage|p1a: Lucario|87\/100\n|\n|upkeep\n|turn|2\n|\n|t:|1700985300\n|detailschange|p1a: Lucario|Lucario-Mega, M\n|-mega|p1a: Lucario|Lucario|Lucarionite\n|move|p2a: Glimmora|Stealth Rock|p1a: Lucario\n|-sidestart|p1: creamou24ssa|move: Stealth Rock\n|move|p1a: Lucario|Steel Beam|p2a: Glimmora\n|-supereffective|p2a: Glimmora\n|-damage|p2a: Glimmora|0 fnt\n|-damage|p1a: Lucario|37\/100|[from] steelbeam\n|faint|p2a: Glimmora\n|\n|upkeep\n|\n|t:|1700985310\n|switch|p2a: Charizard|Charizard, M|100\/100\n|turn|3\n|\n|t:|1700985315\n|move|p2a: Charizard|Dragon Dance|p2a: Charizard\n|-boost|p2a: Charizard|atk|1\n|-boost|p2a: Charizard|spe|1\n|move|p1a: Lucario|Earthquake|p2a: Charizard\n|-immune|p2a: Charizard\n|\n|upkeep\n|turn|4\n|\n|t:|1700985323\n|detailschange|p2a: Charizard|Charizard-Mega-X, M\n|-mega|p2a: Charizard|Charizard|Charizardite X\n|move|p2a: Charizard|Fire Punch|p1a: Lucario\n|-supereffective|p1a: Lucario\n|-damage|p1a: Lucario|0 fnt\n|faint|p1a: Lucario\n|\n|upkeep\n|\n|t:|1700985337\n|switch|p1a: Charizard|Charizard, M|100\/100\n|-damage|p1a: Charizard|50\/100|[from] Stealth Rock\n|turn|5\n|\n|t:|1700985343\n|move|p2a: Charizard|Breaking Swipe|p1a: Charizard\n|-damage|p1a: Charizard|0 fnt\n|faint|p1a: Charizard\n|\n|upkeep\n|\n|t:|1700985353\n|switch|p1a: Pikachu|Pikachu-Original, M|100\/100\n|-damage|p1a: Pikachu|88\/100|[from] Stealth Rock\n|turn|6\n|\n|t:|1700985375\n|move|p2a: Charizard|Breaking Swipe|p1a: Pikachu\n|-damage|p1a: Pikachu|0 fnt\n|faint|p1a: Pikachu\n|\n|upkeep\n|\n|t:|1700985381\n|switch|p1a: Eevee|Eevee, M|100\/100\n|-damage|p1a: Eevee|88\/100|[from] Stealth Rock\n|turn|7\n|\n|t:|1700985387\n|move|p2a: Charizard|Fire Punch|p1a: Eevee\n|-damage|p1a: Eevee|0 fnt\n|faint|p1a: Eevee\n|\n|upkeep\n|\n|t:|1700985392\n|switch|p1a: Greninja|Greninja, M|100\/100\n|-damage|p1a: Greninja|88\/100|[from] Stealth Rock\n|turn|8\n|\n|t:|1700985398\n|move|p2a: Charizard|Thunder Punch|p1a: Greninja\n|-supereffective|p1a: Greninja\n|-damage|p1a: Greninja|0 fnt\n|faint|p1a: Greninja\n|\n|upkeep\n|\n|t:|1700985402\n|switch|p1a: Cinderace|Cinderace, M|100\/100\n|-damage|p1a: Cinderace|76\/100|[from] Stealth Rock\n|turn|9\n|\n|t:|1700985409\n|move|p2a: Charizard|Breaking Swipe|p1a: Cinderace\n|-damage|p1a: Cinderace|2\/100\n|-unboost|p1a: Cinderace|atk|1\n|-zpower|p1a: Cinderace\n|move|p1a: Cinderace|Inferno Overdrive|p2a: Charizard|[zeffect]\n|-resisted|p2a: Charizard\n|-damage|p2a: Charizard|77\/100\n|\n|upkeep\n|turn|10\n|\n|t:|1700985422\n|move|p2a: Charizard|Fire Punch|p1a: Cinderace\n|-resisted|p1a: Cinderace\n|-damage|p1a: Cinderace|0 fnt\n|faint|p1a: Cinderace\n|\n|win|kurokodora\n|raw|creamou24ssa's rating: 1022 &rarr; <strong>1010<\/strong><br \/>(-12 for losing)\n|raw|kurokodora's rating: 1056 &rarr; <strong>1085<\/strong><br \/>(+29 for winning)\n","uploadtime":1700985428,"views":4,"p1id":"creamou24ssa","p2id":"kurokodora","formatid":"gen9nationaldexubers","rating":1010,"private":0,"password":""}