{"id":"gen9nationaldexubers-1989263402","p1":"aquiles meo","p2":"nwareuh","format":"[Gen 9] National Dex Ubers","log":"|j|\u2606aquiles meo\n|j|\u2606nwareuh\n|t:|1699829423\n|gametype|singles\n|player|p1|aquiles meo|ethan|1067\n|player|p2|nwareuh|pokemonranger-gen4|1000\n|teamsize|p1|6\n|teamsize|p2|6\n|gen|9\n|tier|[Gen 9] National Dex Ubers\n|rated|\n|rule|HP Percentage Mod: HP is shown in percentages\n|rule|Endless Battle Clause: Forcing endless battles is banned\n|rule|OHKO Clause: OHKO moves are banned\n|rule|Evasion Moves Clause: Evasion moves are banned\n|rule|Evasion Items Clause: Evasion items are banned\n|rule|Species Clause: Limit one of each Pok\u00e9mon\n|rule|Sleep Clause Mod: Limit one foe put to sleep\n|rule|Mega Rayquaza Clause: You cannot mega evolve Rayquaza\n|clearpoke\n|poke|p1|Jirachi|\n|poke|p1|Ho-Oh|\n|poke|p1|Rayquaza|\n|poke|p1|Pidgeot, M|\n|poke|p1|Lucario, M|\n|poke|p1|Luxray, M|\n|poke|p2|Raichu-Alola, F|\n|poke|p2|Regieleki|\n|poke|p2|Tapu Koko|\n|poke|p2|Rotom-Wash|\n|poke|p2|Pincurchin, F|\n|poke|p2|Thundurus, M|\n|teampreview\n|\n|t:|1699829433\n|start\n|switch|p1a: Jirachi|Jirachi|100\/100\n|switch|p2a: Pincurchin|Pincurchin, F|100\/100\n|-fieldstart|move: Electric Terrain|[from] ability: Electric Surge|[of] p2a: Pincurchin\n|turn|1\n|\n|t:|1699829442\n|move|p1a: Jirachi|Iron Head|p2a: Pincurchin\n|-resisted|p2a: Pincurchin\n|-damage|p2a: Pincurchin|84\/100\n|cant|p2a: Pincurchin|flinch\n|\n|upkeep\n|turn|2\n|\n|t:|1699829456\n|move|p1a: Jirachi|Iron Head|p2a: Pincurchin\n|-resisted|p2a: Pincurchin\n|-damage|p2a: Pincurchin|62\/100\n|cant|p2a: Pincurchin|flinch\n|\n|upkeep\n|turn|3\n|\n|t:|1699829463\n|move|p1a: Jirachi|Iron Head|p2a: Pincurchin\n|-resisted|p2a: Pincurchin\n|-damage|p2a: Pincurchin|35\/100\n|move|p2a: Pincurchin|Toxic Spikes|p1a: Jirachi\n|-sidestart|p1: aquiles meo|move: Toxic Spikes\n|\n|upkeep\n|turn|4\n|\n|t:|1699829475\n|switch|p1a: Luxray|Luxray, M, shiny|100\/100\n|-status|p1a: Luxray|psn\n|move|p2a: Pincurchin|Toxic Spikes|p1a: Luxray\n|-sidestart|p1: aquiles meo|move: Toxic Spikes\n|\n|-damage|p1a: Luxray|88\/100 psn|[from] psn\n|upkeep\n|turn|5\n|\n|t:|1699829498\n|move|p1a: Luxray|Wild Charge|p2a: Pincurchin\n|-resisted|p2a: Pincurchin\n|-damage|p2a: Pincurchin|0 fnt\n|faint|p2a: Pincurchin\n|-damage|p1a: Luxray|81\/100 psn|[from] Recoil\n|\n|-damage|p1a: Luxray|68\/100 psn|[from] psn\n|upkeep\n|\n|t:|1699829508\n|switch|p2a: Regieleki|Regieleki|100\/100\n|turn|6\n|\n|t:|1699829530\n|switch|p1a: Jirachi|Jirachi|100\/100\n|-terastallize|p2a: Regieleki|Electric\n|move|p2a: Regieleki|Volt Switch|p1a: Jirachi\n|-damage|p1a: Jirachi|5\/100\n|\n|t:|1699829537\n|switch|p2a: Tapu Koko|Tapu Koko|100\/100|[from] Volt Switch\n|\n|upkeep\n|turn|7\n|inactive|Battle timer is ON: inactive players will automatically lose when time's up. (requested by nwareuh)\n|\n|t:|1699829550\n|move|p2a: Tapu Koko|U-turn|p1a: Jirachi\n|-damage|p1a: Jirachi|0 fnt\n|faint|p1a: Jirachi\n|\n|t:|1699829553\n|switch|p2a: Regieleki|Regieleki, tera:Electric|100\/100|[from] U-turn\n|\n|upkeep\n|\n|t:|1699829577\n|switch|p1a: Lucario|Lucario, M, shiny|100\/100\n|turn|8\n|\n|t:|1699829583\n|detailschange|p1a: Lucario|Lucario-Mega, M, shiny\n|-mega|p1a: Lucario|Lucario|Lucarionite\n|move|p2a: Regieleki|Rising Voltage|p1a: Lucario\n|-hint|Rising Voltage's BP doubled on grounded target.\n|-damage|p1a: Lucario|0 fnt\n|faint|p1a: Lucario\n|\n|-fieldend|move: Electric Terrain\n|upkeep\n|\n|t:|1699829608\n|switch|p1a: Rayquaza|Rayquaza|100\/100\n|-ability|p1a: Rayquaza|Air Lock\n|turn|9\n|inactive|aquiles meo has 120 seconds left.\n|\n|t:|1699829639\n|switch|p2a: Tapu Koko|Tapu Koko|100\/100\n|-fieldstart|move: Electric Terrain|[from] ability: Electric Surge|[of] p2a: Tapu Koko\n|move|p1a: Rayquaza|Dragon Dance|p1a: Rayquaza\n|-boost|p1a: Rayquaza|atk|1\n|-boost|p1a: Rayquaza|spe|1\n|\n|upkeep\n|turn|10\n|c|\u2606aquiles meo|!dt electric terrain\n|raw|<ul class=\"utilichart\"><li class=\"result\"><span class=\"col movenamecol\"><a href=\"https:\/\/dex.pokemonshowdown.com\/moves\/electricterrain\">Electric Terrain<\/a><\/span> <span class=\"col typecol\"><img src=\"\/\/play.pokemonshowdown.com\/sprites\/types\/Electric.png\" alt=\"Electric\" width=\"32\" height=\"14\"><img src=\"\/\/play.pokemonshowdown.com\/sprites\/categories\/Status.png\" alt=\"Status\" width=\"32\" height=\"14\"><\/span> <span class=\"col widelabelcol\"><em>Accuracy<\/em><br>\u2014<\/span> <span class=\"col pplabelcol\"><em>PP<\/em><br>16<\/span> <span class=\"col movedesccol\">5 turns. Grounded: +Electric power, can't sleep.<\/span> <\/li><li style=\"clear:both\"><\/li><\/ul>\n|raw|<font size=\"1\"><font color=\"#686868\">Priority:<\/font> 0&nbsp;|&ThickSpace;<font color=\"#686868\">Gen:<\/font> 6&nbsp;|&ThickSpace;&#10003; Bypasses Protect&nbsp;|&ThickSpace;<font color=\"#686868\">Z-Effect:<\/font>  Speed +1&nbsp;|&ThickSpace;<font color=\"#686868\">Target:<\/font> All Pok\u00e9mon<\/font>\n\n|inactive|aquiles meo has 90 seconds left.\n|\n|t:|1699829677\n|move|p1a: Rayquaza|Extreme Speed|p2a: Tapu Koko\n|-damage|p2a: Tapu Koko|40\/100\n|move|p2a: Tapu Koko|Dazzling Gleam|p1a: Rayquaza\n|-supereffective|p1a: Rayquaza\n|-damage|p1a: Rayquaza|24\/100\n|\n|upkeep\n|turn|11\n|\n|t:|1699829686\n|move|p1a: Rayquaza|Extreme Speed|p2a: Tapu Koko\n|-damage|p2a: Tapu Koko|0 fnt\n|faint|p2a: Tapu Koko\n|\n|upkeep\n|\n|t:|1699829692\n|switch|p2a: Raichu|Raichu-Alola, F|100\/100\n|turn|12\n|inactive|aquiles meo has 90 seconds left.\n|inactive|aquiles meo has 60 seconds left.\n|\n|t:|1699829734\n|switch|p1a: Pidgeot|Pidgeot, M|100\/100\n|move|p2a: Raichu|Rising Voltage|p1a: Pidgeot\n|-supereffective|p1a: Pidgeot\n|-damage|p1a: Pidgeot|0 fnt\n|faint|p1a: Pidgeot\n|-damage|p2a: Raichu|91\/100|[from] item: Life Orb\n|\n|upkeep\n|inactive|aquiles meo has 60 seconds left.\n|\n|t:|1699829767\n|switch|p1a: Luxray|Luxray, M, shiny|68\/100 psn\n|turn|13\n|\n|t:|1699829777\n|move|p2a: Raichu|Rising Voltage|p1a: Luxray\n|-hint|Rising Voltage's BP doubled on grounded target.\n|-resisted|p1a: Luxray\n|-damage|p1a: Luxray|7\/100 psn\n|-damage|p2a: Raichu|81\/100|[from] item: Life Orb\n|-zpower|p1a: Luxray\n|move|p1a: Luxray|Gigavolt Havoc|p2a: Raichu|[zeffect]\n|-resisted|p2a: Raichu\n|-damage|p2a: Raichu|0 fnt\n|faint|p2a: Raichu\n|\n|-damage|p1a: Luxray|0 fnt|[from] psn\n|faint|p1a: Luxray\n|-fieldend|move: Electric Terrain\n|upkeep\n|inactive|aquiles meo has 30 seconds left.\n|\n|t:|1699829801\n|switch|p2a: Thundurus|Thundurus, M|100\/100\n|switch|p1a: Ho-Oh|Ho-Oh|100\/100\n|turn|14\n|inactive|nwareuh has 120 seconds left.\n|\n|t:|1699829838\n|move|p2a: Thundurus|Volt Switch|p1a: Ho-Oh\n|-supereffective|p1a: Ho-Oh\n|-damage|p1a: Ho-Oh|54\/100\n|\n|t:|1699829841\n|switch|p2a: Rotom|Rotom-Wash|100\/100|[from] Volt Switch\n|move|p1a: Ho-Oh|Burn Up|p2a: Rotom\n|-resisted|p2a: Rotom\n|-damage|p2a: Rotom|67\/100\n|-start|p1a: Ho-Oh|typechange|???\/Flying|[from] move: Burn Up\n|\n|-heal|p2a: Rotom|73\/100|[from] item: Leftovers\n|upkeep\n|turn|15\n|inactive|nwareuh has 120 seconds left.\n|inactive|aquiles meo has 30 seconds left.\n|inactive|aquiles meo has 20 seconds left.\n|\n|t:|1699829874\n|switch|p1a: Rayquaza|Rayquaza|24\/100\n|-ability|p1a: Rayquaza|Air Lock\n|move|p2a: Rotom|Volt Switch|p1a: Rayquaza\n|-damage|p1a: Rayquaza|0 fnt\n|faint|p1a: Rayquaza\n|inactive|aquiles meo has 25 seconds left this turn.\n|inactive|nwareuh has 120 seconds left.\n|\n|t:|1699829880\n|switch|p2a: Regieleki|Regieleki, tera:Electric|100\/100|[from] Volt Switch\n|\n|upkeep\n|inactive|aquiles meo has 30 seconds left this turn.\n|\n|t:|1699829883\n|switch|p1a: Ho-Oh|Ho-Oh|87\/100\n|turn|16\n|\n|t:|1699829892\n|move|p2a: Regieleki|Volt Switch|p1a: Ho-Oh\n|-supereffective|p1a: Ho-Oh\n|-damage|p1a: Ho-Oh|0 fnt\n|faint|p1a: Ho-Oh\n|\n|win|nwareuh\n|raw|aquiles meo's rating: 1067 &rarr; <strong>1043<\/strong><br \/>(-24 for losing)\n|raw|nwareuh's rating: 1000 &rarr; <strong>1048<\/strong><br \/>(+48 for winning)\n|l|\u2606nwareuh\n","uploadtime":1699829903,"views":5,"p1id":"aquilesmeo","p2id":"nwareuh","formatid":"gen9nationaldexubers","rating":1043,"private":0,"password":""}