{"id":"gen9nationaldexubers-1995153299","p1":"dreepy airlines","p2":"AlolanSandslashOU","format":"[Gen 9] National Dex Ubers","log":"|j|\u2606dreepy airlines\n|j|\u2606AlolanSandslashOU\n|t:|1700528522\n|gametype|singles\n|player|p1|dreepy airlines|waitress-gen6|\n|player|p2|AlolanSandslashOU|volkner|\n|teamsize|p1|6\n|teamsize|p2|6\n|gen|9\n|tier|[Gen 9] National Dex Ubers\n|rule|HP Percentage Mod: HP is shown in percentages\n|rule|Endless Battle Clause: Forcing endless battles is banned\n|rule|OHKO Clause: OHKO moves are banned\n|rule|Evasion Moves Clause: Evasion moves are banned\n|rule|Evasion Items Clause: Evasion items are banned\n|rule|Species Clause: Limit one of each Pok\u00e9mon\n|rule|Sleep Clause Mod: Limit one foe put to sleep\n|rule|Mega Rayquaza Clause: You cannot mega evolve Rayquaza\n|clearpoke\n|poke|p1|Annihilape, F|\n|poke|p1|Garganacl, M|\n|poke|p1|Empoleon, F|\n|poke|p1|Gliscor, F|\n|poke|p1|Gholdengo|\n|poke|p1|Roaring Moon|\n|poke|p2|Chien-Pao|\n|poke|p2|Ting-Lu|\n|poke|p2|Greninja-*, F|\n|poke|p2|Weavile, M|\n|poke|p2|Urshifu-*, F|\n|poke|p2|Annihilape, F|\n|teampreview\n|inactive|Battle timer is ON: inactive players will automatically lose when time's up. (requested by dreepy airlines)\n|c|\u2606dreepy airlines|hf\n|\n|t:|1700528547\n|start\n|switch|p1a: Empoleon|Empoleon, F|100\/100\n|switch|p2a: Weavile|Weavile, M|100\/100\n|-ability|p2a: Weavile|Pressure\n|turn|1\n|\n|t:|1700528551\n|move|p2a: Weavile|Knock Off|p1a: Empoleon\n|-damage|p1a: Empoleon|52\/100\n|-enditem|p1a: Empoleon|Leftovers|[from] move: Knock Off|[of] p2a: Weavile\n|move|p1a: Empoleon|Stealth Rock|p2a: Weavile\n|-sidestart|p2: AlolanSandslashOU|move: Stealth Rock\n|\n|upkeep\n|turn|2\n|\n|t:|1700528555\n|move|p2a: Weavile|Low Kick|p1a: Empoleon\n|-supereffective|p1a: Empoleon\n|-damage|p1a: Empoleon|1\/100\n|move|p1a: Empoleon|Roost|p1a: Empoleon\n|-heal|p1a: Empoleon|51\/100\n|-singleturn|p1a: Empoleon|move: Roost\n|\n|upkeep\n|turn|3\n|\n|t:|1700528566\n|switch|p1a: Annihilape|Annihilape, F|100\/100\n|move|p2a: Weavile|Low Kick|p1a: Annihilape\n|-immune|p1a: Annihilape\n|\n|upkeep\n|turn|4\n|\n|t:|1700528570\n|move|p2a: Weavile|Knock Off|p1a: Annihilape\n|-damage|p1a: Annihilape|54\/100\n|-enditem|p1a: Annihilape|Leftovers|[from] move: Knock Off|[of] p2a: Weavile\n|move|p1a: Annihilape|Drain Punch|p2a: Weavile\n|-supereffective|p2a: Weavile\n|-enditem|p2a: Weavile|Focus Sash\n|-damage|p2a: Weavile|1\/100\n|-heal|p1a: Annihilape|87\/100|[from] drain|[of] p2a: Weavile\n|\n|upkeep\n|turn|5\n|\n|t:|1700528575\n|move|p2a: Weavile|Triple Axel|p1a: Annihilape\n|-damage|p1a: Annihilape|77\/100\n|-hitcount|p1a: Annihilape|1\n|move|p1a: Annihilape|Drain Punch|p2a: Weavile\n|-supereffective|p2a: Weavile\n|-damage|p2a: Weavile|0 fnt\n|-heal|p1a: Annihilape|78\/100|[from] drain|[of] p2a: Weavile\n|faint|p2a: Weavile\n|\n|upkeep\n|c|\u2606AlolanSandslashOU|That\u2019s so gaming\n|\n|t:|1700528601\n|switch|p2a: Ting-Lu|Ting-Lu|100\/100\n|-damage|p2a: Ting-Lu|94\/100|[from] Stealth Rock\n|-ability|p2a: Ting-Lu|Vessel of Ruin\n|turn|6\n|\n|t:|1700528609\n|move|p1a: Annihilape|Taunt|p2a: Ting-Lu\n|-start|p2a: Ting-Lu|move: Taunt\n|cant|p2a: Ting-Lu|move: Taunt|Whirlwind\n|\n|-heal|p2a: Ting-Lu|100\/100|[from] item: Leftovers\n|upkeep\n|turn|7\n|\n|t:|1700528618\n|switch|p2a: Greninja|Greninja, F|100\/100\n|-damage|p2a: Greninja|88\/100|[from] Stealth Rock\n|move|p1a: Annihilape|Bulk Up|p1a: Annihilape\n|-boost|p1a: Annihilape|atk|1\n|-boost|p1a: Annihilape|def|1\n|\n|upkeep\n|turn|8\n|\n|t:|1700528626\n|move|p2a: Greninja|Surf|p1a: Annihilape\n|-start|p2a: Greninja|typechange|Water|[from] ability: Protean\n|-damage|p1a: Annihilape|39\/100\n|move|p1a: Annihilape|Drain Punch|p2a: Greninja\n|-damage|p2a: Greninja|19\/100\n|-heal|p1a: Annihilape|62\/100|[from] drain|[of] p2a: Greninja\n|\n|upkeep\n|turn|9\n|\n|t:|1700528632\n|switch|p1a: Empoleon|Empoleon, F|51\/100\n|move|p2a: Greninja|Surf|p1a: Empoleon\n|-resisted|p1a: Empoleon\n|-damage|p1a: Empoleon|32\/100\n|\n|upkeep\n|turn|10\n|\n|t:|1700528645\n|move|p2a: Greninja|Surf|p1a: Empoleon\n|-resisted|p1a: Empoleon\n|-damage|p1a: Empoleon|11\/100\n|move|p1a: Empoleon|Roost|p1a: Empoleon\n|-heal|p1a: Empoleon|61\/100\n|-singleturn|p1a: Empoleon|move: Roost\n|\n|upkeep\n|turn|11\n|\n|t:|1700528656\n|switch|p2a: Annihilape|Annihilape, F|100\/100\n|-damage|p2a: Annihilape|94\/100|[from] Stealth Rock\n|move|p1a: Empoleon|Roost|p1a: Empoleon\n|-heal|p1a: Empoleon|100\/100\n|-singleturn|p1a: Empoleon|move: Roost\n|\n|-heal|p2a: Annihilape|100\/100|[from] item: Leftovers\n|upkeep\n|turn|12\n|\n|t:|1700528664\n|switch|p1a: Gholdengo|Gholdengo|100\/100\n|move|p2a: Annihilape|Bulk Up|p2a: Annihilape\n|-boost|p2a: Annihilape|atk|1\n|-boost|p2a: Annihilape|def|1\n|\n|upkeep\n|turn|13\n|\n|t:|1700528668\n|move|p2a: Annihilape|Rage Fist|p1a: Gholdengo\n|-supereffective|p1a: Gholdengo\n|-damage|p1a: Gholdengo|59\/100\n|move|p1a: Gholdengo|Thunder Wave|p2a: Annihilape\n|-status|p2a: Annihilape|par\n|\n|-heal|p1a: Gholdengo|65\/100|[from] item: Leftovers\n|upkeep\n|turn|14\n|\n|t:|1700528678\n|move|p1a: Gholdengo|Hex|p2a: Annihilape\n|-supereffective|p2a: Annihilape\n|-damage|p2a: Annihilape|32\/100 par\n|move|p2a: Annihilape|Rage Fist|p1a: Gholdengo\n|-supereffective|p1a: Gholdengo\n|-damage|p1a: Gholdengo|0 fnt\n|faint|p1a: Gholdengo\n|\n|-heal|p2a: Annihilape|38\/100 par|[from] item: Leftovers\n|upkeep\n|\n|t:|1700528683\n|switch|p1a: Annihilape|Annihilape, F|62\/100\n|turn|15\n|\n|t:|1700528687\n|move|p1a: Annihilape|Rage Fist|p2a: Annihilape\n|-supereffective|p2a: Annihilape\n|-damage|p2a: Annihilape|0 fnt\n|faint|p2a: Annihilape\n|\n|upkeep\n|\n|t:|1700528693\n|switch|p2a: Chien-Pao|Chien-Pao|100\/100\n|-damage|p2a: Chien-Pao|76\/100|[from] Stealth Rock\n|-ability|p2a: Chien-Pao|Sword of Ruin\n|turn|16\n|\n|t:|1700528711\n|switch|p1a: Gliscor|Gliscor, F|100\/100\n|move|p2a: Chien-Pao|Crunch|p1a: Gliscor\n|-damage|p1a: Gliscor|36\/100\n|\n|-status|p1a: Gliscor|tox|[from] item: Toxic Orb\n|upkeep\n|turn|17\n|\n|t:|1700528717\n|move|p2a: Chien-Pao|Crunch|p1a: Gliscor\n|-damage|p1a: Gliscor|0 fnt\n|faint|p1a: Gliscor\n|\n|upkeep\n|\n|t:|1700528720\n|switch|p1a: Garganacl|Garganacl, M|100\/100\n|turn|18\n|\n|t:|1700528726\n|switch|p2a: Ting-Lu|Ting-Lu|100\/100\n|-damage|p2a: Ting-Lu|94\/100|[from] Stealth Rock\n|-ability|p2a: Ting-Lu|Vessel of Ruin\n|move|p1a: Garganacl|Salt Cure|p2a: Ting-Lu\n|-resisted|p2a: Ting-Lu\n|-damage|p2a: Ting-Lu|90\/100\n|-start|p2a: Ting-Lu|Salt Cure\n|\n|-heal|p2a: Ting-Lu|96\/100|[from] item: Leftovers\n|-damage|p2a: Ting-Lu|84\/100|[from] Salt Cure\n|upkeep\n|turn|19\n|\n|t:|1700528731\n|switch|p1a: Annihilape|Annihilape, F|62\/100\n|move|p2a: Ting-Lu|Spikes|p1a: Annihilape\n|-sidestart|p1: dreepy airlines|Spikes\n|\n|-heal|p2a: Ting-Lu|90\/100|[from] item: Leftovers\n|-damage|p2a: Ting-Lu|78\/100|[from] Salt Cure\n|upkeep\n|turn|20\n|\n|t:|1700528737\n|switch|p2a: Urshifu|Urshifu, F|100\/100\n|-damage|p2a: Urshifu|94\/100|[from] Stealth Rock\n|move|p1a: Annihilape|Drain Punch|p2a: Urshifu\n|-supereffective|p2a: Urshifu\n|-damage|p2a: Urshifu|33\/100\n|-heal|p1a: Annihilape|87\/100|[from] drain|[of] p2a: Urshifu\n|\n|upkeep\n|turn|21\n|\n|t:|1700528743\n|move|p2a: Urshifu|Wicked Blow|p1a: Annihilape\n|-crit|p1a: Annihilape\n|-damage|p1a: Annihilape|8\/100\n|move|p1a: Annihilape|Drain Punch|p2a: Urshifu\n|-supereffective|p2a: Urshifu\n|-damage|p2a: Urshifu|0 fnt\n|-heal|p1a: Annihilape|21\/100|[from] drain|[of] p2a: Urshifu\n|faint|p2a: Urshifu\n|\n|upkeep\n|\n|t:|1700528761\n|switch|p2a: Greninja|Greninja, F|19\/100\n|-damage|p2a: Greninja|6\/100|[from] Stealth Rock\n|turn|22\n|\n|t:|1700528774\n|switch|p1a: Empoleon|Empoleon, F|100\/100\n|-damage|p1a: Empoleon|88\/100|[from] Spikes\n|move|p2a: Greninja|Dark Pulse|p1a: Empoleon\n|-start|p2a: Greninja|typechange|Dark|[from] ability: Protean\n|-damage|p1a: Empoleon|53\/100\n|\n|upkeep\n|turn|23\n|\n|t:|1700528777\n|move|p2a: Greninja|Dark Pulse|p1a: Empoleon\n|-damage|p1a: Empoleon|15\/100\n|move|p1a: Empoleon|Roost|p1a: Empoleon\n|-heal|p1a: Empoleon|65\/100\n|-singleturn|p1a: Empoleon|move: Roost\n|\n|upkeep\n|turn|24\n|\n|t:|1700528781\n|move|p2a: Greninja|Dark Pulse|p1a: Empoleon\n|-damage|p1a: Empoleon|30\/100\n|move|p1a: Empoleon|Flip Turn|p2a: Greninja\n|-damage|p2a: Greninja|0 fnt\n|faint|p2a: Greninja\n|\n|t:|1700528787\n|switch|p1a: Annihilape|Annihilape, F|21\/100|[from] Flip Turn\n|-damage|p1a: Annihilape|8\/100|[from] Spikes\n|\n|upkeep\n|\n|t:|1700528801\n|switch|p2a: Chien-Pao|Chien-Pao|76\/100\n|-damage|p2a: Chien-Pao|51\/100|[from] Stealth Rock\n|-ability|p2a: Chien-Pao|Sword of Ruin\n|turn|25\n|\n|t:|1700528810\n|move|p2a: Chien-Pao|Crunch|p1a: Annihilape\n|-damage|p1a: Annihilape|0 fnt\n|faint|p1a: Annihilape\n|\n|upkeep\n|\n|t:|1700528818\n|switch|p1a: Roaring Moon|Roaring Moon|100\/100\n|-damage|p1a: Roaring Moon|88\/100|[from] Spikes\n|-enditem|p1a: Roaring Moon|Booster Energy\n|-activate|p1a: Roaring Moon|ability: Protosynthesis|[fromitem]\n|-start|p1a: Roaring Moon|protosynthesisatk\n|turn|26\n|\n|t:|1700528823\n|switch|p2a: Ting-Lu|Ting-Lu|78\/100\n|-damage|p2a: Ting-Lu|72\/100|[from] Stealth Rock\n|-ability|p2a: Ting-Lu|Vessel of Ruin\n|move|p1a: Roaring Moon|Dragon Dance|p1a: Roaring Moon\n|-boost|p1a: Roaring Moon|atk|1\n|-boost|p1a: Roaring Moon|spe|1\n|\n|-heal|p2a: Ting-Lu|78\/100|[from] item: Leftovers\n|upkeep\n|turn|27\n|\n|t:|1700528850\n|move|p1a: Roaring Moon|Dragon Claw|p2a: Ting-Lu\n|-damage|p2a: Ting-Lu|30\/100\n|move|p2a: Ting-Lu|Whirlwind|p1a: Roaring Moon\n|-end|p1a: Roaring Moon|Protosynthesis|[silent]\n|drag|p1a: Empoleon|Empoleon, F|30\/100\n|-damage|p1a: Empoleon|18\/100|[from] Spikes\n|\n|-heal|p2a: Ting-Lu|36\/100|[from] item: Leftovers\n|upkeep\n|turn|28\n|\n|t:|1700528857\n|move|p1a: Empoleon|Flip Turn|p2a: Ting-Lu\n|-supereffective|p2a: Ting-Lu\n|-damage|p2a: Ting-Lu|6\/100\n|\n|t:|1700528861\n|switch|p1a: Roaring Moon|Roaring Moon|88\/100|[from] Flip Turn\n|-damage|p1a: Roaring Moon|76\/100|[from] Spikes\n|move|p2a: Ting-Lu|Earthquake|p1a: Roaring Moon\n|-damage|p1a: Roaring Moon|27\/100\n|\n|-heal|p2a: Ting-Lu|12\/100|[from] item: Leftovers\n|upkeep\n|turn|29\n|\n|t:|1700528868\n|move|p1a: Roaring Moon|Dragon Claw|p2a: Ting-Lu\n|-damage|p2a: Ting-Lu|0 fnt\n|faint|p2a: Ting-Lu\n|\n|upkeep\n|\n|t:|1700528870\n|switch|p2a: Chien-Pao|Chien-Pao|51\/100\n|-damage|p2a: Chien-Pao|26\/100|[from] Stealth Rock\n|-ability|p2a: Chien-Pao|Sword of Ruin\n|turn|30\n|c|\u2606dreepy airlines|gg\n|\n|t:|1700528883\n|move|p2a: Chien-Pao|Ice Spinner|p1a: Roaring Moon\n|-supereffective|p1a: Roaring Moon\n|-damage|p1a: Roaring Moon|0 fnt\n|faint|p1a: Roaring Moon\n|-end|p1a: Roaring Moon|Protosynthesis|[silent]\n|\n|upkeep\n|\n|t:|1700528887\n|switch|p1a: Garganacl|Garganacl, M|100\/100\n|-damage|p1a: Garganacl|88\/100|[from] Spikes\n|turn|31\n|\n|t:|1700528903\n|move|p2a: Chien-Pao|Ice Spinner|p1a: Garganacl\n|-damage|p1a: Garganacl|49\/100\n|move|p1a: Garganacl|Salt Cure|p2a: Chien-Pao\n|-supereffective|p2a: Chien-Pao\n|-damage|p2a: Chien-Pao|0 fnt\n|faint|p2a: Chien-Pao\n|\n|win|dreepy airlines\n|c|\u2606AlolanSandslashOU|Gg\n|l|\u2606dreepy airlines\n|c|\u2606AlolanSandslashOU|i didn\u2019t wanna sacred incase of tera fairy\n","uploadtime":1700528907,"views":2,"p1id":"dreepyairlines","p2id":"alolansandslashou","formatid":"gen9nationaldexubers","rating":0,"private":0,"password":""}