{"id":"gen9nationaldexubers-1984141370","p1":"georgefable1","p2":"Boyca","format":"[Gen 9] National Dex Ubers","log":"|j|\u2606georgefable1\n|j|\u2606Boyca\n|t:|1699222990\n|gametype|singles\n|player|p1|georgefable1|169|\n|player|p2|Boyca|li|\n|teamsize|p1|4\n|teamsize|p2|4\n|gen|9\n|tier|[Gen 9] National Dex Ubers\n|rule|HP Percentage Mod: HP is shown in percentages\n|rule|Endless Battle Clause: Forcing endless battles is banned\n|rule|OHKO Clause: OHKO moves are banned\n|rule|Evasion Moves Clause: Evasion moves are banned\n|rule|Evasion Items Clause: Evasion items are banned\n|rule|Species Clause: Limit one of each Pok\u00e9mon\n|rule|Sleep Clause Mod: Limit one foe put to sleep\n|rule|Mega Rayquaza Clause: You cannot mega evolve Rayquaza\n|clearpoke\n|poke|p1|Sceptile, M|\n|poke|p1|Mienshao, M|\n|poke|p1|Gardevoir, F|\n|poke|p1|Infernape, M|\n|poke|p2|Victini|\n|poke|p2|Trevenant, F|\n|poke|p2|Wo-Chien|\n|poke|p2|Bellossom, F|\n|teampreview\n|c|\u2606Boyca|gl!\n|\n|t:|1699223069\n|start\n|switch|p1a: RevolvingDoor|Mienshao, M|100\/100\n|switch|p2a: Victorious(2010)|Victini|100\/100\n|turn|1\n|\n|t:|1699223099\n|switch|p2a: liveWo-Chienreact|Wo-Chien|100\/100\n|-ability|p2a: liveWo-Chienreact|Tablets of Ruin\n|move|p1a: RevolvingDoor|U-turn|p2a: liveWo-Chienreact\n|-supereffective|p2a: liveWo-Chienreact\n|-damage|p2a: liveWo-Chienreact|35\/100\n|\n|t:|1699223127\n|switch|p1a: Better Blaziken|Infernape, M|100\/100|[from] U-turn\n|\n|-heal|p2a: liveWo-Chienreact|41\/100|[from] item: Leftovers\n|upkeep\n|turn|2\n|c|\u2606georgefable1|thats ruff\n|\n|t:|1699223148\n|move|p2a: liveWo-Chienreact|Protect|p2a: liveWo-Chienreact\n|-singleturn|p2a: liveWo-Chienreact|Protect\n|move|p1a: Better Blaziken|Fire Blast|p2a: liveWo-Chienreact\n|-activate|p2a: liveWo-Chienreact|move: Protect\n|\n|-heal|p2a: liveWo-Chienreact|48\/100|[from] item: Leftovers\n|upkeep\n|turn|3\n|c|\u2606georgefable1|if blaziken sells me im big mad\n|\n|t:|1699223171\n|move|p1a: Better Blaziken|Work Up|p1a: Better Blaziken\n|-boost|p1a: Better Blaziken|atk|1\n|-boost|p1a: Better Blaziken|spa|1\n|move|p2a: liveWo-Chienreact|Leech Seed|p1a: Better Blaziken\n|-start|p1a: Better Blaziken|move: Leech Seed\n|\n|-heal|p2a: liveWo-Chienreact|54\/100|[from] item: Leftovers\n|-damage|p1a: Better Blaziken|88\/100|[from] Leech Seed|[of] p2a: liveWo-Chienreact\n|-heal|p2a: liveWo-Chienreact|63\/100|[silent]\n|upkeep\n|turn|4\n|\n|t:|1699223180\n|move|p1a: Better Blaziken|Fire Blast|p2a: liveWo-Chienreact\n|-supereffective|p2a: liveWo-Chienreact\n|-damage|p2a: liveWo-Chienreact|0 fnt\n|faint|p2a: liveWo-Chienreact\n|-damage|p1a: Better Blaziken|78\/100|[from] item: Life Orb\n|\n|upkeep\n|\n|t:|1699223183\n|switch|p2a: Victorious(2010)|Victini|100\/100\n|turn|5\n|\n|t:|1699223218\n|-terastallize|p1a: Better Blaziken|Fire\n|move|p1a: Better Blaziken|Thunder Punch|p2a: Victorious(2010)\n|-damage|p2a: Victorious(2010)|61\/100\n|-damage|p1a: Better Blaziken|68\/100|[from] item: Life Orb\n|move|p2a: Victorious(2010)|Zen Headbutt|p1a: Better Blaziken\n|-damage|p1a: Better Blaziken|12\/100\n|\n|-damage|p1a: Better Blaziken|0 fnt|[from] Leech Seed|[of] p2a: Victorious(2010)\n|-heal|p2a: Victorious(2010)|71\/100|[silent]\n|faint|p1a: Better Blaziken\n|upkeep\n|c|\u2606Boyca|tera isn't allowed!!!\n|c|\u2606georgefable1|oh shit\n|c|\u2606georgefable1|sorry\n|c|\u2606Boyca|it's ok tho dw\n|c|\u2606georgefable1|i had no cluen lol\n|c|\u2606Boyca|didn't change the outcome\n|c|\u2606georgefable1|yea valid\n|\n|t:|1699223245\n|switch|p1a: RevolvingDoor|Mienshao, M|100\/100\n|turn|6\n|\n|t:|1699223258\n|move|p1a: RevolvingDoor|U-turn|p2a: Victorious(2010)\n|-damage|p2a: Victorious(2010)|47\/100\n|\n|t:|1699223263\n|switch|p1a: gal-'ade|Gardevoir, F|100\/100|[from] U-turn\n|-ability|p1a: gal-'ade|Victory Star|[from] ability: Trace|[of] p2a: Victorious(2010)\n|move|p2a: Victorious(2010)|Zen Headbutt|p1a: gal-'ade\n|-resisted|p1a: gal-'ade\n|-damage|p1a: gal-'ade|71\/100\n|\n|upkeep\n|turn|7\n|\n|t:|1699223282\n|detailschange|p1a: gal-'ade|Gardevoir-Mega, F\n|-mega|p1a: gal-'ade|Gardevoir|Gardevoirite\n|move|p1a: gal-'ade|Knock Off|p2a: Victorious(2010)\n|-supereffective|p2a: Victorious(2010)\n|-damage|p2a: Victorious(2010)|0 fnt\n|-enditem|p2a: Victorious(2010)|Assault Vest|[from] move: Knock Off|[of] p1a: gal-'ade\n|faint|p2a: Victorious(2010)\n|\n|upkeep\n|\n|t:|1699223300\n|switch|p2a: SHUT UP AND DANCE|Bellossom, F|100\/100\n|turn|8\n|\n|t:|1699223316\n|move|p1a: gal-'ade|Double-Edge|p2a: SHUT UP AND DANCE\n|-damage|p2a: SHUT UP AND DANCE|27\/100\n|-damage|p1a: gal-'ade|46\/100|[from] Recoil\n|move|p2a: SHUT UP AND DANCE|Quiver Dance|p2a: SHUT UP AND DANCE\n|-boost|p2a: SHUT UP AND DANCE|spa|1\n|-boost|p2a: SHUT UP AND DANCE|spd|1\n|-boost|p2a: SHUT UP AND DANCE|spe|1\n|\n|upkeep\n|turn|9\n|\n|t:|1699223328\n|move|p1a: gal-'ade|Double-Edge|p2a: SHUT UP AND DANCE\n|-damage|p2a: SHUT UP AND DANCE|0 fnt\n|faint|p2a: SHUT UP AND DANCE\n|-damage|p1a: gal-'ade|37\/100|[from] Recoil\n|\n|upkeep\n|\n|t:|1699223330\n|switch|p2a: Halloween Special|Trevenant, F|100\/100\n|turn|10\n|\n|t:|1699223338\n|move|p1a: gal-'ade|Knock Off|p2a: Halloween Special\n|-supereffective|p2a: Halloween Special\n|-damage|p2a: Halloween Special|51\/100\n|move|p2a: Halloween Special|Poltergeist|p1a: gal-'ade\n|-activate|p1a: gal-'ade|move: Poltergeist|Gardevoirite\n|-supereffective|p1a: gal-'ade\n|-damage|p1a: gal-'ade|0 fnt\n|faint|p1a: gal-'ade\n|\n|upkeep\n|c|\u2606georgefable1|this looks like ggs\n|\n|t:|1699223347\n|switch|p1a: RevolvingDoor|Mienshao, M|100\/100\n|turn|11\n|\n|t:|1699223377\n|move|p1a: RevolvingDoor|Knock Off|p2a: Halloween Special\n|-supereffective|p2a: Halloween Special\n|-damage|p2a: Halloween Special|0 fnt\n|faint|p2a: Halloween Special\n|\n|win|georgefable1\n|c|\u2606Boyca|gg\n|c|\u2606georgefable1|yea good  game rbo\n","uploadtime":1699223384,"views":7,"p1id":"georgefable1","p2id":"boyca","formatid":"gen9nationaldexubers","rating":0,"private":0,"password":""}