{"id":"gen9nationaldexubers-1989807552","p1":"Rubenator_64","p2":"Pokefelico","format":"[Gen 9] National Dex Ubers","log":"|j|\u2606Rubenator_64\n|j|\u2606Pokefelico\n|t:|1699897404\n|gametype|singles\n|player|p1|Rubenator_64|chili|\n|player|p2|Pokefelico|bruno|\n|teamsize|p1|6\n|teamsize|p2|6\n|gen|9\n|tier|[Gen 9] National Dex Ubers\n|rule|HP Percentage Mod: HP is shown in percentages\n|rule|Endless Battle Clause: Forcing endless battles is banned\n|rule|OHKO Clause: OHKO moves are banned\n|rule|Evasion Moves Clause: Evasion moves are banned\n|rule|Evasion Items Clause: Evasion items are banned\n|rule|Species Clause: Limit one of each Pok\u00e9mon\n|rule|Sleep Clause Mod: Limit one foe put to sleep\n|rule|Mega Rayquaza Clause: You cannot mega evolve Rayquaza\n|clearpoke\n|poke|p1|Morgrem, M|\n|poke|p1|Umbreon, F|\n|poke|p1|Ceruledge, F|\n|poke|p1|Landorus-Therian, M|\n|poke|p1|Ogerpon-Wellspring, F|\n|poke|p1|Clawitzer, F|\n|poke|p2|Greninja-*, M|\n|poke|p2|Toxapex, M|\n|poke|p2|Lokix, M|\n|poke|p2|Garchomp, F|\n|poke|p2|Heracross, F|\n|poke|p2|Lucario, F|\n|teampreview\n|\n|t:|1699897432\n|start\n|switch|p1a: nelson|Morgrem, M|100\/100\n|switch|p2a: Garchomp|Garchomp, F, shiny|100\/100\n|turn|1\n|j| balutalol\n|j| gosensia\n|\n|t:|1699897447\n|move|p1a: nelson|Reflect|p1a: nelson\n|-sidestart|p1: Rubenator_64|Reflect\n|move|p2a: Garchomp|Dragon Pulse|p1a: nelson\n|-immune|p1a: nelson\n|\n|upkeep\n|turn|2\n|\n|t:|1699897453\n|move|p1a: nelson|Light Screen|p1a: nelson\n|-sidestart|p1: Rubenator_64|move: Light Screen\n|move|p2a: Garchomp|Swords Dance|p2a: Garchomp\n|-boost|p2a: Garchomp|atk|2\n|\n|upkeep\n|turn|3\n|c| balutalol|ola\n|j| Great_Eon\n|\n|t:|1699897461\n|move|p1a: nelson|Parting Shot|p2a: Garchomp\n|-unboost|p2a: Garchomp|atk|1\n|-unboost|p2a: Garchomp|spa|1\n|\n|t:|1699897464\n|switch|p1a: dagon|Clawitzer, F, shiny|100\/100|[from] Parting Shot\n|move|p2a: Garchomp|Swords Dance|p2a: Garchomp\n|-boost|p2a: Garchomp|atk|2\n|\n|upkeep\n|turn|4\n|c| Great_Eon|Hoal, soy Boris\n|c|\u2606Rubenator_64|ola\n|\n|t:|1699897499\n|move|p2a: Garchomp|Dragon Pulse|p1a: dagon\n|-damage|p1a: dagon|92\/100\n|move|p1a: dagon|Ice Beam|p2a: Garchomp\n|-supereffective|p2a: Garchomp\n|-damage|p2a: Garchomp|0 fnt\n|faint|p2a: Garchomp\n|\n|-heal|p1a: dagon|98\/100|[from] item: Leftovers\n|upkeep\n|\n|t:|1699897505\n|switch|p2a: Heracross|Heracross, F, shiny|100\/100\n|turn|5\n|c| Great_Eon|hola\n|\n|t:|1699897522\n|move|p2a: Heracross|Bug Buzz|p1a: dagon\n|-damage|p1a: dagon|90\/100\n|move|p1a: dagon|Ice Beam|p2a: Heracross\n|-damage|p2a: Heracross|76\/100\n|\n|-heal|p1a: dagon|96\/100|[from] item: Leftovers\n|upkeep\n|turn|6\n|\n|t:|1699897533\n|-terastallize|p2a: Heracross|Bug\n|move|p2a: Heracross|Bug Buzz|p1a: dagon\n|-damage|p1a: dagon|85\/100\n|move|p1a: dagon|Dragon Pulse|p2a: Heracross\n|-damage|p2a: Heracross|39\/100\n|\n|-heal|p1a: dagon|91\/100|[from] item: Leftovers\n|upkeep\n|turn|7\n|\n|t:|1699897557\n|switch|p2a: Lucario|Lucario, F, shiny|100\/100\n|switch|p1a: DX|Landorus-Therian, M|100\/100\n|-ability|p1a: DX|Intimidate|boost\n|-unboost|p2a: Lucario|atk|1\n|\n|upkeep\n|turn|8\n|\n|t:|1699897569\n|move|p1a: DX|Earthquake|p2a: Lucario\n|-supereffective|p2a: Lucario\n|-damage|p2a: Lucario|0 fnt\n|faint|p2a: Lucario\n|\n|-sideend|p1: Rubenator_64|Reflect\n|upkeep\n|\n|t:|1699897574\n|switch|p2a: Greninja|Greninja, M, shiny|100\/100\n|turn|9\n|\n|t:|1699897602\n|switch|p1a: dagon|Clawitzer, F, shiny|91\/100\n|move|p2a: Greninja|Ice Punch|p1a: dagon\n|-resisted|p1a: dagon\n|-damage|p1a: dagon|81\/100\n|-status|p1a: dagon|frz\n|\n|-heal|p1a: dagon|87\/100 frz|[from] item: Leftovers\n|-sideend|p1: Rubenator_64|move: Light Screen\n|upkeep\n|turn|10\n|\n|t:|1699897625\n|move|p2a: Greninja|Ice Punch|p1a: dagon\n|-resisted|p1a: dagon\n|-damage|p1a: dagon|77\/100 frz\n|cant|p1a: dagon|frz\n|\n|-heal|p1a: dagon|83\/100 frz|[from] item: Leftovers\n|upkeep\n|turn|11\n|\n|t:|1699897635\n|move|p2a: Greninja|Ice Punch|p1a: dagon\n|-resisted|p1a: dagon\n|-damage|p1a: dagon|73\/100 frz\n|cant|p1a: dagon|frz\n|\n|-heal|p1a: dagon|79\/100 frz|[from] item: Leftovers\n|upkeep\n|turn|12\n|\n|t:|1699897641\n|move|p2a: Greninja|Ice Punch|p1a: dagon\n|-resisted|p1a: dagon\n|-damage|p1a: dagon|69\/100 frz\n|cant|p1a: dagon|frz\n|\n|-heal|p1a: dagon|75\/100 frz|[from] item: Leftovers\n|upkeep\n|turn|13\n|\n|t:|1699897649\n|move|p2a: Greninja|Ice Punch|p1a: dagon\n|-resisted|p1a: dagon\n|-damage|p1a: dagon|65\/100 frz\n|cant|p1a: dagon|frz\n|\n|-heal|p1a: dagon|71\/100 frz|[from] item: Leftovers\n|upkeep\n|turn|14\n|\n|t:|1699897656\n|move|p2a: Greninja|Ice Punch|p1a: dagon\n|-resisted|p1a: dagon\n|-damage|p1a: dagon|60\/100 frz\n|-curestatus|p1a: dagon|frz|[msg]\n|move|p1a: dagon|Dragon Pulse|p2a: Greninja\n|-damage|p2a: Greninja|54\/100\n|\n|-heal|p1a: dagon|66\/100|[from] item: Leftovers\n|upkeep\n|turn|15\n|\n|t:|1699897664\n|move|p2a: Greninja|Ice Punch|p1a: dagon\n|-resisted|p1a: dagon\n|-damage|p1a: dagon|54\/100\n|move|p1a: dagon|Dragon Pulse|p2a: Greninja\n|-damage|p2a: Greninja|8\/100\n|\n|-heal|p1a: dagon|60\/100|[from] item: Leftovers\n|upkeep\n|turn|16\n|\n|t:|1699897674\n|switch|p2a: Lokix|Lokix, M, shiny|100\/100\n|move|p1a: dagon|Dragon Pulse|p2a: Lokix\n|-damage|p2a: Lokix|37\/100\n|\n|-heal|p1a: dagon|66\/100|[from] item: Leftovers\n|upkeep\n|turn|17\n|\n|t:|1699897683\n|move|p2a: Lokix|First Impression|p1a: dagon\n|-damage|p1a: dagon|26\/100\n|move|p1a: dagon|Ice Beam|p2a: Lokix\n|-damage|p2a: Lokix|0 fnt\n|faint|p2a: Lokix\n|\n|-heal|p1a: dagon|32\/100|[from] item: Leftovers\n|upkeep\n|\n|t:|1699897686\n|switch|p2a: Toxapex|Toxapex, M, shiny|100\/100\n|turn|18\n|\n|t:|1699897695\n|move|p1a: dagon|Protect|p1a: dagon\n|-singleturn|p1a: dagon|Protect\n|move|p2a: Toxapex|Return|p1a: dagon\n|-activate|p1a: dagon|move: Protect\n|\n|-heal|p1a: dagon|38\/100|[from] item: Leftovers\n|upkeep\n|turn|19\n|c| Great_Eon|Dammmmmmmmmm\n|\n|t:|1699897714\n|switch|p1a: nelson|Morgrem, M|100\/100\n|move|p2a: Toxapex|Return|p1a: nelson\n|-damage|p1a: nelson|67\/100\n|\n|upkeep\n|turn|20\n|\n|t:|1699897731\n|move|p1a: nelson|Reflect|p1a: nelson\n|-sidestart|p1: Rubenator_64|Reflect\n|move|p2a: Toxapex|Return|p1a: nelson\n|-damage|p1a: nelson|52\/100\n|\n|upkeep\n|turn|21\n|\n|t:|1699897743\n|move|p1a: nelson|Light Screen|p1a: nelson\n|-sidestart|p1: Rubenator_64|move: Light Screen\n|move|p2a: Toxapex|Return|p1a: nelson\n|-damage|p1a: nelson|37\/100\n|\n|upkeep\n|turn|22\n|\n|t:|1699897775\n|move|p1a: nelson|Parting Shot|p2a: Toxapex\n|-unboost|p2a: Toxapex|atk|1\n|-unboost|p2a: Toxapex|spa|1\n|\n|t:|1699897806\n|switch|p1a: obsal|Umbreon, F, shiny|100\/100|[from] Parting Shot\n|move|p2a: Toxapex|Return|p1a: obsal\n|-damage|p1a: obsal|96\/100\n|\n|-heal|p1a: obsal|100\/100|[from] item: Leftovers\n|upkeep\n|turn|23\n|j| Chamuscos\n|\n|t:|1699897832\n|move|p1a: obsal|Foul Play|p2a: Toxapex\n|-damage|p2a: Toxapex|83\/100\n|move|p2a: Toxapex|Knock Off|p1a: obsal\n|-resisted|p1a: obsal\n|-damage|p1a: obsal|98\/100\n|-enditem|p1a: obsal|Leftovers|[from] move: Knock Off|[of] p2a: Toxapex\n|\n|upkeep\n|turn|24\n|c| Great_Eon|Gah Dammmm1!!1!!!1!!!1!!!!\n|\n|t:|1699897857\n|switch|p1a: DX|Landorus-Therian, M|100\/100\n|-ability|p1a: DX|Intimidate|boost\n|-unboost|p2a: Toxapex|atk|1\n|switch|p2a: Greninja|Greninja, M, shiny|8\/100\n|\n|upkeep\n|turn|25\n|\n|t:|1699897870\n|move|p2a: Greninja|Waterfall|p1a: DX\n|-supereffective|p1a: DX\n|-damage|p1a: DX|49\/100\n|move|p1a: DX|U-turn|p2a: Greninja\n|-supereffective|p2a: Greninja\n|-damage|p2a: Greninja|0 fnt\n|faint|p2a: Greninja\n|c|\u2606Pokefelico|gg\n|c|\u2606Pokefelico|ya perdi\n|\n|t:|1699897892\n|switch|p1a: maxim|Ceruledge, F|100\/100|[from] U-turn\n|\n|upkeep\n|\n|t:|1699897896\n|switch|p2a: Toxapex|Toxapex, M, shiny|83\/100\n|turn|26\n|\n|t:|1699897906\n|move|p1a: maxim|Swords Dance|p1a: maxim\n|-boost|p1a: maxim|atk|2\n|move|p2a: Toxapex|Hydro Pump|p1a: maxim\n|-supereffective|p1a: maxim\n|-damage|p1a: maxim|71\/100\n|\n|upkeep\n|turn|27\n|\n|t:|1699897913\n|move|p1a: maxim|Close Combat|p2a: Toxapex\n|-resisted|p2a: Toxapex\n|-damage|p2a: Toxapex|52\/100\n|-unboost|p1a: maxim|def|1\n|-unboost|p1a: maxim|spd|1\n|move|p2a: Toxapex|Hydro Pump|p1a: maxim\n|-supereffective|p1a: maxim\n|-damage|p1a: maxim|34\/100\n|\n|-sideend|p1: Rubenator_64|Reflect\n|upkeep\n|turn|28\n|\n|t:|1699897955\n|switch|p1a: obsal|Umbreon, F, shiny|98\/100\n|move|p2a: Toxapex|Hydro Pump|p1a: obsal\n|-crit|p1a: obsal\n|-damage|p1a: obsal|77\/100\n|\n|-sideend|p1: Rubenator_64|move: Light Screen\n|upkeep\n|turn|29\n|\n|t:|1699897965\n|move|p1a: obsal|Wish|p1a: obsal\n|move|p2a: Toxapex|Hydro Pump|p1a: obsal|[miss]\n|-miss|p2a: Toxapex|p1a: obsal\n|\n|upkeep\n|turn|30\n|\n|t:|1699897971\n|move|p1a: obsal|Foul Play|p2a: Toxapex\n|-damage|p2a: Toxapex|28\/100\n|move|p2a: Toxapex|Return|p1a: obsal\n|-damage|p1a: obsal|62\/100\n|\n|-heal|p1a: obsal|100\/100|[from] move: Wish|[wisher] obsal\n|upkeep\n|turn|31\n|\n|t:|1699897980\n|move|p1a: obsal|Foul Play|p2a: Toxapex\n|-damage|p2a: Toxapex|3\/100\n|move|p2a: Toxapex|Hydro Pump|p1a: obsal\n|-damage|p1a: obsal|85\/100\n|\n|upkeep\n|turn|32\n|\n|t:|1699898004\n|move|p1a: obsal|Wish|p1a: obsal\n|move|p2a: Toxapex|Return|p1a: obsal\n|-damage|p1a: obsal|71\/100\n|\n|upkeep\n|turn|33\n|\n|t:|1699898009\n|move|p1a: obsal|Foul Play|p2a: Toxapex\n|-damage|p2a: Toxapex|0 fnt\n|faint|p2a: Toxapex\n|\n|-heal|p1a: obsal|100\/100|[from] move: Wish|[wisher] obsal\n|upkeep\n|\n|t:|1699898016\n|switch|p2a: Heracross|Heracross, F, shiny, tera:Bug|39\/100\n|turn|34\n|\n|t:|1699898032\n|-terastallize|p1a: obsal|Poison\n|move|p2a: Heracross|Bug Buzz|p1a: obsal\n|-resisted|p1a: obsal\n|-damage|p1a: obsal|93\/100\n|move|p1a: obsal|Foul Play|p2a: Heracross\n|-damage|p2a: Heracross|0 fnt\n|faint|p2a: Heracross\n|\n|win|Rubenator_64\n|l|\u2606Pokefelico\n|c|\u2606Rubenator_64|gg\n|c| Great_Eon|Lel\n|l| Chamuscos\n|l| Great_Eon\n|l| balutalol\n","uploadtime":1699898050,"views":15,"p1id":"rubenator64","p2id":"pokefelico","formatid":"gen9nationaldexubers","rating":0,"private":0,"password":""}