{"id":"gen9nationaldexubers-1984891329","p1":"MuMuelsyse","p2":"ThiccTeddyBo","format":"[Gen 9] National Dex Ubers","log":"|j|\u2606MuMuelsyse\n|j|\u203dThiccTeddyBo\n|t:|1699308082\n|gametype|singles\n|player|p1|MuMuelsyse|ingo|1367\n|player|p2|ThiccTeddyBo|ethan|1245\n|teamsize|p1|6\n|teamsize|p2|6\n|gen|9\n|tier|[Gen 9] National Dex Ubers\n|rated|\n|rule|HP Percentage Mod: HP is shown in percentages\n|rule|Endless Battle Clause: Forcing endless battles is banned\n|rule|OHKO Clause: OHKO moves are banned\n|rule|Evasion Moves Clause: Evasion moves are banned\n|rule|Evasion Items Clause: Evasion items are banned\n|rule|Species Clause: Limit one of each Pok\u00e9mon\n|rule|Sleep Clause Mod: Limit one foe put to sleep\n|rule|Mega Rayquaza Clause: You cannot mega evolve Rayquaza\n|clearpoke\n|poke|p1|Banette, M|\n|poke|p1|Zygarde|\n|poke|p1|Xerneas-*|\n|poke|p1|Necrozma-Dusk-Mane|\n|poke|p1|Meowscarada, F|\n|poke|p1|Ho-Oh|\n|poke|p2|Toxapex, F|\n|poke|p2|Garganacl, F|\n|poke|p2|Giratina-Origin|\n|poke|p2|Ting-Lu|\n|poke|p2|Skeledirge, M|\n|poke|p2|Blissey, F|\n|teampreview\n|inactive|Battle timer is ON: inactive players will automatically lose when time's up. (requested by MuMuelsyse)\n|inactive|ThiccTeddyBo has 120 seconds left.\n|c|\u2606MuMuelsyse|!dt salt cure\n|raw|<ul class=\"utilichart\"><li class=\"result\"><span class=\"col movenamecol\"><a href=\"https:\/\/dex.pokemonshowdown.com\/moves\/saltcure\">Salt Cure<\/a><\/span> <span class=\"col typecol\"><img src=\"\/\/play.pokemonshowdown.com\/sprites\/types\/Rock.png\" alt=\"Rock\" width=\"32\" height=\"14\"><img src=\"\/\/play.pokemonshowdown.com\/sprites\/categories\/Physical.png\" alt=\"Physical\" width=\"32\" height=\"14\"><\/span> <span class=\"col labelcol\"><em>Power<\/em><br>40<\/span> <span class=\"col widelabelcol\"><em>Accuracy<\/em><br>100%<\/span> <span class=\"col pplabelcol\"><em>PP<\/em><br>24<\/span> <span class=\"col movedesccol\">Deals 1\/8 max HP each turn; 1\/4 on Steel, Water.<\/span> <\/li><li style=\"clear:both\"><\/li><\/ul>\n|raw|<font size=\"1\"><font color=\"#686868\">Priority:<\/font> 0&nbsp;|&ThickSpace;<font color=\"#686868\">Gen:<\/font> 9&nbsp;|&ThickSpace;&#10003; Boosted by Sheer Force&nbsp;|&ThickSpace;<font color=\"#686868\">Z-Power:<\/font> 100&nbsp;|&ThickSpace;<font color=\"#686868\">Dynamax Power:<\/font> 90&nbsp;|&ThickSpace;<font color=\"#686868\">Target:<\/font> One Adjacent Pok\u00e9mon<\/font>\n\n|inactive|ThiccTeddyBo has 90 seconds left.\n|\n|t:|1699308153\n|start\n|switch|p1a: Fiametta|Ho-Oh, shiny|100\/100\n|switch|p2a: Toxapex|Toxapex, F|100\/100\n|turn|1\n|\n|t:|1699308164\n|move|p2a: Toxapex|Toxic|p1a: Fiametta\n|-status|p1a: Fiametta|tox\n|move|p1a: Fiametta|Whirlwind|p2a: Toxapex\n|drag|p2a: Blissey|Blissey, F|100\/100\n|\n|-damage|p1a: Fiametta|94\/100 tox|[from] psn\n|upkeep\n|turn|2\n|\n|t:|1699308177\n|switch|p2a: Toxapex|Toxapex, F|100\/100\n|move|p1a: Fiametta|Sacred Fire|p2a: Toxapex\n|-resisted|p2a: Toxapex\n|-damage|p2a: Toxapex|89\/100\n|\n|-damage|p1a: Fiametta|82\/100 tox|[from] psn\n|upkeep\n|turn|3\n|\n|t:|1699308183\n|move|p1a: Fiametta|Defog|p2a: Toxapex\n|-unboost|p2a: Toxapex|evasion|1\n|move|p2a: Toxapex|Infestation|p1a: Fiametta\n|-resisted|p1a: Fiametta\n|-damage|p1a: Fiametta|82\/100 tox\n|-activate|p1a: Fiametta|move: Infestation|[of] p2a: Toxapex\n|\n|-damage|p1a: Fiametta|64\/100 tox|[from] psn\n|-damage|p1a: Fiametta|52\/100 tox|[from] move: Infestation|[partiallytrapped]\n|upkeep\n|turn|4\n|\n|t:|1699308194\n|move|p2a: Toxapex|Toxic|p1a: Fiametta\n|-fail|p1a: Fiametta|tox\n|move|p1a: Fiametta|Whirlwind|p2a: Toxapex\n|drag|p2a: Giratina|Giratina-Origin|100\/100\n|\n|-damage|p1a: Fiametta|28\/100 tox|[from] psn\n|-end|p1a: Fiametta|Infestation|[partiallytrapped]|[silent]\n|upkeep\n|turn|5\n|\n|t:|1699308203\n|move|p1a: Fiametta|Toxic|p2a: Giratina\n|-status|p2a: Giratina|tox\n|move|p2a: Giratina|Dragon Tail|p1a: Fiametta\n|-damage|p1a: Fiametta|2\/100 tox\n|drag|p1a: Ebenholz|Banette, M, shiny|100\/100\n|-item|p2a: Giratina|Griseous Core|[from] ability: Frisk|[of] p1a: Ebenholz|[identify]\n|\n|-damage|p2a: Giratina|94\/100 tox|[from] psn\n|upkeep\n|turn|6\n|\n|t:|1699308213\n|switch|p2a: Blissey|Blissey, F|100\/100\n|detailschange|p1a: Ebenholz|Banette-Mega, M, shiny\n|-mega|p1a: Ebenholz|Banette|Banettite\n|move|p1a: Ebenholz|Encore||[still]\n|-fail|p1a: Ebenholz\n|\n|upkeep\n|turn|7\n|\n|t:|1699308229\n|move|p1a: Ebenholz|Taunt|p2a: Blissey\n|-start|p2a: Blissey|move: Taunt\n|move|p2a: Blissey|Shadow Ball|p1a: Ebenholz\n|-supereffective|p1a: Ebenholz\n|-damage|p1a: Ebenholz|77\/100\n|\n|upkeep\n|turn|8\n|\n|t:|1699308247\n|switch|p1a: Kyaru|Meowscarada, F, shiny|100\/100\n|move|p2a: Blissey|Shadow Ball|p1a: Kyaru\n|-resisted|p1a: Kyaru\n|-damage|p1a: Kyaru|90\/100\n|\n|upkeep\n|turn|9\n|\n|t:|1699308257\n|switch|p2a: Toxapex|Toxapex, F|100\/100\n|move|p1a: Kyaru|Knock Off|p2a: Toxapex\n|-start|p1a: Kyaru|typechange|Dark|[from] ability: Protean\n|-damage|p2a: Toxapex|59\/100\n|-damage|p1a: Kyaru|73\/100|[from] item: Rocky Helmet|[of] p2a: Toxapex\n|-enditem|p2a: Toxapex|Rocky Helmet|[from] move: Knock Off|[of] p1a: Kyaru\n|\n|upkeep\n|turn|10\n|\n|t:|1699308264\n|switch|p1a: Suzuran|Necrozma-Dusk-Mane, shiny|100\/100\n|move|p2a: Toxapex|Recover|p2a: Toxapex\n|-heal|p2a: Toxapex|100\/100\n|\n|upkeep\n|turn|11\n|\n|t:|1699308280\n|move|p1a: Suzuran|Dragon Dance|p1a: Suzuran\n|-boost|p1a: Suzuran|atk|1\n|-boost|p1a: Suzuran|spe|1\n|move|p2a: Toxapex|Haze|p2a: Toxapex\n|-clearallboost\n|\n|upkeep\n|turn|12\n|\n|t:|1699308290\n|switch|p2a: Ting-Lu|Ting-Lu|100\/100\n|-ability|p2a: Ting-Lu|Vessel of Ruin\n|move|p1a: Suzuran|Photon Geyser|p2a: Ting-Lu\n|-immune|p2a: Ting-Lu\n|\n|upkeep\n|turn|13\n|inactive|ThiccTeddyBo has 120 seconds left.\n|\n|t:|1699308322\n|switch|p1a: Fiametta|Ho-Oh, shiny|35\/100 tox\n|move|p2a: Ting-Lu|Taunt|p1a: Fiametta\n|-start|p1a: Fiametta|move: Taunt\n|\n|-damage|p1a: Fiametta|29\/100 tox|[from] psn\n|upkeep\n|turn|14\n|\n|t:|1699308332\n|switch|p1a: Kyaru|Meowscarada, F, shiny|73\/100\n|move|p2a: Ting-Lu|Spikes|p1a: Kyaru\n|-sidestart|p1: MuMuelsyse|Spikes\n|\n|upkeep\n|turn|15\n|\n|t:|1699308352\n|move|p1a: Kyaru|U-turn|p2a: Ting-Lu\n|-start|p1a: Kyaru|typechange|Bug|[from] ability: Protean\n|-supereffective|p2a: Ting-Lu\n|-damage|p2a: Ting-Lu|46\/100\n|\n|t:|1699308362\n|switch|p1a: Ebenholz|Banette-Mega, M, shiny|77\/100|[from] U-turn\n|-damage|p1a: Ebenholz|65\/100|[from] Spikes\n|move|p2a: Ting-Lu|Spikes|p1a: Ebenholz\n|-sidestart|p1: MuMuelsyse|Spikes\n|\n|-heal|p2a: Ting-Lu|52\/100|[from] item: Leftovers\n|upkeep\n|turn|16\n|inactive|ThiccTeddyBo has 120 seconds left.\n|\n|t:|1699308414\n|switch|p1a: Fiametta|Ho-Oh, shiny|63\/100 tox\n|move|p2a: Ting-Lu|Ruination|p1a: Fiametta\n|-damage|p1a: Fiametta|32\/100 tox\n|\n|-heal|p2a: Ting-Lu|58\/100|[from] item: Leftovers\n|-damage|p1a: Fiametta|26\/100 tox|[from] psn\n|upkeep\n|turn|17\n|\n|t:|1699308424\n|switch|p2a: Toxapex|Toxapex, F|100\/100\n|move|p1a: Fiametta|Defog|p2a: Toxapex\n|-unboost|p2a: Toxapex|evasion|1\n|-sideend|p1: MuMuelsyse|Spikes|[from] move: Defog|[of] p1a: Fiametta\n|\n|-damage|p1a: Fiametta|14\/100 tox|[from] psn\n|upkeep\n|turn|18\n|\n|t:|1699308431\n|switch|p1a: Suzuran|Necrozma-Dusk-Mane, shiny|100\/100\n|move|p2a: Toxapex|Infestation|p1a: Suzuran\n|-damage|p1a: Suzuran|97\/100\n|-activate|p1a: Suzuran|move: Infestation|[of] p2a: Toxapex\n|\n|-damage|p1a: Suzuran|85\/100|[from] move: Infestation|[partiallytrapped]\n|upkeep\n|turn|19\n|\n|t:|1699308453\n|switch|p2a: Skeledirge|Skeledirge, M|100\/100\n|move|p1a: Suzuran|Photon Geyser|p2a: Skeledirge\n|-damage|p2a: Skeledirge|65\/100\n|\n|-end|p1a: Suzuran|Infestation|[partiallytrapped]|[silent]\n|upkeep\n|turn|20\n|\n|t:|1699308467\n|move|p1a: Suzuran|Dragon Dance|p1a: Suzuran\n|-boost|p1a: Suzuran|atk|1\n|-boost|p1a: Suzuran|spe|1\n|move|p2a: Skeledirge|Torch Song|p1a: Suzuran\n|-supereffective|p1a: Suzuran\n|-damage|p1a: Suzuran|40\/100\n|-boost|p2a: Skeledirge|spa|1\n|\n|upkeep\n|turn|21\n|\n|t:|1699308479\n|detailschange|p1a: Suzuran|Necrozma-Ultra, shiny\n|-burst|p1a: Suzuran|Necrozma|Ultranecrozium Z\n|move|p1a: Suzuran|Photon Geyser|p2a: Skeledirge\n|-damage|p2a: Skeledirge|5\/100\n|move|p2a: Skeledirge|Torch Song|p1a: Suzuran\n|-resisted|p1a: Suzuran\n|-damage|p1a: Suzuran|14\/100\n|-boost|p2a: Skeledirge|spa|1\n|\n|upkeep\n|turn|22\n|\n|t:|1699308501\n|move|p1a: Suzuran|Earthquake|p2a: Skeledirge\n|-supereffective|p2a: Skeledirge\n|-crit|p2a: Skeledirge\n|-damage|p2a: Skeledirge|0 fnt\n|faint|p2a: Skeledirge\n|\n|upkeep\n|inactive|ThiccTeddyBo has 90 seconds left.\n|\n|t:|1699308513\n|switch|p2a: Blissey|Blissey, F|100\/100\n|turn|23\n|\n|t:|1699308531\n|-zpower|p1a: Suzuran\n|move|p1a: Suzuran|Light That Burns the Sky|p2a: Blissey|[zeffect]\n|-damage|p2a: Blissey|0 fnt\n|faint|p2a: Blissey\n|\n|upkeep\n|\n|t:|1699308537\n|switch|p2a: Giratina|Giratina-Origin|94\/100 tox\n|turn|24\n|\n|t:|1699308546\n|move|p1a: Suzuran|Photon Geyser|p2a: Giratina\n|-damage|p2a: Giratina|48\/100 tox\n|move|p2a: Giratina|Dragon Tail|p1a: Suzuran\n|-supereffective|p1a: Suzuran\n|-damage|p1a: Suzuran|0 fnt\n|faint|p1a: Suzuran\n|\n|-damage|p2a: Giratina|42\/100 tox|[from] psn\n|upkeep\n|\n|t:|1699308564\n|switch|p1a: Viviana|Xerneas, shiny|100\/100\n|-ability|p1a: Viviana|Fairy Aura\n|turn|25\n|\n|t:|1699308584\n|switch|p2a: Toxapex|Toxapex, F|100\/100\n|move|p1a: Viviana|Geomancy||[still]\n|-prepare|p1a: Viviana|Geomancy\n|-enditem|p1a: Viviana|Power Herb\n|-anim|p1a: Viviana|Geomancy|p1a: Viviana\n|-boost|p1a: Viviana|spa|2\n|-boost|p1a: Viviana|spd|2\n|-boost|p1a: Viviana|spe|2\n|\n|upkeep\n|turn|26\n|inactive|ThiccTeddyBo has 90 seconds left.\n|\n|t:|1699308605\n|-terastallize|p1a: Viviana|Electric\n|-terastallize|p2a: Toxapex|Fairy\n|move|p1a: Viviana|Thunderbolt|p2a: Toxapex\n|-damage|p2a: Toxapex|15\/100\n|-status|p2a: Toxapex|par\n|move|p2a: Toxapex|Haze|p2a: Toxapex\n|-clearallboost\n|\n|upkeep\n|turn|27\n|inactive|ThiccTeddyBo has 90 seconds left.\n|\n|t:|1699308616\n|switch|p2a: Garganacl|Garganacl, F|100\/100\n|move|p1a: Viviana|Geomancy||[still]\n|-prepare|p1a: Viviana|Geomancy\n|\n|upkeep\n|turn|28\n|\n|t:|1699308621\n|move|p1a: Viviana|Geomancy|p1a: Viviana|[from]lockedmove\n|-boost|p1a: Viviana|spa|2\n|-boost|p1a: Viviana|spd|2\n|-boost|p1a: Viviana|spe|2\n|move|p2a: Garganacl|Salt Cure|p1a: Viviana\n|-damage|p1a: Viviana|90\/100\n|-start|p1a: Viviana|Salt Cure\n|\n|-damage|p1a: Viviana|78\/100|[from] Salt Cure\n|upkeep\n|turn|29\n|\n|t:|1699308635\n|move|p1a: Viviana|Moonblast|p2a: Garganacl\n|-damage|p2a: Garganacl|10\/100\n|move|p2a: Garganacl|Salt Cure|p1a: Viviana\n|-damage|p1a: Viviana|67\/100\n|\n|-heal|p2a: Garganacl|16\/100|[from] item: Leftovers\n|-damage|p1a: Viviana|55\/100|[from] Salt Cure\n|upkeep\n|turn|30\n|\n|t:|1699308646\n|move|p1a: Viviana|Draining Kiss|p2a: Garganacl\n|-damage|p2a: Garganacl|0 fnt\n|-heal|p1a: Viviana|65\/100|[from] drain|[of] p2a: Garganacl\n|faint|p2a: Garganacl\n|\n|-damage|p1a: Viviana|53\/100|[from] Salt Cure\n|upkeep\n|\n|t:|1699308652\n|switch|p2a: Toxapex|Toxapex, F, tera:Fairy|49\/100 par\n|turn|31\n|\n|t:|1699308666\n|switch|p2a: Giratina|Giratina-Origin|42\/100 tox\n|move|p1a: Viviana|Draining Kiss|p2a: Giratina\n|-supereffective|p2a: Giratina\n|-damage|p2a: Giratina|0 fnt\n|-heal|p1a: Viviana|87\/100|[from] drain|[of] p2a: Giratina\n|faint|p2a: Giratina\n|\n|-damage|p1a: Viviana|75\/100|[from] Salt Cure\n|upkeep\n|c|\u2606MuMuelsyse|cute stall\n|c|\u2606MuMuelsyse|really cute\n|inactive|ThiccTeddyBo has 90 seconds left.\n|inactive|ThiccTeddyBo has 60 seconds left.\n|\n|t:|1699308727\n|switch|p2a: Toxapex|Toxapex, F, tera:Fairy|82\/100 par\n|turn|32\n|inactive|ThiccTeddyBo has 60 seconds left.\n|\n|t:|1699308735\n|move|p1a: Viviana|Moonblast|p2a: Toxapex\n|-damage|p2a: Toxapex|0 fnt\n|faint|p2a: Toxapex\n|\n|-damage|p1a: Viviana|62\/100|[from] Salt Cure\n|upkeep\n|inactive|ThiccTeddyBo has 60 seconds left.\n|-message|ThiccTeddyBo forfeited.\n|\n|win|MuMuelsyse\n|raw|MuMuelsyse's rating: 1367 &rarr; <strong>1380<\/strong><br \/>(+13 for winning)\n|raw|ThiccTeddyBo's rating: 1245 &rarr; <strong>1228<\/strong><br \/>(-17 for losing)\n|l|\u203dThiccTeddyBo\n|c|\u2606MuMuelsyse|gg\n|c|\u2606MuMuelsyse|very cute stall\n","uploadtime":1699308751,"views":9,"p1id":"mumuelsyse","p2id":"thiccteddybo","formatid":"gen9nationaldexubers","rating":1228,"private":0,"password":""}