{"id":"gen9nationaldexubers-1991978293","p1":"zooz da tromp","p2":"vailorn","format":"[Gen 9] National Dex Ubers","log":"|j|\u2606zooz da tromp\n|j|\u2606vailorn\n|t:|1700144522\n|gametype|singles\n|player|p1|zooz da tromp|102|1654\n|player|p2|vailorn|170|1618\n|teamsize|p1|6\n|teamsize|p2|6\n|gen|9\n|tier|[Gen 9] National Dex Ubers\n|rated|\n|rule|HP Percentage Mod: HP is shown in percentages\n|rule|Endless Battle Clause: Forcing endless battles is banned\n|rule|OHKO Clause: OHKO moves are banned\n|rule|Evasion Moves Clause: Evasion moves are banned\n|rule|Evasion Items Clause: Evasion items are banned\n|rule|Species Clause: Limit one of each Pok\u00e9mon\n|rule|Sleep Clause Mod: Limit one foe put to sleep\n|rule|Mega Rayquaza Clause: You cannot mega evolve Rayquaza\n|clearpoke\n|poke|p1|Dondozo, M|\n|poke|p1|Ho-Oh|\n|poke|p1|Arceus-Dark|\n|poke|p1|Eternatus|\n|poke|p1|Yveltal|\n|poke|p1|Groudon|\n|poke|p2|Giratina|\n|poke|p2|Dondozo, F|\n|poke|p2|Chansey, F|\n|poke|p2|Tyranitar, M|\n|poke|p2|Ho-Oh|\n|poke|p2|Mewtwo|\n|teampreview\n|inactive|Battle timer is ON: inactive players will automatically lose when time's up. (requested by vailorn)\n|\n|t:|1700144552\n|start\n|switch|p1a: Groudon|Groudon|100\/100\n|switch|p2a: Erebus|Tyranitar, M, shiny|100\/100\n|-weather|Sandstorm|[from] ability: Sand Stream|[of] p2a: Erebus\n|detailschange|p1a: Groudon|Groudon-Primal\n|-primal|p1a: Groudon|Red Orb\n|-weather|DesolateLand|[from] ability: Desolate Land|[of] p1a: Groudon\n|turn|1\n|\n|t:|1700144560\n|detailschange|p2a: Erebus|Tyranitar-Mega, M, shiny\n|-mega|p2a: Erebus|Tyranitar|Tyranitarite\n|-ability|p2a: Erebus|Sand Stream|[from] desolateland|[fail]\n|move|p1a: Groudon|Spikes|p2a: Erebus\n|-sidestart|p2: vailorn|Spikes\n|move|p2a: Erebus|Toxic|p1a: Groudon\n|-status|p1a: Groudon|tox\n|\n|-weather|DesolateLand|[upkeep]\n|-damage|p1a: Groudon|94\/100 tox|[from] psn\n|upkeep\n|turn|2\n|\n|t:|1700144569\n|switch|p2a: Chaos|Giratina, shiny|100\/100\n|-damage|p2a: Chaos|88\/100|[from] Spikes\n|-ability|p2a: Chaos|Pressure\n|move|p1a: Groudon|Toxic|p2a: Chaos\n|-status|p2a: Chaos|tox\n|\n|-weather|DesolateLand|[upkeep]\n|-heal|p2a: Chaos|94\/100 tox|[from] item: Leftovers\n|-damage|p1a: Groudon|82\/100 tox|[from] psn\n|-damage|p2a: Chaos|88\/100 tox|[from] psn\n|upkeep\n|turn|3\n|\n|t:|1700144580\n|-weather|none\n|switch|p1a: Eternatus|Eternatus|100\/100\n|-ability|p1a: Eternatus|Pressure\n|move|p2a: Chaos|Defog|p1a: Eternatus\n|-unboost|p1a: Eternatus|evasion|1\n|-sideend|p2: vailorn|Spikes|[from] move: Defog|[of] p2a: Chaos\n|\n|-heal|p2a: Chaos|94\/100 tox|[from] item: Leftovers\n|-damage|p2a: Chaos|82\/100 tox|[from] psn\n|upkeep\n|turn|4\n|\n|t:|1700144590\n|switch|p2a: Hyperion|Mewtwo, shiny|100\/100\n|-ability|p2a: Hyperion|Pressure\n|move|p1a: Eternatus|Toxic Spikes|p2a: Hyperion\n|-sidestart|p2: vailorn|move: Toxic Spikes\n|\n|upkeep\n|turn|5\n|\n|t:|1700144606\n|switch|p2a: Helios|Ho-Oh, shiny|100\/100\n|switch|p1a: Ho-Oh|Ho-Oh|100\/100\n|\n|upkeep\n|turn|6\n|\n|t:|1700144611\n|move|p2a: Helios|Toxic|p1a: Ho-Oh\n|-status|p1a: Ho-Oh|tox\n|move|p1a: Ho-Oh|Toxic|p2a: Helios\n|-status|p2a: Helios|tox\n|\n|-damage|p1a: Ho-Oh|94\/100 tox|[from] psn\n|-damage|p2a: Helios|94\/100 tox|[from] psn\n|upkeep\n|turn|7\n|\n|t:|1700144620\n|switch|p1a: Eternatus|Eternatus|100\/100\n|-ability|p1a: Eternatus|Pressure\n|move|p2a: Helios|Defog|p1a: Eternatus\n|-unboost|p1a: Eternatus|evasion|1\n|-sideend|p2: vailorn|Toxic Spikes|[from] move: Defog|[of] p2a: Helios\n|\n|-damage|p2a: Helios|82\/100 tox|[from] psn\n|upkeep\n|turn|8\n|\n|t:|1700144635\n|switch|p1a: Yveltal|Yveltal|100\/100\n|-ability|p1a: Yveltal|Dark Aura\n|switch|p2a: Hyperion|Mewtwo, shiny|100\/100\n|-ability|p2a: Hyperion|Pressure\n|\n|upkeep\n|turn|9\n|\n|t:|1700144646\n|switch|p2a: Erebus|Tyranitar-Mega, M, shiny|100\/100\n|-weather|Sandstorm|[from] ability: Sand Stream|[of] p2a: Erebus\n|switch|p1a: Groudon|Groudon-Primal|82\/100 tox\n|-weather|DesolateLand|[from] ability: Desolate Land|[of] p1a: Groudon\n|\n|-weather|DesolateLand|[upkeep]\n|-damage|p1a: Groudon|76\/100 tox|[from] psn\n|upkeep\n|turn|10\n|\n|t:|1700144657\n|-weather|none\n|switch|p1a: Arceus|Arceus-Dark|100\/100\n|switch|p2a: Chaos|Giratina, shiny|82\/100 tox\n|-ability|p2a: Chaos|Pressure\n|\n|-heal|p2a: Chaos|88\/100 tox|[from] item: Leftovers\n|-damage|p2a: Chaos|82\/100 tox|[from] psn\n|upkeep\n|turn|11\n|\n|t:|1700144668\n|switch|p2a: Epione|Chansey, F, shiny|100\/100\n|move|p1a: Arceus|Taunt|p2a: Epione\n|-start|p2a: Epione|move: Taunt\n|\n|upkeep\n|turn|12\n|\n|t:|1700144686\n|switch|p1a: Eternatus|Eternatus|100\/100\n|-ability|p1a: Eternatus|Pressure\n|move|p2a: Epione|Seismic Toss|p1a: Eternatus\n|-damage|p1a: Eternatus|80\/100\n|\n|-heal|p1a: Eternatus|86\/100|[from] item: Black Sludge\n|upkeep\n|turn|13\n|\n|t:|1700144697\n|switch|p2a: Hyperion|Mewtwo, shiny|100\/100\n|-ability|p2a: Hyperion|Pressure\n|move|p1a: Eternatus|Toxic Spikes|p2a: Hyperion\n|-sidestart|p2: vailorn|move: Toxic Spikes\n|\n|-heal|p1a: Eternatus|92\/100|[from] item: Black Sludge\n|upkeep\n|turn|14\n|\n|t:|1700144706\n|switch|p1a: Yveltal|Yveltal|100\/100\n|-ability|p1a: Yveltal|Dark Aura\n|move|p2a: Hyperion|Will-O-Wisp|p1a: Yveltal\n|-status|p1a: Yveltal|brn\n|\n|-damage|p1a: Yveltal|94\/100 brn|[from] brn\n|upkeep\n|turn|15\n|\n|t:|1700144714\n|switch|p2a: Helios|Ho-Oh, shiny|100\/100 tox\n|move|p1a: Yveltal|Knock Off|p2a: Helios\n|-damage|p2a: Helios|80\/100 tox\n|-enditem|p2a: Helios|Heavy-Duty Boots|[from] move: Knock Off|[of] p1a: Yveltal\n|\n|-heal|p1a: Yveltal|100\/100 brn|[from] item: Leftovers\n|-damage|p2a: Helios|74\/100 tox|[from] psn\n|-damage|p1a: Yveltal|94\/100 brn|[from] brn\n|upkeep\n|turn|16\n|\n|t:|1700144725\n|move|p1a: Yveltal|Knock Off|p2a: Helios\n|-damage|p2a: Helios|62\/100 tox\n|move|p2a: Helios|Defog|p1a: Yveltal\n|-unboost|p1a: Yveltal|evasion|1\n|-sideend|p2: vailorn|Toxic Spikes|[from] move: Defog|[of] p2a: Helios\n|\n|-heal|p1a: Yveltal|100\/100 brn|[from] item: Leftovers\n|-damage|p2a: Helios|50\/100 tox|[from] psn\n|-damage|p1a: Yveltal|94\/100 brn|[from] brn\n|upkeep\n|turn|17\n|\n|t:|1700144735\n|switch|p1a: Arceus|Arceus-Dark|100\/100\n|switch|p2a: Erebus|Tyranitar-Mega, M, shiny|100\/100\n|-weather|Sandstorm|[from] ability: Sand Stream|[of] p2a: Erebus\n|\n|-weather|Sandstorm|[upkeep]\n|-damage|p1a: Arceus|94\/100|[from] Sandstorm\n|upkeep\n|turn|18\n|\n|t:|1700144745\n|switch|p1a: Eternatus|Eternatus|92\/100\n|-ability|p1a: Eternatus|Pressure\n|switch|p2a: Epione|Chansey, F, shiny|100\/100\n|\n|-weather|Sandstorm|[upkeep]\n|-damage|p1a: Eternatus|86\/100|[from] Sandstorm\n|-damage|p2a: Epione|94\/100|[from] Sandstorm\n|-heal|p1a: Eternatus|92\/100|[from] item: Black Sludge\n|upkeep\n|turn|19\n|\n|t:|1700144756\n|move|p1a: Eternatus|Sludge Bomb|p2a: Epione\n|-damage|p2a: Epione|83\/100\n|move|p2a: Epione|Heal Bell|p2a: Epione\n|-activate|p2a: Epione|move: Heal Bell\n|-curestatus|p2: Chaos|tox|[msg]\n|-curestatus|p2: Helios|tox|[msg]\n|\n|-weather|Sandstorm|[upkeep]\n|-damage|p1a: Eternatus|86\/100|[from] Sandstorm\n|-damage|p2a: Epione|77\/100|[from] Sandstorm\n|-heal|p1a: Eternatus|92\/100|[from] item: Black Sludge\n|upkeep\n|turn|20\n|\n|t:|1700144768\n|move|p1a: Eternatus|Toxic Spikes|p2a: Epione\n|-sidestart|p2: vailorn|move: Toxic Spikes\n|move|p2a: Epione|Seismic Toss|p1a: Eternatus\n|-damage|p1a: Eternatus|72\/100\n|\n|-weather|Sandstorm|[upkeep]\n|-damage|p1a: Eternatus|65\/100|[from] Sandstorm\n|-damage|p2a: Epione|71\/100|[from] Sandstorm\n|-heal|p1a: Eternatus|72\/100|[from] item: Black Sludge\n|upkeep\n|turn|21\n|\n|t:|1700144776\n|switch|p2a: Helios|Ho-Oh, shiny|83\/100\n|move|p1a: Eternatus|Sludge Bomb|p2a: Helios\n|-damage|p2a: Helios|58\/100\n|\n|-weather|none\n|-heal|p1a: Eternatus|78\/100|[from] item: Black Sludge\n|upkeep\n|turn|22\n|\n|t:|1700144783\n|move|p1a: Eternatus|Sludge Bomb|p2a: Helios\n|-damage|p2a: Helios|35\/100\n|move|p2a: Helios|Defog|p1a: Eternatus\n|-unboost|p1a: Eternatus|evasion|1\n|-sideend|p2: vailorn|Toxic Spikes|[from] move: Defog|[of] p2a: Helios\n|\n|-heal|p1a: Eternatus|84\/100|[from] item: Black Sludge\n|upkeep\n|turn|23\n|\n|t:|1700144793\n|switch|p2a: Hyperion|Mewtwo, shiny|100\/100\n|-ability|p2a: Hyperion|Pressure\n|move|p1a: Eternatus|Toxic Spikes|p2a: Hyperion\n|-sidestart|p2: vailorn|move: Toxic Spikes\n|\n|-heal|p1a: Eternatus|90\/100|[from] item: Black Sludge\n|upkeep\n|turn|24\n|\n|t:|1700144801\n|switch|p2a: Helios|Ho-Oh, shiny|68\/100\n|move|p1a: Eternatus|Sludge Bomb|p2a: Helios\n|-damage|p2a: Helios|45\/100\n|-status|p2a: Helios|psn\n|\n|-heal|p1a: Eternatus|96\/100|[from] item: Black Sludge\n|-damage|p2a: Helios|33\/100 psn|[from] psn\n|upkeep\n|turn|25\n|c|\u2606vailorn|???\n|\n|t:|1700144813\n|switch|p2a: Hyperion|Mewtwo, shiny|100\/100\n|-status|p2a: Hyperion|psn\n|-ability|p2a: Hyperion|Pressure\n|-terastallize|p1a: Eternatus|Poison\n|move|p1a: Eternatus|Sludge Bomb|p2a: Hyperion\n|-damage|p2a: Hyperion|50\/100 psn\n|\n|-heal|p1a: Eternatus|100\/100|[from] item: Black Sludge\n|-damage|p2a: Hyperion|38\/100 psn|[from] psn\n|upkeep\n|turn|26\n|\n|t:|1700144825\n|move|p2a: Hyperion|Psystrike|p1a: Eternatus\n|-supereffective|p1a: Eternatus\n|-damage|p1a: Eternatus|35\/100\n|move|p1a: Eternatus|Sludge Bomb|p2a: Hyperion\n|-crit|p2a: Hyperion\n|-damage|p2a: Hyperion|0 fnt\n|faint|p2a: Hyperion\n|\n|-heal|p1a: Eternatus|41\/100|[from] item: Black Sludge\n|upkeep\n|-message|vailorn forfeited.\n|\n|win|zooz da tromp\n|raw|zooz da tromp's rating: 1654 &rarr; <strong>1672<\/strong><br \/>(+18 for winning)\n|raw|vailorn's rating: 1618 &rarr; <strong>1600<\/strong><br \/>(-18 for losing)\n|l|\u2606vailorn\n|l|\u2606zooz da tromp\n","uploadtime":1700145025,"views":9,"p1id":"zoozdatromp","p2id":"vailorn","formatid":"gen9nationaldexubers","rating":1600,"private":0,"password":""}