{"id":"gen9nationaldexubers-1985982237","p1":"1 em trach thu","p2":"SystemSeven","format":"[Gen 9] National Dex Ubers","log":"|j|\u26061 em trach thu\n|j|\u2606SystemSeven\n|t:|1699433713\n|gametype|singles\n|player|p1|1 em trach thu|102|1567\n|player|p2|SystemSeven|1|1700\n|teamsize|p1|6\n|teamsize|p2|6\n|gen|9\n|tier|[Gen 9] National Dex Ubers\n|rated|\n|rule|HP Percentage Mod: HP is shown in percentages\n|rule|Endless Battle Clause: Forcing endless battles is banned\n|rule|OHKO Clause: OHKO moves are banned\n|rule|Evasion Moves Clause: Evasion moves are banned\n|rule|Evasion Items Clause: Evasion items are banned\n|rule|Species Clause: Limit one of each Pok\u00e9mon\n|rule|Sleep Clause Mod: Limit one foe put to sleep\n|rule|Mega Rayquaza Clause: You cannot mega evolve Rayquaza\n|clearpoke\n|poke|p1|Kyogre|\n|poke|p1|Groudon|\n|poke|p1|Zacian-*|\n|poke|p1|Arceus|\n|poke|p1|Rayquaza|\n|poke|p1|Banette, M|\n|poke|p2|Groudon|\n|poke|p2|Necrozma-Dusk-Mane|\n|poke|p2|Ho-Oh|\n|poke|p2|Arceus-Dark|\n|poke|p2|Kyogre|\n|poke|p2|Zacian-*|\n|teampreview\n|inactive|Battle timer is ON: inactive players will automatically lose when time's up. (requested by 1 em trach thu)\n|\n|t:|1699433728\n|start\n|switch|p1a: Arceus|Arceus|100\/100\n|switch|p2a: Arceus|Arceus-Dark|100\/100\n|turn|1\n|\n|t:|1699433735\n|move|p1a: Arceus|Toxic|p2a: Arceus\n|-status|p2a: Arceus|tox\n|move|p2a: Arceus|Foul Play|p1a: Arceus\n|-damage|p1a: Arceus|71\/100\n|\n|-heal|p1a: Arceus|77\/100|[from] item: Leftovers\n|-damage|p2a: Arceus|94\/100 tox|[from] psn\n|upkeep\n|turn|2\n|\n|t:|1699433745\n|move|p1a: Arceus|Stealth Rock|p2a: Arceus\n|-sidestart|p2: SystemSeven|move: Stealth Rock\n|move|p2a: Arceus|Toxic|p1a: Arceus\n|-status|p1a: Arceus|tox\n|\n|-heal|p1a: Arceus|83\/100 tox|[from] item: Leftovers\n|-damage|p1a: Arceus|77\/100 tox|[from] psn\n|-damage|p2a: Arceus|82\/100 tox|[from] psn\n|upkeep\n|turn|3\n|\n|t:|1699433756\n|move|p1a: Arceus|Extreme Speed|p2a: Arceus\n|-damage|p2a: Arceus|64\/100 tox\n|move|p2a: Arceus|Taunt|p1a: Arceus\n|-start|p1a: Arceus|move: Taunt\n|\n|-heal|p1a: Arceus|83\/100 tox|[from] item: Leftovers\n|-damage|p1a: Arceus|71\/100 tox|[from] psn\n|-damage|p2a: Arceus|45\/100 tox|[from] psn\n|upkeep\n|turn|4\n|\n|t:|1699433768\n|move|p1a: Arceus|Extreme Speed|p2a: Arceus\n|-damage|p2a: Arceus|27\/100 tox\n|move|p2a: Arceus|Recover|p2a: Arceus\n|-heal|p2a: Arceus|78\/100 tox\n|\n|-heal|p1a: Arceus|77\/100 tox|[from] item: Leftovers\n|-damage|p1a: Arceus|59\/100 tox|[from] psn\n|-damage|p2a: Arceus|53\/100 tox|[from] psn\n|upkeep\n|turn|5\n|\n|t:|1699433779\n|switch|p2a: Necrozma|Necrozma-Dusk-Mane|100\/100\n|-damage|p2a: Necrozma|94\/100|[from] Stealth Rock\n|move|p1a: Arceus|Extreme Speed|p2a: Necrozma\n|-resisted|p2a: Necrozma\n|-damage|p2a: Necrozma|85\/100\n|-damage|p1a: Arceus|42\/100 tox|[from] item: Rocky Helmet|[of] p2a: Necrozma\n|\n|-heal|p1a: Arceus|48\/100 tox|[from] item: Leftovers\n|-damage|p1a: Arceus|24\/100 tox|[from] psn\n|upkeep\n|turn|6\n|\n|t:|1699433792\n|switch|p1a: Banette|Banette, M|100\/100\n|-item|p2a: Necrozma|Rocky Helmet|[from] ability: Frisk|[of] p1a: Banette|[identify]\n|move|p2a: Necrozma|Stealth Rock|p1a: Banette\n|-sidestart|p1: 1 em trach thu|move: Stealth Rock\n|\n|upkeep\n|turn|7\n|\n|t:|1699433805\n|switch|p2a: Arceus|Arceus-Dark|53\/100 tox\n|-damage|p2a: Arceus|41\/100 tox|[from] Stealth Rock\n|detailschange|p1a: Banette|Banette-Mega, M\n|-mega|p1a: Banette|Banette|Banettite\n|move|p1a: Banette|Knock Off|p2a: Arceus\n|-resisted|p2a: Arceus\n|-damage|p2a: Arceus|32\/100 tox\n|\n|-damage|p2a: Arceus|26\/100 tox|[from] psn\n|upkeep\n|turn|8\n|\n|t:|1699433824\n|switch|p1a: Groudon|Groudon|100\/100\n|-damage|p1a: Groudon|94\/100|[from] Stealth Rock\n|detailschange|p1a: Groudon|Groudon-Primal\n|-primal|p1a: Groudon|Red Orb\n|-weather|DesolateLand|[from] ability: Desolate Land|[of] p1a: Groudon\n|move|p2a: Arceus|Recover|p2a: Arceus\n|-heal|p2a: Arceus|76\/100 tox\n|\n|-weather|DesolateLand|[upkeep]\n|-damage|p2a: Arceus|64\/100 tox|[from] psn\n|upkeep\n|turn|9\n|\n|t:|1699433846\n|move|p2a: Arceus|Toxic|p1a: Groudon\n|-status|p1a: Groudon|tox\n|move|p1a: Groudon|Heat Crash|p2a: Arceus\n|-damage|p2a: Arceus|21\/100 tox\n|\n|-weather|DesolateLand|[upkeep]\n|-damage|p2a: Arceus|2\/100 tox|[from] psn\n|-damage|p1a: Groudon|88\/100 tox|[from] psn\n|upkeep\n|turn|10\n|\n|t:|1699433855\n|-weather|none\n|switch|p1a: Arceus|Arceus|24\/100 tox\n|-damage|p1a: Arceus|12\/100 tox|[from] Stealth Rock\n|move|p2a: Arceus|Foul Play|p1a: Arceus\n|-damage|p1a: Arceus|0 fnt\n|faint|p1a: Arceus\n|\n|-damage|p2a: Arceus|0 fnt|[from] psn\n|faint|p2a: Arceus\n|upkeep\n|\n|t:|1699433869\n|switch|p1a: Groudon|Groudon-Primal|88\/100 tox\n|switch|p2a: Groudon|Groudon|100\/100\n|-damage|p2a: Groudon|94\/100|[from] Stealth Rock\n|-damage|p1a: Groudon|76\/100 tox|[from] Stealth Rock\n|-weather|DesolateLand|[from] ability: Desolate Land|[of] p1a: Groudon\n|detailschange|p2a: Groudon|Groudon-Primal\n|-primal|p2a: Groudon|Red Orb\n|turn|11\n|\n|t:|1699433887\n|switch|p1a: Rayquaza|Rayquaza|100\/100\n|-damage|p1a: Rayquaza|76\/100|[from] Stealth Rock\n|-ability|p1a: Rayquaza|Air Lock\n|move|p2a: Groudon|Stone Edge|p1a: Rayquaza\n|-supereffective|p1a: Rayquaza\n|-damage|p1a: Rayquaza|0 fnt\n|faint|p1a: Rayquaza\n|\n|-weather|DesolateLand|[upkeep]\n|upkeep\n|\n|t:|1699433897\n|switch|p1a: Groudon|Groudon-Primal|76\/100 tox\n|-damage|p1a: Groudon|64\/100 tox|[from] Stealth Rock\n|turn|12\n|\n|t:|1699433905\n|move|p2a: Groudon|Precipice Blades|p1a: Groudon\n|-supereffective|p1a: Groudon\n|-damage|p1a: Groudon|0 fnt\n|faint|p1a: Groudon\n|\n|-weather|DesolateLand|[upkeep]\n|upkeep\n|\n|t:|1699433910\n|switch|p1a: Kyogre|Kyogre|100\/100\n|-damage|p1a: Kyogre|88\/100|[from] Stealth Rock\n|detailschange|p1a: Kyogre|Kyogre-Primal\n|-primal|p1a: Kyogre|Blue Orb\n|-weather|PrimordialSea|[from] ability: Primordial Sea|[of] p1a: Kyogre\n|turn|13\n|\n|t:|1699433919\n|switch|p2a: Kyogre|Kyogre|100\/100\n|-damage|p2a: Kyogre|88\/100|[from] Stealth Rock\n|detailschange|p2a: Kyogre|Kyogre-Primal\n|-primal|p2a: Kyogre|Blue Orb\n|move|p1a: Kyogre|Surf|p2a: Kyogre\n|-resisted|p2a: Kyogre\n|-damage|p2a: Kyogre|63\/100\n|\n|-weather|PrimordialSea|[upkeep]\n|upkeep\n|turn|14\n|\n|t:|1699433929\n|move|p1a: Kyogre|Thunder|p2a: Kyogre\n|-supereffective|p2a: Kyogre\n|-damage|p2a: Kyogre|12\/100\n|-status|p2a: Kyogre|par\n|cant|p2a: Kyogre|par\n|\n|-weather|PrimordialSea|[upkeep]\n|upkeep\n|turn|15\n|\n|t:|1699433938\n|move|p1a: Kyogre|Ice Beam|p2a: Kyogre\n|-resisted|p2a: Kyogre\n|-damage|p2a: Kyogre|0 fnt\n|faint|p2a: Kyogre\n|\n|-weather|PrimordialSea|[upkeep]\n|upkeep\n|\n|t:|1699433940\n|switch|p2a: Groudon|Groudon-Primal|94\/100\n|-damage|p2a: Groudon|82\/100|[from] Stealth Rock\n|-weather|DesolateLand|[from] ability: Desolate Land|[of] p2a: Groudon\n|turn|16\n|\n|t:|1699433948\n|move|p1a: Kyogre|Hidden Power|p2a: Groudon\n|-supereffective|p2a: Groudon\n|-crit|p2a: Groudon\n|-damage|p2a: Groudon|7\/100\n|move|p2a: Groudon|Precipice Blades|p1a: Kyogre\n|-damage|p1a: Kyogre|0 fnt\n|faint|p1a: Kyogre\n|\n|-weather|DesolateLand|[upkeep]\n|upkeep\n|\n|t:|1699433964\n|switch|p1a: Banette|Banette-Mega, M|100\/100\n|-damage|p1a: Banette|88\/100|[from] Stealth Rock\n|turn|17\n|\n|t:|1699433972\n|move|p2a: Groudon|Heat Crash|p1a: Banette\n|-damage|p1a: Banette|0 fnt\n|faint|p1a: Banette\n|\n|-weather|DesolateLand|[upkeep]\n|upkeep\n|\n|t:|1699433977\n|switch|p1a: Zacian|Zacian-Crowned|100\/100\n|-damage|p1a: Zacian|94\/100|[from] Stealth Rock\n|-ability|p1a: Zacian|Intrepid Sword|boost\n|-boost|p1a: Zacian|atk|1\n|turn|18\n|\n|t:|1699433988\n|-terastallize|p1a: Zacian|Ground\n|move|p1a: Zacian|Swords Dance|p1a: Zacian\n|-boost|p1a: Zacian|atk|2\n|move|p2a: Groudon|Precipice Blades|p1a: Zacian|[miss]\n|-miss|p2a: Groudon|p1a: Zacian\n|\n|-weather|DesolateLand|[upkeep]\n|upkeep\n|turn|19\n|\n|t:|1699433998\n|move|p1a: Zacian|Tera Blast|p2a: Groudon|[anim] Tera Blast Ground\n|-supereffective|p2a: Groudon\n|-damage|p2a: Groudon|0 fnt\n|faint|p2a: Groudon\n|-weather|none\n|\n|upkeep\n|\n|t:|1699434003\n|switch|p2a: Ho-Oh|Ho-Oh|100\/100\n|turn|20\n|\n|t:|1699434008\n|move|p1a: Zacian|Wild Charge|p2a: Ho-Oh\n|-supereffective|p2a: Ho-Oh\n|-damage|p2a: Ho-Oh|0 fnt\n|faint|p2a: Ho-Oh\n|-damage|p1a: Zacian|62\/100|[from] Recoil\n|\n|upkeep\n|\n|t:|1699434010\n|switch|p2a: Necrozma|Necrozma-Dusk-Mane|85\/100\n|-damage|p2a: Necrozma|79\/100|[from] Stealth Rock\n|turn|21\n|\n|t:|1699434019\n|-terastallize|p2a: Necrozma|Grass\n|move|p1a: Zacian|Tera Blast|p2a: Necrozma|[anim] Tera Blast Ground\n|-resisted|p2a: Necrozma\n|-damage|p2a: Necrozma|47\/100\n|move|p2a: Necrozma|Moonlight|p2a: Necrozma\n|-heal|p2a: Necrozma|97\/100\n|\n|upkeep\n|turn|22\n|\n|t:|1699434028\n|move|p1a: Zacian|Swords Dance|p1a: Zacian\n|-boost|p1a: Zacian|atk|2\n|move|p2a: Necrozma|Sunsteel Strike|p1a: Zacian\n|-crit|p1a: Zacian\n|-damage|p1a: Zacian|0 fnt\n|faint|p1a: Zacian\n|\n|win|SystemSeven\n|raw|1 em trach thu's rating: 1567 &rarr; <strong>1554<\/strong><br \/>(-13 for losing)\n|raw|SystemSeven's rating: 1700 &rarr; <strong>1713<\/strong><br \/>(+13 for winning)\n|l|\u2606SystemSeven\n|l|\u26061 em trach thu\n","uploadtime":1699434046,"views":5,"p1id":"1emtrachthu","p2id":"systemseven","formatid":"gen9nationaldexubers","rating":1554,"private":0,"password":""}