{"id":"gen9nationaldexubers-1993384330","p1":"hogocog","p2":"Weirdful","format":"[Gen 9] National Dex Ubers","log":"|j|\u2606hogocog\n|j|\u2606Weirdful\n|t:|1700310002\n|gametype|singles\n|player|p1|hogocog|pokekid|\n|player|p2|Weirdful|101|\n|teamsize|p1|6\n|teamsize|p2|6\n|gen|9\n|tier|[Gen 9] National Dex Ubers\n|rule|HP Percentage Mod: HP is shown in percentages\n|rule|Endless Battle Clause: Forcing endless battles is banned\n|rule|OHKO Clause: OHKO moves are banned\n|rule|Evasion Moves Clause: Evasion moves are banned\n|rule|Evasion Items Clause: Evasion items are banned\n|rule|Species Clause: Limit one of each Pok\u00e9mon\n|rule|Sleep Clause Mod: Limit one foe put to sleep\n|rule|Mega Rayquaza Clause: You cannot mega evolve Rayquaza\n|clearpoke\n|poke|p1|Ursaluna-Bloodmoon, M|\n|poke|p1|Salamence, M|\n|poke|p1|Ferrothorn, F|\n|poke|p1|Dracovish|\n|poke|p1|Darmanitan-Galar, M|\n|poke|p1|Greninja-*, M|\n|poke|p2|Aerodactyl, F|\n|poke|p2|Gardevoir, F|\n|poke|p2|Blaziken, F|\n|poke|p2|Clefable, M|\n|poke|p2|Greninja-*, F|\n|poke|p2|Garchomp, M|\n|teampreview\n|j| Rainer367\n|c| Rainer367|Wassap\n|c|\u2606Weirdful|Nm\n|\n|t:|1700310020\n|start\n|switch|p1a: Ferrothorn|Ferrothorn, F|100\/100\n|switch|p2a: Mini Cooper|Aerodactyl, F|100\/100\n|turn|1\n|c| Rainer367|Best of 3\n|\n|t:|1700310028\n|move|p2a: Mini Cooper|Taunt|p1a: Ferrothorn\n|-start|p1a: Ferrothorn|move: Taunt\n|cant|p1a: Ferrothorn|move: Taunt|Leech Seed\n|\n|upkeep\n|turn|2\n|j| CloysterEnjoyer\n|\n|t:|1700310051\n|move|p2a: Mini Cooper|Earthquake|p1a: Ferrothorn\n|-damage|p1a: Ferrothorn|78\/100\n|move|p1a: Ferrothorn|Power Whip|p2a: Mini Cooper|[miss]\n|-miss|p1a: Ferrothorn|p2a: Mini Cooper\n|\n|-heal|p1a: Ferrothorn|84\/100|[from] item: Leftovers\n|upkeep\n|turn|3\n|\n|t:|1700310060\n|move|p2a: Mini Cooper|Stone Edge|p1a: Ferrothorn\n|-resisted|p1a: Ferrothorn\n|-crit|p1a: Ferrothorn\n|-damage|p1a: Ferrothorn|57\/100\n|move|p1a: Ferrothorn|Power Whip|p2a: Mini Cooper\n|-damage|p2a: Mini Cooper|33\/100\n|\n|-heal|p1a: Ferrothorn|63\/100|[from] item: Leftovers\n|-end|p1a: Ferrothorn|move: Taunt\n|upkeep\n|turn|4\n|\n|t:|1700310071\n|move|p2a: Mini Cooper|Taunt|p1a: Ferrothorn\n|-start|p1a: Ferrothorn|move: Taunt\n|move|p1a: Ferrothorn|Knock Off|p2a: Mini Cooper\n|-crit|p2a: Mini Cooper\n|-damage|p2a: Mini Cooper|0 fnt\n|-enditem|p2a: Mini Cooper|Focus Sash|[from] move: Knock Off|[of] p1a: Ferrothorn\n|faint|p2a: Mini Cooper\n|\n|-heal|p1a: Ferrothorn|69\/100|[from] item: Leftovers\n|upkeep\n|\n|t:|1700310079\n|switch|p2a: Lambo Gallardo|Blaziken, F|100\/100\n|turn|5\n|\n|t:|1700310092\n|switch|p1a: Greninja|Greninja, M|100\/100\n|move|p2a: Lambo Gallardo|Flare Blitz|p1a: Greninja\n|-resisted|p1a: Greninja\n|-damage|p1a: Greninja|29\/100\n|-damage|p2a: Lambo Gallardo|78\/100|[from] Recoil\n|-damage|p2a: Lambo Gallardo|68\/100|[from] item: Life Orb\n|\n|-ability|p2a: Lambo Gallardo|Speed Boost|boost\n|-boost|p2a: Lambo Gallardo|spe|1\n|upkeep\n|turn|6\n|\n|t:|1700310109\n|move|p1a: Greninja|Water Shuriken|p2a: Lambo Gallardo\n|-supereffective|p2a: Lambo Gallardo\n|-damage|p2a: Lambo Gallardo|40\/100\n|-supereffective|p2a: Lambo Gallardo\n|-damage|p2a: Lambo Gallardo|10\/100\n|-supereffective|p2a: Lambo Gallardo\n|-damage|p2a: Lambo Gallardo|0 fnt\n|faint|p2a: Lambo Gallardo\n|-ability|p1a: Greninja|Battle Bond|boost\n|-boost|p1a: Greninja|atk|1\n|-boost|p1a: Greninja|spa|1\n|-boost|p1a: Greninja|spe|1\n|-activate|p1a: Greninja|ability: Battle Bond\n|-hitcount|p2: Lambo Gallardo|3\n|-damage|p1a: Greninja|19\/100|[from] item: Life Orb\n|\n|upkeep\n|\n|t:|1700310129\n|switch|p2a: BMW M5 Competition|Greninja, F|100\/100\n|turn|7\n|\n|t:|1700310144\n|switch|p1a: Dracovish|Dracovish|100\/100\n|move|p2a: BMW M5 Competition|Grass Knot|p1a: Dracovish\n|-start|p2a: BMW M5 Competition|typechange|Grass|[from] ability: Protean\n|-damage|p1a: Dracovish|29\/100\n|\n|upkeep\n|turn|8\n|c| Rainer367|Now that's a lotta damage\n|\n|t:|1700310177\n|move|p2a: BMW M5 Competition|Grass Knot|p1a: Dracovish\n|-damage|p1a: Dracovish|0 fnt\n|faint|p1a: Dracovish\n|\n|upkeep\n|\n|t:|1700310183\n|switch|p1a: Ferrothorn|Ferrothorn, F|69\/100\n|turn|9\n|\n|t:|1700310227\n|move|p2a: BMW M5 Competition|Ice Beam|p1a: Ferrothorn\n|-damage|p1a: Ferrothorn|53\/100\n|move|p1a: Ferrothorn|Leech Seed|p2a: BMW M5 Competition\n|-immune|p2a: BMW M5 Competition\n|\n|-heal|p1a: Ferrothorn|59\/100|[from] item: Leftovers\n|upkeep\n|turn|10\n|\n|t:|1700310236\n|move|p2a: BMW M5 Competition|Dark Pulse|p1a: Ferrothorn\n|-damage|p1a: Ferrothorn|46\/100\n|cant|p1a: Ferrothorn|flinch\n|\n|-heal|p1a: Ferrothorn|51\/100|[from] item: Leftovers\n|upkeep\n|turn|11\n|\n|t:|1700310254\n|move|p2a: BMW M5 Competition|Dark Pulse|p1a: Ferrothorn\n|-damage|p1a: Ferrothorn|36\/100\n|move|p1a: Ferrothorn|Knock Off|p2a: BMW M5 Competition\n|-damage|p2a: BMW M5 Competition|64\/100\n|-enditem|p2a: BMW M5 Competition|Expert Belt|[from] move: Knock Off|[of] p1a: Ferrothorn\n|\n|-heal|p1a: Ferrothorn|42\/100|[from] item: Leftovers\n|upkeep\n|turn|12\n|\n|t:|1700310296\n|switch|p1a: Darmanitan|Darmanitan-Galar, M|100\/100\n|move|p2a: BMW M5 Competition|Dark Pulse|p1a: Darmanitan\n|-damage|p1a: Darmanitan|62\/100\n|\n|upkeep\n|turn|13\n|\n|t:|1700310311\n|move|p1a: Darmanitan|Flare Blitz|p2a: BMW M5 Competition\n|-supereffective|p2a: BMW M5 Competition\n|-damage|p2a: BMW M5 Competition|0 fnt\n|faint|p2a: BMW M5 Competition\n|-damage|p1a: Darmanitan|45\/100|[from] Recoil\n|\n|upkeep\n|\n|t:|1700310317\n|switch|p2a: Porsche 911 GT3 RS|Gardevoir, F|100\/100\n|turn|14\n|\n|t:|1700310329\n|detailschange|p2a: Porsche 911 GT3 RS|Gardevoir-Mega, F\n|-mega|p2a: Porsche 911 GT3 RS|Gardevoir|Gardevoirite\n|move|p1a: Darmanitan|Flare Blitz|p2a: Porsche 911 GT3 RS\n|-damage|p2a: Porsche 911 GT3 RS|0 fnt\n|faint|p2a: Porsche 911 GT3 RS\n|-damage|p1a: Darmanitan|19\/100|[from] Recoil\n|\n|upkeep\n|c| Rainer367|Weirdful, this don't look too good for u\n|c|\u2606Weirdful|Ik lmao\n|\n|t:|1700310360\n|switch|p2a: Mercedes C60 AMG|Garchomp, M|100\/100\n|turn|15\n|\n|t:|1700310366\n|switch|p1a: Greninja|Greninja, M|19\/100\n|move|p2a: Mercedes C60 AMG|Stone Edge|p1a: Greninja\n|-damage|p1a: Greninja|0 fnt\n|faint|p1a: Greninja\n|\n|upkeep\n|\n|t:|1700310371\n|switch|p1a: Darmanitan|Darmanitan-Galar, M|19\/100\n|turn|16\n|\n|t:|1700310377\n|move|p1a: Darmanitan|Icicle Crash|p2a: Mercedes C60 AMG|[miss]\n|-miss|p1a: Darmanitan|p2a: Mercedes C60 AMG\n|move|p2a: Mercedes C60 AMG|Stone Edge|p1a: Darmanitan|[miss]\n|-miss|p2a: Mercedes C60 AMG|p1a: Darmanitan\n|\n|upkeep\n|turn|17\n|c|\u2606Weirdful|WHAT\n|c|\u2606Weirdful|LAMO\n|\n|t:|1700310385\n|move|p1a: Darmanitan|Icicle Crash|p2a: Mercedes C60 AMG\n|-supereffective|p2a: Mercedes C60 AMG\n|-damage|p2a: Mercedes C60 AMG|0 fnt\n|faint|p2a: Mercedes C60 AMG\n|\n|upkeep\n|\n|t:|1700310387\n|switch|p2a: Maybach S-Class|Clefable, M|100\/100\n|turn|18\n|\n|t:|1700310394\n|switch|p1a: Ferrothorn|Ferrothorn, F|42\/100\n|move|p2a: Maybach S-Class|Flamethrower|p1a: Ferrothorn\n|-supereffective|p1a: Ferrothorn\n|-damage|p1a: Ferrothorn|0 fnt\n|faint|p1a: Ferrothorn\n|\n|upkeep\n|\n|t:|1700310398\n|switch|p1a: Darmanitan|Darmanitan-Galar, M|19\/100\n|turn|19\n|\n|t:|1700310409\n|move|p1a: Darmanitan|U-turn|p2a: Maybach S-Class\n|-resisted|p2a: Maybach S-Class\n|-damage|p2a: Maybach S-Class|86\/100\n|\n|t:|1700310411\n|switch|p1a: yogi|Ursaluna-Bloodmoon, M|100\/100|[from] U-turn\n|move|p2a: Maybach S-Class|Flamethrower|p1a: yogi\n|-damage|p1a: yogi|76\/100\n|\n|-heal|p2a: Maybach S-Class|92\/100|[from] item: Leftovers\n|upkeep\n|turn|20\n|c|\u2606Weirdful|its out of three right rainer?\n|c| Rainer367|yea\n|\n|t:|1700310432\n|move|p1a: yogi|Blood Moon|p2a: Maybach S-Class\n|-damage|p2a: Maybach S-Class|14\/100\n|move|p2a: Maybach S-Class|Calm Mind|p2a: Maybach S-Class\n|-boost|p2a: Maybach S-Class|spa|1\n|-boost|p2a: Maybach S-Class|spd|1\n|\n|-heal|p2a: Maybach S-Class|20\/100|[from] item: Leftovers\n|upkeep\n|turn|21\n|\n|t:|1700310439\n|move|p1a: yogi|Earth Power|p2a: Maybach S-Class\n|-damage|p2a: Maybach S-Class|0 fnt\n|faint|p2a: Maybach S-Class\n|\n|win|hogocog\n|c|\u2606Weirdful|gg\n|l|\u2606hogocog\n|c| Rainer367|gg\n|l|\u2606Weirdful\n","uploadtime":1700310446,"views":9,"p1id":"hogocog","p2id":"weirdful","formatid":"gen9nationaldexubers","rating":0,"private":0,"password":""}