{"id":"gen9nationaldexubers-1978367120","p1":"OnlyPyper","p2":"Corazonmorado27","format":"[Gen 9] National Dex Ubers","log":"|j|\u2606OnlyPyper\n|j|\u2606Corazonmorado27\n|t:|1698530070\n|gametype|singles\n|player|p1|OnlyPyper|candice|\n|player|p2|Corazonmorado27|parasollady|\n|teamsize|p1|6\n|teamsize|p2|6\n|gen|9\n|tier|[Gen 9] National Dex Ubers\n|rule|HP Percentage Mod: HP is shown in percentages\n|rule|Endless Battle Clause: Forcing endless battles is banned\n|rule|OHKO Clause: OHKO moves are banned\n|rule|Evasion Moves Clause: Evasion moves are banned\n|rule|Evasion Items Clause: Evasion items are banned\n|rule|Species Clause: Limit one of each Pok\u00e9mon\n|rule|Sleep Clause Mod: Limit one foe put to sleep\n|rule|Mega Rayquaza Clause: You cannot mega evolve Rayquaza\n|clearpoke\n|poke|p1|Lycanroc-Midnight, F|\n|poke|p1|Lurantis, F|\n|poke|p1|Kommo-o, F|\n|poke|p1|Araquanid, F|\n|poke|p1|Tapu Lele|\n|poke|p1|Lunala|\n|poke|p2|Tapu Fini|\n|poke|p2|Oricorio-Pa'u, F|\n|poke|p2|Salazzle, F|\n|poke|p2|Tsareena, F|\n|poke|p2|Bewear, M|\n|poke|p2|Togedemaru, M|\n|teampreview\n|c|\u2606Corazonmorado27|suerte uwu\n|c|\u2606OnlyPyper|Super balanceado el combate ekisde\n|c|\u2606OnlyPyper|Suerte qlona\n|c|\u2606Corazonmorado27|suuuper\n|c|\u2606Corazonmorado27|gracias uwu\n|c|\u2606OnlyPyper|Cambio de agua hada ekisde\n|c|\u2606Corazonmorado27|sis\n|c|\u2606OnlyPyper|Cambio de aguada\n|c|\u2606Corazonmorado27|XD\n|c|\u2606OnlyPyper|XD\n|c|\u2606Corazonmorado27|dios XD\n|\n|t:|1698530118\n|start\n|switch|p1a: Aqua|Araquanid, F|100\/100\n|switch|p2a: Miss. Salazzle|Salazzle, F|100\/100\n|turn|1\n|\n|t:|1698530165\n|switch|p2a: Miss. Tsareena|Tsareena, F|100\/100\n|move|p1a: Aqua|Liquidation|p2a: Miss. Tsareena\n|-resisted|p2a: Miss. Tsareena\n|-damage|p2a: Miss. Tsareena|72\/100\n|\n|upkeep\n|turn|2\n|\n|t:|1698530177\n|move|p2a: Miss. Tsareena|Power Whip|p1a: Aqua|[miss]\n|-miss|p2a: Miss. Tsareena|p1a: Aqua\n|move|p1a: Aqua|Leech Life|p2a: Miss. Tsareena\n|-supereffective|p2a: Miss. Tsareena\n|-crit|p2a: Miss. Tsareena\n|-damage|p2a: Miss. Tsareena|0 fnt\n|faint|p2a: Miss. Tsareena\n|\n|upkeep\n|c|\u2606Corazonmorado27|no pos\n|\n|t:|1698530187\n|switch|p2a: Mr. Togedemaru|Togedemaru, M|100\/100\n|turn|3\n|c|\u2606OnlyPyper|Momento 85%\n|c|\u2606Corazonmorado27|yep\n|\n|t:|1698530199\n|move|p2a: Mr. Togedemaru|Nuzzle|p1a: Aqua\n|-supereffective|p1a: Aqua\n|-damage|p1a: Aqua|86\/100\n|-status|p1a: Aqua|par\n|cant|p1a: Aqua|par\n|\n|upkeep\n|turn|4\n|\n|t:|1698530210\n|switch|p1a: Scaly|Kommo-o, F|100\/100\n|move|p2a: Mr. Togedemaru|Iron Head|p1a: Scaly\n|-damage|p1a: Scaly|73\/100\n|\n|upkeep\n|turn|5\n|\n|t:|1698530234\n|move|p2a: Mr. Togedemaru|Nuzzle|p1a: Scaly\n|-resisted|p1a: Scaly\n|-damage|p1a: Scaly|70\/100\n|-status|p1a: Scaly|par\n|move|p1a: Scaly|Aura Sphere|p2a: Mr. Togedemaru\n|-supereffective|p2a: Mr. Togedemaru\n|-damage|p2a: Mr. Togedemaru|16\/100\n|\n|upkeep\n|turn|6\n|\n|t:|1698530244\n|move|p2a: Mr. Togedemaru|U-turn|p1a: Scaly\n|-resisted|p1a: Scaly\n|-damage|p1a: Scaly|62\/100 par\n|\n|t:|1698530254\n|switch|p2a: Miss. Oricorio|Oricorio-Pa'u, F|100\/100|[from] U-turn\n|move|p1a: Scaly|Boomburst|p2a: Miss. Oricorio\n|-damage|p2a: Miss. Oricorio|32\/100\n|-enditem|p1a: Scaly|Throat Spray\n|-boost|p1a: Scaly|spa|1|[from] item: Throat Spray\n|\n|upkeep\n|turn|7\n|c|\u2606OnlyPyper|Scaly gritona\n|c|\u2606Corazonmorado27|XD\n|\n|t:|1698530282\n|-terastallize|p1a: Scaly|Normal\n|move|p2a: Miss. Oricorio|Air Slash|p1a: Scaly\n|-damage|p1a: Scaly|29\/100 par\n|move|p1a: Scaly|Boomburst|p2a: Miss. Oricorio\n|-damage|p2a: Miss. Oricorio|0 fnt\n|faint|p2a: Miss. Oricorio\n|\n|upkeep\n|\n|t:|1698530293\n|switch|p2a: Tapu Fini|Tapu Fini|100\/100\n|-fieldstart|move: Misty Terrain|[from] ability: Misty Surge|[of] p2a: Tapu Fini\n|turn|8\n|\n|t:|1698530306\n|switch|p1a: Tapu Lele|Tapu Lele|100\/100\n|-fieldstart|move: Psychic Terrain|[from] ability: Psychic Surge|[of] p1a: Tapu Lele\n|move|p2a: Tapu Fini|Calm Mind|p2a: Tapu Fini\n|-boost|p2a: Tapu Fini|spa|1\n|-boost|p2a: Tapu Fini|spd|1\n|\n|upkeep\n|turn|9\n|\n|t:|1698530328\n|move|p1a: Tapu Lele|Psyshock|p2a: Tapu Fini\n|-damage|p2a: Tapu Fini|46\/100\n|move|p2a: Tapu Fini|Substitute|p2a: Tapu Fini\n|-start|p2a: Tapu Fini|Substitute\n|-damage|p2a: Tapu Fini|21\/100\n|\n|-heal|p2a: Tapu Fini|27\/100|[from] item: Leftovers\n|upkeep\n|turn|10\n|\n|t:|1698530336\n|move|p1a: Tapu Lele|Psyshock|p2a: Tapu Fini\n|-end|p2a: Tapu Fini|Substitute\n|move|p2a: Tapu Fini|Draining Kiss|p1a: Tapu Lele\n|-damage|p1a: Tapu Lele|76\/100\n|-heal|p2a: Tapu Fini|42\/100|[from] drain|[of] p1a: Tapu Lele\n|\n|-heal|p2a: Tapu Fini|48\/100|[from] item: Leftovers\n|upkeep\n|turn|11\n|\n|t:|1698530356\n|-terastallize|p2a: Tapu Fini|Steel\n|move|p1a: Tapu Lele|Psyshock|p2a: Tapu Fini\n|-resisted|p2a: Tapu Fini\n|-damage|p2a: Tapu Fini|21\/100\n|move|p2a: Tapu Fini|Substitute|p2a: Tapu Fini\n|-fail|p2a: Tapu Fini|move: Substitute|[weak]\n|\n|-heal|p2a: Tapu Fini|28\/100|[from] item: Leftovers\n|upkeep\n|turn|12\n|c|\u2606Corazonmorado27|nombre\n|c|\u2606OnlyPyper|Me siento como una hdp por llevar a lunala ahora xd\n|\n|t:|1698530378\n|move|p1a: Tapu Lele|Psyshock|p2a: Tapu Fini\n|-resisted|p2a: Tapu Fini\n|-damage|p2a: Tapu Fini|0 fnt\n|faint|p2a: Tapu Fini\n|\n|-fieldend|move: Psychic Terrain\n|upkeep\n|\n|t:|1698530383\n|switch|p2a: Miss. Salazzle|Salazzle, F|100\/100\n|turn|13\n|\n|t:|1698530390\n|switch|p1a: Scaly|Kommo-o, F, tera:Normal|29\/100 par\n|move|p2a: Miss. Salazzle|Sludge Wave|p1a: Scaly\n|-damage|p1a: Scaly|0 fnt\n|faint|p1a: Scaly\n|\n|upkeep\n|\n|t:|1698530401\n|switch|p1a: Aqua|Araquanid, F|86\/100 par\n|turn|14\n|\n|t:|1698530408\n|move|p2a: Miss. Salazzle|Nasty Plot|p2a: Miss. Salazzle\n|-boost|p2a: Miss. Salazzle|spa|2\n|move|p1a: Aqua|Sticky Web|p2a: Miss. Salazzle\n|-sidestart|p2: Corazonmorado27|move: Sticky Web\n|\n|upkeep\n|turn|15\n|\n|t:|1698530440\n|move|p2a: Miss. Salazzle|Sludge Wave|p1a: Aqua\n|-damage|p1a: Aqua|21\/100 par\n|move|p1a: Aqua|Liquidation|p2a: Miss. Salazzle\n|-supereffective|p2a: Miss. Salazzle\n|-enditem|p2a: Miss. Salazzle|Focus Sash\n|-damage|p2a: Miss. Salazzle|1\/100\n|\n|upkeep\n|turn|16\n|\n|t:|1698530447\n|move|p2a: Miss. Salazzle|Sludge Wave|p1a: Aqua\n|-damage|p1a: Aqua|0 fnt\n|faint|p1a: Aqua\n|\n|upkeep\n|c|\u2606OnlyPyper|Al final si voy a tener que usar a Lunala ekisde\n|\n|t:|1698530471\n|switch|p1a: Laika|Lycanroc-Midnight, F|100\/100\n|turn|17\n|\n|t:|1698530480\n|move|p2a: Miss. Salazzle|Flamethrower|p1a: Laika\n|-resisted|p1a: Laika\n|-damage|p1a: Laika|45\/100\n|move|p1a: Laika|Stone Edge|p2a: Miss. Salazzle\n|-supereffective|p2a: Miss. Salazzle\n|-damage|p2a: Miss. Salazzle|0 fnt\n|faint|p2a: Miss. Salazzle\n|\n|upkeep\n|\n|t:|1698530493\n|switch|p2a: Mr. Bewear|Bewear, M|100\/100\n|-activate|p2a: Mr. Bewear|move: Sticky Web\n|-unboost|p2a: Mr. Bewear|spe|1\n|turn|18\n|c|\u2606OnlyPyper|Ser\u00eda muy ekisde que me hubiera quemado xd\n|c|\u2606Corazonmorado27|bastante\n|\n|t:|1698530502\n|switch|p1a: Cattleya|Lurantis, F|100\/100\n|move|p2a: Mr. Bewear|Drain Punch|p1a: Cattleya\n|-damage|p1a: Cattleya|27\/100\n|-damage|p2a: Mr. Bewear|91\/100|[from] item: Life Orb\n|\n|-heal|p1a: Cattleya|33\/100|[from] item: Leftovers\n|upkeep\n|turn|19\n|\n|t:|1698530516\n|move|p1a: Cattleya|Superpower|p2a: Mr. Bewear\n|-supereffective|p2a: Mr. Bewear\n|-damage|p2a: Mr. Bewear|65\/100\n|-boost|p1a: Cattleya|atk|1\n|-boost|p1a: Cattleya|def|1\n|move|p2a: Mr. Bewear|Drain Punch|p1a: Cattleya\n|-damage|p1a: Cattleya|0 fnt\n|-heal|p2a: Mr. Bewear|76\/100|[from] drain|[of] p1a: Cattleya\n|faint|p1a: Cattleya\n|-damage|p2a: Mr. Bewear|66\/100|[from] item: Life Orb\n|\n|upkeep\n|\n|t:|1698530528\n|switch|p1a: Tapu Lele|Tapu Lele|76\/100\n|-fieldstart|move: Psychic Terrain|[from] ability: Psychic Surge|[of] p1a: Tapu Lele\n|turn|20\n|c|\u2606Corazonmorado27|gg\n|\n|t:|1698530543\n|move|p1a: Tapu Lele|Moonblast|p2a: Mr. Bewear\n|-supereffective|p2a: Mr. Bewear\n|-damage|p2a: Mr. Bewear|0 fnt\n|faint|p2a: Mr. Bewear\n|\n|upkeep\n|c|\u2606OnlyPyper|Gg\n|\n|t:|1698530548\n|switch|p2a: Mr. Togedemaru|Togedemaru, M|16\/100\n|-activate|p2a: Mr. Togedemaru|move: Sticky Web\n|-unboost|p2a: Mr. Togedemaru|spe|1\n|turn|21\n|\n|t:|1698530554\n|move|p1a: Tapu Lele|Moonblast|p2a: Mr. Togedemaru\n|-resisted|p2a: Mr. Togedemaru\n|-damage|p2a: Mr. Togedemaru|0 fnt\n|faint|p2a: Mr. Togedemaru\n|\n|win|OnlyPyper\n|c|\u2606OnlyPyper|Al menos no use a Lunala xd\n|c|\u2606Corazonmorado27|pude haber jugado mejor a fini\n|c|\u2606Corazonmorado27|XD\n|c|\u2606OnlyPyper|Sip\n","uploadtime":1698530581,"views":10,"p1id":"onlypyper","p2id":"corazonmorado27","formatid":"gen9nationaldexubers","rating":0,"private":0,"password":""}