{"id":"gen9nationaldexubers-1977801074","p1":"frostcrush","p2":"Angel Karma","format":"[Gen 9] National Dex Ubers","log":"|j|\u2606frostcrush\n|j|\u2606Angel Karma\n|t:|1698451246\n|gametype|singles\n|player|p1|frostcrush|102|1504\n|player|p2|Angel Karma|unknown|1391\n|teamsize|p1|6\n|teamsize|p2|6\n|gen|9\n|tier|[Gen 9] National Dex Ubers\n|rated|\n|rule|HP Percentage Mod: HP is shown in percentages\n|rule|Endless Battle Clause: Forcing endless battles is banned\n|rule|OHKO Clause: OHKO moves are banned\n|rule|Evasion Moves Clause: Evasion moves are banned\n|rule|Evasion Items Clause: Evasion items are banned\n|rule|Species Clause: Limit one of each Pok\u00e9mon\n|rule|Sleep Clause Mod: Limit one foe put to sleep\n|rule|Mega Rayquaza Clause: You cannot mega evolve Rayquaza\n|clearpoke\n|poke|p1|Ho-Oh|\n|poke|p1|Dialga-Origin|\n|poke|p1|Ditto|\n|poke|p1|Arceus-Water|\n|poke|p1|Great Tusk|\n|poke|p1|Mewtwo|\n|poke|p2|Haxorus, F|\n|poke|p2|Groudon|\n|poke|p2|Sneasler, M|\n|poke|p2|Xerneas-*|\n|poke|p2|Flutter Mane|\n|poke|p2|Lucario, M|\n|teampreview\n|\n|t:|1698451252\n|start\n|switch|p1a: Ho-Oh|Ho-Oh|100\/100\n|switch|p2a: Sneasler|Sneasler, M, shiny|100\/100\n|turn|1\n|\n|t:|1698451259\n|move|p2a: Sneasler|Fake Out|p1a: Ho-Oh\n|-enditem|p2a: Sneasler|Normal Gem|[from] gem\n|-damage|p1a: Ho-Oh|82\/100\n|cant|p1a: Ho-Oh|flinch\n|\n|upkeep\n|turn|2\n|\n|t:|1698451267\n|move|p2a: Sneasler|Dire Claw|p1a: Ho-Oh\n|-damage|p1a: Ho-Oh|40\/100\n|-status|p1a: Ho-Oh|par\n|move|p1a: Ho-Oh|Sacred Fire|p2a: Sneasler\n|-damage|p2a: Sneasler|0 fnt\n|faint|p2a: Sneasler\n|\n|upkeep\n|\n|t:|1698451283\n|switch|p2a: Flutter Mane|Flutter Mane|100\/100\n|turn|3\n|\n|t:|1698451289\n|move|p2a: Flutter Mane|Hex|p1a: Ho-Oh\n|-damage|p1a: Ho-Oh|1\/100 par\n|move|p1a: Ho-Oh|Sacred Fire|p2a: Flutter Mane\n|-enditem|p2a: Flutter Mane|Focus Sash\n|-damage|p2a: Flutter Mane|1\/100\n|\n|upkeep\n|turn|4\n|\n|t:|1698451299\n|move|p2a: Flutter Mane|Hex|p1a: Ho-Oh\n|-damage|p1a: Ho-Oh|0 fnt\n|faint|p1a: Ho-Oh\n|\n|upkeep\n|\n|t:|1698451306\n|switch|p1a: Arceus|Arceus-Water|100\/100\n|turn|5\n|\n|t:|1698451310\n|move|p2a: Flutter Mane|Thunder Wave|p1a: Arceus\n|-status|p1a: Arceus|par\n|move|p1a: Arceus|Judgment|p2a: Flutter Mane\n|-damage|p2a: Flutter Mane|0 fnt\n|faint|p2a: Flutter Mane\n|-end|p2a: Flutter Mane|Protosynthesis|[silent]\n|\n|upkeep\n|\n|t:|1698451319\n|switch|p2a: Xerneas|Xerneas|100\/100\n|-ability|p2a: Xerneas|Fairy Aura\n|turn|6\n|\n|t:|1698451330\n|move|p2a: Xerneas|Moonblast|p1a: Arceus\n|-damage|p1a: Arceus|48\/100 par\n|move|p1a: Arceus|Perish Song|p1a: Arceus\n|-start|p1a: Arceus|perish3|[silent]\n|-start|p2a: Xerneas|perish3|[silent]\n|-fieldactivate|move: Perish Song\n|\n|-start|p2a: Xerneas|perish3\n|-start|p1a: Arceus|perish3\n|upkeep\n|turn|7\n|\n|t:|1698451341\n|switch|p2a: Groudon|Groudon, shiny|100\/100\n|detailschange|p2a: Groudon|Groudon-Primal, shiny\n|-primal|p2a: Groudon|Red Orb\n|-weather|DesolateLand|[from] ability: Desolate Land|[of] p2a: Groudon\n|move|p1a: Arceus|Recover|p1a: Arceus\n|-heal|p1a: Arceus|98\/100 par\n|\n|-weather|DesolateLand|[upkeep]\n|-start|p1a: Arceus|perish2\n|upkeep\n|turn|8\n|\n|t:|1698451352\n|move|p2a: Groudon|Precipice Blades|p1a: Arceus\n|-damage|p1a: Arceus|44\/100 par\n|move|p1a: Arceus|Earth Power|p2a: Groudon\n|-supereffective|p2a: Groudon\n|-damage|p2a: Groudon|43\/100\n|\n|-weather|DesolateLand|[upkeep]\n|-start|p1a: Arceus|perish1\n|upkeep\n|turn|9\n|\n|t:|1698451367\n|move|p2a: Groudon|Precipice Blades|p1a: Arceus\n|-damage|p1a: Arceus|0 fnt\n|faint|p1a: Arceus\n|\n|-weather|DesolateLand|[upkeep]\n|upkeep\n|\n|t:|1698451369\n|switch|p1a: Great Tusk|Great Tusk|100\/100\n|turn|10\n|\n|t:|1698451375\n|move|p1a: Great Tusk|Rapid Spin|p2a: Groudon\n|-damage|p2a: Groudon|32\/100\n|-boost|p1a: Great Tusk|spe|1\n|move|p2a: Groudon|Precipice Blades|p1a: Great Tusk|[miss]\n|-miss|p2a: Groudon|p1a: Great Tusk\n|\n|-weather|DesolateLand|[upkeep]\n|upkeep\n|turn|11\n|\n|t:|1698451387\n|move|p1a: Great Tusk|Earthquake|p2a: Groudon\n|-supereffective|p2a: Groudon\n|-damage|p2a: Groudon|0 fnt\n|faint|p2a: Groudon\n|-weather|none\n|\n|upkeep\n|\n|t:|1698451393\n|switch|p2a: Xerneas|Xerneas|100\/100\n|-ability|p2a: Xerneas|Fairy Aura\n|turn|12\n|\n|t:|1698451401\n|move|p1a: Great Tusk|Earthquake|p2a: Xerneas\n|-damage|p2a: Xerneas|54\/100\n|move|p2a: Xerneas|Moonblast|p1a: Great Tusk\n|-supereffective|p1a: Great Tusk\n|-damage|p1a: Great Tusk|0 fnt\n|faint|p1a: Great Tusk\n|-end|p1a: Great Tusk|Protosynthesis|[silent]\n|\n|upkeep\n|\n|t:|1698451408\n|switch|p1a: Mewtwo|Mewtwo|100\/100\n|-ability|p1a: Mewtwo|Pressure\n|turn|13\n|\n|t:|1698451419\n|switch|p2a: Lucario|Lucario, M, shiny|100\/100\n|move|p1a: Mewtwo|Psystrike|p2a: Lucario\n|-damage|p2a: Lucario|0 fnt\n|faint|p2a: Lucario\n|\n|upkeep\n|\n|t:|1698451428\n|switch|p2a: Haxorus|Haxorus, F|100\/100\n|-ability|p2a: Haxorus|Mold Breaker\n|turn|14\n|\n|t:|1698451434\n|-terastallize|p2a: Haxorus|Steel\n|move|p1a: Mewtwo|Ice Beam|p2a: Haxorus\n|-resisted|p2a: Haxorus\n|-damage|p2a: Haxorus|73\/100\n|move|p2a: Haxorus|Dragon Dance|p2a: Haxorus\n|-boost|p2a: Haxorus|atk|1\n|-boost|p2a: Haxorus|spe|1\n|\n|upkeep\n|turn|15\n|\n|t:|1698451446\n|move|p2a: Haxorus|Outrage|p1a: Mewtwo\n|-enditem|p1a: Mewtwo|Focus Sash\n|-damage|p1a: Mewtwo|1\/100\n|move|p1a: Mewtwo|Flamethrower|p2a: Haxorus\n|-supereffective|p2a: Haxorus\n|-damage|p2a: Haxorus|0 fnt\n|faint|p2a: Haxorus\n|\n|upkeep\n|\n|t:|1698451456\n|switch|p2a: Xerneas|Xerneas|54\/100\n|-ability|p2a: Xerneas|Fairy Aura\n|turn|16\n|c|\u2606frostcrush|I mean were you really gonna boost up like i didnt have a ditto in my pocket?\n|\n|t:|1698451476\n|move|p1a: Mewtwo|Psystrike|p2a: Xerneas\n|-damage|p2a: Xerneas|4\/100\n|move|p2a: Xerneas|Geomancy||[still]\n|-prepare|p2a: Xerneas|Geomancy\n|-enditem|p2a: Xerneas|Power Herb\n|-anim|p2a: Xerneas|Geomancy|p2a: Xerneas\n|-boost|p2a: Xerneas|spa|2\n|-boost|p2a: Xerneas|spd|2\n|-boost|p2a: Xerneas|spe|2\n|\n|upkeep\n|turn|17\n|\n|t:|1698451487\n|move|p2a: Xerneas|Moonblast|p1a: Mewtwo\n|-damage|p1a: Mewtwo|0 fnt\n|faint|p1a: Mewtwo\n|\n|upkeep\n|c|\u2606frostcrush|i guess you are\n|\n|t:|1698451494\n|switch|p1a: Ditto|Ditto|100\/100\n|-transform|p1a: Ditto|p2a: Xerneas|[from] ability: Imposter\n|-ability|p1a: Ditto|Fairy Aura\n|turn|18\n|c|\u2606frostcrush|welp gg\n|\n|t:|1698451507\n|move|p2a: Xerneas|Psyshock|p1a: Ditto\n|-damage|p1a: Ditto|24\/100\n|move|p1a: Ditto|Moonblast|p2a: Xerneas\n|-damage|p2a: Xerneas|0 fnt\n|faint|p2a: Xerneas\n|\n|win|frostcrush\n|raw|frostcrush's rating: 1504 &rarr; <strong>1518<\/strong><br \/>(+14 for winning)\n|raw|Angel Karma's rating: 1391 &rarr; <strong>1377<\/strong><br \/>(-14 for losing)\n","uploadtime":1698451515,"views":7,"p1id":"frostcrush","p2id":"angelkarma","formatid":"gen9nationaldexubers","rating":1377,"private":0,"password":""}