{"id":"gen9nationaldexubers-1983520819","p1":"TheRar73","p2":"Nakuy","format":"[Gen 9] National Dex Ubers","log":"|j|\u2606TheRar73\n|j|\u2606Nakuy\n|t:|1699139097\n|gametype|singles\n|player|p1|TheRar73|nobunaga-conquest|\n|player|p2|Nakuy|byron|\n|teamsize|p1|6\n|teamsize|p2|6\n|gen|9\n|tier|[Gen 9] National Dex Ubers\n|rule|HP Percentage Mod: HP is shown in percentages\n|rule|Endless Battle Clause: Forcing endless battles is banned\n|rule|OHKO Clause: OHKO moves are banned\n|rule|Evasion Moves Clause: Evasion moves are banned\n|rule|Evasion Items Clause: Evasion items are banned\n|rule|Species Clause: Limit one of each Pok\u00e9mon\n|rule|Sleep Clause Mod: Limit one foe put to sleep\n|rule|Mega Rayquaza Clause: You cannot mega evolve Rayquaza\n|clearpoke\n|poke|p1|Pheromosa|\n|poke|p1|Heracross, F|\n|poke|p1|Scizor, M|\n|poke|p1|Ribombee, M|\n|poke|p1|Escavalier, M|\n|poke|p1|Durant, M|\n|poke|p2|Kommo-o, F|\n|poke|p2|Kyurem|\n|poke|p2|Salamence, M|\n|poke|p2|Garchomp, F|\n|poke|p2|Haxorus, M|\n|poke|p2|Reshiram|\n|teampreview\n|\n|t:|1699139127\n|start\n|switch|p1a: Lil Bugga|Ribombee, M|100\/100\n|switch|p2a: Salamence|Salamence, M|100\/100\n|-ability|p2a: Salamence|Intimidate|boost\n|-unboost|p1a: Lil Bugga|atk|1\n|turn|1\n|\n|t:|1699139137\n|-terastallize|p2a: Salamence|Steel\n|move|p1a: Lil Bugga|Sticky Web|p2a: Salamence\n|-sidestart|p2: Nakuy|move: Sticky Web\n|move|p2a: Salamence|Dragon Dance|p2a: Salamence\n|-boost|p2a: Salamence|atk|1\n|-boost|p2a: Salamence|spe|1\n|\n|upkeep\n|turn|2\n|\n|t:|1699139153\n|move|p2a: Salamence|Dragon Dance|p2a: Salamence\n|-boost|p2a: Salamence|atk|1\n|-boost|p2a: Salamence|spe|1\n|move|p1a: Lil Bugga|Reflect|p1a: Lil Bugga\n|-sidestart|p1: TheRar73|Reflect\n|\n|upkeep\n|turn|3\n|\n|t:|1699139161\n|move|p2a: Salamence|Dragon Dance|p2a: Salamence\n|-boost|p2a: Salamence|atk|1\n|-boost|p2a: Salamence|spe|1\n|move|p1a: Lil Bugga|Moonblast|p2a: Salamence\n|-resisted|p2a: Salamence\n|-damage|p2a: Salamence|75\/100\n|\n|-heal|p2a: Salamence|81\/100|[from] item: Leftovers\n|upkeep\n|turn|4\n|\n|t:|1699139174\n|move|p2a: Salamence|Dragon Dance|p2a: Salamence\n|-boost|p2a: Salamence|atk|1\n|-boost|p2a: Salamence|spe|1\n|move|p1a: Lil Bugga|Moonblast|p2a: Salamence\n|-resisted|p2a: Salamence\n|-damage|p2a: Salamence|55\/100\n|\n|-heal|p2a: Salamence|61\/100|[from] item: Leftovers\n|upkeep\n|turn|5\n|\n|t:|1699139185\n|move|p2a: Salamence|Roost|p2a: Salamence\n|-heal|p2a: Salamence|100\/100\n|move|p1a: Lil Bugga|Moonblast|p2a: Salamence\n|-resisted|p2a: Salamence\n|-damage|p2a: Salamence|77\/100\n|\n|-heal|p2a: Salamence|83\/100|[from] item: Leftovers\n|upkeep\n|turn|6\n|\n|t:|1699139196\n|move|p2a: Salamence|Dragon Dance|p2a: Salamence\n|-boost|p2a: Salamence|atk|1\n|-boost|p2a: Salamence|spe|1\n|move|p1a: Lil Bugga|Moonblast|p2a: Salamence\n|-resisted|p2a: Salamence\n|-damage|p2a: Salamence|60\/100\n|-unboost|p2a: Salamence|spa|1\n|\n|-heal|p2a: Salamence|66\/100|[from] item: Leftovers\n|-sideend|p1: TheRar73|Reflect\n|upkeep\n|turn|7\n|\n|t:|1699139203\n|move|p2a: Salamence|Dragon Dance|p2a: Salamence\n|-boost|p2a: Salamence|atk|1\n|-boost|p2a: Salamence|spe|1\n|move|p1a: Lil Bugga|Reflect|p1a: Lil Bugga\n|-sidestart|p1: TheRar73|Reflect\n|\n|-heal|p2a: Salamence|72\/100|[from] item: Leftovers\n|upkeep\n|turn|8\n|\n|t:|1699139211\n|move|p2a: Salamence|Roost|p2a: Salamence\n|-heal|p2a: Salamence|100\/100\n|move|p1a: Lil Bugga|Moonblast|p2a: Salamence\n|-resisted|p2a: Salamence\n|-damage|p2a: Salamence|77\/100\n|\n|-heal|p2a: Salamence|83\/100|[from] item: Leftovers\n|upkeep\n|turn|9\n|\n|t:|1699139219\n|move|p2a: Salamence|Iron Head|p1a: Lil Bugga\n|-supereffective|p1a: Lil Bugga\n|-damage|p1a: Lil Bugga|0 fnt\n|faint|p1a: Lil Bugga\n|\n|-heal|p2a: Salamence|89\/100|[from] item: Leftovers\n|upkeep\n|\n|t:|1699139261\n|switch|p1a: Setsuna|Scizor, M|100\/100\n|turn|10\n|\n|t:|1699139268\n|move|p1a: Setsuna|Bullet Punch|p2a: Salamence\n|-resisted|p2a: Salamence\n|-damage|p2a: Salamence|61\/100\n|-damage|p1a: Setsuna|91\/100|[from] item: Life Orb\n|move|p2a: Salamence|Dual Wingbeat|p1a: Setsuna\n|-damage|p1a: Setsuna|46\/100\n|-damage|p1a: Setsuna|0 fnt\n|faint|p1a: Setsuna\n|-hitcount|p1: Setsuna|2\n|\n|-heal|p2a: Salamence|67\/100|[from] item: Leftovers\n|upkeep\n|\n|t:|1699139281\n|switch|p1a: Escavalier|Escavalier, M|100\/100\n|turn|11\n|\n|t:|1699139288\n|move|p2a: Salamence|Dual Wingbeat|p1a: Escavalier\n|-damage|p1a: Escavalier|58\/100\n|-damage|p1a: Escavalier|14\/100\n|-hitcount|p1a: Escavalier|2\n|move|p1a: Escavalier|Close Combat|p2a: Salamence\n|-supereffective|p2a: Salamence\n|-damage|p2a: Salamence|0 fnt\n|-unboost|p1a: Escavalier|def|1\n|-unboost|p1a: Escavalier|spd|1\n|faint|p2a: Salamence\n|\n|-sideend|p1: TheRar73|Reflect\n|upkeep\n|\n|t:|1699139316\n|switch|p2a: Haxorus|Haxorus, M|100\/100\n|-activate|p2a: Haxorus|move: Sticky Web\n|-unboost|p2a: Haxorus|spe|1\n|-ability|p2a: Haxorus|Mold Breaker\n|turn|12\n|-enditem|p1a: Escavalier|Custap Berry|[eat]\n|-activate|p1a: Escavalier|item: Custap Berry|[consumed]\n|\n|t:|1699139339\n|move|p1a: Escavalier|Megahorn|p2a: Haxorus|[miss]\n|-miss|p1a: Escavalier|p2a: Haxorus\n|move|p2a: Haxorus|Scale Shot|p1a: Escavalier\n|-resisted|p1a: Escavalier\n|-damage|p1a: Escavalier|3\/100\n|-resisted|p1a: Escavalier\n|-damage|p1a: Escavalier|0 fnt\n|faint|p1a: Escavalier\n|-hitcount|p1: Escavalier|2\n|-unboost|p2a: Haxorus|def|1\n|-boost|p2a: Haxorus|spe|1\n|\n|upkeep\n|\n|t:|1699139353\n|switch|p1a: The Smiths|Durant, M|100\/100\n|turn|13\n|\n|t:|1699139364\n|move|p1a: The Smiths|Iron Head|p2a: Haxorus\n|-damage|p2a: Haxorus|3\/100\n|move|p2a: Haxorus|Close Combat|p1a: The Smiths\n|-damage|p1a: The Smiths|43\/100\n|-unboost|p2a: Haxorus|def|1\n|-unboost|p2a: Haxorus|spd|1\n|\n|upkeep\n|turn|14\n|\n|t:|1699139384\n|move|p1a: The Smiths|Iron Head|p2a: Haxorus|[miss]\n|-miss|p1a: The Smiths|p2a: Haxorus\n|move|p2a: Haxorus|Close Combat|p1a: The Smiths\n|-damage|p1a: The Smiths|0 fnt\n|-unboost|p2a: Haxorus|def|1\n|-unboost|p2a: Haxorus|spd|1\n|faint|p1a: The Smiths\n|\n|upkeep\n|\n|t:|1699139390\n|switch|p1a: Capa|Pheromosa|100\/100\n|turn|15\n|\n|t:|1699139417\n|switch|p2a: Reshiram|Reshiram|100\/100\n|-activate|p2a: Reshiram|move: Sticky Web\n|-unboost|p2a: Reshiram|spe|1\n|-ability|p2a: Reshiram|Turboblaze\n|move|p1a: Capa|Ice Beam|p2a: Reshiram\n|-damage|p2a: Reshiram|75\/100\n|\n|-heal|p2a: Reshiram|81\/100|[from] item: Leftovers\n|upkeep\n|turn|16\n|\n|t:|1699139436\n|move|p1a: Capa|Focus Blast|p2a: Reshiram\n|-damage|p2a: Reshiram|28\/100\n|move|p2a: Reshiram|Tailwind|p2a: Reshiram\n|-sidestart|p2: Nakuy|move: Tailwind\n|\n|-heal|p2a: Reshiram|35\/100|[from] item: Leftovers\n|upkeep\n|turn|17\n|\n|t:|1699139450\n|move|p1a: Capa|Focus Blast|p2a: Reshiram\n|-damage|p2a: Reshiram|0 fnt\n|faint|p2a: Reshiram\n|-ability|p1a: Capa|Beast Boost|boost\n|-boost|p1a: Capa|spa|1\n|\n|upkeep\n|\n|t:|1699139453\n|switch|p2a: Garchomp|Garchomp, F|100\/100\n|-activate|p2a: Garchomp|move: Sticky Web\n|-unboost|p2a: Garchomp|spe|1\n|turn|18\n|\n|t:|1699139463\n|-zpower|p2a: Garchomp\n|move|p2a: Garchomp|Continental Crush|p1a: Capa|[zeffect]\n|-damage|p1a: Capa|0 fnt\n|faint|p1a: Capa\n|\n|upkeep\n|\n|t:|1699139469\n|switch|p1a: Fighta|Heracross, F|100\/100\n|turn|19\n|\n|t:|1699139481\n|detailschange|p1a: Fighta|Heracross-Mega, F\n|-mega|p1a: Fighta|Heracross|Heracronite\n|move|p2a: Garchomp|Rock Slide|p1a: Fighta\n|-damage|p1a: Fighta|74\/100\n|move|p1a: Fighta|Trailblaze|p2a: Garchomp\n|-damage|p2a: Garchomp|74\/100\n|-boost|p1a: Fighta|spe|1\n|-damage|p1a: Fighta|62\/100|[from] ability: Rough Skin|[of] p2a: Garchomp\n|\n|-sideend|p2: Nakuy|move: Tailwind\n|upkeep\n|turn|20\n|\n|t:|1699139499\n|move|p1a: Fighta|Pin Missile|p2a: Garchomp\n|-damage|p2a: Garchomp|56\/100\n|-damage|p2a: Garchomp|37\/100\n|-damage|p2a: Garchomp|18\/100\n|-damage|p2a: Garchomp|0 fnt\n|faint|p2a: Garchomp\n|-hitcount|p2: Garchomp|4\n|\n|upkeep\n|\n|t:|1699139526\n|switch|p2a: Kommo-o|Kommo-o, F|100\/100\n|-activate|p2a: Kommo-o|move: Sticky Web\n|-unboost|p2a: Kommo-o|spe|1\n|turn|21\n|\n|t:|1699139561\n|move|p1a: Fighta|Arm Thrust|p2a: Kommo-o\n|-damage|p2a: Kommo-o|90\/100\n|-damage|p2a: Kommo-o|80\/100\n|-damage|p2a: Kommo-o|68\/100\n|-damage|p2a: Kommo-o|57\/100\n|-damage|p2a: Kommo-o|46\/100\n|-hitcount|p2a: Kommo-o|5\n|move|p2a: Kommo-o|Boomburst|p1a: Fighta\n|-damage|p1a: Fighta|21\/100\n|-enditem|p2a: Kommo-o|Throat Spray\n|-boost|p2a: Kommo-o|spa|1|[from] item: Throat Spray\n|\n|upkeep\n|turn|22\n|\n|t:|1699139578\n|move|p2a: Kommo-o|Protect|p2a: Kommo-o\n|-singleturn|p2a: Kommo-o|Protect\n|move|p1a: Fighta|Arm Thrust|p2a: Kommo-o\n|-activate|p2a: Kommo-o|move: Protect\n|\n|upkeep\n|turn|23\n|\n|t:|1699139588\n|move|p1a: Fighta|Arm Thrust|p2a: Kommo-o\n|-damage|p2a: Kommo-o|35\/100\n|-damage|p2a: Kommo-o|24\/100\n|-damage|p2a: Kommo-o|13\/100\n|-damage|p2a: Kommo-o|1\/100\n|-damage|p2a: Kommo-o|0 fnt\n|faint|p2a: Kommo-o\n|-hitcount|p2: Kommo-o|5\n|\n|upkeep\n|\n|t:|1699139598\n|switch|p2a: Kyurem|Kyurem|100\/100\n|-activate|p2a: Kyurem|move: Sticky Web\n|-unboost|p2a: Kyurem|spe|1\n|-ability|p2a: Kyurem|Pressure\n|turn|24\n|\n|t:|1699139617\n|move|p1a: Fighta|Arm Thrust|p2a: Kyurem\n|-supereffective|p2a: Kyurem\n|-damage|p2a: Kyurem|77\/100\n|-supereffective|p2a: Kyurem\n|-damage|p2a: Kyurem|53\/100\n|-supereffective|p2a: Kyurem\n|-damage|p2a: Kyurem|32\/100\n|-supereffective|p2a: Kyurem\n|-damage|p2a: Kyurem|9\/100\n|-supereffective|p2a: Kyurem\n|-damage|p2a: Kyurem|0 fnt\n|faint|p2a: Kyurem\n|-hitcount|p2: Kyurem|5\n|\n|upkeep\n|\n|t:|1699139620\n|switch|p2a: Haxorus|Haxorus, M|3\/100\n|-activate|p2a: Haxorus|move: Sticky Web\n|-unboost|p2a: Haxorus|spe|1\n|-ability|p2a: Haxorus|Mold Breaker\n|turn|25\n|\n|t:|1699139632\n|move|p1a: Fighta|Trailblaze|p2a: Haxorus\n|-resisted|p2a: Haxorus\n|-damage|p2a: Haxorus|0 fnt\n|-boost|p1a: Fighta|spe|1\n|faint|p2a: Haxorus\n|\n|win|TheRar73\n","uploadtime":1699139640,"views":19,"p1id":"therar73","p2id":"nakuy","formatid":"gen9nationaldexubers","rating":0,"private":0,"password":""}