{"id":"gen9nationaldexubers-1992313910","p1":"beep boo2","p2":"MiReKa","format":"[Gen 9] National Dex Ubers","log":"|j|\u2606beep boo2\n|j|\u2606MiReKa\n|t:|1700173715\n|gametype|singles\n|player|p1|beep boo2|266|1044\n|player|p2|MiReKa|nate|1074\n|teamsize|p1|6\n|teamsize|p2|6\n|gen|9\n|tier|[Gen 9] National Dex Ubers\n|rated|\n|rule|HP Percentage Mod: HP is shown in percentages\n|rule|Endless Battle Clause: Forcing endless battles is banned\n|rule|OHKO Clause: OHKO moves are banned\n|rule|Evasion Moves Clause: Evasion moves are banned\n|rule|Evasion Items Clause: Evasion items are banned\n|rule|Species Clause: Limit one of each Pok\u00e9mon\n|rule|Sleep Clause Mod: Limit one foe put to sleep\n|rule|Mega Rayquaza Clause: You cannot mega evolve Rayquaza\n|clearpoke\n|poke|p1|Torterra, F|\n|poke|p1|Rayquaza|\n|poke|p1|Naganadel|\n|poke|p1|Hippowdon, F|\n|poke|p1|Zygarde-10%|\n|poke|p1|Medicham, F|\n|poke|p2|Lopunny, F|\n|poke|p2|Lucario, F|\n|poke|p2|Vaporeon, F|\n|poke|p2|Gardevoir, F|\n|poke|p2|Cinderace, F|\n|poke|p2|Zoroark-Hisui, F|\n|teampreview\n|\n|t:|1700173734\n|start\n|switch|p1a: Zygarde|Zygarde-10%, shiny|100\/100\n|switch|p2a: Ariel|Vaporeon, F|100\/100\n|-ability|p1a: Zygarde|Aura Break\n|turn|1\n|\n|t:|1700173749\n|move|p1a: Zygarde|Outrage|p2a: Ariel\n|-damage|p2a: Ariel|47\/100\n|move|p2a: Ariel|Toxic|p1a: Zygarde\n|-status|p1a: Zygarde|tox\n|\n|-heal|p2a: Ariel|53\/100|[from] item: Leftovers\n|-damage|p1a: Zygarde|94\/100 tox|[from] psn\n|upkeep\n|turn|2\n|\n|t:|1700173764\n|move|p1a: Zygarde|Outrage|p2a: Ariel|[from]lockedmove\n|-damage|p2a: Ariel|0 fnt\n|faint|p2a: Ariel\n|-start|p1a: Zygarde|confusion|[fatigue]\n|\n|-damage|p1a: Zygarde|82\/100 tox|[from] psn\n|upkeep\n|inactive|Battle timer is ON: inactive players will automatically lose when time's up. (requested by beep boo2)\n|n|!beep boo2|beepboo2\n|\n|t:|1700173779\n|switch|p2a: Affinity|Lucario, F|100\/100\n|turn|3\n|\n|t:|1700173805\n|detailschange|p2a: Affinity|Lucario-Mega, F\n|-mega|p2a: Affinity|Lucario|Lucarionite\n|-activate|p1a: Zygarde|confusion\n|move|p1a: Zygarde|Outrage|p2a: Affinity\n|-resisted|p2a: Affinity\n|-damage|p2a: Affinity|47\/100\n|move|p2a: Affinity|Power-Up Punch|p1a: Zygarde\n|-damage|p1a: Zygarde|24\/100 tox\n|-boost|p2a: Affinity|atk|1\n|\n|-damage|p1a: Zygarde|6\/100 tox|[from] psn\n|upkeep\n|turn|4\n|\n|t:|1700173818\n|move|p2a: Affinity|Extreme Speed|p1a: Zygarde\n|-damage|p1a: Zygarde|0 fnt\n|faint|p1a: Zygarde\n|\n|upkeep\n|\n|t:|1700173825\n|switch|p1a: Hippowdon|Hippowdon, F|100\/100\n|-weather|Sandstorm|[from] ability: Sand Stream|[of] p1a: Hippowdon\n|turn|5\n|\n|t:|1700173830\n|move|p2a: Affinity|Drain Punch|p1a: Hippowdon\n|-damage|p1a: Hippowdon|52\/100\n|-heal|p2a: Affinity|83\/100|[from] drain|[of] p1a: Hippowdon\n|-damage|p2a: Affinity|66\/100|[from] item: Rocky Helmet|[of] p1a: Hippowdon\n|move|p1a: Hippowdon|Earthquake|p2a: Affinity\n|-supereffective|p2a: Affinity\n|-damage|p2a: Affinity|0 fnt\n|faint|p2a: Affinity\n|\n|-weather|Sandstorm|[upkeep]\n|upkeep\n|\n|t:|1700173842\n|switch|p2a: Haru|Lopunny, F|100\/100\n|turn|6\n|\n|t:|1700173846\n|move|p2a: Haru|Switcheroo|p1a: Hippowdon\n|-activate|p2a: Haru|move: Trick|[of] p1a: Hippowdon\n|-item|p1a: Hippowdon|Flame Orb|[from] move: Switcheroo\n|-item|p2a: Haru|Rocky Helmet|[from] move: Switcheroo\n|move|p1a: Hippowdon|Stealth Rock|p2a: Haru\n|-sidestart|p2: MiReKa|move: Stealth Rock\n|\n|-weather|Sandstorm|[upkeep]\n|-damage|p2a: Haru|95\/100|[from] Sandstorm\n|-status|p1a: Hippowdon|brn|[from] item: Flame Orb\n|upkeep\n|turn|7\n|\n|t:|1700173865\n|switch|p2a: Gardy|Gardevoir, F|100\/100\n|-damage|p2a: Gardy|88\/100|[from] Stealth Rock\n|-ability|p2a: Gardy|Sand Stream|[from] ability: Trace|[of] p1a: Hippowdon\n|move|p1a: Hippowdon|Whirlwind|p2a: Gardy\n|drag|p2a: Lola|Cinderace, F|100\/100\n|-damage|p2a: Lola|76\/100|[from] Stealth Rock\n|\n|-weather|Sandstorm|[upkeep]\n|-damage|p2a: Lola|70\/100|[from] Sandstorm\n|-damage|p1a: Hippowdon|46\/100 brn|[from] brn\n|upkeep\n|turn|8\n|inactive|beep boo2 has 120 seconds left.\n|\n|t:|1700173893\n|move|p2a: Lola|Zen Headbutt|p1a: Hippowdon\n|-start|p2a: Lola|typechange|Psychic|[from] ability: Libero\n|-damage|p1a: Hippowdon|15\/100 brn\n|move|p1a: Hippowdon|Earthquake|p2a: Lola\n|-damage|p2a: Lola|44\/100\n|\n|-weather|Sandstorm|[upkeep]\n|-damage|p2a: Lola|38\/100|[from] Sandstorm\n|-damage|p1a: Hippowdon|9\/100 brn|[from] brn\n|upkeep\n|turn|9\n|\n|t:|1700173903\n|move|p2a: Lola|Zen Headbutt|p1a: Hippowdon|[miss]\n|-miss|p2a: Lola|p1a: Hippowdon\n|move|p1a: Hippowdon|Earthquake|p2a: Lola\n|-damage|p2a: Lola|9\/100\n|\n|-weather|none\n|-damage|p1a: Hippowdon|3\/100 brn|[from] brn\n|upkeep\n|turn|10\n|\n|t:|1700173911\n|move|p2a: Lola|Zen Headbutt|p1a: Hippowdon\n|-damage|p1a: Hippowdon|0 fnt\n|faint|p1a: Hippowdon\n|\n|upkeep\n|\n|t:|1700173925\n|switch|p1a: Medicham|Medicham, F, shiny|100\/100\n|turn|11\n|\n|t:|1700173928\n|detailschange|p1a: Medicham|Medicham-Mega, F, shiny\n|-mega|p1a: Medicham|Medicham|Medichamite\n|move|p1a: Medicham|Fake Out|p2a: Lola\n|-damage|p2a: Lola|0 fnt\n|faint|p2a: Lola\n|\n|upkeep\n|\n|t:|1700173936\n|switch|p2a: Haru|Lopunny, F|100\/100\n|-damage|p2a: Haru|88\/100|[from] Stealth Rock\n|turn|12\n|\n|t:|1700173946\n|move|p2a: Haru|Shadow Ball|p1a: Medicham\n|-supereffective|p1a: Medicham\n|-damage|p1a: Medicham|0 fnt\n|faint|p1a: Medicham\n|-damage|p2a: Haru|78\/100|[from] item: Life Orb\n|\n|upkeep\n|\n|t:|1700173959\n|switch|p1a: Rayquaza|Rayquaza|100\/100\n|-ability|p1a: Rayquaza|Air Lock\n|turn|13\n|\n|t:|1700173983\n|-terastallize|p2a: Haru|Normal\n|-terastallize|p1a: Rayquaza|Dragon\n|move|p2a: Haru|Hyper Voice|p1a: Rayquaza\n|-damage|p1a: Rayquaza|18\/100\n|-damage|p2a: Haru|68\/100|[from] item: Life Orb\n|move|p1a: Rayquaza|Dragon Dance|p1a: Rayquaza\n|-boost|p1a: Rayquaza|atk|1\n|-boost|p1a: Rayquaza|spe|1\n|\n|upkeep\n|turn|14\n|\n|t:|1700173997\n|move|p1a: Rayquaza|Dragon Claw|p2a: Haru\n|-damage|p2a: Haru|0 fnt\n|replace|p2a: Ms. America|Zoroark-Hisui, F\n|-end|p2a: Ms. America|Illusion\n|faint|p2a: Ms. America\n|\n|upkeep\n|\n|t:|1700174001\n|switch|p2a: Haru|Lopunny, F|95\/100\n|-damage|p2a: Haru|82\/100|[from] Stealth Rock\n|turn|15\n|\n|t:|1700174010\n|move|p1a: Rayquaza|Dragon Claw|p2a: Haru\n|-damage|p2a: Haru|0 fnt\n|faint|p2a: Haru\n|\n|upkeep\n|\n|t:|1700174012\n|switch|p2a: Gardy|Gardevoir, F|88\/100\n|-damage|p2a: Gardy|76\/100|[from] Stealth Rock\n|-ability|p2a: Gardy|Air Lock|[from] ability: Trace|[of] p1a: Rayquaza\n|turn|16\n|c|\u2606MiReKa|gg\n|\n|t:|1700174025\n|move|p1a: Rayquaza|Dragon Ascent|p2a: Gardy\n|-damage|p2a: Gardy|0 fnt\n|-unboost|p1a: Rayquaza|def|1\n|-unboost|p1a: Rayquaza|spd|1\n|faint|p2a: Gardy\n|\n|win|beep boo2\n|raw|beep boo2's rating: 1044 &rarr; <strong>1080<\/strong><br \/>(+36 for winning)\n|raw|MiReKa's rating: 1074 &rarr; <strong>1051<\/strong><br \/>(-23 for losing)\n","uploadtime":1700173774,"views":8,"p1id":"beepboo2","p2id":"mireka","formatid":"gen9nationaldexubers","rating":1051,"private":0,"password":""}