{"id":"gen9nationaldexubers-1983034741","p1":"Quarters_OU","p2":"Crowspeake","format":"[Gen 9] National Dex Ubers","log":"|j|\u2606Quarters_OU\n|j|\u2606Crowspeake\n|t:|1699073104\n|gametype|singles\n|player|p1|Quarters_OU|169|\n|player|p2|Crowspeake|musician|\n|teamsize|p1|6\n|teamsize|p2|6\n|gen|9\n|tier|[Gen 9] National Dex Ubers\n|rule|HP Percentage Mod: HP is shown in percentages\n|rule|Endless Battle Clause: Forcing endless battles is banned\n|rule|OHKO Clause: OHKO moves are banned\n|rule|Evasion Moves Clause: Evasion moves are banned\n|rule|Evasion Items Clause: Evasion items are banned\n|rule|Species Clause: Limit one of each Pok\u00e9mon\n|rule|Sleep Clause Mod: Limit one foe put to sleep\n|rule|Mega Rayquaza Clause: You cannot mega evolve Rayquaza\n|clearpoke\n|poke|p1|Roaring Moon|\n|poke|p1|Ninetales-Alola, F|\n|poke|p1|Volcarona, F|\n|poke|p1|Clodsire, F|\n|poke|p1|Scizor, F|\n|poke|p1|Rotom-Wash|\n|poke|p2|Galvantula, M|\n|poke|p2|Lokix, M|\n|poke|p2|Scolipede, M|\n|poke|p2|Kleavor, F|\n|poke|p2|Scizor, F|\n|poke|p2|Volcarona, M|\n|teampreview\n|\n|t:|1699073124\n|start\n|switch|p1a: Rotom|Rotom-Wash|100\/100\n|switch|p2a: The Head|Galvantula, M|100\/100\n|turn|1\n|l|\u2606Quarters_OU\n|player|p1|\n|j|\u2606Quarters_OU\n|player|p1|Quarters_OU|169\n|\n|t:|1699073154\n|switch|p1a: Clodsire|Clodsire, F|100\/100\n|move|p2a: The Head|Sticky Web|p1a: Clodsire\n|-sidestart|p1: Quarters_OU|move: Sticky Web\n|\n|upkeep\n|turn|2\n|\n|t:|1699073162\n|move|p2a: The Head|Hidden Power|p1a: Clodsire\n|-supereffective|p1a: Clodsire\n|-damage|p1a: Clodsire|87\/100\n|move|p1a: Clodsire|Stealth Rock|p2a: The Head\n|-sidestart|p2: Crowspeake|move: Stealth Rock\n|\n|-heal|p1a: Clodsire|93\/100|[from] item: Leftovers\n|upkeep\n|turn|3\n|\n|t:|1699073172\n|switch|p2a: The Hands|Kleavor, F|100\/100\n|-damage|p2a: The Hands|76\/100|[from] Stealth Rock\n|move|p1a: Clodsire|Earthquake|p2a: The Hands\n|-damage|p2a: The Hands|40\/100\n|\n|-heal|p1a: Clodsire|99\/100|[from] item: Leftovers\n|upkeep\n|turn|4\n|\n|t:|1699073183\n|move|p2a: The Hands|Defog|p1a: Clodsire\n|-unboost|p1a: Clodsire|evasion|1\n|-sideend|p1: Quarters_OU|Sticky Web|[from] move: Defog|[of] p2a: The Hands\n|-sideend|p2: Crowspeake|Stealth Rock|[from] move: Defog|[of] p2a: The Hands\n|move|p1a: Clodsire|Earthquake|p2a: The Hands\n|-damage|p2a: The Hands|8\/100\n|\n|-heal|p1a: Clodsire|100\/100|[from] item: Leftovers\n|upkeep\n|turn|5\n|\n|t:|1699073215\n|switch|p1a: Scizor|Scizor, F|100\/100\n|move|p2a: The Hands|Stone Axe|p1a: Scizor\n|-damage|p1a: Scizor|52\/100\n|-sidestart|p1: Quarters_OU|move: Stealth Rock\n|\n|upkeep\n|turn|6\n|\n|t:|1699073224\n|detailschange|p1a: Scizor|Scizor-Mega, F\n|-mega|p1a: Scizor|Scizor|Scizorite\n|move|p1a: Scizor|Bullet Punch|p2a: The Hands\n|-supereffective|p2a: The Hands\n|-damage|p2a: The Hands|0 fnt\n|faint|p2a: The Hands\n|\n|upkeep\n|\n|t:|1699073250\n|switch|p2a: The Head|Galvantula, M|100\/100\n|turn|7\n|\n|t:|1699073258\n|switch|p1a: Rotom|Rotom-Wash|100\/100\n|-damage|p1a: Rotom|88\/100|[from] Stealth Rock\n|move|p2a: The Head|Thunder Wave|p1a: Rotom\n|-immune|p1a: Rotom\n|\n|upkeep\n|turn|8\n|\n|t:|1699073273\n|move|p2a: The Head|Sticky Web|p1a: Rotom\n|-sidestart|p1: Quarters_OU|move: Sticky Web\n|move|p1a: Rotom|Defog|p2a: The Head\n|-unboost|p2a: The Head|evasion|1\n|-sideend|p1: Quarters_OU|Stealth Rock|[from] move: Defog|[of] p1a: Rotom\n|-sideend|p1: Quarters_OU|Sticky Web|[from] move: Defog|[of] p1a: Rotom\n|\n|upkeep\n|turn|9\n|\n|t:|1699073279\n|switch|p1a: Clodsire|Clodsire, F|100\/100\n|move|p2a: The Head|Sticky Web|p1a: Clodsire\n|-sidestart|p1: Quarters_OU|move: Sticky Web\n|\n|upkeep\n|turn|10\n|\n|t:|1699073295\n|move|p2a: The Head|Hidden Power|p1a: Clodsire\n|-supereffective|p1a: Clodsire\n|-damage|p1a: Clodsire|85\/100\n|move|p1a: Clodsire|Earthquake|p2a: The Head\n|-damage|p2a: The Head|59\/100\n|\n|-heal|p1a: Clodsire|91\/100|[from] item: Leftovers\n|upkeep\n|turn|11\n|\n|t:|1699073309\n|move|p2a: The Head|Hidden Power|p1a: Clodsire\n|-supereffective|p1a: Clodsire\n|-damage|p1a: Clodsire|77\/100\n|move|p1a: Clodsire|Stealth Rock|p2a: The Head\n|-sidestart|p2: Crowspeake|move: Stealth Rock\n|\n|-heal|p1a: Clodsire|83\/100|[from] item: Leftovers\n|upkeep\n|turn|12\n|\n|t:|1699073312\n|move|p2a: The Head|Hidden Power|p1a: Clodsire\n|-supereffective|p1a: Clodsire\n|-damage|p1a: Clodsire|70\/100\n|move|p1a: Clodsire|Earthquake|p2a: The Head\n|-damage|p2a: The Head|18\/100\n|\n|-heal|p1a: Clodsire|76\/100|[from] item: Leftovers\n|upkeep\n|turn|13\n|\n|t:|1699073317\n|move|p2a: The Head|Hidden Power|p1a: Clodsire\n|-supereffective|p1a: Clodsire\n|-damage|p1a: Clodsire|60\/100\n|move|p1a: Clodsire|Recover|p1a: Clodsire\n|-heal|p1a: Clodsire|100\/100\n|\n|upkeep\n|turn|14\n|\n|t:|1699073320\n|move|p2a: The Head|Hidden Power|p1a: Clodsire\n|-supereffective|p1a: Clodsire\n|-damage|p1a: Clodsire|86\/100\n|move|p1a: Clodsire|Earthquake|p2a: The Head\n|-damage|p2a: The Head|0 fnt\n|faint|p2a: The Head\n|\n|-heal|p1a: Clodsire|92\/100|[from] item: Leftovers\n|upkeep\n|\n|t:|1699073325\n|switch|p2a: The Spirit|Volcarona, M, shiny|100\/100\n|-damage|p2a: The Spirit|51\/100|[from] Stealth Rock\n|turn|15\n|\n|t:|1699073334\n|move|p2a: The Spirit|Quiver Dance|p2a: The Spirit\n|-boost|p2a: The Spirit|spa|1\n|-boost|p2a: The Spirit|spd|1\n|-boost|p2a: The Spirit|spe|1\n|move|p1a: Clodsire|Toxic|p2a: The Spirit\n|-status|p2a: The Spirit|tox\n|\n|-heal|p1a: Clodsire|98\/100|[from] item: Leftovers\n|-damage|p2a: The Spirit|45\/100 tox|[from] psn\n|upkeep\n|turn|16\n|\n|t:|1699073346\n|move|p2a: The Spirit|Hurricane|p1a: Clodsire\n|-damage|p1a: Clodsire|66\/100\n|move|p1a: Clodsire|Earthquake|p2a: The Spirit\n|-damage|p2a: The Spirit|3\/100 tox\n|\n|-heal|p1a: Clodsire|72\/100|[from] item: Leftovers\n|-damage|p2a: The Spirit|0 fnt|[from] psn\n|faint|p2a: The Spirit\n|upkeep\n|\n|t:|1699073352\n|switch|p2a: The Arms|Scizor, F|100\/100\n|-damage|p2a: The Arms|88\/100|[from] Stealth Rock\n|turn|17\n|\n|t:|1699073368\n|switch|p1a: Rotom|Rotom-Wash|88\/100\n|detailschange|p2a: The Arms|Scizor-Mega, F\n|-mega|p2a: The Arms|Scizor|Scizorite\n|move|p2a: The Arms|Swords Dance|p2a: The Arms\n|-boost|p2a: The Arms|atk|2\n|\n|upkeep\n|turn|18\n|\n|t:|1699073376\n|move|p2a: The Arms|Bullet Punch|p1a: Rotom\n|-resisted|p1a: Rotom\n|-damage|p1a: Rotom|74\/100\n|move|p1a: Rotom|Will-O-Wisp|p2a: The Arms\n|-status|p2a: The Arms|brn\n|\n|-damage|p2a: The Arms|82\/100 brn|[from] brn\n|upkeep\n|turn|19\n|\n|t:|1699073393\n|move|p1a: Rotom|Hydro Pump|p2a: The Arms\n|-damage|p2a: The Arms|43\/100 brn\n|move|p2a: The Arms|Swords Dance|p2a: The Arms\n|-boost|p2a: The Arms|atk|2\n|\n|-damage|p2a: The Arms|37\/100 brn|[from] brn\n|upkeep\n|turn|20\n|\n|t:|1699073405\n|move|p1a: Rotom|Defog|p2a: The Arms\n|-unboost|p2a: The Arms|evasion|1\n|-sideend|p2: Crowspeake|Stealth Rock|[from] move: Defog|[of] p1a: Rotom\n|-sideend|p1: Quarters_OU|Sticky Web|[from] move: Defog|[of] p1a: Rotom\n|move|p2a: The Arms|Close Combat|p1a: Rotom\n|-damage|p1a: Rotom|17\/100\n|-unboost|p2a: The Arms|def|1\n|-unboost|p2a: The Arms|spd|1\n|-enditem|p1a: Rotom|Sitrus Berry|[eat]\n|-heal|p1a: Rotom|42\/100|[from] item: Sitrus Berry\n|\n|-damage|p2a: The Arms|31\/100 brn|[from] brn\n|upkeep\n|turn|21\n|\n|t:|1699073435\n|move|p1a: Rotom|Hydro Pump|p2a: The Arms\n|-damage|p2a: The Arms|0 fnt\n|faint|p2a: The Arms\n|\n|upkeep\n|\n|t:|1699073443\n|switch|p2a: The Foot|Lokix, M|100\/100\n|turn|22\n|\n|t:|1699073446\n|move|p2a: The Foot|First Impression|p1a: Rotom\n|-damage|p1a: Rotom|1\/100\n|-damage|p2a: The Foot|91\/100|[from] item: Life Orb\n|move|p1a: Rotom|Will-O-Wisp|p2a: The Foot\n|-status|p2a: The Foot|brn\n|\n|-damage|p2a: The Foot|85\/100 brn|[from] brn\n|upkeep\n|turn|23\n|\n|t:|1699073455\n|move|p2a: The Foot|Sucker Punch||[still]\n|-fail|p2a: The Foot\n|move|p1a: Rotom|Defog|p2a: The Foot\n|-unboost|p2a: The Foot|evasion|1\n|\n|-damage|p2a: The Foot|79\/100 brn|[from] brn\n|upkeep\n|turn|24\n|\n|t:|1699073462\n|move|p2a: The Foot|Sucker Punch||[still]\n|-fail|p2a: The Foot\n|move|p1a: Rotom|Will-O-Wisp|p2a: The Foot\n|-fail|p2a: The Foot|brn\n|\n|-damage|p2a: The Foot|73\/100 brn|[from] brn\n|upkeep\n|turn|25\n|\n|t:|1699073468\n|move|p2a: The Foot|Brick Break|p1a: Rotom\n|-damage|p1a: Rotom|0 fnt\n|faint|p1a: Rotom\n|-damage|p2a: The Foot|63\/100 brn|[from] item: Life Orb\n|\n|-damage|p2a: The Foot|57\/100 brn|[from] brn\n|upkeep\n|\n|t:|1699073475\n|switch|p1a: Ninetales|Ninetales-Alola, F|100\/100\n|-weather|Snow|[from] ability: Snow Warning|[of] p1a: Ninetales\n|turn|26\n|\n|t:|1699073478\n|move|p1a: Ninetales|Aurora Veil|p1a: Ninetales\n|-sidestart|p1: Quarters_OU|move: Aurora Veil\n|move|p2a: The Foot|Axe Kick|p1a: Ninetales|[miss]\n|-miss|p2a: The Foot|p1a: Ninetales\n|-damage|p2a: The Foot|7\/100 brn|[from] highjumpkick\n|\n|-weather|Snow|[upkeep]\n|-damage|p2a: The Foot|1\/100 brn|[from] brn\n|upkeep\n|turn|27\n|\n|t:|1699073490\n|move|p1a: Ninetales|Blizzard|p2a: The Foot\n|-damage|p2a: The Foot|0 fnt\n|faint|p2a: The Foot\n|\n|-weather|Snow|[upkeep]\n|upkeep\n|\n|t:|1699073507\n|switch|p2a: The Legs|Scolipede, M, shiny|100\/100\n|turn|28\n|\n|t:|1699073512\n|-terastallize|p2a: The Legs|Bug\n|move|p1a: Ninetales|Hypnosis|p2a: The Legs\n|-status|p2a: The Legs|slp|[from] move: Hypnosis\n|cant|p2a: The Legs|slp\n|\n|-weather|Snow|[upkeep]\n|-ability|p2a: The Legs|Speed Boost|boost\n|-boost|p2a: The Legs|spe|1\n|upkeep\n|turn|29\n|\n|t:|1699073516\n|switch|p1a: Volcarona|Volcarona, F|100\/100\n|-curestatus|p2a: The Legs|slp|[msg]\n|move|p2a: The Legs|Megahorn|p1a: Volcarona|[miss]\n|-miss|p2a: The Legs|p1a: Volcarona\n|\n|-weather|Snow|[upkeep]\n|-ability|p2a: The Legs|Speed Boost|boost\n|-boost|p2a: The Legs|spe|1\n|upkeep\n|turn|30\n|\n|t:|1699073522\n|move|p2a: The Legs|Poison Jab|p1a: Volcarona\n|-damage|p1a: Volcarona|73\/100\n|move|p1a: Volcarona|Fiery Dance|p2a: The Legs\n|-supereffective|p2a: The Legs\n|-damage|p2a: The Legs|0 fnt\n|faint|p2a: The Legs\n|\n|win|Quarters_OU\n|c|\u2606Crowspeake|gg\n","uploadtime":1699073531,"views":11,"p1id":"quartersou","p2id":"crowspeake","formatid":"gen9nationaldexubers","rating":0,"private":0,"password":""}