{"id":"gen9nationaldexubers-1978238448","p1":"AndTheJordSaid","p2":"Adesni","format":"[Gen 9] National Dex Ubers","log":"|j|\u2606AndTheJordSaid\n|j|\u2606Adesni\n|t:|1698515843\n|gametype|singles\n|player|p1|AndTheJordSaid|veteran|1393\n|player|p2|Adesni|102|1345\n|teamsize|p1|6\n|teamsize|p2|6\n|gen|9\n|tier|[Gen 9] National Dex Ubers\n|rated|\n|rule|HP Percentage Mod: HP is shown in percentages\n|rule|Endless Battle Clause: Forcing endless battles is banned\n|rule|OHKO Clause: OHKO moves are banned\n|rule|Evasion Moves Clause: Evasion moves are banned\n|rule|Evasion Items Clause: Evasion items are banned\n|rule|Species Clause: Limit one of each Pok\u00e9mon\n|rule|Sleep Clause Mod: Limit one foe put to sleep\n|rule|Mega Rayquaza Clause: You cannot mega evolve Rayquaza\n|clearpoke\n|poke|p1|Necrozma-Dusk-Mane|\n|poke|p1|Mewtwo|\n|poke|p1|Ho-Oh|\n|poke|p1|Rayquaza|\n|poke|p1|Xerneas-*|\n|poke|p1|Zekrom|\n|poke|p2|Yveltal|\n|poke|p2|Kyogre|\n|poke|p2|Jirachi|\n|poke|p2|Giratina-Origin|\n|poke|p2|Lugia|\n|poke|p2|Marshadow|\n|teampreview\n|\n|t:|1698515868\n|start\n|switch|p1a: Shen-2-Long|Rayquaza, shiny|100\/100\n|switch|p2a: Jirachi|Jirachi|100\/100\n|-ability|p1a: Shen-2-Long|Air Lock\n|turn|1\n|\n|t:|1698515886\n|switch|p1a: MyEx-Oh|Ho-Oh|100\/100\n|move|p2a: Jirachi|Light Screen|p2a: Jirachi\n|-sidestart|p2: Adesni|move: Light Screen\n|\n|upkeep\n|turn|2\n|\n|t:|1698515893\n|move|p2a: Jirachi|Reflect|p2a: Jirachi\n|-sidestart|p2: Adesni|Reflect\n|move|p1a: MyEx-Oh|Sacred Fire|p2a: Jirachi\n|-supereffective|p2a: Jirachi\n|-damage|p2a: Jirachi|74\/100\n|-status|p2a: Jirachi|brn\n|\n|-damage|p2a: Jirachi|68\/100 brn|[from] brn\n|upkeep\n|turn|3\n|\n|t:|1698515898\n|move|p2a: Jirachi|Wish|p2a: Jirachi\n|move|p1a: MyEx-Oh|Defog|p2a: Jirachi\n|-unboost|p2a: Jirachi|evasion|1\n|-sideend|p2: Adesni|Reflect\n|-sideend|p2: Adesni|move: Light Screen\n|\n|-damage|p2a: Jirachi|62\/100 brn|[from] brn\n|upkeep\n|turn|4\n|\n|t:|1698515903\n|switch|p2a: Kyogre|Kyogre|100\/100\n|detailschange|p2a: Kyogre|Kyogre-Primal\n|-primal|p2a: Kyogre|Blue Orb\n|-weather|PrimordialSea|[from] ability: Primordial Sea|[of] p2a: Kyogre\n|move|p1a: MyEx-Oh|Sacred Fire||[still]\n|-fail|p1a: MyEx-Oh|Sacred Fire|[from] Primordial Sea\n|\n|-weather|PrimordialSea|[upkeep]\n|upkeep\n|turn|5\n|\n|t:|1698515912\n|switch|p1a: Nebulion|Necrozma-Dusk-Mane|100\/100\n|move|p2a: Kyogre|Water Spout|p1a: Nebulion\n|-damage|p1a: Nebulion|0 fnt\n|faint|p1a: Nebulion\n|\n|-weather|PrimordialSea|[upkeep]\n|upkeep\n|\n|t:|1698515918\n|switch|p1a: ba|Zekrom, shiny|100\/100\n|-ability|p1a: ba|Teravolt\n|turn|6\n|\n|t:|1698515927\n|move|p1a: ba|Fusion Bolt|p2a: Kyogre\n|-supereffective|p2a: Kyogre\n|-damage|p2a: Kyogre|0 fnt\n|faint|p2a: Kyogre\n|-weather|none\n|\n|upkeep\n|\n|t:|1698515934\n|switch|p2a: Lugia|Lugia, shiny|100\/100\n|turn|7\n|\n|t:|1698515937\n|-terastallize|p2a: Lugia|Ice\n|move|p1a: ba|Fusion Bolt|p2a: Lugia\n|-damage|p2a: Lugia|67\/100\n|move|p2a: Lugia|Icy Wind|p1a: ba\n|-supereffective|p1a: ba\n|-damage|p1a: ba|65\/100\n|-unboost|p1a: ba|spe|1\n|\n|upkeep\n|turn|8\n|\n|t:|1698515946\n|switch|p1a: MyEx-Oh|Ho-Oh|100\/100\n|move|p2a: Lugia|Toxic|p1a: MyEx-Oh\n|-status|p1a: MyEx-Oh|tox\n|\n|-damage|p1a: MyEx-Oh|94\/100 tox|[from] psn\n|upkeep\n|turn|9\n|\n|t:|1698515950\n|switch|p2a: Jirachi|Jirachi|62\/100 brn\n|move|p1a: MyEx-Oh|Sacred Fire|p2a: Jirachi\n|-supereffective|p2a: Jirachi\n|-damage|p2a: Jirachi|3\/100 brn\n|\n|-damage|p1a: MyEx-Oh|82\/100 tox|[from] psn\n|-damage|p2a: Jirachi|0 fnt|[from] brn\n|faint|p2a: Jirachi\n|upkeep\n|\n|t:|1698515957\n|switch|p2a: Giratina|Giratina-Origin|100\/100\n|turn|10\n|\n|t:|1698515976\n|move|p2a: Giratina|Hex|p1a: MyEx-Oh\n|-damage|p1a: MyEx-Oh|53\/100 tox\n|move|p1a: MyEx-Oh|Toxic|p2a: Giratina\n|-status|p2a: Giratina|tox\n|\n|-damage|p2a: Giratina|94\/100 tox|[from] psn\n|-damage|p1a: MyEx-Oh|35\/100 tox|[from] psn\n|upkeep\n|turn|11\n|\n|t:|1698515985\n|switch|p1a: ba|Zekrom, shiny|65\/100\n|-ability|p1a: ba|Teravolt\n|move|p2a: Giratina|Hex|p1a: ba\n|-damage|p1a: ba|29\/100\n|\n|-damage|p2a: Giratina|82\/100 tox|[from] psn\n|upkeep\n|turn|12\n|\n|t:|1698515991\n|move|p1a: ba|Dragon Claw|p2a: Giratina\n|-supereffective|p2a: Giratina\n|-damage|p2a: Giratina|26\/100 tox\n|move|p2a: Giratina|Hex|p1a: ba\n|-damage|p1a: ba|0 fnt\n|faint|p1a: ba\n|\n|-damage|p2a: Giratina|7\/100 tox|[from] psn\n|upkeep\n|\n|t:|1698515999\n|switch|p1a: MyEx-Oh|Ho-Oh|68\/100 tox\n|turn|13\n|\n|t:|1698516008\n|move|p2a: Giratina|Defog|p1a: MyEx-Oh\n|-unboost|p1a: MyEx-Oh|evasion|1\n|move|p1a: MyEx-Oh|Sacred Fire|p2a: Giratina\n|-resisted|p2a: Giratina\n|-damage|p2a: Giratina|0 fnt\n|faint|p2a: Giratina\n|\n|-damage|p1a: MyEx-Oh|62\/100 tox|[from] psn\n|upkeep\n|\n|t:|1698516013\n|switch|p2a: Lugia|Lugia, shiny, tera:Ice|67\/100\n|turn|14\n|\n|t:|1698516020\n|-terastallize|p1a: MyEx-Oh|Fire\n|move|p2a: Lugia|Icy Wind|p1a: MyEx-Oh\n|-resisted|p1a: MyEx-Oh\n|-crit|p1a: MyEx-Oh\n|-damage|p1a: MyEx-Oh|56\/100 tox\n|-unboost|p1a: MyEx-Oh|spe|1\n|move|p1a: MyEx-Oh|Sacred Fire|p2a: Lugia\n|-supereffective|p2a: Lugia\n|-damage|p2a: Lugia|3\/100\n|\n|-damage|p1a: MyEx-Oh|44\/100 tox|[from] psn\n|upkeep\n|turn|15\n|\n|t:|1698516027\n|move|p2a: Lugia|Roost|p2a: Lugia\n|-heal|p2a: Lugia|53\/100\n|move|p1a: MyEx-Oh|Sacred Fire|p2a: Lugia\n|-supereffective|p2a: Lugia\n|-damage|p2a: Lugia|0 fnt\n|faint|p2a: Lugia\n|\n|-damage|p1a: MyEx-Oh|26\/100 tox|[from] psn\n|upkeep\n|\n|t:|1698516034\n|switch|p2a: Yveltal|Yveltal|100\/100\n|-ability|p2a: Yveltal|Dark Aura\n|turn|16\n|\n|t:|1698516038\n|switch|p1a: Dyson|Xerneas|100\/100\n|-ability|p1a: Dyson|Fairy Aura\n|move|p2a: Yveltal|Foul Play|p1a: Dyson\n|-resisted|p1a: Dyson\n|-damage|p1a: Dyson|82\/100\n|\n|upkeep\n|turn|17\n|\n|t:|1698516043\n|switch|p2a: Marshadow|Marshadow|100\/100\n|move|p1a: Dyson|Moonblast|p2a: Marshadow\n|-supereffective|p2a: Marshadow\n|-enditem|p2a: Marshadow|Focus Sash\n|-damage|p2a: Marshadow|1\/100\n|\n|upkeep\n|turn|18\n|\n|t:|1698516048\n|move|p2a: Marshadow|Poltergeist|p1a: Dyson\n|-activate|p1a: Dyson|move: Poltergeist|Power Herb\n|-damage|p1a: Dyson|33\/100\n|move|p1a: Dyson|Moonblast|p2a: Marshadow\n|-supereffective|p2a: Marshadow\n|-damage|p2a: Marshadow|0 fnt\n|faint|p2a: Marshadow\n|\n|upkeep\n|\n|t:|1698516058\n|switch|p2a: Yveltal|Yveltal|100\/100\n|-ability|p2a: Yveltal|Dark Aura\n|turn|19\n|\n|t:|1698516060\n|move|p2a: Yveltal|Oblivion Wing|p1a: Dyson\n|-damage|p1a: Dyson|3\/100\n|move|p1a: Dyson|Moonblast|p2a: Yveltal\n|-supereffective|p2a: Yveltal\n|-damage|p2a: Yveltal|0 fnt\n|faint|p2a: Yveltal\n|\n|win|AndTheJordSaid\n|raw|AndTheJordSaid's rating: 1393 &rarr; <strong>1410<\/strong><br \/>(+17 for winning)\n|raw|Adesni's rating: 1345 &rarr; <strong>1328<\/strong><br \/>(-17 for losing)\n|l|\u2606Adesni\n","uploadtime":1698516213,"views":6,"p1id":"andthejordsaid","p2id":"adesni","formatid":"gen9nationaldexubers","rating":1328,"private":0,"password":""}