{"id":"gen9nationaldexubers-1993907500","p1":"AceTheInadequate","p2":"DrDogbert","format":"[Gen 9] National Dex Ubers","log":"|j|\u2606AceTheInadequate\n|j|\u2606DrDogbert\n|t:|1700373445\n|gametype|singles\n|player|p1|AceTheInadequate|guitarist|\n|player|p2|DrDogbert|burglar|\n|teamsize|p1|6\n|teamsize|p2|6\n|gen|9\n|tier|[Gen 9] National Dex Ubers\n|rule|HP Percentage Mod: HP is shown in percentages\n|rule|Endless Battle Clause: Forcing endless battles is banned\n|rule|OHKO Clause: OHKO moves are banned\n|rule|Evasion Moves Clause: Evasion moves are banned\n|rule|Evasion Items Clause: Evasion items are banned\n|rule|Species Clause: Limit one of each Pok\u00e9mon\n|rule|Sleep Clause Mod: Limit one foe put to sleep\n|rule|Mega Rayquaza Clause: You cannot mega evolve Rayquaza\n|clearpoke\n|poke|p1|Volcarona, M|\n|poke|p1|Scizor, F|\n|poke|p1|Slither Wing|\n|poke|p1|Araquanid, M|\n|poke|p1|Ribombee, F|\n|poke|p1|Galvantula, F|\n|poke|p2|Flygon, M|\n|poke|p2|Garchomp, F|\n|poke|p2|Swampert, M|\n|poke|p2|Camerupt, F|\n|poke|p2|Gastrodon, F|\n|poke|p2|Great Tusk|\n|teampreview\n|\n|t:|1700373456\n|start\n|switch|p1a: Here comes the sun|Volcarona, M|100\/100\n|switch|p2a: Swampert|Swampert, M|100\/100\n|turn|1\n|\n|t:|1700373466\n|-terastallize|p1a: Here comes the sun|Water\n|move|p1a: Here comes the sun|Giga Drain|p2a: Swampert\n|-supereffective|p2a: Swampert\n|-damage|p2a: Swampert|4\/100\n|move|p2a: Swampert|Toxic|p1a: Here comes the sun\n|-status|p1a: Here comes the sun|tox\n|\n|-heal|p2a: Swampert|11\/100|[from] item: Leftovers\n|-damage|p1a: Here comes the sun|94\/100 tox|[from] psn\n|upkeep\n|turn|2\n|\n|t:|1700373486\n|move|p1a: Here comes the sun|Giga Drain|p2a: Swampert\n|-supereffective|p2a: Swampert\n|-damage|p2a: Swampert|0 fnt\n|-heal|p1a: Here comes the sun|100\/100 tox|[from] drain|[of] p2a: Swampert\n|faint|p2a: Swampert\n|\n|-damage|p1a: Here comes the sun|88\/100 tox|[from] psn\n|upkeep\n|\n|t:|1700373496\n|switch|p2a: Blug|Gastrodon, F|100\/100\n|turn|3\n|\n|t:|1700373506\n|switch|p1a: McQueen|Scizor, F|100\/100\n|move|p2a: Blug|Acid Armor|p2a: Blug\n|-boost|p2a: Blug|def|2\n|\n|upkeep\n|turn|4\n|\n|t:|1700373517\n|detailschange|p1a: McQueen|Scizor-Mega, F\n|-mega|p1a: McQueen|Scizor|Scizorite\n|move|p1a: McQueen|Swords Dance|p1a: McQueen\n|-boost|p1a: McQueen|atk|2\n|move|p2a: Blug|Icy Wind|p1a: McQueen\n|-resisted|p1a: McQueen\n|-damage|p1a: McQueen|94\/100\n|-unboost|p1a: McQueen|spe|1\n|\n|upkeep\n|turn|5\n|\n|t:|1700373525\n|move|p2a: Blug|Acid Armor|p2a: Blug\n|-boost|p2a: Blug|def|2\n|move|p1a: McQueen|Trailblaze|p2a: Blug\n|-supereffective|p2a: Blug\n|-damage|p2a: Blug|9\/100\n|-boost|p1a: McQueen|spe|1\n|\n|-heal|p2a: Blug|16\/100|[from] item: Leftovers\n|upkeep\n|turn|6\n|\n|t:|1700373534\n|move|p1a: McQueen|Swords Dance|p1a: McQueen\n|-boost|p1a: McQueen|atk|2\n|move|p2a: Blug|Recover|p2a: Blug\n|-heal|p2a: Blug|66\/100\n|\n|-heal|p2a: Blug|72\/100|[from] item: Leftovers\n|upkeep\n|turn|7\n|\n|t:|1700373544\n|move|p1a: McQueen|Trailblaze|p2a: Blug\n|-supereffective|p2a: Blug\n|-damage|p2a: Blug|0 fnt\n|-boost|p1a: McQueen|spe|1\n|faint|p2a: Blug\n|\n|upkeep\n|\n|t:|1700373555\n|switch|p2a: Camerupt|Camerupt, F|100\/100\n|turn|8\n|\n|t:|1700373564\n|detailschange|p2a: Camerupt|Camerupt-Mega, F\n|-mega|p2a: Camerupt|Camerupt|Cameruptite\n|move|p1a: McQueen|Dual Wingbeat|p2a: Camerupt\n|-damage|p2a: Camerupt|26\/100\n|-damage|p2a: Camerupt|0 fnt\n|faint|p2a: Camerupt\n|-hitcount|p2: Camerupt|2\n|\n|upkeep\n|\n|t:|1700373572\n|switch|p2a: Garchomp|Garchomp, F|100\/100\n|turn|9\n|\n|t:|1700373578\n|move|p2a: Garchomp|Fire Blast|p1a: McQueen\n|-supereffective|p1a: McQueen\n|-crit|p1a: McQueen\n|-damage|p1a: McQueen|0 fnt\n|faint|p1a: McQueen\n|\n|upkeep\n|\n|t:|1700373583\n|switch|p1a: Apollo Creed|Araquanid, M|100\/100\n|turn|10\n|\n|t:|1700373595\n|-terastallize|p2a: Garchomp|Dragon\n|move|p2a: Garchomp|Swords Dance|p2a: Garchomp\n|-boost|p2a: Garchomp|atk|2\n|move|p1a: Apollo Creed|Liquidation|p2a: Garchomp\n|-resisted|p2a: Garchomp\n|-damage|p2a: Garchomp|70\/100\n|-damage|p1a: Apollo Creed|88\/100|[from] ability: Rough Skin|[of] p2a: Garchomp\n|-damage|p1a: Apollo Creed|72\/100|[from] item: Rocky Helmet|[of] p2a: Garchomp\n|\n|upkeep\n|turn|11\n|\n|t:|1700373612\n|move|p2a: Garchomp|Scale Shot|p1a: Apollo Creed\n|-damage|p1a: Apollo Creed|37\/100\n|-enditem|p1a: Apollo Creed|Sitrus Berry|[eat]\n|-heal|p1a: Apollo Creed|62\/100|[from] item: Sitrus Berry\n|-damage|p1a: Apollo Creed|23\/100\n|-hitcount|p1a: Apollo Creed|2\n|-unboost|p2a: Garchomp|def|1\n|-boost|p2a: Garchomp|spe|1\n|move|p1a: Apollo Creed|Toxic|p2a: Garchomp\n|-status|p2a: Garchomp|tox\n|\n|-damage|p2a: Garchomp|64\/100 tox|[from] psn\n|upkeep\n|turn|12\n|\n|t:|1700373625\n|switch|p1a: Dududududu dada|Ribombee, F|100\/100\n|move|p2a: Garchomp|Swords Dance|p2a: Garchomp\n|-boost|p2a: Garchomp|atk|2\n|\n|-damage|p2a: Garchomp|51\/100 tox|[from] psn\n|upkeep\n|turn|13\n|\n|t:|1700373635\n|move|p2a: Garchomp|Earthquake|p1a: Dududududu dada\n|-resisted|p1a: Dududududu dada\n|-enditem|p1a: Dududududu dada|Focus Sash\n|-damage|p1a: Dududududu dada|1\/100\n|move|p1a: Dududududu dada|Quiver Dance|p1a: Dududududu dada\n|-boost|p1a: Dududududu dada|spa|1\n|-boost|p1a: Dududududu dada|spd|1\n|-boost|p1a: Dududududu dada|spe|1\n|\n|-damage|p2a: Garchomp|33\/100 tox|[from] psn\n|upkeep\n|turn|14\n|\n|t:|1700373644\n|move|p1a: Dududududu dada|Moonblast|p2a: Garchomp\n|-supereffective|p2a: Garchomp\n|-damage|p2a: Garchomp|0 fnt\n|faint|p2a: Garchomp\n|\n|upkeep\n|\n|t:|1700373652\n|switch|p2a: Flygon|Flygon, M|100\/100\n|turn|15\n|\n|t:|1700373671\n|move|p1a: Dududududu dada|Moonblast|p2a: Flygon\n|-supereffective|p2a: Flygon\n|-damage|p2a: Flygon|0 fnt\n|faint|p2a: Flygon\n|\n|upkeep\n|\n|t:|1700373676\n|switch|p2a: Great Titan|Great Tusk|100\/100\n|-enditem|p2a: Great Titan|Booster Energy\n|-activate|p2a: Great Titan|ability: Protosynthesis|[fromitem]\n|-start|p2a: Great Titan|protosynthesisatk\n|turn|16\n|\n|t:|1700373682\n|move|p1a: Dududududu dada|Moonblast|p2a: Great Titan\n|-supereffective|p2a: Great Titan\n|-damage|p2a: Great Titan|0 fnt\n|faint|p2a: Great Titan\n|-end|p2a: Great Titan|Protosynthesis|[silent]\n|\n|win|AceTheInadequate\n|l|\u2606DrDogbert\n","uploadtime":1700373713,"views":11,"p1id":"acetheinadequate","p2id":"drdogbert","formatid":"gen9nationaldexubers","rating":0,"private":0,"password":""}