{"id":"gen9nationaldexubers-1995722546","p1":"NRCV3","p2":"Ezael_Stormblood","format":"[Gen 9] National Dex Ubers","log":"|j|\u2606NRCV3\n|j|\u2606Ezael_Stormblood\n|t:|1700597108\n|gametype|singles\n|player|p1|NRCV3|flannery|1112\n|player|p2|Ezael_Stormblood|hiker-gen4|1173\n|teamsize|p1|6\n|teamsize|p2|6\n|gen|9\n|tier|[Gen 9] National Dex Ubers\n|rated|\n|rule|HP Percentage Mod: HP is shown in percentages\n|rule|Endless Battle Clause: Forcing endless battles is banned\n|rule|OHKO Clause: OHKO moves are banned\n|rule|Evasion Moves Clause: Evasion moves are banned\n|rule|Evasion Items Clause: Evasion items are banned\n|rule|Species Clause: Limit one of each Pok\u00e9mon\n|rule|Sleep Clause Mod: Limit one foe put to sleep\n|rule|Mega Rayquaza Clause: You cannot mega evolve Rayquaza\n|clearpoke\n|poke|p1|Alcremie, F|\n|poke|p1|Metagross|\n|poke|p1|Torterra, M|\n|poke|p1|Swanna, M|\n|poke|p1|Rotom-Wash|\n|poke|p1|Komala, F|\n|poke|p2|Reshiram|\n|poke|p2|Groudon|\n|poke|p2|Zoroark, F|\n|poke|p2|Delphox, F|\n|poke|p2|Absol, F|\n|poke|p2|Suicune|\n|teampreview\n|\n|t:|1700597123\n|start\n|switch|p1a: Rotom|Rotom-Wash|100\/100\n|switch|p2a: Suicune|Suicune|100\/100\n|turn|1\n|\n|t:|1700597147\n|move|p2a: Suicune|Sucker Punch|p1a: Rotom\n|-damage|p1a: Rotom|68\/100\n|move|p1a: Rotom|Volt Switch|p2a: Suicune\n|-damage|p2a: Suicune|48\/100\n|replace|p2a: Zoroark|Zoroark, F\n|-end|p2a: Zoroark|Illusion\n|\n|t:|1700597174\n|switch|p1a: Alcremie|Alcremie, F|100\/100|[from] Volt Switch\n|\n|upkeep\n|turn|2\n|\n|t:|1700597190\n|switch|p2a: Groudon|Groudon|100\/100\n|detailschange|p2a: Groudon|Groudon-Primal\n|-primal|p2a: Groudon|Red Orb\n|-weather|DesolateLand|[from] ability: Desolate Land|[of] p2a: Groudon\n|move|p1a: Alcremie|Dazzling Gleam|p2a: Groudon\n|-resisted|p2a: Groudon\n|-damage|p2a: Groudon|84\/100\n|\n|-weather|DesolateLand|[upkeep]\n|upkeep\n|turn|3\n|\n|t:|1700597225\n|switch|p1a: Swanna|Swanna, M|100\/100\n|move|p2a: Groudon|Swords Dance|p2a: Groudon\n|-boost|p2a: Groudon|atk|2\n|\n|-weather|DesolateLand|[upkeep]\n|upkeep\n|turn|4\n|\n|t:|1700597235\n|move|p1a: Swanna|Hurricane|p2a: Groudon|[miss]\n|-miss|p1a: Swanna|p2a: Groudon\n|move|p2a: Groudon|Swords Dance|p2a: Groudon\n|-boost|p2a: Groudon|atk|2\n|\n|-weather|DesolateLand|[upkeep]\n|upkeep\n|turn|5\n|\n|t:|1700597255\n|move|p1a: Swanna|Hurricane|p2a: Groudon\n|-damage|p2a: Groudon|22\/100\n|-damage|p1a: Swanna|91\/100|[from] item: Life Orb\n|move|p2a: Groudon|Heat Crash|p1a: Swanna\n|-resisted|p1a: Swanna\n|-damage|p1a: Swanna|0 fnt\n|faint|p1a: Swanna\n|\n|-weather|DesolateLand|[upkeep]\n|upkeep\n|\n|t:|1700597264\n|switch|p1a: Metagross|Metagross|100\/100\n|turn|6\n|\n|t:|1700597277\n|detailschange|p1a: Metagross|Metagross-Mega\n|-mega|p1a: Metagross|Metagross|Metagrossite\n|move|p1a: Metagross|Ice Punch|p2a: Groudon\n|-damage|p2a: Groudon|5\/100\n|move|p2a: Groudon|Heat Crash|p1a: Metagross\n|-supereffective|p1a: Metagross\n|-damage|p1a: Metagross|0 fnt\n|faint|p1a: Metagross\n|\n|-weather|DesolateLand|[upkeep]\n|upkeep\n|c|\u2606Ezael_Stormblood|the power of bulky groudon\n|-message|NRCV3 forfeited.\n|\n|win|Ezael_Stormblood\n|raw|NRCV3's rating: 1112 &rarr; <strong>1091<\/strong><br \/>(-21 for losing)\n|raw|Ezael_Stormblood's rating: 1173 &rarr; <strong>1194<\/strong><br \/>(+21 for winning)\n|l|\u2606NRCV3\n","uploadtime":1700597305,"views":0,"p1id":"nrcv3","p2id":"ezaelstormblood","formatid":"gen9nationaldexubers","rating":1091,"private":0,"password":""}