{"id":"gen9nationaldexubers-1989397653","p1":"dudusao","p2":"Tywilder","format":"[Gen 9] National Dex Ubers","log":"|j|\u2606dudusao\n|j|\u2606Tywilder\n|t:|1699845099\n|gametype|singles\n|player|p1|dudusao|byron|1149\n|player|p2|Tywilder|265|1052\n|teamsize|p1|6\n|teamsize|p2|6\n|gen|9\n|tier|[Gen 9] National Dex Ubers\n|rated|\n|rule|HP Percentage Mod: HP is shown in percentages\n|rule|Endless Battle Clause: Forcing endless battles is banned\n|rule|OHKO Clause: OHKO moves are banned\n|rule|Evasion Moves Clause: Evasion moves are banned\n|rule|Evasion Items Clause: Evasion items are banned\n|rule|Species Clause: Limit one of each Pok\u00e9mon\n|rule|Sleep Clause Mod: Limit one foe put to sleep\n|rule|Mega Rayquaza Clause: You cannot mega evolve Rayquaza\n|clearpoke\n|poke|p1|Alomomola, F|\n|poke|p1|Serperior, F|\n|poke|p1|Absol, F|\n|poke|p1|Zacian-*|\n|poke|p1|Iron Jugulis|\n|poke|p1|Iron Treads|\n|poke|p2|Blastoise, M|\n|poke|p2|Pelipper, F|\n|poke|p2|Meowscarada, F|\n|poke|p2|Iron Moth|\n|poke|p2|Dragapult, F|\n|poke|p2|Arctozolt|\n|teampreview\n|\n|t:|1699845110\n|start\n|switch|p1a: Iron Treads|Iron Treads|100\/100\n|switch|p2a: Pelipper|Pelipper, F|100\/100\n|-weather|RainDance|[from] ability: Drizzle|[of] p2a: Pelipper\n|turn|1\n|\n|t:|1699845120\n|move|p1a: Iron Treads|Stealth Rock|p2a: Pelipper\n|-sidestart|p2: Tywilder|move: Stealth Rock\n|move|p2a: Pelipper|Scald|p1a: Iron Treads\n|-supereffective|p1a: Iron Treads\n|-damage|p1a: Iron Treads|0 fnt\n|faint|p1a: Iron Treads\n|-end|p1a: Iron Treads|Quark Drive|[silent]\n|\n|-weather|RainDance|[upkeep]\n|upkeep\n|\n|t:|1699845129\n|switch|p1a: Absol|Absol, F|100\/100\n|-ability|p1a: Absol|Pressure\n|turn|2\n|\n|t:|1699845133\n|detailschange|p1a: Absol|Absol-Mega, F\n|-mega|p1a: Absol|Absol|Absolite\n|move|p1a: Absol|Swords Dance|p1a: Absol\n|-boost|p1a: Absol|atk|2\n|move|p2a: Pelipper|U-turn|p1a: Absol\n|-supereffective|p1a: Absol\n|-damage|p1a: Absol|67\/100\n|\n|t:|1699845141\n|switch|p2a: Blastoise|Blastoise, M|100\/100|[from] U-turn\n|-damage|p2a: Blastoise|88\/100|[from] Stealth Rock\n|\n|-weather|RainDance|[upkeep]\n|-heal|p2a: Blastoise|94\/100|[from] ability: Rain Dish\n|-heal|p2a: Blastoise|99\/100|[from] item: Leftovers\n|upkeep\n|turn|3\n|\n|t:|1699845151\n|-terastallize|p2a: Blastoise|Normal\n|move|p1a: Absol|Knock Off|p2a: Blastoise\n|-damage|p2a: Blastoise|0 fnt\n|-enditem|p2a: Blastoise|Leftovers|[from] move: Knock Off|[of] p1a: Absol\n|faint|p2a: Blastoise\n|\n|-weather|RainDance|[upkeep]\n|upkeep\n|\n|t:|1699845163\n|switch|p2a: Arctozolt|Arctozolt|100\/100\n|-damage|p2a: Arctozolt|76\/100|[from] Stealth Rock\n|turn|4\n|\n|t:|1699845169\n|move|p1a: Absol|Knock Off|p2a: Arctozolt\n|-damage|p2a: Arctozolt|0 fnt\n|-enditem|p2a: Arctozolt|Loaded Dice|[from] move: Knock Off|[of] p1a: Absol\n|faint|p2a: Arctozolt\n|\n|-weather|RainDance|[upkeep]\n|upkeep\n|\n|t:|1699845176\n|switch|p2a: Meowscarada|Meowscarada, F|100\/100\n|-damage|p2a: Meowscarada|88\/100|[from] Stealth Rock\n|turn|5\n|\n|t:|1699845181\n|move|p2a: Meowscarada|Quick Attack|p1a: Absol\n|-start|p2a: Meowscarada|typechange|Normal|[from] ability: Protean\n|-damage|p1a: Absol|26\/100\n|move|p1a: Absol|Close Combat|p2a: Meowscarada\n|-supereffective|p2a: Meowscarada\n|-damage|p2a: Meowscarada|0 fnt\n|-unboost|p1a: Absol|def|1\n|-unboost|p1a: Absol|spd|1\n|faint|p2a: Meowscarada\n|\n|-weather|RainDance|[upkeep]\n|upkeep\n|\n|t:|1699845193\n|switch|p2a: Dragapult|Dragapult, F|100\/100\n|-damage|p2a: Dragapult|88\/100|[from] Stealth Rock\n|turn|6\n|\n|t:|1699845198\n|move|p1a: Absol|Sucker Punch|p2a: Dragapult\n|-supereffective|p2a: Dragapult\n|-damage|p2a: Dragapult|0 fnt\n|faint|p2a: Dragapult\n|\n|-weather|RainDance|[upkeep]\n|upkeep\n|-message|Tywilder forfeited.\n|\n|win|dudusao\n|raw|dudusao's rating: 1149 &rarr; <strong>1167<\/strong><br \/>(+18 for winning)\n|raw|Tywilder's rating: 1052 &rarr; <strong>1039<\/strong><br \/>(-13 for losing)\n|l|\u2606Tywilder\n","uploadtime":1699845213,"views":5,"p1id":"dudusao","p2id":"tywilder","formatid":"gen9nationaldexubers","rating":1039,"private":0,"password":""}