{"id":"gen9nationaldexubers-1989245840","p1":"ILoveJ","p2":"BigPengSus","format":"[Gen 9] National Dex Ubers","log":"|j|\u2606ILoveJ\n|j|\u2606BigPengSus\n|t:|1699827543\n|gametype|singles\n|player|p1|ILoveJ|lyra|1193\n|player|p2|BigPengSus|linebacker|1239\n|teamsize|p1|6\n|teamsize|p2|6\n|gen|9\n|tier|[Gen 9] National Dex Ubers\n|rated|\n|rule|HP Percentage Mod: HP is shown in percentages\n|rule|Endless Battle Clause: Forcing endless battles is banned\n|rule|OHKO Clause: OHKO moves are banned\n|rule|Evasion Moves Clause: Evasion moves are banned\n|rule|Evasion Items Clause: Evasion items are banned\n|rule|Species Clause: Limit one of each Pok\u00e9mon\n|rule|Sleep Clause Mod: Limit one foe put to sleep\n|rule|Mega Rayquaza Clause: You cannot mega evolve Rayquaza\n|clearpoke\n|poke|p1|Baxcalibur, F|\n|poke|p1|Dragonite, F|\n|poke|p1|Greninja-*, M|\n|poke|p1|Groudon|\n|poke|p1|Mewtwo|\n|poke|p1|Zacian-*|\n|poke|p2|Galvantula, M|\n|poke|p2|Diglett, F|\n|poke|p2|Gallade, M|\n|poke|p2|Kyurem-Black|\n|poke|p2|Greninja-*, M|\n|poke|p2|Garchomp, M|\n|teampreview\n|\n|t:|1699827550\n|start\n|switch|p1a: Baxcalibur|Baxcalibur, F|100\/100\n|switch|p2a: Aldrya|Galvantula, M|100\/100\n|turn|1\n|inactive|Battle timer is ON: inactive players will automatically lose when time's up. (requested by BigPengSus)\n|c|\u2606BigPengSus|glhf\n|\n|t:|1699827559\n|move|p2a: Aldrya|Sticky Web|p1a: Baxcalibur\n|-sidestart|p1: ILoveJ|move: Sticky Web\n|move|p1a: Baxcalibur|Dragon Dance|p1a: Baxcalibur\n|-boost|p1a: Baxcalibur|atk|1\n|-boost|p1a: Baxcalibur|spe|1\n|\n|upkeep\n|turn|2\n|\n|t:|1699827562\n|move|p1a: Baxcalibur|Glaive Rush|p2a: Aldrya\n|-enditem|p2a: Aldrya|Focus Sash\n|-damage|p2a: Aldrya|1\/100\n|-singlemove|p1a: Baxcalibur|Glaive Rush|[silent]\n|move|p2a: Aldrya|Toxic|p1a: Baxcalibur\n|-status|p1a: Baxcalibur|tox\n|\n|-damage|p1a: Baxcalibur|94\/100 tox|[from] psn\n|upkeep\n|turn|3\n|\n|t:|1699827568\n|move|p1a: Baxcalibur|Glaive Rush|p2a: Aldrya\n|-damage|p2a: Aldrya|0 fnt\n|-singlemove|p1a: Baxcalibur|Glaive Rush|[silent]\n|faint|p2a: Aldrya\n|\n|-heal|p1a: Baxcalibur|100\/100 tox|[from] item: Leftovers\n|-damage|p1a: Baxcalibur|88\/100 tox|[from] psn\n|upkeep\n|\n|t:|1699827585\n|switch|p2a: Deimos|Diglett, F, shiny|100\/100\n|turn|4\n|\n|t:|1699827589\n|move|p1a: Baxcalibur|Earthquake|p2a: Deimos\n|-enditem|p2a: Deimos|Focus Sash\n|-damage|p2a: Deimos|1\/100\n|move|p2a: Deimos|Earthquake|p1a: Baxcalibur\n|-damage|p1a: Baxcalibur|58\/100 tox\n|\n|-heal|p1a: Baxcalibur|64\/100 tox|[from] item: Leftovers\n|-damage|p1a: Baxcalibur|46\/100 tox|[from] psn\n|upkeep\n|turn|5\n|\n|t:|1699827601\n|move|p2a: Deimos|Endure|p2a: Deimos\n|-singleturn|p2a: Deimos|move: Endure\n|move|p1a: Baxcalibur|Glaive Rush|p2a: Deimos\n|-activate|p2a: Deimos|move: Endure\n|-damage|p2a: Deimos|1\/100\n|-singlemove|p1a: Baxcalibur|Glaive Rush|[silent]\n|\n|-heal|p1a: Baxcalibur|52\/100 tox|[from] item: Leftovers\n|-damage|p1a: Baxcalibur|27\/100 tox|[from] psn\n|upkeep\n|turn|6\n|\n|t:|1699827605\n|move|p2a: Deimos|Sucker Punch|p1a: Baxcalibur\n|-damage|p1a: Baxcalibur|0 fnt\n|faint|p1a: Baxcalibur\n|\n|upkeep\n|\n|t:|1699827610\n|switch|p1a: Greninja|Greninja, M|100\/100\n|-activate|p1a: Greninja|move: Sticky Web\n|-unboost|p1a: Greninja|spe|1\n|turn|7\n|\n|t:|1699827616\n|switch|p2a: Yaldabaoth|Kyurem-Black, shiny|100\/100\n|-ability|p2a: Yaldabaoth|Teravolt\n|move|p1a: Greninja|Water Shuriken|p2a: Yaldabaoth\n|-resisted|p2a: Yaldabaoth\n|-damage|p2a: Yaldabaoth|96\/100\n|-resisted|p2a: Yaldabaoth\n|-damage|p2a: Yaldabaoth|92\/100\n|-hitcount|p2a: Yaldabaoth|2\n|-damage|p1a: Greninja|91\/100|[from] item: Life Orb\n|\n|upkeep\n|turn|8\n|\n|t:|1699827619\n|move|p2a: Yaldabaoth|Dragon Dance|p2a: Yaldabaoth\n|-boost|p2a: Yaldabaoth|atk|1\n|-boost|p2a: Yaldabaoth|spe|1\n|move|p1a: Greninja|Dark Pulse|p2a: Yaldabaoth\n|-damage|p2a: Yaldabaoth|51\/100\n|-damage|p1a: Greninja|81\/100|[from] item: Life Orb\n|\n|upkeep\n|turn|9\n|\n|t:|1699827628\n|move|p2a: Yaldabaoth|Fusion Bolt|p1a: Greninja\n|-supereffective|p1a: Greninja\n|-damage|p1a: Greninja|0 fnt\n|faint|p1a: Greninja\n|\n|upkeep\n|\n|t:|1699827632\n|switch|p1a: Dragonite|Dragonite, F|100\/100\n|turn|10\n|\n|t:|1699827642\n|-terastallize|p1a: Dragonite|Dragon\n|move|p2a: Yaldabaoth|Icicle Spear|p1a: Dragonite\n|-supereffective|p1a: Dragonite\n|-damage|p1a: Dragonite|43\/100\n|-supereffective|p1a: Dragonite\n|-damage|p1a: Dragonite|0 fnt\n|faint|p1a: Dragonite\n|-hitcount|p1: Dragonite|2\n|\n|upkeep\n|\n|t:|1699827646\n|switch|p1a: Groudon|Groudon|100\/100\n|-activate|p1a: Groudon|move: Sticky Web\n|-unboost|p1a: Groudon|spe|1\n|detailschange|p1a: Groudon|Groudon-Primal\n|-primal|p1a: Groudon|Red Orb\n|-weather|DesolateLand|[from] ability: Desolate Land|[of] p1a: Groudon\n|turn|11\n|\n|t:|1699827656\n|-terastallize|p2a: Yaldabaoth|Water\n|move|p2a: Yaldabaoth|Icicle Spear|p1a: Groudon\n|-damage|p1a: Groudon|88\/100\n|-damage|p1a: Groudon|75\/100\n|-damage|p1a: Groudon|60\/100\n|-damage|p1a: Groudon|45\/100\n|-damage|p1a: Groudon|32\/100\n|-hitcount|p1a: Groudon|5\n|move|p1a: Groudon|Power-Up Punch|p2a: Yaldabaoth\n|-damage|p2a: Yaldabaoth|34\/100\n|-boost|p1a: Groudon|atk|1\n|\n|-weather|DesolateLand|[upkeep]\n|upkeep\n|turn|12\n|\n|t:|1699827662\n|move|p2a: Yaldabaoth|Icicle Spear|p1a: Groudon\n|-damage|p1a: Groudon|17\/100\n|-damage|p1a: Groudon|3\/100\n|-damage|p1a: Groudon|0 fnt\n|faint|p1a: Groudon\n|-weather|none\n|-hitcount|p1: Groudon|3\n|\n|upkeep\n|\n|t:|1699827665\n|switch|p1a: Mewtwo|Mewtwo|100\/100\n|-activate|p1a: Mewtwo|move: Sticky Web\n|-unboost|p1a: Mewtwo|spe|1\n|-ability|p1a: Mewtwo|Pressure\n|turn|13\n|\n|t:|1699827672\n|detailschange|p1a: Mewtwo|Mewtwo-Mega-Y\n|-mega|p1a: Mewtwo|Mewtwo|Mewtwonite Y\n|move|p2a: Yaldabaoth|Icicle Spear|p1a: Mewtwo\n|-damage|p1a: Mewtwo|68\/100\n|-damage|p1a: Mewtwo|37\/100\n|-damage|p1a: Mewtwo|6\/100\n|-damage|p1a: Mewtwo|0 fnt\n|faint|p1a: Mewtwo\n|-hitcount|p1: Mewtwo|4\n|\n|upkeep\n|\n|t:|1699827676\n|switch|p1a: Zacian|Zacian-Crowned|100\/100\n|-activate|p1a: Zacian|move: Sticky Web\n|-unboost|p1a: Zacian|spe|1\n|-ability|p1a: Zacian|Intrepid Sword|boost\n|-boost|p1a: Zacian|atk|1\n|turn|14\n|-message|ILoveJ forfeited.\n|\n|win|BigPengSus\n|raw|ILoveJ's rating: 1193 &rarr; <strong>1171<\/strong><br \/>(-22 for losing)\n|raw|BigPengSus's rating: 1239 &rarr; <strong>1261<\/strong><br \/>(+22 for winning)\n|l|\u2606ILoveJ\n","uploadtime":1699827697,"views":19,"p1id":"ilovej","p2id":"bigpengsus","formatid":"gen9nationaldexubers","rating":1171,"private":0,"password":""}