{"id":"gen9nationaldexubers-1980959029","p1":"Trainer Lore","p2":"TheShinyBisharp360","format":"[Gen 9] National Dex Ubers","log":"|j|\u2606Trainer Lore\n|j|\u2606TheShinyBisharp360\n|t:|1698852339\n|gametype|singles\n|player|p1|Trainer Lore|veteranf|\n|player|p2|TheShinyBisharp360|dawn|\n|teamsize|p1|6\n|teamsize|p2|6\n|gen|9\n|tier|[Gen 9] National Dex Ubers\n|rule|HP Percentage Mod: HP is shown in percentages\n|rule|Endless Battle Clause: Forcing endless battles is banned\n|rule|OHKO Clause: OHKO moves are banned\n|rule|Evasion Moves Clause: Evasion moves are banned\n|rule|Evasion Items Clause: Evasion items are banned\n|rule|Species Clause: Limit one of each Pok\u00e9mon\n|rule|Sleep Clause Mod: Limit one foe put to sleep\n|rule|Mega Rayquaza Clause: You cannot mega evolve Rayquaza\n|clearpoke\n|poke|p1|Greninja-*, M|\n|poke|p1|Kingambit, F|\n|poke|p1|Roaring Moon|\n|poke|p1|Tyranitar, F|\n|poke|p1|Meowscarada, M|\n|poke|p1|Weavile, M|\n|poke|p2|Cloyster, F|\n|poke|p2|Baxcalibur, M|\n|poke|p2|Arctozolt|\n|poke|p2|Ninetales-Alola, F|\n|poke|p2|Cetitan, M|\n|poke|p2|Darmanitan-Galar, F|\n|teampreview\n|inactive|Battle timer is ON: inactive players will automatically lose when time's up. (requested by Trainer Lore)\n|\n|t:|1698852360\n|start\n|switch|p1a: Frostbite|Weavile, M|100\/100\n|switch|p2a: Darmanitan|Darmanitan-Galar, F|100\/100\n|-ability|p1a: Frostbite|Pressure\n|turn|1\n|\n|t:|1698852370\n|move|p2a: Darmanitan|U-turn|p1a: Frostbite\n|-supereffective|p1a: Frostbite\n|-enditem|p1a: Frostbite|Focus Sash\n|-damage|p1a: Frostbite|1\/100\n|\n|t:|1698852392\n|switch|p2a: Frost Burn|Ninetales-Alola, F|100\/100|[from] U-turn\n|-weather|Snow|[from] ability: Snow Warning|[of] p2a: Frost Burn\n|move|p1a: Frostbite|Brick Break|p2a: Frost Burn\n|-damage|p2a: Frost Burn|76\/100\n|\n|-weather|Snow|[upkeep]\n|upkeep\n|turn|2\n|\n|t:|1698852404\n|move|p1a: Frostbite|Swords Dance|p1a: Frostbite\n|-boost|p1a: Frostbite|atk|2\n|move|p2a: Frost Burn|Blizzard|p1a: Frostbite\n|-resisted|p1a: Frostbite\n|-damage|p1a: Frostbite|0 fnt\n|faint|p1a: Frostbite\n|\n|-weather|Snow|[upkeep]\n|upkeep\n|\n|t:|1698852411\n|switch|p1a: Kaiju|Tyranitar, F|100\/100\n|-weather|Sandstorm|[from] ability: Sand Stream|[of] p1a: Kaiju\n|turn|3\n|inactive|TheShinyBisharp360 has 270 seconds left.\n|\n|t:|1698852433\n|switch|p2a: Cloyster|Cloyster, F|100\/100\n|move|p1a: Kaiju|Dragon Dance|p1a: Kaiju\n|-boost|p1a: Kaiju|atk|1\n|-boost|p1a: Kaiju|spe|1\n|\n|-weather|Sandstorm|[upkeep]\n|-damage|p2a: Cloyster|94\/100|[from] Sandstorm\n|upkeep\n|turn|4\n|inactive|TheShinyBisharp360 has 270 seconds left.\n|\n|t:|1698852445\n|move|p1a: Kaiju|Rock Blast|p2a: Cloyster\n|-supereffective|p2a: Cloyster\n|-crit|p2a: Cloyster\n|-damage|p2a: Cloyster|42\/100\n|-supereffective|p2a: Cloyster\n|-damage|p2a: Cloyster|9\/100\n|-supereffective|p2a: Cloyster\n|-damage|p2a: Cloyster|0 fnt\n|faint|p2a: Cloyster\n|-hitcount|p2: Cloyster|3\n|\n|-weather|Sandstorm|[upkeep]\n|upkeep\n|inactive|TheShinyBisharp360 has 270 seconds left.\n|\n|t:|1698852455\n|switch|p2a: Frost Burn|Ninetales-Alola, F|76\/100\n|-weather|Snow|[from] ability: Snow Warning|[of] p2a: Frost Burn\n|turn|5\n|inactive|TheShinyBisharp360 has 270 seconds left.\n|\n|t:|1698852464\n|move|p1a: Kaiju|Rock Blast|p2a: Frost Burn\n|-supereffective|p2a: Frost Burn\n|-damage|p2a: Frost Burn|35\/100\n|-supereffective|p2a: Frost Burn\n|-damage|p2a: Frost Burn|0 fnt\n|faint|p2a: Frost Burn\n|-hitcount|p2: Frost Burn|2\n|\n|-weather|Snow|[upkeep]\n|upkeep\n|inactive|TheShinyBisharp360 has 270 seconds left.\n|\n|t:|1698852474\n|switch|p2a: Cetitan|Cetitan, M|100\/100\n|turn|6\n|\n|t:|1698852481\n|move|p2a: Cetitan|Play Rough|p1a: Kaiju\n|-supereffective|p1a: Kaiju\n|-damage|p1a: Kaiju|52\/100\n|move|p1a: Kaiju|Rock Blast|p2a: Cetitan|[miss]\n|-miss|p1a: Kaiju|p2a: Cetitan\n|\n|-weather|Snow|[upkeep]\n|upkeep\n|turn|7\n|\n|t:|1698852490\n|-terastallize|p1a: Kaiju|Poison\n|move|p2a: Cetitan|Earthquake|p1a: Kaiju\n|-supereffective|p1a: Kaiju\n|-damage|p1a: Kaiju|0 fnt\n|faint|p1a: Kaiju\n|\n|-weather|Snow|[upkeep]\n|upkeep\n|\n|t:|1698852509\n|switch|p1a: Shogun|Greninja, M|100\/100\n|turn|8\n|\n|t:|1698852514\n|move|p2a: Cetitan|Belly Drum|p2a: Cetitan\n|-damage|p2a: Cetitan|50\/100\n|-setboost|p2a: Cetitan|atk|6|[from] move: Belly Drum\n|-enditem|p2a: Cetitan|Sitrus Berry|[eat]\n|-heal|p2a: Cetitan|75\/100|[from] item: Sitrus Berry\n|move|p1a: Shogun|Hydro Pump|p2a: Cetitan\n|-damage|p2a: Cetitan|0 fnt\n|faint|p2a: Cetitan\n|-ability|p1a: Shogun|Battle Bond|boost\n|-boost|p1a: Shogun|atk|1\n|-boost|p1a: Shogun|spa|1\n|-boost|p1a: Shogun|spe|1\n|-activate|p1a: Shogun|ability: Battle Bond\n|-damage|p1a: Shogun|91\/100|[from] item: Life Orb\n|\n|-weather|Snow|[upkeep]\n|upkeep\n|inactive|TheShinyBisharp360 has 270 seconds left.\n|\n|t:|1698852547\n|switch|p2a: Darmanitan|Darmanitan-Galar, F|100\/100\n|turn|9\n|\n|t:|1698852551\n|move|p1a: Shogun|Hydro Pump|p2a: Darmanitan\n|-damage|p2a: Darmanitan|0 fnt\n|faint|p2a: Darmanitan\n|-damage|p1a: Shogun|81\/100|[from] item: Life Orb\n|\n|-weather|Snow|[upkeep]\n|upkeep\n|\n|t:|1698852562\n|switch|p2a: Baxcalibur|Baxcalibur, M|100\/100\n|turn|10\n|\n|t:|1698852575\n|move|p1a: Shogun|Ice Beam|p2a: Baxcalibur\n|-damage|p2a: Baxcalibur|50\/100\n|-damage|p1a: Shogun|71\/100|[from] item: Life Orb\n|move|p2a: Baxcalibur|Dragon Claw|p1a: Shogun\n|-damage|p1a: Shogun|0 fnt\n|faint|p1a: Shogun\n|\n|-weather|Snow|[upkeep]\n|upkeep\n|\n|t:|1698852584\n|switch|p1a: Jester|Meowscarada, M|100\/100\n|turn|11\n|\n|t:|1698852597\n|move|p1a: Jester|Brick Break|p2a: Baxcalibur\n|-start|p1a: Jester|typechange|Fighting|[from] ability: Protean\n|-supereffective|p2a: Baxcalibur\n|-damage|p2a: Baxcalibur|0 fnt\n|faint|p2a: Baxcalibur\n|\n|-weather|Snow|[upkeep]\n|upkeep\n|\n|t:|1698852605\n|switch|p2a: Arctozolt|Arctozolt|100\/100\n|turn|12\n|\n|t:|1698852612\n|move|p2a: Arctozolt|Bolt Beak|p1a: Jester\n|-damage|p1a: Jester|0 fnt\n|faint|p1a: Jester\n|\n|-weather|none\n|upkeep\n|\n|t:|1698852616\n|switch|p1a: Crescent|Roaring Moon|100\/100\n|turn|13\n|\n|t:|1698852624\n|move|p1a: Crescent|Earthquake|p2a: Arctozolt\n|-supereffective|p2a: Arctozolt\n|-damage|p2a: Arctozolt|22\/100\n|move|p2a: Arctozolt|Bolt Beak|p1a: Crescent\n|-resisted|p1a: Crescent\n|-damage|p1a: Crescent|64\/100\n|\n|upkeep\n|turn|14\n|\n|t:|1698852631\n|move|p1a: Crescent|Earthquake|p2a: Arctozolt\n|-supereffective|p2a: Arctozolt\n|-damage|p2a: Arctozolt|0 fnt\n|faint|p2a: Arctozolt\n|\n|win|Trainer Lore\n","uploadtime":1698852639,"views":12,"p1id":"trainerlore","p2id":"theshinybisharp360","formatid":"gen9nationaldexubers","rating":0,"private":0,"password":""}