{"id":"gen9nationaldexubers-1988427668","p1":"FishyFromMinecraft","p2":"Lurfyywyd","format":"[Gen 9] National Dex Ubers","log":"|j|\u2606FishyFromMinecraft\n|j|\u2606Lurfyywyd\n|t:|1699721825\n|gametype|singles\n|player|p1|FishyFromMinecraft|pokekid|\n|player|p2|Lurfyywyd|169|\n|teamsize|p1|6\n|teamsize|p2|6\n|gen|9\n|tier|[Gen 9] National Dex Ubers\n|rule|HP Percentage Mod: HP is shown in percentages\n|rule|Endless Battle Clause: Forcing endless battles is banned\n|rule|OHKO Clause: OHKO moves are banned\n|rule|Evasion Moves Clause: Evasion moves are banned\n|rule|Evasion Items Clause: Evasion items are banned\n|rule|Species Clause: Limit one of each Pok\u00e9mon\n|rule|Sleep Clause Mod: Limit one foe put to sleep\n|rule|Mega Rayquaza Clause: You cannot mega evolve Rayquaza\n|clearpoke\n|poke|p1|Garganacl, F|\n|poke|p1|Blissey, F|\n|poke|p1|Sableye, M|\n|poke|p1|Toxapex, M|\n|poke|p1|Lugia|\n|poke|p1|Quagsire, M|\n|poke|p2|Metagross|\n|poke|p2|Dragapult, M|\n|poke|p2|Chansey, F|\n|poke|p2|Toxapex, F|\n|poke|p2|Landorus-Therian, M|\n|poke|p2|Darmanitan-Galar, F|\n|teampreview\n|inactive|Battle timer is ON: inactive players will automatically lose when time's up. (requested by FishyFromMinecraft)\n|c|\u2606Lurfyywyd|Bro\n|c|\u2606Lurfyywyd|no way\n|c|\u2606Lurfyywyd|ur using\n|c|\u2606Lurfyywyd|ryanios team\n|c|\u2606Lurfyywyd|oh hell no\n|c|\u2606FishyFromMinecraft|U Finna get cooked\n|c|\u2606FishyFromMinecraft|U want me to use my team?\n|\n|t:|1699721848\n|start\n|switch|p1a: Garganacl|Garganacl, F|100\/100\n|switch|p2a: Metagross|Metagross|100\/100\n|turn|1\n|\n|t:|1699721856\n|move|p2a: Metagross|Hone Claws|p2a: Metagross\n|-boost|p2a: Metagross|atk|1\n|-boost|p2a: Metagross|accuracy|1\n|move|p1a: Garganacl|Stealth Rock|p2a: Metagross\n|-sidestart|p2: Lurfyywyd|move: Stealth Rock\n|\n|upkeep\n|turn|2\n|c|\u2606FishyFromMinecraft|U chose dearh\n|\n|t:|1699721862\n|detailschange|p2a: Metagross|Metagross-Mega\n|-mega|p2a: Metagross|Metagross|Metagrossite\n|move|p2a: Metagross|Meteor Mash|p1a: Garganacl\n|-supereffective|p1a: Garganacl\n|-damage|p1a: Garganacl|0 fnt\n|faint|p1a: Garganacl\n|\n|upkeep\n|\n|t:|1699721869\n|switch|p1a: Toxapex|Toxapex, M|100\/100\n|turn|3\n|c|\u2606Lurfyywyd|But how\n|c|\u2606Lurfyywyd|did I chose death\n|\n|t:|1699721873\n|move|p2a: Metagross|Earthquake|p1a: Toxapex\n|-supereffective|p1a: Toxapex\n|-damage|p1a: Toxapex|21\/100\n|move|p1a: Toxapex|Haze|p1a: Toxapex\n|-clearallboost\n|\n|upkeep\n|turn|4\n|c|\u2606Lurfyywyd|LUGIA I pred\n|\n|t:|1699721889\n|switch|p1a: Lugia|Lugia|100\/100\n|move|p2a: Metagross|Bullet Punch|p1a: Lugia\n|-damage|p1a: Lugia|93\/100\n|\n|upkeep\n|turn|5\n|c|\u2606Lurfyywyd|I PRED\n|c|\u2606Lurfyywyd|LUGIA\n|\n|t:|1699721899\n|switch|p2a: Chansey|Chansey, F|100\/100\n|-damage|p2a: Chansey|88\/100|[from] Stealth Rock\n|move|p1a: Lugia|Ice Beam|p2a: Chansey\n|-damage|p2a: Chansey|84\/100\n|\n|upkeep\n|turn|6\n|\n|t:|1699721908\n|move|p1a: Lugia|Toxic|p2a: Chansey\n|-status|p2a: Chansey|tox\n|move|p2a: Chansey|Toxic|p1a: Lugia\n|-status|p1a: Lugia|tox\n|\n|-damage|p1a: Lugia|87\/100 tox|[from] psn\n|-damage|p2a: Chansey|78\/100 tox|[from] psn\n|upkeep\n|turn|7\n|\n|t:|1699721914\n|move|p1a: Lugia|Ice Beam|p2a: Chansey\n|-damage|p2a: Chansey|73\/100 tox\n|move|p2a: Chansey|Stealth Rock|p1a: Lugia\n|-sidestart|p1: FishyFromMinecraft|move: Stealth Rock\n|\n|-damage|p1a: Lugia|74\/100 tox|[from] psn\n|-damage|p2a: Chansey|61\/100 tox|[from] psn\n|upkeep\n|turn|8\n|c|\u2606Lurfyywyd|This is fun\n|\n|t:|1699721929\n|move|p1a: Lugia|Ice Beam|p2a: Chansey\n|-damage|p2a: Chansey|56\/100 tox\n|move|p2a: Chansey|Soft-Boiled|p2a: Chansey\n|-heal|p2a: Chansey|100\/100 tox\n|\n|-damage|p1a: Lugia|55\/100 tox|[from] psn\n|-damage|p2a: Chansey|82\/100 tox|[from] psn\n|upkeep\n|turn|9\n|c|\u2606Lurfyywyd|I think I could\u2019ve swept u sorta with metagross\n|c|\u2606Lurfyywyd|I made the team in 5 mins\n|\n|t:|1699721946\n|move|p1a: Lugia|Recover|p1a: Lugia\n|-heal|p1a: Lugia|100\/100 tox\n|move|p2a: Chansey|Seismic Toss|p1a: Lugia\n|-damage|p1a: Lugia|76\/100 tox\n|\n|-damage|p1a: Lugia|51\/100 tox|[from] psn\n|-damage|p2a: Chansey|57\/100 tox|[from] psn\n|upkeep\n|turn|10\n|l|\u2606FishyFromMinecraft\n|inactive|FishyFromMinecraft disconnected and has 300 seconds to reconnect!\n|player|p1|\n|c|\u2606Lurfyywyd|Ahhh Tanky one you aee\n|j|\u2606FishyFromMinecraft\n|inactive|FishyFromMinecraft reconnected and has 295 seconds left.\n|player|p1|FishyFromMinecraft|pokekid\n|\n|t:|1699721981\n|move|p1a: Lugia|Recover|p1a: Lugia\n|-heal|p1a: Lugia|100\/100 tox\n|move|p2a: Chansey|Soft-Boiled|p2a: Chansey\n|-heal|p2a: Chansey|100\/100 tox\n|\n|-damage|p1a: Lugia|69\/100 tox|[from] psn\n|-damage|p2a: Chansey|69\/100 tox|[from] psn\n|upkeep\n|turn|11\n|\n|t:|1699721991\n|move|p1a: Lugia|Ice Beam|p2a: Chansey\n|-damage|p2a: Chansey|65\/100 tox\n|move|p2a: Chansey|Seismic Toss|p1a: Lugia\n|-damage|p1a: Lugia|45\/100 tox\n|\n|-damage|p1a: Lugia|8\/100 tox|[from] psn\n|-damage|p2a: Chansey|27\/100 tox|[from] psn\n|upkeep\n|turn|12\n|c|\u2606Lurfyywyd|Wait bro\n|c|\u2606Lurfyywyd|how is poison\n|c|\u2606Lurfyywyd|dropping are health\n|c|\u2606Lurfyywyd|so much\n|\n|t:|1699722012\n|move|p1a: Lugia|Recover|p1a: Lugia\n|-heal|p1a: Lugia|58\/100 tox\n|move|p2a: Chansey|Soft-Boiled|p2a: Chansey\n|-heal|p2a: Chansey|77\/100 tox\n|\n|-damage|p1a: Lugia|14\/100 tox|[from] psn\n|-damage|p2a: Chansey|34\/100 tox|[from] psn\n|upkeep\n|turn|13\n|c|\u2606FishyFromMinecraft|It does more over time\n|c|\u2606FishyFromMinecraft|we both ded\n|c|\u2606Lurfyywyd|LOLLLL\n|\n|t:|1699722024\n|move|p1a: Lugia|Recover|p1a: Lugia\n|-heal|p1a: Lugia|64\/100 tox\n|move|p2a: Chansey|Soft-Boiled|p2a: Chansey\n|-heal|p2a: Chansey|84\/100 tox\n|\n|-damage|p1a: Lugia|14\/100 tox|[from] psn\n|-damage|p2a: Chansey|34\/100 tox|[from] psn\n|upkeep\n|turn|14\n|c|\u2606Lurfyywyd|GAH\n|\n|t:|1699722031\n|move|p1a: Lugia|Recover|p1a: Lugia\n|-heal|p1a: Lugia|64\/100 tox\n|move|p2a: Chansey|Soft-Boiled|p2a: Chansey\n|-heal|p2a: Chansey|84\/100 tox\n|\n|-damage|p1a: Lugia|8\/100 tox|[from] psn\n|-damage|p2a: Chansey|27\/100 tox|[from] psn\n|upkeep\n|turn|15\n|c|\u2606Lurfyywyd|I never knew that\n|c|\u2606FishyFromMinecraft|56% dmg\n|c|\u2606Lurfyywyd|is this ur pbb team\n|c|\u2606FishyFromMinecraft|Nah\n|c|\u2606FishyFromMinecraft|my pbb team is broke\n|c|\u2606Lurfyywyd|What is it\n|\n|t:|1699722053\n|move|p1a: Lugia|Recover|p1a: Lugia\n|-heal|p1a: Lugia|58\/100 tox\n|move|p2a: Chansey|Soft-Boiled|p2a: Chansey\n|-heal|p2a: Chansey|77\/100 tox\n|\n|-damage|p1a: Lugia|0 fnt|[from] psn\n|faint|p1a: Lugia\n|-damage|p2a: Chansey|15\/100 tox|[from] psn\n|upkeep\n|\n|t:|1699722058\n|switch|p1a: Toxapex|Toxapex, M|55\/100\n|turn|16\n|\n|t:|1699722064\n|move|p2a: Chansey|Seismic Toss|p1a: Toxapex\n|-damage|p1a: Toxapex|22\/100\n|move|p1a: Toxapex|Recover|p1a: Toxapex\n|-heal|p1a: Toxapex|72\/100\n|\n|-damage|p2a: Chansey|0 fnt|[from] psn\n|faint|p2a: Chansey\n|upkeep\n|\n|t:|1699722068\n|switch|p2a: Metagross|Metagross-Mega|100\/100\n|-damage|p2a: Metagross|95\/100|[from] Stealth Rock\n|turn|17\n|\n|t:|1699722072\n|move|p2a: Metagross|Hone Claws|p2a: Metagross\n|-boost|p2a: Metagross|atk|1\n|-boost|p2a: Metagross|accuracy|1\n|move|p1a: Toxapex|Scald|p2a: Metagross\n|-damage|p2a: Metagross|75\/100\n|-status|p2a: Metagross|brn\n|\n|-damage|p2a: Metagross|69\/100 brn|[from] brn\n|upkeep\n|turn|18\n|\n|t:|1699722076\n|move|p2a: Metagross|Earthquake|p1a: Toxapex\n|-supereffective|p1a: Toxapex\n|-damage|p1a: Toxapex|34\/100\n|move|p1a: Toxapex|Scald|p2a: Metagross\n|-damage|p2a: Metagross|52\/100 brn\n|\n|-damage|p2a: Metagross|46\/100 brn|[from] brn\n|upkeep\n|turn|19\n|c|\u2606FishyFromMinecraft|W\n|c|\u2606Lurfyywyd|Wow\n|c|\u2606FishyFromMinecraft|Imma win\n|c|\u2606Lurfyywyd|luck is on ur side\n|\n|t:|1699722091\n|move|p2a: Metagross|Meteor Mash|p1a: Toxapex\n|-resisted|p1a: Toxapex\n|-damage|p1a: Toxapex|17\/100\n|move|p1a: Toxapex|Recover|p1a: Toxapex\n|-heal|p1a: Toxapex|67\/100\n|\n|-damage|p2a: Metagross|40\/100 brn|[from] brn\n|upkeep\n|turn|20\n|c|\u2606Lurfyywyd|Wait no\n|c|\u2606Lurfyywyd|i need to save metagross\n|\n|t:|1699722107\n|switch|p2a: Landorus|Landorus-Therian, M|100\/100\n|-damage|p2a: Landorus|88\/100|[from] Stealth Rock\n|-ability|p2a: Landorus|Intimidate|boost\n|-unboost|p1a: Toxapex|atk|1\n|move|p1a: Toxapex|Haze|p1a: Toxapex\n|-clearallboost\n|\n|-heal|p2a: Landorus|94\/100|[from] item: Leftovers\n|upkeep\n|turn|21\n|c|\u2606Lurfyywyd|I HAVE NOTHING TO COUNTER\n|c|\u2606Lurfyywyd|GAHHH\n|\n|t:|1699722131\n|move|p2a: Landorus|Knock Off|p1a: Toxapex\n|-damage|p1a: Toxapex|47\/100\n|-enditem|p1a: Toxapex|Heavy-Duty Boots|[from] move: Knock Off|[of] p2a: Landorus\n|move|p1a: Toxapex|Scald|p2a: Landorus\n|-supereffective|p2a: Landorus\n|-damage|p2a: Landorus|61\/100\n|-status|p2a: Landorus|brn\n|\n|-heal|p2a: Landorus|67\/100 brn|[from] item: Leftovers\n|-damage|p2a: Landorus|61\/100 brn|[from] brn\n|upkeep\n|turn|22\n|inactive|Lurfyywyd has 270 seconds left.\n|\n|t:|1699722161\n|move|p2a: Landorus|U-turn|p1a: Toxapex\n|-resisted|p1a: Toxapex\n|-damage|p1a: Toxapex|43\/100\n|\n|t:|1699722163\n|switch|p2a: Toxapex|Toxapex, F|100\/100|[from] U-turn\n|-damage|p2a: Toxapex|88\/100|[from] Stealth Rock\n|move|p1a: Toxapex|Recover|p1a: Toxapex\n|-heal|p1a: Toxapex|94\/100\n|\n|-heal|p2a: Toxapex|94\/100|[from] item: Black Sludge\n|upkeep\n|turn|23\n|\n|t:|1699722168\n|move|p1a: Toxapex|Scald|p2a: Toxapex\n|-resisted|p2a: Toxapex\n|-damage|p2a: Toxapex|88\/100\n|move|p2a: Toxapex|Scald|p1a: Toxapex\n|-resisted|p1a: Toxapex\n|-damage|p1a: Toxapex|87\/100\n|\n|-heal|p2a: Toxapex|95\/100|[from] item: Black Sludge\n|upkeep\n|turn|24\n|c|\u2606Lurfyywyd|I sold bro\n|c|\u2606Lurfyywyd|i got so impatient\n|c|\u2606Lurfyywyd|and brought metagross\n|c|\u2606Lurfyywyd|early\n|\n|t:|1699722182\n|move|p1a: Toxapex|Scald|p2a: Toxapex\n|-resisted|p2a: Toxapex\n|-damage|p2a: Toxapex|89\/100\n|move|p2a: Toxapex|Scald|p1a: Toxapex\n|-resisted|p1a: Toxapex\n|-damage|p1a: Toxapex|81\/100\n|-status|p1a: Toxapex|brn\n|\n|-heal|p2a: Toxapex|95\/100|[from] item: Black Sludge\n|-damage|p1a: Toxapex|75\/100 brn|[from] brn\n|upkeep\n|turn|25\n|c|\u2606FishyFromMinecraft|Stall off\n|c|\u2606Lurfyywyd|YES\n|c|\u2606Lurfyywyd|YESSS\n|\n|t:|1699722195\n|move|p1a: Toxapex|Scald|p2a: Toxapex\n|-resisted|p2a: Toxapex\n|-damage|p2a: Toxapex|89\/100\n|move|p2a: Toxapex|Scald|p1a: Toxapex\n|-resisted|p1a: Toxapex\n|-damage|p1a: Toxapex|69\/100 brn\n|\n|-heal|p2a: Toxapex|95\/100|[from] item: Black Sludge\n|-damage|p1a: Toxapex|63\/100 brn|[from] brn\n|upkeep\n|turn|26\n|c|\u2606Lurfyywyd|I win because I have my heal thing\n|\n|t:|1699722204\n|move|p2a: Toxapex|Baneful Bunker|p2a: Toxapex\n|-singleturn|p2a: Toxapex|move: Protect\n|move|p1a: Toxapex|Scald|p2a: Toxapex\n|-activate|p2a: Toxapex|move: Protect\n|\n|-heal|p2a: Toxapex|100\/100|[from] item: Black Sludge\n|-damage|p1a: Toxapex|57\/100 brn|[from] brn\n|upkeep\n|turn|27\n|c|\u2606Lurfyywyd|Enjoy a slow death\n|\n|t:|1699722216\n|move|p1a: Toxapex|Scald|p2a: Toxapex\n|-resisted|p2a: Toxapex\n|-damage|p2a: Toxapex|95\/100\n|-status|p2a: Toxapex|brn\n|move|p2a: Toxapex|Scald|p1a: Toxapex\n|-resisted|p1a: Toxapex\n|-damage|p1a: Toxapex|50\/100 brn\n|\n|-heal|p2a: Toxapex|100\/100 brn|[from] item: Black Sludge\n|-damage|p1a: Toxapex|44\/100 brn|[from] brn\n|-damage|p2a: Toxapex|94\/100 brn|[from] brn\n|upkeep\n|turn|28\n|c|\u2606Lurfyywyd|I should\u2019ve done this from the start\n|c|\u2606Lurfyywyd|ARE U SERIOUS\n|c|\u2606FishyFromMinecraft|YES\n|\n|t:|1699722226\n|move|p2a: Toxapex|Baneful Bunker|p2a: Toxapex\n|-singleturn|p2a: Toxapex|move: Protect\n|move|p1a: Toxapex|Recover|p1a: Toxapex\n|-heal|p1a: Toxapex|95\/100 brn\n|\n|-heal|p2a: Toxapex|100\/100 brn|[from] item: Black Sludge\n|-damage|p1a: Toxapex|89\/100 brn|[from] brn\n|-damage|p2a: Toxapex|94\/100 brn|[from] brn\n|upkeep\n|turn|29\n|c|\u2606Lurfyywyd|AND U HABE RECOVER\n|c|\u2606Lurfyywyd|ILE\n|c|\u2606FishyFromMinecraft|I PREDICTED THE BUNKER\n|c|\u2606FishyFromMinecraft|IM LEGIT CRACKED\n|inactive|Lurfyywyd has 270 seconds left.\n|\n|t:|1699722265\n|move|p1a: Toxapex|Scald|p2a: Toxapex\n|-resisted|p2a: Toxapex\n|-damage|p2a: Toxapex|89\/100 brn\n|move|p2a: Toxapex|Scald|p1a: Toxapex\n|-resisted|p1a: Toxapex\n|-damage|p1a: Toxapex|82\/100 brn\n|\n|-heal|p2a: Toxapex|95\/100 brn|[from] item: Black Sludge\n|-damage|p1a: Toxapex|76\/100 brn|[from] brn\n|-damage|p2a: Toxapex|89\/100 brn|[from] brn\n|upkeep\n|turn|30\n|c|\u2606FishyFromMinecraft|WAIT TILL I USE MY MAIN TEAM\n|inactive|Lurfyywyd has 270 seconds left.\n|\n|t:|1699722273\n|move|p1a: Toxapex|Scald|p2a: Toxapex\n|-resisted|p2a: Toxapex\n|-damage|p2a: Toxapex|83\/100 brn\n|move|p2a: Toxapex|Scald|p1a: Toxapex\n|-resisted|p1a: Toxapex\n|-damage|p1a: Toxapex|69\/100 brn\n|\n|-heal|p2a: Toxapex|89\/100 brn|[from] item: Black Sludge\n|-damage|p1a: Toxapex|64\/100 brn|[from] brn\n|-damage|p2a: Toxapex|83\/100 brn|[from] brn\n|upkeep\n|turn|31\n|inactive|Lurfyywyd has 270 seconds left.\n|c|\u2606Lurfyywyd|Is metagross better physical or range\n|\n|t:|1699722285\n|move|p1a: Toxapex|Scald|p2a: Toxapex\n|-resisted|p2a: Toxapex\n|-damage|p2a: Toxapex|77\/100 brn\n|move|p2a: Toxapex|Scald|p1a: Toxapex\n|-resisted|p1a: Toxapex\n|-crit|p1a: Toxapex\n|-damage|p1a: Toxapex|53\/100 brn\n|\n|-heal|p2a: Toxapex|84\/100 brn|[from] item: Black Sludge\n|-damage|p1a: Toxapex|47\/100 brn|[from] brn\n|-damage|p2a: Toxapex|77\/100 brn|[from] brn\n|upkeep\n|turn|32\n|c|\u2606FishyFromMinecraft|Physical\n|\n|t:|1699722295\n|move|p1a: Toxapex|Scald|p2a: Toxapex\n|-resisted|p2a: Toxapex\n|-damage|p2a: Toxapex|72\/100 brn\n|move|p2a: Toxapex|Scald|p1a: Toxapex\n|-resisted|p1a: Toxapex\n|-damage|p1a: Toxapex|41\/100 brn\n|\n|-heal|p2a: Toxapex|78\/100 brn|[from] item: Black Sludge\n|-damage|p1a: Toxapex|35\/100 brn|[from] brn\n|-damage|p2a: Toxapex|72\/100 brn|[from] brn\n|upkeep\n|turn|33\n|c|\u2606Lurfyywyd|I have draga on my team is it worth leaving it range\n|\n|t:|1699722305\n|move|p1a: Toxapex|Scald|p2a: Toxapex\n|-resisted|p2a: Toxapex\n|-damage|p2a: Toxapex|66\/100 brn\n|move|p2a: Toxapex|Scald|p1a: Toxapex\n|-resisted|p1a: Toxapex\n|-damage|p1a: Toxapex|28\/100 brn\n|\n|-heal|p2a: Toxapex|72\/100 brn|[from] item: Black Sludge\n|-damage|p1a: Toxapex|22\/100 brn|[from] brn\n|-damage|p2a: Toxapex|66\/100 brn|[from] brn\n|upkeep\n|turn|34\n|\n|t:|1699722311\n|move|p1a: Toxapex|Recover|p1a: Toxapex\n|-heal|p1a: Toxapex|72\/100 brn\n|move|p2a: Toxapex|Scald|p1a: Toxapex\n|-resisted|p1a: Toxapex\n|-crit|p1a: Toxapex\n|-damage|p1a: Toxapex|62\/100 brn\n|\n|-heal|p2a: Toxapex|72\/100 brn|[from] item: Black Sludge\n|-damage|p1a: Toxapex|56\/100 brn|[from] brn\n|-damage|p2a: Toxapex|66\/100 brn|[from] brn\n|upkeep\n|turn|35\n|c|\u2606FishyFromMinecraft|Ue\n|c|\u2606FishyFromMinecraft|ye\n|\n|t:|1699722330\n|move|p1a: Toxapex|Scald|p2a: Toxapex\n|-resisted|p2a: Toxapex\n|-damage|p2a: Toxapex|60\/100 brn\n|move|p2a: Toxapex|Scald|p1a: Toxapex\n|-resisted|p1a: Toxapex\n|-damage|p1a: Toxapex|49\/100 brn\n|\n|-heal|p2a: Toxapex|66\/100 brn|[from] item: Black Sludge\n|-damage|p1a: Toxapex|43\/100 brn|[from] brn\n|-damage|p2a: Toxapex|60\/100 brn|[from] brn\n|upkeep\n|turn|36\n|c|\u2606FishyFromMinecraft|U die\n|\n|t:|1699722337\n|switch|p2a: Dragapult|Dragapult, M|100\/100\n|-damage|p2a: Dragapult|88\/100|[from] Stealth Rock\n|move|p1a: Toxapex|Scald|p2a: Dragapult\n|-resisted|p2a: Dragapult\n|-damage|p2a: Dragapult|78\/100\n|\n|-damage|p1a: Toxapex|37\/100 brn|[from] brn\n|upkeep\n|turn|37\n|\n|t:|1699722344\n|move|p2a: Dragapult|Thunderbolt|p1a: Toxapex\n|-supereffective|p1a: Toxapex\n|-damage|p1a: Toxapex|0 fnt\n|faint|p1a: Toxapex\n|\n|upkeep\n|c|\u2606Lurfyywyd|Be gone\n|\n|t:|1699722349\n|switch|p1a: Sableye|Sableye, M|100\/100\n|-damage|p1a: Sableye|88\/100|[from] Stealth Rock\n|turn|38\n|c|\u2606Lurfyywyd|with the thunder clap\n|\n|t:|1699722357\n|switch|p2a: Toxapex|Toxapex, F|93\/100 brn\n|-damage|p2a: Toxapex|81\/100 brn|[from] Stealth Rock\n|detailschange|p1a: Sableye|Sableye-Mega, M\n|-mega|p1a: Sableye|Sableye|Sablenite\n|move|p1a: Sableye|Knock Off|p2a: Toxapex\n|-damage|p2a: Toxapex|60\/100 brn\n|-enditem|p2a: Toxapex|Black Sludge|[from] move: Knock Off|[of] p1a: Sableye\n|\n|-damage|p2a: Toxapex|53\/100 brn|[from] brn\n|upkeep\n|turn|39\n|c|\u2606Lurfyywyd|Bro u burned all my mons\n|c|\u2606Lurfyywyd|like dam\n|\n|t:|1699722370\n|move|p2a: Toxapex|Scald|p1a: Sableye\n|-damage|p1a: Sableye|73\/100\n|move|p1a: Sableye|Knock Off|p2a: Toxapex\n|-damage|p2a: Toxapex|40\/100 brn\n|\n|-damage|p2a: Toxapex|33\/100 brn|[from] brn\n|upkeep\n|turn|40\n|\n|t:|1699722378\n|move|p2a: Toxapex|Baneful Bunker|p2a: Toxapex\n|-singleturn|p2a: Toxapex|move: Protect\n|move|p1a: Sableye|Knock Off|p2a: Toxapex\n|-activate|p2a: Toxapex|move: Protect\n|-status|p1a: Sableye|psn\n|\n|-damage|p1a: Sableye|60\/100 psn|[from] psn\n|-damage|p2a: Toxapex|27\/100 brn|[from] brn\n|upkeep\n|turn|41\n|\n|t:|1699722383\n|move|p2a: Toxapex|Scald|p1a: Sableye\n|-damage|p1a: Sableye|43\/100 psn\n|move|p1a: Sableye|Knock Off|p2a: Toxapex\n|-damage|p2a: Toxapex|13\/100 brn\n|\n|-damage|p1a: Sableye|30\/100 psn|[from] psn\n|-damage|p2a: Toxapex|7\/100 brn|[from] brn\n|upkeep\n|turn|42\n|c|\u2606FishyFromMinecraft|I knew it\n|\n|t:|1699722389\n|move|p2a: Toxapex|Baneful Bunker|p2a: Toxapex\n|-singleturn|p2a: Toxapex|move: Protect\n|move|p1a: Sableye|Protect||[still]\n|-fail|p1a: Sableye\n|\n|-damage|p1a: Sableye|18\/100 psn|[from] psn\n|-damage|p2a: Toxapex|0 fnt|[from] brn\n|faint|p2a: Toxapex\n|upkeep\n|c|\u2606FishyFromMinecraft|Lol\n|\n|t:|1699722398\n|switch|p2a: Landorus|Landorus-Therian, M|61\/100 brn\n|-damage|p2a: Landorus|49\/100 brn|[from] Stealth Rock\n|-ability|p2a: Landorus|Intimidate|boost\n|-unboost|p1a: Sableye|atk|1\n|turn|43\n|c|\u2606FishyFromMinecraft|I misclick\n|c|\u2606Lurfyywyd|Now\n|\n|t:|1699722404\n|move|p2a: Landorus|Knock Off|p1a: Sableye\n|-damage|p1a: Sableye|11\/100 psn\n|move|p1a: Sableye|Recover|p1a: Sableye\n|-heal|p1a: Sableye|61\/100 psn\n|\n|-heal|p2a: Landorus|55\/100 brn|[from] item: Leftovers\n|-damage|p1a: Sableye|49\/100 psn|[from] psn\n|-damage|p2a: Landorus|49\/100 brn|[from] brn\n|upkeep\n|turn|44\n|c|\u2606Lurfyywyd|you have falled\n|c|\u2606Lurfyywyd|for my trap\n|c|\u2606Lurfyywyd|HOW\n|\n|t:|1699722412\n|move|p2a: Landorus|Knock Off|p1a: Sableye\n|-damage|p1a: Sableye|41\/100 psn\n|move|p1a: Sableye|Recover|p1a: Sableye\n|-heal|p1a: Sableye|91\/100 psn\n|\n|-heal|p2a: Landorus|55\/100 brn|[from] item: Leftovers\n|-damage|p1a: Sableye|78\/100 psn|[from] psn\n|-damage|p2a: Landorus|49\/100 brn|[from] brn\n|upkeep\n|turn|45\n|\n|t:|1699722416\n|move|p2a: Landorus|Knock Off|p1a: Sableye\n|-crit|p1a: Sableye\n|-damage|p1a: Sableye|68\/100 psn\n|move|p1a: Sableye|Knock Off|p2a: Landorus\n|-damage|p2a: Landorus|35\/100 brn\n|-enditem|p2a: Landorus|Leftovers|[from] move: Knock Off|[of] p1a: Sableye\n|\n|-damage|p1a: Sableye|55\/100 psn|[from] psn\n|-damage|p2a: Landorus|29\/100 brn|[from] brn\n|upkeep\n|turn|46\n|c|\u2606Lurfyywyd|This dam burn\n|\n|t:|1699722421\n|move|p2a: Landorus|Knock Off|p1a: Sableye\n|-damage|p1a: Sableye|49\/100 psn\n|move|p1a: Sableye|Knock Off|p2a: Landorus\n|-damage|p2a: Landorus|20\/100 brn\n|\n|-damage|p1a: Sableye|36\/100 psn|[from] psn\n|-damage|p2a: Landorus|14\/100 brn|[from] brn\n|upkeep\n|turn|47\n|\n|t:|1699722428\n|move|p2a: Landorus|Knock Off|p1a: Sableye\n|-damage|p1a: Sableye|29\/100 psn\n|move|p1a: Sableye|Recover|p1a: Sableye\n|-heal|p1a: Sableye|79\/100 psn\n|\n|-damage|p1a: Sableye|67\/100 psn|[from] psn\n|-damage|p2a: Landorus|8\/100 brn|[from] brn\n|upkeep\n|turn|48\n|c|\u2606Lurfyywyd|BURN BURN BURN BURN BURN\n|c|\u2606Lurfyywyd|IKE OH MY\n|\n|t:|1699722434\n|move|p1a: Sableye|Protect|p1a: Sableye\n|-singleturn|p1a: Sableye|Protect\n|move|p2a: Landorus|Knock Off|p1a: Sableye\n|-activate|p1a: Sableye|move: Protect\n|\n|-damage|p1a: Sableye|54\/100 psn|[from] psn\n|-damage|p2a: Landorus|2\/100 brn|[from] brn\n|upkeep\n|turn|49\n|\n|t:|1699722443\n|move|p2a: Landorus|Knock Off|p1a: Sableye\n|-damage|p1a: Sableye|47\/100 psn\n|move|p1a: Sableye|Knock Off|p2a: Landorus\n|-damage|p2a: Landorus|0 fnt\n|faint|p2a: Landorus\n|\n|-damage|p1a: Sableye|34\/100 psn|[from] psn\n|upkeep\n|\n|t:|1699722447\n|switch|p2a: Dragapult|Dragapult, M|78\/100\n|-damage|p2a: Dragapult|65\/100|[from] Stealth Rock\n|turn|50\n|c|\u2606FishyFromMinecraft|Lol\n|\n|t:|1699722457\n|move|p2a: Dragapult|Draco Meteor|p1a: Sableye\n|-damage|p1a: Sableye|0 fnt\n|-unboost|p2a: Dragapult|spa|2\n|faint|p1a: Sableye\n|\n|upkeep\n|\n|t:|1699722461\n|switch|p1a: Blissey|Blissey, F|100\/100\n|turn|51\n|\n|t:|1699722465\n|switch|p2a: Metagross|Metagross-Mega|40\/100 brn\n|-damage|p2a: Metagross|34\/100 brn|[from] Stealth Rock\n|move|p1a: Blissey|Toxic||[still]\n|-fail|p1a: Blissey\n|\n|-damage|p2a: Metagross|28\/100 brn|[from] brn\n|upkeep\n|turn|52\n|\n|t:|1699722469\n|move|p2a: Metagross|Meteor Mash|p1a: Blissey\n|-damage|p1a: Blissey|72\/100\n|move|p1a: Blissey|Seismic Toss|p2a: Metagross\n|-damage|p2a: Metagross|0 fnt\n|faint|p2a: Metagross\n|\n|upkeep\n|c|\u2606Lurfyywyd|Having a burn makes a big diffrence\n|c|\u2606Lurfyywyd|Ryanio would be dissapointed if he watched my game\n|c|\u2606FishyFromMinecraft|Did u scarf ur darm?\n|c|\u2606Lurfyywyd|No\n|\n|t:|1699722493\n|switch|p2a: Darmanitan|Darmanitan-Galar, F|100\/100\n|-damage|p2a: Darmanitan|76\/100|[from] Stealth Rock\n|turn|53\n|c|\u2606FishyFromMinecraft|Dem\n|\n|t:|1699722500\n|move|p2a: Darmanitan|Earthquake|p1a: Blissey\n|-damage|p1a: Blissey|27\/100\n|move|p1a: Blissey|Toxic|p2a: Darmanitan\n|-status|p2a: Darmanitan|tox\n|\n|-damage|p2a: Darmanitan|70\/100 tox|[from] psn\n|upkeep\n|turn|54\n|\n|t:|1699722504\n|move|p2a: Darmanitan|Earthquake|p1a: Blissey\n|-damage|p1a: Blissey|0 fnt\n|faint|p1a: Blissey\n|\n|-damage|p2a: Darmanitan|58\/100 tox|[from] psn\n|upkeep\n|\n|t:|1699722507\n|switch|p1a: Quagsire|Quagsire, M|100\/100\n|-damage|p1a: Quagsire|94\/100|[from] Stealth Rock\n|turn|55\n|\n|t:|1699722510\n|move|p2a: Darmanitan|Earthquake|p1a: Quagsire\n|-damage|p1a: Quagsire|45\/100\n|move|p1a: Quagsire|Earthquake|p2a: Darmanitan\n|-damage|p2a: Darmanitan|14\/100 tox\n|\n|-heal|p1a: Quagsire|51\/100|[from] item: Leftovers\n|-damage|p2a: Darmanitan|0 fnt|[from] psn\n|faint|p2a: Darmanitan\n|upkeep\n|\n|t:|1699722512\n|switch|p2a: Dragapult|Dragapult, M|65\/100\n|-damage|p2a: Dragapult|53\/100|[from] Stealth Rock\n|turn|56\n|c|\u2606FishyFromMinecraft|I can win\n|c|\u2606Lurfyywyd|Maybe\n|\n|t:|1699722521\n|move|p2a: Dragapult|Draco Meteor|p1a: Quagsire\n|-damage|p1a: Quagsire|0 fnt\n|-unboost|p2a: Dragapult|spa|2\n|faint|p1a: Quagsire\n|\n|win|Lurfyywyd\n|c|\u2606Lurfyywyd|Dragapult\n|c|\u2606Lurfyywyd|FOR THE WIN\n|c|\u2606Lurfyywyd|GG\n|c|\u2606FishyFromMinecraft|Ur so lucky\n|c|\u2606Lurfyywyd|ik\n|c|\u2606FishyFromMinecraft|rematch\n|l|\u2606FishyFromMinecraft\n|c|\u2606Lurfyywyd|u burned half my team\n","uploadtime":1699722537,"views":16,"p1id":"fishyfromminecraft","p2id":"lurfyywyd","formatid":"gen9nationaldexubers","rating":0,"private":0,"password":""}