{"id":"gen9nationaldexubers-1982996736","p1":"doubletrouble83","p2":"yujing96","format":"[Gen 9] National Dex Ubers","log":"|j|\u2606doubletrouble83\n|j|\u2606yujing96\n|t:|1699067846\n|gametype|singles\n|player|p1|doubletrouble83|n|1422\n|player|p2|yujing96|1|1378\n|teamsize|p1|6\n|teamsize|p2|6\n|gen|9\n|tier|[Gen 9] National Dex Ubers\n|rated|\n|rule|HP Percentage Mod: HP is shown in percentages\n|rule|Endless Battle Clause: Forcing endless battles is banned\n|rule|OHKO Clause: OHKO moves are banned\n|rule|Evasion Moves Clause: Evasion moves are banned\n|rule|Evasion Items Clause: Evasion items are banned\n|rule|Species Clause: Limit one of each Pok\u00e9mon\n|rule|Sleep Clause Mod: Limit one foe put to sleep\n|rule|Mega Rayquaza Clause: You cannot mega evolve Rayquaza\n|clearpoke\n|poke|p1|Basculegion, M|\n|poke|p1|Zygarde|\n|poke|p1|Marshadow|\n|poke|p1|Deoxys-Speed|\n|poke|p1|Zacian-*|\n|poke|p1|Pelipper, F|\n|poke|p2|Alakazam, M|\n|poke|p2|Landorus-Therian, M|\n|poke|p2|Ho-Oh|\n|poke|p2|Lunala|\n|poke|p2|Zygarde|\n|poke|p2|Arceus|\n|teampreview\n|inactive|Battle timer is ON: inactive players will automatically lose when time's up. (requested by doubletrouble83)\n|\n|t:|1699067860\n|start\n|switch|p1a: Deoxys|Deoxys-Speed|100\/100\n|switch|p2a: Alakazam|Alakazam, M|100\/100\n|-ability|p1a: Deoxys|Pressure\n|turn|1\n|\n|t:|1699067874\n|detailschange|p2a: Alakazam|Alakazam-Mega, M\n|-mega|p2a: Alakazam|Alakazam|Alakazite\n|-ability|p2a: Alakazam|Pressure\n|-ability|p2a: Alakazam|Pressure|[from] ability: Trace|[of] p1a: Deoxys\n|move|p1a: Deoxys|Stealth Rock|p2a: Alakazam\n|-sidestart|p2: yujing96|move: Stealth Rock\n|move|p2a: Alakazam|Shadow Ball|p1a: Deoxys\n|-supereffective|p1a: Deoxys\n|-damage|p1a: Deoxys|2\/100\n|\n|upkeep\n|turn|2\n|\n|t:|1699067886\n|move|p1a: Deoxys|Spikes|p2a: Alakazam\n|-sidestart|p2: yujing96|Spikes\n|move|p2a: Alakazam|Psychic|p1a: Deoxys\n|-resisted|p1a: Deoxys\n|-damage|p1a: Deoxys|0 fnt\n|faint|p1a: Deoxys\n|\n|upkeep\n|\n|t:|1699067899\n|switch|p1a: Marshadow|Marshadow|100\/100\n|turn|3\n|\n|t:|1699067904\n|switch|p2a: Ho-Oh|Ho-Oh|100\/100\n|move|p1a: Marshadow|Poltergeist|p2a: Ho-Oh\n|-activate|p2a: Ho-Oh|move: Poltergeist|Heavy-Duty Boots\n|-damage|p2a: Ho-Oh|59\/100\n|\n|upkeep\n|turn|4\n|\n|t:|1699067922\n|move|p1a: Marshadow|Poltergeist|p2a: Ho-Oh\n|-activate|p2a: Ho-Oh|move: Poltergeist|Heavy-Duty Boots\n|-damage|p2a: Ho-Oh|16\/100\n|move|p2a: Ho-Oh|Defog|p1a: Marshadow\n|-unboost|p1a: Marshadow|evasion|1\n|-sideend|p2: yujing96|Spikes|[from] move: Defog|[of] p2a: Ho-Oh\n|-sideend|p2: yujing96|Stealth Rock|[from] move: Defog|[of] p2a: Ho-Oh\n|\n|upkeep\n|turn|5\n|\n|t:|1699067931\n|switch|p2a: Arceus|Arceus|100\/100\n|move|p1a: Marshadow|Shadow Sneak|p2a: Arceus\n|-immune|p2a: Arceus\n|\n|upkeep\n|turn|6\n|\n|t:|1699067939\n|-terastallize|p2a: Arceus|Ghost\n|move|p1a: Marshadow|Close Combat|p2a: Arceus\n|-immune|p2a: Arceus\n|move|p2a: Arceus|Shadow Claw|p1a: Marshadow\n|-supereffective|p1a: Marshadow\n|-damage|p1a: Marshadow|27\/100\n|\n|upkeep\n|turn|7\n|\n|t:|1699067950\n|switch|p2a: Landorus|Landorus-Therian, M|100\/100\n|-ability|p2a: Landorus|Intimidate|boost\n|-unboost|p1a: Marshadow|atk|1\n|move|p1a: Marshadow|Poltergeist|p2a: Landorus\n|-activate|p2a: Landorus|move: Poltergeist|Rocky Helmet\n|-crit|p2a: Landorus\n|-damage|p2a: Landorus|10\/100\n|\n|upkeep\n|turn|8\n|\n|t:|1699067959\n|move|p1a: Marshadow|Shadow Sneak|p2a: Landorus\n|-damage|p2a: Landorus|0 fnt\n|-damage|p1a: Marshadow|10\/100|[from] item: Rocky Helmet|[of] p2a: Landorus\n|faint|p2a: Landorus\n|\n|upkeep\n|\n|t:|1699067972\n|switch|p2a: Zygarde|Zygarde|100\/100\n|turn|9\n|\n|t:|1699067978\n|move|p1a: Marshadow|Poltergeist|p2a: Zygarde|[miss]\n|-miss|p1a: Marshadow|p2a: Zygarde\n|move|p2a: Zygarde|Coil|p2a: Zygarde\n|-boost|p2a: Zygarde|atk|1\n|-boost|p2a: Zygarde|def|1\n|-boost|p2a: Zygarde|accuracy|1\n|\n|upkeep\n|turn|10\n|\n|t:|1699067987\n|move|p1a: Marshadow|Shadow Sneak|p2a: Zygarde\n|-damage|p2a: Zygarde|90\/100\n|move|p2a: Zygarde|Substitute|p2a: Zygarde\n|-start|p2a: Zygarde|Substitute\n|-damage|p2a: Zygarde|65\/100\n|\n|-heal|p2a: Zygarde|71\/100|[from] item: Leftovers\n|upkeep\n|turn|11\n|\n|t:|1699067995\n|move|p1a: Marshadow|Spectral Thief||[still]\n|-clearpositiveboost|p2a: Zygarde|p1a: Marshadow|move: Spectral Thief\n|-boost|p1a: Marshadow|atk|1\n|-boost|p1a: Marshadow|def|1\n|-boost|p1a: Marshadow|accuracy|1\n|-anim|p1a: Marshadow|Spectral Thief|p2a: Zygarde\n|-damage|p2a: Zygarde|36\/100\n|move|p2a: Zygarde|Coil|p2a: Zygarde\n|-boost|p2a: Zygarde|atk|1\n|-boost|p2a: Zygarde|def|1\n|-boost|p2a: Zygarde|accuracy|1\n|\n|-heal|p2a: Zygarde|42\/100|[from] item: Leftovers\n|-activate|p2a: Zygarde|ability: Power Construct\n|detailschange|p2a: Zygarde|Zygarde-Complete\n|-heal|p2a: Zygarde|63\/100|[silent]\n|upkeep\n|turn|12\n|\n|t:|1699068016\n|move|p1a: Marshadow|Spectral Thief||[still]\n|-clearpositiveboost|p2a: Zygarde|p1a: Marshadow|move: Spectral Thief\n|-boost|p1a: Marshadow|atk|1\n|-boost|p1a: Marshadow|def|1\n|-boost|p1a: Marshadow|accuracy|1\n|-anim|p1a: Marshadow|Spectral Thief|p2a: Zygarde\n|-damage|p2a: Zygarde|29\/100\n|move|p2a: Zygarde|Thousand Arrows|p1a: Marshadow\n|-damage|p1a: Marshadow|0 fnt\n|faint|p1a: Marshadow\n|\n|-heal|p2a: Zygarde|36\/100|[from] item: Leftovers\n|upkeep\n|\n|t:|1699068030\n|switch|p1a: Zacian|Zacian-Crowned|100\/100\n|-ability|p1a: Zacian|Intrepid Sword|boost\n|-boost|p1a: Zacian|atk|1\n|turn|13\n|\n|t:|1699068040\n|move|p1a: Zacian|Behemoth Blade|p2a: Zygarde\n|-end|p2a: Zygarde|Substitute\n|move|p2a: Zygarde|Thousand Arrows|p1a: Zacian\n|-supereffective|p1a: Zacian\n|-damage|p1a: Zacian|25\/100\n|\n|-heal|p2a: Zygarde|42\/100|[from] item: Leftovers\n|upkeep\n|turn|14\n|\n|t:|1699068050\n|move|p2a: Zygarde|Extreme Speed|p1a: Zacian\n|-resisted|p1a: Zacian\n|-damage|p1a: Zacian|12\/100\n|move|p1a: Zacian|Behemoth Blade|p2a: Zygarde\n|-damage|p2a: Zygarde|2\/100\n|\n|-heal|p2a: Zygarde|8\/100|[from] item: Leftovers\n|upkeep\n|turn|15\n|\n|t:|1699068062\n|move|p2a: Zygarde|Extreme Speed|p1a: Zacian\n|-resisted|p1a: Zacian\n|-damage|p1a: Zacian|0 fnt\n|faint|p1a: Zacian\n|\n|-heal|p2a: Zygarde|14\/100|[from] item: Leftovers\n|upkeep\n|\n|t:|1699068068\n|switch|p1a: Zygarde|Zygarde|100\/100\n|turn|16\n|\n|t:|1699068074\n|switch|p2a: Lunala|Lunala|100\/100\n|move|p1a: Zygarde|Dragon Tail|p2a: Lunala|[miss]\n|-miss|p1a: Zygarde|p2a: Lunala\n|\n|upkeep\n|turn|17\n|\n|t:|1699068083\n|move|p2a: Lunala|Trick|p1a: Zygarde\n|-activate|p2a: Lunala|move: Trick|[of] p1a: Zygarde\n|-item|p1a: Zygarde|Choice Scarf|[from] move: Trick\n|-item|p2a: Lunala|Leftovers|[from] move: Trick\n|move|p1a: Zygarde|Thousand Arrows|p2a: Lunala\n|-damage|p2a: Lunala|82\/100\n|\n|-heal|p2a: Lunala|88\/100|[from] item: Leftovers\n|upkeep\n|turn|18\n|\n|t:|1699068094\n|move|p1a: Zygarde|Thousand Arrows|p2a: Lunala\n|-damage|p2a: Lunala|55\/100\n|move|p2a: Lunala|Moonblast|p1a: Zygarde\n|-supereffective|p1a: Zygarde\n|-damage|p1a: Zygarde|28\/100\n|\n|-heal|p2a: Lunala|61\/100|[from] item: Leftovers\n|-activate|p1a: Zygarde|ability: Power Construct\n|detailschange|p1a: Zygarde|Zygarde-Complete\n|-heal|p1a: Zygarde|55\/100|[silent]\n|upkeep\n|turn|19\n|\n|t:|1699068108\n|move|p1a: Zygarde|Thousand Arrows|p2a: Lunala\n|-damage|p2a: Lunala|29\/100\n|move|p2a: Lunala|Moonblast|p1a: Zygarde\n|-supereffective|p1a: Zygarde\n|-damage|p1a: Zygarde|10\/100\n|\n|-heal|p2a: Lunala|35\/100|[from] item: Leftovers\n|upkeep\n|turn|20\n|\n|t:|1699068118\n|move|p1a: Zygarde|Thousand Arrows|p2a: Lunala\n|-damage|p2a: Lunala|0 fnt\n|faint|p2a: Lunala\n|\n|upkeep\n|\n|t:|1699068127\n|switch|p2a: Arceus|Arceus, tera:Ghost|100\/100\n|turn|21\n|\n|t:|1699068134\n|move|p1a: Zygarde|Thousand Arrows|p2a: Arceus\n|-damage|p2a: Arceus|77\/100\n|move|p2a: Arceus|Bulk Up|p2a: Arceus\n|-boost|p2a: Arceus|atk|1\n|-boost|p2a: Arceus|def|1\n|\n|upkeep\n|turn|22\n|\n|t:|1699068144\n|move|p1a: Zygarde|Thousand Arrows|p2a: Arceus\n|-damage|p2a: Arceus|60\/100\n|move|p2a: Arceus|Bulk Up|p2a: Arceus\n|-boost|p2a: Arceus|atk|1\n|-boost|p2a: Arceus|def|1\n|\n|upkeep\n|turn|23\n|\n|t:|1699068157\n|move|p1a: Zygarde|Thousand Arrows|p2a: Arceus\n|-damage|p2a: Arceus|48\/100\n|move|p2a: Arceus|Bulk Up|p2a: Arceus\n|-boost|p2a: Arceus|atk|1\n|-boost|p2a: Arceus|def|1\n|\n|upkeep\n|turn|24\n|\n|t:|1699068167\n|switch|p1a: Pelipper|Pelipper, F|100\/100\n|-weather|RainDance|[from] ability: Drizzle|[of] p1a: Pelipper\n|move|p2a: Arceus|Recover|p2a: Arceus\n|-heal|p2a: Arceus|98\/100\n|\n|-weather|RainDance|[upkeep]\n|upkeep\n|turn|25\n|\n|t:|1699068177\n|switch|p1a: Zygarde|Zygarde-Complete|10\/100\n|move|p2a: Arceus|Extreme Speed|p1a: Zygarde\n|-damage|p1a: Zygarde|0 fnt\n|faint|p1a: Zygarde\n|\n|-weather|RainDance|[upkeep]\n|upkeep\n|\n|t:|1699068186\n|switch|p1a: Pelipper|Pelipper, F|100\/100\n|turn|26\n|\n|t:|1699068190\n|move|p2a: Arceus|Extreme Speed|p1a: Pelipper\n|-damage|p1a: Pelipper|26\/100\n|move|p1a: Pelipper|Scald|p2a: Arceus\n|-damage|p2a: Arceus|73\/100\n|\n|-weather|RainDance|[upkeep]\n|upkeep\n|turn|27\n|\n|t:|1699068206\n|move|p2a: Arceus|Shadow Claw|p1a: Pelipper\n|-damage|p1a: Pelipper|0 fnt\n|faint|p1a: Pelipper\n|\n|-weather|RainDance|[upkeep]\n|upkeep\n|\n|t:|1699068211\n|switch|p1a: Basculegion|Basculegion, M|100\/100\n|turn|28\n|\n|t:|1699068218\n|-terastallize|p1a: Basculegion|Normal\n|move|p1a: Basculegion|Last Respects|p2a: Arceus\n|-supereffective|p2a: Arceus\n|-damage|p2a: Arceus|0 fnt\n|faint|p2a: Arceus\n|\n|-weather|RainDance|[upkeep]\n|upkeep\n|\n|t:|1699068232\n|switch|p2a: Zygarde|Zygarde-Complete|14\/100\n|turn|29\n|\n|t:|1699068238\n|move|p2a: Zygarde|Extreme Speed|p1a: Basculegion\n|-damage|p1a: Basculegion|69\/100\n|move|p1a: Basculegion|Last Respects|p2a: Zygarde\n|-damage|p2a: Zygarde|0 fnt\n|faint|p2a: Zygarde\n|\n|-weather|RainDance|[upkeep]\n|upkeep\n|\n|t:|1699068248\n|switch|p2a: Alakazam|Alakazam-Mega, M|100\/100\n|-ability|p2a: Alakazam|Swift Swim|[from] ability: Trace|[of] p1a: Basculegion\n|turn|30\n|\n|t:|1699068256\n|move|p2a: Alakazam|Psychic|p1a: Basculegion\n|-damage|p1a: Basculegion|5\/100\n|move|p1a: Basculegion|Last Respects|p2a: Alakazam\n|-supereffective|p2a: Alakazam\n|-crit|p2a: Alakazam\n|-damage|p2a: Alakazam|0 fnt\n|faint|p2a: Alakazam\n|\n|-weather|RainDance|[upkeep]\n|upkeep\n|\n|t:|1699068267\n|switch|p2a: Ho-Oh|Ho-Oh|50\/100\n|turn|31\n|\n|t:|1699068275\n|move|p1a: Basculegion|Last Respects|p2a: Ho-Oh\n|-damage|p2a: Ho-Oh|0 fnt\n|faint|p2a: Ho-Oh\n|\n|win|doubletrouble83\n|raw|doubletrouble83's rating: 1422 &rarr; <strong>1439<\/strong><br \/>(+17 for winning)\n|raw|yujing96's rating: 1378 &rarr; <strong>1361<\/strong><br \/>(-17 for losing)\n|c|\u2606doubletrouble83|gg\n","uploadtime":1699068281,"views":8,"p1id":"doubletrouble83","p2id":"yujing96","formatid":"gen9nationaldexubers","rating":1361,"private":0,"password":""}