{"id":"gen9nationaldexubers-1983547932","p1":"siamsee","p2":"heavylever","format":"[Gen 9] National Dex Ubers","log":"|j|\u2606siamsee\n|j|\u2606heavylever\n|t:|1699142094\n|gametype|singles\n|player|p1|siamsee|blue|1576\n|player|p2|heavylever|ash-unova|1654\n|teamsize|p1|6\n|teamsize|p2|6\n|gen|9\n|tier|[Gen 9] National Dex Ubers\n|rated|\n|rule|HP Percentage Mod: HP is shown in percentages\n|rule|Endless Battle Clause: Forcing endless battles is banned\n|rule|OHKO Clause: OHKO moves are banned\n|rule|Evasion Moves Clause: Evasion moves are banned\n|rule|Evasion Items Clause: Evasion items are banned\n|rule|Species Clause: Limit one of each Pok\u00e9mon\n|rule|Sleep Clause Mod: Limit one foe put to sleep\n|rule|Mega Rayquaza Clause: You cannot mega evolve Rayquaza\n|clearpoke\n|poke|p1|Zygarde|\n|poke|p1|Kyogre|\n|poke|p1|Necrozma-Dusk-Mane|\n|poke|p1|Arceus|\n|poke|p1|Yveltal|\n|poke|p1|Eternatus|\n|poke|p2|Groudon|\n|poke|p2|Reshiram|\n|poke|p2|Giratina-Origin|\n|poke|p2|Salamence, M|\n|poke|p2|Zacian-*|\n|poke|p2|Dialga|\n|teampreview\n|\n|t:|1699142099\n|start\n|switch|p1a: Yveltal|Yveltal|100\/100\n|switch|p2a: Dialga|Dialga|100\/100\n|-ability|p1a: Yveltal|Dark Aura\n|-ability|p2a: Dialga|Pressure\n|turn|1\n|inactive|Battle timer is ON: inactive players will automatically lose when time's up. (requested by heavylever)\n|\n|t:|1699142105\n|move|p1a: Yveltal|Dark Pulse|p2a: Dialga\n|-damage|p2a: Dialga|51\/100\n|cant|p2a: Dialga|flinch\n|\n|upkeep\n|turn|2\n|\n|t:|1699142112\n|move|p1a: Yveltal|Dark Pulse|p2a: Dialga\n|-damage|p2a: Dialga|2\/100\n|move|p2a: Dialga|Stealth Rock|p1a: Yveltal\n|-sidestart|p1: siamsee|move: Stealth Rock\n|\n|upkeep\n|turn|3\n|\n|t:|1699142120\n|move|p1a: Yveltal|Defog|p2a: Dialga\n|-unboost|p2a: Dialga|evasion|1\n|-sideend|p1: siamsee|Stealth Rock|[from] move: Defog|[of] p1a: Yveltal\n|move|p2a: Dialga|Thunder|p1a: Yveltal|[miss]\n|-miss|p2a: Dialga|p1a: Yveltal\n|\n|upkeep\n|turn|4\n|\n|t:|1699142127\n|move|p1a: Yveltal|Oblivion Wing|p2a: Dialga\n|-resisted|p2a: Dialga\n|-damage|p2a: Dialga|0 fnt\n|faint|p2a: Dialga\n|\n|upkeep\n|\n|t:|1699142131\n|switch|p2a: Zacian|Zacian-Crowned|100\/100\n|-ability|p2a: Zacian|Intrepid Sword|boost\n|-boost|p2a: Zacian|atk|1\n|turn|5\n|\n|t:|1699142137\n|switch|p1a: Necrozma|Necrozma-Dusk-Mane|100\/100\n|move|p2a: Zacian|Swords Dance|p2a: Zacian\n|-boost|p2a: Zacian|atk|2\n|\n|upkeep\n|turn|6\n|\n|t:|1699142144\n|-terastallize|p2a: Zacian|Ground\n|move|p2a: Zacian|Tera Blast|p1a: Necrozma|[anim] Tera Blast Ground\n|-supereffective|p1a: Necrozma\n|-damage|p1a: Necrozma|0 fnt\n|faint|p1a: Necrozma\n|\n|upkeep\n|\n|t:|1699142161\n|switch|p1a: Arceus|Arceus|100\/100\n|turn|7\n|\n|t:|1699142173\n|-terastallize|p1a: Arceus|Ghost\n|move|p2a: Zacian|Behemoth Blade|p1a: Arceus\n|-damage|p1a: Arceus|5\/100\n|move|p1a: Arceus|Swords Dance|p1a: Arceus\n|-boost|p1a: Arceus|atk|2\n|\n|-heal|p1a: Arceus|11\/100|[from] item: Leftovers\n|upkeep\n|turn|8\n|\n|t:|1699142184\n|move|p1a: Arceus|Extreme Speed|p2a: Zacian\n|-damage|p2a: Zacian|15\/100\n|move|p2a: Zacian|Behemoth Blade|p1a: Arceus\n|-damage|p1a: Arceus|0 fnt\n|faint|p1a: Arceus\n|\n|upkeep\n|\n|t:|1699142197\n|switch|p1a: Zygarde|Zygarde|100\/100\n|turn|9\n|\n|t:|1699142202\n|move|p2a: Zacian|Play Rough|p1a: Zygarde|[miss]\n|-miss|p2a: Zacian|p1a: Zygarde\n|move|p1a: Zygarde|Glare|p2a: Zacian\n|-status|p2a: Zacian|par\n|\n|upkeep\n|turn|10\n|\n|t:|1699142207\n|move|p1a: Zygarde|Thousand Arrows|p2a: Zacian\n|-damage|p2a: Zacian|0 fnt\n|faint|p2a: Zacian\n|\n|upkeep\n|\n|t:|1699142214\n|switch|p2a: Reshiram|Reshiram|100\/100\n|-ability|p2a: Reshiram|Turboblaze\n|turn|11\n|\n|t:|1699142224\n|switch|p1a: Yveltal|Yveltal|100\/100\n|-ability|p1a: Yveltal|Dark Aura\n|move|p2a: Reshiram|Draco Meteor|p1a: Yveltal\n|-damage|p1a: Yveltal|32\/100\n|-unboost|p2a: Reshiram|spa|2\n|\n|upkeep\n|turn|12\n|\n|t:|1699142233\n|move|p2a: Reshiram|Draco Meteor|p1a: Yveltal\n|-damage|p1a: Yveltal|0 fnt\n|-unboost|p2a: Reshiram|spa|2\n|faint|p1a: Yveltal\n|\n|upkeep\n|\n|t:|1699142237\n|switch|p1a: Kyogre|Kyogre|100\/100\n|detailschange|p1a: Kyogre|Kyogre-Primal\n|-primal|p1a: Kyogre|Blue Orb\n|-weather|PrimordialSea|[from] ability: Primordial Sea|[of] p1a: Kyogre\n|turn|13\n|\n|t:|1699142242\n|switch|p2a: Groudon|Groudon|100\/100\n|detailschange|p2a: Groudon|Groudon-Primal\n|-primal|p2a: Groudon|Red Orb\n|-weather|DesolateLand|[from] ability: Desolate Land|[of] p2a: Groudon\n|move|p1a: Kyogre|Defense Curl|p1a: Kyogre\n|-boost|p1a: Kyogre|def|1\n|\n|-weather|DesolateLand|[upkeep]\n|upkeep\n|turn|14\n|\n|t:|1699142249\n|move|p2a: Groudon|Earthquake|p1a: Kyogre\n|-damage|p1a: Kyogre|54\/100\n|move|p1a: Kyogre|Ice Beam|p2a: Groudon\n|-damage|p2a: Groudon|56\/100\n|\n|-weather|DesolateLand|[upkeep]\n|upkeep\n|turn|15\n|\n|t:|1699142258\n|move|p2a: Groudon|Earthquake|p1a: Kyogre\n|-damage|p1a: Kyogre|7\/100\n|move|p1a: Kyogre|Ice Beam|p2a: Groudon\n|-damage|p2a: Groudon|16\/100\n|\n|-weather|DesolateLand|[upkeep]\n|upkeep\n|turn|16\n|\n|t:|1699142266\n|move|p1a: Kyogre|Ice Beam|p2a: Groudon\n|-damage|p2a: Groudon|0 fnt\n|faint|p2a: Groudon\n|-weather|none\n|\n|upkeep\n|\n|t:|1699142271\n|switch|p2a: Salamence|Salamence, M, shiny|100\/100\n|-ability|p2a: Salamence|Intimidate|boost\n|-unboost|p1a: Kyogre|atk|1\n|turn|17\n|\n|t:|1699142277\n|detailschange|p2a: Salamence|Salamence-Mega, M, shiny\n|-mega|p2a: Salamence|Salamence|Salamencite\n|move|p2a: Salamence|Dragon Claw|p1a: Kyogre\n|-damage|p1a: Kyogre|0 fnt\n|faint|p1a: Kyogre\n|\n|upkeep\n|\n|t:|1699142291\n|switch|p1a: Zygarde|Zygarde|100\/100\n|turn|18\n|\n|t:|1699142296\n|move|p2a: Salamence|Dragon Dance|p2a: Salamence\n|-boost|p2a: Salamence|atk|1\n|-boost|p2a: Salamence|spe|1\n|move|p1a: Zygarde|Glare|p2a: Salamence\n|-status|p2a: Salamence|par\n|\n|upkeep\n|turn|19\n|\n|t:|1699142310\n|move|p2a: Salamence|Dragon Dance|p2a: Salamence\n|-boost|p2a: Salamence|atk|1\n|-boost|p2a: Salamence|spe|1\n|move|p1a: Zygarde|Substitute|p1a: Zygarde\n|-start|p1a: Zygarde|Substitute\n|-damage|p1a: Zygarde|76\/100\n|\n|-heal|p1a: Zygarde|82\/100|[from] item: Leftovers\n|upkeep\n|turn|20\n|\n|t:|1699142313\n|move|p2a: Salamence|Dragon Claw|p1a: Zygarde\n|-supereffective|p1a: Zygarde\n|-end|p1a: Zygarde|Substitute\n|move|p1a: Zygarde|Coil|p1a: Zygarde\n|-boost|p1a: Zygarde|atk|1\n|-boost|p1a: Zygarde|def|1\n|-boost|p1a: Zygarde|accuracy|1\n|\n|-heal|p1a: Zygarde|88\/100|[from] item: Leftovers\n|upkeep\n|turn|21\n|\n|t:|1699142319\n|cant|p2a: Salamence|par\n|move|p1a: Zygarde|Coil|p1a: Zygarde\n|-boost|p1a: Zygarde|atk|1\n|-boost|p1a: Zygarde|def|1\n|-boost|p1a: Zygarde|accuracy|1\n|\n|-heal|p1a: Zygarde|94\/100|[from] item: Leftovers\n|upkeep\n|turn|22\n|\n|t:|1699142323\n|move|p2a: Salamence|Dragon Dance|p2a: Salamence\n|-boost|p2a: Salamence|atk|1\n|-boost|p2a: Salamence|spe|1\n|move|p1a: Zygarde|Coil|p1a: Zygarde\n|-boost|p1a: Zygarde|atk|1\n|-boost|p1a: Zygarde|def|1\n|-boost|p1a: Zygarde|accuracy|1\n|\n|-heal|p1a: Zygarde|100\/100|[from] item: Leftovers\n|upkeep\n|turn|23\n|\n|t:|1699142327\n|move|p2a: Salamence|Dragon Claw|p1a: Zygarde\n|-supereffective|p1a: Zygarde\n|-damage|p1a: Zygarde|33\/100\n|move|p1a: Zygarde|Coil|p1a: Zygarde\n|-boost|p1a: Zygarde|atk|1\n|-boost|p1a: Zygarde|def|1\n|-boost|p1a: Zygarde|accuracy|1\n|\n|-heal|p1a: Zygarde|39\/100|[from] item: Leftovers\n|-activate|p1a: Zygarde|ability: Power Construct\n|detailschange|p1a: Zygarde|Zygarde-Complete\n|-heal|p1a: Zygarde|60\/100|[silent]\n|upkeep\n|turn|24\n|\n|t:|1699142333\n|move|p2a: Salamence|Dragon Claw|p1a: Zygarde\n|-supereffective|p1a: Zygarde\n|-damage|p1a: Zygarde|22\/100\n|move|p1a: Zygarde|Thousand Arrows|p2a: Salamence\n|-damage|p2a: Salamence|0 fnt\n|faint|p2a: Salamence\n|\n|-heal|p1a: Zygarde|28\/100|[from] item: Leftovers\n|upkeep\n|\n|t:|1699142337\n|switch|p2a: Reshiram|Reshiram|100\/100\n|-ability|p2a: Reshiram|Turboblaze\n|turn|25\n|\n|t:|1699142342\n|move|p2a: Reshiram|Draco Meteor|p1a: Zygarde\n|-supereffective|p1a: Zygarde\n|-damage|p1a: Zygarde|0 fnt\n|-unboost|p2a: Reshiram|spa|2\n|faint|p1a: Zygarde\n|\n|upkeep\n|\n|t:|1699142345\n|switch|p1a: Eternatus|Eternatus|100\/100\n|-ability|p1a: Eternatus|Pressure\n|turn|26\n|\n|t:|1699142352\n|switch|p2a: Giratina|Giratina-Origin, shiny|100\/100\n|move|p1a: Eternatus|Meteor Beam||[still]\n|-prepare|p1a: Eternatus|Meteor Beam\n|-boost|p1a: Eternatus|spa|1\n|-enditem|p1a: Eternatus|Power Herb\n|-anim|p1a: Eternatus|Meteor Beam|p2a: Giratina\n|-damage|p2a: Giratina|54\/100\n|\n|upkeep\n|turn|27\n|\n|t:|1699142361\n|move|p1a: Eternatus|Dynamax Cannon|p2a: Giratina\n|-supereffective|p2a: Giratina\n|-damage|p2a: Giratina|0 fnt\n|faint|p2a: Giratina\n|\n|upkeep\n|\n|t:|1699142363\n|switch|p2a: Reshiram|Reshiram|100\/100\n|-ability|p2a: Reshiram|Turboblaze\n|turn|28\n|inactive|siamsee has 120 seconds left.\n|\n|t:|1699142406\n|move|p2a: Reshiram|Draco Meteor|p1a: Eternatus\n|-supereffective|p1a: Eternatus\n|-damage|p1a: Eternatus|0 fnt\n|-unboost|p2a: Reshiram|spa|2\n|faint|p1a: Eternatus\n|\n|win|heavylever\n|raw|siamsee's rating: 1576 &rarr; <strong>1560<\/strong><br \/>(-16 for losing)\n|raw|heavylever's rating: 1654 &rarr; <strong>1670<\/strong><br \/>(+16 for winning)\n|l|\u2606heavylever\n|l|\u2606siamsee\n","uploadtime":1699142461,"views":22,"p1id":"siamsee","p2id":"heavylever","formatid":"gen9nationaldexubers","rating":1560,"private":0,"password":""}