{"id":"gen9nationaldexubers-1987492536","p1":"abaabaabaaba","p2":"MiraidonGaming","format":"[Gen 9] National Dex Ubers","log":"|j|\u2606abaabaabaaba\n|j|\u2606MiraidonGaming\n|t:|1699600859\n|gametype|singles\n|player|p1|abaabaabaaba|266|1182\n|player|p2|MiraidonGaming|lucas|1152\n|teamsize|p1|6\n|teamsize|p2|6\n|gen|9\n|tier|[Gen 9] National Dex Ubers\n|rated|\n|rule|HP Percentage Mod: HP is shown in percentages\n|rule|Endless Battle Clause: Forcing endless battles is banned\n|rule|OHKO Clause: OHKO moves are banned\n|rule|Evasion Moves Clause: Evasion moves are banned\n|rule|Evasion Items Clause: Evasion items are banned\n|rule|Species Clause: Limit one of each Pok\u00e9mon\n|rule|Sleep Clause Mod: Limit one foe put to sleep\n|rule|Mega Rayquaza Clause: You cannot mega evolve Rayquaza\n|clearpoke\n|poke|p1|Marshadow|\n|poke|p1|Genesect|\n|poke|p1|Kangaskhan, F|\n|poke|p1|Urshifu-*, M|\n|poke|p1|Arceus|\n|poke|p1|Pheromosa|\n|poke|p2|Zacian-*|\n|poke|p2|Azumarill, M|\n|poke|p2|Leafeon, M|\n|poke|p2|Mimikyu, F|\n|poke|p2|Sylveon, F|\n|poke|p2|Charizard, M|\n|teampreview\n|\n|t:|1699600871\n|start\n|switch|p1a: Pheromosa|Pheromosa|100\/100\n|switch|p2a: Mimikyu|Mimikyu, F|100\/100\n|turn|1\n|\n|t:|1699600879\n|move|p1a: Pheromosa|U-turn|p2a: Mimikyu\n|-activate|p2a: Mimikyu|ability: Disguise\n|-damage|p2a: Mimikyu|100\/100\n|detailschange|p2a: Mimikyu|Mimikyu-Busted, F\n|-damage|p2a: Mimikyu|88\/100|[from] pokemon: Mimikyu-Busted\n|\n|t:|1699600891\n|switch|p1a: Marshadow|Marshadow|100\/100|[from] U-turn\n|move|p2a: Mimikyu|Trick Room|p2a: Mimikyu\n|-fieldstart|move: Trick Room|[of] p2a: Mimikyu\n|\n|upkeep\n|turn|2\n|\n|t:|1699600897\n|move|p1a: Marshadow|Shadow Sneak|p2a: Mimikyu\n|-supereffective|p2a: Mimikyu\n|-damage|p2a: Mimikyu|0 fnt\n|faint|p2a: Mimikyu\n|\n|upkeep\n|\n|t:|1699600915\n|switch|p2a: Azumarill|Azumarill, M|100\/100\n|turn|3\n|\n|t:|1699600921\n|move|p1a: Marshadow|Shadow Sneak|p2a: Azumarill\n|-damage|p2a: Azumarill|65\/100\n|move|p2a: Azumarill|Whirlpool|p1a: Marshadow\n|-damage|p1a: Marshadow|85\/100\n|-activate|p1a: Marshadow|move: Whirlpool|[of] p2a: Azumarill\n|\n|-heal|p2a: Azumarill|71\/100|[from] item: Leftovers\n|-damage|p1a: Marshadow|73\/100|[from] move: Whirlpool|[partiallytrapped]\n|upkeep\n|turn|4\n|\n|t:|1699600926\n|move|p2a: Azumarill|Play Rough|p1a: Marshadow\n|-supereffective|p1a: Marshadow\n|-damage|p1a: Marshadow|26\/100\n|-zpower|p1a: Marshadow\n|move|p1a: Marshadow|Soul-Stealing 7-Star Strike|p2a: Azumarill|[zeffect]\n|-damage|p2a: Azumarill|0 fnt\n|faint|p2a: Azumarill\n|\n|-end|p1a: Marshadow|Whirlpool|[partiallytrapped]|[silent]\n|upkeep\n|\n|t:|1699600940\n|switch|p2a: Charizard|Charizard, M|100\/100\n|turn|5\n|\n|t:|1699600945\n|detailschange|p2a: Charizard|Charizard-Mega-Y, M\n|-mega|p2a: Charizard|Charizard|Charizardite Y\n|-weather|SunnyDay|[from] ability: Drought|[of] p2a: Charizard\n|move|p1a: Marshadow|Shadow Sneak|p2a: Charizard\n|-damage|p2a: Charizard|46\/100\n|move|p2a: Charizard|Flamethrower|p1a: Marshadow\n|-damage|p1a: Marshadow|0 fnt\n|faint|p1a: Marshadow\n|\n|-weather|SunnyDay|[upkeep]\n|-fieldend|move: Trick Room\n|upkeep\n|\n|t:|1699600960\n|switch|p1a: Arceus|Arceus|100\/100\n|turn|6\n|\n|t:|1699600963\n|switch|p2a: Zacian|Zacian-Crowned|100\/100\n|-ability|p2a: Zacian|Intrepid Sword|boost\n|-boost|p2a: Zacian|atk|1\n|move|p1a: Arceus|Extreme Speed|p2a: Zacian\n|-resisted|p2a: Zacian\n|-damage|p2a: Zacian|73\/100\n|-damage|p1a: Arceus|91\/100|[from] item: Life Orb\n|\n|-weather|SunnyDay|[upkeep]\n|upkeep\n|turn|7\n|\n|t:|1699600970\n|move|p2a: Zacian|Sacred Sword|p1a: Arceus\n|-supereffective|p1a: Arceus\n|-damage|p1a: Arceus|1\/100\n|move|p1a: Arceus|Earthquake|p2a: Zacian\n|-supereffective|p2a: Zacian\n|-damage|p2a: Zacian|0 fnt\n|faint|p2a: Zacian\n|-damage|p1a: Arceus|0 fnt|[from] item: Life Orb\n|faint|p1a: Arceus\n|\n|-weather|SunnyDay|[upkeep]\n|upkeep\n|\n|t:|1699600980\n|switch|p2a: Leafeon|Leafeon, M|100\/100\n|switch|p1a: Kangaskhan|Kangaskhan, F|100\/100\n|turn|8\n|\n|t:|1699600993\n|move|p1a: Kangaskhan|Fake Out|p2a: Leafeon\n|-damage|p2a: Leafeon|84\/100\n|cant|p2a: Leafeon|flinch\n|\n|-weather|SunnyDay|[upkeep]\n|upkeep\n|turn|9\n|\n|t:|1699600997\n|detailschange|p1a: Kangaskhan|Kangaskhan-Mega, F\n|-mega|p1a: Kangaskhan|Kangaskhan|Kangaskhanite\n|move|p2a: Leafeon|Solar Blade||[still]\n|-prepare|p2a: Leafeon|Solar Blade\n|-anim|p2a: Leafeon|Solar Blade|p1a: Kangaskhan\n|-damage|p1a: Kangaskhan|10\/100\n|move|p1a: Kangaskhan|Power-Up Punch|p2a: Leafeon\n|-damage|p2a: Leafeon|70\/100\n|-boost|p1a: Kangaskhan|atk|1\n|-damage|p2a: Leafeon|65\/100\n|-boost|p1a: Kangaskhan|atk|1\n|-hitcount|p2a: Leafeon|2\n|\n|-weather|none\n|upkeep\n|turn|10\n|\n|t:|1699601011\n|switch|p2a: Charizard|Charizard-Mega-Y, M|46\/100\n|-weather|SunnyDay|[from] ability: Drought|[of] p2a: Charizard\n|move|p1a: Kangaskhan|Sucker Punch||[still]\n|-fail|p1a: Kangaskhan\n|\n|-weather|SunnyDay|[upkeep]\n|upkeep\n|turn|11\n|\n|t:|1699601016\n|move|p1a: Kangaskhan|Sucker Punch|p2a: Charizard\n|-damage|p2a: Charizard|0 fnt\n|faint|p2a: Charizard\n|-hitcount|p2: Charizard|1\n|\n|-weather|SunnyDay|[upkeep]\n|upkeep\n|\n|t:|1699601019\n|switch|p2a: Leafeon|Leafeon, M|65\/100\n|turn|12\n|\n|t:|1699601025\n|move|p1a: Kangaskhan|Sucker Punch|p2a: Leafeon\n|-damage|p2a: Leafeon|19\/100\n|-damage|p2a: Leafeon|8\/100\n|-hitcount|p2a: Leafeon|2\n|move|p2a: Leafeon|Aerial Ace|p1a: Kangaskhan\n|-damage|p1a: Kangaskhan|0 fnt\n|faint|p1a: Kangaskhan\n|\n|-weather|SunnyDay|[upkeep]\n|upkeep\n|\n|t:|1699601031\n|switch|p1a: Genesect|Genesect, shiny|100\/100\n|-ability|p1a: Genesect|Download|boost\n|-boost|p1a: Genesect|spa|1\n|turn|13\n|\n|t:|1699601037\n|move|p1a: Genesect|Extreme Speed|p2a: Leafeon\n|-damage|p2a: Leafeon|0 fnt\n|faint|p2a: Leafeon\n|\n|-weather|SunnyDay|[upkeep]\n|upkeep\n|\n|t:|1699601039\n|switch|p2a: Sylveon|Sylveon, F|100\/100\n|turn|14\n|\n|t:|1699601043\n|move|p1a: Genesect|Shift Gear|p1a: Genesect\n|-boost|p1a: Genesect|spe|2\n|-boost|p1a: Genesect|atk|1\n|move|p2a: Sylveon|Mystical Fire|p1a: Genesect\n|-supereffective|p1a: Genesect\n|-damage|p1a: Genesect|0 fnt\n|faint|p1a: Genesect\n|\n|-weather|none\n|upkeep\n|\n|t:|1699601049\n|switch|p1a: Pheromosa|Pheromosa|100\/100\n|turn|15\n|\n|t:|1699601062\n|move|p1a: Pheromosa|Drill Run|p2a: Sylveon\n|-damage|p2a: Sylveon|39\/100\n|move|p2a: Sylveon|Mystical Fire|p1a: Pheromosa\n|-supereffective|p1a: Pheromosa\n|-damage|p1a: Pheromosa|0 fnt\n|faint|p1a: Pheromosa\n|\n|-heal|p2a: Sylveon|45\/100|[from] item: Leftovers\n|upkeep\n|\n|t:|1699601066\n|switch|p1a: Urshifu|Urshifu, M|100\/100\n|turn|16\n|\n|t:|1699601072\n|-terastallize|p2a: Sylveon|Fairy\n|move|p1a: Urshifu|Wicked Blow|p2a: Sylveon\n|-resisted|p2a: Sylveon\n|-crit|p2a: Sylveon\n|-damage|p2a: Sylveon|6\/100\n|move|p2a: Sylveon|Draining Kiss|p1a: Urshifu\n|-supereffective|p1a: Urshifu\n|-damage|p1a: Urshifu|0 fnt\n|-heal|p2a: Sylveon|71\/100|[from] drain|[of] p1a: Urshifu\n|faint|p1a: Urshifu\n|\n|win|MiraidonGaming\n|raw|abaabaabaaba's rating: 1182 &rarr; <strong>1155<\/strong><br \/>(-27 for losing)\n|raw|MiraidonGaming's rating: 1152 &rarr; <strong>1179<\/strong><br \/>(+27 for winning)\n|l|\u2606abaabaabaaba\n","uploadtime":1699601078,"views":8,"p1id":"abaabaabaaba","p2id":"miraidongaming","formatid":"gen9nationaldexubers","rating":1155,"private":0,"password":""}