{"id":"gen9nationaldexubers-1983466379","p1":"robloxian5gl","p2":"not a blue guy","format":"[Gen 9] National Dex Ubers","log":"|j|\u2606robloxian5gl\n|j|\u2606not a blue guy\n|t:|1699133130\n|gametype|singles\n|player|p1|robloxian5gl|geeta|1003\n|player|p2|not a blue guy|falkner|1067\n|teamsize|p1|6\n|teamsize|p2|6\n|gen|9\n|tier|[Gen 9] National Dex Ubers\n|rated|\n|rule|HP Percentage Mod: HP is shown in percentages\n|rule|Endless Battle Clause: Forcing endless battles is banned\n|rule|OHKO Clause: OHKO moves are banned\n|rule|Evasion Moves Clause: Evasion moves are banned\n|rule|Evasion Items Clause: Evasion items are banned\n|rule|Species Clause: Limit one of each Pok\u00e9mon\n|rule|Sleep Clause Mod: Limit one foe put to sleep\n|rule|Mega Rayquaza Clause: You cannot mega evolve Rayquaza\n|clearpoke\n|poke|p1|Glimmora, M|\n|poke|p1|Toucannon, M|\n|poke|p1|Milotic, M|\n|poke|p1|Minior-Violet|\n|poke|p1|Metagross|\n|poke|p1|Volcarona, M|\n|poke|p2|Overqwil, M|\n|poke|p2|Starmie|\n|poke|p2|Ribombee, F|\n|poke|p2|Enamorus-Therian, F|\n|poke|p2|Annihilape, F|\n|poke|p2|Ditto|\n|teampreview\n|inactive|Battle timer is ON: inactive players will automatically lose when time's up. (requested by robloxian5gl)\n|j| BigDrifblims\n|j| RATMOGS\n|j| imbleach\n|inactive|not a blue guy has 120 seconds left.\n|j| tjgggfsnnsnfsfgn\n|j| less might be more\n|c|\u2606robloxian5gl|gurl is inviting the full gang;-;\n|inactive|not a blue guy has 90 seconds left.\n|\n|t:|1699133201\n|start\n|switch|p1a: Volcarona|Volcarona, M, shiny|100\/100\n|switch|p2a: autism turtle?????|Enamorus-Therian, F|100\/100\n|turn|1\n|\n|t:|1699133209\n|switch|p1a: Glimmora|Glimmora, M|100\/100\n|move|p2a: autism turtle?????|Calm Mind|p2a: autism turtle?????\n|-boost|p2a: autism turtle?????|spa|1\n|-boost|p2a: autism turtle?????|spd|1\n|\n|upkeep\n|turn|2\n|\n|t:|1699133214\n|move|p1a: Glimmora|Stealth Rock|p2a: autism turtle?????\n|-sidestart|p2: not a blue guy|move: Stealth Rock\n|move|p2a: autism turtle?????|Calm Mind|p2a: autism turtle?????\n|-boost|p2a: autism turtle?????|spa|1\n|-boost|p2a: autism turtle?????|spd|1\n|\n|upkeep\n|turn|3\n|\n|t:|1699133220\n|switch|p1a: Minior|Minior-Violet|100\/100\n|-formechange|p1a: Minior|Minior-Meteor||[from] ability: Shields Down\n|move|p2a: autism turtle?????|Calm Mind|p2a: autism turtle?????\n|-boost|p2a: autism turtle?????|spa|1\n|-boost|p2a: autism turtle?????|spd|1\n|\n|upkeep\n|turn|4\n|\n|t:|1699133227\n|move|p1a: Minior|Shell Smash|p1a: Minior\n|-unboost|p1a: Minior|def|1\n|-unboost|p1a: Minior|spd|1\n|-boost|p1a: Minior|atk|2\n|-boost|p1a: Minior|spa|2\n|-boost|p1a: Minior|spe|2\n|-enditem|p1a: Minior|White Herb\n|-clearnegativeboost|p1a: Minior|[silent]\n|move|p2a: autism turtle?????|Iron Defense|p2a: autism turtle?????\n|-boost|p2a: autism turtle?????|def|2\n|\n|upkeep\n|turn|5\n|\n|t:|1699133239\n|move|p1a: Minior|Acrobatics|p2a: autism turtle?????\n|-damage|p2a: autism turtle?????|68\/100\n|move|p2a: autism turtle?????|Iron Defense|p2a: autism turtle?????\n|-boost|p2a: autism turtle?????|def|2\n|\n|-heal|p2a: autism turtle?????|74\/100|[from] item: Leftovers\n|upkeep\n|turn|6\n|\n|t:|1699133246\n|move|p1a: Minior|Shell Smash|p1a: Minior\n|-unboost|p1a: Minior|def|1\n|-unboost|p1a: Minior|spd|1\n|-boost|p1a: Minior|atk|2\n|-boost|p1a: Minior|spa|2\n|-boost|p1a: Minior|spe|2\n|move|p2a: autism turtle?????|Iron Defense|p2a: autism turtle?????\n|-boost|p2a: autism turtle?????|def|2\n|\n|-heal|p2a: autism turtle?????|80\/100|[from] item: Leftovers\n|upkeep\n|turn|7\n|\n|t:|1699133255\n|move|p1a: Minior|Shell Smash|p1a: Minior\n|-unboost|p1a: Minior|def|1\n|-unboost|p1a: Minior|spd|1\n|-boost|p1a: Minior|atk|2\n|-boost|p1a: Minior|spa|2\n|-boost|p1a: Minior|spe|2\n|move|p2a: autism turtle?????|Calm Mind|p2a: autism turtle?????\n|-boost|p2a: autism turtle?????|spa|1\n|-boost|p2a: autism turtle?????|spd|1\n|\n|-heal|p2a: autism turtle?????|87\/100|[from] item: Leftovers\n|upkeep\n|turn|8\n|\n|t:|1699133264\n|move|p1a: Minior|Rock Slide|p2a: autism turtle?????\n|-supereffective|p2a: autism turtle?????\n|-damage|p2a: autism turtle?????|42\/100\n|move|p2a: autism turtle?????|Calm Mind|p2a: autism turtle?????\n|-boost|p2a: autism turtle?????|spa|1\n|-boost|p2a: autism turtle?????|spd|1\n|\n|-heal|p2a: autism turtle?????|48\/100|[from] item: Leftovers\n|upkeep\n|turn|9\n|\n|t:|1699133272\n|move|p2a: autism turtle?????|Protect|p2a: autism turtle?????\n|-singleturn|p2a: autism turtle?????|Protect\n|move|p1a: Minior|Rock Slide|p2a: autism turtle?????\n|-activate|p2a: autism turtle?????|move: Protect\n|\n|-heal|p2a: autism turtle?????|54\/100|[from] item: Leftovers\n|upkeep\n|turn|10\n|\n|t:|1699133279\n|move|p1a: Minior|Iron Head|p2a: autism turtle?????\n|-supereffective|p2a: autism turtle?????\n|-damage|p2a: autism turtle?????|21\/100\n|move|p2a: autism turtle?????|Draining Kiss|p1a: Minior\n|-damage|p1a: Minior|0 fnt\n|-heal|p2a: autism turtle?????|76\/100|[from] drain|[of] p1a: Minior\n|faint|p1a: Minior\n|\n|-heal|p2a: autism turtle?????|83\/100|[from] item: Leftovers\n|upkeep\n|\n|t:|1699133288\n|switch|p1a: Volcarona|Volcarona, M, shiny|100\/100\n|turn|11\n|\n|t:|1699133297\n|-terastallize|p1a: Volcarona|Ground\n|move|p1a: Volcarona|Fiery Dance|p2a: autism turtle?????\n|-damage|p2a: autism turtle?????|70\/100\n|move|p2a: autism turtle?????|Draining Kiss|p1a: Volcarona\n|-damage|p1a: Volcarona|16\/100\n|-heal|p2a: autism turtle?????|100\/100|[from] drain|[of] p1a: Volcarona\n|\n|upkeep\n|turn|12\n|j| swag havers united\n|\n|t:|1699133307\n|move|p1a: Volcarona|Fiery Dance|p2a: autism turtle?????\n|-damage|p2a: autism turtle?????|89\/100\n|move|p2a: autism turtle?????|Draining Kiss|p1a: Volcarona\n|-damage|p1a: Volcarona|0 fnt\n|-heal|p2a: autism turtle?????|99\/100|[from] drain|[of] p1a: Volcarona\n|-status|p2a: autism turtle?????|brn|[from] ability: Flame Body|[of] p1a: Volcarona\n|faint|p1a: Volcarona\n|\n|-heal|p2a: autism turtle?????|100\/100 brn|[from] item: Leftovers\n|-damage|p2a: autism turtle?????|94\/100 brn|[from] brn\n|upkeep\n|-message|robloxian5gl forfeited.\n|\n|win|not a blue guy\n|raw|robloxian5gl's rating: 1003 &rarr; <strong>1000<\/strong><br \/>(-3 for losing)\n|raw|not a blue guy's rating: 1067 &rarr; <strong>1091<\/strong><br \/>(+24 for winning)\n|l|\u2606robloxian5gl\n|l|\u2606not a blue guy\n|l| BigDrifblims\n|l| RATMOGS\n|l| imbleach\n|j| discord raider\n","uploadtime":1699133402,"views":6,"p1id":"robloxian5gl","p2id":"notablueguy","formatid":"gen9nationaldexubers","rating":1000,"private":0,"password":""}