{"id":"gen9nationaldexubers-1989146365","p1":"Wholelottagayshit","p2":"ghostsquad321","format":"[Gen 9] National Dex Ubers","log":"|j|\u2606Wholelottagayshit\n|j|\u2606ghostsquad321\n|t:|1699817163\n|gametype|singles\n|player|p1|Wholelottagayshit|blackbelt-gen4dp|\n|player|p2|ghostsquad321|scientist-gen4|\n|teamsize|p1|6\n|teamsize|p2|6\n|gen|9\n|tier|[Gen 9] National Dex Ubers\n|rule|HP Percentage Mod: HP is shown in percentages\n|rule|Endless Battle Clause: Forcing endless battles is banned\n|rule|OHKO Clause: OHKO moves are banned\n|rule|Evasion Moves Clause: Evasion moves are banned\n|rule|Evasion Items Clause: Evasion items are banned\n|rule|Species Clause: Limit one of each Pok\u00e9mon\n|rule|Sleep Clause Mod: Limit one foe put to sleep\n|rule|Mega Rayquaza Clause: You cannot mega evolve Rayquaza\n|clearpoke\n|poke|p1|Typhlosion-Hisui, M|\n|poke|p1|Charizard, M|\n|poke|p1|Incineroar, F|\n|poke|p1|Chandelure, F|\n|poke|p1|Talonflame, F|\n|poke|p1|Arcanine, M|\n|poke|p2|Dragapult, F|\n|poke|p2|Annihilape, M|\n|poke|p2|Zoroark-Hisui, F|\n|poke|p2|Corsola-Galar, F|\n|poke|p2|Skeledirge, M|\n|poke|p2|Flutter Mane|\n|teampreview\n|\n|t:|1699817190\n|start\n|switch|p1a: Arcanine|Arcanine, M|100\/100\n|switch|p2a: Corsola|Corsola-Galar, F|100\/100\n|-ability|p1a: Arcanine|Intimidate|boost\n|-unboost|p2a: Corsola|atk|1\n|turn|1\n|\n|t:|1699817200\n|move|p1a: Arcanine|Flare Blitz|p2a: Corsola\n|-damage|p2a: Corsola|61\/100\n|-damage|p1a: Arcanine|87\/100|[from] Recoil\n|move|p2a: Corsola|Stealth Rock|p1a: Arcanine\n|-sidestart|p1: Wholelottagayshit|move: Stealth Rock\n|\n|upkeep\n|turn|2\n|\n|t:|1699817209\n|move|p1a: Arcanine|Flare Blitz|p2a: Corsola\n|-damage|p2a: Corsola|21\/100\n|-damage|p1a: Arcanine|74\/100|[from] Recoil\n|move|p2a: Corsola|Strength Sap|p1a: Arcanine\n|-unboost|p1a: Arcanine|atk|1\n|-heal|p2a: Corsola|100\/100\n|\n|upkeep\n|turn|3\n|\n|t:|1699817228\n|switch|p1a: Incineroar|Incineroar, F|100\/100\n|-damage|p1a: Incineroar|75\/100|[from] Stealth Rock\n|-ability|p1a: Incineroar|Intimidate|boost\n|-unboost|p2a: Corsola|atk|1\n|switch|p2a: Skeledirge|Skeledirge, M|100\/100\n|\n|upkeep\n|turn|4\n|\n|t:|1699817241\n|move|p1a: Incineroar|Darkest Lariat|p2a: Skeledirge\n|-supereffective|p2a: Skeledirge\n|-damage|p2a: Skeledirge|6\/100\n|move|p2a: Skeledirge|Yawn|p1a: Incineroar\n|-start|p1a: Incineroar|move: Yawn|[of] p2a: Skeledirge\n|\n|upkeep\n|turn|5\n|\n|t:|1699817260\n|switch|p1a: Talonflame|Talonflame, F|100\/100\n|-damage|p1a: Talonflame|50\/100|[from] Stealth Rock\n|move|p2a: Skeledirge|Slack Off|p2a: Skeledirge\n|-heal|p2a: Skeledirge|56\/100\n|\n|upkeep\n|turn|6\n|\n|t:|1699817284\n|move|p1a: Talonflame|Brave Bird|p2a: Skeledirge\n|-damage|p2a: Skeledirge|5\/100\n|-damage|p1a: Talonflame|27\/100|[from] Recoil\n|move|p2a: Skeledirge|Yawn|p1a: Talonflame\n|-start|p1a: Talonflame|move: Yawn|[of] p2a: Skeledirge\n|\n|upkeep\n|turn|7\n|\n|t:|1699817297\n|move|p1a: Talonflame|Brave Bird|p2a: Skeledirge\n|-damage|p2a: Skeledirge|0 fnt\n|faint|p2a: Skeledirge\n|-damage|p1a: Talonflame|25\/100|[from] Recoil\n|\n|-end|p1a: Talonflame|move: Yawn|[silent]\n|-status|p1a: Talonflame|slp\n|upkeep\n|\n|t:|1699817318\n|switch|p2a: Dragapult|Dragapult, F|100\/100\n|turn|8\n|\n|t:|1699817326\n|switch|p1a: Chandelure|Chandelure, F|100\/100\n|-damage|p1a: Chandelure|76\/100|[from] Stealth Rock\n|move|p2a: Dragapult|Dragon Dance|p2a: Dragapult\n|-boost|p2a: Dragapult|atk|1\n|-boost|p2a: Dragapult|spe|1\n|\n|upkeep\n|turn|9\n|\n|t:|1699817347\n|-terastallize|p2a: Dragapult|Water\n|move|p2a: Dragapult|Tera Blast|p1a: Chandelure|[anim] Tera Blast Water\n|-supereffective|p1a: Chandelure\n|-damage|p1a: Chandelure|0 fnt\n|faint|p1a: Chandelure\n|\n|upkeep\n|\n|t:|1699817358\n|switch|p1a: Typhlosion|Typhlosion-Hisui, M|100\/100\n|-damage|p1a: Typhlosion|75\/100|[from] Stealth Rock\n|turn|10\n|\n|t:|1699817366\n|move|p2a: Dragapult|Tera Blast|p1a: Typhlosion|[anim] Tera Blast Water\n|-supereffective|p1a: Typhlosion\n|-damage|p1a: Typhlosion|0 fnt\n|faint|p1a: Typhlosion\n|\n|upkeep\n|\n|t:|1699817372\n|switch|p1a: Arcanine|Arcanine, M|74\/100\n|-damage|p1a: Arcanine|49\/100|[from] Stealth Rock\n|-ability|p1a: Arcanine|Intimidate|boost\n|-unboost|p2a: Dragapult|atk|1\n|turn|11\n|\n|t:|1699817390\n|move|p2a: Dragapult|Tera Blast|p1a: Arcanine|[anim] Tera Blast Water\n|-supereffective|p1a: Arcanine\n|-damage|p1a: Arcanine|0 fnt\n|faint|p1a: Arcanine\n|\n|upkeep\n|\n|t:|1699817397\n|switch|p1a: Talonflame|Talonflame, F|25\/100 slp\n|-damage|p1a: Talonflame|0 fnt|[from] Stealth Rock\n|faint|p1a: Talonflame\n|\n|t:|1699817401\n|switch|p1a: Incineroar|Incineroar, F|75\/100\n|-damage|p1a: Incineroar|50\/100|[from] Stealth Rock\n|-ability|p1a: Incineroar|Intimidate|boost\n|-unboost|p2a: Dragapult|atk|1\n|turn|12\n|\n|t:|1699817408\n|move|p2a: Dragapult|Tera Blast|p1a: Incineroar|[anim] Tera Blast Water\n|-supereffective|p1a: Incineroar\n|-damage|p1a: Incineroar|0 fnt\n|faint|p1a: Incineroar\n|\n|upkeep\n|\n|t:|1699817414\n|switch|p1a: Charizard|Charizard, M|100\/100\n|-damage|p1a: Charizard|50\/100|[from] Stealth Rock\n|turn|13\n|\n|t:|1699817424\n|detailschange|p1a: Charizard|Charizard-Mega-Y, M\n|-mega|p1a: Charizard|Charizard|Charizardite Y\n|-weather|SunnyDay|[from] ability: Drought|[of] p1a: Charizard\n|move|p2a: Dragapult|Substitute|p2a: Dragapult\n|-start|p2a: Dragapult|Substitute\n|-damage|p2a: Dragapult|76\/100\n|move|p1a: Charizard|Flare Blitz|p2a: Dragapult\n|-resisted|p2a: Dragapult\n|-end|p2a: Dragapult|Substitute\n|-damage|p1a: Charizard|42\/100|[from] Recoil|[of] p2a: Dragapult\n|\n|-weather|SunnyDay|[upkeep]\n|-heal|p2a: Dragapult|82\/100|[from] item: Leftovers\n|upkeep\n|turn|14\n|\n|t:|1699817446\n|move|p2a: Dragapult|Dragon Darts|p1a: Charizard\n|-damage|p1a: Charizard|17\/100\n|-anim|p2a: Dragapult|Dragon Darts|p1a: Charizard\n|-damage|p1a: Charizard|0 fnt\n|faint|p1a: Charizard\n|\n|win|ghostsquad321\n|c|\u2606ghostsquad321|gg\n|l|\u2606Wholelottagayshit\n","uploadtime":1699817553,"views":32,"p1id":"wholelottagayshit","p2id":"ghostsquad321","formatid":"gen9nationaldexubers","rating":0,"private":0,"password":""}