{"id":"gen9nationaldexubers-1988820126","p1":"JOUUU","p2":"Julianelpapuprox","format":"[Gen 9] National Dex Ubers","log":"|j|\u2606JOUUU\n|j|\u2606Julianelpapuprox\n|t:|1699768012\n|gametype|singles\n|player|p1|JOUUU|youngster|\n|player|p2|Julianelpapuprox|102|\n|teamsize|p1|6\n|teamsize|p2|3\n|gen|9\n|tier|[Gen 9] National Dex Ubers\n|rule|HP Percentage Mod: HP is shown in percentages\n|rule|Endless Battle Clause: Forcing endless battles is banned\n|rule|OHKO Clause: OHKO moves are banned\n|rule|Evasion Moves Clause: Evasion moves are banned\n|rule|Evasion Items Clause: Evasion items are banned\n|rule|Species Clause: Limit one of each Pok\u00e9mon\n|rule|Sleep Clause Mod: Limit one foe put to sleep\n|rule|Mega Rayquaza Clause: You cannot mega evolve Rayquaza\n|clearpoke\n|poke|p1|Cubchoo, L32, F|\n|poke|p1|Wartortle, L32, F|\n|poke|p1|Eelektross, L32, M|\n|poke|p1|Duskull, L32, M|\n|poke|p1|Excadrill, L32, M|\n|poke|p1|Venusaur, L32, F|\n|poke|p2|Kilowattrel, L28, M|\n|poke|p2|Luxray, L30, M|\n|poke|p2|Krokorok, L32, M|\n|teampreview\n|\n|t:|1699768025\n|start\n|switch|p1a: Narizon|Excadrill, L32, M|100\/100\n|switch|p2a: Kilowattrel|Kilowattrel, L28, M|100\/100\n|turn|1\n|\n|t:|1699768036\n|move|p1a: Narizon|Iron Defense|p1a: Narizon\n|-boost|p1a: Narizon|def|2\n|move|p2a: Kilowattrel|Fly||[still]\n|-prepare|p2a: Kilowattrel|Fly\n|\n|upkeep\n|turn|2\n|\n|t:|1699768051\n|move|p1a: Narizon|Hone Claws|p1a: Narizon\n|-boost|p1a: Narizon|atk|1\n|-boost|p1a: Narizon|accuracy|1\n|move|p2a: Kilowattrel|Fly|p1a: Narizon|[from]lockedmove\n|-resisted|p1a: Narizon\n|-damage|p1a: Narizon|94\/100\n|\n|-heal|p1a: Narizon|99\/100|[from] item: Leftovers\n|upkeep\n|turn|3\n|\n|t:|1699768063\n|switch|p2a: Luxray|Luxray, L30, M|100\/100\n|-ability|p2a: Luxray|Intimidate|boost\n|-unboost|p1a: Narizon|atk|1\n|move|p1a: Narizon|Brick Break|p2a: Luxray\n|-damage|p2a: Luxray|64\/100\n|\n|-heal|p1a: Narizon|100\/100|[from] item: Leftovers\n|upkeep\n|turn|4\n|\n|t:|1699768075\n|move|p1a: Narizon|Hone Claws|p1a: Narizon\n|-boost|p1a: Narizon|atk|1\n|-boost|p1a: Narizon|accuracy|1\n|move|p2a: Luxray|Crunch|p1a: Narizon\n|-damage|p1a: Narizon|78\/100\n|\n|-heal|p1a: Narizon|84\/100|[from] item: Leftovers\n|upkeep\n|turn|5\n|\n|t:|1699768084\n|move|p1a: Narizon|Hone Claws|p1a: Narizon\n|-boost|p1a: Narizon|atk|1\n|-boost|p1a: Narizon|accuracy|1\n|move|p2a: Luxray|Crunch|p1a: Narizon\n|-damage|p1a: Narizon|60\/100\n|\n|-heal|p1a: Narizon|65\/100|[from] item: Leftovers\n|upkeep\n|turn|6\n|\n|t:|1699768094\n|move|p1a: Narizon|Earthquake|p2a: Luxray\n|-supereffective|p2a: Luxray\n|-damage|p2a: Luxray|0 fnt\n|faint|p2a: Luxray\n|\n|-heal|p1a: Narizon|71\/100|[from] item: Leftovers\n|upkeep\n|\n|t:|1699768100\n|switch|p2a: Kilowattrel|Kilowattrel, L28, M|100\/100\n|turn|7\n|\n|t:|1699768106\n|move|p1a: Narizon|Brick Break|p2a: Kilowattrel\n|-resisted|p2a: Kilowattrel\n|-damage|p2a: Kilowattrel|44\/100\n|move|p2a: Kilowattrel|Discharge|p1a: Narizon\n|-immune|p1a: Narizon\n|\n|-heal|p1a: Narizon|77\/100|[from] item: Leftovers\n|upkeep\n|turn|8\n|\n|t:|1699768117\n|move|p1a: Narizon|Brick Break|p2a: Kilowattrel\n|-resisted|p2a: Kilowattrel\n|-damage|p2a: Kilowattrel|0 fnt\n|faint|p2a: Kilowattrel\n|\n|-heal|p1a: Narizon|82\/100|[from] item: Leftovers\n|upkeep\n|\n|t:|1699768122\n|switch|p2a: Krokorok|Krokorok, L32, M|100\/100\n|turn|9\n|\n|t:|1699768129\n|switch|p1a: Marihuana|Venusaur, L32, F|100\/100\n|move|p2a: Krokorok|Brick Break|p1a: Marihuana\n|-resisted|p1a: Marihuana\n|-damage|p1a: Marihuana|88\/100\n|\n|upkeep\n|turn|10\n|\n|t:|1699768138\n|-terastallize|p2a: Krokorok|Electric\n|move|p1a: Marihuana|Light Screen|p1a: Marihuana\n|-sidestart|p1: JOUUU|move: Light Screen\n|move|p2a: Krokorok|Thunder Fang|p1a: Marihuana\n|-resisted|p1a: Marihuana\n|-damage|p1a: Marihuana|73\/100\n|\n|upkeep\n|turn|11\n|\n|t:|1699768149\n|move|p1a: Marihuana|Earth Power|p2a: Krokorok\n|-supereffective|p2a: Krokorok\n|-damage|p2a: Krokorok|0 fnt\n|faint|p2a: Krokorok\n|-damage|p1a: Marihuana|64\/100|[from] item: Life Orb\n|\n|win|JOUUU\n","uploadtime":1699768159,"views":15,"p1id":"jouuu","p2id":"julianelpapuprox","formatid":"gen9nationaldexubers","rating":0,"private":0,"password":""}