{"id":"gen9nationaldexubers-1993871221","p1":"Ash100985","p2":"Craisans","format":"[Gen 9] National Dex Ubers","log":"|j|\u2606Ash100985\n|j|\u2606Craisans\n|t:|1700367983\n|gametype|singles\n|player|p1|Ash100985|lucas-gen4pt|\n|player|p2|Craisans|ingo|\n|teamsize|p1|6\n|teamsize|p2|6\n|gen|9\n|tier|[Gen 9] National Dex Ubers\n|rule|HP Percentage Mod: HP is shown in percentages\n|rule|Endless Battle Clause: Forcing endless battles is banned\n|rule|OHKO Clause: OHKO moves are banned\n|rule|Evasion Moves Clause: Evasion moves are banned\n|rule|Evasion Items Clause: Evasion items are banned\n|rule|Species Clause: Limit one of each Pok\u00e9mon\n|rule|Sleep Clause Mod: Limit one foe put to sleep\n|rule|Mega Rayquaza Clause: You cannot mega evolve Rayquaza\n|clearpoke\n|poke|p1|Clefable, F|\n|poke|p1|Smeargle, F|\n|poke|p1|Politoed, F|\n|poke|p1|Swampert, F|\n|poke|p1|Celesteela|\n|poke|p1|Slurpuff, M|\n|poke|p2|Charizard, F|\n|poke|p2|Alomomola, F|\n|poke|p2|Clodsire, M|\n|poke|p2|Darkrai|\n|poke|p2|Dhelmise|\n|poke|p2|Indeedee, M|\n|teampreview\n|c|\u2606Craisans|glhf!\n|c|\u2606Ash100985|gl hf\n|\n|t:|1700368008\n|start\n|switch|p1a: Smeargle|Smeargle, F|100\/100\n|switch|p2a: Midnight|Charizard, F|100\/100\n|turn|1\n|\n|t:|1700368013\n|move|p2a: Midnight|Substitute|p2a: Midnight\n|-start|p2a: Midnight|Substitute\n|-damage|p2a: Midnight|76\/100\n|move|p1a: Smeargle|Spore||[still]\n|-fail|p1a: Smeargle\n|\n|upkeep\n|turn|2\n|\n|t:|1700368020\n|switch|p1a: Politoed|Politoed, F|100\/100\n|-weather|RainDance|[from] ability: Drizzle|[of] p1a: Politoed\n|move|p2a: Midnight|Belly Drum|p2a: Midnight\n|-damage|p2a: Midnight|26\/100\n|-setboost|p2a: Midnight|atk|6|[from] move: Belly Drum\n|\n|-weather|RainDance|[upkeep]\n|upkeep\n|turn|3\n|\n|t:|1700368027\n|detailschange|p2a: Midnight|Charizard-Mega-X, F\n|-mega|p2a: Midnight|Charizard|Charizardite X\n|move|p2a: Midnight|Scale Shot|p1a: Politoed\n|-damage|p1a: Politoed|37\/100\n|-damage|p1a: Politoed|0 fnt\n|faint|p1a: Politoed\n|-hitcount|p1: Politoed|2\n|-unboost|p2a: Midnight|def|1\n|-boost|p2a: Midnight|spe|1\n|\n|-weather|RainDance|[upkeep]\n|upkeep\n|\n|t:|1700368037\n|switch|p1a: Smeargle|Smeargle, F|100\/100\n|turn|4\n|j| Jaylek\n|\n|t:|1700368044\n|move|p2a: Midnight|Scale Shot|p1a: Smeargle\n|-enditem|p1a: Smeargle|Focus Sash\n|-damage|p1a: Smeargle|1\/100\n|-damage|p1a: Smeargle|0 fnt\n|faint|p1a: Smeargle\n|-hitcount|p1: Smeargle|2\n|-unboost|p2a: Midnight|def|1\n|-boost|p2a: Midnight|spe|1\n|\n|-weather|RainDance|[upkeep]\n|upkeep\n|\n|t:|1700368050\n|switch|p1a: Clefable|Clefable, F|100\/100\n|turn|5\n|\n|t:|1700368055\n|-terastallize|p1a: Clefable|Water\n|move|p2a: Midnight|Fire Punch|p1a: Clefable\n|-resisted|p1a: Clefable\n|-damage|p1a: Clefable|90\/100\n|move|p1a: Clefable|Moonblast|p2a: Midnight\n|-end|p2a: Midnight|Substitute\n|\n|-weather|RainDance|[upkeep]\n|-heal|p1a: Clefable|96\/100|[from] item: Leftovers\n|upkeep\n|turn|6\n|\n|t:|1700368064\n|switch|p2a: Bob|Clodsire, M|100\/100\n|move|p1a: Clefable|Moonblast|p2a: Bob\n|-resisted|p2a: Bob\n|-damage|p2a: Bob|91\/100\n|\n|-weather|RainDance|[upkeep]\n|-heal|p1a: Clefable|100\/100|[from] item: Leftovers\n|-heal|p2a: Bob|98\/100|[from] item: Black Sludge\n|upkeep\n|turn|7\n|\n|t:|1700368071\n|switch|p1a: Celesteela|Celesteela|100\/100\n|move|p2a: Bob|Toxic|p1a: Celesteela\n|-immune|p1a: Celesteela\n|\n|-weather|RainDance|[upkeep]\n|-heal|p2a: Bob|100\/100|[from] item: Black Sludge\n|upkeep\n|turn|8\n|\n|t:|1700368087\n|switch|p2a: Blubbles|Alomomola, F|100\/100\n|move|p1a: Celesteela|Air Slash|p2a: Blubbles\n|-crit|p2a: Blubbles\n|-damage|p2a: Blubbles|30\/100\n|\n|-weather|RainDance|[upkeep]\n|-heal|p2a: Blubbles|36\/100|[from] item: Leftovers\n|upkeep\n|turn|9\n|\n|t:|1700368127\n|switch|p2a: Yes|Indeedee, M|100\/100\n|-fieldstart|move: Psychic Terrain|[from] ability: Psychic Surge|[of] p2a: Yes\n|move|p1a: Celesteela|Energy Ball|p2a: Yes\n|-damage|p2a: Yes|63\/100\n|\n|-weather|none\n|upkeep\n|turn|10\n|\n|t:|1700368135\n|move|p2a: Yes|Mystical Fire|p1a: Celesteela\n|-supereffective|p1a: Celesteela\n|-damage|p1a: Celesteela|34\/100\n|-unboost|p1a: Celesteela|spa|1\n|move|p1a: Celesteela|Leech Seed|p2a: Yes\n|-start|p2a: Yes|move: Leech Seed\n|\n|-heal|p1a: Celesteela|40\/100|[from] item: Leftovers\n|-damage|p2a: Yes|50\/100|[from] Leech Seed|[of] p1a: Celesteela\n|-heal|p1a: Celesteela|49\/100|[silent]\n|upkeep\n|turn|11\n|\n|t:|1700368149\n|switch|p2a: Blubbles|Alomomola, F|70\/100\n|switch|p1a: Clefable|Clefable, F, tera:Water|100\/100\n|\n|-heal|p2a: Blubbles|76\/100|[from] item: Leftovers\n|upkeep\n|turn|12\n|\n|t:|1700368160\n|switch|p1a: Celesteela|Celesteela|49\/100\n|move|p2a: Blubbles|Flip Turn|p1a: Celesteela\n|-damage|p1a: Celesteela|35\/100\n|\n|t:|1700368182\n|switch|p2a: Yes|Indeedee, M|50\/100|[from] Flip Turn\n|\n|-heal|p1a: Celesteela|40\/100|[from] item: Leftovers\n|upkeep\n|turn|13\n|\n|t:|1700368206\n|switch|p1a: Clefable|Clefable, F, tera:Water|100\/100\n|move|p2a: Yes|Expanding Force|p1a: Clefable\n|-damage|p1a: Clefable|0 fnt\n|faint|p1a: Clefable\n|\n|-fieldend|move: Psychic Terrain\n|upkeep\n|c| Jaylek|he got them fake magic guards\n|\n|t:|1700368231\n|switch|p1a: Swampert|Swampert, F|100\/100\n|turn|14\n|\n|t:|1700368235\n|switch|p2a: Blubbles|Alomomola, F|100\/100\n|detailschange|p1a: Swampert|Swampert-Mega, F\n|-mega|p1a: Swampert|Swampert|Swampertite\n|move|p1a: Swampert|Earthquake|p2a: Blubbles\n|-damage|p2a: Blubbles|71\/100\n|\n|-heal|p2a: Blubbles|77\/100|[from] item: Leftovers\n|upkeep\n|turn|15\n|\n|t:|1700368240\n|move|p1a: Swampert|Power-Up Punch|p2a: Blubbles\n|-damage|p2a: Blubbles|69\/100\n|-boost|p1a: Swampert|atk|1\n|move|p2a: Blubbles|Flip Turn|p1a: Swampert\n|-damage|p1a: Swampert|84\/100\n|\n|t:|1700368249\n|switch|p2a: Yes|Indeedee, M|50\/100|[from] Flip Turn\n|-fieldstart|move: Psychic Terrain|[from] ability: Psychic Surge|[of] p2a: Yes\n|\n|upkeep\n|turn|16\n|\n|t:|1700368255\n|move|p2a: Yes|Expanding Force|p1a: Swampert\n|-damage|p1a: Swampert|0 fnt\n|faint|p1a: Swampert\n|\n|upkeep\n|\n|t:|1700368259\n|switch|p1a: Celesteela|Celesteela|40\/100\n|turn|17\n|\n|t:|1700368262\n|move|p2a: Yes|Expanding Force|p1a: Celesteela\n|-resisted|p1a: Celesteela\n|-damage|p1a: Celesteela|0 fnt\n|faint|p1a: Celesteela\n|\n|upkeep\n|\n|t:|1700368264\n|switch|p1a: Slurpuff|Slurpuff, M|100\/100\n|turn|18\n|\n|t:|1700368268\n|move|p2a: Yes|Expanding Force|p1a: Slurpuff\n|-damage|p1a: Slurpuff|0 fnt\n|faint|p1a: Slurpuff\n|\n|win|Craisans\n|c|\u2606Craisans|gg\n|c|\u2606Ash100985|ggs\n","uploadtime":1700368276,"views":47,"p1id":"ash100985","p2id":"craisans","formatid":"gen9nationaldexubers","rating":0,"private":0,"password":""}