{"id":"gen9nationaldexubers-1982916520","p1":"drgxrsg4e","p2":"Riodroid","format":"[Gen 9] National Dex Ubers","log":"|j|\u2606drgxrsg4e\n|j|\u2606Riodroid\n|t:|1699058338\n|gametype|singles\n|player|p1|drgxrsg4e|ethan|1000\n|player|p2|Riodroid|pokemaniac|1045\n|teamsize|p1|6\n|teamsize|p2|6\n|gen|9\n|tier|[Gen 9] National Dex Ubers\n|rated|\n|rule|HP Percentage Mod: HP is shown in percentages\n|rule|Endless Battle Clause: Forcing endless battles is banned\n|rule|OHKO Clause: OHKO moves are banned\n|rule|Evasion Moves Clause: Evasion moves are banned\n|rule|Evasion Items Clause: Evasion items are banned\n|rule|Species Clause: Limit one of each Pok\u00e9mon\n|rule|Sleep Clause Mod: Limit one foe put to sleep\n|rule|Mega Rayquaza Clause: You cannot mega evolve Rayquaza\n|clearpoke\n|poke|p1|Darkrai|\n|poke|p1|Eelektross, F|\n|poke|p1|Dragapult, F|\n|poke|p1|Groudon|\n|poke|p1|Gliscor, F|\n|poke|p1|Vaporeon, F|\n|poke|p2|Torterra, M|\n|poke|p2|Centiskorch, M|\n|poke|p2|Glimmora, M|\n|poke|p2|Breloom, F|\n|poke|p2|Chandelure, F|\n|poke|p2|Kangaskhan, F|\n|teampreview\n|\n|t:|1699058349\n|start\n|switch|p1a: Darkrai|Darkrai, shiny|100\/100\n|switch|p2a: Debra|Breloom, F|100\/100\n|turn|1\n|\n|t:|1699058362\n|move|p1a: Darkrai|Hypnosis|p2a: Debra|[miss]\n|-miss|p1a: Darkrai|p2a: Debra\n|move|p2a: Debra|Spore|p1a: Darkrai\n|-status|p1a: Darkrai|slp|[from] move: Spore\n|\n|-status|p2a: Debra|tox|[from] item: Toxic Orb\n|upkeep\n|turn|2\n|\n|t:|1699058385\n|switch|p1a: no weakness|Eelektross, F, shiny|100\/100\n|move|p2a: Debra|Drain Punch|p1a: no weakness\n|-damage|p1a: no weakness|67\/100\n|\n|-heal|p1a: no weakness|73\/100|[from] item: Leftovers\n|upkeep\n|turn|3\n|\n|t:|1699058403\n|move|p2a: Debra|Spore|p1a: no weakness\n|-message|Sleep Clause Mod activated.\n|-hint|Sleep Clause Mod prevents players from putting more than one of their opponent's Pok\u00e9mon to sleep at a time\n|move|p1a: no weakness|Substitute|p1a: no weakness\n|-start|p1a: no weakness|Substitute\n|-damage|p1a: no weakness|49\/100\n|\n|-heal|p1a: no weakness|55\/100|[from] item: Leftovers\n|upkeep\n|turn|4\n|\n|t:|1699058429\n|move|p2a: Debra|Drain Punch|p1a: no weakness\n|-end|p1a: no weakness|Substitute\n|move|p1a: no weakness|Thunderbolt|p2a: Debra\n|-resisted|p2a: Debra\n|-damage|p2a: Debra|74\/100 tox\n|\n|-heal|p1a: no weakness|61\/100|[from] item: Leftovers\n|-heal|p2a: Debra|86\/100 tox|[from] ability: Poison Heal\n|upkeep\n|turn|5\n|\n|t:|1699058446\n|move|p2a: Debra|Drain Punch|p1a: no weakness\n|-damage|p1a: no weakness|28\/100\n|-heal|p2a: Debra|100\/100 tox|[from] drain|[of] p1a: no weakness\n|move|p1a: no weakness|Thunderbolt|p2a: Debra\n|-resisted|p2a: Debra\n|-damage|p2a: Debra|73\/100 tox\n|\n|-heal|p1a: no weakness|34\/100|[from] item: Leftovers\n|-heal|p2a: Debra|85\/100 tox|[from] ability: Poison Heal\n|upkeep\n|turn|6\n|\n|t:|1699058458\n|switch|p1a: Groudon|Groudon|100\/100\n|detailschange|p1a: Groudon|Groudon-Primal\n|-primal|p1a: Groudon|Red Orb\n|-weather|DesolateLand|[from] ability: Desolate Land|[of] p1a: Groudon\n|move|p2a: Debra|Drain Punch|p1a: Groudon\n|-damage|p1a: Groudon|82\/100\n|-heal|p2a: Debra|97\/100 tox|[from] drain|[of] p1a: Groudon\n|\n|-weather|DesolateLand|[upkeep]\n|-heal|p2a: Debra|100\/100 tox|[from] ability: Poison Heal\n|upkeep\n|turn|7\n|\n|t:|1699058484\n|-terastallize|p2a: Debra|Normal\n|move|p2a: Debra|Spore|p1a: Groudon\n|-message|Sleep Clause Mod activated.\n|-hint|Sleep Clause Mod prevents players from putting more than one of their opponent's Pok\u00e9mon to sleep at a time\n|move|p1a: Groudon|Thunder Wave||[still]\n|-fail|p1a: Groudon\n|\n|-weather|DesolateLand|[upkeep]\n|upkeep\n|turn|8\n|\n|t:|1699058495\n|move|p2a: Debra|Seed Bomb|p1a: Groudon\n|-crit|p1a: Groudon\n|-damage|p1a: Groudon|55\/100\n|move|p1a: Groudon|Thunder Wave||[still]\n|-fail|p1a: Groudon\n|\n|-weather|DesolateLand|[upkeep]\n|upkeep\n|turn|9\n|\n|t:|1699058532\n|move|p2a: Debra|Seed Bomb|p1a: Groudon\n|-damage|p1a: Groudon|35\/100\n|move|p1a: Groudon|Fire Punch|p2a: Debra\n|-damage|p2a: Debra|5\/100 tox\n|\n|-weather|DesolateLand|[upkeep]\n|-heal|p2a: Debra|17\/100 tox|[from] ability: Poison Heal\n|upkeep\n|turn|10\n|\n|t:|1699058556\n|move|p2a: Debra|Drain Punch|p1a: Groudon\n|-damage|p1a: Groudon|16\/100\n|-heal|p2a: Debra|29\/100 tox|[from] drain|[of] p1a: Groudon\n|move|p1a: Groudon|Fire Punch|p2a: Debra\n|-damage|p2a: Debra|0 fnt\n|faint|p2a: Debra\n|\n|-weather|DesolateLand|[upkeep]\n|upkeep\n|\n|t:|1699058564\n|switch|p2a: The Island|Torterra, M|100\/100\n|turn|11\n|\n|t:|1699058609\n|-weather|none\n|switch|p1a: no weakness|Eelektross, F, shiny|34\/100\n|move|p2a: The Island|Earthquake|p1a: no weakness\n|-immune|p1a: no weakness|[from] ability: Levitate\n|\n|-heal|p1a: no weakness|40\/100|[from] item: Leftovers\n|upkeep\n|turn|12\n|\n|t:|1699058659\n|move|p2a: The Island|Crunch|p1a: no weakness\n|-damage|p1a: no weakness|15\/100\n|move|p1a: no weakness|Knock Off|p2a: The Island\n|-damage|p2a: The Island|80\/100\n|-enditem|p2a: The Island|King's Rock|[from] move: Knock Off|[of] p1a: no weakness\n|\n|-heal|p1a: no weakness|21\/100|[from] item: Leftovers\n|upkeep\n|turn|13\n|\n|t:|1699058668\n|move|p2a: The Island|Crunch|p1a: no weakness\n|-damage|p1a: no weakness|0 fnt\n|faint|p1a: no weakness\n|\n|upkeep\n|\n|t:|1699058677\n|switch|p1a: Dragapult|Dragapult, F, shiny|100\/100\n|turn|14\n|\n|t:|1699058691\n|move|p1a: Dragapult|Phantom Force||[still]\n|-prepare|p1a: Dragapult|Phantom Force\n|move|p2a: The Island|Crunch|p1a: Dragapult|[miss]\n|-miss|p2a: The Island|p1a: Dragapult\n|\n|upkeep\n|turn|15\n|\n|t:|1699058696\n|move|p1a: Dragapult|Phantom Force|p2a: The Island|[from]lockedmove\n|-damage|p2a: The Island|40\/100\n|move|p2a: The Island|Crunch|p1a: Dragapult\n|-supereffective|p1a: Dragapult\n|-damage|p1a: Dragapult|38\/100\n|\n|-heal|p1a: Dragapult|44\/100|[from] item: Leftovers\n|upkeep\n|turn|16\n|\n|t:|1699058721\n|switch|p1a: Vaporeon|Vaporeon, F|100\/100\n|move|p2a: The Island|Crunch|p1a: Vaporeon\n|-damage|p1a: Vaporeon|77\/100\n|\n|upkeep\n|turn|17\n|\n|t:|1699058726\n|move|p1a: Vaporeon|Rain Dance|p1a: Vaporeon\n|-weather|RainDance\n|move|p2a: The Island|Razor Leaf|p1a: Vaporeon\n|-supereffective|p1a: Vaporeon\n|-damage|p1a: Vaporeon|30\/100\n|\n|-weather|RainDance|[upkeep]\n|upkeep\n|turn|18\n|\n|t:|1699058733\n|move|p1a: Vaporeon|Weather Ball|p2a: The Island\n|-damage|p2a: The Island|0 fnt\n|faint|p2a: The Island\n|\n|-weather|RainDance|[upkeep]\n|upkeep\n|\n|t:|1699058740\n|switch|p2a: Sheila & Kidd|Kangaskhan, F|100\/100\n|turn|19\n|\n|t:|1699058760\n|switch|p1a: Gliscor|Gliscor, F, shiny|100\/100\n|detailschange|p2a: Sheila & Kidd|Kangaskhan-Mega, F\n|-mega|p2a: Sheila & Kidd|Kangaskhan|Kangaskhanite\n|move|p2a: Sheila & Kidd|Thunder Punch|p1a: Gliscor\n|-immune|p1a: Gliscor\n|\n|-weather|RainDance|[upkeep]\n|-status|p1a: Gliscor|tox|[from] item: Toxic Orb\n|upkeep\n|turn|20\n|\n|t:|1699058774\n|move|p2a: Sheila & Kidd|Ice Punch|p1a: Gliscor\n|-supereffective|p1a: Gliscor\n|-crit|p1a: Gliscor\n|-damage|p1a: Gliscor|14\/100 tox\n|-supereffective|p1a: Gliscor\n|-damage|p1a: Gliscor|0 fnt\n|faint|p1a: Gliscor\n|-hitcount|p1: Gliscor|2\n|\n|-weather|RainDance|[upkeep]\n|upkeep\n|\n|t:|1699058801\n|switch|p1a: Vaporeon|Vaporeon, F|30\/100\n|turn|21\n|\n|t:|1699058806\n|move|p2a: Sheila & Kidd|Thunder Punch|p1a: Vaporeon\n|-supereffective|p1a: Vaporeon\n|-crit|p1a: Vaporeon\n|-damage|p1a: Vaporeon|0 fnt\n|faint|p1a: Vaporeon\n|-hitcount|p1: Vaporeon|1\n|\n|-weather|none\n|upkeep\n|\n|t:|1699058811\n|switch|p1a: Darkrai|Darkrai, shiny|100\/100 slp\n|turn|22\n|\n|t:|1699058820\n|cant|p1a: Darkrai|slp\n|move|p2a: Sheila & Kidd|Seismic Toss|p1a: Darkrai\n|-damage|p1a: Darkrai|65\/100 slp\n|-damage|p1a: Darkrai|30\/100 slp\n|-hitcount|p1a: Darkrai|2\n|\n|-heal|p1a: Darkrai|36\/100 slp|[from] item: Leftovers\n|upkeep\n|turn|23\n|\n|t:|1699058829\n|cant|p1a: Darkrai|slp\n|move|p2a: Sheila & Kidd|Seismic Toss|p1a: Darkrai\n|-damage|p1a: Darkrai|0 fnt\n|faint|p1a: Darkrai\n|-hitcount|p1: Darkrai|1\n|\n|upkeep\n|\n|t:|1699058839\n|switch|p1a: Dragapult|Dragapult, F, shiny|44\/100\n|turn|24\n|\n|t:|1699058849\n|move|p1a: Dragapult|Phantom Force||[still]\n|-prepare|p1a: Dragapult|Phantom Force\n|move|p2a: Sheila & Kidd|Ice Punch|p1a: Dragapult|[miss]\n|-miss|p2a: Sheila & Kidd|p1a: Dragapult\n|\n|-heal|p1a: Dragapult|50\/100|[from] item: Leftovers\n|upkeep\n|turn|25\n|\n|t:|1699058855\n|move|p1a: Dragapult|Phantom Force|p2a: Sheila & Kidd|[from]lockedmove\n|-immune|p2a: Sheila & Kidd\n|move|p2a: Sheila & Kidd|Ice Punch|p1a: Dragapult\n|-supereffective|p1a: Dragapult\n|-damage|p1a: Dragapult|0 fnt\n|faint|p1a: Dragapult\n|-hitcount|p1: Dragapult|1\n|\n|upkeep\n|\n|t:|1699058862\n|switch|p1a: Groudon|Groudon-Primal|16\/100\n|-weather|DesolateLand|[from] ability: Desolate Land|[of] p1a: Groudon\n|turn|26\n|\n|t:|1699058879\n|move|p2a: Sheila & Kidd|Seismic Toss|p1a: Groudon\n|-damage|p1a: Groudon|0 fnt\n|faint|p1a: Groudon\n|-weather|none\n|-hitcount|p1: Groudon|1\n|\n|win|Riodroid\n|raw|drgxrsg4e's rating: 1000 &rarr; <strong>1000<\/strong><br \/>(+0 for losing)\n|raw|Riodroid's rating: 1045 &rarr; <strong>1074<\/strong><br \/>(+29 for winning)\n|l|\u2606drgxrsg4e\n","uploadtime":1699058910,"views":8,"p1id":"drgxrsg4e","p2id":"riodroid","formatid":"gen9nationaldexubers","rating":1000,"private":0,"password":""}