{"id":"gen9nationaldexubers-1985170196","p1":"Black_Wicked","p2":"7s Recruit","format":"[Gen 9] National Dex Ubers","log":"|j|\u2606Black_Wicked\n|j|\u26067s Recruit\n|t:|1699342433\n|gametype|singles\n|player|p1|Black_Wicked|ghetsis|\n|player|p2|7s Recruit|ethan|\n|teamsize|p1|6\n|teamsize|p2|6\n|gen|9\n|tier|[Gen 9] National Dex Ubers\n|rule|HP Percentage Mod: HP is shown in percentages\n|rule|Endless Battle Clause: Forcing endless battles is banned\n|rule|OHKO Clause: OHKO moves are banned\n|rule|Evasion Moves Clause: Evasion moves are banned\n|rule|Evasion Items Clause: Evasion items are banned\n|rule|Species Clause: Limit one of each Pok\u00e9mon\n|rule|Sleep Clause Mod: Limit one foe put to sleep\n|rule|Mega Rayquaza Clause: You cannot mega evolve Rayquaza\n|clearpoke\n|poke|p1|Sharpedo, F|\n|poke|p1|Tauros, M|\n|poke|p1|Orbeetle, F|\n|poke|p1|Aegislash, F|\n|poke|p1|Cofagrigus, F|\n|poke|p1|Empoleon, F|\n|poke|p2|Alakazam, M|\n|poke|p2|Mimikyu, M|\n|poke|p2|Tapu Lele|\n|poke|p2|Garchomp, M|\n|poke|p2|Rotom-Wash|\n|poke|p2|Umbreon, M|\n|teampreview\n|inactive|Battle timer is ON: inactive players will automatically lose when time's up. (requested by Black_Wicked)\n|\n|t:|1699342445\n|start\n|switch|p1a: Orbeetle|Orbeetle, F, shiny|100\/100\n|switch|p2a: Garchomp|Garchomp, M|100\/100\n|-item|p2a: Garchomp|Psychic Seed|[from] ability: Frisk|[of] p1a: Orbeetle|[identify]\n|turn|1\n|inactive|Black_Wicked has 270 seconds left.\n|\n|t:|1699342484\n|switch|p2a: Alakazam|Alakazam, M|100\/100\n|move|p1a: Orbeetle|Trick||[still]\n|-fail|p1a: Orbeetle\n|\n|upkeep\n|turn|2\n|\n|t:|1699342507\n|switch|p2a: Tapu Lele|Tapu Lele|100\/100\n|-fieldstart|move: Psychic Terrain|[from] ability: Psychic Surge|[of] p2a: Tapu Lele\n|move|p1a: Orbeetle|Sticky Web|p2a: Tapu Lele\n|-sidestart|p2: 7s Recruit|move: Sticky Web\n|\n|upkeep\n|turn|3\n|\n|t:|1699342519\n|move|p2a: Tapu Lele|Moonblast|p1a: Orbeetle\n|-damage|p1a: Orbeetle|53\/100\n|move|p1a: Orbeetle|Trick|p2a: Tapu Lele\n|-activate|p1a: Orbeetle|move: Trick|[of] p2a: Tapu Lele\n|-item|p2a: Tapu Lele|Lagging Tail|[from] move: Trick\n|-item|p1a: Orbeetle|Choice Scarf|[from] move: Trick\n|\n|upkeep\n|turn|4\n|\n|t:|1699342536\n|switch|p2a: Rotom|Rotom-Wash|100\/100\n|move|p1a: Orbeetle|Bug Buzz|p2a: Rotom\n|-damage|p2a: Rotom|74\/100\n|\n|-heal|p2a: Rotom|80\/100|[from] item: Leftovers\n|upkeep\n|turn|5\n|\n|t:|1699342548\n|switch|p1a: Tauros|Tauros, M, shiny|100\/100\n|move|p2a: Rotom|Defog|p1a: Tauros\n|-unboost|p1a: Tauros|evasion|1\n|-sideend|p2: 7s Recruit|Sticky Web|[from] move: Defog|[of] p2a: Rotom\n|-fieldend|move: Psychic Terrain\n|\n|-heal|p2a: Rotom|86\/100|[from] item: Leftovers\n|upkeep\n|turn|6\n|\n|t:|1699342559\n|move|p1a: Tauros|Body Slam|p2a: Rotom\n|-damage|p2a: Rotom|14\/100\n|move|p2a: Rotom|Hydro Pump|p1a: Tauros\n|-damage|p1a: Tauros|37\/100\n|\n|-heal|p2a: Rotom|20\/100|[from] item: Leftovers\n|upkeep\n|turn|7\n|\n|t:|1699342570\n|switch|p2a: Mimikyu|Mimikyu, M|100\/100\n|move|p1a: Tauros|Body Slam|p2a: Mimikyu\n|-immune|p2a: Mimikyu\n|\n|upkeep\n|turn|8\n|\n|t:|1699342599\n|switch|p2a: Rotom|Rotom-Wash|20\/100\n|move|p1a: Tauros|Iron Head|p2a: Rotom\n|-resisted|p2a: Rotom\n|-damage|p2a: Rotom|10\/100\n|\n|-heal|p2a: Rotom|16\/100|[from] item: Leftovers\n|upkeep\n|turn|9\n|\n|t:|1699342611\n|move|p1a: Tauros|Body Slam|p2a: Rotom\n|-damage|p2a: Rotom|0 fnt\n|faint|p2a: Rotom\n|\n|upkeep\n|\n|t:|1699342616\n|switch|p2a: Tapu Lele|Tapu Lele|100\/100\n|-fieldstart|move: Psychic Terrain|[from] ability: Psychic Surge|[of] p2a: Tapu Lele\n|turn|10\n|\n|t:|1699342630\n|switch|p2a: Garchomp|Garchomp, M|100\/100\n|-enditem|p2a: Garchomp|Psychic Seed\n|-boost|p2a: Garchomp|spd|1|[from] item: Psychic Seed\n|move|p1a: Tauros|Iron Head|p2a: Garchomp\n|-damage|p2a: Garchomp|62\/100\n|-damage|p1a: Tauros|25\/100|[from] ability: Rough Skin|[of] p2a: Garchomp\n|\n|upkeep\n|turn|11\n|\n|t:|1699342643\n|move|p1a: Tauros|Body Slam|p2a: Garchomp\n|-damage|p2a: Garchomp|0 fnt\n|-damage|p1a: Tauros|13\/100|[from] ability: Rough Skin|[of] p2a: Garchomp\n|faint|p2a: Garchomp\n|\n|upkeep\n|\n|t:|1699342650\n|switch|p2a: Umbreon|Umbreon, M|100\/100\n|turn|12\n|\n|t:|1699342656\n|move|p1a: Tauros|Close Combat|p2a: Umbreon\n|-supereffective|p2a: Umbreon\n|-damage|p2a: Umbreon|49\/100\n|-unboost|p1a: Tauros|def|1\n|-unboost|p1a: Tauros|spd|1\n|-damage|p1a: Tauros|3\/100|[from] item: Life Orb\n|move|p2a: Umbreon|Wish|p2a: Umbreon\n|\n|-heal|p2a: Umbreon|55\/100|[from] item: Leftovers\n|upkeep\n|turn|13\n|\n|t:|1699342671\n|move|p2a: Umbreon|Protect|p2a: Umbreon\n|-singleturn|p2a: Umbreon|Protect\n|move|p1a: Tauros|Close Combat|p2a: Umbreon\n|-activate|p2a: Umbreon|move: Protect\n|\n|-heal|p2a: Umbreon|100\/100|[from] move: Wish|[wisher] Umbreon\n|upkeep\n|turn|14\n|\n|t:|1699342682\n|move|p1a: Tauros|Close Combat|p2a: Umbreon\n|-supereffective|p2a: Umbreon\n|-damage|p2a: Umbreon|44\/100\n|-unboost|p1a: Tauros|def|1\n|-unboost|p1a: Tauros|spd|1\n|-damage|p1a: Tauros|0 fnt|[from] item: Life Orb\n|faint|p1a: Tauros\n|move|p2a: Umbreon|Wish|p2a: Umbreon\n|\n|-heal|p2a: Umbreon|50\/100|[from] item: Leftovers\n|-fieldend|move: Psychic Terrain\n|upkeep\n|\n|t:|1699342685\n|switch|p1a: Orbeetle|Orbeetle, F, shiny|53\/100\n|-item|p2a: Umbreon|Leftovers|[from] ability: Frisk|[of] p1a: Orbeetle|[identify]\n|turn|15\n|\n|t:|1699342698\n|move|p1a: Orbeetle|Trick|p2a: Umbreon\n|-activate|p1a: Orbeetle|move: Trick|[of] p2a: Umbreon\n|-item|p2a: Umbreon|Choice Scarf|[from] move: Trick\n|-item|p1a: Orbeetle|Leftovers|[from] move: Trick\n|move|p2a: Umbreon|Foul Play|p1a: Orbeetle\n|-supereffective|p1a: Orbeetle\n|-damage|p1a: Orbeetle|20\/100\n|\n|-heal|p2a: Umbreon|99\/100|[from] move: Wish|[wisher] Umbreon\n|-heal|p1a: Orbeetle|26\/100|[from] item: Leftovers\n|upkeep\n|turn|16\n|\n|t:|1699342710\n|move|p2a: Umbreon|Foul Play|p1a: Orbeetle\n|-supereffective|p1a: Orbeetle\n|-damage|p1a: Orbeetle|0 fnt\n|faint|p1a: Orbeetle\n|\n|upkeep\n|\n|t:|1699342715\n|switch|p1a: Cofagrigus|Cofagrigus, F, shiny|100\/100\n|turn|17\n|\n|t:|1699342721\n|switch|p2a: Mimikyu|Mimikyu, M|100\/100\n|move|p1a: Cofagrigus|Will-O-Wisp|p2a: Mimikyu\n|-status|p2a: Mimikyu|brn\n|\n|-damage|p2a: Mimikyu|95\/100 brn|[from] brn\n|upkeep\n|turn|18\n|\n|t:|1699342733\n|move|p2a: Mimikyu|Swords Dance|p2a: Mimikyu\n|-boost|p2a: Mimikyu|atk|2\n|move|p1a: Cofagrigus|Haze|p1a: Cofagrigus\n|-clearallboost\n|\n|-damage|p2a: Mimikyu|89\/100 brn|[from] brn\n|upkeep\n|turn|19\n|\n|t:|1699342742\n|move|p2a: Mimikyu|Swords Dance|p2a: Mimikyu\n|-boost|p2a: Mimikyu|atk|2\n|move|p1a: Cofagrigus|Shadow Ball|p2a: Mimikyu\n|-activate|p2a: Mimikyu|ability: Disguise\n|-damage|p2a: Mimikyu|89\/100 brn\n|detailschange|p2a: Mimikyu|Mimikyu-Busted, M\n|-damage|p2a: Mimikyu|76\/100 brn|[from] pokemon: Mimikyu-Busted\n|\n|-damage|p2a: Mimikyu|70\/100 brn|[from] brn\n|upkeep\n|turn|20\n|\n|t:|1699342756\n|-zpower|p2a: Mimikyu\n|move|p2a: Mimikyu|Never-Ending Nightmare|p1a: Cofagrigus|[zeffect]\n|-supereffective|p1a: Cofagrigus\n|-damage|p1a: Cofagrigus|20\/100\n|move|p1a: Cofagrigus|Shadow Ball|p2a: Mimikyu\n|-supereffective|p2a: Mimikyu\n|-damage|p2a: Mimikyu|0 fnt\n|faint|p2a: Mimikyu\n|\n|-heal|p1a: Cofagrigus|26\/100|[from] item: Leftovers\n|upkeep\n|\n|t:|1699342772\n|switch|p2a: Tapu Lele|Tapu Lele|100\/100\n|-fieldstart|move: Psychic Terrain|[from] ability: Psychic Surge|[of] p2a: Tapu Lele\n|turn|21\n|\n|t:|1699342778\n|move|p1a: Cofagrigus|Pain Split|p2a: Tapu Lele\n|-sethp|p2a: Tapu Lele|65\/100|[from] move: Pain Split|[silent]\n|-sethp|p1a: Cofagrigus|57\/100|[from] move: Pain Split\n|move|p2a: Tapu Lele|Thunderbolt|p1a: Cofagrigus\n|-damage|p1a: Cofagrigus|31\/100\n|-status|p1a: Cofagrigus|par\n|\n|-heal|p1a: Cofagrigus|38\/100 par|[from] item: Leftovers\n|upkeep\n|turn|22\n|\n|t:|1699342789\n|move|p1a: Cofagrigus|Shadow Ball|p2a: Tapu Lele\n|-supereffective|p2a: Tapu Lele\n|-damage|p2a: Tapu Lele|5\/100\n|move|p2a: Tapu Lele|Thunderbolt|p1a: Cofagrigus\n|-damage|p1a: Cofagrigus|13\/100 par\n|\n|-heal|p1a: Cofagrigus|19\/100 par|[from] item: Leftovers\n|upkeep\n|turn|23\n|\n|t:|1699342802\n|cant|p1a: Cofagrigus|par\n|move|p2a: Tapu Lele|Thunderbolt|p1a: Cofagrigus\n|-damage|p1a: Cofagrigus|0 fnt\n|faint|p1a: Cofagrigus\n|\n|upkeep\n|\n|t:|1699342810\n|switch|p1a: Empoleon|Empoleon, F|100\/100\n|turn|24\n|\n|t:|1699342814\n|move|p1a: Empoleon|Surf|p2a: Tapu Lele\n|-damage|p2a: Tapu Lele|0 fnt\n|faint|p2a: Tapu Lele\n|\n|upkeep\n|\n|t:|1699342821\n|switch|p2a: Alakazam|Alakazam, M|100\/100\n|turn|25\n|\n|t:|1699342826\n|detailschange|p2a: Alakazam|Alakazam-Mega, M\n|-mega|p2a: Alakazam|Alakazam|Alakazite\n|-ability|p2a: Alakazam|Competitive|[from] ability: Trace|[of] p1a: Empoleon\n|move|p2a: Alakazam|Focus Blast|p1a: Empoleon\n|-supereffective|p1a: Empoleon\n|-damage|p1a: Empoleon|28\/100\n|move|p1a: Empoleon|Surf|p2a: Alakazam\n|-damage|p2a: Alakazam|55\/100\n|\n|-heal|p1a: Empoleon|34\/100|[from] item: Leftovers\n|-fieldend|move: Psychic Terrain\n|upkeep\n|turn|26\n|\n|t:|1699342840\n|move|p2a: Alakazam|Focus Blast|p1a: Empoleon\n|-supereffective|p1a: Empoleon\n|-damage|p1a: Empoleon|0 fnt\n|faint|p1a: Empoleon\n|\n|upkeep\n|\n|t:|1699342844\n|switch|p1a: Aegislash|Aegislash, F, shiny|100\/100\n|turn|27\n|\n|t:|1699342852\n|move|p2a: Alakazam|Psychic|p1a: Aegislash\n|-resisted|p1a: Aegislash\n|-damage|p1a: Aegislash|78\/100\n|-formechange|p1a: Aegislash|Aegislash-Blade||[from] ability: Stance Change\n|move|p1a: Aegislash|Shadow Ball|p2a: Alakazam\n|-supereffective|p2a: Alakazam\n|-damage|p2a: Alakazam|0 fnt\n|faint|p2a: Alakazam\n|\n|-heal|p1a: Aegislash|84\/100|[from] item: Leftovers\n|upkeep\n|\n|t:|1699342865\n|switch|p2a: Umbreon|Umbreon, M|99\/100\n|turn|28\n|\n|t:|1699342871\n|-formechange|p1a: Aegislash|Aegislash||[from] ability: Stance Change\n|move|p1a: Aegislash|King's Shield|p1a: Aegislash\n|-singleturn|p1a: Aegislash|Protect\n|move|p2a: Umbreon|Foul Play|p1a: Aegislash\n|-activate|p1a: Aegislash|move: Protect\n|-unboost|p2a: Umbreon|atk|1\n|\n|-heal|p1a: Aegislash|90\/100|[from] item: Leftovers\n|upkeep\n|turn|29\n|\n|t:|1699342883\n|move|p2a: Umbreon|Foul Play|p1a: Aegislash\n|-supereffective|p1a: Aegislash\n|-damage|p1a: Aegislash|51\/100\n|-formechange|p1a: Aegislash|Aegislash-Blade||[from] ability: Stance Change\n|move|p1a: Aegislash|Close Combat|p2a: Umbreon\n|-supereffective|p2a: Umbreon\n|-damage|p2a: Umbreon|54\/100\n|-unboost|p1a: Aegislash|def|1\n|-unboost|p1a: Aegislash|spd|1\n|\n|-heal|p1a: Aegislash|57\/100|[from] item: Leftovers\n|upkeep\n|turn|30\n|\n|t:|1699342898\n|-formechange|p1a: Aegislash|Aegislash||[from] ability: Stance Change\n|move|p1a: Aegislash|King's Shield|p1a: Aegislash\n|-singleturn|p1a: Aegislash|Protect\n|move|p2a: Umbreon|Foul Play|p1a: Aegislash\n|-activate|p1a: Aegislash|move: Protect\n|-unboost|p2a: Umbreon|atk|1\n|\n|-heal|p1a: Aegislash|63\/100|[from] item: Leftovers\n|upkeep\n|turn|31\n|\n|t:|1699342910\n|move|p2a: Umbreon|Foul Play|p1a: Aegislash\n|-supereffective|p1a: Aegislash\n|-damage|p1a: Aegislash|3\/100\n|-formechange|p1a: Aegislash|Aegislash-Blade||[from] ability: Stance Change\n|move|p1a: Aegislash|Close Combat|p2a: Umbreon\n|-supereffective|p2a: Umbreon\n|-damage|p2a: Umbreon|10\/100\n|-unboost|p1a: Aegislash|def|1\n|-unboost|p1a: Aegislash|spd|1\n|\n|-heal|p1a: Aegislash|9\/100|[from] item: Leftovers\n|upkeep\n|turn|32\n|\n|t:|1699342924\n|-formechange|p1a: Aegislash|Aegislash||[from] ability: Stance Change\n|move|p1a: Aegislash|King's Shield|p1a: Aegislash\n|-singleturn|p1a: Aegislash|Protect\n|move|p2a: Umbreon|Foul Play|p1a: Aegislash\n|-activate|p1a: Aegislash|move: Protect\n|-unboost|p2a: Umbreon|atk|1\n|\n|-heal|p1a: Aegislash|15\/100|[from] item: Leftovers\n|upkeep\n|turn|33\n|\n|t:|1699342937\n|move|p2a: Umbreon|Foul Play|p1a: Aegislash\n|-supereffective|p1a: Aegislash\n|-damage|p1a: Aegislash|0 fnt\n|faint|p1a: Aegislash\n|\n|upkeep\n|\n|t:|1699342940\n|switch|p1a: Sharpedo|Sharpedo, F, shiny|100\/100\n|turn|34\n|\n|t:|1699342945\n|detailschange|p1a: Sharpedo|Sharpedo-Mega, F, shiny\n|-mega|p1a: Sharpedo|Sharpedo|Sharpedonite\n|move|p1a: Sharpedo|Close Combat|p2a: Umbreon\n|-supereffective|p2a: Umbreon\n|-damage|p2a: Umbreon|0 fnt\n|-unboost|p1a: Sharpedo|def|1\n|-unboost|p1a: Sharpedo|spd|1\n|faint|p2a: Umbreon\n|\n|win|Black_Wicked\n","uploadtime":1699342951,"views":6,"p1id":"blackwicked","p2id":"7srecruit","formatid":"gen9nationaldexubers","rating":0,"private":0,"password":""}