{"id":"gen9nationaldexubers-1996275142","p1":"Razorgliscor472","p2":"SCARCITY25","format":"[Gen 9] National Dex Ubers","log":"|j|\u2606Razorgliscor472\n|j|\u2606SCARCITY25\n|t:|1700666520\n|gametype|singles\n|player|p1|Razorgliscor472|170|\n|player|p2|SCARCITY25|cynthia-gen4|\n|teamsize|p1|6\n|teamsize|p2|6\n|gen|9\n|tier|[Gen 9] National Dex Ubers\n|rule|HP Percentage Mod: HP is shown in percentages\n|rule|Endless Battle Clause: Forcing endless battles is banned\n|rule|OHKO Clause: OHKO moves are banned\n|rule|Evasion Moves Clause: Evasion moves are banned\n|rule|Evasion Items Clause: Evasion items are banned\n|rule|Species Clause: Limit one of each Pok\u00e9mon\n|rule|Sleep Clause Mod: Limit one foe put to sleep\n|rule|Mega Rayquaza Clause: You cannot mega evolve Rayquaza\n|clearpoke\n|poke|p1|Gastrodon, F|\n|poke|p1|Excadrill, F|\n|poke|p1|Zygarde|\n|poke|p1|Landorus-Therian, M|\n|poke|p1|Cresselia, F|\n|poke|p1|Ting-Lu|\n|poke|p2|Iron Valiant|\n|poke|p2|Tapu Koko|\n|poke|p2|Urshifu-*, M|\n|poke|p2|Garchomp, F|\n|poke|p2|Corviknight, M|\n|poke|p2|Rotom-Wash|\n|teampreview\n|c|\u2606SCARCITY25|glhf\n|c|\u2606Razorgliscor472|U2\n|\n|t:|1700666550\n|start\n|switch|p1a: Ting-Lu|Ting-Lu|100\/100\n|switch|p2a: Rotom|Rotom-Wash|100\/100\n|-ability|p1a: Ting-Lu|Vessel of Ruin\n|turn|1\n|\n|t:|1700666554\n|move|p2a: Rotom|Hydro Pump|p1a: Ting-Lu\n|-supereffective|p1a: Ting-Lu\n|-damage|p1a: Ting-Lu|72\/100\n|move|p1a: Ting-Lu|Spikes|p2a: Rotom\n|-sidestart|p2: SCARCITY25|Spikes\n|\n|-heal|p1a: Ting-Lu|78\/100|[from] item: Leftovers\n|upkeep\n|turn|2\n|\n|t:|1700666559\n|switch|p1a: Gastrodon|Gastrodon, F|100\/100\n|move|p2a: Rotom|Defog|p1a: Gastrodon\n|-unboost|p1a: Gastrodon|evasion|1\n|-sideend|p2: SCARCITY25|Spikes|[from] move: Defog|[of] p2a: Rotom\n|\n|upkeep\n|turn|3\n|\n|t:|1700666564\n|move|p2a: Rotom|Substitute|p2a: Rotom\n|-start|p2a: Rotom|Substitute\n|-damage|p2a: Rotom|75\/100\n|move|p1a: Gastrodon|Stealth Rock|p2a: Rotom\n|-sidestart|p2: SCARCITY25|move: Stealth Rock\n|\n|-heal|p2a: Rotom|82\/100|[from] item: Leftovers\n|upkeep\n|turn|4\n|\n|t:|1700666572\n|switch|p1a: Cresselia|Cresselia, F|100\/100\n|move|p2a: Rotom|Defog|p1a: Cresselia\n|-unboost|p1a: Cresselia|evasion|1\n|-sideend|p2: SCARCITY25|Stealth Rock|[from] move: Defog|[of] p2a: Rotom\n|\n|-heal|p2a: Rotom|88\/100|[from] item: Leftovers\n|upkeep\n|turn|5\n|\n|t:|1700666588\n|switch|p2a: Tapu Koko|Tapu Koko|100\/100\n|move|p1a: Cresselia|Calm Mind|p1a: Cresselia\n|-boost|p1a: Cresselia|spa|1\n|-boost|p1a: Cresselia|spd|1\n|\n|upkeep\n|turn|6\n|\n|t:|1700666592\n|move|p2a: Tapu Koko|Taunt|p1a: Cresselia\n|-start|p1a: Cresselia|move: Taunt\n|move|p1a: Cresselia|Psyshock|p2a: Tapu Koko\n|-damage|p2a: Tapu Koko|52\/100\n|\n|-heal|p2a: Tapu Koko|58\/100|[from] item: Leftovers\n|upkeep\n|turn|7\n|\n|t:|1700666602\n|move|p2a: Tapu Koko|U-turn|p1a: Cresselia\n|-supereffective|p1a: Cresselia\n|-damage|p1a: Cresselia|83\/100\n|\n|t:|1700666604\n|switch|p2a: Urshifu|Urshifu, M|100\/100|[from] U-turn\n|move|p1a: Cresselia|Moonblast|p2a: Urshifu\n|-supereffective|p2a: Urshifu\n|-damage|p2a: Urshifu|0 fnt\n|faint|p2a: Urshifu\n|\n|-heal|p1a: Cresselia|89\/100|[from] item: Leftovers\n|upkeep\n|c|\u2606SCARCITY25|fuck\n|c|\u2606Razorgliscor472|LMAO\n|c|\u2606SCARCITY25|that was a throw\n|c|\u2606Razorgliscor472|I knew it\n|c|\u2606SCARCITY25|LMAOOOOOO\n|\n|t:|1700666624\n|switch|p2a: Tapu Koko|Tapu Koko|58\/100\n|turn|8\n|\n|t:|1700666627\n|move|p2a: Tapu Koko|Nature's Madness|p1a: Cresselia\n|-damage|p1a: Cresselia|45\/100\n|move|p1a: Cresselia|Psyshock|p2a: Tapu Koko\n|-damage|p2a: Tapu Koko|9\/100\n|\n|-heal|p2a: Tapu Koko|15\/100|[from] item: Leftovers\n|-heal|p1a: Cresselia|51\/100|[from] item: Leftovers\n|-end|p1a: Cresselia|move: Taunt\n|upkeep\n|turn|9\n|\n|t:|1700666632\n|move|p2a: Tapu Koko|Nature's Madness|p1a: Cresselia\n|-damage|p1a: Cresselia|26\/100\n|move|p1a: Cresselia|Psyshock|p2a: Tapu Koko\n|-damage|p2a: Tapu Koko|0 fnt\n|faint|p2a: Tapu Koko\n|\n|-heal|p1a: Cresselia|32\/100|[from] item: Leftovers\n|upkeep\n|c|\u2606SCARCITY25|its tera fairy isnt it\n|c|\u2606Razorgliscor472|I like this mon\n|c|\u2606Razorgliscor472|Also you dont know the plays yet\n|\n|t:|1700666668\n|switch|p2a: Garchomp|Garchomp, F|100\/100\n|turn|10\n|\n|t:|1700666680\n|switch|p1a: Landorus|Landorus-Therian, M|100\/100\n|-ability|p1a: Landorus|Intimidate|boost\n|-unboost|p2a: Garchomp|atk|1\n|move|p2a: Garchomp|Scale Shot|p1a: Landorus\n|-damage|p1a: Landorus|92\/100\n|-damage|p1a: Landorus|84\/100\n|-damage|p1a: Landorus|77\/100\n|-damage|p1a: Landorus|69\/100\n|-damage|p1a: Landorus|60\/100\n|-hitcount|p1a: Landorus|5\n|-unboost|p2a: Garchomp|def|1\n|-boost|p2a: Garchomp|spe|1\n|\n|-heal|p1a: Landorus|66\/100|[from] item: Leftovers\n|upkeep\n|turn|11\n|\n|t:|1700666703\n|switch|p2a: Rotom|Rotom-Wash|88\/100\n|move|p1a: Landorus|Earthquake|p2a: Rotom\n|-immune|p2a: Rotom|[from] ability: Levitate\n|\n|-heal|p1a: Landorus|72\/100|[from] item: Leftovers\n|-heal|p2a: Rotom|94\/100|[from] item: Leftovers\n|upkeep\n|turn|12\n|c|\u2606Razorgliscor472|I dont Cteam people so no i wasnt\n|\n|t:|1700666724\n|switch|p1a: Zygarde|Zygarde|100\/100\n|-ability|p1a: Zygarde|Aura Break\n|move|p2a: Rotom|Hydro Pump|p1a: Zygarde\n|-damage|p1a: Zygarde|78\/100\n|\n|-heal|p1a: Zygarde|84\/100|[from] item: Leftovers\n|-heal|p2a: Rotom|100\/100|[from] item: Leftovers\n|upkeep\n|turn|13\n|\n|t:|1700666731\n|switch|p2a: Corviknight|Corviknight, M|100\/100\n|-ability|p2a: Corviknight|Pressure\n|move|p1a: Zygarde|Substitute|p1a: Zygarde\n|-start|p1a: Zygarde|Substitute\n|-damage|p1a: Zygarde|59\/100\n|\n|-heal|p1a: Zygarde|65\/100|[from] item: Leftovers\n|upkeep\n|turn|14\n|\n|t:|1700666735\n|move|p1a: Zygarde|Coil|p1a: Zygarde\n|-boost|p1a: Zygarde|atk|1\n|-boost|p1a: Zygarde|def|1\n|-boost|p1a: Zygarde|accuracy|1\n|move|p2a: Corviknight|Iron Defense|p2a: Corviknight\n|-boost|p2a: Corviknight|def|2\n|\n|-heal|p1a: Zygarde|72\/100|[from] item: Leftovers\n|upkeep\n|turn|15\n|\n|t:|1700666743\n|move|p1a: Zygarde|Thousand Arrows|p2a: Corviknight\n|-damage|p2a: Corviknight|84\/100\n|-start|p2a: Corviknight|Smack Down\n|move|p2a: Corviknight|Body Press|p1a: Zygarde\n|-end|p1a: Zygarde|Substitute\n|\n|-heal|p1a: Zygarde|78\/100|[from] item: Leftovers\n|-heal|p2a: Corviknight|91\/100|[from] item: Leftovers\n|upkeep\n|turn|16\n|\n|t:|1700666751\n|move|p1a: Zygarde|Thousand Arrows|p2a: Corviknight\n|-supereffective|p2a: Corviknight\n|-damage|p2a: Corviknight|60\/100\n|move|p2a: Corviknight|Iron Defense|p2a: Corviknight\n|-boost|p2a: Corviknight|def|2\n|\n|-heal|p1a: Zygarde|84\/100|[from] item: Leftovers\n|-heal|p2a: Corviknight|66\/100|[from] item: Leftovers\n|upkeep\n|turn|17\n|\n|t:|1700666755\n|move|p1a: Zygarde|Thousand Arrows|p2a: Corviknight\n|-supereffective|p2a: Corviknight\n|-damage|p2a: Corviknight|46\/100\n|move|p2a: Corviknight|Roost|p2a: Corviknight\n|-heal|p2a: Corviknight|96\/100\n|-singleturn|p2a: Corviknight|move: Roost\n|\n|-heal|p1a: Zygarde|90\/100|[from] item: Leftovers\n|-heal|p2a: Corviknight|100\/100|[from] item: Leftovers\n|upkeep\n|turn|18\n|\n|t:|1700666758\n|move|p1a: Zygarde|Thousand Arrows|p2a: Corviknight\n|-supereffective|p2a: Corviknight\n|-damage|p2a: Corviknight|79\/100\n|move|p2a: Corviknight|Body Press|p1a: Zygarde\n|-damage|p1a: Zygarde|55\/100\n|\n|-heal|p1a: Zygarde|61\/100|[from] item: Leftovers\n|-heal|p2a: Corviknight|85\/100|[from] item: Leftovers\n|upkeep\n|turn|19\n|\n|t:|1700666761\n|move|p1a: Zygarde|Thousand Arrows|p2a: Corviknight\n|-supereffective|p2a: Corviknight\n|-damage|p2a: Corviknight|65\/100\n|move|p2a: Corviknight|Body Press|p1a: Zygarde\n|-damage|p1a: Zygarde|25\/100\n|\n|-heal|p1a: Zygarde|32\/100|[from] item: Leftovers\n|-heal|p2a: Corviknight|71\/100|[from] item: Leftovers\n|upkeep\n|turn|20\n|\n|t:|1700666764\n|move|p1a: Zygarde|Thousand Arrows|p2a: Corviknight\n|-supereffective|p2a: Corviknight\n|-damage|p2a: Corviknight|50\/100\n|move|p2a: Corviknight|Body Press|p1a: Zygarde\n|-damage|p1a: Zygarde|0 fnt\n|faint|p1a: Zygarde\n|\n|-heal|p2a: Corviknight|56\/100|[from] item: Leftovers\n|upkeep\n|\n|t:|1700666772\n|switch|p1a: Cresselia|Cresselia, F|32\/100\n|turn|21\n|\n|t:|1700666778\n|move|p1a: Cresselia|Moonlight|p1a: Cresselia\n|-heal|p1a: Cresselia|82\/100\n|move|p2a: Corviknight|Body Press|p1a: Cresselia\n|-resisted|p1a: Cresselia\n|-damage|p1a: Cresselia|60\/100\n|\n|-heal|p1a: Cresselia|66\/100|[from] item: Leftovers\n|-heal|p2a: Corviknight|62\/100|[from] item: Leftovers\n|upkeep\n|turn|22\n|\n|t:|1700666786\n|switch|p2a: Garchomp|Garchomp, F|100\/100\n|move|p1a: Cresselia|Calm Mind|p1a: Cresselia\n|-boost|p1a: Cresselia|spa|1\n|-boost|p1a: Cresselia|spd|1\n|\n|-heal|p1a: Cresselia|72\/100|[from] item: Leftovers\n|upkeep\n|turn|23\n|\n|t:|1700666799\n|move|p2a: Garchomp|Swords Dance|p2a: Garchomp\n|-boost|p2a: Garchomp|atk|2\n|move|p1a: Cresselia|Moonblast|p2a: Garchomp\n|-supereffective|p2a: Garchomp\n|-damage|p2a: Garchomp|40\/100\n|-unboost|p2a: Garchomp|spa|1\n|\n|-heal|p1a: Cresselia|78\/100|[from] item: Leftovers\n|upkeep\n|turn|24\n|\n|t:|1700666812\n|switch|p1a: Landorus|Landorus-Therian, M|72\/100\n|-ability|p1a: Landorus|Intimidate|boost\n|-unboost|p2a: Garchomp|atk|1\n|move|p2a: Garchomp|Scale Shot|p1a: Landorus\n|-damage|p1a: Landorus|54\/100\n|-damage|p1a: Landorus|36\/100\n|-damage|p1a: Landorus|19\/100\n|-damage|p1a: Landorus|3\/100\n|-damage|p1a: Landorus|0 fnt\n|faint|p1a: Landorus\n|-hitcount|p1: Landorus|5\n|-unboost|p2a: Garchomp|def|1\n|-boost|p2a: Garchomp|spe|1\n|\n|upkeep\n|\n|t:|1700666825\n|switch|p1a: Ting-Lu|Ting-Lu|78\/100\n|-ability|p1a: Ting-Lu|Vessel of Ruin\n|turn|25\n|\n|t:|1700666839\n|move|p2a: Garchomp|Scale Shot|p1a: Ting-Lu\n|-damage|p1a: Ting-Lu|68\/100\n|-damage|p1a: Ting-Lu|57\/100\n|-damage|p1a: Ting-Lu|46\/100\n|-damage|p1a: Ting-Lu|34\/100\n|-damage|p1a: Ting-Lu|23\/100\n|-hitcount|p1a: Ting-Lu|5\n|-unboost|p2a: Garchomp|def|1\n|-boost|p2a: Garchomp|spe|1\n|move|p1a: Ting-Lu|Earthquake|p2a: Garchomp\n|-damage|p2a: Garchomp|0 fnt\n|faint|p2a: Garchomp\n|\n|-heal|p1a: Ting-Lu|29\/100|[from] item: Leftovers\n|upkeep\n|\n|t:|1700666892\n|switch|p2a: Iron Valiant|Iron Valiant|100\/100\n|-enditem|p2a: Iron Valiant|Booster Energy\n|-activate|p2a: Iron Valiant|ability: Quark Drive|[fromitem]\n|-start|p2a: Iron Valiant|quarkdrivespe\n|turn|26\n|\n|t:|1700666898\n|move|p2a: Iron Valiant|Aura Sphere|p1a: Ting-Lu\n|-supereffective|p1a: Ting-Lu\n|-damage|p1a: Ting-Lu|6\/100\n|move|p1a: Ting-Lu|Whirlwind|p2a: Iron Valiant\n|-end|p2a: Iron Valiant|Quark Drive|[silent]\n|drag|p2a: Corviknight|Corviknight, M|62\/100\n|-ability|p2a: Corviknight|Pressure\n|\n|-heal|p1a: Ting-Lu|12\/100|[from] item: Leftovers\n|-heal|p2a: Corviknight|69\/100|[from] item: Leftovers\n|upkeep\n|turn|27\n|c|\u2606Razorgliscor472|WHAT\n|\n|t:|1700666906\n|move|p1a: Ting-Lu|Ruination|p2a: Corviknight\n|-damage|p2a: Corviknight|35\/100\n|move|p2a: Corviknight|U-turn|p1a: Ting-Lu\n|-supereffective|p1a: Ting-Lu\n|-damage|p1a: Ting-Lu|0 fnt\n|faint|p1a: Ting-Lu\n|c|\u2606SCARCITY25|WTF\n|\n|t:|1700666915\n|switch|p2a: Iron Valiant|Iron Valiant|100\/100|[from] U-turn\n|\n|upkeep\n|\n|t:|1700666927\n|switch|p1a: Excadrill|Excadrill, F|100\/100\n|-ability|p1a: Excadrill|Mold Breaker\n|turn|28\n|\n|t:|1700666977\n|-end|p2a: Iron Valiant|Quark Drive|[silent]\n|switch|p2a: Rotom|Rotom-Wash|100\/100\n|move|p1a: Excadrill|Iron Head|p2a: Rotom\n|-resisted|p2a: Rotom\n|-damage|p2a: Rotom|89\/100\n|\n|-heal|p2a: Rotom|95\/100|[from] item: Leftovers\n|upkeep\n|turn|29\n|\n|t:|1700667015\n|switch|p1a: Cresselia|Cresselia, F|78\/100\n|switch|p2a: Iron Valiant|Iron Valiant|100\/100\n|\n|-heal|p1a: Cresselia|84\/100|[from] item: Leftovers\n|upkeep\n|turn|30\n|\n|t:|1700667032\n|move|p2a: Iron Valiant|Calm Mind|p2a: Iron Valiant\n|-boost|p2a: Iron Valiant|spa|1\n|-boost|p2a: Iron Valiant|spd|1\n|move|p1a: Cresselia|Calm Mind|p1a: Cresselia\n|-boost|p1a: Cresselia|spa|1\n|-boost|p1a: Cresselia|spd|1\n|\n|-heal|p1a: Cresselia|90\/100|[from] item: Leftovers\n|upkeep\n|turn|31\n|\n|t:|1700667047\n|-terastallize|p2a: Iron Valiant|Flying\n|move|p2a: Iron Valiant|Calm Mind|p2a: Iron Valiant\n|-boost|p2a: Iron Valiant|spa|1\n|-boost|p2a: Iron Valiant|spd|1\n|move|p1a: Cresselia|Psyshock|p2a: Iron Valiant\n|-damage|p2a: Iron Valiant|61\/100\n|\n|-heal|p1a: Cresselia|96\/100|[from] item: Leftovers\n|upkeep\n|turn|32\n|\n|t:|1700667059\n|move|p2a: Iron Valiant|Tera Blast|p1a: Cresselia|[anim] Tera Blast Flying\n|-damage|p1a: Cresselia|72\/100\n|move|p1a: Cresselia|Calm Mind|p1a: Cresselia\n|-boost|p1a: Cresselia|spa|1\n|-boost|p1a: Cresselia|spd|1\n|\n|-heal|p1a: Cresselia|78\/100|[from] item: Leftovers\n|upkeep\n|turn|33\n|\n|t:|1700667063\n|move|p2a: Iron Valiant|Calm Mind|p2a: Iron Valiant\n|-boost|p2a: Iron Valiant|spa|1\n|-boost|p2a: Iron Valiant|spd|1\n|move|p1a: Cresselia|Calm Mind|p1a: Cresselia\n|-boost|p1a: Cresselia|spa|1\n|-boost|p1a: Cresselia|spd|1\n|\n|-heal|p1a: Cresselia|84\/100|[from] item: Leftovers\n|upkeep\n|turn|34\n|\n|t:|1700667068\n|move|p2a: Iron Valiant|Tera Blast|p1a: Cresselia|[anim] Tera Blast Flying\n|-damage|p1a: Cresselia|65\/100\n|move|p1a: Cresselia|Psyshock|p2a: Iron Valiant\n|-damage|p2a: Iron Valiant|0 fnt\n|faint|p2a: Iron Valiant\n|-end|p2a: Iron Valiant|Quark Drive|[silent]\n|\n|-heal|p1a: Cresselia|71\/100|[from] item: Leftovers\n|upkeep\n|c|\u2606SCARCITY25|agency\n|c|\u2606SCARCITY25|aw\n|\n|t:|1700667076\n|switch|p2a: Corviknight|Corviknight, M|35\/100\n|-ability|p2a: Corviknight|Pressure\n|turn|35\n|c|\u2606Razorgliscor472|Btw ill reveal the tera\n|\n|t:|1700667084\n|-terastallize|p1a: Cresselia|Poison\n|move|p1a: Cresselia|Psyshock|p2a: Corviknight\n|-resisted|p2a: Corviknight\n|-damage|p2a: Corviknight|19\/100\n|move|p2a: Corviknight|Roost|p2a: Corviknight\n|-heal|p2a: Corviknight|69\/100\n|-singleturn|p2a: Corviknight|move: Roost\n|\n|-heal|p1a: Cresselia|77\/100|[from] item: Leftovers\n|-heal|p2a: Corviknight|75\/100|[from] item: Leftovers\n|upkeep\n|turn|36\n|c|\u2606SCARCITY25|ok i def needed urshifu for that\n|c|\u2606SCARCITY25|LMAOOOO\n|\n|t:|1700667101\n|move|p1a: Cresselia|Calm Mind|p1a: Cresselia\n|-boost|p1a: Cresselia|spa|1\n|-boost|p1a: Cresselia|spd|1\n|move|p2a: Corviknight|Iron Defense|p2a: Corviknight\n|-boost|p2a: Corviknight|def|2\n|\n|-heal|p1a: Cresselia|84\/100|[from] item: Leftovers\n|-heal|p2a: Corviknight|82\/100|[from] item: Leftovers\n|upkeep\n|turn|37\n|\n|t:|1700667107\n|move|p1a: Cresselia|Calm Mind|p1a: Cresselia\n|-boost|p1a: Cresselia|spa|1\n|-boost|p1a: Cresselia|spd|1\n|move|p2a: Corviknight|Iron Defense|p2a: Corviknight\n|-boost|p2a: Corviknight|def|2\n|\n|-heal|p1a: Cresselia|90\/100|[from] item: Leftovers\n|-heal|p2a: Corviknight|88\/100|[from] item: Leftovers\n|upkeep\n|turn|38\n|\n|t:|1700667111\n|move|p1a: Cresselia|Calm Mind|p1a: Cresselia\n|-boost|p1a: Cresselia|spa|1\n|-boost|p1a: Cresselia|spd|1\n|move|p2a: Corviknight|Iron Defense|p2a: Corviknight\n|-boost|p2a: Corviknight|def|2\n|\n|-heal|p1a: Cresselia|96\/100|[from] item: Leftovers\n|-heal|p2a: Corviknight|94\/100|[from] item: Leftovers\n|upkeep\n|turn|39\n|\n|t:|1700667115\n|move|p1a: Cresselia|Moonblast|p2a: Corviknight\n|-resisted|p2a: Corviknight\n|-damage|p2a: Corviknight|59\/100\n|move|p2a: Corviknight|Body Press|p1a: Cresselia\n|-resisted|p1a: Cresselia\n|-damage|p1a: Cresselia|69\/100\n|\n|-heal|p1a: Cresselia|75\/100|[from] item: Leftovers\n|-heal|p2a: Corviknight|65\/100|[from] item: Leftovers\n|upkeep\n|turn|40\n|c|\u2606SCARCITY25|agency crit\n|\n|t:|1700667126\n|move|p1a: Cresselia|Moonblast|p2a: Corviknight\n|-resisted|p2a: Corviknight\n|-damage|p2a: Corviknight|31\/100\n|-unboost|p2a: Corviknight|spa|1\n|move|p2a: Corviknight|Body Press|p1a: Cresselia\n|-resisted|p1a: Cresselia\n|-damage|p1a: Cresselia|47\/100\n|\n|-heal|p1a: Cresselia|53\/100|[from] item: Leftovers\n|-heal|p2a: Corviknight|37\/100|[from] item: Leftovers\n|upkeep\n|turn|41\n|\n|t:|1700667133\n|move|p1a: Cresselia|Moonblast|p2a: Corviknight\n|-resisted|p2a: Corviknight\n|-damage|p2a: Corviknight|4\/100\n|-unboost|p2a: Corviknight|spa|1\n|move|p2a: Corviknight|Roost|p2a: Corviknight\n|-heal|p2a: Corviknight|54\/100\n|-singleturn|p2a: Corviknight|move: Roost\n|\n|-heal|p1a: Cresselia|59\/100|[from] item: Leftovers\n|-heal|p2a: Corviknight|60\/100|[from] item: Leftovers\n|upkeep\n|turn|42\n|\n|t:|1700667139\n|move|p1a: Cresselia|Moonblast|p2a: Corviknight\n|-resisted|p2a: Corviknight\n|-damage|p2a: Corviknight|30\/100\n|move|p2a: Corviknight|Roost|p2a: Corviknight\n|-heal|p2a: Corviknight|80\/100\n|-singleturn|p2a: Corviknight|move: Roost\n|\n|-heal|p1a: Cresselia|65\/100|[from] item: Leftovers\n|-heal|p2a: Corviknight|86\/100|[from] item: Leftovers\n|upkeep\n|turn|43\n|\n|t:|1700667143\n|move|p1a: Cresselia|Moonblast|p2a: Corviknight\n|-resisted|p2a: Corviknight\n|-damage|p2a: Corviknight|51\/100\n|move|p2a: Corviknight|Body Press|p1a: Cresselia\n|-resisted|p1a: Cresselia\n|-damage|p1a: Cresselia|37\/100\n|\n|-heal|p1a: Cresselia|43\/100|[from] item: Leftovers\n|-heal|p2a: Corviknight|57\/100|[from] item: Leftovers\n|upkeep\n|turn|44\n|\n|t:|1700667148\n|move|p1a: Cresselia|Moonblast|p2a: Corviknight\n|-resisted|p2a: Corviknight\n|-damage|p2a: Corviknight|24\/100\n|move|p2a: Corviknight|Roost|p2a: Corviknight\n|-heal|p2a: Corviknight|74\/100\n|-singleturn|p2a: Corviknight|move: Roost\n|\n|-heal|p1a: Cresselia|49\/100|[from] item: Leftovers\n|-heal|p2a: Corviknight|80\/100|[from] item: Leftovers\n|upkeep\n|turn|45\n|\n|t:|1700667154\n|move|p1a: Cresselia|Moonblast|p2a: Corviknight\n|-resisted|p2a: Corviknight\n|-damage|p2a: Corviknight|47\/100\n|move|p2a: Corviknight|Body Press|p1a: Cresselia\n|-resisted|p1a: Cresselia\n|-damage|p1a: Cresselia|23\/100\n|\n|-heal|p1a: Cresselia|29\/100|[from] item: Leftovers\n|-heal|p2a: Corviknight|53\/100|[from] item: Leftovers\n|upkeep\n|turn|46\n|\n|t:|1700667167\n|move|p1a: Cresselia|Moonlight|p1a: Cresselia\n|-heal|p1a: Cresselia|79\/100\n|move|p2a: Corviknight|Body Press|p1a: Cresselia\n|-resisted|p1a: Cresselia\n|-damage|p1a: Cresselia|52\/100\n|\n|-heal|p1a: Cresselia|58\/100|[from] item: Leftovers\n|-heal|p2a: Corviknight|59\/100|[from] item: Leftovers\n|upkeep\n|turn|47\n|\n|t:|1700667176\n|move|p1a: Cresselia|Moonblast|p2a: Corviknight\n|-resisted|p2a: Corviknight\n|-damage|p2a: Corviknight|24\/100\n|-unboost|p2a: Corviknight|spa|1\n|move|p2a: Corviknight|Roost|p2a: Corviknight\n|-heal|p2a: Corviknight|74\/100\n|-singleturn|p2a: Corviknight|move: Roost\n|\n|-heal|p1a: Cresselia|64\/100|[from] item: Leftovers\n|-heal|p2a: Corviknight|80\/100|[from] item: Leftovers\n|upkeep\n|turn|48\n|\n|t:|1700667183\n|move|p1a: Cresselia|Moonblast|p2a: Corviknight\n|-resisted|p2a: Corviknight\n|-damage|p2a: Corviknight|48\/100\n|move|p2a: Corviknight|Body Press|p1a: Cresselia\n|-resisted|p1a: Cresselia\n|-damage|p1a: Cresselia|35\/100\n|\n|-heal|p1a: Cresselia|41\/100|[from] item: Leftovers\n|-heal|p2a: Corviknight|54\/100|[from] item: Leftovers\n|upkeep\n|turn|49\n|\n|t:|1700667189\n|move|p1a: Cresselia|Moonblast|p2a: Corviknight\n|-resisted|p2a: Corviknight\n|-damage|p2a: Corviknight|22\/100\n|move|p2a: Corviknight|Body Press|p1a: Cresselia\n|-resisted|p1a: Cresselia\n|-damage|p1a: Cresselia|12\/100\n|\n|-heal|p1a: Cresselia|19\/100|[from] item: Leftovers\n|-heal|p2a: Corviknight|29\/100|[from] item: Leftovers\n|upkeep\n|turn|50\n|\n|t:|1700667197\n|move|p1a: Cresselia|Moonblast|p2a: Corviknight\n|-resisted|p2a: Corviknight\n|-damage|p2a: Corviknight|0 fnt\n|faint|p2a: Corviknight\n|\n|-heal|p1a: Cresselia|25\/100|[from] item: Leftovers\n|upkeep\n|\n|t:|1700667200\n|switch|p2a: Rotom|Rotom-Wash|95\/100\n|turn|51\n|\n|t:|1700667203\n|move|p2a: Rotom|Hydro Pump|p1a: Cresselia\n|-damage|p1a: Cresselia|18\/100\n|move|p1a: Cresselia|Psyshock|p2a: Rotom\n|-damage|p2a: Rotom|1\/100\n|\n|-heal|p2a: Rotom|7\/100|[from] item: Leftovers\n|-heal|p1a: Cresselia|24\/100|[from] item: Leftovers\n|upkeep\n|turn|52\n|c|\u2606Razorgliscor472|Gg\n|c|\u2606SCARCITY25|agency crit\n|\n|t:|1700667211\n|move|p2a: Rotom|Hydro Pump|p1a: Cresselia\n|-damage|p1a: Cresselia|18\/100\n|move|p1a: Cresselia|Psyshock|p2a: Rotom\n|-damage|p2a: Rotom|0 fnt\n|faint|p2a: Rotom\n|\n|win|Razorgliscor472\n|c|\u2606SCARCITY25|aw\n|c|\u2606SCARCITY25|gg\n|c|\u2606Razorgliscor472|Scarf Exca anyways\n","uploadtime":1700667224,"views":2,"p1id":"razorgliscor472","p2id":"scarcity25","formatid":"gen9nationaldexubers","rating":0,"private":0,"password":""}