{"id":"gen9nationaldexubers-1993114505","p1":"Giyu","p2":"Toy Time King","format":"[Gen 9] National Dex Ubers","log":"|j|\u2606Giyu\n|j|\u2606Toy Time King\n|t:|1700266455\n|gametype|singles\n|player|p1|Giyu|kabu|\n|player|p2|Toy Time King|veteran|\n|teamsize|p1|6\n|teamsize|p2|6\n|gen|9\n|tier|[Gen 9] National Dex Ubers\n|rule|HP Percentage Mod: HP is shown in percentages\n|rule|Endless Battle Clause: Forcing endless battles is banned\n|rule|OHKO Clause: OHKO moves are banned\n|rule|Evasion Moves Clause: Evasion moves are banned\n|rule|Evasion Items Clause: Evasion items are banned\n|rule|Species Clause: Limit one of each Pok\u00e9mon\n|rule|Sleep Clause Mod: Limit one foe put to sleep\n|rule|Mega Rayquaza Clause: You cannot mega evolve Rayquaza\n|rule|Same Type Clause: Pok\u00e9mon in a team must share a type\n|rule|Terastal Clause: You cannot Terastallize\n|clearpoke\n|poke|p1|Arceus-Psychic|\n|poke|p1|Calyrex-Ice|\n|poke|p1|Deoxys-Attack|\n|poke|p1|Lunala|\n|poke|p1|Mewtwo|\n|poke|p1|Necrozma-Dusk-Mane|\n|poke|p2|Koraidon|\n|poke|p2|Iron Valiant|\n|poke|p2|Arceus-Fighting|\n|poke|p2|Zamazenta-*|\n|poke|p2|Urshifu-*, M|\n|poke|p2|Annihilape, M|\n|teampreview\n|inactive|Battle timer is ON: inactive players will automatically lose when time's up. (requested by Giyu)\n|inactive|Toy Time King also wants the timer to be on.\n|c|\u2606Giyu|hf\n|c|\u2606Toy Time King|hmm well\n|c|\u2606Toy Time King|hf\n|\n|t:|1700266482\n|start\n|switch|p1a: Deoxys|Deoxys-Attack|100\/100\n|switch|p2a: Urshifu|Urshifu, M|100\/100\n|-ability|p1a: Deoxys|Pressure\n|turn|1\n|\n|t:|1700266489\n|move|p2a: Urshifu|Sucker Punch|p1a: Deoxys\n|-supereffective|p1a: Deoxys\n|-damage|p1a: Deoxys|0 fnt\n|faint|p1a: Deoxys\n|\n|upkeep\n|\n|t:|1700266497\n|switch|p1a: Mewtwo|Mewtwo|100\/100\n|-ability|p1a: Mewtwo|Pressure\n|turn|2\n|\n|t:|1700266513\n|detailschange|p1a: Mewtwo|Mewtwo-Mega-X\n|-mega|p1a: Mewtwo|Mewtwo|Mewtwonite X\n|move|p1a: Mewtwo|Low Kick|p2a: Urshifu\n|-supereffective|p2a: Urshifu\n|-damage|p2a: Urshifu|0 fnt\n|faint|p2a: Urshifu\n|\n|upkeep\n|\n|t:|1700266532\n|switch|p2a: Iron Valiant|Iron Valiant|100\/100\n|turn|3\n|\n|t:|1700266537\n|switch|p1a: Necrozma|Necrozma-Dusk-Mane|100\/100\n|move|p2a: Iron Valiant|Moonblast|p1a: Necrozma\n|-resisted|p1a: Necrozma\n|-damage|p1a: Necrozma|83\/100\n|-unboost|p1a: Necrozma|spa|1\n|\n|upkeep\n|turn|4\n|\n|t:|1700266546\n|-end|p2a: Iron Valiant|Quark Drive|[silent]\n|switch|p2a: Koraidon|Koraidon|100\/100\n|-weather|SunnyDay|[from] ability: Orichalcum Pulse|[of] p2a: Koraidon\n|-activate|p2a: Koraidon|Orichalcum Pulse|[source]\n|move|p1a: Necrozma|Toxic|p2a: Koraidon\n|-status|p2a: Koraidon|tox\n|\n|-weather|SunnyDay|[upkeep]\n|-damage|p2a: Koraidon|94\/100 tox|[from] psn\n|upkeep\n|turn|5\n|\n|t:|1700266553\n|switch|p1a: Lunala|Lunala|100\/100\n|move|p2a: Koraidon|Swords Dance|p2a: Koraidon\n|-boost|p2a: Koraidon|atk|2\n|\n|-weather|SunnyDay|[upkeep]\n|-damage|p2a: Koraidon|82\/100 tox|[from] psn\n|upkeep\n|turn|6\n|\n|t:|1700266557\n|move|p2a: Koraidon|Scale Shot|p1a: Lunala\n|-damage|p1a: Lunala|86\/100\n|-damage|p1a: Lunala|55\/100\n|-damage|p1a: Lunala|28\/100\n|-damage|p1a: Lunala|0 fnt\n|faint|p1a: Lunala\n|-hitcount|p1: Lunala|4\n|-unboost|p2a: Koraidon|def|1\n|-boost|p2a: Koraidon|spe|1\n|\n|-weather|SunnyDay|[upkeep]\n|-damage|p2a: Koraidon|64\/100 tox|[from] psn\n|upkeep\n|\n|t:|1700266572\n|switch|p1a: Calyrex|Calyrex-Ice|100\/100\n|-ability|p1a: Calyrex|As One\n|-ability|p1a: Calyrex|Unnerve\n|turn|7\n|\n|t:|1700266581\n|move|p2a: Koraidon|Scale Shot|p1a: Calyrex\n|-damage|p1a: Calyrex|73\/100\n|-damage|p1a: Calyrex|46\/100\n|-damage|p1a: Calyrex|22\/100\n|-damage|p1a: Calyrex|0 fnt\n|faint|p1a: Calyrex\n|-hitcount|p1: Calyrex|4\n|-unboost|p2a: Koraidon|def|1\n|-boost|p2a: Koraidon|spe|1\n|\n|-weather|SunnyDay|[upkeep]\n|-damage|p2a: Koraidon|39\/100 tox|[from] psn\n|upkeep\n|\n|t:|1700266588\n|switch|p1a: Mewtwo|Mewtwo-Mega-X|100\/100\n|turn|8\n|\n|t:|1700266593\n|switch|p1a: Necrozma|Necrozma-Dusk-Mane|83\/100\n|move|p2a: Koraidon|Scale Shot|p1a: Necrozma\n|-resisted|p1a: Necrozma\n|-damage|p1a: Necrozma|74\/100\n|-resisted|p1a: Necrozma\n|-damage|p1a: Necrozma|66\/100\n|-resisted|p1a: Necrozma\n|-damage|p1a: Necrozma|57\/100\n|-resisted|p1a: Necrozma\n|-damage|p1a: Necrozma|47\/100\n|-resisted|p1a: Necrozma\n|-damage|p1a: Necrozma|38\/100\n|-hitcount|p1a: Necrozma|5\n|-unboost|p2a: Koraidon|def|1\n|-boost|p2a: Koraidon|spe|1\n|\n|-weather|none\n|-damage|p2a: Koraidon|8\/100 tox|[from] psn\n|upkeep\n|turn|9\n|\n|t:|1700266604\n|switch|p1a: Mewtwo|Mewtwo-Mega-X|100\/100\n|move|p2a: Koraidon|Flare Blitz|p1a: Mewtwo\n|-damage|p1a: Mewtwo|14\/100\n|-damage|p2a: Koraidon|0 fnt|[from] Recoil\n|faint|p2a: Koraidon\n|\n|upkeep\n|\n|t:|1700266624\n|switch|p2a: Zamazenta|Zamazenta-Crowned|100\/100\n|-ability|p2a: Zamazenta|Dauntless Shield|boost\n|-boost|p2a: Zamazenta|def|1\n|turn|10\n|\n|t:|1700266631\n|move|p1a: Mewtwo|Low Kick|p2a: Zamazenta\n|-supereffective|p2a: Zamazenta\n|-damage|p2a: Zamazenta|29\/100\n|move|p2a: Zamazenta|Behemoth Bash|p1a: Mewtwo\n|-damage|p1a: Mewtwo|0 fnt\n|faint|p1a: Mewtwo\n|\n|upkeep\n|\n|t:|1700266636\n|switch|p1a: Arceus|Arceus-Psychic|100\/100\n|turn|11\n|\n|t:|1700266659\n|move|p2a: Zamazenta|Behemoth Bash|p1a: Arceus\n|-damage|p1a: Arceus|75\/100\n|move|p1a: Arceus|Cosmic Power|p1a: Arceus\n|-boost|p1a: Arceus|def|1\n|-boost|p1a: Arceus|spd|1\n|\n|upkeep\n|turn|12\n|\n|t:|1700266665\n|switch|p2a: Annihilape|Annihilape, M|100\/100\n|move|p1a: Arceus|Cosmic Power|p1a: Arceus\n|-boost|p1a: Arceus|def|1\n|-boost|p1a: Arceus|spd|1\n|\n|upkeep\n|turn|13\n|\n|t:|1700266669\n|move|p1a: Arceus|Taunt|p2a: Annihilape\n|-start|p2a: Annihilape|move: Taunt\n|move|p2a: Annihilape|Rage Fist|p1a: Arceus\n|-supereffective|p1a: Arceus\n|-damage|p1a: Arceus|63\/100\n|\n|upkeep\n|turn|14\n|j| Hyjinks\n|\n|t:|1700266681\n|switch|p2a: Zamazenta|Zamazenta-Crowned|29\/100\n|move|p1a: Arceus|Recover|p1a: Arceus\n|-heal|p1a: Arceus|100\/100\n|\n|upkeep\n|turn|15\n|\n|t:|1700266687\n|move|p2a: Zamazenta|Iron Defense|p2a: Zamazenta\n|-boost|p2a: Zamazenta|def|2\n|move|p1a: Arceus|Cosmic Power|p1a: Arceus\n|-boost|p1a: Arceus|def|1\n|-boost|p1a: Arceus|spd|1\n|\n|upkeep\n|turn|16\n|\n|t:|1700266693\n|move|p2a: Zamazenta|Substitute|p2a: Zamazenta\n|-start|p2a: Zamazenta|Substitute\n|-damage|p2a: Zamazenta|4\/100\n|move|p1a: Arceus|Cosmic Power|p1a: Arceus\n|-boost|p1a: Arceus|def|1\n|-boost|p1a: Arceus|spd|1\n|\n|upkeep\n|turn|17\n|\n|t:|1700266700\n|move|p2a: Zamazenta|Iron Defense|p2a: Zamazenta\n|-boost|p2a: Zamazenta|def|2\n|move|p1a: Arceus|Stored Power|p2a: Zamazenta\n|-end|p2a: Zamazenta|Substitute\n|\n|upkeep\n|turn|18\n|c| Hyjinks|giyu, thoughts on kora coming back, but not mira?\n|\n|t:|1700266706\n|move|p2a: Zamazenta|Body Press|p1a: Arceus\n|-resisted|p1a: Arceus\n|-damage|p1a: Arceus|87\/100\n|move|p1a: Arceus|Stored Power|p2a: Zamazenta\n|-damage|p2a: Zamazenta|0 fnt\n|faint|p2a: Zamazenta\n|\n|upkeep\n|\n|t:|1700266711\n|switch|p2a: Iron Valiant|Iron Valiant|100\/100\n|turn|19\n|c|\u2606Giyu|i think kora\n|c|\u2606Giyu|is a bit much with scale shot\n|\n|t:|1700266717\n|move|p2a: Iron Valiant|Destiny Bond|p2a: Iron Valiant\n|-singlemove|p2a: Iron Valiant|Destiny Bond\n|move|p1a: Arceus|Stored Power|p2a: Iron Valiant\n|-supereffective|p2a: Iron Valiant\n|-damage|p2a: Iron Valiant|0 fnt\n|faint|p2a: Iron Valiant\n|-activate|p2a: Iron Valiant|move: Destiny Bond\n|-end|p2a: Iron Valiant|Quark Drive|[silent]\n|faint|p1a: Arceus\n|\n|upkeep\n|c|\u2606Giyu|scarf val is interesting\n|\n|t:|1700266733\n|switch|p1a: Necrozma|Necrozma-Dusk-Mane|38\/100\n|switch|p2a: Arceus|Arceus-Fighting|100\/100\n|turn|20\n|\n|t:|1700266739\n|move|p2a: Arceus|Judgment|p1a: Necrozma\n|-damage|p1a: Necrozma|0 fnt\n|faint|p1a: Necrozma\n|\n|win|Toy Time King\n|c|\u2606Toy Time King|gg\n|c|\u2606Giyu|gg\n|l| Hyjinks\n","uploadtime":1700266746,"views":8,"p1id":"giyu","p2id":"toytimeking","formatid":"gen9nationaldexubers","rating":0,"private":0,"password":""}