{"id":"gen9nationaldexubers-1993553827","p1":"Big round man","p2":"Rabe 777","format":"[Gen 9] National Dex Ubers","log":"|j|\u2606Big round man\n|j|\u2606Rabe 777\n|t:|1700331101\n|gametype|singles\n|player|p1|Big round man|crasherwake|1278\n|player|p2|Rabe 777|steven|1156\n|teamsize|p1|6\n|teamsize|p2|6\n|gen|9\n|tier|[Gen 9] National Dex Ubers\n|rated|\n|rule|HP Percentage Mod: HP is shown in percentages\n|rule|Endless Battle Clause: Forcing endless battles is banned\n|rule|OHKO Clause: OHKO moves are banned\n|rule|Evasion Moves Clause: Evasion moves are banned\n|rule|Evasion Items Clause: Evasion items are banned\n|rule|Species Clause: Limit one of each Pok\u00e9mon\n|rule|Sleep Clause Mod: Limit one foe put to sleep\n|rule|Mega Rayquaza Clause: You cannot mega evolve Rayquaza\n|clearpoke\n|poke|p1|Snorlax, F|\n|poke|p1|Forretress, M|\n|poke|p1|Serperior, F|\n|poke|p1|Shuckle, F|\n|poke|p1|Crawdaunt, F|\n|poke|p1|Scyther, M|\n|poke|p2|Aron, L1, M|\n|poke|p2|Ambipom, M|\n|poke|p2|Xerneas-*|\n|poke|p2|Yveltal|\n|poke|p2|Serperior, M|\n|poke|p2|Togekiss, F|\n|teampreview\n|c|\u2606Big round man|Glhf\n|\n|t:|1700331126\n|start\n|switch|p1a: GS|Forretress, M, shiny|100\/100\n|switch|p2a: Ambipom|Ambipom, M|100\/100\n|turn|1\n|\n|t:|1700331136\n|move|p2a: Ambipom|Knock Off|p1a: GS\n|-damage|p1a: GS|74\/100\n|-enditem|p1a: GS|Leftovers|[from] move: Knock Off|[of] p2a: Ambipom\n|-damage|p2a: Ambipom|91\/100|[from] item: Life Orb\n|move|p1a: GS|Gyro Ball|p2a: Ambipom\n|-damage|p2a: Ambipom|20\/100\n|\n|upkeep\n|turn|2\n|\n|t:|1700331146\n|move|p2a: Ambipom|Fake Out||[still]\n|-hint|Fake Out only works on your first turn out.\n|-fail|p2a: Ambipom\n|move|p1a: GS|Stealth Rock|p2a: Ambipom\n|-sidestart|p2: Rabe 777|move: Stealth Rock\n|\n|upkeep\n|turn|3\n|\n|t:|1700331157\n|move|p2a: Ambipom|U-turn|p1a: GS\n|-resisted|p1a: GS\n|-damage|p1a: GS|65\/100\n|-damage|p2a: Ambipom|10\/100|[from] item: Life Orb\n|\n|t:|1700331165\n|switch|p2a: Togekiss|Togekiss, F|100\/100|[from] U-turn\n|-damage|p2a: Togekiss|75\/100|[from] Stealth Rock\n|move|p1a: GS|Gyro Ball|p2a: Togekiss\n|-supereffective|p2a: Togekiss\n|-damage|p2a: Togekiss|0 fnt\n|faint|p2a: Togekiss\n|\n|upkeep\n|\n|t:|1700331176\n|switch|p2a: Ambipom|Ambipom, M|10\/100\n|-damage|p2a: Ambipom|0 fnt|[from] Stealth Rock\n|faint|p2a: Ambipom\n|\n|t:|1700331187\n|switch|p2a: Yveltal|Yveltal|100\/100\n|-damage|p2a: Yveltal|75\/100|[from] Stealth Rock\n|-ability|p2a: Yveltal|Dark Aura\n|turn|4\n|\n|t:|1700331198\n|switch|p1a: trap|Crawdaunt, F|100\/100\n|move|p2a: Yveltal|Knock Off|p1a: trap\n|-resisted|p1a: trap\n|-damage|p1a: trap|52\/100\n|-enditem|p1a: trap|Muscle Band|[from] move: Knock Off|[of] p2a: Yveltal\n|\n|-heal|p2a: Yveltal|82\/100|[from] item: Leftovers\n|upkeep\n|turn|5\n|\n|t:|1700331211\n|move|p2a: Yveltal|Sucker Punch|p1a: trap\n|-resisted|p1a: trap\n|-damage|p1a: trap|17\/100\n|move|p1a: trap|Crabhammer|p2a: Yveltal\n|-damage|p2a: Yveltal|22\/100\n|\n|-heal|p2a: Yveltal|28\/100|[from] item: Leftovers\n|upkeep\n|turn|6\n|\n|t:|1700331226\n|move|p1a: trap|Aqua Jet|p2a: Yveltal\n|-damage|p2a: Yveltal|2\/100\n|move|p2a: Yveltal|Roost|p2a: Yveltal\n|-heal|p2a: Yveltal|52\/100\n|-singleturn|p2a: Yveltal|move: Roost\n|\n|-heal|p2a: Yveltal|58\/100|[from] item: Leftovers\n|upkeep\n|turn|7\n|\n|t:|1700331238\n|move|p1a: trap|Aqua Jet|p2a: Yveltal\n|-damage|p2a: Yveltal|34\/100\n|move|p2a: Yveltal|Roost|p2a: Yveltal\n|-heal|p2a: Yveltal|84\/100\n|-singleturn|p2a: Yveltal|move: Roost\n|\n|-heal|p2a: Yveltal|90\/100|[from] item: Leftovers\n|upkeep\n|turn|8\n|\n|t:|1700331249\n|move|p2a: Yveltal|Sucker Punch|p1a: trap\n|-resisted|p1a: trap\n|-damage|p1a: trap|0 fnt\n|faint|p1a: trap\n|\n|-heal|p2a: Yveltal|96\/100|[from] item: Leftovers\n|upkeep\n|\n|t:|1700331262\n|switch|p1a: Snorlax|Snorlax, F|100\/100\n|turn|9\n|\n|t:|1700331268\n|move|p2a: Yveltal|Toxic|p1a: Snorlax\n|-status|p1a: Snorlax|tox\n|move|p1a: Snorlax|Counter||[still]\n|-fail|p1a: Snorlax\n|\n|-heal|p2a: Yveltal|100\/100|[from] item: Leftovers\n|-damage|p1a: Snorlax|94\/100 tox|[from] psn\n|upkeep\n|turn|10\n|\n|t:|1700331279\n|move|p2a: Yveltal|Knock Off|p1a: Snorlax\n|-damage|p1a: Snorlax|32\/100 tox\n|-enditem|p1a: Snorlax|Assault Vest|[from] move: Knock Off|[of] p2a: Yveltal\n|move|p1a: Snorlax|Body Slam|p2a: Yveltal\n|-damage|p2a: Yveltal|66\/100\n|-status|p2a: Yveltal|par\n|\n|-heal|p2a: Yveltal|72\/100 par|[from] item: Leftovers\n|-damage|p1a: Snorlax|20\/100 tox|[from] psn\n|upkeep\n|turn|11\n|\n|t:|1700331296\n|move|p2a: Yveltal|Knock Off|p1a: Snorlax\n|-damage|p1a: Snorlax|0 fnt\n|faint|p1a: Snorlax\n|\n|-heal|p2a: Yveltal|78\/100 par|[from] item: Leftovers\n|upkeep\n|\n|t:|1700331311\n|switch|p1a: Organ harvest|Shuckle, F, shiny|100\/100\n|turn|12\n|\n|t:|1700331326\n|move|p2a: Yveltal|Knock Off|p1a: Organ harvest\n|-damage|p1a: Organ harvest|59\/100\n|-enditem|p1a: Organ harvest|Binding Band|[from] move: Knock Off|[of] p2a: Yveltal\n|move|p1a: Organ harvest|Infestation|p2a: Yveltal\n|-crit|p2a: Yveltal\n|-damage|p2a: Yveltal|76\/100 par\n|-activate|p2a: Yveltal|move: Infestation|[of] p1a: Organ harvest\n|\n|-heal|p2a: Yveltal|82\/100 par|[from] item: Leftovers\n|-damage|p2a: Yveltal|70\/100 par|[from] move: Infestation|[partiallytrapped]\n|upkeep\n|turn|13\n|\n|t:|1700331343\n|move|p2a: Yveltal|Sucker Punch||[still]\n|-fail|p2a: Yveltal\n|move|p1a: Organ harvest|Shell Smash|p1a: Organ harvest\n|-boost|p1a: Organ harvest|def|1\n|-boost|p1a: Organ harvest|spd|1\n|-unboost|p1a: Organ harvest|atk|2\n|-unboost|p1a: Organ harvest|spa|2\n|-unboost|p1a: Organ harvest|spe|2\n|\n|-heal|p2a: Yveltal|76\/100 par|[from] item: Leftovers\n|-damage|p2a: Yveltal|64\/100 par|[from] move: Infestation|[partiallytrapped]\n|upkeep\n|turn|14\n|\n|t:|1700331360\n|move|p2a: Yveltal|Toxic|p1a: Organ harvest|[miss]\n|-miss|p2a: Yveltal|p1a: Organ harvest\n|move|p1a: Organ harvest|Shell Smash|p1a: Organ harvest\n|-boost|p1a: Organ harvest|def|1\n|-boost|p1a: Organ harvest|spd|1\n|-unboost|p1a: Organ harvest|atk|2\n|-unboost|p1a: Organ harvest|spa|2\n|-unboost|p1a: Organ harvest|spe|2\n|\n|-heal|p2a: Yveltal|70\/100 par|[from] item: Leftovers\n|-damage|p2a: Yveltal|57\/100 par|[from] move: Infestation|[partiallytrapped]\n|upkeep\n|turn|15\n|\n|t:|1700331374\n|move|p2a: Yveltal|Toxic|p1a: Organ harvest\n|-status|p1a: Organ harvest|tox\n|move|p1a: Organ harvest|Shell Smash|p1a: Organ harvest\n|-boost|p1a: Organ harvest|def|1\n|-boost|p1a: Organ harvest|spd|1\n|-unboost|p1a: Organ harvest|atk|2\n|-unboost|p1a: Organ harvest|spa|2\n|-unboost|p1a: Organ harvest|spe|2\n|\n|-heal|p2a: Yveltal|64\/100 par|[from] item: Leftovers\n|-damage|p1a: Organ harvest|53\/100 tox|[from] psn\n|-damage|p2a: Yveltal|51\/100 par|[from] move: Infestation|[partiallytrapped]\n|upkeep\n|turn|16\n|\n|t:|1700331391\n|move|p2a: Yveltal|Roost|p2a: Yveltal\n|-heal|p2a: Yveltal|100\/100 par\n|-singleturn|p2a: Yveltal|move: Roost\n|move|p1a: Organ harvest|Shell Smash|p1a: Organ harvest\n|-boost|p1a: Organ harvest|def|1\n|-boost|p1a: Organ harvest|spd|1\n|-unboost|p1a: Organ harvest|atk|0\n|-unboost|p1a: Organ harvest|spa|0\n|-unboost|p1a: Organ harvest|spe|0\n|\n|-damage|p1a: Organ harvest|40\/100 tox|[from] psn\n|-end|p2a: Yveltal|Infestation|[partiallytrapped]\n|upkeep\n|turn|17\n|\n|t:|1700331408\n|cant|p2a: Yveltal|par\n|move|p1a: Organ harvest|Infestation|p2a: Yveltal\n|-damage|p2a: Yveltal|99\/100 par\n|-activate|p2a: Yveltal|move: Infestation|[of] p1a: Organ harvest\n|\n|-heal|p2a: Yveltal|100\/100 par|[from] item: Leftovers\n|-damage|p1a: Organ harvest|22\/100 tox|[from] psn\n|-damage|p2a: Yveltal|88\/100 par|[from] move: Infestation|[partiallytrapped]\n|upkeep\n|turn|18\n|\n|t:|1700331422\n|cant|p2a: Yveltal|par\n|move|p1a: Organ harvest|Rest|p1a: Organ harvest\n|-status|p1a: Organ harvest|slp|[from] move: Rest\n|-heal|p1a: Organ harvest|100\/100 slp|[silent]\n|\n|-heal|p2a: Yveltal|94\/100 par|[from] item: Leftovers\n|-damage|p2a: Yveltal|82\/100 par|[from] move: Infestation|[partiallytrapped]\n|upkeep\n|turn|19\n|\n|t:|1700331438\n|move|p2a: Yveltal|Sucker Punch||[still]\n|-fail|p2a: Yveltal\n|cant|p1a: Organ harvest|slp\n|\n|-heal|p2a: Yveltal|88\/100 par|[from] item: Leftovers\n|-damage|p2a: Yveltal|76\/100 par|[from] move: Infestation|[partiallytrapped]\n|upkeep\n|turn|20\n|\n|t:|1700331448\n|move|p2a: Yveltal|Knock Off|p1a: Organ harvest\n|-damage|p1a: Organ harvest|91\/100 slp\n|cant|p1a: Organ harvest|slp\n|\n|-heal|p2a: Yveltal|82\/100 par|[from] item: Leftovers\n|-damage|p2a: Yveltal|70\/100 par|[from] move: Infestation|[partiallytrapped]\n|upkeep\n|turn|21\n|\n|t:|1700331458\n|move|p2a: Yveltal|Knock Off|p1a: Organ harvest\n|-damage|p1a: Organ harvest|82\/100 slp\n|-curestatus|p1a: Organ harvest|slp|[msg]\n|move|p1a: Organ harvest|Shell Smash|p1a: Organ harvest\n|-boost|p1a: Organ harvest|def|1\n|-boost|p1a: Organ harvest|spd|1\n|-unboost|p1a: Organ harvest|atk|0\n|-unboost|p1a: Organ harvest|spa|0\n|-unboost|p1a: Organ harvest|spe|0\n|\n|-heal|p2a: Yveltal|76\/100 par|[from] item: Leftovers\n|-end|p2a: Yveltal|Infestation|[partiallytrapped]\n|upkeep\n|turn|22\n|\n|t:|1700331472\n|cant|p2a: Yveltal|par\n|move|p1a: Organ harvest|Infestation|p2a: Yveltal\n|-damage|p2a: Yveltal|75\/100 par\n|-activate|p2a: Yveltal|move: Infestation|[of] p1a: Organ harvest\n|\n|-heal|p2a: Yveltal|81\/100 par|[from] item: Leftovers\n|-damage|p2a: Yveltal|69\/100 par|[from] move: Infestation|[partiallytrapped]\n|upkeep\n|turn|23\n|\n|t:|1700331482\n|move|p2a: Yveltal|Toxic|p1a: Organ harvest\n|-status|p1a: Organ harvest|tox\n|move|p1a: Organ harvest|Shell Smash|p1a: Organ harvest\n|-boost|p1a: Organ harvest|def|1\n|-boost|p1a: Organ harvest|spd|1\n|-unboost|p1a: Organ harvest|atk|0\n|-unboost|p1a: Organ harvest|spa|0\n|-unboost|p1a: Organ harvest|spe|0\n|\n|-heal|p2a: Yveltal|75\/100 par|[from] item: Leftovers\n|-damage|p1a: Organ harvest|75\/100 tox|[from] psn\n|-damage|p2a: Yveltal|63\/100 par|[from] move: Infestation|[partiallytrapped]\n|upkeep\n|turn|24\n|\n|t:|1700331500\n|move|p2a: Yveltal|Sucker Punch|p1a: Organ harvest\n|-damage|p1a: Organ harvest|68\/100 tox\n|move|p1a: Organ harvest|Infestation|p2a: Yveltal\n|-damage|p2a: Yveltal|62\/100 par\n|\n|-heal|p2a: Yveltal|68\/100 par|[from] item: Leftovers\n|-damage|p1a: Organ harvest|56\/100 tox|[from] psn\n|-damage|p2a: Yveltal|56\/100 par|[from] move: Infestation|[partiallytrapped]\n|upkeep\n|turn|25\n|\n|t:|1700331513\n|cant|p2a: Yveltal|par\n|move|p1a: Organ harvest|Infestation|p2a: Yveltal\n|-damage|p2a: Yveltal|55\/100 par\n|\n|-heal|p2a: Yveltal|61\/100 par|[from] item: Leftovers\n|-damage|p1a: Organ harvest|37\/100 tox|[from] psn\n|-damage|p2a: Yveltal|49\/100 par|[from] move: Infestation|[partiallytrapped]\n|upkeep\n|turn|26\n|\n|t:|1700331524\n|move|p2a: Yveltal|Knock Off|p1a: Organ harvest\n|-damage|p1a: Organ harvest|30\/100 tox\n|move|p1a: Organ harvest|Infestation|p2a: Yveltal\n|-damage|p2a: Yveltal|48\/100 par\n|\n|-heal|p2a: Yveltal|54\/100 par|[from] item: Leftovers\n|-damage|p1a: Organ harvest|5\/100 tox|[from] psn\n|-end|p2a: Yveltal|Infestation|[partiallytrapped]\n|upkeep\n|turn|27\n|\n|t:|1700331540\n|cant|p2a: Yveltal|par\n|move|p1a: Organ harvest|Rest|p1a: Organ harvest\n|-status|p1a: Organ harvest|slp|[from] move: Rest\n|-heal|p1a: Organ harvest|100\/100 slp|[silent]\n|\n|-heal|p2a: Yveltal|60\/100 par|[from] item: Leftovers\n|upkeep\n|turn|28\n|\n|t:|1700331560\n|move|p2a: Yveltal|Knock Off|p1a: Organ harvest\n|-damage|p1a: Organ harvest|93\/100 slp\n|cant|p1a: Organ harvest|slp\n|\n|-heal|p2a: Yveltal|67\/100 par|[from] item: Leftovers\n|upkeep\n|turn|29\n|\n|t:|1700331573\n|move|p2a: Yveltal|Toxic||[still]\n|-fail|p2a: Yveltal\n|cant|p1a: Organ harvest|slp\n|\n|-heal|p2a: Yveltal|73\/100 par|[from] item: Leftovers\n|upkeep\n|turn|30\n|\n|t:|1700331581\n|move|p2a: Yveltal|Toxic||[still]\n|-fail|p2a: Yveltal\n|-curestatus|p1a: Organ harvest|slp|[msg]\n|move|p1a: Organ harvest|Infestation|p2a: Yveltal\n|-damage|p2a: Yveltal|72\/100 par\n|-activate|p2a: Yveltal|move: Infestation|[of] p1a: Organ harvest\n|\n|-heal|p2a: Yveltal|78\/100 par|[from] item: Leftovers\n|-damage|p2a: Yveltal|66\/100 par|[from] move: Infestation|[partiallytrapped]\n|upkeep\n|turn|31\n|\n|t:|1700331594\n|cant|p2a: Yveltal|par\n|move|p1a: Organ harvest|Infestation|p2a: Yveltal\n|-damage|p2a: Yveltal|65\/100 par\n|\n|-heal|p2a: Yveltal|71\/100 par|[from] item: Leftovers\n|-damage|p2a: Yveltal|59\/100 par|[from] move: Infestation|[partiallytrapped]\n|upkeep\n|turn|32\n|\n|t:|1700331604\n|cant|p2a: Yveltal|par\n|move|p1a: Organ harvest|Infestation|p2a: Yveltal\n|-damage|p2a: Yveltal|58\/100 par\n|\n|-heal|p2a: Yveltal|65\/100 par|[from] item: Leftovers\n|-damage|p2a: Yveltal|52\/100 par|[from] move: Infestation|[partiallytrapped]\n|upkeep\n|turn|33\n|\n|t:|1700331614\n|move|p2a: Yveltal|Toxic|p1a: Organ harvest\n|-status|p1a: Organ harvest|tox\n|move|p1a: Organ harvest|Shell Smash|p1a: Organ harvest\n|-boost|p1a: Organ harvest|def|0\n|-boost|p1a: Organ harvest|spd|0\n|-unboost|p1a: Organ harvest|atk|0\n|-unboost|p1a: Organ harvest|spa|0\n|-unboost|p1a: Organ harvest|spe|0\n|\n|-heal|p2a: Yveltal|58\/100 par|[from] item: Leftovers\n|-damage|p1a: Organ harvest|87\/100 tox|[from] psn\n|-damage|p2a: Yveltal|46\/100 par|[from] move: Infestation|[partiallytrapped]\n|upkeep\n|turn|34\n|\n|t:|1700331634\n|move|p2a: Yveltal|Sucker Punch||[still]\n|-fail|p2a: Yveltal\n|move|p1a: Organ harvest|Shell Smash|p1a: Organ harvest\n|-boost|p1a: Organ harvest|def|0\n|-boost|p1a: Organ harvest|spd|0\n|-unboost|p1a: Organ harvest|atk|0\n|-unboost|p1a: Organ harvest|spa|0\n|-unboost|p1a: Organ harvest|spe|0\n|\n|-heal|p2a: Yveltal|52\/100 par|[from] item: Leftovers\n|-damage|p1a: Organ harvest|75\/100 tox|[from] psn\n|-damage|p2a: Yveltal|40\/100 par|[from] move: Infestation|[partiallytrapped]\n|upkeep\n|turn|35\n|\n|t:|1700331651\n|move|p2a: Yveltal|Knock Off|p1a: Organ harvest\n|-damage|p1a: Organ harvest|67\/100 tox\n|move|p1a: Organ harvest|Shell Smash|p1a: Organ harvest\n|-boost|p1a: Organ harvest|def|0\n|-boost|p1a: Organ harvest|spd|0\n|-unboost|p1a: Organ harvest|atk|0\n|-unboost|p1a: Organ harvest|spa|0\n|-unboost|p1a: Organ harvest|spe|0\n|\n|-heal|p2a: Yveltal|46\/100 par|[from] item: Leftovers\n|-damage|p1a: Organ harvest|49\/100 tox|[from] psn\n|-end|p2a: Yveltal|Infestation|[partiallytrapped]\n|upkeep\n|turn|36\n|\n|t:|1700331666\n|move|p2a: Yveltal|Roost|p2a: Yveltal\n|-heal|p2a: Yveltal|96\/100 par\n|-singleturn|p2a: Yveltal|move: Roost\n|move|p1a: Organ harvest|Infestation|p2a: Yveltal\n|-supereffective|p2a: Yveltal\n|-damage|p2a: Yveltal|95\/100 par\n|-activate|p2a: Yveltal|move: Infestation|[of] p1a: Organ harvest\n|\n|-heal|p2a: Yveltal|100\/100 par|[from] item: Leftovers\n|-damage|p1a: Organ harvest|24\/100 tox|[from] psn\n|-damage|p2a: Yveltal|88\/100 par|[from] move: Infestation|[partiallytrapped]\n|upkeep\n|turn|37\n|\n|t:|1700331687\n|move|p2a: Yveltal|Knock Off|p1a: Organ harvest\n|-damage|p1a: Organ harvest|18\/100 tox\n|move|p1a: Organ harvest|Rest|p1a: Organ harvest\n|-status|p1a: Organ harvest|slp|[from] move: Rest\n|-heal|p1a: Organ harvest|100\/100 slp|[silent]\n|\n|-heal|p2a: Yveltal|94\/100 par|[from] item: Leftovers\n|-damage|p2a: Yveltal|82\/100 par|[from] move: Infestation|[partiallytrapped]\n|upkeep\n|turn|38\n|\n|t:|1700331707\n|move|p2a: Yveltal|Knock Off|p1a: Organ harvest\n|-damage|p1a: Organ harvest|94\/100 slp\n|cant|p1a: Organ harvest|slp\n|\n|-heal|p2a: Yveltal|88\/100 par|[from] item: Leftovers\n|-damage|p2a: Yveltal|76\/100 par|[from] move: Infestation|[partiallytrapped]\n|upkeep\n|turn|39\n|\n|t:|1700331722\n|move|p2a: Yveltal|Sucker Punch||[still]\n|-fail|p2a: Yveltal\n|cant|p1a: Organ harvest|slp\n|\n|-heal|p2a: Yveltal|82\/100 par|[from] item: Leftovers\n|-damage|p2a: Yveltal|70\/100 par|[from] move: Infestation|[partiallytrapped]\n|upkeep\n|turn|40\n|\n|t:|1700331733\n|move|p2a: Yveltal|Knock Off|p1a: Organ harvest\n|-damage|p1a: Organ harvest|87\/100 slp\n|-curestatus|p1a: Organ harvest|slp|[msg]\n|move|p1a: Organ harvest|Shell Smash|p1a: Organ harvest\n|-boost|p1a: Organ harvest|def|0\n|-boost|p1a: Organ harvest|spd|0\n|-unboost|p1a: Organ harvest|atk|0\n|-unboost|p1a: Organ harvest|spa|0\n|-unboost|p1a: Organ harvest|spe|0\n|\n|-heal|p2a: Yveltal|76\/100 par|[from] item: Leftovers\n|-end|p2a: Yveltal|Infestation|[partiallytrapped]\n|upkeep\n|turn|41\n|\n|t:|1700331747\n|move|p2a: Yveltal|Toxic|p1a: Organ harvest\n|-status|p1a: Organ harvest|tox\n|move|p1a: Organ harvest|Infestation|p2a: Yveltal\n|-damage|p2a: Yveltal|75\/100 par\n|-activate|p2a: Yveltal|move: Infestation|[of] p1a: Organ harvest\n|\n|-heal|p2a: Yveltal|81\/100 par|[from] item: Leftovers\n|-damage|p1a: Organ harvest|81\/100 tox|[from] psn\n|-damage|p2a: Yveltal|69\/100 par|[from] move: Infestation|[partiallytrapped]\n|upkeep\n|turn|42\n|\n|t:|1700331762\n|move|p2a: Yveltal|Knock Off|p1a: Organ harvest\n|-damage|p1a: Organ harvest|74\/100 tox\n|move|p1a: Organ harvest|Shell Smash|p1a: Organ harvest\n|-boost|p1a: Organ harvest|def|0\n|-boost|p1a: Organ harvest|spd|0\n|-unboost|p1a: Organ harvest|atk|0\n|-unboost|p1a: Organ harvest|spa|0\n|-unboost|p1a: Organ harvest|spe|0\n|\n|-heal|p2a: Yveltal|75\/100 par|[from] item: Leftovers\n|-damage|p1a: Organ harvest|62\/100 tox|[from] psn\n|-damage|p2a: Yveltal|63\/100 par|[from] move: Infestation|[partiallytrapped]\n|upkeep\n|turn|43\n|\n|t:|1700331778\n|move|p2a: Yveltal|Knock Off|p1a: Organ harvest\n|-damage|p1a: Organ harvest|54\/100 tox\n|move|p1a: Organ harvest|Shell Smash|p1a: Organ harvest\n|-boost|p1a: Organ harvest|def|0\n|-boost|p1a: Organ harvest|spd|0\n|-unboost|p1a: Organ harvest|atk|0\n|-unboost|p1a: Organ harvest|spa|0\n|-unboost|p1a: Organ harvest|spe|0\n|\n|-heal|p2a: Yveltal|69\/100 par|[from] item: Leftovers\n|-damage|p1a: Organ harvest|36\/100 tox|[from] psn\n|-damage|p2a: Yveltal|56\/100 par|[from] move: Infestation|[partiallytrapped]\n|upkeep\n|turn|44\n|\n|t:|1700331802\n|cant|p2a: Yveltal|par\n|move|p1a: Organ harvest|Shell Smash|p1a: Organ harvest\n|-boost|p1a: Organ harvest|def|0\n|-boost|p1a: Organ harvest|spd|0\n|-unboost|p1a: Organ harvest|atk|0\n|-unboost|p1a: Organ harvest|spa|0\n|-unboost|p1a: Organ harvest|spe|0\n|\n|-heal|p2a: Yveltal|63\/100 par|[from] item: Leftovers\n|-damage|p1a: Organ harvest|11\/100 tox|[from] psn\n|-damage|p2a: Yveltal|50\/100 par|[from] move: Infestation|[partiallytrapped]\n|upkeep\n|turn|45\n|\n|t:|1700331814\n|move|p2a: Yveltal|Knock Off|p1a: Organ harvest\n|-damage|p1a: Organ harvest|5\/100 tox\n|move|p1a: Organ harvest|Rest|p1a: Organ harvest\n|-status|p1a: Organ harvest|slp|[from] move: Rest\n|-heal|p1a: Organ harvest|100\/100 slp|[silent]\n|\n|-heal|p2a: Yveltal|56\/100 par|[from] item: Leftovers\n|-damage|p2a: Yveltal|44\/100 par|[from] move: Infestation|[partiallytrapped]\n|upkeep\n|turn|46\n|\n|t:|1700331833\n|move|p2a: Yveltal|Knock Off|p1a: Organ harvest\n|-damage|p1a: Organ harvest|93\/100 slp\n|cant|p1a: Organ harvest|slp\n|\n|-heal|p2a: Yveltal|50\/100 par|[from] item: Leftovers\n|-end|p2a: Yveltal|Infestation|[partiallytrapped]\n|upkeep\n|turn|47\n|\n|t:|1700331846\n|move|p2a: Yveltal|Knock Off|p1a: Organ harvest\n|-damage|p1a: Organ harvest|87\/100 slp\n|cant|p1a: Organ harvest|slp\n|\n|-heal|p2a: Yveltal|56\/100 par|[from] item: Leftovers\n|upkeep\n|turn|48\n|c|\u2606Big round man|Please switch\n|\n|t:|1700331866\n|-terastallize|p1a: Organ harvest|Steel\n|move|p2a: Yveltal|Knock Off|p1a: Organ harvest\n|-damage|p1a: Organ harvest|80\/100 slp\n|-curestatus|p1a: Organ harvest|slp|[msg]\n|move|p1a: Organ harvest|Infestation|p2a: Yveltal\n|-damage|p2a: Yveltal|56\/100 par\n|-activate|p2a: Yveltal|move: Infestation|[of] p1a: Organ harvest\n|\n|-heal|p2a: Yveltal|62\/100 par|[from] item: Leftovers\n|-damage|p2a: Yveltal|50\/100 par|[from] move: Infestation|[partiallytrapped]\n|upkeep\n|turn|49\n|\n|t:|1700331879\n|move|p2a: Yveltal|Toxic|p1a: Organ harvest\n|-immune|p1a: Organ harvest\n|move|p1a: Organ harvest|Shell Smash|p1a: Organ harvest\n|-boost|p1a: Organ harvest|def|0\n|-boost|p1a: Organ harvest|spd|0\n|-unboost|p1a: Organ harvest|atk|0\n|-unboost|p1a: Organ harvest|spa|0\n|-unboost|p1a: Organ harvest|spe|0\n|\n|-heal|p2a: Yveltal|56\/100 par|[from] item: Leftovers\n|-damage|p2a: Yveltal|43\/100 par|[from] move: Infestation|[partiallytrapped]\n|upkeep\n|turn|50\n|\n|t:|1700331900\n|move|p2a: Yveltal|Roost|p2a: Yveltal\n|-heal|p2a: Yveltal|93\/100 par\n|-singleturn|p2a: Yveltal|move: Roost\n|move|p1a: Organ harvest|Shell Smash|p1a: Organ harvest\n|-boost|p1a: Organ harvest|def|0\n|-boost|p1a: Organ harvest|spd|0\n|-unboost|p1a: Organ harvest|atk|0\n|-unboost|p1a: Organ harvest|spa|0\n|-unboost|p1a: Organ harvest|spe|0\n|\n|-heal|p2a: Yveltal|99\/100 par|[from] item: Leftovers\n|-damage|p2a: Yveltal|87\/100 par|[from] move: Infestation|[partiallytrapped]\n|upkeep\n|turn|51\n|\n|t:|1700331940\n|move|p2a: Yveltal|Knock Off|p1a: Organ harvest\n|-damage|p1a: Organ harvest|73\/100\n|move|p1a: Organ harvest|Shell Smash|p1a: Organ harvest\n|-boost|p1a: Organ harvest|def|0\n|-boost|p1a: Organ harvest|spd|0\n|-unboost|p1a: Organ harvest|atk|0\n|-unboost|p1a: Organ harvest|spa|0\n|-unboost|p1a: Organ harvest|spe|0\n|\n|-heal|p2a: Yveltal|93\/100 par|[from] item: Leftovers\n|-damage|p2a: Yveltal|81\/100 par|[from] move: Infestation|[partiallytrapped]\n|upkeep\n|turn|52\n|\n|t:|1700331951\n|move|p2a: Yveltal|Knock Off|p1a: Organ harvest\n|-damage|p1a: Organ harvest|67\/100\n|move|p1a: Organ harvest|Shell Smash|p1a: Organ harvest\n|-boost|p1a: Organ harvest|def|0\n|-boost|p1a: Organ harvest|spd|0\n|-unboost|p1a: Organ harvest|atk|0\n|-unboost|p1a: Organ harvest|spa|0\n|-unboost|p1a: Organ harvest|spe|0\n|\n|-heal|p2a: Yveltal|87\/100 par|[from] item: Leftovers\n|-damage|p2a: Yveltal|75\/100 par|[from] move: Infestation|[partiallytrapped]\n|upkeep\n|turn|53\n|\n|t:|1700331972\n|move|p2a: Yveltal|Knock Off|p1a: Organ harvest\n|-damage|p1a: Organ harvest|60\/100\n|move|p1a: Organ harvest|Shell Smash|p1a: Organ harvest\n|-boost|p1a: Organ harvest|def|0\n|-boost|p1a: Organ harvest|spd|0\n|-unboost|p1a: Organ harvest|atk|0\n|-unboost|p1a: Organ harvest|spa|0\n|-unboost|p1a: Organ harvest|spe|0\n|\n|-heal|p2a: Yveltal|81\/100 par|[from] item: Leftovers\n|-end|p2a: Yveltal|Infestation|[partiallytrapped]\n|upkeep\n|turn|54\n|\n|t:|1700331982\n|cant|p2a: Yveltal|par\n|move|p1a: Organ harvest|Infestation|p2a: Yveltal\n|-damage|p2a: Yveltal|80\/100 par\n|-activate|p2a: Yveltal|move: Infestation|[of] p1a: Organ harvest\n|\n|-heal|p2a: Yveltal|86\/100 par|[from] item: Leftovers\n|-damage|p2a: Yveltal|74\/100 par|[from] move: Infestation|[partiallytrapped]\n|upkeep\n|turn|55\n|\n|t:|1700331991\n|move|p2a: Yveltal|Knock Off|p1a: Organ harvest\n|-damage|p1a: Organ harvest|52\/100\n|move|p1a: Organ harvest|Shell Smash|p1a: Organ harvest\n|-boost|p1a: Organ harvest|def|0\n|-boost|p1a: Organ harvest|spd|0\n|-unboost|p1a: Organ harvest|atk|0\n|-unboost|p1a: Organ harvest|spa|0\n|-unboost|p1a: Organ harvest|spe|0\n|\n|-heal|p2a: Yveltal|80\/100 par|[from] item: Leftovers\n|-damage|p2a: Yveltal|68\/100 par|[from] move: Infestation|[partiallytrapped]\n|upkeep\n|turn|56\n|\n|t:|1700332002\n|move|p2a: Yveltal|Knock Off|p1a: Organ harvest\n|-damage|p1a: Organ harvest|46\/100\n|move|p1a: Organ harvest|Shell Smash|p1a: Organ harvest\n|-boost|p1a: Organ harvest|def|0\n|-boost|p1a: Organ harvest|spd|0\n|-unboost|p1a: Organ harvest|atk|0\n|-unboost|p1a: Organ harvest|spa|0\n|-unboost|p1a: Organ harvest|spe|0\n|\n|-heal|p2a: Yveltal|74\/100 par|[from] item: Leftovers\n|-damage|p2a: Yveltal|62\/100 par|[from] move: Infestation|[partiallytrapped]\n|upkeep\n|turn|57\n|\n|t:|1700332014\n|move|p2a: Yveltal|Knock Off|p1a: Organ harvest\n|-damage|p1a: Organ harvest|39\/100\n|move|p1a: Organ harvest|Shell Smash|p1a: Organ harvest\n|-boost|p1a: Organ harvest|def|0\n|-boost|p1a: Organ harvest|spd|0\n|-unboost|p1a: Organ harvest|atk|0\n|-unboost|p1a: Organ harvest|spa|0\n|-unboost|p1a: Organ harvest|spe|0\n|\n|-heal|p2a: Yveltal|68\/100 par|[from] item: Leftovers\n|-damage|p2a: Yveltal|56\/100 par|[from] move: Infestation|[partiallytrapped]\n|upkeep\n|turn|58\n|\n|t:|1700332025\n|move|p2a: Yveltal|Knock Off|p1a: Organ harvest\n|-damage|p1a: Organ harvest|32\/100\n|move|p1a: Organ harvest|Shell Smash|p1a: Organ harvest\n|-boost|p1a: Organ harvest|def|0\n|-boost|p1a: Organ harvest|spd|0\n|-unboost|p1a: Organ harvest|atk|0\n|-unboost|p1a: Organ harvest|spa|0\n|-unboost|p1a: Organ harvest|spe|0\n|\n|-heal|p2a: Yveltal|62\/100 par|[from] item: Leftovers\n|-damage|p2a: Yveltal|49\/100 par|[from] move: Infestation|[partiallytrapped]\n|upkeep\n|turn|59\n|\n|t:|1700332037\n|move|p2a: Yveltal|Knock Off|p1a: Organ harvest\n|-damage|p1a: Organ harvest|26\/100\n|move|p1a: Organ harvest|Shell Smash|p1a: Organ harvest\n|-boost|p1a: Organ harvest|def|0\n|-boost|p1a: Organ harvest|spd|0\n|-unboost|p1a: Organ harvest|atk|0\n|-unboost|p1a: Organ harvest|spa|0\n|-unboost|p1a: Organ harvest|spe|0\n|\n|-heal|p2a: Yveltal|56\/100 par|[from] item: Leftovers\n|-end|p2a: Yveltal|Infestation|[partiallytrapped]\n|upkeep\n|turn|60\n|\n|t:|1700332047\n|move|p2a: Yveltal|Knock Off|p1a: Organ harvest\n|-damage|p1a: Organ harvest|19\/100\n|move|p1a: Organ harvest|Infestation|p2a: Yveltal\n|-damage|p2a: Yveltal|55\/100 par\n|-activate|p2a: Yveltal|move: Infestation|[of] p1a: Organ harvest\n|\n|-heal|p2a: Yveltal|61\/100 par|[from] item: Leftovers\n|-damage|p2a: Yveltal|49\/100 par|[from] move: Infestation|[partiallytrapped]\n|upkeep\n|turn|61\n|\n|t:|1700332057\n|move|p2a: Yveltal|Knock Off|p1a: Organ harvest\n|-damage|p1a: Organ harvest|13\/100\n|move|p1a: Organ harvest|Rest|p1a: Organ harvest\n|-status|p1a: Organ harvest|slp|[from] move: Rest\n|-heal|p1a: Organ harvest|100\/100 slp|[silent]\n|\n|-heal|p2a: Yveltal|55\/100 par|[from] item: Leftovers\n|-damage|p2a: Yveltal|42\/100 par|[from] move: Infestation|[partiallytrapped]\n|upkeep\n|turn|62\n|\n|t:|1700332069\n|move|p2a: Yveltal|Knock Off|p1a: Organ harvest\n|-damage|p1a: Organ harvest|94\/100 slp\n|cant|p1a: Organ harvest|slp\n|\n|-heal|p2a: Yveltal|49\/100 par|[from] item: Leftovers\n|-damage|p2a: Yveltal|36\/100 par|[from] move: Infestation|[partiallytrapped]\n|upkeep\n|turn|63\n|\n|t:|1700332077\n|move|p2a: Yveltal|Knock Off|p1a: Organ harvest\n|-damage|p1a: Organ harvest|87\/100 slp\n|cant|p1a: Organ harvest|slp\n|\n|-heal|p2a: Yveltal|42\/100 par|[from] item: Leftovers\n|-damage|p2a: Yveltal|30\/100 par|[from] move: Infestation|[partiallytrapped]\n|upkeep\n|turn|64\n|\n|t:|1700332086\n|cant|p2a: Yveltal|par\n|-curestatus|p1a: Organ harvest|slp|[msg]\n|move|p1a: Organ harvest|Shell Smash|p1a: Organ harvest\n|-boost|p1a: Organ harvest|def|0\n|-boost|p1a: Organ harvest|spd|0\n|-unboost|p1a: Organ harvest|atk|0\n|-unboost|p1a: Organ harvest|spa|0\n|-unboost|p1a: Organ harvest|spe|0\n|\n|-heal|p2a: Yveltal|36\/100 par|[from] item: Leftovers\n|-damage|p2a: Yveltal|24\/100 par|[from] move: Infestation|[partiallytrapped]\n|upkeep\n|turn|65\n|\n|t:|1700332099\n|move|p2a: Yveltal|Knock Off|p1a: Organ harvest\n|-damage|p1a: Organ harvest|80\/100\n|move|p1a: Organ harvest|Infestation|p2a: Yveltal\n|-damage|p2a: Yveltal|23\/100 par\n|\n|-heal|p2a: Yveltal|29\/100 par|[from] item: Leftovers\n|-end|p2a: Yveltal|Infestation|[partiallytrapped]\n|upkeep\n|turn|66\n|\n|t:|1700332112\n|move|p2a: Yveltal|Sucker Punch|p1a: Organ harvest\n|-damage|p1a: Organ harvest|72\/100\n|move|p1a: Organ harvest|Infestation|p2a: Yveltal\n|-damage|p2a: Yveltal|28\/100 par\n|-activate|p2a: Yveltal|move: Infestation|[of] p1a: Organ harvest\n|\n|-heal|p2a: Yveltal|35\/100 par|[from] item: Leftovers\n|-damage|p2a: Yveltal|22\/100 par|[from] move: Infestation|[partiallytrapped]\n|upkeep\n|turn|67\n|\n|t:|1700332123\n|move|p2a: Yveltal|Knock Off|p1a: Organ harvest\n|-damage|p1a: Organ harvest|65\/100\n|move|p1a: Organ harvest|Toxic||[still]\n|-fail|p1a: Organ harvest\n|\n|-heal|p2a: Yveltal|28\/100 par|[from] item: Leftovers\n|-damage|p2a: Yveltal|16\/100 par|[from] move: Infestation|[partiallytrapped]\n|upkeep\n|turn|68\n|\n|t:|1700332134\n|cant|p2a: Yveltal|par\n|move|p1a: Organ harvest|Toxic||[still]\n|-fail|p1a: Organ harvest\n|\n|-heal|p2a: Yveltal|22\/100 par|[from] item: Leftovers\n|-damage|p2a: Yveltal|10\/100 par|[from] move: Infestation|[partiallytrapped]\n|upkeep\n|turn|69\n|\n|t:|1700332143\n|cant|p2a: Yveltal|par\n|move|p1a: Organ harvest|Infestation|p2a: Yveltal\n|-crit|p2a: Yveltal\n|-damage|p2a: Yveltal|7\/100 par\n|\n|-heal|p2a: Yveltal|13\/100 par|[from] item: Leftovers\n|-damage|p2a: Yveltal|1\/100 par|[from] move: Infestation|[partiallytrapped]\n|upkeep\n|turn|70\n|\n|t:|1700332152\n|move|p2a: Yveltal|Roost|p2a: Yveltal\n|-heal|p2a: Yveltal|51\/100 par\n|-singleturn|p2a: Yveltal|move: Roost\n|move|p1a: Organ harvest|Toxic||[still]\n|-fail|p1a: Organ harvest\n|\n|-heal|p2a: Yveltal|57\/100 par|[from] item: Leftovers\n|-end|p2a: Yveltal|Infestation|[partiallytrapped]\n|upkeep\n|turn|71\n|\n|t:|1700332164\n|switch|p2a: Serperior|Serperior, M|100\/100\n|-damage|p2a: Serperior|88\/100|[from] Stealth Rock\n|move|p1a: Organ harvest|Infestation|p2a: Serperior\n|-supereffective|p2a: Serperior\n|-damage|p2a: Serperior|86\/100\n|-activate|p2a: Serperior|move: Infestation|[of] p1a: Organ harvest\n|\n|-damage|p2a: Serperior|74\/100|[from] move: Infestation|[partiallytrapped]\n|upkeep\n|turn|72\n|\n|t:|1700332182\n|move|p2a: Serperior|Leech Seed|p1a: Organ harvest\n|-start|p1a: Organ harvest|move: Leech Seed\n|move|p1a: Organ harvest|Toxic|p2a: Serperior\n|-status|p2a: Serperior|tox\n|\n|-damage|p1a: Organ harvest|53\/100|[from] Leech Seed|[of] p2a: Serperior\n|-heal|p2a: Serperior|84\/100 tox|[silent]\n|-damage|p2a: Serperior|78\/100 tox|[from] psn\n|-damage|p2a: Serperior|66\/100 tox|[from] move: Infestation|[partiallytrapped]\n|upkeep\n|turn|73\n|\n|t:|1700332195\n|move|p2a: Serperior|Leech Seed|p1a: Organ harvest|[miss]\n|-miss|p2a: Serperior|p1a: Organ harvest\n|move|p1a: Organ harvest|Infestation|p2a: Serperior\n|-supereffective|p2a: Serperior\n|-damage|p2a: Serperior|64\/100 tox\n|\n|-damage|p1a: Organ harvest|40\/100|[from] Leech Seed|[of] p2a: Serperior\n|-heal|p2a: Serperior|74\/100 tox|[silent]\n|-damage|p2a: Serperior|61\/100 tox|[from] psn\n|-damage|p2a: Serperior|49\/100 tox|[from] move: Infestation|[partiallytrapped]\n|upkeep\n|turn|74\n|\n|t:|1700332208\n|move|p2a: Serperior|Leech Seed||[still]\n|-fail|p2a: Serperior\n|move|p1a: Organ harvest|Toxic|p2a: Serperior\n|-fail|p2a: Serperior|tox\n|\n|-damage|p1a: Organ harvest|28\/100|[from] Leech Seed|[of] p2a: Serperior\n|-heal|p2a: Serperior|59\/100 tox|[silent]\n|-damage|p2a: Serperior|41\/100 tox|[from] psn\n|-damage|p2a: Serperior|29\/100 tox|[from] move: Infestation|[partiallytrapped]\n|upkeep\n|turn|75\n|\n|t:|1700332222\n|move|p2a: Serperior|Leech Seed||[still]\n|-fail|p2a: Serperior\n|move|p1a: Organ harvest|Rest|p1a: Organ harvest\n|-status|p1a: Organ harvest|slp|[from] move: Rest\n|-heal|p1a: Organ harvest|100\/100 slp|[silent]\n|\n|-damage|p1a: Organ harvest|88\/100 slp|[from] Leech Seed|[of] p2a: Serperior\n|-heal|p2a: Serperior|39\/100 tox|[silent]\n|-damage|p2a: Serperior|14\/100 tox|[from] psn\n|-end|p2a: Serperior|Infestation|[partiallytrapped]\n|upkeep\n|turn|76\n|\n|t:|1700332233\n|switch|p2a: Yveltal|Yveltal|57\/100 par\n|-damage|p2a: Yveltal|32\/100 par|[from] Stealth Rock\n|-ability|p2a: Yveltal|Dark Aura\n|cant|p1a: Organ harvest|slp\n|\n|-heal|p2a: Yveltal|38\/100 par|[from] item: Leftovers\n|-damage|p1a: Organ harvest|76\/100 slp|[from] Leech Seed|[of] p2a: Yveltal\n|-heal|p2a: Yveltal|45\/100 par|[silent]\n|upkeep\n|turn|77\n|\n|t:|1700332247\n|move|p2a: Yveltal|Roost|p2a: Yveltal\n|-heal|p2a: Yveltal|95\/100 par\n|-singleturn|p2a: Yveltal|move: Roost\n|cant|p1a: Organ harvest|slp\n|\n|-heal|p2a: Yveltal|100\/100 par|[from] item: Leftovers\n|-damage|p1a: Organ harvest|64\/100 slp|[from] Leech Seed|[of] p2a: Yveltal\n|upkeep\n|turn|78\n|\n|t:|1700332258\n|move|p2a: Yveltal|Toxic||[still]\n|-fail|p2a: Yveltal\n|-curestatus|p1a: Organ harvest|slp|[msg]\n|move|p1a: Organ harvest|Infestation|p2a: Yveltal\n|-damage|p2a: Yveltal|99\/100 par\n|-activate|p2a: Yveltal|move: Infestation|[of] p1a: Organ harvest\n|\n|-heal|p2a: Yveltal|100\/100 par|[from] item: Leftovers\n|-damage|p1a: Organ harvest|51\/100|[from] Leech Seed|[of] p2a: Yveltal\n|-damage|p2a: Yveltal|88\/100 par|[from] move: Infestation|[partiallytrapped]\n|upkeep\n|turn|79\n|\n|t:|1700332270\n|move|p2a: Yveltal|Toxic|p1a: Organ harvest\n|-immune|p1a: Organ harvest\n|move|p1a: Organ harvest|Toxic||[still]\n|-fail|p1a: Organ harvest\n|\n|-heal|p2a: Yveltal|94\/100 par|[from] item: Leftovers\n|-damage|p1a: Organ harvest|39\/100|[from] Leech Seed|[of] p2a: Yveltal\n|-heal|p2a: Yveltal|100\/100 par|[silent]\n|-damage|p2a: Yveltal|88\/100 par|[from] move: Infestation|[partiallytrapped]\n|upkeep\n|turn|80\n|\n|t:|1700332285\n|move|p2a: Yveltal|Toxic|p1a: Organ harvest\n|-immune|p1a: Organ harvest\n|move|p1a: Organ harvest|Infestation|p2a: Yveltal\n|-damage|p2a: Yveltal|87\/100 par\n|\n|-heal|p2a: Yveltal|94\/100 par|[from] item: Leftovers\n|-damage|p1a: Organ harvest|27\/100|[from] Leech Seed|[of] p2a: Yveltal\n|-heal|p2a: Yveltal|100\/100 par|[silent]\n|-damage|p2a: Yveltal|88\/100 par|[from] move: Infestation|[partiallytrapped]\n|upkeep\n|turn|81\n|\n|t:|1700332296\n|cant|p2a: Yveltal|par\n|move|p1a: Organ harvest|Infestation|p2a: Yveltal\n|-damage|p2a: Yveltal|87\/100 par\n|\n|-heal|p2a: Yveltal|94\/100 par|[from] item: Leftovers\n|-damage|p1a: Organ harvest|14\/100|[from] Leech Seed|[of] p2a: Yveltal\n|-heal|p2a: Yveltal|100\/100 par|[silent]\n|-damage|p2a: Yveltal|88\/100 par|[from] move: Infestation|[partiallytrapped]\n|upkeep\n|turn|82\n|\n|t:|1700332306\n|cant|p2a: Yveltal|par\n|move|p1a: Organ harvest|Rest|p1a: Organ harvest\n|-status|p1a: Organ harvest|slp|[from] move: Rest\n|-heal|p1a: Organ harvest|100\/100 slp|[silent]\n|\n|-heal|p2a: Yveltal|94\/100 par|[from] item: Leftovers\n|-damage|p1a: Organ harvest|88\/100 slp|[from] Leech Seed|[of] p2a: Yveltal\n|-heal|p2a: Yveltal|100\/100 par|[silent]\n|-damage|p2a: Yveltal|88\/100 par|[from] move: Infestation|[partiallytrapped]\n|upkeep\n|turn|83\n|\n|t:|1700332317\n|move|p2a: Yveltal|Toxic||[still]\n|-fail|p2a: Yveltal\n|cant|p1a: Organ harvest|slp\n|\n|-heal|p2a: Yveltal|94\/100 par|[from] item: Leftovers\n|-damage|p1a: Organ harvest|76\/100 slp|[from] Leech Seed|[of] p2a: Yveltal\n|-heal|p2a: Yveltal|100\/100 par|[silent]\n|-end|p2a: Yveltal|Infestation|[partiallytrapped]\n|upkeep\n|turn|84\n|\n|t:|1700332330\n|move|p2a: Yveltal|Toxic||[still]\n|-fail|p2a: Yveltal\n|cant|p1a: Organ harvest|slp\n|\n|-damage|p1a: Organ harvest|64\/100 slp|[from] Leech Seed|[of] p2a: Yveltal\n|upkeep\n|turn|85\n|\n|t:|1700332337\n|move|p2a: Yveltal|Toxic|p1a: Organ harvest|[miss]\n|-miss|p2a: Yveltal|p1a: Organ harvest\n|-curestatus|p1a: Organ harvest|slp|[msg]\n|move|p1a: Organ harvest|Infestation|p2a: Yveltal\n|-damage|p2a: Yveltal|99\/100 par\n|-activate|p2a: Yveltal|move: Infestation|[of] p1a: Organ harvest\n|\n|-heal|p2a: Yveltal|100\/100 par|[from] item: Leftovers\n|-damage|p1a: Organ harvest|51\/100|[from] Leech Seed|[of] p2a: Yveltal\n|-damage|p2a: Yveltal|88\/100 par|[from] move: Infestation|[partiallytrapped]\n|upkeep\n|turn|86\n|\n|t:|1700332350\n|move|p2a: Yveltal|Toxic|p1a: Organ harvest\n|-immune|p1a: Organ harvest\n|move|p1a: Organ harvest|Toxic|p2a: Yveltal|[miss]\n|-miss|p1a: Organ harvest|p2a: Yveltal\n|\n|-heal|p2a: Yveltal|94\/100 par|[from] item: Leftovers\n|-damage|p1a: Organ harvest|39\/100|[from] Leech Seed|[of] p2a: Yveltal\n|-heal|p2a: Yveltal|100\/100 par|[silent]\n|-damage|p2a: Yveltal|88\/100 par|[from] move: Infestation|[partiallytrapped]\n|upkeep\n|turn|87\n|\n|t:|1700332375\n|move|p2a: Yveltal|Roost|p2a: Yveltal\n|-heal|p2a: Yveltal|100\/100 par\n|-singleturn|p2a: Yveltal|move: Roost\n|move|p1a: Organ harvest|Toxic||[still]\n|-fail|p1a: Organ harvest\n|\n|-damage|p1a: Organ harvest|27\/100|[from] Leech Seed|[of] p2a: Yveltal\n|-damage|p2a: Yveltal|88\/100 par|[from] move: Infestation|[partiallytrapped]\n|upkeep\n|turn|88\n|\n|t:|1700332386\n|switch|p1a: GS|Forretress, M, shiny|65\/100\n|cant|p2a: Yveltal|par\n|\n|-heal|p2a: Yveltal|94\/100 par|[from] item: Leftovers\n|-end|p2a: Yveltal|Infestation|[partiallytrapped]|[silent]\n|upkeep\n|turn|89\n|\n|t:|1700332393\n|-activate|p2a: Yveltal|move: Struggle\n|move|p2a: Yveltal|Struggle|p1a: GS\n|-damage|p1a: GS|52\/100\n|-damage|p2a: Yveltal|69\/100 par|[from] recoil\n|move|p1a: GS|Pain Split|p2a: Yveltal\n|-sethp|p2a: Yveltal|53\/100 par|[from] move: Pain Split|[silent]\n|-sethp|p1a: GS|76\/100|[from] move: Pain Split\n|\n|-heal|p2a: Yveltal|59\/100 par|[from] item: Leftovers\n|upkeep\n|turn|90\n|\n|t:|1700332408\n|switch|p2a: Serperior|Serperior, M|14\/100 tox\n|-damage|p2a: Serperior|2\/100 tox|[from] Stealth Rock\n|switch|p1a: Organ harvest|Shuckle, F, shiny, tera:Steel|27\/100\n|\n|-damage|p2a: Serperior|0 fnt|[from] psn\n|faint|p2a: Serperior\n|upkeep\n|\n|t:|1700332422\n|switch|p2a: Yveltal|Yveltal|59\/100 par\n|-damage|p2a: Yveltal|34\/100 par|[from] Stealth Rock\n|-ability|p2a: Yveltal|Dark Aura\n|turn|91\n|\n|t:|1700332428\n|cant|p2a: Yveltal|par\n|move|p1a: Organ harvest|Infestation|p2a: Yveltal\n|-damage|p2a: Yveltal|32\/100 par\n|-activate|p2a: Yveltal|move: Infestation|[of] p1a: Organ harvest\n|\n|-heal|p2a: Yveltal|39\/100 par|[from] item: Leftovers\n|-damage|p2a: Yveltal|26\/100 par|[from] move: Infestation|[partiallytrapped]\n|upkeep\n|turn|92\n|\n|t:|1700332437\n|-activate|p2a: Yveltal|move: Struggle\n|move|p2a: Yveltal|Struggle|p1a: Organ harvest\n|-damage|p1a: Organ harvest|16\/100\n|-damage|p2a: Yveltal|1\/100 par|[from] recoil\n|move|p1a: Organ harvest|Rest|p1a: Organ harvest\n|-status|p1a: Organ harvest|slp|[from] move: Rest\n|-heal|p1a: Organ harvest|100\/100 slp|[silent]\n|\n|-heal|p2a: Yveltal|7\/100 par|[from] item: Leftovers\n|-damage|p2a: Yveltal|0 fnt|[from] move: Infestation|[partiallytrapped]\n|faint|p2a: Yveltal\n|upkeep\n|\n|t:|1700332451\n|switch|p2a: Aron|Aron, L1, M, shiny|100\/100\n|-damage|p2a: Aron|92\/100|[from] Stealth Rock\n|turn|93\n|\n|t:|1700332458\n|cant|p1a: Organ harvest|slp\n|move|p2a: Aron|Endeavor|p1a: Organ harvest\n|-damage|p1a: Organ harvest|5\/100 slp\n|-heal|p2a: Aron|100\/100|[from] item: Shell Bell|[of] p1a: Organ harvest\n|\n|upkeep\n|turn|94\n|\n|t:|1700332467\n|cant|p1a: Organ harvest|slp\n|move|p2a: Aron|Facade|p1a: Organ harvest\n|-resisted|p1a: Organ harvest\n|-damage|p1a: Organ harvest|5\/100 slp\n|\n|upkeep\n|turn|95\n|\n|t:|1700332483\n|-curestatus|p1a: Organ harvest|slp|[msg]\n|move|p1a: Organ harvest|Infestation|p2a: Aron\n|-resisted|p2a: Aron\n|-ability|p2a: Aron|Sturdy\n|-damage|p2a: Aron|9\/100\n|-activate|p2a: Aron|move: Infestation|[of] p1a: Organ harvest\n|move|p2a: Aron|Double-Edge|p1a: Organ harvest\n|-resisted|p1a: Organ harvest\n|-damage|p1a: Organ harvest|4\/100\n|-damage|p2a: Aron|0 fnt|[from] Recoil\n|faint|p2a: Aron\n|\n|upkeep\n|\n|t:|1700332496\n|switch|p2a: Xerneas|Xerneas|100\/100\n|-damage|p2a: Xerneas|88\/100|[from] Stealth Rock\n|-ability|p2a: Xerneas|Fairy Aura\n|turn|96\n|\n|t:|1700332502\n|move|p2a: Xerneas|Geomancy||[still]\n|-prepare|p2a: Xerneas|Geomancy\n|-enditem|p2a: Xerneas|Power Herb\n|-anim|p2a: Xerneas|Geomancy|p2a: Xerneas\n|-boost|p2a: Xerneas|spa|2\n|-boost|p2a: Xerneas|spd|2\n|-boost|p2a: Xerneas|spe|2\n|move|p1a: Organ harvest|Toxic|p2a: Xerneas\n|-status|p2a: Xerneas|tox\n|\n|-damage|p2a: Xerneas|82\/100 tox|[from] psn\n|upkeep\n|turn|97\n|\n|t:|1700332517\n|move|p2a: Xerneas|Moonblast|p1a: Organ harvest\n|-resisted|p1a: Organ harvest\n|-damage|p1a: Organ harvest|0 fnt\n|faint|p1a: Organ harvest\n|\n|-damage|p2a: Xerneas|70\/100 tox|[from] psn\n|upkeep\n|\n|t:|1700332523\n|switch|p1a: Ketchup|Scyther, M, shiny|100\/100\n|turn|98\n|\n|t:|1700332529\n|-terastallize|p2a: Xerneas|Fairy\n|move|p2a: Xerneas|Thunderbolt|p1a: Ketchup\n|-supereffective|p1a: Ketchup\n|-damage|p1a: Ketchup|0 fnt\n|faint|p1a: Ketchup\n|\n|-damage|p2a: Xerneas|52\/100 tox|[from] psn\n|upkeep\n|\n|t:|1700332534\n|switch|p1a: Arms|Serperior, F|100\/100\n|turn|99\n|\n|t:|1700332541\n|move|p2a: Xerneas|Moonblast|p1a: Arms\n|-damage|p1a: Arms|0 fnt\n|faint|p1a: Arms\n|\n|-damage|p2a: Xerneas|27\/100 tox|[from] psn\n|upkeep\n|\n|t:|1700332543\n|switch|p1a: GS|Forretress, M, shiny|76\/100\n|turn|100\n|\n|t:|1700332551\n|move|p2a: Xerneas|Thunderbolt|p1a: GS\n|-damage|p1a: GS|0 fnt\n|faint|p1a: GS\n|\n|win|Rabe 777\n|raw|Big round man's rating: 1278 &rarr; <strong>1245<\/strong><br \/>(-33 for losing)\n|raw|Rabe 777's rating: 1156 &rarr; <strong>1189<\/strong><br \/>(+33 for winning)\n|c|\u2606Big round man|Gg\n|l|\u2606Big round man\n","uploadtime":1700332567,"views":6,"p1id":"bigroundman","p2id":"rabe777","formatid":"gen9nationaldexubers","rating":1189,"private":0,"password":""}