{"id":"gen9nationaldexubers-1989056108","p1":"Mice X Family","p2":"Foopus Muhammad","format":"[Gen 9] National Dex Ubers","log":"|j|\u2606Mice X Family\n|j|\u2606Foopus Muhammad\n|t:|1699807300\n|gametype|singles\n|player|p1|Mice X Family|giovanni|\n|player|p2|Foopus Muhammad|worker-gen4|\n|teamsize|p1|6\n|teamsize|p2|6\n|gen|9\n|tier|[Gen 9] National Dex Ubers\n|rule|HP Percentage Mod: HP is shown in percentages\n|rule|Endless Battle Clause: Forcing endless battles is banned\n|rule|OHKO Clause: OHKO moves are banned\n|rule|Evasion Moves Clause: Evasion moves are banned\n|rule|Evasion Items Clause: Evasion items are banned\n|rule|Species Clause: Limit one of each Pok\u00e9mon\n|rule|Sleep Clause Mod: Limit one foe put to sleep\n|rule|Mega Rayquaza Clause: You cannot mega evolve Rayquaza\n|clearpoke\n|poke|p1|Vanilluxe, F|\n|poke|p1|Amoonguss, F|\n|poke|p1|Vikavolt, M|\n|poke|p1|Salamence, M|\n|poke|p1|Magearna|\n|poke|p1|Great Tusk|\n|poke|p2|Tapu Koko|\n|poke|p2|Raichu-Alola, M|\n|poke|p2|Necrozma-Dawn-Wings|\n|poke|p2|Gliscor, F|\n|poke|p2|Fletchinder, M|\n|poke|p2|Palkia|\n|teampreview\n|\n|t:|1699807327\n|start\n|switch|p1a: Vanilluxe|Vanilluxe, F|100\/100\n|switch|p2a: Fletchinder|Fletchinder, M|100\/100\n|-weather|Snow|[from] ability: Snow Warning|[of] p1a: Vanilluxe\n|turn|1\n|\n|t:|1699807337\n|move|p1a: Vanilluxe|Aurora Veil|p1a: Vanilluxe\n|-sidestart|p1: Mice X Family|move: Aurora Veil\n|move|p2a: Fletchinder|Fire Blast|p1a: Vanilluxe\n|-supereffective|p1a: Vanilluxe\n|-damage|p1a: Vanilluxe|46\/100\n|\n|-weather|Snow|[upkeep]\n|upkeep\n|turn|2\n|j| The Generates\n|\n|t:|1699807354\n|switch|p2a: Raichu|Raichu-Alola, M|100\/100\n|move|p1a: Vanilluxe|Explosion|p2a: Raichu\n|-damage|p2a: Raichu|12\/100\n|faint|p1a: Vanilluxe\n|\n|-weather|Snow|[upkeep]\n|upkeep\n|\n|t:|1699807374\n|switch|p1a: Salamence|Salamence, M|100\/100\n|-ability|p1a: Salamence|Intimidate|boost\n|-unboost|p2a: Raichu|atk|1\n|turn|3\n|\n|t:|1699807382\n|detailschange|p1a: Salamence|Salamence-Mega, M\n|-mega|p1a: Salamence|Salamence|Salamencite\n|move|p1a: Salamence|Dragon Dance|p1a: Salamence\n|-boost|p1a: Salamence|atk|1\n|-boost|p1a: Salamence|spe|1\n|move|p2a: Raichu|Nuzzle|p1a: Salamence\n|-damage|p1a: Salamence|99\/100\n|-status|p1a: Salamence|par\n|\n|-weather|Snow|[upkeep]\n|upkeep\n|turn|4\n|\n|t:|1699807392\n|move|p2a: Raichu|Reflect|p2a: Raichu\n|-sidestart|p2: Foopus Muhammad|Reflect\n|move|p1a: Salamence|Dragon Dance|p1a: Salamence\n|-boost|p1a: Salamence|atk|1\n|-boost|p1a: Salamence|spe|1\n|\n|-weather|Snow|[upkeep]\n|upkeep\n|turn|5\n|\n|t:|1699807397\n|move|p1a: Salamence|Dragon Dance|p1a: Salamence\n|-boost|p1a: Salamence|atk|1\n|-boost|p1a: Salamence|spe|1\n|move|p2a: Raichu|Teleport|p2a: Raichu\n|\n|t:|1699807429\n|switch|p2a: Tapu Koko|Tapu Koko|100\/100|[from] Teleport\n|-fieldstart|move: Electric Terrain|[from] ability: Electric Surge|[of] p2a: Tapu Koko\n|\n|-weather|none\n|upkeep\n|turn|6\n|\n|t:|1699807434\n|move|p1a: Salamence|Refresh|p1a: Salamence\n|-curestatus|p1a: Salamence|par|[msg]\n|move|p2a: Tapu Koko|Dazzling Gleam|p1a: Salamence\n|-supereffective|p1a: Salamence\n|-damage|p1a: Salamence|57\/100\n|-damage|p2a: Tapu Koko|91\/100|[from] item: Life Orb\n|\n|upkeep\n|turn|7\n|\n|t:|1699807445\n|move|p1a: Salamence|Return|p2a: Tapu Koko\n|-resisted|p2a: Tapu Koko\n|-damage|p2a: Tapu Koko|31\/100\n|move|p2a: Tapu Koko|Dazzling Gleam|p1a: Salamence\n|-supereffective|p1a: Salamence\n|-damage|p1a: Salamence|15\/100\n|-damage|p2a: Tapu Koko|21\/100|[from] item: Life Orb\n|\n|upkeep\n|turn|8\n|c| The Generates|i think u lost\n|\n|t:|1699807460\n|switch|p2a: Raichu|Raichu-Alola, M|12\/100\n|move|p1a: Salamence|Return|p2a: Raichu\n|-resisted|p2a: Raichu\n|-damage|p2a: Raichu|0 fnt\n|faint|p2a: Raichu\n|\n|-sideend|p1: Mice X Family|move: Aurora Veil\n|upkeep\n|\n|t:|1699807466\n|switch|p2a: Fletchinder|Fletchinder, M|100\/100\n|turn|9\n|\n|t:|1699807487\n|switch|p1a: Magearna|Magearna|100\/100\n|-terastallize|p2a: Fletchinder|Flying\n|move|p2a: Fletchinder|Tera Blast|p1a: Magearna|[anim] Tera Blast Flying\n|-resisted|p1a: Magearna\n|-damage|p1a: Magearna|79\/100\n|\n|-heal|p1a: Magearna|85\/100|[from] item: Leftovers\n|-fieldend|move: Electric Terrain\n|upkeep\n|turn|10\n|\n|t:|1699807503\n|switch|p2a: Necrozma|Necrozma-Dawn-Wings|100\/100\n|move|p1a: Magearna|Shift Gear|p1a: Magearna\n|-boost|p1a: Magearna|spe|2\n|-boost|p1a: Magearna|atk|1\n|\n|-heal|p1a: Magearna|91\/100|[from] item: Leftovers\n|upkeep\n|turn|11\n|\n|t:|1699807508\n|move|p1a: Magearna|Calm Mind|p1a: Magearna\n|-boost|p1a: Magearna|spa|1\n|-boost|p1a: Magearna|spd|1\n|move|p2a: Necrozma|Moongeist Beam|p1a: Magearna\n|-crit|p1a: Magearna\n|-damage|p1a: Magearna|15\/100\n|\n|-heal|p1a: Magearna|21\/100|[from] item: Leftovers\n|-sideend|p2: Foopus Muhammad|Reflect\n|upkeep\n|turn|12\n|\n|t:|1699807514\n|move|p1a: Magearna|Calm Mind|p1a: Magearna\n|-boost|p1a: Magearna|spa|1\n|-boost|p1a: Magearna|spd|1\n|move|p2a: Necrozma|Moongeist Beam|p1a: Magearna\n|-damage|p1a: Magearna|0 fnt\n|faint|p1a: Magearna\n|\n|upkeep\n|\n|t:|1699807517\n|switch|p1a: Vikavolt|Vikavolt, M|100\/100\n|turn|13\n|\n|t:|1699807522\n|move|p2a: Necrozma|Autotomize|p2a: Necrozma\n|-boost|p2a: Necrozma|spe|2\n|-start|p2a: Necrozma|Autotomize\n|move|p1a: Vikavolt|Bug Buzz|p2a: Necrozma\n|-damage|p2a: Necrozma|68\/100\n|\n|upkeep\n|turn|14\n|\n|t:|1699807531\n|move|p2a: Necrozma|Moongeist Beam|p1a: Vikavolt\n|-damage|p1a: Vikavolt|47\/100\n|move|p1a: Vikavolt|Bug Buzz|p2a: Necrozma\n|-damage|p2a: Necrozma|34\/100\n|\n|upkeep\n|turn|15\n|\n|t:|1699807536\n|move|p2a: Necrozma|Moongeist Beam|p1a: Vikavolt\n|-damage|p1a: Vikavolt|0 fnt\n|faint|p1a: Vikavolt\n|\n|upkeep\n|\n|t:|1699807537\n|switch|p1a: Amoonguss|Amoonguss, F|100\/100\n|turn|16\n|\n|t:|1699807539\n|move|p2a: Necrozma|Photon Geyser|p1a: Amoonguss\n|-supereffective|p1a: Amoonguss\n|-enditem|p1a: Amoonguss|Payapa Berry|[eat]\n|-enditem|p1a: Amoonguss|Payapa Berry|[weaken]\n|-damage|p1a: Amoonguss|50\/100\n|move|p1a: Amoonguss|Payback|p2a: Necrozma\n|-supereffective|p2a: Necrozma\n|-damage|p2a: Necrozma|0 fnt\n|faint|p2a: Necrozma\n|\n|upkeep\n|\n|t:|1699807549\n|switch|p2a: Fletchinder|Fletchinder, M, tera:Flying|100\/100\n|turn|17\n|\n|t:|1699807554\n|move|p2a: Fletchinder|Tera Blast|p1a: Amoonguss|[anim] Tera Blast Flying\n|-supereffective|p1a: Amoonguss\n|-damage|p1a: Amoonguss|0 fnt\n|faint|p1a: Amoonguss\n|\n|upkeep\n|\n|t:|1699807556\n|switch|p1a: Great Tusk|Great Tusk|100\/100\n|turn|18\n|\n|t:|1699807559\n|move|p2a: Fletchinder|Tera Blast|p1a: Great Tusk|[anim] Tera Blast Flying\n|-supereffective|p1a: Great Tusk\n|-damage|p1a: Great Tusk|0 fnt\n|faint|p1a: Great Tusk\n|-end|p1a: Great Tusk|Protosynthesis|[silent]\n|\n|upkeep\n|c|\u2606Mice X Family|bro that crit man\n|c|\u2606Foopus Muhammad|too free\n|c|\u2606Mice X Family|wdym too free\n|c|\u2606Mice X Family|you haxed\n|c|\u2606Foopus Muhammad|too ez\n|\n|t:|1699807583\n|switch|p1a: Salamence|Salamence-Mega, M|15\/100\n|turn|19\n|c| The Generates|what just happened\n|c|\u2606Mice X Family|I got crit\n|c|\u2606Mice X Family|when my mag was about to win\n|c|\u2606Mice X Family|that's what happened\n|\n|t:|1699807611\n|move|p1a: Salamence|Return|p2a: Fletchinder\n|-damage|p2a: Fletchinder|0 fnt\n|faint|p2a: Fletchinder\n|\n|upkeep\n|c|\u2606Foopus Muhammad|my palkia is psych up\n|\n|t:|1699807625\n|switch|p2a: Gliscor|Gliscor, F|100\/100\n|turn|20\n|\n|t:|1699807629\n|move|p1a: Salamence|Roost|p1a: Salamence\n|-heal|p1a: Salamence|65\/100\n|-singleturn|p1a: Salamence|move: Roost\n|move|p2a: Gliscor|Scale Shot|p1a: Salamence\n|-supereffective|p1a: Salamence\n|-damage|p1a: Salamence|52\/100\n|-supereffective|p1a: Salamence\n|-damage|p1a: Salamence|41\/100\n|-hitcount|p1a: Salamence|2\n|-unboost|p2a: Gliscor|def|1\n|-boost|p2a: Gliscor|spe|1\n|-enditem|p2a: Gliscor|White Herb\n|-clearnegativeboost|p2a: Gliscor|[silent]\n|\n|upkeep\n|turn|21\n|\n|t:|1699807643\n|move|p1a: Salamence|Roost|p1a: Salamence\n|-heal|p1a: Salamence|91\/100\n|-singleturn|p1a: Salamence|move: Roost\n|move|p2a: Gliscor|Acrobatics|p1a: Salamence\n|-damage|p1a: Salamence|53\/100\n|\n|upkeep\n|turn|22\n|\n|t:|1699807646\n|move|p1a: Salamence|Dragon Dance|p1a: Salamence\n|-boost|p1a: Salamence|atk|1\n|-boost|p1a: Salamence|spe|1\n|move|p2a: Gliscor|Swords Dance|p2a: Gliscor\n|-boost|p2a: Gliscor|atk|2\n|\n|upkeep\n|turn|23\n|\n|t:|1699807657\n|move|p1a: Salamence|Return|p2a: Gliscor\n|-damage|p2a: Gliscor|25\/100\n|move|p2a: Gliscor|Scale Shot|p1a: Salamence\n|-supereffective|p1a: Salamence\n|-damage|p1a: Salamence|30\/100\n|-supereffective|p1a: Salamence\n|-damage|p1a: Salamence|7\/100\n|-hitcount|p1a: Salamence|2\n|-unboost|p2a: Gliscor|def|1\n|-boost|p2a: Gliscor|spe|1\n|\n|upkeep\n|turn|24\n|\n|t:|1699807665\n|move|p1a: Salamence|Return|p2a: Gliscor\n|-damage|p2a: Gliscor|0 fnt\n|faint|p2a: Gliscor\n|\n|upkeep\n|\n|t:|1699807670\n|switch|p2a: Palkia|Palkia|100\/100\n|-ability|p2a: Palkia|Pressure\n|turn|25\n|\n|t:|1699807673\n|move|p2a: Palkia|Endure|p2a: Palkia\n|-singleturn|p2a: Palkia|move: Endure\n|move|p1a: Salamence|Return|p2a: Palkia\n|-activate|p2a: Palkia|move: Endure\n|-damage|p2a: Palkia|1\/100\n|\n|upkeep\n|turn|26\n|-enditem|p2a: Palkia|Custap Berry|[eat]\n|-activate|p2a: Palkia|item: Custap Berry|[consumed]\n|\n|t:|1699807681\n|move|p2a: Palkia|Surf|p1a: Salamence\n|-resisted|p1a: Salamence\n|-damage|p1a: Salamence|0 fnt\n|faint|p1a: Salamence\n|\n|win|Foopus Muhammad\n|l|\u2606Mice X Family\n","uploadtime":1699807686,"views":69,"p1id":"micexfamily","p2id":"foopusmuhammad","formatid":"gen9nationaldexubers","rating":0,"private":0,"password":""}