{"id":"gen9nationaldexubers-1995398429","p1":"DannLink","p2":"imbape","format":"[Gen 9] National Dex Ubers","log":"|j|\u2606DannLink\n|j|\u2606imbape\n|t:|1700565516\n|gametype|singles\n|player|p1|DannLink|ethan|\n|player|p2|imbape|n|\n|teamsize|p1|6\n|teamsize|p2|6\n|gen|9\n|tier|[Gen 9] National Dex Ubers\n|rule|HP Percentage Mod: HP is shown in percentages\n|rule|Endless Battle Clause: Forcing endless battles is banned\n|rule|OHKO Clause: OHKO moves are banned\n|rule|Evasion Moves Clause: Evasion moves are banned\n|rule|Evasion Items Clause: Evasion items are banned\n|rule|Species Clause: Limit one of each Pok\u00e9mon\n|rule|Sleep Clause Mod: Limit one foe put to sleep\n|rule|Mega Rayquaza Clause: You cannot mega evolve Rayquaza\n|clearpoke\n|poke|p1|Darkrai|\n|poke|p1|Forretress, M|\n|poke|p1|Xurkitree|\n|poke|p1|Eiscue, M|\n|poke|p1|Ditto|\n|poke|p1|Rattata, L1, M|\n|poke|p2|Swampert, M|\n|poke|p2|Metagross|\n|poke|p2|Zeraora|\n|poke|p2|Charizard, F|\n|poke|p2|Sceptile, M|\n|poke|p2|Arceus-Fighting|\n|teampreview\n|inactive|Battle timer is ON: inactive players will automatically lose when time's up. (requested by DannLink)\n|inactive|DannLink has 270 seconds left.\n|inactive|imbape has 270 seconds left.\n|\n|t:|1700565554\n|start\n|switch|p1a: Forretress|Forretress, M|100\/100\n|switch|p2a: Metagross|Metagross, shiny|100\/100\n|turn|1\n|\n|t:|1700565576\n|switch|p2a: Charizard|Charizard, F|100\/100\n|move|p1a: Forretress|Stealth Rock|p2a: Charizard\n|-sidestart|p2: imbape|move: Stealth Rock\n|\n|upkeep\n|turn|2\n|\n|t:|1700565590\n|detailschange|p2a: Charizard|Charizard-Mega-X, F\n|-mega|p2a: Charizard|Charizard|Charizardite X\n|move|p2a: Charizard|Flare Blitz|p1a: Forretress\n|-supereffective|p1a: Forretress\n|-ability|p1a: Forretress|Sturdy\n|-damage|p1a: Forretress|1\/100\n|-damage|p2a: Charizard|62\/100|[from] Recoil\n|move|p1a: Forretress|Volt Switch|p2a: Charizard\n|-resisted|p2a: Charizard\n|-damage|p2a: Charizard|55\/100\n|\n|t:|1700565602\n|switch|p1a: Rattata|Rattata, L1, M, shiny|100\/100|[from] Volt Switch\n|\n|upkeep\n|turn|3\n|inactive|imbape has 270 seconds left.\n|\n|t:|1700565638\n|move|p2a: Charizard|Flare Blitz|p1a: Rattata\n|-enditem|p1a: Rattata|Focus Sash\n|-damage|p1a: Rattata|10\/100\n|-damage|p2a: Charizard|54\/100|[from] Recoil\n|move|p1a: Rattata|Endeavor|p2a: Charizard\n|-damage|p2a: Charizard|1\/100\n|\n|upkeep\n|turn|4\n|\n|t:|1700565657\n|switch|p2a: Arceus|Arceus-Fighting|100\/100\n|-damage|p2a: Arceus|94\/100|[from] Stealth Rock\n|move|p1a: Rattata|Quick Attack|p2a: Arceus\n|-damage|p2a: Arceus|94\/100\n|\n|upkeep\n|turn|5\n|\n|t:|1700565670\n|move|p2a: Arceus|Brick Break|p1a: Rattata\n|-supereffective|p1a: Rattata\n|-damage|p1a: Rattata|0 fnt\n|faint|p1a: Rattata\n|\n|upkeep\n|\n|t:|1700565683\n|switch|p1a: Xurkitree|Xurkitree|100\/100\n|turn|6\n|\n|t:|1700565691\n|switch|p2a: Swampert|Swampert, M|100\/100\n|-damage|p2a: Swampert|94\/100|[from] Stealth Rock\n|move|p1a: Xurkitree|Hypnosis|p2a: Swampert\n|-status|p2a: Swampert|slp|[from] move: Hypnosis\n|\n|upkeep\n|turn|7\n|inactive|imbape has 270 seconds left.\n|\n|t:|1700565716\n|move|p1a: Xurkitree|Energy Ball|p2a: Swampert\n|-supereffective|p2a: Swampert\n|-damage|p2a: Swampert|0 fnt\n|faint|p2a: Swampert\n|-ability|p1a: Xurkitree|Beast Boost|boost\n|-boost|p1a: Xurkitree|spa|1\n|\n|upkeep\n|\n|t:|1700565732\n|switch|p2a: Zeraora|Zeraora|100\/100\n|-damage|p2a: Zeraora|88\/100|[from] Stealth Rock\n|turn|8\n|inactive|imbape has 240 seconds left.\n|\n|t:|1700565747\n|-zpower|p2a: Zeraora\n|move|p2a: Zeraora|Gigavolt Havoc|p1a: Xurkitree|[zeffect]\n|-resisted|p1a: Xurkitree\n|-damage|p1a: Xurkitree|36\/100\n|move|p1a: Xurkitree|Hypnosis|p2a: Zeraora|[miss]\n|-miss|p1a: Xurkitree|p2a: Zeraora\n|\n|upkeep\n|turn|9\n|inactive|imbape has 240 seconds left.\n|\n|t:|1700565767\n|move|p2a: Zeraora|Close Combat|p1a: Xurkitree\n|-damage|p1a: Xurkitree|0 fnt\n|-unboost|p2a: Zeraora|def|1\n|-unboost|p2a: Zeraora|spd|1\n|faint|p1a: Xurkitree\n|\n|upkeep\n|\n|t:|1700565777\n|switch|p1a: Forretress|Forretress, M|1\/100\n|turn|10\n|inactive|imbape has 240 seconds left.\n|\n|t:|1700565786\n|-terastallize|p1a: Forretress|Bug\n|move|p2a: Zeraora|Close Combat|p1a: Forretress\n|-resisted|p1a: Forretress\n|-damage|p1a: Forretress|0 fnt\n|-unboost|p2a: Zeraora|def|1\n|-unboost|p2a: Zeraora|spd|1\n|faint|p1a: Forretress\n|\n|upkeep\n|\n|t:|1700565797\n|switch|p1a: Ditto|Ditto|100\/100\n|-transform|p1a: Ditto|p2a: Zeraora|[from] ability: Imposter\n|turn|11\n|inactive|imbape has 240 seconds left.\n|\n|t:|1700565820\n|move|p1a: Ditto|Close Combat|p2a: Zeraora\n|-damage|p2a: Zeraora|0 fnt\n|-unboost|p1a: Ditto|def|1\n|-unboost|p1a: Ditto|spd|1\n|faint|p2a: Zeraora\n|\n|upkeep\n|\n|t:|1700565843\n|switch|p2a: Arceus|Arceus-Fighting|94\/100\n|-damage|p2a: Arceus|88\/100|[from] Stealth Rock\n|turn|12\n|\n|t:|1700565854\n|move|p1a: Ditto|Close Combat|p2a: Arceus\n|-damage|p2a: Arceus|54\/100\n|-unboost|p1a: Ditto|def|1\n|-unboost|p1a: Ditto|spd|1\n|move|p2a: Arceus|Brick Break|p1a: Ditto\n|-damage|p1a: Ditto|0 fnt\n|faint|p1a: Ditto\n|\n|upkeep\n|\n|t:|1700565865\n|switch|p1a: Eiscue|Eiscue, M|100\/100\n|turn|13\n|\n|t:|1700565871\n|move|p2a: Arceus|Rest|p2a: Arceus\n|-status|p2a: Arceus|slp|[from] move: Rest\n|-heal|p2a: Arceus|100\/100 slp|[silent]\n|move|p1a: Eiscue|Substitute|p1a: Eiscue\n|-start|p1a: Eiscue|Substitute\n|-damage|p1a: Eiscue|75\/100\n|\n|upkeep\n|turn|14\n|\n|t:|1700565879\n|cant|p2a: Arceus|slp\n|move|p2a: Arceus|Sleep Talk|p2a: Arceus\n|move|p2a: Arceus|Rest||[from]move: Sleep Talk|[still]\n|-fail|p2a: Arceus\n|move|p1a: Eiscue|Belly Drum|p1a: Eiscue\n|-damage|p1a: Eiscue|25\/100\n|-setboost|p1a: Eiscue|atk|6|[from] move: Belly Drum\n|-enditem|p1a: Eiscue|Salac Berry|[eat]\n|-boost|p1a: Eiscue|spe|1|[from] item: Salac Berry\n|\n|upkeep\n|turn|15\n|inactive|imbape has 240 seconds left.\n|\n|t:|1700565892\n|cant|p2a: Arceus|slp\n|move|p2a: Arceus|Sleep Talk|p2a: Arceus\n|move|p2a: Arceus|Brick Break|p1a: Eiscue|[from]move: Sleep Talk\n|-supereffective|p1a: Eiscue\n|-end|p1a: Eiscue|Substitute\n|move|p1a: Eiscue|Reversal|p2a: Arceus\n|-damage|p2a: Arceus|41\/100 slp\n|\n|upkeep\n|turn|16\n|inactive|imbape has 240 seconds left.\n|\n|t:|1700565902\n|-curestatus|p2a: Arceus|slp|[msg]\n|move|p2a: Arceus|Sleep Talk||[still]\n|-fail|p2a: Arceus\n|move|p1a: Eiscue|Reversal|p2a: Arceus\n|-damage|p2a: Arceus|0 fnt\n|faint|p2a: Arceus\n|\n|upkeep\n|\n|t:|1700565913\n|switch|p2a: Metagross|Metagross, shiny|100\/100\n|-damage|p2a: Metagross|95\/100|[from] Stealth Rock\n|turn|17\n|\n|t:|1700565921\n|move|p1a: Eiscue|Reversal|p2a: Metagross\n|-damage|p2a: Metagross|21\/100\n|move|p2a: Metagross|Iron Head|p1a: Eiscue\n|-activate|p1a: Eiscue|ability: Ice Face\n|-damage|p1a: Eiscue|25\/100\n|detailschange|p1a: Eiscue|Eiscue-Noice, M\n|\n|upkeep\n|turn|18\n|inactive|imbape has 240 seconds left.\n|\n|t:|1700565930\n|move|p1a: Eiscue|Reversal|p2a: Metagross\n|-damage|p2a: Metagross|0 fnt\n|faint|p2a: Metagross\n|\n|upkeep\n|inactive|imbape has 240 seconds left.\n|\n|t:|1700565936\n|switch|p2a: Sceptile|Sceptile, M|100\/100\n|-damage|p2a: Sceptile|88\/100|[from] Stealth Rock\n|turn|19\n|\n|t:|1700565944\n|move|p1a: Eiscue|Icicle Crash|p2a: Sceptile\n|-supereffective|p2a: Sceptile\n|-damage|p2a: Sceptile|0 fnt\n|faint|p2a: Sceptile\n|\n|upkeep\n|\n|t:|1700565950\n|switch|p2a: Charizard|Charizard-Mega-X, F|1\/100\n|-damage|p2a: Charizard|0 fnt|[from] Stealth Rock\n|faint|p2a: Charizard\n|\n|win|DannLink\n|l|\u2606imbape\n","uploadtime":1700565991,"views":0,"p1id":"dannlink","p2id":"imbape","formatid":"gen9nationaldexubers","rating":0,"private":0,"password":""}