{"id":"gen9nationaldexubers-1989703262","p1":"Aleix565","p2":"C0ld as Ice","format":"[Gen 9] National Dex Ubers","log":"|j|\u2606Aleix565\n|j|\u2606C0ld as Ice\n|t:|1699888401\n|gametype|singles\n|player|p1|Aleix565|colress|1495\n|player|p2|C0ld as Ice|schoolkid-gen4dp|1912\n|teamsize|p1|6\n|teamsize|p2|6\n|gen|9\n|tier|[Gen 9] National Dex Ubers\n|rated|\n|rule|HP Percentage Mod: HP is shown in percentages\n|rule|Endless Battle Clause: Forcing endless battles is banned\n|rule|OHKO Clause: OHKO moves are banned\n|rule|Evasion Moves Clause: Evasion moves are banned\n|rule|Evasion Items Clause: Evasion items are banned\n|rule|Species Clause: Limit one of each Pok\u00e9mon\n|rule|Sleep Clause Mod: Limit one foe put to sleep\n|rule|Mega Rayquaza Clause: You cannot mega evolve Rayquaza\n|clearpoke\n|poke|p1|Lugia|\n|poke|p1|Zacian-*|\n|poke|p1|Xerneas-*|\n|poke|p1|Kyogre|\n|poke|p1|Melmetal|\n|poke|p1|Kingambit, M|\n|poke|p2|Arceus-Water|\n|poke|p2|Necrozma-Dusk-Mane|\n|poke|p2|Zygarde|\n|poke|p2|Groudon, L99|\n|poke|p2|Marshadow|\n|poke|p2|Yveltal|\n|teampreview\n|inactive|Battle timer is ON: inactive players will automatically lose when time's up. (requested by C0ld as Ice)\n|inactive|C0ld as Ice has 120 seconds left.\n|\n|t:|1699888461\n|start\n|switch|p1a: Melmetal|Melmetal|100\/100\n|switch|p2a: Zygarde|Zygarde|100\/100\n|turn|1\n|j| cursolin' time\n|\n|t:|1699888478\n|switch|p2a: Arceus|Arceus-Water, shiny|100\/100\n|move|p1a: Melmetal|Ice Punch|p2a: Arceus\n|-resisted|p2a: Arceus\n|-damage|p2a: Arceus|84\/100\n|\n|upkeep\n|turn|2\n|inactive|C0ld as Ice has 120 seconds left.\n|\n|t:|1699888511\n|switch|p1a: Kyogre|Kyogre, shiny|100\/100\n|detailschange|p1a: Kyogre|Kyogre-Primal, shiny\n|-primal|p1a: Kyogre|Blue Orb\n|-weather|PrimordialSea|[from] ability: Primordial Sea|[of] p1a: Kyogre\n|move|p2a: Arceus|Judgment|p1a: Kyogre\n|-resisted|p1a: Kyogre\n|-damage|p1a: Kyogre|77\/100\n|\n|-weather|PrimordialSea|[upkeep]\n|upkeep\n|turn|3\n|\n|t:|1699888521\n|move|p2a: Arceus|Toxic|p1a: Kyogre|[miss]\n|-miss|p2a: Arceus|p1a: Kyogre\n|move|p1a: Kyogre|Thunder|p2a: Arceus\n|-supereffective|p2a: Arceus\n|-damage|p2a: Arceus|12\/100\n|\n|-weather|PrimordialSea|[upkeep]\n|upkeep\n|turn|4\n|\n|t:|1699888534\n|-weather|none\n|switch|p1a: Melmetal|Melmetal|100\/100\n|move|p2a: Arceus|Toxic|p1a: Melmetal|[miss]\n|-miss|p2a: Arceus|p1a: Melmetal\n|\n|upkeep\n|turn|5\n|\n|t:|1699888544\n|move|p2a: Arceus|Recover|p2a: Arceus\n|-heal|p2a: Arceus|62\/100\n|move|p1a: Melmetal|Double Iron Bash|p2a: Arceus\n|-resisted|p2a: Arceus\n|-damage|p2a: Arceus|40\/100\n|-resisted|p2a: Arceus\n|-damage|p2a: Arceus|19\/100\n|-hitcount|p2a: Arceus|2\n|\n|upkeep\n|turn|6\n|\n|t:|1699888550\n|move|p2a: Arceus|Recover|p2a: Arceus\n|-heal|p2a: Arceus|69\/100\n|move|p1a: Melmetal|Double Iron Bash|p2a: Arceus\n|-resisted|p2a: Arceus\n|-damage|p2a: Arceus|46\/100\n|-resisted|p2a: Arceus\n|-damage|p2a: Arceus|23\/100\n|-hitcount|p2a: Arceus|2\n|\n|upkeep\n|turn|7\n|inactive|C0ld as Ice has 120 seconds left.\n|inactive|C0ld as Ice has 90 seconds left.\n|inactive|C0ld as Ice has 60 seconds left.\n|\n|t:|1699888653\n|move|p2a: Arceus|Recover|p2a: Arceus\n|-heal|p2a: Arceus|73\/100\n|move|p1a: Melmetal|Double Iron Bash|p2a: Arceus\n|-resisted|p2a: Arceus\n|-damage|p2a: Arceus|53\/100\n|-resisted|p2a: Arceus\n|-damage|p2a: Arceus|32\/100\n|-hitcount|p2a: Arceus|2\n|\n|upkeep\n|turn|8\n|\n|t:|1699888660\n|-terastallize|p1a: Melmetal|Steel\n|move|p2a: Arceus|Recover|p2a: Arceus\n|-heal|p2a: Arceus|82\/100\n|move|p1a: Melmetal|Double Iron Bash|p2a: Arceus\n|-resisted|p2a: Arceus\n|-damage|p2a: Arceus|52\/100\n|-resisted|p2a: Arceus\n|-damage|p2a: Arceus|26\/100\n|-hitcount|p2a: Arceus|2\n|\n|upkeep\n|turn|9\n|inactive|C0ld as Ice has 60 seconds left.\n|\n|t:|1699888669\n|move|p2a: Arceus|Recover|p2a: Arceus\n|-heal|p2a: Arceus|76\/100\n|move|p1a: Melmetal|Double Iron Bash|p2a: Arceus\n|-resisted|p2a: Arceus\n|-damage|p2a: Arceus|47\/100\n|-resisted|p2a: Arceus\n|-crit|p2a: Arceus\n|-damage|p2a: Arceus|6\/100\n|-hitcount|p2a: Arceus|2\n|\n|upkeep\n|turn|10\n|inactive|C0ld as Ice has 60 seconds left.\n|\n|t:|1699888679\n|move|p2a: Arceus|Judgment|p1a: Melmetal\n|-damage|p1a: Melmetal|56\/100\n|move|p1a: Melmetal|Double Iron Bash|p2a: Arceus\n|-resisted|p2a: Arceus\n|-damage|p2a: Arceus|0 fnt\n|faint|p2a: Arceus\n|-hitcount|p2: Arceus|1\n|\n|upkeep\n|inactive|C0ld as Ice has 60 seconds left.\n|inactive|C0ld as Ice has 30 seconds left.\n|inactive|C0ld as Ice has 20 seconds left.\n|inactive|C0ld as Ice has 15 seconds left.\n|inactive|C0ld as Ice has 10 seconds left.\n|inactive|C0ld as Ice has 5 seconds left.\n|-message|C0ld as Ice lost due to inactivity.\n|\n|win|Aleix565\n|raw|Aleix565's rating: 1495 &rarr; <strong>1532<\/strong><br \/>(+37 for winning)\n|raw|C0ld as Ice's rating: 1912 &rarr; <strong>1875<\/strong><br \/>(-37 for losing)\n|l|\u2606Aleix565\n|l|\u2606C0ld as Ice\n","uploadtime":1699888814,"views":6,"p1id":"aleix565","p2id":"c0ldasice","formatid":"gen9nationaldexubers","rating":1532,"private":0,"password":""}