{"id":"gen9nationaldexubers-2000048800","p1":"Boston Blisseys","p2":"medi34","format":"[Gen 9] National Dex Ubers","log":"|j|\u2606Boston Blisseys\n|j|\u2606medi34\n|t:|1701145978\n|gametype|singles\n|player|p1|Boston Blisseys|shadowtriad|\n|player|p2|medi34|102|\n|teamsize|p1|6\n|teamsize|p2|6\n|gen|9\n|tier|[Gen 9] National Dex Ubers\n|rule|HP Percentage Mod: HP is shown in percentages\n|rule|Endless Battle Clause: Forcing endless battles is banned\n|rule|OHKO Clause: OHKO moves are banned\n|rule|Evasion Moves Clause: Evasion moves are banned\n|rule|Evasion Items Clause: Evasion items are banned\n|rule|Species Clause: Limit one of each Pok\u00e9mon\n|rule|Sleep Clause Mod: Limit one foe put to sleep\n|rule|Mega Rayquaza Clause: You cannot mega evolve Rayquaza\n|clearpoke\n|poke|p1|Palkia-Origin|\n|poke|p1|Rillaboom, M|\n|poke|p1|Dragapult, F|\n|poke|p1|Arcanine-Hisui, M|\n|poke|p1|Quaquaval, F|\n|poke|p1|Umbreon, F|\n|poke|p2|Corviknight, F|\n|poke|p2|Meowscarada, F|\n|poke|p2|Sandy Shocks|\n|poke|p2|Groudon|\n|poke|p2|Florges-White, F|\n|poke|p2|Skeledirge, F|\n|teampreview\n|j| divineblaze\n|c| divineblaze|g2, glhf!\n|c|\u2606medi34|glhf!\n|c|\u2606Boston Blisseys|glhf\n|\n|t:|1701146005\n|start\n|switch|p1a: not|Dragapult, F|100\/100\n|switch|p2a: dino nugget|Groudon, shiny|100\/100\n|-weather|SunnyDay|[from] ability: Drought|[of] p2a: dino nugget\n|turn|1\n|\n|t:|1701146050\n|move|p1a: not|Will-O-Wisp|p2a: dino nugget\n|-status|p2a: dino nugget|brn\n|move|p2a: dino nugget|Roar|p1a: not\n|drag|p1a: am|Rillaboom, M|100\/100\n|-fieldstart|move: Grassy Terrain|[from] ability: Grassy Surge|[of] p1a: am\n|\n|-weather|SunnyDay|[upkeep]\n|-damage|p2a: dino nugget|94\/100 brn|[from] brn\n|upkeep\n|turn|2\n|\n|t:|1701146080\n|switch|p2a: Scarmorie|Corviknight, F, shiny|100\/100\n|-ability|p2a: Scarmorie|Pressure\n|move|p1a: am|Fake Out|p2a: Scarmorie\n|-resisted|p2a: Scarmorie\n|-damage|p2a: Scarmorie|97\/100\n|-damage|p1a: am|84\/100|[from] item: Rocky Helmet|[of] p2a: Scarmorie\n|\n|-weather|SunnyDay|[upkeep]\n|-heal|p1a: am|90\/100|[from] Grassy Terrain\n|upkeep\n|turn|3\n|\n|t:|1701146117\n|switch|p1a: I|Palkia-Origin|100\/100\n|-ability|p1a: I|Pressure\n|move|p2a: Scarmorie|U-turn|p1a: I\n|-damage|p1a: I|85\/100\n|\n|t:|1701146140\n|switch|p2a: flower|Florges-White, F, shiny|100\/100|[from] U-turn\n|\n|-weather|SunnyDay|[upkeep]\n|-heal|p1a: I|91\/100|[from] Grassy Terrain\n|upkeep\n|turn|4\n|\n|t:|1701146155\n|move|p1a: I|Fire Blast|p2a: flower\n|-damage|p2a: flower|65\/100\n|move|p2a: flower|Calm Mind|p2a: flower\n|-boost|p2a: flower|spa|1\n|-boost|p2a: flower|spd|1\n|\n|-weather|SunnyDay|[upkeep]\n|-heal|p1a: I|97\/100|[from] Grassy Terrain\n|-heal|p2a: flower|71\/100|[from] Grassy Terrain\n|-heal|p2a: flower|77\/100|[from] item: Leftovers\n|upkeep\n|turn|5\n|\n|t:|1701146193\n|switch|p1a: am|Rillaboom, M|90\/100\n|move|p2a: flower|Moonblast|p1a: am\n|-damage|p1a: am|46\/100\n|\n|-weather|none\n|-heal|p1a: am|52\/100|[from] Grassy Terrain\n|-heal|p2a: flower|84\/100|[from] Grassy Terrain\n|-heal|p2a: flower|90\/100|[from] item: Leftovers\n|-fieldend|move: Grassy Terrain\n|upkeep\n|turn|6\n|\n|t:|1701146209\n|move|p2a: flower|Protect|p2a: flower\n|-singleturn|p2a: flower|Protect\n|move|p1a: am|Fake Out|p2a: flower\n|-activate|p2a: flower|move: Protect\n|\n|-heal|p2a: flower|96\/100|[from] item: Leftovers\n|upkeep\n|turn|7\n|\n|t:|1701146232\n|switch|p1a: crap|Umbreon, F|100\/100\n|switch|p2a: Scarmorie|Corviknight, F, shiny|97\/100\n|-ability|p2a: Scarmorie|Pressure\n|\n|upkeep\n|turn|8\n|\n|t:|1701146254\n|move|p2a: Scarmorie|Body Press|p1a: crap\n|-supereffective|p1a: crap\n|-crit|p1a: crap\n|-damage|p1a: crap|43\/100\n|-enditem|p1a: crap|Sitrus Berry|[eat]\n|-heal|p1a: crap|68\/100|[from] item: Sitrus Berry\n|move|p1a: crap|Curse|p1a: crap\n|-unboost|p1a: crap|spe|1\n|-boost|p1a: crap|atk|1\n|-boost|p1a: crap|def|1\n|\n|upkeep\n|turn|9\n|\n|t:|1701146265\n|move|p2a: Scarmorie|U-turn|p1a: crap\n|-supereffective|p1a: crap\n|-damage|p1a: crap|53\/100\n|\n|t:|1701146271\n|switch|p2a: dino nugget|Groudon, shiny|94\/100 brn|[from] U-turn\n|-weather|SunnyDay|[from] ability: Drought|[of] p2a: dino nugget\n|move|p1a: crap|Wish|p1a: crap\n|\n|-weather|SunnyDay|[upkeep]\n|-damage|p2a: dino nugget|88\/100 brn|[from] brn\n|upkeep\n|turn|10\n|\n|t:|1701146282\n|move|p2a: dino nugget|Stealth Rock|p1a: crap\n|-sidestart|p1: Boston Blisseys|move: Stealth Rock\n|move|p1a: crap|Curse|p1a: crap\n|-unboost|p1a: crap|spe|1\n|-boost|p1a: crap|atk|1\n|-boost|p1a: crap|def|1\n|\n|-weather|SunnyDay|[upkeep]\n|-heal|p1a: crap|100\/100|[from] move: Wish|[wisher] crap\n|-damage|p2a: dino nugget|82\/100 brn|[from] brn\n|upkeep\n|turn|11\n|\n|t:|1701146292\n|move|p1a: crap|Throat Chop|p2a: dino nugget\n|-damage|p2a: dino nugget|56\/100 brn\n|-start|p2a: dino nugget|Throat Chop|[silent]\n|cant|p2a: dino nugget|move: Throat Chop\n|\n|-weather|SunnyDay|[upkeep]\n|-damage|p2a: dino nugget|50\/100 brn|[from] brn\n|upkeep\n|turn|12\n|c|\u2606medi34|valid\n|c| divineblaze|yoooo\n|c| divineblaze|the tech\n|\n|t:|1701146340\n|switch|p2a: flower|Florges-White, F, shiny|96\/100\n|move|p1a: crap|Curse|p1a: crap\n|-unboost|p1a: crap|spe|1\n|-boost|p1a: crap|atk|1\n|-boost|p1a: crap|def|1\n|\n|-weather|SunnyDay|[upkeep]\n|-heal|p2a: flower|100\/100|[from] item: Leftovers\n|upkeep\n|turn|13\n|\n|t:|1701146360\n|move|p2a: flower|Moonblast|p1a: crap\n|-supereffective|p1a: crap\n|-damage|p1a: crap|59\/100\n|-unboost|p1a: crap|spa|1\n|move|p1a: crap|Wish|p1a: crap\n|\n|-weather|none\n|upkeep\n|turn|14\n|\n|t:|1701146369\n|move|p2a: flower|Calm Mind|p2a: flower\n|-boost|p2a: flower|spa|1\n|-boost|p2a: flower|spd|1\n|move|p1a: crap|Yawn|p2a: flower\n|-start|p2a: flower|move: Yawn|[of] p1a: crap\n|\n|-heal|p1a: crap|100\/100|[from] move: Wish|[wisher] crap\n|upkeep\n|turn|15\n|\n|t:|1701146394\n|switch|p2a: Scarmorie|Corviknight, F, shiny|97\/100\n|-ability|p2a: Scarmorie|Pressure\n|move|p1a: crap|Wish|p1a: crap\n|\n|upkeep\n|turn|16\n|\n|t:|1701146446\n|move|p2a: Scarmorie|U-turn|p1a: crap\n|-supereffective|p1a: crap\n|-damage|p1a: crap|92\/100\n|\n|t:|1701146502\n|switch|p2a: flower|Florges-White, F, shiny|100\/100|[from] U-turn\n|move|p1a: crap|Curse|p1a: crap\n|-unboost|p1a: crap|spe|1\n|-boost|p1a: crap|atk|1\n|-boost|p1a: crap|def|1\n|\n|-heal|p1a: crap|100\/100|[from] move: Wish|[wisher] crap\n|upkeep\n|turn|17\n|\n|t:|1701146564\n|move|p2a: flower|Moonblast|p1a: crap\n|-supereffective|p1a: crap\n|-damage|p1a: crap|59\/100\n|move|p1a: crap|Yawn|p2a: flower\n|-start|p2a: flower|move: Yawn|[of] p1a: crap\n|\n|upkeep\n|turn|18\n|\n|t:|1701146583\n|switch|p2a: Scarmorie|Corviknight, F, shiny|97\/100\n|-ability|p2a: Scarmorie|Pressure\n|move|p1a: crap|Wish|p1a: crap\n|\n|upkeep\n|turn|19\n|\n|t:|1701146596\n|move|p2a: Scarmorie|Body Press|p1a: crap\n|-supereffective|p1a: crap\n|-damage|p1a: crap|46\/100\n|move|p1a: crap|Throat Chop|p2a: Scarmorie\n|-damage|p2a: Scarmorie|62\/100\n|-start|p2a: Scarmorie|Throat Chop|[silent]\n|-damage|p1a: crap|30\/100|[from] item: Rocky Helmet|[of] p2a: Scarmorie\n|\n|-heal|p1a: crap|80\/100|[from] move: Wish|[wisher] crap\n|upkeep\n|turn|20\n|\n|t:|1701146609\n|move|p2a: Scarmorie|Body Press|p1a: crap\n|-supereffective|p1a: crap\n|-damage|p1a: crap|66\/100\n|move|p1a: crap|Wish|p1a: crap\n|\n|-end|p2a: Scarmorie|Throat Chop|[silent]\n|upkeep\n|turn|21\n|\n|t:|1701146616\n|move|p2a: Scarmorie|Roost|p2a: Scarmorie\n|-heal|p2a: Scarmorie|100\/100\n|-singleturn|p2a: Scarmorie|move: Roost\n|move|p1a: crap|Throat Chop|p2a: Scarmorie\n|-damage|p2a: Scarmorie|64\/100\n|-start|p2a: Scarmorie|Throat Chop|[silent]\n|-damage|p1a: crap|50\/100|[from] item: Rocky Helmet|[of] p2a: Scarmorie\n|\n|-heal|p1a: crap|99\/100|[from] move: Wish|[wisher] crap\n|upkeep\n|turn|22\n|\n|t:|1701146631\n|switch|p1a: not|Dragapult, F|100\/100\n|-damage|p1a: not|88\/100|[from] Stealth Rock\n|move|p2a: Scarmorie|Body Press|p1a: not\n|-immune|p1a: not\n|\n|-end|p2a: Scarmorie|Throat Chop|[silent]\n|upkeep\n|turn|23\n|\n|t:|1701146699\n|move|p1a: not|Will-O-Wisp|p2a: Scarmorie\n|-status|p2a: Scarmorie|brn\n|move|p2a: Scarmorie|U-turn|p1a: not\n|-resisted|p1a: not\n|-damage|p1a: not|84\/100\n|\n|t:|1701146714\n|switch|p2a: meow meow|Meowscarada, F|100\/100|[from] U-turn\n|\n|upkeep\n|turn|24\n|\n|t:|1701146729\n|switch|p1a: crap|Umbreon, F|99\/100\n|-damage|p1a: crap|88\/100|[from] Stealth Rock\n|switch|p2a: Scarmorie|Corviknight, F, shiny|64\/100 brn\n|-ability|p2a: Scarmorie|Pressure\n|\n|-damage|p2a: Scarmorie|58\/100 brn|[from] brn\n|upkeep\n|turn|25\n|\n|t:|1701146752\n|move|p2a: Scarmorie|U-turn|p1a: crap\n|-supereffective|p1a: crap\n|-damage|p1a: crap|76\/100\n|\n|t:|1701146792\n|switch|p2a: meow meow|Meowscarada, F|100\/100|[from] U-turn\n|move|p1a: crap|Wish|p1a: crap\n|\n|upkeep\n|turn|26\n|\n|t:|1701146827\n|move|p2a: meow meow|Play Rough|p1a: crap\n|-start|p2a: meow meow|typechange|Fairy|[from] ability: Protean\n|-supereffective|p1a: crap\n|-damage|p1a: crap|0 fnt\n|faint|p1a: crap\n|\n|upkeep\n|\n|t:|1701146835\n|switch|p1a: taking|Arcanine-Hisui, M|100\/100\n|-damage|p1a: taking|76\/100|[from] Stealth Rock\n|turn|27\n|l| divineblaze\n|j| divineblaze\n|\n|t:|1701146848\n|switch|p2a: Scarmorie|Corviknight, F, shiny|58\/100 brn\n|-ability|p2a: Scarmorie|Pressure\n|move|p1a: taking|Head Smash|p2a: Scarmorie\n|-damage|p2a: Scarmorie|0 fnt\n|-damage|p1a: taking|59\/100|[from] item: Rocky Helmet|[of] p2a: Scarmorie\n|faint|p2a: Scarmorie\n|\n|upkeep\n|\n|t:|1701146874\n|switch|p2a: meow meow|Meowscarada, F|100\/100\n|turn|28\n|\n|t:|1701146965\n|switch|p1a: am|Rillaboom, M|52\/100\n|-damage|p1a: am|40\/100|[from] Stealth Rock\n|-fieldstart|move: Grassy Terrain|[from] ability: Grassy Surge|[of] p1a: am\n|move|p2a: meow meow|Flower Trick|p1a: am\n|-start|p2a: meow meow|typechange|Grass|[from] ability: Protean\n|-resisted|p1a: am\n|-crit|p1a: am\n|-damage|p1a: am|0 fnt\n|faint|p1a: am\n|\n|upkeep\n|\n|t:|1701146974\n|switch|p1a: not|Dragapult, F|84\/100\n|-damage|p1a: not|71\/100|[from] Stealth Rock\n|turn|29\n|\n|t:|1701146986\n|switch|p2a: dino nugget|Groudon, shiny|50\/100 brn\n|-weather|SunnyDay|[from] ability: Drought|[of] p2a: dino nugget\n|move|p1a: not|Draco Meteor|p2a: dino nugget\n|-damage|p2a: dino nugget|7\/100 brn\n|-unboost|p1a: not|spa|2\n|\n|-weather|SunnyDay|[upkeep]\n|-heal|p1a: not|77\/100|[from] Grassy Terrain\n|-heal|p2a: dino nugget|13\/100 brn|[from] Grassy Terrain\n|-damage|p2a: dino nugget|7\/100 brn|[from] brn\n|upkeep\n|turn|30\n|\n|t:|1701147021\n|switch|p2a: I C U|Sandy Shocks|100\/100\n|-activate|p2a: I C U|ability: Protosynthesis\n|-start|p2a: I C U|protosynthesisspe\n|move|p1a: not|Hex|p2a: I C U\n|-damage|p2a: I C U|87\/100\n|\n|-weather|SunnyDay|[upkeep]\n|-heal|p2a: I C U|93\/100|[from] Grassy Terrain\n|-heal|p1a: not|84\/100|[from] Grassy Terrain\n|upkeep\n|turn|31\n|\n|t:|1701147043\n|switch|p1a: I|Palkia-Origin|97\/100\n|-damage|p1a: I|85\/100|[from] Stealth Rock\n|-ability|p1a: I|Pressure\n|-terastallize|p2a: I C U|Fairy\n|move|p2a: I C U|Tera Blast|p1a: I|[anim] Tera Blast Fairy\n|-supereffective|p1a: I\n|-damage|p1a: I|0 fnt\n|faint|p1a: I\n|\n|-weather|SunnyDay|[upkeep]\n|-heal|p2a: I C U|99\/100|[from] Grassy Terrain\n|upkeep\n|\n|t:|1701147056\n|switch|p1a: this|Quaquaval, F|100\/100\n|-damage|p1a: this|94\/100|[from] Stealth Rock\n|turn|32\n|\n|t:|1701147062\n|-terastallize|p1a: this|Fairy\n|move|p2a: I C U|Tera Blast|p1a: this|[anim] Tera Blast Fairy\n|-crit|p1a: this\n|-damage|p1a: this|0 fnt\n|faint|p1a: this\n|\n|-weather|SunnyDay|[upkeep]\n|-heal|p2a: I C U|100\/100|[from] Grassy Terrain\n|-fieldend|move: Grassy Terrain\n|upkeep\n|\n|t:|1701147071\n|switch|p1a: not|Dragapult, F|84\/100\n|-damage|p1a: not|71\/100|[from] Stealth Rock\n|turn|33\n|\n|t:|1701147078\n|move|p2a: I C U|Tera Blast|p1a: not|[anim] Tera Blast Fairy\n|-supereffective|p1a: not\n|-damage|p1a: not|0 fnt\n|faint|p1a: not\n|\n|-weather|none\n|-end|p2a: I C U|Protosynthesis\n|upkeep\n|\n|t:|1701147082\n|switch|p1a: taking|Arcanine-Hisui, M|59\/100\n|-damage|p1a: taking|34\/100|[from] Stealth Rock\n|turn|34\n|\n|t:|1701147085\n|move|p2a: I C U|Tera Blast|p1a: taking|[anim] Tera Blast Fairy\n|-resisted|p1a: taking\n|-damage|p1a: taking|0 fnt\n|faint|p1a: taking\n|\n|win|medi34\n|c|\u2606medi34|ggs\n|c|\u2606Boston Blisseys|gg\n|c| divineblaze|ggs!\n|l|\u2606Boston Blisseys\n","uploadtime":1701147095,"views":20,"p1id":"bostonblisseys","p2id":"medi34","formatid":"gen9nationaldexubers","rating":0,"private":0,"password":""}