{"id":"gen9nationaldexubers-1983396715","p1":"Cs_Saranghae","p2":"LeticiaWasntTaken","format":"[Gen 9] National Dex Ubers","log":"|j|\u2606Cs_Saranghae\n|j|\u2606LeticiaWasntTaken\n|t:|1699125754\n|gametype|singles\n|player|p1|Cs_Saranghae|unknown|1159\n|player|p2|LeticiaWasntTaken|dawn|1260\n|teamsize|p1|6\n|teamsize|p2|6\n|gen|9\n|tier|[Gen 9] National Dex Ubers\n|rated|\n|rule|HP Percentage Mod: HP is shown in percentages\n|rule|Endless Battle Clause: Forcing endless battles is banned\n|rule|OHKO Clause: OHKO moves are banned\n|rule|Evasion Moves Clause: Evasion moves are banned\n|rule|Evasion Items Clause: Evasion items are banned\n|rule|Species Clause: Limit one of each Pok\u00e9mon\n|rule|Sleep Clause Mod: Limit one foe put to sleep\n|rule|Mega Rayquaza Clause: You cannot mega evolve Rayquaza\n|clearpoke\n|poke|p1|Tapu Koko|\n|poke|p1|Zygarde|\n|poke|p1|Lugia|\n|poke|p1|Glimmora, F|\n|poke|p1|Iron Treads|\n|poke|p1|Kyurem-Black|\n|poke|p2|Groudon|\n|poke|p2|Decidueye, M|\n|poke|p2|Xerneas-*|\n|poke|p2|Reshiram|\n|poke|p2|Zacian-*|\n|poke|p2|Flygon, F|\n|teampreview\n|inactive|Battle timer is ON: inactive players will automatically lose when time's up. (requested by Cs_Saranghae)\n|\n|t:|1699125763\n|start\n|switch|p1a: WhyDoIExist?|Zygarde, shiny|100\/100\n|switch|p2a: Vital Fortress|Xerneas|100\/100\n|-ability|p2a: Vital Fortress|Fairy Aura\n|turn|1\n|c|\u2606LeticiaWasntTaken|Idk zygarde\n|\n|t:|1699125778\n|-terastallize|p1a: WhyDoIExist?|Normal\n|move|p2a: Vital Fortress|Geomancy||[still]\n|-prepare|p2a: Vital Fortress|Geomancy\n|-enditem|p2a: Vital Fortress|Power Herb\n|-anim|p2a: Vital Fortress|Geomancy|p2a: Vital Fortress\n|-boost|p2a: Vital Fortress|spa|2\n|-boost|p2a: Vital Fortress|spd|2\n|-boost|p2a: Vital Fortress|spe|2\n|move|p1a: WhyDoIExist?|Dragon Dance|p1a: WhyDoIExist?\n|-boost|p1a: WhyDoIExist?|atk|1\n|-boost|p1a: WhyDoIExist?|spe|1\n|\n|upkeep\n|turn|2\n|c|\u2606LeticiaWasntTaken|Still thinking\n|\n|t:|1699125793\n|move|p1a: WhyDoIExist?|Extreme Speed|p2a: Vital Fortress\n|-damage|p2a: Vital Fortress|49\/100\n|move|p2a: Vital Fortress|Moonblast|p1a: WhyDoIExist?\n|-crit|p1a: WhyDoIExist?\n|-damage|p1a: WhyDoIExist?|0 fnt\n|faint|p1a: WhyDoIExist?\n|\n|upkeep\n|c|\u2606Cs_Saranghae|You ended his suffering\n|inactive|Cs_Saranghae has 120 seconds left.\n|\n|t:|1699125817\n|switch|p1a: It's just a phase|Lugia, shiny|100\/100\n|turn|3\n|c|\u2606LeticiaWasntTaken|:)\n|\n|t:|1699125827\n|move|p2a: Vital Fortress|Thunderbolt|p1a: It's just a phase\n|-supereffective|p1a: It's just a phase\n|-damage|p1a: It's just a phase|68\/100\n|move|p1a: It's just a phase|Psycho Boost|p2a: Vital Fortress\n|-damage|p2a: Vital Fortress|30\/100\n|-unboost|p1a: It's just a phase|spa|2\n|\n|upkeep\n|turn|4\n|c|\u2606LeticiaWasntTaken|PIIII KA CHUUUU\n|inactive|Cs_Saranghae has 120 seconds left.\n|\n|t:|1699125846\n|switch|p1a: EarthScream|Iron Treads|100\/100\n|move|p2a: Vital Fortress|Thunderbolt|p1a: EarthScream\n|-immune|p1a: EarthScream\n|\n|upkeep\n|turn|5\n|inactive|Cs_Saranghae has 120 seconds left.\n|\n|t:|1699125859\n|move|p2a: Vital Fortress|Focus Blast|p1a: EarthScream|[miss]\n|-miss|p2a: Vital Fortress|p1a: EarthScream\n|move|p1a: EarthScream|Rapid Spin|p2a: Vital Fortress\n|-damage|p2a: Vital Fortress|14\/100\n|-boost|p1a: EarthScream|spe|1\n|\n|upkeep\n|turn|6\n|\n|t:|1699125869\n|move|p2a: Vital Fortress|Focus Blast|p1a: EarthScream\n|-supereffective|p1a: EarthScream\n|-damage|p1a: EarthScream|0 fnt\n|faint|p1a: EarthScream\n|-end|p1a: EarthScream|Quark Drive|[silent]\n|\n|upkeep\n|inactive|Cs_Saranghae has 120 seconds left.\n|c|\u2606Cs_Saranghae|Have mercy Vital fortress\n|\n|t:|1699125895\n|switch|p1a: Tapu Koko|Tapu Koko|100\/100\n|-fieldstart|move: Electric Terrain|[from] ability: Electric Surge|[of] p1a: Tapu Koko\n|turn|7\n|c|\u2606LeticiaWasntTaken|They dont have mercu\n|c|\u2606LeticiaWasntTaken|Mercy*\n|\n|t:|1699125922\n|move|p2a: Vital Fortress|Moonblast|p1a: Tapu Koko\n|-damage|p1a: Tapu Koko|0 fnt\n|faint|p1a: Tapu Koko\n|\n|upkeep\n|c|\u2606Cs_Saranghae|Sads\n|\n|t:|1699125935\n|switch|p1a: He'sStandingThere!|Glimmora, F|100\/100\n|turn|8\n|c|\u2606Cs_Saranghae|Oh well\n|c|\u2606Cs_Saranghae|Booms\n|\n|t:|1699125956\n|move|p2a: Vital Fortress|Moonblast|p1a: He'sStandingThere!\n|-resisted|p1a: He'sStandingThere!\n|-damage|p1a: He'sStandingThere!|33\/100\n|move|p1a: He'sStandingThere!|Explosion|p2a: Vital Fortress\n|-damage|p2a: Vital Fortress|0 fnt\n|faint|p1a: He'sStandingThere!\n|faint|p2a: Vital Fortress\n|\n|upkeep\n|c|\u2606LeticiaWasntTaken|Do u know pokemon tcg\n|c|\u2606Cs_Saranghae|Yeh\n|inactive|Cs_Saranghae has 90 seconds left.\n|\n|t:|1699125971\n|switch|p2a: Sword and Shield|Zacian-Crowned|100\/100\n|switch|p1a: It's just a phase|Lugia, shiny|68\/100\n|-ability|p2a: Sword and Shield|Intrepid Sword|boost\n|-boost|p2a: Sword and Shield|atk|1\n|turn|9\n|c|\u2606LeticiaWasntTaken|I got inspired on it for this team\n|\n|t:|1699125984\n|move|p2a: Sword and Shield|Wild Charge|p1a: It's just a phase\n|-supereffective|p1a: It's just a phase\n|-crit|p1a: It's just a phase\n|-damage|p1a: It's just a phase|0 fnt\n|faint|p1a: It's just a phase\n|-damage|p2a: Sword and Shield|79\/100|[from] Recoil\n|\n|upkeep\n|\n|t:|1699125988\n|switch|p1a: Don't DoIt|Kyurem-Black|100\/100\n|-ability|p1a: Don't DoIt|Teravolt\n|turn|10\n|\n|t:|1699125993\n|move|p2a: Sword and Shield|Play Rough|p1a: Don't DoIt\n|-supereffective|p1a: Don't DoIt\n|-damage|p1a: Don't DoIt|0 fnt\n|faint|p1a: Don't DoIt\n|\n|win|LeticiaWasntTaken\n|raw|Cs_Saranghae's rating: 1159 &rarr; <strong>1141<\/strong><br \/>(-18 for losing)\n|raw|LeticiaWasntTaken's rating: 1260 &rarr; <strong>1278<\/strong><br \/>(+18 for winning)\n","uploadtime":1699125834,"views":5,"p1id":"cssaranghae","p2id":"leticiawasnttaken","formatid":"gen9nationaldexubers","rating":1141,"private":0,"password":""}