{"id":"gen9nationaldexubers-1996890316","p1":"Matthias95","p2":"Magalgamate","format":"[Gen 9] National Dex Ubers","log":"|j|\u2606Matthias95\n|j|\u2606Magalgamate\n|t:|1700740934\n|gametype|singles\n|player|p1|Matthias95|lucas-gen4pt|\n|player|p2|Magalgamate|265|\n|teamsize|p1|6\n|teamsize|p2|6\n|gen|9\n|tier|[Gen 9] National Dex Ubers\n|rule|HP Percentage Mod: HP is shown in percentages\n|rule|Endless Battle Clause: Forcing endless battles is banned\n|rule|OHKO Clause: OHKO moves are banned\n|rule|Evasion Moves Clause: Evasion moves are banned\n|rule|Evasion Items Clause: Evasion items are banned\n|rule|Species Clause: Limit one of each Pok\u00e9mon\n|rule|Sleep Clause Mod: Limit one foe put to sleep\n|rule|Mega Rayquaza Clause: You cannot mega evolve Rayquaza\n|clearpoke\n|poke|p1|Palafin, M|\n|poke|p1|Clodsire, F|\n|poke|p1|Regieleki|\n|poke|p1|Zapdos|\n|poke|p1|Roaring Moon|\n|poke|p1|Iron Bundle|\n|poke|p2|Eternatus|\n|poke|p2|Zacian-*|\n|poke|p2|Chien-Pao|\n|poke|p2|Walking Wake|\n|poke|p2|Urshifu-*, F|\n|poke|p2|Dragapult, M|\n|teampreview\n|\n|t:|1700740940\n|start\n|switch|p1a: Regieleki|Regieleki|100\/100\n|switch|p2a: Chien-Pao|Chien-Pao|100\/100\n|-ability|p2a: Chien-Pao|Sword of Ruin\n|turn|1\n|\n|t:|1700740947\n|-zpower|p1a: Regieleki\n|move|p1a: Regieleki|Gigavolt Havoc|p2a: Chien-Pao|[zeffect]\n|-damage|p2a: Chien-Pao|0 fnt\n|faint|p2a: Chien-Pao\n|\n|upkeep\n|\n|t:|1700740960\n|switch|p2a: Urshifu|Urshifu, F|100\/100\n|turn|2\n|\n|t:|1700740964\n|move|p1a: Regieleki|Thunderbolt|p2a: Urshifu\n|-damage|p2a: Urshifu|35\/100\n|move|p2a: Urshifu|Wicked Blow|p1a: Regieleki\n|-crit|p1a: Regieleki\n|-damage|p1a: Regieleki|0 fnt\n|faint|p1a: Regieleki\n|\n|upkeep\n|\n|t:|1700740972\n|switch|p1a: Zapdos|Zapdos|100\/100\n|turn|3\n|\n|t:|1700740976\n|move|p2a: Urshifu|Wicked Blow|p1a: Zapdos\n|-crit|p1a: Zapdos\n|-damage|p1a: Zapdos|41\/100\n|move|p1a: Zapdos|Discharge|p2a: Urshifu\n|-crit|p2a: Urshifu\n|-damage|p2a: Urshifu|0 fnt\n|faint|p2a: Urshifu\n|\n|upkeep\n|\n|t:|1700740982\n|switch|p2a: Dragapult|Dragapult, M|100\/100\n|turn|4\n|\n|t:|1700740986\n|switch|p1a: Roaring Moon|Roaring Moon|100\/100\n|move|p2a: Dragapult|Dragon Dance|p2a: Dragapult\n|-boost|p2a: Dragapult|atk|1\n|-boost|p2a: Dragapult|spe|1\n|\n|upkeep\n|turn|5\n|\n|t:|1700740999\n|-terastallize|p1a: Roaring Moon|Dragon\n|move|p2a: Dragapult|Dragon Darts|p1a: Roaring Moon\n|-supereffective|p1a: Roaring Moon\n|-damage|p1a: Roaring Moon|0 fnt\n|faint|p1a: Roaring Moon\n|-end|p1a: Roaring Moon|Protosynthesis|[silent]\n|\n|upkeep\n|\n|t:|1700741004\n|switch|p1a: Iron Bundle|Iron Bundle|100\/100\n|turn|6\n|\n|t:|1700741009\n|move|p2a: Dragapult|Dragon Darts|p1a: Iron Bundle\n|-damage|p1a: Iron Bundle|59\/100\n|-anim|p2a: Dragapult|Dragon Darts|p1a: Iron Bundle\n|-damage|p1a: Iron Bundle|19\/100\n|move|p1a: Iron Bundle|Freeze-Dry|p2a: Dragapult\n|-supereffective|p2a: Dragapult\n|-damage|p2a: Dragapult|17\/100\n|\n|upkeep\n|turn|7\n|\n|t:|1700741017\n|move|p2a: Dragapult|Sucker Punch||[still]\n|-fail|p2a: Dragapult\n|move|p1a: Iron Bundle|Rest|p1a: Iron Bundle\n|-status|p1a: Iron Bundle|slp|[from] move: Rest\n|-heal|p1a: Iron Bundle|100\/100 slp|[silent]\n|\n|upkeep\n|turn|8\n|\n|t:|1700741023\n|move|p2a: Dragapult|Phantom Force||[still]\n|-prepare|p2a: Dragapult|Phantom Force\n|cant|p1a: Iron Bundle|slp\n|move|p1a: Iron Bundle|Sleep Talk|p1a: Iron Bundle\n|move|p1a: Iron Bundle|Substitute|p1a: Iron Bundle|[from]move: Sleep Talk\n|-start|p1a: Iron Bundle|Substitute\n|-damage|p1a: Iron Bundle|75\/100 slp\n|\n|upkeep\n|turn|9\n|\n|t:|1700741032\n|move|p2a: Dragapult|Phantom Force|p1a: Iron Bundle|[from]lockedmove\n|-damage|p1a: Iron Bundle|2\/100 slp\n|cant|p1a: Iron Bundle|slp\n|\n|upkeep\n|turn|10\n|\n|t:|1700741037\n|move|p2a: Dragapult|Phantom Force||[still]\n|-prepare|p2a: Dragapult|Phantom Force\n|-curestatus|p1a: Iron Bundle|slp|[msg]\n|move|p1a: Iron Bundle|Rest|p1a: Iron Bundle\n|-status|p1a: Iron Bundle|slp|[from] move: Rest\n|-heal|p1a: Iron Bundle|100\/100 slp|[silent]\n|\n|upkeep\n|turn|11\n|\n|t:|1700741044\n|move|p2a: Dragapult|Phantom Force|p1a: Iron Bundle|[from]lockedmove\n|-damage|p1a: Iron Bundle|30\/100 slp\n|cant|p1a: Iron Bundle|slp\n|\n|upkeep\n|turn|12\n|\n|t:|1700741050\n|move|p2a: Dragapult|Dragon Dance|p2a: Dragapult\n|-boost|p2a: Dragapult|atk|1\n|-boost|p2a: Dragapult|spe|1\n|cant|p1a: Iron Bundle|slp\n|\n|upkeep\n|turn|13\n|\n|t:|1700741055\n|move|p2a: Dragapult|Phantom Force||[still]\n|-prepare|p2a: Dragapult|Phantom Force\n|-curestatus|p1a: Iron Bundle|slp|[msg]\n|move|p1a: Iron Bundle|Freeze-Dry|p2a: Dragapult|[miss]\n|-miss|p1a: Iron Bundle|p2a: Dragapult\n|\n|upkeep\n|turn|14\n|\n|t:|1700741062\n|-end|p1a: Iron Bundle|Quark Drive|[silent]\n|switch|p1a: Clodsire|Clodsire, F|100\/100\n|move|p2a: Dragapult|Phantom Force|p1a: Clodsire|[from]lockedmove\n|-damage|p1a: Clodsire|52\/100\n|\n|-heal|p1a: Clodsire|58\/100|[from] item: Leftovers\n|upkeep\n|turn|15\n|\n|t:|1700741070\n|move|p2a: Dragapult|Dragon Darts|p1a: Clodsire\n|-damage|p1a: Clodsire|28\/100\n|-anim|p2a: Dragapult|Dragon Darts|p1a: Clodsire\n|-damage|p1a: Clodsire|0 fnt\n|faint|p1a: Clodsire\n|\n|upkeep\n|\n|t:|1700741076\n|switch|p1a: Iron Bundle|Iron Bundle|30\/100\n|turn|16\n|\n|t:|1700741079\n|move|p2a: Dragapult|Phantom Force||[still]\n|-prepare|p2a: Dragapult|Phantom Force\n|move|p1a: Iron Bundle|Freeze-Dry|p2a: Dragapult|[miss]\n|-miss|p1a: Iron Bundle|p2a: Dragapult\n|\n|upkeep\n|turn|17\n|\n|t:|1700741084\n|-end|p1a: Iron Bundle|Quark Drive|[silent]\n|switch|p1a: Zapdos|Zapdos|41\/100\n|move|p2a: Dragapult|Phantom Force|p1a: Zapdos|[from]lockedmove\n|-damage|p1a: Zapdos|0 fnt\n|-status|p2a: Dragapult|par|[from] ability: Static|[of] p1a: Zapdos\n|faint|p1a: Zapdos\n|\n|upkeep\n|\n|t:|1700741092\n|switch|p1a: Iron Bundle|Iron Bundle|30\/100\n|turn|18\n|\n|t:|1700741095\n|move|p2a: Dragapult|Dragon Darts|p1a: Iron Bundle\n|-damage|p1a: Iron Bundle|0 fnt\n|faint|p1a: Iron Bundle\n|-end|p1a: Iron Bundle|Quark Drive|[silent]\n|\n|upkeep\n|-message|Matthias95 forfeited.\n|\n|win|Magalgamate\n|l|\u2606Matthias95\n","uploadtime":1700741108,"views":2,"p1id":"matthias95","p2id":"magalgamate","formatid":"gen9nationaldexubers","rating":0,"private":0,"password":""}