{"id":"gen9nationaldexubers-1995637455","p1":"JustMonika_CARR","p2":"Masked Fish","format":"[Gen 9] National Dex Ubers","log":"|j|\u2606JustMonika_CARR\n|j|\u2606Masked Fish\n|t:|1700589663\n|gametype|singles\n|player|p1|JustMonika_CARR|rosa|1338\n|player|p2|Masked Fish|n|1207\n|teamsize|p1|6\n|teamsize|p2|6\n|gen|9\n|tier|[Gen 9] National Dex Ubers\n|rated|\n|rule|HP Percentage Mod: HP is shown in percentages\n|rule|Endless Battle Clause: Forcing endless battles is banned\n|rule|OHKO Clause: OHKO moves are banned\n|rule|Evasion Moves Clause: Evasion moves are banned\n|rule|Evasion Items Clause: Evasion items are banned\n|rule|Species Clause: Limit one of each Pok\u00e9mon\n|rule|Sleep Clause Mod: Limit one foe put to sleep\n|rule|Mega Rayquaza Clause: You cannot mega evolve Rayquaza\n|clearpoke\n|poke|p1|Shuckle, F|\n|poke|p1|Deoxys-Speed|\n|poke|p1|Arceus|\n|poke|p1|Forretress, M|\n|poke|p1|Magearna|\n|poke|p1|Pyukumuku, F|\n|poke|p2|Kingambit, M|\n|poke|p2|Ursaluna-Bloodmoon, M|\n|poke|p2|Urshifu-*, M|\n|poke|p2|Greninja-*, M|\n|poke|p2|Blastoise, F|\n|poke|p2|Spidops, M|\n|teampreview\n|c|\u2606JustMonika_CARR|Glhf\n|\n|t:|1700589673\n|start\n|switch|p1a: Forretress|Forretress, M, shiny|100\/100\n|switch|p2a: Blastoise|Blastoise, F|100\/100\n|turn|1\n|c|\u2606Masked Fish|u2\n|\n|t:|1700589683\n|detailschange|p2a: Blastoise|Blastoise-Mega, F\n|-mega|p2a: Blastoise|Blastoise|Blastoisinite\n|move|p2a: Blastoise|Shell Smash|p2a: Blastoise\n|-unboost|p2a: Blastoise|def|1\n|-unboost|p2a: Blastoise|spd|1\n|-boost|p2a: Blastoise|atk|2\n|-boost|p2a: Blastoise|spa|2\n|-boost|p2a: Blastoise|spe|2\n|move|p1a: Forretress|Toxic Spikes|p2a: Blastoise\n|-sidestart|p2: Masked Fish|move: Toxic Spikes\n|\n|upkeep\n|turn|2\n|\n|t:|1700589698\n|move|p2a: Blastoise|Shell Smash|p2a: Blastoise\n|-unboost|p2a: Blastoise|def|1\n|-unboost|p2a: Blastoise|spd|1\n|-boost|p2a: Blastoise|atk|2\n|-boost|p2a: Blastoise|spa|2\n|-boost|p2a: Blastoise|spe|2\n|move|p1a: Forretress|Toxic Spikes|p2a: Blastoise\n|-sidestart|p2: Masked Fish|move: Toxic Spikes\n|\n|upkeep\n|turn|3\n|\n|t:|1700589705\n|move|p2a: Blastoise|Water Pulse|p1a: Forretress\n|-ability|p1a: Forretress|Sturdy\n|-damage|p1a: Forretress|1\/100\n|-start|p1a: Forretress|confusion\n|-enditem|p1a: Forretress|Red Card|[of] p2a: Blastoise\n|drag|p2a: Spidops|Spidops, M|100\/100\n|-status|p2a: Spidops|tox\n|-activate|p1a: Forretress|confusion\n|-damage|p1a: Forretress|0 fnt|[from] confusion\n|faint|p1a: Forretress\n|\n|-damage|p2a: Spidops|94\/100 tox|[from] psn\n|upkeep\n|\n|t:|1700589718\n|switch|p1a: Deoxys|Deoxys-Speed, shiny|100\/100\n|-ability|p1a: Deoxys|Pressure\n|turn|4\n|\n|t:|1700589728\n|move|p2a: Spidops|First Impression|p1a: Deoxys\n|-supereffective|p1a: Deoxys\n|-damage|p1a: Deoxys|38\/100\n|move|p1a: Deoxys|Reflect|p1a: Deoxys\n|-sidestart|p1: JustMonika_CARR|Reflect\n|\n|-damage|p2a: Spidops|82\/100 tox|[from] psn\n|upkeep\n|turn|5\n|\n|t:|1700589734\n|move|p1a: Deoxys|Light Screen|p1a: Deoxys\n|-sidestart|p1: JustMonika_CARR|move: Light Screen\n|move|p2a: Spidops|Sticky Web|p1a: Deoxys\n|-sidestart|p1: JustMonika_CARR|move: Sticky Web\n|\n|-damage|p2a: Spidops|63\/100 tox|[from] psn\n|upkeep\n|turn|6\n|\n|t:|1700589738\n|move|p1a: Deoxys|Mud-Slap|p2a: Spidops\n|-resisted|p2a: Spidops\n|-damage|p2a: Spidops|61\/100 tox\n|-unboost|p2a: Spidops|accuracy|1\n|move|p2a: Spidops|Leech Life|p1a: Deoxys\n|-supereffective|p1a: Deoxys\n|-damage|p1a: Deoxys|10\/100\n|-heal|p2a: Spidops|71\/100 tox|[from] drain|[of] p1a: Deoxys\n|\n|-damage|p2a: Spidops|46\/100 tox|[from] psn\n|upkeep\n|turn|7\n|\n|t:|1700589745\n|move|p1a: Deoxys|Mud-Slap|p2a: Spidops\n|-resisted|p2a: Spidops\n|-damage|p2a: Spidops|44\/100 tox\n|-unboost|p2a: Spidops|accuracy|1\n|move|p2a: Spidops|Leech Life|p1a: Deoxys\n|-supereffective|p1a: Deoxys\n|-crit|p1a: Deoxys\n|-damage|p1a: Deoxys|0 fnt\n|-heal|p2a: Spidops|48\/100 tox|[from] drain|[of] p1a: Deoxys\n|faint|p1a: Deoxys\n|\n|-damage|p2a: Spidops|17\/100 tox|[from] psn\n|upkeep\n|\n|t:|1700589758\n|switch|p1a: Arceus|Arceus|100\/100\n|-activate|p1a: Arceus|move: Sticky Web\n|-unboost|p1a: Arceus|spe|1\n|turn|8\n|\n|t:|1700589770\n|move|p1a: Arceus|Cosmic Power|p1a: Arceus\n|-boost|p1a: Arceus|def|1\n|-boost|p1a: Arceus|spd|1\n|move|p2a: Spidops|Leech Life|p1a: Arceus\n|-damage|p1a: Arceus|96\/100\n|-heal|p2a: Spidops|20\/100 tox|[from] drain|[of] p1a: Arceus\n|\n|-damage|p2a: Spidops|0 fnt|[from] psn\n|faint|p2a: Spidops\n|upkeep\n|\n|t:|1700589788\n|switch|p2a: Urshifu|Urshifu, M|100\/100\n|-status|p2a: Urshifu|tox\n|turn|9\n|\n|t:|1700589798\n|move|p2a: Urshifu|Swords Dance|p2a: Urshifu\n|-boost|p2a: Urshifu|atk|2\n|move|p1a: Arceus|Charge Beam|p2a: Urshifu\n|-damage|p2a: Urshifu|81\/100 tox\n|-boost|p1a: Arceus|spa|1\n|\n|-damage|p2a: Urshifu|75\/100 tox|[from] psn\n|upkeep\n|turn|10\n|\n|t:|1700589803\n|-terastallize|p2a: Urshifu|Fighting\n|move|p2a: Urshifu|Drain Punch|p1a: Arceus\n|-supereffective|p1a: Arceus\n|-damage|p1a: Arceus|59\/100\n|-heal|p2a: Urshifu|99\/100 tox|[from] drain|[of] p1a: Arceus\n|move|p1a: Arceus|Charge Beam|p2a: Urshifu\n|-damage|p2a: Urshifu|67\/100 tox\n|-boost|p1a: Arceus|spa|1\n|\n|-damage|p2a: Urshifu|55\/100 tox|[from] psn\n|upkeep\n|turn|11\n|\n|t:|1700589816\n|move|p2a: Urshifu|Drain Punch|p1a: Arceus\n|-supereffective|p1a: Arceus\n|-damage|p1a: Arceus|22\/100\n|-heal|p2a: Urshifu|79\/100 tox|[from] drain|[of] p1a: Arceus\n|move|p1a: Arceus|Rest|p1a: Arceus\n|-status|p1a: Arceus|slp|[from] move: Rest\n|-heal|p1a: Arceus|100\/100 slp|[silent]\n|-enditem|p1a: Arceus|Chesto Berry|[eat]\n|-curestatus|p1a: Arceus|slp|[msg]\n|\n|-damage|p2a: Urshifu|60\/100 tox|[from] psn\n|-sideend|p1: JustMonika_CARR|Reflect\n|upkeep\n|turn|12\n|\n|t:|1700589822\n|move|p2a: Urshifu|Drain Punch|p1a: Arceus\n|-supereffective|p1a: Arceus\n|-damage|p1a: Arceus|17\/100\n|-heal|p2a: Urshifu|100\/100 tox|[from] drain|[of] p1a: Arceus\n|move|p1a: Arceus|Stored Power|p2a: Urshifu\n|-supereffective|p2a: Urshifu\n|-enditem|p2a: Urshifu|Focus Sash\n|-damage|p2a: Urshifu|1\/100 tox\n|\n|-damage|p2a: Urshifu|0 fnt|[from] psn\n|faint|p2a: Urshifu\n|-sideend|p1: JustMonika_CARR|move: Light Screen\n|upkeep\n|\n|t:|1700589836\n|switch|p2a: Greninja|Greninja, M|100\/100\n|-status|p2a: Greninja|tox\n|turn|13\n|\n|t:|1700589841\n|-zpower|p2a: Greninja\n|move|p2a: Greninja|Hydro Vortex|p1a: Arceus|[zeffect]\n|-damage|p1a: Arceus|0 fnt\n|faint|p1a: Arceus\n|-ability|p2a: Greninja|Battle Bond|boost\n|-boost|p2a: Greninja|atk|1\n|-boost|p2a: Greninja|spa|1\n|-boost|p2a: Greninja|spe|1\n|-activate|p2a: Greninja|ability: Battle Bond\n|\n|-damage|p2a: Greninja|95\/100 tox|[from] psn\n|upkeep\n|\n|t:|1700589849\n|switch|p1a: Pyukumuku|Pyukumuku, F, shiny|100\/100\n|-activate|p1a: Pyukumuku|move: Sticky Web\n|-unboost|p1a: Pyukumuku|spe|1\n|turn|14\n|\n|t:|1700589855\n|move|p2a: Greninja|Dark Pulse|p1a: Pyukumuku\n|-damage|p1a: Pyukumuku|73\/100\n|move|p1a: Pyukumuku|Soak|p2a: Greninja\n|-start|p2a: Greninja|typechange|Water\n|\n|-heal|p1a: Pyukumuku|79\/100|[from] item: Leftovers\n|-damage|p2a: Greninja|83\/100 tox|[from] psn\n|upkeep\n|turn|15\n|\n|t:|1700589861\n|move|p2a: Greninja|Dark Pulse|p1a: Pyukumuku\n|-damage|p1a: Pyukumuku|61\/100\n|cant|p1a: Pyukumuku|flinch\n|\n|-heal|p1a: Pyukumuku|67\/100|[from] item: Leftovers\n|-damage|p2a: Greninja|65\/100 tox|[from] psn\n|upkeep\n|turn|16\n|\n|t:|1700589867\n|move|p2a: Greninja|Dark Pulse|p1a: Pyukumuku\n|-damage|p1a: Pyukumuku|46\/100\n|cant|p1a: Pyukumuku|flinch\n|\n|-heal|p1a: Pyukumuku|52\/100|[from] item: Leftovers\n|-damage|p2a: Greninja|41\/100 tox|[from] psn\n|upkeep\n|turn|17\n|\n|t:|1700589872\n|move|p2a: Greninja|Dark Pulse|p1a: Pyukumuku\n|-damage|p1a: Pyukumuku|32\/100\n|move|p1a: Pyukumuku|Recover|p1a: Pyukumuku\n|-heal|p1a: Pyukumuku|82\/100\n|\n|-heal|p1a: Pyukumuku|88\/100|[from] item: Leftovers\n|-damage|p2a: Greninja|11\/100 tox|[from] psn\n|upkeep\n|turn|18\n|\n|t:|1700589879\n|move|p2a: Greninja|Dark Pulse|p1a: Pyukumuku\n|-damage|p1a: Pyukumuku|69\/100\n|move|p1a: Pyukumuku|Recover|p1a: Pyukumuku\n|-heal|p1a: Pyukumuku|100\/100\n|\n|-damage|p2a: Greninja|0 fnt|[from] psn\n|faint|p2a: Greninja\n|upkeep\n|\n|t:|1700589882\n|switch|p2a: Blastoise|Blastoise-Mega, F|100\/100\n|-status|p2a: Blastoise|tox\n|turn|19\n|\n|t:|1700589891\n|move|p2a: Blastoise|Rapid Spin|p1a: Pyukumuku\n|-damage|p1a: Pyukumuku|92\/100\n|-boost|p2a: Blastoise|spe|1\n|-sideend|p2: Masked Fish|Toxic Spikes|[from] move: Rapid Spin|[of] p2a: Blastoise\n|move|p1a: Pyukumuku|Gastro Acid|p2a: Blastoise\n|-endability|p2a: Blastoise\n|\n|-heal|p1a: Pyukumuku|98\/100|[from] item: Leftovers\n|-damage|p2a: Blastoise|94\/100 tox|[from] psn\n|upkeep\n|turn|20\n|\n|t:|1700589908\n|move|p2a: Blastoise|Shell Smash|p2a: Blastoise\n|-unboost|p2a: Blastoise|def|1\n|-unboost|p2a: Blastoise|spd|1\n|-boost|p2a: Blastoise|atk|2\n|-boost|p2a: Blastoise|spa|2\n|-boost|p2a: Blastoise|spe|2\n|move|p1a: Pyukumuku|Soak|p2a: Blastoise\n|-fail|p2a: Blastoise\n|\n|-heal|p1a: Pyukumuku|100\/100|[from] item: Leftovers\n|-damage|p2a: Blastoise|82\/100 tox|[from] psn\n|upkeep\n|turn|21\n|\n|t:|1700589912\n|move|p2a: Blastoise|Dark Pulse|p1a: Pyukumuku\n|-damage|p1a: Pyukumuku|80\/100\n|move|p1a: Pyukumuku|Soak|p2a: Blastoise\n|-fail|p2a: Blastoise\n|\n|-heal|p1a: Pyukumuku|86\/100|[from] item: Leftovers\n|-damage|p2a: Blastoise|64\/100 tox|[from] psn\n|upkeep\n|turn|22\n|\n|t:|1700589919\n|move|p2a: Blastoise|Shell Smash|p2a: Blastoise\n|-unboost|p2a: Blastoise|def|1\n|-unboost|p2a: Blastoise|spd|1\n|-boost|p2a: Blastoise|atk|2\n|-boost|p2a: Blastoise|spa|2\n|-boost|p2a: Blastoise|spe|2\n|move|p1a: Pyukumuku|Soak|p2a: Blastoise\n|-fail|p2a: Blastoise\n|\n|-heal|p1a: Pyukumuku|92\/100|[from] item: Leftovers\n|-damage|p2a: Blastoise|40\/100 tox|[from] psn\n|upkeep\n|turn|23\n|\n|t:|1700589924\n|move|p2a: Blastoise|Dark Pulse|p1a: Pyukumuku\n|-damage|p1a: Pyukumuku|71\/100\n|cant|p1a: Pyukumuku|flinch\n|\n|-heal|p1a: Pyukumuku|77\/100|[from] item: Leftovers\n|-damage|p2a: Blastoise|10\/100 tox|[from] psn\n|upkeep\n|turn|24\n|\n|t:|1700589930\n|move|p2a: Blastoise|Dark Pulse|p1a: Pyukumuku\n|-damage|p1a: Pyukumuku|53\/100\n|move|p1a: Pyukumuku|Recover|p1a: Pyukumuku\n|-heal|p1a: Pyukumuku|100\/100\n|\n|-damage|p2a: Blastoise|0 fnt|[from] psn\n|faint|p2a: Blastoise\n|upkeep\n|\n|t:|1700589937\n|switch|p2a: Ursaluna|Ursaluna-Bloodmoon, M|100\/100\n|turn|25\n|\n|t:|1700589946\n|move|p2a: Ursaluna|Blood Moon|p1a: Pyukumuku\n|-damage|p1a: Pyukumuku|43\/100\n|move|p1a: Pyukumuku|Soak|p2a: Ursaluna\n|-start|p2a: Ursaluna|typechange|Water\n|\n|-heal|p1a: Pyukumuku|49\/100|[from] item: Leftovers\n|upkeep\n|turn|26\n|\n|t:|1700589953\n|move|p2a: Ursaluna|Trailblaze|p1a: Pyukumuku\n|-supereffective|p1a: Pyukumuku\n|-damage|p1a: Pyukumuku|38\/100\n|-boost|p2a: Ursaluna|spe|1\n|move|p1a: Pyukumuku|Recover|p1a: Pyukumuku\n|-heal|p1a: Pyukumuku|88\/100\n|\n|-heal|p1a: Pyukumuku|94\/100|[from] item: Leftovers\n|upkeep\n|turn|27\n|\n|t:|1700589961\n|move|p2a: Ursaluna|Blood Moon|p1a: Pyukumuku\n|-damage|p1a: Pyukumuku|53\/100\n|move|p1a: Pyukumuku|Gastro Acid|p2a: Ursaluna\n|-endability|p2a: Ursaluna\n|\n|-heal|p1a: Pyukumuku|59\/100|[from] item: Leftovers\n|upkeep\n|turn|28\n|\n|t:|1700589976\n|move|p2a: Ursaluna|Trailblaze|p1a: Pyukumuku\n|-supereffective|p1a: Pyukumuku\n|-damage|p1a: Pyukumuku|48\/100\n|-boost|p2a: Ursaluna|spe|1\n|move|p1a: Pyukumuku|Recover|p1a: Pyukumuku\n|-heal|p1a: Pyukumuku|98\/100\n|\n|-heal|p1a: Pyukumuku|100\/100|[from] item: Leftovers\n|upkeep\n|turn|29\n|\n|t:|1700589982\n|move|p2a: Ursaluna|Blood Moon|p1a: Pyukumuku\n|-damage|p1a: Pyukumuku|60\/100\n|move|p1a: Pyukumuku|Toxic|p2a: Ursaluna\n|-status|p2a: Ursaluna|tox\n|\n|-heal|p1a: Pyukumuku|66\/100|[from] item: Leftovers\n|-damage|p2a: Ursaluna|94\/100 tox|[from] psn\n|upkeep\n|turn|30\n|\n|t:|1700589991\n|move|p2a: Ursaluna|Trailblaze|p1a: Pyukumuku\n|-supereffective|p1a: Pyukumuku\n|-damage|p1a: Pyukumuku|55\/100\n|-boost|p2a: Ursaluna|spe|1\n|move|p1a: Pyukumuku|Recover|p1a: Pyukumuku\n|-heal|p1a: Pyukumuku|100\/100\n|\n|-heal|p2a: Ursaluna|100\/100 tox|[from] item: Leftovers\n|-damage|p2a: Ursaluna|88\/100 tox|[from] psn\n|upkeep\n|turn|31\n|\n|t:|1700590003\n|move|p2a: Ursaluna|Blood Moon|p1a: Pyukumuku\n|-damage|p1a: Pyukumuku|59\/100\n|move|p1a: Pyukumuku|Soak|p2a: Ursaluna\n|-fail|p2a: Ursaluna\n|\n|-heal|p2a: Ursaluna|94\/100 tox|[from] item: Leftovers\n|-heal|p1a: Pyukumuku|65\/100|[from] item: Leftovers\n|-damage|p2a: Ursaluna|75\/100 tox|[from] psn\n|upkeep\n|turn|32\n|\n|t:|1700590012\n|move|p2a: Ursaluna|Headlong Rush|p1a: Pyukumuku\n|-damage|p1a: Pyukumuku|51\/100\n|-unboost|p2a: Ursaluna|def|1\n|-unboost|p2a: Ursaluna|spd|1\n|move|p1a: Pyukumuku|Recover|p1a: Pyukumuku\n|-heal|p1a: Pyukumuku|100\/100\n|\n|-heal|p2a: Ursaluna|82\/100 tox|[from] item: Leftovers\n|-damage|p2a: Ursaluna|57\/100 tox|[from] psn\n|upkeep\n|turn|33\n|\n|t:|1700590024\n|move|p2a: Ursaluna|Blood Moon|p1a: Pyukumuku\n|-damage|p1a: Pyukumuku|61\/100\n|move|p1a: Pyukumuku|Soak|p2a: Ursaluna\n|-fail|p2a: Ursaluna\n|\n|-heal|p2a: Ursaluna|63\/100 tox|[from] item: Leftovers\n|-heal|p1a: Pyukumuku|67\/100|[from] item: Leftovers\n|-damage|p2a: Ursaluna|32\/100 tox|[from] psn\n|upkeep\n|turn|34\n|\n|t:|1700590046\n|move|p2a: Ursaluna|Headlong Rush|p1a: Pyukumuku\n|-damage|p1a: Pyukumuku|53\/100\n|-unboost|p2a: Ursaluna|def|1\n|-unboost|p2a: Ursaluna|spd|1\n|move|p1a: Pyukumuku|Recover|p1a: Pyukumuku\n|-heal|p1a: Pyukumuku|100\/100\n|\n|-heal|p2a: Ursaluna|38\/100 tox|[from] item: Leftovers\n|-damage|p2a: Ursaluna|0 fnt|[from] psn\n|faint|p2a: Ursaluna\n|upkeep\n|c|\u2606Masked Fish|gg\n|-message|Masked Fish forfeited.\n|\n|win|JustMonika_CARR\n|raw|JustMonika_CARR's rating: 1338 &rarr; <strong>1351<\/strong><br \/>(+13 for winning)\n|raw|Masked Fish's rating: 1207 &rarr; <strong>1191<\/strong><br \/>(-16 for losing)\n|l|\u2606Masked Fish\n","uploadtime":1700590062,"views":0,"p1id":"justmonikacarr","p2id":"maskedfish","formatid":"gen9nationaldexubers","rating":1191,"private":0,"password":""}