{"id":"gen9nationaldexubers-1996725093","p1":"evilhanaklaus","p2":"confusedkfin","format":"[Gen 9] National Dex Ubers","log":"|j|\u2606evilhanaklaus\n|j|\u2606confusedkfin\n|t:|1700714942\n|gametype|singles\n|player|p1|evilhanaklaus|265|\n|player|p2|confusedkfin|101|\n|teamsize|p1|6\n|teamsize|p2|6\n|gen|9\n|tier|[Gen 9] National Dex Ubers\n|rule|HP Percentage Mod: HP is shown in percentages\n|rule|Endless Battle Clause: Forcing endless battles is banned\n|rule|OHKO Clause: OHKO moves are banned\n|rule|Evasion Moves Clause: Evasion moves are banned\n|rule|Evasion Items Clause: Evasion items are banned\n|rule|Species Clause: Limit one of each Pok\u00e9mon\n|rule|Sleep Clause Mod: Limit one foe put to sleep\n|rule|Mega Rayquaza Clause: You cannot mega evolve Rayquaza\n|clearpoke\n|poke|p1|Ogerpon-Wellspring, F|\n|poke|p1|Ursaluna-Bloodmoon, M|\n|poke|p1|Corviknight, M|\n|poke|p1|Urshifu-*, F|\n|poke|p1|Politoed, M|\n|poke|p1|Skeledirge, M|\n|poke|p2|Mew|\n|poke|p2|Sneasler, F|\n|poke|p2|Tapu Koko|\n|poke|p2|Gyarados, M|\n|poke|p2|Empoleon, M|\n|poke|p2|Togekiss, M|\n|teampreview\n|\n|t:|1700714971\n|start\n|switch|p1a: Ogerpon|Ogerpon-Wellspring, F|100\/100\n|switch|p2a: Mew|Mew|100\/100\n|turn|1\n|\n|t:|1700714978\n|move|p1a: Ogerpon|Trailblaze|p2a: Mew\n|-damage|p2a: Mew|76\/100\n|-boost|p1a: Ogerpon|spe|1\n|move|p2a: Mew|Roar|p1a: Ogerpon\n|drag|p1a: Urshifu|Urshifu-Rapid-Strike, F|100\/100\n|\n|-heal|p2a: Mew|83\/100|[from] item: Leftovers\n|upkeep\n|turn|2\n|\n|t:|1700715005\n|move|p2a: Mew|Stealth Rock|p1a: Urshifu\n|-sidestart|p1: evilhanaklaus|move: Stealth Rock\n|move|p1a: Urshifu|Swords Dance|p1a: Urshifu\n|-boost|p1a: Urshifu|atk|2\n|\n|-heal|p2a: Mew|89\/100|[from] item: Leftovers\n|upkeep\n|turn|3\n|\n|t:|1700715012\n|move|p1a: Urshifu|Surging Strikes|p2a: Mew\n|-crit|p2a: Mew\n|-damage|p2a: Mew|53\/100\n|-crit|p2a: Mew\n|-damage|p2a: Mew|20\/100\n|-crit|p2a: Mew\n|-damage|p2a: Mew|0 fnt\n|faint|p2a: Mew\n|-hitcount|p2: Mew|3\n|\n|upkeep\n|\n|t:|1700715020\n|switch|p2a: Tapu Koko|Tapu Koko|100\/100\n|-fieldstart|move: Electric Terrain|[from] ability: Electric Surge|[of] p2a: Tapu Koko\n|turn|4\n|\n|t:|1700715025\n|-terastallize|p1a: Urshifu|Ground\n|move|p2a: Tapu Koko|Thunderbolt|p1a: Urshifu\n|-immune|p1a: Urshifu\n|move|p1a: Urshifu|Surging Strikes|p2a: Tapu Koko\n|-crit|p2a: Tapu Koko\n|-damage|p2a: Tapu Koko|43\/100\n|-crit|p2a: Tapu Koko\n|-damage|p2a: Tapu Koko|0 fnt\n|faint|p2a: Tapu Koko\n|-hitcount|p2: Tapu Koko|2\n|\n|upkeep\n|\n|t:|1700715034\n|switch|p2a: Gyarados|Gyarados, M|100\/100\n|-ability|p2a: Gyarados|Intimidate|boost\n|-unboost|p1a: Urshifu|atk|1\n|turn|5\n|\n|t:|1700715046\n|switch|p1a: Ogerpon|Ogerpon-Wellspring, F|100\/100\n|-damage|p1a: Ogerpon|88\/100|[from] Stealth Rock\n|move|p2a: Gyarados|Waterfall|p1a: Ogerpon\n|-heal|p1a: Ogerpon|100\/100|[from] ability: Water Absorb|[of] p2a: Gyarados\n|\n|upkeep\n|turn|6\n|\n|t:|1700715061\n|move|p1a: Ogerpon|Trailblaze|p2a: Gyarados\n|-damage|p2a: Gyarados|65\/100\n|-boost|p1a: Ogerpon|spe|1\n|move|p2a: Gyarados|Dragon Dance|p2a: Gyarados\n|-boost|p2a: Gyarados|atk|1\n|-boost|p2a: Gyarados|spe|1\n|\n|upkeep\n|turn|7\n|\n|t:|1700715070\n|move|p1a: Ogerpon|Trailblaze|p2a: Gyarados\n|-damage|p2a: Gyarados|25\/100\n|-boost|p1a: Ogerpon|spe|1\n|move|p2a: Gyarados|Crunch|p1a: Ogerpon\n|-damage|p1a: Ogerpon|39\/100\n|\n|upkeep\n|turn|8\n|\n|t:|1700715079\n|move|p1a: Ogerpon|Trailblaze|p2a: Gyarados\n|-damage|p2a: Gyarados|0 fnt\n|-boost|p1a: Ogerpon|spe|1\n|faint|p2a: Gyarados\n|\n|-fieldend|move: Electric Terrain\n|upkeep\n|\n|t:|1700715090\n|switch|p2a: Togekiss|Togekiss, M|100\/100\n|turn|9\n|\n|t:|1700715094\n|move|p1a: Ogerpon|Ivy Cudgel|p2a: Togekiss|[anim] Ivy Cudgel Water\n|-damage|p2a: Togekiss|45\/100\n|move|p2a: Togekiss|Air Slash|p1a: Ogerpon\n|-supereffective|p1a: Ogerpon\n|-crit|p1a: Ogerpon\n|-damage|p1a: Ogerpon|0 fnt\n|faint|p1a: Ogerpon\n|\n|-heal|p2a: Togekiss|51\/100|[from] item: Leftovers\n|upkeep\n|\n|t:|1700715106\n|switch|p1a: Urshifu|Urshifu-Rapid-Strike, F, tera:Ground|100\/100\n|-damage|p1a: Urshifu|94\/100|[from] Stealth Rock\n|turn|10\n|\n|t:|1700715116\n|-terastallize|p2a: Togekiss|Water\n|move|p1a: Urshifu|Surging Strikes|p2a: Togekiss\n|-resisted|p2a: Togekiss\n|-crit|p2a: Togekiss\n|-damage|p2a: Togekiss|42\/100\n|-resisted|p2a: Togekiss\n|-crit|p2a: Togekiss\n|-damage|p2a: Togekiss|32\/100\n|-resisted|p2a: Togekiss\n|-crit|p2a: Togekiss\n|-damage|p2a: Togekiss|23\/100\n|-hitcount|p2a: Togekiss|3\n|move|p2a: Togekiss|Roost|p2a: Togekiss\n|-heal|p2a: Togekiss|73\/100\n|\n|-heal|p2a: Togekiss|79\/100|[from] item: Leftovers\n|upkeep\n|turn|11\n|\n|t:|1700715131\n|move|p1a: Urshifu|Swords Dance|p1a: Urshifu\n|-boost|p1a: Urshifu|atk|2\n|move|p2a: Togekiss|Air Slash|p1a: Urshifu\n|-damage|p1a: Urshifu|50\/100\n|\n|-heal|p2a: Togekiss|85\/100|[from] item: Leftovers\n|upkeep\n|turn|12\n|\n|t:|1700715138\n|switch|p2a: Empoleon|Empoleon, M|100\/100\n|move|p1a: Urshifu|Close Combat|p2a: Empoleon\n|-supereffective|p2a: Empoleon\n|-damage|p2a: Empoleon|0 fnt\n|-unboost|p1a: Urshifu|def|1\n|-unboost|p1a: Urshifu|spd|1\n|faint|p2a: Empoleon\n|\n|upkeep\n|\n|t:|1700715146\n|switch|p2a: Sneasler|Sneasler, F|100\/100\n|turn|13\n|\n|t:|1700715152\n|move|p1a: Urshifu|Aqua Jet|p2a: Sneasler\n|-damage|p2a: Sneasler|32\/100\n|move|p2a: Sneasler|Swords Dance|p2a: Sneasler\n|-boost|p2a: Sneasler|atk|2\n|\n|upkeep\n|turn|14\n|c|\u2606confusedkfin|gg\n|\n|t:|1700715159\n|move|p1a: Urshifu|Aqua Jet|p2a: Sneasler\n|-damage|p2a: Sneasler|0 fnt\n|faint|p2a: Sneasler\n|\n|upkeep\n|c|\u2606evilhanaklaus|gg\n|\n|t:|1700715163\n|switch|p2a: Togekiss|Togekiss, M, tera:Water|85\/100\n|turn|15\n|\n|t:|1700715165\n|move|p1a: Urshifu|Close Combat|p2a: Togekiss\n|-damage|p2a: Togekiss|0 fnt\n|-unboost|p1a: Urshifu|def|1\n|-unboost|p1a: Urshifu|spd|1\n|faint|p2a: Togekiss\n|\n|win|evilhanaklaus\n","uploadtime":1700715171,"views":7,"p1id":"evilhanaklaus","p2id":"confusedkfin","formatid":"gen9nationaldexubers","rating":0,"private":0,"password":""}