{"id":"gen9nationaldexubers-1991665459","p1":"Maybebetterthanu","p2":"Beast of Moonlight","format":"[Gen 9] National Dex Ubers","log":"|j|\u2606Maybebetterthanu\n|j|\u2606Beast of Moonlight\n|t:|1700100181\n|gametype|singles\n|player|p1|Maybebetterthanu|1|\n|player|p2|Beast of Moonlight|riley|\n|teamsize|p1|6\n|teamsize|p2|6\n|gen|9\n|tier|[Gen 9] National Dex Ubers\n|rule|HP Percentage Mod: HP is shown in percentages\n|rule|Endless Battle Clause: Forcing endless battles is banned\n|rule|OHKO Clause: OHKO moves are banned\n|rule|Evasion Moves Clause: Evasion moves are banned\n|rule|Evasion Items Clause: Evasion items are banned\n|rule|Species Clause: Limit one of each Pok\u00e9mon\n|rule|Sleep Clause Mod: Limit one foe put to sleep\n|rule|Mega Rayquaza Clause: You cannot mega evolve Rayquaza\n|clearpoke\n|poke|p1|Ribombee, M|\n|poke|p1|Walking Wake|\n|poke|p1|Magnezone|\n|poke|p1|Ogerpon-Cornerstone, F|\n|poke|p1|Slowbro, F|\n|poke|p1|Gliscor, M|\n|poke|p2|Tentacruel, F|\n|poke|p2|Heatran, F|\n|poke|p2|Quaquaval, F|\n|poke|p2|Flygon, M|\n|poke|p2|Manectric, M|\n|poke|p2|Ninetales-Alola, M|\n|teampreview\n|j| imjustthatawsom\n|j| Krishy2007\n|\n|t:|1700100263\n|start\n|switch|p1a: Flower Boy|Ribombee, M|100\/100\n|switch|p2a: Blast Ball|Tentacruel, F, shiny|100\/100\n|-item|p2a: Blast Ball|Air Balloon\n|turn|1\n|c| Krishy2007|GAME OF THE WEEK\n|\n|t:|1700100277\n|move|p2a: Blast Ball|Magic Coat|p2a: Blast Ball\n|-singleturn|p2a: Blast Ball|move: Magic Coat\n|move|p1a: Flower Boy|U-turn|p2a: Blast Ball\n|-resisted|p2a: Blast Ball\n|-damage|p2a: Blast Ball|91\/100\n|-enditem|p2a: Blast Ball|Air Balloon\n|\n|t:|1700100283\n|switch|p1a: Radiohead|Magnezone|100\/100|[from] U-turn\n|\n|upkeep\n|turn|2\n|\n|t:|1700100296\n|switch|p2a: RU Chomp|Flygon, M, shiny|100\/100\n|move|p1a: Radiohead|Thunderbolt|p2a: RU Chomp\n|-immune|p2a: RU Chomp\n|\n|upkeep\n|turn|3\n|\n|t:|1700100303\n|switch|p1a: Bone Hurting Juice|Gliscor, M|100\/100\n|move|p2a: RU Chomp|Dragon Dance|p2a: RU Chomp\n|-boost|p2a: RU Chomp|atk|1\n|-boost|p2a: RU Chomp|spe|1\n|\n|-status|p1a: Bone Hurting Juice|tox|[from] item: Toxic Orb\n|upkeep\n|turn|4\n|\n|t:|1700100313\n|move|p2a: RU Chomp|Dragon Claw|p1a: Bone Hurting Juice\n|-damage|p1a: Bone Hurting Juice|75\/100 tox\n|move|p1a: Bone Hurting Juice|Toxic|p2a: RU Chomp\n|-status|p2a: RU Chomp|tox\n|\n|-damage|p2a: RU Chomp|95\/100 tox|[from] psn\n|-heal|p1a: Bone Hurting Juice|87\/100 tox|[from] ability: Poison Heal\n|upkeep\n|turn|5\n|\n|t:|1700100326\n|switch|p2a: Mystery Dungeon|Ninetales-Alola, M|100\/100\n|-weather|Snow|[from] ability: Snow Warning|[of] p2a: Mystery Dungeon\n|move|p1a: Bone Hurting Juice|Stealth Rock|p2a: Mystery Dungeon\n|-sidestart|p2: Beast of Moonlight|move: Stealth Rock\n|\n|-weather|Snow|[upkeep]\n|-heal|p1a: Bone Hurting Juice|99\/100 tox|[from] ability: Poison Heal\n|upkeep\n|turn|6\n|\n|t:|1700100341\n|switch|p1a: Radiohead|Magnezone|100\/100\n|move|p2a: Mystery Dungeon|Freeze-Dry|p1a: Radiohead\n|-resisted|p1a: Radiohead\n|-crit|p1a: Radiohead\n|-damage|p1a: Radiohead|80\/100\n|\n|-weather|Snow|[upkeep]\n|upkeep\n|turn|7\n|\n|t:|1700100357\n|switch|p2a: RU Chomp|Flygon, M, shiny|95\/100 tox\n|-damage|p2a: RU Chomp|89\/100 tox|[from] Stealth Rock\n|move|p1a: Radiohead|Thunderbolt|p2a: RU Chomp\n|-immune|p2a: RU Chomp\n|\n|-weather|Snow|[upkeep]\n|-damage|p2a: RU Chomp|83\/100 tox|[from] psn\n|upkeep\n|turn|8\n|\n|t:|1700100374\n|switch|p2a: Mystery Dungeon|Ninetales-Alola, M|100\/100\n|-damage|p2a: Mystery Dungeon|76\/100|[from] Stealth Rock\n|switch|p1a: Bone Hurting Juice|Gliscor, M|99\/100 tox\n|\n|-weather|Snow|[upkeep]\n|-heal|p1a: Bone Hurting Juice|100\/100 tox|[from] ability: Poison Heal\n|upkeep\n|turn|9\n|j| Connor1996\n|\n|t:|1700100430\n|switch|p1a: Radiohead|Magnezone|80\/100\n|move|p2a: Mystery Dungeon|Aurora Veil|p2a: Mystery Dungeon\n|-sidestart|p2: Beast of Moonlight|move: Aurora Veil\n|\n|-weather|none\n|upkeep\n|turn|10\n|n| Connor1996|connor1996\n|\n|t:|1700100446\n|switch|p2a: CookiesinOven|Heatran, F, shiny|100\/100\n|-damage|p2a: CookiesinOven|88\/100|[from] Stealth Rock\n|move|p1a: Radiohead|Toxic|p2a: CookiesinOven\n|-immune|p2a: CookiesinOven\n|\n|upkeep\n|turn|11\n|c| Connor1996|Don\u2019t mess up Josh pressure!!!\n|\n|t:|1700100473\n|switch|p1a: Drumstick|Slowbro, F|100\/100\n|move|p2a: CookiesinOven|Magma Storm|p1a: Drumstick|[miss]\n|-miss|p2a: CookiesinOven|p1a: Drumstick\n|\n|upkeep\n|turn|12\n|\n|t:|1700100485\n|switch|p2a: Hidden Power|Manectric, M, shiny|100\/100\n|-damage|p2a: Hidden Power|88\/100|[from] Stealth Rock\n|move|p1a: Drumstick|Scald|p2a: Hidden Power\n|-damage|p2a: Hidden Power|64\/100\n|\n|upkeep\n|turn|13\n|\n|t:|1700100498\n|switch|p1a: Bone Hurting Juice|Gliscor, M|100\/100 tox\n|move|p2a: Hidden Power|Magnet Rise|p2a: Hidden Power\n|-start|p2a: Hidden Power|Magnet Rise\n|\n|-sideend|p2: Beast of Moonlight|move: Aurora Veil\n|upkeep\n|turn|14\n|\n|t:|1700100508\n|move|p2a: Hidden Power|Ice Fang|p1a: Bone Hurting Juice\n|-supereffective|p1a: Bone Hurting Juice\n|-damage|p1a: Bone Hurting Juice|74\/100 tox\n|move|p1a: Bone Hurting Juice|Toxic|p2a: Hidden Power\n|-status|p2a: Hidden Power|tox\n|\n|-damage|p2a: Hidden Power|58\/100 tox|[from] psn\n|-heal|p1a: Bone Hurting Juice|87\/100 tox|[from] ability: Poison Heal\n|upkeep\n|turn|15\n|\n|t:|1700100520\n|move|p2a: Hidden Power|Ice Fang|p1a: Bone Hurting Juice\n|-supereffective|p1a: Bone Hurting Juice\n|-damage|p1a: Bone Hurting Juice|60\/100 tox\n|move|p1a: Bone Hurting Juice|Earthquake|p2a: Hidden Power\n|-immune|p2a: Hidden Power\n|\n|-damage|p2a: Hidden Power|46\/100 tox|[from] psn\n|-heal|p1a: Bone Hurting Juice|72\/100 tox|[from] ability: Poison Heal\n|upkeep\n|turn|16\n|\n|t:|1700100531\n|switch|p2a: Thanks for the Tip|Quaquaval, F|100\/100\n|-damage|p2a: Thanks for the Tip|94\/100|[from] Stealth Rock\n|-item|p2a: Thanks for the Tip|Air Balloon\n|move|p1a: Bone Hurting Juice|Earthquake|p2a: Thanks for the Tip\n|-immune|p2a: Thanks for the Tip\n|\n|-heal|p1a: Bone Hurting Juice|85\/100 tox|[from] ability: Poison Heal\n|upkeep\n|turn|17\n|\n|t:|1700100544\n|switch|p1a: Drumstick|Slowbro, F|100\/100\n|move|p2a: Thanks for the Tip|Swords Dance|p2a: Thanks for the Tip\n|-boost|p2a: Thanks for the Tip|atk|2\n|\n|upkeep\n|turn|18\n|\n|t:|1700100568\n|switch|p2a: Mystery Dungeon|Ninetales-Alola, M|76\/100\n|-damage|p2a: Mystery Dungeon|51\/100|[from] Stealth Rock\n|-weather|Snow|[from] ability: Snow Warning|[of] p2a: Mystery Dungeon\n|detailschange|p1a: Drumstick|Slowbro-Mega, F\n|-mega|p1a: Drumstick|Slowbro|Slowbronite\n|move|p1a: Drumstick|Psyshock|p2a: Mystery Dungeon\n|-damage|p2a: Mystery Dungeon|16\/100\n|\n|-weather|Snow|[upkeep]\n|upkeep\n|turn|19\n|\n|t:|1700100595\n|move|p2a: Mystery Dungeon|Aurora Veil|p2a: Mystery Dungeon\n|-sidestart|p2: Beast of Moonlight|move: Aurora Veil\n|move|p1a: Drumstick|Psyshock|p2a: Mystery Dungeon\n|-crit|p2a: Mystery Dungeon\n|-damage|p2a: Mystery Dungeon|0 fnt\n|faint|p2a: Mystery Dungeon\n|\n|-weather|Snow|[upkeep]\n|upkeep\n|\n|t:|1700100609\n|switch|p2a: Hidden Power|Manectric, M, shiny|46\/100 tox\n|-damage|p2a: Hidden Power|34\/100 tox|[from] Stealth Rock\n|turn|20\n|l| Connor1996\n|\n|t:|1700100640\n|move|p2a: Hidden Power|Volt Switch|p1a: Drumstick\n|-supereffective|p1a: Drumstick\n|-damage|p1a: Drumstick|49\/100\n|\n|t:|1700100649\n|switch|p2a: Blast Ball|Tentacruel, F, shiny|91\/100|[from] Volt Switch\n|-damage|p2a: Blast Ball|79\/100|[from] Stealth Rock\n|move|p1a: Drumstick|Psyshock|p2a: Blast Ball\n|-supereffective|p2a: Blast Ball\n|-damage|p2a: Blast Ball|35\/100\n|\n|-weather|Snow|[upkeep]\n|upkeep\n|turn|21\n|\n|t:|1700100661\n|move|p2a: Blast Ball|Rapid Spin|p1a: Drumstick\n|-damage|p1a: Drumstick|45\/100\n|-boost|p2a: Blast Ball|spe|1\n|-sideend|p2: Beast of Moonlight|Stealth Rock|[from] move: Rapid Spin|[of] p2a: Blast Ball\n|move|p1a: Drumstick|Slack Off|p1a: Drumstick\n|-heal|p1a: Drumstick|95\/100\n|\n|-weather|Snow|[upkeep]\n|upkeep\n|turn|22\n|\n|t:|1700100669\n|move|p2a: Blast Ball|Toxic Spikes|p1a: Drumstick\n|-sidestart|p1: Maybebetterthanu|move: Toxic Spikes\n|move|p1a: Drumstick|Psyshock|p2a: Blast Ball\n|-supereffective|p2a: Blast Ball\n|-damage|p2a: Blast Ball|0 fnt\n|faint|p2a: Blast Ball\n|\n|-weather|none\n|upkeep\n|\n|t:|1700100676\n|switch|p2a: Hidden Power|Manectric, M, shiny|34\/100 tox\n|turn|23\n|\n|t:|1700100685\n|move|p2a: Hidden Power|Thunderbolt|p1a: Drumstick\n|-supereffective|p1a: Drumstick\n|-damage|p1a: Drumstick|25\/100\n|move|p1a: Drumstick|Psyshock|p2a: Hidden Power\n|-damage|p2a: Hidden Power|0 fnt\n|faint|p2a: Hidden Power\n|\n|-sideend|p2: Beast of Moonlight|move: Aurora Veil\n|upkeep\n|\n|t:|1700100701\n|switch|p2a: Thanks for the Tip|Quaquaval, F|94\/100\n|-item|p2a: Thanks for the Tip|Air Balloon\n|turn|24\n|\n|t:|1700100725\n|move|p2a: Thanks for the Tip|Aqua Step|p1a: Drumstick\n|-resisted|p1a: Drumstick\n|-damage|p1a: Drumstick|17\/100\n|-boost|p2a: Thanks for the Tip|spe|1\n|move|p1a: Drumstick|Psyshock|p2a: Thanks for the Tip\n|-supereffective|p2a: Thanks for the Tip\n|-damage|p2a: Thanks for the Tip|2\/100\n|-enditem|p2a: Thanks for the Tip|Air Balloon\n|\n|upkeep\n|turn|25\n|\n|t:|1700100741\n|move|p2a: Thanks for the Tip|Close Combat|p1a: Drumstick\n|-resisted|p1a: Drumstick\n|-damage|p1a: Drumstick|4\/100\n|-unboost|p2a: Thanks for the Tip|def|1\n|-unboost|p2a: Thanks for the Tip|spd|1\n|move|p1a: Drumstick|Psyshock|p2a: Thanks for the Tip\n|-supereffective|p2a: Thanks for the Tip\n|-damage|p2a: Thanks for the Tip|0 fnt\n|faint|p2a: Thanks for the Tip\n|\n|upkeep\n|\n|t:|1700100750\n|switch|p2a: RU Chomp|Flygon, M, shiny|83\/100 tox\n|turn|26\n|j| Capt.Plat\n|\n|t:|1700100756\n|switch|p1a: Bone Hurting Juice|Gliscor, M|85\/100 tox\n|move|p2a: RU Chomp|Earthquake|p1a: Bone Hurting Juice\n|-immune|p1a: Bone Hurting Juice\n|\n|-damage|p2a: RU Chomp|77\/100 tox|[from] psn\n|-heal|p1a: Bone Hurting Juice|97\/100 tox|[from] ability: Poison Heal\n|upkeep\n|turn|27\n|\n|t:|1700100764\n|move|p2a: RU Chomp|Dragon Dance|p2a: RU Chomp\n|-boost|p2a: RU Chomp|atk|1\n|-boost|p2a: RU Chomp|spe|1\n|move|p1a: Bone Hurting Juice|Stealth Rock|p2a: RU Chomp\n|-sidestart|p2: Beast of Moonlight|move: Stealth Rock\n|\n|-damage|p2a: RU Chomp|65\/100 tox|[from] psn\n|-heal|p1a: Bone Hurting Juice|100\/100 tox|[from] ability: Poison Heal\n|upkeep\n|turn|28\n|\n|t:|1700100775\n|move|p1a: Bone Hurting Juice|Protect|p1a: Bone Hurting Juice\n|-singleturn|p1a: Bone Hurting Juice|Protect\n|move|p2a: RU Chomp|Dragon Dance|p2a: RU Chomp\n|-boost|p2a: RU Chomp|atk|1\n|-boost|p2a: RU Chomp|spe|1\n|\n|-damage|p2a: RU Chomp|47\/100 tox|[from] psn\n|upkeep\n|turn|29\n|c| Krishy2007|Am I the only one who runs mixed Flygon?\n|\n|t:|1700100782\n|move|p2a: RU Chomp|Dragon Claw|p1a: Bone Hurting Juice\n|-damage|p1a: Bone Hurting Juice|69\/100 tox\n|move|p1a: Bone Hurting Juice|Earthquake|p2a: RU Chomp\n|-immune|p2a: RU Chomp|[from] ability: Levitate\n|\n|-damage|p2a: RU Chomp|23\/100 tox|[from] psn\n|-heal|p1a: Bone Hurting Juice|81\/100 tox|[from] ability: Poison Heal\n|upkeep\n|turn|30\n|\n|t:|1700100790\n|move|p1a: Bone Hurting Juice|Protect|p1a: Bone Hurting Juice\n|-singleturn|p1a: Bone Hurting Juice|Protect\n|move|p2a: RU Chomp|Dragon Claw|p1a: Bone Hurting Juice\n|-activate|p1a: Bone Hurting Juice|move: Protect\n|\n|-damage|p2a: RU Chomp|0 fnt|[from] psn\n|faint|p2a: RU Chomp\n|-heal|p1a: Bone Hurting Juice|94\/100 tox|[from] ability: Poison Heal\n|upkeep\n|c| Krishy2007|I use it as ChainChomp at home\n|n| Capt.Plat|captplat\n|\n|t:|1700100799\n|switch|p2a: CookiesinOven|Heatran, F, shiny|88\/100\n|-damage|p2a: CookiesinOven|76\/100|[from] Stealth Rock\n|turn|31\n|\n|t:|1700100803\n|move|p1a: Bone Hurting Juice|Earthquake|p2a: CookiesinOven\n|-supereffective|p2a: CookiesinOven\n|-enditem|p2a: CookiesinOven|Shuca Berry|[eat]\n|-enditem|p2a: CookiesinOven|Shuca Berry|[weaken]\n|-damage|p2a: CookiesinOven|32\/100\n|move|p2a: CookiesinOven|Magma Storm|p1a: Bone Hurting Juice\n|-crit|p1a: Bone Hurting Juice\n|-damage|p1a: Bone Hurting Juice|13\/100 tox\n|-activate|p1a: Bone Hurting Juice|move: Magma Storm|[of] p2a: CookiesinOven\n|\n|-heal|p1a: Bone Hurting Juice|25\/100 tox|[from] ability: Poison Heal\n|-damage|p1a: Bone Hurting Juice|13\/100 tox|[from] move: Magma Storm|[partiallytrapped]\n|upkeep\n|turn|32\n|c| Capt.Plat|Destroyed!\n|\n|t:|1700100815\n|move|p1a: Bone Hurting Juice|Earthquake|p2a: CookiesinOven\n|-supereffective|p2a: CookiesinOven\n|-damage|p2a: CookiesinOven|0 fnt\n|faint|p2a: CookiesinOven\n|\n|win|Maybebetterthanu\n|c|\u2606Beast of Moonlight|gg\n|c|\u2606Maybebetterthanu|gg\n","uploadtime":1700100823,"views":19,"p1id":"maybebetterthanu","p2id":"beastofmoonlight","formatid":"gen9nationaldexubers","rating":0,"private":0,"password":""}