{"id":"gen9nationaldexubers-1980075558","p1":"KarmaNightraide","p2":"Merlin (7DS)","format":"[Gen 9] National Dex Ubers","log":"|j|\u2606KarmaNightraide\n|j|\u2606Merlin (7DS)\n|t:|1698754665\n|gametype|singles\n|player|p1|KarmaNightraide|unknown|1113\n|player|p2|Merlin (7DS)|lillie-z|1097\n|teamsize|p1|6\n|teamsize|p2|6\n|gen|9\n|tier|[Gen 9] National Dex Ubers\n|rated|\n|rule|HP Percentage Mod: HP is shown in percentages\n|rule|Endless Battle Clause: Forcing endless battles is banned\n|rule|OHKO Clause: OHKO moves are banned\n|rule|Evasion Moves Clause: Evasion moves are banned\n|rule|Evasion Items Clause: Evasion items are banned\n|rule|Species Clause: Limit one of each Pok\u00e9mon\n|rule|Sleep Clause Mod: Limit one foe put to sleep\n|rule|Mega Rayquaza Clause: You cannot mega evolve Rayquaza\n|clearpoke\n|poke|p1|Aegislash, F|\n|poke|p1|Ceruledge, M|\n|poke|p1|Basculegion, M|\n|poke|p1|Sinistcha-Masterpiece|\n|poke|p1|Mimikyu, M|\n|poke|p1|Mismagius, F|\n|poke|p2|Groudon|\n|poke|p2|Giratina-Origin|\n|poke|p2|Lugia|\n|poke|p2|Xerneas-*|\n|poke|p2|Kyogre|\n|poke|p2|Flutter Mane|\n|teampreview\n|inactive|Battle timer is ON: inactive players will automatically lose when time's up. (requested by Merlin (7DS))\n|\n|t:|1698754682\n|start\n|switch|p1a: Witch|Mismagius, F|100\/100\n|switch|p2a: Appet|Giratina-Origin, shiny|100\/100\n|turn|1\n|\n|t:|1698754709\n|-terastallize|p1a: Witch|Electric\n|move|p2a: Appet|Shadow Sneak|p1a: Witch\n|-damage|p1a: Witch|48\/100\n|move|p1a: Witch|Draining Kiss|p2a: Appet\n|-supereffective|p2a: Appet\n|-damage|p2a: Appet|73\/100\n|-heal|p1a: Witch|83\/100|[from] drain|[of] p2a: Appet\n|-damage|p1a: Witch|73\/100|[from] item: Life Orb\n|\n|upkeep\n|turn|2\n|\n|t:|1698754722\n|move|p1a: Witch|Draining Kiss|p2a: Appet\n|-supereffective|p2a: Appet\n|-damage|p2a: Appet|44\/100\n|-heal|p1a: Witch|100\/100|[from] drain|[of] p2a: Appet\n|-damage|p1a: Witch|91\/100|[from] item: Life Orb\n|move|p2a: Appet|Phantom Force||[still]\n|-prepare|p2a: Appet|Phantom Force\n|\n|upkeep\n|turn|3\n|\n|t:|1698754733\n|move|p1a: Witch|Nasty Plot|p1a: Witch\n|-boost|p1a: Witch|spa|2\n|move|p2a: Appet|Phantom Force|p1a: Witch|[from]lockedmove\n|-damage|p1a: Witch|0 fnt\n|faint|p1a: Witch\n|\n|upkeep\n|\n|t:|1698754742\n|switch|p1a: Excalasey|Aegislash, F|100\/100\n|turn|4\n|\n|t:|1698754750\n|-terastallize|p2a: Appet|Fairy\n|-formechange|p1a: Excalasey|Aegislash-Blade||[from] ability: Stance Change\n|move|p1a: Excalasey|Shadow Sneak|p2a: Appet\n|-damage|p2a: Appet|29\/100\n|move|p2a: Appet|Phantom Force||[still]\n|-prepare|p2a: Appet|Phantom Force\n|\n|upkeep\n|turn|5\n|\n|t:|1698754758\n|-formechange|p1a: Excalasey|Aegislash||[from] ability: Stance Change\n|move|p1a: Excalasey|King's Shield|p1a: Excalasey\n|-singleturn|p1a: Excalasey|Protect\n|move|p2a: Appet|Phantom Force|p1a: Excalasey|[from]lockedmove\n|-activate|p1a: Excalasey|move: Phantom Force|[broken]\n|-supereffective|p1a: Excalasey\n|-damage|p1a: Excalasey|0 fnt\n|faint|p1a: Excalasey\n|\n|upkeep\n|\n|t:|1698754769\n|switch|p1a: Lil guy my man|Mimikyu, M|100\/100\n|turn|6\n|\n|t:|1698754782\n|move|p1a: Lil guy my man|Shadow Sneak|p2a: Appet\n|-damage|p2a: Appet|18\/100\n|move|p2a: Appet|Shadow Sneak|p1a: Lil guy my man\n|-activate|p1a: Lil guy my man|ability: Disguise\n|-damage|p1a: Lil guy my man|100\/100\n|detailschange|p1a: Lil guy my man|Mimikyu-Busted, M\n|-damage|p1a: Lil guy my man|88\/100|[from] pokemon: Mimikyu-Busted\n|\n|upkeep\n|turn|7\n|\n|t:|1698754800\n|move|p2a: Appet|Shadow Sneak|p1a: Lil guy my man\n|-supereffective|p1a: Lil guy my man\n|-damage|p1a: Lil guy my man|2\/100\n|-zpower|p1a: Lil guy my man\n|move|p1a: Lil guy my man|Let's Snuggle Forever|p2a: Appet|[zeffect]\n|-damage|p2a: Appet|0 fnt\n|faint|p2a: Appet\n|\n|upkeep\n|\n|t:|1698754820\n|switch|p2a: Bastet|Xerneas|100\/100\n|-ability|p2a: Bastet|Fairy Aura\n|turn|8\n|\n|t:|1698754824\n|switch|p1a: Oni|Ceruledge, M|100\/100\n|move|p2a: Bastet|Draining Kiss|p1a: Oni\n|-resisted|p1a: Oni\n|-damage|p1a: Oni|82\/100\n|\n|upkeep\n|turn|9\n|\n|t:|1698754837\n|move|p2a: Bastet|Protect|p2a: Bastet\n|-singleturn|p2a: Bastet|Protect\n|move|p1a: Oni|Swords Dance|p1a: Oni\n|-boost|p1a: Oni|atk|2\n|\n|upkeep\n|turn|10\n|\n|t:|1698754847\n|switch|p2a: N\u016bt|Kyogre, shiny|100\/100\n|detailschange|p2a: N\u016bt|Kyogre-Primal, shiny\n|-primal|p2a: N\u016bt|Blue Orb\n|-weather|PrimordialSea|[from] ability: Primordial Sea|[of] p2a: N\u016bt\n|move|p1a: Oni|Iron Head|p2a: N\u016bt\n|-resisted|p2a: N\u016bt\n|-damage|p2a: N\u016bt|82\/100\n|\n|-weather|PrimordialSea|[upkeep]\n|upkeep\n|turn|11\n|\n|t:|1698754858\n|move|p1a: Oni|Dragon Claw|p2a: N\u016bt\n|-damage|p2a: N\u016bt|40\/100\n|move|p2a: N\u016bt|Surf|p1a: Oni\n|-supereffective|p1a: Oni\n|-damage|p1a: Oni|0 fnt\n|faint|p1a: Oni\n|\n|-weather|PrimordialSea|[upkeep]\n|upkeep\n|\n|t:|1698754867\n|switch|p1a: Lil guy my man|Mimikyu-Busted, M|2\/100\n|turn|12\n|\n|t:|1698754879\n|move|p1a: Lil guy my man|Play Rough|p2a: N\u016bt\n|-damage|p2a: N\u016bt|13\/100\n|move|p2a: N\u016bt|Ice Beam|p1a: Lil guy my man\n|-damage|p1a: Lil guy my man|0 fnt\n|faint|p1a: Lil guy my man\n|\n|-weather|PrimordialSea|[upkeep]\n|upkeep\n|\n|t:|1698754886\n|switch|p1a: Goop Juice|Sinistcha-Masterpiece|100\/100\n|turn|13\n|\n|t:|1698754891\n|move|p1a: Goop Juice|Matcha Gotcha|p2a: N\u016bt\n|-supereffective|p2a: N\u016bt\n|-damage|p2a: N\u016bt|0 fnt\n|faint|p2a: N\u016bt\n|-weather|none\n|\n|upkeep\n|\n|t:|1698754895\n|switch|p2a: Ashante|Groudon, shiny|100\/100\n|detailschange|p2a: Ashante|Groudon-Primal, shiny\n|-primal|p2a: Ashante|Red Orb\n|-weather|DesolateLand|[from] ability: Desolate Land|[of] p2a: Ashante\n|turn|14\n|\n|t:|1698754915\n|move|p1a: Goop Juice|Shadow Ball|p2a: Ashante\n|-damage|p2a: Ashante|72\/100\n|move|p2a: Ashante|Overheat|p1a: Goop Juice\n|-supereffective|p1a: Goop Juice\n|-damage|p1a: Goop Juice|0 fnt\n|-unboost|p2a: Ashante|spa|2\n|faint|p1a: Goop Juice\n|\n|-weather|DesolateLand|[upkeep]\n|upkeep\n|\n|t:|1698754925\n|switch|p1a: Fish|Basculegion, M|100\/100\n|-ability|p1a: Fish|Mold Breaker\n|turn|15\n|\n|t:|1698754932\n|move|p1a: Fish|Last Respects|p2a: Ashante\n|-damage|p2a: Ashante|0 fnt\n|faint|p2a: Ashante\n|-weather|none\n|\n|upkeep\n|\n|t:|1698754937\n|switch|p2a: Neith|Flutter Mane, shiny|100\/100\n|turn|16\n|\n|t:|1698754941\n|move|p1a: Fish|Last Respects|p2a: Neith\n|-supereffective|p2a: Neith\n|-enditem|p2a: Neith|Focus Sash\n|-damage|p2a: Neith|1\/100\n|move|p2a: Neith|Perish Song|p2a: Neith\n|-start|p1a: Fish|perish3|[silent]\n|-start|p2a: Neith|perish3|[silent]\n|-fieldactivate|move: Perish Song\n|\n|-start|p1a: Fish|perish3\n|-start|p2a: Neith|perish3\n|upkeep\n|turn|17\n|\n|t:|1698754951\n|move|p2a: Neith|Protect|p2a: Neith\n|-singleturn|p2a: Neith|Protect\n|move|p1a: Fish|Last Respects|p2a: Neith\n|-activate|p2a: Neith|move: Protect\n|\n|-start|p1a: Fish|perish2\n|-start|p2a: Neith|perish2\n|upkeep\n|turn|18\n|\n|t:|1698754961\n|move|p2a: Neith|Protect||[still]\n|-fail|p2a: Neith\n|move|p1a: Fish|Last Respects|p2a: Neith\n|-supereffective|p2a: Neith\n|-damage|p2a: Neith|0 fnt\n|faint|p2a: Neith\n|-end|p2a: Neith|Protosynthesis|[silent]\n|\n|-start|p1a: Fish|perish1\n|upkeep\n|\n|t:|1698754964\n|switch|p2a: Bastet|Xerneas|100\/100\n|-ability|p2a: Bastet|Fairy Aura\n|turn|19\n|\n|t:|1698754973\n|move|p2a: Bastet|Protect|p2a: Bastet\n|-singleturn|p2a: Bastet|Protect\n|move|p1a: Fish|Last Respects|p2a: Bastet\n|-activate|p2a: Bastet|move: Protect\n|\n|-start|p1a: Fish|perish0\n|faint|p1a: Fish\n|\n|win|Merlin (7DS)\n|upkeep\n|raw|KarmaNightraide's rating: 1113 &rarr; <strong>1087<\/strong><br \/>(-26 for losing)\n|raw|Merlin (7DS)'s rating: 1097 &rarr; <strong>1124<\/strong><br \/>(+27 for winning)\n|l|\u2606Merlin (7DS)\n","uploadtime":1698754985,"views":5,"p1id":"karmanightraide","p2id":"merlin7ds","formatid":"gen9nationaldexubers","rating":1087,"private":0,"password":""}