{"id":"gen9nationaldexubers-1978302332","p1":"ibalistatitytwista","p2":"The N00B Guy","format":"[Gen 9] National Dex Ubers","log":"|j|\u2606ibalistatitytwista\n|j|\u203dThe N00B Guy\n|t:|1698522766\n|gametype|singles\n|player|p1|ibalistatitytwista|alder|1131\n|player|p2|The N00B Guy|nemona-s|1061\n|teamsize|p1|6\n|teamsize|p2|2\n|gen|9\n|tier|[Gen 9] National Dex Ubers\n|rated|\n|rule|HP Percentage Mod: HP is shown in percentages\n|rule|Endless Battle Clause: Forcing endless battles is banned\n|rule|OHKO Clause: OHKO moves are banned\n|rule|Evasion Moves Clause: Evasion moves are banned\n|rule|Evasion Items Clause: Evasion items are banned\n|rule|Species Clause: Limit one of each Pok\u00e9mon\n|rule|Sleep Clause Mod: Limit one foe put to sleep\n|rule|Mega Rayquaza Clause: You cannot mega evolve Rayquaza\n|clearpoke\n|poke|p1|Blastoise, F|\n|poke|p1|Taillow, L1, F|\n|poke|p1|Groudon|\n|poke|p1|Yveltal|\n|poke|p1|Zygarde|\n|poke|p1|Ho-Oh|\n|poke|p2|Marshadow|\n|poke|p2|Azumarill, M|\n|teampreview\n|inactive|Battle timer is ON: inactive players will automatically lose when time's up. (requested by ibalistatitytwista)\n|\n|t:|1698522785\n|start\n|switch|p1a: lil baby|Taillow, L1, F|100\/100\n|switch|p2a: Azumarill|Azumarill, M|100\/100\n|turn|1\n|\n|t:|1698522795\n|switch|p1a: Groudon|Groudon, shiny|100\/100\n|detailschange|p1a: Groudon|Groudon-Primal, shiny\n|-primal|p1a: Groudon|Red Orb\n|-weather|DesolateLand|[from] ability: Desolate Land|[of] p1a: Groudon\n|move|p2a: Azumarill|Perish Song|p2a: Azumarill\n|-start|p1a: Groudon|perish3|[silent]\n|-start|p2a: Azumarill|perish3|[silent]\n|-fieldactivate|move: Perish Song\n|\n|-weather|DesolateLand|[upkeep]\n|-start|p1a: Groudon|perish3\n|-start|p2a: Azumarill|perish3\n|upkeep\n|turn|2\n|\n|t:|1698522807\n|move|p2a: Azumarill|Protect|p2a: Azumarill\n|-singleturn|p2a: Azumarill|Protect\n|move|p1a: Groudon|Toxic|p2a: Azumarill\n|-activate|p2a: Azumarill|move: Protect\n|\n|-weather|DesolateLand|[upkeep]\n|-start|p1a: Groudon|perish2\n|-start|p2a: Azumarill|perish2\n|upkeep\n|turn|3\n|\n|t:|1698522815\n|move|p2a: Azumarill|Protect||[still]\n|-fail|p2a: Azumarill\n|move|p1a: Groudon|Toxic|p2a: Azumarill\n|-status|p2a: Azumarill|tox\n|\n|-weather|DesolateLand|[upkeep]\n|-damage|p2a: Azumarill|94\/100 tox|[from] psn\n|-start|p1a: Groudon|perish1\n|-start|p2a: Azumarill|perish1\n|upkeep\n|turn|4\n|\n|t:|1698522822\n|-weather|none\n|switch|p1a: Zygarde|Zygarde|100\/100\n|move|p2a: Azumarill|Belly Drum|p2a: Azumarill\n|-damage|p2a: Azumarill|44\/100 tox\n|-setboost|p2a: Azumarill|atk|6|[from] move: Belly Drum\n|-enditem|p2a: Azumarill|Sitrus Berry|[eat]\n|-heal|p2a: Azumarill|69\/100 tox|[from] item: Sitrus Berry\n|\n|-damage|p2a: Azumarill|57\/100 tox|[from] psn\n|-start|p2a: Azumarill|perish0\n|faint|p2a: Azumarill\n|upkeep\n|c|\u2606ibalistatitytwista|amazing!\n|\n|t:|1698522833\n|switch|p2a: Marshadow|Marshadow|100\/100\n|turn|5\n|\n|t:|1698522845\n|switch|p1a: Yveltal|Yveltal, shiny|100\/100\n|-ability|p1a: Yveltal|Dark Aura\n|move|p2a: Marshadow|Copycat|p2a: Marshadow\n|move|p2a: Marshadow|Belly Drum|p2a: Marshadow|[from]move: Copycat\n|-damage|p2a: Marshadow|51\/100\n|-setboost|p2a: Marshadow|atk|6|[from] move: Belly Drum\n|\n|upkeep\n|turn|6\n|c|\u2606ibalistatitytwista|oh no!!!!!! how can i win.......\n|c|\u2606ibalistatitytwista|gg ..\n|\n|t:|1698522860\n|move|p2a: Marshadow|Ice Punch|p1a: Yveltal\n|-supereffective|p1a: Yveltal\n|-damage|p1a: Yveltal|0 fnt\n|faint|p1a: Yveltal\n|\n|upkeep\n|\n|t:|1698522862\n|switch|p1a: lil baby|Taillow, L1, F|100\/100\n|turn|7\n|\n|t:|1698522869\n|move|p2a: Marshadow|Ice Punch|p1a: lil baby\n|-supereffective|p1a: lil baby\n|-enditem|p1a: lil baby|Focus Sash\n|-damage|p1a: lil baby|10\/100\n|move|p1a: lil baby|Endeavor|p2a: Marshadow\n|-damage|p2a: Marshadow|1\/100\n|\n|upkeep\n|turn|8\n|\n|t:|1698522876\n|move|p1a: lil baby|Quick Attack|p2a: Marshadow\n|-damage|p2a: Marshadow|0 fnt\n|faint|p2a: Marshadow\n|\n|win|ibalistatitytwista\n|raw|ibalistatitytwista's rating: 1131 &rarr; <strong>1151<\/strong><br \/>(+20 for winning)\n|raw|The N00B Guy's rating: 1061 &rarr; <strong>1046<\/strong><br \/>(-15 for losing)\n|l|\u203dThe N00B Guy\n","uploadtime":1698522880,"views":28,"p1id":"ibalistatitytwista","p2id":"then00bguy","formatid":"gen9nationaldexubers","rating":1046,"private":0,"password":""}