{"id":"gen9nationaldexubers-1984801734","p1":"Ryzefps","p2":"Siro4__","format":"[Gen 9] National Dex Ubers","log":"|j|\u2606Ryzefps\n|j|\u2606Siro4__\n|t:|1699300164\n|gametype|singles\n|player|p1|Ryzefps|265|\n|player|p2|Siro4__|2|\n|teamsize|p1|6\n|teamsize|p2|6\n|gen|9\n|tier|[Gen 9] National Dex Ubers\n|rule|HP Percentage Mod: HP is shown in percentages\n|rule|Endless Battle Clause: Forcing endless battles is banned\n|rule|OHKO Clause: OHKO moves are banned\n|rule|Evasion Moves Clause: Evasion moves are banned\n|rule|Evasion Items Clause: Evasion items are banned\n|rule|Species Clause: Limit one of each Pok\u00e9mon\n|rule|Sleep Clause Mod: Limit one foe put to sleep\n|rule|Mega Rayquaza Clause: You cannot mega evolve Rayquaza\n|clearpoke\n|poke|p1|Marshadow|\n|poke|p1|Great Tusk|\n|poke|p1|Zapdos|\n|poke|p1|Slowbro, M|\n|poke|p1|Heatran, M|\n|poke|p1|Glimmora, F|\n|poke|p2|Amoonguss, F|\n|poke|p2|Mimikyu, M|\n|poke|p2|Tapu Koko|\n|poke|p2|Incineroar, F|\n|poke|p2|Garchomp, F|\n|poke|p2|Greninja-*, F|\n|teampreview\n|\n|t:|1699300186\n|start\n|switch|p1a: Glimmora|Glimmora, F|100\/100\n|switch|p2a: Greninja|Greninja, F, shiny|100\/100\n|turn|1\n|\n|t:|1699300195\n|switch|p1a: Slowbro|Slowbro, M|100\/100\n|move|p2a: Greninja|Spikes|p1a: Slowbro\n|-start|p2a: Greninja|typechange|Ground|[from] ability: Protean\n|-sidestart|p1: Ryzefps|Spikes\n|\n|upkeep\n|turn|2\n|\n|t:|1699300206\n|switch|p2a: Tapu Koko|Tapu Koko, shiny|100\/100\n|-fieldstart|move: Electric Terrain|[from] ability: Electric Surge|[of] p2a: Tapu Koko\n|move|p1a: Slowbro|Surf|p2a: Tapu Koko\n|-damage|p2a: Tapu Koko|46\/100\n|\n|upkeep\n|turn|3\n|\n|t:|1699300214\n|switch|p1a: Great Tusk|Great Tusk|100\/100\n|-damage|p1a: Great Tusk|88\/100|[from] Spikes\n|move|p2a: Tapu Koko|Thunderbolt|p1a: Great Tusk\n|-immune|p1a: Great Tusk\n|\n|upkeep\n|turn|4\n|\n|t:|1699300227\n|switch|p2a: Greninja|Greninja, F, shiny|100\/100\n|move|p1a: Great Tusk|Headlong Rush|p2a: Greninja\n|-damage|p2a: Greninja|0 fnt\n|-unboost|p1a: Great Tusk|def|1\n|-unboost|p1a: Great Tusk|spd|1\n|faint|p2a: Greninja\n|\n|upkeep\n|\n|t:|1699300236\n|switch|p2a: Amoonguss|Amoonguss, F, shiny|100\/100\n|turn|5\n|\n|t:|1699300248\n|-end|p1a: Great Tusk|Protosynthesis|[silent]\n|switch|p1a: Zapdos|Zapdos|100\/100\n|move|p2a: Amoonguss|Giga Drain|p1a: Zapdos\n|-resisted|p1a: Zapdos\n|-damage|p1a: Zapdos|92\/100\n|\n|upkeep\n|turn|6\n|\n|t:|1699300267\n|switch|p2a: Garchomp|Garchomp, F, shiny|100\/100\n|move|p1a: Zapdos|Defog|p2a: Garchomp\n|-unboost|p2a: Garchomp|evasion|1\n|-sideend|p1: Ryzefps|Spikes|[from] move: Defog|[of] p1a: Zapdos\n|-fieldend|move: Electric Terrain\n|\n|upkeep\n|turn|7\n|\n|t:|1699300276\n|switch|p1a: Glimmora|Glimmora, F|100\/100\n|move|p2a: Garchomp|Swords Dance|p2a: Garchomp\n|-boost|p2a: Garchomp|atk|2\n|\n|upkeep\n|turn|8\n|\n|t:|1699300285\n|move|p2a: Garchomp|Aqua Tail|p1a: Glimmora\n|-supereffective|p1a: Glimmora\n|-enditem|p1a: Glimmora|Focus Sash\n|-damage|p1a: Glimmora|1\/100\n|-activate|p1a: Glimmora|ability: Toxic Debris\n|-sidestart|p2: Siro4__|move: Toxic Spikes\n|move|p1a: Glimmora|Stealth Rock|p2a: Garchomp\n|-sidestart|p2: Siro4__|move: Stealth Rock\n|\n|upkeep\n|turn|9\n|\n|t:|1699300293\n|move|p2a: Garchomp|Aqua Tail|p1a: Glimmora|[miss]\n|-miss|p2a: Garchomp|p1a: Glimmora\n|move|p1a: Glimmora|Spikes|p2a: Garchomp\n|-sidestart|p2: Siro4__|Spikes\n|\n|upkeep\n|turn|10\n|\n|t:|1699300304\n|move|p2a: Garchomp|Scale Shot|p1a: Glimmora\n|-damage|p1a: Glimmora|0 fnt\n|-activate|p1a: Glimmora|ability: Toxic Debris\n|-sidestart|p2: Siro4__|move: Toxic Spikes\n|faint|p1a: Glimmora\n|-hitcount|p1: Glimmora|1\n|-unboost|p2a: Garchomp|def|1\n|-boost|p2a: Garchomp|spe|1\n|\n|upkeep\n|\n|t:|1699300325\n|switch|p1a: Great Tusk|Great Tusk|88\/100\n|turn|11\n|\n|t:|1699300331\n|move|p2a: Garchomp|Earthquake|p1a: Great Tusk\n|-damage|p1a: Great Tusk|15\/100\n|move|p1a: Great Tusk|Ice Spinner|p2a: Garchomp\n|-supereffective|p2a: Garchomp\n|-damage|p2a: Garchomp|0 fnt\n|-damage|p1a: Great Tusk|3\/100|[from] ability: Rough Skin|[of] p2a: Garchomp\n|faint|p2a: Garchomp\n|\n|upkeep\n|\n|t:|1699300340\n|switch|p2a: Incineroar|Incineroar, F, shiny|100\/100\n|-ability|p2a: Incineroar|Intimidate|boost\n|-unboost|p1a: Great Tusk|atk|1\n|turn|12\n|\n|t:|1699300345\n|-end|p1a: Great Tusk|Protosynthesis|[silent]\n|switch|p1a: Heatran|Heatran, M|100\/100\n|-item|p1a: Heatran|Air Balloon\n|move|p2a: Incineroar|U-turn|p1a: Heatran\n|-resisted|p1a: Heatran\n|-damage|p1a: Heatran|96\/100\n|-enditem|p1a: Heatran|Air Balloon\n|\n|t:|1699300366\n|switch|p2a: Mimikyu|Mimikyu, M, shiny|100\/100|[from] U-turn\n|-status|p2a: Mimikyu|tox\n|-damage|p2a: Mimikyu|88\/100 tox|[from] Stealth Rock\n|-damage|p2a: Mimikyu|76\/100 tox|[from] Spikes\n|\n|-damage|p2a: Mimikyu|70\/100 tox|[from] psn\n|upkeep\n|turn|13\n|\n|t:|1699300384\n|move|p2a: Mimikyu|Play Rough|p1a: Heatran\n|-resisted|p1a: Heatran\n|-damage|p1a: Heatran|86\/100\n|-damage|p2a: Mimikyu|60\/100 tox|[from] item: Life Orb\n|move|p1a: Heatran|Earth Power|p2a: Mimikyu\n|-activate|p2a: Mimikyu|ability: Disguise\n|-damage|p2a: Mimikyu|60\/100 tox\n|detailschange|p2a: Mimikyu|Mimikyu-Busted, M, shiny\n|-damage|p2a: Mimikyu|48\/100 tox|[from] pokemon: Mimikyu-Busted\n|\n|-damage|p2a: Mimikyu|36\/100 tox|[from] psn\n|upkeep\n|turn|14\n|\n|t:|1699300412\n|move|p2a: Mimikyu|Shadow Claw|p1a: Heatran\n|-damage|p1a: Heatran|54\/100\n|-damage|p2a: Mimikyu|26\/100 tox|[from] item: Life Orb\n|move|p1a: Heatran|Earth Power|p2a: Mimikyu\n|-damage|p2a: Mimikyu|0 fnt\n|faint|p2a: Mimikyu\n|\n|upkeep\n|\n|t:|1699300436\n|switch|p2a: Tapu Koko|Tapu Koko, shiny|46\/100\n|-fieldstart|move: Electric Terrain|[from] ability: Electric Surge|[of] p2a: Tapu Koko\n|turn|15\n|\n|t:|1699300447\n|switch|p1a: Great Tusk|Great Tusk|3\/100\n|move|p2a: Tapu Koko|Roost|p2a: Tapu Koko\n|-heal|p2a: Tapu Koko|96\/100\n|-singleturn|p2a: Tapu Koko|move: Roost\n|\n|upkeep\n|turn|16\n|\n|t:|1699300458\n|move|p1a: Great Tusk|Headlong Rush|p2a: Tapu Koko\n|-supereffective|p2a: Tapu Koko\n|-damage|p2a: Tapu Koko|0 fnt\n|-unboost|p1a: Great Tusk|def|1\n|-unboost|p1a: Great Tusk|spd|1\n|faint|p2a: Tapu Koko\n|\n|upkeep\n|\n|t:|1699300464\n|switch|p2a: Amoonguss|Amoonguss, F, shiny|100\/100\n|-sideend|p2: Siro4__|move: Toxic Spikes|[of] p2a: Amoonguss\n|-damage|p2a: Amoonguss|88\/100|[from] Stealth Rock\n|-damage|p2a: Amoonguss|75\/100|[from] Spikes\n|turn|17\n|\n|t:|1699300472\n|-end|p1a: Great Tusk|Protosynthesis|[silent]\n|switch|p1a: Heatran|Heatran, M|54\/100\n|move|p2a: Amoonguss|Giga Drain|p1a: Heatran\n|-resisted|p1a: Heatran\n|-damage|p1a: Heatran|49\/100\n|-heal|p2a: Amoonguss|78\/100|[from] drain|[of] p1a: Heatran\n|\n|-heal|p2a: Amoonguss|84\/100|[from] item: Black Sludge\n|upkeep\n|turn|18\n|\n|t:|1699300489\n|switch|p2a: Incineroar|Incineroar, F, shiny|100\/100\n|-ability|p2a: Incineroar|Intimidate|boost\n|-unboost|p1a: Heatran|atk|1\n|move|p1a: Heatran|Earth Power|p2a: Incineroar\n|-supereffective|p2a: Incineroar\n|-damage|p2a: Incineroar|55\/100\n|\n|upkeep\n|turn|19\n|\n|t:|1699300506\n|switch|p1a: Slowbro|Slowbro, M|100\/100\n|move|p2a: Incineroar|Knock Off|p1a: Slowbro\n|-supereffective|p1a: Slowbro\n|-damage|p1a: Slowbro|48\/100\n|-enditem|p1a: Slowbro|Leftovers|[from] move: Knock Off|[of] p2a: Incineroar\n|\n|-fieldend|move: Electric Terrain\n|upkeep\n|turn|20\n|\n|t:|1699300513\n|move|p2a: Incineroar|Knock Off|p1a: Slowbro\n|-supereffective|p1a: Slowbro\n|-damage|p1a: Slowbro|15\/100\n|move|p1a: Slowbro|Surf|p2a: Incineroar\n|-supereffective|p2a: Incineroar\n|-damage|p2a: Incineroar|2\/100\n|\n|upkeep\n|turn|21\n|\n|t:|1699300520\n|move|p2a: Incineroar|Knock Off|p1a: Slowbro\n|-supereffective|p1a: Slowbro\n|-damage|p1a: Slowbro|0 fnt\n|faint|p1a: Slowbro\n|\n|upkeep\n|\n|t:|1699300525\n|switch|p1a: Great Tusk|Great Tusk|3\/100\n|turn|22\n|\n|t:|1699300532\n|move|p1a: Great Tusk|Ice Spinner|p2a: Incineroar\n|-resisted|p2a: Incineroar\n|-damage|p2a: Incineroar|0 fnt\n|faint|p2a: Incineroar\n|\n|upkeep\n|\n|t:|1699300537\n|switch|p2a: Amoonguss|Amoonguss, F, shiny|100\/100\n|-damage|p2a: Amoonguss|88\/100|[from] Stealth Rock\n|-damage|p2a: Amoonguss|75\/100|[from] Spikes\n|turn|23\n|\n|t:|1699300542\n|move|p1a: Great Tusk|Ice Spinner|p2a: Amoonguss\n|-supereffective|p2a: Amoonguss\n|-damage|p2a: Amoonguss|31\/100\n|move|p2a: Amoonguss|Giga Drain|p1a: Great Tusk\n|-supereffective|p1a: Great Tusk\n|-damage|p1a: Great Tusk|0 fnt\n|-heal|p2a: Amoonguss|32\/100|[from] drain|[of] p1a: Great Tusk\n|faint|p1a: Great Tusk\n|-end|p1a: Great Tusk|Protosynthesis|[silent]\n|\n|-heal|p2a: Amoonguss|38\/100|[from] item: Black Sludge\n|upkeep\n|\n|t:|1699300551\n|switch|p1a: Heatran|Heatran, M|49\/100\n|turn|24\n|\n|t:|1699300555\n|move|p1a: Heatran|Magma Storm|p2a: Amoonguss\n|-supereffective|p2a: Amoonguss\n|-damage|p2a: Amoonguss|0 fnt\n|faint|p2a: Amoonguss\n|\n|win|Ryzefps\n","uploadtime":1699300563,"views":12,"p1id":"ryzefps","p2id":"siro4","formatid":"gen9nationaldexubers","rating":0,"private":0,"password":""}