{"id":"gen9nationaldexubers-1994807488","p1":"WowTrainer","p2":"KJ.nyc","format":"[Gen 9] National Dex Ubers","log":"|j|\u2606WowTrainer\n|j|\u2606KJ.nyc\n|t:|1700494663\n|gametype|singles\n|player|p1|WowTrainer|ethan|1262\n|player|p2|KJ.nyc|hilbert|1166\n|teamsize|p1|6\n|teamsize|p2|6\n|gen|9\n|tier|[Gen 9] National Dex Ubers\n|rated|\n|rule|HP Percentage Mod: HP is shown in percentages\n|rule|Endless Battle Clause: Forcing endless battles is banned\n|rule|OHKO Clause: OHKO moves are banned\n|rule|Evasion Moves Clause: Evasion moves are banned\n|rule|Evasion Items Clause: Evasion items are banned\n|rule|Species Clause: Limit one of each Pok\u00e9mon\n|rule|Sleep Clause Mod: Limit one foe put to sleep\n|rule|Mega Rayquaza Clause: You cannot mega evolve Rayquaza\n|clearpoke\n|poke|p1|Pikachu, M|\n|poke|p1|Lucario, M|\n|poke|p1|Dragonite, F|\n|poke|p1|Gengar, M|\n|poke|p1|Sirfetch\u2019d, M|\n|poke|p1|Dracovish|\n|poke|p2|Pikachu, M|\n|poke|p2|Dragonite, F|\n|poke|p2|Gengar, M|\n|poke|p2|Lucario, M|\n|poke|p2|Sirfetch\u2019d, M|\n|poke|p2|Dracovish|\n|teampreview\n|c|\u2606KJ.nyc|glhf\n|inactive|Battle timer is ON: inactive players will automatically lose when time's up. (requested by KJ.nyc)\n|\n|t:|1700494680\n|start\n|switch|p1a: Sirfetch\u2019d|Sirfetch\u2019d, M|100\/100\n|switch|p2a: Dracovish|Dracovish|100\/100\n|turn|1\n|\n|t:|1700494686\n|move|p1a: Sirfetch\u2019d|First Impression|p2a: Dracovish\n|-crit|p2a: Dracovish\n|-damage|p2a: Dracovish|44\/100\n|move|p2a: Dracovish|Fishious Rend|p1a: Sirfetch\u2019d\n|-damage|p1a: Sirfetch\u2019d|16\/100\n|\n|upkeep\n|turn|2\n|\n|t:|1700494692\n|move|p2a: Dracovish|Fishious Rend|p1a: Sirfetch\u2019d\n|-damage|p1a: Sirfetch\u2019d|0 fnt\n|faint|p1a: Sirfetch\u2019d\n|\n|upkeep\n|\n|t:|1700494702\n|switch|p1a: Pikachu|Pikachu, M|100\/100\n|turn|3\n|\n|t:|1700494707\n|move|p1a: Pikachu|Volt Tackle|p2a: Dracovish\n|-damage|p2a: Dracovish|0 fnt\n|faint|p2a: Dracovish\n|-damage|p1a: Pikachu|77\/100|[from] Recoil\n|\n|upkeep\n|\n|t:|1700494710\n|switch|p2a: Sirfetch\u2019d|Sirfetch\u2019d, M|100\/100\n|turn|4\n|\n|t:|1700494715\n|move|p2a: Sirfetch\u2019d|First Impression|p1a: Pikachu\n|-crit|p1a: Pikachu\n|-damage|p1a: Pikachu|0 fnt\n|faint|p1a: Pikachu\n|\n|upkeep\n|\n|t:|1700494722\n|switch|p1a: Gengar|Gengar, M|100\/100\n|turn|5\n|\n|t:|1700494728\n|move|p1a: Gengar|Dazzling Gleam|p2a: Sirfetch\u2019d\n|-supereffective|p2a: Sirfetch\u2019d\n|-damage|p2a: Sirfetch\u2019d|4\/100\n|-damage|p1a: Gengar|91\/100|[from] item: Life Orb\n|move|p2a: Sirfetch\u2019d|Night Slash|p1a: Gengar\n|-supereffective|p1a: Gengar\n|-crit|p1a: Gengar\n|-damage|p1a: Gengar|0 fnt\n|-start|p2a: Sirfetch\u2019d|Disable|Night Slash|[from] ability: Cursed Body|[of] p1a: Gengar\n|faint|p1a: Gengar\n|\n|upkeep\n|\n|t:|1700494736\n|switch|p1a: Lucario|Lucario, M|100\/100\n|turn|6\n|\n|t:|1700494738\n|move|p1a: Lucario|Vacuum Wave|p2a: Sirfetch\u2019d\n|-damage|p2a: Sirfetch\u2019d|0 fnt\n|faint|p2a: Sirfetch\u2019d\n|\n|upkeep\n|\n|t:|1700494743\n|switch|p2a: Lucario|Lucario, M|100\/100\n|turn|7\n|\n|t:|1700494749\n|detailschange|p1a: Lucario|Lucario-Mega, M\n|-mega|p1a: Lucario|Lucario|Lucarionite\n|detailschange|p2a: Lucario|Lucario-Mega, M\n|-mega|p2a: Lucario|Lucario|Lucarionite\n|move|p1a: Lucario|Vacuum Wave|p2a: Lucario\n|-supereffective|p2a: Lucario\n|-damage|p2a: Lucario|9\/100\n|move|p2a: Lucario|Aura Sphere|p1a: Lucario\n|-supereffective|p1a: Lucario\n|-damage|p1a: Lucario|0 fnt\n|faint|p1a: Lucario\n|\n|upkeep\n|\n|t:|1700494758\n|switch|p1a: Dragonite|Dragonite, F|100\/100\n|turn|8\n|\n|t:|1700494760\n|move|p1a: Dragonite|Extreme Speed|p2a: Lucario\n|-resisted|p2a: Lucario\n|-damage|p2a: Lucario|0 fnt\n|faint|p2a: Lucario\n|\n|upkeep\n|\n|t:|1700494775\n|switch|p2a: Pikachu|Pikachu, M|100\/100\n|turn|9\n|\n|t:|1700494778\n|move|p2a: Pikachu|Thunderbolt|p1a: Dragonite\n|-crit|p1a: Dragonite\n|-damage|p1a: Dragonite|63\/100\n|move|p1a: Dragonite|Dragon Dance|p1a: Dragonite\n|-boost|p1a: Dragonite|atk|1\n|-boost|p1a: Dragonite|spe|1\n|\n|-heal|p1a: Dragonite|69\/100|[from] item: Leftovers\n|upkeep\n|turn|10\n|\n|t:|1700494784\n|move|p2a: Pikachu|Quick Attack|p1a: Dragonite\n|-damage|p1a: Dragonite|54\/100\n|move|p1a: Dragonite|Earthquake|p2a: Pikachu\n|-supereffective|p2a: Pikachu\n|-damage|p2a: Pikachu|0 fnt\n|faint|p2a: Pikachu\n|\n|-heal|p1a: Dragonite|60\/100|[from] item: Leftovers\n|upkeep\n|\n|t:|1700494788\n|switch|p2a: Dragonite|Dragonite, F|100\/100\n|turn|11\n|\n|t:|1700494792\n|-terastallize|p1a: Dragonite|Dragon\n|move|p1a: Dragonite|Dragon Claw|p2a: Dragonite\n|-supereffective|p2a: Dragonite\n|-damage|p2a: Dragonite|13\/100\n|move|p2a: Dragonite|Dragon Claw|p1a: Dragonite\n|-supereffective|p1a: Dragonite\n|-damage|p1a: Dragonite|0 fnt\n|faint|p1a: Dragonite\n|\n|-heal|p2a: Dragonite|19\/100|[from] item: Leftovers\n|upkeep\n|\n|t:|1700494797\n|switch|p1a: Dracovish|Dracovish|100\/100\n|turn|12\n|\n|t:|1700494802\n|move|p2a: Dragonite|Dragon Claw|p1a: Dracovish\n|-supereffective|p1a: Dracovish\n|-damage|p1a: Dracovish|26\/100\n|move|p1a: Dracovish|Fishious Rend|p2a: Dragonite\n|-resisted|p2a: Dragonite\n|-damage|p2a: Dragonite|0 fnt\n|faint|p2a: Dragonite\n|\n|upkeep\n|\n|t:|1700494807\n|switch|p2a: Gengar|Gengar, M|100\/100\n|turn|13\n|\n|t:|1700494810\n|move|p2a: Gengar|Dazzling Gleam|p1a: Dracovish\n|-supereffective|p1a: Dracovish\n|-damage|p1a: Dracovish|0 fnt\n|faint|p1a: Dracovish\n|\n|win|KJ.nyc\n|raw|WowTrainer's rating: 1262 &rarr; <strong>1230<\/strong><br \/>(-32 for losing)\n|raw|KJ.nyc's rating: 1166 &rarr; <strong>1198<\/strong><br \/>(+32 for winning)\n|c|\u2606KJ.nyc|gg\n|l|\u2606WowTrainer\n","uploadtime":1700494821,"views":1,"p1id":"wowtrainer","p2id":"kjnyc","formatid":"gen9nationaldexubers","rating":1198,"private":0,"password":""}