{"id":"gen9nationaldexubers-1996996824","p1":"Morohathepupper","p2":"speedcuber05","format":"[Gen 9] National Dex Ubers","log":"|j|\u2606Morohathepupper\n|j|\u2606speedcuber05\n|t:|1700753894\n|gametype|singles\n|player|p1|Morohathepupper|gambler|1351\n|player|p2|speedcuber05|giovanni|1308\n|teamsize|p1|6\n|teamsize|p2|6\n|gen|9\n|tier|[Gen 9] National Dex Ubers\n|rated|\n|rule|HP Percentage Mod: HP is shown in percentages\n|rule|Endless Battle Clause: Forcing endless battles is banned\n|rule|OHKO Clause: OHKO moves are banned\n|rule|Evasion Moves Clause: Evasion moves are banned\n|rule|Evasion Items Clause: Evasion items are banned\n|rule|Species Clause: Limit one of each Pok\u00e9mon\n|rule|Sleep Clause Mod: Limit one foe put to sleep\n|rule|Mega Rayquaza Clause: You cannot mega evolve Rayquaza\n|clearpoke\n|poke|p1|Shuckle, M|\n|poke|p1|Pyukumuku, M|\n|poke|p1|Groudon|\n|poke|p1|Necrozma-Dusk-Mane|\n|poke|p1|Zygarde|\n|poke|p1|Yveltal|\n|poke|p2|Groudon|\n|poke|p2|Kyogre|\n|poke|p2|Zacian-*|\n|poke|p2|Calyrex-Ice|\n|poke|p2|Metagross|\n|poke|p2|Kingambit, M|\n|teampreview\n|\n|t:|1700753902\n|start\n|switch|p1a: Shuckle|Shuckle, M|100\/100\n|switch|p2a: Groudon|Groudon, shiny|100\/100\n|detailschange|p2a: Groudon|Groudon-Primal, shiny\n|-primal|p2a: Groudon|Red Orb\n|-weather|DesolateLand|[from] ability: Desolate Land|[of] p2a: Groudon\n|turn|1\n|c|\u2606Morohathepupper|Oh and actual team and not someone who\u2019s afraid to \u201clegend spam\u201d\n|\n|t:|1700753931\n|move|p2a: Groudon|Stealth Rock|p1a: Shuckle\n|-sidestart|p1: Morohathepupper|move: Stealth Rock\n|move|p1a: Shuckle|Sticky Web|p2a: Groudon\n|-sidestart|p2: speedcuber05|move: Sticky Web\n|\n|-weather|DesolateLand|[upkeep]\n|upkeep\n|turn|2\n|inactive|Battle timer is ON: inactive players will automatically lose when time's up. (requested by Morohathepupper)\n|\n|t:|1700753976\n|move|p2a: Groudon|Earthquake|p1a: Shuckle\n|-damage|p1a: Shuckle|47\/100\n|move|p1a: Shuckle|Stealth Rock|p2a: Groudon\n|-sidestart|p2: speedcuber05|move: Stealth Rock\n|\n|-weather|DesolateLand|[upkeep]\n|upkeep\n|turn|3\n|c|\u2606speedcuber05|i can rematch with my actual team if you want\n|\n|t:|1700754000\n|move|p2a: Groudon|Swords Dance|p2a: Groudon\n|-boost|p2a: Groudon|atk|2\n|move|p1a: Shuckle|Infestation|p2a: Groudon\n|-resisted|p2a: Groudon\n|-damage|p2a: Groudon|99\/100\n|-activate|p2a: Groudon|move: Infestation|[of] p1a: Shuckle\n|\n|-weather|DesolateLand|[upkeep]\n|-damage|p2a: Groudon|87\/100|[from] move: Infestation|[partiallytrapped]\n|upkeep\n|turn|4\n|c|\u2606Morohathepupper|No this is a good team\n|c|\u2606Morohathepupper|thats what I was saying\n|c|\u2606speedcuber05|i thought it was sarcasm\n|inactive|Morohathepupper has 120 seconds left.\n|c|\u2606Morohathepupper|No\n|\n|t:|1700754038\n|move|p2a: Groudon|Earthquake|p1a: Shuckle\n|-damage|p1a: Shuckle|0 fnt\n|faint|p1a: Shuckle\n|\n|-weather|DesolateLand|[upkeep]\n|-end|p2a: Groudon|Infestation|[partiallytrapped]|[silent]\n|upkeep\n|c|\u2606speedcuber05|i made this team because I tired of groudon and kyorgre\n|\n|t:|1700754048\n|switch|p1a: Groudon|Groudon|100\/100\n|-damage|p1a: Groudon|94\/100|[from] Stealth Rock\n|detailschange|p1a: Groudon|Groudon-Primal\n|-primal|p1a: Groudon|Red Orb\n|turn|5\n|\n|t:|1700754057\n|move|p1a: Groudon|Earthquake|p2a: Groudon\n|-supereffective|p2a: Groudon\n|-damage|p2a: Groudon|0 fnt\n|faint|p2a: Groudon\n|\n|-weather|DesolateLand|[upkeep]\n|upkeep\n|c|\u2606Morohathepupper|True\n|\n|t:|1700754066\n|switch|p2a: Kyogre|Kyogre|100\/100\n|-activate|p2a: Kyogre|move: Sticky Web\n|-unboost|p2a: Kyogre|spe|1\n|-damage|p2a: Kyogre|88\/100|[from] Stealth Rock\n|detailschange|p2a: Kyogre|Kyogre-Primal\n|-primal|p2a: Kyogre|Blue Orb\n|-weather|PrimordialSea|[from] ability: Primordial Sea|[of] p2a: Kyogre\n|turn|6\n|\n|t:|1700754078\n|move|p1a: Groudon|Earthquake|p2a: Kyogre\n|-damage|p2a: Kyogre|29\/100\n|move|p2a: Kyogre|Calm Mind|p2a: Kyogre\n|-boost|p2a: Kyogre|spa|1\n|-boost|p2a: Kyogre|spd|1\n|\n|-weather|PrimordialSea|[upkeep]\n|upkeep\n|turn|7\n|c|\u2606speedcuber05|i thoguht you would switch\n|\n|t:|1700754089\n|move|p1a: Groudon|Earthquake|p2a: Kyogre\n|-damage|p2a: Kyogre|0 fnt\n|faint|p2a: Kyogre\n|-weather|none\n|\n|upkeep\n|\n|t:|1700754103\n|switch|p2a: Calyrex|Calyrex-Ice|100\/100\n|-ability|p2a: Calyrex|As One\n|-ability|p2a: Calyrex|Unnerve\n|-activate|p2a: Calyrex|move: Sticky Web\n|-unboost|p2a: Calyrex|spe|1\n|-damage|p2a: Calyrex|76\/100|[from] Stealth Rock\n|turn|8\n|c|\u2606Morohathepupper|Ps sticky stops Kyogre counters that\u2019s why I stayed in\n|\n|t:|1700754113\n|move|p1a: Groudon|Fire Punch|p2a: Calyrex\n|-supereffective|p2a: Calyrex\n|-damage|p2a: Calyrex|17\/100\n|-enditem|p2a: Calyrex|Weakness Policy\n|-boost|p2a: Calyrex|atk|2|[from] item: Weakness Policy\n|-boost|p2a: Calyrex|spa|2|[from] item: Weakness Policy\n|move|p2a: Calyrex|Trick Room|p2a: Calyrex\n|-fieldstart|move: Trick Room|[of] p2a: Calyrex\n|\n|upkeep\n|turn|9\n|\n|t:|1700754127\n|switch|p1a: Pyukumuku|Pyukumuku, M|100\/100\n|-damage|p1a: Pyukumuku|88\/100|[from] Stealth Rock\n|move|p2a: Calyrex|High Horsepower|p1a: Pyukumuku\n|-damage|p1a: Pyukumuku|55\/100\n|\n|-heal|p1a: Pyukumuku|61\/100|[from] item: Leftovers\n|upkeep\n|turn|10\n|\n|t:|1700754140\n|move|p1a: Pyukumuku|Reflect|p1a: Pyukumuku\n|-sidestart|p1: Morohathepupper|Reflect\n|move|p2a: Calyrex|Glacial Lance|p1a: Pyukumuku\n|-resisted|p1a: Pyukumuku\n|-damage|p1a: Pyukumuku|44\/100\n|\n|-heal|p1a: Pyukumuku|50\/100|[from] item: Leftovers\n|upkeep\n|turn|11\n|\n|t:|1700754150\n|move|p1a: Pyukumuku|Recover|p1a: Pyukumuku\n|-heal|p1a: Pyukumuku|100\/100\n|move|p2a: Calyrex|Swords Dance|p2a: Calyrex\n|-boost|p2a: Calyrex|atk|2\n|\n|upkeep\n|turn|12\n|\n|t:|1700754159\n|move|p1a: Pyukumuku|Toxic|p2a: Calyrex\n|-status|p2a: Calyrex|tox\n|move|p2a: Calyrex|High Horsepower|p1a: Pyukumuku\n|-damage|p1a: Pyukumuku|86\/100\n|\n|-heal|p1a: Pyukumuku|92\/100|[from] item: Leftovers\n|-damage|p2a: Calyrex|11\/100 tox|[from] psn\n|-fieldend|move: Trick Room\n|upkeep\n|turn|13\n|c|\u2606Morohathepupper|Behold the immortal sea cucumber\n|c|\u2606speedcuber05|i just got phy attackers\n|inactive|speedcuber05 has 120 seconds left.\n|\n|t:|1700754205\n|move|p2a: Calyrex|Swords Dance|p2a: Calyrex\n|-boost|p2a: Calyrex|atk|2\n|move|p1a: Pyukumuku|Soak|p2a: Calyrex\n|-start|p2a: Calyrex|typechange|Water\n|\n|-heal|p1a: Pyukumuku|98\/100|[from] item: Leftovers\n|-damage|p2a: Calyrex|0 fnt|[from] psn\n|faint|p2a: Calyrex\n|upkeep\n|c|\u2606Morohathepupper|Ps even special attacker won\u2019t cut it\n|\n|t:|1700754227\n|switch|p2a: Metagross|Metagross|100\/100\n|-activate|p2a: Metagross|move: Sticky Web\n|-fail|p2a: Metagross|unboost|[from] ability: Clear Body|[of] p2a: Metagross\n|-damage|p2a: Metagross|95\/100|[from] Stealth Rock\n|turn|14\n|c|\u2606Morohathepupper|It has 400 spdef\n|\n|t:|1700754236\n|detailschange|p2a: Metagross|Metagross-Mega\n|-mega|p2a: Metagross|Metagross|Metagrossite\n|move|p2a: Metagross|Zen Headbutt|p1a: Pyukumuku\n|-damage|p1a: Pyukumuku|71\/100\n|cant|p1a: Pyukumuku|flinch\n|\n|-heal|p1a: Pyukumuku|77\/100|[from] item: Leftovers\n|-sideend|p1: Morohathepupper|Reflect\n|upkeep\n|turn|15\n|\n|t:|1700754243\n|move|p2a: Metagross|Zen Headbutt|p1a: Pyukumuku\n|-damage|p1a: Pyukumuku|28\/100\n|move|p1a: Pyukumuku|Reflect|p1a: Pyukumuku\n|-sidestart|p1: Morohathepupper|Reflect\n|\n|-heal|p1a: Pyukumuku|34\/100|[from] item: Leftovers\n|upkeep\n|turn|16\n|\n|t:|1700754249\n|move|p2a: Metagross|Zen Headbutt|p1a: Pyukumuku\n|-damage|p1a: Pyukumuku|9\/100\n|move|p1a: Pyukumuku|Recover|p1a: Pyukumuku\n|-heal|p1a: Pyukumuku|59\/100\n|\n|-heal|p1a: Pyukumuku|65\/100|[from] item: Leftovers\n|upkeep\n|turn|17\n|\n|t:|1700754256\n|move|p2a: Metagross|Zen Headbutt|p1a: Pyukumuku\n|-damage|p1a: Pyukumuku|42\/100\n|move|p1a: Pyukumuku|Recover|p1a: Pyukumuku\n|-heal|p1a: Pyukumuku|92\/100\n|\n|-heal|p1a: Pyukumuku|98\/100|[from] item: Leftovers\n|upkeep\n|turn|18\n|\n|t:|1700754270\n|move|p2a: Metagross|Zen Headbutt|p1a: Pyukumuku\n|-damage|p1a: Pyukumuku|74\/100\n|move|p1a: Pyukumuku|Soak|p2a: Metagross\n|-start|p2a: Metagross|typechange|Water\n|\n|-heal|p1a: Pyukumuku|80\/100|[from] item: Leftovers\n|upkeep\n|turn|19\n|c|\u2606Morohathepupper|That was close\n|inactive|speedcuber05 has 120 seconds left.\n|\n|t:|1700754286\n|move|p2a: Metagross|Ice Punch|p1a: Pyukumuku\n|-resisted|p1a: Pyukumuku\n|-damage|p1a: Pyukumuku|72\/100\n|move|p1a: Pyukumuku|Toxic|p2a: Metagross\n|-status|p2a: Metagross|tox\n|\n|-heal|p1a: Pyukumuku|78\/100|[from] item: Leftovers\n|-damage|p2a: Metagross|89\/100 tox|[from] psn\n|-sideend|p1: Morohathepupper|Reflect\n|upkeep\n|turn|20\n|c|\u2606Morohathepupper|Ps he ignore toxic immunity\n|\n|t:|1700754310\n|move|p2a: Metagross|Ice Punch|p1a: Pyukumuku\n|-resisted|p1a: Pyukumuku\n|-damage|p1a: Pyukumuku|62\/100\n|move|p1a: Pyukumuku|Reflect|p1a: Pyukumuku\n|-sidestart|p1: Morohathepupper|Reflect\n|\n|-heal|p1a: Pyukumuku|68\/100|[from] item: Leftovers\n|-damage|p2a: Metagross|77\/100 tox|[from] psn\n|upkeep\n|turn|21\n|\n|t:|1700754322\n|move|p2a: Metagross|Ice Punch|p1a: Pyukumuku\n|-resisted|p1a: Pyukumuku\n|-damage|p1a: Pyukumuku|60\/100\n|move|p1a: Pyukumuku|Soak|p2a: Metagross\n|-fail|p2a: Metagross\n|\n|-heal|p1a: Pyukumuku|66\/100|[from] item: Leftovers\n|-damage|p2a: Metagross|59\/100 tox|[from] psn\n|upkeep\n|turn|22\n|\n|t:|1700754333\n|move|p2a: Metagross|Ice Punch|p1a: Pyukumuku\n|-resisted|p1a: Pyukumuku\n|-damage|p1a: Pyukumuku|58\/100\n|move|p1a: Pyukumuku|Soak|p2a: Metagross\n|-fail|p2a: Metagross\n|\n|-heal|p1a: Pyukumuku|64\/100|[from] item: Leftovers\n|-damage|p2a: Metagross|35\/100 tox|[from] psn\n|upkeep\n|turn|23\n|\n|t:|1700754343\n|move|p2a: Metagross|Ice Punch|p1a: Pyukumuku\n|-resisted|p1a: Pyukumuku\n|-damage|p1a: Pyukumuku|57\/100\n|move|p1a: Pyukumuku|Reflect||[still]\n|-fail|p1a: Pyukumuku\n|\n|-heal|p1a: Pyukumuku|63\/100|[from] item: Leftovers\n|-damage|p2a: Metagross|5\/100 tox|[from] psn\n|upkeep\n|turn|24\n|\n|t:|1700754351\n|move|p2a: Metagross|Ice Punch|p1a: Pyukumuku\n|-resisted|p1a: Pyukumuku\n|-damage|p1a: Pyukumuku|55\/100\n|move|p1a: Pyukumuku|Recover|p1a: Pyukumuku\n|-heal|p1a: Pyukumuku|100\/100\n|\n|-damage|p2a: Metagross|0 fnt|[from] psn\n|faint|p2a: Metagross\n|-sideend|p1: Morohathepupper|Reflect\n|upkeep\n|\n|t:|1700754362\n|switch|p2a: Zacian|Zacian-Crowned|100\/100\n|-activate|p2a: Zacian|move: Sticky Web\n|-unboost|p2a: Zacian|spe|1\n|-damage|p2a: Zacian|94\/100|[from] Stealth Rock\n|-ability|p2a: Zacian|Intrepid Sword|boost\n|-boost|p2a: Zacian|atk|1\n|turn|25\n|\n|t:|1700754368\n|move|p2a: Zacian|Swords Dance|p2a: Zacian\n|-boost|p2a: Zacian|atk|2\n|move|p1a: Pyukumuku|Reflect|p1a: Pyukumuku\n|-sidestart|p1: Morohathepupper|Reflect\n|\n|upkeep\n|turn|26\n|\n|t:|1700754373\n|move|p2a: Zacian|Swords Dance|p2a: Zacian\n|-boost|p2a: Zacian|atk|2\n|move|p1a: Pyukumuku|Soak|p2a: Zacian\n|-start|p2a: Zacian|typechange|Water\n|\n|upkeep\n|turn|27\n|\n|t:|1700754378\n|move|p2a: Zacian|Swords Dance|p2a: Zacian\n|-boost|p2a: Zacian|atk|1\n|move|p1a: Pyukumuku|Toxic|p2a: Zacian\n|-status|p2a: Zacian|tox\n|\n|-damage|p2a: Zacian|88\/100 tox|[from] psn\n|upkeep\n|turn|28\n|\n|t:|1700754388\n|move|p2a: Zacian|Brick Break|p1a: Pyukumuku\n|-sideend|p1: Morohathepupper|Reflect\n|-damage|p1a: Pyukumuku|79\/100\n|move|p1a: Pyukumuku|Soak|p2a: Zacian\n|-fail|p2a: Zacian\n|\n|-heal|p1a: Pyukumuku|85\/100|[from] item: Leftovers\n|-damage|p2a: Zacian|76\/100 tox|[from] psn\n|upkeep\n|turn|29\n|\n|t:|1700754398\n|move|p2a: Zacian|Play Rough|p1a: Pyukumuku\n|-damage|p1a: Pyukumuku|59\/100\n|move|p1a: Pyukumuku|Reflect|p1a: Pyukumuku\n|-sidestart|p1: Morohathepupper|Reflect\n|\n|-heal|p1a: Pyukumuku|65\/100|[from] item: Leftovers\n|-damage|p2a: Zacian|57\/100 tox|[from] psn\n|upkeep\n|turn|30\n|\n|t:|1700754405\n|move|p2a: Zacian|Brick Break|p1a: Pyukumuku\n|-sideend|p1: Morohathepupper|Reflect\n|-damage|p1a: Pyukumuku|43\/100\n|move|p1a: Pyukumuku|Recover|p1a: Pyukumuku\n|-heal|p1a: Pyukumuku|93\/100\n|\n|-heal|p1a: Pyukumuku|99\/100|[from] item: Leftovers\n|-damage|p2a: Zacian|32\/100 tox|[from] psn\n|upkeep\n|turn|31\n|c|\u2606speedcuber05|how much def do you hasve\n|c|\u2606Morohathepupper|Only 290 why?\n|inactive|speedcuber05 has 120 seconds left.\n|c|\u2606speedcuber05|my attack is 1300\n|\n|t:|1700754444\n|move|p2a: Zacian|Brick Break|p1a: Pyukumuku\n|-damage|p1a: Pyukumuku|78\/100\n|move|p1a: Pyukumuku|Reflect|p1a: Pyukumuku\n|-sidestart|p1: Morohathepupper|Reflect\n|\n|-heal|p1a: Pyukumuku|84\/100|[from] item: Leftovers\n|-damage|p2a: Zacian|2\/100 tox|[from] psn\n|upkeep\n|turn|32\n|c|\u2606Morohathepupper|Yeah\n|inactive|speedcuber05 has 120 seconds left.\n|c|\u2606Morohathepupper|I know hehe\n|\n|t:|1700754460\n|move|p2a: Zacian|Brick Break|p1a: Pyukumuku\n|-sideend|p1: Morohathepupper|Reflect\n|-damage|p1a: Pyukumuku|62\/100\n|move|p1a: Pyukumuku|Recover|p1a: Pyukumuku\n|-heal|p1a: Pyukumuku|100\/100\n|\n|-damage|p2a: Zacian|0 fnt|[from] psn\n|faint|p2a: Zacian\n|upkeep\n|c|\u2606speedcuber05|how is not doing damage\n|inactive|speedcuber05 has 120 seconds left.\n|\n|t:|1700754467\n|switch|p2a: Kingambit|Kingambit, M|100\/100\n|-activate|p2a: Kingambit|move: Sticky Web\n|-unboost|p2a: Kingambit|spe|1\n|-damage|p2a: Kingambit|94\/100|[from] Stealth Rock\n|-activate|p2a: Kingambit|ability: Supreme Overlord\n|-start|p2a: Kingambit|fallen5|[silent]\n|turn|33\n|\n|t:|1700754476\n|move|p2a: Kingambit|Sucker Punch||[still]\n|-fail|p2a: Kingambit\n|move|p1a: Pyukumuku|Reflect|p1a: Pyukumuku\n|-sidestart|p1: Morohathepupper|Reflect\n|\n|upkeep\n|turn|34\n|c|\u2606Morohathepupper|Hehe\n|\n|t:|1700754490\n|-terastallize|p2a: Kingambit|Dark\n|move|p2a: Kingambit|Sucker Punch||[still]\n|-fail|p2a: Kingambit\n|move|p1a: Pyukumuku|Soak|p2a: Kingambit\n|-fail|p2a: Kingambit\n|\n|upkeep\n|turn|35\n|inactive|speedcuber05 has 120 seconds left.\n|c|\u2606speedcuber05|:skull:\n|\n|t:|1700754510\n|move|p2a: Kingambit|Sucker Punch||[still]\n|-fail|p2a: Kingambit\n|move|p1a: Pyukumuku|Toxic|p2a: Kingambit\n|-status|p2a: Kingambit|tox\n|\n|-damage|p2a: Kingambit|88\/100 tox|[from] psn\n|upkeep\n|turn|36\n|c|\u2606Morohathepupper|Hehe\n|inactive|speedcuber05 has 120 seconds left.\n|c|\u2606Morohathepupper|No damage\n|c|\u2606speedcuber05|how is it failed\n|c|\u2606Morohathepupper|Idk\n|inactive|speedcuber05 has 90 seconds left.\n|\n|t:|1700754569\n|move|p2a: Kingambit|Sucker Punch||[still]\n|-fail|p2a: Kingambit\n|move|p1a: Pyukumuku|Soak|p2a: Kingambit\n|-fail|p2a: Kingambit\n|\n|-damage|p2a: Kingambit|76\/100 tox|[from] psn\n|upkeep\n|turn|37\n|inactive|Morohathepupper has 120 seconds left.\n|c|\u2606speedcuber05|sucker only works if the oppo does a damaging move\n|c|\u2606speedcuber05|gg then\n|c|\u2606Morohathepupper|Ps I have unaware\n|inactive|Morohathepupper has 90 seconds left.\n|c|\u2606Morohathepupper|So if you have buffs I have infinite def\n|\n|t:|1700754634\n|move|p2a: Kingambit|Sucker Punch||[still]\n|-fail|p2a: Kingambit\n|move|p1a: Pyukumuku|Soak|p2a: Kingambit\n|-fail|p2a: Kingambit\n|\n|-damage|p2a: Kingambit|57\/100 tox|[from] psn\n|-sideend|p1: Morohathepupper|Reflect\n|upkeep\n|turn|38\n|c|\u2606speedcuber05|ohhh\n|\n|t:|1700754649\n|move|p2a: Kingambit|Sucker Punch||[still]\n|-fail|p2a: Kingambit\n|move|p1a: Pyukumuku|Reflect|p1a: Pyukumuku\n|-sidestart|p1: Morohathepupper|Reflect\n|\n|-damage|p2a: Kingambit|33\/100 tox|[from] psn\n|upkeep\n|turn|39\n|c|\u2606speedcuber05|damn\n|inactive|Morohathepupper has 90 seconds left.\n|c|\u2606speedcuber05|i don\n|c|\u2606speedcuber05|like the rock\n|c|\u2606Morohathepupper|It\u2019s the same reason qaugsire is top tier despite having shit stats\n|inactive|Morohathepupper has 60 seconds left.\n|\n|t:|1700754686\n|move|p2a: Kingambit|Sucker Punch||[still]\n|-fail|p2a: Kingambit\n|move|p1a: Pyukumuku|Soak|p2a: Kingambit\n|-fail|p2a: Kingambit\n|\n|-damage|p2a: Kingambit|2\/100 tox|[from] psn\n|upkeep\n|turn|40\n|c|\u2606speedcuber05|hmm\n|inactive|speedcuber05 has 60 seconds left.\n|\n|t:|1700754706\n|move|p2a: Kingambit|Sucker Punch||[still]\n|-fail|p2a: Kingambit\n|move|p1a: Pyukumuku|Reflect||[still]\n|-fail|p1a: Pyukumuku\n|\n|-damage|p2a: Kingambit|0 fnt|[from] psn\n|faint|p2a: Kingambit\n|-end|p2a: Kingambit|fallen5|[silent]\n|\n|win|Morohathepupper\n|upkeep\n|raw|Morohathepupper's rating: 1351 &rarr; <strong>1369<\/strong><br \/>(+18 for winning)\n|raw|speedcuber05's rating: 1308 &rarr; <strong>1290<\/strong><br \/>(-18 for losing)\n|c|\u2606speedcuber05|gg\n|l|\u2606speedcuber05\n|c|\u2606Morohathepupper|Gg want the psaste?\n","uploadtime":1700754729,"views":0,"p1id":"morohathepupper","p2id":"speedcuber05","formatid":"gen9nationaldexubers","rating":1290,"private":0,"password":""}