{"id":"gen9nationaldexubers-1991943735","p1":"27frd","p2":"JustMonika_CARR","format":"[Gen 9] National Dex Ubers","log":"|j|\u260627frd\n|j|\u2606JustMonika_CARR\n|t:|1700141004\n|gametype|singles\n|player|p1|27frd|hilbert|1434\n|player|p2|JustMonika_CARR|rosa|1512\n|teamsize|p1|6\n|teamsize|p2|6\n|gen|9\n|tier|[Gen 9] National Dex Ubers\n|rated|\n|rule|HP Percentage Mod: HP is shown in percentages\n|rule|Endless Battle Clause: Forcing endless battles is banned\n|rule|OHKO Clause: OHKO moves are banned\n|rule|Evasion Moves Clause: Evasion moves are banned\n|rule|Evasion Items Clause: Evasion items are banned\n|rule|Species Clause: Limit one of each Pok\u00e9mon\n|rule|Sleep Clause Mod: Limit one foe put to sleep\n|rule|Mega Rayquaza Clause: You cannot mega evolve Rayquaza\n|clearpoke\n|poke|p1|Arceus|\n|poke|p1|Mew|\n|poke|p1|Darkrai|\n|poke|p1|Dialga|\n|poke|p1|Palkia|\n|poke|p1|Giratina|\n|poke|p2|Marshadow|\n|poke|p2|Lopunny, F|\n|poke|p2|Dialga|\n|poke|p2|Forretress, F|\n|poke|p2|Pheromosa|\n|poke|p2|Grimmsnarl, M|\n|teampreview\n|\n|t:|1700141014\n|start\n|switch|p1a: Dialga|Dialga|100\/100\n|switch|p2a: Forretress|Forretress, F, shiny|100\/100\n|-ability|p1a: Dialga|Pressure\n|turn|1\n|\n|t:|1700141025\n|switch|p1a: Mew|Mew|100\/100\n|move|p2a: Forretress|Toxic Spikes|p1a: Mew\n|-sidestart|p1: 27frd|move: Toxic Spikes\n|\n|upkeep\n|turn|2\n|\n|t:|1700141031\n|move|p1a: Mew|Defog|p2a: Forretress\n|-unboost|p2a: Forretress|evasion|1\n|-sideend|p1: 27frd|Toxic Spikes|[from] move: Defog|[of] p1a: Mew\n|move|p2a: Forretress|Toxic Spikes|p1a: Mew\n|-sidestart|p1: 27frd|move: Toxic Spikes\n|\n|upkeep\n|turn|3\n|\n|t:|1700141037\n|move|p1a: Mew|Toxic Spikes|p2a: Forretress\n|-sidestart|p2: JustMonika_CARR|move: Toxic Spikes\n|move|p2a: Forretress|Stealth Rock|p1a: Mew\n|-sidestart|p1: 27frd|move: Stealth Rock\n|\n|upkeep\n|turn|4\n|\n|t:|1700141041\n|move|p1a: Mew|Stealth Rock|p2a: Forretress\n|-sidestart|p2: JustMonika_CARR|move: Stealth Rock\n|move|p2a: Forretress|Toxic Spikes|p1a: Mew\n|-sidestart|p1: 27frd|move: Toxic Spikes\n|\n|upkeep\n|turn|5\n|\n|t:|1700141047\n|move|p1a: Mew|Toxic Spikes|p2a: Forretress\n|-sidestart|p2: JustMonika_CARR|move: Toxic Spikes\n|move|p2a: Forretress|Rapid Spin|p1a: Mew\n|-damage|p1a: Mew|93\/100\n|-boost|p2a: Forretress|spe|1\n|-sideend|p2: JustMonika_CARR|Toxic Spikes|[from] move: Rapid Spin|[of] p2a: Forretress\n|-sideend|p2: JustMonika_CARR|Stealth Rock|[from] move: Rapid Spin|[of] p2a: Forretress\n|-enditem|p1a: Mew|Red Card|[of] p2a: Forretress\n|drag|p2a: Lopunny|Lopunny, F, shiny|100\/100\n|\n|upkeep\n|turn|6\n|\n|t:|1700141057\n|detailschange|p2a: Lopunny|Lopunny-Mega, F, shiny\n|-mega|p2a: Lopunny|Lopunny|Lopunnite\n|move|p2a: Lopunny|Fake Out|p1a: Mew\n|-damage|p1a: Mew|75\/100\n|cant|p1a: Mew|flinch\n|\n|upkeep\n|turn|7\n|\n|t:|1700141065\n|switch|p2a: Forretress|Forretress, F, shiny|100\/100\n|move|p1a: Mew|Defog|p2a: Forretress\n|-unboost|p2a: Forretress|evasion|1\n|-sideend|p1: 27frd|Toxic Spikes|[from] move: Defog|[of] p1a: Mew\n|-sideend|p1: 27frd|Stealth Rock|[from] move: Defog|[of] p1a: Mew\n|\n|upkeep\n|turn|8\n|\n|t:|1700141073\n|move|p1a: Mew|Toxic Spikes|p2a: Forretress\n|-sidestart|p2: JustMonika_CARR|move: Toxic Spikes\n|move|p2a: Forretress|Toxic Spikes|p1a: Mew\n|-sidestart|p1: 27frd|move: Toxic Spikes\n|\n|upkeep\n|turn|9\n|\n|t:|1700141078\n|move|p1a: Mew|Stealth Rock|p2a: Forretress\n|-sidestart|p2: JustMonika_CARR|move: Stealth Rock\n|move|p2a: Forretress|Toxic Spikes|p1a: Mew\n|-sidestart|p1: 27frd|move: Toxic Spikes\n|\n|upkeep\n|turn|10\n|\n|t:|1700141084\n|switch|p1a: Giratina|Giratina|100\/100\n|-status|p1a: Giratina|tox\n|-ability|p1a: Giratina|Pressure\n|move|p2a: Forretress|Stealth Rock|p1a: Giratina\n|-sidestart|p1: 27frd|move: Stealth Rock\n|\n|-damage|p1a: Giratina|94\/100 tox|[from] psn\n|upkeep\n|turn|11\n|\n|t:|1700141094\n|move|p1a: Giratina|Will-O-Wisp|p2a: Forretress\n|-status|p2a: Forretress|brn\n|move|p2a: Forretress|Rapid Spin|p1a: Giratina\n|-immune|p1a: Giratina\n|\n|-damage|p1a: Giratina|82\/100 tox|[from] psn\n|-damage|p2a: Forretress|94\/100 brn|[from] brn\n|upkeep\n|turn|12\n|\n|t:|1700141104\n|move|p1a: Giratina|Hex|p2a: Forretress\n|-damage|p2a: Forretress|25\/100 brn\n|-enditem|p2a: Forretress|Red Card|[of] p1a: Giratina\n|drag|p1a: Palkia|Palkia|100\/100\n|-status|p1a: Palkia|tox\n|-damage|p1a: Palkia|88\/100 tox|[from] Stealth Rock\n|-ability|p1a: Palkia|Pressure\n|move|p2a: Forretress|Rapid Spin|p1a: Palkia\n|-damage|p1a: Palkia|82\/100 tox\n|-boost|p2a: Forretress|spe|1\n|-sideend|p2: JustMonika_CARR|Toxic Spikes|[from] move: Rapid Spin|[of] p2a: Forretress\n|-sideend|p2: JustMonika_CARR|Stealth Rock|[from] move: Rapid Spin|[of] p2a: Forretress\n|\n|-damage|p1a: Palkia|76\/100 tox|[from] psn\n|-damage|p2a: Forretress|19\/100 brn|[from] brn\n|upkeep\n|turn|13\n|\n|t:|1700141121\n|move|p1a: Palkia|Fire Blast|p2a: Forretress\n|-supereffective|p2a: Forretress\n|-damage|p2a: Forretress|0 fnt\n|faint|p2a: Forretress\n|\n|-damage|p1a: Palkia|64\/100 tox|[from] psn\n|upkeep\n|\n|t:|1700141134\n|switch|p2a: Grimmsnarl|Grimmsnarl, M, shiny|100\/100\n|turn|14\n|\n|t:|1700141140\n|move|p2a: Grimmsnarl|Reflect|p2a: Grimmsnarl\n|-sidestart|p2: JustMonika_CARR|Reflect\n|move|p1a: Palkia|Fire Blast|p2a: Grimmsnarl\n|-damage|p2a: Grimmsnarl|59\/100\n|\n|-heal|p2a: Grimmsnarl|65\/100|[from] item: Leftovers\n|-damage|p1a: Palkia|45\/100 tox|[from] psn\n|upkeep\n|turn|15\n|\n|t:|1700141149\n|move|p2a: Grimmsnarl|Light Screen|p2a: Grimmsnarl\n|-sidestart|p2: JustMonika_CARR|move: Light Screen\n|move|p1a: Palkia|Fire Blast|p2a: Grimmsnarl\n|-damage|p2a: Grimmsnarl|46\/100\n|\n|-heal|p2a: Grimmsnarl|52\/100|[from] item: Leftovers\n|-damage|p1a: Palkia|20\/100 tox|[from] psn\n|upkeep\n|turn|16\n|\n|t:|1700141160\n|move|p1a: Palkia|Fire Blast|p2a: Grimmsnarl\n|-damage|p2a: Grimmsnarl|29\/100\n|move|p2a: Grimmsnarl|Spirit Break|p1a: Palkia\n|-supereffective|p1a: Palkia\n|-crit|p1a: Palkia\n|-damage|p1a: Palkia|0 fnt\n|faint|p1a: Palkia\n|\n|-heal|p2a: Grimmsnarl|35\/100|[from] item: Leftovers\n|upkeep\n|\n|t:|1700141163\n|switch|p1a: Mew|Mew|75\/100\n|-status|p1a: Mew|tox\n|-damage|p1a: Mew|63\/100 tox|[from] Stealth Rock\n|turn|17\n|\n|t:|1700141175\n|move|p2a: Grimmsnarl|Taunt|p1a: Mew\n|-start|p1a: Mew|move: Taunt\n|cant|p1a: Mew|move: Taunt|Defog\n|\n|-heal|p2a: Grimmsnarl|41\/100|[from] item: Leftovers\n|-damage|p1a: Mew|57\/100 tox|[from] psn\n|upkeep\n|turn|18\n|\n|t:|1700141183\n|move|p1a: Mew|Seismic Toss|p2a: Grimmsnarl\n|-damage|p2a: Grimmsnarl|16\/100\n|move|p2a: Grimmsnarl|Spirit Break|p1a: Mew\n|-damage|p1a: Mew|34\/100 tox\n|-unboost|p1a: Mew|spa|1\n|\n|-heal|p2a: Grimmsnarl|22\/100|[from] item: Leftovers\n|-damage|p1a: Mew|22\/100 tox|[from] psn\n|-sideend|p2: JustMonika_CARR|Reflect\n|upkeep\n|turn|19\n|\n|t:|1700141196\n|move|p2a: Grimmsnarl|Reflect|p2a: Grimmsnarl\n|-sidestart|p2: JustMonika_CARR|Reflect\n|move|p1a: Mew|Seismic Toss|p2a: Grimmsnarl\n|-damage|p2a: Grimmsnarl|0 fnt\n|faint|p2a: Grimmsnarl\n|\n|-damage|p1a: Mew|3\/100 tox|[from] psn\n|-end|p1a: Mew|move: Taunt\n|-sideend|p2: JustMonika_CARR|move: Light Screen\n|upkeep\n|\n|t:|1700141207\n|switch|p2a: Pheromosa|Pheromosa, shiny|100\/100\n|turn|20\n|\n|t:|1700141210\n|move|p2a: Pheromosa|Rapid Spin|p1a: Mew\n|-damage|p1a: Mew|0 fnt\n|-boost|p2a: Pheromosa|spe|1\n|faint|p1a: Mew\n|-ability|p2a: Pheromosa|Beast Boost|boost\n|-boost|p2a: Pheromosa|spa|1\n|\n|upkeep\n|\n|t:|1700141216\n|switch|p1a: Giratina|Giratina|82\/100 tox\n|-damage|p1a: Giratina|70\/100 tox|[from] Stealth Rock\n|-ability|p1a: Giratina|Pressure\n|turn|21\n|\n|t:|1700141222\n|move|p2a: Pheromosa|Ice Beam|p1a: Giratina\n|-supereffective|p1a: Giratina\n|-damage|p1a: Giratina|8\/100 tox\n|move|p1a: Giratina|Will-O-Wisp|p2a: Pheromosa\n|-status|p2a: Pheromosa|brn\n|\n|-damage|p1a: Giratina|2\/100 tox|[from] psn\n|-damage|p2a: Pheromosa|94\/100 brn|[from] brn\n|upkeep\n|turn|22\n|\n|t:|1700141232\n|move|p2a: Pheromosa|Ice Beam|p1a: Giratina\n|-supereffective|p1a: Giratina\n|-damage|p1a: Giratina|0 fnt\n|faint|p1a: Giratina\n|-ability|p2a: Pheromosa|Beast Boost|boost\n|-boost|p2a: Pheromosa|spa|1\n|\n|-damage|p2a: Pheromosa|88\/100 brn|[from] brn\n|upkeep\n|\n|t:|1700141235\n|switch|p1a: Dialga|Dialga|100\/100\n|-damage|p1a: Dialga|94\/100|[from] Stealth Rock\n|-ability|p1a: Dialga|Pressure\n|turn|23\n|\n|t:|1700141245\n|move|p2a: Pheromosa|Ice Beam|p1a: Dialga\n|-damage|p1a: Dialga|55\/100\n|move|p1a: Dialga|Draco Meteor|p2a: Pheromosa\n|-damage|p2a: Pheromosa|0 fnt\n|-unboost|p1a: Dialga|spa|2\n|faint|p2a: Pheromosa\n|\n|-sideend|p2: JustMonika_CARR|Reflect\n|upkeep\n|\n|t:|1700141257\n|switch|p2a: Lopunny|Lopunny-Mega, F, shiny|100\/100\n|turn|24\n|\n|t:|1700141261\n|move|p2a: Lopunny|Fake Out|p1a: Dialga\n|-resisted|p1a: Dialga\n|-damage|p1a: Dialga|48\/100\n|cant|p1a: Dialga|flinch\n|\n|upkeep\n|turn|25\n|\n|t:|1700141267\n|move|p2a: Lopunny|Power-Up Punch|p1a: Dialga\n|-supereffective|p1a: Dialga\n|-damage|p1a: Dialga|22\/100\n|-boost|p2a: Lopunny|atk|1\n|move|p1a: Dialga|Focus Blast|p2a: Lopunny|[miss]\n|-miss|p1a: Dialga|p2a: Lopunny\n|\n|upkeep\n|turn|26\n|\n|t:|1700141276\n|move|p2a: Lopunny|Power-Up Punch|p1a: Dialga\n|-supereffective|p1a: Dialga\n|-damage|p1a: Dialga|0 fnt\n|-boost|p2a: Lopunny|atk|1\n|faint|p1a: Dialga\n|\n|upkeep\n|\n|t:|1700141277\n|switch|p1a: Darkrai|Darkrai|100\/100\n|-status|p1a: Darkrai|tox\n|-damage|p1a: Darkrai|88\/100 tox|[from] Stealth Rock\n|turn|27\n|\n|t:|1700141286\n|move|p2a: Lopunny|Power-Up Punch|p1a: Darkrai\n|-supereffective|p1a: Darkrai\n|-damage|p1a: Darkrai|0 fnt\n|-boost|p2a: Lopunny|atk|1\n|faint|p1a: Darkrai\n|\n|upkeep\n|\n|t:|1700141289\n|switch|p1a: Arceus|Arceus|100\/100\n|-status|p1a: Arceus|tox\n|-damage|p1a: Arceus|88\/100 tox|[from] Stealth Rock\n|turn|28\n|\n|t:|1700141297\n|-terastallize|p1a: Arceus|Ghost\n|move|p2a: Lopunny|Close Combat|p1a: Arceus\n|-damage|p1a: Arceus|0 fnt\n|-unboost|p2a: Lopunny|def|1\n|-unboost|p2a: Lopunny|spd|1\n|faint|p1a: Arceus\n|\n|win|JustMonika_CARR\n|raw|27frd's rating: 1434 &rarr; <strong>1418<\/strong><br \/>(-16 for losing)\n|raw|JustMonika_CARR's rating: 1512 &rarr; <strong>1528<\/strong><br \/>(+16 for winning)\n|l|\u260627frd\n","uploadtime":1700141309,"views":8,"p1id":"27frd","p2id":"justmonikacarr","formatid":"gen9nationaldexubers","rating":1418,"private":0,"password":""}