{"id":"gen9nationaldexubers-1982470231","p1":"Legend Alain","p2":"Gtg g u2","format":"[Gen 9] National Dex Ubers","log":"|j|\u2606Legend Alain\n|j|\u2606Gtg g u2\n|t:|1699017887\n|gametype|singles\n|player|p1|Legend Alain|alain|1152\n|player|p2|Gtg g u2|red-masters|1123\n|teamsize|p1|6\n|teamsize|p2|6\n|gen|9\n|tier|[Gen 9] National Dex Ubers\n|rated|\n|rule|HP Percentage Mod: HP is shown in percentages\n|rule|Endless Battle Clause: Forcing endless battles is banned\n|rule|OHKO Clause: OHKO moves are banned\n|rule|Evasion Moves Clause: Evasion moves are banned\n|rule|Evasion Items Clause: Evasion items are banned\n|rule|Species Clause: Limit one of each Pok\u00e9mon\n|rule|Sleep Clause Mod: Limit one foe put to sleep\n|rule|Mega Rayquaza Clause: You cannot mega evolve Rayquaza\n|clearpoke\n|poke|p1|Charizard, M|\n|poke|p1|Greninja-*, M|\n|poke|p1|Venusaur, M|\n|poke|p1|Hoopa-Unbound|\n|poke|p1|Zygarde|\n|poke|p1|Necrozma-Dusk-Mane|\n|poke|p2|Pikachu, M|\n|poke|p2|Rillaboom, M|\n|poke|p2|Cramorant, M|\n|poke|p2|Grapploct, M|\n|poke|p2|Centiskorch, M|\n|poke|p2|Runerigus, F|\n|teampreview\n|inactive|Battle timer is ON: inactive players will automatically lose when time's up. (requested by Legend Alain)\n|\n|t:|1699017896\n|start\n|switch|p1a: Necrozma|Necrozma-Dusk-Mane|100\/100\n|switch|p2a: Rillaboom|Rillaboom, M|100\/100\n|-fieldstart|move: Grassy Terrain|[from] ability: Grassy Surge|[of] p2a: Rillaboom\n|turn|1\n|\n|t:|1699017904\n|detailschange|p1a: Necrozma|Necrozma-Ultra\n|-burst|p1a: Necrozma|Necrozma|Ultranecrozium Z\n|move|p2a: Rillaboom|Knock Off|p1a: Necrozma\n|-supereffective|p1a: Necrozma\n|-damage|p1a: Necrozma|47\/100\n|-damage|p2a: Rillaboom|91\/100|[from] item: Life Orb\n|move|p1a: Necrozma|Heat Wave|p2a: Rillaboom\n|-supereffective|p2a: Rillaboom\n|-damage|p2a: Rillaboom|0 fnt\n|faint|p2a: Rillaboom\n|\n|-heal|p1a: Necrozma|53\/100|[from] Grassy Terrain\n|upkeep\n|\n|t:|1699017907\n|switch|p2a: Runerigus|Runerigus, F, shiny|100\/100\n|turn|2\n|\n|t:|1699017919\n|-zpower|p1a: Necrozma\n|move|p1a: Necrozma|Light That Burns the Sky|p2a: Runerigus|[zeffect]\n|-damage|p2a: Runerigus|0 fnt\n|faint|p2a: Runerigus\n|\n|-heal|p1a: Necrozma|59\/100|[from] Grassy Terrain\n|upkeep\n|\n|t:|1699017933\n|switch|p2a: Centiskorch|Centiskorch, M|100\/100\n|turn|3\n|\n|t:|1699017944\n|move|p1a: Necrozma|Photon Geyser|p2a: Centiskorch\n|-damage|p2a: Centiskorch|41\/100\n|move|p2a: Centiskorch|Leech Life|p1a: Necrozma\n|-supereffective|p1a: Necrozma\n|-damage|p1a: Necrozma|0 fnt\n|-heal|p2a: Centiskorch|70\/100|[from] drain|[of] p1a: Necrozma\n|faint|p1a: Necrozma\n|\n|-heal|p2a: Centiskorch|76\/100|[from] Grassy Terrain\n|upkeep\n|\n|t:|1699017954\n|switch|p1a: Zygarde|Zygarde|100\/100\n|turn|4\n|\n|t:|1699017957\n|move|p1a: Zygarde|Coil|p1a: Zygarde\n|-boost|p1a: Zygarde|atk|1\n|-boost|p1a: Zygarde|def|1\n|-boost|p1a: Zygarde|accuracy|1\n|move|p2a: Centiskorch|Fire Lash|p1a: Zygarde\n|-resisted|p1a: Zygarde\n|-damage|p1a: Zygarde|88\/100\n|-unboost|p1a: Zygarde|def|1\n|\n|-heal|p1a: Zygarde|94\/100|[from] Grassy Terrain\n|-heal|p2a: Centiskorch|82\/100|[from] Grassy Terrain\n|upkeep\n|turn|5\n|\n|t:|1699017969\n|move|p1a: Zygarde|Thousand Arrows|p2a: Centiskorch\n|-damage|p2a: Centiskorch|13\/100\n|move|p2a: Centiskorch|Fire Lash|p1a: Zygarde\n|-resisted|p1a: Zygarde\n|-damage|p1a: Zygarde|76\/100\n|-unboost|p1a: Zygarde|def|1\n|\n|-heal|p1a: Zygarde|83\/100|[from] Grassy Terrain\n|-heal|p2a: Centiskorch|19\/100|[from] Grassy Terrain\n|-fieldend|move: Grassy Terrain\n|upkeep\n|turn|6\n|\n|t:|1699017975\n|move|p1a: Zygarde|Extreme Speed|p2a: Centiskorch\n|-damage|p2a: Centiskorch|0 fnt\n|faint|p2a: Centiskorch\n|\n|upkeep\n|\n|t:|1699017978\n|switch|p2a: Grapploct|Grapploct, M|100\/100\n|turn|7\n|\n|t:|1699017983\n|-terastallize|p2a: Grapploct|Water\n|move|p1a: Zygarde|Coil|p1a: Zygarde\n|-boost|p1a: Zygarde|atk|1\n|-boost|p1a: Zygarde|def|1\n|-boost|p1a: Zygarde|accuracy|1\n|move|p2a: Grapploct|Ice Punch|p1a: Zygarde\n|-supereffective|p1a: Zygarde\n|-damage|p1a: Zygarde|0 fnt\n|faint|p1a: Zygarde\n|\n|upkeep\n|\n|t:|1699017991\n|switch|p1a: Venusaur|Venusaur, M|100\/100\n|turn|8\n|\n|t:|1699017995\n|-terastallize|p1a: Venusaur|Grass\n|move|p1a: Venusaur|Petal Blizzard|p2a: Grapploct\n|-supereffective|p2a: Grapploct\n|-damage|p2a: Grapploct|2\/100\n|move|p2a: Grapploct|Octolock|p1a: Venusaur\n|-start|p1a: Venusaur|move: Octolock|[of] p2a: Grapploct\n|\n|-heal|p2a: Grapploct|8\/100|[from] item: Leftovers\n|-unboost|p1a: Venusaur|def|1\n|-unboost|p1a: Venusaur|spd|1\n|-status|p1a: Venusaur|tox|[from] item: Toxic Orb\n|upkeep\n|turn|9\n|\n|t:|1699018002\n|move|p1a: Venusaur|Facade|p2a: Grapploct\n|-damage|p2a: Grapploct|0 fnt\n|faint|p2a: Grapploct\n|\n|-damage|p1a: Venusaur|95\/100 tox|[from] psn\n|-end|p1a: Venusaur|Octolock|[partiallytrapped]|[silent]\n|upkeep\n|\n|t:|1699018005\n|switch|p2a: Cramorant|Cramorant, M|100\/100\n|turn|10\n|\n|t:|1699018010\n|move|p2a: Cramorant|Hurricane|p1a: Venusaur\n|-supereffective|p1a: Venusaur\n|-damage|p1a: Venusaur|0 fnt\n|faint|p1a: Venusaur\n|\n|upkeep\n|\n|t:|1699018016\n|switch|p1a: Hoopa|Hoopa-Unbound|100\/100\n|turn|11\n|\n|t:|1699018018\n|move|p2a: Cramorant|Surf|p1a: Hoopa\n|-formechange|p2a: Cramorant|Cramorant-Gulping|\n|-damage|p1a: Hoopa|70\/100\n|move|p1a: Hoopa|Hyperspace Fury|p2a: Cramorant\n|-damage|p2a: Cramorant|0 fnt\n|-unboost|p1a: Hoopa|def|1\n|-damage|p1a: Hoopa|45\/100|[from] ability: Gulp Missile|[of] p2a: Cramorant\n|-unboost|p1a: Hoopa|def|1\n|-formechange|p2a: Cramorant|Cramorant|\n|-enditem|p1a: Hoopa|White Herb\n|-clearnegativeboost|p1a: Hoopa|[silent]\n|faint|p2a: Cramorant\n|\n|upkeep\n|\n|t:|1699018021\n|switch|p2a: Pikachu|Pikachu, M|100\/100\n|turn|12\n|\n|t:|1699018026\n|move|p2a: Pikachu|Play Rough|p1a: Hoopa\n|-supereffective|p1a: Hoopa\n|-damage|p1a: Hoopa|0 fnt\n|faint|p1a: Hoopa\n|\n|upkeep\n|\n|t:|1699018030\n|switch|p1a: Charizard|Charizard, M|100\/100\n|turn|13\n|\n|t:|1699018035\n|detailschange|p1a: Charizard|Charizard-Mega-X, M\n|-mega|p1a: Charizard|Charizard|Charizardite X\n|move|p1a: Charizard|Dragon Claw|p2a: Pikachu\n|-damage|p2a: Pikachu|0 fnt\n|faint|p2a: Pikachu\n|\n|win|Legend Alain\n|raw|Legend Alain's rating: 1152 &rarr; <strong>1175<\/strong><br \/>(+23 for winning)\n|raw|Gtg g u2's rating: 1123 &rarr; <strong>1100<\/strong><br \/>(-23 for losing)\n","uploadtime":1699018038,"views":7,"p1id":"legendalain","p2id":"gtggu2","formatid":"gen9nationaldexubers","rating":1100,"private":0,"password":""}