{"id":"gen9nationaldexubers-1989435703","p1":"vespyyy","p2":"KingPepper7","format":"[Gen 9] National Dex Ubers","log":"|j|\u2606vespyyy\n|j|\u2606KingPepper7\n|t:|1699850107\n|gametype|singles\n|player|p1|vespyyy|juggler|\n|player|p2|KingPepper7|marlon|\n|teamsize|p1|6\n|teamsize|p2|6\n|gen|9\n|tier|[Gen 9] National Dex Ubers\n|rule|HP Percentage Mod: HP is shown in percentages\n|rule|Endless Battle Clause: Forcing endless battles is banned\n|rule|OHKO Clause: OHKO moves are banned\n|rule|Evasion Moves Clause: Evasion moves are banned\n|rule|Evasion Items Clause: Evasion items are banned\n|rule|Species Clause: Limit one of each Pok\u00e9mon\n|rule|Sleep Clause Mod: Limit one foe put to sleep\n|rule|Mega Rayquaza Clause: You cannot mega evolve Rayquaza\n|clearpoke\n|poke|p1|Hatterene, F|\n|poke|p1|Slowking-Galar, F|\n|poke|p1|Gallade, M|\n|poke|p1|Tapu Lele|\n|poke|p1|Slowbro, M|\n|poke|p1|Victini|\n|poke|p2|Ogerpon-Cornerstone, F|\n|poke|p2|Rotom-Wash|\n|poke|p2|Banette, F|\n|poke|p2|Tornadus-Therian, M|\n|poke|p2|Blissey, F|\n|poke|p2|Gliscor, F|\n|teampreview\n|c|\u2606KingPepper7|glhf\n|\n|t:|1699850152\n|start\n|switch|p1a: Farfalle|Gallade, M|100\/100\n|switch|p2a: Gliscor|Gliscor, F|100\/100\n|turn|1\n|\n|t:|1699850157\n|detailschange|p1a: Farfalle|Gallade-Mega, M\n|-mega|p1a: Farfalle|Gallade|Galladite\n|move|p1a: Farfalle|Triple Axel|p2a: Gliscor\n|-supereffective|p2a: Gliscor\n|-damage|p2a: Gliscor|80\/100\n|-supereffective|p2a: Gliscor\n|-damage|p2a: Gliscor|39\/100\n|-supereffective|p2a: Gliscor\n|-damage|p2a: Gliscor|0 fnt\n|faint|p2a: Gliscor\n|-hitcount|p2: Gliscor|3\n|\n|upkeep\n|\n|t:|1699850163\n|switch|p2a: Tornadus|Tornadus-Therian, M|100\/100\n|turn|2\n|\n|t:|1699850170\n|switch|p1a: Rigatini|Victini|100\/100\n|move|p2a: Tornadus|Hurricane|p1a: Rigatini|[miss]\n|-miss|p2a: Tornadus|p1a: Rigatini\n|\n|upkeep\n|turn|3\n|\n|t:|1699850177\n|move|p2a: Tornadus|Knock Off|p1a: Rigatini\n|-supereffective|p1a: Rigatini\n|-damage|p1a: Rigatini|57\/100\n|-enditem|p1a: Rigatini|Heavy-Duty Boots|[from] move: Knock Off|[of] p2a: Tornadus\n|move|p1a: Rigatini|U-turn|p2a: Tornadus\n|-resisted|p2a: Tornadus\n|-damage|p2a: Tornadus|89\/100\n|\n|t:|1699850186\n|switch|p1a: Cavatappi|Slowking-Galar, F|100\/100|[from] U-turn\n|\n|upkeep\n|turn|4\n|\n|t:|1699850199\n|move|p2a: Tornadus|U-turn|p1a: Cavatappi\n|-damage|p1a: Cavatappi|85\/100\n|\n|t:|1699850202\n|switch|p2a: Blissey|Blissey, F|100\/100|[from] U-turn\n|move|p1a: Cavatappi|Future Sight|p2a: Blissey\n|-start|p1a: Cavatappi|move: Future Sight\n|\n|upkeep\n|turn|5\n|\n|t:|1699850209\n|switch|p1a: Farfalle|Gallade-Mega, M|100\/100\n|move|p2a: Blissey|Teleport|p2a: Blissey\n|\n|t:|1699850220\n|switch|p2a: Rotom|Rotom-Wash|100\/100|[from] Teleport\n|\n|upkeep\n|turn|6\n|\n|t:|1699850240\n|switch|p1a: Cavatappi|Slowking-Galar, F|100\/100\n|move|p2a: Rotom|Will-O-Wisp|p1a: Cavatappi\n|-status|p1a: Cavatappi|brn\n|\n|-end|p2a: Rotom|move: Future Sight\n|-damage|p2a: Rotom|46\/100\n|-heal|p2a: Rotom|52\/100|[from] item: Leftovers\n|-damage|p1a: Cavatappi|94\/100 brn|[from] brn\n|upkeep\n|turn|7\n|\n|t:|1699850248\n|move|p2a: Rotom|Pain Split|p1a: Cavatappi\n|-sethp|p1a: Cavatappi|67\/100 brn|[from] move: Pain Split|[silent]\n|-sethp|p2a: Rotom|87\/100|[from] move: Pain Split\n|move|p1a: Cavatappi|Sludge Bomb|p2a: Rotom\n|-damage|p2a: Rotom|42\/100\n|-status|p2a: Rotom|psn\n|\n|-heal|p2a: Rotom|49\/100 psn|[from] item: Leftovers\n|-damage|p2a: Rotom|36\/100 psn|[from] psn\n|-damage|p1a: Cavatappi|61\/100 brn|[from] brn\n|upkeep\n|turn|8\n|\n|t:|1699850253\n|move|p2a: Rotom|Volt Switch|p1a: Cavatappi\n|-damage|p1a: Cavatappi|48\/100 brn\n|\n|t:|1699850262\n|switch|p2a: Tornadus|Tornadus-Therian, M|100\/100|[from] Volt Switch\n|move|p1a: Cavatappi|Sludge Bomb|p2a: Tornadus\n|-damage|p2a: Tornadus|60\/100\n|-status|p2a: Tornadus|psn\n|\n|-damage|p2a: Tornadus|47\/100 psn|[from] psn\n|-damage|p1a: Cavatappi|42\/100 brn|[from] brn\n|upkeep\n|turn|9\n|\n|t:|1699850265\n|move|p2a: Tornadus|Knock Off|p1a: Cavatappi\n|-supereffective|p1a: Cavatappi\n|-damage|p1a: Cavatappi|0 fnt\n|-enditem|p1a: Cavatappi|Assault Vest|[from] move: Knock Off|[of] p2a: Tornadus\n|faint|p1a: Cavatappi\n|\n|-damage|p2a: Tornadus|35\/100 psn|[from] psn\n|upkeep\n|\n|t:|1699850275\n|switch|p1a: Rigatini|Victini|57\/100\n|turn|10\n|\n|t:|1699850291\n|move|p2a: Tornadus|Hurricane|p1a: Rigatini\n|-damage|p1a: Rigatini|19\/100\n|-start|p1a: Rigatini|confusion\n|-activate|p1a: Rigatini|confusion\n|move|p1a: Rigatini|V-create|p2a: Tornadus\n|-damage|p2a: Tornadus|0 fnt\n|-unboost|p1a: Rigatini|spe|1\n|-unboost|p1a: Rigatini|def|1\n|-unboost|p1a: Rigatini|spd|1\n|faint|p2a: Tornadus\n|\n|upkeep\n|\n|t:|1699850298\n|switch|p2a: Ogerpon|Ogerpon-Cornerstone, F|100\/100\n|turn|11\n|\n|t:|1699850305\n|switch|p1a: Cannelloni|Hatterene, F|100\/100\n|move|p2a: Ogerpon|Trailblaze|p1a: Cannelloni\n|-damage|p1a: Cannelloni|77\/100\n|-boost|p2a: Ogerpon|spe|1\n|\n|-heal|p1a: Cannelloni|83\/100|[from] item: Leftovers\n|upkeep\n|turn|12\n|\n|t:|1699850313\n|move|p2a: Ogerpon|Swords Dance|p2a: Ogerpon\n|-boost|p2a: Ogerpon|atk|2\n|move|p1a: Cannelloni|Draining Kiss|p2a: Ogerpon\n|-damage|p2a: Ogerpon|73\/100\n|-heal|p1a: Cannelloni|100\/100|[from] drain|[of] p2a: Ogerpon\n|\n|upkeep\n|turn|13\n|\n|t:|1699850317\n|move|p2a: Ogerpon|Ivy Cudgel|p1a: Cannelloni\n|-crit|p1a: Cannelloni\n|-damage|p1a: Cannelloni|0 fnt\n|faint|p1a: Cannelloni\n|\n|upkeep\n|\n|t:|1699850320\n|switch|p1a: Shells|Tapu Lele|100\/100\n|-fieldstart|move: Psychic Terrain|[from] ability: Psychic Surge|[of] p1a: Shells\n|turn|14\n|\n|t:|1699850334\n|move|p2a: Ogerpon|Ivy Cudgel|p1a: Shells\n|-damage|p1a: Shells|0 fnt\n|faint|p1a: Shells\n|\n|upkeep\n|\n|t:|1699850336\n|switch|p1a: Farfalle|Gallade-Mega, M|100\/100\n|turn|15\n|\n|t:|1699850343\n|move|p2a: Ogerpon|Horn Leech|p1a: Farfalle\n|-damage|p1a: Farfalle|0 fnt\n|-heal|p2a: Ogerpon|100\/100|[from] drain|[of] p1a: Farfalle\n|faint|p1a: Farfalle\n|\n|upkeep\n|\n|t:|1699850345\n|switch|p1a: Bucatini|Slowbro, M|100\/100\n|turn|16\n|\n|t:|1699850348\n|move|p2a: Ogerpon|Horn Leech|p1a: Bucatini\n|-supereffective|p1a: Bucatini\n|-damage|p1a: Bucatini|4\/100\n|move|p1a: Bucatini|Scald|p2a: Ogerpon\n|-damage|p2a: Ogerpon|70\/100\n|\n|upkeep\n|turn|17\n|\n|t:|1699850352\n|move|p2a: Ogerpon|Horn Leech|p1a: Bucatini\n|-supereffective|p1a: Bucatini\n|-damage|p1a: Bucatini|0 fnt\n|-heal|p2a: Ogerpon|73\/100|[from] drain|[of] p1a: Bucatini\n|faint|p1a: Bucatini\n|\n|upkeep\n|\n|t:|1699850354\n|switch|p1a: Rigatini|Victini|19\/100\n|turn|18\n|\n|t:|1699850356\n|move|p2a: Ogerpon|Ivy Cudgel|p1a: Rigatini\n|-supereffective|p1a: Rigatini\n|-damage|p1a: Rigatini|0 fnt\n|faint|p1a: Rigatini\n|\n|win|KingPepper7\n","uploadtime":1699850385,"views":25,"p1id":"vespyyy","p2id":"kingpepper7","formatid":"gen9nationaldexubers","rating":0,"private":0,"password":""}