{"id":"gen9nationaldexubers-1980061827","p1":"Yuinna.","p2":"Ginesect","format":"[Gen 9] National Dex Ubers","log":"|j|\u2606Yuinna.\n|j|\u2606Ginesect\n|t:|1698753077\n|gametype|singles\n|player|p1|Yuinna.|serena-masters|\n|player|p2|Ginesect|artist-gen4|\n|teamsize|p1|6\n|teamsize|p2|6\n|gen|9\n|tier|[Gen 9] National Dex Ubers\n|rule|HP Percentage Mod: HP is shown in percentages\n|rule|Endless Battle Clause: Forcing endless battles is banned\n|rule|OHKO Clause: OHKO moves are banned\n|rule|Evasion Moves Clause: Evasion moves are banned\n|rule|Evasion Items Clause: Evasion items are banned\n|rule|Species Clause: Limit one of each Pok\u00e9mon\n|rule|Sleep Clause Mod: Limit one foe put to sleep\n|rule|Mega Rayquaza Clause: You cannot mega evolve Rayquaza\n|clearpoke\n|poke|p1|Slowking-Galar, M|\n|poke|p1|Ampharos, M|\n|poke|p1|Alomomola, F|\n|poke|p1|Ferrothorn, F|\n|poke|p1|Enamorus-Therian, F|\n|poke|p1|Glastrier|\n|poke|p2|Chien-Pao|\n|poke|p2|Mandibuzz, F|\n|poke|p2|Mawile, F|\n|poke|p2|Grimmsnarl, M|\n|poke|p2|Greninja-*, M|\n|poke|p2|Ting-Lu|\n|teampreview\n|inactive|Battle timer is ON: inactive players will automatically lose when time's up. (requested by Yuinna.)\n|c|\u2606Yuinna.|glhf\n|\n|t:|1698753085\n|start\n|switch|p1a: Ferrothorn|Ferrothorn, F|100\/100\n|switch|p2a: Mandibuzz|Mandibuzz, F|100\/100\n|turn|1\n|\n|t:|1698753097\n|switch|p2a: Greninja|Greninja, M|100\/100\n|move|p1a: Ferrothorn|Thunder Wave|p2a: Greninja\n|-status|p2a: Greninja|par\n|\n|upkeep\n|turn|2\n|\n|t:|1698753102\n|cant|p2a: Greninja|par\n|move|p1a: Ferrothorn|Leech Seed|p2a: Greninja\n|-start|p2a: Greninja|move: Leech Seed\n|\n|-damage|p2a: Greninja|88\/100 par|[from] Leech Seed|[of] p1a: Ferrothorn\n|upkeep\n|turn|3\n|\n|t:|1698753110\n|move|p2a: Greninja|Dark Pulse|p1a: Ferrothorn\n|-damage|p1a: Ferrothorn|69\/100\n|move|p1a: Ferrothorn|Gyro Ball|p2a: Greninja\n|-resisted|p2a: Greninja\n|-damage|p2a: Greninja|54\/100 par\n|\n|-heal|p1a: Ferrothorn|75\/100|[from] item: Leftovers\n|-damage|p2a: Greninja|41\/100 par|[from] Leech Seed|[of] p1a: Ferrothorn\n|-heal|p1a: Ferrothorn|85\/100|[silent]\n|upkeep\n|turn|4\n|\n|t:|1698753123\n|switch|p2a: Ting-Lu|Ting-Lu|100\/100\n|-ability|p2a: Ting-Lu|Vessel of Ruin\n|move|p1a: Ferrothorn|Gyro Ball|p2a: Ting-Lu\n|-damage|p2a: Ting-Lu|88\/100\n|\n|-heal|p2a: Ting-Lu|94\/100|[from] item: Leftovers\n|-heal|p1a: Ferrothorn|91\/100|[from] item: Leftovers\n|upkeep\n|turn|5\n|\n|t:|1698753147\n|move|p2a: Ting-Lu|Stealth Rock|p1a: Ferrothorn\n|-sidestart|p1: Yuinna.|move: Stealth Rock\n|move|p1a: Ferrothorn|Leech Seed|p2a: Ting-Lu\n|-start|p2a: Ting-Lu|move: Leech Seed\n|\n|-heal|p2a: Ting-Lu|100\/100|[from] item: Leftovers\n|-heal|p1a: Ferrothorn|98\/100|[from] item: Leftovers\n|-damage|p2a: Ting-Lu|88\/100|[from] Leech Seed|[of] p1a: Ferrothorn\n|-heal|p1a: Ferrothorn|100\/100|[silent]\n|upkeep\n|turn|6\n|inactive|Yuinna. has 270 seconds left.\n|\n|t:|1698753180\n|move|p1a: Ferrothorn|Protect|p1a: Ferrothorn\n|-singleturn|p1a: Ferrothorn|Protect\n|move|p2a: Ting-Lu|Whirlwind|p1a: Ferrothorn\n|drag|p1a: Slowking|Slowking-Galar, M|100\/100\n|-damage|p1a: Slowking|88\/100|[from] Stealth Rock\n|\n|-heal|p2a: Ting-Lu|94\/100|[from] item: Leftovers\n|-damage|p2a: Ting-Lu|82\/100|[from] Leech Seed|[of] p1a: Slowking\n|-heal|p1a: Slowking|100\/100|[silent]\n|upkeep\n|turn|7\n|\n|t:|1698753190\n|switch|p2a: Mawile|Mawile, F|100\/100\n|-ability|p2a: Mawile|Intimidate|boost\n|-unboost|p1a: Slowking|atk|1\n|move|p1a: Slowking|Toxic|p2a: Mawile\n|-immune|p2a: Mawile\n|\n|upkeep\n|turn|8\n|inactive|Yuinna. has 270 seconds left.\n|inactive|Yuinna. has 240 seconds left.\n|\n|t:|1698753237\n|detailschange|p2a: Mawile|Mawile-Mega, F\n|-mega|p2a: Mawile|Mawile|Mawilite\n|move|p2a: Mawile|Swords Dance|p2a: Mawile\n|-boost|p2a: Mawile|atk|2\n|move|p1a: Slowking|Trick Room|p1a: Slowking\n|-fieldstart|move: Trick Room|[of] p1a: Slowking\n|\n|upkeep\n|turn|9\n|\n|t:|1698753243\n|move|p1a: Slowking|Focus Blast|p2a: Mawile\n|-damage|p2a: Mawile|53\/100\n|move|p2a: Mawile|Iron Head|p1a: Slowking\n|-damage|p1a: Slowking|0 fnt\n|-damage|p2a: Mawile|36\/100|[from] item: Rocky Helmet|[of] p1a: Slowking\n|faint|p1a: Slowking\n|\n|upkeep\n|inactive|Yuinna. has 240 seconds left.\n|\n|t:|1698753261\n|switch|p1a: Enamorus|Enamorus-Therian, F|100\/100\n|-damage|p1a: Enamorus|75\/100|[from] Stealth Rock\n|turn|10\n|inactive|Yuinna. has 240 seconds left.\n|\n|t:|1698753268\n|move|p2a: Mawile|Sucker Punch|p1a: Enamorus\n|-resisted|p1a: Enamorus\n|-damage|p1a: Enamorus|38\/100\n|move|p1a: Enamorus|Mystical Fire|p2a: Mawile\n|-supereffective|p2a: Mawile\n|-damage|p2a: Mawile|0 fnt\n|faint|p2a: Mawile\n|\n|-heal|p1a: Enamorus|44\/100|[from] item: Leftovers\n|upkeep\n|\n|t:|1698753283\n|switch|p2a: Chien-Pao|Chien-Pao|100\/100\n|-ability|p2a: Chien-Pao|Sword of Ruin\n|turn|11\n|inactive|Yuinna. has 240 seconds left.\n|\n|t:|1698753323\n|switch|p2a: Grimmsnarl|Grimmsnarl, M|100\/100\n|move|p1a: Enamorus|Springtide Storm|p2a: Grimmsnarl\n|-supereffective|p2a: Grimmsnarl\n|-damage|p2a: Grimmsnarl|14\/100\n|\n|-heal|p1a: Enamorus|50\/100|[from] item: Leftovers\n|upkeep\n|turn|12\n|\n|t:|1698753331\n|move|p2a: Grimmsnarl|Light Screen|p2a: Grimmsnarl\n|-sidestart|p2: Ginesect|move: Light Screen\n|move|p1a: Enamorus|Calm Mind|p1a: Enamorus\n|-boost|p1a: Enamorus|spa|1\n|-boost|p1a: Enamorus|spd|1\n|\n|-heal|p1a: Enamorus|56\/100|[from] item: Leftovers\n|-fieldend|move: Trick Room\n|upkeep\n|turn|13\n|\n|t:|1698753335\n|move|p2a: Grimmsnarl|Thunder Wave|p1a: Enamorus\n|-status|p1a: Enamorus|par\n|move|p1a: Enamorus|Draining Kiss|p2a: Grimmsnarl\n|-supereffective|p2a: Grimmsnarl\n|-damage|p2a: Grimmsnarl|0 fnt\n|-heal|p1a: Enamorus|68\/100 par|[from] drain|[of] p2a: Grimmsnarl\n|faint|p2a: Grimmsnarl\n|\n|-heal|p1a: Enamorus|74\/100 par|[from] item: Leftovers\n|upkeep\n|\n|t:|1698753340\n|switch|p2a: Chien-Pao|Chien-Pao|100\/100\n|-ability|p2a: Chien-Pao|Sword of Ruin\n|turn|14\n|\n|t:|1698753344\n|move|p2a: Chien-Pao|Ice Spinner|p1a: Enamorus\n|-supereffective|p1a: Enamorus\n|-damage|p1a: Enamorus|0 fnt\n|faint|p1a: Enamorus\n|\n|upkeep\n|inactive|Yuinna. has 240 seconds left.\n|\n|t:|1698753358\n|switch|p1a: Glastrier|Glastrier|100\/100\n|-damage|p1a: Glastrier|76\/100|[from] Stealth Rock\n|turn|15\n|\n|t:|1698753365\n|switch|p2a: Greninja|Greninja, M|41\/100 par\n|move|p1a: Glastrier|Substitute|p1a: Glastrier\n|-start|p1a: Glastrier|Substitute\n|-damage|p1a: Glastrier|51\/100\n|\n|-heal|p1a: Glastrier|57\/100|[from] item: Leftovers\n|upkeep\n|turn|16\n|\n|t:|1698753378\n|-terastallize|p1a: Glastrier|Steel\n|move|p2a: Greninja|Hydro Pump|p1a: Glastrier\n|-end|p1a: Glastrier|Substitute\n|move|p1a: Glastrier|Close Combat|p2a: Greninja\n|-supereffective|p2a: Greninja\n|-damage|p2a: Greninja|0 fnt\n|-unboost|p1a: Glastrier|def|1\n|-unboost|p1a: Glastrier|spd|1\n|faint|p2a: Greninja\n|-ability|p1a: Glastrier|Chilling Neigh|boost\n|-boost|p1a: Glastrier|atk|1\n|\n|-heal|p1a: Glastrier|63\/100|[from] item: Leftovers\n|upkeep\n|\n|t:|1698753389\n|switch|p2a: Chien-Pao|Chien-Pao|100\/100\n|-ability|p2a: Chien-Pao|Sword of Ruin\n|turn|17\n|inactive|Yuinna. has 240 seconds left.\n|\n|t:|1698753426\n|switch|p1a: Alomomola|Alomomola, F|100\/100\n|-damage|p1a: Alomomola|88\/100|[from] Stealth Rock\n|-terastallize|p2a: Chien-Pao|Dark\n|move|p2a: Chien-Pao|Crunch|p1a: Alomomola\n|-damage|p1a: Alomomola|30\/100\n|-damage|p2a: Chien-Pao|84\/100|[from] item: Rocky Helmet|[of] p1a: Alomomola\n|\n|upkeep\n|turn|18\n|\n|t:|1698753438\n|move|p1a: Alomomola|Protect|p1a: Alomomola\n|-singleturn|p1a: Alomomola|Protect\n|move|p2a: Chien-Pao|Crunch|p1a: Alomomola\n|-activate|p1a: Alomomola|move: Protect\n|\n|upkeep\n|turn|19\n|\n|t:|1698753444\n|switch|p1a: Ferrothorn|Ferrothorn, F|100\/100\n|-damage|p1a: Ferrothorn|94\/100|[from] Stealth Rock\n|move|p2a: Chien-Pao|Crunch|p1a: Ferrothorn\n|-damage|p1a: Ferrothorn|33\/100\n|-damage|p2a: Chien-Pao|72\/100|[from] ability: Iron Barbs|[of] p1a: Ferrothorn\n|\n|-heal|p1a: Ferrothorn|40\/100|[from] item: Leftovers\n|-sideend|p2: Ginesect|move: Light Screen\n|upkeep\n|turn|20\n|\n|t:|1698753451\n|move|p1a: Ferrothorn|Protect|p1a: Ferrothorn\n|-singleturn|p1a: Ferrothorn|Protect\n|move|p2a: Chien-Pao|Crunch|p1a: Ferrothorn\n|-activate|p1a: Ferrothorn|move: Protect\n|\n|-heal|p1a: Ferrothorn|46\/100|[from] item: Leftovers\n|upkeep\n|turn|21\n|c|\u2606Ginesect|Damn\n|c|\u2606Yuinna.|ouch\n|inactive|Yuinna. has 240 seconds left.\n|c|\u2606Ginesect|gg ig\n|\n|t:|1698753468\n|move|p2a: Chien-Pao|Crunch|p1a: Ferrothorn\n|-damage|p1a: Ferrothorn|0 fnt\n|-damage|p2a: Chien-Pao|59\/100|[from] ability: Iron Barbs|[of] p1a: Ferrothorn\n|faint|p1a: Ferrothorn\n|\n|upkeep\n|\n|t:|1698753472\n|switch|p1a: Ampharos|Ampharos, M|100\/100\n|-damage|p1a: Ampharos|88\/100|[from] Stealth Rock\n|turn|22\n|inactive|Yuinna. has 240 seconds left.\n|\n|t:|1698753478\n|detailschange|p1a: Ampharos|Ampharos-Mega, M\n|-mega|p1a: Ampharos|Ampharos|Ampharosite\n|-ability|p1a: Ampharos|Mold Breaker\n|move|p2a: Chien-Pao|Crunch|p1a: Ampharos\n|-damage|p1a: Ampharos|0 fnt\n|faint|p1a: Ampharos\n|\n|upkeep\n|inactive|Yuinna. has 240 seconds left.\n|\n|t:|1698753484\n|switch|p1a: Glastrier|Glastrier, tera:Steel|63\/100\n|-damage|p1a: Glastrier|57\/100|[from] Stealth Rock\n|turn|23\n|\n|t:|1698753487\n|move|p2a: Chien-Pao|Crunch|p1a: Glastrier\n|-damage|p1a: Glastrier|0 fnt\n|faint|p1a: Glastrier\n|\n|upkeep\n|\n|t:|1698753490\n|switch|p1a: Alomomola|Alomomola, F|63\/100\n|-damage|p1a: Alomomola|51\/100|[from] Stealth Rock\n|turn|24\n|c|\u2606Yuinna.|gg\n|c|\u2606Ginesect|cpao is really good\n|c|\u2606Yuinna.|that does so much\n|\n|t:|1698753497\n|move|p1a: Alomomola|Protect|p1a: Alomomola\n|-singleturn|p1a: Alomomola|Protect\n|move|p2a: Chien-Pao|Crunch|p1a: Alomomola\n|-activate|p1a: Alomomola|move: Protect\n|\n|upkeep\n|turn|25\n|\n|t:|1698753501\n|move|p2a: Chien-Pao|Crunch|p1a: Alomomola\n|-damage|p1a: Alomomola|0 fnt\n|-damage|p2a: Chien-Pao|43\/100|[from] item: Rocky Helmet|[of] p1a: Alomomola\n|faint|p1a: Alomomola\n|\n|win|Ginesect\n|c|\u2606Ginesect|yeah gg\n","uploadtime":1698753510,"views":14,"p1id":"yuinna","p2id":"ginesect","formatid":"gen9nationaldexubers","rating":0,"private":0,"password":""}