{"id":"gen9nationaldexubers-1993800086","p1":"kitmash","p2":"if canot","format":"[Gen 9] National Dex Ubers","log":"|j|\u2606kitmash\n|j|\u2606if canot\n|t:|1700358778\n|gametype|singles\n|player|p1|kitmash|266|1607\n|player|p2|if canot|misty-masters|1667\n|teamsize|p1|6\n|teamsize|p2|6\n|gen|9\n|tier|[Gen 9] National Dex Ubers\n|rated|\n|rule|HP Percentage Mod: HP is shown in percentages\n|rule|Endless Battle Clause: Forcing endless battles is banned\n|rule|OHKO Clause: OHKO moves are banned\n|rule|Evasion Moves Clause: Evasion moves are banned\n|rule|Evasion Items Clause: Evasion items are banned\n|rule|Species Clause: Limit one of each Pok\u00e9mon\n|rule|Sleep Clause Mod: Limit one foe put to sleep\n|rule|Mega Rayquaza Clause: You cannot mega evolve Rayquaza\n|clearpoke\n|poke|p1|Lunala|\n|poke|p1|Arceus-Dark|\n|poke|p1|Appletun, F|\n|poke|p1|Groudon|\n|poke|p1|Bombirdier, F|\n|poke|p1|Flutter Mane|\n|poke|p2|Hatterene, F|\n|poke|p2|Porygon2|\n|poke|p2|Cresselia, F|\n|poke|p2|Arceus-Poison|\n|poke|p2|Melmetal|\n|poke|p2|Kyogre|\n|teampreview\n|inactive|Battle timer is ON: inactive players will automatically lose when time's up. (requested by if canot)\n|\n|t:|1700358804\n|start\n|switch|p1a: Lunala|Lunala|100\/100\n|switch|p2a: 3D\u9f99\u8089\u5230\u6b7b\uff0c\u62cd\u843d\u9664\u5916|Porygon2|100\/100\n|-ability|p2a: 3D\u9f99\u8089\u5230\u6b7b\uff0c\u62cd\u843d\u9664\u5916|Download|boost\n|-boost|p2a: 3D\u9f99\u8089\u5230\u6b7b\uff0c\u62cd\u843d\u9664\u5916|atk|1\n|turn|1\n|\n|t:|1700358811\n|move|p1a: Lunala|Toxic|p2a: 3D\u9f99\u8089\u5230\u6b7b\uff0c\u62cd\u843d\u9664\u5916\n|-status|p2a: 3D\u9f99\u8089\u5230\u6b7b\uff0c\u62cd\u843d\u9664\u5916|tox\n|move|p2a: 3D\u9f99\u8089\u5230\u6b7b\uff0c\u62cd\u843d\u9664\u5916|Trick Room|p2a: 3D\u9f99\u8089\u5230\u6b7b\uff0c\u62cd\u843d\u9664\u5916\n|-fieldstart|move: Trick Room|[of] p2a: 3D\u9f99\u8089\u5230\u6b7b\uff0c\u62cd\u843d\u9664\u5916\n|\n|-damage|p2a: 3D\u9f99\u8089\u5230\u6b7b\uff0c\u62cd\u843d\u9664\u5916|94\/100 tox|[from] psn\n|upkeep\n|turn|2\n|\n|t:|1700358819\n|move|p2a: 3D\u9f99\u8089\u5230\u6b7b\uff0c\u62cd\u843d\u9664\u5916|Teleport|p2a: 3D\u9f99\u8089\u5230\u6b7b\uff0c\u62cd\u843d\u9664\u5916\n|\n|t:|1700358821\n|switch|p2a: \u5854\u7237\u7684\u7269\u653b\u5df2\u7ecf\u6765\u5230\u4e8613000\u70b9|Melmetal|100\/100|[from] Teleport\n|move|p1a: Lunala|Roar|p2a: \u5854\u7237\u7684\u7269\u653b\u5df2\u7ecf\u6765\u5230\u4e8613000\u70b9\n|drag|p2a: 3D\u9f99\u8089\u5230\u6b7b\uff0c\u62cd\u843d\u9664\u5916|Porygon2|94\/100 tox\n|-ability|p2a: 3D\u9f99\u8089\u5230\u6b7b\uff0c\u62cd\u843d\u9664\u5916|Download|boost\n|-boost|p2a: 3D\u9f99\u8089\u5230\u6b7b\uff0c\u62cd\u843d\u9664\u5916|atk|1\n|\n|-damage|p2a: 3D\u9f99\u8089\u5230\u6b7b\uff0c\u62cd\u843d\u9664\u5916|88\/100 tox|[from] psn\n|upkeep\n|turn|3\n|\n|t:|1700358842\n|move|p2a: 3D\u9f99\u8089\u5230\u6b7b\uff0c\u62cd\u843d\u9664\u5916|Teleport|p2a: 3D\u9f99\u8089\u5230\u6b7b\uff0c\u62cd\u843d\u9664\u5916\n|\n|t:|1700358844\n|switch|p2a: \u5854\u7237\u7684\u7269\u653b\u5df2\u7ecf\u6765\u5230\u4e8613000\u70b9|Melmetal|100\/100|[from] Teleport\n|move|p1a: Lunala|Roar|p2a: \u5854\u7237\u7684\u7269\u653b\u5df2\u7ecf\u6765\u5230\u4e8613000\u70b9\n|drag|p2a: \u4f60\u662f\u4ec0\u4e48\u56fa\u62c9\u591a\uff1f|Kyogre|100\/100\n|detailschange|p2a: \u4f60\u662f\u4ec0\u4e48\u56fa\u62c9\u591a\uff1f|Kyogre-Primal\n|-primal|p2a: \u4f60\u662f\u4ec0\u4e48\u56fa\u62c9\u591a\uff1f|Blue Orb\n|-weather|PrimordialSea|[from] ability: Primordial Sea|[of] p2a: \u4f60\u662f\u4ec0\u4e48\u56fa\u62c9\u591a\uff1f\n|\n|-weather|PrimordialSea|[upkeep]\n|upkeep\n|turn|4\n|\n|t:|1700358855\n|switch|p1a: Appletun|Appletun, F|100\/100\n|move|p2a: \u4f60\u662f\u4ec0\u4e48\u56fa\u62c9\u591a\uff1f|Water Spout|p1a: Appletun\n|-resisted|p1a: Appletun\n|-damage|p1a: Appletun|82\/100\n|\n|-weather|PrimordialSea|[upkeep]\n|upkeep\n|turn|5\n|\n|t:|1700358879\n|move|p1a: Appletun|Reflect|p1a: Appletun\n|-sidestart|p1: kitmash|Reflect\n|move|p2a: \u4f60\u662f\u4ec0\u4e48\u56fa\u62c9\u591a\uff1f|Ice Beam|p1a: Appletun\n|-supereffective|p1a: Appletun\n|-damage|p1a: Appletun|20\/100\n|\n|-weather|PrimordialSea|[upkeep]\n|-fieldend|move: Trick Room\n|upkeep\n|turn|6\n|\n|t:|1700358888\n|switch|p1a: Groudon|Groudon|100\/100\n|detailschange|p1a: Groudon|Groudon-Primal\n|-primal|p1a: Groudon|Red Orb\n|-weather|DesolateLand|[from] ability: Desolate Land|[of] p1a: Groudon\n|move|p2a: \u4f60\u662f\u4ec0\u4e48\u56fa\u62c9\u591a\uff1f|Ice Beam|p1a: Groudon\n|-damage|p1a: Groudon|62\/100\n|\n|-weather|DesolateLand|[upkeep]\n|upkeep\n|turn|7\n|\n|t:|1700358899\n|switch|p2a: 3D\u9f99\u8089\u5230\u6b7b\uff0c\u62cd\u843d\u9664\u5916|Porygon2|88\/100 tox\n|-ability|p2a: 3D\u9f99\u8089\u5230\u6b7b\uff0c\u62cd\u843d\u9664\u5916|Download|boost\n|-boost|p2a: 3D\u9f99\u8089\u5230\u6b7b\uff0c\u62cd\u843d\u9664\u5916|spa|1\n|move|p1a: Groudon|Body Press|p2a: 3D\u9f99\u8089\u5230\u6b7b\uff0c\u62cd\u843d\u9664\u5916\n|-supereffective|p2a: 3D\u9f99\u8089\u5230\u6b7b\uff0c\u62cd\u843d\u9664\u5916\n|-damage|p2a: 3D\u9f99\u8089\u5230\u6b7b\uff0c\u62cd\u843d\u9664\u5916|53\/100 tox\n|\n|-weather|DesolateLand|[upkeep]\n|-damage|p2a: 3D\u9f99\u8089\u5230\u6b7b\uff0c\u62cd\u843d\u9664\u5916|47\/100 tox|[from] psn\n|upkeep\n|turn|8\n|\n|t:|1700358909\n|move|p1a: Groudon|Body Press|p2a: 3D\u9f99\u8089\u5230\u6b7b\uff0c\u62cd\u843d\u9664\u5916\n|-supereffective|p2a: 3D\u9f99\u8089\u5230\u6b7b\uff0c\u62cd\u843d\u9664\u5916\n|-damage|p2a: 3D\u9f99\u8089\u5230\u6b7b\uff0c\u62cd\u843d\u9664\u5916|5\/100 tox\n|move|p2a: 3D\u9f99\u8089\u5230\u6b7b\uff0c\u62cd\u843d\u9664\u5916|Trick Room|p2a: 3D\u9f99\u8089\u5230\u6b7b\uff0c\u62cd\u843d\u9664\u5916\n|-fieldstart|move: Trick Room|[of] p2a: 3D\u9f99\u8089\u5230\u6b7b\uff0c\u62cd\u843d\u9664\u5916\n|\n|-weather|DesolateLand|[upkeep]\n|-damage|p2a: 3D\u9f99\u8089\u5230\u6b7b\uff0c\u62cd\u843d\u9664\u5916|0 fnt|[from] psn\n|faint|p2a: 3D\u9f99\u8089\u5230\u6b7b\uff0c\u62cd\u843d\u9664\u5916\n|upkeep\n|\n|t:|1700358918\n|switch|p2a: \u4f60\u662f\u4ec0\u4e48\u56fa\u62c9\u591a\uff1f|Kyogre-Primal|100\/100\n|-weather|PrimordialSea|[from] ability: Primordial Sea|[of] p2a: \u4f60\u662f\u4ec0\u4e48\u56fa\u62c9\u591a\uff1f\n|turn|9\n|\n|t:|1700358934\n|switch|p1a: Appletun|Appletun, F|20\/100\n|move|p2a: \u4f60\u662f\u4ec0\u4e48\u56fa\u62c9\u591a\uff1f|Water Spout|p1a: Appletun\n|-resisted|p1a: Appletun\n|-damage|p1a: Appletun|2\/100\n|\n|-weather|PrimordialSea|[upkeep]\n|-sideend|p1: kitmash|Reflect\n|upkeep\n|turn|10\n|\n|t:|1700358944\n|move|p1a: Appletun|Grass Knot|p2a: \u4f60\u662f\u4ec0\u4e48\u56fa\u62c9\u591a\uff1f\n|-supereffective|p2a: \u4f60\u662f\u4ec0\u4e48\u56fa\u62c9\u591a\uff1f\n|-damage|p2a: \u4f60\u662f\u4ec0\u4e48\u56fa\u62c9\u591a\uff1f|54\/100\n|move|p2a: \u4f60\u662f\u4ec0\u4e48\u56fa\u62c9\u591a\uff1f|Ice Beam|p1a: Appletun\n|-supereffective|p1a: Appletun\n|-damage|p1a: Appletun|0 fnt\n|faint|p1a: Appletun\n|\n|-weather|PrimordialSea|[upkeep]\n|upkeep\n|\n|t:|1700358954\n|switch|p1a: Groudon|Groudon-Primal|62\/100\n|-weather|DesolateLand|[from] ability: Desolate Land|[of] p1a: Groudon\n|turn|11\n|\n|t:|1700358961\n|move|p2a: \u4f60\u662f\u4ec0\u4e48\u56fa\u62c9\u591a\uff1f|Ice Beam|p1a: Groudon\n|-damage|p1a: Groudon|21\/100\n|move|p1a: Groudon|Body Press|p2a: \u4f60\u662f\u4ec0\u4e48\u56fa\u62c9\u591a\uff1f\n|-damage|p2a: \u4f60\u662f\u4ec0\u4e48\u56fa\u62c9\u591a\uff1f|22\/100\n|\n|-weather|DesolateLand|[upkeep]\n|upkeep\n|turn|12\n|\n|t:|1700358967\n|-weather|none\n|switch|p1a: Lunala|Lunala|100\/100\n|move|p2a: \u4f60\u662f\u4ec0\u4e48\u56fa\u62c9\u591a\uff1f|Ice Beam|p1a: Lunala\n|-damage|p1a: Lunala|89\/100\n|\n|-fieldend|move: Trick Room\n|upkeep\n|turn|13\n|\n|t:|1700358975\n|move|p1a: Lunala|Moongeist Beam|p2a: \u4f60\u662f\u4ec0\u4e48\u56fa\u62c9\u591a\uff1f\n|-damage|p2a: \u4f60\u662f\u4ec0\u4e48\u56fa\u62c9\u591a\uff1f|0 fnt\n|faint|p2a: \u4f60\u662f\u4ec0\u4e48\u56fa\u62c9\u591a\uff1f\n|\n|upkeep\n|\n|t:|1700358980\n|switch|p2a: \u5e3d\u5b50\u53ea\u4f1a\u9001\u6b7b|Hatterene, F|100\/100\n|turn|14\n|\n|t:|1700358986\n|move|p1a: Lunala|Moongeist Beam|p2a: \u5e3d\u5b50\u53ea\u4f1a\u9001\u6b7b\n|-supereffective|p2a: \u5e3d\u5b50\u53ea\u4f1a\u9001\u6b7b\n|-damage|p2a: \u5e3d\u5b50\u53ea\u4f1a\u9001\u6b7b|7\/100\n|move|p2a: \u5e3d\u5b50\u53ea\u4f1a\u9001\u6b7b|Trick Room|p2a: \u5e3d\u5b50\u53ea\u4f1a\u9001\u6b7b\n|-fieldstart|move: Trick Room|[of] p2a: \u5e3d\u5b50\u53ea\u4f1a\u9001\u6b7b\n|\n|upkeep\n|turn|15\n|\n|t:|1700358991\n|move|p2a: \u5e3d\u5b50\u53ea\u4f1a\u9001\u6b7b|Healing Wish|p2a: \u5e3d\u5b50\u53ea\u4f1a\u9001\u6b7b\n|faint|p2a: \u5e3d\u5b50\u53ea\u4f1a\u9001\u6b7b\n|move|p1a: Lunala|Roost|p1a: Lunala\n|-heal|p1a: Lunala|100\/100\n|-singleturn|p1a: Lunala|move: Roost\n|\n|upkeep\n|\n|t:|1700358995\n|switch|p2a: \u5854\u7237\u7684\u7269\u653b\u5df2\u7ecf\u6765\u5230\u4e8613000\u70b9|Melmetal|100\/100\n|turn|16\n|\n|t:|1700359017\n|switch|p1a: Arceus|Arceus-Dark|100\/100\n|-terastallize|p2a: \u5854\u7237\u7684\u7269\u653b\u5df2\u7ecf\u6765\u5230\u4e8613000\u70b9|Steel\n|move|p2a: \u5854\u7237\u7684\u7269\u653b\u5df2\u7ecf\u6765\u5230\u4e8613000\u70b9|Double Iron Bash|p1a: Arceus\n|-damage|p1a: Arceus|58\/100\n|-damage|p1a: Arceus|16\/100\n|-hitcount|p1a: Arceus|2\n|\n|upkeep\n|turn|17\n|\n|t:|1700359027\n|move|p2a: \u5854\u7237\u7684\u7269\u653b\u5df2\u7ecf\u6765\u5230\u4e8613000\u70b9|Double Iron Bash|p1a: Arceus\n|-damage|p1a: Arceus|0 fnt\n|faint|p1a: Arceus\n|-hitcount|p1: Arceus|1\n|\n|upkeep\n|\n|t:|1700359032\n|switch|p1a: Bombirdier|Bombirdier, F|100\/100\n|turn|18\n|\n|t:|1700359035\n|move|p1a: Bombirdier|Sucker Punch|p2a: \u5854\u7237\u7684\u7269\u653b\u5df2\u7ecf\u6765\u5230\u4e8613000\u70b9\n|-damage|p2a: \u5854\u7237\u7684\u7269\u653b\u5df2\u7ecf\u6765\u5230\u4e8613000\u70b9|68\/100\n|move|p2a: \u5854\u7237\u7684\u7269\u653b\u5df2\u7ecf\u6765\u5230\u4e8613000\u70b9|Double Iron Bash|p1a: Bombirdier\n|-damage|p1a: Bombirdier|0 fnt\n|faint|p1a: Bombirdier\n|-hitcount|p1: Bombirdier|1\n|\n|-fieldend|move: Trick Room\n|upkeep\n|\n|t:|1700359052\n|switch|p1a: Groudon|Groudon-Primal|21\/100\n|-weather|DesolateLand|[from] ability: Desolate Land|[of] p1a: Groudon\n|turn|19\n|\n|t:|1700359067\n|move|p1a: Groudon|Overheat|p2a: \u5854\u7237\u7684\u7269\u653b\u5df2\u7ecf\u6765\u5230\u4e8613000\u70b9\n|-supereffective|p2a: \u5854\u7237\u7684\u7269\u653b\u5df2\u7ecf\u6765\u5230\u4e8613000\u70b9\n|-crit|p2a: \u5854\u7237\u7684\u7269\u653b\u5df2\u7ecf\u6765\u5230\u4e8613000\u70b9\n|-damage|p2a: \u5854\u7237\u7684\u7269\u653b\u5df2\u7ecf\u6765\u5230\u4e8613000\u70b9|0 fnt\n|-unboost|p1a: Groudon|spa|2\n|faint|p2a: \u5854\u7237\u7684\u7269\u653b\u5df2\u7ecf\u6765\u5230\u4e8613000\u70b9\n|\n|-weather|DesolateLand|[upkeep]\n|upkeep\n|\n|t:|1700359072\n|switch|p2a: \u6bd2\u9a7c\u592a\u5e05\u4e86|Arceus-Poison|100\/100\n|turn|20\n|\n|t:|1700359084\n|move|p1a: Groudon|Rest|p1a: Groudon\n|-status|p1a: Groudon|slp|[from] move: Rest\n|-heal|p1a: Groudon|100\/100 slp|[silent]\n|move|p2a: \u6bd2\u9a7c\u592a\u5e05\u4e86|Trick Room|p2a: \u6bd2\u9a7c\u592a\u5e05\u4e86\n|-fieldstart|move: Trick Room|[of] p2a: \u6bd2\u9a7c\u592a\u5e05\u4e86\n|\n|-weather|DesolateLand|[upkeep]\n|upkeep\n|turn|21\n|\n|t:|1700359091\n|-weather|none\n|switch|p1a: Lunala|Lunala|100\/100\n|move|p2a: \u6bd2\u9a7c\u592a\u5e05\u4e86|Judgment|p1a: Lunala\n|-resisted|p1a: Lunala\n|-damage|p1a: Lunala|95\/100\n|\n|upkeep\n|turn|22\n|\n|t:|1700359101\n|switch|p2a: \u5c0f\u8001\u5a46\uff0c\u771f\u7684\u8089|Cresselia, F|100\/100\n|move|p1a: Lunala|Moongeist Beam|p2a: \u5c0f\u8001\u5a46\uff0c\u771f\u7684\u8089\n|-supereffective|p2a: \u5c0f\u8001\u5a46\uff0c\u771f\u7684\u8089\n|-damage|p2a: \u5c0f\u8001\u5a46\uff0c\u771f\u7684\u8089|47\/100\n|\n|upkeep\n|turn|23\n|\n|t:|1700359109\n|move|p2a: \u5c0f\u8001\u5a46\uff0c\u771f\u7684\u8089|Toxic|p1a: Lunala\n|-status|p1a: Lunala|tox\n|move|p1a: Lunala|Moongeist Beam|p2a: \u5c0f\u8001\u5a46\uff0c\u771f\u7684\u8089\n|-supereffective|p2a: \u5c0f\u8001\u5a46\uff0c\u771f\u7684\u8089\n|-damage|p2a: \u5c0f\u8001\u5a46\uff0c\u771f\u7684\u8089|0 fnt\n|faint|p2a: \u5c0f\u8001\u5a46\uff0c\u771f\u7684\u8089\n|\n|-damage|p1a: Lunala|89\/100 tox|[from] psn\n|upkeep\n|\n|t:|1700359112\n|switch|p2a: \u6bd2\u9a7c\u592a\u5e05\u4e86|Arceus-Poison|100\/100\n|turn|24\n|-message|if canot forfeited.\n|\n|win|kitmash\n|raw|kitmash's rating: 1607 &rarr; <strong>1630<\/strong><br \/>(+23 for winning)\n|raw|if canot's rating: 1667 &rarr; <strong>1644<\/strong><br \/>(-23 for losing)\n|l|\u2606if canot\n","uploadtime":1700359135,"views":7,"p1id":"kitmash","p2id":"ifcanot","formatid":"gen9nationaldexubers","rating":1630,"private":0,"password":""}