{"id":"gen9nationaldexubers-1978408271","p1":"BugCatcherRaidBoss","p2":"V-Creating Victory","format":"[Gen 9] National Dex Ubers","log":"|j|\u2606BugCatcherRaidBoss\n|j|\u2606V-Creating Victory\n|inactive|Battle timer is ON: inactive players will automatically lose when time's up.\n|t:|1698535116\n|gametype|singles\n|player|p1|BugCatcherRaidBoss|shelly|\n|player|p2|V-Creating Victory|265|\n|teamsize|p1|6\n|teamsize|p2|6\n|gen|9\n|tier|[Gen 9] National Dex Ubers\n|rated|Tournament battle\n|rule|HP Percentage Mod: HP is shown in percentages\n|rule|Endless Battle Clause: Forcing endless battles is banned\n|rule|OHKO Clause: OHKO moves are banned\n|rule|Evasion Moves Clause: Evasion moves are banned\n|rule|Evasion Items Clause: Evasion items are banned\n|rule|Species Clause: Limit one of each Pok\u00e9mon\n|rule|Sleep Clause Mod: Limit one foe put to sleep\n|rule|Mega Rayquaza Clause: You cannot mega evolve Rayquaza\n|rule|Dynamax Clause: You cannot dynamax\n|rule|Terastal Clause: You cannot Terastallize\n|rule|Same Type Clause: Pok\u00e9mon in a team must share a type\n|clearpoke\n|poke|p1|Pheromosa|\n|poke|p1|Genesect|\n|poke|p1|Pinsir, M|\n|poke|p1|Araquanid, F|\n|poke|p1|Galvantula, F|\n|poke|p1|Armaldo, M|\n|poke|p2|Hatterene, F|\n|poke|p2|Calyrex-Ice|\n|poke|p2|Necrozma-Dusk-Mane|\n|poke|p2|Lunala|\n|poke|p2|Mewtwo|\n|poke|p2|Tapu Lele|\n|teampreview\n|c|\u2606V-Creating Victory|Good luck and have fun\n|j| galaxystudios370\n|c|\u2606BugCatcherRaidBoss|This is a sample ain't it?\n|\n|t:|1698535131\n|start\n|switch|p1a: Urban Guerrilla|Genesect, shiny|100\/100\n|switch|p2a: Mistral|Hatterene, F|100\/100\n|-ability|p1a: Urban Guerrilla|Download|boost\n|-boost|p1a: Urban Guerrilla|atk|1\n|turn|1\n|j| Franko159\n|c| galaxystudios370|nah\n|c|\u2606V-Creating Victory|This is galaxy's team\n|c| Franko159|pole\n|c|\u2606BugCatcherRaidBoss|Oh\n|c|\u2606BugCatcherRaidBoss|That explains something's\n|\n|t:|1698535151\n|move|p1a: Urban Guerrilla|U-turn|p2a: Mistral\n|-damage|p2a: Mistral|38\/100\n|-damage|p1a: Urban Guerrilla|91\/100|[from] item: Life Orb\n|\n|t:|1698535155\n|switch|p1a: Levitation|Araquanid, F, shiny|100\/100|[from] U-turn\n|move|p2a: Mistral|Trick Room|p2a: Mistral\n|-fieldstart|move: Trick Room|[of] p2a: Mistral\n|\n|upkeep\n|turn|2\n|c|\u2606V-Creating Victory|I just really like galaxy's playstyle so I steel everything ig\n|c| Franko159|if you scouted, you may win\n|c|\u2606BugCatcherRaidBoss|Thanks\n|c|\u2606V-Creating Victory|*steal\n|c|\u2606BugCatcherRaidBoss|I literally fought this exact same team at the beginning\n|\n|t:|1698535180\n|move|p2a: Mistral|Healing Wish|p2a: Mistral\n|faint|p2a: Mistral\n|move|p1a: Levitation|Liquidation|p2: Mistral|[notarget]\n|-fail|p1a: Levitation\n|\n|upkeep\n|\n|t:|1698535187\n|switch|p2a: Blade Wolf|Necrozma-Dusk-Mane|100\/100\n|turn|3\n|c|\u2606V-Creating Victory|ahh\n|c| galaxystudios370|my playstyle is just \"attack\"\n|inactive|BugCatcherRaidBoss has 120 seconds left.\n|c|\u2606V-Creating Victory|lol\n|inactive|BugCatcherRaidBoss has 90 seconds left.\n|\n|t:|1698535244\n|switch|p1a: Brainbox pollution|Pinsir, M, shiny|100\/100\n|move|p2a: Blade Wolf|Stone Edge|p1a: Brainbox pollution\n|-supereffective|p1a: Brainbox pollution\n|-damage|p1a: Brainbox pollution|0 fnt\n|faint|p1a: Brainbox pollution\n|\n|upkeep\n|\n|t:|1698535252\n|switch|p1a: Urban Guerrilla|Genesect, shiny|91\/100\n|-ability|p1a: Urban Guerrilla|Download|boost\n|-boost|p1a: Urban Guerrilla|spa|1\n|turn|4\n|inactive|BugCatcherRaidBoss has 90 seconds left.\n|\n|t:|1698535260\n|move|p2a: Blade Wolf|Stone Edge|p1a: Urban Guerrilla\n|-damage|p1a: Urban Guerrilla|32\/100\n|move|p1a: Urban Guerrilla|Flamethrower|p2a: Blade Wolf\n|-supereffective|p2a: Blade Wolf\n|-damage|p2a: Blade Wolf|31\/100\n|-enditem|p2a: Blade Wolf|Weakness Policy\n|-boost|p2a: Blade Wolf|atk|2|[from] item: Weakness Policy\n|-boost|p2a: Blade Wolf|spa|2|[from] item: Weakness Policy\n|-damage|p1a: Urban Guerrilla|22\/100|[from] item: Life Orb\n|\n|upkeep\n|turn|5\n|inactive|BugCatcherRaidBoss has 90 seconds left.\n|\n|t:|1698535274\n|move|p2a: Blade Wolf|Stone Edge|p1a: Urban Guerrilla\n|-crit|p1a: Urban Guerrilla\n|-damage|p1a: Urban Guerrilla|0 fnt\n|faint|p1a: Urban Guerrilla\n|\n|-fieldend|move: Trick Room\n|upkeep\n|inactive|BugCatcherRaidBoss has 90 seconds left.\n|\n|t:|1698535286\n|switch|p1a: Brainstorm|Pheromosa, shiny|100\/100\n|turn|6\n|inactive|BugCatcherRaidBoss has 90 seconds left.\n|\n|t:|1698535293\n|move|p1a: Brainstorm|Bug Buzz|p2a: Blade Wolf\n|-damage|p2a: Blade Wolf|0 fnt\n|faint|p2a: Blade Wolf\n|-ability|p1a: Brainstorm|Beast Boost|boost\n|-boost|p1a: Brainstorm|spa|1\n|\n|upkeep\n|\n|t:|1698535302\n|switch|p2a: Sundowner|Lunala|100\/100\n|turn|7\n|\n|t:|1698535308\n|move|p1a: Brainstorm|Bug Buzz|p2a: Sundowner\n|-damage|p2a: Sundowner|75\/100\n|move|p2a: Sundowner|Trick Room|p2a: Sundowner\n|-fieldstart|move: Trick Room|[of] p2a: Sundowner\n|\n|upkeep\n|turn|8\n|\n|t:|1698535316\n|switch|p1a: Lord Of Light|Armaldo, M, shiny|100\/100\n|move|p2a: Sundowner|Meteor Beam||[still]\n|-prepare|p2a: Sundowner|Meteor Beam\n|-boost|p2a: Sundowner|spa|1\n|-enditem|p2a: Sundowner|Power Herb\n|-anim|p2a: Sundowner|Meteor Beam|p1a: Lord Of Light\n|-supereffective|p1a: Lord Of Light\n|-damage|p1a: Lord Of Light|0 fnt\n|faint|p1a: Lord Of Light\n|\n|upkeep\n|c| Franko159|rip?\n|\n|t:|1698535334\n|switch|p1a: Levitation|Araquanid, F, shiny|100\/100\n|turn|9\n|c| galaxystudios370|nah lunala dies next turn\n|\n|t:|1698535348\n|move|p1a: Levitation|Liquidation|p2a: Sundowner\n|-damage|p2a: Sundowner|26\/100\n|move|p2a: Sundowner|Moongeist Beam|p1a: Levitation\n|-damage|p1a: Levitation|52\/100\n|\n|upkeep\n|turn|10\n|c| galaxystudios370|wait never mind you just caught armaldo\n|c|\u2606V-Creating Victory|ye\n|\n|t:|1698535359\n|move|p1a: Levitation|Leech Life|p2a: Sundowner\n|-damage|p2a: Sundowner|3\/100\n|-heal|p1a: Levitation|69\/100|[from] drain|[of] p2a: Sundowner\n|move|p2a: Sundowner|Moongeist Beam|p1a: Levitation\n|-damage|p1a: Levitation|17\/100\n|\n|upkeep\n|turn|11\n|c| Franko159|f luna\n|c| galaxystudios370|which is the other mon that underspeeds this\n|c|\u2606BugCatcherRaidBoss|Bruh\n|c|\u2606V-Creating Victory|it's alive\n|\n|t:|1698535369\n|move|p1a: Levitation|Leech Life|p2a: Sundowner\n|-damage|p2a: Sundowner|0 fnt\n|-heal|p1a: Levitation|19\/100|[from] drain|[of] p2a: Sundowner\n|faint|p2a: Sundowner\n|\n|-fieldend|move: Trick Room\n|upkeep\n|\n|t:|1698535372\n|switch|p2a: Armstrong|Mewtwo|100\/100\n|-ability|p2a: Armstrong|Pressure\n|turn|12\n|\n|t:|1698535381\n|detailschange|p2a: Armstrong|Mewtwo-Mega-Y\n|-mega|p2a: Armstrong|Mewtwo|Mewtwonite Y\n|move|p2a: Armstrong|Psystrike|p1a: Levitation\n|-damage|p1a: Levitation|0 fnt\n|faint|p1a: Levitation\n|\n|upkeep\n|\n|t:|1698535390\n|switch|p1a: Brainstorm|Pheromosa, shiny|100\/100\n|turn|13\n|\n|t:|1698535395\n|move|p2a: Armstrong|Psystrike|p1a: Brainstorm\n|-supereffective|p1a: Brainstorm\n|-enditem|p1a: Brainstorm|Focus Sash\n|-damage|p1a: Brainstorm|1\/100\n|move|p1a: Brainstorm|Quiver Dance|p1a: Brainstorm\n|-boost|p1a: Brainstorm|spa|1\n|-boost|p1a: Brainstorm|spd|1\n|-boost|p1a: Brainstorm|spe|1\n|\n|upkeep\n|turn|14\n|c| galaxystudios370|ok I think you're positioned well for Pheromosa now\n|c|\u2606V-Creating Victory|ehh\n|c| galaxystudios370|but you need to play correctly\n|c|\u2606V-Creating Victory|maybe\n|\n|t:|1698535406\n|move|p1a: Brainstorm|Bug Buzz|p2a: Armstrong\n|-supereffective|p2a: Armstrong\n|-damage|p2a: Armstrong|0 fnt\n|faint|p2a: Armstrong\n|-ability|p1a: Brainstorm|Beast Boost|boost\n|-boost|p1a: Brainstorm|spa|1\n|\n|upkeep\n|\n|t:|1698535408\n|switch|p2a: Jetstream Sam|Calyrex-Ice|100\/100\n|-ability|p2a: Jetstream Sam|As One\n|-ability|p2a: Jetstream Sam|Unnerve\n|turn|15\n|c| Franko159|f\n|\n|t:|1698535418\n|move|p1a: Brainstorm|Bug Buzz|p2a: Jetstream Sam\n|-supereffective|p2a: Jetstream Sam\n|-damage|p2a: Jetstream Sam|0 fnt\n|faint|p2a: Jetstream Sam\n|-ability|p1a: Brainstorm|Beast Boost|boost\n|-boost|p1a: Brainstorm|spa|1\n|\n|upkeep\n|c|\u2606BugCatcherRaidBoss|Gg\n|c|\u2606V-Creating Victory|yeah I lose\n|c|\u2606V-Creating Victory|gg\n|\n|t:|1698535423\n|switch|p2a: Monsoon|Tapu Lele|100\/100\n|-fieldstart|move: Psychic Terrain|[from] ability: Psychic Surge|[of] p2a: Monsoon\n|turn|16\n|c| galaxystudios370|play was pivoting through lele\n|\n|t:|1698535429\n|move|p1a: Brainstorm|Bug Buzz|p2a: Monsoon\n|-damage|p2a: Monsoon|0 fnt\n|faint|p2a: Monsoon\n|\n|win|BugCatcherRaidBoss\n|n|\u2606BugCatcherRaidBoss|bugcatcherraidboss\n|n|\u2606V-Creating Victory|vcreatingvictory\n|n| galaxystudios370|galaxystudios370\n|n| Franko159|franko159\n","uploadtime":1698535430,"views":14,"p1id":"bugcatcherraidboss","p2id":"vcreatingvictory","formatid":"gen9nationaldexubers","rating":0,"private":0,"password":""}