{"id":"gen9nationaldexubers-1984558624","p1":"Incredible Gassy","p2":"MommyMikuNakano","format":"[Gen 9] National Dex Ubers","log":"|j|\u2606Incredible Gassy\n|j|\u2606MommyMikuNakano\n|t:|1699279688\n|gametype|singles\n|player|p1|Incredible Gassy|rocker-gen3|1652\n|player|p2|MommyMikuNakano|erika-gen1|1782\n|teamsize|p1|6\n|teamsize|p2|6\n|gen|9\n|tier|[Gen 9] National Dex Ubers\n|rated|\n|rule|HP Percentage Mod: HP is shown in percentages\n|rule|Endless Battle Clause: Forcing endless battles is banned\n|rule|OHKO Clause: OHKO moves are banned\n|rule|Evasion Moves Clause: Evasion moves are banned\n|rule|Evasion Items Clause: Evasion items are banned\n|rule|Species Clause: Limit one of each Pok\u00e9mon\n|rule|Sleep Clause Mod: Limit one foe put to sleep\n|rule|Mega Rayquaza Clause: You cannot mega evolve Rayquaza\n|clearpoke\n|poke|p1|Groudon|\n|poke|p1|Arceus-Ground|\n|poke|p1|Magearna|\n|poke|p1|Chansey, F|\n|poke|p1|Marshadow|\n|poke|p1|Ho-Oh|\n|poke|p2|Ditto|\n|poke|p2|Kyogre|\n|poke|p2|Giratina-Origin|\n|poke|p2|Arceus-Dark|\n|poke|p2|Necrozma-Dusk-Mane|\n|poke|p2|Kyurem-Black|\n|teampreview\n|inactive|Battle timer is ON: inactive players will automatically lose when time's up. (requested by Incredible Gassy)\n|inactive|MommyMikuNakano also wants the timer to be on.\n|\n|t:|1699279700\n|start\n|switch|p1a: Magearna|Magearna|100\/100\n|switch|p2a: Necrozma|Necrozma-Dusk-Mane|100\/100\n|turn|1\n|\n|t:|1699279706\n|switch|p1a: Groudon|Groudon|100\/100\n|detailschange|p1a: Groudon|Groudon-Primal\n|-primal|p1a: Groudon|Red Orb\n|-weather|DesolateLand|[from] ability: Desolate Land|[of] p1a: Groudon\n|move|p2a: Necrozma|Stealth Rock|p1a: Groudon\n|-sidestart|p1: Incredible Gassy|move: Stealth Rock\n|\n|-weather|DesolateLand|[upkeep]\n|upkeep\n|turn|2\n|\n|t:|1699279710\n|detailschange|p2a: Necrozma|Necrozma-Ultra\n|-burst|p2a: Necrozma|Necrozma|Ultranecrozium Z\n|move|p2a: Necrozma|Earth Power|p1a: Groudon\n|-supereffective|p1a: Groudon\n|-damage|p1a: Groudon|6\/100\n|move|p1a: Groudon|Earthquake|p2a: Necrozma\n|-damage|p2a: Necrozma|41\/100\n|\n|-weather|DesolateLand|[upkeep]\n|upkeep\n|turn|3\n|j| shamatetuanzhang\n|\n|t:|1699279717\n|-weather|none\n|switch|p1a: Ho-Oh|Ho-Oh|100\/100\n|move|p2a: Necrozma|Photon Geyser|p1a: Ho-Oh\n|-damage|p1a: Ho-Oh|74\/100\n|\n|upkeep\n|turn|4\n|\n|t:|1699279723\n|move|p2a: Necrozma|Photon Geyser|p1a: Ho-Oh\n|-damage|p1a: Ho-Oh|45\/100\n|move|p1a: Ho-Oh|Roost|p1a: Ho-Oh\n|-heal|p1a: Ho-Oh|95\/100\n|-singleturn|p1a: Ho-Oh|move: Roost\n|\n|upkeep\n|turn|5\n|\n|t:|1699279728\n|switch|p2a: Arceus|Arceus-Dark|100\/100\n|move|p1a: Ho-Oh|Defog|p2a: Arceus\n|-unboost|p2a: Arceus|evasion|1\n|-sideend|p1: Incredible Gassy|Stealth Rock|[from] move: Defog|[of] p1a: Ho-Oh\n|\n|upkeep\n|turn|6\n|\n|t:|1699279731\n|switch|p1a: Marshadow|Marshadow|100\/100\n|move|p2a: Arceus|Taunt|p1a: Marshadow\n|-start|p1a: Marshadow|move: Taunt\n|\n|upkeep\n|turn|7\n|\n|t:|1699279738\n|switch|p2a: Giratina|Giratina-Origin|100\/100\n|move|p1a: Marshadow|Low Kick|p2a: Giratina\n|-immune|p2a: Giratina\n|\n|upkeep\n|turn|8\n|\n|t:|1699279749\n|switch|p1a: Chansey|Chansey, F|100\/100\n|move|p2a: Giratina|Will-O-Wisp|p1a: Chansey\n|-status|p1a: Chansey|brn\n|\n|-damage|p1a: Chansey|94\/100 brn|[from] brn\n|upkeep\n|turn|9\n|\n|t:|1699279778\n|switch|p2a: Necrozma|Necrozma-Ultra|41\/100\n|move|p1a: Chansey|Wish|p1a: Chansey\n|\n|-damage|p1a: Chansey|88\/100 brn|[from] brn\n|upkeep\n|turn|10\n|inactive|Incredible Gassy has 120 seconds left.\n|\n|t:|1699279812\n|move|p2a: Necrozma|Stealth Rock|p1a: Chansey\n|-sidestart|p1: Incredible Gassy|move: Stealth Rock\n|move|p1a: Chansey|Seismic Toss|p2a: Necrozma\n|-damage|p2a: Necrozma|11\/100\n|\n|-heal|p1a: Chansey|100\/100 brn|[from] move: Wish|[wisher] Chansey\n|-damage|p1a: Chansey|94\/100 brn|[from] brn\n|upkeep\n|turn|11\n|\n|t:|1699279820\n|switch|p2a: Kyurem|Kyurem-Black|100\/100\n|-ability|p2a: Kyurem|Teravolt\n|move|p1a: Chansey|Soft-Boiled|p1a: Chansey\n|-heal|p1a: Chansey|100\/100 brn\n|\n|-damage|p1a: Chansey|94\/100 brn|[from] brn\n|upkeep\n|turn|12\n|\n|t:|1699279828\n|-curestatus|p1a: Chansey|brn|[from] ability: Natural Cure\n|switch|p1a: Magearna|Magearna|100\/100\n|-damage|p1a: Magearna|94\/100|[from] Stealth Rock\n|move|p2a: Kyurem|Dragon Dance|p2a: Kyurem\n|-boost|p2a: Kyurem|atk|1\n|-boost|p2a: Kyurem|spe|1\n|\n|-heal|p1a: Magearna|100\/100|[from] item: Leftovers\n|upkeep\n|turn|13\n|\n|t:|1699279835\n|switch|p2a: Kyogre|Kyogre|100\/100\n|-weather|RainDance|[from] ability: Drizzle|[of] p2a: Kyogre\n|move|p1a: Magearna|Trick Room|p1a: Magearna\n|-fieldstart|move: Trick Room|[of] p1a: Magearna\n|\n|-weather|RainDance|[upkeep]\n|upkeep\n|turn|14\n|\n|t:|1699279847\n|switch|p2a: Ditto|Ditto, shiny|100\/100\n|-transform|p2a: Ditto|p1a: Magearna|[from] ability: Imposter\n|move|p1a: Magearna|Calm Mind|p1a: Magearna\n|-boost|p1a: Magearna|spa|1\n|-boost|p1a: Magearna|spd|1\n|\n|-weather|RainDance|[upkeep]\n|upkeep\n|turn|15\n|\n|t:|1699279861\n|move|p1a: Magearna|Flash Cannon|p2a: Ditto\n|-damage|p2a: Ditto|34\/100\n|move|p2a: Ditto|Flash Cannon|p1a: Magearna\n|-damage|p1a: Magearna|74\/100\n|\n|-weather|RainDance|[upkeep]\n|-heal|p1a: Magearna|80\/100|[from] item: Leftovers\n|upkeep\n|turn|16\n|\n|t:|1699279880\n|switch|p2a: Giratina|Giratina-Origin|100\/100\n|move|p1a: Magearna|Fleur Cannon|p2a: Giratina\n|-supereffective|p2a: Giratina\n|-damage|p2a: Giratina|0 fnt\n|-unboost|p1a: Magearna|spa|2\n|faint|p2a: Giratina\n|-ability|p1a: Magearna|Soul-Heart|boost\n|-boost|p1a: Magearna|spa|1\n|\n|-weather|RainDance|[upkeep]\n|-heal|p1a: Magearna|86\/100|[from] item: Leftovers\n|upkeep\n|\n|t:|1699279887\n|switch|p2a: Ditto|Ditto, shiny|34\/100\n|-transform|p2a: Ditto|p1a: Magearna|[from] ability: Imposter\n|turn|17\n|\n|t:|1699279891\n|move|p1a: Magearna|Flash Cannon|p2a: Ditto\n|-damage|p2a: Ditto|2\/100\n|move|p2a: Ditto|Flash Cannon|p1a: Magearna\n|-damage|p1a: Magearna|61\/100\n|-unboost|p1a: Magearna|spd|1\n|\n|-weather|none\n|-heal|p1a: Magearna|68\/100|[from] item: Leftovers\n|-fieldend|move: Trick Room\n|upkeep\n|turn|18\n|\n|t:|1699279896\n|move|p2a: Ditto|Flash Cannon|p1a: Magearna\n|-damage|p1a: Magearna|30\/100\n|-unboost|p1a: Magearna|spd|1\n|move|p1a: Magearna|Trick Room|p1a: Magearna\n|-fieldstart|move: Trick Room|[of] p1a: Magearna\n|\n|-heal|p1a: Magearna|36\/100|[from] item: Leftovers\n|upkeep\n|turn|19\n|\n|t:|1699279900\n|move|p1a: Magearna|Flash Cannon|p2a: Ditto\n|-damage|p2a: Ditto|0 fnt\n|faint|p2a: Ditto\n|-ability|p1a: Magearna|Soul-Heart|boost\n|-boost|p1a: Magearna|spa|1\n|\n|-heal|p1a: Magearna|42\/100|[from] item: Leftovers\n|upkeep\n|\n|t:|1699279911\n|switch|p2a: Kyurem|Kyurem-Black|100\/100\n|-ability|p2a: Kyurem|Teravolt\n|turn|20\n|\n|t:|1699279920\n|-terastallize|p2a: Kyurem|Steel\n|move|p1a: Magearna|Flash Cannon|p2a: Kyurem\n|-resisted|p2a: Kyurem\n|-damage|p2a: Kyurem|71\/100\n|move|p2a: Kyurem|Roost|p2a: Kyurem\n|-heal|p2a: Kyurem|100\/100\n|\n|-heal|p1a: Magearna|48\/100|[from] item: Leftovers\n|upkeep\n|turn|21\n|\n|t:|1699279927\n|move|p1a: Magearna|Calm Mind|p1a: Magearna\n|-boost|p1a: Magearna|spa|1\n|-boost|p1a: Magearna|spd|1\n|move|p2a: Kyurem|Fusion Bolt|p1a: Magearna\n|-damage|p1a: Magearna|11\/100\n|\n|-heal|p1a: Magearna|17\/100|[from] item: Leftovers\n|upkeep\n|turn|22\n|\n|t:|1699279931\n|move|p1a: Magearna|Fleur Cannon|p2a: Kyurem|[miss]\n|-miss|p1a: Magearna|p2a: Kyurem\n|move|p2a: Kyurem|Dragon Dance|p2a: Kyurem\n|-boost|p2a: Kyurem|atk|1\n|-boost|p2a: Kyurem|spe|1\n|\n|-heal|p1a: Magearna|23\/100|[from] item: Leftovers\n|-fieldend|move: Trick Room\n|upkeep\n|turn|23\n|\n|t:|1699279934\n|move|p2a: Kyurem|Fusion Bolt|p1a: Magearna\n|-damage|p1a: Magearna|0 fnt\n|faint|p1a: Magearna\n|\n|upkeep\n|\n|t:|1699279942\n|switch|p1a: Arceus|Arceus-Ground|100\/100\n|-damage|p1a: Arceus|94\/100|[from] Stealth Rock\n|turn|24\n|\n|t:|1699279946\n|-terastallize|p1a: Arceus|Fire\n|move|p2a: Kyurem|Icicle Spear|p1a: Arceus\n|-resisted|p1a: Arceus\n|-damage|p1a: Arceus|87\/100\n|-resisted|p1a: Arceus\n|-crit|p1a: Arceus\n|-damage|p1a: Arceus|74\/100\n|-resisted|p1a: Arceus\n|-damage|p1a: Arceus|66\/100\n|-resisted|p1a: Arceus\n|-damage|p1a: Arceus|58\/100\n|-hitcount|p1a: Arceus|4\n|move|p1a: Arceus|Earthquake|p2a: Kyurem\n|-supereffective|p2a: Kyurem\n|-damage|p2a: Kyurem|8\/100\n|\n|upkeep\n|turn|25\n|\n|t:|1699279957\n|switch|p2a: Arceus|Arceus-Dark|100\/100\n|switch|p1a: Groudon|Groudon-Primal|6\/100\n|-damage|p1a: Groudon|0 fnt|[from] Stealth Rock\n|faint|p1a: Groudon\n|\n|upkeep\n|\n|t:|1699279962\n|switch|p1a: Marshadow|Marshadow|100\/100\n|-damage|p1a: Marshadow|94\/100|[from] Stealth Rock\n|turn|26\n|\n|t:|1699279966\n|move|p1a: Marshadow|Low Kick|p2a: Arceus\n|-supereffective|p2a: Arceus\n|-damage|p2a: Arceus|0 fnt\n|faint|p2a: Arceus\n|\n|upkeep\n|\n|t:|1699279972\n|switch|p2a: Kyogre|Kyogre|100\/100\n|-weather|RainDance|[from] ability: Drizzle|[of] p2a: Kyogre\n|turn|27\n|\n|t:|1699279981\n|switch|p1a: Chansey|Chansey, F|94\/100\n|-damage|p1a: Chansey|82\/100|[from] Stealth Rock\n|move|p2a: Kyogre|Water Spout|p1a: Chansey\n|-damage|p1a: Chansey|41\/100\n|\n|-weather|RainDance|[upkeep]\n|upkeep\n|turn|28\n|\n|t:|1699279986\n|move|p2a: Kyogre|Water Spout|p1a: Chansey\n|-damage|p1a: Chansey|3\/100\n|move|p1a: Chansey|Soft-Boiled|p1a: Chansey\n|-heal|p1a: Chansey|53\/100\n|\n|-weather|RainDance|[upkeep]\n|upkeep\n|turn|29\n|\n|t:|1699279992\n|move|p2a: Kyogre|Water Spout|p1a: Chansey\n|-damage|p1a: Chansey|13\/100\n|move|p1a: Chansey|Soft-Boiled|p1a: Chansey\n|-heal|p1a: Chansey|63\/100\n|\n|-weather|RainDance|[upkeep]\n|upkeep\n|turn|30\n|\n|t:|1699279996\n|switch|p2a: Kyurem|Kyurem-Black, tera:Steel|8\/100\n|-ability|p2a: Kyurem|Teravolt\n|move|p1a: Chansey|Soft-Boiled|p1a: Chansey\n|-heal|p1a: Chansey|100\/100\n|\n|-weather|RainDance|[upkeep]\n|upkeep\n|turn|31\n|\n|t:|1699279999\n|move|p2a: Kyurem|Roost|p2a: Kyurem\n|-heal|p2a: Kyurem|58\/100\n|move|p1a: Chansey|Seismic Toss|p2a: Kyurem\n|-damage|p2a: Kyurem|32\/100\n|\n|-weather|none\n|upkeep\n|turn|32\n|\n|t:|1699280005\n|switch|p1a: Marshadow|Marshadow|94\/100\n|-damage|p1a: Marshadow|88\/100|[from] Stealth Rock\n|move|p2a: Kyurem|Icicle Spear|p1a: Marshadow\n|-damage|p1a: Marshadow|67\/100\n|-damage|p1a: Marshadow|45\/100\n|-damage|p1a: Marshadow|24\/100\n|-damage|p1a: Marshadow|1\/100\n|-hitcount|p1a: Marshadow|4\n|\n|upkeep\n|turn|33\n|\n|t:|1699280010\n|switch|p2a: Necrozma|Necrozma-Ultra|11\/100\n|move|p1a: Marshadow|Low Kick|p2a: Necrozma\n|-resisted|p2a: Necrozma\n|-damage|p2a: Necrozma|0 fnt\n|faint|p2a: Necrozma\n|\n|upkeep\n|\n|t:|1699280013\n|switch|p2a: Kyogre|Kyogre|100\/100\n|-weather|RainDance|[from] ability: Drizzle|[of] p2a: Kyogre\n|turn|34\n|\n|t:|1699280019\n|move|p2a: Kyogre|Water Spout|p1a: Marshadow\n|-damage|p1a: Marshadow|0 fnt\n|faint|p1a: Marshadow\n|\n|-weather|RainDance|[upkeep]\n|upkeep\n|\n|t:|1699280025\n|switch|p1a: Chansey|Chansey, F|100\/100\n|-damage|p1a: Chansey|88\/100|[from] Stealth Rock\n|turn|35\n|\n|t:|1699280030\n|switch|p2a: Kyurem|Kyurem-Black, tera:Steel|32\/100\n|-ability|p2a: Kyurem|Teravolt\n|switch|p1a: Ho-Oh|Ho-Oh|100\/100\n|\n|-weather|RainDance|[upkeep]\n|upkeep\n|turn|36\n|\n|t:|1699280037\n|switch|p2a: Kyogre|Kyogre|100\/100\n|move|p1a: Ho-Oh|Sacred Fire|p2a: Kyogre\n|-resisted|p2a: Kyogre\n|-damage|p2a: Kyogre|89\/100\n|\n|-weather|RainDance|[upkeep]\n|upkeep\n|turn|37\n|\n|t:|1699280041\n|move|p2a: Kyogre|Water Spout|p1a: Ho-Oh\n|-supereffective|p1a: Ho-Oh\n|-damage|p1a: Ho-Oh|2\/100\n|move|p1a: Ho-Oh|Defog|p2a: Kyogre\n|-unboost|p2a: Kyogre|evasion|1\n|-sideend|p1: Incredible Gassy|Stealth Rock|[from] move: Defog|[of] p1a: Ho-Oh\n|\n|-weather|RainDance|[upkeep]\n|upkeep\n|turn|38\n|\n|t:|1699280046\n|switch|p1a: Arceus|Arceus-Ground, tera:Fire|58\/100\n|move|p2a: Kyogre|Water Spout|p1a: Arceus\n|-supereffective|p1a: Arceus\n|-damage|p1a: Arceus|0 fnt\n|faint|p1a: Arceus\n|\n|-weather|none\n|upkeep\n|\n|t:|1699280048\n|switch|p1a: Ho-Oh|Ho-Oh|35\/100\n|turn|39\n|\n|t:|1699280050\n|switch|p1a: Chansey|Chansey, F|88\/100\n|move|p2a: Kyogre|Water Spout|p1a: Chansey\n|-damage|p1a: Chansey|66\/100\n|\n|upkeep\n|turn|40\n|\n|t:|1699280054\n|switch|p2a: Kyurem|Kyurem-Black, tera:Steel|32\/100\n|-ability|p2a: Kyurem|Teravolt\n|move|p1a: Chansey|Soft-Boiled|p1a: Chansey\n|-heal|p1a: Chansey|100\/100\n|\n|upkeep\n|turn|41\n|\n|t:|1699280056\n|switch|p1a: Ho-Oh|Ho-Oh|69\/100\n|move|p2a: Kyurem|Roost|p2a: Kyurem\n|-heal|p2a: Kyurem|83\/100\n|\n|upkeep\n|turn|42\n|\n|t:|1699280059\n|switch|p2a: Kyogre|Kyogre|89\/100\n|-weather|RainDance|[from] ability: Drizzle|[of] p2a: Kyogre\n|move|p1a: Ho-Oh|Sacred Fire|p2a: Kyogre\n|-resisted|p2a: Kyogre\n|-damage|p2a: Kyogre|77\/100\n|\n|-weather|RainDance|[upkeep]\n|upkeep\n|turn|43\n|\n|t:|1699280064\n|move|p2a: Kyogre|Origin Pulse|p1a: Ho-Oh|[miss]\n|-miss|p2a: Kyogre|p1a: Ho-Oh\n|move|p1a: Ho-Oh|Roost|p1a: Ho-Oh\n|-heal|p1a: Ho-Oh|100\/100\n|-singleturn|p1a: Ho-Oh|move: Roost\n|\n|-weather|RainDance|[upkeep]\n|upkeep\n|turn|44\n|\n|t:|1699280070\n|switch|p1a: Chansey|Chansey, F|100\/100\n|move|p2a: Kyogre|Origin Pulse|p1a: Chansey\n|-damage|p1a: Chansey|72\/100\n|\n|-weather|RainDance|[upkeep]\n|upkeep\n|turn|45\n|\n|t:|1699280073\n|switch|p2a: Kyurem|Kyurem-Black, tera:Steel|83\/100\n|-ability|p2a: Kyurem|Teravolt\n|switch|p1a: Ho-Oh|Ho-Oh|100\/100\n|\n|-weather|RainDance|[upkeep]\n|upkeep\n|turn|46\n|\n|t:|1699280077\n|switch|p2a: Kyogre|Kyogre|77\/100\n|move|p1a: Ho-Oh|Toxic|p2a: Kyogre\n|-status|p2a: Kyogre|tox\n|\n|-weather|none\n|-damage|p2a: Kyogre|71\/100 tox|[from] psn\n|upkeep\n|turn|47\n|\n|t:|1699280084\n|move|p2a: Kyogre|Origin Pulse|p1a: Ho-Oh\n|-supereffective|p1a: Ho-Oh\n|-damage|p1a: Ho-Oh|48\/100\n|move|p1a: Ho-Oh|Sacred Fire|p2a: Kyogre\n|-resisted|p2a: Kyogre\n|-damage|p2a: Kyogre|46\/100 tox\n|\n|-damage|p2a: Kyogre|34\/100 tox|[from] psn\n|upkeep\n|turn|48\n|\n|t:|1699280088\n|switch|p2a: Kyurem|Kyurem-Black, tera:Steel|83\/100\n|-ability|p2a: Kyurem|Teravolt\n|switch|p1a: Chansey|Chansey, F|72\/100\n|\n|upkeep\n|turn|49\n|\n|t:|1699280095\n|switch|p1a: Ho-Oh|Ho-Oh|81\/100\n|move|p2a: Kyurem|Dragon Dance|p2a: Kyurem\n|-boost|p2a: Kyurem|atk|1\n|-boost|p2a: Kyurem|spe|1\n|\n|upkeep\n|turn|50\n|\n|t:|1699280099\n|move|p2a: Kyurem|Fusion Bolt|p1a: Ho-Oh\n|-supereffective|p1a: Ho-Oh\n|-damage|p1a: Ho-Oh|0 fnt\n|faint|p1a: Ho-Oh\n|\n|upkeep\n|c|\u2606Incredible Gassy|ho hum\n|-message|Incredible Gassy forfeited.\n|\n|win|MommyMikuNakano\n|raw|Incredible Gassy's rating: 1652 &rarr; <strong>1639<\/strong><br \/>(-13 for losing)\n|raw|MommyMikuNakano's rating: 1782 &rarr; <strong>1795<\/strong><br \/>(+13 for winning)\n|c|\u2606MommyMikuNakano|Gg\n|c|\u2606Incredible Gassy|gg\n","uploadtime":1699280116,"views":15,"p1id":"incrediblegassy","p2id":"mommymikunakano","formatid":"gen9nationaldexubers","rating":1639,"private":0,"password":""}