{"id":"gen9nationaldexubers-1979689417","p1":"VerduOsane","p2":"steals many wives","format":"[Gen 9] National Dex Ubers","log":"|j|\u2606VerduOsane\n|j|\u2606steals many wives\n|t:|1698703514\n|gametype|singles\n|player|p1|VerduOsane|102|1119\n|player|p2|steals many wives|waitress|1093\n|teamsize|p1|6\n|teamsize|p2|6\n|gen|9\n|tier|[Gen 9] National Dex Ubers\n|rated|\n|rule|HP Percentage Mod: HP is shown in percentages\n|rule|Endless Battle Clause: Forcing endless battles is banned\n|rule|OHKO Clause: OHKO moves are banned\n|rule|Evasion Moves Clause: Evasion moves are banned\n|rule|Evasion Items Clause: Evasion items are banned\n|rule|Species Clause: Limit one of each Pok\u00e9mon\n|rule|Sleep Clause Mod: Limit one foe put to sleep\n|rule|Mega Rayquaza Clause: You cannot mega evolve Rayquaza\n|clearpoke\n|poke|p1|Roaring Moon|\n|poke|p1|Naganadel|\n|poke|p1|Espathra, F|\n|poke|p1|Iron Bundle|\n|poke|p1|Urshifu-*, M|\n|poke|p1|Annihilape, F|\n|poke|p2|Blissey, F|\n|poke|p2|Diancie|\n|poke|p2|Magearna|\n|poke|p2|Delphox, F|\n|poke|p2|Froslass, F|\n|poke|p2|Lilligant-Hisui, F|\n|teampreview\n|inactive|Battle timer is ON: inactive players will automatically lose when time's up. (requested by steals many wives)\n|\n|t:|1698703538\n|start\n|switch|p1a: Espathra|Espathra, F|100\/100\n|switch|p2a: Fox Waifu|Delphox, F|100\/100\n|turn|1\n|\n|t:|1698703544\n|move|p2a: Fox Waifu|Mystical Fire|p1a: Espathra\n|-damage|p1a: Espathra|49\/100\n|-unboost|p1a: Espathra|spa|1\n|-item|p2a: Fox Waifu|Mirror Herb|[from] ability: Magician|[of] p1a: Espathra\n|move|p1a: Espathra|Calm Mind|p1a: Espathra\n|-boost|p1a: Espathra|spa|1\n|-boost|p1a: Espathra|spd|1\n|-enditem|p2a: Fox Waifu|Mirror Herb\n|-boost|p2a: Fox Waifu|spa|1|[from] item: Mirror Herb\n|-boost|p2a: Fox Waifu|spd|1|[from] item: Mirror Herb\n|\n|-ability|p1a: Espathra|Speed Boost|boost\n|-boost|p1a: Espathra|spe|1\n|upkeep\n|turn|2\n|\n|t:|1698703568\n|move|p1a: Espathra|Calm Mind|p1a: Espathra\n|-boost|p1a: Espathra|spa|1\n|-boost|p1a: Espathra|spd|1\n|move|p2a: Fox Waifu|Mystical Fire|p1a: Espathra\n|-damage|p1a: Espathra|8\/100\n|-unboost|p1a: Espathra|spa|1\n|\n|-ability|p1a: Espathra|Speed Boost|boost\n|-boost|p1a: Espathra|spe|1\n|upkeep\n|turn|3\n|\n|t:|1698703578\n|move|p1a: Espathra|Protect|p1a: Espathra\n|-singleturn|p1a: Espathra|Protect\n|move|p2a: Fox Waifu|Mystical Fire|p1a: Espathra\n|-activate|p1a: Espathra|move: Protect\n|\n|-ability|p1a: Espathra|Speed Boost|boost\n|-boost|p1a: Espathra|spe|1\n|upkeep\n|turn|4\n|\n|t:|1698703587\n|move|p1a: Espathra|Stored Power|p2a: Fox Waifu\n|-resisted|p2a: Fox Waifu\n|-damage|p2a: Fox Waifu|77\/100\n|move|p2a: Fox Waifu|Mystical Fire|p1a: Espathra\n|-damage|p1a: Espathra|0 fnt\n|faint|p1a: Espathra\n|\n|upkeep\n|\n|t:|1698703602\n|switch|p1a: Roaring Moon|Roaring Moon|100\/100\n|-enditem|p1a: Roaring Moon|Booster Energy\n|-activate|p1a: Roaring Moon|ability: Protosynthesis|[fromitem]\n|-start|p1a: Roaring Moon|protosynthesisatk\n|turn|5\n|\n|t:|1698703617\n|move|p1a: Roaring Moon|Knock Off|p2a: Fox Waifu\n|-supereffective|p2a: Fox Waifu\n|-damage|p2a: Fox Waifu|0 fnt\n|faint|p2a: Fox Waifu\n|\n|upkeep\n|\n|t:|1698703623\n|switch|p2a: Rock Waifu|Diancie|100\/100\n|turn|6\n|\n|t:|1698703630\n|detailschange|p2a: Rock Waifu|Diancie-Mega\n|-mega|p2a: Rock Waifu|Diancie|Diancite\n|-terastallize|p1a: Roaring Moon|Flying\n|move|p1a: Roaring Moon|Dragon Dance|p1a: Roaring Moon\n|-boost|p1a: Roaring Moon|atk|1\n|-boost|p1a: Roaring Moon|spe|1\n|move|p2a: Rock Waifu|Body Press|p1a: Roaring Moon\n|-resisted|p1a: Roaring Moon\n|-damage|p1a: Roaring Moon|85\/100\n|\n|upkeep\n|turn|7\n|\n|t:|1698703642\n|move|p1a: Roaring Moon|Dragon Dance|p1a: Roaring Moon\n|-boost|p1a: Roaring Moon|atk|1\n|-boost|p1a: Roaring Moon|spe|1\n|move|p2a: Rock Waifu|Diamond Storm|p1a: Roaring Moon|[miss]\n|-miss|p2a: Rock Waifu|p1a: Roaring Moon\n|\n|upkeep\n|turn|8\n|c|\u2606steals many wives|oh come on\n|\n|t:|1698703651\n|move|p1a: Roaring Moon|Acrobatics|p2a: Rock Waifu\n|-resisted|p2a: Rock Waifu\n|-damage|p2a: Rock Waifu|11\/100\n|move|p2a: Rock Waifu|Diamond Storm|p1a: Roaring Moon\n|-supereffective|p1a: Roaring Moon\n|-damage|p1a: Roaring Moon|0 fnt\n|-boost|p2a: Rock Waifu|def|2\n|faint|p1a: Roaring Moon\n|-end|p1a: Roaring Moon|Protosynthesis|[silent]\n|\n|upkeep\n|c|\u2606VerduOsane|that\u2019s unfortunate\n|\n|t:|1698703665\n|switch|p1a: Iron Bundle|Iron Bundle|100\/100\n|-enditem|p1a: Iron Bundle|Booster Energy\n|-activate|p1a: Iron Bundle|ability: Quark Drive|[fromitem]\n|-start|p1a: Iron Bundle|quarkdrivespe\n|turn|9\n|\n|t:|1698703671\n|move|p1a: Iron Bundle|Freeze-Dry|p2a: Rock Waifu\n|-damage|p2a: Rock Waifu|0 fnt\n|faint|p2a: Rock Waifu\n|\n|upkeep\n|\n|t:|1698703676\n|switch|p2a: Pink Waifu|Blissey, F|100\/100\n|turn|10\n|\n|t:|1698703680\n|move|p1a: Iron Bundle|Flip Turn|p2a: Pink Waifu\n|-damage|p2a: Pink Waifu|71\/100\n|\n|t:|1698703689\n|-end|p1a: Iron Bundle|Quark Drive|[silent]\n|switch|p1a: Urshifu|Urshifu-Rapid-Strike, M|100\/100|[from] Flip Turn\n|move|p2a: Pink Waifu|Charge Beam|p1a: Urshifu\n|-supereffective|p1a: Urshifu\n|-damage|p1a: Urshifu|62\/100\n|-boost|p2a: Pink Waifu|spa|1\n|\n|upkeep\n|turn|11\n|\n|t:|1698703703\n|-terastallize|p2a: Pink Waifu|Ghost\n|move|p1a: Urshifu|Drain Punch|p2a: Pink Waifu\n|-immune|p2a: Pink Waifu\n|move|p2a: Pink Waifu|Tri Attack|p1a: Urshifu\n|-damage|p1a: Urshifu|0 fnt\n|faint|p1a: Urshifu\n|\n|upkeep\n|\n|t:|1698703712\n|switch|p1a: Annihilape|Annihilape, F|100\/100\n|turn|12\n|\n|t:|1698703715\n|move|p1a: Annihilape|Bulk Up|p1a: Annihilape\n|-boost|p1a: Annihilape|atk|1\n|-boost|p1a: Annihilape|def|1\n|move|p2a: Pink Waifu|Shadow Ball|p1a: Annihilape\n|-supereffective|p1a: Annihilape\n|-damage|p1a: Annihilape|18\/100\n|\n|-heal|p1a: Annihilape|25\/100|[from] item: Leftovers\n|upkeep\n|turn|13\n|\n|t:|1698703724\n|move|p1a: Annihilape|Rage Fist|p2a: Pink Waifu\n|-supereffective|p2a: Pink Waifu\n|-damage|p2a: Pink Waifu|0 fnt\n|faint|p2a: Pink Waifu\n|\n|-heal|p1a: Annihilape|31\/100|[from] item: Leftovers\n|upkeep\n|\n|t:|1698703729\n|switch|p2a: Ghost Waifu|Froslass, F|100\/100\n|turn|14\n|\n|t:|1698703734\n|move|p2a: Ghost Waifu|Shadow Ball|p1a: Annihilape\n|-supereffective|p1a: Annihilape\n|-damage|p1a: Annihilape|0 fnt\n|faint|p1a: Annihilape\n|\n|upkeep\n|\n|t:|1698703737\n|switch|p1a: Naganadel|Naganadel|100\/100\n|turn|15\n|\n|t:|1698703745\n|move|p1a: Naganadel|Flamethrower|p2a: Ghost Waifu\n|-supereffective|p2a: Ghost Waifu\n|-damage|p2a: Ghost Waifu|4\/100\n|move|p2a: Ghost Waifu|Ice Beam|p1a: Naganadel\n|-supereffective|p1a: Naganadel\n|-damage|p1a: Naganadel|14\/100\n|\n|upkeep\n|turn|16\n|\n|t:|1698703751\n|move|p2a: Ghost Waifu|Ice Shard|p1a: Naganadel\n|-supereffective|p1a: Naganadel\n|-damage|p1a: Naganadel|0 fnt\n|faint|p1a: Naganadel\n|\n|upkeep\n|\n|t:|1698703753\n|switch|p1a: Iron Bundle|Iron Bundle|100\/100\n|turn|17\n|\n|t:|1698703757\n|move|p1a: Iron Bundle|Freeze-Dry|p2a: Ghost Waifu\n|-resisted|p2a: Ghost Waifu\n|-damage|p2a: Ghost Waifu|0 fnt\n|-start|p1a: Iron Bundle|Disable|Freeze-Dry|[from] ability: Cursed Body|[of] p2a: Ghost Waifu\n|faint|p2a: Ghost Waifu\n|\n|upkeep\n|c|\u2606VerduOsane|omfg..\n|\n|t:|1698703768\n|switch|p2a: Plant Wife|Lilligant-Hisui, F|100\/100\n|turn|18\n|c|\u2606steals many wives|LETS GOOO FROSLASS\n|\n|t:|1698703779\n|move|p1a: Iron Bundle|Hydro Pump|p2a: Plant Wife|[miss]\n|-miss|p1a: Iron Bundle|p2a: Plant Wife\n|move|p2a: Plant Wife|Leaf Blade|p1a: Iron Bundle\n|-supereffective|p1a: Iron Bundle\n|-damage|p1a: Iron Bundle|7\/100\n|\n|upkeep\n|turn|19\n|c|\u2606VerduOsane|I\u2019m offing myself..\n|\n|t:|1698703786\n|move|p1a: Iron Bundle|Hydro Pump|p2a: Plant Wife\n|-resisted|p2a: Plant Wife\n|-damage|p2a: Plant Wife|56\/100\n|move|p2a: Plant Wife|Leaf Blade|p1a: Iron Bundle\n|-supereffective|p1a: Iron Bundle\n|-damage|p1a: Iron Bundle|0 fnt\n|faint|p1a: Iron Bundle\n|-end|p1a: Iron Bundle|Quark Drive|[silent]\n|\n|win|steals many wives\n|raw|VerduOsane's rating: 1119 &rarr; <strong>1092<\/strong><br \/>(-27 for losing)\n|raw|steals many wives's rating: 1093 &rarr; <strong>1121<\/strong><br \/>(+28 for winning)\n|l|\u2606VerduOsane\n","uploadtime":1698703803,"views":14,"p1id":"verduosane","p2id":"stealsmanywives","formatid":"gen9nationaldexubers","rating":1092,"private":0,"password":""}