{"id":"gen9nationaldexubers-1998502256","p1":"springamogus","p2":"somerandomyash2","format":"[Gen 9] National Dex Ubers","log":"|j|\u2606springamogus\n|j|\u2606somerandomyash2\n|t:|1700949586\n|gametype|singles\n|player|p1|springamogus|hilda-masters3|\n|player|p2|somerandomyash2|102|\n|teamsize|p1|6\n|teamsize|p2|6\n|gen|9\n|tier|[Gen 9] National Dex Ubers\n|rule|HP Percentage Mod: HP is shown in percentages\n|rule|Endless Battle Clause: Forcing endless battles is banned\n|rule|OHKO Clause: OHKO moves are banned\n|rule|Evasion Moves Clause: Evasion moves are banned\n|rule|Evasion Items Clause: Evasion items are banned\n|rule|Species Clause: Limit one of each Pok\u00e9mon\n|rule|Sleep Clause Mod: Limit one foe put to sleep\n|rule|Mega Rayquaza Clause: You cannot mega evolve Rayquaza\n|clearpoke\n|poke|p1|Chi-Yu|\n|poke|p1|Victini|\n|poke|p1|Lucario, M|\n|poke|p1|Dracovish|\n|poke|p1|Pelipper, M|\n|poke|p1|Espathra, F|\n|poke|p2|Greninja-*, M|\n|poke|p2|Charizard, F|\n|poke|p2|Lucario, F|\n|poke|p2|Blaziken, M|\n|poke|p2|Gengar, F|\n|poke|p2|Gardevoir, F|\n|teampreview\n|\n|t:|1700949592\n|start\n|switch|p1a: Victini|Victini|100\/100\n|switch|p2a: Gardevoir|Gardevoir, F|100\/100\n|turn|1\n|\n|t:|1700949600\n|move|p1a: Victini|V-create|p2a: Gardevoir\n|-damage|p2a: Gardevoir|0 fnt\n|-unboost|p1a: Victini|spe|1\n|-unboost|p1a: Victini|def|1\n|-unboost|p1a: Victini|spd|1\n|faint|p2a: Gardevoir\n|\n|upkeep\n|\n|t:|1700949608\n|switch|p2a: Greninja|Greninja, M|100\/100\n|turn|2\n|\n|t:|1700949614\n|switch|p1a: Pelipper|Pelipper, M|100\/100\n|-weather|RainDance|[from] ability: Drizzle|[of] p1a: Pelipper\n|-terastallize|p2a: Greninja|Water\n|move|p2a: Greninja|Water Shuriken|p1a: Pelipper\n|-resisted|p1a: Pelipper\n|-damage|p1a: Pelipper|86\/100\n|-resisted|p1a: Pelipper\n|-damage|p1a: Pelipper|70\/100\n|-hitcount|p1a: Pelipper|2\n|\n|-weather|RainDance|[upkeep]\n|-heal|p1a: Pelipper|76\/100|[from] item: Leftovers\n|upkeep\n|turn|3\n|\n|t:|1700949629\n|switch|p2a: Lucario|Lucario, F|100\/100\n|move|p1a: Pelipper|Tailwind|p1a: Pelipper\n|-sidestart|p1: springamogus|move: Tailwind\n|\n|-weather|RainDance|[upkeep]\n|-heal|p1a: Pelipper|83\/100|[from] item: Leftovers\n|upkeep\n|turn|4\n|\n|t:|1700949641\n|move|p1a: Pelipper|Hurricane|p2a: Lucario\n|-damage|p2a: Lucario|23\/100\n|move|p2a: Lucario|Close Combat|p1a: Pelipper\n|-resisted|p1a: Pelipper\n|-damage|p1a: Pelipper|58\/100\n|-unboost|p2a: Lucario|def|1\n|-unboost|p2a: Lucario|spd|1\n|\n|-weather|RainDance|[upkeep]\n|-heal|p1a: Pelipper|65\/100|[from] item: Leftovers\n|upkeep\n|turn|5\n|\n|t:|1700949653\n|move|p1a: Pelipper|Hurricane|p2a: Lucario\n|-damage|p2a: Lucario|0 fnt\n|faint|p2a: Lucario\n|\n|-weather|RainDance|[upkeep]\n|-heal|p1a: Pelipper|71\/100|[from] item: Leftovers\n|upkeep\n|\n|t:|1700949661\n|switch|p2a: Gengar|Gengar, F|100\/100\n|turn|6\n|\n|t:|1700949667\n|move|p1a: Pelipper|Hurricane|p2a: Gengar\n|-damage|p2a: Gengar|31\/100\n|-start|p1a: Pelipper|Disable|Hurricane|[from] ability: Cursed Body|[of] p2a: Gengar\n|move|p2a: Gengar|Shadow Ball|p1a: Pelipper\n|-damage|p1a: Pelipper|12\/100\n|\n|-weather|none\n|-heal|p1a: Pelipper|18\/100|[from] item: Leftovers\n|-heal|p2a: Gengar|37\/100|[from] item: Leftovers\n|-sideend|p1: springamogus|move: Tailwind\n|upkeep\n|turn|7\n|\n|t:|1700949680\n|switch|p1a: Chi-Yu|Chi-Yu|100\/100\n|-ability|p1a: Chi-Yu|Beads of Ruin\n|move|p2a: Gengar|Shadow Ball|p1a: Chi-Yu\n|-resisted|p1a: Chi-Yu\n|-damage|p1a: Chi-Yu|73\/100\n|\n|-heal|p2a: Gengar|43\/100|[from] item: Leftovers\n|upkeep\n|turn|8\n|\n|t:|1700949692\n|switch|p2a: Greninja|Greninja, M, tera:Water|100\/100\n|move|p1a: Chi-Yu|Dark Pulse|p2a: Greninja\n|-damage|p2a: Greninja|0 fnt\n|faint|p2a: Greninja\n|\n|upkeep\n|\n|t:|1700949705\n|switch|p2a: Gengar|Gengar, F|43\/100\n|turn|9\n|\n|t:|1700949721\n|move|p1a: Chi-Yu|Dark Pulse|p2a: Gengar\n|-supereffective|p2a: Gengar\n|-damage|p2a: Gengar|0 fnt\n|faint|p2a: Gengar\n|\n|upkeep\n|\n|t:|1700949729\n|switch|p2a: Charizard|Charizard, F|100\/100\n|turn|10\n|\n|t:|1700949733\n|move|p1a: Chi-Yu|Dark Pulse|p2a: Charizard\n|-damage|p2a: Charizard|0 fnt\n|faint|p2a: Charizard\n|\n|upkeep\n|\n|t:|1700949738\n|switch|p2a: Blaziken|Blaziken, M|100\/100\n|turn|11\n|\n|t:|1700949745\n|switch|p1a: Pelipper|Pelipper, M|18\/100\n|-weather|RainDance|[from] ability: Drizzle|[of] p1a: Pelipper\n|detailschange|p2a: Blaziken|Blaziken-Mega, M\n|-mega|p2a: Blaziken|Blaziken|Blazikenite\n|move|p2a: Blaziken|Blaze Kick|p1a: Pelipper\n|-resisted|p1a: Pelipper\n|-damage|p1a: Pelipper|5\/100\n|\n|-weather|RainDance|[upkeep]\n|-heal|p1a: Pelipper|11\/100|[from] item: Leftovers\n|-ability|p2a: Blaziken|Speed Boost|boost\n|-boost|p2a: Blaziken|spe|1\n|upkeep\n|turn|12\n|\n|t:|1700949761\n|move|p2a: Blaziken|Aura Sphere|p1a: Pelipper\n|-resisted|p1a: Pelipper\n|-damage|p1a: Pelipper|0 fnt\n|faint|p1a: Pelipper\n|\n|-weather|RainDance|[upkeep]\n|-ability|p2a: Blaziken|Speed Boost|boost\n|-boost|p2a: Blaziken|spe|1\n|upkeep\n|\n|t:|1700949791\n|switch|p1a: Victini|Victini|100\/100\n|turn|13\n|\n|t:|1700949798\n|move|p2a: Blaziken|Aura Sphere|p1a: Victini\n|-resisted|p1a: Victini\n|-damage|p1a: Victini|83\/100\n|move|p1a: Victini|Zen Headbutt|p2a: Blaziken\n|-supereffective|p2a: Blaziken\n|-damage|p2a: Blaziken|0 fnt\n|faint|p2a: Blaziken\n|\n|win|springamogus\n|l|\u2606somerandomyash2\n","uploadtime":1700949949,"views":8,"p1id":"springamogus","p2id":"somerandomyash2","formatid":"gen9nationaldexubers","rating":0,"private":0,"password":""}