{"id":"gen9nationaldexubers-1999928503","p1":"MK ANW","p2":"LedgeBagtitan12","format":"[Gen 9] National Dex Ubers","log":"|j|\u203dMK ANW\n|j|\u2606LedgeBagtitan12\n|t:|1701131147\n|gametype|singles\n|player|p1|MK ANW|red|1108\n|player|p2|LedgeBagtitan12|266|1100\n|teamsize|p1|6\n|teamsize|p2|6\n|gen|9\n|tier|[Gen 9] National Dex Ubers\n|rated|\n|rule|HP Percentage Mod: HP is shown in percentages\n|rule|Endless Battle Clause: Forcing endless battles is banned\n|rule|OHKO Clause: OHKO moves are banned\n|rule|Evasion Moves Clause: Evasion moves are banned\n|rule|Evasion Items Clause: Evasion items are banned\n|rule|Species Clause: Limit one of each Pok\u00e9mon\n|rule|Sleep Clause Mod: Limit one foe put to sleep\n|rule|Mega Rayquaza Clause: You cannot mega evolve Rayquaza\n|clearpoke\n|poke|p1|Charizard, M|\n|poke|p1|Greninja-*, M|\n|poke|p1|Jolteon, M|\n|poke|p1|Staraptor, M|\n|poke|p1|Nidoking, M|\n|poke|p1|Primeape, M|\n|poke|p2|Magearna-Original|\n|poke|p2|Alakazam, M|\n|poke|p2|Heatran, M|\n|poke|p2|Kingambit, F|\n|poke|p2|Dragapult, M|\n|poke|p2|Annihilape, M|\n|teampreview\n|inactive|Battle timer is ON: inactive players will automatically lose when time's up. (requested by MK ANW)\n|\n|t:|1701131151\n|start\n|switch|p1a: Nidoking|Nidoking, M|100\/100\n|switch|p2a: Alakazam|Alakazam, M|100\/100\n|turn|1\n|\n|t:|1701131158\n|detailschange|p2a: Alakazam|Alakazam-Mega, M\n|-mega|p2a: Alakazam|Alakazam|Alakazite\n|-ability|p2a: Alakazam|Sheer Force|[from] ability: Trace|[of] p1a: Nidoking\n|move|p2a: Alakazam|Toxic|p1a: Nidoking\n|-immune|p1a: Nidoking\n|move|p1a: Nidoking|Stealth Rock|p2a: Alakazam\n|-sidestart|p2: LedgeBagtitan12|move: Stealth Rock\n|\n|upkeep\n|turn|2\n|\n|t:|1701131168\n|move|p2a: Alakazam|Focus Blast|p1a: Nidoking|[miss]\n|-miss|p2a: Alakazam|p1a: Nidoking\n|move|p1a: Nidoking|Poison Jab|p2a: Alakazam\n|-damage|p2a: Alakazam|32\/100\n|\n|upkeep\n|turn|3\n|\n|t:|1701131175\n|move|p2a: Alakazam|Recover|p2a: Alakazam\n|-heal|p2a: Alakazam|82\/100\n|move|p1a: Nidoking|Poison Jab|p2a: Alakazam\n|-damage|p2a: Alakazam|14\/100\n|\n|upkeep\n|turn|4\n|\n|t:|1701131181\n|move|p2a: Alakazam|Focus Blast|p1a: Nidoking\n|-resisted|p1a: Nidoking\n|-damage|p1a: Nidoking|58\/100\n|move|p1a: Nidoking|Poison Jab|p2a: Alakazam\n|-damage|p2a: Alakazam|0 fnt\n|faint|p2a: Alakazam\n|\n|upkeep\n|\n|t:|1701131192\n|switch|p2a: Magearna|Magearna-Original|100\/100\n|-damage|p2a: Magearna|94\/100|[from] Stealth Rock\n|turn|5\n|\n|t:|1701131197\n|move|p1a: Nidoking|Earthquake|p2a: Magearna\n|-supereffective|p2a: Magearna\n|-damage|p2a: Magearna|7\/100\n|move|p2a: Magearna|Shift Gear|p2a: Magearna\n|-boost|p2a: Magearna|spe|2\n|-boost|p2a: Magearna|atk|1\n|\n|-heal|p2a: Magearna|13\/100|[from] item: Leftovers\n|upkeep\n|turn|6\n|\n|t:|1701131208\n|move|p2a: Magearna|Ice Spinner|p1a: Nidoking\n|-supereffective|p1a: Nidoking\n|-damage|p1a: Nidoking|0 fnt\n|faint|p1a: Nidoking\n|-ability|p2a: Magearna|Soul-Heart|boost\n|-boost|p2a: Magearna|spa|1\n|\n|-heal|p2a: Magearna|19\/100|[from] item: Leftovers\n|upkeep\n|\n|t:|1701131217\n|switch|p1a: Greninja|Greninja, M|100\/100\n|turn|7\n|\n|t:|1701131220\n|move|p1a: Greninja|Water Shuriken|p2a: Magearna\n|-damage|p2a: Magearna|14\/100\n|-damage|p2a: Magearna|8\/100\n|-damage|p2a: Magearna|2\/100\n|-crit|p2a: Magearna\n|-damage|p2a: Magearna|0 fnt\n|faint|p2a: Magearna\n|-ability|p1a: Greninja|Battle Bond|boost\n|-boost|p1a: Greninja|atk|1\n|-boost|p1a: Greninja|spa|1\n|-boost|p1a: Greninja|spe|1\n|-activate|p1a: Greninja|ability: Battle Bond\n|-hitcount|p2: Magearna|4\n|\n|upkeep\n|\n|t:|1701131244\n|switch|p2a: Annihilape|Annihilape, M|100\/100\n|-damage|p2a: Annihilape|94\/100|[from] Stealth Rock\n|turn|8\n|\n|t:|1701131257\n|move|p1a: Greninja|Dark Pulse|p2a: Annihilape\n|-crit|p2a: Annihilape\n|-damage|p2a: Annihilape|11\/100\n|move|p2a: Annihilape|Rage Fist|p1a: Greninja\n|-resisted|p1a: Greninja\n|-damage|p1a: Greninja|64\/100\n|\n|-heal|p2a: Annihilape|17\/100|[from] item: Leftovers\n|upkeep\n|turn|9\n|\n|t:|1701131266\n|move|p1a: Greninja|Surf|p2a: Annihilape\n|-crit|p2a: Annihilape\n|-damage|p2a: Annihilape|0 fnt\n|faint|p2a: Annihilape\n|\n|upkeep\n|\n|t:|1701131271\n|switch|p2a: Dragapult|Dragapult, M|100\/100\n|-damage|p2a: Dragapult|88\/100|[from] Stealth Rock\n|turn|10\n|\n|t:|1701131280\n|move|p1a: Greninja|Dark Pulse|p2a: Dragapult\n|-supereffective|p2a: Dragapult\n|-enditem|p2a: Dragapult|Colbur Berry|[eat]\n|-enditem|p2a: Dragapult|Colbur Berry|[weaken]\n|-damage|p2a: Dragapult|10\/100\n|move|p2a: Dragapult|Dragon Darts|p1a: Greninja\n|-damage|p1a: Greninja|20\/100\n|-anim|p2a: Dragapult|Dragon Darts|p1a: Greninja\n|-damage|p1a: Greninja|0 fnt\n|faint|p1a: Greninja\n|\n|upkeep\n|\n|t:|1701131291\n|switch|p1a: Staraptor|Staraptor, M|100\/100\n|-ability|p1a: Staraptor|Intimidate|boost\n|-unboost|p2a: Dragapult|atk|1\n|turn|11\n|\n|t:|1701131298\n|move|p2a: Dragapult|Dragon Darts|p1a: Staraptor\n|-damage|p1a: Staraptor|72\/100\n|-anim|p2a: Dragapult|Dragon Darts|p1a: Staraptor\n|-damage|p1a: Staraptor|45\/100\n|move|p1a: Staraptor|Brave Bird|p2a: Dragapult\n|-damage|p2a: Dragapult|0 fnt\n|faint|p2a: Dragapult\n|-damage|p1a: Staraptor|42\/100|[from] Recoil\n|\n|upkeep\n|\n|t:|1701131307\n|switch|p2a: Heatran|Heatran, M|100\/100\n|-damage|p2a: Heatran|88\/100|[from] Stealth Rock\n|turn|12\n|\n|t:|1701131313\n|-terastallize|p1a: Staraptor|Steel\n|move|p1a: Staraptor|Brave Bird|p2a: Heatran\n|-resisted|p2a: Heatran\n|-damage|p2a: Heatran|48\/100\n|-damage|p1a: Staraptor|25\/100|[from] Recoil\n|move|p2a: Heatran|Rock Slide|p1a: Staraptor\n|-resisted|p1a: Staraptor\n|-damage|p1a: Staraptor|15\/100\n|\n|-heal|p2a: Heatran|54\/100|[from] item: Leftovers\n|upkeep\n|turn|13\n|\n|t:|1701131326\n|move|p1a: Staraptor|Brave Bird|p2a: Heatran\n|-resisted|p2a: Heatran\n|-damage|p2a: Heatran|17\/100\n|-damage|p1a: Staraptor|0 fnt|[from] Recoil\n|faint|p1a: Staraptor\n|move|p2a: Heatran|Earthquake|p1: Staraptor|[notarget]\n|-fail|p2a: Heatran\n|\n|-heal|p2a: Heatran|23\/100|[from] item: Leftovers\n|upkeep\n|\n|t:|1701131336\n|switch|p1a: Primeape|Primeape, M|100\/100\n|turn|14\n|\n|t:|1701131343\n|move|p1a: Primeape|Brick Break|p2a: Heatran\n|-supereffective|p2a: Heatran\n|-damage|p2a: Heatran|0 fnt\n|faint|p2a: Heatran\n|\n|upkeep\n|\n|t:|1701131347\n|switch|p2a: Kingambit|Kingambit, F|100\/100\n|-damage|p2a: Kingambit|94\/100|[from] Stealth Rock\n|-activate|p2a: Kingambit|ability: Supreme Overlord\n|-start|p2a: Kingambit|fallen5|[silent]\n|turn|15\n|\n|t:|1701131354\n|-terastallize|p2a: Kingambit|Fairy\n|move|p1a: Primeape|Brick Break|p2a: Kingambit\n|-resisted|p2a: Kingambit\n|-damage|p2a: Kingambit|83\/100\n|move|p2a: Kingambit|Swords Dance|p2a: Kingambit\n|-boost|p2a: Kingambit|atk|2\n|\n|-heal|p2a: Kingambit|89\/100|[from] item: Leftovers\n|upkeep\n|turn|16\n|\n|t:|1701131366\n|move|p2a: Kingambit|Protect|p2a: Kingambit\n|-singleturn|p2a: Kingambit|Protect\n|move|p1a: Primeape|Thunder Punch|p2a: Kingambit\n|-activate|p2a: Kingambit|move: Protect\n|\n|-heal|p2a: Kingambit|95\/100|[from] item: Leftovers\n|upkeep\n|turn|17\n|\n|t:|1701131375\n|move|p1a: Primeape|Thunder Punch|p2a: Kingambit\n|-damage|p2a: Kingambit|79\/100\n|move|p2a: Kingambit|Kowtow Cleave|p1a: Primeape\n|-resisted|p1a: Primeape\n|-damage|p1a: Primeape|0 fnt\n|faint|p1a: Primeape\n|\n|-heal|p2a: Kingambit|85\/100|[from] item: Leftovers\n|upkeep\n|\n|t:|1701131386\n|switch|p1a: Jolteon|Jolteon, M|100\/100\n|turn|18\n|\n|t:|1701131404\n|move|p1a: Jolteon|Thunderbolt|p2a: Kingambit\n|-damage|p2a: Kingambit|32\/100\n|-status|p2a: Kingambit|par\n|-damage|p1a: Jolteon|91\/100|[from] item: Life Orb\n|move|p2a: Kingambit|Kowtow Cleave|p1a: Jolteon\n|-damage|p1a: Jolteon|0 fnt\n|faint|p1a: Jolteon\n|\n|-heal|p2a: Kingambit|38\/100 par|[from] item: Leftovers\n|upkeep\n|\n|t:|1701131416\n|switch|p1a: Charizard|Charizard, M|100\/100\n|turn|19\n|\n|t:|1701131423\n|detailschange|p1a: Charizard|Charizard-Mega-X, M\n|-mega|p1a: Charizard|Charizard|Charizardite X\n|move|p2a: Kingambit|Protect|p2a: Kingambit\n|-singleturn|p2a: Kingambit|Protect\n|move|p1a: Charizard|Dragon Dance|p1a: Charizard\n|-boost|p1a: Charizard|atk|1\n|-boost|p1a: Charizard|spe|1\n|\n|-heal|p2a: Kingambit|44\/100 par|[from] item: Leftovers\n|upkeep\n|turn|20\n|\n|t:|1701131433\n|move|p1a: Charizard|Flare Blitz|p2a: Kingambit\n|-damage|p2a: Kingambit|0 fnt\n|faint|p2a: Kingambit\n|-end|p2a: Kingambit|fallen5|[silent]\n|-damage|p1a: Charizard|81\/100|[from] Recoil\n|\n|win|MK ANW\n|raw|MK ANW's rating: 1108 &rarr; <strong>1132<\/strong><br \/>(+24 for winning)\n|raw|LedgeBagtitan12's rating: 1100 &rarr; <strong>1076<\/strong><br \/>(-24 for losing)\n|l|\u2606LedgeBagtitan12\n","uploadtime":1701131441,"views":22,"p1id":"mkanw","p2id":"ledgebagtitan12","formatid":"gen9nationaldexubers","rating":1076,"private":0,"password":""}