{"id":"gen9nationaldexubers-1998226118","p1":"Emi_Tristoun","p2":"hoenn militian","format":"[Gen 9] National Dex Ubers","log":"|j|\u2606Emi_Tristoun\n|j|\u2606hoenn militian\n|t:|1700915970\n|gametype|singles\n|player|p1|Emi_Tristoun|siebold|1514\n|player|p2|hoenn militian|169|1442\n|teamsize|p1|6\n|teamsize|p2|6\n|gen|9\n|tier|[Gen 9] National Dex Ubers\n|rated|\n|rule|HP Percentage Mod: HP is shown in percentages\n|rule|Endless Battle Clause: Forcing endless battles is banned\n|rule|OHKO Clause: OHKO moves are banned\n|rule|Evasion Moves Clause: Evasion moves are banned\n|rule|Evasion Items Clause: Evasion items are banned\n|rule|Species Clause: Limit one of each Pok\u00e9mon\n|rule|Sleep Clause Mod: Limit one foe put to sleep\n|rule|Mega Rayquaza Clause: You cannot mega evolve Rayquaza\n|clearpoke\n|poke|p1|Iron Bundle|\n|poke|p1|Marshadow|\n|poke|p1|Groudon|\n|poke|p1|Wobbuffet, F|\n|poke|p1|Zacian-*|\n|poke|p1|Yveltal|\n|poke|p2|Magearna|\n|poke|p2|Grimmsnarl, M|\n|poke|p2|Skeledirge, F|\n|poke|p2|Moltres|\n|poke|p2|Blissey, F|\n|poke|p2|Calyrex-Ice|\n|teampreview\n|\n|t:|1700916019\n|start\n|switch|p1a: Groudon|Groudon, shiny|100\/100\n|switch|p2a: Grimmsnarl|Grimmsnarl, M|100\/100\n|detailschange|p1a: Groudon|Groudon-Primal, shiny\n|-primal|p1a: Groudon|Red Orb\n|-weather|DesolateLand|[from] ability: Desolate Land|[of] p1a: Groudon\n|turn|1\n|inactive|Battle timer is ON: inactive players will automatically lose when time's up. (requested by Emi_Tristoun)\n|\n|t:|1700916026\n|move|p2a: Grimmsnarl|Parting Shot|p1a: Groudon\n|-unboost|p1a: Groudon|atk|1\n|-unboost|p1a: Groudon|spa|1\n|\n|t:|1700916039\n|switch|p2a: Moltres|Moltres|100\/100|[from] Parting Shot\n|move|p1a: Groudon|Stealth Rock|p2a: Moltres\n|-sidestart|p2: hoenn militian|move: Stealth Rock\n|\n|-weather|DesolateLand|[upkeep]\n|upkeep\n|turn|2\n|\n|t:|1700916044\n|move|p1a: Groudon|Swords Dance|p1a: Groudon\n|-boost|p1a: Groudon|atk|2\n|move|p2a: Moltres|Burning Jealousy|p1a: Groudon\n|-resisted|p1a: Groudon\n|-damage|p1a: Groudon|77\/100\n|\n|-weather|DesolateLand|[upkeep]\n|upkeep\n|turn|3\n|\n|t:|1700916054\n|move|p1a: Groudon|Swords Dance|p1a: Groudon\n|-boost|p1a: Groudon|atk|2\n|move|p2a: Moltres|Roar|p1a: Groudon\n|-weather|none\n|drag|p1a: Wobbuffet|Wobbuffet, F, shiny|100\/100\n|\n|upkeep\n|turn|4\n|\n|t:|1700916063\n|move|p2a: Moltres|U-turn|p1a: Wobbuffet\n|-supereffective|p1a: Wobbuffet\n|-damage|p1a: Wobbuffet|74\/100\n|\n|t:|1700916074\n|switch|p2a: Skeledirge|Skeledirge, F|100\/100|[from] U-turn\n|move|p1a: Wobbuffet|Mirror Coat||[still]\n|-fail|p1a: Wobbuffet\n|\n|upkeep\n|turn|5\n|\n|t:|1700916080\n|move|p2a: Skeledirge|Will-O-Wisp|p1a: Wobbuffet\n|-status|p1a: Wobbuffet|brn\n|move|p1a: Wobbuffet|Mirror Coat||[still]\n|-fail|p1a: Wobbuffet\n|\n|-damage|p1a: Wobbuffet|68\/100 brn|[from] brn\n|upkeep\n|turn|6\n|\n|t:|1700916088\n|switch|p2a: Grimmsnarl|Grimmsnarl, M|100\/100\n|move|p1a: Wobbuffet|Mirror Coat||[still]\n|-fail|p1a: Wobbuffet\n|\n|-damage|p1a: Wobbuffet|62\/100 brn|[from] brn\n|upkeep\n|turn|7\n|\n|t:|1700916094\n|move|p2a: Grimmsnarl|Parting Shot|p1a: Wobbuffet\n|-unboost|p1a: Wobbuffet|atk|1\n|-unboost|p1a: Wobbuffet|spa|1\n|\n|t:|1700916099\n|switch|p2a: Magearna|Magearna|100\/100|[from] Parting Shot\n|move|p1a: Wobbuffet|Mirror Coat||[still]\n|-fail|p1a: Wobbuffet\n|\n|-damage|p1a: Wobbuffet|56\/100 brn|[from] brn\n|upkeep\n|turn|8\n|\n|t:|1700916109\n|move|p2a: Magearna|Volt Switch|p1a: Wobbuffet\n|-damage|p1a: Wobbuffet|44\/100 brn\n|\n|t:|1700916113\n|switch|p2a: Grimmsnarl|Grimmsnarl, M|100\/100|[from] Volt Switch\n|move|p1a: Wobbuffet|Mirror Coat|p2a: Grimmsnarl\n|-immune|p2a: Grimmsnarl\n|\n|-damage|p1a: Wobbuffet|38\/100 brn|[from] brn\n|upkeep\n|turn|9\n|\n|t:|1700916122\n|switch|p1a: Yveltal|Yveltal|100\/100\n|-ability|p1a: Yveltal|Dark Aura\n|move|p2a: Grimmsnarl|Spirit Break|p1a: Yveltal\n|-supereffective|p1a: Yveltal\n|-damage|p1a: Yveltal|57\/100\n|-unboost|p1a: Yveltal|spa|1\n|\n|upkeep\n|turn|10\n|\n|t:|1700916133\n|move|p1a: Yveltal|Taunt|p2a: Grimmsnarl\n|-start|p2a: Grimmsnarl|move: Taunt\n|move|p2a: Grimmsnarl|Spirit Break|p1a: Yveltal\n|-supereffective|p1a: Yveltal\n|-damage|p1a: Yveltal|10\/100\n|-unboost|p1a: Yveltal|spa|1\n|\n|upkeep\n|turn|11\n|\n|t:|1700916142\n|switch|p1a: Zacian|Zacian-Crowned|100\/100\n|-ability|p1a: Zacian|Intrepid Sword|boost\n|-boost|p1a: Zacian|atk|1\n|move|p2a: Grimmsnarl|Spirit Break|p1a: Zacian\n|-resisted|p1a: Zacian\n|-damage|p1a: Zacian|86\/100\n|-unboost|p1a: Zacian|spa|1\n|\n|upkeep\n|turn|12\n|\n|t:|1700916158\n|switch|p2a: Skeledirge|Skeledirge, F|100\/100\n|move|p1a: Zacian|Play Rough|p2a: Skeledirge\n|-resisted|p2a: Skeledirge\n|-damage|p2a: Skeledirge|84\/100\n|\n|upkeep\n|turn|13\n|\n|t:|1700916169\n|switch|p1a: Iron Bundle|Iron Bundle|100\/100\n|-enditem|p1a: Iron Bundle|Booster Energy\n|-activate|p1a: Iron Bundle|ability: Quark Drive|[fromitem]\n|-start|p1a: Iron Bundle|quarkdrivespe\n|move|p2a: Skeledirge|Torch Song|p1a: Iron Bundle\n|-damage|p1a: Iron Bundle|40\/100\n|-boost|p2a: Skeledirge|spa|1\n|\n|upkeep\n|turn|14\n|\n|t:|1700916179\n|switch|p2a: Blissey|Blissey, F|100\/100\n|move|p1a: Iron Bundle|Hydro Pump|p2a: Blissey|[miss]\n|-miss|p1a: Iron Bundle|p2a: Blissey\n|\n|upkeep\n|turn|15\n|\n|t:|1700916188\n|move|p1a: Iron Bundle|Encore||[still]\n|-fail|p1a: Iron Bundle\n|move|p2a: Blissey|Stealth Rock|p1a: Iron Bundle\n|-sidestart|p1: Emi_Tristoun|move: Stealth Rock\n|\n|upkeep\n|turn|16\n|\n|t:|1700916193\n|switch|p2a: Grimmsnarl|Grimmsnarl, M|100\/100\n|move|p1a: Iron Bundle|Encore||[still]\n|-fail|p1a: Iron Bundle\n|\n|upkeep\n|turn|17\n|\n|t:|1700916199\n|-end|p1a: Iron Bundle|Quark Drive|[silent]\n|switch|p1a: Wobbuffet|Wobbuffet, F, shiny|38\/100 brn\n|-damage|p1a: Wobbuffet|25\/100 brn|[from] Stealth Rock\n|move|p2a: Grimmsnarl|Parting Shot|p1a: Wobbuffet\n|-unboost|p1a: Wobbuffet|atk|1\n|-unboost|p1a: Wobbuffet|spa|1\n|\n|t:|1700916206\n|switch|p2a: Calyrex|Calyrex-Ice|100\/100|[from] Parting Shot\n|-ability|p2a: Calyrex|As One\n|-ability|p2a: Calyrex|Unnerve\n|\n|-damage|p1a: Wobbuffet|19\/100 brn|[from] brn\n|upkeep\n|turn|18\n|\n|t:|1700916214\n|move|p2a: Calyrex|Glacial Lance|p1a: Wobbuffet\n|-damage|p1a: Wobbuffet|0 fnt\n|faint|p1a: Wobbuffet\n|-ability|p2a: Calyrex|Chilling Neigh|boost\n|-boost|p2a: Calyrex|atk|1\n|\n|upkeep\n|\n|t:|1700916227\n|switch|p1a: Marshadow|Marshadow|100\/100\n|-damage|p1a: Marshadow|94\/100|[from] Stealth Rock\n|turn|19\n|\n|t:|1700916231\n|switch|p2a: Blissey|Blissey, F|100\/100\n|move|p1a: Marshadow|Spectral Thief|p2a: Blissey\n|-immune|p2a: Blissey\n|\n|upkeep\n|turn|20\n|\n|t:|1700916242\n|switch|p2a: Moltres|Moltres|100\/100\n|move|p1a: Marshadow|Low Kick|p2a: Moltres\n|-resisted|p2a: Moltres\n|-damage|p2a: Moltres|86\/100\n|-status|p1a: Marshadow|brn|[from] ability: Flame Body|[of] p2a: Moltres\n|\n|-damage|p1a: Marshadow|88\/100 brn|[from] brn\n|upkeep\n|turn|21\n|\n|t:|1700916253\n|move|p1a: Marshadow|Facade|p2a: Moltres\n|-damage|p2a: Moltres|53\/100\n|move|p2a: Moltres|Burning Jealousy|p1a: Marshadow\n|-damage|p1a: Marshadow|53\/100 brn\n|\n|-damage|p1a: Marshadow|47\/100 brn|[from] brn\n|upkeep\n|turn|22\n|\n|t:|1700916266\n|-terastallize|p1a: Marshadow|Normal\n|move|p1a: Marshadow|Facade|p2a: Moltres\n|-damage|p2a: Moltres|0 fnt\n|faint|p2a: Moltres\n|\n|-damage|p1a: Marshadow|41\/100 brn|[from] brn\n|upkeep\n|\n|t:|1700916275\n|switch|p2a: Magearna|Magearna|100\/100\n|turn|23\n|inactive|Emi_Tristoun has 120 seconds left.\n|\n|t:|1700916317\n|switch|p1a: Zacian|Zacian-Crowned|86\/100\n|-damage|p1a: Zacian|80\/100|[from] Stealth Rock\n|move|p2a: Magearna|Flash Cannon|p1a: Zacian\n|-damage|p1a: Zacian|45\/100\n|\n|upkeep\n|turn|24\n|inactive|Emi_Tristoun has 90 seconds left.\n|inactive|Emi_Tristoun has 60 seconds left.\n|\n|t:|1700916384\n|switch|p2a: Skeledirge|Skeledirge, F|84\/100\n|move|p1a: Zacian|Swords Dance|p1a: Zacian\n|-boost|p1a: Zacian|atk|2\n|\n|upkeep\n|turn|25\n|inactive|Emi_Tristoun has 60 seconds left.\n|\n|t:|1700916393\n|switch|p1a: Groudon|Groudon-Primal, shiny|77\/100\n|-damage|p1a: Groudon|65\/100|[from] Stealth Rock\n|-weather|DesolateLand|[from] ability: Desolate Land|[of] p1a: Groudon\n|move|p2a: Skeledirge|Torch Song|p1a: Groudon\n|-resisted|p1a: Groudon\n|-damage|p1a: Groudon|40\/100\n|-boost|p2a: Skeledirge|spa|1\n|\n|-weather|DesolateLand|[upkeep]\n|upkeep\n|turn|26\n|inactive|Emi_Tristoun has 60 seconds left.\n|\n|t:|1700916406\n|-terastallize|p2a: Skeledirge|Normal\n|move|p1a: Groudon|Precipice Blades|p2a: Skeledirge\n|-crit|p2a: Skeledirge\n|-damage|p2a: Skeledirge|15\/100\n|move|p2a: Skeledirge|Slack Off|p2a: Skeledirge\n|-heal|p2a: Skeledirge|65\/100\n|\n|-weather|DesolateLand|[upkeep]\n|upkeep\n|turn|27\n|\n|t:|1700916415\n|move|p1a: Groudon|Swords Dance|p1a: Groudon\n|-boost|p1a: Groudon|atk|2\n|move|p2a: Skeledirge|Slack Off|p2a: Skeledirge\n|-heal|p2a: Skeledirge|100\/100\n|\n|-weather|DesolateLand|[upkeep]\n|upkeep\n|turn|28\n|\n|t:|1700916427\n|move|p1a: Groudon|Swords Dance|p1a: Groudon\n|-boost|p1a: Groudon|atk|2\n|move|p2a: Skeledirge|Torch Song|p1a: Groudon\n|-resisted|p1a: Groudon\n|-damage|p1a: Groudon|3\/100\n|-boost|p2a: Skeledirge|spa|1\n|\n|-weather|DesolateLand|[upkeep]\n|upkeep\n|turn|29\n|\n|t:|1700916436\n|move|p1a: Groudon|Precipice Blades|p2a: Skeledirge\n|-damage|p2a: Skeledirge|50\/100\n|move|p2a: Skeledirge|Torch Song|p1a: Groudon\n|-resisted|p1a: Groudon\n|-damage|p1a: Groudon|0 fnt\n|-boost|p2a: Skeledirge|spa|1\n|faint|p1a: Groudon\n|-weather|none\n|\n|upkeep\n|\n|t:|1700916449\n|switch|p1a: Iron Bundle|Iron Bundle|40\/100\n|-damage|p1a: Iron Bundle|15\/100|[from] Stealth Rock\n|turn|30\n|\n|t:|1700916455\n|switch|p2a: Blissey|Blissey, F|100\/100\n|move|p1a: Iron Bundle|Hydro Pump|p2a: Blissey\n|-damage|p2a: Blissey|85\/100\n|\n|upkeep\n|turn|31\n|-message|Emi_Tristoun forfeited.\n|\n|win|hoenn militian\n|raw|Emi_Tristoun's rating: 1514 &rarr; <strong>1490<\/strong><br \/>(-24 for losing)\n|raw|hoenn militian's rating: 1442 &rarr; <strong>1466<\/strong><br \/>(+24 for winning)\n|l|\u2606Emi_Tristoun\n","uploadtime":1700916482,"views":3,"p1id":"emitristoun","p2id":"hoennmilitian","formatid":"gen9nationaldexubers","rating":1466,"private":0,"password":""}