{"id":"gen9nationaldexubers-1985165920","p1":"Black_Wicked","p2":"7s Recruit","format":"[Gen 9] National Dex Ubers","log":"|j|\u2606Black_Wicked\n|j|\u26067s Recruit\n|t:|1699341677\n|gametype|singles\n|player|p1|Black_Wicked|ghetsis|\n|player|p2|7s Recruit|ethan|\n|teamsize|p1|6\n|teamsize|p2|6\n|gen|9\n|tier|[Gen 9] National Dex Ubers\n|rule|HP Percentage Mod: HP is shown in percentages\n|rule|Endless Battle Clause: Forcing endless battles is banned\n|rule|OHKO Clause: OHKO moves are banned\n|rule|Evasion Moves Clause: Evasion moves are banned\n|rule|Evasion Items Clause: Evasion items are banned\n|rule|Species Clause: Limit one of each Pok\u00e9mon\n|rule|Sleep Clause Mod: Limit one foe put to sleep\n|rule|Mega Rayquaza Clause: You cannot mega evolve Rayquaza\n|clearpoke\n|poke|p1|Sharpedo, F|\n|poke|p1|Tauros, M|\n|poke|p1|Orbeetle, F|\n|poke|p1|Aegislash, F|\n|poke|p1|Cofagrigus, F|\n|poke|p1|Empoleon, F|\n|poke|p2|Alakazam, F|\n|poke|p2|Tapu Lele|\n|poke|p2|Garchomp, M|\n|poke|p2|Greninja-*, M|\n|poke|p2|Weavile, F|\n|poke|p2|Hawlucha, M|\n|teampreview\n|inactive|Battle timer is ON: inactive players will automatically lose when time's up. (requested by Black_Wicked)\n|\n|t:|1699341689\n|start\n|switch|p1a: Orbeetle|Orbeetle, F, shiny|100\/100\n|switch|p2a: Tapu Lele|Tapu Lele|100\/100\n|-fieldstart|move: Psychic Terrain|[from] ability: Psychic Surge|[of] p2a: Tapu Lele\n|-item|p2a: Tapu Lele|Choice Scarf|[from] ability: Frisk|[of] p1a: Orbeetle|[identify]\n|turn|1\n|\n|t:|1699341700\n|move|p2a: Tapu Lele|Moonblast|p1a: Orbeetle\n|-damage|p1a: Orbeetle|56\/100\n|-unboost|p1a: Orbeetle|spa|1\n|move|p1a: Orbeetle|Trick|p2a: Tapu Lele\n|-activate|p1a: Orbeetle|move: Trick|[of] p2a: Tapu Lele\n|-item|p2a: Tapu Lele|Lagging Tail|[from] move: Trick\n|-item|p1a: Orbeetle|Choice Scarf|[from] move: Trick\n|\n|upkeep\n|turn|2\n|\n|t:|1699341714\n|switch|p2a: Hawlucha|Hawlucha, M|100\/100\n|-enditem|p2a: Hawlucha|Psychic Seed\n|-boost|p2a: Hawlucha|spd|1|[from] item: Psychic Seed\n|move|p1a: Orbeetle|Sticky Web|p2a: Hawlucha\n|-sidestart|p2: 7s Recruit|move: Sticky Web\n|\n|upkeep\n|turn|3\n|\n|t:|1699341722\n|switch|p1a: Cofagrigus|Cofagrigus, F, shiny|100\/100\n|move|p2a: Hawlucha|Swords Dance|p2a: Hawlucha\n|-boost|p2a: Hawlucha|atk|2\n|\n|upkeep\n|turn|4\n|\n|t:|1699341729\n|move|p2a: Hawlucha|Stone Edge|p1a: Cofagrigus\n|-damage|p1a: Cofagrigus|53\/100\n|move|p1a: Cofagrigus|Will-O-Wisp|p2a: Hawlucha\n|-status|p2a: Hawlucha|brn\n|\n|-heal|p1a: Cofagrigus|59\/100|[from] item: Leftovers\n|-damage|p2a: Hawlucha|94\/100 brn|[from] brn\n|upkeep\n|turn|5\n|\n|t:|1699341740\n|move|p2a: Hawlucha|Swords Dance|p2a: Hawlucha\n|-boost|p2a: Hawlucha|atk|2\n|move|p1a: Cofagrigus|Haze|p1a: Cofagrigus\n|-clearallboost\n|\n|-heal|p1a: Cofagrigus|65\/100|[from] item: Leftovers\n|-damage|p2a: Hawlucha|88\/100 brn|[from] brn\n|-fieldend|move: Psychic Terrain\n|upkeep\n|turn|6\n|\n|t:|1699341751\n|move|p2a: Hawlucha|Stone Edge|p1a: Cofagrigus\n|-damage|p1a: Cofagrigus|55\/100\n|move|p1a: Cofagrigus|Pain Split|p2a: Hawlucha\n|-sethp|p2a: Hawlucha|73\/100 brn|[from] move: Pain Split|[silent]\n|-sethp|p1a: Cofagrigus|68\/100|[from] move: Pain Split\n|\n|-heal|p1a: Cofagrigus|75\/100|[from] item: Leftovers\n|-damage|p2a: Hawlucha|67\/100 brn|[from] brn\n|upkeep\n|turn|7\n|\n|t:|1699341771\n|move|p2a: Hawlucha|Swords Dance|p2a: Hawlucha\n|-boost|p2a: Hawlucha|atk|2\n|move|p1a: Cofagrigus|Shadow Ball|p2a: Hawlucha\n|-damage|p2a: Hawlucha|23\/100 brn\n|-unboost|p2a: Hawlucha|spd|1\n|\n|-heal|p1a: Cofagrigus|81\/100|[from] item: Leftovers\n|-damage|p2a: Hawlucha|17\/100 brn|[from] brn\n|upkeep\n|turn|8\n|\n|t:|1699341783\n|move|p2a: Hawlucha|Stone Edge|p1a: Cofagrigus\n|-damage|p1a: Cofagrigus|58\/100\n|move|p1a: Cofagrigus|Shadow Ball|p2a: Hawlucha\n|-damage|p2a: Hawlucha|0 fnt\n|faint|p2a: Hawlucha\n|\n|-heal|p1a: Cofagrigus|64\/100|[from] item: Leftovers\n|upkeep\n|\n|t:|1699341797\n|switch|p2a: Greninja|Greninja, M|100\/100\n|-activate|p2a: Greninja|move: Sticky Web\n|-unboost|p2a: Greninja|spe|1\n|turn|9\n|\n|t:|1699341808\n|move|p2a: Greninja|Hydro Pump|p1a: Cofagrigus|[miss]\n|-miss|p2a: Greninja|p1a: Cofagrigus\n|move|p1a: Cofagrigus|Pain Split|p2a: Greninja\n|-sethp|p2a: Greninja|86\/100|[from] move: Pain Split|[silent]\n|-sethp|p1a: Cofagrigus|77\/100|[from] move: Pain Split\n|\n|-heal|p1a: Cofagrigus|83\/100|[from] item: Leftovers\n|upkeep\n|turn|10\n|\n|t:|1699341818\n|move|p2a: Greninja|Hydro Pump|p1a: Cofagrigus\n|-damage|p1a: Cofagrigus|30\/100\n|move|p1a: Cofagrigus|Will-O-Wisp|p2a: Greninja\n|-status|p2a: Greninja|brn\n|\n|-heal|p1a: Cofagrigus|36\/100|[from] item: Leftovers\n|-damage|p2a: Greninja|80\/100 brn|[from] brn\n|upkeep\n|turn|11\n|\n|t:|1699341829\n|move|p2a: Greninja|Hydro Pump|p1a: Cofagrigus\n|-damage|p1a: Cofagrigus|0 fnt\n|faint|p1a: Cofagrigus\n|-ability|p2a: Greninja|Battle Bond|boost\n|-boost|p2a: Greninja|atk|1\n|-boost|p2a: Greninja|spa|1\n|-boost|p2a: Greninja|spe|1\n|-activate|p2a: Greninja|ability: Battle Bond\n|\n|-damage|p2a: Greninja|74\/100 brn|[from] brn\n|upkeep\n|\n|t:|1699341835\n|switch|p1a: Orbeetle|Orbeetle, F, shiny|56\/100\n|-item|p2a: Greninja|Choice Specs|[from] ability: Frisk|[of] p1a: Orbeetle|[identify]\n|turn|12\n|\n|t:|1699341843\n|move|p2a: Greninja|Hydro Pump|p1a: Orbeetle\n|-crit|p1a: Orbeetle\n|-damage|p1a: Orbeetle|0 fnt\n|faint|p1a: Orbeetle\n|\n|-damage|p2a: Greninja|68\/100 brn|[from] brn\n|upkeep\n|\n|t:|1699341850\n|switch|p1a: Aegislash|Aegislash, F, shiny|100\/100\n|turn|13\n|\n|t:|1699341855\n|move|p2a: Greninja|Hydro Pump|p1a: Aegislash\n|-damage|p1a: Aegislash|9\/100\n|-formechange|p1a: Aegislash|Aegislash-Blade||[from] ability: Stance Change\n|move|p1a: Aegislash|Close Combat|p2a: Greninja\n|-supereffective|p2a: Greninja\n|-damage|p2a: Greninja|0 fnt\n|-unboost|p1a: Aegislash|def|1\n|-unboost|p1a: Aegislash|spd|1\n|faint|p2a: Greninja\n|\n|-heal|p1a: Aegislash|15\/100|[from] item: Leftovers\n|upkeep\n|\n|t:|1699341871\n|switch|p2a: Tapu Lele|Tapu Lele|100\/100\n|-activate|p2a: Tapu Lele|move: Sticky Web\n|-unboost|p2a: Tapu Lele|spe|1\n|-fieldstart|move: Psychic Terrain|[from] ability: Psychic Surge|[of] p2a: Tapu Lele\n|turn|14\n|\n|t:|1699341878\n|-formechange|p1a: Aegislash|Aegislash||[from] ability: Stance Change\n|move|p1a: Aegislash|King's Shield|p1a: Aegislash\n|-singleturn|p1a: Aegislash|Protect\n|move|p2a: Tapu Lele|Thunderbolt|p1a: Aegislash\n|-activate|p1a: Aegislash|move: Protect\n|\n|-heal|p1a: Aegislash|21\/100|[from] item: Leftovers\n|upkeep\n|turn|15\n|\n|t:|1699341890\n|-formechange|p1a: Aegislash|Aegislash-Blade||[from] ability: Stance Change\n|move|p1a: Aegislash|Shadow Ball|p2a: Tapu Lele\n|-supereffective|p2a: Tapu Lele\n|-damage|p2a: Tapu Lele|0 fnt\n|faint|p2a: Tapu Lele\n|\n|-heal|p1a: Aegislash|27\/100|[from] item: Leftovers\n|upkeep\n|\n|t:|1699341901\n|switch|p2a: Alakazam|Alakazam, F|100\/100\n|-activate|p2a: Alakazam|move: Sticky Web\n|-unboost|p2a: Alakazam|spe|1\n|turn|16\n|\n|t:|1699341910\n|detailschange|p2a: Alakazam|Alakazam-Mega, F\n|-mega|p2a: Alakazam|Alakazam|Alakazite\n|move|p2a: Alakazam|Psychic|p1a: Aegislash\n|-resisted|p1a: Aegislash\n|-damage|p1a: Aegislash|0 fnt\n|faint|p1a: Aegislash\n|\n|upkeep\n|\n|t:|1699341912\n|switch|p1a: Tauros|Tauros, M, shiny|100\/100\n|-ability|p2a: Alakazam|Sheer Force|[from] ability: Trace|[of] p1a: Tauros\n|turn|17\n|\n|t:|1699341922\n|switch|p2a: Garchomp|Garchomp, M|100\/100\n|-activate|p2a: Garchomp|move: Sticky Web\n|-unboost|p2a: Garchomp|spe|1\n|move|p1a: Tauros|Body Slam|p2a: Garchomp\n|-damage|p2a: Garchomp|36\/100\n|-damage|p1a: Tauros|88\/100|[from] ability: Rough Skin|[of] p2a: Garchomp\n|\n|upkeep\n|turn|18\n|\n|t:|1699341932\n|move|p1a: Tauros|Body Slam|p2a: Garchomp\n|-damage|p2a: Garchomp|0 fnt\n|-damage|p1a: Tauros|76\/100|[from] ability: Rough Skin|[of] p2a: Garchomp\n|faint|p2a: Garchomp\n|\n|-fieldend|move: Psychic Terrain\n|upkeep\n|\n|t:|1699341941\n|switch|p2a: Weavile|Weavile, F|100\/100\n|-activate|p2a: Weavile|move: Sticky Web\n|-unboost|p2a: Weavile|spe|1\n|-ability|p2a: Weavile|Pressure\n|turn|19\n|\n|t:|1699341947\n|move|p1a: Tauros|Close Combat|p2a: Weavile\n|-supereffective|p2a: Weavile\n|-damage|p2a: Weavile|0 fnt\n|-unboost|p1a: Tauros|def|1\n|-unboost|p1a: Tauros|spd|1\n|faint|p2a: Weavile\n|-damage|p1a: Tauros|66\/100|[from] item: Life Orb\n|\n|upkeep\n|\n|t:|1699341956\n|switch|p2a: Alakazam|Alakazam-Mega, F|100\/100\n|-activate|p2a: Alakazam|move: Sticky Web\n|-unboost|p2a: Alakazam|spe|1\n|-ability|p2a: Alakazam|Sheer Force|[from] ability: Trace|[of] p1a: Tauros\n|turn|20\n|\n|t:|1699341973\n|move|p1a: Tauros|Body Slam|p2a: Alakazam\n|-damage|p2a: Alakazam|0 fnt\n|faint|p2a: Alakazam\n|\n|win|Black_Wicked\n|l|\u2606Black_Wicked\n|l|\u26067s Recruit\n|j|\u2606Black_Wicked\n|player|p1|Black_Wicked|ghetsis\n","uploadtime":1699342477,"views":8,"p1id":"blackwicked","p2id":"7srecruit","formatid":"gen9nationaldexubers","rating":0,"private":0,"password":""}