{"id":"gen9nationaldexubers-1998938630","p1":"lalzamir","p2":"Paras op","format":"[Gen 9] National Dex Ubers","log":"|j|\u2606lalzamir\n|j|\u2606Paras op\n|t:|1701015440\n|gametype|singles\n|player|p1|lalzamir|benga|1194\n|player|p2|Paras op|steven|1175\n|teamsize|p1|6\n|teamsize|p2|6\n|gen|9\n|tier|[Gen 9] National Dex Ubers\n|rated|\n|rule|HP Percentage Mod: HP is shown in percentages\n|rule|Endless Battle Clause: Forcing endless battles is banned\n|rule|OHKO Clause: OHKO moves are banned\n|rule|Evasion Moves Clause: Evasion moves are banned\n|rule|Evasion Items Clause: Evasion items are banned\n|rule|Species Clause: Limit one of each Pok\u00e9mon\n|rule|Sleep Clause Mod: Limit one foe put to sleep\n|rule|Mega Rayquaza Clause: You cannot mega evolve Rayquaza\n|clearpoke\n|poke|p1|Pelipper, M|\n|poke|p1|Basculegion-F, F|\n|poke|p1|Marshadow|\n|poke|p1|Rayquaza|\n|poke|p1|Necrozma-Dawn-Wings|\n|poke|p1|Swampert, F|\n|poke|p2|Zacian-*|\n|poke|p2|Venusaur, F|\n|poke|p2|Groudon|\n|poke|p2|Kyogre|\n|poke|p2|Lunala|\n|poke|p2|Rayquaza|\n|teampreview\n|inactive|Battle timer is ON: inactive players will automatically lose when time's up. (requested by Paras op)\n|c|\u2606Paras op|You can't win\n|inactive|lalzamir has 120 seconds left.\n|\n|t:|1701015477\n|start\n|switch|p1a: Pelipper|Pelipper, M|100\/100\n|switch|p2a: Groudon|Groudon|100\/100\n|-weather|RainDance|[from] ability: Drizzle|[of] p1a: Pelipper\n|detailschange|p2a: Groudon|Groudon-Primal\n|-primal|p2a: Groudon|Red Orb\n|-weather|DesolateLand|[from] ability: Desolate Land|[of] p2a: Groudon\n|turn|1\n|\n|t:|1701015487\n|switch|p1a: Necrozma|Necrozma-Dawn-Wings|100\/100\n|move|p2a: Groudon|Dragon Pulse|p1a: Necrozma\n|-damage|p1a: Necrozma|76\/100\n|\n|-weather|DesolateLand|[upkeep]\n|upkeep\n|turn|2\n|\n|t:|1701015506\n|move|p1a: Necrozma|Earth Power|p2a: Groudon\n|-supereffective|p2a: Groudon\n|-damage|p2a: Groudon|30\/100\n|move|p2a: Groudon|Precipice Blades|p1a: Necrozma\n|-damage|p1a: Necrozma|11\/100\n|\n|-weather|DesolateLand|[upkeep]\n|upkeep\n|turn|3\n|c|\u2606lalzamir|cap ima beat u\n|\n|t:|1701015513\n|-weather|none\n|switch|p2a: Rayquaza|Rayquaza|100\/100\n|-ability|p2a: Rayquaza|Air Lock\n|move|p1a: Necrozma|Earth Power|p2a: Rayquaza\n|-immune|p2a: Rayquaza\n|\n|upkeep\n|turn|4\n|\n|t:|1701015525\n|switch|p1a: Pelipper|Pelipper, M|100\/100\n|-weather|RainDance|[from] ability: Drizzle|[of] p1a: Pelipper\n|move|p2a: Rayquaza|Dragon Ascent|p1a: Pelipper\n|-damage|p1a: Pelipper|48\/100\n|-unboost|p2a: Rayquaza|def|1\n|-unboost|p2a: Rayquaza|spd|1\n|\n|-weather|RainDance|[upkeep]\n|upkeep\n|turn|5\n|\n|t:|1701015540\n|switch|p2a: Groudon|Groudon-Primal|30\/100\n|-weather|DesolateLand|[from] ability: Desolate Land|[of] p2a: Groudon\n|move|p1a: Pelipper|Roost|p1a: Pelipper\n|-heal|p1a: Pelipper|98\/100\n|-singleturn|p1a: Pelipper|move: Roost\n|\n|-weather|DesolateLand|[upkeep]\n|upkeep\n|turn|6\n|\n|t:|1701015550\n|switch|p1a: Rayquaza|Rayquaza|100\/100\n|-ability|p1a: Rayquaza|Air Lock\n|move|p2a: Groudon|Heat Crash|p1a: Rayquaza\n|-resisted|p1a: Rayquaza\n|-damage|p1a: Rayquaza|69\/100\n|\n|-weather|DesolateLand|[upkeep]\n|upkeep\n|turn|7\n|c|\u2606Paras op|I know it\n|\n|t:|1701015565\n|move|p1a: Rayquaza|Outrage|p2a: Groudon\n|-damage|p2a: Groudon|0 fnt\n|faint|p2a: Groudon\n|-weather|none\n|-damage|p1a: Rayquaza|59\/100|[from] item: Life Orb\n|\n|upkeep\n|\n|t:|1701015576\n|switch|p2a: Zacian|Zacian-Crowned|100\/100\n|-ability|p2a: Zacian|Intrepid Sword|boost\n|-boost|p2a: Zacian|atk|1\n|turn|8\n|\n|t:|1701015585\n|move|p2a: Zacian|Moonblast|p1a: Rayquaza\n|-supereffective|p1a: Rayquaza\n|-damage|p1a: Rayquaza|0 fnt\n|faint|p1a: Rayquaza\n|\n|upkeep\n|\n|t:|1701015590\n|switch|p1a: Pelipper|Pelipper, M|98\/100\n|-weather|RainDance|[from] ability: Drizzle|[of] p1a: Pelipper\n|turn|9\n|\n|t:|1701015600\n|move|p2a: Zacian|Sacred Sword|p1a: Pelipper\n|-resisted|p1a: Pelipper\n|-damage|p1a: Pelipper|80\/100\n|move|p1a: Pelipper|Hurricane|p2a: Zacian\n|-resisted|p2a: Zacian\n|-damage|p2a: Zacian|82\/100\n|\n|-weather|RainDance|[upkeep]\n|upkeep\n|turn|10\n|\n|t:|1701015610\n|move|p2a: Zacian|Moonblast|p1a: Pelipper\n|-damage|p1a: Pelipper|34\/100\n|move|p1a: Pelipper|Hurricane|p2a: Zacian\n|-resisted|p2a: Zacian\n|-damage|p2a: Zacian|64\/100\n|\n|-weather|RainDance|[upkeep]\n|upkeep\n|turn|11\n|\n|t:|1701015617\n|move|p2a: Zacian|Moonblast|p1a: Pelipper\n|-damage|p1a: Pelipper|0 fnt\n|faint|p1a: Pelipper\n|\n|-weather|RainDance|[upkeep]\n|upkeep\n|\n|t:|1701015624\n|switch|p1a: Basculegion|Basculegion-F, F|100\/100\n|turn|12\n|\n|t:|1701015631\n|move|p1a: Basculegion|Flip Turn|p2a: Zacian\n|-damage|p2a: Zacian|29\/100\n|\n|t:|1701015634\n|switch|p1a: Necrozma|Necrozma-Dawn-Wings|11\/100|[from] Flip Turn\n|move|p2a: Zacian|Crunch|p1a: Necrozma\n|-supereffective|p1a: Necrozma\n|-damage|p1a: Necrozma|0 fnt\n|faint|p1a: Necrozma\n|\n|-weather|RainDance|[upkeep]\n|upkeep\n|\n|t:|1701015637\n|switch|p1a: Basculegion|Basculegion-F, F|100\/100\n|turn|13\n|\n|t:|1701015649\n|move|p1a: Basculegion|Last Respects|p2a: Zacian\n|-damage|p2a: Zacian|0 fnt\n|faint|p2a: Zacian\n|\n|-weather|RainDance|[upkeep]\n|upkeep\n|\n|t:|1701015665\n|switch|p2a: Venusaur|Venusaur, F|100\/100\n|turn|14\n|\n|t:|1701015669\n|detailschange|p2a: Venusaur|Venusaur-Mega, F\n|-mega|p2a: Venusaur|Venusaur|Venusaurite\n|move|p1a: Basculegion|Last Respects|p2a: Venusaur\n|-crit|p2a: Venusaur\n|-damage|p2a: Venusaur|0 fnt\n|faint|p2a: Venusaur\n|\n|-weather|RainDance|[upkeep]\n|upkeep\n|\n|t:|1701015682\n|switch|p2a: Lunala|Lunala|100\/100\n|turn|15\n|\n|t:|1701015687\n|-terastallize|p1a: Basculegion|Normal\n|move|p1a: Basculegion|Last Respects|p2a: Lunala\n|-supereffective|p2a: Lunala\n|-damage|p2a: Lunala|0 fnt\n|faint|p2a: Lunala\n|\n|-weather|RainDance|[upkeep]\n|upkeep\n|c|\u2606Paras op|Wtf\n|\n|t:|1701015699\n|switch|p2a: Rayquaza|Rayquaza|100\/100\n|-ability|p2a: Rayquaza|Air Lock\n|turn|16\n|\n|t:|1701015708\n|move|p1a: Basculegion|Last Respects|p2a: Rayquaza\n|-damage|p2a: Rayquaza|18\/100\n|move|p2a: Rayquaza|Dragon Ascent|p1a: Basculegion\n|-damage|p1a: Basculegion|27\/100\n|-unboost|p2a: Rayquaza|def|1\n|-unboost|p2a: Rayquaza|spd|1\n|\n|-weather|none\n|-heal|p2a: Rayquaza|24\/100|[from] item: Leftovers\n|upkeep\n|turn|17\n|\n|t:|1701015717\n|move|p1a: Basculegion|Last Respects|p2a: Rayquaza\n|-damage|p2a: Rayquaza|0 fnt\n|faint|p2a: Rayquaza\n|\n|upkeep\n|\n|t:|1701015721\n|switch|p2a: Kyogre|Kyogre|100\/100\n|detailschange|p2a: Kyogre|Kyogre-Primal\n|-primal|p2a: Kyogre|Blue Orb\n|-weather|PrimordialSea|[from] ability: Primordial Sea|[of] p2a: Kyogre\n|turn|18\n|c|\u2606lalzamir|gg\n|\n|t:|1701015728\n|move|p1a: Basculegion|Last Respects|p2a: Kyogre\n|-damage|p2a: Kyogre|26\/100\n|move|p2a: Kyogre|Ice Beam|p1a: Basculegion\n|-damage|p1a: Basculegion|0 fnt\n|faint|p1a: Basculegion\n|\n|-weather|PrimordialSea|[upkeep]\n|upkeep\n|\n|t:|1701015732\n|switch|p1a: Swampert|Swampert, F|100\/100\n|turn|19\n|n|!Paras op|parasop\n|\n|t:|1701015745\n|detailschange|p1a: Swampert|Swampert-Mega, F\n|-mega|p1a: Swampert|Swampert|Swampertite\n|move|p1a: Swampert|Power-Up Punch|p2a: Kyogre\n|-damage|p2a: Kyogre|12\/100\n|-boost|p1a: Swampert|atk|1\n|move|p2a: Kyogre|Origin Pulse|p1a: Swampert\n|-damage|p1a: Swampert|23\/100\n|\n|-weather|PrimordialSea|[upkeep]\n|upkeep\n|turn|20\n|\n|t:|1701015757\n|move|p1a: Swampert|Waterfall|p2a: Kyogre\n|-resisted|p2a: Kyogre\n|-damage|p2a: Kyogre|0 fnt\n|faint|p2a: Kyogre\n|-weather|none\n|\n|win|lalzamir\n|raw|lalzamir's rating: 1194 &rarr; <strong>1218<\/strong><br \/>(+24 for winning)\n|raw|Paras op's rating: 1175 &rarr; <strong>1151<\/strong><br \/>(-24 for losing)\n","uploadtime":1701015741,"views":1,"p1id":"lalzamir","p2id":"parasop","formatid":"gen9nationaldexubers","rating":1151,"private":0,"password":""}