{"id":"gen9nationaldexubers-1979643968","p1":"Bug Maniac Swaggy","p2":"Halo halo orange","format":"[Gen 9] National Dex Ubers","log":"|j|\u2606Bug Maniac Swaggy\n|j|\u2606Halo halo orange\n|t:|1698699348\n|gametype|singles\n|player|p1|Bug Maniac Swaggy|whitney|\n|player|p2|Halo halo orange|169|\n|teamsize|p1|6\n|teamsize|p2|6\n|gen|9\n|tier|[Gen 9] National Dex Ubers\n|rule|HP Percentage Mod: HP is shown in percentages\n|rule|Endless Battle Clause: Forcing endless battles is banned\n|rule|OHKO Clause: OHKO moves are banned\n|rule|Evasion Moves Clause: Evasion moves are banned\n|rule|Evasion Items Clause: Evasion items are banned\n|rule|Species Clause: Limit one of each Pok\u00e9mon\n|rule|Sleep Clause Mod: Limit one foe put to sleep\n|rule|Mega Rayquaza Clause: You cannot mega evolve Rayquaza\n|clearpoke\n|poke|p1|Garganacl, M|\n|poke|p1|Aegislash, M|\n|poke|p1|Skeledirge, M|\n|poke|p1|Greninja-*, M|\n|poke|p1|Venusaur, M|\n|poke|p1|Great Tusk|\n|poke|p2|Beedrill, F|\n|poke|p2|Gengar, M|\n|poke|p2|Nidoking, M|\n|poke|p2|Slowking-Galar, M|\n|poke|p2|Drapion, M|\n|poke|p2|Crobat, F|\n|teampreview\n|c|\u2606Halo halo orange|Gl!\n|c|\u2606Bug Maniac Swaggy|glhf\n|c|\u2606Bug Maniac Swaggy|tera fairy garg\n|j| El Zappo\n|j| Destinum\n|\n|t:|1698699379\n|start\n|switch|p1a: The Capricious|Greninja, M|100\/100\n|switch|p2a: Beedrill|Beedrill, F|100\/100\n|turn|1\n|\n|t:|1698699402\n|switch|p1a: The Savage|Great Tusk|100\/100\n|detailschange|p2a: Beedrill|Beedrill-Mega, F\n|-mega|p2a: Beedrill|Beedrill|Beedrillite\n|move|p2a: Beedrill|U-turn|p1a: The Savage\n|-resisted|p1a: The Savage\n|-damage|p1a: The Savage|87\/100\n|\n|t:|1698699416\n|switch|p2a: Crobat|Crobat, F|100\/100|[from] U-turn\n|\n|-heal|p1a: The Savage|93\/100|[from] item: Leftovers\n|upkeep\n|turn|2\n|\n|t:|1698699421\n|move|p2a: Crobat|Brave Bird|p1a: The Savage\n|-supereffective|p1a: The Savage\n|-crit|p1a: The Savage\n|-damage|p1a: The Savage|39\/100\n|-damage|p2a: Crobat|80\/100|[from] Recoil\n|move|p1a: The Savage|Knock Off|p2a: Crobat\n|-damage|p2a: Crobat|48\/100\n|-enditem|p2a: Crobat|Heavy-Duty Boots|[from] move: Knock Off|[of] p1a: The Savage\n|\n|-heal|p1a: The Savage|45\/100|[from] item: Leftovers\n|upkeep\n|turn|3\n|c| Destinum|Wow, Beedrill U-turned? Who could have guessed?\n|c|\u2606Halo halo orange|Huge crit\n|c|\u2606Bug Maniac Swaggy|ikr\n|\n|t:|1698699445\n|-end|p1a: The Savage|Protosynthesis|[silent]\n|switch|p1a: The Curdled|Garganacl, M|100\/100\n|move|p2a: Crobat|Roost|p2a: Crobat\n|-heal|p2a: Crobat|98\/100\n|-singleturn|p2a: Crobat|move: Roost\n|\n|upkeep\n|turn|4\n|\n|t:|1698699458\n|move|p2a: Crobat|U-turn|p1a: The Curdled\n|-damage|p1a: The Curdled|91\/100\n|\n|t:|1698699460\n|switch|p2a: Slowking|Slowking-Galar, M|100\/100|[from] U-turn\n|move|p1a: The Curdled|Salt Cure|p2a: Slowking\n|-damage|p2a: Slowking|87\/100\n|-start|p2a: Slowking|Salt Cure\n|\n|-heal|p1a: The Curdled|98\/100|[from] item: Leftovers\n|-damage|p2a: Slowking|74\/100|[from] Salt Cure\n|upkeep\n|turn|5\n|c|\u2606Bug Maniac Swaggy|i remember last time your slowking told a bunch of unfunny jokes\n|c|\u2606Bug Maniac Swaggy|lets see how things go today\n|c| Destinum|You should get a Sussy Baka Halo.\n|\n|t:|1698699509\n|switch|p1a: The Dauntless|Venusaur, M|100\/100\n|move|p2a: Slowking|Chilly Reception|p2a: Slowking\n|-weather|Snow\n|\n|t:|1698699543\n|switch|p2a: Crobat|Crobat, F|98\/100|[from] Chilly Reception\n|\n|-weather|Snow|[upkeep]\n|upkeep\n|turn|6\n|\n|t:|1698699602\n|detailschange|p1a: The Dauntless|Venusaur-Mega, M\n|-mega|p1a: The Dauntless|Venusaur|Venusaurite\n|move|p2a: Crobat|Brave Bird|p1a: The Dauntless\n|-supereffective|p1a: The Dauntless\n|-damage|p1a: The Dauntless|47\/100\n|-damage|p2a: Crobat|81\/100|[from] Recoil\n|move|p1a: The Dauntless|Leech Seed|p2a: Crobat\n|-start|p2a: Crobat|move: Leech Seed\n|\n|-weather|Snow|[upkeep]\n|-damage|p2a: Crobat|69\/100|[from] Leech Seed|[of] p1a: The Dauntless\n|-heal|p1a: The Dauntless|60\/100|[silent]\n|upkeep\n|turn|7\n|\n|t:|1698699621\n|switch|p2a: Slowking|Slowking-Galar, M|100\/100\n|move|p1a: The Dauntless|Synthesis|p1a: The Dauntless\n|-heal|p1a: The Dauntless|85\/100\n|\n|-weather|Snow|[upkeep]\n|upkeep\n|turn|8\n|\n|t:|1698699650\n|switch|p1a: The Benighted|Skeledirge, M|100\/100\n|-item|p1a: The Benighted|Air Balloon\n|move|p2a: Slowking|Future Sight|p1a: The Benighted\n|-start|p2a: Slowking|move: Future Sight\n|\n|-weather|Snow|[upkeep]\n|upkeep\n|turn|9\n|\n|t:|1698699661\n|move|p1a: The Benighted|Will-O-Wisp|p2a: Slowking\n|-status|p2a: Slowking|brn\n|move|p2a: Slowking|Chilly Reception|p2a: Slowking\n|l| El Zappo\n|\n|t:|1698699746\n|switch|p2a: Drapion|Drapion, M|100\/100|[from] Chilly Reception\n|\n|-weather|none\n|upkeep\n|turn|10\n|\n|t:|1698699780\n|move|p2a: Drapion|Knock Off|p1a: The Benighted\n|-supereffective|p1a: The Benighted\n|-damage|p1a: The Benighted|45\/100\n|-enditem|p1a: The Benighted|Air Balloon\n|move|p1a: The Benighted|Will-O-Wisp|p2a: Drapion|[miss]\n|-miss|p1a: The Benighted|p2a: Drapion\n|\n|-end|p1a: The Benighted|move: Future Sight\n|-damage|p1a: The Benighted|12\/100\n|upkeep\n|turn|11\n|c|\u2606Bug Maniac Swaggy|buff will-o accuracy again please\n|\n|t:|1698699796\n|move|p2a: Drapion|Knock Off|p1a: The Benighted\n|-supereffective|p1a: The Benighted\n|-damage|p1a: The Benighted|0 fnt\n|faint|p1a: The Benighted\n|\n|upkeep\n|c| Destinum|That dodge was massively skillful.\n|c|\u2606Halo halo orange|Thank you\n|c|\u2606Halo halo orange|im a skillful guy\n|\n|t:|1698699813\n|switch|p1a: The Dauntless|Venusaur-Mega, M|85\/100\n|turn|12\n|c|\u2606Halo halo orange|although tbf I think dirge was dead either way, the only difference is future damage\n|\n|t:|1698699841\n|switch|p2a: Crobat|Crobat, F|69\/100\n|move|p1a: The Dauntless|Leech Seed|p2a: Crobat\n|-start|p2a: Crobat|move: Leech Seed\n|\n|-damage|p2a: Crobat|57\/100|[from] Leech Seed|[of] p1a: The Dauntless\n|-heal|p1a: The Dauntless|97\/100|[silent]\n|upkeep\n|turn|13\n|c|\u2606Bug Maniac Swaggy|yeh dirge would have died but i would have liked the burn\n|c|\u2606Halo halo orange|Understandable\n|\n|t:|1698699876\n|switch|p1a: The Curdled|Garganacl, M|98\/100\n|move|p2a: Crobat|Roost|p2a: Crobat\n|-heal|p2a: Crobat|100\/100\n|-singleturn|p2a: Crobat|move: Roost\n|\n|-heal|p1a: The Curdled|100\/100|[from] item: Leftovers\n|-damage|p2a: Crobat|88\/100|[from] Leech Seed|[of] p1a: The Curdled\n|upkeep\n|turn|14\n|\n|t:|1698699884\n|move|p2a: Crobat|U-turn|p1a: The Curdled\n|-damage|p1a: The Curdled|91\/100\n|\n|t:|1698699886\n|switch|p2a: Slowking|Slowking-Galar, M|100\/100 brn|[from] U-turn\n|move|p1a: The Curdled|Salt Cure|p2a: Slowking\n|-damage|p2a: Slowking|87\/100 brn\n|-start|p2a: Slowking|Salt Cure\n|\n|-heal|p1a: The Curdled|97\/100|[from] item: Leftovers\n|-damage|p2a: Slowking|80\/100 brn|[from] brn\n|-damage|p2a: Slowking|68\/100 brn|[from] Salt Cure\n|upkeep\n|turn|15\n|\n|t:|1698699919\n|move|p1a: The Curdled|Salt Cure|p2a: Slowking\n|-damage|p2a: Slowking|54\/100 brn\n|move|p2a: Slowking|Chilly Reception|p2a: Slowking\n|-weather|Snow\n|\n|t:|1698699927\n|switch|p2a: Nidoking|Nidoking, M|100\/100|[from] Chilly Reception\n|\n|-weather|Snow|[upkeep]\n|-heal|p1a: The Curdled|100\/100|[from] item: Leftovers\n|upkeep\n|turn|16\n|c|\u2606Halo halo orange|He is here\n|c|\u2606Bug Maniac Swaggy|not again\n|c|\u2606Halo halo orange|The destroyer of worlds\n|j| Salfy\n|c|\u2606Halo halo orange|Hi salfy\n|c|\u2606Bug Maniac Swaggy|sup salfy\n|c| Salfy|Rats\n|\n|t:|1698700078\n|switch|p1a: The Dauntless|Venusaur-Mega, M|97\/100\n|move|p2a: Nidoking|Earth Power|p1a: The Dauntless\n|-damage|p1a: The Dauntless|54\/100\n|\n|-weather|Snow|[upkeep]\n|upkeep\n|turn|17\n|\n|t:|1698700118\n|move|p2a: Nidoking|Sludge Wave|p1a: The Dauntless\n|-damage|p1a: The Dauntless|6\/100\n|move|p1a: The Dauntless|Leech Seed|p2a: Nidoking\n|-start|p2a: Nidoking|move: Leech Seed\n|\n|-weather|Snow|[upkeep]\n|-damage|p2a: Nidoking|88\/100|[from] Leech Seed|[of] p1a: The Dauntless\n|-heal|p1a: The Dauntless|16\/100|[silent]\n|upkeep\n|turn|18\n|\n|t:|1698700144\n|switch|p2a: Crobat|Crobat, F|88\/100\n|move|p1a: The Dauntless|Synthesis|p1a: The Dauntless\n|-heal|p1a: The Dauntless|41\/100\n|\n|-weather|Snow|[upkeep]\n|upkeep\n|turn|19\n|\n|t:|1698700165\n|switch|p1a: The Deceiver|Aegislash, M|100\/100\n|move|p2a: Crobat|U-turn|p1a: The Deceiver\n|-resisted|p1a: The Deceiver\n|-damage|p1a: The Deceiver|98\/100\n|\n|t:|1698700334\n|switch|p2a: Drapion|Drapion, M|100\/100|[from] U-turn\n|\n|-weather|none\n|upkeep\n|turn|20\n|\n|t:|1698700343\n|move|p1a: The Deceiver|King's Shield|p1a: The Deceiver\n|-singleturn|p1a: The Deceiver|Protect\n|move|p2a: Drapion|Knock Off|p1a: The Deceiver\n|-activate|p1a: The Deceiver|move: Protect\n|-unboost|p2a: Drapion|atk|1\n|\n|upkeep\n|turn|21\n|\n|t:|1698700415\n|switch|p2a: Crobat|Crobat, F|88\/100\n|switch|p1a: The Dauntless|Venusaur-Mega, M|41\/100\n|\n|upkeep\n|turn|22\n|c|\u2606Halo halo orange|They call me a librarian\n|c|\u2606Bug Maniac Swaggy|this is what i wanted to happen trust\n|\n|t:|1698700480\n|switch|p1a: The Curdled|Garganacl, M|100\/100\n|move|p2a: Crobat|Brave Bird|p1a: The Curdled\n|-resisted|p1a: The Curdled\n|-damage|p1a: The Curdled|88\/100\n|-damage|p2a: Crobat|84\/100|[from] Recoil\n|\n|-heal|p1a: The Curdled|95\/100|[from] item: Leftovers\n|upkeep\n|turn|23\n|\n|t:|1698700512\n|move|p2a: Crobat|U-turn|p1a: The Curdled\n|-damage|p1a: The Curdled|85\/100\n|\n|t:|1698700522\n|switch|p2a: Slowking|Slowking-Galar, M|88\/100 brn|[from] U-turn\n|move|p1a: The Curdled|Salt Cure|p2a: Slowking\n|-damage|p2a: Slowking|74\/100 brn\n|-start|p2a: Slowking|Salt Cure\n|\n|-heal|p1a: The Curdled|92\/100|[from] item: Leftovers\n|-damage|p2a: Slowking|68\/100 brn|[from] brn\n|-damage|p2a: Slowking|55\/100 brn|[from] Salt Cure\n|upkeep\n|turn|24\n|\n|t:|1698700573\n|move|p1a: The Curdled|Salt Cure|p2a: Slowking\n|-damage|p2a: Slowking|40\/100 brn\n|move|p2a: Slowking|Chilly Reception|p2a: Slowking\n|-weather|Snow\n|\n|t:|1698700592\n|switch|p2a: Drapion|Drapion, M|100\/100|[from] Chilly Reception\n|\n|-weather|Snow|[upkeep]\n|-heal|p1a: The Curdled|98\/100|[from] item: Leftovers\n|upkeep\n|turn|25\n|\n|t:|1698700607\n|move|p1a: The Curdled|Protect|p1a: The Curdled\n|-singleturn|p1a: The Curdled|Protect\n|move|p2a: Drapion|Knock Off|p1a: The Curdled\n|-activate|p1a: The Curdled|move: Protect\n|\n|-weather|Snow|[upkeep]\n|-heal|p1a: The Curdled|100\/100|[from] item: Leftovers\n|upkeep\n|turn|26\n|\n|t:|1698700635\n|move|p2a: Drapion|Knock Off|p1a: The Curdled\n|-damage|p1a: The Curdled|80\/100\n|-enditem|p1a: The Curdled|Leftovers|[from] move: Knock Off|[of] p2a: Drapion\n|move|p1a: The Curdled|Salt Cure|p2a: Drapion\n|-damage|p2a: Drapion|91\/100\n|-start|p2a: Drapion|Salt Cure\n|\n|-weather|Snow|[upkeep]\n|-heal|p2a: Drapion|97\/100|[from] item: Leftovers\n|-damage|p2a: Drapion|84\/100|[from] Salt Cure\n|upkeep\n|turn|27\n|\n|t:|1698700648\n|switch|p2a: Slowking|Slowking-Galar, M|73\/100 brn\n|move|p1a: The Curdled|Salt Cure|p2a: Slowking\n|-damage|p2a: Slowking|59\/100 brn\n|-start|p2a: Slowking|Salt Cure\n|\n|-weather|Snow|[upkeep]\n|-damage|p2a: Slowking|53\/100 brn|[from] brn\n|-damage|p2a: Slowking|41\/100 brn|[from] Salt Cure\n|upkeep\n|turn|28\n|\n|t:|1698700659\n|move|p1a: The Curdled|Salt Cure|p2a: Slowking\n|-damage|p2a: Slowking|25\/100 brn\n|move|p2a: Slowking|Chilly Reception|p2a: Slowking\n|\n|t:|1698700666\n|switch|p2a: Nidoking|Nidoking, M|88\/100|[from] Chilly Reception\n|\n|-weather|none\n|upkeep\n|turn|29\n|c|\u2606Bug Maniac Swaggy|ngl i didnt know that still worked\n|\n|t:|1698700688\n|switch|p1a: The Dauntless|Venusaur-Mega, M|41\/100\n|move|p2a: Nidoking|Earth Power|p1a: The Dauntless\n|-damage|p1a: The Dauntless|0 fnt\n|faint|p1a: The Dauntless\n|\n|upkeep\n|\n|t:|1698700694\n|switch|p1a: The Capricious|Greninja, M|100\/100\n|turn|30\n|c|\u2606Halo halo orange|He has fallen\n|\n|t:|1698700729\n|switch|p2a: Drapion|Drapion, M|84\/100\n|move|p1a: The Capricious|Dark Pulse|p2a: Drapion\n|-resisted|p2a: Drapion\n|-damage|p2a: Drapion|57\/100\n|-damage|p1a: The Capricious|91\/100|[from] item: Life Orb\n|\n|-heal|p2a: Drapion|64\/100|[from] item: Leftovers\n|upkeep\n|turn|31\n|\n|t:|1698700750\n|move|p1a: The Capricious|Hydro Pump|p2a: Drapion\n|-damage|p2a: Drapion|0 fnt\n|faint|p2a: Drapion\n|-ability|p1a: The Capricious|Battle Bond|boost\n|-boost|p1a: The Capricious|atk|1\n|-boost|p1a: The Capricious|spa|1\n|-boost|p1a: The Capricious|spe|1\n|-activate|p1a: The Capricious|ability: Battle Bond\n|-damage|p1a: The Capricious|81\/100|[from] item: Life Orb\n|\n|upkeep\n|c|\u2606Bug Maniac Swaggy|time to cook\n|\n|t:|1698700776\n|switch|p2a: Gengar|Gengar, M|100\/100\n|turn|32\n|\n|t:|1698700810\n|move|p1a: The Capricious|Dark Pulse|p2a: Gengar\n|-supereffective|p2a: Gengar\n|-enditem|p2a: Gengar|Focus Sash\n|-damage|p2a: Gengar|1\/100\n|-damage|p1a: The Capricious|71\/100|[from] item: Life Orb\n|move|p2a: Gengar|Dazzling Gleam|p1a: The Capricious\n|-supereffective|p1a: The Capricious\n|-damage|p1a: The Capricious|0 fnt\n|faint|p1a: The Capricious\n|\n|upkeep\n|c|\u2606Bug Maniac Swaggy|aw man\n|c|\u2606Halo halo orange|No flinch today\n|c|\u2606Bug Maniac Swaggy|that flinch was my last hope\n|\n|t:|1698700843\n|switch|p1a: The Deceiver|Aegislash, M|98\/100\n|turn|33\n|c|\u2606Bug Maniac Swaggy|yeah i played pretty badly today lmao\n|\n|t:|1698700871\n|-formechange|p1a: The Deceiver|Aegislash-Blade||[from] ability: Stance Change\n|move|p1a: The Deceiver|Shadow Sneak|p2a: Gengar\n|-supereffective|p2a: Gengar\n|-damage|p2a: Gengar|0 fnt\n|faint|p2a: Gengar\n|-damage|p1a: The Deceiver|88\/100|[from] item: Life Orb\n|\n|upkeep\n|\n|t:|1698700875\n|switch|p2a: Nidoking|Nidoking, M|88\/100\n|turn|34\n|\n|t:|1698700895\n|-formechange|p1a: The Deceiver|Aegislash||[from] ability: Stance Change\n|move|p1a: The Deceiver|King's Shield|p1a: The Deceiver\n|-singleturn|p1a: The Deceiver|Protect\n|move|p2a: Nidoking|Earth Power|p1a: The Deceiver\n|-activate|p1a: The Deceiver|move: Protect\n|\n|upkeep\n|turn|35\n|\n|t:|1698700925\n|move|p2a: Nidoking|Earth Power|p1a: The Deceiver\n|-supereffective|p1a: The Deceiver\n|-damage|p1a: The Deceiver|1\/100\n|-formechange|p1a: The Deceiver|Aegislash-Blade||[from] ability: Stance Change\n|move|p1a: The Deceiver|Iron Head|p2a: Nidoking\n|-damage|p2a: Nidoking|7\/100\n|-damage|p1a: The Deceiver|0 fnt|[from] item: Life Orb\n|faint|p1a: The Deceiver\n|\n|upkeep\n|c|\u2606Bug Maniac Swaggy|ahhhhh\n|c|\u2606Bug Maniac Swaggy|so close\n|\n|t:|1698700937\n|switch|p1a: The Curdled|Garganacl, M|80\/100\n|turn|36\n|\n|t:|1698700967\n|-terastallize|p2a: Nidoking|Ground\n|-terastallize|p1a: The Curdled|Fairy\n|move|p2a: Nidoking|Earth Power|p1a: The Curdled\n|-damage|p1a: The Curdled|29\/100\n|move|p1a: The Curdled|Salt Cure|p2a: Nidoking\n|-resisted|p2a: Nidoking\n|-crit|p2a: Nidoking\n|-damage|p2a: Nidoking|0 fnt\n|faint|p2a: Nidoking\n|\n|upkeep\n|\n|t:|1698700980\n|switch|p2a: Beedrill|Beedrill-Mega, F|100\/100\n|turn|37\n|\n|t:|1698700985\n|switch|p1a: The Savage|Great Tusk|45\/100\n|move|p2a: Beedrill|Poison Jab|p1a: The Savage\n|-resisted|p1a: The Savage\n|-damage|p1a: The Savage|31\/100\n|\n|-heal|p1a: The Savage|37\/100|[from] item: Leftovers\n|upkeep\n|turn|38\n|\n|t:|1698701002\n|move|p2a: Beedrill|U-turn|p1a: The Savage\n|-resisted|p1a: The Savage\n|-damage|p1a: The Savage|25\/100\n|\n|t:|1698701008\n|switch|p2a: Crobat|Crobat, F|84\/100|[from] U-turn\n|move|p1a: The Savage|Knock Off|p2a: Crobat\n|-damage|p2a: Crobat|64\/100\n|\n|-heal|p1a: The Savage|31\/100|[from] item: Leftovers\n|upkeep\n|turn|39\n|\n|t:|1698701013\n|move|p2a: Crobat|Brave Bird|p1a: The Savage\n|-supereffective|p1a: The Savage\n|-damage|p1a: The Savage|0 fnt\n|faint|p1a: The Savage\n|-end|p1a: The Savage|Protosynthesis|[silent]\n|-damage|p2a: Crobat|53\/100|[from] Recoil\n|\n|upkeep\n|\n|t:|1698701015\n|switch|p1a: The Curdled|Garganacl, M, tera:Fairy|29\/100\n|turn|40\n|\n|t:|1698701020\n|move|p2a: Crobat|Brave Bird|p1a: The Curdled\n|-damage|p1a: The Curdled|2\/100\n|-damage|p2a: Crobat|43\/100|[from] Recoil\n|move|p1a: The Curdled|Recover|p1a: The Curdled\n|-heal|p1a: The Curdled|52\/100\n|\n|upkeep\n|turn|41\n|c| Salfy|not surprised tbh\n|c|\u2606Halo halo orange|Sigh\n|c| Salfy|beedrill probably obliterates it anyways tbh\n|\n|t:|1698701091\n|move|p2a: Crobat|U-turn|p1a: The Curdled\n|-resisted|p1a: The Curdled\n|-damage|p1a: The Curdled|47\/100\n|\n|t:|1698701094\n|switch|p2a: Slowking|Slowking-Galar, M|59\/100 brn|[from] U-turn\n|move|p1a: The Curdled|Salt Cure|p2a: Slowking\n|-damage|p2a: Slowking|43\/100 brn\n|-start|p2a: Slowking|Salt Cure\n|\n|-damage|p2a: Slowking|37\/100 brn|[from] brn\n|-damage|p2a: Slowking|25\/100 brn|[from] Salt Cure\n|upkeep\n|turn|42\n|\n|t:|1698701140\n|move|p1a: The Curdled|Recover|p1a: The Curdled\n|-heal|p1a: The Curdled|97\/100\n|move|p2a: Slowking|Chilly Reception|p2a: Slowking\n|-weather|Snow\n|\n|t:|1698701146\n|switch|p2a: Beedrill|Beedrill-Mega, F|100\/100|[from] Chilly Reception\n|\n|-weather|Snow|[upkeep]\n|upkeep\n|turn|43\n|\n|t:|1698701161\n|move|p2a: Beedrill|Poison Jab|p1a: The Curdled\n|-supereffective|p1a: The Curdled\n|-damage|p1a: The Curdled|14\/100\n|move|p1a: The Curdled|Salt Cure|p2a: Beedrill\n|-supereffective|p2a: Beedrill\n|-damage|p2a: Beedrill|30\/100\n|-start|p2a: Beedrill|Salt Cure\n|\n|-weather|Snow|[upkeep]\n|-damage|p2a: Beedrill|17\/100|[from] Salt Cure\n|upkeep\n|turn|44\n|c|\u2606Bug Maniac Swaggy|gg\n|\n|t:|1698701172\n|move|p1a: The Curdled|Protect|p1a: The Curdled\n|-singleturn|p1a: The Curdled|Protect\n|move|p2a: Beedrill|Poison Jab|p1a: The Curdled\n|-activate|p1a: The Curdled|move: Protect\n|\n|-weather|Snow|[upkeep]\n|-damage|p2a: Beedrill|5\/100|[from] Salt Cure\n|upkeep\n|turn|45\n|\n|t:|1698701177\n|move|p1a: The Curdled|Protect||[still]\n|-fail|p1a: The Curdled\n|move|p2a: Beedrill|Poison Jab|p1a: The Curdled\n|-supereffective|p1a: The Curdled\n|-damage|p1a: The Curdled|0 fnt\n|faint|p1a: The Curdled\n|\n|win|Halo halo orange\n|c|\u2606Halo halo orange|Gg\n|l|\u2606Bug Maniac Swaggy\n","uploadtime":1698701182,"views":12,"p1id":"bugmaniacswaggy","p2id":"halohaloorange","formatid":"gen9nationaldexubers","rating":0,"private":0,"password":""}