{"id":"gen9nationaldexubers-1998388093","p1":"Kye_Akashi","p2":"Wiggulous","format":"[Gen 9] National Dex Ubers","log":"|j|\u2606Kye_Akashi\n|j|\u2606Wiggulous\n|t:|1700936706\n|gametype|singles\n|player|p1|Kye_Akashi|1|1110\n|player|p2|Wiggulous|psychic|1198\n|teamsize|p1|6\n|teamsize|p2|6\n|gen|9\n|tier|[Gen 9] National Dex Ubers\n|rated|\n|rule|HP Percentage Mod: HP is shown in percentages\n|rule|Endless Battle Clause: Forcing endless battles is banned\n|rule|OHKO Clause: OHKO moves are banned\n|rule|Evasion Moves Clause: Evasion moves are banned\n|rule|Evasion Items Clause: Evasion items are banned\n|rule|Species Clause: Limit one of each Pok\u00e9mon\n|rule|Sleep Clause Mod: Limit one foe put to sleep\n|rule|Mega Rayquaza Clause: You cannot mega evolve Rayquaza\n|clearpoke\n|poke|p1|Lucario, M|\n|poke|p1|Garchomp, M|\n|poke|p1|Urshifu-*, M|\n|poke|p1|Mimikyu, F|\n|poke|p1|Talonflame, F|\n|poke|p1|Snorlax, M|\n|poke|p2|Mewtwo|\n|poke|p2|Ceruledge, M|\n|poke|p2|Sableye, M|\n|poke|p2|Clodsire, M|\n|poke|p2|Gyarados, F|\n|poke|p2|Cinderace, M|\n|teampreview\n|\n|t:|1700936722\n|start\n|switch|p1a: Snorlax|Snorlax, M|100\/100\n|switch|p2a: Sableye|Sableye, M|100\/100\n|turn|1\n|\n|t:|1700936735\n|detailschange|p2a: Sableye|Sableye-Mega, M\n|-mega|p2a: Sableye|Sableye|Sablenite\n|move|p1a: Snorlax|Curse|p1a: Snorlax\n|-unboost|p1a: Snorlax|spe|1\n|-boost|p1a: Snorlax|atk|1\n|-boost|p1a: Snorlax|def|1\n|move|p2a: Sableye|Will-O-Wisp|p1a: Snorlax\n|-status|p1a: Snorlax|brn\n|\n|-damage|p1a: Snorlax|94\/100 brn|[from] brn\n|upkeep\n|turn|2\n|\n|t:|1700936751\n|move|p2a: Sableye|Knock Off|p1a: Snorlax\n|-crit|p1a: Snorlax\n|-damage|p1a: Snorlax|49\/100 brn\n|-enditem|p1a: Snorlax|Leftovers|[from] move: Knock Off|[of] p2a: Sableye\n|move|p1a: Snorlax|Crunch|p2a: Sableye\n|-damage|p2a: Sableye|81\/100\n|\n|-damage|p1a: Snorlax|43\/100 brn|[from] brn\n|upkeep\n|turn|3\n|\n|t:|1700936761\n|move|p2a: Sableye|Knock Off|p1a: Snorlax\n|-damage|p1a: Snorlax|28\/100 brn\n|move|p1a: Snorlax|Crunch|p2a: Sableye\n|-damage|p2a: Sableye|63\/100\n|\n|-damage|p1a: Snorlax|22\/100 brn|[from] brn\n|upkeep\n|turn|4\n|\n|t:|1700936770\n|move|p2a: Sableye|Recover|p2a: Sableye\n|-heal|p2a: Sableye|100\/100\n|move|p1a: Snorlax|Crunch|p2a: Sableye\n|-damage|p2a: Sableye|84\/100\n|\n|-damage|p1a: Snorlax|16\/100 brn|[from] brn\n|upkeep\n|turn|5\n|\n|t:|1700936792\n|move|p2a: Sableye|Knock Off|p1a: Snorlax\n|-damage|p1a: Snorlax|2\/100 brn\n|move|p1a: Snorlax|Crunch|p2a: Sableye\n|-damage|p2a: Sableye|64\/100\n|\n|-damage|p1a: Snorlax|0 fnt|[from] brn\n|faint|p1a: Snorlax\n|upkeep\n|\n|t:|1700936828\n|switch|p1a: Talonflame|Talonflame, F|100\/100\n|turn|6\n|\n|t:|1700936834\n|move|p1a: Talonflame|Flare Blitz|p2a: Sableye\n|-damage|p2a: Sableye|20\/100\n|-damage|p1a: Talonflame|86\/100|[from] Recoil\n|move|p2a: Sableye|Recover|p2a: Sableye\n|-heal|p2a: Sableye|70\/100\n|\n|upkeep\n|turn|7\n|\n|t:|1700936841\n|move|p1a: Talonflame|Flare Blitz|p2a: Sableye\n|-damage|p2a: Sableye|33\/100\n|-damage|p1a: Talonflame|73\/100|[from] Recoil\n|move|p2a: Sableye|Recover|p2a: Sableye\n|-heal|p2a: Sableye|83\/100\n|\n|upkeep\n|turn|8\n|\n|t:|1700936852\n|move|p1a: Talonflame|Acrobatics|p2a: Sableye\n|-crit|p2a: Sableye\n|-damage|p2a: Sableye|31\/100\n|move|p2a: Sableye|Recover|p2a: Sableye\n|-heal|p2a: Sableye|81\/100\n|\n|upkeep\n|turn|9\n|\n|t:|1700936860\n|move|p1a: Talonflame|Acrobatics|p2a: Sableye\n|-damage|p2a: Sableye|42\/100\n|move|p2a: Sableye|Toxic|p1a: Talonflame\n|-status|p1a: Talonflame|tox\n|\n|-damage|p1a: Talonflame|67\/100 tox|[from] psn\n|upkeep\n|turn|10\n|\n|t:|1700936869\n|move|p1a: Talonflame|Flare Blitz|p2a: Sableye\n|-damage|p2a: Sableye|0 fnt\n|faint|p2a: Sableye\n|-damage|p1a: Talonflame|53\/100 tox|[from] Recoil\n|\n|-damage|p1a: Talonflame|41\/100 tox|[from] psn\n|upkeep\n|\n|t:|1700936886\n|switch|p2a: Gyarados|Gyarados, F|100\/100\n|-ability|p2a: Gyarados|Intimidate|boost\n|-unboost|p1a: Talonflame|atk|1\n|turn|11\n|\n|t:|1700936894\n|move|p1a: Talonflame|Steel Wing|p2a: Gyarados|[miss]\n|-miss|p1a: Talonflame|p2a: Gyarados\n|move|p2a: Gyarados|Dragon Dance|p2a: Gyarados\n|-boost|p2a: Gyarados|atk|1\n|-boost|p2a: Gyarados|spe|1\n|\n|-damage|p1a: Talonflame|23\/100 tox|[from] psn\n|upkeep\n|turn|12\n|\n|t:|1700936903\n|move|p1a: Talonflame|Acrobatics|p2a: Gyarados\n|-damage|p2a: Gyarados|69\/100\n|move|p2a: Gyarados|Dragon Dance|p2a: Gyarados\n|-boost|p2a: Gyarados|atk|1\n|-boost|p2a: Gyarados|spe|1\n|\n|-damage|p1a: Talonflame|0 fnt|[from] psn\n|faint|p1a: Talonflame\n|upkeep\n|\n|t:|1700936915\n|switch|p1a: Mimikyu|Mimikyu, F, shiny|100\/100\n|turn|13\n|\n|t:|1700936919\n|move|p2a: Gyarados|Iron Head|p1a: Mimikyu\n|-activate|p1a: Mimikyu|ability: Disguise\n|-damage|p1a: Mimikyu|100\/100\n|detailschange|p1a: Mimikyu|Mimikyu-Busted, F, shiny\n|-damage|p1a: Mimikyu|88\/100|[from] pokemon: Mimikyu-Busted\n|move|p1a: Mimikyu|Swords Dance|p1a: Mimikyu\n|-boost|p1a: Mimikyu|atk|2\n|\n|upkeep\n|turn|14\n|\n|t:|1700936934\n|move|p1a: Mimikyu|Shadow Sneak|p2a: Gyarados\n|-damage|p2a: Gyarados|33\/100\n|-enditem|p2a: Gyarados|Sitrus Berry|[eat]\n|-heal|p2a: Gyarados|58\/100|[from] item: Sitrus Berry\n|move|p2a: Gyarados|Iron Head|p1a: Mimikyu\n|-supereffective|p1a: Mimikyu\n|-damage|p1a: Mimikyu|0 fnt\n|faint|p1a: Mimikyu\n|\n|upkeep\n|\n|t:|1700936946\n|switch|p1a: Garchomp|Garchomp, M, shiny|100\/100\n|turn|15\n|\n|t:|1700936965\n|move|p2a: Gyarados|Waterfall|p1a: Garchomp\n|-damage|p1a: Garchomp|10\/100\n|-damage|p2a: Gyarados|45\/100|[from] ability: Rough Skin|[of] p1a: Garchomp\n|-damage|p2a: Gyarados|29\/100|[from] item: Rocky Helmet|[of] p1a: Garchomp\n|cant|p1a: Garchomp|flinch\n|\n|upkeep\n|turn|16\n|\n|t:|1700936974\n|move|p2a: Gyarados|Earthquake|p1a: Garchomp\n|-damage|p1a: Garchomp|0 fnt\n|faint|p1a: Garchomp\n|\n|upkeep\n|\n|t:|1700936977\n|switch|p1a: Lucario|Lucario, M|100\/100\n|turn|17\n|\n|t:|1700936981\n|detailschange|p1a: Lucario|Lucario-Mega, M\n|-mega|p1a: Lucario|Lucario|Lucarionite\n|move|p1a: Lucario|Extreme Speed|p2a: Gyarados\n|-damage|p2a: Gyarados|0 fnt\n|faint|p2a: Gyarados\n|\n|upkeep\n|\n|t:|1700936988\n|switch|p2a: Ceruledge|Ceruledge, M|100\/100\n|turn|18\n|\n|t:|1700936998\n|move|p1a: Lucario|Flash Cannon|p2a: Ceruledge\n|-resisted|p2a: Ceruledge\n|-damage|p2a: Ceruledge|67\/100\n|move|p2a: Ceruledge|Swords Dance|p2a: Ceruledge\n|-boost|p2a: Ceruledge|atk|2\n|\n|upkeep\n|turn|19\n|\n|t:|1700937006\n|move|p1a: Lucario|Flash Cannon|p2a: Ceruledge\n|-resisted|p2a: Ceruledge\n|-damage|p2a: Ceruledge|36\/100\n|move|p2a: Ceruledge|Bitter Blade|p1a: Lucario\n|-supereffective|p1a: Lucario\n|-damage|p1a: Lucario|0 fnt\n|-heal|p2a: Ceruledge|84\/100|[from] drain|[of] p1a: Lucario\n|faint|p1a: Lucario\n|\n|upkeep\n|\n|t:|1700937009\n|switch|p1a: Urshifu|Urshifu-Rapid-Strike, M|100\/100\n|turn|20\n|\n|t:|1700937022\n|move|p2a: Ceruledge|Shadow Sneak|p1a: Urshifu\n|-damage|p1a: Urshifu|58\/100\n|move|p1a: Urshifu|Bulk Up|p1a: Urshifu\n|-boost|p1a: Urshifu|atk|1\n|-boost|p1a: Urshifu|def|1\n|\n|upkeep\n|turn|21\n|\n|t:|1700937029\n|move|p2a: Ceruledge|Shadow Sneak|p1a: Urshifu\n|-damage|p1a: Urshifu|31\/100\n|move|p1a: Urshifu|Surging Strikes|p2a: Ceruledge\n|-supereffective|p2a: Ceruledge\n|-crit|p2a: Ceruledge\n|-damage|p2a: Ceruledge|5\/100\n|-ability|p2a: Ceruledge|Weak Armor|boost\n|-unboost|p2a: Ceruledge|def|1\n|-boost|p2a: Ceruledge|spe|2\n|-supereffective|p2a: Ceruledge\n|-crit|p2a: Ceruledge\n|-damage|p2a: Ceruledge|0 fnt\n|faint|p2a: Ceruledge\n|-hitcount|p2: Ceruledge|2\n|\n|upkeep\n|\n|t:|1700937044\n|switch|p2a: Mewtwo|Mewtwo|100\/100\n|-ability|p2a: Mewtwo|Unnerve\n|turn|22\n|\n|t:|1700937051\n|move|p2a: Mewtwo|Psystrike|p1a: Urshifu\n|-supereffective|p1a: Urshifu\n|-damage|p1a: Urshifu|0 fnt\n|faint|p1a: Urshifu\n|\n|win|Wiggulous\n|raw|Kye_Akashi's rating: 1110 &rarr; <strong>1091<\/strong><br \/>(-19 for losing)\n|raw|Wiggulous's rating: 1198 &rarr; <strong>1217<\/strong><br \/>(+19 for winning)\n|l|\u2606Wiggulous\n","uploadtime":1700937064,"views":2,"p1id":"kyeakashi","p2id":"wiggulous","formatid":"gen9nationaldexubers","rating":1091,"private":0,"password":""}