{"id":"gen9nationaldexubers-2000272869","p1":"Smoke2117YT","p2":"doinksmalone","format":"[Gen 9] National Dex Ubers","log":"|j|\u203dSmoke2117YT\n|j|\u2606doinksmalone\n|t:|1701180052\n|gametype|singles\n|player|p1|Smoke2117YT|n|1214\n|player|p2|doinksmalone|giovanni|1193\n|teamsize|p1|6\n|teamsize|p2|6\n|gen|9\n|tier|[Gen 9] National Dex Ubers\n|rated|\n|rule|HP Percentage Mod: HP is shown in percentages\n|rule|Endless Battle Clause: Forcing endless battles is banned\n|rule|OHKO Clause: OHKO moves are banned\n|rule|Evasion Moves Clause: Evasion moves are banned\n|rule|Evasion Items Clause: Evasion items are banned\n|rule|Species Clause: Limit one of each Pok\u00e9mon\n|rule|Sleep Clause Mod: Limit one foe put to sleep\n|rule|Mega Rayquaza Clause: You cannot mega evolve Rayquaza\n|clearpoke\n|poke|p1|Darmanitan-Galar, M|\n|poke|p1|Kingambit, M|\n|poke|p1|Dracovish|\n|poke|p1|Alakazam, M|\n|poke|p1|Roserade, F|\n|poke|p1|Drifblim, F|\n|poke|p2|Mewtwo|\n|poke|p2|Groudon|\n|poke|p2|Kyogre|\n|poke|p2|Dialga|\n|poke|p2|Zekrom|\n|poke|p2|Xerneas-*|\n|teampreview\n|inactive|Battle timer is ON: inactive players will automatically lose when time's up. (requested by Smoke2117YT)\n|\n|t:|1701180069\n|start\n|switch|p1a: Dracovish|Dracovish|100\/100\n|switch|p2a: Kyogre|Kyogre|100\/100\n|-weather|RainDance|[from] ability: Drizzle|[of] p2a: Kyogre\n|turn|1\n|\n|t:|1701180078\n|switch|p2a: Groudon|Groudon|100\/100\n|detailschange|p2a: Groudon|Groudon-Primal\n|-primal|p2a: Groudon|Red Orb\n|-weather|DesolateLand|[from] ability: Desolate Land|[of] p2a: Groudon\n|move|p1a: Dracovish|Fishious Rend||[still]\n|-fail|p1a: Dracovish|Fishious Rend|[from] Desolate Land\n|\n|-weather|DesolateLand|[upkeep]\n|upkeep\n|turn|2\n|\n|t:|1701180087\n|switch|p1a: Drifblim|Drifblim, F|100\/100\n|move|p2a: Groudon|Swords Dance|p2a: Groudon\n|-boost|p2a: Groudon|atk|2\n|\n|-weather|DesolateLand|[upkeep]\n|upkeep\n|turn|3\n|\n|t:|1701180098\n|move|p2a: Groudon|Heat Crash|p1a: Drifblim\n|-damage|p1a: Drifblim|0 fnt\n|faint|p1a: Drifblim\n|\n|-weather|DesolateLand|[upkeep]\n|upkeep\n|\n|t:|1701180104\n|switch|p1a: Darmanitan|Darmanitan-Galar, M|100\/100\n|turn|4\n|\n|t:|1701180109\n|move|p1a: Darmanitan|Earthquake|p2a: Groudon\n|-supereffective|p2a: Groudon\n|-damage|p2a: Groudon|0 fnt\n|faint|p2a: Groudon\n|-weather|none\n|\n|upkeep\n|\n|t:|1701180118\n|switch|p2a: Mewtwo|Mewtwo|100\/100\n|-ability|p2a: Mewtwo|Pressure\n|turn|5\n|\n|t:|1701180123\n|detailschange|p2a: Mewtwo|Mewtwo-Mega-X\n|-mega|p2a: Mewtwo|Mewtwo|Mewtwonite X\n|move|p1a: Darmanitan|Earthquake|p2a: Mewtwo\n|-damage|p2a: Mewtwo|26\/100\n|move|p2a: Mewtwo|Drain Punch|p1a: Darmanitan\n|-supereffective|p1a: Darmanitan\n|-damage|p1a: Darmanitan|0 fnt\n|-heal|p2a: Mewtwo|69\/100|[from] drain|[of] p1a: Darmanitan\n|faint|p1a: Darmanitan\n|\n|upkeep\n|\n|t:|1701180128\n|switch|p1a: Dracovish|Dracovish|100\/100\n|turn|6\n|\n|t:|1701180138\n|move|p1a: Dracovish|Fishious Rend|p2a: Mewtwo\n|-damage|p2a: Mewtwo|0 fnt\n|faint|p2a: Mewtwo\n|\n|upkeep\n|\n|t:|1701180141\n|switch|p2a: Kyogre|Kyogre|100\/100\n|-weather|RainDance|[from] ability: Drizzle|[of] p2a: Kyogre\n|turn|7\n|\n|t:|1701180144\n|move|p2a: Kyogre|Thunder|p1a: Dracovish\n|-damage|p1a: Dracovish|46\/100\n|move|p1a: Dracovish|Fishious Rend|p2a: Kyogre\n|-resisted|p2a: Kyogre\n|-damage|p2a: Kyogre|61\/100\n|\n|-weather|RainDance|[upkeep]\n|upkeep\n|turn|8\n|\n|t:|1701180149\n|switch|p1a: Roserade|Roserade, F|100\/100\n|move|p2a: Kyogre|Thunder|p1a: Roserade\n|-resisted|p1a: Roserade\n|-damage|p1a: Roserade|70\/100\n|\n|-weather|RainDance|[upkeep]\n|-heal|p1a: Roserade|76\/100|[from] item: Leftovers\n|upkeep\n|turn|9\n|\n|t:|1701180154\n|switch|p2a: Dialga|Dialga|100\/100\n|-ability|p2a: Dialga|Pressure\n|move|p1a: Roserade|Synthesis|p1a: Roserade\n|-heal|p1a: Roserade|100\/100\n|\n|-weather|RainDance|[upkeep]\n|upkeep\n|turn|10\n|\n|t:|1701180164\n|switch|p1a: Dracovish|Dracovish|46\/100\n|move|p2a: Dialga|Thunder Wave|p1a: Dracovish\n|-status|p1a: Dracovish|par\n|\n|-weather|RainDance|[upkeep]\n|upkeep\n|turn|11\n|c|\u2606doinksmalone|boom\n|\n|t:|1701180179\n|move|p2a: Dialga|Draco Meteor|p1a: Dracovish\n|-supereffective|p1a: Dracovish\n|-damage|p1a: Dracovish|0 fnt\n|-unboost|p2a: Dialga|spa|2\n|faint|p1a: Dracovish\n|\n|-weather|none\n|upkeep\n|\n|t:|1701180184\n|switch|p1a: Kingambit|Kingambit, M|100\/100\n|-activate|p1a: Kingambit|ability: Supreme Overlord\n|-start|p1a: Kingambit|fallen3|[silent]\n|turn|12\n|\n|t:|1701180189\n|switch|p2a: Kyogre|Kyogre|61\/100\n|-weather|RainDance|[from] ability: Drizzle|[of] p2a: Kyogre\n|move|p1a: Kingambit|Swords Dance|p1a: Kingambit\n|-boost|p1a: Kingambit|atk|2\n|\n|-weather|RainDance|[upkeep]\n|upkeep\n|turn|13\n|\n|t:|1701180197\n|move|p1a: Kingambit|Sucker Punch|p2a: Kyogre\n|-damage|p2a: Kyogre|0 fnt\n|faint|p2a: Kyogre\n|\n|-weather|RainDance|[upkeep]\n|upkeep\n|\n|t:|1701180209\n|switch|p2a: Xerneas|Xerneas|100\/100\n|-ability|p2a: Xerneas|Fairy Aura\n|turn|14\n|\n|t:|1701180213\n|-terastallize|p2a: Xerneas|Steel\n|move|p2a: Xerneas|Moonblast|p1a: Kingambit\n|-damage|p1a: Kingambit|36\/100\n|move|p1a: Kingambit|Iron Head|p2a: Xerneas\n|-resisted|p2a: Xerneas\n|-damage|p2a: Xerneas|53\/100\n|\n|-weather|RainDance|[upkeep]\n|-heal|p1a: Kingambit|42\/100|[from] item: Leftovers\n|upkeep\n|turn|15\n|\n|t:|1701180220\n|move|p1a: Kingambit|Sucker Punch||[still]\n|-fail|p1a: Kingambit\n|move|p2a: Xerneas|Geomancy||[still]\n|-prepare|p2a: Xerneas|Geomancy\n|-enditem|p2a: Xerneas|Power Herb\n|-anim|p2a: Xerneas|Geomancy|p2a: Xerneas\n|-boost|p2a: Xerneas|spa|2\n|-boost|p2a: Xerneas|spd|2\n|-boost|p2a: Xerneas|spe|2\n|\n|-weather|RainDance|[upkeep]\n|-heal|p1a: Kingambit|48\/100|[from] item: Leftovers\n|upkeep\n|turn|16\n|\n|t:|1701180224\n|move|p1a: Kingambit|Sucker Punch|p2a: Xerneas\n|-damage|p2a: Xerneas|0 fnt\n|faint|p2a: Xerneas\n|\n|-weather|none\n|-heal|p1a: Kingambit|54\/100|[from] item: Leftovers\n|upkeep\n|\n|t:|1701180227\n|switch|p2a: Zekrom|Zekrom|100\/100\n|-ability|p2a: Zekrom|Teravolt\n|turn|17\n|\n|t:|1701180234\n|move|p2a: Zekrom|Fusion Bolt|p1a: Kingambit\n|-damage|p1a: Kingambit|10\/100\n|move|p1a: Kingambit|Kowtow Cleave|p2a: Zekrom\n|-damage|p2a: Zekrom|0 fnt\n|faint|p2a: Zekrom\n|\n|-heal|p1a: Kingambit|17\/100|[from] item: Leftovers\n|upkeep\n|\n|t:|1701180240\n|switch|p2a: Dialga|Dialga|100\/100\n|-ability|p2a: Dialga|Pressure\n|turn|18\n|\n|t:|1701180244\n|-terastallize|p1a: Kingambit|Dark\n|move|p1a: Kingambit|Sucker Punch||[still]\n|-fail|p1a: Kingambit\n|move|p2a: Dialga|Thunder Wave|p1a: Kingambit\n|-status|p1a: Kingambit|par\n|\n|-heal|p1a: Kingambit|23\/100 par|[from] item: Leftovers\n|upkeep\n|turn|19\n|\n|t:|1701180251\n|move|p1a: Kingambit|Sucker Punch|p2a: Dialga\n|-damage|p2a: Dialga|0 fnt\n|faint|p2a: Dialga\n|\n|win|Smoke2117YT\n|raw|Smoke2117YT's rating: 1214 &rarr; <strong>1237<\/strong><br \/>(+23 for winning)\n|raw|doinksmalone's rating: 1193 &rarr; <strong>1170<\/strong><br \/>(-23 for losing)\n|l|\u2606doinksmalone\n","uploadtime":1701180256,"views":2,"p1id":"smoke2117yt","p2id":"doinksmalone","formatid":"gen9nationaldexubers","rating":1170,"private":0,"password":""}