{"id":"gen9nationaldexubers-1987617253","p1":"TyJoshandJarod","p2":"JustMonika_CARR","format":"[Gen 9] National Dex Ubers","log":"|j|\u2606TyJoshandJarod\n|j|\u2606JustMonika_CARR\n|t:|1699620133\n|gametype|singles\n|player|p1|TyJoshandJarod|dawn-gen4pt|1361\n|player|p2|JustMonika_CARR|rosa|1539\n|teamsize|p1|6\n|teamsize|p2|6\n|gen|9\n|tier|[Gen 9] National Dex Ubers\n|rated|\n|rule|HP Percentage Mod: HP is shown in percentages\n|rule|Endless Battle Clause: Forcing endless battles is banned\n|rule|OHKO Clause: OHKO moves are banned\n|rule|Evasion Moves Clause: Evasion moves are banned\n|rule|Evasion Items Clause: Evasion items are banned\n|rule|Species Clause: Limit one of each Pok\u00e9mon\n|rule|Sleep Clause Mod: Limit one foe put to sleep\n|rule|Mega Rayquaza Clause: You cannot mega evolve Rayquaza\n|clearpoke\n|poke|p1|Kyogre|\n|poke|p1|Xerneas-*|\n|poke|p1|Shuckle, F|\n|poke|p1|Arceus|\n|poke|p1|Ho-Oh|\n|poke|p1|Groudon|\n|poke|p2|Marshadow|\n|poke|p2|Aerodactyl, M|\n|poke|p2|Arceus|\n|poke|p2|Forretress, F|\n|poke|p2|Pheromosa|\n|poke|p2|Necrozma-Dawn-Wings|\n|teampreview\n|\n|t:|1699620140\n|start\n|switch|p1a: Groudon|Groudon|100\/100\n|switch|p2a: Aerodactyl|Aerodactyl, M, shiny|100\/100\n|detailschange|p1a: Groudon|Groudon-Primal\n|-primal|p1a: Groudon|Red Orb\n|-weather|DesolateLand|[from] ability: Desolate Land|[of] p1a: Groudon\n|turn|1\n|\n|t:|1699620154\n|detailschange|p2a: Aerodactyl|Aerodactyl-Mega, M, shiny\n|-mega|p2a: Aerodactyl|Aerodactyl|Aerodactylite\n|move|p2a: Aerodactyl|Hone Claws|p2a: Aerodactyl\n|-boost|p2a: Aerodactyl|atk|1\n|-boost|p2a: Aerodactyl|accuracy|1\n|move|p1a: Groudon|Thunder Punch|p2a: Aerodactyl\n|-supereffective|p2a: Aerodactyl\n|-damage|p2a: Aerodactyl|19\/100\n|\n|-weather|DesolateLand|[upkeep]\n|upkeep\n|turn|2\n|\n|t:|1699620165\n|move|p2a: Aerodactyl|Stone Edge|p1a: Groudon\n|-damage|p1a: Groudon|43\/100\n|move|p1a: Groudon|Thunder Punch|p2a: Aerodactyl\n|-supereffective|p2a: Aerodactyl\n|-damage|p2a: Aerodactyl|0 fnt\n|faint|p2a: Aerodactyl\n|\n|-weather|DesolateLand|[upkeep]\n|upkeep\n|\n|t:|1699620186\n|switch|p2a: Forretress|Forretress, F, shiny|100\/100\n|turn|3\n|\n|t:|1699620204\n|move|p1a: Groudon|Fire Punch|p2a: Forretress\n|-supereffective|p2a: Forretress\n|-ability|p2a: Forretress|Sturdy\n|-damage|p2a: Forretress|1\/100\n|-enditem|p2a: Forretress|Red Card|[of] p1a: Groudon\n|-weather|none\n|drag|p1a: Kyogre|Kyogre|100\/100\n|detailschange|p1a: Kyogre|Kyogre-Primal\n|-primal|p1a: Kyogre|Blue Orb\n|-weather|PrimordialSea|[from] ability: Primordial Sea|[of] p1a: Kyogre\n|move|p2a: Forretress|Toxic Spikes|p1a: Kyogre\n|-sidestart|p1: TyJoshandJarod|move: Toxic Spikes\n|\n|-weather|PrimordialSea|[upkeep]\n|upkeep\n|turn|4\n|\n|t:|1699620218\n|move|p1a: Kyogre|Water Spout|p2a: Forretress\n|-damage|p2a: Forretress|0 fnt\n|faint|p2a: Forretress\n|\n|-weather|PrimordialSea|[upkeep]\n|upkeep\n|\n|t:|1699620239\n|switch|p2a: Pheromosa|Pheromosa, shiny|100\/100\n|turn|5\n|\n|t:|1699620249\n|move|p2a: Pheromosa|Close Combat|p1a: Kyogre\n|-damage|p1a: Kyogre|29\/100\n|-unboost|p2a: Pheromosa|def|1\n|-unboost|p2a: Pheromosa|spd|1\n|move|p1a: Kyogre|Origin Pulse|p2a: Pheromosa|[miss]\n|-miss|p1a: Kyogre|p2a: Pheromosa\n|\n|-weather|PrimordialSea|[upkeep]\n|upkeep\n|turn|6\n|\n|t:|1699620260\n|-weather|none\n|switch|p1a: Ho-Oh|Ho-Oh|100\/100\n|move|p2a: Pheromosa|Close Combat|p1a: Ho-Oh\n|-resisted|p1a: Ho-Oh\n|-damage|p1a: Ho-Oh|76\/100\n|-unboost|p2a: Pheromosa|def|1\n|-unboost|p2a: Pheromosa|spd|1\n|\n|upkeep\n|turn|7\n|\n|t:|1699620272\n|move|p2a: Pheromosa|Ice Beam|p1a: Ho-Oh\n|-damage|p1a: Ho-Oh|59\/100\n|move|p1a: Ho-Oh|Sacred Fire|p2a: Pheromosa\n|-supereffective|p2a: Pheromosa\n|-enditem|p2a: Pheromosa|Focus Sash\n|-damage|p2a: Pheromosa|1\/100\n|\n|upkeep\n|turn|8\n|\n|t:|1699620281\n|move|p2a: Pheromosa|Ice Beam|p1a: Ho-Oh\n|-damage|p1a: Ho-Oh|44\/100\n|move|p1a: Ho-Oh|Sacred Fire|p2a: Pheromosa\n|-supereffective|p2a: Pheromosa\n|-damage|p2a: Pheromosa|0 fnt\n|faint|p2a: Pheromosa\n|\n|upkeep\n|\n|t:|1699620301\n|switch|p2a: Arceus|Arceus|100\/100\n|turn|9\n|\n|t:|1699620318\n|switch|p1a: Arceus|Arceus|100\/100\n|-status|p1a: Arceus|psn\n|move|p2a: Arceus|Cosmic Power|p2a: Arceus\n|-boost|p2a: Arceus|def|1\n|-boost|p2a: Arceus|spd|1\n|\n|-damage|p1a: Arceus|88\/100 psn|[from] psn\n|upkeep\n|turn|10\n|\n|t:|1699620328\n|move|p1a: Arceus|Extreme Speed|p2a: Arceus\n|-damage|p2a: Arceus|79\/100\n|-damage|p1a: Arceus|78\/100 psn|[from] item: Life Orb\n|move|p2a: Arceus|Cosmic Power|p2a: Arceus\n|-boost|p2a: Arceus|def|1\n|-boost|p2a: Arceus|spd|1\n|\n|-damage|p1a: Arceus|66\/100 psn|[from] psn\n|upkeep\n|turn|11\n|\n|t:|1699620338\n|move|p1a: Arceus|Extreme Speed|p2a: Arceus\n|-damage|p2a: Arceus|62\/100\n|-damage|p1a: Arceus|56\/100 psn|[from] item: Life Orb\n|move|p2a: Arceus|Cosmic Power|p2a: Arceus\n|-boost|p2a: Arceus|def|1\n|-boost|p2a: Arceus|spd|1\n|\n|-damage|p1a: Arceus|44\/100 psn|[from] psn\n|upkeep\n|turn|12\n|\n|t:|1699620348\n|move|p1a: Arceus|Swords Dance|p1a: Arceus\n|-boost|p1a: Arceus|atk|2\n|move|p2a: Arceus|Cosmic Power|p2a: Arceus\n|-boost|p2a: Arceus|def|1\n|-boost|p2a: Arceus|spd|1\n|\n|-damage|p1a: Arceus|31\/100 psn|[from] psn\n|upkeep\n|turn|13\n|\n|t:|1699620360\n|move|p1a: Arceus|Extreme Speed|p2a: Arceus\n|-damage|p2a: Arceus|39\/100\n|-damage|p1a: Arceus|21\/100 psn|[from] item: Life Orb\n|move|p2a: Arceus|Cosmic Power|p2a: Arceus\n|-boost|p2a: Arceus|def|1\n|-boost|p2a: Arceus|spd|1\n|\n|-damage|p1a: Arceus|9\/100 psn|[from] psn\n|upkeep\n|turn|14\n|\n|t:|1699620370\n|move|p1a: Arceus|Extreme Speed|p2a: Arceus\n|-damage|p2a: Arceus|20\/100\n|-damage|p1a: Arceus|0 fnt|[from] item: Life Orb\n|faint|p1a: Arceus\n|move|p2a: Arceus|Rest|p2a: Arceus\n|-status|p2a: Arceus|slp|[from] move: Rest\n|-heal|p2a: Arceus|100\/100 slp|[silent]\n|-enditem|p2a: Arceus|Chesto Berry|[eat]\n|-curestatus|p2a: Arceus|slp|[msg]\n|\n|upkeep\n|\n|t:|1699620379\n|switch|p1a: Shuckle|Shuckle, F, shiny|100\/100\n|-status|p1a: Shuckle|psn\n|turn|15\n|\n|t:|1699620390\n|move|p2a: Arceus|Whirlpool|p1a: Shuckle\n|-supereffective|p1a: Shuckle\n|-damage|p1a: Shuckle|90\/100 psn\n|-activate|p1a: Shuckle|move: Whirlpool|[of] p2a: Arceus\n|move|p1a: Shuckle|Encore|p2a: Arceus\n|-start|p2a: Arceus|Encore\n|\n|-heal|p1a: Shuckle|96\/100 psn|[from] item: Leftovers\n|-damage|p1a: Shuckle|84\/100 psn|[from] psn\n|-damage|p1a: Shuckle|71\/100 psn|[from] move: Whirlpool|[partiallytrapped]\n|upkeep\n|turn|16\n|\n|t:|1699620403\n|move|p2a: Arceus|Whirlpool|p1a: Shuckle\n|-supereffective|p1a: Shuckle\n|-damage|p1a: Shuckle|61\/100 psn\n|move|p1a: Shuckle|Final Gambit|p2a: Arceus\n|-damage|p2a: Arceus|65\/100\n|faint|p1a: Shuckle\n|\n|upkeep\n|\n|t:|1699620409\n|switch|p1a: Xerneas|Xerneas|100\/100\n|-status|p1a: Xerneas|psn\n|-ability|p1a: Xerneas|Fairy Aura\n|turn|17\n|\n|t:|1699620417\n|move|p2a: Arceus|Whirlpool|p1a: Xerneas\n|-damage|p1a: Xerneas|92\/100 psn\n|-activate|p1a: Xerneas|move: Whirlpool|[of] p2a: Arceus\n|move|p1a: Xerneas|Geomancy||[still]\n|-prepare|p1a: Xerneas|Geomancy\n|-enditem|p1a: Xerneas|Power Herb\n|-anim|p1a: Xerneas|Geomancy|p1a: Xerneas\n|-boost|p1a: Xerneas|spa|2\n|-boost|p1a: Xerneas|spd|2\n|-boost|p1a: Xerneas|spe|2\n|\n|-damage|p1a: Xerneas|80\/100 psn|[from] psn\n|-damage|p1a: Xerneas|68\/100 psn|[from] move: Whirlpool|[partiallytrapped]\n|upkeep\n|turn|18\n|\n|t:|1699620430\n|move|p1a: Xerneas|Moonblast|p2a: Arceus\n|-damage|p2a: Arceus|42\/100\n|move|p2a: Arceus|Whirlpool|p1a: Xerneas\n|-damage|p1a: Xerneas|63\/100 psn\n|\n|-damage|p1a: Xerneas|51\/100 psn|[from] psn\n|-damage|p1a: Xerneas|38\/100 psn|[from] move: Whirlpool|[partiallytrapped]\n|-end|p2a: Arceus|Encore\n|upkeep\n|turn|19\n|\n|t:|1699620441\n|move|p1a: Xerneas|Moonblast|p2a: Arceus\n|-damage|p2a: Arceus|17\/100\n|move|p2a: Arceus|Rest|p2a: Arceus\n|-status|p2a: Arceus|slp|[from] move: Rest\n|-heal|p2a: Arceus|100\/100 slp|[silent]\n|\n|-damage|p1a: Xerneas|26\/100 psn|[from] psn\n|-damage|p1a: Xerneas|14\/100 psn|[from] move: Whirlpool|[partiallytrapped]\n|upkeep\n|turn|20\n|\n|t:|1699620452\n|move|p1a: Xerneas|Moonblast|p2a: Arceus\n|-damage|p2a: Arceus|76\/100 slp\n|-unboost|p2a: Arceus|spa|1\n|cant|p2a: Arceus|slp\n|\n|-damage|p1a: Xerneas|1\/100 psn|[from] psn\n|-damage|p1a: Xerneas|0 fnt|[from] move: Whirlpool|[partiallytrapped]\n|faint|p1a: Xerneas\n|upkeep\n|-message|TyJoshandJarod forfeited.\n|\n|win|JustMonika_CARR\n|raw|TyJoshandJarod's rating: 1361 &rarr; <strong>1350<\/strong><br \/>(-11 for losing)\n|raw|JustMonika_CARR's rating: 1539 &rarr; <strong>1550<\/strong><br \/>(+11 for winning)\n|l|\u2606TyJoshandJarod\n","uploadtime":1699620472,"views":4,"p1id":"tyjoshandjarod","p2id":"justmonikacarr","formatid":"gen9nationaldexubers","rating":1350,"private":0,"password":""}