{"id":"gen9nationaldexubers-1993241893","p1":"Are En Gee","p2":"AttackOnGargaNaCl","format":"[Gen 9] National Dex Ubers","log":"|j|\u2606Are En Gee\n|j|\u2606AttackOnGargaNaCl\n|t:|1700282958\n|gametype|singles\n|player|p1|Are En Gee|zinnia|1697\n|player|p2|AttackOnGargaNaCl|266|1579\n|teamsize|p1|6\n|teamsize|p2|6\n|gen|9\n|tier|[Gen 9] National Dex Ubers\n|rated|\n|rule|HP Percentage Mod: HP is shown in percentages\n|rule|Endless Battle Clause: Forcing endless battles is banned\n|rule|OHKO Clause: OHKO moves are banned\n|rule|Evasion Moves Clause: Evasion moves are banned\n|rule|Evasion Items Clause: Evasion items are banned\n|rule|Species Clause: Limit one of each Pok\u00e9mon\n|rule|Sleep Clause Mod: Limit one foe put to sleep\n|rule|Mega Rayquaza Clause: You cannot mega evolve Rayquaza\n|clearpoke\n|poke|p1|Zygarde|\n|poke|p1|Arceus-Water|\n|poke|p1|Scizor, M|\n|poke|p1|Ferrothorn, M|\n|poke|p1|Ho-Oh|\n|poke|p1|Ditto|\n|poke|p2|Arceus|\n|poke|p2|Zacian-*|\n|poke|p2|Xerneas-*|\n|poke|p2|Ho-Oh|\n|poke|p2|Shaymin-Sky|\n|poke|p2|Yveltal|\n|teampreview\n|inactive|Battle timer is ON: inactive players will automatically lose when time's up. (requested by AttackOnGargaNaCl)\n|\n|t:|1700282976\n|start\n|switch|p1a: Ho-Oh|Ho-Oh|100\/100\n|switch|p2a: Yveltal|Yveltal|100\/100\n|-ability|p2a: Yveltal|Dark Aura\n|turn|1\n|\n|t:|1700282980\n|move|p2a: Yveltal|Dark Pulse|p1a: Ho-Oh\n|-damage|p1a: Ho-Oh|61\/100\n|-damage|p2a: Yveltal|91\/100|[from] item: Life Orb\n|move|p1a: Ho-Oh|Toxic|p2a: Yveltal|[miss]\n|-miss|p1a: Ho-Oh|p2a: Yveltal\n|\n|upkeep\n|turn|2\n|\n|t:|1700282985\n|move|p2a: Yveltal|Dark Pulse|p1a: Ho-Oh\n|-damage|p1a: Ho-Oh|18\/100\n|-damage|p2a: Yveltal|81\/100|[from] item: Life Orb\n|cant|p1a: Ho-Oh|flinch\n|\n|upkeep\n|turn|3\n|\n|t:|1700282992\n|switch|p1a: Arceus|Arceus-Water|100\/100\n|move|p2a: Yveltal|Dark Pulse|p1a: Arceus\n|-damage|p1a: Arceus|52\/100\n|-damage|p2a: Yveltal|71\/100|[from] item: Life Orb\n|\n|upkeep\n|turn|4\n|\n|t:|1700282995\n|-terastallize|p1a: Arceus|Fairy\n|move|p2a: Yveltal|Dark Pulse|p1a: Arceus\n|-resisted|p1a: Arceus\n|-damage|p1a: Arceus|25\/100\n|-damage|p2a: Yveltal|61\/100|[from] item: Life Orb\n|cant|p1a: Arceus|flinch\n|\n|upkeep\n|turn|5\n|\n|t:|1700283002\n|move|p2a: Yveltal|Oblivion Wing|p1a: Arceus\n|-damage|p1a: Arceus|0 fnt\n|-heal|p2a: Yveltal|82\/100|[from] drain|[of] p1a: Arceus\n|faint|p1a: Arceus\n|-damage|p2a: Yveltal|72\/100|[from] item: Life Orb\n|\n|upkeep\n|c|\u2606AttackOnGargaNaCl|gg\n|c|\u2606Are En Gee|lol\n|\n|t:|1700283010\n|switch|p1a: Scizor|Scizor, M|100\/100\n|turn|6\n|\n|t:|1700283013\n|detailschange|p1a: Scizor|Scizor-Mega, M\n|-mega|p1a: Scizor|Scizor|Scizorite\n|move|p2a: Yveltal|Dark Pulse|p1a: Scizor\n|-damage|p1a: Scizor|23\/100\n|-damage|p2a: Yveltal|62\/100|[from] item: Life Orb\n|move|p1a: Scizor|U-turn|p2a: Yveltal\n|-damage|p2a: Yveltal|24\/100\n|\n|t:|1700283016\n|switch|p1a: Ditto|Ditto|100\/100|[from] U-turn\n|-transform|p1a: Ditto|p2a: Yveltal|[from] ability: Imposter\n|-ability|p1a: Ditto|Dark Aura\n|\n|upkeep\n|turn|7\n|\n|t:|1700283021\n|move|p1a: Ditto|Oblivion Wing|p2a: Yveltal\n|-damage|p2a: Yveltal|0 fnt\n|faint|p2a: Yveltal\n|\n|upkeep\n|\n|t:|1700283024\n|switch|p2a: Zacian|Zacian-Crowned|100\/100\n|-ability|p2a: Zacian|Intrepid Sword|boost\n|-boost|p2a: Zacian|atk|1\n|turn|8\n|\n|t:|1700283028\n|switch|p1a: Scizor|Scizor-Mega, M|23\/100\n|move|p2a: Zacian|Wild Charge|p1a: Scizor\n|-damage|p1a: Scizor|0 fnt\n|faint|p1a: Scizor\n|-damage|p2a: Zacian|94\/100|[from] Recoil\n|\n|upkeep\n|\n|t:|1700283033\n|switch|p1a: Ditto|Ditto|100\/100\n|-transform|p1a: Ditto|p2a: Zacian|[from] ability: Imposter\n|-ability|p1a: Ditto|Intrepid Sword|boost\n|-boost|p1a: Ditto|atk|1\n|turn|9\n|\n|t:|1700283036\n|switch|p2a: Ho-Oh|Ho-Oh|100\/100\n|move|p1a: Ditto|Behemoth Blade|p2a: Ho-Oh\n|-resisted|p2a: Ho-Oh\n|-crit|p2a: Ho-Oh\n|-damage|p2a: Ho-Oh|40\/100\n|\n|upkeep\n|turn|10\n|\n|t:|1700283040\n|move|p1a: Ditto|Behemoth Blade|p2a: Ho-Oh\n|-resisted|p2a: Ho-Oh\n|-crit|p2a: Ho-Oh\n|-damage|p2a: Ho-Oh|0 fnt\n|faint|p2a: Ho-Oh\n|\n|upkeep\n|c|\u2606Are En Gee|gg\n|j| Dregone\n|\n|t:|1700283049\n|switch|p2a: Shaymin|Shaymin-Sky|100\/100\n|turn|11\n|\n|t:|1700283054\n|-terastallize|p2a: Shaymin|Steel\n|move|p1a: Ditto|Behemoth Blade|p2a: Shaymin\n|-resisted|p2a: Shaymin\n|-damage|p2a: Shaymin|21\/100\n|move|p2a: Shaymin|Earth Power|p1a: Ditto\n|-supereffective|p1a: Ditto\n|-damage|p1a: Ditto|39\/100\n|\n|-heal|p2a: Shaymin|27\/100|[from] item: Leftovers\n|upkeep\n|turn|12\n|\n|t:|1700283070\n|move|p1a: Ditto|Behemoth Blade|p2a: Shaymin\n|-resisted|p2a: Shaymin\n|-damage|p2a: Shaymin|0 fnt\n|faint|p2a: Shaymin\n|\n|upkeep\n|\n|t:|1700283075\n|switch|p2a: Zacian|Zacian-Crowned|94\/100\n|turn|13\n|\n|t:|1700283078\n|move|p1a: Ditto|Behemoth Blade|p2a: Zacian\n|-damage|p2a: Zacian|0 fnt\n|faint|p2a: Zacian\n|\n|upkeep\n|\n|t:|1700283095\n|switch|p2a: Xerneas|Xerneas|100\/100\n|-ability|p2a: Xerneas|Fairy Aura\n|turn|14\n|\n|t:|1700283098\n|switch|p1a: Ferrothorn|Ferrothorn, M|100\/100\n|move|p2a: Xerneas|Substitute|p2a: Xerneas\n|-start|p2a: Xerneas|Substitute\n|-damage|p2a: Xerneas|76\/100\n|\n|upkeep\n|turn|15\n|\n|t:|1700283102\n|move|p2a: Xerneas|Geomancy||[still]\n|-prepare|p2a: Xerneas|Geomancy\n|-enditem|p2a: Xerneas|Power Herb\n|-anim|p2a: Xerneas|Geomancy|p2a: Xerneas\n|-boost|p2a: Xerneas|spa|2\n|-boost|p2a: Xerneas|spd|2\n|-boost|p2a: Xerneas|spe|2\n|move|p1a: Ferrothorn|Gyro Ball|p2a: Xerneas\n|-supereffective|p2a: Xerneas\n|-end|p2a: Xerneas|Substitute\n|\n|upkeep\n|turn|16\n|\n|t:|1700283107\n|move|p2a: Xerneas|Thunderbolt|p1a: Ferrothorn\n|-resisted|p1a: Ferrothorn\n|-damage|p1a: Ferrothorn|80\/100\n|move|p1a: Ferrothorn|Gyro Ball|p2a: Xerneas\n|-supereffective|p2a: Xerneas\n|-damage|p2a: Xerneas|0 fnt\n|faint|p2a: Xerneas\n|\n|-heal|p1a: Ferrothorn|86\/100|[from] item: Leftovers\n|upkeep\n|\n|t:|1700283109\n|switch|p2a: Arceus|Arceus|100\/100\n|turn|17\n|\n|t:|1700283112\n|move|p2a: Arceus|Swords Dance|p2a: Arceus\n|-boost|p2a: Arceus|atk|2\n|move|p1a: Ferrothorn|Toxic|p2a: Arceus\n|-status|p2a: Arceus|tox\n|\n|-heal|p1a: Ferrothorn|92\/100|[from] item: Leftovers\n|-damage|p2a: Arceus|94\/100 tox|[from] psn\n|upkeep\n|turn|18\n|\n|t:|1700283117\n|move|p2a: Arceus|Swords Dance|p2a: Arceus\n|-boost|p2a: Arceus|atk|2\n|move|p1a: Ferrothorn|Gyro Ball|p2a: Arceus\n|-damage|p2a: Arceus|60\/100 tox\n|\n|-heal|p1a: Ferrothorn|99\/100|[from] item: Leftovers\n|-damage|p2a: Arceus|48\/100 tox|[from] psn\n|upkeep\n|turn|19\n|\n|t:|1700283119\n|move|p2a: Arceus|Recover|p2a: Arceus\n|-heal|p2a: Arceus|98\/100 tox\n|move|p1a: Ferrothorn|Gyro Ball|p2a: Arceus\n|-damage|p2a: Arceus|65\/100 tox\n|\n|-heal|p1a: Ferrothorn|100\/100|[from] item: Leftovers\n|-damage|p2a: Arceus|47\/100 tox|[from] psn\n|upkeep\n|turn|20\n|\n|t:|1700283122\n|move|p2a: Arceus|Extreme Speed|p1a: Ferrothorn\n|-resisted|p1a: Ferrothorn\n|-damage|p1a: Ferrothorn|39\/100\n|-damage|p2a: Arceus|35\/100 tox|[from] ability: Iron Barbs|[of] p1a: Ferrothorn\n|move|p1a: Ferrothorn|Gyro Ball|p2a: Arceus\n|-damage|p2a: Arceus|0 fnt\n|faint|p2a: Arceus\n|\n|win|Are En Gee\n|raw|Are En Gee's rating: 1697 &rarr; <strong>1710<\/strong><br \/>(+13 for winning)\n|raw|AttackOnGargaNaCl's rating: 1579 &rarr; <strong>1566<\/strong><br \/>(-13 for losing)\n","uploadtime":1700283126,"views":13,"p1id":"areengee","p2id":"attackongarganacl","formatid":"gen9nationaldexubers","rating":1566,"private":0,"password":""}