{"id":"gen9nationaldexubers-1991622198","p1":"raytsun","p2":"Justasilly","format":"[Gen 9] National Dex Ubers","log":"|j|\u2606raytsun\n|j|\u2606Justasilly\n|t:|1700095270\n|gametype|singles\n|player|p1|raytsun|riley|1095\n|player|p2|Justasilly|wallace|1176\n|teamsize|p1|6\n|teamsize|p2|6\n|gen|9\n|tier|[Gen 9] National Dex Ubers\n|rated|\n|rule|HP Percentage Mod: HP is shown in percentages\n|rule|Endless Battle Clause: Forcing endless battles is banned\n|rule|OHKO Clause: OHKO moves are banned\n|rule|Evasion Moves Clause: Evasion moves are banned\n|rule|Evasion Items Clause: Evasion items are banned\n|rule|Species Clause: Limit one of each Pok\u00e9mon\n|rule|Sleep Clause Mod: Limit one foe put to sleep\n|rule|Mega Rayquaza Clause: You cannot mega evolve Rayquaza\n|clearpoke\n|poke|p1|Inteleon, M|\n|poke|p1|Braviary-Hisui, M|\n|poke|p1|Ambipom, M|\n|poke|p1|Skeledirge, M|\n|poke|p1|Mismagius, F|\n|poke|p1|Malamar, M|\n|poke|p2|Galvantula, M|\n|poke|p2|Kangaskhan, F|\n|poke|p2|Polteageist-Antique|\n|poke|p2|Glimmora, M|\n|poke|p2|Grimmsnarl, M|\n|poke|p2|Clodsire, M|\n|teampreview\n|c|\u2606Justasilly|Glhf\n|\n|t:|1700095277\n|start\n|switch|p1a: Fon|Ambipom, M, shiny|100\/100\n|switch|p2a: Grimmsnarl|Grimmsnarl, M|100\/100\n|turn|1\n|\n|t:|1700095283\n|switch|p2a: Glimmora|Glimmora, M|100\/100\n|-item|p2a: Glimmora|Air Balloon\n|move|p1a: Fon|Fake Out|p2a: Glimmora\n|-enditem|p1a: Fon|Normal Gem|[from] gem\n|-resisted|p2a: Glimmora\n|-damage|p2a: Glimmora|81\/100\n|-activate|p2a: Glimmora|ability: Toxic Debris\n|-sidestart|p1: raytsun|move: Toxic Spikes\n|-enditem|p2a: Glimmora|Air Balloon\n|\n|upkeep\n|turn|2\n|\n|t:|1700095297\n|-terastallize|p1a: Fon|Fighting\n|move|p1a: Fon|Low Sweep|p2a: Glimmora\n|-damage|p2a: Glimmora|49\/100\n|-unboost|p2a: Glimmora|spe|1\n|-activate|p2a: Glimmora|ability: Toxic Debris\n|-sidestart|p1: raytsun|move: Toxic Spikes\n|move|p2a: Glimmora|Stealth Rock|p1a: Fon\n|-sidestart|p1: raytsun|move: Stealth Rock\n|\n|upkeep\n|turn|3\n|\n|t:|1700095308\n|move|p1a: Fon|Low Sweep|p2a: Glimmora\n|-damage|p2a: Glimmora|15\/100\n|-unboost|p2a: Glimmora|spe|1\n|move|p2a: Glimmora|Sludge Bomb|p1a: Fon\n|-damage|p1a: Fon|14\/100\n|\n|upkeep\n|turn|4\n|\n|t:|1700095314\n|move|p1a: Fon|Low Sweep|p2a: Glimmora\n|-damage|p2a: Glimmora|0 fnt\n|faint|p2a: Glimmora\n|\n|upkeep\n|\n|t:|1700095321\n|switch|p2a: Galvantula|Galvantula, M|100\/100\n|turn|5\n|\n|t:|1700095329\n|move|p2a: Galvantula|Sticky Web|p1a: Fon\n|-sidestart|p1: raytsun|move: Sticky Web\n|move|p1a: Fon|Knock Off|p2a: Galvantula\n|-damage|p2a: Galvantula|42\/100\n|-enditem|p2a: Galvantula|Focus Sash|[from] move: Knock Off|[of] p1a: Fon\n|\n|upkeep\n|turn|6\n|\n|t:|1700095335\n|move|p2a: Galvantula|Thunderbolt|p1a: Fon\n|-damage|p1a: Fon|0 fnt\n|faint|p1a: Fon\n|\n|upkeep\n|\n|t:|1700095341\n|switch|p1a: Colonnello|Braviary-Hisui, M, shiny|100\/100\n|-damage|p1a: Colonnello|76\/100|[from] Stealth Rock\n|turn|7\n|\n|t:|1700095347\n|-terastallize|p2a: Galvantula|Electric\n|move|p2a: Galvantula|Thunderbolt|p1a: Colonnello\n|-supereffective|p1a: Colonnello\n|-damage|p1a: Colonnello|0 fnt\n|faint|p1a: Colonnello\n|\n|upkeep\n|\n|t:|1700095354\n|switch|p1a: Mammon|Mismagius, F|100\/100\n|-damage|p1a: Mammon|88\/100|[from] Stealth Rock\n|turn|8\n|\n|t:|1700095361\n|move|p2a: Galvantula|Thunderbolt|p1a: Mammon\n|-damage|p1a: Mammon|26\/100\n|move|p1a: Mammon|Trick|p2a: Galvantula\n|-activate|p1a: Mammon|move: Trick|[of] p2a: Galvantula\n|-item|p2a: Galvantula|Black Sludge|[from] move: Trick\n|-enditem|p1a: Mammon|Black Sludge|[silent]|[from] move: Trick\n|\n|-damage|p2a: Galvantula|30\/100|[from] item: Black Sludge\n|upkeep\n|turn|9\n|\n|t:|1700095382\n|move|p2a: Galvantula|Thunderbolt|p1a: Mammon\n|-damage|p1a: Mammon|0 fnt\n|faint|p1a: Mammon\n|\n|-damage|p2a: Galvantula|17\/100|[from] item: Black Sludge\n|upkeep\n|\n|t:|1700095389\n|switch|p1a: Reborn|Inteleon, M|100\/100\n|-status|p1a: Reborn|tox\n|-damage|p1a: Reborn|88\/100 tox|[from] Stealth Rock\n|-activate|p1a: Reborn|move: Sticky Web\n|-unboost|p1a: Reborn|spe|1\n|turn|10\n|\n|t:|1700095400\n|switch|p2a: Clodsire|Clodsire, M|100\/100\n|move|p1a: Reborn|Air Slash|p2a: Clodsire\n|-damage|p2a: Clodsire|77\/100\n|\n|-heal|p2a: Clodsire|83\/100|[from] item: Leftovers\n|-damage|p1a: Reborn|82\/100 tox|[from] psn\n|upkeep\n|turn|11\n|\n|t:|1700095408\n|switch|p1a: Verde|Skeledirge, M, shiny|100\/100\n|-status|p1a: Verde|tox\n|-damage|p1a: Verde|76\/100 tox|[from] Stealth Rock\n|-activate|p1a: Verde|move: Sticky Web\n|-unboost|p1a: Verde|spe|1\n|move|p2a: Clodsire|Gunk Shot|p1a: Verde\n|-resisted|p1a: Verde\n|-damage|p1a: Verde|62\/100 tox\n|\n|-heal|p2a: Clodsire|89\/100|[from] item: Leftovers\n|-damage|p1a: Verde|56\/100 tox|[from] psn\n|upkeep\n|turn|12\n|\n|t:|1700095422\n|move|p1a: Verde|Will-O-Wisp|p2a: Clodsire\n|-status|p2a: Clodsire|brn\n|move|p2a: Clodsire|Earthquake|p1a: Verde\n|-supereffective|p1a: Verde\n|-damage|p1a: Verde|33\/100 tox\n|\n|-heal|p2a: Clodsire|96\/100 brn|[from] item: Leftovers\n|-damage|p1a: Verde|21\/100 tox|[from] psn\n|-damage|p2a: Clodsire|89\/100 brn|[from] brn\n|upkeep\n|turn|13\n|\n|t:|1700095431\n|move|p1a: Verde|Curse|p2a: Clodsire\n|-start|p2a: Clodsire|Curse|[of] p1a: Verde\n|-damage|p1a: Verde|0 fnt\n|faint|p1a: Verde\n|move|p2a: Clodsire|Gunk Shot|p1: Verde|[notarget]\n|-fail|p2a: Clodsire\n|\n|-heal|p2a: Clodsire|96\/100 brn|[from] item: Leftovers\n|-damage|p2a: Clodsire|89\/100 brn|[from] brn\n|-damage|p2a: Clodsire|64\/100 brn|[from] Curse\n|upkeep\n|\n|t:|1700095441\n|switch|p1a: Skull|Malamar, M|100\/100\n|-status|p1a: Skull|tox\n|-damage|p1a: Skull|88\/100 tox|[from] Stealth Rock\n|-activate|p1a: Skull|move: Sticky Web\n|-boost|p1a: Skull|spe|1\n|turn|14\n|\n|t:|1700095447\n|move|p1a: Skull|Psycho Cut|p2a: Clodsire\n|-supereffective|p2a: Clodsire\n|-damage|p2a: Clodsire|0 fnt\n|faint|p2a: Clodsire\n|\n|-damage|p1a: Skull|82\/100 tox|[from] psn\n|upkeep\n|\n|t:|1700095451\n|switch|p2a: Grimmsnarl|Grimmsnarl, M|100\/100\n|turn|15\n|\n|t:|1700095460\n|move|p2a: Grimmsnarl|Reflect|p2a: Grimmsnarl\n|-sidestart|p2: Justasilly|Reflect\n|move|p1a: Skull|Superpower|p2a: Grimmsnarl\n|-damage|p2a: Grimmsnarl|79\/100\n|-boost|p1a: Skull|atk|1\n|-boost|p1a: Skull|def|1\n|\n|-damage|p1a: Skull|70\/100 tox|[from] psn\n|upkeep\n|turn|16\n|\n|t:|1700095470\n|switch|p2a: Galvantula|Galvantula, M, tera:Electric|17\/100\n|move|p1a: Skull|Taunt|p2a: Galvantula\n|-start|p2a: Galvantula|move: Taunt\n|\n|-damage|p2a: Galvantula|5\/100|[from] item: Black Sludge\n|-damage|p1a: Skull|52\/100 tox|[from] psn\n|upkeep\n|turn|17\n|\n|t:|1700095481\n|move|p2a: Galvantula|Bug Buzz|p1a: Skull\n|-supereffective|p1a: Skull\n|-damage|p1a: Skull|0 fnt\n|faint|p1a: Skull\n|\n|-damage|p2a: Galvantula|0 fnt|[from] item: Black Sludge\n|faint|p2a: Galvantula\n|upkeep\n|\n|t:|1700095487\n|switch|p2a: Kangaskhan|Kangaskhan, F|100\/100\n|switch|p1a: Reborn|Inteleon, M|82\/100 tox\n|-damage|p1a: Reborn|70\/100 tox|[from] Stealth Rock\n|-activate|p1a: Reborn|move: Sticky Web\n|-unboost|p1a: Reborn|spe|1\n|turn|18\n|c|\u2606Justasilly|Gg\n|\n|t:|1700095500\n|detailschange|p2a: Kangaskhan|Kangaskhan-Mega, F\n|-mega|p2a: Kangaskhan|Kangaskhan|Kangaskhanite\n|move|p2a: Kangaskhan|Body Slam|p1a: Reborn\n|-damage|p1a: Reborn|0 fnt\n|faint|p1a: Reborn\n|-hitcount|p1: Reborn|1\n|\n|win|Justasilly\n|raw|raytsun's rating: 1095 &rarr; <strong>1076<\/strong><br \/>(-19 for losing)\n|raw|Justasilly's rating: 1176 &rarr; <strong>1195<\/strong><br \/>(+19 for winning)\n","uploadtime":1700095505,"views":6,"p1id":"raytsun","p2id":"justasilly","formatid":"gen9nationaldexubers","rating":1076,"private":0,"password":""}