{"id":"gen9nationaldexubers-1983565215","p1":"yizhipokemeng","p2":"Eimint64","format":"[Gen 9] National Dex Ubers","log":"|j|\u2606yizhipokemeng\n|j|\u2606Eimint64\n|t:|1699144011\n|gametype|singles\n|player|p1|yizhipokemeng|102|1363\n|player|p2|Eimint64|blackbelt-gen4dp|1476\n|teamsize|p1|6\n|teamsize|p2|6\n|gen|9\n|tier|[Gen 9] National Dex Ubers\n|rated|\n|rule|HP Percentage Mod: HP is shown in percentages\n|rule|Endless Battle Clause: Forcing endless battles is banned\n|rule|OHKO Clause: OHKO moves are banned\n|rule|Evasion Moves Clause: Evasion moves are banned\n|rule|Evasion Items Clause: Evasion items are banned\n|rule|Species Clause: Limit one of each Pok\u00e9mon\n|rule|Sleep Clause Mod: Limit one foe put to sleep\n|rule|Mega Rayquaza Clause: You cannot mega evolve Rayquaza\n|clearpoke\n|poke|p1|Cresselia, F|\n|poke|p1|Arceus-Water|\n|poke|p1|Melmetal|\n|poke|p1|Hatterene, F|\n|poke|p1|Basculegion, M|\n|poke|p1|Kyogre|\n|poke|p2|Marshadow|\n|poke|p2|Basculin-White-Striped, M|\n|poke|p2|Wobbuffet, M|\n|poke|p2|Glalie, M|\n|poke|p2|Cyclizar, M|\n|poke|p2|Cloyster, F|\n|teampreview\n|inactive|Battle timer is ON: inactive players will automatically lose when time's up. (requested by Eimint64)\n|\n|t:|1699144042\n|start\n|switch|p1a: Arceus|Arceus-Water|100\/100\n|switch|p2a: Marshadow|Marshadow|100\/100\n|turn|1\n|\n|t:|1699144048\n|move|p2a: Marshadow|Swagger|p1a: Arceus\n|-boost|p1a: Arceus|atk|2\n|-enditem|p2a: Marshadow|Mirror Herb\n|-boost|p2a: Marshadow|atk|2|[from] item: Mirror Herb\n|-start|p1a: Arceus|confusion\n|-activate|p1a: Arceus|confusion\n|-damage|p1a: Arceus|92\/100|[from] confusion\n|\n|upkeep\n|turn|2\n|\n|t:|1699144056\n|move|p2a: Marshadow|Spectral Thief||[still]\n|-clearpositiveboost|p1a: Arceus|p2a: Marshadow|move: Spectral Thief\n|-boost|p2a: Marshadow|atk|2\n|-anim|p2a: Marshadow|Spectral Thief|p1a: Arceus\n|-damage|p1a: Arceus|24\/100\n|-activate|p1a: Arceus|confusion\n|move|p1a: Arceus|Will-O-Wisp|p2a: Marshadow\n|-status|p2a: Marshadow|brn\n|\n|-damage|p2a: Marshadow|94\/100 brn|[from] brn\n|upkeep\n|turn|3\n|\n|t:|1699144070\n|move|p2a: Marshadow|Spectral Thief|p1a: Arceus\n|-damage|p1a: Arceus|0 fnt\n|faint|p1a: Arceus\n|\n|-damage|p2a: Marshadow|88\/100 brn|[from] brn\n|upkeep\n|\n|t:|1699144080\n|switch|p1a: Kyogre|Kyogre|100\/100\n|detailschange|p1a: Kyogre|Kyogre-Primal\n|-primal|p1a: Kyogre|Blue Orb\n|-weather|PrimordialSea|[from] ability: Primordial Sea|[of] p1a: Kyogre\n|turn|4\n|\n|t:|1699144090\n|move|p2a: Marshadow|Force Palm|p1a: Kyogre\n|-damage|p1a: Kyogre|39\/100\n|move|p1a: Kyogre|Origin Pulse|p2a: Marshadow|[miss]\n|-miss|p1a: Kyogre|p2a: Marshadow\n|\n|-weather|PrimordialSea|[upkeep]\n|-damage|p2a: Marshadow|82\/100 brn|[from] brn\n|upkeep\n|turn|5\n|\n|t:|1699144097\n|move|p2a: Marshadow|Spectral Thief|p1a: Kyogre\n|-damage|p1a: Kyogre|0 fnt\n|faint|p1a: Kyogre\n|-weather|none\n|\n|-damage|p2a: Marshadow|76\/100 brn|[from] brn\n|upkeep\n|inactive|yizhipokemeng has 120 seconds left.\n|\n|t:|1699144134\n|switch|p1a: Cresselia|Cresselia, F, shiny|100\/100\n|turn|6\n|inactive|yizhipokemeng has 120 seconds left.\n|\n|t:|1699144140\n|-terastallize|p1a: Cresselia|Fairy\n|move|p2a: Marshadow|Spectral Thief|p1a: Cresselia\n|-damage|p1a: Cresselia|59\/100\n|move|p1a: Cresselia|Trick Room|p1a: Cresselia\n|-fieldstart|move: Trick Room|[of] p1a: Cresselia\n|\n|-damage|p2a: Marshadow|69\/100 brn|[from] brn\n|upkeep\n|turn|7\n|inactive|yizhipokemeng has 120 seconds left.\n|\n|t:|1699144152\n|move|p1a: Cresselia|Moonblast|p2a: Marshadow\n|-supereffective|p2a: Marshadow\n|-damage|p2a: Marshadow|14\/100 brn\n|-unboost|p2a: Marshadow|spa|1\n|move|p2a: Marshadow|Spectral Thief|p1a: Cresselia\n|-damage|p1a: Cresselia|21\/100\n|\n|-damage|p2a: Marshadow|7\/100 brn|[from] brn\n|upkeep\n|turn|8\n|inactive|yizhipokemeng has 120 seconds left.\n|\n|t:|1699144167\n|switch|p1a: Melmetal|Melmetal|100\/100\n|move|p2a: Marshadow|Shadow Sneak|p1a: Melmetal\n|-damage|p1a: Melmetal|77\/100\n|\n|-damage|p2a: Marshadow|1\/100 brn|[from] brn\n|upkeep\n|turn|9\n|\n|t:|1699144177\n|move|p2a: Marshadow|Shadow Sneak|p1a: Melmetal\n|-damage|p1a: Melmetal|54\/100\n|move|p1a: Melmetal|Double Iron Bash|p2a: Marshadow\n|-damage|p2a: Marshadow|0 fnt\n|faint|p2a: Marshadow\n|-hitcount|p2: Marshadow|1\n|\n|upkeep\n|\n|t:|1699144180\n|switch|p2a: Wobbuffet|Wobbuffet, M|100\/100\n|turn|10\n|\n|t:|1699144184\n|move|p1a: Melmetal|Double Iron Bash|p2a: Wobbuffet\n|-damage|p2a: Wobbuffet|52\/100\n|-damage|p2a: Wobbuffet|6\/100\n|-enditem|p2a: Wobbuffet|Sitrus Berry|[eat]\n|-heal|p2a: Wobbuffet|31\/100|[from] item: Sitrus Berry\n|-hitcount|p2a: Wobbuffet|2\n|move|p2a: Wobbuffet|Counter|p1a: Melmetal\n|-damage|p1a: Melmetal|0 fnt\n|faint|p1a: Melmetal\n|\n|-fieldend|move: Trick Room\n|upkeep\n|\n|t:|1699144206\n|switch|p1a: Basculegion|Basculegion, M|100\/100\n|turn|11\n|\n|t:|1699144212\n|move|p1a: Basculegion|Wave Crash|p2a: Wobbuffet\n|-damage|p2a: Wobbuffet|0 fnt\n|faint|p2a: Wobbuffet\n|-damage|p1a: Basculegion|87\/100|[from] Recoil\n|\n|upkeep\n|\n|t:|1699144220\n|switch|p2a: Cloyster|Cloyster, F|100\/100\n|turn|12\n|\n|t:|1699144226\n|switch|p1a: Cresselia|Cresselia, F, shiny, tera:Fairy|21\/100\n|move|p2a: Cloyster|Shell Smash|p2a: Cloyster\n|-unboost|p2a: Cloyster|def|1\n|-unboost|p2a: Cloyster|spd|1\n|-boost|p2a: Cloyster|atk|2\n|-boost|p2a: Cloyster|spa|2\n|-boost|p2a: Cloyster|spe|2\n|\n|upkeep\n|turn|13\n|\n|t:|1699144234\n|move|p2a: Cloyster|Icicle Spear|p1a: Cresselia\n|-damage|p1a: Cresselia|9\/100\n|-damage|p1a: Cresselia|0 fnt\n|faint|p1a: Cresselia\n|-hitcount|p1: Cresselia|2\n|\n|upkeep\n|\n|t:|1699144239\n|switch|p1a: Hatterene|Hatterene, F|100\/100\n|turn|14\n|\n|t:|1699144242\n|move|p2a: Cloyster|Icicle Spear|p1a: Hatterene\n|-damage|p1a: Hatterene|78\/100\n|-damage|p1a: Hatterene|53\/100\n|-damage|p1a: Hatterene|31\/100\n|-crit|p1a: Hatterene\n|-damage|p1a: Hatterene|0 fnt\n|faint|p1a: Hatterene\n|-hitcount|p1: Hatterene|4\n|\n|upkeep\n|-message|yizhipokemeng forfeited.\n|\n|win|Eimint64\n|raw|yizhipokemeng's rating: 1363 &rarr; <strong>1349<\/strong><br \/>(-14 for losing)\n|raw|Eimint64's rating: 1476 &rarr; <strong>1490<\/strong><br \/>(+14 for winning)\n|l|\u2606yizhipokemeng\n","uploadtime":1699144253,"views":6,"p1id":"yizhipokemeng","p2id":"eimint64","formatid":"gen9nationaldexubers","rating":1349,"private":0,"password":""}