{"id":"gen9nationaldexubers-1988331049","p1":"Cosbel","p2":"tkfdhgs4","format":"[Gen 9] National Dex Ubers","log":"|j|\u2606Cosbel\n|j|\u2606tkfdhgs4\n|t:|1699709673\n|gametype|singles\n|player|p1|Cosbel|scientist-gen4dp|1079\n|player|p2|tkfdhgs4|cyclistf-gen4|1046\n|teamsize|p1|6\n|teamsize|p2|6\n|gen|9\n|tier|[Gen 9] National Dex Ubers\n|rated|\n|rule|HP Percentage Mod: HP is shown in percentages\n|rule|Endless Battle Clause: Forcing endless battles is banned\n|rule|OHKO Clause: OHKO moves are banned\n|rule|Evasion Moves Clause: Evasion moves are banned\n|rule|Evasion Items Clause: Evasion items are banned\n|rule|Species Clause: Limit one of each Pok\u00e9mon\n|rule|Sleep Clause Mod: Limit one foe put to sleep\n|rule|Mega Rayquaza Clause: You cannot mega evolve Rayquaza\n|clearpoke\n|poke|p1|Zekrom|\n|poke|p1|Deoxys-Attack|\n|poke|p1|Darkrai|\n|poke|p1|Necrozma-Dusk-Mane|\n|poke|p1|Arceus-Water|\n|poke|p1|Steelix, M|\n|poke|p2|Giratina|\n|poke|p2|Dondozo, M|\n|poke|p2|Chansey, F|\n|poke|p2|Tyranitar, F|\n|poke|p2|Ho-Oh|\n|poke|p2|Eternatus|\n|teampreview\n|inactive|Battle timer is ON: inactive players will automatically lose when time's up. (requested by tkfdhgs4)\n|\n|t:|1699709689\n|start\n|switch|p1a: Pecial|Steelix, M|100\/100\n|switch|p2a: Tyranitar|Tyranitar, F|100\/100\n|-weather|Sandstorm|[from] ability: Sand Stream|[of] p2a: Tyranitar\n|turn|1\n|\n|t:|1699709695\n|switch|p2a: Giratina|Giratina|100\/100\n|-ability|p2a: Giratina|Pressure\n|detailschange|p1a: Pecial|Steelix-Mega, M\n|-mega|p1a: Pecial|Steelix|Steelixite\n|move|p1a: Pecial|Curse|p1a: Pecial\n|-unboost|p1a: Pecial|spe|1\n|-boost|p1a: Pecial|atk|1\n|-boost|p1a: Pecial|def|1\n|\n|-weather|Sandstorm|[upkeep]\n|-damage|p2a: Giratina|94\/100|[from] Sandstorm\n|-heal|p2a: Giratina|100\/100|[from] item: Leftovers\n|upkeep\n|turn|2\n|\n|t:|1699709702\n|move|p1a: Pecial|Stealth Rock|p2a: Giratina\n|-sidestart|p2: tkfdhgs4|move: Stealth Rock\n|move|p2a: Giratina|Dragon Tail|p1a: Pecial\n|-resisted|p1a: Pecial\n|-damage|p1a: Pecial|97\/100\n|drag|p1a: Filhodaput4|Deoxys-Attack|100\/100\n|-ability|p1a: Filhodaput4|Pressure\n|\n|-weather|Sandstorm|[upkeep]\n|-damage|p1a: Filhodaput4|94\/100|[from] Sandstorm\n|-damage|p2a: Giratina|94\/100|[from] Sandstorm\n|-heal|p2a: Giratina|100\/100|[from] item: Leftovers\n|upkeep\n|turn|3\n|\n|t:|1699709725\n|switch|p2a: Ho-Oh|Ho-Oh|100\/100\n|move|p1a: Filhodaput4|Psycho Boost|p2a: Ho-Oh\n|-damage|p2a: Ho-Oh|51\/100\n|-unboost|p1a: Filhodaput4|spa|2\n|\n|-weather|Sandstorm|[upkeep]\n|-damage|p1a: Filhodaput4|88\/100|[from] Sandstorm\n|-damage|p2a: Ho-Oh|45\/100|[from] Sandstorm\n|upkeep\n|turn|4\n|\n|t:|1699709732\n|move|p1a: Filhodaput4|Toxic|p2a: Ho-Oh\n|-status|p2a: Ho-Oh|tox\n|move|p2a: Ho-Oh|Defog|p1a: Filhodaput4\n|-unboost|p1a: Filhodaput4|evasion|1\n|-sideend|p2: tkfdhgs4|Stealth Rock|[from] move: Defog|[of] p2a: Ho-Oh\n|\n|-weather|Sandstorm|[upkeep]\n|-damage|p1a: Filhodaput4|82\/100|[from] Sandstorm\n|-damage|p2a: Ho-Oh|39\/100 tox|[from] Sandstorm\n|-damage|p2a: Ho-Oh|33\/100 tox|[from] psn\n|upkeep\n|turn|5\n|\n|t:|1699709742\n|switch|p2a: Tyranitar|Tyranitar, F|100\/100\n|move|p1a: Filhodaput4|Superpower|p2a: Tyranitar\n|-supereffective|p2a: Tyranitar\n|-damage|p2a: Tyranitar|0 fnt\n|-unboost|p1a: Filhodaput4|atk|1\n|-unboost|p1a: Filhodaput4|def|1\n|faint|p2a: Tyranitar\n|\n|-weather|none\n|upkeep\n|\n|t:|1699709755\n|switch|p2a: Ho-Oh|Ho-Oh|66\/100 tox\n|turn|6\n|\n|t:|1699709762\n|switch|p1a: Pecial|Steelix-Mega, M|97\/100\n|move|p2a: Ho-Oh|Sacred Fire|p1a: Pecial\n|-supereffective|p1a: Pecial\n|-damage|p1a: Pecial|55\/100\n|\n|-damage|p2a: Ho-Oh|60\/100 tox|[from] psn\n|upkeep\n|turn|7\n|\n|t:|1699709773\n|switch|p2a: Giratina|Giratina|100\/100\n|-ability|p2a: Giratina|Pressure\n|move|p1a: Pecial|Gyro Ball|p2a: Giratina\n|-crit|p2a: Giratina\n|-damage|p2a: Giratina|75\/100\n|\n|-heal|p2a: Giratina|81\/100|[from] item: Leftovers\n|upkeep\n|turn|8\n|\n|t:|1699709780\n|move|p1a: Pecial|Stealth Rock|p2a: Giratina\n|-sidestart|p2: tkfdhgs4|move: Stealth Rock\n|move|p2a: Giratina|Dragon Tail|p1a: Pecial\n|-resisted|p1a: Pecial\n|-damage|p1a: Pecial|50\/100\n|drag|p1a: Kevin Al-Hilal|Arceus-Water|100\/100\n|\n|-heal|p2a: Giratina|88\/100|[from] item: Leftovers\n|upkeep\n|turn|9\n|\n|t:|1699709789\n|move|p1a: Kevin Al-Hilal|Toxic|p2a: Giratina\n|-status|p2a: Giratina|tox\n|move|p2a: Giratina|Defog|p1a: Kevin Al-Hilal\n|-unboost|p1a: Kevin Al-Hilal|evasion|1\n|-sideend|p2: tkfdhgs4|Stealth Rock|[from] move: Defog|[of] p2a: Giratina\n|\n|-heal|p2a: Giratina|94\/100 tox|[from] item: Leftovers\n|-damage|p2a: Giratina|88\/100 tox|[from] psn\n|upkeep\n|turn|10\n|\n|t:|1699709794\n|switch|p2a: Chansey|Chansey, F|100\/100\n|move|p1a: Kevin Al-Hilal|Stealth Rock|p2a: Chansey\n|-sidestart|p2: tkfdhgs4|move: Stealth Rock\n|\n|upkeep\n|turn|11\n|\n|t:|1699709801\n|switch|p1a: Pecial|Steelix-Mega, M|50\/100\n|move|p2a: Chansey|Heal Bell|p2a: Chansey\n|-activate|p2a: Chansey|move: Heal Bell\n|-curestatus|p2: Giratina|tox|[msg]\n|-curestatus|p2: Ho-Oh|tox|[msg]\n|\n|upkeep\n|turn|12\n|\n|t:|1699709810\n|switch|p2a: Ho-Oh|Ho-Oh|93\/100\n|move|p1a: Pecial|Curse|p1a: Pecial\n|-unboost|p1a: Pecial|spe|1\n|-boost|p1a: Pecial|atk|1\n|-boost|p1a: Pecial|def|1\n|\n|upkeep\n|turn|13\n|\n|t:|1699709817\n|move|p2a: Ho-Oh|Defog|p1a: Pecial\n|-unboost|p1a: Pecial|evasion|1\n|-sideend|p2: tkfdhgs4|Stealth Rock|[from] move: Defog|[of] p2a: Ho-Oh\n|move|p1a: Pecial|Gyro Ball|p2a: Ho-Oh\n|-resisted|p2a: Ho-Oh\n|-damage|p2a: Ho-Oh|51\/100\n|\n|upkeep\n|turn|14\n|\n|t:|1699709824\n|switch|p2a: Eternatus|Eternatus|100\/100\n|-ability|p2a: Eternatus|Pressure\n|move|p1a: Pecial|Stealth Rock|p2a: Eternatus\n|-sidestart|p2: tkfdhgs4|move: Stealth Rock\n|\n|upkeep\n|turn|15\n|\n|t:|1699709830\n|switch|p2a: Ho-Oh|Ho-Oh|84\/100\n|move|p1a: Pecial|Gyro Ball|p2a: Ho-Oh\n|-resisted|p2a: Ho-Oh\n|-damage|p2a: Ho-Oh|43\/100\n|\n|upkeep\n|turn|16\n|\n|t:|1699709842\n|switch|p2a: Giratina|Giratina|88\/100\n|-damage|p2a: Giratina|75\/100|[from] Stealth Rock\n|-ability|p2a: Giratina|Pressure\n|move|p1a: Pecial|Earthquake|p2a: Giratina\n|-damage|p2a: Giratina|40\/100\n|\n|-heal|p2a: Giratina|47\/100|[from] item: Leftovers\n|upkeep\n|turn|17\n|\n|t:|1699709851\n|switch|p2a: Dondozo|Dondozo, M|100\/100\n|-damage|p2a: Dondozo|88\/100|[from] Stealth Rock\n|move|p1a: Pecial|Gyro Ball|p2a: Dondozo\n|-resisted|p2a: Dondozo\n|-damage|p2a: Dondozo|80\/100\n|\n|-heal|p2a: Dondozo|86\/100|[from] item: Leftovers\n|upkeep\n|turn|18\n|\n|t:|1699709862\n|switch|p1a: Zeca|Zekrom, shiny|100\/100\n|-ability|p1a: Zeca|Teravolt\n|move|p2a: Dondozo|Liquidation|p1a: Zeca\n|-resisted|p1a: Zeca\n|-damage|p1a: Zeca|89\/100\n|\n|-heal|p2a: Dondozo|92\/100|[from] item: Leftovers\n|upkeep\n|turn|19\n|\n|t:|1699709868\n|switch|p2a: Eternatus|Eternatus|100\/100\n|-damage|p2a: Eternatus|88\/100|[from] Stealth Rock\n|-ability|p2a: Eternatus|Pressure\n|move|p1a: Zeca|Bolt Strike|p2a: Eternatus\n|-resisted|p2a: Eternatus\n|-damage|p2a: Eternatus|66\/100\n|\n|-heal|p2a: Eternatus|73\/100|[from] item: Leftovers\n|upkeep\n|turn|20\n|\n|t:|1699709877\n|switch|p1a: Pecial|Steelix-Mega, M|50\/100\n|move|p2a: Eternatus|Fire Spin|p1a: Pecial\n|-supereffective|p1a: Pecial\n|-damage|p1a: Pecial|27\/100\n|-activate|p1a: Pecial|move: Fire Spin|[of] p2a: Eternatus\n|\n|-heal|p2a: Eternatus|79\/100|[from] item: Leftovers\n|-damage|p1a: Pecial|15\/100|[from] move: Fire Spin|[partiallytrapped]\n|upkeep\n|turn|21\n|\n|t:|1699709885\n|move|p2a: Eternatus|Substitute|p2a: Eternatus\n|-start|p2a: Eternatus|Substitute\n|-damage|p2a: Eternatus|54\/100\n|move|p1a: Pecial|Gyro Ball|p2a: Eternatus\n|-end|p2a: Eternatus|Substitute\n|\n|-heal|p2a: Eternatus|60\/100|[from] item: Leftovers\n|-damage|p1a: Pecial|2\/100|[from] move: Fire Spin|[partiallytrapped]\n|upkeep\n|turn|22\n|\n|t:|1699709891\n|move|p2a: Eternatus|Recover|p2a: Eternatus\n|-heal|p2a: Eternatus|100\/100\n|move|p1a: Pecial|Gyro Ball|p2a: Eternatus\n|-damage|p2a: Eternatus|66\/100\n|\n|-heal|p2a: Eternatus|72\/100|[from] item: Leftovers\n|-damage|p1a: Pecial|0 fnt|[from] move: Fire Spin|[partiallytrapped]\n|faint|p1a: Pecial\n|upkeep\n|\n|t:|1699709898\n|switch|p1a: Filhodaput4|Deoxys-Attack|82\/100\n|-ability|p1a: Filhodaput4|Pressure\n|turn|23\n|\n|t:|1699709904\n|switch|p2a: Ho-Oh|Ho-Oh|76\/100\n|move|p1a: Filhodaput4|Psycho Boost|p2a: Ho-Oh|[miss]\n|-miss|p1a: Filhodaput4|p2a: Ho-Oh\n|\n|upkeep\n|turn|24\n|\n|t:|1699709910\n|move|p1a: Filhodaput4|Toxic|p2a: Ho-Oh\n|-status|p2a: Ho-Oh|tox\n|move|p2a: Ho-Oh|Sacred Fire|p1a: Filhodaput4\n|-damage|p1a: Filhodaput4|0 fnt\n|faint|p1a: Filhodaput4\n|\n|-damage|p2a: Ho-Oh|70\/100 tox|[from] psn\n|upkeep\n|\n|t:|1699709917\n|switch|p1a: i|Necrozma-Dusk-Mane|100\/100\n|turn|25\n|\n|t:|1699709929\n|switch|p1a: Zeca|Zekrom, shiny|89\/100\n|-ability|p1a: Zeca|Teravolt\n|move|p2a: Ho-Oh|Defog|p1a: Zeca\n|-unboost|p1a: Zeca|evasion|1\n|-sideend|p2: tkfdhgs4|Stealth Rock|[from] move: Defog|[of] p2a: Ho-Oh\n|\n|-damage|p2a: Ho-Oh|58\/100 tox|[from] psn\n|upkeep\n|turn|26\n|\n|t:|1699709941\n|switch|p2a: Eternatus|Eternatus|72\/100\n|-ability|p2a: Eternatus|Pressure\n|-terastallize|p1a: Zeca|Dragon\n|move|p1a: Zeca|Outrage|p2a: Eternatus\n|-supereffective|p2a: Eternatus\n|-damage|p2a: Eternatus|0 fnt\n|faint|p2a: Eternatus\n|\n|upkeep\n|\n|t:|1699709947\n|switch|p2a: Dondozo|Dondozo, M|92\/100\n|turn|27\n|\n|t:|1699709950\n|move|p1a: Zeca|Outrage|p2a: Dondozo|[from]lockedmove\n|-damage|p2a: Dondozo|50\/100\n|-start|p1a: Zeca|confusion|[fatigue]\n|move|p2a: Dondozo|Curse|p2a: Dondozo\n|-unboost|p2a: Dondozo|spe|1\n|-boost|p2a: Dondozo|atk|1\n|-boost|p2a: Dondozo|def|1\n|\n|-heal|p2a: Dondozo|56\/100|[from] item: Leftovers\n|upkeep\n|turn|28\n|\n|t:|1699709955\n|switch|p1a: Kevin Al-Hilal|Arceus-Water|100\/100\n|move|p2a: Dondozo|Avalanche|p1a: Kevin Al-Hilal\n|-resisted|p1a: Kevin Al-Hilal\n|-damage|p1a: Kevin Al-Hilal|93\/100\n|\n|-heal|p2a: Dondozo|62\/100|[from] item: Leftovers\n|upkeep\n|turn|29\n|\n|t:|1699709963\n|switch|p2a: Chansey|Chansey, F|100\/100\n|move|p1a: Kevin Al-Hilal|Toxic|p2a: Chansey\n|-status|p2a: Chansey|tox\n|\n|-damage|p2a: Chansey|94\/100 tox|[from] psn\n|upkeep\n|turn|30\n|\n|t:|1699709969\n|-curestatus|p2a: Chansey|tox|[from] ability: Natural Cure\n|switch|p2a: Dondozo|Dondozo, M|62\/100\n|move|p1a: Kevin Al-Hilal|Stealth Rock|p2a: Dondozo\n|-sidestart|p2: tkfdhgs4|move: Stealth Rock\n|\n|-heal|p2a: Dondozo|68\/100|[from] item: Leftovers\n|upkeep\n|turn|31\n|\n|t:|1699709974\n|move|p1a: Kevin Al-Hilal|Toxic|p2a: Dondozo\n|-status|p2a: Dondozo|tox\n|move|p2a: Dondozo|Curse|p2a: Dondozo\n|-unboost|p2a: Dondozo|spe|1\n|-boost|p2a: Dondozo|atk|1\n|-boost|p2a: Dondozo|def|1\n|\n|-heal|p2a: Dondozo|75\/100 tox|[from] item: Leftovers\n|-damage|p2a: Dondozo|68\/100 tox|[from] psn\n|upkeep\n|turn|32\n|-message|tkfdhgs4 forfeited.\n|\n|win|Cosbel\n|raw|Cosbel's rating: 1079 &rarr; <strong>1104<\/strong><br \/>(+25 for winning)\n|raw|tkfdhgs4's rating: 1046 &rarr; <strong>1031<\/strong><br \/>(-15 for losing)\n|l|\u2606tkfdhgs4\n","uploadtime":1699709985,"views":7,"p1id":"cosbel","p2id":"tkfdhgs4","formatid":"gen9nationaldexubers","rating":1031,"private":0,"password":""}