{"id":"gen9nationaldexubers-1983553658","p1":"Jcdragontales","p2":"TheCharityGamerCar","format":"[Gen 9] National Dex Ubers","log":"|j|\u2606Jcdragontales\n|j|\u2606TheCharityGamerCar\n|t:|1699142729\n|gametype|singles\n|player|p1|Jcdragontales|guzma|\n|player|p2|TheCharityGamerCar|red|\n|teamsize|p1|6\n|teamsize|p2|6\n|gen|9\n|tier|[Gen 9] National Dex Ubers\n|rule|HP Percentage Mod: HP is shown in percentages\n|rule|Endless Battle Clause: Forcing endless battles is banned\n|rule|OHKO Clause: OHKO moves are banned\n|rule|Evasion Moves Clause: Evasion moves are banned\n|rule|Evasion Items Clause: Evasion items are banned\n|rule|Species Clause: Limit one of each Pok\u00e9mon\n|rule|Sleep Clause Mod: Limit one foe put to sleep\n|rule|Mega Rayquaza Clause: You cannot mega evolve Rayquaza\n|clearpoke\n|poke|p1|Chandelure, F|\n|poke|p1|Chien-Pao|\n|poke|p1|Garchomp, M|\n|poke|p1|Aerodactyl, F|\n|poke|p1|Ditto|\n|poke|p1|Farigiraf, M|\n|poke|p2|Darmanitan-Galar, M|\n|poke|p2|Heatran, M|\n|poke|p2|Slowbro, M|\n|poke|p2|Decidueye, M|\n|poke|p2|Snorlax, M|\n|poke|p2|Magnezone|\n|teampreview\n|c|\u2606TheCharityGamerCar|gl friendo\n|\n|t:|1699142754\n|start\n|switch|p1a: Aheadofthegame|Farigiraf, M, shiny|100\/100\n|switch|p2a: Harambe|Darmanitan-Galar, M|100\/100\n|turn|1\n|\n|t:|1699142806\n|move|p2a: Harambe|U-turn|p1a: Aheadofthegame\n|-supereffective|p1a: Aheadofthegame\n|-crit|p1a: Aheadofthegame\n|-damage|p1a: Aheadofthegame|0 fnt\n|faint|p1a: Aheadofthegame\n|c|\u2606Jcdragontales|Crit\n|c|\u2606Jcdragontales|;(\n|\n|t:|1699142821\n|switch|p2a: CAPTAIN jack s|Decidueye, M, shiny|100\/100|[from] U-turn\n|\n|upkeep\n|\n|t:|1699142826\n|switch|p1a: PIEROGI|Chien-Pao|100\/100\n|-ability|p1a: PIEROGI|Sword of Ruin\n|turn|2\n|\n|t:|1699142849\n|move|p1a: PIEROGI|Swords Dance|p1a: PIEROGI\n|-boost|p1a: PIEROGI|atk|2\n|move|p2a: CAPTAIN jack s|U-turn|p1a: PIEROGI\n|-supereffective|p1a: PIEROGI\n|-damage|p1a: PIEROGI|53\/100\n|\n|t:|1699142863\n|switch|p2a: Harambe|Darmanitan-Galar, M|100\/100|[from] U-turn\n|\n|upkeep\n|turn|3\n|\n|t:|1699142883\n|move|p1a: PIEROGI|Sucker Punch|p2a: Harambe\n|-damage|p2a: Harambe|0 fnt\n|faint|p2a: Harambe\n|\n|upkeep\n|\n|t:|1699142905\n|switch|p2a: Purple people eat|Slowbro, M, shiny|100\/100\n|turn|4\n|\n|t:|1699142913\n|move|p1a: PIEROGI|Crunch|p2a: Purple people eat\n|-supereffective|p2a: Purple people eat\n|-enditem|p2a: Purple people eat|Colbur Berry|[eat]\n|-enditem|p2a: Purple people eat|Colbur Berry|[weaken]\n|-damage|p2a: Purple people eat|36\/100\n|move|p2a: Purple people eat|Surf|p1a: PIEROGI\n|-damage|p1a: PIEROGI|2\/100\n|\n|upkeep\n|turn|5\n|\n|t:|1699142923\n|move|p1a: PIEROGI|Crunch|p2a: Purple people eat\n|-supereffective|p2a: Purple people eat\n|-damage|p2a: Purple people eat|0 fnt\n|faint|p2a: Purple people eat\n|\n|upkeep\n|\n|t:|1699142942\n|switch|p2a: Reger|Snorlax, M, shiny|100\/100\n|turn|6\n|\n|t:|1699142970\n|-terastallize|p2a: Reger|Ice\n|move|p1a: PIEROGI|Crunch|p2a: Reger\n|-damage|p2a: Reger|27\/100\n|move|p2a: Reger|Ice Beam|p1a: PIEROGI\n|-resisted|p1a: PIEROGI\n|-damage|p1a: PIEROGI|0 fnt\n|faint|p1a: PIEROGI\n|\n|-heal|p2a: Reger|33\/100|[from] item: Leftovers\n|upkeep\n|\n|t:|1699142980\n|switch|p1a: SpookySeasonOver|Chandelure, F|100\/100\n|turn|7\n|\n|t:|1699142999\n|switch|p2a: FIREBALL|Heatran, M, shiny|100\/100\n|move|p1a: SpookySeasonOver|Calm Mind|p1a: SpookySeasonOver\n|-boost|p1a: SpookySeasonOver|spa|1\n|-boost|p1a: SpookySeasonOver|spd|1\n|\n|upkeep\n|turn|8\n|\n|t:|1699143030\n|-terastallize|p1a: SpookySeasonOver|Normal\n|move|p1a: SpookySeasonOver|Shadow Ball|p2a: FIREBALL\n|-damage|p2a: FIREBALL|33\/100\n|move|p2a: FIREBALL|Earth Power|p1a: SpookySeasonOver\n|-damage|p1a: SpookySeasonOver|73\/100\n|-unboost|p1a: SpookySeasonOver|spd|1\n|\n|-heal|p1a: SpookySeasonOver|79\/100|[from] item: Leftovers\n|-heal|p2a: FIREBALL|39\/100|[from] item: Leftovers\n|upkeep\n|turn|9\n|\n|t:|1699143050\n|move|p1a: SpookySeasonOver|Shadow Ball|p2a: FIREBALL\n|-damage|p2a: FIREBALL|0 fnt\n|faint|p2a: FIREBALL\n|\n|-heal|p1a: SpookySeasonOver|85\/100|[from] item: Leftovers\n|upkeep\n|\n|t:|1699143073\n|switch|p2a: Magpie|Magnezone|100\/100\n|turn|10\n|\n|t:|1699143088\n|move|p2a: Magpie|Thunderbolt|p1a: SpookySeasonOver\n|-damage|p1a: SpookySeasonOver|17\/100\n|move|p1a: SpookySeasonOver|Calm Mind|p1a: SpookySeasonOver\n|-boost|p1a: SpookySeasonOver|spa|1\n|-boost|p1a: SpookySeasonOver|spd|1\n|\n|-heal|p1a: SpookySeasonOver|23\/100|[from] item: Leftovers\n|upkeep\n|turn|11\n|\n|t:|1699143099\n|switch|p1a: Bitey|Garchomp, M|100\/100\n|move|p2a: Magpie|Thunderbolt|p1a: Bitey\n|-immune|p1a: Bitey\n|\n|upkeep\n|turn|12\n|\n|t:|1699143121\n|switch|p2a: CAPTAIN jack s|Decidueye, M, shiny|100\/100\n|move|p1a: Bitey|Rock Slide|p2a: CAPTAIN jack s\n|-damage|p2a: CAPTAIN jack s|84\/100\n|\n|upkeep\n|turn|13\n|\n|t:|1699143139\n|move|p1a: Bitey|Mud Shot|p2a: CAPTAIN jack s\n|-resisted|p2a: CAPTAIN jack s\n|-damage|p2a: CAPTAIN jack s|77\/100\n|-unboost|p2a: CAPTAIN jack s|spe|1\n|move|p2a: CAPTAIN jack s|Knock Off|p1a: Bitey\n|-damage|p1a: Bitey|84\/100\n|-damage|p2a: CAPTAIN jack s|65\/100|[from] ability: Rough Skin|[of] p1a: Bitey\n|-damage|p2a: CAPTAIN jack s|48\/100|[from] item: Rocky Helmet|[of] p1a: Bitey\n|-enditem|p1a: Bitey|Rocky Helmet|[from] move: Knock Off|[of] p2a: CAPTAIN jack s\n|\n|upkeep\n|turn|14\n|\n|t:|1699143151\n|move|p1a: Bitey|Stealth Rock|p2a: CAPTAIN jack s\n|-sidestart|p2: TheCharityGamerCar|move: Stealth Rock\n|move|p2a: CAPTAIN jack s|Roost|p2a: CAPTAIN jack s\n|-heal|p2a: CAPTAIN jack s|98\/100\n|-singleturn|p2a: CAPTAIN jack s|move: Roost\n|\n|upkeep\n|turn|15\n|\n|t:|1699143158\n|move|p1a: Bitey|Spikes|p2a: CAPTAIN jack s\n|-sidestart|p2: TheCharityGamerCar|Spikes\n|move|p2a: CAPTAIN jack s|Defog|p1a: Bitey\n|-unboost|p1a: Bitey|evasion|1\n|-sideend|p2: TheCharityGamerCar|Spikes|[from] move: Defog|[of] p2a: CAPTAIN jack s\n|-sideend|p2: TheCharityGamerCar|Stealth Rock|[from] move: Defog|[of] p2a: CAPTAIN jack s\n|\n|upkeep\n|turn|16\n|c|\u2606Jcdragontales|NO\n|c|\u2606Jcdragontales|WHY\n|\n|t:|1699143168\n|move|p1a: Bitey|Mud Shot|p2a: CAPTAIN jack s\n|-resisted|p2a: CAPTAIN jack s\n|-damage|p2a: CAPTAIN jack s|91\/100\n|-unboost|p2a: CAPTAIN jack s|spe|1\n|move|p2a: CAPTAIN jack s|U-turn|p1a: Bitey\n|-damage|p1a: Bitey|70\/100\n|-damage|p2a: CAPTAIN jack s|78\/100|[from] ability: Rough Skin|[of] p1a: Bitey\n|\n|t:|1699143178\n|switch|p2a: Reger|Snorlax, M, shiny, tera:Ice|33\/100|[from] U-turn\n|\n|-heal|p2a: Reger|39\/100|[from] item: Leftovers\n|upkeep\n|turn|17\n|\n|t:|1699143217\n|move|p1a: Bitey|Rock Slide|p2a: Reger\n|-supereffective|p2a: Reger\n|-damage|p2a: Reger|3\/100\n|move|p2a: Reger|Ice Beam|p1a: Bitey\n|-supereffective|p1a: Bitey\n|-damage|p1a: Bitey|0 fnt\n|faint|p1a: Bitey\n|\n|-heal|p2a: Reger|9\/100|[from] item: Leftovers\n|upkeep\n|\n|t:|1699143226\n|switch|p1a: SpookySeasonOver|Chandelure, F, tera:Normal|23\/100\n|turn|18\n|\n|t:|1699143232\n|move|p1a: SpookySeasonOver|Flamethrower|p2a: Reger\n|-supereffective|p2a: Reger\n|-damage|p2a: Reger|0 fnt\n|faint|p2a: Reger\n|\n|-heal|p1a: SpookySeasonOver|30\/100|[from] item: Leftovers\n|upkeep\n|\n|t:|1699143238\n|switch|p2a: Magpie|Magnezone|100\/100\n|turn|19\n|\n|t:|1699143246\n|move|p2a: Magpie|Thunderbolt|p1a: SpookySeasonOver\n|-damage|p1a: SpookySeasonOver|0 fnt\n|faint|p1a: SpookySeasonOver\n|\n|upkeep\n|\n|t:|1699143248\n|switch|p1a: GuessWho|Ditto|100\/100\n|-transform|p1a: GuessWho|p2a: Magpie|[from] ability: Imposter\n|turn|20\n|\n|t:|1699143256\n|move|p1a: GuessWho|Thunderbolt|p2a: Magpie\n|-resisted|p2a: Magpie\n|-crit|p2a: Magpie\n|-damage|p2a: Magpie|55\/100\n|move|p2a: Magpie|Thunderbolt|p1a: GuessWho\n|-resisted|p1a: GuessWho\n|-damage|p1a: GuessWho|69\/100\n|\n|upkeep\n|turn|21\n|\n|t:|1699143263\n|move|p1a: GuessWho|Thunderbolt|p2a: Magpie\n|-resisted|p2a: Magpie\n|-damage|p2a: Magpie|26\/100\n|move|p2a: Magpie|Thunderbolt|p1a: GuessWho\n|-resisted|p1a: GuessWho\n|-damage|p1a: GuessWho|38\/100\n|\n|upkeep\n|turn|22\n|\n|t:|1699143274\n|move|p2a: Magpie|Thunderbolt|p1a: GuessWho\n|-resisted|p1a: GuessWho\n|-damage|p1a: GuessWho|7\/100\n|move|p1a: GuessWho|Thunderbolt|p2a: Magpie\n|-resisted|p2a: Magpie\n|-damage|p2a: Magpie|0 fnt\n|faint|p2a: Magpie\n|\n|upkeep\n|\n|t:|1699143280\n|switch|p2a: CAPTAIN jack s|Decidueye, M, shiny|78\/100\n|turn|23\n|\n|t:|1699143283\n|move|p1a: GuessWho|Thunderbolt|p2a: CAPTAIN jack s\n|-resisted|p2a: CAPTAIN jack s\n|-damage|p2a: CAPTAIN jack s|56\/100\n|move|p2a: CAPTAIN jack s|Knock Off|p1a: GuessWho\n|-damage|p1a: GuessWho|0 fnt\n|-enditem|p1a: GuessWho|Choice Scarf|[from] move: Knock Off|[of] p2a: CAPTAIN jack s\n|faint|p1a: GuessWho\n|\n|upkeep\n|\n|t:|1699143288\n|switch|p1a: Bensaur|Aerodactyl, F, shiny|100\/100\n|turn|24\n|\n|t:|1699143297\n|detailschange|p1a: Bensaur|Aerodactyl-Mega, F, shiny\n|-mega|p1a: Bensaur|Aerodactyl|Aerodactylite\n|move|p1a: Bensaur|Dual Wingbeat|p2a: CAPTAIN jack s\n|-supereffective|p2a: CAPTAIN jack s\n|-damage|p2a: CAPTAIN jack s|4\/100\n|-supereffective|p2a: CAPTAIN jack s\n|-damage|p2a: CAPTAIN jack s|0 fnt\n|faint|p2a: CAPTAIN jack s\n|-hitcount|p2: CAPTAIN jack s|2\n|\n|win|Jcdragontales\n|c|\u2606TheCharityGamerCar|gg\n|c|\u2606Jcdragontales|Whew gg man\n|c|\u2606Jcdragontales|that was a good one\n|c|\u2606TheCharityGamerCar|si wish i didnt lose Darm so early\n|c|\u2606Jcdragontales|that crit off the bat got me\n|c|\u2606Jcdragontales|i had such a neat build for that dumb giraffe lol\n|c|\u2606TheCharityGamerCar|yeah that was lucky. Good luck in the offs!\n|c|\u2606Jcdragontales|gg man! Hope to see ha\n|c|\u2606Jcdragontales|ya\n|l|\u2606TheCharityGamerCar\n","uploadtime":1699143358,"views":15,"p1id":"jcdragontales","p2id":"thecharitygamercar","formatid":"gen9nationaldexubers","rating":0,"private":0,"password":""}