{"id":"gen9nationaldexubers-1982624023","p1":"jmmannar27","p2":"TikToy","format":"[Gen 9] National Dex Ubers","log":"|j|\u2606jmmannar27\n|j|\u2606TikToy\n|t:|1699030692\n|gametype|singles\n|player|p1|jmmannar27|biker-gen4|1148\n|player|p2|TikToy|nate|1149\n|teamsize|p1|6\n|teamsize|p2|6\n|gen|9\n|tier|[Gen 9] National Dex Ubers\n|rated|\n|rule|HP Percentage Mod: HP is shown in percentages\n|rule|Endless Battle Clause: Forcing endless battles is banned\n|rule|OHKO Clause: OHKO moves are banned\n|rule|Evasion Moves Clause: Evasion moves are banned\n|rule|Evasion Items Clause: Evasion items are banned\n|rule|Species Clause: Limit one of each Pok\u00e9mon\n|rule|Sleep Clause Mod: Limit one foe put to sleep\n|rule|Mega Rayquaza Clause: You cannot mega evolve Rayquaza\n|clearpoke\n|poke|p1|Clodsire, F|\n|poke|p1|Cyclizar, F|\n|poke|p1|Espathra, F|\n|poke|p1|Gholdengo|\n|poke|p1|Baxcalibur, F|\n|poke|p1|Meowscarada, M|\n|poke|p2|Inteleon, M|\n|poke|p2|Toxapex, F|\n|poke|p2|Zeraora|\n|poke|p2|Urshifu-*, M|\n|poke|p2|Sylveon, M|\n|poke|p2|Zacian-*|\n|teampreview\n|\n|t:|1699030706\n|start\n|switch|p1a: Cyclizar|Cyclizar, F, shiny|100\/100\n|switch|p2a: Snipzz|Inteleon, M|100\/100\n|turn|1\n|\n|t:|1699030718\n|move|p2a: Snipzz|Ice Beam|p1a: Cyclizar\n|-supereffective|p1a: Cyclizar\n|-damage|p1a: Cyclizar|18\/100\n|-enditem|p1a: Cyclizar|Sitrus Berry|[eat]\n|-heal|p1a: Cyclizar|43\/100|[from] item: Sitrus Berry\n|move|p1a: Cyclizar|Shed Tail|p1a: Cyclizar\n|-fail|p1a: Cyclizar|move: Shed Tail|[weak]\n|\n|upkeep\n|turn|2\n|\n|t:|1699030737\n|switch|p1a: Bax streets bax|Baxcalibur, F|100\/100\n|move|p2a: Snipzz|Ice Beam|p1a: Bax streets bax\n|-damage|p1a: Bax streets bax|66\/100\n|\n|upkeep\n|turn|3\n|inactive|Battle timer is ON: inactive players will automatically lose when time's up. (requested by TikToy)\n|\n|t:|1699030757\n|move|p2a: Snipzz|U-turn|p1a: Bax streets bax\n|-damage|p1a: Bax streets bax|53\/100\n|\n|t:|1699030764\n|switch|p2a: Zacian|Zacian-Crowned|100\/100|[from] U-turn\n|-ability|p2a: Zacian|Intrepid Sword|boost\n|-boost|p2a: Zacian|atk|1\n|move|p1a: Bax streets bax|Dragon Dance|p1a: Bax streets bax\n|-boost|p1a: Bax streets bax|atk|1\n|-boost|p1a: Bax streets bax|spe|1\n|\n|upkeep\n|turn|4\n|\n|t:|1699030787\n|move|p2a: Zacian|Psychic Fangs|p1a: Bax streets bax\n|-damage|p1a: Bax streets bax|0 fnt\n|faint|p1a: Bax streets bax\n|\n|upkeep\n|\n|t:|1699030806\n|switch|p1a: Meowscarada|Meowscarada, M|100\/100\n|turn|5\n|\n|t:|1699030826\n|move|p2a: Zacian|Play Rough|p1a: Meowscarada\n|-supereffective|p1a: Meowscarada\n|-damage|p1a: Meowscarada|0 fnt\n|faint|p1a: Meowscarada\n|\n|upkeep\n|\n|t:|1699030831\n|switch|p1a: Gholdengo|Gholdengo, shiny|100\/100\n|-item|p1a: Gholdengo|Air Balloon\n|turn|6\n|\n|t:|1699030849\n|switch|p2a: Urshifu|Urshifu, M|100\/100\n|move|p1a: Gholdengo|Nasty Plot|p1a: Gholdengo\n|-boost|p1a: Gholdengo|spa|2\n|\n|upkeep\n|turn|7\n|\n|t:|1699030868\n|move|p2a: Urshifu|Wicked Blow|p1a: Gholdengo\n|-supereffective|p1a: Gholdengo\n|-crit|p1a: Gholdengo\n|-damage|p1a: Gholdengo|0 fnt\n|-enditem|p1a: Gholdengo|Air Balloon\n|faint|p1a: Gholdengo\n|\n|upkeep\n|\n|t:|1699030872\n|switch|p1a: Clodsire|Clodsire, F, shiny|100\/100\n|turn|8\n|\n|t:|1699030880\n|move|p2a: Urshifu|Wicked Blow|p1a: Clodsire\n|-crit|p1a: Clodsire\n|-damage|p1a: Clodsire|26\/100\n|move|p1a: Clodsire|Stockpile|p1a: Clodsire\n|-start|p1a: Clodsire|stockpile1\n|-boost|p1a: Clodsire|def|1\n|-boost|p1a: Clodsire|spd|1\n|\n|upkeep\n|turn|9\n|\n|t:|1699030888\n|move|p2a: Urshifu|Wicked Blow|p1a: Clodsire\n|-crit|p1a: Clodsire\n|-damage|p1a: Clodsire|0 fnt\n|faint|p1a: Clodsire\n|\n|upkeep\n|\n|t:|1699030893\n|switch|p1a: Espathra|Espathra, F, shiny|100\/100\n|turn|10\n|\n|t:|1699030903\n|move|p2a: Urshifu|Wicked Blow|p1a: Espathra\n|-supereffective|p1a: Espathra\n|-crit|p1a: Espathra\n|-damage|p1a: Espathra|0 fnt\n|faint|p1a: Espathra\n|\n|upkeep\n|\n|t:|1699030906\n|switch|p1a: Cyclizar|Cyclizar, F, shiny|76\/100\n|turn|11\n|\n|t:|1699030917\n|move|p1a: Cyclizar|Draco Meteor|p2a: Urshifu\n|-damage|p2a: Urshifu|44\/100\n|-unboost|p1a: Cyclizar|spa|2\n|move|p2a: Urshifu|Wicked Blow|p1a: Cyclizar\n|-crit|p1a: Cyclizar\n|-damage|p1a: Cyclizar|0 fnt\n|faint|p1a: Cyclizar\n|\n|win|TikToy\n|raw|jmmannar27's rating: 1148 &rarr; <strong>1123<\/strong><br \/>(-25 for losing)\n|raw|TikToy's rating: 1149 &rarr; <strong>1174<\/strong><br \/>(+25 for winning)\n|l|\u2606jmmannar27\n","uploadtime":1699030929,"views":4,"p1id":"jmmannar27","p2id":"tiktoy","formatid":"gen9nationaldexubers","rating":1123,"private":0,"password":""}