{"id":"gen9nationaldexubers-1978847743","p1":"DrArkane15","p2":"NicoTheGodTrainer","format":"[Gen 9] National Dex Ubers","log":"|j|\u2606DrArkane15\n|j|\u2606NicoTheGodTrainer\n|t:|1698602263\n|gametype|singles\n|player|p1|DrArkane15|cyrus|\n|player|p2|NicoTheGodTrainer|n|\n|teamsize|p1|2\n|teamsize|p2|5\n|gen|9\n|tier|[Gen 9] National Dex Ubers\n|rule|HP Percentage Mod: HP is shown in percentages\n|rule|Endless Battle Clause: Forcing endless battles is banned\n|rule|OHKO Clause: OHKO moves are banned\n|rule|Evasion Moves Clause: Evasion moves are banned\n|rule|Evasion Items Clause: Evasion items are banned\n|rule|Species Clause: Limit one of each Pok\u00e9mon\n|rule|Sleep Clause Mod: Limit one foe put to sleep\n|rule|Mega Rayquaza Clause: You cannot mega evolve Rayquaza\n|clearpoke\n|poke|p1|Riolu, L15, F|\n|poke|p1|Kubfu, L13, M|\n|poke|p2|Snivy, L13, M|\n|poke|p2|Magikarp, L5, M|\n|poke|p2|Shinx, L5, M|\n|poke|p2|Pidgey, L14, F|\n|poke|p2|Fletchling, L5, M|\n|teampreview\n|inactive|Battle timer is ON: inactive players will automatically lose when time's up. (requested by NicoTheGodTrainer)\n|\n|t:|1698602268\n|start\n|switch|p1a: Kubfu|Kubfu, L13, M|100\/100\n|switch|p2a: Pidgey|Pidgey, L14, F|100\/100\n|turn|1\n|\n|t:|1698602274\n|move|p1a: Kubfu|Rock Smash|p2a: Pidgey\n|-damage|p2a: Pidgey|56\/100\n|move|p2a: Pidgey|Gust|p1a: Kubfu\n|-supereffective|p1a: Kubfu\n|-damage|p1a: Kubfu|53\/100\n|\n|upkeep\n|turn|2\n|\n|t:|1698602281\n|move|p1a: Kubfu|Rock Smash|p2a: Pidgey\n|-damage|p2a: Pidgey|10\/100\n|move|p2a: Pidgey|Gust|p1a: Kubfu\n|-supereffective|p1a: Kubfu\n|-damage|p1a: Kubfu|5\/100\n|\n|upkeep\n|turn|3\n|\n|t:|1698602287\n|move|p2a: Pidgey|Quick Attack|p1a: Kubfu\n|-damage|p1a: Kubfu|0 fnt\n|faint|p1a: Kubfu\n|\n|upkeep\n|\n|t:|1698602291\n|switch|p1a: Riolu|Riolu, L15, F|100\/100\n|turn|4\n|\n|t:|1698602295\n|move|p1a: Riolu|Quick Attack|p2a: Pidgey\n|-damage|p2a: Pidgey|0 fnt\n|faint|p2a: Pidgey\n|\n|upkeep\n|\n|t:|1698602299\n|switch|p2a: Shinx|Shinx, L5, M|100\/100\n|-ability|p2a: Shinx|Intimidate|boost\n|-unboost|p1a: Riolu|atk|1\n|turn|5\n|\n|t:|1698602303\n|move|p1a: Riolu|Metal Claw|p2a: Shinx\n|-resisted|p2a: Shinx\n|-damage|p2a: Shinx|53\/100\n|move|p2a: Shinx|Leer|p1a: Riolu\n|-unboost|p1a: Riolu|def|1\n|\n|upkeep\n|turn|6\n|\n|t:|1698602317\n|move|p2a: Shinx|Quick Attack|p1a: Riolu\n|-damage|p1a: Riolu|91\/100\n|move|p1a: Riolu|Metal Claw|p2a: Shinx\n|-resisted|p2a: Shinx\n|-damage|p2a: Shinx|5\/100\n|\n|upkeep\n|turn|7\n|\n|t:|1698602325\n|switch|p2a: Magikarp|Magikarp, L5, M|100\/100\n|move|p1a: Riolu|Quick Attack|p2a: Magikarp\n|-damage|p2a: Magikarp|29\/100\n|\n|upkeep\n|turn|8\n|\n|t:|1698602330\n|move|p1a: Riolu|Quick Attack|p2a: Magikarp\n|-damage|p2a: Magikarp|0 fnt\n|faint|p2a: Magikarp\n|\n|upkeep\n|\n|t:|1698602334\n|switch|p2a: Shinx|Shinx, L5, M|5\/100\n|-ability|p2a: Shinx|Intimidate|boost\n|-unboost|p1a: Riolu|atk|1\n|turn|9\n|\n|t:|1698602338\n|switch|p2a: Fletchling|Fletchling, L5, M|100\/100\n|move|p1a: Riolu|Quick Attack|p2a: Fletchling\n|-crit|p2a: Fletchling\n|-damage|p2a: Fletchling|0 fnt\n|faint|p2a: Fletchling\n|\n|upkeep\n|\n|t:|1698602341\n|switch|p2a: Shinx|Shinx, L5, M|5\/100\n|-ability|p2a: Shinx|Intimidate|boost\n|-unboost|p1a: Riolu|atk|1\n|turn|10\n|\n|t:|1698602346\n|move|p1a: Riolu|Quick Attack|p2a: Shinx\n|-damage|p2a: Shinx|0 fnt\n|faint|p2a: Shinx\n|\n|upkeep\n|\n|t:|1698602348\n|switch|p2a: Snivy|Snivy, L13, M|100\/100\n|turn|11\n|\n|t:|1698602353\n|move|p2a: Snivy|Vine Whip|p1a: Riolu\n|-damage|p1a: Riolu|44\/100\n|move|p1a: Riolu|Counter|p2a: Snivy\n|-damage|p2a: Snivy|5\/100\n|\n|upkeep\n|turn|12\n|c|\u2606NicoTheGodTrainer|Oh ptn j'avais oubli\u00e9 \u00e7a mdrrr\n|\n|t:|1698602370\n|move|p1a: Riolu|Quick Attack|p2a: Snivy\n|-damage|p2a: Snivy|0 fnt\n|faint|p2a: Snivy\n|\n|win|DrArkane15\n|c|\u2606NicoTheGodTrainer|Bah gg, mtn je ferai gaffe \u00e0 riposte\n|c|\u2606DrArkane15|et oui faut s'en m\u00e9fier\n","uploadtime":1698602409,"views":16,"p1id":"drarkane15","p2id":"nicothegodtrainer","formatid":"gen9nationaldexubers","rating":0,"private":0,"password":""}