{"id":"gen9nationaldexubers-1986531697","p1":"Davarv","p2":"DracoAxel","format":"[Gen 9] National Dex Ubers","log":"|j|\u2606Davarv\n|j|\u2606DracoAxel\n|t:|1699488847\n|gametype|singles\n|player|p1|Davarv|giovanni|\n|player|p2|DracoAxel|nate|\n|teamsize|p1|6\n|teamsize|p2|6\n|gen|9\n|tier|[Gen 9] National Dex Ubers\n|rule|HP Percentage Mod: HP is shown in percentages\n|rule|Endless Battle Clause: Forcing endless battles is banned\n|rule|OHKO Clause: OHKO moves are banned\n|rule|Evasion Moves Clause: Evasion moves are banned\n|rule|Evasion Items Clause: Evasion items are banned\n|rule|Species Clause: Limit one of each Pok\u00e9mon\n|rule|Sleep Clause Mod: Limit one foe put to sleep\n|rule|Mega Rayquaza Clause: You cannot mega evolve Rayquaza\n|clearpoke\n|poke|p1|Metagross|\n|poke|p1|Samurott-Hisui, F|\n|poke|p1|Gliscor, F|\n|poke|p1|Zoroark-Hisui, F|\n|poke|p1|Togekiss, F|\n|poke|p1|Serperior, F|\n|poke|p2|Torkoal, M|\n|poke|p2|Blaziken, M|\n|poke|p2|Skeledirge, M|\n|poke|p2|Cinderace, F|\n|poke|p2|Venusaur, M|\n|poke|p2|Volcarona, F|\n|teampreview\n|\n|t:|1699488884\n|start\n|switch|p1a: Gliscor|Gliscor, F|100\/100\n|switch|p2a: El solecito|Torkoal, M|100\/100\n|-weather|SunnyDay|[from] ability: Drought|[of] p2a: El solecito\n|turn|1\n|\n|t:|1699488908\n|move|p1a: Gliscor|Knock Off|p2a: El solecito\n|-crit|p2a: El solecito\n|-damage|p2a: El solecito|69\/100\n|-enditem|p2a: El solecito|Eject Pack|[from] move: Knock Off|[of] p1a: Gliscor\n|move|p2a: El solecito|Overheat|p1a: Gliscor\n|-damage|p1a: Gliscor|15\/100\n|-unboost|p2a: El solecito|spa|2\n|\n|-weather|SunnyDay|[upkeep]\n|-status|p1a: Gliscor|tox|[from] item: Toxic Orb\n|upkeep\n|turn|2\n|\n|t:|1699488924\n|switch|p2a: Mariwano|Venusaur, M|100\/100\n|move|p1a: Gliscor|Earthquake|p2a: Mariwano\n|-damage|p2a: Mariwano|48\/100\n|\n|-weather|SunnyDay|[upkeep]\n|-heal|p1a: Gliscor|27\/100 tox|[from] ability: Poison Heal\n|upkeep\n|turn|3\n|\n|t:|1699488955\n|-terastallize|p2a: Mariwano|Fire\n|move|p2a: Mariwano|Weather Ball|p1a: Gliscor\n|-damage|p1a: Gliscor|0 fnt\n|faint|p1a: Gliscor\n|-damage|p2a: Mariwano|38\/100|[from] item: Life Orb\n|\n|-weather|SunnyDay|[upkeep]\n|upkeep\n|\n|t:|1699488984\n|switch|p1a: Togekiss|Togekiss, F|100\/100\n|turn|4\n|\n|t:|1699488989\n|move|p2a: Mariwano|Sludge Bomb|p1a: Togekiss\n|-supereffective|p1a: Togekiss\n|-damage|p1a: Togekiss|0 fnt\n|faint|p1a: Togekiss\n|-damage|p2a: Mariwano|28\/100|[from] item: Life Orb\n|\n|-weather|SunnyDay|[upkeep]\n|upkeep\n|\n|t:|1699489029\n|switch|p1a: Samurott|Samurott-Hisui, F, shiny|100\/100\n|turn|5\n|\n|t:|1699489038\n|move|p1a: Samurott|Aqua Jet|p2a: Mariwano\n|-supereffective|p2a: Mariwano\n|-damage|p2a: Mariwano|0 fnt\n|faint|p2a: Mariwano\n|-damage|p1a: Samurott|91\/100|[from] item: Life Orb\n|\n|-weather|none\n|upkeep\n|\n|t:|1699489043\n|switch|p2a: El solecito|Torkoal, M|69\/100\n|-weather|SunnyDay|[from] ability: Drought|[of] p2a: El solecito\n|turn|6\n|\n|t:|1699489076\n|move|p1a: Samurott|Ceaseless Edge|p2a: El solecito\n|-damage|p2a: El solecito|24\/100\n|-sidestart|p2: DracoAxel|Spikes\n|-damage|p1a: Samurott|81\/100|[from] item: Life Orb\n|move|p2a: El solecito|Yawn|p1a: Samurott\n|-start|p1a: Samurott|move: Yawn|[of] p2a: El solecito\n|\n|-weather|SunnyDay|[upkeep]\n|upkeep\n|turn|7\n|\n|t:|1699489108\n|switch|p1a: Serperior|Serperior, F|100\/100\n|move|p2a: El solecito|Overheat|p1a: Serperior\n|-damage|p1a: Serperior|0 fnt\n|-unboost|p2a: El solecito|spa|2\n|replace|p1a: Zoroark|Zoroark-Hisui, F, shiny\n|-end|p1a: Zoroark|Illusion\n|faint|p1a: Zoroark\n|\n|-weather|SunnyDay|[upkeep]\n|upkeep\n|\n|t:|1699489150\n|switch|p1a: Samurott|Samurott-Hisui, F, shiny|81\/100\n|turn|8\n|\n|t:|1699489182\n|move|p1a: Samurott|Ceaseless Edge|p2a: El solecito\n|-damage|p2a: El solecito|0 fnt\n|-sidestart|p2: DracoAxel|Spikes\n|faint|p2a: El solecito\n|-damage|p1a: Samurott|71\/100|[from] item: Life Orb\n|\n|-weather|SunnyDay|[upkeep]\n|upkeep\n|\n|t:|1699489187\n|switch|p2a: Messi.siuuuu|Cinderace, F|100\/100\n|-damage|p2a: Messi.siuuuu|84\/100|[from] Spikes\n|turn|9\n|\n|t:|1699489198\n|move|p1a: Samurott|Aqua Jet|p2a: Messi.siuuuu\n|-supereffective|p2a: Messi.siuuuu\n|-crit|p2a: Messi.siuuuu\n|-damage|p2a: Messi.siuuuu|35\/100\n|-damage|p1a: Samurott|61\/100|[from] item: Life Orb\n|move|p2a: Messi.siuuuu|High Jump Kick|p1a: Samurott|[miss]\n|-start|p2a: Messi.siuuuu|typechange|Fighting|[from] ability: Libero\n|-miss|p2a: Messi.siuuuu|p1a: Samurott\n|-damage|p2a: Messi.siuuuu|0 fnt|[from] highjumpkick\n|faint|p2a: Messi.siuuuu\n|\n|-weather|SunnyDay|[upkeep]\n|upkeep\n|\n|t:|1699489208\n|switch|p2a: Turbofollada|Blaziken, M|100\/100\n|-damage|p2a: Turbofollada|84\/100|[from] Spikes\n|turn|10\n|\n|t:|1699489220\n|detailschange|p2a: Turbofollada|Blaziken-Mega, M\n|-mega|p2a: Turbofollada|Blaziken|Blazikenite\n|move|p2a: Turbofollada|Protect|p2a: Turbofollada\n|-singleturn|p2a: Turbofollada|Protect\n|move|p1a: Samurott|Aqua Jet|p2a: Turbofollada\n|-activate|p2a: Turbofollada|move: Protect\n|\n|-weather|none\n|-ability|p2a: Turbofollada|Speed Boost|boost\n|-boost|p2a: Turbofollada|spe|1\n|upkeep\n|turn|11\n|\n|t:|1699489228\n|move|p1a: Samurott|Aqua Jet|p2a: Turbofollada\n|-supereffective|p2a: Turbofollada\n|-damage|p2a: Turbofollada|16\/100\n|-damage|p1a: Samurott|51\/100|[from] item: Life Orb\n|move|p2a: Turbofollada|Close Combat|p1a: Samurott\n|-supereffective|p1a: Samurott\n|-damage|p1a: Samurott|0 fnt\n|-unboost|p2a: Turbofollada|def|1\n|-unboost|p2a: Turbofollada|spd|1\n|faint|p1a: Samurott\n|\n|-ability|p2a: Turbofollada|Speed Boost|boost\n|-boost|p2a: Turbofollada|spe|1\n|upkeep\n|\n|t:|1699489237\n|switch|p1a: Metagross|Metagross, shiny|100\/100\n|turn|12\n|\n|t:|1699489245\n|detailschange|p1a: Metagross|Metagross-Mega, shiny\n|-mega|p1a: Metagross|Metagross|Metagrossite\n|move|p1a: Metagross|Bullet Punch|p2a: Turbofollada\n|-resisted|p2a: Turbofollada\n|-damage|p2a: Turbofollada|0 fnt\n|faint|p2a: Turbofollada\n|\n|upkeep\n|\n|t:|1699489251\n|switch|p2a: Mariposo|Volcarona, F|100\/100\n|turn|13\n|\n|t:|1699489255\n|move|p1a: Metagross|Rock Slide|p2a: Mariposo\n|-supereffective|p2a: Mariposo\n|-damage|p2a: Mariposo|0 fnt\n|faint|p2a: Mariposo\n|\n|upkeep\n|\n|t:|1699489258\n|switch|p2a: Skelegod|Skeledirge, M|100\/100\n|-damage|p2a: Skelegod|84\/100|[from] Spikes\n|turn|14\n|\n|t:|1699489264\n|move|p1a: Metagross|Rock Slide|p2a: Skelegod\n|-supereffective|p2a: Skelegod\n|-damage|p2a: Skelegod|43\/100\n|cant|p2a: Skelegod|flinch\n|\n|-heal|p2a: Skelegod|49\/100|[from] item: Leftovers\n|upkeep\n|turn|15\n|\n|t:|1699489272\n|move|p1a: Metagross|Earthquake|p2a: Skelegod\n|-supereffective|p2a: Skelegod\n|-damage|p2a: Skelegod|0 fnt\n|faint|p2a: Skelegod\n|\n|win|Davarv\n|c|\u2606Davarv|gg\n","uploadtime":1699489281,"views":6,"p1id":"davarv","p2id":"dracoaxel","formatid":"gen9nationaldexubers","rating":0,"private":0,"password":""}