{"id":"gen9nationaldexubers-1984241628","p1":"XYZ15","p2":"Dogcartcat","format":"[Gen 9] National Dex Ubers","log":"|j|\u2606XYZ15\n|j|\u2606Dogcartcat\n|t:|1699234033\n|gametype|singles\n|player|p1|XYZ15|rei|1359\n|player|p2|Dogcartcat|266|1557\n|teamsize|p1|6\n|teamsize|p2|6\n|gen|9\n|tier|[Gen 9] National Dex Ubers\n|rated|\n|rule|HP Percentage Mod: HP is shown in percentages\n|rule|Endless Battle Clause: Forcing endless battles is banned\n|rule|OHKO Clause: OHKO moves are banned\n|rule|Evasion Moves Clause: Evasion moves are banned\n|rule|Evasion Items Clause: Evasion items are banned\n|rule|Species Clause: Limit one of each Pok\u00e9mon\n|rule|Sleep Clause Mod: Limit one foe put to sleep\n|rule|Mega Rayquaza Clause: You cannot mega evolve Rayquaza\n|clearpoke\n|poke|p1|Darmanitan-Galar, M|\n|poke|p1|Kyogre|\n|poke|p1|Marshadow|\n|poke|p1|Magearna|\n|poke|p1|Salamence, M|\n|poke|p1|Ho-Oh|\n|poke|p2|Groudon|\n|poke|p2|Ho-Oh|\n|poke|p2|Eternatus|\n|poke|p2|Zygarde|\n|poke|p2|Arceus-Dark|\n|poke|p2|Marshadow|\n|teampreview\n|\n|t:|1699234063\n|start\n|switch|p1a: Darmanitan|Darmanitan-Galar, M|100\/100\n|switch|p2a: Ho-Oh|Ho-Oh|100\/100\n|turn|1\n|\n|t:|1699234079\n|move|p1a: Darmanitan|U-turn|p2a: Ho-Oh\n|-resisted|p2a: Ho-Oh\n|-damage|p2a: Ho-Oh|94\/100\n|\n|t:|1699234081\n|switch|p1a: Kyogre|Kyogre|100\/100|[from] U-turn\n|detailschange|p1a: Kyogre|Kyogre-Primal\n|-primal|p1a: Kyogre|Blue Orb\n|-weather|PrimordialSea|[from] ability: Primordial Sea|[of] p1a: Kyogre\n|move|p2a: Ho-Oh|Toxic|p1a: Kyogre\n|-status|p1a: Kyogre|tox\n|\n|-weather|PrimordialSea|[upkeep]\n|-damage|p1a: Kyogre|94\/100 tox|[from] psn\n|upkeep\n|turn|2\n|\n|t:|1699234099\n|switch|p2a: Groudon|Groudon|100\/100\n|detailschange|p2a: Groudon|Groudon-Primal\n|-primal|p2a: Groudon|Red Orb\n|-weather|DesolateLand|[from] ability: Desolate Land|[of] p2a: Groudon\n|switch|p1a: Salamence|Salamence, M|100\/100\n|-ability|p1a: Salamence|Intimidate|boost\n|-unboost|p2a: Groudon|atk|1\n|\n|-weather|DesolateLand|[upkeep]\n|upkeep\n|turn|3\n|\n|t:|1699234112\n|detailschange|p1a: Salamence|Salamence-Mega, M\n|-mega|p1a: Salamence|Salamence|Salamencite\n|move|p1a: Salamence|Dragon Dance|p1a: Salamence\n|-boost|p1a: Salamence|atk|1\n|-boost|p1a: Salamence|spe|1\n|move|p2a: Groudon|Stealth Rock|p1a: Salamence\n|-sidestart|p1: XYZ15|move: Stealth Rock\n|\n|-weather|DesolateLand|[upkeep]\n|upkeep\n|turn|4\n|\n|t:|1699234133\n|move|p1a: Salamence|Earthquake|p2a: Groudon\n|-supereffective|p2a: Groudon\n|-damage|p2a: Groudon|43\/100\n|move|p2a: Groudon|Overheat|p1a: Salamence\n|-resisted|p1a: Salamence\n|-damage|p1a: Salamence|51\/100\n|-unboost|p2a: Groudon|spa|2\n|\n|-weather|DesolateLand|[upkeep]\n|upkeep\n|turn|5\n|\n|t:|1699234153\n|-weather|none\n|switch|p2a: Zygarde|Zygarde|100\/100\n|move|p1a: Salamence|Dragon Claw|p2a: Zygarde\n|-supereffective|p2a: Zygarde\n|-damage|p2a: Zygarde|31\/100\n|\n|-heal|p2a: Zygarde|37\/100|[from] item: Leftovers\n|-activate|p2a: Zygarde|ability: Power Construct\n|detailschange|p2a: Zygarde|Zygarde-Complete\n|-heal|p2a: Zygarde|59\/100|[silent]\n|upkeep\n|turn|6\n|\n|t:|1699234175\n|switch|p2a: Ho-Oh|Ho-Oh|100\/100\n|move|p1a: Salamence|Dragon Claw|p2a: Ho-Oh\n|-damage|p2a: Ho-Oh|54\/100\n|\n|upkeep\n|turn|7\n|\n|t:|1699234185\n|move|p1a: Salamence|Double-Edge|p2a: Ho-Oh\n|-damage|p2a: Ho-Oh|0 fnt\n|faint|p2a: Ho-Oh\n|-damage|p1a: Salamence|29\/100|[from] Recoil\n|\n|upkeep\n|\n|t:|1699234191\n|switch|p2a: Marshadow|Marshadow|100\/100\n|turn|8\n|\n|t:|1699234196\n|move|p2a: Marshadow|Shadow Sneak|p1a: Salamence\n|-damage|p1a: Salamence|0 fnt\n|faint|p1a: Salamence\n|-damage|p2a: Marshadow|91\/100|[from] item: Life Orb\n|\n|upkeep\n|\n|t:|1699234209\n|switch|p1a: Ho-Oh|Ho-Oh|100\/100\n|turn|9\n|\n|t:|1699234212\n|move|p2a: Marshadow|Rock Tomb|p1a: Ho-Oh\n|-supereffective|p1a: Ho-Oh\n|-damage|p1a: Ho-Oh|0 fnt\n|faint|p1a: Ho-Oh\n|-damage|p2a: Marshadow|81\/100|[from] item: Life Orb\n|\n|upkeep\n|\n|t:|1699234225\n|switch|p1a: Magearna|Magearna|100\/100\n|-damage|p1a: Magearna|94\/100|[from] Stealth Rock\n|turn|10\n|\n|t:|1699234255\n|switch|p2a: Eternatus|Eternatus|100\/100\n|-ability|p2a: Eternatus|Pressure\n|switch|p1a: Kyogre|Kyogre-Primal|94\/100 tox\n|-damage|p1a: Kyogre|82\/100 tox|[from] Stealth Rock\n|-weather|PrimordialSea|[from] ability: Primordial Sea|[of] p1a: Kyogre\n|\n|-weather|PrimordialSea|[upkeep]\n|-damage|p1a: Kyogre|76\/100 tox|[from] psn\n|upkeep\n|turn|11\n|\n|t:|1699234267\n|move|p2a: Eternatus|Toxic Spikes|p1a: Kyogre\n|-sidestart|p1: XYZ15|move: Toxic Spikes\n|move|p1a: Kyogre|Ice Beam|p2a: Eternatus\n|-supereffective|p2a: Eternatus\n|-damage|p2a: Eternatus|53\/100\n|\n|-weather|PrimordialSea|[upkeep]\n|-heal|p2a: Eternatus|60\/100|[from] item: Leftovers\n|-damage|p1a: Kyogre|63\/100 tox|[from] psn\n|upkeep\n|turn|12\n|\n|t:|1699234279\n|move|p2a: Eternatus|Recover|p2a: Eternatus\n|-heal|p2a: Eternatus|100\/100\n|move|p1a: Kyogre|Calm Mind|p1a: Kyogre\n|-boost|p1a: Kyogre|spa|1\n|-boost|p1a: Kyogre|spd|1\n|\n|-weather|PrimordialSea|[upkeep]\n|-damage|p1a: Kyogre|45\/100 tox|[from] psn\n|upkeep\n|turn|13\n|\n|t:|1699234287\n|move|p2a: Eternatus|Sludge Bomb|p1a: Kyogre\n|-damage|p1a: Kyogre|29\/100 tox\n|move|p1a: Kyogre|Ice Beam|p2a: Eternatus\n|-supereffective|p2a: Eternatus\n|-damage|p2a: Eternatus|24\/100\n|-status|p2a: Eternatus|frz\n|\n|-weather|PrimordialSea|[upkeep]\n|-heal|p2a: Eternatus|31\/100 frz|[from] item: Leftovers\n|-damage|p1a: Kyogre|4\/100 tox|[from] psn\n|upkeep\n|turn|14\n|\n|t:|1699234301\n|-curestatus|p2a: Eternatus|frz|[msg]\n|move|p2a: Eternatus|Recover|p2a: Eternatus\n|-heal|p2a: Eternatus|81\/100\n|move|p1a: Kyogre|Origin Pulse|p2a: Eternatus|[miss]\n|-miss|p1a: Kyogre|p2a: Eternatus\n|\n|-weather|PrimordialSea|[upkeep]\n|-heal|p2a: Eternatus|87\/100|[from] item: Leftovers\n|-damage|p1a: Kyogre|0 fnt|[from] psn\n|faint|p1a: Kyogre\n|-weather|none\n|upkeep\n|\n|t:|1699234308\n|switch|p1a: Darmanitan|Darmanitan-Galar, M|100\/100\n|-damage|p1a: Darmanitan|76\/100|[from] Stealth Rock\n|-status|p1a: Darmanitan|psn\n|turn|15\n|\n|t:|1699234320\n|move|p1a: Darmanitan|Icicle Crash|p2a: Eternatus\n|-supereffective|p2a: Eternatus\n|-damage|p2a: Eternatus|0 fnt\n|faint|p2a: Eternatus\n|\n|-damage|p1a: Darmanitan|63\/100 psn|[from] psn\n|upkeep\n|\n|t:|1699234328\n|switch|p2a: Marshadow|Marshadow|81\/100\n|turn|16\n|\n|t:|1699234353\n|move|p1a: Darmanitan|Icicle Crash|p2a: Marshadow\n|-damage|p2a: Marshadow|0 fnt\n|faint|p2a: Marshadow\n|\n|-damage|p1a: Darmanitan|51\/100 psn|[from] psn\n|upkeep\n|\n|t:|1699234369\n|switch|p2a: Zygarde|Zygarde-Complete|59\/100\n|turn|17\n|\n|t:|1699234381\n|-terastallize|p2a: Zygarde|Fairy\n|move|p1a: Darmanitan|Icicle Crash|p2a: Zygarde\n|-damage|p2a: Zygarde|35\/100\n|move|p2a: Zygarde|Coil|p2a: Zygarde\n|-boost|p2a: Zygarde|atk|1\n|-boost|p2a: Zygarde|def|1\n|-boost|p2a: Zygarde|accuracy|1\n|\n|-heal|p2a: Zygarde|41\/100|[from] item: Leftovers\n|-damage|p1a: Darmanitan|39\/100 psn|[from] psn\n|upkeep\n|turn|18\n|\n|t:|1699234397\n|move|p1a: Darmanitan|Icicle Crash|p2a: Zygarde\n|-damage|p2a: Zygarde|25\/100\n|move|p2a: Zygarde|Coil|p2a: Zygarde\n|-boost|p2a: Zygarde|atk|1\n|-boost|p2a: Zygarde|def|1\n|-boost|p2a: Zygarde|accuracy|1\n|\n|-heal|p2a: Zygarde|31\/100|[from] item: Leftovers\n|-damage|p1a: Darmanitan|27\/100 psn|[from] psn\n|upkeep\n|turn|19\n|\n|t:|1699234409\n|move|p1a: Darmanitan|Icicle Crash|p2a: Zygarde\n|-damage|p2a: Zygarde|18\/100\n|cant|p2a: Zygarde|flinch\n|\n|-heal|p2a: Zygarde|24\/100|[from] item: Leftovers\n|-damage|p1a: Darmanitan|14\/100 psn|[from] psn\n|upkeep\n|turn|20\n|\n|t:|1699234418\n|move|p1a: Darmanitan|Icicle Crash|p2a: Zygarde\n|-damage|p2a: Zygarde|12\/100\n|move|p2a: Zygarde|Rest|p2a: Zygarde\n|-status|p2a: Zygarde|slp|[from] move: Rest\n|-heal|p2a: Zygarde|100\/100 slp|[silent]\n|\n|-damage|p1a: Darmanitan|2\/100 psn|[from] psn\n|upkeep\n|turn|21\n|\n|t:|1699234427\n|move|p1a: Darmanitan|Icicle Crash|p2a: Zygarde|[miss]\n|-miss|p1a: Darmanitan|p2a: Zygarde\n|cant|p2a: Zygarde|slp\n|\n|-damage|p1a: Darmanitan|0 fnt|[from] psn\n|faint|p1a: Darmanitan\n|upkeep\n|\n|t:|1699234429\n|switch|p1a: Marshadow|Marshadow|100\/100\n|-damage|p1a: Marshadow|94\/100|[from] Stealth Rock\n|-status|p1a: Marshadow|psn\n|turn|22\n|\n|t:|1699234445\n|switch|p2a: Groudon|Groudon-Primal|43\/100\n|-weather|DesolateLand|[from] ability: Desolate Land|[of] p2a: Groudon\n|move|p1a: Marshadow|Drain Punch|p2a: Groudon\n|-damage|p2a: Groudon|24\/100\n|-heal|p1a: Marshadow|100\/100 psn|[from] drain|[of] p2a: Groudon\n|\n|-weather|DesolateLand|[upkeep]\n|-damage|p1a: Marshadow|88\/100 psn|[from] psn\n|upkeep\n|turn|23\n|\n|t:|1699234456\n|move|p1a: Marshadow|Spectral Thief|p2a: Groudon\n|-damage|p2a: Groudon|1\/100\n|move|p2a: Groudon|Overheat|p1a: Marshadow\n|-damage|p1a: Marshadow|0 fnt\n|-unboost|p2a: Groudon|spa|2\n|faint|p1a: Marshadow\n|\n|-weather|DesolateLand|[upkeep]\n|upkeep\n|\n|t:|1699234461\n|switch|p1a: Magearna|Magearna|94\/100\n|-damage|p1a: Magearna|88\/100|[from] Stealth Rock\n|turn|24\n|\n|t:|1699234471\n|-terastallize|p1a: Magearna|Fairy\n|move|p2a: Groudon|Precipice Blades|p1a: Magearna\n|-damage|p1a: Magearna|34\/100\n|move|p1a: Magearna|Ice Beam|p2a: Groudon\n|-damage|p2a: Groudon|0 fnt\n|faint|p2a: Groudon\n|-ability|p1a: Magearna|Soul-Heart|boost\n|-boost|p1a: Magearna|spa|1\n|-weather|none\n|\n|upkeep\n|\n|t:|1699234483\n|switch|p2a: Arceus|Arceus-Dark|100\/100\n|turn|25\n|\n|t:|1699234488\n|move|p2a: Arceus|Toxic|p1a: Magearna\n|-status|p1a: Magearna|tox\n|move|p1a: Magearna|Fleur Cannon|p2a: Arceus\n|-supereffective|p2a: Arceus\n|-damage|p2a: Arceus|0 fnt\n|-unboost|p1a: Magearna|spa|2\n|faint|p2a: Arceus\n|-ability|p1a: Magearna|Soul-Heart|boost\n|-boost|p1a: Magearna|spa|1\n|\n|-damage|p1a: Magearna|28\/100 tox|[from] psn\n|upkeep\n|\n|t:|1699234498\n|switch|p2a: Zygarde|Zygarde-Complete, tera:Fairy|100\/100 slp\n|turn|26\n|\n|t:|1699234502\n|cant|p2a: Zygarde|slp\n|move|p1a: Magearna|Flash Cannon|p2a: Zygarde\n|-supereffective|p2a: Zygarde\n|-damage|p2a: Zygarde|53\/100 slp\n|\n|-heal|p2a: Zygarde|59\/100 slp|[from] item: Leftovers\n|-damage|p1a: Magearna|16\/100 tox|[from] psn\n|upkeep\n|turn|27\n|\n|t:|1699234509\n|-curestatus|p2a: Zygarde|slp|[msg]\n|move|p2a: Zygarde|Thousand Arrows|p1a: Magearna\n|-damage|p1a: Magearna|0 fnt\n|faint|p1a: Magearna\n|\n|win|Dogcartcat\n|raw|XYZ15's rating: 1359 &rarr; <strong>1349<\/strong><br \/>(-10 for losing)\n|raw|Dogcartcat's rating: 1557 &rarr; <strong>1567<\/strong><br \/>(+10 for winning)\n|l|\u2606XYZ15\n|l|\u2606Dogcartcat\n|j|\u2606Dogcartcat\n|player|p2|Dogcartcat|266\n","uploadtime":1699234787,"views":5,"p1id":"xyz15","p2id":"dogcartcat","formatid":"gen9nationaldexubers","rating":1349,"private":0,"password":""}