{"id":"gen9nationaldexubers-1984706087","p1":"LibertyPecoraro","p2":"FLOWER-M0DE\u267b\ufe0f","format":"[Gen 9] National Dex Ubers","log":"|j|\u2606LibertyPecoraro\n|j|\u2606FLOWER-M0DE\u267b\ufe0f\n|t:|1699292411\n|gametype|singles\n|player|p1|LibertyPecoraro|cyrus|1012\n|player|p2|FLOWER-M0DE\u267b\ufe0f|erika-masters|1036\n|teamsize|p1|6\n|teamsize|p2|6\n|gen|9\n|tier|[Gen 9] National Dex Ubers\n|rated|\n|rule|HP Percentage Mod: HP is shown in percentages\n|rule|Endless Battle Clause: Forcing endless battles is banned\n|rule|OHKO Clause: OHKO moves are banned\n|rule|Evasion Moves Clause: Evasion moves are banned\n|rule|Evasion Items Clause: Evasion items are banned\n|rule|Species Clause: Limit one of each Pok\u00e9mon\n|rule|Sleep Clause Mod: Limit one foe put to sleep\n|rule|Mega Rayquaza Clause: You cannot mega evolve Rayquaza\n|clearpoke\n|poke|p1|Electrode-Hisui|\n|poke|p1|Alakazam, M|\n|poke|p1|Ninetales, M|\n|poke|p1|Diggersby, M|\n|poke|p1|Toxicroak, M|\n|poke|p1|Garchomp, M|\n|poke|p2|Ferrothorn, M|\n|poke|p2|Chesnaught, M|\n|poke|p2|Electrode-Hisui|\n|poke|p2|Roserade, F|\n|poke|p2|Lurantis, F|\n|poke|p2|Leavanny, F|\n|teampreview\n|inactive|Battle timer is ON: inactive players will automatically lose when time's up. (requested by LibertyPecoraro)\n|\n|t:|1699292417\n|start\n|switch|p1a: Luke|Electrode-Hisui, shiny|100\/100\n|switch|p2a: \ud83c\udf31\ud83c\udf43LEAVANNY\ud83c\udf43\u2618\ufe0f|Leavanny, F|100\/100\n|turn|1\n|\n|t:|1699292428\n|move|p1a: Luke|Explosion|p2a: \ud83c\udf31\ud83c\udf43LEAVANNY\ud83c\udf43\u2618\ufe0f\n|-damage|p2a: \ud83c\udf31\ud83c\udf43LEAVANNY\ud83c\udf43\u2618\ufe0f|53\/100\n|faint|p1a: Luke\n|move|p2a: \ud83c\udf31\ud83c\udf43LEAVANNY\ud83c\udf43\u2618\ufe0f|String Shot|p1: Luke|[notarget]\n|-fail|p2a: \ud83c\udf31\ud83c\udf43LEAVANNY\ud83c\udf43\u2618\ufe0f\n|\n|upkeep\n|\n|t:|1699292439\n|switch|p1a: Pedochipper|Toxicroak, M, shiny|100\/100\n|turn|2\n|\n|t:|1699292444\n|move|p1a: Pedochipper|Fake Out|p2a: \ud83c\udf31\ud83c\udf43LEAVANNY\ud83c\udf43\u2618\ufe0f\n|-damage|p2a: \ud83c\udf31\ud83c\udf43LEAVANNY\ud83c\udf43\u2618\ufe0f|31\/100\n|-status|p2a: \ud83c\udf31\ud83c\udf43LEAVANNY\ud83c\udf43\u2618\ufe0f|psn|[from] ability: Poison Touch|[of] p1a: Pedochipper\n|-damage|p1a: Pedochipper|91\/100|[from] item: Life Orb\n|cant|p2a: \ud83c\udf31\ud83c\udf43LEAVANNY\ud83c\udf43\u2618\ufe0f|flinch\n|\n|-damage|p2a: \ud83c\udf31\ud83c\udf43LEAVANNY\ud83c\udf43\u2618\ufe0f|19\/100 psn|[from] psn\n|upkeep\n|turn|3\n|\n|t:|1699292454\n|move|p2a: \ud83c\udf31\ud83c\udf43LEAVANNY\ud83c\udf43\u2618\ufe0f|Sticky Web|p1a: Pedochipper\n|-sidestart|p1: LibertyPecoraro|move: Sticky Web\n|move|p1a: Pedochipper|Poison Jab|p2a: \ud83c\udf31\ud83c\udf43LEAVANNY\ud83c\udf43\u2618\ufe0f\n|-supereffective|p2a: \ud83c\udf31\ud83c\udf43LEAVANNY\ud83c\udf43\u2618\ufe0f\n|-damage|p2a: \ud83c\udf31\ud83c\udf43LEAVANNY\ud83c\udf43\u2618\ufe0f|0 fnt\n|faint|p2a: \ud83c\udf31\ud83c\udf43LEAVANNY\ud83c\udf43\u2618\ufe0f\n|-damage|p1a: Pedochipper|81\/100|[from] item: Life Orb\n|\n|upkeep\n|\n|t:|1699292468\n|switch|p2a: \ud83c\udf3fELECTRODE\ud83e\udeb4\ud83c\udf31|Electrode-Hisui|100\/100\n|turn|4\n|\n|t:|1699292474\n|move|p2a: \ud83c\udf3fELECTRODE\ud83e\udeb4\ud83c\udf31|Thunder Wave|p1a: Pedochipper\n|-status|p1a: Pedochipper|par\n|cant|p1a: Pedochipper|par\n|\n|upkeep\n|turn|5\n|\n|t:|1699292483\n|move|p2a: \ud83c\udf3fELECTRODE\ud83e\udeb4\ud83c\udf31|Grassy Terrain|p2a: \ud83c\udf3fELECTRODE\ud83e\udeb4\ud83c\udf31\n|-fieldstart|move: Grassy Terrain\n|move|p1a: Pedochipper|Poison Jab|p2a: \ud83c\udf3fELECTRODE\ud83e\udeb4\ud83c\udf31\n|-supereffective|p2a: \ud83c\udf3fELECTRODE\ud83e\udeb4\ud83c\udf31\n|-damage|p2a: \ud83c\udf3fELECTRODE\ud83e\udeb4\ud83c\udf31|0 fnt\n|faint|p2a: \ud83c\udf3fELECTRODE\ud83e\udeb4\ud83c\udf31\n|-damage|p1a: Pedochipper|71\/100 par|[from] item: Life Orb\n|\n|-heal|p1a: Pedochipper|77\/100 par|[from] Grassy Terrain\n|upkeep\n|\n|t:|1699292495\n|switch|p2a: \ud83c\udf40FERROTHORN\ud83e\uded2|Ferrothorn, M|100\/100\n|turn|6\n|\n|t:|1699292501\n|move|p1a: Pedochipper|Drain Punch|p2a: \ud83c\udf40FERROTHORN\ud83e\uded2\n|-supereffective|p2a: \ud83c\udf40FERROTHORN\ud83e\uded2\n|-damage|p2a: \ud83c\udf40FERROTHORN\ud83e\uded2|28\/100\n|-heal|p1a: Pedochipper|100\/100 par|[from] drain|[of] p2a: \ud83c\udf40FERROTHORN\ud83e\uded2\n|-damage|p1a: Pedochipper|88\/100 par|[from] ability: Iron Barbs|[of] p2a: \ud83c\udf40FERROTHORN\ud83e\uded2\n|-damage|p1a: Pedochipper|72\/100 par|[from] item: Rocky Helmet|[of] p2a: \ud83c\udf40FERROTHORN\ud83e\uded2\n|-damage|p1a: Pedochipper|62\/100 par|[from] item: Life Orb\n|move|p2a: \ud83c\udf40FERROTHORN\ud83e\uded2|Iron Head|p1a: Pedochipper\n|-crit|p1a: Pedochipper\n|-damage|p1a: Pedochipper|0 fnt\n|faint|p1a: Pedochipper\n|\n|-heal|p2a: \ud83c\udf40FERROTHORN\ud83e\uded2|34\/100|[from] Grassy Terrain\n|upkeep\n|\n|t:|1699292515\n|switch|p1a: Cocoa|Diggersby, M, shiny|100\/100\n|-activate|p1a: Cocoa|move: Sticky Web\n|-unboost|p1a: Cocoa|spe|1\n|turn|7\n|\n|t:|1699292522\n|-terastallize|p1a: Cocoa|Flying\n|move|p1a: Cocoa|Brick Break|p2a: \ud83c\udf40FERROTHORN\ud83e\uded2\n|-supereffective|p2a: \ud83c\udf40FERROTHORN\ud83e\uded2\n|-damage|p2a: \ud83c\udf40FERROTHORN\ud83e\uded2|8\/100\n|-damage|p1a: Cocoa|88\/100|[from] ability: Iron Barbs|[of] p2a: \ud83c\udf40FERROTHORN\ud83e\uded2\n|-damage|p1a: Cocoa|72\/100|[from] item: Rocky Helmet|[of] p2a: \ud83c\udf40FERROTHORN\ud83e\uded2\n|move|p2a: \ud83c\udf40FERROTHORN\ud83e\uded2|Leech Seed|p1a: Cocoa\n|-start|p1a: Cocoa|move: Leech Seed\n|\n|-heal|p2a: \ud83c\udf40FERROTHORN\ud83e\uded2|15\/100|[from] Grassy Terrain\n|-damage|p1a: Cocoa|59\/100|[from] Leech Seed|[of] p2a: \ud83c\udf40FERROTHORN\ud83e\uded2\n|-heal|p2a: \ud83c\udf40FERROTHORN\ud83e\uded2|30\/100|[silent]\n|upkeep\n|turn|8\n|\n|t:|1699292538\n|move|p1a: Cocoa|Brick Break|p2a: \ud83c\udf40FERROTHORN\ud83e\uded2\n|-supereffective|p2a: \ud83c\udf40FERROTHORN\ud83e\uded2\n|-damage|p2a: \ud83c\udf40FERROTHORN\ud83e\uded2|4\/100\n|-damage|p1a: Cocoa|47\/100|[from] ability: Iron Barbs|[of] p2a: \ud83c\udf40FERROTHORN\ud83e\uded2\n|-damage|p1a: Cocoa|30\/100|[from] item: Rocky Helmet|[of] p2a: \ud83c\udf40FERROTHORN\ud83e\uded2\n|-enditem|p1a: Cocoa|Sitrus Berry|[eat]\n|-heal|p1a: Cocoa|55\/100|[from] item: Sitrus Berry\n|-heal|p1a: Cocoa|88\/100|[from] ability: Cheek Pouch\n|move|p2a: \ud83c\udf40FERROTHORN\ud83e\uded2|Power Whip|p1a: Cocoa\n|-resisted|p1a: Cocoa\n|-damage|p1a: Cocoa|58\/100\n|\n|-heal|p2a: \ud83c\udf40FERROTHORN\ud83e\uded2|10\/100|[from] Grassy Terrain\n|-damage|p1a: Cocoa|45\/100|[from] Leech Seed|[of] p2a: \ud83c\udf40FERROTHORN\ud83e\uded2\n|-heal|p2a: \ud83c\udf40FERROTHORN\ud83e\uded2|26\/100|[silent]\n|upkeep\n|turn|9\n|\n|t:|1699292561\n|move|p1a: Cocoa|Brick Break|p2a: \ud83c\udf40FERROTHORN\ud83e\uded2\n|-supereffective|p2a: \ud83c\udf40FERROTHORN\ud83e\uded2\n|-damage|p2a: \ud83c\udf40FERROTHORN\ud83e\uded2|0 fnt\n|-damage|p1a: Cocoa|33\/100|[from] ability: Iron Barbs|[of] p2a: \ud83c\udf40FERROTHORN\ud83e\uded2\n|-damage|p1a: Cocoa|17\/100|[from] item: Rocky Helmet|[of] p2a: \ud83c\udf40FERROTHORN\ud83e\uded2\n|faint|p2a: \ud83c\udf40FERROTHORN\ud83e\uded2\n|\n|upkeep\n|\n|t:|1699292570\n|switch|p2a: \ud83d\udc90\ud83c\udf37LURANTIS\ud83c\udf37\ud83d\udc90|Lurantis, F, shiny|100\/100\n|turn|10\n|\n|t:|1699292578\n|-terastallize|p2a: \ud83d\udc90\ud83c\udf37LURANTIS\ud83c\udf37\ud83d\udc90|Grass\n|move|p2a: \ud83d\udc90\ud83c\udf37LURANTIS\ud83c\udf37\ud83d\udc90|Leaf Storm|p1a: Cocoa\n|-resisted|p1a: Cocoa\n|-damage|p1a: Cocoa|0 fnt\n|-boost|p2a: \ud83d\udc90\ud83c\udf37LURANTIS\ud83c\udf37\ud83d\udc90|spa|2\n|faint|p1a: Cocoa\n|\n|upkeep\n|\n|t:|1699292583\n|switch|p1a: Mike|Ninetales, M, shiny|100\/100\n|-activate|p1a: Mike|move: Sticky Web\n|-unboost|p1a: Mike|spe|1\n|-weather|SunnyDay|[from] ability: Drought|[of] p1a: Mike\n|turn|11\n|\n|t:|1699292592\n|move|p1a: Mike|Fire Blast|p2a: \ud83d\udc90\ud83c\udf37LURANTIS\ud83c\udf37\ud83d\udc90|[miss]\n|-miss|p1a: Mike|p2a: \ud83d\udc90\ud83c\udf37LURANTIS\ud83c\udf37\ud83d\udc90\n|move|p2a: \ud83d\udc90\ud83c\udf37LURANTIS\ud83c\udf37\ud83d\udc90|Leaf Storm|p1a: Mike\n|-resisted|p1a: Mike\n|-damage|p1a: Mike|0 fnt\n|-boost|p2a: \ud83d\udc90\ud83c\udf37LURANTIS\ud83c\udf37\ud83d\udc90|spa|2\n|faint|p1a: Mike\n|\n|-weather|SunnyDay|[upkeep]\n|upkeep\n|-message|LibertyPecoraro forfeited.\n|\n|win|FLOWER-M0DE\u267b\ufe0f\n|raw|LibertyPecoraro's rating: 1012 &rarr; <strong>1001<\/strong><br \/>(-11 for losing)\n|raw|FLOWER-M0DE\u267b\ufe0f's rating: 1036 &rarr; <strong>1068<\/strong><br \/>(+32 for winning)\n|l|\u2606LibertyPecoraro\n","uploadtime":1699292826,"views":5,"p1id":"libertypecoraro","p2id":"flowerm0de","formatid":"gen9nationaldexubers","rating":1001,"private":0,"password":""}