{"id":"gen9nationaldexubers-1993180432","p1":"CringeWeirdo02","p2":"GameKnightXD","format":"[Gen 9] National Dex Ubers","log":"|j|\u2606CringeWeirdo02\n|j|\u2606GameKnightXD\n|t:|1700274643\n|gametype|singles\n|player|p1|CringeWeirdo02|larry|\n|player|p2|GameKnightXD|iono|\n|teamsize|p1|6\n|teamsize|p2|6\n|gen|9\n|tier|[Gen 9] National Dex Ubers\n|rule|HP Percentage Mod: HP is shown in percentages\n|rule|Endless Battle Clause: Forcing endless battles is banned\n|rule|OHKO Clause: OHKO moves are banned\n|rule|Evasion Moves Clause: Evasion moves are banned\n|rule|Evasion Items Clause: Evasion items are banned\n|rule|Species Clause: Limit one of each Pok\u00e9mon\n|rule|Sleep Clause Mod: Limit one foe put to sleep\n|rule|Mega Rayquaza Clause: You cannot mega evolve Rayquaza\n|clearpoke\n|poke|p1|Pachirisu, M|\n|poke|p1|Hitmonchan, M|\n|poke|p1|Azelf|\n|poke|p1|Bastiodon, M|\n|poke|p1|Runerigus, M|\n|poke|p1|Alcremie-Salted-Cream, F|\n|poke|p2|Charizard, F|\n|poke|p2|Palafin, M|\n|poke|p2|Diggersby, M|\n|poke|p2|Brambleghast, M|\n|poke|p2|Altaria, F|\n|poke|p2|Togekiss, F|\n|teampreview\n|\n|t:|1700274666\n|start\n|switch|p1a: Cream \ud83e\udd24\ud83d\ude29|Alcremie-Salted-Cream, F|100\/100\n|switch|p2a: RollinRollin|Brambleghast, M|100\/100\n|turn|1\n|\n|t:|1700274672\n|move|p2a: RollinRollin|Poltergeist|p1a: Cream \ud83e\udd24\ud83d\ude29\n|-activate|p1a: Cream \ud83e\udd24\ud83d\ude29|move: Poltergeist|Leftovers\n|-damage|p1a: Cream \ud83e\udd24\ud83d\ude29|56\/100\n|move|p1a: Cream \ud83e\udd24\ud83d\ude29|Acid Armor|p1a: Cream \ud83e\udd24\ud83d\ude29\n|-boost|p1a: Cream \ud83e\udd24\ud83d\ude29|def|2\n|\n|-heal|p1a: Cream \ud83e\udd24\ud83d\ude29|62\/100|[from] item: Leftovers\n|upkeep\n|turn|2\n|\n|t:|1700274681\n|move|p2a: RollinRollin|Poltergeist|p1a: Cream \ud83e\udd24\ud83d\ude29\n|-activate|p1a: Cream \ud83e\udd24\ud83d\ude29|move: Poltergeist|Leftovers\n|-damage|p1a: Cream \ud83e\udd24\ud83d\ude29|40\/100\n|move|p1a: Cream \ud83e\udd24\ud83d\ude29|Calm Mind|p1a: Cream \ud83e\udd24\ud83d\ude29\n|-boost|p1a: Cream \ud83e\udd24\ud83d\ude29|spa|1\n|-boost|p1a: Cream \ud83e\udd24\ud83d\ude29|spd|1\n|\n|-heal|p1a: Cream \ud83e\udd24\ud83d\ude29|46\/100|[from] item: Leftovers\n|upkeep\n|turn|3\n|\n|t:|1700274700\n|move|p2a: RollinRollin|Spikes|p1a: Cream \ud83e\udd24\ud83d\ude29\n|-sidestart|p1: CringeWeirdo02|Spikes\n|move|p1a: Cream \ud83e\udd24\ud83d\ude29|Draining Kiss|p2a: RollinRollin\n|-damage|p2a: RollinRollin|53\/100\n|-heal|p1a: Cream \ud83e\udd24\ud83d\ude29|73\/100|[from] drain|[of] p2a: RollinRollin\n|\n|-heal|p1a: Cream \ud83e\udd24\ud83d\ude29|79\/100|[from] item: Leftovers\n|upkeep\n|turn|4\n|\n|t:|1700274714\n|switch|p2a: *beats Goku*|Altaria, F, shiny|100\/100\n|move|p1a: Cream \ud83e\udd24\ud83d\ude29|Calm Mind|p1a: Cream \ud83e\udd24\ud83d\ude29\n|-boost|p1a: Cream \ud83e\udd24\ud83d\ude29|spa|1\n|-boost|p1a: Cream \ud83e\udd24\ud83d\ude29|spd|1\n|\n|-heal|p1a: Cream \ud83e\udd24\ud83d\ude29|85\/100|[from] item: Leftovers\n|upkeep\n|turn|5\n|\n|t:|1700274722\n|move|p2a: *beats Goku*|Fire Spin|p1a: Cream \ud83e\udd24\ud83d\ude29\n|-damage|p1a: Cream \ud83e\udd24\ud83d\ude29|82\/100\n|-activate|p1a: Cream \ud83e\udd24\ud83d\ude29|move: Fire Spin|[of] p2a: *beats Goku*\n|move|p1a: Cream \ud83e\udd24\ud83d\ude29|Draining Kiss|p2a: *beats Goku*\n|-supereffective|p2a: *beats Goku*\n|-damage|p2a: *beats Goku*|52\/100\n|-heal|p1a: Cream \ud83e\udd24\ud83d\ude29|100\/100|[from] drain|[of] p2a: *beats Goku*\n|\n|-heal|p2a: *beats Goku*|59\/100|[from] item: Leftovers\n|-damage|p1a: Cream \ud83e\udd24\ud83d\ude29|88\/100|[from] move: Fire Spin|[partiallytrapped]\n|upkeep\n|turn|6\n|\n|t:|1700274731\n|move|p2a: *beats Goku*|Perish Song|p2a: *beats Goku*\n|-start|p1a: Cream \ud83e\udd24\ud83d\ude29|perish3|[silent]\n|-start|p2a: *beats Goku*|perish3|[silent]\n|-fieldactivate|move: Perish Song\n|move|p1a: Cream \ud83e\udd24\ud83d\ude29|Calm Mind|p1a: Cream \ud83e\udd24\ud83d\ude29\n|-boost|p1a: Cream \ud83e\udd24\ud83d\ude29|spa|1\n|-boost|p1a: Cream \ud83e\udd24\ud83d\ude29|spd|1\n|\n|-heal|p2a: *beats Goku*|65\/100|[from] item: Leftovers\n|-heal|p1a: Cream \ud83e\udd24\ud83d\ude29|94\/100|[from] item: Leftovers\n|-damage|p1a: Cream \ud83e\udd24\ud83d\ude29|82\/100|[from] move: Fire Spin|[partiallytrapped]\n|-start|p2a: *beats Goku*|perish3\n|-start|p1a: Cream \ud83e\udd24\ud83d\ude29|perish3\n|upkeep\n|turn|7\n|\n|t:|1700274742\n|move|p2a: *beats Goku*|Roost|p2a: *beats Goku*\n|-heal|p2a: *beats Goku*|100\/100\n|-singleturn|p2a: *beats Goku*|move: Roost\n|move|p1a: Cream \ud83e\udd24\ud83d\ude29|Calm Mind|p1a: Cream \ud83e\udd24\ud83d\ude29\n|-boost|p1a: Cream \ud83e\udd24\ud83d\ude29|spa|1\n|-boost|p1a: Cream \ud83e\udd24\ud83d\ude29|spd|1\n|\n|-heal|p1a: Cream \ud83e\udd24\ud83d\ude29|88\/100|[from] item: Leftovers\n|-damage|p1a: Cream \ud83e\udd24\ud83d\ude29|76\/100|[from] move: Fire Spin|[partiallytrapped]\n|-start|p2a: *beats Goku*|perish2\n|-start|p1a: Cream \ud83e\udd24\ud83d\ude29|perish2\n|upkeep\n|turn|8\n|c|\u2606GameKnightXD|!dt stored power\n|raw|<ul class=\"utilichart\"><li class=\"result\"><span class=\"col movenamecol\"><a href=\"https:\/\/dex.pokemonshowdown.com\/moves\/storedpower\">Stored Power<\/a><\/span> <span class=\"col typecol\"><img src=\"\/\/play.pokemonshowdown.com\/sprites\/types\/Psychic.png\" alt=\"Psychic\" width=\"32\" height=\"14\"><img src=\"\/\/play.pokemonshowdown.com\/sprites\/categories\/Special.png\" alt=\"Special\" width=\"32\" height=\"14\"><\/span> <span class=\"col labelcol\"><em>Power<\/em><br>20<\/span> <span class=\"col widelabelcol\"><em>Accuracy<\/em><br>100%<\/span> <span class=\"col pplabelcol\"><em>PP<\/em><br>16<\/span> <span class=\"col movedesccol\"> + 20 power for each of the user's stat boosts.<\/span> <\/li><li style=\"clear:both\"><\/li><\/ul>\n|raw|<font size=\"1\"><font color=\"#686868\">Priority:<\/font> 0&nbsp;|&ThickSpace;<font color=\"#686868\">Gen:<\/font> 5&nbsp;|&ThickSpace;<font color=\"#686868\">Z-Power:<\/font> 160&nbsp;|&ThickSpace;<font color=\"#686868\">Dynamax Power:<\/font> 130&nbsp;|&ThickSpace;<font color=\"#686868\">Target:<\/font> One Adjacent Pok\u00e9mon<\/font>\n\n|\n|t:|1700274788\n|move|p2a: *beats Goku*|Roost||[still]\n|-fail|p2a: *beats Goku*|heal\n|move|p1a: Cream \ud83e\udd24\ud83d\ude29|Draining Kiss|p2a: *beats Goku*\n|-supereffective|p2a: *beats Goku*\n|-damage|p2a: *beats Goku*|19\/100\n|-heal|p1a: Cream \ud83e\udd24\ud83d\ude29|100\/100|[from] drain|[of] p2a: *beats Goku*\n|\n|-heal|p2a: *beats Goku*|25\/100|[from] item: Leftovers\n|-damage|p1a: Cream \ud83e\udd24\ud83d\ude29|88\/100|[from] move: Fire Spin|[partiallytrapped]\n|-start|p2a: *beats Goku*|perish1\n|-start|p1a: Cream \ud83e\udd24\ud83d\ude29|perish1\n|upkeep\n|turn|9\n|\n|t:|1700274802\n|move|p2a: *beats Goku*|Roost|p2a: *beats Goku*\n|-heal|p2a: *beats Goku*|75\/100\n|-singleturn|p2a: *beats Goku*|move: Roost\n|move|p1a: Cream \ud83e\udd24\ud83d\ude29|Stored Power|p2a: *beats Goku*\n|-damage|p2a: *beats Goku*|0 fnt\n|faint|p2a: *beats Goku*\n|\n|-heal|p1a: Cream \ud83e\udd24\ud83d\ude29|94\/100|[from] item: Leftovers\n|-end|p1a: Cream \ud83e\udd24\ud83d\ude29|Fire Spin|[partiallytrapped]\n|-start|p1a: Cream \ud83e\udd24\ud83d\ude29|perish0\n|upkeep\n|faint|p1a: Cream \ud83e\udd24\ud83d\ude29\n|\n|t:|1700274816\n|switch|p2a: KAIO-KEN|Palafin, M, shiny|100\/100\n|switch|p1a: Piss-elf|Azelf, shiny|100\/100\n|turn|10\n|\n|t:|1700274822\n|detailschange|p2a: KAIO-KEN|Palafin-Hero, M, shiny\n|switch|p2a: Bugs|Diggersby, M, shiny|100\/100\n|move|p1a: Piss-elf|Mystical Power|p2a: Bugs|[miss]\n|-miss|p1a: Piss-elf|p2a: Bugs\n|\n|upkeep\n|turn|11\n|\n|t:|1700274828\n|move|p1a: Piss-elf|Mystical Power|p2a: Bugs\n|-damage|p2a: Bugs|47\/100\n|-boost|p1a: Piss-elf|spa|1\n|move|p2a: Bugs|Knock Off|p1a: Piss-elf\n|-supereffective|p1a: Piss-elf\n|-damage|p1a: Piss-elf|0 fnt\n|-enditem|p1a: Piss-elf|Choice Scarf|[from] move: Knock Off|[of] p2a: Bugs\n|faint|p1a: Piss-elf\n|\n|upkeep\n|\n|t:|1700274840\n|switch|p1a: Chris Brown|Hitmonchan, M, shiny|100\/100\n|-damage|p1a: Chris Brown|88\/100|[from] Spikes\n|turn|12\n|\n|t:|1700274858\n|switch|p2a: RollinRollin|Brambleghast, M|53\/100\n|move|p1a: Chris Brown|Bulk Up|p1a: Chris Brown\n|-boost|p1a: Chris Brown|atk|1\n|-boost|p1a: Chris Brown|def|1\n|\n|-heal|p1a: Chris Brown|94\/100|[from] item: Leftovers\n|upkeep\n|turn|13\n|\n|t:|1700274868\n|move|p2a: RollinRollin|Strength Sap|p1a: Chris Brown\n|-unboost|p1a: Chris Brown|atk|1\n|-heal|p2a: RollinRollin|100\/100\n|move|p1a: Chris Brown|Ice Punch|p2a: RollinRollin\n|-supereffective|p2a: RollinRollin\n|-damage|p2a: RollinRollin|0 fnt\n|faint|p2a: RollinRollin\n|\n|-heal|p1a: Chris Brown|100\/100|[from] item: Leftovers\n|upkeep\n|\n|t:|1700274883\n|switch|p2a: Budget Jirachi|Togekiss, F, shiny|100\/100\n|turn|14\n|\n|t:|1700274888\n|switch|p1a: CrAkron Squirrel|Pachirisu, M, shiny|100\/100\n|-damage|p1a: CrAkron Squirrel|88\/100|[from] Spikes\n|move|p2a: Budget Jirachi|Air Slash|p1a: CrAkron Squirrel|[miss]\n|-miss|p2a: Budget Jirachi|p1a: CrAkron Squirrel\n|\n|upkeep\n|turn|15\n|\n|t:|1700274897\n|switch|p2a: Bugs|Diggersby, M, shiny|47\/100\n|move|p1a: CrAkron Squirrel|Light Screen|p1a: CrAkron Squirrel\n|-sidestart|p1: CringeWeirdo02|move: Light Screen\n|\n|upkeep\n|turn|16\n|\n|t:|1700274903\n|switch|p1a: Dad's Kidney Stone|Runerigus, M, shiny|100\/100\n|-damage|p1a: Dad's Kidney Stone|88\/100|[from] Spikes\n|move|p2a: Bugs|Earthquake|p1a: Dad's Kidney Stone\n|-damage|p1a: Dad's Kidney Stone|45\/100\n|\n|upkeep\n|turn|17\n|\n|t:|1700274913\n|move|p2a: Bugs|Earthquake|p1a: Dad's Kidney Stone\n|-damage|p1a: Dad's Kidney Stone|2\/100\n|move|p1a: Dad's Kidney Stone|Will-O-Wisp|p2a: Bugs\n|-status|p2a: Bugs|brn\n|\n|-damage|p2a: Bugs|41\/100 brn|[from] brn\n|upkeep\n|turn|18\n|\n|t:|1700274920\n|move|p2a: Bugs|Earthquake|p1a: Dad's Kidney Stone\n|-damage|p1a: Dad's Kidney Stone|0 fnt\n|faint|p1a: Dad's Kidney Stone\n|\n|-damage|p2a: Bugs|35\/100 brn|[from] brn\n|upkeep\n|\n|t:|1700274926\n|switch|p1a: Chris Brown|Hitmonchan, M, shiny|100\/100\n|-damage|p1a: Chris Brown|88\/100|[from] Spikes\n|turn|19\n|\n|t:|1700274935\n|move|p2a: Bugs|Earthquake|p1a: Chris Brown\n|-damage|p1a: Chris Brown|42\/100\n|move|p1a: Chris Brown|Bulk Up|p1a: Chris Brown\n|-boost|p1a: Chris Brown|atk|1\n|-boost|p1a: Chris Brown|def|1\n|\n|-heal|p1a: Chris Brown|48\/100|[from] item: Leftovers\n|-damage|p2a: Bugs|29\/100 brn|[from] brn\n|-sideend|p1: CringeWeirdo02|move: Light Screen\n|upkeep\n|turn|20\n|\n|t:|1700274951\n|move|p2a: Bugs|Earthquake|p1a: Chris Brown\n|-damage|p1a: Chris Brown|20\/100\n|move|p1a: Chris Brown|Drain Punch|p2a: Bugs\n|-supereffective|p2a: Bugs\n|-crit|p2a: Bugs\n|-damage|p2a: Bugs|0 fnt\n|-heal|p1a: Chris Brown|34\/100|[from] drain|[of] p2a: Bugs\n|faint|p2a: Bugs\n|\n|-heal|p1a: Chris Brown|41\/100|[from] item: Leftovers\n|upkeep\n|\n|t:|1700274961\n|switch|p2a: Budget Jirachi|Togekiss, F, shiny|100\/100\n|turn|21\n|\n|t:|1700274966\n|move|p1a: Chris Brown|Bullet Punch|p2a: Budget Jirachi\n|-supereffective|p2a: Budget Jirachi\n|-damage|p2a: Budget Jirachi|57\/100\n|move|p2a: Budget Jirachi|Air Slash|p1a: Chris Brown\n|-supereffective|p1a: Chris Brown\n|-damage|p1a: Chris Brown|0 fnt\n|faint|p1a: Chris Brown\n|\n|-heal|p2a: Budget Jirachi|63\/100|[from] item: Leftovers\n|upkeep\n|\n|t:|1700274974\n|switch|p1a: Rock\/Steel \ud83d\udc80\ud83e\udd21|Bastiodon, M, shiny|100\/100\n|-item|p1a: Rock\/Steel \ud83d\udc80\ud83e\udd21|Air Balloon\n|turn|22\n|\n|t:|1700274981\n|move|p2a: Budget Jirachi|Air Slash|p1a: Rock\/Steel \ud83d\udc80\ud83e\udd21\n|-resisted|p1a: Rock\/Steel \ud83d\udc80\ud83e\udd21\n|-damage|p1a: Rock\/Steel \ud83d\udc80\ud83e\udd21|95\/100\n|-enditem|p1a: Rock\/Steel \ud83d\udc80\ud83e\udd21|Air Balloon\n|cant|p1a: Rock\/Steel \ud83d\udc80\ud83e\udd21|flinch\n|\n|-heal|p2a: Budget Jirachi|69\/100|[from] item: Leftovers\n|upkeep\n|turn|23\n|\n|t:|1700274989\n|move|p2a: Budget Jirachi|Thunder Wave|p1a: Rock\/Steel \ud83d\udc80\ud83e\udd21\n|-status|p1a: Rock\/Steel \ud83d\udc80\ud83e\udd21|par\n|move|p1a: Rock\/Steel \ud83d\udc80\ud83e\udd21|Stealth Rock|p2a: Budget Jirachi\n|-sidestart|p2: GameKnightXD|move: Stealth Rock\n|\n|-heal|p2a: Budget Jirachi|75\/100|[from] item: Leftovers\n|upkeep\n|turn|24\n|\n|t:|1700274997\n|move|p2a: Budget Jirachi|Air Slash|p1a: Rock\/Steel \ud83d\udc80\ud83e\udd21\n|-resisted|p1a: Rock\/Steel \ud83d\udc80\ud83e\udd21\n|-damage|p1a: Rock\/Steel \ud83d\udc80\ud83e\udd21|89\/100 par\n|move|p1a: Rock\/Steel \ud83d\udc80\ud83e\udd21|Avalanche|p2a: Budget Jirachi\n|-supereffective|p2a: Budget Jirachi\n|-damage|p2a: Budget Jirachi|24\/100\n|\n|-heal|p2a: Budget Jirachi|30\/100|[from] item: Leftovers\n|upkeep\n|turn|25\n|\n|t:|1700275005\n|switch|p1a: CrAkron Squirrel|Pachirisu, M, shiny|88\/100\n|-damage|p1a: CrAkron Squirrel|76\/100|[from] Spikes\n|move|p2a: Budget Jirachi|Air Slash|p1a: CrAkron Squirrel\n|-resisted|p1a: CrAkron Squirrel\n|-damage|p1a: CrAkron Squirrel|59\/100\n|\n|-heal|p2a: Budget Jirachi|36\/100|[from] item: Leftovers\n|upkeep\n|turn|26\n|\n|t:|1700275012\n|move|p1a: CrAkron Squirrel|Nuzzle|p2a: Budget Jirachi\n|-supereffective|p2a: Budget Jirachi\n|-damage|p2a: Budget Jirachi|29\/100\n|-status|p2a: Budget Jirachi|par\n|cant|p2a: Budget Jirachi|par\n|\n|-heal|p2a: Budget Jirachi|35\/100 par|[from] item: Leftovers\n|upkeep\n|turn|27\n|\n|t:|1700275022\n|move|p1a: CrAkron Squirrel|Volt Switch|p2a: Budget Jirachi\n|-supereffective|p2a: Budget Jirachi\n|-damage|p2a: Budget Jirachi|19\/100 par\n|\n|t:|1700275025\n|switch|p1a: Rock\/Steel \ud83d\udc80\ud83e\udd21|Bastiodon, M, shiny|89\/100 par|[from] Volt Switch\n|-damage|p1a: Rock\/Steel \ud83d\udc80\ud83e\udd21|76\/100 par|[from] Spikes\n|move|p2a: Budget Jirachi|Roost|p2a: Budget Jirachi\n|-heal|p2a: Budget Jirachi|69\/100 par\n|-singleturn|p2a: Budget Jirachi|move: Roost\n|\n|-heal|p2a: Budget Jirachi|75\/100 par|[from] item: Leftovers\n|upkeep\n|turn|28\n|j| jayklod\n|\n|t:|1700275036\n|move|p2a: Budget Jirachi|Air Slash|p1a: Rock\/Steel \ud83d\udc80\ud83e\udd21\n|-resisted|p1a: Rock\/Steel \ud83d\udc80\ud83e\udd21\n|-damage|p1a: Rock\/Steel \ud83d\udc80\ud83e\udd21|71\/100 par\n|cant|p1a: Rock\/Steel \ud83d\udc80\ud83e\udd21|flinch\n|\n|-heal|p2a: Budget Jirachi|81\/100 par|[from] item: Leftovers\n|upkeep\n|turn|29\n|\n|t:|1700275042\n|move|p2a: Budget Jirachi|Air Slash|p1a: Rock\/Steel \ud83d\udc80\ud83e\udd21\n|-resisted|p1a: Rock\/Steel \ud83d\udc80\ud83e\udd21\n|-damage|p1a: Rock\/Steel \ud83d\udc80\ud83e\udd21|65\/100 par\n|cant|p1a: Rock\/Steel \ud83d\udc80\ud83e\udd21|flinch\n|\n|-heal|p2a: Budget Jirachi|87\/100 par|[from] item: Leftovers\n|upkeep\n|turn|30\n|\n|t:|1700275048\n|move|p2a: Budget Jirachi|Air Slash|p1a: Rock\/Steel \ud83d\udc80\ud83e\udd21\n|-resisted|p1a: Rock\/Steel \ud83d\udc80\ud83e\udd21\n|-damage|p1a: Rock\/Steel \ud83d\udc80\ud83e\udd21|58\/100 par\n|cant|p1a: Rock\/Steel \ud83d\udc80\ud83e\udd21|flinch\n|\n|-heal|p2a: Budget Jirachi|93\/100 par|[from] item: Leftovers\n|upkeep\n|turn|31\n|\n|t:|1700275054\n|move|p2a: Budget Jirachi|Air Slash|p1a: Rock\/Steel \ud83d\udc80\ud83e\udd21\n|-resisted|p1a: Rock\/Steel \ud83d\udc80\ud83e\udd21\n|-damage|p1a: Rock\/Steel \ud83d\udc80\ud83e\udd21|52\/100 par\n|cant|p1a: Rock\/Steel \ud83d\udc80\ud83e\udd21|flinch\n|\n|-heal|p2a: Budget Jirachi|99\/100 par|[from] item: Leftovers\n|upkeep\n|turn|32\n|\n|t:|1700275061\n|move|p2a: Budget Jirachi|Air Slash|p1a: Rock\/Steel \ud83d\udc80\ud83e\udd21\n|-resisted|p1a: Rock\/Steel \ud83d\udc80\ud83e\udd21\n|-damage|p1a: Rock\/Steel \ud83d\udc80\ud83e\udd21|46\/100 par\n|cant|p1a: Rock\/Steel \ud83d\udc80\ud83e\udd21|flinch\n|\n|-heal|p2a: Budget Jirachi|100\/100 par|[from] item: Leftovers\n|upkeep\n|turn|33\n|\n|t:|1700275067\n|move|p2a: Budget Jirachi|Air Slash|p1a: Rock\/Steel \ud83d\udc80\ud83e\udd21\n|-resisted|p1a: Rock\/Steel \ud83d\udc80\ud83e\udd21\n|-damage|p1a: Rock\/Steel \ud83d\udc80\ud83e\udd21|41\/100 par\n|move|p1a: Rock\/Steel \ud83d\udc80\ud83e\udd21|Avalanche|p2a: Budget Jirachi\n|-supereffective|p2a: Budget Jirachi\n|-damage|p2a: Budget Jirachi|49\/100 par\n|\n|-heal|p2a: Budget Jirachi|55\/100 par|[from] item: Leftovers\n|upkeep\n|turn|34\n|j| Senseitoad71\n|\n|t:|1700275074\n|move|p2a: Budget Jirachi|Roost|p2a: Budget Jirachi\n|-heal|p2a: Budget Jirachi|100\/100 par\n|-singleturn|p2a: Budget Jirachi|move: Roost\n|move|p1a: Rock\/Steel \ud83d\udc80\ud83e\udd21|Avalanche|p2a: Budget Jirachi\n|-damage|p2a: Budget Jirachi|87\/100 par\n|\n|-heal|p2a: Budget Jirachi|94\/100 par|[from] item: Leftovers\n|upkeep\n|turn|35\n|\n|t:|1700275082\n|cant|p2a: Budget Jirachi|par\n|move|p1a: Rock\/Steel \ud83d\udc80\ud83e\udd21|Avalanche|p2a: Budget Jirachi\n|-supereffective|p2a: Budget Jirachi\n|-damage|p2a: Budget Jirachi|70\/100 par\n|\n|-heal|p2a: Budget Jirachi|76\/100 par|[from] item: Leftovers\n|upkeep\n|turn|36\n|\n|t:|1700275090\n|move|p2a: Budget Jirachi|Air Slash|p1a: Rock\/Steel \ud83d\udc80\ud83e\udd21\n|-resisted|p1a: Rock\/Steel \ud83d\udc80\ud83e\udd21\n|-damage|p1a: Rock\/Steel \ud83d\udc80\ud83e\udd21|35\/100 par\n|cant|p1a: Rock\/Steel \ud83d\udc80\ud83e\udd21|flinch\n|\n|-heal|p2a: Budget Jirachi|82\/100 par|[from] item: Leftovers\n|upkeep\n|turn|37\n|l| Senseitoad71\n|\n|t:|1700275100\n|move|p2a: Budget Jirachi|Air Slash|p1a: Rock\/Steel \ud83d\udc80\ud83e\udd21\n|-resisted|p1a: Rock\/Steel \ud83d\udc80\ud83e\udd21\n|-crit|p1a: Rock\/Steel \ud83d\udc80\ud83e\udd21\n|-damage|p1a: Rock\/Steel \ud83d\udc80\ud83e\udd21|26\/100 par\n|move|p1a: Rock\/Steel \ud83d\udc80\ud83e\udd21|Avalanche|p2a: Budget Jirachi\n|-supereffective|p2a: Budget Jirachi\n|-damage|p2a: Budget Jirachi|35\/100 par\n|\n|-heal|p2a: Budget Jirachi|41\/100 par|[from] item: Leftovers\n|upkeep\n|turn|38\n|\n|t:|1700275108\n|switch|p1a: CrAkron Squirrel|Pachirisu, M, shiny|59\/100\n|-damage|p1a: CrAkron Squirrel|46\/100|[from] Spikes\n|cant|p2a: Budget Jirachi|par\n|\n|-heal|p2a: Budget Jirachi|47\/100 par|[from] item: Leftovers\n|upkeep\n|turn|39\n|\n|t:|1700275116\n|move|p1a: CrAkron Squirrel|Super Fang|p2a: Budget Jirachi\n|-damage|p2a: Budget Jirachi|24\/100 par\n|move|p2a: Budget Jirachi|Thunder Wave|p1a: CrAkron Squirrel\n|-heal|p1a: CrAkron Squirrel|71\/100|[from] ability: Volt Absorb|[of] p2a: Budget Jirachi\n|\n|-heal|p2a: Budget Jirachi|30\/100 par|[from] item: Leftovers\n|upkeep\n|turn|40\n|\n|t:|1700275124\n|move|p1a: CrAkron Squirrel|Super Fang|p2a: Budget Jirachi\n|-damage|p2a: Budget Jirachi|15\/100 par\n|move|p2a: Budget Jirachi|Air Slash|p1a: CrAkron Squirrel\n|-resisted|p1a: CrAkron Squirrel\n|-damage|p1a: CrAkron Squirrel|54\/100\n|\n|-heal|p2a: Budget Jirachi|21\/100 par|[from] item: Leftovers\n|upkeep\n|turn|41\n|j| Senseitoad71\n|\n|t:|1700275131\n|move|p1a: CrAkron Squirrel|Super Fang|p2a: Budget Jirachi\n|-damage|p2a: Budget Jirachi|11\/100 par\n|move|p2a: Budget Jirachi|Roost|p2a: Budget Jirachi\n|-heal|p2a: Budget Jirachi|61\/100 par\n|-singleturn|p2a: Budget Jirachi|move: Roost\n|\n|-heal|p2a: Budget Jirachi|67\/100 par|[from] item: Leftovers\n|upkeep\n|turn|42\n|\n|t:|1700275139\n|move|p1a: CrAkron Squirrel|Super Fang|p2a: Budget Jirachi\n|-damage|p2a: Budget Jirachi|34\/100 par\n|move|p2a: Budget Jirachi|Air Slash|p1a: CrAkron Squirrel\n|-resisted|p1a: CrAkron Squirrel\n|-damage|p1a: CrAkron Squirrel|38\/100\n|\n|-heal|p2a: Budget Jirachi|40\/100 par|[from] item: Leftovers\n|upkeep\n|turn|43\n|\n|t:|1700275146\n|move|p1a: CrAkron Squirrel|Super Fang|p2a: Budget Jirachi\n|-damage|p2a: Budget Jirachi|20\/100 par\n|cant|p2a: Budget Jirachi|par\n|\n|-heal|p2a: Budget Jirachi|26\/100 par|[from] item: Leftovers\n|upkeep\n|turn|44\n|\n|t:|1700275152\n|move|p1a: CrAkron Squirrel|Super Fang|p2a: Budget Jirachi\n|-damage|p2a: Budget Jirachi|14\/100 par\n|move|p2a: Budget Jirachi|Roost|p2a: Budget Jirachi\n|-heal|p2a: Budget Jirachi|64\/100 par\n|-singleturn|p2a: Budget Jirachi|move: Roost\n|\n|-heal|p2a: Budget Jirachi|70\/100 par|[from] item: Leftovers\n|upkeep\n|turn|45\n|\n|t:|1700275162\n|move|p1a: CrAkron Squirrel|Light Screen|p1a: CrAkron Squirrel\n|-sidestart|p1: CringeWeirdo02|move: Light Screen\n|move|p2a: Budget Jirachi|Dazzling Gleam|p1a: CrAkron Squirrel\n|-damage|p1a: CrAkron Squirrel|20\/100\n|\n|-heal|p2a: Budget Jirachi|76\/100 par|[from] item: Leftovers\n|upkeep\n|turn|46\n|\n|t:|1700275170\n|move|p1a: CrAkron Squirrel|Super Fang|p2a: Budget Jirachi\n|-damage|p2a: Budget Jirachi|38\/100 par\n|move|p2a: Budget Jirachi|Dazzling Gleam|p1a: CrAkron Squirrel\n|-damage|p1a: CrAkron Squirrel|3\/100\n|\n|-heal|p2a: Budget Jirachi|44\/100 par|[from] item: Leftovers\n|upkeep\n|turn|47\n|\n|t:|1700275177\n|move|p1a: CrAkron Squirrel|Super Fang|p2a: Budget Jirachi\n|-damage|p2a: Budget Jirachi|22\/100 par\n|cant|p2a: Budget Jirachi|par\n|\n|-heal|p2a: Budget Jirachi|29\/100 par|[from] item: Leftovers\n|upkeep\n|turn|48\n|\n|t:|1700275184\n|move|p1a: CrAkron Squirrel|Super Fang|p2a: Budget Jirachi\n|-damage|p2a: Budget Jirachi|15\/100 par\n|cant|p2a: Budget Jirachi|par\n|\n|-heal|p2a: Budget Jirachi|21\/100 par|[from] item: Leftovers\n|upkeep\n|turn|49\n|\n|t:|1700275196\n|move|p1a: CrAkron Squirrel|Super Fang|p2a: Budget Jirachi\n|-damage|p2a: Budget Jirachi|11\/100 par\n|move|p2a: Budget Jirachi|Roost|p2a: Budget Jirachi\n|-heal|p2a: Budget Jirachi|61\/100 par\n|-singleturn|p2a: Budget Jirachi|move: Roost\n|\n|-heal|p2a: Budget Jirachi|67\/100 par|[from] item: Leftovers\n|-sideend|p1: CringeWeirdo02|move: Light Screen\n|upkeep\n|turn|50\n|\n|t:|1700275210\n|move|p1a: CrAkron Squirrel|Super Fang|p2a: Budget Jirachi\n|-damage|p2a: Budget Jirachi|34\/100 par\n|move|p2a: Budget Jirachi|Dazzling Gleam|p1a: CrAkron Squirrel\n|-damage|p1a: CrAkron Squirrel|0 fnt\n|faint|p1a: CrAkron Squirrel\n|\n|-heal|p2a: Budget Jirachi|40\/100 par|[from] item: Leftovers\n|upkeep\n|\n|t:|1700275217\n|switch|p1a: Rock\/Steel \ud83d\udc80\ud83e\udd21|Bastiodon, M, shiny|26\/100 par\n|-damage|p1a: Rock\/Steel \ud83d\udc80\ud83e\udd21|14\/100 par|[from] Spikes\n|turn|51\n|c|\u2606CringeWeirdo02|gg\n|-message|CringeWeirdo02 forfeited.\n|\n|win|GameKnightXD\n|l|\u2606CringeWeirdo02\n|c|\u2606GameKnightXD|gg\n|l| jayklod\n","uploadtime":1700275255,"views":16,"p1id":"cringeweirdo02","p2id":"gameknightxd","formatid":"gen9nationaldexubers","rating":0,"private":0,"password":""}