{"id":"gen9nationaldexubers-1989440938","p1":"ToriOriAgain","p2":"VerduOsane","format":"[Gen 9] National Dex Ubers","log":"|j|\u2606ToriOriAgain\n|j|\u2606VerduOsane\n|t:|1699850878\n|gametype|singles\n|player|p1|ToriOriAgain|lance|1026\n|player|p2|VerduOsane|266|1126\n|teamsize|p1|6\n|teamsize|p2|6\n|gen|9\n|tier|[Gen 9] National Dex Ubers\n|rated|\n|rule|HP Percentage Mod: HP is shown in percentages\n|rule|Endless Battle Clause: Forcing endless battles is banned\n|rule|OHKO Clause: OHKO moves are banned\n|rule|Evasion Moves Clause: Evasion moves are banned\n|rule|Evasion Items Clause: Evasion items are banned\n|rule|Species Clause: Limit one of each Pok\u00e9mon\n|rule|Sleep Clause Mod: Limit one foe put to sleep\n|rule|Mega Rayquaza Clause: You cannot mega evolve Rayquaza\n|clearpoke\n|poke|p1|Gyarados, M|\n|poke|p1|Charizard, M|\n|poke|p1|Exeggutor-Alola, M|\n|poke|p1|Kingdra, M|\n|poke|p1|Aerodactyl, M|\n|poke|p1|Dragonite, M|\n|poke|p2|Ninetales-Alola, M|\n|poke|p2|Meowscarada, F|\n|poke|p2|Iron Moth|\n|poke|p2|Hoopa|\n|poke|p2|Gliscor, M|\n|poke|p2|Kommo-o, M|\n|teampreview\n|\n|t:|1699850903\n|start\n|switch|p1a: Gyarados|Gyarados, M, shiny|100\/100\n|switch|p2a: Gliscor|Gliscor, M|100\/100\n|-ability|p1a: Gyarados|Intimidate|boost\n|-unboost|p2a: Gliscor|atk|1\n|turn|1\n|\n|t:|1699850915\n|switch|p2a: Kommo-o|Kommo-o, M|100\/100\n|move|p1a: Gyarados|Ice Fang|p2a: Kommo-o\n|-supereffective|p2a: Kommo-o\n|-damage|p2a: Kommo-o|57\/100\n|\n|upkeep\n|turn|2\n|\n|t:|1699850922\n|-terastallize|p2a: Kommo-o|Steel\n|move|p2a: Kommo-o|Clangorous Soul|p2a: Kommo-o\n|-boost|p2a: Kommo-o|atk|1\n|-boost|p2a: Kommo-o|def|1\n|-boost|p2a: Kommo-o|spa|1\n|-boost|p2a: Kommo-o|spd|1\n|-boost|p2a: Kommo-o|spe|1\n|-damage|p2a: Kommo-o|24\/100\n|-enditem|p2a: Kommo-o|Throat Spray\n|-boost|p2a: Kommo-o|spa|1|[from] item: Throat Spray\n|move|p1a: Gyarados|Thunder Wave|p2a: Kommo-o\n|-status|p2a: Kommo-o|par\n|\n|upkeep\n|turn|3\n|\n|t:|1699850936\n|move|p1a: Gyarados|Waterfall|p2a: Kommo-o\n|-crit|p2a: Kommo-o\n|-damage|p2a: Kommo-o|0 fnt\n|faint|p2a: Kommo-o\n|\n|upkeep\n|c|\u2606VerduOsane|I\u2019m killing mself..\n|\n|t:|1699850952\n|switch|p2a: Ninetales|Ninetales-Alola, M|100\/100\n|-weather|Snow|[from] ability: Snow Warning|[of] p2a: Ninetales\n|turn|4\n|\n|t:|1699850962\n|move|p2a: Ninetales|Aurora Veil|p2a: Ninetales\n|-sidestart|p2: VerduOsane|move: Aurora Veil\n|move|p1a: Gyarados|Thunder Wave|p2a: Ninetales|[miss]\n|-miss|p1a: Gyarados|p2a: Ninetales\n|\n|-weather|Snow|[upkeep]\n|upkeep\n|turn|5\n|\n|t:|1699850970\n|move|p2a: Ninetales|Freeze-Dry|p1a: Gyarados\n|-supereffective|p1a: Gyarados\n|-damage|p1a: Gyarados|16\/100\n|move|p1a: Gyarados|Thunder Wave|p2a: Ninetales\n|-status|p2a: Ninetales|par\n|\n|-weather|Snow|[upkeep]\n|upkeep\n|turn|6\n|\n|t:|1699850980\n|move|p1a: Gyarados|Waterfall|p2a: Ninetales\n|-damage|p2a: Ninetales|83\/100 par\n|move|p2a: Ninetales|Freeze-Dry|p1a: Gyarados\n|-supereffective|p1a: Gyarados\n|-damage|p1a: Gyarados|0 fnt\n|faint|p1a: Gyarados\n|\n|-weather|Snow|[upkeep]\n|upkeep\n|\n|t:|1699850991\n|switch|p1a: Kingdra|Kingdra, M|100\/100\n|turn|7\n|\n|t:|1699850995\n|move|p1a: Kingdra|Flash Cannon|p2a: Ninetales\n|-supereffective|p2a: Ninetales\n|-crit|p2a: Ninetales\n|-damage|p2a: Ninetales|0 fnt\n|faint|p2a: Ninetales\n|\n|-weather|Snow|[upkeep]\n|upkeep\n|\n|t:|1699851012\n|switch|p2a: Meowscarada|Meowscarada, F|100\/100\n|turn|8\n|\n|t:|1699851019\n|move|p2a: Meowscarada|Knock Off|p1a: Kingdra\n|-start|p2a: Meowscarada|typechange|Dark|[from] ability: Protean\n|-crit|p1a: Kingdra\n|-damage|p1a: Kingdra|46\/100\n|move|p1a: Kingdra|Ice Beam|p2a: Meowscarada\n|-damage|p2a: Meowscarada|81\/100\n|\n|-weather|none\n|upkeep\n|turn|9\n|\n|t:|1699851031\n|move|p2a: Meowscarada|Knock Off|p1a: Kingdra\n|-damage|p1a: Kingdra|10\/100\n|move|p1a: Kingdra|Surf|p2a: Meowscarada\n|-damage|p2a: Meowscarada|53\/100\n|\n|upkeep\n|turn|10\n|\n|t:|1699851040\n|move|p2a: Meowscarada|Flower Trick|p1a: Kingdra\n|-crit|p1a: Kingdra\n|-damage|p1a: Kingdra|0 fnt\n|faint|p1a: Kingdra\n|\n|upkeep\n|\n|t:|1699851051\n|switch|p1a: Exeggutor|Exeggutor-Alola, M|100\/100\n|-item|p2a: Meowscarada|Focus Sash|[from] ability: Frisk|[of] p1a: Exeggutor|[identify]\n|turn|11\n|\n|t:|1699851069\n|switch|p2a: Hoopa|Hoopa|100\/100\n|move|p1a: Exeggutor|Mega Drain|p2a: Hoopa\n|-damage|p2a: Hoopa|92\/100\n|\n|-sideend|p2: VerduOsane|move: Aurora Veil\n|upkeep\n|turn|12\n|\n|t:|1699851080\n|move|p2a: Hoopa|Calm Mind|p2a: Hoopa\n|-boost|p2a: Hoopa|spa|1\n|-boost|p2a: Hoopa|spd|1\n|move|p1a: Exeggutor|Dragon Pulse|p2a: Hoopa\n|-damage|p2a: Hoopa|69\/100\n|\n|upkeep\n|turn|13\n|\n|t:|1699851091\n|move|p2a: Hoopa|Hyperspace Hole|p1a: Exeggutor\n|-damage|p1a: Exeggutor|38\/100\n|move|p1a: Exeggutor|Dragon Pulse|p2a: Hoopa\n|-damage|p2a: Hoopa|46\/100\n|\n|upkeep\n|turn|14\n|\n|t:|1699851098\n|move|p2a: Hoopa|Shadow Ball|p1a: Exeggutor\n|-damage|p1a: Exeggutor|0 fnt\n|faint|p1a: Exeggutor\n|\n|upkeep\n|\n|t:|1699851104\n|switch|p1a: Aerodactyl|Aerodactyl, M|100\/100\n|turn|15\n|\n|t:|1699851107\n|move|p1a: Aerodactyl|Crunch|p2a: Hoopa\n|-supereffective|p2a: Hoopa\n|-damage|p2a: Hoopa|0 fnt\n|faint|p2a: Hoopa\n|\n|upkeep\n|\n|t:|1699851115\n|switch|p2a: Iron Moth|Iron Moth|100\/100\n|-enditem|p2a: Iron Moth|Booster Energy\n|-activate|p2a: Iron Moth|ability: Quark Drive|[fromitem]\n|-start|p2a: Iron Moth|quarkdrivespe\n|turn|16\n|\n|t:|1699851121\n|move|p2a: Iron Moth|Discharge|p1a: Aerodactyl\n|-supereffective|p1a: Aerodactyl\n|-damage|p1a: Aerodactyl|19\/100\n|move|p1a: Aerodactyl|Earthquake|p2a: Iron Moth\n|-supereffective|p2a: Iron Moth\n|-damage|p2a: Iron Moth|0 fnt\n|faint|p2a: Iron Moth\n|-end|p2a: Iron Moth|Quark Drive|[silent]\n|\n|upkeep\n|\n|t:|1699851125\n|switch|p2a: Gliscor|Gliscor, M|100\/100\n|turn|17\n|\n|t:|1699851134\n|move|p2a: Gliscor|Protect|p2a: Gliscor\n|-singleturn|p2a: Gliscor|Protect\n|move|p1a: Aerodactyl|Rock Slide|p2a: Gliscor\n|-activate|p2a: Gliscor|move: Protect\n|\n|-status|p2a: Gliscor|tox|[from] item: Toxic Orb\n|upkeep\n|turn|18\n|\n|t:|1699851143\n|move|p1a: Aerodactyl|Rock Slide|p2a: Gliscor|[miss]\n|-miss|p1a: Aerodactyl|p2a: Gliscor\n|move|p2a: Gliscor|Facade|p1a: Aerodactyl\n|-resisted|p1a: Aerodactyl\n|-damage|p1a: Aerodactyl|0 fnt\n|faint|p1a: Aerodactyl\n|\n|upkeep\n|\n|t:|1699851154\n|switch|p1a: Charizard|Charizard, M|100\/100\n|turn|19\n|\n|t:|1699851173\n|move|p1a: Charizard|Dragon Claw|p2a: Gliscor\n|-damage|p2a: Gliscor|81\/100 tox\n|move|p2a: Gliscor|Facade|p1a: Charizard\n|-damage|p1a: Charizard|30\/100\n|\n|-heal|p2a: Gliscor|93\/100 tox|[from] ability: Poison Heal\n|upkeep\n|turn|20\n|\n|t:|1699851184\n|detailschange|p1a: Charizard|Charizard-Mega-X, M\n|-mega|p1a: Charizard|Charizard|Charizardite X\n|move|p1a: Charizard|Dragon Claw|p2a: Gliscor\n|-damage|p2a: Gliscor|42\/100 tox\n|move|p2a: Gliscor|Facade|p1a: Charizard\n|-damage|p1a: Charizard|0 fnt\n|faint|p1a: Charizard\n|\n|-heal|p2a: Gliscor|55\/100 tox|[from] ability: Poison Heal\n|upkeep\n|\n|t:|1699851196\n|switch|p1a: Dragonite|Dragonite, M|100\/100\n|turn|21\n|\n|t:|1699851203\n|move|p1a: Dragonite|Ice Punch|p2a: Gliscor\n|-supereffective|p2a: Gliscor\n|-damage|p2a: Gliscor|0 fnt\n|faint|p2a: Gliscor\n|\n|upkeep\n|\n|t:|1699851205\n|switch|p2a: Meowscarada|Meowscarada, F|53\/100\n|turn|22\n|\n|t:|1699851222\n|-terastallize|p1a: Dragonite|Dragon\n|move|p2a: Meowscarada|Play Rough|p1a: Dragonite\n|-start|p2a: Meowscarada|typechange|Fairy|[from] ability: Protean\n|-supereffective|p1a: Dragonite\n|-damage|p1a: Dragonite|0 fnt\n|faint|p1a: Dragonite\n|\n|win|VerduOsane\n|raw|ToriOriAgain's rating: 1026 &rarr; <strong>1016<\/strong><br \/>(-10 for losing)\n|raw|VerduOsane's rating: 1126 &rarr; <strong>1144<\/strong><br \/>(+18 for winning)\n|c|\u2606ToriOriAgain|Hg\n|c|\u2606ToriOriAgain|gg\n|c|\u2606VerduOsane|gg..\n|l|\u2606VerduOsane\n|c|\u2606ToriOriAgain|What\u2019s up\n|l|\u2606ToriOriAgain\n|j|\u2606VerduOsane\n|player|p2|VerduOsane|266\n","uploadtime":1699851233,"views":9,"p1id":"torioriagain","p2id":"verduosane","formatid":"gen9nationaldexubers","rating":1016,"private":0,"password":""}