{"id":"gen9nationaldexubers-1995144800","p1":"Razorgliscor472","p2":"AlolanSandslashOU","format":"[Gen 9] National Dex Ubers","log":"|j|\u2606Razorgliscor472\n|j|\u2606AlolanSandslashOU\n|t:|1700527567\n|gametype|singles\n|player|p1|Razorgliscor472|170|\n|player|p2|AlolanSandslashOU|volkner|\n|teamsize|p1|6\n|teamsize|p2|6\n|gen|9\n|tier|[Gen 9] National Dex Ubers\n|rule|HP Percentage Mod: HP is shown in percentages\n|rule|Endless Battle Clause: Forcing endless battles is banned\n|rule|OHKO Clause: OHKO moves are banned\n|rule|Evasion Moves Clause: Evasion moves are banned\n|rule|Evasion Items Clause: Evasion items are banned\n|rule|Species Clause: Limit one of each Pok\u00e9mon\n|rule|Sleep Clause Mod: Limit one foe put to sleep\n|rule|Mega Rayquaza Clause: You cannot mega evolve Rayquaza\n|clearpoke\n|poke|p1|Gastrodon, M|\n|poke|p1|Excadrill, F|\n|poke|p1|Ogerpon-Hearthflame, F|\n|poke|p1|Clodsire, M|\n|poke|p1|Zygarde|\n|poke|p1|Landorus-Therian, M|\n|poke|p2|Sneasler, F|\n|poke|p2|Greninja-*, M|\n|poke|p2|Zapdos|\n|poke|p2|Iron Moth|\n|poke|p2|Kartana|\n|poke|p2|Great Tusk|\n|teampreview\n|c|\u2606Razorgliscor472|glhf\n|c|\u2606AlolanSandslashOU|Man\n|c|\u2606AlolanSandslashOU|i just realized how bad zapdos is in this fight\n|\n|t:|1700527603\n|start\n|switch|p1a: Clodsire|Clodsire, M|100\/100\n|switch|p2a: Zapdos|Zapdos|100\/100\n|turn|1\n|\n|t:|1700527606\n|move|p2a: Zapdos|Hurricane|p1a: Clodsire|[miss]\n|-miss|p2a: Zapdos|p1a: Clodsire\n|move|p1a: Clodsire|Stealth Rock|p2a: Zapdos\n|-sidestart|p2: AlolanSandslashOU|move: Stealth Rock\n|\n|upkeep\n|turn|2\n|c|\u2606Razorgliscor472|zapdos is better than you think\n|c|\u2606AlolanSandslashOU|All I have is hurricane\n|\n|t:|1700527629\n|switch|p1a: Gastrodon|Gastrodon, M|100\/100\n|move|p2a: Zapdos|Hurricane|p1a: Gastrodon\n|-damage|p1a: Gastrodon|45\/100\n|\n|-heal|p1a: Gastrodon|51\/100|[from] item: Leftovers\n|upkeep\n|turn|3\n|c|\u2606Razorgliscor472|oh\n|c|\u2606Razorgliscor472|u brought elec moves\n|c|\u2606AlolanSandslashOU|SHIT\n|c|\u2606Razorgliscor472|and thats offensive\n|c|\u2606AlolanSandslashOU|my greninja is still icium z\n|c|\u2606AlolanSandslashOU|Man\n|c|\u2606Razorgliscor472|just dont use the Z\n|\n|t:|1700527671\n|switch|p2a: Kartana|Kartana, shiny|100\/100\n|-damage|p2a: Kartana|94\/100|[from] Stealth Rock\n|switch|p1a: Clodsire|Clodsire, M|100\/100\n|\n|upkeep\n|turn|4\n|c|\u2606AlolanSandslashOU|Yeah just\n|\n|t:|1700527684\n|move|p2a: Kartana|Knock Off|p1a: Clodsire\n|-damage|p1a: Clodsire|64\/100\n|-enditem|p1a: Clodsire|Black Sludge|[from] move: Knock Off|[of] p2a: Kartana\n|move|p1a: Clodsire|Earthquake|p2a: Kartana\n|-damage|p2a: Kartana|66\/100\n|\n|upkeep\n|turn|5\n|c|\u2606AlolanSandslashOU|losong power off of a specs\/lorb sucks\n|\n|t:|1700527708\n|switch|p2a: Zapdos|Zapdos|100\/100\n|-damage|p2a: Zapdos|75\/100|[from] Stealth Rock\n|switch|p1a: Ogerpon|Ogerpon-Hearthflame, F|100\/100\n|-ability|p1a: Ogerpon|Mold Breaker\n|\n|-heal|p2a: Zapdos|82\/100|[from] item: Leftovers\n|upkeep\n|turn|6\n|\n|t:|1700527723\n|switch|p1a: Zygarde|Zygarde|100\/100\n|-ability|p1a: Zygarde|Aura Break\n|move|p2a: Zapdos|Hurricane|p1a: Zygarde|[miss]\n|-miss|p2a: Zapdos|p1a: Zygarde\n|\n|-heal|p2a: Zapdos|88\/100|[from] item: Leftovers\n|upkeep\n|turn|7\n|\n|t:|1700527732\n|move|p2a: Zapdos|Hurricane|p1a: Zygarde\n|-crit|p1a: Zygarde\n|-damage|p1a: Zygarde|43\/100\n|-start|p1a: Zygarde|confusion\n|-activate|p1a: Zygarde|confusion\n|move|p1a: Zygarde|Substitute|p1a: Zygarde\n|-start|p1a: Zygarde|Substitute\n|-damage|p1a: Zygarde|18\/100\n|\n|-heal|p2a: Zapdos|94\/100|[from] item: Leftovers\n|-heal|p1a: Zygarde|24\/100|[from] item: Leftovers\n|upkeep\n|turn|8\n|c|\u2606AlolanSandslashOU|I am so GAMING\n|\n|t:|1700527744\n|move|p2a: Zapdos|Hurricane|p1a: Zygarde\n|-end|p1a: Zygarde|Substitute\n|-activate|p1a: Zygarde|confusion\n|-damage|p1a: Zygarde|17\/100|[from] confusion\n|\n|-heal|p2a: Zapdos|100\/100|[from] item: Leftovers\n|-heal|p1a: Zygarde|23\/100|[from] item: Leftovers\n|upkeep\n|turn|9\n|c|\u2606Razorgliscor472|wow\n|\n|t:|1700527752\n|move|p2a: Zapdos|Hurricane|p1a: Zygarde\n|-damage|p1a: Zygarde|0 fnt\n|faint|p1a: Zygarde\n|\n|upkeep\n|\n|t:|1700527759\n|switch|p1a: Landorus|Landorus-Therian, M|100\/100\n|-ability|p1a: Landorus|Intimidate|boost\n|-unboost|p2a: Zapdos|atk|1\n|turn|10\n|c|\u2606AlolanSandslashOU|I love hurricane\n|\n|t:|1700527766\n|move|p1a: Landorus|Gravity|p1a: Landorus\n|-fieldstart|move: Gravity\n|move|p2a: Zapdos|Hurricane|p1a: Landorus\n|-damage|p1a: Landorus|53\/100\n|\n|-heal|p1a: Landorus|59\/100|[from] item: Leftovers\n|upkeep\n|turn|11\n|\n|t:|1700527771\n|move|p1a: Landorus|Earthquake|p2a: Zapdos\n|-supereffective|p2a: Zapdos\n|-damage|p2a: Zapdos|0 fnt\n|faint|p2a: Zapdos\n|\n|-heal|p1a: Landorus|65\/100|[from] item: Leftovers\n|upkeep\n|\n|t:|1700527778\n|switch|p2a: Great Tusk|Great Tusk, shiny|100\/100\n|turn|12\n|c|\u2606AlolanSandslashOU|That\u2019s cool\n|c|\u2606AlolanSandslashOU|i guess\n|\n|t:|1700527811\n|-terastallize|p1a: Landorus|Water\n|move|p1a: Landorus|Bulk Up|p1a: Landorus\n|-boost|p1a: Landorus|atk|1\n|-boost|p1a: Landorus|def|1\n|move|p2a: Great Tusk|Rapid Spin|p1a: Landorus\n|-crit|p1a: Landorus\n|-damage|p1a: Landorus|37\/100\n|-boost|p2a: Great Tusk|spe|1\n|-sideend|p2: AlolanSandslashOU|Stealth Rock|[from] move: Rapid Spin|[of] p2a: Great Tusk\n|\n|-heal|p1a: Landorus|43\/100|[from] item: Leftovers\n|upkeep\n|turn|13\n|\n|t:|1700527821\n|move|p2a: Great Tusk|Knock Off|p1a: Landorus\n|-damage|p1a: Landorus|20\/100\n|-enditem|p1a: Landorus|Leftovers|[from] move: Knock Off|[of] p2a: Great Tusk\n|move|p1a: Landorus|Earthquake|p2a: Great Tusk\n|-damage|p2a: Great Tusk|57\/100\n|\n|upkeep\n|turn|14\n|\n|t:|1700527829\n|move|p2a: Great Tusk|Close Combat|p1a: Landorus\n|-damage|p1a: Landorus|0 fnt\n|-unboost|p2a: Great Tusk|def|1\n|-unboost|p2a: Great Tusk|spd|1\n|faint|p1a: Landorus\n|\n|-fieldend|move: Gravity\n|upkeep\n|\n|t:|1700527838\n|switch|p1a: Excadrill|Excadrill, F|100\/100\n|-ability|p1a: Excadrill|Mold Breaker\n|turn|15\n|\n|t:|1700527843\n|move|p1a: Excadrill|Earthquake|p2a: Great Tusk\n|-damage|p2a: Great Tusk|6\/100\n|move|p2a: Great Tusk|Close Combat|p1a: Excadrill\n|-supereffective|p1a: Excadrill\n|-damage|p1a: Excadrill|0 fnt\n|-unboost|p2a: Great Tusk|def|1\n|-unboost|p2a: Great Tusk|spd|1\n|faint|p1a: Excadrill\n|\n|upkeep\n|c|\u2606Razorgliscor472|welp ggs\n|c|\u2606Razorgliscor472|got lucked out of the game\n|c|\u2606AlolanSandslashOU|I am so GAMING\n|c|\u2606Razorgliscor472|crit+Confusion\n|c|\u2606Razorgliscor472|wtf\n|\n|t:|1700527872\n|switch|p1a: Clodsire|Clodsire, M|64\/100\n|turn|16\n|c|\u2606AlolanSandslashOU|Zapdos busted\n|\n|t:|1700527878\n|move|p2a: Great Tusk|Earthquake|p1a: Clodsire\n|-supereffective|p1a: Clodsire\n|-damage|p1a: Clodsire|0 fnt\n|faint|p1a: Clodsire\n|\n|upkeep\n|\n|t:|1700527884\n|switch|p1a: Gastrodon|Gastrodon, M|51\/100\n|turn|17\n|\n|t:|1700527887\n|move|p2a: Great Tusk|Close Combat|p1a: Gastrodon\n|-damage|p1a: Gastrodon|0 fnt\n|-unboost|p2a: Great Tusk|def|1\n|-unboost|p2a: Great Tusk|spd|1\n|faint|p1a: Gastrodon\n|\n|upkeep\n|\n|t:|1700527891\n|switch|p1a: Ogerpon|Ogerpon-Hearthflame, F|100\/100\n|-ability|p1a: Ogerpon|Mold Breaker\n|turn|18\n|\n|t:|1700527894\n|move|p1a: Ogerpon|Ivy Cudgel|p2a: Great Tusk|[anim] Ivy Cudgel Fire\n|-damage|p2a: Great Tusk|0 fnt\n|faint|p2a: Great Tusk\n|-end|p2a: Great Tusk|Protosynthesis|[silent]\n|\n|upkeep\n|\n|t:|1700527898\n|switch|p2a: Sneasler|Sneasler, F|100\/100\n|turn|19\n|\n|t:|1700527906\n|move|p2a: Sneasler|Dire Claw|p1a: Ogerpon\n|-supereffective|p1a: Ogerpon\n|-damage|p1a: Ogerpon|0 fnt\n|faint|p1a: Ogerpon\n|\n|win|AlolanSandslashOU\n|c|\u2606AlolanSandslashOU|Game\n|c|\u2606AlolanSandslashOU|Over\n","uploadtime":1700527946,"views":1,"p1id":"razorgliscor472","p2id":"alolansandslashou","formatid":"gen9nationaldexubers","rating":0,"private":0,"password":""}