{"id":"gen9nationaldexubers-1977944308","p1":"The False Pariah","p2":"larsonshark","format":"[Gen 9] National Dex Ubers","log":"|j|\u2606The False Pariah\n|j|\u203dlarsonshark\n|t:|1698470530\n|gametype|singles\n|player|p1|The False Pariah|cameraman|\n|player|p2|larsonshark|caitlin|\n|teamsize|p1|6\n|teamsize|p2|6\n|gen|9\n|tier|[Gen 9] National Dex Ubers\n|rule|HP Percentage Mod: HP is shown in percentages\n|rule|Endless Battle Clause: Forcing endless battles is banned\n|rule|OHKO Clause: OHKO moves are banned\n|rule|Evasion Moves Clause: Evasion moves are banned\n|rule|Evasion Items Clause: Evasion items are banned\n|rule|Species Clause: Limit one of each Pok\u00e9mon\n|rule|Sleep Clause Mod: Limit one foe put to sleep\n|rule|Mega Rayquaza Clause: You cannot mega evolve Rayquaza\n|clearpoke\n|poke|p1|Flutter Mane|\n|poke|p1|Zacian-*|\n|poke|p1|Xerneas-*|\n|poke|p1|Diancie|\n|poke|p1|Grimmsnarl, M|\n|poke|p1|Tinkaton, F|\n|poke|p2|Ho-Oh|\n|poke|p2|Kyurem-Black|\n|poke|p2|Marshadow|\n|poke|p2|Pheromosa|\n|poke|p2|Grimmsnarl, M|\n|poke|p2|Necrozma-Dusk-Mane|\n|teampreview\n|inactive|Battle timer is ON: inactive players will automatically lose when time's up. (requested by larsonshark)\n|inactive|The False Pariah also wants the timer to be on.\n|c|\u2606The False Pariah|the rori rori god\n|inactive|The False Pariah has 270 seconds left.\n|inactive|larsonshark has 270 seconds left.\n|\n|t:|1698470574\n|start\n|switch|p1a: kevin|Grimmsnarl, M, shiny|100\/100\n|switch|p2a: Grimmsnarl|Grimmsnarl, M, shiny|100\/100\n|turn|1\n|\n|t:|1698470583\n|move|p1a: kevin|Reflect|p1a: kevin\n|-sidestart|p1: The False Pariah|Reflect\n|move|p2a: Grimmsnarl|Reflect|p2a: Grimmsnarl\n|-sidestart|p2: larsonshark|Reflect\n|\n|upkeep\n|turn|2\n|\n|t:|1698470600\n|switch|p1a: Emilia|Zacian-Crowned|100\/100\n|-ability|p1a: Emilia|Intrepid Sword|boost\n|-boost|p1a: Emilia|atk|1\n|move|p2a: Grimmsnarl|Light Screen|p2a: Grimmsnarl\n|-sidestart|p2: larsonshark|move: Light Screen\n|\n|upkeep\n|turn|3\n|\n|t:|1698470604\n|move|p2a: Grimmsnarl|Thunder Wave|p1a: Emilia\n|-status|p1a: Emilia|par\n|move|p1a: Emilia|Swords Dance|p1a: Emilia\n|-boost|p1a: Emilia|atk|2\n|\n|upkeep\n|turn|4\n|\n|t:|1698470616\n|switch|p1a: Athena|Diancie|100\/100\n|move|p2a: Grimmsnarl|Light Screen||[still]\n|-fail|p2a: Grimmsnarl\n|\n|upkeep\n|turn|5\n|\n|t:|1698470621\n|switch|p2a: Necrozma|Necrozma-Dusk-Mane|100\/100\n|detailschange|p1a: Athena|Diancie-Mega\n|-mega|p1a: Athena|Diancie|Diancite\n|move|p1a: Athena|Toxic|p2a: Necrozma\n|-immune|p2a: Necrozma\n|\n|upkeep\n|turn|6\n|\n|t:|1698470625\n|move|p1a: Athena|Earth Power|p2a: Necrozma\n|-supereffective|p2a: Necrozma\n|-damage|p2a: Necrozma|84\/100\n|move|p2a: Necrozma|Dragon Dance|p2a: Necrozma\n|-boost|p2a: Necrozma|atk|1\n|-boost|p2a: Necrozma|spe|1\n|\n|upkeep\n|turn|7\n|\n|t:|1698470634\n|switch|p1a: Emilia|Zacian-Crowned|100\/100 par\n|move|p2a: Necrozma|Dragon Dance|p2a: Necrozma\n|-boost|p2a: Necrozma|atk|1\n|-boost|p2a: Necrozma|spe|1\n|\n|upkeep\n|turn|8\n|\n|t:|1698470639\n|switch|p1a: Athena|Diancie-Mega|100\/100\n|move|p2a: Necrozma|Earthquake|p1a: Athena\n|-supereffective|p1a: Athena\n|-damage|p1a: Athena|15\/100\n|\n|-sideend|p2: larsonshark|Reflect\n|-sideend|p1: The False Pariah|Reflect\n|upkeep\n|turn|9\n|c|\u2606The False Pariah|oh skeaaa\n|c|\u2606The False Pariah|i forgot\n|c|\u2606The False Pariah|xd\n|\n|t:|1698470652\n|move|p2a: Necrozma|Dragon Dance|p2a: Necrozma\n|-boost|p2a: Necrozma|atk|1\n|-boost|p2a: Necrozma|spe|1\n|move|p1a: Athena|Heal Bell|p1a: Athena\n|-activate|p1a: Athena|move: Heal Bell\n|-curestatus|p1: Emilia|par|[msg]\n|\n|-sideend|p2: larsonshark|move: Light Screen\n|upkeep\n|turn|10\n|\n|t:|1698470655\n|move|p2a: Necrozma|Earthquake|p1a: Athena\n|-supereffective|p1a: Athena\n|-damage|p1a: Athena|0 fnt\n|faint|p1a: Athena\n|\n|upkeep\n|\n|t:|1698470659\n|switch|p1a: kevin|Grimmsnarl, M, shiny|100\/100\n|turn|11\n|\n|t:|1698470668\n|move|p1a: kevin|Taunt|p2a: Necrozma\n|-start|p2a: Necrozma|move: Taunt\n|move|p2a: Necrozma|Earthquake|p1a: kevin\n|-damage|p1a: kevin|12\/100\n|\n|upkeep\n|turn|12\n|\n|t:|1698470673\n|move|p1a: kevin|Reflect|p1a: kevin\n|-sidestart|p1: The False Pariah|Reflect\n|move|p2a: Necrozma|Earthquake|p1a: kevin\n|-damage|p1a: kevin|0 fnt\n|faint|p1a: kevin\n|\n|upkeep\n|\n|t:|1698470678\n|switch|p1a: Farah|Xerneas|100\/100\n|-ability|p1a: Farah|Fairy Aura\n|turn|13\n|\n|t:|1698470689\n|move|p2a: Necrozma|Knock Off|p1a: Farah\n|-resisted|p1a: Farah\n|-damage|p1a: Farah|85\/100\n|-zpower|p1a: Farah\n|move|p1a: Farah|Z-Geomancy||[anim]Geomancy|[still]\n|-boost|p1a: Farah|atk|1|[zeffect]\n|-boost|p1a: Farah|def|1|[zeffect]\n|-boost|p1a: Farah|spa|1|[zeffect]\n|-boost|p1a: Farah|spd|1|[zeffect]\n|-boost|p1a: Farah|spe|1|[zeffect]\n|-prepare|p1a: Farah|Geomancy\n|\n|-end|p2a: Necrozma|move: Taunt\n|upkeep\n|turn|14\n|c|\u2606The False Pariah|zet me purify mysef\n|\n|t:|1698470702\n|move|p2a: Necrozma|Photon Geyser|p1a: Farah\n|-damage|p1a: Farah|42\/100\n|move|p1a: Farah|Geomancy|p1a: Farah|[from]lockedmove\n|-boost|p1a: Farah|spa|2\n|-boost|p1a: Farah|spd|2\n|-boost|p1a: Farah|spe|2\n|\n|upkeep\n|turn|15\n|c|\u2606The False Pariah|ok?\n|\n|t:|1698470710\n|move|p1a: Farah|Grass Knot|p2a: Necrozma\n|-resisted|p2a: Necrozma\n|-damage|p2a: Necrozma|42\/100\n|move|p2a: Necrozma|Photon Geyser|p1a: Farah\n|-damage|p1a: Farah|0 fnt\n|faint|p1a: Farah\n|\n|upkeep\n|\n|t:|1698470717\n|switch|p1a: Emilia|Zacian-Crowned|100\/100\n|turn|16\n|\n|t:|1698470723\n|-terastallize|p1a: Emilia|Ground\n|move|p2a: Necrozma|Earthquake|p1a: Emilia\n|-damage|p1a: Emilia|47\/100\n|move|p1a: Emilia|Swords Dance|p1a: Emilia\n|-boost|p1a: Emilia|atk|2\n|\n|upkeep\n|turn|17\n|\n|t:|1698470733\n|move|p2a: Necrozma|Earthquake|p1a: Emilia\n|-damage|p1a: Emilia|0 fnt\n|faint|p1a: Emilia\n|\n|upkeep\n|c|\u2606The False Pariah|nooo\n|c|\u2606The False Pariah|vegeta\n|c|\u2606The False Pariah|xdddd\n|c|\u2606The False Pariah|im losinggg\n|c|\u2606The False Pariah|noooo :v\n|\n|t:|1698470746\n|switch|p1a: Kai|Tinkaton, F|100\/100\n|-ability|p1a: Kai|Mold Breaker\n|turn|18\n|\n|t:|1698470753\n|move|p2a: Necrozma|Earthquake|p1a: Kai\n|-supereffective|p1a: Kai\n|-damage|p1a: Kai|0 fnt\n|faint|p1a: Kai\n|\n|upkeep\n|\n|t:|1698470756\n|switch|p1a: Esther|Flutter Mane|100\/100\n|-enditem|p1a: Esther|Booster Energy\n|-activate|p1a: Esther|ability: Protosynthesis|[fromitem]\n|-start|p1a: Esther|protosynthesisspe\n|turn|19\n|\n|t:|1698470764\n|move|p2a: Necrozma|Photon Geyser|p1a: Esther\n|-damage|p1a: Esther|0 fnt\n|faint|p1a: Esther\n|-end|p1a: Esther|Protosynthesis|[silent]\n|\n|win|larsonshark\n|c|\u2606The False Pariah|xddd\n|c|\u2606The False Pariah|noooo\n","uploadtime":1698470773,"views":9,"p1id":"thefalsepariah","p2id":"larsonshark","formatid":"gen9nationaldexubers","rating":0,"private":0,"password":""}