{"id":"gen9nationaldexubers-1984437949","p1":"priestmajor","p2":"85792195wwww","format":"[Gen 9] National Dex Ubers","log":"|j|\u2606priestmajor\n|j|\u203d85792195wwww\n|t:|1699263659\n|gametype|singles\n|player|p1|priestmajor|266|1699\n|player|p2|85792195wwww|mira|1794\n|teamsize|p1|6\n|teamsize|p2|6\n|gen|9\n|tier|[Gen 9] National Dex Ubers\n|rated|\n|rule|HP Percentage Mod: HP is shown in percentages\n|rule|Endless Battle Clause: Forcing endless battles is banned\n|rule|OHKO Clause: OHKO moves are banned\n|rule|Evasion Moves Clause: Evasion moves are banned\n|rule|Evasion Items Clause: Evasion items are banned\n|rule|Species Clause: Limit one of each Pok\u00e9mon\n|rule|Sleep Clause Mod: Limit one foe put to sleep\n|rule|Mega Rayquaza Clause: You cannot mega evolve Rayquaza\n|clearpoke\n|poke|p1|Groudon|\n|poke|p1|Ho-Oh|\n|poke|p1|Zygarde|\n|poke|p1|Arceus-Ground|\n|poke|p1|Yveltal|\n|poke|p1|Necrozma-Dusk-Mane|\n|poke|p2|Arceus|\n|poke|p2|Xerneas-*|\n|poke|p2|Groudon|\n|poke|p2|Zacian-*|\n|poke|p2|Samurott-Hisui, F|\n|poke|p2|Rayquaza|\n|teampreview\n|\n|t:|1699263666\n|start\n|switch|p1a: Yveltal|Yveltal|100\/100\n|switch|p2a: Xerneas|Xerneas|100\/100\n|-ability|p1a: Yveltal|Dark Aura\n|-ability|p2a: Xerneas|Fairy Aura\n|turn|1\n|\n|t:|1699263676\n|move|p1a: Yveltal|Knock Off|p2a: Xerneas\n|-resisted|p2a: Xerneas\n|-damage|p2a: Xerneas|79\/100\n|-enditem|p2a: Xerneas|Power Herb|[from] move: Knock Off|[of] p1a: Yveltal\n|move|p2a: Xerneas|Hidden Power|p1a: Yveltal\n|-supereffective|p1a: Yveltal\n|-damage|p1a: Yveltal|67\/100\n|\n|upkeep\n|turn|2\n|\n|t:|1699263689\n|switch|p1a: Ho-Oh|Ho-Oh|100\/100\n|switch|p2a: Samurott|Samurott-Hisui, F|100\/100\n|\n|upkeep\n|turn|3\n|\n|t:|1699263696\n|move|p2a: Samurott|Razor Shell|p1a: Ho-Oh\n|-supereffective|p1a: Ho-Oh\n|-damage|p1a: Ho-Oh|28\/100\n|move|p1a: Ho-Oh|Toxic|p2a: Samurott|[miss]\n|-miss|p1a: Ho-Oh|p2a: Samurott\n|\n|upkeep\n|turn|4\n|\n|t:|1699263703\n|switch|p1a: Groudon|Groudon|100\/100\n|detailschange|p1a: Groudon|Groudon-Primal\n|-primal|p1a: Groudon|Red Orb\n|-weather|DesolateLand|[from] ability: Desolate Land|[of] p1a: Groudon\n|move|p2a: Samurott|Ceaseless Edge|p1a: Groudon\n|-damage|p1a: Groudon|73\/100\n|-sidestart|p1: priestmajor|Spikes\n|\n|-weather|DesolateLand|[upkeep]\n|upkeep\n|turn|5\n|\n|t:|1699263713\n|move|p2a: Samurott|Ceaseless Edge|p1a: Groudon\n|-damage|p1a: Groudon|45\/100\n|-sidestart|p1: priestmajor|Spikes\n|move|p1a: Groudon|Rock Tomb|p2a: Samurott\n|-crit|p2a: Samurott\n|-damage|p2a: Samurott|58\/100\n|-unboost|p2a: Samurott|spe|1\n|\n|-weather|DesolateLand|[upkeep]\n|upkeep\n|turn|6\n|\n|t:|1699263722\n|switch|p2a: Rayquaza|Rayquaza|100\/100\n|-ability|p2a: Rayquaza|Air Lock\n|move|p1a: Groudon|Rock Tomb|p2a: Rayquaza\n|-supereffective|p2a: Rayquaza\n|-damage|p2a: Rayquaza|55\/100\n|-unboost|p2a: Rayquaza|spe|1\n|\n|-weather|DesolateLand|[upkeep]\n|upkeep\n|turn|7\n|\n|t:|1699263732\n|move|p1a: Groudon|Rock Tomb|p2a: Rayquaza\n|-supereffective|p2a: Rayquaza\n|-damage|p2a: Rayquaza|4\/100\n|-unboost|p2a: Rayquaza|spe|1\n|move|p2a: Rayquaza|Dragon Ascent|p1a: Groudon\n|-damage|p1a: Groudon|0 fnt\n|-unboost|p2a: Rayquaza|def|1\n|-unboost|p2a: Rayquaza|spd|1\n|faint|p1a: Groudon\n|-weather|none\n|\n|upkeep\n|\n|t:|1699263749\n|switch|p1a: Ho-Oh|Ho-Oh|62\/100\n|turn|8\n|\n|t:|1699263753\n|move|p1a: Ho-Oh|Defog|p2a: Rayquaza\n|-unboost|p2a: Rayquaza|evasion|1\n|-sideend|p1: priestmajor|Spikes|[from] move: Defog|[of] p1a: Ho-Oh\n|move|p2a: Rayquaza|Dragon Ascent|p1a: Ho-Oh\n|-damage|p1a: Ho-Oh|0 fnt\n|-unboost|p2a: Rayquaza|def|1\n|-unboost|p2a: Rayquaza|spd|1\n|faint|p1a: Ho-Oh\n|\n|upkeep\n|\n|t:|1699263760\n|switch|p1a: Yveltal|Yveltal|67\/100\n|-ability|p1a: Yveltal|Dark Aura\n|turn|9\n|\n|t:|1699263766\n|move|p1a: Yveltal|Foul Play|p2a: Rayquaza\n|-damage|p2a: Rayquaza|0 fnt\n|faint|p2a: Rayquaza\n|\n|upkeep\n|\n|t:|1699263772\n|switch|p2a: Samurott|Samurott-Hisui, F|58\/100\n|turn|10\n|\n|t:|1699263776\n|move|p1a: Yveltal|Knock Off|p2a: Samurott\n|-resisted|p2a: Samurott\n|-damage|p2a: Samurott|23\/100\n|-enditem|p2a: Samurott|Focus Sash|[from] move: Knock Off|[of] p1a: Yveltal\n|move|p2a: Samurott|Ceaseless Edge|p1a: Yveltal\n|-resisted|p1a: Yveltal\n|-crit|p1a: Yveltal\n|-damage|p1a: Yveltal|32\/100\n|-sidestart|p1: priestmajor|Spikes\n|\n|upkeep\n|turn|11\n|\n|t:|1699263785\n|move|p1a: Yveltal|Foul Play|p2a: Samurott\n|-resisted|p2a: Samurott\n|-damage|p2a: Samurott|0 fnt\n|faint|p2a: Samurott\n|\n|upkeep\n|\n|t:|1699263794\n|switch|p2a: Zacian|Zacian-Crowned|100\/100\n|-ability|p2a: Zacian|Intrepid Sword|boost\n|-boost|p2a: Zacian|atk|1\n|turn|12\n|\n|t:|1699263799\n|move|p2a: Zacian|Behemoth Blade|p1a: Yveltal\n|-damage|p1a: Yveltal|0 fnt\n|faint|p1a: Yveltal\n|\n|upkeep\n|\n|t:|1699263803\n|switch|p1a: Arceus|Arceus-Ground|100\/100\n|-damage|p1a: Arceus|88\/100|[from] Spikes\n|turn|13\n|\n|t:|1699263810\n|-terastallize|p2a: Zacian|Ground\n|move|p2a: Zacian|Swords Dance|p2a: Zacian\n|-boost|p2a: Zacian|atk|2\n|move|p1a: Arceus|Dragon Dance|p1a: Arceus\n|-boost|p1a: Arceus|atk|1\n|-boost|p1a: Arceus|spe|1\n|\n|upkeep\n|turn|14\n|\n|t:|1699263819\n|move|p1a: Arceus|Earthquake|p2a: Zacian\n|-damage|p2a: Zacian|3\/100\n|move|p2a: Zacian|Behemoth Blade|p1a: Arceus\n|-damage|p1a: Arceus|0 fnt\n|faint|p1a: Arceus\n|\n|upkeep\n|\n|t:|1699263823\n|switch|p1a: Zygarde|Zygarde|100\/100\n|-damage|p1a: Zygarde|88\/100|[from] Spikes\n|turn|15\n|\n|t:|1699263831\n|-terastallize|p1a: Zygarde|Water\n|move|p2a: Zacian|Tera Blast|p1a: Zygarde|[anim] Tera Blast Ground\n|-damage|p1a: Zygarde|24\/100\n|move|p1a: Zygarde|Thousand Arrows|p2a: Zacian\n|-damage|p2a: Zacian|0 fnt\n|faint|p2a: Zacian\n|\n|-heal|p1a: Zygarde|31\/100|[from] item: Leftovers\n|-activate|p1a: Zygarde|ability: Power Construct\n|detailschange|p1a: Zygarde|Zygarde-Complete, tera:Water\n|-heal|p1a: Zygarde|54\/100|[silent]\n|upkeep\n|\n|t:|1699263847\n|switch|p2a: Xerneas|Xerneas|79\/100\n|-ability|p2a: Xerneas|Fairy Aura\n|turn|16\n|\n|t:|1699263854\n|switch|p1a: Necrozma|Necrozma-Dusk-Mane|100\/100\n|-damage|p1a: Necrozma|88\/100|[from] Spikes\n|move|p2a: Xerneas|Geomancy||[still]\n|-prepare|p2a: Xerneas|Geomancy\n|\n|upkeep\n|turn|17\n|\n|t:|1699263866\n|move|p2a: Xerneas|Geomancy|p2a: Xerneas|[from]lockedmove\n|-boost|p2a: Xerneas|spa|2\n|-boost|p2a: Xerneas|spd|2\n|-boost|p2a: Xerneas|spe|2\n|move|p1a: Necrozma|Photon Geyser|p2a: Xerneas\n|-damage|p2a: Xerneas|44\/100\n|\n|upkeep\n|turn|18\n|\n|t:|1699263876\n|move|p2a: Xerneas|Moonblast|p1a: Necrozma\n|-resisted|p1a: Necrozma\n|-damage|p1a: Necrozma|19\/100\n|move|p1a: Necrozma|Dragon Dance|p1a: Necrozma\n|-boost|p1a: Necrozma|atk|1\n|-boost|p1a: Necrozma|spe|1\n|\n|upkeep\n|turn|19\n|\n|t:|1699263883\n|detailschange|p1a: Necrozma|Necrozma-Ultra\n|-burst|p1a: Necrozma|Necrozma|Ultranecrozium Z\n|move|p2a: Xerneas|Moonblast|p1a: Necrozma\n|-supereffective|p1a: Necrozma\n|-damage|p1a: Necrozma|0 fnt\n|faint|p1a: Necrozma\n|\n|upkeep\n|-message|priestmajor forfeited.\n|\n|win|85792195wwww\n|raw|priestmajor's rating: 1699 &rarr; <strong>1684<\/strong><br \/>(-15 for losing)\n|raw|85792195wwww's rating: 1794 &rarr; <strong>1809<\/strong><br \/>(+15 for winning)\n|l|\u2606priestmajor\n","uploadtime":1699263894,"views":5,"p1id":"priestmajor","p2id":"85792195wwww","formatid":"gen9nationaldexubers","rating":1684,"private":0,"password":""}