{"id":"gen9nationaldexubers-1985653208","p1":"Dr Guzzlord","p2":"hiflessh","format":"[Gen 9] National Dex Ubers","log":"|j|\u2606Dr Guzzlord\n|j|\u2606hiflessh\n|t:|1699392612\n|gametype|singles\n|player|p1|Dr Guzzlord|roughneck|1025\n|player|p2|hiflessh|2|1108\n|teamsize|p1|1\n|teamsize|p2|6\n|gen|9\n|tier|[Gen 9] National Dex Ubers\n|rated|\n|rule|HP Percentage Mod: HP is shown in percentages\n|rule|Endless Battle Clause: Forcing endless battles is banned\n|rule|OHKO Clause: OHKO moves are banned\n|rule|Evasion Moves Clause: Evasion moves are banned\n|rule|Evasion Items Clause: Evasion items are banned\n|rule|Species Clause: Limit one of each Pok\u00e9mon\n|rule|Sleep Clause Mod: Limit one foe put to sleep\n|rule|Mega Rayquaza Clause: You cannot mega evolve Rayquaza\n|clearpoke\n|poke|p1|Aromatisse, F|\n|poke|p2|Dragapult, M|\n|poke|p2|Dragonite, F|\n|poke|p2|Kommo-o, F|\n|poke|p2|Garchomp, M|\n|poke|p2|Salamence, F|\n|poke|p2|Goodra, F|\n|teampreview\n|\n|t:|1699392617\n|start\n|switch|p1a: Aromatisse|Aromatisse, F|100\/100\n|switch|p2a: Kommo-o|Kommo-o, F|100\/100\n|turn|1\n|inactive|Battle timer is ON: inactive players will automatically lose when time's up. (requested by hiflessh)\n|\n|t:|1699392628\n|move|p2a: Kommo-o|Flash Cannon|p1a: Aromatisse\n|-supereffective|p1a: Aromatisse\n|-damage|p1a: Aromatisse|53\/100\n|move|p1a: Aromatisse|Nasty Plot|p1a: Aromatisse\n|-boost|p1a: Aromatisse|spa|2\n|\n|upkeep\n|turn|2\n|\n|t:|1699392633\n|-terastallize|p1a: Aromatisse|Steel\n|move|p2a: Kommo-o|Flash Cannon|p1a: Aromatisse\n|-resisted|p1a: Aromatisse\n|-damage|p1a: Aromatisse|42\/100\n|move|p1a: Aromatisse|Trick Room|p1a: Aromatisse\n|-fieldstart|move: Trick Room|[of] p1a: Aromatisse\n|\n|upkeep\n|turn|3\n|\n|t:|1699392641\n|move|p1a: Aromatisse|Draining Kiss|p2a: Kommo-o\n|-supereffective|p2a: Kommo-o\n|-damage|p2a: Kommo-o|0 fnt\n|-heal|p1a: Aromatisse|96\/100|[from] drain|[of] p2a: Kommo-o\n|faint|p2a: Kommo-o\n|\n|upkeep\n|\n|t:|1699392652\n|switch|p2a: Goodra|Goodra, F|100\/100\n|turn|4\n|\n|t:|1699392662\n|move|p1a: Aromatisse|Nasty Plot|p1a: Aromatisse\n|-boost|p1a: Aromatisse|spa|2\n|move|p2a: Goodra|Thunderbolt|p1a: Aromatisse\n|-damage|p1a: Aromatisse|65\/100\n|\n|upkeep\n|turn|5\n|\n|t:|1699392668\n|move|p1a: Aromatisse|Draining Kiss|p2a: Goodra\n|-supereffective|p2a: Goodra\n|-damage|p2a: Goodra|0 fnt\n|-heal|p1a: Aromatisse|100\/100|[from] drain|[of] p2a: Goodra\n|-damage|p1a: Aromatisse|84\/100|[from] item: Rocky Helmet|[of] p2a: Goodra\n|-ability|p2a: Goodra|Gooey\n|-unboost|p1a: Aromatisse|spe|1\n|faint|p2a: Goodra\n|\n|upkeep\n|\n|t:|1699392679\n|switch|p2a: Dragonite|Dragonite, F|100\/100\n|turn|6\n|\n|t:|1699392684\n|move|p2a: Dragonite|Extreme Speed|p1a: Aromatisse\n|-resisted|p1a: Aromatisse\n|-damage|p1a: Aromatisse|67\/100\n|-enditem|p1a: Aromatisse|Kee Berry|[eat]\n|-boost|p1a: Aromatisse|def|1|[from] item: Kee Berry\n|move|p1a: Aromatisse|Draining Kiss|p2a: Dragonite\n|-supereffective|p2a: Dragonite\n|-damage|p2a: Dragonite|34\/100\n|-heal|p1a: Aromatisse|100\/100|[from] drain|[of] p2a: Dragonite\n|\n|-fieldend|move: Trick Room\n|upkeep\n|turn|7\n|\n|t:|1699392689\n|move|p2a: Dragonite|Extreme Speed|p1a: Aromatisse\n|-resisted|p1a: Aromatisse\n|-damage|p1a: Aromatisse|89\/100\n|move|p1a: Aromatisse|Trick Room|p1a: Aromatisse\n|-fieldstart|move: Trick Room|[of] p1a: Aromatisse\n|\n|upkeep\n|turn|8\n|\n|t:|1699392693\n|move|p2a: Dragonite|Extreme Speed|p1a: Aromatisse\n|-resisted|p1a: Aromatisse\n|-damage|p1a: Aromatisse|77\/100\n|move|p1a: Aromatisse|Draining Kiss|p2a: Dragonite\n|-supereffective|p2a: Dragonite\n|-damage|p2a: Dragonite|0 fnt\n|-heal|p1a: Aromatisse|97\/100|[from] drain|[of] p2a: Dragonite\n|faint|p2a: Dragonite\n|\n|upkeep\n|\n|t:|1699392700\n|switch|p2a: Garchomp|Garchomp, M|100\/100\n|turn|9\n|\n|t:|1699392703\n|move|p1a: Aromatisse|Draining Kiss|p2a: Garchomp\n|-supereffective|p2a: Garchomp\n|-crit|p2a: Garchomp\n|-damage|p2a: Garchomp|0 fnt\n|-heal|p1a: Aromatisse|100\/100|[from] drain|[of] p2a: Garchomp\n|-damage|p1a: Aromatisse|88\/100|[from] ability: Rough Skin|[of] p2a: Garchomp\n|faint|p2a: Garchomp\n|\n|upkeep\n|\n|t:|1699392708\n|switch|p2a: Salamence|Salamence, F|100\/100\n|turn|10\n|\n|t:|1699392714\n|detailschange|p2a: Salamence|Salamence-Mega, F\n|-mega|p2a: Salamence|Salamence|Salamencite\n|move|p1a: Aromatisse|Draining Kiss|p2a: Salamence\n|-supereffective|p2a: Salamence\n|-damage|p2a: Salamence|0 fnt\n|-heal|p1a: Aromatisse|100\/100|[from] drain|[of] p2a: Salamence\n|faint|p2a: Salamence\n|\n|upkeep\n|\n|t:|1699392718\n|switch|p2a: Dragapult|Dragapult, M|100\/100\n|turn|11\n|\n|t:|1699392723\n|move|p2a: Dragapult|Sucker Punch|p1a: Aromatisse\n|-crit|p1a: Aromatisse\n|-damage|p1a: Aromatisse|64\/100\n|move|p1a: Aromatisse|Draining Kiss|p2a: Dragapult\n|-supereffective|p2a: Dragapult\n|-enditem|p2a: Dragapult|Focus Sash\n|-damage|p2a: Dragapult|1\/100\n|-heal|p1a: Aromatisse|100\/100|[from] drain|[of] p2a: Dragapult\n|\n|-fieldend|move: Trick Room\n|upkeep\n|turn|12\n|\n|t:|1699392748\n|move|p2a: Dragapult|Phantom Force||[still]\n|-prepare|p2a: Dragapult|Phantom Force\n|move|p1a: Aromatisse|Hidden Power|p2a: Dragapult|[miss]\n|-miss|p1a: Aromatisse|p2a: Dragapult\n|\n|upkeep\n|turn|13\n|\n|t:|1699392755\n|move|p2a: Dragapult|Phantom Force|p1a: Aromatisse|[from]lockedmove\n|-damage|p1a: Aromatisse|68\/100\n|move|p1a: Aromatisse|Hidden Power|p2a: Dragapult\n|-resisted|p2a: Dragapult\n|-damage|p2a: Dragapult|0 fnt\n|faint|p2a: Dragapult\n|\n|win|Dr Guzzlord\n|raw|Dr Guzzlord's rating: 1025 &rarr; <strong>1070<\/strong><br \/>(+45 for winning)\n|raw|hiflessh's rating: 1108 &rarr; <strong>1077<\/strong><br \/>(-31 for losing)\n|l|\u2606hiflessh\n","uploadtime":1699392771,"views":9,"p1id":"drguzzlord","p2id":"hiflessh","formatid":"gen9nationaldexubers","rating":1070,"private":0,"password":""}