{"id":"gen9nationaldexubers-1997232420","p1":"Dydiar","p2":"VonBlossom","format":"[Gen 9] National Dex Ubers","log":"|j|\u2606Dydiar\n|j|\u2606VonBlossom\n|t:|1700778366\n|gametype|singles\n|player|p1|Dydiar|blue|1046\n|player|p2|VonBlossom|lillie-z|1030\n|teamsize|p1|6\n|teamsize|p2|6\n|gen|9\n|tier|[Gen 9] National Dex Ubers\n|rated|\n|rule|HP Percentage Mod: HP is shown in percentages\n|rule|Endless Battle Clause: Forcing endless battles is banned\n|rule|OHKO Clause: OHKO moves are banned\n|rule|Evasion Moves Clause: Evasion moves are banned\n|rule|Evasion Items Clause: Evasion items are banned\n|rule|Species Clause: Limit one of each Pok\u00e9mon\n|rule|Sleep Clause Mod: Limit one foe put to sleep\n|rule|Mega Rayquaza Clause: You cannot mega evolve Rayquaza\n|clearpoke\n|poke|p1|Luxray, M|\n|poke|p1|Charizard, M|\n|poke|p1|Celebi|\n|poke|p1|Weavile, F|\n|poke|p1|Lucario, M|\n|poke|p1|Lugia|\n|poke|p2|Lunala|\n|poke|p2|Solgaleo|\n|poke|p2|Ninetales-Alola, F|\n|poke|p2|Clefable, F|\n|poke|p2|Ribombee, M|\n|poke|p2|Comfey, M|\n|teampreview\n|\n|t:|1700778374\n|start\n|switch|p1a: Charizard|Charizard, M|100\/100\n|switch|p2a: Ribombee|Ribombee, M, shiny|100\/100\n|turn|1\n|\n|t:|1700778382\n|move|p2a: Ribombee|Sticky Web|p1a: Charizard\n|-sidestart|p1: Dydiar|move: Sticky Web\n|move|p1a: Charizard|Fire Blast|p2a: Ribombee\n|-supereffective|p2a: Ribombee\n|-enditem|p2a: Ribombee|Focus Sash\n|-damage|p2a: Ribombee|1\/100\n|\n|upkeep\n|turn|2\n|\n|t:|1700778394\n|move|p2a: Ribombee|Toxic|p1a: Charizard|[miss]\n|-miss|p2a: Ribombee|p1a: Charizard\n|move|p1a: Charizard|Fire Blast|p2a: Ribombee\n|-supereffective|p2a: Ribombee\n|-damage|p2a: Ribombee|0 fnt\n|faint|p2a: Ribombee\n|\n|upkeep\n|\n|t:|1700778413\n|switch|p2a: Comfey|Comfey, M, shiny|100\/100\n|turn|3\n|inactive|Battle timer is ON: inactive players will automatically lose when time's up. (requested by VonBlossom)\n|\n|t:|1700778430\n|switch|p1a: Lucario|Lucario, M|100\/100\n|-activate|p1a: Lucario|move: Sticky Web\n|-unboost|p1a: Lucario|spe|1\n|move|p2a: Comfey|Calm Mind|p2a: Comfey\n|-boost|p2a: Comfey|spa|1\n|-boost|p2a: Comfey|spd|1\n|\n|upkeep\n|turn|4\n|\n|t:|1700778450\n|detailschange|p1a: Lucario|Lucario-Mega, M\n|-mega|p1a: Lucario|Lucario|Lucarionite\n|move|p2a: Comfey|Calm Mind|p2a: Comfey\n|-boost|p2a: Comfey|spa|1\n|-boost|p2a: Comfey|spd|1\n|move|p1a: Lucario|Meteor Mash|p2a: Comfey\n|-supereffective|p2a: Comfey\n|-damage|p2a: Comfey|0 fnt\n|-boost|p1a: Lucario|atk|1\n|faint|p2a: Comfey\n|\n|upkeep\n|\n|t:|1700778464\n|switch|p2a: Snowy|Ninetales-Alola, F|100\/100\n|-weather|Snow|[from] ability: Snow Warning|[of] p2a: Snowy\n|turn|5\n|\n|t:|1700778470\n|move|p2a: Snowy|Aurora Veil|p2a: Snowy\n|-sidestart|p2: VonBlossom|move: Aurora Veil\n|move|p1a: Lucario|Meteor Mash|p2a: Snowy|[miss]\n|-miss|p1a: Lucario|p2a: Snowy\n|\n|-weather|Snow|[upkeep]\n|upkeep\n|turn|6\n|\n|t:|1700778481\n|move|p2a: Snowy|Blizzard|p1a: Lucario\n|-resisted|p1a: Lucario\n|-damage|p1a: Lucario|81\/100\n|move|p1a: Lucario|Meteor Mash|p2a: Snowy\n|-supereffective|p2a: Snowy\n|-damage|p2a: Snowy|0 fnt\n|faint|p2a: Snowy\n|\n|-weather|Snow|[upkeep]\n|upkeep\n|\n|t:|1700778492\n|switch|p2a: Clefable|Clefable, F|100\/100\n|turn|7\n|\n|t:|1700778499\n|move|p1a: Lucario|Meteor Mash|p2a: Clefable\n|-supereffective|p2a: Clefable\n|-crit|p2a: Clefable\n|-damage|p2a: Clefable|0 fnt\n|-boost|p1a: Lucario|atk|1\n|faint|p2a: Clefable\n|\n|-weather|Snow|[upkeep]\n|upkeep\n|\n|t:|1700778514\n|switch|p2a: Solgaleo|Solgaleo|100\/100\n|turn|8\n|c|\u2606Dydiar|Sorry\n|inactive|VonBlossom has 120 seconds left.\n|c|\u2606VonBlossom|For what?\n|\n|t:|1700778551\n|move|p2a: Solgaleo|Superpower|p1a: Lucario\n|-supereffective|p1a: Lucario\n|-damage|p1a: Lucario|0 fnt\n|-unboost|p2a: Solgaleo|atk|1\n|-unboost|p2a: Solgaleo|def|1\n|faint|p1a: Lucario\n|\n|-weather|Snow|[upkeep]\n|upkeep\n|\n|t:|1700778560\n|switch|p1a: Charizard|Charizard, M|100\/100\n|turn|9\n|\n|t:|1700778566\n|move|p2a: Solgaleo|Earthquake|p1a: Charizard\n|-immune|p1a: Charizard\n|move|p1a: Charizard|Fire Blast|p2a: Solgaleo\n|-supereffective|p2a: Solgaleo\n|-damage|p2a: Solgaleo|75\/100\n|\n|-weather|none\n|upkeep\n|turn|10\n|\n|t:|1700778584\n|move|p2a: Solgaleo|Superpower|p1a: Charizard\n|-resisted|p1a: Charizard\n|-damage|p1a: Charizard|84\/100\n|-unboost|p2a: Solgaleo|atk|1\n|-unboost|p2a: Solgaleo|def|1\n|move|p1a: Charizard|Fire Blast|p2a: Solgaleo\n|-supereffective|p2a: Solgaleo\n|-damage|p2a: Solgaleo|49\/100\n|\n|upkeep\n|turn|11\n|\n|t:|1700778597\n|switch|p2a: Nebby|Lunala|100\/100\n|move|p1a: Charizard|Fire Blast|p2a: Nebby|[miss]\n|-miss|p1a: Charizard|p2a: Nebby\n|\n|upkeep\n|turn|12\n|\n|t:|1700778613\n|move|p2a: Nebby|Moongeist Beam|p1a: Charizard\n|-damage|p1a: Charizard|38\/100\n|move|p1a: Charizard|Solar Beam||[still]\n|-prepare|p1a: Charizard|Solar Beam\n|\n|-sideend|p2: VonBlossom|move: Aurora Veil\n|upkeep\n|turn|13\n|\n|t:|1700778622\n|move|p2a: Nebby|Moongeist Beam|p1a: Charizard\n|-damage|p1a: Charizard|0 fnt\n|faint|p1a: Charizard\n|\n|upkeep\n|\n|t:|1700778629\n|switch|p1a: Weavile|Weavile, F|100\/100\n|-activate|p1a: Weavile|move: Sticky Web\n|-unboost|p1a: Weavile|spe|1\n|-ability|p1a: Weavile|Pressure\n|turn|14\n|inactive|VonBlossom has 120 seconds left.\n|\n|t:|1700778637\n|move|p2a: Nebby|Moonblast|p1a: Weavile\n|-supereffective|p1a: Weavile\n|-damage|p1a: Weavile|7\/100\n|-unboost|p1a: Weavile|spa|1\n|move|p1a: Weavile|Shadow Claw|p2a: Nebby\n|-supereffective|p2a: Nebby\n|-crit|p2a: Nebby\n|-damage|p2a: Nebby|34\/100\n|\n|upkeep\n|turn|15\n|\n|t:|1700778656\n|-terastallize|p2a: Nebby|Fairy\n|-terastallize|p1a: Weavile|Ghost\n|move|p2a: Nebby|Moonlight|p2a: Nebby\n|-heal|p2a: Nebby|84\/100\n|move|p1a: Weavile|Shadow Claw|p2a: Nebby\n|-damage|p2a: Nebby|50\/100\n|\n|upkeep\n|turn|16\n|\n|t:|1700778675\n|move|p2a: Nebby|Moonlight|p2a: Nebby\n|-heal|p2a: Nebby|99\/100\n|move|p1a: Weavile|Icicle Crash|p2a: Nebby\n|-damage|p2a: Nebby|64\/100\n|\n|upkeep\n|turn|17\n|\n|t:|1700778685\n|move|p2a: Nebby|Moongeist Beam|p1a: Weavile\n|-supereffective|p1a: Weavile\n|-damage|p1a: Weavile|0 fnt\n|faint|p1a: Weavile\n|\n|upkeep\n|inactive|Dydiar has 120 seconds left.\n|\n|t:|1700778708\n|switch|p1a: Luxray|Luxray, M|100\/100\n|-activate|p1a: Luxray|move: Sticky Web\n|-unboost|p1a: Luxray|spe|1\n|-ability|p1a: Luxray|Intimidate|boost\n|-unboost|p2a: Nebby|atk|1\n|turn|18\n|\n|t:|1700778717\n|move|p2a: Nebby|Moonlight|p2a: Nebby\n|-heal|p2a: Nebby|100\/100\n|move|p1a: Luxray|Ice Fang|p2a: Nebby\n|-damage|p2a: Nebby|92\/100\n|-status|p2a: Nebby|frz\n|\n|upkeep\n|turn|19\n|\n|t:|1700778728\n|cant|p2a: Nebby|frz\n|move|p1a: Luxray|Discharge|p2a: Nebby\n|-damage|p2a: Nebby|69\/100 frz\n|\n|upkeep\n|turn|20\n|inactive|Dydiar has 120 seconds left.\n|\n|t:|1700778747\n|switch|p2a: Solgaleo|Solgaleo|49\/100\n|switch|p1a: Celebi|Celebi|100\/100\n|-activate|p1a: Celebi|move: Sticky Web\n|-unboost|p1a: Celebi|spe|1\n|\n|upkeep\n|turn|21\n|inactive|Dydiar has 120 seconds left.\n|inactive|VonBlossom has 120 seconds left.\n|\n|t:|1700778776\n|move|p2a: Solgaleo|Sunsteel Strike|p1a: Celebi\n|-damage|p1a: Celebi|54\/100\n|move|p1a: Celebi|Ancient Power|p2a: Solgaleo\n|-resisted|p2a: Solgaleo\n|-damage|p2a: Solgaleo|45\/100\n|\n|-heal|p1a: Celebi|60\/100|[from] item: Leftovers\n|upkeep\n|turn|22\n|inactive|Dydiar has 120 seconds left.\n|\n|t:|1700778788\n|move|p2a: Solgaleo|Sunsteel Strike|p1a: Celebi\n|-damage|p1a: Celebi|14\/100\n|move|p1a: Celebi|Giga Drain|p2a: Solgaleo\n|-resisted|p2a: Solgaleo\n|-damage|p2a: Solgaleo|37\/100\n|-heal|p1a: Celebi|19\/100|[from] drain|[of] p2a: Solgaleo\n|\n|-heal|p1a: Celebi|25\/100|[from] item: Leftovers\n|upkeep\n|turn|23\n|inactive|Dydiar has 120 seconds left.\n|\n|t:|1700778802\n|move|p2a: Solgaleo|Sunsteel Strike|p1a: Celebi\n|-damage|p1a: Celebi|0 fnt\n|faint|p1a: Celebi\n|\n|upkeep\n|\n|t:|1700778808\n|switch|p1a: Lugia|Lugia|100\/100\n|turn|24\n|inactive|Dydiar has 120 seconds left.\n|\n|t:|1700778827\n|switch|p2a: Nebby|Lunala, tera:Fairy|69\/100 frz\n|move|p1a: Lugia|Earth Power|p2a: Nebby\n|-damage|p2a: Nebby|56\/100 frz\n|\n|upkeep\n|turn|25\n|inactive|Dydiar has 120 seconds left.\n|inactive|VonBlossom has 120 seconds left.\n|\n|t:|1700778872\n|cant|p2a: Nebby|frz\n|move|p1a: Lugia|Hydro Pump|p2a: Nebby|[miss]\n|-miss|p1a: Lugia|p2a: Nebby\n|\n|upkeep\n|turn|26\n|\n|t:|1700778879\n|-curestatus|p2a: Nebby|frz|[msg]\n|move|p2a: Nebby|Moongeist Beam|p1a: Lugia\n|-supereffective|p1a: Lugia\n|-damage|p1a: Lugia|62\/100\n|move|p1a: Lugia|Hydro Pump|p2a: Nebby\n|-damage|p2a: Nebby|39\/100\n|\n|upkeep\n|turn|27\n|inactive|Dydiar has 120 seconds left.\n|\n|t:|1700778903\n|switch|p1a: Luxray|Luxray, M|100\/100\n|-activate|p1a: Luxray|move: Sticky Web\n|-unboost|p1a: Luxray|spe|1\n|-ability|p1a: Luxray|Intimidate|boost\n|-unboost|p2a: Nebby|atk|1\n|move|p2a: Nebby|Moonlight|p2a: Nebby\n|-heal|p2a: Nebby|89\/100\n|\n|upkeep\n|turn|28\n|inactive|Dydiar has 120 seconds left.\n|\n|t:|1700778913\n|switch|p2a: Solgaleo|Solgaleo|37\/100\n|move|p1a: Luxray|Ice Fang|p2a: Solgaleo\n|-resisted|p2a: Solgaleo\n|-damage|p2a: Solgaleo|30\/100\n|\n|upkeep\n|turn|29\n|inactive|Dydiar has 120 seconds left.\n|inactive|VonBlossom has 120 seconds left.\n|\n|t:|1700778926\n|switch|p1a: Lugia|Lugia|62\/100\n|move|p2a: Solgaleo|Earthquake|p1a: Lugia\n|-immune|p1a: Lugia\n|\n|upkeep\n|turn|30\n|inactive|Dydiar has 120 seconds left.\n|inactive|VonBlossom has 120 seconds left.\n|\n|t:|1700778940\n|move|p2a: Solgaleo|Sunsteel Strike|p1a: Lugia\n|-damage|p1a: Lugia|23\/100\n|move|p1a: Lugia|Hydro Pump|p2a: Solgaleo\n|-damage|p2a: Solgaleo|15\/100\n|\n|upkeep\n|turn|31\n|inactive|Dydiar has 120 seconds left.\n|\n|t:|1700778952\n|switch|p1a: Luxray|Luxray, M|100\/100\n|-activate|p1a: Luxray|move: Sticky Web\n|-unboost|p1a: Luxray|spe|1\n|-ability|p1a: Luxray|Intimidate|boost\n|-fail|p2a: Solgaleo|unboost|[from] ability: Full Metal Body|[of] p2a: Solgaleo\n|move|p2a: Solgaleo|Sunsteel Strike|p1a: Luxray\n|-resisted|p1a: Luxray\n|-damage|p1a: Luxray|71\/100\n|\n|upkeep\n|turn|32\n|inactive|Dydiar has 120 seconds left.\n|\n|t:|1700778965\n|move|p1a: Luxray|Quick Attack|p2a: Solgaleo\n|-resisted|p2a: Solgaleo\n|-damage|p2a: Solgaleo|11\/100\n|move|p2a: Solgaleo|Earthquake|p1a: Luxray\n|-supereffective|p1a: Luxray\n|-damage|p1a: Luxray|0 fnt\n|faint|p1a: Luxray\n|\n|upkeep\n|inactive|Dydiar has 120 seconds left.\n|\n|t:|1700778974\n|switch|p1a: Lugia|Lugia|23\/100\n|turn|33\n|c|\u2606VonBlossom|C'mon lunala and solgaleo\n|inactive|VonBlossom has 120 seconds left.\n|\n|t:|1700778998\n|switch|p2a: Nebby|Lunala, tera:Fairy|89\/100\n|move|p1a: Lugia|Earth Power|p2a: Nebby\n|-damage|p2a: Nebby|74\/100\n|\n|upkeep\n|turn|34\n|\n|t:|1700779005\n|move|p2a: Nebby|Moongeist Beam|p1a: Lugia\n|-supereffective|p1a: Lugia\n|-damage|p1a: Lugia|0 fnt\n|faint|p1a: Lugia\n|\n|win|VonBlossom\n|raw|Dydiar's rating: 1046 &rarr; <strong>1028<\/strong><br \/>(-18 for losing)\n|raw|VonBlossom's rating: 1030 &rarr; <strong>1067<\/strong><br \/>(+37 for winning)\n|c|\u2606VonBlossom|Yay\n|l|\u2606Dydiar\n|c|\u2606VonBlossom|Good match\n|c|\u2606VonBlossom|:(\n","uploadtime":1700779030,"views":3,"p1id":"dydiar","p2id":"vonblossom","formatid":"gen9nationaldexubers","rating":1028,"private":0,"password":""}