{"id":"gen9nationaldexubers-1982045856","p1":"eligames","p2":"Timas2725","format":"[Gen 9] National Dex Ubers","log":"|j|\u2606eligames\n|j|\u2606Timas2725\n|t:|1698962524\n|gametype|singles\n|player|p1|eligames|266|1210\n|player|p2|Timas2725|266|1270\n|teamsize|p1|6\n|teamsize|p2|6\n|gen|9\n|tier|[Gen 9] National Dex Ubers\n|rated|\n|rule|HP Percentage Mod: HP is shown in percentages\n|rule|Endless Battle Clause: Forcing endless battles is banned\n|rule|OHKO Clause: OHKO moves are banned\n|rule|Evasion Moves Clause: Evasion moves are banned\n|rule|Evasion Items Clause: Evasion items are banned\n|rule|Species Clause: Limit one of each Pok\u00e9mon\n|rule|Sleep Clause Mod: Limit one foe put to sleep\n|rule|Mega Rayquaza Clause: You cannot mega evolve Rayquaza\n|clearpoke\n|poke|p1|Rillaboom, F|\n|poke|p1|Clefable, F|\n|poke|p1|Dragapult, F|\n|poke|p1|Samurott-Hisui, F|\n|poke|p1|Charizard, M|\n|poke|p1|Groudon|\n|poke|p2|Metagross|\n|poke|p2|Arceus|\n|poke|p2|Toxapex, M|\n|poke|p2|Necrozma-Dusk-Mane|\n|poke|p2|Kyogre|\n|poke|p2|Groudon|\n|teampreview\n|\n|t:|1698962530\n|start\n|switch|p1a: Groudon|Groudon|100\/100\n|switch|p2a: Toxapex|Toxapex, M, shiny|100\/100\n|detailschange|p1a: Groudon|Groudon-Primal\n|-primal|p1a: Groudon|Red Orb\n|-weather|DesolateLand|[from] ability: Desolate Land|[of] p1a: Groudon\n|turn|1\n|\n|t:|1698962543\n|move|p1a: Groudon|Earthquake|p2a: Toxapex\n|-supereffective|p2a: Toxapex\n|-damage|p2a: Toxapex|13\/100\n|move|p2a: Toxapex|Toxic Spikes|p1a: Groudon\n|-sidestart|p1: eligames|move: Toxic Spikes\n|\n|-weather|DesolateLand|[upkeep]\n|-heal|p2a: Toxapex|19\/100|[from] item: Leftovers\n|upkeep\n|turn|2\n|\n|t:|1698962546\n|move|p1a: Groudon|Earthquake|p2a: Toxapex\n|-supereffective|p2a: Toxapex\n|-damage|p2a: Toxapex|0 fnt\n|faint|p2a: Toxapex\n|\n|-weather|DesolateLand|[upkeep]\n|upkeep\n|\n|t:|1698962550\n|switch|p2a: Kyogre|Kyogre|100\/100\n|detailschange|p2a: Kyogre|Kyogre-Primal\n|-primal|p2a: Kyogre|Blue Orb\n|-weather|PrimordialSea|[from] ability: Primordial Sea|[of] p2a: Kyogre\n|turn|3\n|\n|t:|1698962560\n|switch|p1a: Clefable|Clefable, F|100\/100\n|-status|p1a: Clefable|psn\n|move|p2a: Kyogre|Ice Beam|p1a: Clefable\n|-damage|p1a: Clefable|75\/100 psn\n|\n|-weather|PrimordialSea|[upkeep]\n|-heal|p1a: Clefable|81\/100 psn|[from] item: Leftovers\n|upkeep\n|turn|4\n|\n|t:|1698962570\n|move|p2a: Kyogre|Ancient Power|p1a: Clefable\n|-damage|p1a: Clefable|62\/100 psn\n|move|p1a: Clefable|Moonblast|p2a: Kyogre\n|-damage|p2a: Kyogre|79\/100\n|\n|-weather|PrimordialSea|[upkeep]\n|-heal|p1a: Clefable|69\/100 psn|[from] item: Leftovers\n|upkeep\n|turn|5\n|\n|t:|1698962575\n|move|p2a: Kyogre|Ancient Power|p1a: Clefable\n|-damage|p1a: Clefable|50\/100 psn\n|move|p1a: Clefable|Psyshock|p2a: Kyogre\n|-damage|p2a: Kyogre|58\/100\n|\n|-weather|PrimordialSea|[upkeep]\n|-heal|p1a: Clefable|56\/100 psn|[from] item: Leftovers\n|upkeep\n|turn|6\n|\n|t:|1698962583\n|move|p2a: Kyogre|Ancient Power|p1a: Clefable\n|-damage|p1a: Clefable|39\/100 psn\n|move|p1a: Clefable|Psyshock|p2a: Kyogre\n|-damage|p2a: Kyogre|40\/100\n|\n|-weather|PrimordialSea|[upkeep]\n|-heal|p1a: Clefable|45\/100 psn|[from] item: Leftovers\n|upkeep\n|turn|7\n|\n|t:|1698962587\n|move|p2a: Kyogre|Ancient Power|p1a: Clefable\n|-damage|p1a: Clefable|26\/100 psn\n|move|p1a: Clefable|Psyshock|p2a: Kyogre\n|-damage|p2a: Kyogre|20\/100\n|\n|-weather|PrimordialSea|[upkeep]\n|-heal|p1a: Clefable|32\/100 psn|[from] item: Leftovers\n|upkeep\n|turn|8\n|\n|t:|1698962594\n|move|p2a: Kyogre|Ancient Power|p1a: Clefable\n|-damage|p1a: Clefable|14\/100 psn\n|move|p1a: Clefable|Psyshock|p2a: Kyogre\n|-damage|p2a: Kyogre|0 fnt\n|faint|p2a: Kyogre\n|-weather|none\n|\n|-heal|p1a: Clefable|20\/100 psn|[from] item: Leftovers\n|upkeep\n|\n|t:|1698962599\n|switch|p2a: Arceus|Arceus|100\/100\n|turn|9\n|\n|t:|1698962602\n|move|p2a: Arceus|Swords Dance|p2a: Arceus\n|-boost|p2a: Arceus|atk|2\n|move|p1a: Clefable|Moonblast|p2a: Arceus\n|-damage|p2a: Arceus|79\/100\n|-unboost|p2a: Arceus|spa|1\n|\n|-heal|p1a: Clefable|26\/100 psn|[from] item: Leftovers\n|upkeep\n|turn|10\n|\n|t:|1698962608\n|move|p2a: Arceus|Swords Dance|p2a: Arceus\n|-boost|p2a: Arceus|atk|2\n|move|p1a: Clefable|Moonblast|p2a: Arceus\n|-damage|p2a: Arceus|57\/100\n|\n|-heal|p1a: Clefable|32\/100 psn|[from] item: Leftovers\n|upkeep\n|turn|11\n|\n|t:|1698962614\n|move|p2a: Arceus|Swords Dance|p2a: Arceus\n|-boost|p2a: Arceus|atk|2\n|move|p1a: Clefable|Moonblast|p2a: Arceus\n|-damage|p2a: Arceus|37\/100\n|\n|-heal|p1a: Clefable|38\/100 psn|[from] item: Leftovers\n|upkeep\n|turn|12\n|\n|t:|1698962620\n|-terastallize|p2a: Arceus|Normal\n|move|p2a: Arceus|Extreme Speed|p1a: Clefable\n|-damage|p1a: Clefable|0 fnt\n|faint|p1a: Clefable\n|\n|upkeep\n|\n|t:|1698962623\n|switch|p1a: Dragapult|Dragapult, F|100\/100\n|-status|p1a: Dragapult|psn\n|turn|13\n|\n|t:|1698962627\n|move|p1a: Dragapult|Dragon Pulse|p2a: Arceus\n|-damage|p2a: Arceus|12\/100\n|move|p2a: Arceus|Shadow Claw|p1a: Dragapult\n|-supereffective|p1a: Dragapult\n|-enditem|p1a: Dragapult|Focus Sash\n|-damage|p1a: Dragapult|1\/100 psn\n|\n|-damage|p1a: Dragapult|0 fnt|[from] psn\n|faint|p1a: Dragapult\n|upkeep\n|\n|t:|1698962634\n|switch|p1a: Rillaboom|Rillaboom, F|100\/100\n|-status|p1a: Rillaboom|psn\n|-fieldstart|move: Grassy Terrain|[from] ability: Grassy Surge|[of] p1a: Rillaboom\n|-enditem|p1a: Rillaboom|Grassy Seed\n|-boost|p1a: Rillaboom|def|1|[from] item: Grassy Seed\n|turn|14\n|\n|t:|1698962637\n|move|p2a: Arceus|Extreme Speed|p1a: Rillaboom\n|-damage|p1a: Rillaboom|0 fnt\n|faint|p1a: Rillaboom\n|\n|-heal|p2a: Arceus|18\/100|[from] Grassy Terrain\n|upkeep\n|\n|t:|1698962646\n|switch|p1a: Groudon|Groudon-Primal|100\/100\n|-status|p1a: Groudon|psn\n|-weather|DesolateLand|[from] ability: Desolate Land|[of] p1a: Groudon\n|turn|15\n|\n|t:|1698962650\n|move|p2a: Arceus|Extreme Speed|p1a: Groudon\n|-damage|p1a: Groudon|0 fnt\n|faint|p1a: Groudon\n|-weather|none\n|\n|-heal|p2a: Arceus|25\/100|[from] Grassy Terrain\n|upkeep\n|-message|eligames forfeited.\n|\n|win|Timas2725\n|raw|eligames's rating: 1210 &rarr; <strong>1189<\/strong><br \/>(-21 for losing)\n|raw|Timas2725's rating: 1270 &rarr; <strong>1291<\/strong><br \/>(+21 for winning)\n|l|\u2606eligames\n","uploadtime":1698962657,"views":11,"p1id":"eligames","p2id":"timas2725","formatid":"gen9nationaldexubers","rating":1189,"private":0,"password":""}