{"id":"gen9nationaldexubers-1990999238","p1":"Mistery Gold","p2":"hanagakiUBD","format":"[Gen 9] National Dex Ubers","log":"|j|\u2606Mistery Gold\n|j|\u2606hanagakiUBD\n|t:|1700025623\n|gametype|singles\n|player|p1|Mistery Gold|tate|\n|player|p2|hanagakiUBD|iris-gen5bw2|\n|teamsize|p1|6\n|teamsize|p2|6\n|gen|9\n|tier|[Gen 9] National Dex Ubers\n|rule|HP Percentage Mod: HP is shown in percentages\n|rule|Endless Battle Clause: Forcing endless battles is banned\n|rule|OHKO Clause: OHKO moves are banned\n|rule|Evasion Moves Clause: Evasion moves are banned\n|rule|Evasion Items Clause: Evasion items are banned\n|rule|Species Clause: Limit one of each Pok\u00e9mon\n|rule|Sleep Clause Mod: Limit one foe put to sleep\n|rule|Mega Rayquaza Clause: You cannot mega evolve Rayquaza\n|clearpoke\n|poke|p1|Alakazam, F|\n|poke|p1|Hoopa-Unbound|\n|poke|p1|Tapu Lele|\n|poke|p1|Gallade, M|\n|poke|p1|Slowking-Galar, M|\n|poke|p1|Espathra, M|\n|poke|p2|Darmanitan-Galar, M|\n|poke|p2|Volcarona, F|\n|poke|p2|Dragapult, F|\n|poke|p2|Alakazam, F|\n|poke|p2|Kingambit, M|\n|poke|p2|Kleavor, F|\n|teampreview\n|inactive|Battle timer is ON: inactive players will automatically lose when time's up. (requested by hanagakiUBD)\n|c|\u2606hanagakiUBD|Mi team del torneo\n|c|\u2606hanagakiUBD|Liga*\n|inactive|Mistery Gold has 270 seconds left.\n|\n|t:|1700025667\n|start\n|switch|p1a: Espathra|Espathra, M|100\/100\n|switch|p2a: Alakazam|Alakazam, F|100\/100\n|turn|1\n|\n|t:|1700025689\n|detailschange|p2a: Alakazam|Alakazam-Mega, F\n|-mega|p2a: Alakazam|Alakazam|Alakazite\n|-ability|p2a: Alakazam|Speed Boost|[from] ability: Trace|[of] p1a: Espathra\n|move|p2a: Alakazam|Signal Beam|p1a: Espathra\n|-supereffective|p1a: Espathra\n|-damage|p1a: Espathra|0 fnt\n|faint|p1a: Espathra\n|\n|-ability|p2a: Alakazam|Speed Boost|boost\n|-boost|p2a: Alakazam|spe|1\n|upkeep\n|c|\u2606hanagakiUBD|\u00c9pico\n|\n|t:|1700025704\n|switch|p1a: Slowking|Slowking-Galar, M|100\/100\n|turn|2\n|\n|t:|1700025709\n|move|p2a: Alakazam|Psychic|p1a: Slowking\n|-damage|p1a: Slowking|58\/100\n|move|p1a: Slowking|Trick Room|p1a: Slowking\n|-fieldstart|move: Trick Room|[of] p1a: Slowking\n|\n|-heal|p1a: Slowking|64\/100|[from] item: Leftovers\n|-ability|p2a: Alakazam|Speed Boost|boost\n|-boost|p2a: Alakazam|spe|1\n|upkeep\n|turn|3\n|\n|t:|1700025714\n|move|p1a: Slowking|Nasty Plot|p1a: Slowking\n|-boost|p1a: Slowking|spa|2\n|move|p2a: Alakazam|Psychic|p1a: Slowking\n|-damage|p1a: Slowking|19\/100\n|\n|-heal|p1a: Slowking|25\/100|[from] item: Leftovers\n|-ability|p2a: Alakazam|Speed Boost|boost\n|-boost|p2a: Alakazam|spe|1\n|upkeep\n|turn|4\n|\n|t:|1700025717\n|move|p1a: Slowking|Shadow Ball|p2a: Alakazam\n|-supereffective|p2a: Alakazam\n|-damage|p2a: Alakazam|0 fnt\n|faint|p2a: Alakazam\n|\n|-heal|p1a: Slowking|31\/100|[from] item: Leftovers\n|upkeep\n|\n|t:|1700025721\n|switch|p2a: Kingambit|Kingambit, M|100\/100\n|-activate|p2a: Kingambit|ability: Supreme Overlord\n|-start|p2a: Kingambit|fallen1|[silent]\n|turn|5\n|\n|t:|1700025736\n|move|p1a: Slowking|Nasty Plot|p1a: Slowking\n|-boost|p1a: Slowking|spa|2\n|move|p2a: Kingambit|Pursuit|p1a: Slowking\n|-supereffective|p1a: Slowking\n|-damage|p1a: Slowking|0 fnt\n|faint|p1a: Slowking\n|\n|upkeep\n|\n|t:|1700025741\n|switch|p1a: Gallade|Gallade, M|100\/100\n|turn|6\n|\n|t:|1700025753\n|-end|p2a: Kingambit|fallen1|[silent]\n|switch|p2a: Dragapult|Dragapult, F, shiny|100\/100\n|move|p1a: Gallade|Agility|p1a: Gallade\n|-boost|p1a: Gallade|spe|2\n|\n|-fieldend|move: Trick Room\n|upkeep\n|turn|7\n|\n|t:|1700025769\n|move|p1a: Gallade|Bulk Up|p1a: Gallade\n|-boost|p1a: Gallade|atk|1\n|-boost|p1a: Gallade|def|1\n|-zpower|p2a: Dragapult\n|move|p2a: Dragapult|Never-Ending Nightmare|p1a: Gallade|[zeffect]\n|-supereffective|p1a: Gallade\n|-enditem|p1a: Gallade|Focus Sash\n|-damage|p1a: Gallade|1\/100\n|\n|upkeep\n|turn|8\n|\n|t:|1700025775\n|move|p1a: Gallade|Poison Jab|p2a: Dragapult\n|-resisted|p2a: Dragapult\n|-damage|p2a: Dragapult|74\/100\n|-status|p2a: Dragapult|psn\n|move|p2a: Dragapult|Dragon Darts|p1a: Gallade\n|-damage|p1a: Gallade|0 fnt\n|faint|p1a: Gallade\n|\n|-damage|p2a: Dragapult|62\/100 psn|[from] psn\n|upkeep\n|\n|t:|1700025780\n|switch|p1a: Hoopa|Hoopa-Unbound|100\/100\n|turn|9\n|\n|t:|1700025787\n|move|p2a: Dragapult|Dragon Dance|p2a: Dragapult\n|-boost|p2a: Dragapult|atk|1\n|-boost|p2a: Dragapult|spe|1\n|move|p1a: Hoopa|Hyperspace Fury|p2a: Dragapult\n|-supereffective|p2a: Dragapult\n|-damage|p2a: Dragapult|0 fnt\n|-unboost|p1a: Hoopa|def|1\n|faint|p2a: Dragapult\n|\n|upkeep\n|\n|t:|1700025797\n|switch|p2a: Kleavor|Kleavor, F|100\/100\n|turn|10\n|\n|t:|1700025803\n|move|p2a: Kleavor|U-turn|p1a: Hoopa\n|-supereffective|p1a: Hoopa\n|-damage|p1a: Hoopa|0 fnt\n|faint|p1a: Hoopa\n|\n|t:|1700025813\n|switch|p2a: Darmanitan|Darmanitan-Galar, M|100\/100|[from] U-turn\n|\n|upkeep\n|\n|t:|1700025823\n|switch|p1a: Alakazam|Alakazam, F|100\/100\n|turn|11\n|\n|t:|1700025831\n|switch|p1a: Tapu Lele|Tapu Lele|100\/100\n|-fieldstart|move: Psychic Terrain|[from] ability: Psychic Surge|[of] p1a: Tapu Lele\n|-terastallize|p2a: Darmanitan|Ground\n|move|p2a: Darmanitan|Earthquake|p1a: Tapu Lele\n|-damage|p1a: Tapu Lele|0 fnt\n|faint|p1a: Tapu Lele\n|\n|upkeep\n|\n|t:|1700025836\n|switch|p1a: Alakazam|Alakazam, F|100\/100\n|turn|12\n|\n|t:|1700025842\n|detailschange|p1a: Alakazam|Alakazam-Mega, F\n|-mega|p1a: Alakazam|Alakazam|Alakazite\n|-ability|p1a: Alakazam|Gorilla Tactics|[from] ability: Trace|[of] p2a: Darmanitan\n|move|p1a: Alakazam|Expanding Force|p2a: Darmanitan\n|-damage|p2a: Darmanitan|0 fnt\n|faint|p2a: Darmanitan\n|\n|upkeep\n|c|\u2606hanagakiUBD|Alm\n|c|\u2606hanagakiUBD|._.XD\n|\n|t:|1700025856\n|switch|p2a: Kleavor|Kleavor, F|100\/100\n|turn|13\n|\n|t:|1700025860\n|move|p1a: Alakazam|Expanding Force|p2a: Kleavor\n|-damage|p2a: Kleavor|0 fnt\n|faint|p2a: Kleavor\n|\n|upkeep\n|\n|t:|1700025863\n|switch|p2a: Volcarona|Volcarona, F, shiny|100\/100\n|-item|p2a: Volcarona|Air Balloon\n|turn|14\n|\n|t:|1700025868\n|move|p1a: Alakazam|Expanding Force|p2a: Volcarona\n|-damage|p2a: Volcarona|0 fnt\n|-enditem|p2a: Volcarona|Air Balloon\n|faint|p2a: Volcarona\n|\n|upkeep\n|\n|t:|1700025870\n|switch|p2a: Kingambit|Kingambit, M|100\/100\n|-activate|p2a: Kingambit|ability: Supreme Overlord\n|-start|p2a: Kingambit|fallen5|[silent]\n|turn|15\n|\n|t:|1700025877\n|move|p2a: Kingambit|Sucker Punch|p1a: Alakazam\n|-activate|p1a: Alakazam|move: Psychic Terrain\n|move|p1a: Alakazam|Expanding Force|p2a: Kingambit\n|-immune|p2a: Kingambit\n|\n|-fieldend|move: Psychic Terrain\n|upkeep\n|turn|16\n|\n|t:|1700025887\n|move|p2a: Kingambit|Sucker Punch|p1a: Alakazam\n|-supereffective|p1a: Alakazam\n|-damage|p1a: Alakazam|0 fnt\n|faint|p1a: Alakazam\n|\n|win|hanagakiUBD\n","uploadtime":1700025899,"views":7,"p1id":"misterygold","p2id":"hanagakiubd","formatid":"gen9nationaldexubers","rating":0,"private":0,"password":""}