{"id":"gen9nationaldexubers-1999975715","p1":"ezrathycc","p2":"WebbiestMage","format":"[Gen 9] National Dex Ubers","log":"|j|\u2606ezrathycc\n|j|\u2606WebbiestMage\n|t:|1701136635\n|gametype|singles\n|player|p1|ezrathycc|red-masters2|\n|player|p2|WebbiestMage|lucas|\n|teamsize|p1|6\n|teamsize|p2|6\n|gen|9\n|tier|[Gen 9] National Dex Ubers\n|rule|HP Percentage Mod: HP is shown in percentages\n|rule|Endless Battle Clause: Forcing endless battles is banned\n|rule|OHKO Clause: OHKO moves are banned\n|rule|Evasion Moves Clause: Evasion moves are banned\n|rule|Evasion Items Clause: Evasion items are banned\n|rule|Species Clause: Limit one of each Pok\u00e9mon\n|rule|Sleep Clause Mod: Limit one foe put to sleep\n|rule|Mega Rayquaza Clause: You cannot mega evolve Rayquaza\n|clearpoke\n|poke|p1|Iron Valiant|\n|poke|p1|Pincurchin, M|\n|poke|p1|Regigigas|\n|poke|p1|Iron Bundle|\n|poke|p1|Salazzle, F|\n|poke|p1|Kingambit, F|\n|poke|p2|Annihilape, M|\n|poke|p2|Spectrier|\n|poke|p2|Sneasler, F|\n|poke|p2|Abomasnow, M|\n|poke|p2|Iron Leaves|\n|poke|p2|Fezandipiti, M|\n|teampreview\n|\n|t:|1701136661\n|start\n|switch|p1a: Stabby|Pincurchin, M|100\/100\n|switch|p2a: Fezandipiti|Fezandipiti, M|100\/100\n|-fieldstart|move: Electric Terrain|[from] ability: Electric Surge|[of] p1a: Stabby\n|turn|1\n|\n|t:|1701136669\n|move|p2a: Fezandipiti|Calm Mind|p2a: Fezandipiti\n|-boost|p2a: Fezandipiti|spa|1\n|-boost|p2a: Fezandipiti|spd|1\n|move|p1a: Stabby|Spikes|p2a: Fezandipiti\n|-sidestart|p2: WebbiestMage|Spikes\n|\n|upkeep\n|turn|2\n|\n|t:|1701136684\n|move|p2a: Fezandipiti|Moonblast|p1a: Stabby\n|-damage|p1a: Stabby|52\/100\n|-status|p1a: Stabby|tox|[from] ability: Toxic Chain|[of] p2a: Fezandipiti\n|move|p1a: Stabby|Spikes|p2a: Fezandipiti\n|-sidestart|p2: WebbiestMage|Spikes\n|\n|-damage|p1a: Stabby|46\/100 tox|[from] psn\n|upkeep\n|turn|3\n|\n|t:|1701136698\n|move|p2a: Fezandipiti|Moonblast|p1a: Stabby\n|-damage|p1a: Stabby|0 fnt\n|faint|p1a: Stabby\n|\n|upkeep\n|\n|t:|1701136727\n|switch|p1a: AndrogyKnight|Iron Valiant|100\/100\n|-activate|p1a: AndrogyKnight|ability: Quark Drive\n|-start|p1a: AndrogyKnight|quarkdriveatk\n|turn|4\n|\n|t:|1701136739\n|move|p1a: AndrogyKnight|Spirit Break|p2a: Fezandipiti\n|-resisted|p2a: Fezandipiti\n|-damage|p2a: Fezandipiti|82\/100\n|-unboost|p2a: Fezandipiti|spa|1\n|move|p2a: Fezandipiti|Moonblast|p1a: AndrogyKnight\n|-supereffective|p1a: AndrogyKnight\n|-damage|p1a: AndrogyKnight|19\/100\n|\n|-heal|p2a: Fezandipiti|88\/100|[from] item: Leftovers\n|upkeep\n|turn|5\n|\n|t:|1701136762\n|-end|p1a: AndrogyKnight|Quark Drive|[silent]\n|switch|p1a: Strahd|Regigigas, shiny|100\/100\n|-start|p1a: Strahd|ability: Slow Start\n|move|p2a: Fezandipiti|Moonblast|p1a: Strahd\n|-damage|p1a: Strahd|88\/100\n|\n|-heal|p2a: Fezandipiti|94\/100|[from] item: Leftovers\n|upkeep\n|turn|6\n|\n|t:|1701136773\n|-terastallize|p1a: Strahd|Ground\n|move|p2a: Fezandipiti|Calm Mind|p2a: Fezandipiti\n|-boost|p2a: Fezandipiti|spa|1\n|-boost|p2a: Fezandipiti|spd|1\n|move|p1a: Strahd|Knock Off|p2a: Fezandipiti\n|-resisted|p2a: Fezandipiti\n|-damage|p2a: Fezandipiti|88\/100\n|-enditem|p2a: Fezandipiti|Leftovers|[from] move: Knock Off|[of] p1a: Strahd\n|\n|upkeep\n|turn|7\n|\n|t:|1701136783\n|move|p2a: Fezandipiti|Moonblast|p1a: Strahd\n|-damage|p1a: Strahd|69\/100\n|move|p1a: Strahd|Heat Crash|p2a: Fezandipiti\n|-damage|p2a: Fezandipiti|73\/100\n|\n|upkeep\n|turn|8\n|\n|t:|1701136796\n|move|p2a: Fezandipiti|Moonblast|p1a: Strahd\n|-damage|p1a: Strahd|51\/100\n|move|p1a: Strahd|Ice Punch|p2a: Fezandipiti\n|-crit|p2a: Fezandipiti\n|-damage|p2a: Fezandipiti|58\/100\n|\n|-fieldend|move: Electric Terrain\n|upkeep\n|turn|9\n|\n|t:|1701136807\n|move|p2a: Fezandipiti|Roost|p2a: Fezandipiti\n|-heal|p2a: Fezandipiti|100\/100\n|-singleturn|p2a: Fezandipiti|move: Roost\n|move|p1a: Strahd|Ancient Power|p2a: Fezandipiti\n|-damage|p2a: Fezandipiti|94\/100\n|-boost|p1a: Strahd|atk|1\n|-boost|p1a: Strahd|def|1\n|-boost|p1a: Strahd|spa|1\n|-boost|p1a: Strahd|spd|1\n|-boost|p1a: Strahd|spe|1\n|\n|-end|p1a: Strahd|Slow Start\n|upkeep\n|turn|10\n|\n|t:|1701136819\n|move|p1a: Strahd|Heat Crash|p2a: Fezandipiti\n|-damage|p2a: Fezandipiti|51\/100\n|move|p2a: Fezandipiti|Moonblast|p1a: Strahd\n|-damage|p1a: Strahd|40\/100\n|\n|upkeep\n|turn|11\n|\n|t:|1701136827\n|move|p1a: Strahd|Ice Punch|p2a: Fezandipiti\n|-damage|p2a: Fezandipiti|20\/100\n|move|p2a: Fezandipiti|Moonblast|p1a: Strahd\n|-damage|p1a: Strahd|27\/100\n|-status|p1a: Strahd|tox|[from] ability: Toxic Chain|[of] p2a: Fezandipiti\n|\n|-damage|p1a: Strahd|21\/100 tox|[from] psn\n|upkeep\n|turn|12\n|\n|t:|1701136838\n|move|p1a: Strahd|Ice Punch|p2a: Fezandipiti\n|-damage|p2a: Fezandipiti|0 fnt\n|faint|p2a: Fezandipiti\n|\n|-damage|p1a: Strahd|9\/100 tox|[from] psn\n|upkeep\n|\n|t:|1701136847\n|switch|p2a: Sneasler|Sneasler, F|100\/100\n|-item|p2a: Sneasler|Air Balloon\n|turn|13\n|\n|t:|1701136857\n|move|p2a: Sneasler|Swords Dance|p2a: Sneasler\n|-boost|p2a: Sneasler|atk|2\n|move|p1a: Strahd|Heat Crash|p2a: Sneasler\n|-damage|p2a: Sneasler|0 fnt\n|-enditem|p2a: Sneasler|Air Balloon\n|faint|p2a: Sneasler\n|\n|-damage|p1a: Strahd|0 fnt|[from] psn\n|faint|p1a: Strahd\n|-end|p1a: Strahd|Slow Start|[silent]\n|upkeep\n|\n|t:|1701136881\n|switch|p2a: Abomasnow|Abomasnow, M|100\/100\n|switch|p1a: D3L1-B0T|Iron Bundle|100\/100\n|-damage|p2a: Abomasnow|84\/100|[from] Spikes\n|-weather|Snow|[from] ability: Snow Warning|[of] p2a: Abomasnow\n|turn|14\n|\n|t:|1701136893\n|detailschange|p2a: Abomasnow|Abomasnow-Mega, M\n|-mega|p2a: Abomasnow|Abomasnow|Abomasite\n|move|p2a: Abomasnow|Protect|p2a: Abomasnow\n|-singleturn|p2a: Abomasnow|Protect\n|move|p1a: D3L1-B0T|Hydro Pump|p2a: Abomasnow\n|-activate|p2a: Abomasnow|move: Protect\n|\n|-weather|Snow|[upkeep]\n|upkeep\n|turn|15\n|\n|t:|1701136902\n|move|p1a: D3L1-B0T|Hydro Pump|p2a: Abomasnow|[miss]\n|-miss|p1a: D3L1-B0T|p2a: Abomasnow\n|move|p2a: Abomasnow|Giga Drain|p1a: D3L1-B0T\n|-supereffective|p1a: D3L1-B0T\n|-damage|p1a: D3L1-B0T|0 fnt\n|-heal|p2a: Abomasnow|100\/100|[from] drain|[of] p1a: D3L1-B0T\n|faint|p1a: D3L1-B0T\n|-end|p1a: D3L1-B0T|Quark Drive|[silent]\n|\n|-weather|Snow|[upkeep]\n|upkeep\n|\n|t:|1701136916\n|switch|p1a: Britney Spears|Salazzle, F, shiny|100\/100\n|turn|16\n|\n|t:|1701136922\n|move|p1a: Britney Spears|Flamethrower|p2a: Abomasnow\n|-supereffective|p2a: Abomasnow\n|-damage|p2a: Abomasnow|0 fnt\n|faint|p2a: Abomasnow\n|\n|-weather|Snow|[upkeep]\n|upkeep\n|\n|t:|1701136943\n|switch|p2a: Spectrier|Spectrier|100\/100\n|-damage|p2a: Spectrier|84\/100|[from] Spikes\n|turn|17\n|\n|t:|1701136967\n|move|p2a: Spectrier|Draining Kiss|p1a: Britney Spears\n|-resisted|p1a: Britney Spears\n|-damage|p1a: Britney Spears|93\/100\n|-heal|p2a: Spectrier|89\/100|[from] drain|[of] p1a: Britney Spears\n|move|p1a: Britney Spears|Flamethrower|p2a: Spectrier\n|-damage|p2a: Spectrier|32\/100\n|\n|-weather|Snow|[upkeep]\n|-heal|p2a: Spectrier|38\/100|[from] item: Leftovers\n|upkeep\n|turn|18\n|\n|t:|1701136983\n|move|p2a: Spectrier|Shadow Ball|p1a: Britney Spears\n|-damage|p1a: Britney Spears|14\/100\n|move|p1a: Britney Spears|Flamethrower|p2a: Spectrier\n|-damage|p2a: Spectrier|0 fnt\n|faint|p2a: Spectrier\n|\n|-weather|none\n|upkeep\n|\n|t:|1701136994\n|switch|p2a: Annihilape|Annihilape, M|100\/100\n|-damage|p2a: Annihilape|84\/100|[from] Spikes\n|turn|19\n|\n|t:|1701137005\n|move|p1a: Britney Spears|Flamethrower|p2a: Annihilape\n|-damage|p2a: Annihilape|55\/100\n|move|p2a: Annihilape|Drain Punch|p1a: Britney Spears\n|-resisted|p1a: Britney Spears\n|-damage|p1a: Britney Spears|0 fnt\n|-heal|p2a: Annihilape|59\/100|[from] drain|[of] p1a: Britney Spears\n|faint|p1a: Britney Spears\n|\n|-heal|p2a: Annihilape|66\/100|[from] item: Leftovers\n|upkeep\n|j| GCof1812\n|\n|t:|1701137026\n|switch|p1a: Chop Suey|Kingambit, F|100\/100\n|-activate|p1a: Chop Suey|ability: Supreme Overlord\n|-start|p1a: Chop Suey|fallen4|[silent]\n|turn|20\n|c| GCof1812|SHIT IS SO CLOSE!\n|c| GCof1812|KEEP IT GOING, QWEENS\n|\n|t:|1701137047\n|move|p2a: Annihilape|Bulk Up|p2a: Annihilape\n|-boost|p2a: Annihilape|atk|1\n|-boost|p2a: Annihilape|def|1\n|move|p1a: Chop Suey|Kowtow Cleave|p2a: Annihilape\n|-damage|p2a: Annihilape|20\/100\n|\n|-heal|p2a: Annihilape|26\/100|[from] item: Leftovers\n|upkeep\n|turn|21\n|\n|t:|1701137057\n|move|p2a: Annihilape|Rage Fist|p1a: Chop Suey\n|-resisted|p1a: Chop Suey\n|-damage|p1a: Chop Suey|66\/100\n|move|p1a: Chop Suey|Kowtow Cleave|p2a: Annihilape\n|-damage|p2a: Annihilape|0 fnt\n|faint|p2a: Annihilape\n|\n|upkeep\n|\n|t:|1701137065\n|switch|p2a: Iron Leaves|Iron Leaves|100\/100\n|-damage|p2a: Iron Leaves|84\/100|[from] Spikes\n|-enditem|p2a: Iron Leaves|Booster Energy\n|-activate|p2a: Iron Leaves|ability: Quark Drive|[fromitem]\n|-start|p2a: Iron Leaves|quarkdriveatk\n|turn|22\n|\n|t:|1701137087\n|move|p2a: Iron Leaves|Psyblade|p1a: Chop Suey\n|-immune|p1a: Chop Suey\n|move|p1a: Chop Suey|Iron Head|p2a: Iron Leaves\n|-damage|p2a: Iron Leaves|13\/100\n|\n|upkeep\n|turn|23\n|c| GCof1812|And....\n|\n|t:|1701137101\n|move|p2a: Iron Leaves|Trailblaze|p1a: Chop Suey\n|-resisted|p1a: Chop Suey\n|-damage|p1a: Chop Suey|53\/100\n|-boost|p2a: Iron Leaves|spe|1\n|move|p1a: Chop Suey|Kowtow Cleave|p2a: Iron Leaves\n|-supereffective|p2a: Iron Leaves\n|-damage|p2a: Iron Leaves|0 fnt\n|faint|p2a: Iron Leaves\n|-end|p2a: Iron Leaves|Quark Drive|[silent]\n|\n|win|ezrathycc\n|c|\u2606ezrathycc|gg!\n|c| GCof1812|boom goes the dynomite.\n","uploadtime":1701137114,"views":25,"p1id":"ezrathycc","p2id":"webbiestmage","formatid":"gen9nationaldexubers","rating":0,"private":0,"password":""}