{"id":"gen9nationaldexubers-1998346662","p1":"XJohnson","p2":"pokXD","format":"[Gen 9] National Dex Ubers","log":"|j|\u2606XJohnson\n|j|\u2606pokXD\n|t:|1700932093\n|gametype|singles\n|player|p1|XJohnson|zinnia|\n|player|p2|pokXD|cynthia-gen7|\n|teamsize|p1|6\n|teamsize|p2|6\n|gen|9\n|tier|[Gen 9] National Dex Ubers\n|rule|HP Percentage Mod: HP is shown in percentages\n|rule|Endless Battle Clause: Forcing endless battles is banned\n|rule|OHKO Clause: OHKO moves are banned\n|rule|Evasion Moves Clause: Evasion moves are banned\n|rule|Evasion Items Clause: Evasion items are banned\n|rule|Species Clause: Limit one of each Pok\u00e9mon\n|rule|Sleep Clause Mod: Limit one foe put to sleep\n|rule|Mega Rayquaza Clause: You cannot mega evolve Rayquaza\n|clearpoke\n|poke|p1|Shaymin-Sky|\n|poke|p1|Yveltal|\n|poke|p1|Lunala|\n|poke|p1|Tapu Bulu|\n|poke|p1|Annihilape, M|\n|poke|p1|Ninetales-Alola, F|\n|poke|p2|Deoxys-Attack|\n|poke|p2|Xerneas-*|\n|poke|p2|Garchomp, F|\n|poke|p2|Groudon|\n|poke|p2|Salamence, M|\n|poke|p2|Chi-Yu|\n|teampreview\n|j| beavrss\n|l| beavrss\n|\n|t:|1700932236\n|start\n|switch|p1a: Shaymin|Shaymin-Sky|100\/100\n|switch|p2a: Fishku|Chi-Yu|100\/100\n|-ability|p2a: Fishku|Beads of Ruin\n|turn|1\n|\n|t:|1700932249\n|switch|p1a: Jeanne|Lunala, shiny|100\/100\n|move|p2a: Fishku|Flamethrower|p1a: Jeanne\n|-damage|p1a: Jeanne|78\/100\n|\n|-heal|p1a: Jeanne|84\/100|[from] item: Leftovers\n|upkeep\n|turn|2\n|\n|t:|1700932266\n|switch|p2a: Girthyfella|Groudon|100\/100\n|detailschange|p2a: Girthyfella|Groudon-Primal\n|-primal|p2a: Girthyfella|Red Orb\n|-weather|DesolateLand|[from] ability: Desolate Land|[of] p2a: Girthyfella\n|move|p1a: Jeanne|Roost|p1a: Jeanne\n|-heal|p1a: Jeanne|100\/100\n|-singleturn|p1a: Jeanne|move: Roost\n|\n|-weather|DesolateLand|[upkeep]\n|upkeep\n|turn|3\n|\n|t:|1700932275\n|switch|p1a: Annihilape|Annihilape, M|100\/100\n|move|p2a: Girthyfella|Roar|p1a: Annihilape\n|drag|p1a: Yveltal|Yveltal|100\/100\n|-ability|p1a: Yveltal|Dark Aura\n|\n|-weather|DesolateLand|[upkeep]\n|upkeep\n|turn|4\n|\n|t:|1700932292\n|move|p1a: Yveltal|Dark Pulse|p2a: Girthyfella\n|-damage|p2a: Girthyfella|10\/100\n|cant|p2a: Girthyfella|flinch\n|\n|-weather|DesolateLand|[upkeep]\n|upkeep\n|turn|5\n|\n|t:|1700932299\n|move|p1a: Yveltal|Dark Pulse|p2a: Girthyfella\n|-damage|p2a: Girthyfella|0 fnt\n|faint|p2a: Girthyfella\n|-weather|none\n|\n|upkeep\n|\n|t:|1700932308\n|switch|p2a: THE CARRY|Xerneas, shiny|100\/100\n|-ability|p2a: THE CARRY|Fairy Aura\n|turn|6\n|\n|t:|1700932328\n|switch|p1a: Ninetales|Ninetales-Alola, F|100\/100\n|-weather|Snow|[from] ability: Snow Warning|[of] p1a: Ninetales\n|move|p2a: THE CARRY|Geomancy||[still]\n|-prepare|p2a: THE CARRY|Geomancy\n|-enditem|p2a: THE CARRY|Power Herb\n|-anim|p2a: THE CARRY|Geomancy|p2a: THE CARRY\n|-boost|p2a: THE CARRY|spa|2\n|-boost|p2a: THE CARRY|spd|2\n|-boost|p2a: THE CARRY|spe|2\n|\n|-weather|Snow|[upkeep]\n|upkeep\n|turn|7\n|\n|t:|1700932351\n|move|p2a: THE CARRY|Draining Kiss|p1a: Ninetales\n|-damage|p1a: Ninetales|24\/100\n|move|p1a: Ninetales|Aurora Veil|p1a: Ninetales\n|-sidestart|p1: XJohnson|move: Aurora Veil\n|\n|-weather|Snow|[upkeep]\n|upkeep\n|turn|8\n|\n|t:|1700932357\n|switch|p1a: Jeanne|Lunala, shiny|100\/100\n|move|p2a: THE CARRY|Draining Kiss|p1a: Jeanne\n|-damage|p1a: Jeanne|90\/100\n|\n|-weather|Snow|[upkeep]\n|-heal|p1a: Jeanne|96\/100|[from] item: Leftovers\n|upkeep\n|turn|9\n|\n|t:|1700932368\n|move|p2a: THE CARRY|Thunderbolt|p1a: Jeanne\n|-damage|p1a: Jeanne|78\/100\n|move|p1a: Jeanne|Moonblast|p2a: THE CARRY\n|-damage|p2a: THE CARRY|83\/100\n|\n|-weather|Snow|[upkeep]\n|-heal|p1a: Jeanne|84\/100|[from] item: Leftovers\n|upkeep\n|turn|10\n|\n|t:|1700932383\n|switch|p1a: Tapu Bulu|Tapu Bulu|100\/100\n|-fieldstart|move: Grassy Terrain|[from] ability: Grassy Surge|[of] p1a: Tapu Bulu\n|move|p2a: THE CARRY|Thunderbolt|p1a: Tapu Bulu\n|-resisted|p1a: Tapu Bulu\n|-damage|p1a: Tapu Bulu|84\/100\n|\n|-weather|none\n|-heal|p2a: THE CARRY|89\/100|[from] Grassy Terrain\n|-heal|p1a: Tapu Bulu|90\/100|[from] Grassy Terrain\n|upkeep\n|turn|11\n|\n|t:|1700932408\n|move|p2a: THE CARRY|Draining Kiss|p1a: Tapu Bulu\n|-damage|p1a: Tapu Bulu|52\/100\n|-heal|p2a: THE CARRY|100\/100|[from] drain|[of] p1a: Tapu Bulu\n|move|p1a: Tapu Bulu|Bulk Up|p1a: Tapu Bulu\n|-boost|p1a: Tapu Bulu|atk|1\n|-boost|p1a: Tapu Bulu|def|1\n|\n|-heal|p1a: Tapu Bulu|58\/100|[from] Grassy Terrain\n|upkeep\n|turn|12\n|j| beavrss\n|\n|t:|1700932417\n|move|p2a: THE CARRY|Draining Kiss|p1a: Tapu Bulu\n|-damage|p1a: Tapu Bulu|19\/100\n|move|p1a: Tapu Bulu|Horn Leech|p2a: THE CARRY\n|-damage|p2a: THE CARRY|20\/100\n|-heal|p1a: Tapu Bulu|65\/100|[from] drain|[of] p2a: THE CARRY\n|\n|-heal|p2a: THE CARRY|26\/100|[from] Grassy Terrain\n|-heal|p1a: Tapu Bulu|71\/100|[from] Grassy Terrain\n|upkeep\n|turn|13\n|l| beavrss\n|\n|t:|1700932456\n|switch|p2a: Fishku|Chi-Yu|100\/100\n|-ability|p2a: Fishku|Beads of Ruin\n|move|p1a: Tapu Bulu|Horn Leech|p2a: Fishku\n|-resisted|p2a: Fishku\n|-damage|p2a: Fishku|27\/100\n|-heal|p1a: Tapu Bulu|98\/100|[from] drain|[of] p2a: Fishku\n|\n|-heal|p2a: Fishku|33\/100|[from] Grassy Terrain\n|-heal|p1a: Tapu Bulu|100\/100|[from] Grassy Terrain\n|upkeep\n|turn|14\n|\n|t:|1700932482\n|move|p2a: Fishku|Overheat|p1a: Tapu Bulu\n|-supereffective|p1a: Tapu Bulu\n|-damage|p1a: Tapu Bulu|0 fnt\n|-unboost|p2a: Fishku|spa|2\n|faint|p1a: Tapu Bulu\n|\n|-heal|p2a: Fishku|39\/100|[from] Grassy Terrain\n|-sideend|p1: XJohnson|move: Aurora Veil\n|upkeep\n|\n|t:|1700932499\n|switch|p1a: Shaymin|Shaymin-Sky|100\/100\n|turn|15\n|\n|t:|1700932512\n|switch|p2a: Fraudchomp|Garchomp, F, shiny|100\/100\n|move|p1a: Shaymin|Secret Power|p2a: Fraudchomp\n|-damage|p2a: Fraudchomp|85\/100\n|-status|p2a: Fraudchomp|slp|[from] move: Secret Power\n|\n|-heal|p2a: Fraudchomp|91\/100 slp|[from] Grassy Terrain\n|upkeep\n|turn|16\n|\n|t:|1700932525\n|move|p1a: Shaymin|Substitute|p1a: Shaymin\n|-start|p1a: Shaymin|Substitute\n|-damage|p1a: Shaymin|76\/100\n|cant|p2a: Fraudchomp|slp\n|\n|-heal|p2a: Fraudchomp|97\/100 slp|[from] Grassy Terrain\n|upkeep\n|turn|17\n|\n|t:|1700932532\n|move|p1a: Shaymin|Air Slash|p2a: Fraudchomp\n|-damage|p2a: Fraudchomp|60\/100 slp\n|-curestatus|p2a: Fraudchomp|slp|[msg]\n|cant|p2a: Fraudchomp|flinch\n|\n|-heal|p2a: Fraudchomp|66\/100|[from] Grassy Terrain\n|-fieldend|move: Grassy Terrain\n|upkeep\n|turn|18\n|\n|t:|1700932541\n|move|p1a: Shaymin|Air Slash|p2a: Fraudchomp\n|-damage|p2a: Fraudchomp|25\/100\n|cant|p2a: Fraudchomp|flinch\n|\n|upkeep\n|turn|19\n|\n|t:|1700932547\n|move|p1a: Shaymin|Air Slash|p2a: Fraudchomp\n|-damage|p2a: Fraudchomp|0 fnt\n|faint|p2a: Fraudchomp\n|\n|upkeep\n|\n|t:|1700932559\n|switch|p2a: Fishku|Chi-Yu|39\/100\n|-ability|p2a: Fishku|Beads of Ruin\n|turn|20\n|\n|t:|1700932563\n|move|p1a: Shaymin|Earth Power|p2a: Fishku\n|-supereffective|p2a: Fishku\n|-damage|p2a: Fishku|0 fnt\n|faint|p2a: Fishku\n|\n|upkeep\n|\n|t:|1700932571\n|switch|p2a: GRAHHHH|Salamence, M, shiny|100\/100\n|-ability|p2a: GRAHHHH|Intimidate|boost\n|-immune|p1a: Shaymin\n|turn|21\n|\n|t:|1700932576\n|detailschange|p2a: GRAHHHH|Salamence-Mega, M, shiny\n|-mega|p2a: GRAHHHH|Salamence|Salamencite\n|move|p1a: Shaymin|Secret Power|p2a: GRAHHHH\n|-damage|p2a: GRAHHHH|85\/100\n|-status|p2a: GRAHHHH|par\n|move|p2a: GRAHHHH|Dragon Dance|p2a: GRAHHHH\n|-boost|p2a: GRAHHHH|atk|1\n|-boost|p2a: GRAHHHH|spe|1\n|\n|upkeep\n|turn|22\n|\n|t:|1700932588\n|move|p1a: Shaymin|Air Slash|p2a: GRAHHHH|[miss]\n|-miss|p1a: Shaymin|p2a: GRAHHHH\n|move|p2a: GRAHHHH|Body Slam|p1a: Shaymin\n|-supereffective|p1a: Shaymin\n|-end|p1a: Shaymin|Substitute\n|\n|upkeep\n|turn|23\n|\n|t:|1700932595\n|move|p1a: Shaymin|Air Slash|p2a: GRAHHHH\n|-damage|p2a: GRAHHHH|47\/100 par\n|move|p2a: GRAHHHH|Body Slam|p1a: Shaymin\n|-supereffective|p1a: Shaymin\n|-damage|p1a: Shaymin|0 fnt\n|faint|p1a: Shaymin\n|\n|upkeep\n|\n|t:|1700932603\n|switch|p1a: Yveltal|Yveltal|100\/100\n|-ability|p1a: Yveltal|Dark Aura\n|turn|24\n|\n|t:|1700932611\n|move|p1a: Yveltal|Dark Pulse|p2a: GRAHHHH\n|-crit|p2a: GRAHHHH\n|-damage|p2a: GRAHHHH|0 fnt\n|faint|p2a: GRAHHHH\n|\n|upkeep\n|\n|t:|1700932618\n|switch|p2a: Goku|Deoxys-Attack|100\/100\n|-ability|p2a: Goku|Pressure\n|turn|25\n|\n|t:|1700932626\n|switch|p1a: Ninetales|Ninetales-Alola, F|24\/100\n|-weather|Snow|[from] ability: Snow Warning|[of] p1a: Ninetales\n|move|p2a: Goku|Thunderbolt|p1a: Ninetales\n|-damage|p1a: Ninetales|0 fnt\n|faint|p1a: Ninetales\n|-damage|p2a: Goku|91\/100|[from] item: Life Orb\n|\n|-weather|Snow|[upkeep]\n|upkeep\n|\n|t:|1700932639\n|switch|p1a: Annihilape|Annihilape, M|100\/100\n|turn|26\n|\n|t:|1700932665\n|switch|p1a: Yveltal|Yveltal|100\/100\n|-ability|p1a: Yveltal|Dark Aura\n|move|p2a: Goku|Ice Beam|p1a: Yveltal\n|-supereffective|p1a: Yveltal\n|-damage|p1a: Yveltal|16\/100\n|-damage|p2a: Goku|81\/100|[from] item: Life Orb\n|\n|-weather|Snow|[upkeep]\n|upkeep\n|turn|27\n|\n|t:|1700932680\n|move|p1a: Yveltal|Sucker Punch|p2a: Goku\n|-supereffective|p2a: Goku\n|-damage|p2a: Goku|0 fnt\n|faint|p2a: Goku\n|\n|-weather|Snow|[upkeep]\n|upkeep\n|\n|t:|1700932687\n|switch|p2a: THE CARRY|Xerneas, shiny|26\/100\n|-ability|p2a: THE CARRY|Fairy Aura\n|turn|28\n|\n|t:|1700932692\n|switch|p1a: Jeanne|Lunala, shiny|84\/100\n|move|p2a: THE CARRY|Thunderbolt|p1a: Jeanne\n|-damage|p1a: Jeanne|65\/100\n|\n|-weather|Snow|[upkeep]\n|-heal|p1a: Jeanne|71\/100|[from] item: Leftovers\n|upkeep\n|turn|29\n|\n|t:|1700932701\n|-terastallize|p2a: THE CARRY|Electric\n|move|p2a: THE CARRY|Draining Kiss|p1a: Jeanne\n|-damage|p1a: Jeanne|52\/100\n|-heal|p2a: THE CARRY|44\/100|[from] drain|[of] p1a: Jeanne\n|move|p1a: Jeanne|Roost|p1a: Jeanne\n|-heal|p1a: Jeanne|100\/100\n|-singleturn|p1a: Jeanne|move: Roost\n|\n|-weather|none\n|upkeep\n|turn|30\n|\n|t:|1700932711\n|move|p2a: THE CARRY|Draining Kiss|p1a: Jeanne\n|-damage|p1a: Jeanne|91\/100\n|-heal|p2a: THE CARRY|52\/100|[from] drain|[of] p1a: Jeanne\n|move|p1a: Jeanne|Moongeist Beam|p2a: THE CARRY\n|-damage|p2a: THE CARRY|12\/100\n|\n|-heal|p1a: Jeanne|97\/100|[from] item: Leftovers\n|upkeep\n|turn|31\n|\n|t:|1700932722\n|move|p2a: THE CARRY|Draining Kiss|p1a: Jeanne\n|-damage|p1a: Jeanne|79\/100\n|-heal|p2a: THE CARRY|30\/100|[from] drain|[of] p1a: Jeanne\n|move|p1a: Jeanne|Moongeist Beam|p2a: THE CARRY\n|-damage|p2a: THE CARRY|0 fnt\n|faint|p2a: THE CARRY\n|\n|win|XJohnson\n|c|\u2606XJohnson|Gg Keys\n|l|\u2606pokXD\n|l|\u2606XJohnson\n|j|\u2606XJohnson\n|player|p1|XJohnson|zinnia\n","uploadtime":1700932847,"views":6,"p1id":"xjohnson","p2id":"pokxd","formatid":"gen9nationaldexubers","rating":0,"private":0,"password":""}