{"id":"gen9nationaldexubers-1993845761","p1":"MorningStar53","p2":"kitmash","format":"[Gen 9] National Dex Ubers","log":"|j|\u2606MorningStar53\n|j|\u2606kitmash\n|t:|1700364535\n|gametype|singles\n|player|p1|MorningStar53|li|1473\n|player|p2|kitmash|266|1615\n|teamsize|p1|6\n|teamsize|p2|6\n|gen|9\n|tier|[Gen 9] National Dex Ubers\n|rated|\n|rule|HP Percentage Mod: HP is shown in percentages\n|rule|Endless Battle Clause: Forcing endless battles is banned\n|rule|OHKO Clause: OHKO moves are banned\n|rule|Evasion Moves Clause: Evasion moves are banned\n|rule|Evasion Items Clause: Evasion items are banned\n|rule|Species Clause: Limit one of each Pok\u00e9mon\n|rule|Sleep Clause Mod: Limit one foe put to sleep\n|rule|Mega Rayquaza Clause: You cannot mega evolve Rayquaza\n|clearpoke\n|poke|p1|Marshadow|\n|poke|p1|Arceus-Water|\n|poke|p1|Xerneas-*|\n|poke|p1|Blaziken, M|\n|poke|p1|Groudon|\n|poke|p1|Ho-Oh|\n|poke|p2|Lunala|\n|poke|p2|Arceus-Dark|\n|poke|p2|Goodra-Hisui, F|\n|poke|p2|Groudon|\n|poke|p2|Bombirdier, M|\n|poke|p2|Flutter Mane|\n|teampreview\n|\n|t:|1700364569\n|start\n|switch|p1a: Blaziken|Blaziken, M|100\/100\n|switch|p2a: Arceus|Arceus-Dark|100\/100\n|turn|1\n|l|\u2606MorningStar53\n|player|p1|\n|\n|t:|1700364593\n|detailschange|p1a: Blaziken|Blaziken-Mega, M\n|-mega|p1a: Blaziken|Blaziken|Blazikenite\n|move|p1a: Blaziken|Swords Dance|p1a: Blaziken\n|-boost|p1a: Blaziken|atk|2\n|move|p2a: Arceus|Foul Play|p1a: Blaziken\n|-resisted|p1a: Blaziken\n|-damage|p1a: Blaziken|0 fnt\n|faint|p1a: Blaziken\n|\n|upkeep\n|j|\u2606MorningStar53\n|player|p1|MorningStar53|li\n|\n|t:|1700364608\n|switch|p1a: Xerneas|Xerneas|100\/100\n|-ability|p1a: Xerneas|Fairy Aura\n|turn|2\n|\n|t:|1700364615\n|switch|p2a: Lunala|Lunala|100\/100\n|move|p1a: Xerneas|Geomancy||[still]\n|-prepare|p1a: Xerneas|Geomancy\n|-enditem|p1a: Xerneas|Power Herb\n|-anim|p1a: Xerneas|Geomancy|p1a: Xerneas\n|-boost|p1a: Xerneas|spa|2\n|-boost|p1a: Xerneas|spd|2\n|-boost|p1a: Xerneas|spe|2\n|\n|upkeep\n|turn|3\n|\n|t:|1700364624\n|move|p1a: Xerneas|Moonblast|p2a: Lunala\n|-damage|p2a: Lunala|67\/100\n|move|p2a: Lunala|Roar|p1a: Xerneas\n|drag|p1a: Ho-Oh|Ho-Oh|100\/100\n|\n|upkeep\n|turn|4\n|\n|t:|1700364631\n|switch|p2a: Groudon|Groudon|100\/100\n|detailschange|p2a: Groudon|Groudon-Primal\n|-primal|p2a: Groudon|Red Orb\n|-weather|DesolateLand|[from] ability: Desolate Land|[of] p2a: Groudon\n|move|p1a: Ho-Oh|Toxic|p2a: Groudon\n|-status|p2a: Groudon|tox\n|\n|-weather|DesolateLand|[upkeep]\n|-damage|p2a: Groudon|94\/100 tox|[from] psn\n|upkeep\n|turn|5\n|\n|t:|1700364646\n|move|p1a: Ho-Oh|Sacred Fire|p2a: Groudon\n|-resisted|p2a: Groudon\n|-damage|p2a: Groudon|81\/100 tox\n|move|p2a: Groudon|Toxic|p1a: Ho-Oh|[miss]\n|-miss|p2a: Groudon|p1a: Ho-Oh\n|\n|-weather|DesolateLand|[upkeep]\n|-damage|p2a: Groudon|69\/100 tox|[from] psn\n|upkeep\n|turn|6\n|\n|t:|1700364657\n|switch|p1a: Groudon|Groudon|100\/100\n|detailschange|p1a: Groudon|Groudon-Primal\n|-primal|p1a: Groudon|Red Orb\n|move|p2a: Groudon|Toxic|p1a: Groudon\n|-status|p1a: Groudon|tox\n|\n|-weather|DesolateLand|[upkeep]\n|-damage|p1a: Groudon|94\/100 tox|[from] psn\n|-damage|p2a: Groudon|50\/100 tox|[from] psn\n|upkeep\n|turn|7\n|\n|t:|1700364666\n|switch|p2a: Arceus|Arceus-Dark|100\/100\n|move|p1a: Groudon|Precipice Blades|p2a: Arceus\n|-damage|p2a: Arceus|60\/100\n|\n|-weather|DesolateLand|[upkeep]\n|-damage|p1a: Groudon|82\/100 tox|[from] psn\n|upkeep\n|turn|8\n|\n|t:|1700364675\n|-weather|none\n|switch|p1a: Xerneas|Xerneas|100\/100\n|-ability|p1a: Xerneas|Fairy Aura\n|move|p2a: Arceus|Recover|p2a: Arceus\n|-heal|p2a: Arceus|100\/100\n|\n|upkeep\n|turn|9\n|\n|t:|1700364686\n|switch|p2a: Goodra|Goodra-Hisui, F|100\/100\n|move|p1a: Xerneas|Moonblast|p2a: Goodra\n|-damage|p2a: Goodra|66\/100\n|-unboost|p2a: Goodra|spa|1\n|\n|upkeep\n|turn|10\n|\n|t:|1700364696\n|-terastallize|p1a: Xerneas|Normal\n|move|p1a: Xerneas|Geomancy||[still]\n|-prepare|p1a: Xerneas|Geomancy\n|move|p2a: Goodra|Life Dew|p2a: Goodra\n|-heal|p2a: Goodra|91\/100\n|\n|upkeep\n|turn|11\n|inactive|Battle timer is ON: inactive players will automatically lose when time's up. (requested by MorningStar53)\n|\n|t:|1700364723\n|move|p1a: Xerneas|Geomancy|p1a: Xerneas|[from]lockedmove\n|-boost|p1a: Xerneas|spa|2\n|-boost|p1a: Xerneas|spd|2\n|-boost|p1a: Xerneas|spe|2\n|move|p2a: Goodra|Toxic|p1a: Xerneas\n|-status|p1a: Xerneas|tox\n|\n|-damage|p1a: Xerneas|94\/100 tox|[from] psn\n|upkeep\n|turn|12\n|\n|t:|1700364750\n|move|p1a: Xerneas|Moonblast|p2a: Goodra\n|-damage|p2a: Goodra|21\/100\n|-unboost|p2a: Goodra|spa|1\n|move|p2a: Goodra|Dragon Tail|p1a: Xerneas\n|-damage|p1a: Xerneas|75\/100 tox\n|drag|p1a: Groudon|Groudon-Primal|82\/100 tox\n|-weather|DesolateLand|[from] ability: Desolate Land|[of] p1a: Groudon\n|\n|-weather|DesolateLand|[upkeep]\n|-damage|p1a: Groudon|76\/100 tox|[from] psn\n|upkeep\n|turn|13\n|\n|t:|1700364764\n|switch|p2a: Arceus|Arceus-Dark|100\/100\n|move|p1a: Groudon|Hone Claws|p1a: Groudon\n|-boost|p1a: Groudon|atk|1\n|-boost|p1a: Groudon|accuracy|1\n|\n|-weather|DesolateLand|[upkeep]\n|-damage|p1a: Groudon|64\/100 tox|[from] psn\n|upkeep\n|turn|14\n|\n|t:|1700364772\n|move|p1a: Groudon|Precipice Blades|p2a: Arceus\n|-damage|p2a: Arceus|44\/100\n|move|p2a: Arceus|Foul Play|p1a: Groudon\n|-damage|p1a: Groudon|0 fnt\n|faint|p1a: Groudon\n|-weather|none\n|\n|upkeep\n|\n|t:|1700364780\n|switch|p1a: Xerneas|Xerneas, tera:Normal|75\/100 tox\n|-ability|p1a: Xerneas|Fairy Aura\n|turn|15\n|\n|t:|1700364793\n|switch|p2a: Goodra|Goodra-Hisui, F|21\/100\n|move|p1a: Xerneas|Moonblast|p2a: Goodra\n|-damage|p2a: Goodra|0 fnt\n|faint|p2a: Goodra\n|\n|-damage|p1a: Xerneas|69\/100 tox|[from] psn\n|upkeep\n|\n|t:|1700364802\n|switch|p2a: Lunala|Lunala|67\/100\n|turn|16\n|\n|t:|1700364808\n|move|p1a: Xerneas|Draining Kiss|p2a: Lunala\n|-damage|p2a: Lunala|49\/100\n|-heal|p1a: Xerneas|83\/100 tox|[from] drain|[of] p2a: Lunala\n|move|p2a: Lunala|Roost|p2a: Lunala\n|-heal|p2a: Lunala|99\/100\n|-singleturn|p2a: Lunala|move: Roost\n|\n|-damage|p1a: Xerneas|71\/100 tox|[from] psn\n|upkeep\n|turn|17\n|\n|t:|1700364822\n|switch|p1a: Ho-Oh|Ho-Oh|100\/100\n|move|p2a: Lunala|Moongeist Beam|p1a: Ho-Oh\n|-damage|p1a: Ho-Oh|75\/100\n|\n|upkeep\n|turn|18\n|\n|t:|1700364829\n|switch|p2a: Groudon|Groudon-Primal|50\/100 tox\n|-weather|DesolateLand|[from] ability: Desolate Land|[of] p2a: Groudon\n|move|p1a: Ho-Oh|Toxic|p2a: Groudon\n|-fail|p2a: Groudon|tox\n|\n|-weather|DesolateLand|[upkeep]\n|-damage|p2a: Groudon|44\/100 tox|[from] psn\n|upkeep\n|turn|19\n|\n|t:|1700364840\n|switch|p1a: Xerneas|Xerneas, tera:Normal|71\/100 tox\n|-ability|p1a: Xerneas|Fairy Aura\n|move|p2a: Groudon|Rest|p2a: Groudon\n|-status|p2a: Groudon|slp|[from] move: Rest\n|-heal|p2a: Groudon|100\/100 slp|[silent]\n|\n|-weather|DesolateLand|[upkeep]\n|-damage|p1a: Xerneas|65\/100 tox|[from] psn\n|upkeep\n|turn|20\n|\n|t:|1700364850\n|-weather|none\n|switch|p2a: Lunala|Lunala|99\/100\n|move|p1a: Xerneas|Moonblast|p2a: Lunala\n|-damage|p2a: Lunala|65\/100\n|\n|-damage|p1a: Xerneas|53\/100 tox|[from] psn\n|upkeep\n|turn|21\n|\n|t:|1700364858\n|move|p1a: Xerneas|Moonblast|p2a: Lunala\n|-damage|p2a: Lunala|30\/100\n|move|p2a: Lunala|Roost|p2a: Lunala\n|-heal|p2a: Lunala|80\/100\n|-singleturn|p2a: Lunala|move: Roost\n|\n|-damage|p1a: Xerneas|34\/100 tox|[from] psn\n|upkeep\n|turn|22\n|\n|t:|1700364866\n|switch|p1a: Marshadow|Marshadow|100\/100\n|move|p2a: Lunala|Roost|p2a: Lunala\n|-heal|p2a: Lunala|100\/100\n|-singleturn|p2a: Lunala|move: Roost\n|\n|upkeep\n|turn|23\n|\n|t:|1700364875\n|switch|p2a: Bombirdier|Bombirdier, M|100\/100\n|move|p1a: Marshadow|Spectral Thief|p2a: Bombirdier\n|-resisted|p2a: Bombirdier\n|-damage|p2a: Bombirdier|64\/100\n|\n|upkeep\n|turn|24\n|\n|t:|1700364885\n|switch|p1a: Xerneas|Xerneas, tera:Normal|34\/100 tox\n|-ability|p1a: Xerneas|Fairy Aura\n|move|p2a: Bombirdier|Sucker Punch||[still]\n|-fail|p2a: Bombirdier\n|\n|-damage|p1a: Xerneas|28\/100 tox|[from] psn\n|upkeep\n|turn|25\n|\n|t:|1700364896\n|switch|p1a: Marshadow|Marshadow|100\/100\n|move|p2a: Bombirdier|Sucker Punch||[still]\n|-fail|p2a: Bombirdier\n|\n|upkeep\n|turn|26\n|\n|t:|1700364904\n|switch|p1a: Xerneas|Xerneas, tera:Normal|28\/100 tox\n|-ability|p1a: Xerneas|Fairy Aura\n|move|p2a: Bombirdier|Sucker Punch||[still]\n|-fail|p2a: Bombirdier\n|\n|-damage|p1a: Xerneas|22\/100 tox|[from] psn\n|upkeep\n|turn|27\n|c|\u2606MorningStar53|lol\n|\n|t:|1700364916\n|switch|p1a: Arceus|Arceus-Water|100\/100\n|move|p2a: Bombirdier|Sucker Punch||[still]\n|-fail|p2a: Bombirdier\n|\n|upkeep\n|turn|28\n|\n|t:|1700364926\n|switch|p2a: Lunala|Lunala|100\/100\n|move|p1a: Arceus|Toxic|p2a: Lunala\n|-status|p2a: Lunala|tox\n|\n|-damage|p2a: Lunala|94\/100 tox|[from] psn\n|upkeep\n|turn|29\n|\n|t:|1700364937\n|move|p1a: Arceus|Judgment|p2a: Lunala\n|-damage|p2a: Lunala|70\/100 tox\n|move|p2a: Lunala|Toxic|p1a: Arceus\n|-status|p1a: Arceus|tox\n|\n|-damage|p1a: Arceus|94\/100 tox|[from] psn\n|-damage|p2a: Lunala|58\/100 tox|[from] psn\n|upkeep\n|turn|30\n|\n|t:|1700364946\n|move|p1a: Arceus|Judgment|p2a: Lunala\n|-damage|p2a: Lunala|36\/100 tox\n|move|p2a: Lunala|Roost|p2a: Lunala\n|-heal|p2a: Lunala|86\/100 tox\n|-singleturn|p2a: Lunala|move: Roost\n|\n|-damage|p1a: Arceus|82\/100 tox|[from] psn\n|-damage|p2a: Lunala|68\/100 tox|[from] psn\n|upkeep\n|turn|31\n|\n|t:|1700364954\n|switch|p2a: Groudon|Groudon-Primal|100\/100 slp\n|-weather|DesolateLand|[from] ability: Desolate Land|[of] p2a: Groudon\n|move|p1a: Arceus|Recover|p1a: Arceus\n|-heal|p1a: Arceus|100\/100 tox\n|\n|-weather|DesolateLand|[upkeep]\n|-damage|p1a: Arceus|82\/100 tox|[from] psn\n|upkeep\n|turn|32\n|\n|t:|1700364965\n|move|p1a: Arceus|Ice Beam|p2a: Groudon\n|-damage|p2a: Groudon|76\/100 slp\n|cant|p2a: Groudon|slp\n|\n|-weather|DesolateLand|[upkeep]\n|-damage|p1a: Arceus|58\/100 tox|[from] psn\n|upkeep\n|turn|33\n|\n|t:|1700364973\n|switch|p1a: Ho-Oh|Ho-Oh|100\/100\n|cant|p2a: Groudon|slp\n|\n|-weather|DesolateLand|[upkeep]\n|upkeep\n|turn|34\n|\n|t:|1700364982\n|-curestatus|p2a: Groudon|slp|[msg]\n|move|p2a: Groudon|Toxic|p1a: Ho-Oh\n|-status|p1a: Ho-Oh|tox\n|move|p1a: Ho-Oh|Sacred Fire|p2a: Groudon\n|-resisted|p2a: Groudon\n|-damage|p2a: Groudon|62\/100\n|\n|-weather|DesolateLand|[upkeep]\n|-damage|p1a: Ho-Oh|94\/100 tox|[from] psn\n|upkeep\n|turn|35\n|\n|t:|1700364993\n|-weather|none\n|switch|p2a: Arceus|Arceus-Dark|44\/100\n|switch|p1a: Xerneas|Xerneas, tera:Normal|22\/100 tox\n|-ability|p1a: Xerneas|Fairy Aura\n|\n|-damage|p1a: Xerneas|16\/100 tox|[from] psn\n|upkeep\n|turn|36\n|\n|t:|1700365012\n|switch|p2a: Lunala|Lunala|68\/100 tox\n|move|p1a: Xerneas|Moonblast|p2a: Lunala\n|-damage|p2a: Lunala|30\/100 tox\n|\n|-damage|p1a: Xerneas|3\/100 tox|[from] psn\n|-damage|p2a: Lunala|24\/100 tox|[from] psn\n|upkeep\n|turn|37\n|\n|t:|1700365026\n|move|p1a: Xerneas|Moonblast|p2a: Lunala\n|-damage|p2a: Lunala|0 fnt\n|faint|p2a: Lunala\n|\n|-damage|p1a: Xerneas|0 fnt|[from] psn\n|faint|p1a: Xerneas\n|upkeep\n|\n|t:|1700365035\n|switch|p1a: Arceus|Arceus-Water|58\/100 tox\n|switch|p2a: Bombirdier|Bombirdier, M|64\/100\n|turn|38\n|\n|t:|1700365052\n|switch|p2a: Arceus|Arceus-Dark|44\/100\n|move|p1a: Arceus|Recover|p1a: Arceus\n|-heal|p1a: Arceus|100\/100 tox\n|\n|-damage|p1a: Arceus|94\/100 tox|[from] psn\n|upkeep\n|turn|39\n|\n|t:|1700365059\n|move|p1a: Arceus|Toxic|p2a: Arceus|[miss]\n|-miss|p1a: Arceus|p2a: Arceus\n|move|p2a: Arceus|Recover|p2a: Arceus\n|-heal|p2a: Arceus|94\/100\n|\n|-damage|p1a: Arceus|82\/100 tox|[from] psn\n|upkeep\n|turn|40\n|\n|t:|1700365067\n|switch|p2a: Groudon|Groudon-Primal|62\/100\n|-weather|DesolateLand|[from] ability: Desolate Land|[of] p2a: Groudon\n|move|p1a: Arceus|Toxic|p2a: Groudon\n|-status|p2a: Groudon|tox\n|\n|-weather|DesolateLand|[upkeep]\n|-damage|p1a: Arceus|64\/100 tox|[from] psn\n|-damage|p2a: Groudon|55\/100 tox|[from] psn\n|upkeep\n|turn|41\n|\n|t:|1700365076\n|move|p1a: Arceus|Ice Beam|p2a: Groudon\n|-damage|p2a: Groudon|33\/100 tox\n|move|p2a: Groudon|Rest|p2a: Groudon\n|-status|p2a: Groudon|slp|[from] move: Rest\n|-heal|p2a: Groudon|100\/100 slp|[silent]\n|\n|-weather|DesolateLand|[upkeep]\n|-damage|p1a: Arceus|40\/100 tox|[from] psn\n|upkeep\n|turn|42\n|\n|t:|1700365094\n|switch|p1a: Marshadow|Marshadow|100\/100\n|cant|p2a: Groudon|slp\n|\n|-weather|DesolateLand|[upkeep]\n|upkeep\n|turn|43\n|\n|t:|1700365100\n|move|p1a: Marshadow|Drain Punch|p2a: Groudon\n|-damage|p2a: Groudon|83\/100 slp\n|cant|p2a: Groudon|slp\n|\n|-weather|DesolateLand|[upkeep]\n|upkeep\n|turn|44\n|\n|t:|1700365106\n|move|p1a: Marshadow|Spectral Thief|p2a: Groudon\n|-damage|p2a: Groudon|59\/100 slp\n|-curestatus|p2a: Groudon|slp|[msg]\n|move|p2a: Groudon|Overheat|p1a: Marshadow\n|-enditem|p1a: Marshadow|Focus Sash\n|-damage|p1a: Marshadow|1\/100\n|-unboost|p2a: Groudon|spa|2\n|\n|-weather|DesolateLand|[upkeep]\n|upkeep\n|turn|45\n|\n|t:|1700365117\n|move|p1a: Marshadow|Spectral Thief|p2a: Groudon\n|-damage|p2a: Groudon|38\/100\n|move|p2a: Groudon|Overheat|p1a: Marshadow\n|-damage|p1a: Marshadow|0 fnt\n|-unboost|p2a: Groudon|spa|2\n|faint|p1a: Marshadow\n|\n|-weather|DesolateLand|[upkeep]\n|upkeep\n|-message|MorningStar53 forfeited.\n|\n|win|kitmash\n|raw|MorningStar53's rating: 1473 &rarr; <strong>1461<\/strong><br \/>(-12 for losing)\n|raw|kitmash's rating: 1615 &rarr; <strong>1627<\/strong><br \/>(+12 for winning)\n|l|\u2606MorningStar53\n","uploadtime":1700365172,"views":7,"p1id":"morningstar53","p2id":"kitmash","formatid":"gen9nationaldexubers","rating":1461,"private":0,"password":""}