{"id":"gen9nationaldexubers-1989666237","p1":"Szymszym134","p2":"C0ld as Ice","format":"[Gen 9] National Dex Ubers","log":"|j|\u2606Szymszym134\n|j|\u2606C0ld as Ice\n|t:|1699884866\n|gametype|singles\n|player|p1|Szymszym134|elesa|1648\n|player|p2|C0ld as Ice|schoolkid-gen4dp|1851\n|teamsize|p1|6\n|teamsize|p2|6\n|gen|9\n|tier|[Gen 9] National Dex Ubers\n|rated|\n|rule|HP Percentage Mod: HP is shown in percentages\n|rule|Endless Battle Clause: Forcing endless battles is banned\n|rule|OHKO Clause: OHKO moves are banned\n|rule|Evasion Moves Clause: Evasion moves are banned\n|rule|Evasion Items Clause: Evasion items are banned\n|rule|Species Clause: Limit one of each Pok\u00e9mon\n|rule|Sleep Clause Mod: Limit one foe put to sleep\n|rule|Mega Rayquaza Clause: You cannot mega evolve Rayquaza\n|clearpoke\n|poke|p1|Mewtwo|\n|poke|p1|Kingambit, M|\n|poke|p1|Garganacl, F|\n|poke|p1|Arceus-Ground|\n|poke|p1|Ditto|\n|poke|p1|Kyurem-Black|\n|poke|p2|Arceus-Water|\n|poke|p2|Necrozma-Dusk-Mane|\n|poke|p2|Zygarde|\n|poke|p2|Groudon, L99|\n|poke|p2|Marshadow|\n|poke|p2|Yveltal|\n|teampreview\n|inactive|Battle timer is ON: inactive players will automatically lose when time's up. (requested by Szymszym134)\n|inactive|C0ld as Ice also wants the timer to be on.\n|\n|t:|1699884882\n|start\n|switch|p1a: Kyurem|Kyurem-Black|100\/100\n|switch|p2a: Marshadow|Marshadow|100\/100\n|-ability|p1a: Kyurem|Teravolt\n|turn|1\n|\n|t:|1699884894\n|-terastallize|p1a: Kyurem|Electric\n|move|p2a: Marshadow|Close Combat|p1a: Kyurem\n|-damage|p1a: Kyurem|22\/100\n|-unboost|p2a: Marshadow|def|1\n|-unboost|p2a: Marshadow|spd|1\n|move|p1a: Kyurem|Icicle Spear|p2a: Marshadow\n|-damage|p2a: Marshadow|55\/100\n|-damage|p2a: Marshadow|7\/100\n|-hitcount|p2a: Marshadow|2\n|-damage|p1a: Kyurem|12\/100|[from] item: Life Orb\n|\n|upkeep\n|turn|2\n|\n|t:|1699884909\n|switch|p1a: Arceus|Arceus-Ground|100\/100\n|move|p2a: Marshadow|Close Combat|p1a: Arceus\n|-damage|p1a: Arceus|54\/100\n|-unboost|p2a: Marshadow|def|1\n|-unboost|p2a: Marshadow|spd|1\n|\n|upkeep\n|turn|3\n|\n|t:|1699884918\n|switch|p2a: Arceus|Arceus-Water, shiny|100\/100\n|move|p1a: Arceus|Judgment|p2a: Arceus\n|-damage|p2a: Arceus|65\/100\n|\n|upkeep\n|turn|4\n|\n|t:|1699884927\n|switch|p1a: Mewtwo|Mewtwo|100\/100\n|-ability|p1a: Mewtwo|Unnerve\n|move|p2a: Arceus|Judgment|p1a: Mewtwo\n|-damage|p1a: Mewtwo|47\/100\n|\n|upkeep\n|turn|5\n|\n|t:|1699884932\n|switch|p2a: Yveltal|Yveltal, shiny|100\/100\n|-ability|p2a: Yveltal|Dark Aura\n|detailschange|p1a: Mewtwo|Mewtwo-Mega-Y\n|-mega|p1a: Mewtwo|Mewtwo|Mewtwonite Y\n|move|p1a: Mewtwo|Psystrike|p2a: Yveltal\n|-immune|p2a: Yveltal\n|\n|upkeep\n|turn|6\n|\n|t:|1699884936\n|switch|p1a: Garganacl|Garganacl, F|100\/100\n|move|p2a: Yveltal|U-turn|p1a: Garganacl\n|-damage|p1a: Garganacl|89\/100\n|\n|t:|1699884942\n|switch|p2a: Marshadow|Marshadow|7\/100|[from] U-turn\n|\n|-heal|p1a: Garganacl|95\/100|[from] item: Leftovers\n|upkeep\n|turn|7\n|inactive|C0ld as Ice has 120 seconds left.\n|\n|t:|1699884995\n|move|p2a: Marshadow|Poltergeist|p1a: Garganacl\n|-activate|p1a: Garganacl|move: Poltergeist|Leftovers\n|-damage|p1a: Garganacl|72\/100\n|move|p1a: Garganacl|Salt Cure|p2a: Marshadow\n|-resisted|p2a: Marshadow\n|-damage|p2a: Marshadow|0 fnt\n|faint|p2a: Marshadow\n|\n|-heal|p1a: Garganacl|78\/100|[from] item: Leftovers\n|upkeep\n|inactive|C0ld as Ice has 90 seconds left.\n|\n|t:|1699885014\n|switch|p2a: Arceus|Arceus-Water, shiny|65\/100\n|turn|8\n|\n|t:|1699885026\n|switch|p1a: Kingambit|Kingambit, M|100\/100\n|move|p2a: Arceus|Judgment|p1a: Kingambit\n|-damage|p1a: Kingambit|52\/100\n|\n|upkeep\n|turn|9\n|\n|t:|1699885032\n|move|p2a: Arceus|Judgment|p1a: Kingambit\n|-damage|p1a: Kingambit|6\/100\n|move|p1a: Kingambit|Iron Head|p2a: Arceus\n|-resisted|p2a: Arceus\n|-damage|p2a: Arceus|49\/100\n|\n|upkeep\n|turn|10\n|\n|t:|1699885037\n|move|p1a: Kingambit|Sucker Punch||[still]\n|-fail|p1a: Kingambit\n|move|p2a: Arceus|Recover|p2a: Arceus\n|-heal|p2a: Arceus|99\/100\n|\n|upkeep\n|turn|11\n|\n|t:|1699885040\n|-end|p1a: Kingambit|fallenundefined|[silent]\n|switch|p1a: Ditto|Ditto|100\/100\n|-transform|p1a: Ditto|p2a: Arceus|[from] ability: Imposter\n|move|p2a: Arceus|Judgment|p1a: Ditto\n|-resisted|p1a: Ditto\n|-damage|p1a: Ditto|76\/100\n|\n|upkeep\n|turn|12\n|\n|t:|1699885044\n|switch|p2a: Necrozma|Necrozma-Dusk-Mane, shiny|100\/100\n|move|p1a: Ditto|Toxic|p2a: Necrozma\n|-immune|p2a: Necrozma\n|\n|upkeep\n|turn|13\n|\n|t:|1699885052\n|switch|p1a: Arceus|Arceus-Ground|54\/100\n|move|p2a: Necrozma|Dragon Dance|p2a: Necrozma\n|-boost|p2a: Necrozma|atk|1\n|-boost|p2a: Necrozma|spe|1\n|\n|upkeep\n|turn|14\n|\n|t:|1699885057\n|-zpower|p2a: Necrozma\n|move|p2a: Necrozma|Searing Sunraze Smash|p1a: Arceus|[zeffect]\n|-damage|p1a: Arceus|0 fnt\n|faint|p1a: Arceus\n|\n|upkeep\n|\n|t:|1699885068\n|switch|p1a: Ditto|Ditto|76\/100\n|-transform|p1a: Ditto|p2a: Necrozma|[from] ability: Imposter\n|turn|15\n|\n|t:|1699885082\n|move|p1a: Ditto|Sunsteel Strike|p2a: Necrozma\n|-resisted|p2a: Necrozma\n|-damage|p2a: Necrozma|74\/100\n|move|p2a: Necrozma|Dragon Dance|p2a: Necrozma\n|-boost|p2a: Necrozma|atk|1\n|-boost|p2a: Necrozma|spe|1\n|\n|upkeep\n|turn|16\n|-message|Szymszym134 forfeited.\n|\n|win|C0ld as Ice\n|raw|Szymszym134's rating: 1648 &rarr; <strong>1639<\/strong><br \/>(-9 for losing)\n|raw|C0ld as Ice's rating: 1851 &rarr; <strong>1860<\/strong><br \/>(+9 for winning)\n|l|\u2606Szymszym134\n","uploadtime":1699885098,"views":4,"p1id":"szymszym134","p2id":"c0ldasice","formatid":"gen9nationaldexubers","rating":1639,"private":0,"password":""}