{"id":"gen9nationaldexubers-1994709089","p1":"Djujao","p2":"AlolanSandslashOU","format":"[Gen 9] National Dex Ubers","log":"|j|\u2606Djujao\n|j|\u2606AlolanSandslashOU\n|t:|1700484089\n|gametype|singles\n|player|p1|Djujao|pilot|\n|player|p2|AlolanSandslashOU|volkner|\n|teamsize|p1|6\n|teamsize|p2|6\n|gen|9\n|tier|[Gen 9] National Dex Ubers\n|rule|HP Percentage Mod: HP is shown in percentages\n|rule|Endless Battle Clause: Forcing endless battles is banned\n|rule|OHKO Clause: OHKO moves are banned\n|rule|Evasion Moves Clause: Evasion moves are banned\n|rule|Evasion Items Clause: Evasion items are banned\n|rule|Species Clause: Limit one of each Pok\u00e9mon\n|rule|Sleep Clause Mod: Limit one foe put to sleep\n|rule|Mega Rayquaza Clause: You cannot mega evolve Rayquaza\n|clearpoke\n|poke|p1|Iron Bundle|\n|poke|p1|Lopunny, M|\n|poke|p1|Tapu Koko|\n|poke|p1|Clodsire, M|\n|poke|p1|Moltres|\n|poke|p1|Gholdengo|\n|poke|p2|Chien-Pao|\n|poke|p2|Ting-Lu|\n|poke|p2|Greninja-*, M|\n|poke|p2|Weavile, F|\n|poke|p2|Urshifu-*, F|\n|poke|p2|Annihilape, M|\n|teampreview\n|c|\u2606Djujao|glhf!\n|c|\u2606AlolanSandslashOU|I almost forgot you can have multiple approved Ubers\n|c|\u2606AlolanSandslashOU|when I\u2019m literally using 2 as well\n|\n|t:|1700484130\n|start\n|switch|p1a: Tapu Koko|Tapu Koko|100\/100\n|switch|p2a: Weavile|Weavile, F|100\/100\n|-fieldstart|move: Electric Terrain|[from] ability: Electric Surge|[of] p1a: Tapu Koko\n|-item|p1a: Tapu Koko|Air Balloon\n|-ability|p2a: Weavile|Pressure\n|turn|1\n|c|\u2606Djujao|lol\n|\n|t:|1700484140\n|move|p1a: Tapu Koko|Dazzling Gleam|p2a: Weavile\n|-supereffective|p2a: Weavile\n|-damage|p2a: Weavile|7\/100\n|move|p2a: Weavile|Triple Axel|p1a: Tapu Koko|[miss]\n|-miss|p2a: Weavile|p1a: Tapu Koko\n|\n|upkeep\n|turn|2\n|c|\u2606Djujao|thats unfortunate\n|c|\u2606AlolanSandslashOU|Crying\n|\n|t:|1700484169\n|move|p2a: Weavile|Ice Shard|p1a: Tapu Koko\n|-crit|p1a: Tapu Koko\n|-damage|p1a: Tapu Koko|59\/100\n|-enditem|p1a: Tapu Koko|Air Balloon\n|move|p1a: Tapu Koko|Dazzling Gleam|p2a: Weavile\n|-supereffective|p2a: Weavile\n|-damage|p2a: Weavile|0 fnt\n|faint|p2a: Weavile\n|\n|upkeep\n|\n|t:|1700484173\n|switch|p2a: Chien-Pao|Chien-Pao|100\/100\n|-ability|p2a: Chien-Pao|Sword of Ruin\n|turn|3\n|\n|t:|1700484224\n|move|p2a: Chien-Pao|Crunch|p1a: Tapu Koko\n|-resisted|p1a: Tapu Koko\n|-damage|p1a: Tapu Koko|1\/100\n|move|p1a: Tapu Koko|Dazzling Gleam|p2a: Chien-Pao\n|-supereffective|p2a: Chien-Pao\n|-damage|p2a: Chien-Pao|0 fnt\n|faint|p2a: Chien-Pao\n|\n|upkeep\n|c|\u2606AlolanSandslashOU|YOU STAY IN ON CHIEN PAO?\n|c|\u2606AlolanSandslashOU|thats insNe\n|c|\u2606AlolanSandslashOU|insane\n|c|\u2606Djujao|what switches in\n|c|\u2606Djujao|he hit hard\n|c|\u2606AlolanSandslashOU|fair point\n|c|\u2606Djujao|and i live crunches\n|\n|t:|1700484268\n|switch|p2a: Greninja|Greninja, M|100\/100\n|turn|4\n|\n|t:|1700484280\n|switch|p1a: Clodsire|Clodsire, M|100\/100\n|move|p2a: Greninja|Water Shuriken|p1a: Clodsire\n|-start|p2a: Greninja|typechange|Water|[from] ability: Protean\n|-immune|p1a: Clodsire|[from] ability: Water Absorb\n|\n|upkeep\n|turn|5\n|c|\u2606AlolanSandslashOU|This is extremely bad\n|\n|t:|1700484294\n|switch|p2a: Ting-Lu|Ting-Lu|100\/100\n|-ability|p2a: Ting-Lu|Vessel of Ruin\n|move|p1a: Clodsire|Toxic Spikes|p2a: Ting-Lu\n|-sidestart|p2: AlolanSandslashOU|move: Toxic Spikes\n|\n|-fieldend|move: Electric Terrain\n|upkeep\n|turn|6\n|\n|t:|1700484305\n|move|p2a: Ting-Lu|Spikes|p1a: Clodsire\n|-sidestart|p1: Djujao|Spikes\n|move|p1a: Clodsire|Spikes|p2a: Ting-Lu\n|-sidestart|p2: AlolanSandslashOU|Spikes\n|\n|upkeep\n|turn|7\n|c|\u2606AlolanSandslashOU|Things went from bad to worse\n|\n|t:|1700484314\n|move|p1a: Clodsire|Spikes|p2a: Ting-Lu\n|-sidestart|p2: AlolanSandslashOU|Spikes\n|move|p2a: Ting-Lu|Whirlwind|p1a: Clodsire\n|drag|p1a: Iron Bundle|Iron Bundle|100\/100\n|-damage|p1a: Iron Bundle|88\/100|[from] Spikes\n|\n|upkeep\n|turn|8\n|\n|t:|1700484322\n|move|p1a: Iron Bundle|Flip Turn|p2a: Ting-Lu\n|-supereffective|p2a: Ting-Lu\n|-damage|p2a: Ting-Lu|84\/100\n|\n|t:|1700484330\n|-end|p1a: Iron Bundle|Quark Drive|[silent]\n|switch|p1a: Moltres|Moltres|100\/100|[from] Flip Turn\n|move|p2a: Ting-Lu|Earthquake|p1a: Moltres\n|-immune|p1a: Moltres\n|\n|-heal|p2a: Ting-Lu|90\/100|[from] item: Leftovers\n|upkeep\n|turn|9\n|\n|t:|1700484341\n|move|p1a: Moltres|Flamethrower|p2a: Ting-Lu\n|-damage|p2a: Ting-Lu|71\/100\n|move|p2a: Ting-Lu|Whirlwind|p1a: Moltres\n|drag|p1a: Gholdengo|Gholdengo|100\/100\n|-damage|p1a: Gholdengo|88\/100|[from] Spikes\n|\n|-heal|p2a: Ting-Lu|77\/100|[from] item: Leftovers\n|upkeep\n|turn|10\n|\n|t:|1700484352\n|move|p1a: Gholdengo|Focus Blast|p2a: Ting-Lu\n|-supereffective|p2a: Ting-Lu\n|-damage|p2a: Ting-Lu|43\/100\n|-unboost|p2a: Ting-Lu|spd|1\n|move|p2a: Ting-Lu|Ruination|p1a: Gholdengo\n|-damage|p1a: Gholdengo|44\/100\n|\n|-heal|p2a: Ting-Lu|49\/100|[from] item: Leftovers\n|upkeep\n|turn|11\n|\n|t:|1700484362\n|switch|p2a: Annihilape|Annihilape, M|100\/100\n|-status|p2a: Annihilape|psn\n|-damage|p2a: Annihilape|84\/100 psn|[from] Spikes\n|move|p1a: Gholdengo|Dazzling Gleam|p2a: Annihilape\n|-supereffective|p2a: Annihilape\n|-damage|p2a: Annihilape|48\/100 psn\n|\n|-heal|p2a: Annihilape|54\/100 psn|[from] item: Leftovers\n|-damage|p2a: Annihilape|42\/100 psn|[from] psn\n|upkeep\n|turn|12\n|\n|t:|1700484372\n|move|p1a: Gholdengo|Dazzling Gleam|p2a: Annihilape\n|-supereffective|p2a: Annihilape\n|-damage|p2a: Annihilape|5\/100 psn\n|move|p2a: Annihilape|Rage Fist|p1a: Gholdengo\n|-supereffective|p1a: Gholdengo\n|-damage|p1a: Gholdengo|0 fnt\n|faint|p1a: Gholdengo\n|\n|-heal|p2a: Annihilape|11\/100 psn|[from] item: Leftovers\n|-damage|p2a: Annihilape|0 fnt|[from] psn\n|faint|p2a: Annihilape\n|upkeep\n|\n|t:|1700484385\n|switch|p1a: Lopunny|Lopunny, M|100\/100\n|switch|p2a: Ting-Lu|Ting-Lu|49\/100\n|-damage|p1a: Lopunny|88\/100|[from] Spikes\n|-status|p2a: Ting-Lu|psn\n|-damage|p2a: Ting-Lu|32\/100 psn|[from] Spikes\n|-ability|p2a: Ting-Lu|Vessel of Ruin\n|turn|13\n|\n|t:|1700484402\n|detailschange|p1a: Lopunny|Lopunny-Mega, M\n|-mega|p1a: Lopunny|Lopunny|Lopunnite\n|-terastallize|p2a: Ting-Lu|Fairy\n|move|p1a: Lopunny|Fake Out|p2a: Ting-Lu\n|-damage|p2a: Ting-Lu|20\/100 psn\n|cant|p2a: Ting-Lu|flinch\n|\n|-heal|p2a: Ting-Lu|26\/100 psn|[from] item: Leftovers\n|-damage|p2a: Ting-Lu|14\/100 psn|[from] psn\n|upkeep\n|turn|14\n|c|\u2606AlolanSandslashOU|I\u2019m so fucked\n|\n|t:|1700484416\n|move|p1a: Lopunny|U-turn|p2a: Ting-Lu\n|-resisted|p2a: Ting-Lu\n|-damage|p2a: Ting-Lu|6\/100 psn\n|\n|t:|1700484419\n|switch|p1a: Clodsire|Clodsire, M|100\/100|[from] U-turn\n|-damage|p1a: Clodsire|88\/100|[from] Spikes\n|move|p2a: Ting-Lu|Ruination|p1a: Clodsire\n|-damage|p1a: Clodsire|44\/100\n|\n|-heal|p2a: Ting-Lu|13\/100 psn|[from] item: Leftovers\n|-heal|p1a: Clodsire|50\/100|[from] item: Black Sludge\n|-damage|p2a: Ting-Lu|0 fnt|[from] psn\n|faint|p2a: Ting-Lu\n|upkeep\n|\n|t:|1700484426\n|switch|p2a: Urshifu|Urshifu, F|100\/100\n|-status|p2a: Urshifu|psn\n|-damage|p2a: Urshifu|84\/100 psn|[from] Spikes\n|turn|15\n|\n|t:|1700484436\n|move|p2a: Urshifu|Wicked Blow|p1a: Clodsire\n|-crit|p1a: Clodsire\n|-damage|p1a: Clodsire|0 fnt\n|faint|p1a: Clodsire\n|\n|-damage|p2a: Urshifu|72\/100 psn|[from] psn\n|upkeep\n|\n|t:|1700484449\n|switch|p1a: Moltres|Moltres|100\/100\n|turn|16\n|\n|t:|1700484455\n|-terastallize|p1a: Moltres|Fairy\n|move|p2a: Urshifu|Wicked Blow|p1a: Moltres\n|-resisted|p1a: Moltres\n|-crit|p1a: Moltres\n|-damage|p1a: Moltres|57\/100\n|move|p1a: Moltres|Tera Blast|p2a: Urshifu|[anim] Tera Blast Fairy\n|-supereffective|p2a: Urshifu\n|-damage|p2a: Urshifu|0 fnt\n|faint|p2a: Urshifu\n|\n|upkeep\n|\n|t:|1700484459\n|switch|p2a: Greninja|Greninja, M|100\/100\n|-status|p2a: Greninja|psn\n|-damage|p2a: Greninja|84\/100 psn|[from] Spikes\n|turn|17\n|c|\u2606AlolanSandslashOU|Ggs\n|\n|t:|1700484471\n|move|p2a: Greninja|Surf|p1a: Moltres\n|-start|p2a: Greninja|typechange|Water|[from] ability: Protean\n|-damage|p1a: Moltres|0 fnt\n|faint|p1a: Moltres\n|\n|-damage|p2a: Greninja|72\/100 psn|[from] psn\n|upkeep\n|c|\u2606Djujao|its never over\n|c|\u2606AlolanSandslashOU|Staying in on the chien pao messed me up\n|c|\u2606AlolanSandslashOU|Sir\n|c|\u2606Djujao|oh youre not battle bond\n|c|\u2606Djujao|gg\n|\n|t:|1700484492\n|switch|p1a: Lopunny|Lopunny-Mega, M|88\/100\n|-damage|p1a: Lopunny|76\/100|[from] Spikes\n|turn|18\n|\n|t:|1700484496\n|move|p1a: Lopunny|Fake Out|p2a: Greninja\n|-damage|p2a: Greninja|33\/100 psn\n|cant|p2a: Greninja|flinch\n|\n|-damage|p2a: Greninja|21\/100 psn|[from] psn\n|upkeep\n|turn|19\n|\n|t:|1700484503\n|move|p2a: Greninja|Surf|p1a: Lopunny\n|-damage|p1a: Lopunny|0 fnt\n|faint|p1a: Lopunny\n|\n|-damage|p2a: Greninja|9\/100 psn|[from] psn\n|upkeep\n|\n|t:|1700484508\n|switch|p1a: Iron Bundle|Iron Bundle|88\/100\n|-damage|p1a: Iron Bundle|76\/100|[from] Spikes\n|turn|20\n|c|\u2606AlolanSandslashOU|wtf is this not max speed lopunny\n|\n|t:|1700484518\n|move|p1a: Iron Bundle|Freeze-Dry|p2a: Greninja\n|-supereffective|p2a: Greninja\n|-damage|p2a: Greninja|0 fnt\n|faint|p2a: Greninja\n|\n|win|Djujao\n|c|\u2606Djujao|adamant\n|c|\u2606AlolanSandslashOU|Why\n","uploadtime":1700484528,"views":12,"p1id":"djujao","p2id":"alolansandslashou","formatid":"gen9nationaldexubers","rating":0,"private":0,"password":""}