{"id":"gen9nationaldexubers-1980907998","p1":"StellarSmash","p2":"DeparKS","format":"[Gen 9] National Dex Ubers","log":"|j|\u2606StellarSmash\n|j|\u2606DeparKS\n|t:|1698847981\n|gametype|singles\n|player|p1|StellarSmash|olympia|1170\n|player|p2|DeparKS|unknown|1097\n|teamsize|p1|6\n|teamsize|p2|6\n|gen|9\n|tier|[Gen 9] National Dex Ubers\n|rated|\n|rule|HP Percentage Mod: HP is shown in percentages\n|rule|Endless Battle Clause: Forcing endless battles is banned\n|rule|OHKO Clause: OHKO moves are banned\n|rule|Evasion Moves Clause: Evasion moves are banned\n|rule|Evasion Items Clause: Evasion items are banned\n|rule|Species Clause: Limit one of each Pok\u00e9mon\n|rule|Sleep Clause Mod: Limit one foe put to sleep\n|rule|Mega Rayquaza Clause: You cannot mega evolve Rayquaza\n|clearpoke\n|poke|p1|Deoxys-Defense|\n|poke|p1|Chansey, F|\n|poke|p1|Giratina|\n|poke|p1|Ferrothorn, F|\n|poke|p1|Alomomola, F|\n|poke|p1|Squirtle, M|\n|poke|p2|Ribombee, F|\n|poke|p2|Tapu Koko|\n|poke|p2|Golem-Alola, M|\n|poke|p2|Mew|\n|poke|p2|Shaymin-Sky|\n|poke|p2|Charizard, F|\n|teampreview\n|inactive|Battle timer is ON: inactive players will automatically lose when time's up. (requested by DeparKS)\n|c|\u2606StellarSmash|galvanise explosion?\n|\n|t:|1698847999\n|start\n|switch|p1a: Deoxys|Deoxys-Defense, shiny|100\/100\n|switch|p2a: Shaymin|Shaymin-Sky|100\/100\n|-ability|p1a: Deoxys|Pressure\n|turn|1\n|c|\u2606DeparKS|perhaps\n|\n|t:|1698848009\n|move|p2a: Shaymin|Air Slash|p1a: Deoxys\n|-damage|p1a: Deoxys|57\/100\n|cant|p1a: Deoxys|flinch\n|\n|-heal|p1a: Deoxys|63\/100|[from] item: Leftovers\n|upkeep\n|turn|2\n|\n|t:|1698848017\n|switch|p1a: Ferrothorn|Ferrothorn, F, shiny|100\/100\n|move|p2a: Shaymin|Air Slash|p1a: Ferrothorn\n|-damage|p1a: Ferrothorn|60\/100\n|\n|upkeep\n|turn|3\n|\n|t:|1698848023\n|move|p2a: Shaymin|Air Slash|p1a: Ferrothorn\n|-damage|p1a: Ferrothorn|21\/100\n|cant|p1a: Ferrothorn|flinch\n|\n|upkeep\n|turn|4\n|\n|t:|1698848027\n|move|p2a: Shaymin|Air Slash|p1a: Ferrothorn\n|-damage|p1a: Ferrothorn|0 fnt\n|faint|p1a: Ferrothorn\n|\n|upkeep\n|\n|t:|1698848031\n|switch|p1a: Chansey|Chansey, F|100\/100\n|turn|5\n|\n|t:|1698848043\n|move|p2a: Shaymin|Air Slash|p1a: Chansey\n|-damage|p1a: Chansey|78\/100\n|cant|p1a: Chansey|flinch\n|\n|upkeep\n|turn|6\n|\n|t:|1698848048\n|switch|p2a: Ribombee|Ribombee, F|100\/100\n|move|p1a: Chansey|Blizzard|p2a: Ribombee\n|-damage|p2a: Ribombee|65\/100\n|\n|upkeep\n|turn|7\n|\n|t:|1698848055\n|move|p2a: Ribombee|Sticky Web|p1a: Chansey\n|-sidestart|p1: StellarSmash|move: Sticky Web\n|move|p1a: Chansey|Fire Blast|p2a: Ribombee\n|-supereffective|p2a: Ribombee\n|-damage|p2a: Ribombee|0 fnt\n|faint|p2a: Ribombee\n|\n|upkeep\n|c|\u2606DeparKS|sp attack chansey wow\n|\n|t:|1698848068\n|switch|p2a: Golem|Golem-Alola, M|100\/100\n|turn|8\n|c|\u2606StellarSmash|lucky punch chansey ftw\n|\n|t:|1698848077\n|switch|p1a: Deoxys|Deoxys-Defense, shiny|63\/100\n|-activate|p1a: Deoxys|move: Sticky Web\n|-unboost|p1a: Deoxys|spe|1\n|-ability|p1a: Deoxys|Pressure\n|move|p2a: Golem|Explosion|p1a: Deoxys\n|-damage|p1a: Deoxys|0 fnt\n|faint|p2a: Golem\n|faint|p1a: Deoxys\n|\n|upkeep\n|c|\u2606DeparKS|hah\n|c|\u2606DeparKS|fr\n|\n|t:|1698848097\n|switch|p1a: Giratina|Giratina, shiny|100\/100\n|switch|p2a: Tapu Koko|Tapu Koko|100\/100\n|-fieldstart|move: Electric Terrain|[from] ability: Electric Surge|[of] p2a: Tapu Koko\n|-activate|p1a: Giratina|move: Sticky Web\n|-unboost|p1a: Giratina|spe|1\n|-ability|p1a: Giratina|Pressure\n|turn|9\n|\n|t:|1698848103\n|switch|p1a: Chansey|Chansey, F|78\/100\n|-activate|p1a: Chansey|move: Sticky Web\n|-unboost|p1a: Chansey|spe|1\n|move|p2a: Tapu Koko|Dazzling Gleam|p1a: Chansey\n|-damage|p1a: Chansey|64\/100\n|\n|upkeep\n|turn|10\n|\n|t:|1698848108\n|move|p2a: Tapu Koko|Light Screen|p2a: Tapu Koko\n|-sidestart|p2: DeparKS|move: Light Screen\n|move|p1a: Chansey|Soft-Boiled|p1a: Chansey\n|-heal|p1a: Chansey|100\/100\n|\n|upkeep\n|turn|11\n|\n|t:|1698848117\n|move|p2a: Tapu Koko|Reflect|p2a: Tapu Koko\n|-sidestart|p2: DeparKS|Reflect\n|move|p1a: Chansey|Fire Blast|p2a: Tapu Koko\n|-crit|p2a: Tapu Koko\n|-damage|p2a: Tapu Koko|58\/100\n|\n|upkeep\n|turn|12\n|\n|t:|1698848123\n|move|p2a: Tapu Koko|Volt Switch|p1a: Chansey\n|-crit|p1a: Chansey\n|-damage|p1a: Chansey|79\/100\n|\n|t:|1698848129\n|switch|p2a: Charizard|Charizard, F|100\/100|[from] Volt Switch\n|move|p1a: Chansey|Fire Blast|p2a: Charizard\n|-resisted|p2a: Charizard\n|-crit|p2a: Charizard\n|-damage|p2a: Charizard|79\/100\n|\n|upkeep\n|turn|13\n|\n|t:|1698848135\n|detailschange|p2a: Charizard|Charizard-Mega-X, F\n|-mega|p2a: Charizard|Charizard|Charizardite X\n|move|p2a: Charizard|Dragon Dance|p2a: Charizard\n|-boost|p2a: Charizard|atk|1\n|-boost|p2a: Charizard|spe|1\n|move|p1a: Chansey|Thunderbolt|p2a: Charizard\n|-resisted|p2a: Charizard\n|-damage|p2a: Charizard|72\/100\n|\n|-fieldend|move: Electric Terrain\n|upkeep\n|turn|14\n|\n|t:|1698848145\n|switch|p1a: Alomomola|Alomomola, F|100\/100\n|-activate|p1a: Alomomola|move: Sticky Web\n|-unboost|p1a: Alomomola|spe|1\n|move|p2a: Charizard|Dragon Dance|p2a: Charizard\n|-boost|p2a: Charizard|atk|1\n|-boost|p2a: Charizard|spe|1\n|\n|upkeep\n|turn|15\n|\n|t:|1698848153\n|move|p2a: Charizard|Dragon Claw|p1a: Alomomola\n|-damage|p1a: Alomomola|44\/100\n|move|p1a: Alomomola|Liquidation|p2a: Charizard\n|-damage|p2a: Charizard|61\/100\n|\n|upkeep\n|turn|16\n|\n|t:|1698848159\n|move|p2a: Charizard|Dragon Claw|p1a: Alomomola\n|-damage|p1a: Alomomola|0 fnt\n|faint|p1a: Alomomola\n|\n|upkeep\n|\n|t:|1698848163\n|switch|p1a: Squirtle|Squirtle, M, shiny|100\/100\n|-activate|p1a: Squirtle|move: Sticky Web\n|-unboost|p1a: Squirtle|spe|1\n|turn|17\n|\n|t:|1698848169\n|move|p1a: Squirtle|Protect|p1a: Squirtle\n|-singleturn|p1a: Squirtle|Protect\n|move|p2a: Charizard|Dragon Claw|p1a: Squirtle\n|-activate|p1a: Squirtle|move: Protect\n|\n|-sideend|p2: DeparKS|move: Light Screen\n|upkeep\n|turn|18\n|\n|t:|1698848174\n|move|p2a: Charizard|Dragon Claw|p1a: Squirtle\n|-damage|p1a: Squirtle|25\/100\n|move|p1a: Squirtle|Counter|p2a: Charizard\n|-damage|p2a: Charizard|0 fnt\n|faint|p2a: Charizard\n|\n|-sideend|p2: DeparKS|Reflect\n|upkeep\n|c|\u2606DeparKS|i should've expected that honestly\n|c|\u2606DeparKS|lmao\n|\n|t:|1698848192\n|switch|p2a: Mew|Mew|100\/100\n|turn|19\n|\n|t:|1698848198\n|move|p2a: Mew|Cosmic Power|p2a: Mew\n|-boost|p2a: Mew|def|1\n|-boost|p2a: Mew|spd|1\n|move|p1a: Squirtle|Toxic|p2a: Mew\n|-status|p2a: Mew|tox\n|-activate|p2a: Mew|ability: Synchronize\n|-status|p1a: Squirtle|tox\n|\n|-damage|p2a: Mew|94\/100 tox|[from] psn\n|-damage|p1a: Squirtle|19\/100 tox|[from] psn\n|upkeep\n|turn|20\n|\n|t:|1698848215\n|move|p2a: Mew|Meteor Beam||[still]\n|-prepare|p2a: Mew|Meteor Beam\n|-boost|p2a: Mew|spa|1\n|move|p1a: Squirtle|Toxic|p2a: Mew\n|-fail|p2a: Mew|tox\n|\n|-heal|p2a: Mew|100\/100 tox|[from] item: Leftovers\n|-damage|p2a: Mew|88\/100 tox|[from] psn\n|-damage|p1a: Squirtle|7\/100 tox|[from] psn\n|upkeep\n|turn|21\n|\n|t:|1698848221\n|move|p2a: Mew|Meteor Beam|p1a: Squirtle|[from]lockedmove|[miss]\n|-miss|p2a: Mew|p1a: Squirtle\n|move|p1a: Squirtle|Toxic|p2a: Mew\n|-fail|p2a: Mew|tox\n|\n|-heal|p2a: Mew|94\/100 tox|[from] item: Leftovers\n|-damage|p2a: Mew|76\/100 tox|[from] psn\n|-damage|p1a: Squirtle|0 fnt|[from] psn\n|faint|p1a: Squirtle\n|upkeep\n|c|\u2606StellarSmash|just checking for refresh\n|\n|t:|1698848239\n|switch|p1a: Giratina|Giratina, shiny|100\/100\n|-activate|p1a: Giratina|move: Sticky Web\n|-unboost|p1a: Giratina|spe|1\n|-ability|p1a: Giratina|Pressure\n|turn|22\n|\n|t:|1698848260\n|switch|p2a: Shaymin|Shaymin-Sky|100\/100\n|move|p1a: Giratina|Poltergeist|p2a: Shaymin\n|-activate|p2a: Shaymin|move: Poltergeist|Choice Specs\n|-damage|p2a: Shaymin|56\/100\n|\n|upkeep\n|turn|23\n|\n|t:|1698848267\n|move|p2a: Shaymin|Air Slash|p1a: Giratina\n|-damage|p1a: Giratina|75\/100\n|move|p1a: Giratina|Poltergeist|p2a: Shaymin\n|-activate|p2a: Shaymin|move: Poltergeist|Choice Specs\n|-damage|p2a: Shaymin|6\/100\n|\n|-heal|p1a: Giratina|81\/100|[from] item: Leftovers\n|upkeep\n|turn|24\n|\n|t:|1698848274\n|switch|p2a: Tapu Koko|Tapu Koko|58\/100\n|-fieldstart|move: Electric Terrain|[from] ability: Electric Surge|[of] p2a: Tapu Koko\n|move|p1a: Giratina|Poltergeist|p2a: Tapu Koko\n|-activate|p2a: Tapu Koko|move: Poltergeist|Light Clay\n|-damage|p2a: Tapu Koko|2\/100\n|\n|-heal|p1a: Giratina|88\/100|[from] item: Leftovers\n|upkeep\n|turn|25\n|\n|t:|1698848289\n|-terastallize|p1a: Giratina|Ghost\n|move|p2a: Tapu Koko|Reflect|p2a: Tapu Koko\n|-sidestart|p2: DeparKS|Reflect\n|move|p1a: Giratina|Poltergeist|p2a: Tapu Koko\n|-activate|p2a: Tapu Koko|move: Poltergeist|Light Clay\n|-damage|p2a: Tapu Koko|0 fnt\n|faint|p2a: Tapu Koko\n|\n|-heal|p1a: Giratina|94\/100|[from] item: Leftovers\n|upkeep\n|\n|t:|1698848296\n|switch|p2a: Shaymin|Shaymin-Sky|6\/100\n|turn|26\n|\n|t:|1698848303\n|move|p2a: Shaymin|Air Slash|p1a: Giratina\n|-damage|p1a: Giratina|68\/100\n|move|p1a: Giratina|Poltergeist|p2a: Shaymin\n|-activate|p2a: Shaymin|move: Poltergeist|Choice Specs\n|-damage|p2a: Shaymin|0 fnt\n|faint|p2a: Shaymin\n|\n|-heal|p1a: Giratina|75\/100|[from] item: Leftovers\n|upkeep\n|\n|t:|1698848308\n|switch|p2a: Mew|Mew|76\/100 tox\n|turn|27\n|\n|t:|1698848316\n|-terastallize|p2a: Mew|Psychic\n|move|p2a: Mew|Meteor Beam||[still]\n|-prepare|p2a: Mew|Meteor Beam\n|-boost|p2a: Mew|spa|1\n|move|p1a: Giratina|Poltergeist|p2a: Mew\n|-activate|p2a: Mew|move: Poltergeist|Leftovers\n|-supereffective|p2a: Mew\n|-damage|p2a: Mew|31\/100 tox\n|\n|-heal|p2a: Mew|37\/100 tox|[from] item: Leftovers\n|-heal|p1a: Giratina|81\/100|[from] item: Leftovers\n|-damage|p2a: Mew|31\/100 tox|[from] psn\n|upkeep\n|turn|28\n|\n|t:|1698848328\n|move|p2a: Mew|Meteor Beam|p1a: Giratina|[from]lockedmove|[miss]\n|-miss|p2a: Mew|p1a: Giratina\n|move|p1a: Giratina|Poltergeist|p2a: Mew\n|-activate|p2a: Mew|move: Poltergeist|Leftovers\n|-supereffective|p2a: Mew\n|-damage|p2a: Mew|0 fnt\n|faint|p2a: Mew\n|\n|win|StellarSmash\n|raw|StellarSmash's rating: 1170 &rarr; <strong>1190<\/strong><br \/>(+20 for winning)\n|raw|DeparKS's rating: 1097 &rarr; <strong>1078<\/strong><br \/>(-19 for losing)\n|c|\u2606StellarSmash|gg\n|c|\u2606DeparKS|gg\n","uploadtime":1698848336,"views":5,"p1id":"stellarsmash","p2id":"deparks","formatid":"gen9nationaldexubers","rating":1078,"private":0,"password":""}