{"id":"gen9nationaldexubers-1994895955","p1":"Dante's Law","p2":"vorpal main","format":"[Gen 9] National Dex Ubers","log":"|j|\u2606Dante's Law\n|j|\u2606vorpal main\n|t:|1700502591\n|gametype|singles\n|player|p1|Dante's Law|drayden|\n|player|p2|vorpal main|2|\n|teamsize|p1|6\n|teamsize|p2|6\n|gen|9\n|tier|[Gen 9] National Dex Ubers\n|rule|HP Percentage Mod: HP is shown in percentages\n|rule|Endless Battle Clause: Forcing endless battles is banned\n|rule|OHKO Clause: OHKO moves are banned\n|rule|Evasion Moves Clause: Evasion moves are banned\n|rule|Evasion Items Clause: Evasion items are banned\n|rule|Species Clause: Limit one of each Pok\u00e9mon\n|rule|Sleep Clause Mod: Limit one foe put to sleep\n|rule|Mega Rayquaza Clause: You cannot mega evolve Rayquaza\n|clearpoke\n|poke|p1|Slowbro, M|\n|poke|p1|Torterra, M|\n|poke|p1|Whimsicott, F|\n|poke|p1|Galvantula, M|\n|poke|p1|Dragalge, M|\n|poke|p1|Blaziken, M|\n|poke|p2|Heatran, M|\n|poke|p2|Conkeldurr, M|\n|poke|p2|Zapdos|\n|poke|p2|Crabominable, M|\n|poke|p2|Cofagrigus, M|\n|poke|p2|Primarina, F|\n|teampreview\n|\n|t:|1700502616\n|start\n|switch|p1a: Slowbro|Slowbro, M|100\/100\n|switch|p2a: Elyoyas|Crabominable, M|100\/100\n|turn|1\n|\n|t:|1700502627\n|move|p1a: Slowbro|Future Sight|p2a: Elyoyas\n|-start|p1a: Slowbro|move: Future Sight\n|move|p2a: Elyoyas|Thunder Punch|p1a: Slowbro\n|-supereffective|p1a: Slowbro\n|-damage|p1a: Slowbro|61\/100\n|\n|-heal|p1a: Slowbro|67\/100|[from] item: Leftovers\n|upkeep\n|turn|2\n|\n|t:|1700502637\n|move|p1a: Slowbro|Toxic|p2a: Elyoyas\n|-status|p2a: Elyoyas|tox\n|move|p2a: Elyoyas|Thunder Punch|p1a: Slowbro\n|-supereffective|p1a: Slowbro\n|-damage|p1a: Slowbro|25\/100\n|\n|-heal|p1a: Slowbro|31\/100|[from] item: Leftovers\n|-damage|p2a: Elyoyas|94\/100 tox|[from] psn\n|upkeep\n|turn|3\n|\n|t:|1700502652\n|switch|p1a: Galvantula|Galvantula, M, shiny|100\/100\n|move|p2a: Elyoyas|Ice Hammer|p1a: Galvantula\n|-crit|p1a: Galvantula\n|-enditem|p1a: Galvantula|Focus Sash\n|-damage|p1a: Galvantula|1\/100\n|-unboost|p2a: Elyoyas|spe|1\n|\n|-end|p2a: Elyoyas|move: Future Sight\n|-supereffective|p2a: Elyoyas\n|-damage|p2a: Elyoyas|33\/100 tox\n|-damage|p2a: Elyoyas|21\/100 tox|[from] psn\n|upkeep\n|turn|4\n|\n|t:|1700502710\n|switch|p2a: Pluto|Heatran, M|100\/100\n|move|p1a: Galvantula|Bug Buzz|p2a: Pluto\n|-resisted|p2a: Pluto\n|-damage|p2a: Pluto|95\/100\n|\n|-heal|p2a: Pluto|100\/100|[from] item: Leftovers\n|upkeep\n|turn|5\n|\n|t:|1700502724\n|move|p1a: Galvantula|Thunder|p2a: Pluto|[miss]\n|-miss|p1a: Galvantula|p2a: Pluto\n|move|p2a: Pluto|Stealth Rock|p1a: Galvantula\n|-sidestart|p1: Dante's Law|move: Stealth Rock\n|\n|upkeep\n|turn|6\n|c|\u2606Dante's Law|okay\n|\n|t:|1700502732\n|move|p1a: Galvantula|Thunder|p2a: Pluto\n|-damage|p2a: Pluto|71\/100\n|move|p2a: Pluto|Earth Power|p1a: Galvantula\n|-damage|p1a: Galvantula|0 fnt\n|faint|p1a: Galvantula\n|\n|-heal|p2a: Pluto|77\/100|[from] item: Leftovers\n|upkeep\n|\n|t:|1700502741\n|switch|p1a: Dragalge|Dragalge, M|100\/100\n|-damage|p1a: Dragalge|88\/100|[from] Stealth Rock\n|turn|7\n|\n|t:|1700502753\n|switch|p2a: Elyoyas|Crabominable, M|21\/100 tox\n|move|p1a: Dragalge|Toxic Spikes|p2a: Elyoyas\n|-sidestart|p2: vorpal main|move: Toxic Spikes\n|\n|-heal|p1a: Dragalge|94\/100|[from] item: Black Sludge\n|-damage|p2a: Elyoyas|15\/100 tox|[from] psn\n|upkeep\n|turn|8\n|\n|t:|1700502766\n|move|p1a: Dragalge|Toxic Spikes|p2a: Elyoyas\n|-sidestart|p2: vorpal main|move: Toxic Spikes\n|move|p2a: Elyoyas|Ice Hammer|p1a: Dragalge\n|-supereffective|p1a: Dragalge\n|-damage|p1a: Dragalge|0 fnt\n|-unboost|p2a: Elyoyas|spe|1\n|faint|p1a: Dragalge\n|\n|-damage|p2a: Elyoyas|3\/100 tox|[from] psn\n|upkeep\n|c|\u2606Dante's Law|uh\n|c|\u2606Dante's Law|missclick\n|c|\u2606Dante's Law|JAJAJA\n|\n|t:|1700502794\n|switch|p1a: Blaziken|Blaziken, M|100\/100\n|-damage|p1a: Blaziken|88\/100|[from] Stealth Rock\n|turn|9\n|\n|t:|1700502809\n|move|p1a: Blaziken|Thunder Punch|p2a: Elyoyas\n|-damage|p2a: Elyoyas|0 fnt\n|faint|p2a: Elyoyas\n|-damage|p1a: Blaziken|78\/100|[from] item: Life Orb\n|\n|-ability|p1a: Blaziken|Speed Boost|boost\n|-boost|p1a: Blaziken|spe|1\n|upkeep\n|\n|t:|1700502828\n|switch|p2a: Tuki Rumba|Primarina, F|100\/100\n|-status|p2a: Tuki Rumba|tox\n|turn|10\n|\n|t:|1700502834\n|move|p1a: Blaziken|Protect|p1a: Blaziken\n|-singleturn|p1a: Blaziken|Protect\n|move|p2a: Tuki Rumba|Flip Turn|p1a: Blaziken\n|-activate|p1a: Blaziken|move: Protect\n|\n|-damage|p2a: Tuki Rumba|94\/100 tox|[from] psn\n|-ability|p1a: Blaziken|Speed Boost|boost\n|-boost|p1a: Blaziken|spe|1\n|upkeep\n|turn|11\n|\n|t:|1700502850\n|switch|p1a: Whimsicott|Whimsicott, F, shiny|100\/100\n|-damage|p1a: Whimsicott|88\/100|[from] Stealth Rock\n|move|p2a: Tuki Rumba|Shadow Ball|p1a: Whimsicott\n|-damage|p1a: Whimsicott|49\/100\n|-unboost|p1a: Whimsicott|spd|1\n|\n|-heal|p1a: Whimsicott|55\/100|[from] item: Leftovers\n|-damage|p2a: Tuki Rumba|82\/100 tox|[from] psn\n|upkeep\n|turn|12\n|\n|t:|1700502873\n|move|p1a: Whimsicott|Encore|p2a: Tuki Rumba\n|-start|p2a: Tuki Rumba|Encore\n|move|p2a: Tuki Rumba|Shadow Ball|p1a: Whimsicott\n|-damage|p1a: Whimsicott|0 fnt\n|faint|p1a: Whimsicott\n|\n|-damage|p2a: Tuki Rumba|64\/100 tox|[from] psn\n|upkeep\n|\n|t:|1700502880\n|switch|p1a: Torterra|Torterra, M|100\/100\n|-damage|p1a: Torterra|94\/100|[from] Stealth Rock\n|turn|13\n|\n|t:|1700502885\n|switch|p2a: Rodrigo|Cofagrigus, M|100\/100\n|-status|p2a: Rodrigo|tox\n|move|p1a: Torterra|Shell Smash|p1a: Torterra\n|-unboost|p1a: Torterra|def|1\n|-unboost|p1a: Torterra|spd|1\n|-boost|p1a: Torterra|atk|2\n|-boost|p1a: Torterra|spa|2\n|-boost|p1a: Torterra|spe|2\n|\n|-damage|p2a: Rodrigo|95\/100 tox|[from] psn\n|upkeep\n|turn|14\n|\n|t:|1700502904\n|switch|p1a: Blaziken|Blaziken, M|78\/100\n|-damage|p1a: Blaziken|66\/100|[from] Stealth Rock\n|move|p2a: Rodrigo|Trick Room|p2a: Rodrigo\n|-fieldstart|move: Trick Room|[of] p2a: Rodrigo\n|\n|-damage|p2a: Rodrigo|83\/100 tox|[from] psn\n|upkeep\n|turn|15\n|\n|t:|1700502916\n|switch|p2a: Josele|Conkeldurr, M|100\/100\n|-status|p2a: Josele|tox\n|move|p1a: Blaziken|Protect||[still]\n|-fail|p1a: Blaziken\n|\n|-damage|p2a: Josele|94\/100 tox|[from] psn\n|-ability|p1a: Blaziken|Speed Boost|boost\n|-boost|p1a: Blaziken|spe|1\n|upkeep\n|turn|16\n|\n|t:|1700502923\n|move|p1a: Blaziken|Protect|p1a: Blaziken\n|-singleturn|p1a: Blaziken|Protect\n|move|p2a: Josele|Earthquake|p1a: Blaziken\n|-activate|p1a: Blaziken|move: Protect\n|\n|-damage|p2a: Josele|82\/100 tox|[from] psn\n|-ability|p1a: Blaziken|Speed Boost|boost\n|-boost|p1a: Blaziken|spe|1\n|upkeep\n|turn|17\n|\n|t:|1700502935\n|move|p2a: Josele|Facade|p1a: Blaziken\n|-damage|p1a: Blaziken|0 fnt\n|faint|p1a: Blaziken\n|\n|-damage|p2a: Josele|64\/100 tox|[from] psn\n|upkeep\n|\n|t:|1700502939\n|switch|p1a: Slowbro|Slowbro, M|31\/100\n|-damage|p1a: Slowbro|19\/100|[from] Stealth Rock\n|turn|18\n|\n|t:|1700502942\n|move|p1a: Slowbro|Slack Off|p1a: Slowbro\n|-heal|p1a: Slowbro|69\/100\n|move|p2a: Josele|Knock Off|p1a: Slowbro\n|-supereffective|p1a: Slowbro\n|-damage|p1a: Slowbro|5\/100\n|-enditem|p1a: Slowbro|Leftovers|[from] move: Knock Off|[of] p2a: Josele\n|\n|-damage|p2a: Josele|40\/100 tox|[from] psn\n|-fieldend|move: Trick Room\n|upkeep\n|turn|19\n|\n|t:|1700502949\n|move|p2a: Josele|Facade|p1a: Slowbro\n|-damage|p1a: Slowbro|0 fnt\n|faint|p1a: Slowbro\n|\n|-damage|p2a: Josele|10\/100 tox|[from] psn\n|upkeep\n|c|\u2606Dante's Law|gg\n|\n|t:|1700502954\n|switch|p1a: Torterra|Torterra, M|94\/100\n|-damage|p1a: Torterra|88\/100|[from] Stealth Rock\n|turn|20\n|\n|t:|1700502963\n|move|p1a: Torterra|Bullet Seed|p2a: Josele\n|-damage|p2a: Josele|0 fnt\n|faint|p2a: Josele\n|-hitcount|p2: Josele|1\n|\n|upkeep\n|\n|t:|1700502976\n|switch|p2a: Rodrigo|Cofagrigus, M|83\/100 tox\n|turn|21\n|\n|t:|1700502982\n|move|p1a: Torterra|Shell Smash|p1a: Torterra\n|-unboost|p1a: Torterra|def|1\n|-unboost|p1a: Torterra|spd|1\n|-boost|p1a: Torterra|atk|2\n|-boost|p1a: Torterra|spa|2\n|-boost|p1a: Torterra|spe|2\n|move|p2a: Rodrigo|Trick Room|p2a: Rodrigo\n|-fieldstart|move: Trick Room|[of] p2a: Rodrigo\n|\n|-damage|p2a: Rodrigo|77\/100 tox|[from] psn\n|upkeep\n|turn|22\n|\n|t:|1700502996\n|move|p2a: Rodrigo|Shadow Ball|p1a: Torterra\n|-damage|p1a: Torterra|20\/100\n|move|p1a: Torterra|Headlong Rush|p2a: Rodrigo\n|-crit|p2a: Rodrigo\n|-damage|p2a: Rodrigo|0 fnt\n|-unboost|p1a: Torterra|def|1\n|-unboost|p1a: Torterra|spd|1\n|-activate|p2a: Rodrigo|ability: Mummy|Shell Armor|[of] p1a: Torterra\n|faint|p2a: Rodrigo\n|\n|upkeep\n|\n|t:|1700503002\n|switch|p2a: Tuki Rumba|Primarina, F|64\/100 tox\n|turn|23\n|c|\u2606vorpal main|gg\n|\n|t:|1700503011\n|move|p2a: Tuki Rumba|Ice Beam|p1a: Torterra\n|-supereffective|p1a: Torterra\n|-damage|p1a: Torterra|0 fnt\n|faint|p1a: Torterra\n|\n|win|vorpal main\n|c|\u2606Dante's Law|gg\n","uploadtime":1700503018,"views":15,"p1id":"danteslaw","p2id":"vorpalmain","formatid":"gen9nationaldexubers","rating":0,"private":0,"password":""}