{"id":"gen9nationaldexubers-1987297793","p1":"wexleratlaw","p2":"Thode","format":"[Gen 9] National Dex Ubers","log":"|j|\u2606wexleratlaw\n|j|\u2606Thode\n|t:|1699574582\n|gametype|singles\n|player|p1|wexleratlaw|rika|\n|player|p2|Thode|102|\n|teamsize|p1|6\n|teamsize|p2|6\n|gen|9\n|tier|[Gen 9] National Dex Ubers\n|rule|HP Percentage Mod: HP is shown in percentages\n|rule|Endless Battle Clause: Forcing endless battles is banned\n|rule|OHKO Clause: OHKO moves are banned\n|rule|Evasion Moves Clause: Evasion moves are banned\n|rule|Evasion Items Clause: Evasion items are banned\n|rule|Species Clause: Limit one of each Pok\u00e9mon\n|rule|Sleep Clause Mod: Limit one foe put to sleep\n|rule|Mega Rayquaza Clause: You cannot mega evolve Rayquaza\n|clearpoke\n|poke|p1|Pincurchin, F|\n|poke|p1|Darmanitan-Galar, M|\n|poke|p1|Oricorio-Pom-Pom, F|\n|poke|p1|Hatterene, F|\n|poke|p1|Alomomola, M|\n|poke|p1|Steelix, M|\n|poke|p2|Primeape, F|\n|poke|p2|Latias, F|\n|poke|p2|Tyranitar, M|\n|poke|p2|Tapu Bulu|\n|poke|p2|Iron Jugulis|\n|poke|p2|Lycanroc, M|\n|teampreview\n|c|\u2606wexleratlaw|gl hf\n|c|\u2606Thode|you too\n|\n|t:|1699574621\n|start\n|switch|p1a: Pincurchin|Pincurchin, F|100\/100\n|switch|p2a: Primeape|Primeape, F|100\/100\n|-fieldstart|move: Electric Terrain|[from] ability: Electric Surge|[of] p1a: Pincurchin\n|turn|1\n|\n|t:|1699574641\n|move|p2a: Primeape|Earthquake|p1a: Pincurchin\n|-supereffective|p1a: Pincurchin\n|-damage|p1a: Pincurchin|42\/100\n|-enditem|p1a: Pincurchin|Jaboca Berry|[eat]\n|-damage|p2a: Primeape|88\/100|[from] item: Jaboca Berry|[of] p1a: Pincurchin\n|move|p1a: Pincurchin|Toxic Spikes|p2a: Primeape\n|-sidestart|p2: Thode|move: Toxic Spikes\n|\n|upkeep\n|turn|2\n|\n|t:|1699574670\n|switch|p1a: Alomomola|Alomomola, M|100\/100\n|move|p2a: Primeape|Earthquake|p1a: Alomomola\n|-damage|p1a: Alomomola|88\/100\n|\n|upkeep\n|turn|3\n|\n|t:|1699574703\n|switch|p2a: Latias|Latias, F|100\/100\n|move|p1a: Alomomola|Flip Turn|p2a: Latias\n|-resisted|p2a: Latias\n|-damage|p2a: Latias|91\/100\n|\n|t:|1699574716\n|switch|p1a: big iron|Steelix, M|100\/100|[from] Flip Turn\n|-item|p1a: big iron|Air Balloon\n|\n|upkeep\n|turn|4\n|\n|t:|1699574800\n|switch|p2a: Primeape|Primeape, F|88\/100\n|-status|p2a: Primeape|psn\n|move|p1a: big iron|Stealth Rock|p2a: Primeape\n|-sidestart|p2: Thode|move: Stealth Rock\n|\n|-damage|p2a: Primeape|76\/100 psn|[from] psn\n|upkeep\n|turn|5\n|j| sry 4 luck\n|\n|t:|1699574815\n|switch|p1a: Alomomola|Alomomola, M|100\/100\n|move|p2a: Primeape|U-turn|p1a: Alomomola\n|-damage|p1a: Alomomola|91\/100\n|\n|t:|1699574841\n|switch|p2a: Latias|Latias, F|91\/100|[from] U-turn\n|-damage|p2a: Latias|79\/100|[from] Stealth Rock\n|\n|-fieldend|move: Electric Terrain\n|upkeep\n|turn|6\n|\n|t:|1699574859\n|switch|p1a: big iron|Steelix, M|100\/100\n|-item|p1a: big iron|Air Balloon\n|detailschange|p2a: Latias|Latias-Mega, F\n|-mega|p2a: Latias|Latias|Latiasite\n|move|p2a: Latias|Thunderbolt|p1a: big iron\n|-immune|p1a: big iron\n|\n|upkeep\n|turn|7\n|\n|t:|1699574879\n|move|p2a: Latias|Draco Meteor|p1a: big iron\n|-resisted|p1a: big iron\n|-damage|p1a: big iron|49\/100\n|-unboost|p2a: Latias|spa|2\n|-enditem|p1a: big iron|Air Balloon\n|move|p1a: big iron|Crunch|p2a: Latias\n|-supereffective|p2a: Latias\n|-damage|p2a: Latias|16\/100\n|\n|upkeep\n|turn|8\n|n| Samuelthestrong|samuelthestrong\n|\n|t:|1699574899\n|switch|p2a: Primeape|Primeape, F|76\/100 psn\n|-damage|p2a: Primeape|70\/100 psn|[from] Stealth Rock\n|move|p1a: big iron|Heavy Slam|p2a: Primeape\n|-damage|p2a: Primeape|36\/100 psn\n|\n|-damage|p2a: Primeape|24\/100 psn|[from] psn\n|upkeep\n|turn|9\n|\n|t:|1699574911\n|move|p2a: Primeape|Close Combat|p1a: big iron\n|-supereffective|p1a: big iron\n|-damage|p1a: big iron|2\/100\n|-unboost|p2a: Primeape|def|1\n|-unboost|p2a: Primeape|spd|1\n|move|p1a: big iron|Earthquake|p2a: Primeape\n|-damage|p2a: Primeape|0 fnt\n|faint|p2a: Primeape\n|\n|upkeep\n|\n|t:|1699574924\n|switch|p2a: Tyranitar|Tyranitar, M|100\/100\n|-status|p2a: Tyranitar|psn\n|-damage|p2a: Tyranitar|88\/100 psn|[from] Stealth Rock\n|-weather|Sandstorm|[from] ability: Sand Stream|[of] p2a: Tyranitar\n|turn|10\n|c| Samuelthestrong|Damn that thing is bulky\n|\n|t:|1699574950\n|move|p2a: Tyranitar|Stealth Rock|p1a: big iron\n|-sidestart|p1: wexleratlaw|move: Stealth Rock\n|move|p1a: big iron|Earthquake|p2a: Tyranitar\n|-supereffective|p2a: Tyranitar\n|-damage|p2a: Tyranitar|25\/100 psn\n|\n|-weather|Sandstorm|[upkeep]\n|-heal|p2a: Tyranitar|31\/100 psn|[from] item: Leftovers\n|-damage|p2a: Tyranitar|19\/100 psn|[from] psn\n|upkeep\n|turn|11\n|\n|t:|1699574957\n|move|p2a: Tyranitar|Earthquake|p1a: big iron\n|-supereffective|p1a: big iron\n|-damage|p1a: big iron|0 fnt\n|faint|p1a: big iron\n|\n|-weather|Sandstorm|[upkeep]\n|-heal|p2a: Tyranitar|25\/100 psn|[from] item: Leftovers\n|-damage|p2a: Tyranitar|13\/100 psn|[from] psn\n|upkeep\n|\n|t:|1699574960\n|switch|p1a: Darmanitan|Darmanitan-Galar, M|100\/100\n|-damage|p1a: Darmanitan|76\/100|[from] Stealth Rock\n|turn|12\n|c| sry 4 luck|sufficient iron intake\n|\n|t:|1699574986\n|move|p1a: Darmanitan|U-turn|p2a: Tyranitar\n|-supereffective|p2a: Tyranitar\n|-damage|p2a: Tyranitar|0 fnt\n|faint|p2a: Tyranitar\n|\n|t:|1699574992\n|switch|p1a: Pincurchin|Pincurchin, F|42\/100|[from] U-turn\n|-damage|p1a: Pincurchin|29\/100|[from] Stealth Rock\n|-fieldstart|move: Electric Terrain|[from] ability: Electric Surge|[of] p1a: Pincurchin\n|\n|-weather|Sandstorm|[upkeep]\n|-damage|p1a: Pincurchin|23\/100|[from] Sandstorm\n|upkeep\n|\n|t:|1699575007\n|switch|p2a: Iron Jugulis|Iron Jugulis|100\/100\n|-damage|p2a: Iron Jugulis|76\/100|[from] Stealth Rock\n|-activate|p2a: Iron Jugulis|ability: Quark Drive\n|-start|p2a: Iron Jugulis|quarkdrivespe\n|turn|13\n|\n|t:|1699575022\n|switch|p1a: Hatterene|Hatterene, F|100\/100\n|-damage|p1a: Hatterene|88\/100|[from] Stealth Rock\n|move|p2a: Iron Jugulis|Flamethrower|p1a: Hatterene\n|-damage|p1a: Hatterene|50\/100\n|\n|-weather|Sandstorm|[upkeep]\n|-damage|p2a: Iron Jugulis|70\/100|[from] Sandstorm\n|-damage|p1a: Hatterene|44\/100|[from] Sandstorm\n|upkeep\n|turn|14\n|\n|t:|1699575041\n|-end|p2a: Iron Jugulis|Quark Drive|[silent]\n|switch|p2a: Tapu Bulu|Tapu Bulu|100\/100\n|-status|p2a: Tapu Bulu|psn\n|-damage|p2a: Tapu Bulu|88\/100 psn|[from] Stealth Rock\n|-fieldstart|move: Grassy Terrain|[from] ability: Grassy Surge|[of] p2a: Tapu Bulu\n|move|p1a: Hatterene|Trick Room|p1a: Hatterene\n|-fieldstart|move: Trick Room|[of] p1a: Hatterene\n|\n|-weather|none\n|-heal|p1a: Hatterene|50\/100|[from] Grassy Terrain\n|-heal|p2a: Tapu Bulu|94\/100 psn|[from] Grassy Terrain\n|-heal|p2a: Tapu Bulu|100\/100 psn|[from] item: Leftovers\n|-damage|p2a: Tapu Bulu|88\/100 psn|[from] psn\n|upkeep\n|turn|15\n|c| Samuelthestrong|Didn\u2019t see that coming!\n|c| Samuelthestrong|nice!\n|\n|t:|1699575113\n|move|p2a: Tapu Bulu|Horn Leech|p1a: Hatterene\n|-damage|p1a: Hatterene|5\/100\n|-heal|p2a: Tapu Bulu|100\/100 psn|[from] drain|[of] p1a: Hatterene\n|-damage|p2a: Tapu Bulu|84\/100 psn|[from] item: Rocky Helmet|[of] p1a: Hatterene\n|move|p1a: Hatterene|Trick Room|p1a: Hatterene\n|-fieldend|move: Trick Room\n|\n|-heal|p2a: Tapu Bulu|90\/100 psn|[from] Grassy Terrain\n|-heal|p2a: Tapu Bulu|96\/100 psn|[from] item: Leftovers\n|-heal|p1a: Hatterene|11\/100|[from] Grassy Terrain\n|-damage|p2a: Tapu Bulu|84\/100 psn|[from] psn\n|upkeep\n|turn|16\n|\n|t:|1699575122\n|move|p2a: Tapu Bulu|Horn Leech|p1a: Hatterene\n|-damage|p1a: Hatterene|0 fnt\n|-heal|p2a: Tapu Bulu|89\/100 psn|[from] drain|[of] p1a: Hatterene\n|-damage|p2a: Tapu Bulu|72\/100 psn|[from] item: Rocky Helmet|[of] p1a: Hatterene\n|faint|p1a: Hatterene\n|\n|-heal|p2a: Tapu Bulu|78\/100 psn|[from] Grassy Terrain\n|-heal|p2a: Tapu Bulu|84\/100 psn|[from] item: Leftovers\n|-damage|p2a: Tapu Bulu|72\/100 psn|[from] psn\n|upkeep\n|c|\u2606wexleratlaw|misclick\n|\n|t:|1699575130\n|switch|p1a: Darmanitan|Darmanitan-Galar, M|76\/100\n|-damage|p1a: Darmanitan|51\/100|[from] Stealth Rock\n|turn|17\n|c| Samuelthestrong|Ah\n|\n|t:|1699575140\n|move|p1a: Darmanitan|Icicle Crash|p2a: Tapu Bulu\n|-supereffective|p2a: Tapu Bulu\n|-damage|p2a: Tapu Bulu|0 fnt\n|faint|p2a: Tapu Bulu\n|\n|-heal|p1a: Darmanitan|57\/100|[from] Grassy Terrain\n|upkeep\n|c| Samuelthestrong|i like your username btw\n|\n|t:|1699575147\n|switch|p2a: Lycanroc|Lycanroc, M|100\/100\n|-status|p2a: Lycanroc|psn\n|-damage|p2a: Lycanroc|88\/100 psn|[from] Stealth Rock\n|turn|18\n|c|\u2606wexleratlaw|thx\n|c| Samuelthestrong|I just started better call Saul\n|c| Samuelthestrong|and now I get it\n|\n|t:|1699575162\n|switch|p1a: Alomomola|Alomomola, M|100\/100\n|move|p2a: Lycanroc|Stone Edge|p1a: Alomomola\n|-damage|p1a: Alomomola|63\/100\n|-damage|p2a: Lycanroc|78\/100 psn|[from] item: Life Orb\n|\n|-heal|p2a: Lycanroc|84\/100 psn|[from] Grassy Terrain\n|-heal|p1a: Alomomola|69\/100|[from] Grassy Terrain\n|-damage|p2a: Lycanroc|72\/100 psn|[from] psn\n|-fieldend|move: Grassy Terrain\n|upkeep\n|turn|19\n|\n|t:|1699575181\n|switch|p2a: Latias|Latias-Mega, F|16\/100\n|-damage|p2a: Latias|4\/100|[from] Stealth Rock\n|move|p1a: Alomomola|Wish|p1a: Alomomola\n|\n|upkeep\n|turn|20\n|\n|t:|1699575190\n|move|p1a: Alomomola|Protect|p1a: Alomomola\n|-singleturn|p1a: Alomomola|Protect\n|move|p2a: Latias|Recover|p2a: Latias\n|-heal|p2a: Latias|54\/100\n|\n|-heal|p1a: Alomomola|100\/100|[from] move: Wish|[wisher] Alomomola\n|upkeep\n|turn|21\n|\n|t:|1699575199\n|switch|p1a: Pincurchin|Pincurchin, F|23\/100\n|-damage|p1a: Pincurchin|11\/100|[from] Stealth Rock\n|-fieldstart|move: Electric Terrain|[from] ability: Electric Surge|[of] p1a: Pincurchin\n|move|p2a: Latias|Recover|p2a: Latias\n|-heal|p2a: Latias|100\/100\n|\n|upkeep\n|turn|22\n|\n|t:|1699575210\n|move|p1a: Pincurchin|Sucker Punch|p2a: Latias\n|-supereffective|p2a: Latias\n|-damage|p2a: Latias|68\/100\n|move|p2a: Latias|Mystical Fire|p1a: Pincurchin\n|-damage|p1a: Pincurchin|0 fnt\n|faint|p1a: Pincurchin\n|\n|upkeep\n|\n|t:|1699575215\n|switch|p1a: Darmanitan|Darmanitan-Galar, M|57\/100\n|-damage|p1a: Darmanitan|32\/100|[from] Stealth Rock\n|turn|23\n|\n|t:|1699575226\n|move|p1a: Darmanitan|Icicle Crash|p2a: Latias\n|-supereffective|p2a: Latias\n|-damage|p2a: Latias|0 fnt\n|faint|p2a: Latias\n|\n|upkeep\n|\n|t:|1699575241\n|switch|p2a: Lycanroc|Lycanroc, M|72\/100 psn\n|-damage|p2a: Lycanroc|60\/100 psn|[from] Stealth Rock\n|turn|24\n|\n|t:|1699575245\n|move|p1a: Darmanitan|Icicle Crash|p2a: Lycanroc\n|-damage|p2a: Lycanroc|0 fnt\n|faint|p2a: Lycanroc\n|\n|upkeep\n|\n|t:|1699575249\n|switch|p2a: Iron Jugulis|Iron Jugulis|70\/100\n|-damage|p2a: Iron Jugulis|45\/100|[from] Stealth Rock\n|-activate|p2a: Iron Jugulis|ability: Quark Drive\n|-start|p2a: Iron Jugulis|quarkdrivespe\n|turn|25\n|\n|t:|1699575258\n|move|p2a: Iron Jugulis|Flash Cannon|p1a: Darmanitan\n|-supereffective|p1a: Darmanitan\n|-damage|p1a: Darmanitan|0 fnt\n|faint|p1a: Darmanitan\n|\n|-fieldend|move: Electric Terrain\n|-end|p2a: Iron Jugulis|Quark Drive\n|upkeep\n|\n|t:|1699575266\n|switch|p1a: Oricorio|Oricorio-Pom-Pom, F|100\/100\n|turn|26\n|\n|t:|1699575273\n|move|p2a: Iron Jugulis|Flash Cannon|p1a: Oricorio\n|-resisted|p1a: Oricorio\n|-damage|p1a: Oricorio|74\/100\n|move|p1a: Oricorio|Revelation Dance|p2a: Iron Jugulis\n|-supereffective|p2a: Iron Jugulis\n|-damage|p2a: Iron Jugulis|0 fnt\n|faint|p2a: Iron Jugulis\n|-end|p2a: Iron Jugulis|Quark Drive|[silent]\n|\n|win|wexleratlaw\n|c|\u2606wexleratlaw|gg\n|c|\u2606Thode|gg\n|j| ontario oshawott\n|c|\u2606wexleratlaw|not me clicking trick room only to remember that my tr sweeper died :sob:\n|l| Samuelthestrong\n|c| ontario oshawott|That was fast\n|l| ontario oshawott\n|l|\u2606wexleratlaw\n","uploadtime":1699575345,"views":5,"p1id":"wexleratlaw","p2id":"thode","formatid":"gen9nationaldexubers","rating":0,"private":0,"password":""}