{"id":"gen9nationaldexubers-1981563558","p1":"wizardmidnight","p2":"ujehfiuesf","format":"[Gen 9] National Dex Ubers","log":"|j|\u2606wizardmidnight\n|j|\u2606ujehfiuesf\n|t:|1698918916\n|gametype|singles\n|player|p1|wizardmidnight|lucas-gen4pt|1156\n|player|p2|ujehfiuesf|shadowtriad|1080\n|teamsize|p1|6\n|teamsize|p2|6\n|gen|9\n|tier|[Gen 9] National Dex Ubers\n|rated|\n|rule|HP Percentage Mod: HP is shown in percentages\n|rule|Endless Battle Clause: Forcing endless battles is banned\n|rule|OHKO Clause: OHKO moves are banned\n|rule|Evasion Moves Clause: Evasion moves are banned\n|rule|Evasion Items Clause: Evasion items are banned\n|rule|Species Clause: Limit one of each Pok\u00e9mon\n|rule|Sleep Clause Mod: Limit one foe put to sleep\n|rule|Mega Rayquaza Clause: You cannot mega evolve Rayquaza\n|clearpoke\n|poke|p1|Necrozma-Dawn-Wings|\n|poke|p1|Melmetal|\n|poke|p1|Palafin, M|\n|poke|p1|Zygarde|\n|poke|p1|Marshadow|\n|poke|p1|Glimmora, F|\n|poke|p2|Lilligant-Hisui, F|\n|poke|p2|Torkoal, M|\n|poke|p2|Walking Wake|\n|poke|p2|Heatran, M|\n|poke|p2|Hatterene, F|\n|poke|p2|Great Tusk|\n|teampreview\n|c|\u2606wizardmidnight|glhf\n|\n|t:|1698918920\n|start\n|switch|p1a: i need a hero|Palafin, M|100\/100\n|switch|p2a: Great Tusk|Great Tusk|100\/100\n|turn|1\n|\n|t:|1698918927\n|-terastallize|p1a: i need a hero|Water\n|move|p2a: Great Tusk|Headlong Rush|p1a: i need a hero\n|-damage|p1a: i need a hero|28\/100\n|-unboost|p2a: Great Tusk|def|1\n|-unboost|p2a: Great Tusk|spd|1\n|-enditem|p2a: Great Tusk|Eject Pack\n|\n|t:|1698918938\n|-end|p2a: Great Tusk|Protosynthesis|[silent]\n|switch|p2a: Hatterene|Hatterene, F|100\/100\n|move|p1a: i need a hero|Flip Turn|p2a: Hatterene\n|-damage|p2a: Hatterene|66\/100\n|-enditem|p2a: Hatterene|Eject Button\n|\n|t:|1698918947\n|switch|p2a: Great Tusk|Great Tusk|100\/100\n|\n|upkeep\n|turn|2\n|\n|t:|1698918956\n|detailschange|p1a: i need a hero|Palafin-Hero, M, tera:Water\n|switch|p1a: envoy of darkness|Necrozma-Dawn-Wings|100\/100\n|move|p2a: Great Tusk|Headlong Rush|p1a: envoy of darkness\n|-damage|p1a: envoy of darkness|48\/100\n|-unboost|p2a: Great Tusk|def|1\n|-unboost|p2a: Great Tusk|spd|1\n|\n|upkeep\n|turn|3\n|\n|t:|1698918967\n|detailschange|p1a: envoy of darkness|Necrozma-Ultra\n|-burst|p1a: envoy of darkness|Necrozma|Ultranecrozium Z\n|move|p1a: envoy of darkness|Protect|p1a: envoy of darkness\n|-singleturn|p1a: envoy of darkness|Protect\n|move|p2a: Great Tusk|Headlong Rush|p1a: envoy of darkness\n|-activate|p1a: envoy of darkness|move: Protect\n|\n|upkeep\n|turn|4\n|\n|t:|1698918977\n|-end|p2a: Great Tusk|Protosynthesis|[silent]\n|switch|p2a: Heatran|Heatran, M|100\/100\n|-item|p2a: Heatran|Air Balloon\n|-zpower|p1a: envoy of darkness\n|move|p1a: envoy of darkness|Light That Burns the Sky|p2a: Heatran|[zeffect]\n|-resisted|p2a: Heatran\n|-damage|p2a: Heatran|56\/100\n|-enditem|p2a: Heatran|Air Balloon\n|\n|upkeep\n|turn|5\n|c|\u2606wizardmidnight|wot\n|c|\u2606wizardmidnight|that did NOTHING\n|\n|t:|1698918993\n|move|p1a: envoy of darkness|Photon Geyser|p2a: Heatran\n|-resisted|p2a: Heatran\n|-crit|p2a: Heatran\n|-damage|p2a: Heatran|26\/100\n|move|p2a: Heatran|Earth Power|p1a: envoy of darkness\n|-damage|p1a: envoy of darkness|22\/100\n|\n|upkeep\n|turn|6\n|\n|t:|1698919001\n|move|p1a: envoy of darkness|Photon Geyser|p2a: Heatran\n|-resisted|p2a: Heatran\n|-damage|p2a: Heatran|4\/100\n|move|p2a: Heatran|Earth Power|p1a: envoy of darkness\n|-damage|p1a: envoy of darkness|0 fnt\n|faint|p1a: envoy of darkness\n|\n|upkeep\n|\n|t:|1698919011\n|switch|p1a: atonepointmyfav|Marshadow|100\/100\n|turn|7\n|\n|t:|1698919013\n|move|p1a: atonepointmyfav|Shadow Sneak|p2a: Heatran\n|-damage|p2a: Heatran|0 fnt\n|faint|p2a: Heatran\n|\n|upkeep\n|\n|t:|1698919016\n|switch|p2a: Torkoal|Torkoal, M|100\/100\n|-weather|SunnyDay|[from] ability: Drought|[of] p2a: Torkoal\n|turn|8\n|\n|t:|1698919021\n|switch|p1a: crystal|Glimmora, F|100\/100\n|move|p2a: Torkoal|Stealth Rock|p1a: crystal\n|-sidestart|p1: wizardmidnight|move: Stealth Rock\n|\n|-weather|SunnyDay|[upkeep]\n|upkeep\n|turn|9\n|\n|t:|1698919028\n|switch|p2a: Hatterene|Hatterene, F|66\/100\n|move|p1a: crystal|Mortal Spin|p2a: Hatterene\n|-supereffective|p2a: Hatterene\n|-damage|p2a: Hatterene|56\/100\n|-status|p2a: Hatterene|psn\n|-sideend|p1: wizardmidnight|Stealth Rock|[from] move: Mortal Spin|[of] p1a: crystal\n|\n|-weather|SunnyDay|[upkeep]\n|-damage|p2a: Hatterene|44\/100 psn|[from] psn\n|upkeep\n|turn|10\n|\n|t:|1698919037\n|move|p1a: crystal|Earth Power|p2a: Hatterene\n|-damage|p2a: Hatterene|10\/100 psn\n|move|p2a: Hatterene|Psychic|p1a: crystal\n|-supereffective|p1a: crystal\n|-damage|p1a: crystal|0 fnt\n|faint|p1a: crystal\n|\n|-weather|SunnyDay|[upkeep]\n|-damage|p2a: Hatterene|0 fnt|[from] psn\n|faint|p2a: Hatterene\n|upkeep\n|\n|t:|1698919046\n|switch|p1a: i need a hero|Palafin-Hero, M, tera:Water|28\/100\n|switch|p2a: Walking Wake|Walking Wake|100\/100\n|-activate|p2a: Walking Wake|ability: Protosynthesis\n|-start|p2a: Walking Wake|protosynthesisspe\n|-activate|p1a: i need a hero|ability: Zero to Hero\n|turn|11\n|\n|t:|1698919055\n|switch|p1a: da boi|Melmetal|100\/100\n|move|p2a: Walking Wake|Hydro Steam|p1a: da boi\n|-damage|p1a: da boi|0 fnt\n|faint|p1a: da boi\n|\n|-weather|SunnyDay|[upkeep]\n|upkeep\n|inactive|Battle timer is ON: inactive players will automatically lose when time's up. (requested by ujehfiuesf)\n|\n|t:|1698919062\n|switch|p1a: Zygarde|Zygarde|100\/100\n|turn|12\n|\n|t:|1698919066\n|-terastallize|p2a: Walking Wake|Water\n|move|p2a: Walking Wake|Hydro Steam|p1a: Zygarde\n|-damage|p1a: Zygarde|0 fnt\n|faint|p1a: Zygarde\n|\n|-weather|SunnyDay|[upkeep]\n|upkeep\n|\n|t:|1698919073\n|switch|p1a: i need a hero|Palafin-Hero, M, tera:Water|28\/100\n|turn|13\n|\n|t:|1698919077\n|move|p1a: i need a hero|Jet Punch|p2a: Walking Wake\n|-resisted|p2a: Walking Wake\n|-damage|p2a: Walking Wake|78\/100\n|move|p2a: Walking Wake|Hydro Steam|p1a: i need a hero\n|-resisted|p1a: i need a hero\n|-damage|p1a: i need a hero|0 fnt\n|faint|p1a: i need a hero\n|\n|-weather|SunnyDay|[upkeep]\n|upkeep\n|\n|t:|1698919085\n|switch|p1a: atonepointmyfav|Marshadow|100\/100\n|turn|14\n|\n|t:|1698919089\n|move|p2a: Walking Wake|Hydro Steam|p1a: atonepointmyfav\n|-crit|p1a: atonepointmyfav\n|-enditem|p1a: atonepointmyfav|Focus Sash\n|-damage|p1a: atonepointmyfav|1\/100\n|move|p1a: atonepointmyfav|Spectral Thief|p2a: Walking Wake\n|-damage|p2a: Walking Wake|20\/100\n|\n|-weather|SunnyDay|[upkeep]\n|upkeep\n|turn|15\n|\n|t:|1698919098\n|move|p1a: atonepointmyfav|Shadow Sneak|p2a: Walking Wake\n|-damage|p2a: Walking Wake|0 fnt\n|faint|p2a: Walking Wake\n|-end|p2a: Walking Wake|Protosynthesis|[silent]\n|\n|-weather|none\n|upkeep\n|\n|t:|1698919101\n|switch|p2a: Great Tusk|Great Tusk|100\/100\n|turn|16\n|\n|t:|1698919107\n|move|p1a: atonepointmyfav|Spectral Thief|p2a: Great Tusk\n|-damage|p2a: Great Tusk|68\/100\n|move|p2a: Great Tusk|Ice Spinner|p1a: atonepointmyfav\n|-damage|p1a: atonepointmyfav|0 fnt\n|faint|p1a: atonepointmyfav\n|\n|win|ujehfiuesf\n|raw|wizardmidnight's rating: 1156 &rarr; <strong>1126<\/strong><br \/>(-30 for losing)\n|raw|ujehfiuesf's rating: 1080 &rarr; <strong>1114<\/strong><br \/>(+34 for winning)\n|c|\u2606wizardmidnight|gg\n|l|\u2606wizardmidnight\n","uploadtime":1698919123,"views":12,"p1id":"wizardmidnight","p2id":"ujehfiuesf","formatid":"gen9nationaldexubers","rating":1114,"private":0,"password":""}