{"id":"gen9nationaldexubers-1982057109","p1":"guitsx","p2":"CrisWWE","format":"[Gen 9] National Dex Ubers","log":"|j|\u2606guitsx\n|j|\u2606CrisWWE\n|t:|1698963587\n|gametype|singles\n|player|p1|guitsx|170|1029\n|player|p2|CrisWWE|shadowtriad|1000\n|teamsize|p1|6\n|teamsize|p2|6\n|gen|9\n|tier|[Gen 9] National Dex Ubers\n|rated|\n|rule|HP Percentage Mod: HP is shown in percentages\n|rule|Endless Battle Clause: Forcing endless battles is banned\n|rule|OHKO Clause: OHKO moves are banned\n|rule|Evasion Moves Clause: Evasion moves are banned\n|rule|Evasion Items Clause: Evasion items are banned\n|rule|Species Clause: Limit one of each Pok\u00e9mon\n|rule|Sleep Clause Mod: Limit one foe put to sleep\n|rule|Mega Rayquaza Clause: You cannot mega evolve Rayquaza\n|clearpoke\n|poke|p1|Shuckle, M|\n|poke|p1|Avalugg, M|\n|poke|p1|Malamar, F|\n|poke|p1|Dubwool, F|\n|poke|p1|Darmanitan-Galar, M|\n|poke|p1|Dracovish|\n|poke|p2|Kangaskhan, F|\n|poke|p2|Cyclizar, M|\n|poke|p2|Lugia|\n|poke|p2|Palafin, M|\n|poke|p2|Calyrex-Ice|\n|poke|p2|Indeedee-F, F|\n|teampreview\n|\n|t:|1698963606\n|start\n|switch|p1a: Shuckle|Shuckle, M|100\/100\n|switch|p2a: Cyclizar|Cyclizar, M|100\/100\n|turn|1\n|\n|t:|1698963627\n|move|p2a: Cyclizar|Shed Tail|p2a: Cyclizar\n|-start|p2a: Cyclizar|Substitute|[from] move: Shed Tail\n|-damage|p2a: Cyclizar|50\/100\n|\n|t:|1698963636\n|switch|p2a: Kangaskhan|Kangaskhan, F|100\/100|[from] Shed Tail\n|move|p1a: Shuckle|Stealth Rock|p2a: Kangaskhan\n|-sidestart|p2: CrisWWE|move: Stealth Rock\n|\n|upkeep\n|turn|2\n|\n|t:|1698963649\n|move|p2a: Kangaskhan|Power-Up Punch|p1a: Shuckle\n|-damage|p1a: Shuckle|92\/100\n|-boost|p2a: Kangaskhan|atk|1\n|move|p1a: Shuckle|Sticky Web|p2a: Kangaskhan\n|-sidestart|p2: CrisWWE|move: Sticky Web\n|\n|upkeep\n|turn|3\n|\n|t:|1698963659\n|detailschange|p2a: Kangaskhan|Kangaskhan-Mega, F\n|-mega|p2a: Kangaskhan|Kangaskhan|Kangaskhanite\n|move|p2a: Kangaskhan|Power-Up Punch|p1a: Shuckle\n|-damage|p1a: Shuckle|78\/100\n|-boost|p2a: Kangaskhan|atk|1\n|-damage|p1a: Shuckle|74\/100\n|-boost|p2a: Kangaskhan|atk|1\n|-hitcount|p1a: Shuckle|2\n|move|p1a: Shuckle|Toxic||[still]\n|-fail|p1a: Shuckle\n|\n|upkeep\n|turn|4\n|\n|t:|1698963672\n|move|p2a: Kangaskhan|Power-Up Punch|p1a: Shuckle\n|-damage|p1a: Shuckle|51\/100\n|-boost|p2a: Kangaskhan|atk|1\n|-damage|p1a: Shuckle|44\/100\n|-boost|p2a: Kangaskhan|atk|1\n|-hitcount|p1a: Shuckle|2\n|move|p1a: Shuckle|Encore|p2a: Kangaskhan\n|-start|p2a: Kangaskhan|Encore\n|\n|upkeep\n|turn|5\n|\n|t:|1698963702\n|switch|p1a: Dracovish|Dracovish|100\/100\n|move|p2a: Kangaskhan|Power-Up Punch|p1a: Dracovish\n|-damage|p1a: Dracovish|49\/100\n|-boost|p2a: Kangaskhan|atk|1\n|-crit|p1a: Dracovish\n|-damage|p1a: Dracovish|29\/100\n|-hitcount|p1a: Dracovish|2\n|\n|upkeep\n|turn|6\n|\n|t:|1698963740\n|move|p1a: Dracovish|Fishious Rend|p2a: Kangaskhan\n|-end|p2a: Kangaskhan|Substitute\n|move|p2a: Kangaskhan|Power-Up Punch|p1a: Dracovish\n|-damage|p1a: Dracovish|0 fnt\n|faint|p1a: Dracovish\n|-hitcount|p1: Dracovish|1\n|\n|upkeep\n|\n|t:|1698963750\n|switch|p1a: Shuckle|Shuckle, M|44\/100\n|turn|7\n|\n|t:|1698963762\n|move|p2a: Kangaskhan|Power-Up Punch|p1a: Shuckle\n|-damage|p1a: Shuckle|5\/100\n|-damage|p1a: Shuckle|0 fnt\n|faint|p1a: Shuckle\n|-hitcount|p1: Shuckle|2\n|\n|-end|p2a: Kangaskhan|Encore\n|upkeep\n|\n|t:|1698963777\n|switch|p1a: Malamar|Malamar, F|100\/100\n|turn|8\n|\n|t:|1698963803\n|move|p2a: Kangaskhan|Double-Edge|p1a: Malamar\n|-crit|p1a: Malamar\n|-damage|p1a: Malamar|0 fnt\n|faint|p1a: Malamar\n|-hitcount|p1: Malamar|1\n|-damage|p2a: Kangaskhan|68\/100|[from] Recoil\n|\n|upkeep\n|\n|t:|1698963810\n|switch|p1a: Dubwool|Dubwool, F|100\/100\n|turn|9\n|\n|t:|1698963815\n|move|p2a: Kangaskhan|Drain Punch|p1a: Dubwool\n|-supereffective|p1a: Dubwool\n|-damage|p1a: Dubwool|14\/100\n|-heal|p2a: Kangaskhan|100\/100|[from] drain|[of] p1a: Dubwool\n|-supereffective|p1a: Dubwool\n|-damage|p1a: Dubwool|0 fnt\n|faint|p1a: Dubwool\n|-hitcount|p1: Dubwool|2\n|\n|upkeep\n|\n|t:|1698963821\n|switch|p1a: Avalugg|Avalugg, M|100\/100\n|turn|10\n|\n|t:|1698963828\n|move|p2a: Kangaskhan|Drain Punch|p1a: Avalugg\n|-supereffective|p1a: Avalugg\n|-damage|p1a: Avalugg|2\/100\n|-supereffective|p1a: Avalugg\n|-damage|p1a: Avalugg|0 fnt\n|faint|p1a: Avalugg\n|-hitcount|p1: Avalugg|2\n|\n|upkeep\n|\n|t:|1698963831\n|switch|p1a: Darmanitan|Darmanitan-Galar, M|100\/100\n|turn|11\n|\n|t:|1698963840\n|move|p2a: Kangaskhan|Drain Punch|p1a: Darmanitan\n|-supereffective|p1a: Darmanitan\n|-damage|p1a: Darmanitan|0 fnt\n|faint|p1a: Darmanitan\n|-hitcount|p1: Darmanitan|1\n|\n|win|CrisWWE\n|raw|guitsx's rating: 1029 &rarr; <strong>1013<\/strong><br \/>(-16 for losing)\n|raw|CrisWWE's rating: 1000 &rarr; <strong>1043<\/strong><br \/>(+43 for winning)\n","uploadtime":1698963850,"views":7,"p1id":"guitsx","p2id":"criswwe","formatid":"gen9nationaldexubers","rating":1013,"private":0,"password":""}