{"id":"gen9nationaldexubers-1995164849","p1":"Xavier1250","p2":"nikowha","format":"[Gen 9] National Dex Ubers","log":"|j|\u2606Xavier1250\n|j|\u2606nikowha\n|t:|1700529831\n|gametype|singles\n|player|p1|Xavier1250|silver|1154\n|player|p2|nikowha|102|1079\n|teamsize|p1|6\n|teamsize|p2|6\n|gen|9\n|tier|[Gen 9] National Dex Ubers\n|rated|\n|rule|HP Percentage Mod: HP is shown in percentages\n|rule|Endless Battle Clause: Forcing endless battles is banned\n|rule|OHKO Clause: OHKO moves are banned\n|rule|Evasion Moves Clause: Evasion moves are banned\n|rule|Evasion Items Clause: Evasion items are banned\n|rule|Species Clause: Limit one of each Pok\u00e9mon\n|rule|Sleep Clause Mod: Limit one foe put to sleep\n|rule|Mega Rayquaza Clause: You cannot mega evolve Rayquaza\n|clearpoke\n|poke|p1|Gliscor, M|\n|poke|p1|Cyclizar, M|\n|poke|p1|Octillery, M|\n|poke|p1|Chansey, F|\n|poke|p1|Baxcalibur, M|\n|poke|p1|Urshifu-*, F|\n|poke|p2|Magearna-Original|\n|poke|p2|Flamigo, M|\n|poke|p2|Silvally-*|\n|poke|p2|Simipour, F|\n|poke|p2|Venusaur, M|\n|poke|p2|Kyurem-White|\n|teampreview\n|inactive|Battle timer is ON: inactive players will automatically lose when time's up. (requested by Xavier1250)\n|c|\u2606nikowha|cool team hf\n|\n|t:|1700529846\n|start\n|switch|p1a: Cyclizar|Cyclizar, M|100\/100\n|switch|p2a: Magearna|Magearna-Original|100\/100\n|turn|1\n|\n|t:|1700529852\n|move|p1a: Cyclizar|Shed Tail|p1a: Cyclizar\n|-start|p1a: Cyclizar|Substitute|[from] move: Shed Tail\n|-damage|p1a: Cyclizar|50\/100\n|\n|t:|1700529861\n|switch|p1a: Chansey|Chansey, F|100\/100|[from] Shed Tail\n|move|p2a: Magearna|Calm Mind|p2a: Magearna\n|-boost|p2a: Magearna|spa|1\n|-boost|p2a: Magearna|spd|1\n|\n|upkeep\n|turn|2\n|\n|t:|1700529868\n|move|p2a: Magearna|Calm Mind|p2a: Magearna\n|-boost|p2a: Magearna|spa|1\n|-boost|p2a: Magearna|spd|1\n|move|p1a: Chansey|Thunder Wave|p2a: Magearna\n|-status|p2a: Magearna|par\n|\n|upkeep\n|turn|3\n|inactive|nikowha has 120 seconds left.\n|\n|t:|1700529903\n|move|p1a: Chansey|Calm Mind|p1a: Chansey\n|-boost|p1a: Chansey|spa|1\n|-boost|p1a: Chansey|spd|1\n|move|p2a: Magearna|Shift Gear|p2a: Magearna\n|-boost|p2a: Magearna|spe|2\n|-boost|p2a: Magearna|atk|1\n|\n|upkeep\n|turn|4\n|inactive|nikowha has 120 seconds left.\n|\n|t:|1700529939\n|move|p2a: Magearna|Calm Mind|p2a: Magearna\n|-boost|p2a: Magearna|spa|1\n|-boost|p2a: Magearna|spd|1\n|move|p1a: Chansey|Calm Mind|p1a: Chansey\n|-boost|p1a: Chansey|spa|1\n|-boost|p1a: Chansey|spd|1\n|\n|upkeep\n|turn|5\n|\n|t:|1700529949\n|cant|p2a: Magearna|par\n|move|p1a: Chansey|Calm Mind|p1a: Chansey\n|-boost|p1a: Chansey|spa|1\n|-boost|p1a: Chansey|spd|1\n|\n|upkeep\n|turn|6\n|\n|t:|1700529954\n|move|p2a: Magearna|Fleur Cannon|p1a: Chansey\n|-end|p1a: Chansey|Substitute\n|-unboost|p2a: Magearna|spa|2\n|move|p1a: Chansey|Calm Mind|p1a: Chansey\n|-boost|p1a: Chansey|spa|1\n|-boost|p1a: Chansey|spd|1\n|\n|upkeep\n|turn|7\n|\n|t:|1700529963\n|cant|p2a: Magearna|par\n|move|p1a: Chansey|Ice Beam|p2a: Magearna\n|-resisted|p2a: Magearna\n|-damage|p2a: Magearna|96\/100 par\n|\n|upkeep\n|turn|8\n|\n|t:|1700529969\n|move|p2a: Magearna|Fleur Cannon|p1a: Chansey|[miss]\n|-miss|p2a: Magearna|p1a: Chansey\n|move|p1a: Chansey|Calm Mind|p1a: Chansey\n|-boost|p1a: Chansey|spa|1\n|-boost|p1a: Chansey|spd|1\n|\n|upkeep\n|turn|9\n|inactive|nikowha has 120 seconds left.\n|\n|t:|1700529974\n|move|p2a: Magearna|Fleur Cannon|p1a: Chansey|[miss]\n|-miss|p2a: Magearna|p1a: Chansey\n|move|p1a: Chansey|Calm Mind|p1a: Chansey\n|-boost|p1a: Chansey|spa|1\n|-boost|p1a: Chansey|spd|1\n|\n|upkeep\n|turn|10\n|c|\u2606nikowha|r u kidding me\n|\n|t:|1700529983\n|move|p2a: Magearna|Fleur Cannon|p1a: Chansey|[miss]\n|-miss|p2a: Magearna|p1a: Chansey\n|move|p1a: Chansey|Ice Beam|p2a: Magearna\n|-resisted|p2a: Magearna\n|-damage|p2a: Magearna|89\/100 par\n|\n|upkeep\n|turn|11\n|c|\u2606nikowha|omg\n|\n|t:|1700529989\n|move|p2a: Magearna|Fleur Cannon|p1a: Chansey\n|-damage|p1a: Chansey|93\/100\n|-unboost|p2a: Magearna|spa|2\n|move|p1a: Chansey|Ice Beam|p2a: Magearna\n|-resisted|p2a: Magearna\n|-damage|p2a: Magearna|82\/100 par\n|\n|upkeep\n|turn|12\n|\n|t:|1700529999\n|switch|p2a: Flamigo|Flamigo, M|100\/100\n|move|p1a: Chansey|Ice Beam|p2a: Flamigo\n|-supereffective|p2a: Flamigo\n|-damage|p2a: Flamigo|24\/100\n|\n|upkeep\n|turn|13\n|\n|t:|1700530008\n|-terastallize|p1a: Chansey|Ghost\n|move|p2a: Flamigo|Close Combat|p1a: Chansey\n|-damage|p1a: Chansey|54\/100\n|-unboost|p2a: Flamigo|def|1\n|-unboost|p2a: Flamigo|spd|1\n|move|p1a: Chansey|Ice Beam|p2a: Flamigo\n|-supereffective|p2a: Flamigo\n|-damage|p2a: Flamigo|0 fnt\n|faint|p2a: Flamigo\n|\n|upkeep\n|\n|t:|1700530023\n|switch|p2a: Silvally|Silvally-Fire, shiny|100\/100\n|turn|14\n|\n|t:|1700530027\n|move|p2a: Silvally|Swords Dance|p2a: Silvally\n|-boost|p2a: Silvally|atk|2\n|move|p1a: Chansey|Soft-Boiled|p1a: Chansey\n|-heal|p1a: Chansey|100\/100\n|\n|upkeep\n|turn|15\n|\n|t:|1700530032\n|move|p2a: Silvally|Swords Dance|p2a: Silvally\n|-boost|p2a: Silvally|atk|2\n|move|p1a: Chansey|Thunder Wave|p2a: Silvally\n|-status|p2a: Silvally|par\n|\n|upkeep\n|turn|16\n|\n|t:|1700530038\n|cant|p2a: Silvally|par\n|move|p1a: Chansey|Ice Beam|p2a: Silvally\n|-resisted|p2a: Silvally\n|-damage|p2a: Silvally|79\/100 par\n|\n|upkeep\n|turn|17\n|\n|t:|1700530043\n|move|p2a: Silvally|Swords Dance|p2a: Silvally\n|-boost|p2a: Silvally|atk|2\n|move|p1a: Chansey|Ice Beam|p2a: Silvally\n|-resisted|p2a: Silvally\n|-damage|p2a: Silvally|57\/100 par\n|\n|upkeep\n|turn|18\n|\n|t:|1700530049\n|move|p2a: Silvally|Multi-Attack|p1a: Chansey\n|-damage|p1a: Chansey|0 fnt\n|faint|p1a: Chansey\n|\n|upkeep\n|\n|t:|1700530054\n|switch|p1a: Cyclizar|Cyclizar, M|83\/100\n|turn|19\n|\n|t:|1700530059\n|move|p1a: Cyclizar|Shed Tail|p1a: Cyclizar\n|-start|p1a: Cyclizar|Substitute|[from] move: Shed Tail\n|-damage|p1a: Cyclizar|33\/100\n|\n|t:|1700530062\n|switch|p1a: Octillery|Octillery, M|100\/100|[from] Shed Tail\n|move|p2a: Silvally|Ice Fang|p1a: Octillery\n|-resisted|p1a: Octillery\n|-end|p1a: Octillery|Substitute\n|\n|-ability|p1a: Octillery|Moody|boost\n|-boost|p1a: Octillery|spe|2\n|-unboost|p1a: Octillery|atk|1\n|upkeep\n|turn|20\n|\n|t:|1700530078\n|-terastallize|p2a: Silvally|Grass\n|move|p1a: Octillery|Protect|p1a: Octillery\n|-singleturn|p1a: Octillery|Protect\n|move|p2a: Silvally|Multi-Attack|p1a: Octillery\n|-activate|p1a: Octillery|move: Protect\n|\n|-ability|p1a: Octillery|Moody|boost\n|-boost|p1a: Octillery|spe|2\n|-unboost|p1a: Octillery|spa|1\n|upkeep\n|turn|21\n|\n|t:|1700530095\n|switch|p1a: Baxcalibur|Baxcalibur, M|100\/100\n|move|p2a: Silvally|Multi-Attack|p1a: Baxcalibur\n|-damage|p1a: Baxcalibur|0 fnt\n|faint|p1a: Baxcalibur\n|\n|upkeep\n|\n|t:|1700530101\n|switch|p1a: Cyclizar|Cyclizar, M|66\/100\n|turn|22\n|\n|t:|1700530106\n|move|p1a: Cyclizar|Shed Tail|p1a: Cyclizar\n|-start|p1a: Cyclizar|Substitute|[from] move: Shed Tail\n|-damage|p1a: Cyclizar|16\/100\n|\n|t:|1700530112\n|switch|p1a: Urshifu|Urshifu, F|100\/100|[from] Shed Tail\n|cant|p2a: Silvally|par\n|\n|upkeep\n|turn|23\n|\n|t:|1700530120\n|move|p1a: Urshifu|Swords Dance|p1a: Urshifu\n|-boost|p1a: Urshifu|atk|2\n|move|p2a: Silvally|Ice Fang|p1a: Urshifu\n|-end|p1a: Urshifu|Substitute\n|\n|upkeep\n|turn|24\n|\n|t:|1700530127\n|move|p1a: Urshifu|Sucker Punch|p2a: Silvally\n|-damage|p2a: Silvally|0 fnt\n|faint|p2a: Silvally\n|\n|upkeep\n|\n|t:|1700530136\n|switch|p2a: Simipour|Simipour, F|100\/100\n|turn|25\n|\n|t:|1700530142\n|move|p2a: Simipour|Toxic|p1a: Urshifu\n|-status|p1a: Urshifu|tox\n|move|p1a: Urshifu|Wicked Blow|p2a: Simipour\n|-crit|p2a: Simipour\n|-damage|p2a: Simipour|0 fnt\n|faint|p2a: Simipour\n|\n|-damage|p1a: Urshifu|94\/100 tox|[from] psn\n|upkeep\n|\n|t:|1700530153\n|switch|p2a: Magearna|Magearna-Original|82\/100 par\n|turn|26\n|\n|t:|1700530159\n|move|p1a: Urshifu|Swords Dance|p1a: Urshifu\n|-boost|p1a: Urshifu|atk|2\n|move|p2a: Magearna|Fleur Cannon|p1a: Urshifu\n|-supereffective|p1a: Urshifu\n|-damage|p1a: Urshifu|0 fnt\n|-unboost|p2a: Magearna|spa|2\n|faint|p1a: Urshifu\n|-ability|p2a: Magearna|Soul-Heart|boost\n|-boost|p2a: Magearna|spa|1\n|\n|upkeep\n|\n|t:|1700530163\n|switch|p1a: Cyclizar|Cyclizar, M|49\/100\n|turn|27\n|\n|t:|1700530169\n|move|p1a: Cyclizar|U-turn|p2a: Magearna\n|-resisted|p2a: Magearna\n|-crit|p2a: Magearna\n|-damage|p2a: Magearna|75\/100 par\n|\n|t:|1700530174\n|switch|p1a: Octillery|Octillery, M|100\/100|[from] U-turn\n|move|p2a: Magearna|Fleur Cannon|p1a: Octillery\n|-damage|p1a: Octillery|64\/100\n|-unboost|p2a: Magearna|spa|2\n|\n|-heal|p1a: Octillery|70\/100|[from] item: Leftovers\n|-ability|p1a: Octillery|Moody|boost\n|-boost|p1a: Octillery|spa|2\n|-unboost|p1a: Octillery|spd|1\n|upkeep\n|turn|28\n|\n|t:|1700530186\n|move|p1a: Octillery|Substitute|p1a: Octillery\n|-start|p1a: Octillery|Substitute\n|-damage|p1a: Octillery|45\/100\n|move|p2a: Magearna|Fleur Cannon|p1a: Octillery\n|-end|p1a: Octillery|Substitute\n|-unboost|p2a: Magearna|spa|2\n|\n|-heal|p1a: Octillery|52\/100|[from] item: Leftovers\n|-ability|p1a: Octillery|Moody|boost\n|-boost|p1a: Octillery|spd|2\n|-unboost|p1a: Octillery|spe|1\n|upkeep\n|turn|29\n|\n|t:|1700530197\n|move|p1a: Octillery|Protect|p1a: Octillery\n|-singleturn|p1a: Octillery|Protect\n|move|p2a: Magearna|Shadow Ball|p1a: Octillery\n|-activate|p1a: Octillery|move: Protect\n|\n|-heal|p1a: Octillery|58\/100|[from] item: Leftovers\n|-ability|p1a: Octillery|Moody|boost\n|-boost|p1a: Octillery|spd|2\n|-unboost|p1a: Octillery|spe|1\n|upkeep\n|turn|30\n|\n|t:|1700530207\n|move|p2a: Magearna|Shadow Ball|p1a: Octillery\n|-damage|p1a: Octillery|55\/100\n|move|p1a: Octillery|Substitute|p1a: Octillery\n|-start|p1a: Octillery|Substitute\n|-damage|p1a: Octillery|30\/100\n|\n|-heal|p1a: Octillery|36\/100|[from] item: Leftovers\n|-ability|p1a: Octillery|Moody|boost\n|-boost|p1a: Octillery|spa|2\n|-unboost|p1a: Octillery|def|1\n|upkeep\n|turn|31\n|\n|t:|1700530218\n|move|p1a: Octillery|Protect|p1a: Octillery\n|-singleturn|p1a: Octillery|Protect\n|cant|p2a: Magearna|par\n|\n|-heal|p1a: Octillery|43\/100|[from] item: Leftovers\n|-ability|p1a: Octillery|Moody|boost\n|-boost|p1a: Octillery|atk|2\n|-unboost|p1a: Octillery|def|1\n|upkeep\n|turn|32\n|\n|t:|1700530227\n|move|p2a: Magearna|Shadow Ball|p1a: Octillery\n|-crit|p1a: Octillery\n|-end|p1a: Octillery|Substitute\n|move|p1a: Octillery|Hydro Pump|p2a: Magearna|[miss]\n|-miss|p1a: Octillery|p2a: Magearna\n|\n|-heal|p1a: Octillery|49\/100|[from] item: Leftovers\n|-ability|p1a: Octillery|Moody|boost\n|-boost|p1a: Octillery|spe|2\n|-unboost|p1a: Octillery|spa|1\n|upkeep\n|turn|33\n|\n|t:|1700530244\n|switch|p2a: Kyurem|Kyurem-White|100\/100\n|-ability|p2a: Kyurem|Turboblaze\n|move|p1a: Octillery|Substitute|p1a: Octillery\n|-start|p1a: Octillery|Substitute\n|-damage|p1a: Octillery|24\/100\n|\n|-heal|p1a: Octillery|30\/100|[from] item: Leftovers\n|-ability|p1a: Octillery|Moody|boost\n|-boost|p1a: Octillery|spe|2\n|-unboost|p1a: Octillery|atk|1\n|upkeep\n|turn|34\n|\n|t:|1700530258\n|move|p2a: Kyurem|Freeze-Dry|p1a: Octillery\n|-supereffective|p1a: Octillery\n|-end|p1a: Octillery|Substitute\n|move|p1a: Octillery|Hydro Pump|p2a: Kyurem\n|-resisted|p2a: Kyurem\n|-damage|p2a: Kyurem|54\/100\n|\n|-heal|p1a: Octillery|36\/100|[from] item: Leftovers\n|-ability|p1a: Octillery|Moody|boost\n|-boost|p1a: Octillery|spa|2\n|-unboost|p1a: Octillery|def|1\n|upkeep\n|turn|35\n|\n|t:|1700530268\n|move|p1a: Octillery|Protect|p1a: Octillery\n|-singleturn|p1a: Octillery|Protect\n|move|p2a: Kyurem|Freeze-Dry|p1a: Octillery\n|-activate|p1a: Octillery|move: Protect\n|\n|-heal|p1a: Octillery|43\/100|[from] item: Leftovers\n|-ability|p1a: Octillery|Moody|boost\n|-boost|p1a: Octillery|spd|2\n|-unboost|p1a: Octillery|spe|1\n|upkeep\n|turn|36\n|\n|t:|1700530278\n|move|p2a: Kyurem|Freeze-Dry|p1a: Octillery\n|-supereffective|p1a: Octillery\n|-damage|p1a: Octillery|20\/100\n|move|p1a: Octillery|Hydro Pump|p2a: Kyurem\n|-resisted|p2a: Kyurem\n|-damage|p2a: Kyurem|0 fnt\n|faint|p2a: Kyurem\n|\n|-heal|p1a: Octillery|26\/100|[from] item: Leftovers\n|-ability|p1a: Octillery|Moody|boost\n|-boost|p1a: Octillery|spa|1\n|-unboost|p1a: Octillery|spd|1\n|upkeep\n|\n|t:|1700530289\n|switch|p2a: Venusaur|Venusaur, M|100\/100\n|turn|37\n|\n|t:|1700530301\n|detailschange|p2a: Venusaur|Venusaur-Mega, M\n|-mega|p2a: Venusaur|Venusaur|Venusaurite\n|move|p1a: Octillery|Protect|p1a: Octillery\n|-singleturn|p1a: Octillery|Protect\n|move|p2a: Venusaur|Energy Ball|p1a: Octillery\n|-activate|p1a: Octillery|move: Protect\n|\n|-heal|p1a: Octillery|32\/100|[from] item: Leftovers\n|-ability|p1a: Octillery|Moody|boost\n|-boost|p1a: Octillery|spe|2\n|-unboost|p1a: Octillery|spa|1\n|upkeep\n|turn|38\n|\n|t:|1700530315\n|move|p1a: Octillery|Hydro Pump|p2a: Venusaur|[miss]\n|-miss|p1a: Octillery|p2a: Venusaur\n|move|p2a: Venusaur|Energy Ball|p1a: Octillery\n|-supereffective|p1a: Octillery\n|-damage|p1a: Octillery|5\/100\n|\n|-heal|p1a: Octillery|12\/100|[from] item: Leftovers\n|-ability|p1a: Octillery|Moody|boost\n|-boost|p1a: Octillery|spd|2\n|-unboost|p1a: Octillery|atk|1\n|upkeep\n|turn|39\n|\n|t:|1700530325\n|move|p1a: Octillery|Rest|p1a: Octillery\n|-status|p1a: Octillery|slp|[from] move: Rest\n|-heal|p1a: Octillery|100\/100 slp|[silent]\n|move|p2a: Venusaur|Energy Ball|p1a: Octillery\n|-supereffective|p1a: Octillery\n|-damage|p1a: Octillery|80\/100 slp\n|\n|-heal|p1a: Octillery|86\/100 slp|[from] item: Leftovers\n|-ability|p1a: Octillery|Moody|boost\n|-boost|p1a: Octillery|spa|1\n|-unboost|p1a: Octillery|spd|1\n|upkeep\n|turn|40\n|l|\u2606nikowha\n|inactive|nikowha disconnected and has a minute to reconnect!\n|player|p2|\n|c|\u2606Xavier1250|:]\n|inactive|nikowha has 30 seconds to reconnect!\n|inactive|nikowha has 20 seconds to reconnect!\n|inactive|nikowha has 15 seconds to reconnect!\n|inactive|nikowha has 10 seconds to reconnect!\n|inactive|nikowha has 5 seconds to reconnect!\n|-message|nikowha lost due to inactivity.\n|\n|win|Xavier1250\n|raw|Xavier1250's rating: 1154 &rarr; <strong>1174<\/strong><br \/>(+20 for winning)\n|raw|nikowha's rating: 1079 &rarr; <strong>1062<\/strong><br \/>(-17 for losing)\n","uploadtime":1700530401,"views":13,"p1id":"xavier1250","p2id":"nikowha","formatid":"gen9nationaldexubers","rating":1062,"private":0,"password":""}