{"id":"gen9nationaldexubers-1999266804","p1":"BTT2023","p2":"lamatine-X","format":"[Gen 9] National Dex Ubers","log":"|j|\u2606BTT2023\n|j|\u2606lamatine-X\n|t:|1701052754\n|gametype|singles\n|player|p1|BTT2023|red|1120\n|player|p2|lamatine-X|riley|1095\n|teamsize|p1|6\n|teamsize|p2|6\n|gen|9\n|tier|[Gen 9] National Dex Ubers\n|rated|\n|rule|HP Percentage Mod: HP is shown in percentages\n|rule|Endless Battle Clause: Forcing endless battles is banned\n|rule|OHKO Clause: OHKO moves are banned\n|rule|Evasion Moves Clause: Evasion moves are banned\n|rule|Evasion Items Clause: Evasion items are banned\n|rule|Species Clause: Limit one of each Pok\u00e9mon\n|rule|Sleep Clause Mod: Limit one foe put to sleep\n|rule|Mega Rayquaza Clause: You cannot mega evolve Rayquaza\n|clearpoke\n|poke|p1|Pikachu, M|\n|poke|p1|Lucario, M|\n|poke|p1|Gengar, M|\n|poke|p1|Dragonite, M|\n|poke|p1|Dracovish|\n|poke|p1|Sirfetch\u2019d, M|\n|poke|p2|Lucario, M|\n|poke|p2|Clawitzer, F|\n|poke|p2|Seadra, F|\n|poke|p2|Dialga-Origin|\n|poke|p2|Blastoise, F|\n|poke|p2|Darkrai|\n|teampreview\n|\n|t:|1701052764\n|start\n|switch|p1a: Pikachu|Pikachu, M|100\/100\n|switch|p2a: Darkrai|Darkrai, shiny|100\/100\n|turn|1\n|\n|t:|1701052773\n|move|p2a: Darkrai|Hypnosis|p1a: Pikachu\n|-status|p1a: Pikachu|slp|[from] move: Hypnosis\n|cant|p1a: Pikachu|slp\n|\n|-damage|p1a: Pikachu|88\/100 slp|[from] ability: Bad Dreams|[of] p2a: Darkrai\n|upkeep\n|turn|2\n|\n|t:|1701052782\n|move|p2a: Darkrai|Hypnosis|p1a: Pikachu|[miss]\n|-miss|p2a: Darkrai|p1a: Pikachu\n|cant|p1a: Pikachu|slp\n|\n|-damage|p1a: Pikachu|76\/100 slp|[from] ability: Bad Dreams|[of] p2a: Darkrai\n|upkeep\n|turn|3\n|\n|t:|1701052791\n|move|p2a: Darkrai|Calm Mind|p2a: Darkrai\n|-boost|p2a: Darkrai|spa|1\n|-boost|p2a: Darkrai|spd|1\n|cant|p1a: Pikachu|slp\n|\n|-damage|p1a: Pikachu|64\/100 slp|[from] ability: Bad Dreams|[of] p2a: Darkrai\n|upkeep\n|turn|4\n|\n|t:|1701052800\n|move|p2a: Darkrai|Calm Mind|p2a: Darkrai\n|-boost|p2a: Darkrai|spa|1\n|-boost|p2a: Darkrai|spd|1\n|-curestatus|p1a: Pikachu|slp|[msg]\n|move|p1a: Pikachu|Trailblaze|p2a: Darkrai\n|-damage|p2a: Darkrai|88\/100\n|-boost|p1a: Pikachu|spe|1\n|\n|-heal|p2a: Darkrai|94\/100|[from] item: Leftovers\n|upkeep\n|turn|5\n|\n|t:|1701052813\n|move|p1a: Pikachu|Iron Tail|p2a: Darkrai|[miss]\n|-miss|p1a: Pikachu|p2a: Darkrai\n|move|p2a: Darkrai|Hypnosis|p1a: Pikachu|[miss]\n|-miss|p2a: Darkrai|p1a: Pikachu\n|\n|-heal|p2a: Darkrai|99\/100|[from] item: Leftovers\n|upkeep\n|turn|6\n|\n|t:|1701052823\n|move|p1a: Pikachu|Iron Tail|p2a: Darkrai|[miss]\n|-miss|p1a: Pikachu|p2a: Darkrai\n|move|p2a: Darkrai|Hypnosis|p1a: Pikachu|[miss]\n|-miss|p2a: Darkrai|p1a: Pikachu\n|\n|-heal|p2a: Darkrai|100\/100|[from] item: Leftovers\n|upkeep\n|turn|7\n|\n|t:|1701052832\n|move|p1a: Pikachu|Iron Tail|p2a: Darkrai\n|-damage|p2a: Darkrai|75\/100\n|-unboost|p2a: Darkrai|def|1\n|move|p2a: Darkrai|Dark Pulse|p1a: Pikachu\n|-damage|p1a: Pikachu|0 fnt\n|faint|p1a: Pikachu\n|\n|-heal|p2a: Darkrai|81\/100|[from] item: Leftovers\n|upkeep\n|\n|t:|1701052852\n|switch|p1a: Lucario|Lucario, M|100\/100\n|turn|8\n|\n|t:|1701052867\n|switch|p2a: Clawitzer|Clawitzer, F|100\/100\n|detailschange|p1a: Lucario|Lucario-Mega, M\n|-mega|p1a: Lucario|Lucario|Lucarionite\n|move|p1a: Lucario|Aura Sphere|p2a: Clawitzer\n|-damage|p2a: Clawitzer|39\/100\n|\n|upkeep\n|turn|9\n|\n|t:|1701052882\n|move|p1a: Lucario|Aura Sphere|p2a: Clawitzer\n|-damage|p2a: Clawitzer|0 fnt\n|faint|p2a: Clawitzer\n|\n|upkeep\n|\n|t:|1701052889\n|switch|p2a: Lucario|Lucario, M|100\/100\n|turn|10\n|\n|t:|1701052894\n|detailschange|p2a: Lucario|Lucario-Mega, M\n|-mega|p2a: Lucario|Lucario|Lucarionite\n|move|p1a: Lucario|Aura Sphere|p2a: Lucario\n|-supereffective|p2a: Lucario\n|-damage|p2a: Lucario|0 fnt\n|faint|p2a: Lucario\n|\n|upkeep\n|\n|t:|1701052904\n|switch|p2a: Seadra|Seadra, F, shiny|100\/100\n|turn|11\n|\n|t:|1701052918\n|move|p1a: Lucario|Aura Sphere|p2a: Seadra\n|-damage|p2a: Seadra|0 fnt\n|faint|p2a: Seadra\n|\n|upkeep\n|\n|t:|1701052925\n|switch|p2a: Dialga|Dialga-Origin|100\/100\n|-ability|p2a: Dialga|Pressure\n|turn|12\n|c|\u2606BTT2023|LUCARIO SWEEP\n|\n|t:|1701052933\n|move|p1a: Lucario|Aura Sphere|p2a: Dialga\n|-supereffective|p2a: Dialga\n|-damage|p2a: Dialga|15\/100\n|move|p2a: Dialga|Aura Sphere|p1a: Lucario\n|-supereffective|p1a: Lucario\n|-damage|p1a: Lucario|0 fnt\n|faint|p1a: Lucario\n|\n|upkeep\n|c|\u2606BTT2023|nvm\n|\n|t:|1701052957\n|switch|p1a: Dracovish|Dracovish|100\/100\n|turn|13\n|\n|t:|1701052968\n|move|p1a: Dracovish|Ice Fang|p2a: Dialga\n|-damage|p2a: Dialga|0 fnt\n|faint|p2a: Dialga\n|\n|upkeep\n|\n|t:|1701052974\n|switch|p2a: Darkrai|Darkrai, shiny|81\/100\n|turn|14\n|\n|t:|1701052978\n|move|p1a: Dracovish|Ice Fang|p2a: Darkrai\n|-damage|p2a: Darkrai|45\/100\n|move|p2a: Darkrai|Hypnosis|p1a: Dracovish\n|-status|p1a: Dracovish|slp|[from] move: Hypnosis\n|\n|-heal|p2a: Darkrai|51\/100|[from] item: Leftovers\n|-damage|p1a: Dracovish|88\/100 slp|[from] ability: Bad Dreams|[of] p2a: Darkrai\n|upkeep\n|turn|15\n|\n|t:|1701052991\n|cant|p1a: Dracovish|slp\n|move|p2a: Darkrai|Dream Eater|p1a: Dracovish\n|-damage|p1a: Dracovish|41\/100 slp\n|-heal|p2a: Darkrai|78\/100|[from] drain|[of] p1a: Dracovish\n|\n|-heal|p2a: Darkrai|83\/100|[from] item: Leftovers\n|-damage|p1a: Dracovish|29\/100 slp|[from] ability: Bad Dreams|[of] p2a: Darkrai\n|upkeep\n|turn|16\n|\n|t:|1701053004\n|-curestatus|p1a: Dracovish|slp|[msg]\n|move|p1a: Dracovish|Ice Fang|p2a: Darkrai\n|-damage|p2a: Darkrai|48\/100\n|move|p2a: Darkrai|Dream Eater|p1a: Dracovish\n|-immune|p1a: Dracovish\n|\n|-heal|p2a: Darkrai|54\/100|[from] item: Leftovers\n|upkeep\n|turn|17\n|\n|t:|1701053023\n|move|p1a: Dracovish|Ice Fang|p2a: Darkrai\n|-damage|p2a: Darkrai|18\/100\n|move|p2a: Darkrai|Hypnosis|p1a: Dracovish|[miss]\n|-miss|p2a: Darkrai|p1a: Dracovish\n|\n|-heal|p2a: Darkrai|24\/100|[from] item: Leftovers\n|upkeep\n|turn|18\n|\n|t:|1701053034\n|switch|p2a: Blastoise|Blastoise, F|100\/100\n|move|p1a: Dracovish|Ice Fang|p2a: Blastoise\n|-resisted|p2a: Blastoise\n|-damage|p2a: Blastoise|86\/100\n|\n|upkeep\n|turn|19\n|\n|t:|1701053043\n|move|p1a: Dracovish|Ice Fang|p2a: Blastoise\n|-resisted|p2a: Blastoise\n|-damage|p2a: Blastoise|72\/100\n|move|p2a: Blastoise|Dragon Pulse|p1a: Dracovish\n|-supereffective|p1a: Dracovish\n|-damage|p1a: Dracovish|0 fnt\n|faint|p1a: Dracovish\n|\n|upkeep\n|\n|t:|1701053054\n|switch|p1a: Dragonite|Dragonite, M|100\/100\n|turn|20\n|\n|t:|1701053059\n|move|p1a: Dragonite|Dragon Dance|p1a: Dragonite\n|-boost|p1a: Dragonite|atk|1\n|-boost|p1a: Dragonite|spe|1\n|move|p2a: Blastoise|Dragon Pulse|p1a: Dragonite\n|-supereffective|p1a: Dragonite\n|-damage|p1a: Dragonite|76\/100\n|-enditem|p1a: Dragonite|Weakness Policy\n|-boost|p1a: Dragonite|atk|2|[from] item: Weakness Policy\n|-boost|p1a: Dragonite|spa|2|[from] item: Weakness Policy\n|\n|upkeep\n|turn|21\n|\n|t:|1701053070\n|move|p1a: Dragonite|Dragon Claw|p2a: Blastoise\n|-damage|p2a: Blastoise|0 fnt\n|faint|p2a: Blastoise\n|\n|upkeep\n|\n|t:|1701053081\n|switch|p2a: Darkrai|Darkrai, shiny|24\/100\n|turn|22\n|\n|t:|1701053085\n|-terastallize|p1a: Dragonite|Fire\n|move|p1a: Dragonite|Fire Punch|p2a: Darkrai\n|-damage|p2a: Darkrai|0 fnt\n|faint|p2a: Darkrai\n|\n|win|BTT2023\n|raw|BTT2023's rating: 1120 &rarr; <strong>1143<\/strong><br \/>(+23 for winning)\n|raw|lamatine-X's rating: 1095 &rarr; <strong>1072<\/strong><br \/>(-23 for losing)\n|c|\u2606BTT2023|GG :)\n","uploadtime":1701053092,"views":1,"p1id":"btt2023","p2id":"lamatinex","formatid":"gen9nationaldexubers","rating":1072,"private":0,"password":""}