{"id":"gen9nationaldexubers-1985912983","p1":"wantcolourpurple","p2":"SystemSeven","format":"[Gen 9] National Dex Ubers","log":"|j|\u2606wantcolourpurple\n|j|\u2606SystemSeven\n|t:|1699421652\n|gametype|singles\n|player|p1|wantcolourpurple|1|1585\n|player|p2|SystemSeven|2|1697\n|teamsize|p1|6\n|teamsize|p2|6\n|gen|9\n|tier|[Gen 9] National Dex Ubers\n|rated|\n|rule|HP Percentage Mod: HP is shown in percentages\n|rule|Endless Battle Clause: Forcing endless battles is banned\n|rule|OHKO Clause: OHKO moves are banned\n|rule|Evasion Moves Clause: Evasion moves are banned\n|rule|Evasion Items Clause: Evasion items are banned\n|rule|Species Clause: Limit one of each Pok\u00e9mon\n|rule|Sleep Clause Mod: Limit one foe put to sleep\n|rule|Mega Rayquaza Clause: You cannot mega evolve Rayquaza\n|clearpoke\n|poke|p1|Arceus|\n|poke|p1|Ho-Oh|\n|poke|p1|Groudon|\n|poke|p1|Yveltal|\n|poke|p1|Necrozma-Dusk-Mane|\n|poke|p1|Annihilape, M|\n|poke|p2|Groudon|\n|poke|p2|Necrozma-Dusk-Mane|\n|poke|p2|Ho-Oh|\n|poke|p2|Arceus-Dark|\n|poke|p2|Kyogre|\n|poke|p2|Zacian-*|\n|teampreview\n|\n|t:|1699421701\n|start\n|switch|p1a: Steak|Yveltal, shiny|100\/100\n|switch|p2a: Arceus|Arceus-Dark|100\/100\n|-ability|p1a: Steak|Dark Aura\n|turn|1\n|j| 1 em trach thu\n|\n|t:|1699421707\n|move|p1a: Steak|Oblivion Wing|p2a: Arceus\n|-damage|p2a: Arceus|58\/100\n|move|p2a: Arceus|Taunt|p1a: Steak\n|-start|p1a: Steak|move: Taunt\n|\n|upkeep\n|turn|2\n|\n|t:|1699421711\n|move|p1a: Steak|Oblivion Wing|p2a: Arceus\n|-damage|p2a: Arceus|16\/100\n|move|p2a: Arceus|Recover|p2a: Arceus\n|-heal|p2a: Arceus|66\/100\n|\n|upkeep\n|turn|3\n|\n|t:|1699421714\n|move|p1a: Steak|Oblivion Wing|p2a: Arceus\n|-damage|p2a: Arceus|24\/100\n|move|p2a: Arceus|Recover|p2a: Arceus\n|-heal|p2a: Arceus|74\/100\n|\n|upkeep\n|turn|4\n|\n|t:|1699421719\n|move|p1a: Steak|Oblivion Wing|p2a: Arceus\n|-damage|p2a: Arceus|31\/100\n|move|p2a: Arceus|Toxic|p1a: Steak\n|-status|p1a: Steak|tox\n|\n|-damage|p1a: Steak|94\/100 tox|[from] psn\n|-end|p1a: Steak|move: Taunt\n|upkeep\n|turn|5\n|\n|t:|1699421723\n|switch|p2a: Zacian|Zacian-Crowned|100\/100\n|-ability|p2a: Zacian|Intrepid Sword|boost\n|-boost|p2a: Zacian|atk|1\n|move|p1a: Steak|Oblivion Wing|p2a: Zacian\n|-resisted|p2a: Zacian\n|-damage|p2a: Zacian|71\/100\n|-heal|p1a: Steak|100\/100 tox|[from] drain|[of] p2a: Zacian\n|\n|-damage|p1a: Steak|88\/100 tox|[from] psn\n|upkeep\n|turn|6\n|\n|t:|1699421727\n|switch|p1a: Groudon|Groudon|100\/100\n|detailschange|p1a: Groudon|Groudon-Primal\n|-primal|p1a: Groudon|Red Orb\n|-weather|DesolateLand|[from] ability: Desolate Land|[of] p1a: Groudon\n|move|p2a: Zacian|Swords Dance|p2a: Zacian\n|-boost|p2a: Zacian|atk|2\n|\n|-weather|DesolateLand|[upkeep]\n|upkeep\n|turn|7\n|\n|t:|1699421731\n|-terastallize|p2a: Zacian|Ground\n|move|p2a: Zacian|Tera Blast|p1a: Groudon|[anim] Tera Blast Ground\n|-supereffective|p1a: Groudon\n|-damage|p1a: Groudon|0 fnt\n|faint|p1a: Groudon\n|-weather|none\n|\n|upkeep\n|\n|t:|1699421742\n|switch|p1a: KFC|Ho-Oh|100\/100\n|turn|8\n|\n|t:|1699421744\n|move|p2a: Zacian|Wild Charge|p1a: KFC\n|-supereffective|p1a: KFC\n|-crit|p1a: KFC\n|-damage|p1a: KFC|0 fnt\n|faint|p1a: KFC\n|-damage|p2a: Zacian|39\/100|[from] Recoil\n|\n|upkeep\n|\n|t:|1699421754\n|switch|p1a: Steak|Yveltal, shiny|88\/100 tox\n|-ability|p1a: Steak|Dark Aura\n|turn|9\n|\n|t:|1699421778\n|-terastallize|p1a: Steak|Dark\n|move|p1a: Steak|Sucker Punch|p2a: Zacian\n|-damage|p2a: Zacian|0 fnt\n|faint|p2a: Zacian\n|\n|-damage|p1a: Steak|82\/100 tox|[from] psn\n|upkeep\n|\n|t:|1699421787\n|switch|p2a: Ho-Oh|Ho-Oh|100\/100\n|turn|10\n|c|\u2606wantcolourpurple|thats a cool set\n|\n|t:|1699421797\n|switch|p1a: Necrozma|Necrozma-Dusk-Mane|100\/100\n|move|p2a: Ho-Oh|Sacred Fire|p1a: Necrozma\n|-supereffective|p1a: Necrozma\n|-damage|p1a: Necrozma|57\/100\n|-status|p1a: Necrozma|brn\n|\n|-heal|p1a: Necrozma|63\/100 brn|[from] item: Leftovers\n|-damage|p1a: Necrozma|57\/100 brn|[from] brn\n|upkeep\n|turn|11\n|\n|t:|1699421811\n|switch|p2a: Necrozma|Necrozma-Dusk-Mane|100\/100\n|move|p1a: Necrozma|Morning Sun|p1a: Necrozma\n|-heal|p1a: Necrozma|100\/100 brn\n|\n|-damage|p1a: Necrozma|94\/100 brn|[from] brn\n|upkeep\n|turn|12\n|\n|t:|1699421814\n|switch|p1a: Steak|Yveltal, shiny, tera:Dark|82\/100 tox\n|-ability|p1a: Steak|Dark Aura\n|move|p2a: Necrozma|Stealth Rock|p1a: Steak\n|-sidestart|p1: wantcolourpurple|move: Stealth Rock\n|\n|-damage|p1a: Steak|76\/100 tox|[from] psn\n|upkeep\n|turn|13\n|\n|t:|1699421818\n|switch|p2a: Ho-Oh|Ho-Oh|100\/100\n|move|p1a: Steak|Dark Pulse|p2a: Ho-Oh\n|-damage|p2a: Ho-Oh|34\/100\n|\n|-damage|p1a: Steak|64\/100 tox|[from] psn\n|upkeep\n|turn|14\n|\n|t:|1699421826\n|move|p1a: Steak|Dark Pulse|p2a: Ho-Oh\n|-damage|p2a: Ho-Oh|0 fnt\n|faint|p2a: Ho-Oh\n|\n|-damage|p1a: Steak|46\/100 tox|[from] psn\n|upkeep\n|\n|t:|1699421828\n|switch|p2a: Kyogre|Kyogre|100\/100\n|detailschange|p2a: Kyogre|Kyogre-Primal\n|-primal|p2a: Kyogre|Blue Orb\n|-weather|PrimordialSea|[from] ability: Primordial Sea|[of] p2a: Kyogre\n|turn|15\n|\n|t:|1699421836\n|move|p1a: Steak|Dark Pulse|p2a: Kyogre\n|-damage|p2a: Kyogre|33\/100\n|cant|p2a: Kyogre|flinch\n|\n|-weather|PrimordialSea|[upkeep]\n|-damage|p1a: Steak|21\/100 tox|[from] psn\n|upkeep\n|turn|16\n|c|\u2606wantcolourpurple|mb\n|\n|t:|1699421847\n|switch|p1a: Necrozma|Necrozma-Dusk-Mane|94\/100 brn\n|-damage|p1a: Necrozma|88\/100 brn|[from] Stealth Rock\n|move|p2a: Kyogre|Scald|p1a: Necrozma\n|-damage|p1a: Necrozma|45\/100 brn\n|\n|-weather|PrimordialSea|[upkeep]\n|-heal|p1a: Necrozma|51\/100 brn|[from] item: Leftovers\n|-damage|p1a: Necrozma|45\/100 brn|[from] brn\n|upkeep\n|turn|17\n|\n|t:|1699421853\n|move|p2a: Kyogre|Scald|p1a: Necrozma\n|-damage|p1a: Necrozma|0 fnt\n|faint|p1a: Necrozma\n|\n|-weather|PrimordialSea|[upkeep]\n|upkeep\n|\n|t:|1699421855\n|switch|p1a: Steak|Yveltal, shiny, tera:Dark|21\/100 tox\n|-damage|p1a: Steak|9\/100 tox|[from] Stealth Rock\n|-ability|p1a: Steak|Dark Aura\n|turn|18\n|\n|t:|1699421858\n|move|p1a: Steak|Oblivion Wing|p2a: Kyogre\n|-damage|p2a: Kyogre|0 fnt\n|-heal|p1a: Steak|34\/100 tox|[from] drain|[of] p2a: Kyogre\n|faint|p2a: Kyogre\n|-weather|none\n|\n|-damage|p1a: Steak|27\/100 tox|[from] psn\n|upkeep\n|\n|t:|1699421864\n|switch|p2a: Arceus|Arceus-Dark|31\/100\n|turn|19\n|\n|t:|1699421867\n|switch|p2a: Necrozma|Necrozma-Dusk-Mane|100\/100\n|move|p1a: Steak|Oblivion Wing|p2a: Necrozma\n|-resisted|p2a: Necrozma\n|-damage|p2a: Necrozma|78\/100\n|-heal|p1a: Steak|45\/100 tox|[from] drain|[of] p2a: Necrozma\n|\n|-damage|p1a: Steak|33\/100 tox|[from] psn\n|upkeep\n|turn|20\n|\n|t:|1699421884\n|switch|p1a: Arceus|Arceus|100\/100\n|-damage|p1a: Arceus|88\/100|[from] Stealth Rock\n|move|p2a: Necrozma|Sunsteel Strike|p1a: Arceus\n|-crit|p1a: Arceus\n|-damage|p1a: Arceus|35\/100\n|\n|upkeep\n|turn|21\n|\n|t:|1699421889\n|move|p1a: Arceus|Earthquake|p2a: Necrozma\n|-supereffective|p2a: Necrozma\n|-crit|p2a: Necrozma\n|-damage|p2a: Necrozma|28\/100\n|move|p2a: Necrozma|Sunsteel Strike|p1a: Arceus\n|-damage|p1a: Arceus|0 fnt\n|faint|p1a: Arceus\n|\n|upkeep\n|\n|t:|1699421892\n|switch|p1a: Annihilape|Annihilape, M|100\/100\n|-damage|p1a: Annihilape|94\/100|[from] Stealth Rock\n|turn|22\n|\n|t:|1699421898\n|switch|p2a: Arceus|Arceus-Dark|31\/100\n|move|p1a: Annihilape|Bulk Up|p1a: Annihilape\n|-boost|p1a: Annihilape|atk|1\n|-boost|p1a: Annihilape|def|1\n|\n|-heal|p1a: Annihilape|100\/100|[from] item: Leftovers\n|upkeep\n|turn|23\n|\n|t:|1699421903\n|move|p2a: Arceus|Taunt|p1a: Annihilape\n|-start|p1a: Annihilape|move: Taunt\n|cant|p1a: Annihilape|move: Taunt|Taunt\n|\n|upkeep\n|turn|24\n|\n|t:|1699421908\n|move|p2a: Arceus|Toxic|p1a: Annihilape\n|-status|p1a: Annihilape|tox\n|move|p1a: Annihilape|Drain Punch|p2a: Arceus\n|-supereffective|p2a: Arceus\n|-damage|p2a: Arceus|0 fnt\n|faint|p2a: Arceus\n|\n|-damage|p1a: Annihilape|94\/100 tox|[from] psn\n|upkeep\n|\n|t:|1699421910\n|switch|p2a: Groudon|Groudon|100\/100\n|detailschange|p2a: Groudon|Groudon-Primal\n|-primal|p2a: Groudon|Red Orb\n|-weather|DesolateLand|[from] ability: Desolate Land|[of] p2a: Groudon\n|turn|25\n|\n|t:|1699421913\n|move|p2a: Groudon|Heat Crash|p1a: Annihilape\n|-damage|p1a: Annihilape|10\/100 tox\n|move|p1a: Annihilape|Drain Punch|p2a: Groudon\n|-damage|p2a: Groudon|69\/100\n|-heal|p1a: Annihilape|23\/100 tox|[from] drain|[of] p2a: Groudon\n|\n|-weather|DesolateLand|[upkeep]\n|-heal|p1a: Annihilape|29\/100 tox|[from] item: Leftovers\n|-damage|p1a: Annihilape|16\/100 tox|[from] psn\n|-end|p1a: Annihilape|move: Taunt\n|upkeep\n|turn|26\n|\n|t:|1699421917\n|move|p2a: Groudon|Heat Crash|p1a: Annihilape\n|-damage|p1a: Annihilape|0 fnt\n|faint|p1a: Annihilape\n|\n|-weather|DesolateLand|[upkeep]\n|upkeep\n|\n|t:|1699421920\n|switch|p1a: Steak|Yveltal, shiny, tera:Dark|33\/100 tox\n|-damage|p1a: Steak|20\/100 tox|[from] Stealth Rock\n|-ability|p1a: Steak|Dark Aura\n|turn|27\n|\n|t:|1699421923\n|-weather|none\n|switch|p2a: Necrozma|Necrozma-Dusk-Mane|28\/100\n|move|p1a: Steak|Dark Pulse|p2a: Necrozma\n|-supereffective|p2a: Necrozma\n|-damage|p2a: Necrozma|0 fnt\n|faint|p2a: Necrozma\n|\n|-damage|p1a: Steak|14\/100 tox|[from] psn\n|upkeep\n|\n|t:|1699421925\n|switch|p2a: Groudon|Groudon-Primal|69\/100\n|-weather|DesolateLand|[from] ability: Desolate Land|[of] p2a: Groudon\n|turn|28\n|\n|t:|1699421928\n|move|p1a: Steak|Dark Pulse|p2a: Groudon\n|-damage|p2a: Groudon|0 fnt\n|faint|p2a: Groudon\n|-weather|none\n|\n|win|wantcolourpurple\n|raw|wantcolourpurple's rating: 1585 &rarr; <strong>1611<\/strong><br \/>(+26 for winning)\n|raw|SystemSeven's rating: 1697 &rarr; <strong>1671<\/strong><br \/>(-26 for losing)\n|c|\u2606wantcolourpurple|gg\n|l|\u2606SystemSeven\n|l|\u2606wantcolourpurple\n","uploadtime":1699421940,"views":9,"p1id":"wantcolourpurple","p2id":"systemseven","formatid":"gen9nationaldexubers","rating":1611,"private":0,"password":""}