{"id":"gen9nationaldexubers-1989143895","p1":"KylarStern0508","p2":"ModestStarmie","format":"[Gen 9] National Dex Ubers","log":"|j|\u2606KylarStern0508\n|j|\u2606ModestStarmie\n|t:|1699816901\n|gametype|singles\n|player|p1|KylarStern0508|bruno|\n|player|p2|ModestStarmie|morty|\n|teamsize|p1|6\n|teamsize|p2|6\n|gen|9\n|tier|[Gen 9] National Dex Ubers\n|rule|HP Percentage Mod: HP is shown in percentages\n|rule|Endless Battle Clause: Forcing endless battles is banned\n|rule|OHKO Clause: OHKO moves are banned\n|rule|Evasion Moves Clause: Evasion moves are banned\n|rule|Evasion Items Clause: Evasion items are banned\n|rule|Species Clause: Limit one of each Pok\u00e9mon\n|rule|Sleep Clause Mod: Limit one foe put to sleep\n|rule|Mega Rayquaza Clause: You cannot mega evolve Rayquaza\n|clearpoke\n|poke|p1|Scizor, F|\n|poke|p1|Azumarill, M|\n|poke|p1|Donphan, F|\n|poke|p1|Pawmot, M|\n|poke|p1|Dudunsparce-*, M|\n|poke|p1|Muk, F|\n|poke|p2|Charizard, M|\n|poke|p2|Walking Wake|\n|poke|p2|Whimsicott, M|\n|poke|p2|Zoroark-Hisui, M|\n|poke|p2|Tinkaton, F|\n|poke|p2|Quagsire, M|\n|teampreview\n|c|\u2606ModestStarmie|glhf!\n|c|\u2606ModestStarmie|aw no noctowl :(\n|c|\u2606KylarStern0508|u2 man\n|c|\u2606KylarStern0508|had to bring dun i hadnt brought it yet this season\n|\n|t:|1699816995\n|start\n|switch|p1a: Dudunsparce|Dudunsparce, M|100\/100\n|switch|p2a: Lava Boy|Charizard, M, shiny|100\/100\n|turn|1\n|\n|t:|1699817034\n|detailschange|p2a: Lava Boy|Charizard-Mega-Y, M, shiny\n|-mega|p2a: Lava Boy|Charizard|Charizardite Y\n|-weather|SunnyDay|[from] ability: Drought|[of] p2a: Lava Boy\n|move|p2a: Lava Boy|Flamethrower|p1a: Dudunsparce\n|-damage|p1a: Dudunsparce|47\/100\n|move|p1a: Dudunsparce|Stealth Rock|p2a: Lava Boy\n|-sidestart|p2: ModestStarmie|move: Stealth Rock\n|\n|-weather|SunnyDay|[upkeep]\n|-heal|p1a: Dudunsparce|53\/100|[from] item: Leftovers\n|upkeep\n|turn|2\n|\n|t:|1699817058\n|switch|p1a: Azumarill|Azumarill, M|100\/100\n|move|p2a: Lava Boy|Flamethrower|p1a: Azumarill\n|-resisted|p1a: Azumarill\n|-damage|p1a: Azumarill|75\/100\n|\n|-weather|SunnyDay|[upkeep]\n|upkeep\n|turn|3\n|\n|t:|1699817094\n|switch|p1a: Muk|Muk, F|100\/100\n|move|p2a: Lava Boy|Solar Beam||[still]\n|-prepare|p2a: Lava Boy|Solar Beam\n|-anim|p2a: Lava Boy|Solar Beam|p1a: Muk\n|-resisted|p1a: Muk\n|-damage|p1a: Muk|83\/100\n|\n|-weather|SunnyDay|[upkeep]\n|-heal|p1a: Muk|89\/100|[from] item: Black Sludge\n|upkeep\n|turn|4\n|\n|t:|1699817158\n|move|p2a: Lava Boy|Earthquake|p1a: Muk\n|-supereffective|p1a: Muk\n|-damage|p1a: Muk|40\/100\n|move|p1a: Muk|Ice Punch|p2a: Lava Boy\n|-damage|p2a: Lava Boy|74\/100\n|\n|-weather|SunnyDay|[upkeep]\n|-heal|p1a: Muk|46\/100|[from] item: Black Sludge\n|upkeep\n|turn|5\n|\n|t:|1699817179\n|move|p2a: Lava Boy|Earthquake|p1a: Muk\n|-supereffective|p1a: Muk\n|-damage|p1a: Muk|0 fnt\n|faint|p1a: Muk\n|\n|-weather|none\n|upkeep\n|\n|t:|1699817215\n|switch|p1a: Pawmot|Pawmot, M|100\/100\n|turn|6\n|\n|t:|1699817259\n|switch|p2a: Pan|Whimsicott, M, shiny|100\/100\n|-damage|p2a: Pan|88\/100|[from] Stealth Rock\n|move|p1a: Pawmot|Close Combat|p2a: Pan\n|-resisted|p2a: Pan\n|-damage|p2a: Pan|63\/100\n|-unboost|p1a: Pawmot|def|1\n|-unboost|p1a: Pawmot|spd|1\n|\n|upkeep\n|turn|7\n|\n|t:|1699817294\n|switch|p1a: Scizor|Scizor, F|100\/100\n|move|p2a: Pan|Moonblast|p1a: Scizor\n|-resisted|p1a: Scizor\n|-damage|p1a: Scizor|85\/100\n|-unboost|p1a: Scizor|spa|1\n|\n|upkeep\n|turn|8\n|\n|t:|1699817323\n|detailschange|p1a: Scizor|Scizor-Mega, F\n|-mega|p1a: Scizor|Scizor|Scizorite\n|move|p2a: Pan|Stun Spore|p1a: Scizor|[miss]\n|-miss|p2a: Pan|p1a: Scizor\n|move|p1a: Scizor|Trailblaze|p2a: Pan\n|-resisted|p2a: Pan\n|-damage|p2a: Pan|50\/100\n|-boost|p1a: Scizor|spe|1\n|\n|upkeep\n|turn|9\n|\n|t:|1699817349\n|move|p1a: Scizor|Bullet Punch|p2a: Pan\n|-supereffective|p2a: Pan\n|-damage|p2a: Pan|0 fnt\n|faint|p2a: Pan\n|\n|upkeep\n|\n|t:|1699817357\n|switch|p2a: Jughead|Quagsire, M|100\/100\n|-damage|p2a: Jughead|94\/100|[from] Stealth Rock\n|turn|10\n|\n|t:|1699817401\n|move|p1a: Scizor|Trailblaze|p2a: Jughead\n|-supereffective|p2a: Jughead\n|-damage|p2a: Jughead|0 fnt\n|-boost|p1a: Scizor|spe|1\n|faint|p2a: Jughead\n|\n|upkeep\n|\n|t:|1699817412\n|switch|p2a: Pixie|Tinkaton, F|100\/100\n|-damage|p2a: Pixie|88\/100|[from] Stealth Rock\n|turn|11\n|\n|t:|1699817495\n|switch|p1a: Dudunsparce|Dudunsparce, M|53\/100\n|move|p2a: Pixie|Flamethrower|p1a: Dudunsparce\n|-damage|p1a: Dudunsparce|25\/100\n|\n|-heal|p1a: Dudunsparce|31\/100|[from] item: Leftovers\n|upkeep\n|turn|12\n|\n|t:|1699817528\n|switch|p2a: Pixie|Tinkaton, F|100\/100\n|-damage|p2a: Pixie|94\/100|[from] Stealth Rock\n|-ability|p2a: Pixie|Mold Breaker\n|move|p1a: Dudunsparce|Roost|p1a: Dudunsparce\n|-heal|p1a: Dudunsparce|81\/100\n|-singleturn|p1a: Dudunsparce|move: Roost\n|\n|-heal|p2a: Pixie|100\/100|[from] item: Leftovers\n|-heal|p1a: Dudunsparce|87\/100|[from] item: Leftovers\n|upkeep\n|turn|13\n|\n|t:|1699817544\n|switch|p1a: Donphan|Donphan, F|100\/100\n|move|p2a: Pixie|Knock Off|p1a: Donphan\n|-damage|p1a: Donphan|79\/100\n|-enditem|p1a: Donphan|Expert Belt|[from] move: Knock Off|[of] p2a: Pixie\n|\n|upkeep\n|turn|14\n|\n|t:|1699817570\n|move|p2a: Pixie|Ice Hammer|p1a: Donphan\n|-supereffective|p1a: Donphan\n|-damage|p1a: Donphan|32\/100\n|-unboost|p2a: Pixie|spe|1\n|move|p1a: Donphan|Rock Polish|p1a: Donphan\n|-boost|p1a: Donphan|spe|2\n|\n|upkeep\n|turn|15\n|\n|t:|1699817682\n|move|p1a: Donphan|Earthquake|p2a: Pixie\n|-supereffective|p2a: Pixie\n|-damage|p2a: Pixie|0 fnt\n|faint|p2a: Pixie\n|\n|upkeep\n|\n|t:|1699817713\n|switch|p2a: Lava Boy|Charizard-Mega-Y, M, shiny|74\/100\n|-damage|p2a: Lava Boy|24\/100|[from] Stealth Rock\n|-weather|SunnyDay|[from] ability: Drought|[of] p2a: Lava Boy\n|turn|16\n|\n|t:|1699817759\n|move|p1a: Donphan|Ice Spinner|p2a: Lava Boy\n|-damage|p2a: Lava Boy|0 fnt\n|faint|p2a: Lava Boy\n|\n|-weather|SunnyDay|[upkeep]\n|upkeep\n|\n|t:|1699817764\n|switch|p2a: Shark Girl|Walking Wake|100\/100\n|-damage|p2a: Shark Girl|88\/100|[from] Stealth Rock\n|-activate|p2a: Shark Girl|ability: Protosynthesis\n|-start|p2a: Shark Girl|protosynthesisspe\n|turn|17\n|\n|t:|1699817787\n|move|p2a: Shark Girl|Hydro Steam|p1a: Donphan\n|-supereffective|p1a: Donphan\n|-damage|p1a: Donphan|0 fnt\n|faint|p1a: Donphan\n|\n|-weather|SunnyDay|[upkeep]\n|upkeep\n|\n|t:|1699817798\n|switch|p1a: Azumarill|Azumarill, M|75\/100\n|turn|18\n|\n|t:|1699817808\n|move|p1a: Azumarill|Play Rough|p2a: Shark Girl\n|-supereffective|p2a: Shark Girl\n|-damage|p2a: Shark Girl|0 fnt\n|faint|p2a: Shark Girl\n|-end|p2a: Shark Girl|Protosynthesis|[silent]\n|\n|-weather|SunnyDay|[upkeep]\n|upkeep\n|\n|t:|1699817845\n|switch|p2a: Xhadow|Zoroark-Hisui, M, shiny|88\/100\n|-damage|p2a: Xhadow|76\/100|[from] Stealth Rock\n|turn|19\n|\n|t:|1699817883\n|move|p2a: Xhadow|Bitter Malice|p1a: Azumarill\n|-crit|p1a: Azumarill\n|-damage|p1a: Azumarill|24\/100\n|-unboost|p1a: Azumarill|atk|1\n|move|p1a: Azumarill|Knock Off|p2a: Xhadow\n|-supereffective|p2a: Xhadow\n|-damage|p2a: Xhadow|0 fnt\n|-enditem|p2a: Xhadow|Choice Specs|[from] move: Knock Off|[of] p1a: Azumarill\n|faint|p2a: Xhadow\n|\n|win|KylarStern0508\n|c|\u2606ModestStarmie|gg :)\n|c|\u2606KylarStern0508|gg\n|c|\u2606KylarStern0508|what was the wake tech\n|c|\u2606ModestStarmie|not sure how Azu outsped walking wake?\n|c|\u2606ModestStarmie|im specs but I had a speed boost\n|c|\u2606KylarStern0508|no idea either\n|c|\u2606KylarStern0508|im av\n|c|\u2606ModestStarmie|glitch?\n|c|\u2606KylarStern0508|had to be\n|c|\u2606KylarStern0508|whatd ya click\n","uploadtime":1699817967,"views":53,"p1id":"kylarstern0508","p2id":"modeststarmie","formatid":"gen9nationaldexubers","rating":0,"private":0,"password":""}