{"id":"gen9nationaldexubers-1979044522","p1":"Edras16","p2":"XX_1nfinity_XX","format":"[Gen 9] National Dex Ubers","log":"|j|\u2606Edras16\n|j|\u2606XX_1nfinity_XX\n|t:|1698625092\n|gametype|singles\n|player|p1|Edras16|steven|\n|player|p2|XX_1nfinity_XX|lucas|\n|teamsize|p1|6\n|teamsize|p2|6\n|gen|9\n|tier|[Gen 9] National Dex Ubers\n|rule|HP Percentage Mod: HP is shown in percentages\n|rule|Endless Battle Clause: Forcing endless battles is banned\n|rule|OHKO Clause: OHKO moves are banned\n|rule|Evasion Moves Clause: Evasion moves are banned\n|rule|Evasion Items Clause: Evasion items are banned\n|rule|Species Clause: Limit one of each Pok\u00e9mon\n|rule|Sleep Clause Mod: Limit one foe put to sleep\n|rule|Mega Rayquaza Clause: You cannot mega evolve Rayquaza\n|clearpoke\n|poke|p1|Tapu Lele|\n|poke|p1|Mewtwo|\n|poke|p1|Urshifu-*, F|\n|poke|p1|Starmie|\n|poke|p1|Gardevoir, M|\n|poke|p1|Armarouge, M|\n|poke|p2|Medicham, M|\n|poke|p2|Ogerpon-Wellspring, F|\n|poke|p2|Alomomola, F|\n|poke|p2|Chansey, F|\n|poke|p2|Blacephalon|\n|poke|p2|Cinderace, F|\n|teampreview\n|inactive|Battle timer is ON: inactive players will automatically lose when time's up. (requested by XX_1nfinity_XX)\n|inactive|Edras16 also wants the timer to be on.\n|c|\u2606Edras16|Glhf\n|c|\u2606XX_1nfinity_XX|u2\n|\n|t:|1698625110\n|start\n|switch|p1a: Tapu Lele|Tapu Lele|100\/100\n|switch|p2a: Ace from OP|Cinderace, F|100\/100\n|-fieldstart|move: Psychic Terrain|[from] ability: Psychic Surge|[of] p1a: Tapu Lele\n|turn|1\n|\n|t:|1698625117\n|switch|p1a: Armarouge|Armarouge, M|100\/100\n|move|p2a: Ace from OP|U-turn|p1a: Armarouge\n|-damage|p1a: Armarouge|74\/100\n|-ability|p1a: Armarouge|Weak Armor|boost\n|-unboost|p1a: Armarouge|def|1\n|-boost|p1a: Armarouge|spe|2\n|\n|t:|1698625121\n|switch|p2a: Ball|Chansey, F|100\/100|[from] U-turn\n|\n|upkeep\n|turn|2\n|c|\u2606XX_1nfinity_XX|ohh frick\n|c|\u2606XX_1nfinity_XX|nooo\n|\n|t:|1698625132\n|-terastallize|p2a: Ball|Dark\n|move|p1a: Armarouge|Calm Mind|p1a: Armarouge\n|-boost|p1a: Armarouge|spa|1\n|-boost|p1a: Armarouge|spd|1\n|move|p2a: Ball|Flamethrower|p1a: Armarouge\n|-resisted|p1a: Armarouge\n|-damage|p1a: Armarouge|70\/100\n|\n|upkeep\n|turn|3\n|\n|t:|1698625136\n|move|p1a: Armarouge|Armor Cannon|p2a: Ball\n|-damage|p2a: Ball|71\/100\n|-unboost|p1a: Armarouge|def|1\n|-unboost|p1a: Armarouge|spd|1\n|move|p2a: Ball|Flamethrower|p1a: Armarouge\n|-resisted|p1a: Armarouge\n|-damage|p1a: Armarouge|64\/100\n|\n|upkeep\n|turn|4\n|c|\u2606XX_1nfinity_XX|forgot to add seismic toss\n|\n|t:|1698625154\n|move|p1a: Armarouge|Calm Mind|p1a: Armarouge\n|-boost|p1a: Armarouge|spa|1\n|-boost|p1a: Armarouge|spd|1\n|move|p2a: Ball|Flamethrower|p1a: Armarouge\n|-resisted|p1a: Armarouge\n|-damage|p1a: Armarouge|59\/100\n|\n|upkeep\n|turn|5\n|c|\u2606Edras16|Damn\n|\n|t:|1698625160\n|move|p1a: Armarouge|Calm Mind|p1a: Armarouge\n|-boost|p1a: Armarouge|spa|1\n|-boost|p1a: Armarouge|spd|1\n|move|p2a: Ball|Soft-Boiled|p2a: Ball\n|-heal|p2a: Ball|100\/100\n|\n|upkeep\n|turn|6\n|\n|t:|1698625167\n|move|p1a: Armarouge|Armor Cannon|p2a: Ball\n|-damage|p2a: Ball|52\/100\n|-unboost|p1a: Armarouge|def|1\n|-unboost|p1a: Armarouge|spd|1\n|move|p2a: Ball|Teleport|p2a: Ball\n|\n|t:|1698625181\n|switch|p2a: Big Fesh|Alomomola, F|100\/100|[from] Teleport\n|\n|upkeep\n|turn|7\n|\n|t:|1698625187\n|move|p2a: Big Fesh|Protect|p2a: Big Fesh\n|-singleturn|p2a: Big Fesh|Protect\n|move|p1a: Armarouge|Armor Cannon|p2a: Big Fesh\n|-activate|p2a: Big Fesh|move: Protect\n|\n|upkeep\n|turn|8\n|\n|t:|1698625193\n|move|p1a: Armarouge|Expanding Force|p2a: Big Fesh\n|-damage|p2a: Big Fesh|0 fnt\n|faint|p2a: Big Fesh\n|\n|-fieldend|move: Psychic Terrain\n|upkeep\n|\n|t:|1698625208\n|switch|p2a: Ace from OP|Cinderace, F|100\/100\n|turn|9\n|\n|t:|1698625212\n|move|p2a: Ace from OP|Sucker Punch|p1a: Armarouge\n|-supereffective|p1a: Armarouge\n|-damage|p1a: Armarouge|0 fnt\n|faint|p1a: Armarouge\n|\n|upkeep\n|\n|t:|1698625217\n|switch|p1a: Urshifu|Urshifu, F|100\/100\n|turn|10\n|c|\u2606XX_1nfinity_XX|and forgot to add libro\n|\n|t:|1698625229\n|move|p2a: Ace from OP|U-turn|p1a: Urshifu\n|-damage|p1a: Urshifu|79\/100\n|c|\u2606Edras16|Damn\n|\n|t:|1698625237\n|switch|p2a: Zoa's Daughter|Ogerpon-Wellspring, F|100\/100|[from] U-turn\n|move|p1a: Urshifu|Wicked Blow|p2a: Zoa's Daughter\n|-crit|p2a: Zoa's Daughter\n|-damage|p2a: Zoa's Daughter|0 fnt\n|faint|p2a: Zoa's Daughter\n|\n|upkeep\n|\n|t:|1698625239\n|switch|p2a: Ace from OP|Cinderace, F|100\/100\n|turn|11\n|\n|t:|1698625244\n|move|p2a: Ace from OP|Pyro Ball|p1a: Urshifu\n|-damage|p1a: Urshifu|18\/100\n|move|p1a: Urshifu|Wicked Blow|p2a: Ace from OP\n|-crit|p2a: Ace from OP\n|-damage|p2a: Ace from OP|0 fnt\n|faint|p2a: Ace from OP\n|\n|upkeep\n|\n|t:|1698625253\n|switch|p2a: Party|Blacephalon|100\/100\n|turn|12\n|\n|t:|1698625257\n|move|p2a: Party|Shadow Ball|p1a: Urshifu\n|-resisted|p1a: Urshifu\n|-damage|p1a: Urshifu|0 fnt\n|faint|p1a: Urshifu\n|-ability|p2a: Party|Beast Boost|boost\n|-boost|p2a: Party|spa|1\n|\n|upkeep\n|\n|t:|1698625259\n|switch|p1a: Mewtwo|Mewtwo|100\/100\n|-ability|p1a: Mewtwo|Pressure\n|turn|13\n|\n|t:|1698625263\n|-terastallize|p1a: Mewtwo|Psychic\n|move|p1a: Mewtwo|Psystrike|p2a: Party\n|-damage|p2a: Party|0 fnt\n|faint|p2a: Party\n|\n|upkeep\n|\n|t:|1698625268\n|switch|p2a: Ball|Chansey, F, tera:Dark|52\/100\n|turn|14\n|\n|t:|1698625271\n|switch|p1a: Gardevoir|Gardevoir, M|100\/100\n|-ability|p1a: Gardevoir|Natural Cure|[from] ability: Trace|[of] p2a: Ball\n|move|p2a: Ball|Teleport|p2a: Ball\n|\n|t:|1698625273\n|switch|p2a: GOAT|Medicham, M|100\/100|[from] Teleport\n|\n|upkeep\n|turn|15\n|\n|t:|1698625276\n|switch|p1a: Tapu Lele|Tapu Lele|100\/100\n|-fieldstart|move: Psychic Terrain|[from] ability: Psychic Surge|[of] p1a: Tapu Lele\n|detailschange|p2a: GOAT|Medicham-Mega, M\n|-mega|p2a: GOAT|Medicham|Medichamite\n|move|p2a: GOAT|Return|p1a: Tapu Lele\n|-damage|p1a: Tapu Lele|9\/100\n|\n|upkeep\n|turn|16\n|\n|t:|1698625280\n|switch|p2a: Ball|Chansey, F, tera:Dark|52\/100\n|move|p1a: Tapu Lele|Moonblast|p2a: Ball\n|-supereffective|p2a: Ball\n|-damage|p2a: Ball|23\/100\n|\n|upkeep\n|turn|17\n|\n|t:|1698625284\n|move|p1a: Tapu Lele|Moonblast|p2a: Ball\n|-supereffective|p2a: Ball\n|-damage|p2a: Ball|0 fnt\n|faint|p2a: Ball\n|\n|upkeep\n|c|\u2606XX_1nfinity_XX|danm\n|\n|t:|1698625289\n|switch|p2a: GOAT|Medicham-Mega, M|100\/100\n|turn|18\n|c|\u2606Edras16|Is your chansey phys def or some shit\n|\n|t:|1698625298\n|switch|p1a: Starmie|Starmie|100\/100\n|move|p2a: GOAT|Return|p1a: Starmie\n|-damage|p1a: Starmie|19\/100\n|\n|upkeep\n|turn|19\n|\n|t:|1698625307\n|move|p1a: Starmie|Expanding Force|p2a: GOAT\n|-crit|p2a: GOAT\n|-damage|p2a: GOAT|0 fnt\n|faint|p2a: GOAT\n|\n|win|Edras16\n|c|\u2606Edras16|Gg\n|c|\u2606XX_1nfinity_XX|gg\n|l|\u2606XX_1nfinity_XX\n","uploadtime":1698625347,"views":14,"p1id":"edras16","p2id":"xx1nfinityxx","formatid":"gen9nationaldexubers","rating":0,"private":0,"password":""}