{"id":"gen9nationaldexubers-1986665788","p1":"BROOSbr","p2":"AdrianGarcia1604","format":"[Gen 9] National Dex Ubers","log":"|j|\u2606BROOSbr\n|j|\u2606AdrianGarcia1604\n|t:|1699504584\n|gametype|singles\n|player|p1|BROOSbr|170|1040\n|player|p2|AdrianGarcia1604|ethan|1161\n|teamsize|p1|6\n|teamsize|p2|6\n|gen|9\n|tier|[Gen 9] National Dex Ubers\n|rated|\n|rule|HP Percentage Mod: HP is shown in percentages\n|rule|Endless Battle Clause: Forcing endless battles is banned\n|rule|OHKO Clause: OHKO moves are banned\n|rule|Evasion Moves Clause: Evasion moves are banned\n|rule|Evasion Items Clause: Evasion items are banned\n|rule|Species Clause: Limit one of each Pok\u00e9mon\n|rule|Sleep Clause Mod: Limit one foe put to sleep\n|rule|Mega Rayquaza Clause: You cannot mega evolve Rayquaza\n|clearpoke\n|poke|p1|Wobbuffet, M|\n|poke|p1|Pyukumuku, M|\n|poke|p1|Deoxys-Defense|\n|poke|p1|Lurantis, M|\n|poke|p1|Breloom, F|\n|poke|p1|Shuckle, F|\n|poke|p2|Tornadus, M|\n|poke|p2|Gardevoir, F|\n|poke|p2|Sneasler, F|\n|poke|p2|Kartana|\n|poke|p2|Meowscarada, F|\n|poke|p2|Cinderace, F|\n|teampreview\n|\n|t:|1699504635\n|start\n|switch|p1a: Shuckle|Shuckle, F, shiny|100\/100\n|switch|p2a: Brutus|Tornadus, M, shiny|100\/100\n|turn|1\n|\n|t:|1699504645\n|move|p2a: Brutus|Tailwind|p2a: Brutus\n|-sidestart|p2: AdrianGarcia1604|move: Tailwind\n|move|p1a: Shuckle|Shell Smash|p1a: Shuckle\n|-boost|p1a: Shuckle|def|1\n|-boost|p1a: Shuckle|spd|1\n|-unboost|p1a: Shuckle|atk|2\n|-unboost|p1a: Shuckle|spa|2\n|-unboost|p1a: Shuckle|spe|2\n|\n|upkeep\n|turn|2\n|\n|t:|1699504662\n|move|p2a: Brutus|Hurricane|p1a: Shuckle\n|-damage|p1a: Shuckle|71\/100\n|-damage|p2a: Brutus|91\/100|[from] item: Life Orb\n|move|p1a: Shuckle|Shell Smash|p1a: Shuckle\n|-boost|p1a: Shuckle|def|1\n|-boost|p1a: Shuckle|spd|1\n|-unboost|p1a: Shuckle|atk|2\n|-unboost|p1a: Shuckle|spa|2\n|-unboost|p1a: Shuckle|spe|2\n|\n|-heal|p1a: Shuckle|78\/100|[from] item: Leftovers\n|upkeep\n|turn|3\n|\n|t:|1699504698\n|switch|p2a: Raven|Meowscarada, F, shiny|100\/100\n|move|p1a: Shuckle|Toxic|p2a: Raven\n|-status|p2a: Raven|tox\n|\n|-heal|p1a: Shuckle|84\/100|[from] item: Leftovers\n|-damage|p2a: Raven|94\/100 tox|[from] psn\n|upkeep\n|turn|4\n|\n|t:|1699504710\n|move|p2a: Raven|Thunder Punch|p1a: Shuckle\n|-start|p2a: Raven|typechange|Electric|[from] ability: Protean\n|-damage|p1a: Shuckle|71\/100\n|-damage|p2a: Raven|85\/100 tox|[from] item: Life Orb\n|move|p1a: Shuckle|Shell Smash|p1a: Shuckle\n|-boost|p1a: Shuckle|def|1\n|-boost|p1a: Shuckle|spd|1\n|-unboost|p1a: Shuckle|atk|2\n|-unboost|p1a: Shuckle|spa|2\n|-unboost|p1a: Shuckle|spe|2\n|\n|-heal|p1a: Shuckle|77\/100|[from] item: Leftovers\n|-damage|p2a: Raven|72\/100 tox|[from] psn\n|-sideend|p2: AdrianGarcia1604|move: Tailwind\n|upkeep\n|turn|5\n|\n|t:|1699504715\n|move|p2a: Raven|Thunder Punch|p1a: Shuckle\n|-damage|p1a: Shuckle|67\/100\n|-status|p1a: Shuckle|par\n|-damage|p2a: Raven|62\/100 tox|[from] item: Life Orb\n|move|p1a: Shuckle|Shell Smash|p1a: Shuckle\n|-boost|p1a: Shuckle|def|1\n|-boost|p1a: Shuckle|spd|1\n|-unboost|p1a: Shuckle|atk|0\n|-unboost|p1a: Shuckle|spa|0\n|-unboost|p1a: Shuckle|spe|0\n|\n|-heal|p1a: Shuckle|73\/100 par|[from] item: Leftovers\n|-damage|p2a: Raven|44\/100 tox|[from] psn\n|upkeep\n|turn|6\n|\n|t:|1699504728\n|move|p2a: Raven|Seed Bomb|p1a: Shuckle\n|-damage|p1a: Shuckle|66\/100 par\n|-damage|p2a: Raven|34\/100 tox|[from] item: Life Orb\n|move|p1a: Shuckle|Shell Smash|p1a: Shuckle\n|-boost|p1a: Shuckle|def|1\n|-boost|p1a: Shuckle|spd|1\n|-unboost|p1a: Shuckle|atk|0\n|-unboost|p1a: Shuckle|spa|0\n|-unboost|p1a: Shuckle|spe|0\n|\n|-heal|p1a: Shuckle|73\/100 par|[from] item: Leftovers\n|-damage|p2a: Raven|10\/100 tox|[from] psn\n|upkeep\n|turn|7\n|\n|t:|1699504734\n|move|p2a: Raven|Thunder Punch|p1a: Shuckle\n|-damage|p1a: Shuckle|66\/100 par\n|-damage|p2a: Raven|0 fnt|[from] item: Life Orb\n|faint|p2a: Raven\n|move|p1a: Shuckle|Shell Smash|p1a: Shuckle\n|-boost|p1a: Shuckle|def|1\n|-boost|p1a: Shuckle|spd|1\n|-unboost|p1a: Shuckle|atk|0\n|-unboost|p1a: Shuckle|spa|0\n|-unboost|p1a: Shuckle|spe|0\n|\n|-heal|p1a: Shuckle|72\/100 par|[from] item: Leftovers\n|upkeep\n|\n|t:|1699504741\n|switch|p2a: Noctis|Kartana, shiny|100\/100\n|turn|8\n|\n|t:|1699504747\n|-terastallize|p1a: Shuckle|Bug\n|move|p2a: Noctis|Sacred Sword|p1a: Shuckle\n|-resisted|p1a: Shuckle\n|-damage|p1a: Shuckle|60\/100 par\n|move|p1a: Shuckle|Rest|p1a: Shuckle\n|-status|p1a: Shuckle|slp|[from] move: Rest\n|-heal|p1a: Shuckle|100\/100 slp|[silent]\n|\n|upkeep\n|turn|9\n|\n|t:|1699504763\n|switch|p2a: Violet|Gardevoir, F, shiny|100\/100\n|-ability|p2a: Violet|Contrary|[from] ability: Trace|[of] p1a: Shuckle\n|cant|p1a: Shuckle|slp\n|\n|upkeep\n|turn|10\n|\n|t:|1699504772\n|move|p2a: Violet|Dream Eater|p1a: Shuckle\n|-crit|p1a: Shuckle\n|-damage|p1a: Shuckle|51\/100 slp\n|cant|p1a: Shuckle|slp\n|\n|-heal|p1a: Shuckle|57\/100 slp|[from] item: Leftovers\n|upkeep\n|turn|11\n|\n|t:|1699504780\n|move|p2a: Violet|Dream Eater|p1a: Shuckle\n|-damage|p1a: Shuckle|48\/100 slp\n|-curestatus|p1a: Shuckle|slp|[msg]\n|move|p1a: Shuckle|Toxic|p2a: Violet\n|-status|p2a: Violet|tox\n|\n|-heal|p1a: Shuckle|54\/100|[from] item: Leftovers\n|-damage|p2a: Violet|94\/100 tox|[from] psn\n|upkeep\n|turn|12\n|\n|t:|1699504791\n|move|p2a: Violet|Hypnosis|p1a: Shuckle\n|-status|p1a: Shuckle|slp|[from] move: Hypnosis\n|cant|p1a: Shuckle|slp\n|\n|-heal|p1a: Shuckle|60\/100 slp|[from] item: Leftovers\n|-damage|p2a: Violet|82\/100 tox|[from] psn\n|upkeep\n|turn|13\n|\n|t:|1699504803\n|detailschange|p2a: Violet|Gardevoir-Mega, F, shiny\n|-mega|p2a: Violet|Gardevoir|Gardevoirite\n|move|p2a: Violet|Calm Mind|p2a: Violet\n|-boost|p2a: Violet|spa|1\n|-boost|p2a: Violet|spd|1\n|-curestatus|p1a: Shuckle|slp|[msg]\n|move|p1a: Shuckle|Rest|p1a: Shuckle\n|-status|p1a: Shuckle|slp|[from] move: Rest\n|-heal|p1a: Shuckle|100\/100 slp|[silent]\n|\n|-damage|p2a: Violet|64\/100 tox|[from] psn\n|upkeep\n|turn|14\n|\n|t:|1699504817\n|move|p2a: Violet|Dream Eater|p1a: Shuckle\n|-damage|p1a: Shuckle|84\/100 slp\n|-heal|p2a: Violet|71\/100 tox|[from] drain|[of] p1a: Shuckle\n|cant|p1a: Shuckle|slp\n|\n|-heal|p1a: Shuckle|90\/100 slp|[from] item: Leftovers\n|-damage|p2a: Violet|47\/100 tox|[from] psn\n|upkeep\n|turn|15\n|\n|t:|1699504819\n|move|p2a: Violet|Dream Eater|p1a: Shuckle\n|-damage|p1a: Shuckle|74\/100 slp\n|-heal|p2a: Violet|54\/100 tox|[from] drain|[of] p1a: Shuckle\n|cant|p1a: Shuckle|slp\n|\n|-heal|p1a: Shuckle|80\/100 slp|[from] item: Leftovers\n|-damage|p2a: Violet|23\/100 tox|[from] psn\n|upkeep\n|turn|16\n|\n|t:|1699504839\n|move|p2a: Violet|Dream Eater|p1a: Shuckle\n|-damage|p1a: Shuckle|65\/100 slp\n|-heal|p2a: Violet|30\/100 tox|[from] drain|[of] p1a: Shuckle\n|-curestatus|p1a: Shuckle|slp|[msg]\n|move|p1a: Shuckle|Gyro Ball|p2a: Violet\n|-supereffective|p2a: Violet\n|-damage|p2a: Violet|23\/100 tox\n|\n|-heal|p1a: Shuckle|71\/100|[from] item: Leftovers\n|-damage|p2a: Violet|0 fnt|[from] psn\n|faint|p2a: Violet\n|upkeep\n|\n|t:|1699504850\n|switch|p2a: La Pulga .|Cinderace, F, shiny|100\/100\n|turn|17\n|\n|t:|1699504873\n|move|p2a: La Pulga .|Pyro Ball|p1a: Shuckle\n|-supereffective|p1a: Shuckle\n|-damage|p1a: Shuckle|48\/100\n|-damage|p2a: La Pulga .|91\/100|[from] item: Life Orb\n|move|p1a: Shuckle|Toxic|p2a: La Pulga .\n|-status|p2a: La Pulga .|tox\n|\n|-heal|p1a: Shuckle|55\/100|[from] item: Leftovers\n|-damage|p2a: La Pulga .|85\/100 tox|[from] psn\n|upkeep\n|turn|18\n|\n|t:|1699504885\n|move|p2a: La Pulga .|Pyro Ball|p1a: Shuckle\n|-supereffective|p1a: Shuckle\n|-damage|p1a: Shuckle|35\/100\n|-damage|p2a: La Pulga .|75\/100 tox|[from] item: Life Orb\n|move|p1a: Shuckle|Rest|p1a: Shuckle\n|-status|p1a: Shuckle|slp|[from] move: Rest\n|-heal|p1a: Shuckle|100\/100 slp|[silent]\n|\n|-damage|p2a: La Pulga .|63\/100 tox|[from] psn\n|upkeep\n|turn|19\n|\n|t:|1699504905\n|switch|p2a: Gatita|Sneasler, F, shiny|100\/100\n|cant|p1a: Shuckle|slp\n|\n|upkeep\n|turn|20\n|\n|t:|1699504919\n|move|p2a: Gatita|Poison Jab|p1a: Shuckle\n|-damage|p1a: Shuckle|91\/100 slp\n|-damage|p2a: Gatita|91\/100|[from] item: Life Orb\n|cant|p1a: Shuckle|slp\n|\n|-heal|p1a: Shuckle|97\/100 slp|[from] item: Leftovers\n|upkeep\n|turn|21\n|\n|t:|1699504928\n|move|p2a: Gatita|Aerial Ace|p1a: Shuckle\n|-supereffective|p1a: Shuckle\n|-damage|p1a: Shuckle|90\/100 slp\n|-damage|p2a: Gatita|81\/100|[from] item: Life Orb\n|-curestatus|p1a: Shuckle|slp|[msg]\n|move|p1a: Shuckle|Gyro Ball|p2a: Gatita\n|-crit|p2a: Gatita\n|-damage|p2a: Gatita|60\/100\n|\n|-heal|p1a: Shuckle|96\/100|[from] item: Leftovers\n|upkeep\n|turn|22\n|\n|t:|1699504941\n|move|p2a: Gatita|Poison Jab|p1a: Shuckle\n|-damage|p1a: Shuckle|87\/100\n|-damage|p2a: Gatita|50\/100|[from] item: Life Orb\n|move|p1a: Shuckle|Gyro Ball|p2a: Gatita\n|-damage|p2a: Gatita|47\/100\n|\n|-heal|p1a: Shuckle|94\/100|[from] item: Leftovers\n|upkeep\n|turn|23\n|\n|t:|1699504955\n|move|p2a: Gatita|Aerial Ace|p1a: Shuckle\n|-supereffective|p1a: Shuckle\n|-damage|p1a: Shuckle|86\/100\n|-damage|p2a: Gatita|37\/100|[from] item: Life Orb\n|move|p1a: Shuckle|Gyro Ball|p2a: Gatita\n|-damage|p2a: Gatita|33\/100\n|\n|-heal|p1a: Shuckle|92\/100|[from] item: Leftovers\n|upkeep\n|turn|24\n|\n|t:|1699504963\n|move|p2a: Gatita|Poison Jab|p1a: Shuckle\n|-damage|p1a: Shuckle|84\/100\n|-status|p1a: Shuckle|psn\n|-damage|p2a: Gatita|23\/100|[from] item: Life Orb\n|move|p1a: Shuckle|Gyro Ball|p2a: Gatita\n|-damage|p2a: Gatita|19\/100\n|\n|-heal|p1a: Shuckle|90\/100 psn|[from] item: Leftovers\n|-damage|p1a: Shuckle|78\/100 psn|[from] psn\n|upkeep\n|turn|25\n|\n|t:|1699504976\n|move|p2a: Gatita|Aerial Ace|p1a: Shuckle\n|-supereffective|p1a: Shuckle\n|-damage|p1a: Shuckle|69\/100 psn\n|-damage|p2a: Gatita|9\/100|[from] item: Life Orb\n|move|p1a: Shuckle|Gyro Ball|p2a: Gatita\n|-damage|p2a: Gatita|5\/100\n|\n|-heal|p1a: Shuckle|75\/100 psn|[from] item: Leftovers\n|-damage|p1a: Shuckle|63\/100 psn|[from] psn\n|upkeep\n|turn|26\n|\n|t:|1699504982\n|move|p2a: Gatita|Aerial Ace|p1a: Shuckle\n|-supereffective|p1a: Shuckle\n|-damage|p1a: Shuckle|54\/100 psn\n|-damage|p2a: Gatita|0 fnt|[from] item: Life Orb\n|faint|p2a: Gatita\n|move|p1a: Shuckle|Rest|p1a: Shuckle\n|-status|p1a: Shuckle|slp|[from] move: Rest\n|-heal|p1a: Shuckle|100\/100 slp|[silent]\n|\n|upkeep\n|\n|t:|1699504991\n|switch|p2a: Brutus|Tornadus, M, shiny|91\/100\n|turn|27\n|\n|t:|1699504999\n|move|p2a: Brutus|Hurricane|p1a: Shuckle\n|-supereffective|p1a: Shuckle\n|-damage|p1a: Shuckle|74\/100 slp\n|-damage|p2a: Brutus|81\/100|[from] item: Life Orb\n|cant|p1a: Shuckle|slp\n|\n|-heal|p1a: Shuckle|80\/100 slp|[from] item: Leftovers\n|upkeep\n|turn|28\n|\n|t:|1699505011\n|move|p2a: Brutus|Hurricane|p1a: Shuckle\n|-supereffective|p1a: Shuckle\n|-damage|p1a: Shuckle|57\/100 slp\n|-damage|p2a: Brutus|71\/100|[from] item: Life Orb\n|cant|p1a: Shuckle|slp\n|\n|-heal|p1a: Shuckle|63\/100 slp|[from] item: Leftovers\n|upkeep\n|turn|29\n|\n|t:|1699505021\n|move|p2a: Brutus|Hurricane|p1a: Shuckle\n|-supereffective|p1a: Shuckle\n|-damage|p1a: Shuckle|40\/100 slp\n|-damage|p2a: Brutus|62\/100|[from] item: Life Orb\n|-curestatus|p1a: Shuckle|slp|[msg]\n|move|p1a: Shuckle|Toxic|p2a: Brutus\n|-status|p2a: Brutus|tox\n|\n|-heal|p1a: Shuckle|46\/100|[from] item: Leftovers\n|-damage|p2a: Brutus|56\/100 tox|[from] psn\n|upkeep\n|turn|30\n|\n|t:|1699505033\n|move|p2a: Brutus|Hurricane|p1a: Shuckle|[miss]\n|-miss|p2a: Brutus|p1a: Shuckle\n|move|p1a: Shuckle|Rest|p1a: Shuckle\n|-status|p1a: Shuckle|slp|[from] move: Rest\n|-heal|p1a: Shuckle|100\/100 slp|[silent]\n|\n|-damage|p2a: Brutus|44\/100 tox|[from] psn\n|upkeep\n|turn|31\n|\n|t:|1699505043\n|move|p2a: Brutus|Hurricane|p1a: Shuckle\n|-supereffective|p1a: Shuckle\n|-damage|p1a: Shuckle|78\/100 slp\n|-start|p1a: Shuckle|confusion\n|-damage|p2a: Brutus|34\/100 tox|[from] item: Life Orb\n|cant|p1a: Shuckle|slp\n|\n|-heal|p1a: Shuckle|84\/100 slp|[from] item: Leftovers\n|-damage|p2a: Brutus|16\/100 tox|[from] psn\n|upkeep\n|turn|32\n|\n|t:|1699505055\n|move|p2a: Brutus|Hurricane|p1a: Shuckle\n|-supereffective|p1a: Shuckle\n|-damage|p1a: Shuckle|59\/100 slp\n|-damage|p2a: Brutus|6\/100 tox|[from] item: Life Orb\n|cant|p1a: Shuckle|slp\n|\n|-heal|p1a: Shuckle|65\/100 slp|[from] item: Leftovers\n|-damage|p2a: Brutus|0 fnt|[from] psn\n|faint|p2a: Brutus\n|upkeep\n|\n|t:|1699505065\n|switch|p2a: La Pulga .|Cinderace, F, shiny|63\/100 tox\n|turn|33\n|\n|t:|1699505069\n|move|p2a: La Pulga .|Pyro Ball|p1a: Shuckle\n|-supereffective|p1a: Shuckle\n|-damage|p1a: Shuckle|41\/100 slp\n|-damage|p2a: La Pulga .|53\/100 tox|[from] item: Life Orb\n|-curestatus|p1a: Shuckle|slp|[msg]\n|-activate|p1a: Shuckle|confusion\n|move|p1a: Shuckle|Rest|p1a: Shuckle\n|-status|p1a: Shuckle|slp|[from] move: Rest\n|-heal|p1a: Shuckle|100\/100 slp|[silent]\n|\n|-damage|p2a: La Pulga .|47\/100 tox|[from] psn\n|upkeep\n|turn|34\n|\n|t:|1699505078\n|move|p2a: La Pulga .|Pyro Ball|p1a: Shuckle\n|-supereffective|p1a: Shuckle\n|-damage|p1a: Shuckle|77\/100 slp\n|-damage|p2a: La Pulga .|37\/100 tox|[from] item: Life Orb\n|cant|p1a: Shuckle|slp\n|\n|-heal|p1a: Shuckle|83\/100 slp|[from] item: Leftovers\n|-damage|p2a: La Pulga .|25\/100 tox|[from] psn\n|upkeep\n|turn|35\n|\n|t:|1699505082\n|move|p2a: La Pulga .|Pyro Ball|p1a: Shuckle\n|-supereffective|p1a: Shuckle\n|-damage|p1a: Shuckle|60\/100 slp\n|-damage|p2a: La Pulga .|15\/100 tox|[from] item: Life Orb\n|cant|p1a: Shuckle|slp\n|\n|-heal|p1a: Shuckle|66\/100 slp|[from] item: Leftovers\n|-damage|p2a: La Pulga .|0 fnt|[from] psn\n|faint|p2a: La Pulga .\n|upkeep\n|\n|t:|1699505092\n|switch|p2a: Noctis|Kartana, shiny|100\/100\n|turn|36\n|\n|t:|1699505098\n|move|p2a: Noctis|Swords Dance|p2a: Noctis\n|-boost|p2a: Noctis|atk|2\n|-curestatus|p1a: Shuckle|slp|[msg]\n|-end|p1a: Shuckle|confusion\n|move|p1a: Shuckle|Rest|p1a: Shuckle\n|-status|p1a: Shuckle|slp|[from] move: Rest\n|-heal|p1a: Shuckle|100\/100 slp|[silent]\n|\n|upkeep\n|turn|37\n|\n|t:|1699505108\n|move|p2a: Noctis|Swords Dance|p2a: Noctis\n|-boost|p2a: Noctis|atk|2\n|cant|p1a: Shuckle|slp\n|\n|upkeep\n|turn|38\n|\n|t:|1699505116\n|move|p2a: Noctis|Swords Dance|p2a: Noctis\n|-boost|p2a: Noctis|atk|2\n|cant|p1a: Shuckle|slp\n|\n|upkeep\n|turn|39\n|\n|t:|1699505143\n|move|p2a: Noctis|X-Scissor|p1a: Shuckle\n|-damage|p1a: Shuckle|80\/100 slp\n|-curestatus|p1a: Shuckle|slp|[msg]\n|move|p1a: Shuckle|Gyro Ball|p2a: Noctis\n|-resisted|p2a: Noctis\n|-damage|p2a: Noctis|99\/100\n|\n|-heal|p1a: Shuckle|86\/100|[from] item: Leftovers\n|upkeep\n|turn|40\n|\n|t:|1699505168\n|move|p2a: Noctis|X-Scissor|p1a: Shuckle\n|-damage|p1a: Shuckle|64\/100\n|move|p1a: Shuckle|Gyro Ball|p2a: Noctis\n|-resisted|p2a: Noctis\n|-damage|p2a: Noctis|98\/100\n|\n|-heal|p1a: Shuckle|70\/100|[from] item: Leftovers\n|upkeep\n|turn|41\n|\n|t:|1699505180\n|move|p2a: Noctis|X-Scissor|p1a: Shuckle\n|-damage|p1a: Shuckle|51\/100\n|move|p1a: Shuckle|Shell Smash|p1a: Shuckle\n|-boost|p1a: Shuckle|def|0\n|-boost|p1a: Shuckle|spd|0\n|-unboost|p1a: Shuckle|atk|0\n|-unboost|p1a: Shuckle|spa|0\n|-unboost|p1a: Shuckle|spe|0\n|\n|-heal|p1a: Shuckle|57\/100|[from] item: Leftovers\n|upkeep\n|turn|42\n|\n|t:|1699505192\n|move|p2a: Noctis|X-Scissor|p1a: Shuckle\n|-damage|p1a: Shuckle|36\/100\n|move|p1a: Shuckle|Rest|p1a: Shuckle\n|-status|p1a: Shuckle|slp|[from] move: Rest\n|-heal|p1a: Shuckle|100\/100 slp|[silent]\n|\n|upkeep\n|turn|43\n|\n|t:|1699505200\n|move|p2a: Noctis|X-Scissor|p1a: Shuckle\n|-damage|p1a: Shuckle|80\/100 slp\n|cant|p1a: Shuckle|slp\n|\n|-heal|p1a: Shuckle|86\/100 slp|[from] item: Leftovers\n|upkeep\n|turn|44\n|\n|t:|1699505209\n|move|p2a: Noctis|X-Scissor|p1a: Shuckle\n|-damage|p1a: Shuckle|64\/100 slp\n|cant|p1a: Shuckle|slp\n|\n|-heal|p1a: Shuckle|70\/100 slp|[from] item: Leftovers\n|upkeep\n|turn|45\n|\n|t:|1699505217\n|move|p2a: Noctis|X-Scissor|p1a: Shuckle\n|-damage|p1a: Shuckle|49\/100 slp\n|-curestatus|p1a: Shuckle|slp|[msg]\n|move|p1a: Shuckle|Toxic|p2a: Noctis\n|-immune|p2a: Noctis\n|\n|-heal|p1a: Shuckle|55\/100|[from] item: Leftovers\n|upkeep\n|turn|46\n|\n|t:|1699505227\n|move|p2a: Noctis|X-Scissor|p1a: Shuckle\n|-damage|p1a: Shuckle|35\/100\n|move|p1a: Shuckle|Shell Smash|p1a: Shuckle\n|-boost|p1a: Shuckle|def|0\n|-boost|p1a: Shuckle|spd|0\n|-unboost|p1a: Shuckle|atk|0\n|-unboost|p1a: Shuckle|spa|0\n|-unboost|p1a: Shuckle|spe|0\n|\n|-heal|p1a: Shuckle|41\/100|[from] item: Leftovers\n|upkeep\n|turn|47\n|\n|t:|1699505238\n|move|p2a: Noctis|X-Scissor|p1a: Shuckle\n|-damage|p1a: Shuckle|19\/100\n|move|p1a: Shuckle|Shell Smash|p1a: Shuckle\n|-boost|p1a: Shuckle|def|0\n|-boost|p1a: Shuckle|spd|0\n|-unboost|p1a: Shuckle|atk|0\n|-unboost|p1a: Shuckle|spa|0\n|-unboost|p1a: Shuckle|spe|0\n|\n|-heal|p1a: Shuckle|25\/100|[from] item: Leftovers\n|upkeep\n|turn|48\n|\n|t:|1699505249\n|move|p2a: Noctis|X-Scissor|p1a: Shuckle\n|-damage|p1a: Shuckle|5\/100\n|move|p1a: Shuckle|Shell Smash|p1a: Shuckle\n|-boost|p1a: Shuckle|def|0\n|-boost|p1a: Shuckle|spd|0\n|-unboost|p1a: Shuckle|atk|0\n|-unboost|p1a: Shuckle|spa|0\n|-unboost|p1a: Shuckle|spe|0\n|\n|-heal|p1a: Shuckle|11\/100|[from] item: Leftovers\n|upkeep\n|turn|49\n|\n|t:|1699505261\n|move|p2a: Noctis|X-Scissor|p1a: Shuckle\n|-damage|p1a: Shuckle|0 fnt\n|faint|p1a: Shuckle\n|\n|upkeep\n|\n|t:|1699505265\n|switch|p1a: Wobbuffet|Wobbuffet, M, shiny|100\/100\n|turn|50\n|\n|t:|1699505270\n|move|p2a: Noctis|X-Scissor|p1a: Wobbuffet\n|-supereffective|p1a: Wobbuffet\n|-enditem|p1a: Wobbuffet|Focus Sash\n|-damage|p1a: Wobbuffet|1\/100\n|move|p1a: Wobbuffet|Destiny Bond|p1a: Wobbuffet\n|-singlemove|p1a: Wobbuffet|Destiny Bond\n|\n|upkeep\n|turn|51\n|\n|t:|1699505299\n|move|p2a: Noctis|Swords Dance|p2a: Noctis\n|-boost|p2a: Noctis|atk|0\n|move|p1a: Wobbuffet|Encore|p2a: Noctis\n|-start|p2a: Noctis|Encore\n|\n|upkeep\n|turn|52\n|\n|t:|1699505307\n|-terastallize|p2a: Noctis|Dragon\n|move|p2a: Noctis|Swords Dance|p2a: Noctis\n|-boost|p2a: Noctis|atk|0\n|move|p1a: Wobbuffet|Destiny Bond|p1a: Wobbuffet\n|-singlemove|p1a: Wobbuffet|Destiny Bond\n|\n|upkeep\n|turn|53\n|\n|t:|1699505316\n|move|p2a: Noctis|Swords Dance|p2a: Noctis\n|-boost|p2a: Noctis|atk|0\n|move|p1a: Wobbuffet|Safeguard|p1a: Wobbuffet\n|-sidestart|p1: BROOSbr|Safeguard\n|\n|upkeep\n|turn|54\n|\n|t:|1699505323\n|move|p2a: Noctis|Swords Dance|p2a: Noctis\n|-boost|p2a: Noctis|atk|0\n|move|p1a: Wobbuffet|Destiny Bond|p1a: Wobbuffet\n|-singlemove|p1a: Wobbuffet|Destiny Bond\n|\n|-end|p2a: Noctis|Encore\n|upkeep\n|turn|55\n|\n|t:|1699505331\n|move|p2a: Noctis|Swords Dance|p2a: Noctis\n|-boost|p2a: Noctis|atk|0\n|move|p1a: Wobbuffet|Destiny Bond||[still]\n|-fail|p1a: Wobbuffet\n|\n|upkeep\n|turn|56\n|\n|t:|1699505339\n|switch|p1a: Breloom|Breloom, F, shiny|100\/100\n|move|p2a: Noctis|X-Scissor|p1a: Breloom\n|-damage|p1a: Breloom|0 fnt\n|faint|p1a: Breloom\n|\n|upkeep\n|\n|t:|1699505343\n|switch|p1a: Pyukumuku|Pyukumuku, M, shiny|100\/100\n|turn|57\n|\n|t:|1699505349\n|move|p1a: Pyukumuku|Protect|p1a: Pyukumuku\n|-singleturn|p1a: Pyukumuku|Protect\n|move|p2a: Noctis|Leaf Blade|p1a: Pyukumuku\n|-activate|p1a: Pyukumuku|move: Protect\n|\n|-sideend|p1: BROOSbr|Safeguard\n|upkeep\n|turn|58\n|\n|t:|1699505357\n|move|p2a: Noctis|Leaf Blade|p1a: Pyukumuku\n|-supereffective|p1a: Pyukumuku\n|-damage|p1a: Pyukumuku|8\/100\n|move|p1a: Pyukumuku|Mirror Coat||[still]\n|-fail|p1a: Pyukumuku\n|\n|-heal|p1a: Pyukumuku|14\/100|[from] item: Leftovers\n|upkeep\n|turn|59\n|\n|t:|1699505368\n|move|p2a: Noctis|Leaf Blade|p1a: Pyukumuku\n|-supereffective|p1a: Pyukumuku\n|-damage|p1a: Pyukumuku|0 fnt\n|faint|p1a: Pyukumuku\n|\n|upkeep\n|\n|t:|1699505370\n|switch|p1a: Wobbuffet|Wobbuffet, M, shiny|1\/100\n|turn|60\n|\n|t:|1699505376\n|move|p2a: Noctis|X-Scissor|p1a: Wobbuffet\n|-supereffective|p1a: Wobbuffet\n|-damage|p1a: Wobbuffet|0 fnt\n|faint|p1a: Wobbuffet\n|\n|upkeep\n|\n|t:|1699505387\n|switch|p1a: Lurantis|Lurantis, M, shiny|100\/100\n|turn|61\n|\n|t:|1699505391\n|move|p2a: Noctis|X-Scissor|p1a: Lurantis\n|-supereffective|p1a: Lurantis\n|-damage|p1a: Lurantis|0 fnt\n|faint|p1a: Lurantis\n|\n|upkeep\n|\n|t:|1699505393\n|switch|p1a: Deoxys|Deoxys-Defense, shiny|100\/100\n|-ability|p1a: Deoxys|Pressure\n|turn|62\n|\n|t:|1699505400\n|move|p2a: Noctis|X-Scissor|p1a: Deoxys\n|-supereffective|p1a: Deoxys\n|-damage|p1a: Deoxys|0 fnt\n|faint|p1a: Deoxys\n|\n|win|AdrianGarcia1604\n|raw|BROOSbr's rating: 1040 &rarr; <strong>1029<\/strong><br \/>(-11 for losing)\n|raw|AdrianGarcia1604's rating: 1161 &rarr; <strong>1178<\/strong><br \/>(+17 for winning)\n|l|\u2606BROOSbr\n","uploadtime":1699505410,"views":14,"p1id":"broosbr","p2id":"adriangarcia1604","formatid":"gen9nationaldexubers","rating":1029,"private":0,"password":""}