{"id":"gen9nationaldexubers-1988626821","p1":"PrimalBuneary","p2":"fkfjdjjdj","format":"[Gen 9] National Dex Ubers","log":"|j|\u2606PrimalBuneary\n|j|\u2606fkfjdjjdj\n|t:|1699743538\n|gametype|singles\n|player|p1|PrimalBuneary|kahili|1095\n|player|p2|fkfjdjjdj|170|1086\n|teamsize|p1|6\n|teamsize|p2|6\n|gen|9\n|tier|[Gen 9] National Dex Ubers\n|rated|\n|rule|HP Percentage Mod: HP is shown in percentages\n|rule|Endless Battle Clause: Forcing endless battles is banned\n|rule|OHKO Clause: OHKO moves are banned\n|rule|Evasion Moves Clause: Evasion moves are banned\n|rule|Evasion Items Clause: Evasion items are banned\n|rule|Species Clause: Limit one of each Pok\u00e9mon\n|rule|Sleep Clause Mod: Limit one foe put to sleep\n|rule|Mega Rayquaza Clause: You cannot mega evolve Rayquaza\n|clearpoke\n|poke|p1|Sneasler, M|\n|poke|p1|Ting-Lu|\n|poke|p1|Hatterene, F|\n|poke|p1|Rillaboom, M|\n|poke|p1|Lucario, M|\n|poke|p1|Iron Bundle|\n|poke|p2|Quaquaval, F|\n|poke|p2|Aggron, F|\n|poke|p2|Annihilape, M|\n|poke|p2|Darmanitan-Galar, M|\n|poke|p2|Deoxys-Attack|\n|poke|p2|Iron Bundle|\n|teampreview\n|\n|t:|1699743560\n|start\n|switch|p1a: Lucario|Lucario, M|100\/100\n|switch|p2a: Darmanitan|Darmanitan-Galar, M|100\/100\n|turn|1\n|\n|t:|1699743570\n|detailschange|p1a: Lucario|Lucario-Mega, M\n|-mega|p1a: Lucario|Lucario|Lucarionite\n|move|p1a: Lucario|Flash Cannon|p2a: Darmanitan\n|-supereffective|p2a: Darmanitan\n|-enditem|p2a: Darmanitan|Focus Sash\n|-damage|p2a: Darmanitan|1\/100\n|move|p2a: Darmanitan|Fire Punch|p1a: Lucario\n|-supereffective|p1a: Lucario\n|-damage|p1a: Lucario|21\/100\n|-status|p1a: Lucario|brn\n|\n|-damage|p1a: Lucario|15\/100 brn|[from] brn\n|-formechange|p2a: Darmanitan|Darmanitan-Galar-Zen|\n|upkeep\n|turn|2\n|\n|t:|1699743589\n|switch|p1a: Iron Bundle|Iron Bundle|100\/100\n|move|p2a: Darmanitan|Power-Up Punch|p1a: Iron Bundle\n|-supereffective|p1a: Iron Bundle\n|-damage|p1a: Iron Bundle|63\/100\n|-boost|p2a: Darmanitan|atk|1\n|\n|upkeep\n|turn|3\n|\n|t:|1699743601\n|-terastallize|p1a: Iron Bundle|Ice\n|move|p1a: Iron Bundle|Hydro Pump|p2a: Darmanitan\n|-supereffective|p2a: Darmanitan\n|-damage|p2a: Darmanitan|0 fnt\n|faint|p2a: Darmanitan\n|-damage|p1a: Iron Bundle|53\/100|[from] item: Life Orb\n|\n|upkeep\n|\n|t:|1699743617\n|switch|p2a: Quaquaval|Quaquaval, F|100\/100\n|turn|4\n|\n|t:|1699743625\n|-terastallize|p2a: Quaquaval|Water\n|move|p1a: Iron Bundle|Tera Blast|p2a: Quaquaval|[anim] Tera Blast Ice\n|-resisted|p2a: Quaquaval\n|-damage|p2a: Quaquaval|60\/100\n|-damage|p1a: Iron Bundle|44\/100|[from] item: Life Orb\n|move|p2a: Quaquaval|Aqua Step|p1a: Iron Bundle\n|-damage|p1a: Iron Bundle|0 fnt\n|-boost|p2a: Quaquaval|spe|1\n|faint|p1a: Iron Bundle\n|-end|p1a: Iron Bundle|Quark Drive|[silent]\n|-ability|p2a: Quaquaval|Moxie|boost\n|-boost|p2a: Quaquaval|atk|1\n|\n|upkeep\n|\n|t:|1699743636\n|switch|p1a: Rillaboom|Rillaboom, M, shiny|100\/100\n|-fieldstart|move: Grassy Terrain|[from] ability: Grassy Surge|[of] p1a: Rillaboom\n|turn|5\n|\n|t:|1699743642\n|move|p1a: Rillaboom|Grassy Glide|p2a: Quaquaval\n|-supereffective|p2a: Quaquaval\n|-damage|p2a: Quaquaval|0 fnt\n|faint|p2a: Quaquaval\n|\n|upkeep\n|\n|t:|1699743656\n|switch|p2a: Aggron|Aggron, F|100\/100\n|turn|6\n|\n|t:|1699743662\n|detailschange|p2a: Aggron|Aggron-Mega, F\n|-mega|p2a: Aggron|Aggron|Aggronite\n|move|p1a: Rillaboom|High Horsepower|p2a: Aggron|[miss]\n|-miss|p1a: Rillaboom|p2a: Aggron\n|move|p2a: Aggron|Iron Defense|p2a: Aggron\n|-boost|p2a: Aggron|def|2\n|\n|upkeep\n|turn|7\n|\n|t:|1699743672\n|move|p1a: Rillaboom|High Horsepower|p2a: Aggron\n|-supereffective|p2a: Aggron\n|-damage|p2a: Aggron|87\/100\n|move|p2a: Aggron|Body Press|p1a: Rillaboom\n|-damage|p1a: Rillaboom|4\/100\n|\n|-heal|p1a: Rillaboom|10\/100|[from] Grassy Terrain\n|-heal|p2a: Aggron|93\/100|[from] Grassy Terrain\n|upkeep\n|turn|8\n|\n|t:|1699743688\n|-zpower|p1a: Rillaboom\n|move|p1a: Rillaboom|Black Hole Eclipse|p2a: Aggron|[zeffect]\n|-damage|p2a: Aggron|79\/100\n|move|p2a: Aggron|Iron Defense|p2a: Aggron\n|-boost|p2a: Aggron|def|2\n|\n|-heal|p1a: Rillaboom|16\/100|[from] Grassy Terrain\n|-heal|p2a: Aggron|85\/100|[from] Grassy Terrain\n|upkeep\n|turn|9\n|\n|t:|1699743703\n|move|p1a: Rillaboom|High Horsepower|p2a: Aggron\n|-supereffective|p2a: Aggron\n|-damage|p2a: Aggron|77\/100\n|move|p2a: Aggron|Body Press|p1a: Rillaboom\n|-damage|p1a: Rillaboom|0 fnt\n|faint|p1a: Rillaboom\n|\n|-heal|p2a: Aggron|83\/100|[from] Grassy Terrain\n|-fieldend|move: Grassy Terrain\n|upkeep\n|\n|t:|1699743713\n|switch|p1a: Lucario|Lucario-Mega, M|15\/100 brn\n|turn|10\n|\n|t:|1699743718\n|move|p1a: Lucario|Aura Sphere|p2a: Aggron\n|-supereffective|p2a: Aggron\n|-damage|p2a: Aggron|0 fnt\n|faint|p2a: Aggron\n|\n|-damage|p1a: Lucario|9\/100 brn|[from] brn\n|upkeep\n|\n|t:|1699743724\n|switch|p2a: Iron Bundle|Iron Bundle|100\/100\n|-enditem|p2a: Iron Bundle|Booster Energy\n|-activate|p2a: Iron Bundle|ability: Quark Drive|[fromitem]\n|-start|p2a: Iron Bundle|quarkdrivespe\n|turn|11\n|\n|t:|1699743732\n|move|p2a: Iron Bundle|Freeze-Dry|p1a: Lucario\n|-resisted|p1a: Lucario\n|-damage|p1a: Lucario|0 fnt\n|faint|p1a: Lucario\n|\n|upkeep\n|\n|t:|1699743737\n|switch|p1a: Sneasler|Sneasler, M|100\/100\n|turn|12\n|\n|t:|1699743748\n|move|p2a: Iron Bundle|Snowscape|p2a: Iron Bundle\n|-weather|Snow\n|move|p1a: Sneasler|Close Combat|p2a: Iron Bundle\n|-supereffective|p2a: Iron Bundle\n|-damage|p2a: Iron Bundle|11\/100\n|-unboost|p1a: Sneasler|def|1\n|-unboost|p1a: Sneasler|spd|1\n|\n|-weather|Snow|[upkeep]\n|upkeep\n|turn|13\n|\n|t:|1699743755\n|move|p2a: Iron Bundle|Blizzard|p1a: Sneasler\n|-damage|p1a: Sneasler|0 fnt\n|faint|p1a: Sneasler\n|\n|-weather|Snow|[upkeep]\n|upkeep\n|\n|t:|1699743763\n|switch|p1a: Ting-Lu|Ting-Lu|100\/100\n|-ability|p1a: Ting-Lu|Vessel of Ruin\n|turn|14\n|\n|t:|1699743769\n|move|p2a: Iron Bundle|Blizzard|p1a: Ting-Lu\n|-supereffective|p1a: Ting-Lu\n|-damage|p1a: Ting-Lu|38\/100\n|move|p1a: Ting-Lu|Throat Chop|p2a: Iron Bundle\n|-damage|p2a: Iron Bundle|0 fnt\n|faint|p2a: Iron Bundle\n|-end|p2a: Iron Bundle|Quark Drive|[silent]\n|\n|-weather|Snow|[upkeep]\n|-heal|p1a: Ting-Lu|44\/100|[from] item: Leftovers\n|upkeep\n|\n|t:|1699743799\n|switch|p2a: Annihilape|Annihilape, M|100\/100\n|turn|15\n|\n|t:|1699743805\n|move|p2a: Annihilape|Bulk Up|p2a: Annihilape\n|-boost|p2a: Annihilape|atk|1\n|-boost|p2a: Annihilape|def|1\n|move|p1a: Ting-Lu|Throat Chop|p2a: Annihilape\n|-damage|p2a: Annihilape|78\/100\n|-start|p2a: Annihilape|Throat Chop|[silent]\n|\n|-weather|Snow|[upkeep]\n|-heal|p1a: Ting-Lu|51\/100|[from] item: Leftovers\n|upkeep\n|turn|16\n|\n|t:|1699743815\n|move|p2a: Annihilape|Bulk Up|p2a: Annihilape\n|-boost|p2a: Annihilape|atk|1\n|-boost|p2a: Annihilape|def|1\n|move|p1a: Ting-Lu|Earthquake|p2a: Annihilape\n|-damage|p2a: Annihilape|55\/100\n|\n|-weather|none\n|-heal|p1a: Ting-Lu|57\/100|[from] item: Leftovers\n|-end|p2a: Annihilape|Throat Chop|[silent]\n|upkeep\n|turn|17\n|\n|t:|1699743822\n|move|p2a: Annihilape|Rage Fist|p1a: Ting-Lu\n|-resisted|p1a: Ting-Lu\n|-damage|p1a: Ting-Lu|19\/100\n|move|p1a: Ting-Lu|Whirlwind|p2a: Annihilape\n|drag|p2a: Deoxys|Deoxys-Attack|100\/100\n|-ability|p2a: Deoxys|Pressure\n|\n|-heal|p1a: Ting-Lu|26\/100|[from] item: Leftovers\n|upkeep\n|turn|18\n|\n|t:|1699743832\n|move|p2a: Deoxys|Superpower|p1a: Ting-Lu\n|-supereffective|p1a: Ting-Lu\n|-damage|p1a: Ting-Lu|0 fnt\n|-unboost|p2a: Deoxys|atk|1\n|-unboost|p2a: Deoxys|def|1\n|faint|p1a: Ting-Lu\n|\n|upkeep\n|\n|t:|1699743839\n|switch|p1a: Hatterene|Hatterene, F|100\/100\n|turn|19\n|\n|t:|1699743853\n|move|p2a: Deoxys|Shadow Ball|p1a: Hatterene\n|-supereffective|p1a: Hatterene\n|-damage|p1a: Hatterene|43\/100\n|move|p1a: Hatterene|Dazzling Gleam|p2a: Deoxys\n|-enditem|p2a: Deoxys|Focus Sash\n|-damage|p2a: Deoxys|1\/100\n|\n|upkeep\n|turn|20\n|\n|t:|1699743860\n|move|p2a: Deoxys|Shadow Ball|p1a: Hatterene\n|-supereffective|p1a: Hatterene\n|-damage|p1a: Hatterene|0 fnt\n|faint|p1a: Hatterene\n|\n|win|fkfjdjjdj\n|raw|PrimalBuneary's rating: 1095 &rarr; <strong>1070<\/strong><br \/>(-25 for losing)\n|raw|fkfjdjjdj's rating: 1086 &rarr; <strong>1114<\/strong><br \/>(+28 for winning)\n|l|\u2606PrimalBuneary\n","uploadtime":1699743878,"views":9,"p1id":"primalbuneary","p2id":"fkfjdjjdj","formatid":"gen9nationaldexubers","rating":1070,"private":0,"password":""}