{"id":"gen9nationaldexubers-1991900505","p1":"Szymszym134","p2":"KurumiTokisakilove","format":"[Gen 9] National Dex Ubers","log":"|j|\u2606Szymszym134\n|j|\u2606KurumiTokisakilove\n|t:|1700135659\n|gametype|singles\n|player|p1|Szymszym134|elesa|1619\n|player|p2|KurumiTokisakilove|sabrina-gen2|1924\n|teamsize|p1|6\n|teamsize|p2|6\n|gen|9\n|tier|[Gen 9] National Dex Ubers\n|rated|\n|rule|HP Percentage Mod: HP is shown in percentages\n|rule|Endless Battle Clause: Forcing endless battles is banned\n|rule|OHKO Clause: OHKO moves are banned\n|rule|Evasion Moves Clause: Evasion moves are banned\n|rule|Evasion Items Clause: Evasion items are banned\n|rule|Species Clause: Limit one of each Pok\u00e9mon\n|rule|Sleep Clause Mod: Limit one foe put to sleep\n|rule|Mega Rayquaza Clause: You cannot mega evolve Rayquaza\n|clearpoke\n|poke|p1|Magearna|\n|poke|p1|Arceus-Dark|\n|poke|p1|Ho-Oh|\n|poke|p1|Ditto|\n|poke|p1|Garganacl, F|\n|poke|p1|Zygarde|\n|poke|p2|Arceus-Dark|\n|poke|p2|Dondozo, M|\n|poke|p2|Magearna|\n|poke|p2|Ditto|\n|poke|p2|Zygarde|\n|poke|p2|Necrozma-Dusk-Mane|\n|teampreview\n|inactive|Battle timer is ON: inactive players will automatically lose when time's up. (requested by KurumiTokisakilove)\n|inactive|Szymszym134 also wants the timer to be on.\n|c|\u2606KurumiTokisakilove|Bro loves to copy my sets\n|\n|t:|1700135685\n|start\n|switch|p1a: Arceus|Arceus-Dark|100\/100\n|switch|p2a: Necrozma|Necrozma-Dusk-Mane|100\/100\n|turn|1\n|\n|t:|1700135690\n|switch|p2a: Magearna|Magearna|100\/100\n|move|p1a: Arceus|Taunt|p2a: Magearna\n|-start|p2a: Magearna|move: Taunt\n|\n|upkeep\n|turn|2\n|\n|t:|1700135695\n|switch|p1a: Ho-Oh|Ho-Oh|100\/100\n|switch|p2a: Necrozma|Necrozma-Dusk-Mane|100\/100\n|\n|upkeep\n|turn|3\n|j| Parcly Taxel\n|\n|t:|1700135702\n|switch|p1a: Arceus|Arceus-Dark|100\/100\n|detailschange|p2a: Necrozma|Necrozma-Ultra\n|-burst|p2a: Necrozma|Necrozma|Ultranecrozium Z\n|move|p2a: Necrozma|Stealth Rock|p1a: Arceus\n|-sidestart|p1: Szymszym134|move: Stealth Rock\n|\n|upkeep\n|turn|4\n|\n|t:|1700135708\n|switch|p2a: Magearna|Magearna|100\/100\n|move|p1a: Arceus|Foul Play|p2a: Magearna\n|-resisted|p2a: Magearna\n|-damage|p2a: Magearna|88\/100\n|\n|upkeep\n|turn|5\n|\n|t:|1700135711\n|switch|p1a: Ho-Oh|Ho-Oh|100\/100\n|switch|p2a: Dondozo|Dondozo, M|100\/100\n|\n|upkeep\n|turn|6\n|\n|t:|1700135714\n|move|p1a: Ho-Oh|Defog|p2a: Dondozo\n|-unboost|p2a: Dondozo|evasion|1\n|-sideend|p1: Szymszym134|Stealth Rock|[from] move: Defog|[of] p1a: Ho-Oh\n|move|p2a: Dondozo|Liquidation|p1a: Ho-Oh\n|-supereffective|p1a: Ho-Oh\n|-damage|p1a: Ho-Oh|60\/100\n|-unboost|p1a: Ho-Oh|def|1\n|\n|upkeep\n|turn|7\n|\n|t:|1700135735\n|switch|p1a: Arceus|Arceus-Dark|100\/100\n|move|p2a: Dondozo|Liquidation|p1a: Arceus\n|-damage|p1a: Arceus|81\/100\n|\n|upkeep\n|turn|8\n|\n|t:|1700135740\n|switch|p2a: Magearna|Magearna|88\/100\n|move|p1a: Arceus|Toxic|p2a: Magearna\n|-immune|p2a: Magearna\n|\n|upkeep\n|turn|9\n|\n|t:|1700135743\n|switch|p1a: Ho-Oh|Ho-Oh|93\/100\n|move|p2a: Magearna|Fleur Cannon|p1a: Ho-Oh|[miss]\n|-miss|p2a: Magearna|p1a: Ho-Oh\n|\n|upkeep\n|turn|10\n|inactive|Szymszym134 has 120 seconds left.\n|\n|t:|1700135791\n|switch|p2a: Dondozo|Dondozo, M|100\/100\n|move|p1a: Ho-Oh|Whirlwind|p2a: Dondozo\n|drag|p2a: Ditto|Ditto, shiny|100\/100\n|-transform|p2a: Ditto|p1a: Ho-Oh|[from] ability: Imposter\n|\n|upkeep\n|turn|11\n|\n|t:|1700135801\n|switch|p1a: Garganacl|Garganacl, F|100\/100\n|move|p2a: Ditto|Toxic|p1a: Garganacl\n|-immune|p1a: Garganacl|[from] ability: Purifying Salt\n|\n|upkeep\n|turn|12\n|\n|t:|1700135805\n|switch|p2a: Necrozma|Necrozma-Ultra|100\/100\n|move|p1a: Garganacl|Salt Cure|p2a: Necrozma\n|-damage|p2a: Necrozma|86\/100\n|-start|p2a: Necrozma|Salt Cure\n|\n|-damage|p2a: Necrozma|74\/100|[from] Salt Cure\n|upkeep\n|turn|13\n|\n|t:|1700135811\n|switch|p1a: Arceus|Arceus-Dark|81\/100\n|move|p2a: Necrozma|Stealth Rock|p1a: Arceus\n|-sidestart|p1: Szymszym134|move: Stealth Rock\n|\n|-damage|p2a: Necrozma|61\/100|[from] Salt Cure\n|upkeep\n|turn|14\n|\n|t:|1700135819\n|switch|p2a: Dondozo|Dondozo, M|100\/100\n|switch|p1a: Ho-Oh|Ho-Oh|100\/100\n|\n|upkeep\n|turn|15\n|\n|t:|1700135823\n|move|p1a: Ho-Oh|Toxic|p2a: Dondozo\n|-status|p2a: Dondozo|tox\n|move|p2a: Dondozo|Curse|p2a: Dondozo\n|-unboost|p2a: Dondozo|spe|1\n|-boost|p2a: Dondozo|atk|1\n|-boost|p2a: Dondozo|def|1\n|\n|-damage|p2a: Dondozo|94\/100 tox|[from] psn\n|upkeep\n|turn|16\n|\n|t:|1700135826\n|move|p1a: Ho-Oh|Defog|p2a: Dondozo\n|-unboost|p2a: Dondozo|evasion|1\n|-sideend|p1: Szymszym134|Stealth Rock|[from] move: Defog|[of] p1a: Ho-Oh\n|move|p2a: Dondozo|Liquidation|p1a: Ho-Oh\n|-supereffective|p1a: Ho-Oh\n|-damage|p1a: Ho-Oh|41\/100\n|\n|-heal|p2a: Dondozo|100\/100 tox|[from] item: Leftovers\n|-damage|p2a: Dondozo|88\/100 tox|[from] psn\n|upkeep\n|turn|17\n|\n|t:|1700135833\n|switch|p1a: Ditto|Ditto|100\/100\n|-transform|p1a: Ditto|p2a: Dondozo|[from] ability: Imposter\n|move|p2a: Dondozo|Liquidation|p1a: Ditto\n|-resisted|p1a: Ditto\n|-damage|p1a: Ditto|89\/100\n|\n|-heal|p2a: Dondozo|94\/100 tox|[from] item: Leftovers\n|-damage|p2a: Dondozo|76\/100 tox|[from] psn\n|upkeep\n|turn|18\n|\n|t:|1700135846\n|move|p1a: Ditto|Liquidation|p2a: Dondozo\n|-resisted|p2a: Dondozo\n|-damage|p2a: Dondozo|69\/100 tox\n|move|p2a: Dondozo|Liquidation|p1a: Ditto\n|-resisted|p1a: Ditto\n|-damage|p1a: Ditto|78\/100\n|-unboost|p1a: Ditto|def|1\n|\n|-heal|p2a: Dondozo|75\/100 tox|[from] item: Leftovers\n|-damage|p2a: Dondozo|51\/100 tox|[from] psn\n|upkeep\n|turn|19\n|\n|t:|1700135853\n|move|p1a: Ditto|Liquidation|p2a: Dondozo\n|-resisted|p2a: Dondozo\n|-damage|p2a: Dondozo|45\/100 tox\n|move|p2a: Dondozo|Rest|p2a: Dondozo\n|-status|p2a: Dondozo|slp|[from] move: Rest\n|-heal|p2a: Dondozo|100\/100 slp|[silent]\n|\n|upkeep\n|turn|20\n|\n|t:|1700135856\n|switch|p1a: Magearna|Magearna|100\/100\n|cant|p2a: Dondozo|slp\n|\n|upkeep\n|turn|21\n|\n|t:|1700135859\n|switch|p2a: Magearna|Magearna|88\/100\n|move|p1a: Magearna|Volt Switch|p2a: Magearna\n|-damage|p2a: Magearna|76\/100\n|\n|t:|1700135869\n|switch|p1a: Ho-Oh|Ho-Oh|74\/100|[from] Volt Switch\n|\n|upkeep\n|turn|22\n|\n|t:|1700135894\n|switch|p2a: Dondozo|Dondozo, M|100\/100 slp\n|move|p1a: Ho-Oh|Sacred Fire|p2a: Dondozo\n|-resisted|p2a: Dondozo\n|-damage|p2a: Dondozo|91\/100 slp\n|\n|-heal|p2a: Dondozo|97\/100 slp|[from] item: Leftovers\n|upkeep\n|turn|23\n|\n|t:|1700135900\n|switch|p1a: Garganacl|Garganacl, F|100\/100\n|cant|p2a: Dondozo|slp\n|\n|-heal|p2a: Dondozo|100\/100 slp|[from] item: Leftovers\n|upkeep\n|turn|24\n|j| femboy_healer\n|\n|t:|1700135908\n|switch|p2a: Ditto|Ditto, shiny|100\/100\n|-transform|p2a: Ditto|p1a: Garganacl|[from] ability: Imposter\n|move|p1a: Garganacl|Salt Cure|p2a: Ditto\n|-damage|p2a: Ditto|89\/100\n|-start|p2a: Ditto|Salt Cure\n|\n|-damage|p2a: Ditto|77\/100|[from] Salt Cure\n|upkeep\n|turn|25\n|\n|t:|1700135914\n|move|p2a: Ditto|Salt Cure|p1a: Garganacl\n|-crit|p1a: Garganacl\n|-damage|p1a: Garganacl|89\/100\n|-start|p1a: Garganacl|Salt Cure\n|move|p1a: Garganacl|Stealth Rock|p2a: Ditto\n|-sidestart|p2: KurumiTokisakilove|move: Stealth Rock\n|\n|-heal|p1a: Garganacl|95\/100|[from] item: Leftovers\n|-damage|p2a: Ditto|65\/100|[from] Salt Cure\n|-damage|p1a: Garganacl|83\/100|[from] Salt Cure\n|upkeep\n|turn|26\n|\n|t:|1700135918\n|switch|p2a: Necrozma|Necrozma-Ultra|61\/100\n|-damage|p2a: Necrozma|49\/100|[from] Stealth Rock\n|switch|p1a: Magearna|Magearna|100\/100\n|\n|upkeep\n|turn|27\n|\n|t:|1700135922\n|move|p2a: Necrozma|Earth Power|p1a: Magearna\n|-supereffective|p1a: Magearna\n|-damage|p1a: Magearna|33\/100\n|move|p1a: Magearna|Volt Switch|p2a: Necrozma\n|-resisted|p2a: Necrozma\n|-damage|p2a: Necrozma|38\/100\n|\n|t:|1700135932\n|switch|p1a: Ditto|Ditto|78\/100|[from] Volt Switch\n|-transform|p1a: Ditto|p2a: Necrozma|[from] ability: Imposter\n|\n|upkeep\n|turn|28\n|\n|t:|1700135939\n|switch|p2a: Arceus|Arceus-Dark|100\/100\n|-damage|p2a: Arceus|88\/100|[from] Stealth Rock\n|move|p1a: Ditto|Dragon Pulse|p2a: Arceus\n|-damage|p2a: Arceus|52\/100\n|\n|upkeep\n|turn|29\n|\n|t:|1700135943\n|switch|p1a: Magearna|Magearna|33\/100\n|move|p2a: Arceus|Recover|p2a: Arceus\n|-heal|p2a: Arceus|100\/100\n|\n|-heal|p1a: Magearna|39\/100|[from] item: Leftovers\n|upkeep\n|turn|30\n|n| femboy_healer|femboyhealer\n|\n|t:|1700135948\n|switch|p2a: Magearna|Magearna|76\/100\n|-damage|p2a: Magearna|70\/100|[from] Stealth Rock\n|move|p1a: Magearna|Pain Split|p2a: Magearna\n|-sethp|p2a: Magearna|54\/100|[from] move: Pain Split|[silent]\n|-sethp|p1a: Magearna|54\/100|[from] move: Pain Split\n|\n|-heal|p1a: Magearna|60\/100|[from] item: Leftovers\n|upkeep\n|turn|31\n|\n|t:|1700135955\n|move|p1a: Magearna|Volt Switch|p2a: Magearna\n|-damage|p2a: Magearna|41\/100\n|\n|t:|1700135959\n|switch|p1a: Ho-Oh|Ho-Oh|100\/100|[from] Volt Switch\n|move|p2a: Magearna|Pain Split|p1a: Ho-Oh\n|-sethp|p1a: Ho-Oh|68\/100|[from] move: Pain Split|[silent]\n|-sethp|p2a: Magearna|78\/100|[from] move: Pain Split\n|\n|upkeep\n|turn|32\n|\n|t:|1700135966\n|switch|p2a: Dondozo|Dondozo, M|100\/100 slp\n|-damage|p2a: Dondozo|88\/100 slp|[from] Stealth Rock\n|move|p1a: Ho-Oh|Toxic||[still]\n|-fail|p1a: Ho-Oh\n|\n|-heal|p2a: Dondozo|94\/100 slp|[from] item: Leftovers\n|upkeep\n|turn|33\n|\n|t:|1700135971\n|switch|p1a: Garganacl|Garganacl, F|83\/100\n|-curestatus|p2a: Dondozo|slp|[msg]\n|move|p2a: Dondozo|Liquidation|p1a: Garganacl\n|-supereffective|p1a: Garganacl\n|-damage|p1a: Garganacl|53\/100\n|\n|-heal|p2a: Dondozo|99\/100|[from] item: Leftovers\n|-heal|p1a: Garganacl|59\/100|[from] item: Leftovers\n|upkeep\n|turn|34\n|\n|t:|1700135975\n|switch|p2a: Ditto|Ditto, shiny|65\/100\n|-damage|p2a: Ditto|52\/100|[from] Stealth Rock\n|-transform|p2a: Ditto|p1a: Garganacl|[from] ability: Imposter\n|move|p1a: Garganacl|Recover|p1a: Garganacl\n|-heal|p1a: Garganacl|100\/100\n|\n|upkeep\n|turn|35\n|\n|t:|1700135979\n|move|p2a: Ditto|Stealth Rock|p1a: Garganacl\n|-sidestart|p1: Szymszym134|move: Stealth Rock\n|move|p1a: Garganacl|Salt Cure|p2a: Ditto\n|-damage|p2a: Ditto|42\/100\n|-start|p2a: Ditto|Salt Cure\n|\n|-damage|p2a: Ditto|30\/100|[from] Salt Cure\n|upkeep\n|turn|36\n|\n|t:|1700135984\n|switch|p2a: Zygarde|Zygarde, shiny|100\/100\n|-damage|p2a: Zygarde|94\/100|[from] Stealth Rock\n|move|p1a: Garganacl|Salt Cure|p2a: Zygarde\n|-resisted|p2a: Zygarde\n|-damage|p2a: Zygarde|89\/100\n|-start|p2a: Zygarde|Salt Cure\n|\n|-heal|p2a: Zygarde|95\/100|[from] item: Leftovers\n|-damage|p2a: Zygarde|83\/100|[from] Salt Cure\n|upkeep\n|turn|37\n|\n|t:|1700135989\n|switch|p2a: Ditto|Ditto, shiny|30\/100\n|-damage|p2a: Ditto|18\/100|[from] Stealth Rock\n|-transform|p2a: Ditto|p1a: Garganacl|[from] ability: Imposter\n|switch|p1a: Ho-Oh|Ho-Oh|100\/100\n|\n|upkeep\n|turn|38\n|\n|t:|1700135996\n|move|p1a: Ho-Oh|Sacred Fire|p2a: Ditto\n|-resisted|p2a: Ditto\n|-damage|p2a: Ditto|2\/100\n|move|p2a: Ditto|Recover|p2a: Ditto\n|-heal|p2a: Ditto|52\/100\n|\n|upkeep\n|turn|39\n|\n|t:|1700135999\n|move|p2a: Ditto|Recover|p2a: Ditto\n|-heal|p2a: Ditto|100\/100\n|move|p1a: Ho-Oh|Whirlwind|p2a: Ditto\n|drag|p2a: Arceus|Arceus-Dark|100\/100\n|-damage|p2a: Arceus|88\/100|[from] Stealth Rock\n|\n|upkeep\n|turn|40\n|\n|t:|1700136010\n|switch|p1a: Garganacl|Garganacl, F|100\/100\n|-damage|p1a: Garganacl|88\/100|[from] Stealth Rock\n|move|p2a: Arceus|Toxic|p1a: Garganacl\n|-immune|p1a: Garganacl|[from] ability: Purifying Salt\n|\n|-heal|p1a: Garganacl|94\/100|[from] item: Leftovers\n|upkeep\n|turn|41\n|\n|t:|1700136017\n|switch|p2a: Ditto|Ditto, shiny|100\/100\n|-damage|p2a: Ditto|88\/100|[from] Stealth Rock\n|-transform|p2a: Ditto|p1a: Garganacl|[from] ability: Imposter\n|move|p1a: Garganacl|Salt Cure|p2a: Ditto\n|-damage|p2a: Ditto|78\/100\n|-start|p2a: Ditto|Salt Cure\n|\n|-heal|p1a: Garganacl|100\/100|[from] item: Leftovers\n|-damage|p2a: Ditto|66\/100|[from] Salt Cure\n|upkeep\n|turn|42\n|\n|t:|1700136025\n|move|p1a: Garganacl|Protect|p1a: Garganacl\n|-singleturn|p1a: Garganacl|Protect\n|move|p2a: Ditto|Salt Cure|p1a: Garganacl\n|-activate|p1a: Garganacl|move: Protect\n|\n|-damage|p2a: Ditto|53\/100|[from] Salt Cure\n|upkeep\n|turn|43\n|\n|t:|1700136038\n|switch|p1a: Ho-Oh|Ho-Oh|100\/100\n|move|p2a: Ditto|Salt Cure|p1a: Ho-Oh\n|-supereffective|p1a: Ho-Oh\n|-damage|p1a: Ho-Oh|66\/100\n|-start|p1a: Ho-Oh|Salt Cure\n|\n|-damage|p1a: Ho-Oh|54\/100|[from] Salt Cure\n|-damage|p2a: Ditto|41\/100|[from] Salt Cure\n|upkeep\n|turn|44\n|\n|t:|1700136048\n|switch|p1a: Zygarde|Zygarde|100\/100\n|-damage|p1a: Zygarde|94\/100|[from] Stealth Rock\n|move|p2a: Ditto|Salt Cure|p1a: Zygarde\n|-resisted|p1a: Zygarde\n|-damage|p1a: Zygarde|90\/100\n|-start|p1a: Zygarde|Salt Cure\n|\n|-heal|p1a: Zygarde|96\/100|[from] item: Leftovers\n|-damage|p1a: Zygarde|84\/100|[from] Salt Cure\n|-damage|p2a: Ditto|29\/100|[from] Salt Cure\n|upkeep\n|turn|45\n|\n|t:|1700136059\n|switch|p2a: Dondozo|Dondozo, M|99\/100\n|-damage|p2a: Dondozo|88\/100|[from] Stealth Rock\n|move|p1a: Zygarde|Thousand Arrows|p2a: Dondozo\n|-crit|p2a: Dondozo\n|-damage|p2a: Dondozo|67\/100\n|\n|-heal|p1a: Zygarde|90\/100|[from] item: Leftovers\n|-heal|p2a: Dondozo|73\/100|[from] item: Leftovers\n|-damage|p1a: Zygarde|78\/100|[from] Salt Cure\n|upkeep\n|turn|46\n|\n|t:|1700136066\n|switch|p1a: Garganacl|Garganacl, F|100\/100\n|-damage|p1a: Garganacl|88\/100|[from] Stealth Rock\n|switch|p2a: Ditto|Ditto, shiny|29\/100\n|-damage|p2a: Ditto|16\/100|[from] Stealth Rock\n|-transform|p2a: Ditto|p1a: Garganacl|[from] ability: Imposter\n|\n|-heal|p1a: Garganacl|94\/100|[from] item: Leftovers\n|upkeep\n|turn|47\n|\n|t:|1700136071\n|move|p2a: Ditto|Recover|p2a: Ditto\n|-heal|p2a: Ditto|66\/100\n|move|p1a: Garganacl|Salt Cure|p2a: Ditto\n|-crit|p2a: Ditto\n|-damage|p2a: Ditto|50\/100\n|-start|p2a: Ditto|Salt Cure\n|\n|-heal|p1a: Garganacl|100\/100|[from] item: Leftovers\n|-damage|p2a: Ditto|38\/100|[from] Salt Cure\n|upkeep\n|turn|48\n|inactive|Szymszym134 has 120 seconds left.\n|\n|t:|1700136103\n|switch|p1a: Zygarde|Zygarde|78\/100\n|-damage|p1a: Zygarde|72\/100|[from] Stealth Rock\n|move|p2a: Ditto|Recover|p2a: Ditto\n|-heal|p2a: Ditto|88\/100\n|\n|-heal|p1a: Zygarde|78\/100|[from] item: Leftovers\n|-damage|p2a: Ditto|76\/100|[from] Salt Cure\n|upkeep\n|turn|49\n|\n|t:|1700136112\n|switch|p1a: Ho-Oh|Ho-Oh|87\/100\n|switch|p2a: Dondozo|Dondozo, M|73\/100\n|-damage|p2a: Dondozo|60\/100|[from] Stealth Rock\n|\n|-heal|p2a: Dondozo|67\/100|[from] item: Leftovers\n|upkeep\n|turn|50\n|\n|t:|1700136116\n|move|p1a: Ho-Oh|Toxic|p2a: Dondozo\n|-status|p2a: Dondozo|tox\n|move|p2a: Dondozo|Liquidation|p1a: Ho-Oh\n|-supereffective|p1a: Ho-Oh\n|-damage|p1a: Ho-Oh|50\/100\n|\n|-heal|p2a: Dondozo|73\/100 tox|[from] item: Leftovers\n|-damage|p2a: Dondozo|67\/100 tox|[from] psn\n|upkeep\n|turn|51\n|\n|t:|1700136122\n|move|p2a: Dondozo|Liquidation|p1a: Ho-Oh\n|-supereffective|p1a: Ho-Oh\n|-damage|p1a: Ho-Oh|11\/100\n|move|p1a: Ho-Oh|Whirlwind|p2a: Dondozo\n|drag|p2a: Arceus|Arceus-Dark|88\/100\n|-damage|p2a: Arceus|76\/100|[from] Stealth Rock\n|\n|upkeep\n|turn|52\n|\n|t:|1700136133\n|switch|p1a: Magearna|Magearna|60\/100\n|-damage|p1a: Magearna|54\/100|[from] Stealth Rock\n|move|p2a: Arceus|Foul Play|p1a: Magearna\n|-resisted|p1a: Magearna\n|-damage|p1a: Magearna|41\/100\n|\n|-heal|p1a: Magearna|47\/100|[from] item: Leftovers\n|upkeep\n|turn|53\n|\n|t:|1700136139\n|switch|p2a: Magearna|Magearna|78\/100\n|-damage|p2a: Magearna|72\/100|[from] Stealth Rock\n|move|p1a: Magearna|Fleur Cannon|p2a: Magearna\n|-resisted|p2a: Magearna\n|-damage|p2a: Magearna|54\/100\n|-unboost|p1a: Magearna|spa|2\n|\n|-heal|p1a: Magearna|53\/100|[from] item: Leftovers\n|upkeep\n|turn|54\n|\n|t:|1700136147\n|move|p2a: Magearna|Heal Bell|p2a: Magearna\n|-activate|p2a: Magearna|move: Heal Bell\n|-curestatus|p2: Dondozo|tox|[msg]\n|move|p1a: Magearna|Pain Split|p2a: Magearna\n|-sethp|p2a: Magearna|54\/100|[from] move: Pain Split|[silent]\n|-sethp|p1a: Magearna|54\/100|[from] move: Pain Split\n|\n|-heal|p1a: Magearna|60\/100|[from] item: Leftovers\n|upkeep\n|turn|55\n|\n|t:|1700136153\n|move|p2a: Magearna|Pain Split|p1a: Magearna\n|-sethp|p1a: Magearna|57\/100|[from] move: Pain Split|[silent]\n|-sethp|p2a: Magearna|57\/100|[from] move: Pain Split\n|move|p1a: Magearna|Volt Switch|p2a: Magearna\n|-damage|p2a: Magearna|50\/100\n|\n|t:|1700136164\n|switch|p1a: Ho-Oh|Ho-Oh|44\/100|[from] Volt Switch\n|\n|upkeep\n|turn|56\n|\n|t:|1700136171\n|switch|p2a: Dondozo|Dondozo, M|67\/100\n|-damage|p2a: Dondozo|54\/100|[from] Stealth Rock\n|move|p1a: Ho-Oh|Toxic|p2a: Dondozo\n|-status|p2a: Dondozo|tox\n|\n|-heal|p2a: Dondozo|60\/100 tox|[from] item: Leftovers\n|-damage|p2a: Dondozo|54\/100 tox|[from] psn\n|upkeep\n|turn|57\n|\n|t:|1700136174\n|switch|p1a: Garganacl|Garganacl, F|100\/100\n|-damage|p1a: Garganacl|88\/100|[from] Stealth Rock\n|move|p2a: Dondozo|Rest|p2a: Dondozo\n|-status|p2a: Dondozo|slp|[from] move: Rest\n|-heal|p2a: Dondozo|100\/100 slp|[silent]\n|\n|-heal|p1a: Garganacl|94\/100|[from] item: Leftovers\n|upkeep\n|turn|58\n|\n|t:|1700136180\n|cant|p2a: Dondozo|slp\n|move|p1a: Garganacl|Salt Cure|p2a: Dondozo\n|-damage|p2a: Dondozo|95\/100 slp\n|-start|p2a: Dondozo|Salt Cure\n|\n|-heal|p2a: Dondozo|100\/100 slp|[from] item: Leftovers\n|-heal|p1a: Garganacl|100\/100|[from] item: Leftovers\n|-damage|p2a: Dondozo|75\/100 slp|[from] Salt Cure\n|upkeep\n|turn|59\n|\n|t:|1700136182\n|switch|p1a: Ditto|Ditto|78\/100\n|-damage|p1a: Ditto|66\/100|[from] Stealth Rock\n|-transform|p1a: Ditto|p2a: Dondozo|[from] ability: Imposter\n|switch|p2a: Ditto|Ditto, shiny|76\/100\n|-damage|p2a: Ditto|63\/100|[from] Stealth Rock\n|\n|upkeep\n|turn|60\n|\n|t:|1700136197\n|switch|p2a: Dondozo|Dondozo, M|75\/100 slp\n|-damage|p2a: Dondozo|63\/100 slp|[from] Stealth Rock\n|move|p1a: Ditto|Liquidation|p2a: Dondozo\n|-resisted|p2a: Dondozo\n|-damage|p2a: Dondozo|56\/100 slp\n|\n|-heal|p2a: Dondozo|62\/100 slp|[from] item: Leftovers\n|upkeep\n|turn|61\n|\n|t:|1700136200\n|switch|p1a: Garganacl|Garganacl, F|100\/100\n|-damage|p1a: Garganacl|88\/100|[from] Stealth Rock\n|cant|p2a: Dondozo|slp\n|\n|-heal|p1a: Garganacl|94\/100|[from] item: Leftovers\n|-heal|p2a: Dondozo|68\/100 slp|[from] item: Leftovers\n|upkeep\n|turn|62\n|\n|t:|1700136204\n|switch|p2a: Ditto|Ditto, shiny|63\/100\n|-damage|p2a: Ditto|51\/100|[from] Stealth Rock\n|-transform|p2a: Ditto|p1a: Garganacl|[from] ability: Imposter\n|move|p1a: Garganacl|Salt Cure|p2a: Ditto\n|-damage|p2a: Ditto|41\/100\n|-start|p2a: Ditto|Salt Cure\n|\n|-heal|p1a: Garganacl|100\/100|[from] item: Leftovers\n|-damage|p2a: Ditto|29\/100|[from] Salt Cure\n|upkeep\n|turn|63\n|\n|t:|1700136212\n|switch|p1a: Magearna|Magearna|57\/100\n|-damage|p1a: Magearna|50\/100|[from] Stealth Rock\n|move|p2a: Ditto|Recover|p2a: Ditto\n|-heal|p2a: Ditto|79\/100\n|\n|-heal|p1a: Magearna|57\/100|[from] item: Leftovers\n|-damage|p2a: Ditto|66\/100|[from] Salt Cure\n|upkeep\n|turn|64\n|\n|t:|1700136216\n|switch|p2a: Magearna|Magearna|50\/100\n|-damage|p2a: Magearna|44\/100|[from] Stealth Rock\n|move|p1a: Magearna|Pain Split|p2a: Magearna\n|-sethp|p2a: Magearna|50\/100|[from] move: Pain Split|[silent]\n|-sethp|p1a: Magearna|50\/100|[from] move: Pain Split\n|\n|-heal|p1a: Magearna|56\/100|[from] item: Leftovers\n|upkeep\n|turn|65\n|\n|t:|1700136223\n|move|p2a: Magearna|Pain Split|p1a: Magearna\n|-sethp|p1a: Magearna|53\/100|[from] move: Pain Split|[silent]\n|-sethp|p2a: Magearna|53\/100|[from] move: Pain Split\n|move|p1a: Magearna|Volt Switch|p2a: Magearna\n|-crit|p2a: Magearna\n|-damage|p2a: Magearna|35\/100\n|\n|t:|1700136235\n|switch|p1a: Zygarde|Zygarde|78\/100|[from] Volt Switch\n|-damage|p1a: Zygarde|72\/100|[from] Stealth Rock\n|\n|-heal|p1a: Zygarde|78\/100|[from] item: Leftovers\n|upkeep\n|turn|66\n|\n|t:|1700136239\n|switch|p2a: Dondozo|Dondozo, M|68\/100 slp\n|-damage|p2a: Dondozo|56\/100 slp|[from] Stealth Rock\n|move|p1a: Zygarde|Thousand Arrows|p2a: Dondozo\n|-damage|p2a: Dondozo|41\/100 slp\n|\n|-heal|p1a: Zygarde|84\/100|[from] item: Leftovers\n|-heal|p2a: Dondozo|47\/100 slp|[from] item: Leftovers\n|upkeep\n|turn|67\n|\n|t:|1700136246\n|switch|p1a: Garganacl|Garganacl, F|100\/100\n|-damage|p1a: Garganacl|88\/100|[from] Stealth Rock\n|-curestatus|p2a: Dondozo|slp|[msg]\n|move|p2a: Dondozo|Rest|p2a: Dondozo\n|-status|p2a: Dondozo|slp|[from] move: Rest\n|-heal|p2a: Dondozo|100\/100 slp|[silent]\n|\n|-heal|p1a: Garganacl|94\/100|[from] item: Leftovers\n|upkeep\n|turn|68\n|\n|t:|1700136258\n|switch|p2a: Zygarde|Zygarde, shiny|83\/100\n|-damage|p2a: Zygarde|76\/100|[from] Stealth Rock\n|switch|p1a: Zygarde|Zygarde|84\/100\n|-damage|p1a: Zygarde|78\/100|[from] Stealth Rock\n|\n|-heal|p2a: Zygarde|83\/100|[from] item: Leftovers\n|-heal|p1a: Zygarde|84\/100|[from] item: Leftovers\n|upkeep\n|turn|69\n|\n|t:|1700136264\n|switch|p2a: Dondozo|Dondozo, M|100\/100 slp\n|-damage|p2a: Dondozo|88\/100 slp|[from] Stealth Rock\n|move|p1a: Zygarde|Coil|p1a: Zygarde\n|-boost|p1a: Zygarde|atk|1\n|-boost|p1a: Zygarde|def|1\n|-boost|p1a: Zygarde|accuracy|1\n|\n|-heal|p1a: Zygarde|90\/100|[from] item: Leftovers\n|-heal|p2a: Dondozo|94\/100 slp|[from] item: Leftovers\n|upkeep\n|turn|70\n|\n|t:|1700136269\n|move|p1a: Zygarde|Thousand Arrows|p2a: Dondozo\n|-damage|p2a: Dondozo|79\/100 slp\n|cant|p2a: Dondozo|slp\n|\n|-heal|p1a: Zygarde|96\/100|[from] item: Leftovers\n|-heal|p2a: Dondozo|85\/100 slp|[from] item: Leftovers\n|upkeep\n|turn|71\n|\n|t:|1700136273\n|switch|p1a: Garganacl|Garganacl, F|94\/100\n|-damage|p1a: Garganacl|82\/100|[from] Stealth Rock\n|cant|p2a: Dondozo|slp\n|\n|-heal|p1a: Garganacl|88\/100|[from] item: Leftovers\n|-heal|p2a: Dondozo|92\/100 slp|[from] item: Leftovers\n|upkeep\n|turn|72\n|\n|t:|1700136280\n|switch|p2a: Ditto|Ditto, shiny|66\/100\n|-damage|p2a: Ditto|54\/100|[from] Stealth Rock\n|-transform|p2a: Ditto|p1a: Garganacl|[from] ability: Imposter\n|move|p1a: Garganacl|Salt Cure|p2a: Ditto\n|-damage|p2a: Ditto|43\/100\n|-start|p2a: Ditto|Salt Cure\n|\n|-heal|p1a: Garganacl|94\/100|[from] item: Leftovers\n|-damage|p2a: Ditto|31\/100|[from] Salt Cure\n|upkeep\n|turn|73\n|\n|t:|1700136288\n|switch|p1a: Magearna|Magearna|53\/100\n|-damage|p1a: Magearna|47\/100|[from] Stealth Rock\n|move|p2a: Ditto|Recover|p2a: Ditto\n|-heal|p2a: Ditto|81\/100\n|\n|-heal|p1a: Magearna|53\/100|[from] item: Leftovers\n|-damage|p2a: Ditto|68\/100|[from] Salt Cure\n|upkeep\n|turn|74\n|\n|t:|1700136292\n|switch|p2a: Magearna|Magearna|35\/100\n|-damage|p2a: Magearna|29\/100|[from] Stealth Rock\n|move|p1a: Magearna|Volt Switch|p2a: Magearna\n|-crit|p2a: Magearna\n|-damage|p2a: Magearna|10\/100\n|\n|t:|1700136306\n|switch|p1a: Ditto|Ditto|66\/100|[from] Volt Switch\n|-damage|p1a: Ditto|53\/100|[from] Stealth Rock\n|-transform|p1a: Ditto|p2a: Magearna|[from] ability: Imposter\n|\n|upkeep\n|turn|75\n|\n|t:|1700136316\n|move|p1a: Ditto|Fleur Cannon|p2a: Magearna\n|-resisted|p2a: Magearna\n|-damage|p2a: Magearna|0 fnt\n|-unboost|p1a: Ditto|spa|2\n|faint|p2a: Magearna\n|-ability|p1a: Ditto|Soul-Heart|boost\n|-boost|p1a: Ditto|spa|1\n|\n|upkeep\n|\n|t:|1700136327\n|switch|p2a: Necrozma|Necrozma-Ultra|38\/100\n|-damage|p2a: Necrozma|25\/100|[from] Stealth Rock\n|turn|76\n|\n|t:|1700136334\n|switch|p1a: Ho-Oh|Ho-Oh|78\/100\n|move|p2a: Necrozma|Earth Power|p1a: Ho-Oh\n|-immune|p1a: Ho-Oh\n|\n|upkeep\n|turn|77\n|\n|t:|1700136342\n|move|p2a: Necrozma|Dragon Pulse|p1a: Ho-Oh\n|-damage|p1a: Ho-Oh|50\/100\n|move|p1a: Ho-Oh|Sacred Fire|p2a: Necrozma\n|-resisted|p2a: Necrozma\n|-damage|p2a: Necrozma|2\/100\n|-status|p2a: Necrozma|brn\n|\n|-damage|p2a: Necrozma|0 fnt|[from] brn\n|faint|p2a: Necrozma\n|upkeep\n|\n|t:|1700136349\n|switch|p2a: Zygarde|Zygarde, shiny|83\/100\n|-damage|p2a: Zygarde|76\/100|[from] Stealth Rock\n|turn|78\n|\n|t:|1700136357\n|move|p2a: Zygarde|Substitute|p2a: Zygarde\n|-start|p2a: Zygarde|Substitute\n|-damage|p2a: Zygarde|51\/100\n|move|p1a: Ho-Oh|Whirlwind|p2a: Zygarde\n|drag|p2a: Ditto|Ditto, shiny|68\/100\n|-damage|p2a: Ditto|56\/100|[from] Stealth Rock\n|-transform|p2a: Ditto|p1a: Ho-Oh|[from] ability: Imposter\n|\n|upkeep\n|turn|79\n|\n|t:|1700136365\n|switch|p2a: Zygarde|Zygarde, shiny|51\/100\n|-damage|p2a: Zygarde|45\/100|[from] Stealth Rock\n|move|p1a: Ho-Oh|Toxic|p2a: Zygarde\n|-status|p2a: Zygarde|tox\n|\n|-heal|p2a: Zygarde|51\/100 tox|[from] item: Leftovers\n|-damage|p2a: Zygarde|45\/100 tox|[from] psn\n|-activate|p2a: Zygarde|ability: Power Construct\n|detailschange|p2a: Zygarde|Zygarde-Complete, shiny\n|-heal|p2a: Zygarde|66\/100 tox|[silent]\n|upkeep\n|turn|80\n|\n|t:|1700136368\n|move|p2a: Zygarde|Thousand Arrows|p1a: Ho-Oh\n|-damage|p1a: Ho-Oh|24\/100\n|-start|p1a: Ho-Oh|Smack Down\n|move|p1a: Ho-Oh|Whirlwind|p2a: Zygarde\n|drag|p2a: Dondozo|Dondozo, M|92\/100 slp\n|-damage|p2a: Dondozo|79\/100 slp|[from] Stealth Rock\n|\n|-heal|p2a: Dondozo|85\/100 slp|[from] item: Leftovers\n|upkeep\n|turn|81\n|\n|t:|1700136378\n|switch|p1a: Garganacl|Garganacl, F|94\/100\n|-damage|p1a: Garganacl|82\/100|[from] Stealth Rock\n|-curestatus|p2a: Dondozo|slp|[msg]\n|move|p2a: Dondozo|Liquidation|p1a: Garganacl\n|-supereffective|p1a: Garganacl\n|-damage|p1a: Garganacl|52\/100\n|\n|-heal|p2a: Dondozo|91\/100|[from] item: Leftovers\n|-heal|p1a: Garganacl|58\/100|[from] item: Leftovers\n|upkeep\n|turn|82\n|\n|t:|1700136383\n|move|p1a: Garganacl|Salt Cure|p2a: Dondozo\n|-damage|p2a: Dondozo|85\/100\n|-start|p2a: Dondozo|Salt Cure\n|move|p2a: Dondozo|Body Press|p1a: Garganacl\n|-supereffective|p1a: Garganacl\n|-damage|p1a: Garganacl|26\/100\n|\n|-heal|p1a: Garganacl|32\/100|[from] item: Leftovers\n|-heal|p2a: Dondozo|92\/100|[from] item: Leftovers\n|-damage|p2a: Dondozo|67\/100|[from] Salt Cure\n|upkeep\n|turn|83\n|\n|t:|1700136390\n|switch|p2a: Ditto|Ditto, shiny|89\/100\n|-damage|p2a: Ditto|77\/100|[from] Stealth Rock\n|-transform|p2a: Ditto|p1a: Garganacl|[from] ability: Imposter\n|move|p1a: Garganacl|Protect||[still]\n|-fail|p1a: Garganacl\n|\n|-heal|p1a: Garganacl|38\/100|[from] item: Leftovers\n|upkeep\n|turn|84\n|\n|t:|1700136394\n|move|p2a: Ditto|Salt Cure|p1a: Garganacl\n|-damage|p1a: Garganacl|30\/100\n|-start|p1a: Garganacl|Salt Cure\n|move|p1a: Garganacl|Recover|p1a: Garganacl\n|-heal|p1a: Garganacl|80\/100\n|\n|-heal|p1a: Garganacl|86\/100|[from] item: Leftovers\n|-damage|p1a: Garganacl|74\/100|[from] Salt Cure\n|upkeep\n|turn|85\n|\n|t:|1700136399\n|switch|p2a: Dondozo|Dondozo, M|67\/100\n|-damage|p2a: Dondozo|54\/100|[from] Stealth Rock\n|move|p1a: Garganacl|Salt Cure|p2a: Dondozo\n|-damage|p2a: Dondozo|48\/100\n|-start|p2a: Dondozo|Salt Cure\n|\n|-heal|p1a: Garganacl|80\/100|[from] item: Leftovers\n|-heal|p2a: Dondozo|54\/100|[from] item: Leftovers\n|-damage|p1a: Garganacl|68\/100|[from] Salt Cure\n|-damage|p2a: Dondozo|29\/100|[from] Salt Cure\n|upkeep\n|turn|86\n|\n|t:|1700136403\n|switch|p1a: Magearna|Magearna|53\/100\n|-damage|p1a: Magearna|47\/100|[from] Stealth Rock\n|move|p2a: Dondozo|Rest|p2a: Dondozo\n|-status|p2a: Dondozo|slp|[from] move: Rest\n|-heal|p2a: Dondozo|100\/100 slp|[silent]\n|\n|-heal|p1a: Magearna|53\/100|[from] item: Leftovers\n|-damage|p2a: Dondozo|75\/100 slp|[from] Salt Cure\n|upkeep\n|turn|87\n|\n|t:|1700136409\n|switch|p2a: Ditto|Ditto, shiny|77\/100\n|-damage|p2a: Ditto|65\/100|[from] Stealth Rock\n|-transform|p2a: Ditto|p1a: Magearna|[from] ability: Imposter\n|move|p1a: Magearna|Fleur Cannon|p2a: Ditto\n|-resisted|p2a: Ditto\n|-crit|p2a: Ditto\n|-damage|p2a: Ditto|31\/100\n|-unboost|p1a: Magearna|spa|2\n|\n|-heal|p1a: Magearna|59\/100|[from] item: Leftovers\n|upkeep\n|turn|88\n|\n|t:|1700136416\n|move|p2a: Ditto|Heal Bell|p2a: Ditto\n|-activate|p2a: Ditto|move: Heal Bell\n|-curestatus|p2: Zygarde|tox|[msg]\n|-curestatus|p2: Dondozo|slp|[msg]\n|move|p1a: Magearna|Volt Switch|p2a: Ditto\n|-crit|p2a: Ditto\n|-damage|p2a: Ditto|7\/100\n|\n|t:|1700136431\n|switch|p1a: Garganacl|Garganacl, F|68\/100|[from] Volt Switch\n|-damage|p1a: Garganacl|55\/100|[from] Stealth Rock\n|\n|-heal|p1a: Garganacl|61\/100|[from] item: Leftovers\n|upkeep\n|turn|89\n|\n|t:|1700136443\n|move|p2a: Ditto|Heal Bell||[still]\n|-activate|p2a: Ditto|move: Heal Bell\n|-fail|p2a: Ditto\n|move|p1a: Garganacl|Salt Cure|p2a: Ditto\n|-resisted|p2a: Ditto\n|-damage|p2a: Ditto|1\/100\n|-start|p2a: Ditto|Salt Cure\n|\n|-heal|p1a: Garganacl|68\/100|[from] item: Leftovers\n|-damage|p2a: Ditto|0 fnt|[from] Salt Cure\n|faint|p2a: Ditto\n|upkeep\n|\n|t:|1700136447\n|switch|p2a: Zygarde|Zygarde-Complete, shiny|66\/100\n|-damage|p2a: Zygarde|60\/100|[from] Stealth Rock\n|turn|90\n|\n|t:|1700136452\n|switch|p1a: Ho-Oh|Ho-Oh|58\/100\n|move|p2a: Zygarde|Thousand Arrows|p1a: Ho-Oh\n|-damage|p1a: Ho-Oh|31\/100\n|-start|p1a: Ho-Oh|Smack Down\n|\n|-heal|p2a: Zygarde|66\/100|[from] item: Leftovers\n|upkeep\n|turn|91\n|\n|t:|1700136462\n|switch|p1a: Arceus|Arceus-Dark|81\/100\n|-damage|p1a: Arceus|69\/100|[from] Stealth Rock\n|move|p2a: Zygarde|Thousand Arrows|p1a: Arceus\n|-damage|p1a: Arceus|45\/100\n|\n|-heal|p2a: Zygarde|72\/100|[from] item: Leftovers\n|upkeep\n|turn|92\n|\n|t:|1700136469\n|move|p1a: Arceus|Toxic|p2a: Zygarde\n|-status|p2a: Zygarde|tox\n|move|p2a: Zygarde|Dragon Dance|p2a: Zygarde\n|-boost|p2a: Zygarde|atk|1\n|-boost|p2a: Zygarde|spe|1\n|\n|-heal|p2a: Zygarde|78\/100 tox|[from] item: Leftovers\n|-damage|p2a: Zygarde|72\/100 tox|[from] psn\n|upkeep\n|turn|93\n|\n|t:|1700136473\n|move|p2a: Zygarde|Thousand Arrows|p1a: Arceus\n|-damage|p1a: Arceus|9\/100\n|move|p1a: Arceus|Recover|p1a: Arceus\n|-heal|p1a: Arceus|59\/100\n|\n|-heal|p2a: Zygarde|78\/100 tox|[from] item: Leftovers\n|-damage|p2a: Zygarde|66\/100 tox|[from] psn\n|upkeep\n|turn|94\n|\n|t:|1700136479\n|move|p2a: Zygarde|Thousand Arrows|p1a: Arceus\n|-damage|p1a: Arceus|19\/100\n|move|p1a: Arceus|Foul Play|p2a: Zygarde\n|-damage|p2a: Zygarde|30\/100 tox\n|\n|-heal|p2a: Zygarde|36\/100 tox|[from] item: Leftovers\n|-damage|p2a: Zygarde|18\/100 tox|[from] psn\n|upkeep\n|turn|95\n|\n|t:|1700136486\n|move|p2a: Zygarde|Thousand Arrows|p1a: Arceus\n|-damage|p1a: Arceus|0 fnt\n|faint|p1a: Arceus\n|\n|-heal|p2a: Zygarde|24\/100 tox|[from] item: Leftovers\n|-damage|p2a: Zygarde|0 fnt|[from] psn\n|faint|p2a: Zygarde\n|upkeep\n|\n|t:|1700136493\n|switch|p1a: Garganacl|Garganacl, F|68\/100\n|switch|p2a: Arceus|Arceus-Dark|76\/100\n|-damage|p2a: Arceus|63\/100|[from] Stealth Rock\n|-damage|p1a: Garganacl|55\/100|[from] Stealth Rock\n|turn|96\n|\n|t:|1700136498\n|move|p2a: Arceus|Taunt|p1a: Garganacl\n|-start|p1a: Garganacl|move: Taunt\n|move|p1a: Garganacl|Salt Cure|p2a: Arceus\n|-damage|p2a: Arceus|54\/100\n|-start|p2a: Arceus|Salt Cure\n|\n|-heal|p1a: Garganacl|61\/100|[from] item: Leftovers\n|-damage|p2a: Arceus|42\/100|[from] Salt Cure\n|upkeep\n|turn|97\n|\n|t:|1700136510\n|switch|p1a: Magearna|Magearna|59\/100\n|-damage|p1a: Magearna|53\/100|[from] Stealth Rock\n|move|p2a: Arceus|Recover|p2a: Arceus\n|-heal|p2a: Arceus|92\/100\n|\n|-heal|p1a: Magearna|59\/100|[from] item: Leftovers\n|-damage|p2a: Arceus|80\/100|[from] Salt Cure\n|upkeep\n|turn|98\n|\n|t:|1700136519\n|move|p2a: Arceus|Foul Play|p1a: Magearna\n|-resisted|p1a: Magearna\n|-damage|p1a: Magearna|47\/100\n|move|p1a: Magearna|Volt Switch|p2a: Arceus\n|-damage|p2a: Arceus|67\/100\n|\n|t:|1700136525\n|switch|p1a: Ho-Oh|Ho-Oh|64\/100|[from] Volt Switch\n|\n|-damage|p2a: Arceus|55\/100|[from] Salt Cure\n|upkeep\n|turn|99\n|\n|t:|1700136529\n|move|p2a: Arceus|Foul Play|p1a: Ho-Oh\n|-damage|p1a: Ho-Oh|32\/100\n|move|p1a: Ho-Oh|Sacred Fire|p2a: Arceus\n|-damage|p2a: Arceus|26\/100\n|-status|p2a: Arceus|brn\n|\n|-damage|p2a: Arceus|20\/100 brn|[from] brn\n|-damage|p2a: Arceus|7\/100 brn|[from] Salt Cure\n|upkeep\n|turn|100\n|\n|t:|1700136539\n|switch|p1a: Magearna|Magearna|47\/100\n|-damage|p1a: Magearna|41\/100|[from] Stealth Rock\n|move|p2a: Arceus|Foul Play|p1a: Magearna\n|-resisted|p1a: Magearna\n|-damage|p1a: Magearna|35\/100\n|\n|-heal|p1a: Magearna|41\/100|[from] item: Leftovers\n|-damage|p2a: Arceus|1\/100 brn|[from] brn\n|-damage|p2a: Arceus|0 fnt|[from] Salt Cure\n|faint|p2a: Arceus\n|-ability|p1a: Magearna|Soul-Heart|boost\n|-boost|p1a: Magearna|spa|1\n|upkeep\n|\n|t:|1700136546\n|switch|p2a: Dondozo|Dondozo, M|75\/100\n|-damage|p2a: Dondozo|63\/100|[from] Stealth Rock\n|turn|101\n|\n|t:|1700136550\n|move|p1a: Magearna|Pain Split|p2a: Dondozo\n|-sethp|p2a: Dondozo|47\/100|[from] move: Pain Split|[silent]\n|-sethp|p1a: Magearna|64\/100|[from] move: Pain Split\n|move|p2a: Dondozo|Liquidation|p1a: Magearna\n|-damage|p1a: Magearna|41\/100\n|-unboost|p1a: Magearna|def|1\n|\n|-heal|p1a: Magearna|47\/100|[from] item: Leftovers\n|-heal|p2a: Dondozo|53\/100|[from] item: Leftovers\n|upkeep\n|turn|102\n|\n|t:|1700136556\n|-terastallize|p2a: Dondozo|Dragon\n|move|p1a: Magearna|Volt Switch|p2a: Dondozo\n|-resisted|p2a: Dondozo\n|-damage|p2a: Dondozo|43\/100\n|\n|t:|1700136561\n|switch|p1a: Ho-Oh|Ho-Oh|65\/100|[from] Volt Switch\n|move|p2a: Dondozo|Liquidation|p1a: Ho-Oh\n|-supereffective|p1a: Ho-Oh\n|-damage|p1a: Ho-Oh|27\/100\n|-unboost|p1a: Ho-Oh|def|1\n|\n|-heal|p2a: Dondozo|50\/100|[from] item: Leftovers\n|upkeep\n|turn|103\n|\n|t:|1700136565\n|move|p1a: Ho-Oh|Toxic|p2a: Dondozo\n|-status|p2a: Dondozo|tox\n|move|p2a: Dondozo|Liquidation|p1a: Ho-Oh\n|-supereffective|p1a: Ho-Oh\n|-damage|p1a: Ho-Oh|0 fnt\n|faint|p1a: Ho-Oh\n|\n|-heal|p2a: Dondozo|56\/100 tox|[from] item: Leftovers\n|-damage|p2a: Dondozo|50\/100 tox|[from] psn\n|upkeep\n|\n|t:|1700136571\n|switch|p1a: Magearna|Magearna|47\/100\n|-damage|p1a: Magearna|41\/100|[from] Stealth Rock\n|turn|104\n|\n|t:|1700136574\n|move|p1a: Magearna|Fleur Cannon|p2a: Dondozo\n|-supereffective|p2a: Dondozo\n|-damage|p2a: Dondozo|0 fnt\n|-unboost|p1a: Magearna|spa|2\n|faint|p2a: Dondozo\n|\n|win|Szymszym134\n|raw|Szymszym134's rating: 1619 &rarr; <strong>1653<\/strong><br \/>(+34 for winning)\n|raw|KurumiTokisakilove's rating: 1924 &rarr; <strong>1890<\/strong><br \/>(-34 for losing)\n|l|\u2606KurumiTokisakilove\n","uploadtime":1700136590,"views":29,"p1id":"szymszym134","p2id":"kurumitokisakilove","formatid":"gen9nationaldexubers","rating":1653,"private":0,"password":""}