{"id":"gen9nationaldexubers-1979223098","p1":"pandigaymer","p2":"KarmaNightraide","format":"[Gen 9] National Dex Ubers","log":"|j|\u2606pandigaymer\n|j|\u2606KarmaNightraide\n|t:|1698655434\n|gametype|singles\n|player|p1|pandigaymer|266|1154\n|player|p2|KarmaNightraide|unknown|1082\n|teamsize|p1|6\n|teamsize|p2|6\n|gen|9\n|tier|[Gen 9] National Dex Ubers\n|rated|\n|rule|HP Percentage Mod: HP is shown in percentages\n|rule|Endless Battle Clause: Forcing endless battles is banned\n|rule|OHKO Clause: OHKO moves are banned\n|rule|Evasion Moves Clause: Evasion moves are banned\n|rule|Evasion Items Clause: Evasion items are banned\n|rule|Species Clause: Limit one of each Pok\u00e9mon\n|rule|Sleep Clause Mod: Limit one foe put to sleep\n|rule|Mega Rayquaza Clause: You cannot mega evolve Rayquaza\n|clearpoke\n|poke|p1|Cyclizar, M|\n|poke|p1|Zacian-*|\n|poke|p1|Arctovish|\n|poke|p1|Dracovish|\n|poke|p1|Talonflame, M|\n|poke|p1|Ninetales-Alola, F|\n|poke|p2|Drifblim, M|\n|poke|p2|Runerigus, M|\n|poke|p2|Chandelure, M|\n|poke|p2|Jellicent, M|\n|poke|p2|Mimikyu, M|\n|poke|p2|Froslass, F|\n|teampreview\n|\n|t:|1698655441\n|start\n|switch|p1a: Talonflame|Talonflame, M|100\/100\n|switch|p2a: LittleLightOfMine|Chandelure, M|100\/100\n|turn|1\n|\n|t:|1698655462\n|move|p1a: Talonflame|Tailwind|p1a: Talonflame\n|-sidestart|p1: pandigaymer|move: Tailwind\n|move|p2a: LittleLightOfMine|Calm Mind|p2a: LittleLightOfMine\n|-boost|p2a: LittleLightOfMine|spa|1\n|-boost|p2a: LittleLightOfMine|spd|1\n|\n|upkeep\n|turn|2\n|\n|t:|1698655479\n|move|p1a: Talonflame|Acrobatics|p2a: LittleLightOfMine\n|-damage|p2a: LittleLightOfMine|78\/100\n|move|p2a: LittleLightOfMine|Shadow Ball|p1a: Talonflame\n|-damage|p1a: Talonflame|0 fnt\n|faint|p1a: Talonflame\n|-damage|p2a: LittleLightOfMine|68\/100|[from] item: Life Orb\n|\n|upkeep\n|\n|t:|1698655487\n|switch|p1a: Dracovish|Dracovish|100\/100\n|turn|3\n|\n|t:|1698655505\n|move|p1a: Dracovish|Fishious Rend|p2a: LittleLightOfMine\n|-supereffective|p2a: LittleLightOfMine\n|-damage|p2a: LittleLightOfMine|0 fnt\n|faint|p2a: LittleLightOfMine\n|\n|upkeep\n|\n|t:|1698655515\n|switch|p2a: Nice 'Stache|Jellicent, M|100\/100\n|turn|4\n|\n|t:|1698655520\n|-terastallize|p1a: Dracovish|Water\n|move|p1a: Dracovish|Fishious Rend|p2a: Nice 'Stache\n|-immune|p2a: Nice 'Stache|[from] ability: Water Absorb\n|move|p2a: Nice 'Stache|Dazzling Gleam|p1a: Dracovish\n|-damage|p1a: Dracovish|71\/100\n|\n|-sideend|p1: pandigaymer|move: Tailwind\n|upkeep\n|turn|5\n|\n|t:|1698655539\n|switch|p1a: Zacian|Zacian-Crowned|100\/100\n|-ability|p1a: Zacian|Intrepid Sword|boost\n|-boost|p1a: Zacian|atk|1\n|move|p2a: Nice 'Stache|Ice Beam|p1a: Zacian\n|-resisted|p1a: Zacian\n|-crit|p1a: Zacian\n|-damage|p1a: Zacian|83\/100\n|\n|upkeep\n|turn|6\n|\n|t:|1698655573\n|move|p1a: Zacian|Trailblaze|p2a: Nice 'Stache\n|-supereffective|p2a: Nice 'Stache\n|-damage|p2a: Nice 'Stache|16\/100\n|-boost|p1a: Zacian|spe|1\n|move|p2a: Nice 'Stache|Scald|p1a: Zacian\n|-damage|p1a: Zacian|48\/100\n|\n|-heal|p2a: Nice 'Stache|22\/100|[from] item: Leftovers\n|upkeep\n|turn|7\n|\n|t:|1698655586\n|move|p1a: Zacian|Trailblaze|p2a: Nice 'Stache\n|-supereffective|p2a: Nice 'Stache\n|-damage|p2a: Nice 'Stache|0 fnt\n|-boost|p1a: Zacian|spe|1\n|faint|p2a: Nice 'Stache\n|\n|upkeep\n|\n|t:|1698655594\n|switch|p2a: Ragnar\u00f6k|Runerigus, M|100\/100\n|turn|8\n|\n|t:|1698655608\n|move|p1a: Zacian|Play Rough|p2a: Ragnar\u00f6k\n|-damage|p2a: Ragnar\u00f6k|27\/100\n|-activate|p2a: Ragnar\u00f6k|ability: Wandering Spirit|Intrepid Sword|Wandering Spirit|[of] p1a: Zacian\n|-ability|p2a: Ragnar\u00f6k|Intrepid Sword|boost\n|-boost|p2a: Ragnar\u00f6k|atk|1\n|move|p2a: Ragnar\u00f6k|Earthquake|p1a: Zacian\n|-supereffective|p1a: Zacian\n|-damage|p1a: Zacian|0 fnt\n|faint|p1a: Zacian\n|\n|upkeep\n|\n|t:|1698655619\n|switch|p1a: Arctovish|Arctovish|100\/100\n|turn|9\n|inactive|Battle timer is ON: inactive players will automatically lose when time's up. (requested by pandigaymer)\n|\n|t:|1698655659\n|move|p1a: Arctovish|Fishious Rend|p2a: Ragnar\u00f6k\n|-supereffective|p2a: Ragnar\u00f6k\n|-damage|p2a: Ragnar\u00f6k|0 fnt\n|faint|p2a: Ragnar\u00f6k\n|\n|upkeep\n|\n|t:|1698655672\n|switch|p2a: 'Loon|Drifblim, M|100\/100\n|turn|10\n|\n|t:|1698655678\n|move|p2a: 'Loon|Thunderbolt|p1a: Arctovish\n|-supereffective|p1a: Arctovish\n|-damage|p1a: Arctovish|48\/100\n|move|p1a: Arctovish|Fishious Rend|p2a: 'Loon\n|-damage|p2a: 'Loon|14\/100\n|\n|-status|p2a: 'Loon|brn|[from] item: Flame Orb\n|upkeep\n|turn|11\n|\n|t:|1698655687\n|switch|p1a: Ninetales|Ninetales-Alola, F|100\/100\n|-weather|Snow|[from] ability: Snow Warning|[of] p1a: Ninetales\n|move|p2a: 'Loon|Thunderbolt|p1a: Ninetales\n|-damage|p1a: Ninetales|65\/100\n|-enditem|p1a: Ninetales|Eject Button\n|\n|t:|1698655693\n|switch|p1a: Arctovish|Arctovish|48\/100\n|\n|-weather|Snow|[upkeep]\n|-damage|p2a: 'Loon|8\/100 brn|[from] brn\n|upkeep\n|turn|12\n|\n|t:|1698655700\n|move|p1a: Arctovish|Fishious Rend|p2a: 'Loon\n|-damage|p2a: 'Loon|0 fnt\n|faint|p2a: 'Loon\n|\n|-weather|Snow|[upkeep]\n|upkeep\n|\n|t:|1698655716\n|switch|p2a: Icy Wifey|Froslass, F, shiny|100\/100\n|turn|13\n|\n|t:|1698655720\n|move|p1a: Arctovish|Fishious Rend|p2a: Icy Wifey\n|-damage|p2a: Icy Wifey|0 fnt\n|faint|p2a: Icy Wifey\n|\n|-weather|Snow|[upkeep]\n|upkeep\n|\n|t:|1698655727\n|switch|p2a: 'Lil guy my man|Mimikyu, M|100\/100\n|turn|14\n|\n|t:|1698655737\n|move|p1a: Arctovish|Fishious Rend|p2a: 'Lil guy my man\n|-activate|p2a: 'Lil guy my man|ability: Disguise\n|-damage|p2a: 'Lil guy my man|100\/100\n|detailschange|p2a: 'Lil guy my man|Mimikyu-Busted, M\n|-damage|p2a: 'Lil guy my man|88\/100|[from] pokemon: Mimikyu-Busted\n|move|p2a: 'Lil guy my man|Drain Punch|p1a: Arctovish\n|-supereffective|p1a: Arctovish\n|-damage|p1a: Arctovish|21\/100\n|-heal|p2a: 'Lil guy my man|100\/100|[from] drain|[of] p1a: Arctovish\n|\n|-weather|Snow|[upkeep]\n|upkeep\n|turn|15\n|\n|t:|1698655756\n|move|p1a: Arctovish|Fishious Rend|p2a: 'Lil guy my man\n|-damage|p2a: 'Lil guy my man|0 fnt\n|faint|p2a: 'Lil guy my man\n|\n|win|pandigaymer\n|raw|pandigaymer's rating: 1154 &rarr; <strong>1174<\/strong><br \/>(+20 for winning)\n|raw|KarmaNightraide's rating: 1082 &rarr; <strong>1064<\/strong><br \/>(-18 for losing)\n|l|\u2606pandigaymer\n|l|\u2606KarmaNightraide\n|j|\u2606KarmaNightraide\n|player|p2|KarmaNightraide|unknown\n","uploadtime":1698655851,"views":14,"p1id":"pandigaymer","p2id":"karmanightraide","formatid":"gen9nationaldexubers","rating":1064,"private":0,"password":""}