{"id":"gen9nationaldexubers-1984283664","p1":"Disco 2003","p2":"KingPepper7","format":"[Gen 9] National Dex Ubers","log":"|j|\u2606Disco 2003\n|j|\u2606KingPepper7\n|t:|1699238802\n|gametype|singles\n|player|p1|Disco 2003|266|\n|player|p2|KingPepper7|cheren-gen5bw2|\n|teamsize|p1|6\n|teamsize|p2|6\n|gen|9\n|tier|[Gen 9] National Dex Ubers\n|rule|HP Percentage Mod: HP is shown in percentages\n|rule|Endless Battle Clause: Forcing endless battles is banned\n|rule|OHKO Clause: OHKO moves are banned\n|rule|Evasion Moves Clause: Evasion moves are banned\n|rule|Evasion Items Clause: Evasion items are banned\n|rule|Species Clause: Limit one of each Pok\u00e9mon\n|rule|Sleep Clause Mod: Limit one foe put to sleep\n|rule|Mega Rayquaza Clause: You cannot mega evolve Rayquaza\n|clearpoke\n|poke|p1|Clodsire, M|\n|poke|p1|Gastrodon-East, M|\n|poke|p1|Ursaluna, M|\n|poke|p1|Landorus-Therian, M|\n|poke|p1|Great Tusk|\n|poke|p1|Gliscor, F|\n|poke|p2|Banette, F|\n|poke|p2|Gliscor, F|\n|poke|p2|Rotom-Wash|\n|poke|p2|Tornadus-Therian, M|\n|poke|p2|Ogerpon-Cornerstone, F|\n|poke|p2|Hatterene, F|\n|teampreview\n|c|\u2606KingPepper7|glhf\n|c|\u2606Disco 2003|u2\n|\n|t:|1699238868\n|start\n|switch|p1a: Goo Goo Muck|Clodsire, M|100\/100\n|switch|p2a: Tornadus|Tornadus-Therian, M|100\/100\n|turn|1\n|j| Serise\n|\n|t:|1699238898\n|move|p2a: Tornadus|U-turn|p1a: Goo Goo Muck\n|-resisted|p1a: Goo Goo Muck\n|-damage|p1a: Goo Goo Muck|95\/100\n|\n|t:|1699238900\n|switch|p2a: Hatterene|Hatterene, F|100\/100|[from] U-turn\n|move|p1a: Goo Goo Muck|Toxic|p2a: Hatterene\n|move|p2a: Hatterene|Toxic|p1a: Goo Goo Muck|[from]ability: Magic Bounce\n|-immune|p1a: Goo Goo Muck\n|\n|-heal|p1a: Goo Goo Muck|100\/100|[from] item: Black Sludge\n|upkeep\n|turn|2\n|j| Pex Hater\n|\n|t:|1699238920\n|switch|p1a: Wind of Change|Gliscor, F, shiny|100\/100\n|move|p2a: Hatterene|Psyshock|p1a: Wind of Change\n|-damage|p1a: Wind of Change|74\/100\n|\n|-status|p1a: Wind of Change|tox|[from] item: Toxic Orb\n|upkeep\n|turn|3\n|\n|t:|1699238942\n|move|p1a: Wind of Change|Facade|p2a: Hatterene\n|-damage|p2a: Hatterene|76\/100\n|move|p2a: Hatterene|Dazzling Gleam|p1a: Wind of Change\n|-damage|p1a: Wind of Change|35\/100 tox\n|\n|-heal|p2a: Hatterene|82\/100|[from] item: Leftovers\n|-heal|p1a: Wind of Change|48\/100 tox|[from] ability: Poison Heal\n|upkeep\n|turn|4\n|\n|t:|1699238949\n|move|p1a: Wind of Change|Roost|p1a: Wind of Change\n|-heal|p1a: Wind of Change|98\/100 tox\n|-singleturn|p1a: Wind of Change|move: Roost\n|move|p2a: Hatterene|Dazzling Gleam|p1a: Wind of Change\n|-damage|p1a: Wind of Change|55\/100 tox\n|\n|-heal|p2a: Hatterene|88\/100|[from] item: Leftovers\n|-heal|p1a: Wind of Change|68\/100 tox|[from] ability: Poison Heal\n|upkeep\n|turn|5\n|\n|t:|1699238970\n|switch|p2a: Banette|Banette, F, shiny|100\/100\n|move|p1a: Wind of Change|Swords Dance|p1a: Wind of Change\n|-boost|p1a: Wind of Change|atk|2\n|\n|-heal|p1a: Wind of Change|80\/100 tox|[from] ability: Poison Heal\n|upkeep\n|turn|6\n|\n|t:|1699239028\n|detailschange|p2a: Banette|Banette-Mega, F, shiny\n|-mega|p2a: Banette|Banette|Banettite\n|move|p2a: Banette|Encore|p1a: Wind of Change\n|-start|p1a: Wind of Change|Encore\n|move|p1a: Wind of Change|Swords Dance|p1a: Wind of Change\n|-boost|p1a: Wind of Change|atk|2\n|\n|-heal|p1a: Wind of Change|93\/100 tox|[from] ability: Poison Heal\n|upkeep\n|turn|7\n|\n|t:|1699239056\n|switch|p1a: Black Hole Sun|Ursaluna, M, shiny|100\/100\n|switch|p2a: Rotom|Rotom-Wash|100\/100\n|\n|-status|p1a: Black Hole Sun|brn|[from] item: Flame Orb\n|upkeep\n|turn|8\n|\n|t:|1699239094\n|switch|p1a: The Mollusk|Gastrodon-East, M|100\/100\n|move|p2a: Rotom|Hydro Pump|p1a: The Mollusk\n|-ability|p1a: The Mollusk|Storm Drain|boost\n|-boost|p1a: The Mollusk|spa|1\n|\n|upkeep\n|turn|9\n|\n|t:|1699239105\n|switch|p2a: Hatterene|Hatterene, F|88\/100\n|move|p1a: The Mollusk|Scald|p2a: Hatterene\n|-damage|p2a: Hatterene|47\/100\n|\n|-heal|p2a: Hatterene|53\/100|[from] item: Leftovers\n|upkeep\n|turn|10\n|\n|t:|1699239118\n|move|p1a: The Mollusk|Scald|p2a: Hatterene\n|-damage|p2a: Hatterene|11\/100\n|move|p2a: Hatterene|Mystical Fire|p1a: The Mollusk\n|-resisted|p1a: The Mollusk\n|-damage|p1a: The Mollusk|93\/100\n|-unboost|p1a: The Mollusk|spa|1\n|\n|-heal|p2a: Hatterene|17\/100|[from] item: Leftovers\n|upkeep\n|turn|11\n|c| Serise|was it worth it\n|\n|t:|1699239144\n|switch|p2a: Tornadus|Tornadus-Therian, M|100\/100\n|move|p1a: The Mollusk|Scald|p2a: Tornadus\n|-damage|p2a: Tornadus|71\/100\n|\n|upkeep\n|turn|12\n|\n|t:|1699239155\n|move|p2a: Tornadus|Hurricane|p1a: The Mollusk\n|-damage|p1a: The Mollusk|66\/100\n|-start|p1a: The Mollusk|confusion\n|-activate|p1a: The Mollusk|confusion\n|move|p1a: The Mollusk|Scald|p2a: Tornadus\n|-damage|p2a: Tornadus|43\/100\n|-status|p2a: Tornadus|brn\n|\n|-damage|p2a: Tornadus|37\/100 brn|[from] brn\n|upkeep\n|turn|13\n|\n|t:|1699239165\n|move|p2a: Tornadus|U-turn|p1a: The Mollusk\n|-damage|p1a: The Mollusk|58\/100\n|\n|t:|1699239168\n|switch|p2a: Ogerpon|Ogerpon-Cornerstone, F|100\/100|[from] U-turn\n|-end|p1a: The Mollusk|confusion\n|move|p1a: The Mollusk|Recover|p1a: The Mollusk\n|-heal|p1a: The Mollusk|100\/100\n|\n|upkeep\n|turn|14\n|j| k7eenex\n|\n|t:|1699239175\n|switch|p1a: Goo Goo Muck|Clodsire, M|100\/100\n|move|p2a: Ogerpon|Horn Leech|p1a: Goo Goo Muck\n|-damage|p1a: Goo Goo Muck|66\/100\n|\n|-heal|p1a: Goo Goo Muck|72\/100|[from] item: Black Sludge\n|upkeep\n|turn|15\n|\n|t:|1699239192\n|switch|p2a: Gliscor|Gliscor, F|100\/100\n|move|p1a: Goo Goo Muck|Recover|p1a: Goo Goo Muck\n|-heal|p1a: Goo Goo Muck|100\/100\n|\n|-status|p2a: Gliscor|tox|[from] item: Toxic Orb\n|upkeep\n|turn|16\n|\n|t:|1699239202\n|move|p2a: Gliscor|Spikes|p1a: Goo Goo Muck\n|-sidestart|p1: Disco 2003|Spikes\n|move|p1a: Goo Goo Muck|Toxic Spikes|p2a: Gliscor\n|-sidestart|p2: KingPepper7|move: Toxic Spikes\n|\n|upkeep\n|turn|17\n|\n|t:|1699239223\n|switch|p2a: Tornadus|Tornadus-Therian, M|70\/100 brn\n|switch|p1a: Beast of Burden|Great Tusk|100\/100\n|\n|-damage|p2a: Tornadus|64\/100 brn|[from] brn\n|upkeep\n|turn|18\n|\n|t:|1699239236\n|-end|p1a: Beast of Burden|Protosynthesis|[silent]\n|switch|p1a: The Mollusk|Gastrodon-East, M|100\/100\n|move|p2a: Tornadus|Hurricane|p1a: The Mollusk\n|-damage|p1a: The Mollusk|74\/100\n|\n|-damage|p2a: Tornadus|58\/100 brn|[from] brn\n|upkeep\n|turn|19\n|\n|t:|1699239242\n|move|p2a: Tornadus|Defog|p1a: The Mollusk\n|-unboost|p1a: The Mollusk|evasion|1\n|-sideend|p1: Disco 2003|Spikes|[from] move: Defog|[of] p2a: Tornadus\n|-sideend|p2: KingPepper7|Toxic Spikes|[from] move: Defog|[of] p2a: Tornadus\n|move|p1a: The Mollusk|Recover|p1a: The Mollusk\n|-heal|p1a: The Mollusk|100\/100\n|\n|-damage|p2a: Tornadus|51\/100 brn|[from] brn\n|upkeep\n|turn|20\n|\n|t:|1699239247\n|move|p2a: Tornadus|U-turn|p1a: The Mollusk\n|-damage|p1a: The Mollusk|93\/100\n|\n|t:|1699239257\n|switch|p2a: Ogerpon|Ogerpon-Cornerstone, F|100\/100|[from] U-turn\n|move|p1a: The Mollusk|Scald|p2a: Ogerpon\n|-damage|p2a: Ogerpon|70\/100\n|\n|upkeep\n|turn|21\n|\n|t:|1699239266\n|switch|p1a: Goo Goo Muck|Clodsire, M|100\/100\n|move|p2a: Ogerpon|Horn Leech|p1a: Goo Goo Muck\n|-damage|p1a: Goo Goo Muck|71\/100\n|-heal|p2a: Ogerpon|93\/100|[from] drain|[of] p1a: Goo Goo Muck\n|\n|-heal|p1a: Goo Goo Muck|77\/100|[from] item: Black Sludge\n|upkeep\n|turn|22\n|\n|t:|1699239272\n|move|p2a: Ogerpon|Ivy Cudgel|p1a: Goo Goo Muck\n|-resisted|p1a: Goo Goo Muck\n|-damage|p1a: Goo Goo Muck|57\/100\n|move|p1a: Goo Goo Muck|Recover|p1a: Goo Goo Muck\n|-heal|p1a: Goo Goo Muck|100\/100\n|\n|upkeep\n|turn|23\n|\n|t:|1699239277\n|switch|p2a: Gliscor|Gliscor, F|100\/100 tox\n|move|p1a: Goo Goo Muck|Earthquake|p2a: Gliscor\n|-immune|p2a: Gliscor\n|\n|upkeep\n|turn|24\n|\n|t:|1699239282\n|switch|p1a: Beast of Burden|Great Tusk|100\/100\n|move|p2a: Gliscor|Spikes|p1a: Beast of Burden\n|-sidestart|p1: Disco 2003|Spikes\n|\n|upkeep\n|turn|25\n|\n|t:|1699239289\n|move|p2a: Gliscor|Protect|p2a: Gliscor\n|-singleturn|p2a: Gliscor|Protect\n|move|p1a: Beast of Burden|Ice Spinner|p2a: Gliscor\n|-activate|p2a: Gliscor|move: Protect\n|\n|upkeep\n|turn|26\n|\n|t:|1699239294\n|switch|p2a: Rotom|Rotom-Wash|100\/100\n|move|p1a: Beast of Burden|Rapid Spin|p2a: Rotom\n|-damage|p2a: Rotom|87\/100\n|-boost|p1a: Beast of Burden|spe|1\n|-sideend|p1: Disco 2003|Spikes|[from] move: Rapid Spin|[of] p1a: Beast of Burden\n|\n|-heal|p2a: Rotom|94\/100|[from] item: Leftovers\n|upkeep\n|turn|27\n|\n|t:|1699239305\n|-end|p1a: Beast of Burden|Protosynthesis|[silent]\n|switch|p1a: The Mollusk|Gastrodon-East, M|93\/100\n|switch|p2a: Banette|Banette-Mega, F, shiny|100\/100\n|\n|upkeep\n|turn|28\n|\n|t:|1699239311\n|switch|p1a: Black Hole Sun|Ursaluna, M, shiny|100\/100 brn\n|move|p2a: Banette|Poltergeist|p1a: Black Hole Sun\n|-immune|p1a: Black Hole Sun\n|\n|-damage|p1a: Black Hole Sun|94\/100 brn|[from] brn\n|upkeep\n|turn|29\n|\n|t:|1699239319\n|move|p2a: Banette|Destiny Bond|p2a: Banette\n|-singlemove|p2a: Banette|Destiny Bond\n|move|p1a: Black Hole Sun|Fire Punch|p2a: Banette\n|-damage|p2a: Banette|43\/100\n|\n|-damage|p1a: Black Hole Sun|88\/100 brn|[from] brn\n|upkeep\n|turn|30\n|\n|t:|1699239353\n|switch|p2a: Gliscor|Gliscor, F|100\/100 tox\n|move|p1a: Black Hole Sun|Facade|p2a: Gliscor\n|-damage|p2a: Gliscor|30\/100 tox\n|\n|-heal|p2a: Gliscor|42\/100 tox|[from] ability: Poison Heal\n|-damage|p1a: Black Hole Sun|82\/100 brn|[from] brn\n|upkeep\n|turn|31\n|\n|t:|1699239419\n|switch|p1a: Harvest Moon|Landorus-Therian, M|100\/100\n|-ability|p1a: Harvest Moon|Intimidate|boost\n|-unboost|p2a: Gliscor|atk|1\n|move|p2a: Gliscor|Protect||[still]\n|-fail|p2a: Gliscor\n|\n|-heal|p2a: Gliscor|55\/100 tox|[from] ability: Poison Heal\n|upkeep\n|turn|32\n|\n|t:|1699239433\n|move|p1a: Harvest Moon|Substitute|p1a: Harvest Moon\n|-start|p1a: Harvest Moon|Substitute\n|-damage|p1a: Harvest Moon|76\/100\n|move|p2a: Gliscor|Toxic||[still]\n|-fail|p2a: Gliscor\n|\n|-heal|p2a: Gliscor|67\/100 tox|[from] ability: Poison Heal\n|upkeep\n|turn|33\n|\n|t:|1699239449\n|move|p1a: Harvest Moon|Stone Edge|p2a: Gliscor|[miss]\n|-miss|p1a: Harvest Moon|p2a: Gliscor\n|move|p2a: Gliscor|Spikes|p1a: Harvest Moon\n|-sidestart|p1: Disco 2003|Spikes\n|\n|-heal|p2a: Gliscor|80\/100 tox|[from] ability: Poison Heal\n|upkeep\n|turn|34\n|\n|t:|1699239454\n|move|p1a: Harvest Moon|Swords Dance|p1a: Harvest Moon\n|-boost|p1a: Harvest Moon|atk|2\n|move|p2a: Gliscor|Spikes|p1a: Harvest Moon\n|-sidestart|p1: Disco 2003|Spikes\n|\n|-heal|p2a: Gliscor|92\/100 tox|[from] ability: Poison Heal\n|upkeep\n|turn|35\n|\n|t:|1699239461\n|move|p1a: Harvest Moon|Stone Edge|p2a: Gliscor\n|-damage|p2a: Gliscor|44\/100 tox\n|move|p2a: Gliscor|Spikes|p1a: Harvest Moon\n|-sidestart|p1: Disco 2003|Spikes\n|\n|-heal|p2a: Gliscor|57\/100 tox|[from] ability: Poison Heal\n|upkeep\n|turn|36\n|\n|t:|1699239466\n|move|p2a: Gliscor|Protect|p2a: Gliscor\n|-singleturn|p2a: Gliscor|Protect\n|move|p1a: Harvest Moon|Stone Edge|p2a: Gliscor\n|-activate|p2a: Gliscor|move: Protect\n|\n|-heal|p2a: Gliscor|69\/100 tox|[from] ability: Poison Heal\n|upkeep\n|turn|37\n|\n|t:|1699239469\n|switch|p2a: Hatterene|Hatterene, F|17\/100\n|move|p1a: Harvest Moon|Stone Edge|p2a: Hatterene\n|-damage|p2a: Hatterene|0 fnt\n|faint|p2a: Hatterene\n|\n|upkeep\n|\n|t:|1699239471\n|switch|p2a: Banette|Banette-Mega, F, shiny|43\/100\n|turn|38\n|\n|t:|1699239529\n|move|p2a: Banette|Destiny Bond|p2a: Banette\n|-singlemove|p2a: Banette|Destiny Bond\n|move|p1a: Harvest Moon|Swords Dance|p1a: Harvest Moon\n|-boost|p1a: Harvest Moon|atk|2\n|\n|upkeep\n|turn|39\n|\n|t:|1699239551\n|switch|p1a: Wind of Change|Gliscor, F, shiny|93\/100 tox\n|move|p2a: Banette|Encore||[still]\n|-fail|p2a: Banette\n|\n|-heal|p1a: Wind of Change|100\/100 tox|[from] ability: Poison Heal\n|upkeep\n|turn|40\n|\n|t:|1699239568\n|move|p2a: Banette|Destiny Bond|p2a: Banette\n|-singlemove|p2a: Banette|Destiny Bond\n|move|p1a: Wind of Change|Earthquake|p2a: Banette\n|-damage|p2a: Banette|0 fnt\n|faint|p2a: Banette\n|-activate|p2a: Banette|move: Destiny Bond\n|faint|p1a: Wind of Change\n|\n|upkeep\n|\n|t:|1699239586\n|switch|p1a: Harvest Moon|Landorus-Therian, M|76\/100\n|switch|p2a: Rotom|Rotom-Wash|94\/100\n|-ability|p1a: Harvest Moon|Intimidate|boost\n|-unboost|p2a: Rotom|atk|1\n|turn|41\n|j| vespyyy\n|\n|t:|1699239597\n|switch|p1a: The Mollusk|Gastrodon-East, M|93\/100\n|switch|p2a: Gliscor|Gliscor, F|69\/100 tox\n|\n|-heal|p2a: Gliscor|82\/100 tox|[from] ability: Poison Heal\n|upkeep\n|turn|42\n|\n|t:|1699239616\n|move|p2a: Gliscor|Toxic|p1a: The Mollusk\n|-status|p1a: The Mollusk|tox\n|move|p1a: The Mollusk|Scald|p2a: Gliscor\n|-supereffective|p2a: Gliscor\n|-damage|p2a: Gliscor|21\/100 tox\n|\n|-heal|p2a: Gliscor|34\/100 tox|[from] ability: Poison Heal\n|-damage|p1a: The Mollusk|87\/100 tox|[from] psn\n|upkeep\n|turn|43\n|\n|t:|1699239624\n|switch|p2a: Rotom|Rotom-Wash|94\/100\n|switch|p1a: Harvest Moon|Landorus-Therian, M|76\/100\n|-ability|p1a: Harvest Moon|Intimidate|boost\n|-unboost|p2a: Rotom|atk|1\n|\n|-heal|p2a: Rotom|99\/100|[from] item: Leftovers\n|upkeep\n|turn|44\n|\n|t:|1699239639\n|-zpower|p1a: Harvest Moon\n|move|p1a: Harvest Moon|Continental Crush|p2a: Rotom|[zeffect]\n|-damage|p2a: Rotom|51\/100\n|move|p2a: Rotom|Hydro Pump|p1a: Harvest Moon\n|-supereffective|p1a: Harvest Moon\n|-damage|p1a: Harvest Moon|0 fnt\n|faint|p1a: Harvest Moon\n|\n|-heal|p2a: Rotom|58\/100|[from] item: Leftovers\n|upkeep\n|\n|t:|1699239649\n|switch|p1a: Black Hole Sun|Ursaluna, M, shiny|82\/100 brn\n|-damage|p1a: Black Hole Sun|57\/100 brn|[from] Spikes\n|turn|45\n|\n|t:|1699239654\n|move|p1a: Black Hole Sun|Facade|p2a: Rotom\n|-damage|p2a: Rotom|0 fnt\n|faint|p2a: Rotom\n|\n|-damage|p1a: Black Hole Sun|51\/100 brn|[from] brn\n|upkeep\n|\n|t:|1699239659\n|switch|p2a: Ogerpon|Ogerpon-Cornerstone, F|93\/100\n|turn|46\n|\n|t:|1699239693\n|move|p2a: Ogerpon|Horn Leech|p1a: Black Hole Sun\n|-supereffective|p1a: Black Hole Sun\n|-damage|p1a: Black Hole Sun|0 fnt\n|-heal|p2a: Ogerpon|100\/100|[from] drain|[of] p1a: Black Hole Sun\n|faint|p1a: Black Hole Sun\n|\n|upkeep\n|\n|t:|1699239703\n|switch|p1a: Beast of Burden|Great Tusk|100\/100\n|turn|47\n|\n|t:|1699239708\n|move|p2a: Ogerpon|Trailblaze|p1a: Beast of Burden\n|-supereffective|p1a: Beast of Burden\n|-damage|p1a: Beast of Burden|55\/100\n|-boost|p2a: Ogerpon|spe|1\n|move|p1a: Beast of Burden|Rapid Spin|p2a: Ogerpon\n|-resisted|p2a: Ogerpon\n|-damage|p2a: Ogerpon|88\/100\n|-boost|p1a: Beast of Burden|spe|1\n|-sideend|p1: Disco 2003|Spikes|[from] move: Rapid Spin|[of] p1a: Beast of Burden\n|\n|upkeep\n|turn|48\n|\n|t:|1699239715\n|-end|p1a: Beast of Burden|Protosynthesis|[silent]\n|switch|p1a: Goo Goo Muck|Clodsire, M|100\/100\n|move|p2a: Ogerpon|Horn Leech|p1a: Goo Goo Muck\n|-damage|p1a: Goo Goo Muck|67\/100\n|-heal|p2a: Ogerpon|100\/100|[from] drain|[of] p1a: Goo Goo Muck\n|\n|-heal|p1a: Goo Goo Muck|73\/100|[from] item: Black Sludge\n|upkeep\n|turn|49\n|\n|t:|1699239730\n|switch|p2a: Gliscor|Gliscor, F|34\/100 tox\n|switch|p1a: The Mollusk|Gastrodon-East, M|87\/100 tox\n|\n|-heal|p2a: Gliscor|46\/100 tox|[from] ability: Poison Heal\n|-damage|p1a: The Mollusk|81\/100 tox|[from] psn\n|upkeep\n|turn|50\n|\n|t:|1699239734\n|move|p2a: Gliscor|Protect|p2a: Gliscor\n|-singleturn|p2a: Gliscor|Protect\n|move|p1a: The Mollusk|Scald|p2a: Gliscor\n|-activate|p2a: Gliscor|move: Protect\n|\n|-heal|p2a: Gliscor|59\/100 tox|[from] ability: Poison Heal\n|-damage|p1a: The Mollusk|68\/100 tox|[from] psn\n|upkeep\n|turn|51\n|\n|t:|1699239751\n|switch|p2a: Tornadus|Tornadus-Therian, M|85\/100 brn\n|switch|p1a: Beast of Burden|Great Tusk|55\/100\n|\n|-damage|p2a: Tornadus|78\/100 brn|[from] brn\n|upkeep\n|turn|52\n|\n|t:|1699239757\n|-end|p1a: Beast of Burden|Protosynthesis|[silent]\n|switch|p1a: Goo Goo Muck|Clodsire, M|73\/100\n|move|p2a: Tornadus|Hurricane|p1a: Goo Goo Muck\n|-damage|p1a: Goo Goo Muck|42\/100\n|-start|p1a: Goo Goo Muck|confusion\n|\n|-heal|p1a: Goo Goo Muck|48\/100|[from] item: Black Sludge\n|-damage|p2a: Tornadus|72\/100 brn|[from] brn\n|upkeep\n|turn|53\n|\n|t:|1699239764\n|move|p2a: Tornadus|U-turn|p1a: Goo Goo Muck\n|-resisted|p1a: Goo Goo Muck\n|-damage|p1a: Goo Goo Muck|46\/100\n|\n|t:|1699239769\n|switch|p2a: Gliscor|Gliscor, F|59\/100 tox|[from] U-turn\n|-activate|p1a: Goo Goo Muck|confusion\n|move|p1a: Goo Goo Muck|Recover|p1a: Goo Goo Muck\n|-heal|p1a: Goo Goo Muck|96\/100\n|\n|-heal|p1a: Goo Goo Muck|100\/100|[from] item: Black Sludge\n|-heal|p2a: Gliscor|71\/100 tox|[from] ability: Poison Heal\n|upkeep\n|turn|54\n|\n|t:|1699239785\n|switch|p1a: The Mollusk|Gastrodon-East, M|68\/100 tox\n|move|p2a: Gliscor|Earthquake|p1a: The Mollusk\n|-damage|p1a: The Mollusk|32\/100 tox\n|\n|-heal|p2a: Gliscor|84\/100 tox|[from] ability: Poison Heal\n|-damage|p1a: The Mollusk|26\/100 tox|[from] psn\n|upkeep\n|turn|55\n|\n|t:|1699239790\n|switch|p1a: Beast of Burden|Great Tusk|55\/100\n|move|p2a: Gliscor|Earthquake|p1a: Beast of Burden\n|-damage|p1a: Beast of Burden|29\/100\n|\n|-heal|p2a: Gliscor|96\/100 tox|[from] ability: Poison Heal\n|upkeep\n|turn|56\n|l| vespyyy\n|\n|t:|1699239795\n|move|p2a: Gliscor|Protect|p2a: Gliscor\n|-singleturn|p2a: Gliscor|Protect\n|move|p1a: Beast of Burden|Ice Spinner|p2a: Gliscor\n|-activate|p2a: Gliscor|move: Protect\n|\n|-heal|p2a: Gliscor|100\/100 tox|[from] ability: Poison Heal\n|upkeep\n|turn|57\n|\n|t:|1699239799\n|switch|p2a: Ogerpon|Ogerpon-Cornerstone, F|100\/100\n|move|p1a: Beast of Burden|Ice Spinner|p2a: Ogerpon\n|-supereffective|p2a: Ogerpon\n|-damage|p2a: Ogerpon|32\/100\n|\n|upkeep\n|turn|58\n|\n|t:|1699239805\n|-end|p1a: Beast of Burden|Protosynthesis|[silent]\n|switch|p1a: Goo Goo Muck|Clodsire, M|100\/100\n|move|p2a: Ogerpon|Horn Leech|p1a: Goo Goo Muck\n|-damage|p1a: Goo Goo Muck|68\/100\n|-heal|p2a: Ogerpon|57\/100|[from] drain|[of] p1a: Goo Goo Muck\n|\n|-heal|p1a: Goo Goo Muck|74\/100|[from] item: Black Sludge\n|upkeep\n|turn|59\n|\n|t:|1699239812\n|switch|p2a: Gliscor|Gliscor, F|100\/100 tox\n|move|p1a: Goo Goo Muck|Toxic|p2a: Gliscor\n|-fail|p2a: Gliscor|tox\n|\n|-heal|p1a: Goo Goo Muck|80\/100|[from] item: Black Sludge\n|upkeep\n|turn|60\n|\n|t:|1699239833\n|switch|p1a: The Mollusk|Gastrodon-East, M|26\/100 tox\n|move|p2a: Gliscor|Earthquake|p1a: The Mollusk\n|-damage|p1a: The Mollusk|0 fnt\n|faint|p1a: The Mollusk\n|\n|upkeep\n|\n|t:|1699239837\n|switch|p1a: Beast of Burden|Great Tusk|29\/100\n|turn|61\n|\n|t:|1699239845\n|switch|p2a: Tornadus|Tornadus-Therian, M|100\/100 brn\n|move|p1a: Beast of Burden|Rapid Spin|p2a: Tornadus\n|-damage|p2a: Tornadus|81\/100 brn\n|-boost|p1a: Beast of Burden|spe|1\n|\n|-damage|p2a: Tornadus|75\/100 brn|[from] brn\n|upkeep\n|turn|62\n|\n|t:|1699239864\n|-end|p1a: Beast of Burden|Protosynthesis|[silent]\n|switch|p1a: Goo Goo Muck|Clodsire, M|80\/100\n|move|p2a: Tornadus|Hurricane|p1a: Goo Goo Muck|[miss]\n|-miss|p2a: Tornadus|p1a: Goo Goo Muck\n|\n|-heal|p1a: Goo Goo Muck|86\/100|[from] item: Black Sludge\n|-damage|p2a: Tornadus|69\/100 brn|[from] brn\n|upkeep\n|turn|63\n|\n|t:|1699239898\n|move|p2a: Tornadus|U-turn|p1a: Goo Goo Muck\n|-resisted|p1a: Goo Goo Muck\n|-damage|p1a: Goo Goo Muck|83\/100\n|\n|t:|1699239901\n|switch|p2a: Gliscor|Gliscor, F|100\/100 tox|[from] U-turn\n|move|p1a: Goo Goo Muck|Toxic Spikes|p2a: Gliscor\n|-sidestart|p2: KingPepper7|move: Toxic Spikes\n|\n|-heal|p1a: Goo Goo Muck|89\/100|[from] item: Black Sludge\n|upkeep\n|turn|64\n|\n|t:|1699239907\n|move|p2a: Gliscor|Toxic|p1a: Goo Goo Muck|[miss]\n|-miss|p2a: Gliscor|p1a: Goo Goo Muck\n|move|p1a: Goo Goo Muck|Recover|p1a: Goo Goo Muck\n|-heal|p1a: Goo Goo Muck|100\/100\n|\n|upkeep\n|turn|65\n|\n|t:|1699239924\n|switch|p1a: Beast of Burden|Great Tusk|29\/100\n|move|p2a: Gliscor|Earthquake|p1a: Beast of Burden\n|-damage|p1a: Beast of Burden|7\/100\n|\n|upkeep\n|turn|66\n|j| vespyyy\n|\n|t:|1699239930\n|move|p1a: Beast of Burden|Ice Spinner|p2a: Gliscor\n|-supereffective|p2a: Gliscor\n|-damage|p2a: Gliscor|27\/100 tox\n|move|p2a: Gliscor|Earthquake|p1a: Beast of Burden\n|-damage|p1a: Beast of Burden|0 fnt\n|faint|p1a: Beast of Burden\n|-end|p1a: Beast of Burden|Protosynthesis|[silent]\n|\n|-heal|p2a: Gliscor|39\/100 tox|[from] ability: Poison Heal\n|upkeep\n|\n|t:|1699239935\n|switch|p1a: Goo Goo Muck|Clodsire, M|100\/100\n|turn|67\n|c|\u2606Disco 2003|gg\n|\n|t:|1699239939\n|move|p2a: Gliscor|Earthquake|p1a: Goo Goo Muck\n|-supereffective|p1a: Goo Goo Muck\n|-damage|p1a: Goo Goo Muck|50\/100\n|move|p1a: Goo Goo Muck|Toxic Spikes|p2a: Gliscor\n|-sidestart|p2: KingPepper7|move: Toxic Spikes\n|\n|-heal|p1a: Goo Goo Muck|56\/100|[from] item: Black Sludge\n|-heal|p2a: Gliscor|52\/100 tox|[from] ability: Poison Heal\n|upkeep\n|turn|68\n|c| Serise|never imagined a mono ground battle going on so long\n|\n|t:|1699239942\n|move|p2a: Gliscor|Earthquake|p1a: Goo Goo Muck\n|-supereffective|p1a: Goo Goo Muck\n|-damage|p1a: Goo Goo Muck|7\/100\n|move|p1a: Goo Goo Muck|Recover|p1a: Goo Goo Muck\n|-heal|p1a: Goo Goo Muck|57\/100\n|\n|-heal|p1a: Goo Goo Muck|63\/100|[from] item: Black Sludge\n|-heal|p2a: Gliscor|64\/100 tox|[from] ability: Poison Heal\n|upkeep\n|turn|69\n|\n|t:|1699239947\n|move|p2a: Gliscor|Earthquake|p1a: Goo Goo Muck\n|-supereffective|p1a: Goo Goo Muck\n|-damage|p1a: Goo Goo Muck|18\/100\n|move|p1a: Goo Goo Muck|Recover|p1a: Goo Goo Muck\n|-heal|p1a: Goo Goo Muck|69\/100\n|\n|-heal|p1a: Goo Goo Muck|75\/100|[from] item: Black Sludge\n|-heal|p2a: Gliscor|77\/100 tox|[from] ability: Poison Heal\n|upkeep\n|turn|70\n|\n|t:|1699239952\n|switch|p2a: Ogerpon|Ogerpon-Cornerstone, F|57\/100\n|-status|p2a: Ogerpon|tox\n|move|p1a: Goo Goo Muck|Recover|p1a: Goo Goo Muck\n|-heal|p1a: Goo Goo Muck|100\/100\n|\n|-damage|p2a: Ogerpon|51\/100 tox|[from] psn\n|upkeep\n|turn|71\n|\n|t:|1699239961\n|move|p2a: Ogerpon|Horn Leech|p1a: Goo Goo Muck\n|-damage|p1a: Goo Goo Muck|68\/100\n|-heal|p2a: Ogerpon|76\/100 tox|[from] drain|[of] p1a: Goo Goo Muck\n|move|p1a: Goo Goo Muck|Earthquake|p2a: Ogerpon\n|-damage|p2a: Ogerpon|39\/100 tox\n|\n|-heal|p1a: Goo Goo Muck|74\/100|[from] item: Black Sludge\n|-damage|p2a: Ogerpon|27\/100 tox|[from] psn\n|upkeep\n|turn|72\n|\n|t:|1699239967\n|move|p2a: Ogerpon|Horn Leech|p1a: Goo Goo Muck\n|-damage|p1a: Goo Goo Muck|44\/100\n|-heal|p2a: Ogerpon|50\/100 tox|[from] drain|[of] p1a: Goo Goo Muck\n|move|p1a: Goo Goo Muck|Recover|p1a: Goo Goo Muck\n|-heal|p1a: Goo Goo Muck|94\/100\n|\n|-heal|p1a: Goo Goo Muck|100\/100|[from] item: Black Sludge\n|-damage|p2a: Ogerpon|32\/100 tox|[from] psn\n|upkeep\n|turn|73\n|\n|t:|1699239974\n|move|p2a: Ogerpon|Horn Leech|p1a: Goo Goo Muck\n|-damage|p1a: Goo Goo Muck|68\/100\n|-heal|p2a: Ogerpon|58\/100 tox|[from] drain|[of] p1a: Goo Goo Muck\n|move|p1a: Goo Goo Muck|Earthquake|p2a: Ogerpon\n|-damage|p2a: Ogerpon|25\/100 tox\n|\n|-heal|p1a: Goo Goo Muck|74\/100|[from] item: Black Sludge\n|-damage|p2a: Ogerpon|1\/100 tox|[from] psn\n|upkeep\n|turn|74\n|\n|t:|1699239979\n|move|p2a: Ogerpon|Horn Leech|p1a: Goo Goo Muck\n|-damage|p1a: Goo Goo Muck|43\/100\n|-heal|p2a: Ogerpon|25\/100 tox|[from] drain|[of] p1a: Goo Goo Muck\n|move|p1a: Goo Goo Muck|Earthquake|p2a: Ogerpon\n|-damage|p2a: Ogerpon|0 fnt\n|faint|p2a: Ogerpon\n|\n|-heal|p1a: Goo Goo Muck|49\/100|[from] item: Black Sludge\n|upkeep\n|\n|t:|1699239985\n|switch|p2a: Tornadus|Tornadus-Therian, M|100\/100 brn\n|turn|75\n|\n|t:|1699239988\n|move|p2a: Tornadus|Knock Off|p1a: Goo Goo Muck\n|-damage|p1a: Goo Goo Muck|42\/100\n|-enditem|p1a: Goo Goo Muck|Black Sludge|[from] move: Knock Off|[of] p2a: Tornadus\n|move|p1a: Goo Goo Muck|Earthquake|p2a: Tornadus\n|-immune|p2a: Tornadus\n|\n|-damage|p2a: Tornadus|94\/100 brn|[from] brn\n|upkeep\n|turn|76\n|\n|t:|1699239995\n|move|p2a: Tornadus|U-turn|p1a: Goo Goo Muck\n|-resisted|p1a: Goo Goo Muck\n|-damage|p1a: Goo Goo Muck|39\/100\n|\n|t:|1699239996\n|switch|p2a: Gliscor|Gliscor, F|77\/100 tox|[from] U-turn\n|move|p1a: Goo Goo Muck|Toxic|p2a: Gliscor\n|-fail|p2a: Gliscor|tox\n|\n|-heal|p2a: Gliscor|89\/100 tox|[from] ability: Poison Heal\n|upkeep\n|turn|77\n|\n|t:|1699239999\n|move|p2a: Gliscor|Earthquake|p1a: Goo Goo Muck\n|-supereffective|p1a: Goo Goo Muck\n|-damage|p1a: Goo Goo Muck|0 fnt\n|faint|p1a: Goo Goo Muck\n|\n|win|KingPepper7\n|l| Serise\n|c|\u2606KingPepper7|gg\n","uploadtime":1699240005,"views":4,"p1id":"disco2003","p2id":"kingpepper7","formatid":"gen9nationaldexubers","rating":0,"private":0,"password":""}