{"id":"gen9nationaldexubers-1995051193","p1":"SuperiorSilencer","p2":"The_Lone_FoxYT","format":"[Gen 9] National Dex Ubers","log":"|j|\u2606SuperiorSilencer\n|j|\u2606The_Lone_FoxYT\n|t:|1700517286\n|gametype|singles\n|player|p1|SuperiorSilencer|cynthia-gen4|1140\n|player|p2|The_Lone_FoxYT|policeman-gen4|1143\n|teamsize|p1|6\n|teamsize|p2|6\n|gen|9\n|tier|[Gen 9] National Dex Ubers\n|rated|\n|rule|HP Percentage Mod: HP is shown in percentages\n|rule|Endless Battle Clause: Forcing endless battles is banned\n|rule|OHKO Clause: OHKO moves are banned\n|rule|Evasion Moves Clause: Evasion moves are banned\n|rule|Evasion Items Clause: Evasion items are banned\n|rule|Species Clause: Limit one of each Pok\u00e9mon\n|rule|Sleep Clause Mod: Limit one foe put to sleep\n|rule|Mega Rayquaza Clause: You cannot mega evolve Rayquaza\n|clearpoke\n|poke|p1|Garchomp, F|\n|poke|p1|Spiritomb, F|\n|poke|p1|Milotic, F|\n|poke|p1|Lucario, F|\n|poke|p1|Togekiss, F|\n|poke|p1|Roserade, F|\n|poke|p2|Yveltal|\n|poke|p2|Grapploct, M|\n|poke|p2|Dracovish|\n|poke|p2|Swampert, F|\n|poke|p2|Kyogre|\n|poke|p2|Necrozma-Dawn-Wings|\n|teampreview\n|inactive|Battle timer is ON: inactive players will automatically lose when time's up. (requested by The_Lone_FoxYT)\n|\n|t:|1700517299\n|start\n|switch|p1a: Milotic|Milotic, F|100\/100\n|switch|p2a: Ultranecrozma|Necrozma-Dawn-Wings, shiny|100\/100\n|turn|1\n|\n|t:|1700517307\n|detailschange|p2a: Ultranecrozma|Necrozma-Ultra, shiny\n|-burst|p2a: Ultranecrozma|Necrozma|Ultranecrozium Z\n|move|p2a: Ultranecrozma|Future Sight|p1a: Milotic\n|-start|p2a: Ultranecrozma|move: Future Sight\n|move|p1a: Milotic|Scald|p2a: Ultranecrozma\n|-resisted|p2a: Ultranecrozma\n|-damage|p2a: Ultranecrozma|85\/100\n|\n|upkeep\n|turn|2\n|\n|t:|1700517319\n|-zpower|p2a: Ultranecrozma\n|move|p2a: Ultranecrozma|Light That Burns the Sky|p1a: Milotic|[zeffect]\n|-damage|p1a: Milotic|30\/100\n|move|p1a: Milotic|Mirror Coat|p2a: Ultranecrozma\n|-damage|p2a: Ultranecrozma|0 fnt\n|faint|p2a: Ultranecrozma\n|\n|-heal|p1a: Milotic|37\/100|[from] item: Leftovers\n|upkeep\n|\n|t:|1700517330\n|switch|p2a: Silver|Yveltal, shiny|100\/100\n|-ability|p2a: Silver|Dark Aura\n|turn|3\n|\n|t:|1700517334\n|move|p2a: Silver|Foul Play|p1a: Milotic\n|-damage|p1a: Milotic|14\/100\n|move|p1a: Milotic|Recover|p1a: Milotic\n|-heal|p1a: Milotic|64\/100\n|\n|-end|p1a: Milotic|move: Future Sight\n|-damage|p1a: Milotic|20\/100\n|-heal|p1a: Milotic|26\/100|[from] item: Leftovers\n|upkeep\n|turn|4\n|\n|t:|1700517343\n|move|p2a: Silver|Foul Play|p1a: Milotic\n|-damage|p1a: Milotic|3\/100\n|move|p1a: Milotic|Recover|p1a: Milotic\n|-heal|p1a: Milotic|53\/100\n|\n|-heal|p1a: Milotic|59\/100|[from] item: Leftovers\n|upkeep\n|turn|5\n|\n|t:|1700517351\n|move|p2a: Silver|Foul Play|p1a: Milotic\n|-damage|p1a: Milotic|39\/100\n|move|p1a: Milotic|Scald|p2a: Silver\n|-damage|p2a: Silver|76\/100\n|\n|-heal|p1a: Milotic|45\/100|[from] item: Leftovers\n|upkeep\n|turn|6\n|\n|t:|1700517359\n|move|p2a: Silver|Foul Play|p1a: Milotic\n|-damage|p1a: Milotic|25\/100\n|move|p1a: Milotic|Recover|p1a: Milotic\n|-heal|p1a: Milotic|75\/100\n|\n|-heal|p1a: Milotic|81\/100|[from] item: Leftovers\n|upkeep\n|turn|7\n|c|\u2606The_Lone_FoxYT|Foul Play works off of YOUR attack\n|c|\u2606SuperiorSilencer|yes\n|\n|t:|1700517377\n|move|p2a: Silver|Oblivion Wing|p1a: Milotic\n|-damage|p1a: Milotic|52\/100\n|-heal|p2a: Silver|98\/100|[from] drain|[of] p1a: Milotic\n|move|p1a: Milotic|Scald|p2a: Silver\n|-damage|p2a: Silver|75\/100\n|\n|-heal|p1a: Milotic|58\/100|[from] item: Leftovers\n|upkeep\n|turn|8\n|c|\u2606SuperiorSilencer|and milotic has a staggering attack stat of 112\n|\n|t:|1700517399\n|move|p2a: Silver|Foul Play|p1a: Milotic\n|-damage|p1a: Milotic|38\/100\n|move|p1a: Milotic|Recover|p1a: Milotic\n|-heal|p1a: Milotic|88\/100\n|\n|-heal|p1a: Milotic|94\/100|[from] item: Leftovers\n|upkeep\n|turn|9\n|\n|t:|1700517407\n|move|p2a: Silver|Shadow Ball|p1a: Milotic\n|-damage|p1a: Milotic|78\/100\n|move|p1a: Milotic|Scald|p2a: Silver\n|-damage|p2a: Silver|48\/100\n|-status|p2a: Silver|brn\n|\n|-heal|p1a: Milotic|84\/100|[from] item: Leftovers\n|-damage|p2a: Silver|42\/100 brn|[from] brn\n|upkeep\n|turn|10\n|\n|t:|1700517419\n|move|p2a: Silver|Oblivion Wing|p1a: Milotic\n|-damage|p1a: Milotic|57\/100\n|-heal|p2a: Silver|62\/100 brn|[from] drain|[of] p1a: Milotic\n|move|p1a: Milotic|Scald|p2a: Silver\n|-damage|p2a: Silver|39\/100 brn\n|\n|-heal|p1a: Milotic|63\/100|[from] item: Leftovers\n|-damage|p2a: Silver|33\/100 brn|[from] brn\n|upkeep\n|turn|11\n|\n|t:|1700517429\n|move|p2a: Silver|Oblivion Wing|p1a: Milotic\n|-damage|p1a: Milotic|38\/100\n|-heal|p2a: Silver|52\/100 brn|[from] drain|[of] p1a: Milotic\n|move|p1a: Milotic|Scald|p2a: Silver\n|-damage|p2a: Silver|27\/100 brn\n|\n|-heal|p1a: Milotic|44\/100|[from] item: Leftovers\n|-damage|p2a: Silver|21\/100 brn|[from] brn\n|upkeep\n|turn|12\n|\n|t:|1700517439\n|move|p2a: Silver|Oblivion Wing|p1a: Milotic\n|-damage|p1a: Milotic|18\/100\n|-heal|p2a: Silver|40\/100 brn|[from] drain|[of] p1a: Milotic\n|move|p1a: Milotic|Recover|p1a: Milotic\n|-heal|p1a: Milotic|68\/100\n|\n|-heal|p1a: Milotic|74\/100|[from] item: Leftovers\n|-damage|p2a: Silver|34\/100 brn|[from] brn\n|upkeep\n|turn|13\n|c|\u2606The_Lone_FoxYT|This is a stall fight...\n|\n|t:|1700517455\n|move|p2a: Silver|Oblivion Wing|p1a: Milotic\n|-damage|p1a: Milotic|44\/100\n|-heal|p2a: Silver|57\/100 brn|[from] drain|[of] p1a: Milotic\n|move|p1a: Milotic|Scald|p2a: Silver\n|-damage|p2a: Silver|34\/100 brn\n|\n|-heal|p1a: Milotic|50\/100|[from] item: Leftovers\n|-damage|p2a: Silver|28\/100 brn|[from] brn\n|upkeep\n|turn|14\n|c|\u2606SuperiorSilencer|until one of my offensive mons decides to clean up what's left of your team\n|inactive|SuperiorSilencer has 120 seconds left.\n|c|\u2606The_Lone_FoxYT|Good luck with that.\n|c|\u2606SuperiorSilencer|but keep throwing your mons against my tanks it's sure to work\n|\n|t:|1700517495\n|move|p2a: Silver|Oblivion Wing|p1a: Milotic\n|-damage|p1a: Milotic|23\/100\n|-heal|p2a: Silver|48\/100 brn|[from] drain|[of] p1a: Milotic\n|move|p1a: Milotic|Scald|p2a: Silver\n|-damage|p2a: Silver|23\/100 brn\n|\n|-heal|p1a: Milotic|29\/100|[from] item: Leftovers\n|-damage|p2a: Silver|17\/100 brn|[from] brn\n|upkeep\n|turn|15\n|c|\u2606The_Lone_FoxYT|I'm honestly banking on one mon, but I'm going to throw everything else first\n|\n|t:|1700517523\n|move|p2a: Silver|Oblivion Wing|p1a: Milotic\n|-damage|p1a: Milotic|3\/100\n|-heal|p2a: Silver|37\/100 brn|[from] drain|[of] p1a: Milotic\n|move|p1a: Milotic|Recover|p1a: Milotic\n|-heal|p1a: Milotic|53\/100\n|\n|-heal|p1a: Milotic|59\/100|[from] item: Leftovers\n|-damage|p2a: Silver|31\/100 brn|[from] brn\n|upkeep\n|turn|16\n|\n|t:|1700517533\n|move|p2a: Silver|Oblivion Wing|p1a: Milotic\n|-crit|p1a: Milotic\n|-damage|p1a: Milotic|15\/100\n|-heal|p2a: Silver|64\/100 brn|[from] drain|[of] p1a: Milotic\n|move|p1a: Milotic|Scald|p2a: Silver\n|-damage|p2a: Silver|38\/100 brn\n|\n|-heal|p1a: Milotic|21\/100|[from] item: Leftovers\n|-damage|p2a: Silver|32\/100 brn|[from] brn\n|upkeep\n|turn|17\n|c|\u2606The_Lone_FoxYT|This also helps by removing recover from you via using it's pp\/\n|\n|t:|1700517551\n|move|p2a: Silver|Oblivion Wing|p1a: Milotic\n|-damage|p1a: Milotic|0 fnt\n|-heal|p2a: Silver|47\/100 brn|[from] drain|[of] p1a: Milotic\n|faint|p1a: Milotic\n|\n|-damage|p2a: Silver|41\/100 brn|[from] brn\n|upkeep\n|\n|t:|1700517561\n|switch|p1a: Garchomp|Garchomp, F|100\/100\n|turn|18\n|c|\u2606The_Lone_FoxYT|!dt garchomp\n|raw|<div class=\"message\"><ul class=\"utilichart\"><li class=\"result\"><span class=\"col numcol\">OU<\/span> <span class=\"col iconcol\"><psicon pokemon=\"garchomp\"\/><\/span> <span class=\"col pokemonnamecol\" style=\"white-space:nowrap\"><a href=\"https:\/\/dex.pokemonshowdown.com\/pokemon\/garchomp\" target=\"_blank\">Garchomp<\/a><\/span> <span class=\"col typecol\"><img src=\"https:\/\/play.pokemonshowdown.com\/sprites\/types\/Dragon.png\" alt=\"Dragon\" height=\"14\" width=\"32\"><img src=\"https:\/\/play.pokemonshowdown.com\/sprites\/types\/Ground.png\" alt=\"Ground\" height=\"14\" width=\"32\"><\/span> <span style=\"float:left;min-height:26px\"><span class=\"col abilitycol\">Sand Veil<\/span><span class=\"col abilitycol\"><em>Rough Skin<\/em><\/span><\/span><span style=\"float:left;min-height:26px\"><span class=\"col statcol\"><em>HP<\/em><br \/>108<\/span> <span class=\"col statcol\"><em>Atk<\/em><br \/>130<\/span> <span class=\"col statcol\"><em>Def<\/em><br \/>95<\/span> <span class=\"col statcol\"><em>SpA<\/em><br \/>80<\/span> <span class=\"col statcol\"><em>SpD<\/em><br \/>85<\/span> <span class=\"col statcol\"><em>Spe<\/em><br \/>102<\/span> <span class=\"col bstcol\"><em>BST<br \/>600<\/em><\/span> <\/span><\/li><li style=\"clear:both\"><\/li><\/ul><\/div>\n|raw|<font size=\"1\"><font color=\"#686868\">Dex#:<\/font> 445&nbsp;|&ThickSpace;<font color=\"#686868\">Gen:<\/font> 4&nbsp;|&ThickSpace;<font color=\"#686868\">Height:<\/font> 1.9 m&nbsp;|&ThickSpace;<font color=\"#686868\">Weight:<\/font> 95 kg <em>(80 BP)<\/em>&nbsp;|&ThickSpace;<font color=\"#686868\">Dex Colour:<\/font> Blue&nbsp;|&ThickSpace;<font color=\"#686868\">Egg Group(s):<\/font> Monster, Dragon&nbsp;|&ThickSpace;<font color=\"#686868\">Pre-Evolution:<\/font> Gabite&nbsp;|&ThickSpace;<font color=\"#686868\">Does Not Evolve<\/font><\/font>\n\n|\n|t:|1700517578\n|-terastallize|p1a: Garchomp|Steel\n|move|p1a: Garchomp|Swords Dance|p1a: Garchomp\n|-boost|p1a: Garchomp|atk|2\n|move|p2a: Silver|Foul Play|p1a: Garchomp\n|-crit|p1a: Garchomp\n|-damage|p1a: Garchomp|0 fnt\n|-damage|p2a: Silver|28\/100 brn|[from] ability: Rough Skin|[of] p1a: Garchomp\n|faint|p1a: Garchomp\n|\n|-damage|p2a: Silver|22\/100 brn|[from] brn\n|upkeep\n|\n|t:|1700517590\n|switch|p1a: Togekiss|Togekiss, F|100\/100\n|turn|19\n|c|\u2606The_Lone_FoxYT|As I said, throwing a physical attacker agains Yeveltal is a bad idea\n|inactive|The_Lone_FoxYT has 120 seconds left.\n|\n|t:|1700517614\n|move|p2a: Silver|Shadow Ball|p1a: Togekiss\n|-damage|p1a: Togekiss|79\/100\n|move|p1a: Togekiss|Ancient Power|p2a: Silver\n|-supereffective|p2a: Silver\n|-damage|p2a: Silver|0 fnt\n|faint|p2a: Silver\n|\n|-heal|p1a: Togekiss|86\/100|[from] item: Leftovers\n|upkeep\n|c|\u2606SuperiorSilencer|you got lucky with the crit\n|inactive|The_Lone_FoxYT has 120 seconds left.\n|c|\u2606The_Lone_FoxYT|Crit prob didn't even matter there. You were plus 2 atk\n|\n|t:|1700517641\n|switch|p2a: It rains in Africa|Kyogre|100\/100\n|-weather|RainDance|[from] ability: Drizzle|[of] p2a: It rains in Africa\n|turn|20\n|c|\u2606SuperiorSilencer|actually it did considering you were burned\n|\n|t:|1700517655\n|move|p2a: It rains in Africa|Thunder|p1a: Togekiss\n|-supereffective|p1a: Togekiss\n|-damage|p1a: Togekiss|11\/100\n|move|p1a: Togekiss|Thunder Wave|p2a: It rains in Africa\n|-status|p2a: It rains in Africa|par\n|\n|-weather|RainDance|[upkeep]\n|-heal|p1a: Togekiss|17\/100|[from] item: Leftovers\n|upkeep\n|turn|21\n|c|\u2606SuperiorSilencer|burn still cuts your damage in half even on foul play\n|c|\u2606The_Lone_FoxYT|Again, YOUR attack, NOT mine.  Stst buffs to atk on the opposing pokemon affect foul play.\n|inactive|The_Lone_FoxYT has 90 seconds left.\n|\n|t:|1700517691\n|move|p1a: Togekiss|Air Slash|p2a: It rains in Africa\n|-damage|p2a: It rains in Africa|80\/100 par\n|cant|p2a: It rains in Africa|flinch\n|\n|-weather|RainDance|[upkeep]\n|-heal|p1a: Togekiss|23\/100|[from] item: Leftovers\n|upkeep\n|turn|22\n|inactive|The_Lone_FoxYT has 90 seconds left.\n|\n|t:|1700517700\n|move|p1a: Togekiss|Air Slash|p2a: It rains in Africa\n|-damage|p2a: It rains in Africa|59\/100 par\n|move|p2a: It rains in Africa|Thunder|p1a: Togekiss\n|-supereffective|p1a: Togekiss\n|-damage|p1a: Togekiss|0 fnt\n|faint|p1a: Togekiss\n|\n|-weather|RainDance|[upkeep]\n|upkeep\n|c|\u2606The_Lone_FoxYT|also, didn't know that burn makes it not matter.\n|\n|t:|1700517713\n|switch|p1a: Lucario|Lucario, F|100\/100\n|turn|23\n|inactive|SuperiorSilencer has 120 seconds left.\n|c|\u2606SuperiorSilencer|smh you really are just coasting by on dumb luck arent you lol\n|c|\u2606The_Lone_FoxYT|Nope!\n|c|\u2606SuperiorSilencer|you should probably research the basics of this game kid\n|\n|t:|1700517745\n|move|p1a: Lucario|Close Combat|p2a: It rains in Africa\n|-damage|p2a: It rains in Africa|0 fnt\n|-unboost|p1a: Lucario|def|1\n|-unboost|p1a: Lucario|spd|1\n|faint|p2a: It rains in Africa\n|-damage|p1a: Lucario|91\/100|[from] item: Life Orb\n|\n|-weather|RainDance|[upkeep]\n|upkeep\n|c|\u2606The_Lone_FoxYT|Dracovish is what lets me win.\n|\n|t:|1700517753\n|switch|p2a: SPEED|Swampert, F|100\/100\n|turn|24\n|\n|t:|1700517755\n|detailschange|p2a: SPEED|Swampert-Mega, F\n|-mega|p2a: SPEED|Swampert|Swampertite\n|move|p2a: SPEED|Earthquake|p1a: Lucario\n|-supereffective|p1a: Lucario\n|-damage|p1a: Lucario|0 fnt\n|faint|p1a: Lucario\n|\n|-weather|RainDance|[upkeep]\n|upkeep\n|\n|t:|1700517761\n|switch|p1a: Spiritomb|Spiritomb, F, shiny|100\/100\n|turn|25\n|c|\u2606The_Lone_FoxYT|But I throw everything else first.\n|\n|t:|1700517767\n|move|p2a: SPEED|Aqua Tail|p1a: Spiritomb\n|-damage|p1a: Spiritomb|30\/100\n|move|p1a: Spiritomb|Calm Mind|p1a: Spiritomb\n|-boost|p1a: Spiritomb|spa|1\n|-boost|p1a: Spiritomb|spd|1\n|\n|-weather|RainDance|[upkeep]\n|-heal|p1a: Spiritomb|37\/100|[from] item: Leftovers\n|upkeep\n|turn|26\n|c|\u2606SuperiorSilencer|again you got lucky nothing more kiddo\n|-message|SuperiorSilencer forfeited.\n|\n|win|The_Lone_FoxYT\n|raw|SuperiorSilencer's rating: 1140 &rarr; <strong>1115<\/strong><br \/>(-25 for losing)\n|raw|The_Lone_FoxYT's rating: 1143 &rarr; <strong>1168<\/strong><br \/>(+25 for winning)\n|l|\u2606SuperiorSilencer\n|c|\u2606The_Lone_FoxYT|Fishous Rend\n","uploadtime":1700517796,"views":2,"p1id":"superiorsilencer","p2id":"thelonefoxyt","formatid":"gen9nationaldexubers","rating":1115,"private":0,"password":""}