{"id":"gen9nationaldexubers-1984562786","p1":"LADYgagaw","p2":"Gtg g u2","format":"[Gen 9] National Dex Ubers","log":"|j|\u2606LADYgagaw\n|j|\u2606Gtg g u2\n|t:|1699280083\n|gametype|singles\n|player|p1|LADYgagaw|hugh|1109\n|player|p2|Gtg g u2|red-masters|1127\n|teamsize|p1|6\n|teamsize|p2|6\n|gen|9\n|tier|[Gen 9] National Dex Ubers\n|rated|\n|rule|HP Percentage Mod: HP is shown in percentages\n|rule|Endless Battle Clause: Forcing endless battles is banned\n|rule|OHKO Clause: OHKO moves are banned\n|rule|Evasion Moves Clause: Evasion moves are banned\n|rule|Evasion Items Clause: Evasion items are banned\n|rule|Species Clause: Limit one of each Pok\u00e9mon\n|rule|Sleep Clause Mod: Limit one foe put to sleep\n|rule|Mega Rayquaza Clause: You cannot mega evolve Rayquaza\n|clearpoke\n|poke|p1|Gallade, M|\n|poke|p1|Slurpuff, M|\n|poke|p1|Lopunny, M|\n|poke|p1|Espathra, M|\n|poke|p1|Cinderace, M|\n|poke|p1|Deoxys-Attack|\n|poke|p2|Pikachu, M|\n|poke|p2|Rillaboom, M|\n|poke|p2|Cramorant, M|\n|poke|p2|Grapploct, M|\n|poke|p2|Centiskorch, M|\n|poke|p2|Runerigus, F|\n|teampreview\n|inactive|Battle timer is ON: inactive players will automatically lose when time's up. (requested by LADYgagaw)\n|\n|t:|1699280089\n|start\n|switch|p1a: Slurpuff|Slurpuff, M|100\/100\n|switch|p2a: Grapploct|Grapploct, M|100\/100\n|turn|1\n|\n|t:|1699280093\n|move|p1a: Slurpuff|Yawn|p2a: Grapploct\n|-start|p2a: Grapploct|move: Yawn|[of] p1a: Slurpuff\n|move|p2a: Grapploct|Circle Throw|p1a: Slurpuff\n|-resisted|p1a: Slurpuff\n|-damage|p1a: Slurpuff|71\/100\n|drag|p1a: Cinderace|Cinderace, M|100\/100\n|\n|upkeep\n|turn|2\n|\n|t:|1699280101\n|switch|p2a: Cramorant|Cramorant, M|100\/100\n|move|p1a: Cinderace|Zen Headbutt|p2a: Cramorant\n|-start|p1a: Cinderace|typechange|Psychic|[from] ability: Libero\n|-damage|p2a: Cramorant|16\/100\n|\n|upkeep\n|turn|3\n|\n|t:|1699280110\n|move|p1a: Cinderace|Zen Headbutt|p2a: Cramorant\n|-damage|p2a: Cramorant|0 fnt\n|faint|p2a: Cramorant\n|\n|upkeep\n|\n|t:|1699280112\n|switch|p2a: Centiskorch|Centiskorch, M|100\/100\n|turn|4\n|\n|t:|1699280132\n|move|p1a: Cinderace|Zen Headbutt|p2a: Centiskorch\n|-damage|p2a: Centiskorch|52\/100\n|move|p2a: Centiskorch|Leech Life|p1a: Cinderace\n|-supereffective|p1a: Cinderace\n|-damage|p1a: Cinderace|0 fnt\n|-heal|p2a: Centiskorch|90\/100|[from] drain|[of] p1a: Cinderace\n|faint|p1a: Cinderace\n|\n|upkeep\n|\n|t:|1699280139\n|switch|p1a: Slurpuff|Slurpuff, M|71\/100\n|turn|5\n|\n|t:|1699280142\n|move|p1a: Slurpuff|Yawn|p2a: Centiskorch\n|-start|p2a: Centiskorch|move: Yawn|[of] p1a: Slurpuff\n|move|p2a: Centiskorch|Fire Lash|p1a: Slurpuff\n|-damage|p1a: Slurpuff|17\/100\n|-unboost|p1a: Slurpuff|def|1\n|\n|upkeep\n|turn|6\n|\n|t:|1699280151\n|switch|p2a: Pikachu|Pikachu, M|100\/100\n|move|p1a: Slurpuff|Wish|p1a: Slurpuff\n|\n|upkeep\n|turn|7\n|\n|t:|1699280157\n|move|p2a: Pikachu|Iron Tail|p1a: Slurpuff|[miss]\n|-miss|p2a: Pikachu|p1a: Slurpuff\n|move|p1a: Slurpuff|Yawn|p2a: Pikachu\n|-start|p2a: Pikachu|move: Yawn|[of] p1a: Slurpuff\n|\n|-heal|p1a: Slurpuff|66\/100|[from] move: Wish|[wisher] Slurpuff\n|upkeep\n|turn|8\n|\n|t:|1699280161\n|switch|p2a: Rillaboom|Rillaboom, M|100\/100\n|-fieldstart|move: Grassy Terrain|[from] ability: Grassy Surge|[of] p2a: Rillaboom\n|move|p1a: Slurpuff|Wish|p1a: Slurpuff\n|\n|-heal|p1a: Slurpuff|73\/100|[from] Grassy Terrain\n|upkeep\n|turn|9\n|\n|t:|1699280166\n|move|p2a: Rillaboom|Grassy Glide|p1a: Slurpuff\n|-damage|p1a: Slurpuff|0 fnt\n|faint|p1a: Slurpuff\n|-damage|p2a: Rillaboom|91\/100|[from] item: Life Orb\n|\n|-heal|p2a: Rillaboom|97\/100|[from] Grassy Terrain\n|upkeep\n|\n|t:|1699280170\n|switch|p1a: Lopunny|Lopunny, M|100\/100\n|turn|10\n|\n|t:|1699280174\n|detailschange|p1a: Lopunny|Lopunny-Mega, M\n|-mega|p1a: Lopunny|Lopunny|Lopunnite\n|move|p1a: Lopunny|Fake Out|p2a: Rillaboom\n|-damage|p2a: Rillaboom|75\/100\n|cant|p2a: Rillaboom|flinch\n|\n|-heal|p2a: Rillaboom|81\/100|[from] Grassy Terrain\n|upkeep\n|turn|11\n|\n|t:|1699280183\n|move|p1a: Lopunny|Triple Axel|p2a: Rillaboom\n|-supereffective|p2a: Rillaboom\n|-damage|p2a: Rillaboom|65\/100\n|-supereffective|p2a: Rillaboom\n|-damage|p2a: Rillaboom|36\/100\n|-supereffective|p2a: Rillaboom\n|-damage|p2a: Rillaboom|0 fnt\n|faint|p2a: Rillaboom\n|-hitcount|p2: Rillaboom|3\n|\n|upkeep\n|\n|t:|1699280188\n|switch|p2a: Grapploct|Grapploct, M|100\/100\n|turn|12\n|\n|t:|1699280194\n|move|p1a: Lopunny|High Jump Kick|p2a: Grapploct\n|-damage|p2a: Grapploct|33\/100\n|move|p2a: Grapploct|Drain Punch|p1a: Lopunny\n|-supereffective|p1a: Lopunny\n|-damage|p1a: Lopunny|0 fnt\n|-heal|p2a: Grapploct|70\/100|[from] drain|[of] p1a: Lopunny\n|faint|p1a: Lopunny\n|\n|-heal|p2a: Grapploct|76\/100|[from] Grassy Terrain\n|-heal|p2a: Grapploct|82\/100|[from] item: Leftovers\n|-fieldend|move: Grassy Terrain\n|upkeep\n|\n|t:|1699280200\n|switch|p1a: Deoxys|Deoxys-Attack|100\/100\n|-ability|p1a: Deoxys|Pressure\n|turn|13\n|\n|t:|1699280204\n|move|p1a: Deoxys|Psycho Boost|p2a: Grapploct\n|-supereffective|p2a: Grapploct\n|-damage|p2a: Grapploct|0 fnt\n|-unboost|p1a: Deoxys|spa|2\n|faint|p2a: Grapploct\n|-damage|p1a: Deoxys|91\/100|[from] item: Life Orb\n|\n|upkeep\n|\n|t:|1699280207\n|switch|p2a: Centiskorch|Centiskorch, M|90\/100\n|turn|14\n|\n|t:|1699280213\n|move|p1a: Deoxys|Psycho Boost|p2a: Centiskorch\n|-damage|p2a: Centiskorch|30\/100\n|-unboost|p1a: Deoxys|spa|2\n|-damage|p1a: Deoxys|81\/100|[from] item: Life Orb\n|move|p2a: Centiskorch|Leech Life|p1a: Deoxys\n|-supereffective|p1a: Deoxys\n|-damage|p1a: Deoxys|0 fnt\n|-heal|p2a: Centiskorch|54\/100|[from] drain|[of] p1a: Deoxys\n|faint|p1a: Deoxys\n|\n|upkeep\n|\n|t:|1699280219\n|switch|p1a: Gallade|Gallade, M|100\/100\n|turn|15\n|\n|t:|1699280224\n|switch|p2a: Pikachu|Pikachu, M|100\/100\n|-terastallize|p1a: Gallade|Psychic\n|move|p1a: Gallade|Sacred Sword|p2a: Pikachu\n|-damage|p2a: Pikachu|0 fnt\n|faint|p2a: Pikachu\n|-damage|p1a: Gallade|91\/100|[from] item: Life Orb\n|\n|upkeep\n|\n|t:|1699280228\n|switch|p2a: Runerigus|Runerigus, F, shiny|100\/100\n|turn|16\n|\n|t:|1699280234\n|move|p1a: Gallade|X-Scissor|p2a: Runerigus\n|-resisted|p2a: Runerigus\n|-damage|p2a: Runerigus|77\/100\n|-activate|p2a: Runerigus|ability: Wandering Spirit|Sharpness|Wandering Spirit|[of] p1a: Gallade\n|-damage|p1a: Gallade|81\/100|[from] item: Life Orb\n|move|p2a: Runerigus|Will-O-Wisp|p1a: Gallade\n|-status|p1a: Gallade|brn\n|\n|-heal|p2a: Runerigus|84\/100|[from] item: Leftovers\n|-damage|p1a: Gallade|75\/100 brn|[from] brn\n|upkeep\n|turn|17\n|\n|t:|1699280243\n|move|p1a: Gallade|Swords Dance|p1a: Gallade\n|-boost|p1a: Gallade|atk|2\n|move|p2a: Runerigus|Poltergeist|p1a: Gallade\n|-activate|p1a: Gallade|move: Poltergeist|Life Orb\n|-supereffective|p1a: Gallade\n|-damage|p1a: Gallade|0 fnt\n|faint|p1a: Gallade\n|\n|-heal|p2a: Runerigus|90\/100|[from] item: Leftovers\n|upkeep\n|\n|t:|1699280250\n|switch|p1a: Espathra|Espathra, M|100\/100\n|turn|18\n|\n|t:|1699280253\n|-terastallize|p2a: Runerigus|Ghost\n|move|p1a: Espathra|Substitute|p1a: Espathra\n|-start|p1a: Espathra|Substitute\n|-damage|p1a: Espathra|76\/100\n|move|p2a: Runerigus|Poltergeist|p1a: Espathra\n|-activate|p1a: Espathra|move: Poltergeist|Leftovers\n|-supereffective|p1a: Espathra\n|-end|p1a: Espathra|Substitute\n|\n|-heal|p1a: Espathra|82\/100|[from] item: Leftovers\n|-heal|p2a: Runerigus|96\/100|[from] item: Leftovers\n|-ability|p1a: Espathra|Speed Boost|boost\n|-boost|p1a: Espathra|spe|1\n|upkeep\n|turn|19\n|\n|t:|1699280263\n|move|p1a: Espathra|Protect|p1a: Espathra\n|-singleturn|p1a: Espathra|Protect\n|move|p2a: Runerigus|Earthquake|p1a: Espathra\n|-activate|p1a: Espathra|move: Protect\n|\n|-heal|p1a: Espathra|88\/100|[from] item: Leftovers\n|-heal|p2a: Runerigus|100\/100|[from] item: Leftovers\n|-ability|p1a: Espathra|Speed Boost|boost\n|-boost|p1a: Espathra|spe|1\n|upkeep\n|turn|20\n|\n|t:|1699280270\n|move|p1a: Espathra|Substitute|p1a: Espathra\n|-start|p1a: Espathra|Substitute\n|-damage|p1a: Espathra|63\/100\n|move|p2a: Runerigus|Earthquake|p1a: Espathra\n|-end|p1a: Espathra|Substitute\n|\n|-heal|p1a: Espathra|69\/100|[from] item: Leftovers\n|-ability|p1a: Espathra|Speed Boost|boost\n|-boost|p1a: Espathra|spe|1\n|upkeep\n|turn|21\n|\n|t:|1699280276\n|move|p1a: Espathra|Protect|p1a: Espathra\n|-singleturn|p1a: Espathra|Protect\n|move|p2a: Runerigus|Earthquake|p1a: Espathra\n|-activate|p1a: Espathra|move: Protect\n|\n|-heal|p1a: Espathra|75\/100|[from] item: Leftovers\n|-ability|p1a: Espathra|Speed Boost|boost\n|-boost|p1a: Espathra|spe|1\n|upkeep\n|turn|22\n|\n|t:|1699280281\n|move|p1a: Espathra|Substitute|p1a: Espathra\n|-start|p1a: Espathra|Substitute\n|-damage|p1a: Espathra|50\/100\n|move|p2a: Runerigus|Earthquake|p1a: Espathra\n|-end|p1a: Espathra|Substitute\n|\n|-heal|p1a: Espathra|56\/100|[from] item: Leftovers\n|-ability|p1a: Espathra|Speed Boost|boost\n|-boost|p1a: Espathra|spe|1\n|upkeep\n|turn|23\n|\n|t:|1699280287\n|move|p1a: Espathra|Protect|p1a: Espathra\n|-singleturn|p1a: Espathra|Protect\n|move|p2a: Runerigus|Earthquake|p1a: Espathra\n|-activate|p1a: Espathra|move: Protect\n|\n|-heal|p1a: Espathra|62\/100|[from] item: Leftovers\n|-ability|p1a: Espathra|Speed Boost|boost\n|-boost|p1a: Espathra|spe|1\n|upkeep\n|turn|24\n|\n|t:|1699280293\n|move|p1a: Espathra|Stored Power|p2a: Runerigus\n|-damage|p2a: Runerigus|36\/100\n|move|p2a: Runerigus|Earthquake|p1a: Espathra\n|-damage|p1a: Espathra|0 fnt\n|faint|p1a: Espathra\n|\n|win|Gtg g u2\n|raw|LADYgagaw's rating: 1109 &rarr; <strong>1085<\/strong><br \/>(-24 for losing)\n|raw|Gtg g u2's rating: 1127 &rarr; <strong>1151<\/strong><br \/>(+24 for winning)\n|l|\u2606LADYgagaw\n","uploadtime":1699280297,"views":5,"p1id":"ladygagaw","p2id":"gtggu2","formatid":"gen9nationaldexubers","rating":1085,"private":0,"password":""}