{"id":"gen9nationaldexubers-1998543425","p1":"Pickedman","p2":"Natt_lite_","format":"[Gen 9] National Dex Ubers","log":"|j|\u2606Pickedman\n|j|\u2606Natt_lite_\n|inactive|Battle timer is ON: inactive players will automatically lose when time's up.\n|t:|1700954372\n|gametype|singles\n|player|p1|Pickedman|zinnia|\n|player|p2|Natt_lite_|sabrina|\n|teamsize|p1|6\n|teamsize|p2|6\n|gen|9\n|tier|[Gen 9] National Dex Ubers\n|rated|Tournament battle\n|rule|HP Percentage Mod: HP is shown in percentages\n|rule|Endless Battle Clause: Forcing endless battles is banned\n|rule|OHKO Clause: OHKO moves are banned\n|rule|Evasion Moves Clause: Evasion moves are banned\n|rule|Evasion Items Clause: Evasion items are banned\n|rule|Species Clause: Limit one of each Pok\u00e9mon\n|rule|Sleep Clause Mod: Limit one foe put to sleep\n|rule|Mega Rayquaza Clause: You cannot mega evolve Rayquaza\n|rule|Dynamax Clause: You cannot dynamax\n|rule|Terastal Clause: You cannot Terastallize\n|rule|Same Type Clause: Pok\u00e9mon in a team must share a type\n|clearpoke\n|poke|p1|Dialga-Origin|\n|poke|p1|Eternatus|\n|poke|p1|Zygarde|\n|poke|p1|Kyurem-White|\n|poke|p1|Rayquaza|\n|poke|p1|Naganadel|\n|poke|p2|Iron Valiant|\n|poke|p2|Tapu Koko|\n|poke|p2|Diancie|\n|poke|p2|Klefki, M|\n|poke|p2|Tapu Bulu|\n|poke|p2|Tapu Lele|\n|teampreview\n|c|\u2606Natt_lite_|gl\n|\n|t:|1700954380\n|start\n|switch|p1a: Dialga|Dialga-Origin|100\/100\n|switch|p2a: Klefki|Klefki, M|100\/100\n|-ability|p1a: Dialga|Pressure\n|turn|1\n|c|\u2606Pickedman|hf\n|\n|t:|1700954394\n|move|p2a: Klefki|Reflect|p2a: Klefki\n|-sidestart|p2: Natt_lite_|Reflect\n|move|p1a: Dialga|Stealth Rock|p2a: Klefki\n|-sidestart|p2: Natt_lite_|move: Stealth Rock\n|\n|upkeep\n|turn|2\n|\n|t:|1700954416\n|move|p2a: Klefki|Light Screen|p2a: Klefki\n|-sidestart|p2: Natt_lite_|move: Light Screen\n|move|p1a: Dialga|Thunder Wave|p2a: Klefki\n|-status|p2a: Klefki|par\n|\n|upkeep\n|turn|3\n|\n|t:|1700954425\n|move|p1a: Dialga|Flash Cannon|p2a: Klefki\n|-crit|p2a: Klefki\n|-damage|p2a: Klefki|0 fnt\n|faint|p2a: Klefki\n|\n|upkeep\n|\n|t:|1700954438\n|switch|p2a: Tapu Bulu|Tapu Bulu|100\/100\n|-damage|p2a: Tapu Bulu|88\/100|[from] Stealth Rock\n|-fieldstart|move: Grassy Terrain|[from] ability: Grassy Surge|[of] p2a: Tapu Bulu\n|turn|4\n|\n|t:|1700954444\n|move|p2a: Tapu Bulu|Swords Dance|p2a: Tapu Bulu\n|-boost|p2a: Tapu Bulu|atk|2\n|move|p1a: Dialga|Thunder Wave|p2a: Tapu Bulu\n|-status|p2a: Tapu Bulu|par\n|\n|-heal|p2a: Tapu Bulu|94\/100 par|[from] Grassy Terrain\n|upkeep\n|turn|5\n|inactive|Natt_lite_ has 120 seconds left.\n|inactive|Natt_lite_ has 90 seconds left.\n|\n|t:|1700954523\n|switch|p1a: Rayquaza|Rayquaza|100\/100\n|-ability|p1a: Rayquaza|Air Lock\n|cant|p2a: Tapu Bulu|par\n|\n|-heal|p2a: Tapu Bulu|99\/100 par|[from] Grassy Terrain\n|upkeep\n|turn|6\n|\n|t:|1700954533\n|move|p1a: Rayquaza|Dragon Ascent|p2a: Tapu Bulu\n|-supereffective|p2a: Tapu Bulu\n|-damage|p2a: Tapu Bulu|0 fnt\n|-unboost|p1a: Rayquaza|def|1\n|-unboost|p1a: Rayquaza|spd|1\n|faint|p2a: Tapu Bulu\n|\n|upkeep\n|\n|t:|1700954559\n|switch|p2a: Diancie|Diancie|100\/100\n|-damage|p2a: Diancie|88\/100|[from] Stealth Rock\n|turn|7\n|\n|t:|1700954566\n|switch|p1a: Zygarde|Zygarde|100\/100\n|detailschange|p2a: Diancie|Diancie-Mega\n|-mega|p2a: Diancie|Diancie|Diancite\n|move|p2a: Diancie|Stealth Rock|p1a: Zygarde\n|-sidestart|p1: Pickedman|move: Stealth Rock\n|\n|-heal|p2a: Diancie|94\/100|[from] Grassy Terrain\n|upkeep\n|turn|8\n|\n|t:|1700954576\n|move|p2a: Diancie|Moonblast|p1a: Zygarde\n|-supereffective|p1a: Zygarde\n|-damage|p1a: Zygarde|4\/100\n|-unboost|p1a: Zygarde|spa|1\n|move|p1a: Zygarde|Thousand Arrows|p2a: Diancie\n|-supereffective|p2a: Diancie\n|-damage|p2a: Diancie|57\/100\n|\n|-heal|p2a: Diancie|63\/100|[from] Grassy Terrain\n|-heal|p1a: Zygarde|10\/100|[from] Grassy Terrain\n|-heal|p1a: Zygarde|16\/100|[from] item: Leftovers\n|-sideend|p2: Natt_lite_|Reflect\n|-fieldend|move: Grassy Terrain\n|-activate|p1a: Zygarde|ability: Power Construct\n|detailschange|p1a: Zygarde|Zygarde-Complete\n|-heal|p1a: Zygarde|45\/100|[silent]\n|upkeep\n|turn|9\n|\n|t:|1700954580\n|move|p2a: Diancie|Moonblast|p1a: Zygarde\n|-supereffective|p1a: Zygarde\n|-damage|p1a: Zygarde|0 fnt\n|faint|p1a: Zygarde\n|\n|-sideend|p2: Natt_lite_|move: Light Screen\n|upkeep\n|\n|t:|1700954591\n|switch|p1a: Dialga|Dialga-Origin|100\/100\n|-damage|p1a: Dialga|94\/100|[from] Stealth Rock\n|-ability|p1a: Dialga|Pressure\n|turn|10\n|\n|t:|1700954597\n|move|p2a: Diancie|Earth Power|p1a: Dialga\n|-supereffective|p1a: Dialga\n|-damage|p1a: Dialga|37\/100\n|move|p1a: Dialga|Flash Cannon|p2a: Diancie\n|-supereffective|p2a: Diancie\n|-damage|p2a: Diancie|0 fnt\n|faint|p2a: Diancie\n|\n|upkeep\n|\n|t:|1700954602\n|switch|p2a: Iron Valiant|Iron Valiant|100\/100\n|-damage|p2a: Iron Valiant|94\/100|[from] Stealth Rock\n|turn|11\n|\n|t:|1700954610\n|switch|p1a: Naganadel|Naganadel|100\/100\n|-damage|p1a: Naganadel|88\/100|[from] Stealth Rock\n|move|p2a: Iron Valiant|Swords Dance|p2a: Iron Valiant\n|-boost|p2a: Iron Valiant|atk|2\n|\n|upkeep\n|turn|12\n|\n|t:|1700954621\n|move|p1a: Naganadel|Sludge Wave|p2a: Iron Valiant\n|-supereffective|p2a: Iron Valiant\n|-damage|p2a: Iron Valiant|0 fnt\n|faint|p2a: Iron Valiant\n|-end|p2a: Iron Valiant|Quark Drive|[silent]\n|-ability|p1a: Naganadel|Beast Boost|boost\n|-boost|p1a: Naganadel|spe|1\n|\n|upkeep\n|\n|t:|1700954625\n|switch|p2a: Tapu Lele|Tapu Lele|100\/100\n|-damage|p2a: Tapu Lele|88\/100|[from] Stealth Rock\n|-fieldstart|move: Psychic Terrain|[from] ability: Psychic Surge|[of] p2a: Tapu Lele\n|turn|13\n|\n|t:|1700954628\n|move|p1a: Naganadel|Sludge Wave|p2a: Tapu Lele\n|-supereffective|p2a: Tapu Lele\n|-damage|p2a: Tapu Lele|0 fnt\n|faint|p2a: Tapu Lele\n|-ability|p1a: Naganadel|Beast Boost|boost\n|-boost|p1a: Naganadel|spe|1\n|\n|upkeep\n|\n|t:|1700954630\n|switch|p2a: Tapu Koko|Tapu Koko|100\/100\n|-damage|p2a: Tapu Koko|88\/100|[from] Stealth Rock\n|-fieldstart|move: Electric Terrain|[from] ability: Electric Surge|[of] p2a: Tapu Koko\n|turn|14\n|c|\u2606Pickedman|ggwp\n|\n|t:|1700954636\n|move|p1a: Naganadel|Sludge Wave|p2a: Tapu Koko\n|-supereffective|p2a: Tapu Koko\n|-damage|p2a: Tapu Koko|0 fnt\n|faint|p2a: Tapu Koko\n|\n|win|Pickedman\n|n|\u2606Pickedman|pickedman\n|n|\u2606Natt_lite_|nattlite\n|l|\u2606Natt_lite_\n","uploadtime":1700954639,"views":11,"p1id":"pickedman","p2id":"nattlite","formatid":"gen9nationaldexubers","rating":0,"private":0,"password":""}