{"id":"gen9nationaldexubers-1983849177","p1":"Eimint64","p2":"NicholasDousa","format":"[Gen 9] National Dex Ubers","log":"|j|\u2606Eimint64\n|j|\u2606NicholasDousa\n|t:|1699191412\n|gametype|singles\n|player|p1|Eimint64|marshal|1428\n|player|p2|NicholasDousa|fisherman|1455\n|teamsize|p1|6\n|teamsize|p2|6\n|gen|9\n|tier|[Gen 9] National Dex Ubers\n|rated|\n|rule|HP Percentage Mod: HP is shown in percentages\n|rule|Endless Battle Clause: Forcing endless battles is banned\n|rule|OHKO Clause: OHKO moves are banned\n|rule|Evasion Moves Clause: Evasion moves are banned\n|rule|Evasion Items Clause: Evasion items are banned\n|rule|Species Clause: Limit one of each Pok\u00e9mon\n|rule|Sleep Clause Mod: Limit one foe put to sleep\n|rule|Mega Rayquaza Clause: You cannot mega evolve Rayquaza\n|clearpoke\n|poke|p1|Marshadow|\n|poke|p1|Basculin-White-Striped, M|\n|poke|p1|Wobbuffet, M|\n|poke|p1|Glalie, F|\n|poke|p1|Cyclizar, F|\n|poke|p1|Cloyster, M|\n|poke|p2|Ceruledge, M|\n|poke|p2|Iron Bundle|\n|poke|p2|Great Tusk|\n|poke|p2|Flutter Mane|\n|poke|p2|Kingambit, M|\n|poke|p2|Blastoise, M|\n|teampreview\n|inactive|Battle timer is ON: inactive players will automatically lose when time's up. (requested by Eimint64)\n|\n|t:|1699191424\n|start\n|switch|p1a: Basculin|Basculin-White-Striped, M|100\/100\n|switch|p2a: Santa Claus|Iron Bundle|100\/100\n|-enditem|p2a: Santa Claus|Booster Energy\n|-activate|p2a: Santa Claus|ability: Quark Drive|[fromitem]\n|-start|p2a: Santa Claus|quarkdrivespe\n|turn|1\n|\n|t:|1699191430\n|switch|p1a: Wobbuffet|Wobbuffet, M|100\/100\n|move|p2a: Santa Claus|Freeze-Dry|p1a: Wobbuffet\n|-damage|p1a: Wobbuffet|76\/100\n|\n|upkeep\n|turn|2\n|\n|t:|1699191434\n|move|p2a: Santa Claus|Taunt|p1a: Wobbuffet\n|-start|p1a: Wobbuffet|move: Taunt\n|cant|p1a: Wobbuffet|move: Taunt|Encore\n|\n|upkeep\n|turn|3\n|\n|t:|1699191439\n|switch|p1a: Glalie|Glalie, F|100\/100\n|move|p2a: Santa Claus|Ice Beam|p1a: Glalie\n|-resisted|p1a: Glalie\n|-damage|p1a: Glalie|71\/100\n|\n|-heal|p1a: Glalie|77\/100|[from] item: Leftovers\n|-ability|p1a: Glalie|Moody|boost\n|-boost|p1a: Glalie|def|2\n|-unboost|p1a: Glalie|spa|1\n|upkeep\n|turn|4\n|\n|t:|1699191444\n|move|p1a: Glalie|Protect|p1a: Glalie\n|-singleturn|p1a: Glalie|Protect\n|move|p2a: Santa Claus|Hydro Pump|p1a: Glalie\n|-activate|p1a: Glalie|move: Protect\n|\n|-heal|p1a: Glalie|83\/100|[from] item: Leftovers\n|-ability|p1a: Glalie|Moody|boost\n|-boost|p1a: Glalie|atk|2\n|-unboost|p1a: Glalie|def|1\n|upkeep\n|turn|5\n|\n|t:|1699191449\n|move|p2a: Santa Claus|Hydro Pump|p1a: Glalie\n|-damage|p1a: Glalie|8\/100\n|move|p1a: Glalie|Freeze-Dry|p2a: Santa Claus\n|-damage|p2a: Santa Claus|61\/100\n|\n|-heal|p1a: Glalie|14\/100|[from] item: Leftovers\n|-ability|p1a: Glalie|Moody|boost\n|-boost|p1a: Glalie|spd|2\n|-unboost|p1a: Glalie|spa|1\n|upkeep\n|turn|6\n|\n|t:|1699191454\n|move|p1a: Glalie|Protect|p1a: Glalie\n|-singleturn|p1a: Glalie|Protect\n|move|p2a: Santa Claus|Hydro Pump|p1a: Glalie\n|-activate|p1a: Glalie|move: Protect\n|\n|-heal|p1a: Glalie|20\/100|[from] item: Leftovers\n|-ability|p1a: Glalie|Moody|boost\n|-boost|p1a: Glalie|spa|2\n|-unboost|p1a: Glalie|def|1\n|upkeep\n|turn|7\n|\n|t:|1699191457\n|move|p2a: Santa Claus|Hydro Pump|p1a: Glalie\n|-damage|p1a: Glalie|0 fnt\n|faint|p1a: Glalie\n|\n|upkeep\n|\n|t:|1699191474\n|switch|p1a: Wobbuffet|Wobbuffet, M|76\/100\n|turn|8\n|\n|t:|1699191480\n|move|p2a: Santa Claus|Taunt|p1a: Wobbuffet\n|-start|p1a: Wobbuffet|move: Taunt\n|cant|p1a: Wobbuffet|move: Taunt|Encore\n|\n|upkeep\n|turn|9\n|\n|t:|1699191483\n|move|p2a: Santa Claus|Hydro Pump|p1a: Wobbuffet\n|-damage|p1a: Wobbuffet|37\/100\n|move|p1a: Wobbuffet|Mirror Coat|p2a: Santa Claus\n|-damage|p2a: Santa Claus|0 fnt\n|faint|p2a: Santa Claus\n|-end|p2a: Santa Claus|Quark Drive|[silent]\n|\n|upkeep\n|\n|t:|1699191489\n|switch|p2a: Blastoise|Blastoise, M|100\/100\n|turn|10\n|\n|t:|1699191492\n|switch|p1a: Marshadow|Marshadow|100\/100\n|detailschange|p2a: Blastoise|Blastoise-Mega, M\n|-mega|p2a: Blastoise|Blastoise|Blastoisinite\n|move|p2a: Blastoise|Shell Smash|p2a: Blastoise\n|-unboost|p2a: Blastoise|def|1\n|-unboost|p2a: Blastoise|spd|1\n|-boost|p2a: Blastoise|atk|2\n|-boost|p2a: Blastoise|spa|2\n|-boost|p2a: Blastoise|spe|2\n|-enditem|p1a: Marshadow|Mirror Herb\n|-boost|p1a: Marshadow|atk|2|[from] item: Mirror Herb\n|-boost|p1a: Marshadow|spa|2|[from] item: Mirror Herb\n|-boost|p1a: Marshadow|spe|2|[from] item: Mirror Herb\n|\n|upkeep\n|turn|11\n|\n|t:|1699191500\n|move|p1a: Marshadow|Spectral Thief||[still]\n|-clearpositiveboost|p2a: Blastoise|p1a: Marshadow|move: Spectral Thief\n|-boost|p1a: Marshadow|atk|2\n|-boost|p1a: Marshadow|spa|2\n|-boost|p1a: Marshadow|spe|2\n|-anim|p1a: Marshadow|Spectral Thief|p2a: Blastoise\n|-damage|p2a: Blastoise|0 fnt\n|faint|p2a: Blastoise\n|\n|upkeep\n|\n|t:|1699191504\n|switch|p2a: Ceruledge|Ceruledge, M|100\/100\n|turn|12\n|\n|t:|1699191508\n|move|p2a: Ceruledge|Shadow Sneak|p1a: Marshadow\n|-supereffective|p1a: Marshadow\n|-damage|p1a: Marshadow|41\/100\n|move|p1a: Marshadow|Swagger|p2a: Ceruledge\n|-boost|p2a: Ceruledge|atk|2\n|-start|p2a: Ceruledge|confusion\n|\n|upkeep\n|turn|13\n|\n|t:|1699191513\n|move|p1a: Marshadow|Shadow Sneak|p2a: Ceruledge\n|-supereffective|p2a: Ceruledge\n|-enditem|p2a: Ceruledge|Focus Sash\n|-damage|p2a: Ceruledge|1\/100\n|-ability|p2a: Ceruledge|Weak Armor|boost\n|-unboost|p2a: Ceruledge|def|1\n|-boost|p2a: Ceruledge|spe|2\n|-activate|p2a: Ceruledge|confusion\n|-damage|p2a: Ceruledge|0 fnt|[from] confusion\n|faint|p2a: Ceruledge\n|\n|upkeep\n|\n|t:|1699191518\n|switch|p2a: Kingambit|Kingambit, M|100\/100\n|-activate|p2a: Kingambit|ability: Supreme Overlord\n|-start|p2a: Kingambit|fallen3|[silent]\n|turn|14\n|inactive|NicholasDousa has 120 seconds left.\n|inactive|NicholasDousa has 90 seconds left.\n|inactive|NicholasDousa has 60 seconds left.\n|inactive|NicholasDousa has 30 seconds left.\n|inactive|NicholasDousa has 20 seconds left.\n|inactive|NicholasDousa has 15 seconds left.\n|inactive|NicholasDousa has 10 seconds left.\n|inactive|NicholasDousa has 5 seconds left.\n|-message|NicholasDousa lost due to inactivity.\n|\n|win|Eimint64\n|raw|Eimint64's rating: 1428 &rarr; <strong>1448<\/strong><br \/>(+20 for winning)\n|raw|NicholasDousa's rating: 1424 &rarr; <strong>1404<\/strong><br \/>(-20 for losing)\n","uploadtime":1699191673,"views":5,"p1id":"eimint64","p2id":"nicholasdousa","formatid":"gen9nationaldexubers","rating":1404,"private":0,"password":""}