{"id":"gen9nationaldexubers-1998871885","p1":"xuzichen","p2":"xzc2423762877","format":"[Gen 9] National Dex Ubers","log":"|j|\u2606xuzichen\n|j|\u2606xzc2423762877\n|t:|1701006467\n|gametype|singles\n|player|p1|xuzichen|dawn|\n|player|p2|xzc2423762877|dawn|\n|teamsize|p1|6\n|teamsize|p2|6\n|gen|9\n|tier|[Gen 9] National Dex Ubers\n|rule|HP Percentage Mod: HP is shown in percentages\n|rule|Endless Battle Clause: Forcing endless battles is banned\n|rule|OHKO Clause: OHKO moves are banned\n|rule|Evasion Moves Clause: Evasion moves are banned\n|rule|Evasion Items Clause: Evasion items are banned\n|rule|Species Clause: Limit one of each Pok\u00e9mon\n|rule|Sleep Clause Mod: Limit one foe put to sleep\n|rule|Mega Rayquaza Clause: You cannot mega evolve Rayquaza\n|clearpoke\n|poke|p1|Mewtwo|\n|poke|p1|Groudon|\n|poke|p1|Kyogre|\n|poke|p1|Necrozma-Dusk-Mane|\n|poke|p1|Ho-Oh|\n|poke|p1|Arceus-Dark|\n|poke|p2|Genesect|\n|poke|p2|Groudon|\n|poke|p2|Kyogre|\n|poke|p2|Necrozma-Dusk-Mane|\n|poke|p2|Giratina|\n|poke|p2|Arceus-Flying|\n|teampreview\n|inactive|Battle timer is ON: inactive players will automatically lose when time's up. (requested by xzc2423762877)\n|\n|t:|1701006478\n|start\n|switch|p1a: Kyogre|Kyogre|100\/100\n|switch|p2a: Giratina|Giratina|100\/100\n|-ability|p2a: Giratina|Pressure\n|detailschange|p1a: Kyogre|Kyogre-Primal\n|-primal|p1a: Kyogre|Blue Orb\n|-weather|PrimordialSea|[from] ability: Primordial Sea|[of] p1a: Kyogre\n|turn|1\n|\n|t:|1701006484\n|move|p1a: Kyogre|Ice Beam|p2a: Giratina\n|-supereffective|p2a: Giratina\n|-damage|p2a: Giratina|53\/100\n|-status|p2a: Giratina|frz\n|cant|p2a: Giratina|frz\n|\n|-weather|PrimordialSea|[upkeep]\n|-heal|p2a: Giratina|59\/100 frz|[from] item: Leftovers\n|upkeep\n|turn|2\n|\n|t:|1701006505\n|switch|p2a: Kyogre|Kyogre|100\/100\n|detailschange|p2a: Kyogre|Kyogre-Primal\n|-primal|p2a: Kyogre|Blue Orb\n|move|p1a: Kyogre|Ice Beam|p2a: Kyogre\n|-resisted|p2a: Kyogre\n|-damage|p2a: Kyogre|85\/100\n|\n|-weather|PrimordialSea|[upkeep]\n|upkeep\n|turn|3\n|\n|t:|1701006513\n|switch|p1a: Arceus|Arceus-Dark|100\/100\n|move|p2a: Kyogre|Thunder Wave|p1a: Arceus\n|-status|p1a: Arceus|par\n|\n|-weather|PrimordialSea|[upkeep]\n|upkeep\n|turn|4\n|\n|t:|1701006528\n|-weather|none\n|switch|p2a: Groudon|Groudon|100\/100\n|detailschange|p2a: Groudon|Groudon-Primal\n|-primal|p2a: Groudon|Red Orb\n|-weather|DesolateLand|[from] ability: Desolate Land|[of] p2a: Groudon\n|cant|p1a: Arceus|par\n|\n|-weather|DesolateLand|[upkeep]\n|upkeep\n|turn|5\n|\n|t:|1701006534\n|move|p2a: Groudon|Stealth Rock|p1a: Arceus\n|-sidestart|p1: xuzichen|move: Stealth Rock\n|move|p1a: Arceus|Taunt|p2a: Groudon\n|-start|p2a: Groudon|move: Taunt\n|\n|-weather|DesolateLand|[upkeep]\n|upkeep\n|turn|6\n|\n|t:|1701006543\n|-weather|none\n|switch|p2a: Giratina|Giratina|59\/100 frz\n|-ability|p2a: Giratina|Pressure\n|move|p1a: Arceus|Defog|p2a: Giratina\n|-unboost|p2a: Giratina|evasion|1\n|-sideend|p1: xuzichen|Stealth Rock|[from] move: Defog|[of] p1a: Arceus\n|\n|-heal|p2a: Giratina|65\/100 frz|[from] item: Leftovers\n|upkeep\n|turn|7\n|\n|t:|1701006553\n|cant|p2a: Giratina|frz\n|move|p1a: Arceus|Taunt|p2a: Giratina\n|-start|p2a: Giratina|move: Taunt\n|\n|-heal|p2a: Giratina|71\/100 frz|[from] item: Leftovers\n|upkeep\n|turn|8\n|\n|t:|1701006566\n|move|p1a: Arceus|Stealth Rock|p2a: Giratina\n|-sidestart|p2: xzc2423762877|move: Stealth Rock\n|-curestatus|p2a: Giratina|frz|[msg]\n|move|p2a: Giratina|Dragon Tail|p1a: Arceus\n|-damage|p1a: Arceus|88\/100 par\n|drag|p1a: Groudon|Groudon|100\/100\n|detailschange|p1a: Groudon|Groudon-Primal\n|-primal|p1a: Groudon|Red Orb\n|-weather|DesolateLand|[from] ability: Desolate Land|[of] p1a: Groudon\n|\n|-weather|DesolateLand|[upkeep]\n|-heal|p2a: Giratina|77\/100|[from] item: Leftovers\n|upkeep\n|turn|9\n|\n|t:|1701006579\n|switch|p2a: Kyogre|Kyogre-Primal|85\/100\n|-damage|p2a: Kyogre|73\/100|[from] Stealth Rock\n|-weather|PrimordialSea|[from] ability: Primordial Sea|[of] p2a: Kyogre\n|move|p1a: Groudon|Toxic|p2a: Kyogre\n|-status|p2a: Kyogre|tox\n|\n|-weather|PrimordialSea|[upkeep]\n|-damage|p2a: Kyogre|66\/100 tox|[from] psn\n|upkeep\n|turn|10\n|\n|t:|1701006591\n|switch|p1a: Kyogre|Kyogre-Primal|100\/100\n|move|p2a: Kyogre|Thunder|p1a: Kyogre\n|-supereffective|p1a: Kyogre\n|-damage|p1a: Kyogre|31\/100\n|\n|-weather|PrimordialSea|[upkeep]\n|-damage|p2a: Kyogre|54\/100 tox|[from] psn\n|upkeep\n|turn|11\n|\n|t:|1701006597\n|move|p1a: Kyogre|Thunder|p2a: Kyogre\n|-supereffective|p2a: Kyogre\n|-damage|p2a: Kyogre|0 fnt\n|faint|p2a: Kyogre\n|\n|-weather|PrimordialSea|[upkeep]\n|upkeep\n|\n|t:|1701006601\n|switch|p2a: Giratina|Giratina|77\/100\n|-damage|p2a: Giratina|65\/100|[from] Stealth Rock\n|-ability|p2a: Giratina|Pressure\n|turn|12\n|\n|t:|1701006609\n|move|p1a: Kyogre|Ice Beam|p2a: Giratina\n|-supereffective|p2a: Giratina\n|-damage|p2a: Giratina|18\/100\n|move|p2a: Giratina|Rest|p2a: Giratina\n|-status|p2a: Giratina|slp|[from] move: Rest\n|-heal|p2a: Giratina|100\/100 slp|[silent]\n|\n|-weather|PrimordialSea|[upkeep]\n|upkeep\n|turn|13\n|\n|t:|1701006618\n|move|p1a: Kyogre|Ice Beam|p2a: Giratina\n|-supereffective|p2a: Giratina\n|-damage|p2a: Giratina|54\/100 slp\n|cant|p2a: Giratina|slp\n|\n|-weather|PrimordialSea|[upkeep]\n|-heal|p2a: Giratina|60\/100 slp|[from] item: Leftovers\n|upkeep\n|turn|14\n|\n|t:|1701006629\n|-terastallize|p2a: Giratina|Steel\n|move|p1a: Kyogre|Ice Beam|p2a: Giratina\n|-resisted|p2a: Giratina\n|-damage|p2a: Giratina|49\/100 slp\n|cant|p2a: Giratina|slp\n|\n|-weather|PrimordialSea|[upkeep]\n|-heal|p2a: Giratina|55\/100 slp|[from] item: Leftovers\n|upkeep\n|turn|15\n|\n|t:|1701006647\n|move|p1a: Kyogre|Ice Beam|p2a: Giratina\n|-resisted|p2a: Giratina\n|-damage|p2a: Giratina|43\/100 slp\n|-curestatus|p2a: Giratina|slp|[msg]\n|move|p2a: Giratina|Dragon Tail|p1a: Kyogre\n|-damage|p1a: Kyogre|12\/100\n|-weather|none\n|drag|p1a: Ho-Oh|Ho-Oh|100\/100\n|\n|-heal|p2a: Giratina|50\/100|[from] item: Leftovers\n|upkeep\n|turn|16\n|\n|t:|1701006659\n|move|p2a: Giratina|Rest|p2a: Giratina\n|-status|p2a: Giratina|slp|[from] move: Rest\n|-heal|p2a: Giratina|100\/100 slp|[silent]\n|move|p1a: Ho-Oh|Sacred Fire|p2a: Giratina\n|-supereffective|p2a: Giratina\n|-damage|p2a: Giratina|60\/100 slp\n|\n|-heal|p2a: Giratina|66\/100 slp|[from] item: Leftovers\n|upkeep\n|turn|17\n|\n|t:|1701006671\n|cant|p2a: Giratina|slp\n|move|p1a: Ho-Oh|Sacred Fire|p2a: Giratina\n|-supereffective|p2a: Giratina\n|-damage|p2a: Giratina|23\/100 slp\n|\n|-heal|p2a: Giratina|29\/100 slp|[from] item: Leftovers\n|upkeep\n|turn|18\n|\n|t:|1701006685\n|switch|p2a: Groudon|Groudon-Primal|100\/100\n|-damage|p2a: Groudon|88\/100|[from] Stealth Rock\n|-weather|DesolateLand|[from] ability: Desolate Land|[of] p2a: Groudon\n|move|p1a: Ho-Oh|Sacred Fire|p2a: Groudon\n|-resisted|p2a: Groudon\n|-damage|p2a: Groudon|73\/100\n|\n|-weather|DesolateLand|[upkeep]\n|upkeep\n|turn|19\n|\n|t:|1701006694\n|-weather|none\n|switch|p2a: Giratina|Giratina, tera:Steel|29\/100 slp\n|-damage|p2a: Giratina|23\/100 slp|[from] Stealth Rock\n|-ability|p2a: Giratina|Pressure\n|switch|p1a: Kyogre|Kyogre-Primal|12\/100\n|-weather|PrimordialSea|[from] ability: Primordial Sea|[of] p1a: Kyogre\n|\n|-weather|PrimordialSea|[upkeep]\n|-heal|p2a: Giratina|29\/100 slp|[from] item: Leftovers\n|upkeep\n|turn|20\n|\n|t:|1701006701\n|move|p1a: Kyogre|Ice Beam|p2a: Giratina\n|-resisted|p2a: Giratina\n|-damage|p2a: Giratina|18\/100 slp\n|cant|p2a: Giratina|slp\n|\n|-weather|PrimordialSea|[upkeep]\n|-heal|p2a: Giratina|24\/100 slp|[from] item: Leftovers\n|upkeep\n|turn|21\n|\n|t:|1701006707\n|move|p1a: Kyogre|Ice Beam|p2a: Giratina\n|-resisted|p2a: Giratina\n|-damage|p2a: Giratina|12\/100 slp\n|-curestatus|p2a: Giratina|slp|[msg]\n|move|p2a: Giratina|Rest|p2a: Giratina\n|-status|p2a: Giratina|slp|[from] move: Rest\n|-heal|p2a: Giratina|100\/100 slp|[silent]\n|\n|-weather|PrimordialSea|[upkeep]\n|upkeep\n|turn|22\n|\n|t:|1701006719\n|-weather|none\n|switch|p1a: Necrozma|Necrozma-Dusk-Mane|100\/100\n|cant|p2a: Giratina|slp\n|\n|upkeep\n|turn|23\n|\n|t:|1701006724\n|move|p1a: Necrozma|Dragon Dance|p1a: Necrozma\n|-boost|p1a: Necrozma|atk|1\n|-boost|p1a: Necrozma|spe|1\n|cant|p2a: Giratina|slp\n|\n|upkeep\n|turn|24\n|\n|t:|1701006732\n|move|p1a: Necrozma|Dragon Dance|p1a: Necrozma\n|-boost|p1a: Necrozma|atk|1\n|-boost|p1a: Necrozma|spe|1\n|-curestatus|p2a: Giratina|slp|[msg]\n|move|p2a: Giratina|Will-O-Wisp|p1a: Necrozma|[miss]\n|-miss|p2a: Giratina|p1a: Necrozma\n|\n|upkeep\n|turn|25\n|\n|t:|1701006740\n|detailschange|p1a: Necrozma|Necrozma-Ultra\n|-burst|p1a: Necrozma|Necrozma|Ultranecrozium Z\n|move|p1a: Necrozma|Photon Geyser|p2a: Giratina\n|-resisted|p2a: Giratina\n|-damage|p2a: Giratina|73\/100\n|move|p2a: Giratina|Dragon Tail|p1a: Necrozma\n|-supereffective|p1a: Necrozma\n|-damage|p1a: Necrozma|66\/100\n|drag|p1a: Arceus|Arceus-Dark|88\/100 par\n|\n|-heal|p2a: Giratina|79\/100|[from] item: Leftovers\n|upkeep\n|turn|26\n|\n|t:|1701006753\n|switch|p1a: Groudon|Groudon-Primal|100\/100\n|-weather|DesolateLand|[from] ability: Desolate Land|[of] p1a: Groudon\n|move|p2a: Giratina|Toxic|p1a: Groudon\n|-status|p1a: Groudon|tox\n|\n|-weather|DesolateLand|[upkeep]\n|-heal|p2a: Giratina|85\/100|[from] item: Leftovers\n|-damage|p1a: Groudon|94\/100 tox|[from] psn\n|upkeep\n|turn|27\n|\n|t:|1701006767\n|-weather|none\n|switch|p1a: Ho-Oh|Ho-Oh|100\/100\n|move|p2a: Giratina|Toxic|p1a: Ho-Oh\n|-status|p1a: Ho-Oh|tox\n|\n|-heal|p2a: Giratina|91\/100|[from] item: Leftovers\n|-damage|p1a: Ho-Oh|94\/100 tox|[from] psn\n|upkeep\n|turn|28\n|\n|t:|1701006774\n|move|p1a: Ho-Oh|Sacred Fire|p2a: Giratina\n|-supereffective|p2a: Giratina\n|-damage|p2a: Giratina|47\/100\n|move|p2a: Giratina|Dragon Tail|p1a: Ho-Oh\n|-damage|p1a: Ho-Oh|78\/100 tox\n|drag|p1a: Arceus|Arceus-Dark|88\/100 par\n|\n|-heal|p2a: Giratina|53\/100|[from] item: Leftovers\n|upkeep\n|turn|29\n|\n|t:|1701006785\n|move|p2a: Giratina|Rest|p2a: Giratina\n|-status|p2a: Giratina|slp|[from] move: Rest\n|-heal|p2a: Giratina|100\/100 slp|[silent]\n|-zpower|p1a: Arceus\n|move|p1a: Arceus|Black Hole Eclipse|p2a: Giratina|[zeffect]\n|-damage|p2a: Giratina|65\/100 slp\n|\n|-heal|p2a: Giratina|71\/100 slp|[from] item: Leftovers\n|upkeep\n|turn|30\n|\n|t:|1701006798\n|move|p1a: Arceus|Foul Play|p2a: Giratina\n|-damage|p2a: Giratina|54\/100 slp\n|cant|p2a: Giratina|slp\n|\n|-heal|p2a: Giratina|61\/100 slp|[from] item: Leftovers\n|upkeep\n|turn|31\n|\n|t:|1701006803\n|move|p1a: Arceus|Foul Play|p2a: Giratina\n|-damage|p2a: Giratina|44\/100 slp\n|cant|p2a: Giratina|slp\n|\n|-heal|p2a: Giratina|50\/100 slp|[from] item: Leftovers\n|upkeep\n|turn|32\n|\n|t:|1701006811\n|move|p1a: Arceus|Foul Play|p2a: Giratina\n|-damage|p2a: Giratina|34\/100 slp\n|-curestatus|p2a: Giratina|slp|[msg]\n|move|p2a: Giratina|Dragon Tail|p1a: Arceus\n|-damage|p1a: Arceus|74\/100 par\n|drag|p1a: Ho-Oh|Ho-Oh|100\/100 tox\n|\n|-heal|p2a: Giratina|40\/100|[from] item: Leftovers\n|-damage|p1a: Ho-Oh|94\/100 tox|[from] psn\n|upkeep\n|turn|33\n|\n|t:|1701006818\n|move|p2a: Giratina|Rest|p2a: Giratina\n|-status|p2a: Giratina|slp|[from] move: Rest\n|-heal|p2a: Giratina|100\/100 slp|[silent]\n|move|p1a: Ho-Oh|Sacred Fire|p2a: Giratina\n|-supereffective|p2a: Giratina\n|-damage|p2a: Giratina|58\/100 slp\n|\n|-heal|p2a: Giratina|65\/100 slp|[from] item: Leftovers\n|-damage|p1a: Ho-Oh|82\/100 tox|[from] psn\n|upkeep\n|turn|34\n|\n|t:|1701006827\n|cant|p2a: Giratina|slp\n|move|p1a: Ho-Oh|Brave Bird|p2a: Giratina\n|-resisted|p2a: Giratina\n|-damage|p2a: Giratina|51\/100 slp\n|-damage|p1a: Ho-Oh|77\/100 tox|[from] Recoil\n|\n|-heal|p2a: Giratina|57\/100 slp|[from] item: Leftovers\n|-damage|p1a: Ho-Oh|59\/100 tox|[from] psn\n|upkeep\n|turn|35\n|\n|t:|1701006838\n|move|p1a: Ho-Oh|Brave Bird|p2a: Giratina\n|-resisted|p2a: Giratina\n|-damage|p2a: Giratina|44\/100 slp\n|-damage|p1a: Ho-Oh|54\/100 tox|[from] Recoil\n|cant|p2a: Giratina|slp\n|\n|-heal|p2a: Giratina|51\/100 slp|[from] item: Leftovers\n|-damage|p1a: Ho-Oh|30\/100 tox|[from] psn\n|upkeep\n|turn|36\n|\n|t:|1701006850\n|switch|p2a: Necrozma|Necrozma-Dusk-Mane|100\/100\n|-damage|p2a: Necrozma|95\/100|[from] Stealth Rock\n|move|p1a: Ho-Oh|Brave Bird|p2a: Necrozma\n|-resisted|p2a: Necrozma\n|-damage|p2a: Necrozma|73\/100\n|-damage|p1a: Ho-Oh|24\/100 tox|[from] Recoil\n|\n|-damage|p1a: Ho-Oh|0 fnt|[from] psn\n|faint|p1a: Ho-Oh\n|upkeep\n|\n|t:|1701006856\n|switch|p1a: Groudon|Groudon-Primal|94\/100 tox\n|-weather|DesolateLand|[from] ability: Desolate Land|[of] p1a: Groudon\n|turn|37\n|\n|t:|1701006864\n|switch|p2a: Giratina|Giratina, tera:Steel|51\/100 slp\n|-damage|p2a: Giratina|44\/100 slp|[from] Stealth Rock\n|-ability|p2a: Giratina|Pressure\n|move|p1a: Groudon|Precipice Blades|p2a: Giratina\n|-supereffective|p2a: Giratina\n|-damage|p2a: Giratina|0 fnt\n|faint|p2a: Giratina\n|\n|-weather|DesolateLand|[upkeep]\n|-damage|p1a: Groudon|88\/100 tox|[from] psn\n|upkeep\n|\n|t:|1701006868\n|switch|p2a: Arceus|Arceus-Flying|100\/100\n|-damage|p2a: Arceus|75\/100|[from] Stealth Rock\n|turn|38\n|\n|t:|1701006875\n|move|p2a: Arceus|Defog|p1a: Groudon\n|-unboost|p1a: Groudon|evasion|1\n|-sideend|p2: xzc2423762877|Stealth Rock|[from] move: Defog|[of] p2a: Arceus\n|move|p1a: Groudon|Toxic|p2a: Arceus\n|-status|p2a: Arceus|tox\n|\n|-weather|DesolateLand|[upkeep]\n|-damage|p2a: Arceus|69\/100 tox|[from] psn\n|-damage|p1a: Groudon|76\/100 tox|[from] psn\n|upkeep\n|turn|39\n|\n|t:|1701006883\n|move|p2a: Arceus|Judgment|p1a: Groudon\n|-damage|p1a: Groudon|35\/100 tox\n|move|p1a: Groudon|Heat Crash|p2a: Arceus\n|-damage|p2a: Arceus|25\/100 tox\n|\n|-weather|DesolateLand|[upkeep]\n|-damage|p2a: Arceus|13\/100 tox|[from] psn\n|-damage|p1a: Groudon|16\/100 tox|[from] psn\n|upkeep\n|turn|40\n|\n|t:|1701006899\n|move|p2a: Arceus|Judgment|p1a: Groudon\n|-damage|p1a: Groudon|0 fnt\n|faint|p1a: Groudon\n|-weather|none\n|\n|-damage|p2a: Arceus|0 fnt|[from] psn\n|faint|p2a: Arceus\n|upkeep\n|\n|t:|1701006912\n|switch|p2a: Genesect|Genesect|100\/100\n|switch|p1a: Mewtwo|Mewtwo|100\/100\n|-ability|p2a: Genesect|Download|boost\n|-boost|p2a: Genesect|spa|1\n|-ability|p1a: Mewtwo|Pressure\n|turn|41\n|\n|t:|1701006927\n|move|p2a: Genesect|Fell Stinger|p1a: Mewtwo\n|-supereffective|p1a: Mewtwo\n|-damage|p1a: Mewtwo|50\/100\n|move|p1a: Mewtwo|Low Kick|p2a: Genesect\n|-damage|p2a: Genesect|67\/100\n|\n|upkeep\n|turn|42\n|\n|t:|1701006933\n|move|p2a: Genesect|Fell Stinger|p1a: Mewtwo\n|-supereffective|p1a: Mewtwo\n|-damage|p1a: Mewtwo|0 fnt\n|faint|p1a: Mewtwo\n|-boost|p2a: Genesect|atk|3\n|\n|upkeep\n|\n|t:|1701006941\n|switch|p1a: Arceus|Arceus-Dark|74\/100 par\n|turn|43\n|\n|t:|1701006946\n|move|p2a: Genesect|Fell Stinger|p1a: Arceus\n|-supereffective|p1a: Arceus\n|-crit|p1a: Arceus\n|-damage|p1a: Arceus|0 fnt\n|faint|p1a: Arceus\n|-boost|p2a: Genesect|atk|3\n|\n|upkeep\n|\n|t:|1701006951\n|switch|p1a: Necrozma|Necrozma-Ultra|66\/100\n|turn|44\n|\n|t:|1701006955\n|move|p2a: Genesect|Fell Stinger|p1a: Necrozma\n|-supereffective|p1a: Necrozma\n|-damage|p1a: Necrozma|0 fnt\n|faint|p1a: Necrozma\n|-boost|p2a: Genesect|atk|0\n|\n|upkeep\n|\n|t:|1701006958\n|switch|p1a: Kyogre|Kyogre-Primal|12\/100\n|-weather|PrimordialSea|[from] ability: Primordial Sea|[of] p1a: Kyogre\n|turn|45\n|\n|t:|1701006967\n|move|p2a: Genesect|Fell Stinger|p1a: Kyogre\n|-damage|p1a: Kyogre|0 fnt\n|faint|p1a: Kyogre\n|-weather|none\n|\n|win|xzc2423762877\n","uploadtime":1701006972,"views":8,"p1id":"xuzichen","p2id":"xzc2423762877","formatid":"gen9nationaldexubers","rating":0,"private":0,"password":""}