{"id":"gen9nationaldexubers-1982120814","p1":"BioniclePHD","p2":"raynee22","format":"[Gen 9] National Dex Ubers","log":"|j|\u2606BioniclePHD\n|j|\u2606raynee22\n|t:|1698969969\n|gametype|singles\n|player|p1|BioniclePHD|skier|\n|player|p2|raynee22|265|\n|teamsize|p1|6\n|teamsize|p2|6\n|gen|9\n|tier|[Gen 9] National Dex Ubers\n|rule|HP Percentage Mod: HP is shown in percentages\n|rule|Endless Battle Clause: Forcing endless battles is banned\n|rule|OHKO Clause: OHKO moves are banned\n|rule|Evasion Moves Clause: Evasion moves are banned\n|rule|Evasion Items Clause: Evasion items are banned\n|rule|Species Clause: Limit one of each Pok\u00e9mon\n|rule|Sleep Clause Mod: Limit one foe put to sleep\n|rule|Mega Rayquaza Clause: You cannot mega evolve Rayquaza\n|clearpoke\n|poke|p1|Camerupt, F|\n|poke|p1|Indeedee, M|\n|poke|p1|Dragapult, M|\n|poke|p1|Samurott-Hisui, M|\n|poke|p1|Slowking-Galar, F|\n|poke|p1|Krookodile, F|\n|poke|p2|Empoleon, M|\n|poke|p2|Scizor, M|\n|poke|p2|Greninja-*, F|\n|poke|p2|Lilligant-Hisui, F|\n|poke|p2|Nidoking, M|\n|poke|p2|Pawmot, F|\n|teampreview\n|j| dunsparcedingo\n|j| vuvu42\n|c|\u2606BioniclePHD|glhf!\n|\n|t:|1698970034\n|start\n|switch|p1a: Samurott|Samurott-Hisui, M|100\/100\n|switch|p2a: Cold Birb|Empoleon, M|100\/100\n|turn|1\n|\n|t:|1698970049\n|move|p1a: Samurott|Taunt|p2a: Cold Birb\n|-start|p2a: Cold Birb|move: Taunt\n|cant|p2a: Cold Birb|move: Taunt|Yawn\n|\n|upkeep\n|turn|2\n|\n|t:|1698970059\n|move|p1a: Samurott|Ceaseless Edge|p2a: Cold Birb\n|-damage|p2a: Cold Birb|52\/100\n|-sidestart|p2: raynee22|Spikes\n|move|p2a: Cold Birb|Hidden Power|p1a: Samurott\n|-resisted|p1a: Samurott\n|-damage|p1a: Samurott|91\/100\n|\n|-heal|p2a: Cold Birb|58\/100|[from] item: Leftovers\n|upkeep\n|turn|3\n|\n|t:|1698970095\n|switch|p2a: Dancing Flower|Lilligant-Hisui, F|100\/100\n|-damage|p2a: Dancing Flower|88\/100|[from] Spikes\n|move|p1a: Samurott|Ceaseless Edge|p2a: Dancing Flower\n|-resisted|p2a: Dancing Flower\n|-damage|p2a: Dancing Flower|51\/100\n|-sidestart|p2: raynee22|Spikes\n|\n|upkeep\n|turn|4\n|j| TheRicoSuave\n|\n|t:|1698970117\n|move|p2a: Dancing Flower|Leaf Blade|p1a: Samurott\n|-supereffective|p1a: Samurott\n|-damage|p1a: Samurott|0 fnt\n|faint|p1a: Samurott\n|\n|upkeep\n|c| dunsparcedingo|me when theres clumps at the function\n|c| TheRicoSuave|clumpppppppppppppppppppp\n|\n|t:|1698970148\n|switch|p1a: Dragapult|Dragapult, M|100\/100\n|turn|5\n|c| TheRicoSuave|clump clump clump\n|j| jhkehbajkgfrb\n|\n|t:|1698970173\n|move|p1a: Dragapult|Phantom Force||[still]\n|-prepare|p1a: Dragapult|Phantom Force\n|move|p2a: Dancing Flower|Ice Spinner|p1a: Dragapult|[miss]\n|-miss|p2a: Dancing Flower|p1a: Dragapult\n|\n|upkeep\n|turn|6\n|\n|t:|1698970200\n|switch|p2a: BasicallyArmadillo|Nidoking, M|100\/100\n|-damage|p2a: BasicallyArmadillo|84\/100|[from] Spikes\n|move|p1a: Dragapult|Phantom Force|p2a: BasicallyArmadillo|[from]lockedmove\n|-damage|p2a: BasicallyArmadillo|20\/100\n|\n|upkeep\n|turn|7\n|\n|t:|1698970232\n|move|p1a: Dragapult|Dragon Darts|p2a: BasicallyArmadillo\n|-damage|p2a: BasicallyArmadillo|0 fnt\n|faint|p2a: BasicallyArmadillo\n|\n|upkeep\n|\n|t:|1698970248\n|switch|p2a: Cold Birb|Empoleon, M|58\/100\n|-damage|p2a: Cold Birb|42\/100|[from] Spikes\n|turn|8\n|\n|t:|1698970305\n|move|p1a: Dragapult|U-turn|p2a: Cold Birb\n|-resisted|p2a: Cold Birb\n|-damage|p2a: Cold Birb|30\/100\n|\n|t:|1698970309\n|switch|p1a: Indeedee|Indeedee, M|100\/100|[from] U-turn\n|-fieldstart|move: Psychic Terrain|[from] ability: Psychic Surge|[of] p1a: Indeedee\n|move|p2a: Cold Birb|Stealth Rock|p1a: Indeedee\n|-sidestart|p1: BioniclePHD|move: Stealth Rock\n|\n|-heal|p2a: Cold Birb|36\/100|[from] item: Leftovers\n|upkeep\n|turn|9\n|\n|t:|1698970343\n|move|p1a: Indeedee|Expanding Force|p2a: Cold Birb\n|-resisted|p2a: Cold Birb\n|-damage|p2a: Cold Birb|9\/100\n|move|p2a: Cold Birb|Yawn|p1a: Indeedee\n|-start|p1a: Indeedee|move: Yawn|[of] p2a: Cold Birb\n|\n|-heal|p2a: Cold Birb|15\/100|[from] item: Leftovers\n|upkeep\n|turn|10\n|\n|t:|1698970358\n|move|p1a: Indeedee|Expanding Force|p2a: Cold Birb\n|-resisted|p2a: Cold Birb\n|-damage|p2a: Cold Birb|0 fnt\n|faint|p2a: Cold Birb\n|\n|-end|p1a: Indeedee|move: Yawn|[silent]\n|-status|p1a: Indeedee|slp\n|upkeep\n|\n|t:|1698970380\n|switch|p2a: Ninja Frog|Greninja, F|100\/100\n|-damage|p2a: Ninja Frog|84\/100|[from] Spikes\n|turn|11\n|\n|t:|1698970401\n|switch|p1a: Krookodile|Krookodile, F|100\/100\n|-damage|p1a: Krookodile|94\/100|[from] Stealth Rock\n|-ability|p1a: Krookodile|Intimidate|boost\n|-unboost|p2a: Ninja Frog|atk|1\n|move|p2a: Ninja Frog|Night Slash|p1a: Krookodile\n|-resisted|p1a: Krookodile\n|-damage|p1a: Krookodile|84\/100\n|-enditem|p1a: Krookodile|Eject Button\n|-damage|p2a: Ninja Frog|74\/100|[from] item: Life Orb\n|\n|t:|1698970423\n|switch|p1a: Dragapult|Dragapult, M|100\/100\n|-damage|p1a: Dragapult|88\/100|[from] Stealth Rock\n|\n|upkeep\n|turn|12\n|\n|t:|1698970465\n|move|p1a: Dragapult|U-turn|p2a: Ninja Frog\n|-supereffective|p2a: Ninja Frog\n|-damage|p2a: Ninja Frog|0 fnt\n|faint|p2a: Ninja Frog\n|\n|t:|1698970481\n|switch|p1a: Slowking|Slowking-Galar, F|100\/100|[from] U-turn\n|-damage|p1a: Slowking|88\/100|[from] Stealth Rock\n|\n|upkeep\n|\n|t:|1698970493\n|switch|p2a: Dancing Flower|Lilligant-Hisui, F|51\/100\n|-damage|p2a: Dancing Flower|35\/100|[from] Spikes\n|turn|13\n|\n|t:|1698970522\n|move|p2a: Dancing Flower|Close Combat|p1a: Slowking\n|-resisted|p1a: Slowking\n|-damage|p1a: Slowking|77\/100\n|-unboost|p2a: Dancing Flower|def|1\n|-unboost|p2a: Dancing Flower|spd|1\n|move|p1a: Slowking|Trick Room|p1a: Slowking\n|-fieldstart|move: Trick Room|[of] p1a: Slowking\n|\n|upkeep\n|turn|14\n|\n|t:|1698970554\n|move|p1a: Slowking|Flamethrower|p2a: Dancing Flower\n|-supereffective|p2a: Dancing Flower\n|-damage|p2a: Dancing Flower|0 fnt\n|faint|p2a: Dancing Flower\n|\n|upkeep\n|\n|t:|1698970560\n|switch|p2a: Metal Bug|Scizor, M|100\/100\n|-damage|p2a: Metal Bug|84\/100|[from] Spikes\n|turn|15\n|\n|t:|1698970577\n|detailschange|p2a: Metal Bug|Scizor-Mega, M\n|-mega|p2a: Metal Bug|Scizor|Scizorite\n|move|p2a: Metal Bug|Bullet Punch|p1a: Slowking\n|-activate|p1a: Slowking|move: Psychic Terrain\n|move|p1a: Slowking|Flamethrower|p2a: Metal Bug\n|-supereffective|p2a: Metal Bug\n|-damage|p2a: Metal Bug|0 fnt\n|faint|p2a: Metal Bug\n|\n|-fieldend|move: Psychic Terrain\n|upkeep\n|\n|t:|1698970593\n|switch|p2a: Standing Mouse|Pawmot, F|100\/100\n|-damage|p2a: Standing Mouse|84\/100|[from] Spikes\n|turn|16\n|\n|t:|1698970608\n|move|p1a: Slowking|Sludge Bomb|p2a: Standing Mouse\n|-damage|p2a: Standing Mouse|19\/100\n|move|p2a: Standing Mouse|Revival Blessing|p2a: Standing Mouse\n|\n|t:|1698970630\n|-heal|p2: Dancing Flower|50\/100|[from] move: Revival Blessing\n|\n|upkeep\n|turn|17\n|\n|t:|1698970649\n|move|p1a: Slowking|Sludge Bomb|p2a: Standing Mouse\n|-damage|p2a: Standing Mouse|0 fnt\n|faint|p2a: Standing Mouse\n|\n|-fieldend|move: Trick Room\n|upkeep\n|\n|t:|1698970654\n|switch|p2a: Dancing Flower|Lilligant-Hisui, F|50\/100\n|-damage|p2a: Dancing Flower|34\/100|[from] Spikes\n|turn|18\n|c|\u2606raynee22|gg\n|\n|t:|1698970668\n|move|p2a: Dancing Flower|Ice Spinner|p1a: Slowking\n|-damage|p1a: Slowking|59\/100\n|move|p1a: Slowking|Sludge Bomb|p2a: Dancing Flower\n|-supereffective|p2a: Dancing Flower\n|-damage|p2a: Dancing Flower|0 fnt\n|faint|p2a: Dancing Flower\n|\n|win|BioniclePHD\n|c|\u2606BioniclePHD|gg!\n|l|\u2606raynee22\n|l| TheRicoSuave\n","uploadtime":1698970688,"views":14,"p1id":"bioniclephd","p2id":"raynee22","formatid":"gen9nationaldexubers","rating":0,"private":0,"password":""}