{"id":"gen9nationaldexubers-1998607096","p1":"LBSD","p2":"JoeyBiden3","format":"[Gen 9] National Dex Ubers","log":"|j|\u203dLBSD\n|j|\u2606JoeyBiden3\n|t:|1700962242\n|gametype|singles\n|player|p1|LBSD|cynthia-gen4|1494\n|player|p2|JoeyBiden3|carmine-festival|1472\n|teamsize|p1|6\n|teamsize|p2|6\n|gen|9\n|tier|[Gen 9] National Dex Ubers\n|rated|\n|rule|HP Percentage Mod: HP is shown in percentages\n|rule|Endless Battle Clause: Forcing endless battles is banned\n|rule|OHKO Clause: OHKO moves are banned\n|rule|Evasion Moves Clause: Evasion moves are banned\n|rule|Evasion Items Clause: Evasion items are banned\n|rule|Species Clause: Limit one of each Pok\u00e9mon\n|rule|Sleep Clause Mod: Limit one foe put to sleep\n|rule|Mega Rayquaza Clause: You cannot mega evolve Rayquaza\n|clearpoke\n|poke|p1|Zacian-*|\n|poke|p1|Yveltal|\n|poke|p1|Groudon|\n|poke|p1|Kyogre|\n|poke|p1|Banette, F|\n|poke|p1|Reuniclus, F|\n|poke|p2|Shuckle, M|\n|poke|p2|Gholdengo|\n|poke|p2|Mewtwo|\n|poke|p2|Xerneas-*|\n|poke|p2|Shaymin-Sky|\n|poke|p2|Groudon|\n|teampreview\n|inactive|Battle timer is ON: inactive players will automatically lose when time's up. (requested by LBSD)\n|inactive|JoeyBiden3 also wants the timer to be on.\n|\n|t:|1700962249\n|start\n|switch|p1a: Yveltal|Yveltal|100\/100\n|switch|p2a: Shuckle|Shuckle, M|100\/100\n|-ability|p1a: Yveltal|Dark Aura\n|turn|1\n|\n|t:|1700962260\n|move|p1a: Yveltal|Taunt|p2a: Shuckle\n|-start|p2a: Shuckle|move: Taunt\n|-enditem|p2a: Shuckle|Mental Herb\n|-end|p2a: Shuckle|move: Taunt\n|move|p2a: Shuckle|Sticky Web|p1a: Yveltal\n|-sidestart|p1: LBSD|move: Sticky Web\n|\n|upkeep\n|turn|2\n|\n|t:|1700962272\n|switch|p2a: Gholdengo|Gholdengo|100\/100\n|move|p1a: Yveltal|Defog|p2a: Gholdengo\n|-immune|p2a: Gholdengo|[from] ability: Good as Gold\n|\n|upkeep\n|turn|3\n|\n|t:|1700962279\n|-terastallize|p2a: Gholdengo|Water\n|move|p2a: Gholdengo|Nasty Plot|p2a: Gholdengo\n|-boost|p2a: Gholdengo|spa|2\n|move|p1a: Yveltal|Foul Play|p2a: Gholdengo\n|-damage|p2a: Gholdengo|80\/100\n|\n|-heal|p2a: Gholdengo|86\/100|[from] item: Leftovers\n|upkeep\n|turn|4\n|\n|t:|1700962290\n|switch|p1a: Kyogre|Kyogre|100\/100\n|-activate|p1a: Kyogre|move: Sticky Web\n|-unboost|p1a: Kyogre|spe|1\n|detailschange|p1a: Kyogre|Kyogre-Primal\n|-primal|p1a: Kyogre|Blue Orb\n|-weather|PrimordialSea|[from] ability: Primordial Sea|[of] p1a: Kyogre\n|move|p2a: Gholdengo|Nasty Plot|p2a: Gholdengo\n|-boost|p2a: Gholdengo|spa|2\n|\n|-weather|PrimordialSea|[upkeep]\n|-heal|p2a: Gholdengo|92\/100|[from] item: Leftovers\n|upkeep\n|turn|5\n|j| Aasndn\n|\n|t:|1700962303\n|move|p2a: Gholdengo|Shadow Ball|p1a: Kyogre\n|-damage|p1a: Kyogre|29\/100\n|move|p1a: Kyogre|Thunder|p2a: Gholdengo\n|-supereffective|p2a: Gholdengo\n|-damage|p2a: Gholdengo|0 fnt\n|faint|p2a: Gholdengo\n|\n|-weather|PrimordialSea|[upkeep]\n|upkeep\n|\n|t:|1700962312\n|switch|p2a: Groudon|Groudon|100\/100\n|detailschange|p2a: Groudon|Groudon-Primal\n|-primal|p2a: Groudon|Red Orb\n|-weather|DesolateLand|[from] ability: Desolate Land|[of] p2a: Groudon\n|turn|6\n|\n|t:|1700962326\n|move|p2a: Groudon|Swords Dance|p2a: Groudon\n|-boost|p2a: Groudon|atk|2\n|move|p1a: Kyogre|Ice Beam|p2a: Groudon\n|-damage|p2a: Groudon|52\/100\n|\n|-weather|DesolateLand|[upkeep]\n|upkeep\n|turn|7\n|\n|t:|1700962333\n|move|p2a: Groudon|Precipice Blades|p1a: Kyogre\n|-damage|p1a: Kyogre|0 fnt\n|faint|p1a: Kyogre\n|\n|-weather|DesolateLand|[upkeep]\n|upkeep\n|\n|t:|1700962339\n|switch|p1a: Yveltal|Yveltal|100\/100\n|-ability|p1a: Yveltal|Dark Aura\n|turn|8\n|\n|t:|1700962346\n|move|p2a: Groudon|Stone Edge|p1a: Yveltal\n|-supereffective|p1a: Yveltal\n|-damage|p1a: Yveltal|3\/100\n|move|p1a: Yveltal|Foul Play|p2a: Groudon\n|-damage|p2a: Groudon|0 fnt\n|faint|p2a: Groudon\n|-weather|none\n|\n|upkeep\n|\n|t:|1700962353\n|switch|p2a: Mewtwo|Mewtwo|100\/100\n|-ability|p2a: Mewtwo|Pressure\n|turn|9\n|\n|t:|1700962361\n|detailschange|p2a: Mewtwo|Mewtwo-Mega-Y\n|-mega|p2a: Mewtwo|Mewtwo|Mewtwonite Y\n|move|p2a: Mewtwo|Ice Beam|p1a: Yveltal\n|-supereffective|p1a: Yveltal\n|-damage|p1a: Yveltal|0 fnt\n|faint|p1a: Yveltal\n|\n|upkeep\n|\n|t:|1700962373\n|switch|p1a: Zacian|Zacian-Crowned|100\/100\n|-activate|p1a: Zacian|move: Sticky Web\n|-unboost|p1a: Zacian|spe|1\n|-ability|p1a: Zacian|Intrepid Sword|boost\n|-boost|p1a: Zacian|atk|1\n|turn|10\n|\n|t:|1700962381\n|move|p2a: Mewtwo|Thunderbolt|p1a: Zacian\n|-damage|p1a: Zacian|60\/100\n|move|p1a: Zacian|Behemoth Blade|p2a: Mewtwo\n|-damage|p2a: Mewtwo|0 fnt\n|faint|p2a: Mewtwo\n|\n|upkeep\n|\n|t:|1700962389\n|switch|p2a: Xerneas|Xerneas|100\/100\n|-ability|p2a: Xerneas|Fairy Aura\n|turn|11\n|\n|t:|1700962397\n|switch|p2a: Shuckle|Shuckle, M|100\/100\n|move|p1a: Zacian|Behemoth Blade|p2a: Shuckle\n|-supereffective|p2a: Shuckle\n|-ability|p2a: Shuckle|Sturdy\n|-damage|p2a: Shuckle|1\/100\n|\n|upkeep\n|turn|12\n|\n|t:|1700962405\n|move|p1a: Zacian|Behemoth Blade|p2a: Shuckle\n|-supereffective|p2a: Shuckle\n|-damage|p2a: Shuckle|0 fnt\n|faint|p2a: Shuckle\n|\n|upkeep\n|\n|t:|1700962410\n|switch|p2a: Shaymin|Shaymin-Sky|100\/100\n|turn|13\n|\n|t:|1700962415\n|move|p2a: Shaymin|Earth Power|p1a: Zacian\n|-supereffective|p1a: Zacian\n|-damage|p1a: Zacian|0 fnt\n|faint|p1a: Zacian\n|\n|upkeep\n|\n|t:|1700962425\n|switch|p1a: Groudon|Groudon|100\/100\n|-activate|p1a: Groudon|move: Sticky Web\n|-unboost|p1a: Groudon|spe|1\n|detailschange|p1a: Groudon|Groudon-Primal\n|-primal|p1a: Groudon|Red Orb\n|-weather|DesolateLand|[from] ability: Desolate Land|[of] p1a: Groudon\n|turn|14\n|\n|t:|1700962433\n|move|p2a: Shaymin|Earth Power|p1a: Groudon\n|-supereffective|p1a: Groudon\n|-damage|p1a: Groudon|8\/100\n|-unboost|p1a: Groudon|spd|1\n|move|p1a: Groudon|Fire Punch|p2a: Shaymin\n|-supereffective|p2a: Shaymin\n|-damage|p2a: Shaymin|0 fnt\n|faint|p2a: Shaymin\n|\n|-weather|DesolateLand|[upkeep]\n|upkeep\n|\n|t:|1700962442\n|switch|p2a: Xerneas|Xerneas|100\/100\n|-ability|p2a: Xerneas|Fairy Aura\n|turn|15\n|\n|t:|1700962452\n|-weather|none\n|switch|p1a: Banette|Banette, F|100\/100\n|-activate|p1a: Banette|move: Sticky Web\n|-unboost|p1a: Banette|spe|1\n|move|p2a: Xerneas|Geomancy||[still]\n|-prepare|p2a: Xerneas|Geomancy\n|-enditem|p2a: Xerneas|Power Herb\n|-anim|p2a: Xerneas|Geomancy|p2a: Xerneas\n|-boost|p2a: Xerneas|spa|2\n|-boost|p2a: Xerneas|spd|2\n|-boost|p2a: Xerneas|spe|2\n|\n|upkeep\n|turn|16\n|\n|t:|1700962468\n|detailschange|p1a: Banette|Banette-Mega, F\n|-mega|p1a: Banette|Banette|Banettite\n|move|p1a: Banette|Destiny Bond|p1a: Banette\n|-singlemove|p1a: Banette|Destiny Bond\n|move|p2a: Xerneas|Hidden Power|p1a: Banette\n|-damage|p1a: Banette|40\/100\n|\n|upkeep\n|turn|17\n|\n|t:|1700962484\n|switch|p1a: Groudon|Groudon-Primal|8\/100\n|-activate|p1a: Groudon|move: Sticky Web\n|-unboost|p1a: Groudon|spe|1\n|-weather|DesolateLand|[from] ability: Desolate Land|[of] p1a: Groudon\n|move|p2a: Xerneas|Moonblast|p1a: Groudon\n|-resisted|p1a: Groudon\n|-damage|p1a: Groudon|0 fnt\n|faint|p1a: Groudon\n|-weather|none\n|\n|upkeep\n|\n|t:|1700962495\n|switch|p1a: Banette|Banette-Mega, F|40\/100\n|-activate|p1a: Banette|move: Sticky Web\n|-unboost|p1a: Banette|spe|1\n|turn|18\n|\n|t:|1700962500\n|move|p1a: Banette|Destiny Bond|p1a: Banette\n|-singlemove|p1a: Banette|Destiny Bond\n|move|p2a: Xerneas|Geomancy||[still]\n|-prepare|p2a: Xerneas|Geomancy\n|\n|upkeep\n|turn|19\n|j| agwuv\n|\n|t:|1700962506\n|move|p1a: Banette|Encore|p2a: Xerneas\n|-start|p2a: Xerneas|Encore\n|move|p2a: Xerneas|Geomancy|p2a: Xerneas|[from]lockedmove\n|-boost|p2a: Xerneas|spa|2\n|-boost|p2a: Xerneas|spd|2\n|-boost|p2a: Xerneas|spe|2\n|\n|upkeep\n|turn|20\n|\n|t:|1700962513\n|move|p2a: Xerneas|Geomancy||[still]\n|-prepare|p2a: Xerneas|Geomancy\n|move|p1a: Banette|Poltergeist||[still]\n|-fail|p1a: Banette\n|\n|upkeep\n|turn|21\n|l| agwuv\n|\n|t:|1700962535\n|move|p2a: Xerneas|Geomancy|p2a: Xerneas|[from]lockedmove\n|-boost|p2a: Xerneas|spa|2\n|-boost|p2a: Xerneas|spd|2\n|-boost|p2a: Xerneas|spe|2\n|move|p1a: Banette|Trick Room|p1a: Banette\n|-fieldstart|move: Trick Room|[of] p1a: Banette\n|\n|-end|p2a: Xerneas|Encore\n|upkeep\n|turn|22\n|\n|t:|1700962544\n|move|p1a: Banette|Encore|p2a: Xerneas\n|-start|p2a: Xerneas|Encore\n|move|p2a: Xerneas|Geomancy||[still]\n|-prepare|p2a: Xerneas|Geomancy\n|\n|upkeep\n|turn|23\n|\n|t:|1700962550\n|switch|p1a: Reuniclus|Reuniclus, F|100\/100\n|-activate|p1a: Reuniclus|move: Sticky Web\n|-unboost|p1a: Reuniclus|spe|1\n|move|p2a: Xerneas|Geomancy|p2a: Xerneas|[from]lockedmove\n|-boost|p2a: Xerneas|spa|0\n|-boost|p2a: Xerneas|spd|0\n|-boost|p2a: Xerneas|spe|0\n|\n|upkeep\n|turn|24\n|\n|t:|1700962559\n|move|p1a: Reuniclus|Calm Mind|p1a: Reuniclus\n|-boost|p1a: Reuniclus|spa|1\n|-boost|p1a: Reuniclus|spd|1\n|move|p2a: Xerneas|Geomancy||[still]\n|-prepare|p2a: Xerneas|Geomancy\n|\n|-end|p2a: Xerneas|Encore\n|upkeep\n|turn|25\n|\n|t:|1700962571\n|move|p1a: Reuniclus|Calm Mind|p1a: Reuniclus\n|-boost|p1a: Reuniclus|spa|1\n|-boost|p1a: Reuniclus|spd|1\n|move|p2a: Xerneas|Geomancy|p2a: Xerneas|[from]lockedmove\n|-boost|p2a: Xerneas|spa|0\n|-boost|p2a: Xerneas|spd|0\n|-boost|p2a: Xerneas|spe|0\n|\n|-fieldend|move: Trick Room\n|upkeep\n|turn|26\n|\n|t:|1700962580\n|move|p2a: Xerneas|Moonblast|p1a: Reuniclus\n|-damage|p1a: Reuniclus|0 fnt\n|faint|p1a: Reuniclus\n|\n|upkeep\n|\n|t:|1700962585\n|switch|p1a: Banette|Banette-Mega, F|40\/100\n|-activate|p1a: Banette|move: Sticky Web\n|-unboost|p1a: Banette|spe|1\n|turn|27\n|\n|t:|1700962592\n|move|p1a: Banette|Destiny Bond|p1a: Banette\n|-singlemove|p1a: Banette|Destiny Bond\n|move|p2a: Xerneas|Geomancy||[still]\n|-prepare|p2a: Xerneas|Geomancy\n|\n|upkeep\n|turn|28\n|\n|t:|1700962598\n|move|p1a: Banette|Encore|p2a: Xerneas\n|-start|p2a: Xerneas|Encore\n|move|p2a: Xerneas|Geomancy|p2a: Xerneas|[from]lockedmove\n|-boost|p2a: Xerneas|spa|0\n|-boost|p2a: Xerneas|spd|0\n|-boost|p2a: Xerneas|spe|0\n|\n|upkeep\n|turn|29\n|\n|t:|1700962605\n|move|p2a: Xerneas|Geomancy||[still]\n|-prepare|p2a: Xerneas|Geomancy\n|move|p1a: Banette|Trick Room|p1a: Banette\n|-fieldstart|move: Trick Room|[of] p1a: Banette\n|\n|upkeep\n|turn|30\n|\n|t:|1700962617\n|move|p2a: Xerneas|Geomancy|p2a: Xerneas|[from]lockedmove\n|-boost|p2a: Xerneas|spa|0\n|-boost|p2a: Xerneas|spd|0\n|-boost|p2a: Xerneas|spe|0\n|move|p1a: Banette|Trick Room|p1a: Banette\n|-fieldend|move: Trick Room\n|\n|-end|p2a: Xerneas|Encore\n|upkeep\n|turn|31\n|\n|t:|1700962626\n|move|p1a: Banette|Encore|p2a: Xerneas\n|-start|p2a: Xerneas|Encore\n|move|p2a: Xerneas|Geomancy||[still]\n|-prepare|p2a: Xerneas|Geomancy\n|\n|upkeep\n|turn|32\n|\n|t:|1700962632\n|move|p2a: Xerneas|Geomancy|p2a: Xerneas|[from]lockedmove\n|-boost|p2a: Xerneas|spa|0\n|-boost|p2a: Xerneas|spd|0\n|-boost|p2a: Xerneas|spe|0\n|move|p1a: Banette|Trick Room|p1a: Banette\n|-fieldstart|move: Trick Room|[of] p1a: Banette\n|\n|upkeep\n|turn|33\n|\n|t:|1700962640\n|move|p2a: Xerneas|Geomancy||[still]\n|-prepare|p2a: Xerneas|Geomancy\n|move|p1a: Banette|Trick Room|p1a: Banette\n|-fieldend|move: Trick Room\n|\n|-end|p2a: Xerneas|Encore\n|upkeep\n|turn|34\n|\n|t:|1700962648\n|move|p1a: Banette|Encore|p2a: Xerneas\n|-start|p2a: Xerneas|Encore\n|move|p2a: Xerneas|Geomancy|p2a: Xerneas|[from]lockedmove\n|-boost|p2a: Xerneas|spa|0\n|-boost|p2a: Xerneas|spd|0\n|-boost|p2a: Xerneas|spe|0\n|\n|upkeep\n|turn|35\n|\n|t:|1700962655\n|move|p2a: Xerneas|Geomancy||[still]\n|-prepare|p2a: Xerneas|Geomancy\n|move|p1a: Banette|Trick Room|p1a: Banette\n|-fieldstart|move: Trick Room|[of] p1a: Banette\n|\n|upkeep\n|turn|36\n|\n|t:|1700962660\n|move|p2a: Xerneas|Geomancy|p2a: Xerneas|[from]lockedmove\n|-boost|p2a: Xerneas|spa|0\n|-boost|p2a: Xerneas|spd|0\n|-boost|p2a: Xerneas|spe|0\n|move|p1a: Banette|Trick Room|p1a: Banette\n|-fieldend|move: Trick Room\n|\n|-end|p2a: Xerneas|Encore\n|upkeep\n|turn|37\n|\n|t:|1700962672\n|move|p1a: Banette|Destiny Bond|p1a: Banette\n|-singlemove|p1a: Banette|Destiny Bond\n|move|p2a: Xerneas|Moonblast|p1a: Banette\n|-damage|p1a: Banette|0 fnt\n|faint|p1a: Banette\n|-activate|p1a: Banette|move: Destiny Bond\n|faint|p2a: Xerneas\n|\n|win|JoeyBiden3\n|raw|LBSD's rating: 1494 &rarr; <strong>1473<\/strong><br \/>(-21 for losing)\n|raw|JoeyBiden3's rating: 1472 &rarr; <strong>1493<\/strong><br \/>(+21 for winning)\n|l|\u203dLBSD\n|c|\u2606JoeyBiden3|gg\n","uploadtime":1700962688,"views":48,"p1id":"lbsd","p2id":"joeybiden3","formatid":"gen9nationaldexubers","rating":1473,"private":0,"password":""}