{"id":"gen9nationaldexubers-1998663994","p1":"Smackey_5","p2":"Factor64","format":"[Gen 9] National Dex Ubers","log":"|j|\u2606Smackey_5\n|j|\u2606Factor64\n|t:|1700969411\n|gametype|singles\n|player|p1|Smackey_5|silver|\n|player|p2|Factor64|red-gen2|\n|teamsize|p1|6\n|teamsize|p2|6\n|gen|9\n|tier|[Gen 9] National Dex Ubers\n|rule|HP Percentage Mod: HP is shown in percentages\n|rule|Endless Battle Clause: Forcing endless battles is banned\n|rule|OHKO Clause: OHKO moves are banned\n|rule|Evasion Moves Clause: Evasion moves are banned\n|rule|Evasion Items Clause: Evasion items are banned\n|rule|Species Clause: Limit one of each Pok\u00e9mon\n|rule|Sleep Clause Mod: Limit one foe put to sleep\n|rule|Mega Rayquaza Clause: You cannot mega evolve Rayquaza\n|clearpoke\n|poke|p1|Kingambit, M|\n|poke|p1|Charizard, F|\n|poke|p1|Cresselia, F|\n|poke|p1|Kommo-o, M|\n|poke|p1|Umbreon, M|\n|poke|p1|Rotom-Wash|\n|poke|p2|Ogerpon-Wellspring, F|\n|poke|p2|Tyranitar, M|\n|poke|p2|Florges-White, F|\n|poke|p2|Toxapex, M|\n|poke|p2|Rotom-Heat|\n|poke|p2|Excadrill, M|\n|teampreview\n|j| Czar_agon\n|j| Lunar Sloth\n|c|\u2606Smackey_5|wanna begin?\n|c|\u2606Factor64|sure\n|inactive|Battle timer is ON: inactive players will automatically lose when time's up. (requested by Smackey_5)\n|\n|t:|1700969604\n|start\n|switch|p1a: Umbreon|Umbreon, M|100\/100\n|switch|p2a: Rotom|Rotom-Heat|100\/100\n|turn|1\n|\n|t:|1700969610\n|move|p2a: Rotom|Will-O-Wisp|p1a: Umbreon\n|-status|p1a: Umbreon|brn\n|-activate|p1a: Umbreon|ability: Synchronize\n|-immune|p2a: Rotom\n|move|p1a: Umbreon|Reflect|p1a: Umbreon\n|-sidestart|p1: Smackey_5|Reflect\n|\n|-damage|p1a: Umbreon|94\/100 brn|[from] brn\n|upkeep\n|turn|2\n|\n|t:|1700969638\n|move|p2a: Rotom|Volt Switch|p1a: Umbreon\n|-damage|p1a: Umbreon|80\/100 brn\n|\n|t:|1700969647\n|switch|p2a: Ogerpon|Ogerpon-Wellspring, F|100\/100|[from] Volt Switch\n|move|p1a: Umbreon|Heal Bell|p1a: Umbreon\n|-activate|p1a: Umbreon|move: Heal Bell\n|-curestatus|p1a: Umbreon|brn|[msg]\n|\n|upkeep\n|turn|3\n|\n|t:|1700969663\n|switch|p1a: Cresselia|Cresselia, F|100\/100\n|move|p2a: Ogerpon|Swords Dance|p2a: Ogerpon\n|-boost|p2a: Ogerpon|atk|2\n|\n|upkeep\n|turn|4\n|\n|t:|1700969684\n|move|p2a: Ogerpon|Trailblaze|p1a: Cresselia\n|-damage|p1a: Cresselia|86\/100\n|-boost|p2a: Ogerpon|spe|1\n|move|p1a: Cresselia|Calm Mind|p1a: Cresselia\n|-boost|p1a: Cresselia|spa|1\n|-boost|p1a: Cresselia|spd|1\n|\n|-heal|p1a: Cresselia|92\/100|[from] item: Leftovers\n|upkeep\n|turn|5\n|\n|t:|1700969695\n|move|p2a: Ogerpon|Encore|p1a: Cresselia\n|-start|p1a: Cresselia|Encore\n|move|p1a: Cresselia|Calm Mind|p1a: Cresselia\n|-boost|p1a: Cresselia|spa|1\n|-boost|p1a: Cresselia|spd|1\n|\n|-heal|p1a: Cresselia|98\/100|[from] item: Leftovers\n|upkeep\n|turn|6\n|\n|t:|1700969724\n|switch|p1a: Kommo-o|Kommo-o, M|100\/100\n|move|p2a: Ogerpon|Swords Dance|p2a: Ogerpon\n|-boost|p2a: Ogerpon|atk|2\n|\n|upkeep\n|turn|7\n|\n|t:|1700969730\n|-terastallize|p2a: Ogerpon|Water\n|detailschange|p2a: Ogerpon|Ogerpon-Wellspring-Tera, F, tera:Water\n|-ability|p2a: Ogerpon|Embody Aspect (Wellspring)|boost\n|-boost|p2a: Ogerpon|spd|1\n|move|p2a: Ogerpon|Ivy Cudgel|p1a: Kommo-o|[anim] Ivy Cudgel Water\n|-resisted|p1a: Kommo-o\n|-damage|p1a: Kommo-o|48\/100\n|-zpower|p1a: Kommo-o\n|move|p1a: Kommo-o|Clangorous Soulblaze|p2a: Ogerpon|[zeffect]\n|-damage|p2a: Ogerpon|49\/100\n|-boost|p1a: Kommo-o|atk|1\n|-boost|p1a: Kommo-o|def|1\n|-boost|p1a: Kommo-o|spa|1\n|-boost|p1a: Kommo-o|spd|1\n|-boost|p1a: Kommo-o|spe|1\n|\n|upkeep\n|turn|8\n|j| ZBFusion\n|inactive|Factor64 has 270 seconds left.\n|inactive|Factor64 has 240 seconds left.\n|\n|t:|1700969808\n|switch|p2a: Toxapex|Toxapex, M, shiny|100\/100\n|move|p1a: Kommo-o|Drain Punch|p2a: Toxapex\n|-resisted|p2a: Toxapex\n|-damage|p2a: Toxapex|82\/100\n|-heal|p1a: Kommo-o|58\/100|[from] drain|[of] p2a: Toxapex\n|\n|-heal|p2a: Toxapex|88\/100|[from] item: Leftovers\n|-sideend|p1: Smackey_5|Reflect\n|upkeep\n|turn|9\n|\n|t:|1700969817\n|move|p1a: Kommo-o|Earthquake|p2a: Toxapex\n|-supereffective|p2a: Toxapex\n|-damage|p2a: Toxapex|23\/100\n|move|p2a: Toxapex|Haze|p2a: Toxapex\n|-clearallboost\n|\n|-heal|p2a: Toxapex|29\/100|[from] item: Leftovers\n|upkeep\n|turn|10\n|inactive|Factor64 has 240 seconds left.\n|\n|t:|1700969847\n|switch|p2a: Rotom|Rotom-Heat|100\/100\n|move|p1a: Kommo-o|Drain Punch|p2a: Rotom\n|-damage|p2a: Rotom|65\/100\n|-heal|p1a: Kommo-o|77\/100|[from] drain|[of] p2a: Rotom\n|\n|upkeep\n|turn|11\n|\n|t:|1700969858\n|move|p2a: Rotom|Will-O-Wisp|p1a: Kommo-o\n|-status|p1a: Kommo-o|brn\n|move|p1a: Kommo-o|Drain Punch|p2a: Rotom\n|-damage|p2a: Rotom|45\/100\n|-heal|p1a: Kommo-o|87\/100 brn|[from] drain|[of] p2a: Rotom\n|\n|-damage|p1a: Kommo-o|81\/100 brn|[from] brn\n|upkeep\n|turn|12\n|\n|t:|1700969866\n|move|p2a: Rotom|Volt Switch|p1a: Kommo-o\n|-resisted|p1a: Kommo-o\n|-damage|p1a: Kommo-o|65\/100 brn\n|\n|t:|1700969868\n|switch|p2a: Florges|Florges-White, F, shiny|100\/100|[from] Volt Switch\n|move|p1a: Kommo-o|Drain Punch|p2a: Florges\n|-resisted|p2a: Florges\n|-damage|p2a: Florges|94\/100\n|-heal|p1a: Kommo-o|69\/100 brn|[from] drain|[of] p2a: Florges\n|\n|-heal|p2a: Florges|99\/100|[from] item: Leftovers\n|-damage|p1a: Kommo-o|63\/100 brn|[from] brn\n|upkeep\n|turn|13\n|inactive|Factor64 has 240 seconds left.\n|\n|t:|1700969890\n|switch|p1a: Charizard|Charizard, F|100\/100\n|move|p2a: Florges|Moonblast|p1a: Charizard\n|-resisted|p1a: Charizard\n|-damage|p1a: Charizard|81\/100\n|\n|-heal|p2a: Florges|100\/100|[from] item: Leftovers\n|upkeep\n|turn|14\n|inactive|Factor64 has 240 seconds left.\n|\n|t:|1700969906\n|switch|p2a: Toxapex|Toxapex, M, shiny|62\/100\n|detailschange|p1a: Charizard|Charizard-Mega-Y, F\n|-mega|p1a: Charizard|Charizard|Charizardite Y\n|-weather|SunnyDay|[from] ability: Drought|[of] p1a: Charizard\n|move|p1a: Charizard|Weather Ball|p2a: Toxapex\n|-resisted|p2a: Toxapex\n|-damage|p2a: Toxapex|26\/100\n|\n|-weather|SunnyDay|[upkeep]\n|-heal|p2a: Toxapex|33\/100|[from] item: Leftovers\n|upkeep\n|turn|15\n|\n|t:|1700969919\n|switch|p2a: Tyranitar|Tyranitar, M|100\/100\n|-weather|Sandstorm|[from] ability: Sand Stream|[of] p2a: Tyranitar\n|move|p1a: Charizard|Focus Blast|p2a: Tyranitar\n|-supereffective|p2a: Tyranitar\n|-damage|p2a: Tyranitar|0 fnt\n|faint|p2a: Tyranitar\n|\n|-weather|Sandstorm|[upkeep]\n|-damage|p1a: Charizard|75\/100|[from] Sandstorm\n|upkeep\n|inactive|Factor64 has 240 seconds left.\n|\n|t:|1700969940\n|switch|p2a: Florges|Florges-White, F, shiny|100\/100\n|turn|16\n|\n|t:|1700969947\n|switch|p1a: Rotom|Rotom-Wash|100\/100\n|move|p2a: Florges|Hidden Power|p1a: Rotom\n|-damage|p1a: Rotom|83\/100\n|\n|-weather|Sandstorm|[upkeep]\n|-damage|p1a: Rotom|77\/100|[from] Sandstorm\n|-damage|p2a: Florges|94\/100|[from] Sandstorm\n|-heal|p1a: Rotom|83\/100|[from] item: Leftovers\n|-heal|p2a: Florges|100\/100|[from] item: Leftovers\n|upkeep\n|turn|17\n|j| VoIteon\n|inactive|Factor64 has 240 seconds left.\n|\n|t:|1700969959\n|move|p1a: Rotom|Volt Switch|p2a: Florges\n|-damage|p2a: Florges|81\/100\n|\n|t:|1700969972\n|switch|p1a: Cresselia|Cresselia, F|98\/100|[from] Volt Switch\n|move|p2a: Florges|Calm Mind|p2a: Florges\n|-boost|p2a: Florges|spa|1\n|-boost|p2a: Florges|spd|1\n|\n|-weather|Sandstorm|[upkeep]\n|-damage|p1a: Cresselia|92\/100|[from] Sandstorm\n|-damage|p2a: Florges|75\/100|[from] Sandstorm\n|-heal|p1a: Cresselia|98\/100|[from] item: Leftovers\n|-heal|p2a: Florges|81\/100|[from] item: Leftovers\n|upkeep\n|turn|18\n|inactive|Factor64 has 240 seconds left.\n|\n|t:|1700969983\n|move|p1a: Cresselia|Calm Mind|p1a: Cresselia\n|-boost|p1a: Cresselia|spa|1\n|-boost|p1a: Cresselia|spd|1\n|move|p2a: Florges|Calm Mind|p2a: Florges\n|-boost|p2a: Florges|spa|1\n|-boost|p2a: Florges|spd|1\n|\n|-weather|Sandstorm|[upkeep]\n|-damage|p1a: Cresselia|92\/100|[from] Sandstorm\n|-damage|p2a: Florges|75\/100|[from] Sandstorm\n|-heal|p1a: Cresselia|98\/100|[from] item: Leftovers\n|-heal|p2a: Florges|81\/100|[from] item: Leftovers\n|upkeep\n|turn|19\n|\n|t:|1700969995\n|move|p1a: Cresselia|Calm Mind|p1a: Cresselia\n|-boost|p1a: Cresselia|spa|1\n|-boost|p1a: Cresselia|spd|1\n|move|p2a: Florges|Calm Mind|p2a: Florges\n|-boost|p2a: Florges|spa|1\n|-boost|p2a: Florges|spd|1\n|\n|-weather|none\n|-heal|p1a: Cresselia|100\/100|[from] item: Leftovers\n|-heal|p2a: Florges|87\/100|[from] item: Leftovers\n|upkeep\n|turn|20\n|\n|t:|1700970005\n|move|p1a: Cresselia|Calm Mind|p1a: Cresselia\n|-boost|p1a: Cresselia|spa|1\n|-boost|p1a: Cresselia|spd|1\n|move|p2a: Florges|Calm Mind|p2a: Florges\n|-boost|p2a: Florges|spa|1\n|-boost|p2a: Florges|spd|1\n|\n|-heal|p2a: Florges|93\/100|[from] item: Leftovers\n|upkeep\n|turn|21\n|c| Lunar Sloth|they boostin\n|c| VoIteon|Both r going for game\n|\n|t:|1700970017\n|move|p1a: Cresselia|Calm Mind|p1a: Cresselia\n|-boost|p1a: Cresselia|spa|1\n|-boost|p1a: Cresselia|spd|1\n|move|p2a: Florges|Calm Mind|p2a: Florges\n|-boost|p2a: Florges|spa|1\n|-boost|p2a: Florges|spd|1\n|\n|-heal|p2a: Florges|99\/100|[from] item: Leftovers\n|upkeep\n|turn|22\n|inactive|Factor64 has 270 seconds left.\n|\n|t:|1700970031\n|move|p1a: Cresselia|Calm Mind|p1a: Cresselia\n|-boost|p1a: Cresselia|spa|1\n|-boost|p1a: Cresselia|spd|1\n|move|p2a: Florges|Calm Mind|p2a: Florges\n|-boost|p2a: Florges|spa|1\n|-boost|p2a: Florges|spd|1\n|\n|-heal|p2a: Florges|100\/100|[from] item: Leftovers\n|upkeep\n|turn|23\n|\n|t:|1700970039\n|move|p1a: Cresselia|Stored Power|p2a: Florges\n|-damage|p2a: Florges|65\/100\n|move|p2a: Florges|Moonblast|p1a: Cresselia\n|-crit|p1a: Cresselia\n|-damage|p1a: Cresselia|0 fnt\n|faint|p1a: Cresselia\n|\n|-heal|p2a: Florges|71\/100|[from] item: Leftovers\n|upkeep\n|c| Czar_agon|the mind is very calm right now\n|c| Lunar Sloth|well\n|c| VoIteon|Aint no fucking way\n|\n|t:|1700970058\n|switch|p1a: Charizard|Charizard-Mega-Y, F|75\/100\n|-weather|SunnyDay|[from] ability: Drought|[of] p1a: Charizard\n|turn|24\n|\n|t:|1700970071\n|move|p1a: Charizard|Weather Ball|p2a: Florges\n|-damage|p2a: Florges|53\/100\n|move|p2a: Florges|Synthesis|p2a: Florges\n|-heal|p2a: Florges|100\/100\n|\n|-weather|SunnyDay|[upkeep]\n|upkeep\n|turn|25\n|\n|t:|1700970090\n|switch|p1a: Kommo-o|Kommo-o, M|63\/100 brn\n|move|p2a: Florges|Moonblast|p1a: Kommo-o\n|-supereffective|p1a: Kommo-o\n|-damage|p1a: Kommo-o|0 fnt\n|faint|p1a: Kommo-o\n|\n|-weather|SunnyDay|[upkeep]\n|upkeep\n|\n|t:|1700970098\n|switch|p1a: Kingambit|Kingambit, M|100\/100\n|-activate|p1a: Kingambit|ability: Supreme Overlord\n|-start|p1a: Kingambit|fallen2|[silent]\n|turn|26\n|j| Demolution545\n|inactive|Factor64 has 270 seconds left.\n|\n|t:|1700970144\n|switch|p2a: Toxapex|Toxapex, M, shiny|66\/100\n|move|p1a: Kingambit|Iron Head|p2a: Toxapex\n|-resisted|p2a: Toxapex\n|-damage|p2a: Toxapex|46\/100\n|\n|-weather|SunnyDay|[upkeep]\n|-heal|p2a: Toxapex|52\/100|[from] item: Leftovers\n|upkeep\n|turn|27\n|\n|t:|1700970159\n|-end|p1a: Kingambit|fallen2|[silent]\n|switch|p1a: Rotom|Rotom-Wash|83\/100\n|move|p2a: Toxapex|Recover|p2a: Toxapex\n|-heal|p2a: Toxapex|100\/100\n|\n|-weather|SunnyDay|[upkeep]\n|-heal|p1a: Rotom|89\/100|[from] item: Leftovers\n|upkeep\n|turn|28\n|inactive|Factor64 has 270 seconds left.\n|\n|t:|1700970173\n|switch|p2a: Excadrill|Excadrill, M|100\/100\n|-ability|p2a: Excadrill|Mold Breaker\n|move|p1a: Rotom|Will-O-Wisp|p2a: Excadrill\n|-status|p2a: Excadrill|brn\n|\n|-weather|none\n|-heal|p1a: Rotom|96\/100|[from] item: Leftovers\n|-damage|p2a: Excadrill|94\/100 brn|[from] brn\n|upkeep\n|turn|29\n|l| VoIteon\n|\n|t:|1700970183\n|switch|p1a: Charizard|Charizard-Mega-Y, F|75\/100\n|-weather|SunnyDay|[from] ability: Drought|[of] p1a: Charizard\n|-zpower|p2a: Excadrill\n|move|p2a: Excadrill|Tectonic Rage|p1a: Charizard|[zeffect]\n|-immune|p1a: Charizard\n|\n|-weather|SunnyDay|[upkeep]\n|-damage|p2a: Excadrill|88\/100 brn|[from] brn\n|upkeep\n|turn|30\n|\n|t:|1700970195\n|switch|p2a: Toxapex|Toxapex, M, shiny|100\/100\n|move|p1a: Charizard|Weather Ball|p2a: Toxapex\n|-resisted|p2a: Toxapex\n|-damage|p2a: Toxapex|63\/100\n|\n|-weather|SunnyDay|[upkeep]\n|-heal|p2a: Toxapex|69\/100|[from] item: Leftovers\n|upkeep\n|turn|31\n|j| VoIteon\n|inactive|Factor64 has 270 seconds left.\n|c| VoIteon|wait\n|c| VoIteon|aint no way\n|c| Lunar Sloth|im so confused\n|c|\u2606Smackey_5|me 2\n|inactive|Factor64 has 240 seconds left.\n|c| VoIteon|i saw a 9 to 5 play\n|\n|t:|1700970270\n|switch|p1a: Umbreon|Umbreon, M|80\/100\n|switch|p2a: Ogerpon|Ogerpon-Wellspring-Tera, F, tera:Water|49\/100\n|-ability|p2a: Ogerpon|Embody Aspect (Wellspring)|boost\n|-boost|p2a: Ogerpon|spd|1\n|\n|-weather|SunnyDay|[upkeep]\n|upkeep\n|turn|32\n|\n|t:|1700970280\n|move|p2a: Ogerpon|Swords Dance|p2a: Ogerpon\n|-boost|p2a: Ogerpon|atk|2\n|move|p1a: Umbreon|Foul Play|p2a: Ogerpon\n|-damage|p2a: Ogerpon|0 fnt\n|faint|p2a: Ogerpon\n|\n|-weather|SunnyDay|[upkeep]\n|upkeep\n|\n|t:|1700970298\n|switch|p2a: Florges|Florges-White, F, shiny|100\/100\n|turn|33\n|\n|t:|1700970305\n|switch|p1a: Charizard|Charizard-Mega-Y, F|75\/100\n|move|p2a: Florges|Moonblast|p1a: Charizard\n|-resisted|p1a: Charizard\n|-damage|p1a: Charizard|60\/100\n|\n|-weather|none\n|upkeep\n|turn|34\n|\n|t:|1700970315\n|switch|p1a: Rotom|Rotom-Wash|96\/100\n|move|p2a: Florges|Hidden Power|p1a: Rotom\n|-damage|p1a: Rotom|79\/100\n|\n|-heal|p1a: Rotom|85\/100|[from] item: Leftovers\n|upkeep\n|turn|35\n|\n|t:|1700970325\n|switch|p2a: Excadrill|Excadrill, M|88\/100 brn\n|-ability|p2a: Excadrill|Mold Breaker\n|move|p1a: Rotom|Volt Switch|p2a: Excadrill\n|-immune|p2a: Excadrill\n|\n|-heal|p1a: Rotom|91\/100|[from] item: Leftovers\n|-damage|p2a: Excadrill|82\/100 brn|[from] brn\n|upkeep\n|turn|36\n|\n|t:|1700970327\n|move|p2a: Excadrill|Rock Slide|p1a: Rotom\n|-damage|p1a: Rotom|78\/100\n|cant|p1a: Rotom|flinch\n|\n|-heal|p1a: Rotom|84\/100|[from] item: Leftovers\n|-damage|p2a: Excadrill|76\/100 brn|[from] brn\n|upkeep\n|turn|37\n|\n|t:|1700970332\n|move|p2a: Excadrill|Earthquake|p1a: Rotom\n|-supereffective|p1a: Rotom\n|-damage|p1a: Rotom|29\/100\n|move|p1a: Rotom|Hydro Pump|p2a: Excadrill\n|-supereffective|p2a: Excadrill\n|-damage|p2a: Excadrill|0 fnt\n|faint|p2a: Excadrill\n|\n|-heal|p1a: Rotom|35\/100|[from] item: Leftovers\n|upkeep\n|\n|t:|1700970336\n|switch|p2a: Rotom|Rotom-Heat|45\/100\n|turn|38\n|\n|t:|1700970347\n|switch|p1a: Umbreon|Umbreon, M|80\/100\n|move|p2a: Rotom|Volt Switch|p1a: Umbreon\n|-damage|p1a: Umbreon|63\/100\n|c| Lunar Sloth|the moldbreaker\n|\n|t:|1700970353\n|switch|p2a: Florges|Florges-White, F, shiny|100\/100|[from] Volt Switch\n|\n|upkeep\n|turn|39\n|\n|t:|1700970359\n|move|p2a: Florges|Moonblast|p1a: Umbreon\n|-supereffective|p1a: Umbreon\n|-damage|p1a: Umbreon|14\/100\n|move|p1a: Umbreon|Wish|p1a: Umbreon\n|\n|upkeep\n|turn|40\n|\n|t:|1700970372\n|switch|p1a: Rotom|Rotom-Wash|35\/100\n|move|p2a: Florges|Hidden Power|p1a: Rotom\n|-damage|p1a: Rotom|19\/100\n|\n|-heal|p1a: Rotom|100\/100|[from] move: Wish|[wisher] Umbreon\n|upkeep\n|turn|41\n|\n|t:|1700970385\n|move|p1a: Rotom|Volt Switch|p2a: Florges\n|-damage|p2a: Florges|81\/100\n|c| VoIteon|full hp\n|\n|t:|1700970389\n|switch|p1a: Charizard|Charizard-Mega-Y, F|60\/100|[from] Volt Switch\n|-weather|SunnyDay|[from] ability: Drought|[of] p1a: Charizard\n|move|p2a: Florges|Moonblast|p1a: Charizard\n|-resisted|p1a: Charizard\n|-crit|p1a: Charizard\n|-damage|p1a: Charizard|38\/100\n|\n|-weather|SunnyDay|[upkeep]\n|-heal|p2a: Florges|87\/100|[from] item: Leftovers\n|upkeep\n|turn|42\n|\n|t:|1700970399\n|move|p1a: Charizard|Weather Ball|p2a: Florges\n|-damage|p2a: Florges|23\/100\n|move|p2a: Florges|Hidden Power|p1a: Charizard\n|-supereffective|p1a: Charizard\n|-damage|p1a: Charizard|0 fnt\n|faint|p1a: Charizard\n|\n|-weather|SunnyDay|[upkeep]\n|-heal|p2a: Florges|29\/100|[from] item: Leftovers\n|upkeep\n|\n|t:|1700970413\n|switch|p1a: Rotom|Rotom-Wash|100\/100\n|turn|43\n|\n|t:|1700970427\n|move|p1a: Rotom|Volt Switch|p2a: Florges\n|-damage|p2a: Florges|10\/100\n|\n|t:|1700970430\n|switch|p1a: Umbreon|Umbreon, M|14\/100|[from] Volt Switch\n|move|p2a: Florges|Synthesis|p2a: Florges\n|-heal|p2a: Florges|77\/100\n|\n|-weather|SunnyDay|[upkeep]\n|-heal|p2a: Florges|83\/100|[from] item: Leftovers\n|upkeep\n|turn|44\n|\n|t:|1700970440\n|move|p2a: Florges|Moonblast|p1a: Umbreon\n|-supereffective|p1a: Umbreon\n|-damage|p1a: Umbreon|0 fnt\n|faint|p1a: Umbreon\n|\n|-weather|SunnyDay|[upkeep]\n|-heal|p2a: Florges|89\/100|[from] item: Leftovers\n|upkeep\n|\n|t:|1700970447\n|switch|p1a: Kingambit|Kingambit, M|100\/100\n|-activate|p1a: Kingambit|ability: Supreme Overlord\n|-start|p1a: Kingambit|fallen4|[silent]\n|turn|45\n|\n|t:|1700970465\n|switch|p2a: Toxapex|Toxapex, M, shiny|100\/100\n|move|p1a: Kingambit|Swords Dance|p1a: Kingambit\n|-boost|p1a: Kingambit|atk|2\n|\n|-weather|none\n|upkeep\n|turn|46\n|c| VoIteon|someone is taking an L\n|inactive|Factor64 has 270 seconds left.\n|\n|t:|1700970497\n|move|p1a: Kingambit|Kowtow Cleave|p2a: Toxapex\n|-damage|p2a: Toxapex|0 fnt\n|faint|p2a: Toxapex\n|\n|upkeep\n|\n|t:|1700970502\n|switch|p2a: Rotom|Rotom-Heat|45\/100\n|turn|47\n|\n|t:|1700970513\n|-terastallize|p1a: Kingambit|Dragon\n|move|p2a: Rotom|Will-O-Wisp|p1a: Kingambit\n|-status|p1a: Kingambit|brn\n|move|p1a: Kingambit|Kowtow Cleave|p2a: Rotom\n|-damage|p2a: Rotom|0 fnt\n|faint|p2a: Rotom\n|\n|-damage|p1a: Kingambit|94\/100 brn|[from] brn\n|upkeep\n|\n|t:|1700970522\n|switch|p2a: Florges|Florges-White, F, shiny|89\/100\n|turn|48\n|\n|t:|1700970533\n|move|p2a: Florges|Moonblast|p1a: Kingambit\n|-supereffective|p1a: Kingambit\n|-damage|p1a: Kingambit|19\/100 brn\n|move|p1a: Kingambit|Iron Head|p2a: Florges\n|-supereffective|p2a: Florges\n|-damage|p2a: Florges|0 fnt\n|faint|p2a: Florges\n|\n|win|Smackey_5\n","uploadtime":1700970546,"views":32,"p1id":"smackey5","p2id":"factor64","formatid":"gen9nationaldexubers","rating":0,"private":0,"password":""}