{"id":"gen9nationaldexubers-1989878403","p1":"aguinaldo124","p2":"DriPJayJay","format":"[Gen 9] National Dex Ubers","log":"|j|\u2606aguinaldo124\n|j|\u2606DriPJayJay\n|t:|1699903275\n|gametype|singles\n|player|p1|aguinaldo124|bruno|1106\n|player|p2|DriPJayJay|hilbert|1008\n|teamsize|p1|2\n|teamsize|p2|6\n|gen|9\n|tier|[Gen 9] National Dex Ubers\n|rated|\n|rule|HP Percentage Mod: HP is shown in percentages\n|rule|Endless Battle Clause: Forcing endless battles is banned\n|rule|OHKO Clause: OHKO moves are banned\n|rule|Evasion Moves Clause: Evasion moves are banned\n|rule|Evasion Items Clause: Evasion items are banned\n|rule|Species Clause: Limit one of each Pok\u00e9mon\n|rule|Sleep Clause Mod: Limit one foe put to sleep\n|rule|Mega Rayquaza Clause: You cannot mega evolve Rayquaza\n|clearpoke\n|poke|p1|Uxie|\n|poke|p1|Incineroar, M|\n|poke|p2|Tapu Koko|\n|poke|p2|Chimecho, M|\n|poke|p2|Wo-Chien|\n|poke|p2|Swellow, F|\n|poke|p2|Malamar, F|\n|poke|p2|Skeledirge, M|\n|teampreview\n|inactive|Battle timer is ON: inactive players will automatically lose when time's up. (requested by DriPJayJay)\n|\n|t:|1699903294\n|start\n|switch|p1a: Uxie|Uxie|100\/100\n|switch|p2a: Chimecho|Chimecho, M|100\/100\n|turn|1\n|\n|t:|1699903301\n|move|p1a: Uxie|Stealth Rock|p2a: Chimecho\n|-sidestart|p2: DriPJayJay|move: Stealth Rock\n|move|p2a: Chimecho|Light Screen|p2a: Chimecho\n|-sidestart|p2: DriPJayJay|move: Light Screen\n|\n|upkeep\n|turn|2\n|\n|t:|1699903306\n|move|p1a: Uxie|Light Screen|p1a: Uxie\n|-sidestart|p1: aguinaldo124|move: Light Screen\n|move|p2a: Chimecho|Reflect|p2a: Chimecho\n|-sidestart|p2: DriPJayJay|Reflect\n|\n|upkeep\n|turn|3\n|\n|t:|1699903311\n|move|p1a: Uxie|Reflect|p1a: Uxie\n|-sidestart|p1: aguinaldo124|Reflect\n|move|p2a: Chimecho|Yawn|p1a: Uxie\n|-start|p1a: Uxie|move: Yawn|[of] p2a: Chimecho\n|\n|upkeep\n|turn|4\n|\n|t:|1699903318\n|move|p1a: Uxie|Stealth Rock||[still]\n|-fail|p1a: Uxie\n|move|p2a: Chimecho|Recover||[still]\n|-fail|p2a: Chimecho|heal\n|\n|-end|p1a: Uxie|move: Yawn|[silent]\n|-status|p1a: Uxie|slp\n|upkeep\n|turn|5\n|\n|t:|1699903340\n|switch|p2a: Tapu Koko|Tapu Koko|100\/100\n|-damage|p2a: Tapu Koko|88\/100|[from] Stealth Rock\n|-fieldstart|move: Electric Terrain|[from] ability: Electric Surge|[of] p2a: Tapu Koko\n|cant|p1a: Uxie|slp\n|\n|upkeep\n|turn|6\n|\n|t:|1699903350\n|move|p2a: Tapu Koko|Thunderbolt|p1a: Uxie\n|-damage|p1a: Uxie|75\/100 slp\n|-damage|p2a: Tapu Koko|78\/100|[from] item: Life Orb\n|cant|p1a: Uxie|slp\n|\n|upkeep\n|turn|7\n|\n|t:|1699903357\n|move|p2a: Tapu Koko|Thunderbolt|p1a: Uxie\n|-damage|p1a: Uxie|51\/100 slp\n|-damage|p2a: Tapu Koko|68\/100|[from] item: Life Orb\n|-curestatus|p1a: Uxie|slp|[msg]\n|move|p1a: Uxie|Memento|p2a: Tapu Koko\n|-unboost|p2a: Tapu Koko|atk|2\n|-unboost|p2a: Tapu Koko|spa|2\n|faint|p1a: Uxie\n|\n|upkeep\n|\n|t:|1699903368\n|switch|p1a: Incineroar|Incineroar, M|100\/100\n|-ability|p1a: Incineroar|Intimidate|boost\n|-unboost|p2a: Tapu Koko|atk|1\n|turn|8\n|\n|t:|1699903373\n|move|p2a: Tapu Koko|Volt Switch|p1a: Incineroar\n|-damage|p1a: Incineroar|87\/100\n|-damage|p2a: Tapu Koko|58\/100|[from] item: Life Orb\n|\n|t:|1699903387\n|switch|p2a: Malamar|Malamar, F|100\/100|[from] Volt Switch\n|-damage|p2a: Malamar|88\/100|[from] Stealth Rock\n|move|p1a: Incineroar|Bulk Up|p1a: Incineroar\n|-boost|p1a: Incineroar|atk|1\n|-boost|p1a: Incineroar|def|1\n|\n|-sideend|p2: DriPJayJay|move: Light Screen\n|upkeep\n|turn|9\n|\n|t:|1699903397\n|move|p1a: Incineroar|Flame Charge|p2a: Malamar\n|-damage|p2a: Malamar|67\/100\n|-boost|p1a: Incineroar|spe|1\n|move|p2a: Malamar|Superpower|p1a: Incineroar\n|-supereffective|p1a: Incineroar\n|-damage|p1a: Incineroar|60\/100\n|-boost|p2a: Malamar|atk|1\n|-boost|p2a: Malamar|def|1\n|-enditem|p1a: Incineroar|Weakness Policy\n|-boost|p1a: Incineroar|atk|2|[from] item: Weakness Policy\n|-boost|p1a: Incineroar|spa|2|[from] item: Weakness Policy\n|\n|-sideend|p2: DriPJayJay|Reflect\n|-sideend|p1: aguinaldo124|move: Light Screen\n|-fieldend|move: Electric Terrain\n|upkeep\n|turn|10\n|\n|t:|1699903416\n|move|p1a: Incineroar|Flame Charge|p2a: Malamar\n|-damage|p2a: Malamar|21\/100\n|-boost|p1a: Incineroar|spe|1\n|-enditem|p2a: Malamar|Sitrus Berry|[eat]\n|-heal|p2a: Malamar|46\/100|[from] item: Sitrus Berry\n|move|p2a: Malamar|Destiny Bond|p2a: Malamar\n|-singlemove|p2a: Malamar|Destiny Bond\n|\n|-sideend|p1: aguinaldo124|Reflect\n|upkeep\n|turn|11\n|\n|t:|1699903428\n|-terastallize|p1a: Incineroar|Fire\n|move|p1a: Incineroar|Bulk Up|p1a: Incineroar\n|-boost|p1a: Incineroar|atk|1\n|-boost|p1a: Incineroar|def|1\n|move|p2a: Malamar|Superpower|p1a: Incineroar\n|-damage|p1a: Incineroar|30\/100\n|-boost|p2a: Malamar|atk|1\n|-boost|p2a: Malamar|def|1\n|\n|upkeep\n|turn|12\n|\n|t:|1699903442\n|move|p1a: Incineroar|Drain Punch|p2a: Malamar\n|-damage|p2a: Malamar|3\/100\n|-heal|p1a: Incineroar|54\/100|[from] drain|[of] p2a: Malamar\n|move|p2a: Malamar|Psycho Cut|p1a: Incineroar\n|-damage|p1a: Incineroar|16\/100\n|\n|upkeep\n|turn|13\n|\n|t:|1699903450\n|move|p1a: Incineroar|Drain Punch|p2a: Malamar\n|-damage|p2a: Malamar|0 fnt\n|-heal|p1a: Incineroar|17\/100|[from] drain|[of] p2a: Malamar\n|faint|p2a: Malamar\n|\n|upkeep\n|\n|t:|1699903458\n|switch|p2a: Swellow|Swellow, F|100\/100\n|-damage|p2a: Swellow|76\/100|[from] Stealth Rock\n|turn|14\n|\n|t:|1699903463\n|move|p2a: Swellow|Protect|p2a: Swellow\n|-singleturn|p2a: Swellow|Protect\n|move|p1a: Incineroar|Drain Punch|p2a: Swellow\n|-activate|p2a: Swellow|move: Protect\n|\n|-status|p2a: Swellow|brn|[from] item: Flame Orb\n|upkeep\n|turn|15\n|\n|t:|1699903475\n|move|p1a: Incineroar|Drain Punch|p2a: Swellow\n|-damage|p2a: Swellow|0 fnt\n|-heal|p1a: Incineroar|47\/100|[from] drain|[of] p2a: Swellow\n|faint|p2a: Swellow\n|\n|upkeep\n|\n|t:|1699903485\n|switch|p2a: Skeledirge|Skeledirge, M|100\/100\n|-damage|p2a: Skeledirge|76\/100|[from] Stealth Rock\n|turn|16\n|\n|t:|1699903493\n|-terastallize|p2a: Skeledirge|Fairy\n|move|p1a: Incineroar|Power Trip|p2a: Skeledirge\n|-resisted|p2a: Skeledirge\n|-damage|p2a: Skeledirge|0 fnt\n|faint|p2a: Skeledirge\n|\n|upkeep\n|\n|t:|1699903501\n|switch|p2a: Tapu Koko|Tapu Koko|58\/100\n|-damage|p2a: Tapu Koko|46\/100|[from] Stealth Rock\n|-fieldstart|move: Electric Terrain|[from] ability: Electric Surge|[of] p2a: Tapu Koko\n|turn|17\n|\n|t:|1699903508\n|move|p1a: Incineroar|Power Trip|p2a: Tapu Koko\n|-resisted|p2a: Tapu Koko\n|-damage|p2a: Tapu Koko|0 fnt\n|faint|p2a: Tapu Koko\n|\n|upkeep\n|\n|t:|1699903536\n|switch|p2a: Wo-Chien|Wo-Chien|100\/100\n|-damage|p2a: Wo-Chien|88\/100|[from] Stealth Rock\n|-ability|p2a: Wo-Chien|Tablets of Ruin\n|turn|18\n|-message|DriPJayJay forfeited.\n|\n|win|aguinaldo124\n|raw|aguinaldo124's rating: 1106 &rarr; <strong>1124<\/strong><br \/>(+18 for winning)\n|raw|DriPJayJay's rating: 1008 &rarr; <strong>1000<\/strong><br \/>(-8 for losing)\n|l|\u2606DriPJayJay\n","uploadtime":1699903551,"views":6,"p1id":"aguinaldo124","p2id":"dripjayjay","formatid":"gen9nationaldexubers","rating":1000,"private":0,"password":""}