{"id":"gen9nationaldexubers-1977775489","p1":"BankaiBleachGeek","p2":"IAmChara9999999","format":"[Gen 9] National Dex Ubers","log":"|j|\u2606BankaiBleachGeek\n|j|\u2606IAmChara9999999\n|t:|1698448153\n|gametype|singles\n|player|p1|BankaiBleachGeek|palmer|1036\n|player|p2|IAmChara9999999|anabel|1000\n|teamsize|p1|6\n|teamsize|p2|6\n|gen|9\n|tier|[Gen 9] National Dex Ubers\n|rated|\n|rule|HP Percentage Mod: HP is shown in percentages\n|rule|Endless Battle Clause: Forcing endless battles is banned\n|rule|OHKO Clause: OHKO moves are banned\n|rule|Evasion Moves Clause: Evasion moves are banned\n|rule|Evasion Items Clause: Evasion items are banned\n|rule|Species Clause: Limit one of each Pok\u00e9mon\n|rule|Sleep Clause Mod: Limit one foe put to sleep\n|rule|Mega Rayquaza Clause: You cannot mega evolve Rayquaza\n|clearpoke\n|poke|p1|Sceptile, M|\n|poke|p1|Arboliva, F|\n|poke|p1|Electrode-Hisui|\n|poke|p1|Ferrothorn, M|\n|poke|p1|Ludicolo, M|\n|poke|p1|Torterra, M|\n|poke|p2|Charizard, M|\n|poke|p2|Cloyster, M|\n|poke|p2|Tyranitar, F|\n|poke|p2|Gengar, M|\n|poke|p2|Shaymin-Sky|\n|poke|p2|Palafin, M|\n|teampreview\n|inactive|Battle timer is ON: inactive players will automatically lose when time's up. (requested by IAmChara9999999)\n|\n|t:|1698448164\n|start\n|switch|p1a: Electrode|Electrode-Hisui|100\/100\n|switch|p2a: Charizard|Charizard, M|100\/100\n|turn|1\n|\n|t:|1698448169\n|detailschange|p2a: Charizard|Charizard-Mega-Y, M\n|-mega|p2a: Charizard|Charizard|Charizardite Y\n|-weather|SunnyDay|[from] ability: Drought|[of] p2a: Charizard\n|move|p1a: Electrode|Rain Dance|p1a: Electrode\n|-weather|RainDance\n|move|p2a: Charizard|Fire Blast|p1a: Electrode\n|-supereffective|p1a: Electrode\n|-damage|p1a: Electrode|0 fnt\n|faint|p1a: Electrode\n|\n|-weather|RainDance|[upkeep]\n|upkeep\n|\n|t:|1698448178\n|switch|p1a: Ludicolo|Ludicolo, M|100\/100\n|turn|2\n|\n|t:|1698448186\n|switch|p2a: Shaymin|Shaymin-Sky|100\/100\n|move|p1a: Ludicolo|Weather Ball|p2a: Shaymin\n|-resisted|p2a: Shaymin\n|-damage|p2a: Shaymin|47\/100\n|-damage|p1a: Ludicolo|91\/100|[from] item: Life Orb\n|\n|-weather|RainDance|[upkeep]\n|upkeep\n|turn|3\n|\n|t:|1698448194\n|move|p1a: Ludicolo|Ice Beam|p2a: Shaymin\n|-supereffective|p2a: Shaymin\n|-damage|p2a: Shaymin|0 fnt\n|faint|p2a: Shaymin\n|-damage|p1a: Ludicolo|81\/100|[from] item: Life Orb\n|\n|-weather|RainDance|[upkeep]\n|upkeep\n|\n|t:|1698448196\n|switch|p2a: Cloyster|Cloyster, M|100\/100\n|turn|4\n|\n|t:|1698448202\n|move|p1a: Ludicolo|Giga Drain|p2a: Cloyster\n|-supereffective|p2a: Cloyster\n|-enditem|p2a: Cloyster|Focus Sash\n|-damage|p2a: Cloyster|1\/100\n|-heal|p1a: Ludicolo|100\/100|[from] drain|[of] p2a: Cloyster\n|-damage|p1a: Ludicolo|91\/100|[from] item: Life Orb\n|move|p2a: Cloyster|Shell Smash|p2a: Cloyster\n|-unboost|p2a: Cloyster|def|1\n|-unboost|p2a: Cloyster|spd|1\n|-boost|p2a: Cloyster|atk|2\n|-boost|p2a: Cloyster|spa|2\n|-boost|p2a: Cloyster|spe|2\n|\n|-weather|RainDance|[upkeep]\n|upkeep\n|turn|5\n|\n|t:|1698448214\n|move|p1a: Ludicolo|Giga Drain|p2a: Cloyster\n|-supereffective|p2a: Cloyster\n|-damage|p2a: Cloyster|0 fnt\n|-heal|p1a: Ludicolo|91\/100|[from] drain|[of] p2a: Cloyster\n|faint|p2a: Cloyster\n|-damage|p1a: Ludicolo|81\/100|[from] item: Life Orb\n|\n|-weather|RainDance|[upkeep]\n|upkeep\n|\n|t:|1698448221\n|switch|p2a: Charizard|Charizard-Mega-Y, M|100\/100\n|-weather|SunnyDay|[from] ability: Drought|[of] p2a: Charizard\n|turn|6\n|\n|t:|1698448229\n|move|p2a: Charizard|Solar Beam||[still]\n|-prepare|p2a: Charizard|Solar Beam\n|-anim|p2a: Charizard|Solar Beam|p1a: Ludicolo\n|-damage|p1a: Ludicolo|24\/100\n|move|p1a: Ludicolo|Ice Beam|p2a: Charizard\n|-damage|p2a: Charizard|65\/100\n|-damage|p1a: Ludicolo|14\/100|[from] item: Life Orb\n|\n|-weather|SunnyDay|[upkeep]\n|upkeep\n|turn|7\n|\n|t:|1698448241\n|move|p2a: Charizard|Fire Blast|p1a: Ludicolo\n|-damage|p1a: Ludicolo|0 fnt\n|faint|p1a: Ludicolo\n|\n|-weather|SunnyDay|[upkeep]\n|upkeep\n|\n|t:|1698448251\n|switch|p1a: Torterra|Torterra, M|100\/100\n|turn|8\n|\n|t:|1698448255\n|move|p2a: Charizard|Fire Blast|p1a: Torterra|[miss]\n|-miss|p2a: Charizard|p1a: Torterra\n|move|p1a: Torterra|Rock Blast|p2a: Charizard\n|-supereffective|p2a: Charizard\n|-damage|p2a: Charizard|17\/100\n|-supereffective|p2a: Charizard\n|-damage|p2a: Charizard|0 fnt\n|faint|p2a: Charizard\n|-hitcount|p2: Charizard|2\n|\n|-weather|SunnyDay|[upkeep]\n|upkeep\n|\n|t:|1698448260\n|switch|p2a: Palafin|Palafin, M|100\/100\n|turn|9\n|\n|t:|1698448266\n|-terastallize|p2a: Palafin|Water\n|move|p2a: Palafin|Flip Turn|p1a: Torterra\n|-damage|p1a: Torterra|79\/100\n|\n|t:|1698448270\n|detailschange|p2a: Palafin|Palafin-Hero, M, tera:Water\n|switch|p2a: Gengar|Gengar, M|100\/100|[from] Flip Turn\n|-item|p2a: Gengar|Air Balloon\n|move|p1a: Torterra|Bullet Seed|p2a: Gengar\n|-resisted|p2a: Gengar\n|-damage|p2a: Gengar|88\/100\n|-enditem|p2a: Gengar|Air Balloon\n|-resisted|p2a: Gengar\n|-damage|p2a: Gengar|77\/100\n|-resisted|p2a: Gengar\n|-damage|p2a: Gengar|66\/100\n|-start|p1a: Torterra|Disable|Bullet Seed|[from] ability: Cursed Body|[of] p2a: Gengar\n|-resisted|p2a: Gengar\n|-damage|p2a: Gengar|54\/100\n|-resisted|p2a: Gengar\n|-damage|p2a: Gengar|43\/100\n|-hitcount|p2a: Gengar|5\n|\n|-weather|SunnyDay|[upkeep]\n|upkeep\n|turn|10\n|\n|t:|1698448287\n|move|p2a: Gengar|Destiny Bond|p2a: Gengar\n|-singlemove|p2a: Gengar|Destiny Bond\n|move|p1a: Torterra|Rock Blast|p2a: Gengar\n|-damage|p2a: Gengar|28\/100\n|-damage|p2a: Gengar|14\/100\n|-damage|p2a: Gengar|0 fnt\n|faint|p2a: Gengar\n|-activate|p2a: Gengar|move: Destiny Bond\n|faint|p1a: Torterra\n|-hitcount|p2: Gengar|3\n|\n|-weather|none\n|upkeep\n|\n|t:|1698448302\n|switch|p2a: Tyranitar|Tyranitar, F|100\/100\n|switch|p1a: Arboliva|Arboliva, F|100\/100\n|-weather|Sandstorm|[from] ability: Sand Stream|[of] p2a: Tyranitar\n|turn|11\n|\n|t:|1698448308\n|move|p2a: Tyranitar|Dragon Dance|p2a: Tyranitar\n|-boost|p2a: Tyranitar|atk|1\n|-boost|p2a: Tyranitar|spe|1\n|move|p1a: Arboliva|Giga Drain|p2a: Tyranitar\n|-supereffective|p2a: Tyranitar\n|-damage|p2a: Tyranitar|58\/100\n|\n|-weather|Sandstorm|[upkeep]\n|-damage|p1a: Arboliva|94\/100|[from] Sandstorm\n|-heal|p1a: Arboliva|100\/100|[from] item: Leftovers\n|upkeep\n|turn|12\n|\n|t:|1698448320\n|move|p2a: Tyranitar|Dragon Dance|p2a: Tyranitar\n|-boost|p2a: Tyranitar|atk|1\n|-boost|p2a: Tyranitar|spe|1\n|move|p1a: Arboliva|Leaf Storm|p2a: Tyranitar\n|-supereffective|p2a: Tyranitar\n|-damage|p2a: Tyranitar|0 fnt\n|-unboost|p1a: Arboliva|spa|2\n|faint|p2a: Tyranitar\n|\n|-weather|Sandstorm|[upkeep]\n|-damage|p1a: Arboliva|94\/100|[from] Sandstorm\n|-heal|p1a: Arboliva|100\/100|[from] item: Leftovers\n|upkeep\n|\n|t:|1698448326\n|switch|p2a: Palafin|Palafin-Hero, M, tera:Water|100\/100\n|-activate|p2a: Palafin|ability: Zero to Hero\n|turn|13\n|\n|t:|1698448334\n|move|p2a: Palafin|Ice Punch|p1a: Arboliva\n|-supereffective|p1a: Arboliva\n|-damage|p1a: Arboliva|12\/100\n|-fieldstart|move: Grassy Terrain|[from] ability: Seed Sower|[of] p1a: Arboliva\n|move|p1a: Arboliva|Giga Drain|p2a: Palafin\n|-supereffective|p2a: Palafin\n|-damage|p2a: Palafin|52\/100\n|-heal|p1a: Arboliva|35\/100|[from] drain|[of] p2a: Palafin\n|\n|-weather|Sandstorm|[upkeep]\n|-damage|p2a: Palafin|46\/100|[from] Sandstorm\n|-damage|p1a: Arboliva|29\/100|[from] Sandstorm\n|-heal|p2a: Palafin|52\/100|[from] Grassy Terrain\n|-heal|p1a: Arboliva|35\/100|[from] Grassy Terrain\n|-heal|p1a: Arboliva|41\/100|[from] item: Leftovers\n|upkeep\n|turn|14\n|\n|t:|1698448348\n|move|p2a: Palafin|Ice Punch|p1a: Arboliva\n|-supereffective|p1a: Arboliva\n|-damage|p1a: Arboliva|0 fnt\n|faint|p1a: Arboliva\n|\n|-weather|Sandstorm|[upkeep]\n|-damage|p2a: Palafin|46\/100|[from] Sandstorm\n|-heal|p2a: Palafin|52\/100|[from] Grassy Terrain\n|upkeep\n|\n|t:|1698448356\n|switch|p1a: Sceptile|Sceptile, M|100\/100\n|turn|15\n|\n|t:|1698448360\n|detailschange|p1a: Sceptile|Sceptile-Mega, M\n|-mega|p1a: Sceptile|Sceptile|Sceptilite\n|move|p1a: Sceptile|Leaf Blade|p2a: Palafin\n|-supereffective|p2a: Palafin\n|-damage|p2a: Palafin|0 fnt\n|faint|p2a: Palafin\n|\n|win|BankaiBleachGeek\n|raw|BankaiBleachGeek's rating: 1036 &rarr; <strong>1067<\/strong><br \/>(+31 for winning)\n|raw|IAmChara9999999's rating: 1000 &rarr; <strong>1000<\/strong><br \/>(+0 for losing)\n","uploadtime":1698448369,"views":7,"p1id":"bankaibleachgeek","p2id":"iamchara9999999","formatid":"gen9nationaldexubers","rating":1000,"private":0,"password":""}