{"id":"gen9nationaldexubers-1988657448","p1":"DracoAxel","p2":"hanagakiUBD","format":"[Gen 9] National Dex Ubers","log":"|j|\u2606DracoAxel\n|j|\u2606hanagakiUBD\n|t:|1699747076\n|gametype|singles\n|player|p1|DracoAxel|nate|\n|player|p2|hanagakiUBD|iris-gen5bw2|\n|teamsize|p1|6\n|teamsize|p2|6\n|gen|9\n|tier|[Gen 9] National Dex Ubers\n|rule|HP Percentage Mod: HP is shown in percentages\n|rule|Endless Battle Clause: Forcing endless battles is banned\n|rule|OHKO Clause: OHKO moves are banned\n|rule|Evasion Moves Clause: Evasion moves are banned\n|rule|Evasion Items Clause: Evasion items are banned\n|rule|Species Clause: Limit one of each Pok\u00e9mon\n|rule|Sleep Clause Mod: Limit one foe put to sleep\n|rule|Mega Rayquaza Clause: You cannot mega evolve Rayquaza\n|clearpoke\n|poke|p1|Sneasler, F|\n|poke|p1|Cinderace, F|\n|poke|p1|Lopunny, M|\n|poke|p1|Garchomp, M|\n|poke|p1|Meowscarada, M|\n|poke|p1|Palafin, F|\n|poke|p2|Darmanitan-Galar, M|\n|poke|p2|Volcarona, F|\n|poke|p2|Dragapult, F|\n|poke|p2|Alakazam, F|\n|poke|p2|Kingambit, M|\n|poke|p2|Kleavor, F|\n|teampreview\n|inactive|Battle timer is ON: inactive players will automatically lose when time's up. (requested by hanagakiUBD)\n|\n|t:|1699747088\n|start\n|switch|p1a: Palafin|Palafin, F|100\/100\n|switch|p2a: Alakazam|Alakazam, F|100\/100\n|turn|1\n|\n|t:|1699747109\n|detailschange|p1a: Palafin|Palafin-Hero, F\n|switch|p1a: Lopunny|Lopunny, M|100\/100\n|detailschange|p2a: Alakazam|Alakazam-Mega, F\n|-mega|p2a: Alakazam|Alakazam|Alakazite\n|-ability|p2a: Alakazam|Cute Charm|[from] ability: Trace|[of] p1a: Lopunny\n|move|p2a: Alakazam|Psychic|p1a: Lopunny\n|-damage|p1a: Lopunny|21\/100\n|\n|upkeep\n|turn|2\n|c|\u2606hanagakiUBD|Cristo en ti confio\n|\n|t:|1699747120\n|switch|p2a: Kingambit|Kingambit, M|100\/100\n|detailschange|p1a: Lopunny|Lopunny-Mega, M\n|-mega|p1a: Lopunny|Lopunny|Lopunnite\n|move|p1a: Lopunny|Fake Out|p2a: Kingambit\n|-resisted|p2a: Kingambit\n|-damage|p2a: Kingambit|92\/100\n|\n|upkeep\n|turn|3\n|\n|t:|1699747126\n|-end|p2a: Kingambit|fallenundefined|[silent]\n|switch|p2a: Dragapult|Dragapult, F, shiny|100\/100\n|move|p1a: Lopunny|Power-Up Punch|p2a: Dragapult\n|-damage|p2a: Dragapult|71\/100\n|-boost|p1a: Lopunny|atk|1\n|\n|upkeep\n|turn|4\n|\n|t:|1699747132\n|move|p2a: Dragapult|Dragon Darts|p1a: Lopunny\n|-damage|p1a: Lopunny|0 fnt\n|faint|p1a: Lopunny\n|\n|upkeep\n|\n|t:|1699747139\n|switch|p1a: Garchomp|Garchomp, M|100\/100\n|turn|5\n|\n|t:|1699747147\n|-terastallize|p1a: Garchomp|Dragon\n|move|p1a: Garchomp|Outrage|p2a: Dragapult\n|-supereffective|p2a: Dragapult\n|-damage|p2a: Dragapult|0 fnt\n|faint|p2a: Dragapult\n|\n|upkeep\n|inactive|hanagakiUBD has 270 seconds left.\n|\n|t:|1699747181\n|switch|p2a: Kleavor|Kleavor, F|100\/100\n|turn|6\n|\n|t:|1699747185\n|move|p1a: Garchomp|Outrage|p2a: Kleavor|[from]lockedmove\n|-damage|p2a: Kleavor|0 fnt\n|faint|p2a: Kleavor\n|\n|upkeep\n|\n|t:|1699747194\n|switch|p2a: Kingambit|Kingambit, M|92\/100\n|-activate|p2a: Kingambit|ability: Supreme Overlord\n|-start|p2a: Kingambit|fallen2|[silent]\n|turn|7\n|\n|t:|1699747208\n|move|p2a: Kingambit|Sucker Punch|p1a: Garchomp\n|-damage|p1a: Garchomp|52\/100\n|-damage|p2a: Kingambit|79\/100|[from] ability: Rough Skin|[of] p1a: Garchomp\n|move|p1a: Garchomp|Outrage|p2a: Kingambit|[from]lockedmove\n|-resisted|p2a: Kingambit\n|-damage|p2a: Kingambit|43\/100\n|-start|p1a: Garchomp|confusion|[fatigue]\n|\n|upkeep\n|turn|8\n|\n|t:|1699747219\n|-activate|p1a: Garchomp|move: Pursuit\n|move|p2a: Kingambit|Pursuit|p1a: Garchomp|[from]Pursuit\n|-damage|p1a: Garchomp|0 fnt\n|-damage|p2a: Kingambit|31\/100|[from] ability: Rough Skin|[of] p1a: Garchomp\n|faint|p1a: Garchomp\n|-hint|A Pokemon can't switch between when it runs out of HP and when it faints\n|\n|upkeep\n|\n|t:|1699747227\n|switch|p1a: Sneasler|Sneasler, F|100\/100\n|turn|9\n|\n|t:|1699747241\n|move|p1a: Sneasler|Fake Out|p2a: Kingambit\n|-enditem|p1a: Sneasler|Normal Gem|[from] gem\n|-resisted|p2a: Kingambit\n|-damage|p2a: Kingambit|23\/100\n|cant|p2a: Kingambit|flinch\n|\n|upkeep\n|turn|10\n|\n|t:|1699747245\n|move|p2a: Kingambit|Sucker Punch|p1a: Sneasler\n|-resisted|p1a: Sneasler\n|-damage|p1a: Sneasler|60\/100\n|move|p1a: Sneasler|Close Combat|p2a: Kingambit\n|-supereffective|p2a: Kingambit\n|-damage|p2a: Kingambit|0 fnt\n|-unboost|p1a: Sneasler|def|1\n|-unboost|p1a: Sneasler|spd|1\n|faint|p2a: Kingambit\n|-end|p2a: Kingambit|fallen2|[silent]\n|\n|upkeep\n|\n|t:|1699747250\n|switch|p2a: Volcarona|Volcarona, F, shiny|100\/100\n|-item|p2a: Volcarona|Air Balloon\n|turn|11\n|\n|t:|1699747260\n|move|p1a: Sneasler|Acrobatics|p2a: Volcarona\n|-supereffective|p2a: Volcarona\n|-damage|p2a: Volcarona|0 fnt\n|-enditem|p2a: Volcarona|Air Balloon\n|faint|p2a: Volcarona\n|\n|upkeep\n|\n|t:|1699747266\n|switch|p2a: Alakazam|Alakazam-Mega, F|100\/100\n|-ability|p2a: Alakazam|Unburden|[from] ability: Trace|[of] p1a: Sneasler\n|turn|12\n|\n|t:|1699747270\n|move|p1a: Sneasler|Dire Claw|p2a: Alakazam\n|-damage|p2a: Alakazam|15\/100\n|move|p2a: Alakazam|Psychic|p1a: Sneasler\n|-supereffective|p1a: Sneasler\n|-damage|p1a: Sneasler|0 fnt\n|faint|p1a: Sneasler\n|\n|upkeep\n|\n|t:|1699747276\n|switch|p1a: Palafin|Palafin-Hero, F|100\/100\n|-activate|p1a: Palafin|ability: Zero to Hero\n|turn|13\n|\n|t:|1699747282\n|move|p1a: Palafin|Jet Punch|p2a: Alakazam\n|-damage|p2a: Alakazam|0 fnt\n|faint|p2a: Alakazam\n|\n|upkeep\n|\n|t:|1699747284\n|switch|p2a: Darmanitan|Darmanitan-Galar, M|100\/100\n|turn|14\n|\n|t:|1699747302\n|move|p1a: Palafin|Jet Punch|p2a: Darmanitan\n|-damage|p2a: Darmanitan|17\/100\n|move|p2a: Darmanitan|Rock Slide|p1a: Palafin\n|-damage|p1a: Palafin|62\/100\n|\n|upkeep\n|turn|15\n|\n|t:|1699747308\n|move|p1a: Palafin|Jet Punch|p2a: Darmanitan\n|-damage|p2a: Darmanitan|0 fnt\n|faint|p2a: Darmanitan\n|\n|win|DracoAxel\n|c|\u2606hanagakiUBD|Gg\n|c|\u2606hanagakiUBD|Es bo1 no?\n","uploadtime":1699747330,"views":15,"p1id":"dracoaxel","p2id":"hanagakiubd","formatid":"gen9nationaldexubers","rating":0,"private":0,"password":""}