{"id":"gen9nationaldexubers-1985738873","p1":"IncandescentCandle","p2":"A_Gamer8414","format":"[Gen 9] National Dex Ubers","log":"|j|\u2606IncandescentCandle\n|j|\u2606A_Gamer8414\n|t:|1699401061\n|gametype|singles\n|player|p1|IncandescentCandle|dawn|\n|player|p2|A_Gamer8414|n|\n|teamsize|p1|6\n|teamsize|p2|6\n|gen|9\n|tier|[Gen 9] National Dex Ubers\n|rule|HP Percentage Mod: HP is shown in percentages\n|rule|Endless Battle Clause: Forcing endless battles is banned\n|rule|OHKO Clause: OHKO moves are banned\n|rule|Evasion Moves Clause: Evasion moves are banned\n|rule|Evasion Items Clause: Evasion items are banned\n|rule|Species Clause: Limit one of each Pok\u00e9mon\n|rule|Sleep Clause Mod: Limit one foe put to sleep\n|rule|Mega Rayquaza Clause: You cannot mega evolve Rayquaza\n|clearpoke\n|poke|p1|Ogerpon-Wellspring, F|\n|poke|p1|Glimmora, F|\n|poke|p1|Gholdengo|\n|poke|p1|Iron Valiant|\n|poke|p1|Tapu Koko|\n|poke|p1|Scizor, M|\n|poke|p2|Diancie|\n|poke|p2|Iron Valiant|\n|poke|p2|Tapu Koko|\n|poke|p2|Klefki, F|\n|poke|p2|Hatterene, F|\n|poke|p2|Primarina, F|\n|teampreview\n|c|\u2606IncandescentCandle|hf\n|c|\u2606IncandescentCandle|water wellspring\n|\n|t:|1699401098\n|start\n|switch|p1a: sugar crystal|Glimmora, F|100\/100\n|switch|p2a: Klefki|Klefki, F|100\/100\n|turn|1\n|\n|t:|1699401113\n|move|p2a: Klefki|Thunder Wave|p1a: sugar crystal\n|-status|p1a: sugar crystal|par\n|move|p1a: sugar crystal|Stealth Rock|p2a: Klefki\n|-sidestart|p2: A_Gamer8414|move: Stealth Rock\n|\n|upkeep\n|turn|2\n|\n|t:|1699401122\n|switch|p1a: gold taxation|Gholdengo|100\/100\n|move|p2a: Klefki|Light Screen|p2a: Klefki\n|-sidestart|p2: A_Gamer8414|move: Light Screen\n|\n|upkeep\n|turn|3\n|\n|t:|1699401136\n|move|p2a: Klefki|Reflect|p2a: Klefki\n|-sidestart|p2: A_Gamer8414|Reflect\n|move|p1a: gold taxation|Nasty Plot|p1a: gold taxation\n|-boost|p1a: gold taxation|spa|2\n|\n|upkeep\n|turn|4\n|\n|t:|1699401154\n|move|p1a: gold taxation|Make It Rain|p2a: Klefki\n|-damage|p2a: Klefki|28\/100\n|-unboost|p1a: gold taxation|spa|1\n|move|p2a: Klefki|Foul Play|p1a: gold taxation\n|-supereffective|p1a: gold taxation\n|-damage|p1a: gold taxation|76\/100\n|\n|upkeep\n|turn|5\n|\n|t:|1699401168\n|switch|p2a: Primarina|Primarina, F|100\/100\n|-damage|p2a: Primarina|88\/100|[from] Stealth Rock\n|move|p1a: gold taxation|Shadow Ball|p2a: Primarina\n|-damage|p2a: Primarina|63\/100\n|\n|upkeep\n|turn|6\n|\n|t:|1699401209\n|switch|p1a: \ud83d\ude14|Ogerpon-Wellspring, F|100\/100\n|move|p2a: Primarina|Sparkling Aria|p1a: \ud83d\ude14\n|-immune|p1a: \ud83d\ude14|[from] ability: Water Absorb\n|\n|upkeep\n|turn|7\n|c|\u2606IncandescentCandle|pensive\n|\n|t:|1699401227\n|switch|p2a: Klefki|Klefki, F|28\/100\n|-damage|p2a: Klefki|22\/100|[from] Stealth Rock\n|move|p1a: \ud83d\ude14|Power Whip|p2a: Klefki\n|-resisted|p2a: Klefki\n|-damage|p2a: Klefki|7\/100\n|\n|upkeep\n|turn|8\n|\n|t:|1699401235\n|switch|p1a: gold taxation|Gholdengo|76\/100\n|move|p2a: Klefki|Thunder Wave|p1a: gold taxation\n|-immune|p1a: gold taxation|[from] ability: Good as Gold\n|\n|upkeep\n|turn|9\n|\n|t:|1699401270\n|move|p1a: gold taxation|Shadow Ball|p2a: Klefki\n|-damage|p2a: Klefki|0 fnt\n|faint|p2a: Klefki\n|\n|-sideend|p2: A_Gamer8414|move: Light Screen\n|upkeep\n|\n|t:|1699401273\n|switch|p2a: Diancie|Diancie|100\/100\n|-damage|p2a: Diancie|88\/100|[from] Stealth Rock\n|turn|10\n|\n|t:|1699401320\n|detailschange|p2a: Diancie|Diancie-Mega\n|-mega|p2a: Diancie|Diancie|Diancite\n|move|p2a: Diancie|Earth Power|p1a: gold taxation\n|-supereffective|p1a: gold taxation\n|-enditem|p1a: gold taxation|Shuca Berry|[eat]\n|-enditem|p1a: gold taxation|Shuca Berry|[weaken]\n|-damage|p1a: gold taxation|30\/100\n|move|p1a: gold taxation|Make It Rain|p2a: Diancie\n|-supereffective|p2a: Diancie\n|-damage|p2a: Diancie|0 fnt\n|-unboost|p1a: gold taxation|spa|1\n|faint|p2a: Diancie\n|\n|-sideend|p2: A_Gamer8414|Reflect\n|upkeep\n|c|\u2606A_Gamer8414|rude\n|c|\u2606IncandescentCandle|gold taxation\n|\n|t:|1699401343\n|switch|p2a: Iron Valiant|Iron Valiant|100\/100\n|-damage|p2a: Iron Valiant|94\/100|[from] Stealth Rock\n|turn|11\n|\n|t:|1699401347\n|switch|p1a: sugar crystal|Glimmora, F|100\/100 par\n|move|p2a: Iron Valiant|Knock Off|p1a: sugar crystal\n|-damage|p1a: sugar crystal|57\/100 par\n|-activate|p1a: sugar crystal|ability: Toxic Debris\n|-sidestart|p2: A_Gamer8414|move: Toxic Spikes\n|-enditem|p1a: sugar crystal|Focus Sash|[from] move: Knock Off|[of] p2a: Iron Valiant\n|\n|upkeep\n|turn|12\n|\n|t:|1699401364\n|-end|p2a: Iron Valiant|Quark Drive|[silent]\n|switch|p2a: Tapu Koko|Tapu Koko|100\/100\n|-fieldstart|move: Electric Terrain|[from] ability: Electric Surge|[of] p2a: Tapu Koko\n|move|p1a: sugar crystal|Earth Power|p2a: Tapu Koko\n|-supereffective|p2a: Tapu Koko\n|-damage|p2a: Tapu Koko|15\/100\n|\n|upkeep\n|turn|13\n|\n|t:|1699401373\n|move|p2a: Tapu Koko|Defog|p1a: sugar crystal\n|-unboost|p1a: sugar crystal|evasion|1\n|-sideend|p2: A_Gamer8414|Toxic Spikes|[from] move: Defog|[of] p2a: Tapu Koko\n|-sideend|p2: A_Gamer8414|Stealth Rock|[from] move: Defog|[of] p2a: Tapu Koko\n|-fieldend|move: Electric Terrain\n|move|p1a: sugar crystal|Earth Power|p2a: Tapu Koko\n|-supereffective|p2a: Tapu Koko\n|-damage|p2a: Tapu Koko|0 fnt\n|faint|p2a: Tapu Koko\n|\n|upkeep\n|\n|t:|1699401383\n|switch|p2a: Iron Valiant|Iron Valiant|94\/100\n|turn|14\n|\n|t:|1699401394\n|move|p2a: Iron Valiant|Swords Dance|p2a: Iron Valiant\n|-boost|p2a: Iron Valiant|atk|2\n|move|p1a: sugar crystal|Earth Power|p2a: Iron Valiant\n|-damage|p2a: Iron Valiant|36\/100\n|\n|upkeep\n|turn|15\n|\n|t:|1699401405\n|move|p2a: Iron Valiant|Close Combat|p1a: sugar crystal\n|-damage|p1a: sugar crystal|0 fnt\n|-unboost|p2a: Iron Valiant|def|1\n|-unboost|p2a: Iron Valiant|spd|1\n|-activate|p1a: sugar crystal|ability: Toxic Debris\n|-sidestart|p2: A_Gamer8414|move: Toxic Spikes\n|faint|p1a: sugar crystal\n|\n|upkeep\n|\n|t:|1699401424\n|switch|p1a: him.|Scizor, M|100\/100\n|turn|16\n|\n|t:|1699401432\n|detailschange|p1a: him.|Scizor-Mega, M\n|-mega|p1a: him.|Scizor|Scizorite\n|move|p1a: him.|Bullet Punch|p2a: Iron Valiant\n|-supereffective|p2a: Iron Valiant\n|-damage|p2a: Iron Valiant|0 fnt\n|faint|p2a: Iron Valiant\n|-end|p2a: Iron Valiant|Quark Drive|[silent]\n|\n|upkeep\n|\n|t:|1699401439\n|switch|p2a: Primarina|Primarina, F|63\/100\n|-status|p2a: Primarina|psn\n|turn|17\n|\n|t:|1699401449\n|-terastallize|p2a: Primarina|Water\n|move|p1a: him.|Roost||[still]\n|-fail|p1a: him.|heal\n|move|p2a: Primarina|Sparkling Aria|p1a: him.\n|-damage|p1a: him.|31\/100\n|\n|-damage|p2a: Primarina|50\/100 psn|[from] psn\n|upkeep\n|turn|18\n|c|\u2606IncandescentCandle|im faster\n|c|\u2606IncandescentCandle|hm\n|\n|t:|1699401463\n|move|p1a: him.|U-turn|p2a: Primarina\n|-damage|p2a: Primarina|7\/100 psn\n|\n|t:|1699401465\n|switch|p1a: \ud83d\ude14|Ogerpon-Wellspring, F|100\/100|[from] U-turn\n|move|p2a: Primarina|Sparkling Aria|p1a: \ud83d\ude14\n|-immune|p1a: \ud83d\ude14|[from] ability: Water Absorb\n|\n|-damage|p2a: Primarina|0 fnt|[from] psn\n|faint|p2a: Primarina\n|upkeep\n|\n|t:|1699401468\n|switch|p2a: Hatterene|Hatterene, F|100\/100\n|-status|p2a: Hatterene|psn\n|turn|19\n|c|\u2606IncandescentCandle|oh ye im water wellspring\n|\n|t:|1699401505\n|-terastallize|p1a: \ud83d\ude14|Water\n|detailschange|p1a: \ud83d\ude14|Ogerpon-Wellspring-Tera, F, tera:Water\n|-ability|p1a: \ud83d\ude14|Embody Aspect (Wellspring)|boost\n|-boost|p1a: \ud83d\ude14|spd|1\n|move|p1a: \ud83d\ude14|Ivy Cudgel|p2a: Hatterene\n|-crit|p2a: Hatterene\n|-damage|p2a: Hatterene|5\/100 psn\n|move|p2a: Hatterene|Calm Mind|p2a: Hatterene\n|-boost|p2a: Hatterene|spa|1\n|-boost|p2a: Hatterene|spd|1\n|\n|-heal|p2a: Hatterene|11\/100 psn|[from] item: Leftovers\n|-damage|p2a: Hatterene|0 fnt|[from] psn\n|faint|p2a: Hatterene\n|\n|win|IncandescentCandle\n|upkeep\n","uploadtime":1699401512,"views":6,"p1id":"incandescentcandle","p2id":"agamer8414","formatid":"gen9nationaldexubers","rating":0,"private":0,"password":""}