{"id":"gen9nationaldexubers-2000351288","p1":"LittleTimmy2006","p2":"Itriedtodo","format":"[Gen 9] National Dex Ubers","log":"|j|\u2606LittleTimmy2006\n|j|\u2606Itriedtodo\n|t:|1701187424\n|gametype|singles\n|player|p1|LittleTimmy2006|102|1480\n|player|p2|Itriedtodo|teamrocket|1576\n|teamsize|p1|6\n|teamsize|p2|6\n|gen|9\n|tier|[Gen 9] National Dex Ubers\n|rated|\n|rule|HP Percentage Mod: HP is shown in percentages\n|rule|Endless Battle Clause: Forcing endless battles is banned\n|rule|OHKO Clause: OHKO moves are banned\n|rule|Evasion Moves Clause: Evasion moves are banned\n|rule|Evasion Items Clause: Evasion items are banned\n|rule|Species Clause: Limit one of each Pok\u00e9mon\n|rule|Sleep Clause Mod: Limit one foe put to sleep\n|rule|Mega Rayquaza Clause: You cannot mega evolve Rayquaza\n|clearpoke\n|poke|p1|Orthworm, M|\n|poke|p1|Ditto|\n|poke|p1|Kyogre|\n|poke|p1|Groudon|\n|poke|p1|Snorlax, M|\n|poke|p1|Pheromosa|\n|poke|p2|Groudon|\n|poke|p2|Salamence, F|\n|poke|p2|Arceus|\n|poke|p2|Xerneas-*|\n|poke|p2|Slurpuff, M|\n|poke|p2|Necrozma-Dusk-Mane|\n|teampreview\n|inactive|Battle timer is ON: inactive players will automatically lose when time's up. (requested by Itriedtodo)\n|inactive|Itriedtodo has 120 seconds left.\n|\n|t:|1701187459\n|start\n|switch|p1a: Kyogre|Kyogre|100\/100\n|switch|p2a: Slurpuff|Slurpuff, M|100\/100\n|detailschange|p1a: Kyogre|Kyogre-Primal\n|-primal|p1a: Kyogre|Blue Orb\n|-weather|PrimordialSea|[from] ability: Primordial Sea|[of] p1a: Kyogre\n|turn|1\n|\n|t:|1701187468\n|move|p2a: Slurpuff|Sticky Web|p1a: Kyogre\n|-sidestart|p1: LittleTimmy2006|move: Sticky Web\n|move|p1a: Kyogre|Ancient Power|p2a: Slurpuff\n|-damage|p2a: Slurpuff|35\/100\n|-boost|p1a: Kyogre|atk|1\n|-boost|p1a: Kyogre|def|1\n|-boost|p1a: Kyogre|spa|1\n|-boost|p1a: Kyogre|spd|1\n|-boost|p1a: Kyogre|spe|1\n|\n|-weather|PrimordialSea|[upkeep]\n|upkeep\n|turn|2\n|\n|t:|1701187475\n|move|p1a: Kyogre|Ancient Power|p2a: Slurpuff\n|-damage|p2a: Slurpuff|0 fnt\n|faint|p2a: Slurpuff\n|\n|-weather|PrimordialSea|[upkeep]\n|upkeep\n|\n|t:|1701187479\n|switch|p2a: Groudon|Groudon|100\/100\n|detailschange|p2a: Groudon|Groudon-Primal\n|-primal|p2a: Groudon|Red Orb\n|-weather|DesolateLand|[from] ability: Desolate Land|[of] p2a: Groudon\n|turn|3\n|\n|t:|1701187486\n|move|p1a: Kyogre|Ancient Power|p2a: Groudon\n|-damage|p2a: Groudon|55\/100\n|move|p2a: Groudon|Precipice Blades|p1a: Kyogre\n|-damage|p1a: Kyogre|50\/100\n|\n|-weather|DesolateLand|[upkeep]\n|upkeep\n|turn|4\n|\n|t:|1701187499\n|move|p1a: Kyogre|Ancient Power|p2a: Groudon\n|-crit|p2a: Groudon\n|-damage|p2a: Groudon|0 fnt\n|-boost|p1a: Kyogre|atk|1\n|-boost|p1a: Kyogre|def|1\n|-boost|p1a: Kyogre|spa|1\n|-boost|p1a: Kyogre|spd|1\n|-boost|p1a: Kyogre|spe|1\n|faint|p2a: Groudon\n|-weather|none\n|\n|upkeep\n|c|\u2606Itriedtodo|bro what the fuck\n|c|\u2606Itriedtodo|like man\n|\n|t:|1701187511\n|switch|p2a: Necrozma|Necrozma-Dusk-Mane|100\/100\n|turn|5\n|\n|t:|1701187529\n|detailschange|p2a: Necrozma|Necrozma-Ultra\n|-burst|p2a: Necrozma|Necrozma|Ultranecrozium Z\n|move|p1a: Kyogre|Rest|p1a: Kyogre\n|-status|p1a: Kyogre|slp|[from] move: Rest\n|-heal|p1a: Kyogre|100\/100 slp|[silent]\n|move|p2a: Necrozma|Dragon Dance|p2a: Necrozma\n|-boost|p2a: Necrozma|atk|1\n|-boost|p2a: Necrozma|spe|1\n|\n|upkeep\n|turn|6\n|\n|t:|1701187553\n|-zpower|p2a: Necrozma\n|move|p2a: Necrozma|Light That Burns the Sky|p1a: Kyogre|[zeffect]\n|-damage|p1a: Kyogre|14\/100 slp\n|cant|p1a: Kyogre|slp\n|move|p1a: Kyogre|Sleep Talk|p1a: Kyogre\n|move|p1a: Kyogre|Ancient Power|p2a: Necrozma|[from]move: Sleep Talk\n|-damage|p2a: Necrozma|30\/100\n|\n|upkeep\n|turn|7\n|c|\u2606Itriedtodo|what a fucking sick freak set\n|c|\u2606Itriedtodo|like holy shit\n|c|\u2606Itriedtodo|ancient power\n|\n|t:|1701187581\n|switch|p1a: Groudon|Groudon|100\/100\n|-activate|p1a: Groudon|move: Sticky Web\n|-unboost|p1a: Groudon|spe|1\n|detailschange|p1a: Groudon|Groudon-Primal\n|-primal|p1a: Groudon|Red Orb\n|-weather|DesolateLand|[from] ability: Desolate Land|[of] p1a: Groudon\n|move|p2a: Necrozma|Earthquake|p1a: Groudon\n|-supereffective|p1a: Groudon\n|-damage|p1a: Groudon|0 fnt\n|faint|p1a: Groudon\n|-weather|none\n|\n|upkeep\n|inactive|LittleTimmy2006 has 120 seconds left.\n|\n|t:|1701187593\n|switch|p1a: Wormy|Orthworm, M|100\/100\n|-activate|p1a: Wormy|move: Sticky Web\n|-unboost|p1a: Wormy|spe|1\n|turn|8\n|inactive|Itriedtodo has 120 seconds left.\n|\n|t:|1701187624\n|move|p2a: Necrozma|Photon Geyser|p1a: Wormy\n|-resisted|p1a: Wormy\n|-damage|p1a: Wormy|74\/100\n|move|p1a: Wormy|Shed Tail|p1a: Wormy\n|-start|p1a: Wormy|Substitute|[from] move: Shed Tail\n|-damage|p1a: Wormy|24\/100\n|-enditem|p1a: Wormy|Sitrus Berry|[eat]\n|-heal|p1a: Wormy|49\/100|[from] item: Sitrus Berry\n|c|\u2606LittleTimmy2006|Pretty good\n|inactive|LittleTimmy2006 has 120 seconds left.\n|c|\u2606LittleTimmy2006|kyogres defense isn\u2019t great though\n|\n|t:|1701187653\n|switch|p1a: Pheromosa|Pheromosa|100\/100|[from] Shed Tail\n|-activate|p1a: Pheromosa|move: Sticky Web\n|-unboost|p1a: Pheromosa|spe|1\n|\n|upkeep\n|turn|9\n|inactive|Itriedtodo has 120 seconds left.\n|c|\u2606Itriedtodo|yeah and it realies on luck and being a psycho\n|\n|t:|1701187670\n|move|p2a: Necrozma|Photon Geyser|p1a: Pheromosa\n|-supereffective|p1a: Pheromosa\n|-end|p1a: Pheromosa|Substitute\n|move|p1a: Pheromosa|Lunge|p2a: Necrozma\n|-supereffective|p2a: Necrozma\n|-damage|p2a: Necrozma|0 fnt\n|faint|p2a: Necrozma\n|-ability|p1a: Pheromosa|Beast Boost|boost\n|-boost|p1a: Pheromosa|atk|1\n|\n|upkeep\n|\n|t:|1701187676\n|switch|p2a: Salamence|Salamence, F|100\/100\n|-ability|p2a: Salamence|Intimidate|boost\n|-unboost|p1a: Pheromosa|atk|1\n|turn|10\n|inactive|Itriedtodo has 120 seconds left.\n|\n|t:|1701187687\n|switch|p1a: Wormy|Orthworm, M|49\/100\n|-activate|p1a: Wormy|move: Sticky Web\n|-unboost|p1a: Wormy|spe|1\n|detailschange|p2a: Salamence|Salamence-Mega, F\n|-mega|p2a: Salamence|Salamence|Salamencite\n|move|p2a: Salamence|Return|p1a: Wormy\n|-resisted|p1a: Wormy\n|-damage|p1a: Wormy|30\/100\n|\n|upkeep\n|turn|11\n|\n|t:|1701187700\n|move|p2a: Salamence|Dragon Dance|p2a: Salamence\n|-boost|p2a: Salamence|atk|1\n|-boost|p2a: Salamence|spe|1\n|move|p1a: Wormy|Rest|p1a: Wormy\n|-status|p1a: Wormy|slp|[from] move: Rest\n|-heal|p1a: Wormy|100\/100 slp|[silent]\n|\n|upkeep\n|turn|12\n|\n|t:|1701187707\n|move|p2a: Salamence|Dragon Dance|p2a: Salamence\n|-boost|p2a: Salamence|atk|1\n|-boost|p2a: Salamence|spe|1\n|cant|p1a: Wormy|slp\n|move|p1a: Wormy|Sleep Talk|p1a: Wormy\n|move|p1a: Wormy|Shed Tail|p1a: Wormy|[from]move: Sleep Talk\n|-start|p1a: Wormy|Substitute|[from] move: Shed Tail\n|-damage|p1a: Wormy|50\/100 slp\n|c|\u2606Itriedtodo|sick\n|\n|t:|1701187718\n|switch|p1a: Ditto|Ditto|100\/100|[from] Shed Tail\n|-activate|p1a: Ditto|move: Sticky Web\n|-unboost|p1a: Ditto|spe|1\n|-transform|p1a: Ditto|p2a: Salamence|[from] ability: Imposter\n|\n|upkeep\n|turn|13\n|\n|t:|1701187729\n|move|p1a: Ditto|Return|p2a: Salamence\n|-damage|p2a: Salamence|0 fnt\n|faint|p2a: Salamence\n|\n|upkeep\n|c|\u2606Itriedtodo|like man\n|-message|Itriedtodo forfeited.\n|\n|win|LittleTimmy2006\n|raw|LittleTimmy2006's rating: 1480 &rarr; <strong>1505<\/strong><br \/>(+25 for winning)\n|raw|Itriedtodo's rating: 1576 &rarr; <strong>1551<\/strong><br \/>(-25 for losing)\n","uploadtime":1701187571,"views":1,"p1id":"littletimmy2006","p2id":"itriedtodo","formatid":"gen9nationaldexubers","rating":1505,"private":0,"password":""}