{"id":"gen9nationaldexubers-1998913061","p1":"Barton Zhang114514","p2":"yoimiya277","format":"[Gen 9] National Dex Ubers","log":"|j|\u2606Barton Zhang114514\n|j|\u2606yoimiya277\n|t:|1701012293\n|gametype|singles\n|player|p1|Barton Zhang114514|266|1238\n|player|p2|yoimiya277|lady-gen4|1243\n|teamsize|p1|6\n|teamsize|p2|6\n|gen|9\n|tier|[Gen 9] National Dex Ubers\n|rated|\n|rule|HP Percentage Mod: HP is shown in percentages\n|rule|Endless Battle Clause: Forcing endless battles is banned\n|rule|OHKO Clause: OHKO moves are banned\n|rule|Evasion Moves Clause: Evasion moves are banned\n|rule|Evasion Items Clause: Evasion items are banned\n|rule|Species Clause: Limit one of each Pok\u00e9mon\n|rule|Sleep Clause Mod: Limit one foe put to sleep\n|rule|Mega Rayquaza Clause: You cannot mega evolve Rayquaza\n|clearpoke\n|poke|p1|Marshadow|\n|poke|p1|Slurpuff, F|\n|poke|p1|Kyogre|\n|poke|p1|Zacian-*|\n|poke|p1|Dragapult, M|\n|poke|p1|Baxcalibur, F|\n|poke|p2|Naganadel|\n|poke|p2|Kartana|\n|poke|p2|Gastrodon, F|\n|poke|p2|Mandibuzz, F|\n|poke|p2|Darmanitan, F|\n|poke|p2|Ribombee, M|\n|teampreview\n|\n|t:|1701012312\n|start\n|switch|p1a: Slurpuff|Slurpuff, F, shiny|100\/100\n|switch|p2a: Ribombee|Ribombee, M|100\/100\n|turn|1\n|\n|t:|1701012320\n|move|p2a: Ribombee|Trick|p1a: Slurpuff\n|-activate|p2a: Ribombee|move: Trick|[of] p1a: Slurpuff\n|-item|p1a: Slurpuff|Choice Specs|[from] move: Trick\n|-item|p2a: Ribombee|Focus Sash|[from] move: Trick\n|move|p1a: Slurpuff|Sticky Web|p2a: Ribombee\n|-sidestart|p2: yoimiya277|move: Sticky Web\n|\n|upkeep\n|turn|2\n|\n|t:|1701012337\n|-terastallize|p1a: Slurpuff|Fairy\n|move|p2a: Ribombee|Moonblast|p1a: Slurpuff\n|-crit|p1a: Slurpuff\n|-damage|p1a: Slurpuff|38\/100\n|move|p1a: Slurpuff|Sticky Web||[still]\n|-fail|p1a: Slurpuff\n|\n|upkeep\n|turn|3\n|\n|t:|1701012349\n|switch|p2a: Mandibuzz|Mandibuzz, F|100\/100\n|move|p1a: Slurpuff|Sticky Web||[still]\n|-fail|p1a: Slurpuff\n|\n|upkeep\n|turn|4\n|\n|t:|1701012358\n|move|p2a: Mandibuzz|Toxic|p1a: Slurpuff|[miss]\n|-miss|p2a: Mandibuzz|p1a: Slurpuff\n|move|p1a: Slurpuff|Sticky Web||[still]\n|-fail|p1a: Slurpuff\n|\n|upkeep\n|turn|5\n|\n|t:|1701012363\n|move|p2a: Mandibuzz|Toxic|p1a: Slurpuff\n|-status|p1a: Slurpuff|tox\n|move|p1a: Slurpuff|Sticky Web||[still]\n|-fail|p1a: Slurpuff\n|\n|-damage|p1a: Slurpuff|32\/100 tox|[from] psn\n|upkeep\n|turn|6\n|\n|t:|1701012369\n|move|p2a: Mandibuzz|Defog|p1a: Slurpuff\n|-unboost|p1a: Slurpuff|evasion|1\n|-sideend|p2: yoimiya277|Sticky Web|[from] move: Defog|[of] p2a: Mandibuzz\n|move|p1a: Slurpuff|Sticky Web|p2a: Mandibuzz\n|-sidestart|p2: yoimiya277|move: Sticky Web\n|\n|-damage|p1a: Slurpuff|19\/100 tox|[from] psn\n|upkeep\n|turn|7\n|\n|t:|1701012385\n|switch|p2a: Naganadel|Naganadel|100\/100\n|-activate|p2a: Naganadel|move: Sticky Web\n|-unboost|p2a: Naganadel|spe|1\n|move|p1a: Slurpuff|Sticky Web||[still]\n|-fail|p1a: Slurpuff\n|\n|-damage|p1a: Slurpuff|0 fnt|[from] psn\n|faint|p1a: Slurpuff\n|upkeep\n|\n|t:|1701012401\n|switch|p1a: Dragapult|Dragapult, M|100\/100\n|turn|8\n|\n|t:|1701012409\n|switch|p2a: Mandibuzz|Mandibuzz, F|100\/100\n|move|p1a: Dragapult|Outrage|p2a: Mandibuzz\n|-damage|p2a: Mandibuzz|70\/100\n|\n|upkeep\n|turn|9\n|\n|t:|1701012426\n|move|p1a: Dragapult|Outrage|p2a: Mandibuzz|[from]lockedmove\n|-damage|p2a: Mandibuzz|39\/100\n|move|p2a: Mandibuzz|Defog|p1a: Dragapult\n|-fail|p1a: Dragapult|unboost|[from] ability: Clear Body|[of] p1a: Dragapult\n|-sideend|p2: yoimiya277|Sticky Web|[from] move: Defog|[of] p2a: Mandibuzz\n|\n|upkeep\n|turn|10\n|\n|t:|1701012433\n|move|p1a: Dragapult|Outrage|p2a: Mandibuzz|[from]lockedmove\n|-damage|p2a: Mandibuzz|9\/100\n|-start|p1a: Dragapult|confusion|[fatigue]\n|move|p2a: Mandibuzz|Roost|p2a: Mandibuzz\n|-heal|p2a: Mandibuzz|59\/100\n|-singleturn|p2a: Mandibuzz|move: Roost\n|\n|upkeep\n|turn|11\n|\n|t:|1701012451\n|-activate|p1a: Dragapult|confusion\n|move|p1a: Dragapult|Body Slam|p2a: Mandibuzz\n|-damage|p2a: Mandibuzz|45\/100\n|move|p2a: Mandibuzz|Knock Off|p1a: Dragapult\n|-supereffective|p1a: Dragapult\n|-damage|p1a: Dragapult|39\/100\n|-enditem|p1a: Dragapult|Focus Sash|[from] move: Knock Off|[of] p2a: Mandibuzz\n|\n|upkeep\n|turn|12\n|\n|t:|1701012461\n|move|p2a: Mandibuzz|Roost|p2a: Mandibuzz\n|-heal|p2a: Mandibuzz|95\/100\n|-singleturn|p2a: Mandibuzz|move: Roost\n|-end|p1a: Dragapult|confusion\n|move|p1a: Dragapult|Dragon Tail|p2a: Mandibuzz\n|-damage|p2a: Mandibuzz|81\/100\n|drag|p2a: Ribombee|Ribombee, M|100\/100\n|\n|upkeep\n|turn|13\n|\n|t:|1701012477\n|move|p1a: Dragapult|Thunder Wave|p2a: Ribombee\n|-status|p2a: Ribombee|par\n|move|p2a: Ribombee|Sticky Web|p1a: Dragapult\n|-sidestart|p1: Barton Zhang114514|move: Sticky Web\n|\n|upkeep\n|turn|14\n|\n|t:|1701012486\n|move|p2a: Ribombee|Moonblast|p1a: Dragapult\n|-supereffective|p1a: Dragapult\n|-damage|p1a: Dragapult|0 fnt\n|faint|p1a: Dragapult\n|\n|upkeep\n|\n|t:|1701012497\n|switch|p1a: Zacian|Zacian-Crowned, shiny|100\/100\n|-activate|p1a: Zacian|move: Sticky Web\n|-unboost|p1a: Zacian|spe|1\n|-ability|p1a: Zacian|Intrepid Sword|boost\n|-boost|p1a: Zacian|atk|1\n|turn|15\n|\n|t:|1701012507\n|switch|p2a: Gastrodon|Gastrodon, F|100\/100\n|move|p1a: Zacian|Behemoth Blade|p2a: Gastrodon\n|-resisted|p2a: Gastrodon\n|-damage|p2a: Gastrodon|53\/100\n|\n|upkeep\n|turn|16\n|\n|t:|1701012535\n|switch|p2a: Mandibuzz|Mandibuzz, F|81\/100\n|move|p1a: Zacian|Behemoth Blade|p2a: Mandibuzz\n|-damage|p2a: Mandibuzz|36\/100\n|\n|upkeep\n|turn|17\n|\n|t:|1701012544\n|move|p1a: Zacian|Wild Charge|p2a: Mandibuzz\n|-supereffective|p2a: Mandibuzz\n|-damage|p2a: Mandibuzz|0 fnt\n|faint|p2a: Mandibuzz\n|-damage|p1a: Zacian|89\/100|[from] Recoil\n|\n|upkeep\n|\n|t:|1701012547\n|switch|p2a: Darmanitan|Darmanitan, F|100\/100\n|turn|18\n|\n|t:|1701012558\n|switch|p1a: Kyogre|Kyogre, shiny|100\/100\n|-activate|p1a: Kyogre|move: Sticky Web\n|-unboost|p1a: Kyogre|spe|1\n|-weather|RainDance|[from] ability: Drizzle|[of] p1a: Kyogre\n|move|p2a: Darmanitan|Flare Blitz|p1a: Kyogre\n|-resisted|p1a: Kyogre\n|-damage|p1a: Kyogre|71\/100\n|-damage|p2a: Darmanitan|91\/100|[from] Recoil\n|\n|-weather|RainDance|[upkeep]\n|upkeep\n|turn|19\n|inactive|Battle timer is ON: inactive players will automatically lose when time's up. (requested by yoimiya277)\n|\n|t:|1701012569\n|switch|p2a: Gastrodon|Gastrodon, F|53\/100\n|move|p1a: Kyogre|Water Spout|p2a: Gastrodon\n|-ability|p2a: Gastrodon|Storm Drain|boost\n|-boost|p2a: Gastrodon|spa|1\n|\n|-weather|RainDance|[upkeep]\n|upkeep\n|turn|20\n|\n|t:|1701012585\n|switch|p1a: Baxcalibur|Baxcalibur, F|100\/100\n|-activate|p1a: Baxcalibur|move: Sticky Web\n|-unboost|p1a: Baxcalibur|spe|1\n|move|p2a: Gastrodon|Recover|p2a: Gastrodon\n|-heal|p2a: Gastrodon|100\/100\n|\n|-weather|RainDance|[upkeep]\n|upkeep\n|turn|21\n|\n|t:|1701012605\n|switch|p2a: Naganadel|Naganadel|100\/100\n|move|p1a: Baxcalibur|Dragon Dance|p1a: Baxcalibur\n|-boost|p1a: Baxcalibur|atk|1\n|-boost|p1a: Baxcalibur|spe|1\n|\n|-weather|RainDance|[upkeep]\n|upkeep\n|turn|22\n|\n|t:|1701012617\n|move|p2a: Naganadel|Draco Meteor|p1a: Baxcalibur\n|-supereffective|p1a: Baxcalibur\n|-enditem|p1a: Baxcalibur|Focus Sash\n|-damage|p1a: Baxcalibur|1\/100\n|-unboost|p2a: Naganadel|spa|2\n|move|p1a: Baxcalibur|Dragon Dance|p1a: Baxcalibur\n|-boost|p1a: Baxcalibur|atk|1\n|-boost|p1a: Baxcalibur|spe|1\n|\n|-weather|none\n|upkeep\n|turn|23\n|\n|t:|1701012632\n|move|p1a: Baxcalibur|Scale Shot|p2a: Naganadel\n|-supereffective|p2a: Naganadel\n|-crit|p2a: Naganadel\n|-damage|p2a: Naganadel|0 fnt\n|faint|p2a: Naganadel\n|-hitcount|p2: Naganadel|1\n|-unboost|p1a: Baxcalibur|def|1\n|-boost|p1a: Baxcalibur|spe|1\n|\n|upkeep\n|inactive|yoimiya277 has 120 seconds left.\n|\n|t:|1701012663\n|switch|p2a: Kartana|Kartana|100\/100\n|turn|24\n|inactive|yoimiya277 has 120 seconds left.\n|\n|t:|1701012672\n|move|p1a: Baxcalibur|Icicle Spear|p2a: Kartana\n|-damage|p2a: Kartana|71\/100\n|-damage|p2a: Kartana|40\/100\n|-damage|p2a: Kartana|12\/100\n|-hitcount|p2a: Kartana|3\n|move|p2a: Kartana|Leaf Blade|p1a: Baxcalibur\n|-resisted|p1a: Baxcalibur\n|-damage|p1a: Baxcalibur|0 fnt\n|faint|p1a: Baxcalibur\n|-ability|p2a: Kartana|Beast Boost|boost\n|-boost|p2a: Kartana|atk|1\n|\n|upkeep\n|\n|t:|1701012685\n|switch|p1a: Marshadow|Marshadow|100\/100\n|-activate|p1a: Marshadow|move: Sticky Web\n|-unboost|p1a: Marshadow|spe|1\n|turn|25\n|inactive|yoimiya277 has 120 seconds left.\n|\n|t:|1701012701\n|move|p1a: Marshadow|Shadow Sneak|p2a: Kartana\n|-damage|p2a: Kartana|0 fnt\n|faint|p2a: Kartana\n|\n|upkeep\n|\n|t:|1701012704\n|switch|p2a: Darmanitan|Darmanitan, F|91\/100\n|turn|26\n|\n|t:|1701012720\n|move|p2a: Darmanitan|Flare Blitz|p1a: Marshadow\n|-enditem|p1a: Marshadow|Focus Sash\n|-damage|p1a: Marshadow|1\/100\n|-damage|p2a: Darmanitan|61\/100|[from] Recoil\n|move|p1a: Marshadow|Spectral Thief|p2a: Darmanitan\n|-damage|p2a: Darmanitan|0 fnt\n|faint|p2a: Darmanitan\n|\n|upkeep\n|inactive|yoimiya277 has 120 seconds left.\n|\n|t:|1701012741\n|switch|p2a: Ribombee|Ribombee, M|100\/100 par\n|turn|27\n|\n|t:|1701012747\n|move|p1a: Marshadow|Shadow Sneak|p2a: Ribombee\n|-damage|p2a: Ribombee|38\/100 par\n|move|p2a: Ribombee|Moonblast|p1a: Marshadow\n|-supereffective|p1a: Marshadow\n|-damage|p1a: Marshadow|0 fnt\n|faint|p1a: Marshadow\n|\n|upkeep\n|\n|t:|1701012757\n|switch|p1a: Zacian|Zacian-Crowned, shiny|89\/100\n|-activate|p1a: Zacian|move: Sticky Web\n|-unboost|p1a: Zacian|spe|1\n|turn|28\n|\n|t:|1701012764\n|move|p1a: Zacian|Behemoth Blade|p2a: Ribombee\n|-supereffective|p2a: Ribombee\n|-damage|p2a: Ribombee|0 fnt\n|faint|p2a: Ribombee\n|\n|upkeep\n|\n|t:|1701012767\n|switch|p2a: Gastrodon|Gastrodon, F|100\/100\n|turn|29\n|\n|t:|1701012776\n|move|p1a: Zacian|Play Rough|p2a: Gastrodon|[miss]\n|-miss|p1a: Zacian|p2a: Gastrodon\n|move|p2a: Gastrodon|Earth Power|p1a: Zacian\n|-supereffective|p1a: Zacian\n|-damage|p1a: Zacian|39\/100\n|-unboost|p1a: Zacian|spd|1\n|\n|upkeep\n|turn|30\n|\n|t:|1701012785\n|move|p1a: Zacian|Play Rough|p2a: Gastrodon\n|-damage|p2a: Gastrodon|39\/100\n|move|p2a: Gastrodon|Earth Power|p1a: Zacian\n|-supereffective|p1a: Zacian\n|-damage|p1a: Zacian|0 fnt\n|faint|p1a: Zacian\n|\n|upkeep\n|\n|t:|1701012792\n|switch|p1a: Kyogre|Kyogre, shiny|71\/100\n|-activate|p1a: Kyogre|move: Sticky Web\n|-unboost|p1a: Kyogre|spe|1\n|-weather|RainDance|[from] ability: Drizzle|[of] p1a: Kyogre\n|turn|31\n|c|\u2606Barton Zhang114514|dam\n|\n|t:|1701012800\n|-terastallize|p2a: Gastrodon|Ice\n|move|p1a: Kyogre|Ice Beam|p2a: Gastrodon\n|-resisted|p2a: Gastrodon\n|-damage|p2a: Gastrodon|28\/100\n|move|p2a: Gastrodon|Recover|p2a: Gastrodon\n|-heal|p2a: Gastrodon|78\/100\n|\n|-weather|RainDance|[upkeep]\n|upkeep\n|turn|32\n|\n|t:|1701012810\n|move|p1a: Kyogre|Ice Beam|p2a: Gastrodon\n|-resisted|p2a: Gastrodon\n|-damage|p2a: Gastrodon|67\/100\n|move|p2a: Gastrodon|Earth Power|p1a: Kyogre\n|-damage|p1a: Kyogre|50\/100\n|\n|-weather|RainDance|[upkeep]\n|upkeep\n|turn|33\n|c|\u2606yoimiya277|gg\n|c|\u2606Barton Zhang114514|gg\n|\n|t:|1701012821\n|move|p1a: Kyogre|Ice Beam|p2a: Gastrodon\n|-resisted|p2a: Gastrodon\n|-damage|p2a: Gastrodon|55\/100\n|move|p2a: Gastrodon|Earth Power|p1a: Kyogre\n|-crit|p1a: Kyogre\n|-damage|p1a: Kyogre|19\/100\n|\n|-weather|RainDance|[upkeep]\n|upkeep\n|turn|34\n|\n|t:|1701012828\n|move|p1a: Kyogre|Ice Beam|p2a: Gastrodon\n|-resisted|p2a: Gastrodon\n|-damage|p2a: Gastrodon|45\/100\n|move|p2a: Gastrodon|Earth Power|p1a: Kyogre\n|-damage|p1a: Kyogre|0 fnt\n|faint|p1a: Kyogre\n|\n|win|yoimiya277\n|raw|Barton Zhang114514's rating: 1238 &rarr; <strong>1213<\/strong><br \/>(-25 for losing)\n|raw|yoimiya277's rating: 1243 &rarr; <strong>1268<\/strong><br \/>(+25 for winning)\n","uploadtime":1701012833,"views":4,"p1id":"bartonzhang114514","p2id":"yoimiya277","formatid":"gen9nationaldexubers","rating":1213,"private":0,"password":""}