{"id":"gen9nationaldexubers-1989927580","p1":"omegagodofwar4","p2":"Krishy2007","format":"[Gen 9] National Dex Ubers","log":"|j|\u2606omegagodofwar4\n|j|\u203dKrishy2007\n|t:|1699907453\n|gametype|singles\n|player|p1|omegagodofwar4|red|1367\n|player|p2|Krishy2007|102|1399\n|teamsize|p1|6\n|teamsize|p2|6\n|gen|9\n|tier|[Gen 9] National Dex Ubers\n|rated|\n|rule|HP Percentage Mod: HP is shown in percentages\n|rule|Endless Battle Clause: Forcing endless battles is banned\n|rule|OHKO Clause: OHKO moves are banned\n|rule|Evasion Moves Clause: Evasion moves are banned\n|rule|Evasion Items Clause: Evasion items are banned\n|rule|Species Clause: Limit one of each Pok\u00e9mon\n|rule|Sleep Clause Mod: Limit one foe put to sleep\n|rule|Mega Rayquaza Clause: You cannot mega evolve Rayquaza\n|clearpoke\n|poke|p1|Charizard, M|\n|poke|p1|Empoleon, M|\n|poke|p1|Serperior, F|\n|poke|p1|Urshifu-*, M|\n|poke|p1|Zoroark-Hisui, F|\n|poke|p1|Baxcalibur, M|\n|poke|p2|Groudon|\n|poke|p2|Ho-Oh|\n|poke|p2|Necrozma-Dusk-Mane|\n|poke|p2|Kyogre|\n|poke|p2|Xerneas-*|\n|poke|p2|Zygarde|\n|teampreview\n|inactive|Battle timer is ON: inactive players will automatically lose when time's up. (requested by Krishy2007)\n|\n|t:|1699907475\n|start\n|switch|p1a: Empoleon|Empoleon, M|100\/100\n|switch|p2a: Groudon|Groudon, shiny|100\/100\n|detailschange|p2a: Groudon|Groudon-Primal, shiny\n|-primal|p2a: Groudon|Red Orb\n|-weather|DesolateLand|[from] ability: Desolate Land|[of] p2a: Groudon\n|turn|1\n|\n|t:|1699907479\n|move|p2a: Groudon|Precipice Blades|p1a: Empoleon\n|-supereffective|p1a: Empoleon\n|-damage|p1a: Empoleon|0 fnt\n|faint|p1a: Empoleon\n|\n|-weather|DesolateLand|[upkeep]\n|upkeep\n|\n|t:|1699907489\n|switch|p1a: Urshifu|Urshifu, M|100\/100\n|turn|2\n|\n|t:|1699907499\n|move|p1a: Urshifu|Swords Dance|p1a: Urshifu\n|-boost|p1a: Urshifu|atk|2\n|move|p2a: Groudon|Heat Crash|p1a: Urshifu\n|-damage|p1a: Urshifu|5\/100\n|-damage|p2a: Groudon|84\/100|[from] item: Rocky Helmet|[of] p1a: Urshifu\n|\n|-weather|DesolateLand|[upkeep]\n|upkeep\n|turn|3\n|j| omegashenronone\n|\n|t:|1699907508\n|move|p1a: Urshifu|Drain Punch|p2a: Groudon\n|-damage|p2a: Groudon|37\/100\n|-heal|p1a: Urshifu|33\/100|[from] drain|[of] p2a: Groudon\n|move|p2a: Groudon|Heat Crash|p1a: Urshifu\n|-damage|p1a: Urshifu|0 fnt\n|-damage|p2a: Groudon|21\/100|[from] item: Rocky Helmet|[of] p1a: Urshifu\n|faint|p1a: Urshifu\n|\n|-weather|DesolateLand|[upkeep]\n|upkeep\n|\n|t:|1699907513\n|switch|p1a: Baxcalibur|Baxcalibur, M|100\/100\n|turn|4\n|\n|t:|1699907517\n|-terastallize|p1a: Baxcalibur|Ground\n|move|p1a: Baxcalibur|Dragon Dance|p1a: Baxcalibur\n|-boost|p1a: Baxcalibur|atk|1\n|-boost|p1a: Baxcalibur|spe|1\n|move|p2a: Groudon|Stone Edge|p1a: Baxcalibur\n|-resisted|p1a: Baxcalibur\n|-damage|p1a: Baxcalibur|80\/100\n|\n|-weather|DesolateLand|[upkeep]\n|upkeep\n|turn|5\n|c| omegashenronone|Hey krish!\n|\n|t:|1699907535\n|move|p1a: Baxcalibur|Dragon Dance|p1a: Baxcalibur\n|-boost|p1a: Baxcalibur|atk|1\n|-boost|p1a: Baxcalibur|spe|1\n|move|p2a: Groudon|Heat Crash|p1a: Baxcalibur\n|-damage|p1a: Baxcalibur|1\/100\n|-ability|p1a: Baxcalibur|Thermal Exchange|boost\n|-boost|p1a: Baxcalibur|atk|1\n|\n|-weather|DesolateLand|[upkeep]\n|upkeep\n|turn|6\n|\n|t:|1699907550\n|move|p1a: Baxcalibur|Earthquake|p2a: Groudon\n|-supereffective|p2a: Groudon\n|-damage|p2a: Groudon|0 fnt\n|faint|p2a: Groudon\n|-weather|none\n|\n|upkeep\n|\n|t:|1699907556\n|switch|p2a: Ho-Oh|Ho-Oh, shiny|100\/100\n|turn|7\n|\n|t:|1699907560\n|move|p1a: Baxcalibur|Scale Shot|p2a: Ho-Oh\n|-damage|p2a: Ho-Oh|73\/100\n|-damage|p2a: Ho-Oh|48\/100\n|-damage|p2a: Ho-Oh|23\/100\n|-damage|p2a: Ho-Oh|0 fnt\n|faint|p2a: Ho-Oh\n|-hitcount|p2: Ho-Oh|4\n|-unboost|p1a: Baxcalibur|def|1\n|-boost|p1a: Baxcalibur|spe|1\n|\n|upkeep\n|\n|t:|1699907568\n|switch|p2a: Zygarde|Zygarde|100\/100\n|turn|8\n|\n|t:|1699907574\n|-terastallize|p2a: Zygarde|Fairy\n|move|p1a: Baxcalibur|Icicle Spear|p2a: Zygarde\n|-damage|p2a: Zygarde|82\/100\n|-damage|p2a: Zygarde|63\/100\n|-damage|p2a: Zygarde|43\/100\n|-damage|p2a: Zygarde|22\/100\n|-hitcount|p2a: Zygarde|4\n|move|p2a: Zygarde|Thousand Arrows|p1a: Baxcalibur\n|-damage|p1a: Baxcalibur|0 fnt\n|faint|p1a: Baxcalibur\n|\n|-heal|p2a: Zygarde|28\/100|[from] item: Leftovers\n|-activate|p2a: Zygarde|ability: Power Construct\n|detailschange|p2a: Zygarde|Zygarde-Complete, tera:Fairy\n|-heal|p2a: Zygarde|53\/100|[silent]\n|upkeep\n|\n|t:|1699907587\n|switch|p1a: Serperior|Serperior, F|100\/100\n|turn|9\n|\n|t:|1699907590\n|move|p1a: Serperior|Sludge Bomb|p2a: Zygarde\n|-supereffective|p2a: Zygarde\n|-damage|p2a: Zygarde|16\/100\n|move|p2a: Zygarde|Glare|p1a: Serperior\n|-status|p1a: Serperior|par\n|\n|-heal|p2a: Zygarde|22\/100|[from] item: Leftovers\n|upkeep\n|turn|10\n|\n|t:|1699907601\n|switch|p2a: Necrozma|Necrozma-Dusk-Mane, shiny|100\/100\n|cant|p1a: Serperior|par\n|\n|upkeep\n|turn|11\n|\n|t:|1699907609\n|move|p2a: Necrozma|Dragon Dance|p2a: Necrozma\n|-boost|p2a: Necrozma|atk|1\n|-boost|p2a: Necrozma|spe|1\n|move|p1a: Serperior|Bitter Malice|p2a: Necrozma\n|-supereffective|p2a: Necrozma\n|-damage|p2a: Necrozma|49\/100\n|-unboost|p2a: Necrozma|atk|1\n|\n|upkeep\n|turn|12\n|\n|t:|1699907617\n|-zpower|p2a: Necrozma\n|move|p2a: Necrozma|Searing Sunraze Smash|p1a: Serperior|[zeffect]\n|-enditem|p1a: Serperior|Focus Sash\n|-damage|p1a: Serperior|1\/100 par\n|replace|p1a: Zoroark|Zoroark-Hisui, F, shiny\n|-end|p1a: Zoroark|Illusion\n|move|p1a: Zoroark|Bitter Malice|p2a: Necrozma\n|-supereffective|p2a: Necrozma\n|-damage|p2a: Necrozma|0 fnt\n|faint|p2a: Necrozma\n|\n|upkeep\n|\n|t:|1699907629\n|switch|p2a: Xerneas|Xerneas, shiny|100\/100\n|-ability|p2a: Xerneas|Fairy Aura\n|turn|13\n|\n|t:|1699907633\n|move|p2a: Xerneas|Geomancy||[still]\n|-prepare|p2a: Xerneas|Geomancy\n|-enditem|p2a: Xerneas|Power Herb\n|-anim|p2a: Xerneas|Geomancy|p2a: Xerneas\n|-boost|p2a: Xerneas|spa|2\n|-boost|p2a: Xerneas|spd|2\n|-boost|p2a: Xerneas|spe|2\n|move|p1a: Zoroark|Sludge Bomb|p2a: Xerneas\n|-supereffective|p2a: Xerneas\n|-damage|p2a: Xerneas|73\/100\n|\n|upkeep\n|turn|14\n|c| omegashenronone|Sorry gotta go im gonna battle blytheru\n|-message|omegagodofwar4 forfeited.\n|\n|win|Krishy2007\n|raw|omegagodofwar4's rating: 1367 &rarr; <strong>1349<\/strong><br \/>(-18 for losing)\n|raw|Krishy2007's rating: 1399 &rarr; <strong>1417<\/strong><br \/>(+18 for winning)\n|l|\u2606omegagodofwar4\n","uploadtime":1699907645,"views":10,"p1id":"omegagodofwar4","p2id":"krishy2007","formatid":"gen9nationaldexubers","rating":1349,"private":0,"password":""}