{"id":"gen9nationaldexubers-1983727891","p1":"Coasterpuppy","p2":"chase demons","format":"[Gen 9] National Dex Ubers","log":"|j|\u2606Coasterpuppy\n|j|\u2606chase demons\n|t:|1699168530\n|gametype|singles\n|player|p1|Coasterpuppy|red|1046\n|player|p2|chase demons|1|1279\n|teamsize|p1|6\n|teamsize|p2|6\n|gen|9\n|tier|[Gen 9] National Dex Ubers\n|rated|\n|rule|HP Percentage Mod: HP is shown in percentages\n|rule|Endless Battle Clause: Forcing endless battles is banned\n|rule|OHKO Clause: OHKO moves are banned\n|rule|Evasion Moves Clause: Evasion moves are banned\n|rule|Evasion Items Clause: Evasion items are banned\n|rule|Species Clause: Limit one of each Pok\u00e9mon\n|rule|Sleep Clause Mod: Limit one foe put to sleep\n|rule|Mega Rayquaza Clause: You cannot mega evolve Rayquaza\n|clearpoke\n|poke|p1|Marshadow|\n|poke|p1|Porygon-Z|\n|poke|p1|Quaquaval, M|\n|poke|p1|Charizard, F|\n|poke|p1|Overqwil, F|\n|poke|p1|Tinkaton, F|\n|poke|p2|Groudon|\n|poke|p2|Blaziken, F|\n|poke|p2|Walking Wake|\n|poke|p2|Arceus-Electric|\n|poke|p2|Roaring Moon|\n|poke|p2|Darmanitan-Galar, F|\n|teampreview\n|inactive|Battle timer is ON: inactive players will automatically lose when time's up. (requested by Coasterpuppy)\n|inactive|chase demons has 120 seconds left.\n|\n|t:|1699168563\n|start\n|switch|p1a: Tinkaton|Tinkaton, F|100\/100\n|switch|p2a: Groudon|Groudon, shiny|100\/100\n|-ability|p1a: Tinkaton|Mold Breaker\n|detailschange|p2a: Groudon|Groudon-Primal, shiny\n|-primal|p2a: Groudon|Red Orb\n|-weather|DesolateLand|[from] ability: Desolate Land|[of] p2a: Groudon\n|turn|1\n|\n|t:|1699168574\n|move|p1a: Tinkaton|Stealth Rock|p2a: Groudon\n|-sidestart|p2: chase demons|move: Stealth Rock\n|move|p2a: Groudon|Heat Crash|p1a: Tinkaton\n|-supereffective|p1a: Tinkaton\n|-damage|p1a: Tinkaton|0 fnt\n|faint|p1a: Tinkaton\n|\n|-weather|DesolateLand|[upkeep]\n|upkeep\n|\n|t:|1699168598\n|switch|p1a: Marshadow|Marshadow|100\/100\n|turn|2\n|\n|t:|1699168605\n|-zpower|p1a: Marshadow\n|move|p1a: Marshadow|Soul-Stealing 7-Star Strike|p2a: Groudon|[zeffect]\n|-damage|p2a: Groudon|32\/100\n|move|p2a: Groudon|Heat Crash|p1a: Marshadow\n|-damage|p1a: Marshadow|0 fnt\n|faint|p1a: Marshadow\n|\n|-weather|DesolateLand|[upkeep]\n|upkeep\n|\n|t:|1699168618\n|switch|p1a: Overqwil|Overqwil, F|100\/100\n|-ability|p1a: Overqwil|Intimidate|boost\n|-unboost|p2a: Groudon|atk|1\n|turn|3\n|\n|t:|1699168624\n|move|p1a: Overqwil|Spikes|p2a: Groudon\n|-sidestart|p2: chase demons|Spikes\n|move|p2a: Groudon|Precipice Blades|p1a: Overqwil|[miss]\n|-miss|p2a: Groudon|p1a: Overqwil\n|\n|-weather|DesolateLand|[upkeep]\n|upkeep\n|turn|4\n|\n|t:|1699168628\n|move|p1a: Overqwil|Spikes|p2a: Groudon\n|-sidestart|p2: chase demons|Spikes\n|move|p2a: Groudon|Precipice Blades|p1a: Overqwil\n|-supereffective|p1a: Overqwil\n|-damage|p1a: Overqwil|12\/100\n|\n|-weather|DesolateLand|[upkeep]\n|-heal|p1a: Overqwil|18\/100|[from] item: Leftovers\n|upkeep\n|turn|5\n|\n|t:|1699168636\n|move|p1a: Overqwil|Spikes|p2a: Groudon\n|-sidestart|p2: chase demons|Spikes\n|move|p2a: Groudon|Heat Crash|p1a: Overqwil\n|-damage|p1a: Overqwil|0 fnt\n|faint|p1a: Overqwil\n|\n|-weather|DesolateLand|[upkeep]\n|upkeep\n|\n|t:|1699168648\n|switch|p1a: Charizard|Charizard, F|100\/100\n|turn|6\n|\n|t:|1699168652\n|detailschange|p1a: Charizard|Charizard-Mega-X, F\n|-mega|p1a: Charizard|Charizard|Charizardite X\n|move|p1a: Charizard|Earthquake|p2a: Groudon\n|-supereffective|p2a: Groudon\n|-damage|p2a: Groudon|0 fnt\n|faint|p2a: Groudon\n|-weather|none\n|\n|upkeep\n|\n|t:|1699168679\n|switch|p2a: Roaring Moon|Roaring Moon|100\/100\n|-damage|p2a: Roaring Moon|88\/100|[from] Stealth Rock\n|-damage|p2a: Roaring Moon|63\/100|[from] Spikes\n|turn|7\n|\n|t:|1699168686\n|-terastallize|p2a: Roaring Moon|Dragon\n|move|p2a: Roaring Moon|Scale Shot|p1a: Charizard\n|-supereffective|p1a: Charizard\n|-damage|p1a: Charizard|55\/100\n|-supereffective|p1a: Charizard\n|-damage|p1a: Charizard|13\/100\n|-supereffective|p1a: Charizard\n|-damage|p1a: Charizard|0 fnt\n|faint|p1a: Charizard\n|-hitcount|p1: Charizard|3\n|-unboost|p2a: Roaring Moon|def|1\n|-boost|p2a: Roaring Moon|spe|1\n|\n|upkeep\n|\n|t:|1699168695\n|switch|p1a: Quaquaval|Quaquaval, M|100\/100\n|turn|8\n|\n|t:|1699168702\n|move|p2a: Roaring Moon|Scale Shot|p1a: Quaquaval\n|-damage|p1a: Quaquaval|75\/100\n|-damage|p1a: Quaquaval|51\/100\n|-damage|p1a: Quaquaval|28\/100\n|-damage|p1a: Quaquaval|3\/100\n|-hitcount|p1a: Quaquaval|4\n|-unboost|p2a: Roaring Moon|def|1\n|-boost|p2a: Roaring Moon|spe|1\n|move|p1a: Quaquaval|U-turn|p2a: Roaring Moon\n|-damage|p2a: Roaring Moon|6\/100\n|\n|t:|1699168705\n|switch|p1a: Porygon-Z|Porygon-Z|100\/100|[from] U-turn\n|\n|upkeep\n|turn|9\n|\n|t:|1699168715\n|move|p2a: Roaring Moon|Knock Off|p1a: Porygon-Z\n|-damage|p1a: Porygon-Z|24\/100\n|-enditem|p1a: Porygon-Z|Choice Scarf|[from] move: Knock Off|[of] p2a: Roaring Moon\n|move|p1a: Porygon-Z|Tri Attack|p2a: Roaring Moon\n|-damage|p2a: Roaring Moon|0 fnt\n|faint|p2a: Roaring Moon\n|-end|p2a: Roaring Moon|Protosynthesis|[silent]\n|\n|upkeep\n|\n|t:|1699168721\n|switch|p2a: Darmanitan|Darmanitan-Galar, F|100\/100\n|-damage|p2a: Darmanitan|75\/100|[from] Stealth Rock\n|-damage|p2a: Darmanitan|50\/100|[from] Spikes\n|turn|10\n|\n|t:|1699168734\n|move|p2a: Darmanitan|Icicle Crash|p1a: Porygon-Z\n|-damage|p1a: Porygon-Z|0 fnt\n|faint|p1a: Porygon-Z\n|\n|upkeep\n|\n|t:|1699168742\n|switch|p1a: Quaquaval|Quaquaval, M|3\/100\n|turn|11\n|\n|t:|1699168748\n|move|p2a: Darmanitan|Icicle Crash|p1a: Quaquaval\n|-resisted|p1a: Quaquaval\n|-damage|p1a: Quaquaval|0 fnt\n|faint|p1a: Quaquaval\n|\n|win|chase demons\n|raw|Coasterpuppy's rating: 1046 &rarr; <strong>1039<\/strong><br \/>(-7 for losing)\n|raw|chase demons's rating: 1279 &rarr; <strong>1289<\/strong><br \/>(+10 for winning)\n|l|\u2606Coasterpuppy\n","uploadtime":1699168758,"views":4,"p1id":"coasterpuppy","p2id":"chasedemons","formatid":"gen9nationaldexubers","rating":1039,"private":0,"password":""}