{"id":"gen9nationaldexubers-1978072245","p1":"the geek freak","p2":"85792195wwww","format":"[Gen 9] National Dex Ubers","log":"|j|\u2606the geek freak\n|j|\u260685792195wwww\n|t:|1698495125\n|gametype|singles\n|player|p1|the geek freak|170|1604\n|player|p2|85792195wwww|lady|1835\n|teamsize|p1|6\n|teamsize|p2|6\n|gen|9\n|tier|[Gen 9] National Dex Ubers\n|rated|\n|rule|HP Percentage Mod: HP is shown in percentages\n|rule|Endless Battle Clause: Forcing endless battles is banned\n|rule|OHKO Clause: OHKO moves are banned\n|rule|Evasion Moves Clause: Evasion moves are banned\n|rule|Evasion Items Clause: Evasion items are banned\n|rule|Species Clause: Limit one of each Pok\u00e9mon\n|rule|Sleep Clause Mod: Limit one foe put to sleep\n|rule|Mega Rayquaza Clause: You cannot mega evolve Rayquaza\n|clearpoke\n|poke|p1|Arceus|\n|poke|p1|Xerneas-*|\n|poke|p1|Basculegion, M|\n|poke|p1|Landorus-Therian, M|\n|poke|p1|Thundurus, M|\n|poke|p1|Palkia-Origin|\n|poke|p2|Xerneas-*|\n|poke|p2|Groudon|\n|poke|p2|Calyrex-Ice|\n|poke|p2|Krookodile, F|\n|poke|p2|Zacian-*|\n|poke|p2|Arceus|\n|teampreview\n|\n|t:|1698495141\n|start\n|switch|p1a: Landorus|Landorus-Therian, M|100\/100\n|switch|p2a: Krookodile|Krookodile, F|100\/100\n|-ability|p2a: Krookodile|Intimidate|boost\n|-unboost|p1a: Landorus|atk|1\n|-ability|p1a: Landorus|Intimidate|boost\n|-unboost|p2a: Krookodile|atk|1\n|turn|1\n|\n|t:|1698495153\n|move|p2a: Krookodile|Stealth Rock|p1a: Landorus\n|-sidestart|p1: the geek freak|move: Stealth Rock\n|move|p1a: Landorus|Taunt|p2a: Krookodile\n|-start|p2a: Krookodile|move: Taunt\n|\n|upkeep\n|turn|2\n|\n|t:|1698495159\n|switch|p2a: Calyrex|Calyrex-Ice|100\/100\n|-ability|p2a: Calyrex|As One\n|-ability|p2a: Calyrex|Unnerve\n|move|p1a: Landorus|Stealth Rock|p2a: Calyrex\n|-sidestart|p2: 85792195wwww|move: Stealth Rock\n|\n|upkeep\n|turn|3\n|\n|t:|1698495168\n|move|p1a: Landorus|Taunt|p2a: Calyrex\n|-start|p2a: Calyrex|move: Taunt\n|cant|p2a: Calyrex|move: Taunt|Agility\n|\n|upkeep\n|turn|4\n|\n|t:|1698495178\n|move|p1a: Landorus|Earthquake|p2a: Calyrex\n|-damage|p2a: Calyrex|76\/100\n|move|p2a: Calyrex|Glacial Lance|p1a: Landorus\n|-supereffective|p1a: Landorus\n|-damage|p1a: Landorus|0 fnt\n|faint|p1a: Landorus\n|-ability|p2a: Calyrex|Chilling Neigh|boost\n|-boost|p2a: Calyrex|atk|1\n|\n|upkeep\n|\n|t:|1698495183\n|switch|p1a: Thundurus|Thundurus, M|100\/100\n|-damage|p1a: Thundurus|76\/100|[from] Stealth Rock\n|turn|5\n|\n|t:|1698495200\n|switch|p2a: Krookodile|Krookodile, F|100\/100\n|-damage|p2a: Krookodile|94\/100|[from] Stealth Rock\n|-ability|p2a: Krookodile|Intimidate|boost\n|-unboost|p1a: Thundurus|atk|1\n|move|p1a: Thundurus|Defog|p2a: Krookodile\n|-hint|Since gen 7, Dark is immune to Prankster moves.\n|-immune|p2a: Krookodile\n|\n|upkeep\n|turn|6\n|\n|t:|1698495212\n|switch|p1a: Palkia|Palkia-Origin|100\/100\n|-damage|p1a: Palkia|88\/100|[from] Stealth Rock\n|-ability|p1a: Palkia|Pressure\n|move|p2a: Krookodile|Knock Off|p1a: Palkia\n|-damage|p1a: Palkia|56\/100\n|\n|upkeep\n|turn|7\n|\n|t:|1698495230\n|switch|p2a: Calyrex|Calyrex-Ice|76\/100\n|-ability|p2a: Calyrex|As One\n|-ability|p2a: Calyrex|Unnerve\n|move|p1a: Palkia|Fire Blast|p2a: Calyrex\n|-supereffective|p2a: Calyrex\n|-damage|p2a: Calyrex|3\/100\n|\n|upkeep\n|turn|8\n|\n|t:|1698495243\n|move|p1a: Palkia|Power Gem|p2a: Calyrex\n|-supereffective|p2a: Calyrex\n|-damage|p2a: Calyrex|0 fnt\n|faint|p2a: Calyrex\n|\n|upkeep\n|\n|t:|1698495252\n|switch|p2a: Xerneas|Xerneas|100\/100\n|-damage|p2a: Xerneas|88\/100|[from] Stealth Rock\n|-ability|p2a: Xerneas|Fairy Aura\n|turn|9\n|\n|t:|1698495263\n|move|p1a: Palkia|Fire Blast|p2a: Xerneas\n|-damage|p2a: Xerneas|55\/100\n|move|p2a: Xerneas|Geomancy||[still]\n|-prepare|p2a: Xerneas|Geomancy\n|-enditem|p2a: Xerneas|Power Herb\n|-anim|p2a: Xerneas|Geomancy|p2a: Xerneas\n|-boost|p2a: Xerneas|spa|2\n|-boost|p2a: Xerneas|spd|2\n|-boost|p2a: Xerneas|spe|2\n|\n|upkeep\n|turn|10\n|\n|t:|1698495272\n|move|p2a: Xerneas|Moonblast|p1a: Palkia\n|-supereffective|p1a: Palkia\n|-damage|p1a: Palkia|0 fnt\n|faint|p1a: Palkia\n|\n|upkeep\n|\n|t:|1698495276\n|switch|p1a: Thundurus|Thundurus, M|76\/100\n|-damage|p1a: Thundurus|51\/100|[from] Stealth Rock\n|turn|11\n|\n|t:|1698495281\n|switch|p2a: Krookodile|Krookodile, F|94\/100\n|-damage|p2a: Krookodile|88\/100|[from] Stealth Rock\n|-ability|p2a: Krookodile|Intimidate|boost\n|-unboost|p1a: Thundurus|atk|1\n|move|p1a: Thundurus|Thunder Wave|p2a: Krookodile\n|-immune|p2a: Krookodile\n|\n|upkeep\n|turn|12\n|\n|t:|1698495290\n|move|p2a: Krookodile|Knock Off|p1a: Thundurus\n|-damage|p1a: Thundurus|0 fnt\n|-enditem|p1a: Thundurus|Eject Button|[from] move: Knock Off|[of] p2a: Krookodile\n|faint|p1a: Thundurus\n|\n|upkeep\n|\n|t:|1698495293\n|switch|p1a: Xerneas|Xerneas|100\/100\n|-damage|p1a: Xerneas|88\/100|[from] Stealth Rock\n|-ability|p1a: Xerneas|Fairy Aura\n|turn|13\n|\n|t:|1698495300\n|move|p2a: Krookodile|Knock Off|p1a: Xerneas\n|-resisted|p1a: Xerneas\n|-damage|p1a: Xerneas|69\/100\n|-enditem|p1a: Xerneas|Power Herb|[from] move: Knock Off|[of] p2a: Krookodile\n|move|p1a: Xerneas|Geomancy||[still]\n|-prepare|p1a: Xerneas|Geomancy\n|\n|upkeep\n|turn|14\n|\n|t:|1698495307\n|move|p2a: Krookodile|Taunt|p1a: Xerneas\n|-start|p1a: Xerneas|move: Taunt\n|cant|p1a: Xerneas|move: Taunt|Geomancy\n|\n|upkeep\n|turn|15\n|\n|t:|1698495313\n|switch|p2a: Xerneas|Xerneas|55\/100\n|-damage|p2a: Xerneas|42\/100|[from] Stealth Rock\n|-ability|p2a: Xerneas|Fairy Aura\n|move|p1a: Xerneas|Moonblast|p2a: Xerneas\n|-damage|p2a: Xerneas|0 fnt\n|faint|p2a: Xerneas\n|\n|upkeep\n|\n|t:|1698495323\n|switch|p2a: Zacian|Zacian-Crowned|100\/100\n|-damage|p2a: Zacian|94\/100|[from] Stealth Rock\n|-ability|p2a: Zacian|Intrepid Sword|boost\n|-boost|p2a: Zacian|atk|1\n|turn|16\n|\n|t:|1698495329\n|move|p2a: Zacian|Swords Dance|p2a: Zacian\n|-boost|p2a: Zacian|atk|2\n|move|p1a: Xerneas|Moonblast|p2a: Zacian\n|-resisted|p2a: Zacian\n|-damage|p2a: Zacian|61\/100\n|-unboost|p2a: Zacian|spa|1\n|\n|-end|p1a: Xerneas|move: Taunt\n|upkeep\n|turn|17\n|\n|t:|1698495339\n|move|p2a: Zacian|Behemoth Blade|p1a: Xerneas\n|-supereffective|p1a: Xerneas\n|-damage|p1a: Xerneas|0 fnt\n|faint|p1a: Xerneas\n|\n|upkeep\n|-message|the geek freak forfeited.\n|\n|win|85792195wwww\n|raw|the geek freak's rating: 1604 &rarr; <strong>1596<\/strong><br \/>(-8 for losing)\n|raw|85792195wwww's rating: 1835 &rarr; <strong>1843<\/strong><br \/>(+8 for winning)\n|l|\u2606the geek freak\n","uploadtime":1698495347,"views":9,"p1id":"thegeekfreak","p2id":"85792195wwww","formatid":"gen9nationaldexubers","rating":1596,"private":0,"password":""}