{"id":"gen9nationaldexubers-1979897955","p1":"Dabigmurph","p2":"beticheese","format":"[Gen 9] National Dex Ubers","log":"|j|\u2606Dabigmurph\n|j|\u2606beticheese\n|t:|1698726004\n|gametype|singles\n|player|p1|Dabigmurph|hiker-gen4|1455\n|player|p2|beticheese|102|1710\n|teamsize|p1|6\n|teamsize|p2|6\n|gen|9\n|tier|[Gen 9] National Dex Ubers\n|rated|\n|rule|HP Percentage Mod: HP is shown in percentages\n|rule|Endless Battle Clause: Forcing endless battles is banned\n|rule|OHKO Clause: OHKO moves are banned\n|rule|Evasion Moves Clause: Evasion moves are banned\n|rule|Evasion Items Clause: Evasion items are banned\n|rule|Species Clause: Limit one of each Pok\u00e9mon\n|rule|Sleep Clause Mod: Limit one foe put to sleep\n|rule|Mega Rayquaza Clause: You cannot mega evolve Rayquaza\n|clearpoke\n|poke|p1|Grimmsnarl, M|\n|poke|p1|Annihilape, F|\n|poke|p1|Corviknight, M|\n|poke|p1|Zacian-*|\n|poke|p1|Chi-Yu|\n|poke|p1|Flutter Mane|\n|poke|p2|Groudon|\n|poke|p2|Ho-Oh|\n|poke|p2|Zygarde|\n|poke|p2|Arceus-Ground|\n|poke|p2|Yveltal|\n|poke|p2|Necrozma-Dusk-Mane|\n|teampreview\n|\n|t:|1698726011\n|start\n|switch|p1a: Grimmsnarl|Grimmsnarl, M|100\/100\n|switch|p2a: Yveltal|Yveltal|100\/100\n|-ability|p2a: Yveltal|Dark Aura\n|turn|1\n|\n|t:|1698726017\n|move|p1a: Grimmsnarl|Light Screen|p1a: Grimmsnarl\n|-sidestart|p1: Dabigmurph|move: Light Screen\n|move|p2a: Yveltal|Knock Off|p1a: Grimmsnarl\n|-resisted|p1a: Grimmsnarl\n|-damage|p1a: Grimmsnarl|82\/100\n|-enditem|p1a: Grimmsnarl|Light Clay|[from] move: Knock Off|[of] p2a: Yveltal\n|\n|upkeep\n|turn|2\n|\n|t:|1698726024\n|move|p1a: Grimmsnarl|Reflect|p1a: Grimmsnarl\n|-sidestart|p1: Dabigmurph|Reflect\n|move|p2a: Yveltal|Toxic|p1a: Grimmsnarl\n|-status|p1a: Grimmsnarl|tox\n|\n|-damage|p1a: Grimmsnarl|76\/100 tox|[from] psn\n|upkeep\n|turn|3\n|\n|t:|1698726031\n|switch|p1a: Corviknight|Corviknight, M|100\/100\n|-ability|p1a: Corviknight|Pressure\n|move|p2a: Yveltal|Foul Play|p1a: Corviknight\n|-damage|p1a: Corviknight|89\/100\n|\n|-heal|p1a: Corviknight|95\/100|[from] item: Leftovers\n|upkeep\n|turn|4\n|\n|t:|1698726038\n|move|p2a: Yveltal|Knock Off|p1a: Corviknight\n|-damage|p1a: Corviknight|79\/100\n|-enditem|p1a: Corviknight|Leftovers|[from] move: Knock Off|[of] p2a: Yveltal\n|move|p1a: Corviknight|U-turn|p2a: Yveltal\n|-damage|p2a: Yveltal|89\/100\n|\n|t:|1698726045\n|switch|p1a: Zacian|Zacian-Crowned|100\/100|[from] U-turn\n|-ability|p1a: Zacian|Intrepid Sword|boost\n|-boost|p1a: Zacian|atk|1\n|\n|upkeep\n|turn|5\n|\n|t:|1698726050\n|switch|p2a: Ho-Oh|Ho-Oh|100\/100\n|move|p1a: Zacian|Play Rough|p2a: Ho-Oh\n|-resisted|p2a: Ho-Oh\n|-damage|p2a: Ho-Oh|75\/100\n|\n|upkeep\n|turn|6\n|\n|t:|1698726056\n|move|p1a: Zacian|Swords Dance|p1a: Zacian\n|-boost|p1a: Zacian|atk|2\n|move|p2a: Ho-Oh|Sacred Fire|p1a: Zacian\n|-supereffective|p1a: Zacian\n|-damage|p1a: Zacian|60\/100\n|\n|-sideend|p1: Dabigmurph|Reflect\n|upkeep\n|turn|7\n|\n|t:|1698726071\n|switch|p2a: Groudon|Groudon|100\/100\n|detailschange|p2a: Groudon|Groudon-Primal\n|-primal|p2a: Groudon|Red Orb\n|-weather|DesolateLand|[from] ability: Desolate Land|[of] p2a: Groudon\n|move|p1a: Zacian|Behemoth Blade|p2a: Groudon\n|-resisted|p2a: Groudon\n|-damage|p2a: Groudon|59\/100\n|\n|-weather|DesolateLand|[upkeep]\n|upkeep\n|turn|8\n|\n|t:|1698726080\n|-weather|none\n|switch|p2a: Ho-Oh|Ho-Oh|100\/100\n|move|p1a: Zacian|Close Combat|p2a: Ho-Oh\n|-resisted|p2a: Ho-Oh\n|-damage|p2a: Ho-Oh|64\/100\n|-unboost|p1a: Zacian|def|1\n|-unboost|p1a: Zacian|spd|1\n|\n|-sideend|p1: Dabigmurph|move: Light Screen\n|upkeep\n|turn|9\n|\n|t:|1698726089\n|move|p1a: Zacian|Behemoth Blade|p2a: Ho-Oh\n|-resisted|p2a: Ho-Oh\n|-damage|p2a: Ho-Oh|21\/100\n|move|p2a: Ho-Oh|Sacred Fire|p1a: Zacian\n|-supereffective|p1a: Zacian\n|-damage|p1a: Zacian|0 fnt\n|faint|p1a: Zacian\n|\n|upkeep\n|\n|t:|1698726101\n|switch|p1a: Chi-Yu|Chi-Yu|100\/100\n|-ability|p1a: Chi-Yu|Beads of Ruin\n|turn|10\n|\n|t:|1698726107\n|switch|p2a: Groudon|Groudon-Primal|59\/100\n|-weather|DesolateLand|[from] ability: Desolate Land|[of] p2a: Groudon\n|move|p1a: Chi-Yu|Nasty Plot|p1a: Chi-Yu\n|-boost|p1a: Chi-Yu|spa|2\n|\n|-weather|DesolateLand|[upkeep]\n|upkeep\n|turn|11\n|\n|t:|1698726113\n|move|p1a: Chi-Yu|Dark Pulse|p2a: Groudon\n|-damage|p2a: Groudon|0 fnt\n|faint|p2a: Groudon\n|-weather|none\n|\n|upkeep\n|\n|t:|1698726119\n|switch|p2a: Arceus|Arceus-Ground|100\/100\n|turn|12\n|\n|t:|1698726124\n|switch|p1a: Corviknight|Corviknight, M|79\/100\n|-ability|p1a: Corviknight|Pressure\n|move|p2a: Arceus|Earthquake|p1a: Corviknight\n|-immune|p1a: Corviknight\n|\n|upkeep\n|turn|13\n|\n|t:|1698726129\n|move|p2a: Arceus|Dragon Dance|p2a: Arceus\n|-boost|p2a: Arceus|atk|1\n|-boost|p2a: Arceus|spe|1\n|move|p1a: Corviknight|U-turn|p2a: Arceus\n|-damage|p2a: Arceus|89\/100\n|\n|t:|1698726136\n|switch|p1a: Grimmsnarl|Grimmsnarl, M|76\/100 tox|[from] U-turn\n|\n|-damage|p1a: Grimmsnarl|70\/100 tox|[from] psn\n|upkeep\n|turn|14\n|\n|t:|1698726139\n|move|p1a: Grimmsnarl|Taunt|p2a: Arceus\n|-start|p2a: Arceus|move: Taunt\n|move|p2a: Arceus|Earthquake|p1a: Grimmsnarl\n|-damage|p1a: Grimmsnarl|0 fnt\n|faint|p1a: Grimmsnarl\n|\n|upkeep\n|\n|t:|1698726146\n|switch|p1a: Corviknight|Corviknight, M|79\/100\n|-ability|p1a: Corviknight|Pressure\n|turn|15\n|\n|t:|1698726149\n|move|p2a: Arceus|Stone Edge|p1a: Corviknight\n|-damage|p1a: Corviknight|45\/100\n|move|p1a: Corviknight|Brave Bird|p2a: Arceus\n|-damage|p2a: Arceus|61\/100\n|-damage|p1a: Corviknight|36\/100|[from] Recoil\n|\n|upkeep\n|turn|16\n|\n|t:|1698726156\n|move|p2a: Arceus|Stone Edge|p1a: Corviknight\n|-damage|p1a: Corviknight|5\/100\n|move|p1a: Corviknight|Brave Bird|p2a: Arceus\n|-damage|p2a: Arceus|35\/100\n|-damage|p1a: Corviknight|0 fnt|[from] Recoil\n|faint|p1a: Corviknight\n|\n|-end|p2a: Arceus|move: Taunt\n|upkeep\n|\n|t:|1698726160\n|switch|p1a: Flutter Mane|Flutter Mane|100\/100\n|-enditem|p1a: Flutter Mane|Booster Energy\n|-activate|p1a: Flutter Mane|ability: Protosynthesis|[fromitem]\n|-start|p1a: Flutter Mane|protosynthesisspe\n|turn|17\n|\n|t:|1698726166\n|switch|p2a: Ho-Oh|Ho-Oh|55\/100\n|move|p1a: Flutter Mane|Moonblast|p2a: Ho-Oh\n|-resisted|p2a: Ho-Oh\n|-damage|p2a: Ho-Oh|39\/100\n|-unboost|p2a: Ho-Oh|spa|1\n|\n|upkeep\n|turn|18\n|\n|t:|1698726176\n|move|p1a: Flutter Mane|Substitute|p1a: Flutter Mane\n|-start|p1a: Flutter Mane|Substitute\n|-damage|p1a: Flutter Mane|76\/100\n|move|p2a: Ho-Oh|Sacred Fire|p1a: Flutter Mane\n|-end|p1a: Flutter Mane|Substitute\n|\n|upkeep\n|turn|19\n|\n|t:|1698726180\n|-end|p1a: Flutter Mane|Protosynthesis|[silent]\n|switch|p1a: Chi-Yu|Chi-Yu|100\/100\n|-ability|p1a: Chi-Yu|Beads of Ruin\n|move|p2a: Ho-Oh|Whirlwind|p1a: Chi-Yu\n|drag|p1a: Flutter Mane|Flutter Mane|76\/100\n|\n|upkeep\n|turn|20\n|\n|t:|1698726186\n|move|p1a: Flutter Mane|Shadow Ball|p2a: Ho-Oh\n|-damage|p2a: Ho-Oh|15\/100\n|move|p2a: Ho-Oh|Sacred Fire|p1a: Flutter Mane|[miss]\n|-miss|p2a: Ho-Oh|p1a: Flutter Mane\n|\n|upkeep\n|turn|21\n|\n|t:|1698726205\n|switch|p2a: Zygarde|Zygarde|100\/100\n|move|p1a: Flutter Mane|Moonblast|p2a: Zygarde\n|-supereffective|p2a: Zygarde\n|-damage|p2a: Zygarde|7\/100\n|\n|-heal|p2a: Zygarde|13\/100|[from] item: Leftovers\n|-activate|p2a: Zygarde|ability: Power Construct\n|detailschange|p2a: Zygarde|Zygarde-Complete\n|-heal|p2a: Zygarde|43\/100|[silent]\n|upkeep\n|turn|22\n|\n|t:|1698726213\n|move|p1a: Flutter Mane|Moonblast|p2a: Zygarde\n|-supereffective|p2a: Zygarde\n|-damage|p2a: Zygarde|0 fnt\n|faint|p2a: Zygarde\n|\n|upkeep\n|\n|t:|1698726215\n|switch|p2a: Necrozma|Necrozma-Dusk-Mane|100\/100\n|turn|23\n|\n|t:|1698726221\n|move|p1a: Flutter Mane|Shadow Ball|p2a: Necrozma\n|-supereffective|p2a: Necrozma\n|-damage|p2a: Necrozma|47\/100\n|move|p2a: Necrozma|Autotomize|p2a: Necrozma\n|-boost|p2a: Necrozma|spe|2\n|-start|p2a: Necrozma|Autotomize\n|\n|upkeep\n|turn|24\n|\n|t:|1698726233\n|detailschange|p2a: Necrozma|Necrozma-Ultra\n|-burst|p2a: Necrozma|Necrozma|Ultranecrozium Z\n|-terastallize|p1a: Flutter Mane|Dark\n|move|p2a: Necrozma|Photon Geyser|p1a: Flutter Mane\n|-immune|p1a: Flutter Mane\n|move|p1a: Flutter Mane|Shadow Ball|p2a: Necrozma\n|-supereffective|p2a: Necrozma\n|-damage|p2a: Necrozma|0 fnt\n|faint|p2a: Necrozma\n|\n|upkeep\n|\n|t:|1698726241\n|switch|p2a: Ho-Oh|Ho-Oh|49\/100\n|turn|25\n|\n|t:|1698726251\n|move|p1a: Flutter Mane|Shadow Ball|p2a: Ho-Oh\n|-damage|p2a: Ho-Oh|25\/100\n|move|p2a: Ho-Oh|Sacred Fire|p1a: Flutter Mane\n|-damage|p1a: Flutter Mane|0 fnt\n|faint|p1a: Flutter Mane\n|-end|p1a: Flutter Mane|Protosynthesis|[silent]\n|\n|upkeep\n|\n|t:|1698726258\n|switch|p1a: Chi-Yu|Chi-Yu|100\/100\n|-ability|p1a: Chi-Yu|Beads of Ruin\n|turn|26\n|\n|t:|1698726264\n|move|p1a: Chi-Yu|Flame Charge|p2a: Ho-Oh\n|-resisted|p2a: Ho-Oh\n|-damage|p2a: Ho-Oh|21\/100\n|-boost|p1a: Chi-Yu|spe|1\n|move|p2a: Ho-Oh|Toxic|p1a: Chi-Yu\n|-status|p1a: Chi-Yu|tox\n|\n|-damage|p1a: Chi-Yu|95\/100 tox|[from] psn\n|upkeep\n|turn|27\n|\n|t:|1698726271\n|switch|p2a: Yveltal|Yveltal|89\/100\n|-ability|p2a: Yveltal|Dark Aura\n|move|p1a: Chi-Yu|Dark Pulse|p2a: Yveltal\n|-resisted|p2a: Yveltal\n|-damage|p2a: Yveltal|59\/100\n|-heal|p1a: Chi-Yu|100\/100 tox|[from] item: Shell Bell|[of] p2a: Yveltal\n|\n|-damage|p1a: Chi-Yu|89\/100 tox|[from] psn\n|upkeep\n|turn|28\n|\n|t:|1698726282\n|move|p1a: Chi-Yu|Flamethrower|p2a: Yveltal\n|-damage|p2a: Yveltal|12\/100\n|-heal|p1a: Chi-Yu|99\/100 tox|[from] item: Shell Bell|[of] p2a: Yveltal\n|move|p2a: Yveltal|Knock Off|p1a: Chi-Yu\n|-resisted|p1a: Chi-Yu\n|-damage|p1a: Chi-Yu|52\/100 tox\n|-enditem|p1a: Chi-Yu|Shell Bell|[from] move: Knock Off|[of] p2a: Yveltal\n|\n|-damage|p1a: Chi-Yu|34\/100 tox|[from] psn\n|upkeep\n|turn|29\n|\n|t:|1698726294\n|move|p1a: Chi-Yu|Dark Pulse|p2a: Yveltal\n|-resisted|p2a: Yveltal\n|-damage|p2a: Yveltal|0 fnt\n|faint|p2a: Yveltal\n|\n|-damage|p1a: Chi-Yu|10\/100 tox|[from] psn\n|upkeep\n|\n|t:|1698726297\n|switch|p2a: Ho-Oh|Ho-Oh|54\/100\n|turn|30\n|\n|t:|1698726304\n|move|p1a: Chi-Yu|Dark Pulse|p2a: Ho-Oh\n|-damage|p2a: Ho-Oh|22\/100\n|move|p2a: Ho-Oh|Defog|p1a: Chi-Yu\n|-unboost|p1a: Chi-Yu|evasion|1\n|\n|-damage|p1a: Chi-Yu|0 fnt|[from] psn\n|faint|p1a: Chi-Yu\n|upkeep\n|\n|t:|1698726310\n|switch|p1a: Annihilape|Annihilape, F|100\/100\n|turn|31\n|\n|t:|1698726314\n|move|p2a: Ho-Oh|Toxic|p1a: Annihilape\n|-status|p1a: Annihilape|tox\n|move|p1a: Annihilape|Bulk Up|p1a: Annihilape\n|-boost|p1a: Annihilape|atk|1\n|-boost|p1a: Annihilape|def|1\n|\n|-damage|p1a: Annihilape|94\/100 tox|[from] psn\n|upkeep\n|turn|32\n|\n|t:|1698726323\n|move|p2a: Ho-Oh|Sacred Fire|p1a: Annihilape\n|-damage|p1a: Annihilape|68\/100 tox\n|move|p1a: Annihilape|Bulk Up|p1a: Annihilape\n|-boost|p1a: Annihilape|atk|1\n|-boost|p1a: Annihilape|def|1\n|\n|-damage|p1a: Annihilape|56\/100 tox|[from] psn\n|upkeep\n|turn|33\n|\n|t:|1698726353\n|move|p2a: Ho-Oh|Sacred Fire|p1a: Annihilape\n|-damage|p1a: Annihilape|36\/100 tox\n|move|p1a: Annihilape|Rest|p1a: Annihilape\n|-status|p1a: Annihilape|slp|[from] move: Rest\n|-heal|p1a: Annihilape|100\/100 slp|[silent]\n|-enditem|p1a: Annihilape|Chesto Berry|[eat]\n|-curestatus|p1a: Annihilape|slp|[msg]\n|\n|upkeep\n|turn|34\n|\n|t:|1698726360\n|move|p2a: Ho-Oh|Toxic|p1a: Annihilape\n|-status|p1a: Annihilape|tox\n|move|p1a: Annihilape|Rage Fist|p2a: Ho-Oh\n|-damage|p2a: Ho-Oh|0 fnt\n|faint|p2a: Ho-Oh\n|\n|-damage|p1a: Annihilape|94\/100 tox|[from] psn\n|upkeep\n|\n|t:|1698726365\n|switch|p2a: Arceus|Arceus-Ground|35\/100\n|turn|35\n|\n|t:|1698726370\n|-terastallize|p2a: Arceus|Ground\n|move|p2a: Arceus|Earthquake|p1a: Annihilape\n|-damage|p1a: Annihilape|53\/100 tox\n|move|p1a: Annihilape|Rage Fist|p2a: Arceus\n|-damage|p2a: Arceus|0 fnt\n|faint|p2a: Arceus\n|\n|win|Dabigmurph\n|raw|Dabigmurph's rating: 1455 &rarr; <strong>1488<\/strong><br \/>(+33 for winning)\n|raw|beticheese's rating: 1710 &rarr; <strong>1677<\/strong><br \/>(-33 for losing)\n|l|\u2606beticheese\n","uploadtime":1698726381,"views":13,"p1id":"dabigmurph","p2id":"beticheese","formatid":"gen9nationaldexubers","rating":1488,"private":0,"password":""}