{"id":"gen9nationaldexubers-1993000157","p1":"Kingmoney8133","p2":"Slightly Old Fart","format":"[Gen 9] National Dex Ubers","log":"|j|\u2606Kingmoney8133\n|j|\u2606Slightly Old Fart\n|t:|1700254206\n|gametype|singles\n|player|p1|Kingmoney8133|265|\n|player|p2|Slightly Old Fart|102|\n|teamsize|p1|6\n|teamsize|p2|6\n|gen|9\n|tier|[Gen 9] National Dex Ubers\n|rule|HP Percentage Mod: HP is shown in percentages\n|rule|Endless Battle Clause: Forcing endless battles is banned\n|rule|OHKO Clause: OHKO moves are banned\n|rule|Evasion Moves Clause: Evasion moves are banned\n|rule|Evasion Items Clause: Evasion items are banned\n|rule|Species Clause: Limit one of each Pok\u00e9mon\n|rule|Sleep Clause Mod: Limit one foe put to sleep\n|rule|Mega Rayquaza Clause: You cannot mega evolve Rayquaza\n|clearpoke\n|poke|p1|Gyarados, M|\n|poke|p1|Scizor, F|\n|poke|p1|Gallade, M|\n|poke|p1|Jolteon, M|\n|poke|p1|Tentacruel, F|\n|poke|p1|Houndoom, F|\n|poke|p2|Vaporeon, M|\n|poke|p2|Alakazam, F|\n|poke|p2|Kleavor, F|\n|poke|p2|Skarmory, M|\n|poke|p2|Togekiss, F|\n|poke|p2|Nidoking, M|\n|teampreview\n|\n|t:|1700254260\n|start\n|switch|p1a: Gyarados|Gyarados, M, shiny|100\/100\n|switch|p2a: Kleavor|Kleavor, F|100\/100\n|-ability|p1a: Gyarados|Intimidate|boost\n|-unboost|p2a: Kleavor|atk|1\n|turn|1\n|\n|t:|1700254271\n|switch|p2a: Skarmory|Skarmory, M|100\/100\n|move|p1a: Gyarados|Waterfall|p2a: Skarmory\n|-damage|p2a: Skarmory|67\/100\n|-damage|p1a: Gyarados|84\/100|[from] item: Rocky Helmet|[of] p2a: Skarmory\n|\n|upkeep\n|turn|2\n|\n|t:|1700254284\n|move|p1a: Gyarados|Dragon Dance|p1a: Gyarados\n|-boost|p1a: Gyarados|atk|1\n|-boost|p1a: Gyarados|spe|1\n|move|p2a: Skarmory|Iron Defense|p2a: Skarmory\n|-boost|p2a: Skarmory|def|2\n|\n|upkeep\n|turn|3\n|\n|t:|1700254293\n|switch|p1a: Tentacruel|Tentacruel, F, shiny|100\/100\n|move|p2a: Skarmory|Iron Defense|p2a: Skarmory\n|-boost|p2a: Skarmory|def|2\n|\n|upkeep\n|turn|4\n|\n|t:|1700254303\n|move|p1a: Tentacruel|Haze|p1a: Tentacruel\n|-clearallboost\n|move|p2a: Skarmory|Roost|p2a: Skarmory\n|-heal|p2a: Skarmory|100\/100\n|-singleturn|p2a: Skarmory|move: Roost\n|\n|upkeep\n|turn|5\n|\n|t:|1700254311\n|move|p1a: Tentacruel|Scald|p2a: Skarmory\n|-damage|p2a: Skarmory|80\/100\n|-status|p2a: Skarmory|brn\n|move|p2a: Skarmory|Spikes|p1a: Tentacruel\n|-sidestart|p1: Kingmoney8133|Spikes\n|\n|-damage|p2a: Skarmory|74\/100 brn|[from] brn\n|upkeep\n|turn|6\n|\n|t:|1700254321\n|move|p1a: Tentacruel|Rapid Spin|p2a: Skarmory\n|-resisted|p2a: Skarmory\n|-damage|p2a: Skarmory|71\/100 brn\n|-boost|p1a: Tentacruel|spe|1\n|-damage|p1a: Tentacruel|84\/100|[from] item: Rocky Helmet|[of] p2a: Skarmory\n|-sideend|p1: Kingmoney8133|Spikes|[from] move: Rapid Spin|[of] p1a: Tentacruel\n|move|p2a: Skarmory|Spikes|p1a: Tentacruel\n|-sidestart|p1: Kingmoney8133|Spikes\n|\n|-heal|p1a: Tentacruel|90\/100|[from] item: Black Sludge\n|-damage|p2a: Skarmory|65\/100 brn|[from] brn\n|upkeep\n|turn|7\n|\n|t:|1700254343\n|switch|p2a: Alakazam|Alakazam, F|100\/100\n|move|p1a: Tentacruel|Scald|p2a: Alakazam\n|-damage|p2a: Alakazam|65\/100\n|-status|p2a: Alakazam|brn\n|-activate|p2a: Alakazam|ability: Synchronize\n|-status|p1a: Tentacruel|brn\n|\n|-heal|p1a: Tentacruel|96\/100 brn|[from] item: Black Sludge\n|-damage|p2a: Alakazam|59\/100 brn|[from] brn\n|-damage|p1a: Tentacruel|90\/100 brn|[from] brn\n|upkeep\n|turn|8\n|\n|t:|1700254374\n|switch|p1a: Houndoom|Houndoom, F|100\/100\n|-damage|p1a: Houndoom|88\/100|[from] Spikes\n|move|p2a: Alakazam|Nasty Plot|p2a: Alakazam\n|-boost|p2a: Alakazam|spa|2\n|\n|-damage|p2a: Alakazam|53\/100 brn|[from] brn\n|upkeep\n|turn|9\n|\n|t:|1700254386\n|move|p1a: Houndoom|Sucker Punch|p2a: Alakazam\n|-supereffective|p2a: Alakazam\n|-damage|p2a: Alakazam|0 fnt\n|faint|p2a: Alakazam\n|-damage|p1a: Houndoom|78\/100|[from] item: Life Orb\n|\n|upkeep\n|c|\u2606Slightly Old Fart|fuk\n|c|\u2606Slightly Old Fart|didn't know it learned that\n|\n|t:|1700254405\n|switch|p2a: Nidoking|Nidoking, M|100\/100\n|turn|10\n|\n|t:|1700254456\n|switch|p1a: Gyarados|Gyarados, M, shiny|84\/100\n|-ability|p1a: Gyarados|Intimidate|boost\n|-unboost|p2a: Nidoking|atk|1\n|move|p2a: Nidoking|Earth Power|p1a: Gyarados\n|-immune|p1a: Gyarados\n|\n|upkeep\n|turn|11\n|\n|t:|1700254467\n|switch|p2a: Vaporeon|Vaporeon, M|100\/100\n|move|p1a: Gyarados|Waterfall|p2a: Vaporeon\n|-immune|p2a: Vaporeon|[from] ability: Water Absorb\n|\n|upkeep\n|turn|12\n|\n|t:|1700254478\n|move|p1a: Gyarados|Power Whip|p2a: Vaporeon\n|-supereffective|p2a: Vaporeon\n|-damage|p2a: Vaporeon|37\/100\n|move|p2a: Vaporeon|Toxic|p1a: Gyarados\n|-status|p1a: Gyarados|tox\n|\n|-heal|p2a: Vaporeon|43\/100|[from] item: Leftovers\n|-damage|p1a: Gyarados|78\/100 tox|[from] psn\n|upkeep\n|turn|13\n|\n|t:|1700254488\n|move|p2a: Vaporeon|Protect|p2a: Vaporeon\n|-singleturn|p2a: Vaporeon|Protect\n|move|p1a: Gyarados|Power Whip|p2a: Vaporeon\n|-activate|p2a: Vaporeon|move: Protect\n|\n|-heal|p2a: Vaporeon|50\/100|[from] item: Leftovers\n|-damage|p1a: Gyarados|66\/100 tox|[from] psn\n|upkeep\n|turn|14\n|\n|t:|1700254498\n|switch|p2a: Skarmory|Skarmory, M|65\/100 brn\n|move|p1a: Gyarados|Power Whip|p2a: Skarmory\n|-resisted|p2a: Skarmory\n|-damage|p2a: Skarmory|57\/100 brn\n|-damage|p1a: Gyarados|49\/100 tox|[from] item: Rocky Helmet|[of] p2a: Skarmory\n|\n|-damage|p1a: Gyarados|31\/100 tox|[from] psn\n|-damage|p2a: Skarmory|51\/100 brn|[from] brn\n|upkeep\n|turn|15\n|\n|t:|1700254511\n|switch|p1a: Tentacruel|Tentacruel, F, shiny|90\/100 brn\n|-damage|p1a: Tentacruel|78\/100 brn|[from] Spikes\n|move|p2a: Skarmory|Spikes|p1a: Tentacruel\n|-sidestart|p1: Kingmoney8133|Spikes\n|\n|-heal|p1a: Tentacruel|84\/100 brn|[from] item: Black Sludge\n|-damage|p1a: Tentacruel|78\/100 brn|[from] brn\n|-damage|p2a: Skarmory|45\/100 brn|[from] brn\n|upkeep\n|turn|16\n|\n|t:|1700254533\n|switch|p2a: Vaporeon|Vaporeon, M|50\/100\n|move|p1a: Tentacruel|Scald|p2a: Vaporeon\n|-heal|p2a: Vaporeon|74\/100|[from] ability: Water Absorb|[of] p1a: Tentacruel\n|\n|-heal|p1a: Tentacruel|84\/100 brn|[from] item: Black Sludge\n|-heal|p2a: Vaporeon|80\/100|[from] item: Leftovers\n|-damage|p1a: Tentacruel|78\/100 brn|[from] brn\n|upkeep\n|turn|17\n|\n|t:|1700254544\n|move|p1a: Tentacruel|Rapid Spin|p2a: Vaporeon\n|-damage|p2a: Vaporeon|78\/100\n|-boost|p1a: Tentacruel|spe|1\n|-sideend|p1: Kingmoney8133|Spikes|[from] move: Rapid Spin|[of] p1a: Tentacruel\n|move|p2a: Vaporeon|Wish|p2a: Vaporeon\n|\n|-heal|p1a: Tentacruel|84\/100 brn|[from] item: Black Sludge\n|-heal|p2a: Vaporeon|84\/100|[from] item: Leftovers\n|-damage|p1a: Tentacruel|78\/100 brn|[from] brn\n|upkeep\n|turn|18\n|\n|t:|1700254564\n|switch|p2a: Nidoking|Nidoking, M|100\/100\n|move|p1a: Tentacruel|Sludge Bomb|p2a: Nidoking\n|-resisted|p2a: Nidoking\n|-damage|p2a: Nidoking|92\/100\n|\n|-heal|p2a: Nidoking|100\/100|[from] move: Wish|[wisher] Vaporeon\n|-heal|p1a: Tentacruel|84\/100 brn|[from] item: Black Sludge\n|-damage|p1a: Tentacruel|78\/100 brn|[from] brn\n|upkeep\n|turn|19\n|\n|t:|1700254583\n|switch|p1a: Scizor|Scizor, F, shiny|100\/100\n|move|p2a: Nidoking|Thunderbolt|p1a: Scizor\n|-damage|p1a: Scizor|56\/100\n|\n|upkeep\n|turn|20\n|\n|t:|1700254645\n|move|p2a: Nidoking|Earth Power|p1a: Scizor\n|-damage|p1a: Scizor|0 fnt\n|faint|p1a: Scizor\n|\n|upkeep\n|\n|t:|1700254652\n|switch|p1a: Gyarados|Gyarados, M, shiny|31\/100 tox\n|-ability|p1a: Gyarados|Intimidate|boost\n|-unboost|p2a: Nidoking|atk|1\n|turn|21\n|\n|t:|1700254701\n|move|p2a: Nidoking|Thunderbolt|p1a: Gyarados\n|-supereffective|p1a: Gyarados\n|-damage|p1a: Gyarados|0 fnt\n|faint|p1a: Gyarados\n|\n|upkeep\n|\n|t:|1700254716\n|switch|p1a: Gallade|Gallade, M, shiny|100\/100\n|turn|22\n|\n|t:|1700254733\n|switch|p2a: Togekiss|Togekiss, F|100\/100\n|move|p1a: Gallade|Psycho Cut|p2a: Togekiss\n|-damage|p2a: Togekiss|48\/100\n|\n|-heal|p2a: Togekiss|54\/100|[from] item: Leftovers\n|upkeep\n|turn|23\n|\n|t:|1700254764\n|move|p1a: Gallade|Psycho Cut|p2a: Togekiss\n|-damage|p2a: Togekiss|0 fnt\n|faint|p2a: Togekiss\n|\n|upkeep\n|\n|t:|1700254773\n|switch|p2a: Kleavor|Kleavor, F|100\/100\n|turn|24\n|\n|t:|1700254837\n|move|p2a: Kleavor|X-Scissor|p1a: Gallade\n|-damage|p1a: Gallade|0 fnt\n|faint|p1a: Gallade\n|\n|upkeep\n|\n|t:|1700254843\n|switch|p1a: Tentacruel|Tentacruel, F, shiny|78\/100 brn\n|turn|25\n|\n|t:|1700254852\n|move|p2a: Kleavor|X-Scissor|p1a: Tentacruel\n|-resisted|p1a: Tentacruel\n|-crit|p1a: Tentacruel\n|-damage|p1a: Tentacruel|37\/100 brn\n|move|p1a: Tentacruel|Scald|p2a: Kleavor\n|-supereffective|p2a: Kleavor\n|-damage|p2a: Kleavor|30\/100\n|\n|-heal|p1a: Tentacruel|43\/100 brn|[from] item: Black Sludge\n|-damage|p1a: Tentacruel|37\/100 brn|[from] brn\n|upkeep\n|turn|26\n|\n|t:|1700254870\n|switch|p2a: Vaporeon|Vaporeon, M|84\/100\n|move|p1a: Tentacruel|Scald|p2a: Vaporeon\n|-heal|p2a: Vaporeon|100\/100|[from] ability: Water Absorb|[of] p1a: Tentacruel\n|\n|-heal|p1a: Tentacruel|43\/100 brn|[from] item: Black Sludge\n|-damage|p1a: Tentacruel|37\/100 brn|[from] brn\n|upkeep\n|turn|27\n|\n|t:|1700254881\n|move|p1a: Tentacruel|Sludge Bomb|p2a: Vaporeon\n|-crit|p2a: Vaporeon\n|-damage|p2a: Vaporeon|69\/100\n|-status|p2a: Vaporeon|psn\n|move|p2a: Vaporeon|Wish|p2a: Vaporeon\n|\n|-heal|p1a: Tentacruel|43\/100 brn|[from] item: Black Sludge\n|-heal|p2a: Vaporeon|75\/100 psn|[from] item: Leftovers\n|-damage|p2a: Vaporeon|63\/100 psn|[from] psn\n|-damage|p1a: Tentacruel|37\/100 brn|[from] brn\n|upkeep\n|turn|28\n|\n|t:|1700254893\n|switch|p1a: Jolteon|Jolteon, M|100\/100\n|move|p2a: Vaporeon|Scald|p1a: Jolteon\n|-damage|p1a: Jolteon|64\/100\n|\n|-heal|p2a: Vaporeon|100\/100 psn|[from] move: Wish|[wisher] Vaporeon\n|-damage|p2a: Vaporeon|88\/100 psn|[from] psn\n|upkeep\n|turn|29\n|\n|t:|1700254931\n|switch|p2a: Nidoking|Nidoking, M|100\/100\n|move|p1a: Jolteon|Thunderbolt|p2a: Nidoking\n|-immune|p2a: Nidoking\n|\n|upkeep\n|turn|30\n|\n|t:|1700254978\n|switch|p1a: Houndoom|Houndoom, F|78\/100\n|move|p2a: Nidoking|Earth Power|p1a: Houndoom\n|-supereffective|p1a: Houndoom\n|-damage|p1a: Houndoom|0 fnt\n|faint|p1a: Houndoom\n|\n|upkeep\n|\n|t:|1700254993\n|switch|p1a: Tentacruel|Tentacruel, F, shiny|37\/100 brn\n|turn|31\n|\n|t:|1700254996\n|move|p2a: Nidoking|Thunderbolt|p1a: Tentacruel\n|-supereffective|p1a: Tentacruel\n|-damage|p1a: Tentacruel|0 fnt\n|faint|p1a: Tentacruel\n|\n|upkeep\n|\n|t:|1700255001\n|switch|p1a: Jolteon|Jolteon, M|64\/100\n|turn|32\n|\n|t:|1700255006\n|move|p1a: Jolteon|Shadow Ball|p2a: Nidoking\n|-damage|p2a: Nidoking|44\/100\n|move|p2a: Nidoking|Earth Power|p1a: Jolteon\n|-supereffective|p1a: Jolteon\n|-damage|p1a: Jolteon|0 fnt\n|faint|p1a: Jolteon\n|\n|win|Slightly Old Fart\n|c|\u2606Slightly Old Fart|gg\n|c|\u2606Kingmoney8133|Gg!\n","uploadtime":1700255016,"views":27,"p1id":"kingmoney8133","p2id":"slightlyoldfart","formatid":"gen9nationaldexubers","rating":0,"private":0,"password":""}