{"id":"gen9nationaldexubers-1981603636","p1":"Breeze88","p2":"MommyMikuNakano","format":"[Gen 9] National Dex Ubers","log":"|j|\u2606Breeze88\n|j|\u2606MommyMikuNakano\n|t:|1698924862\n|gametype|singles\n|player|p1|Breeze88|steven|1654\n|player|p2|MommyMikuNakano|erika-gen1|1724\n|teamsize|p1|6\n|teamsize|p2|6\n|gen|9\n|tier|[Gen 9] National Dex Ubers\n|rated|\n|rule|HP Percentage Mod: HP is shown in percentages\n|rule|Endless Battle Clause: Forcing endless battles is banned\n|rule|OHKO Clause: OHKO moves are banned\n|rule|Evasion Moves Clause: Evasion moves are banned\n|rule|Evasion Items Clause: Evasion items are banned\n|rule|Species Clause: Limit one of each Pok\u00e9mon\n|rule|Sleep Clause Mod: Limit one foe put to sleep\n|rule|Mega Rayquaza Clause: You cannot mega evolve Rayquaza\n|clearpoke\n|poke|p1|Shuckle, M|\n|poke|p1|Groudon|\n|poke|p1|Arceus-Ground|\n|poke|p1|Xerneas-*|\n|poke|p1|Salamence, F|\n|poke|p1|Necrozma-Dusk-Mane|\n|poke|p2|Salamence, F|\n|poke|p2|Kingambit, F|\n|poke|p2|Ditto|\n|poke|p2|Groudon|\n|poke|p2|Necrozma-Dusk-Mane|\n|poke|p2|Arceus-Fairy|\n|teampreview\n|inactive|Battle timer is ON: inactive players will automatically lose when time's up. (requested by Breeze88)\n|inactive|MommyMikuNakano also wants the timer to be on.\n|c|\u2606Breeze88|glhf\n|\n|t:|1698924873\n|start\n|switch|p1a: Necrozma|Necrozma-Dusk-Mane, shiny|100\/100\n|switch|p2a: Ditto|Ditto, shiny|100\/100\n|-transform|p2a: Ditto|p1a: Necrozma|[from] ability: Imposter\n|turn|1\n|\n|t:|1698924884\n|switch|p2a: Salamence|Salamence, F|100\/100\n|-ability|p2a: Salamence|Intimidate|boost\n|-unboost|p1a: Necrozma|atk|1\n|move|p1a: Necrozma|Dragon Dance|p1a: Necrozma\n|-boost|p1a: Necrozma|atk|1\n|-boost|p1a: Necrozma|spe|1\n|\n|upkeep\n|turn|2\n|\n|t:|1698924896\n|switch|p2a: Groudon|Groudon|100\/100\n|detailschange|p2a: Groudon|Groudon-Primal\n|-primal|p2a: Groudon|Red Orb\n|-weather|DesolateLand|[from] ability: Desolate Land|[of] p2a: Groudon\n|move|p1a: Necrozma|Dragon Dance|p1a: Necrozma\n|-boost|p1a: Necrozma|atk|1\n|-boost|p1a: Necrozma|spe|1\n|\n|-weather|DesolateLand|[upkeep]\n|upkeep\n|turn|3\n|\n|t:|1698924915\n|move|p1a: Necrozma|Earthquake|p2a: Groudon\n|-supereffective|p2a: Groudon\n|-damage|p2a: Groudon|43\/100\n|move|p2a: Groudon|Earthquake|p1a: Necrozma\n|-supereffective|p1a: Necrozma\n|-damage|p1a: Necrozma|42\/100\n|-enditem|p1a: Necrozma|Weakness Policy\n|-boost|p1a: Necrozma|atk|2|[from] item: Weakness Policy\n|-boost|p1a: Necrozma|spa|2|[from] item: Weakness Policy\n|\n|-weather|DesolateLand|[upkeep]\n|upkeep\n|turn|4\n|\n|t:|1698924924\n|move|p1a: Necrozma|Earthquake|p2a: Groudon\n|-supereffective|p2a: Groudon\n|-damage|p2a: Groudon|0 fnt\n|faint|p2a: Groudon\n|-weather|none\n|\n|upkeep\n|\n|t:|1698924926\n|switch|p2a: Ditto|Ditto, shiny|100\/100\n|-transform|p2a: Ditto|p1a: Necrozma|[from] ability: Imposter\n|turn|5\n|\n|t:|1698924930\n|move|p2a: Ditto|Sunsteel Strike|p1a: Necrozma\n|-resisted|p1a: Necrozma\n|-damage|p1a: Necrozma|0 fnt\n|faint|p1a: Necrozma\n|\n|upkeep\n|\n|t:|1698924944\n|switch|p1a: Groudon|Groudon|100\/100\n|detailschange|p1a: Groudon|Groudon-Primal\n|-primal|p1a: Groudon|Red Orb\n|-weather|DesolateLand|[from] ability: Desolate Land|[of] p1a: Groudon\n|turn|6\n|\n|t:|1698924950\n|-terastallize|p2a: Ditto|Ghost\n|move|p2a: Ditto|Sunsteel Strike|p1a: Groudon\n|-resisted|p1a: Groudon\n|-crit|p1a: Groudon\n|-damage|p1a: Groudon|21\/100\n|move|p1a: Groudon|Eruption|p2a: Ditto\n|-damage|p2a: Ditto|66\/100\n|\n|-weather|DesolateLand|[upkeep]\n|upkeep\n|turn|7\n|\n|t:|1698924956\n|move|p2a: Ditto|Sunsteel Strike|p1a: Groudon\n|-resisted|p1a: Groudon\n|-damage|p1a: Groudon|0 fnt\n|faint|p1a: Groudon\n|-weather|none\n|\n|upkeep\n|\n|t:|1698924958\n|switch|p1a: Salamence|Salamence, F|100\/100\n|-ability|p1a: Salamence|Intimidate|boost\n|-unboost|p2a: Ditto|atk|1\n|turn|8\n|c|\u2606Breeze88|gg\n|-message|Breeze88 forfeited.\n|\n|win|MommyMikuNakano\n|raw|Breeze88's rating: 1654 &rarr; <strong>1638<\/strong><br \/>(-16 for losing)\n|raw|MommyMikuNakano's rating: 1724 &rarr; <strong>1740<\/strong><br \/>(+16 for winning)\n|l|\u2606Breeze88\n","uploadtime":1698924971,"views":8,"p1id":"breeze88","p2id":"mommymikunakano","formatid":"gen9nationaldexubers","rating":1638,"private":0,"password":""}