{"id":"gen9nationaldexubers-1984432433","p1":"LonelySxNner","p2":"YouGetBlocked","format":"[Gen 9] National Dex Ubers","log":"|j|\u2606LonelySxNner\n|j|\u2606YouGetBlocked\n|t:|1699262700\n|gametype|singles\n|player|p1|LonelySxNner|marnie|1488\n|player|p2|YouGetBlocked|265|1368\n|teamsize|p1|6\n|teamsize|p2|6\n|gen|9\n|tier|[Gen 9] National Dex Ubers\n|rated|\n|rule|HP Percentage Mod: HP is shown in percentages\n|rule|Endless Battle Clause: Forcing endless battles is banned\n|rule|OHKO Clause: OHKO moves are banned\n|rule|Evasion Moves Clause: Evasion moves are banned\n|rule|Evasion Items Clause: Evasion items are banned\n|rule|Species Clause: Limit one of each Pok\u00e9mon\n|rule|Sleep Clause Mod: Limit one foe put to sleep\n|rule|Mega Rayquaza Clause: You cannot mega evolve Rayquaza\n|clearpoke\n|poke|p1|Zygarde|\n|poke|p1|Eternatus|\n|poke|p1|Kyurem-White|\n|poke|p1|Rayquaza|\n|poke|p1|Palkia-Origin|\n|poke|p1|Giratina|\n|poke|p2|Necrozma-Dusk-Mane|\n|poke|p2|Xerneas-*|\n|poke|p2|Arceus-Dark|\n|poke|p2|Groudon|\n|poke|p2|Yveltal|\n|poke|p2|Giratina|\n|teampreview\n|inactive|Battle timer is ON: inactive players will automatically lose when time's up. (requested by LonelySxNner)\n|\n|t:|1699262733\n|start\n|switch|p1a: Zygarde|Zygarde|100\/100\n|switch|p2a: Groudon|Groudon|100\/100\n|detailschange|p2a: Groudon|Groudon-Primal\n|-primal|p2a: Groudon|Red Orb\n|-weather|DesolateLand|[from] ability: Desolate Land|[of] p2a: Groudon\n|turn|1\n|\n|t:|1699262744\n|move|p1a: Zygarde|Dragon Dance|p1a: Zygarde\n|-boost|p1a: Zygarde|atk|1\n|-boost|p1a: Zygarde|spe|1\n|move|p2a: Groudon|Stealth Rock|p1a: Zygarde\n|-sidestart|p1: LonelySxNner|move: Stealth Rock\n|\n|-weather|DesolateLand|[upkeep]\n|upkeep\n|turn|2\n|\n|t:|1699262746\n|-weather|none\n|switch|p2a: Arceus|Arceus-Dark|100\/100\n|move|p1a: Zygarde|Dragon Dance|p1a: Zygarde\n|-boost|p1a: Zygarde|atk|1\n|-boost|p1a: Zygarde|spe|1\n|\n|upkeep\n|turn|3\n|\n|t:|1699262755\n|-terastallize|p2a: Arceus|Flying\n|move|p1a: Zygarde|Outrage|p2a: Arceus\n|-damage|p2a: Arceus|27\/100\n|move|p2a: Arceus|Ice Beam|p1a: Zygarde\n|-supereffective|p1a: Zygarde\n|-damage|p1a: Zygarde|0 fnt\n|faint|p1a: Zygarde\n|\n|upkeep\n|\n|t:|1699262768\n|switch|p1a: Palkia|Palkia-Origin|100\/100\n|-damage|p1a: Palkia|88\/100|[from] Stealth Rock\n|-ability|p1a: Palkia|Pressure\n|turn|4\n|\n|t:|1699262771\n|move|p1a: Palkia|Spacial Rend|p2a: Arceus|[miss]\n|-miss|p1a: Palkia|p2a: Arceus\n|move|p2a: Arceus|Judgment|p1a: Palkia\n|-damage|p1a: Palkia|27\/100\n|\n|upkeep\n|turn|5\n|\n|t:|1699262785\n|switch|p2a: Xerneas|Xerneas|100\/100\n|-ability|p2a: Xerneas|Fairy Aura\n|move|p1a: Palkia|Spacial Rend|p2a: Xerneas\n|-immune|p2a: Xerneas\n|\n|upkeep\n|turn|6\n|\n|t:|1699262789\n|switch|p1a: Eternatus|Eternatus|100\/100\n|-damage|p1a: Eternatus|88\/100|[from] Stealth Rock\n|-ability|p1a: Eternatus|Pressure\n|move|p2a: Xerneas|Geomancy||[still]\n|-prepare|p2a: Xerneas|Geomancy\n|-enditem|p2a: Xerneas|Power Herb\n|-anim|p2a: Xerneas|Geomancy|p2a: Xerneas\n|-boost|p2a: Xerneas|spa|2\n|-boost|p2a: Xerneas|spd|2\n|-boost|p2a: Xerneas|spe|2\n|-enditem|p1a: Eternatus|Mirror Herb\n|-boost|p1a: Eternatus|spa|2|[from] item: Mirror Herb\n|-boost|p1a: Eternatus|spd|2|[from] item: Mirror Herb\n|-boost|p1a: Eternatus|spe|2|[from] item: Mirror Herb\n|\n|upkeep\n|turn|7\n|\n|t:|1699262795\n|-terastallize|p1a: Eternatus|Steel\n|move|p1a: Eternatus|Sludge Wave|p2a: Xerneas\n|-supereffective|p2a: Xerneas\n|-damage|p2a: Xerneas|24\/100\n|move|p2a: Xerneas|Moonblast|p1a: Eternatus\n|-resisted|p1a: Eternatus\n|-damage|p1a: Eternatus|60\/100\n|\n|upkeep\n|turn|8\n|\n|t:|1699262810\n|move|p1a: Eternatus|Sludge Wave|p2a: Xerneas\n|-supereffective|p2a: Xerneas\n|-damage|p2a: Xerneas|0 fnt\n|faint|p2a: Xerneas\n|\n|upkeep\n|\n|t:|1699262812\n|switch|p2a: Giraaah!|Giratina|100\/100\n|-ability|p2a: Giraaah!|Pressure\n|turn|9\n|\n|t:|1699262817\n|move|p1a: Eternatus|Dynamax Cannon|p2a: Giraaah!\n|-supereffective|p2a: Giraaah!\n|-damage|p2a: Giraaah!|0 fnt\n|faint|p2a: Giraaah!\n|\n|upkeep\n|\n|t:|1699262822\n|switch|p2a: Groudon|Groudon-Primal|100\/100\n|-weather|DesolateLand|[from] ability: Desolate Land|[of] p2a: Groudon\n|turn|10\n|\n|t:|1699262825\n|move|p1a: Eternatus|Dynamax Cannon|p2a: Groudon\n|-damage|p2a: Groudon|0 fnt\n|faint|p2a: Groudon\n|-weather|none\n|\n|upkeep\n|\n|t:|1699262828\n|switch|p2a: Necrozma|Necrozma-Dusk-Mane|100\/100\n|turn|11\n|\n|t:|1699262833\n|move|p1a: Eternatus|Recover|p1a: Eternatus\n|-heal|p1a: Eternatus|100\/100\n|move|p2a: Necrozma|Earthquake|p1a: Eternatus\n|-supereffective|p1a: Eternatus\n|-damage|p1a: Eternatus|38\/100\n|\n|upkeep\n|turn|12\n|\n|t:|1699262839\n|move|p1a: Eternatus|Flamethrower|p2a: Necrozma\n|-supereffective|p2a: Necrozma\n|-damage|p2a: Necrozma|23\/100\n|move|p2a: Necrozma|Earthquake|p1a: Eternatus\n|-supereffective|p1a: Eternatus\n|-crit|p1a: Eternatus\n|-damage|p1a: Eternatus|0 fnt\n|faint|p1a: Eternatus\n|\n|-heal|p2a: Necrozma|29\/100|[from] item: Leftovers\n|upkeep\n|\n|t:|1699262850\n|switch|p1a: Giratina|Giratina, shiny|100\/100\n|-damage|p1a: Giratina|88\/100|[from] Stealth Rock\n|-ability|p1a: Giratina|Pressure\n|turn|13\n|\n|t:|1699262858\n|move|p1a: Giratina|Thunder Wave|p2a: Necrozma\n|-status|p2a: Necrozma|par\n|cant|p2a: Necrozma|par\n|\n|-heal|p2a: Necrozma|35\/100 par|[from] item: Leftovers\n|upkeep\n|turn|14\n|\n|t:|1699262863\n|move|p1a: Giratina|Hex|p2a: Necrozma\n|-supereffective|p2a: Necrozma\n|-damage|p2a: Necrozma|0 fnt\n|faint|p2a: Necrozma\n|\n|upkeep\n|\n|t:|1699262868\n|switch|p2a: Yveltal|Yveltal|100\/100\n|-ability|p2a: Yveltal|Dark Aura\n|turn|15\n|\n|t:|1699262870\n|move|p2a: Yveltal|Dark Pulse|p1a: Giratina\n|-supereffective|p1a: Giratina\n|-damage|p1a: Giratina|14\/100\n|-damage|p2a: Yveltal|91\/100|[from] item: Life Orb\n|move|p1a: Giratina|Thunder Wave|p2a: Yveltal\n|-status|p2a: Yveltal|par\n|\n|upkeep\n|turn|16\n|\n|t:|1699262876\n|move|p1a: Giratina|Rest|p1a: Giratina\n|-status|p1a: Giratina|slp|[from] move: Rest\n|-heal|p1a: Giratina|100\/100 slp|[silent]\n|-enditem|p1a: Giratina|Chesto Berry|[eat]\n|-curestatus|p1a: Giratina|slp|[msg]\n|move|p2a: Yveltal|Dark Pulse|p1a: Giratina\n|-supereffective|p1a: Giratina\n|-damage|p1a: Giratina|29\/100\n|-damage|p2a: Yveltal|81\/100 par|[from] item: Life Orb\n|\n|upkeep\n|turn|17\n|\n|t:|1699262889\n|move|p1a: Giratina|Hex|p2a: Yveltal\n|-resisted|p2a: Yveltal\n|-damage|p2a: Yveltal|59\/100 par\n|cant|p2a: Yveltal|par\n|\n|upkeep\n|turn|18\n|\n|t:|1699262894\n|move|p1a: Giratina|Rest|p1a: Giratina\n|-status|p1a: Giratina|slp|[from] move: Rest\n|-heal|p1a: Giratina|100\/100 slp|[silent]\n|move|p2a: Yveltal|Dark Pulse|p1a: Giratina\n|-supereffective|p1a: Giratina\n|-damage|p1a: Giratina|33\/100 slp\n|-damage|p2a: Yveltal|49\/100 par|[from] item: Life Orb\n|\n|upkeep\n|turn|19\n|\n|t:|1699262898\n|cant|p1a: Giratina|slp\n|cant|p2a: Yveltal|par\n|\n|upkeep\n|turn|20\n|\n|t:|1699262901\n|cant|p1a: Giratina|slp\n|move|p2a: Yveltal|Dark Pulse|p1a: Giratina\n|-supereffective|p1a: Giratina\n|-damage|p1a: Giratina|0 fnt\n|faint|p1a: Giratina\n|-damage|p2a: Yveltal|39\/100 par|[from] item: Life Orb\n|\n|upkeep\n|\n|t:|1699262906\n|switch|p1a: Palkia|Palkia-Origin|27\/100\n|-damage|p1a: Palkia|15\/100|[from] Stealth Rock\n|-ability|p1a: Palkia|Pressure\n|turn|21\n|\n|t:|1699262909\n|move|p1a: Palkia|Spacial Rend|p2a: Yveltal\n|-damage|p2a: Yveltal|0 fnt\n|faint|p2a: Yveltal\n|\n|upkeep\n|\n|t:|1699262912\n|switch|p2a: Arceus|Arceus-Dark, tera:Flying|27\/100\n|turn|22\n|\n|t:|1699262914\n|move|p1a: Palkia|Surf|p2a: Arceus\n|-damage|p2a: Arceus|0 fnt\n|faint|p2a: Arceus\n|\n|win|LonelySxNner\n|raw|LonelySxNner's rating: 1488 &rarr; <strong>1501<\/strong><br \/>(+13 for winning)\n|raw|YouGetBlocked's rating: 1368 &rarr; <strong>1355<\/strong><br \/>(-13 for losing)\n|l|\u2606YouGetBlocked\n","uploadtime":1699262998,"views":5,"p1id":"lonelysxnner","p2id":"yougetblocked","formatid":"gen9nationaldexubers","rating":1355,"private":0,"password":""}