{"id":"gen9nationaldexubers-1977747145","p1":"Dorimethanol","p2":"KojiOishi","format":"[Gen 9] National Dex Ubers","log":"|j|\u2606Dorimethanol\n|j|\u2606KojiOishi\n|t:|1698444873\n|gametype|singles\n|player|p1|Dorimethanol|gentleman-gen4|1114\n|player|p2|KojiOishi|pokemonranger-gen4|1202\n|teamsize|p1|6\n|teamsize|p2|6\n|gen|9\n|tier|[Gen 9] National Dex Ubers\n|rated|\n|rule|HP Percentage Mod: HP is shown in percentages\n|rule|Endless Battle Clause: Forcing endless battles is banned\n|rule|OHKO Clause: OHKO moves are banned\n|rule|Evasion Moves Clause: Evasion moves are banned\n|rule|Evasion Items Clause: Evasion items are banned\n|rule|Species Clause: Limit one of each Pok\u00e9mon\n|rule|Sleep Clause Mod: Limit one foe put to sleep\n|rule|Mega Rayquaza Clause: You cannot mega evolve Rayquaza\n|clearpoke\n|poke|p1|Giratina|\n|poke|p1|Dondozo, F|\n|poke|p1|Chansey, F|\n|poke|p1|Tyranitar, F|\n|poke|p1|Ho-Oh|\n|poke|p1|Mewtwo|\n|poke|p2|Cinderace, F|\n|poke|p2|Clawitzer, M|\n|poke|p2|Slaking, M|\n|poke|p2|Ceruledge, M|\n|poke|p2|Nidoking, M|\n|poke|p2|Trevenant, F|\n|teampreview\n|inactive|Battle timer is ON: inactive players will automatically lose when time's up. (requested by Dorimethanol)\n|\n|t:|1698444896\n|start\n|switch|p1a: Erebus|Tyranitar, F, shiny|100\/100\n|switch|p2a: Trevenant|Trevenant, F|100\/100\n|-weather|Sandstorm|[from] ability: Sand Stream|[of] p1a: Erebus\n|turn|1\n|\n|t:|1698444916\n|detailschange|p1a: Erebus|Tyranitar-Mega, F, shiny\n|-mega|p1a: Erebus|Tyranitar|Tyranitarite\n|move|p1a: Erebus|Knock Off|p2a: Trevenant\n|-supereffective|p2a: Trevenant\n|-crit|p2a: Trevenant\n|-damage|p2a: Trevenant|0 fnt\n|-enditem|p2a: Trevenant|Choice Band|[from] move: Knock Off|[of] p1a: Erebus\n|faint|p2a: Trevenant\n|\n|-weather|Sandstorm|[upkeep]\n|upkeep\n|\n|t:|1698444930\n|switch|p2a: Bea|Cinderace, F|100\/100\n|turn|2\n|\n|t:|1698444945\n|switch|p1a: Helios|Ho-Oh, shiny|100\/100\n|move|p2a: Bea|High Jump Kick|p1a: Helios\n|-start|p2a: Bea|typechange|Fighting|[from] ability: Libero\n|-resisted|p1a: Helios\n|-damage|p1a: Helios|73\/100\n|-damage|p2a: Bea|91\/100|[from] item: Life Orb\n|\n|-weather|Sandstorm|[upkeep]\n|-damage|p2a: Bea|85\/100|[from] Sandstorm\n|-damage|p1a: Helios|67\/100|[from] Sandstorm\n|upkeep\n|turn|3\n|\n|t:|1698444957\n|move|p2a: Bea|U-turn|p1a: Helios\n|-resisted|p1a: Helios\n|-damage|p1a: Helios|62\/100\n|-damage|p2a: Bea|75\/100|[from] item: Life Orb\n|\n|t:|1698444965\n|switch|p2a: WaterHazzard|Clawitzer, M|100\/100|[from] U-turn\n|move|p1a: Helios|Sacred Fire|p2a: WaterHazzard\n|-resisted|p2a: WaterHazzard\n|-damage|p2a: WaterHazzard|75\/100\n|\n|-weather|Sandstorm|[upkeep]\n|-damage|p1a: Helios|56\/100|[from] Sandstorm\n|-damage|p2a: WaterHazzard|69\/100|[from] Sandstorm\n|upkeep\n|turn|4\n|\n|t:|1698444977\n|switch|p1a: Epione|Chansey, F, shiny|100\/100\n|move|p2a: WaterHazzard|Water Pulse|p1a: Epione\n|-damage|p1a: Epione|84\/100\n|-damage|p2a: WaterHazzard|59\/100|[from] item: Life Orb\n|\n|-weather|Sandstorm|[upkeep]\n|-damage|p2a: WaterHazzard|53\/100|[from] Sandstorm\n|-damage|p1a: Epione|77\/100|[from] Sandstorm\n|upkeep\n|turn|5\n|\n|t:|1698444989\n|switch|p2a: Relax|Slaking, M|100\/100\n|move|p1a: Epione|Confide|p2a: Relax\n|-unboost|p2a: Relax|spa|1\n|\n|-weather|none\n|upkeep\n|turn|6\n|\n|t:|1698444992\n|switch|p1a: Chaos|Giratina, shiny|100\/100\n|-ability|p1a: Chaos|Pressure\n|move|p2a: Relax|Drain Punch|p1a: Chaos\n|-immune|p1a: Chaos\n|\n|upkeep\n|turn|7\n|\n|t:|1698445003\n|cant|p2a: Relax|ability: Truant\n|move|p1a: Chaos|Dragon Tail|p2a: Relax\n|-damage|p2a: Relax|86\/100\n|drag|p2a: Martin|Nidoking, M, shiny|100\/100\n|\n|upkeep\n|turn|8\n|\n|t:|1698445017\n|switch|p1a: Helios|Ho-Oh, shiny|89\/100\n|move|p2a: Martin|Ice Beam|p1a: Helios\n|-damage|p1a: Helios|67\/100\n|\n|upkeep\n|turn|9\n|\n|t:|1698445023\n|move|p2a: Martin|Thunderbolt|p1a: Helios\n|-supereffective|p1a: Helios\n|-damage|p1a: Helios|24\/100\n|move|p1a: Helios|Sacred Fire|p2a: Martin\n|-damage|p2a: Martin|45\/100\n|\n|upkeep\n|turn|10\n|\n|t:|1698445035\n|switch|p1a: Epione|Chansey, F, shiny|77\/100\n|move|p2a: Martin|Thunderbolt|p1a: Epione\n|-damage|p1a: Epione|68\/100\n|\n|upkeep\n|turn|11\n|inactive|KojiOishi has 120 seconds left.\n|\n|t:|1698445084\n|switch|p2a: Ceruledge|Ceruledge, M|100\/100\n|move|p1a: Epione|Soft-Boiled|p1a: Epione\n|-heal|p1a: Epione|100\/100\n|\n|upkeep\n|turn|12\n|\n|t:|1698445101\n|switch|p1a: Erebus|Tyranitar-Mega, F, shiny|100\/100\n|-weather|Sandstorm|[from] ability: Sand Stream|[of] p1a: Erebus\n|move|p2a: Ceruledge|Swords Dance|p2a: Ceruledge\n|-boost|p2a: Ceruledge|atk|2\n|\n|-weather|Sandstorm|[upkeep]\n|-damage|p2a: Ceruledge|94\/100|[from] Sandstorm\n|upkeep\n|turn|13\n|inactive|KojiOishi has 90 seconds left.\n|inactive|KojiOishi has 60 seconds left.\n|\n|t:|1698445162\n|move|p2a: Ceruledge|Bitter Blade|p1a: Erebus\n|-resisted|p1a: Erebus\n|-damage|p1a: Erebus|76\/100\n|-heal|p2a: Ceruledge|100\/100|[from] drain|[of] p1a: Erebus\n|move|p1a: Erebus|Knock Off|p2a: Ceruledge\n|-supereffective|p2a: Ceruledge\n|-enditem|p2a: Ceruledge|Focus Sash\n|-damage|p2a: Ceruledge|1\/100\n|-ability|p2a: Ceruledge|Weak Armor|boost\n|-unboost|p2a: Ceruledge|def|1\n|-boost|p2a: Ceruledge|spe|2\n|\n|-weather|Sandstorm|[upkeep]\n|-damage|p2a: Ceruledge|0 fnt|[from] Sandstorm\n|faint|p2a: Ceruledge\n|upkeep\n|inactive|KojiOishi has 60 seconds left.\n|\n|t:|1698445174\n|switch|p2a: Bea|Cinderace, F|75\/100\n|turn|14\n|inactive|KojiOishi has 60 seconds left.\n|\n|t:|1698445187\n|switch|p1a: Chaos|Giratina, shiny|100\/100\n|-ability|p1a: Chaos|Pressure\n|move|p2a: Bea|Gunk Shot|p1a: Chaos|[miss]\n|-start|p2a: Bea|typechange|Poison|[from] ability: Libero\n|-miss|p2a: Bea|p1a: Chaos\n|\n|-weather|Sandstorm|[upkeep]\n|-damage|p2a: Bea|69\/100|[from] Sandstorm\n|-damage|p1a: Chaos|94\/100|[from] Sandstorm\n|-heal|p1a: Chaos|100\/100|[from] item: Leftovers\n|upkeep\n|turn|15\n|inactive|KojiOishi has 60 seconds left.\n|\n|t:|1698445197\n|switch|p2a: Relax|Slaking, M|86\/100\n|move|p1a: Chaos|Dragon Tail|p2a: Relax\n|-damage|p2a: Relax|72\/100\n|drag|p2a: Bea|Cinderace, F|69\/100\n|\n|-weather|Sandstorm|[upkeep]\n|-damage|p2a: Bea|63\/100|[from] Sandstorm\n|-damage|p1a: Chaos|94\/100|[from] Sandstorm\n|-heal|p1a: Chaos|100\/100|[from] item: Leftovers\n|upkeep\n|turn|16\n|inactive|KojiOishi has 60 seconds left.\n|\n|t:|1698445210\n|move|p2a: Bea|Gunk Shot|p1a: Chaos|[miss]\n|-start|p2a: Bea|typechange|Poison|[from] ability: Libero\n|-miss|p2a: Bea|p1a: Chaos\n|move|p1a: Chaos|Toxic|p2a: Bea|[miss]\n|-miss|p1a: Chaos|p2a: Bea\n|\n|-weather|none\n|upkeep\n|turn|17\n|\n|t:|1698445225\n|switch|p1a: Triton|Dondozo, F, shiny|100\/100\n|move|p2a: Bea|Gunk Shot|p1a: Triton\n|-damage|p1a: Triton|69\/100\n|-damage|p2a: Bea|53\/100|[from] item: Life Orb\n|\n|-heal|p1a: Triton|75\/100|[from] item: Leftovers\n|upkeep\n|turn|18\n|inactive|Dorimethanol has 120 seconds left.\n|\n|t:|1698445254\n|switch|p1a: Chaos|Giratina, shiny|100\/100\n|-ability|p1a: Chaos|Pressure\n|move|p2a: Bea|U-turn|p1a: Chaos\n|-resisted|p1a: Chaos\n|-damage|p1a: Chaos|94\/100\n|-damage|p2a: Bea|43\/100|[from] item: Life Orb\n|\n|t:|1698445263\n|switch|p2a: Martin|Nidoking, M, shiny|45\/100|[from] U-turn\n|\n|-heal|p1a: Chaos|99\/100|[from] item: Leftovers\n|upkeep\n|turn|19\n|\n|t:|1698445277\n|switch|p1a: Epione|Chansey, F, shiny|100\/100\n|move|p2a: Martin|Ice Beam|p1a: Epione\n|-damage|p1a: Epione|91\/100\n|\n|upkeep\n|turn|20\n|inactive|KojiOishi has 60 seconds left.\n|\n|t:|1698445309\n|switch|p2a: Relax|Slaking, M|72\/100\n|move|p1a: Epione|Seismic Toss|p2a: Relax\n|-damage|p2a: Relax|52\/100\n|\n|-heal|p2a: Relax|58\/100|[from] item: Leftovers\n|upkeep\n|turn|21\n|\n|t:|1698445318\n|switch|p1a: Chaos|Giratina, shiny|99\/100\n|-ability|p1a: Chaos|Pressure\n|move|p2a: Relax|Giga Impact|p1a: Chaos\n|-immune|p1a: Chaos\n|\n|-heal|p2a: Relax|64\/100|[from] item: Leftovers\n|-heal|p1a: Chaos|100\/100|[from] item: Leftovers\n|upkeep\n|turn|22\n|-message|KojiOishi forfeited.\n|\n|win|Dorimethanol\n|raw|Dorimethanol's rating: 1114 &rarr; <strong>1145<\/strong><br \/>(+31 for winning)\n|raw|KojiOishi's rating: 1202 &rarr; <strong>1171<\/strong><br \/>(-31 for losing)\n|l|\u2606KojiOishi\n|l|\u2606Dorimethanol\n|j|\u2606Dorimethanol\n|player|p1|Dorimethanol|gentleman-gen4\n","uploadtime":1698445344,"views":4,"p1id":"dorimethanol","p2id":"kojioishi","formatid":"gen9nationaldexubers","rating":1145,"private":0,"password":""}