{"id":"gen9nationaldexubers-1978106806","p1":"Siege Team","p2":"85792195wwww","format":"[Gen 9] National Dex Ubers","log":"|j|\u203dSiege Team\n|j|\u260685792195wwww\n|t:|1698500169\n|gametype|singles\n|player|p1|Siege Team|veteran|1570\n|player|p2|85792195wwww|lady|1862\n|teamsize|p1|6\n|teamsize|p2|6\n|gen|9\n|tier|[Gen 9] National Dex Ubers\n|rated|\n|rule|HP Percentage Mod: HP is shown in percentages\n|rule|Endless Battle Clause: Forcing endless battles is banned\n|rule|OHKO Clause: OHKO moves are banned\n|rule|Evasion Moves Clause: Evasion moves are banned\n|rule|Evasion Items Clause: Evasion items are banned\n|rule|Species Clause: Limit one of each Pok\u00e9mon\n|rule|Sleep Clause Mod: Limit one foe put to sleep\n|rule|Mega Rayquaza Clause: You cannot mega evolve Rayquaza\n|clearpoke\n|poke|p1|Necrozma-Dusk-Mane|\n|poke|p1|Groudon|\n|poke|p1|Dialga-Origin|\n|poke|p1|Rayquaza|\n|poke|p1|Arceus|\n|poke|p1|Eternatus|\n|poke|p2|Calyrex-Ice|\n|poke|p2|Groudon|\n|poke|p2|Krookodile, F|\n|poke|p2|Xerneas-*|\n|poke|p2|Zacian-*|\n|poke|p2|Arceus|\n|teampreview\n|inactive|Battle timer is ON: inactive players will automatically lose when time's up. (requested by Siege Team)\n|\n|t:|1698500180\n|start\n|switch|p1a: Rayquaza|Rayquaza|100\/100\n|switch|p2a: Krookodile|Krookodile, F|100\/100\n|-ability|p1a: Rayquaza|Air Lock\n|-ability|p2a: Krookodile|Intimidate|boost\n|-unboost|p1a: Rayquaza|atk|1\n|turn|1\n|\n|t:|1698500190\n|move|p1a: Rayquaza|Surf|p2a: Krookodile\n|-supereffective|p2a: Krookodile\n|-damage|p2a: Krookodile|4\/100\n|move|p2a: Krookodile|Stealth Rock|p1a: Rayquaza\n|-sidestart|p1: Siege Team|move: Stealth Rock\n|\n|upkeep\n|turn|2\n|\n|t:|1698500198\n|switch|p2a: Calyrex|Calyrex-Ice|100\/100\n|-ability|p2a: Calyrex|As One\n|-ability|p2a: Calyrex|Unnerve\n|move|p1a: Rayquaza|Surf|p2a: Calyrex\n|-damage|p2a: Calyrex|74\/100\n|\n|upkeep\n|turn|3\n|\n|t:|1698500207\n|move|p1a: Rayquaza|V-create|p2a: Calyrex\n|-supereffective|p2a: Calyrex\n|-damage|p2a: Calyrex|18\/100\n|-unboost|p1a: Rayquaza|spe|1\n|-unboost|p1a: Rayquaza|def|1\n|-unboost|p1a: Rayquaza|spd|1\n|move|p2a: Calyrex|Glacial Lance|p1a: Rayquaza\n|-supereffective|p1a: Rayquaza\n|-enditem|p1a: Rayquaza|Focus Sash\n|-damage|p1a: Rayquaza|1\/100\n|\n|upkeep\n|turn|4\n|\n|t:|1698500220\n|move|p2a: Calyrex|Glacial Lance|p1a: Rayquaza\n|-supereffective|p1a: Rayquaza\n|-damage|p1a: Rayquaza|0 fnt\n|faint|p1a: Rayquaza\n|-ability|p2a: Calyrex|Chilling Neigh|boost\n|-boost|p2a: Calyrex|atk|1\n|\n|upkeep\n|\n|t:|1698500228\n|switch|p1a: Arceus|Arceus|100\/100\n|-damage|p1a: Arceus|88\/100|[from] Stealth Rock\n|turn|5\n|\n|t:|1698500233\n|switch|p2a: Krookodile|Krookodile, F|4\/100\n|-ability|p2a: Krookodile|Intimidate|boost\n|-unboost|p1a: Arceus|atk|1\n|move|p1a: Arceus|Extreme Speed|p2a: Krookodile\n|-damage|p2a: Krookodile|0 fnt\n|faint|p2a: Krookodile\n|-damage|p1a: Arceus|78\/100|[from] item: Life Orb\n|\n|upkeep\n|\n|t:|1698500248\n|switch|p2a: Zacian|Zacian-Crowned|100\/100\n|-ability|p2a: Zacian|Intrepid Sword|boost\n|-boost|p2a: Zacian|atk|1\n|turn|6\n|\n|t:|1698500260\n|move|p2a: Zacian|Swords Dance|p2a: Zacian\n|-boost|p2a: Zacian|atk|2\n|move|p1a: Arceus|Dragon Dance|p1a: Arceus\n|-boost|p1a: Arceus|atk|1\n|-boost|p1a: Arceus|spe|1\n|\n|upkeep\n|turn|7\n|\n|t:|1698500274\n|move|p1a: Arceus|Shadow Force||[still]\n|-prepare|p1a: Arceus|Shadow Force\n|move|p2a: Zacian|Behemoth Blade|p1a: Arceus|[miss]\n|-miss|p2a: Zacian|p1a: Arceus\n|\n|upkeep\n|turn|8\n|\n|t:|1698500287\n|move|p1a: Arceus|Shadow Force|p2a: Zacian|[from]lockedmove\n|-crit|p2a: Zacian\n|-damage|p2a: Zacian|27\/100\n|-damage|p1a: Arceus|68\/100|[from] item: Life Orb\n|move|p2a: Zacian|Swords Dance|p2a: Zacian\n|-boost|p2a: Zacian|atk|2\n|\n|upkeep\n|turn|9\n|\n|t:|1698500297\n|move|p1a: Arceus|Shadow Force||[still]\n|-prepare|p1a: Arceus|Shadow Force\n|move|p2a: Zacian|Behemoth Blade|p1a: Arceus|[miss]\n|-miss|p2a: Zacian|p1a: Arceus\n|\n|upkeep\n|turn|10\n|\n|t:|1698500303\n|move|p1a: Arceus|Shadow Force|p2a: Zacian|[from]lockedmove\n|-damage|p2a: Zacian|0 fnt\n|faint|p2a: Zacian\n|-damage|p1a: Arceus|58\/100|[from] item: Life Orb\n|\n|upkeep\n|\n|t:|1698500323\n|switch|p2a: Groudon|Groudon|100\/100\n|detailschange|p2a: Groudon|Groudon-Primal\n|-primal|p2a: Groudon|Red Orb\n|-weather|DesolateLand|[from] ability: Desolate Land|[of] p2a: Groudon\n|turn|11\n|\n|t:|1698500328\n|move|p1a: Arceus|Dragon Dance|p1a: Arceus\n|-boost|p1a: Arceus|atk|1\n|-boost|p1a: Arceus|spe|1\n|move|p2a: Groudon|Heat Crash|p1a: Arceus\n|-damage|p1a: Arceus|0 fnt\n|faint|p1a: Arceus\n|\n|-weather|DesolateLand|[upkeep]\n|upkeep\n|\n|t:|1698500337\n|switch|p1a: Groudon|Groudon, shiny|100\/100\n|-damage|p1a: Groudon|94\/100|[from] Stealth Rock\n|detailschange|p1a: Groudon|Groudon-Primal, shiny\n|-primal|p1a: Groudon|Red Orb\n|turn|12\n|\n|t:|1698500342\n|switch|p2a: Calyrex|Calyrex-Ice|18\/100\n|-ability|p2a: Calyrex|As One\n|-ability|p2a: Calyrex|Unnerve\n|move|p1a: Groudon|Earthquake|p2a: Calyrex\n|-damage|p2a: Calyrex|0 fnt\n|faint|p2a: Calyrex\n|\n|-weather|DesolateLand|[upkeep]\n|upkeep\n|\n|t:|1698500356\n|switch|p2a: Arceus|Arceus|100\/100\n|turn|13\n|\n|t:|1698500362\n|move|p2a: Arceus|Swords Dance|p2a: Arceus\n|-boost|p2a: Arceus|atk|2\n|move|p1a: Groudon|Heat Crash|p2a: Arceus\n|-crit|p2a: Arceus\n|-damage|p2a: Arceus|22\/100\n|\n|-weather|DesolateLand|[upkeep]\n|upkeep\n|turn|14\n|\n|t:|1698500371\n|move|p2a: Arceus|Earthquake|p1a: Groudon\n|-supereffective|p1a: Groudon\n|-damage|p1a: Groudon|0 fnt\n|faint|p1a: Groudon\n|-weather|none\n|-damage|p2a: Arceus|13\/100|[from] item: Life Orb\n|\n|upkeep\n|\n|t:|1698500377\n|switch|p1a: Eternatus|Eternatus|100\/100\n|-damage|p1a: Eternatus|88\/100|[from] Stealth Rock\n|-ability|p1a: Eternatus|Pressure\n|turn|15\n|\n|t:|1698500388\n|-terastallize|p1a: Eternatus|Steel\n|move|p2a: Arceus|Extreme Speed|p1a: Eternatus\n|-resisted|p1a: Eternatus\n|-damage|p1a: Eternatus|46\/100\n|-damage|p2a: Arceus|0 fnt|[from] item: Rocky Helmet|[of] p1a: Eternatus\n|faint|p2a: Arceus\n|move|p1a: Eternatus|Reflect|p1a: Eternatus\n|-sidestart|p1: Siege Team|Reflect\n|\n|upkeep\n|\n|t:|1698500403\n|switch|p2a: Xerneas|Xerneas|100\/100\n|-ability|p2a: Xerneas|Fairy Aura\n|turn|16\n|\n|t:|1698500408\n|move|p1a: Eternatus|Mystical Fire|p2a: Xerneas\n|-crit|p2a: Xerneas\n|-damage|p2a: Xerneas|72\/100\n|-unboost|p2a: Xerneas|spa|1\n|move|p2a: Xerneas|Geomancy||[still]\n|-prepare|p2a: Xerneas|Geomancy\n|-enditem|p2a: Xerneas|Power Herb\n|-anim|p2a: Xerneas|Geomancy|p2a: Xerneas\n|-boost|p2a: Xerneas|spa|2\n|-boost|p2a: Xerneas|spd|2\n|-boost|p2a: Xerneas|spe|2\n|\n|upkeep\n|turn|17\n|\n|t:|1698500419\n|move|p2a: Xerneas|Moonblast|p1a: Eternatus\n|-resisted|p1a: Eternatus\n|-damage|p1a: Eternatus|3\/100\n|move|p1a: Eternatus|Mystical Fire|p2a: Xerneas\n|-damage|p2a: Xerneas|61\/100\n|-unboost|p2a: Xerneas|spa|1\n|\n|upkeep\n|turn|18\n|\n|t:|1698500427\n|move|p2a: Xerneas|Moonblast|p1a: Eternatus\n|-resisted|p1a: Eternatus\n|-damage|p1a: Eternatus|0 fnt\n|faint|p1a: Eternatus\n|\n|upkeep\n|\n|t:|1698500434\n|switch|p1a: Necrozma|Necrozma-Dusk-Mane|100\/100\n|-damage|p1a: Necrozma|94\/100|[from] Stealth Rock\n|turn|19\n|\n|t:|1698500440\n|move|p2a: Xerneas|Moonblast|p1a: Necrozma\n|-resisted|p1a: Necrozma\n|-damage|p1a: Necrozma|65\/100\n|move|p1a: Necrozma|Trick Room|p1a: Necrozma\n|-fieldstart|move: Trick Room|[of] p1a: Necrozma\n|\n|-sideend|p1: Siege Team|Reflect\n|upkeep\n|turn|20\n|\n|t:|1698500452\n|-terastallize|p2a: Xerneas|Fighting\n|move|p1a: Necrozma|Sunsteel Strike|p2a: Xerneas\n|-damage|p2a: Xerneas|17\/100\n|move|p2a: Xerneas|Focus Blast|p1a: Necrozma\n|-damage|p1a: Necrozma|9\/100\n|\n|upkeep\n|turn|21\n|\n|t:|1698500462\n|move|p1a: Necrozma|Psychic Fangs|p2a: Xerneas\n|-supereffective|p2a: Xerneas\n|-damage|p2a: Xerneas|0 fnt\n|faint|p2a: Xerneas\n|\n|upkeep\n|\n|t:|1698500467\n|switch|p2a: Groudon|Groudon-Primal|100\/100\n|-weather|DesolateLand|[from] ability: Desolate Land|[of] p2a: Groudon\n|turn|22\n|\n|t:|1698500475\n|move|p1a: Necrozma|Earthquake|p2a: Groudon\n|-supereffective|p2a: Groudon\n|-damage|p2a: Groudon|53\/100\n|move|p2a: Groudon|Heat Crash|p1a: Necrozma\n|-supereffective|p1a: Necrozma\n|-damage|p1a: Necrozma|0 fnt\n|faint|p1a: Necrozma\n|\n|-weather|DesolateLand|[upkeep]\n|upkeep\n|\n|t:|1698500483\n|switch|p1a: Dialga|Dialga-Origin, shiny|100\/100\n|-damage|p1a: Dialga|94\/100|[from] Stealth Rock\n|-ability|p1a: Dialga|Pressure\n|turn|23\n|\n|t:|1698500489\n|move|p1a: Dialga|Dragon Pulse|p2a: Groudon\n|-damage|p2a: Groudon|0 fnt\n|faint|p2a: Groudon\n|-weather|none\n|\n|win|Siege Team\n|raw|Siege Team's rating: 1570 &rarr; <strong>1604<\/strong><br \/>(+34 for winning)\n|raw|85792195wwww's rating: 1862 &rarr; <strong>1828<\/strong><br \/>(-34 for losing)\n|l|\u260685792195wwww\n|l|\u203dSiege Team\n","uploadtime":1698500500,"views":9,"p1id":"siegeteam","p2id":"85792195wwww","formatid":"gen9nationaldexubers","rating":1604,"private":0,"password":""}