{"id":"gen9nationaldexubers-1982165752","p1":"BoyzArbokInTown03","p2":"lelza","format":"[Gen 9] National Dex Ubers","log":"|j|\u2606BoyzArbokInTown03\n|j|\u2606lelza\n|t:|1698974689\n|gametype|singles\n|player|p1|BoyzArbokInTown03|265|\n|player|p2|lelza|worker|\n|teamsize|p1|6\n|teamsize|p2|6\n|gen|9\n|tier|[Gen 9] National Dex Ubers\n|rule|HP Percentage Mod: HP is shown in percentages\n|rule|Endless Battle Clause: Forcing endless battles is banned\n|rule|OHKO Clause: OHKO moves are banned\n|rule|Evasion Moves Clause: Evasion moves are banned\n|rule|Evasion Items Clause: Evasion items are banned\n|rule|Species Clause: Limit one of each Pok\u00e9mon\n|rule|Sleep Clause Mod: Limit one foe put to sleep\n|rule|Mega Rayquaza Clause: You cannot mega evolve Rayquaza\n|clearpoke\n|poke|p1|Espathra, M|\n|poke|p1|Glimmora, M|\n|poke|p1|Volcarona, M|\n|poke|p1|Victini|\n|poke|p1|Zoroark-Hisui, F|\n|poke|p1|Sylveon, M|\n|poke|p2|Latias, F|\n|poke|p2|Zapdos|\n|poke|p2|Keldeo|\n|poke|p2|Torterra, F|\n|poke|p2|Chien-Pao|\n|poke|p2|Sneasler, M|\n|teampreview\n|c|\u2606lelza|gl hf!\n|j| PokeHaint\n|\n|t:|1698974740\n|start\n|switch|p1a: Victini|Victini|100\/100\n|switch|p2a: a knife!!|Chien-Pao|100\/100\n|-ability|p2a: a knife!!|Sword of Ruin\n|turn|1\n|c|\u2606lelza|yo is my guy victini wearing that DRIPPY scarf??\n|\n|t:|1698974819\n|move|p1a: Victini|U-turn|p2a: a knife!!\n|-supereffective|p2a: a knife!!\n|-damage|p2a: a knife!!|47\/100\n|\n|t:|1698974826\n|switch|p1a: Volcarona|Volcarona, M|100\/100|[from] U-turn\n|move|p2a: a knife!!|Throat Chop|p1a: Volcarona\n|-damage|p1a: Volcarona|0 fnt\n|-status|p2a: a knife!!|brn|[from] ability: Flame Body|[of] p1a: Volcarona\n|faint|p1a: Volcarona\n|\n|-damage|p2a: a knife!!|41\/100 brn|[from] brn\n|upkeep\n|\n|t:|1698974837\n|switch|p1a: Victini|Victini|100\/100\n|turn|2\n|\n|t:|1698974843\n|move|p1a: Victini|U-turn|p2a: a knife!!\n|-supereffective|p2a: a knife!!\n|-damage|p2a: a knife!!|0 fnt\n|faint|p2a: a knife!!\n|\n|t:|1698974846\n|switch|p1a: Glimmora|Glimmora, M|100\/100|[from] U-turn\n|\n|upkeep\n|\n|t:|1698974860\n|switch|p2a: pangaea|Torterra, F|100\/100\n|turn|3\n|\n|t:|1698974866\n|switch|p1a: Espathra|Espathra, M|100\/100\n|move|p2a: pangaea|Shell Smash|p2a: pangaea\n|-unboost|p2a: pangaea|def|1\n|-unboost|p2a: pangaea|spd|1\n|-boost|p2a: pangaea|atk|2\n|-boost|p2a: pangaea|spa|2\n|-boost|p2a: pangaea|spe|2\n|-enditem|p1a: Espathra|Mirror Herb\n|-boost|p1a: Espathra|atk|2|[from] item: Mirror Herb\n|-boost|p1a: Espathra|spa|2|[from] item: Mirror Herb\n|-boost|p1a: Espathra|spe|2|[from] item: Mirror Herb\n|-ability|p1a: Espathra|Opportunist|boost\n|-boost|p1a: Espathra|atk|2\n|-boost|p1a: Espathra|spa|2\n|-boost|p1a: Espathra|spe|2\n|\n|upkeep\n|turn|4\n|c|\u2606BoyzArbokInTown03|YES\n|c|\u2606BoyzArbokInTown03|YES\n|c|\u2606BoyzArbokInTown03|YES\n|c|\u2606lelza|THIS WAS THE MIRROR HERB MON NOOOOOO\n|c|\u2606BoyzArbokInTown03|Lolol\n|c| PokeHaint|YOOOOOOIOOI\n|c|\u2606BoyzArbokInTown03|I wanted this so bad man\n|c| PokeHaint|THE LEGEND IS BORN\n|c|\u2606lelza|what a beast wow\n|c|\u2606lelza|i was wondering if volc was mirror herb but not espathra wow\n|\n|t:|1698974939\n|move|p1a: Espathra|Stored Power|p2a: pangaea\n|-damage|p2a: pangaea|0 fnt\n|faint|p2a: pangaea\n|\n|upkeep\n|\n|t:|1698974953\n|switch|p2a: whoa|Keldeo|100\/100\n|turn|5\n|c|\u2606BoyzArbokInTown03|I had to stack it with opportunist\n|\n|t:|1698974968\n|move|p1a: Espathra|Stored Power|p2a: whoa\n|-supereffective|p2a: whoa\n|-enditem|p2a: whoa|Payapa Berry|[eat]\n|-enditem|p2a: whoa|Payapa Berry|[weaken]\n|-damage|p2a: whoa|0 fnt\n|faint|p2a: whoa\n|\n|upkeep\n|c|\u2606lelza|dang ggs\n|\n|t:|1698974975\n|switch|p2a: dire claw go brrr|Sneasler, M|100\/100\n|turn|6\n|c|\u2606BoyzArbokInTown03|GG\n|\n|t:|1698974981\n|move|p2a: dire claw go brrr|Fake Out|p1a: Espathra\n|-enditem|p2a: dire claw go brrr|Normal Gem|[from] gem\n|-damage|p1a: Espathra|71\/100\n|cant|p1a: Espathra|flinch\n|\n|upkeep\n|turn|7\n|\n|t:|1698974992\n|switch|p2a: static shock|Zapdos|100\/100\n|move|p1a: Espathra|Stored Power|p2a: static shock\n|-damage|p2a: static shock|0 fnt\n|faint|p2a: static shock\n|\n|upkeep\n|\n|t:|1698974994\n|switch|p2a: dire claw go brrr|Sneasler, M|100\/100\n|turn|8\n|\n|t:|1698974996\n|move|p2a: dire claw go brrr|Fake Out|p1a: Espathra\n|-damage|p1a: Espathra|45\/100\n|cant|p1a: Espathra|flinch\n|\n|upkeep\n|turn|9\n|\n|t:|1698975003\n|switch|p2a: zoomies|Latias, F|100\/100\n|move|p1a: Espathra|Stored Power|p2a: zoomies\n|-resisted|p2a: zoomies\n|-damage|p2a: zoomies|0 fnt\n|faint|p2a: zoomies\n|\n|upkeep\n|\n|t:|1698975005\n|switch|p2a: dire claw go brrr|Sneasler, M|100\/100\n|turn|10\n|\n|t:|1698975013\n|move|p2a: dire claw go brrr|Fake Out|p1a: Espathra\n|-damage|p1a: Espathra|22\/100\n|cant|p1a: Espathra|flinch\n|\n|upkeep\n|turn|11\n|\n|t:|1698975017\n|-terastallize|p2a: dire claw go brrr|Flying\n|move|p1a: Espathra|Stored Power|p2a: dire claw go brrr\n|-damage|p2a: dire claw go brrr|0 fnt\n|faint|p2a: dire claw go brrr\n|\n|win|BoyzArbokInTown03\n|l|\u2606BoyzArbokInTown03\n|l|\u2606lelza\n","uploadtime":1698975023,"views":30,"p1id":"boyzarbokintown03","p2id":"lelza","formatid":"gen9nationaldexubers","rating":0,"private":0,"password":""}