{"id":"gen9nationaldexubers-1980906599","p1":"plotuser","p2":"700club","format":"[Gen 9] National Dex Ubers","log":"|j|\u2606plotuser\n|j|\u2606700club\n|t:|1698847856\n|gametype|singles\n|player|p1|plotuser|266|1166\n|player|p2|700club|shadowtriad|1048\n|teamsize|p1|6\n|teamsize|p2|6\n|gen|9\n|tier|[Gen 9] National Dex Ubers\n|rated|\n|rule|HP Percentage Mod: HP is shown in percentages\n|rule|Endless Battle Clause: Forcing endless battles is banned\n|rule|OHKO Clause: OHKO moves are banned\n|rule|Evasion Moves Clause: Evasion moves are banned\n|rule|Evasion Items Clause: Evasion items are banned\n|rule|Species Clause: Limit one of each Pok\u00e9mon\n|rule|Sleep Clause Mod: Limit one foe put to sleep\n|rule|Mega Rayquaza Clause: You cannot mega evolve Rayquaza\n|clearpoke\n|poke|p1|Regieleki|\n|poke|p1|Murkrow, M|\n|poke|p1|Lopunny, F|\n|poke|p1|Ceruledge, M|\n|poke|p1|Deoxys-Speed|\n|poke|p1|Aegislash, M|\n|poke|p2|Ogerpon-Hearthflame, F|\n|poke|p2|Ditto|\n|poke|p2|Deoxys-Speed|\n|poke|p2|Mewtwo|\n|poke|p2|Necrozma-Dusk-Mane|\n|poke|p2|Groudon|\n|teampreview\n|inactive|Battle timer is ON: inactive players will automatically lose when time's up. (requested by plotuser)\n|\n|t:|1698847876\n|start\n|switch|p1a: Deoxys|Deoxys-Speed|100\/100\n|switch|p2a: Mewtwo|Mewtwo|100\/100\n|-ability|p2a: Mewtwo|Unnerve\n|-ability|p1a: Deoxys|Pressure\n|turn|1\n|\n|t:|1698847891\n|detailschange|p2a: Mewtwo|Mewtwo-Mega-Y\n|-mega|p2a: Mewtwo|Mewtwo|Mewtwonite Y\n|move|p1a: Deoxys|Stealth Rock|p2a: Mewtwo\n|-sidestart|p2: 700club|move: Stealth Rock\n|move|p2a: Mewtwo|Psystrike|p1a: Deoxys\n|-resisted|p1a: Deoxys\n|-damage|p1a: Deoxys|49\/100\n|\n|upkeep\n|turn|2\n|j| KimJongUnoDuno\n|\n|t:|1698847903\n|move|p1a: Deoxys|Psycho Boost|p2a: Mewtwo\n|-resisted|p2a: Mewtwo\n|-damage|p2a: Mewtwo|78\/100\n|-unboost|p1a: Deoxys|spa|2\n|move|p2a: Mewtwo|Ice Beam|p1a: Deoxys\n|-damage|p1a: Deoxys|0 fnt\n|faint|p1a: Deoxys\n|\n|upkeep\n|\n|t:|1698847911\n|switch|p1a: Aegislash|Aegislash, M|100\/100\n|turn|3\n|\n|t:|1698847919\n|move|p2a: Mewtwo|Fire Blast|p1a: Aegislash\n|-supereffective|p1a: Aegislash\n|-damage|p1a: Aegislash|20\/100\n|move|p1a: Aegislash|Swords Dance|p1a: Aegislash\n|-boost|p1a: Aegislash|atk|2\n|\n|-heal|p1a: Aegislash|26\/100|[from] item: Leftovers\n|upkeep\n|turn|4\n|\n|t:|1698847930\n|-formechange|p1a: Aegislash|Aegislash-Blade||[from] ability: Stance Change\n|move|p1a: Aegislash|Shadow Sneak|p2a: Mewtwo\n|-supereffective|p2a: Mewtwo\n|-damage|p2a: Mewtwo|0 fnt\n|faint|p2a: Mewtwo\n|\n|-heal|p1a: Aegislash|32\/100|[from] item: Leftovers\n|upkeep\n|\n|t:|1698847940\n|switch|p2a: Ditto|Ditto|100\/100\n|-damage|p2a: Ditto|88\/100|[from] Stealth Rock\n|-transform|p2a: Ditto|p1a: Aegislash|[from] ability: Imposter\n|turn|5\n|\n|t:|1698847957\n|-formechange|p1a: Aegislash|Aegislash||[from] ability: Stance Change\n|move|p1a: Aegislash|King's Shield|p1a: Aegislash\n|-singleturn|p1a: Aegislash|Protect\n|move|p2a: Ditto|Shadow Sneak|p1a: Aegislash\n|-activate|p1a: Aegislash|move: Protect\n|-unboost|p2a: Ditto|atk|1\n|\n|-heal|p1a: Aegislash|38\/100|[from] item: Leftovers\n|upkeep\n|turn|6\n|\n|t:|1698847967\n|move|p2a: Ditto|Shadow Sneak|p1a: Aegislash\n|-supereffective|p1a: Aegislash\n|-damage|p1a: Aegislash|0 fnt\n|faint|p1a: Aegislash\n|\n|upkeep\n|\n|t:|1698847969\n|switch|p1a: Ceruledge|Ceruledge, M|100\/100\n|turn|7\n|\n|t:|1698847977\n|switch|p2a: Groudon|Groudon|100\/100\n|-damage|p2a: Groudon|94\/100|[from] Stealth Rock\n|detailschange|p2a: Groudon|Groudon-Primal\n|-primal|p2a: Groudon|Red Orb\n|-weather|DesolateLand|[from] ability: Desolate Land|[of] p2a: Groudon\n|move|p1a: Ceruledge|Swords Dance|p1a: Ceruledge\n|-boost|p1a: Ceruledge|atk|2\n|\n|-weather|DesolateLand|[upkeep]\n|upkeep\n|turn|8\n|\n|t:|1698847993\n|move|p2a: Groudon|Precipice Blades|p1a: Ceruledge\n|-supereffective|p1a: Ceruledge\n|-enditem|p1a: Ceruledge|Focus Sash\n|-damage|p1a: Ceruledge|1\/100\n|-ability|p1a: Ceruledge|Weak Armor|boost\n|-unboost|p1a: Ceruledge|def|1\n|-boost|p1a: Ceruledge|spe|2\n|move|p1a: Ceruledge|Swords Dance|p1a: Ceruledge\n|-boost|p1a: Ceruledge|atk|2\n|\n|-weather|DesolateLand|[upkeep]\n|upkeep\n|turn|9\n|\n|t:|1698848013\n|move|p1a: Ceruledge|Close Combat|p2a: Groudon\n|-damage|p2a: Groudon|9\/100\n|-unboost|p1a: Ceruledge|def|1\n|-unboost|p1a: Ceruledge|spd|1\n|move|p2a: Groudon|Precipice Blades|p1a: Ceruledge\n|-supereffective|p1a: Ceruledge\n|-damage|p1a: Ceruledge|0 fnt\n|faint|p1a: Ceruledge\n|\n|-weather|DesolateLand|[upkeep]\n|upkeep\n|\n|t:|1698848017\n|switch|p1a: Lopunny|Lopunny, F|100\/100\n|turn|10\n|\n|t:|1698848032\n|detailschange|p1a: Lopunny|Lopunny-Mega, F\n|-mega|p1a: Lopunny|Lopunny|Lopunnite\n|move|p1a: Lopunny|Power-Up Punch|p2a: Groudon\n|-damage|p2a: Groudon|0 fnt\n|-boost|p1a: Lopunny|atk|1\n|faint|p2a: Groudon\n|-weather|none\n|\n|upkeep\n|inactive|700club has 120 seconds left.\n|\n|t:|1698848052\n|switch|p2a: Ditto|Ditto|88\/100\n|-damage|p2a: Ditto|76\/100|[from] Stealth Rock\n|-transform|p2a: Ditto|p1a: Lopunny|[from] ability: Imposter\n|turn|11\n|inactive|700club has 120 seconds left.\n|inactive|700club has 90 seconds left.\n|inactive|700club has 60 seconds left.\n|l| KimJongUnoDuno\n|inactive|700club has 30 seconds left.\n|\n|t:|1698848147\n|move|p2a: Ditto|Power-Up Punch|p1a: Lopunny\n|-supereffective|p1a: Lopunny\n|-damage|p1a: Lopunny|11\/100\n|-boost|p2a: Ditto|atk|1\n|move|p1a: Lopunny|Frustration|p2a: Ditto\n|-damage|p2a: Ditto|0 fnt\n|faint|p2a: Ditto\n|\n|upkeep\n|inactive|700club has 30 seconds left.\n|inactive|700club has 20 seconds left.\n|\n|t:|1698848164\n|switch|p2a: Necrozma|Necrozma-Dusk-Mane|100\/100\n|-damage|p2a: Necrozma|95\/100|[from] Stealth Rock\n|turn|12\n|inactive|700club has 30 seconds left this turn.\n|inactive|700club has 20 seconds left.\n|\n|t:|1698848175\n|move|p1a: Lopunny|Power-Up Punch|p2a: Necrozma\n|-damage|p2a: Necrozma|65\/100\n|-boost|p1a: Lopunny|atk|1\n|move|p2a: Necrozma|Dragon Dance|p2a: Necrozma\n|-boost|p2a: Necrozma|atk|1\n|-boost|p2a: Necrozma|spe|1\n|\n|upkeep\n|turn|13\n|inactive|700club has 30 seconds left this turn.\n|inactive|700club has 20 seconds left.\n|inactive|700club has 15 seconds left.\n|\n|t:|1698848191\n|detailschange|p2a: Necrozma|Necrozma-Ultra\n|-burst|p2a: Necrozma|Necrozma|Ultranecrozium Z\n|move|p2a: Necrozma|Photon Geyser|p1a: Lopunny\n|-supereffective|p1a: Lopunny\n|-damage|p1a: Lopunny|0 fnt\n|faint|p1a: Lopunny\n|\n|upkeep\n|inactive|700club has 20 seconds left this turn.\n|\n|t:|1698848194\n|switch|p1a: Murkrow|Murkrow, M|100\/100\n|turn|14\n|inactive|700club has 30 seconds left this turn.\n|\n|t:|1698848202\n|move|p2a: Necrozma|Stone Edge|p1a: Murkrow\n|-supereffective|p1a: Murkrow\n|-enditem|p1a: Murkrow|Focus Sash\n|-damage|p1a: Murkrow|1\/100\n|move|p1a: Murkrow|Foul Play|p2a: Necrozma\n|-supereffective|p2a: Necrozma\n|-damage|p2a: Necrozma|0 fnt\n|faint|p2a: Necrozma\n|\n|upkeep\n|inactive|700club has 30 seconds left this turn.\n|inactive|700club has 20 seconds left.\n|\n|t:|1698848213\n|switch|p2a: Deoxys|Deoxys-Speed|100\/100\n|-damage|p2a: Deoxys|88\/100|[from] Stealth Rock\n|-ability|p2a: Deoxys|Pressure\n|turn|15\n|inactive|700club has 30 seconds left this turn.\n|inactive|700club has 20 seconds left.\n|inactive|700club has 15 seconds left.\n|\n|t:|1698848228\n|move|p1a: Murkrow|Tailwind|p1a: Murkrow\n|-sidestart|p1: plotuser|move: Tailwind\n|move|p2a: Deoxys|Taunt|p1a: Murkrow\n|-start|p1a: Murkrow|move: Taunt\n|\n|upkeep\n|turn|16\n|inactive|700club has 25 seconds left this turn.\n|inactive|700club has 20 seconds left.\n|\n|t:|1698848237\n|move|p1a: Murkrow|Foul Play|p2a: Deoxys\n|-supereffective|p2a: Deoxys\n|-damage|p2a: Deoxys|33\/100\n|move|p2a: Deoxys|Reflect|p2a: Deoxys\n|-sidestart|p2: 700club|Reflect\n|\n|upkeep\n|turn|17\n|inactive|700club has 30 seconds left this turn.\n|\n|t:|1698848246\n|move|p1a: Murkrow|Foul Play|p2a: Deoxys\n|-supereffective|p2a: Deoxys\n|-damage|p2a: Deoxys|4\/100\n|move|p2a: Deoxys|Stealth Rock|p1a: Murkrow\n|-sidestart|p1: plotuser|move: Stealth Rock\n|\n|upkeep\n|turn|18\n|inactive|700club has 30 seconds left.\n|\n|t:|1698848252\n|move|p1a: Murkrow|Foul Play|p2a: Deoxys\n|-supereffective|p2a: Deoxys\n|-damage|p2a: Deoxys|0 fnt\n|faint|p2a: Deoxys\n|\n|-end|p1a: Murkrow|move: Taunt\n|-sideend|p1: plotuser|move: Tailwind\n|upkeep\n|inactive|700club has 30 seconds left.\n|\n|t:|1698848260\n|switch|p2a: Ogerpon|Ogerpon-Hearthflame, F|100\/100\n|-damage|p2a: Ogerpon|76\/100|[from] Stealth Rock\n|-ability|p2a: Ogerpon|Mold Breaker\n|turn|19\n|inactive|700club has 30 seconds left.\n|\n|t:|1698848277\n|-terastallize|p2a: Ogerpon|Fire\n|detailschange|p2a: Ogerpon|Ogerpon-Hearthflame-Tera, F, tera:Fire\n|-ability|p2a: Ogerpon|Embody Aspect (Hearthflame)|boost\n|-boost|p2a: Ogerpon|atk|1\n|move|p1a: Murkrow|Tailwind|p1a: Murkrow\n|-sidestart|p1: plotuser|move: Tailwind\n|move|p2a: Ogerpon|Ivy Cudgel|p1a: Murkrow\n|-damage|p1a: Murkrow|0 fnt\n|faint|p1a: Murkrow\n|\n|upkeep\n|\n|t:|1698848280\n|switch|p1a: Regieleki|Regieleki|100\/100\n|-damage|p1a: Regieleki|88\/100|[from] Stealth Rock\n|turn|20\n|\n|t:|1698848291\n|-terastallize|p1a: Regieleki|Ice\n|move|p1a: Regieleki|Tera Blast|p2a: Ogerpon|[anim] Tera Blast Ice\n|-resisted|p2a: Ogerpon\n|-damage|p2a: Ogerpon|59\/100\n|move|p2a: Ogerpon|Ivy Cudgel|p1a: Regieleki\n|-supereffective|p1a: Regieleki\n|-crit|p1a: Regieleki\n|-damage|p1a: Regieleki|0 fnt\n|faint|p1a: Regieleki\n|\n|win|700club\n|raw|plotuser's rating: 1166 &rarr; <strong>1133<\/strong><br \/>(-33 for losing)\n|raw|700club's rating: 1048 &rarr; <strong>1092<\/strong><br \/>(+44 for winning)\n|l|\u2606plotuser\n","uploadtime":1698848313,"views":8,"p1id":"plotuser","p2id":"700club","formatid":"gen9nationaldexubers","rating":1092,"private":0,"password":""}