{"id":"gen9nationaldexubers-1984123683","p1":"thespoonsavege","p2":"RetlawDB","format":"[Gen 9] National Dex Ubers","log":"|j|\u2606thespoonsavege\n|j|\u2606RetlawDB\n|t:|1699221135\n|gametype|singles\n|player|p1|thespoonsavege|101|1000\n|player|p2|RetlawDB|wattson|1104\n|teamsize|p1|6\n|teamsize|p2|6\n|gen|9\n|tier|[Gen 9] National Dex Ubers\n|rated|\n|rule|HP Percentage Mod: HP is shown in percentages\n|rule|Endless Battle Clause: Forcing endless battles is banned\n|rule|OHKO Clause: OHKO moves are banned\n|rule|Evasion Moves Clause: Evasion moves are banned\n|rule|Evasion Items Clause: Evasion items are banned\n|rule|Species Clause: Limit one of each Pok\u00e9mon\n|rule|Sleep Clause Mod: Limit one foe put to sleep\n|rule|Mega Rayquaza Clause: You cannot mega evolve Rayquaza\n|clearpoke\n|poke|p1|Garchomp, M|\n|poke|p1|Dragonite, M|\n|poke|p1|Charizard, M|\n|poke|p1|Drednaw, F|\n|poke|p1|Giratina|\n|poke|p1|Coalossal, M|\n|poke|p2|Aurorus, F|\n|poke|p2|Sandslash-Alola, M|\n|poke|p2|Walrein, F|\n|poke|p2|Slowking, M|\n|poke|p2|Ariados, F|\n|poke|p2|Hitmonchan, M|\n|teampreview\n|\n|t:|1699221150\n|start\n|switch|p1a: Garchomp|Garchomp, M|100\/100\n|switch|p2a: Ari|Ariados, F, shiny|100\/100\n|turn|1\n|\n|t:|1699221166\n|move|p1a: Garchomp|Draco Meteor|p2a: Ari|[miss]\n|-miss|p1a: Garchomp|p2a: Ari\n|move|p2a: Ari|Sticky Web|p1a: Garchomp\n|-sidestart|p1: thespoonsavege|move: Sticky Web\n|\n|upkeep\n|turn|2\n|\n|t:|1699221183\n|move|p1a: Garchomp|Earth Power|p2a: Ari\n|-damage|p2a: Ari|56\/100\n|-unboost|p2a: Ari|spd|1\n|move|p2a: Ari|Toxic Thread|p1a: Garchomp\n|-unboost|p1a: Garchomp|spe|1\n|-status|p1a: Garchomp|psn\n|\n|-damage|p1a: Garchomp|88\/100 psn|[from] psn\n|upkeep\n|turn|3\n|\n|t:|1699221199\n|switch|p2a: Jorgito|Slowking, M, shiny|100\/100\n|move|p1a: Garchomp|Outrage|p2a: Jorgito\n|-damage|p2a: Jorgito|36\/100\n|\n|-damage|p1a: Garchomp|76\/100 psn|[from] psn\n|upkeep\n|turn|4\n|\n|t:|1699221216\n|move|p1a: Garchomp|Outrage|p2a: Jorgito|[from]lockedmove\n|-damage|p2a: Jorgito|0 fnt\n|faint|p2a: Jorgito\n|-start|p1a: Garchomp|confusion|[fatigue]\n|\n|-damage|p1a: Garchomp|63\/100 psn|[from] psn\n|upkeep\n|\n|t:|1699221221\n|switch|p2a: Aura|Aurorus, F, shiny|100\/100\n|-weather|Snow|[from] ability: Snow Warning|[of] p2a: Aura\n|turn|5\n|\n|t:|1699221234\n|switch|p1a: Charizard|Charizard, M|100\/100\n|move|p2a: Aura|Aurora Veil|p2a: Aura\n|-sidestart|p2: RetlawDB|move: Aurora Veil\n|\n|-weather|Snow|[upkeep]\n|upkeep\n|turn|6\n|\n|t:|1699221245\n|switch|p2a: Wanda|Walrein, F, shiny|100\/100\n|detailschange|p1a: Charizard|Charizard-Mega-Y, M\n|-mega|p1a: Charizard|Charizard|Charizardite Y\n|-weather|SunnyDay|[from] ability: Drought|[of] p1a: Charizard\n|move|p1a: Charizard|Fire Blast|p2a: Wanda|[miss]\n|-miss|p1a: Charizard|p2a: Wanda\n|\n|-weather|SunnyDay|[upkeep]\n|upkeep\n|turn|7\n|\n|t:|1699221260\n|move|p1a: Charizard|Dragon Claw|p2a: Wanda\n|-damage|p2a: Wanda|90\/100\n|move|p2a: Wanda|Stockpile|p2a: Wanda\n|-start|p2a: Wanda|stockpile1\n|-boost|p2a: Wanda|def|1\n|-boost|p2a: Wanda|spd|1\n|\n|-weather|SunnyDay|[upkeep]\n|-heal|p2a: Wanda|96\/100|[from] item: Leftovers\n|upkeep\n|turn|8\n|\n|t:|1699221272\n|move|p1a: Charizard|Crunch|p2a: Wanda\n|-damage|p2a: Wanda|89\/100\n|move|p2a: Wanda|Aqua Ring|p2a: Wanda\n|-start|p2a: Wanda|Aqua Ring\n|\n|-weather|SunnyDay|[upkeep]\n|-heal|p2a: Wanda|95\/100|[from] item: Leftovers\n|-heal|p2a: Wanda|100\/100|[from] Aqua Ring\n|upkeep\n|turn|9\n|\n|t:|1699221282\n|move|p1a: Charizard|Fire Blast|p2a: Wanda|[miss]\n|-miss|p1a: Charizard|p2a: Wanda\n|move|p2a: Wanda|Stockpile|p2a: Wanda\n|-start|p2a: Wanda|stockpile2\n|-boost|p2a: Wanda|def|1\n|-boost|p2a: Wanda|spd|1\n|\n|-weather|SunnyDay|[upkeep]\n|upkeep\n|turn|10\n|\n|t:|1699221301\n|move|p1a: Charizard|Fire Blast|p2a: Wanda|[miss]\n|-miss|p1a: Charizard|p2a: Wanda\n|move|p2a: Wanda|Stockpile|p2a: Wanda\n|-start|p2a: Wanda|stockpile3\n|-boost|p2a: Wanda|def|1\n|-boost|p2a: Wanda|spd|1\n|\n|-weather|none\n|upkeep\n|turn|11\n|c|\u2606RetlawDB|nice fire blasts\n|\n|t:|1699221320\n|switch|p1a: Dragonite|Dragonite, M|100\/100\n|move|p2a: Wanda|Brine|p1a: Dragonite\n|-resisted|p1a: Dragonite\n|-damage|p1a: Dragonite|95\/100\n|\n|-heal|p1a: Dragonite|100\/100|[from] item: Leftovers\n|upkeep\n|turn|12\n|\n|t:|1699221332\n|move|p1a: Dragonite|Thunderbolt|p2a: Wanda\n|-supereffective|p2a: Wanda\n|-damage|p2a: Wanda|96\/100\n|move|p2a: Wanda|Body Press|p1a: Dragonite\n|-resisted|p1a: Dragonite\n|-damage|p1a: Dragonite|90\/100\n|\n|-heal|p1a: Dragonite|97\/100|[from] item: Leftovers\n|-heal|p2a: Wanda|100\/100|[from] item: Leftovers\n|-sideend|p2: RetlawDB|move: Aurora Veil\n|upkeep\n|turn|13\n|\n|t:|1699221351\n|-terastallize|p1a: Dragonite|Dragon\n|move|p1a: Dragonite|Thunderbolt|p2a: Wanda\n|-supereffective|p2a: Wanda\n|-damage|p2a: Wanda|90\/100\n|move|p2a: Wanda|Body Press|p1a: Dragonite\n|-damage|p1a: Dragonite|53\/100\n|\n|-heal|p1a: Dragonite|59\/100|[from] item: Leftovers\n|-heal|p2a: Wanda|96\/100|[from] item: Leftovers\n|-heal|p2a: Wanda|100\/100|[from] Aqua Ring\n|upkeep\n|turn|14\n|\n|t:|1699221372\n|move|p1a: Dragonite|Stone Edge|p2a: Wanda|[miss]\n|-miss|p1a: Dragonite|p2a: Wanda\n|move|p2a: Wanda|Body Press|p1a: Dragonite\n|-damage|p1a: Dragonite|22\/100\n|\n|-heal|p1a: Dragonite|28\/100|[from] item: Leftovers\n|upkeep\n|turn|15\n|\n|t:|1699221385\n|move|p1a: Dragonite|Thunderbolt|p2a: Wanda\n|-supereffective|p2a: Wanda\n|-damage|p2a: Wanda|89\/100\n|move|p2a: Wanda|Body Press|p1a: Dragonite\n|-damage|p1a: Dragonite|0 fnt\n|faint|p1a: Dragonite\n|\n|-heal|p2a: Wanda|95\/100|[from] item: Leftovers\n|-heal|p2a: Wanda|100\/100|[from] Aqua Ring\n|upkeep\n|\n|t:|1699221397\n|switch|p1a: Giratina|Giratina, shiny|100\/100\n|-activate|p1a: Giratina|move: Sticky Web\n|-unboost|p1a: Giratina|spe|1\n|-ability|p1a: Giratina|Pressure\n|turn|16\n|\n|t:|1699221412\n|move|p2a: Wanda|Brine|p1a: Giratina\n|-resisted|p1a: Giratina\n|-damage|p1a: Giratina|94\/100\n|move|p1a: Giratina|Frustration|p2a: Wanda\n|-damage|p2a: Wanda|90\/100\n|\n|-heal|p2a: Wanda|96\/100|[from] item: Leftovers\n|-heal|p2a: Wanda|100\/100|[from] Aqua Ring\n|upkeep\n|turn|17\n|\n|t:|1699221426\n|move|p2a: Wanda|Brine|p1a: Giratina\n|-resisted|p1a: Giratina\n|-damage|p1a: Giratina|87\/100\n|move|p1a: Giratina|Draco Meteor|p2a: Wanda\n|-damage|p2a: Wanda|88\/100\n|-unboost|p1a: Giratina|spa|2\n|\n|-heal|p2a: Wanda|94\/100|[from] item: Leftovers\n|-heal|p2a: Wanda|100\/100|[from] Aqua Ring\n|upkeep\n|turn|18\n|\n|t:|1699221439\n|move|p2a: Wanda|Brine|p1a: Giratina\n|-resisted|p1a: Giratina\n|-crit|p1a: Giratina\n|-damage|p1a: Giratina|76\/100\n|move|p1a: Giratina|Destiny Bond|p1a: Giratina\n|-singlemove|p1a: Giratina|Destiny Bond\n|\n|upkeep\n|turn|19\n|\n|t:|1699221456\n|switch|p1a: Drednaw|Drednaw, F|100\/100\n|-activate|p1a: Drednaw|move: Sticky Web\n|-unboost|p1a: Drednaw|spe|1\n|move|p2a: Wanda|Brine|p1a: Drednaw\n|-damage|p1a: Drednaw|72\/100\n|\n|-heal|p1a: Drednaw|78\/100|[from] item: Leftovers\n|upkeep\n|turn|20\n|j| girlboss for hire\n|\n|t:|1699221484\n|move|p2a: Wanda|Body Press|p1a: Drednaw\n|-supereffective|p1a: Drednaw\n|-damage|p1a: Drednaw|0 fnt\n|faint|p1a: Drednaw\n|\n|upkeep\n|\n|t:|1699221491\n|switch|p1a: Giratina|Giratina, shiny|76\/100\n|-activate|p1a: Giratina|move: Sticky Web\n|-unboost|p1a: Giratina|spe|1\n|-ability|p1a: Giratina|Pressure\n|turn|21\n|\n|t:|1699221502\n|move|p2a: Wanda|Brine|p1a: Giratina\n|-resisted|p1a: Giratina\n|-crit|p1a: Giratina\n|-damage|p1a: Giratina|67\/100\n|move|p1a: Giratina|Draco Meteor|p2a: Wanda\n|-damage|p2a: Wanda|88\/100\n|-unboost|p1a: Giratina|spa|2\n|\n|-heal|p2a: Wanda|94\/100|[from] item: Leftovers\n|-heal|p2a: Wanda|99\/100|[from] Aqua Ring\n|upkeep\n|turn|22\n|j| pikakip379\n|c| pikakip379|both of these teams suck ass\n|\n|t:|1699221523\n|move|p2a: Wanda|Brine|p1a: Giratina\n|-resisted|p1a: Giratina\n|-damage|p1a: Giratina|60\/100\n|move|p1a: Giratina|Draco Meteor|p2a: Wanda\n|-damage|p2a: Wanda|92\/100\n|-unboost|p1a: Giratina|spa|2\n|\n|-heal|p2a: Wanda|98\/100|[from] item: Leftovers\n|-heal|p2a: Wanda|100\/100|[from] Aqua Ring\n|upkeep\n|turn|23\n|c| girlboss for hire|wow\n|c| girlboss for hire|excellent observation\n|c|\u2606RetlawDB|lol\n|c| pikakip379|get real teams next time\n|c| girlboss for hire|wow\n|c| girlboss for hire|excellently said\n|c|\u2606RetlawDB|like groudon primal and xerneas\n|\n|t:|1699221557\n|move|p2a: Wanda|Brine|p1a: Giratina\n|-resisted|p1a: Giratina\n|-crit|p1a: Giratina\n|-damage|p1a: Giratina|50\/100\n|move|p1a: Giratina|Draco Meteor|p2a: Wanda\n|-damage|p2a: Wanda|96\/100\n|-unboost|p1a: Giratina|spa|2\n|\n|-heal|p2a: Wanda|100\/100|[from] item: Leftovers\n|upkeep\n|turn|24\n|c| pikakip379|yes those are good mons\n|c| pikakip379|use those\n|c|\u2606RetlawDB|those are for noobs\n|\n|t:|1699221574\n|switch|p1a: Charizard|Charizard-Mega-Y, M|100\/100\n|-weather|SunnyDay|[from] ability: Drought|[of] p1a: Charizard\n|move|p2a: Wanda|Brine|p1a: Charizard\n|-supereffective|p1a: Charizard\n|-damage|p1a: Charizard|79\/100\n|\n|-weather|SunnyDay|[upkeep]\n|upkeep\n|turn|25\n|c| pikakip379|????\n|\n|t:|1699221588\n|move|p1a: Charizard|Dragon Claw|p2a: Wanda\n|-damage|p2a: Wanda|92\/100\n|move|p2a: Wanda|Body Press|p1a: Charizard\n|-resisted|p1a: Charizard\n|-damage|p1a: Charizard|51\/100\n|\n|-weather|SunnyDay|[upkeep]\n|-heal|p2a: Wanda|98\/100|[from] item: Leftovers\n|-heal|p2a: Wanda|100\/100|[from] Aqua Ring\n|upkeep\n|turn|26\n|c| pikakip379|ok yeah you're a noob I'm not gonna bother\n|c|\u2606RetlawDB|idk\n|\n|t:|1699221605\n|move|p1a: Charizard|Hidden Power|p2a: Wanda\n|-resisted|p2a: Wanda\n|-damage|p2a: Wanda|99\/100\n|move|p2a: Wanda|Body Press|p1a: Charizard\n|-resisted|p1a: Charizard\n|-damage|p1a: Charizard|27\/100\n|\n|-weather|SunnyDay|[upkeep]\n|-heal|p2a: Wanda|100\/100|[from] item: Leftovers\n|upkeep\n|turn|27\n|c| pikakip379|I'm gonna do something more worth my time like play Hell's Kitchen For The Wii\n|c|\u2606RetlawDB|:D\n|\n|t:|1699221619\n|move|p1a: Charizard|Crunch|p2a: Wanda\n|-damage|p2a: Wanda|92\/100\n|move|p2a: Wanda|Body Press|p1a: Charizard\n|-resisted|p1a: Charizard\n|-damage|p1a: Charizard|1\/100\n|\n|-weather|SunnyDay|[upkeep]\n|-heal|p2a: Wanda|98\/100|[from] item: Leftovers\n|-heal|p2a: Wanda|100\/100|[from] Aqua Ring\n|upkeep\n|turn|28\n|l| pikakip379\n|\n|t:|1699221631\n|move|p1a: Charizard|Crunch|p2a: Wanda\n|-damage|p2a: Wanda|92\/100\n|move|p2a: Wanda|Body Press|p1a: Charizard\n|-resisted|p1a: Charizard\n|-damage|p1a: Charizard|0 fnt\n|faint|p1a: Charizard\n|\n|-weather|none\n|-heal|p2a: Wanda|98\/100|[from] item: Leftovers\n|-heal|p2a: Wanda|100\/100|[from] Aqua Ring\n|upkeep\n|c|\u2606RetlawDB|cmon is just a big fat walrein standing there\n|\n|t:|1699221642\n|switch|p1a: Giratina|Giratina, shiny|50\/100\n|-activate|p1a: Giratina|move: Sticky Web\n|-unboost|p1a: Giratina|spe|1\n|-ability|p1a: Giratina|Pressure\n|turn|29\n|c| girlboss for hire|dtail giratina #tbh\n|\n|t:|1699221653\n|move|p2a: Wanda|Brine|p1a: Giratina\n|-resisted|p1a: Giratina\n|-damage|p1a: Giratina|36\/100\n|move|p1a: Giratina|Frustration|p2a: Wanda\n|-damage|p2a: Wanda|89\/100\n|\n|-heal|p2a: Wanda|95\/100|[from] item: Leftovers\n|-heal|p2a: Wanda|100\/100|[from] Aqua Ring\n|upkeep\n|turn|30\n|\n|t:|1699221665\n|move|p2a: Wanda|Stockpile||[still]\n|-fail|p2a: Wanda\n|move|p1a: Giratina|Frustration|p2a: Wanda\n|-damage|p2a: Wanda|91\/100\n|\n|-heal|p2a: Wanda|97\/100|[from] item: Leftovers\n|-heal|p2a: Wanda|100\/100|[from] Aqua Ring\n|upkeep\n|turn|31\n|\n|t:|1699221676\n|move|p2a: Wanda|Aqua Ring||[still]\n|-fail|p2a: Wanda\n|move|p1a: Giratina|Destiny Bond|p1a: Giratina\n|-singlemove|p1a: Giratina|Destiny Bond\n|\n|upkeep\n|turn|32\n|c|\u2606RetlawDB|bro I got -1 pp on one of my moves\n|\n|t:|1699221688\n|move|p2a: Wanda|Aqua Ring||[still]\n|-fail|p2a: Wanda\n|move|p1a: Giratina|Destiny Bond||[still]\n|-fail|p1a: Giratina\n|\n|upkeep\n|turn|33\n|\n|t:|1699221698\n|move|p2a: Wanda|Aqua Ring||[still]\n|-fail|p2a: Wanda\n|move|p1a: Giratina|Frustration|p2a: Wanda\n|-damage|p2a: Wanda|89\/100\n|\n|-heal|p2a: Wanda|96\/100|[from] item: Leftovers\n|-heal|p2a: Wanda|100\/100|[from] Aqua Ring\n|upkeep\n|turn|34\n|c|\u2606RetlawDB|nah\n|c|\u2606RetlawDB|I'm better than this\n|\n|t:|1699221714\n|switch|p2a: Aura|Aurorus, F, shiny|100\/100\n|-weather|Snow|[from] ability: Snow Warning|[of] p2a: Aura\n|move|p1a: Giratina|Destiny Bond|p1a: Giratina\n|-singlemove|p1a: Giratina|Destiny Bond\n|\n|-weather|Snow|[upkeep]\n|upkeep\n|turn|35\n|\n|t:|1699221728\n|move|p1a: Giratina|Destiny Bond||[still]\n|-fail|p1a: Giratina\n|move|p2a: Aura|Aurora Veil|p2a: Aura\n|-sidestart|p2: RetlawDB|move: Aurora Veil\n|\n|-weather|Snow|[upkeep]\n|upkeep\n|turn|36\n|c| girlboss for hire|bro just didnt want to win\n|\n|t:|1699221738\n|move|p1a: Giratina|Frustration|p2a: Aura\n|-resisted|p2a: Aura\n|-damage|p2a: Aura|96\/100\n|move|p2a: Aura|Blizzard|p1a: Giratina\n|-supereffective|p1a: Giratina\n|-damage|p1a: Giratina|0 fnt\n|faint|p1a: Giratina\n|\n|-weather|Snow|[upkeep]\n|upkeep\n|c|\u2606RetlawDB|stall is cringe\n|\n|t:|1699221751\n|switch|p1a: Garchomp|Garchomp, M|63\/100 psn\n|-activate|p1a: Garchomp|move: Sticky Web\n|-unboost|p1a: Garchomp|spe|1\n|turn|37\n|c| girlboss for hire|ok\n|c|\u2606RetlawDB|legendary spam is also cringe\n|c| girlboss for hire|ok\n|\n|t:|1699221765\n|move|p1a: Garchomp|Draco Meteor|p2a: Aura|[miss]\n|-miss|p1a: Garchomp|p2a: Aura\n|move|p2a: Aura|Blizzard|p1a: Garchomp\n|-supereffective|p1a: Garchomp\n|-damage|p1a: Garchomp|0 fnt\n|faint|p1a: Garchomp\n|\n|-weather|Snow|[upkeep]\n|upkeep\n|\n|t:|1699221776\n|switch|p1a: Coalossal|Coalossal, M|100\/100\n|-activate|p1a: Coalossal|move: Sticky Web\n|-unboost|p1a: Coalossal|spe|1\n|turn|38\n|\n|t:|1699221784\n|move|p2a: Aura|Earth Power|p1a: Coalossal\n|-supereffective|p1a: Coalossal\n|-damage|p1a: Coalossal|0 fnt\n|faint|p1a: Coalossal\n|\n|win|RetlawDB\n|raw|thespoonsavege's rating: 1000 &rarr; <strong>1000<\/strong><br \/>(+0 for losing)\n|raw|RetlawDB's rating: 1104 &rarr; <strong>1122<\/strong><br \/>(+18 for winning)\n","uploadtime":1699221522,"views":4,"p1id":"thespoonsavege","p2id":"retlawdb","formatid":"gen9nationaldexubers","rating":1000,"private":0,"password":""}