{"id":"gen9nationaldexubers-1991986737","p1":"ChefSkully","p2":"hattorivt","format":"[Gen 9] National Dex Ubers","log":"|j|\u2606ChefSkully\n|j|\u2606hattorivt\n|t:|1700145319\n|gametype|singles\n|player|p1|ChefSkully|psychic-lgpe|\n|player|p2|hattorivt|marnie-masters|\n|teamsize|p1|6\n|teamsize|p2|6\n|gen|9\n|tier|[Gen 9] National Dex Ubers\n|rule|HP Percentage Mod: HP is shown in percentages\n|rule|Endless Battle Clause: Forcing endless battles is banned\n|rule|OHKO Clause: OHKO moves are banned\n|rule|Evasion Moves Clause: Evasion moves are banned\n|rule|Evasion Items Clause: Evasion items are banned\n|rule|Species Clause: Limit one of each Pok\u00e9mon\n|rule|Sleep Clause Mod: Limit one foe put to sleep\n|rule|Mega Rayquaza Clause: You cannot mega evolve Rayquaza\n|clearpoke\n|poke|p1|Blissey, F|\n|poke|p1|Thundurus, M|\n|poke|p1|Keldeo-Resolute|\n|poke|p1|Greninja-*, M|\n|poke|p1|Carracosta, M|\n|poke|p1|Eelektross, M|\n|poke|p2|Iron Moth|\n|poke|p2|Mawile, F|\n|poke|p2|Regidrago|\n|poke|p2|Forretress, F|\n|poke|p2|Baxcalibur, M|\n|poke|p2|Hawlucha, F|\n|teampreview\n|inactive|Battle timer is ON: inactive players will automatically lose when time's up. (requested by hattorivt)\n|c|\u2606ChefSkully|gl hf\n|inactive|ChefSkully has 270 seconds left.\n|c|\u2606hattorivt|u too\n|\n|t:|1700145357\n|start\n|switch|p1a: Eelektross|Eelektross, M|100\/100\n|switch|p2a: Forretress|Forretress, F|100\/100\n|turn|1\n|\n|t:|1700145363\n|move|p1a: Eelektross|Coil|p1a: Eelektross\n|-boost|p1a: Eelektross|atk|1\n|-boost|p1a: Eelektross|def|1\n|-boost|p1a: Eelektross|accuracy|1\n|move|p2a: Forretress|Volt Switch|p1a: Eelektross\n|-resisted|p1a: Eelektross\n|-damage|p1a: Eelektross|94\/100\n|\n|t:|1700145366\n|switch|p2a: Regidrago|Regidrago|100\/100|[from] Volt Switch\n|\n|-heal|p1a: Eelektross|99\/100|[from] item: Leftovers\n|upkeep\n|turn|2\n|\n|t:|1700145373\n|switch|p1a: Blissey|Blissey, F|100\/100\n|move|p2a: Regidrago|Dragon Energy|p1a: Blissey\n|-damage|p1a: Blissey|62\/100\n|\n|upkeep\n|turn|3\n|\n|t:|1700145379\n|switch|p2a: Forretress|Forretress, F|100\/100\n|move|p1a: Blissey|Thunder Wave|p2a: Forretress\n|-status|p2a: Forretress|par\n|\n|upkeep\n|turn|4\n|\n|t:|1700145384\n|move|p1a: Blissey|Stealth Rock|p2a: Forretress\n|-sidestart|p2: hattorivt|move: Stealth Rock\n|move|p2a: Forretress|Volt Switch|p1a: Blissey\n|-damage|p1a: Blissey|58\/100\n|\n|t:|1700145389\n|switch|p2a: Hawlucha|Hawlucha, F|100\/100|[from] Volt Switch\n|-damage|p2a: Hawlucha|88\/100|[from] Stealth Rock\n|\n|upkeep\n|turn|5\n|\n|t:|1700145394\n|move|p2a: Hawlucha|Close Combat|p1a: Blissey\n|-supereffective|p1a: Blissey\n|-enditem|p1a: Blissey|Chople Berry|[eat]\n|-enditem|p1a: Blissey|Chople Berry|[weaken]\n|-damage|p1a: Blissey|9\/100\n|-unboost|p2a: Hawlucha|def|1\n|-unboost|p2a: Hawlucha|spd|1\n|-enditem|p2a: Hawlucha|White Herb\n|-clearnegativeboost|p2a: Hawlucha|[silent]\n|move|p1a: Blissey|Charm|p2a: Hawlucha\n|-unboost|p2a: Hawlucha|atk|2\n|\n|upkeep\n|turn|6\n|\n|t:|1700145407\n|move|p2a: Hawlucha|Acrobatics|p1a: Blissey\n|-damage|p1a: Blissey|0 fnt\n|faint|p1a: Blissey\n|\n|upkeep\n|\n|t:|1700145417\n|switch|p1a: Thundurus|Thundurus, M|100\/100\n|turn|7\n|\n|t:|1700145426\n|move|p1a: Thundurus|Thunder Wave|p2a: Hawlucha\n|-status|p2a: Hawlucha|par\n|move|p2a: Hawlucha|Swords Dance|p2a: Hawlucha\n|-boost|p2a: Hawlucha|atk|2\n|\n|upkeep\n|turn|8\n|\n|t:|1700145434\n|move|p1a: Thundurus|Rain Dance|p1a: Thundurus\n|-weather|RainDance\n|move|p2a: Hawlucha|Close Combat|p1a: Thundurus\n|-resisted|p1a: Thundurus\n|-damage|p1a: Thundurus|77\/100\n|-unboost|p2a: Hawlucha|def|1\n|-unboost|p2a: Hawlucha|spd|1\n|\n|-weather|RainDance|[upkeep]\n|upkeep\n|turn|9\n|\n|t:|1700145441\n|move|p2a: Hawlucha|Close Combat|p1a: Thundurus\n|-resisted|p1a: Thundurus\n|-damage|p1a: Thundurus|54\/100\n|-unboost|p2a: Hawlucha|def|1\n|-unboost|p2a: Hawlucha|spd|1\n|move|p1a: Thundurus|Thunder|p2a: Hawlucha\n|-supereffective|p2a: Hawlucha\n|-damage|p2a: Hawlucha|0 fnt\n|faint|p2a: Hawlucha\n|\n|-weather|RainDance|[upkeep]\n|upkeep\n|inactive|hattorivt has 270 seconds left.\n|\n|t:|1700145482\n|switch|p2a: Baxcalibur|Baxcalibur, M|100\/100\n|-damage|p2a: Baxcalibur|76\/100|[from] Stealth Rock\n|turn|10\n|\n|t:|1700145487\n|move|p1a: Thundurus|Thunder Wave|p2a: Baxcalibur\n|-status|p2a: Baxcalibur|par\n|move|p2a: Baxcalibur|Icicle Spear|p1a: Thundurus\n|-supereffective|p1a: Thundurus\n|-damage|p1a: Thundurus|30\/100\n|-supereffective|p1a: Thundurus\n|-damage|p1a: Thundurus|7\/100\n|-supereffective|p1a: Thundurus\n|-damage|p1a: Thundurus|0 fnt\n|faint|p1a: Thundurus\n|-hitcount|p1: Thundurus|3\n|\n|-weather|RainDance|[upkeep]\n|upkeep\n|\n|t:|1700145493\n|switch|p1a: Keldeo|Keldeo-Resolute|100\/100\n|turn|11\n|\n|t:|1700145499\n|move|p1a: Keldeo|Substitute|p1a: Keldeo\n|-start|p1a: Keldeo|Substitute\n|-damage|p1a: Keldeo|76\/100\n|move|p2a: Baxcalibur|Scale Shot|p1a: Keldeo\n|-activate|p1a: Keldeo|move: Substitute|[damage]\n|-activate|p1a: Keldeo|move: Substitute|[damage]\n|-end|p1a: Keldeo|Substitute\n|-damage|p1a: Keldeo|65\/100\n|-hitcount|p1a: Keldeo|4\n|-unboost|p2a: Baxcalibur|def|1\n|-boost|p2a: Baxcalibur|spe|1\n|\n|-weather|RainDance|[upkeep]\n|-heal|p1a: Keldeo|71\/100|[from] item: Leftovers\n|upkeep\n|turn|12\n|\n|t:|1700145504\n|move|p1a: Keldeo|Secret Sword|p2a: Baxcalibur\n|-supereffective|p2a: Baxcalibur\n|-damage|p2a: Baxcalibur|0 fnt\n|faint|p2a: Baxcalibur\n|\n|-weather|RainDance|[upkeep]\n|-heal|p1a: Keldeo|77\/100|[from] item: Leftovers\n|upkeep\n|\n|t:|1700145512\n|switch|p2a: Regidrago|Regidrago|100\/100\n|-damage|p2a: Regidrago|88\/100|[from] Stealth Rock\n|turn|13\n|\n|t:|1700145531\n|switch|p1a: Eelektross|Eelektross, M|99\/100\n|move|p2a: Regidrago|Dragon Energy|p1a: Eelektross\n|-damage|p1a: Eelektross|0 fnt\n|faint|p1a: Eelektross\n|\n|-weather|RainDance|[upkeep]\n|upkeep\n|\n|t:|1700145537\n|switch|p1a: Greninja|Greninja, M|100\/100\n|turn|14\n|\n|t:|1700145543\n|-terastallize|p1a: Greninja|Fairy\n|move|p2a: Regidrago|Dragon Energy|p1a: Greninja\n|-immune|p1a: Greninja\n|move|p1a: Greninja|Substitute|p1a: Greninja\n|-start|p1a: Greninja|Substitute\n|-damage|p1a: Greninja|76\/100\n|\n|-weather|RainDance|[upkeep]\n|upkeep\n|turn|15\n|\n|t:|1700145548\n|switch|p2a: Forretress|Forretress, F|100\/100 par\n|-damage|p2a: Forretress|88\/100 par|[from] Stealth Rock\n|move|p1a: Greninja|Surf|p2a: Forretress\n|-damage|p2a: Forretress|0 fnt\n|faint|p2a: Forretress\n|-ability|p1a: Greninja|Battle Bond|boost\n|-boost|p1a: Greninja|atk|1\n|-boost|p1a: Greninja|spa|1\n|-boost|p1a: Greninja|spe|1\n|-activate|p1a: Greninja|ability: Battle Bond\n|-damage|p1a: Greninja|66\/100|[from] item: Life Orb\n|\n|-weather|none\n|upkeep\n|\n|t:|1700145560\n|switch|p2a: Mawile|Mawile, F|100\/100\n|-damage|p2a: Mawile|94\/100|[from] Stealth Rock\n|-ability|p2a: Mawile|Intimidate|boost\n|-immune|p1a: Greninja\n|turn|16\n|\n|t:|1700145573\n|detailschange|p2a: Mawile|Mawile-Mega, F\n|-mega|p2a: Mawile|Mawile|Mawilite\n|move|p1a: Greninja|Surf|p2a: Mawile\n|-damage|p2a: Mawile|25\/100\n|-damage|p1a: Greninja|56\/100|[from] item: Life Orb\n|move|p2a: Mawile|Iron Head|p1a: Greninja\n|-supereffective|p1a: Greninja\n|-end|p1a: Greninja|Substitute\n|\n|upkeep\n|turn|17\n|\n|t:|1700145585\n|move|p2a: Mawile|Sucker Punch|p1a: Greninja\n|-resisted|p1a: Greninja\n|-damage|p1a: Greninja|32\/100\n|move|p1a: Greninja|Surf|p2a: Mawile\n|-damage|p2a: Mawile|0 fnt\n|faint|p2a: Mawile\n|-damage|p1a: Greninja|22\/100|[from] item: Life Orb\n|\n|upkeep\n|\n|t:|1700145588\n|switch|p2a: Iron Moth|Iron Moth|100\/100\n|-damage|p2a: Iron Moth|76\/100|[from] Stealth Rock\n|turn|18\n|\n|t:|1700145596\n|-terastallize|p2a: Iron Moth|Fairy\n|move|p1a: Greninja|Surf|p2a: Iron Moth\n|-damage|p2a: Iron Moth|12\/100\n|-damage|p1a: Greninja|12\/100|[from] item: Life Orb\n|move|p2a: Iron Moth|U-turn|p1a: Greninja\n|-resisted|p1a: Greninja\n|-damage|p1a: Greninja|6\/100\n|\n|t:|1700145602\n|-end|p2a: Iron Moth|Quark Drive|[silent]\n|switch|p2a: Regidrago|Regidrago|88\/100|[from] U-turn\n|-damage|p2a: Regidrago|76\/100|[from] Stealth Rock\n|\n|upkeep\n|turn|19\n|-message|hattorivt forfeited.\n|\n|win|ChefSkully\n|l|\u2606ChefSkully\n|j|\u2606ChefSkully\n|player|p1|ChefSkully|psychic-lgpe\n|l|\u2606ChefSkully\n|player|p1|\n","uploadtime":1700145652,"views":14,"p1id":"chefskully","p2id":"hattorivt","formatid":"gen9nationaldexubers","rating":0,"private":0,"password":""}