{"id":"gen9nationaldexubers-1989857266","p1":"kokontaka","p2":"fros45","format":"[Gen 9] National Dex Ubers","log":"|j|\u2606kokontaka\n|j|\u2606fros45\n|t:|1699901524\n|gametype|singles\n|player|p1|kokontaka|hop|\n|player|p2|fros45|cyclistf-gen4|\n|teamsize|p1|6\n|teamsize|p2|6\n|gen|9\n|tier|[Gen 9] National Dex Ubers\n|rule|HP Percentage Mod: HP is shown in percentages\n|rule|Endless Battle Clause: Forcing endless battles is banned\n|rule|OHKO Clause: OHKO moves are banned\n|rule|Evasion Moves Clause: Evasion moves are banned\n|rule|Evasion Items Clause: Evasion items are banned\n|rule|Species Clause: Limit one of each Pok\u00e9mon\n|rule|Sleep Clause Mod: Limit one foe put to sleep\n|rule|Mega Rayquaza Clause: You cannot mega evolve Rayquaza\n|clearpoke\n|poke|p1|Torkoal, M|\n|poke|p1|Typhlosion-Hisui, M|\n|poke|p1|Lopunny, M|\n|poke|p1|Sneasler, F|\n|poke|p1|Skeledirge, M|\n|poke|p1|Baxcalibur, M|\n|poke|p2|Great Tusk|\n|poke|p2|Dracozolt|\n|poke|p2|Tyranitar, M|\n|poke|p2|Toxtricity, F|\n|poke|p2|Celesteela|\n|poke|p2|Tapu Fini|\n|teampreview\n|inactive|Battle timer is ON: inactive players will automatically lose when time's up. (requested by fros45)\n|inactiveoff|Battle timer is now OFF.\n|j| Sleens\n|\n|t:|1699901555\n|start\n|switch|p1a: ULTIMATE GIGA CHAD|Lopunny, M|100\/100\n|switch|p2a: Tapu Fini|Tapu Fini|100\/100\n|-fieldstart|move: Misty Terrain|[from] ability: Misty Surge|[of] p2a: Tapu Fini\n|turn|1\n|\n|t:|1699901566\n|detailschange|p1a: ULTIMATE GIGA CHAD|Lopunny-Mega, M\n|-mega|p1a: ULTIMATE GIGA CHAD|Lopunny|Lopunnite\n|move|p1a: ULTIMATE GIGA CHAD|Fake Out|p2a: Tapu Fini\n|-damage|p2a: Tapu Fini|87\/100\n|cant|p2a: Tapu Fini|flinch\n|\n|-heal|p2a: Tapu Fini|93\/100|[from] item: Leftovers\n|upkeep\n|turn|2\n|\n|t:|1699901577\n|move|p1a: ULTIMATE GIGA CHAD|U-turn|p2a: Tapu Fini\n|-resisted|p2a: Tapu Fini\n|-damage|p2a: Tapu Fini|85\/100\n|\n|t:|1699901584\n|switch|p1a: Fuegatora|Skeledirge, M|100\/100|[from] U-turn\n|move|p2a: Tapu Fini|Scald|p1a: Fuegatora\n|-supereffective|p1a: Fuegatora\n|-damage|p1a: Fuegatora|64\/100\n|\n|-heal|p2a: Tapu Fini|91\/100|[from] item: Leftovers\n|-heal|p1a: Fuegatora|70\/100|[from] item: Leftovers\n|upkeep\n|turn|3\n|\n|t:|1699901601\n|move|p2a: Tapu Fini|Calm Mind|p2a: Tapu Fini\n|-boost|p2a: Tapu Fini|spa|1\n|-boost|p2a: Tapu Fini|spd|1\n|move|p1a: Fuegatora|Substitute|p1a: Fuegatora\n|-start|p1a: Fuegatora|Substitute\n|-damage|p1a: Fuegatora|45\/100\n|\n|-heal|p2a: Tapu Fini|97\/100|[from] item: Leftovers\n|-heal|p1a: Fuegatora|51\/100|[from] item: Leftovers\n|upkeep\n|turn|4\n|\n|t:|1699901605\n|move|p2a: Tapu Fini|Scald|p1a: Fuegatora\n|-supereffective|p1a: Fuegatora\n|-end|p1a: Fuegatora|Substitute\n|move|p1a: Fuegatora|Slack Off|p1a: Fuegatora\n|-heal|p1a: Fuegatora|100\/100\n|\n|-heal|p2a: Tapu Fini|100\/100|[from] item: Leftovers\n|upkeep\n|turn|5\n|\n|t:|1699901619\n|-terastallize|p1a: Fuegatora|Grass\n|move|p2a: Tapu Fini|Moonblast|p1a: Fuegatora\n|-damage|p1a: Fuegatora|79\/100\n|move|p1a: Fuegatora|Substitute|p1a: Fuegatora\n|-start|p1a: Fuegatora|Substitute\n|-damage|p1a: Fuegatora|54\/100\n|\n|-heal|p1a: Fuegatora|60\/100|[from] item: Leftovers\n|-fieldend|Misty Terrain\n|upkeep\n|turn|6\n|\n|t:|1699901635\n|switch|p2a: Toxtricity|Toxtricity, F|100\/100\n|move|p1a: Fuegatora|Yawn|p2a: Toxtricity\n|-start|p2a: Toxtricity|move: Yawn|[of] p1a: Fuegatora\n|\n|-heal|p1a: Fuegatora|66\/100|[from] item: Leftovers\n|upkeep\n|turn|7\n|\n|t:|1699901649\n|move|p2a: Toxtricity|Volt Switch|p1a: Fuegatora\n|-resisted|p1a: Fuegatora\n|-activate|p1a: Fuegatora|move: Substitute|[damage]\n|\n|t:|1699901660\n|switch|p2a: Tapu Fini|Tapu Fini|100\/100|[from] Volt Switch\n|-fieldstart|move: Misty Terrain|[from] ability: Misty Surge|[of] p2a: Tapu Fini\n|move|p1a: Fuegatora|Slack Off|p1a: Fuegatora\n|-heal|p1a: Fuegatora|100\/100\n|\n|upkeep\n|turn|8\n|\n|t:|1699901668\n|move|p2a: Tapu Fini|Moonblast|p1a: Fuegatora\n|-crit|p1a: Fuegatora\n|-end|p1a: Fuegatora|Substitute\n|move|p1a: Fuegatora|Torch Song|p2a: Tapu Fini\n|-resisted|p2a: Tapu Fini\n|-damage|p2a: Tapu Fini|89\/100\n|-boost|p1a: Fuegatora|spa|1\n|\n|-heal|p2a: Tapu Fini|95\/100|[from] item: Leftovers\n|upkeep\n|turn|9\n|\n|t:|1699901677\n|switch|p2a: Toxtricity|Toxtricity, F|100\/100\n|move|p1a: Fuegatora|Substitute|p1a: Fuegatora\n|-start|p1a: Fuegatora|Substitute\n|-damage|p1a: Fuegatora|75\/100\n|\n|-heal|p1a: Fuegatora|82\/100|[from] item: Leftovers\n|upkeep\n|turn|10\n|\n|t:|1699901684\n|move|p2a: Toxtricity|Boomburst|p1a: Fuegatora\n|-damage|p1a: Fuegatora|38\/100\n|move|p1a: Fuegatora|Torch Song|p2a: Toxtricity\n|-damage|p2a: Toxtricity|66\/100\n|-boost|p1a: Fuegatora|spa|1\n|\n|-heal|p1a: Fuegatora|44\/100|[from] item: Leftovers\n|upkeep\n|turn|11\n|\n|t:|1699901740\n|move|p2a: Toxtricity|Boomburst|p1a: Fuegatora\n|-damage|p1a: Fuegatora|6\/100\n|move|p1a: Fuegatora|Slack Off|p1a: Fuegatora\n|-heal|p1a: Fuegatora|56\/100\n|\n|-heal|p1a: Fuegatora|62\/100|[from] item: Leftovers\n|-fieldend|Misty Terrain\n|upkeep\n|turn|12\n|\n|t:|1699901747\n|-terastallize|p2a: Toxtricity|Normal\n|move|p2a: Toxtricity|Boomburst|p1a: Fuegatora\n|-damage|p1a: Fuegatora|0 fnt\n|faint|p1a: Fuegatora\n|\n|upkeep\n|\n|t:|1699901765\n|switch|p1a: Blaze The Cat|Sneasler, F|100\/100\n|turn|13\n|\n|t:|1699901769\n|move|p2a: Toxtricity|Boomburst|p1a: Blaze The Cat\n|-enditem|p1a: Blaze The Cat|Focus Sash\n|-damage|p1a: Blaze The Cat|1\/100\n|move|p1a: Blaze The Cat|Swords Dance|p1a: Blaze The Cat\n|-boost|p1a: Blaze The Cat|atk|2\n|\n|upkeep\n|turn|14\n|\n|t:|1699901800\n|switch|p2a: Great Tusk|Great Tusk|100\/100\n|move|p1a: Blaze The Cat|Close Combat|p2a: Great Tusk\n|-damage|p2a: Great Tusk|45\/100\n|-unboost|p1a: Blaze The Cat|def|1\n|-unboost|p1a: Blaze The Cat|spd|1\n|-damage|p1a: Blaze The Cat|0 fnt|[from] item: Rocky Helmet|[of] p2a: Great Tusk\n|faint|p1a: Blaze The Cat\n|\n|upkeep\n|\n|t:|1699901816\n|switch|p1a: Smoker|Torkoal, M|100\/100\n|-weather|SunnyDay|[from] ability: Drought|[of] p1a: Smoker\n|-activate|p2a: Great Tusk|ability: Protosynthesis\n|-start|p2a: Great Tusk|protosynthesisdef\n|turn|15\n|\n|t:|1699901828\n|-end|p2a: Great Tusk|Protosynthesis|[silent]\n|switch|p2a: Tyranitar|Tyranitar, M|100\/100\n|-weather|Sandstorm|[from] ability: Sand Stream|[of] p2a: Tyranitar\n|move|p1a: Smoker|Stealth Rock|p2a: Tyranitar\n|-sidestart|p2: fros45|move: Stealth Rock\n|\n|-weather|Sandstorm|[upkeep]\n|-damage|p1a: Smoker|94\/100|[from] Sandstorm\n|upkeep\n|turn|16\n|\n|t:|1699901833\n|move|p2a: Tyranitar|Stone Edge|p1a: Smoker\n|-supereffective|p1a: Smoker\n|-damage|p1a: Smoker|28\/100\n|move|p1a: Smoker|Yawn|p2a: Tyranitar\n|-start|p2a: Tyranitar|move: Yawn|[of] p1a: Smoker\n|\n|-weather|Sandstorm|[upkeep]\n|-damage|p1a: Smoker|21\/100|[from] Sandstorm\n|upkeep\n|turn|17\n|\n|t:|1699901851\n|switch|p2a: Great Tusk|Great Tusk|45\/100\n|-damage|p2a: Great Tusk|42\/100|[from] Stealth Rock\n|switch|p1a: ULTIMATE GIGA CHAD|Lopunny-Mega, M|100\/100\n|\n|-weather|Sandstorm|[upkeep]\n|-damage|p1a: ULTIMATE GIGA CHAD|94\/100|[from] Sandstorm\n|upkeep\n|turn|18\n|\n|t:|1699901857\n|move|p1a: ULTIMATE GIGA CHAD|Fake Out|p2a: Great Tusk\n|-damage|p2a: Great Tusk|32\/100\n|-damage|p1a: ULTIMATE GIGA CHAD|78\/100|[from] item: Rocky Helmet|[of] p2a: Great Tusk\n|cant|p2a: Great Tusk|flinch\n|\n|-weather|Sandstorm|[upkeep]\n|-damage|p1a: ULTIMATE GIGA CHAD|71\/100|[from] Sandstorm\n|upkeep\n|turn|19\n|\n|t:|1699901861\n|move|p1a: ULTIMATE GIGA CHAD|Triple Axel|p2a: Great Tusk\n|-supereffective|p2a: Great Tusk\n|-damage|p2a: Great Tusk|25\/100\n|-damage|p1a: ULTIMATE GIGA CHAD|55\/100|[from] item: Rocky Helmet|[of] p2a: Great Tusk\n|-supereffective|p2a: Great Tusk\n|-damage|p2a: Great Tusk|11\/100\n|-damage|p1a: ULTIMATE GIGA CHAD|38\/100|[from] item: Rocky Helmet|[of] p2a: Great Tusk\n|-supereffective|p2a: Great Tusk\n|-damage|p2a: Great Tusk|0 fnt\n|-damage|p1a: ULTIMATE GIGA CHAD|22\/100|[from] item: Rocky Helmet|[of] p2a: Great Tusk\n|faint|p2a: Great Tusk\n|-end|p2a: Great Tusk|Protosynthesis|[silent]\n|-hitcount|p2: Great Tusk|3\n|\n|-weather|Sandstorm|[upkeep]\n|-damage|p1a: ULTIMATE GIGA CHAD|16\/100|[from] Sandstorm\n|upkeep\n|\n|t:|1699901871\n|switch|p2a: Dracozolt|Dracozolt|100\/100\n|-damage|p2a: Dracozolt|88\/100|[from] Stealth Rock\n|turn|20\n|\n|t:|1699901891\n|switch|p1a: Smoker|Torkoal, M|21\/100\n|-weather|SunnyDay|[from] ability: Drought|[of] p1a: Smoker\n|move|p2a: Dracozolt|Outrage|p1a: Smoker\n|-damage|p1a: Smoker|0 fnt\n|faint|p1a: Smoker\n|\n|-weather|SunnyDay|[upkeep]\n|upkeep\n|\n|t:|1699901907\n|switch|p1a: Oyunda G\u00fc\u00e7|Baxcalibur, M|100\/100\n|turn|21\n|\n|t:|1699901914\n|move|p1a: Oyunda G\u00fc\u00e7|Dragon Dance|p1a: Oyunda G\u00fc\u00e7\n|-boost|p1a: Oyunda G\u00fc\u00e7|atk|1\n|-boost|p1a: Oyunda G\u00fc\u00e7|spe|1\n|move|p2a: Dracozolt|Outrage|p1a: Oyunda G\u00fc\u00e7|[from]lockedmove\n|-supereffective|p1a: Oyunda G\u00fc\u00e7\n|-damage|p1a: Oyunda G\u00fc\u00e7|0 fnt\n|faint|p1a: Oyunda G\u00fc\u00e7\n|\n|-weather|SunnyDay|[upkeep]\n|upkeep\n|\n|t:|1699901924\n|switch|p1a: High on eruptions|Typhlosion-Hisui, M|100\/100\n|turn|22\n|\n|t:|1699901928\n|move|p1a: High on eruptions|Eruption|p2a: Dracozolt\n|-resisted|p2a: Dracozolt\n|-crit|p2a: Dracozolt\n|-damage|p2a: Dracozolt|0 fnt\n|faint|p2a: Dracozolt\n|\n|-weather|SunnyDay|[upkeep]\n|upkeep\n|\n|t:|1699901933\n|switch|p2a: Tyranitar|Tyranitar, M|100\/100\n|-damage|p2a: Tyranitar|88\/100|[from] Stealth Rock\n|-weather|Sandstorm|[from] ability: Sand Stream|[of] p2a: Tyranitar\n|turn|23\n|\n|t:|1699901937\n|-activate|p1a: High on eruptions|move: Pursuit\n|move|p2a: Tyranitar|Pursuit|p1a: High on eruptions|[from]Pursuit\n|-supereffective|p1a: High on eruptions\n|-damage|p1a: High on eruptions|0 fnt\n|faint|p1a: High on eruptions\n|-hint|A Pokemon can't switch between when it runs out of HP and when it faints\n|\n|-weather|Sandstorm|[upkeep]\n|upkeep\n|\n|t:|1699901952\n|switch|p1a: ULTIMATE GIGA CHAD|Lopunny-Mega, M|16\/100\n|turn|24\n|\n|t:|1699901956\n|move|p1a: ULTIMATE GIGA CHAD|Fake Out|p2a: Tyranitar\n|-resisted|p2a: Tyranitar\n|-damage|p2a: Tyranitar|80\/100\n|cant|p2a: Tyranitar|flinch\n|\n|-weather|Sandstorm|[upkeep]\n|-damage|p1a: ULTIMATE GIGA CHAD|9\/100|[from] Sandstorm\n|upkeep\n|turn|25\n|\n|t:|1699901959\n|move|p1a: ULTIMATE GIGA CHAD|High Jump Kick|p2a: Tyranitar\n|-supereffective|p2a: Tyranitar\n|-damage|p2a: Tyranitar|0 fnt\n|faint|p2a: Tyranitar\n|\n|-weather|Sandstorm|[upkeep]\n|-damage|p1a: ULTIMATE GIGA CHAD|3\/100|[from] Sandstorm\n|upkeep\n|\n|t:|1699901966\n|switch|p2a: Toxtricity|Toxtricity, F, tera:Normal|66\/100\n|-damage|p2a: Toxtricity|54\/100|[from] Stealth Rock\n|turn|26\n|\n|t:|1699901971\n|move|p2a: Toxtricity|Boomburst|p1a: ULTIMATE GIGA CHAD\n|-damage|p1a: ULTIMATE GIGA CHAD|0 fnt\n|faint|p1a: ULTIMATE GIGA CHAD\n|\n|win|fros45\n|c|\u2606fros45|gg\n|c|\u2606fros45|2. ma\u00e7\n|c|\u2606kokontaka|Yep\n|l| Sleens\n","uploadtime":1699901981,"views":8,"p1id":"kokontaka","p2id":"fros45","formatid":"gen9nationaldexubers","rating":0,"private":0,"password":""}