{"id":"gen9nationaldexubers-1989205410","p1":"Parraso","p2":"JustCallMeX","format":"[Gen 9] National Dex Ubers","log":"|j|\u2606Parraso\n|j|\u2606JustCallMeX\n|t:|1699823251\n|gametype|singles\n|player|p1|Parraso|burglar|1088\n|player|p2|JustCallMeX|red-masters2|1106\n|teamsize|p1|6\n|teamsize|p2|6\n|gen|9\n|tier|[Gen 9] National Dex Ubers\n|rated|\n|rule|HP Percentage Mod: HP is shown in percentages\n|rule|Endless Battle Clause: Forcing endless battles is banned\n|rule|OHKO Clause: OHKO moves are banned\n|rule|Evasion Moves Clause: Evasion moves are banned\n|rule|Evasion Items Clause: Evasion items are banned\n|rule|Species Clause: Limit one of each Pok\u00e9mon\n|rule|Sleep Clause Mod: Limit one foe put to sleep\n|rule|Mega Rayquaza Clause: You cannot mega evolve Rayquaza\n|clearpoke\n|poke|p1|Ursaluna-Bloodmoon, M|\n|poke|p1|Gholdengo|\n|poke|p1|Blaziken, M|\n|poke|p1|Palafin, M|\n|poke|p1|Ninetales-Alola, F|\n|poke|p1|Dragonite, M|\n|poke|p2|Pikachu, M|\n|poke|p2|Cinderace, M|\n|poke|p2|Darmanitan-Galar, M|\n|poke|p2|Orbeetle, M|\n|poke|p2|Corviknight, M|\n|poke|p2|Urshifu-*, M|\n|teampreview\n|inactive|Battle timer is ON: inactive players will automatically lose when time's up. (requested by JustCallMeX)\n|\n|t:|1699823257\n|start\n|switch|p1a: Palafin|Palafin, M|100\/100\n|switch|p2a: Darmanitan|Darmanitan-Galar, M|100\/100\n|turn|1\n|\n|t:|1699823265\n|move|p1a: Palafin|Flip Turn|p2a: Darmanitan\n|-damage|p2a: Darmanitan|71\/100\n|\n|t:|1699823268\n|detailschange|p1a: Palafin|Palafin-Hero, M\n|switch|p1a: Blaziken|Blaziken, M|100\/100|[from] Flip Turn\n|move|p2a: Darmanitan|U-turn|p1a: Blaziken\n|-resisted|p1a: Blaziken\n|-damage|p1a: Blaziken|92\/100\n|\n|t:|1699823276\n|switch|p2a: Orbeetle|Orbeetle, M|100\/100|[from] U-turn\n|\n|upkeep\n|turn|2\n|\n|t:|1699823282\n|detailschange|p1a: Blaziken|Blaziken-Mega, M\n|-mega|p1a: Blaziken|Blaziken|Blazikenite\n|move|p1a: Blaziken|Blaze Kick|p2a: Orbeetle\n|-supereffective|p2a: Orbeetle\n|-crit|p2a: Orbeetle\n|-enditem|p2a: Orbeetle|Focus Sash\n|-damage|p2a: Orbeetle|1\/100\n|move|p2a: Orbeetle|Hypnosis|p1a: Blaziken|[miss]\n|-miss|p2a: Orbeetle|p1a: Blaziken\n|\n|-ability|p1a: Blaziken|Speed Boost|boost\n|-boost|p1a: Blaziken|spe|1\n|upkeep\n|turn|3\n|\n|t:|1699823293\n|move|p1a: Blaziken|Blaze Kick|p2a: Orbeetle|[miss]\n|-miss|p1a: Blaziken|p2a: Orbeetle\n|move|p2a: Orbeetle|Hypnosis|p1a: Blaziken\n|-status|p1a: Blaziken|slp|[from] move: Hypnosis\n|\n|-ability|p1a: Blaziken|Speed Boost|boost\n|-boost|p1a: Blaziken|spe|1\n|upkeep\n|turn|4\n|\n|t:|1699823302\n|cant|p1a: Blaziken|slp\n|move|p2a: Orbeetle|Shadow Ball|p1a: Blaziken\n|-damage|p1a: Blaziken|67\/100 slp\n|\n|-ability|p1a: Blaziken|Speed Boost|boost\n|-boost|p1a: Blaziken|spe|1\n|upkeep\n|turn|5\n|\n|t:|1699823311\n|switch|p2a: Darmanitan|Darmanitan-Galar, M|71\/100\n|cant|p1a: Blaziken|slp\n|\n|-ability|p1a: Blaziken|Speed Boost|boost\n|-boost|p1a: Blaziken|spe|1\n|upkeep\n|turn|6\n|\n|t:|1699823319\n|cant|p1a: Blaziken|slp\n|move|p2a: Darmanitan|Earthquake|p1a: Blaziken\n|-supereffective|p1a: Blaziken\n|-damage|p1a: Blaziken|0 fnt\n|faint|p1a: Blaziken\n|\n|upkeep\n|\n|t:|1699823327\n|switch|p1a: Gholdengo|Gholdengo|100\/100\n|turn|7\n|\n|t:|1699823334\n|move|p1a: Gholdengo|Make It Rain|p2a: Darmanitan\n|-supereffective|p2a: Darmanitan\n|-damage|p2a: Darmanitan|0 fnt\n|-unboost|p1a: Gholdengo|spa|1\n|faint|p2a: Darmanitan\n|\n|upkeep\n|inactive|JustCallMeX has 120 seconds left.\n|\n|t:|1699823365\n|switch|p2a: Pikachu|Pikachu, M|100\/100\n|turn|8\n|\n|t:|1699823370\n|switch|p1a: Ursaluna|Ursaluna-Bloodmoon, M|100\/100\n|-terastallize|p2a: Pikachu|Flying\n|move|p2a: Pikachu|Dig||[still]\n|-prepare|p2a: Pikachu|Dig\n|\n|upkeep\n|turn|9\n|\n|t:|1699823378\n|switch|p1a: Dragonite|Dragonite, M|100\/100\n|move|p2a: Pikachu|Dig|p1a: Dragonite|[from]lockedmove\n|-immune|p1a: Dragonite\n|\n|upkeep\n|turn|10\n|\n|t:|1699823385\n|move|p2a: Pikachu|Discharge|p1a: Dragonite\n|-damage|p1a: Dragonite|81\/100\n|move|p1a: Dragonite|Dragon Dance|p1a: Dragonite\n|-boost|p1a: Dragonite|atk|1\n|-boost|p1a: Dragonite|spe|1\n|\n|upkeep\n|turn|11\n|\n|t:|1699823392\n|move|p1a: Dragonite|Dragon Dance|p1a: Dragonite\n|-boost|p1a: Dragonite|atk|1\n|-boost|p1a: Dragonite|spe|1\n|move|p2a: Pikachu|Discharge|p1a: Dragonite\n|-damage|p1a: Dragonite|41\/100\n|\n|upkeep\n|turn|12\n|\n|t:|1699823399\n|move|p1a: Dragonite|Dragon Claw|p2a: Pikachu\n|-damage|p2a: Pikachu|0 fnt\n|faint|p2a: Pikachu\n|\n|upkeep\n|\n|t:|1699823407\n|switch|p2a: Cinderace|Cinderace, M|100\/100\n|turn|13\n|\n|t:|1699823411\n|move|p1a: Dragonite|Extreme Speed|p2a: Cinderace\n|-damage|p2a: Cinderace|25\/100\n|move|p2a: Cinderace|Sucker Punch||[still]\n|-fail|p2a: Cinderace\n|\n|upkeep\n|turn|14\n|\n|t:|1699823418\n|move|p1a: Dragonite|Extreme Speed|p2a: Cinderace\n|-damage|p2a: Cinderace|0 fnt\n|faint|p2a: Cinderace\n|\n|upkeep\n|\n|t:|1699823425\n|switch|p2a: Corviknight|Corviknight, M|100\/100\n|turn|15\n|\n|t:|1699823431\n|move|p1a: Dragonite|Dragon Claw|p2a: Corviknight\n|-resisted|p2a: Corviknight\n|-damage|p2a: Corviknight|65\/100\n|move|p2a: Corviknight|Iron Head|p1a: Dragonite\n|-damage|p1a: Dragonite|8\/100\n|\n|upkeep\n|turn|16\n|\n|t:|1699823438\n|move|p1a: Dragonite|Dragon Claw|p2a: Corviknight\n|-resisted|p2a: Corviknight\n|-damage|p2a: Corviknight|27\/100\n|move|p2a: Corviknight|Iron Head|p1a: Dragonite\n|-damage|p1a: Dragonite|0 fnt\n|faint|p1a: Dragonite\n|\n|upkeep\n|\n|t:|1699823450\n|switch|p1a: Palafin|Palafin-Hero, M|100\/100\n|-activate|p1a: Palafin|ability: Zero to Hero\n|turn|17\n|\n|t:|1699823456\n|move|p1a: Palafin|Wave Crash|p2a: Corviknight\n|-damage|p2a: Corviknight|0 fnt\n|faint|p2a: Corviknight\n|-damage|p1a: Palafin|92\/100|[from] Recoil\n|\n|upkeep\n|\n|t:|1699823462\n|switch|p2a: Urshifu|Urshifu, M|100\/100\n|turn|18\n|\n|t:|1699823466\n|move|p1a: Palafin|Endure|p1a: Palafin\n|-singleturn|p1a: Palafin|move: Endure\n|move|p2a: Urshifu|Thunder Punch|p1a: Palafin\n|-supereffective|p1a: Palafin\n|-damage|p1a: Palafin|41\/100\n|\n|upkeep\n|turn|19\n|\n|t:|1699823472\n|move|p1a: Palafin|Endure||[still]\n|-fail|p1a: Palafin\n|move|p2a: Urshifu|Thunder Punch|p1a: Palafin\n|-supereffective|p1a: Palafin\n|-damage|p1a: Palafin|0 fnt\n|faint|p1a: Palafin\n|\n|upkeep\n|\n|t:|1699823483\n|switch|p1a: Ninetales|Ninetales-Alola, F|100\/100\n|-weather|Snow|[from] ability: Snow Warning|[of] p1a: Ninetales\n|turn|20\n|\n|t:|1699823488\n|move|p1a: Ninetales|Aurora Veil|p1a: Ninetales\n|-sidestart|p1: Parraso|move: Aurora Veil\n|move|p2a: Urshifu|Iron Head|p1a: Ninetales\n|-supereffective|p1a: Ninetales\n|-damage|p1a: Ninetales|49\/100\n|\n|-weather|Snow|[upkeep]\n|upkeep\n|turn|21\n|\n|t:|1699823495\n|move|p1a: Ninetales|Moonblast|p2a: Urshifu\n|-supereffective|p2a: Urshifu\n|-enditem|p2a: Urshifu|Focus Sash\n|-damage|p2a: Urshifu|1\/100\n|move|p2a: Urshifu|Iron Head|p1a: Ninetales\n|-supereffective|p1a: Ninetales\n|-damage|p1a: Ninetales|0 fnt\n|faint|p1a: Ninetales\n|\n|-weather|Snow|[upkeep]\n|upkeep\n|\n|t:|1699823506\n|switch|p1a: Gholdengo|Gholdengo|100\/100\n|turn|22\n|\n|t:|1699823510\n|move|p2a: Urshifu|Wicked Blow|p1a: Gholdengo\n|-supereffective|p1a: Gholdengo\n|-crit|p1a: Gholdengo\n|-damage|p1a: Gholdengo|0 fnt\n|faint|p1a: Gholdengo\n|\n|-weather|Snow|[upkeep]\n|upkeep\n|\n|t:|1699823517\n|switch|p1a: Ursaluna|Ursaluna-Bloodmoon, M|100\/100\n|turn|23\n|\n|t:|1699823521\n|-terastallize|p1a: Ursaluna|Normal\n|move|p2a: Urshifu|Drain Punch|p1a: Ursaluna\n|-supereffective|p1a: Ursaluna\n|-damage|p1a: Ursaluna|75\/100\n|-heal|p2a: Urshifu|16\/100|[from] drain|[of] p1a: Ursaluna\n|move|p1a: Ursaluna|Earth Power|p2a: Urshifu\n|-damage|p2a: Urshifu|0 fnt\n|faint|p2a: Urshifu\n|\n|-weather|Snow|[upkeep]\n|-heal|p1a: Ursaluna|81\/100|[from] item: Leftovers\n|upkeep\n|\n|t:|1699823532\n|switch|p2a: Orbeetle|Orbeetle, M|1\/100\n|turn|24\n|\n|t:|1699823537\n|move|p2a: Orbeetle|Hypnosis|p1a: Ursaluna\n|-status|p1a: Ursaluna|slp|[from] move: Hypnosis\n|cant|p1a: Ursaluna|slp\n|\n|-weather|none\n|-heal|p1a: Ursaluna|87\/100 slp|[from] item: Leftovers\n|upkeep\n|turn|25\n|\n|t:|1699823546\n|move|p2a: Orbeetle|Giga Drain|p1a: Ursaluna\n|-damage|p1a: Ursaluna|78\/100 slp\n|-heal|p2a: Orbeetle|9\/100|[from] drain|[of] p1a: Ursaluna\n|cant|p1a: Ursaluna|slp\n|\n|-heal|p1a: Ursaluna|84\/100 slp|[from] item: Leftovers\n|upkeep\n|turn|26\n|\n|t:|1699823555\n|move|p2a: Orbeetle|Bug Buzz|p1a: Ursaluna\n|-damage|p1a: Ursaluna|55\/100 slp\n|cant|p1a: Ursaluna|slp\n|\n|-heal|p1a: Ursaluna|61\/100 slp|[from] item: Leftovers\n|upkeep\n|turn|27\n|\n|t:|1699823563\n|move|p2a: Orbeetle|Bug Buzz|p1a: Ursaluna\n|-damage|p1a: Ursaluna|37\/100 slp\n|-curestatus|p1a: Ursaluna|slp|[msg]\n|move|p1a: Ursaluna|Blood Moon|p2a: Orbeetle\n|-damage|p2a: Orbeetle|0 fnt\n|faint|p2a: Orbeetle\n|\n|win|Parraso\n|raw|Parraso's rating: 1088 &rarr; <strong>1116<\/strong><br \/>(+28 for winning)\n|raw|JustCallMeX's rating: 1106 &rarr; <strong>1080<\/strong><br \/>(-26 for losing)\n|c|\u2606Parraso|Gg\n","uploadtime":1699823574,"views":9,"p1id":"parraso","p2id":"justcallmex","formatid":"gen9nationaldexubers","rating":1080,"private":0,"password":""}