{"id":"gen9nationaldexubers-1992398168","p1":"aguinaldo124","p2":"wolfpack97531","format":"[Gen 9] National Dex Ubers","log":"|j|\u2606aguinaldo124\n|j|\u2606wolfpack97531\n|t:|1700182924\n|gametype|singles\n|player|p1|aguinaldo124|bruno|1092\n|player|p2|wolfpack97531|170|1110\n|teamsize|p1|6\n|teamsize|p2|6\n|gen|9\n|tier|[Gen 9] National Dex Ubers\n|rated|\n|rule|HP Percentage Mod: HP is shown in percentages\n|rule|Endless Battle Clause: Forcing endless battles is banned\n|rule|OHKO Clause: OHKO moves are banned\n|rule|Evasion Moves Clause: Evasion moves are banned\n|rule|Evasion Items Clause: Evasion items are banned\n|rule|Species Clause: Limit one of each Pok\u00e9mon\n|rule|Sleep Clause Mod: Limit one foe put to sleep\n|rule|Mega Rayquaza Clause: You cannot mega evolve Rayquaza\n|clearpoke\n|poke|p1|Buzzwole|\n|poke|p1|Naganadel|\n|poke|p1|Stakataka|\n|poke|p1|Blacephalon|\n|poke|p1|Kartana|\n|poke|p1|Celesteela|\n|poke|p2|Flutter Mane|\n|poke|p2|Charizard, M|\n|poke|p2|Scizor, F|\n|poke|p2|Dracovish|\n|poke|p2|Boltund, F|\n|poke|p2|Meowscarada, F|\n|teampreview\n|inactive|Battle timer is ON: inactive players will automatically lose when time's up. (requested by aguinaldo124)\n|\n|t:|1700182935\n|start\n|switch|p1a: Naganadel|Naganadel|100\/100\n|switch|p2a: Flutter Mane|Flutter Mane|100\/100\n|-enditem|p2a: Flutter Mane|Booster Energy\n|-activate|p2a: Flutter Mane|ability: Protosynthesis|[fromitem]\n|-start|p2a: Flutter Mane|protosynthesisspe\n|turn|1\n|\n|t:|1700182945\n|-terastallize|p2a: Flutter Mane|Ghost\n|move|p2a: Flutter Mane|Moonblast|p1a: Naganadel\n|-damage|p1a: Naganadel|20\/100\n|move|p1a: Naganadel|Toxic Spikes|p2a: Flutter Mane\n|-sidestart|p2: wolfpack97531|move: Toxic Spikes\n|\n|-heal|p1a: Naganadel|27\/100|[from] item: Leftovers\n|upkeep\n|turn|2\n|\n|t:|1700182955\n|move|p2a: Flutter Mane|Moonblast|p1a: Naganadel\n|-damage|p1a: Naganadel|0 fnt\n|faint|p1a: Naganadel\n|\n|upkeep\n|\n|t:|1700182968\n|switch|p1a: Celesteela|Celesteela|100\/100\n|turn|3\n|\n|t:|1700182974\n|move|p2a: Flutter Mane|Mystical Fire|p1a: Celesteela\n|-supereffective|p1a: Celesteela\n|-damage|p1a: Celesteela|64\/100\n|-unboost|p1a: Celesteela|spa|1\n|move|p1a: Celesteela|Leech Seed|p2a: Flutter Mane\n|-start|p2a: Flutter Mane|move: Leech Seed\n|\n|-heal|p1a: Celesteela|70\/100|[from] item: Leftovers\n|-damage|p2a: Flutter Mane|88\/100|[from] Leech Seed|[of] p1a: Celesteela\n|-heal|p1a: Celesteela|80\/100|[silent]\n|upkeep\n|turn|4\n|\n|t:|1700182985\n|move|p2a: Flutter Mane|Mystical Fire|p1a: Celesteela\n|-supereffective|p1a: Celesteela\n|-damage|p1a: Celesteela|40\/100\n|-unboost|p1a: Celesteela|spa|1\n|move|p1a: Celesteela|Substitute|p1a: Celesteela\n|-start|p1a: Celesteela|Substitute\n|-damage|p1a: Celesteela|15\/100\n|\n|-heal|p1a: Celesteela|21\/100|[from] item: Leftovers\n|-damage|p2a: Flutter Mane|76\/100|[from] Leech Seed|[of] p1a: Celesteela\n|-heal|p1a: Celesteela|30\/100|[silent]\n|upkeep\n|turn|5\n|\n|t:|1700182996\n|move|p1a: Celesteela|Protect|p1a: Celesteela\n|-singleturn|p1a: Celesteela|Protect\n|move|p2a: Flutter Mane|Mystical Fire|p1a: Celesteela\n|-activate|p1a: Celesteela|move: Protect\n|\n|-heal|p1a: Celesteela|37\/100|[from] item: Leftovers\n|-damage|p2a: Flutter Mane|63\/100|[from] Leech Seed|[of] p1a: Celesteela\n|-heal|p1a: Celesteela|46\/100|[silent]\n|upkeep\n|turn|6\n|\n|t:|1700183020\n|move|p2a: Flutter Mane|Mystical Fire|p1a: Celesteela\n|-supereffective|p1a: Celesteela\n|-end|p1a: Celesteela|Substitute\n|move|p1a: Celesteela|Gyro Ball|p2a: Flutter Mane\n|-damage|p2a: Flutter Mane|0 fnt\n|faint|p2a: Flutter Mane\n|-end|p2a: Flutter Mane|Protosynthesis|[silent]\n|-ability|p1a: Celesteela|Beast Boost|boost\n|-boost|p1a: Celesteela|spd|1\n|\n|-heal|p1a: Celesteela|52\/100|[from] item: Leftovers\n|upkeep\n|inactive|wolfpack97531 has 120 seconds left.\n|\n|t:|1700183040\n|switch|p2a: Charizard|Charizard, M|100\/100\n|turn|7\n|\n|t:|1700183047\n|detailschange|p2a: Charizard|Charizard-Mega-Y, M\n|-mega|p2a: Charizard|Charizard|Charizardite Y\n|-weather|SunnyDay|[from] ability: Drought|[of] p2a: Charizard\n|move|p2a: Charizard|Flamethrower|p1a: Celesteela\n|-supereffective|p1a: Celesteela\n|-damage|p1a: Celesteela|0 fnt\n|faint|p1a: Celesteela\n|\n|-weather|SunnyDay|[upkeep]\n|upkeep\n|\n|t:|1700183066\n|switch|p1a: Blacephalon|Blacephalon|100\/100\n|turn|8\n|inactive|wolfpack97531 has 120 seconds left.\n|\n|t:|1700183106\n|move|p1a: Blacephalon|Shadow Ball|p2a: Charizard\n|-damage|p2a: Charizard|48\/100\n|move|p2a: Charizard|Air Slash|p1a: Blacephalon\n|-damage|p1a: Blacephalon|29\/100\n|\n|-weather|SunnyDay|[upkeep]\n|upkeep\n|turn|9\n|inactive|wolfpack97531 has 90 seconds left.\n|\n|t:|1700183146\n|move|p1a: Blacephalon|Shadow Ball|p2a: Charizard\n|-damage|p2a: Charizard|0 fnt\n|faint|p2a: Charizard\n|-ability|p1a: Blacephalon|Beast Boost|boost\n|-boost|p1a: Blacephalon|spa|1\n|\n|-weather|SunnyDay|[upkeep]\n|upkeep\n|\n|t:|1700183155\n|switch|p2a: Boltund|Boltund, F|100\/100\n|-status|p2a: Boltund|psn\n|turn|10\n|\n|t:|1700183161\n|move|p1a: Blacephalon|Shadow Ball|p2a: Boltund\n|-damage|p2a: Boltund|0 fnt\n|faint|p2a: Boltund\n|-ability|p1a: Blacephalon|Beast Boost|boost\n|-boost|p1a: Blacephalon|spa|1\n|\n|-weather|SunnyDay|[upkeep]\n|upkeep\n|\n|t:|1700183168\n|switch|p2a: Meowscarada|Meowscarada, F|100\/100\n|-status|p2a: Meowscarada|psn\n|turn|11\n|\n|t:|1700183172\n|move|p1a: Blacephalon|Shadow Ball|p2a: Meowscarada\n|-resisted|p2a: Meowscarada\n|-damage|p2a: Meowscarada|22\/100 psn\n|move|p2a: Meowscarada|Foul Play|p1a: Blacephalon\n|-start|p2a: Meowscarada|typechange|Dark|[from] ability: Protean\n|-supereffective|p1a: Blacephalon\n|-damage|p1a: Blacephalon|0 fnt\n|faint|p1a: Blacephalon\n|\n|-weather|none\n|-damage|p2a: Meowscarada|9\/100 psn|[from] psn\n|upkeep\n|\n|t:|1700183186\n|switch|p1a: Kartana|Kartana|100\/100\n|turn|12\n|\n|t:|1700183191\n|move|p2a: Meowscarada|Foul Play|p1a: Kartana\n|-damage|p1a: Kartana|0 fnt\n|faint|p1a: Kartana\n|\n|-damage|p2a: Meowscarada|0 fnt|[from] psn\n|faint|p2a: Meowscarada\n|upkeep\n|\n|t:|1700183206\n|switch|p2a: Dracovish|Dracovish|100\/100\n|switch|p1a: Stakataka|Stakataka|100\/100\n|-status|p2a: Dracovish|psn\n|-item|p1a: Stakataka|Air Balloon\n|turn|13\n|\n|t:|1700183216\n|-terastallize|p1a: Stakataka|Ghost\n|move|p2a: Dracovish|Fishious Rend|p1a: Stakataka\n|-damage|p1a: Stakataka|44\/100\n|-enditem|p1a: Stakataka|Air Balloon\n|move|p1a: Stakataka|Iron Defense|p1a: Stakataka\n|-boost|p1a: Stakataka|def|2\n|\n|-damage|p2a: Dracovish|88\/100 psn|[from] psn\n|upkeep\n|turn|14\n|\n|t:|1700183228\n|move|p2a: Dracovish|Fishious Rend|p1a: Stakataka\n|-damage|p1a: Stakataka|16\/100\n|move|p1a: Stakataka|Body Press|p2a: Dracovish\n|-damage|p2a: Dracovish|0 fnt\n|faint|p2a: Dracovish\n|-ability|p1a: Stakataka|Beast Boost|boost\n|-boost|p1a: Stakataka|def|1\n|\n|upkeep\n|\n|t:|1700183237\n|switch|p2a: Scizor|Scizor, F|100\/100\n|turn|15\n|\n|t:|1700183242\n|move|p2a: Scizor|Brutal Swing|p1a: Stakataka\n|-supereffective|p1a: Stakataka\n|-damage|p1a: Stakataka|1\/100\n|move|p1a: Stakataka|Body Press|p2a: Scizor\n|-damage|p2a: Scizor|0 fnt\n|faint|p2a: Scizor\n|\n|win|aguinaldo124\n|raw|aguinaldo124's rating: 1092 &rarr; <strong>1120<\/strong><br \/>(+28 for winning)\n|raw|wolfpack97531's rating: 1110 &rarr; <strong>1084<\/strong><br \/>(-26 for losing)\n|l|\u2606wolfpack97531\n|c|\u2606aguinaldo124|Gg\n","uploadtime":1700183256,"views":11,"p1id":"aguinaldo124","p2id":"wolfpack97531","formatid":"gen9nationaldexubers","rating":1084,"private":0,"password":""}