{"id":"gen9nationaldexubers-1989694853","p1":"vailorn","p2":"longtoudis","format":"[Gen 9] National Dex Ubers","log":"|j|\u2606vailorn\n|j|\u2606longtoudis\n|t:|1699887617\n|gametype|singles\n|player|p1|vailorn|rood|1390\n|player|p2|longtoudis|korrina|1469\n|teamsize|p1|6\n|teamsize|p2|6\n|gen|9\n|tier|[Gen 9] National Dex Ubers\n|rated|\n|rule|HP Percentage Mod: HP is shown in percentages\n|rule|Endless Battle Clause: Forcing endless battles is banned\n|rule|OHKO Clause: OHKO moves are banned\n|rule|Evasion Moves Clause: Evasion moves are banned\n|rule|Evasion Items Clause: Evasion items are banned\n|rule|Species Clause: Limit one of each Pok\u00e9mon\n|rule|Sleep Clause Mod: Limit one foe put to sleep\n|rule|Mega Rayquaza Clause: You cannot mega evolve Rayquaza\n|clearpoke\n|poke|p1|Giratina|\n|poke|p1|Dondozo, F|\n|poke|p1|Chansey, F|\n|poke|p1|Tyranitar, F|\n|poke|p1|Ho-Oh|\n|poke|p1|Mewtwo|\n|poke|p2|Reshiram|\n|poke|p2|Kyurem-Black|\n|poke|p2|Melmetal|\n|poke|p2|Arceus|\n|poke|p2|Zygarde|\n|poke|p2|Calyrex-Ice|\n|teampreview\n|\n|t:|1699887628\n|start\n|switch|p1a: Tyranitar|Tyranitar, F, shiny|100\/100\n|switch|p2a: Melmetal|Melmetal|100\/100\n|-weather|Sandstorm|[from] ability: Sand Stream|[of] p1a: Tyranitar\n|turn|1\n|\n|t:|1699887653\n|switch|p1a: Ho-Oh|Ho-Oh, shiny|100\/100\n|move|p2a: Melmetal|Double Iron Bash|p1a: Ho-Oh\n|-resisted|p1a: Ho-Oh\n|-damage|p1a: Ho-Oh|80\/100\n|-resisted|p1a: Ho-Oh\n|-damage|p1a: Ho-Oh|57\/100\n|-hitcount|p1a: Ho-Oh|2\n|\n|-weather|Sandstorm|[upkeep]\n|-damage|p1a: Ho-Oh|51\/100|[from] Sandstorm\n|upkeep\n|turn|2\n|\n|t:|1699887665\n|move|p1a: Ho-Oh|Sacred Fire|p2a: Melmetal\n|-supereffective|p2a: Melmetal\n|-damage|p2a: Melmetal|56\/100\n|move|p2a: Melmetal|Double Iron Bash|p1a: Ho-Oh\n|-resisted|p1a: Ho-Oh\n|-damage|p1a: Ho-Oh|31\/100\n|-resisted|p1a: Ho-Oh\n|-damage|p1a: Ho-Oh|8\/100\n|-hitcount|p1a: Ho-Oh|2\n|\n|-weather|Sandstorm|[upkeep]\n|-damage|p1a: Ho-Oh|2\/100|[from] Sandstorm\n|upkeep\n|turn|3\n|\n|t:|1699887677\n|switch|p2a: Arceus|Arceus|100\/100\n|move|p1a: Ho-Oh|Sacred Fire|p2a: Arceus\n|-damage|p2a: Arceus|70\/100\n|-status|p2a: Arceus|brn\n|\n|-weather|Sandstorm|[upkeep]\n|-damage|p2a: Arceus|64\/100 brn|[from] Sandstorm\n|-damage|p1a: Ho-Oh|0 fnt|[from] Sandstorm\n|faint|p1a: Ho-Oh\n|-damage|p2a: Arceus|58\/100 brn|[from] brn\n|upkeep\n|\n|t:|1699887701\n|switch|p1a: Tyranitar|Tyranitar, F, shiny|100\/100\n|turn|4\n|\n|t:|1699887708\n|detailschange|p1a: Tyranitar|Tyranitar-Mega, F, shiny\n|-mega|p1a: Tyranitar|Tyranitar|Tyranitarite\n|move|p1a: Tyranitar|Stealth Rock|p2a: Arceus\n|-sidestart|p2: longtoudis|move: Stealth Rock\n|move|p2a: Arceus|Trick Room|p2a: Arceus\n|-fieldstart|move: Trick Room|[of] p2a: Arceus\n|\n|-weather|Sandstorm|[upkeep]\n|-damage|p2a: Arceus|52\/100 brn|[from] Sandstorm\n|-damage|p2a: Arceus|46\/100 brn|[from] brn\n|upkeep\n|turn|5\n|\n|t:|1699887720\n|move|p1a: Tyranitar|Knock Off|p2a: Arceus\n|-damage|p2a: Arceus|13\/100 brn\n|-enditem|p2a: Arceus|Heavy-Duty Boots|[from] move: Knock Off|[of] p1a: Tyranitar\n|move|p2a: Arceus|Healing Wish|p2a: Arceus\n|faint|p2a: Arceus\n|\n|-weather|none\n|upkeep\n|\n|t:|1699887728\n|switch|p2a: Melmetal|Melmetal|56\/100\n|-heal|p2a: Melmetal|100\/100|[from] move: Healing Wish\n|-damage|p2a: Melmetal|94\/100|[from] Stealth Rock\n|turn|6\n|\n|t:|1699887746\n|switch|p1a: Dondozo|Dondozo, F, shiny|100\/100\n|move|p2a: Melmetal|Double Iron Bash|p1a: Dondozo\n|-resisted|p1a: Dondozo\n|-damage|p1a: Dondozo|85\/100\n|-resisted|p1a: Dondozo\n|-damage|p1a: Dondozo|71\/100\n|-hitcount|p1a: Dondozo|2\n|\n|-heal|p1a: Dondozo|77\/100|[from] item: Leftovers\n|upkeep\n|turn|7\n|\n|t:|1699887763\n|move|p2a: Melmetal|Double Iron Bash|p1a: Dondozo\n|-resisted|p1a: Dondozo\n|-damage|p1a: Dondozo|63\/100\n|-resisted|p1a: Dondozo\n|-damage|p1a: Dondozo|48\/100\n|-hitcount|p1a: Dondozo|2\n|cant|p1a: Dondozo|flinch\n|\n|-heal|p1a: Dondozo|54\/100|[from] item: Leftovers\n|upkeep\n|turn|8\n|\n|t:|1699887772\n|move|p2a: Melmetal|Double Iron Bash|p1a: Dondozo\n|-resisted|p1a: Dondozo\n|-damage|p1a: Dondozo|39\/100\n|-resisted|p1a: Dondozo\n|-damage|p1a: Dondozo|23\/100\n|-hitcount|p1a: Dondozo|2\n|cant|p1a: Dondozo|flinch\n|\n|-heal|p1a: Dondozo|29\/100|[from] item: Leftovers\n|-fieldend|move: Trick Room\n|upkeep\n|turn|9\n|\n|t:|1699887782\n|switch|p2a: Reshiram|Reshiram|100\/100\n|-damage|p2a: Reshiram|76\/100|[from] Stealth Rock\n|-ability|p2a: Reshiram|Turboblaze\n|move|p1a: Dondozo|Rest|p1a: Dondozo\n|-status|p1a: Dondozo|slp|[from] move: Rest\n|-heal|p1a: Dondozo|100\/100 slp|[silent]\n|\n|upkeep\n|turn|10\n|\n|t:|1699887795\n|switch|p1a: Tyranitar|Tyranitar-Mega, F, shiny|100\/100\n|-weather|Sandstorm|[from] ability: Sand Stream|[of] p1a: Tyranitar\n|move|p2a: Reshiram|Draco Meteor|p1a: Tyranitar\n|-damage|p1a: Tyranitar|59\/100\n|-unboost|p2a: Reshiram|spa|2\n|-damage|p2a: Reshiram|66\/100|[from] item: Life Orb\n|\n|-weather|Sandstorm|[upkeep]\n|-damage|p2a: Reshiram|59\/100|[from] Sandstorm\n|upkeep\n|turn|11\n|\n|t:|1699887808\n|move|p2a: Reshiram|Outrage|p1a: Tyranitar\n|-crit|p1a: Tyranitar\n|-damage|p1a: Tyranitar|5\/100\n|-damage|p2a: Reshiram|49\/100|[from] item: Life Orb\n|move|p1a: Tyranitar|Knock Off|p2a: Reshiram\n|-damage|p2a: Reshiram|0 fnt\n|-enditem|p2a: Reshiram|Life Orb|[from] move: Knock Off|[of] p1a: Tyranitar\n|faint|p2a: Reshiram\n|\n|-weather|Sandstorm|[upkeep]\n|upkeep\n|\n|t:|1699887822\n|switch|p2a: Kyurem|Kyurem-Black|100\/100\n|-damage|p2a: Kyurem|76\/100|[from] Stealth Rock\n|-ability|p2a: Kyurem|Teravolt\n|turn|12\n|\n|t:|1699887829\n|switch|p1a: Chansey|Chansey, F, shiny|100\/100\n|move|p2a: Kyurem|Scale Shot|p1a: Chansey\n|-damage|p1a: Chansey|87\/100\n|-damage|p1a: Chansey|74\/100\n|-damage|p1a: Chansey|61\/100\n|-damage|p1a: Chansey|48\/100\n|-crit|p1a: Chansey\n|-damage|p1a: Chansey|28\/100\n|-hitcount|p1a: Chansey|5\n|-unboost|p2a: Kyurem|def|1\n|-boost|p2a: Kyurem|spe|1\n|\n|-weather|Sandstorm|[upkeep]\n|-damage|p2a: Kyurem|70\/100|[from] Sandstorm\n|-damage|p1a: Chansey|22\/100|[from] Sandstorm\n|upkeep\n|turn|13\n|\n|t:|1699887844\n|switch|p1a: Tyranitar|Tyranitar-Mega, F, shiny|5\/100\n|move|p2a: Kyurem|Fusion Bolt|p1a: Tyranitar\n|-damage|p1a: Tyranitar|0 fnt\n|faint|p1a: Tyranitar\n|\n|-weather|Sandstorm|[upkeep]\n|-damage|p2a: Kyurem|63\/100|[from] Sandstorm\n|upkeep\n|\n|t:|1699887855\n|switch|p1a: Mewtwo|Mewtwo, shiny|100\/100\n|-ability|p1a: Mewtwo|Pressure\n|turn|14\n|\n|t:|1699887867\n|switch|p2a: Melmetal|Melmetal|94\/100\n|-damage|p2a: Melmetal|88\/100|[from] Stealth Rock\n|move|p1a: Mewtwo|Psystrike|p2a: Melmetal\n|-resisted|p2a: Melmetal\n|-damage|p2a: Melmetal|76\/100\n|\n|-weather|none\n|upkeep\n|turn|15\n|\n|t:|1699887877\n|move|p1a: Mewtwo|Will-O-Wisp|p2a: Melmetal\n|-status|p2a: Melmetal|brn\n|move|p2a: Melmetal|Thunder Punch|p1a: Mewtwo\n|-damage|p1a: Mewtwo|76\/100\n|-status|p1a: Mewtwo|par\n|-damage|p2a: Melmetal|59\/100 brn|[from] item: Rocky Helmet|[of] p1a: Mewtwo\n|\n|-damage|p2a: Melmetal|53\/100 brn|[from] brn\n|upkeep\n|turn|16\n|\n|t:|1699887888\n|move|p1a: Mewtwo|Foul Play|p2a: Melmetal\n|-damage|p2a: Melmetal|32\/100 brn\n|move|p2a: Melmetal|Thunder Punch|p1a: Mewtwo\n|-damage|p1a: Mewtwo|50\/100 par\n|-damage|p2a: Melmetal|15\/100 brn|[from] item: Rocky Helmet|[of] p1a: Mewtwo\n|\n|-damage|p2a: Melmetal|9\/100 brn|[from] brn\n|upkeep\n|turn|17\n|\n|t:|1699887900\n|cant|p1a: Mewtwo|par\n|move|p2a: Melmetal|Thunder Punch|p1a: Mewtwo\n|-damage|p1a: Mewtwo|27\/100 par\n|-damage|p2a: Melmetal|0 fnt|[from] item: Rocky Helmet|[of] p1a: Mewtwo\n|faint|p2a: Melmetal\n|\n|upkeep\n|\n|t:|1699887908\n|switch|p2a: Kyurem|Kyurem-Black|63\/100\n|-damage|p2a: Kyurem|39\/100|[from] Stealth Rock\n|-ability|p2a: Kyurem|Teravolt\n|turn|18\n|\n|t:|1699887915\n|move|p2a: Kyurem|Icicle Spear|p1a: Mewtwo\n|-damage|p1a: Mewtwo|13\/100 par\n|-crit|p1a: Mewtwo\n|-damage|p1a: Mewtwo|0 fnt\n|faint|p1a: Mewtwo\n|-hitcount|p1: Mewtwo|2\n|\n|upkeep\n|\n|t:|1699887929\n|switch|p1a: Giratina|Giratina, shiny|100\/100\n|-ability|p1a: Giratina|Pressure\n|turn|19\n|\n|t:|1699887935\n|move|p2a: Kyurem|Icicle Spear|p1a: Giratina\n|-supereffective|p1a: Giratina\n|-damage|p1a: Giratina|86\/100\n|-supereffective|p1a: Giratina\n|-damage|p1a: Giratina|71\/100\n|-supereffective|p1a: Giratina\n|-damage|p1a: Giratina|54\/100\n|-supereffective|p1a: Giratina\n|-damage|p1a: Giratina|39\/100\n|-supereffective|p1a: Giratina\n|-damage|p1a: Giratina|24\/100\n|-hitcount|p1a: Giratina|5\n|move|p1a: Giratina|Dragon Tail|p2a: Kyurem\n|-supereffective|p2a: Kyurem\n|-damage|p2a: Kyurem|0 fnt\n|faint|p2a: Kyurem\n|\n|-heal|p1a: Giratina|30\/100|[from] item: Leftovers\n|upkeep\n|\n|t:|1699887950\n|switch|p2a: Zygarde|Zygarde|100\/100\n|-damage|p2a: Zygarde|94\/100|[from] Stealth Rock\n|turn|20\n|\n|t:|1699887958\n|move|p2a: Zygarde|Thousand Arrows|p1a: Giratina\n|-damage|p1a: Giratina|11\/100\n|move|p1a: Giratina|Toxic|p2a: Zygarde|[miss]\n|-miss|p1a: Giratina|p2a: Zygarde\n|\n|-heal|p2a: Zygarde|100\/100|[from] item: Leftovers\n|-heal|p1a: Giratina|17\/100|[from] item: Leftovers\n|upkeep\n|turn|21\n|c|\u2606vailorn|crazy miss\n|\n|t:|1699887967\n|move|p2a: Zygarde|Thousand Arrows|p1a: Giratina\n|-damage|p1a: Giratina|0 fnt\n|faint|p1a: Giratina\n|\n|upkeep\n|\n|t:|1699887971\n|switch|p1a: Dondozo|Dondozo, F, shiny|100\/100 slp\n|turn|22\n|\n|t:|1699887977\n|switch|p2a: Calyrex|Calyrex-Ice|100\/100\n|-ability|p2a: Calyrex|As One\n|-ability|p2a: Calyrex|Unnerve\n|-damage|p2a: Calyrex|76\/100|[from] Stealth Rock\n|cant|p1a: Dondozo|slp\n|\n|upkeep\n|turn|23\n|\n|t:|1699887988\n|move|p2a: Calyrex|Seed Bomb|p1a: Dondozo\n|-supereffective|p1a: Dondozo\n|-damage|p1a: Dondozo|61\/100 slp\n|cant|p1a: Dondozo|slp\n|\n|-heal|p1a: Dondozo|67\/100 slp|[from] item: Leftovers\n|upkeep\n|turn|24\n|\n|t:|1699888001\n|-terastallize|p1a: Dondozo|Fairy\n|move|p2a: Calyrex|Seed Bomb|p1a: Dondozo\n|-damage|p1a: Dondozo|51\/100 slp\n|-curestatus|p1a: Dondozo|slp|[msg]\n|move|p1a: Dondozo|Curse|p1a: Dondozo\n|-unboost|p1a: Dondozo|spe|1\n|-boost|p1a: Dondozo|atk|1\n|-boost|p1a: Dondozo|def|1\n|\n|-heal|p1a: Dondozo|57\/100|[from] item: Leftovers\n|upkeep\n|turn|25\n|\n|t:|1699888014\n|move|p2a: Calyrex|Glacial Lance|p1a: Dondozo\n|-damage|p1a: Dondozo|33\/100\n|move|p1a: Dondozo|Curse|p1a: Dondozo\n|-unboost|p1a: Dondozo|spe|1\n|-boost|p1a: Dondozo|atk|1\n|-boost|p1a: Dondozo|def|1\n|\n|-heal|p1a: Dondozo|40\/100|[from] item: Leftovers\n|upkeep\n|turn|26\n|\n|t:|1699888025\n|move|p2a: Calyrex|Glacial Lance|p1a: Dondozo\n|-damage|p1a: Dondozo|20\/100\n|move|p1a: Dondozo|Rest|p1a: Dondozo\n|-status|p1a: Dondozo|slp|[from] move: Rest\n|-heal|p1a: Dondozo|100\/100 slp|[silent]\n|\n|upkeep\n|turn|27\n|\n|t:|1699888032\n|move|p2a: Calyrex|Glacial Lance|p1a: Dondozo\n|-damage|p1a: Dondozo|82\/100 slp\n|cant|p1a: Dondozo|slp\n|\n|-heal|p1a: Dondozo|89\/100 slp|[from] item: Leftovers\n|upkeep\n|turn|28\n|\n|t:|1699888040\n|move|p2a: Calyrex|Seed Bomb|p1a: Dondozo\n|-damage|p1a: Dondozo|80\/100 slp\n|cant|p1a: Dondozo|slp\n|\n|-heal|p1a: Dondozo|87\/100 slp|[from] item: Leftovers\n|upkeep\n|turn|29\n|c|\u2606longtoudis|gg\n|\n|t:|1699888050\n|move|p2a: Calyrex|Glacial Lance|p1a: Dondozo\n|-damage|p1a: Dondozo|68\/100 slp\n|-curestatus|p1a: Dondozo|slp|[msg]\n|move|p1a: Dondozo|Curse|p1a: Dondozo\n|-unboost|p1a: Dondozo|spe|1\n|-boost|p1a: Dondozo|atk|1\n|-boost|p1a: Dondozo|def|1\n|\n|-heal|p1a: Dondozo|74\/100|[from] item: Leftovers\n|upkeep\n|turn|30\n|-message|longtoudis forfeited.\n|\n|win|vailorn\n|raw|vailorn's rating: 1390 &rarr; <strong>1414<\/strong><br \/>(+24 for winning)\n|raw|longtoudis's rating: 1469 &rarr; <strong>1445<\/strong><br \/>(-24 for losing)\n|l|\u2606longtoudis\n|c|\u2606vailorn|gg\n","uploadtime":1699888060,"views":7,"p1id":"vailorn","p2id":"longtoudis","formatid":"gen9nationaldexubers","rating":1414,"private":0,"password":""}