{"id":"gen9nationaldexubers-1983258627","p1":"Zoro#3904","p2":"85792195wwww","format":"[Gen 9] National Dex Ubers","log":"|j|\u2606Zoro#3904\n|j|\u260685792195wwww\n|t:|1699111349\n|gametype|singles\n|player|p1|Zoro#3904|blue|1555\n|player|p2|85792195wwww|102|1859\n|teamsize|p1|6\n|teamsize|p2|6\n|gen|9\n|tier|[Gen 9] National Dex Ubers\n|rated|\n|rule|HP Percentage Mod: HP is shown in percentages\n|rule|Endless Battle Clause: Forcing endless battles is banned\n|rule|OHKO Clause: OHKO moves are banned\n|rule|Evasion Moves Clause: Evasion moves are banned\n|rule|Evasion Items Clause: Evasion items are banned\n|rule|Species Clause: Limit one of each Pok\u00e9mon\n|rule|Sleep Clause Mod: Limit one foe put to sleep\n|rule|Mega Rayquaza Clause: You cannot mega evolve Rayquaza\n|clearpoke\n|poke|p1|Kyogre|\n|poke|p1|Zygarde|\n|poke|p1|Flutter Mane|\n|poke|p1|Ho-Oh|\n|poke|p1|Groudon|\n|poke|p1|Zacian-*|\n|poke|p2|Arceus|\n|poke|p2|Xerneas-*|\n|poke|p2|Groudon|\n|poke|p2|Zacian-*|\n|poke|p2|Samurott-Hisui, M|\n|poke|p2|Rayquaza|\n|teampreview\n|c|\u2606Zoro#3904|god damn\n|c|\u2606Zoro#3904|your elo\n|\n|t:|1699111376\n|start\n|switch|p1a: Flutter Mane|Flutter Mane|100\/100\n|switch|p2a: Samurott|Samurott-Hisui, M|100\/100\n|turn|1\n|c|\u2606Zoro#3904|top 10\n|c|\u2606Zoro#3904|gl hf\n|\n|t:|1699111398\n|move|p1a: Flutter Mane|Moonblast|p2a: Samurott\n|-supereffective|p2a: Samurott\n|-enditem|p2a: Samurott|Focus Sash\n|-damage|p2a: Samurott|1\/100\n|-unboost|p2a: Samurott|spa|1\n|move|p2a: Samurott|Ceaseless Edge|p1a: Flutter Mane\n|-damage|p1a: Flutter Mane|0 fnt\n|-sidestart|p1: Zoro#3904|Spikes\n|faint|p1a: Flutter Mane\n|-end|p1a: Flutter Mane|Protosynthesis|[silent]\n|\n|upkeep\n|\n|t:|1699111411\n|switch|p1a: Groudon|Groudon|100\/100\n|-damage|p1a: Groudon|88\/100|[from] Spikes\n|detailschange|p1a: Groudon|Groudon-Primal\n|-primal|p1a: Groudon|Red Orb\n|-weather|DesolateLand|[from] ability: Desolate Land|[of] p1a: Groudon\n|turn|2\n|\n|t:|1699111421\n|move|p2a: Samurott|Ceaseless Edge|p1a: Groudon\n|-damage|p1a: Groudon|60\/100\n|-sidestart|p1: Zoro#3904|Spikes\n|move|p1a: Groudon|Stealth Rock|p2a: Samurott\n|-sidestart|p2: 85792195wwww|move: Stealth Rock\n|\n|-weather|DesolateLand|[upkeep]\n|upkeep\n|turn|3\n|\n|t:|1699111428\n|move|p2a: Samurott|Encore|p1a: Groudon\n|-start|p1a: Groudon|Encore\n|move|p1a: Groudon|Stealth Rock||[still]\n|-fail|p1a: Groudon\n|\n|-weather|DesolateLand|[upkeep]\n|upkeep\n|turn|4\n|\n|t:|1699111436\n|-weather|none\n|switch|p1a: Ho-Oh|Ho-Oh|100\/100\n|move|p2a: Samurott|Razor Shell|p1a: Ho-Oh\n|-supereffective|p1a: Ho-Oh\n|-damage|p1a: Ho-Oh|22\/100\n|\n|upkeep\n|turn|5\n|\n|t:|1699111446\n|switch|p1a: Groudon|Groudon-Primal|60\/100\n|-damage|p1a: Groudon|44\/100|[from] Spikes\n|-weather|DesolateLand|[from] ability: Desolate Land|[of] p1a: Groudon\n|move|p2a: Samurott|Ceaseless Edge|p1a: Groudon\n|-damage|p1a: Groudon|16\/100\n|-sidestart|p1: Zoro#3904|Spikes\n|\n|-weather|DesolateLand|[upkeep]\n|upkeep\n|turn|6\n|c|\u2606Zoro#3904|damn\n|\n|t:|1699111459\n|move|p2a: Samurott|Ceaseless Edge|p1a: Groudon\n|-damage|p1a: Groudon|0 fnt\n|faint|p1a: Groudon\n|-weather|none\n|\n|upkeep\n|\n|t:|1699111467\n|switch|p1a: Ho-Oh|Ho-Oh|56\/100\n|turn|7\n|\n|t:|1699111472\n|-terastallize|p1a: Ho-Oh|Fairy\n|move|p2a: Samurott|Razor Shell|p1a: Ho-Oh\n|-damage|p1a: Ho-Oh|15\/100\n|move|p1a: Ho-Oh|Defog|p2a: Samurott\n|-unboost|p2a: Samurott|evasion|1\n|-sideend|p2: 85792195wwww|Stealth Rock|[from] move: Defog|[of] p1a: Ho-Oh\n|-sideend|p1: Zoro#3904|Spikes|[from] move: Defog|[of] p1a: Ho-Oh\n|\n|upkeep\n|turn|8\n|\n|t:|1699111482\n|move|p2a: Samurott|Ceaseless Edge|p1a: Ho-Oh|[miss]\n|-miss|p2a: Samurott|p1a: Ho-Oh\n|move|p1a: Ho-Oh|Sacred Fire|p2a: Samurott\n|-resisted|p2a: Samurott\n|-damage|p2a: Samurott|0 fnt\n|faint|p2a: Samurott\n|\n|upkeep\n|\n|t:|1699111493\n|switch|p2a: Rayquaza|Rayquaza|100\/100\n|-ability|p2a: Rayquaza|Air Lock\n|turn|9\n|\n|t:|1699111504\n|move|p2a: Rayquaza|Dragon Ascent|p1a: Ho-Oh\n|-damage|p1a: Ho-Oh|0 fnt\n|-unboost|p2a: Rayquaza|def|1\n|-unboost|p2a: Rayquaza|spd|1\n|faint|p1a: Ho-Oh\n|\n|upkeep\n|\n|t:|1699111512\n|switch|p1a: Kyogre|Kyogre|100\/100\n|detailschange|p1a: Kyogre|Kyogre-Primal\n|-primal|p1a: Kyogre|Blue Orb\n|-weather|PrimordialSea|[from] ability: Primordial Sea|[of] p1a: Kyogre\n|turn|10\n|\n|t:|1699111519\n|switch|p2a: Zacian|Zacian-Crowned|100\/100\n|-ability|p2a: Zacian|Intrepid Sword|boost\n|-boost|p2a: Zacian|atk|1\n|move|p1a: Kyogre|Origin Pulse|p2a: Zacian\n|-damage|p2a: Zacian|17\/100\n|\n|-weather|PrimordialSea|[upkeep]\n|upkeep\n|turn|11\n|\n|t:|1699111529\n|move|p2a: Zacian|Wild Charge|p1a: Kyogre\n|-supereffective|p1a: Kyogre\n|-crit|p1a: Kyogre\n|-damage|p1a: Kyogre|0 fnt\n|faint|p1a: Kyogre\n|-weather|none\n|-damage|p2a: Zacian|0 fnt|[from] Recoil\n|faint|p2a: Zacian\n|\n|upkeep\n|\n|t:|1699111538\n|switch|p2a: Arceus|Arceus|100\/100\n|switch|p1a: Zacian|Zacian-Crowned|100\/100\n|-ability|p1a: Zacian|Intrepid Sword|boost\n|-boost|p1a: Zacian|atk|1\n|turn|12\n|\n|t:|1699111548\n|switch|p1a: Zygarde|Zygarde, shiny|100\/100\n|move|p2a: Arceus|Earthquake|p1a: Zygarde\n|-damage|p1a: Zygarde|77\/100\n|-damage|p2a: Arceus|91\/100|[from] item: Life Orb\n|\n|-heal|p1a: Zygarde|83\/100|[from] item: Leftovers\n|upkeep\n|turn|13\n|\n|t:|1699111567\n|move|p2a: Arceus|Swords Dance|p2a: Arceus\n|-boost|p2a: Arceus|atk|2\n|move|p1a: Zygarde|Thousand Waves|p2a: Arceus\n|-crit|p2a: Arceus\n|-damage|p2a: Arceus|57\/100\n|-activate|p2a: Arceus|trapped\n|\n|-heal|p1a: Zygarde|89\/100|[from] item: Leftovers\n|upkeep\n|turn|14\n|\n|t:|1699111579\n|move|p2a: Arceus|Extreme Speed|p1a: Zygarde\n|-damage|p1a: Zygarde|28\/100\n|-damage|p2a: Arceus|47\/100|[from] item: Life Orb\n|move|p1a: Zygarde|Toxic|p2a: Arceus|[miss]\n|-miss|p1a: Zygarde|p2a: Arceus\n|\n|-heal|p1a: Zygarde|34\/100|[from] item: Leftovers\n|-activate|p1a: Zygarde|ability: Power Construct\n|detailschange|p1a: Zygarde|Zygarde-Complete, shiny\n|-heal|p1a: Zygarde|57\/100|[silent]\n|upkeep\n|turn|15\n|\n|t:|1699111593\n|move|p2a: Arceus|Extreme Speed|p1a: Zygarde\n|-damage|p1a: Zygarde|15\/100\n|-damage|p2a: Arceus|37\/100|[from] item: Life Orb\n|move|p1a: Zygarde|Thousand Arrows|p2a: Arceus\n|-damage|p2a: Arceus|15\/100\n|\n|-heal|p1a: Zygarde|21\/100|[from] item: Leftovers\n|upkeep\n|turn|16\n|\n|t:|1699111611\n|move|p2a: Arceus|Extreme Speed|p1a: Zygarde\n|-damage|p1a: Zygarde|0 fnt\n|faint|p1a: Zygarde\n|-damage|p2a: Arceus|5\/100|[from] item: Life Orb\n|\n|upkeep\n|\n|t:|1699111614\n|switch|p1a: Zacian|Zacian-Crowned|100\/100\n|turn|17\n|\n|t:|1699111621\n|move|p1a: Zacian|Behemoth Blade|p2a: Arceus\n|-damage|p2a: Arceus|0 fnt\n|faint|p2a: Arceus\n|\n|upkeep\n|\n|t:|1699111627\n|switch|p2a: Groudon|Groudon|100\/100\n|detailschange|p2a: Groudon|Groudon-Primal\n|-primal|p2a: Groudon|Red Orb\n|-weather|DesolateLand|[from] ability: Desolate Land|[of] p2a: Groudon\n|turn|18\n|c|\u2606Zoro#3904|gg\n|\n|t:|1699111633\n|move|p1a: Zacian|Behemoth Blade|p2a: Groudon\n|-resisted|p2a: Groudon\n|-damage|p2a: Groudon|84\/100\n|move|p2a: Groudon|Heat Crash|p1a: Zacian\n|-supereffective|p1a: Zacian\n|-crit|p1a: Zacian\n|-damage|p1a: Zacian|0 fnt\n|faint|p1a: Zacian\n|\n|win|85792195wwww\n|raw|Zoro#3904's rating: 1555 &rarr; <strong>1549<\/strong><br \/>(-6 for losing)\n|raw|85792195wwww's rating: 1859 &rarr; <strong>1865<\/strong><br \/>(+6 for winning)\n|l|\u2606Zoro#3904\n","uploadtime":1699111645,"views":7,"p1id":"zoro3904","p2id":"85792195wwww","formatid":"gen9nationaldexubers","rating":1549,"private":0,"password":""}