{"id":"gen9nationaldexubers-1978291179","p1":"kurokodora","p2":"the manp98uj","format":"[Gen 9] National Dex Ubers","log":"|j|\u2606kurokodora\n|j|\u2606the manp98uj\n|t:|1698521548\n|gametype|singles\n|player|p1|kurokodora|veteran|1053\n|player|p2|the manp98uj|crasherwake|1093\n|teamsize|p1|6\n|teamsize|p2|6\n|gen|9\n|tier|[Gen 9] National Dex Ubers\n|rated|\n|rule|HP Percentage Mod: HP is shown in percentages\n|rule|Endless Battle Clause: Forcing endless battles is banned\n|rule|OHKO Clause: OHKO moves are banned\n|rule|Evasion Moves Clause: Evasion moves are banned\n|rule|Evasion Items Clause: Evasion items are banned\n|rule|Species Clause: Limit one of each Pok\u00e9mon\n|rule|Sleep Clause Mod: Limit one foe put to sleep\n|rule|Mega Rayquaza Clause: You cannot mega evolve Rayquaza\n|clearpoke\n|poke|p1|Glimmora, F|\n|poke|p1|Cursola, F|\n|poke|p1|Quaquaval, M|\n|poke|p1|Shiftry, M|\n|poke|p1|Haxorus, M|\n|poke|p1|Charizard, M|\n|poke|p2|Haxorus, M|\n|poke|p2|Goodra-Hisui, M|\n|poke|p2|Aegislash, M|\n|poke|p2|Metagross|\n|poke|p2|Darkrai|\n|poke|p2|Blastoise, F|\n|teampreview\n|inactive|Battle timer is ON: inactive players will automatically lose when time's up. (requested by the manp98uj)\n|\n|t:|1698521553\n|start\n|switch|p1a: Glimmora|Glimmora, F|100\/100\n|switch|p2a: Haxorus|Haxorus, M, shiny|100\/100\n|-ability|p2a: Haxorus|Mold Breaker\n|turn|1\n|\n|t:|1698521569\n|move|p2a: Haxorus|Earthquake|p1a: Glimmora\n|-supereffective|p1a: Glimmora\n|-enditem|p1a: Glimmora|Shuca Berry|[eat]\n|-enditem|p1a: Glimmora|Shuca Berry|[weaken]\n|-damage|p1a: Glimmora|0 fnt\n|-activate|p1a: Glimmora|ability: Toxic Debris\n|-sidestart|p2: the manp98uj|move: Toxic Spikes\n|faint|p1a: Glimmora\n|\n|upkeep\n|\n|t:|1698521578\n|switch|p1a: Quaquaval|Quaquaval, M|100\/100\n|turn|2\n|\n|t:|1698521587\n|move|p2a: Haxorus|Dragon Claw|p1a: Quaquaval\n|-damage|p1a: Quaquaval|36\/100\n|move|p1a: Quaquaval|Aqua Step|p2a: Haxorus\n|-resisted|p2a: Haxorus\n|-damage|p2a: Haxorus|76\/100\n|-boost|p1a: Quaquaval|spe|1\n|\n|upkeep\n|turn|3\n|\n|t:|1698521597\n|move|p1a: Quaquaval|Ice Spinner|p2a: Haxorus\n|-supereffective|p2a: Haxorus\n|-damage|p2a: Haxorus|4\/100\n|move|p2a: Haxorus|Dragon Claw|p1a: Quaquaval\n|-damage|p1a: Quaquaval|0 fnt\n|faint|p1a: Quaquaval\n|\n|upkeep\n|\n|t:|1698521606\n|switch|p1a: Shiftry|Shiftry, M|100\/100\n|turn|4\n|\n|t:|1698521612\n|move|p2a: Haxorus|Dragon Claw|p1a: Shiftry\n|-damage|p1a: Shiftry|31\/100\n|move|p1a: Shiftry|Tailwind|p1a: Shiftry\n|-sidestart|p1: kurokodora|move: Tailwind\n|-ability|p1a: Shiftry|Wind Rider|boost\n|-boost|p1a: Shiftry|atk|1\n|\n|upkeep\n|turn|5\n|\n|t:|1698521623\n|move|p1a: Shiftry|Trailblaze|p2a: Haxorus\n|-resisted|p2a: Haxorus\n|-damage|p2a: Haxorus|0 fnt\n|-boost|p1a: Shiftry|spe|1\n|faint|p2a: Haxorus\n|\n|upkeep\n|\n|t:|1698521631\n|switch|p2a: Goodra|Goodra-Hisui, M, shiny|100\/100\n|turn|6\n|\n|t:|1698521636\n|-terastallize|p2a: Goodra|Water\n|move|p1a: Shiftry|Knock Off|p2a: Goodra\n|-damage|p2a: Goodra|46\/100\n|-damage|p1a: Shiftry|15\/100|[from] item: Rocky Helmet|[of] p2a: Goodra\n|-enditem|p2a: Goodra|Rocky Helmet|[from] move: Knock Off|[of] p1a: Shiftry\n|move|p2a: Goodra|Flash Cannon|p1a: Shiftry\n|-damage|p1a: Shiftry|0 fnt\n|faint|p1a: Shiftry\n|\n|upkeep\n|\n|t:|1698521653\n|switch|p1a: Charizard|Charizard, M|100\/100\n|turn|7\n|\n|t:|1698521658\n|detailschange|p1a: Charizard|Charizard-Mega-X, M\n|-mega|p1a: Charizard|Charizard|Charizardite X\n|move|p1a: Charizard|Dragon Dance|p1a: Charizard\n|-boost|p1a: Charizard|atk|1\n|-boost|p1a: Charizard|spe|1\n|move|p2a: Goodra|Knock Off|p1a: Charizard\n|-damage|p1a: Charizard|87\/100\n|\n|-sideend|p1: kurokodora|move: Tailwind\n|upkeep\n|turn|8\n|\n|t:|1698521686\n|move|p1a: Charizard|Thunder Punch|p2a: Goodra\n|-supereffective|p2a: Goodra\n|-damage|p2a: Goodra|0 fnt\n|faint|p2a: Goodra\n|\n|upkeep\n|inactive|the manp98uj has 120 seconds left.\n|\n|t:|1698521699\n|switch|p2a: Aegislash|Aegislash, M|100\/100\n|turn|9\n|\n|t:|1698521708\n|move|p1a: Charizard|Dragon Dance|p1a: Charizard\n|-boost|p1a: Charizard|atk|1\n|-boost|p1a: Charizard|spe|1\n|move|p2a: Aegislash|Swords Dance|p2a: Aegislash\n|-boost|p2a: Aegislash|atk|2\n|\n|upkeep\n|turn|10\n|\n|t:|1698521717\n|move|p1a: Charizard|Fire Punch|p2a: Aegislash\n|-supereffective|p2a: Aegislash\n|-damage|p2a: Aegislash|0 fnt\n|faint|p2a: Aegislash\n|\n|upkeep\n|\n|t:|1698521724\n|switch|p2a: Darkrai|Darkrai|100\/100\n|-status|p2a: Darkrai|psn\n|turn|11\n|\n|t:|1698521729\n|move|p1a: Charizard|Breaking Swipe|p2a: Darkrai\n|-damage|p2a: Darkrai|0 fnt\n|faint|p2a: Darkrai\n|\n|upkeep\n|\n|t:|1698521734\n|switch|p2a: Metagross|Metagross|100\/100\n|turn|12\n|\n|t:|1698521738\n|move|p1a: Charizard|Fire Punch|p2a: Metagross\n|-supereffective|p2a: Metagross\n|-damage|p2a: Metagross|0 fnt\n|faint|p2a: Metagross\n|\n|upkeep\n|\n|t:|1698521748\n|switch|p2a: Blastoise|Blastoise, F|100\/100\n|-status|p2a: Blastoise|psn\n|turn|13\n|\n|t:|1698521754\n|detailschange|p2a: Blastoise|Blastoise-Mega, F\n|-mega|p2a: Blastoise|Blastoise|Blastoisinite\n|move|p1a: Charizard|Thunder Punch|p2a: Blastoise\n|-supereffective|p2a: Blastoise\n|-damage|p2a: Blastoise|0 fnt\n|faint|p2a: Blastoise\n|\n|win|kurokodora\n|raw|kurokodora's rating: 1053 &rarr; <strong>1089<\/strong><br \/>(+36 for winning)\n|raw|the manp98uj's rating: 1093 &rarr; <strong>1066<\/strong><br \/>(-27 for losing)\n|l|\u2606the manp98uj\n","uploadtime":1698521763,"views":9,"p1id":"kurokodora","p2id":"themanp98uj","formatid":"gen9nationaldexubers","rating":1066,"private":0,"password":""}