{"id":"gen9nationaldexubers-1991437284","p1":"KarmaKazama0","p2":"LynXKunalKumar","format":"[Gen 9] National Dex Ubers","log":"|j|\u2606KarmaKazama0\n|j|\u2606LynXKunalKumar\n|t:|1700077035\n|gametype|singles\n|player|p1|KarmaKazama0|265|1462\n|player|p2|LynXKunalKumar|red|1420\n|teamsize|p1|6\n|teamsize|p2|6\n|gen|9\n|tier|[Gen 9] National Dex Ubers\n|rated|\n|rule|HP Percentage Mod: HP is shown in percentages\n|rule|Endless Battle Clause: Forcing endless battles is banned\n|rule|OHKO Clause: OHKO moves are banned\n|rule|Evasion Moves Clause: Evasion moves are banned\n|rule|Evasion Items Clause: Evasion items are banned\n|rule|Species Clause: Limit one of each Pok\u00e9mon\n|rule|Sleep Clause Mod: Limit one foe put to sleep\n|rule|Mega Rayquaza Clause: You cannot mega evolve Rayquaza\n|clearpoke\n|poke|p1|Zygarde|\n|poke|p1|Ho-Oh|\n|poke|p1|Xerneas-*|\n|poke|p1|Arceus-Ground|\n|poke|p1|Groudon|\n|poke|p1|Giratina-Origin|\n|poke|p2|Zacian-*|\n|poke|p2|Ditto|\n|poke|p2|Rayquaza|\n|poke|p2|Yveltal|\n|poke|p2|Kyogre|\n|poke|p2|Groudon|\n|teampreview\n|inactive|Battle timer is ON: inactive players will automatically lose when time's up. (requested by LynXKunalKumar)\n|\n|t:|1700077045\n|start\n|switch|p1a: Zygarde|Zygarde|100\/100\n|switch|p2a: Kyogre|Kyogre, shiny|100\/100\n|detailschange|p2a: Kyogre|Kyogre-Primal, shiny\n|-primal|p2a: Kyogre|Blue Orb\n|-weather|PrimordialSea|[from] ability: Primordial Sea|[of] p2a: Kyogre\n|turn|1\n|\n|t:|1700077053\n|switch|p1a: Groudon|Groudon|100\/100\n|detailschange|p1a: Groudon|Groudon-Primal\n|-primal|p1a: Groudon|Red Orb\n|-weather|DesolateLand|[from] ability: Desolate Land|[of] p1a: Groudon\n|move|p2a: Kyogre|Ice Beam|p1a: Groudon\n|-damage|p1a: Groudon|53\/100\n|\n|-weather|DesolateLand|[upkeep]\n|upkeep\n|turn|2\n|\n|t:|1700077064\n|switch|p2a: Yveltal|Yveltal, shiny|100\/100\n|-ability|p2a: Yveltal|Dark Aura\n|move|p1a: Groudon|Rock Polish|p1a: Groudon\n|-boost|p1a: Groudon|spe|2\n|\n|-weather|DesolateLand|[upkeep]\n|upkeep\n|turn|3\n|\n|t:|1700077077\n|switch|p2a: Kyogre|Kyogre-Primal, shiny|100\/100\n|-weather|PrimordialSea|[from] ability: Primordial Sea|[of] p2a: Kyogre\n|move|p1a: Groudon|Stone Edge|p2a: Kyogre\n|-damage|p2a: Kyogre|48\/100\n|\n|-weather|PrimordialSea|[upkeep]\n|upkeep\n|turn|4\n|\n|t:|1700077087\n|move|p1a: Groudon|Precipice Blades|p2a: Kyogre\n|-damage|p2a: Kyogre|0 fnt\n|faint|p2a: Kyogre\n|-weather|none\n|\n|upkeep\n|\n|t:|1700077090\n|switch|p2a: Groudon|Groudon|100\/100\n|detailschange|p2a: Groudon|Groudon-Primal\n|-primal|p2a: Groudon|Red Orb\n|-weather|DesolateLand|[from] ability: Desolate Land|[of] p2a: Groudon\n|turn|5\n|\n|t:|1700077099\n|switch|p1a: Zygarde|Zygarde|100\/100\n|move|p2a: Groudon|Precipice Blades|p1a: Zygarde\n|-damage|p1a: Zygarde|69\/100\n|\n|-weather|DesolateLand|[upkeep]\n|-heal|p1a: Zygarde|75\/100|[from] item: Leftovers\n|upkeep\n|turn|6\n|\n|t:|1700077109\n|-weather|none\n|switch|p2a: Zacian|Zacian-Crowned|100\/100\n|-ability|p2a: Zacian|Intrepid Sword|boost\n|-boost|p2a: Zacian|atk|1\n|move|p1a: Zygarde|Glare|p2a: Zacian\n|-status|p2a: Zacian|par\n|\n|-heal|p1a: Zygarde|81\/100|[from] item: Leftovers\n|upkeep\n|turn|7\n|\n|t:|1700077117\n|move|p1a: Zygarde|Thousand Arrows|p2a: Zacian\n|-supereffective|p2a: Zacian\n|-damage|p2a: Zacian|39\/100 par\n|move|p2a: Zacian|Play Rough|p1a: Zygarde\n|-supereffective|p1a: Zygarde\n|-damage|p1a: Zygarde|0 fnt\n|faint|p1a: Zygarde\n|\n|upkeep\n|\n|t:|1700077127\n|switch|p1a: Groudon|Groudon-Primal|53\/100\n|-weather|DesolateLand|[from] ability: Desolate Land|[of] p1a: Groudon\n|turn|8\n|\n|t:|1700077137\n|switch|p2a: Groudon|Groudon-Primal|100\/100\n|move|p1a: Groudon|Fire Punch|p2a: Groudon\n|-resisted|p2a: Groudon\n|-damage|p2a: Groudon|77\/100\n|\n|-weather|DesolateLand|[upkeep]\n|upkeep\n|turn|9\n|\n|t:|1700077145\n|switch|p1a: Arceus|Arceus-Ground|100\/100\n|move|p2a: Groudon|Stealth Rock|p1a: Arceus\n|-sidestart|p1: KarmaKazama0|move: Stealth Rock\n|\n|-weather|DesolateLand|[upkeep]\n|upkeep\n|turn|10\n|\n|t:|1700077153\n|move|p1a: Arceus|Toxic|p2a: Groudon\n|-status|p2a: Groudon|tox\n|move|p2a: Groudon|Solar Beam||[still]\n|-prepare|p2a: Groudon|Solar Beam\n|-anim|p2a: Groudon|Solar Beam|p1a: Arceus\n|-supereffective|p1a: Arceus\n|-damage|p1a: Arceus|43\/100\n|\n|-weather|DesolateLand|[upkeep]\n|-damage|p2a: Groudon|71\/100 tox|[from] psn\n|upkeep\n|turn|11\n|\n|t:|1700077166\n|move|p1a: Arceus|Recover|p1a: Arceus\n|-heal|p1a: Arceus|93\/100\n|move|p2a: Groudon|Solar Beam||[still]\n|-prepare|p2a: Groudon|Solar Beam\n|-anim|p2a: Groudon|Solar Beam|p1a: Arceus\n|-supereffective|p1a: Arceus\n|-damage|p1a: Arceus|33\/100\n|\n|-weather|DesolateLand|[upkeep]\n|-damage|p2a: Groudon|59\/100 tox|[from] psn\n|upkeep\n|turn|12\n|\n|t:|1700077179\n|move|p1a: Arceus|Judgment|p2a: Groudon\n|-supereffective|p2a: Groudon\n|-damage|p2a: Groudon|0 fnt\n|faint|p2a: Groudon\n|-weather|none\n|\n|upkeep\n|\n|t:|1700077193\n|switch|p2a: Rayquaza|Rayquaza, shiny|100\/100\n|-ability|p2a: Rayquaza|Air Lock\n|turn|13\n|\n|t:|1700077198\n|move|p1a: Arceus|Taunt|p2a: Rayquaza\n|-start|p2a: Rayquaza|move: Taunt\n|cant|p2a: Rayquaza|move: Taunt|Dragon Dance\n|\n|upkeep\n|turn|14\n|\n|t:|1700077207\n|switch|p2a: Yveltal|Yveltal, shiny|100\/100\n|-ability|p2a: Yveltal|Dark Aura\n|move|p1a: Arceus|Recover|p1a: Arceus\n|-heal|p1a: Arceus|83\/100\n|\n|upkeep\n|turn|15\n|\n|t:|1700077214\n|move|p1a: Arceus|Toxic|p2a: Yveltal\n|-status|p2a: Yveltal|tox\n|move|p2a: Yveltal|Dark Pulse|p1a: Arceus\n|-damage|p1a: Arceus|50\/100\n|\n|-damage|p2a: Yveltal|94\/100 tox|[from] psn\n|upkeep\n|turn|16\n|\n|t:|1700077219\n|move|p1a: Arceus|Recover|p1a: Arceus\n|-heal|p1a: Arceus|99\/100\n|move|p2a: Yveltal|Oblivion Wing|p1a: Arceus\n|-damage|p1a: Arceus|73\/100\n|-heal|p2a: Yveltal|100\/100 tox|[from] drain|[of] p1a: Arceus\n|\n|-damage|p2a: Yveltal|88\/100 tox|[from] psn\n|upkeep\n|turn|17\n|\n|t:|1700077230\n|switch|p1a: Ho-Oh|Ho-Oh|100\/100\n|switch|p2a: Rayquaza|Rayquaza, shiny|100\/100\n|-ability|p2a: Rayquaza|Air Lock\n|\n|upkeep\n|turn|18\n|\n|t:|1700077235\n|move|p2a: Rayquaza|Dragon Dance|p2a: Rayquaza\n|-boost|p2a: Rayquaza|atk|1\n|-boost|p2a: Rayquaza|spe|1\n|move|p1a: Ho-Oh|Whirlwind|p2a: Rayquaza\n|drag|p2a: Yveltal|Yveltal, shiny|88\/100 tox\n|-ability|p2a: Yveltal|Dark Aura\n|\n|-heal|p2a: Yveltal|94\/100 tox|[from] item: Leftovers\n|-damage|p2a: Yveltal|88\/100 tox|[from] psn\n|upkeep\n|turn|19\n|\n|t:|1700077246\n|move|p2a: Yveltal|Dark Pulse|p1a: Ho-Oh\n|-damage|p1a: Ho-Oh|71\/100\n|move|p1a: Ho-Oh|Defog|p2a: Yveltal\n|-unboost|p2a: Yveltal|evasion|1\n|-sideend|p1: KarmaKazama0|Stealth Rock|[from] move: Defog|[of] p1a: Ho-Oh\n|\n|-heal|p2a: Yveltal|94\/100 tox|[from] item: Leftovers\n|-damage|p2a: Yveltal|82\/100 tox|[from] psn\n|upkeep\n|turn|20\n|\n|t:|1700077257\n|move|p2a: Yveltal|Dark Pulse|p1a: Ho-Oh\n|-damage|p1a: Ho-Oh|42\/100\n|move|p1a: Ho-Oh|Sacred Fire|p2a: Yveltal\n|-damage|p2a: Yveltal|35\/100 tox\n|\n|-heal|p2a: Yveltal|41\/100 tox|[from] item: Leftovers\n|-damage|p2a: Yveltal|23\/100 tox|[from] psn\n|upkeep\n|turn|21\n|\n|t:|1700077271\n|switch|p1a: Arceus|Arceus-Ground|73\/100\n|move|p2a: Yveltal|Oblivion Wing|p1a: Arceus\n|-damage|p1a: Arceus|48\/100\n|-heal|p2a: Yveltal|44\/100 tox|[from] drain|[of] p1a: Arceus\n|\n|-heal|p2a: Yveltal|50\/100 tox|[from] item: Leftovers\n|-damage|p2a: Yveltal|26\/100 tox|[from] psn\n|upkeep\n|turn|22\n|\n|t:|1700077279\n|move|p1a: Arceus|Recover|p1a: Arceus\n|-heal|p1a: Arceus|98\/100\n|move|p2a: Yveltal|Dark Pulse|p1a: Arceus\n|-damage|p1a: Arceus|65\/100\n|\n|-heal|p2a: Yveltal|32\/100 tox|[from] item: Leftovers\n|-damage|p2a: Yveltal|1\/100 tox|[from] psn\n|upkeep\n|turn|23\n|\n|t:|1700077284\n|move|p1a: Arceus|Recover|p1a: Arceus\n|-heal|p1a: Arceus|100\/100\n|move|p2a: Yveltal|Oblivion Wing|p1a: Arceus\n|-crit|p1a: Arceus\n|-damage|p1a: Arceus|61\/100\n|-heal|p2a: Yveltal|35\/100 tox|[from] drain|[of] p1a: Arceus\n|\n|-heal|p2a: Yveltal|41\/100 tox|[from] item: Leftovers\n|-damage|p2a: Yveltal|5\/100 tox|[from] psn\n|upkeep\n|turn|24\n|\n|t:|1700077291\n|move|p2a: Yveltal|Sucker Punch||[still]\n|-fail|p2a: Yveltal\n|move|p1a: Arceus|Recover|p1a: Arceus\n|-heal|p1a: Arceus|100\/100\n|\n|-heal|p2a: Yveltal|11\/100 tox|[from] item: Leftovers\n|-damage|p2a: Yveltal|0 fnt|[from] psn\n|faint|p2a: Yveltal\n|upkeep\n|\n|t:|1700077299\n|switch|p2a: Rayquaza|Rayquaza, shiny|100\/100\n|-ability|p2a: Rayquaza|Air Lock\n|turn|25\n|\n|t:|1700077305\n|move|p1a: Arceus|Taunt|p2a: Rayquaza\n|-start|p2a: Rayquaza|move: Taunt\n|move|p2a: Rayquaza|Earthquake|p1a: Arceus\n|-damage|p1a: Arceus|76\/100\n|\n|upkeep\n|turn|26\n|\n|t:|1700077310\n|switch|p2a: Ditto|Ditto, shiny|100\/100\n|-transform|p2a: Ditto|p1a: Arceus|[from] ability: Imposter\n|move|p1a: Arceus|Toxic|p2a: Ditto\n|-status|p2a: Ditto|tox\n|\n|-damage|p2a: Ditto|94\/100 tox|[from] psn\n|upkeep\n|turn|27\n|\n|t:|1700077320\n|move|p2a: Ditto|Toxic|p1a: Arceus\n|-status|p1a: Arceus|tox\n|move|p1a: Arceus|Judgment|p2a: Ditto\n|-damage|p2a: Ditto|48\/100 tox\n|\n|-damage|p2a: Ditto|36\/100 tox|[from] psn\n|-damage|p1a: Arceus|70\/100 tox|[from] psn\n|upkeep\n|turn|28\n|\n|t:|1700077344\n|switch|p2a: Rayquaza|Rayquaza, shiny|100\/100\n|-ability|p2a: Rayquaza|Air Lock\n|switch|p1a: Ho-Oh|Ho-Oh|75\/100\n|\n|upkeep\n|turn|29\n|\n|t:|1700077359\n|move|p2a: Rayquaza|Dragon Ascent|p1a: Ho-Oh\n|-crit|p1a: Ho-Oh\n|-damage|p1a: Ho-Oh|8\/100\n|-unboost|p2a: Rayquaza|def|1\n|-unboost|p2a: Rayquaza|spd|1\n|move|p1a: Ho-Oh|Whirlwind|p2a: Rayquaza\n|drag|p2a: Ditto|Ditto, shiny|36\/100 tox\n|-transform|p2a: Ditto|p1a: Ho-Oh|[from] ability: Imposter\n|\n|-damage|p2a: Ditto|30\/100 tox|[from] psn\n|upkeep\n|turn|30\n|\n|t:|1700077373\n|switch|p1a: Arceus|Arceus-Ground|70\/100 tox\n|move|p2a: Ditto|Sacred Fire|p1a: Arceus\n|-damage|p1a: Arceus|45\/100 tox\n|\n|-damage|p1a: Arceus|39\/100 tox|[from] psn\n|-damage|p2a: Ditto|18\/100 tox|[from] psn\n|upkeep\n|turn|31\n|\n|t:|1700077384\n|switch|p1a: Groudon|Groudon-Primal|53\/100\n|-weather|DesolateLand|[from] ability: Desolate Land|[of] p1a: Groudon\n|switch|p2a: Zacian|Zacian-Crowned|39\/100 par\n|\n|-weather|DesolateLand|[upkeep]\n|upkeep\n|turn|32\n|\n|t:|1700077411\n|-weather|none\n|switch|p1a: Ho-Oh|Ho-Oh|41\/100\n|move|p2a: Zacian|Close Combat|p1a: Ho-Oh\n|-resisted|p1a: Ho-Oh\n|-damage|p1a: Ho-Oh|26\/100\n|-unboost|p2a: Zacian|def|1\n|-unboost|p2a: Zacian|spd|1\n|\n|upkeep\n|turn|33\n|\n|t:|1700077422\n|move|p2a: Zacian|Wild Charge|p1a: Ho-Oh\n|-supereffective|p1a: Ho-Oh\n|-damage|p1a: Ho-Oh|0 fnt\n|faint|p1a: Ho-Oh\n|-damage|p2a: Zacian|31\/100 par|[from] Recoil\n|\n|upkeep\n|inactive|KarmaKazama0 has 120 seconds left.\n|\n|t:|1700077444\n|switch|p1a: Giratina|Giratina-Origin|100\/100\n|turn|34\n|inactive|KarmaKazama0 has 120 seconds left.\n|\n|t:|1700077452\n|-terastallize|p1a: Giratina|Poison\n|move|p1a: Giratina|Poltergeist|p2a: Zacian\n|-activate|p2a: Zacian|move: Poltergeist|Rusted Sword\n|-damage|p2a: Zacian|0 fnt\n|faint|p2a: Zacian\n|\n|upkeep\n|\n|t:|1700077458\n|switch|p2a: Rayquaza|Rayquaza, shiny|100\/100\n|-ability|p2a: Rayquaza|Air Lock\n|turn|35\n|\n|t:|1700077463\n|move|p2a: Rayquaza|Dragon Dance|p2a: Rayquaza\n|-boost|p2a: Rayquaza|atk|1\n|-boost|p2a: Rayquaza|spe|1\n|move|p1a: Giratina|Dragon Tail|p2a: Rayquaza\n|-supereffective|p2a: Rayquaza\n|-damage|p2a: Rayquaza|23\/100\n|drag|p2a: Ditto|Ditto, shiny|51\/100 tox\n|-transform|p2a: Ditto|p1a: Giratina|[from] ability: Imposter\n|\n|-damage|p2a: Ditto|45\/100 tox|[from] psn\n|upkeep\n|-start|p2a: Ditto|typechange|Ghost\/Dragon|[silent]\n|turn|36\n|\n|t:|1700077478\n|move|p2a: Ditto|Poltergeist|p1a: Giratina\n|-activate|p1a: Giratina|move: Poltergeist|Griseous Core\n|-damage|p1a: Giratina|63\/100\n|move|p1a: Giratina|Dragon Tail|p2a: Ditto\n|-supereffective|p2a: Ditto\n|-damage|p2a: Ditto|0 fnt\n|faint|p2a: Ditto\n|\n|upkeep\n|\n|t:|1700077485\n|switch|p2a: Rayquaza|Rayquaza, shiny|23\/100\n|-ability|p2a: Rayquaza|Air Lock\n|turn|37\n|\n|t:|1700077490\n|move|p2a: Rayquaza|Earthquake|p1a: Giratina\n|-immune|p1a: Giratina|[from] ability: Levitate\n|move|p1a: Giratina|Dragon Tail|p2a: Rayquaza\n|-supereffective|p2a: Rayquaza\n|-damage|p2a: Rayquaza|0 fnt\n|faint|p2a: Rayquaza\n|\n|win|KarmaKazama0\n|raw|KarmaKazama0's rating: 1462 &rarr; <strong>1480<\/strong><br \/>(+18 for winning)\n|raw|LynXKunalKumar's rating: 1420 &rarr; <strong>1402<\/strong><br \/>(-18 for losing)\n|l|\u2606LynXKunalKumar\n","uploadtime":1700077497,"views":16,"p1id":"karmakazama0","p2id":"lynxkunalkumar","formatid":"gen9nationaldexubers","rating":1402,"private":0,"password":""}