{"id":"gen9nationaldexubers-1979343869","p1":"KingoftheTitans","p2":"dumboffaperc","format":"[Gen 9] National Dex Ubers","log":"|j|\u2606KingoftheTitans\n|j|\u2606dumboffaperc\n|t:|1698673428\n|gametype|singles\n|player|p1|KingoftheTitans|265|1369\n|player|p2|dumboffaperc|swimmer-gen4dp|1374\n|teamsize|p1|6\n|teamsize|p2|6\n|gen|9\n|tier|[Gen 9] National Dex Ubers\n|rated|\n|rule|HP Percentage Mod: HP is shown in percentages\n|rule|Endless Battle Clause: Forcing endless battles is banned\n|rule|OHKO Clause: OHKO moves are banned\n|rule|Evasion Moves Clause: Evasion moves are banned\n|rule|Evasion Items Clause: Evasion items are banned\n|rule|Species Clause: Limit one of each Pok\u00e9mon\n|rule|Sleep Clause Mod: Limit one foe put to sleep\n|rule|Mega Rayquaza Clause: You cannot mega evolve Rayquaza\n|clearpoke\n|poke|p1|Ogerpon-Hearthflame, F|\n|poke|p1|Deoxys-Attack|\n|poke|p1|Salamence, M|\n|poke|p1|Dragapult, M|\n|poke|p1|Darmanitan-Galar, F|\n|poke|p1|Flutter Mane|\n|poke|p2|Lucario, F|\n|poke|p2|Landorus, M|\n|poke|p2|Ditto|\n|poke|p2|Shuckle, F|\n|poke|p2|Gholdengo|\n|poke|p2|Volcarona, F|\n|teampreview\n|inactive|Battle timer is ON: inactive players will automatically lose when time's up. (requested by dumboffaperc)\n|\n|t:|1698673445\n|start\n|switch|p1a: Flutter Mane|Flutter Mane, shiny|100\/100\n|switch|p2a: Gholdengo|Gholdengo|100\/100\n|-item|p2a: Gholdengo|Air Balloon\n|-enditem|p1a: Flutter Mane|Booster Energy\n|-activate|p1a: Flutter Mane|ability: Protosynthesis|[fromitem]\n|-start|p1a: Flutter Mane|protosynthesisspe\n|turn|1\n|\n|t:|1698673453\n|-terastallize|p2a: Gholdengo|Water\n|move|p1a: Flutter Mane|Shadow Ball|p2a: Gholdengo\n|-damage|p2a: Gholdengo|54\/100\n|-unboost|p2a: Gholdengo|spd|1\n|-enditem|p2a: Gholdengo|Air Balloon\n|move|p2a: Gholdengo|Make It Rain|p1a: Flutter Mane\n|-supereffective|p1a: Flutter Mane\n|-damage|p1a: Flutter Mane|0 fnt\n|-unboost|p2a: Gholdengo|spa|1\n|faint|p1a: Flutter Mane\n|-end|p1a: Flutter Mane|Protosynthesis|[silent]\n|\n|upkeep\n|\n|t:|1698673474\n|switch|p1a: Dragapult|Dragapult, M, shiny|100\/100\n|turn|2\n|\n|t:|1698673481\n|move|p1a: Dragapult|Shadow Ball|p2a: Gholdengo\n|-damage|p2a: Gholdengo|0 fnt\n|faint|p2a: Gholdengo\n|\n|upkeep\n|\n|t:|1698673484\n|switch|p2a: Shuckle|Shuckle, F|100\/100\n|turn|3\n|\n|t:|1698673488\n|move|p1a: Dragapult|Shadow Ball|p2a: Shuckle\n|-damage|p2a: Shuckle|62\/100\n|move|p2a: Shuckle|Stealth Rock|p1a: Dragapult\n|-sidestart|p1: KingoftheTitans|move: Stealth Rock\n|\n|upkeep\n|turn|4\n|\n|t:|1698673499\n|move|p1a: Dragapult|Shadow Ball|p2a: Shuckle\n|-damage|p2a: Shuckle|30\/100\n|move|p2a: Shuckle|Sticky Web|p1a: Dragapult\n|-sidestart|p1: KingoftheTitans|move: Sticky Web\n|\n|upkeep\n|turn|5\n|\n|t:|1698673504\n|move|p1a: Dragapult|Shadow Ball|p2a: Shuckle\n|-damage|p2a: Shuckle|0 fnt\n|faint|p2a: Shuckle\n|\n|upkeep\n|\n|t:|1698673506\n|switch|p2a: Volcarona|Volcarona, F|100\/100\n|turn|6\n|\n|t:|1698673511\n|switch|p1a: Salamence|Salamence, M, shiny|100\/100\n|-damage|p1a: Salamence|76\/100|[from] Stealth Rock\n|-ability|p1a: Salamence|Intimidate|boost\n|-unboost|p2a: Volcarona|atk|1\n|move|p2a: Volcarona|Quiver Dance|p2a: Volcarona\n|-boost|p2a: Volcarona|spa|1\n|-boost|p2a: Volcarona|spd|1\n|-boost|p2a: Volcarona|spe|1\n|\n|upkeep\n|turn|7\n|\n|t:|1698673525\n|detailschange|p1a: Salamence|Salamence-Mega, M, shiny\n|-mega|p1a: Salamence|Salamence|Salamencite\n|move|p2a: Volcarona|Psychic|p1a: Salamence\n|-damage|p1a: Salamence|26\/100\n|move|p1a: Salamence|Body Slam|p2a: Volcarona\n|-supereffective|p2a: Volcarona\n|-damage|p2a: Volcarona|0 fnt\n|-status|p1a: Salamence|brn|[from] ability: Flame Body|[of] p2a: Volcarona\n|faint|p2a: Volcarona\n|\n|-damage|p1a: Salamence|20\/100 brn|[from] brn\n|upkeep\n|\n|t:|1698673532\n|switch|p2a: Landorus|Landorus, M|100\/100\n|turn|8\n|\n|t:|1698673538\n|move|p1a: Salamence|Body Slam|p2a: Landorus\n|-damage|p2a: Landorus|62\/100\n|move|p2a: Landorus|Rock Slide|p1a: Salamence|[miss]\n|-miss|p2a: Landorus|p1a: Salamence\n|\n|-damage|p1a: Salamence|13\/100 brn|[from] brn\n|upkeep\n|turn|9\n|\n|t:|1698673545\n|move|p1a: Salamence|Body Slam|p2a: Landorus\n|-damage|p2a: Landorus|23\/100\n|move|p2a: Landorus|Rock Slide|p1a: Salamence\n|-supereffective|p1a: Salamence\n|-damage|p1a: Salamence|0 fnt\n|faint|p1a: Salamence\n|\n|upkeep\n|\n|t:|1698673552\n|switch|p1a: Darmanitan|Darmanitan-Galar, F, shiny|100\/100\n|-damage|p1a: Darmanitan|76\/100|[from] Stealth Rock\n|-activate|p1a: Darmanitan|move: Sticky Web\n|-unboost|p1a: Darmanitan|spe|1\n|turn|10\n|\n|t:|1698673558\n|move|p2a: Landorus|Earth Power|p1a: Darmanitan\n|-damage|p1a: Darmanitan|0 fnt\n|faint|p1a: Darmanitan\n|\n|upkeep\n|\n|t:|1698673568\n|switch|p1a: Ogerpon|Ogerpon-Hearthflame, F|100\/100\n|-damage|p1a: Ogerpon|76\/100|[from] Stealth Rock\n|-activate|p1a: Ogerpon|move: Sticky Web\n|-unboost|p1a: Ogerpon|spe|1\n|-ability|p1a: Ogerpon|Mold Breaker\n|turn|11\n|inactive|dumboffaperc has 120 seconds left.\n|\n|t:|1698673615\n|move|p2a: Landorus|Earth Power|p1a: Ogerpon\n|-damage|p1a: Ogerpon|0 fnt\n|faint|p1a: Ogerpon\n|\n|upkeep\n|\n|t:|1698673620\n|switch|p1a: Deoxys|Deoxys-Attack, shiny|100\/100\n|-damage|p1a: Deoxys|88\/100|[from] Stealth Rock\n|-activate|p1a: Deoxys|move: Sticky Web\n|-unboost|p1a: Deoxys|spe|1\n|-ability|p1a: Deoxys|Pressure\n|turn|12\n|\n|t:|1698673630\n|move|p1a: Deoxys|Extreme Speed|p2a: Landorus\n|-damage|p2a: Landorus|0 fnt\n|faint|p2a: Landorus\n|\n|upkeep\n|\n|t:|1698673633\n|switch|p2a: Lucario|Lucario, F|100\/100\n|turn|13\n|\n|t:|1698673636\n|detailschange|p2a: Lucario|Lucario-Mega, F\n|-mega|p2a: Lucario|Lucario|Lucarionite\n|-terastallize|p1a: Deoxys|Fighting\n|move|p2a: Lucario|Meteor Mash|p1a: Deoxys|[miss]\n|-miss|p2a: Lucario|p1a: Deoxys\n|move|p1a: Deoxys|Brick Break|p2a: Lucario\n|-supereffective|p2a: Lucario\n|-damage|p2a: Lucario|0 fnt\n|faint|p2a: Lucario\n|\n|upkeep\n|\n|t:|1698673642\n|switch|p2a: Ditto|Ditto|100\/100\n|-transform|p2a: Ditto|p1a: Deoxys|[from] ability: Imposter\n|-ability|p2a: Ditto|Pressure\n|-start|p2a: Ditto|typechange|Psychic|[silent]\n|turn|14\n|\n|t:|1698673649\n|move|p1a: Deoxys|Extreme Speed|p2a: Ditto\n|-damage|p2a: Ditto|0 fnt\n|faint|p2a: Ditto\n|\n|win|KingoftheTitans\n|raw|KingoftheTitans's rating: 1369 &rarr; <strong>1388<\/strong><br \/>(+19 for winning)\n|raw|dumboffaperc's rating: 1347 &rarr; <strong>1328<\/strong><br \/>(-19 for losing)\n|l|\u2606dumboffaperc\n","uploadtime":1698673656,"views":5,"p1id":"kingofthetitans","p2id":"dumboffaperc","formatid":"gen9nationaldexubers","rating":1328,"private":0,"password":""}