{"id":"gen9nationaldexubers-1993855530","p1":"MorningStar53","p2":"85792195wwww","format":"[Gen 9] National Dex Ubers","log":"|j|\u2606MorningStar53\n|j|\u260685792195wwww\n|t:|1700365827\n|gametype|singles\n|player|p1|MorningStar53|li|1477\n|player|p2|85792195wwww|mira|1585\n|teamsize|p1|6\n|teamsize|p2|6\n|gen|9\n|tier|[Gen 9] National Dex Ubers\n|rated|\n|rule|HP Percentage Mod: HP is shown in percentages\n|rule|Endless Battle Clause: Forcing endless battles is banned\n|rule|OHKO Clause: OHKO moves are banned\n|rule|Evasion Moves Clause: Evasion moves are banned\n|rule|Evasion Items Clause: Evasion items are banned\n|rule|Species Clause: Limit one of each Pok\u00e9mon\n|rule|Sleep Clause Mod: Limit one foe put to sleep\n|rule|Mega Rayquaza Clause: You cannot mega evolve Rayquaza\n|clearpoke\n|poke|p1|Marshadow|\n|poke|p1|Arceus-Water|\n|poke|p1|Xerneas-*|\n|poke|p1|Blaziken, M|\n|poke|p1|Groudon|\n|poke|p1|Ho-Oh|\n|poke|p2|Arceus|\n|poke|p2|Zekrom|\n|poke|p2|Xerneas-*|\n|poke|p2|Mewtwo|\n|poke|p2|Deoxys-Speed|\n|poke|p2|Groudon|\n|teampreview\n|\n|t:|1700365845\n|start\n|switch|p1a: Marshadow|Marshadow|100\/100\n|switch|p2a: Deoxys|Deoxys-Speed|100\/100\n|-ability|p2a: Deoxys|Pressure\n|turn|1\n|\n|t:|1700365853\n|move|p2a: Deoxys|Stealth Rock|p1a: Marshadow\n|-sidestart|p1: MorningStar53|move: Stealth Rock\n|move|p1a: Marshadow|Spectral Thief|p2a: Deoxys\n|-supereffective|p2a: Deoxys\n|-damage|p2a: Deoxys|8\/100\n|-damage|p1a: Marshadow|84\/100|[from] item: Rocky Helmet|[of] p2a: Deoxys\n|\n|upkeep\n|turn|2\n|\n|t:|1700365864\n|move|p2a: Deoxys|Taunt|p1a: Marshadow\n|-start|p1a: Marshadow|move: Taunt\n|move|p1a: Marshadow|Drain Punch|p2a: Deoxys\n|-resisted|p2a: Deoxys\n|-damage|p2a: Deoxys|0 fnt\n|-heal|p1a: Marshadow|87\/100|[from] drain|[of] p2a: Deoxys\n|-damage|p1a: Marshadow|71\/100|[from] item: Rocky Helmet|[of] p2a: Deoxys\n|faint|p2a: Deoxys\n|\n|upkeep\n|\n|t:|1700365877\n|switch|p2a: Zekrom|Zekrom|100\/100\n|-ability|p2a: Zekrom|Teravolt\n|turn|3\n|\n|t:|1700365882\n|move|p1a: Marshadow|Spectral Thief|p2a: Zekrom\n|-damage|p2a: Zekrom|61\/100\n|move|p2a: Zekrom|Dragon Dance|p2a: Zekrom\n|-boost|p2a: Zekrom|atk|1\n|-boost|p2a: Zekrom|spe|1\n|\n|upkeep\n|turn|4\n|\n|t:|1700365892\n|move|p1a: Marshadow|Shadow Sneak|p2a: Zekrom\n|-damage|p2a: Zekrom|33\/100\n|move|p2a: Zekrom|Bolt Strike|p1a: Marshadow\n|-damage|p1a: Marshadow|0 fnt\n|faint|p1a: Marshadow\n|\n|upkeep\n|\n|t:|1700365898\n|switch|p1a: Ho-Oh|Ho-Oh|100\/100\n|turn|5\n|\n|t:|1700365903\n|-zpower|p2a: Zekrom\n|move|p2a: Zekrom|Devastating Drake|p1a: Ho-Oh|[zeffect]\n|-damage|p1a: Ho-Oh|0 fnt\n|faint|p1a: Ho-Oh\n|\n|upkeep\n|\n|t:|1700365911\n|switch|p1a: Xerneas|Xerneas|100\/100\n|-damage|p1a: Xerneas|88\/100|[from] Stealth Rock\n|-ability|p1a: Xerneas|Fairy Aura\n|turn|6\n|\n|t:|1700365918\n|-terastallize|p1a: Xerneas|Normal\n|move|p2a: Zekrom|Substitute|p2a: Zekrom\n|-start|p2a: Zekrom|Substitute\n|-damage|p2a: Zekrom|8\/100\n|move|p1a: Xerneas|Geomancy||[still]\n|-prepare|p1a: Xerneas|Geomancy\n|-enditem|p1a: Xerneas|Power Herb\n|-anim|p1a: Xerneas|Geomancy|p1a: Xerneas\n|-boost|p1a: Xerneas|spa|2\n|-boost|p1a: Xerneas|spd|2\n|-boost|p1a: Xerneas|spe|2\n|\n|upkeep\n|turn|7\n|\n|t:|1700365931\n|move|p1a: Xerneas|Moonblast|p2a: Zekrom\n|-supereffective|p2a: Zekrom\n|-end|p2a: Zekrom|Substitute\n|move|p2a: Zekrom|Dragon Dance|p2a: Zekrom\n|-boost|p2a: Zekrom|atk|1\n|-boost|p2a: Zekrom|spe|1\n|\n|upkeep\n|turn|8\n|\n|t:|1700365939\n|move|p2a: Zekrom|Outrage|p1a: Xerneas\n|-damage|p1a: Xerneas|0 fnt\n|faint|p1a: Xerneas\n|\n|upkeep\n|\n|t:|1700365944\n|switch|p1a: Blaziken|Blaziken, M|100\/100\n|-damage|p1a: Blaziken|88\/100|[from] Stealth Rock\n|turn|9\n|\n|t:|1700365950\n|detailschange|p1a: Blaziken|Blaziken-Mega, M\n|-mega|p1a: Blaziken|Blaziken|Blazikenite\n|move|p1a: Blaziken|Protect|p1a: Blaziken\n|-singleturn|p1a: Blaziken|Protect\n|move|p2a: Zekrom|Outrage|p1a: Blaziken|[from]lockedmove\n|-activate|p1a: Blaziken|move: Protect\n|-start|p2a: Zekrom|confusion|[fatigue]\n|\n|-ability|p1a: Blaziken|Speed Boost|boost\n|-boost|p1a: Blaziken|spe|1\n|upkeep\n|turn|10\n|\n|t:|1700365962\n|-activate|p2a: Zekrom|confusion\n|-damage|p2a: Zekrom|0 fnt|[from] confusion\n|faint|p2a: Zekrom\n|move|p1a: Blaziken|Blaze Kick|p2: Zekrom|[notarget]\n|-fail|p1a: Blaziken\n|\n|-ability|p1a: Blaziken|Speed Boost|boost\n|-boost|p1a: Blaziken|spe|1\n|upkeep\n|\n|t:|1700365974\n|switch|p2a: Mewtwo|Mewtwo|100\/100\n|-ability|p2a: Mewtwo|Pressure\n|turn|11\n|\n|t:|1700365980\n|move|p1a: Blaziken|Protect|p1a: Blaziken\n|-singleturn|p1a: Blaziken|Protect\n|move|p2a: Mewtwo|Psystrike|p1a: Blaziken\n|-activate|p1a: Blaziken|move: Protect\n|\n|-ability|p1a: Blaziken|Speed Boost|boost\n|-boost|p1a: Blaziken|spe|1\n|upkeep\n|turn|12\n|\n|t:|1700365989\n|move|p1a: Blaziken|Blaze Kick|p2a: Mewtwo\n|-damage|p2a: Mewtwo|43\/100\n|move|p2a: Mewtwo|Psystrike|p1a: Blaziken\n|-supereffective|p1a: Blaziken\n|-damage|p1a: Blaziken|0 fnt\n|faint|p1a: Blaziken\n|-damage|p2a: Mewtwo|33\/100|[from] item: Life Orb\n|\n|upkeep\n|\n|t:|1700365999\n|switch|p1a: Groudon|Groudon|100\/100\n|-damage|p1a: Groudon|94\/100|[from] Stealth Rock\n|detailschange|p1a: Groudon|Groudon-Primal\n|-primal|p1a: Groudon|Red Orb\n|-weather|DesolateLand|[from] ability: Desolate Land|[of] p1a: Groudon\n|turn|13\n|\n|t:|1700366006\n|move|p2a: Mewtwo|Earth Power|p1a: Groudon\n|-supereffective|p1a: Groudon\n|-crit|p1a: Groudon\n|-damage|p1a: Groudon|0 fnt\n|faint|p1a: Groudon\n|-weather|none\n|-damage|p2a: Mewtwo|23\/100|[from] item: Life Orb\n|\n|upkeep\n|-message|MorningStar53 forfeited.\n|\n|win|85792195wwww\n|raw|MorningStar53's rating: 1477 &rarr; <strong>1463<\/strong><br \/>(-14 for losing)\n|raw|85792195wwww's rating: 1585 &rarr; <strong>1599<\/strong><br \/>(+14 for winning)\n|l|\u2606MorningStar53\n","uploadtime":1700366018,"views":6,"p1id":"morningstar53","p2id":"85792195wwww","formatid":"gen9nationaldexubers","rating":1463,"private":0,"password":""}