{"id":"gen9nationaldexubers-1988958201","p1":"yadabosiggg","p2":"323232kk","format":"[Gen 9] National Dex Ubers","log":"|j|\u2606yadabosiggg\n|j|\u203d323232kk\n|t:|1699794537\n|gametype|singles\n|player|p1|yadabosiggg|preschooler|\n|player|p2|323232kk|steven|\n|teamsize|p1|6\n|teamsize|p2|6\n|gen|9\n|tier|[Gen 9] National Dex Ubers\n|rule|HP Percentage Mod: HP is shown in percentages\n|rule|Endless Battle Clause: Forcing endless battles is banned\n|rule|OHKO Clause: OHKO moves are banned\n|rule|Evasion Moves Clause: Evasion moves are banned\n|rule|Evasion Items Clause: Evasion items are banned\n|rule|Species Clause: Limit one of each Pok\u00e9mon\n|rule|Sleep Clause Mod: Limit one foe put to sleep\n|rule|Mega Rayquaza Clause: You cannot mega evolve Rayquaza\n|clearpoke\n|poke|p1|Kyogre|\n|poke|p1|Calyrex-Ice|\n|poke|p1|Melmetal|\n|poke|p1|Porygon2|\n|poke|p1|Deoxys-Speed|\n|poke|p1|Hatterene, F|\n|poke|p2|Naganadel|\n|poke|p2|Pheromosa|\n|poke|p2|Kartana|\n|poke|p2|Xurkitree|\n|poke|p2|Blacephalon|\n|poke|p2|Celesteela|\n|teampreview\n|\n|t:|1699794553\n|start\n|switch|p1a: Deoxys|Deoxys-Speed|100\/100\n|switch|p2a: Kartana|Kartana|100\/100\n|-ability|p1a: Deoxys|Pressure\n|turn|1\n|\n|t:|1699794565\n|move|p2a: Kartana|Sacred Sword|p1a: Deoxys\n|-resisted|p1a: Deoxys\n|-damage|p1a: Deoxys|77\/100\n|-damage|p2a: Kartana|84\/100|[from] item: Rocky Helmet|[of] p1a: Deoxys\n|move|p1a: Deoxys|Stealth Rock|p2a: Kartana\n|-sidestart|p2: 323232kk|move: Stealth Rock\n|\n|upkeep\n|turn|2\n|\n|t:|1699794585\n|switch|p2a: Blacephalon|Blacephalon|100\/100\n|-damage|p2a: Blacephalon|75\/100|[from] Stealth Rock\n|move|p1a: Deoxys|Spikes|p2a: Blacephalon\n|-sidestart|p2: 323232kk|Spikes\n|\n|upkeep\n|turn|3\n|\n|t:|1699794612\n|move|p1a: Deoxys|Spikes|p2a: Blacephalon\n|-sidestart|p2: 323232kk|Spikes\n|move|p2a: Blacephalon|Shadow Ball|p1a: Deoxys\n|-supereffective|p1a: Deoxys\n|-crit|p1a: Deoxys\n|-damage|p1a: Deoxys|0 fnt\n|faint|p1a: Deoxys\n|-ability|p2a: Blacephalon|Beast Boost|boost\n|-boost|p2a: Blacephalon|spa|1\n|\n|upkeep\n|\n|t:|1699794620\n|switch|p1a: Kyogre|Kyogre|100\/100\n|-weather|RainDance|[from] ability: Drizzle|[of] p1a: Kyogre\n|turn|4\n|\n|t:|1699794626\n|-terastallize|p1a: Kyogre|Water\n|move|p1a: Kyogre|Water Spout|p2a: Blacephalon\n|-supereffective|p2a: Blacephalon\n|-damage|p2a: Blacephalon|0 fnt\n|faint|p2a: Blacephalon\n|\n|-weather|RainDance|[upkeep]\n|upkeep\n|\n|t:|1699794638\n|switch|p2a: Celesteela|Celesteela|100\/100\n|-damage|p2a: Celesteela|88\/100|[from] Stealth Rock\n|turn|5\n|\n|t:|1699794646\n|-terastallize|p2a: Celesteela|Water\n|move|p1a: Kyogre|Water Spout|p2a: Celesteela\n|-resisted|p2a: Celesteela\n|-damage|p2a: Celesteela|24\/100\n|move|p2a: Celesteela|Leech Seed|p1a: Kyogre\n|-start|p1a: Kyogre|move: Leech Seed\n|\n|-weather|RainDance|[upkeep]\n|-heal|p2a: Celesteela|30\/100|[from] item: Leftovers\n|-damage|p1a: Kyogre|88\/100|[from] Leech Seed|[of] p2a: Celesteela\n|-heal|p2a: Celesteela|41\/100|[silent]\n|upkeep\n|turn|6\n|\n|t:|1699794659\n|switch|p1a: Calyrex|Calyrex-Ice|100\/100\n|-ability|p1a: Calyrex|As One\n|-ability|p1a: Calyrex|Unnerve\n|move|p2a: Celesteela|Protect||[still]\n|-fail|p2a: Celesteela\n|\n|-weather|RainDance|[upkeep]\n|-heal|p2a: Celesteela|47\/100|[from] item: Leftovers\n|upkeep\n|turn|7\n|\n|t:|1699794672\n|move|p2a: Celesteela|Toxic|p1a: Calyrex\n|-status|p1a: Calyrex|tox\n|move|p1a: Calyrex|Trick Room|p1a: Calyrex\n|-fieldstart|move: Trick Room|[of] p1a: Calyrex\n|\n|-weather|RainDance|[upkeep]\n|-heal|p2a: Celesteela|53\/100|[from] item: Leftovers\n|-damage|p1a: Calyrex|94\/100 tox|[from] psn\n|upkeep\n|turn|8\n|\n|t:|1699794685\n|move|p2a: Celesteela|Protect|p2a: Celesteela\n|-singleturn|p2a: Celesteela|Protect\n|move|p1a: Calyrex|Swords Dance|p1a: Calyrex\n|-boost|p1a: Calyrex|atk|2\n|\n|-weather|none\n|-heal|p2a: Celesteela|59\/100|[from] item: Leftovers\n|-damage|p1a: Calyrex|82\/100 tox|[from] psn\n|upkeep\n|turn|9\n|\n|t:|1699794707\n|move|p1a: Calyrex|Glacial Lance|p2a: Celesteela\n|-resisted|p2a: Celesteela\n|-damage|p2a: Celesteela|3\/100\n|move|p2a: Celesteela|Leech Seed|p1a: Calyrex\n|-start|p1a: Calyrex|move: Leech Seed\n|\n|-heal|p2a: Celesteela|9\/100|[from] item: Leftovers\n|-damage|p1a: Calyrex|69\/100 tox|[from] Leech Seed|[of] p2a: Celesteela\n|-heal|p2a: Celesteela|21\/100|[silent]\n|-damage|p1a: Calyrex|51\/100 tox|[from] psn\n|upkeep\n|turn|10\n|\n|t:|1699794720\n|move|p2a: Celesteela|Protect|p2a: Celesteela\n|-singleturn|p2a: Celesteela|Protect\n|move|p1a: Calyrex|Swords Dance|p1a: Calyrex\n|-boost|p1a: Calyrex|atk|2\n|\n|-heal|p2a: Celesteela|27\/100|[from] item: Leftovers\n|-damage|p1a: Calyrex|38\/100 tox|[from] Leech Seed|[of] p2a: Celesteela\n|-heal|p2a: Celesteela|39\/100|[silent]\n|-damage|p1a: Calyrex|14\/100 tox|[from] psn\n|upkeep\n|turn|11\n|\n|t:|1699794735\n|move|p2a: Celesteela|Protect||[still]\n|-fail|p2a: Celesteela\n|move|p1a: Calyrex|Glacial Lance|p2a: Celesteela\n|-resisted|p2a: Celesteela\n|-damage|p2a: Celesteela|0 fnt\n|faint|p2a: Celesteela\n|-ability|p1a: Calyrex|Chilling Neigh|boost\n|-boost|p1a: Calyrex|atk|1\n|\n|-damage|p1a: Calyrex|0 fnt|[from] psn\n|faint|p1a: Calyrex\n|-fieldend|move: Trick Room\n|upkeep\n|\n|t:|1699794751\n|switch|p2a: Xurkitree|Xurkitree|100\/100\n|switch|p1a: Kyogre|Kyogre, tera:Water|88\/100\n|-weather|RainDance|[from] ability: Drizzle|[of] p1a: Kyogre\n|-damage|p2a: Xurkitree|88\/100|[from] Stealth Rock\n|-damage|p2a: Xurkitree|72\/100|[from] Spikes\n|turn|12\n|\n|t:|1699794774\n|move|p1a: Kyogre|Water Spout|p2a: Xurkitree\n|-damage|p2a: Xurkitree|0 fnt\n|faint|p2a: Xurkitree\n|\n|-weather|RainDance|[upkeep]\n|upkeep\n|\n|t:|1699794791\n|switch|p2a: Kartana|Kartana|84\/100\n|-damage|p2a: Kartana|78\/100|[from] Stealth Rock\n|-damage|p2a: Kartana|61\/100|[from] Spikes\n|turn|13\n|\n|t:|1699794798\n|switch|p1a: Porygon2|Porygon2|100\/100\n|-ability|p1a: Porygon2|Beast Boost|[from] ability: Trace|[of] p2a: Kartana\n|move|p2a: Kartana|Leaf Blade|p1a: Porygon2\n|-damage|p1a: Porygon2|60\/100\n|\n|-weather|RainDance|[upkeep]\n|upkeep\n|turn|14\n|\n|t:|1699794814\n|move|p2a: Kartana|Leaf Blade|p1a: Porygon2\n|-damage|p1a: Porygon2|21\/100\n|move|p1a: Porygon2|Trick Room|p1a: Porygon2\n|-fieldstart|move: Trick Room|[of] p1a: Porygon2\n|\n|-weather|RainDance|[upkeep]\n|upkeep\n|turn|15\n|\n|t:|1699794824\n|move|p2a: Kartana|Leaf Blade|p1a: Porygon2\n|-damage|p1a: Porygon2|0 fnt\n|faint|p1a: Porygon2\n|-ability|p2a: Kartana|Beast Boost|boost\n|-boost|p2a: Kartana|atk|1\n|\n|-weather|RainDance|[upkeep]\n|upkeep\n|\n|t:|1699794827\n|switch|p1a: Melmetal|Melmetal|100\/100\n|turn|16\n|\n|t:|1699794838\n|move|p1a: Melmetal|Superpower|p2a: Kartana\n|-supereffective|p2a: Kartana\n|-damage|p2a: Kartana|0 fnt\n|-unboost|p1a: Melmetal|atk|1\n|-unboost|p1a: Melmetal|def|1\n|faint|p2a: Kartana\n|\n|-weather|none\n|upkeep\n|\n|t:|1699794855\n|switch|p2a: Naganadel|Naganadel|100\/100\n|-damage|p2a: Naganadel|88\/100|[from] Stealth Rock\n|-damage|p2a: Naganadel|71\/100|[from] Spikes\n|turn|17\n|\n|t:|1699794864\n|switch|p1a: Hatterene|Hatterene, F|100\/100\n|move|p2a: Naganadel|Flamethrower|p1a: Hatterene\n|-damage|p1a: Hatterene|76\/100\n|\n|upkeep\n|turn|18\n|\n|t:|1699794883\n|switch|p2a: Pheromosa|Pheromosa|100\/100\n|-damage|p2a: Pheromosa|88\/100|[from] Stealth Rock\n|-damage|p2a: Pheromosa|72\/100|[from] Spikes\n|move|p1a: Hatterene|Nuzzle|p2a: Pheromosa\n|-damage|p2a: Pheromosa|61\/100\n|-status|p2a: Pheromosa|par\n|\n|-fieldend|move: Trick Room\n|upkeep\n|turn|19\n|\n|t:|1699794900\n|move|p2a: Pheromosa|Quiver Dance|p2a: Pheromosa\n|-boost|p2a: Pheromosa|spa|1\n|-boost|p2a: Pheromosa|spd|1\n|-boost|p2a: Pheromosa|spe|1\n|move|p1a: Hatterene|Trick Room|p1a: Hatterene\n|-fieldstart|move: Trick Room|[of] p1a: Hatterene\n|\n|upkeep\n|turn|20\n|\n|t:|1699794910\n|move|p1a: Hatterene|Misty Explosion|p2a: Pheromosa\n|-supereffective|p2a: Pheromosa\n|-damage|p2a: Pheromosa|0 fnt\n|faint|p1a: Hatterene\n|faint|p2a: Pheromosa\n|\n|upkeep\n|\n|t:|1699794918\n|switch|p1a: Melmetal|Melmetal|100\/100\n|switch|p2a: Naganadel|Naganadel|71\/100\n|-damage|p2a: Naganadel|59\/100|[from] Stealth Rock\n|-damage|p2a: Naganadel|42\/100|[from] Spikes\n|turn|21\n|\n|t:|1699794929\n|move|p1a: Melmetal|Double Iron Bash|p2a: Naganadel\n|-damage|p2a: Naganadel|0 fnt\n|faint|p2a: Naganadel\n|-hitcount|p2: Naganadel|1\n|\n|win|yadabosiggg\n|l|\u203d323232kk\n","uploadtime":1699795167,"views":13,"p1id":"yadabosiggg","p2id":"323232kk","formatid":"gen9nationaldexubers","rating":0,"private":0,"password":""}