{"id":"gen9nationaldexubers-1984039236","p1":"fabricro","p2":"Xebas230","format":"[Gen 9] National Dex Ubers","log":"|j|\u2606fabricro\n|j|\u2606Xebas230\n|t:|1699212439\n|gametype|singles\n|player|p1|fabricro|n|\n|player|p2|Xebas230|265|\n|teamsize|p1|6\n|teamsize|p2|6\n|gen|9\n|tier|[Gen 9] National Dex Ubers\n|rule|HP Percentage Mod: HP is shown in percentages\n|rule|Endless Battle Clause: Forcing endless battles is banned\n|rule|OHKO Clause: OHKO moves are banned\n|rule|Evasion Moves Clause: Evasion moves are banned\n|rule|Evasion Items Clause: Evasion items are banned\n|rule|Species Clause: Limit one of each Pok\u00e9mon\n|rule|Sleep Clause Mod: Limit one foe put to sleep\n|rule|Mega Rayquaza Clause: You cannot mega evolve Rayquaza\n|clearpoke\n|poke|p1|Fezandipiti, M|\n|poke|p1|Kleavor, F|\n|poke|p1|Gholdengo|\n|poke|p1|Mamoswine, F|\n|poke|p1|Porygon-Z|\n|poke|p1|Lopunny, F|\n|poke|p2|Forretress, M|\n|poke|p2|Lopunny, M|\n|poke|p2|Greninja-*, M|\n|poke|p2|Serperior, M|\n|poke|p2|Victini|\n|poke|p2|Azumarill, F|\n|teampreview\n|inactive|Battle timer is ON: inactive players will automatically lose when time's up. (requested by fabricro)\n|inactiveoff|Battle timer is now OFF.\n|\n|t:|1699212464\n|start\n|switch|p1a: Mamoswine|Mamoswine, F|100\/100\n|switch|p2a: Dindirindirin|Forretress, M|100\/100\n|turn|1\n|c|\u2606Xebas230|Buena suerte\n|\n|t:|1699212479\n|move|p1a: Mamoswine|Knock Off|p2a: Dindirindirin\n|-damage|p2a: Dindirindirin|72\/100\n|-enditem|p2a: Dindirindirin|Custap Berry|[from] move: Knock Off|[of] p1a: Mamoswine\n|move|p2a: Dindirindirin|Stealth Rock|p1a: Mamoswine\n|-sidestart|p1: fabricro|move: Stealth Rock\n|\n|upkeep\n|turn|2\n|\n|t:|1699212488\n|move|p1a: Mamoswine|Earthquake|p2a: Dindirindirin\n|-damage|p2a: Dindirindirin|24\/100\n|move|p2a: Dindirindirin|Explosion|p1a: Mamoswine\n|-damage|p1a: Mamoswine|25\/100\n|faint|p2a: Dindirindirin\n|\n|upkeep\n|\n|t:|1699212518\n|switch|p2a: Senton Duro|Lopunny, M|100\/100\n|turn|3\n|\n|t:|1699212530\n|detailschange|p2a: Senton Duro|Lopunny-Mega, M\n|-mega|p2a: Senton Duro|Lopunny|Lopunnite\n|move|p2a: Senton Duro|High Jump Kick|p1a: Mamoswine|[miss]\n|-miss|p2a: Senton Duro|p1a: Mamoswine\n|-damage|p2a: Senton Duro|50\/100|[from] highjumpkick\n|move|p1a: Mamoswine|Earthquake|p2a: Senton Duro\n|-damage|p2a: Senton Duro|0 fnt\n|faint|p2a: Senton Duro\n|\n|upkeep\n|\n|t:|1699212544\n|switch|p2a: Prepare to Die|Azumarill, F|100\/100\n|turn|4\n|\n|t:|1699212556\n|move|p1a: Mamoswine|Earthquake|p2a: Prepare to Die\n|-damage|p2a: Prepare to Die|43\/100\n|-enditem|p2a: Prepare to Die|Sitrus Berry|[eat]\n|-heal|p2a: Prepare to Die|68\/100|[from] item: Sitrus Berry\n|move|p2a: Prepare to Die|Superpower|p1a: Mamoswine\n|-supereffective|p1a: Mamoswine\n|-damage|p1a: Mamoswine|0 fnt\n|-unboost|p2a: Prepare to Die|atk|1\n|-unboost|p2a: Prepare to Die|def|1\n|faint|p1a: Mamoswine\n|\n|upkeep\n|\n|t:|1699212566\n|switch|p1a: Lopunny|Lopunny, F|100\/100\n|-damage|p1a: Lopunny|88\/100|[from] Stealth Rock\n|turn|5\n|\n|t:|1699212604\n|detailschange|p1a: Lopunny|Lopunny-Mega, F\n|-mega|p1a: Lopunny|Lopunny|Lopunnite\n|-terastallize|p2a: Prepare to Die|Water\n|move|p1a: Lopunny|Fake Out|p2a: Prepare to Die\n|-damage|p2a: Prepare to Die|34\/100\n|cant|p2a: Prepare to Die|flinch\n|\n|upkeep\n|turn|6\n|c|\u2606fabricro|Buena suerte a vos tambien\n|\n|t:|1699212620\n|move|p1a: Lopunny|Return|p2a: Prepare to Die\n|-damage|p2a: Prepare to Die|0 fnt\n|faint|p2a: Prepare to Die\n|\n|upkeep\n|\n|t:|1699212632\n|switch|p2a: Fire in the Hole|Victini|100\/100\n|turn|7\n|\n|t:|1699212638\n|move|p2a: Fire in the Hole|Zen Headbutt|p1a: Lopunny\n|-supereffective|p1a: Lopunny\n|-damage|p1a: Lopunny|0 fnt\n|faint|p1a: Lopunny\n|\n|upkeep\n|\n|t:|1699212655\n|switch|p1a: Gholdengo|Gholdengo|100\/100\n|-damage|p1a: Gholdengo|94\/100|[from] Stealth Rock\n|turn|8\n|\n|t:|1699212672\n|switch|p2a: Bloby|Greninja, M|100\/100\n|move|p1a: Gholdengo|Substitute|p1a: Gholdengo\n|-start|p1a: Gholdengo|Substitute\n|-damage|p1a: Gholdengo|70\/100\n|\n|-heal|p1a: Gholdengo|76\/100|[from] item: Leftovers\n|upkeep\n|turn|9\n|\n|t:|1699212683\n|move|p2a: Bloby|Spikes|p1a: Gholdengo\n|-sidestart|p1: fabricro|Spikes\n|move|p1a: Gholdengo|Make It Rain|p2a: Bloby\n|-resisted|p2a: Bloby\n|-damage|p2a: Bloby|43\/100\n|-unboost|p1a: Gholdengo|spa|1\n|\n|-heal|p1a: Gholdengo|82\/100|[from] item: Leftovers\n|upkeep\n|turn|10\n|\n|t:|1699212692\n|move|p2a: Bloby|Dark Pulse|p1a: Gholdengo\n|-supereffective|p1a: Gholdengo\n|-end|p1a: Gholdengo|Substitute\n|move|p1a: Gholdengo|Nasty Plot|p1a: Gholdengo\n|-boost|p1a: Gholdengo|spa|2\n|\n|-heal|p1a: Gholdengo|88\/100|[from] item: Leftovers\n|upkeep\n|turn|11\n|\n|t:|1699212703\n|-terastallize|p1a: Gholdengo|Steel\n|move|p2a: Bloby|Dark Pulse|p1a: Gholdengo\n|-damage|p1a: Gholdengo|47\/100\n|move|p1a: Gholdengo|Make It Rain|p2a: Bloby\n|-resisted|p2a: Bloby\n|-damage|p2a: Bloby|0 fnt\n|-unboost|p1a: Gholdengo|spa|1\n|faint|p2a: Bloby\n|\n|-heal|p1a: Gholdengo|53\/100|[from] item: Leftovers\n|upkeep\n|\n|t:|1699212712\n|switch|p2a: Fire in the Hole|Victini|100\/100\n|turn|12\n|\n|t:|1699212716\n|move|p2a: Fire in the Hole|V-create|p1a: Gholdengo\n|-supereffective|p1a: Gholdengo\n|-damage|p1a: Gholdengo|0 fnt\n|-unboost|p2a: Fire in the Hole|spe|1\n|-unboost|p2a: Fire in the Hole|def|1\n|-unboost|p2a: Fire in the Hole|spd|1\n|faint|p1a: Gholdengo\n|\n|upkeep\n|\n|t:|1699212719\n|switch|p1a: Kleavor|Kleavor, F|100\/100\n|-damage|p1a: Kleavor|76\/100|[from] Stealth Rock\n|-damage|p1a: Kleavor|63\/100|[from] Spikes\n|turn|13\n|\n|t:|1699212729\n|switch|p2a: Baez|Serperior, M|100\/100\n|move|p1a: Kleavor|X-Scissor|p2a: Baez\n|-supereffective|p2a: Baez\n|-damage|p2a: Baez|0 fnt\n|-damage|p1a: Kleavor|47\/100|[from] item: Rocky Helmet|[of] p2a: Baez\n|faint|p2a: Baez\n|\n|upkeep\n|\n|t:|1699212734\n|switch|p2a: Fire in the Hole|Victini|100\/100\n|turn|14\n|\n|t:|1699212743\n|move|p2a: Fire in the Hole|V-create|p1a: Kleavor\n|-damage|p1a: Kleavor|0 fnt\n|-unboost|p2a: Fire in the Hole|spe|1\n|-unboost|p2a: Fire in the Hole|def|1\n|-unboost|p2a: Fire in the Hole|spd|1\n|faint|p1a: Kleavor\n|\n|upkeep\n|\n|t:|1699212752\n|switch|p1a: Fezandipiti|Fezandipiti, M|100\/100\n|-damage|p1a: Fezandipiti|88\/100|[from] Stealth Rock\n|-damage|p1a: Fezandipiti|76\/100|[from] Spikes\n|turn|15\n|\n|t:|1699212759\n|move|p2a: Fire in the Hole|V-create|p1a: Fezandipiti\n|-damage|p1a: Fezandipiti|0 fnt\n|-unboost|p2a: Fire in the Hole|spe|1\n|-unboost|p2a: Fire in the Hole|def|1\n|-unboost|p2a: Fire in the Hole|spd|1\n|faint|p1a: Fezandipiti\n|\n|upkeep\n|\n|t:|1699212761\n|switch|p1a: Porygon-Z|Porygon-Z|100\/100\n|-damage|p1a: Porygon-Z|88\/100|[from] Stealth Rock\n|-damage|p1a: Porygon-Z|76\/100|[from] Spikes\n|-ability|p1a: Porygon-Z|Download|boost\n|-boost|p1a: Porygon-Z|spa|1\n|turn|16\n|\n|t:|1699212772\n|move|p1a: Porygon-Z|Discharge|p2a: Fire in the Hole\n|-damage|p2a: Fire in the Hole|16\/100\n|-status|p2a: Fire in the Hole|par\n|move|p2a: Fire in the Hole|V-create|p1a: Porygon-Z\n|-damage|p1a: Porygon-Z|0 fnt\n|-unboost|p2a: Fire in the Hole|spe|1\n|-unboost|p2a: Fire in the Hole|def|1\n|-unboost|p2a: Fire in the Hole|spd|1\n|faint|p1a: Porygon-Z\n|\n|win|Xebas230\n|l|\u2606fabricro\n|c|\u2606Xebas230|Gg\n","uploadtime":1699212794,"views":4,"p1id":"fabricro","p2id":"xebas230","formatid":"gen9nationaldexubers","rating":0,"private":0,"password":""}