{"id":"gen9nationaldexubers-1996225856","p1":"danish13","p2":"Muhammad siam","format":"[Gen 9] National Dex Ubers","log":"|j|\u2606danish13\n|j|\u2606Muhammad siam\n|t:|1700661345\n|gametype|singles\n|player|p1|danish13|lance|1536\n|player|p2|Muhammad siam|blue|1662\n|teamsize|p1|6\n|teamsize|p2|6\n|gen|9\n|tier|[Gen 9] National Dex Ubers\n|rated|\n|rule|HP Percentage Mod: HP is shown in percentages\n|rule|Endless Battle Clause: Forcing endless battles is banned\n|rule|OHKO Clause: OHKO moves are banned\n|rule|Evasion Moves Clause: Evasion moves are banned\n|rule|Evasion Items Clause: Evasion items are banned\n|rule|Species Clause: Limit one of each Pok\u00e9mon\n|rule|Sleep Clause Mod: Limit one foe put to sleep\n|rule|Mega Rayquaza Clause: You cannot mega evolve Rayquaza\n|clearpoke\n|poke|p1|Salamence, M|\n|poke|p1|Yveltal|\n|poke|p1|Arceus|\n|poke|p1|Rayquaza|\n|poke|p1|Groudon|\n|poke|p1|Zygarde|\n|poke|p2|Zygarde|\n|poke|p2|Kyogre|\n|poke|p2|Necrozma-Dusk-Mane|\n|poke|p2|Arceus|\n|poke|p2|Yveltal|\n|poke|p2|Calyrex-Ice|\n|teampreview\n|inactive|Battle timer is ON: inactive players will automatically lose when time's up. (requested by danish13)\n|inactive|Muhammad siam also wants the timer to be on.\n|\n|t:|1700661351\n|start\n|switch|p1a: Zygarde|Zygarde|100\/100\n|switch|p2a: Yveltal|Yveltal, shiny|100\/100\n|-ability|p2a: Yveltal|Dark Aura\n|turn|1\n|\n|t:|1700661358\n|move|p2a: Yveltal|Dark Pulse|p1a: Zygarde\n|-damage|p1a: Zygarde|59\/100\n|move|p1a: Zygarde|Coil|p1a: Zygarde\n|-boost|p1a: Zygarde|atk|1\n|-boost|p1a: Zygarde|def|1\n|-boost|p1a: Zygarde|accuracy|1\n|\n|upkeep\n|turn|2\n|inactive|Muhammad siam has 120 seconds left.\n|\n|t:|1700661416\n|-zpower|p2a: Yveltal\n|move|p2a: Yveltal|Supersonic Skystrike|p1a: Zygarde|[zeffect]\n|-crit|p1a: Zygarde\n|-damage|p1a: Zygarde|0 fnt\n|faint|p1a: Zygarde\n|\n|upkeep\n|\n|t:|1700661439\n|switch|p1a: Arceus|Arceus|100\/100\n|turn|3\n|\n|t:|1700661453\n|move|p2a: Yveltal|Dark Pulse|p1a: Arceus\n|-damage|p1a: Arceus|56\/100\n|move|p1a: Arceus|Dragon Dance|p1a: Arceus\n|-boost|p1a: Arceus|atk|1\n|-boost|p1a: Arceus|spe|1\n|\n|upkeep\n|turn|4\n|\n|t:|1700661465\n|move|p1a: Arceus|Stone Edge|p2a: Yveltal\n|-supereffective|p2a: Yveltal\n|-damage|p2a: Yveltal|0 fnt\n|faint|p2a: Yveltal\n|\n|upkeep\n|\n|t:|1700661471\n|switch|p2a: Arceus|Arceus, shiny|100\/100\n|turn|5\n|\n|t:|1700661478\n|move|p1a: Arceus|Extreme Speed|p2a: Arceus\n|-crit|p2a: Arceus\n|-damage|p2a: Arceus|30\/100\n|move|p2a: Arceus|Swords Dance|p2a: Arceus\n|-boost|p2a: Arceus|atk|2\n|\n|-heal|p2a: Arceus|36\/100|[from] item: Leftovers\n|upkeep\n|turn|6\n|inactive|Muhammad siam has 90 seconds left.\n|\n|t:|1700661515\n|-terastallize|p1a: Arceus|Ground\n|-terastallize|p2a: Arceus|Ghost\n|move|p1a: Arceus|Earthquake|p2a: Arceus\n|-damage|p2a: Arceus|0 fnt\n|faint|p2a: Arceus\n|\n|upkeep\n|\n|t:|1700661525\n|switch|p2a: Kyogre|Kyogre, shiny|100\/100\n|detailschange|p2a: Kyogre|Kyogre-Primal, shiny\n|-primal|p2a: Kyogre|Blue Orb\n|-weather|PrimordialSea|[from] ability: Primordial Sea|[of] p2a: Kyogre\n|turn|7\n|\n|t:|1700661530\n|move|p1a: Arceus|Earthquake|p2a: Kyogre\n|-damage|p2a: Kyogre|13\/100\n|move|p2a: Kyogre|Ice Beam|p1a: Arceus\n|-supereffective|p1a: Arceus\n|-damage|p1a: Arceus|0 fnt\n|faint|p1a: Arceus\n|\n|-weather|PrimordialSea|[upkeep]\n|upkeep\n|\n|t:|1700661540\n|switch|p1a: Rayquaza|Rayquaza|100\/100\n|-ability|p1a: Rayquaza|Air Lock\n|turn|8\n|\n|t:|1700661549\n|move|p1a: Rayquaza|Extreme Speed|p2a: Kyogre\n|-damage|p2a: Kyogre|0 fnt\n|faint|p2a: Kyogre\n|-weather|none\n|-damage|p1a: Rayquaza|91\/100|[from] item: Life Orb\n|\n|upkeep\n|\n|t:|1700661557\n|switch|p2a: Calyrex|Calyrex-Ice|100\/100\n|-ability|p2a: Calyrex|As One\n|-ability|p2a: Calyrex|Unnerve\n|turn|9\n|\n|t:|1700661563\n|switch|p1a: Groudon|Groudon|100\/100\n|-weather|SunnyDay|[from] ability: Drought|[of] p1a: Groudon\n|move|p2a: Calyrex|Trick Room|p2a: Calyrex\n|-fieldstart|move: Trick Room|[of] p2a: Calyrex\n|\n|-weather|SunnyDay|[upkeep]\n|upkeep\n|turn|10\n|\n|t:|1700661575\n|move|p2a: Calyrex|High Horsepower|p1a: Groudon\n|-damage|p1a: Groudon|70\/100\n|move|p1a: Groudon|Dragon Tail|p2a: Calyrex\n|-damage|p2a: Calyrex|88\/100\n|drag|p2a: Zygarde|Zygarde, shiny|100\/100\n|\n|-weather|SunnyDay|[upkeep]\n|-heal|p1a: Groudon|76\/100|[from] item: Leftovers\n|upkeep\n|turn|11\n|\n|t:|1700661604\n|move|p2a: Zygarde|Substitute|p2a: Zygarde\n|-start|p2a: Zygarde|Substitute\n|-damage|p2a: Zygarde|76\/100\n|move|p1a: Groudon|Dragon Tail|p2a: Zygarde\n|-supereffective|p2a: Zygarde\n|-end|p2a: Zygarde|Substitute\n|\n|-weather|SunnyDay|[upkeep]\n|-heal|p2a: Zygarde|82\/100|[from] item: Leftovers\n|-heal|p1a: Groudon|82\/100|[from] item: Leftovers\n|upkeep\n|turn|12\n|\n|t:|1700661613\n|move|p2a: Zygarde|Thousand Arrows|p1a: Groudon\n|-damage|p1a: Groudon|54\/100\n|move|p1a: Groudon|Stealth Rock|p2a: Zygarde\n|-sidestart|p2: Muhammad siam|move: Stealth Rock\n|\n|-weather|SunnyDay|[upkeep]\n|-heal|p2a: Zygarde|88\/100|[from] item: Leftovers\n|-heal|p1a: Groudon|60\/100|[from] item: Leftovers\n|upkeep\n|turn|13\n|\n|t:|1700661621\n|move|p2a: Zygarde|Substitute|p2a: Zygarde\n|-start|p2a: Zygarde|Substitute\n|-damage|p2a: Zygarde|63\/100\n|move|p1a: Groudon|Dragon Tail|p2a: Zygarde\n|-supereffective|p2a: Zygarde\n|-end|p2a: Zygarde|Substitute\n|\n|-weather|none\n|-heal|p2a: Zygarde|69\/100|[from] item: Leftovers\n|-heal|p1a: Groudon|66\/100|[from] item: Leftovers\n|-fieldend|move: Trick Room\n|upkeep\n|turn|14\n|\n|t:|1700661631\n|move|p2a: Zygarde|Substitute|p2a: Zygarde\n|-start|p2a: Zygarde|Substitute\n|-damage|p2a: Zygarde|45\/100\n|move|p1a: Groudon|Dragon Tail|p2a: Zygarde\n|-supereffective|p2a: Zygarde\n|-end|p2a: Zygarde|Substitute\n|\n|-heal|p1a: Groudon|72\/100|[from] item: Leftovers\n|-heal|p2a: Zygarde|51\/100|[from] item: Leftovers\n|upkeep\n|turn|15\n|\n|t:|1700661639\n|move|p1a: Groudon|Earthquake|p2a: Zygarde\n|-damage|p2a: Zygarde|17\/100\n|move|p2a: Zygarde|Substitute|p2a: Zygarde\n|-fail|p2a: Zygarde|move: Substitute|[weak]\n|\n|-heal|p1a: Groudon|78\/100|[from] item: Leftovers\n|-heal|p2a: Zygarde|23\/100|[from] item: Leftovers\n|-activate|p2a: Zygarde|ability: Power Construct\n|detailschange|p2a: Zygarde|Zygarde-Complete, shiny\n|-heal|p2a: Zygarde|49\/100|[silent]\n|upkeep\n|turn|16\n|\n|t:|1700661651\n|move|p2a: Zygarde|Substitute|p2a: Zygarde\n|-start|p2a: Zygarde|Substitute\n|-damage|p2a: Zygarde|25\/100\n|move|p1a: Groudon|Dragon Tail|p2a: Zygarde\n|-supereffective|p2a: Zygarde\n|-activate|p2a: Zygarde|move: Substitute|[damage]\n|\n|-heal|p1a: Groudon|84\/100|[from] item: Leftovers\n|-heal|p2a: Zygarde|31\/100|[from] item: Leftovers\n|upkeep\n|turn|17\n|\n|t:|1700661659\n|move|p2a: Zygarde|Coil|p2a: Zygarde\n|-boost|p2a: Zygarde|atk|1\n|-boost|p2a: Zygarde|def|1\n|-boost|p2a: Zygarde|accuracy|1\n|move|p1a: Groudon|Dragon Tail|p2a: Zygarde\n|-supereffective|p2a: Zygarde\n|-crit|p2a: Zygarde\n|-end|p2a: Zygarde|Substitute\n|\n|-heal|p1a: Groudon|90\/100|[from] item: Leftovers\n|-heal|p2a: Zygarde|37\/100|[from] item: Leftovers\n|upkeep\n|turn|18\n|\n|t:|1700661670\n|move|p1a: Groudon|Earthquake|p2a: Zygarde\n|-damage|p2a: Zygarde|22\/100\n|move|p2a: Zygarde|Substitute|p2a: Zygarde\n|-fail|p2a: Zygarde|move: Substitute|[weak]\n|\n|-heal|p1a: Groudon|96\/100|[from] item: Leftovers\n|-heal|p2a: Zygarde|28\/100|[from] item: Leftovers\n|upkeep\n|turn|19\n|\n|t:|1700661678\n|move|p1a: Groudon|Earthquake|p2a: Zygarde\n|-damage|p2a: Zygarde|14\/100\n|move|p2a: Zygarde|Substitute|p2a: Zygarde\n|-fail|p2a: Zygarde|move: Substitute|[weak]\n|\n|-heal|p1a: Groudon|100\/100|[from] item: Leftovers\n|-heal|p2a: Zygarde|20\/100|[from] item: Leftovers\n|upkeep\n|turn|20\n|\n|t:|1700661685\n|move|p2a: Zygarde|Thousand Arrows|p1a: Groudon\n|-damage|p1a: Groudon|56\/100\n|move|p1a: Groudon|Dragon Tail|p2a: Zygarde\n|-supereffective|p2a: Zygarde\n|-damage|p2a: Zygarde|8\/100\n|drag|p2a: Calyrex|Calyrex-Ice|88\/100\n|-ability|p2a: Calyrex|As One\n|-ability|p2a: Calyrex|Unnerve\n|-damage|p2a: Calyrex|64\/100|[from] Stealth Rock\n|\n|-heal|p1a: Groudon|62\/100|[from] item: Leftovers\n|upkeep\n|turn|21\n|\n|t:|1700661698\n|move|p1a: Groudon|Rock Slide|p2a: Calyrex\n|-supereffective|p2a: Calyrex\n|-damage|p2a: Calyrex|34\/100\n|-enditem|p2a: Calyrex|Weakness Policy\n|-boost|p2a: Calyrex|atk|2|[from] item: Weakness Policy\n|-boost|p2a: Calyrex|spa|2|[from] item: Weakness Policy\n|cant|p2a: Calyrex|flinch\n|\n|-heal|p1a: Groudon|68\/100|[from] item: Leftovers\n|upkeep\n|turn|22\n|\n|t:|1700661706\n|move|p1a: Groudon|Rock Slide|p2a: Calyrex\n|-supereffective|p2a: Calyrex\n|-damage|p2a: Calyrex|3\/100\n|move|p2a: Calyrex|Trick Room|p2a: Calyrex\n|-fieldstart|move: Trick Room|[of] p2a: Calyrex\n|\n|-heal|p1a: Groudon|74\/100|[from] item: Leftovers\n|upkeep\n|turn|23\n|\n|t:|1700661715\n|move|p2a: Calyrex|High Horsepower|p1a: Groudon\n|-damage|p1a: Groudon|17\/100\n|move|p1a: Groudon|Rock Slide|p2a: Calyrex\n|-supereffective|p2a: Calyrex\n|-damage|p2a: Calyrex|0 fnt\n|faint|p2a: Calyrex\n|\n|-heal|p1a: Groudon|23\/100|[from] item: Leftovers\n|upkeep\n|\n|t:|1700661721\n|switch|p2a: Necrozma|Necrozma-Dusk-Mane, shiny|100\/100\n|-damage|p2a: Necrozma|94\/100|[from] Stealth Rock\n|turn|24\n|\n|t:|1700661728\n|move|p2a: Necrozma|Photon Geyser|p1a: Groudon\n|-damage|p1a: Groudon|0 fnt\n|faint|p1a: Groudon\n|\n|upkeep\n|\n|t:|1700661737\n|switch|p1a: Yveltal|Yveltal|100\/100\n|-ability|p1a: Yveltal|Dark Aura\n|turn|25\n|\n|t:|1700661743\n|move|p2a: Necrozma|Sunsteel Strike|p1a: Yveltal\n|-damage|p1a: Yveltal|50\/100\n|move|p1a: Yveltal|Foul Play|p2a: Necrozma\n|-supereffective|p2a: Necrozma\n|-damage|p2a: Necrozma|14\/100\n|-enditem|p2a: Necrozma|Weakness Policy\n|-boost|p2a: Necrozma|atk|2|[from] item: Weakness Policy\n|-boost|p2a: Necrozma|spa|2|[from] item: Weakness Policy\n|\n|upkeep\n|turn|26\n|\n|t:|1700661753\n|move|p1a: Yveltal|Sucker Punch|p2a: Necrozma\n|-supereffective|p2a: Necrozma\n|-damage|p2a: Necrozma|0 fnt\n|faint|p2a: Necrozma\n|\n|-fieldend|move: Trick Room\n|upkeep\n|\n|t:|1700661757\n|switch|p2a: Zygarde|Zygarde-Complete, shiny|8\/100\n|-damage|p2a: Zygarde|2\/100|[from] Stealth Rock\n|turn|27\n|\n|t:|1700661761\n|move|p2a: Zygarde|Extreme Speed|p1a: Yveltal\n|-damage|p1a: Yveltal|28\/100\n|move|p1a: Yveltal|Foul Play|p2a: Zygarde\n|-damage|p2a: Zygarde|0 fnt\n|faint|p2a: Zygarde\n|\n|win|danish13\n|raw|danish13's rating: 1536 &rarr; <strong>1563<\/strong><br \/>(+27 for winning)\n|raw|Muhammad siam's rating: 1662 &rarr; <strong>1635<\/strong><br \/>(-27 for losing)\n|l|\u2606danish13\n|l|\u2606Muhammad siam\n","uploadtime":1700661782,"views":0,"p1id":"danish13","p2id":"muhammadsiam","formatid":"gen9nationaldexubers","rating":1563,"private":0,"password":""}