{"id":"gen9nationaldexubers-1989350128","p1":"miyami~~","p2":"dis emblemier","format":"[Gen 9] National Dex Ubers","log":"|j|\u2606miyami~~\n|j|\u2606dis emblemier\n|t:|1699839425\n|gametype|singles\n|player|p1|miyami~~|swimmerf-gen4dp|\n|player|p2|dis emblemier|266|\n|teamsize|p1|6\n|teamsize|p2|6\n|gen|9\n|tier|[Gen 9] National Dex Ubers\n|rule|HP Percentage Mod: HP is shown in percentages\n|rule|Endless Battle Clause: Forcing endless battles is banned\n|rule|OHKO Clause: OHKO moves are banned\n|rule|Evasion Moves Clause: Evasion moves are banned\n|rule|Evasion Items Clause: Evasion items are banned\n|rule|Species Clause: Limit one of each Pok\u00e9mon\n|rule|Sleep Clause Mod: Limit one foe put to sleep\n|rule|Mega Rayquaza Clause: You cannot mega evolve Rayquaza\n|clearpoke\n|poke|p1|Manectric, M|\n|poke|p1|Tapu Lele|\n|poke|p1|Landorus-Therian, M|\n|poke|p1|Blastoise, F|\n|poke|p1|Hawlucha, M|\n|poke|p1|Armarouge, F|\n|poke|p2|Mawile, F|\n|poke|p2|Rotom-Heat|\n|poke|p2|Slither Wing|\n|poke|p2|Iron Valiant|\n|poke|p2|Greninja-*, M|\n|poke|p2|Mew|\n|teampreview\n|c|\u2606dis emblemier|hulo\n|c|\u2606miyami~~|hiya\n|c|\u2606dis emblemier|been a while\n|c|\u2606miyami~~|mhm\n|c|\u2606dis emblemier|btw idk if ive said it but congrats on the employment after the long search\n|c|\u2606miyami~~|thank you!!\n|c|\u2606dis emblemier|hows it been treating you?\n|c|\u2606miyami~~|it's not too bad except for inventory\n|c|\u2606miyami~~|I was not built to lift things\n|j| Necriotic\n|c|\u2606dis emblemier|i feel that\n|c|\u2606dis emblemier|shall we wait for a tad bit longer?\n|c|\u2606dis emblemier|i gotta check on oven\n|c| Necriotic|swoleraphy incoming\n|j| dogkin4\n|j| Vaeternum\n|c|\u2606dis emblemier|good to start whenever\n|c| Necriotic|lets have a good clean match\n|c| Necriotic|all except mine this week have been decided in part by a crit\n|c|\u2606dis emblemier|good to go?\n|c|\u2606miyami~~|tragic\n|c|\u2606miyami~~|yup\n|c|\u2606dis emblemier|tragic to go\n|c|\u2606dis emblemier|gl\n|c|\u2606miyami~~|good luck!\n|\n|t:|1699839935\n|start\n|switch|p1a: Manectric|Manectric, M, shiny|100\/100\n|switch|p2a: Dat boi|Greninja, M|100\/100\n|turn|1\n|c| Necriotic|no nicknames\n|c| Necriotic|pensive\n|\n|t:|1699839955\n|detailschange|p1a: Manectric|Manectric-Mega, M, shiny\n|-mega|p1a: Manectric|Manectric|Manectite\n|-ability|p1a: Manectric|Intimidate|boost\n|-unboost|p2a: Dat boi|atk|1\n|move|p1a: Manectric|Volt Switch|p2a: Dat boi\n|-supereffective|p2a: Dat boi\n|-damage|p2a: Dat boi|0 fnt\n|faint|p2a: Dat boi\n|c| dogkin4|greninja \/afd goes hard\n|c|\u2606dis emblemier|pensive\n|\n|t:|1699839967\n|switch|p1a: Tapu Lele|Tapu Lele, shiny|100\/100|[from] Volt Switch\n|-fieldstart|move: Psychic Terrain|[from] ability: Psychic Surge|[of] p1a: Tapu Lele\n|\n|upkeep\n|c| Necriotic|how do i un afd\n|c| dogkin4|do \/afd off\n|c| Vaeternum|what is lele supposed to be\n|\n|t:|1699839996\n|switch|p2a: 400 degrees|Rotom-Heat, shiny|100\/100\n|turn|2\n|c| Vaeternum|an acorn?\n|c| Necriotic|idk bro\n|c| dogkin4|400 degree glowing hot rotom\n|\n|t:|1699840036\n|move|p1a: Tapu Lele|Calm Mind|p1a: Tapu Lele\n|-boost|p1a: Tapu Lele|spa|1\n|-boost|p1a: Tapu Lele|spd|1\n|move|p2a: 400 degrees|Will-O-Wisp|p1a: Tapu Lele\n|-status|p1a: Tapu Lele|brn\n|\n|-damage|p1a: Tapu Lele|94\/100 brn|[from] brn\n|upkeep\n|turn|3\n|\n|t:|1699840049\n|move|p1a: Tapu Lele|Psyshock|p2a: 400 degrees\n|-damage|p2a: 400 degrees|0 fnt\n|faint|p2a: 400 degrees\n|\n|-damage|p1a: Tapu Lele|88\/100 brn|[from] brn\n|upkeep\n|\n|t:|1699840070\n|switch|p2a: Gnawm Gnawm|Mawile, F|100\/100\n|-ability|p2a: Gnawm Gnawm|Intimidate|boost\n|-unboost|p1a: Tapu Lele|atk|1\n|turn|4\n|\n|t:|1699840099\n|switch|p1a: Landorus|Landorus-Therian, M, shiny|100\/100\n|-ability|p1a: Landorus|Intimidate|boost\n|-unboost|p2a: Gnawm Gnawm|atk|1\n|detailschange|p2a: Gnawm Gnawm|Mawile-Mega, F\n|-mega|p2a: Gnawm Gnawm|Mawile|Mawilite\n|move|p2a: Gnawm Gnawm|Play Rough|p1a: Landorus\n|-damage|p1a: Landorus|32\/100\n|\n|-heal|p1a: Landorus|38\/100|[from] item: Leftovers\n|upkeep\n|turn|5\n|c| Necriotic|big damage\n|c| Necriotic|-1 btw\n|c| Vaeternum|the chain chomps lmao\n|\n|t:|1699840150\n|switch|p2a: Large vehicle|Slither Wing|100\/100\n|move|p1a: Landorus|Stealth Rock|p2a: Large vehicle\n|-sidestart|p2: dis emblemier|move: Stealth Rock\n|\n|-heal|p1a: Landorus|44\/100|[from] item: Leftovers\n|upkeep\n|turn|6\n|c|\u2606dis emblemier|tyty\n|\n|t:|1699840162\n|move|p1a: Landorus|U-turn|p2a: Large vehicle\n|-resisted|p2a: Large vehicle\n|-damage|p2a: Large vehicle|83\/100\n|\n|t:|1699840166\n|switch|p1a: Manectric|Manectric-Mega, M, shiny|100\/100|[from] U-turn\n|-ability|p1a: Manectric|Intimidate|boost\n|-unboost|p2a: Large vehicle|atk|1\n|move|p2a: Large vehicle|Flare Blitz|p1a: Manectric\n|-damage|p1a: Manectric|68\/100\n|-damage|p2a: Large vehicle|75\/100|[from] Recoil\n|\n|-heal|p2a: Large vehicle|81\/100|[from] item: Leftovers\n|upkeep\n|turn|7\n|\n|t:|1699840182\n|-terastallize|p2a: Large vehicle|Electric\n|move|p1a: Manectric|Volt Switch|p2a: Large vehicle\n|-resisted|p2a: Large vehicle\n|-damage|p2a: Large vehicle|70\/100\n|\n|t:|1699840196\n|switch|p1a: Landorus|Landorus-Therian, M, shiny|44\/100|[from] Volt Switch\n|-ability|p1a: Landorus|Intimidate|boost\n|-unboost|p2a: Large vehicle|atk|1\n|move|p2a: Large vehicle|Will-O-Wisp|p1a: Landorus|[miss]\n|-miss|p2a: Large vehicle|p1a: Landorus\n|\n|-heal|p1a: Landorus|50\/100|[from] item: Leftovers\n|-heal|p2a: Large vehicle|76\/100|[from] item: Leftovers\n|upkeep\n|turn|8\n|c| Necriotic|bruh\n|c| dogkin4|william wisp moment\n|c|\u2606dis emblemier|a\n|\n|t:|1699840225\n|-end|p2a: Large vehicle|Protosynthesis|[silent]\n|switch|p2a: Dusklops|Mew, shiny|100\/100\n|-damage|p2a: Dusklops|88\/100|[from] Stealth Rock\n|move|p1a: Landorus|Taunt|p2a: Dusklops\n|-start|p2a: Dusklops|move: Taunt\n|\n|-heal|p1a: Landorus|56\/100|[from] item: Leftovers\n|-heal|p2a: Dusklops|94\/100|[from] item: Leftovers\n|-fieldend|move: Psychic Terrain\n|upkeep\n|turn|9\n|\n|t:|1699840229\n|move|p1a: Landorus|U-turn|p2a: Dusklops\n|-supereffective|p2a: Dusklops\n|-damage|p2a: Dusklops|51\/100\n|\n|t:|1699840233\n|switch|p1a: Tapu Lele|Tapu Lele, shiny|88\/100 brn|[from] U-turn\n|-fieldstart|move: Psychic Terrain|[from] ability: Psychic Surge|[of] p1a: Tapu Lele\n|move|p2a: Dusklops|Night Shade|p1a: Tapu Lele\n|-damage|p1a: Tapu Lele|53\/100 brn\n|\n|-heal|p2a: Dusklops|57\/100|[from] item: Leftovers\n|-damage|p1a: Tapu Lele|47\/100 brn|[from] brn\n|upkeep\n|turn|10\n|\n|t:|1699840238\n|switch|p1a: Landorus|Landorus-Therian, M, shiny|56\/100\n|-ability|p1a: Landorus|Intimidate|boost\n|-unboost|p2a: Dusklops|atk|1\n|move|p2a: Dusklops|Night Shade|p1a: Landorus\n|-damage|p1a: Landorus|25\/100\n|\n|-heal|p1a: Landorus|31\/100|[from] item: Leftovers\n|-heal|p2a: Dusklops|63\/100|[from] item: Leftovers\n|-end|p2a: Dusklops|move: Taunt\n|upkeep\n|turn|11\n|\n|t:|1699840245\n|move|p2a: Dusklops|Protect|p2a: Dusklops\n|-singleturn|p2a: Dusklops|Protect\n|move|p1a: Landorus|Taunt|p2a: Dusklops\n|-activate|p2a: Dusklops|move: Protect\n|\n|-heal|p1a: Landorus|37\/100|[from] item: Leftovers\n|-heal|p2a: Dusklops|69\/100|[from] item: Leftovers\n|upkeep\n|turn|12\n|\n|t:|1699840249\n|move|p1a: Landorus|Taunt|p2a: Dusklops\n|-start|p2a: Dusklops|move: Taunt\n|move|p2a: Dusklops|Night Shade|p1a: Landorus\n|-damage|p1a: Landorus|6\/100\n|\n|-heal|p1a: Landorus|11\/100|[from] item: Leftovers\n|-heal|p2a: Dusklops|75\/100|[from] item: Leftovers\n|upkeep\n|turn|13\n|\n|t:|1699840257\n|move|p1a: Landorus|Earthquake|p2a: Dusklops\n|-damage|p2a: Dusklops|32\/100\n|move|p2a: Dusklops|Night Shade|p1a: Landorus\n|-damage|p1a: Landorus|0 fnt\n|faint|p1a: Landorus\n|\n|-heal|p2a: Dusklops|38\/100|[from] item: Leftovers\n|upkeep\n|\n|t:|1699840260\n|switch|p1a: Hawlucha|Hawlucha, M, shiny|100\/100\n|-enditem|p1a: Hawlucha|Psychic Seed\n|-boost|p1a: Hawlucha|spd|1|[from] item: Psychic Seed\n|turn|14\n|\n|t:|1699840268\n|switch|p2a: Gnawm Gnawm|Mawile-Mega, F|100\/100\n|-damage|p2a: Gnawm Gnawm|95\/100|[from] Stealth Rock\n|move|p1a: Hawlucha|Swords Dance|p1a: Hawlucha\n|-boost|p1a: Hawlucha|atk|2\n|\n|upkeep\n|turn|15\n|\n|t:|1699840274\n|move|p1a: Hawlucha|Substitute|p1a: Hawlucha\n|-start|p1a: Hawlucha|Substitute\n|-damage|p1a: Hawlucha|76\/100\n|move|p2a: Gnawm Gnawm|Play Rough|p1a: Hawlucha\n|-supereffective|p1a: Hawlucha\n|-end|p1a: Hawlucha|Substitute\n|\n|upkeep\n|turn|16\n|\n|t:|1699840279\n|move|p1a: Hawlucha|High Jump Kick|p2a: Gnawm Gnawm\n|-damage|p2a: Gnawm Gnawm|0 fnt\n|faint|p2a: Gnawm Gnawm\n|\n|-fieldend|move: Psychic Terrain\n|upkeep\n|\n|t:|1699840289\n|switch|p2a: T H E Y|Iron Valiant|100\/100\n|-damage|p2a: T H E Y|94\/100|[from] Stealth Rock\n|-enditem|p2a: T H E Y|Booster Energy\n|-activate|p2a: T H E Y|ability: Quark Drive|[fromitem]\n|-start|p2a: T H E Y|quarkdrivespe\n|turn|17\n|c| dogkin4|LMAO iron valiant afd\n|\n|t:|1699840303\n|move|p1a: Hawlucha|Brave Bird|p2a: T H E Y\n|-supereffective|p2a: T H E Y\n|-damage|p2a: T H E Y|0 fnt\n|faint|p2a: T H E Y\n|-end|p2a: T H E Y|Quark Drive|[silent]\n|-damage|p1a: Hawlucha|46\/100|[from] Recoil\n|\n|upkeep\n|\n|t:|1699840314\n|switch|p2a: Large vehicle|Slither Wing, tera:Electric|76\/100\n|-damage|p2a: Large vehicle|64\/100|[from] Stealth Rock\n|turn|18\n|\n|t:|1699840328\n|-end|p2a: Large vehicle|Protosynthesis|[silent]\n|switch|p2a: Dusklops|Mew, shiny|38\/100\n|-damage|p2a: Dusklops|25\/100|[from] Stealth Rock\n|move|p1a: Hawlucha|High Jump Kick|p2a: Dusklops\n|-resisted|p2a: Dusklops\n|-damage|p2a: Dusklops|0 fnt\n|faint|p2a: Dusklops\n|\n|upkeep\n|\n|t:|1699840335\n|switch|p2a: Large vehicle|Slither Wing, tera:Electric|64\/100\n|-damage|p2a: Large vehicle|52\/100|[from] Stealth Rock\n|turn|19\n|c|\u2606dis emblemier|rats\n|c| Necriotic|luckiest mf\n|c|\u2606dis emblemier|gg\n|\n|t:|1699840348\n|move|p1a: Hawlucha|High Jump Kick|p2a: Large vehicle\n|-damage|p2a: Large vehicle|0 fnt\n|faint|p2a: Large vehicle\n|-end|p2a: Large vehicle|Protosynthesis|[silent]\n|\n|win|miyami~~\n|c|\u2606miyami~~|gg\n|c|\u2606dis emblemier|willo moment :(\n|l| dogkin4\n|l|\u2606dis emblemier\n|j| clockrens\n","uploadtime":1699840386,"views":27,"p1id":"miyami","p2id":"disemblemier","formatid":"gen9nationaldexubers","rating":0,"private":0,"password":""}