{"id":"gen9nationaldexubers-1983010727","p1":"tbor2002","p2":"lunchbox5536","format":"[Gen 9] National Dex Ubers","log":"|j|\u2606tbor2002\n|j|\u2606lunchbox5536\n|t:|1699069647\n|gametype|singles\n|player|p1|tbor2002|wattson|\n|player|p2|lunchbox5536|ghetsis|\n|teamsize|p1|6\n|teamsize|p2|6\n|gen|9\n|tier|[Gen 9] National Dex Ubers\n|rule|HP Percentage Mod: HP is shown in percentages\n|rule|Endless Battle Clause: Forcing endless battles is banned\n|rule|OHKO Clause: OHKO moves are banned\n|rule|Evasion Moves Clause: Evasion moves are banned\n|rule|Evasion Items Clause: Evasion items are banned\n|rule|Species Clause: Limit one of each Pok\u00e9mon\n|rule|Sleep Clause Mod: Limit one foe put to sleep\n|rule|Mega Rayquaza Clause: You cannot mega evolve Rayquaza\n|clearpoke\n|poke|p1|Walking Wake|\n|poke|p1|Muk-Alola, F|\n|poke|p1|Jolteon, F|\n|poke|p1|Toxicroak, F|\n|poke|p1|Falinks|\n|poke|p1|Glimmet, F|\n|poke|p2|Torkoal, M|\n|poke|p2|Zoroark-Hisui, M|\n|poke|p2|Grimmsnarl, M|\n|poke|p2|Articuno|\n|poke|p2|Leafeon, F|\n|poke|p2|Shelgon, F|\n|teampreview\n|\n|t:|1699069696\n|start\n|switch|p1a: Glimmet|Glimmet, F|100\/100\n|switch|p2a: Grimmsnarl|Grimmsnarl, M|100\/100\n|turn|1\n|\n|t:|1699069706\n|move|p2a: Grimmsnarl|Taunt|p1a: Glimmet\n|-start|p1a: Glimmet|move: Taunt\n|cant|p1a: Glimmet|move: Taunt|Stealth Rock\n|\n|upkeep\n|turn|2\n|\n|t:|1699069720\n|switch|p2a: Torkoal|Torkoal, M|100\/100\n|-weather|SunnyDay|[from] ability: Drought|[of] p2a: Torkoal\n|move|p1a: Glimmet|Power Gem|p2a: Torkoal\n|-supereffective|p2a: Torkoal\n|-damage|p2a: Torkoal|39\/100\n|\n|-weather|SunnyDay|[upkeep]\n|upkeep\n|turn|3\n|\n|t:|1699069733\n|switch|p2a: Leafeon|Leafeon, F|100\/100\n|move|p1a: Glimmet|Power Gem|p2a: Leafeon\n|-damage|p2a: Leafeon|36\/100\n|\n|-weather|SunnyDay|[upkeep]\n|-end|p1a: Glimmet|move: Taunt\n|upkeep\n|turn|4\n|\n|t:|1699069746\n|move|p2a: Leafeon|Solar Blade||[still]\n|-prepare|p2a: Leafeon|Solar Blade\n|-anim|p2a: Leafeon|Solar Blade|p1a: Glimmet\n|-enditem|p1a: Glimmet|Focus Sash\n|-damage|p1a: Glimmet|1\/100\n|-activate|p1a: Glimmet|ability: Toxic Debris\n|-sidestart|p2: lunchbox5536|move: Toxic Spikes\n|-damage|p2a: Leafeon|26\/100|[from] item: Life Orb\n|move|p1a: Glimmet|Stealth Rock|p2a: Leafeon\n|-sidestart|p2: lunchbox5536|move: Stealth Rock\n|\n|-weather|SunnyDay|[upkeep]\n|upkeep\n|turn|5\n|\n|t:|1699069760\n|move|p2a: Leafeon|Knock Off|p1a: Glimmet\n|-damage|p1a: Glimmet|0 fnt\n|-activate|p1a: Glimmet|ability: Toxic Debris\n|-sidestart|p2: lunchbox5536|move: Toxic Spikes\n|faint|p1a: Glimmet\n|-damage|p2a: Leafeon|16\/100|[from] item: Life Orb\n|\n|-weather|SunnyDay|[upkeep]\n|upkeep\n|\n|t:|1699069773\n|switch|p1a: Jolteon|Jolteon, F|100\/100\n|turn|6\n|\n|t:|1699069785\n|move|p2a: Leafeon|Knock Off|p1a: Jolteon\n|-damage|p1a: Jolteon|19\/100\n|-enditem|p1a: Jolteon|Heavy-Duty Boots|[from] move: Knock Off|[of] p2a: Leafeon\n|-damage|p2a: Leafeon|6\/100|[from] item: Life Orb\n|move|p1a: Jolteon|Thunderbolt|p2a: Leafeon\n|-resisted|p2a: Leafeon\n|-damage|p2a: Leafeon|0 fnt\n|faint|p2a: Leafeon\n|\n|-weather|SunnyDay|[upkeep]\n|upkeep\n|\n|t:|1699069796\n|switch|p2a: Articuno|Articuno|100\/100\n|-ability|p2a: Articuno|Pressure\n|turn|7\n|\n|t:|1699069812\n|-terastallize|p2a: Articuno|Ground\n|move|p1a: Jolteon|Volt Switch|p2a: Articuno\n|-immune|p2a: Articuno\n|move|p2a: Articuno|Defog|p1a: Jolteon\n|-unboost|p1a: Jolteon|evasion|1\n|-sideend|p2: lunchbox5536|Toxic Spikes|[from] move: Defog|[of] p2a: Articuno\n|-sideend|p2: lunchbox5536|Stealth Rock|[from] move: Defog|[of] p2a: Articuno\n|\n|-weather|SunnyDay|[upkeep]\n|upkeep\n|turn|8\n|\n|t:|1699069838\n|switch|p1a: Muk|Muk-Alola, F|100\/100\n|move|p2a: Articuno|Brave Bird|p1a: Muk\n|-damage|p1a: Muk|52\/100\n|-damage|p2a: Articuno|80\/100|[from] Recoil\n|\n|-weather|SunnyDay|[upkeep]\n|upkeep\n|turn|9\n|\n|t:|1699069860\n|move|p2a: Articuno|Brave Bird|p1a: Muk\n|-damage|p1a: Muk|3\/100\n|-damage|p2a: Articuno|59\/100|[from] Recoil\n|move|p1a: Muk|Poison Jab|p2a: Articuno\n|-resisted|p2a: Articuno\n|-damage|p2a: Articuno|44\/100\n|-status|p2a: Articuno|psn\n|\n|-weather|none\n|-damage|p2a: Articuno|31\/100 psn|[from] psn\n|upkeep\n|turn|10\n|\n|t:|1699069902\n|switch|p2a: Shelgon|Shelgon, F|100\/100\n|move|p1a: Muk|Knock Off|p2a: Shelgon\n|-damage|p2a: Shelgon|84\/100\n|-enditem|p2a: Shelgon|Eviolite|[from] move: Knock Off|[of] p1a: Muk\n|\n|upkeep\n|turn|11\n|\n|t:|1699069912\n|move|p1a: Muk|Poison Jab|p2a: Shelgon\n|-damage|p2a: Shelgon|63\/100\n|-status|p2a: Shelgon|psn|[from] ability: Poison Touch|[of] p1a: Muk\n|move|p2a: Shelgon|Iron Head|p1a: Muk\n|-damage|p1a: Muk|0 fnt\n|faint|p1a: Muk\n|\n|-damage|p2a: Shelgon|51\/100 psn|[from] psn\n|upkeep\n|\n|t:|1699069954\n|switch|p1a: Walking Wake|Walking Wake|100\/100\n|turn|12\n|\n|t:|1699069973\n|-terastallize|p1a: Walking Wake|Water\n|move|p1a: Walking Wake|Hydro Steam|p2a: Shelgon\n|-resisted|p2a: Shelgon\n|-damage|p2a: Shelgon|0 fnt\n|faint|p2a: Shelgon\n|\n|upkeep\n|\n|t:|1699069984\n|switch|p2a: Grimmsnarl|Grimmsnarl, M|100\/100\n|turn|13\n|\n|t:|1699069989\n|move|p2a: Grimmsnarl|Fake Out|p1a: Walking Wake\n|-damage|p1a: Walking Wake|89\/100\n|cant|p1a: Walking Wake|flinch\n|\n|upkeep\n|turn|14\n|\n|t:|1699069997\n|move|p2a: Grimmsnarl|Reflect|p2a: Grimmsnarl\n|-sidestart|p2: lunchbox5536|Reflect\n|move|p1a: Walking Wake|Hydro Steam|p2a: Grimmsnarl\n|-damage|p2a: Grimmsnarl|40\/100\n|\n|upkeep\n|turn|15\n|\n|t:|1699070006\n|move|p2a: Grimmsnarl|Light Screen|p2a: Grimmsnarl\n|-sidestart|p2: lunchbox5536|move: Light Screen\n|move|p1a: Walking Wake|Hydro Steam|p2a: Grimmsnarl\n|-damage|p2a: Grimmsnarl|9\/100\n|\n|upkeep\n|turn|16\n|\n|t:|1699070027\n|switch|p2a: Articuno|Articuno, tera:Ground|31\/100 psn\n|-ability|p2a: Articuno|Pressure\n|move|p1a: Walking Wake|Hydro Steam|p2a: Articuno\n|-supereffective|p2a: Articuno\n|-damage|p2a: Articuno|0 fnt\n|faint|p2a: Articuno\n|\n|upkeep\n|\n|t:|1699070036\n|switch|p2a: Torkoal|Torkoal, M|100\/100\n|turn|17\n|\n|t:|1699070053\n|-end|p1a: Walking Wake|Protosynthesis|[silent]\n|switch|p1a: Toxicroak|Toxicroak, F|100\/100\n|move|p2a: Torkoal|Hyper Voice|p1a: Toxicroak\n|-damage|p1a: Toxicroak|0 fnt\n|faint|p1a: Toxicroak\n|\n|upkeep\n|\n|t:|1699070066\n|switch|p1a: Walking Wake|Walking Wake, tera:Water|89\/100\n|turn|18\n|\n|t:|1699070073\n|move|p2a: Torkoal|Hyper Voice|p1a: Walking Wake\n|-damage|p1a: Walking Wake|15\/100\n|move|p1a: Walking Wake|Hydro Steam|p2a: Torkoal\n|-damage|p2a: Torkoal|13\/100\n|replace|p2a: Zoroark|Zoroark-Hisui, M\n|-end|p2a: Zoroark|Illusion\n|\n|upkeep\n|turn|19\n|\n|t:|1699070082\n|move|p2a: Zoroark|Hyper Voice|p1a: Walking Wake\n|-damage|p1a: Walking Wake|0 fnt\n|faint|p1a: Walking Wake\n|-end|p1a: Walking Wake|Protosynthesis|[silent]\n|\n|upkeep\n|\n|t:|1699070086\n|switch|p1a: Jolteon|Jolteon, F|19\/100\n|turn|20\n|\n|t:|1699070095\n|switch|p2a: Torkoal|Torkoal, M|39\/100\n|-weather|SunnyDay|[from] ability: Drought|[of] p2a: Torkoal\n|move|p1a: Jolteon|Thunderbolt|p2a: Torkoal\n|-damage|p2a: Torkoal|21\/100\n|\n|-weather|SunnyDay|[upkeep]\n|upkeep\n|turn|21\n|\n|t:|1699070117\n|move|p1a: Jolteon|Thunderbolt|p2a: Torkoal\n|-damage|p2a: Torkoal|0 fnt\n|faint|p2a: Torkoal\n|\n|-weather|SunnyDay|[upkeep]\n|-sideend|p2: lunchbox5536|Reflect\n|upkeep\n|\n|t:|1699070122\n|switch|p2a: Grimmsnarl|Grimmsnarl, M|9\/100\n|turn|22\n|\n|t:|1699070128\n|move|p2a: Grimmsnarl|Fake Out|p1a: Jolteon\n|-damage|p1a: Jolteon|0 fnt\n|faint|p1a: Jolteon\n|\n|-weather|SunnyDay|[upkeep]\n|-sideend|p2: lunchbox5536|move: Light Screen\n|upkeep\n|\n|t:|1699070134\n|switch|p1a: Falinks|Falinks|100\/100\n|turn|23\n|\n|t:|1699070149\n|move|p2a: Grimmsnarl|Taunt|p1a: Falinks\n|-start|p1a: Falinks|move: Taunt\n|move|p1a: Falinks|Rock Slide|p2a: Grimmsnarl\n|-damage|p2a: Grimmsnarl|0 fnt\n|faint|p2a: Grimmsnarl\n|\n|-weather|SunnyDay|[upkeep]\n|upkeep\n|\n|t:|1699070157\n|switch|p2a: Zoroark|Zoroark-Hisui, M|13\/100\n|turn|24\n|\n|t:|1699070161\n|move|p2a: Zoroark|Shadow Ball|p1a: Falinks\n|-damage|p1a: Falinks|0 fnt\n|faint|p1a: Falinks\n|\n|win|lunchbox5536\n","uploadtime":1699070264,"views":10,"p1id":"tbor2002","p2id":"lunchbox5536","formatid":"gen9nationaldexubers","rating":0,"private":0,"password":""}