{"id":"gen9nationaldexubers-1980686027","p1":"about9000","p2":"Lololosh","format":"[Gen 9] National Dex Ubers","log":"|j|\u2606about9000\n|j|\u2606Lololosh\n|t:|1698812846\n|gametype|singles\n|player|p1|about9000|brycenman|1269\n|player|p2|Lololosh|2|1282\n|teamsize|p1|6\n|teamsize|p2|6\n|gen|9\n|tier|[Gen 9] National Dex Ubers\n|rated|\n|rule|HP Percentage Mod: HP is shown in percentages\n|rule|Endless Battle Clause: Forcing endless battles is banned\n|rule|OHKO Clause: OHKO moves are banned\n|rule|Evasion Moves Clause: Evasion moves are banned\n|rule|Evasion Items Clause: Evasion items are banned\n|rule|Species Clause: Limit one of each Pok\u00e9mon\n|rule|Sleep Clause Mod: Limit one foe put to sleep\n|rule|Mega Rayquaza Clause: You cannot mega evolve Rayquaza\n|clearpoke\n|poke|p1|Ursaluna-Bloodmoon, M|\n|poke|p1|Kangaskhan, F|\n|poke|p1|Cyclizar, F|\n|poke|p1|Ditto|\n|poke|p1|Smeargle, F|\n|poke|p1|Chansey, F|\n|poke|p2|Kangaskhan, F|\n|poke|p2|Jirachi|\n|poke|p2|Shaymin-Sky|\n|poke|p2|Blaziken, F|\n|poke|p2|Groudon|\n|poke|p2|Ditto|\n|teampreview\n|inactive|Battle timer is ON: inactive players will automatically lose when time's up. (requested by Lololosh)\n|\n|t:|1698812857\n|start\n|switch|p1a: Cyclizar|Cyclizar, F|100\/100\n|switch|p2a: Groudon|Groudon|100\/100\n|detailschange|p2a: Groudon|Groudon-Primal\n|-primal|p2a: Groudon|Red Orb\n|-weather|DesolateLand|[from] ability: Desolate Land|[of] p2a: Groudon\n|turn|1\n|\n|t:|1698812868\n|move|p1a: Cyclizar|Shed Tail|p1a: Cyclizar\n|-start|p1a: Cyclizar|Substitute|[from] move: Shed Tail\n|-damage|p1a: Cyclizar|50\/100\n|\n|t:|1698812871\n|switch|p1a: Smeargle|Smeargle, F|100\/100|[from] Shed Tail\n|move|p2a: Groudon|Precipice Blades|p1a: Smeargle\n|-end|p1a: Smeargle|Substitute\n|\n|-weather|DesolateLand|[upkeep]\n|upkeep\n|turn|2\n|\n|t:|1698812882\n|move|p2a: Groudon|Rock Polish|p2a: Groudon\n|-boost|p2a: Groudon|spe|2\n|move|p1a: Smeargle|Sticky Web|p2a: Groudon\n|-sidestart|p2: Lololosh|move: Sticky Web\n|\n|-weather|DesolateLand|[upkeep]\n|upkeep\n|turn|3\n|inactive|Lololosh has 120 seconds left.\n|\n|t:|1698812912\n|move|p2a: Groudon|Swords Dance|p2a: Groudon\n|-boost|p2a: Groudon|atk|2\n|move|p1a: Smeargle|Stealth Rock|p2a: Groudon\n|-sidestart|p2: Lololosh|move: Stealth Rock\n|\n|-weather|DesolateLand|[upkeep]\n|upkeep\n|turn|4\n|\n|t:|1698812925\n|move|p2a: Groudon|Fire Punch|p1a: Smeargle\n|-enditem|p1a: Smeargle|Focus Sash\n|-damage|p1a: Smeargle|1\/100\n|move|p1a: Smeargle|Endeavor|p2a: Groudon\n|-damage|p2a: Groudon|1\/100\n|\n|-weather|DesolateLand|[upkeep]\n|upkeep\n|turn|5\n|\n|t:|1698812938\n|move|p2a: Groudon|Fire Punch|p1a: Smeargle\n|-damage|p1a: Smeargle|0 fnt\n|faint|p1a: Smeargle\n|\n|-weather|DesolateLand|[upkeep]\n|upkeep\n|\n|t:|1698812943\n|switch|p1a: Kangaskhan|Kangaskhan, F|100\/100\n|turn|6\n|\n|t:|1698812953\n|move|p1a: Kangaskhan|Fake Out|p2a: Groudon\n|-damage|p2a: Groudon|0 fnt\n|faint|p2a: Groudon\n|-weather|none\n|\n|upkeep\n|\n|t:|1698812961\n|switch|p2a: Blaziken|Blaziken, F|100\/100\n|-activate|p2a: Blaziken|move: Sticky Web\n|-unboost|p2a: Blaziken|spe|1\n|-damage|p2a: Blaziken|88\/100|[from] Stealth Rock\n|turn|7\n|\n|t:|1698812974\n|detailschange|p1a: Kangaskhan|Kangaskhan-Mega, F\n|-mega|p1a: Kangaskhan|Kangaskhan|Kangaskhanite\n|move|p1a: Kangaskhan|Body Slam|p2a: Blaziken\n|-damage|p2a: Blaziken|30\/100\n|-damage|p2a: Blaziken|13\/100\n|-hitcount|p2a: Blaziken|2\n|move|p2a: Blaziken|Substitute|p2a: Blaziken\n|-fail|p2a: Blaziken|move: Substitute|[weak]\n|\n|-ability|p2a: Blaziken|Speed Boost|boost\n|-boost|p2a: Blaziken|spe|1\n|upkeep\n|turn|8\n|\n|t:|1698812984\n|move|p1a: Kangaskhan|Body Slam|p2a: Blaziken\n|-damage|p2a: Blaziken|0 fnt\n|faint|p2a: Blaziken\n|-hitcount|p2: Blaziken|1\n|\n|upkeep\n|\n|t:|1698813000\n|switch|p2a: Ditto|Ditto|100\/100\n|-activate|p2a: Ditto|move: Sticky Web\n|-unboost|p2a: Ditto|spe|1\n|-damage|p2a: Ditto|88\/100|[from] Stealth Rock\n|-transform|p2a: Ditto|p1a: Kangaskhan|[from] ability: Imposter\n|turn|9\n|\n|t:|1698813008\n|move|p2a: Ditto|Seismic Toss|p1a: Kangaskhan\n|-damage|p1a: Kangaskhan|73\/100\n|-damage|p1a: Kangaskhan|46\/100\n|-hitcount|p1a: Kangaskhan|2\n|move|p1a: Kangaskhan|Seismic Toss|p2a: Ditto\n|-damage|p2a: Ditto|55\/100\n|-damage|p2a: Ditto|21\/100\n|-hitcount|p2a: Ditto|2\n|\n|upkeep\n|turn|10\n|\n|t:|1698813020\n|move|p2a: Ditto|Seismic Toss|p1a: Kangaskhan\n|-damage|p1a: Kangaskhan|18\/100\n|-damage|p1a: Kangaskhan|0 fnt\n|faint|p1a: Kangaskhan\n|-hitcount|p1: Kangaskhan|2\n|\n|upkeep\n|c|\u2606about9000|guess your hp was higher than i expected\n|inactive|about9000 has 120 seconds left.\n|\n|t:|1698813045\n|switch|p1a: Ditto|Ditto|100\/100\n|turn|11\n|inactive|about9000 has 120 seconds left.\n|c|\u2606about9000|.....\n|c|\u2606about9000|it does have imposter\n|c|\u2606Lololosh|Haha\n|c|\u2606Lololosh|Bro\n|c|\u2606about9000|so this is weird...\n|c|\u2606Lololosh|Unluck\n|c|\u2606Lololosh|Ohh\n|inactive|about9000 has 90 seconds left.\n|\n|t:|1698813088\n|switch|p1a: Chansey|Chansey, F|100\/100\n|move|p2a: Ditto|Seismic Toss|p1a: Chansey\n|-damage|p1a: Chansey|85\/100\n|-damage|p1a: Chansey|69\/100\n|-hitcount|p1a: Chansey|2\n|\n|upkeep\n|turn|12\n|inactive|about9000 has 90 seconds left.\n|c|\u2606Lololosh|I feel sorry for you bro\n|c|\u2606about9000|eh\n|inactive|Lololosh has 120 seconds left.\n|\n|t:|1698813119\n|switch|p2a: Jirachi|Jirachi, shiny|100\/100\n|-activate|p2a: Jirachi|move: Sticky Web\n|-unboost|p2a: Jirachi|spe|1\n|-damage|p2a: Jirachi|94\/100|[from] Stealth Rock\n|move|p1a: Chansey|Toxic|p2a: Jirachi|[miss]\n|-miss|p1a: Chansey|p2a: Jirachi\n|\n|upkeep\n|turn|13\n|inactive|about9000 has 90 seconds left.\n|c|\u2606about9000|its probably cuz ditto cant copy ditto\n|\n|t:|1698813148\n|-terastallize|p1a: Chansey|Steel\n|-zpower|p2a: Jirachi\n|move|p2a: Jirachi|Z-Happy Hour|p2a: Jirachi|[anim]Happy Hour\n|-boost|p2a: Jirachi|atk|1|[zeffect]\n|-boost|p2a: Jirachi|def|1|[zeffect]\n|-boost|p2a: Jirachi|spa|1|[zeffect]\n|-boost|p2a: Jirachi|spd|1|[zeffect]\n|-boost|p2a: Jirachi|spe|1|[zeffect]\n|move|p1a: Chansey|Soft-Boiled|p1a: Chansey\n|-heal|p1a: Chansey|100\/100\n|\n|upkeep\n|turn|14\n|\n|t:|1698813161\n|move|p2a: Jirachi|Drain Punch|p1a: Chansey\n|-supereffective|p1a: Chansey\n|-damage|p1a: Chansey|52\/100\n|-heal|p2a: Jirachi|100\/100|[from] drain|[of] p1a: Chansey\n|move|p1a: Chansey|Seismic Toss|p2a: Jirachi\n|-damage|p2a: Jirachi|71\/100\n|\n|upkeep\n|turn|15\n|c|\u2606about9000|roood\n|\n|t:|1698813179\n|switch|p1a: Cyclizar|Cyclizar, F|84\/100\n|move|p2a: Jirachi|Drain Punch|p1a: Cyclizar\n|-supereffective|p1a: Cyclizar\n|-damage|p1a: Cyclizar|0 fnt\n|-heal|p2a: Jirachi|100\/100|[from] drain|[of] p1a: Cyclizar\n|faint|p1a: Cyclizar\n|\n|upkeep\n|\n|t:|1698813187\n|switch|p1a: Ditto|Ditto|100\/100\n|-transform|p1a: Ditto|p2a: Jirachi|[from] ability: Imposter\n|turn|16\n|c|\u2606about9000|there we go\n|\n|t:|1698813210\n|move|p1a: Ditto|Drain Punch|p2a: Jirachi\n|-damage|p2a: Jirachi|79\/100\n|move|p2a: Jirachi|Iron Head|p1a: Ditto\n|-resisted|p1a: Ditto\n|-damage|p1a: Ditto|81\/100\n|\n|upkeep\n|turn|17\n|c|\u2606about9000|.....\n|\n|t:|1698813223\n|move|p1a: Ditto|Drain Punch|p2a: Jirachi\n|-damage|p2a: Jirachi|57\/100\n|-heal|p1a: Ditto|94\/100|[from] drain|[of] p2a: Jirachi\n|move|p2a: Jirachi|Drain Punch|p1a: Ditto\n|-damage|p1a: Ditto|67\/100\n|-heal|p2a: Jirachi|69\/100|[from] drain|[of] p1a: Ditto\n|\n|upkeep\n|turn|18\n|\n|t:|1698813234\n|move|p1a: Ditto|Drain Punch|p2a: Jirachi\n|-damage|p2a: Jirachi|45\/100\n|-heal|p1a: Ditto|81\/100|[from] drain|[of] p2a: Jirachi\n|move|p2a: Jirachi|Drain Punch|p1a: Ditto\n|-damage|p1a: Ditto|54\/100\n|-heal|p2a: Jirachi|57\/100|[from] drain|[of] p1a: Ditto\n|\n|upkeep\n|turn|19\n|c|\u2606Lololosh|Best battle\n|\n|t:|1698813243\n|move|p1a: Ditto|Drain Punch|p2a: Jirachi\n|-damage|p2a: Jirachi|34\/100\n|-heal|p1a: Ditto|67\/100|[from] drain|[of] p2a: Jirachi\n|move|p2a: Jirachi|Drain Punch|p1a: Ditto\n|-damage|p1a: Ditto|40\/100\n|-heal|p2a: Jirachi|46\/100|[from] drain|[of] p1a: Ditto\n|\n|upkeep\n|turn|20\n|c|\u2606Lololosh|Hah\n|\n|t:|1698813254\n|move|p1a: Ditto|Drain Punch|p2a: Jirachi\n|-damage|p2a: Jirachi|23\/100\n|-heal|p1a: Ditto|53\/100|[from] drain|[of] p2a: Jirachi\n|move|p2a: Jirachi|Drain Punch|p1a: Ditto\n|-damage|p1a: Ditto|27\/100\n|-heal|p2a: Jirachi|35\/100|[from] drain|[of] p1a: Ditto\n|\n|upkeep\n|turn|21\n|\n|t:|1698813266\n|switch|p1a: Ursaluna|Ursaluna-Bloodmoon, M|100\/100\n|move|p2a: Jirachi|Drain Punch|p1a: Ursaluna\n|-supereffective|p1a: Ursaluna\n|-damage|p1a: Ursaluna|64\/100\n|-heal|p2a: Jirachi|58\/100|[from] drain|[of] p1a: Ursaluna\n|\n|-heal|p1a: Ursaluna|70\/100|[from] item: Leftovers\n|upkeep\n|turn|22\n|\n|t:|1698813276\n|move|p2a: Jirachi|Iron Head|p1a: Ursaluna\n|-damage|p1a: Ursaluna|43\/100\n|cant|p1a: Ursaluna|flinch\n|\n|-heal|p1a: Ursaluna|49\/100|[from] item: Leftovers\n|upkeep\n|turn|23\n|\n|t:|1698813283\n|move|p2a: Jirachi|Iron Head|p1a: Ursaluna\n|-damage|p1a: Ursaluna|24\/100\n|cant|p1a: Ursaluna|flinch\n|\n|-heal|p1a: Ursaluna|30\/100|[from] item: Leftovers\n|upkeep\n|turn|24\n|\n|t:|1698813289\n|move|p2a: Jirachi|Drain Punch|p1a: Ursaluna\n|-supereffective|p1a: Ursaluna\n|-damage|p1a: Ursaluna|0 fnt\n|-heal|p2a: Jirachi|77\/100|[from] drain|[of] p1a: Ursaluna\n|faint|p1a: Ursaluna\n|\n|upkeep\n|\n|t:|1698813295\n|switch|p1a: Ditto|Ditto|27\/100\n|-transform|p1a: Ditto|p2a: Jirachi|[from] ability: Imposter\n|turn|25\n|inactive|about9000 has 90 seconds left.\n|\n|t:|1698813318\n|move|p1a: Ditto|Iron Head|p2a: Jirachi\n|-resisted|p2a: Jirachi\n|-damage|p2a: Jirachi|60\/100\n|cant|p2a: Jirachi|flinch\n|\n|upkeep\n|turn|26\n|\n|t:|1698813323\n|move|p1a: Ditto|Iron Head|p2a: Jirachi\n|-resisted|p2a: Jirachi\n|-damage|p2a: Jirachi|43\/100\n|cant|p2a: Jirachi|flinch\n|\n|upkeep\n|turn|27\n|\n|t:|1698813328\n|move|p1a: Ditto|Iron Head|p2a: Jirachi\n|-resisted|p2a: Jirachi\n|-damage|p2a: Jirachi|26\/100\n|cant|p2a: Jirachi|flinch\n|\n|upkeep\n|turn|28\n|c|\u2606Lololosh|Hh\n|c|\u2606Lololosh|My flinchhhh\n|\n|t:|1698813340\n|move|p1a: Ditto|Iron Head|p2a: Jirachi\n|-resisted|p2a: Jirachi\n|-damage|p2a: Jirachi|9\/100\n|cant|p2a: Jirachi|flinch\n|\n|upkeep\n|turn|29\n|c|\u2606about9000|yoink\n|\n|t:|1698813345\n|move|p1a: Ditto|Iron Head|p2a: Jirachi\n|-resisted|p2a: Jirachi\n|-damage|p2a: Jirachi|0 fnt\n|faint|p2a: Jirachi\n|\n|upkeep\n|c|\u2606Lololosh|Hehe\n|\n|t:|1698813352\n|switch|p2a: Kangaskhan|Kangaskhan, F|100\/100\n|-activate|p2a: Kangaskhan|move: Sticky Web\n|-unboost|p2a: Kangaskhan|spe|1\n|-damage|p2a: Kangaskhan|88\/100|[from] Stealth Rock\n|turn|30\n|inactive|about9000 has 120 seconds left.\n|\n|t:|1698813361\n|switch|p1a: Chansey|Chansey, F, tera:Steel|52\/100\n|detailschange|p2a: Kangaskhan|Kangaskhan-Mega, F\n|-mega|p2a: Kangaskhan|Kangaskhan|Kangaskhanite\n|move|p2a: Kangaskhan|Fake Out|p1a: Chansey\n|-resisted|p1a: Chansey\n|-damage|p1a: Chansey|45\/100\n|-resisted|p1a: Chansey\n|-damage|p1a: Chansey|43\/100\n|-hitcount|p1a: Chansey|2\n|\n|upkeep\n|turn|31\n|c|\u2606about9000|i think yu still win tho\n|inactive|about9000 has 120 seconds left.\n|c|\u2606about9000|small victories were made at least\n|c|\u2606about9000|knowledge was gained\n|\n|t:|1698813393\n|move|p2a: Kangaskhan|Earthquake|p1a: Chansey\n|-supereffective|p1a: Chansey\n|-damage|p1a: Chansey|0 fnt\n|faint|p1a: Chansey\n|-hitcount|p1: Chansey|1\n|\n|upkeep\n|\n|t:|1698813400\n|switch|p1a: Ditto|Ditto|27\/100\n|-transform|p1a: Ditto|p2a: Kangaskhan|[from] ability: Imposter\n|turn|32\n|\n|t:|1698813409\n|move|p2a: Kangaskhan|Sucker Punch|p1a: Ditto\n|-damage|p1a: Ditto|0 fnt\n|faint|p1a: Ditto\n|-hitcount|p1: Ditto|1\n|\n|win|Lololosh\n|raw|about9000's rating: 1269 &rarr; <strong>1245<\/strong><br \/>(-24 for losing)\n|raw|Lololosh's rating: 1282 &rarr; <strong>1306<\/strong><br \/>(+24 for winning)\n|c|\u2606about9000|gg\n|c|\u2606Lololosh|Gg\n|l|\u2606about9000\n|c|\u2606Lololosh|Good luck\n","uploadtime":1698813423,"views":16,"p1id":"about9000","p2id":"lololosh","formatid":"gen9nationaldexubers","rating":1245,"private":0,"password":""}