{"id":"gen9nationaldexubers-1980225746","p1":"Hari Ganesh D","p2":"PANDODEEEEZ","format":"[Gen 9] National Dex Ubers","log":"|j|\u2606Hari Ganesh D\n|j|\u2606PANDODEEEEZ\n|t:|1698767737\n|gametype|singles\n|player|p1|Hari Ganesh D|leon|1143\n|player|p2|PANDODEEEEZ|kieran|1105\n|teamsize|p1|6\n|teamsize|p2|6\n|gen|9\n|tier|[Gen 9] National Dex Ubers\n|rated|\n|rule|HP Percentage Mod: HP is shown in percentages\n|rule|Endless Battle Clause: Forcing endless battles is banned\n|rule|OHKO Clause: OHKO moves are banned\n|rule|Evasion Moves Clause: Evasion moves are banned\n|rule|Evasion Items Clause: Evasion items are banned\n|rule|Species Clause: Limit one of each Pok\u00e9mon\n|rule|Sleep Clause Mod: Limit one foe put to sleep\n|rule|Mega Rayquaza Clause: You cannot mega evolve Rayquaza\n|clearpoke\n|poke|p1|Arceus|\n|poke|p1|Mewtwo|\n|poke|p1|Hoopa-Unbound|\n|poke|p1|Maushold-Four|\n|poke|p1|Houndstone, M|\n|poke|p1|Xerneas-*|\n|poke|p2|Blaziken, F|\n|poke|p2|Kingambit, F|\n|poke|p2|Iron Valiant|\n|poke|p2|Dragapult, F|\n|poke|p2|Mantine, F|\n|poke|p2|Xurkitree|\n|teampreview\n|inactive|Battle timer is ON: inactive players will automatically lose when time's up. (requested by Hari Ganesh D)\n|\n|t:|1698767760\n|start\n|switch|p1a: Xerneas|Xerneas|100\/100\n|switch|p2a: Xurkitree|Xurkitree|100\/100\n|-ability|p1a: Xerneas|Fairy Aura\n|turn|1\n|\n|t:|1698767766\n|-terastallize|p1a: Xerneas|Fairy\n|move|p2a: Xurkitree|Hypnosis|p1a: Xerneas\n|-status|p1a: Xerneas|slp|[from] move: Hypnosis\n|cant|p1a: Xerneas|slp\n|\n|upkeep\n|turn|2\n|\n|t:|1698767774\n|move|p2a: Xurkitree|Tail Glow|p2a: Xurkitree\n|-boost|p2a: Xurkitree|spa|3\n|-curestatus|p1a: Xerneas|slp|[msg]\n|move|p1a: Xerneas|Moonblast|p2a: Xurkitree\n|-damage|p2a: Xurkitree|0 fnt\n|faint|p2a: Xurkitree\n|\n|upkeep\n|\n|t:|1698767793\n|switch|p2a: Kingambit|Kingambit, F|100\/100\n|-activate|p2a: Kingambit|ability: Supreme Overlord\n|-start|p2a: Kingambit|fallen1|[silent]\n|turn|3\n|\n|t:|1698767796\n|move|p1a: Xerneas|Close Combat|p2a: Kingambit\n|-supereffective|p2a: Kingambit\n|-damage|p2a: Kingambit|0 fnt\n|-unboost|p1a: Xerneas|def|1\n|-unboost|p1a: Xerneas|spd|1\n|faint|p2a: Kingambit\n|-end|p2a: Kingambit|fallen1|[silent]\n|\n|upkeep\n|\n|t:|1698767804\n|switch|p2a: Blaziken|Blaziken, F|100\/100\n|turn|4\n|\n|t:|1698767808\n|detailschange|p2a: Blaziken|Blaziken-Mega, F\n|-mega|p2a: Blaziken|Blaziken|Blazikenite\n|move|p2a: Blaziken|Protect|p2a: Blaziken\n|-singleturn|p2a: Blaziken|Protect\n|move|p1a: Xerneas|Moonblast|p2a: Blaziken\n|-activate|p2a: Blaziken|move: Protect\n|\n|-ability|p2a: Blaziken|Speed Boost|boost\n|-boost|p2a: Blaziken|spe|1\n|upkeep\n|turn|5\n|\n|t:|1698767816\n|move|p2a: Blaziken|Flare Blitz|p1a: Xerneas\n|-damage|p1a: Xerneas|0 fnt\n|faint|p1a: Xerneas\n|-damage|p2a: Blaziken|51\/100|[from] Recoil\n|\n|-ability|p2a: Blaziken|Speed Boost|boost\n|-boost|p2a: Blaziken|spe|1\n|upkeep\n|\n|t:|1698767826\n|switch|p1a: Hoopa|Hoopa-Unbound|100\/100\n|turn|6\n|\n|t:|1698767831\n|move|p2a: Blaziken|Flare Blitz|p1a: Hoopa\n|-damage|p1a: Hoopa|0 fnt\n|faint|p1a: Hoopa\n|-damage|p2a: Blaziken|18\/100|[from] Recoil\n|\n|-ability|p2a: Blaziken|Speed Boost|boost\n|-boost|p2a: Blaziken|spe|1\n|upkeep\n|\n|t:|1698767834\n|switch|p1a: Maushold|Maushold-Four|100\/100\n|turn|7\n|\n|t:|1698767837\n|move|p2a: Blaziken|Close Combat|p1a: Maushold\n|-supereffective|p1a: Maushold\n|-damage|p1a: Maushold|0 fnt\n|-unboost|p2a: Blaziken|def|1\n|-unboost|p2a: Blaziken|spd|1\n|faint|p1a: Maushold\n|\n|-ability|p2a: Blaziken|Speed Boost|boost\n|-boost|p2a: Blaziken|spe|1\n|upkeep\n|\n|t:|1698767857\n|switch|p1a: Arceus|Arceus|100\/100\n|turn|8\n|\n|t:|1698767862\n|move|p2a: Blaziken|Protect|p2a: Blaziken\n|-singleturn|p2a: Blaziken|Protect\n|move|p1a: Arceus|Extreme Speed|p2a: Blaziken\n|-activate|p2a: Blaziken|move: Protect\n|\n|-ability|p2a: Blaziken|Speed Boost|boost\n|-boost|p2a: Blaziken|spe|1\n|upkeep\n|turn|9\n|\n|t:|1698767865\n|switch|p2a: Dragapult|Dragapult, F|100\/100\n|move|p1a: Arceus|Extreme Speed|p2a: Dragapult\n|-immune|p2a: Dragapult\n|\n|upkeep\n|turn|10\n|\n|t:|1698767868\n|move|p2a: Dragapult|Dragon Darts|p1a: Arceus\n|-damage|p1a: Arceus|71\/100\n|-anim|p2a: Dragapult|Dragon Darts|p1a: Arceus\n|-damage|p1a: Arceus|45\/100\n|move|p1a: Arceus|Dragon Dance|p1a: Arceus\n|-boost|p1a: Arceus|atk|1\n|-boost|p1a: Arceus|spe|1\n|\n|upkeep\n|turn|11\n|\n|t:|1698767874\n|move|p1a: Arceus|Earthquake|p2a: Dragapult\n|-damage|p2a: Dragapult|26\/100\n|move|p2a: Dragapult|Dragon Darts|p1a: Arceus\n|-damage|p1a: Arceus|17\/100\n|-anim|p2a: Dragapult|Dragon Darts|p1a: Arceus\n|-damage|p1a: Arceus|0 fnt\n|faint|p1a: Arceus\n|\n|upkeep\n|\n|t:|1698767879\n|switch|p1a: Houndstone|Houndstone, M|100\/100\n|turn|12\n|\n|t:|1698767884\n|switch|p2a: Blaziken|Blaziken-Mega, F|18\/100\n|move|p1a: Houndstone|Last Respects|p2a: Blaziken\n|-damage|p2a: Blaziken|0 fnt\n|faint|p2a: Blaziken\n|\n|upkeep\n|\n|t:|1698767889\n|switch|p2a: Iron Valiant|Iron Valiant|100\/100\n|-enditem|p2a: Iron Valiant|Booster Energy\n|-activate|p2a: Iron Valiant|ability: Quark Drive|[fromitem]\n|-start|p2a: Iron Valiant|quarkdrivespe\n|turn|13\n|\n|t:|1698767892\n|-terastallize|p2a: Iron Valiant|Fairy\n|move|p2a: Iron Valiant|Moonblast|p1a: Houndstone\n|-damage|p1a: Houndstone|23\/100\n|move|p1a: Houndstone|Last Respects|p2a: Iron Valiant\n|-damage|p2a: Iron Valiant|0 fnt\n|faint|p2a: Iron Valiant\n|-end|p2a: Iron Valiant|Quark Drive|[silent]\n|\n|upkeep\n|\n|t:|1698767898\n|switch|p2a: Mantine|Mantine, F|100\/100\n|turn|14\n|\n|t:|1698767900\n|move|p1a: Houndstone|Last Respects|p2a: Mantine\n|-damage|p2a: Mantine|0 fnt\n|faint|p2a: Mantine\n|\n|upkeep\n|\n|t:|1698767902\n|switch|p2a: Dragapult|Dragapult, F|26\/100\n|turn|15\n|\n|t:|1698767904\n|move|p2a: Dragapult|Dragon Darts|p1a: Houndstone\n|-damage|p1a: Houndstone|0 fnt\n|faint|p1a: Houndstone\n|\n|upkeep\n|\n|t:|1698767906\n|switch|p1a: Mewtwo|Mewtwo|100\/100\n|-ability|p1a: Mewtwo|Pressure\n|turn|16\n|\n|t:|1698767914\n|detailschange|p1a: Mewtwo|Mewtwo-Mega-Y\n|-mega|p1a: Mewtwo|Mewtwo|Mewtwonite Y\n|move|p2a: Dragapult|Dragon Darts|p1a: Mewtwo\n|-damage|p1a: Mewtwo|50\/100\n|-anim|p2a: Dragapult|Dragon Darts|p1a: Mewtwo\n|-damage|p1a: Mewtwo|0 fnt\n|faint|p1a: Mewtwo\n|\n|win|PANDODEEEEZ\n|raw|Hari Ganesh D's rating: 1143 &rarr; <strong>1115<\/strong><br \/>(-28 for losing)\n|raw|PANDODEEEEZ's rating: 1105 &rarr; <strong>1133<\/strong><br \/>(+28 for winning)\n|l|\u2606Hari Ganesh D\n","uploadtime":1698767924,"views":12,"p1id":"hariganeshd","p2id":"pandodeeeez","formatid":"gen9nationaldexubers","rating":1115,"private":0,"password":""}