{"id":"gen9nationaldexubers-1998229229","p1":"MrTRB","p2":"CloysterEnjoyer","format":"[Gen 9] National Dex Ubers","log":"|j|\u2606MrTRB\n|j|\u2606CloysterEnjoyer\n|t:|1700916487\n|gametype|singles\n|player|p1|MrTRB|benga|\n|player|p2|CloysterEnjoyer|bruno|\n|teamsize|p1|6\n|teamsize|p2|6\n|gen|9\n|tier|[Gen 9] National Dex Ubers\n|rule|HP Percentage Mod: HP is shown in percentages\n|rule|Endless Battle Clause: Forcing endless battles is banned\n|rule|OHKO Clause: OHKO moves are banned\n|rule|Evasion Moves Clause: Evasion moves are banned\n|rule|Evasion Items Clause: Evasion items are banned\n|rule|Species Clause: Limit one of each Pok\u00e9mon\n|rule|Sleep Clause Mod: Limit one foe put to sleep\n|rule|Mega Rayquaza Clause: You cannot mega evolve Rayquaza\n|clearpoke\n|poke|p1|Garganacl, F|\n|poke|p1|Baxcalibur, F|\n|poke|p1|Cyclizar, F|\n|poke|p1|Palafin, F|\n|poke|p1|Gholdengo|\n|poke|p1|Infernape, M|\n|poke|p2|Zoroark-Hisui, F|\n|poke|p2|Cyclizar, F|\n|poke|p2|Ursaluna-Bloodmoon, M|\n|poke|p2|Ditto|\n|poke|p2|Lopunny, F|\n|poke|p2|Dragonite, F|\n|teampreview\n|\n|t:|1700916514\n|start\n|switch|p1a: Cyclizar|Cyclizar, F|100\/100\n|switch|p2a: Lopunny|Lopunny, F|100\/100\n|turn|1\n|\n|t:|1700916523\n|move|p1a: Cyclizar|Shed Tail|p1a: Cyclizar\n|-start|p1a: Cyclizar|Substitute|[from] move: Shed Tail\n|-damage|p1a: Cyclizar|50\/100\n|-enditem|p1a: Cyclizar|Sitrus Berry|[eat]\n|-heal|p1a: Cyclizar|75\/100|[from] item: Sitrus Berry\n|\n|t:|1700916538\n|switch|p1a: Infernape|Infernape, M|100\/100|[from] Shed Tail\n|replace|p2a: Zoroark|Zoroark-Hisui, F\n|-end|p2a: Zoroark|Illusion\n|-zpower|p2a: Zoroark\n|move|p2a: Zoroark|Z-Happy Hour|p2a: Zoroark|[anim]Happy Hour\n|-boost|p2a: Zoroark|atk|1|[zeffect]\n|-boost|p2a: Zoroark|def|1|[zeffect]\n|-boost|p2a: Zoroark|spa|1|[zeffect]\n|-boost|p2a: Zoroark|spd|1|[zeffect]\n|-boost|p2a: Zoroark|spe|1|[zeffect]\n|\n|upkeep\n|turn|2\n|\n|t:|1700916551\n|move|p2a: Zoroark|Hyper Voice|p1a: Infernape\n|-damage|p1a: Infernape|27\/100\n|move|p1a: Infernape|U-turn|p2a: Zoroark\n|-resisted|p2a: Zoroark\n|-damage|p2a: Zoroark|87\/100\n|\n|t:|1700916563\n|switch|p1a: Baxcalibur|Baxcalibur, F|100\/100|[from] U-turn\n|\n|upkeep\n|turn|3\n|\n|t:|1700916570\n|move|p2a: Zoroark|Focus Blast|p1a: Baxcalibur|[miss]\n|-miss|p2a: Zoroark|p1a: Baxcalibur\n|move|p1a: Baxcalibur|Swords Dance|p1a: Baxcalibur\n|-boost|p1a: Baxcalibur|atk|2\n|\n|upkeep\n|turn|4\n|\n|t:|1700916579\n|move|p2a: Zoroark|Focus Blast|p1a: Baxcalibur|[miss]\n|-miss|p2a: Zoroark|p1a: Baxcalibur\n|move|p1a: Baxcalibur|Scale Shot|p2a: Zoroark\n|-damage|p2a: Zoroark|50\/100\n|-damage|p2a: Zoroark|11\/100\n|-damage|p2a: Zoroark|0 fnt\n|faint|p2a: Zoroark\n|-hitcount|p2: Zoroark|3\n|-unboost|p1a: Baxcalibur|def|1\n|-boost|p1a: Baxcalibur|spe|1\n|\n|upkeep\n|c|\u2606CloysterEnjoyer|cmon\n|\n|t:|1700916585\n|switch|p2a: Ditto|Ditto, shiny|100\/100\n|-transform|p2a: Ditto|p1a: Baxcalibur|[from] ability: Imposter\n|turn|5\n|\n|t:|1700916599\n|move|p2a: Ditto|Earthquake|p1a: Baxcalibur\n|-damage|p1a: Baxcalibur|0 fnt\n|faint|p1a: Baxcalibur\n|\n|upkeep\n|\n|t:|1700916606\n|switch|p1a: Infernape|Infernape, M|27\/100\n|turn|6\n|\n|t:|1700916611\n|move|p1a: Infernape|Mach Punch|p2a: Ditto\n|-supereffective|p2a: Ditto\n|-damage|p2a: Ditto|15\/100\n|move|p2a: Ditto|Earthquake|p1a: Infernape\n|-supereffective|p1a: Infernape\n|-damage|p1a: Infernape|0 fnt\n|faint|p1a: Infernape\n|\n|upkeep\n|\n|t:|1700916624\n|switch|p1a: Palafin|Palafin, F|100\/100\n|turn|7\n|\n|t:|1700916632\n|switch|p2a: Cyclizar|Cyclizar, F|100\/100\n|move|p1a: Palafin|Jet Punch|p2a: Cyclizar\n|-resisted|p2a: Cyclizar\n|-damage|p2a: Cyclizar|86\/100\n|\n|upkeep\n|turn|8\n|\n|t:|1700916655\n|detailschange|p1a: Palafin|Palafin-Hero, F\n|switch|p1a: Garganacl|Garganacl, F|100\/100\n|move|p2a: Cyclizar|Shed Tail|p2a: Cyclizar\n|-start|p2a: Cyclizar|Substitute|[from] move: Shed Tail\n|-damage|p2a: Cyclizar|36\/100\n|\n|t:|1700916662\n|switch|p2a: Lopunny|Lopunny, F|100\/100|[from] Shed Tail\n|\n|upkeep\n|turn|9\n|\n|t:|1700916679\n|detailschange|p2a: Lopunny|Lopunny-Mega, F\n|-mega|p2a: Lopunny|Lopunny|Lopunnite\n|-terastallize|p1a: Garganacl|Ghost\n|move|p2a: Lopunny|Fake Out|p1a: Garganacl\n|-damage|p1a: Garganacl|86\/100\n|cant|p1a: Garganacl|flinch\n|\n|-heal|p1a: Garganacl|92\/100|[from] item: Leftovers\n|upkeep\n|turn|10\n|\n|t:|1700916691\n|move|p2a: Lopunny|Power-Up Punch|p1a: Garganacl\n|-damage|p1a: Garganacl|79\/100\n|-boost|p2a: Lopunny|atk|1\n|move|p1a: Garganacl|Body Press|p2a: Lopunny\n|-supereffective|p2a: Lopunny\n|-end|p2a: Lopunny|Substitute\n|\n|-heal|p1a: Garganacl|85\/100|[from] item: Leftovers\n|upkeep\n|turn|11\n|\n|t:|1700916705\n|move|p2a: Lopunny|Power-Up Punch|p1a: Garganacl\n|-damage|p1a: Garganacl|62\/100\n|-boost|p2a: Lopunny|atk|1\n|move|p1a: Garganacl|Body Press|p2a: Lopunny\n|-supereffective|p2a: Lopunny\n|-damage|p2a: Lopunny|41\/100\n|\n|-heal|p1a: Garganacl|69\/100|[from] item: Leftovers\n|upkeep\n|turn|12\n|\n|t:|1700916715\n|move|p2a: Lopunny|Close Combat|p1a: Garganacl\n|-damage|p1a: Garganacl|0 fnt\n|-unboost|p2a: Lopunny|def|1\n|-unboost|p2a: Lopunny|spd|1\n|faint|p1a: Garganacl\n|\n|upkeep\n|\n|t:|1700916720\n|switch|p1a: Palafin|Palafin-Hero, F|100\/100\n|-activate|p1a: Palafin|ability: Zero to Hero\n|turn|13\n|\n|t:|1700916727\n|switch|p2a: Cyclizar|Cyclizar, F|69\/100\n|move|p1a: Palafin|Jet Punch|p2a: Cyclizar\n|-resisted|p2a: Cyclizar\n|-damage|p2a: Cyclizar|45\/100\n|\n|upkeep\n|turn|14\n|\n|t:|1700916739\n|move|p1a: Palafin|Bulk Up|p1a: Palafin\n|-boost|p1a: Palafin|atk|1\n|-boost|p1a: Palafin|def|1\n|move|p2a: Cyclizar|Dragon Tail|p1a: Palafin\n|-damage|p1a: Palafin|91\/100\n|drag|p1a: Gholdengo|Gholdengo|100\/100\n|\n|upkeep\n|turn|15\n|\n|t:|1700916750\n|move|p1a: Gholdengo|Focus Blast|p2a: Cyclizar|[miss]\n|-miss|p1a: Gholdengo|p2a: Cyclizar\n|move|p2a: Cyclizar|Dragon Tail|p1a: Gholdengo\n|-resisted|p1a: Gholdengo\n|-damage|p1a: Gholdengo|90\/100\n|drag|p1a: Palafin|Palafin-Hero, F|91\/100\n|\n|-heal|p1a: Palafin|97\/100|[from] item: Leftovers\n|upkeep\n|turn|16\n|\n|t:|1700916761\n|switch|p2a: Lopunny|Lopunny-Mega, F|41\/100\n|move|p1a: Palafin|Drain Punch|p2a: Lopunny\n|-supereffective|p2a: Lopunny\n|-damage|p2a: Lopunny|0 fnt\n|-heal|p1a: Palafin|100\/100|[from] drain|[of] p2a: Lopunny\n|faint|p2a: Lopunny\n|\n|upkeep\n|\n|t:|1700916765\n|switch|p2a: Dragonite|Dragonite, F|100\/100\n|turn|17\n|\n|t:|1700916775\n|-terastallize|p2a: Dragonite|Normal\n|move|p2a: Dragonite|Dragon Dance|p2a: Dragonite\n|-boost|p2a: Dragonite|atk|1\n|-boost|p2a: Dragonite|spe|1\n|move|p1a: Palafin|Drain Punch|p2a: Dragonite\n|-supereffective|p2a: Dragonite\n|-damage|p2a: Dragonite|70\/100\n|\n|upkeep\n|turn|18\n|j| Rainer565\n|c| Rainer565|Sup\n|\n|t:|1700916793\n|move|p2a: Dragonite|Dragon Dance|p2a: Dragonite\n|-boost|p2a: Dragonite|atk|1\n|-boost|p2a: Dragonite|spe|1\n|move|p1a: Palafin|Wave Crash|p2a: Dragonite\n|-damage|p2a: Dragonite|0 fnt\n|faint|p2a: Dragonite\n|-damage|p1a: Palafin|82\/100|[from] Recoil\n|\n|-heal|p1a: Palafin|88\/100|[from] item: Leftovers\n|upkeep\n|\n|t:|1700916801\n|switch|p2a: Ditto|Ditto, shiny|15\/100\n|-transform|p2a: Ditto|p1a: Palafin|[from] ability: Imposter\n|turn|19\n|\n|t:|1700916811\n|move|p1a: Palafin|Jet Punch|p2a: Ditto\n|-resisted|p2a: Ditto\n|-damage|p2a: Ditto|0 fnt\n|faint|p2a: Ditto\n|\n|-heal|p1a: Palafin|95\/100|[from] item: Leftovers\n|upkeep\n|\n|t:|1700916818\n|switch|p2a: Cyclizar|Cyclizar, F|78\/100\n|turn|20\n|\n|t:|1700916825\n|move|p2a: Cyclizar|U-turn|p1a: Palafin\n|-crit|p1a: Palafin\n|-damage|p1a: Palafin|76\/100\n|\n|t:|1700916828\n|switch|p2a: Ursaluna|Ursaluna-Bloodmoon, M|100\/100|[from] U-turn\n|move|p1a: Palafin|Drain Punch|p2a: Ursaluna\n|-supereffective|p2a: Ursaluna\n|-damage|p2a: Ursaluna|68\/100\n|-heal|p1a: Palafin|93\/100|[from] drain|[of] p2a: Ursaluna\n|\n|-heal|p1a: Palafin|99\/100|[from] item: Leftovers\n|-heal|p2a: Ursaluna|74\/100|[from] item: Leftovers\n|upkeep\n|turn|21\n|\n|t:|1700916840\n|move|p1a: Palafin|Wave Crash|p2a: Ursaluna\n|-supereffective|p2a: Ursaluna\n|-damage|p2a: Ursaluna|2\/100\n|-damage|p1a: Palafin|74\/100|[from] Recoil\n|move|p2a: Ursaluna|Blood Moon|p1a: Palafin\n|-damage|p1a: Palafin|11\/100\n|\n|-heal|p1a: Palafin|17\/100|[from] item: Leftovers\n|-heal|p2a: Ursaluna|8\/100|[from] item: Leftovers\n|upkeep\n|turn|22\n|l|\u2606CloysterEnjoyer\n|player|p2|\n|j|\u2606CloysterEnjoyer\n|player|p2|CloysterEnjoyer|bruno\n|-message|CloysterEnjoyer forfeited.\n|\n|win|MrTRB\n|l|\u2606CloysterEnjoyer\n","uploadtime":1700916872,"views":4,"p1id":"mrtrb","p2id":"cloysterenjoyer","formatid":"gen9nationaldexubers","rating":0,"private":0,"password":""}