{"id":"gen9nationaldexubers-1987384371","p1":"7vxk","p2":"85792195wwww","format":"[Gen 9] National Dex Ubers","log":"|j|\u26067vxk\n|j|\u260685792195wwww\n|t:|1699584522\n|gametype|singles\n|player|p1|7vxk|guitarist|1378\n|player|p2|85792195wwww|mira|1424\n|teamsize|p1|6\n|teamsize|p2|6\n|gen|9\n|tier|[Gen 9] National Dex Ubers\n|rated|\n|rule|HP Percentage Mod: HP is shown in percentages\n|rule|Endless Battle Clause: Forcing endless battles is banned\n|rule|OHKO Clause: OHKO moves are banned\n|rule|Evasion Moves Clause: Evasion moves are banned\n|rule|Evasion Items Clause: Evasion items are banned\n|rule|Species Clause: Limit one of each Pok\u00e9mon\n|rule|Sleep Clause Mod: Limit one foe put to sleep\n|rule|Mega Rayquaza Clause: You cannot mega evolve Rayquaza\n|clearpoke\n|poke|p1|Marshadow|\n|poke|p1|Banette, F|\n|poke|p1|Zacian-*|\n|poke|p1|Necrozma-Dusk-Mane|\n|poke|p1|Groudon|\n|poke|p1|Lycanroc-Dusk, M|\n|poke|p2|Kyurem-Black|\n|poke|p2|Samurott-Hisui, F|\n|poke|p2|Gholdengo|\n|poke|p2|Groudon|\n|poke|p2|Arceus-Ground|\n|poke|p2|Ribombee, M|\n|teampreview\n|\n|t:|1699584527\n|start\n|switch|p1a: Lycanroc|Lycanroc-Dusk, M|100\/100\n|switch|p2a: Ribombee|Ribombee, M|100\/100\n|turn|1\n|\n|t:|1699584534\n|move|p2a: Ribombee|Sticky Web|p1a: Lycanroc\n|-sidestart|p1: 7vxk|move: Sticky Web\n|move|p1a: Lycanroc|Taunt|p2a: Ribombee\n|-start|p2a: Ribombee|move: Taunt\n|\n|upkeep\n|turn|2\n|\n|t:|1699584547\n|switch|p1a: Groudon|Groudon, shiny|100\/100\n|-activate|p1a: Groudon|move: Sticky Web\n|-unboost|p1a: Groudon|spe|1\n|detailschange|p1a: Groudon|Groudon-Primal, shiny\n|-primal|p1a: Groudon|Red Orb\n|-weather|DesolateLand|[from] ability: Desolate Land|[of] p1a: Groudon\n|move|p2a: Ribombee|Moonblast|p1a: Groudon\n|-resisted|p1a: Groudon\n|-damage|p1a: Groudon|80\/100\n|\n|-weather|DesolateLand|[upkeep]\n|upkeep\n|turn|3\n|\n|t:|1699584559\n|switch|p2a: Samurott|Samurott-Hisui, F|100\/100\n|move|p1a: Groudon|Rock Polish|p1a: Groudon\n|-boost|p1a: Groudon|spe|2\n|\n|-weather|DesolateLand|[upkeep]\n|upkeep\n|turn|4\n|inactive|Battle timer is ON: inactive players will automatically lose when time's up. (requested by 7vxk)\n|\n|t:|1699584566\n|move|p1a: Groudon|Heat Crash|p2a: Samurott\n|-resisted|p2a: Samurott\n|-damage|p2a: Samurott|24\/100\n|move|p2a: Samurott|Ceaseless Edge|p1a: Groudon\n|-damage|p1a: Groudon|45\/100\n|-sidestart|p1: 7vxk|Spikes\n|\n|-weather|DesolateLand|[upkeep]\n|upkeep\n|turn|5\n|\n|t:|1699584574\n|move|p1a: Groudon|Heat Crash|p2a: Samurott\n|-resisted|p2a: Samurott\n|-damage|p2a: Samurott|0 fnt\n|faint|p2a: Samurott\n|\n|-weather|DesolateLand|[upkeep]\n|upkeep\n|\n|t:|1699584583\n|switch|p2a: Ribombee|Ribombee, M|100\/100\n|turn|6\n|\n|t:|1699584587\n|move|p1a: Groudon|Heat Crash|p2a: Ribombee\n|-supereffective|p2a: Ribombee\n|-enditem|p2a: Ribombee|Focus Sash\n|-damage|p2a: Ribombee|1\/100\n|move|p2a: Ribombee|Stun Spore|p1a: Groudon|[miss]\n|-miss|p2a: Ribombee|p1a: Groudon\n|\n|-weather|DesolateLand|[upkeep]\n|upkeep\n|turn|7\n|\n|t:|1699584595\n|move|p1a: Groudon|Heat Crash|p2a: Ribombee\n|-supereffective|p2a: Ribombee\n|-damage|p2a: Ribombee|0 fnt\n|faint|p2a: Ribombee\n|\n|-weather|DesolateLand|[upkeep]\n|upkeep\n|\n|t:|1699584605\n|switch|p2a: Kyurem|Kyurem-Black|100\/100\n|-ability|p2a: Kyurem|Teravolt\n|turn|8\n|\n|t:|1699584613\n|move|p1a: Groudon|Heat Crash|p2a: Kyurem\n|-damage|p2a: Kyurem|31\/100\n|move|p2a: Kyurem|Dragon Dance|p2a: Kyurem\n|-boost|p2a: Kyurem|atk|1\n|-boost|p2a: Kyurem|spe|1\n|\n|-weather|DesolateLand|[upkeep]\n|upkeep\n|turn|9\n|\n|t:|1699584621\n|move|p1a: Groudon|Heat Crash|p2a: Kyurem\n|-damage|p2a: Kyurem|0 fnt\n|faint|p2a: Kyurem\n|\n|-weather|DesolateLand|[upkeep]\n|upkeep\n|\n|t:|1699584627\n|switch|p2a: Arceus|Arceus-Ground|100\/100\n|turn|10\n|\n|t:|1699584635\n|move|p1a: Groudon|Precipice Blades|p2a: Arceus\n|-damage|p2a: Arceus|38\/100\n|move|p2a: Arceus|Earthquake|p1a: Groudon\n|-supereffective|p1a: Groudon\n|-damage|p1a: Groudon|0 fnt\n|faint|p1a: Groudon\n|-weather|none\n|\n|upkeep\n|\n|t:|1699584645\n|switch|p1a: Necrozma|Necrozma-Dusk-Mane|100\/100\n|-activate|p1a: Necrozma|move: Sticky Web\n|-unboost|p1a: Necrozma|spe|1\n|-damage|p1a: Necrozma|88\/100|[from] Spikes\n|turn|11\n|\n|t:|1699584651\n|-zpower|p2a: Arceus\n|move|p2a: Arceus|Tectonic Rage|p1a: Necrozma|[zeffect]\n|-supereffective|p1a: Necrozma\n|-damage|p1a: Necrozma|0 fnt\n|faint|p1a: Necrozma\n|\n|upkeep\n|\n|t:|1699584666\n|switch|p1a: Lycanroc|Lycanroc-Dusk, M|100\/100\n|-activate|p1a: Lycanroc|move: Sticky Web\n|-unboost|p1a: Lycanroc|spe|1\n|-damage|p1a: Lycanroc|88\/100|[from] Spikes\n|turn|12\n|\n|t:|1699584672\n|move|p1a: Lycanroc|Sucker Punch|p2a: Arceus\n|-damage|p2a: Arceus|14\/100\n|move|p2a: Arceus|Earthquake|p1a: Lycanroc\n|-supereffective|p1a: Lycanroc\n|-damage|p1a: Lycanroc|0 fnt\n|faint|p1a: Lycanroc\n|\n|upkeep\n|\n|t:|1699584675\n|switch|p1a: Marshadow|Marshadow|100\/100\n|-activate|p1a: Marshadow|move: Sticky Web\n|-unboost|p1a: Marshadow|spe|1\n|-damage|p1a: Marshadow|88\/100|[from] Spikes\n|turn|13\n|\n|t:|1699584685\n|switch|p2a: Groudon|Groudon|100\/100\n|detailschange|p2a: Groudon|Groudon-Primal\n|-primal|p2a: Groudon|Red Orb\n|-weather|DesolateLand|[from] ability: Desolate Land|[of] p2a: Groudon\n|move|p1a: Marshadow|Shadow Sneak|p2a: Groudon\n|-damage|p2a: Groudon|80\/100\n|\n|-weather|DesolateLand|[upkeep]\n|upkeep\n|turn|14\n|\n|t:|1699584694\n|move|p2a: Groudon|Eruption|p1a: Marshadow\n|-damage|p1a: Marshadow|0 fnt\n|faint|p1a: Marshadow\n|\n|-weather|DesolateLand|[upkeep]\n|upkeep\n|\n|t:|1699584700\n|switch|p1a: Banette|Banette, F|100\/100\n|-activate|p1a: Banette|move: Sticky Web\n|-unboost|p1a: Banette|spe|1\n|-damage|p1a: Banette|88\/100|[from] Spikes\n|turn|15\n|\n|t:|1699584710\n|detailschange|p1a: Banette|Banette-Mega, F\n|-mega|p1a: Banette|Banette|Banettite\n|move|p1a: Banette|Swords Dance|p1a: Banette\n|-boost|p1a: Banette|atk|2\n|move|p2a: Groudon|Eruption|p1a: Banette\n|-damage|p1a: Banette|0 fnt\n|faint|p1a: Banette\n|\n|-weather|DesolateLand|[upkeep]\n|upkeep\n|\n|t:|1699584712\n|switch|p1a: Zacian|Zacian-Crowned|100\/100\n|-activate|p1a: Zacian|move: Sticky Web\n|-unboost|p1a: Zacian|spe|1\n|-damage|p1a: Zacian|88\/100|[from] Spikes\n|-ability|p1a: Zacian|Intrepid Sword|boost\n|-boost|p1a: Zacian|atk|1\n|turn|16\n|\n|t:|1699584726\n|-terastallize|p1a: Zacian|Flying\n|move|p1a: Zacian|Brick Break|p2a: Groudon\n|-damage|p2a: Groudon|52\/100\n|move|p2a: Groudon|Earth Power|p1a: Zacian\n|-immune|p1a: Zacian\n|\n|-weather|DesolateLand|[upkeep]\n|upkeep\n|turn|17\n|\n|t:|1699584735\n|move|p1a: Zacian|Brick Break|p2a: Groudon\n|-damage|p2a: Groudon|21\/100\n|move|p2a: Groudon|Ancient Power|p1a: Zacian\n|-supereffective|p1a: Zacian\n|-damage|p1a: Zacian|40\/100\n|\n|-weather|DesolateLand|[upkeep]\n|upkeep\n|turn|18\n|\n|t:|1699584742\n|move|p1a: Zacian|Brick Break|p2a: Groudon\n|-damage|p2a: Groudon|0 fnt\n|faint|p2a: Groudon\n|-weather|none\n|\n|upkeep\n|\n|t:|1699584748\n|switch|p2a: Gholdengo|Gholdengo|100\/100\n|-item|p2a: Gholdengo|Air Balloon\n|turn|19\n|\n|t:|1699584755\n|move|p2a: Gholdengo|Make It Rain|p1a: Zacian\n|-damage|p1a: Zacian|0 fnt\n|-unboost|p2a: Gholdengo|spa|1\n|faint|p1a: Zacian\n|\n|win|85792195wwww\n|raw|7vxk's rating: 1378 &rarr; <strong>1361<\/strong><br \/>(-17 for losing)\n|raw|85792195wwww's rating: 1424 &rarr; <strong>1441<\/strong><br \/>(+17 for winning)\n","uploadtime":1699584766,"views":6,"p1id":"7vxk","p2id":"85792195wwww","formatid":"gen9nationaldexubers","rating":1361,"private":0,"password":""}