{"id":"gen9nationaldexubers-1996372829","p1":"ConnorTG5","p2":"JustMonika_CARR","format":"[Gen 9] National Dex Ubers","log":"|j|\u2606ConnorTG5\n|j|\u2606JustMonika_CARR\n|t:|1700675802\n|gametype|singles\n|player|p1|ConnorTG5|1|1237\n|player|p2|JustMonika_CARR|rosa|1330\n|teamsize|p1|6\n|teamsize|p2|6\n|gen|9\n|tier|[Gen 9] National Dex Ubers\n|rated|\n|rule|HP Percentage Mod: HP is shown in percentages\n|rule|Endless Battle Clause: Forcing endless battles is banned\n|rule|OHKO Clause: OHKO moves are banned\n|rule|Evasion Moves Clause: Evasion moves are banned\n|rule|Evasion Items Clause: Evasion items are banned\n|rule|Species Clause: Limit one of each Pok\u00e9mon\n|rule|Sleep Clause Mod: Limit one foe put to sleep\n|rule|Mega Rayquaza Clause: You cannot mega evolve Rayquaza\n|clearpoke\n|poke|p1|Clefable, F|\n|poke|p1|Iron Moth|\n|poke|p1|Deoxys-Speed|\n|poke|p1|Palkia|\n|poke|p1|Minior-Orange|\n|poke|p1|Magnezone|\n|poke|p2|Marshadow|\n|poke|p2|Lopunny, F|\n|poke|p2|Eternatus|\n|poke|p2|Forretress, F|\n|poke|p2|Pheromosa|\n|poke|p2|Grimmsnarl, M|\n|teampreview\n|c|\u2606ConnorTG5|gl hf\n|inactive|Battle timer is ON: inactive players will automatically lose when time's up. (requested by ConnorTG5)\n|c|\u2606JustMonika_CARR|oh, hey again\n|c|\u2606JustMonika_CARR|glhf\n|\n|t:|1700675819\n|start\n|switch|p1a: U.F.O 2|Iron Moth|100\/100\n|switch|p2a: Forretress|Forretress, F, shiny|100\/100\n|-enditem|p1a: U.F.O 2|Booster Energy\n|-activate|p1a: U.F.O 2|ability: Quark Drive|[fromitem]\n|-start|p1a: U.F.O 2|quarkdrivespa\n|turn|1\n|\n|t:|1700675830\n|-terastallize|p2a: Forretress|Fire\n|move|p1a: U.F.O 2|Flame Charge|p2a: Forretress\n|-resisted|p2a: Forretress\n|-damage|p2a: Forretress|98\/100\n|-boost|p1a: U.F.O 2|spe|1\n|-enditem|p2a: Forretress|Red Card|[of] p1a: U.F.O 2\n|-end|p1a: U.F.O 2|Quark Drive|[silent]\n|drag|p1a: U.F.O|Magnezone|100\/100\n|move|p2a: Forretress|Toxic Spikes|p1a: U.F.O\n|-sidestart|p1: ConnorTG5|move: Toxic Spikes\n|\n|upkeep\n|turn|2\n|\n|t:|1700675841\n|move|p1a: U.F.O|Volt Switch|p2a: Forretress\n|-damage|p2a: Forretress|38\/100\n|\n|t:|1700675848\n|switch|p1a: U.F.O 2|Iron Moth|100\/100|[from] Volt Switch\n|-sideend|p1: ConnorTG5|move: Toxic Spikes|[of] p1a: U.F.O 2\n|move|p2a: Forretress|Stealth Rock|p1a: U.F.O 2\n|-sidestart|p1: ConnorTG5|move: Stealth Rock\n|\n|upkeep\n|turn|3\n|\n|t:|1700675853\n|move|p1a: U.F.O 2|Sludge Wave|p2a: Forretress\n|-damage|p2a: Forretress|0 fnt\n|faint|p2a: Forretress\n|\n|upkeep\n|\n|t:|1700675870\n|switch|p2a: Marshadow|Marshadow|100\/100\n|turn|4\n|\n|t:|1700675878\n|-end|p1a: U.F.O 2|Quark Drive|[silent]\n|switch|p1a: U.F.O|Magnezone|100\/100\n|-damage|p1a: U.F.O|94\/100|[from] Stealth Rock\n|move|p2a: Marshadow|Stone Edge|p1a: U.F.O\n|-resisted|p1a: U.F.O\n|-damage|p1a: U.F.O|80\/100\n|\n|upkeep\n|turn|5\n|\n|t:|1700675889\n|switch|p2a: Grimmsnarl|Grimmsnarl, M, shiny|100\/100\n|-terastallize|p1a: U.F.O|Water\n|move|p1a: U.F.O|Discharge|p2a: Grimmsnarl\n|-damage|p2a: Grimmsnarl|37\/100\n|-status|p2a: Grimmsnarl|par\n|\n|-heal|p2a: Grimmsnarl|43\/100 par|[from] item: Leftovers\n|upkeep\n|turn|6\n|\n|t:|1700675898\n|move|p2a: Grimmsnarl|Light Screen|p2a: Grimmsnarl\n|-sidestart|p2: JustMonika_CARR|move: Light Screen\n|move|p1a: U.F.O|Flash Cannon|p2a: Grimmsnarl\n|-supereffective|p2a: Grimmsnarl\n|-damage|p2a: Grimmsnarl|0 fnt\n|faint|p2a: Grimmsnarl\n|\n|upkeep\n|\n|t:|1700675922\n|switch|p2a: Eternatus|Eternatus|100\/100\n|-ability|p2a: Eternatus|Pressure\n|turn|7\n|\n|t:|1700675928\n|move|p2a: Eternatus|Dynamax Cannon|p1a: U.F.O\n|-damage|p1a: U.F.O|37\/100\n|move|p1a: U.F.O|Discharge|p2a: Eternatus\n|-resisted|p2a: Eternatus\n|-damage|p2a: Eternatus|88\/100\n|-status|p2a: Eternatus|par\n|\n|upkeep\n|turn|8\n|\n|t:|1700675935\n|move|p2a: Eternatus|Dynamax Cannon|p1a: U.F.O\n|-damage|p1a: U.F.O|0 fnt\n|faint|p1a: U.F.O\n|\n|upkeep\n|\n|t:|1700675946\n|switch|p1a: Speedghetti|Deoxys-Speed, shiny|100\/100\n|-damage|p1a: Speedghetti|88\/100|[from] Stealth Rock\n|-ability|p1a: Speedghetti|Pressure\n|turn|9\n|\n|t:|1700675951\n|switch|p2a: Pheromosa|Pheromosa, shiny|100\/100\n|move|p1a: Speedghetti|Knock Off|p2a: Pheromosa\n|-resisted|p2a: Pheromosa\n|-damage|p2a: Pheromosa|71\/100\n|-enditem|p2a: Pheromosa|Focus Sash|[from] move: Knock Off|[of] p1a: Speedghetti\n|\n|upkeep\n|turn|10\n|\n|t:|1700675958\n|move|p1a: Speedghetti|Thunder Wave|p2a: Pheromosa\n|-status|p2a: Pheromosa|par\n|move|p2a: Pheromosa|Rapid Spin|p1a: Speedghetti\n|-damage|p1a: Speedghetti|68\/100\n|-boost|p2a: Pheromosa|spe|1\n|\n|-sideend|p2: JustMonika_CARR|move: Light Screen\n|upkeep\n|turn|11\n|\n|t:|1700675965\n|move|p1a: Speedghetti|Stealth Rock|p2a: Pheromosa\n|-sidestart|p2: JustMonika_CARR|move: Stealth Rock\n|move|p2a: Pheromosa|Rapid Spin|p1a: Speedghetti\n|-damage|p1a: Speedghetti|48\/100\n|-boost|p2a: Pheromosa|spe|1\n|-sideend|p2: JustMonika_CARR|Stealth Rock|[from] move: Rapid Spin|[of] p2a: Pheromosa\n|\n|upkeep\n|turn|12\n|\n|t:|1700675971\n|move|p1a: Speedghetti|Stealth Rock|p2a: Pheromosa\n|-sidestart|p2: JustMonika_CARR|move: Stealth Rock\n|cant|p2a: Pheromosa|par\n|\n|upkeep\n|turn|13\n|\n|t:|1700675980\n|switch|p1a: U.F.O 2|Iron Moth|100\/100\n|-damage|p1a: U.F.O 2|76\/100|[from] Stealth Rock\n|cant|p2a: Pheromosa|par\n|\n|upkeep\n|turn|14\n|\n|t:|1700675988\n|move|p2a: Pheromosa|Rapid Spin|p1a: U.F.O 2\n|-damage|p1a: U.F.O 2|51\/100\n|-boost|p2a: Pheromosa|spe|1\n|-sideend|p2: JustMonika_CARR|Stealth Rock|[from] move: Rapid Spin|[of] p2a: Pheromosa\n|move|p1a: U.F.O 2|Flame Charge|p2a: Pheromosa\n|-supereffective|p2a: Pheromosa\n|-damage|p2a: Pheromosa|7\/100 par\n|-boost|p1a: U.F.O 2|spe|1\n|\n|upkeep\n|turn|15\n|\n|t:|1700676003\n|move|p1a: U.F.O 2|Fiery Dance|p2a: Pheromosa\n|-supereffective|p2a: Pheromosa\n|-damage|p2a: Pheromosa|0 fnt\n|faint|p2a: Pheromosa\n|\n|upkeep\n|\n|t:|1700676010\n|switch|p2a: Marshadow|Marshadow|100\/100\n|turn|16\n|\n|t:|1700676022\n|move|p1a: U.F.O 2|Fiery Dance|p2a: Marshadow\n|-damage|p2a: Marshadow|50\/100\n|move|p2a: Marshadow|Spectral Thief||[still]\n|-clearpositiveboost|p1a: U.F.O 2|p2a: Marshadow|move: Spectral Thief\n|-boost|p2a: Marshadow|spe|1\n|-anim|p2a: Marshadow|Spectral Thief|p1a: U.F.O 2\n|-damage|p1a: U.F.O 2|0 fnt\n|faint|p1a: U.F.O 2\n|-end|p1a: U.F.O 2|Quark Drive|[silent]\n|\n|upkeep\n|\n|t:|1700676046\n|switch|p1a: Speedghetti|Deoxys-Speed, shiny|48\/100\n|-damage|p1a: Speedghetti|36\/100|[from] Stealth Rock\n|-ability|p1a: Speedghetti|Pressure\n|turn|17\n|\n|t:|1700676054\n|move|p2a: Marshadow|Shadow Sneak|p1a: Speedghetti\n|-supereffective|p1a: Speedghetti\n|-damage|p1a: Speedghetti|0 fnt\n|faint|p1a: Speedghetti\n|\n|upkeep\n|\n|t:|1700676057\n|switch|p1a: Fuck the Dinosaurs|Minior-Orange|100\/100\n|-damage|p1a: Fuck the Dinosaurs|76\/100|[from] Stealth Rock\n|-formechange|p1a: Fuck the Dinosaurs|Minior-Meteor||[from] ability: Shields Down\n|turn|18\n|\n|t:|1700676067\n|move|p2a: Marshadow|Stone Edge|p1a: Fuck the Dinosaurs\n|-supereffective|p1a: Fuck the Dinosaurs\n|-damage|p1a: Fuck the Dinosaurs|0 fnt\n|faint|p1a: Fuck the Dinosaurs\n|\n|upkeep\n|\n|t:|1700676074\n|switch|p1a: Spaaaaace|Palkia, shiny|100\/100\n|-damage|p1a: Spaaaaace|88\/100|[from] Stealth Rock\n|-ability|p1a: Spaaaaace|Pressure\n|turn|19\n|\n|t:|1700676080\n|move|p2a: Marshadow|Force Palm|p1a: Spaaaaace\n|-damage|p1a: Spaaaaace|39\/100\n|move|p1a: Spaaaaace|Spacial Rend|p2a: Marshadow\n|-damage|p2a: Marshadow|0 fnt\n|faint|p2a: Marshadow\n|\n|upkeep\n|\n|t:|1700676086\n|switch|p2a: Lopunny|Lopunny, F, shiny|100\/100\n|turn|20\n|\n|t:|1700676098\n|detailschange|p2a: Lopunny|Lopunny-Mega, F, shiny\n|-mega|p2a: Lopunny|Lopunny|Lopunnite\n|move|p2a: Lopunny|Fake Out|p1a: Spaaaaace\n|-damage|p1a: Spaaaaace|14\/100\n|cant|p1a: Spaaaaace|flinch\n|\n|upkeep\n|turn|21\n|\n|t:|1700676105\n|move|p2a: Lopunny|Power-Up Punch|p1a: Spaaaaace\n|-damage|p1a: Spaaaaace|0 fnt\n|-boost|p2a: Lopunny|atk|1\n|faint|p1a: Spaaaaace\n|\n|upkeep\n|c|\u2606ConnorTG5|who tf made marshadow\n|\n|t:|1700676114\n|switch|p1a: Luna|Clefable, F, shiny|100\/100\n|turn|22\n|c|\u2606ConnorTG5|like i know powercreep is rampant\n|c|\u2606ConnorTG5|but\n|inactive|ConnorTG5 has 120 seconds left.\n|c|\u2606JustMonika_CARR|Indeed\n|c|\u2606ConnorTG5|who looked at an amazing stats, priority move pokemon and thought \"yeah lets give it the ability to steal stab buffs and hit a high bp move in the same turn\"\n|c|\u2606JustMonika_CARR|But Marshadow ain't that hard to beat tho\n|\n|t:|1700676173\n|move|p2a: Lopunny|Return|p1a: Luna\n|-damage|p1a: Luna|38\/100\n|move|p1a: Luna|Cosmic Power|p1a: Luna\n|-boost|p1a: Luna|def|1\n|-boost|p1a: Luna|spd|1\n|\n|upkeep\n|turn|23\n|c|\u2606ConnorTG5|my ass\n|\n|t:|1700676185\n|move|p2a: Lopunny|Power-Up Punch|p1a: Luna\n|-resisted|p1a: Luna\n|-damage|p1a: Luna|29\/100\n|-boost|p2a: Lopunny|atk|1\n|move|p1a: Luna|Soft-Boiled|p1a: Luna\n|-heal|p1a: Luna|79\/100\n|\n|upkeep\n|turn|24\n|c|\u2606ConnorTG5|i have never seen a marshadow i haven't struggled to beat, if i've been able to beat it at all\n|inactive|ConnorTG5 has 90 seconds left.\n|\n|t:|1700676206\n|move|p2a: Lopunny|Return|p1a: Luna\n|-damage|p1a: Luna|39\/100\n|move|p1a: Luna|Cosmic Power|p1a: Luna\n|-boost|p1a: Luna|def|1\n|-boost|p1a: Luna|spd|1\n|\n|upkeep\n|turn|25\n|\n|t:|1700676212\n|move|p2a: Lopunny|Power-Up Punch|p1a: Luna\n|-resisted|p1a: Luna\n|-damage|p1a: Luna|33\/100\n|-boost|p2a: Lopunny|atk|1\n|move|p1a: Luna|Soft-Boiled|p1a: Luna\n|-heal|p1a: Luna|83\/100\n|\n|upkeep\n|turn|26\n|\n|t:|1700676221\n|move|p2a: Lopunny|Return|p1a: Luna\n|-crit|p1a: Luna\n|-damage|p1a: Luna|0 fnt\n|faint|p1a: Luna\n|\n|win|JustMonika_CARR\n|raw|ConnorTG5's rating: 1237 &rarr; <strong>1219<\/strong><br \/>(-18 for losing)\n|raw|JustMonika_CARR's rating: 1330 &rarr; <strong>1345<\/strong><br \/>(+15 for winning)\n|c|\u2606ConnorTG5|gg\n|l|\u2606ConnorTG5\n|c|\u2606JustMonika_CARR|Bryh\n|c|\u2606JustMonika_CARR|gg\n","uploadtime":1700676236,"views":1,"p1id":"connortg5","p2id":"justmonikacarr","formatid":"gen9nationaldexubers","rating":1219,"private":0,"password":""}