{"id":"gen9nationaldexubers-1986302659","p1":"Neosouls","p2":"DrArkane15","format":"[Gen 9] National Dex Ubers","log":"|j|\u2606Neosouls\n|j|\u2606DrArkane15\n|t:|1699467595\n|gametype|singles\n|player|p1|Neosouls|marlon|\n|player|p2|DrArkane15|102|\n|teamsize|p1|5\n|teamsize|p2|4\n|gen|9\n|tier|[Gen 9] National Dex Ubers\n|rule|HP Percentage Mod: HP is shown in percentages\n|rule|Endless Battle Clause: Forcing endless battles is banned\n|rule|OHKO Clause: OHKO moves are banned\n|rule|Evasion Moves Clause: Evasion moves are banned\n|rule|Evasion Items Clause: Evasion items are banned\n|rule|Species Clause: Limit one of each Pok\u00e9mon\n|rule|Sleep Clause Mod: Limit one foe put to sleep\n|rule|Mega Rayquaza Clause: You cannot mega evolve Rayquaza\n|clearpoke\n|poke|p1|Staraptor, L35, F|\n|poke|p1|Frogadier, L25, M|\n|poke|p1|Swellow, L30, F|\n|poke|p1|Dartrix, L28, F|\n|poke|p1|Shinx, L9, F|\n|poke|p2|Golbat, L25, M|\n|poke|p2|Scrafty, L32, F|\n|poke|p2|Krokorok, L28, M|\n|poke|p2|Skuntank, L26, M|\n|teampreview\n|\n|t:|1699467613\n|start\n|switch|p1a: Shinx|Shinx, L9, F|100\/100\n|switch|p2a: Skuntank|Skuntank, L26, M|100\/100\n|-ability|p1a: Shinx|Intimidate|boost\n|-unboost|p2a: Skuntank|atk|1\n|turn|1\n|\n|t:|1699467621\n|move|p2a: Skuntank|Toxic Spikes|p1a: Shinx\n|-sidestart|p1: Neosouls|move: Toxic Spikes\n|move|p1a: Shinx|Leer|p2a: Skuntank\n|-unboost|p2a: Skuntank|def|1\n|\n|upkeep\n|turn|2\n|\n|t:|1699467637\n|move|p1a: Shinx|Quick Attack|p2a: Skuntank\n|-damage|p2a: Skuntank|96\/100\n|move|p2a: Skuntank|Toxic Spikes|p1a: Shinx\n|-sidestart|p1: Neosouls|move: Toxic Spikes\n|\n|-heal|p2a: Skuntank|100\/100|[from] item: Leftovers\n|upkeep\n|turn|3\n|\n|t:|1699467666\n|switch|p1a: Dartrix|Dartrix, L28, F|100\/100\n|move|p2a: Skuntank|Toxic Spikes||[still]\n|-fail|p2a: Skuntank\n|\n|upkeep\n|turn|4\n|\n|t:|1699467679\n|move|p2a: Skuntank|Gunk Shot|p1a: Dartrix\n|-supereffective|p1a: Dartrix\n|-damage|p1a: Dartrix|20\/100\n|-status|p1a: Dartrix|psn\n|move|p1a: Dartrix|Pluck|p2a: Skuntank\n|-damage|p2a: Skuntank|42\/100\n|\n|-heal|p2a: Skuntank|48\/100|[from] item: Leftovers\n|-damage|p1a: Dartrix|8\/100 psn|[from] psn\n|upkeep\n|turn|5\n|\n|t:|1699467693\n|move|p1a: Dartrix|Shadow Sneak|p2a: Skuntank\n|-resisted|p2a: Skuntank\n|-damage|p2a: Skuntank|36\/100\n|move|p2a: Skuntank|Knock Off|p1a: Dartrix\n|-damage|p1a: Dartrix|0 fnt\n|faint|p1a: Dartrix\n|\n|-heal|p2a: Skuntank|42\/100|[from] item: Leftovers\n|upkeep\n|\n|t:|1699467704\n|switch|p1a: Swellow|Swellow, L30, F|100\/100\n|turn|6\n|\n|t:|1699467717\n|move|p1a: Swellow|Aerial Ace|p2a: Skuntank\n|-damage|p2a: Skuntank|0 fnt\n|-damage|p1a: Swellow|76\/100|[from] ability: Aftermath|[of] p2a: Skuntank\n|faint|p2a: Skuntank\n|\n|upkeep\n|\n|t:|1699467726\n|switch|p2a: Golbat|Golbat, L25, M|100\/100\n|turn|7\n|\n|t:|1699467746\n|switch|p1a: Shinx|Shinx, L9, F|100\/100\n|-status|p1a: Shinx|tox\n|-ability|p1a: Shinx|Intimidate|boost\n|-fail|p2a: Golbat|unboost|Attack|[from] ability: Inner Focus|[of] p2a: Golbat\n|move|p2a: Golbat|Hypnosis||[still]\n|-fail|p2a: Golbat\n|\n|-damage|p1a: Shinx|97\/100 tox|[from] psn\n|upkeep\n|turn|8\n|\n|t:|1699467760\n|move|p2a: Golbat|Bite|p1a: Shinx\n|-damage|p1a: Shinx|0 fnt\n|faint|p1a: Shinx\n|\n|upkeep\n|l|\u2606Neosouls\n|player|p1|\n|j|\u2606Neosouls\n|player|p1|Neosouls|marlon\n|\n|t:|1699467807\n|switch|p1a: Frogadier|Frogadier, L25, M|100\/100\n|-status|p1a: Frogadier|tox\n|turn|9\n|\n|t:|1699467826\n|move|p1a: Frogadier|Lick|p2a: Golbat\n|-damage|p2a: Golbat|92\/100\n|move|p2a: Golbat|Bite|p1a: Frogadier\n|-damage|p1a: Frogadier|63\/100 tox\n|\n|-damage|p1a: Frogadier|57\/100 tox|[from] psn\n|upkeep\n|turn|10\n|\n|t:|1699467835\n|move|p1a: Frogadier|Water Pulse|p2a: Golbat\n|-damage|p2a: Golbat|57\/100\n|move|p2a: Golbat|Leech Life|p1a: Frogadier\n|-damage|p1a: Frogadier|3\/100 tox\n|-heal|p2a: Golbat|80\/100|[from] drain|[of] p1a: Frogadier\n|\n|-damage|p1a: Frogadier|0 fnt|[from] psn\n|faint|p1a: Frogadier\n|upkeep\n|\n|t:|1699467845\n|switch|p1a: Starscreem|Staraptor, L35, F|100\/100\n|-ability|p1a: Starscreem|Intimidate|boost\n|-fail|p2a: Golbat|unboost|Attack|[from] ability: Inner Focus|[of] p2a: Golbat\n|turn|11\n|\n|t:|1699467852\n|move|p1a: Starscreem|Close Combat|p2a: Golbat\n|-resisted|p2a: Golbat\n|-damage|p2a: Golbat|50\/100\n|-unboost|p1a: Starscreem|def|1\n|-unboost|p1a: Starscreem|spd|1\n|move|p2a: Golbat|Leech Life|p1a: Starscreem\n|-resisted|p1a: Starscreem\n|-damage|p1a: Starscreem|87\/100\n|-heal|p2a: Golbat|60\/100|[from] drain|[of] p1a: Starscreem\n|\n|upkeep\n|turn|12\n|\n|t:|1699467869\n|move|p1a: Starscreem|Aerial Ace|p2a: Golbat\n|-damage|p2a: Golbat|0 fnt\n|faint|p2a: Golbat\n|\n|upkeep\n|\n|t:|1699467872\n|switch|p2a: Krokorok|Krokorok, L28, M|100\/100\n|-ability|p2a: Krokorok|Intimidate|boost\n|-unboost|p1a: Starscreem|atk|1\n|turn|13\n|\n|t:|1699467877\n|move|p1a: Starscreem|Close Combat|p2a: Krokorok\n|-supereffective|p2a: Krokorok\n|-damage|p2a: Krokorok|0 fnt\n|-unboost|p1a: Starscreem|def|1\n|-unboost|p1a: Starscreem|spd|1\n|faint|p2a: Krokorok\n|\n|upkeep\n|\n|t:|1699467882\n|switch|p2a: Scrafty|Scrafty, L32, F|100\/100\n|turn|14\n|\n|t:|1699467886\n|move|p1a: Starscreem|Close Combat|p2a: Scrafty\n|-supereffective|p2a: Scrafty\n|-damage|p2a: Scrafty|42\/100\n|-unboost|p1a: Starscreem|def|1\n|-unboost|p1a: Starscreem|spd|1\n|move|p2a: Scrafty|Drain Punch|p1a: Starscreem\n|-damage|p1a: Starscreem|16\/100\n|-heal|p2a: Scrafty|78\/100|[from] drain|[of] p1a: Starscreem\n|\n|-heal|p2a: Scrafty|85\/100|[from] item: Leftovers\n|upkeep\n|turn|15\n|\n|t:|1699467898\n|move|p1a: Starscreem|Close Combat|p2a: Scrafty\n|-supereffective|p2a: Scrafty\n|-damage|p2a: Scrafty|26\/100\n|-unboost|p1a: Starscreem|def|1\n|-unboost|p1a: Starscreem|spd|1\n|move|p2a: Scrafty|Rest|p2a: Scrafty\n|-status|p2a: Scrafty|slp|[from] move: Rest\n|-heal|p2a: Scrafty|100\/100 slp|[silent]\n|\n|upkeep\n|turn|16\n|\n|t:|1699467908\n|move|p1a: Starscreem|Close Combat|p2a: Scrafty\n|-supereffective|p2a: Scrafty\n|-damage|p2a: Scrafty|39\/100 slp\n|-unboost|p1a: Starscreem|def|1\n|-unboost|p1a: Starscreem|spd|1\n|cant|p2a: Scrafty|slp\n|\n|-heal|p2a: Scrafty|45\/100 slp|[from] item: Leftovers\n|upkeep\n|turn|17\n|\n|t:|1699467918\n|move|p1a: Starscreem|Close Combat|p2a: Scrafty\n|-supereffective|p2a: Scrafty\n|-damage|p2a: Scrafty|0 fnt\n|-unboost|p1a: Starscreem|def|1\n|-unboost|p1a: Starscreem|spd|1\n|faint|p2a: Scrafty\n|\n|win|Neosouls\n","uploadtime":1699467927,"views":7,"p1id":"neosouls","p2id":"drarkane15","formatid":"gen9nationaldexubers","rating":0,"private":0,"password":""}