{"id":"gen9nationaldexubers-1997863916","p1":"MrTRB","p2":"ApocalypticTofu","format":"[Gen 9] National Dex Ubers","log":"|j|\u2606MrTRB\n|j|\u2606ApocalypticTofu\n|t:|1700861134\n|gametype|singles\n|player|p1|MrTRB|benga|\n|player|p2|ApocalypticTofu|plasmagrunt|\n|teamsize|p1|4\n|teamsize|p2|4\n|gen|9\n|tier|[Gen 9] National Dex Ubers\n|rule|HP Percentage Mod: HP is shown in percentages\n|rule|Endless Battle Clause: Forcing endless battles is banned\n|rule|OHKO Clause: OHKO moves are banned\n|rule|Evasion Moves Clause: Evasion moves are banned\n|rule|Evasion Items Clause: Evasion items are banned\n|rule|Species Clause: Limit one of each Pok\u00e9mon\n|rule|Sleep Clause Mod: Limit one foe put to sleep\n|rule|Mega Rayquaza Clause: You cannot mega evolve Rayquaza\n|clearpoke\n|poke|p1|Garganacl, F|\n|poke|p1|Pelipper, M|\n|poke|p1|Gholdengo|\n|poke|p1|Serperior, F|\n|poke|p2|Golisopod, M|\n|poke|p2|Crustle, M|\n|poke|p2|Slither Wing|\n|poke|p2|Pinsir, M|\n|teampreview\n|\n|t:|1700861144\n|start\n|switch|p1a: Pelipper|Pelipper, M, shiny|100\/100\n|switch|p2a: Pinsir|Pinsir, M|100\/100\n|-weather|RainDance|[from] ability: Drizzle|[of] p1a: Pelipper\n|turn|1\n|\n|t:|1700861164\n|detailschange|p2a: Pinsir|Pinsir-Mega, M\n|-mega|p2a: Pinsir|Pinsir|Pinsirite\n|move|p2a: Pinsir|Double-Edge|p1a: Pelipper\n|-damage|p1a: Pelipper|8\/100\n|-damage|p2a: Pinsir|64\/100|[from] Recoil\n|move|p1a: Pelipper|Tailwind|p1a: Pelipper\n|-sidestart|p1: MrTRB|move: Tailwind\n|\n|-weather|RainDance|[upkeep]\n|upkeep\n|turn|2\n|\n|t:|1700861173\n|move|p2a: Pinsir|Quick Attack|p1a: Pelipper\n|-damage|p1a: Pelipper|0 fnt\n|faint|p1a: Pelipper\n|\n|-weather|RainDance|[upkeep]\n|upkeep\n|\n|t:|1700861179\n|switch|p1a: Garganacl|Garganacl, F|100\/100\n|turn|3\n|\n|t:|1700861193\n|move|p2a: Pinsir|Storm Throw|p1a: Garganacl\n|-supereffective|p1a: Garganacl\n|-crit|p1a: Garganacl\n|-damage|p1a: Garganacl|54\/100\n|move|p1a: Garganacl|Salt Cure|p2a: Pinsir\n|-supereffective|p2a: Pinsir\n|-damage|p2a: Pinsir|2\/100\n|-start|p2a: Pinsir|Salt Cure\n|\n|-weather|RainDance|[upkeep]\n|-heal|p1a: Garganacl|61\/100|[from] item: Leftovers\n|-damage|p2a: Pinsir|0 fnt|[from] Salt Cure\n|faint|p2a: Pinsir\n|upkeep\n|\n|t:|1700861207\n|switch|p2a: Crustle|Crustle, M|100\/100\n|turn|4\n|\n|t:|1700861216\n|move|p1a: Garganacl|Iron Defense|p1a: Garganacl\n|-boost|p1a: Garganacl|def|2\n|move|p2a: Crustle|Shell Smash|p2a: Crustle\n|-unboost|p2a: Crustle|def|1\n|-unboost|p2a: Crustle|spd|1\n|-boost|p2a: Crustle|atk|2\n|-boost|p2a: Crustle|spa|2\n|-boost|p2a: Crustle|spe|2\n|\n|-weather|RainDance|[upkeep]\n|-heal|p1a: Garganacl|67\/100|[from] item: Leftovers\n|-sideend|p1: MrTRB|move: Tailwind\n|upkeep\n|turn|5\n|\n|t:|1700861228\n|move|p2a: Crustle|Earthquake|p1a: Garganacl\n|-supereffective|p1a: Garganacl\n|-damage|p1a: Garganacl|25\/100\n|move|p1a: Garganacl|Salt Cure|p2a: Crustle\n|-supereffective|p2a: Crustle\n|-damage|p2a: Crustle|61\/100\n|-start|p2a: Crustle|Salt Cure\n|-ability|p2a: Crustle|Weak Armor|boost\n|-unboost|p2a: Crustle|def|1\n|-boost|p2a: Crustle|spe|2\n|\n|-weather|RainDance|[upkeep]\n|-heal|p2a: Crustle|67\/100|[from] item: Leftovers\n|-heal|p1a: Garganacl|31\/100|[from] item: Leftovers\n|-damage|p2a: Crustle|55\/100|[from] Salt Cure\n|upkeep\n|turn|6\n|\n|t:|1700861243\n|move|p2a: Crustle|Earthquake|p1a: Garganacl\n|-supereffective|p1a: Garganacl\n|-damage|p1a: Garganacl|0 fnt\n|faint|p1a: Garganacl\n|\n|-weather|RainDance|[upkeep]\n|-heal|p2a: Crustle|61\/100|[from] item: Leftovers\n|-damage|p2a: Crustle|49\/100|[from] Salt Cure\n|upkeep\n|\n|t:|1700861270\n|switch|p1a: Serperior|Serperior, F, shiny|100\/100\n|turn|7\n|\n|t:|1700861283\n|-terastallize|p1a: Serperior|Ghost\n|move|p2a: Crustle|X-Scissor|p1a: Serperior\n|-resisted|p1a: Serperior\n|-damage|p1a: Serperior|64\/100\n|move|p1a: Serperior|Glare|p2a: Crustle\n|-status|p2a: Crustle|par\n|\n|-weather|RainDance|[upkeep]\n|-heal|p1a: Serperior|70\/100|[from] item: Leftovers\n|-heal|p2a: Crustle|55\/100 par|[from] item: Leftovers\n|-damage|p2a: Crustle|42\/100 par|[from] Salt Cure\n|upkeep\n|turn|8\n|c|\u2606ApocalypticTofu|grrrrr\n|j| CloysterEnjoyer\n|\n|t:|1700861304\n|move|p1a: Serperior|Leech Seed|p2a: Crustle\n|-start|p2a: Crustle|move: Leech Seed\n|move|p2a: Crustle|Rock Slide|p1a: Serperior\n|-damage|p1a: Serperior|1\/100\n|\n|-weather|none\n|-heal|p1a: Serperior|8\/100|[from] item: Leftovers\n|-heal|p2a: Crustle|48\/100 par|[from] item: Leftovers\n|-damage|p2a: Crustle|36\/100 par|[from] Leech Seed|[of] p1a: Serperior\n|-heal|p1a: Serperior|17\/100|[silent]\n|-damage|p2a: Crustle|23\/100 par|[from] Salt Cure\n|upkeep\n|turn|9\n|c| CloysterEnjoyer|omd\n|\n|t:|1700861325\n|move|p1a: Serperior|Leaf Storm|p2a: Crustle\n|-damage|p2a: Crustle|0 fnt\n|-boost|p1a: Serperior|spa|2\n|faint|p2a: Crustle\n|\n|-heal|p1a: Serperior|24\/100|[from] item: Leftovers\n|upkeep\n|\n|t:|1700861340\n|switch|p2a: Golisopod|Golisopod, M|100\/100\n|turn|10\n|c|\u2606ApocalypticTofu|sinnedalot, what are these messages about lol\n|\n|t:|1700861358\n|move|p2a: Golisopod|First Impression|p1a: Serperior\n|-resisted|p1a: Serperior\n|-damage|p1a: Serperior|0 fnt\n|faint|p1a: Serperior\n|\n|upkeep\n|\n|t:|1700861361\n|switch|p1a: Gholdengo|Gholdengo|100\/100\n|turn|11\n|c|\u2606ApocalypticTofu|what's wrong lmao\n|\n|t:|1700861371\n|move|p1a: Gholdengo|Shadow Ball|p2a: Golisopod\n|-damage|p2a: Golisopod|53\/100\n|-zpower|p2a: Golisopod\n|move|p2a: Golisopod|Savage Spin-Out|p1a: Gholdengo|[zeffect]\n|-resisted|p1a: Gholdengo\n|-damage|p1a: Gholdengo|74\/100\n|\n|upkeep\n|turn|12\n|c|\u2606MrTRB|gods\n|\n|t:|1700861378\n|move|p1a: Gholdengo|Shadow Ball|p2a: Golisopod\n|-damage|p2a: Golisopod|5\/100\n|-activate|p2a: Golisopod|ability: Emergency Exit\n|\n|t:|1700861381\n|switch|p2a: Slither Wing|Slither Wing|100\/100\n|-enditem|p2a: Slither Wing|Booster Energy\n|-activate|p2a: Slither Wing|ability: Protosynthesis|[fromitem]\n|-start|p2a: Slither Wing|protosynthesisatk\n|\n|upkeep\n|turn|13\n|c|\u2606ApocalypticTofu|this one's pretty close acc\n|c|\u2606ApocalypticTofu|if you take out slither wing you've won\n|c|\u2606MrTRB|i wont\n|\n|t:|1700861417\n|-terastallize|p2a: Slither Wing|Bug\n|move|p1a: Gholdengo|Shadow Ball|p2a: Slither Wing\n|-damage|p2a: Slither Wing|58\/100\n|-unboost|p2a: Slither Wing|spd|1\n|move|p2a: Slither Wing|High Horsepower|p1a: Gholdengo\n|-supereffective|p1a: Gholdengo\n|-crit|p1a: Gholdengo\n|-damage|p1a: Gholdengo|0 fnt\n|faint|p1a: Gholdengo\n|\n|win|ApocalypticTofu\n|c|\u2606ApocalypticTofu|i think?\n|c|\u2606ApocalypticTofu|oh shoot\n|j| Rainer565\n|c|\u2606MrTRB|see\n|c| CloysterEnjoyer|mhm\n|c|\u2606ApocalypticTofu|we can go agean lol\n|c|\u2606ApocalypticTofu|*again\n|c| Rainer565|...\n","uploadtime":1700861433,"views":2,"p1id":"mrtrb","p2id":"apocalyptictofu","formatid":"gen9nationaldexubers","rating":0,"private":0,"password":""}