{"id":"gen9nationaldexubers-1978741461","p1":"Kakurega","p2":"Quarters_OU","format":"[Gen 9] National Dex Ubers","log":"|j|\u2606Kakurega\n|j|\u2606Quarters_OU\n|t:|1698589565\n|gametype|singles\n|player|p1|Kakurega|psychic|\n|player|p2|Quarters_OU|102|\n|teamsize|p1|6\n|teamsize|p2|6\n|gen|9\n|tier|[Gen 9] National Dex Ubers\n|rule|HP Percentage Mod: HP is shown in percentages\n|rule|Endless Battle Clause: Forcing endless battles is banned\n|rule|OHKO Clause: OHKO moves are banned\n|rule|Evasion Moves Clause: Evasion moves are banned\n|rule|Evasion Items Clause: Evasion items are banned\n|rule|Species Clause: Limit one of each Pok\u00e9mon\n|rule|Sleep Clause Mod: Limit one foe put to sleep\n|rule|Mega Rayquaza Clause: You cannot mega evolve Rayquaza\n|clearpoke\n|poke|p1|Talonflame, F|\n|poke|p1|Gligar, M|\n|poke|p1|Bombirdier, F|\n|poke|p1|Salamence, F|\n|poke|p1|Charizard, F|\n|poke|p1|Gyarados, F|\n|poke|p2|Roaring Moon|\n|poke|p2|Ninetales-Alola, F|\n|poke|p2|Volcarona, M|\n|poke|p2|Clodsire, F|\n|poke|p2|Scizor, F|\n|poke|p2|Rotom-Wash|\n|teampreview\n|c|\u2606Kakurega|Paradox???\n|c|\u2606Kakurega|Wait are they allowed now?\n|c|\u2606Quarters_OU|Yeah\n|c|\u2606Quarters_OU|I read the rules\n|c|\u2606Quarters_OU|Says they are\n|c|\u2606Kakurega|Bruh did not know\n|c|\u2606Kakurega|Welp next time\n|\n|t:|1698589694\n|start\n|switch|p1a: Talonflame|Talonflame, F|100\/100\n|switch|p2a: Rotom|Rotom-Wash|100\/100\n|turn|1\n|\n|t:|1698589702\n|move|p1a: Talonflame|Tailwind|p1a: Talonflame\n|-sidestart|p1: Kakurega|move: Tailwind\n|move|p2a: Rotom|Hydro Pump|p1a: Talonflame|[miss]\n|-miss|p2a: Rotom|p1a: Talonflame\n|\n|upkeep\n|turn|2\n|\n|t:|1698589717\n|switch|p1a: Gligar|Gligar, M|100\/100\n|move|p2a: Rotom|Defog|p1a: Gligar\n|-unboost|p1a: Gligar|evasion|1\n|\n|upkeep\n|turn|3\n|\n|t:|1698589729\n|move|p1a: Gligar|Swords Dance|p1a: Gligar\n|-boost|p1a: Gligar|atk|2\n|move|p2a: Rotom|Will-O-Wisp|p1a: Gligar\n|-status|p1a: Gligar|brn\n|\n|-damage|p1a: Gligar|95\/100 brn|[from] brn\n|upkeep\n|turn|4\n|\n|t:|1698589751\n|move|p1a: Gligar|Rock Tomb|p2a: Rotom\n|-damage|p2a: Rotom|91\/100\n|-unboost|p2a: Rotom|spe|1\n|move|p2a: Rotom|Hydro Pump|p1a: Gligar\n|-supereffective|p1a: Gligar\n|-damage|p1a: Gligar|27\/100 brn\n|\n|-damage|p1a: Gligar|22\/100 brn|[from] brn\n|-sideend|p1: Kakurega|move: Tailwind\n|upkeep\n|turn|5\n|\n|t:|1698589787\n|move|p1a: Gligar|Crabhammer|p2a: Rotom\n|-resisted|p2a: Rotom\n|-damage|p2a: Rotom|83\/100\n|move|p2a: Rotom|Hydro Pump|p1a: Gligar\n|-supereffective|p1a: Gligar\n|-damage|p1a: Gligar|0 fnt\n|faint|p1a: Gligar\n|\n|upkeep\n|\n|t:|1698589804\n|switch|p1a: Talonflame|Talonflame, F|100\/100\n|turn|6\n|\n|t:|1698589813\n|move|p1a: Talonflame|Tailwind|p1a: Talonflame\n|-sidestart|p1: Kakurega|move: Tailwind\n|move|p2a: Rotom|Hydro Pump|p1a: Talonflame\n|-supereffective|p1a: Talonflame\n|-enditem|p1a: Talonflame|Focus Sash\n|-damage|p1a: Talonflame|1\/100\n|\n|upkeep\n|turn|7\n|\n|t:|1698589825\n|switch|p1a: Gyarados|Gyarados, F|100\/100\n|-ability|p1a: Gyarados|Intimidate|boost\n|-unboost|p2a: Rotom|atk|1\n|move|p2a: Rotom|Defog|p1a: Gyarados\n|-unboost|p1a: Gyarados|evasion|1\n|\n|upkeep\n|turn|8\n|\n|t:|1698589837\n|move|p1a: Gyarados|Bite|p2a: Rotom\n|-damage|p2a: Rotom|59\/100\n|-damage|p1a: Gyarados|91\/100|[from] item: Life Orb\n|cant|p2a: Rotom|flinch\n|\n|upkeep\n|turn|9\n|\n|t:|1698589855\n|move|p1a: Gyarados|Iron Head|p2a: Rotom\n|-resisted|p2a: Rotom\n|-damage|p2a: Rotom|52\/100\n|-damage|p1a: Gyarados|81\/100|[from] item: Life Orb\n|move|p2a: Rotom|Thunderbolt|p1a: Gyarados\n|-supereffective|p1a: Gyarados\n|-damage|p1a: Gyarados|0 fnt\n|faint|p1a: Gyarados\n|\n|-sideend|p1: Kakurega|move: Tailwind\n|upkeep\n|\n|t:|1698589884\n|switch|p1a: Bombirdier|Bombirdier, F|100\/100\n|turn|10\n|\n|t:|1698589894\n|move|p1a: Bombirdier|Stone Edge|p2a: Rotom\n|-damage|p2a: Rotom|17\/100\n|-enditem|p2a: Rotom|Sitrus Berry|[eat]\n|-heal|p2a: Rotom|42\/100|[from] item: Sitrus Berry\n|move|p2a: Rotom|Will-O-Wisp|p1a: Bombirdier\n|-status|p1a: Bombirdier|brn\n|\n|-damage|p1a: Bombirdier|94\/100 brn|[from] brn\n|upkeep\n|turn|11\n|\n|t:|1698589919\n|switch|p2a: Volcarona|Volcarona, M|100\/100\n|move|p1a: Bombirdier|Stone Edge|p2a: Volcarona\n|-supereffective|p2a: Volcarona\n|-crit|p2a: Volcarona\n|-damage|p2a: Volcarona|0 fnt\n|faint|p2a: Volcarona\n|\n|-damage|p1a: Bombirdier|88\/100 brn|[from] brn\n|upkeep\n|\n|t:|1698589922\n|switch|p2a: Roaring Moon|Roaring Moon|100\/100\n|-enditem|p2a: Roaring Moon|Booster Energy\n|-activate|p2a: Roaring Moon|ability: Protosynthesis|[fromitem]\n|-start|p2a: Roaring Moon|protosynthesisatk\n|turn|12\n|\n|t:|1698589937\n|switch|p1a: Talonflame|Talonflame, F|1\/100\n|move|p2a: Roaring Moon|Dragon Dance|p2a: Roaring Moon\n|-boost|p2a: Roaring Moon|atk|1\n|-boost|p2a: Roaring Moon|spe|1\n|\n|upkeep\n|turn|13\n|\n|t:|1698589949\n|move|p2a: Roaring Moon|Iron Head|p1a: Talonflame\n|-resisted|p1a: Talonflame\n|-damage|p1a: Talonflame|0 fnt\n|faint|p1a: Talonflame\n|\n|upkeep\n|\n|t:|1698589960\n|switch|p1a: Salamence|Salamence, F|100\/100\n|turn|14\n|\n|t:|1698589985\n|-terastallize|p2a: Roaring Moon|Flying\n|-terastallize|p1a: Salamence|Ground\n|move|p2a: Roaring Moon|Acrobatics|p1a: Salamence\n|-damage|p1a: Salamence|0 fnt\n|faint|p1a: Salamence\n|\n|upkeep\n|\n|t:|1698589996\n|switch|p1a: Bombirdier|Bombirdier, F|88\/100 brn\n|turn|15\n|\n|t:|1698590002\n|move|p2a: Roaring Moon|Dragon Dance|p2a: Roaring Moon\n|-boost|p2a: Roaring Moon|atk|1\n|-boost|p2a: Roaring Moon|spe|1\n|move|p1a: Bombirdier|Stone Edge|p2a: Roaring Moon\n|-supereffective|p2a: Roaring Moon\n|-damage|p2a: Roaring Moon|40\/100\n|\n|-damage|p1a: Bombirdier|82\/100 brn|[from] brn\n|upkeep\n|turn|16\n|\n|t:|1698590011\n|move|p2a: Roaring Moon|Acrobatics|p1a: Bombirdier\n|-damage|p1a: Bombirdier|0 fnt\n|faint|p1a: Bombirdier\n|\n|upkeep\n|\n|t:|1698590016\n|switch|p1a: Charizard|Charizard, F|100\/100\n|turn|17\n|\n|t:|1698590025\n|detailschange|p1a: Charizard|Charizard-Mega-Y, F\n|-mega|p1a: Charizard|Charizard|Charizardite Y\n|-weather|SunnyDay|[from] ability: Drought|[of] p1a: Charizard\n|move|p2a: Roaring Moon|Acrobatics|p1a: Charizard\n|-damage|p1a: Charizard|0 fnt\n|faint|p1a: Charizard\n|\n|win|Quarters_OU\n|c|\u2606Quarters_OU|Ggs\n|l|\u2606Quarters_OU\n|j|\u2606Quarters_OU\n|player|p2|Quarters_OU|102\n|c|\u2606Kakurega|Gg\n","uploadtime":1698590040,"views":10,"p1id":"kakurega","p2id":"quartersou","formatid":"gen9nationaldexubers","rating":0,"private":0,"password":""}