{"id":"gen9nationaldexubers-1983875809","p1":"Tiago zei","p2":"pietr56","format":"[Gen 9] National Dex Ubers","log":"|j|\u2606Tiago zei\n|j|\u2606pietr56\n|t:|1699194916\n|gametype|singles\n|player|p1|Tiago zei|266|1146\n|player|p2|pietr56|red|1033\n|teamsize|p1|6\n|teamsize|p2|6\n|gen|9\n|tier|[Gen 9] National Dex Ubers\n|rated|\n|rule|HP Percentage Mod: HP is shown in percentages\n|rule|Endless Battle Clause: Forcing endless battles is banned\n|rule|OHKO Clause: OHKO moves are banned\n|rule|Evasion Moves Clause: Evasion moves are banned\n|rule|Evasion Items Clause: Evasion items are banned\n|rule|Species Clause: Limit one of each Pok\u00e9mon\n|rule|Sleep Clause Mod: Limit one foe put to sleep\n|rule|Mega Rayquaza Clause: You cannot mega evolve Rayquaza\n|clearpoke\n|poke|p1|Manectric, M|\n|poke|p1|Zacian-*|\n|poke|p1|Arceus|\n|poke|p1|Groudon|\n|poke|p1|Kyogre|\n|poke|p1|Marshadow|\n|poke|p2|Pheromosa|\n|poke|p2|Necrozma-Dusk-Mane|\n|poke|p2|Groudon|\n|poke|p2|Rayquaza|\n|poke|p2|Naganadel|\n|poke|p2|Calyrex-Ice|\n|teampreview\n|inactive|Battle timer is ON: inactive players will automatically lose when time's up. (requested by Tiago zei)\n|\n|t:|1699194931\n|start\n|switch|p1a: Kyogre|Kyogre|100\/100\n|switch|p2a: Naganadel|Naganadel, shiny|100\/100\n|detailschange|p1a: Kyogre|Kyogre-Primal\n|-primal|p1a: Kyogre|Blue Orb\n|-weather|PrimordialSea|[from] ability: Primordial Sea|[of] p1a: Kyogre\n|turn|1\n|\n|t:|1699194945\n|move|p2a: Naganadel|Dragon Dance|p2a: Naganadel\n|-boost|p2a: Naganadel|atk|1\n|-boost|p2a: Naganadel|spe|1\n|move|p1a: Kyogre|Ice Beam|p2a: Naganadel\n|-supereffective|p2a: Naganadel\n|-damage|p2a: Naganadel|0 fnt\n|faint|p2a: Naganadel\n|\n|-weather|PrimordialSea|[upkeep]\n|upkeep\n|\n|t:|1699194967\n|switch|p2a: Necrozma|Necrozma-Dusk-Mane|100\/100\n|turn|2\n|\n|t:|1699194977\n|-weather|none\n|switch|p1a: Marshadow|Marshadow|100\/100\n|move|p2a: Necrozma|Photon Geyser|p1a: Marshadow\n|-supereffective|p1a: Marshadow\n|-damage|p1a: Marshadow|0 fnt\n|faint|p1a: Marshadow\n|\n|upkeep\n|\n|t:|1699194997\n|switch|p1a: Manectric|Manectric, M|100\/100\n|turn|3\n|\n|t:|1699195002\n|detailschange|p1a: Manectric|Manectric-Mega, M\n|-mega|p1a: Manectric|Manectric|Manectite\n|-ability|p1a: Manectric|Intimidate|boost\n|-unboost|p2a: Necrozma|atk|1\n|move|p1a: Manectric|Flamethrower|p2a: Necrozma\n|-supereffective|p2a: Necrozma\n|-damage|p2a: Necrozma|63\/100\n|move|p2a: Necrozma|Sunsteel Strike|p1a: Manectric\n|-resisted|p1a: Manectric\n|-damage|p1a: Manectric|73\/100\n|\n|upkeep\n|turn|4\n|\n|t:|1699195015\n|move|p1a: Manectric|Flamethrower|p2a: Necrozma\n|-supereffective|p2a: Necrozma\n|-damage|p2a: Necrozma|24\/100\n|move|p2a: Necrozma|Photon Geyser|p1a: Manectric\n|-damage|p1a: Manectric|15\/100\n|\n|upkeep\n|turn|5\n|\n|t:|1699195023\n|move|p1a: Manectric|Flamethrower|p2a: Necrozma\n|-supereffective|p2a: Necrozma\n|-damage|p2a: Necrozma|0 fnt\n|faint|p2a: Necrozma\n|\n|upkeep\n|\n|t:|1699195028\n|switch|p2a: Pheromosa|Pheromosa, shiny|100\/100\n|turn|6\n|\n|t:|1699195044\n|switch|p1a: Zacian|Zacian-Crowned|100\/100\n|-ability|p1a: Zacian|Intrepid Sword|boost\n|-boost|p1a: Zacian|atk|1\n|move|p2a: Pheromosa|High Jump Kick|p1a: Zacian\n|-damage|p1a: Zacian|40\/100\n|\n|upkeep\n|turn|7\n|\n|t:|1699195062\n|move|p1a: Zacian|Close Combat|p2a: Pheromosa\n|-resisted|p2a: Pheromosa\n|-damage|p2a: Pheromosa|24\/100\n|-unboost|p1a: Zacian|def|1\n|-unboost|p1a: Zacian|spd|1\n|move|p2a: Pheromosa|High Jump Kick|p1a: Zacian\n|-damage|p1a: Zacian|0 fnt\n|faint|p1a: Zacian\n|-ability|p2a: Pheromosa|Beast Boost|boost\n|-boost|p2a: Pheromosa|atk|1\n|\n|upkeep\n|\n|t:|1699195073\n|switch|p1a: Arceus|Arceus|100\/100\n|turn|8\n|\n|t:|1699195078\n|move|p1a: Arceus|Extreme Speed|p2a: Pheromosa\n|-damage|p2a: Pheromosa|0 fnt\n|faint|p2a: Pheromosa\n|-damage|p1a: Arceus|91\/100|[from] item: Life Orb\n|\n|upkeep\n|\n|t:|1699195094\n|switch|p2a: Groudon|Groudon, shiny|100\/100\n|detailschange|p2a: Groudon|Groudon-Primal, shiny\n|-primal|p2a: Groudon|Red Orb\n|-weather|DesolateLand|[from] ability: Desolate Land|[of] p2a: Groudon\n|turn|9\n|\n|t:|1699195108\n|switch|p1a: Kyogre|Kyogre-Primal|100\/100\n|-weather|PrimordialSea|[from] ability: Primordial Sea|[of] p1a: Kyogre\n|move|p2a: Groudon|Solar Beam||[still]\n|-prepare|p2a: Groudon|Solar Beam\n|\n|-weather|PrimordialSea|[upkeep]\n|upkeep\n|turn|10\n|\n|t:|1699195124\n|move|p2a: Groudon|Solar Beam|p1a: Kyogre|[from]lockedmove\n|-supereffective|p1a: Kyogre\n|-damage|p1a: Kyogre|81\/100\n|move|p1a: Kyogre|Water Spout|p2a: Groudon\n|-supereffective|p2a: Groudon\n|-damage|p2a: Groudon|0 fnt\n|faint|p2a: Groudon\n|\n|-weather|PrimordialSea|[upkeep]\n|upkeep\n|\n|t:|1699195130\n|switch|p2a: Calyrex|Calyrex-Ice|100\/100\n|-ability|p2a: Calyrex|As One\n|-ability|p2a: Calyrex|Unnerve\n|turn|11\n|\n|t:|1699195138\n|move|p1a: Kyogre|Water Spout|p2a: Calyrex\n|-damage|p2a: Calyrex|12\/100\n|move|p2a: Calyrex|Glacial Lance|p1a: Kyogre\n|-resisted|p1a: Kyogre\n|-damage|p1a: Kyogre|42\/100\n|\n|-weather|PrimordialSea|[upkeep]\n|upkeep\n|turn|12\n|\n|t:|1699195143\n|move|p1a: Kyogre|Water Spout|p2a: Calyrex\n|-damage|p2a: Calyrex|0 fnt\n|faint|p2a: Calyrex\n|\n|-weather|PrimordialSea|[upkeep]\n|upkeep\n|\n|t:|1699195146\n|switch|p2a: Rayquaza|Rayquaza, shiny|100\/100\n|-ability|p2a: Rayquaza|Air Lock\n|turn|13\n|\n|t:|1699195152\n|-terastallize|p2a: Rayquaza|Fairy\n|move|p2a: Rayquaza|Dragon Ascent|p1a: Kyogre\n|-damage|p1a: Kyogre|0 fnt\n|-unboost|p2a: Rayquaza|def|1\n|-unboost|p2a: Rayquaza|spd|1\n|faint|p1a: Kyogre\n|-weather|none\n|\n|upkeep\n|\n|t:|1699195171\n|switch|p1a: Arceus|Arceus|91\/100\n|turn|14\n|\n|t:|1699195177\n|-terastallize|p1a: Arceus|Normal\n|move|p1a: Arceus|Extreme Speed|p2a: Rayquaza\n|-damage|p2a: Rayquaza|0 fnt\n|faint|p2a: Rayquaza\n|-damage|p1a: Arceus|81\/100|[from] item: Life Orb\n|\n|win|Tiago zei\n|raw|Tiago zei's rating: 1146 &rarr; <strong>1163<\/strong><br \/>(+17 for winning)\n|raw|pietr56's rating: 1033 &rarr; <strong>1023<\/strong><br \/>(-10 for losing)\n","uploadtime":1699195191,"views":4,"p1id":"tiagozei","p2id":"pietr56","formatid":"gen9nationaldexubers","rating":1023,"private":0,"password":""}