{"id":"gen9nationaldexubers-1984486510","p1":"XYZ15","p2":"Cherwol","format":"[Gen 9] National Dex Ubers","log":"|j|\u2606XYZ15\n|j|\u2606Cherwol\n|t:|1699271194\n|gametype|singles\n|player|p1|XYZ15|rei|1345\n|player|p2|Cherwol|102|1416\n|teamsize|p1|6\n|teamsize|p2|6\n|gen|9\n|tier|[Gen 9] National Dex Ubers\n|rated|\n|rule|HP Percentage Mod: HP is shown in percentages\n|rule|Endless Battle Clause: Forcing endless battles is banned\n|rule|OHKO Clause: OHKO moves are banned\n|rule|Evasion Moves Clause: Evasion moves are banned\n|rule|Evasion Items Clause: Evasion items are banned\n|rule|Species Clause: Limit one of each Pok\u00e9mon\n|rule|Sleep Clause Mod: Limit one foe put to sleep\n|rule|Mega Rayquaza Clause: You cannot mega evolve Rayquaza\n|clearpoke\n|poke|p1|Darmanitan-Galar, F|\n|poke|p1|Kyogre|\n|poke|p1|Marshadow|\n|poke|p1|Magearna|\n|poke|p1|Salamence, M|\n|poke|p1|Ho-Oh|\n|poke|p2|Skeledirge, F|\n|poke|p2|Yveltal|\n|poke|p2|Arceus-Water|\n|poke|p2|Groudon|\n|poke|p2|Zygarde|\n|poke|p2|Lucario, M|\n|teampreview\n|inactive|Battle timer is ON: inactive players will automatically lose when time's up. (requested by Cherwol)\n|j| mario123MAMAMIA\n|inactive|XYZ15 has 120 seconds left.\n|inactive|XYZ15 has 90 seconds left.\n|\n|t:|1699271265\n|start\n|switch|p1a: Darmanitan|Darmanitan-Galar, F|100\/100\n|switch|p2a: Skeledirge|Skeledirge, F|100\/100\n|turn|1\n|\n|t:|1699271272\n|-terastallize|p1a: Darmanitan|Ground\n|move|p1a: Darmanitan|Earthquake|p2a: Skeledirge\n|-supereffective|p2a: Skeledirge\n|-damage|p2a: Skeledirge|0 fnt\n|faint|p2a: Skeledirge\n|\n|upkeep\n|\n|t:|1699271277\n|switch|p2a: Groudon|Groudon|100\/100\n|detailschange|p2a: Groudon|Groudon-Primal\n|-primal|p2a: Groudon|Red Orb\n|-weather|DesolateLand|[from] ability: Desolate Land|[of] p2a: Groudon\n|turn|2\n|\n|t:|1699271281\n|-weather|none\n|switch|p2a: Yveltal|Yveltal|100\/100\n|-ability|p2a: Yveltal|Dark Aura\n|move|p1a: Darmanitan|Earthquake|p2a: Yveltal\n|-immune|p2a: Yveltal\n|\n|upkeep\n|turn|3\n|\n|t:|1699271287\n|switch|p1a: Magearna|Magearna|100\/100\n|switch|p2a: Arceus|Arceus-Water|100\/100\n|\n|upkeep\n|turn|4\n|\n|t:|1699271290\n|switch|p2a: Groudon|Groudon-Primal|100\/100\n|-weather|DesolateLand|[from] ability: Desolate Land|[of] p2a: Groudon\n|move|p1a: Magearna|Volt Switch|p2a: Groudon\n|-immune|p2a: Groudon\n|\n|-weather|DesolateLand|[upkeep]\n|upkeep\n|turn|5\n|\n|t:|1699271294\n|switch|p1a: Kyogre|Kyogre|100\/100\n|detailschange|p1a: Kyogre|Kyogre-Primal\n|-primal|p1a: Kyogre|Blue Orb\n|-weather|PrimordialSea|[from] ability: Primordial Sea|[of] p1a: Kyogre\n|move|p2a: Groudon|Precipice Blades|p1a: Kyogre\n|-damage|p1a: Kyogre|16\/100\n|\n|-weather|PrimordialSea|[upkeep]\n|upkeep\n|turn|6\n|\n|t:|1699271304\n|-weather|none\n|switch|p1a: Salamence|Salamence, M|100\/100\n|-ability|p1a: Salamence|Intimidate|boost\n|-unboost|p2a: Groudon|atk|1\n|switch|p2a: Arceus|Arceus-Water|100\/100\n|\n|upkeep\n|turn|7\n|\n|t:|1699271315\n|switch|p1a: Magearna|Magearna|100\/100\n|move|p2a: Arceus|Cosmic Power|p2a: Arceus\n|-boost|p2a: Arceus|def|1\n|-boost|p2a: Arceus|spd|1\n|\n|upkeep\n|turn|8\n|\n|t:|1699271319\n|move|p2a: Arceus|Judgment|p1a: Magearna\n|-damage|p1a: Magearna|76\/100\n|move|p1a: Magearna|Volt Switch|p2a: Arceus\n|-supereffective|p2a: Arceus\n|-damage|p2a: Arceus|79\/100\n|\n|t:|1699271324\n|switch|p1a: Marshadow|Marshadow|100\/100|[from] Volt Switch\n|\n|upkeep\n|turn|9\n|\n|t:|1699271327\n|move|p1a: Marshadow|Spectral Thief||[still]\n|-clearpositiveboost|p2a: Arceus|p1a: Marshadow|move: Spectral Thief\n|-boost|p1a: Marshadow|def|1\n|-boost|p1a: Marshadow|spd|1\n|-anim|p1a: Marshadow|Spectral Thief|p2a: Arceus\n|-damage|p2a: Arceus|43\/100\n|move|p2a: Arceus|Judgment|p1a: Marshadow\n|-damage|p1a: Marshadow|66\/100\n|\n|upkeep\n|turn|10\n|\n|t:|1699271335\n|move|p1a: Marshadow|Bulk Up|p1a: Marshadow\n|-boost|p1a: Marshadow|atk|1\n|-boost|p1a: Marshadow|def|1\n|move|p2a: Arceus|Recover|p2a: Arceus\n|-heal|p2a: Arceus|93\/100\n|\n|upkeep\n|turn|11\n|\n|t:|1699271342\n|switch|p2a: Yveltal|Yveltal|100\/100\n|-ability|p2a: Yveltal|Dark Aura\n|move|p1a: Marshadow|Drain Punch|p2a: Yveltal\n|-damage|p2a: Yveltal|46\/100\n|-heal|p1a: Marshadow|99\/100|[from] drain|[of] p2a: Yveltal\n|\n|upkeep\n|turn|12\n|\n|t:|1699271347\n|move|p1a: Marshadow|Drain Punch|p2a: Yveltal\n|-damage|p2a: Yveltal|0 fnt\n|-heal|p1a: Marshadow|100\/100|[from] drain|[of] p2a: Yveltal\n|faint|p2a: Yveltal\n|\n|upkeep\n|\n|t:|1699271351\n|switch|p2a: Groudon|Groudon-Primal|100\/100\n|-weather|DesolateLand|[from] ability: Desolate Land|[of] p2a: Groudon\n|turn|13\n|\n|t:|1699271354\n|-zpower|p1a: Marshadow\n|move|p1a: Marshadow|All-Out Pummeling|p2a: Groudon|[zeffect]\n|-damage|p2a: Groudon|43\/100\n|move|p2a: Groudon|Precipice Blades|p1a: Marshadow\n|-damage|p1a: Marshadow|49\/100\n|\n|-weather|DesolateLand|[upkeep]\n|upkeep\n|turn|14\n|\n|t:|1699271363\n|move|p1a: Marshadow|Drain Punch|p2a: Groudon\n|-damage|p2a: Groudon|12\/100\n|-heal|p1a: Marshadow|68\/100|[from] drain|[of] p2a: Groudon\n|move|p2a: Groudon|Precipice Blades|p1a: Marshadow\n|-damage|p1a: Marshadow|7\/100\n|\n|-weather|DesolateLand|[upkeep]\n|upkeep\n|turn|15\n|\n|t:|1699271370\n|move|p1a: Marshadow|Drain Punch|p2a: Groudon\n|-damage|p2a: Groudon|0 fnt\n|-heal|p1a: Marshadow|14\/100|[from] drain|[of] p2a: Groudon\n|faint|p2a: Groudon\n|-weather|none\n|\n|upkeep\n|\n|t:|1699271374\n|switch|p2a: Zygarde|Zygarde|100\/100\n|turn|16\n|\n|t:|1699271389\n|switch|p1a: Salamence|Salamence, M|100\/100\n|-ability|p1a: Salamence|Intimidate|boost\n|-unboost|p2a: Zygarde|atk|1\n|-terastallize|p2a: Zygarde|Fairy\n|move|p2a: Zygarde|Thousand Arrows|p1a: Salamence\n|-damage|p1a: Salamence|63\/100\n|-start|p1a: Salamence|Smack Down\n|\n|upkeep\n|turn|17\n|\n|t:|1699271400\n|detailschange|p1a: Salamence|Salamence-Mega, M\n|-mega|p1a: Salamence|Salamence|Salamencite\n|move|p1a: Salamence|Double-Edge|p2a: Zygarde\n|-damage|p2a: Zygarde|49\/100\n|-damage|p1a: Salamence|42\/100|[from] Recoil\n|move|p2a: Zygarde|Glare|p1a: Salamence\n|-status|p1a: Salamence|par\n|\n|-heal|p2a: Zygarde|55\/100|[from] item: Leftovers\n|upkeep\n|turn|18\n|\n|t:|1699271408\n|move|p2a: Zygarde|Coil|p2a: Zygarde\n|-boost|p2a: Zygarde|atk|1\n|-boost|p2a: Zygarde|def|1\n|-boost|p2a: Zygarde|accuracy|1\n|move|p1a: Salamence|Double-Edge|p2a: Zygarde\n|-damage|p2a: Zygarde|20\/100\n|-damage|p1a: Salamence|27\/100 par|[from] Recoil\n|\n|-heal|p2a: Zygarde|26\/100|[from] item: Leftovers\n|-activate|p2a: Zygarde|ability: Power Construct\n|detailschange|p2a: Zygarde|Zygarde-Complete, tera:Fairy\n|-heal|p2a: Zygarde|51\/100|[silent]\n|upkeep\n|turn|19\n|\n|t:|1699271414\n|move|p2a: Zygarde|Coil|p2a: Zygarde\n|-boost|p2a: Zygarde|atk|1\n|-boost|p2a: Zygarde|def|1\n|-boost|p2a: Zygarde|accuracy|1\n|move|p1a: Salamence|Double-Edge|p2a: Zygarde\n|-damage|p2a: Zygarde|33\/100\n|-damage|p1a: Salamence|15\/100 par|[from] Recoil\n|\n|-heal|p2a: Zygarde|39\/100|[from] item: Leftovers\n|upkeep\n|turn|20\n|\n|t:|1699271420\n|move|p2a: Zygarde|Substitute|p2a: Zygarde\n|-start|p2a: Zygarde|Substitute\n|-damage|p2a: Zygarde|15\/100\n|cant|p1a: Salamence|par\n|\n|-heal|p2a: Zygarde|21\/100|[from] item: Leftovers\n|upkeep\n|turn|21\n|\n|t:|1699271422\n|move|p2a: Zygarde|Coil|p2a: Zygarde\n|-boost|p2a: Zygarde|atk|1\n|-boost|p2a: Zygarde|def|1\n|-boost|p2a: Zygarde|accuracy|1\n|move|p1a: Salamence|Double-Edge|p2a: Zygarde\n|-activate|p2a: Zygarde|move: Substitute|[damage]\n|-damage|p1a: Salamence|5\/100 par|[from] Recoil|[of] p2a: Zygarde\n|\n|-heal|p2a: Zygarde|27\/100|[from] item: Leftovers\n|upkeep\n|turn|22\n|\n|t:|1699271425\n|move|p2a: Zygarde|Coil|p2a: Zygarde\n|-boost|p2a: Zygarde|atk|1\n|-boost|p2a: Zygarde|def|1\n|-boost|p2a: Zygarde|accuracy|1\n|move|p1a: Salamence|Double-Edge|p2a: Zygarde\n|-end|p2a: Zygarde|Substitute\n|-damage|p1a: Salamence|0 fnt|[from] Recoil|[of] p2a: Zygarde\n|faint|p1a: Salamence\n|\n|-heal|p2a: Zygarde|33\/100|[from] item: Leftovers\n|upkeep\n|\n|t:|1699271427\n|switch|p1a: Marshadow|Marshadow|14\/100\n|turn|23\n|\n|t:|1699271431\n|move|p1a: Marshadow|Spectral Thief||[still]\n|-clearpositiveboost|p2a: Zygarde|p1a: Marshadow|move: Spectral Thief\n|-boost|p1a: Marshadow|atk|3\n|-boost|p1a: Marshadow|def|4\n|-boost|p1a: Marshadow|accuracy|4\n|-anim|p1a: Marshadow|Spectral Thief|p2a: Zygarde\n|-crit|p2a: Zygarde\n|-damage|p2a: Zygarde|0 fnt\n|faint|p2a: Zygarde\n|\n|upkeep\n|\n|t:|1699271436\n|switch|p2a: Arceus|Arceus-Water|93\/100\n|turn|24\n|\n|t:|1699271440\n|move|p1a: Marshadow|Drain Punch|p2a: Arceus\n|-crit|p2a: Arceus\n|-damage|p2a: Arceus|0 fnt\n|-heal|p1a: Marshadow|78\/100|[from] drain|[of] p2a: Arceus\n|faint|p2a: Arceus\n|\n|upkeep\n|\n|t:|1699271442\n|switch|p2a: Lucario|Lucario, M|100\/100\n|turn|25\n|\n|t:|1699271447\n|detailschange|p2a: Lucario|Lucario-Mega, M\n|-mega|p2a: Lucario|Lucario|Lucarionite\n|move|p1a: Marshadow|Drain Punch|p2a: Lucario\n|-supereffective|p2a: Lucario\n|-damage|p2a: Lucario|0 fnt\n|-heal|p1a: Marshadow|100\/100|[from] drain|[of] p2a: Lucario\n|faint|p2a: Lucario\n|\n|win|XYZ15\n|raw|XYZ15's rating: 1345 &rarr; <strong>1369<\/strong><br \/>(+24 for winning)\n|raw|Cherwol's rating: 1416 &rarr; <strong>1392<\/strong><br \/>(-24 for losing)\n|l|\u2606Cherwol\n","uploadtime":1699271457,"views":4,"p1id":"xyz15","p2id":"cherwol","formatid":"gen9nationaldexubers","rating":1369,"private":0,"password":""}