{"id":"gen9nationaldexubers-1992201538","p1":"Attano_from_Johto","p2":"LeticiaWasntTaken","format":"[Gen 9] National Dex Ubers","log":"|j|\u2606Attano_from_Johto\n|j|\u2606LeticiaWasntTaken\n|t:|1700163421\n|gametype|singles\n|player|p1|Attano_from_Johto|sage|1139\n|player|p2|LeticiaWasntTaken|dawn|1160\n|teamsize|p1|6\n|teamsize|p2|6\n|gen|9\n|tier|[Gen 9] National Dex Ubers\n|rated|\n|rule|HP Percentage Mod: HP is shown in percentages\n|rule|Endless Battle Clause: Forcing endless battles is banned\n|rule|OHKO Clause: OHKO moves are banned\n|rule|Evasion Moves Clause: Evasion moves are banned\n|rule|Evasion Items Clause: Evasion items are banned\n|rule|Species Clause: Limit one of each Pok\u00e9mon\n|rule|Sleep Clause Mod: Limit one foe put to sleep\n|rule|Mega Rayquaza Clause: You cannot mega evolve Rayquaza\n|clearpoke\n|poke|p1|Zygarde|\n|poke|p1|Torkoal, M|\n|poke|p1|Venusaur, M|\n|poke|p1|Dedenne, F|\n|poke|p1|Dragapult, F|\n|poke|p1|Diancie|\n|poke|p2|Incineroar, M|\n|poke|p2|Decidueye, F|\n|poke|p2|Dragonite, M|\n|poke|p2|Lucario, M|\n|poke|p2|Luxray, F|\n|poke|p2|Swampert, F|\n|teampreview\n|\n|t:|1700163452\n|start\n|switch|p1a: Torkoal|Torkoal, M|100\/100\n|switch|p2a: Swampert|Swampert, F|100\/100\n|-weather|SunnyDay|[from] ability: Drought|[of] p1a: Torkoal\n|turn|1\n|\n|t:|1700163462\n|switch|p1a: Jingum|Venusaur, M, shiny|100\/100\n|move|p2a: Swampert|Toxic|p1a: Jingum\n|-immune|p1a: Jingum\n|\n|-weather|SunnyDay|[upkeep]\n|upkeep\n|turn|2\n|\n|t:|1700163475\n|switch|p2a: Incineroar|Incineroar, M|100\/100\n|-ability|p2a: Incineroar|Intimidate|boost\n|-unboost|p1a: Jingum|atk|1\n|move|p1a: Jingum|Giga Drain|p2a: Incineroar\n|-resisted|p2a: Incineroar\n|-damage|p2a: Incineroar|86\/100\n|\n|-weather|SunnyDay|[upkeep]\n|upkeep\n|turn|3\n|\n|t:|1700163483\n|detailschange|p1a: Jingum|Venusaur-Mega, M, shiny\n|-mega|p1a: Jingum|Venusaur|Venusaurite\n|move|p1a: Jingum|Earth Power|p2a: Incineroar\n|-supereffective|p2a: Incineroar\n|-damage|p2a: Incineroar|30\/100\n|move|p2a: Incineroar|Swords Dance|p2a: Incineroar\n|-boost|p2a: Incineroar|atk|2\n|\n|-weather|SunnyDay|[upkeep]\n|upkeep\n|turn|4\n|\n|t:|1700163491\n|move|p1a: Jingum|Earth Power|p2a: Incineroar\n|-supereffective|p2a: Incineroar\n|-damage|p2a: Incineroar|0 fnt\n|faint|p2a: Incineroar\n|\n|-weather|SunnyDay|[upkeep]\n|upkeep\n|\n|t:|1700163499\n|switch|p2a: Dragonite|Dragonite, M, shiny|100\/100\n|turn|5\n|\n|t:|1700163504\n|-terastallize|p2a: Dragonite|Dragon\n|move|p2a: Dragonite|Substitute|p2a: Dragonite\n|-start|p2a: Dragonite|Substitute\n|-damage|p2a: Dragonite|76\/100\n|move|p1a: Jingum|Sludge Bomb|p2a: Dragonite\n|-end|p2a: Dragonite|Substitute\n|\n|-weather|SunnyDay|[upkeep]\n|-heal|p2a: Dragonite|82\/100|[from] item: Leftovers\n|upkeep\n|turn|6\n|\n|t:|1700163515\n|move|p2a: Dragonite|Dragon Dance|p2a: Dragonite\n|-boost|p2a: Dragonite|atk|1\n|-boost|p2a: Dragonite|spe|1\n|move|p1a: Jingum|Sludge Bomb|p2a: Dragonite\n|-damage|p2a: Dragonite|47\/100\n|\n|-weather|SunnyDay|[upkeep]\n|-heal|p2a: Dragonite|54\/100|[from] item: Leftovers\n|upkeep\n|turn|7\n|\n|t:|1700163525\n|switch|p1a: Diancie|Diancie, shiny|100\/100\n|move|p2a: Dragonite|Fly||[still]\n|-prepare|p2a: Dragonite|Fly\n|\n|-weather|SunnyDay|[upkeep]\n|-heal|p2a: Dragonite|60\/100|[from] item: Leftovers\n|upkeep\n|turn|8\n|\n|t:|1700163532\n|move|p2a: Dragonite|Fly|p1a: Diancie|[from]lockedmove\n|-resisted|p1a: Diancie\n|-damage|p1a: Diancie|68\/100\n|move|p1a: Diancie|Reflect|p1a: Diancie\n|-sidestart|p1: Attano_from_Johto|Reflect\n|\n|-weather|none\n|-heal|p2a: Dragonite|66\/100|[from] item: Leftovers\n|upkeep\n|turn|9\n|\n|t:|1700163539\n|move|p2a: Dragonite|Substitute|p2a: Dragonite\n|-start|p2a: Dragonite|Substitute\n|-damage|p2a: Dragonite|41\/100\n|move|p1a: Diancie|Moonblast|p2a: Dragonite\n|-supereffective|p2a: Dragonite\n|-end|p2a: Dragonite|Substitute\n|\n|-heal|p2a: Dragonite|47\/100|[from] item: Leftovers\n|upkeep\n|turn|10\n|\n|t:|1700163552\n|move|p2a: Dragonite|Fly||[still]\n|-prepare|p2a: Dragonite|Fly\n|move|p1a: Diancie|Moonblast|p2a: Dragonite|[miss]\n|-miss|p1a: Diancie|p2a: Dragonite\n|\n|-heal|p2a: Dragonite|54\/100|[from] item: Leftovers\n|upkeep\n|turn|11\n|\n|t:|1700163558\n|move|p2a: Dragonite|Fly|p1a: Diancie|[from]lockedmove\n|-resisted|p1a: Diancie\n|-damage|p1a: Diancie|52\/100\n|move|p1a: Diancie|Moonblast|p2a: Dragonite\n|-supereffective|p2a: Dragonite\n|-crit|p2a: Dragonite\n|-damage|p2a: Dragonite|0 fnt\n|faint|p2a: Dragonite\n|\n|upkeep\n|\n|t:|1700163567\n|switch|p2a: Swampert|Swampert, F|100\/100\n|turn|12\n|\n|t:|1700163572\n|move|p1a: Diancie|Stealth Rock|p2a: Swampert\n|-sidestart|p2: LeticiaWasntTaken|move: Stealth Rock\n|move|p2a: Swampert|Flip Turn|p1a: Diancie\n|-supereffective|p1a: Diancie\n|-damage|p1a: Diancie|31\/100\n|\n|t:|1700163577\n|switch|p2a: Lucario|Lucario, M|100\/100|[from] Flip Turn\n|-damage|p2a: Lucario|98\/100|[from] Stealth Rock\n|\n|-sideend|p1: Attano_from_Johto|Reflect\n|upkeep\n|turn|13\n|\n|t:|1700163583\n|move|p2a: Lucario|Bullet Punch|p1a: Diancie\n|-supereffective|p1a: Diancie\n|-damage|p1a: Diancie|0 fnt\n|faint|p1a: Diancie\n|\n|upkeep\n|\n|t:|1700163589\n|switch|p1a: Coco Bean|Dedenne, F, shiny|100\/100\n|turn|14\n|\n|t:|1700163594\n|switch|p2a: Luxray|Luxray, F|100\/100\n|-damage|p2a: Luxray|88\/100|[from] Stealth Rock\n|move|p1a: Coco Bean|Nuzzle|p2a: Luxray\n|-resisted|p2a: Luxray\n|-damage|p2a: Luxray|85\/100\n|\n|-status|p2a: Luxray|brn|[from] item: Flame Orb\n|upkeep\n|turn|15\n|\n|t:|1700163607\n|move|p1a: Coco Bean|Volt Switch|p2a: Luxray\n|-resisted|p2a: Luxray\n|-damage|p2a: Luxray|68\/100 brn\n|\n|t:|1700163610\n|switch|p1a: Zygarde|Zygarde, shiny|100\/100|[from] Volt Switch\n|move|p2a: Luxray|Facade|p1a: Zygarde\n|-damage|p1a: Zygarde|55\/100\n|\n|-damage|p2a: Luxray|62\/100 brn|[from] brn\n|upkeep\n|turn|16\n|\n|t:|1700163618\n|move|p2a: Luxray|Crunch|p1a: Zygarde\n|-damage|p1a: Zygarde|26\/100\n|-unboost|p1a: Zygarde|def|1\n|move|p1a: Zygarde|Thousand Arrows|p2a: Luxray\n|-supereffective|p2a: Luxray\n|-damage|p2a: Luxray|0 fnt\n|faint|p2a: Luxray\n|\n|-activate|p1a: Zygarde|ability: Power Construct\n|detailschange|p1a: Zygarde|Zygarde-Complete, shiny\n|-heal|p1a: Zygarde|54\/100|[silent]\n|upkeep\n|\n|t:|1700163634\n|switch|p2a: Swampert|Swampert, F|100\/100\n|-damage|p2a: Swampert|94\/100|[from] Stealth Rock\n|turn|17\n|\n|t:|1700163643\n|-terastallize|p1a: Zygarde|Steel\n|move|p1a: Zygarde|Dragon Dance|p1a: Zygarde\n|-boost|p1a: Zygarde|atk|1\n|-boost|p1a: Zygarde|spe|1\n|move|p2a: Swampert|Toxic|p1a: Zygarde\n|-immune|p1a: Zygarde\n|\n|-heal|p2a: Swampert|100\/100|[from] item: Leftovers\n|upkeep\n|turn|18\n|\n|t:|1700163651\n|move|p1a: Zygarde|Zen Headbutt|p2a: Swampert\n|-damage|p2a: Swampert|69\/100\n|move|p2a: Swampert|Earthquake|p1a: Zygarde\n|-supereffective|p1a: Zygarde\n|-damage|p1a: Zygarde|6\/100\n|-enditem|p1a: Zygarde|Aguav Berry|[eat]\n|-heal|p1a: Zygarde|39\/100|[from] item: Aguav Berry\n|\n|-heal|p2a: Swampert|75\/100|[from] item: Leftovers\n|upkeep\n|turn|19\n|\n|t:|1700163662\n|switch|p1a: Jingum|Venusaur-Mega, M, shiny|100\/100\n|move|p2a: Swampert|Earthquake|p1a: Jingum\n|-damage|p1a: Jingum|71\/100\n|\n|-heal|p2a: Swampert|82\/100|[from] item: Leftovers\n|upkeep\n|turn|20\n|\n|t:|1700163671\n|switch|p2a: Gustavo :D|Decidueye, F|100\/100\n|-damage|p2a: Gustavo :D|88\/100|[from] Stealth Rock\n|move|p1a: Jingum|Giga Drain|p2a: Gustavo :D\n|-resisted|p2a: Gustavo :D\n|-damage|p2a: Gustavo :D|72\/100\n|-heal|p1a: Jingum|78\/100|[from] drain|[of] p2a: Gustavo :D\n|\n|upkeep\n|turn|21\n|\n|t:|1700163679\n|move|p2a: Gustavo :D|U-turn|p1a: Jingum\n|-damage|p1a: Jingum|60\/100\n|\n|t:|1700163685\n|switch|p2a: Lucario|Lucario, M|98\/100|[from] U-turn\n|-damage|p2a: Lucario|95\/100|[from] Stealth Rock\n|move|p1a: Jingum|Sludge Bomb|p2a: Lucario\n|-immune|p2a: Lucario\n|\n|upkeep\n|turn|22\n|\n|t:|1700163694\n|switch|p2a: Swampert|Swampert, F|82\/100\n|-damage|p2a: Swampert|75\/100|[from] Stealth Rock\n|switch|p1a: Torkoal|Torkoal, M|100\/100\n|-weather|SunnyDay|[from] ability: Drought|[of] p1a: Torkoal\n|\n|-weather|SunnyDay|[upkeep]\n|-heal|p2a: Swampert|82\/100|[from] item: Leftovers\n|upkeep\n|turn|23\n|\n|t:|1700163707\n|switch|p1a: Jingum|Venusaur-Mega, M, shiny|60\/100\n|move|p2a: Swampert|Flip Turn|p1a: Jingum\n|-resisted|p1a: Jingum\n|-damage|p1a: Jingum|56\/100\n|\n|t:|1700163715\n|switch|p2a: Gustavo :D|Decidueye, F|72\/100|[from] Flip Turn\n|-damage|p2a: Gustavo :D|59\/100|[from] Stealth Rock\n|\n|-weather|SunnyDay|[upkeep]\n|upkeep\n|turn|24\n|\n|t:|1700163722\n|switch|p2a: Lucario|Lucario, M|95\/100\n|-damage|p2a: Lucario|92\/100|[from] Stealth Rock\n|switch|p1a: Zygarde|Zygarde-Complete, shiny, tera:Steel|39\/100\n|\n|-weather|SunnyDay|[upkeep]\n|upkeep\n|turn|25\n|\n|t:|1700163731\n|move|p2a: Lucario|Close Combat|p1a: Zygarde\n|-supereffective|p1a: Zygarde\n|-damage|p1a: Zygarde|0 fnt\n|-unboost|p2a: Lucario|def|1\n|-unboost|p2a: Lucario|spd|1\n|faint|p1a: Zygarde\n|\n|-weather|SunnyDay|[upkeep]\n|upkeep\n|\n|t:|1700163738\n|switch|p1a: Torkoal|Torkoal, M|100\/100\n|turn|26\n|\n|t:|1700163743\n|switch|p2a: Swampert|Swampert, F|82\/100\n|-damage|p2a: Swampert|75\/100|[from] Stealth Rock\n|move|p1a: Torkoal|Flame Charge|p2a: Swampert\n|-resisted|p2a: Swampert\n|-damage|p2a: Swampert|61\/100\n|-boost|p1a: Torkoal|spe|1\n|\n|-weather|SunnyDay|[upkeep]\n|-heal|p2a: Swampert|67\/100|[from] item: Leftovers\n|upkeep\n|turn|27\n|\n|t:|1700163754\n|switch|p1a: Dragapult|Dragapult, F, shiny|100\/100\n|move|p2a: Swampert|Earthquake|p1a: Dragapult\n|-damage|p1a: Dragapult|47\/100\n|\n|-weather|SunnyDay|[upkeep]\n|-heal|p2a: Swampert|73\/100|[from] item: Leftovers\n|upkeep\n|turn|28\n|\n|t:|1700163762\n|move|p1a: Dragapult|Dragon Darts|p2a: Swampert\n|-damage|p2a: Swampert|50\/100\n|-anim|p1a: Dragapult|Dragon Darts|p2a: Swampert\n|-damage|p2a: Swampert|25\/100\n|move|p2a: Swampert|Toxic|p1a: Dragapult\n|-status|p1a: Dragapult|tox\n|\n|-weather|SunnyDay|[upkeep]\n|-heal|p2a: Swampert|31\/100|[from] item: Leftovers\n|-damage|p1a: Dragapult|41\/100 tox|[from] psn\n|upkeep\n|turn|29\n|\n|t:|1700163773\n|switch|p2a: Lucario|Lucario, M|92\/100\n|-damage|p2a: Lucario|89\/100|[from] Stealth Rock\n|move|p1a: Dragapult|U-turn|p2a: Lucario\n|-resisted|p2a: Lucario\n|-damage|p2a: Lucario|80\/100\n|\n|t:|1700163780\n|switch|p1a: Torkoal|Torkoal, M|100\/100|[from] U-turn\n|\n|-weather|none\n|upkeep\n|turn|30\n|\n|t:|1700163784\n|switch|p2a: Swampert|Swampert, F|31\/100\n|-damage|p2a: Swampert|25\/100|[from] Stealth Rock\n|move|p1a: Torkoal|Flame Charge|p2a: Swampert\n|-resisted|p2a: Swampert\n|-damage|p2a: Swampert|17\/100\n|-boost|p1a: Torkoal|spe|1\n|\n|-heal|p2a: Swampert|23\/100|[from] item: Leftovers\n|upkeep\n|turn|31\n|\n|t:|1700163799\n|move|p2a: Swampert|Earthquake|p1a: Torkoal\n|-supereffective|p1a: Torkoal\n|-damage|p1a: Torkoal|42\/100\n|move|p1a: Torkoal|Earthquake|p2a: Swampert\n|-damage|p2a: Swampert|0 fnt\n|faint|p2a: Swampert\n|\n|upkeep\n|\n|t:|1700163806\n|switch|p2a: Lucario|Lucario, M|80\/100\n|-damage|p2a: Lucario|77\/100|[from] Stealth Rock\n|turn|32\n|\n|t:|1700163810\n|switch|p1a: Dragapult|Dragapult, F, shiny|41\/100 tox\n|detailschange|p2a: Lucario|Lucario-Mega, M\n|-mega|p2a: Lucario|Lucario|Lucarionite\n|move|p2a: Lucario|Extreme Speed|p1a: Dragapult\n|-immune|p1a: Dragapult\n|\n|-damage|p1a: Dragapult|35\/100 tox|[from] psn\n|upkeep\n|turn|33\n|\n|t:|1700163820\n|move|p2a: Lucario|Bullet Punch|p1a: Dragapult\n|-damage|p1a: Dragapult|0 fnt\n|faint|p1a: Dragapult\n|\n|upkeep\n|\n|t:|1700163824\n|switch|p1a: Coco Bean|Dedenne, F, shiny|100\/100\n|turn|34\n|\n|t:|1700163827\n|move|p2a: Lucario|Bullet Punch|p1a: Coco Bean\n|-damage|p1a: Coco Bean|45\/100\n|-enditem|p1a: Coco Bean|Sitrus Berry|[eat]\n|-heal|p1a: Coco Bean|70\/100|[from] item: Sitrus Berry\n|-heal|p1a: Coco Bean|100\/100|[from] ability: Cheek Pouch\n|move|p1a: Coco Bean|Nuzzle|p2a: Lucario\n|-damage|p2a: Lucario|71\/100\n|-status|p2a: Lucario|par\n|\n|upkeep\n|turn|35\n|\n|t:|1700163837\n|move|p2a: Lucario|Bullet Punch|p1a: Coco Bean\n|-damage|p1a: Coco Bean|39\/100\n|move|p1a: Coco Bean|Super Fang|p2a: Lucario\n|-damage|p2a: Lucario|36\/100 par\n|\n|upkeep\n|turn|36\n|\n|t:|1700163842\n|move|p2a: Lucario|Bullet Punch|p1a: Coco Bean\n|-damage|p1a: Coco Bean|0 fnt\n|faint|p1a: Coco Bean\n|\n|upkeep\n|\n|t:|1700163846\n|switch|p1a: Torkoal|Torkoal, M|42\/100\n|-weather|SunnyDay|[from] ability: Drought|[of] p1a: Torkoal\n|turn|37\n|\n|t:|1700163850\n|move|p2a: Lucario|Extreme Speed|p1a: Torkoal\n|-damage|p1a: Torkoal|21\/100\n|move|p1a: Torkoal|Flame Charge|p2a: Lucario\n|-supereffective|p2a: Lucario\n|-damage|p2a: Lucario|0 fnt\n|-boost|p1a: Torkoal|spe|1\n|faint|p2a: Lucario\n|\n|-weather|SunnyDay|[upkeep]\n|upkeep\n|\n|t:|1700163854\n|switch|p2a: Gustavo :D|Decidueye, F|59\/100\n|-damage|p2a: Gustavo :D|47\/100|[from] Stealth Rock\n|turn|38\n|\n|t:|1700163862\n|move|p2a: Gustavo :D|Poltergeist|p1a: Torkoal\n|-activate|p1a: Torkoal|move: Poltergeist|Heat Rock\n|-damage|p1a: Torkoal|0 fnt\n|faint|p1a: Torkoal\n|\n|-weather|SunnyDay|[upkeep]\n|upkeep\n|\n|t:|1700163868\n|switch|p1a: Jingum|Venusaur-Mega, M, shiny|56\/100\n|turn|39\n|\n|t:|1700163872\n|move|p2a: Gustavo :D|Poltergeist|p1a: Jingum\n|-activate|p1a: Jingum|move: Poltergeist|Venusaurite\n|-damage|p1a: Jingum|8\/100\n|move|p1a: Jingum|Sludge Bomb|p2a: Gustavo :D\n|-crit|p2a: Gustavo :D\n|-damage|p2a: Gustavo :D|0 fnt\n|faint|p2a: Gustavo :D\n|\n|win|Attano_from_Johto\n|raw|Attano_from_Johto's rating: 1139 &rarr; <strong>1166<\/strong><br \/>(+27 for winning)\n|raw|LeticiaWasntTaken's rating: 1160 &rarr; <strong>1133<\/strong><br \/>(-27 for losing)\n|l|\u2606LeticiaWasntTaken\n|c|\u2606Attano_from_Johto|lets gooo\n","uploadtime":1700163885,"views":9,"p1id":"attanofromjohto","p2id":"leticiawasnttaken","formatid":"gen9nationaldexubers","rating":1133,"private":0,"password":""}