{"id":"gen9nationaldexubers-1989112608","p1":"KarmaKazama0","p2":"WRLD_Endu","format":"[Gen 9] National Dex Ubers","log":"|j|\u2606KarmaKazama0\n|j|\u203dWRLD_Endu\n|t:|1699813559\n|gametype|singles\n|player|p1|KarmaKazama0|1|1205\n|player|p2|WRLD_Endu|ghetsis|1307\n|teamsize|p1|6\n|teamsize|p2|6\n|gen|9\n|tier|[Gen 9] National Dex Ubers\n|rated|\n|rule|HP Percentage Mod: HP is shown in percentages\n|rule|Endless Battle Clause: Forcing endless battles is banned\n|rule|OHKO Clause: OHKO moves are banned\n|rule|Evasion Moves Clause: Evasion moves are banned\n|rule|Evasion Items Clause: Evasion items are banned\n|rule|Species Clause: Limit one of each Pok\u00e9mon\n|rule|Sleep Clause Mod: Limit one foe put to sleep\n|rule|Mega Rayquaza Clause: You cannot mega evolve Rayquaza\n|clearpoke\n|poke|p1|Salamence, M|\n|poke|p1|Kyogre|\n|poke|p1|Groudon|\n|poke|p1|Buzzwole|\n|poke|p1|Eternatus|\n|poke|p1|Arceus-Fairy|\n|poke|p2|Torkoal, M|\n|poke|p2|Great Tusk|\n|poke|p2|Roaring Moon|\n|poke|p2|Giratina-Origin|\n|poke|p2|Ogerpon-Hearthflame, F|\n|poke|p2|Necrozma-Dusk-Mane|\n|teampreview\n|inactive|Battle timer is ON: inactive players will automatically lose when time's up. (requested by KarmaKazama0)\n|\n|t:|1699813568\n|start\n|switch|p1a: Groudon|Groudon|100\/100\n|switch|p2a: Torkoal|Torkoal, M, shiny|100\/100\n|-weather|SunnyDay|[from] ability: Drought|[of] p2a: Torkoal\n|detailschange|p1a: Groudon|Groudon-Primal\n|-primal|p1a: Groudon|Red Orb\n|-weather|DesolateLand|[from] ability: Desolate Land|[of] p1a: Groudon\n|turn|1\n|\n|t:|1699813572\n|switch|p2a: Giratina|Giratina-Origin, shiny|100\/100\n|move|p1a: Groudon|Precipice Blades|p2a: Giratina\n|-immune|p2a: Giratina|[from] ability: Levitate\n|\n|-weather|DesolateLand|[upkeep]\n|upkeep\n|turn|2\n|\n|t:|1699813579\n|move|p2a: Giratina|Draco Meteor|p1a: Groudon\n|-damage|p1a: Groudon|46\/100\n|-unboost|p2a: Giratina|spa|2\n|move|p1a: Groudon|Toxic|p2a: Giratina\n|-status|p2a: Giratina|tox\n|\n|-weather|DesolateLand|[upkeep]\n|-damage|p2a: Giratina|94\/100 tox|[from] psn\n|upkeep\n|turn|3\n|\n|t:|1699813591\n|switch|p2a: Torkoal|Torkoal, M, shiny|100\/100\n|-ability|p2a: Torkoal|Drought|[from] desolateland|[fail]\n|move|p1a: Groudon|Stealth Rock|p2a: Torkoal\n|-sidestart|p2: WRLD_Endu|move: Stealth Rock\n|\n|-weather|DesolateLand|[upkeep]\n|upkeep\n|turn|4\n|\n|t:|1699813607\n|-weather|none\n|switch|p1a: Salamence|Salamence, M|100\/100\n|-ability|p1a: Salamence|Intimidate|boost\n|-unboost|p2a: Torkoal|atk|1\n|switch|p2a: Giratina|Giratina-Origin, shiny|94\/100 tox\n|-damage|p2a: Giratina|82\/100 tox|[from] Stealth Rock\n|\n|-damage|p2a: Giratina|76\/100 tox|[from] psn\n|upkeep\n|turn|5\n|\n|t:|1699813621\n|switch|p1a: Arceus|Arceus-Fairy|100\/100\n|-terastallize|p2a: Giratina|Steel\n|move|p2a: Giratina|Will-O-Wisp|p1a: Arceus\n|-status|p1a: Arceus|brn\n|\n|-damage|p2a: Giratina|64\/100 tox|[from] psn\n|-damage|p1a: Arceus|94\/100 brn|[from] brn\n|upkeep\n|turn|6\n|\n|t:|1699813648\n|switch|p1a: Groudon|Groudon-Primal|46\/100\n|-weather|DesolateLand|[from] ability: Desolate Land|[of] p1a: Groudon\n|switch|p2a: Torkoal|Torkoal, M, shiny|100\/100\n|-damage|p2a: Torkoal|76\/100|[from] Stealth Rock\n|-ability|p2a: Torkoal|Drought|[from] desolateland|[fail]\n|\n|-weather|DesolateLand|[upkeep]\n|upkeep\n|turn|7\n|\n|t:|1699813653\n|move|p2a: Torkoal|Rapid Spin|p1a: Groudon\n|-damage|p1a: Groudon|42\/100\n|-boost|p2a: Torkoal|spe|1\n|-sideend|p2: WRLD_Endu|Stealth Rock|[from] move: Rapid Spin|[of] p2a: Torkoal\n|move|p1a: Groudon|Roar|p2a: Torkoal\n|drag|p2a: Roaring Moon|Roaring Moon, shiny|100\/100\n|\n|-weather|DesolateLand|[upkeep]\n|upkeep\n|turn|8\n|\n|t:|1699813662\n|move|p2a: Roaring Moon|Earthquake|p1a: Groudon\n|-supereffective|p1a: Groudon\n|-damage|p1a: Groudon|0 fnt\n|faint|p1a: Groudon\n|-weather|none\n|\n|upkeep\n|\n|t:|1699813673\n|switch|p1a: Arceus|Arceus-Fairy|94\/100 brn\n|turn|9\n|\n|t:|1699813677\n|-end|p2a: Roaring Moon|Protosynthesis|[silent]\n|switch|p2a: Torkoal|Torkoal, M, shiny|76\/100\n|-weather|SunnyDay|[from] ability: Drought|[of] p2a: Torkoal\n|move|p1a: Arceus|Judgment|p2a: Torkoal\n|-resisted|p2a: Torkoal\n|-damage|p2a: Torkoal|44\/100\n|\n|-weather|SunnyDay|[upkeep]\n|-damage|p1a: Arceus|88\/100 brn|[from] brn\n|upkeep\n|turn|10\n|\n|t:|1699813684\n|move|p1a: Arceus|Earth Power|p2a: Torkoal\n|-supereffective|p2a: Torkoal\n|-damage|p2a: Torkoal|0 fnt\n|faint|p2a: Torkoal\n|\n|-weather|SunnyDay|[upkeep]\n|-damage|p1a: Arceus|82\/100 brn|[from] brn\n|upkeep\n|\n|t:|1699813691\n|switch|p2a: Roaring Moon|Roaring Moon, shiny|100\/100\n|-activate|p2a: Roaring Moon|ability: Protosynthesis\n|-start|p2a: Roaring Moon|protosynthesisspe\n|turn|11\n|\n|t:|1699813696\n|move|p2a: Roaring Moon|Iron Head|p1a: Arceus\n|-supereffective|p1a: Arceus\n|-damage|p1a: Arceus|38\/100 brn\n|move|p1a: Arceus|Judgment|p2a: Roaring Moon\n|-supereffective|p2a: Roaring Moon\n|-damage|p2a: Roaring Moon|0 fnt\n|faint|p2a: Roaring Moon\n|-end|p2a: Roaring Moon|Protosynthesis|[silent]\n|\n|-weather|SunnyDay|[upkeep]\n|-damage|p1a: Arceus|32\/100 brn|[from] brn\n|upkeep\n|\n|t:|1699813703\n|switch|p2a: Ogerpon|Ogerpon-Hearthflame, F|100\/100\n|-ability|p2a: Ogerpon|Mold Breaker\n|turn|12\n|\n|t:|1699813729\n|move|p2a: Ogerpon|Swords Dance|p2a: Ogerpon\n|-boost|p2a: Ogerpon|atk|2\n|move|p1a: Arceus|Earth Power|p2a: Ogerpon\n|-damage|p2a: Ogerpon|73\/100\n|\n|-weather|SunnyDay|[upkeep]\n|-damage|p1a: Arceus|26\/100 brn|[from] brn\n|upkeep\n|turn|13\n|\n|t:|1699813739\n|move|p2a: Ogerpon|Trailblaze|p1a: Arceus\n|-damage|p1a: Arceus|0 fnt\n|-boost|p2a: Ogerpon|spe|1\n|faint|p1a: Arceus\n|\n|-weather|SunnyDay|[upkeep]\n|upkeep\n|\n|t:|1699813743\n|switch|p1a: Salamence|Salamence, M|100\/100\n|-ability|p1a: Salamence|Intimidate|boost\n|-unboost|p2a: Ogerpon|atk|1\n|turn|14\n|\n|t:|1699813759\n|detailschange|p1a: Salamence|Salamence-Mega, M\n|-mega|p1a: Salamence|Salamence|Salamencite\n|move|p2a: Ogerpon|Ivy Cudgel|p1a: Salamence\n|-resisted|p1a: Salamence\n|-damage|p1a: Salamence|50\/100\n|move|p1a: Salamence|Return|p2a: Ogerpon\n|-supereffective|p2a: Ogerpon\n|-damage|p2a: Ogerpon|0 fnt\n|faint|p2a: Ogerpon\n|\n|-weather|SunnyDay|[upkeep]\n|upkeep\n|\n|t:|1699813774\n|switch|p2a: Necrozma|Necrozma-Dusk-Mane, shiny|100\/100\n|turn|15\n|\n|t:|1699813790\n|move|p1a: Salamence|Return|p2a: Necrozma\n|-resisted|p2a: Necrozma\n|-damage|p2a: Necrozma|79\/100\n|move|p2a: Necrozma|Dragon Dance|p2a: Necrozma\n|-boost|p2a: Necrozma|atk|1\n|-boost|p2a: Necrozma|spe|1\n|\n|-weather|SunnyDay|[upkeep]\n|-heal|p2a: Necrozma|85\/100|[from] item: Leftovers\n|upkeep\n|turn|16\n|\n|t:|1699813805\n|move|p1a: Salamence|Roost|p1a: Salamence\n|-heal|p1a: Salamence|99\/100\n|-singleturn|p1a: Salamence|move: Roost\n|move|p2a: Necrozma|Dragon Dance|p2a: Necrozma\n|-boost|p2a: Necrozma|atk|1\n|-boost|p2a: Necrozma|spe|1\n|\n|-weather|none\n|-heal|p2a: Necrozma|91\/100|[from] item: Leftovers\n|upkeep\n|turn|17\n|\n|t:|1699813823\n|move|p2a: Necrozma|Sunsteel Strike|p1a: Salamence\n|-damage|p1a: Salamence|22\/100\n|move|p1a: Salamence|Dragon Dance|p1a: Salamence\n|-boost|p1a: Salamence|atk|1\n|-boost|p1a: Salamence|spe|1\n|\n|-heal|p2a: Necrozma|97\/100|[from] item: Leftovers\n|upkeep\n|turn|18\n|\n|t:|1699813829\n|move|p1a: Salamence|Return|p2a: Necrozma\n|-resisted|p2a: Necrozma\n|-damage|p2a: Necrozma|63\/100\n|move|p2a: Necrozma|Sunsteel Strike|p1a: Salamence\n|-damage|p1a: Salamence|0 fnt\n|faint|p1a: Salamence\n|\n|-heal|p2a: Necrozma|69\/100|[from] item: Leftovers\n|upkeep\n|\n|t:|1699813833\n|switch|p1a: Buzzwole|Buzzwole|100\/100\n|turn|19\n|\n|t:|1699813840\n|move|p2a: Necrozma|Sunsteel Strike|p1a: Buzzwole\n|-damage|p1a: Buzzwole|55\/100\n|move|p1a: Buzzwole|Bulk Up|p1a: Buzzwole\n|-boost|p1a: Buzzwole|atk|1\n|-boost|p1a: Buzzwole|def|1\n|\n|-heal|p2a: Necrozma|75\/100|[from] item: Leftovers\n|upkeep\n|turn|20\n|\n|t:|1699813850\n|move|p2a: Necrozma|Sunsteel Strike|p1a: Buzzwole\n|-damage|p1a: Buzzwole|26\/100\n|move|p1a: Buzzwole|Roost|p1a: Buzzwole\n|-heal|p1a: Buzzwole|76\/100\n|-singleturn|p1a: Buzzwole|move: Roost\n|\n|-heal|p2a: Necrozma|81\/100|[from] item: Leftovers\n|upkeep\n|turn|21\n|\n|t:|1699813868\n|switch|p2a: Giratina|Giratina-Origin, shiny, tera:Steel|64\/100 tox\n|move|p1a: Buzzwole|Bulk Up|p1a: Buzzwole\n|-boost|p1a: Buzzwole|atk|1\n|-boost|p1a: Buzzwole|def|1\n|\n|-damage|p2a: Giratina|57\/100 tox|[from] psn\n|upkeep\n|turn|22\n|\n|t:|1699813879\n|switch|p1a: Kyogre|Kyogre|100\/100\n|detailschange|p1a: Kyogre|Kyogre-Primal\n|-primal|p1a: Kyogre|Blue Orb\n|-weather|PrimordialSea|[from] ability: Primordial Sea|[of] p1a: Kyogre\n|move|p2a: Giratina|Draco Meteor|p1a: Kyogre\n|-crit|p1a: Kyogre\n|-damage|p1a: Kyogre|30\/100\n|-unboost|p2a: Giratina|spa|2\n|\n|-weather|PrimordialSea|[upkeep]\n|-damage|p2a: Giratina|45\/100 tox|[from] psn\n|upkeep\n|turn|23\n|\n|t:|1699813884\n|switch|p2a: Necrozma|Necrozma-Dusk-Mane, shiny|81\/100\n|move|p1a: Kyogre|Origin Pulse|p2a: Necrozma\n|-damage|p2a: Necrozma|10\/100\n|\n|-weather|PrimordialSea|[upkeep]\n|-heal|p2a: Necrozma|16\/100|[from] item: Leftovers\n|upkeep\n|turn|24\n|\n|t:|1699813891\n|move|p1a: Kyogre|Origin Pulse|p2a: Necrozma\n|-damage|p2a: Necrozma|0 fnt\n|faint|p2a: Necrozma\n|\n|-weather|PrimordialSea|[upkeep]\n|upkeep\n|\n|t:|1699813898\n|switch|p2a: Giratina|Giratina-Origin, shiny, tera:Steel|45\/100 tox\n|turn|25\n|\n|t:|1699813902\n|move|p1a: Kyogre|Origin Pulse|p2a: Giratina\n|-damage|p2a: Giratina|0 fnt\n|faint|p2a: Giratina\n|\n|-weather|PrimordialSea|[upkeep]\n|upkeep\n|\n|t:|1699813905\n|switch|p2a: Great Tusk|Great Tusk, shiny|100\/100\n|turn|26\n|\n|t:|1699813912\n|move|p1a: Kyogre|Origin Pulse|p2a: Great Tusk\n|-supereffective|p2a: Great Tusk\n|-damage|p2a: Great Tusk|0 fnt\n|faint|p2a: Great Tusk\n|-end|p2a: Great Tusk|Protosynthesis|[silent]\n|\n|win|KarmaKazama0\n|raw|KarmaKazama0's rating: 1205 &rarr; <strong>1237<\/strong><br \/>(+32 for winning)\n|raw|WRLD_Endu's rating: 1307 &rarr; <strong>1281<\/strong><br \/>(-26 for losing)\n|l|\u203dWRLD_Endu\n","uploadtime":1699813916,"views":26,"p1id":"karmakazama0","p2id":"wrldendu","formatid":"gen9nationaldexubers","rating":1237,"private":0,"password":""}