{"id":"gen9nationaldexubers-1983145771","p1":"cancer_asf_ngl","p2":"Ginesect","format":"[Gen 9] National Dex Ubers","log":"|j|\u2606cancer_asf_ngl\n|j|\u2606Ginesect\n|t:|1699095619\n|gametype|singles\n|player|p1|cancer_asf_ngl|169|\n|player|p2|Ginesect|leon-masters|\n|teamsize|p1|6\n|teamsize|p2|6\n|gen|9\n|tier|[Gen 9] National Dex Ubers\n|rule|HP Percentage Mod: HP is shown in percentages\n|rule|Endless Battle Clause: Forcing endless battles is banned\n|rule|OHKO Clause: OHKO moves are banned\n|rule|Evasion Moves Clause: Evasion moves are banned\n|rule|Evasion Items Clause: Evasion items are banned\n|rule|Species Clause: Limit one of each Pok\u00e9mon\n|rule|Sleep Clause Mod: Limit one foe put to sleep\n|rule|Mega Rayquaza Clause: You cannot mega evolve Rayquaza\n|clearpoke\n|poke|p1|Tapu Koko|\n|poke|p1|Iron Leaves|\n|poke|p1|Iron Valiant|\n|poke|p1|Regieleki|\n|poke|p1|Rotom-Heat|\n|poke|p1|Mawile, M|\n|poke|p2|Chien-Pao|\n|poke|p2|Mandibuzz, F|\n|poke|p2|Mawile, F|\n|poke|p2|Grimmsnarl, M|\n|poke|p2|Greninja-*, M|\n|poke|p2|Ting-Lu|\n|teampreview\n|inactive|Battle timer is ON: inactive players will automatically lose when time's up. (requested by cancer_asf_ngl)\n|c|\u2606Ginesect|Glhf\n|inactive|cancer_asf_ngl has 270 seconds left.\n|c|\u2606cancer_asf_ngl|glhf\n|inactive|cancer_asf_ngl has 240 seconds left.\n|\n|t:|1699095681\n|start\n|switch|p1a: Tapu Koko|Tapu Koko|100\/100\n|switch|p2a: Ting-Lu|Ting-Lu|100\/100\n|-fieldstart|move: Electric Terrain|[from] ability: Electric Surge|[of] p1a: Tapu Koko\n|-ability|p2a: Ting-Lu|Vessel of Ruin\n|turn|1\n|\n|t:|1699095687\n|move|p1a: Tapu Koko|U-turn|p2a: Ting-Lu\n|-supereffective|p2a: Ting-Lu\n|-damage|p2a: Ting-Lu|85\/100\n|\n|t:|1699095692\n|switch|p1a: Iron Leaves|Iron Leaves|100\/100|[from] U-turn\n|-activate|p1a: Iron Leaves|ability: Quark Drive\n|-start|p1a: Iron Leaves|quarkdrivespe\n|move|p2a: Ting-Lu|Stealth Rock|p1a: Iron Leaves\n|-sidestart|p1: cancer_asf_ngl|move: Stealth Rock\n|\n|-heal|p2a: Ting-Lu|91\/100|[from] item: Leftovers\n|upkeep\n|turn|2\n|\n|t:|1699095706\n|switch|p2a: Mawile|Mawile, F|100\/100\n|-ability|p2a: Mawile|Intimidate|boost\n|-unboost|p1a: Iron Leaves|atk|1\n|move|p1a: Iron Leaves|Leaf Blade|p2a: Mawile\n|-resisted|p2a: Mawile\n|-damage|p2a: Mawile|73\/100\n|\n|upkeep\n|turn|3\n|inactive|cancer_asf_ngl has 270 seconds left.\n|\n|t:|1699095745\n|-end|p1a: Iron Leaves|Quark Drive|[silent]\n|switch|p1a: Rotom|Rotom-Heat|100\/100\n|-damage|p1a: Rotom|76\/100|[from] Stealth Rock\n|detailschange|p2a: Mawile|Mawile-Mega, F\n|-mega|p2a: Mawile|Mawile|Mawilite\n|move|p2a: Mawile|Swords Dance|p2a: Mawile\n|-boost|p2a: Mawile|atk|2\n|\n|upkeep\n|turn|4\n|\n|t:|1699095752\n|switch|p2a: Greninja|Greninja, M|100\/100\n|move|p1a: Rotom|Thunder Wave|p2a: Greninja\n|-status|p2a: Greninja|par\n|\n|upkeep\n|turn|5\n|\n|t:|1699095761\n|switch|p1a: Regieleki|Regieleki|100\/100\n|-damage|p1a: Regieleki|88\/100|[from] Stealth Rock\n|switch|p2a: Ting-Lu|Ting-Lu|91\/100\n|-ability|p2a: Ting-Lu|Vessel of Ruin\n|\n|-heal|p2a: Ting-Lu|97\/100|[from] item: Leftovers\n|-fieldend|move: Electric Terrain\n|upkeep\n|turn|6\n|\n|t:|1699095780\n|switch|p1a: Iron Leaves|Iron Leaves|100\/100\n|-damage|p1a: Iron Leaves|88\/100|[from] Stealth Rock\n|move|p2a: Ting-Lu|Earthquake|p1a: Iron Leaves\n|-resisted|p1a: Iron Leaves\n|-damage|p1a: Iron Leaves|68\/100\n|\n|-heal|p2a: Ting-Lu|100\/100|[from] item: Leftovers\n|upkeep\n|turn|7\n|\n|t:|1699095790\n|switch|p2a: Mandibuzz|Mandibuzz, F|100\/100\n|move|p1a: Iron Leaves|Leaf Blade|p2a: Mandibuzz\n|-resisted|p2a: Mandibuzz\n|-damage|p2a: Mandibuzz|83\/100\n|\n|upkeep\n|turn|8\n|\n|t:|1699095799\n|-end|p1a: Iron Leaves|Quark Drive|[silent]\n|switch|p1a: Tapu Koko|Tapu Koko|100\/100\n|-damage|p1a: Tapu Koko|88\/100|[from] Stealth Rock\n|-fieldstart|move: Electric Terrain|[from] ability: Electric Surge|[of] p1a: Tapu Koko\n|move|p2a: Mandibuzz|U-turn|p1a: Tapu Koko\n|-resisted|p1a: Tapu Koko\n|-damage|p1a: Tapu Koko|81\/100\n|\n|t:|1699095814\n|switch|p2a: Ting-Lu|Ting-Lu|100\/100|[from] U-turn\n|-ability|p2a: Ting-Lu|Vessel of Ruin\n|\n|-heal|p1a: Tapu Koko|87\/100|[from] item: Leftovers\n|upkeep\n|turn|9\n|\n|t:|1699095823\n|move|p1a: Tapu Koko|U-turn|p2a: Ting-Lu\n|-supereffective|p2a: Ting-Lu\n|-damage|p2a: Ting-Lu|83\/100\n|\n|t:|1699095829\n|switch|p1a: Iron Valiant|Iron Valiant|100\/100|[from] U-turn\n|-damage|p1a: Iron Valiant|94\/100|[from] Stealth Rock\n|-activate|p1a: Iron Valiant|ability: Quark Drive\n|-start|p1a: Iron Valiant|quarkdrivespe\n|move|p2a: Ting-Lu|Whirlwind|p1a: Iron Valiant\n|-end|p1a: Iron Valiant|Quark Drive|[silent]\n|drag|p1a: Rotom|Rotom-Heat|76\/100\n|-damage|p1a: Rotom|51\/100|[from] Stealth Rock\n|\n|-heal|p2a: Ting-Lu|90\/100|[from] item: Leftovers\n|upkeep\n|turn|10\n|j| AlolanSandslashOU\n|\n|t:|1699095844\n|switch|p1a: Iron Valiant|Iron Valiant|94\/100\n|-damage|p1a: Iron Valiant|88\/100|[from] Stealth Rock\n|-activate|p1a: Iron Valiant|ability: Quark Drive\n|-start|p1a: Iron Valiant|quarkdrivespe\n|move|p2a: Ting-Lu|Whirlwind|p1a: Iron Valiant\n|-end|p1a: Iron Valiant|Quark Drive|[silent]\n|drag|p1a: Regieleki|Regieleki|88\/100\n|-damage|p1a: Regieleki|76\/100|[from] Stealth Rock\n|\n|-heal|p2a: Ting-Lu|96\/100|[from] item: Leftovers\n|upkeep\n|turn|11\n|\n|t:|1699095850\n|move|p1a: Regieleki|Rapid Spin|p2a: Ting-Lu\n|-damage|p2a: Ting-Lu|91\/100\n|-boost|p1a: Regieleki|spe|1\n|-sideend|p1: cancer_asf_ngl|Stealth Rock|[from] move: Rapid Spin|[of] p1a: Regieleki\n|move|p2a: Ting-Lu|Earthquake|p1a: Regieleki\n|-supereffective|p1a: Regieleki\n|-damage|p1a: Regieleki|0 fnt\n|faint|p1a: Regieleki\n|\n|-heal|p2a: Ting-Lu|97\/100|[from] item: Leftovers\n|upkeep\n|\n|t:|1699095858\n|switch|p1a: Iron Valiant|Iron Valiant|88\/100\n|-activate|p1a: Iron Valiant|ability: Quark Drive\n|-start|p1a: Iron Valiant|quarkdrivespe\n|turn|12\n|\n|t:|1699095871\n|switch|p2a: Mawile|Mawile-Mega, F|73\/100\n|move|p1a: Iron Valiant|Thunderbolt|p2a: Mawile\n|-damage|p2a: Mawile|20\/100\n|\n|-fieldend|move: Electric Terrain\n|-end|p1a: Iron Valiant|Quark Drive\n|upkeep\n|turn|13\n|c|\u2606Ginesect|Dan\n|c|\u2606Ginesect|Damn\n|\n|t:|1699095897\n|move|p1a: Iron Valiant|Thunderbolt|p2a: Mawile\n|-damage|p2a: Mawile|0 fnt\n|faint|p2a: Mawile\n|\n|upkeep\n|\n|t:|1699095901\n|switch|p2a: Ting-Lu|Ting-Lu|97\/100\n|-ability|p2a: Ting-Lu|Vessel of Ruin\n|turn|14\n|\n|t:|1699095904\n|-end|p1a: Iron Valiant|Quark Drive|[silent]\n|switch|p1a: Tapu Koko|Tapu Koko|87\/100\n|-fieldstart|move: Electric Terrain|[from] ability: Electric Surge|[of] p1a: Tapu Koko\n|move|p2a: Ting-Lu|Earthquake|p1a: Tapu Koko\n|-supereffective|p1a: Tapu Koko\n|-damage|p1a: Tapu Koko|0 fnt\n|faint|p1a: Tapu Koko\n|\n|-heal|p2a: Ting-Lu|100\/100|[from] item: Leftovers\n|upkeep\n|c| AlolanSandslashOU|That read was crazy ngl\n|c|\u2606Ginesect|yeah\n|c|\u2606Ginesect|agreed\n|\n|t:|1699095918\n|switch|p1a: Iron Leaves|Iron Leaves|68\/100\n|-activate|p1a: Iron Leaves|ability: Quark Drive\n|-start|p1a: Iron Leaves|quarkdrivespe\n|turn|15\n|\n|t:|1699095925\n|switch|p2a: Mandibuzz|Mandibuzz, F|83\/100\n|-terastallize|p1a: Iron Leaves|Fighting\n|move|p1a: Iron Leaves|Close Combat|p2a: Mandibuzz\n|-damage|p2a: Mandibuzz|32\/100\n|-unboost|p1a: Iron Leaves|def|1\n|-unboost|p1a: Iron Leaves|spd|1\n|\n|upkeep\n|turn|16\n|c| AlolanSandslashOU|Leaves is underrate\n|c|\u2606cancer_asf_ngl|true\n|\n|t:|1699095935\n|move|p1a: Iron Leaves|Close Combat|p2a: Mandibuzz\n|-crit|p2a: Mandibuzz\n|-damage|p2a: Mandibuzz|0 fnt\n|-unboost|p1a: Iron Leaves|def|1\n|-unboost|p1a: Iron Leaves|spd|1\n|faint|p2a: Mandibuzz\n|\n|upkeep\n|\n|t:|1699095947\n|switch|p2a: Chien-Pao|Chien-Pao|100\/100\n|-ability|p2a: Chien-Pao|Sword of Ruin\n|turn|17\n|c|\u2606cancer_asf_ngl|sash ?\n|\n|t:|1699095954\n|-terastallize|p2a: Chien-Pao|Dark\n|move|p1a: Iron Leaves|Close Combat|p2a: Chien-Pao\n|-supereffective|p2a: Chien-Pao\n|-damage|p2a: Chien-Pao|0 fnt\n|-unboost|p1a: Iron Leaves|def|1\n|-unboost|p1a: Iron Leaves|spd|1\n|faint|p2a: Chien-Pao\n|\n|upkeep\n|c|\u2606Ginesect|oh fuk\n|c| AlolanSandslashOU|It might be joever\n|c|\u2606Ginesect|Fuck\n|c|\u2606Ginesect|I'm fucking dumb\n|c|\u2606cancer_asf_ngl|we're barack bruh\n|c|\u2606Ginesect|aight gg ig\n|c| AlolanSandslashOU|Was it meant to be like tera ghost or smt\n|\n|t:|1699095983\n|switch|p2a: Grimmsnarl|Grimmsnarl, M|100\/100\n|turn|18\n|\n|t:|1699095996\n|-end|p1a: Iron Leaves|Quark Drive|[silent]\n|switch|p1a: Mawile|Mawile, M|100\/100\n|-ability|p1a: Mawile|Intimidate|boost\n|-unboost|p2a: Grimmsnarl|atk|1\n|move|p2a: Grimmsnarl|Reflect|p2a: Grimmsnarl\n|-sidestart|p2: Ginesect|Reflect\n|\n|-fieldend|move: Electric Terrain\n|upkeep\n|turn|19\n|c|\u2606Ginesect|no i meant to switch in ninja\n|\n|t:|1699096008\n|detailschange|p1a: Mawile|Mawile-Mega, M\n|-mega|p1a: Mawile|Mawile|Mawilite\n|move|p2a: Grimmsnarl|Thunder Wave|p1a: Mawile\n|-status|p1a: Mawile|par\n|cant|p1a: Mawile|par\n|\n|upkeep\n|turn|20\n|\n|t:|1699096011\n|move|p2a: Grimmsnarl|Parting Shot|p1a: Mawile\n|-unboost|p1a: Mawile|atk|1\n|-unboost|p1a: Mawile|spa|1\n|c| AlolanSandslashOU|Ah\n|\n|t:|1699096014\n|switch|p2a: Ting-Lu|Ting-Lu|100\/100|[from] Parting Shot\n|-ability|p2a: Ting-Lu|Vessel of Ruin\n|move|p1a: Mawile|Play Rough|p2a: Ting-Lu\n|-supereffective|p2a: Ting-Lu\n|-damage|p2a: Ting-Lu|75\/100\n|\n|-heal|p2a: Ting-Lu|81\/100|[from] item: Leftovers\n|upkeep\n|turn|21\n|c|\u2606cancer_asf_ngl|noway\n|\n|t:|1699096032\n|switch|p1a: Iron Leaves|Iron Leaves, tera:Fighting|68\/100\n|move|p2a: Ting-Lu|Stealth Rock|p1a: Iron Leaves\n|-sidestart|p1: cancer_asf_ngl|move: Stealth Rock\n|\n|-heal|p2a: Ting-Lu|87\/100|[from] item: Leftovers\n|upkeep\n|turn|22\n|\n|t:|1699096039\n|move|p1a: Iron Leaves|Close Combat|p2a: Ting-Lu\n|-supereffective|p2a: Ting-Lu\n|-damage|p2a: Ting-Lu|45\/100\n|-unboost|p1a: Iron Leaves|def|1\n|-unboost|p1a: Iron Leaves|spd|1\n|move|p2a: Ting-Lu|Earthquake|p1a: Iron Leaves\n|-damage|p1a: Iron Leaves|11\/100\n|\n|-heal|p2a: Ting-Lu|51\/100|[from] item: Leftovers\n|upkeep\n|turn|23\n|c| AlolanSandslashOU|No more terrain\n|c| AlolanSandslashOU|leaves isn\u2019t baller anymore\n|\n|t:|1699096048\n|move|p2a: Ting-Lu|Protect|p2a: Ting-Lu\n|-singleturn|p2a: Ting-Lu|Protect\n|move|p1a: Iron Leaves|Close Combat|p2a: Ting-Lu\n|-activate|p2a: Ting-Lu|move: Protect\n|\n|-heal|p2a: Ting-Lu|58\/100|[from] item: Leftovers\n|upkeep\n|turn|24\n|c|\u2606cancer_asf_ngl|sheet\n|\n|t:|1699096051\n|move|p1a: Iron Leaves|Close Combat|p2a: Ting-Lu\n|-supereffective|p2a: Ting-Lu\n|-damage|p2a: Ting-Lu|21\/100\n|-unboost|p1a: Iron Leaves|def|1\n|-unboost|p1a: Iron Leaves|spd|1\n|move|p2a: Ting-Lu|Whirlwind|p1a: Iron Leaves\n|-end|p1a: Iron Leaves|Quark Drive|[silent]\n|drag|p1a: Rotom|Rotom-Heat|51\/100\n|-damage|p1a: Rotom|26\/100|[from] Stealth Rock\n|\n|-heal|p2a: Ting-Lu|27\/100|[from] item: Leftovers\n|upkeep\n|turn|25\n|c|\u2606cancer_asf_ngl|did you just stall you own reflect ?\n|c| AlolanSandslashOU|Does ting Lu have a recovery move?\n|c|\u2606cancer_asf_ngl|rest\n|c| AlolanSandslashOU|imagine it had like slack off\n|inactive|Ginesect has 270 seconds left.\n|c|\u2606Ginesect|no rest sadly\n|\n|t:|1699096091\n|move|p2a: Ting-Lu|Protect|p2a: Ting-Lu\n|-singleturn|p2a: Ting-Lu|Protect\n|move|p1a: Rotom|Overheat|p2a: Ting-Lu\n|-activate|p2a: Ting-Lu|move: Protect\n|\n|-heal|p2a: Ting-Lu|33\/100|[from] item: Leftovers\n|-sideend|p2: Ginesect|Reflect\n|upkeep\n|turn|26\n|c| AlolanSandslashOU|Bro is going IN\n|\n|t:|1699096105\n|move|p1a: Rotom|Overheat|p2a: Ting-Lu\n|-damage|p2a: Ting-Lu|4\/100\n|-unboost|p1a: Rotom|spa|2\n|move|p2a: Ting-Lu|Whirlwind|p1a: Rotom\n|drag|p1a: Iron Leaves|Iron Leaves, tera:Fighting|11\/100\n|-damage|p1a: Iron Leaves|5\/100|[from] Stealth Rock\n|\n|-heal|p2a: Ting-Lu|11\/100|[from] item: Leftovers\n|upkeep\n|turn|27\n|c| AlolanSandslashOU|with that overheat\n|c|\u2606Ginesect|Holy\n|c|\u2606cancer_asf_ngl|couldnt even show the rising voltage on this\n|c| AlolanSandslashOU|Doesn\u2019t even kill\n|\n|t:|1699096120\n|move|p1a: Iron Leaves|Close Combat|p2a: Ting-Lu\n|-supereffective|p2a: Ting-Lu\n|-damage|p2a: Ting-Lu|0 fnt\n|-unboost|p1a: Iron Leaves|def|1\n|-unboost|p1a: Iron Leaves|spd|1\n|faint|p2a: Ting-Lu\n|\n|upkeep\n|\n|t:|1699096125\n|switch|p2a: Greninja|Greninja, M|100\/100 par\n|turn|28\n|c|\u2606Ginesect|g\n|inactive|Ginesect has 270 seconds left.\n|c|\u2606Ginesect|gg\n|c|\u2606cancer_asf_ngl|paralysed im faster\n|\n|t:|1699096136\n|move|p1a: Iron Leaves|Close Combat|p2a: Greninja\n|-supereffective|p2a: Greninja\n|-enditem|p2a: Greninja|Focus Sash\n|-damage|p2a: Greninja|1\/100 par\n|-unboost|p1a: Iron Leaves|def|1\n|-unboost|p1a: Iron Leaves|spd|1\n|cant|p2a: Greninja|par\n|\n|upkeep\n|turn|29\n|inactive|Ginesect has 270 seconds left.\n|c|\u2606Ginesect|Aw man\n|c| AlolanSandslashOU|Sash ninja wtf\n|c|\u2606cancer_asf_ngl|alr check this out\n|\n|t:|1699096155\n|-activate|p1a: Iron Leaves|move: Struggle\n|move|p1a: Iron Leaves|Struggle|p2a: Greninja\n|-damage|p2a: Greninja|0 fnt\n|faint|p2a: Greninja\n|-damage|p1a: Iron Leaves|0 fnt|[from] recoil\n|faint|p1a: Iron Leaves\n|-end|p1a: Iron Leaves|Quark Drive|[silent]\n|\n|upkeep\n|c|\u2606Ginesect|Ye it's sash bond\n|c|\u2606Ginesect|Wf\n|c|\u2606Ginesect|Wtf\n|c| AlolanSandslashOU|LMAO\n|c|\u2606Ginesect|Lmao\n|inactive|Ginesect has 270 seconds left.\n|\n|t:|1699096168\n|switch|p2a: Grimmsnarl|Grimmsnarl, M|100\/100\n|switch|p1a: Rotom|Rotom-Heat|26\/100\n|-damage|p1a: Rotom|1\/100|[from] Stealth Rock\n|turn|30\n|c|\u2606Ginesect|This was a good match\n|c|\u2606cancer_asf_ngl|yes\n|inactive|Ginesect has 270 seconds left.\n|\n|t:|1699096178\n|move|p2a: Grimmsnarl|Reflect|p2a: Grimmsnarl\n|-sidestart|p2: Ginesect|Reflect\n|move|p1a: Rotom|Thunder Wave|p2a: Grimmsnarl\n|-status|p2a: Grimmsnarl|par\n|\n|upkeep\n|turn|31\n|c|\u2606cancer_asf_ngl|valiants came in clutch\n|\n|t:|1699096190\n|move|p2a: Grimmsnarl|Thunder Wave|p1a: Rotom\n|-immune|p1a: Rotom\n|move|p1a: Rotom|Thunder Wave|p2a: Grimmsnarl|[miss]\n|-miss|p1a: Rotom|p2a: Grimmsnarl\n|\n|upkeep\n|turn|32\n|c|\u2606Ginesect|End this\n|\n|t:|1699096197\n|move|p2a: Grimmsnarl|Thunder Wave|p1a: Rotom\n|-immune|p1a: Rotom\n|move|p1a: Rotom|Thunder Wave|p2a: Grimmsnarl\n|-fail|p2a: Grimmsnarl|par\n|\n|upkeep\n|turn|33\n|c|\u2606cancer_asf_ngl|lmfao no attacks snarl\n|\n|t:|1699096203\n|cant|p2a: Grimmsnarl|par\n|move|p1a: Rotom|Thunder Wave|p2a: Grimmsnarl\n|-fail|p2a: Grimmsnarl|par\n|\n|upkeep\n|turn|34\n|c| AlolanSandslashOU|Insane gameplay\n|c|\u2606Ginesect|Lmaoo\n|c|\u2606Ginesect|Pls end this\n|c|\u2606cancer_asf_ngl|true\n|\n|t:|1699096213\n|move|p2a: Grimmsnarl|Light Screen|p2a: Grimmsnarl\n|-sidestart|p2: Ginesect|move: Light Screen\n|move|p1a: Rotom|Thunder Wave|p2a: Grimmsnarl\n|-fail|p2a: Grimmsnarl|par\n|\n|upkeep\n|turn|35\n|c|\u2606cancer_asf_ngl|i cant risk switching valiants in onn twave tho\n|\n|t:|1699096226\n|switch|p1a: Mawile|Mawile-Mega, M|100\/100 par\n|-damage|p1a: Mawile|95\/100 par|[from] Stealth Rock\n|cant|p2a: Grimmsnarl|par\n|\n|upkeep\n|turn|36\n|\n|t:|1699096233\n|move|p2a: Grimmsnarl|Reflect||[still]\n|-fail|p2a: Grimmsnarl\n|move|p1a: Mawile|Swords Dance|p1a: Mawile\n|-boost|p1a: Mawile|atk|2\n|\n|upkeep\n|turn|37\n|c| AlolanSandslashOU|Wth is it gonna do\n|c|\u2606cancer_asf_ngl|alr guess ill go for this\n|\n|t:|1699096238\n|move|p2a: Grimmsnarl|Reflect||[still]\n|-fail|p2a: Grimmsnarl\n|cant|p1a: Mawile|par\n|\n|-sideend|p2: Ginesect|Reflect\n|upkeep\n|turn|38\n|c| AlolanSandslashOU|parting shot?\n|c|\u2606Ginesect|Lmao\n|\n|t:|1699096245\n|move|p2a: Grimmsnarl|Reflect|p2a: Grimmsnarl\n|-sidestart|p2: Ginesect|Reflect\n|move|p1a: Mawile|Swords Dance|p1a: Mawile\n|-boost|p1a: Mawile|atk|2\n|\n|upkeep\n|turn|39\n|\n|t:|1699096249\n|move|p2a: Grimmsnarl|Reflect||[still]\n|-fail|p2a: Grimmsnarl\n|move|p1a: Mawile|Swords Dance|p1a: Mawile\n|-boost|p1a: Mawile|atk|2\n|\n|upkeep\n|turn|40\n|\n|t:|1699096253\n|cant|p2a: Grimmsnarl|par\n|move|p1a: Mawile|Iron Head|p2a: Grimmsnarl\n|-supereffective|p2a: Grimmsnarl\n|-damage|p2a: Grimmsnarl|0 fnt\n|faint|p2a: Grimmsnarl\n|\n|win|cancer_asf_ngl\n|c|\u2606cancer_asf_ngl|gg\n|c|\u2606Ginesect|gg\n|c| AlolanSandslashOU|Gin me next\n|c|\u2606cancer_asf_ngl|the tbolt preshot tho\n|c|\u2606cancer_asf_ngl|nah it was a tough fight i was scared when koko died\n","uploadtime":1699096267,"views":5,"p1id":"cancerasfngl","p2id":"ginesect","formatid":"gen9nationaldexubers","rating":0,"private":0,"password":""}