{"id":"gen9nationaldexubers-1999862974","p1":"scytherwing","p2":"Dragon Empire 641","format":"[Gen 9] National Dex Ubers","log":"|j|\u203dscytherwing\n|j|\u2606Dragon Empire 641\n|t:|1701123939\n|gametype|singles\n|player|p1|scytherwing|depotagent|1069\n|player|p2|Dragon Empire 641|silver|1000\n|teamsize|p1|6\n|teamsize|p2|6\n|gen|9\n|tier|[Gen 9] National Dex Ubers\n|rated|\n|rule|HP Percentage Mod: HP is shown in percentages\n|rule|Endless Battle Clause: Forcing endless battles is banned\n|rule|OHKO Clause: OHKO moves are banned\n|rule|Evasion Moves Clause: Evasion moves are banned\n|rule|Evasion Items Clause: Evasion items are banned\n|rule|Species Clause: Limit one of each Pok\u00e9mon\n|rule|Sleep Clause Mod: Limit one foe put to sleep\n|rule|Mega Rayquaza Clause: You cannot mega evolve Rayquaza\n|clearpoke\n|poke|p1|Baxcalibur, F|\n|poke|p1|Arceus|\n|poke|p1|Blaziken, F|\n|poke|p1|Flutter Mane|\n|poke|p1|Zygarde|\n|poke|p1|Yveltal|\n|poke|p2|Charizard, M|\n|poke|p2|Toxtricity, M|\n|poke|p2|Meowscarada, M|\n|poke|p2|Garchomp, M|\n|poke|p2|Zoroark-Hisui, M|\n|poke|p2|Lucario, M|\n|teampreview\n|inactive|Battle timer is ON: inactive players will automatically lose when time's up. (requested by scytherwing)\n|inactive|Dragon Empire 641 has 120 seconds left.\n|\n|t:|1701123978\n|start\n|switch|p1a: Zygarde|Zygarde|100\/100\n|switch|p2a: Meowscarada|Meowscarada, M|100\/100\n|turn|1\n|\n|t:|1701123988\n|move|p2a: Meowscarada|Flower Trick|p1a: Zygarde\n|-start|p2a: Meowscarada|typechange|Grass|[from] ability: Protean\n|-crit|p1a: Zygarde\n|-damage|p1a: Zygarde|74\/100\n|move|p1a: Zygarde|Dragon Tail|p2a: Meowscarada\n|-damage|p2a: Meowscarada|68\/100\n|drag|p2a: Garchomp|Garchomp, M, shiny|100\/100\n|\n|upkeep\n|turn|2\n|\n|t:|1701124005\n|-terastallize|p2a: Garchomp|Steel\n|move|p2a: Garchomp|Dragon Claw|p1a: Zygarde\n|-supereffective|p1a: Zygarde\n|-damage|p1a: Zygarde|30\/100\n|-damage|p2a: Garchomp|84\/100|[from] item: Rocky Helmet|[of] p1a: Zygarde\n|move|p1a: Zygarde|Dragon Tail|p2a: Garchomp\n|-resisted|p2a: Garchomp\n|-damage|p2a: Garchomp|74\/100\n|-damage|p1a: Zygarde|17\/100|[from] ability: Rough Skin|[of] p2a: Garchomp\n|drag|p2a: Meowscarada|Meowscarada, M|68\/100\n|\n|-activate|p1a: Zygarde|ability: Power Construct\n|detailschange|p1a: Zygarde|Zygarde-Complete\n|-heal|p1a: Zygarde|46\/100|[silent]\n|upkeep\n|turn|3\n|\n|t:|1701124023\n|switch|p2a: Garchomp|Garchomp, M, shiny, tera:Steel|74\/100\n|move|p1a: Zygarde|Rest|p1a: Zygarde\n|-status|p1a: Zygarde|slp|[from] move: Rest\n|-heal|p1a: Zygarde|100\/100 slp|[silent]\n|\n|upkeep\n|turn|4\n|\n|t:|1701124033\n|move|p2a: Garchomp|Swords Dance|p2a: Garchomp\n|-boost|p2a: Garchomp|atk|2\n|cant|p1a: Zygarde|slp\n|move|p1a: Zygarde|Sleep Talk|p1a: Zygarde\n|move|p1a: Zygarde|Scorching Sands|p2a: Garchomp|[from]move: Sleep Talk\n|-supereffective|p2a: Garchomp\n|-damage|p2a: Garchomp|23\/100\n|-enditem|p2a: Garchomp|Weakness Policy\n|-boost|p2a: Garchomp|atk|2|[from] item: Weakness Policy\n|-boost|p2a: Garchomp|spa|2|[from] item: Weakness Policy\n|\n|upkeep\n|turn|5\n|\n|t:|1701124048\n|switch|p1a: Flutter Mane|Flutter Mane|100\/100\n|move|p2a: Garchomp|Dragon Claw|p1a: Flutter Mane\n|-immune|p1a: Flutter Mane\n|\n|upkeep\n|turn|6\n|\n|t:|1701124058\n|switch|p2a: Lucario|Lucario, M|100\/100\n|move|p1a: Flutter Mane|Thunder Wave|p2a: Lucario\n|-status|p2a: Lucario|par\n|\n|upkeep\n|turn|7\n|\n|t:|1701124068\n|detailschange|p2a: Lucario|Lucario-Mega, M\n|-mega|p2a: Lucario|Lucario|Lucarionite\n|move|p2a: Lucario|Bullet Punch|p1a: Flutter Mane\n|-supereffective|p1a: Flutter Mane\n|-damage|p1a: Flutter Mane|0 fnt\n|faint|p1a: Flutter Mane\n|-end|p1a: Flutter Mane|Protosynthesis|[silent]\n|\n|upkeep\n|\n|t:|1701124075\n|switch|p1a: Zygarde|Zygarde-Complete|100\/100 slp\n|turn|8\n|\n|t:|1701124085\n|switch|p2a: Meowscarada|Meowscarada, M|68\/100\n|cant|p1a: Zygarde|slp\n|move|p1a: Zygarde|Sleep Talk|p1a: Zygarde\n|move|p1a: Zygarde|Scorching Sands|p2a: Meowscarada|[from]move: Sleep Talk\n|-resisted|p2a: Meowscarada\n|-damage|p2a: Meowscarada|50\/100\n|-status|p2a: Meowscarada|brn\n|\n|-damage|p2a: Meowscarada|44\/100 brn|[from] brn\n|upkeep\n|turn|9\n|\n|t:|1701124097\n|move|p2a: Meowscarada|Foul Play|p1a: Zygarde\n|-start|p2a: Meowscarada|typechange|Dark|[from] ability: Protean\n|-damage|p1a: Zygarde|95\/100 slp\n|-damage|p2a: Meowscarada|28\/100 brn|[from] item: Rocky Helmet|[of] p1a: Zygarde\n|-curestatus|p1a: Zygarde|slp|[msg]\n|move|p1a: Zygarde|Dragon Tail|p2a: Meowscarada\n|-damage|p2a: Meowscarada|0 fnt\n|faint|p2a: Meowscarada\n|\n|upkeep\n|\n|t:|1701124110\n|switch|p2a: Garchomp|Garchomp, M, shiny|100\/100\n|-start|p2a: Garchomp|typechange|Steel|[silent]\n|turn|10\n|\n|t:|1701124123\n|move|p2a: Garchomp|Focus Blast|p1a: Zygarde\n|-damage|p1a: Zygarde|70\/100\n|move|p1a: Zygarde|Dragon Tail|p2a: Garchomp\n|-damage|p2a: Garchomp|60\/100\n|replace|p2a: Zoroark|Zoroark-Hisui, M, shiny\n|-end|p2a: Zoroark|Illusion\n|drag|p2a: Garchomp|Garchomp, M, shiny, tera:Steel|23\/100\n|\n|upkeep\n|turn|11\n|\n|t:|1701124134\n|move|p2a: Garchomp|Earthquake|p1a: Zygarde\n|-damage|p1a: Zygarde|54\/100\n|move|p1a: Zygarde|Scorching Sands|p2a: Garchomp\n|-supereffective|p2a: Garchomp\n|-damage|p2a: Garchomp|0 fnt\n|faint|p2a: Garchomp\n|\n|upkeep\n|\n|t:|1701124142\n|switch|p2a: Toxtricity|Toxtricity, M|100\/100\n|turn|12\n|\n|t:|1701124148\n|move|p2a: Toxtricity|Shift Gear|p2a: Toxtricity\n|-boost|p2a: Toxtricity|spe|2\n|-boost|p2a: Toxtricity|atk|1\n|move|p1a: Zygarde|Scorching Sands|p2a: Toxtricity\n|-supereffective|p2a: Toxtricity\n|-damage|p2a: Toxtricity|0 fnt\n|faint|p2a: Toxtricity\n|\n|upkeep\n|\n|t:|1701124156\n|switch|p2a: Charizard|Charizard, M, shiny|100\/100\n|turn|13\n|\n|t:|1701124171\n|move|p2a: Charizard|Dragon Pulse|p1a: Zygarde\n|-supereffective|p1a: Zygarde\n|-damage|p1a: Zygarde|22\/100\n|move|p1a: Zygarde|Dragon Tail|p2a: Charizard\n|-damage|p2a: Charizard|73\/100\n|drag|p2a: Charizard|Charizard, M, shiny|60\/100\n|\n|upkeep\n|turn|14\n|\n|t:|1701124185\n|move|p2a: Charizard|Bitter Malice|p1a: Zygarde\n|-damage|p1a: Zygarde|0 fnt\n|faint|p1a: Zygarde\n|\n|upkeep\n|\n|t:|1701124197\n|switch|p1a: Blaziken|Blaziken, F|100\/100\n|turn|15\n|\n|t:|1701124204\n|switch|p2a: Charizard|Charizard, M, shiny|73\/100\n|detailschange|p1a: Blaziken|Blaziken-Mega, F\n|-mega|p1a: Blaziken|Blaziken|Blazikenite\n|move|p1a: Blaziken|Hone Claws|p1a: Blaziken\n|-boost|p1a: Blaziken|atk|1\n|-boost|p1a: Blaziken|accuracy|1\n|\n|-ability|p1a: Blaziken|Speed Boost|boost\n|-boost|p1a: Blaziken|spe|1\n|upkeep\n|turn|16\n|\n|t:|1701124215\n|move|p1a: Blaziken|Fire Blast|p2a: Charizard\n|-resisted|p2a: Charizard\n|-damage|p2a: Charizard|35\/100\n|move|p2a: Charizard|Hurricane|p1a: Blaziken\n|-supereffective|p1a: Blaziken\n|-damage|p1a: Blaziken|0 fnt\n|faint|p1a: Blaziken\n|\n|upkeep\n|\n|t:|1701124228\n|switch|p1a: Baxcalibur|Baxcalibur, F|100\/100\n|turn|17\n|\n|t:|1701124234\n|move|p2a: Charizard|Fire Blast|p1a: Baxcalibur\n|-damage|p1a: Baxcalibur|73\/100\n|-ability|p1a: Baxcalibur|Thermal Exchange|boost\n|-boost|p1a: Baxcalibur|atk|1\n|move|p1a: Baxcalibur|Breaking Swipe|p2a: Charizard\n|-damage|p2a: Charizard|0 fnt\n|faint|p2a: Charizard\n|\n|upkeep\n|\n|t:|1701124244\n|switch|p2a: Lucario|Lucario-Mega, M|60\/100\n|turn|18\n|\n|t:|1701124252\n|move|p2a: Lucario|Substitute|p2a: Lucario\n|-start|p2a: Lucario|Substitute\n|-damage|p2a: Lucario|35\/100\n|move|p1a: Baxcalibur|Avalanche|p2a: Lucario\n|-end|p2a: Lucario|Substitute\n|\n|upkeep\n|turn|19\n|\n|t:|1701124261\n|move|p1a: Baxcalibur|Ice Shard|p2a: Lucario\n|-damage|p2a: Lucario|0 fnt\n|replace|p2a: Zoroark|Zoroark-Hisui, M, shiny\n|-end|p2a: Zoroark|Illusion\n|faint|p2a: Zoroark\n|\n|upkeep\n|\n|t:|1701124266\n|switch|p2a: Lucario|Lucario-Mega, M|100\/100 par\n|turn|20\n|\n|t:|1701124273\n|-terastallize|p1a: Baxcalibur|Ground\n|move|p1a: Baxcalibur|Earthquake|p2a: Lucario\n|-supereffective|p2a: Lucario\n|-damage|p2a: Lucario|0 fnt\n|faint|p2a: Lucario\n|\n|win|scytherwing\n|raw|scytherwing's rating: 1069 &rarr; <strong>1093<\/strong><br \/>(+24 for winning)\n|raw|Dragon Empire 641's rating: 1000 &rarr; <strong>1000<\/strong><br \/>(+0 for losing)\n|l|\u203dscytherwing\n","uploadtime":1701124297,"views":15,"p1id":"scytherwing","p2id":"dragonempire641","formatid":"gen9nationaldexubers","rating":1000,"private":0,"password":""}