{"id":"gen9nationaldexubers-1991476177","p1":"ApocalypticTofu","p2":"Xanvoir","format":"[Gen 9] National Dex Ubers","log":"|j|\u2606ApocalypticTofu\n|j|\u2606Xanvoir\n|t:|1700080439\n|gametype|singles\n|player|p1|ApocalypticTofu|plasmagrunt|\n|player|p2|Xanvoir|grimsley|\n|teamsize|p1|6\n|teamsize|p2|6\n|gen|9\n|tier|[Gen 9] National Dex Ubers\n|rule|HP Percentage Mod: HP is shown in percentages\n|rule|Endless Battle Clause: Forcing endless battles is banned\n|rule|OHKO Clause: OHKO moves are banned\n|rule|Evasion Moves Clause: Evasion moves are banned\n|rule|Evasion Items Clause: Evasion items are banned\n|rule|Species Clause: Limit one of each Pok\u00e9mon\n|rule|Sleep Clause Mod: Limit one foe put to sleep\n|rule|Mega Rayquaza Clause: You cannot mega evolve Rayquaza\n|clearpoke\n|poke|p1|Ribombee, F|\n|poke|p1|Kleavor, F|\n|poke|p1|Volcarona, F|\n|poke|p1|Vikavolt, M|\n|poke|p1|Slither Wing|\n|poke|p1|Pinsir, F|\n|poke|p2|Sableye, M|\n|poke|p2|Weavile, F|\n|poke|p2|Mandibuzz, F|\n|poke|p2|Meowscarada, F|\n|poke|p2|Roaring Moon|\n|poke|p2|Kingambit, M|\n|teampreview\n|l|\u2606Xanvoir\n|player|p2|\n|j| CloysterEnjoyer\n|j|\u2606Xanvoir\n|player|p2|Xanvoir|grimsley\n|c| CloysterEnjoyer|rematch time!\n|j| Wujuh\n|c|\u2606ApocalypticTofu|not particularly helpful if xan leaves\n|c|\u2606Xanvoir|Im here\n|\n|t:|1700080477\n|start\n|switch|p1a: Slither Wing|Slither Wing|100\/100\n|switch|p2a: Sableye|Sableye, M|100\/100\n|-enditem|p1a: Slither Wing|Booster Energy\n|-activate|p1a: Slither Wing|ability: Protosynthesis|[fromitem]\n|-start|p1a: Slither Wing|protosynthesisatk\n|turn|1\n|c| CloysterEnjoyer|tbh it could be and advantage if your opponent just leaves\n|\n|t:|1700080486\n|detailschange|p2a: Sableye|Sableye-Mega, M\n|-mega|p2a: Sableye|Sableye|Sablenite\n|move|p1a: Slither Wing|First Impression|p2a: Sableye\n|-damage|p2a: Sableye|36\/100\n|move|p2a: Sableye|Will-O-Wisp|p1a: Slither Wing\n|-status|p1a: Slither Wing|brn\n|\n|-damage|p1a: Slither Wing|94\/100 brn|[from] brn\n|upkeep\n|turn|2\n|\n|t:|1700080509\n|-end|p1a: Slither Wing|Protosynthesis|[silent]\n|switch|p1a: Vikavolt|Vikavolt, M|100\/100\n|move|p2a: Sableye|Light Screen|p2a: Sableye\n|-sidestart|p2: Xanvoir|move: Light Screen\n|\n|upkeep\n|turn|3\n|\n|t:|1700080515\n|move|p1a: Vikavolt|Bug Buzz|p2a: Sableye\n|-damage|p2a: Sableye|5\/100\n|move|p2a: Sableye|Reflect|p2a: Sableye\n|-sidestart|p2: Xanvoir|Reflect\n|\n|upkeep\n|turn|4\n|c| CloysterEnjoyer|i hate screens\n|\n|t:|1700080527\n|move|p1a: Vikavolt|Bug Buzz|p2a: Sableye\n|-damage|p2a: Sableye|0 fnt\n|faint|p2a: Sableye\n|\n|upkeep\n|\n|t:|1700080529\n|switch|p2a: Roaring Moon|Roaring Moon|100\/100\n|-enditem|p2a: Roaring Moon|Booster Energy\n|-activate|p2a: Roaring Moon|ability: Protosynthesis|[fromitem]\n|-start|p2a: Roaring Moon|protosynthesisspe\n|turn|5\n|c|\u2606ApocalypticTofu|agreed\n|\n|t:|1700080543\n|-terastallize|p2a: Roaring Moon|Flying\n|move|p2a: Roaring Moon|Dragon Dance|p2a: Roaring Moon\n|-boost|p2a: Roaring Moon|atk|1\n|-boost|p2a: Roaring Moon|spe|1\n|move|p1a: Vikavolt|Bug Buzz|p2a: Roaring Moon\n|-resisted|p2a: Roaring Moon\n|-damage|p2a: Roaring Moon|81\/100\n|\n|upkeep\n|turn|6\n|c|\u2606ApocalypticTofu|wait we did this already lol\n|c|\u2606ApocalypticTofu|i have major deja vu\n|c| CloysterEnjoyer|but he has no light clay so they may not last long\n|c|\u2606ApocalypticTofu|and my deja vu is right\n|j| Rainer367\n|\n|t:|1700080576\n|switch|p1a: Slither Wing|Slither Wing|94\/100 brn\n|move|p2a: Roaring Moon|Dragon Dance|p2a: Roaring Moon\n|-boost|p2a: Roaring Moon|atk|1\n|-boost|p2a: Roaring Moon|spe|1\n|\n|-damage|p1a: Slither Wing|88\/100 brn|[from] brn\n|-sideend|p2: Xanvoir|move: Light Screen\n|upkeep\n|turn|7\n|c|\u2606ApocalypticTofu|knew it\n|\n|t:|1700080593\n|move|p2a: Roaring Moon|Acrobatics|p1a: Slither Wing\n|-supereffective|p1a: Slither Wing\n|-damage|p1a: Slither Wing|0 fnt\n|faint|p1a: Slither Wing\n|-end|p1a: Slither Wing|Protosynthesis|[silent]\n|\n|-sideend|p2: Xanvoir|Reflect\n|upkeep\n|c|\u2606ApocalypticTofu|also knew that\n|c|\u2606Xanvoir|Bro I have 1110 Speed lol\n|c|\u2606ApocalypticTofu|pffft\n|c| CloysterEnjoyer|4x weak stab move *2 attack\n|\n|t:|1700080634\n|switch|p1a: Vikavolt|Vikavolt, M|100\/100\n|turn|8\n|\n|t:|1700080644\n|-terastallize|p1a: Vikavolt|Steel\n|move|p2a: Roaring Moon|Acrobatics|p1a: Vikavolt\n|-resisted|p1a: Vikavolt\n|-damage|p1a: Vikavolt|44\/100\n|move|p1a: Vikavolt|Thunderbolt|p2a: Roaring Moon\n|-supereffective|p2a: Roaring Moon\n|-damage|p2a: Roaring Moon|0 fnt\n|faint|p2a: Roaring Moon\n|-end|p2a: Roaring Moon|Protosynthesis|[silent]\n|\n|upkeep\n|c| CloysterEnjoyer|that slither wing is 10 times dead\n|\n|t:|1700080658\n|switch|p2a: Weavile|Weavile, F|100\/100\n|-ability|p2a: Weavile|Pressure\n|turn|9\n|c|\u2606ApocalypticTofu|hahahaha\n|c|\u2606ApocalypticTofu|NOT THE AXIS POWERS AGAIN\n|c|\u2606Xanvoir|This isnt good\n|c| Rainer367|SCREENSHOTTED\n|\n|t:|1700080682\n|move|p2a: Weavile|Knock Off|p1a: Vikavolt\n|-damage|p1a: Vikavolt|0 fnt\n|-enditem|p1a: Vikavolt|Choice Specs|[from] move: Knock Off|[of] p2a: Weavile\n|faint|p1a: Vikavolt\n|\n|upkeep\n|j| RaVeDreNch\n|\n|t:|1700080691\n|switch|p1a: Ribombee|Ribombee, F|100\/100\n|turn|10\n|\n|t:|1700080695\n|move|p2a: Weavile|Triple Axel|p1a: Ribombee\n|-crit|p1a: Ribombee\n|-damage|p1a: Ribombee|72\/100\n|-damage|p1a: Ribombee|34\/100\n|-crit|p1a: Ribombee\n|-damage|p1a: Ribombee|0 fnt\n|faint|p1a: Ribombee\n|-hitcount|p1: Ribombee|3\n|\n|upkeep\n|c| Rainer367|tofu lmaoo\n|c|\u2606ApocalypticTofu|nah a crit is crazy\n|c|\u2606Xanvoir|Two crits\n|c|\u2606ApocalypticTofu|this is going to round 3\n|c|\u2606Xanvoir|Don\u2019t think so\n|\n|t:|1700080720\n|switch|p1a: Pinsir|Pinsir, F|100\/100\n|turn|11\n|\n|t:|1700080731\n|detailschange|p1a: Pinsir|Pinsir-Mega, F\n|-mega|p1a: Pinsir|Pinsir|Pinsirite\n|move|p2a: Weavile|Ice Shard|p1a: Pinsir\n|-supereffective|p1a: Pinsir\n|-damage|p1a: Pinsir|58\/100\n|move|p1a: Pinsir|Storm Throw|p2a: Weavile\n|-supereffective|p2a: Weavile\n|-crit|p2a: Weavile\n|-damage|p2a: Weavile|0 fnt\n|faint|p2a: Weavile\n|\n|upkeep\n|\n|t:|1700080740\n|switch|p2a: Mandibuzz|Mandibuzz, F|100\/100\n|turn|12\n|c| Rainer367|Time to make a hall of shame\n|\n|t:|1700080756\n|move|p1a: Pinsir|X-Scissor|p2a: Mandibuzz\n|-damage|p2a: Mandibuzz|72\/100\n|move|p2a: Mandibuzz|Foul Play|p1a: Pinsir\n|-damage|p1a: Pinsir|0 fnt\n|faint|p1a: Pinsir\n|\n|upkeep\n|c| Rainer367|thanks Tofu\n|\n|t:|1700080763\n|switch|p1a: Kleavor|Kleavor, F|100\/100\n|turn|13\n|\n|t:|1700080773\n|move|p1a: Kleavor|Stone Axe|p2a: Mandibuzz\n|-supereffective|p2a: Mandibuzz\n|-damage|p2a: Mandibuzz|0 fnt\n|-sidestart|p2: Xanvoir|move: Stealth Rock\n|faint|p2a: Mandibuzz\n|\n|upkeep\n|\n|t:|1700080774\n|switch|p2a: Meowscarada|Meowscarada, F|100\/100\n|-damage|p2a: Meowscarada|88\/100|[from] Stealth Rock\n|turn|14\n|\n|t:|1700080785\n|move|p2a: Meowscarada|Flower Trick|p1a: Kleavor\n|-crit|p1a: Kleavor\n|-damage|p1a: Kleavor|7\/100\n|move|p1a: Kleavor|Stone Axe|p2a: Meowscarada\n|-damage|p2a: Meowscarada|0 fnt\n|faint|p2a: Meowscarada\n|\n|upkeep\n|\n|t:|1700080787\n|switch|p2a: Kingambit|Kingambit, M|100\/100\n|-damage|p2a: Kingambit|94\/100|[from] Stealth Rock\n|-activate|p2a: Kingambit|ability: Supreme Overlord\n|-start|p2a: Kingambit|fallen5|[silent]\n|turn|15\n|c| CloysterEnjoyer|ooo\n|\n|t:|1700080797\n|move|p2a: Kingambit|Sucker Punch|p1a: Kleavor\n|-damage|p1a: Kleavor|0 fnt\n|faint|p1a: Kleavor\n|\n|upkeep\n|\n|t:|1700080802\n|switch|p1a: Volcarona|Volcarona, F|100\/100\n|turn|16\n|\n|t:|1700080807\n|move|p2a: Kingambit|Sucker Punch||[still]\n|-fail|p2a: Kingambit\n|move|p1a: Volcarona|Defog|p2a: Kingambit\n|-unboost|p2a: Kingambit|evasion|1\n|-sideend|p2: Xanvoir|Stealth Rock|[from] move: Defog|[of] p1a: Volcarona\n|\n|upkeep\n|turn|17\n|c| CloysterEnjoyer|ok i swear if flame body happens again\n|c|\u2606ApocalypticTofu|i only did that to spite you lol\n|c|\u2606Xanvoir|Lol\n|\n|t:|1700080830\n|move|p1a: Volcarona|Defog|p2a: Kingambit\n|-unboost|p2a: Kingambit|evasion|1\n|move|p2a: Kingambit|Kowtow Cleave|p1a: Volcarona\n|-damage|p1a: Volcarona|0 fnt\n|faint|p1a: Volcarona\n|\n|win|Xanvoir\n|c| CloysterEnjoyer|no quiver dance?\n|c|\u2606Xanvoir|YOOOOO\n|c| CloysterEnjoyer|bruh\n|c| Rainer367|damn\n|c|\u2606ApocalypticTofu|aww i thought you'd go again lol\n|c|\u2606Xanvoir|Okay Round 3\n|c|\u2606ApocalypticTofu|okay rematch\n|c| CloysterEnjoyer|round 3!\n","uploadtime":1700080840,"views":16,"p1id":"apocalyptictofu","p2id":"xanvoir","formatid":"gen9nationaldexubers","rating":0,"private":0,"password":""}