{"id":"gen9nationaldexubers-1999238186","p1":"frostcrush","p2":"85792195wwww","format":"[Gen 9] National Dex Ubers","log":"|j|\u2606frostcrush\n|j|\u260685792195wwww\n|t:|1701049267\n|gametype|singles\n|player|p1|frostcrush|170|1489\n|player|p2|85792195wwww|mira|1828\n|teamsize|p1|6\n|teamsize|p2|6\n|gen|9\n|tier|[Gen 9] National Dex Ubers\n|rated|\n|rule|HP Percentage Mod: HP is shown in percentages\n|rule|Endless Battle Clause: Forcing endless battles is banned\n|rule|OHKO Clause: OHKO moves are banned\n|rule|Evasion Moves Clause: Evasion moves are banned\n|rule|Evasion Items Clause: Evasion items are banned\n|rule|Species Clause: Limit one of each Pok\u00e9mon\n|rule|Sleep Clause Mod: Limit one foe put to sleep\n|rule|Mega Rayquaza Clause: You cannot mega evolve Rayquaza\n|clearpoke\n|poke|p1|Flutter Mane|\n|poke|p1|Arceus-Water|\n|poke|p1|Zacian-*|\n|poke|p1|Mewtwo|\n|poke|p1|Deoxys-Attack|\n|poke|p1|Ditto|\n|poke|p2|Arceus|\n|poke|p2|Zacian-*|\n|poke|p2|Xerneas-*|\n|poke|p2|Kyogre|\n|poke|p2|Groudon|\n|poke|p2|Deoxys-Speed|\n|teampreview\n|\n|t:|1701049278\n|start\n|switch|p1a: Arceus|Arceus-Water|100\/100\n|switch|p2a: Deoxys|Deoxys-Speed|100\/100\n|-ability|p2a: Deoxys|Pressure\n|turn|1\n|\n|t:|1701049287\n|move|p2a: Deoxys|Thunder Wave|p1a: Arceus\n|-status|p1a: Arceus|par\n|move|p1a: Arceus|Judgment|p2a: Deoxys\n|-damage|p2a: Deoxys|41\/100\n|\n|-status|p2a: Deoxys|brn|[from] item: Flame Orb\n|upkeep\n|turn|2\n|inactive|Battle timer is ON: inactive players will automatically lose when time's up. (requested by 85792195wwww)\n|\n|t:|1701049345\n|move|p2a: Deoxys|Stealth Rock|p1a: Arceus\n|-sidestart|p1: frostcrush|move: Stealth Rock\n|cant|p1a: Arceus|par\n|\n|-damage|p2a: Deoxys|35\/100 brn|[from] brn\n|upkeep\n|turn|3\n|\n|t:|1701049354\n|move|p2a: Deoxys|Taunt|p1a: Arceus\n|-start|p1a: Arceus|move: Taunt\n|cant|p1a: Arceus|par\n|\n|-damage|p2a: Deoxys|29\/100 brn|[from] brn\n|upkeep\n|turn|4\n|\n|t:|1701049364\n|switch|p2a: Kyogre|Kyogre|100\/100\n|detailschange|p2a: Kyogre|Kyogre-Primal\n|-primal|p2a: Kyogre|Blue Orb\n|-weather|PrimordialSea|[from] ability: Primordial Sea|[of] p2a: Kyogre\n|cant|p1a: Arceus|par\n|\n|-weather|PrimordialSea|[upkeep]\n|upkeep\n|turn|5\n|\n|t:|1701049373\n|move|p2a: Kyogre|Thunder|p1a: Arceus\n|-supereffective|p1a: Arceus\n|-damage|p1a: Arceus|32\/100 par\n|move|p1a: Arceus|Judgment|p2a: Kyogre\n|-resisted|p2a: Kyogre\n|-damage|p2a: Kyogre|78\/100\n|\n|-weather|PrimordialSea|[upkeep]\n|-end|p1a: Arceus|move: Taunt\n|upkeep\n|turn|6\n|\n|t:|1701049382\n|move|p2a: Kyogre|Thunder|p1a: Arceus\n|-supereffective|p1a: Arceus\n|-damage|p1a: Arceus|0 fnt\n|faint|p1a: Arceus\n|\n|-weather|PrimordialSea|[upkeep]\n|upkeep\n|\n|t:|1701049407\n|switch|p1a: Zacian|Zacian-Crowned|100\/100\n|-damage|p1a: Zacian|94\/100|[from] Stealth Rock\n|-ability|p1a: Zacian|Intrepid Sword|boost\n|-boost|p1a: Zacian|atk|1\n|turn|7\n|\n|t:|1701049413\n|move|p1a: Zacian|Wild Charge|p2a: Kyogre\n|-supereffective|p2a: Kyogre\n|-crit|p2a: Kyogre\n|-damage|p2a: Kyogre|0 fnt\n|faint|p2a: Kyogre\n|-weather|none\n|-damage|p1a: Zacian|74\/100|[from] Recoil\n|\n|upkeep\n|\n|t:|1701049424\n|switch|p2a: Groudon|Groudon|100\/100\n|detailschange|p2a: Groudon|Groudon-Primal\n|-primal|p2a: Groudon|Red Orb\n|-weather|DesolateLand|[from] ability: Desolate Land|[of] p2a: Groudon\n|turn|8\n|\n|t:|1701049430\n|-terastallize|p1a: Zacian|Ground\n|move|p1a: Zacian|Tera Blast|p2a: Groudon|[anim] Tera Blast Ground\n|-supereffective|p2a: Groudon\n|-damage|p2a: Groudon|14\/100\n|move|p2a: Groudon|Rock Polish|p2a: Groudon\n|-boost|p2a: Groudon|spe|2\n|\n|-weather|DesolateLand|[upkeep]\n|upkeep\n|turn|9\n|\n|t:|1701049439\n|move|p2a: Groudon|Earthquake|p1a: Zacian\n|-damage|p1a: Zacian|4\/100\n|move|p1a: Zacian|Tera Blast|p2a: Groudon|[anim] Tera Blast Ground\n|-supereffective|p2a: Groudon\n|-damage|p2a: Groudon|0 fnt\n|faint|p2a: Groudon\n|-weather|none\n|\n|upkeep\n|\n|t:|1701049449\n|switch|p2a: Arceus|Arceus|100\/100\n|turn|10\n|\n|t:|1701049452\n|move|p2a: Arceus|Extreme Speed|p1a: Zacian\n|-damage|p1a: Zacian|0 fnt\n|faint|p1a: Zacian\n|-damage|p2a: Arceus|91\/100|[from] item: Life Orb\n|\n|upkeep\n|\n|t:|1701049466\n|switch|p1a: Mewtwo|Mewtwo|100\/100\n|-damage|p1a: Mewtwo|88\/100|[from] Stealth Rock\n|-ability|p1a: Mewtwo|Pressure\n|turn|11\n|\n|t:|1701049473\n|switch|p2a: Zacian|Zacian-Crowned|100\/100\n|-ability|p2a: Zacian|Intrepid Sword|boost\n|-boost|p2a: Zacian|atk|1\n|detailschange|p1a: Mewtwo|Mewtwo-Mega-X\n|-mega|p1a: Mewtwo|Mewtwo|Mewtwonite X\n|move|p1a: Mewtwo|Drain Punch|p2a: Zacian\n|-damage|p2a: Zacian|53\/100\n|-heal|p1a: Mewtwo|100\/100|[from] drain|[of] p2a: Zacian\n|\n|upkeep\n|turn|12\n|\n|t:|1701049486\n|switch|p1a: Flutter Mane|Flutter Mane|100\/100\n|-damage|p1a: Flutter Mane|88\/100|[from] Stealth Rock\n|move|p2a: Zacian|Close Combat|p1a: Flutter Mane\n|-immune|p1a: Flutter Mane\n|\n|upkeep\n|turn|13\n|\n|t:|1701049494\n|move|p1a: Flutter Mane|Shadow Ball|p2a: Zacian\n|-damage|p2a: Zacian|12\/100\n|move|p2a: Zacian|Close Combat|p1a: Flutter Mane\n|-immune|p1a: Flutter Mane\n|\n|upkeep\n|turn|14\n|\n|t:|1701049507\n|move|p1a: Flutter Mane|Shadow Ball|p2a: Zacian\n|-damage|p2a: Zacian|0 fnt\n|faint|p2a: Zacian\n|\n|upkeep\n|\n|t:|1701049513\n|switch|p2a: Deoxys|Deoxys-Speed|29\/100 brn\n|-ability|p2a: Deoxys|Pressure\n|turn|15\n|\n|t:|1701049522\n|move|p2a: Deoxys|Thunder Wave|p1a: Flutter Mane\n|-status|p1a: Flutter Mane|par\n|move|p1a: Flutter Mane|Shadow Ball|p2a: Deoxys\n|-supereffective|p2a: Deoxys\n|-damage|p2a: Deoxys|0 fnt\n|faint|p2a: Deoxys\n|\n|upkeep\n|\n|t:|1701049533\n|switch|p2a: Xerneas|Xerneas|100\/100\n|-ability|p2a: Xerneas|Fairy Aura\n|turn|16\n|\n|t:|1701049538\n|-terastallize|p2a: Xerneas|Fairy\n|move|p2a: Xerneas|Moonblast|p1a: Flutter Mane\n|-damage|p1a: Flutter Mane|0 fnt\n|faint|p1a: Flutter Mane\n|-end|p1a: Flutter Mane|Protosynthesis|[silent]\n|\n|upkeep\n|\n|t:|1701049544\n|switch|p1a: Mewtwo|Mewtwo-Mega-X|100\/100\n|-damage|p1a: Mewtwo|94\/100|[from] Stealth Rock\n|turn|17\n|\n|t:|1701049549\n|move|p1a: Mewtwo|Psycho Cut|p2a: Xerneas\n|-damage|p2a: Xerneas|66\/100\n|move|p2a: Xerneas|Moonblast|p1a: Mewtwo\n|-supereffective|p1a: Mewtwo\n|-damage|p1a: Mewtwo|0 fnt\n|faint|p1a: Mewtwo\n|\n|upkeep\n|\n|t:|1701049554\n|switch|p1a: Deoxys|Deoxys-Attack|100\/100\n|-damage|p1a: Deoxys|88\/100|[from] Stealth Rock\n|-ability|p1a: Deoxys|Pressure\n|turn|18\n|\n|t:|1701049562\n|move|p1a: Deoxys|Ice Beam|p2a: Xerneas\n|-damage|p2a: Xerneas|36\/100\n|-status|p2a: Xerneas|frz\n|cant|p2a: Xerneas|frz\n|\n|upkeep\n|turn|19\n|\n|t:|1701049570\n|move|p1a: Deoxys|Ice Beam|p2a: Xerneas\n|-damage|p2a: Xerneas|7\/100 frz\n|-curestatus|p2a: Xerneas|frz|[msg]\n|move|p2a: Xerneas|Moonblast|p1a: Deoxys\n|-damage|p1a: Deoxys|0 fnt\n|faint|p1a: Deoxys\n|\n|upkeep\n|\n|t:|1701049595\n|switch|p1a: Ditto|Ditto|100\/100\n|-damage|p1a: Ditto|88\/100|[from] Stealth Rock\n|-transform|p1a: Ditto|p2a: Xerneas|[from] ability: Imposter\n|-ability|p1a: Ditto|Fairy Aura\n|turn|20\n|\n|t:|1701049603\n|move|p2a: Xerneas|Moonblast|p1a: Ditto\n|-damage|p1a: Ditto|0 fnt\n|faint|p1a: Ditto\n|\n|win|85792195wwww\n|raw|frostcrush's rating: 1489 &rarr; <strong>1484<\/strong><br \/>(-5 for losing)\n|raw|85792195wwww's rating: 1828 &rarr; <strong>1833<\/strong><br \/>(+5 for winning)\n|l|\u2606frostcrush\n","uploadtime":1701049610,"views":1,"p1id":"frostcrush","p2id":"85792195wwww","formatid":"gen9nationaldexubers","rating":1484,"private":0,"password":""}