{"id":"gen9nationaldexubers-1992698977","p1":"Retter0608","p2":"iluvtrickroom","format":"[Gen 9] National Dex Ubers","log":"|j|\u2606Retter0608\n|j|\u2606iluvtrickroom\n|t:|1700226640\n|gametype|singles\n|player|p1|Retter0608|ingo|1030\n|player|p2|iluvtrickroom|hilda|1097\n|teamsize|p1|6\n|teamsize|p2|6\n|gen|9\n|tier|[Gen 9] National Dex Ubers\n|rated|\n|rule|HP Percentage Mod: HP is shown in percentages\n|rule|Endless Battle Clause: Forcing endless battles is banned\n|rule|OHKO Clause: OHKO moves are banned\n|rule|Evasion Moves Clause: Evasion moves are banned\n|rule|Evasion Items Clause: Evasion items are banned\n|rule|Species Clause: Limit one of each Pok\u00e9mon\n|rule|Sleep Clause Mod: Limit one foe put to sleep\n|rule|Mega Rayquaza Clause: You cannot mega evolve Rayquaza\n|clearpoke\n|poke|p1|Necrozma-Dawn-Wings|\n|poke|p1|Baxcalibur, M|\n|poke|p1|Ceruledge, M|\n|poke|p1|Yveltal|\n|poke|p1|Scovillain, M|\n|poke|p1|Marshadow|\n|poke|p2|Ferrothorn, F|\n|poke|p2|Eternatus|\n|poke|p2|Meowscarada, F|\n|poke|p2|Ogerpon-Hearthflame, F|\n|poke|p2|Nihilego|\n|poke|p2|Scizor, M|\n|teampreview\n|\n|t:|1700226645\n|start\n|switch|p1a: You are so small|Scovillain, M|100\/100\n|switch|p2a: Meowscarada|Meowscarada, F|100\/100\n|turn|1\n|c|\u2606Retter0608|boutta be a warm december\n|\n|t:|1700226654\n|move|p1a: You are so small|Protect|p1a: You are so small\n|-singleturn|p1a: You are so small|Protect\n|move|p2a: Meowscarada|Taunt|p1a: You are so small\n|-activate|p1a: You are so small|move: Protect\n|\n|-ability|p1a: You are so small|Moody|boost\n|-boost|p1a: You are so small|spa|2\n|-unboost|p1a: You are so small|def|1\n|upkeep\n|turn|2\n|\n|t:|1700226676\n|move|p2a: Meowscarada|Taunt|p1a: You are so small\n|-start|p1a: You are so small|move: Taunt\n|move|p1a: You are so small|Giga Drain|p2a: Meowscarada\n|-resisted|p2a: Meowscarada\n|-damage|p2a: Meowscarada|55\/100\n|\n|-ability|p1a: You are so small|Moody|boost\n|-boost|p1a: You are so small|def|2\n|-unboost|p1a: You are so small|atk|1\n|upkeep\n|turn|3\n|\n|t:|1700226688\n|move|p2a: Meowscarada|Knock Off|p1a: You are so small\n|-damage|p1a: You are so small|56\/100\n|-enditem|p1a: You are so small|Focus Sash|[from] move: Knock Off|[of] p2a: Meowscarada\n|move|p1a: You are so small|Giga Drain|p2a: Meowscarada\n|-resisted|p2a: Meowscarada\n|-damage|p2a: Meowscarada|9\/100\n|-heal|p1a: You are so small|86\/100|[from] drain|[of] p2a: Meowscarada\n|\n|-ability|p1a: You are so small|Moody|boost\n|-boost|p1a: You are so small|spd|2\n|-unboost|p1a: You are so small|spe|1\n|upkeep\n|turn|4\n|\n|t:|1700226698\n|move|p2a: Meowscarada|Toxic Spikes|p1a: You are so small\n|-sidestart|p1: Retter0608|move: Toxic Spikes\n|move|p1a: You are so small|Giga Drain|p2a: Meowscarada\n|-resisted|p2a: Meowscarada\n|-damage|p2a: Meowscarada|0 fnt\n|-heal|p1a: You are so small|92\/100|[from] drain|[of] p2a: Meowscarada\n|faint|p2a: Meowscarada\n|\n|-end|p1a: You are so small|move: Taunt\n|-ability|p1a: You are so small|Moody|boost\n|-boost|p1a: You are so small|spa|2\n|-unboost|p1a: You are so small|spe|1\n|upkeep\n|c|\u2606Retter0608|Big bang\n|\n|t:|1700226710\n|switch|p2a: Nihilego|Nihilego, shiny|100\/100\n|turn|5\n|c|\u2606iluvtrickroom|hi fire type my name is rock\n|\n|t:|1700226733\n|move|p2a: Nihilego|Meteor Beam||[still]\n|-prepare|p2a: Nihilego|Meteor Beam\n|-boost|p2a: Nihilego|spa|1\n|-enditem|p2a: Nihilego|Power Herb\n|-anim|p2a: Nihilego|Meteor Beam|p1a: You are so small\n|-supereffective|p1a: You are so small\n|-damage|p1a: You are so small|0 fnt\n|faint|p1a: You are so small\n|-ability|p2a: Nihilego|Beast Boost|boost\n|-boost|p2a: Nihilego|spa|1\n|\n|upkeep\n|\n|t:|1700226749\n|switch|p1a: Delete your asset|Marshadow|100\/100\n|-status|p1a: Delete your asset|psn\n|turn|6\n|\n|t:|1700226763\n|-terastallize|p2a: Nihilego|Flying\n|move|p1a: Delete your asset|Spectral Thief||[still]\n|-clearpositiveboost|p2a: Nihilego|p1a: Delete your asset|move: Spectral Thief\n|-boost|p1a: Delete your asset|spa|2\n|-anim|p1a: Delete your asset|Spectral Thief|p2a: Nihilego\n|-damage|p2a: Nihilego|28\/100\n|move|p2a: Nihilego|Sludge Wave|p1a: Delete your asset\n|-resisted|p1a: Delete your asset\n|-damage|p1a: Delete your asset|71\/100 psn\n|\n|-damage|p1a: Delete your asset|58\/100 psn|[from] psn\n|upkeep\n|turn|7\n|\n|t:|1700226779\n|move|p1a: Delete your asset|Poltergeist||[still]\n|-fail|p1a: Delete your asset\n|move|p2a: Nihilego|Hidden Power|p1a: Delete your asset\n|-damage|p1a: Delete your asset|35\/100 psn\n|\n|-damage|p1a: Delete your asset|23\/100 psn|[from] psn\n|upkeep\n|turn|8\n|c|\u2606Retter0608|i totally forgor\n|\n|t:|1700226805\n|move|p1a: Delete your asset|Spectral Thief|p2a: Nihilego\n|-damage|p2a: Nihilego|0 fnt\n|faint|p2a: Nihilego\n|\n|-damage|p1a: Delete your asset|10\/100 psn|[from] psn\n|upkeep\n|\n|t:|1700226817\n|switch|p2a: Scizor|Scizor, M|100\/100\n|turn|9\n|\n|t:|1700226822\n|detailschange|p2a: Scizor|Scizor-Mega, M\n|-mega|p2a: Scizor|Scizor|Scizorite\n|move|p2a: Scizor|Bullet Punch|p1a: Delete your asset\n|-damage|p1a: Delete your asset|0 fnt\n|faint|p1a: Delete your asset\n|\n|upkeep\n|\n|t:|1700226829\n|switch|p1a: Big Shot NEO|Yveltal|100\/100\n|-ability|p1a: Big Shot NEO|Dark Aura\n|turn|10\n|\n|t:|1700226840\n|move|p2a: Scizor|Bullet Punch|p1a: Big Shot NEO\n|-damage|p1a: Big Shot NEO|68\/100\n|move|p1a: Big Shot NEO|Oblivion Wing|p2a: Scizor\n|-damage|p2a: Scizor|43\/100\n|-heal|p1a: Big Shot NEO|100\/100|[from] drain|[of] p2a: Scizor\n|-damage|p1a: Big Shot NEO|91\/100|[from] item: Life Orb\n|\n|upkeep\n|turn|11\n|c|\u2606iluvtrickroom|lifeorb...\n|c|\u2606Retter0608|thanks for free [kromer]\n|\n|t:|1700226858\n|move|p2a: Scizor|Bullet Punch|p1a: Big Shot NEO\n|-damage|p1a: Big Shot NEO|56\/100\n|move|p1a: Big Shot NEO|Oblivion Wing|p2a: Scizor\n|-damage|p2a: Scizor|0 fnt\n|-heal|p1a: Big Shot NEO|84\/100|[from] drain|[of] p2a: Scizor\n|faint|p2a: Scizor\n|-damage|p1a: Big Shot NEO|74\/100|[from] item: Life Orb\n|\n|upkeep\n|\n|t:|1700226869\n|switch|p2a: Eternatus|Eternatus|100\/100\n|-ability|p2a: Eternatus|Pressure\n|turn|12\n|c|\u2606Retter0608|i dunno why nobody used it before\n|c|\u2606Retter0608|on yveltal\n|\n|t:|1700226884\n|move|p2a: Eternatus|Toxic|p1a: Big Shot NEO\n|-status|p1a: Big Shot NEO|tox\n|move|p1a: Big Shot NEO|Tailwind|p1a: Big Shot NEO\n|-sidestart|p1: Retter0608|move: Tailwind\n|\n|-damage|p1a: Big Shot NEO|68\/100 tox|[from] psn\n|upkeep\n|turn|13\n|c|\u2606iluvtrickroom|maybe lifeorbs were already sold out lol\n|\n|t:|1700226926\n|move|p1a: Big Shot NEO|Oblivion Wing|p2a: Eternatus\n|-damage|p2a: Eternatus|63\/100\n|-heal|p1a: Big Shot NEO|100\/100 tox|[from] drain|[of] p2a: Eternatus\n|-damage|p1a: Big Shot NEO|91\/100 tox|[from] item: Life Orb\n|move|p2a: Eternatus|Cosmic Power|p2a: Eternatus\n|-boost|p2a: Eternatus|def|1\n|-boost|p2a: Eternatus|spd|1\n|\n|-heal|p2a: Eternatus|69\/100|[from] item: Leftovers\n|-damage|p1a: Big Shot NEO|78\/100 tox|[from] psn\n|upkeep\n|turn|14\n|c|\u2606Retter0608|lol\n|\n|t:|1700226944\n|move|p1a: Big Shot NEO|Oblivion Wing|p2a: Eternatus\n|-damage|p2a: Eternatus|43\/100\n|-heal|p1a: Big Shot NEO|100\/100 tox|[from] drain|[of] p2a: Eternatus\n|-damage|p1a: Big Shot NEO|91\/100 tox|[from] item: Life Orb\n|move|p2a: Eternatus|Dynamax Cannon|p1a: Big Shot NEO\n|-damage|p1a: Big Shot NEO|49\/100 tox\n|\n|-heal|p2a: Eternatus|50\/100|[from] item: Leftovers\n|-damage|p1a: Big Shot NEO|30\/100 tox|[from] psn\n|upkeep\n|turn|15\n|\n|t:|1700226955\n|move|p1a: Big Shot NEO|Oblivion Wing|p2a: Eternatus\n|-damage|p2a: Eternatus|25\/100\n|-heal|p1a: Big Shot NEO|54\/100 tox|[from] drain|[of] p2a: Eternatus\n|-damage|p1a: Big Shot NEO|44\/100 tox|[from] item: Life Orb\n|move|p2a: Eternatus|Recover|p2a: Eternatus\n|-heal|p2a: Eternatus|75\/100\n|\n|-heal|p2a: Eternatus|81\/100|[from] item: Leftovers\n|-damage|p1a: Big Shot NEO|19\/100 tox|[from] psn\n|-sideend|p1: Retter0608|move: Tailwind\n|upkeep\n|turn|16\n|\n|t:|1700226967\n|move|p2a: Eternatus|Cosmic Power|p2a: Eternatus\n|-boost|p2a: Eternatus|def|1\n|-boost|p2a: Eternatus|spd|1\n|move|p1a: Big Shot NEO|Oblivion Wing|p2a: Eternatus\n|-damage|p2a: Eternatus|62\/100\n|-heal|p1a: Big Shot NEO|37\/100 tox|[from] drain|[of] p2a: Eternatus\n|-damage|p1a: Big Shot NEO|27\/100 tox|[from] item: Life Orb\n|\n|-heal|p2a: Eternatus|68\/100|[from] item: Leftovers\n|-damage|p1a: Big Shot NEO|0 fnt|[from] psn\n|faint|p1a: Big Shot NEO\n|upkeep\n|c|\u2606Retter0608|i missclicked lol\n|\n|t:|1700226980\n|switch|p1a: Big Shot Giga|Necrozma-Dawn-Wings, shiny|100\/100\n|-status|p1a: Big Shot Giga|psn\n|turn|17\n|c|\u2606Retter0608|?\n|\n|t:|1700227030\n|detailschange|p1a: Big Shot Giga|Necrozma-Ultra, shiny\n|-burst|p1a: Big Shot Giga|Necrozma|Ultranecrozium Z\n|move|p2a: Eternatus|Dynamax Cannon|p1a: Big Shot Giga\n|-supereffective|p1a: Big Shot Giga\n|-damage|p1a: Big Shot Giga|0 fnt\n|faint|p1a: Big Shot Giga\n|\n|-heal|p2a: Eternatus|75\/100|[from] item: Leftovers\n|upkeep\n|c|\u2606Retter0608|you will honestly survive...\n|\n|t:|1700227038\n|switch|p1a: But im too hot!|Ceruledge, M, shiny|100\/100\n|-status|p1a: But im too hot!|psn\n|turn|18\n|c|\u2606iluvtrickroom|did you noticed the fact that shiny yveltals look like bacon?\n|c|\u2606Retter0608|yes\n|\n|t:|1700227074\n|move|p2a: Eternatus|Dynamax Cannon|p1a: But im too hot!\n|-damage|p1a: But im too hot!|42\/100 psn\n|move|p1a: But im too hot!|Destiny Bond|p1a: But im too hot!\n|-singlemove|p1a: But im too hot!|Destiny Bond\n|\n|-heal|p2a: Eternatus|81\/100|[from] item: Leftovers\n|-damage|p1a: But im too hot!|29\/100 psn|[from] psn\n|upkeep\n|turn|19\n|\n|t:|1700227083\n|move|p2a: Eternatus|Recover|p2a: Eternatus\n|-heal|p2a: Eternatus|100\/100\n|move|p1a: But im too hot!|Destiny Bond||[still]\n|-fail|p1a: But im too hot!\n|\n|-damage|p1a: But im too hot!|17\/100 psn|[from] psn\n|upkeep\n|turn|20\n|\n|t:|1700227091\n|move|p2a: Eternatus|Dynamax Cannon|p1a: But im too hot!\n|-damage|p1a: But im too hot!|0 fnt\n|faint|p1a: But im too hot!\n|\n|upkeep\n|\n|t:|1700227095\n|switch|p1a: U killed dinosaurs|Baxcalibur, M, shiny|100\/100\n|-status|p1a: U killed dinosaurs|psn\n|turn|21\n|\n|t:|1700227100\n|-terastallize|p1a: U killed dinosaurs|Dragon\n|move|p2a: Eternatus|Dynamax Cannon|p1a: U killed dinosaurs\n|-supereffective|p1a: U killed dinosaurs\n|-damage|p1a: U killed dinosaurs|2\/100 psn\n|move|p1a: U killed dinosaurs|Glaive Rush|p2a: Eternatus\n|-supereffective|p2a: Eternatus\n|-damage|p2a: Eternatus|36\/100\n|-singlemove|p1a: U killed dinosaurs|Glaive Rush|[silent]\n|\n|-heal|p2a: Eternatus|42\/100|[from] item: Leftovers\n|-damage|p1a: U killed dinosaurs|0 fnt|[from] psn\n|faint|p1a: U killed dinosaurs\n|\n|win|iluvtrickroom\n|upkeep\n|raw|Retter0608's rating: 1030 &rarr; <strong>1018<\/strong><br \/>(-12 for losing)\n|raw|iluvtrickroom's rating: 1097 &rarr; <strong>1118<\/strong><br \/>(+21 for winning)\n|c|\u2606Retter0608|ggwp bud)\n","uploadtime":1700227115,"views":9,"p1id":"retter0608","p2id":"iluvtrickroom","formatid":"gen9nationaldexubers","rating":1018,"private":0,"password":""}