{"id":"gen9nationaldexubers-1978222204","p1":"i'madragontype","p2":"DinoToad","format":"[Gen 9] National Dex Ubers","log":"|j|\u2606i'madragontype\n|j|\u2606DinoToad\n|t:|1698514135\n|gametype|singles\n|player|p1|i'madragontype|iris|1001\n|player|p2|DinoToad|266|1000\n|teamsize|p1|6\n|teamsize|p2|3\n|gen|9\n|tier|[Gen 9] National Dex Ubers\n|rated|\n|rule|HP Percentage Mod: HP is shown in percentages\n|rule|Endless Battle Clause: Forcing endless battles is banned\n|rule|OHKO Clause: OHKO moves are banned\n|rule|Evasion Moves Clause: Evasion moves are banned\n|rule|Evasion Items Clause: Evasion items are banned\n|rule|Species Clause: Limit one of each Pok\u00e9mon\n|rule|Sleep Clause Mod: Limit one foe put to sleep\n|rule|Mega Rayquaza Clause: You cannot mega evolve Rayquaza\n|clearpoke\n|poke|p1|Articuno-Galar|\n|poke|p1|Lugia|\n|poke|p1|Rayquaza|\n|poke|p1|Eternatus|\n|poke|p1|Yveltal|\n|poke|p1|Giratina|\n|poke|p2|Tauros, M|\n|poke|p2|Vileplume, M|\n|poke|p2|Arcanine, F|\n|teampreview\n|\n|t:|1698514149\n|start\n|switch|p1a: tattoos|Yveltal|100\/100\n|switch|p2a: Arcanine|Arcanine, F|100\/100\n|-ability|p1a: tattoos|Dark Aura\n|-ability|p2a: Arcanine|Intimidate|boost\n|-unboost|p1a: tattoos|atk|1\n|turn|1\n|\n|t:|1698514162\n|move|p1a: tattoos|Dark Pulse|p2a: Arcanine\n|-damage|p2a: Arcanine|13\/100\n|-damage|p1a: tattoos|91\/100|[from] item: Life Orb\n|cant|p2a: Arcanine|flinch\n|\n|upkeep\n|turn|2\n|\n|t:|1698514169\n|move|p1a: tattoos|Focus Blast|p2a: Arcanine\n|-damage|p2a: Arcanine|0 fnt\n|faint|p2a: Arcanine\n|-damage|p1a: tattoos|81\/100|[from] item: Life Orb\n|\n|upkeep\n|\n|t:|1698514176\n|switch|p2a: Tauros|Tauros, M|100\/100\n|-ability|p2a: Tauros|Intimidate|boost\n|-unboost|p1a: tattoos|atk|1\n|turn|3\n|\n|t:|1698514184\n|move|p1a: tattoos|Rock Slide|p2a: Tauros\n|-damage|p2a: Tauros|84\/100\n|-damage|p1a: tattoos|71\/100|[from] item: Life Orb\n|move|p2a: Tauros|Thunderbolt|p1a: tattoos\n|-supereffective|p1a: tattoos\n|-damage|p1a: tattoos|43\/100\n|\n|upkeep\n|turn|4\n|\n|t:|1698514192\n|switch|p1a: skelly|Eternatus|100\/100\n|-ability|p1a: skelly|Pressure\n|move|p2a: Tauros|Thunderbolt|p1a: skelly\n|-resisted|p1a: skelly\n|-damage|p1a: skelly|94\/100\n|\n|upkeep\n|turn|5\n|\n|t:|1698514202\n|move|p1a: skelly|Dynamax Cannon|p2a: Tauros\n|-damage|p2a: Tauros|0 fnt\n|faint|p2a: Tauros\n|-damage|p1a: skelly|84\/100|[from] item: Life Orb\n|\n|upkeep\n|\n|t:|1698514209\n|switch|p2a: Vileplume|Vileplume, M|100\/100\n|turn|6\n|\n|t:|1698514213\n|move|p1a: skelly|Dynamax Cannon|p2a: Vileplume\n|-damage|p2a: Vileplume|5\/100\n|-damage|p1a: skelly|74\/100|[from] item: Life Orb\n|move|p2a: Vileplume|Moonblast|p1a: skelly\n|-damage|p1a: skelly|49\/100\n|\n|upkeep\n|turn|7\n|\n|t:|1698514224\n|move|p1a: skelly|Draco Meteor|p2a: Vileplume\n|-damage|p2a: Vileplume|0 fnt\n|-unboost|p1a: skelly|spa|2\n|faint|p2a: Vileplume\n|-damage|p1a: skelly|39\/100|[from] item: Life Orb\n|\n|win|i'madragontype\n|raw|i&apos;madragontype's rating: 1001 &rarr; <strong>1041<\/strong><br \/>(+40 for winning)\n|raw|DinoToad's rating: 1000 &rarr; <strong>1000<\/strong><br \/>(+0 for losing)\n|l|\u2606DinoToad\n","uploadtime":1698514242,"views":5,"p1id":"imadragontype","p2id":"dinotoad","formatid":"gen9nationaldexubers","rating":1000,"private":0,"password":""}