{"id":"gen9nationaldexubers-1987058499","p1":"Chaitanya15","p2":"ultradexshot","format":"[Gen 9] National Dex Ubers","log":"|j|\u2606Chaitanya15\n|j|\u2606ultradexshot\n|t:|1699552676\n|gametype|singles\n|player|p1|Chaitanya15|101|1445\n|player|p2|ultradexshot|fisherman-gen4|1331\n|teamsize|p1|6\n|teamsize|p2|6\n|gen|9\n|tier|[Gen 9] National Dex Ubers\n|rated|\n|rule|HP Percentage Mod: HP is shown in percentages\n|rule|Endless Battle Clause: Forcing endless battles is banned\n|rule|OHKO Clause: OHKO moves are banned\n|rule|Evasion Moves Clause: Evasion moves are banned\n|rule|Evasion Items Clause: Evasion items are banned\n|rule|Species Clause: Limit one of each Pok\u00e9mon\n|rule|Sleep Clause Mod: Limit one foe put to sleep\n|rule|Mega Rayquaza Clause: You cannot mega evolve Rayquaza\n|clearpoke\n|poke|p1|Kingambit, F|\n|poke|p1|Basculegion, M|\n|poke|p1|Kyogre|\n|poke|p1|Flutter Mane|\n|poke|p1|Deoxys-Speed|\n|poke|p1|Groudon|\n|poke|p2|Kommo-o, M|\n|poke|p2|Manectric, M|\n|poke|p2|Marshadow|\n|poke|p2|Grimmsnarl, M|\n|poke|p2|Lugia|\n|poke|p2|Greninja-*, M|\n|teampreview\n|inactive|Battle timer is ON: inactive players will automatically lose when time's up. (requested by ultradexshot)\n|\n|t:|1699552687\n|start\n|switch|p1a: Flutter Mane|Flutter Mane|100\/100\n|switch|p2a: Grimmsnarl|Grimmsnarl, M, shiny|100\/100\n|-enditem|p1a: Flutter Mane|Booster Energy\n|-activate|p1a: Flutter Mane|ability: Protosynthesis|[fromitem]\n|-start|p1a: Flutter Mane|protosynthesisspe\n|turn|1\n|\n|t:|1699552696\n|move|p2a: Grimmsnarl|Light Screen|p2a: Grimmsnarl\n|-sidestart|p2: ultradexshot|move: Light Screen\n|move|p1a: Flutter Mane|Moonblast|p2a: Grimmsnarl\n|-supereffective|p2a: Grimmsnarl\n|-damage|p2a: Grimmsnarl|52\/100\n|-unboost|p2a: Grimmsnarl|spa|1\n|\n|upkeep\n|turn|2\n|\n|t:|1699552703\n|move|p2a: Grimmsnarl|Reflect|p2a: Grimmsnarl\n|-sidestart|p2: ultradexshot|Reflect\n|move|p1a: Flutter Mane|Moonblast|p2a: Grimmsnarl\n|-supereffective|p2a: Grimmsnarl\n|-damage|p2a: Grimmsnarl|8\/100\n|-unboost|p2a: Grimmsnarl|spa|1\n|\n|upkeep\n|turn|3\n|\n|t:|1699552712\n|move|p2a: Grimmsnarl|Thunder Wave|p1a: Flutter Mane\n|-status|p1a: Flutter Mane|par\n|move|p1a: Flutter Mane|Moonblast|p2a: Grimmsnarl\n|-supereffective|p2a: Grimmsnarl\n|-damage|p2a: Grimmsnarl|0 fnt\n|faint|p2a: Grimmsnarl\n|\n|upkeep\n|\n|t:|1699552724\n|switch|p2a: Greninja|Greninja, M|100\/100\n|turn|4\n|\n|t:|1699552729\n|move|p2a: Greninja|Dark Pulse|p1a: Flutter Mane\n|-damage|p1a: Flutter Mane|56\/100 par\n|cant|p1a: Flutter Mane|par\n|\n|upkeep\n|turn|5\n|\n|t:|1699552735\n|move|p2a: Greninja|Scald|p1a: Flutter Mane\n|-damage|p1a: Flutter Mane|15\/100 par\n|move|p1a: Flutter Mane|Moonblast|p2a: Greninja\n|-supereffective|p2a: Greninja\n|-damage|p2a: Greninja|17\/100\n|\n|upkeep\n|turn|6\n|\n|t:|1699552744\n|-end|p1a: Flutter Mane|Protosynthesis|[silent]\n|switch|p1a: Groudon|Groudon|100\/100\n|detailschange|p1a: Groudon|Groudon-Primal\n|-primal|p1a: Groudon|Red Orb\n|-weather|DesolateLand|[from] ability: Desolate Land|[of] p1a: Groudon\n|move|p2a: Greninja|Scald||[still]\n|-fail|p2a: Greninja|Scald|[from] Desolate Land\n|\n|-weather|DesolateLand|[upkeep]\n|upkeep\n|turn|7\n|\n|t:|1699552754\n|move|p2a: Greninja|Dark Pulse|p1a: Groudon\n|-crit|p1a: Groudon\n|-damage|p1a: Groudon|33\/100\n|move|p1a: Groudon|Rock Polish|p1a: Groudon\n|-boost|p1a: Groudon|spe|2\n|\n|-weather|DesolateLand|[upkeep]\n|upkeep\n|turn|8\n|c|\u2606ultradexshot|im loving these primal forms\n|\n|t:|1699552763\n|move|p1a: Groudon|Heat Crash|p2a: Greninja\n|-resisted|p2a: Greninja\n|-damage|p2a: Greninja|0 fnt\n|faint|p2a: Greninja\n|\n|-weather|DesolateLand|[upkeep]\n|-sideend|p2: ultradexshot|move: Light Screen\n|upkeep\n|\n|t:|1699552767\n|switch|p2a: Marshadow|Marshadow|100\/100\n|turn|9\n|\n|t:|1699552773\n|move|p1a: Groudon|Heat Crash|p2a: Marshadow\n|-damage|p2a: Marshadow|14\/100\n|move|p2a: Marshadow|Spectral Thief||[still]\n|-clearpositiveboost|p1a: Groudon|p2a: Marshadow|move: Spectral Thief\n|-boost|p2a: Marshadow|spe|2\n|-anim|p2a: Marshadow|Spectral Thief|p1a: Groudon\n|-damage|p1a: Groudon|2\/100\n|\n|-weather|DesolateLand|[upkeep]\n|-sideend|p2: ultradexshot|Reflect\n|upkeep\n|turn|10\n|\n|t:|1699552786\n|move|p2a: Marshadow|Spectral Thief|p1a: Groudon\n|-damage|p1a: Groudon|0 fnt\n|faint|p1a: Groudon\n|-weather|none\n|\n|upkeep\n|\n|t:|1699552794\n|switch|p1a: Deoxys|Deoxys-Speed|100\/100\n|-ability|p1a: Deoxys|Pressure\n|turn|11\n|\n|t:|1699552798\n|move|p2a: Marshadow|Shadow Sneak|p1a: Deoxys\n|-supereffective|p1a: Deoxys\n|-damage|p1a: Deoxys|17\/100\n|move|p1a: Deoxys|Psychic|p2a: Marshadow\n|-supereffective|p2a: Marshadow\n|-damage|p2a: Marshadow|0 fnt\n|faint|p2a: Marshadow\n|\n|upkeep\n|\n|t:|1699552804\n|switch|p2a: Manectric|Manectric, M, shiny|100\/100\n|turn|12\n|\n|t:|1699552808\n|detailschange|p2a: Manectric|Manectric-Mega, M, shiny\n|-mega|p2a: Manectric|Manectric|Manectite\n|-ability|p2a: Manectric|Intimidate|boost\n|-unboost|p1a: Deoxys|atk|1\n|move|p1a: Deoxys|Stealth Rock|p2a: Manectric\n|-sidestart|p2: ultradexshot|move: Stealth Rock\n|move|p2a: Manectric|Thunderbolt|p1a: Deoxys\n|-damage|p1a: Deoxys|0 fnt\n|faint|p1a: Deoxys\n|\n|upkeep\n|\n|t:|1699552819\n|switch|p1a: Kyogre|Kyogre|100\/100\n|-weather|RainDance|[from] ability: Drizzle|[of] p1a: Kyogre\n|turn|13\n|l|\u2606ultradexshot\n|inactive|ultradexshot disconnected and has a minute to reconnect!\n|player|p2|\n|j|\u2606ultradexshot\n|inactive|ultradexshot reconnected and has 125 seconds left.\n|player|p2|ultradexshot|fisherman-gen4\n|inactive|ultradexshot has 120 seconds left.\n|\n|t:|1699552850\n|-terastallize|p1a: Kyogre|Water\n|move|p1a: Kyogre|Water Spout|p2a: Manectric\n|-damage|p2a: Manectric|0 fnt\n|faint|p2a: Manectric\n|\n|-weather|RainDance|[upkeep]\n|upkeep\n|inactive|ultradexshot has 120 seconds left.\n|c|\u2606ultradexshot|...\n|c|\u2606ultradexshot|really\n|c|\u2606ultradexshot|water spout spam\n|\n|t:|1699552871\n|switch|p2a: Lugia|Lugia, shiny|100\/100\n|-damage|p2a: Lugia|76\/100|[from] Stealth Rock\n|turn|14\n|c|\u2606Chaitanya15|And choice scarf\n|\n|t:|1699552881\n|-terastallize|p2a: Lugia|Steel\n|move|p1a: Kyogre|Water Spout|p2a: Lugia\n|-damage|p2a: Lugia|0 fnt\n|faint|p2a: Lugia\n|\n|-weather|RainDance|[upkeep]\n|upkeep\n|c|\u2606ultradexshot|nah really\n|c|\u2606ultradexshot|i thought it was a choice band\n|\n|t:|1699552890\n|switch|p2a: Kommo-o|Kommo-o, M|100\/100\n|-damage|p2a: Kommo-o|94\/100|[from] Stealth Rock\n|turn|15\n|c|\u2606Chaitanya15|It would\u2019ve no way outsped manetric if it wasn\u2019t for scarf\n|\n|t:|1699552916\n|move|p1a: Kyogre|Water Spout|p2a: Kommo-o\n|-resisted|p2a: Kommo-o\n|-damage|p2a: Kommo-o|0 fnt\n|faint|p2a: Kommo-o\n|\n|win|Chaitanya15\n|raw|Chaitanya15's rating: 1445 &rarr; <strong>1459<\/strong><br \/>(+14 for winning)\n|raw|ultradexshot's rating: 1331 &rarr; <strong>1317<\/strong><br \/>(-14 for losing)\n|c|\u2606ultradexshot|no duh\n|c|\u2606Chaitanya15|Gg\n|c|\u2606ultradexshot|screw you\n|c|\u2606ultradexshot|and your legendary spam\n|l|\u2606ultradexshot\n","uploadtime":1699552938,"views":5,"p1id":"chaitanya15","p2id":"ultradexshot","formatid":"gen9nationaldexubers","rating":1317,"private":0,"password":""}