{"id":"gen9nationaldexubers-1997048455","p1":"Thicc_Arrow","p2":"Bauti124","format":"[Gen 9] National Dex Ubers","log":"|j|\u2606Thicc_Arrow\n|j|\u2606Bauti124\n|t:|1700759307\n|gametype|singles\n|player|p1|Thicc_Arrow|lance|1078\n|player|p2|Bauti124|byron|1049\n|teamsize|p1|6\n|teamsize|p2|6\n|gen|9\n|tier|[Gen 9] National Dex Ubers\n|rated|\n|rule|HP Percentage Mod: HP is shown in percentages\n|rule|Endless Battle Clause: Forcing endless battles is banned\n|rule|OHKO Clause: OHKO moves are banned\n|rule|Evasion Moves Clause: Evasion moves are banned\n|rule|Evasion Items Clause: Evasion items are banned\n|rule|Species Clause: Limit one of each Pok\u00e9mon\n|rule|Sleep Clause Mod: Limit one foe put to sleep\n|rule|Mega Rayquaza Clause: You cannot mega evolve Rayquaza\n|clearpoke\n|poke|p1|Metagross|\n|poke|p1|Rhyperior, M|\n|poke|p1|Decidueye, F|\n|poke|p1|Gyarados, M|\n|poke|p1|Volcarona, M|\n|poke|p1|Hydreigon, F|\n|poke|p2|Audino, F|\n|poke|p2|Toxapex, M|\n|poke|p2|Garganacl, M|\n|poke|p2|Dragapult, M|\n|poke|p2|Orthworm, M|\n|poke|p2|Volcarona, F|\n|teampreview\n|inactive|Battle timer is ON: inactive players will automatically lose when time's up. (requested by Thicc_Arrow)\n|\n|t:|1700759351\n|start\n|switch|p1a: Metagross|Metagross|100\/100\n|switch|p2a: Toxapex|Toxapex, M|100\/100\n|turn|1\n|\n|t:|1700759359\n|detailschange|p1a: Metagross|Metagross-Mega\n|-mega|p1a: Metagross|Metagross|Metagrossite\n|move|p1a: Metagross|Psycho Cut|p2a: Toxapex\n|-supereffective|p2a: Toxapex\n|-damage|p2a: Toxapex|55\/100\n|move|p2a: Toxapex|Toxic Spikes|p1a: Metagross\n|-sidestart|p1: Thicc_Arrow|move: Toxic Spikes\n|\n|-heal|p2a: Toxapex|61\/100|[from] item: Black Sludge\n|upkeep\n|turn|2\n|\n|t:|1700759370\n|move|p2a: Toxapex|Baneful Bunker|p2a: Toxapex\n|-singleturn|p2a: Toxapex|move: Protect\n|move|p1a: Metagross|Psycho Cut|p2a: Toxapex\n|-activate|p2a: Toxapex|move: Protect\n|\n|-heal|p2a: Toxapex|68\/100|[from] item: Black Sludge\n|upkeep\n|turn|3\n|\n|t:|1700759379\n|move|p1a: Metagross|Psycho Cut|p2a: Toxapex\n|-supereffective|p2a: Toxapex\n|-damage|p2a: Toxapex|18\/100\n|move|p2a: Toxapex|Recover|p2a: Toxapex\n|-heal|p2a: Toxapex|68\/100\n|\n|-heal|p2a: Toxapex|75\/100|[from] item: Black Sludge\n|upkeep\n|turn|4\n|\n|t:|1700759389\n|move|p2a: Toxapex|Baneful Bunker|p2a: Toxapex\n|-singleturn|p2a: Toxapex|move: Protect\n|move|p1a: Metagross|Psycho Cut|p2a: Toxapex\n|-activate|p2a: Toxapex|move: Protect\n|\n|-heal|p2a: Toxapex|81\/100|[from] item: Black Sludge\n|upkeep\n|turn|5\n|\n|t:|1700759397\n|move|p1a: Metagross|Psycho Cut|p2a: Toxapex\n|-supereffective|p2a: Toxapex\n|-damage|p2a: Toxapex|33\/100\n|move|p2a: Toxapex|Recover|p2a: Toxapex\n|-heal|p2a: Toxapex|83\/100\n|\n|-heal|p2a: Toxapex|90\/100|[from] item: Black Sludge\n|upkeep\n|turn|6\n|\n|t:|1700759406\n|move|p2a: Toxapex|Baneful Bunker|p2a: Toxapex\n|-singleturn|p2a: Toxapex|move: Protect\n|move|p1a: Metagross|Psycho Cut|p2a: Toxapex\n|-activate|p2a: Toxapex|move: Protect\n|\n|-heal|p2a: Toxapex|96\/100|[from] item: Black Sludge\n|upkeep\n|turn|7\n|\n|t:|1700759418\n|move|p1a: Metagross|Brick Break|p2a: Toxapex\n|-resisted|p2a: Toxapex\n|-damage|p2a: Toxapex|86\/100\n|move|p2a: Toxapex|Scald|p1a: Metagross\n|-damage|p1a: Metagross|83\/100\n|\n|-heal|p2a: Toxapex|92\/100|[from] item: Black Sludge\n|upkeep\n|turn|8\n|\n|t:|1700759428\n|move|p2a: Toxapex|Baneful Bunker|p2a: Toxapex\n|-singleturn|p2a: Toxapex|move: Protect\n|move|p1a: Metagross|Psycho Cut|p2a: Toxapex\n|-activate|p2a: Toxapex|move: Protect\n|\n|-heal|p2a: Toxapex|98\/100|[from] item: Black Sludge\n|upkeep\n|turn|9\n|\n|t:|1700759437\n|move|p1a: Metagross|Psycho Cut|p2a: Toxapex\n|-supereffective|p2a: Toxapex\n|-damage|p2a: Toxapex|53\/100\n|move|p2a: Toxapex|Scald|p1a: Metagross\n|-damage|p1a: Metagross|65\/100\n|\n|-heal|p2a: Toxapex|59\/100|[from] item: Black Sludge\n|upkeep\n|turn|10\n|\n|t:|1700759447\n|move|p2a: Toxapex|Baneful Bunker|p2a: Toxapex\n|-singleturn|p2a: Toxapex|move: Protect\n|move|p1a: Metagross|Psycho Cut|p2a: Toxapex\n|-activate|p2a: Toxapex|move: Protect\n|\n|-heal|p2a: Toxapex|65\/100|[from] item: Black Sludge\n|upkeep\n|turn|11\n|\n|t:|1700759456\n|move|p1a: Metagross|Psycho Cut|p2a: Toxapex\n|-supereffective|p2a: Toxapex\n|-crit|p2a: Toxapex\n|-damage|p2a: Toxapex|0 fnt\n|faint|p2a: Toxapex\n|\n|upkeep\n|\n|t:|1700759464\n|switch|p2a: Orthworm|Orthworm, M|100\/100\n|turn|12\n|\n|t:|1700759468\n|move|p1a: Metagross|Brick Break|p2a: Orthworm\n|-supereffective|p2a: Orthworm\n|-damage|p2a: Orthworm|60\/100\n|move|p2a: Orthworm|Shed Tail|p2a: Orthworm\n|-start|p2a: Orthworm|Substitute|[from] move: Shed Tail\n|-damage|p2a: Orthworm|10\/100\n|-enditem|p2a: Orthworm|Sitrus Berry|[eat]\n|-heal|p2a: Orthworm|34\/100|[from] item: Sitrus Berry\n|\n|t:|1700759478\n|switch|p2a: Dragapult|Dragapult, M|100\/100|[from] Shed Tail\n|\n|upkeep\n|turn|13\n|\n|t:|1700759484\n|move|p2a: Dragapult|Dragon Dance|p2a: Dragapult\n|-boost|p2a: Dragapult|atk|1\n|-boost|p2a: Dragapult|spe|1\n|move|p1a: Metagross|Ice Punch|p2a: Dragapult\n|-supereffective|p2a: Dragapult\n|-end|p2a: Dragapult|Substitute\n|\n|upkeep\n|turn|14\n|\n|t:|1700759496\n|move|p2a: Dragapult|Phantom Force||[still]\n|-prepare|p2a: Dragapult|Phantom Force\n|move|p1a: Metagross|Ice Punch|p2a: Dragapult|[miss]\n|-miss|p1a: Metagross|p2a: Dragapult\n|\n|upkeep\n|turn|15\n|\n|t:|1700759502\n|switch|p1a: Hydreigon|Hydreigon, F|100\/100\n|move|p2a: Dragapult|Phantom Force|p1a: Hydreigon|[from]lockedmove\n|-resisted|p1a: Hydreigon\n|-damage|p1a: Hydreigon|48\/100\n|-damage|p2a: Dragapult|91\/100|[from] item: Life Orb\n|\n|upkeep\n|turn|16\n|\n|t:|1700759515\n|-terastallize|p1a: Hydreigon|Steel\n|move|p2a: Dragapult|Dragon Darts|p1a: Hydreigon\n|-resisted|p1a: Hydreigon\n|-damage|p1a: Hydreigon|19\/100\n|-anim|p2a: Dragapult|Dragon Darts|p1a: Hydreigon\n|-resisted|p1a: Hydreigon\n|-damage|p1a: Hydreigon|0 fnt\n|faint|p1a: Hydreigon\n|-damage|p2a: Dragapult|81\/100|[from] item: Life Orb\n|\n|upkeep\n|\n|t:|1700759530\n|switch|p1a: Rhyperior|Rhyperior, M|100\/100\n|-status|p1a: Rhyperior|psn\n|turn|17\n|\n|t:|1700759545\n|move|p2a: Dragapult|Dragon Darts|p1a: Rhyperior\n|-damage|p1a: Rhyperior|68\/100 psn\n|-anim|p2a: Dragapult|Dragon Darts|p1a: Rhyperior\n|-damage|p1a: Rhyperior|37\/100 psn\n|-damage|p2a: Dragapult|71\/100|[from] item: Life Orb\n|move|p1a: Rhyperior|Heavy Slam|p2a: Dragapult\n|-damage|p2a: Dragapult|0 fnt\n|faint|p2a: Dragapult\n|\n|-damage|p1a: Rhyperior|25\/100 psn|[from] psn\n|upkeep\n|inactive|Bauti124 has 120 seconds left.\n|\n|t:|1700759571\n|switch|p2a: Orthworm|Orthworm, M|34\/100\n|turn|18\n|\n|t:|1700759577\n|move|p2a: Orthworm|Body Press|p1a: Rhyperior\n|-supereffective|p1a: Rhyperior\n|-damage|p1a: Rhyperior|0 fnt\n|faint|p1a: Rhyperior\n|\n|upkeep\n|\n|t:|1700759584\n|switch|p1a: Volcarona|Volcarona, M|100\/100\n|-status|p1a: Volcarona|psn\n|turn|19\n|inactive|Bauti124 has 120 seconds left.\n|\n|t:|1700759610\n|switch|p2a: Volcarona|Volcarona, F|100\/100\n|move|p1a: Volcarona|Quiver Dance|p1a: Volcarona\n|-boost|p1a: Volcarona|spa|1\n|-boost|p1a: Volcarona|spd|1\n|-boost|p1a: Volcarona|spe|1\n|\n|-damage|p1a: Volcarona|88\/100 psn|[from] psn\n|upkeep\n|turn|20\n|inactive|Bauti124 has 120 seconds left.\n|\n|t:|1700759621\n|move|p1a: Volcarona|Fiery Dance|p2a: Volcarona\n|-damage|p2a: Volcarona|21\/100\n|move|p2a: Volcarona|Quiver Dance|p2a: Volcarona\n|-boost|p2a: Volcarona|spa|1\n|-boost|p2a: Volcarona|spd|1\n|-boost|p2a: Volcarona|spe|1\n|\n|-damage|p1a: Volcarona|76\/100 psn|[from] psn\n|upkeep\n|turn|21\n|inactive|Bauti124 has 120 seconds left.\n|\n|t:|1700759635\n|move|p1a: Volcarona|Fiery Dance|p2a: Volcarona\n|-damage|p2a: Volcarona|0 fnt\n|faint|p2a: Volcarona\n|\n|-damage|p1a: Volcarona|64\/100 psn|[from] psn\n|upkeep\n|\n|t:|1700759642\n|switch|p2a: Garganacl|Garganacl, M|100\/100\n|turn|22\n|inactive|Bauti124 has 120 seconds left.\n|\n|t:|1700759650\n|move|p1a: Volcarona|Giga Drain|p2a: Garganacl\n|-supereffective|p2a: Garganacl\n|-damage|p2a: Garganacl|44\/100\n|-heal|p1a: Volcarona|100\/100 psn|[from] drain|[of] p2a: Garganacl\n|move|p2a: Garganacl|Salt Cure|p1a: Volcarona\n|-supereffective|p1a: Volcarona\n|-damage|p1a: Volcarona|16\/100 psn\n|-start|p1a: Volcarona|Salt Cure\n|\n|-heal|p2a: Garganacl|50\/100|[from] item: Leftovers\n|-damage|p1a: Volcarona|3\/100 psn|[from] psn\n|-damage|p1a: Volcarona|0 fnt|[from] Salt Cure\n|faint|p1a: Volcarona\n|upkeep\n|\n|t:|1700759662\n|switch|p1a: Decidueye|Decidueye, F|100\/100\n|-status|p1a: Decidueye|psn\n|turn|23\n|\n|t:|1700759669\n|move|p1a: Decidueye|Leaf Blade|p2a: Garganacl\n|-supereffective|p2a: Garganacl\n|-damage|p2a: Garganacl|0 fnt\n|faint|p2a: Garganacl\n|\n|-damage|p1a: Decidueye|88\/100 psn|[from] psn\n|upkeep\n|\n|t:|1700759677\n|switch|p2a: Orthworm|Orthworm, M|34\/100\n|turn|24\n|\n|t:|1700759682\n|move|p1a: Decidueye|Spirit Shackle|p2a: Orthworm\n|-damage|p2a: Orthworm|11\/100\n|-activate|p2a: Orthworm|trapped\n|move|p2a: Orthworm|Body Press|p1a: Decidueye\n|-immune|p1a: Decidueye\n|\n|-damage|p1a: Decidueye|76\/100 psn|[from] psn\n|upkeep\n|turn|25\n|\n|t:|1700759693\n|move|p1a: Decidueye|Spirit Shackle|p2a: Orthworm\n|-damage|p2a: Orthworm|0 fnt\n|faint|p2a: Orthworm\n|\n|-damage|p1a: Decidueye|64\/100 psn|[from] psn\n|upkeep\n|\n|t:|1700759700\n|switch|p2a: Audino|Audino, F|100\/100\n|turn|26\n|\n|t:|1700759706\n|detailschange|p2a: Audino|Audino-Mega, F\n|-mega|p2a: Audino|Audino|Audinite\n|move|p1a: Decidueye|Swords Dance|p1a: Decidueye\n|-boost|p1a: Decidueye|atk|2\n|move|p2a: Audino|Rest|p2a: Audino\n|-fail|p2a: Audino|heal\n|\n|-damage|p1a: Decidueye|51\/100 psn|[from] psn\n|upkeep\n|turn|27\n|\n|t:|1700759717\n|move|p1a: Decidueye|Leaf Blade|p2a: Audino\n|-damage|p2a: Audino|54\/100\n|move|p2a: Audino|Dazzling Gleam|p1a: Decidueye\n|-damage|p1a: Decidueye|31\/100 psn\n|\n|-damage|p1a: Decidueye|18\/100 psn|[from] psn\n|upkeep\n|turn|28\n|\n|t:|1700759727\n|move|p1a: Decidueye|Leaf Blade|p2a: Audino\n|-damage|p2a: Audino|9\/100\n|move|p2a: Audino|Rest|p2a: Audino\n|-status|p2a: Audino|slp|[from] move: Rest\n|-heal|p2a: Audino|100\/100 slp|[silent]\n|\n|-damage|p1a: Decidueye|6\/100 psn|[from] psn\n|upkeep\n|turn|29\n|\n|t:|1700759742\n|move|p1a: Decidueye|Defog|p2a: Audino\n|-unboost|p2a: Audino|evasion|1\n|-sideend|p1: Thicc_Arrow|Toxic Spikes|[from] move: Defog|[of] p1a: Decidueye\n|cant|p2a: Audino|slp\n|move|p2a: Audino|Sleep Talk|p2a: Audino\n|move|p2a: Audino|Rest||[from]move: Sleep Talk|[still]\n|-fail|p2a: Audino\n|\n|-damage|p1a: Decidueye|0 fnt|[from] psn\n|faint|p1a: Decidueye\n|upkeep\n|\n|t:|1700759751\n|switch|p1a: Metagross|Metagross-Mega|65\/100\n|turn|30\n|\n|t:|1700759762\n|move|p1a: Metagross|Brick Break|p2a: Audino\n|-damage|p2a: Audino|83\/100 slp\n|cant|p2a: Audino|slp\n|\n|upkeep\n|turn|31\n|\n|t:|1700759770\n|move|p1a: Metagross|Iron Head|p2a: Audino\n|-supereffective|p2a: Audino\n|-damage|p2a: Audino|24\/100 slp\n|-curestatus|p2a: Audino|slp|[msg]\n|move|p2a: Audino|Sleep Talk||[still]\n|-fail|p2a: Audino\n|\n|upkeep\n|turn|32\n|\n|t:|1700759778\n|move|p1a: Metagross|Iron Head|p2a: Audino\n|-supereffective|p2a: Audino\n|-damage|p2a: Audino|0 fnt\n|faint|p2a: Audino\n|\n|win|Thicc_Arrow\n|raw|Thicc_Arrow's rating: 1078 &rarr; <strong>1104<\/strong><br \/>(+26 for winning)\n|raw|Bauti124's rating: 1049 &rarr; <strong>1033<\/strong><br \/>(-16 for losing)\n|c|\u2606Thicc_Arrow|GGs\n|l|\u2606Bauti124\n","uploadtime":1700759793,"views":2,"p1id":"thiccarrow","p2id":"bauti124","formatid":"gen9nationaldexubers","rating":1033,"private":0,"password":""}