{"id":"gen9nationaldexubers-1999684759","p1":"Szymszym134","p2":"Soyeon is a cutie","format":"[Gen 9] National Dex Ubers","log":"|j|\u2606Szymszym134\n|j|\u2606Soyeon is a cutie\n|t:|1701107630\n|gametype|singles\n|player|p1|Szymszym134|elesa|1655\n|player|p2|Soyeon is a cutie|idol|1720\n|teamsize|p1|6\n|teamsize|p2|6\n|gen|9\n|tier|[Gen 9] National Dex Ubers\n|rated|\n|rule|HP Percentage Mod: HP is shown in percentages\n|rule|Endless Battle Clause: Forcing endless battles is banned\n|rule|OHKO Clause: OHKO moves are banned\n|rule|Evasion Moves Clause: Evasion moves are banned\n|rule|Evasion Items Clause: Evasion items are banned\n|rule|Species Clause: Limit one of each Pok\u00e9mon\n|rule|Sleep Clause Mod: Limit one foe put to sleep\n|rule|Mega Rayquaza Clause: You cannot mega evolve Rayquaza\n|clearpoke\n|poke|p1|Mewtwo|\n|poke|p1|Kingambit, M|\n|poke|p1|Garganacl, M|\n|poke|p1|Arceus-Ground|\n|poke|p1|Ditto|\n|poke|p1|Kyurem-Black|\n|poke|p2|Eternatus|\n|poke|p2|Ditto|\n|poke|p2|Ho-Oh|\n|poke|p2|Groudon|\n|poke|p2|Arceus-Water|\n|poke|p2|Yveltal|\n|teampreview\n|inactive|Battle timer is ON: inactive players will automatically lose when time's up. (requested by Szymszym134)\n|inactive|Soyeon is a cutie also wants the timer to be on.\n|\n|t:|1701107654\n|start\n|switch|p1a: Mewtwo|Mewtwo|100\/100\n|switch|p2a: Arceus|Arceus-Water|100\/100\n|-ability|p1a: Mewtwo|Unnerve\n|turn|1\n|\n|t:|1701107663\n|move|p1a: Mewtwo|Nasty Plot|p1a: Mewtwo\n|-boost|p1a: Mewtwo|spa|2\n|move|p2a: Arceus|Toxic|p1a: Mewtwo\n|-status|p1a: Mewtwo|tox\n|\n|-damage|p1a: Mewtwo|94\/100 tox|[from] psn\n|upkeep\n|turn|2\n|\n|t:|1701107668\n|switch|p2a: Yveltal|Yveltal, shiny|100\/100\n|-ability|p2a: Yveltal|Dark Aura\n|detailschange|p1a: Mewtwo|Mewtwo-Mega-Y\n|-mega|p1a: Mewtwo|Mewtwo|Mewtwonite Y\n|move|p1a: Mewtwo|Ice Beam|p2a: Yveltal\n|-supereffective|p2a: Yveltal\n|-damage|p2a: Yveltal|0 fnt\n|faint|p2a: Yveltal\n|\n|-damage|p1a: Mewtwo|82\/100 tox|[from] psn\n|upkeep\n|\n|t:|1701107673\n|switch|p2a: Ditto|Ditto, shiny|100\/100\n|-transform|p2a: Ditto|p1a: Mewtwo|[from] ability: Imposter\n|turn|3\n|\n|t:|1701107680\n|move|p2a: Ditto|Earth Power|p1a: Mewtwo\n|-damage|p1a: Mewtwo|14\/100 tox\n|-unboost|p1a: Mewtwo|spd|1\n|move|p1a: Mewtwo|Psystrike|p2a: Ditto\n|-resisted|p2a: Ditto\n|-damage|p2a: Ditto|10\/100\n|\n|-damage|p1a: Mewtwo|0 fnt|[from] psn\n|faint|p1a: Mewtwo\n|upkeep\n|\n|t:|1701107690\n|switch|p1a: Kingambit|Kingambit, M|100\/100\n|-activate|p1a: Kingambit|ability: Supreme Overlord\n|-start|p1a: Kingambit|fallen1|[silent]\n|turn|4\n|\n|t:|1701107693\n|switch|p2a: Groudon|Groudon|100\/100\n|detailschange|p2a: Groudon|Groudon-Primal\n|-primal|p2a: Groudon|Red Orb\n|-weather|DesolateLand|[from] ability: Desolate Land|[of] p2a: Groudon\n|move|p1a: Kingambit|Sucker Punch||[still]\n|-fail|p1a: Kingambit\n|\n|-weather|DesolateLand|[upkeep]\n|upkeep\n|turn|5\n|\n|t:|1701107697\n|-end|p1a: Kingambit|fallen1|[silent]\n|switch|p1a: Arceus|Arceus-Ground|100\/100\n|move|p2a: Groudon|Stealth Rock|p1a: Arceus\n|-sidestart|p1: Szymszym134|move: Stealth Rock\n|\n|-weather|DesolateLand|[upkeep]\n|upkeep\n|turn|6\n|\n|t:|1701107701\n|-weather|none\n|switch|p2a: Eternatus|Eternatus|100\/100\n|-ability|p2a: Eternatus|Pressure\n|move|p1a: Arceus|Toxic|p2a: Eternatus\n|-immune|p2a: Eternatus\n|\n|upkeep\n|turn|7\n|\n|t:|1701107705\n|switch|p2a: Arceus|Arceus-Water|100\/100\n|move|p1a: Arceus|Judgment|p2a: Arceus\n|-damage|p2a: Arceus|71\/100\n|\n|upkeep\n|turn|8\n|\n|t:|1701107707\n|move|p2a: Arceus|Taunt|p1a: Arceus\n|-start|p1a: Arceus|move: Taunt\n|cant|p1a: Arceus|move: Taunt|Defog\n|\n|upkeep\n|turn|9\n|\n|t:|1701107710\n|switch|p1a: Garganacl|Garganacl, M|100\/100\n|-damage|p1a: Garganacl|88\/100|[from] Stealth Rock\n|move|p2a: Arceus|Judgment|p1a: Garganacl\n|-supereffective|p1a: Garganacl\n|-damage|p1a: Garganacl|7\/100\n|\n|-heal|p1a: Garganacl|14\/100|[from] item: Leftovers\n|upkeep\n|turn|10\n|\n|t:|1701107713\n|move|p2a: Arceus|Judgment|p1a: Garganacl\n|-supereffective|p1a: Garganacl\n|-damage|p1a: Garganacl|0 fnt\n|faint|p1a: Garganacl\n|\n|upkeep\n|\n|t:|1701107714\n|switch|p1a: Kingambit|Kingambit, M|100\/100\n|-damage|p1a: Kingambit|94\/100|[from] Stealth Rock\n|-activate|p1a: Kingambit|ability: Supreme Overlord\n|-start|p1a: Kingambit|fallen2|[silent]\n|turn|11\n|\n|t:|1701107718\n|switch|p2a: Groudon|Groudon-Primal|100\/100\n|-weather|DesolateLand|[from] ability: Desolate Land|[of] p2a: Groudon\n|move|p1a: Kingambit|Swords Dance|p1a: Kingambit\n|-boost|p1a: Kingambit|atk|2\n|\n|-weather|DesolateLand|[upkeep]\n|upkeep\n|turn|12\n|\n|t:|1701107721\n|-terastallize|p1a: Kingambit|Dark\n|move|p1a: Kingambit|Sucker Punch|p2a: Groudon\n|-crit|p2a: Groudon\n|-damage|p2a: Groudon|0 fnt\n|faint|p2a: Groudon\n|-weather|none\n|\n|upkeep\n|\n|t:|1701107732\n|switch|p2a: Ditto|Ditto, shiny|10\/100\n|-transform|p2a: Ditto|p1a: Kingambit|[from] ability: Imposter\n|-activate|p2a: Ditto|ability: Supreme Overlord\n|-start|p2a: Ditto|fallen2|[silent]\n|-start|p2a: Ditto|typechange|Dark\/Steel|[silent]\n|turn|13\n|\n|t:|1701107736\n|move|p2a: Ditto|Sucker Punch|p1a: Kingambit\n|-resisted|p1a: Kingambit\n|-damage|p1a: Kingambit|56\/100\n|move|p1a: Kingambit|Sucker Punch||[still]\n|-fail|p1a: Kingambit\n|\n|upkeep\n|turn|14\n|\n|t:|1701107739\n|move|p2a: Ditto|Sucker Punch||[still]\n|-fail|p2a: Ditto\n|move|p1a: Kingambit|Swords Dance|p1a: Kingambit\n|-boost|p1a: Kingambit|atk|2\n|\n|upkeep\n|turn|15\n|\n|t:|1701107743\n|move|p2a: Ditto|Sucker Punch|p1a: Kingambit\n|-resisted|p1a: Kingambit\n|-damage|p1a: Kingambit|22\/100\n|move|p1a: Kingambit|Knock Off|p2a: Ditto\n|-resisted|p2a: Ditto\n|-damage|p2a: Ditto|0 fnt\n|-enditem|p2a: Ditto|Choice Scarf|[from] move: Knock Off|[of] p1a: Kingambit\n|faint|p2a: Ditto\n|-end|p2a: Ditto|fallen2|[silent]\n|\n|upkeep\n|\n|t:|1701107751\n|switch|p2a: Eternatus|Eternatus|100\/100\n|-ability|p2a: Eternatus|Pressure\n|turn|16\n|\n|t:|1701107753\n|move|p1a: Kingambit|Sucker Punch||[still]\n|-fail|p1a: Kingambit\n|move|p2a: Eternatus|Toxic Spikes|p1a: Kingambit\n|-sidestart|p1: Szymszym134|move: Toxic Spikes\n|\n|upkeep\n|turn|17\n|\n|t:|1701107755\n|move|p1a: Kingambit|Sucker Punch|p2a: Eternatus\n|-damage|p2a: Eternatus|0 fnt\n|faint|p2a: Eternatus\n|\n|upkeep\n|\n|t:|1701107760\n|switch|p2a: Arceus|Arceus-Water|71\/100\n|turn|18\n|\n|t:|1701107764\n|move|p2a: Arceus|Judgment|p1a: Kingambit\n|-damage|p1a: Kingambit|0 fnt\n|faint|p1a: Kingambit\n|-end|p1a: Kingambit|fallen2|[silent]\n|\n|upkeep\n|\n|t:|1701107769\n|switch|p1a: Kyurem|Kyurem-Black|100\/100\n|-damage|p1a: Kyurem|76\/100|[from] Stealth Rock\n|-status|p1a: Kyurem|psn\n|-ability|p1a: Kyurem|Teravolt\n|turn|19\n|\n|t:|1701107778\n|-terastallize|p2a: Arceus|Ground\n|move|p2a: Arceus|Judgment|p1a: Kyurem\n|-resisted|p1a: Kyurem\n|-damage|p1a: Kyurem|53\/100 psn\n|move|p1a: Kyurem|Dragon Dance|p1a: Kyurem\n|-boost|p1a: Kyurem|atk|1\n|-boost|p1a: Kyurem|spe|1\n|\n|-damage|p1a: Kyurem|41\/100 psn|[from] psn\n|upkeep\n|turn|20\n|\n|t:|1701107785\n|move|p1a: Kyurem|Icicle Spear|p2a: Arceus\n|-supereffective|p2a: Arceus\n|-damage|p2a: Arceus|28\/100\n|-supereffective|p2a: Arceus\n|-damage|p2a: Arceus|0 fnt\n|faint|p2a: Arceus\n|-hitcount|p2: Arceus|2\n|-damage|p1a: Kyurem|31\/100 psn|[from] item: Life Orb\n|\n|-damage|p1a: Kyurem|19\/100 psn|[from] psn\n|upkeep\n|\n|t:|1701107788\n|switch|p2a: Ho-Oh|Ho-Oh|100\/100\n|turn|21\n|\n|t:|1701107791\n|move|p1a: Kyurem|Fusion Bolt|p2a: Ho-Oh\n|-supereffective|p2a: Ho-Oh\n|-damage|p2a: Ho-Oh|0 fnt\n|faint|p2a: Ho-Oh\n|-damage|p1a: Kyurem|9\/100 psn|[from] item: Life Orb\n|\n|win|Szymszym134\n|raw|Szymszym134's rating: 1655 &rarr; <strong>1679<\/strong><br \/>(+24 for winning)\n|raw|Soyeon is a cutie's rating: 1720 &rarr; <strong>1696<\/strong><br \/>(-24 for losing)\n|l|\u2606Soyeon is a cutie\n","uploadtime":1701107807,"views":14,"p1id":"szymszym134","p2id":"soyeonisacutie","formatid":"gen9nationaldexubers","rating":1679,"private":0,"password":""}