{"id":"gen9nationaldexubers-1996395667","p1":"Just B3A$T","p2":"Razorgliscor472","format":"[Gen 9] National Dex Ubers","log":"|j|\u2606Just B3A$T\n|j|\u2606Razorgliscor472\n|t:|1700677985\n|gametype|singles\n|player|p1|Just B3A$T|noland|\n|player|p2|Razorgliscor472|170|\n|teamsize|p1|6\n|teamsize|p2|6\n|gen|9\n|tier|[Gen 9] National Dex Ubers\n|rule|HP Percentage Mod: HP is shown in percentages\n|rule|Endless Battle Clause: Forcing endless battles is banned\n|rule|OHKO Clause: OHKO moves are banned\n|rule|Evasion Moves Clause: Evasion moves are banned\n|rule|Evasion Items Clause: Evasion items are banned\n|rule|Species Clause: Limit one of each Pok\u00e9mon\n|rule|Sleep Clause Mod: Limit one foe put to sleep\n|rule|Mega Rayquaza Clause: You cannot mega evolve Rayquaza\n|clearpoke\n|poke|p1|Rillaboom, M|\n|poke|p1|Samurott-Hisui, M|\n|poke|p1|Diancie|\n|poke|p1|Gholdengo|\n|poke|p1|Alomomola, F|\n|poke|p1|Moltres|\n|poke|p2|Gastrodon, F|\n|poke|p2|Excadrill, F|\n|poke|p2|Zygarde|\n|poke|p2|Landorus-Therian, M|\n|poke|p2|Cresselia, F|\n|poke|p2|Ting-Lu|\n|teampreview\n|inactive|Battle timer is ON: inactive players will automatically lose when time's up. (requested by Just B3A$T)\n|c|\u2606Razorgliscor472|Glhf\n|c|\u2606Just B3A$T|u2\n|inactive|Just B3A$T has 270 seconds left.\n|inactive|Razorgliscor472 has 270 seconds left.\n|\n|t:|1700678032\n|start\n|switch|p1a: FEESH|Alomomola, F, shiny|100\/100\n|switch|p2a: Gastrodon|Gastrodon, F|100\/100\n|turn|1\n|\n|t:|1700678037\n|move|p1a: FEESH|Toxic|p2a: Gastrodon\n|-status|p2a: Gastrodon|tox\n|move|p2a: Gastrodon|Stealth Rock|p1a: FEESH\n|-sidestart|p1: Just B3A$T|move: Stealth Rock\n|\n|-damage|p2a: Gastrodon|94\/100 tox|[from] psn\n|upkeep\n|turn|2\n|\n|t:|1700678045\n|switch|p1a: budget Ho-oh|Moltres|100\/100\n|switch|p2a: Ting-Lu|Ting-Lu|100\/100\n|-ability|p2a: Ting-Lu|Vessel of Ruin\n|\n|upkeep\n|turn|3\n|\n|t:|1700678051\n|move|p1a: budget Ho-oh|Defog|p2a: Ting-Lu\n|-unboost|p2a: Ting-Lu|evasion|1\n|-sideend|p1: Just B3A$T|Stealth Rock|[from] move: Defog|[of] p1a: budget Ho-oh\n|move|p2a: Ting-Lu|Ruination|p1a: budget Ho-oh|[miss]\n|-miss|p2a: Ting-Lu|p1a: budget Ho-oh\n|\n|upkeep\n|turn|4\n|\n|t:|1700678054\n|move|p1a: budget Ho-oh|Hurricane|p2a: Ting-Lu\n|-damage|p2a: Ting-Lu|81\/100\n|move|p2a: Ting-Lu|Spikes|p1a: budget Ho-oh\n|-sidestart|p1: Just B3A$T|Spikes\n|\n|-heal|p2a: Ting-Lu|87\/100|[from] item: Leftovers\n|upkeep\n|turn|5\n|\n|t:|1700678058\n|move|p1a: budget Ho-oh|Defog|p2a: Ting-Lu\n|-unboost|p2a: Ting-Lu|evasion|1\n|-sideend|p1: Just B3A$T|Spikes|[from] move: Defog|[of] p1a: budget Ho-oh\n|move|p2a: Ting-Lu|Ruination|p1a: budget Ho-oh\n|-damage|p1a: budget Ho-oh|51\/100\n|\n|-heal|p2a: Ting-Lu|93\/100|[from] item: Leftovers\n|upkeep\n|turn|6\n|\n|t:|1700678067\n|move|p1a: budget Ho-oh|Roost|p1a: budget Ho-oh\n|-heal|p1a: budget Ho-oh|100\/100\n|-singleturn|p1a: budget Ho-oh|move: Roost\n|move|p2a: Ting-Lu|Spikes|p1a: budget Ho-oh\n|-sidestart|p1: Just B3A$T|Spikes\n|\n|-heal|p2a: Ting-Lu|99\/100|[from] item: Leftovers\n|upkeep\n|turn|7\n|\n|t:|1700678072\n|move|p1a: budget Ho-oh|Hurricane|p2a: Ting-Lu\n|-damage|p2a: Ting-Lu|82\/100\n|-start|p2a: Ting-Lu|confusion\n|-activate|p2a: Ting-Lu|confusion\n|move|p2a: Ting-Lu|Ruination|p1a: budget Ho-oh\n|-damage|p1a: budget Ho-oh|51\/100\n|\n|-heal|p2a: Ting-Lu|88\/100|[from] item: Leftovers\n|upkeep\n|turn|8\n|\n|t:|1700678076\n|switch|p2a: Zygarde|Zygarde|100\/100\n|-ability|p2a: Zygarde|Aura Break\n|move|p1a: budget Ho-oh|Roost|p1a: budget Ho-oh\n|-heal|p1a: budget Ho-oh|100\/100\n|-singleturn|p1a: budget Ho-oh|move: Roost\n|\n|upkeep\n|turn|9\n|\n|t:|1700678086\n|switch|p1a: FEESH|Alomomola, F, shiny|100\/100\n|-damage|p1a: FEESH|88\/100|[from] Spikes\n|move|p2a: Zygarde|Coil|p2a: Zygarde\n|-boost|p2a: Zygarde|atk|1\n|-boost|p2a: Zygarde|def|1\n|-boost|p2a: Zygarde|accuracy|1\n|\n|upkeep\n|turn|10\n|\n|t:|1700678089\n|move|p2a: Zygarde|Substitute|p2a: Zygarde\n|-start|p2a: Zygarde|Substitute\n|-damage|p2a: Zygarde|75\/100\n|move|p1a: FEESH|Toxic||[still]\n|-fail|p1a: FEESH\n|\n|-heal|p2a: Zygarde|82\/100|[from] item: Leftovers\n|upkeep\n|turn|11\n|\n|t:|1700678093\n|move|p2a: Zygarde|Coil|p2a: Zygarde\n|-boost|p2a: Zygarde|atk|1\n|-boost|p2a: Zygarde|def|1\n|-boost|p2a: Zygarde|accuracy|1\n|move|p1a: FEESH|Scald|p2a: Zygarde\n|-activate|p2a: Zygarde|move: Substitute|[damage]\n|\n|-heal|p2a: Zygarde|88\/100|[from] item: Leftovers\n|upkeep\n|turn|12\n|\n|t:|1700678097\n|move|p2a: Zygarde|Coil|p2a: Zygarde\n|-boost|p2a: Zygarde|atk|1\n|-boost|p2a: Zygarde|def|1\n|-boost|p2a: Zygarde|accuracy|1\n|move|p1a: FEESH|Scald|p2a: Zygarde\n|-activate|p2a: Zygarde|move: Substitute|[damage]\n|\n|-heal|p2a: Zygarde|94\/100|[from] item: Leftovers\n|upkeep\n|turn|13\n|\n|t:|1700678101\n|move|p2a: Zygarde|Glare|p1a: FEESH\n|-status|p1a: FEESH|par\n|move|p1a: FEESH|Wish|p1a: FEESH\n|\n|-heal|p2a: Zygarde|99\/100|[from] item: Leftovers\n|upkeep\n|turn|14\n|\n|t:|1700678104\n|move|p2a: Zygarde|Thousand Arrows|p1a: FEESH\n|-damage|p1a: FEESH|42\/100 par\n|move|p1a: FEESH|Scald|p2a: Zygarde\n|-end|p2a: Zygarde|Substitute\n|\n|-heal|p1a: FEESH|92\/100 par|[from] move: Wish|[wisher] FEESH\n|-heal|p2a: Zygarde|100\/100|[from] item: Leftovers\n|upkeep\n|turn|15\n|\n|t:|1700678108\n|move|p2a: Zygarde|Substitute|p2a: Zygarde\n|-start|p2a: Zygarde|Substitute\n|-damage|p2a: Zygarde|75\/100\n|move|p1a: FEESH|Scald|p2a: Zygarde\n|-activate|p2a: Zygarde|move: Substitute|[damage]\n|\n|-heal|p2a: Zygarde|82\/100|[from] item: Leftovers\n|upkeep\n|turn|16\n|\n|t:|1700678111\n|move|p2a: Zygarde|Thousand Arrows|p1a: FEESH\n|-damage|p1a: FEESH|47\/100 par\n|move|p1a: FEESH|Scald|p2a: Zygarde\n|-activate|p2a: Zygarde|move: Substitute|[damage]\n|\n|-heal|p2a: Zygarde|88\/100|[from] item: Leftovers\n|upkeep\n|turn|17\n|\n|t:|1700678114\n|move|p2a: Zygarde|Thousand Arrows|p1a: FEESH\n|-damage|p1a: FEESH|1\/100 par\n|cant|p1a: FEESH|par\n|\n|-heal|p2a: Zygarde|94\/100|[from] item: Leftovers\n|upkeep\n|turn|18\n|\n|t:|1700678126\n|switch|p1a: budget Ho-oh|Moltres|100\/100\n|move|p2a: Zygarde|Thousand Arrows|p1a: budget Ho-oh\n|-damage|p1a: budget Ho-oh|16\/100\n|-start|p1a: budget Ho-oh|Smack Down\n|\n|-heal|p2a: Zygarde|99\/100|[from] item: Leftovers\n|upkeep\n|turn|19\n|\n|t:|1700678131\n|move|p2a: Zygarde|Thousand Arrows|p1a: budget Ho-oh\n|-supereffective|p1a: budget Ho-oh\n|-damage|p1a: budget Ho-oh|0 fnt\n|faint|p1a: budget Ho-oh\n|\n|-heal|p2a: Zygarde|100\/100|[from] item: Leftovers\n|upkeep\n|c|\u2606Just B3A$T|yo\n|c|\u2606Just B3A$T|Zygarde is acting up\n|\n|t:|1700678152\n|switch|p1a: Profit!|Gholdengo|100\/100\n|-item|p1a: Profit!|Air Balloon\n|turn|20\n|\n|t:|1700678156\n|move|p2a: Zygarde|Thousand Arrows|p1a: Profit!\n|-supereffective|p1a: Profit!\n|-damage|p1a: Profit!|0 fnt\n|-enditem|p1a: Profit!|Air Balloon\n|faint|p1a: Profit!\n|\n|upkeep\n|c|\u2606Just B3A$T|sheesh\n|\n|t:|1700678161\n|switch|p1a: edge pro max|Samurott-Hisui, M, shiny|100\/100\n|-damage|p1a: edge pro max|88\/100|[from] Spikes\n|turn|21\n|c|\u2606Razorgliscor472|Bypasses Balloon\n|\n|t:|1700678166\n|move|p1a: edge pro max|Sacred Sword|p2a: Zygarde\n|-end|p2a: Zygarde|Substitute\n|move|p2a: Zygarde|Thousand Arrows|p1a: edge pro max\n|-damage|p1a: edge pro max|0 fnt\n|faint|p1a: edge pro max\n|\n|upkeep\n|\n|t:|1700678168\n|switch|p1a: Stone Ocean|Diancie, shiny|100\/100\n|-damage|p1a: Stone Ocean|88\/100|[from] Spikes\n|turn|22\n|c|\u2606Just B3A$T|tree\n|c|\u2606Just B3A$T|*true\n|\n|t:|1700678178\n|detailschange|p1a: Stone Ocean|Diancie-Mega, shiny\n|-mega|p1a: Stone Ocean|Diancie|Diancite\n|-terastallize|p2a: Zygarde|Steel\n|move|p1a: Stone Ocean|Moonblast|p2a: Zygarde\n|-resisted|p2a: Zygarde\n|-damage|p2a: Zygarde|82\/100\n|-unboost|p2a: Zygarde|spa|1\n|move|p2a: Zygarde|Thousand Arrows|p1a: Stone Ocean\n|-supereffective|p1a: Stone Ocean\n|-damage|p1a: Stone Ocean|0 fnt\n|faint|p1a: Stone Ocean\n|\n|-heal|p2a: Zygarde|88\/100|[from] item: Leftovers\n|upkeep\n|c|\u2606Just B3A$T|man\n|c|\u2606Razorgliscor472|Gg\n|c|\u2606Just B3A$T|gg\n|\n|t:|1700678188\n|switch|p1a: MONKE|Rillaboom, M|100\/100\n|-damage|p1a: MONKE|88\/100|[from] Spikes\n|-fieldstart|move: Grassy Terrain|[from] ability: Grassy Surge|[of] p1a: MONKE\n|turn|23\n|\n|t:|1700678200\n|move|p1a: MONKE|Drain Punch|p2a: Zygarde\n|-supereffective|p2a: Zygarde\n|-damage|p2a: Zygarde|67\/100\n|-heal|p1a: MONKE|100\/100|[from] drain|[of] p2a: Zygarde\n|-damage|p1a: MONKE|91\/100|[from] item: Life Orb\n|move|p2a: Zygarde|Thousand Arrows|p1a: MONKE\n|-resisted|p1a: MONKE\n|-damage|p1a: MONKE|42\/100\n|\n|-heal|p1a: MONKE|48\/100|[from] Grassy Terrain\n|-heal|p2a: Zygarde|74\/100|[from] Grassy Terrain\n|-heal|p2a: Zygarde|80\/100|[from] item: Leftovers\n|upkeep\n|turn|24\n|\n|t:|1700678209\n|move|p1a: MONKE|Drain Punch|p2a: Zygarde\n|-supereffective|p2a: Zygarde\n|-damage|p2a: Zygarde|60\/100\n|-heal|p1a: MONKE|59\/100|[from] drain|[of] p2a: Zygarde\n|-damage|p1a: MONKE|49\/100|[from] item: Life Orb\n|move|p2a: Zygarde|Thousand Arrows|p1a: MONKE\n|-resisted|p1a: MONKE\n|-damage|p1a: MONKE|3\/100\n|\n|-heal|p1a: MONKE|9\/100|[from] Grassy Terrain\n|-heal|p2a: Zygarde|67\/100|[from] Grassy Terrain\n|-heal|p2a: Zygarde|73\/100|[from] item: Leftovers\n|upkeep\n|turn|25\n|\n|t:|1700678215\n|move|p1a: MONKE|High Horsepower|p2a: Zygarde\n|-supereffective|p2a: Zygarde\n|-damage|p2a: Zygarde|48\/100\n|-damage|p1a: MONKE|0 fnt|[from] item: Life Orb\n|faint|p1a: MONKE\n|move|p2a: Zygarde|Thousand Arrows|p1: MONKE|[notarget]\n|-fail|p2a: Zygarde\n|\n|-heal|p2a: Zygarde|54\/100|[from] Grassy Terrain\n|-heal|p2a: Zygarde|61\/100|[from] item: Leftovers\n|upkeep\n|\n|t:|1700678217\n|switch|p1a: FEESH|Alomomola, F, shiny|35\/100 par\n|-damage|p1a: FEESH|22\/100 par|[from] Spikes\n|turn|26\n|\n|t:|1700678221\n|-terastallize|p1a: FEESH|Steel\n|move|p2a: Zygarde|Thousand Arrows|p1a: FEESH\n|-supereffective|p1a: FEESH\n|-damage|p1a: FEESH|0 fnt\n|faint|p1a: FEESH\n|\n|win|Razorgliscor472\n","uploadtime":1700678224,"views":6,"p1id":"justb3at","p2id":"razorgliscor472","formatid":"gen9nationaldexubers","rating":0,"private":0,"password":""}