{"id":"gen9nationaldexubers-1993768506","p1":"Vukes","p2":"aplestick","format":"[Gen 9] National Dex Ubers","log":"|j|\u2606Vukes\n|j|\u2606aplestick\n|t:|1700354986\n|gametype|singles\n|player|p1|Vukes|bellelba|\n|player|p2|aplestick|fisherman-gen4|\n|teamsize|p1|6\n|teamsize|p2|6\n|gen|9\n|tier|[Gen 9] National Dex Ubers\n|rule|HP Percentage Mod: HP is shown in percentages\n|rule|Endless Battle Clause: Forcing endless battles is banned\n|rule|OHKO Clause: OHKO moves are banned\n|rule|Evasion Moves Clause: Evasion moves are banned\n|rule|Evasion Items Clause: Evasion items are banned\n|rule|Species Clause: Limit one of each Pok\u00e9mon\n|rule|Sleep Clause Mod: Limit one foe put to sleep\n|rule|Mega Rayquaza Clause: You cannot mega evolve Rayquaza\n|clearpoke\n|poke|p1|Roaring Moon|\n|poke|p1|Torkoal, M|\n|poke|p1|Venusaur, M|\n|poke|p1|Landorus-Therian, M|\n|poke|p1|Slowking-Galar, F|\n|poke|p1|Dragonite, M|\n|poke|p2|Tapu Koko|\n|poke|p2|Annihilape, M|\n|poke|p2|Kleavor, F|\n|poke|p2|Flareon, M|\n|poke|p2|Veluza, M|\n|poke|p2|Aerodactyl, F|\n|teampreview\n|c|\u2606Vukes|You posting the link?\n|j| goobiathan\n|c| goobiathan|He did\n|c| goobiathan|Alright Stick youre gonna win with a 4-0\n|\n|t:|1700355043\n|start\n|switch|p1a: Landorus|Landorus-Therian, M|100\/100\n|switch|p2a: Kleavor|Kleavor, F|100\/100\n|-ability|p1a: Landorus|Intimidate|boost\n|-unboost|p2a: Kleavor|atk|1\n|turn|1\n|\n|t:|1700355063\n|switch|p2a: Flareon|Flareon, M|100\/100\n|move|p1a: Landorus|Knock Off|p2a: Flareon\n|-damage|p2a: Flareon|30\/100\n|-enditem|p2a: Flareon|Toxic Orb|[from] move: Knock Off|[of] p1a: Landorus\n|\n|upkeep\n|turn|2\n|\n|t:|1700355105\n|switch|p1a: Torkoal|Torkoal, M|100\/100\n|-weather|SunnyDay|[from] ability: Drought|[of] p1a: Torkoal\n|switch|p2a: Aerodactyl|Aerodactyl, F|100\/100\n|\n|-weather|SunnyDay|[upkeep]\n|upkeep\n|turn|3\n|\n|t:|1700355200\n|detailschange|p2a: Aerodactyl|Aerodactyl-Mega, F\n|-mega|p2a: Aerodactyl|Aerodactyl|Aerodactylite\n|move|p2a: Aerodactyl|Dragon Dance|p2a: Aerodactyl\n|-boost|p2a: Aerodactyl|atk|1\n|-boost|p2a: Aerodactyl|spe|1\n|move|p1a: Torkoal|Will-O-Wisp|p2a: Aerodactyl\n|-status|p2a: Aerodactyl|brn\n|\n|-weather|SunnyDay|[upkeep]\n|-damage|p2a: Aerodactyl|95\/100 brn|[from] brn\n|upkeep\n|turn|4\n|\n|t:|1700355209\n|switch|p1a: Landorus|Landorus-Therian, M|100\/100\n|-ability|p1a: Landorus|Intimidate|boost\n|-unboost|p2a: Aerodactyl|atk|1\n|move|p2a: Aerodactyl|Stone Edge|p1a: Landorus\n|-damage|p1a: Landorus|66\/100\n|\n|-weather|SunnyDay|[upkeep]\n|-damage|p2a: Aerodactyl|89\/100 brn|[from] brn\n|upkeep\n|turn|5\n|\n|t:|1700355220\n|move|p2a: Aerodactyl|Ice Fang|p1a: Landorus\n|-supereffective|p1a: Landorus\n|-damage|p1a: Landorus|0 fnt\n|faint|p1a: Landorus\n|\n|-weather|SunnyDay|[upkeep]\n|-damage|p2a: Aerodactyl|83\/100 brn|[from] brn\n|upkeep\n|\n|t:|1700355272\n|switch|p1a: Torkoal|Torkoal, M|100\/100\n|turn|6\n|j| The23rdPower\n|\n|t:|1700355320\n|move|p2a: Aerodactyl|Stone Edge|p1a: Torkoal\n|-supereffective|p1a: Torkoal\n|-damage|p1a: Torkoal|57\/100\n|move|p1a: Torkoal|Stealth Rock|p2a: Aerodactyl\n|-sidestart|p2: aplestick|move: Stealth Rock\n|\n|-weather|SunnyDay|[upkeep]\n|-damage|p2a: Aerodactyl|77\/100 brn|[from] brn\n|upkeep\n|turn|7\n|\n|t:|1700355331\n|switch|p1a: Slowking|Slowking-Galar, F|100\/100\n|move|p2a: Aerodactyl|Stone Edge|p1a: Slowking\n|-damage|p1a: Slowking|80\/100\n|\n|-weather|SunnyDay|[upkeep]\n|-damage|p2a: Aerodactyl|71\/100 brn|[from] brn\n|upkeep\n|turn|8\n|l| The23rdPower\n|\n|t:|1700355338\n|switch|p2a: Flareon|Flareon, M|30\/100\n|-damage|p2a: Flareon|6\/100|[from] Stealth Rock\n|move|p1a: Slowking|Future Sight|p2a: Flareon\n|-start|p1a: Slowking|move: Future Sight\n|\n|-weather|SunnyDay|[upkeep]\n|upkeep\n|turn|9\n|\n|t:|1700355358\n|move|p2a: Flareon|Dig||[still]\n|-prepare|p2a: Flareon|Dig\n|move|p1a: Slowking|Sludge Bomb|p2a: Flareon|[miss]\n|-miss|p1a: Slowking|p2a: Flareon\n|\n|-weather|none\n|upkeep\n|turn|10\n|\n|t:|1700355369\n|switch|p1a: Dragonite|Dragonite, M|100\/100\n|move|p2a: Flareon|Dig|p1a: Dragonite|[from]lockedmove\n|-immune|p1a: Dragonite\n|\n|-end|p2a: Flareon|move: Future Sight\n|-damage|p2a: Flareon|0 fnt\n|faint|p2a: Flareon\n|upkeep\n|\n|t:|1700355384\n|switch|p2a: Kleavor|Kleavor, F|100\/100\n|-damage|p2a: Kleavor|76\/100|[from] Stealth Rock\n|turn|11\n|\n|t:|1700355447\n|switch|p1a: Slowking|Slowking-Galar, F|100\/100\n|move|p2a: Kleavor|Stone Axe|p1a: Slowking\n|-damage|p1a: Slowking|56\/100\n|-sidestart|p1: Vukes|move: Stealth Rock\n|\n|upkeep\n|turn|12\n|\n|t:|1700355459\n|move|p2a: Kleavor|Stone Axe|p1a: Slowking\n|-damage|p1a: Slowking|4\/100\n|move|p1a: Slowking|Surf|p2a: Kleavor\n|-supereffective|p2a: Kleavor\n|-damage|p2a: Kleavor|2\/100\n|\n|upkeep\n|turn|13\n|\n|t:|1700355487\n|switch|p1a: Dragonite|Dragonite, M|100\/100\n|move|p2a: Kleavor|Fury Cutter|p1a: Dragonite|[miss]\n|-miss|p2a: Kleavor|p1a: Dragonite\n|\n|upkeep\n|turn|14\n|j| The23rdPower\n|j| mostgoodX\n|l| The23rdPower\n|\n|t:|1700355537\n|move|p2a: Kleavor|Fury Cutter|p1a: Dragonite\n|-resisted|p1a: Dragonite\n|-damage|p1a: Dragonite|93\/100\n|move|p1a: Dragonite|Dragon Dance|p1a: Dragonite\n|-boost|p1a: Dragonite|atk|1\n|-boost|p1a: Dragonite|spe|1\n|\n|upkeep\n|turn|15\n|\n|t:|1700355546\n|move|p1a: Dragonite|Extreme Speed|p2a: Kleavor\n|-resisted|p2a: Kleavor\n|-damage|p2a: Kleavor|0 fnt\n|faint|p2a: Kleavor\n|\n|upkeep\n|c| mostgoodX|oh BROTHER\n|\n|t:|1700355555\n|switch|p2a: Aerodactyl|Aerodactyl-Mega, F|71\/100 brn\n|-damage|p2a: Aerodactyl|46\/100 brn|[from] Stealth Rock\n|turn|16\n|c| mostgoodX|we need a ghost dragon that can counter dragonite next draft thing is way too powerful. I suggest giratina origin (:\n|\n|t:|1700355626\n|switch|p1a: Torkoal|Torkoal, M|57\/100\n|-damage|p1a: Torkoal|32\/100|[from] Stealth Rock\n|-weather|SunnyDay|[from] ability: Drought|[of] p1a: Torkoal\n|move|p2a: Aerodactyl|Ice Fang|p1a: Torkoal\n|-resisted|p1a: Torkoal\n|-damage|p1a: Torkoal|27\/100\n|\n|-weather|SunnyDay|[upkeep]\n|-damage|p2a: Aerodactyl|40\/100 brn|[from] brn\n|upkeep\n|turn|17\n|\n|t:|1700355634\n|move|p2a: Aerodactyl|Stone Edge|p1a: Torkoal\n|-supereffective|p1a: Torkoal\n|-crit|p1a: Torkoal\n|-damage|p1a: Torkoal|0 fnt\n|faint|p1a: Torkoal\n|\n|-weather|SunnyDay|[upkeep]\n|-damage|p2a: Aerodactyl|34\/100 brn|[from] brn\n|upkeep\n|\n|t:|1700355659\n|switch|p1a: Venusaur|Venusaur, M|100\/100\n|-damage|p1a: Venusaur|88\/100|[from] Stealth Rock\n|turn|18\n|\n|t:|1700355699\n|move|p1a: Venusaur|Sludge Bomb|p2a: Aerodactyl\n|-resisted|p2a: Aerodactyl\n|-damage|p2a: Aerodactyl|9\/100 brn\n|move|p2a: Aerodactyl|Dual Wingbeat|p1a: Venusaur\n|-supereffective|p1a: Venusaur\n|-damage|p1a: Venusaur|48\/100\n|-supereffective|p1a: Venusaur\n|-crit|p1a: Venusaur\n|-damage|p1a: Venusaur|0 fnt\n|faint|p1a: Venusaur\n|-hitcount|p1: Venusaur|2\n|\n|-weather|SunnyDay|[upkeep]\n|-damage|p2a: Aerodactyl|3\/100 brn|[from] brn\n|upkeep\n|c|\u2606aplestick|thats my goat\n|\n|t:|1700355732\n|switch|p1a: Dragonite|Dragonite, M|93\/100\n|turn|19\n|\n|t:|1700355780\n|move|p2a: Aerodactyl|Ice Fang|p1a: Dragonite\n|-supereffective|p1a: Dragonite\n|-damage|p1a: Dragonite|34\/100\n|move|p1a: Dragonite|Dragon Dance|p1a: Dragonite\n|-boost|p1a: Dragonite|atk|1\n|-boost|p1a: Dragonite|spe|1\n|\n|-weather|SunnyDay|[upkeep]\n|-damage|p2a: Aerodactyl|0 fnt|[from] brn\n|faint|p2a: Aerodactyl\n|upkeep\n|c| mostgoodX|that mf was burned\n|c|\u2606aplestick|goob will still hate\n|c| mostgoodX|true\n|c| goobiathan|Aero is ass\n|\n|t:|1700355827\n|switch|p2a: Annihilape|Annihilape, M|100\/100\n|-damage|p2a: Annihilape|94\/100|[from] Stealth Rock\n|turn|20\n|c| mostgoodX|you were right\n|c|\u2606Vukes|Burned and still a threat fuck that mon lmao\n|\n|t:|1700355842\n|move|p1a: Dragonite|Wing Attack|p2a: Annihilape\n|-supereffective|p2a: Annihilape\n|-damage|p2a: Annihilape|4\/100\n|move|p2a: Annihilape|Bulk Up|p2a: Annihilape\n|-boost|p2a: Annihilape|atk|1\n|-boost|p2a: Annihilape|def|1\n|\n|-weather|SunnyDay|[upkeep]\n|-heal|p2a: Annihilape|10\/100|[from] item: Leftovers\n|upkeep\n|turn|21\n|\n|t:|1700355851\n|move|p1a: Dragonite|Wing Attack|p2a: Annihilape\n|-supereffective|p2a: Annihilape\n|-damage|p2a: Annihilape|0 fnt\n|faint|p2a: Annihilape\n|\n|-weather|SunnyDay|[upkeep]\n|upkeep\n|\n|t:|1700355854\n|switch|p2a: Tapu Koko|Tapu Koko, shiny|100\/100\n|-damage|p2a: Tapu Koko|88\/100|[from] Stealth Rock\n|-fieldstart|move: Electric Terrain|[from] ability: Electric Surge|[of] p2a: Tapu Koko\n|turn|22\n|c| mostgoodX|o shit the custom sprite for koko is animated\n|c| mostgoodX|love these showdown fellas\n|\n|t:|1700355874\n|move|p1a: Dragonite|Extreme Speed|p2a: Tapu Koko\n|-damage|p2a: Tapu Koko|32\/100\n|move|p2a: Tapu Koko|Brave Bird|p1a: Dragonite\n|-damage|p1a: Dragonite|0 fnt\n|faint|p1a: Dragonite\n|-damage|p2a: Tapu Koko|17\/100|[from] Recoil\n|\n|-weather|SunnyDay|[upkeep]\n|upkeep\n|\n|t:|1700355884\n|switch|p1a: Slowking|Slowking-Galar, F|37\/100\n|-damage|p1a: Slowking|25\/100|[from] Stealth Rock\n|turn|23\n|c| mostgoodX|PHYSICAL KOKO WOOOOOOOOOOO\n|c| mostgoodX|MY GOATTTTTTTTTTT\n|\n|t:|1700355897\n|move|p2a: Tapu Koko|Iron Head|p1a: Slowking\n|-damage|p1a: Slowking|7\/100\n|cant|p1a: Slowking|flinch\n|\n|-weather|none\n|upkeep\n|turn|24\n|c| mostgoodX|pain\n|\n|t:|1700355909\n|move|p2a: Tapu Koko|Iron Head|p1a: Slowking\n|-damage|p1a: Slowking|0 fnt\n|faint|p1a: Slowking\n|\n|upkeep\n|\n|t:|1700355913\n|switch|p1a: Roaring Moon|Roaring Moon|100\/100\n|-damage|p1a: Roaring Moon|88\/100|[from] Stealth Rock\n|turn|25\n|c|\u2606Vukes|That seems quite unfortunate\n|\n|t:|1700355926\n|move|p2a: Tapu Koko|Brave Bird|p1a: Roaring Moon\n|-damage|p1a: Roaring Moon|35\/100\n|-damage|p2a: Tapu Koko|0 fnt|[from] Recoil\n|faint|p2a: Tapu Koko\n|move|p1a: Roaring Moon|Earthquake|p2: Tapu Koko|[notarget]\n|-fail|p1a: Roaring Moon\n|\n|upkeep\n|c|\u2606aplestick|for me\n|\n|t:|1700355933\n|switch|p2a: Joel|Veluza, M|100\/100\n|-damage|p2a: Joel|88\/100|[from] Stealth Rock\n|turn|26\n|c| mostgoodX|you don't have play rough\n|\n|t:|1700355939\n|move|p1a: Roaring Moon|Knock Off|p2a: Joel\n|-supereffective|p2a: Joel\n|-damage|p2a: Joel|0 fnt\n|-enditem|p2a: Joel|Sitrus Berry|[from] move: Knock Off|[of] p1a: Roaring Moon\n|faint|p2a: Joel\n|\n|win|Vukes\n|c| mostgoodX|:SOB:\n|l|\u2606Vukes\n|l| mostgoodX\n|j|\u2606Vukes\n|player|p1|Vukes|bellelba\n","uploadtime":1700355949,"views":37,"p1id":"vukes","p2id":"aplestick","formatid":"gen9nationaldexubers","rating":0,"private":0,"password":""}