{"id":"gen9nationaldexubers-1982287046","p1":"AlolanSandslashOU","p2":"Just B3A$T","format":"[Gen 9] National Dex Ubers","log":"|j|\u2606AlolanSandslashOU\n|j|\u2606Just B3A$T\n|t:|1698990273\n|gametype|singles\n|player|p1|AlolanSandslashOU|volkner|\n|player|p2|Just B3A$T|noland|\n|teamsize|p1|6\n|teamsize|p2|6\n|gen|9\n|tier|[Gen 9] National Dex Ubers\n|rule|HP Percentage Mod: HP is shown in percentages\n|rule|Endless Battle Clause: Forcing endless battles is banned\n|rule|OHKO Clause: OHKO moves are banned\n|rule|Evasion Moves Clause: Evasion moves are banned\n|rule|Evasion Items Clause: Evasion items are banned\n|rule|Species Clause: Limit one of each Pok\u00e9mon\n|rule|Sleep Clause Mod: Limit one foe put to sleep\n|rule|Mega Rayquaza Clause: You cannot mega evolve Rayquaza\n|clearpoke\n|poke|p1|Sneasler, M|\n|poke|p1|Greninja-*, F|\n|poke|p1|Zapdos|\n|poke|p1|Iron Moth|\n|poke|p1|Kartana|\n|poke|p1|Great Tusk|\n|poke|p2|Kartana|\n|poke|p2|Genesect-Douse|\n|poke|p2|Metagross|\n|poke|p2|Heatran, M|\n|poke|p2|Corviknight, M|\n|poke|p2|Galvantula, F|\n|teampreview\n|inactive|Battle timer is ON: inactive players will automatically lose when time's up. (requested by Just B3A$T)\n|c|\u2606Just B3A$T|Hm...\n|c|\u2606Just B3A$T|Taste my steeled fangs of vengeance!\n|inactive|Just B3A$T has 270 seconds left.\n|inactive|AlolanSandslashOU has 270 seconds left.\n|c|\u2606AlolanSandslashOU|That\u2019s so ass\n|\n|t:|1698990318\n|start\n|switch|p1a: Great Tusk|Great Tusk|100\/100\n|switch|p2a: AMAZO|Genesect-Douse, shiny|100\/100\n|-ability|p2a: AMAZO|Download|boost\n|-boost|p2a: AMAZO|spa|1\n|turn|1\n|c|\u2606Just B3A$T|no\n|\n|t:|1698990328\n|-end|p1a: Great Tusk|Protosynthesis|[silent]\n|switch|p1a: Greninja|Greninja, F|100\/100\n|move|p2a: AMAZO|Ice Beam|p1a: Greninja\n|-resisted|p1a: Greninja\n|-damage|p1a: Greninja|64\/100\n|\n|upkeep\n|turn|2\n|\n|t:|1698990341\n|move|p1a: Greninja|Surf|p2a: AMAZO\n|-start|p1a: Greninja|typechange|Water|[from] ability: Protean\n|-damage|p2a: AMAZO|23\/100\n|move|p2a: AMAZO|Shift Gear|p2a: AMAZO\n|-boost|p2a: AMAZO|spe|2\n|-boost|p2a: AMAZO|atk|1\n|\n|upkeep\n|turn|3\n|\n|t:|1698990349\n|switch|p1a: Zapdos|Zapdos|100\/100\n|move|p2a: AMAZO|Extreme Speed|p1a: Zapdos\n|-damage|p1a: Zapdos|68\/100\n|\n|-heal|p1a: Zapdos|74\/100|[from] item: Leftovers\n|upkeep\n|turn|4\n|\n|t:|1698990353\n|move|p2a: AMAZO|Ice Beam|p1a: Zapdos\n|-supereffective|p1a: Zapdos\n|-damage|p1a: Zapdos|0 fnt\n|faint|p1a: Zapdos\n|\n|upkeep\n|\n|t:|1698990366\n|switch|p1a: Greninja|Greninja, F|64\/100\n|turn|5\n|\n|t:|1698990369\n|move|p2a: AMAZO|Extreme Speed|p1a: Greninja\n|-damage|p1a: Greninja|12\/100\n|move|p1a: Greninja|Water Shuriken|p2a: AMAZO\n|-start|p1a: Greninja|typechange|Water|[from] ability: Protean\n|-damage|p2a: AMAZO|9\/100\n|-damage|p2a: AMAZO|0 fnt\n|faint|p2a: AMAZO\n|-hitcount|p2: AMAZO|2\n|\n|upkeep\n|c|\u2606AlolanSandslashOU|How tf did I live\n|c|\u2606Just B3A$T|idk\n|\n|t:|1698990386\n|switch|p2a: fast buge|Galvantula, F, shiny|100\/100\n|turn|6\n|\n|t:|1698990389\n|switch|p1a: Great Tusk|Great Tusk|100\/100\n|move|p2a: fast buge|Sticky Web|p1a: Great Tusk\n|-sidestart|p1: AlolanSandslashOU|move: Sticky Web\n|\n|upkeep\n|turn|7\n|\n|t:|1698990395\n|switch|p2a: Adamantite|Corviknight, M, shiny|100\/100\n|move|p1a: Great Tusk|Rapid Spin|p2a: Adamantite\n|-resisted|p2a: Adamantite\n|-damage|p2a: Adamantite|91\/100\n|-boost|p1a: Great Tusk|spe|1\n|-sideend|p1: AlolanSandslashOU|Sticky Web|[from] move: Rapid Spin|[of] p1a: Great Tusk\n|\n|-heal|p2a: Adamantite|97\/100|[from] item: Leftovers\n|upkeep\n|turn|8\n|\n|t:|1698990398\n|move|p1a: Great Tusk|Knock Off|p2a: Adamantite\n|-damage|p2a: Adamantite|60\/100\n|-enditem|p2a: Adamantite|Leftovers|[from] move: Knock Off|[of] p1a: Great Tusk\n|move|p2a: Adamantite|Agility|p2a: Adamantite\n|-boost|p2a: Adamantite|spe|2\n|\n|upkeep\n|turn|9\n|c|\u2606AlolanSandslashOU|What\u2019s your ban\n|c|\u2606Just B3A$T|z\n|\n|t:|1698990420\n|move|p2a: Adamantite|Bulk Up|p2a: Adamantite\n|-boost|p2a: Adamantite|atk|1\n|-boost|p2a: Adamantite|def|1\n|move|p1a: Great Tusk|Close Combat|p2a: Adamantite\n|-damage|p2a: Adamantite|13\/100\n|-unboost|p1a: Great Tusk|def|1\n|-unboost|p1a: Great Tusk|spd|1\n|\n|upkeep\n|turn|10\n|\n|t:|1698990425\n|-end|p1a: Great Tusk|Protosynthesis|[silent]\n|switch|p1a: Iron Moth|Iron Moth|100\/100\n|-enditem|p1a: Iron Moth|Booster Energy\n|-activate|p1a: Iron Moth|ability: Quark Drive|[fromitem]\n|-start|p1a: Iron Moth|quarkdrivespe\n|move|p2a: Adamantite|Brave Bird|p1a: Iron Moth\n|-damage|p1a: Iron Moth|0 fnt\n|faint|p1a: Iron Moth\n|-end|p1a: Iron Moth|Quark Drive|[silent]\n|-damage|p2a: Adamantite|0 fnt|[from] Recoil\n|faint|p2a: Adamantite\n|\n|upkeep\n|c|\u2606Just B3A$T|welp\n|c|\u2606AlolanSandslashOU|FUCKK\n|c|\u2606AlolanSandslashOU|i expected roost\n|c|\u2606Just B3A$T|i never roost\n|c|\u2606AlolanSandslashOU|I see that dimwit\n|inactive|AlolanSandslashOU has 270 seconds left.\n|c|\u2606Just B3A$T|true\n|\n|t:|1698990460\n|switch|p1a: Great Tusk|Great Tusk|100\/100\n|switch|p2a: fast buge|Galvantula, F, shiny|100\/100\n|turn|11\n|\n|t:|1698990478\n|move|p2a: fast buge|Toxic|p1a: Great Tusk\n|-status|p1a: Great Tusk|tox\n|move|p1a: Great Tusk|Rapid Spin|p2a: fast buge\n|-damage|p2a: fast buge|74\/100\n|-boost|p1a: Great Tusk|spe|1\n|\n|-damage|p1a: Great Tusk|94\/100 tox|[from] psn\n|upkeep\n|turn|12\n|\n|t:|1698990483\n|move|p2a: fast buge|Sticky Web|p1a: Great Tusk\n|-sidestart|p1: AlolanSandslashOU|move: Sticky Web\n|move|p1a: Great Tusk|Rapid Spin|p2a: fast buge\n|-crit|p2a: fast buge\n|-damage|p2a: fast buge|32\/100\n|-boost|p1a: Great Tusk|spe|1\n|-sideend|p1: AlolanSandslashOU|Sticky Web|[from] move: Rapid Spin|[of] p1a: Great Tusk\n|\n|-damage|p1a: Great Tusk|82\/100 tox|[from] psn\n|upkeep\n|turn|13\n|\n|t:|1698990493\n|move|p1a: Great Tusk|Knock Off|p2a: fast buge\n|-damage|p2a: fast buge|0 fnt\n|-enditem|p2a: fast buge|Focus Sash|[from] move: Knock Off|[of] p1a: Great Tusk\n|faint|p2a: fast buge\n|\n|-damage|p1a: Great Tusk|64\/100 tox|[from] psn\n|upkeep\n|\n|t:|1698990510\n|switch|p2a: the worst papercut|Kartana, shiny|100\/100\n|turn|14\n|\n|t:|1698990514\n|-terastallize|p2a: the worst papercut|Ghost\n|move|p1a: Great Tusk|Close Combat|p2a: the worst papercut\n|-immune|p2a: the worst papercut\n|move|p2a: the worst papercut|Leaf Blade|p1a: Great Tusk\n|-supereffective|p1a: Great Tusk\n|-crit|p1a: Great Tusk\n|-damage|p1a: Great Tusk|0 fnt\n|faint|p1a: Great Tusk\n|-end|p1a: Great Tusk|Protosynthesis|[silent]\n|-ability|p2a: the worst papercut|Beast Boost|boost\n|-boost|p2a: the worst papercut|atk|1\n|-damage|p2a: the worst papercut|91\/100|[from] item: Life Orb\n|\n|upkeep\n|\n|t:|1698990523\n|switch|p1a: Kartana|Kartana|100\/100\n|turn|15\n|\n|t:|1698990538\n|-terastallize|p1a: Kartana|Fighting\n|move|p1a: Kartana|Knock Off|p2a: the worst papercut\n|-supereffective|p2a: the worst papercut\n|-damage|p2a: the worst papercut|0 fnt\n|-enditem|p2a: the worst papercut|Life Orb|[from] move: Knock Off|[of] p1a: Kartana\n|faint|p2a: the worst papercut\n|-ability|p1a: Kartana|Beast Boost|boost\n|-boost|p1a: Kartana|atk|1\n|\n|upkeep\n|\n|t:|1698990547\n|switch|p2a: Crimson|Heatran, M, shiny|100\/100\n|turn|16\n|\n|t:|1698990551\n|move|p1a: Kartana|Knock Off|p2a: Crimson\n|-damage|p2a: Crimson|31\/100\n|-enditem|p2a: Crimson|Assault Vest|[from] move: Knock Off|[of] p1a: Kartana\n|move|p2a: Crimson|Lava Plume|p1a: Kartana\n|-damage|p1a: Kartana|0 fnt\n|faint|p1a: Kartana\n|\n|upkeep\n|\n|t:|1698990553\n|switch|p1a: Greninja|Greninja, F|12\/100\n|turn|17\n|\n|t:|1698990560\n|move|p1a: Greninja|Water Shuriken|p2a: Crimson\n|-start|p1a: Greninja|typechange|Water|[from] ability: Protean\n|-supereffective|p2a: Crimson\n|-damage|p2a: Crimson|9\/100\n|-supereffective|p2a: Crimson\n|-damage|p2a: Crimson|0 fnt\n|faint|p2a: Crimson\n|-hitcount|p2: Crimson|2\n|\n|upkeep\n|\n|t:|1698990562\n|switch|p2a: Arachnotron|Metagross, shiny|100\/100\n|turn|18\n|c|\u2606Just B3A$T|well\n|c|\u2606Just B3A$T|gg\n|\n|t:|1698990570\n|move|p1a: Greninja|Water Shuriken|p2a: Arachnotron\n|-damage|p2a: Arachnotron|88\/100\n|-damage|p2a: Arachnotron|76\/100\n|-damage|p2a: Arachnotron|63\/100\n|-hitcount|p2a: Arachnotron|3\n|move|p2a: Arachnotron|Psycho Cut|p1a: Greninja\n|-damage|p1a: Greninja|0 fnt\n|faint|p1a: Greninja\n|\n|upkeep\n|\n|t:|1698990576\n|switch|p1a: Sneasler|Sneasler, M|100\/100\n|turn|19\n|\n|t:|1698990578\n|move|p1a: Sneasler|Night Slash|p2a: Arachnotron\n|-supereffective|p2a: Arachnotron\n|-crit|p2a: Arachnotron\n|-damage|p2a: Arachnotron|0 fnt\n|faint|p2a: Arachnotron\n|\n|win|AlolanSandslashOU\n|c|\u2606AlolanSandslashOU|Ggs\n|c|\u2606Just B3A$T|probably mattered\n|c|\u2606Just B3A$T|but all g\n|c|\u2606AlolanSandslashOU|maybe\n","uploadtime":1698990600,"views":9,"p1id":"alolansandslashou","p2id":"justb3at","formatid":"gen9nationaldexubers","rating":0,"private":0,"password":""}