{"id":"gen9nationaldexubers-1984345592","p1":"CringeWeirdo02","p2":"omega7050","format":"[Gen 9] National Dex Ubers","log":"|j|\u2606CringeWeirdo02\n|j|\u2606omega7050\n|t:|1699246967\n|gametype|singles\n|player|p1|CringeWeirdo02|larry|1196\n|player|p2|omega7050|ingo|1311\n|teamsize|p1|6\n|teamsize|p2|6\n|gen|9\n|tier|[Gen 9] National Dex Ubers\n|rated|\n|rule|HP Percentage Mod: HP is shown in percentages\n|rule|Endless Battle Clause: Forcing endless battles is banned\n|rule|OHKO Clause: OHKO moves are banned\n|rule|Evasion Moves Clause: Evasion moves are banned\n|rule|Evasion Items Clause: Evasion items are banned\n|rule|Species Clause: Limit one of each Pok\u00e9mon\n|rule|Sleep Clause Mod: Limit one foe put to sleep\n|rule|Mega Rayquaza Clause: You cannot mega evolve Rayquaza\n|clearpoke\n|poke|p1|Clamperl, M|\n|poke|p1|Galvantula, M|\n|poke|p1|Grimmsnarl, M|\n|poke|p1|Chansey, F|\n|poke|p1|Victini|\n|poke|p1|Mawile, M|\n|poke|p2|Shuckle, M|\n|poke|p2|Regieleki|\n|poke|p2|Kingambit, M|\n|poke|p2|Melmetal|\n|poke|p2|Genesect-Douse|\n|poke|p2|Skeledirge, F|\n|teampreview\n|inactive|Battle timer is ON: inactive players will automatically lose when time's up. (requested by CringeWeirdo02)\n|\n|t:|1699246980\n|start\n|switch|p1a: John Wilkes Booth|Victini|100\/100\n|switch|p2a: Skeledirge|Skeledirge, F|100\/100\n|turn|1\n|\n|t:|1699246986\n|move|p1a: John Wilkes Booth|Trick|p2a: Skeledirge\n|-activate|p1a: John Wilkes Booth|move: Trick|[of] p2a: Skeledirge\n|-item|p2a: Skeledirge|Choice Scarf|[from] move: Trick\n|-item|p1a: John Wilkes Booth|Covert Cloak|[from] move: Trick\n|move|p2a: Skeledirge|Torch Song|p1a: John Wilkes Booth\n|-resisted|p1a: John Wilkes Booth\n|-damage|p1a: John Wilkes Booth|88\/100\n|-boost|p2a: Skeledirge|spa|1\n|\n|upkeep\n|turn|2\n|\n|t:|1699247001\n|switch|p1a: Egg Woman|Chansey, F, shiny|100\/100\n|move|p2a: Skeledirge|Torch Song|p1a: Egg Woman\n|-damage|p1a: Egg Woman|91\/100\n|-boost|p2a: Skeledirge|spa|1\n|\n|upkeep\n|turn|3\n|\n|t:|1699247008\n|switch|p2a: Shuckle|Shuckle, M|100\/100\n|move|p1a: Egg Woman|Thunder Wave|p2a: Shuckle\n|-status|p2a: Shuckle|par\n|\n|upkeep\n|turn|4\n|\n|t:|1699247018\n|switch|p1a: The Magic Conch|Clamperl, M, shiny|100\/100\n|cant|p2a: Shuckle|par\n|\n|upkeep\n|turn|5\n|\n|t:|1699247023\n|move|p1a: The Magic Conch|Shell Smash|p1a: The Magic Conch\n|-unboost|p1a: The Magic Conch|def|1\n|-unboost|p1a: The Magic Conch|spd|1\n|-boost|p1a: The Magic Conch|atk|2\n|-boost|p1a: The Magic Conch|spa|2\n|-boost|p1a: The Magic Conch|spe|2\n|move|p2a: Shuckle|Toxic|p1a: The Magic Conch\n|-status|p1a: The Magic Conch|tox\n|\n|-damage|p1a: The Magic Conch|94\/100 tox|[from] psn\n|upkeep\n|turn|6\n|\n|t:|1699247034\n|move|p1a: The Magic Conch|Surf|p2a: Shuckle\n|-supereffective|p2a: Shuckle\n|-ability|p2a: Shuckle|Sturdy\n|-damage|p2a: Shuckle|1\/100 par\n|move|p2a: Shuckle|Stealth Rock|p1a: The Magic Conch\n|-sidestart|p1: CringeWeirdo02|move: Stealth Rock\n|\n|-damage|p1a: The Magic Conch|82\/100 tox|[from] psn\n|upkeep\n|turn|7\n|-enditem|p2a: Shuckle|Custap Berry|[eat]\n|-activate|p2a: Shuckle|item: Custap Berry|[consumed]\n|\n|t:|1699247044\n|move|p2a: Shuckle|Sticky Web|p1a: The Magic Conch\n|-sidestart|p1: CringeWeirdo02|move: Sticky Web\n|move|p1a: The Magic Conch|Shell Smash|p1a: The Magic Conch\n|-unboost|p1a: The Magic Conch|def|1\n|-unboost|p1a: The Magic Conch|spd|1\n|-boost|p1a: The Magic Conch|atk|2\n|-boost|p1a: The Magic Conch|spa|2\n|-boost|p1a: The Magic Conch|spe|2\n|\n|-damage|p1a: The Magic Conch|64\/100 tox|[from] psn\n|upkeep\n|turn|8\n|\n|t:|1699247055\n|move|p1a: The Magic Conch|Shell Smash|p1a: The Magic Conch\n|-unboost|p1a: The Magic Conch|def|1\n|-unboost|p1a: The Magic Conch|spd|1\n|-boost|p1a: The Magic Conch|atk|2\n|-boost|p1a: The Magic Conch|spa|2\n|-boost|p1a: The Magic Conch|spe|2\n|cant|p2a: Shuckle|par\n|\n|-damage|p1a: The Magic Conch|39\/100 tox|[from] psn\n|upkeep\n|turn|9\n|\n|t:|1699247063\n|move|p1a: The Magic Conch|Surf|p2a: Shuckle\n|-supereffective|p2a: Shuckle\n|-damage|p2a: Shuckle|0 fnt\n|faint|p2a: Shuckle\n|\n|-damage|p1a: The Magic Conch|8\/100 tox|[from] psn\n|upkeep\n|\n|t:|1699247070\n|switch|p2a: Kingambit|Kingambit, M|100\/100\n|-activate|p2a: Kingambit|ability: Supreme Overlord\n|-start|p2a: Kingambit|fallen1|[silent]\n|turn|10\n|\n|t:|1699247099\n|move|p2a: Kingambit|Sucker Punch|p1a: The Magic Conch\n|-damage|p1a: The Magic Conch|0 fnt\n|faint|p1a: The Magic Conch\n|\n|upkeep\n|\n|t:|1699247103\n|switch|p1a: John Wilkes Booth|Victini|88\/100\n|-damage|p1a: John Wilkes Booth|63\/100|[from] Stealth Rock\n|-activate|p1a: John Wilkes Booth|move: Sticky Web\n|-unboost|p1a: John Wilkes Booth|spe|1\n|turn|11\n|\n|t:|1699247110\n|-end|p2a: Kingambit|fallen1|[silent]\n|switch|p2a: Skeledirge|Skeledirge, F|100\/100\n|move|p1a: John Wilkes Booth|Final Gambit|p2a: Skeledirge\n|-immune|p2a: Skeledirge\n|\n|upkeep\n|turn|12\n|\n|t:|1699247120\n|move|p2a: Skeledirge|Torch Song|p1a: John Wilkes Booth\n|-resisted|p1a: John Wilkes Booth\n|-damage|p1a: John Wilkes Booth|49\/100\n|-boost|p2a: Skeledirge|spa|1\n|move|p1a: John Wilkes Booth|Bolt Strike|p2a: Skeledirge\n|-damage|p2a: Skeledirge|74\/100\n|-status|p2a: Skeledirge|par\n|\n|upkeep\n|turn|13\n|\n|t:|1699247130\n|switch|p1a: El Goblino|Grimmsnarl, M|100\/100\n|-damage|p1a: El Goblino|88\/100|[from] Stealth Rock\n|-activate|p1a: El Goblino|move: Sticky Web\n|-unboost|p1a: El Goblino|spe|1\n|move|p2a: Skeledirge|Torch Song|p1a: El Goblino\n|-damage|p1a: El Goblino|45\/100\n|-boost|p2a: Skeledirge|spa|1\n|\n|upkeep\n|turn|14\n|\n|t:|1699247139\n|move|p1a: El Goblino|Light Screen|p1a: El Goblino\n|-sidestart|p1: CringeWeirdo02|move: Light Screen\n|cant|p2a: Skeledirge|par\n|\n|upkeep\n|turn|15\n|\n|t:|1699247143\n|move|p1a: El Goblino|Reflect|p1a: El Goblino\n|-sidestart|p1: CringeWeirdo02|Reflect\n|cant|p2a: Skeledirge|par\n|\n|upkeep\n|turn|16\n|\n|t:|1699247147\n|move|p1a: El Goblino|Parting Shot|p2a: Skeledirge\n|-unboost|p2a: Skeledirge|atk|1\n|-unboost|p2a: Skeledirge|spa|1\n|\n|t:|1699247151\n|switch|p1a: Spiderman|Galvantula, M, shiny|100\/100|[from] Parting Shot\n|-damage|p1a: Spiderman|76\/100|[from] Stealth Rock\n|-activate|p1a: Spiderman|move: Sticky Web\n|-unboost|p1a: Spiderman|spe|1\n|move|p2a: Skeledirge|Torch Song|p1a: Spiderman\n|-supereffective|p1a: Spiderman\n|-crit|p1a: Spiderman\n|-damage|p1a: Spiderman|0 fnt\n|-boost|p2a: Skeledirge|spa|1\n|faint|p1a: Spiderman\n|\n|upkeep\n|\n|t:|1699247161\n|switch|p1a: Hungri Hair|Mawile, M, shiny|100\/100\n|-damage|p1a: Hungri Hair|94\/100|[from] Stealth Rock\n|-activate|p1a: Hungri Hair|move: Sticky Web\n|-unboost|p1a: Hungri Hair|spe|1\n|-ability|p1a: Hungri Hair|Intimidate|boost\n|-unboost|p2a: Skeledirge|atk|1\n|turn|17\n|\n|t:|1699247171\n|switch|p2a: Genesect|Genesect-Douse|100\/100\n|-ability|p2a: Genesect|Download|boost\n|-boost|p2a: Genesect|spa|1\n|detailschange|p1a: Hungri Hair|Mawile-Mega, M, shiny\n|-mega|p1a: Hungri Hair|Mawile|Mawilite\n|move|p1a: Hungri Hair|Sucker Punch||[still]\n|-fail|p1a: Hungri Hair\n|\n|upkeep\n|turn|18\n|\n|t:|1699247180\n|move|p2a: Genesect|Flamethrower|p1a: Hungri Hair\n|-supereffective|p1a: Hungri Hair\n|-damage|p1a: Hungri Hair|42\/100\n|move|p1a: Hungri Hair|Swords Dance|p1a: Hungri Hair\n|-boost|p1a: Hungri Hair|atk|2\n|\n|upkeep\n|turn|19\n|\n|t:|1699247186\n|move|p1a: Hungri Hair|Sucker Punch|p2a: Genesect\n|-damage|p2a: Genesect|0 fnt\n|faint|p2a: Genesect\n|\n|upkeep\n|\n|t:|1699247188\n|switch|p2a: Skeledirge|Skeledirge, F|74\/100 par\n|turn|20\n|\n|t:|1699247193\n|switch|p1a: Egg Woman|Chansey, F, shiny|91\/100\n|-damage|p1a: Egg Woman|78\/100|[from] Stealth Rock\n|-activate|p1a: Egg Woman|move: Sticky Web\n|-unboost|p1a: Egg Woman|spe|1\n|cant|p2a: Skeledirge|par\n|\n|upkeep\n|turn|21\n|\n|t:|1699247212\n|move|p2a: Skeledirge|Torch Song|p1a: Egg Woman\n|-damage|p1a: Egg Woman|75\/100\n|-boost|p2a: Skeledirge|spa|1\n|move|p1a: Egg Woman|Soft-Boiled|p1a: Egg Woman\n|-heal|p1a: Egg Woman|100\/100\n|\n|-sideend|p1: CringeWeirdo02|move: Light Screen\n|upkeep\n|turn|22\n|\n|t:|1699247220\n|move|p2a: Skeledirge|Torch Song|p1a: Egg Woman\n|-damage|p1a: Egg Woman|91\/100\n|-boost|p2a: Skeledirge|spa|1\n|move|p1a: Egg Woman|Teleport|p1a: Egg Woman\n|-message|CringeWeirdo02 forfeited.\n|\n|win|omega7050\n|raw|CringeWeirdo02's rating: 1196 &rarr; <strong>1179<\/strong><br \/>(-17 for losing)\n|raw|omega7050's rating: 1311 &rarr; <strong>1325<\/strong><br \/>(+14 for winning)\n|l|\u2606CringeWeirdo02\n","uploadtime":1699247234,"views":8,"p1id":"cringeweirdo02","p2id":"omega7050","formatid":"gen9nationaldexubers","rating":1179,"private":0,"password":""}