{"id":"gen9nationaldexubers-1994225446","p1":"Save a Solar","p2":"ValiantUmbreon","format":"[Gen 9] National Dex Ubers","log":"|j|\u2606Save a Solar\n|j|\u2606ValiantUmbreon\n|t:|1700420866\n|gametype|singles\n|player|p1|Save a Solar|brassius|\n|player|p2|ValiantUmbreon|laventon|\n|teamsize|p1|6\n|teamsize|p2|6\n|gen|9\n|tier|[Gen 9] National Dex Ubers\n|rule|HP Percentage Mod: HP is shown in percentages\n|rule|Endless Battle Clause: Forcing endless battles is banned\n|rule|OHKO Clause: OHKO moves are banned\n|rule|Evasion Moves Clause: Evasion moves are banned\n|rule|Evasion Items Clause: Evasion items are banned\n|rule|Species Clause: Limit one of each Pok\u00e9mon\n|rule|Sleep Clause Mod: Limit one foe put to sleep\n|rule|Mega Rayquaza Clause: You cannot mega evolve Rayquaza\n|clearpoke\n|poke|p1|Palkia-Origin|\n|poke|p1|Necrozma-Dusk-Mane|\n|poke|p1|Zygarde|\n|poke|p1|Shuckle, M|\n|poke|p1|Grimmsnarl, M|\n|poke|p1|Darmanitan-Galar, M|\n|poke|p2|Shiftry, F|\n|poke|p2|Yveltal|\n|poke|p2|Stakataka|\n|poke|p2|Marowak-Alola, M|\n|poke|p2|Lunala|\n|poke|p2|Alomomola, F|\n|teampreview\n|c|\u2606ValiantUmbreon|Glhf\n|c|\u2606Save a Solar|You too\n|\n|t:|1700420898\n|start\n|switch|p1a: Bluey|Shuckle, M, shiny|100\/100\n|switch|p2a: Alomomola|Alomomola, F|100\/100\n|turn|1\n|\n|t:|1700420906\n|move|p2a: Alomomola|Magic Coat|p2a: Alomomola\n|-singleturn|p2a: Alomomola|move: Magic Coat\n|move|p1a: Bluey|Sticky Web|p2a: Alomomola\n|move|p2a: Alomomola|Sticky Web|p1a: Bluey|[from]Magic Coat\n|-sidestart|p1: Save a Solar|move: Sticky Web\n|\n|upkeep\n|turn|2\n|\n|t:|1700420926\n|move|p2a: Alomomola|Toxic|p1a: Bluey\n|-status|p1a: Bluey|tox\n|move|p1a: Bluey|Encore|p2a: Alomomola\n|-start|p2a: Alomomola|Encore\n|\n|-damage|p1a: Bluey|94\/100 tox|[from] psn\n|upkeep\n|turn|3\n|\n|t:|1700420943\n|switch|p2a: Marowak|Marowak-Alola, M|100\/100\n|move|p1a: Bluey|Sticky Web|p2a: Marowak\n|-sidestart|p2: ValiantUmbreon|move: Sticky Web\n|\n|-damage|p1a: Bluey|82\/100 tox|[from] psn\n|upkeep\n|turn|4\n|\n|t:|1700420951\n|move|p2a: Marowak|Stealth Rock|p1a: Bluey\n|-sidestart|p1: Save a Solar|move: Stealth Rock\n|move|p1a: Bluey|Stealth Rock|p2a: Marowak\n|-sidestart|p2: ValiantUmbreon|move: Stealth Rock\n|\n|-damage|p1a: Bluey|64\/100 tox|[from] psn\n|upkeep\n|turn|5\n|\n|t:|1700420963\n|switch|p2a: Stakataka|Stakataka|100\/100\n|-activate|p2a: Stakataka|move: Sticky Web\n|-unboost|p2a: Stakataka|spe|1\n|-damage|p2a: Stakataka|94\/100|[from] Stealth Rock\n|switch|p1a: HARRY|Grimmsnarl, M, shiny|100\/100\n|-activate|p1a: HARRY|move: Sticky Web\n|-unboost|p1a: HARRY|spe|1\n|-damage|p1a: HARRY|88\/100|[from] Stealth Rock\n|\n|upkeep\n|turn|6\n|\n|t:|1700420998\n|move|p1a: HARRY|Reflect|p1a: HARRY\n|-sidestart|p1: Save a Solar|Reflect\n|move|p2a: Stakataka|Gyro Ball|p1a: HARRY\n|-supereffective|p1a: HARRY\n|-damage|p1a: HARRY|31\/100\n|\n|upkeep\n|turn|7\n|\n|t:|1700421007\n|switch|p2a: Yveltal|Yveltal|100\/100\n|-damage|p2a: Yveltal|76\/100|[from] Stealth Rock\n|-ability|p2a: Yveltal|Dark Aura\n|move|p1a: HARRY|Light Screen|p1a: HARRY\n|-sidestart|p1: Save a Solar|move: Light Screen\n|\n|upkeep\n|turn|8\n|\n|t:|1700421021\n|move|p2a: Yveltal|Hone Claws|p2a: Yveltal\n|-boost|p2a: Yveltal|atk|1\n|-boost|p2a: Yveltal|accuracy|1\n|move|p1a: HARRY|Spirit Break|p2a: Yveltal\n|-supereffective|p2a: Yveltal\n|-damage|p2a: Yveltal|28\/100\n|-unboost|p2a: Yveltal|spa|1\n|\n|upkeep\n|turn|9\n|\n|t:|1700421034\n|move|p2a: Yveltal|Roost|p2a: Yveltal\n|-heal|p2a: Yveltal|78\/100\n|-singleturn|p2a: Yveltal|move: Roost\n|move|p1a: HARRY|Spirit Break|p2a: Yveltal\n|-supereffective|p2a: Yveltal\n|-damage|p2a: Yveltal|25\/100\n|-unboost|p2a: Yveltal|spa|1\n|\n|upkeep\n|turn|10\n|\n|t:|1700421042\n|switch|p1a: #T1: DRACOBRA|Zygarde, shiny|100\/100\n|-activate|p1a: #T1: DRACOBRA|move: Sticky Web\n|-unboost|p1a: #T1: DRACOBRA|spe|1\n|-damage|p1a: #T1: DRACOBRA|94\/100|[from] Stealth Rock\n|move|p2a: Yveltal|Roost|p2a: Yveltal\n|-heal|p2a: Yveltal|76\/100\n|-singleturn|p2a: Yveltal|move: Roost\n|\n|-heal|p1a: #T1: DRACOBRA|100\/100|[from] item: Leftovers\n|upkeep\n|turn|11\n|\n|t:|1700421053\n|move|p2a: Yveltal|Hone Claws|p2a: Yveltal\n|-boost|p2a: Yveltal|atk|1\n|-boost|p2a: Yveltal|accuracy|1\n|move|p1a: #T1: DRACOBRA|Glare|p2a: Yveltal\n|-status|p2a: Yveltal|par\n|-enditem|p2a: Yveltal|Lum Berry|[eat]\n|-curestatus|p2a: Yveltal|par|[msg]\n|\n|upkeep\n|turn|12\n|\n|t:|1700421076\n|move|p2a: Yveltal|Hone Claws|p2a: Yveltal\n|-boost|p2a: Yveltal|atk|1\n|-boost|p2a: Yveltal|accuracy|1\n|move|p1a: #T1: DRACOBRA|Glare|p2a: Yveltal\n|-status|p2a: Yveltal|par\n|\n|upkeep\n|turn|13\n|\n|t:|1700421085\n|move|p1a: #T1: DRACOBRA|Substitute|p1a: #T1: DRACOBRA\n|-start|p1a: #T1: DRACOBRA|Substitute\n|-damage|p1a: #T1: DRACOBRA|75\/100\n|cant|p2a: Yveltal|par\n|\n|-heal|p1a: #T1: DRACOBRA|82\/100|[from] item: Leftovers\n|-sideend|p1: Save a Solar|Reflect\n|upkeep\n|turn|14\n|\n|t:|1700421093\n|move|p1a: #T1: DRACOBRA|Dragon Dance|p1a: #T1: DRACOBRA\n|-boost|p1a: #T1: DRACOBRA|atk|1\n|-boost|p1a: #T1: DRACOBRA|spe|1\n|cant|p2a: Yveltal|par\n|\n|-heal|p1a: #T1: DRACOBRA|88\/100|[from] item: Leftovers\n|-sideend|p1: Save a Solar|move: Light Screen\n|upkeep\n|turn|15\n|c|\u2606Save a Solar|wow sorry for the hax\n|\n|t:|1700421106\n|move|p1a: #T1: DRACOBRA|Dragon Dance|p1a: #T1: DRACOBRA\n|-boost|p1a: #T1: DRACOBRA|atk|1\n|-boost|p1a: #T1: DRACOBRA|spe|1\n|cant|p2a: Yveltal|par\n|\n|-heal|p1a: #T1: DRACOBRA|94\/100|[from] item: Leftovers\n|upkeep\n|turn|16\n|c|\u2606Save a Solar|god\n|\n|t:|1700421124\n|move|p1a: #T1: DRACOBRA|Thousand Arrows|p2a: Yveltal\n|-damage|p2a: Yveltal|0 fnt\n|faint|p2a: Yveltal\n|\n|-heal|p1a: #T1: DRACOBRA|99\/100|[from] item: Leftovers\n|upkeep\n|\n|t:|1700421138\n|switch|p2a: Lunala|Lunala|100\/100\n|turn|17\n|\n|t:|1700421148\n|move|p1a: #T1: DRACOBRA|Thousand Arrows|p2a: Lunala\n|-damage|p2a: Lunala|70\/100\n|move|p2a: Lunala|Trick Room|p2a: Lunala\n|-fieldstart|move: Trick Room|[of] p2a: Lunala\n|\n|-heal|p1a: #T1: DRACOBRA|100\/100|[from] item: Leftovers\n|upkeep\n|turn|18\n|\n|t:|1700421158\n|move|p2a: Lunala|Ice Beam|p1a: #T1: DRACOBRA\n|-supereffective|p1a: #T1: DRACOBRA\n|-end|p1a: #T1: DRACOBRA|Substitute\n|move|p1a: #T1: DRACOBRA|Thousand Arrows|p2a: Lunala\n|-damage|p2a: Lunala|11\/100\n|\n|upkeep\n|turn|19\n|\n|t:|1700421181\n|switch|p1a: #T2: STEELION|Necrozma-Dusk-Mane, shiny|100\/100\n|-activate|p1a: #T2: STEELION|move: Sticky Web\n|-unboost|p1a: #T2: STEELION|spe|1\n|-damage|p1a: #T2: STEELION|94\/100|[from] Stealth Rock\n|move|p2a: Lunala|Ice Beam|p1a: #T2: STEELION\n|-resisted|p1a: #T2: STEELION\n|-damage|p1a: #T2: STEELION|79\/100\n|\n|upkeep\n|turn|20\n|\n|t:|1700421194\n|move|p1a: #T2: STEELION|Photon Geyser|p2a: Lunala\n|-resisted|p2a: Lunala\n|-damage|p2a: Lunala|0 fnt\n|faint|p2a: Lunala\n|\n|upkeep\n|\n|t:|1700421211\n|switch|p2a: Marowak|Marowak-Alola, M|100\/100\n|-activate|p2a: Marowak|move: Sticky Web\n|-unboost|p2a: Marowak|spe|1\n|-damage|p2a: Marowak|76\/100|[from] Stealth Rock\n|turn|21\n|\n|t:|1700421219\n|move|p2a: Marowak|Shadow Bone|p1a: #T2: STEELION\n|-supereffective|p1a: #T2: STEELION\n|-damage|p1a: #T2: STEELION|0 fnt\n|faint|p1a: #T2: STEELION\n|\n|-fieldend|move: Trick Room\n|upkeep\n|\n|t:|1700421230\n|switch|p1a: HARRY|Grimmsnarl, M, shiny|31\/100\n|-activate|p1a: HARRY|move: Sticky Web\n|-unboost|p1a: HARRY|spe|1\n|-damage|p1a: HARRY|19\/100|[from] Stealth Rock\n|turn|22\n|\n|t:|1700421238\n|switch|p2a: Shiftry|Shiftry, F|100\/100\n|-activate|p2a: Shiftry|move: Sticky Web\n|-unboost|p2a: Shiftry|spe|1\n|-damage|p2a: Shiftry|88\/100|[from] Stealth Rock\n|move|p1a: HARRY|Reflect|p1a: HARRY\n|-sidestart|p1: Save a Solar|Reflect\n|\n|upkeep\n|turn|23\n|\n|t:|1700421249\n|move|p1a: HARRY|Light Screen|p1a: HARRY\n|-sidestart|p1: Save a Solar|move: Light Screen\n|move|p2a: Shiftry|Toxic Spikes|p1a: HARRY\n|-sidestart|p1: Save a Solar|move: Toxic Spikes\n|\n|upkeep\n|turn|24\n|\n|t:|1700421264\n|switch|p1a: #T1: DRACOBRA|Zygarde, shiny|100\/100\n|-activate|p1a: #T1: DRACOBRA|move: Sticky Web\n|-unboost|p1a: #T1: DRACOBRA|spe|1\n|-damage|p1a: #T1: DRACOBRA|94\/100|[from] Stealth Rock\n|-status|p1a: #T1: DRACOBRA|psn\n|move|p2a: Shiftry|Knock Off|p1a: #T1: DRACOBRA\n|-damage|p1a: #T1: DRACOBRA|79\/100 psn\n|-enditem|p1a: #T1: DRACOBRA|Leftovers|[from] move: Knock Off|[of] p2a: Shiftry\n|\n|-damage|p1a: #T1: DRACOBRA|67\/100 psn|[from] psn\n|upkeep\n|turn|25\n|\n|t:|1700421279\n|move|p2a: Shiftry|Tailwind|p2a: Shiftry\n|-sidestart|p2: ValiantUmbreon|move: Tailwind\n|-ability|p2a: Shiftry|Wind Rider|boost\n|-boost|p2a: Shiftry|atk|1\n|move|p1a: #T1: DRACOBRA|Glare|p2a: Shiftry\n|-status|p2a: Shiftry|par\n|\n|-damage|p1a: #T1: DRACOBRA|55\/100 psn|[from] psn\n|upkeep\n|turn|26\n|\n|t:|1700421293\n|switch|p1a: #T3: CENTAUR|Palkia-Origin, shiny|100\/100\n|-activate|p1a: #T3: CENTAUR|move: Sticky Web\n|-unboost|p1a: #T3: CENTAUR|spe|1\n|-damage|p1a: #T3: CENTAUR|88\/100|[from] Stealth Rock\n|-status|p1a: #T3: CENTAUR|psn\n|-ability|p1a: #T3: CENTAUR|Pressure\n|move|p2a: Shiftry|Explosion|p1a: #T3: CENTAUR\n|-damage|p1a: #T3: CENTAUR|25\/100 psn\n|faint|p2a: Shiftry\n|\n|-damage|p1a: #T3: CENTAUR|12\/100 psn|[from] psn\n|upkeep\n|\n|t:|1700421308\n|switch|p2a: Alomomola|Alomomola, F|100\/100\n|turn|27\n|\n|t:|1700421315\n|move|p2a: Alomomola|Wish|p2a: Alomomola\n|move|p1a: #T3: CENTAUR|Spacial Rend|p2a: Alomomola\n|-damage|p2a: Alomomola|33\/100\n|\n|-damage|p1a: #T3: CENTAUR|0 fnt|[from] psn\n|faint|p1a: #T3: CENTAUR\n|upkeep\n|\n|t:|1700421328\n|switch|p1a: Green Dhar Mann|Darmanitan-Galar, M, shiny|100\/100\n|-activate|p1a: Green Dhar Mann|move: Sticky Web\n|-unboost|p1a: Green Dhar Mann|spe|1\n|-damage|p1a: Green Dhar Mann|76\/100|[from] Stealth Rock\n|-status|p1a: Green Dhar Mann|psn\n|turn|28\n|\n|t:|1700421346\n|switch|p2a: Marowak|Marowak-Alola, M|76\/100\n|-activate|p2a: Marowak|move: Sticky Web\n|-unboost|p2a: Marowak|spe|1\n|-damage|p2a: Marowak|51\/100|[from] Stealth Rock\n|move|p1a: Green Dhar Mann|Earthquake|p2a: Marowak\n|-supereffective|p2a: Marowak\n|-damage|p2a: Marowak|0 fnt\n|faint|p2a: Marowak\n|\n|-damage|p1a: Green Dhar Mann|63\/100 psn|[from] psn\n|-sideend|p2: ValiantUmbreon|move: Tailwind\n|upkeep\n|\n|t:|1700421354\n|switch|p2a: Stakataka|Stakataka|94\/100\n|-activate|p2a: Stakataka|move: Sticky Web\n|-unboost|p2a: Stakataka|spe|1\n|-damage|p2a: Stakataka|88\/100|[from] Stealth Rock\n|turn|29\n|\n|t:|1700421373\n|switch|p1a: Bluey|Shuckle, M, shiny|64\/100 tox\n|-activate|p1a: Bluey|move: Sticky Web\n|-unboost|p1a: Bluey|spe|1\n|-damage|p1a: Bluey|39\/100 tox|[from] Stealth Rock\n|-terastallize|p2a: Stakataka|Flying\n|move|p2a: Stakataka|Trick Room|p2a: Stakataka\n|-fieldstart|move: Trick Room|[of] p2a: Stakataka\n|\n|-damage|p1a: Bluey|32\/100 tox|[from] psn\n|-sideend|p1: Save a Solar|Reflect\n|upkeep\n|turn|30\n|\n|t:|1700421384\n|switch|p2a: Alomomola|Alomomola, F|66\/100\n|move|p1a: Bluey|Final Gambit|p2a: Alomomola\n|-damage|p2a: Alomomola|50\/100\n|faint|p1a: Bluey\n|\n|-sideend|p1: Save a Solar|move: Light Screen\n|upkeep\n|\n|t:|1700421408\n|switch|p1a: Green Dhar Mann|Darmanitan-Galar, M, shiny|63\/100 psn\n|-activate|p1a: Green Dhar Mann|move: Sticky Web\n|-unboost|p1a: Green Dhar Mann|spe|1\n|-damage|p1a: Green Dhar Mann|38\/100 psn|[from] Stealth Rock\n|turn|31\n|\n|t:|1700421419\n|move|p2a: Alomomola|Wish|p2a: Alomomola\n|move|p1a: Green Dhar Mann|Icicle Crash|p2a: Alomomola\n|-resisted|p2a: Alomomola\n|-damage|p2a: Alomomola|14\/100\n|\n|-damage|p1a: Green Dhar Mann|26\/100 psn|[from] psn\n|upkeep\n|turn|32\n|\n|t:|1700421435\n|move|p2a: Alomomola|Magic Coat|p2a: Alomomola\n|-singleturn|p2a: Alomomola|move: Magic Coat\n|move|p1a: Green Dhar Mann|Icicle Crash|p2a: Alomomola\n|-resisted|p2a: Alomomola\n|-damage|p2a: Alomomola|0 fnt\n|faint|p2a: Alomomola\n|\n|-damage|p1a: Green Dhar Mann|14\/100 psn|[from] psn\n|upkeep\n|\n|t:|1700421437\n|switch|p2a: Stakataka|Stakataka, tera:Flying|88\/100\n|-damage|p2a: Stakataka|63\/100|[from] Stealth Rock\n|turn|33\n|\n|t:|1700421445\n|move|p2a: Stakataka|Gyro Ball|p1a: Green Dhar Mann\n|-supereffective|p1a: Green Dhar Mann\n|-damage|p1a: Green Dhar Mann|0 fnt\n|faint|p1a: Green Dhar Mann\n|-ability|p2a: Stakataka|Beast Boost|boost\n|-boost|p2a: Stakataka|atk|1\n|\n|-fieldend|move: Trick Room\n|upkeep\n|\n|t:|1700421448\n|switch|p1a: #T1: DRACOBRA|Zygarde, shiny|55\/100 psn\n|-activate|p1a: #T1: DRACOBRA|move: Sticky Web\n|-unboost|p1a: #T1: DRACOBRA|spe|1\n|-damage|p1a: #T1: DRACOBRA|48\/100 psn|[from] Stealth Rock\n|turn|34\n|\n|t:|1700421456\n|move|p1a: #T1: DRACOBRA|Thousand Arrows|p2a: Stakataka\n|-damage|p2a: Stakataka|36\/100\n|-start|p2a: Stakataka|Smack Down\n|move|p2a: Stakataka|Trick Room|p2a: Stakataka\n|-fieldstart|move: Trick Room|[of] p2a: Stakataka\n|\n|-damage|p1a: #T1: DRACOBRA|36\/100 psn|[from] psn\n|-activate|p1a: #T1: DRACOBRA|ability: Power Construct\n|detailschange|p1a: #T1: DRACOBRA|Zygarde-Complete, shiny\n|-heal|p1a: #T1: DRACOBRA|58\/100 psn|[silent]\n|upkeep\n|turn|35\n|\n|t:|1700421464\n|move|p2a: Stakataka|Gyro Ball|p1a: #T1: DRACOBRA\n|-damage|p1a: #T1: DRACOBRA|13\/100 psn\n|move|p1a: #T1: DRACOBRA|Thousand Arrows|p2a: Stakataka\n|-damage|p2a: Stakataka|9\/100\n|\n|-damage|p1a: #T1: DRACOBRA|0 fnt|[from] psn\n|faint|p1a: #T1: DRACOBRA\n|upkeep\n|\n|t:|1700421472\n|switch|p1a: HARRY|Grimmsnarl, M, shiny|19\/100\n|-activate|p1a: HARRY|move: Sticky Web\n|-unboost|p1a: HARRY|spe|1\n|-damage|p1a: HARRY|6\/100|[from] Stealth Rock\n|-status|p1a: HARRY|psn\n|turn|36\n|\n|t:|1700421479\n|move|p2a: Stakataka|Gyro Ball|p1a: HARRY\n|-supereffective|p1a: HARRY\n|-damage|p1a: HARRY|0 fnt\n|faint|p1a: HARRY\n|\n|win|ValiantUmbreon\n|c|\u2606Save a Solar|gg\n|c|\u2606ValiantUmbreon|gg\n","uploadtime":1700421503,"views":21,"p1id":"saveasolar","p2id":"valiantumbreon","formatid":"gen9nationaldexubers","rating":0,"private":0,"password":""}