{"id":"gen9nationaldexubers-1997265774","p1":"panza mileurista","p2":"Soyeon is a cutie","format":"[Gen 9] National Dex Ubers","log":"|j|\u2606panza mileurista\n|j|\u2606Soyeon is a cutie\n|t:|1700782273\n|gametype|singles\n|player|p1|panza mileurista|grimsley|1584\n|player|p2|Soyeon is a cutie|idol|1784\n|teamsize|p1|6\n|teamsize|p2|6\n|gen|9\n|tier|[Gen 9] National Dex Ubers\n|rated|\n|rule|HP Percentage Mod: HP is shown in percentages\n|rule|Endless Battle Clause: Forcing endless battles is banned\n|rule|OHKO Clause: OHKO moves are banned\n|rule|Evasion Moves Clause: Evasion moves are banned\n|rule|Evasion Items Clause: Evasion items are banned\n|rule|Species Clause: Limit one of each Pok\u00e9mon\n|rule|Sleep Clause Mod: Limit one foe put to sleep\n|rule|Mega Rayquaza Clause: You cannot mega evolve Rayquaza\n|clearpoke\n|poke|p1|Kyogre|\n|poke|p1|Groudon|\n|poke|p1|Necrozma-Dusk-Mane|\n|poke|p1|Ho-Oh|\n|poke|p1|Arceus-Dark|\n|poke|p1|Salamence, F|\n|poke|p2|Ditto|\n|poke|p2|Kingambit, F|\n|poke|p2|Arceus-Ground|\n|poke|p2|Yveltal|\n|poke|p2|Deoxys-Speed|\n|poke|p2|Giratina-Origin|\n|teampreview\n|inactive|Battle timer is ON: inactive players will automatically lose when time's up. (requested by Soyeon is a cutie)\n|\n|t:|1700782282\n|start\n|switch|p1a: Necrozma|Necrozma-Dusk-Mane|100\/100\n|switch|p2a: Arceus|Arceus-Ground|100\/100\n|turn|1\n|\n|t:|1700782290\n|switch|p1a: Ho-Oh|Ho-Oh, shiny|100\/100\n|move|p2a: Arceus|Taunt|p1a: Ho-Oh\n|-start|p1a: Ho-Oh|move: Taunt\n|\n|upkeep\n|turn|2\n|\n|t:|1700782297\n|move|p2a: Arceus|Toxic|p1a: Ho-Oh\n|-status|p1a: Ho-Oh|tox\n|move|p1a: Ho-Oh|Sacred Fire|p2a: Arceus\n|-damage|p2a: Arceus|74\/100\n|-status|p2a: Arceus|brn\n|\n|-damage|p1a: Ho-Oh|94\/100 tox|[from] psn\n|-damage|p2a: Arceus|68\/100 brn|[from] brn\n|upkeep\n|turn|3\n|\n|t:|1700782302\n|switch|p2a: Deoxys|Deoxys-Speed, shiny|100\/100\n|-ability|p2a: Deoxys|Pressure\n|switch|p1a: Kyogre|Kyogre|100\/100\n|detailschange|p1a: Kyogre|Kyogre-Primal\n|-primal|p1a: Kyogre|Blue Orb\n|-weather|PrimordialSea|[from] ability: Primordial Sea|[of] p1a: Kyogre\n|\n|-weather|PrimordialSea|[upkeep]\n|upkeep\n|turn|4\n|\n|t:|1700782311\n|move|p2a: Deoxys|Stealth Rock|p1a: Kyogre\n|-sidestart|p1: panza mileurista|move: Stealth Rock\n|move|p1a: Kyogre|Scald|p2a: Deoxys\n|-damage|p2a: Deoxys|15\/100\n|\n|-weather|PrimordialSea|[upkeep]\n|-heal|p2a: Deoxys|21\/100|[from] item: Leftovers\n|upkeep\n|turn|5\n|\n|t:|1700782318\n|move|p2a: Deoxys|Spikes|p1a: Kyogre\n|-sidestart|p1: panza mileurista|Spikes\n|move|p1a: Kyogre|Scald|p2a: Deoxys\n|-damage|p2a: Deoxys|0 fnt\n|faint|p2a: Deoxys\n|\n|-weather|PrimordialSea|[upkeep]\n|upkeep\n|\n|t:|1700782325\n|switch|p2a: Giratina|Giratina-Origin|100\/100\n|turn|6\n|\n|t:|1700782329\n|-weather|none\n|switch|p1a: Ho-Oh|Ho-Oh, shiny|100\/100 tox\n|move|p2a: Giratina|Poltergeist|p1a: Ho-Oh\n|-activate|p1a: Ho-Oh|move: Poltergeist|Heavy-Duty Boots\n|-damage|p1a: Ho-Oh|58\/100 tox\n|\n|-damage|p1a: Ho-Oh|52\/100 tox|[from] psn\n|upkeep\n|turn|7\n|\n|t:|1700782335\n|move|p2a: Giratina|Stone Edge|p1a: Ho-Oh\n|-supereffective|p1a: Ho-Oh\n|-damage|p1a: Ho-Oh|0 fnt\n|faint|p1a: Ho-Oh\n|\n|upkeep\n|\n|t:|1700782343\n|switch|p1a: Arceus|Arceus-Dark|100\/100\n|-damage|p1a: Arceus|88\/100|[from] Stealth Rock\n|-damage|p1a: Arceus|76\/100|[from] Spikes\n|turn|8\n|\n|t:|1700782347\n|switch|p2a: Arceus|Arceus-Ground|68\/100 brn\n|move|p1a: Arceus|Taunt|p2a: Arceus\n|-start|p2a: Arceus|move: Taunt\n|\n|-damage|p2a: Arceus|62\/100 brn|[from] brn\n|upkeep\n|turn|9\n|\n|t:|1700782352\n|switch|p2a: Giratina|Giratina-Origin|100\/100\n|move|p1a: Arceus|Recover|p1a: Arceus\n|-heal|p1a: Arceus|100\/100\n|\n|upkeep\n|turn|10\n|\n|t:|1700782356\n|switch|p2a: Arceus|Arceus-Ground|62\/100 brn\n|move|p1a: Arceus|Taunt|p2a: Arceus\n|-start|p2a: Arceus|move: Taunt\n|\n|-damage|p2a: Arceus|56\/100 brn|[from] brn\n|upkeep\n|turn|11\n|\n|t:|1700782360\n|move|p2a: Arceus|Judgment|p1a: Arceus\n|-damage|p1a: Arceus|68\/100\n|move|p1a: Arceus|Foul Play|p2a: Arceus\n|-damage|p2a: Arceus|31\/100 brn\n|\n|-damage|p2a: Arceus|25\/100 brn|[from] brn\n|upkeep\n|turn|12\n|\n|t:|1700782364\n|switch|p2a: Kingambit|Kingambit, F, shiny|100\/100\n|-activate|p2a: Kingambit|ability: Supreme Overlord\n|-start|p2a: Kingambit|fallen1|[silent]\n|move|p1a: Arceus|Recover|p1a: Arceus\n|-heal|p1a: Arceus|100\/100\n|\n|upkeep\n|turn|13\n|\n|t:|1700782372\n|-end|p2a: Kingambit|fallen1|[silent]\n|switch|p2a: Arceus|Arceus-Ground|25\/100 brn\n|move|p1a: Arceus|Taunt|p2a: Arceus\n|-start|p2a: Arceus|move: Taunt\n|\n|-damage|p2a: Arceus|19\/100 brn|[from] brn\n|upkeep\n|turn|14\n|\n|t:|1700782379\n|switch|p2a: Yveltal|Yveltal, shiny|100\/100\n|-ability|p2a: Yveltal|Dark Aura\n|move|p1a: Arceus|Foul Play|p2a: Yveltal\n|-resisted|p2a: Yveltal\n|-damage|p2a: Yveltal|66\/100\n|\n|upkeep\n|turn|15\n|\n|t:|1700782383\n|move|p2a: Yveltal|Focus Blast|p1a: Arceus\n|-supereffective|p1a: Arceus\n|-damage|p1a: Arceus|31\/100\n|-damage|p2a: Yveltal|56\/100|[from] item: Life Orb\n|move|p1a: Arceus|Toxic|p2a: Yveltal\n|-status|p2a: Yveltal|tox\n|\n|-damage|p2a: Yveltal|50\/100 tox|[from] psn\n|upkeep\n|turn|16\n|\n|t:|1700782395\n|move|p2a: Yveltal|Oblivion Wing|p1a: Arceus\n|-damage|p1a: Arceus|0 fnt\n|-heal|p2a: Yveltal|75\/100 tox|[from] drain|[of] p1a: Arceus\n|faint|p1a: Arceus\n|-damage|p2a: Yveltal|65\/100 tox|[from] item: Life Orb\n|\n|-damage|p2a: Yveltal|53\/100 tox|[from] psn\n|upkeep\n|\n|t:|1700782401\n|switch|p1a: Kyogre|Kyogre-Primal|100\/100\n|-damage|p1a: Kyogre|88\/100|[from] Stealth Rock\n|-damage|p1a: Kyogre|76\/100|[from] Spikes\n|-weather|PrimordialSea|[from] ability: Primordial Sea|[of] p1a: Kyogre\n|turn|17\n|\n|t:|1700782408\n|move|p2a: Yveltal|Dark Pulse|p1a: Kyogre\n|-damage|p1a: Kyogre|43\/100\n|-damage|p2a: Yveltal|43\/100 tox|[from] item: Life Orb\n|cant|p1a: Kyogre|flinch\n|\n|-weather|PrimordialSea|[upkeep]\n|-damage|p2a: Yveltal|25\/100 tox|[from] psn\n|upkeep\n|turn|18\n|\n|t:|1700782415\n|move|p2a: Yveltal|Dark Pulse|p1a: Kyogre\n|-damage|p1a: Kyogre|9\/100\n|-damage|p2a: Yveltal|15\/100 tox|[from] item: Life Orb\n|move|p1a: Kyogre|Rest|p1a: Kyogre\n|-status|p1a: Kyogre|slp|[from] move: Rest\n|-heal|p1a: Kyogre|100\/100 slp|[silent]\n|\n|-weather|PrimordialSea|[upkeep]\n|-damage|p2a: Yveltal|0 fnt|[from] psn\n|faint|p2a: Yveltal\n|upkeep\n|\n|t:|1700782422\n|switch|p2a: Giratina|Giratina-Origin|100\/100\n|turn|19\n|\n|t:|1700782427\n|move|p2a: Giratina|Hone Claws|p2a: Giratina\n|-boost|p2a: Giratina|atk|1\n|-boost|p2a: Giratina|accuracy|1\n|cant|p1a: Kyogre|slp\n|move|p1a: Kyogre|Sleep Talk|p1a: Kyogre\n|move|p1a: Kyogre|Rest||[from]move: Sleep Talk|[still]\n|-fail|p1a: Kyogre\n|\n|-weather|PrimordialSea|[upkeep]\n|upkeep\n|turn|20\n|\n|t:|1700782441\n|-weather|none\n|switch|p1a: Salamence|Salamence, F|100\/100\n|-damage|p1a: Salamence|76\/100|[from] Stealth Rock\n|-ability|p1a: Salamence|Intimidate|boost\n|-unboost|p2a: Giratina|atk|1\n|move|p2a: Giratina|Poltergeist|p1a: Salamence\n|-activate|p1a: Salamence|move: Poltergeist|Salamencite\n|-damage|p1a: Salamence|9\/100\n|\n|upkeep\n|turn|21\n|\n|t:|1700782446\n|detailschange|p1a: Salamence|Salamence-Mega, F\n|-mega|p1a: Salamence|Salamence|Salamencite\n|move|p2a: Giratina|Shadow Sneak|p1a: Salamence\n|-damage|p1a: Salamence|0 fnt\n|faint|p1a: Salamence\n|\n|upkeep\n|\n|t:|1700782452\n|switch|p1a: Necrozma|Necrozma-Dusk-Mane|100\/100\n|-damage|p1a: Necrozma|94\/100|[from] Stealth Rock\n|-damage|p1a: Necrozma|82\/100|[from] Spikes\n|turn|22\n|\n|t:|1700782457\n|-terastallize|p1a: Necrozma|Grass\n|move|p2a: Giratina|Poltergeist|p1a: Necrozma\n|-activate|p1a: Necrozma|move: Poltergeist|Leftovers\n|-damage|p1a: Necrozma|44\/100\n|move|p1a: Necrozma|Toxic|p2a: Giratina\n|-status|p2a: Giratina|tox\n|\n|-heal|p1a: Necrozma|50\/100|[from] item: Leftovers\n|-damage|p2a: Giratina|94\/100 tox|[from] psn\n|upkeep\n|turn|23\n|\n|t:|1700782462\n|switch|p2a: Kingambit|Kingambit, F, shiny|100\/100\n|-activate|p2a: Kingambit|ability: Supreme Overlord\n|-start|p2a: Kingambit|fallen2|[silent]\n|move|p1a: Necrozma|Moonlight|p1a: Necrozma\n|-heal|p1a: Necrozma|99\/100\n|\n|-heal|p1a: Necrozma|100\/100|[from] item: Leftovers\n|upkeep\n|turn|24\n|\n|t:|1700782466\n|switch|p1a: Groudon|Groudon|100\/100\n|-damage|p1a: Groudon|94\/100|[from] Stealth Rock\n|-damage|p1a: Groudon|82\/100|[from] Spikes\n|detailschange|p1a: Groudon|Groudon-Primal\n|-primal|p1a: Groudon|Red Orb\n|-weather|DesolateLand|[from] ability: Desolate Land|[of] p1a: Groudon\n|move|p2a: Kingambit|Swords Dance|p2a: Kingambit\n|-boost|p2a: Kingambit|atk|2\n|\n|-weather|DesolateLand|[upkeep]\n|upkeep\n|turn|25\n|\n|t:|1700782470\n|-end|p2a: Kingambit|fallen2|[silent]\n|switch|p2a: Giratina|Giratina-Origin|94\/100 tox\n|move|p1a: Groudon|Earthquake|p2a: Giratina\n|-immune|p2a: Giratina|[from] ability: Levitate\n|\n|-weather|DesolateLand|[upkeep]\n|-damage|p2a: Giratina|88\/100 tox|[from] psn\n|upkeep\n|turn|26\n|\n|t:|1700782476\n|move|p2a: Giratina|Hone Claws|p2a: Giratina\n|-boost|p2a: Giratina|atk|1\n|-boost|p2a: Giratina|accuracy|1\n|move|p1a: Groudon|Spikes|p2a: Giratina\n|-sidestart|p2: Soyeon is a cutie|Spikes\n|\n|-weather|DesolateLand|[upkeep]\n|-damage|p2a: Giratina|76\/100 tox|[from] psn\n|upkeep\n|turn|27\n|\n|t:|1700782491\n|-weather|none\n|switch|p1a: Necrozma|Necrozma-Dusk-Mane, tera:Grass|100\/100\n|-damage|p1a: Necrozma|88\/100|[from] Stealth Rock\n|-damage|p1a: Necrozma|76\/100|[from] Spikes\n|move|p2a: Giratina|Poltergeist|p1a: Necrozma\n|-activate|p1a: Necrozma|move: Poltergeist|Leftovers\n|-damage|p1a: Necrozma|15\/100\n|\n|-heal|p1a: Necrozma|21\/100|[from] item: Leftovers\n|-damage|p2a: Giratina|58\/100 tox|[from] psn\n|upkeep\n|turn|28\n|\n|t:|1700782494\n|move|p2a: Giratina|Poltergeist|p1a: Necrozma\n|-activate|p1a: Necrozma|move: Poltergeist|Leftovers\n|-damage|p1a: Necrozma|0 fnt\n|faint|p1a: Necrozma\n|\n|-damage|p2a: Giratina|33\/100 tox|[from] psn\n|upkeep\n|\n|t:|1700782499\n|switch|p1a: Kyogre|Kyogre-Primal|100\/100 slp\n|-damage|p1a: Kyogre|88\/100 slp|[from] Stealth Rock\n|-damage|p1a: Kyogre|76\/100 slp|[from] Spikes\n|-weather|PrimordialSea|[from] ability: Primordial Sea|[of] p1a: Kyogre\n|turn|29\n|\n|t:|1700782502\n|move|p2a: Giratina|Poltergeist|p1a: Kyogre\n|-activate|p1a: Kyogre|move: Poltergeist|Blue Orb\n|-damage|p1a: Kyogre|0 fnt\n|faint|p1a: Kyogre\n|-weather|none\n|\n|-damage|p2a: Giratina|3\/100 tox|[from] psn\n|upkeep\n|-message|panza mileurista forfeited.\n|\n|win|Soyeon is a cutie\n|raw|panza mileurista's rating: 1584 &rarr; <strong>1574<\/strong><br \/>(-10 for losing)\n|raw|Soyeon is a cutie's rating: 1784 &rarr; <strong>1794<\/strong><br \/>(+10 for winning)\n","uploadtime":1700782518,"views":4,"p1id":"panzamileurista","p2id":"soyeonisacutie","formatid":"gen9nationaldexubers","rating":1574,"private":0,"password":""}