{"id":"gen9nationaldexubers-1989221255","p1":"AlastorTheOverlord","p2":"Red_is_fodder","format":"[Gen 9] National Dex Ubers","log":"|j|\u2606AlastorTheOverlord\n|j|\u2606Red_is_fodder\n|t:|1699824922\n|gametype|singles\n|player|p1|AlastorTheOverlord|n|1196\n|player|p2|Red_is_fodder|pokemaniac|1203\n|teamsize|p1|6\n|teamsize|p2|6\n|gen|9\n|tier|[Gen 9] National Dex Ubers\n|rated|\n|rule|HP Percentage Mod: HP is shown in percentages\n|rule|Endless Battle Clause: Forcing endless battles is banned\n|rule|OHKO Clause: OHKO moves are banned\n|rule|Evasion Moves Clause: Evasion moves are banned\n|rule|Evasion Items Clause: Evasion items are banned\n|rule|Species Clause: Limit one of each Pok\u00e9mon\n|rule|Sleep Clause Mod: Limit one foe put to sleep\n|rule|Mega Rayquaza Clause: You cannot mega evolve Rayquaza\n|clearpoke\n|poke|p1|Blastoise, M|\n|poke|p1|Galvantula, M|\n|poke|p1|Garganacl, M|\n|poke|p1|Scream Tail|\n|poke|p1|Dracovish|\n|poke|p1|Yveltal|\n|poke|p2|Excadrill, M|\n|poke|p2|Blaziken, F|\n|poke|p2|Aegislash, M|\n|poke|p2|Kingambit, F|\n|poke|p2|Mewtwo|\n|poke|p2|Swampert, F|\n|teampreview\n|inactive|Battle timer is ON: inactive players will automatically lose when time's up. (requested by AlastorTheOverlord)\n|\n|t:|1699824947\n|start\n|switch|p1a: Elektrotula|Galvantula, M, shiny|100\/100\n|switch|p2a: Kingambit|Kingambit, F|100\/100\n|-item|p2a: Kingambit|Air Balloon\n|turn|1\n|\n|t:|1699824958\n|move|p1a: Elektrotula|Thunder|p2a: Kingambit\n|-damage|p2a: Kingambit|43\/100\n|-enditem|p2a: Kingambit|Air Balloon\n|move|p2a: Kingambit|Kowtow Cleave|p1a: Elektrotula\n|-damage|p1a: Elektrotula|5\/100\n|\n|upkeep\n|turn|2\n|\n|t:|1699824967\n|move|p2a: Kingambit|Sucker Punch||[still]\n|-fail|p2a: Kingambit\n|move|p1a: Elektrotula|Sticky Web|p2a: Kingambit\n|-sidestart|p2: Red_is_fodder|move: Sticky Web\n|\n|upkeep\n|turn|3\n|\n|t:|1699824978\n|move|p2a: Kingambit|Sucker Punch|p1a: Elektrotula\n|-damage|p1a: Elektrotula|0 fnt\n|faint|p1a: Elektrotula\n|\n|upkeep\n|\n|t:|1699824994\n|switch|p1a: Rock N' Rolll|Scream Tail|100\/100\n|turn|4\n|inactive|Red_is_fodder has 120 seconds left.\n|\n|t:|1699825030\n|-terastallize|p2a: Kingambit|Ghost\n|move|p1a: Rock N' Rolll|Thunder Wave|p2a: Kingambit\n|-status|p2a: Kingambit|par\n|move|p2a: Kingambit|Iron Head|p1a: Rock N' Rolll\n|-supereffective|p1a: Rock N' Rolll\n|-damage|p1a: Rock N' Rolll|31\/100\n|\n|-heal|p1a: Rock N' Rolll|37\/100|[from] item: Leftovers\n|upkeep\n|turn|5\n|inactive|Red_is_fodder has 120 seconds left.\n|\n|t:|1699825042\n|move|p1a: Rock N' Rolll|Wish|p1a: Rock N' Rolll\n|move|p2a: Kingambit|Iron Head|p1a: Rock N' Rolll\n|-supereffective|p1a: Rock N' Rolll\n|-damage|p1a: Rock N' Rolll|0 fnt\n|faint|p1a: Rock N' Rolll\n|-end|p1a: Rock N' Rolll|Protosynthesis|[silent]\n|\n|upkeep\n|\n|t:|1699825058\n|switch|p1a: Dracoperra|Dracovish|100\/100\n|turn|6\n|\n|t:|1699825065\n|cant|p2a: Kingambit|par\n|move|p1a: Dracoperra|Fishious Rend|p2a: Kingambit\n|-damage|p2a: Kingambit|0 fnt\n|faint|p2a: Kingambit\n|-end|p2a: Kingambit|fallenundefined|[silent]\n|\n|upkeep\n|\n|t:|1699825069\n|switch|p2a: Swampert|Swampert, F|100\/100\n|-activate|p2a: Swampert|move: Sticky Web\n|-unboost|p2a: Swampert|spe|1\n|turn|7\n|\n|t:|1699825091\n|move|p1a: Dracoperra|Fishious Rend|p2a: Swampert\n|-damage|p2a: Swampert|0 fnt\n|faint|p2a: Swampert\n|\n|upkeep\n|\n|t:|1699825098\n|switch|p2a: Mewtwo|Mewtwo|100\/100\n|-ability|p2a: Mewtwo|Unnerve\n|-activate|p2a: Mewtwo|move: Sticky Web\n|-unboost|p2a: Mewtwo|spe|1\n|turn|8\n|\n|t:|1699825106\n|detailschange|p2a: Mewtwo|Mewtwo-Mega-Y\n|-mega|p2a: Mewtwo|Mewtwo|Mewtwonite Y\n|move|p1a: Dracoperra|Fishious Rend|p2a: Mewtwo\n|-damage|p2a: Mewtwo|0 fnt\n|faint|p2a: Mewtwo\n|\n|upkeep\n|\n|t:|1699825114\n|switch|p2a: Aegislash|Aegislash, M|100\/100\n|-activate|p2a: Aegislash|move: Sticky Web\n|-unboost|p2a: Aegislash|spe|1\n|turn|9\n|\n|t:|1699825132\n|move|p1a: Dracoperra|Fishious Rend|p2a: Aegislash\n|-damage|p2a: Aegislash|12\/100\n|move|p2a: Aegislash|Toxic|p1a: Dracoperra\n|-status|p1a: Dracoperra|tox\n|\n|-heal|p2a: Aegislash|18\/100|[from] item: Leftovers\n|-damage|p1a: Dracoperra|94\/100 tox|[from] psn\n|upkeep\n|turn|10\n|\n|t:|1699825139\n|move|p2a: Aegislash|King's Shield|p2a: Aegislash\n|-singleturn|p2a: Aegislash|Protect\n|move|p1a: Dracoperra|Fishious Rend|p2a: Aegislash\n|-activate|p2a: Aegislash|move: Protect\n|-unboost|p1a: Dracoperra|atk|1\n|\n|-heal|p2a: Aegislash|24\/100|[from] item: Leftovers\n|-damage|p1a: Dracoperra|82\/100 tox|[from] psn\n|upkeep\n|turn|11\n|\n|t:|1699825148\n|move|p1a: Dracoperra|Fishious Rend|p2a: Aegislash\n|-damage|p2a: Aegislash|0 fnt\n|faint|p2a: Aegislash\n|\n|-damage|p1a: Dracoperra|63\/100 tox|[from] psn\n|upkeep\n|\n|t:|1699825151\n|switch|p2a: Blaziken|Blaziken, F|100\/100\n|-activate|p2a: Blaziken|move: Sticky Web\n|-unboost|p2a: Blaziken|spe|1\n|turn|12\n|\n|t:|1699825156\n|move|p1a: Dracoperra|Fishious Rend|p2a: Blaziken\n|-supereffective|p2a: Blaziken\n|-damage|p2a: Blaziken|0 fnt\n|faint|p2a: Blaziken\n|\n|-damage|p1a: Dracoperra|38\/100 tox|[from] psn\n|upkeep\n|\n|t:|1699825159\n|switch|p2a: Excadrill|Excadrill, M|100\/100\n|-activate|p2a: Excadrill|move: Sticky Web\n|-unboost|p2a: Excadrill|spe|1\n|turn|13\n|\n|t:|1699825182\n|move|p1a: Dracoperra|Fishious Rend|p2a: Excadrill\n|-supereffective|p2a: Excadrill\n|-damage|p2a: Excadrill|0 fnt\n|faint|p2a: Excadrill\n|\n|win|AlastorTheOverlord\n|raw|AlastorTheOverlord's rating: 1196 &rarr; <strong>1222<\/strong><br \/>(+26 for winning)\n|raw|Red_is_fodder's rating: 1203 &rarr; <strong>1177<\/strong><br \/>(-26 for losing)\n|l|\u2606Red_is_fodder\n","uploadtime":1699825192,"views":10,"p1id":"alastortheoverlord","p2id":"redisfodder","formatid":"gen9nationaldexubers","rating":1177,"private":0,"password":""}