{"id":"gen9nationaldexubers-1991298109","p1":"John-Halsey","p2":"KingoftheTitans","format":"[Gen 9] National Dex Ubers","log":"|j|\u2606John-Halsey\n|j|\u2606KingoftheTitans\n|t:|1700065386\n|gametype|singles\n|player|p1|John-Halsey|veteran|1207\n|player|p2|KingoftheTitans|169|1317\n|teamsize|p1|6\n|teamsize|p2|6\n|gen|9\n|tier|[Gen 9] National Dex Ubers\n|rated|\n|rule|HP Percentage Mod: HP is shown in percentages\n|rule|Endless Battle Clause: Forcing endless battles is banned\n|rule|OHKO Clause: OHKO moves are banned\n|rule|Evasion Moves Clause: Evasion moves are banned\n|rule|Evasion Items Clause: Evasion items are banned\n|rule|Species Clause: Limit one of each Pok\u00e9mon\n|rule|Sleep Clause Mod: Limit one foe put to sleep\n|rule|Mega Rayquaza Clause: You cannot mega evolve Rayquaza\n|clearpoke\n|poke|p1|Blaziken, M|\n|poke|p1|Nidoking, M|\n|poke|p1|Crobat, M|\n|poke|p1|Ceruledge, M|\n|poke|p1|Suicune|\n|poke|p1|Ninetales-Alola, F|\n|poke|p2|Ampharos, M|\n|poke|p2|Slurpuff, F|\n|poke|p2|Tapu Lele|\n|poke|p2|Slowbro-Galar, M|\n|poke|p2|Forretress, M|\n|poke|p2|Enamorus, F|\n|teampreview\n|\n|t:|1700065395\n|start\n|switch|p1a: Ceruledge|Ceruledge, M|100\/100\n|switch|p2a: Slurpuff|Slurpuff, F|100\/100\n|-item|p1a: Ceruledge|Air Balloon\n|turn|1\n|\n|t:|1700065405\n|move|p1a: Ceruledge|Bitter Blade|p2a: Slurpuff\n|-damage|p2a: Slurpuff|43\/100\n|-enditem|p2a: Slurpuff|Sitrus Berry|[eat]\n|-heal|p2a: Slurpuff|68\/100|[from] item: Sitrus Berry\n|move|p2a: Slurpuff|Sticky Web|p1a: Ceruledge\n|-sidestart|p1: John-Halsey|move: Sticky Web\n|\n|upkeep\n|turn|2\n|\n|t:|1700065421\n|-terastallize|p1a: Ceruledge|Fire\n|move|p2a: Slurpuff|Play Rough|p1a: Ceruledge\n|-resisted|p1a: Ceruledge\n|-damage|p1a: Ceruledge|76\/100\n|-unboost|p1a: Ceruledge|atk|1\n|-ability|p1a: Ceruledge|Weak Armor|boost\n|-unboost|p1a: Ceruledge|def|1\n|-boost|p1a: Ceruledge|spe|2\n|-enditem|p1a: Ceruledge|Air Balloon\n|move|p1a: Ceruledge|Bitter Blade|p2a: Slurpuff\n|-damage|p2a: Slurpuff|14\/100\n|-heal|p1a: Ceruledge|100\/100|[from] drain|[of] p2a: Slurpuff\n|\n|upkeep\n|turn|3\n|\n|t:|1700065437\n|move|p1a: Ceruledge|Bulk Up|p1a: Ceruledge\n|-boost|p1a: Ceruledge|atk|1\n|-boost|p1a: Ceruledge|def|1\n|move|p2a: Slurpuff|Drain Punch|p1a: Ceruledge\n|-damage|p1a: Ceruledge|73\/100\n|-heal|p2a: Slurpuff|27\/100|[from] drain|[of] p1a: Ceruledge\n|-ability|p1a: Ceruledge|Weak Armor|boost\n|-unboost|p1a: Ceruledge|def|1\n|-boost|p1a: Ceruledge|spe|2\n|\n|upkeep\n|turn|4\n|\n|t:|1700065447\n|move|p1a: Ceruledge|Bulk Up|p1a: Ceruledge\n|-boost|p1a: Ceruledge|atk|1\n|-boost|p1a: Ceruledge|def|1\n|move|p2a: Slurpuff|Drain Punch|p1a: Ceruledge\n|-damage|p1a: Ceruledge|46\/100\n|-heal|p2a: Slurpuff|40\/100|[from] drain|[of] p1a: Ceruledge\n|-ability|p1a: Ceruledge|Weak Armor|boost\n|-unboost|p1a: Ceruledge|def|1\n|-boost|p1a: Ceruledge|spe|2\n|\n|upkeep\n|turn|5\n|\n|t:|1700065457\n|move|p1a: Ceruledge|Bitter Blade|p2a: Slurpuff\n|-damage|p2a: Slurpuff|0 fnt\n|-heal|p1a: Ceruledge|67\/100|[from] drain|[of] p2a: Slurpuff\n|faint|p2a: Slurpuff\n|\n|upkeep\n|\n|t:|1700065463\n|switch|p2a: Slowbro|Slowbro-Galar, M|100\/100\n|turn|6\n|\n|t:|1700065470\n|move|p1a: Ceruledge|Shadow Sneak|p2a: Slowbro\n|-supereffective|p2a: Slowbro\n|-damage|p2a: Slowbro|41\/100\n|move|p2a: Slowbro|Scald|p1a: Ceruledge\n|-supereffective|p1a: Ceruledge\n|-damage|p1a: Ceruledge|7\/100\n|\n|upkeep\n|turn|7\n|\n|t:|1700065482\n|switch|p2a: Tapu Lele|Tapu Lele|100\/100\n|-fieldstart|move: Psychic Terrain|[from] ability: Psychic Surge|[of] p2a: Tapu Lele\n|move|p1a: Ceruledge|Shadow Sneak|p2a: Tapu Lele\n|-activate|p2a: Tapu Lele|move: Psychic Terrain\n|\n|upkeep\n|turn|8\n|\n|t:|1700065493\n|switch|p2a: Forretress|Forretress, M|100\/100\n|move|p1a: Ceruledge|Bitter Blade|p2a: Forretress\n|-supereffective|p2a: Forretress\n|-ability|p2a: Forretress|Sturdy\n|-damage|p2a: Forretress|1\/100\n|-heal|p1a: Ceruledge|68\/100|[from] drain|[of] p2a: Forretress\n|\n|upkeep\n|turn|9\n|-enditem|p2a: Forretress|Custap Berry|[eat]\n|-activate|p2a: Forretress|item: Custap Berry|[consumed]\n|\n|t:|1700065505\n|move|p2a: Forretress|Body Press|p1a: Ceruledge\n|-damage|p1a: Ceruledge|0 fnt\n|faint|p1a: Ceruledge\n|\n|upkeep\n|\n|t:|1700065510\n|switch|p1a: Crobat|Crobat, M|100\/100\n|turn|10\n|\n|t:|1700065514\n|move|p1a: Crobat|Defog|p2a: Forretress\n|-unboost|p2a: Forretress|evasion|1\n|-sideend|p1: John-Halsey|Sticky Web|[from] move: Defog|[of] p1a: Crobat\n|-fieldend|move: Psychic Terrain\n|move|p2a: Forretress|Stealth Rock|p1a: Crobat\n|-sidestart|p1: John-Halsey|move: Stealth Rock\n|\n|upkeep\n|turn|11\n|\n|t:|1700065520\n|move|p1a: Crobat|Defog|p2a: Forretress\n|-unboost|p2a: Forretress|evasion|1\n|-sideend|p1: John-Halsey|Stealth Rock|[from] move: Defog|[of] p1a: Crobat\n|move|p2a: Forretress|Spikes|p1a: Crobat\n|-sidestart|p1: John-Halsey|Spikes\n|\n|upkeep\n|turn|12\n|\n|t:|1700065531\n|move|p1a: Crobat|U-turn|p2a: Forretress\n|-resisted|p2a: Forretress\n|-damage|p2a: Forretress|0 fnt\n|faint|p2a: Forretress\n|\n|t:|1700065535\n|switch|p1a: Ninetales|Ninetales-Alola, F|100\/100|[from] U-turn\n|-damage|p1a: Ninetales|88\/100|[from] Spikes\n|-weather|Snow|[from] ability: Snow Warning|[of] p1a: Ninetales\n|\n|-weather|Snow|[upkeep]\n|upkeep\n|\n|t:|1700065542\n|switch|p2a: Slowbro|Slowbro-Galar, M|41\/100\n|turn|13\n|-activate|p2a: Slowbro|ability: Quick Draw\n|\n|t:|1700065546\n|move|p2a: Slowbro|Sludge Bomb|p1a: Ninetales\n|-supereffective|p1a: Ninetales\n|-damage|p1a: Ninetales|0 fnt\n|faint|p1a: Ninetales\n|\n|-weather|Snow|[upkeep]\n|upkeep\n|\n|t:|1700065553\n|switch|p1a: Crobat|Crobat, M|100\/100\n|turn|14\n|-activate|p2a: Slowbro|ability: Quick Draw\n|\n|t:|1700065556\n|move|p2a: Slowbro|Psychic|p1a: Crobat\n|-supereffective|p1a: Crobat\n|-damage|p1a: Crobat|0 fnt\n|faint|p1a: Crobat\n|\n|-weather|Snow|[upkeep]\n|upkeep\n|c|\u2606John-Halsey|nice\n|\n|t:|1700065568\n|switch|p1a: Nidoking|Nidoking, M|100\/100\n|-damage|p1a: Nidoking|88\/100|[from] Spikes\n|turn|15\n|c|\u2606KingoftheTitans|Thank you\n|c|\u2606John-Halsey|great job\n|c|\u2606KingoftheTitans|:)\n|-activate|p2a: Slowbro|ability: Quick Draw\n|\n|t:|1700065587\n|move|p2a: Slowbro|Psychic|p1a: Nidoking\n|-supereffective|p1a: Nidoking\n|-damage|p1a: Nidoking|0 fnt\n|faint|p1a: Nidoking\n|\n|-weather|Snow|[upkeep]\n|upkeep\n|c|\u2606KingoftheTitans|You'll probably kill me this turn with Earth Power\n|c|\u2606KingoftheTitans|...\n|c|\u2606KingoftheTitans|Oh\n|c|\u2606KingoftheTitans|Nvm\n|c|\u2606John-Halsey|gg wp nice pkm\n|-message|John-Halsey forfeited.\n|\n|win|KingoftheTitans\n|raw|John-Halsey's rating: 1207 &rarr; <strong>1190<\/strong><br \/>(-17 for losing)\n|raw|KingoftheTitans's rating: 1317 &rarr; <strong>1331<\/strong><br \/>(+14 for winning)\n|l|\u2606John-Halsey\n","uploadtime":1700065611,"views":29,"p1id":"johnhalsey","p2id":"kingofthetitans","formatid":"gen9nationaldexubers","rating":1190,"private":0,"password":""}