{"id":"gen9nationaldexubers-1988573695","p1":"Dvetheguy","p2":"PremiumTrainer","format":"[Gen 9] National Dex Ubers","log":"|j|\u2606Dvetheguy\n|j|\u2606PremiumTrainer\n|t:|1699737643\n|gametype|singles\n|player|p1|Dvetheguy|veteranf|\n|player|p2|PremiumTrainer|169|\n|teamsize|p1|6\n|teamsize|p2|6\n|gen|9\n|tier|[Gen 9] National Dex Ubers\n|rule|HP Percentage Mod: HP is shown in percentages\n|rule|Endless Battle Clause: Forcing endless battles is banned\n|rule|OHKO Clause: OHKO moves are banned\n|rule|Evasion Moves Clause: Evasion moves are banned\n|rule|Evasion Items Clause: Evasion items are banned\n|rule|Species Clause: Limit one of each Pok\u00e9mon\n|rule|Sleep Clause Mod: Limit one foe put to sleep\n|rule|Mega Rayquaza Clause: You cannot mega evolve Rayquaza\n|clearpoke\n|poke|p1|Porygon2|\n|poke|p1|Lucario, M|\n|poke|p1|Typhlosion-Hisui, F|\n|poke|p1|Golduck, F|\n|poke|p1|Drapion, M|\n|poke|p1|Flygon, M|\n|poke|p2|Skeledirge, M|\n|poke|p2|Kilowattrel, F|\n|poke|p2|Iron Jugulis|\n|poke|p2|Volcarona, F|\n|poke|p2|Palafin, M|\n|poke|p2|Meowscarada, F|\n|teampreview\n|inactive|Battle timer is ON: inactive players will automatically lose when time's up. (requested by Dvetheguy)\n|\n|t:|1699737651\n|start\n|switch|p1a: Typhlosion|Typhlosion-Hisui, F|100\/100\n|switch|p2a: Kiloman|Kilowattrel, F, shiny|100\/100\n|turn|1\n|\n|t:|1699737664\n|move|p2a: Kiloman|Tailwind|p2a: Kiloman\n|-sidestart|p2: PremiumTrainer|move: Tailwind\n|-start|p2a: Kiloman|Charge|Tailwind|[from] ability: Wind Power\n|move|p1a: Typhlosion|Eruption|p2a: Kiloman\n|-damage|p2a: Kiloman|0 fnt\n|faint|p2a: Kiloman\n|\n|upkeep\n|\n|t:|1699737674\n|switch|p2a: Palawin|Palafin, M, shiny|100\/100\n|turn|2\n|\n|t:|1699737680\n|switch|p1a: Drapion|Drapion, M|100\/100\n|move|p2a: Palawin|Jet Punch|p1a: Drapion\n|-damage|p1a: Drapion|76\/100\n|\n|-heal|p1a: Drapion|82\/100|[from] item: Leftovers\n|upkeep\n|turn|3\n|\n|t:|1699737697\n|move|p2a: Palawin|Flip Turn|p1a: Drapion\n|-damage|p1a: Drapion|56\/100\n|\n|t:|1699737703\n|detailschange|p2a: Palawin|Palafin-Hero, M, shiny\n|switch|p2a: Ruglis|Iron Jugulis, shiny|100\/100|[from] Flip Turn\n|-enditem|p2a: Ruglis|Booster Energy\n|-activate|p2a: Ruglis|ability: Quark Drive|[fromitem]\n|-start|p2a: Ruglis|quarkdrivespa\n|move|p1a: Drapion|Knock Off|p2a: Ruglis\n|-resisted|p2a: Ruglis\n|-damage|p2a: Ruglis|85\/100\n|\n|-heal|p1a: Drapion|62\/100|[from] item: Leftovers\n|upkeep\n|turn|4\n|c|\u2606Dvetheguy|tailwind wont save you buddy\n|\n|t:|1699737719\n|move|p2a: Ruglis|Flamethrower|p1a: Drapion\n|-damage|p1a: Drapion|0 fnt\n|faint|p1a: Drapion\n|\n|-sideend|p2: PremiumTrainer|move: Tailwind\n|upkeep\n|\n|t:|1699737726\n|switch|p1a: Golduck|Golduck, F|100\/100\n|turn|5\n|\n|t:|1699737731\n|move|p2a: Ruglis|Dark Pulse|p1a: Golduck\n|-damage|p1a: Golduck|19\/100\n|move|p1a: Golduck|Rain Dance|p1a: Golduck\n|-weather|RainDance\n|\n|-weather|RainDance|[upkeep]\n|upkeep\n|turn|6\n|\n|t:|1699737738\n|move|p1a: Golduck|Ice Beam|p2a: Ruglis\n|-supereffective|p2a: Ruglis\n|-damage|p2a: Ruglis|18\/100\n|-status|p2a: Ruglis|frz\n|cant|p2a: Ruglis|frz\n|\n|-weather|RainDance|[upkeep]\n|upkeep\n|turn|7\n|\n|t:|1699737751\n|move|p1a: Golduck|Surf|p2a: Ruglis\n|-damage|p2a: Ruglis|0 fnt\n|faint|p2a: Ruglis\n|-end|p2a: Ruglis|Quark Drive|[silent]\n|\n|-weather|RainDance|[upkeep]\n|upkeep\n|\n|t:|1699737758\n|switch|p2a: Palawin|Palafin-Hero, M, shiny|100\/100\n|-activate|p2a: Palawin|ability: Zero to Hero\n|turn|8\n|\n|t:|1699737773\n|-terastallize|p2a: Palawin|Grass\n|move|p2a: Palawin|Jet Punch|p1a: Golduck\n|-resisted|p1a: Golduck\n|-damage|p1a: Golduck|0 fnt\n|faint|p1a: Golduck\n|\n|-weather|RainDance|[upkeep]\n|upkeep\n|\n|t:|1699737779\n|switch|p1a: Flygon|Flygon, M|100\/100\n|turn|9\n|\n|t:|1699737786\n|move|p1a: Flygon|First Impression|p2a: Palawin\n|-supereffective|p2a: Palawin\n|-damage|p2a: Palawin|31\/100\n|move|p2a: Palawin|Jet Punch|p1a: Flygon\n|-damage|p1a: Flygon|24\/100\n|\n|-weather|none\n|upkeep\n|turn|10\n|\n|t:|1699737797\n|switch|p1a: Porygon2|Porygon2|100\/100\n|move|p2a: Palawin|Jet Punch|p1a: Porygon2\n|-damage|p1a: Porygon2|74\/100\n|\n|upkeep\n|turn|11\n|\n|t:|1699737824\n|switch|p2a: Dirge|Skeledirge, M, shiny|100\/100\n|move|p1a: Porygon2|Ice Beam|p2a: Dirge\n|-resisted|p2a: Dirge\n|-damage|p2a: Dirge|83\/100\n|-status|p2a: Dirge|frz\n|\n|upkeep\n|turn|12\n|inactive|PremiumTrainer has 270 seconds left.\n|c|\u2606Dvetheguy|get better lil bro\n|c|\u2606PremiumTrainer|Shut up\n|c|\u2606Dvetheguy|this is jojo\n|c|\u2606Dvetheguy|you suck bro\n|c|\u2606PremiumTrainer|Oh god\n|c|\u2606PremiumTrainer|Be qui\n|inactive|PremiumTrainer has 240 seconds left.\n|c|\u2606PremiumTrainer|Be quiet\n|\n|t:|1699737879\n|move|p1a: Porygon2|Shadow Ball|p2a: Dirge\n|-supereffective|p2a: Dirge\n|-damage|p2a: Dirge|32\/100 frz\n|-enditem|p2a: Dirge|Weakness Policy\n|-boost|p2a: Dirge|atk|2|[from] item: Weakness Policy\n|-boost|p2a: Dirge|spa|2|[from] item: Weakness Policy\n|cant|p2a: Dirge|frz\n|\n|upkeep\n|turn|13\n|c|\u2606Dvetheguy|don't lose to my lil bro now\n|inactive|PremiumTrainer has 240 seconds left.\n|c|\u2606Dvetheguy|im watchin\n|\n|t:|1699737894\n|switch|p2a: Volcan|Volcarona, F, shiny|100\/100\n|move|p1a: Porygon2|Shadow Ball|p2a: Volcan\n|-damage|p2a: Volcan|68\/100\n|\n|upkeep\n|turn|14\n|inactive|PremiumTrainer has 240 seconds left.\n|\n|t:|1699737918\n|move|p2a: Volcan|Quiver Dance|p2a: Volcan\n|-boost|p2a: Volcan|spa|1\n|-boost|p2a: Volcan|spd|1\n|-boost|p2a: Volcan|spe|1\n|move|p1a: Porygon2|Psychic|p2a: Volcan\n|-damage|p2a: Volcan|44\/100\n|\n|upkeep\n|turn|15\n|\n|t:|1699737926\n|switch|p1a: Typhlosion|Typhlosion-Hisui, F|100\/100\n|move|p2a: Volcan|Quiver Dance|p2a: Volcan\n|-boost|p2a: Volcan|spa|1\n|-boost|p2a: Volcan|spd|1\n|-boost|p2a: Volcan|spe|1\n|\n|upkeep\n|turn|16\n|\n|t:|1699737934\n|move|p2a: Volcan|Morning Sun|p2a: Volcan\n|-heal|p2a: Volcan|94\/100\n|move|p1a: Typhlosion|Eruption|p2a: Volcan\n|-damage|p2a: Volcan|62\/100\n|\n|upkeep\n|turn|17\n|\n|t:|1699737943\n|move|p2a: Volcan|Quiver Dance|p2a: Volcan\n|-boost|p2a: Volcan|spa|1\n|-boost|p2a: Volcan|spd|1\n|-boost|p2a: Volcan|spe|1\n|move|p1a: Typhlosion|Eruption|p2a: Volcan\n|-damage|p2a: Volcan|36\/100\n|\n|upkeep\n|turn|18\n|c|\u2606Dvetheguy|bro\n|\n|t:|1699737954\n|move|p2a: Volcan|Morning Sun|p2a: Volcan\n|-heal|p2a: Volcan|86\/100\n|move|p1a: Typhlosion|Eruption|p2a: Volcan\n|-damage|p2a: Volcan|57\/100\n|\n|upkeep\n|turn|19\n|\n|t:|1699737962\n|move|p2a: Volcan|Quiver Dance|p2a: Volcan\n|-boost|p2a: Volcan|spa|1\n|-boost|p2a: Volcan|spd|1\n|-boost|p2a: Volcan|spe|1\n|move|p1a: Typhlosion|Eruption|p2a: Volcan\n|-damage|p2a: Volcan|35\/100\n|\n|upkeep\n|turn|20\n|inactive|PremiumTrainer has 270 seconds left.\n|\n|t:|1699737973\n|move|p2a: Volcan|Morning Sun|p2a: Volcan\n|-heal|p2a: Volcan|85\/100\n|move|p1a: Typhlosion|Eruption|p2a: Volcan\n|-damage|p2a: Volcan|59\/100\n|\n|upkeep\n|turn|21\n|inactive|PremiumTrainer has 270 seconds left.\n|c|\u2606Dvetheguy|you monkey\n|c|\u2606PremiumTrainer|Too ez\n|\n|t:|1699737994\n|move|p2a: Volcan|Bug Buzz|p1a: Typhlosion\n|-resisted|p1a: Typhlosion\n|-damage|p1a: Typhlosion|46\/100\n|move|p1a: Typhlosion|Eruption|p2a: Volcan\n|-damage|p2a: Volcan|49\/100\n|\n|-heal|p1a: Typhlosion|52\/100|[from] item: Leftovers\n|upkeep\n|turn|22\n|inactive|PremiumTrainer has 270 seconds left.\n|\n|t:|1699738009\n|move|p2a: Volcan|Quiver Dance|p2a: Volcan\n|-boost|p2a: Volcan|spa|1\n|-boost|p2a: Volcan|spd|1\n|-boost|p2a: Volcan|spe|1\n|move|p1a: Typhlosion|Infernal Parade|p2a: Volcan\n|-damage|p2a: Volcan|42\/100\n|\n|-heal|p1a: Typhlosion|58\/100|[from] item: Leftovers\n|upkeep\n|turn|23\n|inactive|PremiumTrainer has 270 seconds left.\n|c|\u2606PremiumTrainer|Hilarious\n|\n|t:|1699738022\n|move|p2a: Volcan|Quiver Dance|p2a: Volcan\n|-boost|p2a: Volcan|spa|1\n|-boost|p2a: Volcan|spd|1\n|-boost|p2a: Volcan|spe|1\n|move|p1a: Typhlosion|Infernal Parade|p2a: Volcan\n|-damage|p2a: Volcan|34\/100\n|\n|-heal|p1a: Typhlosion|64\/100|[from] item: Leftovers\n|upkeep\n|turn|24\n|inactive|PremiumTrainer has 270 seconds left.\n|c|\u2606Dvetheguy|bro\n|c|\u2606PremiumTrainer|Ggs\n|inactive|Dvetheguy has 270 seconds left.\n|\n|t:|1699738050\n|move|p2a: Volcan|Morning Sun|p2a: Volcan\n|-heal|p2a: Volcan|84\/100\n|move|p1a: Typhlosion|Infernal Parade|p2a: Volcan\n|-damage|p2a: Volcan|77\/100\n|\n|-heal|p1a: Typhlosion|69\/100|[from] item: Leftovers\n|upkeep\n|turn|25\n|inactive|Dvetheguy has 270 seconds left.\n|inactive|PremiumTrainer has 270 seconds left.\n|c|\u2606Dvetheguy|this is why you chose ubers you black ape\n|\n|t:|1699738067\n|move|p2a: Volcan|Bug Buzz|p1a: Typhlosion\n|-resisted|p1a: Typhlosion\n|-damage|p1a: Typhlosion|2\/100\n|move|p1a: Typhlosion|Infernal Parade|p2a: Volcan\n|-damage|p2a: Volcan|69\/100\n|\n|-heal|p1a: Typhlosion|8\/100|[from] item: Leftovers\n|upkeep\n|turn|26\n|c|\u2606PremiumTrainer|No\n|inactive|PremiumTrainer has 270 seconds left.\n|c|\u2606PremiumTrainer|I told you\n|c|\u2606PremiumTrainer|My paladin couldn't enter\n|\n|t:|1699738092\n|move|p2a: Volcan|Bug Buzz|p1a: Typhlosion\n|-resisted|p1a: Typhlosion\n|-damage|p1a: Typhlosion|0 fnt\n|faint|p1a: Typhlosion\n|\n|upkeep\n|c|\u2606Dvetheguy|smh still sucking that same volcarona since 1935\n|inactive|Dvetheguy has 270 seconds left.\n|c|\u2606Dvetheguy|ong\n|\n|t:|1699738105\n|switch|p1a: Lucario|Lucario, M|100\/100\n|turn|27\n|inactive|Dvetheguy has 270 seconds left.\n|\n|t:|1699738116\n|move|p1a: Lucario|Extreme Speed|p2a: Volcan\n|-damage|p2a: Volcan|36\/100\n|move|p2a: Volcan|Flamethrower|p1a: Lucario\n|-supereffective|p1a: Lucario\n|-damage|p1a: Lucario|0 fnt\n|faint|p1a: Lucario\n|\n|upkeep\n|inactive|Dvetheguy has 270 seconds left.\n|\n|t:|1699738123\n|switch|p1a: Porygon2|Porygon2|74\/100\n|turn|28\n|c|\u2606PremiumTrainer|Ez\n|\n|t:|1699738132\n|move|p2a: Volcan|Flamethrower|p1a: Porygon2\n|-damage|p1a: Porygon2|0 fnt\n|faint|p1a: Porygon2\n|\n|upkeep\n|c|\u2606Dvetheguy|shut up monkey\n|c|\u2606PremiumTrainer|Ez\n|inactive|Dvetheguy has 270 seconds left.\n|c|\u2606Dvetheguy|everyone spams volcarona and im sick of it\n|\n|t:|1699738152\n|switch|p1a: Flygon|Flygon, M|24\/100\n|turn|29\n|c|\u2606PremiumTrainer|ImGi\n|c|\u2606PremiumTrainer|Imagine\n|\n|t:|1699738164\n|move|p1a: Flygon|First Impression|p2a: Volcan\n|-resisted|p2a: Volcan\n|-damage|p2a: Volcan|7\/100\n|-status|p1a: Flygon|brn|[from] ability: Flame Body|[of] p2a: Volcan\n|move|p2a: Volcan|Bug Buzz|p1a: Flygon\n|-damage|p1a: Flygon|0 fnt\n|faint|p1a: Flygon\n|\n|win|PremiumTrainer\n|c|\u2606PremiumTrainer|Too ez\n|l|\u2606Dvetheguy\n|l|\u2606PremiumTrainer\n|j|\u2606Dvetheguy\n|player|p1|Dvetheguy|veteranf\n|c|\u2606Dvetheguy|fight me again bro\n|l|\u2606Dvetheguy\n|player|p1|\n|j|\u2606PremiumTrainer\n|player|p2|PremiumTrainer|169\n","uploadtime":1699738458,"views":18,"p1id":"dvetheguy","p2id":"premiumtrainer","formatid":"gen9nationaldexubers","rating":0,"private":0,"password":""}