{"id":"gen9nationaldexubers-1983961603","p1":"i like serperior","p2":"Siege Team","format":"[Gen 9] National Dex Ubers","log":"|j|\u2606i like serperior\n|j|\u203dSiege Team\n|t:|1699204485\n|gametype|singles\n|player|p1|i like serperior|colress|1538\n|player|p2|Siege Team|veteran|1495\n|teamsize|p1|6\n|teamsize|p2|6\n|gen|9\n|tier|[Gen 9] National Dex Ubers\n|rated|\n|rule|HP Percentage Mod: HP is shown in percentages\n|rule|Endless Battle Clause: Forcing endless battles is banned\n|rule|OHKO Clause: OHKO moves are banned\n|rule|Evasion Moves Clause: Evasion moves are banned\n|rule|Evasion Items Clause: Evasion items are banned\n|rule|Species Clause: Limit one of each Pok\u00e9mon\n|rule|Sleep Clause Mod: Limit one foe put to sleep\n|rule|Mega Rayquaza Clause: You cannot mega evolve Rayquaza\n|clearpoke\n|poke|p1|Groudon|\n|poke|p1|Rayquaza|\n|poke|p1|Ribombee, F|\n|poke|p1|Kyurem-Black|\n|poke|p1|Yveltal|\n|poke|p1|Necrozma-Dawn-Wings|\n|poke|p2|Necrozma-Dusk-Mane|\n|poke|p2|Dialga-Origin|\n|poke|p2|Tyranitar, M|\n|poke|p2|Groudon|\n|poke|p2|Rayquaza|\n|poke|p2|Arceus-Flying|\n|teampreview\n|inactive|Battle timer is ON: inactive players will automatically lose when time's up. (requested by Siege Team)\n|\n|t:|1699204537\n|start\n|switch|p1a: Orbital strike|Rayquaza|100\/100\n|switch|p2a: Arceus|Arceus-Flying|100\/100\n|-ability|p1a: Orbital strike|Air Lock\n|turn|1\n|\n|t:|1699204544\n|move|p2a: Arceus|Ice Beam|p1a: Orbital strike\n|-supereffective|p1a: Orbital strike\n|-damage|p1a: Orbital strike|0 fnt\n|faint|p1a: Orbital strike\n|\n|upkeep\n|\n|t:|1699204549\n|switch|p1a: Frost bite|Kyurem-Black, shiny|100\/100\n|-ability|p1a: Frost bite|Teravolt\n|turn|2\n|\n|t:|1699204554\n|-terastallize|p2a: Arceus|Rock\n|move|p2a: Arceus|Tera Blast|p1a: Frost bite|[anim] Tera Blast Rock\n|-supereffective|p1a: Frost bite\n|-damage|p1a: Frost bite|29\/100\n|move|p1a: Frost bite|Dragon Dance|p1a: Frost bite\n|-boost|p1a: Frost bite|atk|1\n|-boost|p1a: Frost bite|spe|1\n|\n|upkeep\n|turn|3\n|\n|t:|1699204563\n|move|p1a: Frost bite|Scale Shot|p2a: Arceus\n|-damage|p2a: Arceus|81\/100\n|-damage|p2a: Arceus|59\/100\n|-damage|p2a: Arceus|41\/100\n|-damage|p2a: Arceus|21\/100\n|-crit|p2a: Arceus\n|-damage|p2a: Arceus|0 fnt\n|faint|p2a: Arceus\n|-hitcount|p2: Arceus|5\n|-unboost|p1a: Frost bite|def|1\n|-boost|p1a: Frost bite|spe|1\n|\n|upkeep\n|\n|t:|1699204575\n|switch|p2a: Rayquaza|Rayquaza|100\/100\n|-ability|p2a: Rayquaza|Air Lock\n|turn|4\n|\n|t:|1699204580\n|switch|p1a: EOS|Necrozma-Dawn-Wings|100\/100\n|move|p2a: Rayquaza|Extreme Speed|p1a: EOS\n|-immune|p1a: EOS\n|\n|upkeep\n|turn|5\n|\n|t:|1699204586\n|switch|p2a: Tyranitar|Tyranitar, M, shiny|100\/100\n|-weather|Sandstorm|[from] ability: Sand Stream|[of] p2a: Tyranitar\n|move|p1a: EOS|Iron Defense|p1a: EOS\n|-boost|p1a: EOS|def|2\n|\n|-weather|Sandstorm|[upkeep]\n|-damage|p1a: EOS|94\/100|[from] Sandstorm\n|-heal|p1a: EOS|100\/100|[from] item: Leftovers\n|upkeep\n|turn|6\n|\n|t:|1699204597\n|switch|p1a: Frost bite|Kyurem-Black, shiny|29\/100\n|-ability|p1a: Frost bite|Teravolt\n|detailschange|p2a: Tyranitar|Tyranitar-Mega, M, shiny\n|-mega|p2a: Tyranitar|Tyranitar|Tyranitarite\n|move|p2a: Tyranitar|Dragon Dance|p2a: Tyranitar\n|-boost|p2a: Tyranitar|atk|1\n|-boost|p2a: Tyranitar|spe|1\n|\n|-weather|Sandstorm|[upkeep]\n|-damage|p1a: Frost bite|22\/100|[from] Sandstorm\n|upkeep\n|turn|7\n|\n|t:|1699204608\n|move|p2a: Tyranitar|Foul Play|p1a: Frost bite\n|-damage|p1a: Frost bite|0 fnt\n|faint|p1a: Frost bite\n|\n|-weather|Sandstorm|[upkeep]\n|upkeep\n|\n|t:|1699204610\n|switch|p1a: Bagan|Groudon, shiny|100\/100\n|detailschange|p1a: Bagan|Groudon-Primal, shiny\n|-primal|p1a: Bagan|Red Orb\n|-weather|DesolateLand|[from] ability: Desolate Land|[of] p1a: Bagan\n|turn|8\n|\n|t:|1699204620\n|switch|p2a: Rayquaza|Rayquaza|100\/100\n|-ability|p2a: Rayquaza|Air Lock\n|move|p1a: Bagan|Precipice Blades|p2a: Rayquaza\n|-immune|p2a: Rayquaza\n|\n|-weather|DesolateLand|[upkeep]\n|upkeep\n|turn|9\n|\n|t:|1699204630\n|move|p2a: Rayquaza|Surf|p1a: Bagan\n|-supereffective|p1a: Bagan\n|-damage|p1a: Bagan|0 fnt\n|faint|p1a: Bagan\n|-weather|none\n|\n|upkeep\n|\n|t:|1699204633\n|switch|p1a: Nui rama|Ribombee, F|100\/100\n|turn|10\n|\n|t:|1699204638\n|switch|p1a: Yveltal|Yveltal, shiny|100\/100\n|-ability|p1a: Yveltal|Dark Aura\n|move|p2a: Rayquaza|Dragon Ascent|p1a: Yveltal\n|-damage|p1a: Yveltal|50\/100\n|-unboost|p2a: Rayquaza|def|1\n|-unboost|p2a: Rayquaza|spd|1\n|\n|-heal|p1a: Yveltal|56\/100|[from] item: Leftovers\n|upkeep\n|turn|11\n|\n|t:|1699204649\n|switch|p2a: Tyranitar|Tyranitar-Mega, M, shiny|100\/100\n|-weather|Sandstorm|[from] ability: Sand Stream|[of] p2a: Tyranitar\n|move|p1a: Yveltal|Oblivion Wing|p2a: Tyranitar\n|-resisted|p2a: Tyranitar\n|-damage|p2a: Tyranitar|90\/100\n|-heal|p1a: Yveltal|62\/100|[from] drain|[of] p2a: Tyranitar\n|\n|-weather|Sandstorm|[upkeep]\n|-damage|p1a: Yveltal|56\/100|[from] Sandstorm\n|-heal|p1a: Yveltal|62\/100|[from] item: Leftovers\n|upkeep\n|turn|12\n|\n|t:|1699204662\n|-terastallize|p1a: Yveltal|Steel\n|move|p2a: Tyranitar|Rock Tomb|p1a: Yveltal\n|-resisted|p1a: Yveltal\n|-damage|p1a: Yveltal|48\/100\n|-unboost|p1a: Yveltal|spe|1\n|move|p1a: Yveltal|Toxic|p2a: Tyranitar\n|-status|p2a: Tyranitar|tox\n|\n|-weather|Sandstorm|[upkeep]\n|-heal|p1a: Yveltal|55\/100|[from] item: Leftovers\n|-damage|p2a: Tyranitar|84\/100 tox|[from] psn\n|upkeep\n|turn|13\n|\n|t:|1699204674\n|move|p2a: Tyranitar|Earthquake|p1a: Yveltal\n|-supereffective|p1a: Yveltal\n|-damage|p1a: Yveltal|0 fnt\n|faint|p1a: Yveltal\n|\n|-weather|Sandstorm|[upkeep]\n|-damage|p2a: Tyranitar|72\/100 tox|[from] psn\n|upkeep\n|\n|t:|1699204680\n|switch|p1a: Nui rama|Ribombee, F|100\/100\n|turn|14\n|\n|t:|1699204685\n|move|p1a: Nui rama|Moonblast|p2a: Tyranitar\n|-supereffective|p2a: Tyranitar\n|-damage|p2a: Tyranitar|28\/100 tox\n|-unboost|p2a: Tyranitar|spa|1\n|move|p2a: Tyranitar|Rock Tomb|p1a: Nui rama\n|-supereffective|p1a: Nui rama\n|-enditem|p1a: Nui rama|Focus Sash\n|-damage|p1a: Nui rama|1\/100\n|\n|-weather|Sandstorm|[upkeep]\n|-damage|p1a: Nui rama|0 fnt|[from] Sandstorm\n|faint|p1a: Nui rama\n|-damage|p2a: Tyranitar|10\/100 tox|[from] psn\n|upkeep\n|\n|t:|1699204688\n|switch|p1a: EOS|Necrozma-Dawn-Wings|100\/100\n|turn|15\n|\n|t:|1699204701\n|move|p2a: Tyranitar|Rock Tomb|p1a: EOS\n|-damage|p1a: EOS|74\/100\n|-unboost|p1a: EOS|spe|1\n|move|p1a: EOS|Iron Defense|p1a: EOS\n|-boost|p1a: EOS|def|2\n|\n|-weather|none\n|-heal|p1a: EOS|80\/100|[from] item: Leftovers\n|-damage|p2a: Tyranitar|0 fnt|[from] psn\n|faint|p2a: Tyranitar\n|upkeep\n|\n|t:|1699204720\n|switch|p2a: Dialga|Dialga-Origin|100\/100\n|-ability|p2a: Dialga|Pressure\n|turn|16\n|\n|t:|1699204728\n|move|p2a: Dialga|Dragon Pulse|p1a: EOS\n|-damage|p1a: EOS|38\/100\n|move|p1a: EOS|Calm Mind|p1a: EOS\n|-boost|p1a: EOS|spa|1\n|-boost|p1a: EOS|spd|1\n|\n|-heal|p1a: EOS|44\/100|[from] item: Leftovers\n|upkeep\n|turn|17\n|\n|t:|1699204736\n|move|p2a: Dialga|Dragon Pulse|p1a: EOS\n|-damage|p1a: EOS|17\/100\n|move|p1a: EOS|Moonlight|p1a: EOS\n|-heal|p1a: EOS|67\/100\n|\n|-heal|p1a: EOS|73\/100|[from] item: Leftovers\n|upkeep\n|turn|18\n|\n|t:|1699204745\n|move|p2a: Dialga|Flash Cannon|p1a: EOS\n|-damage|p1a: EOS|43\/100\n|move|p1a: EOS|Calm Mind|p1a: EOS\n|-boost|p1a: EOS|spa|1\n|-boost|p1a: EOS|spd|1\n|\n|-heal|p1a: EOS|49\/100|[from] item: Leftovers\n|upkeep\n|turn|19\n|\n|t:|1699204754\n|move|p2a: Dialga|Flash Cannon|p1a: EOS\n|-damage|p1a: EOS|29\/100\n|move|p1a: EOS|Moonlight|p1a: EOS\n|-heal|p1a: EOS|79\/100\n|\n|-heal|p1a: EOS|85\/100|[from] item: Leftovers\n|upkeep\n|turn|20\n|\n|t:|1699204766\n|move|p2a: Dialga|Flash Cannon|p1a: EOS\n|-damage|p1a: EOS|65\/100\n|move|p1a: EOS|Calm Mind|p1a: EOS\n|-boost|p1a: EOS|spa|1\n|-boost|p1a: EOS|spd|1\n|\n|-heal|p1a: EOS|71\/100|[from] item: Leftovers\n|upkeep\n|turn|21\n|\n|t:|1699204774\n|move|p2a: Dialga|Flash Cannon|p1a: EOS\n|-damage|p1a: EOS|54\/100\n|move|p1a: EOS|Calm Mind|p1a: EOS\n|-boost|p1a: EOS|spa|1\n|-boost|p1a: EOS|spd|1\n|\n|-heal|p1a: EOS|60\/100|[from] item: Leftovers\n|upkeep\n|turn|22\n|\n|t:|1699204784\n|move|p2a: Dialga|Flash Cannon|p1a: EOS\n|-damage|p1a: EOS|44\/100\n|-unboost|p1a: EOS|spd|1\n|move|p1a: EOS|Moonlight|p1a: EOS\n|-heal|p1a: EOS|94\/100\n|\n|-heal|p1a: EOS|100\/100|[from] item: Leftovers\n|upkeep\n|turn|23\n|\n|t:|1699204794\n|move|p2a: Dialga|Flash Cannon|p1a: EOS\n|-damage|p1a: EOS|83\/100\n|move|p1a: EOS|Iron Defense|p1a: EOS\n|-boost|p1a: EOS|def|2\n|\n|-heal|p1a: EOS|89\/100|[from] item: Leftovers\n|upkeep\n|turn|24\n|\n|t:|1699204802\n|move|p2a: Dialga|Flash Cannon|p1a: EOS\n|-damage|p1a: EOS|71\/100\n|move|p1a: EOS|Calm Mind|p1a: EOS\n|-boost|p1a: EOS|spa|1\n|-boost|p1a: EOS|spd|1\n|\n|-heal|p1a: EOS|77\/100|[from] item: Leftovers\n|upkeep\n|turn|25\n|\n|t:|1699204810\n|move|p2a: Dialga|Flash Cannon|p1a: EOS\n|-damage|p1a: EOS|62\/100\n|move|p1a: EOS|Calm Mind|p1a: EOS\n|-boost|p1a: EOS|spa|1\n|-boost|p1a: EOS|spd|1\n|\n|-heal|p1a: EOS|68\/100|[from] item: Leftovers\n|upkeep\n|turn|26\n|\n|t:|1699204818\n|move|p2a: Dialga|Flash Cannon|p1a: EOS\n|-damage|p1a: EOS|56\/100\n|move|p1a: EOS|Moonlight|p1a: EOS\n|-heal|p1a: EOS|100\/100\n|\n|upkeep\n|turn|27\n|\n|t:|1699204825\n|move|p2a: Dialga|Flash Cannon|p1a: EOS\n|-damage|p1a: EOS|88\/100\n|move|p1a: EOS|Stored Power|p2a: Dialga\n|-resisted|p2a: Dialga\n|-damage|p2a: Dialga|0 fnt\n|faint|p2a: Dialga\n|\n|-heal|p1a: EOS|94\/100|[from] item: Leftovers\n|upkeep\n|\n|t:|1699204835\n|switch|p2a: Rayquaza|Rayquaza|100\/100\n|-ability|p2a: Rayquaza|Air Lock\n|turn|28\n|\n|t:|1699204840\n|move|p2a: Rayquaza|Dragon Ascent|p1a: EOS\n|-damage|p1a: EOS|78\/100\n|-unboost|p2a: Rayquaza|def|1\n|-unboost|p2a: Rayquaza|spd|1\n|move|p1a: EOS|Stored Power|p2a: Rayquaza\n|-enditem|p2a: Rayquaza|Focus Sash\n|-damage|p2a: Rayquaza|1\/100\n|\n|-heal|p1a: EOS|84\/100|[from] item: Leftovers\n|upkeep\n|turn|29\n|\n|t:|1699204851\n|move|p2a: Rayquaza|Dragon Ascent|p1a: EOS\n|-damage|p1a: EOS|68\/100\n|-unboost|p2a: Rayquaza|def|1\n|-unboost|p2a: Rayquaza|spd|1\n|move|p1a: EOS|Stored Power|p2a: Rayquaza\n|-crit|p2a: Rayquaza\n|-damage|p2a: Rayquaza|0 fnt\n|faint|p2a: Rayquaza\n|\n|-heal|p1a: EOS|74\/100|[from] item: Leftovers\n|upkeep\n|\n|t:|1699204862\n|switch|p2a: Groudon|Groudon, shiny|100\/100\n|detailschange|p2a: Groudon|Groudon-Primal, shiny\n|-primal|p2a: Groudon|Red Orb\n|-weather|DesolateLand|[from] ability: Desolate Land|[of] p2a: Groudon\n|turn|30\n|\n|t:|1699204868\n|move|p2a: Groudon|Heat Crash|p1a: EOS\n|-damage|p1a: EOS|63\/100\n|move|p1a: EOS|Moonlight|p1a: EOS\n|-heal|p1a: EOS|100\/100\n|\n|-weather|DesolateLand|[upkeep]\n|upkeep\n|turn|31\n|\n|t:|1699204874\n|move|p2a: Groudon|Heat Crash|p1a: EOS\n|-damage|p1a: EOS|87\/100\n|move|p1a: EOS|Iron Defense|p1a: EOS\n|-boost|p1a: EOS|def|2\n|\n|-weather|DesolateLand|[upkeep]\n|-heal|p1a: EOS|93\/100|[from] item: Leftovers\n|upkeep\n|turn|32\n|\n|t:|1699204882\n|move|p2a: Groudon|Heat Crash|p1a: EOS\n|-damage|p1a: EOS|84\/100\n|move|p1a: EOS|Stored Power|p2a: Groudon\n|-damage|p2a: Groudon|0 fnt\n|faint|p2a: Groudon\n|-weather|none\n|\n|-heal|p1a: EOS|90\/100|[from] item: Leftovers\n|upkeep\n|\n|t:|1699204892\n|switch|p2a: Necrozma|Necrozma-Dusk-Mane|100\/100\n|turn|33\n|\n|t:|1699204895\n|move|p2a: Necrozma|Sunsteel Strike|p1a: EOS\n|-damage|p1a: EOS|78\/100\n|move|p1a: EOS|Stored Power|p2a: Necrozma\n|-resisted|p2a: Necrozma\n|-damage|p2a: Necrozma|0 fnt\n|faint|p2a: Necrozma\n|\n|win|i like serperior\n|raw|i like serperior's rating: 1538 &rarr; <strong>1556<\/strong><br \/>(+18 for winning)\n|raw|Siege Team's rating: 1495 &rarr; <strong>1477<\/strong><br \/>(-18 for losing)\n|l|\u203dSiege Team\n","uploadtime":1699204906,"views":3,"p1id":"ilikeserperior","p2id":"siegeteam","formatid":"gen9nationaldexubers","rating":1477,"private":0,"password":""}