{"id":"gen9nationaldexubers-1997934461","p1":"Zinner02","p2":"thicc arrow","format":"[Gen 9] National Dex Ubers","log":"|j|\u2606Zinner02\n|j|\u2606thicc arrow\n|t:|1700869256\n|gametype|singles\n|player|p1|Zinner02|hilda-wonderlauncher|1223\n|player|p2|thicc arrow|266|1164\n|teamsize|p1|6\n|teamsize|p2|6\n|gen|9\n|tier|[Gen 9] National Dex Ubers\n|rated|\n|rule|HP Percentage Mod: HP is shown in percentages\n|rule|Endless Battle Clause: Forcing endless battles is banned\n|rule|OHKO Clause: OHKO moves are banned\n|rule|Evasion Moves Clause: Evasion moves are banned\n|rule|Evasion Items Clause: Evasion items are banned\n|rule|Species Clause: Limit one of each Pok\u00e9mon\n|rule|Sleep Clause Mod: Limit one foe put to sleep\n|rule|Mega Rayquaza Clause: You cannot mega evolve Rayquaza\n|clearpoke\n|poke|p1|Azelf|\n|poke|p1|Necrozma-Dusk-Mane|\n|poke|p1|Kyurem-Black|\n|poke|p1|Kangaskhan, F|\n|poke|p1|Basculin-White-Striped, F|\n|poke|p1|Zacian-*|\n|poke|p2|Skeledirge, F|\n|poke|p2|Volcarona, M|\n|poke|p2|Torkoal, M|\n|poke|p2|Incineroar, M|\n|poke|p2|Armarouge, M|\n|poke|p2|Charizard, M|\n|teampreview\n|\n|t:|1700869263\n|start\n|switch|p1a: Kangaskhan|Kangaskhan, F|100\/100\n|switch|p2a: Torkoal|Torkoal, M|100\/100\n|-weather|SunnyDay|[from] ability: Drought|[of] p2a: Torkoal\n|turn|1\n|\n|t:|1700869275\n|detailschange|p1a: Kangaskhan|Kangaskhan-Mega, F\n|-mega|p1a: Kangaskhan|Kangaskhan|Kangaskhanite\n|move|p1a: Kangaskhan|Fake Out|p2a: Torkoal\n|-damage|p2a: Torkoal|89\/100\n|-damage|p2a: Torkoal|86\/100\n|-hitcount|p2a: Torkoal|2\n|cant|p2a: Torkoal|flinch\n|\n|-weather|SunnyDay|[upkeep]\n|upkeep\n|turn|2\n|\n|t:|1700869291\n|move|p1a: Kangaskhan|Seismic Toss|p2a: Torkoal\n|-damage|p2a: Torkoal|57\/100\n|-damage|p2a: Torkoal|28\/100\n|-hitcount|p2a: Torkoal|2\n|move|p2a: Torkoal|Will-O-Wisp|p1a: Kangaskhan|[miss]\n|-miss|p2a: Torkoal|p1a: Kangaskhan\n|\n|-weather|SunnyDay|[upkeep]\n|upkeep\n|turn|3\n|inactive|Battle timer is ON: inactive players will automatically lose when time's up. (requested by thicc arrow)\n|\n|t:|1700869300\n|switch|p2a: Armarouge|Armarouge, M|100\/100\n|move|p1a: Kangaskhan|Seismic Toss|p2a: Armarouge\n|-damage|p2a: Armarouge|74\/100\n|-ability|p2a: Armarouge|Weak Armor|boost\n|-unboost|p2a: Armarouge|def|1\n|-boost|p2a: Armarouge|spe|2\n|-damage|p2a: Armarouge|47\/100\n|-ability|p2a: Armarouge|Weak Armor|boost\n|-unboost|p2a: Armarouge|def|1\n|-boost|p2a: Armarouge|spe|2\n|-hitcount|p2a: Armarouge|2\n|\n|-weather|SunnyDay|[upkeep]\n|upkeep\n|turn|4\n|\n|t:|1700869323\n|move|p1a: Kangaskhan|Sucker Punch|p2a: Armarouge\n|-supereffective|p2a: Armarouge\n|-damage|p2a: Armarouge|0 fnt\n|faint|p2a: Armarouge\n|-hitcount|p2: Armarouge|1\n|\n|-weather|SunnyDay|[upkeep]\n|upkeep\n|\n|t:|1700869337\n|switch|p2a: Charizard|Charizard, M|100\/100\n|turn|5\n|\n|t:|1700869343\n|detailschange|p2a: Charizard|Charizard-Mega-Y, M\n|-mega|p2a: Charizard|Charizard|Charizardite Y\n|move|p1a: Kangaskhan|Seismic Toss|p2a: Charizard\n|-damage|p2a: Charizard|67\/100\n|-damage|p2a: Charizard|33\/100\n|-hitcount|p2a: Charizard|2\n|move|p2a: Charizard|Flamethrower|p1a: Kangaskhan\n|-damage|p1a: Kangaskhan|34\/100\n|\n|-weather|SunnyDay|[upkeep]\n|upkeep\n|turn|6\n|\n|t:|1700869355\n|move|p1a: Kangaskhan|Sucker Punch|p2a: Charizard\n|-damage|p2a: Charizard|4\/100\n|-damage|p2a: Charizard|0 fnt\n|faint|p2a: Charizard\n|-hitcount|p2: Charizard|2\n|\n|-weather|SunnyDay|[upkeep]\n|upkeep\n|\n|t:|1700869363\n|switch|p2a: Incineroar|Incineroar, M|100\/100\n|-ability|p2a: Incineroar|Intimidate|boost\n|-unboost|p1a: Kangaskhan|atk|1\n|turn|7\n|\n|t:|1700869366\n|switch|p1a: Azul|Azelf|100\/100\n|move|p2a: Incineroar|Fake Out|p1a: Azul\n|-damage|p1a: Azul|78\/100\n|\n|-weather|SunnyDay|[upkeep]\n|upkeep\n|turn|8\n|\n|t:|1700869385\n|move|p1a: Azul|U-turn|p2a: Incineroar\n|-damage|p2a: Incineroar|80\/100\n|-damage|p1a: Azul|68\/100|[from] item: Life Orb\n|\n|t:|1700869395\n|switch|p1a: Black|Kyurem-Black|100\/100|[from] U-turn\n|-ability|p1a: Black|Teravolt\n|move|p2a: Incineroar|Darkest Lariat|p1a: Black\n|-damage|p1a: Black|60\/100\n|\n|-weather|none\n|upkeep\n|turn|9\n|\n|t:|1700869409\n|move|p1a: Black|Dragon Dance|p1a: Black\n|-boost|p1a: Black|atk|1\n|-boost|p1a: Black|spe|1\n|move|p2a: Incineroar|Parting Shot|p1a: Black\n|-unboost|p1a: Black|atk|1\n|-unboost|p1a: Black|spa|1\n|\n|t:|1700869415\n|switch|p2a: Torkoal|Torkoal, M|28\/100|[from] Parting Shot\n|-weather|SunnyDay|[from] ability: Drought|[of] p2a: Torkoal\n|\n|-weather|SunnyDay|[upkeep]\n|upkeep\n|turn|10\n|\n|t:|1700869421\n|move|p1a: Black|Fusion Bolt|p2a: Torkoal\n|-damage|p2a: Torkoal|0 fnt\n|faint|p2a: Torkoal\n|\n|-weather|SunnyDay|[upkeep]\n|upkeep\n|\n|t:|1700869442\n|switch|p2a: Skeledirge|Skeledirge, F|100\/100\n|turn|11\n|\n|t:|1700869449\n|move|p1a: Black|Fusion Bolt|p2a: Skeledirge\n|-damage|p2a: Skeledirge|62\/100\n|move|p2a: Skeledirge|Torch Song|p1a: Black\n|-damage|p1a: Black|0 fnt\n|-boost|p2a: Skeledirge|spa|1\n|faint|p1a: Black\n|\n|-weather|SunnyDay|[upkeep]\n|upkeep\n|\n|t:|1700869461\n|switch|p1a: White|Basculin-White-Striped, F|100\/100\n|turn|12\n|\n|t:|1700869465\n|move|p1a: White|Flip Turn|p2a: Skeledirge\n|-supereffective|p2a: Skeledirge\n|-damage|p2a: Skeledirge|28\/100\n|\n|t:|1700869471\n|switch|p1a: Azul|Azelf|68\/100|[from] Flip Turn\n|move|p2a: Skeledirge|Torch Song|p1a: Azul\n|-damage|p1a: Azul|0 fnt\n|-boost|p2a: Skeledirge|spa|1\n|faint|p1a: Azul\n|\n|-weather|SunnyDay|[upkeep]\n|upkeep\n|\n|t:|1700869482\n|switch|p1a: White|Basculin-White-Striped, F|100\/100\n|turn|13\n|\n|t:|1700869488\n|move|p1a: White|Flip Turn|p2a: Skeledirge\n|-supereffective|p2a: Skeledirge\n|-damage|p2a: Skeledirge|0 fnt\n|faint|p2a: Skeledirge\n|\n|t:|1700869495\n|switch|p1a: Negro|Necrozma-Dusk-Mane|100\/100|[from] Flip Turn\n|\n|-weather|SunnyDay|[upkeep]\n|upkeep\n|\n|t:|1700869498\n|switch|p2a: Volcarona|Volcarona, M|100\/100\n|turn|14\n|\n|t:|1700869505\n|detailschange|p1a: Negro|Necrozma-Ultra\n|-burst|p1a: Negro|Necrozma|Ultranecrozium Z\n|move|p1a: Negro|Dragon Dance|p1a: Negro\n|-boost|p1a: Negro|atk|1\n|-boost|p1a: Negro|spe|1\n|move|p2a: Volcarona|Fiery Dance|p1a: Negro\n|-resisted|p1a: Negro\n|-damage|p1a: Negro|63\/100\n|\n|-weather|SunnyDay|[upkeep]\n|upkeep\n|turn|15\n|\n|t:|1700869522\n|move|p1a: Negro|Knock Off|p2a: Volcarona\n|-damage|p2a: Volcarona|15\/100\n|-status|p1a: Negro|brn|[from] ability: Flame Body|[of] p2a: Volcarona\n|-enditem|p2a: Volcarona|Wise Glasses|[from] move: Knock Off|[of] p1a: Negro\n|move|p2a: Volcarona|Quiver Dance|p2a: Volcarona\n|-boost|p2a: Volcarona|spa|1\n|-boost|p2a: Volcarona|spd|1\n|-boost|p2a: Volcarona|spe|1\n|\n|-weather|SunnyDay|[upkeep]\n|-damage|p1a: Negro|56\/100 brn|[from] brn\n|upkeep\n|turn|16\n|\n|t:|1700869535\n|move|p1a: Negro|Psychic Fangs|p2a: Volcarona\n|-damage|p2a: Volcarona|0 fnt\n|faint|p2a: Volcarona\n|\n|-weather|none\n|-damage|p1a: Negro|50\/100 brn|[from] brn\n|upkeep\n|\n|t:|1700869541\n|switch|p2a: Incineroar|Incineroar, M|80\/100\n|-ability|p2a: Incineroar|Intimidate|boost\n|-unboost|p1a: Negro|atk|1\n|turn|17\n|\n|t:|1700869547\n|move|p2a: Incineroar|Fake Out|p1a: Negro\n|-damage|p1a: Negro|38\/100 brn\n|cant|p1a: Negro|flinch\n|\n|-damage|p1a: Negro|32\/100 brn|[from] brn\n|upkeep\n|turn|18\n|c|\u2606thicc arrow|GGs\n|\n|t:|1700869559\n|move|p1a: Negro|Knock Off|p2a: Incineroar\n|-resisted|p2a: Incineroar\n|-damage|p2a: Incineroar|72\/100\n|-enditem|p2a: Incineroar|Sitrus Berry|[from] move: Knock Off|[of] p1a: Negro\n|move|p2a: Incineroar|Darkest Lariat|p1a: Negro\n|-supereffective|p1a: Negro\n|-damage|p1a: Negro|0 fnt\n|faint|p1a: Negro\n|\n|upkeep\n|\n|t:|1700869565\n|switch|p1a: Kangaskhan|Kangaskhan-Mega, F|34\/100\n|turn|19\n|\n|t:|1700869573\n|move|p1a: Kangaskhan|Fake Out|p2a: Incineroar\n|-crit|p2a: Incineroar\n|-damage|p2a: Incineroar|48\/100\n|-damage|p2a: Incineroar|44\/100\n|-hitcount|p2a: Incineroar|2\n|cant|p2a: Incineroar|flinch\n|\n|upkeep\n|turn|20\n|\n|t:|1700869579\n|move|p1a: Kangaskhan|Power-Up Punch|p2a: Incineroar\n|-supereffective|p2a: Incineroar\n|-damage|p2a: Incineroar|24\/100\n|-boost|p1a: Kangaskhan|atk|1\n|-supereffective|p2a: Incineroar\n|-damage|p2a: Incineroar|15\/100\n|-boost|p1a: Kangaskhan|atk|1\n|-hitcount|p2a: Incineroar|2\n|move|p2a: Incineroar|Darkest Lariat|p1a: Kangaskhan\n|-damage|p1a: Kangaskhan|0 fnt\n|faint|p1a: Kangaskhan\n|\n|upkeep\n|\n|t:|1700869589\n|switch|p1a: White|Basculin-White-Striped, F|100\/100\n|turn|21\n|\n|t:|1700869592\n|move|p1a: White|Last Respects|p2a: Incineroar\n|-resisted|p2a: Incineroar\n|-damage|p2a: Incineroar|0 fnt\n|faint|p2a: Incineroar\n|\n|win|Zinner02\n|raw|Zinner02's rating: 1223 &rarr; <strong>1244<\/strong><br \/>(+21 for winning)\n|raw|thicc arrow's rating: 1164 &rarr; <strong>1143<\/strong><br \/>(-21 for losing)\n","uploadtime":1700869599,"views":3,"p1id":"zinner02","p2id":"thiccarrow","formatid":"gen9nationaldexubers","rating":1143,"private":0,"password":""}