{"id":"gen9nationaldexubers-1993075535","p1":"evolvingteam","p2":"Kdisue","format":"[Gen 9] National Dex Ubers","log":"|j|\u2606evolvingteam\n|j|\u2606Kdisue\n|t:|1700261950\n|gametype|singles\n|player|p1|evolvingteam|1|1056\n|player|p2|Kdisue|265|1137\n|teamsize|p1|6\n|teamsize|p2|6\n|gen|9\n|tier|[Gen 9] National Dex Ubers\n|rated|\n|rule|HP Percentage Mod: HP is shown in percentages\n|rule|Endless Battle Clause: Forcing endless battles is banned\n|rule|OHKO Clause: OHKO moves are banned\n|rule|Evasion Moves Clause: Evasion moves are banned\n|rule|Evasion Items Clause: Evasion items are banned\n|rule|Species Clause: Limit one of each Pok\u00e9mon\n|rule|Sleep Clause Mod: Limit one foe put to sleep\n|rule|Mega Rayquaza Clause: You cannot mega evolve Rayquaza\n|clearpoke\n|poke|p1|Cottonee, L42, F|\n|poke|p1|Honedge, M|\n|poke|p1|Swirlix, F|\n|poke|p1|Sneasel-Hisui, F|\n|poke|p1|Pichu, F|\n|poke|p1|Slowpoke-Galar, M|\n|poke|p2|Deoxys-Defense|\n|poke|p2|Chansey, F|\n|poke|p2|Ferrothorn, F|\n|poke|p2|Rotom-Wash|\n|poke|p2|Ho-Oh|\n|poke|p2|Lugia|\n|teampreview\n|inactive|Battle timer is ON: inactive players will automatically lose when time's up. (requested by evolvingteam)\n|\n|t:|1700261973\n|start\n|switch|p1a: Cottonee|Cottonee, L42, F|100\/100\n|switch|p2a: Sexy Red|Deoxys-Defense|100\/100\n|-ability|p2a: Sexy Red|Pressure\n|turn|1\n|c|\u2606Kdisue|Stall vs. pre evolutions\n|\n|t:|1700261984\n|move|p1a: Cottonee|Substitute|p1a: Cottonee\n|-start|p1a: Cottonee|Substitute\n|-damage|p1a: Cottonee|76\/100\n|move|p2a: Sexy Red|Stealth Rock|p1a: Cottonee\n|-sidestart|p1: evolvingteam|move: Stealth Rock\n|\n|upkeep\n|turn|2\n|\n|t:|1700261991\n|move|p1a: Cottonee|Encore|p2a: Sexy Red\n|-start|p2a: Sexy Red|Encore\n|move|p2a: Sexy Red|Stealth Rock||[still]\n|-fail|p2a: Sexy Red\n|\n|upkeep\n|turn|3\n|\n|t:|1700262002\n|switch|p2a: Washington|Rotom-Wash|100\/100\n|move|p1a: Cottonee|Leech Seed|p2a: Washington\n|-start|p2a: Washington|move: Leech Seed\n|\n|-damage|p2a: Washington|88\/100|[from] Leech Seed|[of] p1a: Cottonee\n|-heal|p1a: Cottonee|100\/100|[silent]\n|upkeep\n|turn|4\n|\n|t:|1700262031\n|move|p1a: Cottonee|Encore||[still]\n|-fail|p1a: Cottonee\n|move|p2a: Washington|Volt Switch|p1a: Cottonee\n|-resisted|p1a: Cottonee\n|-end|p1a: Cottonee|Substitute\n|\n|t:|1700262037\n|switch|p2a: Iron boy|Ferrothorn, F|100\/100|[from] Volt Switch\n|\n|upkeep\n|turn|5\n|\n|t:|1700262046\n|move|p1a: Cottonee|Leech Seed|p2a: Iron boy\n|-immune|p2a: Iron boy\n|move|p2a: Iron boy|Knock Off|p1a: Cottonee\n|-resisted|p1a: Cottonee\n|-enditem|p1a: Cottonee|Focus Sash\n|-damage|p1a: Cottonee|2\/100\n|\n|upkeep\n|turn|6\n|\n|t:|1700262055\n|move|p1a: Cottonee|Stun Spore|p2a: Iron boy\n|-immune|p2a: Iron boy\n|move|p2a: Iron boy|Knock Off|p1a: Cottonee\n|-resisted|p1a: Cottonee\n|-damage|p1a: Cottonee|0 fnt\n|faint|p1a: Cottonee\n|\n|upkeep\n|\n|t:|1700262074\n|switch|p1a: Sneasel|Sneasel-Hisui, F|100\/100\n|-damage|p1a: Sneasel|95\/100|[from] Stealth Rock\n|turn|7\n|\n|t:|1700262079\n|move|p1a: Sneasel|Fake Out|p2a: Iron boy\n|-resisted|p2a: Iron boy\n|-damage|p2a: Iron boy|95\/100\n|-damage|p1a: Sneasel|82\/100|[from] ability: Iron Barbs|[of] p2a: Iron boy\n|cant|p2a: Iron boy|flinch\n|\n|upkeep\n|turn|8\n|\n|t:|1700262087\n|move|p1a: Sneasel|Close Combat|p2a: Iron boy\n|-supereffective|p2a: Iron boy\n|-damage|p2a: Iron boy|13\/100\n|-unboost|p1a: Sneasel|def|1\n|-unboost|p1a: Sneasel|spd|1\n|-damage|p1a: Sneasel|70\/100|[from] ability: Iron Barbs|[of] p2a: Iron boy\n|move|p2a: Iron boy|Knock Off|p1a: Sneasel\n|-resisted|p1a: Sneasel\n|-damage|p1a: Sneasel|3\/100\n|-enditem|p1a: Sneasel|Focus Sash|[from] move: Knock Off|[of] p2a: Iron boy\n|\n|upkeep\n|turn|9\n|\n|t:|1700262100\n|move|p1a: Sneasel|Close Combat|p2a: Iron boy\n|-supereffective|p2a: Iron boy\n|-damage|p2a: Iron boy|0 fnt\n|-unboost|p1a: Sneasel|def|1\n|-unboost|p1a: Sneasel|spd|1\n|-damage|p1a: Sneasel|0 fnt|[from] ability: Iron Barbs|[of] p2a: Iron boy\n|faint|p2a: Iron boy\n|faint|p1a: Sneasel\n|\n|upkeep\n|\n|t:|1700262113\n|switch|p1a: Pichu|Pichu, F|100\/100\n|switch|p2a: Washington|Rotom-Wash|88\/100\n|-damage|p1a: Pichu|88\/100|[from] Stealth Rock\n|turn|10\n|\n|t:|1700262121\n|move|p1a: Pichu|Fake Out|p2a: Washington\n|-damage|p2a: Washington|82\/100\n|cant|p2a: Washington|flinch\n|\n|upkeep\n|turn|11\n|\n|t:|1700262129\n|move|p2a: Washington|Hydro Pump|p1a: Pichu\n|-damage|p1a: Pichu|0 fnt\n|faint|p1a: Pichu\n|\n|upkeep\n|\n|t:|1700262147\n|switch|p1a: Slowpoke|Slowpoke-Galar, M|100\/100\n|-damage|p1a: Slowpoke|88\/100|[from] Stealth Rock\n|turn|12\n|\n|t:|1700262156\n|move|p2a: Washington|Hydro Pump|p1a: Slowpoke|[miss]\n|-miss|p2a: Washington|p1a: Slowpoke\n|move|p1a: Slowpoke|Future Sight|p2a: Washington\n|-start|p1a: Slowpoke|move: Future Sight\n|\n|upkeep\n|turn|13\n|\n|t:|1700262165\n|move|p2a: Washington|Hydro Pump|p1a: Slowpoke|[miss]\n|-miss|p2a: Washington|p1a: Slowpoke\n|move|p1a: Slowpoke|Slack Off|p1a: Slowpoke\n|-heal|p1a: Slowpoke|100\/100\n|\n|upkeep\n|turn|14\n|\n|t:|1700262174\n|switch|p2a: Egg woman|Chansey, F|100\/100\n|move|p1a: Slowpoke|Slack Off||[still]\n|-fail|p1a: Slowpoke|heal\n|\n|-end|p2a: Egg woman|move: Future Sight\n|-damage|p2a: Egg woman|91\/100\n|upkeep\n|turn|15\n|c|\u2606Kdisue|Cool\n|\n|t:|1700262183\n|move|p2a: Egg woman|Power-Up Punch|p1a: Slowpoke\n|-resisted|p1a: Slowpoke\n|-crit|p1a: Slowpoke\n|-damage|p1a: Slowpoke|98\/100\n|-boost|p2a: Egg woman|atk|1\n|move|p1a: Slowpoke|Yawn|p2a: Egg woman\n|-start|p2a: Egg woman|move: Yawn|[of] p1a: Slowpoke\n|\n|upkeep\n|turn|16\n|\n|t:|1700262192\n|move|p2a: Egg woman|Power-Up Punch|p1a: Slowpoke\n|-resisted|p1a: Slowpoke\n|-damage|p1a: Slowpoke|95\/100\n|-boost|p2a: Egg woman|atk|1\n|move|p1a: Slowpoke|Future Sight|p2a: Egg woman\n|-start|p1a: Slowpoke|move: Future Sight\n|\n|-end|p2a: Egg woman|move: Yawn|[silent]\n|-status|p2a: Egg woman|slp\n|upkeep\n|turn|17\n|\n|t:|1700262200\n|switch|p1a: Swirlix|Swirlix, F|100\/100\n|-damage|p1a: Swirlix|88\/100|[from] Stealth Rock\n|cant|p2a: Egg woman|slp\n|\n|upkeep\n|turn|18\n|\n|t:|1700262209\n|move|p1a: Swirlix|Belly Drum|p1a: Swirlix\n|-damage|p1a: Swirlix|38\/100\n|-setboost|p1a: Swirlix|atk|6|[from] move: Belly Drum\n|-enditem|p1a: Swirlix|Sitrus Berry|[eat]\n|-heal|p1a: Swirlix|63\/100|[from] item: Sitrus Berry\n|cant|p2a: Egg woman|slp\n|\n|-end|p2a: Egg woman|move: Future Sight\n|-damage|p2a: Egg woman|81\/100 slp\n|upkeep\n|turn|19\n|\n|t:|1700262224\n|move|p1a: Swirlix|Frustration|p2a: Egg woman\n|-damage|p2a: Egg woman|0 fnt\n|faint|p2a: Egg woman\n|\n|upkeep\n|\n|t:|1700262230\n|switch|p2a: Lugia|Lugia|100\/100\n|turn|20\n|\n|t:|1700262235\n|-terastallize|p2a: Lugia|Psychic\n|move|p1a: Swirlix|Frustration|p2a: Lugia\n|-damage|p2a: Lugia|73\/100\n|move|p2a: Lugia|Psycho Boost|p1a: Swirlix\n|-damage|p1a: Swirlix|0 fnt\n|-unboost|p2a: Lugia|spa|2\n|faint|p1a: Swirlix\n|-damage|p2a: Lugia|63\/100|[from] item: Life Orb\n|\n|upkeep\n|\n|t:|1700262250\n|switch|p1a: Honedge|Honedge, M|100\/100\n|-damage|p1a: Honedge|94\/100|[from] Stealth Rock\n|turn|21\n|\n|t:|1700262261\n|switch|p2a: Washington|Rotom-Wash|82\/100\n|move|p1a: Honedge|Swords Dance|p1a: Honedge\n|-boost|p1a: Honedge|atk|2\n|\n|-heal|p1a: Honedge|100\/100|[from] item: Leftovers\n|upkeep\n|turn|22\n|\n|t:|1700262272\n|move|p1a: Honedge|Shadow Sneak|p2a: Washington\n|-damage|p2a: Washington|34\/100\n|move|p2a: Washington|Hydro Pump|p1a: Honedge\n|-damage|p1a: Honedge|0 fnt\n|faint|p1a: Honedge\n|\n|upkeep\n|c|\u2606evolvingteam|GG\n|-message|evolvingteam forfeited.\n|\n|win|Kdisue\n|raw|evolvingteam's rating: 1083 &rarr; <strong>1064<\/strong><br \/>(-19 for losing)\n|raw|Kdisue's rating: 1137 &rarr; <strong>1158<\/strong><br \/>(+21 for winning)\n|l|\u2606evolvingteam\n","uploadtime":1700262288,"views":7,"p1id":"evolvingteam","p2id":"kdisue","formatid":"gen9nationaldexubers","rating":1064,"private":0,"password":""}