{"id":"gen9nationaldexubers-1983682665","p1":"thewerehog88","p2":"JDTaurus","format":"[Gen 9] National Dex Ubers","log":"|j|\u2606thewerehog88\n|j|\u2606JDTaurus\n|t:|1699160183\n|gametype|singles\n|player|p1|thewerehog88|101|\n|player|p2|JDTaurus|265|\n|teamsize|p1|6\n|teamsize|p2|6\n|gen|9\n|tier|[Gen 9] National Dex Ubers\n|rule|HP Percentage Mod: HP is shown in percentages\n|rule|Endless Battle Clause: Forcing endless battles is banned\n|rule|OHKO Clause: OHKO moves are banned\n|rule|Evasion Moves Clause: Evasion moves are banned\n|rule|Evasion Items Clause: Evasion items are banned\n|rule|Species Clause: Limit one of each Pok\u00e9mon\n|rule|Sleep Clause Mod: Limit one foe put to sleep\n|rule|Mega Rayquaza Clause: You cannot mega evolve Rayquaza\n|clearpoke\n|poke|p1|Landorus-Therian, M|\n|poke|p1|Quaquaval, M|\n|poke|p1|Azelf|\n|poke|p1|Blissey, F|\n|poke|p1|Cryogonal|\n|poke|p1|Chandelure, M|\n|poke|p2|Quagsire, F|\n|poke|p2|Gholdengo|\n|poke|p2|Rotom-Heat|\n|poke|p2|Scizor, F|\n|poke|p2|Quaquaval, F|\n|poke|p2|Skarmory, F|\n|teampreview\n|j| RuneTempest\n|j| HarmTurtle\n|j| Completeanimefan\n|j| DarthBowser151\n|j| Ipenguin12\n|c| HarmTurtle|Final Round!\n|c| Completeanimefan|Round I Want To Go Home: FIGHT\n|c| Ipenguin12|(round 3)\n|\n|t:|1699160219\n|start\n|switch|p1a: Seattle 15|Blissey, F|100\/100\n|switch|p2a: Rotom|Rotom-Heat|100\/100\n|turn|1\n|j| ShinyMisty\n|\n|t:|1699160232\n|move|p2a: Rotom|Trick|p1a: Seattle 15\n|-activate|p2a: Rotom|move: Trick|[of] p1a: Seattle 15\n|-item|p1a: Seattle 15|Flame Orb|[from] move: Trick\n|-item|p2a: Rotom|Leftovers|[from] move: Trick\n|move|p1a: Seattle 15|Chilling Water|p2a: Rotom\n|-supereffective|p2a: Rotom\n|-damage|p2a: Rotom|80\/100\n|-unboost|p2a: Rotom|atk|1\n|\n|-heal|p2a: Rotom|86\/100|[from] item: Leftovers\n|-status|p1a: Seattle 15|brn|[from] item: Flame Orb\n|upkeep\n|turn|2\n|\n|t:|1699160244\n|move|p2a: Rotom|Hex|p1a: Seattle 15\n|-immune|p1a: Seattle 15\n|move|p1a: Seattle 15|Teleport|p1a: Seattle 15\n|\n|t:|1699160284\n|-curestatus|p1a: Seattle 15|brn|[from] ability: Natural Cure\n|switch|p1a: Seattle 13|Quaquaval, M|100\/100|[from] Teleport\n|\n|-heal|p2a: Rotom|92\/100|[from] item: Leftovers\n|upkeep\n|turn|3\n|\n|t:|1699160305\n|switch|p1a: Seattle 15|Blissey, F|100\/100\n|move|p2a: Rotom|Will-O-Wisp|p1a: Seattle 15\n|-status|p1a: Seattle 15|brn\n|\n|-heal|p2a: Rotom|98\/100|[from] item: Leftovers\n|-damage|p1a: Seattle 15|94\/100 brn|[from] brn\n|upkeep\n|turn|4\n|\n|t:|1699160315\n|move|p2a: Rotom|Volt Switch|p1a: Seattle 15\n|-damage|p1a: Seattle 15|85\/100 brn\n|\n|t:|1699160321\n|switch|p2a: Scizor|Scizor, F|100\/100|[from] Volt Switch\n|move|p1a: Seattle 15|Seismic Toss|p2a: Scizor\n|-damage|p2a: Scizor|71\/100\n|\n|-damage|p1a: Seattle 15|79\/100 brn|[from] brn\n|upkeep\n|turn|5\n|\n|t:|1699160334\n|-terastallize|p1a: Seattle 15|Ghost\n|move|p2a: Scizor|Bullet Punch|p1a: Seattle 15\n|-damage|p1a: Seattle 15|46\/100 brn\n|move|p1a: Seattle 15|Thunder Wave|p2a: Scizor\n|-status|p2a: Scizor|par\n|\n|-damage|p1a: Seattle 15|40\/100 brn|[from] brn\n|upkeep\n|turn|6\n|\n|t:|1699160345\n|move|p2a: Scizor|Bullet Punch|p1a: Seattle 15\n|-damage|p1a: Seattle 15|10\/100 brn\n|move|p1a: Seattle 15|Chilling Water|p2a: Scizor\n|-damage|p2a: Scizor|63\/100 par\n|-unboost|p2a: Scizor|atk|1\n|\n|-damage|p1a: Seattle 15|4\/100 brn|[from] brn\n|upkeep\n|turn|7\n|\n|t:|1699160356\n|move|p1a: Seattle 15|Chilling Water|p2a: Scizor\n|-damage|p2a: Scizor|56\/100 par\n|-unboost|p2a: Scizor|atk|1\n|move|p2a: Scizor|U-turn|p1a: Seattle 15\n|-resisted|p1a: Seattle 15\n|-damage|p1a: Seattle 15|0 fnt\n|faint|p1a: Seattle 15\n|\n|t:|1699160443\n|switch|p2a: Gholdengo|Gholdengo|100\/100|[from] U-turn\n|\n|upkeep\n|\n|t:|1699160457\n|switch|p1a: Landorus-Seattle|Landorus-Therian, M|100\/100\n|-ability|p1a: Landorus-Seattle|Intimidate|boost\n|-unboost|p2a: Gholdengo|atk|1\n|turn|8\n|\n|t:|1699160471\n|move|p1a: Landorus-Seattle|U-turn|p2a: Gholdengo\n|-resisted|p2a: Gholdengo\n|-damage|p2a: Gholdengo|94\/100\n|\n|t:|1699160481\n|switch|p1a: Seattle 13|Quaquaval, M|100\/100|[from] U-turn\n|move|p2a: Gholdengo|Power Gem|p1a: Seattle 13\n|-resisted|p1a: Seattle 13\n|-damage|p1a: Seattle 13|87\/100\n|\n|upkeep\n|turn|9\n|\n|t:|1699160489\n|move|p1a: Seattle 13|Aqua Step|p2a: Gholdengo\n|-damage|p2a: Gholdengo|60\/100\n|-boost|p1a: Seattle 13|spe|1\n|move|p2a: Gholdengo|Thunder Wave|p1a: Seattle 13\n|-status|p1a: Seattle 13|par\n|\n|upkeep\n|turn|10\n|\n|t:|1699160497\n|move|p1a: Seattle 13|Aqua Step|p2a: Gholdengo\n|-damage|p2a: Gholdengo|26\/100\n|-boost|p1a: Seattle 13|spe|1\n|move|p2a: Gholdengo|Hex|p1a: Seattle 13\n|-damage|p1a: Seattle 13|19\/100 par\n|\n|upkeep\n|turn|11\n|\n|t:|1699160507\n|-terastallize|p2a: Gholdengo|Water\n|cant|p1a: Seattle 13|par\n|move|p2a: Gholdengo|Shadow Ball|p1a: Seattle 13\n|-damage|p1a: Seattle 13|0 fnt\n|faint|p1a: Seattle 13\n|\n|upkeep\n|\n|t:|1699160510\n|switch|p1a: Landorus-Seattle|Landorus-Therian, M|100\/100\n|-ability|p1a: Landorus-Seattle|Intimidate|boost\n|-unboost|p2a: Gholdengo|atk|1\n|turn|12\n|\n|t:|1699160520\n|move|p1a: Landorus-Seattle|Earthquake|p2a: Gholdengo\n|-damage|p2a: Gholdengo|0 fnt\n|faint|p2a: Gholdengo\n|\n|upkeep\n|\n|t:|1699160529\n|switch|p2a: Quaquaval|Quaquaval, F|100\/100\n|turn|13\n|\n|t:|1699160534\n|switch|p1a: Seattle 14|Azelf|100\/100\n|move|p2a: Quaquaval|Knock Off|p1a: Seattle 14\n|-supereffective|p1a: Seattle 14\n|-damage|p1a: Seattle 14|6\/100\n|-enditem|p1a: Seattle 14|Expert Belt|[from] move: Knock Off|[of] p2a: Quaquaval\n|\n|upkeep\n|turn|14\n|\n|t:|1699160543\n|move|p1a: Seattle 14|Explosion|p2a: Quaquaval\n|-damage|p2a: Quaquaval|0 fnt\n|faint|p1a: Seattle 14\n|faint|p2a: Quaquaval\n|\n|upkeep\n|\n|t:|1699160555\n|switch|p1a: Seattle 17|Chandelure, M|100\/100\n|switch|p2a: Rotom|Rotom-Heat|98\/100\n|turn|15\n|c| Ipenguin12|haha nice use\n|\n|t:|1699160564\n|move|p2a: Rotom|Volt Switch|p1a: Seattle 17\n|-damage|p1a: Seattle 17|64\/100\n|c| ShinyMisty|Hey, an actual good use for Explosion. XD\n|\n|t:|1699160579\n|switch|p2a: Skarmory|Skarmory, F|100\/100|[from] Volt Switch\n|move|p1a: Seattle 17|Shadow Ball|p2a: Skarmory\n|-damage|p2a: Skarmory|18\/100\n|-damage|p1a: Seattle 17|54\/100|[from] item: Life Orb\n|\n|upkeep\n|turn|16\n|\n|t:|1699160604\n|move|p1a: Seattle 17|Shadow Ball|p2a: Skarmory\n|-damage|p2a: Skarmory|0 fnt\n|faint|p2a: Skarmory\n|-damage|p1a: Seattle 17|44\/100|[from] item: Life Orb\n|\n|upkeep\n|\n|t:|1699160612\n|switch|p2a: Scizor|Scizor, F|56\/100 par\n|turn|17\n|\n|t:|1699160618\n|cant|p2a: Scizor|par\n|move|p1a: Seattle 17|Flamethrower|p2a: Scizor\n|-supereffective|p2a: Scizor\n|-damage|p2a: Scizor|0 fnt\n|faint|p2a: Scizor\n|-damage|p1a: Seattle 17|34\/100|[from] item: Life Orb\n|\n|upkeep\n|\n|t:|1699160627\n|switch|p2a: Quagsire|Quagsire, F|100\/100\n|turn|18\n|\n|t:|1699160635\n|move|p1a: Seattle 17|Hidden Power|p2a: Quagsire\n|-damage|p2a: Quagsire|66\/100\n|-damage|p1a: Seattle 17|24\/100|[from] item: Life Orb\n|move|p2a: Quagsire|Toxic|p1a: Seattle 17\n|-status|p1a: Seattle 17|tox\n|\n|-heal|p2a: Quagsire|73\/100|[from] item: Leftovers\n|-damage|p1a: Seattle 17|18\/100 tox|[from] psn\n|upkeep\n|turn|19\n|\n|t:|1699160655\n|move|p1a: Seattle 17|Hidden Power|p2a: Quagsire\n|-damage|p2a: Quagsire|39\/100\n|-damage|p1a: Seattle 17|8\/100 tox|[from] item: Life Orb\n|move|p2a: Quagsire|Substitute|p2a: Quagsire\n|-start|p2a: Quagsire|Substitute\n|-damage|p2a: Quagsire|14\/100\n|\n|-heal|p2a: Quagsire|21\/100|[from] item: Leftovers\n|-damage|p1a: Seattle 17|0 fnt|[from] psn\n|faint|p1a: Seattle 17\n|upkeep\n|\n|t:|1699160666\n|switch|p1a: Seattle 16|Cryogonal|100\/100\n|turn|20\n|\n|t:|1699160673\n|move|p1a: Seattle 16|Freeze-Dry|p2a: Quagsire\n|-supereffective|p2a: Quagsire\n|-end|p2a: Quagsire|Substitute\n|move|p2a: Quagsire|Toxic|p1a: Seattle 16\n|-status|p1a: Seattle 16|tox\n|\n|-heal|p2a: Quagsire|27\/100|[from] item: Leftovers\n|-damage|p1a: Seattle 16|95\/100 tox|[from] psn\n|upkeep\n|turn|21\n|\n|t:|1699160683\n|move|p1a: Seattle 16|Freeze-Dry|p2a: Quagsire\n|-supereffective|p2a: Quagsire\n|-damage|p2a: Quagsire|0 fnt\n|faint|p2a: Quagsire\n|\n|-damage|p1a: Seattle 16|83\/100 tox|[from] psn\n|upkeep\n|\n|t:|1699160690\n|switch|p2a: Rotom|Rotom-Heat|98\/100\n|turn|22\n|\n|t:|1699160709\n|switch|p1a: Landorus-Seattle|Landorus-Therian, M|100\/100\n|-ability|p1a: Landorus-Seattle|Intimidate|boost\n|-unboost|p2a: Rotom|atk|1\n|move|p2a: Rotom|Hex|p1a: Landorus-Seattle\n|-damage|p1a: Landorus-Seattle|82\/100\n|\n|-heal|p2a: Rotom|100\/100|[from] item: Leftovers\n|upkeep\n|turn|23\n|\n|t:|1699160743\n|move|p1a: Landorus-Seattle|Earthquake|p2a: Rotom\n|-immune|p2a: Rotom|[from] ability: Levitate\n|move|p2a: Rotom|Will-O-Wisp|p1a: Landorus-Seattle\n|-status|p1a: Landorus-Seattle|brn\n|\n|-damage|p1a: Landorus-Seattle|76\/100 brn|[from] brn\n|upkeep\n|turn|24\n|\n|t:|1699160754\n|move|p1a: Landorus-Seattle|Earthquake|p2a: Rotom\n|-immune|p2a: Rotom|[from] ability: Levitate\n|move|p2a: Rotom|Hex|p1a: Landorus-Seattle\n|-damage|p1a: Landorus-Seattle|38\/100 brn\n|\n|-damage|p1a: Landorus-Seattle|32\/100 brn|[from] brn\n|upkeep\n|turn|25\n|\n|t:|1699160762\n|move|p1a: Landorus-Seattle|Earthquake|p2a: Rotom\n|-immune|p2a: Rotom|[from] ability: Levitate\n|move|p2a: Rotom|Hex|p1a: Landorus-Seattle\n|-damage|p1a: Landorus-Seattle|0 fnt\n|faint|p1a: Landorus-Seattle\n|\n|upkeep\n|\n|t:|1699160765\n|switch|p1a: Seattle 16|Cryogonal|83\/100 tox\n|turn|26\n|\n|t:|1699160772\n|move|p1a: Seattle 16|Freeze-Dry|p2a: Rotom\n|-resisted|p2a: Rotom\n|-damage|p2a: Rotom|86\/100\n|move|p2a: Rotom|Hex|p1a: Seattle 16\n|-damage|p1a: Seattle 16|55\/100 tox\n|\n|-heal|p2a: Rotom|92\/100|[from] item: Leftovers\n|-damage|p1a: Seattle 16|49\/100 tox|[from] psn\n|upkeep\n|turn|27\n|l| ShinyMisty\n|\n|t:|1699160786\n|move|p1a: Seattle 16|Freeze-Dry|p2a: Rotom\n|-resisted|p2a: Rotom\n|-damage|p2a: Rotom|75\/100\n|move|p2a: Rotom|Hex|p1a: Seattle 16\n|-damage|p1a: Seattle 16|22\/100 tox\n|\n|-heal|p2a: Rotom|81\/100|[from] item: Leftovers\n|-damage|p1a: Seattle 16|10\/100 tox|[from] psn\n|upkeep\n|turn|28\n|j| ShinyMisty\n|\n|t:|1699160801\n|move|p1a: Seattle 16|Freeze-Dry|p2a: Rotom\n|-resisted|p2a: Rotom\n|-damage|p2a: Rotom|64\/100\n|move|p2a: Rotom|Hex|p1a: Seattle 16\n|-crit|p1a: Seattle 16\n|-damage|p1a: Seattle 16|0 fnt\n|faint|p1a: Seattle 16\n|\n|win|JDTaurus\n","uploadtime":1699160811,"views":7,"p1id":"thewerehog88","p2id":"jdtaurus","formatid":"gen9nationaldexubers","rating":0,"private":0,"password":""}