{"id":"gen9nationaldexubers-1989077651","p1":"cant kill the idea","p2":"KarmaKazama0","format":"[Gen 9] National Dex Ubers","log":"|j|\u2606cant kill the idea\n|j|\u2606KarmaKazama0\n|t:|1699809730\n|gametype|singles\n|player|p1|cant kill the idea|266|1078\n|player|p2|KarmaKazama0|1|1081\n|teamsize|p1|6\n|teamsize|p2|6\n|gen|9\n|tier|[Gen 9] National Dex Ubers\n|rated|\n|rule|HP Percentage Mod: HP is shown in percentages\n|rule|Endless Battle Clause: Forcing endless battles is banned\n|rule|OHKO Clause: OHKO moves are banned\n|rule|Evasion Moves Clause: Evasion moves are banned\n|rule|Evasion Items Clause: Evasion items are banned\n|rule|Species Clause: Limit one of each Pok\u00e9mon\n|rule|Sleep Clause Mod: Limit one foe put to sleep\n|rule|Mega Rayquaza Clause: You cannot mega evolve Rayquaza\n|clearpoke\n|poke|p1|Darmanitan-Galar, M|\n|poke|p1|Deoxys-Attack|\n|poke|p1|Kangaskhan, F|\n|poke|p1|Arceus|\n|poke|p1|Kyogre|\n|poke|p1|Zygarde-10%|\n|poke|p2|Accelgor, F|\n|poke|p2|Serperior, F|\n|poke|p2|Groudon|\n|poke|p2|Salamence, M|\n|poke|p2|Cloyster, M|\n|poke|p2|Ditto|\n|teampreview\n|inactive|Battle timer is ON: inactive players will automatically lose when time's up. (requested by KarmaKazama0)\n|\n|t:|1699809738\n|start\n|switch|p1a: Marlon..|Darmanitan-Galar, M, shiny|100\/100\n|switch|p2a: Ditto|Ditto|100\/100\n|-transform|p2a: Ditto|p1a: Marlon..|[from] ability: Imposter\n|turn|1\n|c|\u2606cant kill the idea|this is a speedtie\n|c|\u2606cant kill the idea|i aint no bzitch\n|\n|t:|1699809751\n|move|p1a: Marlon..|Flare Blitz|p2a: Ditto\n|-supereffective|p2a: Ditto\n|-damage|p2a: Ditto|0 fnt\n|faint|p2a: Ditto\n|-damage|p1a: Marlon..|72\/100|[from] Recoil\n|\n|upkeep\n|c|\u2606cant kill the idea|rolled\n|\n|t:|1699809757\n|switch|p2a: Pearl Jam|Cloyster, M|100\/100\n|turn|2\n|\n|t:|1699809768\n|switch|p1a: YAM TIME|Kangaskhan, F, shiny|100\/100\n|-terastallize|p2a: Pearl Jam|Water\n|move|p2a: Pearl Jam|Shell Smash|p2a: Pearl Jam\n|-unboost|p2a: Pearl Jam|def|1\n|-unboost|p2a: Pearl Jam|spd|1\n|-boost|p2a: Pearl Jam|atk|2\n|-boost|p2a: Pearl Jam|spa|2\n|-boost|p2a: Pearl Jam|spe|2\n|\n|upkeep\n|turn|3\n|\n|t:|1699809775\n|detailschange|p1a: YAM TIME|Kangaskhan-Mega, F, shiny\n|-mega|p1a: YAM TIME|Kangaskhan|Kangaskhanite\n|move|p1a: YAM TIME|Fake Out|p2a: Pearl Jam\n|-damage|p2a: Pearl Jam|76\/100\n|-damage|p2a: Pearl Jam|69\/100\n|-hitcount|p2a: Pearl Jam|2\n|cant|p2a: Pearl Jam|flinch\n|\n|upkeep\n|turn|4\n|\n|t:|1699809801\n|move|p1a: YAM TIME|Sucker Punch|p2a: Pearl Jam\n|-damage|p2a: Pearl Jam|39\/100\n|-damage|p2a: Pearl Jam|32\/100\n|-hitcount|p2a: Pearl Jam|2\n|move|p2a: Pearl Jam|Icicle Spear|p1a: YAM TIME\n|-damage|p1a: YAM TIME|81\/100\n|-damage|p1a: YAM TIME|60\/100\n|-damage|p1a: YAM TIME|38\/100\n|-damage|p1a: YAM TIME|16\/100\n|-damage|p1a: YAM TIME|0 fnt\n|faint|p1a: YAM TIME\n|-hitcount|p1: YAM TIME|5\n|\n|upkeep\n|\n|t:|1699809810\n|switch|p1a: Hoban|Arceus|100\/100\n|turn|5\n|\n|t:|1699809815\n|move|p1a: Hoban|Extreme Speed|p2a: Pearl Jam\n|-damage|p2a: Pearl Jam|0 fnt\n|faint|p2a: Pearl Jam\n|\n|upkeep\n|\n|t:|1699809827\n|switch|p2a: Serperior|Serperior, F|100\/100\n|turn|6\n|\n|t:|1699809833\n|move|p2a: Serperior|Glare|p1a: Hoban\n|-status|p1a: Hoban|par\n|cant|p1a: Hoban|par\n|\n|upkeep\n|turn|7\n|\n|t:|1699809847\n|move|p2a: Serperior|Substitute|p2a: Serperior\n|-start|p2a: Serperior|Substitute\n|-damage|p2a: Serperior|76\/100\n|move|p1a: Hoban|Swords Dance|p1a: Hoban\n|-boost|p1a: Hoban|atk|2\n|\n|-heal|p2a: Serperior|82\/100|[from] item: Leftovers\n|upkeep\n|turn|8\n|\n|t:|1699809853\n|move|p1a: Hoban|Extreme Speed|p2a: Serperior\n|-end|p2a: Serperior|Substitute\n|move|p2a: Serperior|Leaf Storm|p1a: Hoban\n|-damage|p1a: Hoban|73\/100 par\n|-boost|p2a: Serperior|spa|2\n|\n|-heal|p2a: Serperior|88\/100|[from] item: Leftovers\n|-heal|p1a: Hoban|79\/100 par|[from] item: Leftovers\n|upkeep\n|turn|9\n|\n|t:|1699809864\n|move|p1a: Hoban|Extreme Speed|p2a: Serperior\n|-damage|p2a: Serperior|0 fnt\n|faint|p2a: Serperior\n|\n|-heal|p1a: Hoban|85\/100 par|[from] item: Leftovers\n|upkeep\n|\n|t:|1699809867\n|switch|p2a: Accelgor|Accelgor, F|100\/100\n|turn|10\n|\n|t:|1699809873\n|cant|p1a: Hoban|par\n|move|p2a: Accelgor|Final Gambit|p1a: Hoban\n|-damage|p1a: Hoban|3\/100 par\n|faint|p2a: Accelgor\n|\n|-heal|p1a: Hoban|9\/100 par|[from] item: Leftovers\n|upkeep\n|\n|t:|1699809879\n|switch|p2a: Salamence|Salamence, M|100\/100\n|-ability|p2a: Salamence|Intimidate|boost\n|-unboost|p1a: Hoban|atk|1\n|turn|11\n|\n|t:|1699809893\n|detailschange|p2a: Salamence|Salamence-Mega, M\n|-mega|p2a: Salamence|Salamence|Salamencite\n|cant|p1a: Hoban|par\n|move|p2a: Salamence|Substitute|p2a: Salamence\n|-start|p2a: Salamence|Substitute\n|-damage|p2a: Salamence|76\/100\n|\n|-heal|p1a: Hoban|15\/100 par|[from] item: Leftovers\n|upkeep\n|turn|12\n|\n|t:|1699809898\n|move|p1a: Hoban|Extreme Speed|p2a: Salamence\n|-end|p2a: Salamence|Substitute\n|move|p2a: Salamence|Frustration|p1a: Hoban\n|-damage|p1a: Hoban|0 fnt\n|faint|p1a: Hoban\n|\n|upkeep\n|\n|t:|1699809906\n|switch|p1a: Marlon..|Darmanitan-Galar, M, shiny|72\/100\n|turn|13\n|\n|t:|1699809920\n|switch|p2a: Groudon|Groudon|100\/100\n|detailschange|p2a: Groudon|Groudon-Primal\n|-primal|p2a: Groudon|Red Orb\n|-weather|DesolateLand|[from] ability: Desolate Land|[of] p2a: Groudon\n|move|p1a: Marlon..|Icicle Crash|p2a: Groudon\n|-damage|p2a: Groudon|61\/100\n|\n|-weather|DesolateLand|[upkeep]\n|upkeep\n|turn|14\n|\n|t:|1699809943\n|switch|p1a: Gundam|Zygarde-10%|100\/100\n|move|p2a: Groudon|Dragon Tail|p1a: Gundam\n|-supereffective|p1a: Gundam\n|-damage|p1a: Gundam|22\/100\n|drag|p1a: Marlon..|Darmanitan-Galar, M, shiny|72\/100\n|\n|-weather|DesolateLand|[upkeep]\n|upkeep\n|turn|15\n|\n|t:|1699809952\n|move|p1a: Marlon..|Earthquake|p2a: Groudon\n|-supereffective|p2a: Groudon\n|-crit|p2a: Groudon\n|-damage|p2a: Groudon|0 fnt\n|faint|p2a: Groudon\n|-weather|none\n|\n|upkeep\n|\n|t:|1699809955\n|switch|p2a: Salamence|Salamence-Mega, M|76\/100\n|turn|16\n|\n|t:|1699809971\n|switch|p1a: Deebs|Kyogre, shiny|100\/100\n|-weather|RainDance|[from] ability: Drizzle|[of] p1a: Deebs\n|move|p2a: Salamence|Dragon Dance|p2a: Salamence\n|-boost|p2a: Salamence|atk|1\n|-boost|p2a: Salamence|spe|1\n|\n|-weather|RainDance|[upkeep]\n|upkeep\n|turn|17\n|\n|t:|1699809979\n|move|p2a: Salamence|Frustration|p1a: Deebs\n|-damage|p1a: Deebs|0 fnt\n|faint|p1a: Deebs\n|\n|-weather|RainDance|[upkeep]\n|upkeep\n|\n|t:|1699809997\n|switch|p1a: Marlon..|Darmanitan-Galar, M, shiny|72\/100\n|turn|18\n|\n|t:|1699810018\n|-terastallize|p1a: Marlon..|Fire\n|move|p2a: Salamence|Frustration|p1a: Marlon..\n|-damage|p1a: Marlon..|0 fnt\n|faint|p1a: Marlon..\n|\n|-weather|RainDance|[upkeep]\n|upkeep\n|\n|t:|1699810026\n|switch|p1a: Coolin|Deoxys-Attack|100\/100\n|-ability|p1a: Coolin|Pressure\n|turn|19\n|\n|t:|1699810040\n|move|p2a: Salamence|Frustration|p1a: Coolin\n|-damage|p1a: Coolin|0 fnt\n|faint|p1a: Coolin\n|\n|-weather|RainDance|[upkeep]\n|upkeep\n|-message|cant kill the idea forfeited.\n|\n|win|KarmaKazama0\n|raw|cant kill the idea's rating: 1078 &rarr; <strong>1056<\/strong><br \/>(-22 for losing)\n|raw|KarmaKazama0's rating: 1081 &rarr; <strong>1109<\/strong><br \/>(+28 for winning)\n|l|\u2606cant kill the idea\n","uploadtime":1699810051,"views":31,"p1id":"cantkilltheidea","p2id":"karmakazama0","formatid":"gen9nationaldexubers","rating":1056,"private":0,"password":""}