{"id":"gen9nationaldexubers-1993397030","p1":"VEN0M-MODE\u2716\ufe0f","p2":"axelisok","format":"[Gen 9] National Dex Ubers","log":"|j|\u2606VEN0M-MODE\u2716\ufe0f\n|j|\u2606axelisok\n|t:|1700312116\n|gametype|singles\n|player|p1|VEN0M-MODE\u2716\ufe0f|janine|1038\n|player|p2|axelisok|brycenman|1102\n|teamsize|p1|6\n|teamsize|p2|6\n|gen|9\n|tier|[Gen 9] National Dex Ubers\n|rated|\n|rule|HP Percentage Mod: HP is shown in percentages\n|rule|Endless Battle Clause: Forcing endless battles is banned\n|rule|OHKO Clause: OHKO moves are banned\n|rule|Evasion Moves Clause: Evasion moves are banned\n|rule|Evasion Items Clause: Evasion items are banned\n|rule|Species Clause: Limit one of each Pok\u00e9mon\n|rule|Sleep Clause Mod: Limit one foe put to sleep\n|rule|Mega Rayquaza Clause: You cannot mega evolve Rayquaza\n|clearpoke\n|poke|p1|Sneasler, M|\n|poke|p1|Revavroom, M|\n|poke|p1|Salazzle, F|\n|poke|p1|Crobat, M|\n|poke|p1|Drapion, M|\n|poke|p1|Eternatus|\n|poke|p2|Blaziken, M|\n|poke|p2|Landorus, M|\n|poke|p2|Alakazam, M|\n|poke|p2|Kommo-o, M|\n|poke|p2|Serperior, F|\n|poke|p2|Medicham, F|\n|teampreview\n|\n|t:|1700312120\n|start\n|switch|p1a: \ud83d\udfea\u2623\ufe0eSNEASLER\u2623\ufe0e\ud83d\udfea|Sneasler, M|100\/100\n|switch|p2a: Landorus|Landorus, M|100\/100\n|turn|1\n|\n|t:|1700312130\n|move|p1a: \ud83d\udfea\u2623\ufe0eSNEASLER\u2623\ufe0e\ud83d\udfea|Dire Claw|p2a: Landorus\n|-resisted|p2a: Landorus\n|-damage|p2a: Landorus|70\/100\n|-status|p2a: Landorus|psn|[from] ability: Poison Touch|[of] p1a: \ud83d\udfea\u2623\ufe0eSNEASLER\u2623\ufe0e\ud83d\udfea\n|move|p2a: Landorus|Stealth Rock|p1a: \ud83d\udfea\u2623\ufe0eSNEASLER\u2623\ufe0e\ud83d\udfea\n|-sidestart|p1: VEN0M-MODE\u2716\ufe0f|move: Stealth Rock\n|\n|-heal|p2a: Landorus|76\/100 psn|[from] item: Leftovers\n|-damage|p2a: Landorus|64\/100 psn|[from] psn\n|upkeep\n|turn|2\n|\n|t:|1700312142\n|switch|p1a: \ud83d\udfea\u2623\ufe0eCROBAT\u2623\ufe0e\ud83d\udfea|Crobat, M|100\/100\n|-damage|p1a: \ud83d\udfea\u2623\ufe0eCROBAT\u2623\ufe0e\ud83d\udfea|76\/100|[from] Stealth Rock\n|move|p2a: Landorus|Explosion|p1a: \ud83d\udfea\u2623\ufe0eCROBAT\u2623\ufe0e\ud83d\udfea\n|-damage|p1a: \ud83d\udfea\u2623\ufe0eCROBAT\u2623\ufe0e\ud83d\udfea|0 fnt\n|faint|p2a: Landorus\n|faint|p1a: \ud83d\udfea\u2623\ufe0eCROBAT\u2623\ufe0e\ud83d\udfea\n|\n|upkeep\n|\n|t:|1700312158\n|switch|p1a: \ud83d\udfea\u2623\ufe0eSALAZZLE\u2623\ufe0e\ud83d\udfea|Salazzle, F|100\/100\n|switch|p2a: Alakazam|Alakazam, M|100\/100\n|-damage|p1a: \ud83d\udfea\u2623\ufe0eSALAZZLE\u2623\ufe0e\ud83d\udfea|76\/100|[from] Stealth Rock\n|turn|3\n|\n|t:|1700312173\n|switch|p1a: \ud83d\udfea\u2623\ufe0eDRAPION\u2623\ufe0e\ud83d\udfea|Drapion, M|100\/100\n|-damage|p1a: \ud83d\udfea\u2623\ufe0eDRAPION\u2623\ufe0e\ud83d\udfea|88\/100|[from] Stealth Rock\n|detailschange|p2a: Alakazam|Alakazam-Mega, M\n|-mega|p2a: Alakazam|Alakazam|Alakazite\n|-ability|p2a: Alakazam|Battle Armor|[from] ability: Trace|[of] p1a: \ud83d\udfea\u2623\ufe0eDRAPION\u2623\ufe0e\ud83d\udfea\n|move|p2a: Alakazam|Psychic|p1a: \ud83d\udfea\u2623\ufe0eDRAPION\u2623\ufe0e\ud83d\udfea\n|-immune|p1a: \ud83d\udfea\u2623\ufe0eDRAPION\u2623\ufe0e\ud83d\udfea\n|\n|upkeep\n|turn|4\n|\n|t:|1700312185\n|move|p2a: Alakazam|Hidden Power|p1a: \ud83d\udfea\u2623\ufe0eDRAPION\u2623\ufe0e\ud83d\udfea\n|-damage|p1a: \ud83d\udfea\u2623\ufe0eDRAPION\u2623\ufe0e\ud83d\udfea|52\/100\n|move|p1a: \ud83d\udfea\u2623\ufe0eDRAPION\u2623\ufe0e\ud83d\udfea|Knock Off|p2a: Alakazam\n|-supereffective|p2a: Alakazam\n|-damage|p2a: Alakazam|7\/100\n|\n|upkeep\n|turn|5\n|\n|t:|1700312205\n|move|p2a: Alakazam|Dazzling Gleam|p1a: \ud83d\udfea\u2623\ufe0eDRAPION\u2623\ufe0e\ud83d\udfea\n|-damage|p1a: \ud83d\udfea\u2623\ufe0eDRAPION\u2623\ufe0e\ud83d\udfea|9\/100\n|move|p1a: \ud83d\udfea\u2623\ufe0eDRAPION\u2623\ufe0e\ud83d\udfea|Toxic Spikes|p2a: Alakazam\n|-sidestart|p2: axelisok|move: Toxic Spikes\n|\n|upkeep\n|turn|6\n|\n|t:|1700312215\n|move|p2a: Alakazam|Dazzling Gleam|p1a: \ud83d\udfea\u2623\ufe0eDRAPION\u2623\ufe0e\ud83d\udfea\n|-damage|p1a: \ud83d\udfea\u2623\ufe0eDRAPION\u2623\ufe0e\ud83d\udfea|0 fnt\n|faint|p1a: \ud83d\udfea\u2623\ufe0eDRAPION\u2623\ufe0e\ud83d\udfea\n|\n|upkeep\n|\n|t:|1700312221\n|switch|p1a: \ud83d\udfea\u2623\ufe0eREVAVROOM\u2623\ufe0e\ud83d\udfea|Revavroom, M, shiny|100\/100\n|-damage|p1a: \ud83d\udfea\u2623\ufe0eREVAVROOM\u2623\ufe0e\ud83d\udfea|95\/100|[from] Stealth Rock\n|turn|7\n|\n|t:|1700312228\n|move|p2a: Alakazam|Psychic|p1a: \ud83d\udfea\u2623\ufe0eREVAVROOM\u2623\ufe0e\ud83d\udfea\n|-damage|p1a: \ud83d\udfea\u2623\ufe0eREVAVROOM\u2623\ufe0e\ud83d\udfea|0 fnt\n|faint|p1a: \ud83d\udfea\u2623\ufe0eREVAVROOM\u2623\ufe0e\ud83d\udfea\n|\n|upkeep\n|\n|t:|1700312234\n|switch|p1a: \ud83d\udfea\u2623\ufe0eETERNATUS\u2623\ufe0e\ud83d\udfea|Eternatus|100\/100\n|-damage|p1a: \ud83d\udfea\u2623\ufe0eETERNATUS\u2623\ufe0e\ud83d\udfea|88\/100|[from] Stealth Rock\n|-ability|p1a: \ud83d\udfea\u2623\ufe0eETERNATUS\u2623\ufe0e\ud83d\udfea|Pressure\n|turn|8\n|\n|t:|1700312242\n|move|p2a: Alakazam|Dazzling Gleam|p1a: \ud83d\udfea\u2623\ufe0eETERNATUS\u2623\ufe0e\ud83d\udfea\n|-damage|p1a: \ud83d\udfea\u2623\ufe0eETERNATUS\u2623\ufe0e\ud83d\udfea|58\/100\n|move|p1a: \ud83d\udfea\u2623\ufe0eETERNATUS\u2623\ufe0e\ud83d\udfea|Sludge Wave|p2a: Alakazam\n|-damage|p2a: Alakazam|0 fnt\n|faint|p2a: Alakazam\n|\n|upkeep\n|\n|t:|1700312253\n|switch|p2a: Serperior|Serperior, F|100\/100\n|-status|p2a: Serperior|psn\n|turn|9\n|\n|t:|1700312259\n|move|p1a: \ud83d\udfea\u2623\ufe0eETERNATUS\u2623\ufe0e\ud83d\udfea|Venoshock|p2a: Serperior\n|-supereffective|p2a: Serperior\n|-damage|p2a: Serperior|0 fnt\n|faint|p2a: Serperior\n|\n|upkeep\n|\n|t:|1700312268\n|switch|p2a: Blaziken|Blaziken, M|100\/100\n|-status|p2a: Blaziken|psn\n|turn|10\n|\n|t:|1700312274\n|move|p1a: \ud83d\udfea\u2623\ufe0eETERNATUS\u2623\ufe0e\ud83d\udfea|Sludge Wave|p2a: Blaziken\n|-damage|p2a: Blaziken|1\/100 psn\n|move|p2a: Blaziken|Fire Punch|p1a: \ud83d\udfea\u2623\ufe0eETERNATUS\u2623\ufe0e\ud83d\udfea\n|-resisted|p1a: \ud83d\udfea\u2623\ufe0eETERNATUS\u2623\ufe0e\ud83d\udfea\n|-damage|p1a: \ud83d\udfea\u2623\ufe0eETERNATUS\u2623\ufe0e\ud83d\udfea|40\/100\n|\n|-damage|p2a: Blaziken|0 fnt|[from] psn\n|faint|p2a: Blaziken\n|upkeep\n|\n|t:|1700312282\n|switch|p2a: Medicham|Medicham, F|100\/100\n|-status|p2a: Medicham|psn\n|turn|11\n|\n|t:|1700312289\n|-terastallize|p1a: \ud83d\udfea\u2623\ufe0eETERNATUS\u2623\ufe0e\ud83d\udfea|Poison\n|move|p2a: Medicham|Fake Out|p1a: \ud83d\udfea\u2623\ufe0eETERNATUS\u2623\ufe0e\ud83d\udfea\n|-damage|p1a: \ud83d\udfea\u2623\ufe0eETERNATUS\u2623\ufe0e\ud83d\udfea|25\/100\n|cant|p1a: \ud83d\udfea\u2623\ufe0eETERNATUS\u2623\ufe0e\ud83d\udfea|flinch\n|\n|-damage|p2a: Medicham|88\/100 psn|[from] psn\n|upkeep\n|turn|12\n|\n|t:|1700312311\n|move|p1a: \ud83d\udfea\u2623\ufe0eETERNATUS\u2623\ufe0e\ud83d\udfea|Sludge Wave|p2a: Medicham\n|-damage|p2a: Medicham|0 fnt\n|faint|p2a: Medicham\n|\n|upkeep\n|\n|t:|1700312313\n|switch|p2a: Kommo-o|Kommo-o, M|100\/100\n|-status|p2a: Kommo-o|psn\n|turn|13\n|\n|t:|1700312320\n|move|p1a: \ud83d\udfea\u2623\ufe0eETERNATUS\u2623\ufe0e\ud83d\udfea|Sludge Wave|p2a: Kommo-o\n|-damage|p2a: Kommo-o|0 fnt\n|faint|p2a: Kommo-o\n|\n|win|VEN0M-MODE\u2716\ufe0f\n|raw|VEN0M-MODE\u2716\ufe0f's rating: 1038 &rarr; <strong>1079<\/strong><br \/>(+41 for winning)\n|raw|axelisok's rating: 1102 &rarr; <strong>1072<\/strong><br \/>(-30 for losing)\n|l|\u2606axelisok\n","uploadtime":1700312628,"views":6,"p1id":"ven0mmode","p2id":"axelisok","formatid":"gen9nationaldexubers","rating":1072,"private":0,"password":""}