{"id":"gen9nationaldexubers-1980880092","p1":"corvussssss","p2":"Gatita golosa 123","format":"[Gen 9] National Dex Ubers","log":"|j|\u2606corvussssss\n|j|\u2606Gatita golosa 123\n|t:|1698845375\n|gametype|singles\n|player|p1|corvussssss|n|1110\n|player|p2|Gatita golosa 123|pokekid|1234\n|teamsize|p1|6\n|teamsize|p2|6\n|gen|9\n|tier|[Gen 9] National Dex Ubers\n|rated|\n|rule|HP Percentage Mod: HP is shown in percentages\n|rule|Endless Battle Clause: Forcing endless battles is banned\n|rule|OHKO Clause: OHKO moves are banned\n|rule|Evasion Moves Clause: Evasion moves are banned\n|rule|Evasion Items Clause: Evasion items are banned\n|rule|Species Clause: Limit one of each Pok\u00e9mon\n|rule|Sleep Clause Mod: Limit one foe put to sleep\n|rule|Mega Rayquaza Clause: You cannot mega evolve Rayquaza\n|clearpoke\n|poke|p1|Chien-Pao|\n|poke|p1|Clodsire, M|\n|poke|p1|Corviknight, F|\n|poke|p1|Zacian-*|\n|poke|p1|Toxtricity, M|\n|poke|p1|Dragonite, M|\n|poke|p2|Manaphy|\n|poke|p2|Palafin, F|\n|poke|p2|Toxapex, F|\n|poke|p2|Jolteon, F|\n|poke|p2|Araquanid, F|\n|poke|p2|Samurott-Hisui, M|\n|teampreview\n|\n|t:|1698845387\n|start\n|switch|p1a: Chien-Pao|Chien-Pao|100\/100\n|switch|p2a: Araquanid|Araquanid, F|100\/100\n|-ability|p1a: Chien-Pao|Sword of Ruin\n|turn|1\n|\n|t:|1698845398\n|-terastallize|p1a: Chien-Pao|Electric\n|move|p1a: Chien-Pao|Tera Blast|p2a: Araquanid|[anim] Tera Blast Electric\n|-supereffective|p2a: Araquanid\n|-damage|p2a: Araquanid|0 fnt\n|faint|p2a: Araquanid\n|\n|upkeep\n|\n|t:|1698845406\n|switch|p2a: Samurott|Samurott-Hisui, M|100\/100\n|turn|2\n|\n|t:|1698845409\n|switch|p2a: Jolteon|Jolteon, F|100\/100\n|move|p1a: Chien-Pao|Tera Blast|p2a: Jolteon|[anim] Tera Blast Electric\n|-immune|p2a: Jolteon|[from] ability: Volt Absorb\n|\n|upkeep\n|turn|3\n|\n|t:|1698845420\n|switch|p1a: Zacian|Zacian-Crowned|100\/100\n|-ability|p1a: Zacian|Intrepid Sword|boost\n|-boost|p1a: Zacian|atk|1\n|move|p2a: Jolteon|Synchronoise|p1a: Zacian\n|-immune|p1a: Zacian\n|\n|upkeep\n|turn|4\n|\n|t:|1698845426\n|switch|p2a: Toxapex|Toxapex, F|100\/100\n|move|p1a: Zacian|Behemoth Blade|p2a: Toxapex\n|-resisted|p2a: Toxapex\n|-damage|p2a: Toxapex|68\/100\n|\n|-heal|p2a: Toxapex|74\/100|[from] item: Black Sludge\n|upkeep\n|turn|5\n|\n|t:|1698845434\n|move|p1a: Zacian|Close Combat|p2a: Toxapex\n|-resisted|p2a: Toxapex\n|-damage|p2a: Toxapex|46\/100\n|-unboost|p1a: Zacian|def|1\n|-unboost|p1a: Zacian|spd|1\n|move|p2a: Toxapex|Scald|p1a: Zacian\n|-damage|p1a: Zacian|77\/100\n|-status|p1a: Zacian|brn\n|\n|-heal|p2a: Toxapex|52\/100|[from] item: Black Sludge\n|-damage|p1a: Zacian|71\/100 brn|[from] brn\n|upkeep\n|turn|6\n|\n|t:|1698845446\n|move|p1a: Zacian|Play Rough|p2a: Toxapex\n|-resisted|p2a: Toxapex\n|-damage|p2a: Toxapex|36\/100\n|move|p2a: Toxapex|Infestation|p1a: Zacian\n|-resisted|p1a: Zacian\n|-damage|p1a: Zacian|70\/100 brn\n|-activate|p1a: Zacian|move: Infestation|[of] p2a: Toxapex\n|\n|-heal|p2a: Toxapex|43\/100|[from] item: Black Sludge\n|-damage|p1a: Zacian|64\/100 brn|[from] brn\n|-damage|p1a: Zacian|52\/100 brn|[from] move: Infestation|[partiallytrapped]\n|upkeep\n|turn|7\n|\n|t:|1698845457\n|move|p1a: Zacian|Swords Dance|p1a: Zacian\n|-boost|p1a: Zacian|atk|2\n|move|p2a: Toxapex|Recover|p2a: Toxapex\n|-heal|p2a: Toxapex|93\/100\n|\n|-heal|p2a: Toxapex|99\/100|[from] item: Black Sludge\n|-damage|p1a: Zacian|45\/100 brn|[from] brn\n|-damage|p1a: Zacian|33\/100 brn|[from] move: Infestation|[partiallytrapped]\n|upkeep\n|turn|8\n|\n|t:|1698845466\n|move|p1a: Zacian|Close Combat|p2a: Toxapex\n|-resisted|p2a: Toxapex\n|-damage|p2a: Toxapex|78\/100\n|-unboost|p1a: Zacian|def|1\n|-unboost|p1a: Zacian|spd|1\n|move|p2a: Toxapex|Scald|p1a: Zacian\n|-damage|p1a: Zacian|1\/100 brn\n|\n|-heal|p2a: Toxapex|84\/100|[from] item: Black Sludge\n|-damage|p1a: Zacian|0 fnt|[from] brn\n|faint|p1a: Zacian\n|upkeep\n|\n|t:|1698845477\n|switch|p1a: Chien-Pao|Chien-Pao, tera:Electric|100\/100\n|-ability|p1a: Chien-Pao|Sword of Ruin\n|turn|9\n|\n|t:|1698845484\n|switch|p2a: Jolteon|Jolteon, F|100\/100\n|move|p1a: Chien-Pao|Sacred Sword|p2a: Jolteon\n|-damage|p2a: Jolteon|31\/100\n|\n|upkeep\n|turn|10\n|\n|t:|1698845490\n|switch|p2a: Toxapex|Toxapex, F|100\/100\n|move|p1a: Chien-Pao|Icicle Crash|p2a: Toxapex\n|-resisted|p2a: Toxapex\n|-damage|p2a: Toxapex|79\/100\n|\n|-heal|p2a: Toxapex|85\/100|[from] item: Black Sludge\n|upkeep\n|turn|11\n|\n|t:|1698845498\n|move|p1a: Chien-Pao|Sacred Sword|p2a: Toxapex\n|-resisted|p2a: Toxapex\n|-damage|p2a: Toxapex|71\/100\n|move|p2a: Toxapex|Scald|p1a: Chien-Pao\n|-damage|p1a: Chien-Pao|74\/100\n|-status|p1a: Chien-Pao|brn\n|\n|-heal|p2a: Toxapex|77\/100|[from] item: Black Sludge\n|-damage|p1a: Chien-Pao|68\/100 brn|[from] brn\n|upkeep\n|turn|12\n|\n|t:|1698845508\n|move|p1a: Chien-Pao|Sucker Punch|p2a: Toxapex\n|-damage|p2a: Toxapex|58\/100\n|move|p2a: Toxapex|Infestation|p1a: Chien-Pao\n|-damage|p1a: Chien-Pao|64\/100 brn\n|-activate|p1a: Chien-Pao|move: Infestation|[of] p2a: Toxapex\n|\n|-heal|p2a: Toxapex|65\/100|[from] item: Black Sludge\n|-damage|p1a: Chien-Pao|58\/100 brn|[from] brn\n|-damage|p1a: Chien-Pao|46\/100 brn|[from] move: Infestation|[partiallytrapped]\n|upkeep\n|turn|13\n|\n|t:|1698845517\n|move|p1a: Chien-Pao|Tera Blast|p2a: Toxapex|[anim] Tera Blast Electric\n|-supereffective|p2a: Toxapex\n|-damage|p2a: Toxapex|25\/100\n|move|p2a: Toxapex|Recover|p2a: Toxapex\n|-heal|p2a: Toxapex|75\/100\n|\n|-heal|p2a: Toxapex|81\/100|[from] item: Black Sludge\n|-damage|p1a: Chien-Pao|40\/100 brn|[from] brn\n|-damage|p1a: Chien-Pao|27\/100 brn|[from] move: Infestation|[partiallytrapped]\n|upkeep\n|turn|14\n|\n|t:|1698845531\n|move|p1a: Chien-Pao|Icicle Crash|p2a: Toxapex\n|-resisted|p2a: Toxapex\n|-damage|p2a: Toxapex|70\/100\n|move|p2a: Toxapex|Recover|p2a: Toxapex\n|-heal|p2a: Toxapex|100\/100\n|\n|-damage|p1a: Chien-Pao|21\/100 brn|[from] brn\n|-damage|p1a: Chien-Pao|9\/100 brn|[from] move: Infestation|[partiallytrapped]\n|upkeep\n|turn|15\n|\n|t:|1698845540\n|switch|p2a: Jolteon|Jolteon, F|31\/100\n|move|p1a: Chien-Pao|Tera Blast|p2a: Jolteon|[anim] Tera Blast Electric\n|-heal|p2a: Jolteon|56\/100|[from] ability: Volt Absorb|[of] p1a: Chien-Pao\n|\n|-damage|p1a: Chien-Pao|3\/100 brn|[from] brn\n|-end|p1a: Chien-Pao|Infestation|[partiallytrapped]|[silent]\n|upkeep\n|turn|16\n|\n|t:|1698845547\n|switch|p2a: Toxapex|Toxapex, F|100\/100\n|move|p1a: Chien-Pao|Sacred Sword|p2a: Toxapex\n|-resisted|p2a: Toxapex\n|-damage|p2a: Toxapex|93\/100\n|\n|-heal|p2a: Toxapex|99\/100|[from] item: Black Sludge\n|-damage|p1a: Chien-Pao|0 fnt|[from] brn\n|faint|p1a: Chien-Pao\n|upkeep\n|\n|t:|1698845559\n|switch|p1a: Toxtricity|Toxtricity, M|100\/100\n|turn|17\n|\n|t:|1698845566\n|switch|p2a: Jolteon|Jolteon, F|56\/100\n|move|p1a: Toxtricity|Boomburst|p2a: Jolteon\n|-damage|p2a: Jolteon|0 fnt\n|faint|p2a: Jolteon\n|\n|upkeep\n|\n|t:|1698845570\n|switch|p2a: Samurott|Samurott-Hisui, M|100\/100\n|turn|18\n|\n|t:|1698845574\n|move|p2a: Samurott|Ceaseless Edge|p1a: Toxtricity\n|-damage|p1a: Toxtricity|33\/100\n|-sidestart|p1: corvussssss|Spikes\n|move|p1a: Toxtricity|Boomburst|p2a: Samurott\n|-enditem|p2a: Samurott|Focus Sash\n|-damage|p2a: Samurott|1\/100\n|\n|upkeep\n|turn|19\n|\n|t:|1698845582\n|move|p2a: Samurott|Ceaseless Edge|p1a: Toxtricity\n|-damage|p1a: Toxtricity|0 fnt\n|-sidestart|p1: corvussssss|Spikes\n|faint|p1a: Toxtricity\n|\n|upkeep\n|\n|t:|1698845587\n|switch|p1a: Corviknight|Corviknight, F|100\/100\n|-ability|p1a: Corviknight|Pressure\n|turn|20\n|\n|t:|1698845591\n|move|p2a: Samurott|Swords Dance|p2a: Samurott\n|-boost|p2a: Samurott|atk|2\n|move|p1a: Corviknight|Body Press|p2a: Samurott\n|-supereffective|p2a: Samurott\n|-damage|p2a: Samurott|0 fnt\n|faint|p2a: Samurott\n|\n|upkeep\n|\n|t:|1698845601\n|switch|p2a: Manaphy|Manaphy|100\/100\n|turn|21\n|\n|t:|1698845605\n|move|p2a: Manaphy|Acid Armor|p2a: Manaphy\n|-boost|p2a: Manaphy|def|2\n|move|p1a: Corviknight|Body Press|p2a: Manaphy\n|-damage|p2a: Manaphy|90\/100\n|\n|-heal|p2a: Manaphy|96\/100|[from] item: Leftovers\n|upkeep\n|turn|22\n|\n|t:|1698845614\n|move|p2a: Manaphy|Acid Armor|p2a: Manaphy\n|-boost|p2a: Manaphy|def|2\n|move|p1a: Corviknight|Defog|p2a: Manaphy\n|-unboost|p2a: Manaphy|evasion|1\n|-sideend|p1: corvussssss|Spikes|[from] move: Defog|[of] p1a: Corviknight\n|\n|-heal|p2a: Manaphy|100\/100|[from] item: Leftovers\n|upkeep\n|turn|23\n|\n|t:|1698845621\n|move|p2a: Manaphy|Take Heart|p2a: Manaphy\n|-boost|p2a: Manaphy|spa|1\n|-boost|p2a: Manaphy|spd|1\n|move|p1a: Corviknight|Defog|p2a: Manaphy\n|-unboost|p2a: Manaphy|evasion|1\n|\n|upkeep\n|turn|24\n|\n|t:|1698845627\n|move|p2a: Manaphy|Acid Armor|p2a: Manaphy\n|-boost|p2a: Manaphy|def|2\n|move|p1a: Corviknight|Defog|p2a: Manaphy\n|-unboost|p2a: Manaphy|evasion|1\n|\n|upkeep\n|turn|25\n|\n|t:|1698845634\n|switch|p1a: Dragonite|Dragonite, M|100\/100\n|move|p2a: Manaphy|Take Heart|p2a: Manaphy\n|-boost|p2a: Manaphy|spa|1\n|-boost|p2a: Manaphy|spd|1\n|\n|upkeep\n|turn|26\n|\n|t:|1698845640\n|move|p2a: Manaphy|Stored Power|p1a: Dragonite\n|-damage|p1a: Dragonite|54\/100\n|move|p1a: Dragonite|Substitute|p1a: Dragonite\n|-start|p1a: Dragonite|Substitute\n|-damage|p1a: Dragonite|29\/100\n|\n|-heal|p1a: Dragonite|35\/100|[from] item: Leftovers\n|upkeep\n|turn|27\n|\n|t:|1698845648\n|move|p2a: Manaphy|Stored Power|p1a: Dragonite\n|-end|p1a: Dragonite|Substitute\n|move|p1a: Dragonite|Fly||[still]\n|-prepare|p1a: Dragonite|Fly\n|\n|-heal|p1a: Dragonite|41\/100|[from] item: Leftovers\n|upkeep\n|turn|28\n|\n|t:|1698845658\n|move|p2a: Manaphy|Take Heart|p2a: Manaphy\n|-boost|p2a: Manaphy|spa|1\n|-boost|p2a: Manaphy|spd|1\n|move|p1a: Dragonite|Fly|p2a: Manaphy|[from]lockedmove\n|-damage|p2a: Manaphy|91\/100\n|\n|-heal|p2a: Manaphy|98\/100|[from] item: Leftovers\n|-heal|p1a: Dragonite|48\/100|[from] item: Leftovers\n|upkeep\n|turn|29\n|\n|t:|1698845668\n|move|p2a: Manaphy|Stored Power|p1a: Dragonite\n|-damage|p1a: Dragonite|0 fnt\n|faint|p1a: Dragonite\n|\n|-heal|p2a: Manaphy|100\/100|[from] item: Leftovers\n|upkeep\n|\n|t:|1698845675\n|switch|p1a: Corviknight|Corviknight, F|100\/100\n|-ability|p1a: Corviknight|Pressure\n|turn|30\n|\n|t:|1698845681\n|move|p2a: Manaphy|Take Heart|p2a: Manaphy\n|-boost|p2a: Manaphy|spa|1\n|-boost|p2a: Manaphy|spd|1\n|move|p1a: Corviknight|Body Press|p2a: Manaphy\n|-damage|p2a: Manaphy|95\/100\n|\n|-heal|p2a: Manaphy|100\/100|[from] item: Leftovers\n|upkeep\n|turn|31\n|\n|t:|1698845689\n|switch|p1a: Clodsire|Clodsire, M|100\/100\n|move|p2a: Manaphy|Take Heart|p2a: Manaphy\n|-boost|p2a: Manaphy|spa|1\n|-boost|p2a: Manaphy|spd|1\n|\n|upkeep\n|turn|32\n|\n|t:|1698845697\n|move|p2a: Manaphy|Take Heart|p2a: Manaphy\n|-boost|p2a: Manaphy|spa|1\n|-boost|p2a: Manaphy|spd|1\n|move|p1a: Clodsire|Earthquake|p2a: Manaphy\n|-damage|p2a: Manaphy|95\/100\n|\n|-heal|p2a: Manaphy|100\/100|[from] item: Leftovers\n|upkeep\n|turn|33\n|\n|t:|1698845705\n|move|p2a: Manaphy|Stored Power|p1a: Clodsire\n|-supereffective|p1a: Clodsire\n|-damage|p1a: Clodsire|0 fnt\n|faint|p1a: Clodsire\n|\n|upkeep\n|\n|t:|1698845710\n|switch|p1a: Corviknight|Corviknight, F|100\/100\n|-ability|p1a: Corviknight|Pressure\n|turn|34\n|\n|t:|1698845717\n|move|p2a: Manaphy|Stored Power|p1a: Corviknight\n|-resisted|p1a: Corviknight\n|-damage|p1a: Corviknight|0 fnt\n|faint|p1a: Corviknight\n|\n|win|Gatita golosa 123\n|raw|corvussssss's rating: 1110 &rarr; <strong>1094<\/strong><br \/>(-16 for losing)\n|raw|Gatita golosa 123's rating: 1234 &rarr; <strong>1250<\/strong><br \/>(+16 for winning)\n|c|\u2606corvussssss|gg\n","uploadtime":1698845728,"views":10,"p1id":"corvussssss","p2id":"gatitagolosa123","formatid":"gen9nationaldexubers","rating":1094,"private":0,"password":""}