{"id":"gen9nationaldexubers-1982114062","p1":"arceus buxa","p2":"Kemowastaken","format":"[Gen 9] National Dex Ubers","log":"|j|\u2606arceus buxa\n|j|\u2606Kemowastaken\n|t:|1698969257\n|gametype|singles\n|player|p1|arceus buxa|red|1161\n|player|p2|Kemowastaken|lady|1143\n|teamsize|p1|6\n|teamsize|p2|6\n|gen|9\n|tier|[Gen 9] National Dex Ubers\n|rated|\n|rule|HP Percentage Mod: HP is shown in percentages\n|rule|Endless Battle Clause: Forcing endless battles is banned\n|rule|OHKO Clause: OHKO moves are banned\n|rule|Evasion Moves Clause: Evasion moves are banned\n|rule|Evasion Items Clause: Evasion items are banned\n|rule|Species Clause: Limit one of each Pok\u00e9mon\n|rule|Sleep Clause Mod: Limit one foe put to sleep\n|rule|Mega Rayquaza Clause: You cannot mega evolve Rayquaza\n|clearpoke\n|poke|p1|Groudon|\n|poke|p1|Giratina-Origin|\n|poke|p1|Kyogre|\n|poke|p1|Lugia|\n|poke|p1|Zacian-*|\n|poke|p1|Scizor, F|\n|poke|p2|Skarmory, F|\n|poke|p2|Mawile, M|\n|poke|p2|Gliscor, M|\n|poke|p2|Zoroark-Hisui, M|\n|poke|p2|Spidops, F|\n|poke|p2|Basculegion, M|\n|teampreview\n|inactive|Battle timer is ON: inactive players will automatically lose when time's up. (requested by Kemowastaken)\n|\n|t:|1698969268\n|start\n|switch|p1a: Zacian|Zacian-Crowned|100\/100\n|switch|p2a: Spidops|Spidops, F|100\/100\n|-ability|p1a: Zacian|Intrepid Sword|boost\n|-boost|p1a: Zacian|atk|1\n|turn|1\n|\n|t:|1698969280\n|switch|p1a: Lugia|Lugia|100\/100\n|move|p2a: Spidops|Sticky Web|p1a: Lugia\n|-sidestart|p1: arceus buxa|move: Sticky Web\n|\n|upkeep\n|turn|2\n|\n|t:|1698969286\n|move|p1a: Lugia|Aeroblast|p2a: Spidops\n|-supereffective|p2a: Spidops\n|-damage|p2a: Spidops|24\/100\n|-enditem|p2a: Spidops|Mago Berry|[eat]\n|-heal|p2a: Spidops|57\/100|[from] item: Mago Berry\n|move|p2a: Spidops|Toxic Spikes|p1a: Lugia\n|-sidestart|p1: arceus buxa|move: Toxic Spikes\n|\n|upkeep\n|turn|3\n|\n|t:|1698969292\n|move|p1a: Lugia|Aeroblast|p2a: Spidops\n|-supereffective|p2a: Spidops\n|-crit|p2a: Spidops\n|-damage|p2a: Spidops|0 fnt\n|faint|p2a: Spidops\n|\n|upkeep\n|inactive|Kemowastaken has 120 seconds left.\n|\n|t:|1698969328\n|switch|p2a: Skarmory|Skarmory, F|100\/100\n|turn|4\n|inactive|Kemowastaken has 120 seconds left.\n|\n|t:|1698969339\n|switch|p1a: Groudon|Groudon|100\/100\n|-activate|p1a: Groudon|move: Sticky Web\n|-unboost|p1a: Groudon|spe|1\n|-status|p1a: Groudon|psn\n|detailschange|p1a: Groudon|Groudon-Primal\n|-primal|p1a: Groudon|Red Orb\n|-weather|DesolateLand|[from] ability: Desolate Land|[of] p1a: Groudon\n|move|p2a: Skarmory|Iron Defense|p2a: Skarmory\n|-boost|p2a: Skarmory|def|2\n|\n|-weather|DesolateLand|[upkeep]\n|-damage|p1a: Groudon|88\/100 psn|[from] psn\n|upkeep\n|turn|5\n|inactive|Kemowastaken has 120 seconds left.\n|\n|t:|1698969358\n|move|p2a: Skarmory|Body Press|p1a: Groudon\n|-damage|p1a: Groudon|63\/100 psn\n|move|p1a: Groudon|Eruption|p2a: Skarmory\n|-supereffective|p2a: Skarmory\n|-damage|p2a: Skarmory|0 fnt\n|faint|p2a: Skarmory\n|\n|-weather|DesolateLand|[upkeep]\n|-damage|p1a: Groudon|50\/100 psn|[from] psn\n|upkeep\n|\n|t:|1698969365\n|switch|p2a: Gliscor|Gliscor, M|100\/100\n|turn|6\n|\n|t:|1698969379\n|-weather|none\n|switch|p1a: Kyogre|Kyogre|100\/100\n|-activate|p1a: Kyogre|move: Sticky Web\n|-unboost|p1a: Kyogre|spe|1\n|-status|p1a: Kyogre|psn\n|detailschange|p1a: Kyogre|Kyogre-Primal\n|-primal|p1a: Kyogre|Blue Orb\n|-weather|PrimordialSea|[from] ability: Primordial Sea|[of] p1a: Kyogre\n|move|p2a: Gliscor|Swords Dance|p2a: Gliscor\n|-boost|p2a: Gliscor|atk|2\n|\n|-weather|PrimordialSea|[upkeep]\n|-damage|p1a: Kyogre|88\/100 psn|[from] psn\n|-status|p2a: Gliscor|tox|[from] item: Toxic Orb\n|upkeep\n|turn|7\n|\n|t:|1698969402\n|move|p2a: Gliscor|Facade|p1a: Kyogre\n|-damage|p1a: Kyogre|17\/100 psn\n|move|p1a: Kyogre|Origin Pulse|p2a: Gliscor\n|-supereffective|p2a: Gliscor\n|-damage|p2a: Gliscor|0 fnt\n|faint|p2a: Gliscor\n|\n|-weather|PrimordialSea|[upkeep]\n|-damage|p1a: Kyogre|5\/100 psn|[from] psn\n|upkeep\n|inactive|Kemowastaken has 120 seconds left.\n|\n|t:|1698969414\n|switch|p2a: Basculegion|Basculegion, M|100\/100\n|turn|8\n|\n|t:|1698969418\n|move|p2a: Basculegion|Nasty Plot|p2a: Basculegion\n|-boost|p2a: Basculegion|spa|2\n|move|p1a: Kyogre|Thunder|p2a: Basculegion\n|-damage|p2a: Basculegion|8\/100\n|-status|p2a: Basculegion|par\n|replace|p2a: Zoroark|Zoroark-Hisui, M\n|-end|p2a: Zoroark|Illusion\n|\n|-weather|PrimordialSea|[upkeep]\n|-damage|p1a: Kyogre|0 fnt|[from] psn\n|faint|p1a: Kyogre\n|-weather|none\n|upkeep\n|\n|t:|1698969443\n|switch|p1a: Giratina|Giratina-Origin|100\/100\n|turn|9\n|\n|t:|1698969448\n|move|p1a: Giratina|Dark Pulse|p2a: Zoroark\n|-supereffective|p2a: Zoroark\n|-damage|p2a: Zoroark|0 fnt\n|faint|p2a: Zoroark\n|\n|upkeep\n|\n|t:|1698969451\n|switch|p2a: Mawile|Mawile, M|100\/100\n|-ability|p2a: Mawile|Intimidate|boost\n|-unboost|p1a: Giratina|atk|1\n|turn|10\n|\n|t:|1698969460\n|switch|p1a: Groudon|Groudon-Primal|50\/100 psn\n|-activate|p1a: Groudon|move: Sticky Web\n|-unboost|p1a: Groudon|spe|1\n|-weather|DesolateLand|[from] ability: Desolate Land|[of] p1a: Groudon\n|detailschange|p2a: Mawile|Mawile-Mega, M\n|-mega|p2a: Mawile|Mawile|Mawilite\n|move|p2a: Mawile|Sucker Punch||[still]\n|-fail|p2a: Mawile\n|\n|-weather|DesolateLand|[upkeep]\n|-damage|p1a: Groudon|38\/100 psn|[from] psn\n|upkeep\n|turn|11\n|\n|t:|1698969470\n|move|p2a: Mawile|Sucker Punch|p1a: Groudon\n|-damage|p1a: Groudon|15\/100 psn\n|move|p1a: Groudon|Eruption|p2a: Mawile\n|-supereffective|p2a: Mawile\n|-damage|p2a: Mawile|53\/100\n|\n|-weather|DesolateLand|[upkeep]\n|-damage|p1a: Groudon|2\/100 psn|[from] psn\n|upkeep\n|turn|12\n|\n|t:|1698969483\n|move|p2a: Mawile|Swords Dance|p2a: Mawile\n|-boost|p2a: Mawile|atk|2\n|move|p1a: Groudon|Dig||[still]\n|-prepare|p1a: Groudon|Dig\n|\n|-weather|DesolateLand|[upkeep]\n|-damage|p1a: Groudon|0 fnt|[from] psn\n|faint|p1a: Groudon\n|-weather|none\n|upkeep\n|\n|t:|1698969502\n|switch|p1a: Zacian|Zacian-Crowned|100\/100\n|-activate|p1a: Zacian|move: Sticky Web\n|-unboost|p1a: Zacian|spe|1\n|turn|13\n|\n|t:|1698969521\n|-terastallize|p1a: Zacian|Fairy\n|move|p2a: Mawile|Sucker Punch|p1a: Zacian\n|-resisted|p1a: Zacian\n|-damage|p1a: Zacian|68\/100\n|move|p1a: Zacian|Moonblast|p2a: Mawile\n|-resisted|p2a: Mawile\n|-damage|p2a: Mawile|23\/100\n|\n|upkeep\n|turn|14\n|\n|t:|1698969529\n|move|p2a: Mawile|Sucker Punch|p1a: Zacian\n|-resisted|p1a: Zacian\n|-damage|p1a: Zacian|33\/100\n|move|p1a: Zacian|Sacred Sword|p2a: Mawile\n|-damage|p2a: Mawile|0 fnt\n|faint|p2a: Mawile\n|\n|upkeep\n|\n|t:|1698969531\n|switch|p2a: Basculegion|Basculegion, M|100\/100\n|turn|15\n|\n|t:|1698969540\n|move|p2a: Basculegion|Last Respects|p1a: Zacian\n|-crit|p1a: Zacian\n|-damage|p1a: Zacian|0 fnt\n|faint|p1a: Zacian\n|\n|upkeep\n|\n|t:|1698969546\n|switch|p1a: Scizor|Scizor, F|100\/100\n|turn|16\n|\n|t:|1698969550\n|move|p2a: Basculegion|Last Respects|p1a: Scizor\n|-damage|p1a: Scizor|0 fnt\n|faint|p1a: Scizor\n|\n|upkeep\n|\n|t:|1698969555\n|switch|p1a: Giratina|Giratina-Origin|100\/100\n|turn|17\n|\n|t:|1698969560\n|move|p2a: Basculegion|Last Respects|p1a: Giratina\n|-supereffective|p1a: Giratina\n|-damage|p1a: Giratina|0 fnt\n|faint|p1a: Giratina\n|\n|upkeep\n|\n|t:|1698969565\n|switch|p1a: Lugia|Lugia|100\/100\n|turn|18\n|\n|t:|1698969569\n|move|p2a: Basculegion|Last Respects|p1a: Lugia\n|-supereffective|p1a: Lugia\n|-damage|p1a: Lugia|0 fnt\n|faint|p1a: Lugia\n|\n|win|Kemowastaken\n|raw|arceus buxa's rating: 1161 &rarr; <strong>1135<\/strong><br \/>(-26 for losing)\n|raw|Kemowastaken's rating: 1143 &rarr; <strong>1169<\/strong><br \/>(+26 for winning)\n|c|\u2606Kemowastaken|Lmao\n","uploadtime":1698969739,"views":12,"p1id":"arceusbuxa","p2id":"kemowastaken","formatid":"gen9nationaldexubers","rating":1135,"private":0,"password":""}