{"id":"gen9nationaldexubers-1990854406","p1":"I'm a Dolfin","p2":"KarmaNightraide","format":"[Gen 9] National Dex Ubers","log":"|j|\u203dI'm a Dolfin\n|j|\u2606KarmaNightraide\n|t:|1700007894\n|gametype|singles\n|player|p1|I'm a Dolfin|169|1105\n|player|p2|KarmaNightraide|unknown|1139\n|teamsize|p1|6\n|teamsize|p2|6\n|gen|9\n|tier|[Gen 9] National Dex Ubers\n|rated|\n|rule|HP Percentage Mod: HP is shown in percentages\n|rule|Endless Battle Clause: Forcing endless battles is banned\n|rule|OHKO Clause: OHKO moves are banned\n|rule|Evasion Moves Clause: Evasion moves are banned\n|rule|Evasion Items Clause: Evasion items are banned\n|rule|Species Clause: Limit one of each Pok\u00e9mon\n|rule|Sleep Clause Mod: Limit one foe put to sleep\n|rule|Mega Rayquaza Clause: You cannot mega evolve Rayquaza\n|clearpoke\n|poke|p1|Maushold-Four|\n|poke|p1|Baxcalibur, M|\n|poke|p1|Xerneas-*|\n|poke|p1|Groudon|\n|poke|p1|Kyogre|\n|poke|p1|Giratina-Origin|\n|poke|p2|Ceruledge, F|\n|poke|p2|Basculegion-F, F|\n|poke|p2|Mimikyu, M|\n|poke|p2|Gourgeist-*, F|\n|poke|p2|Banette, F|\n|poke|p2|Polteageist-Antique|\n|teampreview\n|inactive|Battle timer is ON: inactive players will automatically lose when time's up. (requested by KarmaNightraide)\n|\n|t:|1700007906\n|start\n|switch|p1a: Xerneas|Xerneas|100\/100\n|switch|p2a: Go to sleep...|Banette, F|100\/100\n|-ability|p1a: Xerneas|Fairy Aura\n|turn|1\n|\n|t:|1700007923\n|detailschange|p2a: Go to sleep...|Banette-Mega, F\n|-mega|p2a: Go to sleep...|Banette|Banettite\n|move|p1a: Xerneas|Moonblast|p2a: Go to sleep...\n|-damage|p2a: Go to sleep...|12\/100\n|-unboost|p2a: Go to sleep...|spa|1\n|move|p2a: Go to sleep...|Gunk Shot|p1a: Xerneas\n|-supereffective|p1a: Xerneas\n|-damage|p1a: Xerneas|11\/100\n|\n|-heal|p1a: Xerneas|17\/100|[from] item: Leftovers\n|upkeep\n|turn|2\n|inactive|KarmaNightraide has 120 seconds left.\n|\n|t:|1700007977\n|move|p2a: Go to sleep...|Destiny Bond|p2a: Go to sleep...\n|-singlemove|p2a: Go to sleep...|Destiny Bond\n|move|p1a: Xerneas|Moonblast|p2a: Go to sleep...\n|-damage|p2a: Go to sleep...|0 fnt\n|faint|p2a: Go to sleep...\n|-activate|p2a: Go to sleep...|move: Destiny Bond\n|faint|p1a: Xerneas\n|\n|upkeep\n|inactive|I'm a Dolfin has 120 seconds left.\n|\n|t:|1700008012\n|switch|p1a: Giratina|Giratina-Origin|100\/100\n|switch|p2a: Wanna sip?|Polteageist-Antique|100\/100\n|turn|3\n|inactive|I'm a Dolfin has 120 seconds left.\n|\n|t:|1700008020\n|move|p2a: Wanna sip?|Shell Smash|p2a: Wanna sip?\n|-unboost|p2a: Wanna sip?|def|1\n|-unboost|p2a: Wanna sip?|spd|1\n|-boost|p2a: Wanna sip?|atk|2\n|-boost|p2a: Wanna sip?|spa|2\n|-boost|p2a: Wanna sip?|spe|2\n|move|p1a: Giratina|Shadow Ball|p2a: Wanna sip?\n|-supereffective|p2a: Wanna sip?\n|-enditem|p2a: Wanna sip?|Focus Sash\n|-damage|p2a: Wanna sip?|1\/100\n|\n|upkeep\n|turn|4\n|\n|t:|1700008033\n|move|p2a: Wanna sip?|Shadow Ball|p1a: Giratina\n|-supereffective|p1a: Giratina\n|-damage|p1a: Giratina|0 fnt\n|faint|p1a: Giratina\n|\n|upkeep\n|\n|t:|1700008041\n|switch|p1a: Maushold|Maushold-Four|100\/100\n|turn|5\n|\n|t:|1700008048\n|move|p2a: Wanna sip?|Stored Power|p1a: Maushold\n|-damage|p1a: Maushold|0 fnt\n|faint|p1a: Maushold\n|\n|upkeep\n|\n|t:|1700008054\n|switch|p1a: Kyogre|Kyogre|100\/100\n|detailschange|p1a: Kyogre|Kyogre-Primal\n|-primal|p1a: Kyogre|Blue Orb\n|-weather|PrimordialSea|[from] ability: Primordial Sea|[of] p1a: Kyogre\n|turn|6\n|\n|t:|1700008060\n|move|p2a: Wanna sip?|Giga Drain|p1a: Kyogre\n|-supereffective|p1a: Kyogre\n|-damage|p1a: Kyogre|20\/100\n|-heal|p2a: Wanna sip?|54\/100|[from] drain|[of] p1a: Kyogre\n|move|p1a: Kyogre|Ice Beam|p2a: Wanna sip?\n|-damage|p2a: Wanna sip?|0 fnt\n|faint|p2a: Wanna sip?\n|\n|-weather|PrimordialSea|[upkeep]\n|upkeep\n|inactive|KarmaNightraide has 120 seconds left.\n|\n|t:|1700008075\n|switch|p2a: Pumpin|Gourgeist-Small, F|100\/100\n|-item|p1a: Kyogre|Blue Orb|[from] ability: Frisk|[of] p2a: Pumpin|[identify]\n|turn|7\n|inactive|KarmaNightraide has 120 seconds left.\n|\n|t:|1700008081\n|-zpower|p2a: Pumpin\n|move|p2a: Pumpin|Z-Trick-or-Treat|p1a: Kyogre|[anim]Trick-or-Treat\n|-boost|p2a: Pumpin|atk|1|[zeffect]\n|-boost|p2a: Pumpin|def|1|[zeffect]\n|-boost|p2a: Pumpin|spa|1|[zeffect]\n|-boost|p2a: Pumpin|spd|1|[zeffect]\n|-boost|p2a: Pumpin|spe|1|[zeffect]\n|-start|p1a: Kyogre|typeadd|Ghost|[from] move: Trick-or-Treat\n|move|p1a: Kyogre|Water Spout|p2a: Pumpin\n|-resisted|p2a: Pumpin\n|-damage|p2a: Pumpin|84\/100\n|\n|-weather|PrimordialSea|[upkeep]\n|upkeep\n|turn|8\n|inactive|KarmaNightraide has 120 seconds left.\n|inactive|KarmaNightraide has 90 seconds left.\n|l|\u2606KarmaNightraide\n|inactive|KarmaNightraide disconnected and has a minute to reconnect!\n|player|p2|\n|j|\u2606KarmaNightraide\n|inactive|KarmaNightraide reconnected and has 70 seconds left.\n|player|p2|KarmaNightraide|unknown\n|\n|t:|1700008147\n|move|p2a: Pumpin|Power Whip|p1a: Kyogre\n|-supereffective|p1a: Kyogre\n|-damage|p1a: Kyogre|0 fnt\n|faint|p1a: Kyogre\n|-weather|none\n|\n|upkeep\n|\n|t:|1700008157\n|switch|p1a: Groudon|Groudon|100\/100\n|detailschange|p1a: Groudon|Groudon-Primal\n|-primal|p1a: Groudon|Red Orb\n|-weather|DesolateLand|[from] ability: Desolate Land|[of] p1a: Groudon\n|turn|9\n|\n|t:|1700008166\n|move|p2a: Pumpin|Trick-or-Treat|p1a: Groudon\n|-start|p1a: Groudon|typeadd|Ghost|[from] move: Trick-or-Treat\n|move|p1a: Groudon|Eruption|p2a: Pumpin\n|-supereffective|p2a: Pumpin\n|-damage|p2a: Pumpin|0 fnt\n|faint|p2a: Pumpin\n|\n|-weather|DesolateLand|[upkeep]\n|upkeep\n|\n|t:|1700008179\n|switch|p2a: Lil guy my man|Mimikyu, M|100\/100\n|turn|10\n|\n|t:|1700008202\n|move|p2a: Lil guy my man|Swords Dance|p2a: Lil guy my man\n|-boost|p2a: Lil guy my man|atk|2\n|move|p1a: Groudon|Eruption|p2a: Lil guy my man\n|-activate|p2a: Lil guy my man|ability: Disguise\n|-damage|p2a: Lil guy my man|100\/100\n|detailschange|p2a: Lil guy my man|Mimikyu-Busted, M\n|-damage|p2a: Lil guy my man|88\/100|[from] pokemon: Mimikyu-Busted\n|\n|-weather|DesolateLand|[upkeep]\n|upkeep\n|turn|11\n|\n|t:|1700008222\n|move|p2a: Lil guy my man|Shadow Sneak|p1a: Groudon\n|-supereffective|p1a: Groudon\n|-damage|p1a: Groudon|43\/100\n|-damage|p2a: Lil guy my man|78\/100|[from] item: Life Orb\n|move|p1a: Groudon|Eruption|p2a: Lil guy my man\n|-crit|p2a: Lil guy my man\n|-damage|p2a: Lil guy my man|0 fnt\n|faint|p2a: Lil guy my man\n|\n|-weather|DesolateLand|[upkeep]\n|upkeep\n|\n|t:|1700008231\n|switch|p2a: Lady Fish|Basculegion-F, F|100\/100\n|turn|12\n|\n|t:|1700008254\n|move|p1a: Groudon|High Horsepower|p2a: Lady Fish\n|-damage|p2a: Lady Fish|33\/100\n|move|p2a: Lady Fish|Last Respects|p1a: Groudon\n|-supereffective|p1a: Groudon\n|-damage|p1a: Groudon|0 fnt\n|faint|p1a: Groudon\n|-weather|none\n|\n|upkeep\n|\n|t:|1700008261\n|switch|p1a: Baxcalibur|Baxcalibur, M|100\/100\n|turn|13\n|\n|t:|1700008272\n|-terastallize|p2a: Lady Fish|Dark\n|move|p1a: Baxcalibur|High Horsepower|p2a: Lady Fish\n|-damage|p2a: Lady Fish|0 fnt\n|faint|p2a: Lady Fish\n|\n|upkeep\n|\n|t:|1700008279\n|switch|p2a: Widowmaker|Ceruledge, F|100\/100\n|turn|14\n|l|\u2606KarmaNightraide\n|inactive|KarmaNightraide disconnected and has a minute to reconnect!\n|player|p2|\n|j|\u2606KarmaNightraide\n|inactive|KarmaNightraide reconnected and has 80 seconds left.\n|player|p2|KarmaNightraide|unknown\n|\n|t:|1700008309\n|move|p1a: Baxcalibur|High Horsepower|p2a: Widowmaker\n|-supereffective|p2a: Widowmaker\n|-enditem|p2a: Widowmaker|Focus Sash\n|-damage|p2a: Widowmaker|1\/100\n|-ability|p2a: Widowmaker|Weak Armor|boost\n|-unboost|p2a: Widowmaker|def|1\n|-boost|p2a: Widowmaker|spe|2\n|move|p2a: Widowmaker|Dragon Claw|p1a: Baxcalibur\n|-supereffective|p1a: Baxcalibur\n|-damage|p1a: Baxcalibur|42\/100\n|\n|upkeep\n|turn|15\n|\n|t:|1700008322\n|move|p2a: Widowmaker|Dragon Claw|p1a: Baxcalibur\n|-supereffective|p1a: Baxcalibur\n|-damage|p1a: Baxcalibur|0 fnt\n|faint|p1a: Baxcalibur\n|\n|win|KarmaNightraide\n|raw|I&apos;m a Dolfin's rating: 1105 &rarr; <strong>1082<\/strong><br \/>(-23 for losing)\n|raw|KarmaNightraide's rating: 1139 &rarr; <strong>1162<\/strong><br \/>(+23 for winning)\n|l|\u203dI'm a Dolfin\n","uploadtime":1700008346,"views":9,"p1id":"imadolfin","p2id":"karmanightraide","formatid":"gen9nationaldexubers","rating":1082,"private":0,"password":""}