{"id":"gen9nationaldexubers-1988686323","p1":"The_Opposum","p2":"basilcheer","format":"[Gen 9] National Dex Ubers","log":"|j|\u2606The_Opposum\n|j|\u2606basilcheer\n|t:|1699750568\n|gametype|singles\n|player|p1|The_Opposum|cynthia-masters3|\n|player|p2|basilcheer|marnie|\n|teamsize|p1|6\n|teamsize|p2|6\n|gen|9\n|tier|[Gen 9] National Dex Ubers\n|rule|HP Percentage Mod: HP is shown in percentages\n|rule|Endless Battle Clause: Forcing endless battles is banned\n|rule|OHKO Clause: OHKO moves are banned\n|rule|Evasion Moves Clause: Evasion moves are banned\n|rule|Evasion Items Clause: Evasion items are banned\n|rule|Species Clause: Limit one of each Pok\u00e9mon\n|rule|Sleep Clause Mod: Limit one foe put to sleep\n|rule|Mega Rayquaza Clause: You cannot mega evolve Rayquaza\n|clearpoke\n|poke|p1|Necrozma|\n|poke|p1|Heatran, M|\n|poke|p1|Crawdaunt, M|\n|poke|p1|Breloom, F|\n|poke|p1|Mimikyu, M|\n|poke|p1|Magmortar, F|\n|poke|p2|Feraligatr, F|\n|poke|p2|Mawile, F|\n|poke|p2|Victini|\n|poke|p2|Klinklang|\n|poke|p2|Haxorus, F|\n|poke|p2|Azelf|\n|teampreview\n|\n|t:|1699750623\n|start\n|switch|p1a: Breloom|Breloom, F|100\/100\n|switch|p2a: Azelf|Azelf|100\/100\n|turn|1\n|\n|t:|1699750631\n|move|p2a: Azelf|Stealth Rock|p1a: Breloom\n|-sidestart|p1: The_Opposum|move: Stealth Rock\n|move|p1a: Breloom|Seed Bomb|p2a: Azelf\n|-damage|p2a: Azelf|23\/100\n|\n|-status|p1a: Breloom|tox|[from] item: Toxic Orb\n|upkeep\n|turn|2\n|j| palestjade\n|\n|t:|1699750643\n|move|p2a: Azelf|Psyshock|p1a: Breloom\n|-supereffective|p1a: Breloom\n|-crit|p1a: Breloom\n|-damage|p1a: Breloom|0 fnt\n|faint|p1a: Breloom\n|-damage|p2a: Azelf|13\/100|[from] item: Life Orb\n|\n|upkeep\n|\n|t:|1699750664\n|switch|p1a: Marketable Plushie|Mimikyu, M|100\/100\n|-damage|p1a: Marketable Plushie|88\/100|[from] Stealth Rock\n|turn|3\n|\n|t:|1699750673\n|move|p2a: Azelf|Flamethrower|p1a: Marketable Plushie\n|-activate|p1a: Marketable Plushie|ability: Disguise\n|-damage|p1a: Marketable Plushie|88\/100\n|detailschange|p1a: Marketable Plushie|Mimikyu-Busted, M\n|-damage|p1a: Marketable Plushie|76\/100|[from] pokemon: Mimikyu-Busted\n|-damage|p2a: Azelf|3\/100|[from] item: Life Orb\n|move|p1a: Marketable Plushie|Swords Dance|p1a: Marketable Plushie\n|-boost|p1a: Marketable Plushie|atk|2\n|\n|upkeep\n|turn|4\n|c| palestjade|gooooo\n|c| palestjade|gooooooooo\n|\n|t:|1699750724\n|move|p2a: Azelf|Psyshock|p1a: Marketable Plushie\n|-damage|p1a: Marketable Plushie|0 fnt\n|faint|p1a: Marketable Plushie\n|-damage|p2a: Azelf|0 fnt|[from] item: Life Orb\n|faint|p2a: Azelf\n|\n|upkeep\n|c| palestjade|why didn't you just sneak lol\n|\n|t:|1699750745\n|switch|p2a: Feraligatr|Feraligatr, F|100\/100\n|switch|p1a: Crawdaunt|Crawdaunt, M|100\/100\n|-damage|p1a: Crawdaunt|88\/100|[from] Stealth Rock\n|turn|5\n|c| palestjade|rule that i have learned\n|\n|t:|1699750757\n|move|p2a: Feraligatr|Dragon Dance|p2a: Feraligatr\n|-boost|p2a: Feraligatr|atk|1\n|-boost|p2a: Feraligatr|spe|1\n|move|p1a: Crawdaunt|Knock Off|p2a: Feraligatr\n|-damage|p2a: Feraligatr|5\/100\n|-enditem|p2a: Feraligatr|Life Orb|[from] move: Knock Off|[of] p1a: Crawdaunt\n|-damage|p1a: Crawdaunt|78\/100|[from] item: Life Orb\n|\n|upkeep\n|turn|6\n|c| palestjade|if something in front of you can die\n|c| palestjade|you should kill it asap\n|\n|t:|1699750766\n|move|p1a: Crawdaunt|Aqua Jet|p2a: Feraligatr\n|-resisted|p2a: Feraligatr\n|-damage|p2a: Feraligatr|0 fnt\n|faint|p2a: Feraligatr\n|-damage|p1a: Crawdaunt|68\/100|[from] item: Life Orb\n|\n|upkeep\n|\n|t:|1699750776\n|switch|p2a: Haxorus|Haxorus, F|100\/100\n|-ability|p2a: Haxorus|Mold Breaker\n|turn|7\n|\n|t:|1699750781\n|move|p2a: Haxorus|Dragon Dance|p2a: Haxorus\n|-boost|p2a: Haxorus|atk|1\n|-boost|p2a: Haxorus|spe|1\n|move|p1a: Crawdaunt|Crabhammer|p2a: Haxorus\n|-resisted|p2a: Haxorus\n|-damage|p2a: Haxorus|42\/100\n|-damage|p1a: Crawdaunt|58\/100|[from] item: Life Orb\n|\n|upkeep\n|turn|8\n|\n|t:|1699750791\n|move|p2a: Haxorus|Earthquake|p1a: Crawdaunt\n|-damage|p1a: Crawdaunt|0 fnt\n|faint|p1a: Crawdaunt\n|\n|upkeep\n|\n|t:|1699750796\n|switch|p1a: Coldstop|Heatran, M|100\/100\n|-damage|p1a: Coldstop|88\/100|[from] Stealth Rock\n|turn|9\n|\n|t:|1699750825\n|move|p2a: Haxorus|Earthquake|p1a: Coldstop\n|-supereffective|p1a: Coldstop\n|-damage|p1a: Coldstop|0 fnt\n|faint|p1a: Coldstop\n|\n|upkeep\n|\n|t:|1699750834\n|switch|p1a: Necrozma|Necrozma|100\/100\n|-damage|p1a: Necrozma|88\/100|[from] Stealth Rock\n|turn|10\n|l| palestjade\n|j| fairlylame\n|\n|t:|1699750845\n|-terastallize|p2a: Haxorus|Dragon\n|move|p2a: Haxorus|Outrage|p1a: Necrozma\n|-damage|p1a: Necrozma|0 fnt\n|faint|p1a: Necrozma\n|\n|upkeep\n|\n|t:|1699750851\n|switch|p1a: Magmortar|Magmortar, F|100\/100\n|-damage|p1a: Magmortar|76\/100|[from] Stealth Rock\n|turn|11\n|\n|t:|1699750856\n|move|p2a: Haxorus|Outrage|p1a: Magmortar|[from]lockedmove\n|-damage|p1a: Magmortar|0 fnt\n|faint|p1a: Magmortar\n|-start|p2a: Haxorus|confusion|[fatigue]\n|\n|win|basilcheer\n","uploadtime":1699750862,"views":6,"p1id":"theopposum","p2id":"basilcheer","formatid":"gen9nationaldexubers","rating":0,"private":0,"password":""}