{"id":"gen9nationaldexubers-1997983080","p1":"Shlartog","p2":"Harmony3","format":"[Gen 9] National Dex Ubers","log":"|j|\u2606Shlartog\n|j|\u2606Harmony3\n|t:|1700875211\n|gametype|singles\n|player|p1|Shlartog|101|\n|player|p2|Harmony3|lady-gen4|\n|teamsize|p1|6\n|teamsize|p2|6\n|gen|9\n|tier|[Gen 9] National Dex Ubers\n|rule|HP Percentage Mod: HP is shown in percentages\n|rule|Endless Battle Clause: Forcing endless battles is banned\n|rule|OHKO Clause: OHKO moves are banned\n|rule|Evasion Moves Clause: Evasion moves are banned\n|rule|Evasion Items Clause: Evasion items are banned\n|rule|Species Clause: Limit one of each Pok\u00e9mon\n|rule|Sleep Clause Mod: Limit one foe put to sleep\n|rule|Mega Rayquaza Clause: You cannot mega evolve Rayquaza\n|clearpoke\n|poke|p1|Pinsir, F|\n|poke|p1|Scizor, F|\n|poke|p1|Kleavor, F|\n|poke|p1|Buzzwole|\n|poke|p1|Yanmega, F|\n|poke|p1|Armaldo, M|\n|poke|p2|Lopunny, F|\n|poke|p2|Zapdos|\n|poke|p2|Skeledirge, M|\n|poke|p2|Muk-Alola, M|\n|poke|p2|Hatterene, F|\n|poke|p2|Ferrothorn, M|\n|teampreview\n|c|\u2606Shlartog|glhf\n|\n|t:|1700875254\n|start\n|switch|p1a: Ruby|Scizor, F|100\/100\n|switch|p2a: Lopunny|Lopunny, F|100\/100\n|turn|1\n|\n|t:|1700875268\n|detailschange|p2a: Lopunny|Lopunny-Mega, F\n|-mega|p2a: Lopunny|Lopunny|Lopunnite\n|move|p2a: Lopunny|Fake Out|p1a: Ruby\n|-resisted|p1a: Ruby\n|-damage|p1a: Ruby|90\/100\n|cant|p1a: Ruby|flinch\n|\n|upkeep\n|turn|2\n|\n|t:|1700875281\n|switch|p2a: Skeledirge|Skeledirge, M|100\/100\n|move|p1a: Ruby|Knock Off|p2a: Skeledirge\n|-supereffective|p2a: Skeledirge\n|-damage|p2a: Skeledirge|30\/100\n|-enditem|p2a: Skeledirge|Heavy-Duty Boots|[from] move: Knock Off|[of] p1a: Ruby\n|\n|upkeep\n|turn|3\n|\n|t:|1700875289\n|switch|p1a: Fossil|Armaldo, M|100\/100\n|move|p2a: Skeledirge|Slack Off|p2a: Skeledirge\n|-heal|p2a: Skeledirge|80\/100\n|\n|upkeep\n|turn|4\n|\n|t:|1700875303\n|switch|p2a: Hatterene|Hatterene, F|100\/100\n|move|p1a: Fossil|Stealth Rock|p2a: Hatterene\n|move|p2a: Hatterene|Stealth Rock|p1a: Fossil|[from]ability: Magic Bounce\n|-sidestart|p1: Shlartog|move: Stealth Rock\n|\n|upkeep\n|turn|5\n|\n|t:|1700875309\n|move|p1a: Fossil|Rapid Spin|p2a: Hatterene\n|-damage|p2a: Hatterene|84\/100\n|-boost|p1a: Fossil|spe|1\n|-sideend|p1: Shlartog|Stealth Rock|[from] move: Rapid Spin|[of] p1a: Fossil\n|move|p2a: Hatterene|Psychic|p1a: Fossil\n|-damage|p1a: Fossil|55\/100\n|\n|-heal|p2a: Hatterene|90\/100|[from] item: Leftovers\n|upkeep\n|turn|6\n|\n|t:|1700875319\n|switch|p1a: Emerald|Yanmega, F|100\/100\n|move|p2a: Hatterene|Psychic|p1a: Emerald\n|-damage|p1a: Emerald|27\/100\n|\n|-heal|p2a: Hatterene|96\/100|[from] item: Leftovers\n|upkeep\n|turn|7\n|\n|t:|1700875326\n|move|p1a: Emerald|U-turn|p2a: Hatterene\n|-damage|p2a: Hatterene|82\/100\n|\n|t:|1700875337\n|switch|p1a: Obsidian|Kleavor, F|100\/100|[from] U-turn\n|move|p2a: Hatterene|Psychic|p1a: Obsidian\n|-damage|p1a: Obsidian|38\/100\n|\n|-heal|p2a: Hatterene|88\/100|[from] item: Leftovers\n|upkeep\n|turn|8\n|\n|t:|1700875350\n|move|p1a: Obsidian|Stone Axe|p2a: Hatterene\n|-damage|p2a: Hatterene|45\/100\n|-sidestart|p2: Harmony3|move: Stealth Rock\n|move|p2a: Hatterene|Psychic|p1a: Obsidian\n|-damage|p1a: Obsidian|0 fnt\n|faint|p1a: Obsidian\n|\n|-heal|p2a: Hatterene|51\/100|[from] item: Leftovers\n|upkeep\n|\n|t:|1700875353\n|switch|p1a: Ruby|Scizor, F|90\/100\n|turn|9\n|\n|t:|1700875356\n|switch|p2a: Ferrothorn|Ferrothorn, M|100\/100\n|-damage|p2a: Ferrothorn|95\/100|[from] Stealth Rock\n|move|p1a: Ruby|Bullet Punch|p2a: Ferrothorn\n|-resisted|p2a: Ferrothorn\n|-damage|p2a: Ferrothorn|73\/100\n|-damage|p1a: Ruby|78\/100|[from] ability: Iron Barbs|[of] p2a: Ferrothorn\n|\n|-heal|p2a: Ferrothorn|79\/100|[from] item: Leftovers\n|upkeep\n|turn|10\n|\n|t:|1700875362\n|switch|p1a: Jasper|Buzzwole|100\/100\n|move|p2a: Ferrothorn|Stealth Rock|p1a: Jasper\n|-sidestart|p1: Shlartog|move: Stealth Rock\n|\n|-heal|p2a: Ferrothorn|85\/100|[from] item: Leftovers\n|upkeep\n|turn|11\n|\n|t:|1700875368\n|move|p1a: Jasper|Ice Punch|p2a: Ferrothorn\n|-damage|p2a: Ferrothorn|65\/100\n|-damage|p1a: Jasper|88\/100|[from] ability: Iron Barbs|[of] p2a: Ferrothorn\n|move|p2a: Ferrothorn|Thunder Wave|p1a: Jasper\n|-status|p1a: Jasper|par\n|\n|-heal|p2a: Ferrothorn|71\/100|[from] item: Leftovers\n|upkeep\n|turn|12\n|\n|t:|1700875381\n|switch|p1a: Ruby|Scizor, F|78\/100\n|-damage|p1a: Ruby|65\/100|[from] Stealth Rock\n|switch|p2a: Zapdos|Zapdos|100\/100\n|\n|upkeep\n|turn|13\n|\n|t:|1700875390\n|move|p2a: Zapdos|Discharge|p1a: Ruby\n|-damage|p1a: Ruby|19\/100\n|-status|p1a: Ruby|par\n|move|p1a: Ruby|Knock Off|p2a: Zapdos\n|-damage|p2a: Zapdos|60\/100\n|-enditem|p2a: Zapdos|Heavy-Duty Boots|[from] move: Knock Off|[of] p1a: Ruby\n|\n|upkeep\n|turn|14\n|\n|t:|1700875398\n|move|p2a: Zapdos|Roost|p2a: Zapdos\n|-heal|p2a: Zapdos|100\/100\n|-singleturn|p2a: Zapdos|move: Roost\n|move|p1a: Ruby|Knock Off|p2a: Zapdos\n|-crit|p2a: Zapdos\n|-damage|p2a: Zapdos|60\/100\n|\n|upkeep\n|turn|15\n|\n|t:|1700875402\n|switch|p1a: Emerald|Yanmega, F|27\/100\n|-damage|p1a: Emerald|0 fnt|[from] Stealth Rock\n|faint|p1a: Emerald\n|move|p2a: Zapdos|Roost|p2a: Zapdos\n|-heal|p2a: Zapdos|100\/100\n|-singleturn|p2a: Zapdos|move: Roost\n|\n|upkeep\n|\n|t:|1700875404\n|switch|p1a: Fossil|Armaldo, M|55\/100\n|turn|16\n|\n|t:|1700875406\n|move|p2a: Zapdos|Discharge|p1a: Fossil\n|-damage|p1a: Fossil|18\/100\n|move|p1a: Fossil|Stone Edge|p2a: Zapdos\n|-supereffective|p2a: Zapdos\n|-damage|p2a: Zapdos|23\/100\n|\n|upkeep\n|turn|17\n|\n|t:|1700875413\n|move|p2a: Zapdos|Discharge|p1a: Fossil\n|-damage|p1a: Fossil|0 fnt\n|faint|p1a: Fossil\n|\n|upkeep\n|\n|t:|1700875416\n|switch|p1a: Steel|Pinsir, F|100\/100\n|-damage|p1a: Steel|76\/100|[from] Stealth Rock\n|turn|18\n|\n|t:|1700875418\n|detailschange|p1a: Steel|Pinsir-Mega, F\n|-mega|p1a: Steel|Pinsir|Pinsirite\n|move|p1a: Steel|Swords Dance|p1a: Steel\n|-boost|p1a: Steel|atk|2\n|move|p2a: Zapdos|Discharge|p1a: Steel\n|-supereffective|p1a: Steel\n|-damage|p1a: Steel|0 fnt\n|faint|p1a: Steel\n|\n|upkeep\n|\n|t:|1700875422\n|switch|p1a: Jasper|Buzzwole|88\/100 par\n|-damage|p1a: Jasper|76\/100 par|[from] Stealth Rock\n|turn|19\n|\n|t:|1700875425\n|move|p2a: Zapdos|Roost|p2a: Zapdos\n|-heal|p2a: Zapdos|73\/100\n|-singleturn|p2a: Zapdos|move: Roost\n|move|p1a: Jasper|Close Combat|p2a: Zapdos\n|-damage|p2a: Zapdos|30\/100\n|-unboost|p1a: Jasper|def|1\n|-unboost|p1a: Jasper|spd|1\n|\n|upkeep\n|turn|20\n|\n|t:|1700875428\n|move|p2a: Zapdos|Roost|p2a: Zapdos\n|-heal|p2a: Zapdos|80\/100\n|-singleturn|p2a: Zapdos|move: Roost\n|move|p1a: Jasper|Close Combat|p2a: Zapdos\n|-damage|p2a: Zapdos|31\/100\n|-unboost|p1a: Jasper|def|1\n|-unboost|p1a: Jasper|spd|1\n|\n|upkeep\n|turn|21\n|\n|t:|1700875431\n|move|p2a: Zapdos|Roost|p2a: Zapdos\n|-heal|p2a: Zapdos|81\/100\n|-singleturn|p2a: Zapdos|move: Roost\n|move|p1a: Jasper|Close Combat|p2a: Zapdos\n|-crit|p2a: Zapdos\n|-damage|p2a: Zapdos|8\/100\n|-unboost|p1a: Jasper|def|1\n|-unboost|p1a: Jasper|spd|1\n|\n|upkeep\n|turn|22\n|\n|t:|1700875436\n|move|p2a: Zapdos|Roost|p2a: Zapdos\n|-heal|p2a: Zapdos|58\/100\n|-singleturn|p2a: Zapdos|move: Roost\n|move|p1a: Jasper|Close Combat|p2a: Zapdos\n|-damage|p2a: Zapdos|7\/100\n|-unboost|p1a: Jasper|def|1\n|-unboost|p1a: Jasper|spd|1\n|\n|upkeep\n|turn|23\n|\n|t:|1700875441\n|move|p2a: Zapdos|Discharge|p1a: Jasper\n|-damage|p1a: Jasper|0 fnt\n|faint|p1a: Jasper\n|\n|upkeep\n|\n|t:|1700875444\n|switch|p1a: Ruby|Scizor, F|19\/100 par\n|-damage|p1a: Ruby|7\/100 par|[from] Stealth Rock\n|turn|24\n|\n|t:|1700875446\n|switch|p2a: Ferrothorn|Ferrothorn, M|71\/100\n|-damage|p2a: Ferrothorn|65\/100|[from] Stealth Rock\n|cant|p1a: Ruby|par\n|\n|-heal|p2a: Ferrothorn|71\/100|[from] item: Leftovers\n|upkeep\n|turn|25\n|c|\u2606Shlartog|GG\n|c|\u2606Harmony3|Gg\n|c|\u2606Harmony3|Click a button\n|inactive|Battle timer is ON: inactive players will automatically lose when time's up. (requested by Harmony3)\n|inactive|Shlartog has 270 seconds left.\n|\n|t:|1700875538\n|switch|p2a: Skeledirge|Skeledirge, M|80\/100\n|-damage|p2a: Skeledirge|55\/100|[from] Stealth Rock\n|move|p1a: Ruby|Bullet Punch|p2a: Skeledirge\n|-resisted|p2a: Skeledirge\n|-damage|p2a: Skeledirge|38\/100\n|\n|upkeep\n|turn|26\n|c|\u2606Shlartog|Oh sorry,m I thought I hit bullet punch haha\n|\n|t:|1700875546\n|move|p1a: Ruby|Bullet Punch|p2a: Skeledirge\n|-resisted|p2a: Skeledirge\n|-damage|p2a: Skeledirge|22\/100\n|move|p2a: Skeledirge|Torch Song|p1a: Ruby\n|-supereffective|p1a: Ruby\n|-damage|p1a: Ruby|0 fnt\n|-boost|p2a: Skeledirge|spa|1\n|faint|p1a: Ruby\n|\n|win|Harmony3\n","uploadtime":1700875555,"views":2,"p1id":"shlartog","p2id":"harmony3","formatid":"gen9nationaldexubers","rating":0,"private":0,"password":""}