{"id":"gen9nationaldexubers-1996214651","p1":"Hjull","p2":"wubwy","format":"[Gen 9] National Dex Ubers","log":"|j|\u2606Hjull\n|j|\u2606wubwy\n|t:|1700660048\n|gametype|singles\n|player|p1|Hjull|1|1142\n|player|p2|wubwy|rika|1000\n|teamsize|p1|6\n|teamsize|p2|6\n|gen|9\n|tier|[Gen 9] National Dex Ubers\n|rated|\n|rule|HP Percentage Mod: HP is shown in percentages\n|rule|Endless Battle Clause: Forcing endless battles is banned\n|rule|OHKO Clause: OHKO moves are banned\n|rule|Evasion Moves Clause: Evasion moves are banned\n|rule|Evasion Items Clause: Evasion items are banned\n|rule|Species Clause: Limit one of each Pok\u00e9mon\n|rule|Sleep Clause Mod: Limit one foe put to sleep\n|rule|Mega Rayquaza Clause: You cannot mega evolve Rayquaza\n|clearpoke\n|poke|p1|Wailord, M|\n|poke|p1|Sawsbuck, F|\n|poke|p1|Crobat, M|\n|poke|p1|Seaking, F|\n|poke|p1|Mismagius, M|\n|poke|p1|Braviary-Hisui, M|\n|poke|p2|Nidoqueen, F|\n|poke|p2|Breloom, M|\n|poke|p2|Azumarill, M|\n|poke|p2|Gardevoir, F|\n|poke|p2|Raichu-Alola, F|\n|poke|p2|Blaziken, M|\n|teampreview\n|\n|t:|1700660073\n|start\n|switch|p1a: Sheesh-Yu|Seaking, F, shiny|100\/100\n|switch|p2a: Queen Soup|Nidoqueen, F|100\/100\n|turn|1\n|\n|t:|1700660080\n|switch|p2a: Jerry|Azumarill, M|100\/100\n|move|p1a: Sheesh-Yu|Waterfall|p2a: Jerry\n|-resisted|p2a: Jerry\n|-damage|p2a: Jerry|83\/100\n|\n|upkeep\n|turn|2\n|\n|t:|1700660093\n|move|p1a: Sheesh-Yu|Poison Jab|p2a: Jerry\n|-supereffective|p2a: Jerry\n|-damage|p2a: Jerry|38\/100\n|-status|p2a: Jerry|psn\n|move|p2a: Jerry|Power-Up Punch|p1a: Sheesh-Yu\n|-damage|p1a: Sheesh-Yu|76\/100\n|-boost|p2a: Jerry|atk|1\n|\n|-damage|p2a: Jerry|26\/100 psn|[from] psn\n|upkeep\n|turn|3\n|\n|t:|1700660105\n|move|p1a: Sheesh-Yu|Poison Jab|p2a: Jerry\n|-supereffective|p2a: Jerry\n|-damage|p2a: Jerry|0 fnt\n|faint|p2a: Jerry\n|\n|upkeep\n|\n|t:|1700660113\n|switch|p2a: Emiraichu|Raichu-Alola, F|100\/100\n|turn|4\n|\n|t:|1700660118\n|move|p2a: Emiraichu|Thunderbolt|p1a: Sheesh-Yu\n|-ability|p1a: Sheesh-Yu|Lightning Rod|boost\n|-boost|p1a: Sheesh-Yu|spa|1\n|move|p1a: Sheesh-Yu|Knock Off|p2a: Emiraichu\n|-supereffective|p2a: Emiraichu\n|-damage|p2a: Emiraichu|10\/100\n|\n|upkeep\n|turn|5\n|\n|t:|1700660133\n|switch|p2a: Mushie|Breloom, M|100\/100\n|move|p1a: Sheesh-Yu|Drill Run|p2a: Mushie\n|-resisted|p2a: Mushie\n|-damage|p2a: Mushie|80\/100\n|\n|upkeep\n|turn|6\n|\n|t:|1700660141\n|move|p2a: Mushie|Mach Punch|p1a: Sheesh-Yu\n|-damage|p1a: Sheesh-Yu|33\/100\n|move|p1a: Sheesh-Yu|Poison Jab|p2a: Mushie\n|-supereffective|p2a: Mushie\n|-damage|p2a: Mushie|1\/100\n|\n|upkeep\n|turn|7\n|\n|t:|1700660147\n|move|p2a: Mushie|Mach Punch|p1a: Sheesh-Yu\n|-damage|p1a: Sheesh-Yu|0 fnt\n|faint|p1a: Sheesh-Yu\n|\n|upkeep\n|\n|t:|1700660150\n|switch|p1a: Ultra Necrozma|Crobat, M, shiny|100\/100\n|turn|8\n|\n|t:|1700660161\n|move|p1a: Ultra Necrozma|Cross Poison|p2a: Mushie\n|-supereffective|p2a: Mushie\n|-crit|p2a: Mushie\n|-damage|p2a: Mushie|0 fnt\n|faint|p2a: Mushie\n|\n|upkeep\n|inactive|Battle timer is ON: inactive players will automatically lose when time's up. (requested by Hjull)\n|\n|t:|1700660179\n|switch|p2a: Queen Soup|Nidoqueen, F|100\/100\n|turn|9\n|\n|t:|1700660183\n|move|p1a: Ultra Necrozma|Super Fang|p2a: Queen Soup\n|-damage|p2a: Queen Soup|50\/100\n|move|p2a: Queen Soup|Ice Beam|p1a: Ultra Necrozma\n|-supereffective|p1a: Ultra Necrozma\n|-damage|p1a: Ultra Necrozma|9\/100\n|-enditem|p1a: Ultra Necrozma|Sitrus Berry|[eat]\n|-heal|p1a: Ultra Necrozma|34\/100|[from] item: Sitrus Berry\n|\n|upkeep\n|turn|10\n|\n|t:|1700660193\n|move|p1a: Ultra Necrozma|Acrobatics|p2a: Queen Soup\n|-damage|p2a: Queen Soup|1\/100\n|move|p2a: Queen Soup|Ice Beam|p1a: Ultra Necrozma\n|-supereffective|p1a: Ultra Necrozma\n|-damage|p1a: Ultra Necrozma|0 fnt\n|faint|p1a: Ultra Necrozma\n|\n|upkeep\n|\n|t:|1700660201\n|switch|p1a: Luigia|Braviary-Hisui, M|100\/100\n|turn|11\n|\n|t:|1700660223\n|move|p2a: Queen Soup|Stealth Rock|p1a: Luigia\n|-sidestart|p1: Hjull|move: Stealth Rock\n|move|p1a: Luigia|Esper Wing|p2a: Queen Soup\n|-supereffective|p2a: Queen Soup\n|-damage|p2a: Queen Soup|0 fnt\n|-boost|p1a: Luigia|spe|1\n|faint|p2a: Queen Soup\n|\n|upkeep\n|\n|t:|1700660236\n|switch|p2a: Roman|Blaziken, M|100\/100\n|turn|12\n|\n|t:|1700660242\n|detailschange|p2a: Roman|Blaziken-Mega, M\n|-mega|p2a: Roman|Blaziken|Blazikenite\n|move|p2a: Roman|Protect|p2a: Roman\n|-singleturn|p2a: Roman|Protect\n|move|p1a: Luigia|Esper Wing|p2a: Roman\n|-activate|p2a: Roman|move: Protect\n|\n|-ability|p2a: Roman|Speed Boost|boost\n|-boost|p2a: Roman|spe|1\n|upkeep\n|turn|13\n|\n|t:|1700660251\n|move|p2a: Roman|Flare Blitz|p1a: Luigia\n|-damage|p1a: Luigia|0 fnt\n|faint|p1a: Luigia\n|-damage|p2a: Roman|61\/100|[from] Recoil\n|\n|-ability|p2a: Roman|Speed Boost|boost\n|-boost|p2a: Roman|spe|1\n|upkeep\n|\n|t:|1700660255\n|switch|p1a: Kyoger|Wailord, M|100\/100\n|-damage|p1a: Kyoger|88\/100|[from] Stealth Rock\n|turn|14\n|\n|t:|1700660266\n|move|p2a: Roman|Close Combat|p1a: Kyoger\n|-damage|p1a: Kyoger|0 fnt\n|-unboost|p2a: Roman|def|1\n|-unboost|p2a: Roman|spd|1\n|faint|p1a: Kyoger\n|\n|-ability|p2a: Roman|Speed Boost|boost\n|-boost|p2a: Roman|spe|1\n|upkeep\n|\n|t:|1700660272\n|switch|p1a: Xearneas|Sawsbuck, F, shiny|100\/100\n|-damage|p1a: Xearneas|88\/100|[from] Stealth Rock\n|turn|15\n|\n|t:|1700660282\n|move|p2a: Roman|Close Combat|p1a: Xearneas\n|-supereffective|p1a: Xearneas\n|-damage|p1a: Xearneas|0 fnt\n|-unboost|p2a: Roman|def|1\n|-unboost|p2a: Roman|spd|1\n|faint|p1a: Xearneas\n|\n|-ability|p2a: Roman|Speed Boost|boost\n|-boost|p2a: Roman|spe|1\n|upkeep\n|\n|t:|1700660285\n|switch|p1a: Dankrai|Mismagius, M|100\/100\n|-damage|p1a: Dankrai|88\/100|[from] Stealth Rock\n|turn|16\n|\n|t:|1700660294\n|move|p2a: Roman|Flare Blitz|p1a: Dankrai\n|-damage|p1a: Dankrai|0 fnt\n|faint|p1a: Dankrai\n|-damage|p2a: Roman|36\/100|[from] Recoil\n|\n|win|wubwy\n|raw|Hjull's rating: 1142 &rarr; <strong>1107<\/strong><br \/>(-35 for losing)\n|raw|wubwy's rating: 1000 &rarr; <strong>1055<\/strong><br \/>(+55 for winning)\n|l|\u2606Hjull\n","uploadtime":1700660319,"views":3,"p1id":"hjull","p2id":"wubwy","formatid":"gen9nationaldexubers","rating":1055,"private":0,"password":""}