{"id":"gen9nationaldexubers-1987951375","p1":"xmayconx","p2":"PepeBoat","format":"[Gen 9] National Dex Ubers","log":"|j|\u2606xmayconx\n|j|\u2606PepeBoat\n|t:|1699652419\n|gametype|singles\n|player|p1|xmayconx|volkner|1142\n|player|p2|PepeBoat|hugh|1107\n|teamsize|p1|6\n|teamsize|p2|6\n|gen|9\n|tier|[Gen 9] National Dex Ubers\n|rated|\n|rule|HP Percentage Mod: HP is shown in percentages\n|rule|Endless Battle Clause: Forcing endless battles is banned\n|rule|OHKO Clause: OHKO moves are banned\n|rule|Evasion Moves Clause: Evasion moves are banned\n|rule|Evasion Items Clause: Evasion items are banned\n|rule|Species Clause: Limit one of each Pok\u00e9mon\n|rule|Sleep Clause Mod: Limit one foe put to sleep\n|rule|Mega Rayquaza Clause: You cannot mega evolve Rayquaza\n|clearpoke\n|poke|p1|Swampert, M|\n|poke|p1|Pelipper, M|\n|poke|p1|Gardevoir, F|\n|poke|p1|Aggron, M|\n|poke|p1|Flygon, M|\n|poke|p1|Altaria, F|\n|poke|p2|Shuckle, M|\n|poke|p2|Hawlucha, M|\n|poke|p2|Cyclizar, M|\n|poke|p2|Golisopod, M|\n|poke|p2|Smeargle, F|\n|poke|p2|Iron Moth|\n|teampreview\n|inactive|Battle timer is ON: inactive players will automatically lose when time's up. (requested by PepeBoat)\n|\n|t:|1699652425\n|start\n|switch|p1a: Pelipper|Pelipper, M|100\/100\n|switch|p2a: Bike|Cyclizar, M|100\/100\n|-weather|RainDance|[from] ability: Drizzle|[of] p1a: Pelipper\n|turn|1\n|\n|t:|1699652435\n|move|p1a: Pelipper|Protect|p1a: Pelipper\n|-singleturn|p1a: Pelipper|Protect\n|move|p2a: Bike|Shed Tail|p2a: Bike\n|-start|p2a: Bike|Substitute|[from] move: Shed Tail\n|-damage|p2a: Bike|50\/100\n|\n|t:|1699652442\n|switch|p2a: Wrath|Shuckle, M, shiny|100\/100|[from] Shed Tail\n|\n|-weather|RainDance|[upkeep]\n|upkeep\n|turn|2\n|\n|t:|1699652449\n|move|p1a: Pelipper|Scald|p2a: Wrath\n|-supereffective|p2a: Wrath\n|-end|p2a: Wrath|Substitute\n|move|p2a: Wrath|Shell Smash|p2a: Wrath\n|-unboost|p2a: Wrath|def|1\n|-unboost|p2a: Wrath|spd|1\n|-boost|p2a: Wrath|atk|2\n|-boost|p2a: Wrath|spa|2\n|-boost|p2a: Wrath|spe|2\n|-enditem|p2a: Wrath|White Herb\n|-clearnegativeboost|p2a: Wrath|[silent]\n|\n|-weather|RainDance|[upkeep]\n|upkeep\n|turn|3\n|\n|t:|1699652462\n|switch|p1a: Aggron|Aggron, M|100\/100\n|move|p2a: Wrath|Power Trick|p2a: Wrath\n|-start|p2a: Wrath|Power Trick\n|\n|-weather|RainDance|[upkeep]\n|upkeep\n|turn|4\n|\n|t:|1699652473\n|move|p2a: Wrath|Return|p1a: Aggron\n|-resisted|p1a: Aggron\n|-damage|p1a: Aggron|85\/100\n|move|p1a: Aggron|Stealth Rock|p2a: Wrath\n|-sidestart|p2: PepeBoat|move: Stealth Rock\n|\n|-weather|RainDance|[upkeep]\n|-heal|p1a: Aggron|91\/100|[from] item: Leftovers\n|upkeep\n|turn|5\n|c|\u2606PepeBoat|Danm\n|n|!PepeBoat|pepeboat\n|\n|t:|1699652495\n|move|p2a: Wrath|Return|p1a: Aggron\n|-resisted|p1a: Aggron\n|-damage|p1a: Aggron|76\/100\n|move|p1a: Aggron|Heavy Slam|p2a: Wrath\n|-supereffective|p2a: Wrath\n|-ability|p2a: Wrath|Sturdy\n|-damage|p2a: Wrath|1\/100\n|\n|-weather|RainDance|[upkeep]\n|-heal|p1a: Aggron|82\/100|[from] item: Leftovers\n|upkeep\n|turn|6\n|\n|t:|1699652508\n|move|p2a: Wrath|Return|p1a: Aggron\n|-resisted|p1a: Aggron\n|-crit|p1a: Aggron\n|-damage|p1a: Aggron|60\/100\n|move|p1a: Aggron|Earthquake|p2a: Wrath\n|-damage|p2a: Wrath|0 fnt\n|faint|p2a: Wrath\n|\n|-weather|RainDance|[upkeep]\n|-heal|p1a: Aggron|66\/100|[from] item: Leftovers\n|upkeep\n|inactive|PepeBoat has 120 seconds left.\n|\n|t:|1699652531\n|switch|p2a: El Machos|Hawlucha, M, shiny|100\/100\n|-damage|p2a: El Machos|88\/100|[from] Stealth Rock\n|turn|7\n|\n|t:|1699652544\n|switch|p1a: Gardevoir|Gardevoir, F|100\/100\n|-ability|p1a: Gardevoir|Unburden|[from] ability: Trace|[of] p2a: El Machos\n|move|p2a: El Machos|Endure||[still]\n|-fail|p2a: El Machos\n|\n|-weather|RainDance|[upkeep]\n|upkeep\n|turn|8\n|\n|t:|1699652555\n|move|p2a: El Machos|Endure|p2a: El Machos\n|-singleturn|p2a: El Machos|move: Endure\n|move|p1a: Gardevoir|Moonblast|p2a: El Machos\n|-supereffective|p2a: El Machos\n|-activate|p2a: El Machos|move: Endure\n|-damage|p2a: El Machos|1\/100\n|-unboost|p2a: El Machos|spa|1\n|-enditem|p2a: El Machos|Weakness Policy\n|-boost|p2a: El Machos|atk|2|[from] item: Weakness Policy\n|-boost|p2a: El Machos|spa|2|[from] item: Weakness Policy\n|\n|-weather|none\n|upkeep\n|turn|9\n|\n|t:|1699652575\n|move|p2a: El Machos|Acrobatics|p1a: Gardevoir\n|-damage|p1a: Gardevoir|0 fnt\n|faint|p1a: Gardevoir\n|\n|upkeep\n|\n|t:|1699652582\n|switch|p1a: Pelipper|Pelipper, M|100\/100\n|-weather|RainDance|[from] ability: Drizzle|[of] p1a: Pelipper\n|turn|10\n|\n|t:|1699652588\n|switch|p1a: Aggron|Aggron, M|66\/100\n|move|p2a: El Machos|Acrobatics|p1a: Aggron\n|-resisted|p1a: Aggron\n|-damage|p1a: Aggron|51\/100\n|\n|-weather|RainDance|[upkeep]\n|-heal|p1a: Aggron|57\/100|[from] item: Leftovers\n|upkeep\n|turn|11\n|\n|t:|1699652598\n|move|p2a: El Machos|Close Combat|p1a: Aggron\n|-supereffective|p1a: Aggron\n|-damage|p1a: Aggron|0 fnt\n|-unboost|p2a: El Machos|def|1\n|-unboost|p2a: El Machos|spd|1\n|faint|p1a: Aggron\n|\n|-weather|RainDance|[upkeep]\n|upkeep\n|\n|t:|1699652607\n|switch|p1a: Altaria|Altaria, F|100\/100\n|turn|12\n|\n|t:|1699652618\n|move|p2a: El Machos|Tailwind|p2a: El Machos\n|-sidestart|p2: PepeBoat|move: Tailwind\n|move|p1a: Altaria|Dazzling Gleam|p2a: El Machos\n|-supereffective|p2a: El Machos\n|-damage|p2a: El Machos|0 fnt\n|faint|p2a: El Machos\n|\n|-weather|RainDance|[upkeep]\n|upkeep\n|\n|t:|1699652628\n|switch|p2a: Bike|Cyclizar, M|83\/100\n|-damage|p2a: Bike|71\/100|[from] Stealth Rock\n|turn|13\n|\n|t:|1699652634\n|move|p2a: Bike|Draco Meteor|p1a: Altaria\n|-supereffective|p1a: Altaria\n|-damage|p1a: Altaria|28\/100\n|-unboost|p2a: Bike|spa|2\n|move|p1a: Altaria|Dazzling Gleam|p2a: Bike\n|-supereffective|p2a: Bike\n|-damage|p2a: Bike|23\/100\n|\n|-weather|RainDance|[upkeep]\n|-heal|p1a: Altaria|34\/100|[from] item: Leftovers\n|upkeep\n|turn|14\n|\n|t:|1699652646\n|move|p2a: Bike|Draco Meteor|p1a: Altaria\n|-supereffective|p1a: Altaria\n|-damage|p1a: Altaria|0 fnt\n|-unboost|p2a: Bike|spa|2\n|faint|p1a: Altaria\n|\n|-weather|RainDance|[upkeep]\n|upkeep\n|\n|t:|1699652654\n|switch|p1a: Flygon|Flygon, M|100\/100\n|turn|15\n|\n|t:|1699652661\n|move|p2a: Bike|Draco Meteor|p1a: Flygon\n|-supereffective|p1a: Flygon\n|-damage|p1a: Flygon|55\/100\n|-unboost|p2a: Bike|spa|2\n|move|p1a: Flygon|Dragon Dance|p1a: Flygon\n|-boost|p1a: Flygon|atk|1\n|-boost|p1a: Flygon|spe|1\n|\n|-weather|RainDance|[upkeep]\n|-sideend|p2: PepeBoat|move: Tailwind\n|upkeep\n|turn|16\n|\n|t:|1699652671\n|move|p2a: Bike|Draco Meteor|p1a: Flygon\n|-supereffective|p1a: Flygon\n|-damage|p1a: Flygon|22\/100\n|-enditem|p1a: Flygon|Sitrus Berry|[eat]\n|-heal|p1a: Flygon|47\/100|[from] item: Sitrus Berry\n|move|p1a: Flygon|Dragon Claw|p2a: Bike\n|-supereffective|p2a: Bike\n|-damage|p2a: Bike|0 fnt\n|faint|p2a: Bike\n|\n|-weather|RainDance|[upkeep]\n|upkeep\n|\n|t:|1699652679\n|switch|p2a: Guzz|Golisopod, M|100\/100\n|-damage|p2a: Guzz|76\/100|[from] Stealth Rock\n|turn|17\n|\n|t:|1699652697\n|-terastallize|p2a: Guzz|Bug\n|move|p2a: Guzz|First Impression|p1a: Flygon\n|-damage|p1a: Flygon|0 fnt\n|faint|p1a: Flygon\n|\n|-weather|none\n|upkeep\n|\n|t:|1699652705\n|switch|p1a: Pelipper|Pelipper, M|100\/100\n|-weather|RainDance|[from] ability: Drizzle|[of] p1a: Pelipper\n|turn|18\n|\n|t:|1699652710\n|move|p2a: Guzz|Sucker Punch||[still]\n|-fail|p2a: Guzz\n|move|p1a: Pelipper|Tailwind|p1a: Pelipper\n|-sidestart|p1: xmayconx|move: Tailwind\n|\n|-weather|RainDance|[upkeep]\n|upkeep\n|turn|19\n|\n|t:|1699652719\n|switch|p1a: Swampert|Swampert, M|100\/100\n|move|p2a: Guzz|Close Combat|p1a: Swampert\n|-damage|p1a: Swampert|52\/100\n|-unboost|p2a: Guzz|def|1\n|-unboost|p2a: Guzz|spd|1\n|\n|-weather|RainDance|[upkeep]\n|upkeep\n|turn|20\n|\n|t:|1699652733\n|detailschange|p1a: Swampert|Swampert-Mega, M\n|-mega|p1a: Swampert|Swampert|Swampertite\n|move|p1a: Swampert|Waterfall|p2a: Guzz\n|-crit|p2a: Guzz\n|-damage|p2a: Guzz|0 fnt\n|faint|p2a: Guzz\n|\n|-weather|RainDance|[upkeep]\n|upkeep\n|\n|t:|1699652736\n|switch|p2a: Medic|Smeargle, F|100\/100\n|-damage|p2a: Medic|88\/100|[from] Stealth Rock\n|turn|21\n|\n|t:|1699652751\n|move|p1a: Swampert|Waterfall|p2a: Medic\n|-damage|p2a: Medic|0 fnt\n|faint|p2a: Medic\n|\n|-weather|RainDance|[upkeep]\n|-sideend|p1: xmayconx|move: Tailwind\n|upkeep\n|\n|t:|1699652753\n|switch|p2a: Moth|Iron Moth|100\/100\n|-damage|p2a: Moth|76\/100|[from] Stealth Rock\n|-enditem|p2a: Moth|Booster Energy\n|-activate|p2a: Moth|ability: Quark Drive|[fromitem]\n|-start|p2a: Moth|quarkdrivespa\n|turn|22\n|\n|t:|1699652765\n|move|p1a: Swampert|Earthquake|p2a: Moth\n|-supereffective|p2a: Moth\n|-damage|p2a: Moth|0 fnt\n|faint|p2a: Moth\n|-end|p2a: Moth|Quark Drive|[silent]\n|\n|win|xmayconx\n|raw|xmayconx's rating: 1142 &rarr; <strong>1164<\/strong><br \/>(+22 for winning)\n|raw|PepeBoat's rating: 1107 &rarr; <strong>1085<\/strong><br \/>(-22 for losing)\n","uploadtime":1699652487,"views":4,"p1id":"xmayconx","p2id":"pepeboat","formatid":"gen9nationaldexubers","rating":1085,"private":0,"password":""}