{"id":"gen9nationaldexubers-1995501286","p1":"IncandescentCandle","p2":"Sammmmmmmmmmmmm","format":"[Gen 9] National Dex Ubers","log":"|j|\u2606IncandescentCandle\n|j|\u2606Sammmmmmmmmmmmm\n|t:|1700577570\n|gametype|singles\n|player|p1|IncandescentCandle|dawn|\n|player|p2|Sammmmmmmmmmmmm|bede-masters|\n|teamsize|p1|6\n|teamsize|p2|6\n|gen|9\n|tier|[Gen 9] National Dex Ubers\n|rule|HP Percentage Mod: HP is shown in percentages\n|rule|Endless Battle Clause: Forcing endless battles is banned\n|rule|OHKO Clause: OHKO moves are banned\n|rule|Evasion Moves Clause: Evasion moves are banned\n|rule|Evasion Items Clause: Evasion items are banned\n|rule|Species Clause: Limit one of each Pok\u00e9mon\n|rule|Sleep Clause Mod: Limit one foe put to sleep\n|rule|Mega Rayquaza Clause: You cannot mega evolve Rayquaza\n|clearpoke\n|poke|p1|Tapu Bulu|\n|poke|p1|Blissey, F|\n|poke|p1|Corviknight, F|\n|poke|p1|Weavile, F|\n|poke|p1|Latias, F|\n|poke|p1|Skeledirge, M|\n|poke|p2|Necrozma-Dawn-Wings|\n|poke|p2|Hatterene, F|\n|poke|p2|Victini|\n|poke|p2|Tapu Lele|\n|poke|p2|Slowbro, F|\n|poke|p2|Mewtwo|\n|teampreview\n|c|\u2606IncandescentCandle|hf\n|c|\u2606Sammmmmmmmmmmmm|glhf\n|inactive|Battle timer is ON: inactive players will automatically lose when time's up. (requested by Sammmmmmmmmmmmm)\n|c|\u2606IncandescentCandle|probably gonna be ice weavile for e4 but i wont tera for now\n|c|\u2606Sammmmmmmmmmmmm|ok\n|\n|t:|1700577610\n|start\n|switch|p1a: Eon Guardian|Latias, F|100\/100\n|switch|p2a: Sly|Victini|100\/100\n|turn|1\n|\n|t:|1700577613\n|detailschange|p1a: Eon Guardian|Latias-Mega, F\n|-mega|p1a: Eon Guardian|Latias|Latiasite\n|move|p1a: Eon Guardian|Substitute|p1a: Eon Guardian\n|-start|p1a: Eon Guardian|Substitute\n|-damage|p1a: Eon Guardian|75\/100\n|move|p2a: Sly|U-turn|p1a: Eon Guardian\n|-supereffective|p1a: Eon Guardian\n|-end|p1a: Eon Guardian|Substitute\n|\n|t:|1700577618\n|switch|p2a: Radiance|Necrozma-Dawn-Wings|100\/100|[from] U-turn\n|\n|upkeep\n|turn|2\n|\n|t:|1700577628\n|switch|p1a: Shield Of Mind|Blissey, F|100\/100\n|detailschange|p2a: Radiance|Necrozma-Ultra\n|-burst|p2a: Radiance|Necrozma|Ultranecrozium Z\n|move|p2a: Radiance|Dragon Pulse|p1a: Shield Of Mind\n|-damage|p1a: Shield Of Mind|81\/100\n|\n|upkeep\n|turn|3\n|c|\u2606IncandescentCandle|oh hi\n|\n|t:|1700577633\n|switch|p2a: Godseeker|Hatterene, F, shiny|100\/100\n|move|p1a: Shield Of Mind|Thunder Wave|p2a: Godseeker\n|move|p2a: Godseeker|Thunder Wave|p1a: Shield Of Mind|[from]ability: Magic Bounce\n|-status|p1a: Shield Of Mind|par\n|\n|upkeep\n|turn|4\n|\n|t:|1700577646\n|switch|p2a: Sly|Victini|100\/100\n|move|p1a: Shield Of Mind|Teleport|p1a: Shield Of Mind\n|\n|t:|1700577671\n|-curestatus|p1a: Shield Of Mind|par|[from] ability: Natural Cure\n|switch|p1a: Group Rascal|Weavile, F|100\/100|[from] Teleport\n|\n|upkeep\n|turn|5\n|\n|t:|1700577678\n|-terastallize|p2a: Sly|Fire\n|move|p1a: Group Rascal|Knock Off|p2a: Sly\n|-damage|p2a: Sly|15\/100\n|-enditem|p2a: Sly|Choice Band|[from] move: Knock Off|[of] p1a: Group Rascal\n|move|p2a: Sly|V-create|p1a: Group Rascal\n|-supereffective|p1a: Group Rascal\n|-damage|p1a: Group Rascal|0 fnt\n|-unboost|p2a: Sly|spe|1\n|-unboost|p2a: Sly|def|1\n|-unboost|p2a: Sly|spd|1\n|faint|p1a: Group Rascal\n|\n|upkeep\n|c|\u2606IncandescentCandle|sobbing\n|\n|t:|1700577688\n|switch|p1a: Eon Guardian|Latias-Mega, F|75\/100\n|turn|6\n|\n|t:|1700577695\n|move|p1a: Eon Guardian|Shadow Ball|p2a: Sly\n|-damage|p2a: Sly|0 fnt\n|faint|p2a: Sly\n|\n|upkeep\n|\n|t:|1700577698\n|switch|p2a: Radiance|Necrozma-Ultra|100\/100\n|turn|7\n|\n|t:|1700577705\n|switch|p1a: Shield Of Mind|Blissey, F|81\/100\n|move|p2a: Radiance|Moongeist Beam|p1a: Shield Of Mind\n|-immune|p1a: Shield Of Mind\n|\n|upkeep\n|turn|8\n|\n|t:|1700577713\n|switch|p2a: Godseeker|Hatterene, F, shiny|100\/100\n|move|p1a: Shield Of Mind|Teleport|p1a: Shield Of Mind\n|\n|t:|1700577715\n|switch|p1a: Fight The Swarm|Tapu Bulu|100\/100|[from] Teleport\n|-fieldstart|move: Grassy Terrain|[from] ability: Grassy Surge|[of] p1a: Fight The Swarm\n|\n|upkeep\n|turn|9\n|\n|t:|1700577722\n|move|p1a: Fight The Swarm|Wood Hammer|p2a: Godseeker\n|-crit|p2a: Godseeker\n|-damage|p2a: Godseeker|0 fnt\n|faint|p2a: Godseeker\n|-damage|p1a: Fight The Swarm|63\/100|[from] Recoil\n|\n|-heal|p1a: Fight The Swarm|69\/100|[from] Grassy Terrain\n|upkeep\n|c|\u2606IncandescentCandle|mb\n|\n|t:|1700577733\n|switch|p2a: Shakra|Mewtwo|100\/100\n|-ability|p2a: Shakra|Pressure\n|turn|10\n|\n|t:|1700577740\n|switch|p1a: Funeral March In D|Skeledirge, M|100\/100\n|detailschange|p2a: Shakra|Mewtwo-Mega-X\n|-mega|p2a: Shakra|Mewtwo|Mewtwonite X\n|move|p2a: Shakra|Ice Punch|p1a: Funeral March In D\n|-resisted|p1a: Funeral March In D\n|-crit|p1a: Funeral March In D\n|-damage|p1a: Funeral March In D|84\/100\n|-status|p1a: Funeral March In D|frz\n|\n|-heal|p1a: Funeral March In D|90\/100 frz|[from] Grassy Terrain\n|upkeep\n|turn|11\n|c|\u2606IncandescentCandle|fuck\n|\n|t:|1700577746\n|move|p2a: Shakra|Knock Off|p1a: Funeral March In D\n|-supereffective|p1a: Funeral March In D\n|-damage|p1a: Funeral March In D|51\/100 frz\n|cant|p1a: Funeral March In D|frz\n|\n|-heal|p1a: Funeral March In D|57\/100 frz|[from] Grassy Terrain\n|upkeep\n|turn|12\n|c|\u2606Sammmmmmmmmmmmm|oh zmove\n|c|\u2606Sammmmmmmmmmmmm|right?\n|c|\u2606IncandescentCandle|ye\n|c|\u2606IncandescentCandle|i lose to this freeze btw\n|inactive|IncandescentCandle has 270 seconds left.\n|\n|t:|1700577783\n|switch|p1a: Eon Guardian|Latias-Mega, F|75\/100\n|move|p2a: Shakra|Zen Headbutt|p1a: Eon Guardian\n|-resisted|p1a: Eon Guardian\n|-damage|p1a: Eon Guardian|56\/100\n|\n|-fieldend|move: Grassy Terrain\n|upkeep\n|turn|13\n|\n|t:|1700577788\n|move|p2a: Shakra|Ice Punch|p1a: Eon Guardian\n|-supereffective|p1a: Eon Guardian\n|-damage|p1a: Eon Guardian|0 fnt\n|faint|p1a: Eon Guardian\n|\n|upkeep\n|\n|t:|1700577791\n|switch|p1a: Shield Of Body|Corviknight, F|100\/100\n|-ability|p1a: Shield Of Body|Pressure\n|turn|14\n|\n|t:|1700577797\n|switch|p2a: Millibelle|Slowbro, F|100\/100\n|move|p1a: Shield Of Body|Brave Bird|p2a: Millibelle\n|-damage|p2a: Millibelle|79\/100\n|-damage|p1a: Shield Of Body|84\/100|[from] item: Rocky Helmet|[of] p2a: Millibelle\n|-damage|p1a: Shield Of Body|77\/100|[from] Recoil\n|\n|-heal|p1a: Shield Of Body|83\/100|[from] item: Leftovers\n|upkeep\n|turn|15\n|\n|t:|1700577802\n|switch|p1a: Fight The Swarm|Tapu Bulu|69\/100\n|-fieldstart|move: Grassy Terrain|[from] ability: Grassy Surge|[of] p1a: Fight The Swarm\n|move|p2a: Millibelle|Teleport|p2a: Millibelle\n|\n|t:|1700577811\n|switch|p2a: Radiance|Necrozma-Ultra|100\/100|[from] Teleport\n|\n|-heal|p1a: Fight The Swarm|75\/100|[from] Grassy Terrain\n|upkeep\n|turn|16\n|\n|t:|1700577815\n|switch|p1a: Shield Of Mind|Blissey, F|81\/100\n|move|p2a: Radiance|Photon Geyser|p1a: Shield Of Mind\n|-damage|p1a: Shield Of Mind|59\/100\n|\n|-heal|p1a: Shield Of Mind|65\/100|[from] Grassy Terrain\n|upkeep\n|turn|17\n|\n|t:|1700577821\n|-zpower|p2a: Radiance\n|move|p2a: Radiance|Light That Burns the Sky|p1a: Shield Of Mind|[zeffect]\n|-damage|p1a: Shield Of Mind|19\/100\n|move|p1a: Shield Of Mind|Thunder Wave|p2a: Radiance\n|-status|p2a: Radiance|par\n|\n|-heal|p1a: Shield Of Mind|25\/100|[from] Grassy Terrain\n|upkeep\n|turn|18\n|\n|t:|1700577829\n|cant|p2a: Radiance|par\n|move|p1a: Shield Of Mind|Soft-Boiled|p1a: Shield Of Mind\n|-heal|p1a: Shield Of Mind|75\/100\n|\n|-heal|p1a: Shield Of Mind|81\/100|[from] Grassy Terrain\n|upkeep\n|turn|19\n|c|\u2606IncandescentCandle|mb\n|c|\u2606Sammmmmmmmmmmmm|rip\n|\n|t:|1700577835\n|move|p2a: Radiance|Photon Geyser|p1a: Shield Of Mind\n|-damage|p1a: Shield Of Mind|58\/100\n|move|p1a: Shield Of Mind|Seismic Toss|p2a: Radiance\n|-damage|p2a: Radiance|71\/100 par\n|\n|-heal|p2a: Radiance|77\/100 par|[from] Grassy Terrain\n|-heal|p1a: Shield Of Mind|64\/100|[from] Grassy Terrain\n|-fieldend|move: Grassy Terrain\n|upkeep\n|turn|20\n|\n|t:|1700577842\n|switch|p2a: Shakra|Mewtwo-Mega-X|100\/100\n|move|p1a: Shield Of Mind|Seismic Toss|p2a: Shakra\n|-damage|p2a: Shakra|72\/100\n|\n|upkeep\n|turn|21\n|\n|t:|1700577847\n|switch|p1a: Fight The Swarm|Tapu Bulu|75\/100\n|-fieldstart|move: Grassy Terrain|[from] ability: Grassy Surge|[of] p1a: Fight The Swarm\n|move|p2a: Shakra|Knock Off|p1a: Fight The Swarm\n|-resisted|p1a: Fight The Swarm\n|-damage|p1a: Fight The Swarm|50\/100\n|-enditem|p1a: Fight The Swarm|Choice Band|[from] move: Knock Off|[of] p2a: Shakra\n|\n|-heal|p2a: Shakra|78\/100|[from] Grassy Terrain\n|-heal|p1a: Fight The Swarm|56\/100|[from] Grassy Terrain\n|upkeep\n|turn|22\n|\n|t:|1700577851\n|switch|p1a: Funeral March In D|Skeledirge, M|57\/100 frz\n|move|p2a: Shakra|Ice Punch|p1a: Funeral March In D\n|-resisted|p1a: Funeral March In D\n|-crit|p1a: Funeral March In D\n|-damage|p1a: Funeral March In D|41\/100 frz\n|\n|-heal|p2a: Shakra|85\/100|[from] Grassy Terrain\n|-heal|p1a: Funeral March In D|47\/100 frz|[from] Grassy Terrain\n|upkeep\n|turn|23\n|c|\u2606IncandescentCandle|please thaw please thaw please thaw\n|\n|t:|1700577865\n|move|p2a: Shakra|Zen Headbutt|p1a: Funeral March In D\n|-damage|p1a: Funeral March In D|10\/100 frz\n|cant|p1a: Funeral March In D|frz\n|\n|-heal|p2a: Shakra|91\/100|[from] Grassy Terrain\n|-heal|p1a: Funeral March In D|17\/100 frz|[from] Grassy Terrain\n|upkeep\n|turn|24\n|c|\u2606IncandescentCandle|omfg\n|c|\u2606Sammmmmmmmmmmmm|i <3 double megas\n|\n|t:|1700577878\n|move|p2a: Shakra|Knock Off|p1a: Funeral March In D\n|-supereffective|p1a: Funeral March In D\n|-damage|p1a: Funeral March In D|0 fnt\n|faint|p1a: Funeral March In D\n|\n|-heal|p2a: Shakra|97\/100|[from] Grassy Terrain\n|upkeep\n|\n|t:|1700577880\n|switch|p1a: Shield Of Body|Corviknight, F|83\/100\n|-ability|p1a: Shield Of Body|Pressure\n|turn|25\n|j| Destinum\n|\n|t:|1700577893\n|switch|p1a: Fight The Swarm|Tapu Bulu|56\/100\n|move|p2a: Shakra|Drain Punch|p1a: Fight The Swarm\n|-resisted|p1a: Fight The Swarm\n|-damage|p1a: Fight The Swarm|29\/100\n|-heal|p2a: Shakra|100\/100|[from] drain|[of] p1a: Fight The Swarm\n|\n|-heal|p1a: Fight The Swarm|35\/100|[from] Grassy Terrain\n|-fieldend|move: Grassy Terrain\n|upkeep\n|turn|26\n|c|\u2606IncandescentCandle|i lose to this freeze unfortunately\n|\n|t:|1700577907\n|move|p2a: Shakra|Ice Punch|p1a: Fight The Swarm\n|-supereffective|p1a: Fight The Swarm\n|-damage|p1a: Fight The Swarm|0 fnt\n|faint|p1a: Fight The Swarm\n|\n|upkeep\n|\n|t:|1700577909\n|switch|p1a: Shield Of Body|Corviknight, F|83\/100\n|-ability|p1a: Shield Of Body|Pressure\n|turn|27\n|\n|t:|1700577916\n|switch|p2a: Radiance|Necrozma-Ultra|77\/100 par\n|move|p1a: Shield Of Body|Brave Bird|p2a: Radiance\n|-crit|p2a: Radiance\n|-damage|p2a: Radiance|17\/100 par\n|-damage|p1a: Shield Of Body|67\/100|[from] Recoil\n|\n|-heal|p1a: Shield Of Body|73\/100|[from] item: Leftovers\n|upkeep\n|turn|28\n|\n|t:|1700577920\n|switch|p1a: Shield Of Mind|Blissey, F|64\/100\n|cant|p2a: Radiance|par\n|\n|upkeep\n|turn|29\n|\n|t:|1700577928\n|move|p2a: Radiance|Photon Geyser|p1a: Shield Of Mind\n|-damage|p1a: Shield Of Mind|43\/100\n|move|p1a: Shield Of Mind|Thunder Wave|p2a: Radiance\n|-fail|p2a: Radiance|par\n|\n|upkeep\n|turn|30\n|\n|t:|1700577936\n|switch|p2a: Shakra|Mewtwo-Mega-X|100\/100\n|move|p1a: Shield Of Mind|Soft-Boiled|p1a: Shield Of Mind\n|-heal|p1a: Shield Of Mind|93\/100\n|\n|upkeep\n|turn|31\n|\n|t:|1700577941\n|switch|p1a: Shield Of Body|Corviknight, F|73\/100\n|-ability|p1a: Shield Of Body|Pressure\n|move|p2a: Shakra|Drain Punch|p1a: Shield Of Body\n|-damage|p1a: Shield Of Body|29\/100\n|\n|-heal|p1a: Shield Of Body|35\/100|[from] item: Leftovers\n|upkeep\n|turn|32\n|-message|IncandescentCandle forfeited.\n|\n|win|Sammmmmmmmmmmmm\n","uploadtime":1700577953,"views":4,"p1id":"incandescentcandle","p2id":"sammmmmmmmmmmmm","formatid":"gen9nationaldexubers","rating":0,"private":0,"password":""}