{"id":"gen9nationaldexubers-1996277985","p1":"red de pokemon oro","p2":"85792195wwww","format":"[Gen 9] National Dex Ubers","log":"|j|\u2606red de pokemon oro\n|j|\u260685792195wwww\n|t:|1700666799\n|gametype|singles\n|player|p1|red de pokemon oro|red|1482\n|player|p2|85792195wwww|mira|1656\n|teamsize|p1|6\n|teamsize|p2|6\n|gen|9\n|tier|[Gen 9] National Dex Ubers\n|rated|\n|rule|HP Percentage Mod: HP is shown in percentages\n|rule|Endless Battle Clause: Forcing endless battles is banned\n|rule|OHKO Clause: OHKO moves are banned\n|rule|Evasion Moves Clause: Evasion moves are banned\n|rule|Evasion Items Clause: Evasion items are banned\n|rule|Species Clause: Limit one of each Pok\u00e9mon\n|rule|Sleep Clause Mod: Limit one foe put to sleep\n|rule|Mega Rayquaza Clause: You cannot mega evolve Rayquaza\n|clearpoke\n|poke|p1|Salamence, F|\n|poke|p1|Cyclizar, F|\n|poke|p1|Dondozo, M|\n|poke|p1|Groudon|\n|poke|p1|Umbreon, M|\n|poke|p1|Skarmory, F|\n|poke|p2|Arceus|\n|poke|p2|Kingambit, M|\n|poke|p2|Xerneas-*|\n|poke|p2|Kyurem-White|\n|poke|p2|Groudon|\n|poke|p2|Krookodile, M|\n|teampreview\n|\n|t:|1700666807\n|start\n|switch|p1a: Cyclizar|Cyclizar, F|100\/100\n|switch|p2a: Krookodile|Krookodile, M|100\/100\n|-ability|p2a: Krookodile|Intimidate|boost\n|-unboost|p1a: Cyclizar|atk|1\n|turn|1\n|\n|t:|1700666817\n|move|p1a: Cyclizar|Shed Tail|p1a: Cyclizar\n|-start|p1a: Cyclizar|Substitute|[from] move: Shed Tail\n|-damage|p1a: Cyclizar|50\/100\n|\n|t:|1700666819\n|switch|p1a: Salamence|Salamence, F|100\/100|[from] Shed Tail\n|-ability|p1a: Salamence|Intimidate|boost\n|-unboost|p2a: Krookodile|atk|1\n|move|p2a: Krookodile|Knock Off|p1a: Salamence\n|-activate|p1a: Salamence|move: Substitute|[damage]\n|\n|upkeep\n|turn|2\n|\n|t:|1700666832\n|move|p2a: Krookodile|Knock Off|p1a: Salamence\n|-end|p1a: Salamence|Substitute\n|move|p1a: Salamence|Frustration|p2a: Krookodile\n|-damage|p2a: Krookodile|59\/100\n|\n|upkeep\n|turn|3\n|\n|t:|1700666839\n|move|p2a: Krookodile|Stealth Rock|p1a: Salamence\n|-sidestart|p1: red de pokemon oro|move: Stealth Rock\n|move|p1a: Salamence|Dragon Dance|p1a: Salamence\n|-boost|p1a: Salamence|atk|1\n|-boost|p1a: Salamence|spe|1\n|\n|upkeep\n|turn|4\n|\n|t:|1700666849\n|switch|p2a: Xerneas|Xerneas|100\/100\n|-ability|p2a: Xerneas|Fairy Aura\n|move|p1a: Salamence|Dragon Dance|p1a: Salamence\n|-boost|p1a: Salamence|atk|1\n|-boost|p1a: Salamence|spe|1\n|\n|upkeep\n|turn|5\n|\n|t:|1700666858\n|switch|p2a: Krookodile|Krookodile, M|59\/100\n|-ability|p2a: Krookodile|Intimidate|boost\n|-unboost|p1a: Salamence|atk|1\n|detailschange|p1a: Salamence|Salamence-Mega, F\n|-mega|p1a: Salamence|Salamence|Salamencite\n|move|p1a: Salamence|Frustration|p2a: Krookodile\n|-damage|p2a: Krookodile|0 fnt\n|faint|p2a: Krookodile\n|\n|upkeep\n|\n|t:|1700666869\n|switch|p2a: Xerneas|Xerneas|100\/100\n|-ability|p2a: Xerneas|Fairy Aura\n|turn|6\n|\n|t:|1700666875\n|switch|p1a: Groudon|Groudon|100\/100\n|-damage|p1a: Groudon|94\/100|[from] Stealth Rock\n|detailschange|p1a: Groudon|Groudon-Primal\n|-primal|p1a: Groudon|Red Orb\n|-weather|DesolateLand|[from] ability: Desolate Land|[of] p1a: Groudon\n|move|p2a: Xerneas|Moonblast|p1a: Groudon\n|-resisted|p1a: Groudon\n|-damage|p1a: Groudon|62\/100\n|\n|-weather|DesolateLand|[upkeep]\n|upkeep\n|turn|7\n|\n|t:|1700666894\n|switch|p2a: Arceus|Arceus|100\/100\n|move|p1a: Groudon|Heat Crash|p2a: Arceus\n|-damage|p2a: Arceus|51\/100\n|\n|-weather|DesolateLand|[upkeep]\n|upkeep\n|turn|8\n|\n|t:|1700666901\n|switch|p2a: Kyurem|Kyurem-White|100\/100\n|-ability|p2a: Kyurem|Turboblaze\n|move|p1a: Groudon|Heat Crash|p2a: Kyurem\n|-damage|p2a: Kyurem|31\/100\n|\n|-weather|DesolateLand|[upkeep]\n|upkeep\n|turn|9\n|\n|t:|1700666910\n|-weather|none\n|switch|p1a: Umbreon|Umbreon, M|100\/100\n|-damage|p1a: Umbreon|88\/100|[from] Stealth Rock\n|move|p2a: Kyurem|Ice Beam|p1a: Umbreon\n|-damage|p1a: Umbreon|46\/100\n|-damage|p2a: Kyurem|21\/100|[from] item: Life Orb\n|\n|-heal|p1a: Umbreon|52\/100|[from] item: Leftovers\n|upkeep\n|turn|10\n|\n|t:|1700666924\n|switch|p2a: Kingambit|Kingambit, M|100\/100\n|-activate|p2a: Kingambit|ability: Supreme Overlord\n|-start|p2a: Kingambit|fallen1|[silent]\n|move|p1a: Umbreon|Wish|p1a: Umbreon\n|\n|-heal|p1a: Umbreon|58\/100|[from] item: Leftovers\n|upkeep\n|turn|11\n|\n|t:|1700666933\n|switch|p1a: Groudon|Groudon-Primal|62\/100\n|-damage|p1a: Groudon|50\/100|[from] Stealth Rock\n|-weather|DesolateLand|[from] ability: Desolate Land|[of] p1a: Groudon\n|move|p2a: Kingambit|Knock Off|p1a: Groudon\n|-damage|p1a: Groudon|21\/100\n|\n|-weather|DesolateLand|[upkeep]\n|-heal|p1a: Groudon|70\/100|[from] move: Wish|[wisher] Umbreon\n|upkeep\n|turn|12\n|\n|t:|1700666945\n|-end|p2a: Kingambit|fallen1|[silent]\n|switch|p2a: Arceus|Arceus|51\/100\n|move|p1a: Groudon|Heat Crash|p2a: Arceus\n|-damage|p2a: Arceus|0 fnt\n|faint|p2a: Arceus\n|\n|-weather|DesolateLand|[upkeep]\n|upkeep\n|\n|t:|1700666953\n|switch|p2a: Kyurem|Kyurem-White|21\/100\n|-ability|p2a: Kyurem|Turboblaze\n|turn|13\n|\n|t:|1700666958\n|move|p2a: Kyurem|Ice Beam|p1a: Groudon\n|-damage|p1a: Groudon|13\/100\n|-damage|p2a: Kyurem|11\/100|[from] item: Life Orb\n|move|p1a: Groudon|Heat Crash|p2a: Kyurem\n|-damage|p2a: Kyurem|0 fnt\n|faint|p2a: Kyurem\n|\n|-weather|DesolateLand|[upkeep]\n|upkeep\n|\n|t:|1700666969\n|switch|p2a: Xerneas|Xerneas|100\/100\n|-ability|p2a: Xerneas|Fairy Aura\n|turn|14\n|\n|t:|1700666974\n|move|p2a: Xerneas|Moonblast|p1a: Groudon\n|-resisted|p1a: Groudon\n|-damage|p1a: Groudon|0 fnt\n|faint|p1a: Groudon\n|-weather|none\n|\n|upkeep\n|\n|t:|1700666976\n|switch|p1a: Cyclizar|Cyclizar, F|84\/100\n|turn|15\n|\n|t:|1700666986\n|move|p1a: Cyclizar|Knock Off|p2a: Xerneas\n|-resisted|p2a: Xerneas\n|-damage|p2a: Xerneas|93\/100\n|-enditem|p2a: Xerneas|Power Herb|[from] move: Knock Off|[of] p1a: Cyclizar\n|move|p2a: Xerneas|Moonblast|p1a: Cyclizar\n|-supereffective|p1a: Cyclizar\n|-damage|p1a: Cyclizar|0 fnt\n|faint|p1a: Cyclizar\n|\n|upkeep\n|\n|t:|1700666992\n|switch|p1a: Dondozo|Dondozo, M|100\/100\n|-damage|p1a: Dondozo|88\/100|[from] Stealth Rock\n|turn|16\n|\n|t:|1700667000\n|-terastallize|p1a: Dondozo|Steel\n|move|p2a: Xerneas|Moonblast|p1a: Dondozo\n|-resisted|p1a: Dondozo\n|-damage|p1a: Dondozo|65\/100\n|move|p1a: Dondozo|Curse|p1a: Dondozo\n|-unboost|p1a: Dondozo|spe|1\n|-boost|p1a: Dondozo|atk|1\n|-boost|p1a: Dondozo|def|1\n|\n|upkeep\n|turn|17\n|\n|t:|1700667010\n|switch|p1a: Salamence|Salamence-Mega, F|100\/100\n|-damage|p1a: Salamence|76\/100|[from] Stealth Rock\n|move|p2a: Xerneas|Focus Blast|p1a: Salamence|[miss]\n|-miss|p2a: Xerneas|p1a: Salamence\n|\n|upkeep\n|turn|18\n|-message|red de pokemon oro forfeited.\n|\n|win|85792195wwww\n|raw|red de pokemon oro's rating: 1482 &rarr; <strong>1471<\/strong><br \/>(-11 for losing)\n|raw|85792195wwww's rating: 1656 &rarr; <strong>1667<\/strong><br \/>(+11 for winning)\n|l|\u2606red de pokemon oro\n","uploadtime":1700667024,"views":0,"p1id":"reddepokemonoro","p2id":"85792195wwww","formatid":"gen9nationaldexubers","rating":1471,"private":0,"password":""}