{"id":"gen9nationaldexubers-1987931162","p1":"EABL XD","p2":"vinicim11","format":"[Gen 9] National Dex Ubers","log":"|j|\u2606EABL XD\n|j|\u2606vinicim11\n|t:|1699650347\n|gametype|singles\n|player|p1|EABL XD|gambler|1333\n|player|p2|vinicim11|red|1279\n|teamsize|p1|6\n|teamsize|p2|6\n|gen|9\n|tier|[Gen 9] National Dex Ubers\n|rated|\n|rule|HP Percentage Mod: HP is shown in percentages\n|rule|Endless Battle Clause: Forcing endless battles is banned\n|rule|OHKO Clause: OHKO moves are banned\n|rule|Evasion Moves Clause: Evasion moves are banned\n|rule|Evasion Items Clause: Evasion items are banned\n|rule|Species Clause: Limit one of each Pok\u00e9mon\n|rule|Sleep Clause Mod: Limit one foe put to sleep\n|rule|Mega Rayquaza Clause: You cannot mega evolve Rayquaza\n|clearpoke\n|poke|p1|Lunala|\n|poke|p1|Lucario, M|\n|poke|p1|Shaymin-Sky|\n|poke|p1|Galvantula, F|\n|poke|p1|Great Tusk|\n|poke|p1|Groudon|\n|poke|p2|Ferrothorn, F|\n|poke|p2|Zygarde|\n|poke|p2|Tyranitar, F|\n|poke|p2|Skeledirge, F|\n|poke|p2|Galvantula, M|\n|poke|p2|Landorus-Therian, M|\n|teampreview\n|\n|t:|1699650364\n|start\n|switch|p1a: Tula|Galvantula, F|100\/100\n|switch|p2a: Galvantula|Galvantula, M|100\/100\n|turn|1\n|\n|t:|1699650366\n|move|p2a: Galvantula|Sticky Web|p1a: Tula\n|-sidestart|p1: EABL XD|move: Sticky Web\n|move|p1a: Tula|Sticky Web|p2a: Galvantula\n|-sidestart|p2: vinicim11|move: Sticky Web\n|\n|upkeep\n|turn|2\n|\n|t:|1699650371\n|switch|p1a: Manny|Great Tusk|100\/100\n|move|p2a: Galvantula|Thunder|p1a: Manny\n|-immune|p1a: Manny\n|\n|upkeep\n|turn|3\n|\n|t:|1699650378\n|switch|p2a: Landorus|Landorus-Therian, M|100\/100\n|-ability|p2a: Landorus|Intimidate|boost\n|-unboost|p1a: Manny|atk|1\n|move|p1a: Manny|Rapid Spin|p2a: Landorus\n|-damage|p2a: Landorus|86\/100\n|-boost|p1a: Manny|spe|1\n|-sideend|p1: EABL XD|Sticky Web|[from] move: Rapid Spin|[of] p1a: Manny\n|\n|upkeep\n|turn|4\n|\n|t:|1699650390\n|move|p1a: Manny|Ice Spinner|p2a: Landorus\n|-supereffective|p2a: Landorus\n|-damage|p2a: Landorus|0 fnt\n|faint|p2a: Landorus\n|\n|upkeep\n|\n|t:|1699650396\n|switch|p2a: Skeledirge|Skeledirge, F|100\/100\n|turn|5\n|\n|t:|1699650402\n|-end|p1a: Manny|Protosynthesis|[silent]\n|switch|p1a: Don|Groudon, shiny|100\/100\n|detailschange|p1a: Don|Groudon-Primal, shiny\n|-primal|p1a: Don|Red Orb\n|-weather|DesolateLand|[from] ability: Desolate Land|[of] p1a: Don\n|move|p2a: Skeledirge|Will-O-Wisp|p1a: Don|[miss]\n|-miss|p2a: Skeledirge|p1a: Don\n|\n|-weather|DesolateLand|[upkeep]\n|upkeep\n|turn|6\n|\n|t:|1699650414\n|switch|p2a: Zygarde|Zygarde|100\/100\n|-activate|p2a: Zygarde|move: Sticky Web\n|-unboost|p2a: Zygarde|spe|1\n|move|p1a: Don|Earthquake|p2a: Zygarde\n|-damage|p2a: Zygarde|55\/100\n|\n|-weather|DesolateLand|[upkeep]\n|-heal|p2a: Zygarde|61\/100|[from] item: Leftovers\n|upkeep\n|turn|7\n|\n|t:|1699650427\n|-weather|none\n|switch|p1a: Shaymin|Shaymin-Sky|100\/100\n|move|p2a: Zygarde|Coil|p2a: Zygarde\n|-boost|p2a: Zygarde|atk|1\n|-boost|p2a: Zygarde|def|1\n|-boost|p2a: Zygarde|accuracy|1\n|\n|-heal|p2a: Zygarde|68\/100|[from] item: Leftovers\n|upkeep\n|turn|8\n|\n|t:|1699650439\n|move|p1a: Shaymin|Air Slash|p2a: Zygarde\n|-damage|p2a: Zygarde|39\/100\n|move|p2a: Zygarde|Thousand Arrows|p1a: Shaymin\n|-damage|p1a: Shaymin|32\/100\n|-start|p1a: Shaymin|Smack Down\n|\n|-heal|p2a: Zygarde|45\/100|[from] item: Leftovers\n|-activate|p2a: Zygarde|ability: Power Construct\n|detailschange|p2a: Zygarde|Zygarde-Complete\n|-heal|p2a: Zygarde|64\/100|[silent]\n|upkeep\n|turn|9\n|\n|t:|1699650448\n|move|p1a: Shaymin|Air Slash|p2a: Zygarde\n|-damage|p2a: Zygarde|46\/100\n|cant|p2a: Zygarde|flinch\n|\n|-heal|p2a: Zygarde|52\/100|[from] item: Leftovers\n|upkeep\n|turn|10\n|\n|t:|1699650452\n|move|p1a: Shaymin|Air Slash|p2a: Zygarde\n|-damage|p2a: Zygarde|34\/100\n|cant|p2a: Zygarde|flinch\n|\n|-heal|p2a: Zygarde|40\/100|[from] item: Leftovers\n|upkeep\n|turn|11\n|\n|t:|1699650456\n|move|p1a: Shaymin|Air Slash|p2a: Zygarde\n|-damage|p2a: Zygarde|19\/100\n|move|p2a: Zygarde|Thousand Arrows|p1a: Shaymin\n|-resisted|p1a: Shaymin\n|-damage|p1a: Shaymin|1\/100\n|\n|-heal|p2a: Zygarde|25\/100|[from] item: Leftovers\n|upkeep\n|turn|12\n|\n|t:|1699650461\n|move|p1a: Shaymin|Air Slash|p2a: Zygarde\n|-damage|p2a: Zygarde|6\/100\n|cant|p2a: Zygarde|flinch\n|\n|-heal|p2a: Zygarde|12\/100|[from] item: Leftovers\n|upkeep\n|turn|13\n|\n|t:|1699650466\n|move|p1a: Shaymin|Dazzling Gleam|p2a: Zygarde\n|-supereffective|p2a: Zygarde\n|-damage|p2a: Zygarde|0 fnt\n|faint|p2a: Zygarde\n|\n|upkeep\n|\n|t:|1699650481\n|switch|p2a: Skeledirge|Skeledirge, F|100\/100\n|turn|14\n|\n|t:|1699650484\n|switch|p1a: Don|Groudon-Primal, shiny|100\/100\n|-weather|DesolateLand|[from] ability: Desolate Land|[of] p1a: Don\n|move|p2a: Skeledirge|Torch Song|p1a: Don\n|-resisted|p1a: Don\n|-damage|p1a: Don|76\/100\n|-boost|p2a: Skeledirge|spa|1\n|\n|-weather|DesolateLand|[upkeep]\n|upkeep\n|turn|15\n|\n|t:|1699650504\n|switch|p2a: Ferrothorn|Ferrothorn, F|100\/100\n|-activate|p2a: Ferrothorn|move: Sticky Web\n|-unboost|p2a: Ferrothorn|spe|1\n|move|p1a: Don|Earthquake|p2a: Ferrothorn\n|-damage|p2a: Ferrothorn|58\/100\n|\n|-weather|DesolateLand|[upkeep]\n|-heal|p2a: Ferrothorn|64\/100|[from] item: Leftovers\n|upkeep\n|turn|16\n|\n|t:|1699650513\n|move|p2a: Ferrothorn|Protect|p2a: Ferrothorn\n|-singleturn|p2a: Ferrothorn|Protect\n|move|p1a: Don|Heat Crash|p2a: Ferrothorn\n|-activate|p2a: Ferrothorn|move: Protect\n|\n|-weather|DesolateLand|[upkeep]\n|-heal|p2a: Ferrothorn|70\/100|[from] item: Leftovers\n|upkeep\n|turn|17\n|\n|t:|1699650529\n|switch|p2a: Tyranitar|Tyranitar, F|100\/100\n|-activate|p2a: Tyranitar|move: Sticky Web\n|-unboost|p2a: Tyranitar|spe|1\n|-ability|p2a: Tyranitar|Sand Stream|[from] desolateland|[fail]\n|move|p1a: Don|Earthquake|p2a: Tyranitar\n|-supereffective|p2a: Tyranitar\n|-damage|p2a: Tyranitar|0 fnt\n|faint|p2a: Tyranitar\n|\n|-weather|DesolateLand|[upkeep]\n|upkeep\n|\n|t:|1699650537\n|switch|p2a: Galvantula|Galvantula, M|100\/100\n|-activate|p2a: Galvantula|move: Sticky Web\n|-unboost|p2a: Galvantula|spe|1\n|turn|18\n|\n|t:|1699650545\n|move|p1a: Don|Heat Crash|p2a: Galvantula\n|-supereffective|p2a: Galvantula\n|-enditem|p2a: Galvantula|Focus Sash\n|-damage|p2a: Galvantula|1\/100\n|move|p2a: Galvantula|Sticky Web|p1a: Don\n|-sidestart|p1: EABL XD|move: Sticky Web\n|\n|-weather|DesolateLand|[upkeep]\n|upkeep\n|turn|19\n|\n|t:|1699650555\n|move|p1a: Don|Earthquake|p2a: Galvantula\n|-damage|p2a: Galvantula|0 fnt\n|faint|p2a: Galvantula\n|\n|-weather|DesolateLand|[upkeep]\n|upkeep\n|\n|t:|1699650560\n|switch|p2a: Skeledirge|Skeledirge, F|100\/100\n|turn|20\n|\n|t:|1699650567\n|-terastallize|p2a: Skeledirge|Fairy\n|move|p1a: Don|Earthquake|p2a: Skeledirge\n|-damage|p2a: Skeledirge|50\/100\n|move|p2a: Skeledirge|Hex|p1a: Don\n|-damage|p1a: Don|50\/100\n|\n|-weather|DesolateLand|[upkeep]\n|upkeep\n|turn|21\n|\n|t:|1699650574\n|move|p1a: Don|Heavy Slam|p2a: Skeledirge\n|-supereffective|p2a: Skeledirge\n|-damage|p2a: Skeledirge|0 fnt\n|faint|p2a: Skeledirge\n|\n|-weather|DesolateLand|[upkeep]\n|upkeep\n|-message|vinicim11 forfeited.\n|\n|win|EABL XD\n|raw|EABL XD's rating: 1333 &rarr; <strong>1350<\/strong><br \/>(+17 for winning)\n|raw|vinicim11's rating: 1279 &rarr; <strong>1258<\/strong><br \/>(-21 for losing)\n|l|\u2606vinicim11\n","uploadtime":1699650581,"views":7,"p1id":"eablxd","p2id":"vinicim11","formatid":"gen9nationaldexubers","rating":1258,"private":0,"password":""}