{"id":"gen9nationaldexubers-1994230991","p1":"TheRealDiabeto","p2":"Pex Hater","format":"[Gen 9] National Dex Ubers","log":"|j|\u2606TheRealDiabeto\n|j|\u2606Pex Hater\n|t:|1700421437\n|gametype|singles\n|player|p1|TheRealDiabeto|plasmagrunt|\n|player|p2|Pex Hater|cheryl|\n|teamsize|p1|6\n|teamsize|p2|6\n|gen|9\n|tier|[Gen 9] National Dex Ubers\n|rule|HP Percentage Mod: HP is shown in percentages\n|rule|Endless Battle Clause: Forcing endless battles is banned\n|rule|OHKO Clause: OHKO moves are banned\n|rule|Evasion Moves Clause: Evasion moves are banned\n|rule|Evasion Items Clause: Evasion items are banned\n|rule|Species Clause: Limit one of each Pok\u00e9mon\n|rule|Sleep Clause Mod: Limit one foe put to sleep\n|rule|Mega Rayquaza Clause: You cannot mega evolve Rayquaza\n|clearpoke\n|poke|p1|Sneasler, F|\n|poke|p1|Rillaboom, M|\n|poke|p1|Glimmora, M|\n|poke|p1|Great Tusk|\n|poke|p1|Zapdos|\n|poke|p1|Heatran, F|\n|poke|p2|Venusaur, F|\n|poke|p2|Clodsire, F|\n|poke|p2|Weezing-Galar, F|\n|poke|p2|Sneasler, F|\n|poke|p2|Toxapex, M|\n|poke|p2|Toedscruel, M|\n|teampreview\n|c|\u2606Pex Hater|gl hf\n|c|\u2606TheRealDiabeto|dunno if I brought the right 6 for this\n|\n|t:|1700421465\n|start\n|switch|p1a: Heatran|Heatran, F, shiny|100\/100\n|switch|p2a: Capote|Sneasler, F|100\/100\n|turn|1\n|\n|t:|1700421484\n|switch|p1a: Zapdos|Zapdos, shiny|100\/100\n|move|p2a: Capote|Close Combat|p1a: Zapdos\n|-resisted|p1a: Zapdos\n|-damage|p1a: Zapdos|67\/100\n|-unboost|p2a: Capote|def|1\n|-unboost|p2a: Capote|spd|1\n|\n|upkeep\n|turn|2\n|\n|t:|1700421495\n|switch|p2a: Pursuance|Clodsire, F|100\/100\n|move|p1a: Zapdos|Roost|p1a: Zapdos\n|-heal|p1a: Zapdos|100\/100\n|-singleturn|p1a: Zapdos|move: Roost\n|\n|upkeep\n|turn|3\n|\n|t:|1700421502\n|switch|p1a: Heatran|Heatran, F, shiny|100\/100\n|move|p2a: Pursuance|Spikes|p1a: Heatran\n|-sidestart|p1: TheRealDiabeto|Spikes\n|\n|upkeep\n|turn|4\n|\n|t:|1700421522\n|move|p1a: Heatran|Protect|p1a: Heatran\n|-singleturn|p1a: Heatran|Protect\n|move|p2a: Pursuance|Earthquake|p1a: Heatran\n|-activate|p1a: Heatran|move: Protect\n|\n|upkeep\n|turn|5\n|\n|t:|1700421555\n|switch|p1a: Zapdos|Zapdos, shiny|100\/100\n|move|p2a: Pursuance|Earthquake|p1a: Zapdos\n|-immune|p1a: Zapdos\n|\n|upkeep\n|turn|6\n|\n|t:|1700421561\n|move|p1a: Zapdos|Defog|p2a: Pursuance\n|-unboost|p2a: Pursuance|evasion|1\n|-sideend|p1: TheRealDiabeto|Spikes|[from] move: Defog|[of] p1a: Zapdos\n|move|p2a: Pursuance|Toxic|p1a: Zapdos\n|-status|p1a: Zapdos|tox\n|\n|-damage|p1a: Zapdos|94\/100 tox|[from] psn\n|upkeep\n|turn|7\n|\n|t:|1700421570\n|switch|p1a: Glimmora|Glimmora, M|100\/100\n|move|p2a: Pursuance|Spikes|p1a: Glimmora\n|-sidestart|p1: TheRealDiabeto|Spikes\n|\n|upkeep\n|turn|8\n|\n|t:|1700421585\n|move|p1a: Glimmora|Mortal Spin|p2a: Pursuance\n|-resisted|p2a: Pursuance\n|-damage|p2a: Pursuance|99\/100\n|-sideend|p1: TheRealDiabeto|Spikes|[from] move: Mortal Spin|[of] p1a: Glimmora\n|move|p2a: Pursuance|Earthquake|p1a: Glimmora\n|-supereffective|p1a: Glimmora\n|-enditem|p1a: Glimmora|Focus Sash\n|-damage|p1a: Glimmora|1\/100\n|-activate|p1a: Glimmora|ability: Toxic Debris\n|-sidestart|p2: Pex Hater|move: Toxic Spikes\n|\n|-heal|p2a: Pursuance|100\/100|[from] item: Black Sludge\n|upkeep\n|turn|9\n|\n|t:|1700421595\n|move|p1a: Glimmora|Spikes|p2a: Pursuance\n|-sidestart|p2: Pex Hater|Spikes\n|move|p2a: Pursuance|Spikes|p1a: Glimmora\n|-sidestart|p1: TheRealDiabeto|Spikes\n|\n|upkeep\n|turn|10\n|\n|t:|1700421600\n|move|p1a: Glimmora|Mortal Spin|p2a: Pursuance\n|-resisted|p2a: Pursuance\n|-damage|p2a: Pursuance|99\/100\n|-sideend|p1: TheRealDiabeto|Spikes|[from] move: Mortal Spin|[of] p1a: Glimmora\n|move|p2a: Pursuance|Earthquake|p1a: Glimmora\n|-supereffective|p1a: Glimmora\n|-damage|p1a: Glimmora|0 fnt\n|-activate|p1a: Glimmora|ability: Toxic Debris\n|-sidestart|p2: Pex Hater|move: Toxic Spikes\n|faint|p1a: Glimmora\n|\n|-heal|p2a: Pursuance|100\/100|[from] item: Black Sludge\n|upkeep\n|\n|t:|1700421615\n|switch|p1a: Great Tusk|Great Tusk|100\/100\n|turn|11\n|\n|t:|1700421624\n|switch|p2a: Sunshower|Weezing-Galar, F|100\/100\n|move|p1a: Great Tusk|Headlong Rush|p2a: Sunshower\n|-immune|p2a: Sunshower|[from] ability: Levitate\n|\n|upkeep\n|turn|12\n|\n|t:|1700421641\n|-end|p1a: Great Tusk|Protosynthesis|[silent]\n|switch|p1a: Heatran|Heatran, F, shiny|100\/100\n|move|p2a: Sunshower|Defog|p1a: Heatran\n|-unboost|p1a: Heatran|evasion|1\n|-sideend|p2: Pex Hater|Spikes|[from] move: Defog|[of] p2a: Sunshower\n|-sideend|p2: Pex Hater|Toxic Spikes|[from] move: Defog|[of] p2a: Sunshower\n|\n|upkeep\n|turn|13\n|\n|t:|1700421657\n|switch|p2a: Pursuance|Clodsire, F|100\/100\n|move|p1a: Heatran|Stealth Rock|p2a: Pursuance\n|-sidestart|p2: Pex Hater|move: Stealth Rock\n|\n|upkeep\n|turn|14\n|\n|t:|1700421667\n|switch|p1a: Zapdos|Zapdos, shiny|94\/100 tox\n|move|p2a: Pursuance|Spikes|p1a: Zapdos\n|-sidestart|p1: TheRealDiabeto|Spikes\n|\n|-damage|p1a: Zapdos|88\/100 tox|[from] psn\n|upkeep\n|turn|15\n|\n|t:|1700421676\n|move|p1a: Zapdos|Defog|p2a: Pursuance\n|-unboost|p2a: Pursuance|evasion|1\n|-sideend|p2: Pex Hater|Stealth Rock|[from] move: Defog|[of] p1a: Zapdos\n|-sideend|p1: TheRealDiabeto|Spikes|[from] move: Defog|[of] p1a: Zapdos\n|move|p2a: Pursuance|Spikes|p1a: Zapdos\n|-sidestart|p1: TheRealDiabeto|Spikes\n|\n|-damage|p1a: Zapdos|76\/100 tox|[from] psn\n|upkeep\n|turn|16\n|\n|t:|1700421685\n|switch|p1a: Great Tusk|Great Tusk|100\/100\n|move|p2a: Pursuance|Spikes|p1a: Great Tusk\n|-sidestart|p1: TheRealDiabeto|Spikes\n|\n|upkeep\n|turn|17\n|\n|t:|1700421691\n|switch|p2a: Sunshower|Weezing-Galar, F|100\/100\n|move|p1a: Great Tusk|Ice Spinner|p2a: Sunshower\n|-damage|p2a: Sunshower|82\/100\n|\n|-heal|p2a: Sunshower|88\/100|[from] item: Black Sludge\n|upkeep\n|turn|18\n|\n|t:|1700421695\n|move|p1a: Great Tusk|Close Combat|p2a: Sunshower\n|-resisted|p2a: Sunshower\n|-damage|p2a: Sunshower|78\/100\n|-unboost|p1a: Great Tusk|def|1\n|-unboost|p1a: Great Tusk|spd|1\n|move|p2a: Sunshower|Will-O-Wisp|p1a: Great Tusk\n|-status|p1a: Great Tusk|brn\n|\n|-heal|p2a: Sunshower|84\/100|[from] item: Black Sludge\n|-damage|p1a: Great Tusk|94\/100 brn|[from] brn\n|upkeep\n|turn|19\n|c|\u2606TheRealDiabeto|I didn't click close combat\n|c|\u2606TheRealDiabeto|it straight up skipped my selection phase\n|\n|t:|1700421739\n|-end|p1a: Great Tusk|Protosynthesis|[silent]\n|switch|p1a: Heatran|Heatran, F, shiny|100\/100\n|-damage|p1a: Heatran|84\/100|[from] Spikes\n|switch|p2a: Ebony Stem|Venusaur, F|100\/100\n|\n|-heal|p1a: Heatran|90\/100|[from] item: Leftovers\n|upkeep\n|turn|20\n|\n|t:|1700421749\n|switch|p2a: Pursuance|Clodsire, F|100\/100\n|move|p1a: Heatran|Magma Storm|p2a: Pursuance\n|-damage|p2a: Pursuance|77\/100\n|-activate|p2a: Pursuance|move: Magma Storm|[of] p1a: Heatran\n|\n|-heal|p1a: Heatran|96\/100|[from] item: Leftovers\n|-heal|p2a: Pursuance|83\/100|[from] item: Black Sludge\n|-damage|p2a: Pursuance|71\/100|[from] move: Magma Storm|[partiallytrapped]\n|upkeep\n|turn|21\n|\n|t:|1700421766\n|move|p1a: Heatran|Earth Power|p2a: Pursuance\n|-supereffective|p2a: Pursuance\n|-damage|p2a: Pursuance|44\/100\n|move|p2a: Pursuance|Earthquake|p1a: Heatran\n|-supereffective|p1a: Heatran\n|-damage|p1a: Heatran|3\/100\n|\n|-heal|p1a: Heatran|9\/100|[from] item: Leftovers\n|-heal|p2a: Pursuance|50\/100|[from] item: Black Sludge\n|-damage|p2a: Pursuance|38\/100|[from] move: Magma Storm|[partiallytrapped]\n|upkeep\n|turn|22\n|\n|t:|1700421782\n|move|p1a: Heatran|Protect|p1a: Heatran\n|-singleturn|p1a: Heatran|Protect\n|move|p2a: Pursuance|Recover|p2a: Pursuance\n|-heal|p2a: Pursuance|88\/100\n|\n|-heal|p1a: Heatran|16\/100|[from] item: Leftovers\n|-heal|p2a: Pursuance|94\/100|[from] item: Black Sludge\n|-damage|p2a: Pursuance|82\/100|[from] move: Magma Storm|[partiallytrapped]\n|upkeep\n|turn|23\n|\n|t:|1700421796\n|switch|p1a: Zapdos|Zapdos, shiny|76\/100 tox\n|move|p2a: Pursuance|Earthquake|p1a: Zapdos\n|-immune|p1a: Zapdos\n|\n|-heal|p2a: Pursuance|88\/100|[from] item: Black Sludge\n|-damage|p1a: Zapdos|70\/100 tox|[from] psn\n|-end|p2a: Pursuance|Magma Storm|[partiallytrapped]|[silent]\n|upkeep\n|turn|24\n|\n|t:|1700421805\n|move|p1a: Zapdos|Defog|p2a: Pursuance\n|-unboost|p2a: Pursuance|evasion|1\n|-sideend|p1: TheRealDiabeto|Spikes|[from] move: Defog|[of] p1a: Zapdos\n|move|p2a: Pursuance|Spikes|p1a: Zapdos\n|-sidestart|p1: TheRealDiabeto|Spikes\n|\n|-heal|p2a: Pursuance|94\/100|[from] item: Black Sludge\n|-damage|p1a: Zapdos|58\/100 tox|[from] psn\n|upkeep\n|turn|25\n|\n|t:|1700421815\n|switch|p1a: Great Tusk|Great Tusk|94\/100 brn\n|move|p2a: Pursuance|Spikes|p1a: Great Tusk\n|-sidestart|p1: TheRealDiabeto|Spikes\n|\n|-heal|p2a: Pursuance|99\/100|[from] item: Black Sludge\n|-damage|p1a: Great Tusk|88\/100 brn|[from] brn\n|upkeep\n|turn|26\n|\n|t:|1700421827\n|switch|p2a: Ebony Stem|Venusaur, F|100\/100\n|move|p1a: Great Tusk|Rapid Spin|p2a: Ebony Stem\n|-crit|p2a: Ebony Stem\n|-damage|p2a: Ebony Stem|90\/100\n|-boost|p1a: Great Tusk|spe|1\n|-sideend|p1: TheRealDiabeto|Spikes|[from] move: Rapid Spin|[of] p1a: Great Tusk\n|\n|-damage|p1a: Great Tusk|82\/100 brn|[from] brn\n|upkeep\n|turn|27\n|j| vespyyy\n|\n|t:|1700421866\n|-end|p1a: Great Tusk|Protosynthesis|[silent]\n|switch|p1a: Zapdos|Zapdos, shiny|58\/100 tox\n|detailschange|p2a: Ebony Stem|Venusaur-Mega, F\n|-mega|p2a: Ebony Stem|Venusaur|Venusaurite\n|move|p2a: Ebony Stem|Leech Seed|p1a: Zapdos\n|-start|p1a: Zapdos|move: Leech Seed\n|\n|-damage|p1a: Zapdos|46\/100 tox|[from] Leech Seed|[of] p2a: Ebony Stem\n|-heal|p2a: Ebony Stem|100\/100|[silent]\n|-damage|p1a: Zapdos|40\/100 tox|[from] psn\n|upkeep\n|turn|28\n|\n|t:|1700421882\n|move|p1a: Zapdos|Roost|p1a: Zapdos\n|-heal|p1a: Zapdos|90\/100 tox\n|-singleturn|p1a: Zapdos|move: Roost\n|move|p2a: Ebony Stem|Sludge Bomb|p1a: Zapdos\n|-damage|p1a: Zapdos|52\/100 tox\n|\n|-damage|p1a: Zapdos|40\/100 tox|[from] Leech Seed|[of] p2a: Ebony Stem\n|-damage|p1a: Zapdos|28\/100 tox|[from] psn\n|upkeep\n|turn|29\n|\n|t:|1700421897\n|switch|p1a: Heatran|Heatran, F, shiny|16\/100\n|move|p2a: Ebony Stem|Leech Seed|p1a: Heatran\n|-start|p1a: Heatran|move: Leech Seed\n|\n|-heal|p1a: Heatran|22\/100|[from] item: Leftovers\n|-damage|p1a: Heatran|9\/100|[from] Leech Seed|[of] p2a: Ebony Stem\n|upkeep\n|turn|30\n|\n|t:|1700421906\n|move|p2a: Ebony Stem|Giga Drain|p1a: Heatran\n|-resisted|p1a: Heatran\n|-damage|p1a: Heatran|5\/100\n|move|p1a: Heatran|Magma Storm|p2a: Ebony Stem\n|-supereffective|p2a: Ebony Stem\n|-damage|p2a: Ebony Stem|64\/100\n|-activate|p2a: Ebony Stem|move: Magma Storm|[of] p1a: Heatran\n|\n|-heal|p1a: Heatran|11\/100|[from] item: Leftovers\n|-damage|p1a: Heatran|0 fnt|[from] Leech Seed|[of] p2a: Ebony Stem\n|-heal|p2a: Ebony Stem|75\/100|[silent]\n|faint|p1a: Heatran\n|-end|p2a: Ebony Stem|Magma Storm|[partiallytrapped]|[silent]\n|upkeep\n|\n|t:|1700421916\n|switch|p1a: Zapdos|Zapdos, shiny|28\/100 tox\n|turn|31\n|\n|t:|1700421920\n|switch|p2a: Pursuance|Clodsire, F|99\/100\n|move|p1a: Zapdos|Hurricane|p2a: Pursuance\n|-damage|p2a: Pursuance|75\/100\n|-start|p2a: Pursuance|confusion\n|\n|-heal|p2a: Pursuance|81\/100|[from] item: Black Sludge\n|-damage|p1a: Zapdos|22\/100 tox|[from] psn\n|upkeep\n|turn|32\n|\n|t:|1700421931\n|switch|p2a: Fluid Sac|Toxapex, M|100\/100\n|move|p1a: Zapdos|Roost|p1a: Zapdos\n|-heal|p1a: Zapdos|72\/100 tox\n|-singleturn|p1a: Zapdos|move: Roost\n|\n|-damage|p1a: Zapdos|60\/100 tox|[from] psn\n|upkeep\n|turn|33\n|\n|t:|1700421939\n|switch|p2a: Pursuance|Clodsire, F|81\/100\n|move|p1a: Zapdos|Volt Switch|p2a: Pursuance\n|-immune|p2a: Pursuance\n|\n|-heal|p2a: Pursuance|88\/100|[from] item: Black Sludge\n|-damage|p1a: Zapdos|42\/100 tox|[from] psn\n|upkeep\n|turn|34\n|\n|t:|1700421947\n|move|p1a: Zapdos|Roost|p1a: Zapdos\n|-heal|p1a: Zapdos|92\/100 tox\n|-singleturn|p1a: Zapdos|move: Roost\n|move|p2a: Pursuance|Spikes|p1a: Zapdos\n|-sidestart|p1: TheRealDiabeto|Spikes\n|\n|-heal|p2a: Pursuance|94\/100|[from] item: Black Sludge\n|-damage|p1a: Zapdos|68\/100 tox|[from] psn\n|upkeep\n|turn|35\n|\n|t:|1700421963\n|switch|p1a: Great Tusk|Great Tusk|82\/100 brn\n|move|p2a: Pursuance|Spikes|p1a: Great Tusk\n|-sidestart|p1: TheRealDiabeto|Spikes\n|\n|-heal|p2a: Pursuance|99\/100|[from] item: Black Sludge\n|-damage|p1a: Great Tusk|76\/100 brn|[from] brn\n|upkeep\n|turn|36\n|\n|t:|1700421971\n|switch|p2a: Ebony Stem|Venusaur-Mega, F|75\/100\n|move|p1a: Great Tusk|Rapid Spin|p2a: Ebony Stem\n|-damage|p2a: Ebony Stem|70\/100\n|-boost|p1a: Great Tusk|spe|1\n|-sideend|p1: TheRealDiabeto|Spikes|[from] move: Rapid Spin|[of] p1a: Great Tusk\n|\n|-damage|p1a: Great Tusk|70\/100 brn|[from] brn\n|upkeep\n|turn|37\n|\n|t:|1700421985\n|-end|p1a: Great Tusk|Protosynthesis|[silent]\n|switch|p1a: Zapdos|Zapdos, shiny|68\/100 tox\n|move|p2a: Ebony Stem|Sludge Bomb|p1a: Zapdos\n|-damage|p1a: Zapdos|31\/100 tox\n|\n|-damage|p1a: Zapdos|25\/100 tox|[from] psn\n|upkeep\n|turn|38\n|\n|t:|1700421991\n|switch|p2a: Pursuance|Clodsire, F|99\/100\n|move|p1a: Zapdos|Roost|p1a: Zapdos\n|-heal|p1a: Zapdos|75\/100 tox\n|-singleturn|p1a: Zapdos|move: Roost\n|\n|-heal|p2a: Pursuance|100\/100|[from] item: Black Sludge\n|-damage|p1a: Zapdos|63\/100 tox|[from] psn\n|upkeep\n|turn|39\n|\n|t:|1700422004\n|switch|p1a: Great Tusk|Great Tusk|70\/100 brn\n|move|p2a: Pursuance|Spikes|p1a: Great Tusk\n|-sidestart|p1: TheRealDiabeto|Spikes\n|\n|-damage|p1a: Great Tusk|63\/100 brn|[from] brn\n|upkeep\n|turn|40\n|\n|t:|1700422014\n|switch|p2a: Ebony Stem|Venusaur-Mega, F|70\/100\n|move|p1a: Great Tusk|Headlong Rush|p2a: Ebony Stem\n|-damage|p2a: Ebony Stem|51\/100\n|-unboost|p1a: Great Tusk|def|1\n|-unboost|p1a: Great Tusk|spd|1\n|\n|-damage|p1a: Great Tusk|57\/100 brn|[from] brn\n|upkeep\n|turn|41\n|\n|t:|1700422027\n|-end|p1a: Great Tusk|Protosynthesis|[silent]\n|switch|p1a: Rillaboom|Rillaboom, M|100\/100\n|-damage|p1a: Rillaboom|88\/100|[from] Spikes\n|-fieldstart|move: Grassy Terrain|[from] ability: Grassy Surge|[of] p1a: Rillaboom\n|move|p2a: Ebony Stem|Synthesis|p2a: Ebony Stem\n|-heal|p2a: Ebony Stem|100\/100\n|\n|-heal|p1a: Rillaboom|94\/100|[from] Grassy Terrain\n|upkeep\n|turn|42\n|\n|t:|1700422038\n|move|p1a: Rillaboom|U-turn|p2a: Ebony Stem\n|-damage|p2a: Ebony Stem|85\/100\n|\n|t:|1700422041\n|switch|p1a: Zapdos|Zapdos, shiny|63\/100 tox|[from] U-turn\n|move|p2a: Ebony Stem|Sludge Bomb|p1a: Zapdos\n|-damage|p1a: Zapdos|25\/100 tox\n|\n|-heal|p2a: Ebony Stem|91\/100|[from] Grassy Terrain\n|-damage|p1a: Zapdos|19\/100 tox|[from] psn\n|upkeep\n|turn|43\n|\n|t:|1700422049\n|move|p1a: Zapdos|Roost|p1a: Zapdos\n|-heal|p1a: Zapdos|69\/100 tox\n|-singleturn|p1a: Zapdos|move: Roost\n|move|p2a: Ebony Stem|Sludge Bomb|p1a: Zapdos\n|-damage|p1a: Zapdos|34\/100 tox\n|\n|-heal|p1a: Zapdos|40\/100 tox|[from] Grassy Terrain\n|-heal|p2a: Ebony Stem|97\/100|[from] Grassy Terrain\n|-damage|p1a: Zapdos|28\/100 tox|[from] psn\n|upkeep\n|turn|44\n|l| vespyyy\n|\n|t:|1700422061\n|move|p1a: Zapdos|Hurricane|p2a: Ebony Stem\n|-supereffective|p2a: Ebony Stem\n|-damage|p2a: Ebony Stem|26\/100\n|move|p2a: Ebony Stem|Sludge Bomb|p1a: Zapdos\n|-damage|p1a: Zapdos|0 fnt\n|faint|p1a: Zapdos\n|\n|-heal|p2a: Ebony Stem|32\/100|[from] Grassy Terrain\n|upkeep\n|\n|t:|1700422077\n|switch|p1a: Sneasler|Sneasler, F|100\/100\n|-damage|p1a: Sneasler|88\/100|[from] Spikes\n|-enditem|p1a: Sneasler|Grassy Seed\n|-boost|p1a: Sneasler|def|1|[from] item: Grassy Seed\n|turn|45\n|\n|t:|1700422087\n|move|p1a: Sneasler|Dire Claw|p2a: Ebony Stem\n|-damage|p2a: Ebony Stem|5\/100\n|move|p2a: Ebony Stem|Synthesis|p2a: Ebony Stem\n|-heal|p2a: Ebony Stem|55\/100\n|\n|-heal|p1a: Sneasler|94\/100|[from] Grassy Terrain\n|-heal|p2a: Ebony Stem|61\/100|[from] Grassy Terrain\n|upkeep\n|turn|46\n|\n|t:|1700422097\n|move|p1a: Sneasler|Acrobatics|p2a: Ebony Stem\n|-supereffective|p2a: Ebony Stem\n|-damage|p2a: Ebony Stem|8\/100\n|move|p2a: Ebony Stem|Leech Seed|p1a: Sneasler|[miss]\n|-miss|p2a: Ebony Stem|p1a: Sneasler\n|\n|-heal|p1a: Sneasler|99\/100|[from] Grassy Terrain\n|-heal|p2a: Ebony Stem|15\/100|[from] Grassy Terrain\n|upkeep\n|turn|47\n|\n|t:|1700422106\n|switch|p2a: Fluid Sac|Toxapex, M|100\/100\n|move|p1a: Sneasler|Dire Claw|p2a: Fluid Sac\n|-resisted|p2a: Fluid Sac\n|-damage|p2a: Fluid Sac|88\/100\n|\n|-heal|p1a: Sneasler|100\/100|[from] Grassy Terrain\n|-heal|p2a: Fluid Sac|94\/100|[from] Grassy Terrain\n|upkeep\n|turn|48\n|j| vespyyy\n|\n|t:|1700422144\n|move|p1a: Sneasler|Swords Dance|p1a: Sneasler\n|-boost|p1a: Sneasler|atk|2\n|move|p2a: Fluid Sac|Scald|p1a: Sneasler\n|-crit|p1a: Sneasler\n|-damage|p1a: Sneasler|68\/100\n|\n|-heal|p1a: Sneasler|74\/100|[from] Grassy Terrain\n|-heal|p2a: Fluid Sac|99\/100|[from] Grassy Terrain\n|-fieldend|move: Grassy Terrain\n|upkeep\n|turn|49\n|\n|t:|1700422156\n|move|p1a: Sneasler|Acrobatics|p2a: Fluid Sac\n|-damage|p2a: Fluid Sac|48\/100\n|move|p2a: Fluid Sac|Haze|p2a: Fluid Sac\n|-clearallboost\n|\n|upkeep\n|turn|50\n|\n|t:|1700422163\n|move|p1a: Sneasler|Acrobatics|p2a: Fluid Sac\n|-damage|p2a: Fluid Sac|24\/100\n|move|p2a: Fluid Sac|Recover|p2a: Fluid Sac\n|-heal|p2a: Fluid Sac|74\/100\n|\n|upkeep\n|turn|51\n|\n|t:|1700422169\n|move|p1a: Sneasler|Swords Dance|p1a: Sneasler\n|-boost|p1a: Sneasler|atk|2\n|move|p2a: Fluid Sac|Scald|p1a: Sneasler\n|-damage|p1a: Sneasler|51\/100\n|-status|p1a: Sneasler|brn\n|\n|-damage|p1a: Sneasler|45\/100 brn|[from] brn\n|upkeep\n|turn|52\n|\n|t:|1700422179\n|switch|p1a: Rillaboom|Rillaboom, M|94\/100\n|-damage|p1a: Rillaboom|82\/100|[from] Spikes\n|-fieldstart|move: Grassy Terrain|[from] ability: Grassy Surge|[of] p1a: Rillaboom\n|move|p2a: Fluid Sac|Recover|p2a: Fluid Sac\n|-heal|p2a: Fluid Sac|100\/100\n|\n|-heal|p1a: Rillaboom|88\/100|[from] Grassy Terrain\n|upkeep\n|turn|53\n|\n|t:|1700422190\n|move|p1a: Rillaboom|Knock Off|p2a: Fluid Sac\n|-damage|p2a: Fluid Sac|86\/100\n|move|p2a: Fluid Sac|Scald|p1a: Rillaboom\n|-resisted|p1a: Rillaboom\n|-damage|p1a: Rillaboom|78\/100\n|-status|p1a: Rillaboom|brn\n|\n|-heal|p1a: Rillaboom|84\/100 brn|[from] Grassy Terrain\n|-heal|p2a: Fluid Sac|92\/100|[from] Grassy Terrain\n|-damage|p1a: Rillaboom|78\/100 brn|[from] brn\n|upkeep\n|turn|54\n|c|\u2606TheRealDiabeto|gg\n|c|\u2606Pex Hater|gg\n|-message|TheRealDiabeto forfeited.\n|\n|win|Pex Hater\n|l|\u2606TheRealDiabeto\n|l| vespyyy\n|j| vespyyy\n|j| Astro Excaliburn\n|l| Astro Excaliburn\n","uploadtime":1700422647,"views":12,"p1id":"therealdiabeto","p2id":"pexhater","formatid":"gen9nationaldexubers","rating":0,"private":0,"password":""}