{"id":"gen9nationaldexubers-1989734935","p1":"DepressedNewbie","p2":"ORDINARY-MODE\ufe0f\u25fb\ufe0f","format":"[Gen 9] National Dex Ubers","log":"|j|\u2606DepressedNewbie\n|j|\u2606ORDINARY-MODE\ufe0f\u25fb\ufe0f\n|t:|1699891234\n|gametype|singles\n|player|p1|DepressedNewbie|1|1046\n|player|p2|ORDINARY-MODE\ufe0f\u25fb\ufe0f|wicke|1000\n|teamsize|p1|6\n|teamsize|p2|6\n|gen|9\n|tier|[Gen 9] National Dex Ubers\n|rated|\n|rule|HP Percentage Mod: HP is shown in percentages\n|rule|Endless Battle Clause: Forcing endless battles is banned\n|rule|OHKO Clause: OHKO moves are banned\n|rule|Evasion Moves Clause: Evasion moves are banned\n|rule|Evasion Items Clause: Evasion items are banned\n|rule|Species Clause: Limit one of each Pok\u00e9mon\n|rule|Sleep Clause Mod: Limit one foe put to sleep\n|rule|Mega Rayquaza Clause: You cannot mega evolve Rayquaza\n|clearpoke\n|poke|p1|Ursaluna, F|\n|poke|p1|Dialga|\n|poke|p1|Manaphy|\n|poke|p1|Ceruledge, F|\n|poke|p1|Charizard, F|\n|poke|p1|Chesnaught, M|\n|poke|p2|Silvally-*|\n|poke|p2|Cyclizar, M|\n|poke|p2|Oinkologne-F, F|\n|poke|p2|Zangoose, M|\n|poke|p2|Swellow, M|\n|poke|p2|Kecleon, M|\n|teampreview\n|\n|t:|1699891246\n|start\n|switch|p1a: Manaphy|Manaphy|100\/100\n|switch|p2a: \u26aa\ufe0fORIGINAL\ud83c\udf1fFORM\u26aa\ufe0f|Silvally|100\/100\n|turn|1\n|c|\u2606DepressedNewbie|A Silvally\n|\n|t:|1699891293\n|move|p1a: Manaphy|Scald|p2a: \u26aa\ufe0fORIGINAL\ud83c\udf1fFORM\u26aa\ufe0f\n|-damage|p2a: \u26aa\ufe0fORIGINAL\ud83c\udf1fFORM\u26aa\ufe0f|56\/100\n|-damage|p1a: Manaphy|91\/100|[from] item: Life Orb\n|move|p2a: \u26aa\ufe0fORIGINAL\ud83c\udf1fFORM\u26aa\ufe0f|Giga Impact|p1a: Manaphy\n|-enditem|p2a: \u26aa\ufe0fORIGINAL\ud83c\udf1fFORM\u26aa\ufe0f|Normal Gem|[from] gem\n|-damage|p1a: Manaphy|10\/100\n|-mustrecharge|p2a: \u26aa\ufe0fORIGINAL\ud83c\udf1fFORM\u26aa\ufe0f\n|\n|upkeep\n|turn|2\n|c|\u2606DepressedNewbie|What a magestic beast!\n|\n|t:|1699891302\n|move|p1a: Manaphy|Tail Glow|p1a: Manaphy\n|-boost|p1a: Manaphy|spa|3\n|cant|p2a: \u26aa\ufe0fORIGINAL\ud83c\udf1fFORM\u26aa\ufe0f|recharge\n|\n|upkeep\n|turn|3\n|\n|t:|1699891308\n|move|p1a: Manaphy|Scald|p2a: \u26aa\ufe0fORIGINAL\ud83c\udf1fFORM\u26aa\ufe0f\n|-damage|p2a: \u26aa\ufe0fORIGINAL\ud83c\udf1fFORM\u26aa\ufe0f|0 fnt\n|faint|p2a: \u26aa\ufe0fORIGINAL\ud83c\udf1fFORM\u26aa\ufe0f\n|-damage|p1a: Manaphy|0 fnt|[from] item: Life Orb\n|faint|p1a: Manaphy\n|\n|upkeep\n|\n|t:|1699891322\n|switch|p1a: Dialga|Dialga|100\/100\n|switch|p2a: \ud83e\udd8e\u26aa\ufe0fCYCLIZAR\u26aa\ufe0f\ud83e\udd8e|Cyclizar, M, shiny|100\/100\n|-ability|p1a: Dialga|Pressure\n|turn|4\n|\n|t:|1699891331\n|move|p2a: \ud83e\udd8e\u26aa\ufe0fCYCLIZAR\u26aa\ufe0f\ud83e\udd8e|Shed Tail|p2a: \ud83e\udd8e\u26aa\ufe0fCYCLIZAR\u26aa\ufe0f\ud83e\udd8e\n|-start|p2a: \ud83e\udd8e\u26aa\ufe0fCYCLIZAR\u26aa\ufe0f\ud83e\udd8e|Substitute|[from] move: Shed Tail\n|-damage|p2a: \ud83e\udd8e\u26aa\ufe0fCYCLIZAR\u26aa\ufe0f\ud83e\udd8e|50\/100\n|\n|t:|1699891335\n|switch|p2a: \ud83e\udda6\u26aa\ufe0fZANGOOSE\u26aa\ufe0f\ud83e\udda6|Zangoose, M, shiny|100\/100|[from] Shed Tail\n|move|p1a: Dialga|Dragon Pulse|p2a: \ud83e\udda6\u26aa\ufe0fZANGOOSE\u26aa\ufe0f\ud83e\udda6\n|-end|p2a: \ud83e\udda6\u26aa\ufe0fZANGOOSE\u26aa\ufe0f\ud83e\udda6|Substitute\n|\n|-status|p2a: \ud83e\udda6\u26aa\ufe0fZANGOOSE\u26aa\ufe0f\ud83e\udda6|tox|[from] item: Toxic Orb\n|upkeep\n|turn|5\n|\n|t:|1699891344\n|move|p2a: \ud83e\udda6\u26aa\ufe0fZANGOOSE\u26aa\ufe0f\ud83e\udda6|Close Combat|p1a: Dialga\n|-supereffective|p1a: Dialga\n|-damage|p1a: Dialga|7\/100\n|-unboost|p2a: \ud83e\udda6\u26aa\ufe0fZANGOOSE\u26aa\ufe0f\ud83e\udda6|def|1\n|-unboost|p2a: \ud83e\udda6\u26aa\ufe0fZANGOOSE\u26aa\ufe0f\ud83e\udda6|spd|1\n|move|p1a: Dialga|Aura Sphere|p2a: \ud83e\udda6\u26aa\ufe0fZANGOOSE\u26aa\ufe0f\ud83e\udda6\n|-supereffective|p2a: \ud83e\udda6\u26aa\ufe0fZANGOOSE\u26aa\ufe0f\ud83e\udda6\n|-damage|p2a: \ud83e\udda6\u26aa\ufe0fZANGOOSE\u26aa\ufe0f\ud83e\udda6|0 fnt\n|faint|p2a: \ud83e\udda6\u26aa\ufe0fZANGOOSE\u26aa\ufe0f\ud83e\udda6\n|\n|upkeep\n|\n|t:|1699891370\n|switch|p2a: \ud83d\udc26\u26aa\ufe0fSWELLOW\u26aa\ufe0f\ud83d\udc26|Swellow, M|100\/100\n|turn|6\n|\n|t:|1699891376\n|move|p2a: \ud83d\udc26\u26aa\ufe0fSWELLOW\u26aa\ufe0f\ud83d\udc26|Boomburst|p1a: Dialga\n|-resisted|p1a: Dialga\n|-damage|p1a: Dialga|0 fnt\n|faint|p1a: Dialga\n|-enditem|p2a: \ud83d\udc26\u26aa\ufe0fSWELLOW\u26aa\ufe0f\ud83d\udc26|Throat Spray\n|-boost|p2a: \ud83d\udc26\u26aa\ufe0fSWELLOW\u26aa\ufe0f\ud83d\udc26|spa|1|[from] item: Throat Spray\n|\n|upkeep\n|\n|t:|1699891389\n|switch|p1a: Chesnaught|Chesnaught, M|100\/100\n|turn|7\n|\n|t:|1699891397\n|move|p2a: \ud83d\udc26\u26aa\ufe0fSWELLOW\u26aa\ufe0f\ud83d\udc26|Work Up|p2a: \ud83d\udc26\u26aa\ufe0fSWELLOW\u26aa\ufe0f\ud83d\udc26\n|-boost|p2a: \ud83d\udc26\u26aa\ufe0fSWELLOW\u26aa\ufe0f\ud83d\udc26|atk|1\n|-boost|p2a: \ud83d\udc26\u26aa\ufe0fSWELLOW\u26aa\ufe0f\ud83d\udc26|spa|1\n|move|p1a: Chesnaught|Leech Seed|p2a: \ud83d\udc26\u26aa\ufe0fSWELLOW\u26aa\ufe0f\ud83d\udc26\n|-start|p2a: \ud83d\udc26\u26aa\ufe0fSWELLOW\u26aa\ufe0f\ud83d\udc26|move: Leech Seed\n|\n|-damage|p2a: \ud83d\udc26\u26aa\ufe0fSWELLOW\u26aa\ufe0f\ud83d\udc26|88\/100|[from] Leech Seed|[of] p1a: Chesnaught\n|upkeep\n|turn|8\n|\n|t:|1699891406\n|move|p2a: \ud83d\udc26\u26aa\ufe0fSWELLOW\u26aa\ufe0f\ud83d\udc26|Air Slash|p1a: Chesnaught\n|-supereffective|p1a: Chesnaught\n|-damage|p1a: Chesnaught|0 fnt\n|faint|p1a: Chesnaught\n|\n|upkeep\n|\n|t:|1699891411\n|switch|p1a: Ceruledge|Ceruledge, F|100\/100\n|turn|9\n|\n|t:|1699891417\n|-terastallize|p2a: \ud83d\udc26\u26aa\ufe0fSWELLOW\u26aa\ufe0f\ud83d\udc26|Normal\n|move|p2a: \ud83d\udc26\u26aa\ufe0fSWELLOW\u26aa\ufe0f\ud83d\udc26|Boomburst|p1a: Ceruledge\n|-damage|p1a: Ceruledge|0 fnt\n|faint|p1a: Ceruledge\n|\n|upkeep\n|\n|t:|1699891425\n|switch|p1a: Charizard|Charizard, F|100\/100\n|turn|10\n|\n|t:|1699891429\n|detailschange|p1a: Charizard|Charizard-Mega-X, F\n|-mega|p1a: Charizard|Charizard|Charizardite X\n|move|p2a: \ud83d\udc26\u26aa\ufe0fSWELLOW\u26aa\ufe0f\ud83d\udc26|Boomburst|p1a: Charizard\n|-damage|p1a: Charizard|0 fnt\n|faint|p1a: Charizard\n|\n|upkeep\n|\n|t:|1699891433\n|switch|p1a: Ursaluna|Ursaluna, F|100\/100\n|turn|11\n|\n|t:|1699891440\n|-terastallize|p1a: Ursaluna|Normal\n|move|p2a: \ud83d\udc26\u26aa\ufe0fSWELLOW\u26aa\ufe0f\ud83d\udc26|Boomburst|p1a: Ursaluna\n|-damage|p1a: Ursaluna|0 fnt\n|faint|p1a: Ursaluna\n|\n|win|ORDINARY-MODE\ufe0f\u25fb\ufe0f\n|raw|DepressedNewbie's rating: 1046 &rarr; <strong>1027<\/strong><br \/>(-19 for losing)\n|raw|ORDINARY-MODE\ufe0f\u25fb\ufe0f's rating: 1000 &rarr; <strong>1045<\/strong><br \/>(+45 for winning)\n|l|\u2606DepressedNewbie\n","uploadtime":1699891572,"views":6,"p1id":"depressednewbie","p2id":"ordinarymode","formatid":"gen9nationaldexubers","rating":1027,"private":0,"password":""}