{"id":"gen9nationaldexubers-1982906860","p1":"Gallade1235763","p2":"alcatel999","format":"[Gen 9] National Dex Ubers","log":"|j|\u2606Gallade1235763\n|j|\u2606alcatel999\n|t:|1699057234\n|gametype|singles\n|player|p1|Gallade1235763|shadowtriad|\n|player|p2|alcatel999|rocketgrunt|\n|teamsize|p1|6\n|teamsize|p2|6\n|gen|9\n|tier|[Gen 9] National Dex Ubers\n|rule|HP Percentage Mod: HP is shown in percentages\n|rule|Endless Battle Clause: Forcing endless battles is banned\n|rule|OHKO Clause: OHKO moves are banned\n|rule|Evasion Moves Clause: Evasion moves are banned\n|rule|Evasion Items Clause: Evasion items are banned\n|rule|Species Clause: Limit one of each Pok\u00e9mon\n|rule|Sleep Clause Mod: Limit one foe put to sleep\n|rule|Mega Rayquaza Clause: You cannot mega evolve Rayquaza\n|clearpoke\n|poke|p1|Ursaluna, F|\n|poke|p1|Clefable, M|\n|poke|p1|Heatran, M|\n|poke|p1|Corviknight, M|\n|poke|p1|Medicham, F|\n|poke|p1|Clodsire, F|\n|poke|p2|Diancie|\n|poke|p2|Klefki, M|\n|poke|p2|Mimikyu, F|\n|poke|p2|Tapu Fini|\n|poke|p2|Tapu Bulu|\n|poke|p2|Tapu Lele|\n|teampreview\n|c|\u2606alcatel999|Me papean pipi\n|c|\u2606Gallade1235763|Llavero culiado\n|c|\u2606alcatel999|KONO THIAGO DA\n|\n|t:|1699057265\n|start\n|switch|p1a: Medicham|Medicham, F|100\/100\n|switch|p2a: LaLlaveDeTuCorazon|Klefki, M|100\/100\n|turn|1\n|\n|t:|1699057273\n|detailschange|p1a: Medicham|Medicham-Mega, F\n|-mega|p1a: Medicham|Medicham|Medichamite\n|move|p2a: LaLlaveDeTuCorazon|Reflect|p2a: LaLlaveDeTuCorazon\n|-sidestart|p2: alcatel999|Reflect\n|move|p1a: Medicham|Bulk Up|p1a: Medicham\n|-boost|p1a: Medicham|atk|1\n|-boost|p1a: Medicham|def|1\n|\n|upkeep\n|turn|2\n|\n|t:|1699057284\n|move|p2a: LaLlaveDeTuCorazon|Toxic|p1a: Medicham\n|-status|p1a: Medicham|tox\n|move|p1a: Medicham|Bulk Up|p1a: Medicham\n|-boost|p1a: Medicham|atk|1\n|-boost|p1a: Medicham|def|1\n|\n|-damage|p1a: Medicham|94\/100 tox|[from] psn\n|upkeep\n|turn|3\n|\n|t:|1699057292\n|move|p2a: LaLlaveDeTuCorazon|Spikes|p1a: Medicham\n|-sidestart|p1: Gallade1235763|Spikes\n|move|p1a: Medicham|Brick Break|p2a: LaLlaveDeTuCorazon\n|-sideend|p2: alcatel999|Reflect\n|-damage|p2a: LaLlaveDeTuCorazon|0 fnt\n|faint|p2a: LaLlaveDeTuCorazon\n|\n|-damage|p1a: Medicham|82\/100 tox|[from] psn\n|upkeep\n|j| anderproyt\n|\n|t:|1699057298\n|switch|p2a: Mimigod|Mimikyu, F|100\/100\n|turn|4\n|c|\u2606Gallade1235763|Llavero culiado fuera\n|\n|t:|1699057308\n|move|p1a: Medicham|Bullet Punch|p2a: Mimigod\n|-activate|p2a: Mimigod|ability: Disguise\n|-damage|p2a: Mimigod|100\/100\n|detailschange|p2a: Mimigod|Mimikyu-Busted, F\n|-damage|p2a: Mimigod|88\/100|[from] pokemon: Mimikyu-Busted\n|move|p2a: Mimigod|Swords Dance|p2a: Mimigod\n|-boost|p2a: Mimigod|atk|2\n|\n|-damage|p1a: Medicham|64\/100 tox|[from] psn\n|upkeep\n|turn|5\n|\n|t:|1699057326\n|-terastallize|p2a: Mimigod|Dark\n|move|p1a: Medicham|Bullet Punch|p2a: Mimigod\n|-damage|p2a: Mimigod|11\/100\n|move|p2a: Mimigod|Shadow Sneak|p1a: Medicham\n|-supereffective|p1a: Medicham\n|-damage|p1a: Medicham|0 fnt\n|faint|p1a: Medicham\n|-damage|p2a: Mimigod|1\/100|[from] item: Life Orb\n|\n|upkeep\n|\n|t:|1699057337\n|switch|p1a: Corviknight|Corviknight, M|100\/100\n|-ability|p1a: Corviknight|Pressure\n|turn|6\n|c| anderproyt|pq tera darks\n|\n|t:|1699057346\n|move|p2a: Mimigod|Drain Punch|p1a: Corviknight\n|-damage|p1a: Corviknight|61\/100\n|-heal|p2a: Mimigod|32\/100|[from] drain|[of] p1a: Corviknight\n|-damage|p2a: Mimigod|22\/100|[from] item: Life Orb\n|move|p1a: Corviknight|Brave Bird|p2a: Mimigod\n|-damage|p2a: Mimigod|0 fnt\n|faint|p2a: Mimigod\n|-damage|p1a: Corviknight|57\/100|[from] Recoil\n|\n|-heal|p1a: Corviknight|63\/100|[from] item: Leftovers\n|upkeep\n|c|\u2606alcatel999|Para ver si aguantaba un pu\u00f1o bala\n|j| Elohim yt 08\u00b3\n|c| anderproyt|a ya\n|\n|t:|1699057373\n|switch|p2a: LelePancha|Tapu Lele|100\/100\n|-fieldstart|move: Psychic Terrain|[from] ability: Psychic Surge|[of] p2a: LelePancha\n|turn|7\n|\n|t:|1699057379\n|switch|p1a: Clefable|Clefable, M, shiny|100\/100\n|move|p2a: LelePancha|Thunderbolt|p1a: Clefable\n|-damage|p1a: Clefable|73\/100\n|\n|-heal|p1a: Clefable|79\/100|[from] item: Leftovers\n|upkeep\n|turn|8\n|\n|t:|1699057394\n|switch|p2a: FinoSe\u00f1ores|Tapu Fini|100\/100\n|-fieldstart|move: Misty Terrain|[from] ability: Misty Surge|[of] p2a: FinoSe\u00f1ores\n|move|p1a: Clefable|Calm Mind|p1a: Clefable\n|-boost|p1a: Clefable|spa|1\n|-boost|p1a: Clefable|spd|1\n|\n|-heal|p1a: Clefable|85\/100|[from] item: Leftovers\n|upkeep\n|turn|9\n|\n|t:|1699057406\n|move|p2a: FinoSe\u00f1ores|Taunt|p1a: Clefable\n|-start|p1a: Clefable|move: Taunt\n|cant|p1a: Clefable|move: Taunt|Calm Mind\n|\n|-heal|p1a: Clefable|91\/100|[from] item: Leftovers\n|upkeep\n|turn|10\n|\n|t:|1699057416\n|move|p2a: FinoSe\u00f1ores|Calm Mind|p2a: FinoSe\u00f1ores\n|-boost|p2a: FinoSe\u00f1ores|spa|1\n|-boost|p2a: FinoSe\u00f1ores|spd|1\n|move|p1a: Clefable|Moonblast|p2a: FinoSe\u00f1ores\n|-damage|p2a: FinoSe\u00f1ores|81\/100\n|\n|-heal|p2a: FinoSe\u00f1ores|87\/100|[from] item: Leftovers\n|-heal|p1a: Clefable|97\/100|[from] item: Leftovers\n|upkeep\n|turn|11\n|c|\u2606alcatel999|Creo que esta pierdo\n|c|\u2606alcatel999|pipi\n|c|\u2606Gallade1235763|No c\n|c| anderproyt|yo creo q ese fable es unaware\n|\n|t:|1699057437\n|move|p2a: FinoSe\u00f1ores|Calm Mind|p2a: FinoSe\u00f1ores\n|-boost|p2a: FinoSe\u00f1ores|spa|1\n|-boost|p2a: FinoSe\u00f1ores|spd|1\n|move|p1a: Clefable|Moonblast|p2a: FinoSe\u00f1ores\n|-damage|p2a: FinoSe\u00f1ores|74\/100\n|-unboost|p2a: FinoSe\u00f1ores|spa|1\n|\n|-heal|p2a: FinoSe\u00f1ores|80\/100|[from] item: Leftovers\n|-heal|p1a: Clefable|100\/100|[from] item: Leftovers\n|-end|p1a: Clefable|move: Taunt\n|upkeep\n|turn|12\n|c|\u2606alcatel999|Meh para mi es magic guard\n|c| anderproyt|si es unaware\n|\n|t:|1699057449\n|move|p2a: FinoSe\u00f1ores|Taunt|p1a: Clefable\n|-start|p1a: Clefable|move: Taunt\n|cant|p1a: Clefable|move: Taunt|Calm Mind\n|\n|-heal|p2a: FinoSe\u00f1ores|87\/100|[from] item: Leftovers\n|-fieldend|Misty Terrain\n|upkeep\n|turn|13\n|c|\u2606alcatel999|pipi\n|\n|t:|1699057462\n|switch|p1a: Heatran|Heatran, M, shiny|100\/100\n|-damage|p1a: Heatran|88\/100|[from] Spikes\n|move|p2a: FinoSe\u00f1ores|Calm Mind|p2a: FinoSe\u00f1ores\n|-boost|p2a: FinoSe\u00f1ores|spa|1\n|-boost|p2a: FinoSe\u00f1ores|spd|1\n|\n|-heal|p2a: FinoSe\u00f1ores|93\/100|[from] item: Leftovers\n|-heal|p1a: Heatran|94\/100|[from] item: Leftovers\n|upkeep\n|turn|14\n|c| anderproyt|se papean a heatran xd\n|\n|t:|1699057477\n|-terastallize|p1a: Heatran|Grass\n|move|p2a: FinoSe\u00f1ores|Scald|p1a: Heatran\n|-resisted|p1a: Heatran\n|-damage|p1a: Heatran|77\/100\n|move|p1a: Heatran|Taunt|p2a: FinoSe\u00f1ores\n|-start|p2a: FinoSe\u00f1ores|move: Taunt\n|\n|-heal|p2a: FinoSe\u00f1ores|99\/100|[from] item: Leftovers\n|-heal|p1a: Heatran|84\/100|[from] item: Leftovers\n|upkeep\n|turn|15\n|c| anderproyt|a\n|c|\u2606alcatel999|vali\n|c| anderproyt|moon blast xd\n|\n|t:|1699057493\n|move|p2a: FinoSe\u00f1ores|Draining Kiss|p1a: Heatran\n|-damage|p1a: Heatran|60\/100\n|-heal|p2a: FinoSe\u00f1ores|100\/100|[from] drain|[of] p1a: Heatran\n|move|p1a: Heatran|Magma Storm|p2a: FinoSe\u00f1ores\n|-resisted|p2a: FinoSe\u00f1ores\n|-damage|p2a: FinoSe\u00f1ores|95\/100\n|-activate|p2a: FinoSe\u00f1ores|move: Magma Storm|[of] p1a: Heatran\n|\n|-heal|p2a: FinoSe\u00f1ores|100\/100|[from] item: Leftovers\n|-heal|p1a: Heatran|67\/100|[from] item: Leftovers\n|-damage|p2a: FinoSe\u00f1ores|88\/100|[from] move: Magma Storm|[partiallytrapped]\n|upkeep\n|turn|16\n|c|\u2606alcatel999|No tengo moon\n|c|\u2606alcatel999|pipi\n|c| Elohim yt 08\u00b3|Epic moment\n|\n|t:|1699057508\n|switch|p1a: Clefable|Clefable, M, shiny|100\/100\n|move|p2a: FinoSe\u00f1ores|Draining Kiss|p1a: Clefable\n|-damage|p1a: Clefable|68\/100\n|-heal|p2a: FinoSe\u00f1ores|100\/100|[from] drain|[of] p1a: Clefable\n|\n|-heal|p1a: Clefable|74\/100|[from] item: Leftovers\n|-end|p2a: FinoSe\u00f1ores|Magma Storm|[partiallytrapped]|[silent]\n|upkeep\n|turn|17\n|\n|t:|1699057517\n|move|p2a: FinoSe\u00f1ores|Scald|p1a: Clefable\n|-damage|p1a: Clefable|23\/100\n|-status|p1a: Clefable|brn\n|move|p1a: Clefable|Calm Mind|p1a: Clefable\n|-boost|p1a: Clefable|spa|1\n|-boost|p1a: Clefable|spd|1\n|\n|-heal|p1a: Clefable|29\/100 brn|[from] item: Leftovers\n|-end|p2a: FinoSe\u00f1ores|move: Taunt\n|upkeep\n|turn|18\n|c|\u2606alcatel999|Mientras no saque a clodsire\n|c|\u2606Gallade1235763|Aguantara\n|c|\u2606alcatel999|soy feliz\n|\n|t:|1699057571\n|move|p2a: FinoSe\u00f1ores|Scald|p1a: Clefable\n|-damage|p1a: Clefable|0 fnt\n|faint|p1a: Clefable\n|\n|upkeep\n|c|\u2606Gallade1235763|Valio la pena intentarlo\n|\n|t:|1699057604\n|switch|p1a: Clodsire|Clodsire, F|100\/100\n|turn|19\n|\n|t:|1699057610\n|move|p2a: FinoSe\u00f1ores|Taunt|p1a: Clodsire\n|-start|p1a: Clodsire|move: Taunt\n|cant|p1a: Clodsire|move: Taunt|Toxic\n|\n|upkeep\n|turn|20\n|\n|t:|1699057615\n|switch|p1a: Heatran|Heatran, M, shiny, tera:Grass|67\/100\n|-damage|p1a: Heatran|54\/100|[from] Spikes\n|move|p2a: FinoSe\u00f1ores|Calm Mind|p2a: FinoSe\u00f1ores\n|-boost|p2a: FinoSe\u00f1ores|spa|1\n|-boost|p2a: FinoSe\u00f1ores|spd|1\n|\n|-heal|p1a: Heatran|60\/100|[from] item: Leftovers\n|upkeep\n|turn|21\n|\n|t:|1699057625\n|move|p2a: FinoSe\u00f1ores|Draining Kiss|p1a: Heatran\n|-damage|p1a: Heatran|34\/100\n|move|p1a: Heatran|Taunt|p2a: FinoSe\u00f1ores\n|-start|p2a: FinoSe\u00f1ores|move: Taunt\n|\n|-heal|p1a: Heatran|40\/100|[from] item: Leftovers\n|upkeep\n|turn|22\n|\n|t:|1699057634\n|switch|p1a: Clodsire|Clodsire, F|100\/100\n|move|p2a: FinoSe\u00f1ores|Draining Kiss|p1a: Clodsire\n|-resisted|p1a: Clodsire\n|-damage|p1a: Clodsire|96\/100\n|\n|upkeep\n|turn|23\n|c|\u2606alcatel999|Toca ver si lleva abs agua\n|\n|t:|1699057644\n|move|p2a: FinoSe\u00f1ores|Scald|p1a: Clodsire\n|-supereffective|p1a: Clodsire\n|-damage|p1a: Clodsire|69\/100\n|move|p1a: Clodsire|Toxic|p2a: FinoSe\u00f1ores\n|-status|p2a: FinoSe\u00f1ores|tox\n|\n|-damage|p2a: FinoSe\u00f1ores|94\/100 tox|[from] psn\n|upkeep\n|turn|24\n|\n|t:|1699057656\n|move|p2a: FinoSe\u00f1ores|Scald|p1a: Clodsire\n|-supereffective|p1a: Clodsire\n|-damage|p1a: Clodsire|41\/100\n|-status|p1a: Clodsire|brn\n|move|p1a: Clodsire|Recover|p1a: Clodsire\n|-heal|p1a: Clodsire|91\/100 brn\n|\n|-heal|p2a: FinoSe\u00f1ores|100\/100 tox|[from] item: Leftovers\n|-damage|p2a: FinoSe\u00f1ores|88\/100 tox|[from] psn\n|-damage|p1a: Clodsire|84\/100 brn|[from] brn\n|-end|p2a: FinoSe\u00f1ores|move: Taunt\n|upkeep\n|turn|25\n|c| Elohim yt 08\u00b3|Niun brillo pelao x0\n|\n|t:|1699057687\n|switch|p2a: TapuBala|Tapu Bulu|100\/100\n|-fieldstart|move: Grassy Terrain|[from] ability: Grassy Surge|[of] p2a: TapuBala\n|switch|p1a: Heatran|Heatran, M, shiny, tera:Grass|40\/100\n|-damage|p1a: Heatran|28\/100|[from] Spikes\n|\n|-heal|p1a: Heatran|34\/100|[from] Grassy Terrain\n|-heal|p1a: Heatran|40\/100|[from] item: Leftovers\n|upkeep\n|turn|26\n|c|\u2606alcatel999|Madre\n|\n|t:|1699057710\n|move|p2a: TapuBala|Darkest Lariat|p1a: Heatran\n|-damage|p1a: Heatran|17\/100\n|move|p1a: Heatran|Magma Storm|p2a: TapuBala\n|-supereffective|p2a: TapuBala\n|-damage|p2a: TapuBala|0 fnt\n|faint|p2a: TapuBala\n|\n|-heal|p1a: Heatran|23\/100|[from] Grassy Terrain\n|-heal|p1a: Heatran|30\/100|[from] item: Leftovers\n|upkeep\n|\n|t:|1699057719\n|switch|p2a: Di-vi-na|Diancie|100\/100\n|turn|27\n|\n|t:|1699057727\n|detailschange|p2a: Di-vi-na|Diancie-Mega\n|-mega|p2a: Di-vi-na|Diancie|Diancite\n|move|p2a: Di-vi-na|Moonblast|p1a: Heatran\n|-damage|p1a: Heatran|0 fnt\n|faint|p1a: Heatran\n|\n|upkeep\n|c|\u2606alcatel999|ahora si vali\n|c|\u2606alcatel999|ea\n|\n|t:|1699057752\n|switch|p1a: Corviknight|Corviknight, M|63\/100\n|-ability|p1a: Corviknight|Pressure\n|turn|28\n|\n|t:|1699057758\n|move|p2a: Di-vi-na|Mystical Fire|p1a: Corviknight\n|-supereffective|p1a: Corviknight\n|-damage|p1a: Corviknight|15\/100\n|-unboost|p1a: Corviknight|spa|1\n|move|p1a: Corviknight|Roost|p1a: Corviknight\n|-heal|p1a: Corviknight|65\/100\n|-singleturn|p1a: Corviknight|move: Roost\n|\n|-heal|p1a: Corviknight|71\/100|[from] Grassy Terrain\n|-heal|p1a: Corviknight|77\/100|[from] item: Leftovers\n|upkeep\n|turn|29\n|\n|t:|1699057775\n|move|p2a: Di-vi-na|Mystical Fire|p1a: Corviknight\n|-supereffective|p1a: Corviknight\n|-damage|p1a: Corviknight|26\/100\n|-unboost|p1a: Corviknight|spa|1\n|move|p1a: Corviknight|Substitute|p1a: Corviknight\n|-start|p1a: Corviknight|Substitute\n|-damage|p1a: Corviknight|1\/100\n|\n|-heal|p1a: Corviknight|7\/100|[from] item: Leftovers\n|-fieldend|move: Grassy Terrain\n|upkeep\n|turn|30\n|c|\u2606Gallade1235763|Diavlo\n|c|\u2606alcatel999|diavlo\n|\n|t:|1699057798\n|move|p2a: Di-vi-na|Mystical Fire|p1a: Corviknight\n|-supereffective|p1a: Corviknight\n|-end|p1a: Corviknight|Substitute\n|move|p1a: Corviknight|Roost|p1a: Corviknight\n|-heal|p1a: Corviknight|57\/100\n|-singleturn|p1a: Corviknight|move: Roost\n|\n|-heal|p1a: Corviknight|63\/100|[from] item: Leftovers\n|upkeep\n|turn|31\n|\n|t:|1699057813\n|move|p2a: Di-vi-na|Mystical Fire|p1a: Corviknight\n|-supereffective|p1a: Corviknight\n|-damage|p1a: Corviknight|14\/100\n|-unboost|p1a: Corviknight|spa|1\n|move|p1a: Corviknight|Roost|p1a: Corviknight\n|-heal|p1a: Corviknight|64\/100\n|-singleturn|p1a: Corviknight|move: Roost\n|\n|-heal|p1a: Corviknight|70\/100|[from] item: Leftovers\n|upkeep\n|turn|32\n|c|\u2606alcatel999|Metele critico ea ea\n|\n|t:|1699057827\n|move|p2a: Di-vi-na|Mystical Fire|p1a: Corviknight\n|-supereffective|p1a: Corviknight\n|-damage|p1a: Corviknight|27\/100\n|-unboost|p1a: Corviknight|spa|1\n|move|p1a: Corviknight|Substitute|p1a: Corviknight\n|-start|p1a: Corviknight|Substitute\n|-damage|p1a: Corviknight|2\/100\n|\n|-heal|p1a: Corviknight|8\/100|[from] item: Leftovers\n|upkeep\n|turn|33\n|\n|t:|1699057848\n|move|p2a: Di-vi-na|Mystical Fire|p1a: Corviknight\n|-supereffective|p1a: Corviknight\n|-end|p1a: Corviknight|Substitute\n|move|p1a: Corviknight|Roost|p1a: Corviknight\n|-heal|p1a: Corviknight|58\/100\n|-singleturn|p1a: Corviknight|move: Roost\n|\n|-heal|p1a: Corviknight|64\/100|[from] item: Leftovers\n|upkeep\n|turn|34\n|c|\u2606alcatel999|me voy a quedar sin pp en cualquier momento\n|c|\u2606alcatel999|pipi\n|\n|t:|1699057872\n|move|p2a: Di-vi-na|Mystical Fire|p1a: Corviknight\n|-supereffective|p1a: Corviknight\n|-damage|p1a: Corviknight|18\/100\n|-unboost|p1a: Corviknight|spa|1\n|move|p1a: Corviknight|Brave Bird|p2a: Di-vi-na\n|-resisted|p2a: Di-vi-na\n|-damage|p2a: Di-vi-na|76\/100\n|-damage|p1a: Corviknight|13\/100|[from] Recoil\n|\n|-heal|p1a: Corviknight|19\/100|[from] item: Leftovers\n|upkeep\n|turn|35\n|\n|t:|1699057884\n|switch|p1a: Clodsire|Clodsire, F|84\/100 brn\n|move|p2a: Di-vi-na|Mystical Fire|p1a: Clodsire\n|-damage|p1a: Clodsire|68\/100 brn\n|-unboost|p1a: Clodsire|spa|1\n|\n|-damage|p1a: Clodsire|62\/100 brn|[from] brn\n|upkeep\n|turn|36\n|\n|t:|1699057895\n|move|p2a: Di-vi-na|Earth Power|p1a: Clodsire\n|-supereffective|p1a: Clodsire\n|-damage|p1a: Clodsire|22\/100 brn\n|move|p1a: Clodsire|Recover|p1a: Clodsire\n|-heal|p1a: Clodsire|72\/100 brn\n|\n|-damage|p1a: Clodsire|65\/100 brn|[from] brn\n|upkeep\n|turn|37\n|\n|t:|1699057911\n|move|p2a: Di-vi-na|Earth Power|p1a: Clodsire\n|-supereffective|p1a: Clodsire\n|-damage|p1a: Clodsire|26\/100 brn\n|move|p1a: Clodsire|Recover|p1a: Clodsire\n|-heal|p1a: Clodsire|76\/100 brn\n|\n|-damage|p1a: Clodsire|70\/100 brn|[from] brn\n|upkeep\n|turn|38\n|\n|t:|1699057925\n|move|p2a: Di-vi-na|Earth Power|p1a: Clodsire\n|-supereffective|p1a: Clodsire\n|-damage|p1a: Clodsire|29\/100 brn\n|move|p1a: Clodsire|Earthquake|p2a: Di-vi-na\n|-supereffective|p2a: Di-vi-na\n|-damage|p2a: Di-vi-na|41\/100\n|\n|-damage|p1a: Clodsire|23\/100 brn|[from] brn\n|upkeep\n|turn|39\n|\n|t:|1699057935\n|move|p2a: Di-vi-na|Earth Power|p1a: Clodsire\n|-supereffective|p1a: Clodsire\n|-damage|p1a: Clodsire|0 fnt\n|faint|p1a: Clodsire\n|\n|upkeep\n|\n|t:|1699057943\n|switch|p1a: Corviknight|Corviknight, M|19\/100\n|-ability|p1a: Corviknight|Pressure\n|turn|40\n|\n|t:|1699057953\n|move|p2a: Di-vi-na|Mystical Fire|p1a: Corviknight\n|-supereffective|p1a: Corviknight\n|-damage|p1a: Corviknight|0 fnt\n|faint|p1a: Corviknight\n|\n|upkeep\n|\n|t:|1699057959\n|switch|p1a: Ursaluna|Ursaluna, F, shiny|100\/100\n|-damage|p1a: Ursaluna|88\/100|[from] Spikes\n|turn|41\n|c|\u2606alcatel999|El ursaluna me da miedo\n|\n|t:|1699057966\n|move|p2a: Di-vi-na|Moonblast|p1a: Ursaluna\n|-damage|p1a: Ursaluna|42\/100\n|move|p1a: Ursaluna|Trailblaze|p2a: Di-vi-na\n|-supereffective|p2a: Di-vi-na\n|-damage|p2a: Di-vi-na|0 fnt\n|-boost|p1a: Ursaluna|spe|1\n|faint|p2a: Di-vi-na\n|\n|-status|p1a: Ursaluna|brn|[from] item: Flame Orb\n|upkeep\n|\n|t:|1699057973\n|switch|p2a: LelePancha|Tapu Lele|100\/100\n|-fieldstart|move: Psychic Terrain|[from] ability: Psychic Surge|[of] p2a: LelePancha\n|turn|42\n|\n|t:|1699057981\n|move|p2a: LelePancha|Energy Ball|p1a: Ursaluna\n|-supereffective|p1a: Ursaluna\n|-damage|p1a: Ursaluna|0 fnt\n|faint|p1a: Ursaluna\n|\n|win|alcatel999\n|c|\u2606alcatel999|GG\n|c|\u2606Gallade1235763|Otra?\n|c|\u2606alcatel999|Ok\n","uploadtime":1699057987,"views":4,"p1id":"gallade1235763","p2id":"alcatel999","formatid":"gen9nationaldexubers","rating":0,"private":0,"password":""}