{"id":"gen9nationaldexubers-1988126129","p1":"sachothegreat","p2":"Rhyfinn 01","format":"[Gen 9] National Dex Ubers","log":"|j|\u2606sachothegreat\n|j|\u2606Rhyfinn 01\n|t:|1699672793\n|gametype|singles\n|player|p1|sachothegreat|2|1133\n|player|p2|Rhyfinn 01|alder|1371\n|teamsize|p1|6\n|teamsize|p2|6\n|gen|9\n|tier|[Gen 9] National Dex Ubers\n|rated|\n|rule|HP Percentage Mod: HP is shown in percentages\n|rule|Endless Battle Clause: Forcing endless battles is banned\n|rule|OHKO Clause: OHKO moves are banned\n|rule|Evasion Moves Clause: Evasion moves are banned\n|rule|Evasion Items Clause: Evasion items are banned\n|rule|Species Clause: Limit one of each Pok\u00e9mon\n|rule|Sleep Clause Mod: Limit one foe put to sleep\n|rule|Mega Rayquaza Clause: You cannot mega evolve Rayquaza\n|clearpoke\n|poke|p1|Ursaluna, F|\n|poke|p1|Porygon2|\n|poke|p1|Kartana|\n|poke|p1|Scyther, F|\n|poke|p1|Blastoise, F|\n|poke|p1|Type: Null|\n|poke|p2|Groudon|\n|poke|p2|Xerneas-*|\n|poke|p2|Marshadow|\n|poke|p2|Necrozma-Dusk-Mane|\n|poke|p2|Deoxys-Speed|\n|poke|p2|Rayquaza|\n|teampreview\n|inactive|Battle timer is ON: inactive players will automatically lose when time's up. (requested by Rhyfinn 01)\n|\n|t:|1699672801\n|start\n|switch|p1a: Type: Null|Type: Null|100\/100\n|switch|p2a: Deoxys|Deoxys-Speed|100\/100\n|-ability|p2a: Deoxys|Pressure\n|turn|1\n|\n|t:|1699672812\n|move|p2a: Deoxys|Taunt|p1a: Type: Null\n|-start|p1a: Type: Null|move: Taunt\n|cant|p1a: Type: Null|move: Taunt|Thunder Wave\n|\n|upkeep\n|turn|2\n|\n|t:|1699672820\n|switch|p1a: Porygon2|Porygon2|100\/100\n|-ability|p1a: Porygon2|Download|boost\n|-boost|p1a: Porygon2|spa|1\n|move|p2a: Deoxys|Stealth Rock|p1a: Porygon2\n|-sidestart|p1: sachothegreat|move: Stealth Rock\n|\n|upkeep\n|turn|3\n|\n|t:|1699672829\n|move|p2a: Deoxys|Taunt|p1a: Porygon2\n|-start|p1a: Porygon2|move: Taunt\n|cant|p1a: Porygon2|move: Taunt|Trick Room\n|\n|upkeep\n|turn|4\n|\n|t:|1699672834\n|move|p2a: Deoxys|Spikes|p1a: Porygon2\n|-sidestart|p1: sachothegreat|Spikes\n|move|p1a: Porygon2|Tri Attack|p2a: Deoxys\n|-damage|p2a: Deoxys|45\/100\n|-status|p2a: Deoxys|frz\n|\n|upkeep\n|turn|5\n|\n|t:|1699672841\n|switch|p2a: Marshadow|Marshadow|100\/100\n|move|p1a: Porygon2|Tri Attack|p2a: Marshadow\n|-immune|p2a: Marshadow\n|\n|-end|p1a: Porygon2|move: Taunt\n|upkeep\n|turn|6\n|\n|t:|1699672848\n|move|p2a: Marshadow|Close Combat|p1a: Porygon2\n|-supereffective|p1a: Porygon2\n|-damage|p1a: Porygon2|31\/100\n|-unboost|p2a: Marshadow|def|1\n|-unboost|p2a: Marshadow|spd|1\n|move|p1a: Porygon2|Trick Room|p1a: Porygon2\n|-fieldstart|move: Trick Room|[of] p1a: Porygon2\n|\n|upkeep\n|turn|7\n|\n|t:|1699672862\n|switch|p2a: Deoxys|Deoxys-Speed|45\/100 frz\n|-ability|p2a: Deoxys|Pressure\n|move|p1a: Porygon2|Pain Split|p2a: Deoxys\n|-sethp|p2a: Deoxys|40\/100 frz|[from] move: Pain Split|[silent]\n|-sethp|p1a: Porygon2|36\/100|[from] move: Pain Split\n|\n|upkeep\n|turn|8\n|\n|t:|1699672872\n|move|p1a: Porygon2|Pain Split|p2a: Deoxys\n|-sethp|p2a: Deoxys|40\/100 frz|[from] move: Pain Split|[silent]\n|-sethp|p1a: Porygon2|36\/100|[from] move: Pain Split\n|cant|p2a: Deoxys|frz\n|\n|upkeep\n|turn|9\n|c|\u2606Rhyfinn 01|bruh\n|\n|t:|1699672881\n|move|p1a: Porygon2|Tri Attack|p2a: Deoxys\n|-damage|p2a: Deoxys|0 fnt\n|faint|p2a: Deoxys\n|\n|upkeep\n|\n|t:|1699672898\n|switch|p2a: Rayquaza|Rayquaza|100\/100\n|-ability|p2a: Rayquaza|Air Lock\n|turn|10\n|\n|t:|1699672905\n|move|p2a: Rayquaza|Extreme Speed|p1a: Porygon2\n|-damage|p1a: Porygon2|17\/100\n|move|p1a: Porygon2|Pain Split|p2a: Rayquaza\n|-sethp|p2a: Rayquaza|59\/100|[from] move: Pain Split|[silent]\n|-sethp|p1a: Porygon2|60\/100|[from] move: Pain Split\n|\n|-fieldend|move: Trick Room\n|upkeep\n|turn|11\n|\n|t:|1699672917\n|switch|p2a: Necrozma|Necrozma-Dusk-Mane, shiny|100\/100\n|move|p1a: Porygon2|Trick Room|p1a: Porygon2\n|-fieldstart|move: Trick Room|[of] p1a: Porygon2\n|\n|upkeep\n|turn|12\n|\n|t:|1699672924\n|switch|p2a: Rayquaza|Rayquaza|59\/100\n|-ability|p2a: Rayquaza|Air Lock\n|move|p1a: Porygon2|Pain Split|p2a: Rayquaza\n|-sethp|p2a: Rayquaza|59\/100|[from] move: Pain Split|[silent]\n|-sethp|p1a: Porygon2|60\/100|[from] move: Pain Split\n|\n|upkeep\n|turn|13\n|\n|t:|1699672931\n|move|p1a: Porygon2|Tri Attack|p2a: Rayquaza\n|-damage|p2a: Rayquaza|3\/100\n|move|p2a: Rayquaza|Dragon Ascent|p1a: Porygon2\n|-damage|p1a: Porygon2|16\/100\n|-unboost|p2a: Rayquaza|def|1\n|-unboost|p2a: Rayquaza|spd|1\n|\n|upkeep\n|turn|14\n|\n|t:|1699672940\n|move|p1a: Porygon2|Tri Attack|p2a: Rayquaza\n|-damage|p2a: Rayquaza|0 fnt\n|faint|p2a: Rayquaza\n|\n|upkeep\n|\n|t:|1699672943\n|switch|p2a: Marshadow|Marshadow|100\/100\n|turn|15\n|\n|t:|1699672947\n|move|p1a: Porygon2|Pain Split|p2a: Marshadow\n|-sethp|p2a: Marshadow|59\/100|[from] move: Pain Split|[silent]\n|-sethp|p1a: Porygon2|55\/100|[from] move: Pain Split\n|move|p2a: Marshadow|Close Combat|p1a: Porygon2\n|-supereffective|p1a: Porygon2\n|-damage|p1a: Porygon2|0 fnt\n|-unboost|p2a: Marshadow|def|1\n|-unboost|p2a: Marshadow|spd|1\n|faint|p1a: Porygon2\n|\n|-fieldend|move: Trick Room\n|upkeep\n|\n|t:|1699672971\n|switch|p1a: Kartana|Kartana|100\/100\n|-damage|p1a: Kartana|94\/100|[from] Stealth Rock\n|-damage|p1a: Kartana|82\/100|[from] Spikes\n|turn|16\n|\n|t:|1699672978\n|switch|p2a: Groudon|Groudon, shiny|100\/100\n|detailschange|p2a: Groudon|Groudon-Primal, shiny\n|-primal|p2a: Groudon|Red Orb\n|-weather|DesolateLand|[from] ability: Desolate Land|[of] p2a: Groudon\n|move|p1a: Kartana|Leaf Blade|p2a: Groudon\n|-damage|p2a: Groudon|62\/100\n|\n|-weather|DesolateLand|[upkeep]\n|upkeep\n|turn|17\n|\n|t:|1699672992\n|-terastallize|p1a: Kartana|Water\n|move|p1a: Kartana|Leaf Blade|p2a: Groudon\n|-damage|p2a: Groudon|22\/100\n|move|p2a: Groudon|Rock Polish|p2a: Groudon\n|-boost|p2a: Groudon|spe|2\n|\n|-weather|DesolateLand|[upkeep]\n|upkeep\n|turn|18\n|\n|t:|1699672999\n|move|p2a: Groudon|Solar Beam||[still]\n|-prepare|p2a: Groudon|Solar Beam\n|-anim|p2a: Groudon|Solar Beam|p1a: Kartana\n|-supereffective|p1a: Kartana\n|-damage|p1a: Kartana|0 fnt\n|faint|p1a: Kartana\n|\n|-weather|DesolateLand|[upkeep]\n|upkeep\n|\n|t:|1699673010\n|switch|p1a: Scyther|Scyther, F|100\/100\n|-damage|p1a: Scyther|50\/100|[from] Stealth Rock\n|turn|19\n|\n|t:|1699673027\n|move|p2a: Groudon|Flamethrower|p1a: Scyther\n|-supereffective|p1a: Scyther\n|-damage|p1a: Scyther|0 fnt\n|faint|p1a: Scyther\n|\n|-weather|DesolateLand|[upkeep]\n|upkeep\n|\n|t:|1699673033\n|switch|p1a: Blastoise|Blastoise, F|100\/100\n|-damage|p1a: Blastoise|88\/100|[from] Stealth Rock\n|-damage|p1a: Blastoise|75\/100|[from] Spikes\n|turn|20\n|\n|t:|1699673039\n|detailschange|p1a: Blastoise|Blastoise-Mega, F\n|-mega|p1a: Blastoise|Blastoise|Blastoisinite\n|move|p2a: Groudon|Solar Beam||[still]\n|-prepare|p2a: Groudon|Solar Beam\n|-anim|p2a: Groudon|Solar Beam|p1a: Blastoise\n|-supereffective|p1a: Blastoise\n|-crit|p1a: Blastoise\n|-damage|p1a: Blastoise|0 fnt\n|faint|p1a: Blastoise\n|\n|-weather|DesolateLand|[upkeep]\n|upkeep\n|\n|t:|1699673047\n|switch|p1a: Type: Null|Type: Null|100\/100\n|-damage|p1a: Type: Null|88\/100|[from] Stealth Rock\n|-damage|p1a: Type: Null|76\/100|[from] Spikes\n|turn|21\n|\n|t:|1699673056\n|move|p2a: Groudon|Flamethrower|p1a: Type: Null\n|-damage|p1a: Type: Null|29\/100\n|move|p1a: Type: Null|Toxic|p2a: Groudon\n|-status|p2a: Groudon|tox\n|\n|-weather|DesolateLand|[upkeep]\n|-damage|p2a: Groudon|16\/100 tox|[from] psn\n|upkeep\n|turn|22\n|\n|t:|1699673063\n|move|p2a: Groudon|Flamethrower|p1a: Type: Null\n|-damage|p1a: Type: Null|0 fnt\n|faint|p1a: Type: Null\n|\n|-weather|DesolateLand|[upkeep]\n|-damage|p2a: Groudon|4\/100 tox|[from] psn\n|upkeep\n|\n|t:|1699673068\n|switch|p1a: Ursaluna|Ursaluna, F|100\/100\n|-damage|p1a: Ursaluna|94\/100|[from] Stealth Rock\n|-damage|p1a: Ursaluna|82\/100|[from] Spikes\n|turn|23\n|\n|t:|1699673075\n|move|p1a: Ursaluna|Protect|p1a: Ursaluna\n|-singleturn|p1a: Ursaluna|Protect\n|move|p2a: Groudon|Solar Beam||[still]\n|-prepare|p2a: Groudon|Solar Beam\n|-anim|p2a: Groudon|Solar Beam|p1a: Ursaluna\n|-activate|p1a: Ursaluna|move: Protect\n|\n|-weather|DesolateLand|[upkeep]\n|-damage|p2a: Groudon|0 fnt|[from] psn\n|faint|p2a: Groudon\n|-weather|none\n|-status|p1a: Ursaluna|brn|[from] item: Flame Orb\n|upkeep\n|\n|t:|1699673084\n|switch|p2a: Necrozma|Necrozma-Dusk-Mane, shiny|100\/100\n|turn|24\n|\n|t:|1699673089\n|detailschange|p2a: Necrozma|Necrozma-Ultra, shiny\n|-burst|p2a: Necrozma|Necrozma|Ultranecrozium Z\n|move|p2a: Necrozma|Photon Geyser|p1a: Ursaluna\n|-damage|p1a: Ursaluna|30\/100 brn\n|move|p1a: Ursaluna|Earthquake|p2a: Necrozma\n|-damage|p2a: Necrozma|14\/100\n|\n|-damage|p1a: Ursaluna|24\/100 brn|[from] brn\n|upkeep\n|turn|25\n|\n|t:|1699673099\n|-zpower|p2a: Necrozma\n|move|p2a: Necrozma|Light That Burns the Sky|p1a: Ursaluna|[zeffect]\n|-damage|p1a: Ursaluna|0 fnt\n|faint|p1a: Ursaluna\n|\n|win|Rhyfinn 01\n|raw|sachothegreat's rating: 1133 &rarr; <strong>1123<\/strong><br \/>(-10 for losing)\n|raw|Rhyfinn 01's rating: 1371 &rarr; <strong>1379<\/strong><br \/>(+8 for winning)\n","uploadtime":1699673103,"views":4,"p1id":"sachothegreat","p2id":"rhyfinn01","formatid":"gen9nationaldexubers","rating":1123,"private":0,"password":""}