{"id":"gen9nationaldexubers-1999105321","p1":"ATL Talonflames","p2":"The Chicago Tauros","format":"[Gen 9] National Dex Ubers","log":"|j|\u2606ATL Talonflames\n|j|\u2606The Chicago Tauros\n|t:|1701033689\n|gametype|singles\n|player|p1|ATL Talonflames|ethan|\n|player|p2|The Chicago Tauros|skier|\n|teamsize|p1|6\n|teamsize|p2|6\n|gen|9\n|tier|[Gen 9] National Dex Ubers\n|rule|HP Percentage Mod: HP is shown in percentages\n|rule|Endless Battle Clause: Forcing endless battles is banned\n|rule|OHKO Clause: OHKO moves are banned\n|rule|Evasion Moves Clause: Evasion moves are banned\n|rule|Evasion Items Clause: Evasion items are banned\n|rule|Species Clause: Limit one of each Pok\u00e9mon\n|rule|Sleep Clause Mod: Limit one foe put to sleep\n|rule|Mega Rayquaza Clause: You cannot mega evolve Rayquaza\n|clearpoke\n|poke|p1|Groudon|\n|poke|p1|Basculegion, M|\n|poke|p1|Orthworm, M|\n|poke|p1|Dugtrio, F|\n|poke|p1|Rayquaza|\n|poke|p1|Arceus|\n|poke|p2|Polteageist|\n|poke|p2|Necrozma-Dusk-Mane|\n|poke|p2|Bronzong|\n|poke|p2|Arceus-Steel|\n|poke|p2|Reuniclus, F|\n|poke|p2|Tyranitar, M|\n|teampreview\n|\n|t:|1701033701\n|start\n|switch|p1a: Dugtrio|Dugtrio, F|100\/100\n|switch|p2a: Polteageist|Polteageist|100\/100\n|turn|1\n|\n|t:|1701033709\n|move|p1a: Dugtrio|Earthquake|p2a: Polteageist\n|-damage|p2a: Polteageist|22\/100\n|move|p2a: Polteageist|Shell Smash|p2a: Polteageist\n|-unboost|p2a: Polteageist|def|1\n|-unboost|p2a: Polteageist|spd|1\n|-boost|p2a: Polteageist|atk|2\n|-boost|p2a: Polteageist|spa|2\n|-boost|p2a: Polteageist|spe|2\n|\n|upkeep\n|turn|2\n|\n|t:|1701033717\n|move|p1a: Dugtrio|Sucker Punch||[still]\n|-fail|p1a: Dugtrio\n|move|p2a: Polteageist|Strength Sap|p1a: Dugtrio\n|-unboost|p1a: Dugtrio|atk|1\n|-heal|p2a: Polteageist|100\/100\n|\n|upkeep\n|turn|3\n|\n|t:|1701033727\n|move|p2a: Polteageist|Shadow Ball|p1a: Dugtrio\n|-enditem|p1a: Dugtrio|Focus Sash\n|-damage|p1a: Dugtrio|1\/100\n|move|p1a: Dugtrio|Earthquake|p2a: Polteageist\n|-damage|p2a: Polteageist|23\/100\n|\n|upkeep\n|turn|4\n|\n|t:|1701033737\n|move|p2a: Polteageist|Strength Sap|p1a: Dugtrio\n|-unboost|p1a: Dugtrio|atk|1\n|-heal|p2a: Polteageist|99\/100\n|move|p1a: Dugtrio|Earthquake|p2a: Polteageist\n|-damage|p2a: Polteageist|40\/100\n|\n|upkeep\n|turn|5\n|\n|t:|1701033747\n|move|p2a: Polteageist|Strength Sap|p1a: Dugtrio\n|-unboost|p1a: Dugtrio|atk|1\n|-heal|p2a: Polteageist|97\/100\n|move|p1a: Dugtrio|Stealth Rock|p2a: Polteageist\n|-sidestart|p2: The Chicago Tauros|move: Stealth Rock\n|\n|upkeep\n|turn|6\n|\n|t:|1701033771\n|move|p1a: Dugtrio|Sucker Punch|p2a: Polteageist\n|-supereffective|p2a: Polteageist\n|-damage|p2a: Polteageist|55\/100\n|move|p2a: Polteageist|Shadow Ball|p1a: Dugtrio\n|-damage|p1a: Dugtrio|0 fnt\n|faint|p1a: Dugtrio\n|\n|upkeep\n|\n|t:|1701033788\n|switch|p1a: Basculegion|Basculegion, M|100\/100\n|turn|7\n|\n|t:|1701033795\n|move|p1a: Basculegion|Aqua Jet|p2a: Polteageist\n|-damage|p2a: Polteageist|0 fnt\n|faint|p2a: Polteageist\n|\n|upkeep\n|\n|t:|1701033805\n|switch|p2a: Tyranitar|Tyranitar, M|100\/100\n|-damage|p2a: Tyranitar|88\/100|[from] Stealth Rock\n|-weather|Sandstorm|[from] ability: Sand Stream|[of] p2a: Tyranitar\n|turn|8\n|\n|t:|1701033820\n|switch|p1a: Orthworm|Orthworm, M|100\/100\n|move|p2a: Tyranitar|Earthquake|p1a: Orthworm\n|-immune|p1a: Orthworm|[from] ability: Earth Eater\n|\n|-weather|Sandstorm|[upkeep]\n|upkeep\n|turn|9\n|\n|t:|1701033844\n|move|p2a: Tyranitar|Brick Break|p1a: Orthworm\n|-supereffective|p1a: Orthworm\n|-damage|p1a: Orthworm|58\/100\n|-damage|p2a: Tyranitar|78\/100|[from] item: Life Orb\n|move|p1a: Orthworm|Shed Tail|p1a: Orthworm\n|-start|p1a: Orthworm|Substitute|[from] move: Shed Tail\n|-damage|p1a: Orthworm|8\/100\n|-enditem|p1a: Orthworm|Sitrus Berry|[eat]\n|-heal|p1a: Orthworm|33\/100|[from] item: Sitrus Berry\n|\n|t:|1701033852\n|switch|p1a: Groudon|Groudon, shiny|100\/100|[from] Shed Tail\n|detailschange|p1a: Groudon|Groudon-Primal, shiny\n|-primal|p1a: Groudon|Red Orb\n|-weather|DesolateLand|[from] ability: Desolate Land|[of] p1a: Groudon\n|\n|-weather|DesolateLand|[upkeep]\n|upkeep\n|turn|10\n|\n|t:|1701033859\n|move|p2a: Tyranitar|Earthquake|p1a: Groudon\n|-supereffective|p1a: Groudon\n|-end|p1a: Groudon|Substitute\n|-damage|p2a: Tyranitar|68\/100|[from] item: Life Orb\n|move|p1a: Groudon|Rock Polish|p1a: Groudon\n|-boost|p1a: Groudon|spe|2\n|\n|-weather|DesolateLand|[upkeep]\n|upkeep\n|turn|11\n|\n|t:|1701033868\n|move|p1a: Groudon|Swords Dance|p1a: Groudon\n|-boost|p1a: Groudon|atk|2\n|move|p2a: Tyranitar|Earthquake|p1a: Groudon\n|-supereffective|p1a: Groudon\n|-damage|p1a: Groudon|45\/100\n|-damage|p2a: Tyranitar|58\/100|[from] item: Life Orb\n|\n|-weather|DesolateLand|[upkeep]\n|upkeep\n|turn|12\n|\n|t:|1701033881\n|switch|p2a: Bronzong|Bronzong|100\/100\n|-damage|p2a: Bronzong|94\/100|[from] Stealth Rock\n|move|p1a: Groudon|Earthquake|p2a: Bronzong\n|-immune|p2a: Bronzong|[from] ability: Levitate\n|\n|-weather|DesolateLand|[upkeep]\n|-heal|p2a: Bronzong|100\/100|[from] item: Leftovers\n|upkeep\n|turn|13\n|\n|t:|1701033892\n|move|p1a: Groudon|Stone Edge|p2a: Bronzong\n|-resisted|p2a: Bronzong\n|-damage|p2a: Bronzong|70\/100\n|move|p2a: Bronzong|Iron Defense|p2a: Bronzong\n|-boost|p2a: Bronzong|def|2\n|\n|-weather|DesolateLand|[upkeep]\n|-heal|p2a: Bronzong|77\/100|[from] item: Leftovers\n|upkeep\n|turn|14\n|\n|t:|1701033906\n|-weather|none\n|switch|p1a: Orthworm|Orthworm, M|33\/100\n|move|p2a: Bronzong|Iron Defense|p2a: Bronzong\n|-boost|p2a: Bronzong|def|2\n|\n|-heal|p2a: Bronzong|83\/100|[from] item: Leftovers\n|upkeep\n|turn|15\n|\n|t:|1701033915\n|move|p1a: Orthworm|Rest|p1a: Orthworm\n|-status|p1a: Orthworm|slp|[from] move: Rest\n|-heal|p1a: Orthworm|100\/100 slp|[silent]\n|move|p2a: Bronzong|Iron Defense|p2a: Bronzong\n|-boost|p2a: Bronzong|def|2\n|\n|-heal|p2a: Bronzong|89\/100|[from] item: Leftovers\n|upkeep\n|turn|16\n|\n|t:|1701033931\n|cant|p1a: Orthworm|slp\n|move|p1a: Orthworm|Sleep Talk|p1a: Orthworm\n|move|p1a: Orthworm|Body Press|p2a: Bronzong|[from]move: Sleep Talk\n|-damage|p2a: Bronzong|83\/100\n|move|p2a: Bronzong|Stealth Rock|p1a: Orthworm\n|-sidestart|p1: ATL Talonflames|move: Stealth Rock\n|\n|-heal|p2a: Bronzong|90\/100|[from] item: Leftovers\n|upkeep\n|turn|17\n|\n|t:|1701033940\n|cant|p1a: Orthworm|slp\n|move|p1a: Orthworm|Sleep Talk|p1a: Orthworm\n|move|p1a: Orthworm|Shed Tail|p1a: Orthworm|[from]move: Sleep Talk\n|-start|p1a: Orthworm|Substitute|[from] move: Shed Tail\n|-damage|p1a: Orthworm|50\/100 slp\n|\n|t:|1701033954\n|switch|p1a: Rayquaza|Rayquaza|100\/100|[from] Shed Tail\n|-damage|p1a: Rayquaza|76\/100|[from] Stealth Rock\n|-ability|p1a: Rayquaza|Air Lock\n|move|p2a: Bronzong|Body Press|p1a: Rayquaza\n|-resisted|p1a: Rayquaza\n|-end|p1a: Rayquaza|Substitute\n|\n|-heal|p2a: Bronzong|96\/100|[from] item: Leftovers\n|upkeep\n|turn|18\n|\n|t:|1701033967\n|move|p1a: Rayquaza|V-create|p2a: Bronzong\n|-supereffective|p2a: Bronzong\n|-damage|p2a: Bronzong|73\/100\n|-unboost|p1a: Rayquaza|spe|1\n|-unboost|p1a: Rayquaza|def|1\n|-unboost|p1a: Rayquaza|spd|1\n|move|p2a: Bronzong|Body Press|p1a: Rayquaza\n|-resisted|p1a: Rayquaza\n|-damage|p1a: Rayquaza|0 fnt\n|faint|p1a: Rayquaza\n|\n|-heal|p2a: Bronzong|79\/100|[from] item: Leftovers\n|upkeep\n|\n|t:|1701033971\n|switch|p1a: Basculegion|Basculegion, M|100\/100\n|-damage|p1a: Basculegion|88\/100|[from] Stealth Rock\n|turn|19\n|\n|t:|1701033993\n|switch|p1a: Orthworm|Orthworm, M|50\/100 slp\n|-damage|p1a: Orthworm|44\/100 slp|[from] Stealth Rock\n|-terastallize|p2a: Bronzong|Steel\n|move|p2a: Bronzong|Gyro Ball|p1a: Orthworm\n|-resisted|p1a: Orthworm\n|-damage|p1a: Orthworm|37\/100 slp\n|\n|-heal|p2a: Bronzong|86\/100|[from] item: Leftovers\n|upkeep\n|turn|20\n|\n|t:|1701034009\n|-curestatus|p1a: Orthworm|slp|[msg]\n|move|p1a: Orthworm|Body Press|p2a: Bronzong\n|-supereffective|p2a: Bronzong\n|-damage|p2a: Bronzong|74\/100\n|move|p2a: Bronzong|Body Press|p1a: Orthworm\n|-supereffective|p1a: Orthworm\n|-crit|p1a: Orthworm\n|-damage|p1a: Orthworm|0 fnt\n|faint|p1a: Orthworm\n|\n|-heal|p2a: Bronzong|80\/100|[from] item: Leftovers\n|upkeep\n|\n|t:|1701034018\n|switch|p1a: Groudon|Groudon-Primal, shiny|45\/100\n|-damage|p1a: Groudon|33\/100|[from] Stealth Rock\n|-weather|DesolateLand|[from] ability: Desolate Land|[of] p1a: Groudon\n|turn|21\n|\n|t:|1701034029\n|move|p1a: Groudon|Stone Edge|p2a: Bronzong\n|-resisted|p2a: Bronzong\n|-damage|p2a: Bronzong|76\/100\n|move|p2a: Bronzong|Body Press|p1a: Groudon\n|-damage|p1a: Groudon|0 fnt\n|faint|p1a: Groudon\n|-weather|none\n|\n|-heal|p2a: Bronzong|82\/100|[from] item: Leftovers\n|upkeep\n|\n|t:|1701034032\n|switch|p1a: Froobceus|Arceus, shiny|100\/100\n|-damage|p1a: Froobceus|88\/100|[from] Stealth Rock\n|turn|22\n|\n|t:|1701034040\n|move|p1a: Froobceus|Swords Dance|p1a: Froobceus\n|-boost|p1a: Froobceus|atk|2\n|move|p2a: Bronzong|Body Press|p1a: Froobceus\n|-supereffective|p1a: Froobceus\n|-damage|p1a: Froobceus|0 fnt\n|faint|p1a: Froobceus\n|\n|-heal|p2a: Bronzong|89\/100|[from] item: Leftovers\n|upkeep\n|\n|t:|1701034043\n|switch|p1a: Basculegion|Basculegion, M|88\/100\n|-damage|p1a: Basculegion|76\/100|[from] Stealth Rock\n|turn|23\n|\n|t:|1701034054\n|move|p1a: Basculegion|Last Respects|p2a: Bronzong\n|-damage|p2a: Bronzong|60\/100\n|move|p2a: Bronzong|Gyro Ball|p1a: Basculegion\n|-resisted|p1a: Basculegion\n|-damage|p1a: Basculegion|37\/100\n|\n|-heal|p2a: Bronzong|66\/100|[from] item: Leftovers\n|upkeep\n|turn|24\n|\n|t:|1701034064\n|move|p1a: Basculegion|Last Respects|p2a: Bronzong\n|-damage|p2a: Bronzong|35\/100\n|move|p2a: Bronzong|Gyro Ball|p1a: Basculegion\n|-resisted|p1a: Basculegion\n|-damage|p1a: Basculegion|0 fnt\n|faint|p1a: Basculegion\n|\n|win|The Chicago Tauros\n|l|\u2606ATL Talonflames\n","uploadtime":1701034076,"views":30,"p1id":"atltalonflames","p2id":"thechicagotauros","formatid":"gen9nationaldexubers","rating":0,"private":0,"password":""}