{"id":"gen9nationaldexubers-1979272225","p1":"LDP333","p2":"qwqwqqw","format":"[Gen 9] National Dex Ubers","log":"|j|\u2606LDP333\n|j|\u2606qwqwqqw\n|t:|1698664480\n|gametype|singles\n|player|p1|LDP333|riley|\n|player|p2|qwqwqqw|1|\n|teamsize|p1|6\n|teamsize|p2|6\n|gen|9\n|tier|[Gen 9] National Dex Ubers\n|rule|HP Percentage Mod: HP is shown in percentages\n|rule|Endless Battle Clause: Forcing endless battles is banned\n|rule|OHKO Clause: OHKO moves are banned\n|rule|Evasion Moves Clause: Evasion moves are banned\n|rule|Evasion Items Clause: Evasion items are banned\n|rule|Species Clause: Limit one of each Pok\u00e9mon\n|rule|Sleep Clause Mod: Limit one foe put to sleep\n|rule|Mega Rayquaza Clause: You cannot mega evolve Rayquaza\n|clearpoke\n|poke|p1|Melmetal|\n|poke|p1|Landorus-Therian, M|\n|poke|p1|Samurott-Hisui, M|\n|poke|p1|Weavile, M|\n|poke|p1|Nidoking, M|\n|poke|p1|Ribombee, F|\n|poke|p2|Chansey, F|\n|poke|p2|Skeledirge, M|\n|poke|p2|Gliscor, F|\n|poke|p2|Dondozo, F|\n|poke|p2|Clodsire, F|\n|poke|p2|Corviknight, F|\n|teampreview\n|\n|t:|1698664490\n|start\n|switch|p1a: \u5927\u6f14\u8001\u5e08|Samurott-Hisui, M|100\/100\n|switch|p2a: Corviknight|Corviknight, F|100\/100\n|-ability|p2a: Corviknight|Pressure\n|turn|1\n|\n|t:|1698664497\n|move|p1a: \u5927\u6f14\u8001\u5e08|Ceaseless Edge|p2a: Corviknight\n|-damage|p2a: Corviknight|74\/100\n|-damage|p1a: \u5927\u6f14\u8001\u5e08|84\/100|[from] item: Rocky Helmet|[of] p2a: Corviknight\n|-sidestart|p2: qwqwqqw|Spikes\n|move|p2a: Corviknight|Body Press|p1a: \u5927\u6f14\u8001\u5e08\n|-supereffective|p1a: \u5927\u6f14\u8001\u5e08\n|-damage|p1a: \u5927\u6f14\u8001\u5e08|20\/100\n|\n|upkeep\n|turn|2\n|\n|t:|1698664513\n|move|p1a: \u5927\u6f14\u8001\u5e08|Ceaseless Edge|p2a: Corviknight\n|-damage|p2a: Corviknight|45\/100\n|-damage|p1a: \u5927\u6f14\u8001\u5e08|3\/100|[from] item: Rocky Helmet|[of] p2a: Corviknight\n|-sidestart|p2: qwqwqqw|Spikes\n|move|p2a: Corviknight|Defog|p1a: \u5927\u6f14\u8001\u5e08\n|-unboost|p1a: \u5927\u6f14\u8001\u5e08|evasion|1\n|-sideend|p2: qwqwqqw|Spikes|[from] move: Defog|[of] p2a: Corviknight\n|\n|upkeep\n|turn|3\n|\n|t:|1698664522\n|move|p1a: \u5927\u6f14\u8001\u5e08|Encore|p2a: Corviknight\n|-start|p2a: Corviknight|Encore\n|move|p2a: Corviknight|Defog|p1a: \u5927\u6f14\u8001\u5e08\n|-unboost|p1a: \u5927\u6f14\u8001\u5e08|evasion|1\n|\n|upkeep\n|turn|4\n|\n|t:|1698664535\n|switch|p2a: Dondozo|Dondozo, F|100\/100\n|move|p1a: \u5927\u6f14\u8001\u5e08|Razor Shell|p2a: Dondozo\n|-resisted|p2a: Dondozo\n|-damage|p2a: Dondozo|90\/100\n|-unboost|p2a: Dondozo|def|1\n|\n|-heal|p2a: Dondozo|96\/100|[from] item: Leftovers\n|upkeep\n|turn|5\n|\n|t:|1698664539\n|move|p1a: \u5927\u6f14\u8001\u5e08|Ceaseless Edge|p2a: Dondozo\n|-damage|p2a: Dondozo|66\/100\n|-sidestart|p2: qwqwqqw|Spikes\n|move|p2a: Dondozo|Liquidation|p1a: \u5927\u6f14\u8001\u5e08\n|-resisted|p1a: \u5927\u6f14\u8001\u5e08\n|-damage|p1a: \u5927\u6f14\u8001\u5e08|0 fnt\n|faint|p1a: \u5927\u6f14\u8001\u5e08\n|\n|-heal|p2a: Dondozo|72\/100|[from] item: Leftovers\n|upkeep\n|\n|t:|1698664547\n|switch|p1a: Melmetal|Melmetal|100\/100\n|turn|6\n|\n|t:|1698664551\n|switch|p2a: Skeledirge|Skeledirge, M|100\/100\n|move|p1a: Melmetal|Double Iron Bash|p2a: Skeledirge\n|-resisted|p2a: Skeledirge\n|-damage|p2a: Skeledirge|87\/100\n|-resisted|p2a: Skeledirge\n|-damage|p2a: Skeledirge|73\/100\n|-hitcount|p2a: Skeledirge|2\n|\n|upkeep\n|turn|7\n|\n|t:|1698664560\n|switch|p1a: Ribombee|Ribombee, F|100\/100\n|move|p2a: Skeledirge|Will-O-Wisp|p1a: Ribombee\n|-status|p1a: Ribombee|brn\n|\n|-damage|p1a: Ribombee|94\/100 brn|[from] brn\n|upkeep\n|turn|8\n|\n|t:|1698664568\n|switch|p2a: Corviknight|Corviknight, F|45\/100\n|-ability|p2a: Corviknight|Pressure\n|move|p1a: Ribombee|Sticky Web|p2a: Corviknight\n|-sidestart|p2: qwqwqqw|move: Sticky Web\n|\n|-damage|p1a: Ribombee|88\/100 brn|[from] brn\n|upkeep\n|turn|9\n|\n|t:|1698664577\n|move|p1a: Ribombee|Stun Spore|p2a: Corviknight\n|-status|p2a: Corviknight|par\n|move|p2a: Corviknight|Roost|p2a: Corviknight\n|-heal|p2a: Corviknight|95\/100 par\n|-singleturn|p2a: Corviknight|move: Roost\n|\n|-damage|p1a: Ribombee|82\/100 brn|[from] brn\n|upkeep\n|turn|10\n|\n|t:|1698664590\n|switch|p1a: Nidoking|Nidoking, M|100\/100\n|move|p2a: Corviknight|Defog|p1a: Nidoking\n|-unboost|p1a: Nidoking|evasion|1\n|-sideend|p2: qwqwqqw|Spikes|[from] move: Defog|[of] p2a: Corviknight\n|-sideend|p2: qwqwqqw|Sticky Web|[from] move: Defog|[of] p2a: Corviknight\n|\n|upkeep\n|turn|11\n|\n|t:|1698664597\n|switch|p1a: Weavile|Weavile, M|100\/100\n|-ability|p1a: Weavile|Pressure\n|switch|p2a: Chansey|Chansey, F|100\/100\n|\n|upkeep\n|turn|12\n|\n|t:|1698664606\n|switch|p2a: Dondozo|Dondozo, F|72\/100\n|move|p1a: Weavile|Knock Off|p2a: Dondozo\n|-damage|p2a: Dondozo|51\/100\n|-enditem|p2a: Dondozo|Leftovers|[from] move: Knock Off|[of] p1a: Weavile\n|\n|upkeep\n|turn|13\n|\n|t:|1698664617\n|switch|p1a: Ribombee|Ribombee, F|82\/100 brn\n|move|p2a: Dondozo|Rest|p2a: Dondozo\n|-status|p2a: Dondozo|slp|[from] move: Rest\n|-heal|p2a: Dondozo|100\/100 slp|[silent]\n|\n|-damage|p1a: Ribombee|76\/100 brn|[from] brn\n|upkeep\n|turn|14\n|\n|t:|1698664625\n|switch|p2a: Chansey|Chansey, F|100\/100\n|move|p1a: Ribombee|Moonblast|p2a: Chansey\n|-damage|p2a: Chansey|89\/100\n|\n|-damage|p1a: Ribombee|70\/100 brn|[from] brn\n|upkeep\n|turn|15\n|\n|t:|1698664635\n|move|p1a: Ribombee|Sticky Web|p2a: Chansey\n|-sidestart|p2: qwqwqqw|move: Sticky Web\n|move|p2a: Chansey|Stealth Rock|p1a: Ribombee\n|-sidestart|p1: LDP333|move: Stealth Rock\n|\n|-damage|p1a: Ribombee|64\/100 brn|[from] brn\n|upkeep\n|turn|16\n|\n|t:|1698664640\n|move|p1a: Ribombee|Moonblast|p2a: Chansey\n|-crit|p2a: Chansey\n|-damage|p2a: Chansey|71\/100\n|move|p2a: Chansey|Seismic Toss|p1a: Ribombee\n|-damage|p1a: Ribombee|26\/100 brn\n|\n|-damage|p1a: Ribombee|20\/100 brn|[from] brn\n|upkeep\n|turn|17\n|\n|t:|1698664643\n|move|p1a: Ribombee|Moonblast|p2a: Chansey\n|-damage|p2a: Chansey|58\/100\n|move|p2a: Chansey|Soft-Boiled|p2a: Chansey\n|-heal|p2a: Chansey|100\/100\n|\n|-damage|p1a: Ribombee|13\/100 brn|[from] brn\n|upkeep\n|turn|18\n|\n|t:|1698664648\n|switch|p2a: Skeledirge|Skeledirge, M|73\/100\n|move|p1a: Ribombee|Moonblast|p2a: Skeledirge\n|-resisted|p2a: Skeledirge\n|-damage|p2a: Skeledirge|52\/100\n|\n|-damage|p1a: Ribombee|7\/100 brn|[from] brn\n|upkeep\n|turn|19\n|\n|t:|1698664652\n|move|p1a: Ribombee|Stun Spore|p2a: Skeledirge\n|-status|p2a: Skeledirge|par\n|cant|p2a: Skeledirge|par\n|\n|-damage|p1a: Ribombee|1\/100 brn|[from] brn\n|upkeep\n|turn|20\n|\n|t:|1698664658\n|move|p1a: Ribombee|Moonblast|p2a: Skeledirge\n|-resisted|p2a: Skeledirge\n|-damage|p2a: Skeledirge|30\/100 par\n|move|p2a: Skeledirge|Slack Off|p2a: Skeledirge\n|-heal|p2a: Skeledirge|80\/100 par\n|\n|-damage|p1a: Ribombee|0 fnt|[from] brn\n|faint|p1a: Ribombee\n|upkeep\n|\n|t:|1698664662\n|switch|p1a: Weavile|Weavile, M|100\/100\n|-ability|p1a: Weavile|Pressure\n|turn|21\n|\n|t:|1698664665\n|switch|p2a: Dondozo|Dondozo, F|100\/100 slp\n|-activate|p2a: Dondozo|move: Sticky Web\n|-unboost|p2a: Dondozo|spe|1\n|move|p1a: Weavile|Knock Off|p2a: Dondozo\n|-damage|p2a: Dondozo|87\/100 slp\n|\n|upkeep\n|turn|22\n|\n|t:|1698664673\n|switch|p1a: Nidoking|Nidoking, M|100\/100\n|-damage|p1a: Nidoking|95\/100|[from] Stealth Rock\n|cant|p2a: Dondozo|slp\n|move|p2a: Dondozo|Sleep Talk|p2a: Dondozo\n|move|p2a: Dondozo|Rest||[from]move: Sleep Talk|[still]\n|-fail|p2a: Dondozo\n|\n|upkeep\n|turn|23\n|\n|t:|1698664680\n|switch|p1a: Weavile|Weavile, M|100\/100\n|-ability|p1a: Weavile|Pressure\n|switch|p2a: Chansey|Chansey, F|100\/100\n|-activate|p2a: Chansey|move: Sticky Web\n|-unboost|p2a: Chansey|spe|1\n|\n|upkeep\n|turn|24\n|\n|t:|1698664691\n|switch|p2a: Dondozo|Dondozo, F|87\/100 slp\n|-activate|p2a: Dondozo|move: Sticky Web\n|-unboost|p2a: Dondozo|spe|1\n|move|p1a: Weavile|Knock Off|p2a: Dondozo\n|-damage|p2a: Dondozo|73\/100 slp\n|\n|upkeep\n|turn|25\n|\n|t:|1698664701\n|switch|p1a: Melmetal|Melmetal|100\/100\n|-damage|p1a: Melmetal|94\/100|[from] Stealth Rock\n|cant|p2a: Dondozo|slp\n|move|p2a: Dondozo|Sleep Talk|p2a: Dondozo\n|move|p2a: Dondozo|Liquidation|p1a: Melmetal|[from]move: Sleep Talk\n|-damage|p1a: Melmetal|80\/100\n|\n|upkeep\n|turn|26\n|\n|t:|1698664707\n|switch|p2a: Gliscor|Gliscor, F|100\/100\n|move|p1a: Melmetal|Thunder Punch|p2a: Gliscor\n|-immune|p2a: Gliscor\n|\n|-status|p2a: Gliscor|tox|[from] item: Toxic Orb\n|upkeep\n|turn|27\n|\n|t:|1698664716\n|switch|p2a: Corviknight|Corviknight, F|95\/100 par\n|-ability|p2a: Corviknight|Pressure\n|move|p1a: Melmetal|Ice Punch|p2a: Corviknight\n|-damage|p2a: Corviknight|71\/100 par\n|\n|upkeep\n|turn|28\n|\n|t:|1698664736\n|move|p1a: Melmetal|Double Iron Bash|p2a: Corviknight\n|-resisted|p2a: Corviknight\n|-damage|p2a: Corviknight|56\/100 par\n|-resisted|p2a: Corviknight\n|-damage|p2a: Corviknight|40\/100 par\n|-hitcount|p2a: Corviknight|2\n|cant|p2a: Corviknight|flinch\n|\n|upkeep\n|turn|29\n|\n|t:|1698664744\n|move|p1a: Melmetal|Thunder Punch|p2a: Corviknight\n|-supereffective|p2a: Corviknight\n|-damage|p2a: Corviknight|0 fnt\n|faint|p2a: Corviknight\n|\n|upkeep\n|\n|t:|1698664747\n|switch|p2a: Skeledirge|Skeledirge, M|80\/100 par\n|turn|30\n|\n|t:|1698664754\n|switch|p1a: Nidoking|Nidoking, M|95\/100\n|-damage|p1a: Nidoking|89\/100|[from] Stealth Rock\n|move|p2a: Skeledirge|Torch Song|p1a: Nidoking\n|-damage|p1a: Nidoking|43\/100\n|-boost|p2a: Skeledirge|spa|1\n|\n|upkeep\n|turn|31\n|\n|t:|1698664762\n|switch|p2a: Chansey|Chansey, F|100\/100\n|-activate|p2a: Chansey|move: Sticky Web\n|-unboost|p2a: Chansey|spe|1\n|move|p1a: Nidoking|Earth Power|p2a: Chansey\n|-crit|p2a: Chansey\n|-damage|p2a: Chansey|72\/100\n|\n|upkeep\n|turn|32\n|\n|t:|1698664769\n|switch|p1a: Weavile|Weavile, M|100\/100\n|-ability|p1a: Weavile|Pressure\n|move|p2a: Chansey|Seismic Toss|p1a: Weavile\n|-damage|p1a: Weavile|65\/100\n|\n|upkeep\n|turn|33\n|\n|t:|1698664779\n|switch|p1a: Melmetal|Melmetal|80\/100\n|-damage|p1a: Melmetal|74\/100|[from] Stealth Rock\n|switch|p2a: Dondozo|Dondozo, F|73\/100 slp\n|-activate|p2a: Dondozo|move: Sticky Web\n|-unboost|p2a: Dondozo|spe|1\n|\n|upkeep\n|turn|34\n|\n|t:|1698664788\n|switch|p2a: Clodsire|Clodsire, F|100\/100\n|-activate|p2a: Clodsire|move: Sticky Web\n|-unboost|p2a: Clodsire|spe|1\n|move|p1a: Melmetal|Thunder Punch|p2a: Clodsire\n|-immune|p2a: Clodsire\n|\n|upkeep\n|turn|35\n|\n|t:|1698664793\n|move|p1a: Melmetal|Double Iron Bash|p2a: Clodsire\n|-damage|p2a: Clodsire|49\/100\n|-damage|p2a: Clodsire|0 fnt\n|faint|p2a: Clodsire\n|-hitcount|p2: Clodsire|2\n|\n|upkeep\n|\n|t:|1698664796\n|switch|p2a: Skeledirge|Skeledirge, M|80\/100 par\n|turn|36\n|\n|t:|1698664801\n|move|p1a: Melmetal|Double Iron Bash|p2a: Skeledirge\n|-resisted|p2a: Skeledirge\n|-damage|p2a: Skeledirge|64\/100 par\n|-resisted|p2a: Skeledirge\n|-damage|p2a: Skeledirge|49\/100 par\n|-hitcount|p2a: Skeledirge|2\n|move|p2a: Skeledirge|Torch Song|p1a: Melmetal\n|-supereffective|p1a: Melmetal\n|-damage|p1a: Melmetal|10\/100\n|-boost|p2a: Skeledirge|spa|1\n|\n|upkeep\n|turn|37\n|\n|t:|1698664809\n|switch|p2a: Gliscor|Gliscor, F|100\/100 tox\n|move|p1a: Melmetal|Earthquake|p2a: Gliscor\n|-immune|p2a: Gliscor\n|\n|upkeep\n|turn|38\n|\n|t:|1698664828\n|switch|p2a: Skeledirge|Skeledirge, M|49\/100 par\n|switch|p1a: Landorus|Landorus-Therian, M|100\/100\n|-damage|p1a: Landorus|88\/100|[from] Stealth Rock\n|-ability|p1a: Landorus|Intimidate|boost\n|-unboost|p2a: Skeledirge|atk|1\n|\n|-heal|p1a: Landorus|94\/100|[from] item: Leftovers\n|upkeep\n|turn|39\n|\n|t:|1698664837\n|move|p1a: Landorus|Stealth Rock|p2a: Skeledirge\n|-sidestart|p2: qwqwqqw|move: Stealth Rock\n|move|p2a: Skeledirge|Torch Song|p1a: Landorus\n|-damage|p1a: Landorus|73\/100\n|-boost|p2a: Skeledirge|spa|1\n|\n|-heal|p1a: Landorus|79\/100|[from] item: Leftovers\n|upkeep\n|turn|40\n|\n|t:|1698664844\n|move|p1a: Landorus|Earthquake|p2a: Skeledirge\n|-supereffective|p2a: Skeledirge\n|-damage|p2a: Skeledirge|0 fnt\n|faint|p2a: Skeledirge\n|\n|-heal|p1a: Landorus|85\/100|[from] item: Leftovers\n|upkeep\n|\n|t:|1698664847\n|switch|p2a: Gliscor|Gliscor, F|100\/100 tox\n|-damage|p2a: Gliscor|88\/100 tox|[from] Stealth Rock\n|turn|41\n|\n|t:|1698664850\n|move|p2a: Gliscor|Defog|p1a: Landorus\n|-unboost|p1a: Landorus|evasion|1\n|-sideend|p1: LDP333|Stealth Rock|[from] move: Defog|[of] p2a: Gliscor\n|-sideend|p2: qwqwqqw|Stealth Rock|[from] move: Defog|[of] p2a: Gliscor\n|-sideend|p2: qwqwqqw|Sticky Web|[from] move: Defog|[of] p2a: Gliscor\n|move|p1a: Landorus|U-turn|p2a: Gliscor\n|-resisted|p2a: Gliscor\n|-damage|p2a: Gliscor|82\/100 tox\n|\n|t:|1698664858\n|switch|p1a: Weavile|Weavile, M|65\/100|[from] U-turn\n|-ability|p1a: Weavile|Pressure\n|\n|-heal|p2a: Gliscor|94\/100 tox|[from] ability: Poison Heal\n|upkeep\n|turn|42\n|\n|t:|1698664870\n|switch|p2a: Dondozo|Dondozo, F|73\/100 slp\n|move|p1a: Weavile|Triple Axel|p2a: Dondozo\n|-resisted|p2a: Dondozo\n|-damage|p2a: Dondozo|71\/100 slp\n|-hitcount|p2a: Dondozo|1\n|\n|upkeep\n|turn|43\n|\n|t:|1698664878\n|switch|p1a: Landorus|Landorus-Therian, M|85\/100\n|-ability|p1a: Landorus|Intimidate|boost\n|-unboost|p2a: Dondozo|atk|1\n|-curestatus|p2a: Dondozo|slp|[msg]\n|move|p2a: Dondozo|Sleep Talk||[still]\n|-fail|p2a: Dondozo\n|\n|-heal|p1a: Landorus|91\/100|[from] item: Leftovers\n|upkeep\n|turn|44\n|\n|t:|1698664887\n|move|p1a: Landorus|Toxic|p2a: Dondozo\n|-status|p2a: Dondozo|tox\n|move|p2a: Dondozo|Liquidation|p1a: Landorus\n|-supereffective|p1a: Landorus\n|-damage|p1a: Landorus|51\/100\n|\n|-heal|p1a: Landorus|57\/100|[from] item: Leftovers\n|-damage|p2a: Dondozo|65\/100 tox|[from] psn\n|upkeep\n|turn|45\n|\n|t:|1698664894\n|move|p1a: Landorus|Stealth Rock|p2a: Dondozo\n|-sidestart|p2: qwqwqqw|move: Stealth Rock\n|move|p2a: Dondozo|Rest|p2a: Dondozo\n|-status|p2a: Dondozo|slp|[from] move: Rest\n|-heal|p2a: Dondozo|100\/100 slp|[silent]\n|\n|-heal|p1a: Landorus|63\/100|[from] item: Leftovers\n|upkeep\n|turn|46\n|\n|t:|1698664898\n|move|p1a: Landorus|U-turn|p2a: Dondozo\n|-damage|p2a: Dondozo|91\/100 slp\n|\n|t:|1698664901\n|switch|p1a: Nidoking|Nidoking, M|43\/100|[from] U-turn\n|cant|p2a: Dondozo|slp\n|move|p2a: Dondozo|Sleep Talk|p2a: Dondozo\n|move|p2a: Dondozo|Rest||[from]move: Sleep Talk|[still]\n|-fail|p2a: Dondozo\n|\n|upkeep\n|turn|47\n|\n|t:|1698664911\n|switch|p1a: Melmetal|Melmetal|10\/100\n|switch|p2a: Chansey|Chansey, F|72\/100\n|-damage|p2a: Chansey|60\/100|[from] Stealth Rock\n|\n|upkeep\n|turn|48\n|\n|t:|1698664919\n|move|p2a: Chansey|Seismic Toss|p1a: Melmetal\n|-damage|p1a: Melmetal|0 fnt\n|faint|p1a: Melmetal\n|\n|upkeep\n|\n|t:|1698664923\n|switch|p1a: Weavile|Weavile, M|65\/100\n|-ability|p1a: Weavile|Pressure\n|turn|49\n|\n|t:|1698664933\n|switch|p1a: Nidoking|Nidoking, M|43\/100\n|switch|p2a: Dondozo|Dondozo, F|91\/100 slp\n|-damage|p2a: Dondozo|79\/100 slp|[from] Stealth Rock\n|\n|upkeep\n|turn|50\n|\n|t:|1698664938\n|switch|p2a: Chansey|Chansey, F|60\/100\n|-damage|p2a: Chansey|47\/100|[from] Stealth Rock\n|move|p1a: Nidoking|Sludge Wave|p2a: Chansey\n|-damage|p2a: Chansey|28\/100\n|\n|upkeep\n|turn|51\n|\n|t:|1698664950\n|switch|p1a: Weavile|Weavile, M|65\/100\n|-ability|p1a: Weavile|Pressure\n|move|p2a: Chansey|Soft-Boiled|p2a: Chansey\n|-heal|p2a: Chansey|78\/100\n|\n|upkeep\n|turn|52\n|\n|t:|1698664961\n|switch|p1a: Nidoking|Nidoking, M|43\/100\n|switch|p2a: Dondozo|Dondozo, F|79\/100 slp\n|-damage|p2a: Dondozo|66\/100 slp|[from] Stealth Rock\n|\n|upkeep\n|turn|53\n|\n|t:|1698664971\n|switch|p2a: Chansey|Chansey, F|78\/100\n|-damage|p2a: Chansey|66\/100|[from] Stealth Rock\n|move|p1a: Nidoking|Sludge Wave|p2a: Chansey\n|-damage|p2a: Chansey|46\/100\n|\n|upkeep\n|turn|54\n|\n|t:|1698664977\n|switch|p1a: Landorus|Landorus-Therian, M|63\/100\n|-ability|p1a: Landorus|Intimidate|boost\n|-unboost|p2a: Chansey|atk|1\n|move|p2a: Chansey|Seismic Toss|p1a: Landorus\n|-damage|p1a: Landorus|37\/100\n|\n|-heal|p1a: Landorus|43\/100|[from] item: Leftovers\n|upkeep\n|turn|55\n|\n|t:|1698664983\n|move|p1a: Landorus|U-turn|p2a: Chansey\n|-damage|p2a: Chansey|30\/100\n|\n|t:|1698664988\n|switch|p1a: Weavile|Weavile, M|65\/100|[from] U-turn\n|-ability|p1a: Weavile|Pressure\n|move|p2a: Chansey|Soft-Boiled|p2a: Chansey\n|-heal|p2a: Chansey|80\/100\n|\n|upkeep\n|turn|56\n|\n|t:|1698664998\n|switch|p2a: Gliscor|Gliscor, F|94\/100 tox\n|-damage|p2a: Gliscor|82\/100 tox|[from] Stealth Rock\n|move|p1a: Weavile|Low Kick|p2a: Gliscor\n|-resisted|p2a: Gliscor\n|-damage|p2a: Gliscor|76\/100 tox\n|\n|-heal|p2a: Gliscor|89\/100 tox|[from] ability: Poison Heal\n|upkeep\n|turn|57\n|\n|t:|1698665006\n|move|p1a: Weavile|Triple Axel|p2a: Gliscor\n|-supereffective|p2a: Gliscor\n|-damage|p2a: Gliscor|64\/100 tox\n|-supereffective|p2a: Gliscor\n|-damage|p2a: Gliscor|19\/100 tox\n|-supereffective|p2a: Gliscor\n|-damage|p2a: Gliscor|0 fnt\n|faint|p2a: Gliscor\n|-hitcount|p2: Gliscor|3\n|\n|upkeep\n|\n|t:|1698665008\n|switch|p2a: Dondozo|Dondozo, F|66\/100 slp\n|-damage|p2a: Dondozo|54\/100 slp|[from] Stealth Rock\n|turn|58\n|\n|t:|1698665015\n|move|p1a: Weavile|Low Kick|p2a: Dondozo\n|-damage|p2a: Dondozo|36\/100 slp\n|cant|p2a: Dondozo|slp\n|move|p2a: Dondozo|Sleep Talk|p2a: Dondozo\n|move|p2a: Dondozo|Rest||[from]move: Sleep Talk|[still]\n|-fail|p2a: Dondozo\n|\n|upkeep\n|turn|59\n|\n|t:|1698665026\n|switch|p1a: Landorus|Landorus-Therian, M|43\/100\n|-ability|p1a: Landorus|Intimidate|boost\n|-unboost|p2a: Dondozo|atk|1\n|-curestatus|p2a: Dondozo|slp|[msg]\n|move|p2a: Dondozo|Rest|p2a: Dondozo\n|-status|p2a: Dondozo|slp|[from] move: Rest\n|-heal|p2a: Dondozo|100\/100 slp|[silent]\n|\n|-heal|p1a: Landorus|49\/100|[from] item: Leftovers\n|upkeep\n|turn|60\n|\n|t:|1698665032\n|move|p1a: Landorus|U-turn|p2a: Dondozo\n|-damage|p2a: Dondozo|91\/100 slp\n|\n|t:|1698665035\n|switch|p1a: Nidoking|Nidoking, M|43\/100|[from] U-turn\n|cant|p2a: Dondozo|slp\n|move|p2a: Dondozo|Sleep Talk|p2a: Dondozo\n|move|p2a: Dondozo|Curse|p2a: Dondozo|[from]move: Sleep Talk\n|-unboost|p2a: Dondozo|spe|1\n|-boost|p2a: Dondozo|atk|1\n|-boost|p2a: Dondozo|def|1\n|\n|upkeep\n|turn|61\n|\n|t:|1698665045\n|switch|p2a: Chansey|Chansey, F|80\/100\n|-damage|p2a: Chansey|68\/100|[from] Stealth Rock\n|move|p1a: Nidoking|Sludge Wave|p2a: Chansey\n|-damage|p2a: Chansey|49\/100\n|\n|upkeep\n|turn|62\n|\n|t:|1698665057\n|switch|p1a: Landorus|Landorus-Therian, M|49\/100\n|-ability|p1a: Landorus|Intimidate|boost\n|-unboost|p2a: Chansey|atk|1\n|move|p2a: Chansey|Stealth Rock|p1a: Landorus\n|-sidestart|p1: LDP333|move: Stealth Rock\n|\n|-heal|p1a: Landorus|55\/100|[from] item: Leftovers\n|upkeep\n|turn|63\n|\n|t:|1698665064\n|move|p1a: Landorus|Toxic|p2a: Chansey\n|-status|p2a: Chansey|tox\n|move|p2a: Chansey|Soft-Boiled|p2a: Chansey\n|-heal|p2a: Chansey|99\/100 tox\n|\n|-heal|p1a: Landorus|61\/100|[from] item: Leftovers\n|-damage|p2a: Chansey|93\/100 tox|[from] psn\n|upkeep\n|turn|64\n|\n|t:|1698665070\n|-curestatus|p2a: Chansey|tox|[from] ability: Natural Cure\n|switch|p2a: Dondozo|Dondozo, F|91\/100 slp\n|-damage|p2a: Dondozo|78\/100 slp|[from] Stealth Rock\n|move|p1a: Landorus|U-turn|p2a: Dondozo\n|-damage|p2a: Dondozo|68\/100 slp\n|\n|t:|1698665073\n|switch|p1a: Nidoking|Nidoking, M|43\/100|[from] U-turn\n|-damage|p1a: Nidoking|37\/100|[from] Stealth Rock\n|\n|upkeep\n|turn|65\n|\n|t:|1698665079\n|switch|p1a: Weavile|Weavile, M|65\/100\n|-ability|p1a: Weavile|Pressure\n|switch|p2a: Chansey|Chansey, F|93\/100\n|-damage|p2a: Chansey|81\/100|[from] Stealth Rock\n|\n|upkeep\n|turn|66\n|\n|t:|1698665092\n|switch|p2a: Dondozo|Dondozo, F|68\/100 slp\n|-damage|p2a: Dondozo|55\/100 slp|[from] Stealth Rock\n|move|p1a: Weavile|Low Kick|p2a: Dondozo\n|-damage|p2a: Dondozo|38\/100 slp\n|\n|upkeep\n|turn|67\n|\n|t:|1698665100\n|move|p1a: Weavile|Low Kick|p2a: Dondozo\n|-damage|p2a: Dondozo|20\/100 slp\n|cant|p2a: Dondozo|slp\n|move|p2a: Dondozo|Sleep Talk|p2a: Dondozo\n|move|p2a: Dondozo|Rest||[from]move: Sleep Talk|[still]\n|-fail|p2a: Dondozo\n|\n|upkeep\n|turn|68\n|\n|t:|1698665105\n|move|p1a: Weavile|Low Kick|p2a: Dondozo\n|-damage|p2a: Dondozo|3\/100 slp\n|-curestatus|p2a: Dondozo|slp|[msg]\n|move|p2a: Dondozo|Rest|p2a: Dondozo\n|-status|p2a: Dondozo|slp|[from] move: Rest\n|-heal|p2a: Dondozo|100\/100 slp|[silent]\n|\n|upkeep\n|turn|69\n|\n|t:|1698665112\n|switch|p1a: Nidoking|Nidoking, M|37\/100\n|-damage|p1a: Nidoking|31\/100|[from] Stealth Rock\n|cant|p2a: Dondozo|slp\n|move|p2a: Dondozo|Sleep Talk|p2a: Dondozo\n|move|p2a: Dondozo|Curse|p2a: Dondozo|[from]move: Sleep Talk\n|-unboost|p2a: Dondozo|spe|1\n|-boost|p2a: Dondozo|atk|1\n|-boost|p2a: Dondozo|def|1\n|\n|upkeep\n|turn|70\n|\n|t:|1698665122\n|switch|p2a: Chansey|Chansey, F|81\/100\n|-damage|p2a: Chansey|68\/100|[from] Stealth Rock\n|move|p1a: Nidoking|Sludge Wave|p2a: Chansey\n|-damage|p2a: Chansey|49\/100\n|\n|upkeep\n|turn|71\n|\n|t:|1698665129\n|switch|p1a: Landorus|Landorus-Therian, M|61\/100\n|-damage|p1a: Landorus|49\/100|[from] Stealth Rock\n|-ability|p1a: Landorus|Intimidate|boost\n|-unboost|p2a: Chansey|atk|1\n|move|p2a: Chansey|Seismic Toss|p1a: Landorus\n|-damage|p1a: Landorus|23\/100\n|\n|-heal|p1a: Landorus|29\/100|[from] item: Leftovers\n|upkeep\n|turn|72\n|\n|t:|1698665135\n|move|p1a: Landorus|Toxic|p2a: Chansey\n|-status|p2a: Chansey|tox\n|move|p2a: Chansey|Soft-Boiled|p2a: Chansey\n|-heal|p2a: Chansey|99\/100 tox\n|\n|-heal|p1a: Landorus|35\/100|[from] item: Leftovers\n|-damage|p2a: Chansey|93\/100 tox|[from] psn\n|upkeep\n|turn|73\n|\n|t:|1698665140\n|-curestatus|p2a: Chansey|tox|[from] ability: Natural Cure\n|switch|p2a: Dondozo|Dondozo, F|100\/100 slp\n|-damage|p2a: Dondozo|88\/100 slp|[from] Stealth Rock\n|move|p1a: Landorus|U-turn|p2a: Dondozo\n|-damage|p2a: Dondozo|78\/100 slp\n|\n|t:|1698665143\n|switch|p1a: Nidoking|Nidoking, M|31\/100|[from] U-turn\n|-damage|p1a: Nidoking|25\/100|[from] Stealth Rock\n|\n|upkeep\n|turn|74\n|\n|t:|1698665147\n|switch|p1a: Weavile|Weavile, M|65\/100\n|-ability|p1a: Weavile|Pressure\n|switch|p2a: Chansey|Chansey, F|93\/100\n|-damage|p2a: Chansey|80\/100|[from] Stealth Rock\n|\n|upkeep\n|turn|75\n|\n|t:|1698665152\n|switch|p1a: Nidoking|Nidoking, M|25\/100\n|-damage|p1a: Nidoking|19\/100|[from] Stealth Rock\n|switch|p2a: Dondozo|Dondozo, F|78\/100 slp\n|-damage|p2a: Dondozo|66\/100 slp|[from] Stealth Rock\n|\n|upkeep\n|turn|76\n|\n|t:|1698665160\n|switch|p1a: Weavile|Weavile, M|65\/100\n|-ability|p1a: Weavile|Pressure\n|switch|p2a: Chansey|Chansey, F|80\/100\n|-damage|p2a: Chansey|68\/100|[from] Stealth Rock\n|\n|upkeep\n|turn|77\n|\n|t:|1698665168\n|switch|p2a: Dondozo|Dondozo, F|66\/100 slp\n|-damage|p2a: Dondozo|53\/100 slp|[from] Stealth Rock\n|move|p1a: Weavile|Knock Off|p2a: Dondozo\n|-damage|p2a: Dondozo|39\/100 slp\n|\n|upkeep\n|turn|78\n|\n|t:|1698665177\n|move|p1a: Weavile|Low Kick|p2a: Dondozo\n|-damage|p2a: Dondozo|21\/100 slp\n|cant|p2a: Dondozo|slp\n|move|p2a: Dondozo|Sleep Talk|p2a: Dondozo\n|move|p2a: Dondozo|Rest||[from]move: Sleep Talk|[still]\n|-fail|p2a: Dondozo\n|\n|upkeep\n|turn|79\n|\n|t:|1698665193\n|move|p1a: Weavile|Low Kick|p2a: Dondozo\n|-damage|p2a: Dondozo|3\/100 slp\n|-curestatus|p2a: Dondozo|slp|[msg]\n|move|p2a: Dondozo|Rest|p2a: Dondozo\n|-status|p2a: Dondozo|slp|[from] move: Rest\n|-heal|p2a: Dondozo|100\/100 slp|[silent]\n|\n|upkeep\n|turn|80\n|\n|t:|1698665202\n|switch|p1a: Landorus|Landorus-Therian, M|35\/100\n|-damage|p1a: Landorus|22\/100|[from] Stealth Rock\n|-ability|p1a: Landorus|Intimidate|boost\n|-unboost|p2a: Dondozo|atk|1\n|cant|p2a: Dondozo|slp\n|move|p2a: Dondozo|Sleep Talk|p2a: Dondozo\n|move|p2a: Dondozo|Curse|p2a: Dondozo|[from]move: Sleep Talk\n|-unboost|p2a: Dondozo|spe|1\n|-boost|p2a: Dondozo|atk|1\n|-boost|p2a: Dondozo|def|1\n|\n|-heal|p1a: Landorus|29\/100|[from] item: Leftovers\n|upkeep\n|turn|81\n|\n|t:|1698665208\n|move|p1a: Landorus|U-turn|p2a: Dondozo\n|-damage|p2a: Dondozo|94\/100 slp\n|\n|t:|1698665210\n|switch|p1a: Nidoking|Nidoking, M|19\/100|[from] U-turn\n|-damage|p1a: Nidoking|13\/100|[from] Stealth Rock\n|cant|p2a: Dondozo|slp\n|move|p2a: Dondozo|Sleep Talk|p2a: Dondozo\n|move|p2a: Dondozo|Curse|p2a: Dondozo|[from]move: Sleep Talk\n|-unboost|p2a: Dondozo|spe|1\n|-boost|p2a: Dondozo|atk|1\n|-boost|p2a: Dondozo|def|1\n|\n|upkeep\n|turn|82\n|\n|t:|1698665220\n|switch|p2a: Chansey|Chansey, F|68\/100\n|-damage|p2a: Chansey|56\/100|[from] Stealth Rock\n|move|p1a: Nidoking|Sludge Wave|p2a: Chansey\n|-damage|p2a: Chansey|38\/100\n|\n|upkeep\n|turn|83\n|\n|t:|1698665231\n|switch|p1a: Weavile|Weavile, M|65\/100\n|-ability|p1a: Weavile|Pressure\n|move|p2a: Chansey|Soft-Boiled|p2a: Chansey\n|-heal|p2a: Chansey|88\/100\n|\n|upkeep\n|turn|84\n|\n|t:|1698665239\n|switch|p1a: Nidoking|Nidoking, M|13\/100\n|-damage|p1a: Nidoking|7\/100|[from] Stealth Rock\n|switch|p2a: Dondozo|Dondozo, F|94\/100 slp\n|-damage|p2a: Dondozo|81\/100 slp|[from] Stealth Rock\n|\n|upkeep\n|turn|85\n|\n|t:|1698665244\n|switch|p1a: Weavile|Weavile, M|65\/100\n|-ability|p1a: Weavile|Pressure\n|switch|p2a: Chansey|Chansey, F|88\/100\n|-damage|p2a: Chansey|75\/100|[from] Stealth Rock\n|\n|upkeep\n|turn|86\n|\n|t:|1698665262\n|switch|p1a: Nidoking|Nidoking, M|7\/100\n|-damage|p1a: Nidoking|1\/100|[from] Stealth Rock\n|switch|p2a: Dondozo|Dondozo, F|81\/100 slp\n|-damage|p2a: Dondozo|69\/100 slp|[from] Stealth Rock\n|\n|upkeep\n|turn|87\n|\n|t:|1698665266\n|switch|p1a: Weavile|Weavile, M|65\/100\n|-ability|p1a: Weavile|Pressure\n|switch|p2a: Chansey|Chansey, F|75\/100\n|-damage|p2a: Chansey|63\/100|[from] Stealth Rock\n|\n|upkeep\n|turn|88\n|\n|t:|1698665269\n|switch|p2a: Dondozo|Dondozo, F|69\/100 slp\n|-damage|p2a: Dondozo|56\/100 slp|[from] Stealth Rock\n|move|p1a: Weavile|Low Kick|p2a: Dondozo\n|-damage|p2a: Dondozo|38\/100 slp\n|\n|upkeep\n|turn|89\n|\n|t:|1698665276\n|move|p1a: Weavile|Low Kick|p2a: Dondozo\n|-damage|p2a: Dondozo|19\/100 slp\n|-curestatus|p2a: Dondozo|slp|[msg]\n|move|p2a: Dondozo|Rest|p2a: Dondozo\n|-status|p2a: Dondozo|slp|[from] move: Rest\n|-heal|p2a: Dondozo|100\/100 slp|[silent]\n|\n|upkeep\n|turn|90\n|\n|t:|1698665282\n|move|p1a: Weavile|Low Kick|p2a: Dondozo\n|-damage|p2a: Dondozo|83\/100 slp\n|cant|p2a: Dondozo|slp\n|move|p2a: Dondozo|Sleep Talk|p2a: Dondozo\n|move|p2a: Dondozo|Curse|p2a: Dondozo|[from]move: Sleep Talk\n|-unboost|p2a: Dondozo|spe|1\n|-boost|p2a: Dondozo|atk|1\n|-boost|p2a: Dondozo|def|1\n|\n|upkeep\n|turn|91\n|\n|t:|1698665287\n|move|p1a: Weavile|Low Kick|p2a: Dondozo\n|-damage|p2a: Dondozo|72\/100 slp\n|cant|p2a: Dondozo|slp\n|move|p2a: Dondozo|Sleep Talk|p2a: Dondozo\n|move|p2a: Dondozo|Rest||[from]move: Sleep Talk|[still]\n|-fail|p2a: Dondozo\n|\n|upkeep\n|turn|92\n|\n|t:|1698665292\n|move|p1a: Weavile|Low Kick|p2a: Dondozo\n|-damage|p2a: Dondozo|61\/100 slp\n|-curestatus|p2a: Dondozo|slp|[msg]\n|move|p2a: Dondozo|Liquidation|p1a: Weavile\n|-damage|p1a: Weavile|0 fnt\n|faint|p1a: Weavile\n|\n|upkeep\n|-message|LDP333 forfeited.\n|\n|win|qwqwqqw\n|l|\u2606LDP333\n","uploadtime":1698665302,"views":9,"p1id":"ldp333","p2id":"qwqwqqw","formatid":"gen9nationaldexubers","rating":0,"private":0,"password":""}