{"id":"gen9nationaldexubers-1997260909","p1":"DerpyAchoque","p2":"straightoutta14BC","format":"[Gen 9] National Dex Ubers","log":"|j|\u2606DerpyAchoque\n|j|\u2606straightoutta14BC\n|inactive|Battle timer is ON: inactive players will automatically lose when time's up.\n|t:|1700781694\n|gametype|singles\n|player|p1|DerpyAchoque|elio|\n|player|p2|straightoutta14BC|265|\n|teamsize|p1|6\n|teamsize|p2|6\n|gen|9\n|tier|[Gen 9] National Dex Ubers\n|rated|Tournament battle\n|rule|HP Percentage Mod: HP is shown in percentages\n|rule|Endless Battle Clause: Forcing endless battles is banned\n|rule|OHKO Clause: OHKO moves are banned\n|rule|Evasion Moves Clause: Evasion moves are banned\n|rule|Evasion Items Clause: Evasion items are banned\n|rule|Species Clause: Limit one of each Pok\u00e9mon\n|rule|Sleep Clause Mod: Limit one foe put to sleep\n|rule|Mega Rayquaza Clause: You cannot mega evolve Rayquaza\n|rule|Dynamax Clause: You cannot dynamax\n|rule|Terastal Clause: You cannot Terastallize\n|rule|Same Type Clause: Pok\u00e9mon in a team must share a type\n|clearpoke\n|poke|p1|Rayquaza|\n|poke|p1|Dialga-Origin|\n|poke|p1|Palkia-Origin|\n|poke|p1|Giratina-Origin|\n|poke|p1|Zygarde|\n|poke|p1|Eternatus|\n|poke|p2|Klefki, F|\n|poke|p2|Mawile, F|\n|poke|p2|Dialga|\n|poke|p2|Necrozma-Dusk-Mane|\n|poke|p2|Kartana|\n|poke|p2|Excadrill, M|\n|teampreview\n|j| Franko159\n|inactive|straightoutta14BC has 120 seconds left.\n|j| galaxystudios370\n|inactive|straightoutta14BC has 90 seconds left.\n|inactive|straightoutta14BC has 60 seconds left.\n|\n|t:|1700781787\n|start\n|switch|p1a: Bug Lizard|Eternatus|100\/100\n|switch|p2a: Deep Impact|Excadrill, M|100\/100\n|-ability|p1a: Bug Lizard|Pressure\n|-ability|p2a: Deep Impact|Mold Breaker\n|turn|1\n|inactive|straightoutta14BC has 120 seconds left.\n|\n|t:|1700781819\n|move|p1a: Bug Lizard|Flamethrower|p2a: Deep Impact\n|-supereffective|p2a: Deep Impact\n|-enditem|p2a: Deep Impact|Focus Sash\n|-damage|p2a: Deep Impact|1\/100\n|-damage|p1a: Bug Lizard|91\/100|[from] item: Life Orb\n|move|p2a: Deep Impact|Rapid Spin|p1a: Bug Lizard\n|-damage|p1a: Bug Lizard|75\/100\n|-boost|p2a: Deep Impact|spe|1\n|\n|upkeep\n|turn|2\n|\n|t:|1700781834\n|switch|p1a: Tentacle Guy|Giratina-Origin|100\/100\n|move|p2a: Deep Impact|Stealth Rock|p1a: Tentacle Guy\n|-sidestart|p1: DerpyAchoque|move: Stealth Rock\n|\n|upkeep\n|turn|3\n|\n|t:|1700781845\n|move|p2a: Deep Impact|Earthquake|p1a: Tentacle Guy\n|-damage|p1a: Tentacle Guy|65\/100\n|move|p1a: Tentacle Guy|Earthquake|p2a: Deep Impact\n|-supereffective|p2a: Deep Impact\n|-damage|p2a: Deep Impact|0 fnt\n|faint|p2a: Deep Impact\n|\n|upkeep\n|inactive|straightoutta14BC has 90 seconds left.\n|inactive|straightoutta14BC has 60 seconds left.\n|\n|t:|1700781887\n|switch|p2a: Dyson|Necrozma-Dusk-Mane|100\/100\n|turn|4\n|\n|t:|1700781896\n|move|p2a: Dyson|Rock Polish|p2a: Dyson\n|-boost|p2a: Dyson|spe|2\n|move|p1a: Tentacle Guy|Will-O-Wisp|p2a: Dyson\n|-status|p2a: Dyson|brn\n|\n|-damage|p2a: Dyson|95\/100 brn|[from] brn\n|upkeep\n|turn|5\n|\n|t:|1700781902\n|move|p2a: Dyson|Rock Polish|p2a: Dyson\n|-boost|p2a: Dyson|spe|2\n|move|p1a: Tentacle Guy|Earthquake|p2a: Dyson\n|-supereffective|p2a: Dyson\n|-damage|p2a: Dyson|49\/100 brn\n|-enditem|p2a: Dyson|Weakness Policy\n|-boost|p2a: Dyson|atk|2|[from] item: Weakness Policy\n|-boost|p2a: Dyson|spa|2|[from] item: Weakness Policy\n|\n|-damage|p2a: Dyson|43\/100 brn|[from] brn\n|upkeep\n|turn|6\n|\n|t:|1700781909\n|move|p2a: Dyson|Stored Power|p1a: Tentacle Guy\n|-damage|p1a: Tentacle Guy|0 fnt\n|faint|p1a: Tentacle Guy\n|\n|-damage|p2a: Dyson|37\/100 brn|[from] brn\n|upkeep\n|c| Franko159|o\n|\n|t:|1700781919\n|switch|p1a: Spikey Guy|Dialga-Origin|100\/100\n|-damage|p1a: Spikey Guy|94\/100|[from] Stealth Rock\n|-ability|p1a: Spikey Guy|Pressure\n|turn|7\n|\n|t:|1700781921\n|move|p2a: Dyson|Earth Power|p1a: Spikey Guy\n|-supereffective|p1a: Spikey Guy\n|-damage|p1a: Spikey Guy|30\/100\n|-unboost|p1a: Spikey Guy|spd|1\n|move|p1a: Spikey Guy|Focus Blast|p2a: Dyson\n|-damage|p2a: Dyson|4\/100 brn\n|\n|-damage|p2a: Dyson|0 fnt|[from] brn\n|faint|p2a: Dyson\n|upkeep\n|inactive|straightoutta14BC has 90 seconds left.\n|inactive|straightoutta14BC has 60 seconds left.\n|\n|t:|1700781965\n|switch|p2a: Pioneer|Dialga|100\/100\n|-ability|p2a: Pioneer|Pressure\n|turn|8\n|\n|t:|1700781967\n|move|p1a: Spikey Guy|Thunder Wave|p2a: Pioneer\n|-status|p2a: Pioneer|par\n|move|p2a: Pioneer|Trick Room|p2a: Pioneer\n|-fieldstart|move: Trick Room|[of] p2a: Pioneer\n|\n|upkeep\n|turn|9\n|\n|t:|1700781973\n|switch|p2a: Valentina|Mawile, F|100\/100\n|-ability|p2a: Valentina|Intimidate|boost\n|-unboost|p1a: Spikey Guy|atk|1\n|move|p1a: Spikey Guy|Trick Room|p1a: Spikey Guy\n|-fieldend|move: Trick Room\n|\n|upkeep\n|turn|10\n|\n|t:|1700781980\n|detailschange|p2a: Valentina|Mawile-Mega, F\n|-mega|p2a: Valentina|Mawile|Mawilite\n|move|p1a: Spikey Guy|Thunder Wave|p2a: Valentina\n|-status|p2a: Valentina|par\n|move|p2a: Valentina|Play Rough|p1a: Spikey Guy\n|-damage|p1a: Spikey Guy|0 fnt\n|faint|p1a: Spikey Guy\n|\n|upkeep\n|\n|t:|1700781986\n|switch|p1a: Bug Lizard|Eternatus|75\/100\n|-damage|p1a: Bug Lizard|62\/100|[from] Stealth Rock\n|-ability|p1a: Bug Lizard|Pressure\n|turn|11\n|\n|t:|1700781989\n|switch|p2a: Pioneer|Dialga|100\/100 par\n|-ability|p2a: Pioneer|Pressure\n|move|p1a: Bug Lizard|Flamethrower|p2a: Pioneer\n|-damage|p2a: Pioneer|63\/100 par\n|-damage|p1a: Bug Lizard|52\/100|[from] item: Life Orb\n|\n|upkeep\n|turn|12\n|\n|t:|1700781995\n|move|p1a: Bug Lizard|Dynamax Cannon|p2a: Pioneer\n|-damage|p2a: Pioneer|0 fnt\n|faint|p2a: Pioneer\n|-damage|p1a: Bug Lizard|42\/100|[from] item: Life Orb\n|\n|upkeep\n|\n|t:|1700782009\n|switch|p2a: Mir|Klefki, F|100\/100\n|turn|13\n|\n|t:|1700782012\n|move|p1a: Bug Lizard|Flamethrower|p2a: Mir\n|-supereffective|p2a: Mir\n|-damage|p2a: Mir|1\/100\n|-damage|p1a: Bug Lizard|32\/100|[from] item: Life Orb\n|move|p2a: Mir|Trick Room|p2a: Mir\n|-fieldstart|move: Trick Room|[of] p2a: Mir\n|\n|upkeep\n|turn|14\n|\n|t:|1700782015\n|move|p2a: Mir|Steel Beam|p1a: Bug Lizard\n|-damage|p1a: Bug Lizard|0 fnt\n|-damage|p2a: Mir|0 fnt|[from] steelbeam\n|faint|p2a: Mir\n|faint|p1a: Bug Lizard\n|\n|upkeep\n|\n|t:|1700782018\n|switch|p2a: Valentina|Mawile-Mega, F|100\/100 par\n|switch|p1a: Spinach Sheet|Zygarde|100\/100\n|-damage|p1a: Spinach Sheet|94\/100|[from] Stealth Rock\n|turn|15\n|\n|t:|1700782022\n|move|p2a: Valentina|Play Rough|p1a: Spinach Sheet\n|-supereffective|p1a: Spinach Sheet\n|-damage|p1a: Spinach Sheet|0 fnt\n|faint|p1a: Spinach Sheet\n|\n|upkeep\n|\n|t:|1700782026\n|switch|p1a: Spinach Noodle|Rayquaza|100\/100\n|-ability|p1a: Spinach Noodle|Air Lock\n|turn|16\n|\n|t:|1700782029\n|move|p2a: Valentina|Play Rough|p1a: Spinach Noodle\n|-supereffective|p1a: Spinach Noodle\n|-damage|p1a: Spinach Noodle|0 fnt\n|faint|p1a: Spinach Noodle\n|\n|upkeep\n|\n|t:|1700782032\n|switch|p1a: Horse Guy|Palkia-Origin|100\/100\n|-damage|p1a: Horse Guy|88\/100|[from] Stealth Rock\n|-ability|p1a: Horse Guy|Pressure\n|turn|17\n|\n|t:|1700782035\n|move|p2a: Valentina|Play Rough|p1a: Horse Guy\n|-supereffective|p1a: Horse Guy\n|-damage|p1a: Horse Guy|0 fnt\n|faint|p1a: Horse Guy\n|\n|win|straightoutta14BC\n|n|\u2606DerpyAchoque|derpyachoque\n|n|\u2606straightoutta14BC|straightoutta14bc\n|n| Franko159|franko159\n|n| galaxystudios370|galaxystudios370\n","uploadtime":1700782036,"views":4,"p1id":"derpyachoque","p2id":"straightoutta14bc","formatid":"gen9nationaldexubers","rating":0,"private":0,"password":""}