{"id":"gen9nationaldexubers-1981670576","p1":"lukito222","p2":"KingoftheTitans","format":"[Gen 9] National Dex Ubers","log":"|j|\u2606lukito222\n|j|\u2606KingoftheTitans\n|t:|1698932217\n|gametype|singles\n|player|p1|lukito222|kieran-festival|1114\n|player|p2|KingoftheTitans|170|1316\n|teamsize|p1|6\n|teamsize|p2|6\n|gen|9\n|tier|[Gen 9] National Dex Ubers\n|rated|\n|rule|HP Percentage Mod: HP is shown in percentages\n|rule|Endless Battle Clause: Forcing endless battles is banned\n|rule|OHKO Clause: OHKO moves are banned\n|rule|Evasion Moves Clause: Evasion moves are banned\n|rule|Evasion Items Clause: Evasion items are banned\n|rule|Species Clause: Limit one of each Pok\u00e9mon\n|rule|Sleep Clause Mod: Limit one foe put to sleep\n|rule|Mega Rayquaza Clause: You cannot mega evolve Rayquaza\n|clearpoke\n|poke|p1|Kyogre|\n|poke|p1|Zygarde|\n|poke|p1|Regieleki|\n|poke|p1|Espathra, F|\n|poke|p1|Blaziken, M|\n|poke|p1|Xerneas-*|\n|poke|p2|Deoxys-Speed|\n|poke|p2|Mewtwo|\n|poke|p2|Calyrex-Ice|\n|poke|p2|Ho-Oh|\n|poke|p2|Dragapult, M|\n|poke|p2|Kyurem-Black|\n|teampreview\n|inactive|Battle timer is ON: inactive players will automatically lose when time's up. (requested by lukito222)\n|\n|t:|1698932226\n|start\n|switch|p1a: Xerneas|Xerneas, shiny|100\/100\n|switch|p2a: Deoxys|Deoxys-Speed, shiny|100\/100\n|-ability|p2a: Deoxys|Pressure\n|-ability|p1a: Xerneas|Fairy Aura\n|turn|1\n|\n|t:|1698932235\n|move|p2a: Deoxys|Taunt|p1a: Xerneas\n|-start|p1a: Xerneas|move: Taunt\n|cant|p1a: Xerneas|move: Taunt|Geomancy\n|\n|upkeep\n|turn|2\n|\n|t:|1698932239\n|move|p2a: Deoxys|Stealth Rock|p1a: Xerneas\n|-sidestart|p1: lukito222|move: Stealth Rock\n|move|p1a: Xerneas|Moonblast|p2a: Deoxys\n|-damage|p2a: Deoxys|17\/100\n|\n|upkeep\n|turn|3\n|\n|t:|1698932245\n|move|p2a: Deoxys|Knock Off|p1a: Xerneas\n|-resisted|p1a: Xerneas\n|-damage|p1a: Xerneas|91\/100\n|-enditem|p1a: Xerneas|Focus Sash|[from] move: Knock Off|[of] p2a: Deoxys\n|move|p1a: Xerneas|Moonblast|p2a: Deoxys\n|-damage|p2a: Deoxys|0 fnt\n|faint|p2a: Deoxys\n|\n|-end|p1a: Xerneas|move: Taunt\n|upkeep\n|\n|t:|1698932255\n|switch|p2a: Calyrex|Calyrex-Ice|100\/100\n|-ability|p2a: Calyrex|As One\n|-ability|p2a: Calyrex|Unnerve\n|turn|4\n|\n|t:|1698932260\n|move|p1a: Xerneas|Flash Cannon|p2a: Calyrex\n|-supereffective|p2a: Calyrex\n|-damage|p2a: Calyrex|62\/100\n|-enditem|p2a: Calyrex|Weakness Policy\n|-boost|p2a: Calyrex|atk|2|[from] item: Weakness Policy\n|-boost|p2a: Calyrex|spa|2|[from] item: Weakness Policy\n|move|p2a: Calyrex|Trick Room|p2a: Calyrex\n|-fieldstart|move: Trick Room|[of] p2a: Calyrex\n|\n|upkeep\n|turn|5\n|\n|t:|1698932269\n|move|p2a: Calyrex|Glacial Lance|p1a: Xerneas\n|-damage|p1a: Xerneas|0 fnt\n|faint|p1a: Xerneas\n|-ability|p2a: Calyrex|Chilling Neigh|boost\n|-boost|p2a: Calyrex|atk|1\n|\n|upkeep\n|\n|t:|1698932282\n|switch|p1a: Zygarde|Zygarde, shiny|100\/100\n|-damage|p1a: Zygarde|94\/100|[from] Stealth Rock\n|turn|6\n|\n|t:|1698932294\n|-terastallize|p1a: Zygarde|Steel\n|move|p2a: Calyrex|Glacial Lance|p1a: Zygarde\n|-resisted|p1a: Zygarde\n|-damage|p1a: Zygarde|15\/100\n|move|p1a: Zygarde|Iron Tail|p2a: Calyrex|[miss]\n|-miss|p1a: Zygarde|p2a: Calyrex\n|\n|-heal|p1a: Zygarde|22\/100|[from] item: Leftovers\n|-activate|p1a: Zygarde|ability: Power Construct\n|detailschange|p1a: Zygarde|Zygarde-Complete, shiny, tera:Steel\n|-heal|p1a: Zygarde|51\/100|[silent]\n|upkeep\n|turn|7\n|\n|t:|1698932307\n|move|p2a: Calyrex|High Horsepower|p1a: Zygarde\n|-supereffective|p1a: Zygarde\n|-damage|p1a: Zygarde|0 fnt\n|faint|p1a: Zygarde\n|-ability|p2a: Calyrex|Chilling Neigh|boost\n|-boost|p2a: Calyrex|atk|1\n|\n|upkeep\n|\n|t:|1698932324\n|switch|p1a: Espathra|Espathra, F, shiny|100\/100\n|-damage|p1a: Espathra|88\/100|[from] Stealth Rock\n|turn|8\n|\n|t:|1698932329\n|move|p2a: Calyrex|Glacial Lance|p1a: Espathra\n|-damage|p1a: Espathra|0 fnt\n|faint|p1a: Espathra\n|-ability|p2a: Calyrex|Chilling Neigh|boost\n|-boost|p2a: Calyrex|atk|1\n|\n|-fieldend|move: Trick Room\n|upkeep\n|\n|t:|1698932337\n|switch|p1a: Regieleki|Regieleki|100\/100\n|-damage|p1a: Regieleki|88\/100|[from] Stealth Rock\n|turn|9\n|\n|t:|1698932342\n|move|p1a: Regieleki|Thunder Cage|p2a: Calyrex\n|-damage|p2a: Calyrex|33\/100\n|-activate|p2a: Calyrex|move: Thunder Cage|[of] p1a: Regieleki\n|move|p2a: Calyrex|Trick Room|p2a: Calyrex\n|-fieldstart|move: Trick Room|[of] p2a: Calyrex\n|\n|-heal|p1a: Regieleki|94\/100|[from] item: Leftovers\n|-damage|p2a: Calyrex|21\/100|[from] move: Thunder Cage|[partiallytrapped]\n|upkeep\n|turn|10\n|\n|t:|1698932351\n|move|p2a: Calyrex|Glacial Lance|p1a: Regieleki\n|-damage|p1a: Regieleki|0 fnt\n|faint|p1a: Regieleki\n|-ability|p2a: Calyrex|Chilling Neigh|boost\n|-boost|p2a: Calyrex|atk|1\n|\n|-end|p2a: Calyrex|Thunder Cage|[partiallytrapped]|[silent]\n|upkeep\n|\n|t:|1698932357\n|switch|p1a: Blaziken|Blaziken, M|100\/100\n|-damage|p1a: Blaziken|88\/100|[from] Stealth Rock\n|turn|11\n|\n|t:|1698932367\n|detailschange|p1a: Blaziken|Blaziken-Mega, M\n|-mega|p1a: Blaziken|Blaziken|Blazikenite\n|move|p1a: Blaziken|Protect|p1a: Blaziken\n|-singleturn|p1a: Blaziken|Protect\n|move|p2a: Calyrex|Glacial Lance|p1a: Blaziken\n|-activate|p1a: Blaziken|move: Protect\n|\n|-ability|p1a: Blaziken|Speed Boost|boost\n|-boost|p1a: Blaziken|spe|1\n|upkeep\n|turn|12\n|\n|t:|1698932383\n|move|p2a: Calyrex|Glacial Lance|p1a: Blaziken\n|-resisted|p1a: Blaziken\n|-damage|p1a: Blaziken|0 fnt\n|faint|p1a: Blaziken\n|\n|upkeep\n|\n|t:|1698932390\n|switch|p1a: Kyogre|Kyogre, shiny|100\/100\n|-damage|p1a: Kyogre|88\/100|[from] Stealth Rock\n|detailschange|p1a: Kyogre|Kyogre-Primal, shiny\n|-primal|p1a: Kyogre|Blue Orb\n|-weather|PrimordialSea|[from] ability: Primordial Sea|[of] p1a: Kyogre\n|turn|13\n|\n|t:|1698932402\n|move|p2a: Calyrex|Glacial Lance|p1a: Kyogre\n|-resisted|p1a: Kyogre\n|-damage|p1a: Kyogre|0 fnt\n|faint|p1a: Kyogre\n|-weather|none\n|\n|win|KingoftheTitans\n|raw|lukito222's rating: 1114 &rarr; <strong>1102<\/strong><br \/>(-12 for losing)\n|raw|KingoftheTitans's rating: 1316 &rarr; <strong>1326<\/strong><br \/>(+10 for winning)\n","uploadtime":1698932408,"views":6,"p1id":"lukito222","p2id":"kingofthetitans","formatid":"gen9nationaldexubers","rating":1102,"private":0,"password":""}