{"id":"gen9nationaldexubers-1998531161","p1":"xikeso","p2":"09-10a","format":"[Gen 9] National Dex Ubers","log":"|j|\u2606xikeso\n|j|\u260609-10a\n|t:|1700952924\n|gametype|singles\n|player|p1|xikeso|iono|1505\n|player|p2|09-10a|schoolkid-gen4dp|1867\n|teamsize|p1|6\n|teamsize|p2|6\n|gen|9\n|tier|[Gen 9] National Dex Ubers\n|rated|\n|rule|HP Percentage Mod: HP is shown in percentages\n|rule|Endless Battle Clause: Forcing endless battles is banned\n|rule|OHKO Clause: OHKO moves are banned\n|rule|Evasion Moves Clause: Evasion moves are banned\n|rule|Evasion Items Clause: Evasion items are banned\n|rule|Species Clause: Limit one of each Pok\u00e9mon\n|rule|Sleep Clause Mod: Limit one foe put to sleep\n|rule|Mega Rayquaza Clause: You cannot mega evolve Rayquaza\n|clearpoke\n|poke|p1|Shuckle, F|\n|poke|p1|Kyurem-White|\n|poke|p1|Urshifu-*, F|\n|poke|p1|Gholdengo|\n|poke|p1|Ho-Oh|\n|poke|p1|Arceus|\n|poke|p2|Scolipede, F|\n|poke|p2|Marshadow|\n|poke|p2|Arceus|\n|poke|p2|Necrozma-Dusk-Mane|\n|poke|p2|Zygarde|\n|poke|p2|Kyogre|\n|teampreview\n|inactive|Battle timer is ON: inactive players will automatically lose when time's up. (requested by 09-10a)\n|inactive|xikeso also wants the timer to be on.\n|\n|t:|1700952944\n|start\n|switch|p1a: Gholdengo|Gholdengo|100\/100\n|switch|p2a: Scolipede|Scolipede, F, shiny|100\/100\n|turn|1\n|\n|t:|1700952952\n|move|p2a: Scolipede|Toxic Spikes|p1a: Gholdengo\n|-sidestart|p1: xikeso|move: Toxic Spikes\n|move|p1a: Gholdengo|Substitute|p1a: Gholdengo\n|-start|p1a: Gholdengo|Substitute\n|-damage|p1a: Gholdengo|76\/100\n|\n|-heal|p1a: Gholdengo|82\/100|[from] item: Leftovers\n|-ability|p2a: Scolipede|Speed Boost|boost\n|-boost|p2a: Scolipede|spe|1\n|upkeep\n|turn|2\n|\n|t:|1700952963\n|switch|p2a: Kyogre|Kyogre, shiny|100\/100\n|detailschange|p2a: Kyogre|Kyogre-Primal, shiny\n|-primal|p2a: Kyogre|Blue Orb\n|-weather|PrimordialSea|[from] ability: Primordial Sea|[of] p2a: Kyogre\n|move|p1a: Gholdengo|Shadow Ball|p2a: Kyogre\n|-crit|p2a: Kyogre\n|-damage|p2a: Kyogre|66\/100\n|\n|-weather|PrimordialSea|[upkeep]\n|-heal|p1a: Gholdengo|88\/100|[from] item: Leftovers\n|upkeep\n|turn|3\n|\n|t:|1700952977\n|move|p2a: Kyogre|Origin Pulse|p1a: Gholdengo|[miss]\n|-miss|p2a: Kyogre|p1a: Gholdengo\n|move|p1a: Gholdengo|Shadow Ball|p2a: Kyogre\n|-damage|p2a: Kyogre|40\/100\n|\n|-weather|PrimordialSea|[upkeep]\n|-heal|p1a: Gholdengo|94\/100|[from] item: Leftovers\n|upkeep\n|turn|4\n|\n|t:|1700952988\n|move|p2a: Kyogre|Thunder|p1a: Gholdengo\n|-end|p1a: Gholdengo|Substitute\n|move|p1a: Gholdengo|Shadow Ball|p2a: Kyogre\n|-damage|p2a: Kyogre|15\/100\n|\n|-weather|PrimordialSea|[upkeep]\n|-heal|p1a: Gholdengo|99\/100|[from] item: Leftovers\n|upkeep\n|turn|5\n|inactive|xikeso has 120 seconds left.\n|\n|t:|1700953026\n|switch|p1a: Arceus|Arceus|100\/100\n|-status|p1a: Arceus|psn\n|move|p2a: Kyogre|Origin Pulse|p1a: Arceus\n|-damage|p1a: Arceus|16\/100 psn\n|\n|-weather|PrimordialSea|[upkeep]\n|-damage|p1a: Arceus|4\/100 psn|[from] psn\n|upkeep\n|turn|6\n|inactive|xikeso has 120 seconds left.\n|\n|t:|1700953044\n|move|p1a: Arceus|Will-O-Wisp|p2a: Kyogre\n|-status|p2a: Kyogre|brn\n|move|p2a: Kyogre|Calm Mind|p2a: Kyogre\n|-boost|p2a: Kyogre|spa|1\n|-boost|p2a: Kyogre|spd|1\n|\n|-weather|PrimordialSea|[upkeep]\n|-damage|p1a: Arceus|0 fnt|[from] psn\n|faint|p1a: Arceus\n|-damage|p2a: Kyogre|9\/100 brn|[from] brn\n|upkeep\n|\n|t:|1700953069\n|switch|p1a: Shuckle|Shuckle, F|100\/100\n|-status|p1a: Shuckle|psn\n|turn|7\n|\n|t:|1700953081\n|move|p2a: Kyogre|Origin Pulse|p1a: Shuckle\n|-supereffective|p1a: Shuckle\n|-ability|p1a: Shuckle|Sturdy\n|-damage|p1a: Shuckle|1\/100 psn\n|move|p1a: Shuckle|Sticky Web|p2a: Kyogre\n|-sidestart|p2: 09-10a|move: Sticky Web\n|\n|-weather|PrimordialSea|[upkeep]\n|-damage|p1a: Shuckle|0 fnt|[from] psn\n|faint|p1a: Shuckle\n|-damage|p2a: Kyogre|3\/100 brn|[from] brn\n|upkeep\n|inactive|xikeso has 90 seconds left.\n|\n|t:|1700953110\n|switch|p1a: Urshifu|Urshifu, F|100\/100\n|-status|p1a: Urshifu|psn\n|turn|8\n|\n|t:|1700953119\n|move|p1a: Urshifu|Sucker Punch|p2a: Kyogre\n|-damage|p2a: Kyogre|0 fnt\n|faint|p2a: Kyogre\n|-weather|none\n|\n|-damage|p1a: Urshifu|88\/100 psn|[from] psn\n|upkeep\n|\n|t:|1700953127\n|switch|p2a: Zygarde|Zygarde|100\/100\n|-activate|p2a: Zygarde|move: Sticky Web\n|-unboost|p2a: Zygarde|spe|1\n|turn|9\n|\n|t:|1700953134\n|-terastallize|p1a: Urshifu|Dark\n|move|p1a: Urshifu|Wicked Blow|p2a: Zygarde\n|-crit|p2a: Zygarde\n|-damage|p2a: Zygarde|32\/100\n|move|p2a: Zygarde|Dragon Dance|p2a: Zygarde\n|-boost|p2a: Zygarde|atk|1\n|-boost|p2a: Zygarde|spe|1\n|\n|-heal|p2a: Zygarde|38\/100|[from] item: Leftovers\n|-damage|p1a: Urshifu|76\/100 psn|[from] psn\n|-activate|p2a: Zygarde|ability: Power Construct\n|detailschange|p2a: Zygarde|Zygarde-Complete\n|-heal|p2a: Zygarde|62\/100|[silent]\n|upkeep\n|turn|10\n|inactive|xikeso has 90 seconds left.\n|\n|t:|1700953151\n|move|p1a: Urshifu|Wicked Blow|p2a: Zygarde\n|-crit|p2a: Zygarde\n|-damage|p2a: Zygarde|18\/100\n|move|p2a: Zygarde|Dragon Tail|p1a: Urshifu\n|-damage|p1a: Urshifu|38\/100 psn\n|drag|p1a: Ho-Oh|Ho-Oh, shiny|100\/100\n|\n|-heal|p2a: Zygarde|25\/100|[from] item: Leftovers\n|upkeep\n|turn|11\n|inactive|xikeso has 90 seconds left.\n|\n|t:|1700953172\n|move|p2a: Zygarde|Thousand Arrows|p1a: Ho-Oh\n|-damage|p1a: Ho-Oh|63\/100\n|-start|p1a: Ho-Oh|Smack Down\n|move|p1a: Ho-Oh|Defog|p2a: Zygarde\n|-unboost|p2a: Zygarde|evasion|1\n|-sideend|p2: 09-10a|Sticky Web|[from] move: Defog|[of] p1a: Ho-Oh\n|-sideend|p1: xikeso|Toxic Spikes|[from] move: Defog|[of] p1a: Ho-Oh\n|\n|-heal|p2a: Zygarde|31\/100|[from] item: Leftovers\n|upkeep\n|turn|12\n|\n|t:|1700953184\n|move|p2a: Zygarde|Substitute|p2a: Zygarde\n|-start|p2a: Zygarde|Substitute\n|-damage|p2a: Zygarde|6\/100\n|move|p1a: Ho-Oh|Recover|p1a: Ho-Oh\n|-heal|p1a: Ho-Oh|100\/100\n|\n|-heal|p2a: Zygarde|12\/100|[from] item: Leftovers\n|upkeep\n|turn|13\n|\n|t:|1700953193\n|move|p2a: Zygarde|Dragon Tail|p1a: Ho-Oh\n|-damage|p1a: Ho-Oh|77\/100\n|drag|p1a: Gholdengo|Gholdengo|99\/100\n|\n|-heal|p2a: Zygarde|18\/100|[from] item: Leftovers\n|-heal|p1a: Gholdengo|100\/100|[from] item: Leftovers\n|upkeep\n|turn|14\n|inactive|xikeso has 90 seconds left.\n|\n|t:|1700953208\n|move|p2a: Zygarde|Thousand Arrows|p1a: Gholdengo\n|-supereffective|p1a: Gholdengo\n|-damage|p1a: Gholdengo|5\/100\n|move|p1a: Gholdengo|Shadow Ball|p2a: Zygarde\n|-activate|p2a: Zygarde|move: Substitute|[damage]\n|\n|-heal|p2a: Zygarde|25\/100|[from] item: Leftovers\n|-heal|p1a: Gholdengo|11\/100|[from] item: Leftovers\n|upkeep\n|turn|15\n|\n|t:|1700953223\n|move|p2a: Zygarde|Thousand Arrows|p1a: Gholdengo\n|-supereffective|p1a: Gholdengo\n|-damage|p1a: Gholdengo|0 fnt\n|faint|p1a: Gholdengo\n|\n|-heal|p2a: Zygarde|31\/100|[from] item: Leftovers\n|upkeep\n|\n|t:|1700953226\n|switch|p1a: Urshifu|Urshifu, F, tera:Dark|38\/100 psn\n|turn|16\n|\n|t:|1700953237\n|move|p1a: Urshifu|Wicked Blow|p2a: Zygarde\n|-crit|p2a: Zygarde\n|-end|p2a: Zygarde|Substitute\n|move|p2a: Zygarde|Thousand Arrows|p1a: Urshifu\n|-damage|p1a: Urshifu|0 fnt\n|faint|p1a: Urshifu\n|\n|-heal|p2a: Zygarde|37\/100|[from] item: Leftovers\n|upkeep\n|inactive|xikeso has 90 seconds left.\n|\n|t:|1700953248\n|switch|p1a: Kyurem|Kyurem-White|100\/100\n|-ability|p1a: Kyurem|Turboblaze\n|turn|17\n|inactive|xikeso has 90 seconds left.\n|\n|t:|1700953266\n|move|p1a: Kyurem|Ice Beam|p2a: Zygarde\n|-supereffective|p2a: Zygarde\n|-damage|p2a: Zygarde|0 fnt\n|faint|p2a: Zygarde\n|\n|upkeep\n|\n|t:|1700953269\n|switch|p2a: Scolipede|Scolipede, F, shiny|100\/100\n|turn|18\n|\n|t:|1700953275\n|switch|p1a: Ho-Oh|Ho-Oh, shiny|100\/100\n|move|p2a: Scolipede|Rock Tomb|p1a: Ho-Oh\n|-supereffective|p1a: Ho-Oh\n|-damage|p1a: Ho-Oh|53\/100\n|-unboost|p1a: Ho-Oh|spe|1\n|\n|-ability|p2a: Scolipede|Speed Boost|boost\n|-boost|p2a: Scolipede|spe|1\n|upkeep\n|turn|19\n|\n|t:|1700953287\n|move|p2a: Scolipede|Spikes|p1a: Ho-Oh\n|-sidestart|p1: xikeso|Spikes\n|move|p1a: Ho-Oh|Sacred Fire|p2a: Scolipede\n|-supereffective|p2a: Scolipede\n|-enditem|p2a: Scolipede|Focus Sash\n|-damage|p2a: Scolipede|1\/100\n|\n|-ability|p2a: Scolipede|Speed Boost|boost\n|-boost|p2a: Scolipede|spe|1\n|upkeep\n|turn|20\n|\n|t:|1700953301\n|move|p2a: Scolipede|Endeavor|p1a: Ho-Oh\n|-damage|p1a: Ho-Oh|1\/100\n|move|p1a: Ho-Oh|Recover|p1a: Ho-Oh\n|-heal|p1a: Ho-Oh|51\/100\n|\n|-ability|p2a: Scolipede|Speed Boost|boost\n|-boost|p2a: Scolipede|spe|1\n|upkeep\n|turn|21\n|\n|t:|1700953312\n|move|p2a: Scolipede|Endeavor|p1a: Ho-Oh\n|-damage|p1a: Ho-Oh|1\/100\n|move|p1a: Ho-Oh|Recover|p1a: Ho-Oh\n|-heal|p1a: Ho-Oh|51\/100\n|\n|-ability|p2a: Scolipede|Speed Boost|boost\n|-boost|p2a: Scolipede|spe|1\n|upkeep\n|turn|22\n|\n|t:|1700953323\n|move|p2a: Scolipede|Endeavor|p1a: Ho-Oh\n|-damage|p1a: Ho-Oh|1\/100\n|move|p1a: Ho-Oh|Sacred Fire|p2a: Scolipede\n|-supereffective|p2a: Scolipede\n|-damage|p2a: Scolipede|0 fnt\n|faint|p2a: Scolipede\n|\n|upkeep\n|\n|t:|1700953327\n|switch|p2a: Marshadow|Marshadow|100\/100\n|turn|23\n|\n|t:|1700953335\n|move|p2a: Marshadow|Low Kick|p1a: Ho-Oh\n|-resisted|p1a: Ho-Oh\n|-damage|p1a: Ho-Oh|0 fnt\n|faint|p1a: Ho-Oh\n|-damage|p2a: Marshadow|91\/100|[from] item: Life Orb\n|\n|upkeep\n|\n|t:|1700953337\n|switch|p1a: Kyurem|Kyurem-White|100\/100\n|-damage|p1a: Kyurem|88\/100|[from] Spikes\n|-ability|p1a: Kyurem|Turboblaze\n|turn|24\n|\n|t:|1700953354\n|-terastallize|p2a: Marshadow|Ghost\n|move|p2a: Marshadow|Shadow Sneak|p1a: Kyurem\n|-damage|p1a: Kyurem|38\/100\n|-damage|p2a: Marshadow|81\/100|[from] item: Life Orb\n|move|p1a: Kyurem|Fusion Flare|p2a: Marshadow\n|-damage|p2a: Marshadow|2\/100\n|\n|upkeep\n|turn|25\n|\n|t:|1700953365\n|move|p2a: Marshadow|Shadow Sneak|p1a: Kyurem\n|-damage|p1a: Kyurem|0 fnt\n|faint|p1a: Kyurem\n|-damage|p2a: Marshadow|0 fnt|[from] item: Life Orb\n|faint|p2a: Marshadow\n|\n|win|09-10a\n|raw|xikeso's rating: 1505 &rarr; <strong>1501<\/strong><br \/>(-4 for losing)\n|raw|09-10a's rating: 1867 &rarr; <strong>1871<\/strong><br \/>(+4 for winning)\n","uploadtime":1700953376,"views":20,"p1id":"xikeso","p2id":"0910a","formatid":"gen9nationaldexubers","rating":1501,"private":0,"password":""}