{"id":"gen9nationaldexubers-1982873261","p1":"Girlhero","p2":"Z4d_Th3_0wl","format":"[Gen 9] National Dex Ubers","log":"|j|\u2606Girlhero\n|j|\u2606Z4d_Th3_0wl\n|t:|1699053570\n|gametype|singles\n|player|p1|Girlhero|iris|1182\n|player|p2|Z4d_Th3_0wl|hugh|1353\n|teamsize|p1|6\n|teamsize|p2|6\n|gen|9\n|tier|[Gen 9] National Dex Ubers\n|rated|\n|rule|HP Percentage Mod: HP is shown in percentages\n|rule|Endless Battle Clause: Forcing endless battles is banned\n|rule|OHKO Clause: OHKO moves are banned\n|rule|Evasion Moves Clause: Evasion moves are banned\n|rule|Evasion Items Clause: Evasion items are banned\n|rule|Species Clause: Limit one of each Pok\u00e9mon\n|rule|Sleep Clause Mod: Limit one foe put to sleep\n|rule|Mega Rayquaza Clause: You cannot mega evolve Rayquaza\n|clearpoke\n|poke|p1|Darmanitan-Galar, F|\n|poke|p1|Kyogre|\n|poke|p1|Salamence, F|\n|poke|p1|Zacian-*|\n|poke|p1|Groudon|\n|poke|p1|Arceus-Fairy|\n|poke|p2|Togedemaru, L1, M|\n|poke|p2|Lopunny, F|\n|poke|p2|Taillow, L1, F|\n|poke|p2|Kyogre|\n|poke|p2|Hippowdon, L1, F|\n|poke|p2|Marshadow|\n|teampreview\n|\n|t:|1699053583\n|start\n|switch|p1a: Groudon|Groudon|100\/100\n|switch|p2a: Marshadow|Marshadow|100\/100\n|detailschange|p1a: Groudon|Groudon-Primal\n|-primal|p1a: Groudon|Red Orb\n|-weather|DesolateLand|[from] ability: Desolate Land|[of] p1a: Groudon\n|turn|1\n|\n|t:|1699053595\n|move|p2a: Marshadow|Swagger|p1a: Groudon\n|-boost|p1a: Groudon|atk|2\n|-enditem|p2a: Marshadow|Mirror Herb\n|-boost|p2a: Marshadow|atk|2|[from] item: Mirror Herb\n|-start|p1a: Groudon|confusion\n|-activate|p1a: Groudon|confusion\n|move|p1a: Groudon|Toxic|p2a: Marshadow\n|-status|p2a: Marshadow|tox\n|\n|-weather|DesolateLand|[upkeep]\n|-damage|p2a: Marshadow|94\/100 tox|[from] psn\n|upkeep\n|turn|2\n|\n|t:|1699053606\n|move|p2a: Marshadow|Spectral Thief||[still]\n|-clearpositiveboost|p1a: Groudon|p2a: Marshadow|move: Spectral Thief\n|-boost|p2a: Marshadow|atk|2\n|-anim|p2a: Marshadow|Spectral Thief|p1a: Groudon\n|-damage|p1a: Groudon|38\/100\n|-activate|p1a: Groudon|confusion\n|move|p1a: Groudon|Precipice Blades|p2a: Marshadow|[miss]\n|-miss|p1a: Groudon|p2a: Marshadow\n|\n|-weather|DesolateLand|[upkeep]\n|-damage|p2a: Marshadow|82\/100 tox|[from] psn\n|upkeep\n|turn|3\n|\n|t:|1699053618\n|move|p2a: Marshadow|Drain Punch|p1a: Groudon\n|-damage|p1a: Groudon|0 fnt\n|-heal|p2a: Marshadow|100\/100 tox|[from] drain|[of] p1a: Groudon\n|faint|p1a: Groudon\n|-weather|none\n|\n|-damage|p2a: Marshadow|82\/100 tox|[from] psn\n|upkeep\n|\n|t:|1699053624\n|switch|p1a: Zacian|Zacian-Crowned|100\/100\n|-ability|p1a: Zacian|Intrepid Sword|boost\n|-boost|p1a: Zacian|atk|1\n|turn|4\n|\n|t:|1699053633\n|move|p2a: Marshadow|Shadow Sneak|p1a: Zacian\n|-damage|p1a: Zacian|20\/100\n|move|p1a: Zacian|Play Rough|p2a: Marshadow\n|-supereffective|p2a: Marshadow\n|-damage|p2a: Marshadow|0 fnt\n|faint|p2a: Marshadow\n|\n|upkeep\n|\n|t:|1699053642\n|switch|p2a: Kyogre|Kyogre|100\/100\n|-weather|RainDance|[from] ability: Drizzle|[of] p2a: Kyogre\n|turn|5\n|\n|t:|1699053651\n|switch|p1a: Kyogre|Kyogre|100\/100\n|detailschange|p1a: Kyogre|Kyogre-Primal\n|-primal|p1a: Kyogre|Blue Orb\n|-weather|PrimordialSea|[from] ability: Primordial Sea|[of] p1a: Kyogre\n|move|p2a: Kyogre|Water Spout|p1a: Kyogre\n|-resisted|p1a: Kyogre\n|-damage|p1a: Kyogre|54\/100\n|\n|-weather|PrimordialSea|[upkeep]\n|upkeep\n|turn|6\n|\n|t:|1699053661\n|switch|p2a: Hippowdon|Hippowdon, L1, F|100\/100\n|-ability|p2a: Hippowdon|Sand Stream|[from] primordialsea|[fail]\n|move|p1a: Kyogre|Thunder|p2a: Hippowdon\n|-immune|p2a: Hippowdon\n|\n|-weather|PrimordialSea|[upkeep]\n|upkeep\n|turn|7\n|\n|t:|1699053667\n|move|p1a: Kyogre|Origin Pulse|p2a: Hippowdon\n|-supereffective|p2a: Hippowdon\n|-enditem|p2a: Hippowdon|Focus Sash\n|-damage|p2a: Hippowdon|8\/100\n|move|p2a: Hippowdon|Stealth Rock|p1a: Kyogre\n|-sidestart|p1: Girlhero|move: Stealth Rock\n|\n|-weather|PrimordialSea|[upkeep]\n|upkeep\n|turn|8\n|\n|t:|1699053678\n|move|p1a: Kyogre|Ice Beam|p2a: Hippowdon\n|-supereffective|p2a: Hippowdon\n|-damage|p2a: Hippowdon|0 fnt\n|faint|p2a: Hippowdon\n|\n|-weather|PrimordialSea|[upkeep]\n|upkeep\n|\n|t:|1699053682\n|switch|p2a: Kyogre|Kyogre|100\/100\n|-ability|p2a: Kyogre|Drizzle|[from] primordialsea|[fail]\n|turn|9\n|\n|t:|1699053685\n|move|p2a: Kyogre|Thunder|p1a: Kyogre\n|-supereffective|p1a: Kyogre\n|-damage|p1a: Kyogre|0 fnt\n|faint|p1a: Kyogre\n|-weather|none\n|\n|upkeep\n|\n|t:|1699053698\n|switch|p1a: Salamence|Salamence, F|100\/100\n|-damage|p1a: Salamence|76\/100|[from] Stealth Rock\n|-ability|p1a: Salamence|Intimidate|boost\n|-unboost|p2a: Kyogre|atk|1\n|turn|10\n|\n|t:|1699053711\n|switch|p2a: Togedemaru|Togedemaru, L1, M|100\/100\n|detailschange|p1a: Salamence|Salamence-Mega, F\n|-mega|p1a: Salamence|Salamence|Salamencite\n|move|p1a: Salamence|Dragon Dance|p1a: Salamence\n|-boost|p1a: Salamence|atk|1\n|-boost|p1a: Salamence|spe|1\n|\n|upkeep\n|turn|11\n|\n|t:|1699053718\n|move|p1a: Salamence|Earthquake|p2a: Togedemaru\n|-supereffective|p2a: Togedemaru\n|-ability|p2a: Togedemaru|Sturdy\n|-damage|p2a: Togedemaru|9\/100\n|move|p2a: Togedemaru|Endeavor|p1a: Salamence\n|-damage|p1a: Salamence|1\/100\n|-heal|p2a: Togedemaru|100\/100|[from] item: Shell Bell|[of] p1a: Salamence\n|\n|upkeep\n|turn|12\n|\n|t:|1699053729\n|switch|p2a: Taillow|Taillow, L1, F|100\/100\n|move|p1a: Salamence|Body Slam|p2a: Taillow\n|-enditem|p2a: Taillow|Focus Sash\n|-damage|p2a: Taillow|10\/100\n|\n|upkeep\n|turn|13\n|c|\u2606Z4d_Th3_0wl|lol\n|\n|t:|1699053747\n|switch|p1a: Arceus|Arceus-Fairy|100\/100\n|-damage|p1a: Arceus|88\/100|[from] Stealth Rock\n|move|p2a: Taillow|Quick Attack|p1a: Arceus\n|-damage|p1a: Arceus|88\/100\n|\n|upkeep\n|turn|14\n|\n|t:|1699053759\n|move|p1a: Arceus|Judgment|p2a: Taillow\n|-damage|p2a: Taillow|0 fnt\n|faint|p2a: Taillow\n|\n|upkeep\n|\n|t:|1699053762\n|switch|p2a: Kyogre|Kyogre|100\/100\n|-weather|RainDance|[from] ability: Drizzle|[of] p2a: Kyogre\n|turn|15\n|\n|t:|1699053773\n|move|p2a: Kyogre|Water Spout|p1a: Arceus\n|-damage|p1a: Arceus|0 fnt\n|faint|p1a: Arceus\n|\n|-weather|RainDance|[upkeep]\n|upkeep\n|\n|t:|1699053786\n|switch|p1a: Zacian|Zacian-Crowned|20\/100\n|-damage|p1a: Zacian|13\/100|[from] Stealth Rock\n|turn|16\n|\n|t:|1699053791\n|move|p2a: Kyogre|Water Spout|p1a: Zacian\n|-damage|p1a: Zacian|0 fnt\n|faint|p1a: Zacian\n|\n|-weather|RainDance|[upkeep]\n|upkeep\n|\n|t:|1699053796\n|switch|p1a: Salamence|Salamence-Mega, F|1\/100\n|-damage|p1a: Salamence|0 fnt|[from] Stealth Rock\n|faint|p1a: Salamence\n|\n|t:|1699053801\n|switch|p1a: Darmanitan|Darmanitan-Galar, F|100\/100\n|-damage|p1a: Darmanitan|75\/100|[from] Stealth Rock\n|turn|17\n|\n|t:|1699053812\n|-terastallize|p1a: Darmanitan|Ice\n|move|p1a: Darmanitan|Icicle Crash|p2a: Kyogre\n|-resisted|p2a: Kyogre\n|-damage|p2a: Kyogre|44\/100\n|move|p2a: Kyogre|Water Spout|p1a: Darmanitan\n|-damage|p1a: Darmanitan|0 fnt\n|faint|p1a: Darmanitan\n|\n|win|Z4d_Th3_0wl\n|raw|Girlhero's rating: 1182 &rarr; <strong>1168<\/strong><br \/>(-14 for losing)\n|raw|Z4d_Th3_0wl's rating: 1353 &rarr; <strong>1364<\/strong><br \/>(+11 for winning)\n","uploadtime":1699053821,"views":4,"p1id":"girlhero","p2id":"z4dth30wl","formatid":"gen9nationaldexubers","rating":1168,"private":0,"password":""}