{"id":"gen9nationaldexubers-1978274563","p1":"pokegirl457","p2":"ktxr1ze","format":"[Gen 9] National Dex Ubers","log":"|j|\u2606pokegirl457\n|j|\u2606ktxr1ze\n|t:|1698519717\n|gametype|singles\n|player|p1|pokegirl457|265|1193\n|player|p2|ktxr1ze|steven|1306\n|teamsize|p1|6\n|teamsize|p2|6\n|gen|9\n|tier|[Gen 9] National Dex Ubers\n|rated|\n|rule|HP Percentage Mod: HP is shown in percentages\n|rule|Endless Battle Clause: Forcing endless battles is banned\n|rule|OHKO Clause: OHKO moves are banned\n|rule|Evasion Moves Clause: Evasion moves are banned\n|rule|Evasion Items Clause: Evasion items are banned\n|rule|Species Clause: Limit one of each Pok\u00e9mon\n|rule|Sleep Clause Mod: Limit one foe put to sleep\n|rule|Mega Rayquaza Clause: You cannot mega evolve Rayquaza\n|clearpoke\n|poke|p1|Necrozma-Dusk-Mane|\n|poke|p1|Dracovish|\n|poke|p1|Groudon|\n|poke|p1|Xerneas-*|\n|poke|p1|Zacian-*|\n|poke|p1|Giratina-Origin|\n|poke|p2|Manectric, M|\n|poke|p2|Clefable, F|\n|poke|p2|Skeledirge, F|\n|poke|p2|Landorus-Therian, M|\n|poke|p2|Mandibuzz, F|\n|poke|p2|Dracovish|\n|teampreview\n|\n|t:|1698519722\n|start\n|switch|p1a: Xerneas|Xerneas|100\/100\n|switch|p2a: Landorus|Landorus-Therian, M|100\/100\n|-ability|p2a: Landorus|Intimidate|boost\n|-unboost|p1a: Xerneas|atk|1\n|-ability|p1a: Xerneas|Fairy Aura\n|turn|1\n|\n|t:|1698519738\n|switch|p1a: Dracovish|Dracovish|100\/100\n|move|p2a: Landorus|U-turn|p1a: Dracovish\n|-damage|p1a: Dracovish|78\/100\n|\n|t:|1698519744\n|switch|p2a: Dracovish|Dracovish|100\/100|[from] U-turn\n|\n|upkeep\n|turn|2\n|\n|t:|1698519748\n|switch|p1a: Xerneas|Xerneas|100\/100\n|-ability|p1a: Xerneas|Fairy Aura\n|move|p2a: Dracovish|Outrage|p1a: Xerneas\n|-immune|p1a: Xerneas\n|\n|upkeep\n|turn|3\n|\n|t:|1698519800\n|switch|p2a: Manectric|Manectric, M, shiny|100\/100\n|move|p1a: Xerneas|Geomancy||[still]\n|-prepare|p1a: Xerneas|Geomancy\n|-enditem|p1a: Xerneas|Power Herb\n|-anim|p1a: Xerneas|Geomancy|p1a: Xerneas\n|-boost|p1a: Xerneas|spa|2\n|-boost|p1a: Xerneas|spd|2\n|-boost|p1a: Xerneas|spe|2\n|\n|upkeep\n|turn|4\n|\n|t:|1698519814\n|switch|p2a: Dracovish|Dracovish|100\/100\n|-terastallize|p1a: Xerneas|Fairy\n|move|p1a: Xerneas|Hidden Power|p2a: Dracovish\n|-damage|p2a: Dracovish|44\/100\n|\n|upkeep\n|turn|5\n|\n|t:|1698519819\n|move|p1a: Xerneas|Moonblast|p2a: Dracovish\n|-supereffective|p2a: Dracovish\n|-damage|p2a: Dracovish|0 fnt\n|faint|p2a: Dracovish\n|\n|upkeep\n|\n|t:|1698519824\n|switch|p2a: Skeledirge|Skeledirge, F, shiny|100\/100\n|turn|6\n|\n|t:|1698519830\n|move|p1a: Xerneas|Hidden Power|p2a: Skeledirge\n|-supereffective|p2a: Skeledirge\n|-damage|p2a: Skeledirge|61\/100\n|move|p2a: Skeledirge|Torch Song|p1a: Xerneas\n|-damage|p1a: Xerneas|77\/100\n|-boost|p2a: Skeledirge|spa|1\n|\n|-heal|p2a: Skeledirge|67\/100|[from] item: Leftovers\n|upkeep\n|turn|7\n|\n|t:|1698519836\n|switch|p1a: Dracovish|Dracovish|78\/100\n|move|p2a: Skeledirge|Slack Off|p2a: Skeledirge\n|-heal|p2a: Skeledirge|100\/100\n|\n|upkeep\n|turn|8\n|\n|t:|1698519845\n|switch|p2a: Clefable|Clefable, F|100\/100\n|move|p1a: Dracovish|Fishious Rend|p2a: Clefable\n|-damage|p2a: Clefable|25\/100\n|\n|-heal|p2a: Clefable|31\/100|[from] item: Leftovers\n|upkeep\n|turn|9\n|\n|t:|1698519855\n|move|p1a: Dracovish|Fishious Rend|p2a: Clefable\n|-damage|p2a: Clefable|0 fnt\n|faint|p2a: Clefable\n|\n|upkeep\n|\n|t:|1698519862\n|switch|p2a: Landorus|Landorus-Therian, M|100\/100\n|-ability|p2a: Landorus|Intimidate|boost\n|-unboost|p1a: Dracovish|atk|1\n|turn|10\n|\n|t:|1698519880\n|move|p2a: Landorus|Explosion|p1a: Dracovish\n|-damage|p1a: Dracovish|0 fnt\n|faint|p2a: Landorus\n|faint|p1a: Dracovish\n|\n|upkeep\n|\n|t:|1698519886\n|switch|p2a: Manectric|Manectric, M, shiny|100\/100\n|switch|p1a: Xerneas|Xerneas, tera:Fairy|77\/100\n|-ability|p1a: Xerneas|Fairy Aura\n|turn|11\n|\n|t:|1698519896\n|detailschange|p2a: Manectric|Manectric-Mega, M, shiny\n|-mega|p2a: Manectric|Manectric|Manectite\n|-ability|p2a: Manectric|Intimidate|boost\n|-unboost|p1a: Xerneas|atk|1\n|move|p2a: Manectric|Volt Switch|p1a: Xerneas\n|-damage|p1a: Xerneas|50\/100\n|\n|t:|1698519900\n|switch|p2a: Skeledirge|Skeledirge, F, shiny|100\/100|[from] Volt Switch\n|move|p1a: Xerneas|Hidden Power|p2a: Skeledirge\n|-supereffective|p2a: Skeledirge\n|-damage|p2a: Skeledirge|66\/100\n|\n|-heal|p2a: Skeledirge|72\/100|[from] item: Leftovers\n|upkeep\n|turn|12\n|\n|t:|1698519910\n|switch|p1a: Groudon|Groudon, shiny|100\/100\n|detailschange|p1a: Groudon|Groudon-Primal, shiny\n|-primal|p1a: Groudon|Red Orb\n|-weather|DesolateLand|[from] ability: Desolate Land|[of] p1a: Groudon\n|move|p2a: Skeledirge|Slack Off|p2a: Skeledirge\n|-heal|p2a: Skeledirge|100\/100\n|\n|-weather|DesolateLand|[upkeep]\n|upkeep\n|turn|13\n|\n|t:|1698519914\n|switch|p2a: Mandibuzz|Mandibuzz, F, shiny|100\/100\n|move|p1a: Groudon|Earthquake|p2a: Mandibuzz\n|-immune|p2a: Mandibuzz\n|\n|-weather|DesolateLand|[upkeep]\n|upkeep\n|turn|14\n|\n|t:|1698519941\n|-weather|none\n|switch|p1a: Zacian|Zacian-Crowned, shiny|100\/100\n|-ability|p1a: Zacian|Intrepid Sword|boost\n|-boost|p1a: Zacian|atk|1\n|move|p2a: Mandibuzz|Toxic|p1a: Zacian\n|-immune|p1a: Zacian\n|\n|upkeep\n|turn|15\n|\n|t:|1698519956\n|move|p1a: Zacian|Swords Dance|p1a: Zacian\n|-boost|p1a: Zacian|atk|2\n|move|p2a: Mandibuzz|Foul Play|p1a: Zacian\n|-resisted|p1a: Zacian\n|-damage|p1a: Zacian|24\/100\n|\n|upkeep\n|turn|16\n|\n|t:|1698519970\n|switch|p2a: Skeledirge|Skeledirge, F, shiny|100\/100\n|move|p1a: Zacian|Moonblast|p2a: Skeledirge\n|-resisted|p2a: Skeledirge\n|-damage|p2a: Skeledirge|90\/100\n|\n|-heal|p2a: Skeledirge|96\/100|[from] item: Leftovers\n|upkeep\n|turn|17\n|\n|t:|1698519982\n|switch|p1a: Giratina|Giratina-Origin, shiny|100\/100\n|move|p2a: Skeledirge|Substitute|p2a: Skeledirge\n|-start|p2a: Skeledirge|Substitute\n|-damage|p2a: Skeledirge|71\/100\n|\n|-heal|p2a: Skeledirge|77\/100|[from] item: Leftovers\n|upkeep\n|turn|18\n|\n|t:|1698519991\n|-terastallize|p2a: Skeledirge|Fire\n|move|p1a: Giratina|Poltergeist|p2a: Skeledirge\n|-activate|p2a: Skeledirge|move: Poltergeist|Leftovers\n|-end|p2a: Skeledirge|Substitute\n|move|p2a: Skeledirge|Torch Song|p1a: Giratina\n|-resisted|p1a: Giratina\n|-damage|p1a: Giratina|87\/100\n|-boost|p2a: Skeledirge|spa|1\n|\n|-heal|p2a: Skeledirge|83\/100|[from] item: Leftovers\n|upkeep\n|turn|19\n|\n|t:|1698519998\n|move|p1a: Giratina|Poltergeist|p2a: Skeledirge\n|-activate|p2a: Skeledirge|move: Poltergeist|Leftovers\n|-damage|p2a: Skeledirge|44\/100\n|move|p2a: Skeledirge|Shadow Ball|p1a: Giratina\n|-supereffective|p1a: Giratina\n|-damage|p1a: Giratina|24\/100\n|\n|-heal|p2a: Skeledirge|50\/100|[from] item: Leftovers\n|upkeep\n|turn|20\n|\n|t:|1698520005\n|move|p1a: Giratina|Poltergeist|p2a: Skeledirge\n|-activate|p2a: Skeledirge|move: Poltergeist|Leftovers\n|-damage|p2a: Skeledirge|10\/100\n|move|p2a: Skeledirge|Shadow Ball|p1a: Giratina\n|-supereffective|p1a: Giratina\n|-damage|p1a: Giratina|0 fnt\n|faint|p1a: Giratina\n|\n|-heal|p2a: Skeledirge|16\/100|[from] item: Leftovers\n|upkeep\n|\n|t:|1698520015\n|switch|p1a: Groudon|Groudon-Primal, shiny|100\/100\n|-weather|DesolateLand|[from] ability: Desolate Land|[of] p1a: Groudon\n|turn|21\n|\n|t:|1698520021\n|switch|p2a: Mandibuzz|Mandibuzz, F, shiny|100\/100\n|move|p1a: Groudon|Earthquake|p2a: Mandibuzz\n|-immune|p2a: Mandibuzz\n|\n|-weather|DesolateLand|[upkeep]\n|upkeep\n|turn|22\n|\n|t:|1698520026\n|-weather|none\n|switch|p1a: Xerneas|Xerneas, tera:Fairy|50\/100\n|-ability|p1a: Xerneas|Fairy Aura\n|move|p2a: Mandibuzz|Foul Play|p1a: Xerneas\n|-resisted|p1a: Xerneas\n|-damage|p1a: Xerneas|36\/100\n|\n|upkeep\n|turn|23\n|\n|t:|1698520031\n|move|p1a: Xerneas|Moonblast|p2a: Mandibuzz\n|-supereffective|p2a: Mandibuzz\n|-damage|p2a: Mandibuzz|0 fnt\n|faint|p2a: Mandibuzz\n|\n|upkeep\n|\n|t:|1698520035\n|switch|p2a: Skeledirge|Skeledirge, F, shiny, tera:Fire|16\/100\n|turn|24\n|\n|t:|1698520049\n|move|p1a: Xerneas|Hidden Power|p2a: Skeledirge\n|-supereffective|p2a: Skeledirge\n|-damage|p2a: Skeledirge|0 fnt\n|faint|p2a: Skeledirge\n|\n|upkeep\n|\n|t:|1698520054\n|switch|p2a: Manectric|Manectric-Mega, M, shiny|100\/100\n|-ability|p2a: Manectric|Intimidate|boost\n|-unboost|p1a: Xerneas|atk|1\n|turn|25\n|\n|t:|1698520058\n|move|p2a: Manectric|Thunderbolt|p1a: Xerneas\n|-damage|p1a: Xerneas|0 fnt\n|faint|p1a: Xerneas\n|\n|upkeep\n|\n|t:|1698520063\n|switch|p1a: Groudon|Groudon-Primal, shiny|100\/100\n|-weather|DesolateLand|[from] ability: Desolate Land|[of] p1a: Groudon\n|turn|26\n|c|\u2606pokegirl457|gg\n|\n|t:|1698520146\n|move|p2a: Manectric|Hidden Power|p1a: Groudon\n|-damage|p1a: Groudon|75\/100\n|move|p1a: Groudon|Earthquake|p2a: Manectric\n|-supereffective|p2a: Manectric\n|-damage|p2a: Manectric|0 fnt\n|faint|p2a: Manectric\n|\n|win|pokegirl457\n|raw|pokegirl457's rating: 1193 &rarr; <strong>1226<\/strong><br \/>(+33 for winning)\n|raw|ktxr1ze's rating: 1306 &rarr; <strong>1280<\/strong><br \/>(-26 for losing)\n","uploadtime":1698520155,"views":7,"p1id":"pokegirl457","p2id":"ktxr1ze","formatid":"gen9nationaldexubers","rating":1226,"private":0,"password":""}