{"id":"gen9nationaldexubers-1995667794","p1":"Hxhfhfhuuf","p2":"spitezone \u269d\u5f61","format":"[Gen 9] National Dex Ubers","log":"|j|\u2606Hxhfhfhuuf\n|j|\u2606spitezone \u269d\u5f61\n|t:|1700592292\n|gametype|singles\n|player|p1|Hxhfhfhuuf|266|1303\n|player|p2|spitezone \u269d\u5f61|psychic-gen2|1285\n|teamsize|p1|6\n|teamsize|p2|6\n|gen|9\n|tier|[Gen 9] National Dex Ubers\n|rated|\n|rule|HP Percentage Mod: HP is shown in percentages\n|rule|Endless Battle Clause: Forcing endless battles is banned\n|rule|OHKO Clause: OHKO moves are banned\n|rule|Evasion Moves Clause: Evasion moves are banned\n|rule|Evasion Items Clause: Evasion items are banned\n|rule|Species Clause: Limit one of each Pok\u00e9mon\n|rule|Sleep Clause Mod: Limit one foe put to sleep\n|rule|Mega Rayquaza Clause: You cannot mega evolve Rayquaza\n|clearpoke\n|poke|p1|Smeargle, F|\n|poke|p1|Deoxys-Attack|\n|poke|p1|Groudon|\n|poke|p1|Zacian-*|\n|poke|p1|Marshadow|\n|poke|p1|Xerneas-*|\n|poke|p2|Chansey, F|\n|poke|p2|Dondozo, F|\n|poke|p2|Ho-Oh|\n|poke|p2|Cresselia, F|\n|poke|p2|Dusclops, M|\n|poke|p2|Bisharp, M|\n|teampreview\n|inactive|Battle timer is ON: inactive players will automatically lose when time's up. (requested by spitezone \u269d\u5f61)\n|inactive|Hxhfhfhuuf also wants the timer to be on.\n|\n|t:|1700592301\n|start\n|switch|p1a: Smeargle|Smeargle, F, shiny|100\/100\n|switch|p2a: damn son|Bisharp, M, shiny|100\/100\n|-ability|p2a: damn son|Pressure\n|turn|1\n|\n|t:|1700592303\n|move|p1a: Smeargle|Spore|p2a: damn son\n|-status|p2a: damn son|slp|[from] move: Spore\n|cant|p2a: damn son|slp\n|\n|-ability|p1a: Smeargle|Moody|boost\n|-boost|p1a: Smeargle|atk|2\n|-unboost|p1a: Smeargle|def|1\n|upkeep\n|turn|2\n|\n|t:|1700592309\n|move|p1a: Smeargle|Stealth Rock|p2a: damn son\n|-sidestart|p2: spitezone \u269d\u5f61|move: Stealth Rock\n|cant|p2a: damn son|slp\n|\n|-ability|p1a: Smeargle|Moody|boost\n|-boost|p1a: Smeargle|def|2\n|-unboost|p1a: Smeargle|spd|1\n|upkeep\n|turn|3\n|\n|t:|1700592310\n|move|p1a: Smeargle|Sticky Web|p2a: damn son\n|-sidestart|p2: spitezone \u269d\u5f61|move: Sticky Web\n|-curestatus|p2a: damn son|slp|[msg]\n|move|p2a: damn son|Mean Look|p1a: Smeargle\n|-activate|p1a: Smeargle|trapped\n|\n|-ability|p1a: Smeargle|Moody|boost\n|-boost|p1a: Smeargle|spe|2\n|-unboost|p1a: Smeargle|def|1\n|upkeep\n|turn|4\n|\n|t:|1700592317\n|move|p1a: Smeargle|Destiny Bond|p1a: Smeargle\n|-singlemove|p1a: Smeargle|Destiny Bond\n|move|p2a: damn son|Iron Defense|p2a: damn son\n|-boost|p2a: damn son|def|2\n|\n|-ability|p1a: Smeargle|Moody|boost\n|-boost|p1a: Smeargle|atk|2\n|-unboost|p1a: Smeargle|spe|1\n|upkeep\n|turn|5\n|\n|t:|1700592326\n|move|p1a: Smeargle|Stealth Rock||[still]\n|-fail|p1a: Smeargle\n|move|p2a: damn son|Iron Defense|p2a: damn son\n|-boost|p2a: damn son|def|2\n|\n|-ability|p1a: Smeargle|Moody|boost\n|-boost|p1a: Smeargle|def|2\n|-unboost|p1a: Smeargle|spa|1\n|upkeep\n|turn|6\n|\n|t:|1700592333\n|move|p1a: Smeargle|Destiny Bond|p1a: Smeargle\n|-singlemove|p1a: Smeargle|Destiny Bond\n|move|p2a: damn son|Iron Defense|p2a: damn son\n|-boost|p2a: damn son|def|2\n|\n|-ability|p1a: Smeargle|Moody|boost\n|-boost|p1a: Smeargle|spa|2\n|-unboost|p1a: Smeargle|spd|1\n|upkeep\n|turn|7\n|\n|t:|1700592337\n|move|p1a: Smeargle|Stealth Rock||[still]\n|-fail|p1a: Smeargle\n|move|p2a: damn son|Spite|p1a: Smeargle\n|-activate|p1a: Smeargle|move: Spite|Stealth Rock|4\n|\n|-ability|p1a: Smeargle|Moody|boost\n|-boost|p1a: Smeargle|atk|2\n|-unboost|p1a: Smeargle|def|1\n|upkeep\n|turn|8\n|\n|t:|1700592347\n|move|p1a: Smeargle|Stealth Rock||[still]\n|-fail|p1a: Smeargle\n|move|p2a: damn son|Spite|p1a: Smeargle\n|-activate|p1a: Smeargle|move: Spite|Stealth Rock|4\n|\n|-ability|p1a: Smeargle|Moody|boost\n|-boost|p1a: Smeargle|spa|2\n|-unboost|p1a: Smeargle|atk|1\n|upkeep\n|turn|9\n|\n|t:|1700592349\n|move|p1a: Smeargle|Sticky Web||[still]\n|-fail|p1a: Smeargle\n|move|p2a: damn son|Spite|p1a: Smeargle\n|-activate|p1a: Smeargle|move: Spite|Sticky Web|4\n|\n|-ability|p1a: Smeargle|Moody|boost\n|-boost|p1a: Smeargle|atk|1\n|-unboost|p1a: Smeargle|spd|1\n|upkeep\n|turn|10\n|\n|t:|1700592357\n|move|p1a: Smeargle|Stealth Rock||[still]\n|-fail|p1a: Smeargle\n|move|p2a: damn son|Spite|p1a: Smeargle\n|-activate|p1a: Smeargle|move: Spite|Stealth Rock|4\n|\n|-ability|p1a: Smeargle|Moody|boost\n|-boost|p1a: Smeargle|spd|2\n|-unboost|p1a: Smeargle|spe|1\n|upkeep\n|turn|11\n|\n|t:|1700592360\n|move|p1a: Smeargle|Stealth Rock||[still]\n|-fail|p1a: Smeargle\n|move|p2a: damn son|Spite|p1a: Smeargle\n|-activate|p1a: Smeargle|move: Spite|Stealth Rock|4\n|\n|-ability|p1a: Smeargle|Moody|boost\n|-boost|p1a: Smeargle|spd|2\n|-unboost|p1a: Smeargle|spa|1\n|upkeep\n|turn|12\n|\n|t:|1700592366\n|move|p1a: Smeargle|Stealth Rock||[still]\n|-fail|p1a: Smeargle\n|move|p2a: damn son|Iron Defense|p2a: damn son\n|-boost|p2a: damn son|def|0\n|\n|-ability|p1a: Smeargle|Moody|boost\n|-boost|p1a: Smeargle|spe|2\n|-unboost|p1a: Smeargle|def|1\n|upkeep\n|turn|13\n|\n|t:|1700592368\n|move|p1a: Smeargle|Stealth Rock||[still]\n|-fail|p1a: Smeargle\n|move|p2a: damn son|Iron Defense|p2a: damn son\n|-boost|p2a: damn son|def|0\n|\n|-ability|p1a: Smeargle|Moody|boost\n|-boost|p1a: Smeargle|spe|2\n|-unboost|p1a: Smeargle|def|1\n|upkeep\n|turn|14\n|\n|t:|1700592370\n|move|p1a: Smeargle|Sticky Web||[still]\n|-fail|p1a: Smeargle\n|move|p2a: damn son|Spite|p1a: Smeargle\n|-activate|p1a: Smeargle|move: Spite|Sticky Web|4\n|\n|-ability|p1a: Smeargle|Moody|boost\n|-boost|p1a: Smeargle|spd|2\n|-unboost|p1a: Smeargle|spa|1\n|upkeep\n|turn|15\n|\n|t:|1700592375\n|move|p1a: Smeargle|Sticky Web||[still]\n|-fail|p1a: Smeargle\n|move|p2a: damn son|Spite|p1a: Smeargle\n|-activate|p1a: Smeargle|move: Spite|Sticky Web|4\n|\n|-ability|p1a: Smeargle|Moody|boost\n|-boost|p1a: Smeargle|spd|2\n|-unboost|p1a: Smeargle|spa|1\n|upkeep\n|turn|16\n|\n|t:|1700592379\n|move|p1a: Smeargle|Sticky Web||[still]\n|-fail|p1a: Smeargle\n|move|p2a: damn son|Spite|p1a: Smeargle\n|-activate|p1a: Smeargle|move: Spite|Sticky Web|4\n|\n|-ability|p1a: Smeargle|Moody|boost\n|-boost|p1a: Smeargle|spd|1\n|-unboost|p1a: Smeargle|def|1\n|upkeep\n|turn|17\n|\n|t:|1700592381\n|move|p1a: Smeargle|Sticky Web||[still]\n|-fail|p1a: Smeargle\n|move|p2a: damn son|Spite|p1a: Smeargle\n|-activate|p1a: Smeargle|move: Spite|Sticky Web|4\n|\n|-ability|p1a: Smeargle|Moody|boost\n|-boost|p1a: Smeargle|spe|2\n|-unboost|p1a: Smeargle|spa|1\n|upkeep\n|turn|18\n|\n|t:|1700592383\n|move|p1a: Smeargle|Sticky Web||[still]\n|-fail|p1a: Smeargle\n|move|p2a: damn son|Spite|p1a: Smeargle\n|-activate|p1a: Smeargle|move: Spite|Sticky Web|4\n|\n|-ability|p1a: Smeargle|Moody|boost\n|-boost|p1a: Smeargle|def|2\n|-unboost|p1a: Smeargle|atk|1\n|upkeep\n|turn|19\n|\n|t:|1700592385\n|move|p1a: Smeargle|Sticky Web||[still]\n|-fail|p1a: Smeargle\n|move|p2a: damn son|Iron Defense|p2a: damn son\n|-boost|p2a: damn son|def|0\n|\n|-ability|p1a: Smeargle|Moody|boost\n|-boost|p1a: Smeargle|atk|1\n|-unboost|p1a: Smeargle|spa|1\n|upkeep\n|turn|20\n|\n|t:|1700592391\n|move|p1a: Smeargle|Destiny Bond|p1a: Smeargle\n|-singlemove|p1a: Smeargle|Destiny Bond\n|move|p2a: damn son|Spite|p1a: Smeargle\n|-activate|p1a: Smeargle|move: Spite|Destiny Bond|4\n|\n|-ability|p1a: Smeargle|Moody|boost\n|-boost|p1a: Smeargle|def|2\n|-unboost|p1a: Smeargle|spa|1\n|upkeep\n|turn|21\n|\n|t:|1700592395\n|move|p1a: Smeargle|Spore|p2a: damn son\n|-status|p2a: damn son|slp|[from] move: Spore\n|cant|p2a: damn son|slp\n|\n|-ability|p1a: Smeargle|Moody|boost\n|-boost|p1a: Smeargle|spa|2\n|-unboost|p1a: Smeargle|def|1\n|upkeep\n|turn|22\n|\n|t:|1700592398\n|move|p1a: Smeargle|Spore|p2a: damn son\n|-fail|p2a: damn son|slp\n|cant|p2a: damn son|slp\n|\n|-ability|p1a: Smeargle|Moody|boost\n|-boost|p1a: Smeargle|def|2\n|-unboost|p1a: Smeargle|atk|1\n|upkeep\n|turn|23\n|\n|t:|1700592400\n|move|p1a: Smeargle|Spore|p2a: damn son\n|-fail|p2a: damn son|slp\n|cant|p2a: damn son|slp\n|\n|-ability|p1a: Smeargle|Moody|boost\n|-boost|p1a: Smeargle|def|2\n|-unboost|p1a: Smeargle|spd|1\n|upkeep\n|turn|24\n|c|\u2606Hxhfhfhuuf|SWITCH OUT!!!!!!\n|c|\u2606spitezone \u269d\u5f61|no\n|\n|t:|1700592414\n|move|p1a: Smeargle|Destiny Bond|p1a: Smeargle\n|-singlemove|p1a: Smeargle|Destiny Bond\n|-curestatus|p2a: damn son|slp|[msg]\n|move|p2a: damn son|Iron Defense|p2a: damn son\n|-boost|p2a: damn son|def|0\n|\n|-ability|p1a: Smeargle|Moody|boost\n|-boost|p1a: Smeargle|atk|1\n|-unboost|p1a: Smeargle|spd|1\n|upkeep\n|turn|25\n|-message|Hxhfhfhuuf forfeited.\n|\n|win|spitezone \u269d\u5f61\n|raw|Hxhfhfhuuf's rating: 1303 &rarr; <strong>1282<\/strong><br \/>(-21 for losing)\n|raw|spitezone \u269d\u5f61's rating: 1285 &rarr; <strong>1311<\/strong><br \/>(+26 for winning)\n|l|\u2606Hxhfhfhuuf\n","uploadtime":1700592430,"views":18,"p1id":"hxhfhfhuuf","p2id":"spitezone","formatid":"gen9nationaldexubers","rating":1282,"private":0,"password":""}