{"id":"gen9nationaldexubers-1981340532","p1":"birdnie","p2":"Cazenovia","format":"[Gen 9] National Dex Ubers","log":"|j|\u2606birdnie\n|j|\u2606Cazenovia\n|t:|1698885362\n|gametype|singles\n|player|p1|birdnie|marnie-masters3|\n|player|p2|Cazenovia|psychic-lgpe|\n|teamsize|p1|6\n|teamsize|p2|6\n|gen|9\n|tier|[Gen 9] National Dex Ubers\n|rule|HP Percentage Mod: HP is shown in percentages\n|rule|Endless Battle Clause: Forcing endless battles is banned\n|rule|OHKO Clause: OHKO moves are banned\n|rule|Evasion Moves Clause: Evasion moves are banned\n|rule|Evasion Items Clause: Evasion items are banned\n|rule|Species Clause: Limit one of each Pok\u00e9mon\n|rule|Sleep Clause Mod: Limit one foe put to sleep\n|rule|Mega Rayquaza Clause: You cannot mega evolve Rayquaza\n|clearpoke\n|poke|p1|Ninetales, F|\n|poke|p1|Fezandipiti, M|\n|poke|p1|Ogerpon-Hearthflame, F|\n|poke|p1|Porygon2|\n|poke|p1|Lilligant-Hisui, F|\n|poke|p1|Noivern, F|\n|poke|p2|Iron Valiant|\n|poke|p2|Zapdos|\n|poke|p2|Scizor, M|\n|poke|p2|Dragapult, M|\n|poke|p2|Skarmory, F|\n|poke|p2|Necrozma|\n|teampreview\n|c|\u2606Cazenovia|glhf\n|c|\u2606birdnie|you too!\n|j| AndohRuruka\n|\n|t:|1698885409\n|start\n|switch|p1a: Kiwi|Noivern, F|100\/100\n|switch|p2a: Sadness Factory|Skarmory, F|100\/100\n|-item|p2a: Sadness Factory|Rocky Helmet|[from] ability: Frisk|[of] p1a: Kiwi|[identify]\n|turn|1\n|\n|t:|1698885470\n|move|p1a: Kiwi|Air Slash|p2a: Sadness Factory\n|-resisted|p2a: Sadness Factory\n|-damage|p2a: Sadness Factory|65\/100\n|move|p2a: Sadness Factory|Stealth Rock|p1a: Kiwi\n|-sidestart|p1: birdnie|move: Stealth Rock\n|\n|upkeep\n|turn|2\n|\n|t:|1698885487\n|switch|p2a: Zapdos|Zapdos|100\/100\n|move|p1a: Kiwi|Air Slash|p2a: Zapdos\n|-resisted|p2a: Zapdos\n|-damage|p2a: Zapdos|74\/100\n|\n|upkeep\n|turn|3\n|\n|t:|1698885508\n|switch|p1a: Mallardware|Porygon2|100\/100\n|-damage|p1a: Mallardware|88\/100|[from] Stealth Rock\n|-ability|p1a: Mallardware|Download|boost\n|-boost|p1a: Mallardware|spa|1\n|switch|p2a: Sadness Factory|Skarmory, F|65\/100\n|\n|upkeep\n|turn|4\n|\n|t:|1698885541\n|move|p2a: Sadness Factory|Spikes|p1a: Mallardware\n|-sidestart|p1: birdnie|Spikes\n|move|p1a: Mallardware|Discharge|p2a: Sadness Factory\n|-supereffective|p2a: Sadness Factory\n|-damage|p2a: Sadness Factory|0 fnt\n|faint|p2a: Sadness Factory\n|\n|upkeep\n|\n|t:|1698885545\n|switch|p2a: Scizor|Scizor, M|100\/100\n|turn|5\n|\n|t:|1698885554\n|detailschange|p2a: Scizor|Scizor-Mega, M\n|-mega|p2a: Scizor|Scizor|Scizorite\n|move|p2a: Scizor|Swords Dance|p2a: Scizor\n|-boost|p2a: Scizor|atk|2\n|move|p1a: Mallardware|Teleport|p1a: Mallardware\n|\n|t:|1698885589\n|switch|p1a: Calypso|Ogerpon-Hearthflame, F|100\/100|[from] Teleport\n|-damage|p1a: Calypso|76\/100|[from] Stealth Rock\n|-damage|p1a: Calypso|63\/100|[from] Spikes\n|-ability|p1a: Calypso|Mold Breaker\n|\n|upkeep\n|turn|6\n|\n|t:|1698885605\n|switch|p2a: Zapdos|Zapdos|74\/100\n|move|p1a: Calypso|Ivy Cudgel|p2a: Zapdos\n|-damage|p2a: Zapdos|24\/100\n|\n|upkeep\n|turn|7\n|\n|t:|1698885613\n|move|p1a: Calypso|Ivy Cudgel|p2a: Zapdos\n|-damage|p2a: Zapdos|0 fnt\n|faint|p2a: Zapdos\n|\n|upkeep\n|\n|t:|1698885615\n|switch|p2a: pdf opener|Necrozma|100\/100\n|turn|8\n|\n|t:|1698885622\n|move|p1a: Calypso|Knock Off|p2a: pdf opener\n|-supereffective|p2a: pdf opener\n|-damage|p2a: pdf opener|45\/100\n|-enditem|p2a: pdf opener|Twisted Spoon|[from] move: Knock Off|[of] p1a: Calypso\n|move|p2a: pdf opener|Dragon Dance|p2a: pdf opener\n|-boost|p2a: pdf opener|atk|1\n|-boost|p2a: pdf opener|spe|1\n|\n|upkeep\n|turn|9\n|\n|t:|1698885629\n|move|p2a: pdf opener|Photon Geyser|p1a: Calypso\n|-damage|p1a: Calypso|0 fnt\n|faint|p1a: Calypso\n|\n|upkeep\n|\n|t:|1698885669\n|switch|p1a: Kiriko|Ninetales, F|100\/100\n|-damage|p1a: Kiriko|76\/100|[from] Stealth Rock\n|-damage|p1a: Kiriko|64\/100|[from] Spikes\n|-weather|SunnyDay|[from] ability: Drought|[of] p1a: Kiriko\n|turn|10\n|\n|t:|1698885678\n|move|p2a: pdf opener|Earthquake|p1a: Kiriko\n|-supereffective|p1a: Kiriko\n|-damage|p1a: Kiriko|0 fnt\n|faint|p1a: Kiriko\n|\n|-weather|SunnyDay|[upkeep]\n|upkeep\n|\n|t:|1698885683\n|switch|p1a: Zinnia|Lilligant-Hisui, F|100\/100\n|-damage|p1a: Zinnia|94\/100|[from] Stealth Rock\n|-damage|p1a: Zinnia|82\/100|[from] Spikes\n|turn|11\n|\n|t:|1698885689\n|move|p1a: Zinnia|Solar Blade||[still]\n|-prepare|p1a: Zinnia|Solar Blade\n|-anim|p1a: Zinnia|Solar Blade|p2a: pdf opener\n|-damage|p2a: pdf opener|0 fnt\n|faint|p2a: pdf opener\n|\n|-weather|SunnyDay|[upkeep]\n|-heal|p1a: Zinnia|88\/100|[from] item: Leftovers\n|upkeep\n|\n|t:|1698885692\n|switch|p2a: Scizor|Scizor-Mega, M|100\/100\n|turn|12\n|\n|t:|1698885792\n|move|p1a: Zinnia|Victory Dance|p1a: Zinnia\n|-boost|p1a: Zinnia|atk|1\n|-boost|p1a: Zinnia|def|1\n|-boost|p1a: Zinnia|spe|1\n|move|p2a: Scizor|Roost||[still]\n|-fail|p2a: Scizor|heal\n|\n|-weather|SunnyDay|[upkeep]\n|-heal|p1a: Zinnia|94\/100|[from] item: Leftovers\n|upkeep\n|turn|13\n|\n|t:|1698885799\n|move|p2a: Scizor|Bullet Punch|p1a: Zinnia\n|-damage|p1a: Zinnia|54\/100\n|move|p1a: Zinnia|Victory Dance|p1a: Zinnia\n|-boost|p1a: Zinnia|atk|1\n|-boost|p1a: Zinnia|def|1\n|-boost|p1a: Zinnia|spe|1\n|\n|-weather|SunnyDay|[upkeep]\n|-heal|p1a: Zinnia|60\/100|[from] item: Leftovers\n|upkeep\n|turn|14\n|\n|t:|1698885809\n|move|p2a: Scizor|Bullet Punch|p1a: Zinnia\n|-damage|p1a: Zinnia|28\/100\n|move|p1a: Zinnia|Close Combat|p2a: Scizor\n|-damage|p2a: Scizor|7\/100\n|-unboost|p1a: Zinnia|def|1\n|-unboost|p1a: Zinnia|spd|1\n|\n|-weather|SunnyDay|[upkeep]\n|-heal|p1a: Zinnia|34\/100|[from] item: Leftovers\n|upkeep\n|turn|15\n|\n|t:|1698885823\n|move|p2a: Scizor|Bullet Punch|p1a: Zinnia\n|-damage|p1a: Zinnia|0 fnt\n|faint|p1a: Zinnia\n|\n|-weather|SunnyDay|[upkeep]\n|upkeep\n|\n|t:|1698885843\n|switch|p1a: Mallardware|Porygon2|88\/100\n|-damage|p1a: Mallardware|76\/100|[from] Stealth Rock\n|-damage|p1a: Mallardware|64\/100|[from] Spikes\n|-ability|p1a: Mallardware|Download|boost\n|-boost|p1a: Mallardware|spa|1\n|turn|16\n|\n|t:|1698885851\n|move|p2a: Scizor|Roost|p2a: Scizor\n|-heal|p2a: Scizor|58\/100\n|-singleturn|p2a: Scizor|move: Roost\n|move|p1a: Mallardware|Discharge|p2a: Scizor\n|-damage|p2a: Scizor|30\/100\n|-status|p2a: Scizor|par\n|\n|-weather|SunnyDay|[upkeep]\n|upkeep\n|turn|17\n|\n|t:|1698885870\n|move|p1a: Mallardware|Discharge|p2a: Scizor\n|-damage|p2a: Scizor|0 fnt\n|faint|p2a: Scizor\n|\n|-weather|none\n|upkeep\n|\n|t:|1698885878\n|switch|p2a: NO NOW|Iron Valiant|100\/100\n|-enditem|p2a: NO NOW|Booster Energy\n|-activate|p2a: NO NOW|ability: Quark Drive|[fromitem]\n|-start|p2a: NO NOW|quarkdrivespe\n|turn|18\n|\n|t:|1698885887\n|move|p2a: NO NOW|Close Combat|p1a: Mallardware\n|-supereffective|p1a: Mallardware\n|-damage|p1a: Mallardware|0 fnt\n|-unboost|p2a: NO NOW|def|1\n|-unboost|p2a: NO NOW|spd|1\n|faint|p1a: Mallardware\n|\n|upkeep\n|\n|t:|1698885897\n|switch|p1a: Kiwi|Noivern, F|100\/100\n|-damage|p1a: Kiwi|76\/100|[from] Stealth Rock\n|turn|19\n|\n|t:|1698885902\n|move|p2a: NO NOW|Moonblast|p1a: Kiwi\n|-supereffective|p1a: Kiwi\n|-damage|p1a: Kiwi|0 fnt\n|faint|p1a: Kiwi\n|\n|upkeep\n|\n|t:|1698885911\n|switch|p1a: Shimpuru|Fezandipiti, M|100\/100\n|-damage|p1a: Shimpuru|88\/100|[from] Stealth Rock\n|-damage|p1a: Shimpuru|76\/100|[from] Spikes\n|turn|20\n|\n|t:|1698885937\n|move|p2a: NO NOW|Psyshock|p1a: Shimpuru\n|-supereffective|p1a: Shimpuru\n|-crit|p1a: Shimpuru\n|-damage|p1a: Shimpuru|0 fnt\n|faint|p1a: Shimpuru\n|\n|win|Cazenovia\n|c|\u2606birdnie|gg\n|c|\u2606Cazenovia|gg\n","uploadtime":1698885954,"views":39,"p1id":"birdnie","p2id":"cazenovia","formatid":"gen9nationaldexubers","rating":0,"private":0,"password":""}