{"id":"gen9nationaldexubers-1994490883","p1":"momfr","p2":"Cadusat","format":"[Gen 9] National Dex Ubers","log":"|j|\u2606momfr\n|j|\u2606Cadusat\n|t:|1700450098\n|gametype|singles\n|player|p1|momfr|265|1000\n|player|p2|Cadusat|saturn|1021\n|teamsize|p1|6\n|teamsize|p2|6\n|gen|9\n|tier|[Gen 9] National Dex Ubers\n|rated|\n|rule|HP Percentage Mod: HP is shown in percentages\n|rule|Endless Battle Clause: Forcing endless battles is banned\n|rule|OHKO Clause: OHKO moves are banned\n|rule|Evasion Moves Clause: Evasion moves are banned\n|rule|Evasion Items Clause: Evasion items are banned\n|rule|Species Clause: Limit one of each Pok\u00e9mon\n|rule|Sleep Clause Mod: Limit one foe put to sleep\n|rule|Mega Rayquaza Clause: You cannot mega evolve Rayquaza\n|clearpoke\n|poke|p1|Cottonee, L1, M|\n|poke|p1|Eiscue, F|\n|poke|p1|Heatran, F|\n|poke|p1|Groudon|\n|poke|p1|Iron Hands|\n|poke|p1|Deoxys-Defense|\n|poke|p2|Charizard, F|\n|poke|p2|Wishiwashi, M|\n|poke|p2|Togekiss, M|\n|poke|p2|Ursaluna, F|\n|poke|p2|Dragapult, M|\n|poke|p2|Gogoat, F|\n|teampreview\n|inactive|Battle timer is ON: inactive players will automatically lose when time's up. (requested by Cadusat)\n|\n|t:|1700450106\n|start\n|switch|p1a: keknee|Cottonee, L1, M|100\/100\n|switch|p2a: Wishiwashi|Wishiwashi, M|100\/100\n|-formechange|p2a: Wishiwashi|Wishiwashi-School||[from] ability: Schooling\n|turn|1\n|j| kung fu pokechu\n|\n|t:|1700450118\n|move|p1a: keknee|Leech Seed|p2a: Wishiwashi\n|-start|p2a: Wishiwashi|move: Leech Seed\n|move|p2a: Wishiwashi|Beat Up|p1a: keknee\n|-resisted|p1a: keknee\n|-enditem|p1a: keknee|Focus Sash\n|-damage|p1a: keknee|10\/100\n|-resisted|p1a: keknee\n|-damage|p1a: keknee|0 fnt\n|faint|p1a: keknee\n|-hitcount|p1: keknee|2\n|\n|upkeep\n|c|\u2606Cadusat|are you that one from youtube ?\n|\n|t:|1700450139\n|switch|p1a: Mega Man Reject|Iron Hands|100\/100\n|turn|2\n|\n|t:|1700450143\n|switch|p2a: Ursaluna|Ursaluna, F|100\/100\n|move|p1a: Mega Man Reject|Fake Out|p2a: Ursaluna\n|-damage|p2a: Ursaluna|88\/100\n|\n|upkeep\n|turn|3\n|l| kung fu pokechu\n|j| kung fu pokechu\n|\n|t:|1700450168\n|-end|p1a: Mega Man Reject|Quark Drive|[silent]\n|switch|p1a: Mr. Tickle|Deoxys-Defense|100\/100\n|-ability|p1a: Mr. Tickle|Pressure\n|-terastallize|p2a: Ursaluna|Ground\n|move|p2a: Ursaluna|Earthquake|p1a: Mr. Tickle\n|-damage|p1a: Mr. Tickle|54\/100\n|\n|upkeep\n|turn|4\n|\n|t:|1700450179\n|move|p1a: Mr. Tickle|Recover|p1a: Mr. Tickle\n|-heal|p1a: Mr. Tickle|100\/100\n|move|p2a: Ursaluna|Crunch|p1a: Mr. Tickle\n|-supereffective|p1a: Mr. Tickle\n|-damage|p1a: Mr. Tickle|55\/100\n|\n|upkeep\n|turn|5\n|\n|t:|1700450186\n|move|p1a: Mr. Tickle|Cosmic Power|p1a: Mr. Tickle\n|-boost|p1a: Mr. Tickle|def|1\n|-boost|p1a: Mr. Tickle|spd|1\n|move|p2a: Ursaluna|Crunch|p1a: Mr. Tickle\n|-supereffective|p1a: Mr. Tickle\n|-damage|p1a: Mr. Tickle|23\/100\n|\n|upkeep\n|turn|6\n|\n|t:|1700450192\n|move|p1a: Mr. Tickle|Recover|p1a: Mr. Tickle\n|-heal|p1a: Mr. Tickle|73\/100\n|move|p2a: Ursaluna|Crunch|p1a: Mr. Tickle\n|-supereffective|p1a: Mr. Tickle\n|-damage|p1a: Mr. Tickle|43\/100\n|\n|upkeep\n|turn|7\n|\n|t:|1700450203\n|move|p1a: Mr. Tickle|Recover|p1a: Mr. Tickle\n|-heal|p1a: Mr. Tickle|93\/100\n|move|p2a: Ursaluna|Crunch|p1a: Mr. Tickle\n|-supereffective|p1a: Mr. Tickle\n|-damage|p1a: Mr. Tickle|62\/100\n|\n|upkeep\n|turn|8\n|\n|t:|1700450209\n|move|p1a: Mr. Tickle|Cosmic Power|p1a: Mr. Tickle\n|-boost|p1a: Mr. Tickle|def|1\n|-boost|p1a: Mr. Tickle|spd|1\n|move|p2a: Ursaluna|Crunch|p1a: Mr. Tickle\n|-supereffective|p1a: Mr. Tickle\n|-damage|p1a: Mr. Tickle|41\/100\n|\n|upkeep\n|turn|9\n|\n|t:|1700450218\n|move|p1a: Mr. Tickle|Recover|p1a: Mr. Tickle\n|-heal|p1a: Mr. Tickle|91\/100\n|move|p2a: Ursaluna|Crunch|p1a: Mr. Tickle\n|-supereffective|p1a: Mr. Tickle\n|-damage|p1a: Mr. Tickle|69\/100\n|\n|upkeep\n|turn|10\n|\n|t:|1700450224\n|move|p1a: Mr. Tickle|Cosmic Power|p1a: Mr. Tickle\n|-boost|p1a: Mr. Tickle|def|1\n|-boost|p1a: Mr. Tickle|spd|1\n|move|p2a: Ursaluna|Crunch|p1a: Mr. Tickle\n|-supereffective|p1a: Mr. Tickle\n|-damage|p1a: Mr. Tickle|51\/100\n|-unboost|p1a: Mr. Tickle|def|1\n|\n|upkeep\n|turn|11\n|\n|t:|1700450240\n|move|p1a: Mr. Tickle|Recover|p1a: Mr. Tickle\n|-heal|p1a: Mr. Tickle|100\/100\n|move|p2a: Ursaluna|Double-Edge|p1a: Mr. Tickle\n|-damage|p1a: Mr. Tickle|79\/100\n|-damage|p2a: Ursaluna|83\/100|[from] Recoil\n|\n|upkeep\n|turn|12\n|\n|t:|1700450246\n|move|p1a: Mr. Tickle|Cosmic Power|p1a: Mr. Tickle\n|-boost|p1a: Mr. Tickle|def|1\n|-boost|p1a: Mr. Tickle|spd|1\n|move|p2a: Ursaluna|Crunch|p1a: Mr. Tickle\n|-supereffective|p1a: Mr. Tickle\n|-damage|p1a: Mr. Tickle|61\/100\n|\n|upkeep\n|turn|13\n|\n|t:|1700450251\n|move|p1a: Mr. Tickle|Cosmic Power|p1a: Mr. Tickle\n|-boost|p1a: Mr. Tickle|def|1\n|-boost|p1a: Mr. Tickle|spd|1\n|move|p2a: Ursaluna|Earthquake|p1a: Mr. Tickle\n|-damage|p1a: Mr. Tickle|45\/100\n|\n|upkeep\n|turn|14\n|\n|t:|1700450255\n|move|p1a: Mr. Tickle|Recover|p1a: Mr. Tickle\n|-heal|p1a: Mr. Tickle|96\/100\n|move|p2a: Ursaluna|Double-Edge|p1a: Mr. Tickle\n|-damage|p1a: Mr. Tickle|82\/100\n|-damage|p2a: Ursaluna|80\/100|[from] Recoil\n|\n|upkeep\n|turn|15\n|\n|t:|1700450273\n|move|p1a: Mr. Tickle|Cosmic Power|p1a: Mr. Tickle\n|-boost|p1a: Mr. Tickle|def|1\n|-boost|p1a: Mr. Tickle|spd|1\n|move|p2a: Ursaluna|Crunch|p1a: Mr. Tickle\n|-supereffective|p1a: Mr. Tickle\n|-damage|p1a: Mr. Tickle|70\/100\n|\n|upkeep\n|turn|16\n|\n|t:|1700450281\n|move|p1a: Mr. Tickle|Wrap|p2a: Ursaluna\n|-damage|p2a: Ursaluna|78\/100\n|-activate|p2a: Ursaluna|move: Wrap|[of] p1a: Mr. Tickle\n|move|p2a: Ursaluna|Earthquake|p1a: Mr. Tickle\n|-damage|p1a: Mr. Tickle|56\/100\n|\n|-damage|p2a: Ursaluna|66\/100|[from] move: Wrap|[partiallytrapped]\n|upkeep\n|turn|17\n|\n|t:|1700450286\n|move|p1a: Mr. Tickle|Cosmic Power|p1a: Mr. Tickle\n|-boost|p1a: Mr. Tickle|def|1\n|-boost|p1a: Mr. Tickle|spd|0\n|move|p2a: Ursaluna|Double-Edge|p1a: Mr. Tickle\n|-damage|p1a: Mr. Tickle|44\/100\n|-damage|p2a: Ursaluna|63\/100|[from] Recoil\n|\n|-damage|p2a: Ursaluna|50\/100|[from] move: Wrap|[partiallytrapped]\n|upkeep\n|turn|18\n|\n|t:|1700450290\n|move|p1a: Mr. Tickle|Recover|p1a: Mr. Tickle\n|-heal|p1a: Mr. Tickle|94\/100\n|move|p2a: Ursaluna|Crunch|p1a: Mr. Tickle\n|-supereffective|p1a: Mr. Tickle\n|-damage|p1a: Mr. Tickle|81\/100\n|\n|-damage|p2a: Ursaluna|38\/100|[from] move: Wrap|[partiallytrapped]\n|upkeep\n|turn|19\n|j| Adamanzane\n|\n|t:|1700450297\n|move|p1a: Mr. Tickle|Wrap|p2a: Ursaluna\n|-damage|p2a: Ursaluna|36\/100\n|move|p2a: Ursaluna|Earthquake|p1a: Mr. Tickle\n|-damage|p1a: Mr. Tickle|69\/100\n|\n|-damage|p2a: Ursaluna|24\/100|[from] move: Wrap|[partiallytrapped]\n|upkeep\n|turn|20\n|\n|t:|1700450306\n|move|p1a: Mr. Tickle|Wrap|p2a: Ursaluna\n|-damage|p2a: Ursaluna|22\/100\n|move|p2a: Ursaluna|Double-Edge|p1a: Mr. Tickle\n|-damage|p1a: Mr. Tickle|59\/100\n|-damage|p2a: Ursaluna|20\/100|[from] Recoil\n|\n|-damage|p2a: Ursaluna|7\/100|[from] move: Wrap|[partiallytrapped]\n|upkeep\n|turn|21\n|\n|t:|1700450312\n|move|p1a: Mr. Tickle|Recover|p1a: Mr. Tickle\n|-heal|p1a: Mr. Tickle|100\/100\n|move|p2a: Ursaluna|Crunch|p1a: Mr. Tickle\n|-supereffective|p1a: Mr. Tickle\n|-damage|p1a: Mr. Tickle|88\/100\n|\n|-damage|p2a: Ursaluna|0 fnt|[from] move: Wrap|[partiallytrapped]\n|faint|p2a: Ursaluna\n|upkeep\n|\n|t:|1700450318\n|switch|p2a: Wishiwashi|Wishiwashi, M|100\/100\n|-formechange|p2a: Wishiwashi|Wishiwashi-School||[from] ability: Schooling\n|turn|22\n|\n|t:|1700450324\n|move|p1a: Mr. Tickle|Wrap|p2a: Wishiwashi\n|-damage|p2a: Wishiwashi|98\/100\n|-activate|p2a: Wishiwashi|move: Wrap|[of] p1a: Mr. Tickle\n|move|p2a: Wishiwashi|Beat Up|p1a: Mr. Tickle\n|-supereffective|p1a: Mr. Tickle\n|-damage|p1a: Mr. Tickle|85\/100\n|-supereffective|p1a: Mr. Tickle\n|-damage|p1a: Mr. Tickle|82\/100\n|-supereffective|p1a: Mr. Tickle\n|-damage|p1a: Mr. Tickle|81\/100\n|-supereffective|p1a: Mr. Tickle\n|-damage|p1a: Mr. Tickle|77\/100\n|-supereffective|p1a: Mr. Tickle\n|-damage|p1a: Mr. Tickle|75\/100\n|-hitcount|p1a: Mr. Tickle|5\n|\n|-damage|p2a: Wishiwashi|85\/100|[from] move: Wrap|[partiallytrapped]\n|upkeep\n|turn|23\n|\n|t:|1700450338\n|move|p1a: Mr. Tickle|Cosmic Power|p1a: Mr. Tickle\n|-boost|p1a: Mr. Tickle|def|0\n|-boost|p1a: Mr. Tickle|spd|0\n|move|p2a: Wishiwashi|Beat Up|p1a: Mr. Tickle\n|-supereffective|p1a: Mr. Tickle\n|-damage|p1a: Mr. Tickle|72\/100\n|-supereffective|p1a: Mr. Tickle\n|-damage|p1a: Mr. Tickle|69\/100\n|-supereffective|p1a: Mr. Tickle\n|-damage|p1a: Mr. Tickle|68\/100\n|-supereffective|p1a: Mr. Tickle\n|-damage|p1a: Mr. Tickle|65\/100\n|-supereffective|p1a: Mr. Tickle\n|-damage|p1a: Mr. Tickle|62\/100\n|-hitcount|p1a: Mr. Tickle|5\n|\n|-damage|p2a: Wishiwashi|73\/100|[from] move: Wrap|[partiallytrapped]\n|upkeep\n|turn|24\n|\n|t:|1700450352\n|move|p1a: Mr. Tickle|Cosmic Power|p1a: Mr. Tickle\n|-boost|p1a: Mr. Tickle|def|0\n|-boost|p1a: Mr. Tickle|spd|0\n|move|p2a: Wishiwashi|Beat Up|p1a: Mr. Tickle\n|-supereffective|p1a: Mr. Tickle\n|-damage|p1a: Mr. Tickle|59\/100\n|-supereffective|p1a: Mr. Tickle\n|-damage|p1a: Mr. Tickle|57\/100\n|-supereffective|p1a: Mr. Tickle\n|-damage|p1a: Mr. Tickle|55\/100\n|-supereffective|p1a: Mr. Tickle\n|-damage|p1a: Mr. Tickle|52\/100\n|-supereffective|p1a: Mr. Tickle\n|-damage|p1a: Mr. Tickle|49\/100\n|-hitcount|p1a: Mr. Tickle|5\n|\n|-damage|p2a: Wishiwashi|61\/100|[from] move: Wrap|[partiallytrapped]\n|upkeep\n|turn|25\n|\n|t:|1700450358\n|move|p1a: Mr. Tickle|Rest|p1a: Mr. Tickle\n|-status|p1a: Mr. Tickle|slp|[from] move: Rest\n|-heal|p1a: Mr. Tickle|100\/100 slp|[silent]\n|move|p2a: Wishiwashi|Beat Up|p1a: Mr. Tickle\n|-supereffective|p1a: Mr. Tickle\n|-damage|p1a: Mr. Tickle|97\/100 slp\n|-supereffective|p1a: Mr. Tickle\n|-damage|p1a: Mr. Tickle|95\/100 slp\n|-supereffective|p1a: Mr. Tickle\n|-damage|p1a: Mr. Tickle|93\/100 slp\n|-supereffective|p1a: Mr. Tickle\n|-damage|p1a: Mr. Tickle|90\/100 slp\n|-supereffective|p1a: Mr. Tickle\n|-damage|p1a: Mr. Tickle|88\/100 slp\n|-hitcount|p1a: Mr. Tickle|5\n|\n|-damage|p2a: Wishiwashi|49\/100|[from] move: Wrap|[partiallytrapped]\n|upkeep\n|turn|26\n|c|\u2606Cadusat|use store power soon please\n|\n|t:|1700450373\n|cant|p1a: Mr. Tickle|slp\n|move|p2a: Wishiwashi|Waterfall|p1a: Mr. Tickle\n|-damage|p1a: Mr. Tickle|80\/100 slp\n|\n|-damage|p2a: Wishiwashi|36\/100|[from] move: Wrap|[partiallytrapped]\n|upkeep\n|turn|27\n|\n|t:|1700450379\n|cant|p1a: Mr. Tickle|slp\n|move|p2a: Wishiwashi|Waterfall|p1a: Mr. Tickle\n|-damage|p1a: Mr. Tickle|73\/100 slp\n|\n|-damage|p2a: Wishiwashi|24\/100|[from] move: Wrap|[partiallytrapped]\n|-formechange|p2a: Wishiwashi|Wishiwashi||[from] ability: Schooling\n|upkeep\n|turn|28\n|\n|t:|1700450387\n|-curestatus|p1a: Mr. Tickle|slp|[msg]\n|move|p1a: Mr. Tickle|Wrap|p2a: Wishiwashi\n|-damage|p2a: Wishiwashi|16\/100\n|move|p2a: Wishiwashi|Waterfall|p1a: Mr. Tickle\n|-crit|p1a: Mr. Tickle\n|-damage|p1a: Mr. Tickle|56\/100\n|\n|-damage|p2a: Wishiwashi|4\/100|[from] move: Wrap|[partiallytrapped]\n|upkeep\n|turn|29\n|\n|t:|1700450393\n|move|p1a: Mr. Tickle|Rest|p1a: Mr. Tickle\n|-status|p1a: Mr. Tickle|slp|[from] move: Rest\n|-heal|p1a: Mr. Tickle|100\/100 slp|[silent]\n|move|p2a: Wishiwashi|Waterfall|p1a: Mr. Tickle\n|-damage|p1a: Mr. Tickle|98\/100 slp\n|\n|-end|p2a: Wishiwashi|Wrap|[partiallytrapped]\n|upkeep\n|turn|30\n|\n|t:|1700450398\n|switch|p2a: Dragapult|Dragapult, M|100\/100\n|cant|p1a: Mr. Tickle|slp\n|\n|upkeep\n|turn|31\n|\n|t:|1700450406\n|move|p2a: Dragapult|Dragon Darts|p1a: Mr. Tickle\n|-damage|p1a: Mr. Tickle|93\/100 slp\n|-anim|p2a: Dragapult|Dragon Darts|p1a: Mr. Tickle\n|-damage|p1a: Mr. Tickle|89\/100 slp\n|cant|p1a: Mr. Tickle|slp\n|\n|upkeep\n|turn|32\n|c|\u2606Cadusat|ok, i don't have time to this\n|-message|Cadusat forfeited.\n|\n|win|momfr\n|raw|momfr's rating: 1000 &rarr; <strong>1042<\/strong><br \/>(+42 for winning)\n|raw|Cadusat's rating: 1021 &rarr; <strong>1007<\/strong><br \/>(-14 for losing)\n|l|\u2606Cadusat\n","uploadtime":1700450428,"views":3,"p1id":"momfr","p2id":"cadusat","formatid":"gen9nationaldexubers","rating":1007,"private":0,"password":""}