{"id":"gen9nationaldexubers-1988746057","p1":"tuck7","p2":"Iyandelian","format":"[Gen 9] National Dex Ubers","log":"|j|\u2606tuck7\n|j|\u2606Iyandelian\n|t:|1699757822\n|gametype|singles\n|player|p1|tuck7|infielder|\n|player|p2|Iyandelian|depotagent|\n|teamsize|p1|6\n|teamsize|p2|6\n|gen|9\n|tier|[Gen 9] National Dex Ubers\n|rule|HP Percentage Mod: HP is shown in percentages\n|rule|Endless Battle Clause: Forcing endless battles is banned\n|rule|OHKO Clause: OHKO moves are banned\n|rule|Evasion Moves Clause: Evasion moves are banned\n|rule|Evasion Items Clause: Evasion items are banned\n|rule|Species Clause: Limit one of each Pok\u00e9mon\n|rule|Sleep Clause Mod: Limit one foe put to sleep\n|rule|Mega Rayquaza Clause: You cannot mega evolve Rayquaza\n|clearpoke\n|poke|p1|Charizard, M|\n|poke|p1|Garchomp, F|\n|poke|p1|Azumarill, M|\n|poke|p1|Iron Hands|\n|poke|p1|Metagross|\n|poke|p1|Iron Jugulis|\n|poke|p2|Clefable, M|\n|poke|p2|Kommo-o, F|\n|poke|p2|Flygon, F|\n|poke|p2|Whimsicott, F|\n|poke|p2|Mawile, F|\n|poke|p2|Kilowattrel, F|\n|teampreview\n|j| PorygonTheBot\n|c| PorygonTheBot|y'all suck\n|c|\u2606Iyandelian|gl and hf\n|\n|t:|1699757887\n|start\n|switch|p1a: Garchomp|Garchomp, F|100\/100\n|switch|p2a: Haberdausch|Kommo-o, F|100\/100\n|turn|1\n|\n|t:|1699757901\n|move|p2a: Haberdausch|Stealth Rock|p1a: Garchomp\n|-sidestart|p1: tuck7|move: Stealth Rock\n|move|p1a: Garchomp|Dragon Tail|p2a: Haberdausch\n|-supereffective|p2a: Haberdausch\n|-damage|p2a: Haberdausch|72\/100\n|drag|p2a: S-Quire|Whimsicott, F|100\/100\n|\n|upkeep\n|turn|2\n|j| AndohRuruka\n|\n|t:|1699757945\n|switch|p1a: Metagross|Metagross|100\/100\n|-damage|p1a: Metagross|95\/100|[from] Stealth Rock\n|move|p2a: S-Quire|Tailwind|p2a: S-Quire\n|-sidestart|p2: Iyandelian|move: Tailwind\n|\n|upkeep\n|turn|3\n|\n|t:|1699757958\n|move|p2a: S-Quire|U-turn|p1a: Metagross\n|-damage|p1a: Metagross|84\/100\n|\n|t:|1699757972\n|switch|p2a: Haberdausch|Kommo-o, F|72\/100|[from] U-turn\n|move|p1a: Metagross|Meteor Mash|p2a: Haberdausch\n|-crit|p2a: Haberdausch\n|-damage|p2a: Haberdausch|6\/100\n|\n|upkeep\n|turn|4\n|\n|t:|1699757994\n|switch|p1a: Garchomp|Garchomp, F|100\/100\n|-damage|p1a: Garchomp|94\/100|[from] Stealth Rock\n|move|p2a: Haberdausch|Body Press|p1a: Garchomp\n|-damage|p1a: Garchomp|59\/100\n|-damage|p2a: Haberdausch|0 fnt|[from] ability: Rough Skin|[of] p1a: Garchomp\n|faint|p2a: Haberdausch\n|\n|upkeep\n|\n|t:|1699758004\n|switch|p2a: Maurice|Clefable, M|100\/100\n|turn|5\n|\n|t:|1699758017\n|switch|p1a: Metagross|Metagross|84\/100\n|-damage|p1a: Metagross|78\/100|[from] Stealth Rock\n|move|p2a: Maurice|Moonblast|p1a: Metagross\n|-resisted|p1a: Metagross\n|-damage|p1a: Metagross|57\/100\n|\n|-sideend|p2: Iyandelian|move: Tailwind\n|upkeep\n|turn|6\n|\n|t:|1699758031\n|move|p2a: Maurice|Protect|p2a: Maurice\n|-singleturn|p2a: Maurice|Protect\n|move|p1a: Metagross|Meteor Mash|p2a: Maurice\n|-activate|p2a: Maurice|move: Protect\n|\n|upkeep\n|turn|7\n|\n|t:|1699758041\n|move|p1a: Metagross|Meteor Mash|p2a: Maurice\n|-supereffective|p2a: Maurice\n|-damage|p2a: Maurice|0 fnt\n|faint|p2a: Maurice\n|\n|upkeep\n|\n|t:|1699758052\n|switch|p2a: Hoover|Flygon, F|100\/100\n|turn|8\n|\n|t:|1699758060\n|switch|p1a: Garchomp|Garchomp, F|59\/100\n|-damage|p1a: Garchomp|53\/100|[from] Stealth Rock\n|move|p2a: Hoover|Outrage|p1a: Garchomp\n|-supereffective|p1a: Garchomp\n|-damage|p1a: Garchomp|0 fnt\n|-damage|p2a: Hoover|88\/100|[from] ability: Rough Skin|[of] p1a: Garchomp\n|-damage|p2a: Hoover|72\/100|[from] item: Rocky Helmet|[of] p1a: Garchomp\n|faint|p1a: Garchomp\n|-damage|p2a: Hoover|62\/100|[from] item: Life Orb\n|\n|upkeep\n|\n|t:|1699758072\n|switch|p1a: Azumarill|Azumarill, M|100\/100\n|-damage|p1a: Azumarill|88\/100|[from] Stealth Rock\n|turn|9\n|\n|t:|1699758079\n|move|p2a: Hoover|Outrage|p1a: Azumarill|[from]lockedmove\n|-immune|p1a: Azumarill\n|move|p1a: Azumarill|Ice Spinner|p2a: Hoover\n|-supereffective|p2a: Hoover\n|-damage|p2a: Hoover|0 fnt\n|faint|p2a: Hoover\n|\n|upkeep\n|\n|t:|1699758087\n|switch|p2a: Saki|Mawile, F|100\/100\n|-ability|p2a: Saki|Intimidate|boost\n|-unboost|p1a: Azumarill|atk|1\n|turn|10\n|\n|t:|1699758155\n|detailschange|p2a: Saki|Mawile-Mega, F\n|-mega|p2a: Saki|Mawile|Mawilite\n|move|p2a: Saki|Swords Dance|p2a: Saki\n|-boost|p2a: Saki|atk|2\n|move|p1a: Azumarill|Liquidation|p2a: Saki\n|-damage|p2a: Saki|72\/100\n|\n|upkeep\n|turn|11\n|\n|t:|1699758168\n|move|p1a: Azumarill|Liquidation|p2a: Saki\n|-damage|p2a: Saki|43\/100\n|move|p2a: Saki|Iron Head|p1a: Azumarill\n|-damage|p1a: Azumarill|0 fnt\n|faint|p1a: Azumarill\n|\n|upkeep\n|\n|t:|1699758200\n|switch|p1a: Metagross|Metagross|57\/100\n|-damage|p1a: Metagross|51\/100|[from] Stealth Rock\n|turn|12\n|\n|t:|1699758208\n|move|p1a: Metagross|Earthquake|p2a: Saki\n|-supereffective|p2a: Saki\n|-damage|p2a: Saki|0 fnt\n|faint|p2a: Saki\n|\n|upkeep\n|\n|t:|1699758213\n|switch|p2a: S-Quire|Whimsicott, F|100\/100\n|turn|13\n|\n|t:|1699758253\n|switch|p1a: Iron Jugulis|Iron Jugulis|100\/100\n|-damage|p1a: Iron Jugulis|76\/100|[from] Stealth Rock\n|-enditem|p1a: Iron Jugulis|Booster Energy\n|-activate|p1a: Iron Jugulis|ability: Quark Drive|[fromitem]\n|-start|p1a: Iron Jugulis|quarkdrivespe\n|move|p2a: S-Quire|Tailwind|p2a: S-Quire\n|-sidestart|p2: Iyandelian|move: Tailwind\n|\n|upkeep\n|turn|14\n|\n|t:|1699758280\n|move|p1a: Iron Jugulis|Flamethrower|p2a: S-Quire\n|-supereffective|p2a: S-Quire\n|-damage|p2a: S-Quire|23\/100\n|-status|p2a: S-Quire|brn\n|move|p2a: S-Quire|U-turn|p1a: Iron Jugulis\n|-damage|p1a: Iron Jugulis|68\/100\n|\n|t:|1699758287\n|switch|p2a: R-36M2|Kilowattrel, F|100\/100|[from] U-turn\n|\n|upkeep\n|turn|15\n|\n|t:|1699758296\n|move|p2a: R-36M2|Electro Ball|p1a: Iron Jugulis\n|-supereffective|p1a: Iron Jugulis\n|-damage|p1a: Iron Jugulis|0 fnt\n|faint|p1a: Iron Jugulis\n|-end|p1a: Iron Jugulis|Quark Drive|[silent]\n|\n|upkeep\n|\n|t:|1699758309\n|switch|p1a: Iron Hands|Iron Hands|100\/100\n|-damage|p1a: Iron Hands|94\/100|[from] Stealth Rock\n|turn|16\n|\n|t:|1699758322\n|move|p2a: R-36M2|Hurricane|p1a: Iron Hands\n|-damage|p1a: Iron Hands|47\/100\n|-start|p1a: Iron Hands|confusion\n|-activate|p1a: Iron Hands|confusion\n|-damage|p1a: Iron Hands|38\/100|[from] confusion\n|\n|-sideend|p2: Iyandelian|move: Tailwind\n|upkeep\n|turn|17\n|\n|t:|1699758333\n|move|p2a: R-36M2|Hurricane|p1a: Iron Hands\n|-damage|p1a: Iron Hands|0 fnt\n|faint|p1a: Iron Hands\n|-end|p1a: Iron Hands|Quark Drive|[silent]\n|\n|upkeep\n|\n|t:|1699758342\n|switch|p1a: Metagross|Metagross|51\/100\n|-damage|p1a: Metagross|45\/100|[from] Stealth Rock\n|turn|18\n|\n|t:|1699758377\n|move|p2a: R-36M2|Tailwind|p2a: R-36M2\n|-sidestart|p2: Iyandelian|move: Tailwind\n|-start|p2a: R-36M2|Charge|Tailwind|[from] ability: Wind Power\n|move|p1a: Metagross|Zen Headbutt|p2a: R-36M2\n|-damage|p2a: R-36M2|0 fnt\n|faint|p2a: R-36M2\n|\n|upkeep\n|\n|t:|1699758384\n|switch|p2a: S-Quire|Whimsicott, F|23\/100 brn\n|turn|19\n|\n|t:|1699758400\n|move|p2a: S-Quire|U-turn|p1a: Metagross\n|-damage|p1a: Metagross|40\/100\n|move|p1a: Metagross|Zen Headbutt|p2a: S-Quire\n|-crit|p2a: S-Quire\n|-damage|p2a: S-Quire|0 fnt\n|faint|p2a: S-Quire\n|\n|win|tuck7\n|l| PorygonTheBot\n|l| AndohRuruka\n|c|\u2606tuck7|GG!\n|c|\u2606Iyandelian|gg\n","uploadtime":1699758401,"views":31,"p1id":"tuck7","p2id":"iyandelian","formatid":"gen9nationaldexubers","rating":0,"private":0,"password":""}