{"id":"gen9nationaldexubers-1979329117","p1":"sw2005","p2":"mastro uccello","format":"[Gen 9] National Dex Ubers","log":"|j|\u203dsw2005\n|j|\u2606mastro uccello\n|t:|1698671871\n|gametype|singles\n|player|p1|sw2005|waitress-gen4|1486\n|player|p2|mastro uccello|guitarist-gen4|1401\n|teamsize|p1|6\n|teamsize|p2|6\n|gen|9\n|tier|[Gen 9] National Dex Ubers\n|rated|\n|rule|HP Percentage Mod: HP is shown in percentages\n|rule|Endless Battle Clause: Forcing endless battles is banned\n|rule|OHKO Clause: OHKO moves are banned\n|rule|Evasion Moves Clause: Evasion moves are banned\n|rule|Evasion Items Clause: Evasion items are banned\n|rule|Species Clause: Limit one of each Pok\u00e9mon\n|rule|Sleep Clause Mod: Limit one foe put to sleep\n|rule|Mega Rayquaza Clause: You cannot mega evolve Rayquaza\n|clearpoke\n|poke|p1|Groudon|\n|poke|p1|Ho-Oh|\n|poke|p1|Arceus-Ground|\n|poke|p1|Xerneas-*|\n|poke|p1|Marshadow|\n|poke|p1|Regieleki|\n|poke|p2|Annihilape, M|\n|poke|p2|Lucario, M|\n|poke|p2|Arceus-Ice|\n|poke|p2|Palafin, M|\n|poke|p2|Wooper, M|\n|poke|p2|Necrozma-Dusk-Mane|\n|teampreview\n|inactive|Battle timer is ON: inactive players will automatically lose when time's up. (requested by sw2005)\n|\n|t:|1698671876\n|start\n|switch|p1a: Regieleki|Regieleki|100\/100\n|switch|p2a: Jiren|Palafin, M|100\/100\n|turn|1\n|\n|t:|1698671878\n|detailschange|p2a: Jiren|Palafin-Hero, M\n|switch|p2a: Lord Zeno|Wooper, M|100\/100\n|move|p1a: Regieleki|Volt Switch|p2a: Lord Zeno\n|-immune|p2a: Lord Zeno\n|\n|upkeep\n|turn|2\n|\n|t:|1698671890\n|switch|p1a: Ho-Oh|Ho-Oh|100\/100\n|move|p2a: Lord Zeno|Stealth Rock|p1a: Ho-Oh\n|-sidestart|p1: sw2005|move: Stealth Rock\n|\n|upkeep\n|turn|3\n|\n|t:|1698671892\n|move|p1a: Ho-Oh|Sacred Fire|p2a: Lord Zeno\n|-resisted|p2a: Lord Zeno\n|-damage|p2a: Lord Zeno|82\/100\n|-status|p2a: Lord Zeno|brn\n|move|p2a: Lord Zeno|Toxic|p1a: Ho-Oh\n|-status|p1a: Ho-Oh|tox\n|\n|-damage|p1a: Ho-Oh|94\/100 tox|[from] psn\n|-damage|p2a: Lord Zeno|76\/100 brn|[from] brn\n|upkeep\n|turn|4\n|\n|t:|1698671898\n|move|p1a: Ho-Oh|Defog|p2a: Lord Zeno\n|-unboost|p2a: Lord Zeno|evasion|1\n|-sideend|p1: sw2005|Stealth Rock|[from] move: Defog|[of] p1a: Ho-Oh\n|move|p2a: Lord Zeno|Encore|p1a: Ho-Oh\n|-start|p1a: Ho-Oh|Encore\n|\n|-damage|p1a: Ho-Oh|82\/100 tox|[from] psn\n|-damage|p2a: Lord Zeno|70\/100 brn|[from] brn\n|upkeep\n|turn|5\n|\n|t:|1698671909\n|switch|p1a: Arceus|Arceus-Ground|100\/100\n|move|p2a: Lord Zeno|Stealth Rock|p1a: Arceus\n|-sidestart|p1: sw2005|move: Stealth Rock\n|\n|-damage|p2a: Lord Zeno|64\/100 brn|[from] brn\n|upkeep\n|turn|6\n|\n|t:|1698671912\n|move|p1a: Arceus|Magic Coat|p1a: Arceus\n|-singleturn|p1a: Arceus|move: Magic Coat\n|move|p2a: Lord Zeno|Toxic|p1a: Arceus\n|move|p1a: Arceus|Toxic||[from]Magic Coat|[still]\n|-fail|p1a: Arceus\n|\n|-damage|p2a: Lord Zeno|58\/100 brn|[from] brn\n|upkeep\n|turn|7\n|\n|t:|1698671919\n|move|p1a: Arceus|Taunt|p2a: Lord Zeno\n|-start|p2a: Lord Zeno|move: Taunt\n|cant|p2a: Lord Zeno|move: Taunt|Toxic\n|\n|-damage|p2a: Lord Zeno|52\/100 brn|[from] brn\n|upkeep\n|turn|8\n|\n|t:|1698671923\n|switch|p2a: Whis|Arceus-Ice|100\/100\n|move|p1a: Arceus|Earth Power|p2a: Whis\n|-damage|p2a: Whis|72\/100\n|\n|upkeep\n|turn|9\n|\n|t:|1698671933\n|switch|p1a: Ho-Oh|Ho-Oh|100\/100 tox\n|move|p2a: Whis|Judgment|p1a: Ho-Oh\n|-damage|p1a: Ho-Oh|73\/100 tox\n|\n|-damage|p1a: Ho-Oh|67\/100 tox|[from] psn\n|upkeep\n|turn|10\n|\n|t:|1698671938\n|switch|p2a: Lord Zeno|Wooper, M|52\/100 brn\n|move|p1a: Ho-Oh|Sacred Fire|p2a: Lord Zeno|[miss]\n|-miss|p1a: Ho-Oh|p2a: Lord Zeno\n|\n|-damage|p1a: Ho-Oh|54\/100 tox|[from] psn\n|-damage|p2a: Lord Zeno|46\/100 brn|[from] brn\n|upkeep\n|turn|11\n|\n|t:|1698671944\n|move|p1a: Ho-Oh|Defog|p2a: Lord Zeno\n|-unboost|p2a: Lord Zeno|evasion|1\n|-sideend|p1: sw2005|Stealth Rock|[from] move: Defog|[of] p1a: Ho-Oh\n|move|p2a: Lord Zeno|Encore|p1a: Ho-Oh\n|-start|p1a: Ho-Oh|Encore\n|\n|-damage|p1a: Ho-Oh|35\/100 tox|[from] psn\n|-damage|p2a: Lord Zeno|40\/100 brn|[from] brn\n|upkeep\n|turn|12\n|\n|t:|1698671947\n|move|p1a: Ho-Oh|Defog|p2a: Lord Zeno\n|-unboost|p2a: Lord Zeno|evasion|1\n|move|p2a: Lord Zeno|Stealth Rock|p1a: Ho-Oh\n|-sidestart|p1: sw2005|move: Stealth Rock\n|\n|-damage|p1a: Ho-Oh|10\/100 tox|[from] psn\n|-damage|p2a: Lord Zeno|34\/100 brn|[from] brn\n|upkeep\n|turn|13\n|\n|t:|1698671951\n|switch|p1a: Arceus|Arceus-Ground|100\/100\n|-damage|p1a: Arceus|94\/100|[from] Stealth Rock\n|move|p2a: Lord Zeno|Stealth Rock||[still]\n|-fail|p2a: Lord Zeno\n|\n|-damage|p2a: Lord Zeno|28\/100 brn|[from] brn\n|upkeep\n|turn|14\n|\n|t:|1698671958\n|move|p1a: Arceus|Earth Power|p2a: Lord Zeno\n|-damage|p2a: Lord Zeno|0 fnt\n|faint|p2a: Lord Zeno\n|\n|upkeep\n|\n|t:|1698671960\n|switch|p2a: Jiren|Palafin-Hero, M|100\/100\n|-activate|p2a: Jiren|ability: Zero to Hero\n|turn|15\n|\n|t:|1698671964\n|switch|p1a: Groudon|Groudon|100\/100\n|-damage|p1a: Groudon|94\/100|[from] Stealth Rock\n|detailschange|p1a: Groudon|Groudon-Primal\n|-primal|p1a: Groudon|Red Orb\n|-weather|DesolateLand|[from] ability: Desolate Land|[of] p1a: Groudon\n|move|p2a: Jiren|Bulk Up|p2a: Jiren\n|-boost|p2a: Jiren|atk|1\n|-boost|p2a: Jiren|def|1\n|\n|-weather|DesolateLand|[upkeep]\n|upkeep\n|turn|16\n|\n|t:|1698671969\n|move|p2a: Jiren|Bulk Up|p2a: Jiren\n|-boost|p2a: Jiren|atk|1\n|-boost|p2a: Jiren|def|1\n|move|p1a: Groudon|Precipice Blades|p2a: Jiren\n|-damage|p2a: Jiren|67\/100\n|\n|-weather|DesolateLand|[upkeep]\n|-heal|p2a: Jiren|73\/100|[from] item: Leftovers\n|upkeep\n|turn|17\n|\n|t:|1698671978\n|move|p2a: Jiren|Drain Punch|p1a: Groudon\n|-damage|p1a: Groudon|58\/100\n|-heal|p2a: Jiren|91\/100|[from] drain|[of] p1a: Groudon\n|move|p1a: Groudon|Precipice Blades|p2a: Jiren|[miss]\n|-miss|p1a: Groudon|p2a: Jiren\n|\n|-weather|DesolateLand|[upkeep]\n|-heal|p2a: Jiren|98\/100|[from] item: Leftovers\n|upkeep\n|turn|18\n|inactive|sw2005 has 120 seconds left.\n|\n|t:|1698672023\n|-weather|none\n|switch|p1a: Ho-Oh|Ho-Oh|44\/100 tox\n|move|p2a: Jiren|Bulk Up|p2a: Jiren\n|-boost|p2a: Jiren|atk|1\n|-boost|p2a: Jiren|def|1\n|\n|-heal|p2a: Jiren|100\/100|[from] item: Leftovers\n|-damage|p1a: Ho-Oh|37\/100 tox|[from] psn\n|upkeep\n|turn|19\n|\n|t:|1698672027\n|move|p2a: Jiren|Jet Punch|p1a: Ho-Oh\n|-supereffective|p1a: Ho-Oh\n|-damage|p1a: Ho-Oh|0 fnt\n|faint|p1a: Ho-Oh\n|\n|upkeep\n|inactive|sw2005 has 120 seconds left.\n|\n|t:|1698672037\n|switch|p1a: Regieleki|Regieleki|100\/100\n|-damage|p1a: Regieleki|88\/100|[from] Stealth Rock\n|turn|20\n|\n|t:|1698672042\n|move|p2a: Jiren|Jet Punch|p1a: Regieleki\n|-damage|p1a: Regieleki|0 fnt\n|faint|p1a: Regieleki\n|\n|upkeep\n|\n|t:|1698672049\n|switch|p1a: Xerneas|Xerneas|100\/100\n|-damage|p1a: Xerneas|88\/100|[from] Stealth Rock\n|-ability|p1a: Xerneas|Fairy Aura\n|turn|21\n|\n|t:|1698672053\n|-terastallize|p2a: Jiren|Water\n|move|p2a: Jiren|Jet Punch|p1a: Xerneas\n|-damage|p1a: Xerneas|0 fnt\n|faint|p1a: Xerneas\n|\n|upkeep\n|-message|sw2005 forfeited.\n|\n|win|mastro uccello\n|raw|sw2005's rating: 1486 &rarr; <strong>1461<\/strong><br \/>(-25 for losing)\n|raw|mastro uccello's rating: 1401 &rarr; <strong>1426<\/strong><br \/>(+25 for winning)\n|l|\u203dsw2005\n","uploadtime":1698672063,"views":21,"p1id":"sw2005","p2id":"mastrouccello","formatid":"gen9nationaldexubers","rating":1426,"private":0,"password":""}