{"id":"gen9nationaldexubers-1994267606","p1":"Harmony6","p2":"Pex Hater","format":"[Gen 9] National Dex Ubers","log":"|j|\u2606Harmony6\n|j|\u2606Pex Hater\n|t:|1700425250\n|gametype|singles\n|player|p1|Harmony6|lady-gen4|\n|player|p2|Pex Hater|cheryl|\n|teamsize|p1|6\n|teamsize|p2|6\n|gen|9\n|tier|[Gen 9] National Dex Ubers\n|rule|HP Percentage Mod: HP is shown in percentages\n|rule|Endless Battle Clause: Forcing endless battles is banned\n|rule|OHKO Clause: OHKO moves are banned\n|rule|Evasion Moves Clause: Evasion moves are banned\n|rule|Evasion Items Clause: Evasion items are banned\n|rule|Species Clause: Limit one of each Pok\u00e9mon\n|rule|Sleep Clause Mod: Limit one foe put to sleep\n|rule|Mega Rayquaza Clause: You cannot mega evolve Rayquaza\n|clearpoke\n|poke|p1|Gastrodon, F|\n|poke|p1|Ferrothorn, F|\n|poke|p1|Zapdos|\n|poke|p1|Meowscarada, M|\n|poke|p1|Muk-Alola, F|\n|poke|p1|Hatterene, F|\n|poke|p2|Venusaur, F|\n|poke|p2|Clodsire, M|\n|poke|p2|Toxapex, F|\n|poke|p2|Nidoking, M|\n|poke|p2|Slowking-Galar, F|\n|poke|p2|Muk-Alola, F|\n|teampreview\n|l|\u2606Harmony6\n|player|p1|\n|j|\u2606Harmony6\n|player|p1|Harmony6|lady-gen4\n|\n|t:|1700425335\n|start\n|switch|p1a: Muk|Muk-Alola, F|100\/100\n|switch|p2a: My Form Empties|Nidoking, M|100\/100\n|turn|1\n|\n|t:|1700425343\n|switch|p2a: Fluid Sac|Toxapex, F|100\/100\n|move|p1a: Muk|Knock Off|p2a: Fluid Sac\n|-damage|p2a: Fluid Sac|86\/100\n|\n|upkeep\n|turn|2\n|\n|t:|1700425370\n|switch|p1a: Gastrodon|Gastrodon, F|100\/100\n|move|p2a: Fluid Sac|Toxic Spikes|p1a: Gastrodon\n|-sidestart|p1: Harmony6|move: Toxic Spikes\n|\n|upkeep\n|turn|3\n|\n|t:|1700425394\n|switch|p2a: Pursuance|Clodsire, M|100\/100\n|move|p1a: Gastrodon|Scald|p2a: Pursuance\n|-supereffective|p2a: Pursuance\n|-damage|p2a: Pursuance|71\/100\n|\n|-heal|p2a: Pursuance|77\/100|[from] item: Black Sludge\n|upkeep\n|turn|4\n|\n|t:|1700425408\n|switch|p1a: Muk|Muk-Alola, F|100\/100\n|-sideend|p1: Harmony6|move: Toxic Spikes|[of] p1a: Muk\n|switch|p2a: Impending Day|Slowking-Galar, F|100\/100\n|\n|upkeep\n|turn|5\n|\n|t:|1700425413\n|move|p1a: Muk|Pursuit|p2a: Impending Day\n|-supereffective|p2a: Impending Day\n|-damage|p2a: Impending Day|68\/100\n|move|p2a: Impending Day|Chilly Reception|p2a: Impending Day\n|-weather|Snow\n|\n|t:|1700425421\n|switch|p2a: Lifetime Stew|Muk-Alola, F|100\/100|[from] Chilly Reception\n|\n|-weather|Snow|[upkeep]\n|upkeep\n|turn|6\n|\n|t:|1700425464\n|move|p2a: Lifetime Stew|Knock Off|p1a: Muk\n|-resisted|p1a: Muk\n|-damage|p1a: Muk|80\/100\n|-enditem|p1a: Muk|Assault Vest|[from] move: Knock Off|[of] p2a: Lifetime Stew\n|move|p1a: Muk|Knock Off|p2a: Lifetime Stew\n|-resisted|p2a: Lifetime Stew\n|-damage|p2a: Lifetime Stew|83\/100\n|-enditem|p2a: Lifetime Stew|Assault Vest|[from] move: Knock Off|[of] p1a: Muk\n|\n|-weather|Snow|[upkeep]\n|upkeep\n|turn|7\n|\n|t:|1700425482\n|-activate|p2a: Lifetime Stew|move: Pursuit\n|move|p1a: Muk|Pursuit|p2a: Lifetime Stew|[from]Pursuit\n|-resisted|p2a: Lifetime Stew\n|-crit|p2a: Lifetime Stew\n|-damage|p2a: Lifetime Stew|62\/100\n|switch|p2a: Ebony Stem|Venusaur, F|100\/100\n|\n|-weather|Snow|[upkeep]\n|upkeep\n|turn|8\n|\n|t:|1700425510\n|switch|p1a: Hatterene|Hatterene, F|100\/100\n|detailschange|p2a: Ebony Stem|Venusaur-Mega, F\n|-mega|p2a: Ebony Stem|Venusaur|Venusaurite\n|move|p2a: Ebony Stem|Giga Drain|p1a: Hatterene\n|-damage|p1a: Hatterene|67\/100\n|\n|-weather|Snow|[upkeep]\n|-heal|p1a: Hatterene|73\/100|[from] item: Leftovers\n|upkeep\n|turn|9\n|\n|t:|1700425536\n|switch|p1a: Ferrothorn|Ferrothorn, F|100\/100\n|move|p2a: Ebony Stem|Sludge Bomb|p1a: Ferrothorn\n|-immune|p1a: Ferrothorn\n|\n|-weather|none\n|upkeep\n|turn|10\n|\n|t:|1700425549\n|switch|p2a: Impending Day|Slowking-Galar, F|100\/100\n|move|p1a: Ferrothorn|Gyro Ball|p2a: Impending Day\n|-damage|p2a: Impending Day|81\/100\n|\n|upkeep\n|turn|11\n|\n|t:|1700425558\n|move|p2a: Impending Day|Chilly Reception|p2a: Impending Day\n|-weather|Snow\n|\n|t:|1700425563\n|switch|p2a: My Form Empties|Nidoking, M|100\/100|[from] Chilly Reception\n|move|p1a: Ferrothorn|Knock Off|p2a: My Form Empties\n|-damage|p2a: My Form Empties|72\/100\n|-enditem|p2a: My Form Empties|Life Orb|[from] move: Knock Off|[of] p1a: Ferrothorn\n|\n|-weather|Snow|[upkeep]\n|upkeep\n|turn|12\n|\n|t:|1700425586\n|switch|p1a: Zapdos|Zapdos|100\/100\n|move|p2a: My Form Empties|Substitute|p2a: My Form Empties\n|-start|p2a: My Form Empties|Substitute\n|-damage|p2a: My Form Empties|47\/100\n|\n|-weather|Snow|[upkeep]\n|upkeep\n|turn|13\n|\n|t:|1700425590\n|move|p2a: My Form Empties|Sludge Wave|p1a: Zapdos\n|-damage|p1a: Zapdos|54\/100\n|move|p1a: Zapdos|Hurricane|p2a: My Form Empties\n|-end|p2a: My Form Empties|Substitute\n|\n|-weather|Snow|[upkeep]\n|upkeep\n|turn|14\n|j| vespyyy\n|inactive|Battle timer is ON: inactive players will automatically lose when time's up. (requested by Pex Hater)\n|\n|t:|1700425619\n|switch|p2a: Impending Day|Slowking-Galar, F|100\/100\n|move|p1a: Zapdos|Defog|p2a: Impending Day\n|-unboost|p2a: Impending Day|evasion|1\n|\n|-weather|Snow|[upkeep]\n|upkeep\n|turn|15\n|\n|t:|1700425627\n|switch|p1a: Muk|Muk-Alola, F|80\/100\n|move|p2a: Impending Day|Future Sight|p1a: Muk\n|-start|p2a: Impending Day|move: Future Sight\n|\n|-weather|none\n|upkeep\n|turn|16\n|\n|t:|1700425630\n|move|p1a: Muk|Knock Off|p2a: Impending Day\n|-supereffective|p2a: Impending Day\n|-damage|p2a: Impending Day|30\/100\n|-enditem|p2a: Impending Day|Heavy-Duty Boots|[from] move: Knock Off|[of] p1a: Muk\n|move|p2a: Impending Day|Chilly Reception|p2a: Impending Day\n|-weather|Snow\n|\n|t:|1700425641\n|switch|p2a: Fluid Sac|Toxapex, F|100\/100|[from] Chilly Reception\n|\n|-weather|Snow|[upkeep]\n|upkeep\n|turn|17\n|\n|t:|1700425648\n|switch|p1a: Gastrodon|Gastrodon, F|100\/100\n|move|p2a: Fluid Sac|Scald|p1a: Gastrodon\n|-ability|p1a: Gastrodon|Storm Drain|boost\n|-boost|p1a: Gastrodon|spa|1\n|\n|-weather|Snow|[upkeep]\n|-end|p1a: Gastrodon|move: Future Sight\n|-damage|p1a: Gastrodon|71\/100\n|-heal|p1a: Gastrodon|77\/100|[from] item: Leftovers\n|upkeep\n|turn|18\n|\n|t:|1700425656\n|move|p1a: Gastrodon|Spikes|p2a: Fluid Sac\n|-sidestart|p2: Pex Hater|Spikes\n|move|p2a: Fluid Sac|Toxic Spikes|p1a: Gastrodon\n|-sidestart|p1: Harmony6|move: Toxic Spikes\n|\n|-weather|Snow|[upkeep]\n|-heal|p1a: Gastrodon|84\/100|[from] item: Leftovers\n|upkeep\n|turn|19\n|\n|t:|1700425663\n|switch|p2a: Impending Day|Slowking-Galar, F|64\/100\n|-damage|p2a: Impending Day|51\/100|[from] Spikes\n|move|p1a: Gastrodon|Spikes|p2a: Impending Day\n|-sidestart|p2: Pex Hater|Spikes\n|\n|-weather|Snow|[upkeep]\n|-heal|p1a: Gastrodon|90\/100|[from] item: Leftovers\n|upkeep\n|turn|20\n|\n|t:|1700425666\n|switch|p1a: Muk|Muk-Alola, F|80\/100\n|-sideend|p1: Harmony6|move: Toxic Spikes|[of] p1a: Muk\n|move|p2a: Impending Day|Future Sight|p1a: Muk\n|-start|p2a: Impending Day|move: Future Sight\n|\n|-weather|none\n|upkeep\n|turn|21\n|\n|t:|1700425678\n|move|p1a: Muk|Knock Off|p2a: Impending Day\n|-supereffective|p2a: Impending Day\n|-damage|p2a: Impending Day|6\/100\n|move|p2a: Impending Day|Chilly Reception|p2a: Impending Day\n|-weather|Snow\n|\n|t:|1700425684\n|switch|p2a: Pursuance|Clodsire, M|77\/100|[from] Chilly Reception\n|-damage|p2a: Pursuance|60\/100|[from] Spikes\n|\n|-weather|Snow|[upkeep]\n|-heal|p2a: Pursuance|66\/100|[from] item: Black Sludge\n|upkeep\n|turn|22\n|\n|t:|1700425689\n|move|p1a: Muk|Knock Off|p2a: Pursuance\n|-damage|p2a: Pursuance|30\/100\n|-enditem|p2a: Pursuance|Black Sludge|[from] move: Knock Off|[of] p1a: Muk\n|move|p2a: Pursuance|Recover|p2a: Pursuance\n|-heal|p2a: Pursuance|80\/100\n|\n|-weather|Snow|[upkeep]\n|-end|p1a: Muk|move: Future Sight\n|-immune|p1a: Muk\n|upkeep\n|turn|23\n|\n|t:|1700425703\n|switch|p1a: Ferrothorn|Ferrothorn, F|100\/100\n|move|p2a: Pursuance|Earthquake|p1a: Ferrothorn\n|-damage|p1a: Ferrothorn|80\/100\n|\n|-weather|Snow|[upkeep]\n|-heal|p1a: Ferrothorn|86\/100|[from] item: Leftovers\n|upkeep\n|turn|24\n|\n|t:|1700425707\n|move|p2a: Pursuance|Spikes|p1a: Ferrothorn\n|-sidestart|p1: Harmony6|Spikes\n|move|p1a: Ferrothorn|Stealth Rock|p2a: Pursuance\n|-sidestart|p2: Pex Hater|move: Stealth Rock\n|\n|-weather|Snow|[upkeep]\n|-heal|p1a: Ferrothorn|92\/100|[from] item: Leftovers\n|upkeep\n|turn|25\n|\n|t:|1700425716\n|switch|p1a: Hatterene|Hatterene, F|73\/100\n|-damage|p1a: Hatterene|61\/100|[from] Spikes\n|move|p2a: Pursuance|Earthquake|p1a: Hatterene\n|-damage|p1a: Hatterene|40\/100\n|\n|-weather|none\n|-heal|p1a: Hatterene|46\/100|[from] item: Leftovers\n|upkeep\n|turn|26\n|\n|t:|1700425723\n|move|p1a: Hatterene|Draining Kiss|p2a: Pursuance\n|-resisted|p2a: Pursuance\n|-damage|p2a: Pursuance|74\/100\n|-heal|p1a: Hatterene|53\/100|[from] drain|[of] p2a: Pursuance\n|move|p2a: Pursuance|Earthquake|p1a: Hatterene\n|-damage|p1a: Hatterene|30\/100\n|\n|-heal|p1a: Hatterene|36\/100|[from] item: Leftovers\n|upkeep\n|turn|27\n|\n|t:|1700425726\n|move|p1a: Hatterene|Psychic|p2a: Pursuance\n|-supereffective|p2a: Pursuance\n|-damage|p2a: Pursuance|34\/100\n|-unboost|p2a: Pursuance|spd|1\n|move|p2a: Pursuance|Earthquake|p1a: Hatterene\n|-damage|p1a: Hatterene|13\/100\n|\n|-heal|p1a: Hatterene|19\/100|[from] item: Leftovers\n|upkeep\n|turn|28\n|\n|t:|1700425730\n|switch|p2a: Lifetime Stew|Muk-Alola, F|62\/100\n|-damage|p2a: Lifetime Stew|46\/100|[from] Spikes\n|-damage|p2a: Lifetime Stew|33\/100|[from] Stealth Rock\n|move|p1a: Hatterene|Psychic|p2a: Lifetime Stew\n|-immune|p2a: Lifetime Stew\n|\n|-heal|p1a: Hatterene|25\/100|[from] item: Leftovers\n|upkeep\n|turn|29\n|\n|t:|1700425733\n|move|p2a: Lifetime Stew|Knock Off|p1a: Hatterene\n|-damage|p1a: Hatterene|0 fnt\n|-enditem|p1a: Hatterene|Leftovers|[from] move: Knock Off|[of] p2a: Lifetime Stew\n|faint|p1a: Hatterene\n|\n|upkeep\n|\n|t:|1700425751\n|switch|p1a: Meowscarada|Meowscarada, M|100\/100\n|-damage|p1a: Meowscarada|88\/100|[from] Spikes\n|turn|30\n|\n|t:|1700425756\n|switch|p2a: Ebony Stem|Venusaur-Mega, F|100\/100\n|-damage|p2a: Ebony Stem|84\/100|[from] Spikes\n|-damage|p2a: Ebony Stem|72\/100|[from] Stealth Rock\n|move|p1a: Meowscarada|U-turn|p2a: Ebony Stem\n|-start|p1a: Meowscarada|typechange|Bug|[from] ability: Protean\n|-damage|p2a: Ebony Stem|40\/100\n|\n|t:|1700425763\n|switch|p1a: Zapdos|Zapdos|54\/100|[from] U-turn\n|\n|upkeep\n|turn|31\n|\n|t:|1700425765\n|move|p1a: Zapdos|Hurricane|p2a: Ebony Stem|[miss]\n|-miss|p1a: Zapdos|p2a: Ebony Stem\n|move|p2a: Ebony Stem|Sludge Bomb|p1a: Zapdos\n|-damage|p1a: Zapdos|16\/100\n|-status|p1a: Zapdos|psn\n|\n|-damage|p1a: Zapdos|4\/100 psn|[from] psn\n|upkeep\n|turn|32\n|\n|t:|1700425778\n|switch|p2a: Lifetime Stew|Muk-Alola, F|33\/100\n|-damage|p2a: Lifetime Stew|17\/100|[from] Spikes\n|-damage|p2a: Lifetime Stew|4\/100|[from] Stealth Rock\n|move|p1a: Zapdos|Hurricane|p2a: Lifetime Stew\n|-damage|p2a: Lifetime Stew|0 fnt\n|faint|p2a: Lifetime Stew\n|\n|-damage|p1a: Zapdos|0 fnt|[from] psn\n|faint|p1a: Zapdos\n|upkeep\n|\n|t:|1700425786\n|switch|p1a: Meowscarada|Meowscarada, M|88\/100\n|switch|p2a: Impending Day|Slowking-Galar, F|40\/100\n|-damage|p1a: Meowscarada|76\/100|[from] Spikes\n|-damage|p2a: Impending Day|23\/100|[from] Spikes\n|-damage|p2a: Impending Day|11\/100|[from] Stealth Rock\n|turn|33\n|\n|t:|1700425792\n|move|p1a: Meowscarada|U-turn|p2a: Impending Day\n|-start|p1a: Meowscarada|typechange|Bug|[from] ability: Protean\n|-damage|p2a: Impending Day|0 fnt\n|faint|p2a: Impending Day\n|\n|t:|1700425798\n|switch|p1a: Ferrothorn|Ferrothorn, F|92\/100|[from] U-turn\n|-damage|p1a: Ferrothorn|80\/100|[from] Spikes\n|\n|-heal|p1a: Ferrothorn|86\/100|[from] item: Leftovers\n|upkeep\n|\n|t:|1700425804\n|switch|p2a: Pursuance|Clodsire, M|34\/100\n|-damage|p2a: Pursuance|18\/100|[from] Spikes\n|-damage|p2a: Pursuance|12\/100|[from] Stealth Rock\n|turn|34\n|\n|t:|1700425816\n|switch|p1a: Meowscarada|Meowscarada, M|76\/100\n|-damage|p1a: Meowscarada|64\/100|[from] Spikes\n|move|p2a: Pursuance|Recover|p2a: Pursuance\n|-heal|p2a: Pursuance|62\/100\n|\n|upkeep\n|turn|35\n|\n|t:|1700425819\n|move|p1a: Meowscarada|Flower Trick|p2a: Pursuance\n|-start|p1a: Meowscarada|typechange|Grass|[from] ability: Protean\n|-crit|p2a: Pursuance\n|-damage|p2a: Pursuance|0 fnt\n|faint|p2a: Pursuance\n|\n|upkeep\n|c|\u2606Pex Hater|gg\n|c|\u2606Pex Hater|i brought\n|l| vespyyy\n|c|\u2606Pex Hater|the wrong team\n|\n|t:|1700425831\n|switch|p2a: Fluid Sac|Toxapex, F|100\/100\n|-damage|p2a: Fluid Sac|84\/100|[from] Spikes\n|-damage|p2a: Fluid Sac|72\/100|[from] Stealth Rock\n|turn|36\n|\n|t:|1700425834\n|move|p1a: Meowscarada|Flower Trick|p2a: Fluid Sac\n|-crit|p2a: Fluid Sac\n|-damage|p2a: Fluid Sac|24\/100\n|move|p2a: Fluid Sac|Recover|p2a: Fluid Sac\n|-heal|p2a: Fluid Sac|74\/100\n|\n|upkeep\n|turn|37\n|j| vespyyy\n|l| vespyyy\n|\n|t:|1700425843\n|move|p1a: Meowscarada|Flower Trick|p2a: Fluid Sac\n|-crit|p2a: Fluid Sac\n|-damage|p2a: Fluid Sac|32\/100\n|move|p2a: Fluid Sac|Toxic Spikes|p1a: Meowscarada\n|-sidestart|p1: Harmony6|move: Toxic Spikes\n|\n|upkeep\n|turn|38\n|\n|t:|1700425847\n|switch|p2a: Ebony Stem|Venusaur-Mega, F|40\/100\n|-damage|p2a: Ebony Stem|24\/100|[from] Spikes\n|-damage|p2a: Ebony Stem|11\/100|[from] Stealth Rock\n|move|p1a: Meowscarada|Flower Trick|p2a: Ebony Stem\n|-resisted|p2a: Ebony Stem\n|-crit|p2a: Ebony Stem\n|-damage|p2a: Ebony Stem|0 fnt\n|faint|p2a: Ebony Stem\n|\n|upkeep\n|\n|t:|1700425848\n|switch|p2a: Fluid Sac|Toxapex, F|65\/100\n|-damage|p2a: Fluid Sac|48\/100|[from] Spikes\n|-damage|p2a: Fluid Sac|36\/100|[from] Stealth Rock\n|turn|39\n|\n|t:|1700425856\n|switch|p2a: My Form Empties|Nidoking, M|47\/100\n|-damage|p2a: My Form Empties|31\/100|[from] Spikes\n|-damage|p2a: My Form Empties|25\/100|[from] Stealth Rock\n|move|p1a: Meowscarada|Flower Trick|p2a: My Form Empties\n|-crit|p2a: My Form Empties\n|-damage|p2a: My Form Empties|0 fnt\n|faint|p2a: My Form Empties\n|\n|upkeep\n|\n|t:|1700425858\n|switch|p2a: Fluid Sac|Toxapex, F|69\/100\n|-damage|p2a: Fluid Sac|53\/100|[from] Spikes\n|-damage|p2a: Fluid Sac|41\/100|[from] Stealth Rock\n|turn|40\n|\n|t:|1700425863\n|switch|p1a: Gastrodon|Gastrodon, F|90\/100\n|-damage|p1a: Gastrodon|77\/100|[from] Spikes\n|-status|p1a: Gastrodon|psn\n|-zpower|p2a: Fluid Sac\n|move|p2a: Fluid Sac|Z-Haze|p2a: Fluid Sac|[anim]Haze\n|-heal|p2a: Fluid Sac|100\/100|[zeffect]\n|-clearallboost\n|\n|-heal|p1a: Gastrodon|83\/100 psn|[from] item: Leftovers\n|-damage|p1a: Gastrodon|71\/100 psn|[from] psn\n|upkeep\n|turn|41\n|\n|t:|1700425872\n|switch|p1a: Muk|Muk-Alola, F|80\/100\n|-damage|p1a: Muk|68\/100|[from] Spikes\n|-sideend|p1: Harmony6|move: Toxic Spikes|[of] p1a: Muk\n|move|p2a: Fluid Sac|Toxic Spikes|p1a: Muk\n|-sidestart|p1: Harmony6|move: Toxic Spikes\n|\n|upkeep\n|turn|42\n|\n|t:|1700425877\n|move|p1a: Muk|Poison Jab|p2a: Fluid Sac\n|-resisted|p2a: Fluid Sac\n|-damage|p2a: Fluid Sac|93\/100\n|move|p2a: Fluid Sac|Scald|p1a: Muk\n|-damage|p1a: Muk|57\/100\n|-status|p1a: Muk|brn\n|\n|-damage|p1a: Muk|51\/100 brn|[from] brn\n|upkeep\n|turn|43\n|\n|t:|1700425884\n|switch|p1a: Gastrodon|Gastrodon, F|71\/100 psn\n|-damage|p1a: Gastrodon|58\/100 psn|[from] Spikes\n|move|p2a: Fluid Sac|Toxic Spikes|p1a: Gastrodon\n|-sidestart|p1: Harmony6|move: Toxic Spikes\n|\n|-heal|p1a: Gastrodon|64\/100 psn|[from] item: Leftovers\n|-damage|p1a: Gastrodon|52\/100 psn|[from] psn\n|upkeep\n|turn|44\n|\n|t:|1700425888\n|move|p1a: Gastrodon|Recover|p1a: Gastrodon\n|-heal|p1a: Gastrodon|100\/100 psn\n|move|p2a: Fluid Sac|Haze|p2a: Fluid Sac\n|-clearallboost\n|\n|-damage|p1a: Gastrodon|88\/100 psn|[from] psn\n|upkeep\n|turn|45\n|c|\u2606Harmony6|I cant kill this rn\n|c|\u2606Harmony6|ig we wait lol\n|c|\u2606Harmony6|itll take 40 turns\n|\n|t:|1700425910\n|move|p1a: Gastrodon|Scald|p2a: Fluid Sac\n|-resisted|p2a: Fluid Sac\n|-crit|p2a: Fluid Sac\n|-damage|p2a: Fluid Sac|77\/100\n|move|p2a: Fluid Sac|Toxic Spikes||[still]\n|-fail|p2a: Fluid Sac\n|\n|-heal|p1a: Gastrodon|94\/100 psn|[from] item: Leftovers\n|-damage|p1a: Gastrodon|82\/100 psn|[from] psn\n|upkeep\n|turn|46\n|\n|t:|1700425916\n|move|p1a: Gastrodon|Scald|p2a: Fluid Sac\n|-resisted|p2a: Fluid Sac\n|-damage|p2a: Fluid Sac|67\/100\n|-status|p2a: Fluid Sac|brn\n|move|p2a: Fluid Sac|Haze|p2a: Fluid Sac\n|-clearallboost\n|\n|-heal|p1a: Gastrodon|88\/100 psn|[from] item: Leftovers\n|-damage|p1a: Gastrodon|75\/100 psn|[from] psn\n|-damage|p2a: Fluid Sac|61\/100 brn|[from] brn\n|upkeep\n|turn|47\n|\n|t:|1700425930\n|move|p1a: Gastrodon|Spikes|p2a: Fluid Sac\n|-sidestart|p2: Pex Hater|Spikes\n|move|p2a: Fluid Sac|Haze|p2a: Fluid Sac\n|-clearallboost\n|\n|-heal|p1a: Gastrodon|81\/100 psn|[from] item: Leftovers\n|-damage|p1a: Gastrodon|69\/100 psn|[from] psn\n|-damage|p2a: Fluid Sac|55\/100 brn|[from] brn\n|upkeep\n|turn|48\n|\n|t:|1700425937\n|move|p1a: Gastrodon|Clear Smog|p2a: Fluid Sac\n|-resisted|p2a: Fluid Sac\n|-damage|p2a: Fluid Sac|50\/100 brn\n|-clearboost|p2a: Fluid Sac\n|move|p2a: Fluid Sac|Recover|p2a: Fluid Sac\n|-heal|p2a: Fluid Sac|99\/100 brn\n|\n|-heal|p1a: Gastrodon|75\/100 psn|[from] item: Leftovers\n|-damage|p1a: Gastrodon|63\/100 psn|[from] psn\n|-damage|p2a: Fluid Sac|94\/100 brn|[from] brn\n|upkeep\n|turn|49\n|\n|t:|1700425941\n|move|p1a: Gastrodon|Scald|p2a: Fluid Sac\n|-resisted|p2a: Fluid Sac\n|-damage|p2a: Fluid Sac|84\/100 brn\n|move|p2a: Fluid Sac|Toxic Spikes||[still]\n|-fail|p2a: Fluid Sac\n|\n|-heal|p1a: Gastrodon|69\/100 psn|[from] item: Leftovers\n|-damage|p1a: Gastrodon|56\/100 psn|[from] psn\n|-damage|p2a: Fluid Sac|78\/100 brn|[from] brn\n|upkeep\n|turn|50\n|\n|t:|1700425944\n|move|p1a: Gastrodon|Recover|p1a: Gastrodon\n|-heal|p1a: Gastrodon|100\/100 psn\n|move|p2a: Fluid Sac|Toxic Spikes||[still]\n|-fail|p2a: Fluid Sac\n|\n|-damage|p1a: Gastrodon|88\/100 psn|[from] psn\n|-damage|p2a: Fluid Sac|72\/100 brn|[from] brn\n|upkeep\n|turn|51\n|-message|Pex Hater forfeited.\n|\n|win|Harmony6\n|l|\u2606Pex Hater\n|j|\u2606Pex Hater\n|player|p2|Pex Hater|cheryl\n","uploadtime":1700425953,"views":25,"p1id":"harmony6","p2id":"pexhater","formatid":"gen9nationaldexubers","rating":0,"private":0,"password":""}