{"id":"gen9nationaldexubers-1994508014","p1":"NoSpultsNoBia","p2":"electroshibe","format":"[Gen 9] National Dex Ubers","log":"|j|\u2606NoSpultsNoBia\n|j|\u2606electroshibe\n|t:|1700452251\n|gametype|singles\n|player|p1|NoSpultsNoBia|2|1139\n|player|p2|electroshibe|alec-anime|1192\n|teamsize|p1|6\n|teamsize|p2|6\n|gen|9\n|tier|[Gen 9] National Dex Ubers\n|rated|\n|rule|HP Percentage Mod: HP is shown in percentages\n|rule|Endless Battle Clause: Forcing endless battles is banned\n|rule|OHKO Clause: OHKO moves are banned\n|rule|Evasion Moves Clause: Evasion moves are banned\n|rule|Evasion Items Clause: Evasion items are banned\n|rule|Species Clause: Limit one of each Pok\u00e9mon\n|rule|Sleep Clause Mod: Limit one foe put to sleep\n|rule|Mega Rayquaza Clause: You cannot mega evolve Rayquaza\n|clearpoke\n|poke|p1|Eternatus|\n|poke|p1|Lucario, F|\n|poke|p1|Rayquaza|\n|poke|p1|Groudon|\n|poke|p1|Flutter Mane|\n|poke|p1|Deoxys-Speed|\n|poke|p2|Absol, M|\n|poke|p2|Victini|\n|poke|p2|Arcanine-Hisui, F|\n|poke|p2|Sneasler, M|\n|poke|p2|Ninetales-Alola, F|\n|poke|p2|Braviary-Hisui, M|\n|teampreview\n|inactive|Battle timer is ON: inactive players will automatically lose when time's up. (requested by NoSpultsNoBia)\n|\n|t:|1700452262\n|start\n|switch|p1a: Deoxys|Deoxys-Speed|100\/100\n|switch|p2a: Arev|Absol, M|100\/100\n|-ability|p1a: Deoxys|Pressure\n|-ability|p2a: Arev|Pressure\n|turn|1\n|\n|t:|1700452273\n|detailschange|p2a: Arev|Absol-Mega, M\n|-mega|p2a: Arev|Absol|Absolite\n|move|p1a: Deoxys|Taunt|p2a: Arev\n|move|p2a: Arev|Taunt|p1a: Deoxys|[from]ability: Magic Bounce\n|-start|p1a: Deoxys|move: Taunt\n|move|p2a: Arev|Knock Off|p1a: Deoxys\n|-supereffective|p1a: Deoxys\n|-enditem|p1a: Deoxys|Focus Sash\n|-damage|p1a: Deoxys|1\/100\n|\n|upkeep\n|turn|2\n|\n|t:|1700452282\n|move|p1a: Deoxys|Psycho Boost|p2a: Arev\n|-immune|p2a: Arev\n|move|p2a: Arev|Knock Off|p1a: Deoxys\n|-supereffective|p1a: Deoxys\n|-damage|p1a: Deoxys|0 fnt\n|faint|p1a: Deoxys\n|\n|upkeep\n|\n|t:|1700452286\n|switch|p1a: Flutter Mane|Flutter Mane|100\/100\n|turn|3\n|\n|t:|1700452299\n|move|p2a: Arev|Sucker Punch|p1a: Flutter Mane\n|-damage|p1a: Flutter Mane|12\/100\n|move|p1a: Flutter Mane|Moonblast|p2a: Arev\n|-supereffective|p2a: Arev\n|-damage|p2a: Arev|0 fnt\n|faint|p2a: Arev\n|\n|upkeep\n|\n|t:|1700452305\n|switch|p2a: Amaterasu|Arcanine-Hisui, F|100\/100\n|turn|4\n|\n|t:|1700452321\n|move|p1a: Flutter Mane|Moonblast|p2a: Amaterasu\n|-resisted|p2a: Amaterasu\n|-damage|p2a: Amaterasu|47\/100\n|move|p2a: Amaterasu|Flame Charge|p1a: Flutter Mane\n|-damage|p1a: Flutter Mane|0 fnt\n|-boost|p2a: Amaterasu|spe|1\n|faint|p1a: Flutter Mane\n|-end|p1a: Flutter Mane|Protosynthesis|[silent]\n|\n|upkeep\n|\n|t:|1700452327\n|switch|p1a: Groudon|Groudon|100\/100\n|detailschange|p1a: Groudon|Groudon-Primal\n|-primal|p1a: Groudon|Red Orb\n|-weather|DesolateLand|[from] ability: Desolate Land|[of] p1a: Groudon\n|turn|5\n|\n|t:|1700452331\n|move|p2a: Amaterasu|Head Smash|p1a: Groudon\n|-crit|p1a: Groudon\n|-damage|p1a: Groudon|55\/100\n|move|p1a: Groudon|Heat Crash|p2a: Amaterasu\n|-resisted|p2a: Amaterasu\n|-damage|p2a: Amaterasu|13\/100\n|\n|-weather|DesolateLand|[upkeep]\n|upkeep\n|turn|6\n|\n|t:|1700452338\n|move|p2a: Amaterasu|Head Smash|p1a: Groudon\n|-damage|p1a: Groudon|24\/100\n|move|p1a: Groudon|Fire Punch|p2a: Amaterasu\n|-resisted|p2a: Amaterasu\n|-damage|p2a: Amaterasu|0 fnt\n|faint|p2a: Amaterasu\n|\n|-weather|DesolateLand|[upkeep]\n|upkeep\n|\n|t:|1700452344\n|switch|p2a: Slap|Sneasler, M|100\/100\n|turn|7\n|\n|t:|1700452355\n|move|p2a: Slap|Fake Out|p1a: Groudon\n|-enditem|p2a: Slap|Normal Gem|[from] gem\n|-damage|p1a: Groudon|14\/100\n|cant|p1a: Groudon|flinch\n|\n|-weather|DesolateLand|[upkeep]\n|upkeep\n|turn|8\n|\n|t:|1700452364\n|move|p2a: Slap|Acrobatics|p1a: Groudon\n|-damage|p1a: Groudon|0 fnt\n|faint|p1a: Groudon\n|-weather|none\n|\n|upkeep\n|\n|t:|1700452368\n|switch|p1a: Rayquaza|Rayquaza|100\/100\n|-ability|p1a: Rayquaza|Air Lock\n|turn|9\n|\n|t:|1700452374\n|move|p2a: Slap|Dire Claw|p1a: Rayquaza\n|-damage|p1a: Rayquaza|56\/100\n|-status|p1a: Rayquaza|psn\n|move|p1a: Rayquaza|Dragon Ascent|p2a: Slap\n|-supereffective|p2a: Slap\n|-damage|p2a: Slap|0 fnt\n|-unboost|p1a: Rayquaza|def|1\n|-unboost|p1a: Rayquaza|spd|1\n|faint|p2a: Slap\n|\n|-damage|p1a: Rayquaza|43\/100 psn|[from] psn\n|upkeep\n|\n|t:|1700452387\n|switch|p2a: Luna|Ninetales-Alola, F|100\/100\n|-weather|Snow|[from] ability: Snow Warning|[of] p2a: Luna\n|turn|10\n|\n|t:|1700452403\n|move|p2a: Luna|Freeze-Dry|p1a: Rayquaza\n|-supereffective|p1a: Rayquaza\n|-damage|p1a: Rayquaza|0 fnt\n|faint|p1a: Rayquaza\n|\n|-weather|Snow|[upkeep]\n|upkeep\n|\n|t:|1700452406\n|switch|p1a: Lucario|Lucario, F|100\/100\n|turn|11\n|\n|t:|1700452411\n|detailschange|p1a: Lucario|Lucario-Mega, F\n|-mega|p1a: Lucario|Lucario|Lucarionite\n|move|p1a: Lucario|Swords Dance|p1a: Lucario\n|-boost|p1a: Lucario|atk|2\n|move|p2a: Luna|Aurora Veil|p2a: Luna\n|-sidestart|p2: electroshibe|move: Aurora Veil\n|\n|-weather|Snow|[upkeep]\n|upkeep\n|turn|12\n|\n|t:|1700452421\n|move|p1a: Lucario|Swords Dance|p1a: Lucario\n|-boost|p1a: Lucario|atk|2\n|move|p2a: Luna|Freeze-Dry|p1a: Lucario\n|-resisted|p1a: Lucario\n|-damage|p1a: Lucario|77\/100\n|\n|-weather|Snow|[upkeep]\n|upkeep\n|turn|13\n|\n|t:|1700452424\n|move|p1a: Lucario|Meteor Mash|p2a: Luna\n|-supereffective|p2a: Luna\n|-damage|p2a: Luna|0 fnt\n|faint|p2a: Luna\n|\n|-weather|Snow|[upkeep]\n|upkeep\n|\n|t:|1700452433\n|switch|p2a: Bikutini|Victini|100\/100\n|turn|14\n|\n|t:|1700452449\n|move|p1a: Lucario|Close Combat|p2a: Bikutini\n|-resisted|p2a: Bikutini\n|-damage|p2a: Bikutini|32\/100\n|-unboost|p1a: Lucario|def|1\n|-unboost|p1a: Lucario|spd|1\n|-zpower|p2a: Bikutini\n|move|p2a: Bikutini|Z-Celebrate|p2a: Bikutini|[anim]Celebrate\n|-boost|p2a: Bikutini|atk|1|[zeffect]\n|-boost|p2a: Bikutini|def|1|[zeffect]\n|-boost|p2a: Bikutini|spa|1|[zeffect]\n|-boost|p2a: Bikutini|spd|1|[zeffect]\n|-boost|p2a: Bikutini|spe|1|[zeffect]\n|-activate|p2a: Bikutini|move: Celebrate\n|\n|-weather|none\n|upkeep\n|turn|15\n|\n|t:|1700452457\n|move|p1a: Lucario|Extreme Speed|p2a: Bikutini\n|-damage|p2a: Bikutini|5\/100\n|move|p2a: Bikutini|Stored Power|p1a: Lucario\n|-damage|p1a: Lucario|0 fnt\n|faint|p1a: Lucario\n|\n|upkeep\n|\n|t:|1700452462\n|switch|p1a: Eternatus|Eternatus|100\/100\n|-ability|p1a: Eternatus|Pressure\n|turn|16\n|\n|t:|1700452465\n|move|p2a: Bikutini|Stored Power|p1a: Eternatus\n|-supereffective|p1a: Eternatus\n|-crit|p1a: Eternatus\n|-damage|p1a: Eternatus|0 fnt\n|faint|p1a: Eternatus\n|\n|win|electroshibe\n|raw|NoSpultsNoBia's rating: 1139 &rarr; <strong>1118<\/strong><br \/>(-21 for losing)\n|raw|electroshibe's rating: 1192 &rarr; <strong>1213<\/strong><br \/>(+21 for winning)\n|l|\u2606NoSpultsNoBia\n","uploadtime":1700452480,"views":4,"p1id":"nospultsnobia","p2id":"electroshibe","formatid":"gen9nationaldexubers","rating":1118,"private":0,"password":""}