{"id":"gen9nationaldexubers-1994729125","p1":"ToxicHast3","p2":"adoamgames12","format":"[Gen 9] National Dex Ubers","log":"|j|\u2606ToxicHast3\n|j|\u2606adoamgames12\n|t:|1700486568\n|gametype|singles\n|player|p1|ToxicHast3|veteran|1000\n|player|p2|adoamgames12|cilan|1000\n|teamsize|p1|6\n|teamsize|p2|6\n|gen|9\n|tier|[Gen 9] National Dex Ubers\n|rated|\n|rule|HP Percentage Mod: HP is shown in percentages\n|rule|Endless Battle Clause: Forcing endless battles is banned\n|rule|OHKO Clause: OHKO moves are banned\n|rule|Evasion Moves Clause: Evasion moves are banned\n|rule|Evasion Items Clause: Evasion items are banned\n|rule|Species Clause: Limit one of each Pok\u00e9mon\n|rule|Sleep Clause Mod: Limit one foe put to sleep\n|rule|Mega Rayquaza Clause: You cannot mega evolve Rayquaza\n|clearpoke\n|poke|p1|Gliscor, F|\n|poke|p1|Golisopod, F|\n|poke|p1|Metagross|\n|poke|p1|Greninja-*, M|\n|poke|p1|Nidoking, M|\n|poke|p1|Vileplume, F|\n|poke|p2|Goodra, F|\n|poke|p2|Landorus-Therian, M|\n|poke|p2|Dragonite, F|\n|poke|p2|Azumarill, M|\n|poke|p2|Kyurem|\n|poke|p2|Tapu Koko|\n|teampreview\n|\n|t:|1700486576\n|start\n|switch|p1a: Metagross|Metagross|100\/100\n|switch|p2a: Kyurem|Kyurem|100\/100\n|-ability|p2a: Kyurem|Pressure\n|turn|1\n|\n|t:|1700486586\n|move|p1a: Metagross|Meteor Mash|p2a: Kyurem\n|-supereffective|p2a: Kyurem\n|-damage|p2a: Kyurem|22\/100\n|-boost|p1a: Metagross|atk|1\n|move|p2a: Kyurem|Substitute|p2a: Kyurem\n|-fail|p2a: Kyurem|move: Substitute|[weak]\n|\n|-heal|p2a: Kyurem|28\/100|[from] item: Leftovers\n|upkeep\n|turn|2\n|\n|t:|1700486598\n|detailschange|p1a: Metagross|Metagross-Mega\n|-mega|p1a: Metagross|Metagross|Metagrossite\n|move|p1a: Metagross|Bullet Punch|p2a: Kyurem\n|-supereffective|p2a: Kyurem\n|-damage|p2a: Kyurem|0 fnt\n|faint|p2a: Kyurem\n|\n|upkeep\n|\n|t:|1700486609\n|switch|p2a: Goodra|Goodra, F|100\/100\n|turn|3\n|\n|t:|1700486621\n|move|p1a: Metagross|Meteor Mash|p2a: Goodra\n|-damage|p2a: Goodra|0 fnt\n|faint|p2a: Goodra\n|\n|upkeep\n|\n|t:|1700486627\n|switch|p2a: Landorus|Landorus-Therian, M|100\/100\n|-ability|p2a: Landorus|Intimidate|boost\n|-unboost|p1a: Metagross|atk|1\n|turn|4\n|\n|t:|1700486639\n|-terastallize|p2a: Landorus|Ground\n|move|p1a: Metagross|Meteor Mash|p2a: Landorus\n|-damage|p2a: Landorus|31\/100\n|move|p2a: Landorus|Explosion|p1a: Metagross\n|-resisted|p1a: Metagross\n|-damage|p1a: Metagross|67\/100\n|faint|p2a: Landorus\n|\n|upkeep\n|\n|t:|1700486650\n|switch|p2a: Dragonite|Dragonite, F|100\/100\n|turn|5\n|\n|t:|1700486656\n|move|p1a: Metagross|Zen Headbutt|p2a: Dragonite\n|-crit|p2a: Dragonite\n|-damage|p2a: Dragonite|24\/100\n|move|p2a: Dragonite|Rock Smash|p1a: Metagross\n|-damage|p1a: Metagross|58\/100\n|\n|upkeep\n|turn|6\n|\n|t:|1700486666\n|move|p1a: Metagross|Bullet Punch|p2a: Dragonite\n|-damage|p2a: Dragonite|0 fnt\n|faint|p2a: Dragonite\n|\n|upkeep\n|\n|t:|1700486673\n|switch|p2a: Tapu Koko|Tapu Koko|100\/100\n|-fieldstart|move: Electric Terrain|[from] ability: Electric Surge|[of] p2a: Tapu Koko\n|turn|7\n|\n|t:|1700486680\n|move|p1a: Metagross|Meteor Mash|p2a: Tapu Koko\n|-damage|p2a: Tapu Koko|18\/100\n|-boost|p1a: Metagross|atk|1\n|move|p2a: Tapu Koko|Light Screen|p2a: Tapu Koko\n|-sidestart|p2: adoamgames12|move: Light Screen\n|\n|upkeep\n|turn|8\n|\n|t:|1700486688\n|move|p1a: Metagross|Bullet Punch|p2a: Tapu Koko\n|-damage|p2a: Tapu Koko|0 fnt\n|faint|p2a: Tapu Koko\n|\n|upkeep\n|\n|t:|1700486693\n|switch|p2a: Azumarill|Azumarill, M|100\/100\n|turn|9\n|\n|t:|1700486700\n|move|p1a: Metagross|Bullet Punch|p2a: Azumarill\n|-damage|p2a: Azumarill|58\/100\n|move|p2a: Azumarill|Knock Off|p1a: Metagross\n|-supereffective|p1a: Metagross\n|-damage|p1a: Metagross|41\/100\n|\n|-heal|p2a: Azumarill|64\/100|[from] item: Leftovers\n|upkeep\n|turn|10\n|\n|t:|1700486710\n|move|p1a: Metagross|Meteor Mash|p2a: Azumarill\n|-damage|p2a: Azumarill|0 fnt\n|faint|p2a: Azumarill\n|\n|win|ToxicHast3\n|raw|ToxicHast3's rating: 1000 &rarr; <strong>1040<\/strong><br \/>(+40 for winning)\n|raw|adoamgames12's rating: 1000 &rarr; <strong>1000<\/strong><br \/>(+0 for losing)\n","uploadtime":1700486723,"views":10,"p1id":"toxichast3","p2id":"adoamgames12","formatid":"gen9nationaldexubers","rating":1000,"private":0,"password":""}