{"id":"gen9nationaldexubers-1984379876","p1":"wobushidongnai","p2":"UpsetLemon","format":"[Gen 9] National Dex Ubers","log":"|j|\u2606wobushidongnai\n|j|\u2606UpsetLemon\n|t:|1699252944\n|gametype|singles\n|player|p1|wobushidongnai|preschoolerf|1000\n|player|p2|UpsetLemon|cynthia-gen4|1000\n|teamsize|p1|6\n|teamsize|p2|3\n|gen|9\n|tier|[Gen 9] National Dex Ubers\n|rated|\n|rule|HP Percentage Mod: HP is shown in percentages\n|rule|Endless Battle Clause: Forcing endless battles is banned\n|rule|OHKO Clause: OHKO moves are banned\n|rule|Evasion Moves Clause: Evasion moves are banned\n|rule|Evasion Items Clause: Evasion items are banned\n|rule|Species Clause: Limit one of each Pok\u00e9mon\n|rule|Sleep Clause Mod: Limit one foe put to sleep\n|rule|Mega Rayquaza Clause: You cannot mega evolve Rayquaza\n|clearpoke\n|poke|p1|Kyogre|\n|poke|p1|Deoxys-Speed|\n|poke|p1|Zacian-*|\n|poke|p1|Xerneas-*|\n|poke|p1|Groudon|\n|poke|p1|Arceus|\n|poke|p2|Durant, F|\n|poke|p2|Arceus-Ground|\n|poke|p2|Gastly, F|\n|teampreview\n|\n|t:|1699252949\n|start\n|switch|p1a: Zacian|Zacian-Crowned|100\/100\n|switch|p2a: Gastly|Gastly, F|100\/100\n|-ability|p1a: Zacian|Intrepid Sword|boost\n|-boost|p1a: Zacian|atk|1\n|turn|1\n|\n|t:|1699252956\n|move|p1a: Zacian|Behemoth Blade|p2a: Gastly\n|-enditem|p2a: Gastly|Focus Sash\n|-damage|p2a: Gastly|1\/100\n|move|p2a: Gastly|Mean Look|p1a: Zacian\n|-activate|p1a: Zacian|trapped\n|\n|upkeep\n|turn|2\n|\n|t:|1699252963\n|move|p1a: Zacian|Behemoth Blade|p2a: Gastly\n|-damage|p2a: Gastly|0 fnt\n|faint|p2a: Gastly\n|\n|upkeep\n|\n|t:|1699252968\n|switch|p2a: Durant|Durant, F|100\/100\n|turn|3\n|\n|t:|1699252972\n|move|p1a: Zacian|Sacred Sword|p2a: Durant\n|-damage|p2a: Durant|46\/100\n|move|p2a: Durant|Entrainment|p1a: Zacian\n|-endability|p1a: Zacian|Intrepid Sword|[from] move: Entrainment\n|-ability|p1a: Zacian|Truant|[from] move: Entrainment\n|\n|upkeep\n|turn|4\n|\n|t:|1699252978\n|cant|p1a: Zacian|ability: Truant\n|cant|p2a: Durant|ability: Truant\n|\n|upkeep\n|turn|5\n|\n|t:|1699252982\n|move|p1a: Zacian|Sacred Sword|p2a: Durant\n|-damage|p2a: Durant|0 fnt\n|faint|p2a: Durant\n|\n|upkeep\n|\n|t:|1699252986\n|switch|p2a: Arceus|Arceus-Ground|100\/100\n|turn|6\n|\n|t:|1699252990\n|cant|p1a: Zacian|ability: Truant\n|move|p2a: Arceus|Dragon Dance|p2a: Arceus\n|-boost|p2a: Arceus|atk|1\n|-boost|p2a: Arceus|spe|1\n|\n|upkeep\n|turn|7\n|\n|t:|1699252995\n|-terastallize|p1a: Zacian|Steel\n|move|p2a: Arceus|Protect|p2a: Arceus\n|-singleturn|p2a: Arceus|Protect\n|move|p1a: Zacian|Behemoth Blade|p2a: Arceus\n|-activate|p2a: Arceus|move: Protect\n|\n|upkeep\n|turn|8\n|\n|t:|1699253002\n|switch|p1a: Groudon|Groudon, shiny|100\/100\n|detailschange|p1a: Groudon|Groudon-Primal, shiny\n|-primal|p1a: Groudon|Red Orb\n|-weather|DesolateLand|[from] ability: Desolate Land|[of] p1a: Groudon\n|move|p2a: Arceus|Dragon Dance|p2a: Arceus\n|-boost|p2a: Arceus|atk|1\n|-boost|p2a: Arceus|spe|1\n|\n|-weather|DesolateLand|[upkeep]\n|upkeep\n|turn|9\n|\n|t:|1699253009\n|move|p2a: Arceus|Protect|p2a: Arceus\n|-singleturn|p2a: Arceus|Protect\n|move|p1a: Groudon|Precipice Blades|p2a: Arceus\n|-activate|p2a: Arceus|move: Protect\n|\n|-weather|DesolateLand|[upkeep]\n|upkeep\n|turn|10\n|\n|t:|1699253022\n|move|p2a: Arceus|Earthquake|p1a: Groudon\n|-supereffective|p1a: Groudon\n|-damage|p1a: Groudon|0 fnt\n|faint|p1a: Groudon\n|-weather|none\n|\n|upkeep\n|\n|t:|1699253038\n|switch|p1a: Deoxys|Deoxys-Speed|100\/100\n|-ability|p1a: Deoxys|Pressure\n|turn|11\n|\n|t:|1699253043\n|move|p2a: Arceus|Protect|p2a: Arceus\n|-singleturn|p2a: Arceus|Protect\n|move|p1a: Deoxys|Psycho Boost|p2a: Arceus\n|-activate|p2a: Arceus|move: Protect\n|\n|upkeep\n|turn|12\n|\n|t:|1699253053\n|-terastallize|p2a: Arceus|Normal\n|move|p2a: Arceus|Extreme Speed|p1a: Deoxys\n|-enditem|p1a: Deoxys|Focus Sash\n|-damage|p1a: Deoxys|1\/100\n|move|p1a: Deoxys|Psycho Boost|p2a: Arceus\n|-damage|p2a: Arceus|64\/100\n|-unboost|p1a: Deoxys|spa|2\n|\n|upkeep\n|turn|13\n|\n|t:|1699253065\n|move|p2a: Arceus|Extreme Speed|p1a: Deoxys\n|-damage|p1a: Deoxys|0 fnt\n|faint|p1a: Deoxys\n|\n|upkeep\n|\n|t:|1699253070\n|switch|p1a: Arceus|Arceus|100\/100\n|turn|14\n|\n|t:|1699253074\n|move|p2a: Arceus|Protect|p2a: Arceus\n|-singleturn|p2a: Arceus|Protect\n|move|p1a: Arceus|Extreme Speed|p2a: Arceus\n|-activate|p2a: Arceus|move: Protect\n|\n|upkeep\n|turn|15\n|\n|t:|1699253081\n|move|p2a: Arceus|Extreme Speed|p1a: Arceus\n|-damage|p1a: Arceus|42\/100\n|move|p1a: Arceus|Extreme Speed|p2a: Arceus\n|-damage|p2a: Arceus|28\/100\n|\n|upkeep\n|turn|16\n|inactive|Battle timer is ON: inactive players will automatically lose when time's up. (requested by UpsetLemon)\n|\n|t:|1699253101\n|move|p2a: Arceus|Extreme Speed|p1a: Arceus\n|-damage|p1a: Arceus|0 fnt\n|faint|p1a: Arceus\n|\n|upkeep\n|\n|t:|1699253106\n|switch|p1a: Zacian|Zacian-Crowned, tera:Steel|100\/100\n|turn|17\n|\n|t:|1699253112\n|move|p2a: Arceus|Earthquake|p1a: Zacian\n|-supereffective|p1a: Zacian\n|-damage|p1a: Zacian|0 fnt\n|faint|p1a: Zacian\n|\n|upkeep\n|-message|wobushidongnai forfeited.\n|\n|win|UpsetLemon\n|raw|wobushidongnai's rating: 1000 &rarr; <strong>1000<\/strong><br \/>(+0 for losing)\n|raw|UpsetLemon's rating: 1000 &rarr; <strong>1040<\/strong><br \/>(+40 for winning)\n|l|\u2606wobushidongnai\n","uploadtime":1699253123,"views":12,"p1id":"wobushidongnai","p2id":"upsetlemon","formatid":"gen9nationaldexubers","rating":1000,"private":0,"password":""}