{"id":"gen9nationaldexubers-1987205192","p1":"dr egman gameing","p2":"Luigi3641","format":"[Gen 9] National Dex Ubers","log":"|j|\u2606dr egman gameing\n|j|\u2606Luigi3641\n|t:|1699565093\n|gametype|singles\n|player|p1|dr egman gameing|skierf|1097\n|player|p2|Luigi3641|juggler|1096\n|teamsize|p1|6\n|teamsize|p2|6\n|gen|9\n|tier|[Gen 9] National Dex Ubers\n|rated|\n|rule|HP Percentage Mod: HP is shown in percentages\n|rule|Endless Battle Clause: Forcing endless battles is banned\n|rule|OHKO Clause: OHKO moves are banned\n|rule|Evasion Moves Clause: Evasion moves are banned\n|rule|Evasion Items Clause: Evasion items are banned\n|rule|Species Clause: Limit one of each Pok\u00e9mon\n|rule|Sleep Clause Mod: Limit one foe put to sleep\n|rule|Mega Rayquaza Clause: You cannot mega evolve Rayquaza\n|clearpoke\n|poke|p1|Alakazam, F|\n|poke|p1|Annihilape, M|\n|poke|p1|Arceus|\n|poke|p1|Calyrex-Ice|\n|poke|p1|Chien-Pao|\n|poke|p1|Chi-Yu|\n|poke|p2|Arcanine, M|\n|poke|p2|Poliwrath, M|\n|poke|p2|Alakazam, M|\n|poke|p2|Machamp, F|\n|poke|p2|Victreebel, F|\n|poke|p2|Tentacruel, M|\n|teampreview\n|c|\u2606dr egman gameing|hf\n|c|\u2606Luigi3641|Glhf\n|c|\u2606dr egman gameing|cool team!\n|inactive|Battle timer is ON: inactive players will automatically lose when time's up. (requested by dr egman gameing)\n|\n|t:|1699565113\n|start\n|switch|p1a: Annihilape|Annihilape, M|100\/100\n|switch|p2a: Arcanine|Arcanine, M|100\/100\n|-ability|p2a: Arcanine|Intimidate|boost\n|-unboost|p1a: Annihilape|atk|1\n|-ability|p1a: Annihilape|Defiant|boost\n|-boost|p1a: Annihilape|atk|2\n|turn|1\n|\n|t:|1699565138\n|move|p2a: Arcanine|Raging Fury|p1a: Annihilape\n|-damage|p1a: Annihilape|10\/100\n|move|p1a: Annihilape|U-turn|p2a: Arcanine\n|-resisted|p2a: Arcanine\n|-damage|p2a: Arcanine|68\/100\n|inactive|dr egman gameing has 120 seconds left.\n|\n|t:|1699565168\n|switch|p1a: Alakazam|Alakazam, F|100\/100|[from] U-turn\n|\n|upkeep\n|turn|2\n|c|\u2606Luigi3641|Yeah its honestly a pretty neat team considering what im doing\n|inactive|dr egman gameing has 120 seconds left.\n|c|\u2606dr egman gameing|what are you diong\n|\n|t:|1699565190\n|detailschange|p1a: Alakazam|Alakazam-Mega, F\n|-mega|p1a: Alakazam|Alakazam|Alakazite\n|-ability|p1a: Alakazam|Intimidate|boost\n|-unboost|p2a: Arcanine|atk|1\n|-ability|p1a: Alakazam|Intimidate|[from] ability: Trace|[of] p2a: Arcanine\n|move|p1a: Alakazam|Psychic|p2a: Arcanine\n|-damage|p2a: Arcanine|0 fnt\n|faint|p2a: Arcanine\n|\n|upkeep\n|inactive|Luigi3641 has 120 seconds left.\n|c|\u2606Luigi3641|Im trying to get one win with every single  fully evolved pokemon pokemon\n|c|\u2606Luigi3641|In order\n|\n|t:|1699565238\n|switch|p2a: Alakazam|Alakazam, M|100\/100\n|turn|3\n|inactive|dr egman gameing has 120 seconds left.\n|c|\u2606dr egman gameing|oh cool\n|\n|t:|1699565260\n|switch|p1a: Chien-Pao|Chien-Pao|100\/100\n|-ability|p1a: Chien-Pao|Sword of Ruin\n|detailschange|p2a: Alakazam|Alakazam-Mega, M\n|-mega|p2a: Alakazam|Alakazam|Alakazite\n|-ability|p2a: Alakazam|Sword of Ruin\n|-ability|p2a: Alakazam|Sword of Ruin|[from] ability: Trace|[of] p1a: Chien-Pao\n|move|p2a: Alakazam|Shadow Ball|p1a: Chien-Pao\n|-resisted|p1a: Chien-Pao\n|-damage|p1a: Chien-Pao|73\/100\n|-unboost|p1a: Chien-Pao|spd|1\n|\n|upkeep\n|turn|4\n|\n|t:|1699565276\n|switch|p2a: Machamp|Machamp, F|100\/100\n|move|p1a: Chien-Pao|Sucker Punch||[still]\n|-fail|p1a: Chien-Pao\n|\n|-status|p2a: Machamp|brn|[from] item: Flame Orb\n|upkeep\n|turn|5\n|\n|t:|1699565281\n|switch|p1a: Annihilape|Annihilape, M|10\/100\n|move|p2a: Machamp|Bullet Punch|p1a: Annihilape\n|-damage|p1a: Annihilape|0 fnt\n|faint|p1a: Annihilape\n|\n|-damage|p2a: Machamp|94\/100 brn|[from] brn\n|upkeep\n|\n|t:|1699565294\n|switch|p1a: Calyrex|Calyrex-Ice|100\/100\n|-ability|p1a: Calyrex|As One\n|-ability|p1a: Calyrex|Unnerve\n|turn|6\n|inactive|Luigi3641 has 120 seconds left.\n|\n|t:|1699565303\n|move|p2a: Machamp|Close Combat|p1a: Calyrex\n|-damage|p1a: Calyrex|39\/100\n|-unboost|p2a: Machamp|def|1\n|-unboost|p2a: Machamp|spd|1\n|move|p1a: Calyrex|Glacial Lance|p2a: Machamp\n|-damage|p2a: Machamp|0 fnt\n|faint|p2a: Machamp\n|-ability|p1a: Calyrex|Chilling Neigh|boost\n|-boost|p1a: Calyrex|atk|1\n|\n|upkeep\n|inactive|Luigi3641 has 120 seconds left.\n|\n|t:|1699565315\n|switch|p2a: Alakazam|Alakazam-Mega, M|100\/100\n|turn|7\n|inactive|dr egman gameing has 120 seconds left.\n|inactive|dr egman gameing has 90 seconds left.\n|\n|t:|1699565352\n|switch|p1a: Chi-Yu|Chi-Yu|100\/100\n|-ability|p2a: Alakazam|Beads of Ruin\n|-ability|p2a: Alakazam|Beads of Ruin|[from] ability: Trace|[of] p1a: Chi-Yu\n|-ability|p1a: Chi-Yu|Beads of Ruin\n|move|p2a: Alakazam|Shadow Ball|p1a: Chi-Yu\n|-resisted|p1a: Chi-Yu\n|-damage|p1a: Chi-Yu|80\/100\n|\n|upkeep\n|turn|8\n|inactive|dr egman gameing has 90 seconds left.\n|inactive|Luigi3641 has 120 seconds left.\n|\n|t:|1699565370\n|switch|p2a: Victreebel|Victreebel, F|100\/100\n|move|p1a: Chi-Yu|Dark Pulse|p2a: Victreebel\n|-damage|p2a: Victreebel|25\/100\n|-enditem|p2a: Victreebel|Aguav Berry|[eat]\n|-heal|p2a: Victreebel|58\/100|[from] item: Aguav Berry\n|\n|upkeep\n|turn|9\n|\n|t:|1699565378\n|move|p1a: Chi-Yu|Dark Pulse|p2a: Victreebel\n|-damage|p2a: Victreebel|0 fnt\n|faint|p2a: Victreebel\n|\n|upkeep\n|\n|t:|1699565381\n|switch|p2a: Tentacruel|Tentacruel, M|100\/100\n|turn|10\n|\n|t:|1699565384\n|move|p1a: Chi-Yu|Dark Pulse|p2a: Tentacruel\n|-damage|p2a: Tentacruel|62\/100\n|move|p2a: Tentacruel|Rain Dance|p2a: Tentacruel\n|-weather|RainDance\n|\n|-weather|RainDance|[upkeep]\n|-heal|p2a: Tentacruel|68\/100|[from] ability: Rain Dish\n|-heal|p2a: Tentacruel|74\/100|[from] item: Black Sludge\n|upkeep\n|turn|11\n|\n|t:|1699565390\n|move|p1a: Chi-Yu|Dark Pulse|p2a: Tentacruel\n|-damage|p2a: Tentacruel|36\/100\n|move|p2a: Tentacruel|Scald|p1a: Chi-Yu\n|-supereffective|p1a: Chi-Yu\n|-damage|p1a: Chi-Yu|0 fnt\n|faint|p1a: Chi-Yu\n|\n|-weather|RainDance|[upkeep]\n|-heal|p2a: Tentacruel|43\/100|[from] ability: Rain Dish\n|-heal|p2a: Tentacruel|49\/100|[from] item: Black Sludge\n|upkeep\n|\n|t:|1699565396\n|switch|p1a: Alakazam|Alakazam-Mega, F|100\/100\n|-ability|p1a: Alakazam|Rain Dish|[from] ability: Trace|[of] p2a: Tentacruel\n|turn|12\n|inactive|dr egman gameing has 120 seconds left.\n|\n|t:|1699565402\n|move|p1a: Alakazam|Psychic|p2a: Tentacruel\n|-supereffective|p2a: Tentacruel\n|-damage|p2a: Tentacruel|0 fnt\n|faint|p2a: Tentacruel\n|\n|-weather|RainDance|[upkeep]\n|upkeep\n|\n|t:|1699565405\n|switch|p2a: Poliwrath|Poliwrath, M|100\/100\n|turn|13\n|\n|t:|1699565412\n|switch|p1a: Calyrex|Calyrex-Ice|39\/100\n|-ability|p1a: Calyrex|As One\n|-ability|p1a: Calyrex|Unnerve\n|-terastallize|p2a: Poliwrath|Water\n|move|p2a: Poliwrath|Earthquake|p1a: Calyrex\n|-damage|p1a: Calyrex|21\/100\n|\n|-weather|RainDance|[upkeep]\n|upkeep\n|turn|14\n|\n|t:|1699565422\n|move|p2a: Poliwrath|Scald|p1a: Calyrex\n|-damage|p1a: Calyrex|0 fnt\n|faint|p1a: Calyrex\n|\n|-weather|none\n|upkeep\n|\n|t:|1699565427\n|switch|p1a: Alakazam|Alakazam-Mega, F|100\/100\n|-ability|p1a: Alakazam|Swift Swim|[from] ability: Trace|[of] p2a: Poliwrath\n|turn|15\n|\n|t:|1699565432\n|move|p1a: Alakazam|Psychic|p2a: Poliwrath\n|-damage|p2a: Poliwrath|34\/100\n|move|p2a: Poliwrath|Earthquake|p1a: Alakazam\n|-damage|p1a: Alakazam|40\/100\n|\n|-heal|p2a: Poliwrath|40\/100|[from] item: Leftovers\n|upkeep\n|turn|16\n|\n|t:|1699565439\n|move|p1a: Alakazam|Psychic|p2a: Poliwrath\n|-damage|p2a: Poliwrath|0 fnt\n|faint|p2a: Poliwrath\n|\n|upkeep\n|\n|t:|1699565448\n|switch|p2a: Alakazam|Alakazam-Mega, M|100\/100\n|-ability|p2a: Alakazam|Swift Swim|[from] ability: Trace|[of] p1a: Alakazam\n|turn|17\n|\n|t:|1699565456\n|move|p1a: Alakazam|Psychic|p2a: Alakazam\n|-resisted|p2a: Alakazam\n|-damage|p2a: Alakazam|65\/100\n|move|p2a: Alakazam|Charge Beam|p1a: Alakazam\n|-damage|p1a: Alakazam|14\/100\n|-boost|p2a: Alakazam|spa|1\n|\n|upkeep\n|turn|18\n|inactive|Luigi3641 has 120 seconds left.\n|c|\u2606Luigi3641|Polywrath was originally a defebse support i should get rid of scald for liquidation\n|\n|t:|1699565489\n|move|p2a: Alakazam|Charge Beam|p1a: Alakazam\n|-damage|p1a: Alakazam|0 fnt\n|-boost|p2a: Alakazam|spa|1\n|faint|p1a: Alakazam\n|\n|upkeep\n|\n|t:|1699565494\n|switch|p1a: Arceus|Arceus|100\/100\n|turn|19\n|\n|t:|1699565499\n|-terastallize|p1a: Arceus|Normal\n|move|p1a: Arceus|Extreme Speed|p2a: Alakazam\n|-damage|p2a: Alakazam|0 fnt\n|faint|p2a: Alakazam\n|\n|win|dr egman gameing\n|raw|dr egman gameing's rating: 1097 &rarr; <strong>1122<\/strong><br \/>(+25 for winning)\n|raw|Luigi3641's rating: 1096 &rarr; <strong>1072<\/strong><br \/>(-24 for losing)\n|c|\u2606Luigi3641|GG\n|c|\u2606dr egman gameing|gg!\n|c|\u2606dr egman gameing|good luck with your challenge\n","uploadtime":1699565514,"views":4,"p1id":"dregmangameing","p2id":"luigi3641","formatid":"gen9nationaldexubers","rating":1072,"private":0,"password":""}