{"id":"gen9nationaldexubers-1998454618","p1":"BTS Schweini","p2":"Scolerate2","format":"[Gen 9] National Dex Ubers","log":"|j|\u2606BTS Schweini\n|j|\u2606Scolerate2\n|t:|1700944158\n|gametype|singles\n|player|p1|BTS Schweini|roxanne|\n|player|p2|Scolerate2|2|\n|teamsize|p1|6\n|teamsize|p2|6\n|gen|9\n|tier|[Gen 9] National Dex Ubers\n|rule|HP Percentage Mod: HP is shown in percentages\n|rule|Endless Battle Clause: Forcing endless battles is banned\n|rule|OHKO Clause: OHKO moves are banned\n|rule|Evasion Moves Clause: Evasion moves are banned\n|rule|Evasion Items Clause: Evasion items are banned\n|rule|Species Clause: Limit one of each Pok\u00e9mon\n|rule|Sleep Clause Mod: Limit one foe put to sleep\n|rule|Mega Rayquaza Clause: You cannot mega evolve Rayquaza\n|clearpoke\n|poke|p1|Noivern, M|\n|poke|p1|Alakazam, F|\n|poke|p1|Sylveon, M|\n|poke|p1|Arcanine-Hisui, F|\n|poke|p1|Weezing, F|\n|poke|p1|Mienshao, M|\n|poke|p2|Latios, M|\n|poke|p2|Keldeo-Resolute|\n|poke|p2|Rotom-Heat|\n|poke|p2|Muk-Alola, M|\n|poke|p2|Obstagoon, M|\n|poke|p2|Tinkaton, F|\n|teampreview\n|c|\u2606Scolerate2|gl hf\n|c|\u2606BTS Schweini|gl hf\n|c|\u2606BTS Schweini|livelink ist drau\u00dfen\n|\n|t:|1700944330\n|start\n|switch|p1a: KopfnussAndi|Arcanine-Hisui, F|100\/100\n|switch|p2a: Taxiteller|Tinkaton, F|100\/100\n|-ability|p2a: Taxiteller|Mold Breaker\n|turn|1\n|j| HennyHahn\n|c| HennyHahn|gl & hf, m\u00f6ge das beste Schwein gewinnen\n|\n|t:|1700944378\n|switch|p2a: Sauerbratne|Keldeo-Resolute|100\/100\n|move|p1a: KopfnussAndi|Psychic Fangs|p2a: Sauerbratne\n|-supereffective|p2a: Sauerbratne\n|-crit|p2a: Sauerbratne\n|-damage|p2a: Sauerbratne|0 fnt\n|faint|p2a: Sauerbratne\n|\n|upkeep\n|c|\u2606BTS Schweini|geht ja gut los mit den hax\n|c| HennyHahn|wir haben zumindest schonmal das gl\u00fccklichste Schwein gefunden\n|\n|t:|1700944435\n|switch|p2a: Chefsalatios|Latios, M|100\/100\n|turn|2\n|\n|t:|1700944469\n|switch|p1a: KnuddelLisa|Sylveon, M|100\/100\n|detailschange|p2a: Chefsalatios|Latios-Mega, M\n|-mega|p2a: Chefsalatios|Latios|Latiosite\n|move|p2a: Chefsalatios|Psychic|p1a: KnuddelLisa\n|-damage|p1a: KnuddelLisa|72\/100\n|-unboost|p1a: KnuddelLisa|spd|1\n|\n|-heal|p1a: KnuddelLisa|78\/100|[from] item: Leftovers\n|upkeep\n|turn|3\n|j| DiscusMiscus\n|c| DiscusMiscus|glhf\n|\n|t:|1700944534\n|switch|p2a: Taxiteller|Tinkaton, F|100\/100\n|-ability|p2a: Taxiteller|Mold Breaker\n|move|p1a: KnuddelLisa|Yawn|p2a: Taxiteller\n|-start|p2a: Taxiteller|move: Yawn|[of] p1a: KnuddelLisa\n|\n|-heal|p1a: KnuddelLisa|84\/100|[from] item: Leftovers\n|upkeep\n|turn|4\n|\n|t:|1700944607\n|switch|p1a: KopfnussAndi|Arcanine-Hisui, F|100\/100\n|move|p2a: Taxiteller|Stealth Rock|p1a: KopfnussAndi\n|-sidestart|p1: BTS Schweini|move: Stealth Rock\n|\n|-end|p2a: Taxiteller|move: Yawn|[silent]\n|-status|p2a: Taxiteller|slp\n|upkeep\n|turn|5\n|\n|t:|1700944675\n|cant|p2a: Taxiteller|slp\n|move|p1a: KopfnussAndi|Head Smash|p2a: Taxiteller\n|-resisted|p2a: Taxiteller\n|-damage|p2a: Taxiteller|32\/100 slp\n|\n|-heal|p2a: Taxiteller|38\/100 slp|[from] item: Leftovers\n|upkeep\n|turn|6\n|\n|t:|1700944686\n|cant|p2a: Taxiteller|slp\n|move|p1a: KopfnussAndi|Head Smash|p2a: Taxiteller\n|-resisted|p2a: Taxiteller\n|-damage|p2a: Taxiteller|0 fnt\n|faint|p2a: Taxiteller\n|\n|upkeep\n|\n|t:|1700944780\n|switch|p2a: Obstsalat|Obstagoon, M|100\/100\n|turn|7\n|\n|t:|1700944810\n|move|p2a: Obstsalat|Knock Off|p1a: KopfnussAndi\n|-damage|p1a: KopfnussAndi|59\/100\n|-enditem|p1a: KopfnussAndi|Choice Band|[from] move: Knock Off|[of] p2a: Obstsalat\n|move|p1a: KopfnussAndi|Head Smash|p2a: Obstsalat\n|-damage|p2a: Obstsalat|30\/100\n|\n|upkeep\n|turn|8\n|\n|t:|1700944874\n|switch|p1a: SchmutzigerKevin|Weezing, F|100\/100\n|-ability|p1a: SchmutzigerKevin|Neutralizing Gas\n|-damage|p1a: SchmutzigerKevin|88\/100|[from] Stealth Rock\n|move|p2a: Obstsalat|Knock Off|p1a: SchmutzigerKevin\n|-damage|p1a: SchmutzigerKevin|58\/100\n|-enditem|p1a: SchmutzigerKevin|Black Sludge|[from] move: Knock Off|[of] p2a: Obstsalat\n|\n|upkeep\n|turn|9\n|\n|t:|1700944892\n|switch|p2a: Backofenpommes|Rotom-Heat|100\/100\n|move|p1a: SchmutzigerKevin|Pain Split|p2a: Backofenpommes\n|-sethp|p2a: Backofenpommes|82\/100|[from] move: Pain Split|[silent]\n|-sethp|p1a: SchmutzigerKevin|74\/100|[from] move: Pain Split\n|\n|-heal|p2a: Backofenpommes|88\/100|[from] item: Leftovers\n|upkeep\n|turn|10\n|\n|t:|1700944934\n|-end|p1a: SchmutzigerKevin|ability: Neutralizing Gas\n|switch|p1a: Br\u00fcllThomas|Noivern, M|100\/100\n|-item|p2a: Backofenpommes|Leftovers|[from] ability: Frisk|[of] p1a: Br\u00fcllThomas|[identify]\n|move|p2a: Backofenpommes|Volt Switch|p1a: Br\u00fcllThomas\n|-damage|p1a: Br\u00fcllThomas|67\/100\n|\n|t:|1700944955\n|switch|p2a: Obstsalat|Obstagoon, M|30\/100|[from] Volt Switch\n|\n|upkeep\n|turn|11\n|\n|t:|1700944987\n|switch|p1a: SchmutzigerKevin|Weezing, F|74\/100\n|-ability|p1a: SchmutzigerKevin|Neutralizing Gas\n|-damage|p1a: SchmutzigerKevin|62\/100|[from] Stealth Rock\n|move|p2a: Obstsalat|Double-Edge|p1a: SchmutzigerKevin\n|-damage|p1a: SchmutzigerKevin|29\/100\n|-damage|p2a: Obstsalat|19\/100|[from] Recoil\n|\n|upkeep\n|turn|12\n|\n|t:|1700945031\n|move|p2a: Obstsalat|Double-Edge|p1a: SchmutzigerKevin\n|-damage|p1a: SchmutzigerKevin|0 fnt\n|faint|p1a: SchmutzigerKevin\n|-end|p1a: SchmutzigerKevin|ability: Neutralizing Gas\n|-damage|p2a: Obstsalat|11\/100|[from] Recoil\n|\n|upkeep\n|\n|t:|1700945046\n|switch|p1a: KopfnussAndi|Arcanine-Hisui, F|59\/100\n|-damage|p1a: KopfnussAndi|34\/100|[from] Stealth Rock\n|turn|13\n|j| Dasor 54\n|\n|t:|1700945099\n|move|p1a: KopfnussAndi|Extreme Speed|p2a: Obstsalat\n|-damage|p2a: Obstsalat|0 fnt\n|faint|p2a: Obstsalat\n|\n|upkeep\n|\n|t:|1700945119\n|switch|p2a: Chefsalatios|Latios-Mega, M|100\/100\n|turn|14\n|\n|t:|1700945173\n|switch|p1a: KnuddelLisa|Sylveon, M|84\/100\n|-damage|p1a: KnuddelLisa|72\/100|[from] Stealth Rock\n|move|p2a: Chefsalatios|Psychic|p1a: KnuddelLisa\n|-damage|p1a: KnuddelLisa|44\/100\n|-unboost|p1a: KnuddelLisa|spd|1\n|\n|-heal|p1a: KnuddelLisa|50\/100|[from] item: Leftovers\n|upkeep\n|turn|15\n|\n|t:|1700945232\n|switch|p2a: Pudding|Muk-Alola, M|100\/100\n|move|p1a: KnuddelLisa|Wish|p1a: KnuddelLisa\n|\n|-heal|p1a: KnuddelLisa|56\/100|[from] item: Leftovers\n|upkeep\n|turn|16\n|\n|t:|1700945254\n|move|p1a: KnuddelLisa|Protect|p1a: KnuddelLisa\n|-singleturn|p1a: KnuddelLisa|Protect\n|move|p2a: Pudding|Poison Jab|p1a: KnuddelLisa\n|-activate|p1a: KnuddelLisa|move: Protect\n|\n|-heal|p1a: KnuddelLisa|100\/100|[from] move: Wish|[wisher] KnuddelLisa\n|upkeep\n|turn|17\n|j| yolo gamer xd\n|\n|t:|1700945317\n|switch|p1a: FocusPeter|Mienshao, M|100\/100\n|-damage|p1a: FocusPeter|94\/100|[from] Stealth Rock\n|move|p2a: Pudding|Poison Jab|p1a: FocusPeter\n|-damage|p1a: FocusPeter|34\/100\n|\n|upkeep\n|turn|18\n|\n|t:|1700945353\n|switch|p2a: Backofenpommes|Rotom-Heat|88\/100\n|move|p1a: FocusPeter|Substitute|p1a: FocusPeter\n|-start|p1a: FocusPeter|Substitute\n|-damage|p1a: FocusPeter|9\/100\n|\n|-heal|p2a: Backofenpommes|94\/100|[from] item: Leftovers\n|upkeep\n|turn|19\n|\n|t:|1700945364\n|move|p1a: FocusPeter|Close Combat|p2a: Backofenpommes\n|-damage|p2a: Backofenpommes|34\/100\n|-unboost|p1a: FocusPeter|def|1\n|-unboost|p1a: FocusPeter|spd|1\n|-damage|p1a: FocusPeter|0 fnt|[from] item: Life Orb\n|faint|p1a: FocusPeter\n|move|p2a: Backofenpommes|Volt Switch|p1: FocusPeter|[notarget]\n|-fail|p2a: Backofenpommes\n|\n|-heal|p2a: Backofenpommes|40\/100|[from] item: Leftovers\n|upkeep\n|\n|t:|1700945405\n|switch|p1a: MagicOlaf|Alakazam, F|100\/100\n|turn|20\n|\n|t:|1700945414\n|switch|p2a: Pudding|Muk-Alola, M|100\/100\n|detailschange|p1a: MagicOlaf|Alakazam-Mega, F\n|-mega|p1a: MagicOlaf|Alakazam|Alakazite\n|-ability|p1a: MagicOlaf|Poison Touch|[from] ability: Trace|[of] p2a: Pudding\n|move|p1a: MagicOlaf|Miracle Eye|p2a: Pudding\n|-start|p2a: Pudding|Miracle Eye\n|\n|upkeep\n|turn|21\n|\n|t:|1700945550\n|switch|p2a: Backofenpommes|Rotom-Heat|40\/100\n|move|p1a: MagicOlaf|Psyshock|p2a: Backofenpommes\n|-damage|p2a: Backofenpommes|0 fnt\n|faint|p2a: Backofenpommes\n|\n|upkeep\n|\n|t:|1700945559\n|switch|p2a: Pudding|Muk-Alola, M|100\/100\n|turn|22\n|\n|t:|1700945648\n|move|p1a: MagicOlaf|Miracle Eye|p2a: Pudding\n|-start|p2a: Pudding|Miracle Eye\n|move|p2a: Pudding|Knock Off|p1a: MagicOlaf\n|-supereffective|p1a: MagicOlaf\n|-damage|p1a: MagicOlaf|0 fnt\n|faint|p1a: MagicOlaf\n|\n|upkeep\n|\n|t:|1700945666\n|switch|p1a: KopfnussAndi|Arcanine-Hisui, F|34\/100\n|-damage|p1a: KopfnussAndi|9\/100|[from] Stealth Rock\n|turn|23\n|c|\u2606BTS Schweini|ahhhhh 50\/50\n|\n|t:|1700945700\n|switch|p2a: Chefsalatios|Latios-Mega, M|100\/100\n|move|p1a: KopfnussAndi|Head Smash|p2a: Chefsalatios|[miss]\n|-miss|p1a: KopfnussAndi|p2a: Chefsalatios\n|\n|upkeep\n|turn|24\n|\n|t:|1700945719\n|move|p1a: KopfnussAndi|Extreme Speed|p2a: Chefsalatios\n|-damage|p2a: Chefsalatios|69\/100\n|move|p2a: Chefsalatios|Psychic|p1a: KopfnussAndi\n|-crit|p1a: KopfnussAndi\n|-damage|p1a: KopfnussAndi|0 fnt\n|faint|p1a: KopfnussAndi\n|\n|upkeep\n|\n|t:|1700945735\n|switch|p1a: KnuddelLisa|Sylveon, M|100\/100\n|-damage|p1a: KnuddelLisa|88\/100|[from] Stealth Rock\n|turn|25\n|\n|t:|1700945765\n|move|p2a: Chefsalatios|Psychic|p1a: KnuddelLisa\n|-damage|p1a: KnuddelLisa|61\/100\n|move|p1a: KnuddelLisa|Yawn|p2a: Chefsalatios\n|-start|p2a: Chefsalatios|move: Yawn|[of] p1a: KnuddelLisa\n|\n|-heal|p1a: KnuddelLisa|67\/100|[from] item: Leftovers\n|upkeep\n|turn|26\n|\n|t:|1700945775\n|move|p2a: Chefsalatios|Calm Mind|p2a: Chefsalatios\n|-boost|p2a: Chefsalatios|spa|1\n|-boost|p2a: Chefsalatios|spd|1\n|move|p1a: KnuddelLisa|Wish|p1a: KnuddelLisa\n|\n|-heal|p1a: KnuddelLisa|73\/100|[from] item: Leftovers\n|-end|p2a: Chefsalatios|move: Yawn|[silent]\n|-status|p2a: Chefsalatios|slp\n|upkeep\n|turn|27\n|\n|t:|1700945782\n|cant|p2a: Chefsalatios|slp\n|move|p1a: KnuddelLisa|Hyper Voice|p2a: Chefsalatios\n|-supereffective|p2a: Chefsalatios\n|-damage|p2a: Chefsalatios|21\/100 slp\n|\n|-heal|p1a: KnuddelLisa|100\/100|[from] move: Wish|[wisher] KnuddelLisa\n|upkeep\n|turn|28\n|\n|t:|1700945790\n|cant|p2a: Chefsalatios|slp\n|move|p1a: KnuddelLisa|Hyper Voice|p2a: Chefsalatios\n|-supereffective|p2a: Chefsalatios\n|-damage|p2a: Chefsalatios|0 fnt\n|faint|p2a: Chefsalatios\n|\n|upkeep\n|\n|t:|1700945793\n|switch|p2a: Pudding|Muk-Alola, M|100\/100\n|turn|29\n|\n|t:|1700945814\n|move|p1a: KnuddelLisa|Yawn|p2a: Pudding\n|-start|p2a: Pudding|move: Yawn|[of] p1a: KnuddelLisa\n|move|p2a: Pudding|Poison Jab|p1a: KnuddelLisa\n|-supereffective|p1a: KnuddelLisa\n|-damage|p1a: KnuddelLisa|13\/100\n|\n|-heal|p1a: KnuddelLisa|20\/100|[from] item: Leftovers\n|upkeep\n|turn|30\n|\n|t:|1700945822\n|move|p1a: KnuddelLisa|Protect|p1a: KnuddelLisa\n|-singleturn|p1a: KnuddelLisa|Protect\n|move|p2a: Pudding|Poison Jab|p1a: KnuddelLisa\n|-activate|p1a: KnuddelLisa|move: Protect\n|\n|-heal|p1a: KnuddelLisa|26\/100|[from] item: Leftovers\n|-end|p2a: Pudding|move: Yawn|[silent]\n|-status|p2a: Pudding|slp\n|upkeep\n|turn|31\n|\n|t:|1700945848\n|move|p1a: KnuddelLisa|Hyper Voice|p2a: Pudding\n|-damage|p2a: Pudding|74\/100 slp\n|cant|p2a: Pudding|slp\n|\n|-heal|p1a: KnuddelLisa|32\/100|[from] item: Leftovers\n|-heal|p2a: Pudding|80\/100 slp|[from] item: Black Sludge\n|upkeep\n|turn|32\n|\n|t:|1700945856\n|move|p1a: KnuddelLisa|Hyper Voice|p2a: Pudding\n|-damage|p2a: Pudding|51\/100 slp\n|-curestatus|p2a: Pudding|slp|[msg]\n|move|p2a: Pudding|Poison Jab|p1a: KnuddelLisa\n|-supereffective|p1a: KnuddelLisa\n|-damage|p1a: KnuddelLisa|0 fnt\n|faint|p1a: KnuddelLisa\n|\n|-heal|p2a: Pudding|57\/100|[from] item: Black Sludge\n|upkeep\n|\n|t:|1700945864\n|switch|p1a: Br\u00fcllThomas|Noivern, M|67\/100\n|-item|p2a: Pudding|Black Sludge|[from] ability: Frisk|[of] p1a: Br\u00fcllThomas|[identify]\n|turn|33\n|\n|t:|1700945870\n|move|p1a: Br\u00fcllThomas|Hurricane|p2a: Pudding\n|-damage|p2a: Pudding|23\/100\n|move|p2a: Pudding|Poison Jab|p1a: Br\u00fcllThomas\n|-damage|p1a: Br\u00fcllThomas|26\/100\n|\n|-heal|p2a: Pudding|29\/100|[from] item: Black Sludge\n|upkeep\n|turn|34\n|\n|t:|1700945879\n|move|p1a: Br\u00fcllThomas|Draco Meteor|p2a: Pudding\n|-damage|p2a: Pudding|0 fnt\n|-unboost|p1a: Br\u00fcllThomas|spa|2\n|faint|p2a: Pudding\n|\n|win|BTS Schweini\n|c|\u2606BTS Schweini|GG\n|c| HennyHahn|gg\n|c|\u2606Scolerate2|gg\n|c|\u2606BTS Schweini|allllltttttter\n|c|\u2606BTS Schweini|was ein game\n|c| Dasor 54|Harkani hat wieder Harkani Sachen gemacht\n|j| Scolerate5\n","uploadtime":1700945907,"views":50,"p1id":"btsschweini","p2id":"scolerate2","formatid":"gen9nationaldexubers","rating":0,"private":0,"password":""}