{"id":"gen9nationaldexubers-1986057896","p1":"Rhyfinn jr.","p2":"PaxNero","format":"[Gen 9] National Dex Ubers","log":"|j|\u2606Rhyfinn jr.\n|j|\u2606PaxNero\n|t:|1699445029\n|gametype|singles\n|player|p1|Rhyfinn jr.|benga|1219\n|player|p2|PaxNero|bugcatcher-gen4dp|1270\n|teamsize|p1|6\n|teamsize|p2|6\n|gen|9\n|tier|[Gen 9] National Dex Ubers\n|rated|\n|rule|HP Percentage Mod: HP is shown in percentages\n|rule|Endless Battle Clause: Forcing endless battles is banned\n|rule|OHKO Clause: OHKO moves are banned\n|rule|Evasion Moves Clause: Evasion moves are banned\n|rule|Evasion Items Clause: Evasion items are banned\n|rule|Species Clause: Limit one of each Pok\u00e9mon\n|rule|Sleep Clause Mod: Limit one foe put to sleep\n|rule|Mega Rayquaza Clause: You cannot mega evolve Rayquaza\n|clearpoke\n|poke|p1|Groudon|\n|poke|p1|Ho-Oh|\n|poke|p1|Xerneas-*|\n|poke|p1|Marshadow|\n|poke|p1|Urshifu-*, F|\n|poke|p1|Salamence, M|\n|poke|p2|Zacian-*|\n|poke|p2|Houndoom, F|\n|poke|p2|Boltund, M|\n|poke|p2|Houndstone, M|\n|poke|p2|Ninetales-Alola, M|\n|poke|p2|Shaymin-Sky|\n|teampreview\n|c|\u2606PaxNero|hi\n|inactive|Battle timer is ON: inactive players will automatically lose when time's up. (requested by Rhyfinn jr.)\n|j| alan456\n|\n|t:|1699445050\n|start\n|switch|p1a: Groudon|Groudon|100\/100\n|switch|p2a: Shiron|Ninetales-Alola, M, shiny|100\/100\n|-weather|Snow|[from] ability: Snow Warning|[of] p2a: Shiron\n|detailschange|p1a: Groudon|Groudon-Primal\n|-primal|p1a: Groudon|Red Orb\n|-weather|DesolateLand|[from] ability: Desolate Land|[of] p1a: Groudon\n|turn|1\n|\n|t:|1699445064\n|switch|p2a: Gabe|Houndstone, M, shiny|100\/100\n|move|p1a: Groudon|Rock Polish|p1a: Groudon\n|-boost|p1a: Groudon|spe|2\n|\n|-weather|DesolateLand|[upkeep]\n|upkeep\n|turn|2\n|\n|t:|1699445069\n|move|p1a: Groudon|Flamethrower|p2a: Gabe\n|-damage|p2a: Gabe|0 fnt\n|faint|p2a: Gabe\n|\n|-weather|DesolateLand|[upkeep]\n|upkeep\n|\n|t:|1699445078\n|switch|p2a: Karenn|Houndoom, F, shiny|100\/100\n|turn|3\n|\n|t:|1699445083\n|detailschange|p2a: Karenn|Houndoom-Mega, F, shiny\n|-mega|p2a: Karenn|Houndoom|Houndoominite\n|move|p1a: Groudon|Precipice Blades|p2a: Karenn\n|-supereffective|p2a: Karenn\n|-crit|p2a: Karenn\n|-damage|p2a: Karenn|0 fnt\n|faint|p2a: Karenn\n|\n|-weather|DesolateLand|[upkeep]\n|upkeep\n|\n|t:|1699445089\n|switch|p2a: CompsDestroyer|Zacian-Crowned, shiny|100\/100\n|-ability|p2a: CompsDestroyer|Intrepid Sword|boost\n|-boost|p2a: CompsDestroyer|atk|1\n|turn|4\n|\n|t:|1699445094\n|-terastallize|p2a: CompsDestroyer|Fighting\n|move|p1a: Groudon|Flamethrower|p2a: CompsDestroyer\n|-damage|p2a: CompsDestroyer|23\/100\n|move|p2a: CompsDestroyer|Sacred Sword|p1a: Groudon\n|-damage|p1a: Groudon|42\/100\n|\n|-weather|DesolateLand|[upkeep]\n|upkeep\n|turn|5\n|\n|t:|1699445101\n|move|p1a: Groudon|Flamethrower|p2a: CompsDestroyer\n|-damage|p2a: CompsDestroyer|0 fnt\n|faint|p2a: CompsDestroyer\n|\n|-weather|DesolateLand|[upkeep]\n|upkeep\n|\n|t:|1699445107\n|switch|p2a: Damian|Shaymin-Sky, shiny|100\/100\n|turn|6\n|\n|t:|1699445111\n|move|p2a: Damian|Earth Power|p1a: Groudon\n|-supereffective|p1a: Groudon\n|-damage|p1a: Groudon|0 fnt\n|faint|p1a: Groudon\n|-weather|none\n|\n|upkeep\n|\n|t:|1699445116\n|switch|p1a: Salamence|Salamence, M|100\/100\n|-ability|p1a: Salamence|Intimidate|boost\n|-unboost|p2a: Damian|atk|1\n|turn|7\n|\n|t:|1699445122\n|switch|p2a: Shiron|Ninetales-Alola, M, shiny|100\/100\n|-weather|Snow|[from] ability: Snow Warning|[of] p2a: Shiron\n|detailschange|p1a: Salamence|Salamence-Mega, M\n|-mega|p1a: Salamence|Salamence|Salamencite\n|move|p1a: Salamence|Dragon Dance|p1a: Salamence\n|-boost|p1a: Salamence|atk|1\n|-boost|p1a: Salamence|spe|1\n|\n|-weather|Snow|[upkeep]\n|upkeep\n|turn|8\n|\n|t:|1699445131\n|move|p1a: Salamence|Return|p2a: Shiron\n|-damage|p2a: Shiron|0 fnt\n|faint|p2a: Shiron\n|\n|-weather|Snow|[upkeep]\n|upkeep\n|\n|t:|1699445136\n|switch|p2a: Damian|Shaymin-Sky, shiny|100\/100\n|turn|9\n|\n|t:|1699445139\n|move|p2a: Damian|Air Slash|p1a: Salamence\n|-damage|p1a: Salamence|59\/100\n|move|p1a: Salamence|Return|p2a: Damian\n|-supereffective|p2a: Damian\n|-damage|p2a: Damian|0 fnt\n|faint|p2a: Damian\n|\n|-weather|Snow|[upkeep]\n|upkeep\n|\n|t:|1699445146\n|switch|p2a: Bolt|Boltund, M, shiny|100\/100\n|turn|10\n|\n|t:|1699445152\n|move|p2a: Bolt|Thunder Fang|p1a: Salamence\n|-damage|p1a: Salamence|27\/100\n|move|p1a: Salamence|Earthquake|p2a: Bolt\n|-supereffective|p2a: Bolt\n|-damage|p2a: Bolt|0 fnt\n|faint|p2a: Bolt\n|\n|win|Rhyfinn jr.\n|raw|Rhyfinn jr.'s rating: 1219 &rarr; <strong>1248<\/strong><br \/>(+29 for winning)\n|raw|PaxNero's rating: 1270 &rarr; <strong>1241<\/strong><br \/>(-29 for losing)\n|l|\u2606PaxNero\n","uploadtime":1699445163,"views":5,"p1id":"rhyfinnjr","p2id":"paxnero","formatid":"gen9nationaldexubers","rating":1241,"private":0,"password":""}