{"id":"gen9nationaldexubers-1988739948","p1":"Jayrox41","p2":"mvjr1113","format":"[Gen 9] National Dex Ubers","log":"|j|\u2606Jayrox41\n|j|\u2606mvjr1113\n|t:|1699757059\n|gametype|singles\n|player|p1|Jayrox41|morty-masters2|\n|player|p2|mvjr1113|riley|\n|teamsize|p1|6\n|teamsize|p2|6\n|gen|9\n|tier|[Gen 9] National Dex Ubers\n|rule|HP Percentage Mod: HP is shown in percentages\n|rule|Endless Battle Clause: Forcing endless battles is banned\n|rule|OHKO Clause: OHKO moves are banned\n|rule|Evasion Moves Clause: Evasion moves are banned\n|rule|Evasion Items Clause: Evasion items are banned\n|rule|Species Clause: Limit one of each Pok\u00e9mon\n|rule|Sleep Clause Mod: Limit one foe put to sleep\n|rule|Mega Rayquaza Clause: You cannot mega evolve Rayquaza\n|clearpoke\n|poke|p1|Espeon, F|\n|poke|p1|Entei|\n|poke|p1|Azumarill, F|\n|poke|p1|Skarmory, M|\n|poke|p1|Tyranitar, M|\n|poke|p1|Crobat, F|\n|poke|p2|Sableye, M|\n|poke|p2|Shiftry, M|\n|poke|p2|Medicham, F|\n|poke|p2|Salamence, M|\n|poke|p2|Claydol|\n|poke|p2|Breloom, F|\n|teampreview\n|\n|t:|1699757118\n|start\n|switch|p1a: Sorry Josh|Crobat, F, shiny|100\/100\n|switch|p2a: Claydol|Claydol|100\/100\n|turn|1\n|\n|t:|1699757129\n|move|p1a: Sorry Josh|U-turn|p2a: Claydol\n|-supereffective|p2a: Claydol\n|-damage|p2a: Claydol|69\/100\n|\n|t:|1699757133\n|switch|p1a: Bombagranite|Skarmory, M|100\/100|[from] U-turn\n|move|p2a: Claydol|Trick Room|p2a: Claydol\n|-fieldstart|move: Trick Room|[of] p2a: Claydol\n|\n|upkeep\n|turn|2\n|\n|t:|1699757157\n|move|p2a: Claydol|Psychic Terrain|p2a: Claydol\n|-fieldstart|move: Psychic Terrain\n|move|p1a: Bombagranite|Iron Defense|p1a: Bombagranite\n|-boost|p1a: Bombagranite|def|2\n|\n|upkeep\n|turn|3\n|\n|t:|1699757172\n|move|p2a: Claydol|Expanding Force|p1a: Bombagranite\n|-resisted|p1a: Bombagranite\n|-damage|p1a: Bombagranite|87\/100\n|move|p1a: Bombagranite|Body Press|p2a: Claydol\n|-resisted|p2a: Claydol\n|-damage|p2a: Claydol|36\/100\n|\n|upkeep\n|turn|4\n|\n|t:|1699757188\n|move|p2a: Claydol|Explosion|p1a: Bombagranite\n|-resisted|p1a: Bombagranite\n|-damage|p1a: Bombagranite|81\/100\n|faint|p2a: Claydol\n|move|p1a: Bombagranite|Iron Defense|p1a: Bombagranite\n|-boost|p1a: Bombagranite|def|2\n|\n|upkeep\n|\n|t:|1699757195\n|switch|p2a: Sableye|Sableye, M|100\/100\n|turn|5\n|\n|t:|1699757202\n|move|p2a: Sableye|Taunt|p1a: Bombagranite\n|-start|p1a: Bombagranite|move: Taunt\n|cant|p1a: Bombagranite|move: Taunt|Stealth Rock\n|\n|-fieldend|move: Trick Room\n|upkeep\n|turn|6\n|\n|t:|1699757217\n|move|p1a: Bombagranite|Body Press|p2a: Sableye\n|-immune|p2a: Sableye\n|move|p2a: Sableye|Knock Off|p1a: Bombagranite\n|-damage|p1a: Bombagranite|76\/100\n|-damage|p2a: Sableye|84\/100|[from] item: Rocky Helmet|[of] p1a: Bombagranite\n|-enditem|p1a: Bombagranite|Rocky Helmet|[from] move: Knock Off|[of] p2a: Sableye\n|\n|-heal|p2a: Sableye|90\/100|[from] item: Leftovers\n|-fieldend|move: Psychic Terrain\n|upkeep\n|turn|7\n|\n|t:|1699757226\n|move|p2a: Sableye|Will-O-Wisp|p1a: Bombagranite\n|-status|p1a: Bombagranite|brn\n|move|p1a: Bombagranite|Body Press|p2a: Sableye\n|-immune|p2a: Sableye\n|\n|-heal|p2a: Sableye|97\/100|[from] item: Leftovers\n|-damage|p1a: Bombagranite|70\/100 brn|[from] brn\n|-end|p1a: Bombagranite|move: Taunt\n|upkeep\n|turn|8\n|\n|t:|1699757240\n|move|p1a: Bombagranite|Stealth Rock|p2a: Sableye\n|-sidestart|p2: mvjr1113|move: Stealth Rock\n|move|p2a: Sableye|Knock Off|p1a: Bombagranite\n|-damage|p1a: Bombagranite|66\/100 brn\n|\n|-heal|p2a: Sableye|100\/100|[from] item: Leftovers\n|-damage|p1a: Bombagranite|60\/100 brn|[from] brn\n|upkeep\n|turn|9\n|\n|t:|1699757246\n|move|p2a: Sableye|Taunt|p1a: Bombagranite\n|-start|p1a: Bombagranite|move: Taunt\n|cant|p1a: Bombagranite|move: Taunt|Roost\n|\n|-damage|p1a: Bombagranite|54\/100 brn|[from] brn\n|upkeep\n|turn|10\n|\n|t:|1699757259\n|move|p1a: Bombagranite|Body Press|p2a: Sableye\n|-immune|p2a: Sableye\n|move|p2a: Sableye|Knock Off|p1a: Bombagranite\n|-damage|p1a: Bombagranite|51\/100 brn\n|\n|-damage|p1a: Bombagranite|45\/100 brn|[from] brn\n|upkeep\n|turn|11\n|\n|t:|1699757285\n|move|p1a: Bombagranite|Body Press|p2a: Sableye\n|-immune|p2a: Sableye\n|move|p2a: Sableye|Knock Off|p1a: Bombagranite\n|-damage|p1a: Bombagranite|41\/100 brn\n|\n|-damage|p1a: Bombagranite|35\/100 brn|[from] brn\n|-end|p1a: Bombagranite|move: Taunt\n|upkeep\n|turn|12\n|\n|t:|1699757293\n|move|p2a: Sableye|Taunt|p1a: Bombagranite\n|-start|p1a: Bombagranite|move: Taunt\n|cant|p1a: Bombagranite|move: Taunt|Roost\n|\n|-damage|p1a: Bombagranite|29\/100 brn|[from] brn\n|upkeep\n|turn|13\n|\n|t:|1699757299\n|switch|p1a: Papa John|Tyranitar, M|100\/100\n|-weather|Sandstorm|[from] ability: Sand Stream|[of] p1a: Papa John\n|move|p2a: Sableye|Knock Off|p1a: Papa John\n|-resisted|p1a: Papa John\n|-damage|p1a: Papa John|92\/100\n|\n|-weather|Sandstorm|[upkeep]\n|-damage|p2a: Sableye|94\/100|[from] Sandstorm\n|-heal|p2a: Sableye|100\/100|[from] item: Leftovers\n|upkeep\n|turn|14\n|\n|t:|1699757321\n|switch|p1a: Killian Hayes|Entei, shiny|100\/100\n|move|p2a: Sableye|Will-O-Wisp|p1a: Killian Hayes\n|-immune|p1a: Killian Hayes\n|\n|-weather|Sandstorm|[upkeep]\n|-damage|p1a: Killian Hayes|94\/100|[from] Sandstorm\n|-damage|p2a: Sableye|94\/100|[from] Sandstorm\n|-heal|p2a: Sableye|100\/100|[from] item: Leftovers\n|upkeep\n|turn|15\n|\n|t:|1699757372\n|switch|p2a: Breloom|Breloom, F, shiny|100\/100\n|-damage|p2a: Breloom|94\/100|[from] Stealth Rock\n|move|p1a: Killian Hayes|Sacred Fire|p2a: Breloom\n|-supereffective|p2a: Breloom\n|-damage|p2a: Breloom|0 fnt\n|faint|p2a: Breloom\n|\n|-weather|Sandstorm|[upkeep]\n|-damage|p1a: Killian Hayes|88\/100|[from] Sandstorm\n|upkeep\n|\n|t:|1699757413\n|switch|p2a: Medicham|Medicham, F|100\/100\n|-damage|p2a: Medicham|94\/100|[from] Stealth Rock\n|turn|16\n|\n|t:|1699757428\n|detailschange|p2a: Medicham|Medicham-Mega, F\n|-mega|p2a: Medicham|Medicham|Medichamite\n|move|p1a: Killian Hayes|Sacred Fire|p2a: Medicham\n|-damage|p2a: Medicham|0 fnt\n|faint|p2a: Medicham\n|\n|-weather|Sandstorm|[upkeep]\n|-damage|p1a: Killian Hayes|82\/100|[from] Sandstorm\n|upkeep\n|\n|t:|1699757474\n|switch|p2a: Salamence|Salamence, M|100\/100\n|-damage|p2a: Salamence|76\/100|[from] Stealth Rock\n|turn|17\n|\n|t:|1699757496\n|-terastallize|p1a: Killian Hayes|Fire\n|move|p2a: Salamence|Dragon Dance|p2a: Salamence\n|-boost|p2a: Salamence|atk|1\n|-boost|p2a: Salamence|spe|1\n|move|p1a: Killian Hayes|Sacred Fire|p2a: Salamence\n|-resisted|p2a: Salamence\n|-damage|p2a: Salamence|18\/100\n|\n|-weather|none\n|-heal|p2a: Salamence|24\/100|[from] item: Leftovers\n|upkeep\n|turn|18\n|\n|t:|1699757525\n|switch|p1a: Bombagranite|Skarmory, M|29\/100 brn\n|move|p2a: Salamence|Earthquake|p1a: Bombagranite\n|-immune|p1a: Bombagranite\n|\n|-heal|p2a: Salamence|30\/100|[from] item: Leftovers\n|-damage|p1a: Bombagranite|23\/100 brn|[from] brn\n|upkeep\n|turn|19\n|\n|t:|1699757535\n|move|p2a: Salamence|Fire Fang|p1a: Bombagranite\n|-supereffective|p1a: Bombagranite\n|-damage|p1a: Bombagranite|0 fnt\n|faint|p1a: Bombagranite\n|-ability|p2a: Salamence|Moxie|boost\n|-boost|p2a: Salamence|atk|1\n|\n|-heal|p2a: Salamence|36\/100|[from] item: Leftovers\n|upkeep\n|\n|t:|1699757543\n|switch|p1a: Killian Hayes|Entei, shiny, tera:Fire|82\/100\n|turn|20\n|\n|t:|1699757553\n|move|p1a: Killian Hayes|Extreme Speed|p2a: Salamence\n|-damage|p2a: Salamence|0 fnt\n|faint|p2a: Salamence\n|\n|upkeep\n|-message|mvjr1113 forfeited.\n|\n|win|Jayrox41\n|l|\u2606mvjr1113\n|c|\u2606Jayrox41|gg\n|j|\u2606mvjr1113\n|player|p2|mvjr1113|riley\n","uploadtime":1699757589,"views":19,"p1id":"jayrox41","p2id":"mvjr1113","formatid":"gen9nationaldexubers","rating":0,"private":0,"password":""}