{"id":"gen9nationaldexubers-1979212344","p1":"HOLY_BARK","p2":"ReshiramSimp","format":"[Gen 9] National Dex Ubers","log":"|j|\u2606HOLY_BARK\n|j|\u2606ReshiramSimp\n|t:|1698653078\n|gametype|singles\n|player|p1|HOLY_BARK|169|1077\n|player|p2|ReshiramSimp|n|1181\n|teamsize|p1|3\n|teamsize|p2|6\n|gen|9\n|tier|[Gen 9] National Dex Ubers\n|rated|\n|rule|HP Percentage Mod: HP is shown in percentages\n|rule|Endless Battle Clause: Forcing endless battles is banned\n|rule|OHKO Clause: OHKO moves are banned\n|rule|Evasion Moves Clause: Evasion moves are banned\n|rule|Evasion Items Clause: Evasion items are banned\n|rule|Species Clause: Limit one of each Pok\u00e9mon\n|rule|Sleep Clause Mod: Limit one foe put to sleep\n|rule|Mega Rayquaza Clause: You cannot mega evolve Rayquaza\n|clearpoke\n|poke|p1|Scovillain, M|\n|poke|p1|Orthworm, M|\n|poke|p1|Kommo-o, M|\n|poke|p2|Zapdos-Galar|\n|poke|p2|Lickilicky, M|\n|poke|p2|Basculegion, M|\n|poke|p2|Pelipper, M|\n|poke|p2|Metagross|\n|poke|p2|Golisopod, M|\n|teampreview\n|c|\u2606ReshiramSimp|ooh\n|c|\u2606ReshiramSimp|stalling team\n|c|\u2606ReshiramSimp|cool\n|\n|t:|1698653095\n|start\n|switch|p1a: EARTH WORM|Orthworm, M, shiny|100\/100\n|switch|p2a: KFC|Zapdos-Galar|100\/100\n|turn|1\n|c|\u2606ReshiramSimp|glhf\n|\n|t:|1698653109\n|-terastallize|p1a: EARTH WORM|Dragon\n|move|p2a: KFC|Thunderous Kick|p1a: EARTH WORM\n|-damage|p1a: EARTH WORM|70\/100\n|-unboost|p1a: EARTH WORM|def|1\n|move|p1a: EARTH WORM|Shed Tail|p1a: EARTH WORM\n|-start|p1a: EARTH WORM|Substitute|[from] move: Shed Tail\n|-damage|p1a: EARTH WORM|20\/100\n|-enditem|p1a: EARTH WORM|Sitrus Berry|[eat]\n|-heal|p1a: EARTH WORM|45\/100|[from] item: Sitrus Berry\n|c|\u2606ReshiramSimp|KFC stronk\n|\n|t:|1698653121\n|switch|p1a: TWO HEADED VILLIAN|Scovillain, M, shiny|100\/100|[from] Shed Tail\n|\n|-ability|p1a: TWO HEADED VILLIAN|Moody|boost\n|-boost|p1a: TWO HEADED VILLIAN|spd|2\n|-unboost|p1a: TWO HEADED VILLIAN|def|1\n|upkeep\n|turn|2\n|\n|t:|1698653135\n|move|p1a: TWO HEADED VILLIAN|Protect|p1a: TWO HEADED VILLIAN\n|-singleturn|p1a: TWO HEADED VILLIAN|Protect\n|move|p2a: KFC|U-turn|p1a: TWO HEADED VILLIAN\n|-activate|p1a: TWO HEADED VILLIAN|move: Protect\n|\n|-ability|p1a: TWO HEADED VILLIAN|Moody|boost\n|-boost|p1a: TWO HEADED VILLIAN|spa|2\n|-unboost|p1a: TWO HEADED VILLIAN|spd|1\n|upkeep\n|turn|3\n|\n|t:|1698653147\n|move|p2a: KFC|U-turn|p1a: TWO HEADED VILLIAN\n|-end|p1a: TWO HEADED VILLIAN|Substitute\n|\n|t:|1698653155\n|switch|p2a: 4 arms|Metagross|100\/100|[from] U-turn\n|move|p1a: TWO HEADED VILLIAN|Leech Seed|p2a: 4 arms\n|-start|p2a: 4 arms|move: Leech Seed\n|\n|-damage|p2a: 4 arms|88\/100|[from] Leech Seed|[of] p1a: TWO HEADED VILLIAN\n|-ability|p1a: TWO HEADED VILLIAN|Moody|boost\n|-boost|p1a: TWO HEADED VILLIAN|spe|2\n|-unboost|p1a: TWO HEADED VILLIAN|spa|1\n|upkeep\n|turn|4\n|\n|t:|1698653166\n|detailschange|p2a: 4 arms|Metagross-Mega\n|-mega|p2a: 4 arms|Metagross|Metagrossite\n|move|p1a: TWO HEADED VILLIAN|Substitute|p1a: TWO HEADED VILLIAN\n|-start|p1a: TWO HEADED VILLIAN|Substitute\n|-damage|p1a: TWO HEADED VILLIAN|75\/100\n|move|p2a: 4 arms|Brick Break|p1a: TWO HEADED VILLIAN\n|-end|p1a: TWO HEADED VILLIAN|Substitute\n|\n|-heal|p1a: TWO HEADED VILLIAN|82\/100|[from] item: Leftovers\n|-damage|p2a: 4 arms|76\/100|[from] Leech Seed|[of] p1a: TWO HEADED VILLIAN\n|-heal|p1a: TWO HEADED VILLIAN|95\/100|[silent]\n|-ability|p1a: TWO HEADED VILLIAN|Moody|boost\n|-boost|p1a: TWO HEADED VILLIAN|atk|2\n|-unboost|p1a: TWO HEADED VILLIAN|spe|1\n|upkeep\n|turn|5\n|\n|t:|1698653182\n|move|p1a: TWO HEADED VILLIAN|Protect|p1a: TWO HEADED VILLIAN\n|-singleturn|p1a: TWO HEADED VILLIAN|Protect\n|move|p2a: 4 arms|Brick Break|p1a: TWO HEADED VILLIAN\n|-activate|p1a: TWO HEADED VILLIAN|move: Protect\n|\n|-heal|p1a: TWO HEADED VILLIAN|100\/100|[from] item: Leftovers\n|-damage|p2a: 4 arms|64\/100|[from] Leech Seed|[of] p1a: TWO HEADED VILLIAN\n|-ability|p1a: TWO HEADED VILLIAN|Moody|boost\n|-boost|p1a: TWO HEADED VILLIAN|def|2\n|-unboost|p1a: TWO HEADED VILLIAN|spe|1\n|upkeep\n|turn|6\n|\n|t:|1698653194\n|move|p2a: 4 arms|Psyshock|p1a: TWO HEADED VILLIAN\n|-damage|p1a: TWO HEADED VILLIAN|66\/100\n|move|p1a: TWO HEADED VILLIAN|Substitute|p1a: TWO HEADED VILLIAN\n|-start|p1a: TWO HEADED VILLIAN|Substitute\n|-damage|p1a: TWO HEADED VILLIAN|41\/100\n|\n|-heal|p1a: TWO HEADED VILLIAN|47\/100|[from] item: Leftovers\n|-damage|p2a: 4 arms|51\/100|[from] Leech Seed|[of] p1a: TWO HEADED VILLIAN\n|-heal|p1a: TWO HEADED VILLIAN|61\/100|[silent]\n|-ability|p1a: TWO HEADED VILLIAN|Moody|boost\n|-boost|p1a: TWO HEADED VILLIAN|atk|2\n|-unboost|p1a: TWO HEADED VILLIAN|spe|1\n|upkeep\n|turn|7\n|\n|t:|1698653221\n|move|p1a: TWO HEADED VILLIAN|Protect|p1a: TWO HEADED VILLIAN\n|-singleturn|p1a: TWO HEADED VILLIAN|Protect\n|move|p2a: 4 arms|Brick Break|p1a: TWO HEADED VILLIAN\n|-activate|p1a: TWO HEADED VILLIAN|move: Protect\n|\n|-heal|p1a: TWO HEADED VILLIAN|67\/100|[from] item: Leftovers\n|-damage|p2a: 4 arms|39\/100|[from] Leech Seed|[of] p1a: TWO HEADED VILLIAN\n|-heal|p1a: TWO HEADED VILLIAN|81\/100|[silent]\n|-ability|p1a: TWO HEADED VILLIAN|Moody|boost\n|-boost|p1a: TWO HEADED VILLIAN|spa|2\n|-unboost|p1a: TWO HEADED VILLIAN|spe|1\n|upkeep\n|turn|8\n|c|\u2606ReshiramSimp|stalling sucks\n|\n|t:|1698653239\n|move|p2a: 4 arms|Ice Punch|p1a: TWO HEADED VILLIAN\n|-end|p1a: TWO HEADED VILLIAN|Substitute\n|move|p1a: TWO HEADED VILLIAN|Substitute|p1a: TWO HEADED VILLIAN\n|-start|p1a: TWO HEADED VILLIAN|Substitute\n|-damage|p1a: TWO HEADED VILLIAN|56\/100\n|\n|-heal|p1a: TWO HEADED VILLIAN|62\/100|[from] item: Leftovers\n|-damage|p2a: 4 arms|27\/100|[from] Leech Seed|[of] p1a: TWO HEADED VILLIAN\n|-heal|p1a: TWO HEADED VILLIAN|75\/100|[silent]\n|-ability|p1a: TWO HEADED VILLIAN|Moody|boost\n|-boost|p1a: TWO HEADED VILLIAN|spd|2\n|-unboost|p1a: TWO HEADED VILLIAN|atk|1\n|upkeep\n|turn|9\n|\n|t:|1698653255\n|switch|p2a: Allah Akbar|Lickilicky, M|100\/100\n|-ability|p2a: Allah Akbar|Cloud Nine\n|move|p1a: TWO HEADED VILLIAN|Protect||[still]\n|-fail|p1a: TWO HEADED VILLIAN\n|\n|-heal|p1a: TWO HEADED VILLIAN|82\/100|[from] item: Leftovers\n|-ability|p1a: TWO HEADED VILLIAN|Moody|boost\n|-boost|p1a: TWO HEADED VILLIAN|def|2\n|-unboost|p1a: TWO HEADED VILLIAN|spe|1\n|upkeep\n|turn|10\n|\n|t:|1698653267\n|move|p2a: Allah Akbar|Thunder|p1a: TWO HEADED VILLIAN\n|-resisted|p1a: TWO HEADED VILLIAN\n|-activate|p1a: TWO HEADED VILLIAN|move: Substitute|[damage]\n|move|p1a: TWO HEADED VILLIAN|Flamethrower|p2a: Allah Akbar\n|-damage|p2a: Allah Akbar|7\/100\n|\n|-heal|p1a: TWO HEADED VILLIAN|88\/100|[from] item: Leftovers\n|-ability|p1a: TWO HEADED VILLIAN|Moody|boost\n|-boost|p1a: TWO HEADED VILLIAN|atk|2\n|-unboost|p1a: TWO HEADED VILLIAN|def|1\n|upkeep\n|turn|11\n|\n|t:|1698653279\n|-terastallize|p2a: Allah Akbar|Normal\n|move|p2a: Allah Akbar|Explosion|p1a: TWO HEADED VILLIAN\n|-enditem|p2a: Allah Akbar|Normal Gem|[from] gem\n|-end|p1a: TWO HEADED VILLIAN|Substitute\n|faint|p2a: Allah Akbar\n|move|p1a: TWO HEADED VILLIAN|Leech Seed|p2: Allah Akbar|[notarget]\n|-fail|p1a: TWO HEADED VILLIAN\n|\n|-heal|p1a: TWO HEADED VILLIAN|94\/100|[from] item: Leftovers\n|-ability|p1a: TWO HEADED VILLIAN|Moody|boost\n|-boost|p1a: TWO HEADED VILLIAN|def|2\n|-unboost|p1a: TWO HEADED VILLIAN|spd|1\n|upkeep\n|\n|t:|1698653289\n|switch|p2a: scaredy bug|Golisopod, M|100\/100\n|turn|12\n|\n|t:|1698653295\n|move|p2a: scaredy bug|First Impression|p1a: TWO HEADED VILLIAN\n|-damage|p1a: TWO HEADED VILLIAN|69\/100\n|move|p1a: TWO HEADED VILLIAN|Substitute|p1a: TWO HEADED VILLIAN\n|-start|p1a: TWO HEADED VILLIAN|Substitute\n|-damage|p1a: TWO HEADED VILLIAN|44\/100\n|\n|-heal|p1a: TWO HEADED VILLIAN|50\/100|[from] item: Leftovers\n|-ability|p1a: TWO HEADED VILLIAN|Moody|boost\n|-boost|p1a: TWO HEADED VILLIAN|def|2\n|-unboost|p1a: TWO HEADED VILLIAN|spd|1\n|upkeep\n|turn|13\n|inactive|Battle timer is ON: inactive players will automatically lose when time's up. (requested by ReshiramSimp)\n|\n|t:|1698653306\n|move|p2a: scaredy bug|Pin Missile|p1a: TWO HEADED VILLIAN\n|-activate|p1a: TWO HEADED VILLIAN|move: Substitute|[damage]\n|-activate|p1a: TWO HEADED VILLIAN|move: Substitute|[damage]\n|-activate|p1a: TWO HEADED VILLIAN|move: Substitute|[damage]\n|-activate|p1a: TWO HEADED VILLIAN|move: Substitute|[damage]\n|-hitcount|p1a: TWO HEADED VILLIAN|4\n|move|p1a: TWO HEADED VILLIAN|Leech Seed|p2a: scaredy bug\n|-start|p2a: scaredy bug|move: Leech Seed\n|\n|-heal|p1a: TWO HEADED VILLIAN|56\/100|[from] item: Leftovers\n|-damage|p2a: scaredy bug|88\/100|[from] Leech Seed|[of] p1a: TWO HEADED VILLIAN\n|-heal|p1a: TWO HEADED VILLIAN|71\/100|[silent]\n|-ability|p1a: TWO HEADED VILLIAN|Moody|boost\n|-boost|p1a: TWO HEADED VILLIAN|spd|2\n|-unboost|p1a: TWO HEADED VILLIAN|def|1\n|upkeep\n|turn|14\n|\n|t:|1698653323\n|move|p2a: scaredy bug|Fury Cutter|p1a: TWO HEADED VILLIAN\n|-end|p1a: TWO HEADED VILLIAN|Substitute\n|move|p1a: TWO HEADED VILLIAN|Flamethrower|p2a: scaredy bug\n|-damage|p2a: scaredy bug|0 fnt\n|faint|p2a: scaredy bug\n|\n|-heal|p1a: TWO HEADED VILLIAN|77\/100|[from] item: Leftovers\n|-ability|p1a: TWO HEADED VILLIAN|Moody|boost\n|-boost|p1a: TWO HEADED VILLIAN|spd|2\n|-unboost|p1a: TWO HEADED VILLIAN|spe|1\n|upkeep\n|c|\u2606ReshiramSimp|god\n|\n|t:|1698653334\n|switch|p2a: KFC|Zapdos-Galar|100\/100\n|turn|15\n|\n|t:|1698653339\n|move|p1a: TWO HEADED VILLIAN|Protect|p1a: TWO HEADED VILLIAN\n|-singleturn|p1a: TWO HEADED VILLIAN|Protect\n|move|p2a: KFC|Blaze Kick|p1a: TWO HEADED VILLIAN\n|-activate|p1a: TWO HEADED VILLIAN|move: Protect\n|\n|-heal|p1a: TWO HEADED VILLIAN|83\/100|[from] item: Leftovers\n|-ability|p1a: TWO HEADED VILLIAN|Moody|boost\n|-boost|p1a: TWO HEADED VILLIAN|spe|2\n|-unboost|p1a: TWO HEADED VILLIAN|spa|1\n|upkeep\n|turn|16\n|c|\u2606ReshiramSimp|oh god\u2026\n|\n|t:|1698653352\n|move|p2a: KFC|Blaze Kick|p1a: TWO HEADED VILLIAN\n|-damage|p1a: TWO HEADED VILLIAN|69\/100\n|move|p1a: TWO HEADED VILLIAN|Substitute|p1a: TWO HEADED VILLIAN\n|-start|p1a: TWO HEADED VILLIAN|Substitute\n|-damage|p1a: TWO HEADED VILLIAN|44\/100\n|\n|-heal|p1a: TWO HEADED VILLIAN|50\/100|[from] item: Leftovers\n|-ability|p1a: TWO HEADED VILLIAN|Moody|boost\n|-boost|p1a: TWO HEADED VILLIAN|spe|2\n|-unboost|p1a: TWO HEADED VILLIAN|spd|1\n|upkeep\n|turn|17\n|c|\u2606ReshiramSimp|its fucking stalling\n|\n|t:|1698653363\n|move|p2a: KFC|Blaze Kick|p1a: TWO HEADED VILLIAN\n|-activate|p1a: TWO HEADED VILLIAN|move: Substitute|[damage]\n|move|p1a: TWO HEADED VILLIAN|Leech Seed|p2a: KFC|[miss]\n|-miss|p1a: TWO HEADED VILLIAN|p2a: KFC\n|\n|-heal|p1a: TWO HEADED VILLIAN|57\/100|[from] item: Leftovers\n|-ability|p1a: TWO HEADED VILLIAN|Moody|boost\n|-boost|p1a: TWO HEADED VILLIAN|spe|2\n|-unboost|p1a: TWO HEADED VILLIAN|atk|1\n|upkeep\n|turn|18\n|\n|t:|1698653374\n|switch|p2a: 4 arms|Metagross-Mega|27\/100\n|move|p1a: TWO HEADED VILLIAN|Leech Seed|p2a: 4 arms\n|-start|p2a: 4 arms|move: Leech Seed\n|\n|-heal|p1a: TWO HEADED VILLIAN|63\/100|[from] item: Leftovers\n|-damage|p2a: 4 arms|14\/100|[from] Leech Seed|[of] p1a: TWO HEADED VILLIAN\n|-heal|p1a: TWO HEADED VILLIAN|77\/100|[silent]\n|-ability|p1a: TWO HEADED VILLIAN|Moody|boost\n|-boost|p1a: TWO HEADED VILLIAN|spd|2\n|-unboost|p1a: TWO HEADED VILLIAN|spa|1\n|upkeep\n|turn|19\n|\n|t:|1698653387\n|switch|p2a: Toilet|Pelipper, M|100\/100\n|-weather|RainDance|[from] ability: Drizzle|[of] p2a: Toilet\n|move|p1a: TWO HEADED VILLIAN|Protect||[still]\n|-fail|p1a: TWO HEADED VILLIAN\n|\n|-weather|RainDance|[upkeep]\n|-heal|p1a: TWO HEADED VILLIAN|83\/100|[from] item: Leftovers\n|-ability|p1a: TWO HEADED VILLIAN|Moody|boost\n|-boost|p1a: TWO HEADED VILLIAN|def|1\n|-unboost|p1a: TWO HEADED VILLIAN|spd|1\n|upkeep\n|turn|20\n|\n|t:|1698653399\n|move|p1a: TWO HEADED VILLIAN|Leech Seed|p2a: Toilet\n|-start|p2a: Toilet|move: Leech Seed\n|move|p2a: Toilet|Seed Bomb|p1a: TWO HEADED VILLIAN\n|-resisted|p1a: TWO HEADED VILLIAN\n|-activate|p1a: TWO HEADED VILLIAN|move: Substitute|[damage]\n|\n|-weather|RainDance|[upkeep]\n|-heal|p1a: TWO HEADED VILLIAN|89\/100|[from] item: Leftovers\n|-damage|p2a: Toilet|88\/100|[from] Leech Seed|[of] p1a: TWO HEADED VILLIAN\n|-heal|p1a: TWO HEADED VILLIAN|100\/100|[silent]\n|-ability|p1a: TWO HEADED VILLIAN|Moody|boost\n|-boost|p1a: TWO HEADED VILLIAN|spe|2\n|-unboost|p1a: TWO HEADED VILLIAN|def|1\n|upkeep\n|turn|21\n|\n|t:|1698653413\n|move|p1a: TWO HEADED VILLIAN|Leech Seed||[still]\n|-fail|p1a: TWO HEADED VILLIAN\n|move|p2a: Toilet|Weather Ball|p1a: TWO HEADED VILLIAN\n|-end|p1a: TWO HEADED VILLIAN|Substitute\n|\n|-weather|RainDance|[upkeep]\n|-damage|p2a: Toilet|76\/100|[from] Leech Seed|[of] p1a: TWO HEADED VILLIAN\n|-ability|p1a: TWO HEADED VILLIAN|Moody|boost\n|-boost|p1a: TWO HEADED VILLIAN|atk|2\n|-unboost|p1a: TWO HEADED VILLIAN|spe|1\n|upkeep\n|turn|22\n|\n|t:|1698653424\n|move|p1a: TWO HEADED VILLIAN|Substitute|p1a: TWO HEADED VILLIAN\n|-start|p1a: TWO HEADED VILLIAN|Substitute\n|-damage|p1a: TWO HEADED VILLIAN|75\/100\n|move|p2a: Toilet|Weather Ball|p1a: TWO HEADED VILLIAN\n|-activate|p1a: TWO HEADED VILLIAN|move: Substitute|[damage]\n|\n|-weather|RainDance|[upkeep]\n|-heal|p1a: TWO HEADED VILLIAN|82\/100|[from] item: Leftovers\n|-damage|p2a: Toilet|63\/100|[from] Leech Seed|[of] p1a: TWO HEADED VILLIAN\n|-heal|p1a: TWO HEADED VILLIAN|96\/100|[silent]\n|-ability|p1a: TWO HEADED VILLIAN|Moody|boost\n|-boost|p1a: TWO HEADED VILLIAN|spe|2\n|-unboost|p1a: TWO HEADED VILLIAN|def|1\n|upkeep\n|turn|23\n|c|\u2606ReshiramSimp|fuk\n|c|\u2606ReshiramSimp|stall\n|\n|t:|1698653438\n|move|p1a: TWO HEADED VILLIAN|Flamethrower|p2a: Toilet\n|-resisted|p2a: Toilet\n|-damage|p2a: Toilet|41\/100\n|move|p2a: Toilet|U-turn|p1a: TWO HEADED VILLIAN\n|-end|p1a: TWO HEADED VILLIAN|Substitute\n|\n|t:|1698653442\n|switch|p2a: 4 arms|Metagross-Mega|14\/100|[from] U-turn\n|\n|-weather|RainDance|[upkeep]\n|-heal|p1a: TWO HEADED VILLIAN|100\/100|[from] item: Leftovers\n|-ability|p1a: TWO HEADED VILLIAN|Moody|boost\n|-boost|p1a: TWO HEADED VILLIAN|spd|1\n|-unboost|p1a: TWO HEADED VILLIAN|atk|1\n|upkeep\n|turn|24\n|\n|t:|1698653452\n|move|p1a: TWO HEADED VILLIAN|Flamethrower|p2a: 4 arms\n|-supereffective|p2a: 4 arms\n|-damage|p2a: 4 arms|0 fnt\n|faint|p2a: 4 arms\n|\n|-weather|RainDance|[upkeep]\n|-ability|p1a: TWO HEADED VILLIAN|Moody|boost\n|-boost|p1a: TWO HEADED VILLIAN|def|2\n|-unboost|p1a: TWO HEADED VILLIAN|spd|1\n|upkeep\n|\n|t:|1698653457\n|switch|p2a: Feesh|Basculegion, M|100\/100\n|turn|25\n|\n|t:|1698653465\n|move|p1a: TWO HEADED VILLIAN|Leech Seed|p2a: Feesh|[miss]\n|-miss|p1a: TWO HEADED VILLIAN|p2a: Feesh\n|move|p2a: Feesh|Last Respects|p1a: TWO HEADED VILLIAN\n|-damage|p1a: TWO HEADED VILLIAN|54\/100\n|\n|-weather|RainDance|[upkeep]\n|-heal|p1a: TWO HEADED VILLIAN|60\/100|[from] item: Leftovers\n|-ability|p1a: TWO HEADED VILLIAN|Moody|boost\n|-boost|p1a: TWO HEADED VILLIAN|spa|2\n|-unboost|p1a: TWO HEADED VILLIAN|spe|1\n|upkeep\n|turn|26\n|\n|t:|1698653477\n|move|p2a: Feesh|Last Respects|p1a: TWO HEADED VILLIAN\n|-damage|p1a: TWO HEADED VILLIAN|16\/100\n|move|p1a: TWO HEADED VILLIAN|Flamethrower|p2a: Feesh\n|-resisted|p2a: Feesh\n|-damage|p2a: Feesh|67\/100\n|\n|-weather|none\n|-heal|p1a: TWO HEADED VILLIAN|23\/100|[from] item: Leftovers\n|-ability|p1a: TWO HEADED VILLIAN|Moody|boost\n|-boost|p1a: TWO HEADED VILLIAN|spa|2\n|-unboost|p1a: TWO HEADED VILLIAN|atk|1\n|upkeep\n|turn|27\n|\n|t:|1698653489\n|move|p1a: TWO HEADED VILLIAN|Protect|p1a: TWO HEADED VILLIAN\n|-singleturn|p1a: TWO HEADED VILLIAN|Protect\n|move|p2a: Feesh|Last Respects|p1a: TWO HEADED VILLIAN\n|-activate|p1a: TWO HEADED VILLIAN|move: Protect\n|\n|-heal|p1a: TWO HEADED VILLIAN|29\/100|[from] item: Leftovers\n|-ability|p1a: TWO HEADED VILLIAN|Moody|boost\n|-boost|p1a: TWO HEADED VILLIAN|spe|2\n|-unboost|p1a: TWO HEADED VILLIAN|def|1\n|upkeep\n|turn|28\n|\n|t:|1698653501\n|move|p1a: TWO HEADED VILLIAN|Leech Seed|p2a: Feesh\n|-start|p2a: Feesh|move: Leech Seed\n|move|p2a: Feesh|Last Respects|p1a: TWO HEADED VILLIAN\n|-damage|p1a: TWO HEADED VILLIAN|0 fnt\n|faint|p1a: TWO HEADED VILLIAN\n|\n|upkeep\n|c|\u2606ReshiramSimp|finally\n|\n|t:|1698653509\n|switch|p1a: KOMODO DRAGON|Kommo-o, M|100\/100\n|turn|29\n|c|\u2606ReshiramSimp|fuk u\n|\n|t:|1698653524\n|move|p2a: Feesh|Last Respects|p1a: KOMODO DRAGON\n|-damage|p1a: KOMODO DRAGON|0 fnt\n|faint|p1a: KOMODO DRAGON\n|\n|upkeep\n|\n|t:|1698653530\n|switch|p1a: EARTH WORM|Orthworm, M, shiny, tera:Dragon|45\/100\n|turn|30\n|\n|t:|1698653535\n|move|p2a: Feesh|Last Respects|p1a: EARTH WORM\n|-damage|p1a: EARTH WORM|0 fnt\n|faint|p1a: EARTH WORM\n|\n|win|ReshiramSimp\n|raw|HOLY_BARK's rating: 1077 &rarr; <strong>1062<\/strong><br \/>(-15 for losing)\n|raw|ReshiramSimp's rating: 1181 &rarr; <strong>1199<\/strong><br \/>(+18 for winning)\n","uploadtime":1698653541,"views":17,"p1id":"holybark","p2id":"reshiramsimp","formatid":"gen9nationaldexubers","rating":1062,"private":0,"password":""}