{"id":"gen9nationaldexubers-1988309693","p1":"Omey","p2":"emmaloubibbityboo","format":"[Gen 9] National Dex Ubers","log":"|j|\u2606Omey\n|j|\u2606emmaloubibbityboo\n|t:|1699706211\n|gametype|singles\n|player|p1|Omey|galacticgrunt|\n|player|p2|emmaloubibbityboo|hilda|\n|teamsize|p1|4\n|teamsize|p2|4\n|gen|9\n|tier|[Gen 9] National Dex Ubers\n|rule|HP Percentage Mod: HP is shown in percentages\n|rule|Endless Battle Clause: Forcing endless battles is banned\n|rule|OHKO Clause: OHKO moves are banned\n|rule|Evasion Moves Clause: Evasion moves are banned\n|rule|Evasion Items Clause: Evasion items are banned\n|rule|Species Clause: Limit one of each Pok\u00e9mon\n|rule|Sleep Clause Mod: Limit one foe put to sleep\n|rule|Mega Rayquaza Clause: You cannot mega evolve Rayquaza\n|clearpoke\n|poke|p1|Hariyama, M|\n|poke|p1|Meloetta|\n|poke|p1|Lickilicky, M|\n|poke|p1|Kommo-o, F|\n|poke|p2|Melmetal|\n|poke|p2|Magearna|\n|poke|p2|Pangoro, M|\n|poke|p2|Heatran, F|\n|teampreview\n|\n|t:|1699706248\n|start\n|switch|p1a: SlammaJamma|Hariyama, M|100\/100\n|switch|p2a: Keith|Pangoro, M|100\/100\n|turn|1\n|\n|t:|1699706257\n|switch|p2a: A Clockwork Orange|Magearna|100\/100\n|move|p1a: SlammaJamma|Close Combat|p2a: A Clockwork Orange\n|-damage|p2a: A Clockwork Orange|64\/100\n|-unboost|p1a: SlammaJamma|def|1\n|-unboost|p1a: SlammaJamma|spd|1\n|\n|upkeep\n|turn|2\n|\n|t:|1699706272\n|switch|p1a: The Cannon|Lickilicky, M, shiny|100\/100\n|move|p2a: A Clockwork Orange|Fleur Cannon|p1a: The Cannon\n|-damage|p1a: The Cannon|54\/100\n|-unboost|p2a: A Clockwork Orange|spa|2\n|\n|upkeep\n|turn|3\n|\n|t:|1699706286\n|switch|p2a: Burny Sanders|Heatran, F|100\/100\n|move|p1a: The Cannon|Explosion|p2a: Burny Sanders\n|-resisted|p2a: Burny Sanders\n|-damage|p2a: Burny Sanders|33\/100\n|faint|p1a: The Cannon\n|\n|-heal|p2a: Burny Sanders|39\/100|[from] item: Leftovers\n|upkeep\n|\n|t:|1699706314\n|switch|p1a: TheOneThatSavesMe|Meloetta|100\/100\n|turn|4\n|\n|t:|1699706327\n|move|p1a: TheOneThatSavesMe|Calm Mind|p1a: TheOneThatSavesMe\n|-boost|p1a: TheOneThatSavesMe|spa|1\n|-boost|p1a: TheOneThatSavesMe|spd|1\n|move|p2a: Burny Sanders|Lava Plume|p1a: TheOneThatSavesMe\n|-damage|p1a: TheOneThatSavesMe|84\/100\n|-status|p1a: TheOneThatSavesMe|brn\n|\n|-heal|p1a: TheOneThatSavesMe|90\/100 brn|[from] item: Leftovers\n|-heal|p2a: Burny Sanders|45\/100|[from] item: Leftovers\n|-damage|p1a: TheOneThatSavesMe|84\/100 brn|[from] brn\n|upkeep\n|turn|5\n|\n|t:|1699706345\n|move|p1a: TheOneThatSavesMe|Calm Mind|p1a: TheOneThatSavesMe\n|-boost|p1a: TheOneThatSavesMe|spa|1\n|-boost|p1a: TheOneThatSavesMe|spd|1\n|move|p2a: Burny Sanders|Fire Fang|p1a: TheOneThatSavesMe\n|-damage|p1a: TheOneThatSavesMe|64\/100 brn\n|\n|-heal|p1a: TheOneThatSavesMe|70\/100 brn|[from] item: Leftovers\n|-heal|p2a: Burny Sanders|52\/100|[from] item: Leftovers\n|-damage|p1a: TheOneThatSavesMe|64\/100 brn|[from] brn\n|upkeep\n|turn|6\n|\n|t:|1699706364\n|move|p1a: TheOneThatSavesMe|Shadow Ball|p2a: Burny Sanders\n|-damage|p2a: Burny Sanders|25\/100\n|move|p2a: Burny Sanders|Fire Fang|p1a: TheOneThatSavesMe\n|-damage|p1a: TheOneThatSavesMe|41\/100 brn\n|\n|-heal|p1a: TheOneThatSavesMe|48\/100 brn|[from] item: Leftovers\n|-heal|p2a: Burny Sanders|31\/100|[from] item: Leftovers\n|-damage|p1a: TheOneThatSavesMe|41\/100 brn|[from] brn\n|upkeep\n|turn|7\n|\n|t:|1699706374\n|move|p1a: TheOneThatSavesMe|Shadow Ball|p2a: Burny Sanders\n|-damage|p2a: Burny Sanders|3\/100\n|-unboost|p2a: Burny Sanders|spd|1\n|move|p2a: Burny Sanders|Fire Fang|p1a: TheOneThatSavesMe\n|-damage|p1a: TheOneThatSavesMe|21\/100 brn\n|\n|-heal|p1a: TheOneThatSavesMe|27\/100 brn|[from] item: Leftovers\n|-heal|p2a: Burny Sanders|9\/100|[from] item: Leftovers\n|-damage|p1a: TheOneThatSavesMe|21\/100 brn|[from] brn\n|upkeep\n|turn|8\n|\n|t:|1699706386\n|move|p1a: TheOneThatSavesMe|Shadow Ball|p2a: Burny Sanders\n|-damage|p2a: Burny Sanders|0 fnt\n|faint|p2a: Burny Sanders\n|\n|-heal|p1a: TheOneThatSavesMe|27\/100 brn|[from] item: Leftovers\n|-damage|p1a: TheOneThatSavesMe|21\/100 brn|[from] brn\n|upkeep\n|\n|t:|1699706396\n|switch|p2a: Totally not banded|Melmetal|100\/100\n|turn|9\n|\n|t:|1699706407\n|move|p1a: TheOneThatSavesMe|Shadow Ball|p2a: Totally not banded\n|-damage|p2a: Totally not banded|58\/100\n|move|p2a: Totally not banded|Steel Beam|p1a: TheOneThatSavesMe\n|-damage|p1a: TheOneThatSavesMe|0 fnt\n|-damage|p2a: Totally not banded|8\/100|[from] steelbeam\n|faint|p1a: TheOneThatSavesMe\n|\n|upkeep\n|\n|t:|1699706448\n|switch|p1a: SlammaJamma|Hariyama, M|100\/100\n|turn|10\n|\n|t:|1699706459\n|move|p1a: SlammaJamma|Knock Off|p2a: Totally not banded\n|-damage|p2a: Totally not banded|0 fnt\n|-enditem|p2a: Totally not banded|Choice Specs|[from] move: Knock Off|[of] p1a: SlammaJamma\n|faint|p2a: Totally not banded\n|\n|upkeep\n|\n|t:|1699706464\n|switch|p2a: A Clockwork Orange|Magearna|64\/100\n|turn|11\n|\n|t:|1699706481\n|move|p2a: A Clockwork Orange|Fleur Cannon|p1a: SlammaJamma\n|-supereffective|p1a: SlammaJamma\n|-damage|p1a: SlammaJamma|31\/100\n|-unboost|p2a: A Clockwork Orange|spa|2\n|move|p1a: SlammaJamma|Close Combat|p2a: A Clockwork Orange\n|-damage|p2a: A Clockwork Orange|26\/100\n|-unboost|p1a: SlammaJamma|def|1\n|-unboost|p1a: SlammaJamma|spd|1\n|\n|upkeep\n|turn|12\n|\n|t:|1699706496\n|move|p2a: A Clockwork Orange|Fleur Cannon|p1a: SlammaJamma\n|-supereffective|p1a: SlammaJamma\n|-damage|p1a: SlammaJamma|0 fnt\n|-unboost|p2a: A Clockwork Orange|spa|2\n|faint|p1a: SlammaJamma\n|-ability|p2a: A Clockwork Orange|Soul-Heart|boost\n|-boost|p2a: A Clockwork Orange|spa|1\n|\n|upkeep\n|\n|t:|1699706499\n|switch|p1a: Kommo-NO|Kommo-o, F|100\/100\n|turn|13\n|\n|t:|1699706505\n|move|p1a: Kommo-NO|Drain Punch|p2a: A Clockwork Orange\n|-damage|p2a: A Clockwork Orange|4\/100\n|move|p2a: A Clockwork Orange|Fleur Cannon|p1a: Kommo-NO\n|-supereffective|p1a: Kommo-NO\n|-damage|p1a: Kommo-NO|0 fnt\n|-unboost|p2a: A Clockwork Orange|spa|2\n|faint|p1a: Kommo-NO\n|\n|win|emmaloubibbityboo\n|c|\u2606Omey|GG\n|c|\u2606emmaloubibbityboo|gg\n","uploadtime":1699706511,"views":25,"p1id":"omey","p2id":"emmaloubibbityboo","formatid":"gen9nationaldexubers","rating":0,"private":0,"password":""}