{"id":"gen9nationaldexubers-1984230689","p1":"TheRealDiabeto","p2":"Disco 2003","format":"[Gen 9] National Dex Ubers","log":"|j|\u2606TheRealDiabeto\n|j|\u2606Disco 2003\n|t:|1699232839\n|gametype|singles\n|player|p1|TheRealDiabeto|youngster-gen4dp|\n|player|p2|Disco 2003|266|\n|teamsize|p1|6\n|teamsize|p2|6\n|gen|9\n|tier|[Gen 9] National Dex Ubers\n|rule|HP Percentage Mod: HP is shown in percentages\n|rule|Endless Battle Clause: Forcing endless battles is banned\n|rule|OHKO Clause: OHKO moves are banned\n|rule|Evasion Moves Clause: Evasion moves are banned\n|rule|Evasion Items Clause: Evasion items are banned\n|rule|Species Clause: Limit one of each Pok\u00e9mon\n|rule|Sleep Clause Mod: Limit one foe put to sleep\n|rule|Mega Rayquaza Clause: You cannot mega evolve Rayquaza\n|clearpoke\n|poke|p1|Sneasler, F|\n|poke|p1|Rillaboom, M|\n|poke|p1|Glimmora, M|\n|poke|p1|Ogerpon-Wellspring, F|\n|poke|p1|Great Tusk|\n|poke|p1|Zapdos|\n|poke|p2|Clodsire, M|\n|poke|p2|Mamoswine, M|\n|poke|p2|Dudunsparce-*, F|\n|poke|p2|Landorus-Therian, M|\n|poke|p2|Great Tusk|\n|poke|p2|Gliscor, F|\n|teampreview\n|c|\u2606TheRealDiabeto|glhf\n|j| vespyyy\n|j| B3YOND THE HOR1ZON\n|c|\u2606Disco 2003|u2\n|c|\u2606TheRealDiabeto|boutta change my name to a starset reference\n|\n|t:|1699232919\n|start\n|switch|p1a: Glimmora|Glimmora, M|100\/100\n|switch|p2a: Wind of Change|Gliscor, F, shiny|100\/100\n|turn|1\n|c| B3YOND THE HOR1ZON|He knows lfg\n|\n|t:|1699232933\n|move|p1a: Glimmora|Spikes|p2a: Wind of Change\n|-sidestart|p2: Disco 2003|Spikes\n|move|p2a: Wind of Change|Earthquake|p1a: Glimmora\n|-supereffective|p1a: Glimmora\n|-enditem|p1a: Glimmora|Focus Sash\n|-damage|p1a: Glimmora|1\/100\n|-activate|p1a: Glimmora|ability: Toxic Debris\n|-sidestart|p2: Disco 2003|move: Toxic Spikes\n|\n|-status|p2a: Wind of Change|tox|[from] item: Toxic Orb\n|upkeep\n|turn|2\n|c| B3YOND THE HOR1ZON|I still want Tezzy to beat your ass though\n|c| B3YOND THE HOR1ZON|Smile\n|c|\u2606TheRealDiabeto|I just want the one W :(\n|c|\u2606Disco 2003|is this morgan\n|c| B3YOND THE HOR1ZON|hi\n|c| B3YOND THE HOR1ZON|<3\n|\n|t:|1699232964\n|move|p1a: Glimmora|Power Gem|p2a: Wind of Change\n|-damage|p2a: Wind of Change|64\/100 tox\n|move|p2a: Wind of Change|Earthquake|p1a: Glimmora\n|-supereffective|p1a: Glimmora\n|-damage|p1a: Glimmora|0 fnt\n|-activate|p1a: Glimmora|ability: Toxic Debris\n|-sidestart|p2: Disco 2003|move: Toxic Spikes\n|faint|p1a: Glimmora\n|\n|-heal|p2a: Wind of Change|77\/100 tox|[from] ability: Poison Heal\n|upkeep\n|\n|t:|1699232978\n|switch|p1a: Ogerpon|Ogerpon-Wellspring, F|100\/100\n|turn|3\n|c|\u2606Disco 2003|i cant believe i've gone from hardest gym into freest w\n|c|\u2606Disco 2003|how times have changed man\n|c| B3YOND THE HOR1ZON|I'm required by law to root for my GLs\n|c| B3YOND THE HOR1ZON|Nah you just gotta find your groove\n|\n|t:|1699233003\n|switch|p2a: Harvest Moon|Landorus-Therian, M|100\/100\n|-ability|p2a: Harvest Moon|Intimidate|boost\n|-unboost|p1a: Ogerpon|atk|1\n|move|p1a: Ogerpon|Ivy Cudgel|p2a: Harvest Moon\n|-supereffective|p2a: Harvest Moon\n|-damage|p2a: Harvest Moon|45\/100\n|\n|upkeep\n|turn|4\n|c| B3YOND THE HOR1ZON|That said\n|c| B3YOND THE HOR1ZON|Kyogrepon is\n|c| B3YOND THE HOR1ZON|Really yikes for you\n|c| B3YOND THE HOR1ZON|Ngl\n|c|\u2606Disco 2003|ya\n|\n|t:|1699233045\n|switch|p1a: Zapdos|Zapdos, shiny|100\/100\n|switch|p2a: Goo Goo Muck|Clodsire, M|100\/100\n|-damage|p2a: Goo Goo Muck|88\/100|[from] Spikes\n|-sideend|p2: Disco 2003|move: Toxic Spikes|[of] p2a: Goo Goo Muck\n|\n|-heal|p2a: Goo Goo Muck|94\/100|[from] item: Black Sludge\n|upkeep\n|turn|5\n|c| B3YOND THE HOR1ZON|At least we know both the same pain\n|c| B3YOND THE HOR1ZON|Shafts me too\n|c|\u2606Disco 2003|ground has too many scuffed matchups smh\n|\n|t:|1699233069\n|move|p1a: Zapdos|Hurricane|p2a: Goo Goo Muck\n|-crit|p2a: Goo Goo Muck\n|-damage|p2a: Goo Goo Muck|49\/100\n|move|p2a: Goo Goo Muck|Toxic|p1a: Zapdos\n|-status|p1a: Zapdos|tox\n|\n|-heal|p2a: Goo Goo Muck|55\/100|[from] item: Black Sludge\n|-damage|p1a: Zapdos|94\/100 tox|[from] psn\n|upkeep\n|turn|6\n|c| B3YOND THE HOR1ZON|Finna run sludge bomb pex\n|c| vespyyy|Oof\n|c|\u2606Disco 2003|serise loaded banded meowscarada\n|c| vespyyy|Lol\n|c| B3YOND THE HOR1ZON|Oh no\n|\n|t:|1699233093\n|move|p1a: Zapdos|Hurricane|p2a: Goo Goo Muck|[miss]\n|-miss|p1a: Zapdos|p2a: Goo Goo Muck\n|move|p2a: Goo Goo Muck|Recover|p2a: Goo Goo Muck\n|-heal|p2a: Goo Goo Muck|100\/100\n|\n|-damage|p1a: Zapdos|82\/100 tox|[from] psn\n|upkeep\n|turn|7\n|c| vespyyy|Thats tough\n|c| B3YOND THE HOR1ZON|poor soul\n|\n|t:|1699233103\n|move|p1a: Zapdos|Hurricane|p2a: Goo Goo Muck\n|-damage|p2a: Goo Goo Muck|72\/100\n|move|p2a: Goo Goo Muck|Spikes|p1a: Zapdos\n|-sidestart|p1: TheRealDiabeto|Spikes\n|\n|-heal|p2a: Goo Goo Muck|78\/100|[from] item: Black Sludge\n|-damage|p1a: Zapdos|64\/100 tox|[from] psn\n|upkeep\n|turn|8\n|c| vespyyy|Banded meow is annoying\n|c|\u2606Disco 2003|it alone is fine\n|c|\u2606Disco 2003|but they also had kyurem rotom w\n|c| vespyyy|Omg\n|c| B3YOND THE HOR1ZON|Ye\n|c| B3YOND THE HOR1ZON|Unfort\n|c| B3YOND THE HOR1ZON|:(\n|\n|t:|1699233125\n|move|p1a: Zapdos|Defog|p2a: Goo Goo Muck\n|-unboost|p2a: Goo Goo Muck|evasion|1\n|-sideend|p2: Disco 2003|Spikes|[from] move: Defog|[of] p1a: Zapdos\n|-sideend|p1: TheRealDiabeto|Spikes|[from] move: Defog|[of] p1a: Zapdos\n|move|p2a: Goo Goo Muck|Spikes|p1a: Zapdos\n|-sidestart|p1: TheRealDiabeto|Spikes\n|\n|-heal|p2a: Goo Goo Muck|84\/100|[from] item: Black Sludge\n|-damage|p1a: Zapdos|40\/100 tox|[from] psn\n|upkeep\n|turn|9\n|c| vespyyy|Unfort indeed\n|\n|t:|1699233133\n|move|p1a: Zapdos|Roost|p1a: Zapdos\n|-heal|p1a: Zapdos|91\/100 tox\n|-singleturn|p1a: Zapdos|move: Roost\n|move|p2a: Goo Goo Muck|Spikes|p1a: Zapdos\n|-sidestart|p1: TheRealDiabeto|Spikes\n|\n|-heal|p2a: Goo Goo Muck|90\/100|[from] item: Black Sludge\n|-damage|p1a: Zapdos|61\/100 tox|[from] psn\n|upkeep\n|turn|10\n|\n|t:|1699233142\n|move|p1a: Zapdos|Defog|p2a: Goo Goo Muck\n|-unboost|p2a: Goo Goo Muck|evasion|1\n|-sideend|p1: TheRealDiabeto|Spikes|[from] move: Defog|[of] p1a: Zapdos\n|move|p2a: Goo Goo Muck|Spikes|p1a: Zapdos\n|-sidestart|p1: TheRealDiabeto|Spikes\n|\n|-heal|p2a: Goo Goo Muck|96\/100|[from] item: Black Sludge\n|-damage|p1a: Zapdos|25\/100 tox|[from] psn\n|upkeep\n|turn|11\n|c| B3YOND THE HOR1ZON|Did he just defog off his own spike\n|c|\u2606Disco 2003|ya cheers bud\n|\n|t:|1699233157\n|switch|p1a: Ogerpon|Ogerpon-Wellspring, F|100\/100\n|-damage|p1a: Ogerpon|88\/100|[from] Spikes\n|move|p2a: Goo Goo Muck|Spikes|p1a: Ogerpon\n|-sidestart|p1: TheRealDiabeto|Spikes\n|\n|-heal|p2a: Goo Goo Muck|100\/100|[from] item: Black Sludge\n|upkeep\n|turn|12\n|c| B3YOND THE HOR1ZON|In\n|c| B3YOND THE HOR1ZON|just uh\n|\n|t:|1699233174\n|move|p1a: Ogerpon|Horn Leech|p2a: Goo Goo Muck\n|-crit|p2a: Goo Goo Muck\n|-damage|p2a: Goo Goo Muck|38\/100\n|-heal|p1a: Ogerpon|100\/100|[from] drain|[of] p2a: Goo Goo Muck\n|move|p2a: Goo Goo Muck|Poison Jab|p1a: Ogerpon\n|-supereffective|p1a: Ogerpon\n|-damage|p1a: Ogerpon|45\/100\n|\n|-heal|p2a: Goo Goo Muck|44\/100|[from] item: Black Sludge\n|upkeep\n|turn|13\n|c| B3YOND THE HOR1ZON|Do the thing that hurts it\n|c| B3YOND THE HOR1ZON|!\n|\n|t:|1699233188\n|move|p1a: Ogerpon|Horn Leech|p2a: Goo Goo Muck\n|-damage|p2a: Goo Goo Muck|6\/100\n|-heal|p1a: Ogerpon|74\/100|[from] drain|[of] p2a: Goo Goo Muck\n|move|p2a: Goo Goo Muck|Poison Jab|p1a: Ogerpon\n|-supereffective|p1a: Ogerpon\n|-damage|p1a: Ogerpon|12\/100\n|-status|p1a: Ogerpon|psn\n|\n|-heal|p2a: Goo Goo Muck|12\/100|[from] item: Black Sludge\n|-damage|p1a: Ogerpon|0 fnt|[from] psn\n|faint|p1a: Ogerpon\n|upkeep\n|c| vespyyy|Not tezz's day\n|c| B3YOND THE HOR1ZON|I mean it killed nothing\n|c| vespyyy|Pure skill\n|c|\u2606Disco 2003|lfg\n|c| vespyyy|Lgg\n|c| vespyyy|Lfg\n|\n|t:|1699233208\n|switch|p1a: Great Tusk|Great Tusk|100\/100\n|turn|14\n|c|\u2606Disco 2003|dont tell him the secret thing he could have done to straight up win\n|c| B3YOND THE HOR1ZON|I'll great your tusk\n|c| B3YOND THE HOR1ZON|Lmao\n|c| B3YOND THE HOR1ZON|I won't\n|\n|t:|1699233246\n|switch|p2a: Beast of Burden|Great Tusk|100\/100\n|move|p1a: Great Tusk|Ice Spinner|p2a: Beast of Burden\n|-supereffective|p2a: Beast of Burden\n|-damage|p2a: Beast of Burden|72\/100\n|\n|-heal|p2a: Beast of Burden|78\/100|[from] item: Leftovers\n|upkeep\n|turn|15\n|\n|t:|1699233282\n|-end|p1a: Great Tusk|Protosynthesis|[silent]\n|switch|p1a: Zapdos|Zapdos, shiny|25\/100 tox\n|move|p2a: Beast of Burden|Knock Off|p1a: Zapdos\n|-damage|p1a: Zapdos|3\/100 tox\n|-enditem|p1a: Zapdos|Heavy-Duty Boots|[from] move: Knock Off|[of] p2a: Beast of Burden\n|\n|-heal|p2a: Beast of Burden|84\/100|[from] item: Leftovers\n|-damage|p1a: Zapdos|0 fnt|[from] psn\n|faint|p1a: Zapdos\n|upkeep\n|\n|t:|1699233293\n|switch|p1a: Rillaboom|Rillaboom, M|100\/100\n|-damage|p1a: Rillaboom|84\/100|[from] Spikes\n|-fieldstart|move: Grassy Terrain|[from] ability: Grassy Surge|[of] p1a: Rillaboom\n|turn|16\n|\n|t:|1699233305\n|-end|p2a: Beast of Burden|Protosynthesis|[silent]\n|switch|p2a: Goo Goo Muck|Clodsire, M|12\/100\n|move|p1a: Rillaboom|Grassy Glide|p2a: Goo Goo Muck\n|-damage|p2a: Goo Goo Muck|0 fnt\n|faint|p2a: Goo Goo Muck\n|\n|-heal|p1a: Rillaboom|90\/100|[from] Grassy Terrain\n|upkeep\n|\n|t:|1699233341\n|switch|p2a: Harvest Moon|Landorus-Therian, M|45\/100\n|-ability|p2a: Harvest Moon|Intimidate|boost\n|-unboost|p1a: Rillaboom|atk|1\n|turn|17\n|\n|t:|1699233353\n|switch|p2a: Dudunsparce|Dudunsparce, F|100\/100\n|move|p1a: Rillaboom|Grassy Glide|p2a: Dudunsparce\n|-damage|p2a: Dudunsparce|83\/100\n|-damage|p1a: Rillaboom|73\/100|[from] item: Rocky Helmet|[of] p2a: Dudunsparce\n|\n|-heal|p1a: Rillaboom|80\/100|[from] Grassy Terrain\n|-heal|p2a: Dudunsparce|89\/100|[from] Grassy Terrain\n|upkeep\n|turn|18\n|c| B3YOND THE HOR1ZON|Ngl ground with dracozolt + msciz wildcards would probably make someone shit themselves\n|c|\u2606Disco 2003|sexy lowkey\n|\n|t:|1699233371\n|move|p1a: Rillaboom|Knock Off|p2a: Dudunsparce\n|-damage|p2a: Dudunsparce|75\/100\n|-damage|p1a: Rillaboom|63\/100|[from] item: Rocky Helmet|[of] p2a: Dudunsparce\n|-ability|p2a: Dudunsparce|Rattled|boost\n|-boost|p2a: Dudunsparce|spe|1\n|-enditem|p2a: Dudunsparce|Rocky Helmet|[from] move: Knock Off|[of] p1a: Rillaboom\n|move|p2a: Dudunsparce|Glare|p1a: Rillaboom\n|-status|p1a: Rillaboom|par\n|\n|-heal|p2a: Dudunsparce|82\/100|[from] Grassy Terrain\n|-heal|p1a: Rillaboom|69\/100 par|[from] Grassy Terrain\n|upkeep\n|turn|19\n|\n|t:|1699233383\n|move|p2a: Dudunsparce|Boomburst|p1a: Rillaboom\n|-damage|p1a: Rillaboom|18\/100 par\n|move|p1a: Rillaboom|U-turn|p2a: Dudunsparce\n|-damage|p2a: Dudunsparce|70\/100\n|-ability|p2a: Dudunsparce|Rattled|boost\n|-boost|p2a: Dudunsparce|spe|1\n|\n|t:|1699233390\n|switch|p1a: Sneasler|Sneasler, F|100\/100|[from] U-turn\n|-damage|p1a: Sneasler|84\/100|[from] Spikes\n|-enditem|p1a: Sneasler|Grassy Seed\n|-boost|p1a: Sneasler|def|1|[from] item: Grassy Seed\n|\n|-heal|p1a: Sneasler|90\/100|[from] Grassy Terrain\n|-heal|p2a: Dudunsparce|76\/100|[from] Grassy Terrain\n|upkeep\n|turn|20\n|c|\u2606Disco 2003|DUDUNSPARCE YOU GOAT\n|\n|t:|1699233400\n|move|p1a: Sneasler|Close Combat|p2a: Dudunsparce\n|-supereffective|p2a: Dudunsparce\n|-damage|p2a: Dudunsparce|0 fnt\n|-unboost|p1a: Sneasler|def|1\n|-unboost|p1a: Sneasler|spd|1\n|faint|p2a: Dudunsparce\n|\n|-heal|p1a: Sneasler|96\/100|[from] Grassy Terrain\n|upkeep\n|c|\u2606Disco 2003|rest in peace\n|c| B3YOND THE HOR1ZON|O7\n|c| vespyyy|07\n|c| vespyyy|Crazy set\n|\n|t:|1699233426\n|switch|p2a: Harvest Moon|Landorus-Therian, M|45\/100\n|-ability|p2a: Harvest Moon|Intimidate|boost\n|-unboost|p1a: Sneasler|atk|1\n|turn|21\n|c| vespyyy|Baller tho\n|\n|t:|1699233432\n|move|p1a: Sneasler|Dire Claw|p2a: Harvest Moon\n|-resisted|p2a: Harvest Moon\n|-damage|p2a: Harvest Moon|33\/100\n|-damage|p1a: Sneasler|79\/100|[from] item: Rocky Helmet|[of] p2a: Harvest Moon\n|move|p2a: Harvest Moon|Earthquake|p1a: Sneasler\n|-supereffective|p1a: Sneasler\n|-damage|p1a: Sneasler|0 fnt\n|faint|p1a: Sneasler\n|\n|upkeep\n|\n|t:|1699233441\n|switch|p1a: Great Tusk|Great Tusk|100\/100\n|turn|22\n|\n|t:|1699233455\n|switch|p2a: Beast of Burden|Great Tusk|84\/100\n|move|p1a: Great Tusk|Ice Spinner|p2a: Beast of Burden\n|-supereffective|p2a: Beast of Burden\n|-damage|p2a: Beast of Burden|56\/100\n|-fieldend|move: Grassy Terrain\n|\n|-heal|p2a: Beast of Burden|62\/100|[from] item: Leftovers\n|upkeep\n|turn|23\n|\n|t:|1699233467\n|move|p1a: Great Tusk|Rapid Spin|p2a: Beast of Burden\n|-damage|p2a: Beast of Burden|53\/100\n|-boost|p1a: Great Tusk|spe|1\n|-sideend|p1: TheRealDiabeto|Spikes|[from] move: Rapid Spin|[of] p1a: Great Tusk\n|move|p2a: Beast of Burden|Earthquake|p1a: Great Tusk\n|-damage|p1a: Great Tusk|67\/100\n|\n|-heal|p2a: Beast of Burden|60\/100|[from] item: Leftovers\n|upkeep\n|turn|24\n|\n|t:|1699233478\n|move|p1a: Great Tusk|Headlong Rush|p2a: Beast of Burden\n|-damage|p2a: Beast of Burden|29\/100\n|-unboost|p1a: Great Tusk|def|1\n|-unboost|p1a: Great Tusk|spd|1\n|move|p2a: Beast of Burden|Earthquake|p1a: Great Tusk\n|-damage|p1a: Great Tusk|21\/100\n|\n|-heal|p2a: Beast of Burden|35\/100|[from] item: Leftovers\n|upkeep\n|turn|25\n|\n|t:|1699233490\n|move|p1a: Great Tusk|Headlong Rush|p2a: Beast of Burden\n|-damage|p2a: Beast of Burden|6\/100\n|-unboost|p1a: Great Tusk|def|1\n|-unboost|p1a: Great Tusk|spd|1\n|move|p2a: Beast of Burden|Earthquake|p1a: Great Tusk\n|-damage|p1a: Great Tusk|0 fnt\n|faint|p1a: Great Tusk\n|-end|p1a: Great Tusk|Protosynthesis|[silent]\n|\n|-heal|p2a: Beast of Burden|13\/100|[from] item: Leftovers\n|upkeep\n|\n|t:|1699233499\n|switch|p1a: Rillaboom|Rillaboom, M|18\/100 par\n|-fieldstart|move: Grassy Terrain|[from] ability: Grassy Surge|[of] p1a: Rillaboom\n|turn|26\n|c|\u2606Disco 2003|gg\n|\n|t:|1699233504\n|move|p2a: Beast of Burden|Knock Off|p1a: Rillaboom\n|-damage|p1a: Rillaboom|0 fnt\n|-enditem|p1a: Rillaboom|Terrain Extender|[from] move: Knock Off|[of] p2a: Beast of Burden\n|faint|p1a: Rillaboom\n|\n|win|Disco 2003\n|l|\u2606TheRealDiabeto\n|l| B3YOND THE HOR1ZON\n|l| vespyyy\n","uploadtime":1699233510,"views":13,"p1id":"therealdiabeto","p2id":"disco2003","formatid":"gen9nationaldexubers","rating":0,"private":0,"password":""}