{"id":"gen9nationaldexubers-1993022813","p1":"TeamplasmaNKING","p2":"tortoisetimes22","format":"[Gen 9] National Dex Ubers","log":"|j|\u2606TeamplasmaNKING\n|j|\u2606tortoisetimes22\n|t:|1700256407\n|gametype|singles\n|player|p1|TeamplasmaNKING|n-masters3|1171\n|player|p2|tortoisetimes22|silver|1142\n|teamsize|p1|6\n|teamsize|p2|6\n|gen|9\n|tier|[Gen 9] National Dex Ubers\n|rated|\n|rule|HP Percentage Mod: HP is shown in percentages\n|rule|Endless Battle Clause: Forcing endless battles is banned\n|rule|OHKO Clause: OHKO moves are banned\n|rule|Evasion Moves Clause: Evasion moves are banned\n|rule|Evasion Items Clause: Evasion items are banned\n|rule|Species Clause: Limit one of each Pok\u00e9mon\n|rule|Sleep Clause Mod: Limit one foe put to sleep\n|rule|Mega Rayquaza Clause: You cannot mega evolve Rayquaza\n|clearpoke\n|poke|p1|Zekrom|\n|poke|p1|Corviknight, F|\n|poke|p1|Snorlax, F|\n|poke|p1|Kingambit, F|\n|poke|p1|Grimmsnarl, M|\n|poke|p1|Kyurem-Black|\n|poke|p2|Mewtwo|\n|poke|p2|Kyurem-White|\n|poke|p2|Ho-Oh|\n|poke|p2|Darkrai|\n|poke|p2|Necrozma-Dusk-Mane|\n|poke|p2|Zekrom|\n|teampreview\n|inactive|Battle timer is ON: inactive players will automatically lose when time's up. (requested by TeamplasmaNKING)\n|\n|t:|1700256415\n|start\n|switch|p1a: Grimmsnarl|Grimmsnarl, M|100\/100\n|switch|p2a: Mewtwo|Mewtwo|100\/100\n|-ability|p2a: Mewtwo|Pressure\n|turn|1\n|\n|t:|1700256429\n|detailschange|p2a: Mewtwo|Mewtwo-Mega-X\n|-mega|p2a: Mewtwo|Mewtwo|Mewtwonite X\n|move|p1a: Grimmsnarl|Light Screen|p1a: Grimmsnarl\n|-sidestart|p1: TeamplasmaNKING|move: Light Screen\n|move|p2a: Mewtwo|Brick Break|p1a: Grimmsnarl\n|-sideend|p1: TeamplasmaNKING|move: Light Screen\n|-damage|p1a: Grimmsnarl|39\/100\n|\n|upkeep\n|turn|2\n|\n|t:|1700256435\n|move|p1a: Grimmsnarl|Parting Shot|p2a: Mewtwo\n|-unboost|p2a: Mewtwo|atk|1\n|-unboost|p2a: Mewtwo|spa|1\n|\n|t:|1700256439\n|switch|p1a: Corviknight|Corviknight, F|100\/100|[from] Parting Shot\n|move|p2a: Mewtwo|Brick Break|p1a: Corviknight\n|-crit|p1a: Corviknight\n|-damage|p1a: Corviknight|45\/100\n|\n|-heal|p1a: Corviknight|52\/100|[from] item: Leftovers\n|upkeep\n|turn|3\n|\n|t:|1700256448\n|move|p2a: Mewtwo|Zen Headbutt|p1a: Corviknight|[miss]\n|-miss|p2a: Mewtwo|p1a: Corviknight\n|move|p1a: Corviknight|Bulk Up|p1a: Corviknight\n|-boost|p1a: Corviknight|atk|1\n|-boost|p1a: Corviknight|def|1\n|\n|-heal|p1a: Corviknight|58\/100|[from] item: Leftovers\n|upkeep\n|turn|4\n|\n|t:|1700256461\n|move|p2a: Mewtwo|Zen Headbutt|p1a: Corviknight\n|-resisted|p1a: Corviknight\n|-damage|p1a: Corviknight|49\/100\n|move|p1a: Corviknight|Agility|p1a: Corviknight\n|-boost|p1a: Corviknight|spe|2\n|\n|-heal|p1a: Corviknight|55\/100|[from] item: Leftovers\n|upkeep\n|turn|5\n|\n|t:|1700256470\n|switch|p2a: Kyurem|Kyurem-White, shiny|100\/100\n|-ability|p2a: Kyurem|Turboblaze\n|move|p1a: Corviknight|Bulk Up|p1a: Corviknight\n|-boost|p1a: Corviknight|atk|1\n|-boost|p1a: Corviknight|def|1\n|\n|-heal|p1a: Corviknight|61\/100|[from] item: Leftovers\n|upkeep\n|turn|6\n|\n|t:|1700256482\n|-terastallize|p1a: Corviknight|Dark\n|move|p1a: Corviknight|Bulk Up|p1a: Corviknight\n|-boost|p1a: Corviknight|atk|1\n|-boost|p1a: Corviknight|def|1\n|move|p2a: Kyurem|Fusion Flare|p1a: Corviknight\n|-damage|p1a: Corviknight|21\/100\n|-damage|p2a: Kyurem|91\/100|[from] item: Life Orb\n|\n|-heal|p1a: Corviknight|27\/100|[from] item: Leftovers\n|upkeep\n|turn|7\n|\n|t:|1700256493\n|move|p1a: Corviknight|Roost|p1a: Corviknight\n|-heal|p1a: Corviknight|77\/100\n|move|p2a: Kyurem|Ice Beam|p1a: Corviknight\n|-damage|p1a: Corviknight|22\/100\n|-damage|p2a: Kyurem|81\/100|[from] item: Life Orb\n|\n|-heal|p1a: Corviknight|28\/100|[from] item: Leftovers\n|upkeep\n|turn|8\n|\n|t:|1700256503\n|-terastallize|p2a: Kyurem|Dragon\n|move|p1a: Corviknight|Power Trip|p2a: Kyurem\n|-crit|p2a: Kyurem\n|-damage|p2a: Kyurem|0 fnt\n|faint|p2a: Kyurem\n|\n|-heal|p1a: Corviknight|34\/100|[from] item: Leftovers\n|upkeep\n|\n|t:|1700256516\n|switch|p2a: Darkrai|Darkrai|100\/100\n|turn|9\n|\n|t:|1700256522\n|move|p2a: Darkrai|Spacial Rend|p1a: Corviknight\n|-damage|p1a: Corviknight|6\/100\n|move|p1a: Corviknight|Roost|p1a: Corviknight\n|-heal|p1a: Corviknight|56\/100\n|\n|-heal|p1a: Corviknight|62\/100|[from] item: Leftovers\n|upkeep\n|turn|10\n|\n|t:|1700256529\n|move|p2a: Darkrai|Dark Pulse|p1a: Corviknight\n|-resisted|p1a: Corviknight\n|-damage|p1a: Corviknight|45\/100\n|move|p1a: Corviknight|Agility|p1a: Corviknight\n|-boost|p1a: Corviknight|spe|2\n|\n|-heal|p1a: Corviknight|51\/100|[from] item: Leftovers\n|upkeep\n|turn|11\n|\n|t:|1700256539\n|move|p1a: Corviknight|Bulk Up|p1a: Corviknight\n|-boost|p1a: Corviknight|atk|1\n|-boost|p1a: Corviknight|def|1\n|move|p2a: Darkrai|Dark Pulse|p1a: Corviknight\n|-resisted|p1a: Corviknight\n|-damage|p1a: Corviknight|35\/100\n|\n|-heal|p1a: Corviknight|42\/100|[from] item: Leftovers\n|upkeep\n|turn|12\n|\n|t:|1700256547\n|switch|p2a: Mewtwo|Mewtwo-Mega-X|100\/100\n|move|p1a: Corviknight|Roost|p1a: Corviknight\n|-heal|p1a: Corviknight|92\/100\n|\n|-heal|p1a: Corviknight|98\/100|[from] item: Leftovers\n|upkeep\n|turn|13\n|\n|t:|1700256555\n|move|p1a: Corviknight|Power Trip|p2a: Mewtwo\n|-damage|p2a: Mewtwo|0 fnt\n|faint|p2a: Mewtwo\n|\n|-heal|p1a: Corviknight|100\/100|[from] item: Leftovers\n|upkeep\n|\n|t:|1700256561\n|switch|p2a: Ho-Oh|Ho-Oh, shiny|100\/100\n|turn|14\n|\n|t:|1700256566\n|move|p1a: Corviknight|Power Trip|p2a: Ho-Oh\n|-damage|p2a: Ho-Oh|0 fnt\n|faint|p2a: Ho-Oh\n|\n|upkeep\n|\n|t:|1700256573\n|switch|p2a: Necrozma|Necrozma-Dusk-Mane, shiny|100\/100\n|turn|15\n|\n|t:|1700256582\n|detailschange|p2a: Necrozma|Necrozma-Ultra, shiny\n|-burst|p2a: Necrozma|Necrozma|Ultranecrozium Z\n|move|p1a: Corviknight|Power Trip|p2a: Necrozma\n|-supereffective|p2a: Necrozma\n|-damage|p2a: Necrozma|0 fnt\n|faint|p2a: Necrozma\n|\n|upkeep\n|\n|t:|1700256590\n|switch|p2a: Zekrom|Zekrom, shiny|100\/100\n|-ability|p2a: Zekrom|Teravolt\n|turn|16\n|\n|t:|1700256597\n|move|p1a: Corviknight|Power Trip|p2a: Zekrom\n|-damage|p2a: Zekrom|0 fnt\n|faint|p2a: Zekrom\n|\n|upkeep\n|\n|t:|1700256602\n|switch|p2a: Darkrai|Darkrai|100\/100\n|turn|17\n|c|\u2606TeamplasmaNKING|gg\n|\n|t:|1700256607\n|move|p1a: Corviknight|Power Trip|p2a: Darkrai\n|-resisted|p2a: Darkrai\n|-damage|p2a: Darkrai|0 fnt\n|faint|p2a: Darkrai\n|\n|win|TeamplasmaNKING\n|raw|TeamplasmaNKING's rating: 1171 &rarr; <strong>1194<\/strong><br \/>(+23 for winning)\n|raw|tortoisetimes22's rating: 1142 &rarr; <strong>1119<\/strong><br \/>(-23 for losing)\n|l|\u2606tortoisetimes22\n","uploadtime":1700256616,"views":9,"p1id":"teamplasmanking","p2id":"tortoisetimes22","formatid":"gen9nationaldexubers","rating":1119,"private":0,"password":""}