{"id":"gen9nationaldexubers-1995070511","p1":"warnerssbu","p2":"C_Splash","format":"[Gen 9] National Dex Ubers","log":"|j|\u2606warnerssbu\n|j|\u2606C_Splash\n|t:|1700519327\n|gametype|singles\n|player|p1|warnerssbu|170|\n|player|p2|C_Splash|crasherwake|\n|teamsize|p1|6\n|teamsize|p2|6\n|gen|9\n|tier|[Gen 9] National Dex Ubers\n|rule|HP Percentage Mod: HP is shown in percentages\n|rule|Endless Battle Clause: Forcing endless battles is banned\n|rule|OHKO Clause: OHKO moves are banned\n|rule|Evasion Moves Clause: Evasion moves are banned\n|rule|Evasion Items Clause: Evasion items are banned\n|rule|Species Clause: Limit one of each Pok\u00e9mon\n|rule|Sleep Clause Mod: Limit one foe put to sleep\n|rule|Mega Rayquaza Clause: You cannot mega evolve Rayquaza\n|clearpoke\n|poke|p1|Nidoking, M|\n|poke|p1|Starmie|\n|poke|p1|Zapdos|\n|poke|p1|Tangrowth, F|\n|poke|p1|Weavile, M|\n|poke|p1|Scizor, F|\n|poke|p2|Tyranitar, F|\n|poke|p2|Dracozolt|\n|poke|p2|Toxapex, F|\n|poke|p2|Talonflame, F|\n|poke|p2|Cresselia, F|\n|poke|p2|Keldeo-Resolute|\n|teampreview\n|j| PancakePancake\n|c|\u2606warnerssbu|gls\n|c|\u2606C_Splash|glhf\n|\n|t:|1700519400\n|start\n|switch|p1a: Starmie|Starmie|100\/100\n|switch|p2a: da bird|Talonflame, F|100\/100\n|turn|1\n|\n|t:|1700519412\n|move|p2a: da bird|U-turn|p1a: Starmie\n|-supereffective|p1a: Starmie\n|-damage|p1a: Starmie|58\/100\n|\n|t:|1700519422\n|switch|p2a: toothpaste|Cresselia, F|100\/100|[from] U-turn\n|move|p1a: Starmie|Flip Turn|p2a: toothpaste\n|-damage|p2a: toothpaste|91\/100\n|\n|t:|1700519430\n|switch|p1a: Weavile|Weavile, M|100\/100|[from] Flip Turn\n|-ability|p1a: Weavile|Pressure\n|\n|-heal|p2a: toothpaste|97\/100|[from] item: Leftovers\n|upkeep\n|turn|2\n|\n|t:|1700519474\n|switch|p2a: big tommy|Tyranitar, F, shiny|100\/100\n|-weather|Sandstorm|[from] ability: Sand Stream|[of] p2a: big tommy\n|move|p1a: Weavile|Knock Off|p2a: big tommy\n|-resisted|p2a: big tommy\n|-damage|p2a: big tommy|81\/100\n|\n|-weather|Sandstorm|[upkeep]\n|-damage|p1a: Weavile|94\/100|[from] Sandstorm\n|upkeep\n|turn|3\n|\n|t:|1700519514\n|switch|p1a: Tangrowth|Tangrowth, F|100\/100\n|detailschange|p2a: big tommy|Tyranitar-Mega, F, shiny\n|-mega|p2a: big tommy|Tyranitar|Tyranitarite\n|move|p2a: big tommy|Fire Punch|p1a: Tangrowth\n|-supereffective|p1a: Tangrowth\n|-damage|p1a: Tangrowth|54\/100\n|\n|-weather|Sandstorm|[upkeep]\n|-damage|p1a: Tangrowth|48\/100|[from] Sandstorm\n|upkeep\n|turn|4\n|\n|t:|1700519528\n|move|p2a: big tommy|Knock Off|p1a: Tangrowth\n|-damage|p1a: Tangrowth|7\/100\n|-enditem|p1a: Tangrowth|Assault Vest|[from] move: Knock Off|[of] p2a: big tommy\n|move|p1a: Tangrowth|Giga Drain|p2a: big tommy\n|-supereffective|p2a: big tommy\n|-damage|p2a: big tommy|51\/100\n|-heal|p1a: Tangrowth|22\/100|[from] drain|[of] p2a: big tommy\n|\n|-weather|Sandstorm|[upkeep]\n|-damage|p1a: Tangrowth|16\/100|[from] Sandstorm\n|upkeep\n|turn|5\n|\n|t:|1700519549\n|switch|p1a: Weavile|Weavile, M|94\/100\n|-ability|p1a: Weavile|Pressure\n|move|p2a: big tommy|Knock Off|p1a: Weavile\n|-resisted|p1a: Weavile\n|-damage|p1a: Weavile|45\/100\n|-enditem|p1a: Weavile|Choice Band|[from] move: Knock Off|[of] p2a: big tommy\n|\n|-weather|Sandstorm|[upkeep]\n|-damage|p1a: Weavile|39\/100|[from] Sandstorm\n|upkeep\n|turn|6\n|\n|t:|1700519566\n|switch|p2a: big pecs|Toxapex, F|100\/100\n|move|p1a: Weavile|Low Kick|p2a: big pecs\n|-resisted|p2a: big pecs\n|-damage|p2a: big pecs|96\/100\n|\n|-weather|none\n|-heal|p2a: big pecs|100\/100|[from] item: Black Sludge\n|upkeep\n|turn|7\n|\n|t:|1700519589\n|move|p1a: Weavile|Knock Off|p2a: big pecs\n|-damage|p2a: big pecs|67\/100\n|-enditem|p2a: big pecs|Black Sludge|[from] move: Knock Off|[of] p1a: Weavile\n|move|p2a: big pecs|Scald|p1a: Weavile\n|-damage|p1a: Weavile|14\/100\n|\n|upkeep\n|turn|8\n|\n|t:|1700519615\n|switch|p1a: Starmie|Starmie|58\/100\n|move|p2a: big pecs|Recover|p2a: big pecs\n|-heal|p2a: big pecs|100\/100\n|\n|-heal|p1a: Starmie|64\/100|[from] item: Leftovers\n|upkeep\n|turn|9\n|\n|t:|1700519661\n|move|p1a: Starmie|Hydro Pump|p2a: big pecs\n|-resisted|p2a: big pecs\n|-damage|p2a: big pecs|81\/100\n|move|p2a: big pecs|Toxic|p1a: Starmie\n|-status|p1a: Starmie|tox\n|\n|-heal|p1a: Starmie|70\/100 tox|[from] item: Leftovers\n|-damage|p1a: Starmie|64\/100 tox|[from] psn\n|upkeep\n|turn|10\n|\n|t:|1700519679\n|-curestatus|p1a: Starmie|tox|[from] ability: Natural Cure\n|switch|p1a: Scizor|Scizor, F|100\/100\n|move|p2a: big pecs|Scald|p1a: Scizor\n|-damage|p1a: Scizor|80\/100\n|\n|upkeep\n|turn|11\n|\n|t:|1700519703\n|move|p1a: Scizor|Sand Tomb|p2a: big pecs\n|-supereffective|p2a: big pecs\n|-damage|p2a: big pecs|56\/100\n|-activate|p2a: big pecs|move: Sand Tomb|[of] p1a: Scizor\n|move|p2a: big pecs|Hidden Power|p1a: Scizor\n|-supereffective|p1a: Scizor\n|-damage|p1a: Scizor|42\/100\n|\n|-damage|p2a: big pecs|43\/100|[from] move: Sand Tomb|[partiallytrapped]\n|upkeep\n|turn|12\n|\n|t:|1700519717\n|move|p1a: Scizor|Sand Tomb|p2a: big pecs|[miss]\n|-miss|p1a: Scizor|p2a: big pecs\n|move|p2a: big pecs|Recover|p2a: big pecs\n|-heal|p2a: big pecs|93\/100\n|\n|-damage|p2a: big pecs|81\/100|[from] move: Sand Tomb|[partiallytrapped]\n|upkeep\n|turn|13\n|\n|t:|1700519726\n|move|p1a: Scizor|Swords Dance|p1a: Scizor\n|-boost|p1a: Scizor|atk|2\n|move|p2a: big pecs|Scald|p1a: Scizor\n|-damage|p1a: Scizor|21\/100\n|-status|p1a: Scizor|brn\n|-enditem|p1a: Scizor|Lum Berry|[eat]\n|-curestatus|p1a: Scizor|brn|[msg]\n|\n|-damage|p2a: big pecs|68\/100|[from] move: Sand Tomb|[partiallytrapped]\n|upkeep\n|turn|14\n|\n|t:|1700519737\n|move|p1a: Scizor|Sand Tomb|p2a: big pecs\n|-supereffective|p2a: big pecs\n|-damage|p2a: big pecs|16\/100\n|move|p2a: big pecs|Hidden Power|p1a: Scizor\n|-supereffective|p1a: Scizor\n|-damage|p1a: Scizor|0 fnt\n|faint|p1a: Scizor\n|\n|-end|p2a: big pecs|Sand Tomb|[partiallytrapped]|[silent]\n|upkeep\n|c|\u2606warnerssbu|fuckkkkkkk\n|\n|t:|1700519749\n|switch|p1a: Zapdos|Zapdos|100\/100\n|-ability|p1a: Zapdos|Pressure\n|turn|15\n|c|\u2606C_Splash|that miss\n|\n|t:|1700519763\n|switch|p2a: toothpaste|Cresselia, F|97\/100\n|move|p1a: Zapdos|Volt Switch|p2a: toothpaste\n|-damage|p2a: toothpaste|77\/100\n|\n|t:|1700519774\n|switch|p1a: Weavile|Weavile, M|14\/100|[from] Volt Switch\n|-ability|p1a: Weavile|Pressure\n|\n|-heal|p2a: toothpaste|83\/100|[from] item: Leftovers\n|upkeep\n|turn|16\n|\n|t:|1700519785\n|move|p1a: Weavile|Knock Off|p2a: toothpaste\n|-supereffective|p2a: toothpaste\n|-damage|p2a: toothpaste|10\/100\n|-enditem|p2a: toothpaste|Leftovers|[from] move: Knock Off|[of] p1a: Weavile\n|move|p2a: toothpaste|Moonblast|p1a: Weavile\n|-supereffective|p1a: Weavile\n|-damage|p1a: Weavile|0 fnt\n|faint|p1a: Weavile\n|\n|upkeep\n|\n|t:|1700519794\n|switch|p1a: Tangrowth|Tangrowth, F|49\/100\n|turn|17\n|\n|t:|1700519816\n|move|p2a: toothpaste|Moonlight|p2a: toothpaste\n|-heal|p2a: toothpaste|60\/100\n|move|p1a: Tangrowth|Giga Drain|p2a: toothpaste\n|-damage|p2a: toothpaste|47\/100\n|-heal|p1a: Tangrowth|56\/100|[from] drain|[of] p2a: toothpaste\n|\n|upkeep\n|turn|18\n|\n|t:|1700519833\n|switch|p1a: Zapdos|Zapdos|100\/100\n|-ability|p1a: Zapdos|Pressure\n|move|p2a: toothpaste|Calm Mind|p2a: toothpaste\n|-boost|p2a: toothpaste|spa|1\n|-boost|p2a: toothpaste|spd|1\n|\n|upkeep\n|turn|19\n|\n|t:|1700519849\n|move|p1a: Zapdos|Heat Wave|p2a: toothpaste\n|-damage|p2a: toothpaste|35\/100\n|move|p2a: toothpaste|Moonlight|p2a: toothpaste\n|-heal|p2a: toothpaste|85\/100\n|\n|upkeep\n|turn|20\n|l| PancakePancake\n|\n|t:|1700519858\n|move|p1a: Zapdos|Volt Switch|p2a: toothpaste\n|-damage|p2a: toothpaste|73\/100\n|\n|t:|1700519866\n|switch|p1a: Nidoking|Nidoking, M|100\/100|[from] Volt Switch\n|move|p2a: toothpaste|Calm Mind|p2a: toothpaste\n|-boost|p2a: toothpaste|spa|1\n|-boost|p2a: toothpaste|spd|1\n|\n|upkeep\n|turn|21\n|\n|t:|1700519873\n|move|p1a: Nidoking|Toxic|p2a: toothpaste\n|-status|p2a: toothpaste|tox\n|move|p2a: toothpaste|Psychic|p1a: Nidoking\n|-supereffective|p1a: Nidoking\n|-damage|p1a: Nidoking|0 fnt\n|faint|p1a: Nidoking\n|\n|-damage|p2a: toothpaste|66\/100 tox|[from] psn\n|upkeep\n|c|\u2606warnerssbu|yea i just lost\n|j| SLASHY123456\n|\n|t:|1700519882\n|switch|p1a: Starmie|Starmie|64\/100\n|turn|22\n|-message|warnerssbu forfeited.\n|\n|win|C_Splash\n|l|\u2606warnerssbu\n|c|\u2606C_Splash|gg\n|c| SLASHY123456|wowie zowie\n|c|\u2606C_Splash|wowie zowie indeed\n|l|\u2606C_Splash\n|l| SLASHY123456\n|j| SLASHY123456\n","uploadtime":1700520359,"views":27,"p1id":"warnerssbu","p2id":"csplash","formatid":"gen9nationaldexubers","rating":0,"private":0,"password":""}