{"id":"gen9nationaldexubers-1986934136","p1":"Razorgliscor472","p2":"Ginesect","format":"[Gen 9] National Dex Ubers","log":"|j|\u2606Razorgliscor472\n|j|\u2606Ginesect\n|t:|1699542356\n|gametype|singles\n|player|p1|Razorgliscor472|169|\n|player|p2|Ginesect|workerice|\n|teamsize|p1|6\n|teamsize|p2|6\n|gen|9\n|tier|[Gen 9] National Dex Ubers\n|rule|HP Percentage Mod: HP is shown in percentages\n|rule|Endless Battle Clause: Forcing endless battles is banned\n|rule|OHKO Clause: OHKO moves are banned\n|rule|Evasion Moves Clause: Evasion moves are banned\n|rule|Evasion Items Clause: Evasion items are banned\n|rule|Species Clause: Limit one of each Pok\u00e9mon\n|rule|Sleep Clause Mod: Limit one foe put to sleep\n|rule|Mega Rayquaza Clause: You cannot mega evolve Rayquaza\n|clearpoke\n|poke|p1|Gliscor, F|\n|poke|p1|Garganacl, F|\n|poke|p1|Rotom-Wash|\n|poke|p1|Gholdengo|\n|poke|p1|Dragonite, F|\n|poke|p1|Sneasler, M|\n|poke|p2|Chien-Pao|\n|poke|p2|Mandibuzz, F|\n|poke|p2|Mawile, F|\n|poke|p2|Grimmsnarl, M|\n|poke|p2|Greninja-*, M|\n|poke|p2|Ting-Lu|\n|teampreview\n|c|\u2606Razorgliscor472|Glhf\n|c|\u2606Ginesect|Glhf\n|\n|t:|1699542378\n|start\n|switch|p1a: Gholdengo|Gholdengo|100\/100\n|switch|p2a: Ting-Lu|Ting-Lu|100\/100\n|-ability|p2a: Ting-Lu|Vessel of Ruin\n|turn|1\n|\n|t:|1699542389\n|switch|p1a: Garganacl|Garganacl, F|100\/100\n|move|p2a: Ting-Lu|Stealth Rock|p1a: Garganacl\n|-sidestart|p1: Razorgliscor472|move: Stealth Rock\n|\n|upkeep\n|turn|2\n|\n|t:|1699542396\n|move|p1a: Garganacl|Stealth Rock|p2a: Ting-Lu\n|-sidestart|p2: Ginesect|move: Stealth Rock\n|move|p2a: Ting-Lu|Whirlwind|p1a: Garganacl\n|drag|p1a: Gliscor|Gliscor, F|100\/100\n|-damage|p1a: Gliscor|88\/100|[from] Stealth Rock\n|\n|-status|p1a: Gliscor|tox|[from] item: Toxic Orb\n|upkeep\n|turn|3\n|\n|t:|1699542405\n|move|p1a: Gliscor|Earthquake|p2a: Ting-Lu\n|-damage|p2a: Ting-Lu|86\/100\n|move|p2a: Ting-Lu|Whirlwind|p1a: Gliscor\n|drag|p1a: Gholdengo|Gholdengo|100\/100\n|-damage|p1a: Gholdengo|94\/100|[from] Stealth Rock\n|\n|-heal|p2a: Ting-Lu|92\/100|[from] item: Leftovers\n|upkeep\n|turn|4\n|\n|t:|1699542414\n|move|p1a: Gholdengo|Trick|p2a: Ting-Lu\n|-activate|p1a: Gholdengo|move: Trick|[of] p2a: Ting-Lu\n|-item|p2a: Ting-Lu|Choice Scarf|[from] move: Trick\n|-item|p1a: Gholdengo|Leftovers|[from] move: Trick\n|move|p2a: Ting-Lu|Earthquake|p1a: Gholdengo\n|-supereffective|p1a: Gholdengo\n|-damage|p1a: Gholdengo|4\/100\n|\n|-heal|p1a: Gholdengo|10\/100|[from] item: Leftovers\n|upkeep\n|turn|5\n|\n|t:|1699542431\n|switch|p2a: Grimmsnarl|Grimmsnarl, M|100\/100\n|-damage|p2a: Grimmsnarl|88\/100|[from] Stealth Rock\n|move|p1a: Gholdengo|Focus Blast|p2a: Grimmsnarl\n|-damage|p2a: Grimmsnarl|55\/100\n|-unboost|p2a: Grimmsnarl|spd|1\n|\n|-heal|p1a: Gholdengo|16\/100|[from] item: Leftovers\n|upkeep\n|turn|6\n|\n|t:|1699542439\n|move|p2a: Grimmsnarl|Parting Shot|p1a: Gholdengo\n|-immune|p1a: Gholdengo|[from] ability: Good as Gold\n|move|p1a: Gholdengo|Make It Rain|p2a: Grimmsnarl\n|-supereffective|p2a: Grimmsnarl\n|-damage|p2a: Grimmsnarl|0 fnt\n|-unboost|p1a: Gholdengo|spa|1\n|faint|p2a: Grimmsnarl\n|\n|-heal|p1a: Gholdengo|22\/100|[from] item: Leftovers\n|upkeep\n|c|\u2606Ginesect|Oh fuck\n|c|\u2606Ginesect|Lmao\n|c|\u2606Ginesect|I completely forgot tha\n|c|\u2606Ginesect|It blocks PS too\n|c|\u2606Razorgliscor472|It blocks everything thats targeted\n|\n|t:|1699542471\n|switch|p2a: Greninja|Greninja, M|100\/100\n|-damage|p2a: Greninja|88\/100|[from] Stealth Rock\n|turn|7\n|c|\u2606Ginesect|Yeah\n|\n|t:|1699542482\n|switch|p1a: Rotom|Rotom-Wash|100\/100\n|-damage|p1a: Rotom|88\/100|[from] Stealth Rock\n|move|p2a: Greninja|Dark Pulse|p1a: Rotom\n|-damage|p1a: Rotom|53\/100\n|\n|-heal|p1a: Rotom|60\/100|[from] item: Leftovers\n|upkeep\n|turn|8\n|\n|t:|1699542492\n|switch|p2a: Ting-Lu|Ting-Lu|92\/100\n|-damage|p2a: Ting-Lu|86\/100|[from] Stealth Rock\n|-ability|p2a: Ting-Lu|Vessel of Ruin\n|move|p1a: Rotom|Volt Switch|p2a: Ting-Lu\n|-immune|p2a: Ting-Lu\n|\n|-heal|p1a: Rotom|66\/100|[from] item: Leftovers\n|upkeep\n|turn|9\n|\n|t:|1699542498\n|move|p2a: Ting-Lu|Protect|p2a: Ting-Lu\n|-singleturn|p2a: Ting-Lu|Protect\n|move|p1a: Rotom|Pain Split|p2a: Ting-Lu\n|-activate|p2a: Ting-Lu|move: Protect\n|\n|-heal|p1a: Rotom|72\/100|[from] item: Leftovers\n|upkeep\n|turn|10\n|c|\u2606Ginesect|Kinda fucked\n|\n|t:|1699542518\n|switch|p2a: Mandibuzz|Mandibuzz, F|100\/100\n|move|p1a: Rotom|Hydro Pump|p2a: Mandibuzz\n|-damage|p2a: Mandibuzz|64\/100\n|\n|-heal|p1a: Rotom|78\/100|[from] item: Leftovers\n|upkeep\n|turn|11\n|\n|t:|1699542526\n|switch|p2a: Ting-Lu|Ting-Lu|86\/100\n|-damage|p2a: Ting-Lu|80\/100|[from] Stealth Rock\n|-ability|p2a: Ting-Lu|Vessel of Ruin\n|move|p1a: Rotom|Volt Switch|p2a: Ting-Lu\n|-immune|p2a: Ting-Lu\n|\n|-heal|p1a: Rotom|85\/100|[from] item: Leftovers\n|upkeep\n|turn|12\n|\n|t:|1699542532\n|move|p1a: Rotom|Will-O-Wisp|p2a: Ting-Lu\n|-status|p2a: Ting-Lu|brn\n|move|p2a: Ting-Lu|Whirlwind|p1a: Rotom\n|drag|p1a: Garganacl|Garganacl, F|100\/100\n|-damage|p1a: Garganacl|88\/100|[from] Stealth Rock\n|\n|-heal|p1a: Garganacl|94\/100|[from] item: Leftovers\n|-damage|p2a: Ting-Lu|73\/100 brn|[from] brn\n|upkeep\n|turn|13\n|\n|t:|1699542537\n|move|p1a: Garganacl|Salt Cure|p2a: Ting-Lu\n|-resisted|p2a: Ting-Lu\n|-damage|p2a: Ting-Lu|70\/100 brn\n|-start|p2a: Ting-Lu|Salt Cure\n|move|p2a: Ting-Lu|Whirlwind|p1a: Garganacl\n|drag|p1a: Dragonite|Dragonite, F|100\/100\n|\n|-damage|p2a: Ting-Lu|64\/100 brn|[from] brn\n|-damage|p2a: Ting-Lu|52\/100 brn|[from] Salt Cure\n|upkeep\n|turn|14\n|\n|t:|1699542552\n|switch|p2a: Mandibuzz|Mandibuzz, F|64\/100\n|move|p1a: Dragonite|Earthquake|p2a: Mandibuzz\n|-immune|p2a: Mandibuzz\n|\n|upkeep\n|turn|15\n|\n|t:|1699542558\n|move|p1a: Dragonite|Dragon Dance|p1a: Dragonite\n|-boost|p1a: Dragonite|atk|1\n|-boost|p1a: Dragonite|spe|1\n|move|p2a: Mandibuzz|Defog|p1a: Dragonite\n|-unboost|p1a: Dragonite|evasion|1\n|-sideend|p1: Razorgliscor472|Stealth Rock|[from] move: Defog|[of] p2a: Mandibuzz\n|-sideend|p2: Ginesect|Stealth Rock|[from] move: Defog|[of] p2a: Mandibuzz\n|\n|upkeep\n|turn|16\n|\n|t:|1699542563\n|-terastallize|p1a: Dragonite|Normal\n|move|p1a: Dragonite|Extreme Speed|p2a: Mandibuzz\n|-damage|p2a: Mandibuzz|24\/100\n|move|p2a: Mandibuzz|Foul Play|p1a: Dragonite\n|-damage|p1a: Dragonite|57\/100\n|\n|upkeep\n|turn|17\n|\n|t:|1699542583\n|-terastallize|p2a: Mandibuzz|Steel\n|move|p1a: Dragonite|Extreme Speed|p2a: Mandibuzz\n|-resisted|p2a: Mandibuzz\n|-damage|p2a: Mandibuzz|5\/100\n|move|p2a: Mandibuzz|Roost|p2a: Mandibuzz\n|-heal|p2a: Mandibuzz|55\/100\n|\n|upkeep\n|turn|18\n|\n|t:|1699542593\n|move|p1a: Dragonite|Earthquake|p2a: Mandibuzz\n|-supereffective|p2a: Mandibuzz\n|-damage|p2a: Mandibuzz|0 fnt\n|faint|p2a: Mandibuzz\n|\n|upkeep\n|c|\u2606Ginesect|It does have that\n|c|\u2606Ginesect|Yeah\n|c|\u2606Ginesect|Waste of tera\n|\n|t:|1699542616\n|switch|p2a: Mawile|Mawile, F|100\/100\n|-ability|p2a: Mawile|Intimidate|boost\n|-unboost|p1a: Dragonite|atk|1\n|turn|19\n|\n|t:|1699542628\n|switch|p1a: Gholdengo|Gholdengo|22\/100\n|detailschange|p2a: Mawile|Mawile-Mega, F\n|-mega|p2a: Mawile|Mawile|Mawilite\n|move|p2a: Mawile|Iron Head|p1a: Gholdengo\n|-resisted|p1a: Gholdengo\n|-damage|p1a: Gholdengo|0 fnt\n|faint|p1a: Gholdengo\n|\n|upkeep\n|\n|t:|1699542638\n|switch|p1a: Rotom|Rotom-Wash|85\/100\n|turn|20\n|\n|t:|1699542665\n|switch|p2a: Ting-Lu|Ting-Lu|52\/100 brn\n|-ability|p2a: Ting-Lu|Vessel of Ruin\n|move|p1a: Rotom|Will-O-Wisp|p2a: Ting-Lu\n|-fail|p2a: Ting-Lu|brn\n|\n|-heal|p1a: Rotom|91\/100|[from] item: Leftovers\n|-damage|p2a: Ting-Lu|45\/100 brn|[from] brn\n|upkeep\n|turn|21\n|\n|t:|1699542676\n|move|p1a: Rotom|Hydro Pump|p2a: Ting-Lu\n|-supereffective|p2a: Ting-Lu\n|-damage|p2a: Ting-Lu|5\/100 brn\n|move|p2a: Ting-Lu|Whirlwind|p1a: Rotom\n|drag|p1a: Gliscor|Gliscor, F|88\/100 tox\n|\n|-heal|p1a: Gliscor|100\/100 tox|[from] ability: Poison Heal\n|-damage|p2a: Ting-Lu|0 fnt|[from] brn\n|faint|p2a: Ting-Lu\n|upkeep\n|\n|t:|1699542720\n|switch|p2a: Chien-Pao|Chien-Pao|100\/100\n|-ability|p2a: Chien-Pao|Sword of Ruin\n|turn|22\n|\n|t:|1699542726\n|move|p2a: Chien-Pao|Crunch|p1a: Gliscor\n|-damage|p1a: Gliscor|41\/100 tox\n|move|p1a: Gliscor|Earthquake|p2a: Chien-Pao\n|-damage|p2a: Chien-Pao|59\/100\n|\n|-heal|p1a: Gliscor|53\/100 tox|[from] ability: Poison Heal\n|upkeep\n|turn|23\n|c|\u2606Razorgliscor472|Knew it\n|c|\u2606Ginesect|Ahh\n|\n|t:|1699542740\n|switch|p2a: Greninja|Greninja, M|88\/100\n|switch|p1a: Garganacl|Garganacl, F|94\/100\n|\n|-heal|p1a: Garganacl|100\/100|[from] item: Leftovers\n|upkeep\n|turn|24\n|\n|t:|1699542746\n|switch|p2a: Chien-Pao|Chien-Pao|59\/100\n|-ability|p2a: Chien-Pao|Sword of Ruin\n|move|p1a: Garganacl|Protect||[still]\n|-fail|p1a: Garganacl\n|\n|upkeep\n|turn|25\n|\n|t:|1699542757\n|switch|p2a: Mawile|Mawile-Mega, F|100\/100\n|move|p1a: Garganacl|Salt Cure|p2a: Mawile\n|-resisted|p2a: Mawile\n|-damage|p2a: Mawile|94\/100\n|-start|p2a: Mawile|Salt Cure\n|\n|-damage|p2a: Mawile|69\/100|[from] Salt Cure\n|upkeep\n|turn|26\n|\n|t:|1699542765\n|move|p1a: Garganacl|Protect|p1a: Garganacl\n|-singleturn|p1a: Garganacl|Protect\n|move|p2a: Mawile|Swords Dance|p2a: Mawile\n|-boost|p2a: Mawile|atk|2\n|\n|-damage|p2a: Mawile|44\/100|[from] Salt Cure\n|upkeep\n|turn|27\n|\n|t:|1699542769\n|move|p2a: Mawile|Iron Head|p1a: Garganacl\n|-supereffective|p1a: Garganacl\n|-damage|p1a: Garganacl|0 fnt\n|faint|p1a: Garganacl\n|\n|-damage|p2a: Mawile|20\/100|[from] Salt Cure\n|upkeep\n|\n|t:|1699542773\n|switch|p1a: Sneasler|Sneasler, M|100\/100\n|turn|28\n|\n|t:|1699542782\n|move|p2a: Mawile|Sucker Punch|p1a: Sneasler\n|-resisted|p1a: Sneasler\n|-damage|p1a: Sneasler|24\/100\n|move|p1a: Sneasler|Close Combat|p2a: Mawile\n|-damage|p2a: Mawile|0 fnt\n|-unboost|p1a: Sneasler|def|1\n|-unboost|p1a: Sneasler|spd|1\n|faint|p2a: Mawile\n|\n|upkeep\n|c|\u2606Ginesect|Ooh\n|c|\u2606Ginesect|Nice damage\n|c|\u2606Razorgliscor472|(I think Dnite wins?)\n|c|\u2606Ginesect|But yeah u win this\n|c|\u2606Razorgliscor472|I hope it wins now\n|c|\u2606Ginesect|yeah\n|\n|t:|1699542822\n|switch|p2a: Chien-Pao|Chien-Pao|59\/100\n|-ability|p2a: Chien-Pao|Sword of Ruin\n|turn|29\n|\n|t:|1699542825\n|move|p2a: Chien-Pao|Crunch|p1a: Sneasler\n|-resisted|p1a: Sneasler\n|-damage|p1a: Sneasler|0 fnt\n|faint|p1a: Sneasler\n|\n|upkeep\n|\n|t:|1699542827\n|switch|p1a: Dragonite|Dragonite, F, tera:Normal|57\/100\n|turn|30\n|c|\u2606Ginesect|That was bad\n|\n|t:|1699542849\n|switch|p2a: Greninja|Greninja, M|88\/100\n|move|p1a: Dragonite|Extreme Speed|p2a: Greninja\n|-damage|p2a: Greninja|13\/100\n|\n|upkeep\n|turn|31\n|c|\u2606Razorgliscor472|Oh\n|c|\u2606Ginesect|Damn\n|c|\u2606Razorgliscor472|You shouldve stayed in btw\n|\n|t:|1699542863\n|move|p1a: Dragonite|Extreme Speed|p2a: Greninja\n|-damage|p2a: Greninja|0 fnt\n|faint|p2a: Greninja\n|\n|upkeep\n|c|\u2606Razorgliscor472|I didnt know the gren range\n|\n|t:|1699542865\n|switch|p2a: Chien-Pao|Chien-Pao|59\/100\n|-ability|p2a: Chien-Pao|Sword of Ruin\n|turn|32\n|c|\u2606Razorgliscor472|I knew Chien died\n|\n|t:|1699542870\n|move|p1a: Dragonite|Extreme Speed|p2a: Chien-Pao\n|-damage|p2a: Chien-Pao|0 fnt\n|faint|p2a: Chien-Pao\n|\n|win|Razorgliscor472\n|c|\u2606Ginesect|gg\n|c|\u2606Razorgliscor472|Gg\n","uploadtime":1699542884,"views":20,"p1id":"razorgliscor472","p2id":"ginesect","formatid":"gen9nationaldexubers","rating":0,"private":0,"password":""}