{"id":"gen9nationaldexubers-1994305566","p1":"Dextarr513","p2":"A. Persians","format":"[Gen 9] National Dex Ubers","log":"|j|\u2606Dextarr513\n|j|\u2606A. Persians\n|t:|1700429185\n|gametype|singles\n|player|p1|Dextarr513|266|\n|player|p2|A. Persians|2|\n|teamsize|p1|6\n|teamsize|p2|6\n|gen|9\n|tier|[Gen 9] National Dex Ubers\n|rule|HP Percentage Mod: HP is shown in percentages\n|rule|Endless Battle Clause: Forcing endless battles is banned\n|rule|OHKO Clause: OHKO moves are banned\n|rule|Evasion Moves Clause: Evasion moves are banned\n|rule|Evasion Items Clause: Evasion items are banned\n|rule|Species Clause: Limit one of each Pok\u00e9mon\n|rule|Sleep Clause Mod: Limit one foe put to sleep\n|rule|Mega Rayquaza Clause: You cannot mega evolve Rayquaza\n|clearpoke\n|poke|p1|Vaporeon, F|\n|poke|p1|Lycanroc-Dusk, M|\n|poke|p1|Heliolisk, M|\n|poke|p1|Dragapult, M|\n|poke|p1|Infernape, F|\n|poke|p1|Aggron, M|\n|poke|p2|Shaymin-Sky|\n|poke|p2|Heatran, F|\n|poke|p2|Landorus-Therian, M|\n|poke|p2|Scizor, F|\n|poke|p2|Keldeo|\n|poke|p2|Dusclops, M|\n|teampreview\n|\n|t:|1700429217\n|start\n|switch|p1a: Vaporeon|Vaporeon, F|100\/100\n|switch|p2a: Heatran|Heatran, F|100\/100\n|turn|1\n|\n|t:|1700429244\n|move|p2a: Heatran|Stealth Rock|p1a: Vaporeon\n|-sidestart|p1: Dextarr513|move: Stealth Rock\n|move|p1a: Vaporeon|Scald|p2a: Heatran\n|-supereffective|p2a: Heatran\n|-damage|p2a: Heatran|66\/100\n|\n|-heal|p2a: Heatran|72\/100|[from] item: Leftovers\n|upkeep\n|turn|2\n|\n|t:|1700429273\n|move|p2a: Heatran|Toxic|p1a: Vaporeon\n|-status|p1a: Vaporeon|tox\n|move|p1a: Vaporeon|Scald|p2a: Heatran\n|-supereffective|p2a: Heatran\n|-damage|p2a: Heatran|36\/100\n|\n|-heal|p2a: Heatran|42\/100|[from] item: Leftovers\n|-damage|p1a: Vaporeon|94\/100 tox|[from] psn\n|upkeep\n|turn|3\n|\n|t:|1700429346\n|switch|p2a: Keldeo|Keldeo|100\/100\n|switch|p1a: Lycanroc|Lycanroc-Dusk, M|100\/100\n|-damage|p1a: Lycanroc|88\/100|[from] Stealth Rock\n|\n|upkeep\n|turn|4\n|\n|t:|1700429363\n|switch|p1a: Heliolisk|Heliolisk, M|100\/100\n|-damage|p1a: Heliolisk|88\/100|[from] Stealth Rock\n|move|p2a: Keldeo|Calm Mind|p2a: Keldeo\n|-boost|p2a: Keldeo|spa|1\n|-boost|p2a: Keldeo|spd|1\n|\n|upkeep\n|turn|5\n|\n|t:|1700429377\n|move|p1a: Heliolisk|Thunderbolt|p2a: Keldeo\n|-supereffective|p2a: Keldeo\n|-damage|p2a: Keldeo|35\/100\n|move|p2a: Keldeo|Focus Blast|p1a: Heliolisk|[miss]\n|-miss|p2a: Keldeo|p1a: Heliolisk\n|\n|upkeep\n|turn|6\n|\n|t:|1700429398\n|switch|p1a: Dragapult|Dragapult, M|100\/100\n|switch|p2a: Landorus|Landorus-Therian, M|100\/100\n|-ability|p2a: Landorus|Intimidate|boost\n|-fail|p1a: Dragapult|unboost|[from] ability: Clear Body|[of] p1a: Dragapult\n|\n|upkeep\n|turn|7\n|\n|t:|1700429406\n|move|p1a: Dragapult|Will-O-Wisp|p2a: Landorus\n|-status|p2a: Landorus|brn\n|move|p2a: Landorus|Nasty Plot|p2a: Landorus\n|-boost|p2a: Landorus|spa|2\n|\n|-damage|p2a: Landorus|95\/100 brn|[from] brn\n|upkeep\n|turn|8\n|\n|t:|1700429414\n|move|p1a: Dragapult|Surf|p2a: Landorus\n|-supereffective|p2a: Landorus\n|-damage|p2a: Landorus|43\/100 brn\n|move|p2a: Landorus|Earth Power|p1a: Dragapult\n|-damage|p1a: Dragapult|32\/100\n|\n|-damage|p2a: Landorus|37\/100 brn|[from] brn\n|upkeep\n|turn|9\n|\n|t:|1700429426\n|switch|p2a: Scizor|Scizor, F|100\/100\n|move|p1a: Dragapult|Surf|p2a: Scizor\n|-damage|p2a: Scizor|78\/100\n|\n|upkeep\n|turn|10\n|\n|t:|1700429452\n|switch|p1a: Infernape|Infernape, F|100\/100\n|-damage|p1a: Infernape|88\/100|[from] Stealth Rock\n|detailschange|p2a: Scizor|Scizor-Mega, F\n|-mega|p2a: Scizor|Scizor|Scizorite\n|move|p2a: Scizor|Bullet Punch|p1a: Infernape\n|-resisted|p1a: Infernape\n|-damage|p1a: Infernape|60\/100\n|\n|upkeep\n|turn|11\n|\n|t:|1700429473\n|switch|p2a: Heatran|Heatran, F|42\/100\n|move|p1a: Infernape|Fire Punch|p2a: Heatran\n|-start|p2a: Heatran|ability: Flash Fire\n|\n|-heal|p2a: Heatran|48\/100|[from] item: Leftovers\n|upkeep\n|turn|12\n|\n|t:|1700429487\n|move|p1a: Infernape|Close Combat|p2a: Heatran\n|-supereffective|p2a: Heatran\n|-damage|p2a: Heatran|0 fnt\n|-unboost|p1a: Infernape|def|1\n|-unboost|p1a: Infernape|spd|1\n|faint|p2a: Heatran\n|\n|upkeep\n|\n|t:|1700429495\n|switch|p2a: Landorus|Landorus-Therian, M|37\/100 brn\n|-ability|p2a: Landorus|Intimidate|boost\n|-unboost|p1a: Infernape|atk|1\n|turn|13\n|\n|t:|1700429502\n|move|p1a: Infernape|U-turn|p2a: Landorus\n|-resisted|p2a: Landorus\n|-crit|p2a: Landorus\n|-damage|p2a: Landorus|18\/100 brn\n|\n|t:|1700429513\n|switch|p1a: Vaporeon|Vaporeon, F|94\/100 tox|[from] U-turn\n|-damage|p1a: Vaporeon|82\/100 tox|[from] Stealth Rock\n|move|p2a: Landorus|Earth Power|p1a: Vaporeon\n|-damage|p1a: Vaporeon|53\/100 tox\n|\n|-heal|p1a: Vaporeon|59\/100 tox|[from] item: Leftovers\n|-damage|p1a: Vaporeon|53\/100 tox|[from] psn\n|-damage|p2a: Landorus|12\/100 brn|[from] brn\n|upkeep\n|turn|14\n|\n|t:|1700429524\n|move|p2a: Landorus|Taunt|p1a: Vaporeon\n|-start|p1a: Vaporeon|move: Taunt\n|move|p1a: Vaporeon|Scald|p2a: Landorus\n|-supereffective|p2a: Landorus\n|-damage|p2a: Landorus|0 fnt\n|faint|p2a: Landorus\n|\n|-heal|p1a: Vaporeon|59\/100 tox|[from] item: Leftovers\n|-damage|p1a: Vaporeon|46\/100 tox|[from] psn\n|upkeep\n|\n|t:|1700429555\n|switch|p2a: Shaymin|Shaymin-Sky|100\/100\n|turn|15\n|\n|t:|1700429573\n|move|p2a: Shaymin|Air Slash|p1a: Vaporeon\n|-damage|p1a: Vaporeon|13\/100 tox\n|move|p1a: Vaporeon|Ice Beam|p2a: Shaymin\n|-supereffective|p2a: Shaymin\n|-damage|p2a: Shaymin|0 fnt\n|faint|p2a: Shaymin\n|\n|-heal|p1a: Vaporeon|20\/100 tox|[from] item: Leftovers\n|-damage|p1a: Vaporeon|1\/100 tox|[from] psn\n|upkeep\n|\n|t:|1700429580\n|switch|p2a: Scizor|Scizor-Mega, F|78\/100\n|turn|16\n|c|\u2606Dextarr513|oh no\n|\n|t:|1700429599\n|move|p2a: Scizor|Swords Dance|p2a: Scizor\n|-boost|p2a: Scizor|atk|2\n|move|p1a: Vaporeon|Scald|p2a: Scizor\n|-damage|p2a: Scizor|50\/100\n|-status|p2a: Scizor|brn\n|\n|-heal|p1a: Vaporeon|7\/100 tox|[from] item: Leftovers\n|-damage|p1a: Vaporeon|0 fnt|[from] psn\n|faint|p1a: Vaporeon\n|-damage|p2a: Scizor|44\/100 brn|[from] brn\n|upkeep\n|\n|t:|1700429611\n|switch|p1a: Infernape|Infernape, F|60\/100\n|-damage|p1a: Infernape|48\/100|[from] Stealth Rock\n|turn|17\n|\n|t:|1700429620\n|move|p1a: Infernape|Fake Out|p2a: Scizor\n|-resisted|p2a: Scizor\n|-damage|p2a: Scizor|40\/100 brn\n|cant|p2a: Scizor|flinch\n|\n|-damage|p2a: Scizor|33\/100 brn|[from] brn\n|upkeep\n|turn|18\n|\n|t:|1700429628\n|move|p2a: Scizor|Bullet Punch|p1a: Infernape\n|-resisted|p1a: Infernape\n|-crit|p1a: Infernape\n|-damage|p1a: Infernape|11\/100\n|move|p1a: Infernape|Fire Punch|p2a: Scizor\n|-supereffective|p2a: Scizor\n|-damage|p2a: Scizor|0 fnt\n|faint|p2a: Scizor\n|\n|upkeep\n|\n|t:|1700429637\n|switch|p2a: Keldeo|Keldeo|35\/100\n|turn|19\n|\n|t:|1700429648\n|move|p1a: Infernape|Close Combat|p2a: Keldeo\n|-damage|p2a: Keldeo|0 fnt\n|-unboost|p1a: Infernape|def|1\n|-unboost|p1a: Infernape|spd|1\n|faint|p2a: Keldeo\n|\n|upkeep\n|\n|t:|1700429651\n|switch|p2a: Dusclops|Dusclops, M|100\/100\n|-ability|p2a: Dusclops|Pressure\n|turn|20\n|\n|t:|1700429664\n|switch|p1a: Heliolisk|Heliolisk, M|88\/100\n|-damage|p1a: Heliolisk|76\/100|[from] Stealth Rock\n|move|p2a: Dusclops|Hex|p1a: Heliolisk\n|-immune|p1a: Heliolisk\n|\n|upkeep\n|turn|21\n|\n|t:|1700429671\n|move|p1a: Heliolisk|Thunderbolt|p2a: Dusclops\n|-damage|p2a: Dusclops|81\/100\n|-status|p2a: Dusclops|par\n|move|p2a: Dusclops|Will-O-Wisp|p1a: Heliolisk\n|-status|p1a: Heliolisk|brn\n|\n|-damage|p1a: Heliolisk|70\/100 brn|[from] brn\n|upkeep\n|turn|22\n|-message|A. Persians forfeited.\n|\n|win|Dextarr513\n|l|\u2606A. Persians\n","uploadtime":1700429721,"views":19,"p1id":"dextarr513","p2id":"apersians","formatid":"gen9nationaldexubers","rating":0,"private":0,"password":""}