{"id":"gen9nationaldexubers-1981128774","p1":"SeanBoyQ","p2":"Falcon_mk16","format":"[Gen 9] National Dex Ubers","log":"|j|\u2606SeanBoyQ\n|j|\u2606Falcon_mk16\n|t:|1698865852\n|gametype|singles\n|player|p1|SeanBoyQ|1|1114\n|player|p2|Falcon_mk16|veteran|1151\n|teamsize|p1|6\n|teamsize|p2|6\n|gen|9\n|tier|[Gen 9] National Dex Ubers\n|rated|\n|rule|HP Percentage Mod: HP is shown in percentages\n|rule|Endless Battle Clause: Forcing endless battles is banned\n|rule|OHKO Clause: OHKO moves are banned\n|rule|Evasion Moves Clause: Evasion moves are banned\n|rule|Evasion Items Clause: Evasion items are banned\n|rule|Species Clause: Limit one of each Pok\u00e9mon\n|rule|Sleep Clause Mod: Limit one foe put to sleep\n|rule|Mega Rayquaza Clause: You cannot mega evolve Rayquaza\n|clearpoke\n|poke|p1|Zygarde|\n|poke|p1|Tropius, F|\n|poke|p1|Slowking-Galar, M|\n|poke|p1|Ninetales-Alola, M|\n|poke|p1|Mantine, F|\n|poke|p1|Terrakion|\n|poke|p2|Tapu Koko|\n|poke|p2|Mimikyu, M|\n|poke|p2|Necrozma-Dusk-Mane|\n|poke|p2|Espathra, F|\n|poke|p2|Toxapex, F|\n|poke|p2|Metagross|\n|teampreview\n|\n|t:|1698865858\n|start\n|switch|p1a: Ninetales|Ninetales-Alola, M|100\/100\n|switch|p2a: Toxapex|Toxapex, F|100\/100\n|-weather|Snow|[from] ability: Snow Warning|[of] p1a: Ninetales\n|turn|1\n|\n|t:|1698865866\n|move|p1a: Ninetales|Aurora Veil|p1a: Ninetales\n|-sidestart|p1: SeanBoyQ|move: Aurora Veil\n|move|p2a: Toxapex|Toxic Spikes|p1a: Ninetales\n|-sidestart|p1: SeanBoyQ|move: Toxic Spikes\n|\n|-weather|Snow|[upkeep]\n|upkeep\n|turn|2\n|\n|t:|1698865876\n|switch|p1a: Mantine|Mantine, F|100\/100\n|move|p2a: Toxapex|Toxic Spikes|p1a: Mantine\n|-sidestart|p1: SeanBoyQ|move: Toxic Spikes\n|\n|-weather|Snow|[upkeep]\n|upkeep\n|turn|3\n|\n|t:|1698865882\n|move|p2a: Toxapex|Baneful Bunker|p2a: Toxapex\n|-singleturn|p2a: Toxapex|move: Protect\n|move|p1a: Mantine|Whirlpool|p2a: Toxapex\n|-activate|p2a: Toxapex|move: Protect\n|\n|-weather|Snow|[upkeep]\n|upkeep\n|turn|4\n|\n|t:|1698865892\n|move|p1a: Mantine|Defog|p2a: Toxapex\n|-unboost|p2a: Toxapex|evasion|1\n|-sideend|p1: SeanBoyQ|Toxic Spikes|[from] move: Defog|[of] p1a: Mantine\n|move|p2a: Toxapex|Surf|p1a: Mantine\n|-immune|p1a: Mantine|[from] ability: Water Absorb\n|\n|-weather|Snow|[upkeep]\n|upkeep\n|turn|5\n|\n|t:|1698865901\n|move|p1a: Mantine|Whirlpool|p2a: Toxapex\n|-resisted|p2a: Toxapex\n|-damage|p2a: Toxapex|96\/100\n|-activate|p2a: Toxapex|move: Whirlpool|[of] p1a: Mantine\n|move|p2a: Toxapex|Toxic Spikes|p1a: Mantine\n|-sidestart|p1: SeanBoyQ|move: Toxic Spikes\n|\n|-weather|none\n|-heal|p2a: Toxapex|100\/100|[from] item: Leftovers\n|-damage|p2a: Toxapex|88\/100|[from] move: Whirlpool|[partiallytrapped]\n|upkeep\n|turn|6\n|\n|t:|1698865913\n|move|p1a: Mantine|Scald|p2a: Toxapex\n|-resisted|p2a: Toxapex\n|-crit|p2a: Toxapex\n|-damage|p2a: Toxapex|75\/100\n|move|p2a: Toxapex|Toxic Spikes|p1a: Mantine\n|-sidestart|p1: SeanBoyQ|move: Toxic Spikes\n|\n|-heal|p2a: Toxapex|82\/100|[from] item: Leftovers\n|-damage|p2a: Toxapex|69\/100|[from] move: Whirlpool|[partiallytrapped]\n|upkeep\n|turn|7\n|\n|t:|1698865926\n|move|p2a: Toxapex|Baneful Bunker|p2a: Toxapex\n|-singleturn|p2a: Toxapex|move: Protect\n|move|p1a: Mantine|Scald|p2a: Toxapex\n|-activate|p2a: Toxapex|move: Protect\n|\n|-heal|p2a: Toxapex|75\/100|[from] item: Leftovers\n|-damage|p2a: Toxapex|63\/100|[from] move: Whirlpool|[partiallytrapped]\n|upkeep\n|turn|8\n|\n|t:|1698865936\n|move|p1a: Mantine|Defog|p2a: Toxapex\n|-unboost|p2a: Toxapex|evasion|1\n|-sideend|p1: SeanBoyQ|Toxic Spikes|[from] move: Defog|[of] p1a: Mantine\n|move|p2a: Toxapex|Recover|p2a: Toxapex\n|-heal|p2a: Toxapex|100\/100\n|\n|-damage|p2a: Toxapex|88\/100|[from] move: Whirlpool|[partiallytrapped]\n|-sideend|p1: SeanBoyQ|move: Aurora Veil\n|upkeep\n|turn|9\n|\n|t:|1698865944\n|move|p1a: Mantine|Whirlpool|p2a: Toxapex\n|-resisted|p2a: Toxapex\n|-damage|p2a: Toxapex|84\/100\n|move|p2a: Toxapex|Toxic Spikes|p1a: Mantine\n|-sidestart|p1: SeanBoyQ|move: Toxic Spikes\n|\n|-heal|p2a: Toxapex|90\/100|[from] item: Leftovers\n|-damage|p2a: Toxapex|78\/100|[from] move: Whirlpool|[partiallytrapped]\n|upkeep\n|turn|10\n|\n|t:|1698865952\n|move|p1a: Mantine|Whirlpool|p2a: Toxapex\n|-resisted|p2a: Toxapex\n|-damage|p2a: Toxapex|74\/100\n|move|p2a: Toxapex|Toxic Spikes|p1a: Mantine\n|-sidestart|p1: SeanBoyQ|move: Toxic Spikes\n|\n|-heal|p2a: Toxapex|80\/100|[from] item: Leftovers\n|-end|p2a: Toxapex|Whirlpool|[partiallytrapped]\n|upkeep\n|turn|11\n|\n|t:|1698865961\n|move|p1a: Mantine|Whirlpool|p2a: Toxapex\n|-resisted|p2a: Toxapex\n|-damage|p2a: Toxapex|76\/100\n|-activate|p2a: Toxapex|move: Whirlpool|[of] p1a: Mantine\n|move|p2a: Toxapex|Toxic Spikes||[still]\n|-fail|p2a: Toxapex\n|\n|-heal|p2a: Toxapex|82\/100|[from] item: Leftovers\n|-damage|p2a: Toxapex|70\/100|[from] move: Whirlpool|[partiallytrapped]\n|upkeep\n|turn|12\n|\n|t:|1698865974\n|move|p2a: Toxapex|Baneful Bunker|p2a: Toxapex\n|-singleturn|p2a: Toxapex|move: Protect\n|move|p1a: Mantine|Scald|p2a: Toxapex\n|-activate|p2a: Toxapex|move: Protect\n|\n|-heal|p2a: Toxapex|76\/100|[from] item: Leftovers\n|-damage|p2a: Toxapex|63\/100|[from] move: Whirlpool|[partiallytrapped]\n|upkeep\n|turn|13\n|\n|t:|1698865986\n|move|p1a: Mantine|Scald|p2a: Toxapex\n|-resisted|p2a: Toxapex\n|-damage|p2a: Toxapex|54\/100\n|move|p2a: Toxapex|Recover|p2a: Toxapex\n|-heal|p2a: Toxapex|100\/100\n|\n|-damage|p2a: Toxapex|88\/100|[from] move: Whirlpool|[partiallytrapped]\n|upkeep\n|turn|14\n|\n|t:|1698865994\n|move|p2a: Toxapex|Baneful Bunker|p2a: Toxapex\n|-singleturn|p2a: Toxapex|move: Protect\n|move|p1a: Mantine|Scald|p2a: Toxapex\n|-activate|p2a: Toxapex|move: Protect\n|\n|-heal|p2a: Toxapex|94\/100|[from] item: Leftovers\n|-damage|p2a: Toxapex|82\/100|[from] move: Whirlpool|[partiallytrapped]\n|upkeep\n|turn|15\n|\n|t:|1698866003\n|move|p2a: Toxapex|Baneful Bunker||[still]\n|-fail|p2a: Toxapex\n|move|p1a: Mantine|Scald|p2a: Toxapex\n|-resisted|p2a: Toxapex\n|-damage|p2a: Toxapex|73\/100\n|\n|-heal|p2a: Toxapex|79\/100|[from] item: Leftovers\n|-end|p2a: Toxapex|Whirlpool|[partiallytrapped]\n|upkeep\n|turn|16\n|\n|t:|1698866012\n|move|p1a: Mantine|Defog|p2a: Toxapex\n|-unboost|p2a: Toxapex|evasion|1\n|-sideend|p1: SeanBoyQ|Toxic Spikes|[from] move: Defog|[of] p1a: Mantine\n|move|p2a: Toxapex|Toxic Spikes|p1a: Mantine\n|-sidestart|p1: SeanBoyQ|move: Toxic Spikes\n|\n|-heal|p2a: Toxapex|86\/100|[from] item: Leftovers\n|upkeep\n|turn|17\n|\n|t:|1698866019\n|move|p1a: Mantine|Whirlpool|p2a: Toxapex\n|-resisted|p2a: Toxapex\n|-damage|p2a: Toxapex|81\/100\n|-activate|p2a: Toxapex|move: Whirlpool|[of] p1a: Mantine\n|move|p2a: Toxapex|Toxic Spikes|p1a: Mantine\n|-sidestart|p1: SeanBoyQ|move: Toxic Spikes\n|\n|-heal|p2a: Toxapex|88\/100|[from] item: Leftovers\n|-damage|p2a: Toxapex|75\/100|[from] move: Whirlpool|[partiallytrapped]\n|upkeep\n|turn|18\n|\n|t:|1698866031\n|move|p1a: Mantine|Defog|p2a: Toxapex\n|-unboost|p2a: Toxapex|evasion|1\n|-sideend|p1: SeanBoyQ|Toxic Spikes|[from] move: Defog|[of] p1a: Mantine\n|move|p2a: Toxapex|Toxic Spikes|p1a: Mantine\n|-sidestart|p1: SeanBoyQ|move: Toxic Spikes\n|\n|-heal|p2a: Toxapex|81\/100|[from] item: Leftovers\n|-damage|p2a: Toxapex|69\/100|[from] move: Whirlpool|[partiallytrapped]\n|upkeep\n|turn|19\n|\n|t:|1698866039\n|move|p1a: Mantine|Scald|p2a: Toxapex\n|-resisted|p2a: Toxapex\n|-damage|p2a: Toxapex|59\/100\n|-status|p2a: Toxapex|brn\n|move|p2a: Toxapex|Toxic Spikes|p1a: Mantine\n|-sidestart|p1: SeanBoyQ|move: Toxic Spikes\n|\n|-heal|p2a: Toxapex|65\/100 brn|[from] item: Leftovers\n|-damage|p2a: Toxapex|59\/100 brn|[from] brn\n|-damage|p2a: Toxapex|47\/100 brn|[from] move: Whirlpool|[partiallytrapped]\n|upkeep\n|turn|20\n|\n|t:|1698866051\n|move|p1a: Mantine|Scald|p2a: Toxapex\n|-resisted|p2a: Toxapex\n|-damage|p2a: Toxapex|38\/100 brn\n|move|p2a: Toxapex|Toxic Spikes||[still]\n|-fail|p2a: Toxapex\n|\n|-heal|p2a: Toxapex|44\/100 brn|[from] item: Leftovers\n|-damage|p2a: Toxapex|38\/100 brn|[from] brn\n|-damage|p2a: Toxapex|25\/100 brn|[from] move: Whirlpool|[partiallytrapped]\n|upkeep\n|turn|21\n|\n|t:|1698866062\n|move|p1a: Mantine|Defog|p2a: Toxapex\n|-unboost|p2a: Toxapex|evasion|1\n|-sideend|p1: SeanBoyQ|Toxic Spikes|[from] move: Defog|[of] p1a: Mantine\n|move|p2a: Toxapex|Recover|p2a: Toxapex\n|-heal|p2a: Toxapex|75\/100 brn\n|\n|-heal|p2a: Toxapex|82\/100 brn|[from] item: Leftovers\n|-damage|p2a: Toxapex|75\/100 brn|[from] brn\n|-end|p2a: Toxapex|Whirlpool|[partiallytrapped]\n|upkeep\n|turn|22\n|\n|t:|1698866071\n|move|p1a: Mantine|Whirlpool|p2a: Toxapex\n|-resisted|p2a: Toxapex\n|-damage|p2a: Toxapex|71\/100 brn\n|-activate|p2a: Toxapex|move: Whirlpool|[of] p1a: Mantine\n|move|p2a: Toxapex|Toxic Spikes|p1a: Mantine\n|-sidestart|p1: SeanBoyQ|move: Toxic Spikes\n|\n|-heal|p2a: Toxapex|77\/100 brn|[from] item: Leftovers\n|-damage|p2a: Toxapex|71\/100 brn|[from] brn\n|-damage|p2a: Toxapex|59\/100 brn|[from] move: Whirlpool|[partiallytrapped]\n|upkeep\n|turn|23\n|\n|t:|1698866083\n|move|p1a: Mantine|Scald|p2a: Toxapex\n|-resisted|p2a: Toxapex\n|-damage|p2a: Toxapex|49\/100 brn\n|move|p2a: Toxapex|Toxic Spikes|p1a: Mantine\n|-sidestart|p1: SeanBoyQ|move: Toxic Spikes\n|\n|-heal|p2a: Toxapex|55\/100 brn|[from] item: Leftovers\n|-damage|p2a: Toxapex|49\/100 brn|[from] brn\n|-damage|p2a: Toxapex|36\/100 brn|[from] move: Whirlpool|[partiallytrapped]\n|upkeep\n|turn|24\n|\n|t:|1698866094\n|move|p1a: Mantine|Scald|p2a: Toxapex\n|-resisted|p2a: Toxapex\n|-damage|p2a: Toxapex|26\/100 brn\n|move|p2a: Toxapex|Toxic Spikes||[still]\n|-fail|p2a: Toxapex\n|\n|-heal|p2a: Toxapex|33\/100 brn|[from] item: Leftovers\n|-damage|p2a: Toxapex|26\/100 brn|[from] brn\n|-damage|p2a: Toxapex|14\/100 brn|[from] move: Whirlpool|[partiallytrapped]\n|upkeep\n|turn|25\n|\n|t:|1698866103\n|move|p1a: Mantine|Scald|p2a: Toxapex\n|-resisted|p2a: Toxapex\n|-damage|p2a: Toxapex|4\/100 brn\n|move|p2a: Toxapex|Recover|p2a: Toxapex\n|-heal|p2a: Toxapex|54\/100 brn\n|\n|-heal|p2a: Toxapex|60\/100 brn|[from] item: Leftovers\n|-damage|p2a: Toxapex|54\/100 brn|[from] brn\n|-damage|p2a: Toxapex|42\/100 brn|[from] move: Whirlpool|[partiallytrapped]\n|upkeep\n|turn|26\n|\n|t:|1698866114\n|move|p1a: Mantine|Scald|p2a: Toxapex\n|-resisted|p2a: Toxapex\n|-damage|p2a: Toxapex|32\/100 brn\n|move|p2a: Toxapex|Recover|p2a: Toxapex\n|-heal|p2a: Toxapex|82\/100 brn\n|\n|-heal|p2a: Toxapex|88\/100 brn|[from] item: Leftovers\n|-damage|p2a: Toxapex|82\/100 brn|[from] brn\n|-damage|p2a: Toxapex|70\/100 brn|[from] move: Whirlpool|[partiallytrapped]\n|upkeep\n|turn|27\n|\n|t:|1698866124\n|move|p2a: Toxapex|Baneful Bunker|p2a: Toxapex\n|-singleturn|p2a: Toxapex|move: Protect\n|move|p1a: Mantine|Scald|p2a: Toxapex\n|-activate|p2a: Toxapex|move: Protect\n|\n|-heal|p2a: Toxapex|76\/100 brn|[from] item: Leftovers\n|-damage|p2a: Toxapex|70\/100 brn|[from] brn\n|-end|p2a: Toxapex|Whirlpool|[partiallytrapped]\n|upkeep\n|turn|28\n|\n|t:|1698866135\n|switch|p2a: Tapu Koko|Tapu Koko|100\/100\n|-fieldstart|move: Electric Terrain|[from] ability: Electric Surge|[of] p2a: Tapu Koko\n|move|p1a: Mantine|Whirlpool|p2a: Tapu Koko\n|-damage|p2a: Tapu Koko|89\/100\n|-activate|p2a: Tapu Koko|move: Whirlpool|[of] p1a: Mantine\n|\n|-damage|p2a: Tapu Koko|77\/100|[from] move: Whirlpool|[partiallytrapped]\n|upkeep\n|turn|29\n|\n|t:|1698866146\n|switch|p1a: Slowking|Slowking-Galar, M|100\/100\n|-sideend|p1: SeanBoyQ|move: Toxic Spikes|[of] p1a: Slowking\n|move|p2a: Tapu Koko|Light Screen|p2a: Tapu Koko\n|-sidestart|p2: Falcon_mk16|move: Light Screen\n|\n|-end|p2a: Tapu Koko|Whirlpool|[partiallytrapped]|[silent]\n|upkeep\n|turn|30\n|\n|t:|1698866151\n|move|p2a: Tapu Koko|Reflect|p2a: Tapu Koko\n|-sidestart|p2: Falcon_mk16|Reflect\n|move|p1a: Slowking|Sludge Bomb|p2a: Tapu Koko\n|-supereffective|p2a: Tapu Koko\n|-damage|p2a: Tapu Koko|19\/100\n|-status|p2a: Tapu Koko|psn\n|\n|-damage|p2a: Tapu Koko|7\/100 psn|[from] psn\n|upkeep\n|turn|31\n|\n|t:|1698866162\n|move|p2a: Tapu Koko|U-turn|p1a: Slowking\n|-damage|p1a: Slowking|82\/100\n|\n|t:|1698866167\n|switch|p2a: Espathra|Espathra, F|100\/100|[from] U-turn\n|-enditem|p2a: Espathra|Electric Seed\n|-boost|p2a: Espathra|def|1|[from] item: Electric Seed\n|move|p1a: Slowking|Focus Blast|p2a: Espathra\n|-resisted|p2a: Espathra\n|-damage|p2a: Espathra|85\/100\n|\n|upkeep\n|turn|32\n|\n|t:|1698866183\n|switch|p1a: Mantine|Mantine, F|100\/100\n|move|p2a: Espathra|Calm Mind|p2a: Espathra\n|-boost|p2a: Espathra|spa|1\n|-boost|p2a: Espathra|spd|1\n|\n|-fieldend|move: Electric Terrain\n|-ability|p2a: Espathra|Speed Boost|boost\n|-boost|p2a: Espathra|spe|1\n|upkeep\n|turn|33\n|\n|t:|1698866192\n|move|p2a: Espathra|Calm Mind|p2a: Espathra\n|-boost|p2a: Espathra|spa|1\n|-boost|p2a: Espathra|spd|1\n|move|p1a: Mantine|Whirlpool|p2a: Espathra\n|-damage|p2a: Espathra|82\/100\n|-activate|p2a: Espathra|move: Whirlpool|[of] p1a: Mantine\n|\n|-damage|p2a: Espathra|70\/100|[from] move: Whirlpool|[partiallytrapped]\n|-ability|p2a: Espathra|Speed Boost|boost\n|-boost|p2a: Espathra|spe|1\n|upkeep\n|turn|34\n|\n|t:|1698866207\n|move|p2a: Espathra|Calm Mind|p2a: Espathra\n|-boost|p2a: Espathra|spa|1\n|-boost|p2a: Espathra|spd|1\n|move|p1a: Mantine|Defog|p2a: Espathra\n|-unboost|p2a: Espathra|evasion|1\n|-sideend|p2: Falcon_mk16|Reflect\n|-sideend|p2: Falcon_mk16|move: Light Screen\n|\n|-damage|p2a: Espathra|57\/100|[from] move: Whirlpool|[partiallytrapped]\n|-ability|p2a: Espathra|Speed Boost|boost\n|-boost|p2a: Espathra|spe|1\n|upkeep\n|turn|35\n|\n|t:|1698866219\n|move|p2a: Espathra|Roost|p2a: Espathra\n|-heal|p2a: Espathra|100\/100\n|-singleturn|p2a: Espathra|move: Roost\n|move|p1a: Mantine|Scald|p2a: Espathra\n|-damage|p2a: Espathra|87\/100\n|\n|-damage|p2a: Espathra|74\/100|[from] move: Whirlpool|[partiallytrapped]\n|-ability|p2a: Espathra|Speed Boost|boost\n|-boost|p2a: Espathra|spe|1\n|upkeep\n|turn|36\n|\n|t:|1698866228\n|move|p2a: Espathra|Calm Mind|p2a: Espathra\n|-boost|p2a: Espathra|spa|1\n|-boost|p2a: Espathra|spd|1\n|move|p1a: Mantine|Scald|p2a: Espathra\n|-damage|p2a: Espathra|63\/100\n|\n|-damage|p2a: Espathra|50\/100|[from] move: Whirlpool|[partiallytrapped]\n|-ability|p2a: Espathra|Speed Boost|boost\n|-boost|p2a: Espathra|spe|1\n|upkeep\n|turn|37\n|\n|t:|1698866239\n|move|p2a: Espathra|Roost|p2a: Espathra\n|-heal|p2a: Espathra|99\/100\n|-singleturn|p2a: Espathra|move: Roost\n|move|p1a: Mantine|Scald|p2a: Espathra\n|-damage|p2a: Espathra|90\/100\n|\n|-damage|p2a: Espathra|77\/100|[from] move: Whirlpool|[partiallytrapped]\n|-ability|p2a: Espathra|Speed Boost|boost\n|-boost|p2a: Espathra|spe|1\n|upkeep\n|turn|38\n|\n|t:|1698866248\n|move|p2a: Espathra|Calm Mind|p2a: Espathra\n|-boost|p2a: Espathra|spa|1\n|-boost|p2a: Espathra|spd|1\n|move|p1a: Mantine|Scald|p2a: Espathra\n|-damage|p2a: Espathra|68\/100\n|\n|-end|p2a: Espathra|Whirlpool|[partiallytrapped]\n|upkeep\n|turn|39\n|\n|t:|1698866257\n|move|p2a: Espathra|Calm Mind|p2a: Espathra\n|-boost|p2a: Espathra|spa|1\n|-boost|p2a: Espathra|spd|1\n|move|p1a: Mantine|Scald|p2a: Espathra\n|-damage|p2a: Espathra|60\/100\n|\n|upkeep\n|turn|40\n|\n|t:|1698866266\n|move|p2a: Espathra|Stored Power|p1a: Mantine\n|-damage|p1a: Mantine|0 fnt\n|faint|p1a: Mantine\n|\n|upkeep\n|\n|t:|1698866275\n|switch|p1a: Ninetales|Ninetales-Alola, M|100\/100\n|-weather|Snow|[from] ability: Snow Warning|[of] p1a: Ninetales\n|turn|41\n|\n|t:|1698866279\n|move|p2a: Espathra|Stored Power|p1a: Ninetales\n|-damage|p1a: Ninetales|0 fnt\n|faint|p1a: Ninetales\n|\n|-weather|Snow|[upkeep]\n|upkeep\n|-message|SeanBoyQ forfeited.\n|\n|win|Falcon_mk16\n|raw|SeanBoyQ's rating: 1114 &rarr; <strong>1092<\/strong><br \/>(-22 for losing)\n|raw|Falcon_mk16's rating: 1151 &rarr; <strong>1173<\/strong><br \/>(+22 for winning)\n|l|\u2606SeanBoyQ\n","uploadtime":1698866300,"views":7,"p1id":"seanboyq","p2id":"falconmk16","formatid":"gen9nationaldexubers","rating":1092,"private":0,"password":""}