{"id":"gen9nationaldexubers-1995017719","p1":"kpoc12","p2":"cassinidivision","format":"[Gen 9] National Dex Ubers","log":"|j|\u2606kpoc12\n|j|\u2606cassinidivision\n|t:|1700513829\n|gametype|singles\n|player|p1|kpoc12|marnie|\n|player|p2|cassinidivision|giacomo|\n|teamsize|p1|6\n|teamsize|p2|6\n|gen|9\n|tier|[Gen 9] National Dex Ubers\n|rule|HP Percentage Mod: HP is shown in percentages\n|rule|Endless Battle Clause: Forcing endless battles is banned\n|rule|OHKO Clause: OHKO moves are banned\n|rule|Evasion Moves Clause: Evasion moves are banned\n|rule|Evasion Items Clause: Evasion items are banned\n|rule|Species Clause: Limit one of each Pok\u00e9mon\n|rule|Sleep Clause Mod: Limit one foe put to sleep\n|rule|Mega Rayquaza Clause: You cannot mega evolve Rayquaza\n|clearpoke\n|poke|p1|Grimmsnarl, M|\n|poke|p1|Liepard, M|\n|poke|p1|Scrafty, F|\n|poke|p1|Toxicroak, M|\n|poke|p1|Sharpedo, M|\n|poke|p1|Morpeko, F|\n|poke|p2|Kingambit, M|\n|poke|p2|Honchkrow, M|\n|poke|p2|Weavile, M|\n|poke|p2|Krookodile, F|\n|poke|p2|Muk-Alola, F|\n|poke|p2|Umbreon, F|\n|teampreview\n|\n|t:|1700513840\n|start\n|switch|p1a: Grimmsnarl|Grimmsnarl, M|100\/100\n|switch|p2a: BIG BIRD|Honchkrow, M|100\/100\n|turn|1\n|\n|t:|1700513858\n|move|p1a: Grimmsnarl|Reflect|p1a: Grimmsnarl\n|-sidestart|p1: kpoc12|Reflect\n|move|p2a: BIG BIRD|U-turn|p1a: Grimmsnarl\n|-damage|p1a: Grimmsnarl|87\/100\n|\n|t:|1700513866\n|switch|p2a: SAUCE|Muk-Alola, F|100\/100|[from] U-turn\n|\n|upkeep\n|turn|2\n|\n|t:|1700513873\n|move|p1a: Grimmsnarl|Light Screen|p1a: Grimmsnarl\n|-sidestart|p1: kpoc12|move: Light Screen\n|move|p2a: SAUCE|Gunk Shot|p1a: Grimmsnarl|[miss]\n|-miss|p2a: SAUCE|p1a: Grimmsnarl\n|\n|upkeep\n|turn|3\n|\n|t:|1700513884\n|move|p1a: Grimmsnarl|Spirit Break|p2a: SAUCE\n|-damage|p2a: SAUCE|67\/100\n|-unboost|p2a: SAUCE|spa|1\n|move|p2a: SAUCE|Gunk Shot|p1a: Grimmsnarl\n|-supereffective|p1a: Grimmsnarl\n|-damage|p1a: Grimmsnarl|30\/100\n|-status|p1a: Grimmsnarl|psn\n|\n|-heal|p2a: SAUCE|73\/100|[from] item: Leftovers\n|-damage|p1a: Grimmsnarl|17\/100 psn|[from] psn\n|upkeep\n|turn|4\n|\n|t:|1700513896\n|move|p1a: Grimmsnarl|Spirit Break|p2a: SAUCE\n|-damage|p2a: SAUCE|42\/100\n|-unboost|p2a: SAUCE|spa|1\n|move|p2a: SAUCE|Acid Armor|p2a: SAUCE\n|-boost|p2a: SAUCE|def|2\n|\n|-heal|p2a: SAUCE|48\/100|[from] item: Leftovers\n|-damage|p1a: Grimmsnarl|5\/100 psn|[from] psn\n|upkeep\n|turn|5\n|\n|t:|1700513905\n|move|p1a: Grimmsnarl|Spirit Break|p2a: SAUCE\n|-damage|p2a: SAUCE|32\/100\n|-unboost|p2a: SAUCE|spa|1\n|move|p2a: SAUCE|Acid Armor|p2a: SAUCE\n|-boost|p2a: SAUCE|def|2\n|\n|-heal|p2a: SAUCE|38\/100|[from] item: Leftovers\n|-damage|p1a: Grimmsnarl|0 fnt|[from] psn\n|faint|p1a: Grimmsnarl\n|upkeep\n|\n|t:|1700513934\n|switch|p1a: Sharpedo|Sharpedo, M|100\/100\n|turn|6\n|j| parkle\n|\n|t:|1700513947\n|move|p1a: Sharpedo|Waterfall|p2a: SAUCE\n|-damage|p2a: SAUCE|22\/100\n|move|p2a: SAUCE|Brick Break|p1a: Sharpedo\n|-sideend|p1: kpoc12|Reflect\n|-sideend|p1: kpoc12|move: Light Screen\n|-supereffective|p1a: Sharpedo\n|-damage|p1a: Sharpedo|7\/100\n|-enditem|p1a: Sharpedo|Sitrus Berry|[eat]\n|-heal|p1a: Sharpedo|32\/100|[from] item: Sitrus Berry\n|\n|-heal|p2a: SAUCE|28\/100|[from] item: Leftovers\n|-ability|p1a: Sharpedo|Speed Boost|boost\n|-boost|p1a: Sharpedo|spe|1\n|upkeep\n|turn|7\n|c| parkle|any flinchers ?\n|\n|t:|1700513966\n|move|p1a: Sharpedo|Waterfall|p2a: SAUCE\n|-damage|p2a: SAUCE|13\/100\n|move|p2a: SAUCE|Brick Break|p1a: Sharpedo\n|-supereffective|p1a: Sharpedo\n|-damage|p1a: Sharpedo|0 fnt\n|faint|p1a: Sharpedo\n|\n|-heal|p2a: SAUCE|19\/100|[from] item: Leftovers\n|upkeep\n|c|\u2606cassinidivision|any flinchers in chat (im 6'2 btw)\n|\n|t:|1700513990\n|switch|p1a: Morpeko|Morpeko, F|100\/100\n|turn|8\n|\n|t:|1700513998\n|move|p1a: Morpeko|Fake Out|p2a: SAUCE\n|-damage|p2a: SAUCE|15\/100\n|cant|p2a: SAUCE|flinch\n|\n|-heal|p2a: SAUCE|22\/100|[from] item: Leftovers\n|-formechange|p1a: Morpeko|Morpeko-Hangry||[from] ability: Hunger Switch\n|upkeep\n|turn|9\n|\n|t:|1700514013\n|move|p1a: Morpeko|Knock Off|p2a: SAUCE\n|-resisted|p2a: SAUCE\n|-damage|p2a: SAUCE|14\/100\n|-enditem|p2a: SAUCE|Leftovers|[from] move: Knock Off|[of] p1a: Morpeko\n|move|p2a: SAUCE|Brick Break|p1a: Morpeko\n|-supereffective|p1a: Morpeko\n|-damage|p1a: Morpeko|20\/100\n|-status|p1a: Morpeko|psn|[from] ability: Poison Touch|[of] p2a: SAUCE\n|\n|-heal|p1a: Morpeko|26\/100 psn|[from] item: Leftovers\n|-damage|p1a: Morpeko|13\/100 psn|[from] psn\n|-formechange|p1a: Morpeko|Morpeko||[from] ability: Hunger Switch\n|upkeep\n|turn|10\n|\n|t:|1700514036\n|move|p1a: Morpeko|Aura Wheel|p2a: SAUCE\n|-damage|p2a: SAUCE|0 fnt\n|-boost|p1a: Morpeko|spe|1\n|faint|p2a: SAUCE\n|\n|-heal|p1a: Morpeko|20\/100 psn|[from] item: Leftovers\n|-damage|p1a: Morpeko|7\/100 psn|[from] psn\n|-formechange|p1a: Morpeko|Morpeko-Hangry||[from] ability: Hunger Switch\n|upkeep\n|\n|t:|1700514052\n|switch|p2a: SLASHER|Weavile, M|100\/100\n|turn|11\n|\n|t:|1700514065\n|move|p2a: SLASHER|Fake Out|p1a: Morpeko\n|-damage|p1a: Morpeko|0 fnt\n|faint|p1a: Morpeko\n|\n|upkeep\n|\n|t:|1700514070\n|switch|p1a: Scrafty|Scrafty, F|100\/100\n|turn|12\n|\n|t:|1700514081\n|move|p1a: Scrafty|Fake Out|p2a: SLASHER\n|-crit|p2a: SLASHER\n|-damage|p2a: SLASHER|69\/100\n|-enditem|p1a: Scrafty|Leftovers|[silent]|[from] ability: Pickpocket|[of] p1a: Scrafty\n|-item|p2a: SLASHER|Leftovers|[from] ability: Pickpocket|[of] p1a: Scrafty\n|cant|p2a: SLASHER|flinch\n|\n|-heal|p2a: SLASHER|75\/100|[from] item: Leftovers\n|upkeep\n|turn|13\n|\n|t:|1700514098\n|move|p2a: SLASHER|Icicle Crash|p1a: Scrafty|[miss]\n|-miss|p2a: SLASHER|p1a: Scrafty\n|move|p1a: Scrafty|Drain Punch|p2a: SLASHER\n|-supereffective|p2a: SLASHER\n|-damage|p2a: SLASHER|0 fnt\n|faint|p2a: SLASHER\n|-ability|p1a: Scrafty|Moxie|boost\n|-boost|p1a: Scrafty|atk|1\n|\n|upkeep\n|\n|t:|1700514110\n|switch|p2a: BIG BIRD|Honchkrow, M|100\/100\n|turn|14\n|\n|t:|1700514119\n|move|p1a: Scrafty|Knock Off|p2a: BIG BIRD\n|-resisted|p2a: BIG BIRD\n|-damage|p2a: BIG BIRD|48\/100\n|-enditem|p2a: BIG BIRD|Leftovers|[from] move: Knock Off|[of] p1a: Scrafty\n|move|p2a: BIG BIRD|Air Slash|p1a: Scrafty\n|-supereffective|p1a: Scrafty\n|-damage|p1a: Scrafty|32\/100\n|\n|upkeep\n|turn|15\n|\n|t:|1700514134\n|move|p1a: Scrafty|Drain Punch|p2a: BIG BIRD\n|-damage|p2a: BIG BIRD|0 fnt\n|-heal|p1a: Scrafty|68\/100|[from] drain|[of] p2a: BIG BIRD\n|faint|p2a: BIG BIRD\n|-ability|p1a: Scrafty|Moxie|boost\n|-boost|p1a: Scrafty|atk|1\n|\n|upkeep\n|j| AutumnCookie\n|\n|t:|1700514149\n|switch|p2a: PASTRAMI|Krookodile, F|100\/100\n|turn|16\n|\n|t:|1700514160\n|move|p2a: PASTRAMI|Earthquake|p1a: Scrafty\n|-damage|p1a: Scrafty|0 fnt\n|faint|p1a: Scrafty\n|-ability|p2a: PASTRAMI|Moxie|boost\n|-boost|p2a: PASTRAMI|atk|1\n|-damage|p2a: PASTRAMI|91\/100|[from] item: Life Orb\n|\n|upkeep\n|c| parkle|PASTRAMI SWEEEPPPP\n|\n|t:|1700514167\n|switch|p1a: Toxicroak|Toxicroak, M|100\/100\n|turn|17\n|\n|t:|1700514172\n|move|p1a: Toxicroak|Fake Out|p2a: PASTRAMI\n|-damage|p2a: PASTRAMI|71\/100\n|-damage|p1a: Toxicroak|91\/100|[from] item: Life Orb\n|cant|p2a: PASTRAMI|flinch\n|\n|upkeep\n|turn|18\n|\n|t:|1700514181\n|move|p2a: PASTRAMI|Earthquake|p1a: Toxicroak\n|-supereffective|p1a: Toxicroak\n|-damage|p1a: Toxicroak|0 fnt\n|faint|p1a: Toxicroak\n|-ability|p2a: PASTRAMI|Moxie|boost\n|-boost|p2a: PASTRAMI|atk|1\n|-damage|p2a: PASTRAMI|61\/100|[from] item: Life Orb\n|\n|upkeep\n|\n|t:|1700514188\n|switch|p1a: Liepard|Liepard, M|100\/100\n|turn|19\n|\n|t:|1700514191\n|move|p1a: Liepard|Fake Out|p2a: PASTRAMI\n|-damage|p2a: PASTRAMI|48\/100\n|cant|p2a: PASTRAMI|flinch\n|\n|upkeep\n|turn|20\n|\n|t:|1700514199\n|move|p1a: Liepard|Knock Off|p2a: PASTRAMI\n|-resisted|p2a: PASTRAMI\n|-crit|p2a: PASTRAMI\n|-damage|p2a: PASTRAMI|13\/100\n|-enditem|p2a: PASTRAMI|Life Orb|[from] move: Knock Off|[of] p1a: Liepard\n|move|p2a: PASTRAMI|Earthquake|p1a: Liepard\n|-damage|p1a: Liepard|0 fnt\n|faint|p1a: Liepard\n|\n|win|cassinidivision\n|l|\u2606kpoc12\n|l|\u2606cassinidivision\n|l| AutumnCookie\n","uploadtime":1700514686,"views":1,"p1id":"kpoc12","p2id":"cassinidivision","formatid":"gen9nationaldexubers","rating":0,"private":0,"password":""}