{"id":"gen9nationaldexubers-1981761660","p1":"EeveeGirlStar","p2":"ILikeSalads","format":"[Gen 9] National Dex Ubers","log":"|j|\u2606EeveeGirlStar\n|j|\u2606ILikeSalads\n|t:|1698939659\n|gametype|singles\n|player|p1|EeveeGirlStar|169|\n|player|p2|ILikeSalads|bugsy|\n|teamsize|p1|6\n|teamsize|p2|6\n|gen|9\n|tier|[Gen 9] National Dex Ubers\n|rule|HP Percentage Mod: HP is shown in percentages\n|rule|Endless Battle Clause: Forcing endless battles is banned\n|rule|OHKO Clause: OHKO moves are banned\n|rule|Evasion Moves Clause: Evasion moves are banned\n|rule|Evasion Items Clause: Evasion items are banned\n|rule|Species Clause: Limit one of each Pok\u00e9mon\n|rule|Sleep Clause Mod: Limit one foe put to sleep\n|rule|Mega Rayquaza Clause: You cannot mega evolve Rayquaza\n|clearpoke\n|poke|p1|Reuniclus, F|\n|poke|p1|Sandy Shocks|\n|poke|p1|Tornadus-Therian, M|\n|poke|p1|Kommo-o, M|\n|poke|p1|Sinistcha|\n|poke|p1|Lopunny, M|\n|poke|p2|Ogerpon-Cornerstone, F|\n|poke|p2|Diancie|\n|poke|p2|Tyranitar, M|\n|poke|p2|Arcanine-Hisui, F|\n|poke|p2|Nihilego|\n|poke|p2|Terrakion|\n|teampreview\n|j| A_Gamer8414\n|c|\u2606EeveeGirlStar|glhf\n|c|\u2606ILikeSalads|glhf\n|j| Destinum\n|j| Moonz_e\n|\n|t:|1698939688\n|start\n|switch|p1a: Orbit|Sandy Shocks|100\/100\n|switch|p2a: Gregory|Tyranitar, M|100\/100\n|-weather|Sandstorm|[from] ability: Sand Stream|[of] p2a: Gregory\n|turn|1\n|\n|t:|1698939692\n|move|p1a: Orbit|Volt Switch|p2a: Gregory\n|-damage|p2a: Gregory|86\/100\n|\n|t:|1698939696\n|-end|p1a: Orbit|Protosynthesis|[silent]\n|switch|p1a: Love With Pride|Kommo-o, M|100\/100|[from] Volt Switch\n|move|p2a: Gregory|Stealth Rock|p1a: Love With Pride\n|-sidestart|p1: EeveeGirlStar|move: Stealth Rock\n|\n|-weather|Sandstorm|[upkeep]\n|-damage|p1a: Love With Pride|94\/100|[from] Sandstorm\n|-heal|p2a: Gregory|92\/100|[from] item: Leftovers\n|upkeep\n|turn|2\n|j| Astro Rifk\n|\n|t:|1698939704\n|switch|p2a: MOONBLASTED|Diancie, shiny|100\/100\n|-zpower|p1a: Love With Pride\n|move|p1a: Love With Pride|Clangorous Soulblaze|p2a: MOONBLASTED|[zeffect]\n|-immune|p2a: MOONBLASTED\n|\n|-weather|Sandstorm|[upkeep]\n|-damage|p1a: Love With Pride|88\/100|[from] Sandstorm\n|upkeep\n|turn|3\n|j| AhiruChan\n|\n|t:|1698939715\n|switch|p1a: Beyond|Tornadus-Therian, M|100\/100\n|-damage|p1a: Beyond|75\/100|[from] Stealth Rock\n|detailschange|p2a: MOONBLASTED|Diancie-Mega, shiny\n|-mega|p2a: MOONBLASTED|Diancie|Diancite\n|move|p2a: MOONBLASTED|Moonblast|p1a: Beyond\n|-damage|p1a: Beyond|38\/100\n|\n|-weather|Sandstorm|[upkeep]\n|-damage|p1a: Beyond|32\/100|[from] Sandstorm\n|upkeep\n|turn|4\n|j| ArcticIzagi\n|c| Destinum|When the opponent does have a Fairy-type:\n|c|\u2606EeveeGirlStar|sob\n|c| Astro Rifk|gregory we need to vent gregory\n|c| AhiruChan|Why is she black\n|j| Viviexists\n|c|\u2606EeveeGirlStar|shiny\n|\n|t:|1698939773\n|move|p1a: Beyond|U-turn|p2a: MOONBLASTED\n|-resisted|p2a: MOONBLASTED\n|-damage|p2a: MOONBLASTED|91\/100\n|c| A_Gamer8414|ahiru, u cant just ask someone why theyre black\n|\n|t:|1698939782\n|switch|p1a: Expiration Date|Sinistcha|100\/100|[from] U-turn\n|-damage|p1a: Expiration Date|88\/100|[from] Stealth Rock\n|move|p2a: MOONBLASTED|Moonblast|p1a: Expiration Date\n|-damage|p1a: Expiration Date|25\/100\n|\n|-weather|Sandstorm|[upkeep]\n|-damage|p1a: Expiration Date|19\/100|[from] Sandstorm\n|-heal|p1a: Expiration Date|25\/100|[from] item: Leftovers\n|upkeep\n|turn|5\n|\n|t:|1698939798\n|switch|p2a: cap'n crunch|Nihilego|100\/100\n|move|p1a: Expiration Date|Matcha Gotcha|p2a: cap'n crunch\n|-damage|p2a: cap'n crunch|84\/100\n|-heal|p1a: Expiration Date|34\/100|[from] drain|[of] p2a: cap'n crunch\n|\n|-weather|none\n|-heal|p1a: Expiration Date|40\/100|[from] item: Leftovers\n|upkeep\n|turn|6\n|c| AhiruChan|Oh oki\n|\n|t:|1698939815\n|move|p2a: cap'n crunch|Power Gem|p1a: Expiration Date\n|-damage|p1a: Expiration Date|0 fnt\n|faint|p1a: Expiration Date\n|-ability|p2a: cap'n crunch|Beast Boost|boost\n|-boost|p2a: cap'n crunch|spe|1\n|\n|upkeep\n|c|\u2606EeveeGirlStar|watch the miss\n|\n|t:|1698939820\n|switch|p1a: Orbit|Sandy Shocks|100\/100\n|-damage|p1a: Orbit|94\/100|[from] Stealth Rock\n|turn|7\n|c|\u2606ILikeSalads|no.\n|\n|t:|1698939835\n|move|p2a: cap'n crunch|Grass Knot|p1a: Orbit\n|-supereffective|p1a: Orbit\n|-damage|p1a: Orbit|26\/100\n|move|p1a: Orbit|Earth Power|p2a: cap'n crunch\n|-supereffective|p2a: cap'n crunch\n|-damage|p2a: cap'n crunch|0 fnt\n|faint|p2a: cap'n crunch\n|\n|upkeep\n|\n|t:|1698939843\n|switch|p2a: Henry|Arcanine-Hisui, F|100\/100\n|turn|8\n|\n|t:|1698939845\n|move|p2a: Henry|Extreme Speed|p1a: Orbit\n|-damage|p1a: Orbit|0 fnt\n|faint|p1a: Orbit\n|-end|p1a: Orbit|Protosynthesis|[silent]\n|\n|upkeep\n|\n|t:|1698939849\n|switch|p1a: Love With Pride|Kommo-o, M|88\/100\n|-damage|p1a: Love With Pride|82\/100|[from] Stealth Rock\n|turn|9\n|c| AhiruChan|The goodest boy\n|c| AhiruChan|Trans girl?\n|c| AhiruChan|Idk\n|c|\u2606ILikeSalads|wait\n|c|\u2606ILikeSalads|what tera\n|c|\u2606EeveeGirlStar|OH\n|c|\u2606EeveeGirlStar|DRY\n|c|\u2606EeveeGirlStar|SRY\n|c|\u2606EeveeGirlStar|REUIJ\n|c|\u2606EeveeGirlStar|REUIN FAIRY\n|c|\u2606EeveeGirlStar|the blob fairy\n|c|\u2606EeveeGirlStar|I can\u2019t type the name\n|\n|t:|1698939907\n|move|p2a: Henry|Close Combat|p1a: Love With Pride\n|-damage|p1a: Love With Pride|46\/100\n|-unboost|p2a: Henry|def|1\n|-unboost|p2a: Henry|spd|1\n|move|p1a: Love With Pride|Aura Sphere|p2a: Henry\n|-supereffective|p2a: Henry\n|-damage|p2a: Henry|0 fnt\n|faint|p2a: Henry\n|\n|upkeep\n|c| Astro Rifk|reuinuciels\n|c| Astro Rifk|:3\n|\n|t:|1698939913\n|switch|p2a: MOONBLASTED|Diancie-Mega, shiny|91\/100\n|turn|10\n|c|\u2606EeveeGirlStar|reuincuss\n|\n|t:|1698939918\n|move|p2a: MOONBLASTED|Moonblast|p1a: Love With Pride\n|-supereffective|p1a: Love With Pride\n|-damage|p1a: Love With Pride|0 fnt\n|faint|p1a: Love With Pride\n|\n|upkeep\n|\n|t:|1698939923\n|switch|p1a: ThereIsADarkness|Reuniclus, F|100\/100\n|turn|11\n|c|\u2606EeveeGirlStar|this thig\n|c|\u2606EeveeGirlStar|*thing\n|c|\u2606EeveeGirlStar|fairy\n|c|\u2606ILikeSalads|i know what this monster does\n|c|\u2606EeveeGirlStar|:D\n|c| Astro Rifk|cb\n|c| Astro Rifk|focus punch\n|c| Astro Rifk|on the tar switch\n|c|\u2606EeveeGirlStar|RIFK\n|\n|t:|1698939959\n|switch|p2a: Gregory|Tyranitar, M|92\/100\n|-weather|Sandstorm|[from] ability: Sand Stream|[of] p2a: Gregory\n|move|p1a: ThereIsADarkness|Calm Mind|p1a: ThereIsADarkness\n|-boost|p1a: ThereIsADarkness|spa|1\n|-boost|p1a: ThereIsADarkness|spd|1\n|\n|-weather|Sandstorm|[upkeep]\n|-heal|p2a: Gregory|99\/100|[from] item: Leftovers\n|upkeep\n|turn|12\n|c|\u2606EeveeGirlStar|STOP SPOILING MY STRATS\n|c| Astro Rifk|:3\n|\n|t:|1698939971\n|-terastallize|p1a: ThereIsADarkness|Fairy\n|move|p2a: Gregory|Crunch|p1a: ThereIsADarkness\n|-resisted|p1a: ThereIsADarkness\n|-damage|p1a: ThereIsADarkness|89\/100\n|-unboost|p1a: ThereIsADarkness|def|1\n|move|p1a: ThereIsADarkness|Recover|p1a: ThereIsADarkness\n|-heal|p1a: ThereIsADarkness|100\/100\n|\n|-weather|Sandstorm|[upkeep]\n|-heal|p2a: Gregory|100\/100|[from] item: Leftovers\n|upkeep\n|turn|13\n|c| AhiruChan|GREGORY\n|c|\u2606EeveeGirlStar|WE HAVE TO VENT\n|\n|t:|1698939991\n|switch|p1a: Beyond|Tornadus-Therian, M|65\/100\n|-damage|p1a: Beyond|40\/100|[from] Stealth Rock\n|move|p2a: Gregory|Stone Edge|p1a: Beyond|[miss]\n|-miss|p2a: Gregory|p1a: Beyond\n|\n|-weather|Sandstorm|[upkeep]\n|-damage|p1a: Beyond|34\/100|[from] Sandstorm\n|upkeep\n|turn|14\n|c| Astro Rifk|GREGORY WE NEED TO CRIT THIS CRUNCH GREGORY\n|c|\u2606ILikeSalads|god\n|c|\u2606EeveeGirlStar|skill?\n|c| Destinum|Why are y'all obsessed with Fnaf?\n|c| A_Gamer8414|stop missing\n|c| AhiruChan|I NEED ROXY'S ONLYFAN PASSWORD\n|c|\u2606EeveeGirlStar|super super super\n|c| AhiruChan|The memes dest\n|c| ArcticIzagi|Ahiru you need to touch grass\n|\n|t:|1698940040\n|move|p1a: Beyond|Hurricane|p2a: Gregory|[miss]\n|-miss|p1a: Beyond|p2a: Gregory\n|move|p2a: Gregory|Crunch|p1a: Beyond\n|-damage|p1a: Beyond|0 fnt\n|faint|p1a: Beyond\n|\n|-weather|Sandstorm|[upkeep]\n|upkeep\n|c| AhiruChan|Fnaf is full of memes\n|\n|t:|1698940044\n|switch|p1a: Closer|Lopunny, M|100\/100\n|-damage|p1a: Closer|88\/100|[from] Stealth Rock\n|turn|15\n|c|\u2606ILikeSalads|HAHA\n|c| AhiruChan|Artic im a duck i live in a bond\n|c| Astro Rifk|gregory\n|\n|t:|1698940062\n|detailschange|p1a: Closer|Lopunny-Mega, M\n|-mega|p1a: Closer|Lopunny|Lopunnite\n|move|p1a: Closer|Close Combat|p2a: Gregory\n|-supereffective|p2a: Gregory\n|-damage|p2a: Gregory|0 fnt\n|-unboost|p1a: Closer|def|1\n|-unboost|p1a: Closer|spd|1\n|faint|p2a: Gregory\n|\n|-weather|none\n|upkeep\n|c| A_Gamer8414|bond\n|c|\u2606EeveeGirlStar|Gregory ain\u2019t gonna like the CC\n|\n|t:|1698940068\n|switch|p2a: Aegis|Terrakion|100\/100\n|turn|16\n|c| AhiruChan|Pond*\n|c| ArcticIzagi|bond\n|\n|t:|1698940075\n|switch|p1a: ThereIsADarkness|Reuniclus, F, tera:Fairy|100\/100\n|-terastallize|p2a: Aegis|Fighting\n|move|p2a: Aegis|Sacred Sword|p1a: ThereIsADarkness\n|-resisted|p1a: ThereIsADarkness\n|-damage|p1a: ThereIsADarkness|79\/100\n|\n|-heal|p1a: ThereIsADarkness|85\/100|[from] item: Leftovers\n|upkeep\n|turn|17\n|c|\u2606EeveeGirlStar|johned\n|\n|t:|1698940086\n|switch|p2a: the funny|Ogerpon-Cornerstone, F|100\/100\n|move|p1a: ThereIsADarkness|Calm Mind|p1a: ThereIsADarkness\n|-boost|p1a: ThereIsADarkness|spa|1\n|-boost|p1a: ThereIsADarkness|spd|1\n|\n|-heal|p1a: ThereIsADarkness|91\/100|[from] item: Leftovers\n|upkeep\n|turn|18\n|c| Astro Rifk|kill\n|\n|t:|1698940088\n|move|p2a: the funny|Swords Dance|p2a: the funny\n|-boost|p2a: the funny|atk|2\n|move|p1a: ThereIsADarkness|Acid Armor|p1a: ThereIsADarkness\n|-boost|p1a: ThereIsADarkness|def|2\n|\n|-heal|p1a: ThereIsADarkness|97\/100|[from] item: Leftovers\n|upkeep\n|turn|19\n|c| Astro Rifk|terrakion\n|c| Astro Rifk|w\n|c| Astro Rifk|hammers\n|\n|t:|1698940093\n|move|p2a: the funny|Swords Dance|p2a: the funny\n|-boost|p2a: the funny|atk|2\n|move|p1a: ThereIsADarkness|Acid Armor|p1a: ThereIsADarkness\n|-boost|p1a: ThereIsADarkness|def|2\n|\n|-heal|p1a: ThereIsADarkness|100\/100|[from] item: Leftovers\n|upkeep\n|turn|20\n|\n|t:|1698940096\n|move|p2a: the funny|Swords Dance|p2a: the funny\n|-boost|p2a: the funny|atk|2\n|move|p1a: ThereIsADarkness|Acid Armor|p1a: ThereIsADarkness\n|-boost|p1a: ThereIsADarkness|def|2\n|\n|upkeep\n|turn|21\n|\n|t:|1698940101\n|move|p2a: the funny|Horn Leech|p1a: ThereIsADarkness\n|-damage|p1a: ThereIsADarkness|67\/100\n|move|p1a: ThereIsADarkness|Psyshock|p2a: the funny\n|-damage|p2a: the funny|36\/100\n|\n|-heal|p1a: ThereIsADarkness|73\/100|[from] item: Leftovers\n|upkeep\n|turn|22\n|\n|t:|1698940109\n|move|p2a: the funny|Ivy Cudgel|p1a: ThereIsADarkness\n|-damage|p1a: ThereIsADarkness|34\/100\n|move|p1a: ThereIsADarkness|Psyshock|p2a: the funny\n|-damage|p2a: the funny|0 fnt\n|faint|p2a: the funny\n|\n|-heal|p1a: ThereIsADarkness|40\/100|[from] item: Leftovers\n|upkeep\n|\n|t:|1698940112\n|switch|p2a: MOONBLASTED|Diancie-Mega, shiny|91\/100\n|turn|23\n|\n|t:|1698940114\n|move|p2a: MOONBLASTED|Moonblast|p1a: ThereIsADarkness\n|-damage|p1a: ThereIsADarkness|5\/100\n|-unboost|p1a: ThereIsADarkness|spa|1\n|move|p1a: ThereIsADarkness|Recover|p1a: ThereIsADarkness\n|-heal|p1a: ThereIsADarkness|55\/100\n|\n|-heal|p1a: ThereIsADarkness|61\/100|[from] item: Leftovers\n|upkeep\n|turn|24\n|c| AhiruChan|Oof no crits\n|c|\u2606EeveeGirlStar|YEAHHHH\n|c|\u2606ILikeSalads|mmmmmm\n|c|\u2606EeveeGirlStar|REUON\n|c| Astro Rifk|living on a prayerrrr\n|\n|t:|1698940134\n|move|p2a: MOONBLASTED|Mystical Fire|p1a: ThereIsADarkness\n|-damage|p1a: ThereIsADarkness|41\/100\n|-unboost|p1a: ThereIsADarkness|spa|1\n|move|p1a: ThereIsADarkness|Recover|p1a: ThereIsADarkness\n|-heal|p1a: ThereIsADarkness|91\/100\n|\n|-heal|p1a: ThereIsADarkness|97\/100|[from] item: Leftovers\n|upkeep\n|turn|25\n|\n|t:|1698940139\n|move|p2a: MOONBLASTED|Moonblast|p1a: ThereIsADarkness\n|-damage|p1a: ThereIsADarkness|60\/100\n|-unboost|p1a: ThereIsADarkness|spa|1\n|move|p1a: ThereIsADarkness|Calm Mind|p1a: ThereIsADarkness\n|-boost|p1a: ThereIsADarkness|spa|1\n|-boost|p1a: ThereIsADarkness|spd|1\n|\n|-heal|p1a: ThereIsADarkness|66\/100|[from] item: Leftovers\n|upkeep\n|turn|26\n|\n|t:|1698940144\n|move|p2a: MOONBLASTED|Moonblast|p1a: ThereIsADarkness\n|-damage|p1a: ThereIsADarkness|40\/100\n|move|p1a: ThereIsADarkness|Recover|p1a: ThereIsADarkness\n|-heal|p1a: ThereIsADarkness|90\/100\n|\n|-heal|p1a: ThereIsADarkness|96\/100|[from] item: Leftovers\n|upkeep\n|turn|27\n|c| AhiruChan|The spa drops lmao\n|\n|t:|1698940158\n|move|p2a: MOONBLASTED|Mystical Fire|p1a: ThereIsADarkness\n|-damage|p1a: ThereIsADarkness|82\/100\n|-unboost|p1a: ThereIsADarkness|spa|1\n|move|p1a: ThereIsADarkness|Calm Mind|p1a: ThereIsADarkness\n|-boost|p1a: ThereIsADarkness|spa|1\n|-boost|p1a: ThereIsADarkness|spd|1\n|\n|-heal|p1a: ThereIsADarkness|88\/100|[from] item: Leftovers\n|upkeep\n|turn|28\n|\n|t:|1698940166\n|move|p2a: MOONBLASTED|Mystical Fire|p1a: ThereIsADarkness\n|-damage|p1a: ThereIsADarkness|77\/100\n|-unboost|p1a: ThereIsADarkness|spa|1\n|move|p1a: ThereIsADarkness|Acid Armor|p1a: ThereIsADarkness\n|-boost|p1a: ThereIsADarkness|def|0\n|\n|-heal|p1a: ThereIsADarkness|84\/100|[from] item: Leftovers\n|upkeep\n|turn|29\n|\n|t:|1698940169\n|move|p2a: MOONBLASTED|Moonblast|p1a: ThereIsADarkness\n|-damage|p1a: ThereIsADarkness|61\/100\n|move|p1a: ThereIsADarkness|Calm Mind|p1a: ThereIsADarkness\n|-boost|p1a: ThereIsADarkness|spa|1\n|-boost|p1a: ThereIsADarkness|spd|1\n|\n|-heal|p1a: ThereIsADarkness|67\/100|[from] item: Leftovers\n|upkeep\n|turn|30\n|c| AhiruChan|This is bullying\n|c|\u2606ILikeSalads|i have a slight feeling i lose here\n|c|\u2606ILikeSalads|a smidgen\n|c|\u2606EeveeGirlStar|Miscklick\n|\n|t:|1698940189\n|move|p2a: MOONBLASTED|Moonblast|p1a: ThereIsADarkness\n|-damage|p1a: ThereIsADarkness|49\/100\n|move|p1a: ThereIsADarkness|Recover|p1a: ThereIsADarkness\n|-heal|p1a: ThereIsADarkness|99\/100\n|\n|-heal|p1a: ThereIsADarkness|100\/100|[from] item: Leftovers\n|upkeep\n|turn|31\n|c|\u2606ILikeSalads|CRIT\n|\n|t:|1698940198\n|move|p2a: MOONBLASTED|Moonblast|p1a: ThereIsADarkness\n|-damage|p1a: ThereIsADarkness|83\/100\n|-unboost|p1a: ThereIsADarkness|spa|1\n|move|p1a: ThereIsADarkness|Calm Mind|p1a: ThereIsADarkness\n|-boost|p1a: ThereIsADarkness|spa|1\n|-boost|p1a: ThereIsADarkness|spd|1\n|\n|-heal|p1a: ThereIsADarkness|89\/100|[from] item: Leftovers\n|upkeep\n|turn|32\n|\n|t:|1698940204\n|move|p2a: MOONBLASTED|Moonblast|p1a: ThereIsADarkness\n|-damage|p1a: ThereIsADarkness|74\/100\n|move|p1a: ThereIsADarkness|Calm Mind|p1a: ThereIsADarkness\n|-boost|p1a: ThereIsADarkness|spa|1\n|-boost|p1a: ThereIsADarkness|spd|1\n|\n|-heal|p1a: ThereIsADarkness|80\/100|[from] item: Leftovers\n|upkeep\n|turn|33\n|c|\u2606EeveeGirlStar|MFW STOP W THE SPD\n|c| AhiruChan|It only have 3 recovers left\n|\n|t:|1698940212\n|move|p2a: MOONBLASTED|Moonblast|p1a: ThereIsADarkness\n|-damage|p1a: ThereIsADarkness|67\/100\n|move|p1a: ThereIsADarkness|Calm Mind|p1a: ThereIsADarkness\n|-boost|p1a: ThereIsADarkness|spa|1\n|-boost|p1a: ThereIsADarkness|spd|0\n|\n|-heal|p1a: ThereIsADarkness|73\/100|[from] item: Leftovers\n|upkeep\n|turn|34\n|c| A_Gamer8414|calm mind has more pp than mystical fire so even once that runs out reun can still get max specatk if it wants\n|c|\u2606ILikeSalads|CRIT\n|\n|t:|1698940225\n|move|p2a: MOONBLASTED|Moonblast|p1a: ThereIsADarkness\n|-damage|p1a: ThereIsADarkness|59\/100\n|move|p1a: ThereIsADarkness|Recover|p1a: ThereIsADarkness\n|-heal|p1a: ThereIsADarkness|100\/100\n|\n|upkeep\n|turn|35\n|\n|t:|1698940229\n|move|p2a: MOONBLASTED|Moonblast|p1a: ThereIsADarkness\n|-damage|p1a: ThereIsADarkness|87\/100\n|move|p1a: ThereIsADarkness|Psyshock|p2a: MOONBLASTED\n|-damage|p2a: MOONBLASTED|25\/100\n|\n|-heal|p1a: ThereIsADarkness|93\/100|[from] item: Leftovers\n|upkeep\n|turn|36\n|c| Destinum|The crit will come.\n|c|\u2606ILikeSalads|CRIT\n|\n|t:|1698940236\n|move|p2a: MOONBLASTED|Moonblast|p1a: ThereIsADarkness\n|-damage|p1a: ThereIsADarkness|80\/100\n|move|p1a: ThereIsADarkness|Psyshock|p2a: MOONBLASTED\n|-damage|p2a: MOONBLASTED|0 fnt\n|faint|p2a: MOONBLASTED\n|\n|-heal|p1a: ThereIsADarkness|86\/100|[from] item: Leftovers\n|upkeep\n|\n|t:|1698940238\n|switch|p2a: Aegis|Terrakion, tera:Fighting|100\/100\n|turn|37\n|c| Destinum|Or not.\n|c| ArcticIzagi|come on crit\n|\n|t:|1698940245\n|move|p2a: Aegis|Sacred Sword|p1a: ThereIsADarkness\n|-resisted|p1a: ThereIsADarkness\n|-damage|p1a: ThereIsADarkness|63\/100\n|move|p1a: ThereIsADarkness|Psyshock|p2a: Aegis\n|-supereffective|p2a: Aegis\n|-damage|p2a: Aegis|0 fnt\n|faint|p2a: Aegis\n|\n|win|EeveeGirlStar\n|c|\u2606EeveeGirlStar|gg\n|c|\u2606ILikeSalads|gg\n|c| AhiruChan|The crit didnt come\n|l| Viviexists\n|c|\u2606ILikeSalads|yay i get to sleep\n|c|\u2606ILikeSalads|yippee\n","uploadtime":1698940253,"views":15,"p1id":"eeveegirlstar","p2id":"ilikesalads","formatid":"gen9nationaldexubers","rating":0,"private":0,"password":""}