{"id":"gen9nationaldexubers-1999478484","p1":"pacmaster000","p2":"KojiOishi","format":"[Gen 9] National Dex Ubers","log":"|j|\u2606pacmaster000\n|j|\u2606KojiOishi\n|t:|1701086663\n|gametype|singles\n|player|p1|pacmaster000|acetrainer-gen4dp|1088\n|player|p2|KojiOishi|pokemonranger-gen4|1221\n|teamsize|p1|6\n|teamsize|p2|6\n|gen|9\n|tier|[Gen 9] National Dex Ubers\n|rated|\n|rule|HP Percentage Mod: HP is shown in percentages\n|rule|Endless Battle Clause: Forcing endless battles is banned\n|rule|OHKO Clause: OHKO moves are banned\n|rule|Evasion Moves Clause: Evasion moves are banned\n|rule|Evasion Items Clause: Evasion items are banned\n|rule|Species Clause: Limit one of each Pok\u00e9mon\n|rule|Sleep Clause Mod: Limit one foe put to sleep\n|rule|Mega Rayquaza Clause: You cannot mega evolve Rayquaza\n|clearpoke\n|poke|p1|Dragapult, M|\n|poke|p1|Heatran, F|\n|poke|p1|Tyranitar, F|\n|poke|p1|Marshadow|\n|poke|p1|Toxapex, F|\n|poke|p1|Landorus, M|\n|poke|p2|Hitmonlee, M|\n|poke|p2|Pawmot, M|\n|poke|p2|Kommo-o, M|\n|poke|p2|Infernape, F|\n|poke|p2|Annihilape, F|\n|poke|p2|Sneasler, M|\n|teampreview\n|\n|t:|1701086685\n|start\n|switch|p1a: Dragapult|Dragapult, M|100\/100\n|switch|p2a: Ronald Araujo|Infernape, F|100\/100\n|turn|1\n|c|\u2606KojiOishi|Nice marshadow\n|\n|t:|1701086695\n|move|p1a: Dragapult|Dragon Darts|p2a: Ronald Araujo\n|-damage|p2a: Ronald Araujo|59\/100\n|-anim|p1a: Dragapult|Dragon Darts|p2a: Ronald Araujo\n|-damage|p2a: Ronald Araujo|19\/100\n|move|p2a: Ronald Araujo|Stealth Rock|p1a: Dragapult\n|-sidestart|p1: pacmaster000|move: Stealth Rock\n|\n|upkeep\n|turn|2\n|\n|t:|1701086717\n|move|p1a: Dragapult|Dragon Darts|p2a: Ronald Araujo\n|-damage|p2a: Ronald Araujo|0 fnt\n|faint|p2a: Ronald Araujo\n|\n|upkeep\n|\n|t:|1701086734\n|switch|p2a: Fabr\u00edcio Bruno|Kommo-o, M|100\/100\n|turn|3\n|\n|t:|1701086746\n|move|p1a: Dragapult|Dragon Darts|p2a: Fabr\u00edcio Bruno\n|-supereffective|p2a: Fabr\u00edcio Bruno\n|-damage|p2a: Fabr\u00edcio Bruno|51\/100\n|-anim|p1a: Dragapult|Dragon Darts|p2a: Fabr\u00edcio Bruno\n|-supereffective|p2a: Fabr\u00edcio Bruno\n|-damage|p2a: Fabr\u00edcio Bruno|0 fnt\n|faint|p2a: Fabr\u00edcio Bruno\n|\n|upkeep\n|\n|t:|1701086755\n|switch|p2a: Wellington Rato|Pawmot, M|100\/100\n|turn|4\n|\n|t:|1701086758\n|move|p1a: Dragapult|Dragon Darts|p2a: Wellington Rato\n|-damage|p2a: Wellington Rato|54\/100\n|-anim|p1a: Dragapult|Dragon Darts|p2a: Wellington Rato\n|-damage|p2a: Wellington Rato|12\/100\n|move|p2a: Wellington Rato|Play Rough|p1a: Dragapult\n|-supereffective|p1a: Dragapult\n|-damage|p1a: Dragapult|5\/100\n|-damage|p2a: Wellington Rato|2\/100|[from] item: Life Orb\n|\n|upkeep\n|turn|5\n|\n|t:|1701086775\n|switch|p2a: Felipe Melo|Annihilape, F|100\/100\n|move|p1a: Dragapult|Acrobatics|p2a: Felipe Melo\n|-supereffective|p2a: Felipe Melo\n|-damage|p2a: Felipe Melo|59\/100\n|\n|-heal|p2a: Felipe Melo|65\/100|[from] item: Leftovers\n|upkeep\n|turn|6\n|\n|t:|1701086780\n|move|p1a: Dragapult|Phantom Force||[still]\n|-prepare|p1a: Dragapult|Phantom Force\n|move|p2a: Felipe Melo|Rage Fist|p1a: Dragapult|[miss]\n|-miss|p2a: Felipe Melo|p1a: Dragapult\n|\n|-heal|p2a: Felipe Melo|71\/100|[from] item: Leftovers\n|upkeep\n|turn|7\n|\n|t:|1701086789\n|move|p1a: Dragapult|Phantom Force|p2a: Felipe Melo|[from]lockedmove\n|-supereffective|p2a: Felipe Melo\n|-damage|p2a: Felipe Melo|0 fnt\n|faint|p2a: Felipe Melo\n|\n|upkeep\n|\n|t:|1701086793\n|switch|p2a: Bruno Henrique|Sneasler, M|100\/100\n|turn|8\n|\n|t:|1701086798\n|move|p1a: Dragapult|Acrobatics|p2a: Bruno Henrique\n|-supereffective|p2a: Bruno Henrique\n|-damage|p2a: Bruno Henrique|31\/100\n|move|p2a: Bruno Henrique|Lash Out|p1a: Dragapult\n|-supereffective|p1a: Dragapult\n|-damage|p1a: Dragapult|0 fnt\n|faint|p1a: Dragapult\n|\n|upkeep\n|\n|t:|1701086807\n|switch|p1a: Toxapex|Toxapex, F|100\/100\n|-damage|p1a: Toxapex|88\/100|[from] Stealth Rock\n|turn|9\n|\n|t:|1701086813\n|move|p2a: Bruno Henrique|Dire Claw|p1a: Toxapex\n|-resisted|p1a: Toxapex\n|-damage|p1a: Toxapex|75\/100\n|move|p1a: Toxapex|Scald|p2a: Bruno Henrique\n|-damage|p2a: Bruno Henrique|7\/100\n|\n|-heal|p1a: Toxapex|81\/100|[from] item: Black Sludge\n|upkeep\n|turn|10\n|\n|t:|1701086821\n|move|p2a: Bruno Henrique|Acrobatics|p1a: Toxapex\n|-damage|p1a: Toxapex|68\/100\n|move|p1a: Toxapex|Knock Off|p2a: Bruno Henrique\n|-resisted|p2a: Bruno Henrique\n|-damage|p2a: Bruno Henrique|0 fnt\n|-enditem|p2a: Bruno Henrique|Focus Sash|[from] move: Knock Off|[of] p1a: Toxapex\n|faint|p2a: Bruno Henrique\n|\n|-heal|p1a: Toxapex|75\/100|[from] item: Black Sludge\n|upkeep\n|\n|t:|1701086825\n|switch|p2a: Wellington Rato|Pawmot, M|2\/100\n|turn|11\n|\n|t:|1701086829\n|move|p2a: Wellington Rato|Revival Blessing|p2a: Wellington Rato\n|\n|t:|1701086838\n|-heal|p2: Fabr\u00edcio Bruno|50\/100|[from] move: Revival Blessing\n|move|p1a: Toxapex|Knock Off|p2a: Wellington Rato\n|-resisted|p2a: Wellington Rato\n|-damage|p2a: Wellington Rato|0 fnt\n|-enditem|p2a: Wellington Rato|Life Orb|[from] move: Knock Off|[of] p1a: Toxapex\n|faint|p2a: Wellington Rato\n|\n|-heal|p1a: Toxapex|81\/100|[from] item: Black Sludge\n|upkeep\n|\n|t:|1701086846\n|switch|p2a: Fabr\u00edcio Bruno|Kommo-o, M|50\/100\n|turn|12\n|\n|t:|1701086858\n|-zpower|p2a: Fabr\u00edcio Bruno\n|move|p2a: Fabr\u00edcio Bruno|Clangorous Soulblaze|p1a: Toxapex|[zeffect]\n|-damage|p1a: Toxapex|10\/100\n|-boost|p2a: Fabr\u00edcio Bruno|atk|1\n|-boost|p2a: Fabr\u00edcio Bruno|def|1\n|-boost|p2a: Fabr\u00edcio Bruno|spa|1\n|-boost|p2a: Fabr\u00edcio Bruno|spd|1\n|-boost|p2a: Fabr\u00edcio Bruno|spe|1\n|move|p1a: Toxapex|Toxic|p2a: Fabr\u00edcio Bruno\n|-status|p2a: Fabr\u00edcio Bruno|tox\n|\n|-heal|p1a: Toxapex|16\/100|[from] item: Black Sludge\n|-damage|p2a: Fabr\u00edcio Bruno|44\/100 tox|[from] psn\n|upkeep\n|turn|13\n|\n|t:|1701086876\n|move|p2a: Fabr\u00edcio Bruno|Clanging Scales|p1a: Toxapex\n|-damage|p1a: Toxapex|0 fnt\n|faint|p1a: Toxapex\n|-unboost|p2a: Fabr\u00edcio Bruno|def|1\n|\n|-damage|p2a: Fabr\u00edcio Bruno|32\/100 tox|[from] psn\n|upkeep\n|\n|t:|1701086882\n|switch|p1a: Heatran|Heatran, F|100\/100\n|-damage|p1a: Heatran|88\/100|[from] Stealth Rock\n|-item|p1a: Heatran|Air Balloon\n|turn|14\n|\n|t:|1701086889\n|move|p2a: Fabr\u00edcio Bruno|Aura Sphere|p1a: Heatran\n|-supereffective|p1a: Heatran\n|-damage|p1a: Heatran|0 fnt\n|-enditem|p1a: Heatran|Air Balloon\n|faint|p1a: Heatran\n|\n|-damage|p2a: Fabr\u00edcio Bruno|13\/100 tox|[from] psn\n|upkeep\n|\n|t:|1701086894\n|switch|p1a: Landorus|Landorus, M|100\/100\n|-damage|p1a: Landorus|88\/100|[from] Stealth Rock\n|turn|15\n|\n|t:|1701086901\n|move|p2a: Fabr\u00edcio Bruno|Clanging Scales|p1a: Landorus\n|-damage|p1a: Landorus|0 fnt\n|faint|p1a: Landorus\n|-unboost|p2a: Fabr\u00edcio Bruno|def|1\n|\n|-damage|p2a: Fabr\u00edcio Bruno|0 fnt|[from] psn\n|faint|p2a: Fabr\u00edcio Bruno\n|upkeep\n|\n|t:|1701086905\n|switch|p1a: Marshadow|Marshadow|100\/100\n|switch|p2a: John Kennedy|Hitmonlee, M|100\/100\n|-damage|p1a: Marshadow|94\/100|[from] Stealth Rock\n|turn|16\n|\n|t:|1701086918\n|move|p2a: John Kennedy|Endure|p2a: John Kennedy\n|-singleturn|p2a: John Kennedy|move: Endure\n|move|p1a: Marshadow|Spectral Thief|p2a: John Kennedy\n|-activate|p2a: John Kennedy|move: Endure\n|-damage|p2a: John Kennedy|1\/100\n|\n|upkeep\n|turn|17\n|\n|t:|1701086929\n|move|p1a: Marshadow|Shadow Sneak|p2a: John Kennedy\n|-damage|p2a: John Kennedy|0 fnt\n|faint|p2a: John Kennedy\n|\n|win|pacmaster000\n|raw|pacmaster000's rating: 1088 &rarr; <strong>1125<\/strong><br \/>(+37 for winning)\n|raw|KojiOishi's rating: 1221 &rarr; <strong>1187<\/strong><br \/>(-34 for losing)\n|c|\u2606pacmaster000|Gg\n|c|\u2606KojiOishi|Gg\n","uploadtime":1701086941,"views":5,"p1id":"pacmaster000","p2id":"kojioishi","formatid":"gen9nationaldexubers","rating":1125,"private":0,"password":""}