{"id":"gen9nationaldexubers-1985418886","p1":"xinnobu","p2":"1 em trach thu","format":"[Gen 9] National Dex Ubers","log":"|j|\u2606xinnobu\n|j|\u26061 em trach thu\n|t:|1699373105\n|gametype|singles\n|player|p1|xinnobu|elesa-gen5bw2|1698\n|player|p2|1 em trach thu|2|1621\n|teamsize|p1|6\n|teamsize|p2|6\n|gen|9\n|tier|[Gen 9] National Dex Ubers\n|rated|\n|rule|HP Percentage Mod: HP is shown in percentages\n|rule|Endless Battle Clause: Forcing endless battles is banned\n|rule|OHKO Clause: OHKO moves are banned\n|rule|Evasion Moves Clause: Evasion moves are banned\n|rule|Evasion Items Clause: Evasion items are banned\n|rule|Species Clause: Limit one of each Pok\u00e9mon\n|rule|Sleep Clause Mod: Limit one foe put to sleep\n|rule|Mega Rayquaza Clause: You cannot mega evolve Rayquaza\n|clearpoke\n|poke|p1|Glimmora, M|\n|poke|p1|Xerneas-*|\n|poke|p1|Groudon|\n|poke|p1|Yveltal|\n|poke|p1|Kyogre|\n|poke|p1|Zacian-*|\n|poke|p2|Kyogre|\n|poke|p2|Groudon|\n|poke|p2|Zacian-*|\n|poke|p2|Arceus|\n|poke|p2|Rayquaza|\n|poke|p2|Banette, F|\n|teampreview\n|inactive|Battle timer is ON: inactive players will automatically lose when time's up. (requested by 1 em trach thu)\n|\n|t:|1699373110\n|start\n|switch|p1a: Glimmora|Glimmora, M|100\/100\n|switch|p2a: Rayquaza|Rayquaza|100\/100\n|-ability|p2a: Rayquaza|Air Lock\n|turn|1\n|\n|t:|1699373118\n|move|p2a: Rayquaza|Surf|p1a: Glimmora\n|-supereffective|p1a: Glimmora\n|-damage|p1a: Glimmora|7\/100\n|move|p1a: Glimmora|Mortal Spin|p2a: Rayquaza\n|-damage|p2a: Rayquaza|95\/100\n|-status|p2a: Rayquaza|psn\n|\n|-damage|p2a: Rayquaza|82\/100 psn|[from] psn\n|upkeep\n|turn|2\n|\n|t:|1699373128\n|move|p2a: Rayquaza|Surf|p1a: Glimmora\n|-supereffective|p1a: Glimmora\n|-damage|p1a: Glimmora|0 fnt\n|faint|p1a: Glimmora\n|\n|-damage|p2a: Rayquaza|70\/100 psn|[from] psn\n|upkeep\n|\n|t:|1699373133\n|switch|p1a: Xerneas|Xerneas|100\/100\n|-ability|p1a: Xerneas|Fairy Aura\n|turn|3\n|\n|t:|1699373142\n|switch|p2a: Arceus|Arceus|100\/100\n|move|p1a: Xerneas|Moonblast|p2a: Arceus\n|-damage|p2a: Arceus|51\/100\n|-unboost|p2a: Arceus|spa|1\n|\n|-heal|p2a: Arceus|57\/100|[from] item: Leftovers\n|upkeep\n|turn|4\n|\n|t:|1699373159\n|move|p2a: Arceus|Stealth Rock|p1a: Xerneas\n|-sidestart|p1: xinnobu|move: Stealth Rock\n|move|p1a: Xerneas|Moonblast|p2a: Arceus\n|-damage|p2a: Arceus|3\/100\n|-unboost|p2a: Arceus|spa|1\n|\n|-heal|p2a: Arceus|9\/100|[from] item: Leftovers\n|upkeep\n|turn|5\n|\n|t:|1699373169\n|move|p2a: Arceus|Toxic|p1a: Xerneas\n|-status|p1a: Xerneas|tox\n|move|p1a: Xerneas|Moonblast|p2a: Arceus\n|-damage|p2a: Arceus|0 fnt\n|faint|p2a: Arceus\n|\n|-damage|p1a: Xerneas|94\/100 tox|[from] psn\n|upkeep\n|\n|t:|1699373188\n|switch|p2a: Groudon|Groudon|100\/100\n|detailschange|p2a: Groudon|Groudon-Primal\n|-primal|p2a: Groudon|Red Orb\n|-weather|DesolateLand|[from] ability: Desolate Land|[of] p2a: Groudon\n|turn|6\n|\n|t:|1699373203\n|move|p1a: Xerneas|Geomancy||[still]\n|-prepare|p1a: Xerneas|Geomancy\n|-enditem|p1a: Xerneas|Power Herb\n|-anim|p1a: Xerneas|Geomancy|p1a: Xerneas\n|-boost|p1a: Xerneas|spa|2\n|-boost|p1a: Xerneas|spd|2\n|-boost|p1a: Xerneas|spe|2\n|move|p2a: Groudon|Heat Crash|p1a: Xerneas\n|-damage|p1a: Xerneas|0 fnt\n|faint|p1a: Xerneas\n|\n|-weather|DesolateLand|[upkeep]\n|upkeep\n|\n|t:|1699373213\n|switch|p1a: Kyogre|Kyogre|100\/100\n|-damage|p1a: Kyogre|88\/100|[from] Stealth Rock\n|detailschange|p1a: Kyogre|Kyogre-Primal\n|-primal|p1a: Kyogre|Blue Orb\n|-weather|PrimordialSea|[from] ability: Primordial Sea|[of] p1a: Kyogre\n|turn|7\n|inactive|1 em trach thu has 120 seconds left.\n|\n|t:|1699373240\n|switch|p2a: Rayquaza|Rayquaza|70\/100 psn\n|-ability|p2a: Rayquaza|Air Lock\n|move|p1a: Kyogre|Water Spout|p2a: Rayquaza\n|-resisted|p2a: Rayquaza\n|-damage|p2a: Rayquaza|18\/100 psn\n|\n|-weather|PrimordialSea|[upkeep]\n|-damage|p2a: Rayquaza|5\/100 psn|[from] psn\n|upkeep\n|turn|8\n|inactive|1 em trach thu has 120 seconds left.\n|\n|t:|1699373253\n|-weather|none\n|switch|p1a: Zacian|Zacian-Crowned|100\/100\n|-damage|p1a: Zacian|94\/100|[from] Stealth Rock\n|-ability|p1a: Zacian|Intrepid Sword|boost\n|-boost|p1a: Zacian|atk|1\n|move|p2a: Rayquaza|Draco Meteor|p1a: Zacian\n|-immune|p1a: Zacian\n|\n|-damage|p2a: Rayquaza|0 fnt|[from] psn\n|faint|p2a: Rayquaza\n|upkeep\n|inactive|1 em trach thu has 120 seconds left.\n|j| AGisgood\u82cd\u54cd\u4fa0\n|\n|t:|1699373278\n|switch|p2a: Banette|Banette, F|100\/100\n|-item|p1a: Zacian|Rusted Sword|[from] ability: Frisk|[of] p2a: Banette|[identify]\n|turn|9\n|\n|t:|1699373288\n|switch|p1a: Yveltal|Yveltal|100\/100\n|-damage|p1a: Yveltal|76\/100|[from] Stealth Rock\n|-ability|p1a: Yveltal|Dark Aura\n|detailschange|p2a: Banette|Banette-Mega, F\n|-mega|p2a: Banette|Banette|Banettite\n|move|p2a: Banette|Destiny Bond|p2a: Banette\n|-singlemove|p2a: Banette|Destiny Bond\n|\n|upkeep\n|turn|10\n|\n|t:|1699373299\n|move|p2a: Banette|Knock Off|p1a: Yveltal\n|-resisted|p1a: Yveltal\n|-damage|p1a: Yveltal|47\/100\n|-enditem|p1a: Yveltal|Life Orb|[from] move: Knock Off|[of] p2a: Banette\n|move|p1a: Yveltal|Oblivion Wing|p2a: Banette\n|-damage|p2a: Banette|34\/100\n|-heal|p1a: Yveltal|81\/100|[from] drain|[of] p2a: Banette\n|\n|upkeep\n|turn|11\n|\n|t:|1699373309\n|move|p2a: Banette|Destiny Bond|p2a: Banette\n|-singlemove|p2a: Banette|Destiny Bond\n|move|p1a: Yveltal|Sucker Punch||[still]\n|-fail|p1a: Yveltal\n|\n|upkeep\n|turn|12\n|inactive|1 em trach thu has 120 seconds left.\n|l| AGisgood\u82cd\u54cd\u4fa0\n|\n|t:|1699373334\n|switch|p2a: Groudon|Groudon-Primal|100\/100\n|-weather|DesolateLand|[from] ability: Desolate Land|[of] p2a: Groudon\n|move|p1a: Yveltal|Oblivion Wing|p2a: Groudon\n|-damage|p2a: Groudon|54\/100\n|-heal|p1a: Yveltal|100\/100|[from] drain|[of] p2a: Groudon\n|\n|-weather|DesolateLand|[upkeep]\n|upkeep\n|turn|13\n|\n|t:|1699373349\n|move|p1a: Yveltal|Oblivion Wing|p2a: Groudon\n|-damage|p2a: Groudon|10\/100\n|move|p2a: Groudon|Rock Tomb|p1a: Yveltal\n|-supereffective|p1a: Yveltal\n|-damage|p1a: Yveltal|49\/100\n|-unboost|p1a: Yveltal|spe|1\n|\n|-weather|DesolateLand|[upkeep]\n|upkeep\n|turn|14\n|\n|t:|1699373367\n|move|p1a: Yveltal|Sucker Punch|p2a: Groudon\n|-damage|p2a: Groudon|0 fnt\n|faint|p2a: Groudon\n|-weather|none\n|\n|upkeep\n|\n|t:|1699373374\n|switch|p2a: Zacian|Zacian-Crowned|100\/100\n|-ability|p2a: Zacian|Intrepid Sword|boost\n|-boost|p2a: Zacian|atk|1\n|turn|15\n|\n|t:|1699373385\n|move|p2a: Zacian|Play Rough|p1a: Yveltal\n|-supereffective|p1a: Yveltal\n|-damage|p1a: Yveltal|0 fnt\n|faint|p1a: Yveltal\n|\n|upkeep\n|\n|t:|1699373391\n|switch|p1a: Groudon|Groudon|100\/100\n|-damage|p1a: Groudon|94\/100|[from] Stealth Rock\n|detailschange|p1a: Groudon|Groudon-Primal\n|-primal|p1a: Groudon|Red Orb\n|-weather|DesolateLand|[from] ability: Desolate Land|[of] p1a: Groudon\n|turn|16\n|\n|t:|1699373398\n|-terastallize|p2a: Zacian|Ground\n|move|p2a: Zacian|Tera Blast|p1a: Groudon|[anim] Tera Blast Ground\n|-supereffective|p1a: Groudon\n|-damage|p1a: Groudon|22\/100\n|move|p1a: Groudon|Precipice Blades|p2a: Zacian\n|-damage|p2a: Zacian|17\/100\n|\n|-weather|DesolateLand|[upkeep]\n|upkeep\n|turn|17\n|\n|t:|1699373407\n|move|p2a: Zacian|Tera Blast|p1a: Groudon|[anim] Tera Blast Ground\n|-supereffective|p1a: Groudon\n|-damage|p1a: Groudon|0 fnt\n|faint|p1a: Groudon\n|-weather|none\n|\n|upkeep\n|\n|t:|1699373412\n|switch|p1a: Zacian|Zacian-Crowned|94\/100\n|-damage|p1a: Zacian|88\/100|[from] Stealth Rock\n|turn|18\n|inactive|1 em trach thu has 120 seconds left.\n|\n|t:|1699373418\n|-terastallize|p1a: Zacian|Fighting\n|move|p2a: Zacian|Tera Blast|p1a: Zacian|[anim] Tera Blast Ground\n|-damage|p1a: Zacian|26\/100\n|move|p1a: Zacian|Behemoth Blade|p2a: Zacian\n|-damage|p2a: Zacian|0 fnt\n|faint|p2a: Zacian\n|\n|upkeep\n|inactive|1 em trach thu has 120 seconds left.\n|\n|t:|1699373428\n|switch|p2a: Kyogre|Kyogre|100\/100\n|detailschange|p2a: Kyogre|Kyogre-Primal\n|-primal|p2a: Kyogre|Blue Orb\n|-weather|PrimordialSea|[from] ability: Primordial Sea|[of] p2a: Kyogre\n|turn|19\n|inactive|1 em trach thu has 120 seconds left.\n|\n|t:|1699373434\n|move|p1a: Zacian|Wild Charge|p2a: Kyogre\n|-supereffective|p2a: Kyogre\n|-damage|p2a: Kyogre|24\/100\n|-damage|p1a: Zacian|5\/100|[from] Recoil\n|move|p2a: Kyogre|Surf|p1a: Zacian\n|-damage|p1a: Zacian|0 fnt\n|faint|p1a: Zacian\n|\n|-weather|PrimordialSea|[upkeep]\n|upkeep\n|\n|t:|1699373442\n|switch|p1a: Kyogre|Kyogre-Primal|88\/100\n|-damage|p1a: Kyogre|76\/100|[from] Stealth Rock\n|turn|20\n|\n|t:|1699373447\n|move|p1a: Kyogre|Thunder|p2a: Kyogre\n|-supereffective|p2a: Kyogre\n|-damage|p2a: Kyogre|0 fnt\n|faint|p2a: Kyogre\n|\n|-weather|PrimordialSea|[upkeep]\n|upkeep\n|\n|t:|1699373453\n|switch|p2a: Banette|Banette-Mega, F|34\/100\n|turn|21\n|\n|t:|1699373456\n|move|p2a: Banette|Destiny Bond|p2a: Banette\n|-singlemove|p2a: Banette|Destiny Bond\n|move|p1a: Kyogre|Water Spout|p2a: Banette\n|-damage|p2a: Banette|0 fnt\n|faint|p2a: Banette\n|-activate|p2a: Banette|move: Destiny Bond\n|faint|p1a: Kyogre\n|-weather|none\n|\n|win|xinnobu\n|raw|xinnobu's rating: 1698 &rarr; <strong>1714<\/strong><br \/>(+16 for winning)\n|raw|1 em trach thu's rating: 1621 &rarr; <strong>1605<\/strong><br \/>(-16 for losing)\n|l|\u26061 em trach thu\n|l|\u2606xinnobu\n","uploadtime":1699373511,"views":6,"p1id":"xinnobu","p2id":"1emtrachthu","formatid":"gen9nationaldexubers","rating":1605,"private":0,"password":""}