{"id":"gen9nationaldexubers-1982912626","p1":"Specs Hex Pex","p2":"Grant-uhh-Wish","format":"[Gen 9] National Dex Ubers","log":"|j|\u2606Specs Hex Pex\n|j|\u2606Grant-uhh-Wish\n|t:|1699057898\n|gametype|singles\n|player|p1|Specs Hex Pex|lady|\n|player|p2|Grant-uhh-Wish|linebacker|\n|teamsize|p1|6\n|teamsize|p2|6\n|gen|9\n|tier|[Gen 9] National Dex Ubers\n|rule|HP Percentage Mod: HP is shown in percentages\n|rule|Endless Battle Clause: Forcing endless battles is banned\n|rule|OHKO Clause: OHKO moves are banned\n|rule|Evasion Moves Clause: Evasion moves are banned\n|rule|Evasion Items Clause: Evasion items are banned\n|rule|Species Clause: Limit one of each Pok\u00e9mon\n|rule|Sleep Clause Mod: Limit one foe put to sleep\n|rule|Mega Rayquaza Clause: You cannot mega evolve Rayquaza\n|clearpoke\n|poke|p1|Giratina|\n|poke|p1|Pheromosa|\n|poke|p1|Calyrex-Ice|\n|poke|p1|Enamorus-Therian, F|\n|poke|p1|Melmetal|\n|poke|p1|Blissey, F|\n|poke|p2|Deoxys-Attack|\n|poke|p2|Genesect|\n|poke|p2|Salamence, F|\n|poke|p2|Giratina-Origin|\n|poke|p2|Chi-Yu|\n|poke|p2|Annihilape, M|\n|teampreview\n|c|\u2606Grant-uhh-Wish|hf\n|c|\u2606Specs Hex Pex|hf\n|\n|t:|1699057928\n|start\n|switch|p1a: Pheromosa|Pheromosa|100\/100\n|switch|p2a: Annihilape|Annihilape, M|100\/100\n|turn|1\n|j| Smelliot sniff\n|\n|t:|1699057937\n|move|p1a: Pheromosa|U-turn|p2a: Annihilape\n|-resisted|p2a: Annihilape\n|-damage|p2a: Annihilape|87\/100\n|\n|t:|1699057942\n|switch|p1a: Giratina|Giratina|100\/100|[from] U-turn\n|-ability|p1a: Giratina|Pressure\n|move|p2a: Annihilape|Stealth Rock|p1a: Giratina\n|-sidestart|p1: Specs Hex Pex|move: Stealth Rock\n|\n|upkeep\n|turn|2\n|c| Smelliot sniff|Mmmmmmmmmmmmmmmmmmmmmmmmmmmmmmmmmmmmmmmmmmmosa\n|\n|t:|1699057952\n|move|p1a: Giratina|Will-O-Wisp|p2a: Annihilape\n|-status|p2a: Annihilape|brn\n|-enditem|p2a: Annihilape|Lum Berry|[eat]\n|-curestatus|p2a: Annihilape|brn|[msg]\n|move|p2a: Annihilape|Bulk Up|p2a: Annihilape\n|-boost|p2a: Annihilape|atk|1\n|-boost|p2a: Annihilape|def|1\n|\n|upkeep\n|turn|3\n|\n|t:|1699057961\n|move|p2a: Annihilape|Rage Fist|p1a: Giratina\n|-supereffective|p1a: Giratina\n|-damage|p1a: Giratina|24\/100\n|move|p1a: Giratina|Dragon Tail|p2a: Annihilape\n|-damage|p2a: Annihilape|75\/100\n|drag|p2a: Alpha|Salamence, F|100\/100\n|-ability|p2a: Alpha|Intimidate|boost\n|-unboost|p1a: Giratina|atk|1\n|\n|upkeep\n|turn|4\n|\n|t:|1699057976\n|detailschange|p2a: Alpha|Salamence-Mega, F\n|-mega|p2a: Alpha|Salamence|Salamencite\n|move|p2a: Alpha|Return|p1a: Giratina\n|-damage|p1a: Giratina|0 fnt\n|faint|p1a: Giratina\n|\n|upkeep\n|\n|t:|1699057982\n|switch|p1a: Pheromosa|Pheromosa|100\/100\n|-damage|p1a: Pheromosa|88\/100|[from] Stealth Rock\n|turn|5\n|\n|t:|1699057991\n|switch|p2a: Annihilape|Annihilape, M|75\/100\n|move|p1a: Pheromosa|Triple Axel|p2a: Annihilape\n|-damage|p2a: Annihilape|64\/100\n|-damage|p2a: Annihilape|43\/100\n|-damage|p2a: Annihilape|11\/100\n|-hitcount|p2a: Annihilape|3\n|\n|upkeep\n|turn|6\n|\n|t:|1699058000\n|switch|p2a: Genesect|Genesect, shiny|100\/100\n|-ability|p2a: Genesect|Download|boost\n|-boost|p2a: Genesect|atk|1\n|move|p1a: Pheromosa|Triple Axel|p2a: Genesect|[miss]\n|-miss|p1a: Pheromosa|p2a: Genesect\n|\n|upkeep\n|turn|7\n|\n|t:|1699058008\n|switch|p1a: Blissey|Blissey, F|100\/100\n|-damage|p1a: Blissey|88\/100|[from] Stealth Rock\n|move|p2a: Genesect|Blaze Kick|p1a: Blissey\n|-damage|p1a: Blissey|29\/100\n|\n|-heal|p1a: Blissey|36\/100|[from] item: Leftovers\n|upkeep\n|turn|8\n|l| Smelliot sniff\n|\n|t:|1699058019\n|move|p1a: Blissey|Protect|p1a: Blissey\n|-singleturn|p1a: Blissey|Protect\n|move|p2a: Genesect|Blaze Kick|p1a: Blissey\n|-activate|p1a: Blissey|move: Protect\n|\n|-heal|p1a: Blissey|42\/100|[from] item: Leftovers\n|upkeep\n|turn|9\n|\n|t:|1699058035\n|switch|p1a: Enamorus|Enamorus-Therian, F|100\/100\n|-damage|p1a: Enamorus|75\/100|[from] Stealth Rock\n|move|p2a: Genesect|Blaze Kick|p1a: Enamorus\n|-crit|p1a: Enamorus\n|-damage|p1a: Enamorus|10\/100\n|\n|-heal|p1a: Enamorus|16\/100|[from] item: Leftovers\n|upkeep\n|turn|10\n|\n|t:|1699058044\n|move|p2a: Genesect|Blaze Kick|p1a: Enamorus\n|-damage|p1a: Enamorus|0 fnt\n|faint|p1a: Enamorus\n|\n|upkeep\n|\n|t:|1699058049\n|switch|p1a: Calyrex|Calyrex-Ice|100\/100\n|-ability|p1a: Calyrex|As One\n|-ability|p1a: Calyrex|Unnerve\n|-damage|p1a: Calyrex|76\/100|[from] Stealth Rock\n|turn|11\n|\n|t:|1699058060\n|switch|p2a: Chi-Yu|Chi-Yu|100\/100\n|-ability|p2a: Chi-Yu|Beads of Ruin\n|-terastallize|p1a: Calyrex|Ground\n|move|p1a: Calyrex|Trick Room|p1a: Calyrex\n|-fieldstart|move: Trick Room|[of] p1a: Calyrex\n|\n|upkeep\n|turn|12\n|\n|t:|1699058067\n|switch|p2a: Omega|Giratina-Origin|100\/100\n|move|p1a: Calyrex|High Horsepower|p2a: Omega\n|-immune|p2a: Omega|[from] ability: Levitate\n|\n|upkeep\n|turn|13\n|\n|t:|1699058074\n|-terastallize|p2a: Omega|Poison\n|move|p1a: Calyrex|High Horsepower|p2a: Omega\n|-immune|p2a: Omega|[from] ability: Levitate\n|move|p2a: Omega|Will-O-Wisp|p1a: Calyrex|[miss]\n|-miss|p2a: Omega|p1a: Calyrex\n|\n|upkeep\n|turn|14\n|\n|t:|1699058081\n|move|p1a: Calyrex|Zen Headbutt|p2a: Omega\n|-supereffective|p2a: Omega\n|-damage|p2a: Omega|16\/100\n|move|p2a: Omega|Will-O-Wisp|p1a: Calyrex|[miss]\n|-miss|p2a: Omega|p1a: Calyrex\n|\n|upkeep\n|turn|15\n|\n|t:|1699058088\n|switch|p2a: Genesect|Genesect, shiny|100\/100\n|-ability|p2a: Genesect|Download|boost\n|-boost|p2a: Genesect|spa|1\n|move|p1a: Calyrex|Trick Room|p1a: Calyrex\n|-fieldend|move: Trick Room\n|\n|upkeep\n|turn|16\n|\n|t:|1699058094\n|move|p2a: Genesect|Iron Head|p1a: Calyrex\n|-damage|p1a: Calyrex|39\/100\n|move|p1a: Calyrex|Trick Room|p1a: Calyrex\n|-fieldstart|move: Trick Room|[of] p1a: Calyrex\n|\n|upkeep\n|turn|17\n|\n|t:|1699058104\n|move|p1a: Calyrex|High Horsepower|p2a: Genesect\n|-damage|p2a: Genesect|18\/100\n|move|p2a: Genesect|Iron Head|p1a: Calyrex\n|-damage|p1a: Calyrex|1\/100\n|\n|upkeep\n|turn|18\n|\n|t:|1699058111\n|switch|p2a: Alpha|Salamence-Mega, F|100\/100\n|move|p1a: Calyrex|Glacial Lance|p2a: Alpha\n|-supereffective|p2a: Alpha\n|-damage|p2a: Alpha|0 fnt\n|faint|p2a: Alpha\n|-ability|p1a: Calyrex|Chilling Neigh|boost\n|-boost|p1a: Calyrex|atk|1\n|\n|upkeep\n|\n|t:|1699058122\n|switch|p2a: Genesect|Genesect, shiny|18\/100\n|-ability|p2a: Genesect|Download|boost\n|-boost|p2a: Genesect|spa|1\n|turn|19\n|\n|t:|1699058130\n|move|p2a: Genesect|Extreme Speed|p1a: Calyrex\n|-damage|p1a: Calyrex|0 fnt\n|faint|p1a: Calyrex\n|\n|upkeep\n|\n|t:|1699058134\n|switch|p1a: Melmetal|Melmetal|100\/100\n|-damage|p1a: Melmetal|94\/100|[from] Stealth Rock\n|turn|20\n|\n|t:|1699058140\n|switch|p2a: Omega|Giratina-Origin, tera:Poison|16\/100\n|move|p1a: Melmetal|Substitute|p1a: Melmetal\n|-start|p1a: Melmetal|Substitute\n|-damage|p1a: Melmetal|69\/100\n|\n|-heal|p1a: Melmetal|75\/100|[from] item: Leftovers\n|-fieldend|move: Trick Room\n|upkeep\n|turn|21\n|\n|t:|1699058150\n|move|p2a: Omega|Aura Sphere|p1a: Melmetal\n|-supereffective|p1a: Melmetal\n|-end|p1a: Melmetal|Substitute\n|move|p1a: Melmetal|Double Iron Bash|p2a: Omega\n|-damage|p2a: Omega|0 fnt\n|faint|p2a: Omega\n|-hitcount|p2: Omega|1\n|\n|-heal|p1a: Melmetal|82\/100|[from] item: Leftovers\n|upkeep\n|\n|t:|1699058154\n|switch|p2a: Chi-Yu|Chi-Yu|100\/100\n|-ability|p2a: Chi-Yu|Beads of Ruin\n|turn|22\n|\n|t:|1699058163\n|switch|p1a: Blissey|Blissey, F|42\/100\n|-damage|p1a: Blissey|29\/100|[from] Stealth Rock\n|move|p2a: Chi-Yu|Flamethrower|p1a: Blissey\n|-damage|p1a: Blissey|3\/100\n|\n|-heal|p1a: Blissey|9\/100|[from] item: Leftovers\n|upkeep\n|turn|23\n|\n|t:|1699058170\n|move|p1a: Blissey|Protect|p1a: Blissey\n|-singleturn|p1a: Blissey|Protect\n|move|p2a: Chi-Yu|Flamethrower|p1a: Blissey\n|-activate|p1a: Blissey|move: Protect\n|\n|-heal|p1a: Blissey|15\/100|[from] item: Leftovers\n|upkeep\n|turn|24\n|\n|t:|1699058178\n|move|p2a: Chi-Yu|Flamethrower|p1a: Blissey\n|-damage|p1a: Blissey|0 fnt\n|faint|p1a: Blissey\n|\n|upkeep\n|\n|t:|1699058183\n|switch|p1a: Pheromosa|Pheromosa|88\/100\n|-damage|p1a: Pheromosa|76\/100|[from] Stealth Rock\n|turn|25\n|\n|t:|1699058192\n|move|p1a: Pheromosa|Close Combat|p2a: Chi-Yu\n|-supereffective|p2a: Chi-Yu\n|-damage|p2a: Chi-Yu|0 fnt\n|-unboost|p1a: Pheromosa|def|1\n|-unboost|p1a: Pheromosa|spd|1\n|faint|p2a: Chi-Yu\n|-ability|p1a: Pheromosa|Beast Boost|boost\n|-boost|p1a: Pheromosa|spe|1\n|\n|upkeep\n|\n|t:|1699058201\n|switch|p2a: Genesect|Genesect, shiny|18\/100\n|-ability|p2a: Genesect|Download|boost\n|-boost|p2a: Genesect|atk|1\n|turn|26\n|\n|t:|1699058208\n|switch|p2a: Annihilape|Annihilape, M|11\/100\n|move|p1a: Pheromosa|Close Combat|p2a: Annihilape\n|-immune|p2a: Annihilape\n|\n|upkeep\n|turn|27\n|\n|t:|1699058215\n|switch|p1a: Melmetal|Melmetal|82\/100\n|-damage|p1a: Melmetal|75\/100|[from] Stealth Rock\n|move|p2a: Annihilape|Bulk Up|p2a: Annihilape\n|-boost|p2a: Annihilape|atk|1\n|-boost|p2a: Annihilape|def|1\n|\n|-heal|p1a: Melmetal|82\/100|[from] item: Leftovers\n|upkeep\n|turn|28\n|\n|t:|1699058227\n|move|p2a: Annihilape|Drain Punch|p1a: Melmetal\n|-supereffective|p1a: Melmetal\n|-damage|p1a: Melmetal|6\/100\n|-heal|p2a: Annihilape|50\/100|[from] drain|[of] p1a: Melmetal\n|move|p1a: Melmetal|Double Iron Bash|p2a: Annihilape\n|-damage|p2a: Annihilape|22\/100\n|-damage|p2a: Annihilape|0 fnt\n|faint|p2a: Annihilape\n|-hitcount|p2: Annihilape|2\n|\n|-heal|p1a: Melmetal|12\/100|[from] item: Leftovers\n|upkeep\n|\n|t:|1699058252\n|switch|p2a: Deoxys|Deoxys-Attack|100\/100\n|-ability|p2a: Deoxys|Pressure\n|turn|29\n|\n|t:|1699058263\n|move|p2a: Deoxys|Knock Off|p1a: Melmetal\n|-crit|p1a: Melmetal\n|-damage|p1a: Melmetal|0 fnt\n|-enditem|p1a: Melmetal|Leftovers|[from] move: Knock Off|[of] p2a: Deoxys\n|faint|p1a: Melmetal\n|\n|upkeep\n|\n|t:|1699058268\n|switch|p1a: Pheromosa|Pheromosa|76\/100\n|-damage|p1a: Pheromosa|63\/100|[from] Stealth Rock\n|turn|30\n|\n|t:|1699058273\n|move|p2a: Deoxys|Knock Off|p1a: Pheromosa\n|-resisted|p1a: Pheromosa\n|-damage|p1a: Pheromosa|5\/100\n|-enditem|p1a: Pheromosa|Choice Band|[from] move: Knock Off|[of] p2a: Deoxys\n|move|p1a: Pheromosa|U-turn|p2a: Deoxys\n|-supereffective|p2a: Deoxys\n|-damage|p2a: Deoxys|0 fnt\n|faint|p2a: Deoxys\n|-ability|p1a: Pheromosa|Beast Boost|boost\n|-boost|p1a: Pheromosa|spe|1\n|\n|upkeep\n|\n|t:|1699058277\n|switch|p2a: Genesect|Genesect, shiny|18\/100\n|-ability|p2a: Genesect|Download|boost\n|-boost|p2a: Genesect|atk|1\n|turn|31\n|c|\u2606Grant-uhh-Wish|gg\n|c|\u2606Specs Hex Pex|gg\n|\n|t:|1699058285\n|move|p2a: Genesect|Extreme Speed|p1a: Pheromosa\n|-damage|p1a: Pheromosa|0 fnt\n|faint|p1a: Pheromosa\n|\n|win|Grant-uhh-Wish\n","uploadtime":1699058289,"views":21,"p1id":"specshexpex","p2id":"grantuhhwish","formatid":"gen9nationaldexubers","rating":0,"private":0,"password":""}