{"id":"gen9nationaldexubers-1998843434","p1":"a helpful rayquaza","p2":"anna bando","format":"[Gen 9] National Dex Ubers","log":"|j|\u2606a helpful rayquaza\n|j|\u2606anna bando\n|t:|1701001785\n|gametype|singles\n|player|p1|a helpful rayquaza|raifort|\n|player|p2|anna bando|102|\n|teamsize|p1|6\n|teamsize|p2|6\n|gen|9\n|tier|[Gen 9] National Dex Ubers\n|rule|HP Percentage Mod: HP is shown in percentages\n|rule|Endless Battle Clause: Forcing endless battles is banned\n|rule|OHKO Clause: OHKO moves are banned\n|rule|Evasion Moves Clause: Evasion moves are banned\n|rule|Evasion Items Clause: Evasion items are banned\n|rule|Species Clause: Limit one of each Pok\u00e9mon\n|rule|Sleep Clause Mod: Limit one foe put to sleep\n|rule|Mega Rayquaza Clause: You cannot mega evolve Rayquaza\n|clearpoke\n|poke|p1|Empoleon, F|\n|poke|p1|Regieleki|\n|poke|p1|Garchomp, F|\n|poke|p1|Lycanroc-Midnight, M|\n|poke|p1|Chandelure, F|\n|poke|p1|Mabosstiff, F|\n|poke|p2|Mesprit|\n|poke|p2|Stunfisk, F|\n|poke|p2|Palafin, M|\n|poke|p2|Dragapult, M|\n|poke|p2|Mawile, F|\n|poke|p2|Pangoro, M|\n|teampreview\n|c|\u2606anna bando|gl hf\n|inactive|Battle timer is ON: inactive players will automatically lose when time's up. (requested by anna bando)\n|c|\u2606a helpful rayquaza|hfhf\n|j| Rhik\n|j| Mcthelegit\n|inactive|a helpful rayquaza has 270 seconds left.\n|\n|t:|1701001834\n|start\n|switch|p1a: Empoleon|Empoleon, F|100\/100\n|switch|p2a: Palafin|Palafin, M|100\/100\n|turn|1\n|c| Rhik|Glhf\n|\n|t:|1701001855\n|move|p2a: Palafin|Taunt|p1a: Empoleon\n|-start|p1a: Empoleon|move: Taunt\n|cant|p1a: Empoleon|move: Taunt|Stealth Rock\n|\n|upkeep\n|turn|2\n|\n|t:|1701001869\n|detailschange|p2a: Palafin|Palafin-Hero, M\n|switch|p2a: Pangoro|Pangoro, M|100\/100\n|move|p1a: Empoleon|Flip Turn|p2a: Pangoro\n|-damage|p2a: Pangoro|82\/100\n|\n|t:|1701001886\n|switch|p1a: Regieleki|Regieleki|100\/100|[from] Flip Turn\n|\n|upkeep\n|turn|3\n|\n|t:|1701001901\n|switch|p2a: Stunfisk|Stunfisk, F|100\/100\n|move|p1a: Regieleki|Thunderbolt|p2a: Stunfisk\n|-immune|p2a: Stunfisk\n|\n|upkeep\n|turn|4\n|\n|t:|1701001909\n|switch|p1a: Garchomp|Garchomp, F|100\/100\n|move|p2a: Stunfisk|Earth Power|p1a: Garchomp\n|-damage|p1a: Garchomp|72\/100\n|\n|upkeep\n|turn|5\n|\n|t:|1701001924\n|switch|p2a: Mesprit|Mesprit|100\/100\n|move|p1a: Garchomp|Swords Dance|p1a: Garchomp\n|-boost|p1a: Garchomp|atk|2\n|\n|upkeep\n|turn|6\n|\n|t:|1701001948\n|detailschange|p1a: Garchomp|Garchomp-Mega, F\n|-mega|p1a: Garchomp|Garchomp|Garchompite\n|move|p1a: Garchomp|Scale Shot|p2a: Mesprit\n|-crit|p2a: Mesprit\n|-damage|p2a: Mesprit|68\/100\n|-damage|p2a: Mesprit|47\/100\n|-damage|p2a: Mesprit|24\/100\n|-damage|p2a: Mesprit|4\/100\n|-hitcount|p2a: Mesprit|4\n|-unboost|p1a: Garchomp|def|1\n|-boost|p1a: Garchomp|spe|1\n|move|p2a: Mesprit|Trick Room|p2a: Mesprit\n|-fieldstart|move: Trick Room|[of] p2a: Mesprit\n|\n|upkeep\n|turn|7\n|inactive|a helpful rayquaza has 270 seconds left.\n|\n|t:|1701001964\n|move|p2a: Mesprit|Ice Beam|p1a: Garchomp\n|-supereffective|p1a: Garchomp\n|-damage|p1a: Garchomp|0 fnt\n|faint|p1a: Garchomp\n|\n|upkeep\n|inactive|a helpful rayquaza has 270 seconds left.\n|\n|t:|1701001972\n|switch|p1a: Empoleon|Empoleon, F|100\/100\n|turn|8\n|\n|t:|1701001984\n|move|p2a: Mesprit|Magic Coat|p2a: Mesprit\n|-singleturn|p2a: Mesprit|move: Magic Coat\n|move|p1a: Empoleon|Flip Turn|p2a: Mesprit\n|-damage|p2a: Mesprit|0 fnt\n|faint|p2a: Mesprit\n|\n|t:|1701001998\n|switch|p1a: Mabosstiff|Mabosstiff, F|100\/100|[from] Flip Turn\n|\n|upkeep\n|\n|t:|1701002003\n|switch|p2a: Pangoro|Pangoro, M|82\/100\n|turn|9\n|\n|t:|1701002020\n|-terastallize|p1a: Mabosstiff|Fairy\n|move|p2a: Pangoro|Close Combat|p1a: Mabosstiff\n|-resisted|p1a: Mabosstiff\n|-damage|p1a: Mabosstiff|38\/100\n|-unboost|p2a: Pangoro|def|1\n|-unboost|p2a: Pangoro|spd|1\n|move|p1a: Mabosstiff|Play Rough|p2a: Pangoro\n|-supereffective|p2a: Pangoro\n|-damage|p2a: Pangoro|0 fnt\n|faint|p2a: Pangoro\n|\n|upkeep\n|\n|t:|1701002033\n|switch|p2a: Mawile|Mawile, F|100\/100\n|-ability|p2a: Mawile|Intimidate|boost\n|-unboost|p1a: Mabosstiff|atk|1\n|turn|10\n|\n|t:|1701002052\n|switch|p1a: Chandelure|Chandelure, F|100\/100\n|detailschange|p2a: Mawile|Mawile-Mega, F\n|-mega|p2a: Mawile|Mawile|Mawilite\n|move|p2a: Mawile|Stealth Rock|p1a: Chandelure\n|-sidestart|p1: a helpful rayquaza|move: Stealth Rock\n|\n|-fieldend|move: Trick Room\n|upkeep\n|turn|11\n|\n|t:|1701002065\n|move|p2a: Mawile|Sucker Punch||[still]\n|-fail|p2a: Mawile\n|move|p1a: Chandelure|Substitute|p1a: Chandelure\n|-start|p1a: Chandelure|Substitute\n|-damage|p1a: Chandelure|76\/100\n|\n|upkeep\n|turn|12\n|inactive|a helpful rayquaza has 270 seconds left.\n|\n|t:|1701002089\n|move|p2a: Mawile|Sucker Punch||[still]\n|-fail|p2a: Mawile\n|move|p1a: Chandelure|Calm Mind|p1a: Chandelure\n|-boost|p1a: Chandelure|spa|1\n|-boost|p1a: Chandelure|spd|1\n|\n|upkeep\n|turn|13\n|inactive|a helpful rayquaza has 270 seconds left.\n|\n|t:|1701002107\n|move|p2a: Mawile|Sucker Punch|p1a: Chandelure\n|-supereffective|p1a: Chandelure\n|-end|p1a: Chandelure|Substitute\n|move|p1a: Chandelure|Shadow Ball|p2a: Mawile\n|-damage|p2a: Mawile|25\/100\n|\n|upkeep\n|turn|14\n|\n|t:|1701002117\n|move|p1a: Chandelure|Shadow Ball|p2a: Mawile\n|-crit|p2a: Mawile\n|-damage|p2a: Mawile|0 fnt\n|faint|p2a: Mawile\n|\n|upkeep\n|\n|t:|1701002121\n|switch|p2a: Dragapult|Dragapult, M|100\/100\n|-item|p2a: Dragapult|Air Balloon\n|turn|15\n|inactive|a helpful rayquaza has 270 seconds left.\n|\n|t:|1701002150\n|switch|p1a: Empoleon|Empoleon, F|100\/100\n|-damage|p1a: Empoleon|94\/100|[from] Stealth Rock\n|move|p2a: Dragapult|Phantom Force||[still]\n|-prepare|p2a: Dragapult|Phantom Force\n|\n|-heal|p1a: Empoleon|100\/100|[from] item: Leftovers\n|upkeep\n|turn|16\n|\n|t:|1701002167\n|move|p2a: Dragapult|Phantom Force|p1a: Empoleon|[from]lockedmove\n|-damage|p1a: Empoleon|52\/100\n|move|p1a: Empoleon|Stealth Rock|p2a: Dragapult\n|-sidestart|p2: anna bando|move: Stealth Rock\n|\n|-heal|p1a: Empoleon|58\/100|[from] item: Leftovers\n|upkeep\n|turn|17\n|\n|t:|1701002179\n|move|p2a: Dragapult|Dragon Dance|p2a: Dragapult\n|-boost|p2a: Dragapult|atk|1\n|-boost|p2a: Dragapult|spe|1\n|move|p1a: Empoleon|Surf|p2a: Dragapult\n|-resisted|p2a: Dragapult\n|-damage|p2a: Dragapult|78\/100\n|-enditem|p2a: Dragapult|Air Balloon\n|\n|-heal|p1a: Empoleon|64\/100|[from] item: Leftovers\n|upkeep\n|turn|18\n|\n|t:|1701002193\n|move|p2a: Dragapult|Phantom Force||[still]\n|-prepare|p2a: Dragapult|Phantom Force\n|move|p1a: Empoleon|Flip Turn|p2a: Dragapult|[miss]\n|-miss|p1a: Empoleon|p2a: Dragapult\n|\n|-heal|p1a: Empoleon|70\/100|[from] item: Leftovers\n|upkeep\n|turn|19\n|\n|t:|1701002199\n|move|p2a: Dragapult|Phantom Force|p1a: Empoleon|[from]lockedmove\n|-damage|p1a: Empoleon|0 fnt\n|faint|p1a: Empoleon\n|\n|upkeep\n|inactive|a helpful rayquaza has 240 seconds left.\n|\n|t:|1701002226\n|switch|p1a: Lycanroc|Lycanroc-Midnight, M|100\/100\n|-damage|p1a: Lycanroc|88\/100|[from] Stealth Rock\n|turn|20\n|inactive|a helpful rayquaza has 240 seconds left.\n|\n|t:|1701002232\n|-terastallize|p2a: Dragapult|Fairy\n|move|p2a: Dragapult|Dragon Darts|p1a: Lycanroc\n|-damage|p1a: Lycanroc|27\/100\n|-anim|p2a: Dragapult|Dragon Darts|p1a: Lycanroc\n|-damage|p1a: Lycanroc|0 fnt\n|faint|p1a: Lycanroc\n|\n|upkeep\n|inactive|a helpful rayquaza has 240 seconds left.\n|\n|t:|1701002238\n|switch|p1a: Regieleki|Regieleki|100\/100\n|-damage|p1a: Regieleki|88\/100|[from] Stealth Rock\n|turn|21\n|c| Rhik|Gg\n|\n|t:|1701002242\n|move|p2a: Dragapult|Dragon Darts|p1a: Regieleki\n|-damage|p1a: Regieleki|5\/100\n|-anim|p2a: Dragapult|Dragon Darts|p1a: Regieleki\n|-damage|p1a: Regieleki|0 fnt\n|faint|p1a: Regieleki\n|\n|upkeep\n|c|\u2606anna bando|gg\n|\n|t:|1701002246\n|switch|p1a: Mabosstiff|Mabosstiff, F, tera:Fairy|38\/100\n|-damage|p1a: Mabosstiff|26\/100|[from] Stealth Rock\n|turn|22\n|\n|t:|1701002254\n|move|p2a: Dragapult|Tera Blast|p1a: Mabosstiff|[anim] Tera Blast Fairy\n|-damage|p1a: Mabosstiff|0 fnt\n|faint|p1a: Mabosstiff\n|\n|upkeep\n|\n|t:|1701002256\n|switch|p1a: Chandelure|Chandelure, F|76\/100\n|-damage|p1a: Chandelure|51\/100|[from] Stealth Rock\n|turn|23\n|\n|t:|1701002260\n|move|p2a: Dragapult|Dragon Darts|p1a: Chandelure\n|-damage|p1a: Chandelure|0 fnt\n|faint|p1a: Chandelure\n|\n|win|anna bando\n|c|\u2606a helpful rayquaza|gg\n","uploadtime":1701002264,"views":36,"p1id":"ahelpfulrayquaza","p2id":"annabando","formatid":"gen9nationaldexubers","rating":0,"private":0,"password":""}