{"id":"gen9nationaldexubers-1999176876","p1":"PCGReno","p2":"Cazenovia","format":"[Gen 9] National Dex Ubers","log":"|j|\u2606PCGReno\n|j|\u2606Cazenovia\n|t:|1701041752\n|gametype|singles\n|player|p1|PCGReno|101|\n|player|p2|Cazenovia|psychicfjp-gen3|\n|teamsize|p1|6\n|teamsize|p2|6\n|gen|9\n|tier|[Gen 9] National Dex Ubers\n|rule|HP Percentage Mod: HP is shown in percentages\n|rule|Endless Battle Clause: Forcing endless battles is banned\n|rule|OHKO Clause: OHKO moves are banned\n|rule|Evasion Moves Clause: Evasion moves are banned\n|rule|Evasion Items Clause: Evasion items are banned\n|rule|Species Clause: Limit one of each Pok\u00e9mon\n|rule|Sleep Clause Mod: Limit one foe put to sleep\n|rule|Mega Rayquaza Clause: You cannot mega evolve Rayquaza\n|clearpoke\n|poke|p1|Hippowdon, F|\n|poke|p1|Excadrill, F|\n|poke|p1|Dracozolt|\n|poke|p1|Toxapex, F|\n|poke|p1|Salazzle, F|\n|poke|p1|Mandibuzz, F|\n|poke|p2|Silvally-*|\n|poke|p2|Iron Valiant|\n|poke|p2|Dragapult, M|\n|poke|p2|Keldeo-Resolute|\n|poke|p2|Weavile, F|\n|poke|p2|Skarmory, M|\n|teampreview\n|c|\u2606Cazenovia|glhf\n|j| Captain_118\n|l|\u2606PCGReno\n|player|p1|\n|j|\u2606PCGReno\n|player|p1|PCGReno|101\n|\n|t:|1701041800\n|start\n|switch|p1a: Devastation|Dracozolt|100\/100\n|switch|p2a: Rainbow Dash|Keldeo-Resolute|100\/100\n|turn|1\n|\n|t:|1701041814\n|switch|p2a: Silvally|Silvally-Ground|100\/100\n|switch|p1a: Invincible|Toxapex, F|100\/100\n|\n|upkeep\n|turn|2\n|\n|t:|1701041827\n|move|p2a: Silvally|Swords Dance|p2a: Silvally\n|-boost|p2a: Silvally|atk|2\n|move|p1a: Invincible|Scald|p2a: Silvally\n|-supereffective|p2a: Silvally\n|-damage|p2a: Silvally|50\/100\n|\n|upkeep\n|turn|3\n|\n|t:|1701041834\n|move|p2a: Silvally|Multi-Attack|p1a: Invincible\n|-supereffective|p1a: Invincible\n|-damage|p1a: Invincible|0 fnt\n|faint|p1a: Invincible\n|\n|upkeep\n|\n|t:|1701041844\n|switch|p1a: Love Again|Hippowdon, F|100\/100\n|-weather|Sandstorm|[from] ability: Sand Stream|[of] p1a: Love Again\n|turn|4\n|\n|t:|1701041854\n|move|p2a: Silvally|Multi-Attack|p1a: Love Again\n|-damage|p1a: Love Again|40\/100\n|move|p1a: Love Again|Whirlwind|p2a: Silvally\n|drag|p2a: Weavile|Weavile, F|100\/100\n|-ability|p2a: Weavile|Pressure\n|\n|-weather|Sandstorm|[upkeep]\n|-damage|p2a: Weavile|94\/100|[from] Sandstorm\n|upkeep\n|turn|5\n|\n|t:|1701041881\n|move|p2a: Weavile|Icicle Crash|p1a: Love Again\n|-supereffective|p1a: Love Again\n|-damage|p1a: Love Again|0 fnt\n|faint|p1a: Love Again\n|\n|-weather|Sandstorm|[upkeep]\n|-damage|p2a: Weavile|88\/100|[from] Sandstorm\n|upkeep\n|\n|t:|1701041893\n|switch|p1a: Devastation|Dracozolt|100\/100\n|turn|6\n|\n|t:|1701041911\n|switch|p2a: Silvally|Silvally-Ground|50\/100\n|move|p1a: Devastation|Outrage|p2a: Silvally\n|-damage|p2a: Silvally|0 fnt\n|faint|p2a: Silvally\n|-damage|p1a: Devastation|91\/100|[from] item: Life Orb\n|\n|-weather|Sandstorm|[upkeep]\n|upkeep\n|\n|t:|1701041915\n|switch|p2a: NO NOW|Iron Valiant|100\/100\n|turn|7\n|\n|t:|1701041919\n|move|p1a: Devastation|Outrage|p2a: NO NOW|[from]lockedmove\n|-immune|p2a: NO NOW\n|move|p2a: NO NOW|Moonblast|p1a: Devastation\n|-supereffective|p1a: Devastation\n|-damage|p1a: Devastation|0 fnt\n|faint|p1a: Devastation\n|-damage|p2a: NO NOW|91\/100|[from] item: Life Orb\n|\n|-weather|Sandstorm|[upkeep]\n|-damage|p2a: NO NOW|85\/100|[from] Sandstorm\n|upkeep\n|\n|t:|1701041922\n|switch|p1a: Ready For Combat|Excadrill, F|100\/100\n|turn|8\n|\n|t:|1701041929\n|-end|p2a: NO NOW|Quark Drive|[silent]\n|switch|p2a: The Skarm|Skarmory, M|100\/100\n|move|p1a: Ready For Combat|Swords Dance|p1a: Ready For Combat\n|-boost|p1a: Ready For Combat|atk|2\n|\n|-weather|Sandstorm|[upkeep]\n|upkeep\n|turn|9\n|\n|t:|1701041938\n|move|p1a: Ready For Combat|Rock Blast|p2a: The Skarm\n|-damage|p2a: The Skarm|89\/100\n|-damage|p2a: The Skarm|78\/100\n|-damage|p2a: The Skarm|65\/100\n|-damage|p2a: The Skarm|55\/100\n|-damage|p2a: The Skarm|42\/100\n|-hitcount|p2a: The Skarm|5\n|move|p2a: The Skarm|Body Press|p1a: Ready For Combat\n|-supereffective|p1a: Ready For Combat\n|-damage|p1a: Ready For Combat|2\/100\n|\n|-weather|Sandstorm|[upkeep]\n|upkeep\n|turn|10\n|\n|t:|1701041954\n|move|p1a: Ready For Combat|Rock Blast|p2a: The Skarm|[miss]\n|-miss|p1a: Ready For Combat|p2a: The Skarm\n|move|p2a: The Skarm|Roost|p2a: The Skarm\n|-heal|p2a: The Skarm|92\/100\n|-singleturn|p2a: The Skarm|move: Roost\n|\n|-weather|Sandstorm|[upkeep]\n|upkeep\n|turn|11\n|\n|t:|1701041967\n|move|p1a: Ready For Combat|Iron Head|p2a: The Skarm\n|-resisted|p2a: The Skarm\n|-damage|p2a: The Skarm|64\/100\n|-damage|p1a: Ready For Combat|0 fnt|[from] item: Rocky Helmet|[of] p2a: The Skarm\n|faint|p1a: Ready For Combat\n|move|p2a: The Skarm|Body Press|p1: Ready For Combat|[notarget]\n|-fail|p2a: The Skarm\n|\n|-weather|none\n|upkeep\n|\n|t:|1701041976\n|switch|p1a: Paralyzer|Salazzle, F|100\/100\n|turn|12\n|\n|t:|1701041984\n|move|p1a: Paralyzer|Toxic|p2a: The Skarm\n|-status|p2a: The Skarm|tox\n|move|p2a: The Skarm|Body Press|p1a: Paralyzer\n|-resisted|p1a: Paralyzer\n|-damage|p1a: Paralyzer|68\/100\n|\n|-damage|p2a: The Skarm|58\/100 tox|[from] psn\n|upkeep\n|turn|13\n|\n|t:|1701041996\n|switch|p1a: Hybrid Moments|Mandibuzz, F|100\/100\n|switch|p2a: Mono no Aware|Dragapult, M|100\/100\n|\n|upkeep\n|turn|14\n|\n|t:|1701042004\n|switch|p2a: Rainbow Dash|Keldeo-Resolute|100\/100\n|move|p1a: Hybrid Moments|Knock Off|p2a: Rainbow Dash\n|-resisted|p2a: Rainbow Dash\n|-damage|p2a: Rainbow Dash|86\/100\n|-ability|p2a: Rainbow Dash|Justified|boost\n|-boost|p2a: Rainbow Dash|atk|1\n|-enditem|p2a: Rainbow Dash|Choice Specs|[from] move: Knock Off|[of] p1a: Hybrid Moments\n|\n|upkeep\n|turn|15\n|\n|t:|1701042015\n|move|p2a: Rainbow Dash|Hydro Pump|p1a: Hybrid Moments\n|-damage|p1a: Hybrid Moments|57\/100\n|move|p1a: Hybrid Moments|Toxic|p2a: Rainbow Dash\n|-status|p2a: Rainbow Dash|tox\n|\n|-damage|p2a: Rainbow Dash|79\/100 tox|[from] psn\n|upkeep\n|turn|16\n|\n|t:|1701042023\n|switch|p2a: Weavile|Weavile, F|88\/100\n|-ability|p2a: Weavile|Pressure\n|move|p1a: Hybrid Moments|Roost|p1a: Hybrid Moments\n|-heal|p1a: Hybrid Moments|100\/100\n|-singleturn|p1a: Hybrid Moments|move: Roost\n|\n|upkeep\n|turn|17\n|\n|t:|1701042033\n|move|p2a: Weavile|Icicle Crash|p1a: Hybrid Moments\n|-supereffective|p1a: Hybrid Moments\n|-damage|p1a: Hybrid Moments|8\/100\n|cant|p1a: Hybrid Moments|flinch\n|\n|upkeep\n|turn|18\n|\n|t:|1701042039\n|move|p2a: Weavile|Icicle Crash|p1a: Hybrid Moments\n|-supereffective|p1a: Hybrid Moments\n|-damage|p1a: Hybrid Moments|0 fnt\n|faint|p1a: Hybrid Moments\n|\n|upkeep\n|\n|t:|1701042040\n|switch|p1a: Paralyzer|Salazzle, F|68\/100\n|turn|19\n|\n|t:|1701042052\n|move|p1a: Paralyzer|Flamethrower|p2a: Weavile\n|-supereffective|p2a: Weavile\n|-damage|p2a: Weavile|0 fnt\n|faint|p2a: Weavile\n|\n|upkeep\n|\n|t:|1701042054\n|switch|p2a: Mono no Aware|Dragapult, M|100\/100\n|turn|20\n|\n|t:|1701042062\n|move|p1a: Paralyzer|Flamethrower|p2a: Mono no Aware\n|-resisted|p2a: Mono no Aware\n|-damage|p2a: Mono no Aware|73\/100\n|move|p2a: Mono no Aware|Dragon Darts|p1a: Paralyzer\n|-damage|p1a: Paralyzer|20\/100\n|-anim|p2a: Mono no Aware|Dragon Darts|p1a: Paralyzer\n|-crit|p1a: Paralyzer\n|-damage|p1a: Paralyzer|0 fnt\n|faint|p1a: Paralyzer\n|\n|win|Cazenovia\n|c|\u2606Cazenovia|gg\n|l|\u2606PCGReno\n|l|\u2606Cazenovia\n|j|\u2606Cazenovia\n|player|p2|Cazenovia|psychicfjp-gen3\n","uploadtime":1701042101,"views":36,"p1id":"pcgreno","p2id":"cazenovia","formatid":"gen9nationaldexubers","rating":0,"private":0,"password":""}