{"id":"gen9nationaldexubers-1995687305","p1":"JustMonika_CARR","p2":"execfist2","format":"[Gen 9] National Dex Ubers","log":"|j|\u2606JustMonika_CARR\n|j|\u2606execfist2\n|t:|1700593989\n|gametype|singles\n|player|p1|JustMonika_CARR|rosa|1291\n|player|p2|execfist2|2|1273\n|teamsize|p1|6\n|teamsize|p2|6\n|gen|9\n|tier|[Gen 9] National Dex Ubers\n|rated|\n|rule|HP Percentage Mod: HP is shown in percentages\n|rule|Endless Battle Clause: Forcing endless battles is banned\n|rule|OHKO Clause: OHKO moves are banned\n|rule|Evasion Moves Clause: Evasion moves are banned\n|rule|Evasion Items Clause: Evasion items are banned\n|rule|Species Clause: Limit one of each Pok\u00e9mon\n|rule|Sleep Clause Mod: Limit one foe put to sleep\n|rule|Mega Rayquaza Clause: You cannot mega evolve Rayquaza\n|clearpoke\n|poke|p1|Blaziken, F|\n|poke|p1|Pheromosa|\n|poke|p1|Gothitelle, F|\n|poke|p1|Deoxys-Speed|\n|poke|p1|Shuckle, M|\n|poke|p1|Durant, F|\n|poke|p2|Flutter Mane|\n|poke|p2|Groudon|\n|poke|p2|Yveltal|\n|poke|p2|Mewtwo|\n|poke|p2|Kingambit, M|\n|poke|p2|Eternatus|\n|teampreview\n|inactive|Battle timer is ON: inactive players will automatically lose when time's up. (requested by execfist2)\n|c|\u2606JustMonika_CARR|Glhf\n|\n|t:|1700594004\n|start\n|switch|p1a: Deoxys|Deoxys-Speed, shiny|100\/100\n|switch|p2a: Yveltal|Yveltal|100\/100\n|-ability|p1a: Deoxys|Pressure\n|-ability|p2a: Yveltal|Dark Aura\n|turn|1\n|\n|t:|1700594012\n|move|p1a: Deoxys|Light Screen|p1a: Deoxys\n|-sidestart|p1: JustMonika_CARR|move: Light Screen\n|move|p2a: Yveltal|Dark Pulse|p1a: Deoxys\n|-supereffective|p1a: Deoxys\n|-damage|p1a: Deoxys|29\/100\n|\n|upkeep\n|turn|2\n|\n|t:|1700594015\n|move|p1a: Deoxys|Stealth Rock|p2a: Yveltal\n|-sidestart|p2: execfist2|move: Stealth Rock\n|move|p2a: Yveltal|Dark Pulse|p1a: Deoxys\n|-supereffective|p1a: Deoxys\n|-damage|p1a: Deoxys|0 fnt\n|faint|p1a: Deoxys\n|\n|upkeep\n|\n|t:|1700594021\n|switch|p1a: Shuckle|Shuckle, M, shiny|100\/100\n|turn|3\n|\n|t:|1700594026\n|switch|p2a: Groudon|Groudon|100\/100\n|-damage|p2a: Groudon|94\/100|[from] Stealth Rock\n|detailschange|p2a: Groudon|Groudon-Primal\n|-primal|p2a: Groudon|Red Orb\n|-weather|DesolateLand|[from] ability: Desolate Land|[of] p2a: Groudon\n|move|p1a: Shuckle|Infestation|p2a: Groudon\n|-resisted|p2a: Groudon\n|-damage|p2a: Groudon|93\/100\n|-activate|p2a: Groudon|move: Infestation|[of] p1a: Shuckle\n|\n|-weather|DesolateLand|[upkeep]\n|-damage|p2a: Groudon|81\/100|[from] move: Infestation|[partiallytrapped]\n|upkeep\n|turn|4\n|\n|t:|1700594030\n|move|p2a: Groudon|Rock Polish|p2a: Groudon\n|-boost|p2a: Groudon|spe|2\n|move|p1a: Shuckle|Shell Smash|p1a: Shuckle\n|-boost|p1a: Shuckle|def|1\n|-boost|p1a: Shuckle|spd|1\n|-unboost|p1a: Shuckle|atk|2\n|-unboost|p1a: Shuckle|spa|2\n|-unboost|p1a: Shuckle|spe|2\n|\n|-weather|DesolateLand|[upkeep]\n|-damage|p2a: Groudon|69\/100|[from] move: Infestation|[partiallytrapped]\n|upkeep\n|turn|5\n|\n|t:|1700594035\n|move|p2a: Groudon|Heat Crash|p1a: Shuckle\n|-damage|p1a: Shuckle|44\/100\n|move|p1a: Shuckle|Shell Smash|p1a: Shuckle\n|-boost|p1a: Shuckle|def|1\n|-boost|p1a: Shuckle|spd|1\n|-unboost|p1a: Shuckle|atk|2\n|-unboost|p1a: Shuckle|spa|2\n|-unboost|p1a: Shuckle|spe|2\n|\n|-weather|DesolateLand|[upkeep]\n|-damage|p2a: Groudon|57\/100|[from] move: Infestation|[partiallytrapped]\n|upkeep\n|turn|6\n|\n|t:|1700594040\n|move|p2a: Groudon|Heat Crash|p1a: Shuckle\n|-damage|p1a: Shuckle|0 fnt\n|faint|p1a: Shuckle\n|\n|-weather|DesolateLand|[upkeep]\n|-end|p2a: Groudon|Infestation|[partiallytrapped]|[silent]\n|upkeep\n|c|\u2606JustMonika_CARR|??????\n|\n|t:|1700594050\n|switch|p1a: Blaziken|Blaziken, F, shiny|100\/100\n|turn|7\n|\n|t:|1700594054\n|detailschange|p1a: Blaziken|Blaziken-Mega, F, shiny\n|-mega|p1a: Blaziken|Blaziken|Blazikenite\n|move|p1a: Blaziken|Protect|p1a: Blaziken\n|-singleturn|p1a: Blaziken|Protect\n|move|p2a: Groudon|Earthquake|p1a: Blaziken\n|-activate|p1a: Blaziken|move: Protect\n|\n|-weather|DesolateLand|[upkeep]\n|-ability|p1a: Blaziken|Speed Boost|boost\n|-boost|p1a: Blaziken|spe|1\n|upkeep\n|turn|8\n|\n|t:|1700594061\n|move|p2a: Groudon|Earthquake|p1a: Blaziken\n|-supereffective|p1a: Blaziken\n|-damage|p1a: Blaziken|0 fnt\n|faint|p1a: Blaziken\n|\n|-weather|DesolateLand|[upkeep]\n|-sideend|p1: JustMonika_CARR|move: Light Screen\n|upkeep\n|\n|t:|1700594065\n|switch|p1a: Durant|Durant, F, shiny|100\/100\n|turn|9\n|\n|t:|1700594070\n|move|p2a: Groudon|Heat Crash|p1a: Durant\n|-supereffective|p1a: Durant\n|-damage|p1a: Durant|0 fnt\n|faint|p1a: Durant\n|\n|-weather|DesolateLand|[upkeep]\n|upkeep\n|-message|JustMonika_CARR forfeited.\n|\n|win|execfist2\n|raw|JustMonika_CARR's rating: 1291 &rarr; <strong>1265<\/strong><br \/>(-26 for losing)\n|raw|execfist2's rating: 1273 &rarr; <strong>1299<\/strong><br \/>(+26 for winning)\n|l|\u2606JustMonika_CARR\n","uploadtime":1700594111,"views":1,"p1id":"justmonikacarr","p2id":"execfist2","formatid":"gen9nationaldexubers","rating":1265,"private":0,"password":""}