{"id":"gen9nationaldexubers-1978651173","p1":"cegomo8","p2":"Perrotttt","format":"[Gen 9] National Dex Ubers","log":"|j|\u2606cegomo8\n|j|\u2606Perrotttt\n|t:|1698574953\n|gametype|singles\n|player|p1|cegomo8|li|1270\n|player|p2|Perrotttt|lusamine-nihilego|1000\n|teamsize|p1|5\n|teamsize|p2|4\n|gen|9\n|tier|[Gen 9] National Dex Ubers\n|rated|\n|rule|HP Percentage Mod: HP is shown in percentages\n|rule|Endless Battle Clause: Forcing endless battles is banned\n|rule|OHKO Clause: OHKO moves are banned\n|rule|Evasion Moves Clause: Evasion moves are banned\n|rule|Evasion Items Clause: Evasion items are banned\n|rule|Species Clause: Limit one of each Pok\u00e9mon\n|rule|Sleep Clause Mod: Limit one foe put to sleep\n|rule|Mega Rayquaza Clause: You cannot mega evolve Rayquaza\n|clearpoke\n|poke|p1|Moltres-Galar|\n|poke|p1|Kingambit, F|\n|poke|p1|Absol, M|\n|poke|p1|Greninja-*, F|\n|poke|p1|Zoroark, F|\n|poke|p2|Dragapult, F|\n|poke|p2|Sunflora, M|\n|poke|p2|Lunala|\n|poke|p2|Ho-Oh|\n|teampreview\n|inactive|Battle timer is ON: inactive players will automatically lose when time's up. (requested by Perrotttt)\n|c|\u2606Perrotttt|hi\n|c|\u2606Perrotttt|if you defeat me\n|\n|t:|1698574982\n|start\n|switch|p1a: Greninja|Greninja, F|100\/100\n|switch|p2a: Sunflora|Sunflora, M|100\/100\n|turn|1\n|c|\u2606Perrotttt|you can choose a mon so I add it to my team\n|\n|t:|1698574993\n|move|p1a: Greninja|Ice Beam|p2a: Sunflora\n|-start|p1a: Greninja|typechange|Ice|[from] ability: Protean\n|-supereffective|p2a: Sunflora\n|-damage|p2a: Sunflora|0 fnt\n|faint|p2a: Sunflora\n|\n|upkeep\n|\n|t:|1698575000\n|switch|p2a: Ho-Oh|Ho-Oh|100\/100\n|turn|2\n|\n|t:|1698575006\n|move|p1a: Greninja|U-turn|p2a: Ho-Oh\n|-resisted|p2a: Ho-Oh\n|-damage|p2a: Ho-Oh|98\/100\n|\n|t:|1698575012\n|switch|p1a: Buitre|Moltres-Galar|100\/100|[from] U-turn\n|move|p2a: Ho-Oh|Ancient Power|p1a: Buitre\n|-supereffective|p1a: Buitre\n|-damage|p1a: Buitre|62\/100\n|-enditem|p1a: Buitre|Weakness Policy\n|-boost|p1a: Buitre|atk|2|[from] item: Weakness Policy\n|-boost|p1a: Buitre|spa|2|[from] item: Weakness Policy\n|\n|-heal|p2a: Ho-Oh|100\/100|[from] item: Leftovers\n|upkeep\n|turn|3\n|\n|t:|1698575031\n|move|p1a: Buitre|Fiery Wrath|p2a: Ho-Oh\n|-damage|p2a: Ho-Oh|54\/100\n|move|p2a: Ho-Oh|Ancient Power|p1a: Buitre\n|-supereffective|p1a: Buitre\n|-damage|p1a: Buitre|23\/100\n|-ability|p1a: Buitre|Berserk|boost\n|-boost|p1a: Buitre|spa|1\n|\n|-heal|p2a: Ho-Oh|60\/100|[from] item: Leftovers\n|upkeep\n|turn|4\n|\n|t:|1698575042\n|move|p1a: Buitre|Air Slash|p2a: Ho-Oh\n|-damage|p2a: Ho-Oh|13\/100\n|move|p2a: Ho-Oh|Ancient Power|p1a: Buitre\n|-supereffective|p1a: Buitre\n|-damage|p1a: Buitre|0 fnt\n|-boost|p2a: Ho-Oh|atk|1\n|-boost|p2a: Ho-Oh|def|1\n|-boost|p2a: Ho-Oh|spa|1\n|-boost|p2a: Ho-Oh|spd|1\n|-boost|p2a: Ho-Oh|spe|1\n|faint|p1a: Buitre\n|\n|-heal|p2a: Ho-Oh|19\/100|[from] item: Leftovers\n|upkeep\n|\n|t:|1698575058\n|switch|p1a: Greninja|Greninja, F|100\/100\n|turn|5\n|inactive|Perrotttt has 120 seconds left.\n|\n|t:|1698575094\n|move|p1a: Greninja|Dark Pulse|p2a: Ho-Oh\n|-damage|p2a: Ho-Oh|5\/100\n|move|p2a: Ho-Oh|Air Slash|p1a: Greninja\n|-damage|p1a: Greninja|0 fnt\n|replace|p1a: Zoroark|Zoroark, F\n|-end|p1a: Zoroark|Illusion\n|faint|p1a: Zoroark\n|\n|-heal|p2a: Ho-Oh|11\/100|[from] item: Leftovers\n|upkeep\n|inactive|cegomo8 has 120 seconds left.\n|c|\u2606Perrotttt|espera\n|c|\u2606Perrotttt|eresespa\u00f1ol?\n|\n|t:|1698575123\n|switch|p1a: Kingambit|Kingambit, F|100\/100\n|-activate|p1a: Kingambit|ability: Supreme Overlord\n|-start|p1a: Kingambit|fallen2|[silent]\n|turn|6\n|\n|t:|1698575128\n|move|p1a: Kingambit|Sucker Punch|p2a: Ho-Oh\n|-damage|p2a: Ho-Oh|0 fnt\n|faint|p2a: Ho-Oh\n|\n|upkeep\n|\n|t:|1698575137\n|switch|p2a: Dragapult|Dragapult, F|100\/100\n|turn|7\n|\n|t:|1698575141\n|-end|p1a: Kingambit|fallen2|[silent]\n|switch|p1a: Greninja|Greninja, F|100\/100\n|move|p2a: Dragapult|Dragon Dance|p2a: Dragapult\n|-boost|p2a: Dragapult|atk|1\n|-boost|p2a: Dragapult|spe|1\n|\n|upkeep\n|turn|8\n|\n|t:|1698575150\n|move|p2a: Dragapult|Dragon Darts|p1a: Greninja\n|-damage|p1a: Greninja|19\/100\n|-anim|p2a: Dragapult|Dragon Darts|p1a: Greninja\n|-damage|p1a: Greninja|0 fnt\n|faint|p1a: Greninja\n|\n|upkeep\n|\n|t:|1698575153\n|switch|p1a: Absol|Absol, M|100\/100\n|turn|9\n|\n|t:|1698575159\n|detailschange|p1a: Absol|Absol-Mega, M\n|-mega|p1a: Absol|Absol|Absolite\n|move|p1a: Absol|Sucker Punch|p2a: Dragapult\n|-supereffective|p2a: Dragapult\n|-damage|p2a: Dragapult|0 fnt\n|faint|p2a: Dragapult\n|\n|upkeep\n|\n|t:|1698575164\n|switch|p2a: Lunala|Lunala|100\/100\n|turn|10\n|l|\u2606cegomo8\n|inactive|cegomo8 disconnected and has a minute to reconnect!\n|player|p1|\n|j|\u2606cegomo8\n|inactive|cegomo8 reconnected and has 135 seconds left.\n|player|p1|cegomo8|li\n|\n|t:|1698575188\n|move|p1a: Absol|Knock Off|p2a: Lunala\n|-supereffective|p2a: Lunala\n|-damage|p2a: Lunala|28\/100\n|move|p2a: Lunala|Calm Mind|p2a: Lunala\n|-boost|p2a: Lunala|spa|1\n|-boost|p2a: Lunala|spd|1\n|\n|upkeep\n|turn|11\n|\n|t:|1698575196\n|move|p1a: Absol|Sucker Punch|p2a: Lunala\n|-supereffective|p2a: Lunala\n|-damage|p2a: Lunala|0 fnt\n|faint|p2a: Lunala\n|\n|win|cegomo8\n|raw|cegomo8's rating: 1270 &rarr; <strong>1279<\/strong><br \/>(+9 for winning)\n|raw|Perrotttt's rating: 1000 &rarr; <strong>1000<\/strong><br \/>(+0 for losing)\n|c|\u2606Perrotttt|gg\n","uploadtime":1698575204,"views":24,"p1id":"cegomo8","p2id":"perrotttt","formatid":"gen9nationaldexubers","rating":1000,"private":0,"password":""}