{"id":"gen9nationaldexubers-1988167266","p1":"KVH 2000","p2":"Testdummy5678","format":"[Gen 9] National Dex Ubers","log":"|j|\u2606KVH 2000\n|j|\u2606Testdummy5678\n|t:|1699678469\n|gametype|singles\n|player|p1|KVH 2000|2|1458\n|player|p2|Testdummy5678|hilbert|1534\n|teamsize|p1|6\n|teamsize|p2|6\n|gen|9\n|tier|[Gen 9] National Dex Ubers\n|rated|\n|rule|HP Percentage Mod: HP is shown in percentages\n|rule|Endless Battle Clause: Forcing endless battles is banned\n|rule|OHKO Clause: OHKO moves are banned\n|rule|Evasion Moves Clause: Evasion moves are banned\n|rule|Evasion Items Clause: Evasion items are banned\n|rule|Species Clause: Limit one of each Pok\u00e9mon\n|rule|Sleep Clause Mod: Limit one foe put to sleep\n|rule|Mega Rayquaza Clause: You cannot mega evolve Rayquaza\n|clearpoke\n|poke|p1|Groudon|\n|poke|p1|Kyogre|\n|poke|p1|Xerneas-*|\n|poke|p1|Yveltal|\n|poke|p1|Arceus|\n|poke|p1|Ho-Oh|\n|poke|p2|Ho-Oh|\n|poke|p2|Yveltal|\n|poke|p2|Groudon|\n|poke|p2|Zacian-*|\n|poke|p2|Arceus-Dark|\n|poke|p2|Eternatus|\n|teampreview\n|inactive|Battle timer is ON: inactive players will automatically lose when time's up. (requested by KVH 2000)\n|c|\u2606Testdummy5678|Glhf\n|\n|t:|1699678494\n|start\n|switch|p1a: Groudon|Groudon, shiny|100\/100\n|switch|p2a: Groudon|Groudon|100\/100\n|detailschange|p1a: Groudon|Groudon-Primal, shiny\n|-primal|p1a: Groudon|Red Orb\n|-weather|DesolateLand|[from] ability: Desolate Land|[of] p1a: Groudon\n|detailschange|p2a: Groudon|Groudon-Primal\n|-primal|p2a: Groudon|Red Orb\n|turn|1\n|\n|t:|1699678503\n|switch|p2a: Yveltal|Yveltal|100\/100\n|-ability|p2a: Yveltal|Dark Aura\n|move|p1a: Groudon|Rock Polish|p1a: Groudon\n|-boost|p1a: Groudon|spe|2\n|\n|-weather|DesolateLand|[upkeep]\n|upkeep\n|turn|2\n|\n|t:|1699678510\n|move|p1a: Groudon|Stone Edge|p2a: Yveltal\n|-supereffective|p2a: Yveltal\n|-damage|p2a: Yveltal|45\/100\n|move|p2a: Yveltal|Foul Play|p1a: Groudon\n|-damage|p1a: Groudon|48\/100\n|\n|-weather|DesolateLand|[upkeep]\n|upkeep\n|turn|3\n|\n|t:|1699678519\n|switch|p2a: Eternatus|Eternatus|100\/100\n|-ability|p2a: Eternatus|Pressure\n|move|p1a: Groudon|Stone Edge|p2a: Eternatus|[miss]\n|-miss|p1a: Groudon|p2a: Eternatus\n|\n|-weather|DesolateLand|[upkeep]\n|upkeep\n|turn|4\n|\n|t:|1699678532\n|switch|p2a: Ho-Oh|Ho-Oh|100\/100\n|move|p1a: Groudon|Precipice Blades|p2a: Ho-Oh\n|-immune|p2a: Ho-Oh\n|\n|-weather|DesolateLand|[upkeep]\n|upkeep\n|turn|5\n|\n|t:|1699678538\n|switch|p2a: Groudon|Groudon-Primal|100\/100\n|move|p1a: Groudon|Stone Edge|p2a: Groudon|[miss]\n|-miss|p1a: Groudon|p2a: Groudon\n|\n|-weather|DesolateLand|[upkeep]\n|upkeep\n|turn|6\n|\n|t:|1699678543\n|move|p1a: Groudon|Stone Edge|p2a: Groudon\n|-damage|p2a: Groudon|74\/100\n|move|p2a: Groudon|Earthquake|p1a: Groudon\n|-supereffective|p1a: Groudon\n|-damage|p1a: Groudon|0 fnt\n|faint|p1a: Groudon\n|\n|-weather|DesolateLand|[upkeep]\n|upkeep\n|\n|t:|1699678555\n|switch|p1a: Yveltal|Yveltal|100\/100\n|-ability|p1a: Yveltal|Dark Aura\n|turn|7\n|\n|t:|1699678559\n|-terastallize|p1a: Yveltal|Dark\n|move|p1a: Yveltal|Sucker Punch||[still]\n|-fail|p1a: Yveltal\n|move|p2a: Groudon|Stealth Rock|p1a: Yveltal\n|-sidestart|p1: KVH 2000|move: Stealth Rock\n|\n|-weather|DesolateLand|[upkeep]\n|upkeep\n|turn|8\n|\n|t:|1699678565\n|move|p1a: Yveltal|Sucker Punch|p2a: Groudon\n|-damage|p2a: Groudon|19\/100\n|move|p2a: Groudon|Overheat|p1a: Yveltal|[miss]\n|-miss|p2a: Groudon|p1a: Yveltal\n|\n|-weather|DesolateLand|[upkeep]\n|upkeep\n|turn|9\n|\n|t:|1699678571\n|-weather|none\n|switch|p2a: Yveltal|Yveltal|45\/100\n|-ability|p2a: Yveltal|Dark Aura\n|move|p1a: Yveltal|Sucker Punch||[still]\n|-fail|p1a: Yveltal\n|\n|upkeep\n|turn|10\n|\n|t:|1699678577\n|switch|p1a: Ho-Oh|Ho-Oh|100\/100\n|move|p2a: Yveltal|Roost|p2a: Yveltal\n|-heal|p2a: Yveltal|95\/100\n|-singleturn|p2a: Yveltal|move: Roost\n|\n|upkeep\n|turn|11\n|\n|t:|1699678584\n|switch|p2a: Groudon|Groudon-Primal|19\/100\n|-weather|DesolateLand|[from] ability: Desolate Land|[of] p2a: Groudon\n|move|p1a: Ho-Oh|Defog|p2a: Groudon\n|-unboost|p2a: Groudon|evasion|1\n|-sideend|p1: KVH 2000|Stealth Rock|[from] move: Defog|[of] p1a: Ho-Oh\n|\n|-weather|DesolateLand|[upkeep]\n|upkeep\n|turn|12\n|\n|t:|1699678592\n|move|p1a: Ho-Oh|Sacred Fire|p2a: Groudon\n|-resisted|p2a: Groudon\n|-damage|p2a: Groudon|3\/100\n|move|p2a: Groudon|Stealth Rock|p1a: Ho-Oh\n|-sidestart|p1: KVH 2000|move: Stealth Rock\n|\n|-weather|DesolateLand|[upkeep]\n|upkeep\n|turn|13\n|\n|t:|1699678598\n|move|p1a: Ho-Oh|Sacred Fire|p2a: Groudon\n|-resisted|p2a: Groudon\n|-damage|p2a: Groudon|0 fnt\n|faint|p2a: Groudon\n|-weather|none\n|\n|upkeep\n|\n|t:|1699678606\n|switch|p2a: Eternatus|Eternatus|100\/100\n|-ability|p2a: Eternatus|Pressure\n|turn|14\n|\n|t:|1699678611\n|move|p2a: Eternatus|Meteor Beam||[still]\n|-prepare|p2a: Eternatus|Meteor Beam\n|-boost|p2a: Eternatus|spa|1\n|-enditem|p2a: Eternatus|Power Herb\n|-anim|p2a: Eternatus|Meteor Beam|p1a: Ho-Oh\n|-supereffective|p1a: Ho-Oh\n|-damage|p1a: Ho-Oh|0 fnt\n|faint|p1a: Ho-Oh\n|\n|upkeep\n|\n|t:|1699678625\n|switch|p1a: Xerneas|Xerneas|100\/100\n|-damage|p1a: Xerneas|88\/100|[from] Stealth Rock\n|-ability|p1a: Xerneas|Fairy Aura\n|turn|15\n|\n|t:|1699678630\n|move|p2a: Eternatus|Sludge Bomb|p1a: Xerneas\n|-supereffective|p1a: Xerneas\n|-damage|p1a: Xerneas|0 fnt\n|faint|p1a: Xerneas\n|\n|upkeep\n|\n|t:|1699678635\n|switch|p1a: Kyogre|Kyogre|100\/100\n|-damage|p1a: Kyogre|88\/100|[from] Stealth Rock\n|-weather|RainDance|[from] ability: Drizzle|[of] p1a: Kyogre\n|turn|16\n|\n|t:|1699678643\n|move|p1a: Kyogre|Water Spout|p2a: Eternatus\n|-resisted|p2a: Eternatus\n|-damage|p2a: Eternatus|56\/100\n|move|p2a: Eternatus|Sludge Bomb|p1a: Kyogre\n|-damage|p1a: Kyogre|36\/100\n|-status|p1a: Kyogre|psn\n|\n|-weather|RainDance|[upkeep]\n|-damage|p1a: Kyogre|24\/100 psn|[from] psn\n|upkeep\n|turn|17\n|\n|t:|1699678653\n|switch|p1a: Arceus|Arceus|100\/100\n|-damage|p1a: Arceus|88\/100|[from] Stealth Rock\n|move|p2a: Eternatus|Recover|p2a: Eternatus\n|-heal|p2a: Eternatus|100\/100\n|\n|-weather|RainDance|[upkeep]\n|upkeep\n|turn|18\n|\n|t:|1699678660\n|move|p2a: Eternatus|Sludge Bomb|p1a: Arceus\n|-damage|p1a: Arceus|40\/100\n|move|p1a: Arceus|Swords Dance|p1a: Arceus\n|-boost|p1a: Arceus|atk|2\n|\n|-weather|RainDance|[upkeep]\n|upkeep\n|turn|19\n|\n|t:|1699678668\n|move|p1a: Arceus|Extreme Speed|p2a: Eternatus\n|-damage|p2a: Eternatus|33\/100\n|move|p2a: Eternatus|Sludge Bomb|p1a: Arceus\n|-damage|p1a: Arceus|0 fnt\n|faint|p1a: Arceus\n|\n|-weather|RainDance|[upkeep]\n|upkeep\n|\n|t:|1699678677\n|switch|p1a: Yveltal|Yveltal, tera:Dark|100\/100\n|-damage|p1a: Yveltal|88\/100|[from] Stealth Rock\n|-ability|p1a: Yveltal|Dark Aura\n|turn|20\n|\n|t:|1699678688\n|move|p2a: Eternatus|Recover|p2a: Eternatus\n|-heal|p2a: Eternatus|83\/100\n|move|p1a: Yveltal|Knock Off|p2a: Eternatus\n|-damage|p2a: Eternatus|2\/100\n|\n|-weather|none\n|upkeep\n|turn|21\n|\n|t:|1699678694\n|move|p2a: Eternatus|Sludge Bomb|p1a: Yveltal\n|-crit|p1a: Yveltal\n|-damage|p1a: Yveltal|0 fnt\n|faint|p1a: Yveltal\n|\n|upkeep\n|-message|KVH 2000 forfeited.\n|\n|win|Testdummy5678\n|raw|KVH 2000's rating: 1458 &rarr; <strong>1442<\/strong><br \/>(-16 for losing)\n|raw|Testdummy5678's rating: 1534 &rarr; <strong>1550<\/strong><br \/>(+16 for winning)\n|l|\u2606KVH 2000\n|l|\u2606Testdummy5678\n","uploadtime":1699678735,"views":5,"p1id":"kvh2000","p2id":"testdummy5678","formatid":"gen9nationaldexubers","rating":1442,"private":0,"password":""}