{"id":"gen9nationaldexubers-1987722075","p1":"NotGlitchXD","p2":"anil kottu god","format":"[Gen 9] National Dex Ubers","log":"|j|\u2606NotGlitchXD\n|j|\u2606anil kottu god\n|t:|1699630931\n|gametype|singles\n|player|p1|NotGlitchXD|richboy-gen4|\n|player|p2|anil kottu god|red|\n|teamsize|p1|6\n|teamsize|p2|6\n|gen|9\n|tier|[Gen 9] National Dex Ubers\n|rule|HP Percentage Mod: HP is shown in percentages\n|rule|Endless Battle Clause: Forcing endless battles is banned\n|rule|OHKO Clause: OHKO moves are banned\n|rule|Evasion Moves Clause: Evasion moves are banned\n|rule|Evasion Items Clause: Evasion items are banned\n|rule|Species Clause: Limit one of each Pok\u00e9mon\n|rule|Sleep Clause Mod: Limit one foe put to sleep\n|rule|Mega Rayquaza Clause: You cannot mega evolve Rayquaza\n|clearpoke\n|poke|p1|Kommo-o, M|\n|poke|p1|Azumarill, F|\n|poke|p1|Decidueye, M|\n|poke|p1|Scizor, M|\n|poke|p1|Toxapex, F|\n|poke|p1|Klefki, F|\n|poke|p2|Garchomp, F|\n|poke|p2|Blaziken, F|\n|poke|p2|Clefable, F|\n|poke|p2|Cloyster, M|\n|poke|p2|Torterra, M|\n|poke|p2|Gliscor, M|\n|teampreview\n|\n|t:|1699630951\n|start\n|switch|p1a: Death|Scizor, M|100\/100\n|switch|p2a: Torterra|Torterra, M|100\/100\n|turn|1\n|\n|t:|1699630964\n|detailschange|p1a: Death|Scizor-Mega, M\n|-mega|p1a: Death|Scizor|Scizorite\n|-terastallize|p2a: Torterra|Grass\n|move|p2a: Torterra|Shell Smash|p2a: Torterra\n|-unboost|p2a: Torterra|def|1\n|-unboost|p2a: Torterra|spd|1\n|-boost|p2a: Torterra|atk|2\n|-boost|p2a: Torterra|spa|2\n|-boost|p2a: Torterra|spe|2\n|move|p1a: Death|Swords Dance|p1a: Death\n|-boost|p1a: Death|atk|2\n|\n|upkeep\n|turn|2\n|\n|t:|1699630979\n|move|p2a: Torterra|Leech Seed|p1a: Death\n|-start|p1a: Death|move: Leech Seed\n|move|p1a: Death|Swords Dance|p1a: Death\n|-boost|p1a: Death|atk|2\n|\n|-damage|p1a: Death|88\/100|[from] Leech Seed|[of] p2a: Torterra\n|upkeep\n|turn|3\n|\n|t:|1699630991\n|move|p1a: Death|Bullet Punch|p2a: Torterra\n|-damage|p2a: Torterra|0 fnt\n|faint|p2a: Torterra\n|\n|upkeep\n|\n|t:|1699630996\n|switch|p2a: Blaziken|Blaziken, F|100\/100\n|turn|4\n|\n|t:|1699631002\n|move|p2a: Blaziken|Protect|p2a: Blaziken\n|-singleturn|p2a: Blaziken|Protect\n|move|p1a: Death|Bullet Punch|p2a: Blaziken\n|-activate|p2a: Blaziken|move: Protect\n|\n|-damage|p1a: Death|76\/100|[from] Leech Seed|[of] p2a: Blaziken\n|-ability|p2a: Blaziken|Speed Boost|boost\n|-boost|p2a: Blaziken|spe|1\n|upkeep\n|turn|5\n|\n|t:|1699631015\n|move|p1a: Death|Bullet Punch|p2a: Blaziken\n|-resisted|p2a: Blaziken\n|-damage|p2a: Blaziken|33\/100\n|move|p2a: Blaziken|Flare Blitz|p1a: Death\n|-supereffective|p1a: Death\n|-damage|p1a: Death|0 fnt\n|faint|p1a: Death\n|-damage|p2a: Blaziken|5\/100|[from] Recoil\n|-enditem|p2a: Blaziken|Figy Berry|[eat]\n|-heal|p2a: Blaziken|38\/100|[from] item: Figy Berry\n|\n|-ability|p2a: Blaziken|Speed Boost|boost\n|-boost|p2a: Blaziken|spe|1\n|upkeep\n|\n|t:|1699631031\n|switch|p1a: Bubbles|Azumarill, F|100\/100\n|turn|6\n|c|\u2606NotGlitchXD|This one is the deal\n|c|\u2606anil kottu god|ok\n|c|\u2606NotGlitchXD|Whoever wins gets 10\n|\n|t:|1699631061\n|switch|p2a: Gliscor|Gliscor, M|100\/100\n|move|p1a: Bubbles|Aqua Jet|p2a: Gliscor\n|-supereffective|p2a: Gliscor\n|-damage|p2a: Gliscor|56\/100\n|\n|-status|p2a: Gliscor|tox|[from] item: Toxic Orb\n|upkeep\n|turn|7\n|\n|t:|1699631076\n|move|p2a: Gliscor|Fling|p1a: Bubbles\n|-resisted|p1a: Bubbles\n|-damage|p1a: Bubbles|96\/100\n|-status|p1a: Bubbles|tox\n|-enditem|p2a: Gliscor|Toxic Orb|[from] move: Fling\n|move|p1a: Bubbles|Belly Drum|p1a: Bubbles\n|-damage|p1a: Bubbles|46\/100 tox\n|-setboost|p1a: Bubbles|atk|6|[from] move: Belly Drum\n|\n|-heal|p2a: Gliscor|68\/100 tox|[from] ability: Poison Heal\n|-damage|p1a: Bubbles|40\/100 tox|[from] psn\n|upkeep\n|turn|8\n|\n|t:|1699631092\n|move|p1a: Bubbles|Aqua Jet|p2a: Gliscor\n|-supereffective|p2a: Gliscor\n|-damage|p2a: Gliscor|0 fnt\n|faint|p2a: Gliscor\n|-heal|p1a: Bubbles|48\/100 tox|[from] item: Shell Bell|[of] p2: Gliscor\n|\n|-damage|p1a: Bubbles|36\/100 tox|[from] psn\n|upkeep\n|\n|t:|1699631097\n|switch|p2a: Clefable|Clefable, F, shiny|100\/100\n|turn|9\n|\n|t:|1699631111\n|move|p1a: Bubbles|Play Rough|p2a: Clefable\n|-damage|p2a: Clefable|58\/100\n|-unboost|p2a: Clefable|atk|1\n|-heal|p1a: Bubbles|42\/100 tox|[from] item: Shell Bell|[of] p2a: Clefable\n|-zpower|p2a: Clefable\n|move|p2a: Clefable|Twinkle Tackle|p1a: Bubbles|[zeffect]\n|-damage|p1a: Bubbles|0 fnt\n|faint|p1a: Bubbles\n|\n|upkeep\n|\n|t:|1699631126\n|switch|p1a: XD|Toxapex, F, shiny|100\/100\n|turn|10\n|\n|t:|1699631133\n|move|p2a: Clefable|Calm Mind|p2a: Clefable\n|-boost|p2a: Clefable|spa|1\n|-boost|p2a: Clefable|spd|1\n|move|p1a: XD|Toxic|p2a: Clefable\n|-status|p2a: Clefable|tox\n|\n|-damage|p2a: Clefable|52\/100 tox|[from] psn\n|upkeep\n|turn|11\n|\n|t:|1699631145\n|move|p2a: Clefable|Calm Mind|p2a: Clefable\n|-boost|p2a: Clefable|spa|1\n|-boost|p2a: Clefable|spd|1\n|move|p1a: XD|Substitute|p1a: XD\n|-start|p1a: XD|Substitute\n|-damage|p1a: XD|76\/100\n|\n|-heal|p1a: XD|82\/100|[from] item: Black Sludge\n|-damage|p2a: Clefable|40\/100 tox|[from] psn\n|upkeep\n|turn|12\n|\n|t:|1699631158\n|move|p1a: XD|Baneful Bunker|p1a: XD\n|-singleturn|p1a: XD|move: Protect\n|move|p2a: Clefable|Aromatherapy|p2a: Clefable\n|-activate|p2a: Clefable|move: Aromatherapy\n|-curestatus|p2a: Clefable|tox|[msg]\n|\n|-heal|p1a: XD|88\/100|[from] item: Black Sludge\n|upkeep\n|turn|13\n|\n|t:|1699631170\n|move|p2a: Clefable|Moonblast|p1a: XD\n|-resisted|p1a: XD\n|-activate|p1a: XD|move: Substitute|[damage]\n|move|p1a: XD|Toxic|p2a: Clefable\n|-status|p2a: Clefable|tox\n|\n|-heal|p1a: XD|94\/100|[from] item: Black Sludge\n|-damage|p2a: Clefable|34\/100 tox|[from] psn\n|upkeep\n|turn|14\n|c|\u2606anil kottu god|no random da\n|\n|t:|1699631183\n|move|p2a: Clefable|Moonblast|p1a: XD\n|-resisted|p1a: XD\n|-end|p1a: XD|Substitute\n|move|p1a: XD|Toxic|p2a: Clefable\n|-fail|p2a: Clefable|tox\n|\n|-heal|p1a: XD|99\/100|[from] item: Black Sludge\n|-damage|p2a: Clefable|22\/100 tox|[from] psn\n|upkeep\n|turn|15\n|c|\u2606anil kottu god|lets play this one mmore\n|c|\u2606NotGlitchXD|Nonono\n|c|\u2606anil kottu god|why\n|c|\u2606NotGlitchXD|This is he deal\n|c|\u2606NotGlitchXD|U said\n|c|\u2606anil kottu god|ok i agree\n|c|\u2606anil kottu god|But dont send replay\n|c|\u2606anil kottu god|if u send one more ok\n|c|\u2606NotGlitchXD|I nt have charge\n|c|\u2606anil kottu god|fine u send\n|\n|t:|1699631232\n|move|p2a: Clefable|Moonblast|p1a: XD\n|-resisted|p1a: XD\n|-damage|p1a: XD|73\/100\n|-unboost|p1a: XD|spa|1\n|move|p1a: XD|Substitute|p1a: XD\n|-start|p1a: XD|Substitute\n|-damage|p1a: XD|48\/100\n|\n|-heal|p1a: XD|54\/100|[from] item: Black Sludge\n|-damage|p2a: Clefable|4\/100 tox|[from] psn\n|upkeep\n|turn|16\n|\n|t:|1699631246\n|move|p2a: Clefable|Aromatherapy|p2a: Clefable\n|-activate|p2a: Clefable|move: Aromatherapy\n|-curestatus|p2a: Clefable|tox|[msg]\n|move|p1a: XD|Recover|p1a: XD\n|-heal|p1a: XD|100\/100\n|\n|upkeep\n|turn|17\n|\n|t:|1699631256\n|move|p2a: Clefable|Calm Mind|p2a: Clefable\n|-boost|p2a: Clefable|spa|1\n|-boost|p2a: Clefable|spd|1\n|move|p1a: XD|Toxic|p2a: Clefable\n|-status|p2a: Clefable|tox\n|\n|-damage|p2a: Clefable|0 fnt|[from] psn\n|faint|p2a: Clefable\n|upkeep\n|\n|t:|1699631260\n|switch|p2a: Garchomp|Garchomp, F|100\/100\n|turn|18\n|\n|t:|1699631271\n|move|p1a: XD|Toxic|p2a: Garchomp\n|-status|p2a: Garchomp|tox\n|move|p2a: Garchomp|Dragon Tail|p1a: XD\n|-activate|p1a: XD|move: Substitute|[damage]\n|\n|-damage|p2a: Garchomp|94\/100 tox|[from] psn\n|upkeep\n|turn|19\n|\n|t:|1699631283\n|move|p1a: XD|Substitute|p1a: XD\n|-fail|p1a: XD|move: Substitute\n|move|p2a: Garchomp|Dragon Tail|p1a: XD\n|-end|p1a: XD|Substitute\n|\n|-damage|p2a: Garchomp|82\/100 tox|[from] psn\n|upkeep\n|turn|20\n|c|\u2606anil kottu god|one more school team\n|c|\u2606NotGlitchXD|No\n|c|\u2606anil kottu god|then?\n|\n|t:|1699631311\n|move|p1a: XD|Substitute|p1a: XD\n|-start|p1a: XD|Substitute\n|-damage|p1a: XD|76\/100\n|move|p2a: Garchomp|Dragon Tail|p1a: XD\n|-activate|p1a: XD|move: Substitute|[damage]\n|\n|-heal|p1a: XD|82\/100|[from] item: Black Sludge\n|-damage|p2a: Garchomp|64\/100 tox|[from] psn\n|upkeep\n|turn|21\n|c|\u2606NotGlitchXD|I don't have charge\n|\n|t:|1699631328\n|move|p1a: XD|Baneful Bunker|p1a: XD\n|-singleturn|p1a: XD|move: Protect\n|move|p2a: Garchomp|Swords Dance|p2a: Garchomp\n|-boost|p2a: Garchomp|atk|2\n|\n|-heal|p1a: XD|88\/100|[from] item: Black Sludge\n|-damage|p2a: Garchomp|39\/100 tox|[from] psn\n|upkeep\n|turn|22\n|c|\u2606anil kottu god|delete the recordings\n|c|\u2606NotGlitchXD|No\n|c|\u2606anil kottu god|if u dont its fine\n|c|\u2606NotGlitchXD|Then why Ure telling\n|\n|t:|1699631365\n|move|p2a: Garchomp|Earth Power|p1a: XD\n|-supereffective|p1a: XD\n|-end|p1a: XD|Substitute\n|move|p1a: XD|Substitute|p1a: XD\n|-start|p1a: XD|Substitute\n|-damage|p1a: XD|63\/100\n|\n|-heal|p1a: XD|69\/100|[from] item: Black Sludge\n|-damage|p2a: Garchomp|8\/100 tox|[from] psn\n|upkeep\n|turn|23\n|c|\u2606anil kottu god|Ntg da ur great no rhr why\n|-message|anil kottu god forfeited.\n|\n|win|NotGlitchXD\n|l|\u2606anil kottu god\n","uploadtime":1699631390,"views":8,"p1id":"notglitchxd","p2id":"anilkottugod","formatid":"gen9nationaldexubers","rating":0,"private":0,"password":""}