{"id":"gen9nationaldexubers-1991721104","p1":"Waikiki Woopers","p2":"Boston Blisseys","format":"[Gen 9] National Dex Ubers","log":"|j|\u2606Waikiki Woopers\n|j|\u2606Boston Blisseys\n|t:|1700106838\n|gametype|singles\n|player|p1|Waikiki Woopers|swimmer|\n|player|p2|Boston Blisseys|hiker-gen4|\n|teamsize|p1|6\n|teamsize|p2|6\n|gen|9\n|tier|[Gen 9] National Dex Ubers\n|rule|HP Percentage Mod: HP is shown in percentages\n|rule|Endless Battle Clause: Forcing endless battles is banned\n|rule|OHKO Clause: OHKO moves are banned\n|rule|Evasion Moves Clause: Evasion moves are banned\n|rule|Evasion Items Clause: Evasion items are banned\n|rule|Species Clause: Limit one of each Pok\u00e9mon\n|rule|Sleep Clause Mod: Limit one foe put to sleep\n|rule|Mega Rayquaza Clause: You cannot mega evolve Rayquaza\n|clearpoke\n|poke|p1|Iron Bundle|\n|poke|p1|Iron Valiant|\n|poke|p1|Tapu Koko|\n|poke|p1|Gyarados, F|\n|poke|p1|Iron Treads|\n|poke|p1|Arcanine, F|\n|poke|p2|Magearna|\n|poke|p2|Arcanine-Hisui, F|\n|poke|p2|Rillaboom, M|\n|poke|p2|Umbreon, M|\n|poke|p2|Dragapult, F|\n|poke|p2|Quaquaval, F|\n|teampreview\n|j| PokeHaint\n|c|\u2606Waikiki Woopers|g3 baby!! glhf\n|c|\u2606Waikiki Woopers|preferably not too much luck\n|j| medi34\n|c| medi34|g3!!!!\n|c| medi34|either no luck for anyone or a lot of luck for both\n|j| cincinnaticynda\n|c|\u2606Waikiki Woopers|every turn is a crit\n|\n|t:|1700106924\n|start\n|switch|p1a: Galladiator|Iron Valiant, shiny|100\/100\n|switch|p2a: Tyrrany|Rillaboom, M|100\/100\n|-fieldstart|move: Grassy Terrain|[from] ability: Grassy Surge|[of] p2a: Tyrrany\n|turn|1\n|\n|t:|1700106931\n|move|p2a: Tyrrany|Grassy Glide|p1a: Galladiator\n|-damage|p1a: Galladiator|54\/100\n|move|p1a: Galladiator|Trick|p2a: Tyrrany\n|-activate|p1a: Galladiator|move: Trick|[of] p2a: Tyrrany\n|-item|p2a: Tyrrany|Choice Scarf|[from] move: Trick\n|-item|p1a: Galladiator|Clear Amulet|[from] move: Trick\n|\n|-heal|p1a: Galladiator|60\/100|[from] Grassy Terrain\n|upkeep\n|turn|2\n|\n|t:|1700106943\n|-end|p1a: Galladiator|Quark Drive|[silent]\n|switch|p1a: Granny Tzu|Arcanine, F, shiny|100\/100\n|-ability|p1a: Granny Tzu|Intimidate|boost\n|-unboost|p2a: Tyrrany|atk|1\n|move|p2a: Tyrrany|Grassy Glide|p1a: Granny Tzu\n|-resisted|p1a: Granny Tzu\n|-damage|p1a: Granny Tzu|92\/100\n|-damage|p2a: Tyrrany|84\/100|[from] item: Rocky Helmet|[of] p1a: Granny Tzu\n|\n|-heal|p2a: Tyrrany|90\/100|[from] Grassy Terrain\n|-heal|p1a: Granny Tzu|98\/100|[from] Grassy Terrain\n|upkeep\n|turn|3\n|\n|t:|1700106957\n|switch|p2a: Wakiki|Arcanine-Hisui, F|100\/100\n|switch|p1a: The Santa Clause 2|Gyarados, F, shiny|100\/100\n|-ability|p1a: The Santa Clause 2|Intimidate|boost\n|-unboost|p2a: Wakiki|atk|1\n|\n|upkeep\n|turn|4\n|j| RNG_G0D\n|\n|t:|1700106966\n|switch|p1a: Free Hugs|Iron Treads|100\/100\n|move|p2a: Wakiki|Wild Charge|p1a: Free Hugs\n|-immune|p1a: Free Hugs\n|\n|upkeep\n|turn|5\n|\n|t:|1700106991\n|switch|p2a: 2|Umbreon, M|100\/100\n|move|p1a: Free Hugs|Earthquake|p2a: 2\n|-damage|p2a: 2|84\/100\n|\n|-heal|p2a: 2|90\/100|[from] Grassy Terrain\n|-fieldend|move: Grassy Terrain\n|upkeep\n|turn|6\n|\n|t:|1700107019\n|-end|p1a: Free Hugs|Quark Drive|[silent]\n|switch|p1a: Granny Tzu|Arcanine, F, shiny|98\/100\n|-ability|p1a: Granny Tzu|Intimidate|boost\n|-unboost|p2a: 2|atk|1\n|move|p2a: 2|Curse|p2a: 2\n|-unboost|p2a: 2|spe|1\n|-boost|p2a: 2|atk|1\n|-boost|p2a: 2|def|1\n|\n|upkeep\n|turn|7\n|\n|t:|1700107031\n|move|p1a: Granny Tzu|Will-O-Wisp|p2a: 2\n|-status|p2a: 2|brn\n|-activate|p2a: 2|ability: Synchronize\n|-immune|p1a: Granny Tzu\n|move|p2a: 2|Wish|p2a: 2\n|\n|-damage|p2a: 2|84\/100 brn|[from] brn\n|upkeep\n|turn|8\n|\n|t:|1700107040\n|move|p2a: 2|Curse|p2a: 2\n|-unboost|p2a: 2|spe|1\n|-boost|p2a: 2|atk|1\n|-boost|p2a: 2|def|1\n|move|p1a: Granny Tzu|Roar|p2a: 2\n|drag|p2a: Wakiki|Arcanine-Hisui, F|100\/100\n|\n|upkeep\n|turn|9\n|c|\u2606Waikiki Woopers|NO\n|c|\u2606Waikiki Woopers|ANYTHING BUT THIS\n|\n|t:|1700107116\n|move|p2a: Wakiki|Head Smash|p1a: Granny Tzu\n|-supereffective|p1a: Granny Tzu\n|-damage|p1a: Granny Tzu|0 fnt\n|-damage|p2a: Wakiki|84\/100|[from] item: Rocky Helmet|[of] p1a: Granny Tzu\n|faint|p1a: Granny Tzu\n|\n|upkeep\n|l| cincinnaticynda\n|c| RNG_G0D|Granny Tzu is with me now\n|\n|t:|1700107190\n|switch|p1a: Galladiator|Iron Valiant, shiny|60\/100\n|turn|10\n|c| medi34|RNG G0D your kingdom come\n|\n|t:|1700107215\n|move|p2a: Wakiki|Head Smash|p1a: Galladiator|[miss]\n|-miss|p2a: Wakiki|p1a: Galladiator\n|move|p1a: Galladiator|Aura Sphere|p2a: Wakiki\n|-supereffective|p2a: Wakiki\n|-damage|p2a: Wakiki|0 fnt\n|faint|p2a: Wakiki\n|\n|upkeep\n|c| medi34|oh man\n|c|\u2606Waikiki Woopers|THAT'S FOR WILL O WISP\n|c|\u2606Waikiki Woopers|THANKS RNG GOD\n|\n|t:|1700107270\n|switch|p2a: Say Hello|Dragapult, F|100\/100\n|turn|11\n|\n|t:|1700107299\n|-end|p1a: Galladiator|Quark Drive|[silent]\n|switch|p1a: Free Hugs|Iron Treads|100\/100\n|move|p2a: Say Hello|U-turn|p1a: Free Hugs\n|-resisted|p1a: Free Hugs\n|-damage|p1a: Free Hugs|94\/100\n|\n|t:|1700107326\n|switch|p2a: Tyrrany|Rillaboom, M|90\/100|[from] U-turn\n|-fieldstart|move: Grassy Terrain|[from] ability: Grassy Surge|[of] p2a: Tyrrany\n|\n|-heal|p2a: Tyrrany|96\/100|[from] Grassy Terrain\n|-heal|p1a: Free Hugs|100\/100|[from] Grassy Terrain\n|upkeep\n|turn|12\n|\n|t:|1700107365\n|-end|p1a: Free Hugs|Quark Drive|[silent]\n|switch|p1a: The Santa Clause 2|Gyarados, F, shiny|100\/100\n|-ability|p1a: The Santa Clause 2|Intimidate|boost\n|-unboost|p2a: Tyrrany|atk|1\n|move|p2a: Tyrrany|U-turn|p1a: The Santa Clause 2\n|-resisted|p1a: The Santa Clause 2\n|-damage|p1a: The Santa Clause 2|93\/100\n|c| medi34|the plays\n|c| medi34|this is intense\n|c|\u2606Waikiki Woopers|fr though\n|\n|t:|1700107417\n|switch|p2a: 2|Umbreon, M|84\/100 brn|[from] U-turn\n|\n|-heal|p1a: The Santa Clause 2|99\/100|[from] item: Leftovers\n|-heal|p2a: 2|90\/100 brn|[from] Grassy Terrain\n|-damage|p2a: 2|84\/100 brn|[from] brn\n|upkeep\n|turn|13\n|\n|t:|1700107433\n|move|p1a: The Santa Clause 2|Waterfall|p2a: 2\n|-damage|p2a: 2|58\/100 brn\n|move|p2a: 2|Wish|p2a: 2\n|\n|-heal|p1a: The Santa Clause 2|100\/100|[from] item: Leftovers\n|-heal|p2a: 2|64\/100 brn|[from] Grassy Terrain\n|-damage|p2a: 2|58\/100 brn|[from] brn\n|upkeep\n|turn|14\n|\n|t:|1700107444\n|switch|p1a: Galladiator|Iron Valiant, shiny|60\/100\n|move|p2a: 2|Curse|p2a: 2\n|-unboost|p2a: 2|spe|1\n|-boost|p2a: 2|atk|1\n|-boost|p2a: 2|def|1\n|\n|-heal|p2a: 2|100\/100 brn|[from] move: Wish|[wisher] 2\n|-heal|p1a: Galladiator|66\/100|[from] Grassy Terrain\n|-damage|p2a: 2|94\/100 brn|[from] brn\n|upkeep\n|turn|15\n|\n|t:|1700107472\n|move|p1a: Galladiator|Moonblast|p2a: 2\n|-supereffective|p2a: 2\n|-damage|p2a: 2|33\/100 brn\n|move|p2a: 2|Wish|p2a: 2\n|\n|-heal|p1a: Galladiator|73\/100|[from] Grassy Terrain\n|-heal|p2a: 2|39\/100 brn|[from] Grassy Terrain\n|-damage|p2a: 2|33\/100 brn|[from] brn\n|-fieldend|move: Grassy Terrain\n|upkeep\n|turn|16\n|j| cincinnaticynda\n|\n|t:|1700107487\n|move|p2a: 2|Detect|p2a: 2\n|-singleturn|p2a: 2|Protect\n|move|p1a: Galladiator|Moonblast|p2a: 2\n|-activate|p2a: 2|move: Protect\n|\n|-heal|p2a: 2|83\/100 brn|[from] move: Wish|[wisher] 2\n|-damage|p2a: 2|77\/100 brn|[from] brn\n|upkeep\n|turn|17\n|\n|t:|1700107516\n|move|p1a: Galladiator|Knock Off|p2a: 2\n|-resisted|p2a: 2\n|-damage|p2a: 2|71\/100 brn\n|-enditem|p2a: 2|Mental Herb|[from] move: Knock Off|[of] p1a: Galladiator\n|move|p2a: 2|Payback|p1a: Galladiator\n|-resisted|p1a: Galladiator\n|-damage|p1a: Galladiator|67\/100\n|\n|-damage|p2a: 2|64\/100 brn|[from] brn\n|upkeep\n|turn|18\n|\n|t:|1700107528\n|move|p1a: Galladiator|Moonblast|p2a: 2\n|-supereffective|p2a: 2\n|-damage|p2a: 2|11\/100 brn\n|move|p2a: 2|Payback|p1a: Galladiator\n|-resisted|p1a: Galladiator\n|-damage|p1a: Galladiator|62\/100\n|\n|-damage|p2a: 2|5\/100 brn|[from] brn\n|upkeep\n|turn|19\n|\n|t:|1700107535\n|-end|p1a: Galladiator|Quark Drive|[silent]\n|switch|p1a: Tim|Tapu Koko, shiny|100\/100\n|-fieldstart|move: Electric Terrain|[from] ability: Electric Surge|[of] p1a: Tim\n|move|p2a: 2|Payback|p1a: Tim\n|-resisted|p1a: Tim\n|-damage|p1a: Tim|96\/100\n|\n|-damage|p2a: 2|0 fnt|[from] brn\n|faint|p2a: 2\n|upkeep\n|l| PokeHaint\n|\n|t:|1700107560\n|switch|p2a: Death|Quaquaval, F|100\/100\n|turn|20\n|\n|t:|1700107571\n|move|p1a: Tim|Volt Switch|p2a: Death\n|-supereffective|p2a: Death\n|-damage|p2a: Death|67\/100\n|\n|t:|1700107577\n|switch|p1a: The Santa Clause 2|Gyarados, F, shiny|100\/100|[from] Volt Switch\n|-ability|p1a: The Santa Clause 2|Intimidate|boost\n|-unboost|p2a: Death|atk|1\n|move|p2a: Death|Aqua Step|p1a: The Santa Clause 2\n|-resisted|p1a: The Santa Clause 2\n|-damage|p1a: The Santa Clause 2|90\/100\n|-boost|p2a: Death|spe|1\n|\n|-heal|p1a: The Santa Clause 2|96\/100|[from] item: Leftovers\n|upkeep\n|turn|21\n|j| PokeHaint\n|\n|t:|1700107584\n|move|p2a: Death|Ice Spinner|p1a: The Santa Clause 2\n|-damage|p1a: The Santa Clause 2|80\/100\n|-fieldend|move: Electric Terrain\n|move|p1a: The Santa Clause 2|Toxic|p2a: Death\n|-status|p2a: Death|tox\n|\n|-heal|p1a: The Santa Clause 2|86\/100|[from] item: Leftovers\n|-damage|p2a: Death|61\/100 tox|[from] psn\n|upkeep\n|turn|22\n|\n|t:|1700107602\n|move|p2a: Death|Knock Off|p1a: The Santa Clause 2\n|-damage|p1a: The Santa Clause 2|69\/100\n|-enditem|p1a: The Santa Clause 2|Leftovers|[from] move: Knock Off|[of] p2a: Death\n|move|p1a: The Santa Clause 2|Earthquake|p2a: Death\n|-damage|p2a: Death|31\/100 tox\n|\n|-damage|p2a: Death|19\/100 tox|[from] psn\n|upkeep\n|turn|23\n|j| El!te 00f\n|l| RNG_G0D\n|\n|t:|1700107664\n|switch|p1a: The Santa Clause 1|Iron Bundle|100\/100\n|move|p2a: Death|Close Combat|p1a: The Santa Clause 1\n|-supereffective|p1a: The Santa Clause 1\n|-damage|p1a: The Santa Clause 1|22\/100\n|-unboost|p2a: Death|def|1\n|-unboost|p2a: Death|spd|1\n|\n|-damage|p2a: Death|0 fnt|[from] psn\n|faint|p2a: Death\n|upkeep\n|c|\u2606Waikiki Woopers|that was a wild read\n|\n|t:|1700107689\n|switch|p2a: Tyrrany|Rillaboom, M|96\/100\n|-fieldstart|move: Grassy Terrain|[from] ability: Grassy Surge|[of] p2a: Tyrrany\n|turn|24\n|\n|t:|1700107713\n|-end|p1a: The Santa Clause 1|Quark Drive|[silent]\n|switch|p1a: Tim|Tapu Koko, shiny|96\/100\n|-fieldstart|move: Electric Terrain|[from] ability: Electric Surge|[of] p1a: Tim\n|move|p2a: Tyrrany|Grassy Glide|p1a: Tim\n|-damage|p1a: Tim|61\/100\n|\n|upkeep\n|turn|25\n|\n|t:|1700107725\n|move|p2a: Tyrrany|Grassy Glide|p1a: Tim\n|-damage|p1a: Tim|28\/100\n|move|p1a: Tim|Roost|p1a: Tim\n|-heal|p1a: Tim|78\/100\n|-singleturn|p1a: Tim|move: Roost\n|\n|upkeep\n|turn|26\n|\n|t:|1700107745\n|move|p2a: Tyrrany|Grassy Glide|p1a: Tim\n|-damage|p1a: Tim|45\/100\n|move|p1a: Tim|Dazzling Gleam|p2a: Tyrrany\n|-crit|p2a: Tyrrany\n|-damage|p2a: Tyrrany|48\/100\n|\n|upkeep\n|turn|27\n|\n|t:|1700107757\n|switch|p2a: Little Friend|Magearna|100\/100\n|move|p1a: Tim|Roost|p1a: Tim\n|-heal|p1a: Tim|95\/100\n|-singleturn|p1a: Tim|move: Roost\n|\n|upkeep\n|turn|28\n|\n|t:|1700107772\n|move|p1a: Tim|Taunt|p2a: Little Friend\n|-start|p2a: Little Friend|move: Taunt\n|move|p2a: Little Friend|Draining Kiss|p1a: Tim\n|-damage|p1a: Tim|70\/100\n|\n|upkeep\n|turn|29\n|\n|t:|1700107782\n|move|p1a: Tim|Volt Switch|p2a: Little Friend\n|-damage|p2a: Little Friend|77\/100\n|\n|t:|1700107784\n|switch|p1a: Free Hugs|Iron Treads|100\/100|[from] Volt Switch\n|-activate|p1a: Free Hugs|ability: Quark Drive\n|-start|p1a: Free Hugs|quarkdrivespe\n|move|p2a: Little Friend|Draining Kiss|p1a: Free Hugs\n|-resisted|p1a: Free Hugs\n|-damage|p1a: Free Hugs|91\/100\n|-heal|p2a: Little Friend|83\/100|[from] drain|[of] p1a: Free Hugs\n|\n|-heal|p2a: Little Friend|89\/100|[from] item: Leftovers\n|upkeep\n|turn|30\n|\n|t:|1700107809\n|switch|p2a: Tyrrany|Rillaboom, M|48\/100\n|-fieldstart|move: Grassy Terrain|[from] ability: Grassy Surge|[of] p2a: Tyrrany\n|-end|p1a: Free Hugs|Quark Drive\n|-terastallize|p1a: Free Hugs|Fairy\n|move|p1a: Free Hugs|Rapid Spin|p2a: Tyrrany\n|-damage|p2a: Tyrrany|30\/100\n|-boost|p1a: Free Hugs|spe|1\n|\n|-heal|p1a: Free Hugs|97\/100|[from] Grassy Terrain\n|-heal|p2a: Tyrrany|36\/100|[from] Grassy Terrain\n|upkeep\n|turn|31\n|\n|t:|1700107831\n|move|p1a: Free Hugs|Tera Blast|p2a: Tyrrany|[anim] Tera Blast Fairy\n|-damage|p2a: Tyrrany|0 fnt\n|faint|p2a: Tyrrany\n|\n|-heal|p1a: Free Hugs|100\/100|[from] Grassy Terrain\n|upkeep\n|\n|t:|1700107836\n|switch|p2a: Little Friend|Magearna|89\/100\n|turn|32\n|\n|t:|1700107849\n|-end|p1a: Free Hugs|Quark Drive|[silent]\n|switch|p1a: The Santa Clause 2|Gyarados, F, shiny|69\/100\n|-ability|p1a: The Santa Clause 2|Intimidate|boost\n|-unboost|p2a: Little Friend|atk|1\n|move|p2a: Little Friend|Draining Kiss|p1a: The Santa Clause 2\n|-damage|p1a: The Santa Clause 2|55\/100\n|-heal|p2a: Little Friend|99\/100|[from] drain|[of] p1a: The Santa Clause 2\n|\n|-heal|p2a: Little Friend|100\/100|[from] Grassy Terrain\n|upkeep\n|turn|33\n|\n|t:|1700107870\n|switch|p1a: Tim|Tapu Koko, shiny|70\/100\n|-fieldstart|move: Electric Terrain|[from] ability: Electric Surge|[of] p1a: Tim\n|move|p2a: Little Friend|Calm Mind|p2a: Little Friend\n|-boost|p2a: Little Friend|spa|1\n|-boost|p2a: Little Friend|spd|1\n|\n|upkeep\n|turn|34\n|\n|t:|1700107880\n|move|p1a: Tim|Taunt|p2a: Little Friend\n|-start|p2a: Little Friend|move: Taunt\n|move|p2a: Little Friend|Draining Kiss|p1a: Tim\n|-damage|p1a: Tim|32\/100\n|\n|upkeep\n|turn|35\n|\n|t:|1700107889\n|switch|p1a: The Santa Clause 1|Iron Bundle|22\/100\n|-activate|p1a: The Santa Clause 1|ability: Quark Drive\n|-start|p1a: The Santa Clause 1|quarkdrivespe\n|move|p2a: Little Friend|Draining Kiss|p1a: The Santa Clause 1\n|-damage|p1a: The Santa Clause 1|0 fnt\n|faint|p1a: The Santa Clause 1\n|-ability|p2a: Little Friend|Soul-Heart|boost\n|-boost|p2a: Little Friend|spa|1\n|-end|p1a: The Santa Clause 1|Quark Drive|[silent]\n|\n|upkeep\n|\n|t:|1700107893\n|switch|p1a: The Santa Clause 2|Gyarados, F, shiny|55\/100\n|-ability|p1a: The Santa Clause 2|Intimidate|boost\n|-unboost|p2a: Little Friend|atk|1\n|turn|36\n|\n|t:|1700107913\n|move|p2a: Little Friend|Draining Kiss|p1a: The Santa Clause 2\n|-damage|p1a: The Santa Clause 2|28\/100\n|move|p1a: The Santa Clause 2|Roar|p2a: Little Friend\n|drag|p2a: Say Hello|Dragapult, F|100\/100\n|\n|upkeep\n|turn|37\n|\n|t:|1700107927\n|move|p2a: Say Hello|Shadow Ball|p1a: The Santa Clause 2\n|-damage|p1a: The Santa Clause 2|0 fnt\n|faint|p1a: The Santa Clause 2\n|\n|upkeep\n|\n|t:|1700107954\n|switch|p1a: Free Hugs|Iron Treads, tera:Fairy|100\/100\n|-activate|p1a: Free Hugs|ability: Quark Drive\n|-start|p1a: Free Hugs|quarkdrivespe\n|turn|38\n|\n|t:|1700107988\n|switch|p2a: Little Friend|Magearna|100\/100\n|move|p1a: Free Hugs|Earthquake|p2a: Little Friend\n|-supereffective|p2a: Little Friend\n|-damage|p2a: Little Friend|42\/100\n|\n|-heal|p2a: Little Friend|48\/100|[from] item: Leftovers\n|upkeep\n|turn|39\n|c|\u2606Waikiki Woopers|so freaking intense\n|\n|t:|1700108049\n|-terastallize|p2a: Little Friend|Fairy\n|move|p1a: Free Hugs|Earthquake|p2a: Little Friend\n|-damage|p2a: Little Friend|20\/100\n|move|p2a: Little Friend|Iron Defense|p2a: Little Friend\n|-boost|p2a: Little Friend|def|2\n|\n|-heal|p2a: Little Friend|26\/100|[from] item: Leftovers\n|upkeep\n|turn|40\n|\n|t:|1700108076\n|-end|p1a: Free Hugs|Quark Drive|[silent]\n|switch|p1a: Tim|Tapu Koko, shiny|32\/100\n|move|p2a: Little Friend|Draining Kiss|p1a: Tim\n|-damage|p1a: Tim|0 fnt\n|-heal|p2a: Little Friend|48\/100|[from] drain|[of] p1a: Tim\n|faint|p1a: Tim\n|-ability|p2a: Little Friend|Soul-Heart|boost\n|-boost|p2a: Little Friend|spa|1\n|\n|-heal|p2a: Little Friend|54\/100|[from] item: Leftovers\n|-fieldend|move: Electric Terrain\n|upkeep\n|c|\u2606Waikiki Woopers|dang gg\n|c| medi34|jeez\n|\n|t:|1700108104\n|switch|p1a: Galladiator|Iron Valiant, shiny|62\/100\n|turn|41\n|\n|t:|1700108117\n|move|p1a: Galladiator|Trick|p2a: Little Friend\n|-activate|p1a: Galladiator|move: Trick|[of] p2a: Little Friend\n|-item|p2a: Little Friend|Clear Amulet|[from] move: Trick\n|-item|p1a: Galladiator|Leftovers|[from] move: Trick\n|move|p2a: Little Friend|Draining Kiss|p1a: Galladiator\n|-supereffective|p1a: Galladiator\n|-damage|p1a: Galladiator|0 fnt\n|-heal|p2a: Little Friend|93\/100|[from] drain|[of] p1a: Galladiator\n|faint|p1a: Galladiator\n|-ability|p2a: Little Friend|Soul-Heart|boost\n|-boost|p2a: Little Friend|spa|1\n|-end|p1a: Galladiator|Quark Drive|[silent]\n|\n|upkeep\n|c|\u2606Waikiki Woopers|I shouldn't have wasted my tera on treads\n|c|\u2606Waikiki Woopers|that was a trap\n|\n|t:|1700108125\n|switch|p1a: Free Hugs|Iron Treads, tera:Fairy|100\/100\n|turn|42\n|c|\u2606Waikiki Woopers|gg man\n|\n|t:|1700108129\n|move|p1a: Free Hugs|Rock Slide|p2a: Little Friend\n|-damage|p2a: Little Friend|86\/100\n|move|p2a: Little Friend|Stored Power|p1a: Free Hugs\n|-damage|p1a: Free Hugs|50\/100\n|\n|upkeep\n|turn|43\n|c| medi34|flinch hax?\n|\n|t:|1700108136\n|move|p1a: Free Hugs|Rock Slide|p2a: Little Friend\n|-damage|p2a: Little Friend|79\/100\n|move|p2a: Little Friend|Stored Power|p1a: Free Hugs\n|-damage|p1a: Free Hugs|0 fnt\n|faint|p1a: Free Hugs\n|-end|p1a: Free Hugs|Quark Drive|[silent]\n|\n|win|Boston Blisseys\n|c| medi34|lol\n|c|\u2606Waikiki Woopers|gotta try\n|c|\u2606Waikiki Woopers|gg man\n|c| medi34|ggs guys\n|c|\u2606Boston Blisseys|gg\n|c| medi34|incredible stuff\n|c| PokeHaint|GG\n|l|\u2606Boston Blisseys\n","uploadtime":1700108161,"views":28,"p1id":"waikikiwoopers","p2id":"bostonblisseys","formatid":"gen9nationaldexubers","rating":0,"private":0,"password":""}