{"id":"gen9nationaldexubers-1999927631","p1":"yueku","p2":"drew0723","format":"[Gen 9] National Dex Ubers","log":"|j|\u2606yueku\n|j|\u2606drew0723\n|t:|1701131045\n|gametype|singles\n|player|p1|yueku|shauntal|\n|player|p2|drew0723|pokemonbreeder-gen4|\n|teamsize|p1|6\n|teamsize|p2|6\n|gen|9\n|tier|[Gen 9] National Dex Ubers\n|rule|HP Percentage Mod: HP is shown in percentages\n|rule|Endless Battle Clause: Forcing endless battles is banned\n|rule|OHKO Clause: OHKO moves are banned\n|rule|Evasion Moves Clause: Evasion moves are banned\n|rule|Evasion Items Clause: Evasion items are banned\n|rule|Species Clause: Limit one of each Pok\u00e9mon\n|rule|Sleep Clause Mod: Limit one foe put to sleep\n|rule|Mega Rayquaza Clause: You cannot mega evolve Rayquaza\n|clearpoke\n|poke|p1|Calyrex-Ice|\n|poke|p1|Ceruledge, F|\n|poke|p1|Wo-Chien|\n|poke|p1|Lairon, F|\n|poke|p1|Lampent, F|\n|poke|p1|Camerupt, M|\n|poke|p2|Deoxys|\n|poke|p2|Latios, M|\n|poke|p2|Slowbro, F|\n|poke|p2|Slither Wing|\n|poke|p2|Hatterene, F|\n|poke|p2|Kommo-o, M|\n|teampreview\n|c|\u2606yueku|g2\n|\n|t:|1701131073\n|start\n|switch|p1a: Ceruledge|Ceruledge, F|100\/100\n|switch|p2a: Slither Wing|Slither Wing|100\/100\n|turn|1\n|\n|t:|1701131090\n|-terastallize|p1a: Ceruledge|Dark\n|move|p2a: Slither Wing|U-turn|p1a: Ceruledge\n|-supereffective|p1a: Ceruledge\n|-damage|p1a: Ceruledge|0 fnt\n|faint|p1a: Ceruledge\n|c|\u2606yueku|LOL\n|\n|t:|1701131108\n|-end|p2a: Slither Wing|Protosynthesis|[silent]\n|switch|p2a: Slowbro|Slowbro, F|100\/100|[from] U-turn\n|\n|upkeep\n|\n|t:|1701131118\n|switch|p1a: Lampent|Lampent, F|100\/100\n|turn|2\n|\n|t:|1701131125\n|switch|p2a: Kommo-o|Kommo-o, M|100\/100\n|move|p1a: Lampent|Shadow Ball|p2a: Kommo-o\n|-immune|p2a: Kommo-o|[from] ability: Bulletproof\n|\n|upkeep\n|turn|3\n|\n|t:|1701131133\n|move|p2a: Kommo-o|Stealth Rock|p1a: Lampent\n|-sidestart|p1: yueku|move: Stealth Rock\n|move|p1a: Lampent|Trick Room|p1a: Lampent\n|-fieldstart|move: Trick Room|[of] p1a: Lampent\n|\n|upkeep\n|turn|4\n|\n|t:|1701131140\n|switch|p1a: Calyrex|Calyrex-Ice|100\/100\n|-ability|p1a: Calyrex|As One\n|-ability|p1a: Calyrex|Unnerve\n|-damage|p1a: Calyrex|76\/100|[from] Stealth Rock\n|move|p2a: Kommo-o|Toxic|p1a: Calyrex\n|-status|p1a: Calyrex|tox\n|\n|-damage|p1a: Calyrex|70\/100 tox|[from] psn\n|upkeep\n|turn|5\n|\n|t:|1701131158\n|switch|p2a: Slowbro|Slowbro, F|100\/100\n|move|p1a: Calyrex|Glacial Lance|p2a: Slowbro\n|-resisted|p2a: Slowbro\n|-damage|p2a: Slowbro|71\/100\n|-damage|p1a: Calyrex|60\/100 tox|[from] item: Life Orb\n|\n|-damage|p1a: Calyrex|48\/100 tox|[from] psn\n|upkeep\n|turn|6\n|\n|t:|1701131169\n|move|p1a: Calyrex|Crunch|p2a: Slowbro\n|-supereffective|p2a: Slowbro\n|-damage|p2a: Slowbro|19\/100\n|-damage|p1a: Calyrex|38\/100 tox|[from] item: Life Orb\n|move|p2a: Slowbro|Teleport|p2a: Slowbro\n|c|\u2606drew0723|heh???\n|c|\u2606drew0723|didnt i take like 80 last time\n|c|\u2606yueku|crit\n|\n|t:|1701131187\n|switch|p2a: Slither Wing|Slither Wing|100\/100|[from] Teleport\n|\n|-damage|p1a: Calyrex|20\/100 tox|[from] psn\n|upkeep\n|turn|7\n|c|\u2606drew0723|oh\n|c|\u2606drew0723|didnt see that\n|\n|t:|1701131196\n|switch|p1a: Lairon|Lairon, F|100\/100\n|-damage|p1a: Lairon|94\/100|[from] Stealth Rock\n|move|p2a: Slither Wing|First Impression|p1a: Lairon\n|-resisted|p1a: Lairon\n|-damage|p1a: Lairon|70\/100\n|\n|-fieldend|move: Trick Room\n|upkeep\n|turn|8\n|\n|t:|1701131202\n|-end|p2a: Slither Wing|Protosynthesis|[silent]\n|switch|p2a: Kommo-o|Kommo-o, M|100\/100\n|move|p1a: Lairon|Stealth Rock|p2a: Kommo-o\n|-sidestart|p2: drew0723|move: Stealth Rock\n|\n|upkeep\n|turn|9\n|\n|t:|1701131216\n|switch|p1a: Lampent|Lampent, F|100\/100\n|-damage|p1a: Lampent|75\/100|[from] Stealth Rock\n|move|p2a: Kommo-o|Body Press|p1a: Lampent\n|-immune|p1a: Lampent\n|\n|upkeep\n|turn|10\n|\n|t:|1701131220\n|move|p2a: Kommo-o|Earthquake|p1a: Lampent\n|-supereffective|p1a: Lampent\n|-damage|p1a: Lampent|0 fnt\n|faint|p1a: Lampent\n|\n|upkeep\n|\n|t:|1701131234\n|switch|p1a: Wo-Chien|Wo-Chien|100\/100\n|-damage|p1a: Wo-Chien|88\/100|[from] Stealth Rock\n|-ability|p1a: Wo-Chien|Tablets of Ruin\n|turn|11\n|\n|t:|1701131242\n|switch|p2a: Slither Wing|Slither Wing|100\/100\n|-damage|p2a: Slither Wing|88\/100|[from] Stealth Rock\n|move|p1a: Wo-Chien|Ruination|p2a: Slither Wing\n|-damage|p2a: Slither Wing|45\/100\n|\n|-heal|p1a: Wo-Chien|94\/100|[from] item: Leftovers\n|upkeep\n|turn|12\n|\n|t:|1701131249\n|switch|p1a: Lairon|Lairon, F|70\/100\n|-damage|p1a: Lairon|63\/100|[from] Stealth Rock\n|move|p2a: Slither Wing|U-turn|p1a: Lairon\n|-resisted|p1a: Lairon\n|-damage|p1a: Lairon|46\/100\n|\n|t:|1701131266\n|-end|p2a: Slither Wing|Protosynthesis|[silent]\n|switch|p2a: Slowbro|Slowbro, F|53\/100|[from] U-turn\n|-damage|p2a: Slowbro|40\/100|[from] Stealth Rock\n|\n|upkeep\n|turn|13\n|\n|t:|1701131272\n|move|p2a: Slowbro|Scald|p1a: Lairon\n|-supereffective|p1a: Lairon\n|-damage|p1a: Lairon|0 fnt\n|faint|p1a: Lairon\n|\n|upkeep\n|\n|t:|1701131278\n|switch|p1a: Calyrex|Calyrex-Ice|20\/100 tox\n|-ability|p1a: Calyrex|As One\n|-ability|p1a: Calyrex|Unnerve\n|-damage|p1a: Calyrex|0 fnt|[from] Stealth Rock\n|faint|p1a: Calyrex\n|\n|t:|1701131282\n|switch|p1a: Camerupt|Camerupt, M|100\/100\n|-damage|p1a: Camerupt|88\/100|[from] Stealth Rock\n|turn|14\n|\n|t:|1701131285\n|detailschange|p1a: Camerupt|Camerupt-Mega, M\n|-mega|p1a: Camerupt|Camerupt|Cameruptite\n|move|p2a: Slowbro|Scald|p1a: Camerupt\n|-supereffective|p1a: Camerupt\n|-damage|p1a: Camerupt|0 fnt\n|faint|p1a: Camerupt\n|\n|upkeep\n|\n|t:|1701131289\n|switch|p1a: Wo-Chien|Wo-Chien|94\/100\n|-damage|p1a: Wo-Chien|82\/100|[from] Stealth Rock\n|-ability|p1a: Wo-Chien|Tablets of Ruin\n|turn|15\n|\n|t:|1701131292\n|move|p1a: Wo-Chien|Ruination|p2a: Slowbro\n|-damage|p2a: Slowbro|20\/100\n|move|p2a: Slowbro|Teleport|p2a: Slowbro\n|\n|t:|1701131299\n|switch|p2a: Slither Wing|Slither Wing|45\/100|[from] Teleport\n|-damage|p2a: Slither Wing|32\/100|[from] Stealth Rock\n|\n|-heal|p1a: Wo-Chien|88\/100|[from] item: Leftovers\n|upkeep\n|turn|16\n|\n|t:|1701131303\n|move|p2a: Slither Wing|U-turn|p1a: Wo-Chien\n|-supereffective|p1a: Wo-Chien\n|-damage|p1a: Wo-Chien|0 fnt\n|faint|p1a: Wo-Chien\n|\n|win|drew0723\n|c|\u2606yueku|gg\n|c|\u2606drew0723|GG\n","uploadtime":1701131309,"views":17,"p1id":"yueku","p2id":"drew0723","formatid":"gen9nationaldexubers","rating":0,"private":0,"password":""}