{"id":"gen9nationaldexubers-1990102089","p1":"IConsumeChairs","p2":"C0ld as Ice","format":"[Gen 9] National Dex Ubers","log":"|j|\u2606IConsumeChairs\n|j|\u2606C0ld as Ice\n|t:|1699924738\n|gametype|singles\n|player|p1|IConsumeChairs|lucas|1691\n|player|p2|C0ld as Ice|170|1865\n|teamsize|p1|6\n|teamsize|p2|6\n|gen|9\n|tier|[Gen 9] National Dex Ubers\n|rated|\n|rule|HP Percentage Mod: HP is shown in percentages\n|rule|Endless Battle Clause: Forcing endless battles is banned\n|rule|OHKO Clause: OHKO moves are banned\n|rule|Evasion Moves Clause: Evasion moves are banned\n|rule|Evasion Items Clause: Evasion items are banned\n|rule|Species Clause: Limit one of each Pok\u00e9mon\n|rule|Sleep Clause Mod: Limit one foe put to sleep\n|rule|Mega Rayquaza Clause: You cannot mega evolve Rayquaza\n|clearpoke\n|poke|p1|Rayquaza|\n|poke|p1|Xerneas-*|\n|poke|p1|Ho-Oh|\n|poke|p1|Groudon|\n|poke|p1|Arceus-Ground|\n|poke|p1|Yveltal|\n|poke|p2|Chien-Pao|\n|poke|p2|Necrozma-Dusk-Mane|\n|poke|p2|Ho-Oh|\n|poke|p2|Lunala|\n|poke|p2|Groudon, L99|\n|poke|p2|Arceus-Water|\n|teampreview\n|\n|t:|1699924749\n|start\n|switch|p1a: Groudon|Groudon|100\/100\n|switch|p2a: Arceus|Arceus-Water|100\/100\n|detailschange|p1a: Groudon|Groudon-Primal\n|-primal|p1a: Groudon|Red Orb\n|-weather|DesolateLand|[from] ability: Desolate Land|[of] p1a: Groudon\n|turn|1\n|\n|t:|1699924754\n|move|p2a: Arceus|Taunt|p1a: Groudon\n|-start|p1a: Groudon|move: Taunt\n|move|p1a: Groudon|Precipice Blades|p2a: Arceus\n|-damage|p2a: Arceus|48\/100\n|\n|-weather|DesolateLand|[upkeep]\n|upkeep\n|turn|2\n|\n|t:|1699924767\n|move|p2a: Arceus|Toxic|p1a: Groudon\n|-status|p1a: Groudon|tox\n|move|p1a: Groudon|Precipice Blades|p2a: Arceus\n|-damage|p2a: Arceus|0 fnt\n|faint|p2a: Arceus\n|\n|-weather|DesolateLand|[upkeep]\n|-damage|p1a: Groudon|94\/100 tox|[from] psn\n|upkeep\n|\n|t:|1699924774\n|switch|p2a: Lunala|Lunala, shiny|100\/100\n|turn|3\n|\n|t:|1699924781\n|-weather|none\n|switch|p1a: Ho-Oh|Ho-Oh|100\/100\n|move|p2a: Lunala|Psychic|p1a: Ho-Oh\n|-damage|p1a: Ho-Oh|77\/100\n|\n|upkeep\n|turn|4\n|\n|t:|1699924788\n|switch|p2a: Ho-Oh|Ho-Oh, shiny|100\/100\n|switch|p1a: Arceus|Arceus-Ground|100\/100\n|\n|upkeep\n|turn|5\n|\n|t:|1699924794\n|switch|p1a: Ho-Oh|Ho-Oh|100\/100\n|switch|p2a: Lunala|Lunala, shiny|100\/100\n|\n|upkeep\n|turn|6\n|\n|t:|1699924799\n|switch|p2a: Ho-Oh|Ho-Oh, shiny|100\/100\n|move|p1a: Ho-Oh|Toxic|p2a: Ho-Oh\n|-status|p2a: Ho-Oh|tox\n|\n|-damage|p2a: Ho-Oh|94\/100 tox|[from] psn\n|upkeep\n|turn|7\n|\n|t:|1699924804\n|switch|p1a: Xerneas|Xerneas|100\/100\n|-ability|p1a: Xerneas|Fairy Aura\n|move|p2a: Ho-Oh|Brave Bird|p1a: Xerneas\n|-damage|p1a: Xerneas|27\/100\n|-damage|p2a: Ho-Oh|72\/100 tox|[from] Recoil\n|\n|-damage|p2a: Ho-Oh|60\/100 tox|[from] psn\n|upkeep\n|turn|8\n|\n|t:|1699924809\n|switch|p2a: Groudon|Groudon, L99, shiny|100\/100\n|detailschange|p2a: Groudon|Groudon-Primal, L99, shiny\n|-primal|p2a: Groudon|Red Orb\n|-weather|DesolateLand|[from] ability: Desolate Land|[of] p2a: Groudon\n|move|p1a: Xerneas|Aromatherapy|p1a: Xerneas\n|-activate|p1a: Xerneas|move: Aromatherapy\n|-curestatus|p1: Groudon|tox|[msg]\n|\n|-weather|DesolateLand|[upkeep]\n|upkeep\n|turn|9\n|\n|t:|1699924815\n|switch|p1a: Arceus|Arceus-Ground|100\/100\n|move|p2a: Groudon|Spikes|p1a: Arceus\n|-sidestart|p1: IConsumeChairs|Spikes\n|\n|-weather|DesolateLand|[upkeep]\n|upkeep\n|turn|10\n|\n|t:|1699924826\n|-weather|none\n|switch|p2a: Lunala|Lunala, shiny|100\/100\n|move|p1a: Arceus|Judgment|p2a: Lunala\n|-damage|p2a: Lunala|82\/100\n|\n|upkeep\n|turn|11\n|inactive|Battle timer is ON: inactive players will automatically lose when time's up. (requested by IConsumeChairs)\n|\n|t:|1699924831\n|switch|p2a: Ho-Oh|Ho-Oh, shiny|93\/100 tox\n|move|p1a: Arceus|Judgment|p2a: Ho-Oh\n|-immune|p2a: Ho-Oh\n|\n|-damage|p2a: Ho-Oh|87\/100 tox|[from] psn\n|upkeep\n|turn|12\n|\n|t:|1699924835\n|switch|p1a: Ho-Oh|Ho-Oh|100\/100\n|move|p2a: Ho-Oh|Brave Bird|p1a: Ho-Oh\n|-damage|p1a: Ho-Oh|42\/100\n|-damage|p2a: Ho-Oh|67\/100 tox|[from] Recoil\n|\n|-damage|p2a: Ho-Oh|55\/100 tox|[from] psn\n|upkeep\n|turn|13\n|\n|t:|1699924843\n|switch|p1a: Xerneas|Xerneas|27\/100\n|-damage|p1a: Xerneas|15\/100|[from] Spikes\n|-ability|p1a: Xerneas|Fairy Aura\n|move|p2a: Ho-Oh|Brave Bird|p1a: Xerneas\n|-damage|p1a: Xerneas|0 fnt\n|faint|p1a: Xerneas\n|-damage|p2a: Ho-Oh|51\/100 tox|[from] Recoil\n|\n|-damage|p2a: Ho-Oh|33\/100 tox|[from] psn\n|upkeep\n|\n|t:|1699924845\n|switch|p1a: Rayquaza|Rayquaza|100\/100\n|-ability|p1a: Rayquaza|Air Lock\n|turn|14\n|\n|t:|1699924849\n|switch|p2a: Lunala|Lunala, shiny|82\/100\n|move|p1a: Rayquaza|Dragon Ascent|p2a: Lunala\n|-damage|p2a: Lunala|22\/100\n|-unboost|p1a: Rayquaza|def|1\n|-unboost|p1a: Rayquaza|spd|1\n|-damage|p1a: Rayquaza|91\/100|[from] item: Life Orb\n|\n|upkeep\n|turn|15\n|\n|t:|1699924854\n|switch|p1a: Ho-Oh|Ho-Oh|75\/100\n|move|p2a: Lunala|Moonlight|p2a: Lunala\n|-heal|p2a: Lunala|72\/100\n|\n|upkeep\n|turn|16\n|\n|t:|1699924859\n|switch|p2a: Ho-Oh|Ho-Oh, shiny|66\/100 tox\n|move|p1a: Ho-Oh|Defog|p2a: Ho-Oh\n|-unboost|p2a: Ho-Oh|evasion|1\n|-sideend|p1: IConsumeChairs|Spikes|[from] move: Defog|[of] p1a: Ho-Oh\n|\n|-damage|p2a: Ho-Oh|60\/100 tox|[from] psn\n|upkeep\n|turn|17\n|\n|t:|1699924866\n|move|p2a: Ho-Oh|Sacred Fire|p1a: Ho-Oh\n|-resisted|p1a: Ho-Oh\n|-damage|p1a: Ho-Oh|53\/100\n|move|p1a: Ho-Oh|Sacred Fire|p2a: Ho-Oh\n|-resisted|p2a: Ho-Oh\n|-damage|p2a: Ho-Oh|43\/100 tox\n|\n|-damage|p2a: Ho-Oh|31\/100 tox|[from] psn\n|upkeep\n|turn|18\n|\n|t:|1699924870\n|switch|p2a: Groudon|Groudon-Primal, L99, shiny|100\/100\n|-weather|DesolateLand|[from] ability: Desolate Land|[of] p2a: Groudon\n|move|p1a: Ho-Oh|Toxic|p2a: Groudon\n|-status|p2a: Groudon|tox\n|\n|-weather|DesolateLand|[upkeep]\n|-damage|p2a: Groudon|94\/100 tox|[from] psn\n|upkeep\n|turn|19\n|\n|t:|1699924879\n|switch|p1a: Arceus|Arceus-Ground|100\/100\n|move|p2a: Groudon|Spikes|p1a: Arceus\n|-sidestart|p1: IConsumeChairs|Spikes\n|\n|-weather|DesolateLand|[upkeep]\n|-damage|p2a: Groudon|82\/100 tox|[from] psn\n|upkeep\n|turn|20\n|\n|t:|1699924887\n|-weather|none\n|switch|p2a: Ho-Oh|Ho-Oh, shiny|64\/100 tox\n|move|p1a: Arceus|Judgment|p2a: Ho-Oh\n|-immune|p2a: Ho-Oh\n|\n|-damage|p2a: Ho-Oh|58\/100 tox|[from] psn\n|upkeep\n|turn|21\n|\n|t:|1699924894\n|switch|p2a: Necrozma|Necrozma-Dusk-Mane, shiny|100\/100\n|move|p1a: Arceus|Ice Beam|p2a: Necrozma\n|-resisted|p2a: Necrozma\n|-damage|p2a: Necrozma|92\/100\n|\n|upkeep\n|turn|22\n|\n|t:|1699924899\n|switch|p2a: Ho-Oh|Ho-Oh, shiny|91\/100 tox\n|move|p1a: Arceus|Judgment|p2a: Ho-Oh\n|-immune|p2a: Ho-Oh\n|\n|-damage|p2a: Ho-Oh|85\/100 tox|[from] psn\n|upkeep\n|turn|23\n|\n|t:|1699924908\n|switch|p1a: Yveltal|Yveltal|100\/100\n|-ability|p1a: Yveltal|Dark Aura\n|move|p2a: Ho-Oh|Brave Bird|p1a: Yveltal\n|-damage|p1a: Yveltal|3\/100\n|-damage|p2a: Ho-Oh|55\/100 tox|[from] Recoil\n|\n|-damage|p2a: Ho-Oh|43\/100 tox|[from] psn\n|upkeep\n|turn|24\n|\n|t:|1699924918\n|move|p1a: Yveltal|Dark Pulse|p2a: Ho-Oh\n|-damage|p2a: Ho-Oh|10\/100 tox\n|move|p2a: Ho-Oh|Brave Bird|p1a: Yveltal\n|-damage|p1a: Yveltal|0 fnt\n|faint|p1a: Yveltal\n|-damage|p2a: Ho-Oh|9\/100 tox|[from] Recoil\n|\n|-damage|p2a: Ho-Oh|0 fnt|[from] psn\n|faint|p2a: Ho-Oh\n|upkeep\n|\n|t:|1699924926\n|switch|p1a: Arceus|Arceus-Ground|100\/100\n|switch|p2a: Chien-Pao|Chien-Pao|100\/100\n|-ability|p2a: Chien-Pao|Sword of Ruin\n|-damage|p1a: Arceus|88\/100|[from] Spikes\n|turn|25\n|\n|t:|1699924932\n|-terastallize|p2a: Chien-Pao|Dark\n|-terastallize|p1a: Arceus|Water\n|move|p2a: Chien-Pao|Crunch|p1a: Arceus\n|-damage|p1a: Arceus|22\/100\n|-unboost|p1a: Arceus|def|1\n|move|p1a: Arceus|Judgment|p2a: Chien-Pao\n|-damage|p2a: Chien-Pao|20\/100\n|\n|upkeep\n|turn|26\n|\n|t:|1699924941\n|move|p2a: Chien-Pao|Crunch|p1a: Arceus\n|-damage|p1a: Arceus|0 fnt\n|faint|p1a: Arceus\n|\n|upkeep\n|\n|t:|1699924942\n|switch|p1a: Rayquaza|Rayquaza|91\/100\n|-ability|p1a: Rayquaza|Air Lock\n|turn|27\n|\n|t:|1699924951\n|switch|p2a: Groudon|Groudon-Primal, L99, shiny|82\/100 tox\n|-weather|DesolateLand|[from] ability: Desolate Land|[of] p2a: Groudon\n|move|p1a: Rayquaza|Extreme Speed|p2a: Groudon\n|-damage|p2a: Groudon|65\/100 tox\n|-damage|p1a: Rayquaza|81\/100|[from] item: Life Orb\n|\n|-weather|DesolateLand|[upkeep]\n|-damage|p2a: Groudon|59\/100 tox|[from] psn\n|upkeep\n|turn|28\n|\n|t:|1699924955\n|move|p1a: Rayquaza|Draco Meteor|p2a: Groudon\n|-damage|p2a: Groudon|0 fnt\n|-unboost|p1a: Rayquaza|spa|2\n|faint|p2a: Groudon\n|-weather|none\n|-damage|p1a: Rayquaza|71\/100|[from] item: Life Orb\n|\n|upkeep\n|\n|t:|1699924963\n|switch|p2a: Lunala|Lunala, shiny|72\/100\n|turn|29\n|\n|t:|1699924982\n|switch|p1a: Ho-Oh|Ho-Oh|86\/100\n|switch|p2a: Chien-Pao|Chien-Pao, tera:Dark|20\/100\n|-ability|p2a: Chien-Pao|Sword of Ruin\n|\n|upkeep\n|turn|30\n|\n|t:|1699924986\n|move|p2a: Chien-Pao|Crunch|p1a: Ho-Oh\n|-damage|p1a: Ho-Oh|14\/100\n|move|p1a: Ho-Oh|Sacred Fire|p2a: Chien-Pao\n|-damage|p2a: Chien-Pao|0 fnt\n|faint|p2a: Chien-Pao\n|\n|upkeep\n|\n|t:|1699924992\n|switch|p2a: Lunala|Lunala, shiny|72\/100\n|turn|31\n|\n|t:|1699924995\n|move|p2a: Lunala|Psychic|p1a: Ho-Oh\n|-damage|p1a: Ho-Oh|0 fnt\n|faint|p1a: Ho-Oh\n|\n|upkeep\n|\n|t:|1699924997\n|switch|p1a: Rayquaza|Rayquaza|71\/100\n|-ability|p1a: Rayquaza|Air Lock\n|turn|32\n|\n|t:|1699925001\n|move|p1a: Rayquaza|V-create|p2a: Lunala\n|-damage|p2a: Lunala|11\/100\n|-unboost|p1a: Rayquaza|spe|1\n|-unboost|p1a: Rayquaza|def|1\n|-unboost|p1a: Rayquaza|spd|1\n|-damage|p1a: Rayquaza|61\/100|[from] item: Life Orb\n|move|p2a: Lunala|Will-O-Wisp|p1a: Rayquaza\n|-status|p1a: Rayquaza|brn\n|\n|-damage|p1a: Rayquaza|55\/100 brn|[from] brn\n|upkeep\n|turn|33\n|\n|t:|1699925007\n|move|p2a: Lunala|Moonlight|p2a: Lunala\n|-heal|p2a: Lunala|61\/100\n|move|p1a: Rayquaza|Draco Meteor|p2a: Lunala\n|-damage|p2a: Lunala|0 fnt\n|-unboost|p1a: Rayquaza|spa|2\n|faint|p2a: Lunala\n|-damage|p1a: Rayquaza|45\/100 brn|[from] item: Life Orb\n|\n|-damage|p1a: Rayquaza|39\/100 brn|[from] brn\n|upkeep\n|\n|t:|1699925009\n|switch|p2a: Necrozma|Necrozma-Dusk-Mane, shiny|92\/100\n|turn|34\n|\n|t:|1699925014\n|move|p2a: Necrozma|Dragon Dance|p2a: Necrozma\n|-boost|p2a: Necrozma|atk|1\n|-boost|p2a: Necrozma|spe|1\n|move|p1a: Rayquaza|V-create|p2a: Necrozma\n|-supereffective|p2a: Necrozma\n|-damage|p2a: Necrozma|45\/100\n|-unboost|p1a: Rayquaza|spe|1\n|-unboost|p1a: Rayquaza|def|1\n|-unboost|p1a: Rayquaza|spd|1\n|-damage|p1a: Rayquaza|29\/100 brn|[from] item: Life Orb\n|\n|-damage|p1a: Rayquaza|23\/100 brn|[from] brn\n|upkeep\n|turn|35\n|\n|t:|1699925018\n|move|p1a: Rayquaza|Extreme Speed|p2a: Necrozma\n|-resisted|p2a: Necrozma\n|-damage|p2a: Necrozma|39\/100\n|-damage|p1a: Rayquaza|13\/100 brn|[from] item: Life Orb\n|move|p2a: Necrozma|Moonlight|p2a: Necrozma\n|-heal|p2a: Necrozma|89\/100\n|\n|-damage|p1a: Rayquaza|7\/100 brn|[from] brn\n|upkeep\n|turn|36\n|\n|t:|1699925021\n|move|p2a: Necrozma|Dragon Dance|p2a: Necrozma\n|-boost|p2a: Necrozma|atk|1\n|-boost|p2a: Necrozma|spe|1\n|move|p1a: Rayquaza|V-create|p2a: Necrozma\n|-supereffective|p2a: Necrozma\n|-damage|p2a: Necrozma|39\/100\n|-unboost|p1a: Rayquaza|spe|1\n|-unboost|p1a: Rayquaza|def|1\n|-unboost|p1a: Rayquaza|spd|1\n|-damage|p1a: Rayquaza|0 fnt|[from] item: Life Orb\n|faint|p1a: Rayquaza\n|\n|upkeep\n|\n|t:|1699925024\n|switch|p1a: Groudon|Groudon-Primal|94\/100\n|-damage|p1a: Groudon|82\/100|[from] Spikes\n|-weather|DesolateLand|[from] ability: Desolate Land|[of] p1a: Groudon\n|turn|37\n|\n|t:|1699925027\n|-zpower|p2a: Necrozma\n|move|p2a: Necrozma|Searing Sunraze Smash|p1a: Groudon|[zeffect]\n|-resisted|p1a: Groudon\n|-damage|p1a: Groudon|27\/100\n|move|p1a: Groudon|Precipice Blades|p2a: Necrozma|[miss]\n|-miss|p1a: Groudon|p2a: Necrozma\n|\n|-weather|DesolateLand|[upkeep]\n|upkeep\n|turn|38\n|c|\u2606IConsumeChairs|:\/\n|\n|t:|1699925034\n|move|p2a: Necrozma|Sunsteel Strike|p1a: Groudon\n|-resisted|p1a: Groudon\n|-damage|p1a: Groudon|0 fnt\n|faint|p1a: Groudon\n|-weather|none\n|\n|win|C0ld as Ice\n|raw|IConsumeChairs's rating: 1691 &rarr; <strong>1680<\/strong><br \/>(-11 for losing)\n|raw|C0ld as Ice's rating: 1869 &rarr; <strong>1880<\/strong><br \/>(+11 for winning)\n|l|\u2606IConsumeChairs\n|l|\u2606C0ld as Ice\n","uploadtime":1699925058,"views":9,"p1id":"iconsumechairs","p2id":"c0ldasice","formatid":"gen9nationaldexubers","rating":1680,"private":0,"password":""}