{"id":"gen9nationaldexubers-1988123458","p1":"Pure Hackmons","p2":"diemond35472","format":"[Gen 9] National Dex Ubers","log":"|j|\u2606Pure Hackmons\n|j|\u2606diemond35472\n|inactive|Battle timer is ON: inactive players will automatically lose when time's up.\n|t:|1699672451\n|gametype|singles\n|player|p1|Pure Hackmons|ethan|\n|player|p2|diemond35472|lance|\n|teamsize|p1|6\n|teamsize|p2|6\n|gen|9\n|tier|[Gen 9] National Dex Ubers\n|rated|Tournament battle\n|rule|HP Percentage Mod: HP is shown in percentages\n|rule|Endless Battle Clause: Forcing endless battles is banned\n|rule|OHKO Clause: OHKO moves are banned\n|rule|Evasion Moves Clause: Evasion moves are banned\n|rule|Evasion Items Clause: Evasion items are banned\n|rule|Species Clause: Limit one of each Pok\u00e9mon\n|rule|Sleep Clause Mod: Limit one foe put to sleep\n|rule|Mega Rayquaza Clause: You cannot mega evolve Rayquaza\n|clearpoke\n|poke|p1|Sableye-Mega, F|\n|poke|p1|Chansey, F|\n|poke|p1|Arceus-Fairy|\n|poke|p1|Ho-Oh|\n|poke|p1|Zygarde-Complete|\n|poke|p1|Cramorant-Gorging, F|\n|poke|p2|Zacian-Crowned|\n|poke|p2|Kangaskhan-Mega, F|\n|poke|p2|Arceus-Ground|\n|poke|p2|Latias-Mega, F|\n|poke|p2|Cramorant-Gorging, F|\n|poke|p2|Manectric-Mega, M|\n|teampreview\n|j|*Lady Monita \u263d\n|j| happysh\n|c|\u2606diemond35472|gl\n|c|\u2606Pure Hackmons|u2\n|j| Molimoli2\n|\n|t:|1699672475\n|start\n|switch|p1a: Ho-Oh|Ho-Oh|100\/100\n|switch|p2a: Manectric|Manectric-Mega, M|100\/100\n|-ability|p2a: Manectric|Intimidate|boost\n|-unboost|p1a: Ho-Oh|atk|1\n|turn|1\n|\n|t:|1699672484\n|move|p2a: Manectric|Thunderbolt|p1a: Ho-Oh\n|-supereffective|p1a: Ho-Oh\n|-damage|p1a: Ho-Oh|25\/100\n|move|p1a: Ho-Oh|Toxic|p2a: Manectric\n|-status|p2a: Manectric|tox\n|\n|-damage|p2a: Manectric|94\/100 tox|[from] psn\n|upkeep\n|turn|2\n|\n|t:|1699672489\n|switch|p2a: Latias|Latias-Mega, F|100\/100\n|switch|p1a: Zygarde|Zygarde-Complete|100\/100\n|\n|upkeep\n|turn|3\n|\n|t:|1699672511\n|switch|p1a: Chansey|Chansey, F|100\/100\n|move|p2a: Latias|Draco Meteor|p1a: Chansey\n|-damage|p1a: Chansey|86\/100\n|-unboost|p2a: Latias|spa|2\n|\n|upkeep\n|turn|4\n|\n|t:|1699672516\n|switch|p1a: Ho-Oh|Ho-Oh|59\/100\n|move|p2a: Latias|Calm Mind|p2a: Latias\n|-boost|p2a: Latias|spa|1\n|-boost|p2a: Latias|spd|1\n|\n|upkeep\n|turn|5\n|\n|t:|1699672520\n|move|p2a: Latias|Calm Mind|p2a: Latias\n|-boost|p2a: Latias|spa|1\n|-boost|p2a: Latias|spd|1\n|move|p1a: Ho-Oh|Toxic|p2a: Latias\n|-status|p2a: Latias|tox\n|\n|-damage|p2a: Latias|94\/100 tox|[from] psn\n|upkeep\n|turn|6\n|\n|t:|1699672523\n|switch|p1a: Chansey|Chansey, F|86\/100\n|move|p2a: Latias|Draco Meteor|p1a: Chansey|[miss]\n|-miss|p2a: Latias|p1a: Chansey\n|\n|-heal|p2a: Latias|100\/100 tox|[from] item: Leftovers\n|-damage|p2a: Latias|88\/100 tox|[from] psn\n|upkeep\n|turn|7\n|\n|t:|1699672535\n|switch|p2a: Cramorant|Cramorant-Gorging, F|100\/100\n|switch|p1a: Ho-Oh|Ho-Oh|92\/100\n|\n|upkeep\n|turn|8\n|\n|t:|1699672539\n|move|p1a: Ho-Oh|Toxic|p2a: Cramorant|[miss]\n|-miss|p1a: Ho-Oh|p2a: Cramorant\n|move|p2a: Cramorant|Dive||[still]\n|-prepare|p2a: Cramorant|Dive\n|\n|upkeep\n|turn|9\n|\n|t:|1699672549\n|switch|p1a: Sableye|Sableye-Mega, F|100\/100\n|move|p2a: Cramorant|Dive|p1a: Sableye|[from]lockedmove\n|-damage|p1a: Sableye|84\/100\n|\n|-heal|p1a: Sableye|90\/100|[from] item: Leftovers\n|upkeep\n|turn|10\n|\n|t:|1699672563\n|move|p2a: Cramorant|Tailwind|p2a: Cramorant\n|-sidestart|p2: diemond35472|move: Tailwind\n|move|p1a: Sableye|Toxic|p2a: Cramorant|[miss]\n|-miss|p1a: Sableye|p2a: Cramorant\n|\n|-heal|p1a: Sableye|96\/100|[from] item: Leftovers\n|upkeep\n|turn|11\n|\n|t:|1699672567\n|switch|p2a: Manectric|Manectric-Mega, M|94\/100 tox\n|-ability|p2a: Manectric|Intimidate|boost\n|-unboost|p1a: Sableye|atk|1\n|switch|p1a: Ho-Oh|Ho-Oh|100\/100\n|\n|-damage|p2a: Manectric|88\/100 tox|[from] psn\n|upkeep\n|turn|12\n|\n|t:|1699672577\n|switch|p1a: Zygarde|Zygarde-Complete|100\/100\n|move|p2a: Manectric|Switcheroo|p1a: Zygarde\n|-activate|p2a: Manectric|move: Trick|[of] p1a: Zygarde\n|-item|p1a: Zygarde|Choice Specs|[from] move: Switcheroo\n|-item|p2a: Manectric|Leftovers|[from] move: Switcheroo\n|\n|-heal|p2a: Manectric|94\/100 tox|[from] item: Leftovers\n|-damage|p2a: Manectric|82\/100 tox|[from] psn\n|upkeep\n|turn|13\n|\n|t:|1699672590\n|switch|p2a: Cramorant|Cramorant-Gorging, F|100\/100\n|switch|p1a: Ho-Oh|Ho-Oh|100\/100\n|\n|-sideend|p2: diemond35472|move: Tailwind\n|upkeep\n|turn|14\n|\n|t:|1699672598\n|switch|p2a: Latias|Latias-Mega, F|88\/100 tox\n|move|p1a: Ho-Oh|Toxic|p2a: Latias\n|-fail|p2a: Latias|tox\n|\n|-heal|p2a: Latias|94\/100 tox|[from] item: Leftovers\n|-damage|p2a: Latias|88\/100 tox|[from] psn\n|upkeep\n|turn|15\n|\n|t:|1699672604\n|switch|p1a: Chansey|Chansey, F|86\/100\n|move|p2a: Latias|Calm Mind|p2a: Latias\n|-boost|p2a: Latias|spa|1\n|-boost|p2a: Latias|spd|1\n|\n|-heal|p2a: Latias|94\/100 tox|[from] item: Leftovers\n|-damage|p2a: Latias|82\/100 tox|[from] psn\n|upkeep\n|turn|16\n|\n|t:|1699672607\n|move|p2a: Latias|Psyshock|p1a: Chansey\n|-damage|p1a: Chansey|46\/100\n|move|p1a: Chansey|Confide|p2a: Latias\n|-unboost|p2a: Latias|spa|1\n|\n|-heal|p2a: Latias|88\/100 tox|[from] item: Leftovers\n|-damage|p2a: Latias|70\/100 tox|[from] psn\n|upkeep\n|turn|17\n|\n|t:|1699672617\n|switch|p2a: Manectric|Manectric-Mega, M|82\/100 tox\n|-ability|p2a: Manectric|Intimidate|boost\n|-unboost|p1a: Chansey|atk|1\n|move|p1a: Chansey|Soft-Boiled|p1a: Chansey\n|-heal|p1a: Chansey|96\/100\n|\n|-heal|p2a: Manectric|88\/100 tox|[from] item: Leftovers\n|-damage|p2a: Manectric|82\/100 tox|[from] psn\n|upkeep\n|turn|18\n|\n|t:|1699672639\n|switch|p1a: Zygarde|Zygarde-Complete|100\/100\n|move|p2a: Manectric|Switcheroo|p1a: Zygarde\n|-activate|p2a: Manectric|move: Trick|[of] p1a: Zygarde\n|-item|p1a: Zygarde|Leftovers|[from] move: Switcheroo\n|-item|p2a: Manectric|Choice Specs|[from] move: Switcheroo\n|\n|-damage|p2a: Manectric|70\/100 tox|[from] psn\n|upkeep\n|turn|19\n|\n|t:|1699672647\n|switch|p1a: Ho-Oh|Ho-Oh|100\/100\n|move|p2a: Manectric|Switcheroo|p1a: Ho-Oh\n|-activate|p2a: Manectric|move: Trick|[of] p1a: Ho-Oh\n|-item|p1a: Ho-Oh|Choice Specs|[from] move: Switcheroo\n|-item|p2a: Manectric|Heavy-Duty Boots|[from] move: Switcheroo\n|\n|-damage|p2a: Manectric|52\/100 tox|[from] psn\n|upkeep\n|turn|20\n|j| ggsun ban esp\n|\n|t:|1699672655\n|switch|p1a: Zygarde|Zygarde-Complete|100\/100\n|move|p2a: Manectric|Volt Switch|p1a: Zygarde\n|-immune|p1a: Zygarde\n|\n|-damage|p2a: Manectric|28\/100 tox|[from] psn\n|upkeep\n|turn|21\n|\n|t:|1699672659\n|switch|p2a: Latias|Latias-Mega, F|70\/100 tox\n|switch|p1a: Ho-Oh|Ho-Oh|100\/100\n|\n|-heal|p2a: Latias|76\/100 tox|[from] item: Leftovers\n|-damage|p2a: Latias|70\/100 tox|[from] psn\n|upkeep\n|turn|22\n|\n|t:|1699672662\n|switch|p1a: Arceus|Arceus-Fairy|100\/100\n|move|p2a: Latias|Roost|p2a: Latias\n|-heal|p2a: Latias|100\/100 tox\n|-singleturn|p2a: Latias|move: Roost\n|\n|-damage|p2a: Latias|88\/100 tox|[from] psn\n|upkeep\n|turn|23\n|\n|t:|1699672676\n|switch|p1a: Sableye|Sableye-Mega, F|96\/100\n|switch|p2a: Cramorant|Cramorant-Gorging, F|100\/100\n|\n|-heal|p1a: Sableye|100\/100|[from] item: Leftovers\n|upkeep\n|turn|24\n|\n|t:|1699672688\n|switch|p2a: Manectric|Manectric-Mega, M|28\/100 tox\n|-ability|p2a: Manectric|Intimidate|boost\n|-unboost|p1a: Sableye|atk|1\n|move|p1a: Sableye|Toxic|p2a: Manectric\n|-fail|p2a: Manectric|tox\n|\n|-damage|p2a: Manectric|22\/100 tox|[from] psn\n|upkeep\n|turn|25\n|\n|t:|1699672693\n|switch|p1a: Ho-Oh|Ho-Oh|100\/100\n|move|p2a: Manectric|Thunderbolt|p1a: Ho-Oh\n|-supereffective|p1a: Ho-Oh\n|-damage|p1a: Ho-Oh|45\/100\n|\n|-damage|p2a: Manectric|10\/100 tox|[from] psn\n|upkeep\n|turn|26\n|\n|t:|1699672701\n|switch|p1a: Arceus|Arceus-Fairy|100\/100\n|move|p2a: Manectric|Switcheroo||[still]\n|-fail|p2a: Manectric\n|\n|-damage|p2a: Manectric|0 fnt|[from] psn\n|faint|p2a: Manectric\n|upkeep\n|\n|t:|1699672709\n|switch|p2a: Zacian|Zacian-Crowned|100\/100\n|-ability|p2a: Zacian|Intrepid Sword|boost\n|-boost|p2a: Zacian|atk|1\n|turn|27\n|\n|t:|1699672729\n|switch|p1a: Cramorant|Cramorant-Gorging, F|100\/100\n|move|p2a: Zacian|Behemoth Blade|p1a: Cramorant\n|-resisted|p1a: Cramorant\n|-damage|p1a: Cramorant|26\/100\n|-damage|p2a: Zacian|76\/100|[from] ability: Gulp Missile|[of] p1a: Cramorant\n|-status|p2a: Zacian|par\n|-formechange|p1a: Cramorant|Cramorant|\n|\n|upkeep\n|turn|28\n|\n|t:|1699672737\n|switch|p1a: Zygarde|Zygarde-Complete|100\/100\n|move|p2a: Zacian|Behemoth Blade|p1a: Zygarde\n|-damage|p1a: Zygarde|71\/100\n|\n|-heal|p1a: Zygarde|77\/100|[from] item: Leftovers\n|upkeep\n|turn|29\n|\n|t:|1699672746\n|switch|p2a: Kangaskhan|Kangaskhan-Mega, F|100\/100\n|move|p1a: Zygarde|Coil|p1a: Zygarde\n|-boost|p1a: Zygarde|atk|1\n|-boost|p1a: Zygarde|def|1\n|-boost|p1a: Zygarde|accuracy|1\n|\n|-heal|p1a: Zygarde|83\/100|[from] item: Leftovers\n|upkeep\n|turn|30\n|\n|t:|1699672752\n|move|p2a: Kangaskhan|Fake Out|p1a: Zygarde\n|-damage|p1a: Zygarde|79\/100\n|-damage|p1a: Zygarde|78\/100\n|-hitcount|p1a: Zygarde|2\n|cant|p1a: Zygarde|flinch\n|\n|-heal|p1a: Zygarde|84\/100|[from] item: Leftovers\n|upkeep\n|turn|31\n|\n|t:|1699672755\n|move|p2a: Kangaskhan|Seismic Toss|p1a: Zygarde\n|-damage|p1a: Zygarde|68\/100\n|-damage|p1a: Zygarde|53\/100\n|-hitcount|p1a: Zygarde|2\n|move|p1a: Zygarde|Thousand Arrows|p2a: Kangaskhan\n|-damage|p2a: Kangaskhan|65\/100\n|\n|-heal|p2a: Kangaskhan|72\/100|[from] item: Leftovers\n|-heal|p1a: Zygarde|59\/100|[from] item: Leftovers\n|upkeep\n|turn|32\n|\n|t:|1699672759\n|switch|p1a: Sableye|Sableye-Mega, F|100\/100\n|move|p2a: Kangaskhan|Wish|p2a: Kangaskhan\n|\n|-heal|p2a: Kangaskhan|78\/100|[from] item: Leftovers\n|upkeep\n|turn|33\n|\n|t:|1699672768\n|switch|p2a: Arceus|Arceus-Ground|100\/100\n|move|p1a: Sableye|Knock Off|p2a: Arceus\n|-damage|p2a: Arceus|91\/100\n|\n|-heal|p2a: Arceus|100\/100|[from] move: Wish|[wisher] Kangaskhan\n|upkeep\n|turn|34\n|\n|t:|1699672774\n|move|p2a: Arceus|Judgment|p1a: Sableye\n|-damage|p1a: Sableye|49\/100\n|move|p1a: Sableye|Toxic|p2a: Arceus\n|-status|p2a: Arceus|tox\n|\n|-heal|p1a: Sableye|55\/100|[from] item: Leftovers\n|-damage|p2a: Arceus|94\/100 tox|[from] psn\n|upkeep\n|turn|35\n|\n|t:|1699672787\n|switch|p1a: Ho-Oh|Ho-Oh|78\/100\n|move|p2a: Arceus|Refresh|p2a: Arceus\n|-curestatus|p2a: Arceus|tox|[msg]\n|\n|upkeep\n|turn|36\n|\n|t:|1699672796\n|switch|p1a: Zygarde|Zygarde-Complete|59\/100\n|move|p2a: Arceus|Power Gem|p1a: Zygarde\n|-resisted|p1a: Zygarde\n|-damage|p1a: Zygarde|53\/100\n|\n|-heal|p1a: Zygarde|59\/100|[from] item: Leftovers\n|upkeep\n|turn|37\n|c| ggsun ban esp|heat\n|\n|t:|1699672809\n|switch|p2a: Cramorant|Cramorant-Gorging, F|100\/100\n|switch|p1a: Chansey|Chansey, F|96\/100\n|\n|upkeep\n|turn|38\n|\n|t:|1699672817\n|switch|p1a: Cramorant|Cramorant-Gorging, F|26\/100\n|move|p2a: Cramorant|Dive||[still]\n|-prepare|p2a: Cramorant|Dive\n|\n|upkeep\n|turn|39\n|\n|t:|1699672821\n|move|p1a: Cramorant|Roost|p1a: Cramorant\n|-heal|p1a: Cramorant|77\/100\n|-singleturn|p1a: Cramorant|move: Roost\n|move|p2a: Cramorant|Dive|p1a: Cramorant|[from]lockedmove\n|-resisted|p1a: Cramorant\n|-damage|p1a: Cramorant|58\/100\n|-damage|p2a: Cramorant|76\/100|[from] ability: Gulp Missile|[of] p1a: Cramorant\n|-status|p2a: Cramorant|par\n|-formechange|p1a: Cramorant|Cramorant|\n|\n|upkeep\n|turn|40\n|\n|t:|1699672825\n|move|p1a: Cramorant|Roost|p1a: Cramorant\n|-heal|p1a: Cramorant|100\/100\n|-singleturn|p1a: Cramorant|move: Roost\n|move|p2a: Cramorant|Roost|p2a: Cramorant\n|-heal|p2a: Cramorant|100\/100 par\n|-singleturn|p2a: Cramorant|move: Roost\n|\n|upkeep\n|turn|41\n|\n|t:|1699672838\n|switch|p1a: Sableye|Sableye-Mega, F|55\/100\n|switch|p2a: Kangaskhan|Kangaskhan-Mega, F|78\/100\n|\n|-heal|p2a: Kangaskhan|84\/100|[from] item: Leftovers\n|-heal|p1a: Sableye|62\/100|[from] item: Leftovers\n|upkeep\n|turn|42\n|\n|t:|1699672843\n|move|p2a: Kangaskhan|Protect|p2a: Kangaskhan\n|-singleturn|p2a: Kangaskhan|Protect\n|move|p1a: Sableye|Recover|p1a: Sableye\n|-heal|p1a: Sableye|100\/100\n|\n|-heal|p2a: Kangaskhan|90\/100|[from] item: Leftovers\n|upkeep\n|turn|43\n|\n|t:|1699672847\n|switch|p2a: Latias|Latias-Mega, F|88\/100 tox\n|move|p1a: Sableye|Knock Off|p2a: Latias\n|-supereffective|p2a: Latias\n|-damage|p2a: Latias|57\/100 tox\n|-enditem|p2a: Latias|Leftovers|[from] move: Knock Off|[of] p1a: Sableye\n|\n|-damage|p2a: Latias|50\/100 tox|[from] psn\n|upkeep\n|turn|44\n|\n|t:|1699672853\n|switch|p1a: Ho-Oh|Ho-Oh|100\/100\n|move|p2a: Latias|Roost|p2a: Latias\n|-heal|p2a: Latias|100\/100 tox\n|-singleturn|p2a: Latias|move: Roost\n|\n|-damage|p2a: Latias|88\/100 tox|[from] psn\n|upkeep\n|turn|45\n|\n|t:|1699672861\n|switch|p2a: Zacian|Zacian-Crowned|76\/100 par\n|switch|p1a: Arceus|Arceus-Fairy|100\/100\n|\n|upkeep\n|turn|46\n|l| ggsun ban esp\n|\n|t:|1699672869\n|switch|p1a: Ho-Oh|Ho-Oh|100\/100\n|cant|p2a: Zacian|par\n|\n|upkeep\n|turn|47\n|\n|t:|1699672877\n|switch|p1a: Zygarde|Zygarde-Complete|59\/100\n|move|p2a: Zacian|Behemoth Blade|p1a: Zygarde\n|-damage|p1a: Zygarde|39\/100\n|\n|-heal|p1a: Zygarde|45\/100|[from] item: Leftovers\n|upkeep\n|turn|48\n|\n|t:|1699672881\n|move|p1a: Zygarde|Coil|p1a: Zygarde\n|-boost|p1a: Zygarde|atk|1\n|-boost|p1a: Zygarde|def|1\n|-boost|p1a: Zygarde|accuracy|1\n|move|p2a: Zacian|Behemoth Blade|p1a: Zygarde\n|-damage|p1a: Zygarde|32\/100\n|\n|-heal|p1a: Zygarde|39\/100|[from] item: Leftovers\n|upkeep\n|turn|49\n|\n|t:|1699672884\n|switch|p2a: Arceus|Arceus-Ground|94\/100\n|move|p1a: Zygarde|Thousand Arrows|p2a: Arceus\n|-damage|p2a: Arceus|71\/100\n|\n|-heal|p1a: Zygarde|45\/100|[from] item: Leftovers\n|upkeep\n|turn|50\n|\n|t:|1699672889\n|move|p2a: Arceus|Judgment|p1a: Zygarde\n|-damage|p1a: Zygarde|19\/100\n|move|p1a: Zygarde|Rest|p1a: Zygarde\n|-status|p1a: Zygarde|slp|[from] move: Rest\n|-heal|p1a: Zygarde|100\/100 slp|[silent]\n|\n|upkeep\n|turn|51\n|\n|t:|1699672894\n|move|p2a: Arceus|Recover|p2a: Arceus\n|-heal|p2a: Arceus|100\/100\n|cant|p1a: Zygarde|slp\n|\n|upkeep\n|turn|52\n|\n|t:|1699672900\n|switch|p2a: Kangaskhan|Kangaskhan-Mega, F|90\/100\n|cant|p1a: Zygarde|slp\n|\n|-heal|p2a: Kangaskhan|96\/100|[from] item: Leftovers\n|upkeep\n|turn|53\n|\n|t:|1699672924\n|switch|p1a: Sableye|Sableye-Mega, F|100\/100\n|move|p2a: Kangaskhan|Wish|p2a: Kangaskhan\n|\n|-heal|p2a: Kangaskhan|100\/100|[from] item: Leftovers\n|upkeep\n|turn|54\n|\n|t:|1699672940\n|switch|p2a: Zacian|Zacian-Crowned|76\/100 par\n|switch|p1a: Zygarde|Zygarde-Complete|100\/100 slp\n|\n|-heal|p2a: Zacian|100\/100 par|[from] move: Wish|[wisher] Kangaskhan\n|upkeep\n|turn|55\n|\n|t:|1699672945\n|-curestatus|p1a: Zygarde|slp|[msg]\n|move|p1a: Zygarde|Coil|p1a: Zygarde\n|-boost|p1a: Zygarde|atk|1\n|-boost|p1a: Zygarde|def|1\n|-boost|p1a: Zygarde|accuracy|1\n|cant|p2a: Zacian|par\n|\n|upkeep\n|turn|56\n|\n|t:|1699672953\n|switch|p2a: Kangaskhan|Kangaskhan-Mega, F|100\/100\n|move|p1a: Zygarde|Coil|p1a: Zygarde\n|-boost|p1a: Zygarde|atk|1\n|-boost|p1a: Zygarde|def|1\n|-boost|p1a: Zygarde|accuracy|1\n|\n|upkeep\n|turn|57\n|\n|t:|1699672959\n|move|p2a: Kangaskhan|Seismic Toss|p1a: Zygarde\n|-damage|p1a: Zygarde|85\/100\n|-damage|p1a: Zygarde|69\/100\n|-hitcount|p1a: Zygarde|2\n|move|p1a: Zygarde|Coil|p1a: Zygarde\n|-boost|p1a: Zygarde|atk|1\n|-boost|p1a: Zygarde|def|1\n|-boost|p1a: Zygarde|accuracy|1\n|\n|-heal|p1a: Zygarde|75\/100|[from] item: Leftovers\n|upkeep\n|turn|58\n|\n|t:|1699672962\n|move|p2a: Kangaskhan|Seismic Toss|p1a: Zygarde\n|-damage|p1a: Zygarde|59\/100\n|-damage|p1a: Zygarde|44\/100\n|-hitcount|p1a: Zygarde|2\n|move|p1a: Zygarde|Coil|p1a: Zygarde\n|-boost|p1a: Zygarde|atk|1\n|-boost|p1a: Zygarde|def|1\n|-boost|p1a: Zygarde|accuracy|1\n|\n|-heal|p1a: Zygarde|50\/100|[from] item: Leftovers\n|upkeep\n|turn|59\n|\n|t:|1699672965\n|move|p2a: Kangaskhan|Seismic Toss|p1a: Zygarde\n|-damage|p1a: Zygarde|34\/100\n|-damage|p1a: Zygarde|18\/100\n|-hitcount|p1a: Zygarde|2\n|move|p1a: Zygarde|Rest|p1a: Zygarde\n|-status|p1a: Zygarde|slp|[from] move: Rest\n|-heal|p1a: Zygarde|100\/100 slp|[silent]\n|\n|upkeep\n|turn|60\n|\n|t:|1699672967\n|move|p2a: Kangaskhan|Wish|p2a: Kangaskhan\n|cant|p1a: Zygarde|slp\n|\n|upkeep\n|turn|61\n|\n|t:|1699672970\n|switch|p2a: Latias|Latias-Mega, F|88\/100 tox\n|cant|p1a: Zygarde|slp\n|\n|-heal|p2a: Latias|100\/100 tox|[from] move: Wish|[wisher] Kangaskhan\n|-damage|p2a: Latias|94\/100 tox|[from] psn\n|upkeep\n|turn|62\n|\n|t:|1699672976\n|move|p2a: Latias|Draco Meteor|p1a: Zygarde\n|-supereffective|p1a: Zygarde\n|-damage|p1a: Zygarde|34\/100 slp\n|-unboost|p2a: Latias|spa|2\n|-curestatus|p1a: Zygarde|slp|[msg]\n|move|p1a: Zygarde|Dragon Tail|p2a: Latias\n|-supereffective|p2a: Latias\n|-damage|p2a: Latias|18\/100 tox\n|drag|p2a: Kangaskhan|Kangaskhan-Mega, F|100\/100\n|\n|-heal|p1a: Zygarde|40\/100|[from] item: Leftovers\n|upkeep\n|turn|63\n|\n|t:|1699672983\n|move|p2a: Kangaskhan|Fake Out|p1a: Zygarde\n|-damage|p1a: Zygarde|38\/100\n|-damage|p1a: Zygarde|38\/100\n|-hitcount|p1a: Zygarde|2\n|cant|p1a: Zygarde|flinch\n|\n|-heal|p1a: Zygarde|44\/100|[from] item: Leftovers\n|upkeep\n|turn|64\n|\n|t:|1699672986\n|move|p2a: Kangaskhan|Seismic Toss|p1a: Zygarde\n|-damage|p1a: Zygarde|28\/100\n|-damage|p1a: Zygarde|13\/100\n|-hitcount|p1a: Zygarde|2\n|move|p1a: Zygarde|Rest|p1a: Zygarde\n|-status|p1a: Zygarde|slp|[from] move: Rest\n|-heal|p1a: Zygarde|100\/100 slp|[silent]\n|\n|upkeep\n|turn|65\n|\n|t:|1699672991\n|move|p2a: Kangaskhan|Wish|p2a: Kangaskhan\n|cant|p1a: Zygarde|slp\n|\n|upkeep\n|turn|66\n|\n|t:|1699672994\n|switch|p2a: Latias|Latias-Mega, F|18\/100 tox\n|cant|p1a: Zygarde|slp\n|\n|-heal|p2a: Latias|75\/100 tox|[from] move: Wish|[wisher] Kangaskhan\n|-damage|p2a: Latias|69\/100 tox|[from] psn\n|upkeep\n|turn|67\n|\n|t:|1699672998\n|move|p2a: Latias|Draco Meteor|p1a: Zygarde|[miss]\n|-miss|p2a: Latias|p1a: Zygarde\n|-curestatus|p1a: Zygarde|slp|[msg]\n|move|p1a: Zygarde|Thousand Arrows|p2a: Latias\n|-damage|p2a: Latias|11\/100 tox\n|-start|p2a: Latias|Smack Down\n|\n|-damage|p2a: Latias|0 fnt|[from] psn\n|faint|p2a: Latias\n|upkeep\n|\n|t:|1699673016\n|switch|p2a: Kangaskhan|Kangaskhan-Mega, F|100\/100\n|turn|68\n|\n|t:|1699673019\n|move|p2a: Kangaskhan|Seismic Toss|p1a: Zygarde\n|-damage|p1a: Zygarde|85\/100\n|-damage|p1a: Zygarde|69\/100\n|-hitcount|p1a: Zygarde|2\n|move|p1a: Zygarde|Coil|p1a: Zygarde\n|-boost|p1a: Zygarde|atk|1\n|-boost|p1a: Zygarde|def|1\n|-boost|p1a: Zygarde|accuracy|1\n|\n|-heal|p1a: Zygarde|75\/100|[from] item: Leftovers\n|upkeep\n|turn|69\n|\n|t:|1699673022\n|move|p2a: Kangaskhan|Seismic Toss|p1a: Zygarde\n|-damage|p1a: Zygarde|59\/100\n|-damage|p1a: Zygarde|44\/100\n|-hitcount|p1a: Zygarde|2\n|move|p1a: Zygarde|Thousand Arrows|p2a: Kangaskhan\n|-damage|p2a: Kangaskhan|17\/100\n|\n|-heal|p2a: Kangaskhan|23\/100|[from] item: Leftovers\n|-heal|p1a: Zygarde|50\/100|[from] item: Leftovers\n|upkeep\n|turn|70\n|\n|t:|1699673025\n|move|p2a: Kangaskhan|Wish|p2a: Kangaskhan\n|move|p1a: Zygarde|Thousand Arrows|p2a: Kangaskhan\n|-damage|p2a: Kangaskhan|0 fnt\n|faint|p2a: Kangaskhan\n|\n|-heal|p1a: Zygarde|56\/100|[from] item: Leftovers\n|upkeep\n|\n|t:|1699673029\n|switch|p2a: Arceus|Arceus-Ground|100\/100\n|turn|71\n|\n|t:|1699673031\n|move|p2a: Arceus|Judgment|p1a: Zygarde\n|-damage|p1a: Zygarde|27\/100\n|move|p1a: Zygarde|Rest|p1a: Zygarde\n|-status|p1a: Zygarde|slp|[from] move: Rest\n|-heal|p1a: Zygarde|100\/100 slp|[silent]\n|\n|upkeep\n|turn|72\n|\n|t:|1699673035\n|move|p2a: Arceus|Judgment|p1a: Zygarde\n|-damage|p1a: Zygarde|72\/100 slp\n|cant|p1a: Zygarde|slp\n|\n|-heal|p1a: Zygarde|78\/100 slp|[from] item: Leftovers\n|upkeep\n|turn|73\n|\n|t:|1699673040\n|move|p2a: Arceus|Judgment|p1a: Zygarde\n|-damage|p1a: Zygarde|50\/100 slp\n|cant|p1a: Zygarde|slp\n|\n|-heal|p1a: Zygarde|56\/100 slp|[from] item: Leftovers\n|upkeep\n|turn|74\n|\n|t:|1699673041\n|move|p2a: Arceus|Judgment|p1a: Zygarde\n|-damage|p1a: Zygarde|28\/100 slp\n|-curestatus|p1a: Zygarde|slp|[msg]\n|move|p1a: Zygarde|Coil|p1a: Zygarde\n|-boost|p1a: Zygarde|atk|1\n|-boost|p1a: Zygarde|def|1\n|-boost|p1a: Zygarde|accuracy|1\n|\n|-heal|p1a: Zygarde|34\/100|[from] item: Leftovers\n|upkeep\n|turn|75\n|\n|t:|1699673046\n|move|p2a: Arceus|Judgment|p1a: Zygarde\n|-damage|p1a: Zygarde|8\/100\n|move|p1a: Zygarde|Rest|p1a: Zygarde\n|-status|p1a: Zygarde|slp|[from] move: Rest\n|-heal|p1a: Zygarde|100\/100 slp|[silent]\n|\n|upkeep\n|turn|76\n|c|\u2606diemond35472|gg\n|j| CynthiaVC5\n|c|\u2606Pure Hackmons|g_g\n|c|\u2606diemond35472|i cant break this\n|-message|diemond35472 forfeited.\n|\n|win|Pure Hackmons\n|n|\u2606Pure Hackmons|purehackmons\n|n|\u2606diemond35472|diemond35472\n|n|*Lady Monita \u263d|ladymonita\n|n| happysh|happysh\n|n| Molimoli2|molimoli2\n|n| CynthiaVC5|cynthiavc5\n","uploadtime":1699673059,"views":20,"p1id":"purehackmons","p2id":"diemond35472","formatid":"gen9nationaldexubers","rating":0,"private":0,"password":""}