{"id":"gen9nationaldexubers-1979141765","p1":"Jothis","p2":"KavinKM7","format":"[Gen 9] National Dex Ubers","log":"|j|\u2606Jothis\n|j|\u2606KavinKM7\n|t:|1698638044\n|gametype|singles\n|player|p1|Jothis|266|\n|player|p2|KavinKM7|265|\n|teamsize|p1|6\n|teamsize|p2|6\n|gen|9\n|tier|[Gen 9] National Dex Ubers\n|rule|HP Percentage Mod: HP is shown in percentages\n|rule|Endless Battle Clause: Forcing endless battles is banned\n|rule|OHKO Clause: OHKO moves are banned\n|rule|Evasion Moves Clause: Evasion moves are banned\n|rule|Evasion Items Clause: Evasion items are banned\n|rule|Species Clause: Limit one of each Pok\u00e9mon\n|rule|Sleep Clause Mod: Limit one foe put to sleep\n|rule|Mega Rayquaza Clause: You cannot mega evolve Rayquaza\n|clearpoke\n|poke|p1|Baxcalibur, F|\n|poke|p1|Cyclizar, M|\n|poke|p1|Lucario, M|\n|poke|p1|Sceptile, M|\n|poke|p1|Alakazam, F|\n|poke|p1|Arceus-Ghost|\n|poke|p2|Diancie|\n|poke|p2|Kartana|\n|poke|p2|Kyurem|\n|poke|p2|Zamazenta-*|\n|poke|p2|Yveltal|\n|poke|p2|Xerneas-*|\n|teampreview\n|inactive|Battle timer is ON: inactive players will automatically lose when time's up. (requested by Jothis)\n|\n|t:|1698638052\n|start\n|switch|p1a: Sceptile|Sceptile, M|100\/100\n|switch|p2a: Kyurem|Kyurem, shiny|100\/100\n|-ability|p2a: Kyurem|Pressure\n|turn|1\n|\n|t:|1698638069\n|detailschange|p1a: Sceptile|Sceptile-Mega, M\n|-mega|p1a: Sceptile|Sceptile|Sceptilite\n|move|p1a: Sceptile|Dragon Pulse|p2a: Kyurem\n|-supereffective|p2a: Kyurem\n|-damage|p2a: Kyurem|5\/100\n|move|p2a: Kyurem|Ice Beam|p1a: Sceptile\n|-supereffective|p1a: Sceptile\n|-damage|p1a: Sceptile|0 fnt\n|faint|p1a: Sceptile\n|\n|upkeep\n|\n|t:|1698638080\n|switch|p1a: Lucario|Lucario, M|100\/100\n|turn|2\n|\n|t:|1698638086\n|move|p1a: Lucario|Bullet Punch|p2a: Kyurem\n|-supereffective|p2a: Kyurem\n|-damage|p2a: Kyurem|0 fnt\n|faint|p2a: Kyurem\n|\n|upkeep\n|\n|t:|1698638096\n|switch|p2a: Zamazenta|Zamazenta-Crowned|100\/100\n|-ability|p2a: Zamazenta|Dauntless Shield|boost\n|-boost|p2a: Zamazenta|def|1\n|turn|3\n|\n|t:|1698638107\n|switch|p1a: Arceus|Arceus-Ghost|100\/100\n|move|p2a: Zamazenta|Body Press|p1a: Arceus\n|-immune|p1a: Arceus\n|\n|upkeep\n|turn|4\n|\n|t:|1698638123\n|move|p2a: Zamazenta|Crunch|p1a: Arceus\n|-supereffective|p1a: Arceus\n|-damage|p1a: Arceus|67\/100\n|-zpower|p1a: Arceus\n|move|p1a: Arceus|Never-Ending Nightmare|p2a: Zamazenta|[zeffect]\n|-damage|p2a: Zamazenta|72\/100\n|\n|upkeep\n|turn|5\n|\n|t:|1698638150\n|move|p2a: Zamazenta|Behemoth Bash|p1a: Arceus\n|-damage|p1a: Arceus|36\/100\n|move|p1a: Arceus|Earthquake|p2a: Zamazenta\n|-supereffective|p2a: Zamazenta\n|-damage|p2a: Zamazenta|40\/100\n|\n|upkeep\n|turn|6\n|\n|t:|1698638159\n|move|p2a: Zamazenta|Crunch|p1a: Arceus\n|-supereffective|p1a: Arceus\n|-damage|p1a: Arceus|4\/100\n|move|p1a: Arceus|Earthquake|p2a: Zamazenta\n|-supereffective|p2a: Zamazenta\n|-damage|p2a: Zamazenta|10\/100\n|\n|upkeep\n|turn|7\n|\n|t:|1698638168\n|move|p1a: Arceus|Extreme Speed|p2a: Zamazenta\n|-resisted|p2a: Zamazenta\n|-damage|p2a: Zamazenta|5\/100\n|move|p2a: Zamazenta|Behemoth Bash|p1a: Arceus\n|-damage|p1a: Arceus|0 fnt\n|faint|p1a: Arceus\n|\n|upkeep\n|\n|t:|1698638177\n|switch|p1a: Lucario|Lucario, M|100\/100\n|turn|8\n|\n|t:|1698638192\n|move|p1a: Lucario|Bullet Punch|p2a: Zamazenta\n|-resisted|p2a: Zamazenta\n|-damage|p2a: Zamazenta|0 fnt\n|faint|p2a: Zamazenta\n|\n|upkeep\n|\n|t:|1698638199\n|switch|p2a: Yveltal|Yveltal|100\/100\n|-ability|p2a: Yveltal|Dark Aura\n|turn|9\n|inactive|Jothis has 270 seconds left.\n|\n|t:|1698638238\n|move|p1a: Lucario|Swords Dance|p1a: Lucario\n|-boost|p1a: Lucario|atk|2\n|move|p2a: Yveltal|Knock Off|p1a: Lucario\n|-resisted|p1a: Lucario\n|-damage|p1a: Lucario|72\/100\n|\n|upkeep\n|turn|10\n|inactive|Jothis has 270 seconds left.\n|\n|t:|1698638253\n|move|p1a: Lucario|Close Combat|p2a: Yveltal\n|-damage|p2a: Yveltal|0 fnt\n|-unboost|p1a: Lucario|def|1\n|-unboost|p1a: Lucario|spd|1\n|faint|p2a: Yveltal\n|\n|upkeep\n|\n|t:|1698638265\n|switch|p2a: Kartana|Kartana, shiny|100\/100\n|turn|11\n|inactive|Jothis has 270 seconds left.\n|\n|t:|1698638287\n|switch|p1a: Cyclizar|Cyclizar, M|100\/100\n|move|p2a: Kartana|Sacred Sword|p1a: Cyclizar\n|-supereffective|p1a: Cyclizar\n|-damage|p1a: Cyclizar|0 fnt\n|faint|p1a: Cyclizar\n|-ability|p2a: Kartana|Beast Boost|boost\n|-boost|p2a: Kartana|atk|1\n|\n|upkeep\n|\n|t:|1698638295\n|switch|p1a: Alakazam|Alakazam, F|100\/100\n|turn|12\n|inactive|KavinKM7 has 270 seconds left.\n|\n|t:|1698638333\n|move|p1a: Alakazam|Psychic|p2a: Kartana\n|-resisted|p2a: Kartana\n|-damage|p2a: Kartana|25\/100\n|move|p2a: Kartana|Leaf Blade|p1a: Alakazam\n|-damage|p1a: Alakazam|0 fnt\n|faint|p1a: Alakazam\n|-ability|p2a: Kartana|Beast Boost|boost\n|-boost|p2a: Kartana|atk|1\n|\n|-heal|p2a: Kartana|31\/100|[from] item: Leftovers\n|upkeep\n|\n|t:|1698638351\n|switch|p1a: Lucario|Lucario, M|72\/100\n|turn|13\n|inactive|KavinKM7 has 270 seconds left.\n|\n|t:|1698638374\n|move|p1a: Lucario|Bullet Punch|p2a: Kartana\n|-resisted|p2a: Kartana\n|-damage|p2a: Kartana|20\/100\n|move|p2a: Kartana|Sacred Sword|p1a: Lucario\n|-supereffective|p1a: Lucario\n|-damage|p1a: Lucario|0 fnt\n|faint|p1a: Lucario\n|-ability|p2a: Kartana|Beast Boost|boost\n|-boost|p2a: Kartana|atk|1\n|\n|-heal|p2a: Kartana|26\/100|[from] item: Leftovers\n|upkeep\n|\n|t:|1698638379\n|switch|p1a: Baxcalibur|Baxcalibur, F|100\/100\n|turn|14\n|inactive|Jothis has 270 seconds left.\n|inactive|KavinKM7 has 270 seconds left.\n|\n|t:|1698638393\n|-terastallize|p1a: Baxcalibur|Dragon\n|move|p2a: Kartana|Sacred Sword|p1a: Baxcalibur\n|-damage|p1a: Baxcalibur|0 fnt\n|faint|p1a: Baxcalibur\n|\n|win|KavinKM7\n|l|\u2606Jothis\n","uploadtime":1698638411,"views":14,"p1id":"jothis","p2id":"kavinkm7","formatid":"gen9nationaldexubers","rating":0,"private":0,"password":""}