{"id":"gen9nationaldexubers-1989080263","p1":"imjustthatawsom","p2":"Autumn kings","format":"[Gen 9] National Dex Ubers","log":"|j|\u2606imjustthatawsom\n|j|\u2606Autumn kings\n|t:|1699810014\n|gametype|singles\n|player|p1|imjustthatawsom|101|\n|player|p2|Autumn kings|1|\n|teamsize|p1|6\n|teamsize|p2|6\n|gen|9\n|tier|[Gen 9] National Dex Ubers\n|rule|HP Percentage Mod: HP is shown in percentages\n|rule|Endless Battle Clause: Forcing endless battles is banned\n|rule|OHKO Clause: OHKO moves are banned\n|rule|Evasion Moves Clause: Evasion moves are banned\n|rule|Evasion Items Clause: Evasion items are banned\n|rule|Species Clause: Limit one of each Pok\u00e9mon\n|rule|Sleep Clause Mod: Limit one foe put to sleep\n|rule|Mega Rayquaza Clause: You cannot mega evolve Rayquaza\n|clearpoke\n|poke|p1|Grafaiai, M|\n|poke|p1|Vaporeon, F|\n|poke|p1|Sableye, F|\n|poke|p1|Bronzong|\n|poke|p1|Dragonite, M|\n|poke|p1|Regigigas|\n|poke|p2|Kilowattrel, M|\n|poke|p2|Klawf, M|\n|poke|p2|Breloom, M|\n|poke|p2|Ceruledge, M|\n|poke|p2|Ting-Lu|\n|poke|p2|Kingambit, M|\n|teampreview\n|\n|t:|1699810058\n|start\n|switch|p1a: Dragonite|Dragonite, M|100\/100\n|switch|p2a: Ting-Lu|Ting-Lu|100\/100\n|-ability|p2a: Ting-Lu|Vessel of Ruin\n|turn|1\n|\n|t:|1699810078\n|move|p1a: Dragonite|Dragon Claw|p2a: Ting-Lu\n|-damage|p2a: Ting-Lu|79\/100\n|move|p2a: Ting-Lu|Ruination|p1a: Dragonite\n|-damage|p1a: Dragonite|50\/100\n|\n|-heal|p2a: Ting-Lu|86\/100|[from] item: Leftovers\n|upkeep\n|turn|2\n|\n|t:|1699810090\n|switch|p1a: Vaporeon|Vaporeon, F|100\/100\n|move|p2a: Ting-Lu|Earthquake|p1a: Vaporeon\n|-damage|p1a: Vaporeon|57\/100\n|\n|-heal|p1a: Vaporeon|63\/100|[from] item: Leftovers\n|-heal|p2a: Ting-Lu|92\/100|[from] item: Leftovers\n|upkeep\n|turn|3\n|\n|t:|1699810100\n|move|p1a: Vaporeon|Scald|p2a: Ting-Lu\n|-supereffective|p2a: Ting-Lu\n|-damage|p2a: Ting-Lu|51\/100\n|move|p2a: Ting-Lu|Whirlwind|p1a: Vaporeon\n|drag|p1a: Sableye|Sableye, F|100\/100\n|\n|-heal|p2a: Ting-Lu|57\/100|[from] item: Leftovers\n|upkeep\n|turn|4\n|\n|t:|1699810114\n|switch|p1a: Bronzong|Bronzong|100\/100\n|move|p2a: Ting-Lu|Ruination|p1a: Bronzong\n|-damage|p1a: Bronzong|50\/100\n|\n|-heal|p2a: Ting-Lu|63\/100|[from] item: Leftovers\n|upkeep\n|turn|5\n|\n|t:|1699810129\n|move|p2a: Ting-Lu|Whirlwind|p1a: Bronzong\n|drag|p1a: Dragonite|Dragonite, M|50\/100\n|\n|-heal|p2a: Ting-Lu|70\/100|[from] item: Leftovers\n|upkeep\n|turn|6\n|\n|t:|1699810135\n|move|p1a: Dragonite|Dragon Claw|p2a: Ting-Lu\n|-damage|p2a: Ting-Lu|48\/100\n|move|p2a: Ting-Lu|Earthquake|p1a: Dragonite\n|-immune|p1a: Dragonite\n|\n|-heal|p2a: Ting-Lu|54\/100|[from] item: Leftovers\n|upkeep\n|turn|7\n|\n|t:|1699810145\n|move|p1a: Dragonite|Dragon Claw|p2a: Ting-Lu\n|-damage|p2a: Ting-Lu|31\/100\n|move|p2a: Ting-Lu|Stealth Rock|p1a: Dragonite\n|-sidestart|p1: imjustthatawsom|move: Stealth Rock\n|\n|-heal|p2a: Ting-Lu|37\/100|[from] item: Leftovers\n|upkeep\n|turn|8\n|\n|t:|1699810155\n|move|p1a: Dragonite|Dragon Claw|p2a: Ting-Lu\n|-damage|p2a: Ting-Lu|16\/100\n|move|p2a: Ting-Lu|Ruination|p1a: Dragonite\n|-damage|p1a: Dragonite|26\/100\n|\n|-heal|p2a: Ting-Lu|22\/100|[from] item: Leftovers\n|upkeep\n|turn|9\n|\n|t:|1699810165\n|move|p1a: Dragonite|Dragon Claw|p2a: Ting-Lu\n|-damage|p2a: Ting-Lu|0 fnt\n|faint|p2a: Ting-Lu\n|\n|upkeep\n|\n|t:|1699810172\n|switch|p2a: Klawf|Klawf, M|100\/100\n|turn|10\n|\n|t:|1699810178\n|move|p2a: Klawf|Knock Off|p1a: Dragonite\n|-damage|p1a: Dragonite|5\/100\n|-enditem|p1a: Dragonite|Weakness Policy|[from] move: Knock Off|[of] p2a: Klawf\n|move|p1a: Dragonite|Earthquake|p2a: Klawf\n|-supereffective|p2a: Klawf\n|-damage|p2a: Klawf|30\/100\n|-ability|p2a: Klawf|Anger Shell|boost\n|-boost|p2a: Klawf|atk|1\n|-boost|p2a: Klawf|spa|1\n|-boost|p2a: Klawf|spe|1\n|-unboost|p2a: Klawf|def|1\n|-unboost|p2a: Klawf|spd|1\n|\n|upkeep\n|turn|11\n|\n|t:|1699810189\n|move|p1a: Dragonite|Extreme Speed|p2a: Klawf\n|-resisted|p2a: Klawf\n|-crit|p2a: Klawf\n|-damage|p2a: Klawf|0 fnt\n|faint|p2a: Klawf\n|\n|upkeep\n|\n|t:|1699810195\n|switch|p2a: Kilowattrel|Kilowattrel, M|100\/100\n|turn|12\n|\n|t:|1699810205\n|move|p1a: Dragonite|Extreme Speed|p2a: Kilowattrel\n|-damage|p2a: Kilowattrel|39\/100\n|move|p2a: Kilowattrel|Substitute|p2a: Kilowattrel\n|-start|p2a: Kilowattrel|Substitute\n|-damage|p2a: Kilowattrel|14\/100\n|\n|upkeep\n|turn|13\n|\n|t:|1699810211\n|move|p1a: Dragonite|Extreme Speed|p2a: Kilowattrel\n|-end|p2a: Kilowattrel|Substitute\n|move|p2a: Kilowattrel|Tailwind|p2a: Kilowattrel\n|-sidestart|p2: Autumn kings|move: Tailwind\n|-start|p2a: Kilowattrel|Charge|Tailwind|[from] ability: Wind Power\n|\n|upkeep\n|turn|14\n|\n|t:|1699810217\n|move|p1a: Dragonite|Extreme Speed|p2a: Kilowattrel\n|-crit|p2a: Kilowattrel\n|-damage|p2a: Kilowattrel|0 fnt\n|faint|p2a: Kilowattrel\n|\n|upkeep\n|\n|t:|1699810223\n|switch|p2a: Breloom|Breloom, M, shiny|100\/100\n|turn|15\n|\n|t:|1699810229\n|move|p1a: Dragonite|Extreme Speed|p2a: Breloom\n|-damage|p2a: Breloom|50\/100\n|move|p2a: Breloom|Spore|p1a: Dragonite\n|-status|p1a: Dragonite|slp|[from] move: Spore\n|\n|upkeep\n|turn|16\n|\n|t:|1699810256\n|switch|p1a: Sableye|Sableye, F|100\/100\n|-damage|p1a: Sableye|88\/100|[from] Stealth Rock\n|move|p2a: Breloom|Swords Dance|p2a: Breloom\n|-boost|p2a: Breloom|atk|2\n|\n|-heal|p1a: Sableye|94\/100|[from] item: Leftovers\n|-sideend|p2: Autumn kings|move: Tailwind\n|upkeep\n|turn|17\n|\n|t:|1699810264\n|move|p1a: Sableye|Confuse Ray|p2a: Breloom\n|-start|p2a: Breloom|confusion\n|-activate|p2a: Breloom|confusion\n|move|p2a: Breloom|Spore|p1a: Sableye\n|-message|Sleep Clause Mod activated.\n|-hint|Sleep Clause Mod prevents players from putting more than one of their opponent's Pok\u00e9mon to sleep at a time\n|\n|-heal|p1a: Sableye|100\/100|[from] item: Leftovers\n|upkeep\n|turn|18\n|\n|t:|1699810273\n|move|p1a: Sableye|Thunder Wave|p2a: Breloom\n|-status|p2a: Breloom|par\n|-activate|p2a: Breloom|confusion\n|move|p2a: Breloom|Bullet Seed|p1a: Sableye\n|-damage|p1a: Sableye|63\/100\n|-damage|p1a: Sableye|23\/100\n|-damage|p1a: Sableye|0 fnt\n|faint|p1a: Sableye\n|-hitcount|p1: Sableye|3\n|\n|upkeep\n|\n|t:|1699810285\n|switch|p1a: Grafaiai|Grafaiai, M|100\/100\n|-damage|p1a: Grafaiai|88\/100|[from] Stealth Rock\n|turn|19\n|\n|t:|1699810300\n|move|p1a: Grafaiai|Acrobatics|p2a: Breloom\n|-supereffective|p2a: Breloom\n|-damage|p2a: Breloom|0 fnt\n|faint|p2a: Breloom\n|\n|upkeep\n|\n|t:|1699810305\n|switch|p2a: Ceruledge|Ceruledge, M|100\/100\n|turn|20\n|\n|t:|1699810309\n|move|p1a: Grafaiai|Swagger|p2a: Ceruledge|[miss]\n|-miss|p1a: Grafaiai|p2a: Ceruledge\n|move|p2a: Ceruledge|Close Combat|p1a: Grafaiai\n|-damage|p1a: Grafaiai|13\/100\n|-unboost|p2a: Ceruledge|def|1\n|-unboost|p2a: Ceruledge|spd|1\n|\n|upkeep\n|turn|21\n|\n|t:|1699810319\n|move|p1a: Grafaiai|Swagger|p2a: Ceruledge\n|-boost|p2a: Ceruledge|atk|2\n|-enditem|p1a: Grafaiai|Mirror Herb\n|-boost|p1a: Grafaiai|atk|2|[from] item: Mirror Herb\n|-start|p2a: Ceruledge|confusion\n|-activate|p2a: Ceruledge|confusion\n|move|p2a: Ceruledge|Bitter Blade|p1a: Grafaiai\n|-damage|p1a: Grafaiai|0 fnt\n|faint|p1a: Grafaiai\n|\n|upkeep\n|\n|t:|1699810328\n|switch|p1a: Vaporeon|Vaporeon, F|63\/100\n|-damage|p1a: Vaporeon|51\/100|[from] Stealth Rock\n|turn|22\n|\n|t:|1699810337\n|-activate|p2a: Ceruledge|confusion\n|move|p2a: Ceruledge|Close Combat|p1a: Vaporeon\n|-damage|p1a: Vaporeon|0 fnt\n|-unboost|p2a: Ceruledge|def|1\n|-unboost|p2a: Ceruledge|spd|1\n|faint|p1a: Vaporeon\n|\n|upkeep\n|\n|t:|1699810343\n|switch|p1a: Regigigas|Regigigas|100\/100\n|-damage|p1a: Regigigas|88\/100|[from] Stealth Rock\n|-start|p1a: Regigigas|ability: Slow Start\n|turn|23\n|\n|t:|1699810352\n|move|p1a: Regigigas|Protect|p1a: Regigigas\n|-singleturn|p1a: Regigigas|Protect\n|-activate|p2a: Ceruledge|confusion\n|move|p2a: Ceruledge|Close Combat|p1a: Regigigas\n|-activate|p1a: Regigigas|move: Protect\n|\n|-heal|p1a: Regigigas|94\/100|[from] item: Leftovers\n|upkeep\n|turn|24\n|\n|t:|1699810362\n|-end|p2a: Ceruledge|confusion\n|move|p2a: Ceruledge|Close Combat|p1a: Regigigas\n|-supereffective|p1a: Regigigas\n|-damage|p1a: Regigigas|0 fnt\n|-unboost|p2a: Ceruledge|def|1\n|-unboost|p2a: Ceruledge|spd|1\n|faint|p1a: Regigigas\n|-end|p1a: Regigigas|Slow Start|[silent]\n|\n|upkeep\n|\n|t:|1699810375\n|switch|p1a: Dragonite|Dragonite, M|5\/100 slp\n|-damage|p1a: Dragonite|0 fnt|[from] Stealth Rock\n|faint|p1a: Dragonite\n|\n|t:|1699810378\n|switch|p1a: Bronzong|Bronzong|50\/100\n|-damage|p1a: Bronzong|44\/100|[from] Stealth Rock\n|turn|25\n|\n|t:|1699810383\n|move|p2a: Ceruledge|Close Combat|p1a: Bronzong\n|-damage|p1a: Bronzong|0 fnt\n|-unboost|p2a: Ceruledge|def|1\n|-unboost|p2a: Ceruledge|spd|1\n|faint|p1a: Bronzong\n|\n|win|Autumn kings\n|c|\u2606imjustthatawsom|gg\n|l|\u2606imjustthatawsom\n|l|\u2606Autumn kings\n|j|\u2606imjustthatawsom\n|player|p1|imjustthatawsom|101\n","uploadtime":1699810414,"views":42,"p1id":"imjustthatawsom","p2id":"autumnkings","formatid":"gen9nationaldexubers","rating":0,"private":0,"password":""}