{"id":"gen9nationaldexubers-1993677002","p1":"FrostBv","p2":"pokann","format":"[Gen 9] National Dex Ubers","log":"|j|\u2606FrostBv\n|j|\u2606pokann\n|t:|1700344478\n|gametype|singles\n|player|p1|FrostBv|giovanni|1165\n|player|p2|pokann|unknown|1159\n|teamsize|p1|6\n|teamsize|p2|6\n|gen|9\n|tier|[Gen 9] National Dex Ubers\n|rated|\n|rule|HP Percentage Mod: HP is shown in percentages\n|rule|Endless Battle Clause: Forcing endless battles is banned\n|rule|OHKO Clause: OHKO moves are banned\n|rule|Evasion Moves Clause: Evasion moves are banned\n|rule|Evasion Items Clause: Evasion items are banned\n|rule|Species Clause: Limit one of each Pok\u00e9mon\n|rule|Sleep Clause Mod: Limit one foe put to sleep\n|rule|Mega Rayquaza Clause: You cannot mega evolve Rayquaza\n|clearpoke\n|poke|p1|Deoxys-Defense|\n|poke|p1|Yveltal|\n|poke|p1|Groudon|\n|poke|p1|Dragapult, M|\n|poke|p1|Metagross|\n|poke|p1|Zygarde|\n|poke|p2|Corviknight, M|\n|poke|p2|Zacian-*|\n|poke|p2|Lucario, F|\n|poke|p2|Aggron, F|\n|poke|p2|Scizor, M|\n|poke|p2|Copperajah, M|\n|teampreview\n|\n|t:|1700344486\n|start\n|switch|p1a: Deoxys|Deoxys-Defense|100\/100\n|switch|p2a: Scizor|Scizor, M|100\/100\n|-ability|p1a: Deoxys|Pressure\n|turn|1\n|\n|t:|1700344501\n|move|p2a: Scizor|Bullet Punch|p1a: Deoxys\n|-damage|p1a: Deoxys|62\/100\n|move|p1a: Deoxys|Stealth Rock|p2a: Scizor\n|-sidestart|p2: pokann|move: Stealth Rock\n|\n|-heal|p1a: Deoxys|68\/100|[from] item: Leftovers\n|upkeep\n|turn|2\n|\n|t:|1700344507\n|move|p2a: Scizor|Bullet Punch|p1a: Deoxys\n|-damage|p1a: Deoxys|28\/100\n|move|p1a: Deoxys|Ice Beam|p2a: Scizor\n|-resisted|p2a: Scizor\n|-damage|p2a: Scizor|90\/100\n|\n|-heal|p1a: Deoxys|34\/100|[from] item: Leftovers\n|upkeep\n|turn|3\n|\n|t:|1700344514\n|move|p2a: Scizor|Bullet Punch|p1a: Deoxys\n|-damage|p1a: Deoxys|0 fnt\n|faint|p1a: Deoxys\n|\n|upkeep\n|\n|t:|1700344519\n|switch|p1a: Yveltal|Yveltal|100\/100\n|-ability|p1a: Yveltal|Dark Aura\n|turn|4\n|c|\u2606pokann|bruh\n|\n|t:|1700344525\n|move|p2a: Scizor|Bullet Punch|p1a: Yveltal\n|-crit|p1a: Yveltal\n|-damage|p1a: Yveltal|17\/100\n|move|p1a: Yveltal|Oblivion Wing|p2a: Scizor\n|-damage|p2a: Scizor|27\/100\n|-heal|p1a: Yveltal|51\/100|[from] drain|[of] p2a: Scizor\n|\n|upkeep\n|turn|5\n|\n|t:|1700344534\n|move|p2a: Scizor|Bullet Punch|p1a: Yveltal\n|-damage|p1a: Yveltal|3\/100\n|move|p1a: Yveltal|Oblivion Wing|p2a: Scizor\n|-damage|p2a: Scizor|0 fnt\n|-heal|p1a: Yveltal|17\/100|[from] drain|[of] p2a: Scizor\n|faint|p2a: Scizor\n|\n|upkeep\n|\n|t:|1700344539\n|switch|p2a: Copperajah|Copperajah, M|100\/100\n|-damage|p2a: Copperajah|94\/100|[from] Stealth Rock\n|turn|6\n|\n|t:|1700344544\n|move|p1a: Yveltal|Knock Off|p2a: Copperajah\n|-damage|p2a: Copperajah|30\/100\n|-enditem|p2a: Copperajah|Life Orb|[from] move: Knock Off|[of] p1a: Yveltal\n|move|p2a: Copperajah|Play Rough|p1a: Yveltal\n|-supereffective|p1a: Yveltal\n|-damage|p1a: Yveltal|0 fnt\n|faint|p1a: Yveltal\n|\n|upkeep\n|\n|t:|1700344555\n|switch|p1a: Metagross|Metagross, shiny|100\/100\n|turn|7\n|\n|t:|1700344563\n|detailschange|p1a: Metagross|Metagross-Mega, shiny\n|-mega|p1a: Metagross|Metagross|Metagrossite\n|move|p1a: Metagross|Power-Up Punch|p2a: Copperajah\n|-supereffective|p2a: Copperajah\n|-damage|p2a: Copperajah|0 fnt\n|-boost|p1a: Metagross|atk|1\n|faint|p2a: Copperajah\n|\n|upkeep\n|\n|t:|1700344575\n|switch|p2a: Corviknight|Corviknight, M|100\/100\n|-damage|p2a: Corviknight|88\/100|[from] Stealth Rock\n|-ability|p2a: Corviknight|Pressure\n|turn|8\n|\n|t:|1700344581\n|move|p1a: Metagross|Ice Punch|p2a: Corviknight\n|-damage|p2a: Corviknight|53\/100\n|move|p2a: Corviknight|Rock Smash|p1a: Metagross\n|-damage|p1a: Metagross|94\/100\n|-unboost|p1a: Metagross|def|1\n|\n|upkeep\n|turn|9\n|\n|t:|1700344590\n|move|p1a: Metagross|Power-Up Punch|p2a: Corviknight\n|-damage|p2a: Corviknight|35\/100\n|-boost|p1a: Metagross|atk|1\n|move|p2a: Corviknight|Rock Smash|p1a: Metagross\n|-damage|p1a: Metagross|85\/100\n|\n|upkeep\n|turn|10\n|c|\u2606pokann|good team\n|\n|t:|1700344599\n|move|p1a: Metagross|Power-Up Punch|p2a: Corviknight\n|-damage|p2a: Corviknight|10\/100\n|-boost|p1a: Metagross|atk|1\n|move|p2a: Corviknight|Rock Smash|p1a: Metagross\n|-damage|p1a: Metagross|74\/100\n|\n|upkeep\n|turn|11\n|\n|t:|1700344607\n|move|p1a: Metagross|Power-Up Punch|p2a: Corviknight\n|-damage|p2a: Corviknight|0 fnt\n|-boost|p1a: Metagross|atk|1\n|faint|p2a: Corviknight\n|\n|upkeep\n|\n|t:|1700344613\n|switch|p2a: Zacian|Zacian-Crowned, shiny|100\/100\n|-damage|p2a: Zacian|94\/100|[from] Stealth Rock\n|-ability|p2a: Zacian|Intrepid Sword|boost\n|-boost|p2a: Zacian|atk|1\n|turn|12\n|\n|t:|1700344619\n|move|p1a: Metagross|Bullet Punch|p2a: Zacian\n|-damage|p2a: Zacian|18\/100\n|move|p2a: Zacian|Behemoth Blade|p1a: Metagross\n|-resisted|p1a: Metagross\n|-damage|p1a: Metagross|19\/100\n|\n|upkeep\n|turn|13\n|\n|t:|1700344625\n|move|p1a: Metagross|Bullet Punch|p2a: Zacian\n|-damage|p2a: Zacian|0 fnt\n|faint|p2a: Zacian\n|\n|upkeep\n|\n|t:|1700344628\n|switch|p2a: Lucario|Lucario, F|100\/100\n|-damage|p2a: Lucario|98\/100|[from] Stealth Rock\n|turn|14\n|\n|t:|1700344632\n|move|p1a: Metagross|Bullet Punch|p2a: Lucario\n|-resisted|p2a: Lucario\n|-damage|p2a: Lucario|26\/100\n|move|p2a: Lucario|Close Combat|p1a: Metagross\n|-damage|p1a: Metagross|0 fnt\n|-unboost|p2a: Lucario|def|1\n|-unboost|p2a: Lucario|spd|1\n|faint|p1a: Metagross\n|\n|upkeep\n|\n|t:|1700344641\n|switch|p1a: Groudon|Groudon|100\/100\n|detailschange|p1a: Groudon|Groudon-Primal\n|-primal|p1a: Groudon|Red Orb\n|-weather|DesolateLand|[from] ability: Desolate Land|[of] p1a: Groudon\n|turn|15\n|\n|t:|1700344646\n|move|p1a: Groudon|Precipice Blades|p2a: Lucario\n|-supereffective|p2a: Lucario\n|-damage|p2a: Lucario|0 fnt\n|faint|p2a: Lucario\n|\n|-weather|DesolateLand|[upkeep]\n|upkeep\n|\n|t:|1700344649\n|switch|p2a: Aggron|Aggron, F|100\/100\n|-damage|p2a: Aggron|94\/100|[from] Stealth Rock\n|turn|16\n|\n|t:|1700344654\n|detailschange|p2a: Aggron|Aggron-Mega, F\n|-mega|p2a: Aggron|Aggron|Aggronite\n|move|p1a: Groudon|Eruption|p2a: Aggron\n|-supereffective|p2a: Aggron\n|-damage|p2a: Aggron|0 fnt\n|faint|p2a: Aggron\n|\n|win|FrostBv\n|raw|FrostBv's rating: 1165 &rarr; <strong>1190<\/strong><br \/>(+25 for winning)\n|raw|pokann's rating: 1159 &rarr; <strong>1134<\/strong><br \/>(-25 for losing)\n|l|\u2606pokann\n","uploadtime":1700344664,"views":13,"p1id":"frostbv","p2id":"pokann","formatid":"gen9nationaldexubers","rating":1134,"private":0,"password":""}