{"id":"gen9nationaldexubers-1998758929","p1":"pvpclown","p2":"mdjsk","format":"[Gen 9] National Dex Ubers","log":"|j|\u2606pvpclown\n|j|\u2606mdjsk\n|t:|1700984834\n|gametype|singles\n|player|p1|pvpclown|rocketgrunt|1354\n|player|p2|mdjsk|ghetsis-gen5bw|1184\n|teamsize|p1|6\n|teamsize|p2|6\n|gen|9\n|tier|[Gen 9] National Dex Ubers\n|rated|\n|rule|HP Percentage Mod: HP is shown in percentages\n|rule|Endless Battle Clause: Forcing endless battles is banned\n|rule|OHKO Clause: OHKO moves are banned\n|rule|Evasion Moves Clause: Evasion moves are banned\n|rule|Evasion Items Clause: Evasion items are banned\n|rule|Species Clause: Limit one of each Pok\u00e9mon\n|rule|Sleep Clause Mod: Limit one foe put to sleep\n|rule|Mega Rayquaza Clause: You cannot mega evolve Rayquaza\n|clearpoke\n|poke|p1|Rayquaza|\n|poke|p1|Zacian-*|\n|poke|p1|Arceus-Ground|\n|poke|p1|Xerneas-*|\n|poke|p1|Ditto|\n|poke|p1|Flutter Mane|\n|poke|p2|Melmetal|\n|poke|p2|Xerneas-*|\n|poke|p2|Arceus|\n|poke|p2|Darkrai|\n|poke|p2|Xurkitree|\n|poke|p2|Toxapex, F|\n|teampreview\n|inactive|Battle timer is ON: inactive players will automatically lose when time's up. (requested by pvpclown)\n|\n|t:|1700984873\n|start\n|switch|p1a: Rayquaza|Rayquaza|100\/100\n|switch|p2a: Xurkitree|Xurkitree, shiny|100\/100\n|-ability|p1a: Rayquaza|Air Lock\n|turn|1\n|\n|t:|1700984879\n|move|p1a: Rayquaza|V-create|p2a: Xurkitree\n|-damage|p2a: Xurkitree|0 fnt\n|-unboost|p1a: Rayquaza|spe|1\n|-unboost|p1a: Rayquaza|def|1\n|-unboost|p1a: Rayquaza|spd|1\n|faint|p2a: Xurkitree\n|\n|upkeep\n|\n|t:|1700984887\n|switch|p2a: Xerneas|Xerneas|100\/100\n|-ability|p2a: Xerneas|Fairy Aura\n|turn|2\n|\n|t:|1700984891\n|switch|p1a: Zacian|Zacian-Crowned, shiny|100\/100\n|-ability|p1a: Zacian|Intrepid Sword|boost\n|-boost|p1a: Zacian|atk|1\n|move|p2a: Xerneas|Geomancy||[still]\n|-prepare|p2a: Xerneas|Geomancy\n|-enditem|p2a: Xerneas|Power Herb\n|-anim|p2a: Xerneas|Geomancy|p2a: Xerneas\n|-boost|p2a: Xerneas|spa|2\n|-boost|p2a: Xerneas|spd|2\n|-boost|p2a: Xerneas|spe|2\n|\n|upkeep\n|turn|3\n|\n|t:|1700984894\n|move|p2a: Xerneas|Moonblast|p1a: Zacian\n|-resisted|p1a: Zacian\n|-damage|p1a: Zacian|34\/100\n|-unboost|p1a: Zacian|spa|1\n|move|p1a: Zacian|Behemoth Blade|p2a: Xerneas\n|-supereffective|p2a: Xerneas\n|-damage|p2a: Xerneas|0 fnt\n|faint|p2a: Xerneas\n|\n|upkeep\n|\n|t:|1700984901\n|switch|p2a: Melmetal|Melmetal|100\/100\n|turn|4\n|\n|t:|1700984907\n|move|p1a: Zacian|Close Combat|p2a: Melmetal\n|-supereffective|p2a: Melmetal\n|-damage|p2a: Melmetal|21\/100\n|-unboost|p1a: Zacian|def|1\n|-unboost|p1a: Zacian|spd|1\n|move|p2a: Melmetal|Earthquake|p1a: Zacian\n|-supereffective|p1a: Zacian\n|-damage|p1a: Zacian|0 fnt\n|faint|p1a: Zacian\n|\n|upkeep\n|\n|t:|1700984912\n|switch|p1a: Arceus|Arceus-Ground, shiny|100\/100\n|turn|5\n|\n|t:|1700984931\n|move|p1a: Arceus|Judgment|p2a: Melmetal\n|-supereffective|p2a: Melmetal\n|-damage|p2a: Melmetal|0 fnt\n|faint|p2a: Melmetal\n|\n|upkeep\n|\n|t:|1700984936\n|switch|p2a: Toxapex|Toxapex, F, shiny|100\/100\n|turn|6\n|\n|t:|1700984940\n|move|p1a: Arceus|Calm Mind|p1a: Arceus\n|-boost|p1a: Arceus|spa|1\n|-boost|p1a: Arceus|spd|1\n|move|p2a: Toxapex|Stockpile|p2a: Toxapex\n|-start|p2a: Toxapex|stockpile1\n|-boost|p2a: Toxapex|def|1\n|-boost|p2a: Toxapex|spd|1\n|\n|upkeep\n|turn|7\n|\n|t:|1700984945\n|move|p1a: Arceus|Judgment|p2a: Toxapex\n|-supereffective|p2a: Toxapex\n|-damage|p2a: Toxapex|5\/100\n|move|p2a: Toxapex|Scald|p1a: Arceus\n|-supereffective|p1a: Arceus\n|-damage|p1a: Arceus|73\/100\n|\n|-heal|p2a: Toxapex|11\/100|[from] item: Leftovers\n|upkeep\n|turn|8\n|\n|t:|1700984953\n|move|p1a: Arceus|Judgment|p2a: Toxapex\n|-supereffective|p2a: Toxapex\n|-damage|p2a: Toxapex|0 fnt\n|faint|p2a: Toxapex\n|\n|upkeep\n|\n|t:|1700984958\n|switch|p2a: Arceus|Arceus|100\/100\n|turn|9\n|\n|t:|1700984963\n|-terastallize|p2a: Arceus|Normal\n|move|p2a: Arceus|Extreme Speed|p1a: Arceus\n|-damage|p1a: Arceus|19\/100\n|-damage|p2a: Arceus|91\/100|[from] item: Life Orb\n|move|p1a: Arceus|Judgment|p2a: Arceus\n|-damage|p2a: Arceus|34\/100\n|\n|upkeep\n|turn|10\n|\n|t:|1700984969\n|switch|p1a: Flutter Mane|Flutter Mane|100\/100\n|move|p2a: Arceus|Extreme Speed|p1a: Flutter Mane\n|-immune|p1a: Flutter Mane\n|\n|upkeep\n|turn|11\n|\n|t:|1700984982\n|move|p1a: Flutter Mane|Moonblast|p2a: Arceus\n|-damage|p2a: Arceus|0 fnt\n|faint|p2a: Arceus\n|\n|upkeep\n|\n|t:|1700984984\n|switch|p2a: Darkrai|Darkrai|100\/100\n|turn|12\n|\n|t:|1700985013\n|-terastallize|p1a: Flutter Mane|Dark\n|move|p1a: Flutter Mane|Moonblast|p2a: Darkrai\n|-supereffective|p2a: Darkrai\n|-damage|p2a: Darkrai|0 fnt\n|faint|p2a: Darkrai\n|\n|win|pvpclown\n|raw|pvpclown's rating: 1354 &rarr; <strong>1365<\/strong><br \/>(+11 for winning)\n|raw|mdjsk's rating: 1184 &rarr; <strong>1170<\/strong><br \/>(-14 for losing)\n","uploadtime":1700985020,"views":7,"p1id":"pvpclown","p2id":"mdjsk","formatid":"gen9nationaldexubers","rating":1170,"private":0,"password":""}