{"id":"gen9nationaldexubers-1982684989","p1":"Om46","p2":"BankaiBleachGeek","format":"[Gen 9] National Dex Ubers","log":"|j|\u2606Om46\n|j|\u2606BankaiBleachGeek\n|t:|1699035646\n|gametype|singles\n|player|p1|Om46|2|1045\n|player|p2|BankaiBleachGeek|palmer|1065\n|teamsize|p1|6\n|teamsize|p2|6\n|gen|9\n|tier|[Gen 9] National Dex Ubers\n|rated|\n|rule|HP Percentage Mod: HP is shown in percentages\n|rule|Endless Battle Clause: Forcing endless battles is banned\n|rule|OHKO Clause: OHKO moves are banned\n|rule|Evasion Moves Clause: Evasion moves are banned\n|rule|Evasion Items Clause: Evasion items are banned\n|rule|Species Clause: Limit one of each Pok\u00e9mon\n|rule|Sleep Clause Mod: Limit one foe put to sleep\n|rule|Mega Rayquaza Clause: You cannot mega evolve Rayquaza\n|clearpoke\n|poke|p1|Stakataka|\n|poke|p1|Buzzwole|\n|poke|p1|Melmetal|\n|poke|p1|Naganadel|\n|poke|p1|Kartana|\n|poke|p1|Blacephalon|\n|poke|p2|Sceptile, M|\n|poke|p2|Arboliva, F|\n|poke|p2|Electrode-Hisui|\n|poke|p2|Ferrothorn, M|\n|poke|p2|Ludicolo, M|\n|poke|p2|Torterra, M|\n|teampreview\n|\n|t:|1699035654\n|start\n|switch|p1a: Stakataka|Stakataka|100\/100\n|switch|p2a: Electrode|Electrode-Hisui|100\/100\n|turn|1\n|\n|t:|1699035679\n|move|p2a: Electrode|Rain Dance|p2a: Electrode\n|-weather|RainDance\n|move|p1a: Stakataka|Steel Beam|p2a: Electrode\n|-resisted|p2a: Electrode\n|-damage|p2a: Electrode|79\/100\n|-damage|p1a: Stakataka|50\/100|[from] steelbeam\n|\n|-weather|RainDance|[upkeep]\n|upkeep\n|turn|2\n|\n|t:|1699035692\n|move|p2a: Electrode|Volt Switch|p1a: Stakataka\n|-damage|p1a: Stakataka|21\/100\n|\n|t:|1699035695\n|switch|p2a: Ludicolo|Ludicolo, M|100\/100|[from] Volt Switch\n|move|p1a: Stakataka|Stone Edge|p2a: Ludicolo\n|-damage|p2a: Ludicolo|14\/100\n|\n|-weather|RainDance|[upkeep]\n|upkeep\n|turn|3\n|\n|t:|1699035703\n|move|p2a: Ludicolo|Weather Ball|p1a: Stakataka\n|-supereffective|p1a: Stakataka\n|-damage|p1a: Stakataka|0 fnt\n|faint|p1a: Stakataka\n|-damage|p2a: Ludicolo|4\/100|[from] item: Life Orb\n|\n|-weather|RainDance|[upkeep]\n|upkeep\n|\n|t:|1699035710\n|switch|p1a: adel|Buzzwole|100\/100\n|turn|4\n|\n|t:|1699035715\n|-singleturn|p1a: adel|move: Focus Punch\n|move|p2a: Ludicolo|Weather Ball|p1a: adel\n|-damage|p1a: adel|0 fnt\n|faint|p1a: adel\n|-damage|p2a: Ludicolo|0 fnt|[from] item: Life Orb\n|faint|p2a: Ludicolo\n|\n|-weather|RainDance|[upkeep]\n|upkeep\n|\n|t:|1699035729\n|switch|p2a: Electrode|Electrode-Hisui|79\/100\n|switch|p1a: Blacephalon|Blacephalon|100\/100\n|turn|5\n|\n|t:|1699035736\n|move|p2a: Electrode|Thunderbolt|p1a: Blacephalon\n|-damage|p1a: Blacephalon|41\/100\n|move|p1a: Blacephalon|Overheat|p2a: Electrode\n|-supereffective|p2a: Electrode\n|-damage|p2a: Electrode|0 fnt\n|-unboost|p1a: Blacephalon|spa|2\n|faint|p2a: Electrode\n|-ability|p1a: Blacephalon|Beast Boost|boost\n|-boost|p1a: Blacephalon|spa|1\n|\n|-weather|RainDance|[upkeep]\n|upkeep\n|\n|t:|1699035746\n|switch|p2a: Torterra|Torterra, M|100\/100\n|turn|6\n|\n|t:|1699035749\n|move|p1a: Blacephalon|Explosion|p2a: Torterra\n|-damage|p2a: Torterra|55\/100\n|faint|p1a: Blacephalon\n|move|p2a: Torterra|Earthquake|p1: Blacephalon|[notarget]\n|-fail|p2a: Torterra\n|\n|-weather|RainDance|[upkeep]\n|-heal|p2a: Torterra|61\/100|[from] item: Leftovers\n|upkeep\n|\n|t:|1699035761\n|switch|p1a: Kartana|Kartana|100\/100\n|turn|7\n|\n|t:|1699035770\n|move|p1a: Kartana|Solar Blade||[still]\n|-prepare|p1a: Kartana|Solar Blade\n|move|p2a: Torterra|Body Press|p1a: Kartana\n|-supereffective|p1a: Kartana\n|-damage|p1a: Kartana|43\/100\n|\n|-weather|RainDance|[upkeep]\n|-heal|p2a: Torterra|68\/100|[from] item: Leftovers\n|upkeep\n|turn|8\n|\n|t:|1699035779\n|move|p1a: Kartana|Solar Blade|p2a: Torterra|[from]lockedmove\n|-damage|p2a: Torterra|41\/100\n|move|p2a: Torterra|Body Press|p1a: Kartana\n|-supereffective|p1a: Kartana\n|-damage|p1a: Kartana|0 fnt\n|faint|p1a: Kartana\n|\n|-weather|none\n|-heal|p2a: Torterra|47\/100|[from] item: Leftovers\n|upkeep\n|\n|t:|1699035798\n|switch|p1a: Hakim|Naganadel|100\/100\n|turn|9\n|\n|t:|1699035802\n|move|p1a: Hakim|Draco Meteor|p2a: Torterra\n|-damage|p2a: Torterra|0 fnt\n|-unboost|p1a: Hakim|spa|2\n|faint|p2a: Torterra\n|-ability|p1a: Hakim|Beast Boost|boost\n|-boost|p1a: Hakim|spa|1\n|\n|upkeep\n|\n|t:|1699035810\n|switch|p2a: Ferrothorn|Ferrothorn, M|100\/100\n|turn|10\n|\n|t:|1699035816\n|move|p1a: Hakim|Draco Meteor|p2a: Ferrothorn\n|-resisted|p2a: Ferrothorn\n|-damage|p2a: Ferrothorn|81\/100\n|-unboost|p1a: Hakim|spa|2\n|move|p2a: Ferrothorn|Gyro Ball|p1a: Hakim\n|-damage|p1a: Hakim|16\/100\n|\n|upkeep\n|turn|11\n|\n|t:|1699035825\n|-zpower|p1a: Hakim\n|move|p1a: Hakim|Gigavolt Havoc|p2a: Ferrothorn|[zeffect]\n|-resisted|p2a: Ferrothorn\n|-damage|p2a: Ferrothorn|70\/100\n|move|p2a: Ferrothorn|Gyro Ball|p1a: Hakim\n|-damage|p1a: Hakim|0 fnt\n|faint|p1a: Hakim\n|\n|upkeep\n|\n|t:|1699035835\n|switch|p1a: mamma|Melmetal|100\/100\n|turn|12\n|\n|t:|1699035841\n|move|p1a: mamma|Superpower|p2a: Ferrothorn\n|-supereffective|p2a: Ferrothorn\n|-damage|p2a: Ferrothorn|12\/100\n|-unboost|p1a: mamma|atk|1\n|-unboost|p1a: mamma|def|1\n|-damage|p1a: mamma|88\/100|[from] ability: Iron Barbs|[of] p2a: Ferrothorn\n|-damage|p1a: mamma|71\/100|[from] item: Rocky Helmet|[of] p2a: Ferrothorn\n|move|p2a: Ferrothorn|Body Press|p1a: mamma\n|-supereffective|p1a: mamma\n|-damage|p1a: mamma|21\/100\n|\n|upkeep\n|turn|13\n|\n|t:|1699035853\n|move|p1a: mamma|Steel Beam|p2a: Ferrothorn\n|-resisted|p2a: Ferrothorn\n|-damage|p2a: Ferrothorn|0 fnt\n|-damage|p1a: mamma|0 fnt|[from] steelbeam\n|faint|p1a: mamma\n|faint|p2a: Ferrothorn\n|\n|win|BankaiBleachGeek\n|raw|Om46's rating: 1045 &rarr; <strong>1029<\/strong><br \/>(-16 for losing)\n|raw|BankaiBleachGeek's rating: 1065 &rarr; <strong>1094<\/strong><br \/>(+29 for winning)\n|l|\u2606Om46\n","uploadtime":1699035869,"views":8,"p1id":"om46","p2id":"bankaibleachgeek","formatid":"gen9nationaldexubers","rating":1029,"private":0,"password":""}