{"id":"gen9nationaldexubers-1994194417","p1":"Epic_Fall","p2":"vnappy","format":"[Gen 9] National Dex Ubers","log":"|j|\u2606Epic_Fall\n|j|\u2606vnappy\n|t:|1700417549\n|gametype|singles\n|player|p1|Epic_Fall|pokemonrangerf|1202\n|player|p2|vnappy|acetrainer-gen4dp|1228\n|teamsize|p1|6\n|teamsize|p2|6\n|gen|9\n|tier|[Gen 9] National Dex Ubers\n|rated|\n|rule|HP Percentage Mod: HP is shown in percentages\n|rule|Endless Battle Clause: Forcing endless battles is banned\n|rule|OHKO Clause: OHKO moves are banned\n|rule|Evasion Moves Clause: Evasion moves are banned\n|rule|Evasion Items Clause: Evasion items are banned\n|rule|Species Clause: Limit one of each Pok\u00e9mon\n|rule|Sleep Clause Mod: Limit one foe put to sleep\n|rule|Mega Rayquaza Clause: You cannot mega evolve Rayquaza\n|clearpoke\n|poke|p1|Nidoking, M|\n|poke|p1|Palafin, M|\n|poke|p1|Grimmsnarl, M|\n|poke|p1|Ferrothorn, F|\n|poke|p1|Toxapex, M|\n|poke|p1|Gliscor, M|\n|poke|p2|Blastoise, F|\n|poke|p2|Tyranitar, M|\n|poke|p2|Rhydon, F|\n|poke|p2|Nidoking, M|\n|poke|p2|Dragonite, F|\n|poke|p2|Baxcalibur, F|\n|teampreview\n|inactive|Battle timer is ON: inactive players will automatically lose when time's up. (requested by vnappy)\n|j| abGodc\n|\n|t:|1700417562\n|start\n|switch|p1a: Ferrothorn|Ferrothorn, F|100\/100\n|switch|p2a: Nidoking|Nidoking, M|100\/100\n|turn|1\n|c|\u2606vnappy|dang it i guessed wrong\n|\n|t:|1700417580\n|switch|p2a: Blastoise|Blastoise, F|100\/100\n|move|p1a: Ferrothorn|Leech Seed|p2a: Blastoise\n|-start|p2a: Blastoise|move: Leech Seed\n|\n|-damage|p2a: Blastoise|88\/100|[from] Leech Seed|[of] p1a: Ferrothorn\n|upkeep\n|turn|2\n|\n|t:|1700417585\n|detailschange|p2a: Blastoise|Blastoise-Mega, F\n|-mega|p2a: Blastoise|Blastoise|Blastoisinite\n|move|p2a: Blastoise|Shell Smash|p2a: Blastoise\n|-unboost|p2a: Blastoise|def|1\n|-unboost|p2a: Blastoise|spd|1\n|-boost|p2a: Blastoise|atk|2\n|-boost|p2a: Blastoise|spa|2\n|-boost|p2a: Blastoise|spe|2\n|move|p1a: Ferrothorn|Stealth Rock|p2a: Blastoise\n|-sidestart|p2: vnappy|move: Stealth Rock\n|\n|-damage|p2a: Blastoise|76\/100|[from] Leech Seed|[of] p1a: Ferrothorn\n|upkeep\n|turn|3\n|\n|t:|1700417600\n|move|p2a: Blastoise|Aura Sphere|p1a: Ferrothorn\n|-supereffective|p1a: Ferrothorn\n|-damage|p1a: Ferrothorn|0 fnt\n|faint|p1a: Ferrothorn\n|\n|upkeep\n|\n|t:|1700417604\n|switch|p1a: Toxapex|Toxapex, M|100\/100\n|turn|4\n|\n|t:|1700417610\n|move|p2a: Blastoise|Aura Sphere|p1a: Toxapex\n|-resisted|p1a: Toxapex\n|-damage|p1a: Toxapex|61\/100\n|move|p1a: Toxapex|Toxic|p2a: Blastoise\n|-status|p2a: Blastoise|tox\n|\n|-heal|p1a: Toxapex|67\/100|[from] item: Black Sludge\n|-damage|p2a: Blastoise|63\/100 tox|[from] Leech Seed|[of] p1a: Toxapex\n|-heal|p1a: Toxapex|79\/100|[silent]\n|-damage|p2a: Blastoise|57\/100 tox|[from] psn\n|upkeep\n|turn|5\n|\n|t:|1700417617\n|move|p2a: Blastoise|Water Pulse|p1a: Toxapex\n|-resisted|p1a: Toxapex\n|-damage|p1a: Toxapex|34\/100\n|move|p1a: Toxapex|Haze|p1a: Toxapex\n|-clearallboost\n|\n|-heal|p1a: Toxapex|41\/100|[from] item: Black Sludge\n|-damage|p2a: Blastoise|45\/100 tox|[from] Leech Seed|[of] p1a: Toxapex\n|-heal|p1a: Toxapex|53\/100|[silent]\n|-damage|p2a: Blastoise|33\/100 tox|[from] psn\n|upkeep\n|turn|6\n|\n|t:|1700417628\n|move|p2a: Blastoise|Water Pulse|p1a: Toxapex\n|-resisted|p1a: Toxapex\n|-damage|p1a: Toxapex|32\/100\n|move|p1a: Toxapex|Recover|p1a: Toxapex\n|-heal|p1a: Toxapex|82\/100\n|\n|-heal|p1a: Toxapex|88\/100|[from] item: Black Sludge\n|-damage|p2a: Blastoise|21\/100 tox|[from] Leech Seed|[of] p1a: Toxapex\n|-heal|p1a: Toxapex|99\/100|[silent]\n|-damage|p2a: Blastoise|3\/100 tox|[from] psn\n|upkeep\n|turn|7\n|\n|t:|1700417641\n|move|p2a: Blastoise|Water Pulse|p1a: Toxapex\n|-resisted|p1a: Toxapex\n|-damage|p1a: Toxapex|78\/100\n|move|p1a: Toxapex|Scald|p2a: Blastoise\n|-resisted|p2a: Blastoise\n|-damage|p2a: Blastoise|0 fnt\n|faint|p2a: Blastoise\n|\n|-heal|p1a: Toxapex|85\/100|[from] item: Black Sludge\n|upkeep\n|\n|t:|1700417647\n|switch|p2a: Nidoking|Nidoking, M|100\/100\n|-damage|p2a: Nidoking|95\/100|[from] Stealth Rock\n|turn|8\n|\n|t:|1700417654\n|move|p2a: Nidoking|Earth Power|p1a: Toxapex\n|-supereffective|p1a: Toxapex\n|-damage|p1a: Toxapex|12\/100\n|move|p1a: Toxapex|Scald|p2a: Nidoking\n|-supereffective|p2a: Nidoking\n|-damage|p2a: Nidoking|45\/100\n|\n|-heal|p1a: Toxapex|18\/100|[from] item: Black Sludge\n|upkeep\n|turn|9\n|\n|t:|1700417664\n|switch|p1a: Gliscor|Gliscor, M|100\/100\n|move|p2a: Nidoking|Earth Power|p1a: Gliscor\n|-immune|p1a: Gliscor\n|\n|-status|p1a: Gliscor|tox|[from] item: Toxic Orb\n|upkeep\n|turn|10\n|\n|t:|1700417669\n|move|p1a: Gliscor|Protect|p1a: Gliscor\n|-singleturn|p1a: Gliscor|Protect\n|move|p2a: Nidoking|Ice Beam|p1a: Gliscor\n|-activate|p1a: Gliscor|move: Protect\n|\n|upkeep\n|turn|11\n|\n|t:|1700417680\n|switch|p1a: Palafin|Palafin, M|100\/100\n|move|p2a: Nidoking|Ice Beam|p1a: Palafin\n|-resisted|p1a: Palafin\n|-damage|p1a: Palafin|76\/100\n|\n|upkeep\n|turn|12\n|\n|t:|1700417692\n|detailschange|p1a: Palafin|Palafin-Hero, M\n|switch|p1a: Toxapex|Toxapex, M|51\/100\n|move|p2a: Nidoking|Earth Power|p1a: Toxapex\n|-supereffective|p1a: Toxapex\n|-damage|p1a: Toxapex|0 fnt\n|faint|p1a: Toxapex\n|\n|upkeep\n|\n|t:|1700417698\n|switch|p1a: Palafin|Palafin-Hero, M|76\/100\n|-activate|p1a: Palafin|ability: Zero to Hero\n|turn|13\n|\n|t:|1700417701\n|move|p1a: Palafin|Jet Punch|p2a: Nidoking\n|-supereffective|p2a: Nidoking\n|-damage|p2a: Nidoking|0 fnt\n|faint|p2a: Nidoking\n|\n|upkeep\n|\n|t:|1700417706\n|switch|p2a: Dragonite|Dragonite, F|100\/100\n|-damage|p2a: Dragonite|75\/100|[from] Stealth Rock\n|turn|14\n|\n|t:|1700417721\n|move|p1a: Palafin|Ice Punch|p2a: Dragonite\n|-supereffective|p2a: Dragonite\n|-damage|p2a: Dragonite|0 fnt\n|faint|p2a: Dragonite\n|\n|upkeep\n|\n|t:|1700417727\n|switch|p2a: Rhydon|Rhydon, F|100\/100\n|-damage|p2a: Rhydon|95\/100|[from] Stealth Rock\n|turn|15\n|\n|t:|1700417734\n|-terastallize|p2a: Rhydon|Ghost\n|move|p1a: Palafin|Jet Punch|p2a: Rhydon\n|-damage|p2a: Rhydon|73\/100\n|move|p2a: Rhydon|Iron Defense|p2a: Rhydon\n|-boost|p2a: Rhydon|def|2\n|\n|upkeep\n|turn|16\n|\n|t:|1700417744\n|switch|p1a: Grimmsnarl|Grimmsnarl, M|100\/100\n|move|p2a: Rhydon|Body Press|p1a: Grimmsnarl\n|-damage|p1a: Grimmsnarl|39\/100\n|\n|upkeep\n|turn|17\n|\n|t:|1700417748\n|move|p1a: Grimmsnarl|Thunder Wave|p2a: Rhydon\n|-ability|p2a: Rhydon|Lightning Rod|boost\n|-boost|p2a: Rhydon|spa|1\n|move|p2a: Rhydon|Body Press|p1a: Grimmsnarl\n|-damage|p1a: Grimmsnarl|0 fnt\n|faint|p1a: Grimmsnarl\n|\n|upkeep\n|\n|t:|1700417754\n|switch|p1a: Gliscor|Gliscor, M|100\/100 tox\n|turn|18\n|\n|t:|1700417760\n|move|p1a: Gliscor|Toxic|p2a: Rhydon\n|-status|p2a: Rhydon|tox\n|move|p2a: Rhydon|Rock Tomb|p1a: Gliscor\n|-damage|p1a: Gliscor|84\/100 tox\n|-unboost|p1a: Gliscor|spe|1\n|\n|-heal|p1a: Gliscor|97\/100 tox|[from] ability: Poison Heal\n|-damage|p2a: Rhydon|67\/100 tox|[from] psn\n|upkeep\n|turn|19\n|\n|t:|1700417771\n|move|p1a: Gliscor|Protect|p1a: Gliscor\n|-singleturn|p1a: Gliscor|Protect\n|move|p2a: Rhydon|Rock Tomb|p1a: Gliscor\n|-activate|p1a: Gliscor|move: Protect\n|\n|-heal|p1a: Gliscor|100\/100 tox|[from] ability: Poison Heal\n|-damage|p2a: Rhydon|55\/100 tox|[from] psn\n|upkeep\n|turn|20\n|\n|t:|1700417777\n|switch|p1a: Nidoking|Nidoking, M|100\/100\n|move|p2a: Rhydon|Rock Tomb|p1a: Nidoking\n|-resisted|p1a: Nidoking\n|-damage|p1a: Nidoking|82\/100\n|-unboost|p1a: Nidoking|spe|1\n|\n|-damage|p2a: Rhydon|37\/100 tox|[from] psn\n|upkeep\n|turn|21\n|\n|t:|1700417786\n|move|p1a: Nidoking|Earth Power|p2a: Rhydon\n|-damage|p2a: Rhydon|0 fnt\n|faint|p2a: Rhydon\n|\n|upkeep\n|\n|t:|1700417792\n|switch|p2a: Baxcalibur|Baxcalibur, F|100\/100\n|-damage|p2a: Baxcalibur|76\/100|[from] Stealth Rock\n|turn|22\n|\n|t:|1700417801\n|move|p2a: Baxcalibur|Dragon Dance|p2a: Baxcalibur\n|-boost|p2a: Baxcalibur|atk|1\n|-boost|p2a: Baxcalibur|spe|1\n|move|p1a: Nidoking|Flamethrower|p2a: Baxcalibur\n|-damage|p2a: Baxcalibur|35\/100\n|-ability|p2a: Baxcalibur|Thermal Exchange|boost\n|-boost|p2a: Baxcalibur|atk|1\n|\n|upkeep\n|turn|23\n|\n|t:|1700417808\n|move|p2a: Baxcalibur|Icicle Spear|p1a: Nidoking\n|-supereffective|p1a: Nidoking\n|-crit|p1a: Nidoking\n|-damage|p1a: Nidoking|0 fnt\n|faint|p1a: Nidoking\n|-hitcount|p1: Nidoking|1\n|\n|upkeep\n|\n|t:|1700417812\n|switch|p1a: Palafin|Palafin-Hero, M|76\/100\n|turn|24\n|\n|t:|1700417824\n|move|p2a: Baxcalibur|Glaive Rush|p1a: Palafin\n|-damage|p1a: Palafin|0 fnt\n|-singlemove|p2a: Baxcalibur|Glaive Rush|[silent]\n|faint|p1a: Palafin\n|\n|upkeep\n|\n|t:|1700417827\n|switch|p1a: Gliscor|Gliscor, M|100\/100 tox\n|turn|25\n|-message|Epic_Fall forfeited.\n|\n|win|vnappy\n|raw|Epic_Fall's rating: 1202 &rarr; <strong>1179<\/strong><br \/>(-23 for losing)\n|raw|vnappy's rating: 1228 &rarr; <strong>1251<\/strong><br \/>(+23 for winning)\n|l|\u2606Epic_Fall\n|c|\u2606vnappy|gg\n","uploadtime":1700417841,"views":5,"p1id":"epicfall","p2id":"vnappy","formatid":"gen9nationaldexubers","rating":1179,"private":0,"password":""}