{"id":"gen9nationaldexubers-1983727547","p1":"Kobe1919810\u7262\u5927","p2":"sylwcj","format":"[Gen 9] National Dex Ubers","log":"|j|\u2606Kobe1919810\u7262\u5927\n|j|\u2606sylwcj\n|t:|1699168455\n|gametype|singles\n|player|p1|Kobe1919810\u7262\u5927|rosa-masters2|1488\n|player|p2|sylwcj|265|1477\n|teamsize|p1|6\n|teamsize|p2|6\n|gen|9\n|tier|[Gen 9] National Dex Ubers\n|rated|\n|rule|HP Percentage Mod: HP is shown in percentages\n|rule|Endless Battle Clause: Forcing endless battles is banned\n|rule|OHKO Clause: OHKO moves are banned\n|rule|Evasion Moves Clause: Evasion moves are banned\n|rule|Evasion Items Clause: Evasion items are banned\n|rule|Species Clause: Limit one of each Pok\u00e9mon\n|rule|Sleep Clause Mod: Limit one foe put to sleep\n|rule|Mega Rayquaza Clause: You cannot mega evolve Rayquaza\n|clearpoke\n|poke|p1|Ribombee, M|\n|poke|p1|Pheromosa|\n|poke|p1|Marshadow|\n|poke|p1|Necrozma-Dusk-Mane|\n|poke|p1|Groudon|\n|poke|p1|Kyogre|\n|poke|p2|Xerneas-*|\n|poke|p2|Tornadus, M|\n|poke|p2|Zacian-*|\n|poke|p2|Lucario, M|\n|poke|p2|Marshadow|\n|poke|p2|Xurkitree|\n|teampreview\n|inactive|Battle timer is ON: inactive players will automatically lose when time's up. (requested by Kobe1919810\u7262\u5927)\n|\n|t:|1699168463\n|start\n|switch|p1a: Ribombee|Ribombee, M|100\/100\n|switch|p2a: Tornadus|Tornadus, M|100\/100\n|turn|1\n|\n|t:|1699168466\n|move|p2a: Tornadus|Taunt|p1a: Ribombee\n|-start|p1a: Ribombee|move: Taunt\n|cant|p1a: Ribombee|move: Taunt|Stun Spore\n|\n|upkeep\n|turn|2\n|\n|t:|1699168471\n|move|p2a: Tornadus|Tailwind|p2a: Tornadus\n|-sidestart|p2: sylwcj|move: Tailwind\n|move|p1a: Ribombee|U-turn|p2a: Tornadus\n|-resisted|p2a: Tornadus\n|-damage|p2a: Tornadus|92\/100\n|-enditem|p2a: Tornadus|Eject Button\n|\n|t:|1699168477\n|switch|p2a: Xurkitree|Xurkitree, shiny|100\/100\n|\n|upkeep\n|turn|3\n|\n|t:|1699168488\n|switch|p1a: Groudon|Groudon|100\/100\n|detailschange|p1a: Groudon|Groudon-Primal\n|-primal|p1a: Groudon|Red Orb\n|-weather|DesolateLand|[from] ability: Desolate Land|[of] p1a: Groudon\n|move|p2a: Xurkitree|Tail Glow|p2a: Xurkitree\n|-boost|p2a: Xurkitree|spa|3\n|\n|-weather|DesolateLand|[upkeep]\n|upkeep\n|turn|4\n|\n|t:|1699168495\n|move|p2a: Xurkitree|Hidden Power|p1a: Groudon\n|-damage|p1a: Groudon|29\/100\n|move|p1a: Groudon|Precipice Blades|p2a: Xurkitree|[miss]\n|-miss|p1a: Groudon|p2a: Xurkitree\n|\n|-weather|DesolateLand|[upkeep]\n|upkeep\n|turn|5\n|\n|t:|1699168500\n|move|p2a: Xurkitree|Hidden Power|p1a: Groudon\n|-damage|p1a: Groudon|0 fnt\n|faint|p1a: Groudon\n|-weather|none\n|-ability|p2a: Xurkitree|Beast Boost|boost\n|-boost|p2a: Xurkitree|spa|1\n|\n|-sideend|p2: sylwcj|move: Tailwind\n|upkeep\n|\n|t:|1699168503\n|switch|p1a: Marshadow|Marshadow|100\/100\n|turn|6\n|\n|t:|1699168516\n|switch|p2a: Tornadus|Tornadus, M|92\/100\n|move|p1a: Marshadow|Spectral Thief|p2a: Tornadus\n|-damage|p2a: Tornadus|34\/100\n|\n|upkeep\n|turn|7\n|\n|t:|1699168546\n|switch|p2a: Xerneas|Xerneas, shiny|100\/100\n|-ability|p2a: Xerneas|Fairy Aura\n|move|p1a: Marshadow|Spectral Thief|p2a: Xerneas\n|-damage|p2a: Xerneas|64\/100\n|\n|upkeep\n|turn|8\n|\n|t:|1699168558\n|switch|p1a: Necrozma|Necrozma-Dusk-Mane|100\/100\n|move|p2a: Xerneas|Draining Kiss|p1a: Necrozma\n|-resisted|p1a: Necrozma\n|-damage|p1a: Necrozma|81\/100\n|-heal|p2a: Xerneas|75\/100|[from] drain|[of] p1a: Necrozma\n|\n|upkeep\n|turn|9\n|inactive|sylwcj has 120 seconds left.\n|\n|t:|1699168573\n|switch|p2a: Xurkitree|Xurkitree, shiny|100\/100\n|move|p1a: Necrozma|Sunsteel Strike|p2a: Xurkitree\n|-resisted|p2a: Xurkitree\n|-damage|p2a: Xurkitree|49\/100\n|\n|upkeep\n|turn|10\n|inactive|sylwcj has 120 seconds left.\n|\n|t:|1699168591\n|detailschange|p1a: Necrozma|Necrozma-Ultra\n|-burst|p1a: Necrozma|Necrozma|Ultranecrozium Z\n|move|p1a: Necrozma|Earthquake|p2a: Xurkitree\n|-supereffective|p2a: Xurkitree\n|-damage|p2a: Xurkitree|0 fnt\n|faint|p2a: Xurkitree\n|\n|upkeep\n|\n|t:|1699168615\n|switch|p2a: Zacian|Zacian-Crowned, shiny|100\/100\n|-ability|p2a: Zacian|Intrepid Sword|boost\n|-boost|p2a: Zacian|atk|1\n|turn|11\n|\n|t:|1699168620\n|switch|p1a: Pheromosa|Pheromosa|100\/100\n|move|p2a: Zacian|Play Rough|p1a: Pheromosa\n|-supereffective|p1a: Pheromosa\n|-enditem|p1a: Pheromosa|Focus Sash\n|-damage|p1a: Pheromosa|1\/100\n|\n|upkeep\n|turn|12\n|\n|t:|1699168632\n|move|p1a: Pheromosa|Close Combat|p2a: Zacian\n|-damage|p2a: Zacian|43\/100\n|-unboost|p1a: Pheromosa|def|1\n|-unboost|p1a: Pheromosa|spd|1\n|move|p2a: Zacian|Trailblaze|p1a: Pheromosa\n|-resisted|p1a: Pheromosa\n|-damage|p1a: Pheromosa|0 fnt\n|-boost|p2a: Zacian|spe|1\n|faint|p1a: Pheromosa\n|\n|upkeep\n|\n|t:|1699168636\n|switch|p1a: Marshadow|Marshadow|100\/100\n|turn|13\n|inactive|sylwcj has 120 seconds left.\n|\n|t:|1699168655\n|switch|p2a: Xerneas|Xerneas, shiny|75\/100\n|-ability|p2a: Xerneas|Fairy Aura\n|move|p1a: Marshadow|Spectral Thief|p2a: Xerneas\n|-damage|p2a: Xerneas|38\/100\n|\n|upkeep\n|turn|14\n|\n|t:|1699168668\n|switch|p1a: Ribombee|Ribombee, M|100\/100\n|move|p2a: Xerneas|Draining Kiss|p1a: Ribombee\n|-damage|p1a: Ribombee|45\/100\n|-heal|p2a: Xerneas|68\/100|[from] drain|[of] p1a: Ribombee\n|\n|upkeep\n|turn|15\n|\n|t:|1699168684\n|switch|p2a: Tornadus|Tornadus, M|34\/100\n|move|p1a: Ribombee|Sticky Web|p2a: Tornadus\n|-sidestart|p2: sylwcj|move: Sticky Web\n|\n|upkeep\n|turn|16\n|\n|t:|1699168691\n|move|p2a: Tornadus|Defog|p1a: Ribombee\n|-unboost|p1a: Ribombee|evasion|1\n|-sideend|p2: sylwcj|Sticky Web|[from] move: Defog|[of] p2a: Tornadus\n|move|p1a: Ribombee|Stun Spore|p2a: Tornadus|[miss]\n|-miss|p1a: Ribombee|p2a: Tornadus\n|\n|upkeep\n|turn|17\n|\n|t:|1699168696\n|move|p2a: Tornadus|Taunt|p1a: Ribombee\n|-start|p1a: Ribombee|move: Taunt\n|move|p1a: Ribombee|Moonblast|p2a: Tornadus\n|-damage|p2a: Tornadus|10\/100\n|\n|upkeep\n|turn|18\n|inactive|sylwcj has 120 seconds left.\n|\n|t:|1699168712\n|switch|p2a: Zacian|Zacian-Crowned, shiny|43\/100\n|move|p1a: Ribombee|U-turn|p2a: Zacian\n|-resisted|p2a: Zacian\n|-damage|p2a: Zacian|40\/100\n|\n|t:|1699168716\n|switch|p1a: Marshadow|Marshadow|100\/100|[from] U-turn\n|\n|upkeep\n|turn|19\n|inactive|sylwcj has 120 seconds left.\n|\n|t:|1699168723\n|move|p2a: Zacian|Play Rough|p1a: Marshadow\n|-supereffective|p1a: Marshadow\n|-enditem|p1a: Marshadow|Focus Sash\n|-damage|p1a: Marshadow|1\/100\n|move|p1a: Marshadow|Spectral Thief|p2a: Zacian\n|-damage|p2a: Zacian|0 fnt\n|faint|p2a: Zacian\n|\n|upkeep\n|inactive|sylwcj has 120 seconds left.\n|\n|t:|1699168729\n|switch|p2a: Marshadow|Marshadow|100\/100\n|turn|20\n|\n|t:|1699168731\n|move|p1a: Marshadow|Shadow Sneak|p2a: Marshadow\n|-supereffective|p2a: Marshadow\n|-damage|p2a: Marshadow|26\/100\n|move|p2a: Marshadow|Shadow Sneak|p1a: Marshadow\n|-supereffective|p1a: Marshadow\n|-damage|p1a: Marshadow|0 fnt\n|faint|p1a: Marshadow\n|\n|upkeep\n|\n|t:|1699168738\n|switch|p1a: Ribombee|Ribombee, M|45\/100\n|turn|21\n|\n|t:|1699168741\n|move|p2a: Marshadow|Shadow Sneak|p1a: Ribombee\n|-damage|p1a: Ribombee|1\/100\n|move|p1a: Ribombee|Sticky Web|p2a: Marshadow\n|-sidestart|p2: sylwcj|move: Sticky Web\n|\n|upkeep\n|turn|22\n|\n|t:|1699168745\n|move|p2a: Marshadow|Shadow Sneak|p1a: Ribombee\n|-damage|p1a: Ribombee|0 fnt\n|faint|p1a: Ribombee\n|\n|upkeep\n|\n|t:|1699168746\n|switch|p1a: Kyogre|Kyogre|100\/100\n|-weather|RainDance|[from] ability: Drizzle|[of] p1a: Kyogre\n|turn|23\n|\n|t:|1699168752\n|move|p2a: Marshadow|Close Combat|p1a: Kyogre\n|-damage|p1a: Kyogre|33\/100\n|-unboost|p2a: Marshadow|def|1\n|-unboost|p2a: Marshadow|spd|1\n|move|p1a: Kyogre|Thunder|p2a: Marshadow\n|-damage|p2a: Marshadow|0 fnt\n|faint|p2a: Marshadow\n|\n|-weather|RainDance|[upkeep]\n|upkeep\n|\n|t:|1699168756\n|switch|p2a: Tornadus|Tornadus, M|10\/100\n|turn|24\n|\n|t:|1699168759\n|move|p2a: Tornadus|Defog|p1a: Kyogre\n|-unboost|p1a: Kyogre|evasion|1\n|-sideend|p2: sylwcj|Sticky Web|[from] move: Defog|[of] p2a: Tornadus\n|move|p1a: Kyogre|Thunder|p2a: Tornadus\n|-supereffective|p2a: Tornadus\n|-damage|p2a: Tornadus|0 fnt\n|faint|p2a: Tornadus\n|\n|-weather|RainDance|[upkeep]\n|upkeep\n|\n|t:|1699168770\n|switch|p2a: Xerneas|Xerneas, shiny|68\/100\n|-ability|p2a: Xerneas|Fairy Aura\n|turn|25\n|\n|t:|1699168774\n|move|p1a: Kyogre|Thunder|p2a: Xerneas\n|-damage|p2a: Xerneas|18\/100\n|-status|p2a: Xerneas|par\n|move|p2a: Xerneas|Geomancy||[still]\n|-prepare|p2a: Xerneas|Geomancy\n|-enditem|p2a: Xerneas|Power Herb\n|-anim|p2a: Xerneas|Geomancy|p2a: Xerneas\n|-boost|p2a: Xerneas|spa|2\n|-boost|p2a: Xerneas|spd|2\n|-boost|p2a: Xerneas|spe|2\n|\n|-weather|RainDance|[upkeep]\n|upkeep\n|turn|26\n|\n|t:|1699168782\n|move|p1a: Kyogre|Thunder|p2a: Xerneas\n|-damage|p2a: Xerneas|0 fnt\n|faint|p2a: Xerneas\n|\n|-weather|RainDance|[upkeep]\n|upkeep\n|c|\u2606sylwcj|\u3002\u3002\u3002\n|\n|t:|1699168789\n|switch|p2a: Lucario|Lucario, M|100\/100\n|turn|27\n|\n|t:|1699168798\n|detailschange|p2a: Lucario|Lucario-Mega, M\n|-mega|p2a: Lucario|Lucario|Lucarionite\n|move|p2a: Lucario|Swords Dance|p2a: Lucario\n|-boost|p2a: Lucario|atk|2\n|move|p1a: Kyogre|Thunder|p2a: Lucario\n|-damage|p2a: Lucario|4\/100\n|\n|-weather|none\n|upkeep\n|turn|28\n|\n|t:|1699168807\n|move|p2a: Lucario|Close Combat|p1a: Kyogre\n|-damage|p1a: Kyogre|0 fnt\n|-unboost|p2a: Lucario|def|1\n|-unboost|p2a: Lucario|spd|1\n|faint|p1a: Kyogre\n|\n|upkeep\n|\n|t:|1699168809\n|switch|p1a: Necrozma|Necrozma-Ultra|81\/100\n|turn|29\n|\n|t:|1699168815\n|-zpower|p1a: Necrozma\n|move|p1a: Necrozma|Light That Burns the Sky|p2a: Lucario|[zeffect]\n|-damage|p2a: Lucario|0 fnt\n|faint|p2a: Lucario\n|\n|win|Kobe1919810\u7262\u5927\n|raw|Kobe1919810\u7262\u5927's rating: 1488 &rarr; <strong>1507<\/strong><br \/>(+19 for winning)\n|raw|sylwcj's rating: 1477 &rarr; <strong>1458<\/strong><br \/>(-19 for losing)\n","uploadtime":1699168819,"views":3,"p1id":"kobe1919810","p2id":"sylwcj","formatid":"gen9nationaldexubers","rating":1458,"private":0,"password":""}