{"id":"gen9nationaldexubers-1978335829","p1":"85792195wwww","p2":"FenixFyre04","format":"[Gen 9] National Dex Ubers","log":"|j|\u260685792195wwww\n|j|\u2606FenixFyre04\n|t:|1698526496\n|gametype|singles\n|player|p1|85792195wwww|lady|1799\n|player|p2|FenixFyre04|steven|1736\n|teamsize|p1|6\n|teamsize|p2|6\n|gen|9\n|tier|[Gen 9] National Dex Ubers\n|rated|\n|rule|HP Percentage Mod: HP is shown in percentages\n|rule|Endless Battle Clause: Forcing endless battles is banned\n|rule|OHKO Clause: OHKO moves are banned\n|rule|Evasion Moves Clause: Evasion moves are banned\n|rule|Evasion Items Clause: Evasion items are banned\n|rule|Species Clause: Limit one of each Pok\u00e9mon\n|rule|Sleep Clause Mod: Limit one foe put to sleep\n|rule|Mega Rayquaza Clause: You cannot mega evolve Rayquaza\n|clearpoke\n|poke|p1|Zacian-*|\n|poke|p1|Kyogre|\n|poke|p1|Xerneas-*|\n|poke|p1|Krookodile, M|\n|poke|p1|Groudon|\n|poke|p1|Arceus|\n|poke|p2|Deoxys-Speed|\n|poke|p2|Groudon|\n|poke|p2|Xerneas-*|\n|poke|p2|Necrozma-Dusk-Mane|\n|poke|p2|Banette, M|\n|poke|p2|Rayquaza|\n|teampreview\n|inactive|Battle timer is ON: inactive players will automatically lose when time's up. (requested by FenixFyre04)\n|\n|t:|1698526510\n|start\n|switch|p1a: Krookodile|Krookodile, M|100\/100\n|switch|p2a: Rayquaza|Rayquaza|100\/100\n|-ability|p2a: Rayquaza|Air Lock\n|-ability|p1a: Krookodile|Intimidate|boost\n|-unboost|p2a: Rayquaza|atk|1\n|turn|1\n|\n|t:|1698526520\n|move|p2a: Rayquaza|U-turn|p1a: Krookodile\n|-supereffective|p1a: Krookodile\n|-damage|p1a: Krookodile|38\/100\n|\n|t:|1698526522\n|switch|p2a: Deoxys|Deoxys-Speed, shiny|100\/100|[from] U-turn\n|-ability|p2a: Deoxys|Pressure\n|move|p1a: Krookodile|Knock Off|p2a: Deoxys\n|-supereffective|p2a: Deoxys\n|-damage|p2a: Deoxys|0 fnt\n|-enditem|p2a: Deoxys|Light Clay|[from] move: Knock Off|[of] p1a: Krookodile\n|faint|p2a: Deoxys\n|\n|upkeep\n|j| Toon_13\n|\n|t:|1698526530\n|switch|p2a: Rayquaza|Rayquaza|100\/100\n|-ability|p2a: Rayquaza|Air Lock\n|turn|2\n|\n|t:|1698526543\n|switch|p1a: Zacian|Zacian-Crowned|100\/100\n|-ability|p1a: Zacian|Intrepid Sword|boost\n|-boost|p1a: Zacian|atk|1\n|-terastallize|p2a: Rayquaza|Flying\n|move|p2a: Rayquaza|Dragon Ascent|p1a: Zacian\n|-resisted|p1a: Zacian\n|-damage|p1a: Zacian|32\/100\n|-unboost|p2a: Rayquaza|def|1\n|-unboost|p2a: Rayquaza|spd|1\n|\n|upkeep\n|turn|3\n|\n|t:|1698526571\n|switch|p2a: Banette|Banette, M|100\/100\n|-item|p1a: Zacian|Rusted Sword|[from] ability: Frisk|[of] p2a: Banette|[identify]\n|move|p1a: Zacian|Swords Dance|p1a: Zacian\n|-boost|p1a: Zacian|atk|2\n|\n|upkeep\n|turn|4\n|\n|t:|1698526582\n|switch|p1a: Krookodile|Krookodile, M|38\/100\n|-ability|p1a: Krookodile|Intimidate|boost\n|-unboost|p2a: Banette|atk|1\n|detailschange|p2a: Banette|Banette-Mega, M\n|-mega|p2a: Banette|Banette|Banettite\n|move|p2a: Banette|Encore|p1a: Krookodile\n|-hint|Since gen 7, Dark is immune to Prankster moves.\n|-immune|p1a: Krookodile\n|\n|upkeep\n|turn|5\n|\n|t:|1698526591\n|move|p1a: Krookodile|Stealth Rock|p2a: Banette\n|-sidestart|p2: FenixFyre04|move: Stealth Rock\n|move|p2a: Banette|Poltergeist|p1a: Krookodile\n|-activate|p1a: Krookodile|move: Poltergeist|Focus Sash\n|-resisted|p1a: Krookodile\n|-damage|p1a: Krookodile|5\/100\n|\n|upkeep\n|turn|6\n|\n|t:|1698526599\n|switch|p1a: Zacian|Zacian-Crowned|32\/100\n|move|p2a: Banette|Poltergeist|p1a: Zacian\n|-activate|p1a: Zacian|move: Poltergeist|Rusted Sword\n|-crit|p1a: Zacian\n|-damage|p1a: Zacian|0 fnt\n|faint|p1a: Zacian\n|\n|upkeep\n|\n|t:|1698526614\n|switch|p1a: Xerneas|Xerneas|100\/100\n|-ability|p1a: Xerneas|Fairy Aura\n|turn|7\n|\n|t:|1698526619\n|move|p2a: Banette|Thunder Wave|p1a: Xerneas\n|-status|p1a: Xerneas|par\n|move|p1a: Xerneas|Moonblast|p2a: Banette\n|-damage|p2a: Banette|6\/100\n|\n|upkeep\n|turn|8\n|\n|t:|1698526627\n|switch|p1a: Arceus|Arceus|100\/100\n|move|p2a: Banette|Poltergeist|p1a: Arceus\n|-immune|p1a: Arceus\n|\n|upkeep\n|turn|9\n|\n|t:|1698526641\n|switch|p1a: Xerneas|Xerneas|100\/100 par\n|-ability|p1a: Xerneas|Fairy Aura\n|move|p2a: Banette|Thunder Wave|p1a: Xerneas\n|-fail|p1a: Xerneas|par\n|\n|upkeep\n|turn|10\n|\n|t:|1698526649\n|move|p2a: Banette|Poltergeist|p1a: Xerneas\n|-activate|p1a: Xerneas|move: Poltergeist|Power Herb\n|-damage|p1a: Xerneas|62\/100 par\n|cant|p1a: Xerneas|par\n|\n|upkeep\n|turn|11\n|\n|t:|1698526656\n|move|p2a: Banette|Poltergeist|p1a: Xerneas\n|-activate|p1a: Xerneas|move: Poltergeist|Power Herb\n|-damage|p1a: Xerneas|23\/100 par\n|cant|p1a: Xerneas|par\n|\n|upkeep\n|turn|12\n|\n|t:|1698526664\n|move|p2a: Banette|Poltergeist|p1a: Xerneas\n|-activate|p1a: Xerneas|move: Poltergeist|Power Herb\n|-damage|p1a: Xerneas|0 fnt\n|faint|p1a: Xerneas\n|\n|upkeep\n|\n|t:|1698526671\n|switch|p1a: Kyogre|Kyogre|100\/100\n|detailschange|p1a: Kyogre|Kyogre-Primal\n|-primal|p1a: Kyogre|Blue Orb\n|-weather|PrimordialSea|[from] ability: Primordial Sea|[of] p1a: Kyogre\n|turn|13\n|\n|t:|1698526680\n|move|p2a: Banette|Destiny Bond|p2a: Banette\n|-singlemove|p2a: Banette|Destiny Bond\n|move|p1a: Kyogre|Ice Beam|p2a: Banette\n|-damage|p2a: Banette|0 fnt\n|faint|p2a: Banette\n|-activate|p2a: Banette|move: Destiny Bond\n|faint|p1a: Kyogre\n|-weather|none\n|\n|upkeep\n|\n|t:|1698526694\n|switch|p1a: Krookodile|Krookodile, M|5\/100\n|switch|p2a: Rayquaza|Rayquaza, tera:Flying|100\/100\n|-damage|p2a: Rayquaza|76\/100|[from] Stealth Rock\n|-ability|p2a: Rayquaza|Air Lock\n|-ability|p1a: Krookodile|Intimidate|boost\n|-unboost|p2a: Rayquaza|atk|1\n|turn|14\n|\n|t:|1698526707\n|switch|p1a: Groudon|Groudon|100\/100\n|detailschange|p1a: Groudon|Groudon-Primal\n|-primal|p1a: Groudon|Red Orb\n|-weather|DesolateLand|[from] ability: Desolate Land|[of] p1a: Groudon\n|move|p2a: Rayquaza|U-turn|p1a: Groudon\n|-resisted|p1a: Groudon\n|-damage|p1a: Groudon|92\/100\n|inactive|FenixFyre04 has 120 seconds left.\n|\n|t:|1698526750\n|switch|p2a: Necrozma|Necrozma-Dusk-Mane|100\/100|[from] U-turn\n|-damage|p2a: Necrozma|94\/100|[from] Stealth Rock\n|\n|-weather|DesolateLand|[upkeep]\n|upkeep\n|turn|15\n|\n|t:|1698526757\n|detailschange|p2a: Necrozma|Necrozma-Ultra\n|-burst|p2a: Necrozma|Necrozma|Ultranecrozium Z\n|move|p2a: Necrozma|Dragon Dance|p2a: Necrozma\n|-boost|p2a: Necrozma|atk|1\n|-boost|p2a: Necrozma|spe|1\n|move|p1a: Groudon|Precipice Blades|p2a: Necrozma\n|-damage|p2a: Necrozma|13\/100\n|\n|-weather|DesolateLand|[upkeep]\n|upkeep\n|turn|16\n|inactive|FenixFyre04 has 120 seconds left.\n|\n|t:|1698526766\n|-weather|none\n|switch|p1a: Krookodile|Krookodile, M|5\/100\n|-ability|p1a: Krookodile|Intimidate|boost\n|-unboost|p2a: Necrozma|atk|1\n|move|p2a: Necrozma|Earthquake|p1a: Krookodile\n|-damage|p1a: Krookodile|0 fnt\n|faint|p1a: Krookodile\n|\n|upkeep\n|\n|t:|1698526777\n|switch|p1a: Arceus|Arceus|100\/100\n|turn|17\n|\n|t:|1698526781\n|-terastallize|p1a: Arceus|Normal\n|move|p1a: Arceus|Extreme Speed|p2a: Necrozma\n|-damage|p2a: Necrozma|0 fnt\n|faint|p2a: Necrozma\n|-damage|p1a: Arceus|91\/100|[from] item: Life Orb\n|\n|upkeep\n|\n|t:|1698526799\n|switch|p2a: Groudon|Groudon, shiny|100\/100\n|-damage|p2a: Groudon|94\/100|[from] Stealth Rock\n|detailschange|p2a: Groudon|Groudon-Primal, shiny\n|-primal|p2a: Groudon|Red Orb\n|-weather|DesolateLand|[from] ability: Desolate Land|[of] p2a: Groudon\n|turn|18\n|\n|t:|1698526806\n|move|p1a: Arceus|Swords Dance|p1a: Arceus\n|-boost|p1a: Arceus|atk|2\n|move|p2a: Groudon|Precipice Blades|p1a: Arceus\n|-damage|p1a: Arceus|26\/100\n|\n|-weather|DesolateLand|[upkeep]\n|upkeep\n|turn|19\n|\n|t:|1698526813\n|move|p1a: Arceus|Earthquake|p2a: Groudon\n|-supereffective|p2a: Groudon\n|-damage|p2a: Groudon|0 fnt\n|faint|p2a: Groudon\n|-weather|none\n|-damage|p1a: Arceus|16\/100|[from] item: Life Orb\n|\n|upkeep\n|\n|t:|1698526826\n|switch|p2a: Rayquaza|Rayquaza, tera:Flying|76\/100\n|-damage|p2a: Rayquaza|51\/100|[from] Stealth Rock\n|-ability|p2a: Rayquaza|Air Lock\n|turn|20\n|\n|t:|1698526832\n|move|p1a: Arceus|Extreme Speed|p2a: Rayquaza\n|-damage|p2a: Rayquaza|0 fnt\n|faint|p2a: Rayquaza\n|-damage|p1a: Arceus|6\/100|[from] item: Life Orb\n|\n|upkeep\n|\n|t:|1698526839\n|switch|p2a: Xerneas|Xerneas, shiny|100\/100\n|-damage|p2a: Xerneas|88\/100|[from] Stealth Rock\n|-ability|p2a: Xerneas|Fairy Aura\n|turn|21\n|\n|t:|1698526844\n|move|p1a: Arceus|Extreme Speed|p2a: Xerneas\n|-damage|p2a: Xerneas|0 fnt\n|faint|p2a: Xerneas\n|-damage|p1a: Arceus|0 fnt|[from] item: Life Orb\n|faint|p1a: Arceus\n|\n|win|85792195wwww\n|raw|85792195wwww's rating: 1799 &rarr; <strong>1816<\/strong><br \/>(+17 for winning)\n|raw|FenixFyre04's rating: 1744 &rarr; <strong>1727<\/strong><br \/>(-17 for losing)\n|l|\u2606FenixFyre04\n","uploadtime":1698526854,"views":9,"p1id":"85792195wwww","p2id":"fenixfyre04","formatid":"gen9nationaldexubers","rating":1727,"private":0,"password":""}