{"id":"gen9nationaldexubers-1996310873","p1":"Eddeboi201","p2":"mathology0","format":"[Gen 9] National Dex Ubers","log":"|j|\u2606Eddeboi201\n|j|\u2606mathology0\n|t:|1700669968\n|gametype|singles\n|player|p1|Eddeboi201|fisherman-gen4|1351\n|player|p2|mathology0|265|1507\n|teamsize|p1|6\n|teamsize|p2|6\n|gen|9\n|tier|[Gen 9] National Dex Ubers\n|rated|\n|rule|HP Percentage Mod: HP is shown in percentages\n|rule|Endless Battle Clause: Forcing endless battles is banned\n|rule|OHKO Clause: OHKO moves are banned\n|rule|Evasion Moves Clause: Evasion moves are banned\n|rule|Evasion Items Clause: Evasion items are banned\n|rule|Species Clause: Limit one of each Pok\u00e9mon\n|rule|Sleep Clause Mod: Limit one foe put to sleep\n|rule|Mega Rayquaza Clause: You cannot mega evolve Rayquaza\n|clearpoke\n|poke|p1|Ho-Oh|\n|poke|p1|Chansey, F|\n|poke|p1|Toxapex, M|\n|poke|p1|Alomomola, F|\n|poke|p1|Ferrothorn, F|\n|poke|p1|Sableye, F|\n|poke|p2|Groudon|\n|poke|p2|Xerneas-*|\n|poke|p2|Marshadow|\n|poke|p2|Necrozma-Dusk-Mane|\n|poke|p2|Yveltal|\n|poke|p2|Kyogre|\n|teampreview\n|inactive|Battle timer is ON: inactive players will automatically lose when time's up. (requested by Eddeboi201)\n|c|\u2606Eddeboi201|glhf\n|\n|t:|1700669989\n|start\n|switch|p1a: Sableye|Sableye, F|100\/100\n|switch|p2a: Yveltal|Yveltal|100\/100\n|-ability|p2a: Yveltal|Dark Aura\n|turn|1\n|inactive|mathology0 has 120 seconds left.\n|\n|t:|1700670023\n|switch|p2a: Necrozma|Necrozma-Dusk-Mane|100\/100\n|detailschange|p1a: Sableye|Sableye-Mega, F\n|-mega|p1a: Sableye|Sableye|Sablenite\n|move|p1a: Sableye|Toxic|p2a: Necrozma|[miss]\n|-miss|p1a: Sableye|p2a: Necrozma\n|\n|upkeep\n|turn|2\n|inactive|mathology0 has 120 seconds left.\n|\n|t:|1700670037\n|move|p2a: Necrozma|Sunsteel Strike|p1a: Sableye\n|-damage|p1a: Sableye|53\/100\n|move|p1a: Sableye|Will-O-Wisp|p2a: Necrozma\n|-status|p2a: Necrozma|brn\n|\n|-damage|p2a: Necrozma|94\/100 brn|[from] brn\n|upkeep\n|turn|3\n|inactive|mathology0 has 120 seconds left.\n|\n|t:|1700670054\n|switch|p2a: Xerneas|Xerneas|100\/100\n|-ability|p2a: Xerneas|Fairy Aura\n|switch|p1a: Ferrothorn|Ferrothorn, F|100\/100\n|\n|upkeep\n|turn|4\n|inactive|mathology0 has 120 seconds left.\n|\n|t:|1700670071\n|switch|p2a: Groudon|Groudon|100\/100\n|detailschange|p2a: Groudon|Groudon-Primal\n|-primal|p2a: Groudon|Red Orb\n|-weather|DesolateLand|[from] ability: Desolate Land|[of] p2a: Groudon\n|move|p1a: Ferrothorn|Leech Seed|p2a: Groudon\n|-start|p2a: Groudon|move: Leech Seed\n|\n|-weather|DesolateLand|[upkeep]\n|-damage|p2a: Groudon|88\/100|[from] Leech Seed|[of] p1a: Ferrothorn\n|upkeep\n|turn|5\n|inactive|mathology0 has 120 seconds left.\n|\n|t:|1700670081\n|switch|p1a: Alomomola|Alomomola, F|100\/100\n|move|p2a: Groudon|Overheat|p1a: Alomomola\n|-resisted|p1a: Alomomola\n|-damage|p1a: Alomomola|39\/100\n|-unboost|p2a: Groudon|spa|2\n|\n|-weather|DesolateLand|[upkeep]\n|-damage|p2a: Groudon|76\/100|[from] Leech Seed|[of] p1a: Alomomola\n|-heal|p1a: Alomomola|49\/100|[silent]\n|upkeep\n|turn|6\n|inactive|mathology0 has 120 seconds left.\n|\n|t:|1700670091\n|move|p2a: Groudon|Stealth Rock|p1a: Alomomola\n|-sidestart|p1: Eddeboi201|move: Stealth Rock\n|move|p1a: Alomomola|Wish|p1a: Alomomola\n|\n|-weather|DesolateLand|[upkeep]\n|-damage|p2a: Groudon|63\/100|[from] Leech Seed|[of] p1a: Alomomola\n|-heal|p1a: Alomomola|58\/100|[silent]\n|upkeep\n|turn|7\n|inactive|mathology0 has 120 seconds left.\n|\n|t:|1700670103\n|-weather|none\n|switch|p2a: Xerneas|Xerneas|100\/100\n|-ability|p2a: Xerneas|Fairy Aura\n|move|p1a: Alomomola|Toxic|p2a: Xerneas\n|-status|p2a: Xerneas|tox\n|\n|-heal|p1a: Alomomola|100\/100|[from] move: Wish|[wisher] Alomomola\n|-damage|p2a: Xerneas|94\/100 tox|[from] psn\n|upkeep\n|turn|8\n|inactive|mathology0 has 120 seconds left.\n|\n|t:|1700670115\n|move|p2a: Xerneas|Thunder|p1a: Alomomola\n|-supereffective|p1a: Alomomola\n|-damage|p1a: Alomomola|2\/100\n|move|p1a: Alomomola|Flip Turn|p2a: Xerneas\n|-damage|p2a: Xerneas|80\/100 tox\n|\n|t:|1700670122\n|switch|p1a: Chansey|Chansey, F|100\/100|[from] Flip Turn\n|-damage|p1a: Chansey|88\/100|[from] Stealth Rock\n|\n|-damage|p2a: Xerneas|67\/100 tox|[from] psn\n|upkeep\n|turn|9\n|inactive|mathology0 has 120 seconds left.\n|\n|t:|1700670147\n|switch|p2a: Yveltal|Yveltal|100\/100\n|-ability|p2a: Yveltal|Dark Aura\n|move|p1a: Chansey|Seismic Toss|p2a: Yveltal\n|-damage|p2a: Yveltal|79\/100\n|\n|upkeep\n|turn|10\n|\n|t:|1700670156\n|switch|p1a: Sableye|Sableye-Mega, F|53\/100\n|-damage|p1a: Sableye|40\/100|[from] Stealth Rock\n|move|p2a: Yveltal|Taunt|p1a: Sableye\n|move|p1a: Sableye|Taunt|p2a: Yveltal|[from]ability: Magic Bounce\n|-start|p2a: Yveltal|move: Taunt\n|\n|upkeep\n|turn|11\n|inactive|mathology0 has 120 seconds left.\n|\n|t:|1700670166\n|switch|p2a: Kyogre|Kyogre|100\/100\n|detailschange|p2a: Kyogre|Kyogre-Primal\n|-primal|p2a: Kyogre|Blue Orb\n|-weather|PrimordialSea|[from] ability: Primordial Sea|[of] p2a: Kyogre\n|move|p1a: Sableye|Toxic|p2a: Kyogre\n|-status|p2a: Kyogre|tox\n|\n|-weather|PrimordialSea|[upkeep]\n|-damage|p2a: Kyogre|94\/100 tox|[from] psn\n|upkeep\n|turn|12\n|inactive|mathology0 has 120 seconds left.\n|\n|t:|1700670177\n|move|p2a: Kyogre|Water Spout|p1a: Sableye\n|-damage|p1a: Sableye|0 fnt\n|faint|p1a: Sableye\n|\n|-weather|PrimordialSea|[upkeep]\n|-damage|p2a: Kyogre|82\/100 tox|[from] psn\n|upkeep\n|\n|t:|1700670184\n|switch|p1a: Chansey|Chansey, F|88\/100\n|-damage|p1a: Chansey|76\/100|[from] Stealth Rock\n|turn|13\n|\n|t:|1700670199\n|-weather|none\n|switch|p2a: Marshadow|Marshadow|100\/100\n|move|p1a: Chansey|Soft-Boiled|p1a: Chansey\n|-heal|p1a: Chansey|100\/100\n|\n|upkeep\n|turn|14\n|\n|t:|1700670208\n|switch|p1a: Toxapex|Toxapex, M|100\/100\n|-damage|p1a: Toxapex|88\/100|[from] Stealth Rock\n|move|p2a: Marshadow|Low Kick|p1a: Toxapex\n|-resisted|p1a: Toxapex\n|-damage|p1a: Toxapex|74\/100\n|\n|-heal|p1a: Toxapex|80\/100|[from] item: Leftovers\n|upkeep\n|turn|15\n|\n|t:|1700670219\n|switch|p2a: Groudon|Groudon-Primal|63\/100\n|-weather|DesolateLand|[from] ability: Desolate Land|[of] p2a: Groudon\n|move|p1a: Toxapex|Toxic|p2a: Groudon\n|-status|p2a: Groudon|tox\n|\n|-weather|DesolateLand|[upkeep]\n|-heal|p1a: Toxapex|87\/100|[from] item: Leftovers\n|-damage|p2a: Groudon|57\/100 tox|[from] psn\n|upkeep\n|turn|16\n|\n|t:|1700670230\n|-weather|none\n|switch|p2a: Xerneas|Xerneas|67\/100 tox\n|-ability|p2a: Xerneas|Fairy Aura\n|switch|p1a: Ho-Oh|Ho-Oh|100\/100\n|\n|-damage|p2a: Xerneas|61\/100 tox|[from] psn\n|upkeep\n|turn|17\n|\n|t:|1700670242\n|move|p2a: Xerneas|Aromatherapy|p2a: Xerneas\n|-activate|p2a: Xerneas|move: Aromatherapy\n|-curestatus|p2a: Xerneas|tox|[msg]\n|-curestatus|p2: Necrozma|brn|[msg]\n|-curestatus|p2: Kyogre|tox|[msg]\n|-curestatus|p2: Groudon|tox|[msg]\n|move|p1a: Ho-Oh|Sacred Fire|p2a: Xerneas\n|-damage|p2a: Xerneas|25\/100\n|-status|p2a: Xerneas|brn\n|\n|-damage|p2a: Xerneas|19\/100 brn|[from] brn\n|upkeep\n|turn|18\n|\n|t:|1700670255\n|switch|p2a: Kyogre|Kyogre-Primal|82\/100\n|-weather|PrimordialSea|[from] ability: Primordial Sea|[of] p2a: Kyogre\n|move|p1a: Ho-Oh|Sacred Fire||[still]\n|-fail|p1a: Ho-Oh|Sacred Fire|[from] Primordial Sea\n|\n|-weather|PrimordialSea|[upkeep]\n|upkeep\n|turn|19\n|\n|t:|1700670272\n|switch|p1a: Chansey|Chansey, F|100\/100\n|-damage|p1a: Chansey|88\/100|[from] Stealth Rock\n|move|p2a: Kyogre|Calm Mind|p2a: Kyogre\n|-boost|p2a: Kyogre|spa|1\n|-boost|p2a: Kyogre|spd|1\n|\n|-weather|PrimordialSea|[upkeep]\n|upkeep\n|turn|20\n|\n|t:|1700670280\n|move|p2a: Kyogre|Water Spout|p1a: Chansey\n|-damage|p1a: Chansey|43\/100\n|move|p1a: Chansey|Toxic|p2a: Kyogre\n|-status|p2a: Kyogre|tox\n|\n|-weather|PrimordialSea|[upkeep]\n|-damage|p2a: Kyogre|76\/100 tox|[from] psn\n|upkeep\n|turn|21\n|inactive|mathology0 has 120 seconds left.\n|inactive|mathology0 has 90 seconds left.\n|\n|t:|1700670338\n|switch|p1a: Ferrothorn|Ferrothorn, F|100\/100\n|-damage|p1a: Ferrothorn|94\/100|[from] Stealth Rock\n|move|p2a: Kyogre|Water Spout|p1a: Ferrothorn\n|-resisted|p1a: Ferrothorn\n|-damage|p1a: Ferrothorn|27\/100\n|\n|-weather|PrimordialSea|[upkeep]\n|-heal|p1a: Ferrothorn|34\/100|[from] item: Leftovers\n|-damage|p2a: Kyogre|64\/100 tox|[from] psn\n|upkeep\n|turn|22\n|inactive|mathology0 has 90 seconds left.\n|\n|t:|1700670367\n|-weather|none\n|switch|p2a: Groudon|Groudon-Primal|57\/100\n|-weather|DesolateLand|[from] ability: Desolate Land|[of] p2a: Groudon\n|switch|p1a: Toxapex|Toxapex, M|100\/100\n|-damage|p1a: Toxapex|88\/100|[from] Stealth Rock\n|\n|-weather|DesolateLand|[upkeep]\n|-heal|p1a: Toxapex|94\/100|[from] item: Leftovers\n|upkeep\n|turn|23\n|\n|t:|1700670383\n|-terastallize|p1a: Toxapex|Grass\n|move|p2a: Groudon|Precipice Blades|p1a: Toxapex\n|-resisted|p1a: Toxapex\n|-damage|p1a: Toxapex|75\/100\n|move|p1a: Toxapex|Toxic|p2a: Groudon\n|-status|p2a: Groudon|tox\n|\n|-weather|DesolateLand|[upkeep]\n|-heal|p1a: Toxapex|81\/100|[from] item: Leftovers\n|-damage|p2a: Groudon|51\/100 tox|[from] psn\n|upkeep\n|turn|24\n|inactive|mathology0 has 60 seconds left.\n|\n|t:|1700670406\n|-weather|none\n|switch|p2a: Yveltal|Yveltal|79\/100\n|-ability|p2a: Yveltal|Dark Aura\n|move|p1a: Toxapex|Baneful Bunker||[still]\n|-fail|p1a: Toxapex\n|\n|-heal|p1a: Toxapex|87\/100|[from] item: Leftovers\n|upkeep\n|turn|25\n|inactive|mathology0 has 60 seconds left.\n|\n|t:|1700670417\n|switch|p1a: Ho-Oh|Ho-Oh|100\/100\n|move|p2a: Yveltal|Taunt|p1a: Ho-Oh\n|-start|p1a: Ho-Oh|move: Taunt\n|\n|upkeep\n|turn|26\n|\n|t:|1700670424\n|move|p2a: Yveltal|Toxic|p1a: Ho-Oh\n|-status|p1a: Ho-Oh|tox\n|move|p1a: Ho-Oh|Sacred Fire|p2a: Yveltal\n|-damage|p2a: Yveltal|50\/100\n|\n|-damage|p1a: Ho-Oh|94\/100 tox|[from] psn\n|upkeep\n|turn|27\n|\n|t:|1700670435\n|switch|p1a: Chansey|Chansey, F|43\/100\n|-damage|p1a: Chansey|30\/100|[from] Stealth Rock\n|move|p2a: Yveltal|Roost|p2a: Yveltal\n|-heal|p2a: Yveltal|99\/100\n|-singleturn|p2a: Yveltal|move: Roost\n|\n|upkeep\n|turn|28\n|\n|t:|1700670444\n|move|p2a: Yveltal|Taunt|p1a: Chansey\n|-start|p1a: Chansey|move: Taunt\n|cant|p1a: Chansey|move: Taunt|Soft-Boiled\n|\n|upkeep\n|turn|29\n|\n|t:|1700670454\n|switch|p1a: Toxapex|Toxapex, M, tera:Grass|100\/100\n|-damage|p1a: Toxapex|88\/100|[from] Stealth Rock\n|move|p2a: Yveltal|Toxic|p1a: Toxapex\n|-status|p1a: Toxapex|tox\n|\n|-heal|p1a: Toxapex|94\/100 tox|[from] item: Leftovers\n|-damage|p1a: Toxapex|88\/100 tox|[from] psn\n|upkeep\n|turn|30\n|\n|t:|1700670464\n|move|p2a: Yveltal|Taunt|p1a: Toxapex\n|-start|p1a: Toxapex|move: Taunt\n|cant|p1a: Toxapex|move: Taunt|Toxic\n|\n|-heal|p1a: Toxapex|94\/100 tox|[from] item: Leftovers\n|-damage|p1a: Toxapex|82\/100 tox|[from] psn\n|upkeep\n|turn|31\n|inactive|mathology0 has 90 seconds left.\n|\n|t:|1700670472\n|switch|p1a: Ho-Oh|Ho-Oh|100\/100 tox\n|move|p2a: Yveltal|Foul Play|p1a: Ho-Oh\n|-damage|p1a: Ho-Oh|50\/100 tox\n|\n|-damage|p1a: Ho-Oh|44\/100 tox|[from] psn\n|upkeep\n|turn|32\n|\n|t:|1700670484\n|move|p2a: Yveltal|Foul Play|p1a: Ho-Oh\n|-damage|p1a: Ho-Oh|0 fnt\n|faint|p1a: Ho-Oh\n|\n|upkeep\n|\n|t:|1700670490\n|switch|p1a: Alomomola|Alomomola, F|35\/100\n|turn|33\n|\n|t:|1700670505\n|move|p2a: Yveltal|Toxic|p1a: Alomomola\n|-status|p1a: Alomomola|tox\n|move|p1a: Alomomola|Flip Turn|p2a: Yveltal\n|-damage|p2a: Yveltal|88\/100\n|\n|t:|1700670508\n|switch|p1a: Toxapex|Toxapex, M, tera:Grass|100\/100 tox|[from] Flip Turn\n|-damage|p1a: Toxapex|88\/100 tox|[from] Stealth Rock\n|\n|-heal|p1a: Toxapex|94\/100 tox|[from] item: Leftovers\n|-damage|p1a: Toxapex|88\/100 tox|[from] psn\n|upkeep\n|turn|34\n|inactive|mathology0 has 120 seconds left.\n|\n|t:|1700670518\n|move|p2a: Yveltal|Taunt|p1a: Toxapex\n|-start|p1a: Toxapex|move: Taunt\n|move|p1a: Toxapex|Scald|p2a: Yveltal\n|-damage|p2a: Yveltal|74\/100\n|\n|-heal|p1a: Toxapex|94\/100 tox|[from] item: Leftovers\n|-damage|p1a: Toxapex|82\/100 tox|[from] psn\n|upkeep\n|turn|35\n|inactive|mathology0 has 120 seconds left.\n|\n|t:|1700670529\n|switch|p2a: Groudon|Groudon-Primal|51\/100 tox\n|-weather|DesolateLand|[from] ability: Desolate Land|[of] p2a: Groudon\n|switch|p1a: Alomomola|Alomomola, F|68\/100 tox\n|\n|-weather|DesolateLand|[upkeep]\n|-damage|p2a: Groudon|45\/100 tox|[from] psn\n|-damage|p1a: Alomomola|62\/100 tox|[from] psn\n|upkeep\n|turn|36\n|\n|t:|1700670538\n|move|p2a: Groudon|Overheat|p1a: Alomomola\n|-resisted|p1a: Alomomola\n|-damage|p1a: Alomomola|9\/100 tox\n|-unboost|p2a: Groudon|spa|2\n|move|p1a: Alomomola|Wish|p1a: Alomomola\n|\n|-weather|DesolateLand|[upkeep]\n|-damage|p2a: Groudon|32\/100 tox|[from] psn\n|-damage|p1a: Alomomola|0 fnt|[from] psn\n|faint|p1a: Alomomola\n|upkeep\n|\n|t:|1700670552\n|switch|p1a: Toxapex|Toxapex, M, tera:Grass|100\/100 tox\n|-damage|p1a: Toxapex|88\/100 tox|[from] Stealth Rock\n|turn|37\n|-message|Eddeboi201 forfeited.\n|\n|win|mathology0\n|raw|Eddeboi201's rating: 1351 &rarr; <strong>1339<\/strong><br \/>(-12 for losing)\n|raw|mathology0's rating: 1507 &rarr; <strong>1519<\/strong><br \/>(+12 for winning)\n|l|\u2606Eddeboi201\n","uploadtime":1700670578,"views":1,"p1id":"eddeboi201","p2id":"mathology0","formatid":"gen9nationaldexubers","rating":1339,"private":0,"password":""}