{"id":"gen9nationaldexubers-1993902131","p1":"longzaizi","p2":"Anirudh5438u","format":"[Gen 9] National Dex Ubers","log":"|j|\u2606longzaizi\n|j|\u2606Anirudh5438u\n|t:|1700372597\n|gametype|singles\n|player|p1|longzaizi|clair|1353\n|player|p2|Anirudh5438u|hilbert|1242\n|teamsize|p1|6\n|teamsize|p2|6\n|gen|9\n|tier|[Gen 9] National Dex Ubers\n|rated|\n|rule|HP Percentage Mod: HP is shown in percentages\n|rule|Endless Battle Clause: Forcing endless battles is banned\n|rule|OHKO Clause: OHKO moves are banned\n|rule|Evasion Moves Clause: Evasion moves are banned\n|rule|Evasion Items Clause: Evasion items are banned\n|rule|Species Clause: Limit one of each Pok\u00e9mon\n|rule|Sleep Clause Mod: Limit one foe put to sleep\n|rule|Mega Rayquaza Clause: You cannot mega evolve Rayquaza\n|clearpoke\n|poke|p1|Dugtrio, M|\n|poke|p1|Garganacl, M|\n|poke|p1|Iron Valiant|\n|poke|p1|Ribombee, M|\n|poke|p1|Durant, M|\n|poke|p1|Scizor, M|\n|poke|p2|Groudon|\n|poke|p2|Kyogre|\n|poke|p2|Lucario, M|\n|poke|p2|Lugia|\n|poke|p2|Necrozma-Dawn-Wings|\n|poke|p2|Kyurem-White|\n|teampreview\n|\n|t:|1700372605\n|start\n|switch|p1a: Ribombee|Ribombee, M|100\/100\n|switch|p2a: Groudon|Groudon|100\/100\n|detailschange|p2a: Groudon|Groudon-Primal\n|-primal|p2a: Groudon|Red Orb\n|-weather|DesolateLand|[from] ability: Desolate Land|[of] p2a: Groudon\n|turn|1\n|\n|t:|1700372609\n|move|p1a: Ribombee|Sticky Web|p2a: Groudon\n|-sidestart|p2: Anirudh5438u|move: Sticky Web\n|move|p2a: Groudon|Fire Punch|p1a: Ribombee\n|-supereffective|p1a: Ribombee\n|-enditem|p1a: Ribombee|Focus Sash\n|-damage|p1a: Ribombee|1\/100\n|\n|-weather|DesolateLand|[upkeep]\n|upkeep\n|turn|2\n|\n|t:|1700372618\n|move|p1a: Ribombee|Energy Ball|p2a: Groudon\n|-damage|p2a: Groudon|72\/100\n|move|p2a: Groudon|Stealth Rock|p1a: Ribombee\n|-sidestart|p1: longzaizi|move: Stealth Rock\n|\n|-weather|DesolateLand|[upkeep]\n|upkeep\n|turn|3\n|\n|t:|1700372629\n|move|p1a: Ribombee|Energy Ball|p2a: Groudon\n|-damage|p2a: Groudon|43\/100\n|move|p2a: Groudon|Fire Punch|p1a: Ribombee\n|-supereffective|p1a: Ribombee\n|-damage|p1a: Ribombee|0 fnt\n|faint|p1a: Ribombee\n|\n|-weather|DesolateLand|[upkeep]\n|upkeep\n|\n|t:|1700372636\n|switch|p1a: \u9ad8\u901f\u540c\u547d|Iron Valiant|100\/100\n|-damage|p1a: \u9ad8\u901f\u540c\u547d|94\/100|[from] Stealth Rock\n|turn|4\n|\n|t:|1700372644\n|move|p1a: \u9ad8\u901f\u540c\u547d|Aura Sphere|p2a: Groudon\n|-damage|p2a: Groudon|0 fnt\n|faint|p2a: Groudon\n|-weather|none\n|\n|upkeep\n|\n|t:|1700372651\n|switch|p2a: Lugia|Lugia|100\/100\n|turn|5\n|\n|t:|1700372655\n|-end|p1a: \u9ad8\u901f\u540c\u547d|Quark Drive|[silent]\n|switch|p1a: \u5ca9\u77f3\u7684\u91cd\u91cf\u8ba9\u6211\u5b89\u5fc3|Garganacl, M|100\/100\n|-damage|p1a: \u5ca9\u77f3\u7684\u91cd\u91cf\u8ba9\u6211\u5b89\u5fc3|88\/100|[from] Stealth Rock\n|move|p2a: Lugia|Aeroblast|p1a: \u5ca9\u77f3\u7684\u91cd\u91cf\u8ba9\u6211\u5b89\u5fc3\n|-resisted|p1a: \u5ca9\u77f3\u7684\u91cd\u91cf\u8ba9\u6211\u5b89\u5fc3\n|-crit|p1a: \u5ca9\u77f3\u7684\u91cd\u91cf\u8ba9\u6211\u5b89\u5fc3\n|-damage|p1a: \u5ca9\u77f3\u7684\u91cd\u91cf\u8ba9\u6211\u5b89\u5fc3|66\/100\n|\n|-heal|p1a: \u5ca9\u77f3\u7684\u91cd\u91cf\u8ba9\u6211\u5b89\u5fc3|72\/100|[from] item: Leftovers\n|upkeep\n|turn|6\n|-message|Anirudh5438u forfeited.\n|\n|win|longzaizi\n|raw|longzaizi's rating: 1353 &rarr; <strong>1367<\/strong><br \/>(+14 for winning)\n|raw|Anirudh5438u's rating: 1242 &rarr; <strong>1225<\/strong><br \/>(-17 for losing)\n|l|\u2606Anirudh5438u\n","uploadtime":1700372664,"views":7,"p1id":"longzaizi","p2id":"anirudh5438u","formatid":"gen9nationaldexubers","rating":1225,"private":0,"password":""}