{"id":"gen9nationaldexubers-1989325757","p1":"Pks wayment","p2":"Blackcitybrelooms","format":"[Gen 9] National Dex Ubers","log":"|j|\u2606Pks wayment\n|j|\u2606Blackcitybrelooms\n|t:|1699836617\n|gametype|singles\n|player|p1|Pks wayment|lucas|\n|player|p2|Blackcitybrelooms|102|\n|teamsize|p1|6\n|teamsize|p2|6\n|gen|9\n|tier|[Gen 9] National Dex Ubers\n|rule|HP Percentage Mod: HP is shown in percentages\n|rule|Endless Battle Clause: Forcing endless battles is banned\n|rule|OHKO Clause: OHKO moves are banned\n|rule|Evasion Moves Clause: Evasion moves are banned\n|rule|Evasion Items Clause: Evasion items are banned\n|rule|Species Clause: Limit one of each Pok\u00e9mon\n|rule|Sleep Clause Mod: Limit one foe put to sleep\n|rule|Mega Rayquaza Clause: You cannot mega evolve Rayquaza\n|clearpoke\n|poke|p1|Alakazam, F|\n|poke|p1|Tapu Lele|\n|poke|p1|Samurott-Hisui, M|\n|poke|p1|Sneasler, F|\n|poke|p1|Kartana|\n|poke|p1|Haxorus, M|\n|poke|p2|Palafin, F|\n|poke|p2|Giratina-Origin|\n|poke|p2|Ogerpon-Cornerstone, F|\n|poke|p2|Rotom-Heat|\n|poke|p2|Ursaluna-Bloodmoon, M|\n|poke|p2|Cinderace, M|\n|teampreview\n|l|\u2606Pks wayment\n|player|p1|\n|j|\u2606Pks wayment\n|player|p1|Pks wayment|lucas\n|j| Pks BloodEagle\n|\n|t:|1699836672\n|start\n|switch|p1a: Tapu Lele|Tapu Lele, shiny|100\/100\n|switch|p2a: Palafin|Palafin, F|100\/100\n|-fieldstart|move: Psychic Terrain|[from] ability: Psychic Surge|[of] p1a: Tapu Lele\n|turn|1\n|c| Pks BloodEagle|Holy shit\n|inactive|Battle timer is ON: inactive players will automatically lose when time's up. (requested by Pks wayment)\n|inactiveoff|Battle timer is now OFF.\n|j| Reggiemaster24\n|c|\u2606Pks wayment|What lol\n|j| VI Victini's\n|c| Pks BloodEagle|I didn\u2019t look at your actual matchup lol dudes team is stacked like a mofo\n|\n|t:|1699836773\n|detailschange|p2a: Palafin|Palafin-Hero, F\n|switch|p2a: Rotom|Rotom-Heat|100\/100\n|move|p1a: Tapu Lele|Psychic|p2a: Rotom\n|-damage|p2a: Rotom|25\/100\n|\n|upkeep\n|turn|2\n|\n|t:|1699836813\n|move|p1a: Tapu Lele|Psychic|p2a: Rotom\n|-damage|p2a: Rotom|0 fnt\n|faint|p2a: Rotom\n|\n|upkeep\n|\n|t:|1699836842\n|switch|p2a: Ursaluna|Ursaluna-Bloodmoon, M|100\/100\n|turn|3\n|\n|t:|1699836850\n|switch|p1a: Samurott|Samurott-Hisui, M|100\/100\n|move|p2a: Ursaluna|Calm Mind|p2a: Ursaluna\n|-boost|p2a: Ursaluna|spa|1\n|-boost|p2a: Ursaluna|spd|1\n|\n|upkeep\n|turn|4\n|\n|t:|1699836870\n|switch|p2a: Palafin|Palafin-Hero, F|100\/100\n|-activate|p2a: Palafin|ability: Zero to Hero\n|move|p1a: Samurott|Razor Shell|p2a: Palafin\n|-resisted|p2a: Palafin\n|-damage|p2a: Palafin|70\/100\n|-unboost|p2a: Palafin|def|1\n|\n|upkeep\n|turn|5\n|\n|t:|1699836896\n|move|p2a: Palafin|Drain Punch|p1a: Samurott\n|-supereffective|p1a: Samurott\n|-damage|p1a: Samurott|15\/100\n|-heal|p2a: Palafin|100\/100|[from] drain|[of] p1a: Samurott\n|move|p1a: Samurott|Knock Off|p2a: Palafin\n|-damage|p2a: Palafin|25\/100\n|-enditem|p2a: Palafin|Muscle Band|[from] move: Knock Off|[of] p1a: Samurott\n|\n|upkeep\n|turn|6\n|\n|t:|1699836932\n|move|p2a: Palafin|Drain Punch|p1a: Samurott\n|-supereffective|p1a: Samurott\n|-damage|p1a: Samurott|0 fnt\n|-heal|p2a: Palafin|32\/100|[from] drain|[of] p1a: Samurott\n|faint|p1a: Samurott\n|\n|upkeep\n|\n|t:|1699836934\n|switch|p1a: Kartana|Kartana|100\/100\n|turn|7\n|\n|t:|1699836978\n|switch|p2a: Giratina|Giratina-Origin|100\/100\n|move|p1a: Kartana|Knock Off|p2a: Giratina\n|-supereffective|p2a: Giratina\n|-damage|p2a: Giratina|54\/100\n|\n|upkeep\n|turn|8\n|\n|t:|1699836994\n|move|p1a: Kartana|Knock Off|p2a: Giratina\n|-supereffective|p2a: Giratina\n|-damage|p2a: Giratina|10\/100\n|move|p2a: Giratina|Will-O-Wisp|p1a: Kartana\n|-status|p1a: Kartana|brn\n|\n|-damage|p1a: Kartana|94\/100 brn|[from] brn\n|-fieldend|move: Psychic Terrain\n|upkeep\n|turn|9\n|\n|t:|1699837066\n|move|p1a: Kartana|Knock Off|p2a: Giratina\n|-supereffective|p2a: Giratina\n|-damage|p2a: Giratina|0 fnt\n|faint|p2a: Giratina\n|-ability|p1a: Kartana|Beast Boost|boost\n|-boost|p1a: Kartana|atk|1\n|\n|-damage|p1a: Kartana|88\/100 brn|[from] brn\n|upkeep\n|\n|t:|1699837075\n|switch|p2a: Cinderace|Cinderace, M|100\/100\n|turn|10\n|\n|t:|1699837080\n|move|p1a: Kartana|Knock Off|p2a: Cinderace\n|-damage|p2a: Cinderace|54\/100\n|-enditem|p2a: Cinderace|Heavy-Duty Boots|[from] move: Knock Off|[of] p1a: Kartana\n|move|p2a: Cinderace|Pyro Ball|p1a: Kartana\n|-supereffective|p1a: Kartana\n|-damage|p1a: Kartana|0 fnt\n|faint|p1a: Kartana\n|\n|upkeep\n|\n|t:|1699837103\n|switch|p1a: Haxorus|Haxorus, M|100\/100\n|-ability|p1a: Haxorus|Mold Breaker\n|turn|11\n|\n|t:|1699837114\n|move|p2a: Cinderace|U-turn|p1a: Haxorus\n|-start|p2a: Cinderace|typechange|Bug|[from] ability: Libero\n|-damage|p1a: Haxorus|60\/100\n|\n|t:|1699837130\n|switch|p2a: Ursaluna|Ursaluna-Bloodmoon, M|100\/100|[from] U-turn\n|move|p1a: Haxorus|Scale Shot|p2a: Ursaluna\n|-damage|p2a: Ursaluna|91\/100\n|-damage|p2a: Ursaluna|81\/100\n|-damage|p2a: Ursaluna|71\/100\n|-damage|p2a: Ursaluna|61\/100\n|-damage|p2a: Ursaluna|51\/100\n|-hitcount|p2a: Ursaluna|5\n|-unboost|p1a: Haxorus|def|1\n|-boost|p1a: Haxorus|spe|1\n|\n|-heal|p2a: Ursaluna|57\/100|[from] item: Leftovers\n|upkeep\n|turn|12\n|\n|t:|1699837149\n|move|p1a: Haxorus|Close Combat|p2a: Ursaluna\n|-supereffective|p2a: Ursaluna\n|-damage|p2a: Ursaluna|0 fnt\n|-unboost|p1a: Haxorus|def|1\n|-unboost|p1a: Haxorus|spd|1\n|faint|p2a: Ursaluna\n|\n|upkeep\n|\n|t:|1699837157\n|switch|p2a: Ogerpon|Ogerpon-Cornerstone, F|100\/100\n|turn|13\n|\n|t:|1699837163\n|move|p1a: Haxorus|Close Combat|p2a: Ogerpon\n|-supereffective|p2a: Ogerpon\n|-damage|p2a: Ogerpon|0 fnt\n|-unboost|p1a: Haxorus|def|1\n|-unboost|p1a: Haxorus|spd|1\n|faint|p2a: Ogerpon\n|\n|upkeep\n|\n|t:|1699837172\n|switch|p2a: Cinderace|Cinderace, M|54\/100\n|turn|14\n|\n|t:|1699837176\n|move|p2a: Cinderace|Sucker Punch|p1a: Haxorus\n|-start|p2a: Cinderace|typechange|Dark|[from] ability: Libero\n|-damage|p1a: Haxorus|0 fnt\n|faint|p1a: Haxorus\n|\n|upkeep\n|\n|t:|1699837183\n|switch|p1a: Tapu Lele|Tapu Lele, shiny|100\/100\n|-fieldstart|move: Psychic Terrain|[from] ability: Psychic Surge|[of] p1a: Tapu Lele\n|turn|15\n|\n|t:|1699837245\n|move|p2a: Cinderace|Pyro Ball|p1a: Tapu Lele\n|-damage|p1a: Tapu Lele|40\/100\n|move|p1a: Tapu Lele|Moonblast|p2a: Cinderace\n|-supereffective|p2a: Cinderace\n|-damage|p2a: Cinderace|0 fnt\n|faint|p2a: Cinderace\n|\n|upkeep\n|\n|t:|1699837253\n|switch|p2a: Palafin|Palafin-Hero, F|32\/100\n|turn|16\n|\n|t:|1699837268\n|move|p2a: Palafin|Flip Turn|p1a: Tapu Lele\n|-damage|p1a: Tapu Lele|0 fnt\n|faint|p1a: Tapu Lele\n|\n|upkeep\n|\n|t:|1699837278\n|switch|p1a: Sneasler|Sneasler, F|100\/100\n|-enditem|p1a: Sneasler|Psychic Seed\n|-boost|p1a: Sneasler|spd|1|[from] item: Psychic Seed\n|turn|17\n|\n|t:|1699837288\n|move|p1a: Sneasler|Close Combat|p2a: Palafin\n|-damage|p2a: Palafin|0 fnt\n|-unboost|p1a: Sneasler|def|1\n|-unboost|p1a: Sneasler|spd|1\n|faint|p2a: Palafin\n|\n|win|Pks wayment\n|c|\u2606Pks wayment|Oh it has animations now\n|c|\u2606Blackcitybrelooms|Gg\n","uploadtime":1699837297,"views":59,"p1id":"pkswayment","p2id":"blackcitybrelooms","formatid":"gen9nationaldexubers","rating":0,"private":0,"password":""}