{"id":"gen9nationaldexubers-1994999009","p1":"SuperiorSilencer","p2":"DRAGON-M0DE\u2695\ufe0f","format":"[Gen 9] National Dex Ubers","log":"|j|\u2606SuperiorSilencer\n|j|\u2606DRAGON-M0DE\u2695\ufe0f\n|t:|1700511967\n|gametype|singles\n|player|p1|SuperiorSilencer|cynthia-gen4|1173\n|player|p2|DRAGON-M0DE\u2695\ufe0f|clair|1061\n|teamsize|p1|6\n|teamsize|p2|6\n|gen|9\n|tier|[Gen 9] National Dex Ubers\n|rated|\n|rule|HP Percentage Mod: HP is shown in percentages\n|rule|Endless Battle Clause: Forcing endless battles is banned\n|rule|OHKO Clause: OHKO moves are banned\n|rule|Evasion Moves Clause: Evasion moves are banned\n|rule|Evasion Items Clause: Evasion items are banned\n|rule|Species Clause: Limit one of each Pok\u00e9mon\n|rule|Sleep Clause Mod: Limit one foe put to sleep\n|rule|Mega Rayquaza Clause: You cannot mega evolve Rayquaza\n|clearpoke\n|poke|p1|Garchomp, F|\n|poke|p1|Spiritomb, F|\n|poke|p1|Milotic, F|\n|poke|p1|Lucario, F|\n|poke|p1|Togekiss, F|\n|poke|p1|Roserade, F|\n|poke|p2|Regidrago|\n|poke|p2|Dragapult, M|\n|poke|p2|Kommo-o, M|\n|poke|p2|Garchomp, M|\n|poke|p2|Salamence, M|\n|poke|p2|Rayquaza|\n|teampreview\n|inactive|Battle timer is ON: inactive players will automatically lose when time's up. (requested by SuperiorSilencer)\n|\n|t:|1700511984\n|start\n|switch|p1a: Togekiss|Togekiss, F|100\/100\n|switch|p2a: \u2695\ufe0f\u2695\ufe0fRAYQUA\ud83d\udc09A\u2695\ufe0f\u2695\ufe0f|Rayquaza, shiny|100\/100\n|-ability|p2a: \u2695\ufe0f\u2695\ufe0fRAYQUA\ud83d\udc09A\u2695\ufe0f\u2695\ufe0f|Air Lock\n|turn|1\n|\n|t:|1700511996\n|move|p2a: \u2695\ufe0f\u2695\ufe0fRAYQUA\ud83d\udc09A\u2695\ufe0f\u2695\ufe0f|Dragon Ascent|p1a: Togekiss\n|-crit|p1a: Togekiss\n|-damage|p1a: Togekiss|0 fnt\n|-unboost|p2a: \u2695\ufe0f\u2695\ufe0fRAYQUA\ud83d\udc09A\u2695\ufe0f\u2695\ufe0f|def|1\n|-unboost|p2a: \u2695\ufe0f\u2695\ufe0fRAYQUA\ud83d\udc09A\u2695\ufe0f\u2695\ufe0f|spd|1\n|faint|p1a: Togekiss\n|\n|upkeep\n|\n|t:|1700512005\n|switch|p1a: Garchomp|Garchomp, F|100\/100\n|turn|2\n|\n|t:|1700512012\n|-terastallize|p1a: Garchomp|Steel\n|move|p1a: Garchomp|Swords Dance|p1a: Garchomp\n|-boost|p1a: Garchomp|atk|2\n|move|p2a: \u2695\ufe0f\u2695\ufe0fRAYQUA\ud83d\udc09A\u2695\ufe0f\u2695\ufe0f|Outrage|p1a: Garchomp\n|-resisted|p1a: Garchomp\n|-damage|p1a: Garchomp|57\/100\n|-damage|p2a: \u2695\ufe0f\u2695\ufe0fRAYQUA\ud83d\udc09A\u2695\ufe0f\u2695\ufe0f|88\/100|[from] ability: Rough Skin|[of] p1a: Garchomp\n|\n|upkeep\n|turn|3\n|\n|t:|1700512027\n|move|p1a: Garchomp|Scale Shot|p2a: \u2695\ufe0f\u2695\ufe0fRAYQUA\ud83d\udc09A\u2695\ufe0f\u2695\ufe0f\n|-supereffective|p2a: \u2695\ufe0f\u2695\ufe0fRAYQUA\ud83d\udc09A\u2695\ufe0f\u2695\ufe0f\n|-damage|p2a: \u2695\ufe0f\u2695\ufe0fRAYQUA\ud83d\udc09A\u2695\ufe0f\u2695\ufe0f|0 fnt\n|faint|p2a: \u2695\ufe0f\u2695\ufe0fRAYQUA\ud83d\udc09A\u2695\ufe0f\u2695\ufe0f\n|-hitcount|p2: \u2695\ufe0f\u2695\ufe0fRAYQUA\ud83d\udc09A\u2695\ufe0f\u2695\ufe0f|1\n|-unboost|p1a: Garchomp|def|1\n|-boost|p1a: Garchomp|spe|1\n|\n|upkeep\n|\n|t:|1700512041\n|switch|p2a: \u2695\ufe0f\ud83d\udc09DRAGAPULT\ud83d\udc09\u2695\ufe0f|Dragapult, M|100\/100\n|turn|4\n|\n|t:|1700512048\n|move|p1a: Garchomp|Iron Head|p2a: \u2695\ufe0f\ud83d\udc09DRAGAPULT\ud83d\udc09\u2695\ufe0f\n|-damage|p2a: \u2695\ufe0f\ud83d\udc09DRAGAPULT\ud83d\udc09\u2695\ufe0f|0 fnt\n|faint|p2a: \u2695\ufe0f\ud83d\udc09DRAGAPULT\ud83d\udc09\u2695\ufe0f\n|\n|upkeep\n|\n|t:|1700512054\n|switch|p2a: \u2695\ufe0f\ud83d\udc09GARCHOMP\ud83d\udc09\u2695\ufe0f|Garchomp, M|100\/100\n|turn|5\n|\n|t:|1700512063\n|detailschange|p2a: \u2695\ufe0f\ud83d\udc09GARCHOMP\ud83d\udc09\u2695\ufe0f|Garchomp-Mega, M\n|-mega|p2a: \u2695\ufe0f\ud83d\udc09GARCHOMP\ud83d\udc09\u2695\ufe0f|Garchomp|Garchompite\n|move|p1a: Garchomp|Earthquake|p2a: \u2695\ufe0f\ud83d\udc09GARCHOMP\ud83d\udc09\u2695\ufe0f\n|-damage|p2a: \u2695\ufe0f\ud83d\udc09GARCHOMP\ud83d\udc09\u2695\ufe0f|16\/100\n|move|p2a: \u2695\ufe0f\ud83d\udc09GARCHOMP\ud83d\udc09\u2695\ufe0f|Earthquake|p1a: Garchomp\n|-supereffective|p1a: Garchomp\n|-damage|p1a: Garchomp|0 fnt\n|faint|p1a: Garchomp\n|\n|upkeep\n|\n|t:|1700512073\n|switch|p1a: Lucario|Lucario, F|100\/100\n|turn|6\n|\n|t:|1700512077\n|move|p1a: Lucario|Extreme Speed|p2a: \u2695\ufe0f\ud83d\udc09GARCHOMP\ud83d\udc09\u2695\ufe0f\n|-damage|p2a: \u2695\ufe0f\ud83d\udc09GARCHOMP\ud83d\udc09\u2695\ufe0f|0 fnt\n|faint|p2a: \u2695\ufe0f\ud83d\udc09GARCHOMP\ud83d\udc09\u2695\ufe0f\n|-damage|p1a: Lucario|91\/100|[from] item: Life Orb\n|\n|upkeep\n|\n|t:|1700512087\n|switch|p2a: \u2695\ufe0f\ud83d\udc09KOMMO-O\ud83d\udc09\u2695\ufe0f|Kommo-o, M|100\/100\n|turn|7\n|\n|t:|1700512093\n|switch|p1a: Roserade|Roserade, F|100\/100\n|move|p2a: \u2695\ufe0f\ud83d\udc09KOMMO-O\ud83d\udc09\u2695\ufe0f|Close Combat|p1a: Roserade\n|-resisted|p1a: Roserade\n|-damage|p1a: Roserade|71\/100\n|-unboost|p2a: \u2695\ufe0f\ud83d\udc09KOMMO-O\ud83d\udc09\u2695\ufe0f|def|1\n|-unboost|p2a: \u2695\ufe0f\ud83d\udc09KOMMO-O\ud83d\udc09\u2695\ufe0f|spd|1\n|-damage|p2a: \u2695\ufe0f\ud83d\udc09KOMMO-O\ud83d\udc09\u2695\ufe0f|84\/100|[from] item: Rocky Helmet|[of] p1a: Roserade\n|\n|upkeep\n|turn|8\n|\n|t:|1700512106\n|-zpower|p2a: \u2695\ufe0f\ud83d\udc09KOMMO-O\ud83d\udc09\u2695\ufe0f\n|move|p2a: \u2695\ufe0f\ud83d\udc09KOMMO-O\ud83d\udc09\u2695\ufe0f|Clangorous Soulblaze|p1a: Roserade|[zeffect]\n|-damage|p1a: Roserade|8\/100\n|-boost|p2a: \u2695\ufe0f\ud83d\udc09KOMMO-O\ud83d\udc09\u2695\ufe0f|atk|1\n|-boost|p2a: \u2695\ufe0f\ud83d\udc09KOMMO-O\ud83d\udc09\u2695\ufe0f|def|1\n|-boost|p2a: \u2695\ufe0f\ud83d\udc09KOMMO-O\ud83d\udc09\u2695\ufe0f|spa|1\n|-boost|p2a: \u2695\ufe0f\ud83d\udc09KOMMO-O\ud83d\udc09\u2695\ufe0f|spd|1\n|-boost|p2a: \u2695\ufe0f\ud83d\udc09KOMMO-O\ud83d\udc09\u2695\ufe0f|spe|1\n|move|p1a: Roserade|Toxic|p2a: \u2695\ufe0f\ud83d\udc09KOMMO-O\ud83d\udc09\u2695\ufe0f\n|-status|p2a: \u2695\ufe0f\ud83d\udc09KOMMO-O\ud83d\udc09\u2695\ufe0f|tox\n|\n|-damage|p2a: \u2695\ufe0f\ud83d\udc09KOMMO-O\ud83d\udc09\u2695\ufe0f|78\/100 tox|[from] psn\n|upkeep\n|turn|9\n|\n|t:|1700512124\n|move|p2a: \u2695\ufe0f\ud83d\udc09KOMMO-O\ud83d\udc09\u2695\ufe0f|Clanging Scales|p1a: Roserade\n|-damage|p1a: Roserade|0 fnt\n|faint|p1a: Roserade\n|-unboost|p2a: \u2695\ufe0f\ud83d\udc09KOMMO-O\ud83d\udc09\u2695\ufe0f|def|1\n|\n|-damage|p2a: \u2695\ufe0f\ud83d\udc09KOMMO-O\ud83d\udc09\u2695\ufe0f|65\/100 tox|[from] psn\n|upkeep\n|\n|t:|1700512133\n|switch|p1a: Spiritomb|Spiritomb, F, shiny|100\/100\n|turn|10\n|\n|t:|1700512139\n|move|p2a: \u2695\ufe0f\ud83d\udc09KOMMO-O\ud83d\udc09\u2695\ufe0f|Outrage|p1a: Spiritomb\n|-damage|p1a: Spiritomb|31\/100\n|move|p1a: Spiritomb|Calm Mind|p1a: Spiritomb\n|-boost|p1a: Spiritomb|spa|1\n|-boost|p1a: Spiritomb|spd|1\n|\n|-heal|p1a: Spiritomb|37\/100|[from] item: Leftovers\n|-damage|p2a: \u2695\ufe0f\ud83d\udc09KOMMO-O\ud83d\udc09\u2695\ufe0f|47\/100 tox|[from] psn\n|upkeep\n|turn|11\n|\n|t:|1700512149\n|move|p2a: \u2695\ufe0f\ud83d\udc09KOMMO-O\ud83d\udc09\u2695\ufe0f|Outrage|p1a: Spiritomb|[from]lockedmove\n|-damage|p1a: Spiritomb|0 fnt\n|faint|p1a: Spiritomb\n|-start|p2a: \u2695\ufe0f\ud83d\udc09KOMMO-O\ud83d\udc09\u2695\ufe0f|confusion|[fatigue]\n|\n|-damage|p2a: \u2695\ufe0f\ud83d\udc09KOMMO-O\ud83d\udc09\u2695\ufe0f|22\/100 tox|[from] psn\n|upkeep\n|\n|t:|1700512159\n|switch|p1a: Lucario|Lucario, F|91\/100\n|turn|12\n|\n|t:|1700512164\n|move|p1a: Lucario|Extreme Speed|p2a: \u2695\ufe0f\ud83d\udc09KOMMO-O\ud83d\udc09\u2695\ufe0f\n|-damage|p2a: \u2695\ufe0f\ud83d\udc09KOMMO-O\ud83d\udc09\u2695\ufe0f|0 fnt\n|faint|p2a: \u2695\ufe0f\ud83d\udc09KOMMO-O\ud83d\udc09\u2695\ufe0f\n|-damage|p1a: Lucario|81\/100|[from] item: Life Orb\n|\n|upkeep\n|\n|t:|1700512172\n|switch|p2a: \u2695\ufe0f\ud83d\udc09SALAMENCE\ud83d\udc09\u2695\ufe0f|Salamence, M|100\/100\n|turn|13\n|\n|t:|1700512180\n|-terastallize|p2a: \u2695\ufe0f\ud83d\udc09SALAMENCE\ud83d\udc09\u2695\ufe0f|Dragon\n|move|p1a: Lucario|Extreme Speed|p2a: \u2695\ufe0f\ud83d\udc09SALAMENCE\ud83d\udc09\u2695\ufe0f\n|-damage|p2a: \u2695\ufe0f\ud83d\udc09SALAMENCE\ud83d\udc09\u2695\ufe0f|60\/100\n|-damage|p1a: Lucario|71\/100|[from] item: Life Orb\n|move|p2a: \u2695\ufe0f\ud83d\udc09SALAMENCE\ud83d\udc09\u2695\ufe0f|Outrage|p1a: Lucario\n|-resisted|p1a: Lucario\n|-damage|p1a: Lucario|0 fnt\n|faint|p1a: Lucario\n|-ability|p2a: \u2695\ufe0f\ud83d\udc09SALAMENCE\ud83d\udc09\u2695\ufe0f|Moxie|boost\n|-boost|p2a: \u2695\ufe0f\ud83d\udc09SALAMENCE\ud83d\udc09\u2695\ufe0f|atk|1\n|\n|upkeep\n|\n|t:|1700512193\n|switch|p1a: Milotic|Milotic, F|100\/100\n|turn|14\n|\n|t:|1700512200\n|move|p2a: \u2695\ufe0f\ud83d\udc09SALAMENCE\ud83d\udc09\u2695\ufe0f|Outrage|p1a: Milotic|[from]lockedmove\n|-damage|p1a: Milotic|0 fnt\n|faint|p1a: Milotic\n|-start|p2a: \u2695\ufe0f\ud83d\udc09SALAMENCE\ud83d\udc09\u2695\ufe0f|confusion|[fatigue]\n|\n|win|DRAGON-M0DE\u2695\ufe0f\n|raw|SuperiorSilencer's rating: 1173 &rarr; <strong>1140<\/strong><br \/>(-33 for losing)\n|raw|DRAGON-M0DE\u2695\ufe0f's rating: 1061 &rarr; <strong>1101<\/strong><br \/>(+40 for winning)\n|l|\u2606SuperiorSilencer\n","uploadtime":1700512217,"views":1,"p1id":"superiorsilencer","p2id":"dragonm0de","formatid":"gen9nationaldexubers","rating":1101,"private":0,"password":""}