{"id":"gen9nationaldexubers-1979430354","p1":"Torrente777","p2":"MrLukis","format":"[Gen 9] National Dex Ubers","log":"|j|\u2606Torrente777\n|j|\u2606MrLukis\n|t:|1698682071\n|gametype|singles\n|player|p1|Torrente777|biker-gen4|\n|player|p2|MrLukis|hugh|\n|teamsize|p1|6\n|teamsize|p2|6\n|gen|9\n|tier|[Gen 9] National Dex Ubers\n|rule|HP Percentage Mod: HP is shown in percentages\n|rule|Endless Battle Clause: Forcing endless battles is banned\n|rule|OHKO Clause: OHKO moves are banned\n|rule|Evasion Moves Clause: Evasion moves are banned\n|rule|Evasion Items Clause: Evasion items are banned\n|rule|Species Clause: Limit one of each Pok\u00e9mon\n|rule|Sleep Clause Mod: Limit one foe put to sleep\n|rule|Mega Rayquaza Clause: You cannot mega evolve Rayquaza\n|clearpoke\n|poke|p1|Salazzle, F|\n|poke|p1|Articuno-Galar|\n|poke|p1|Nidoking, M|\n|poke|p1|Great Tusk|\n|poke|p1|Skeledirge, F|\n|poke|p1|Banette, F|\n|poke|p2|Wigglytuff, M|\n|poke|p2|Dragonite, M|\n|poke|p2|Feraligatr, M|\n|poke|p2|Slaking, M|\n|poke|p2|Hydreigon, M|\n|poke|p2|Azumarill, M|\n|teampreview\n|inactive|Battle timer is ON: inactive players will automatically lose when time's up. (requested by MrLukis)\n|inactive|Torrente777 has 270 seconds left.\n|\n|t:|1698682105\n|start\n|switch|p1a: Articuno|Articuno-Galar|100\/100\n|switch|p2a: Drag0nite|Feraligatr, M|100\/100\n|turn|1\n|\n|t:|1698682117\n|move|p2a: Drag0nite|Dragon Dance|p2a: Drag0nite\n|-boost|p2a: Drag0nite|atk|1\n|-boost|p2a: Drag0nite|spe|1\n|move|p1a: Articuno|U-turn|p2a: Drag0nite\n|-damage|p2a: Drag0nite|86\/100\n|-enditem|p2a: Drag0nite|Red Card|[of] p1a: Articuno\n|drag|p1a: Banette|Banette, F|100\/100\n|\n|upkeep\n|turn|2\n|\n|t:|1698682127\n|detailschange|p1a: Banette|Banette-Mega, F\n|-mega|p1a: Banette|Banette|Banettite\n|move|p1a: Banette|Will-O-Wisp|p2a: Drag0nite\n|-status|p2a: Drag0nite|brn\n|move|p2a: Drag0nite|Waterfall|p1a: Banette\n|-damage|p1a: Banette|41\/100\n|\n|-damage|p2a: Drag0nite|80\/100 brn|[from] brn\n|upkeep\n|turn|3\n|\n|t:|1698682139\n|move|p1a: Banette|Destiny Bond|p1a: Banette\n|-singlemove|p1a: Banette|Destiny Bond\n|move|p2a: Drag0nite|Dragon Dance|p2a: Drag0nite\n|-boost|p2a: Drag0nite|atk|1\n|-boost|p2a: Drag0nite|spe|1\n|\n|-damage|p2a: Drag0nite|74\/100 brn|[from] brn\n|upkeep\n|turn|4\n|c|\u2606MrLukis|eso es de segundo de pokemon\n|\n|t:|1698682152\n|move|p1a: Banette|Destiny Bond||[still]\n|-fail|p1a: Banette\n|move|p2a: Drag0nite|Waterfall|p1a: Banette\n|-damage|p1a: Banette|0 fnt\n|faint|p1a: Banette\n|\n|-damage|p2a: Drag0nite|68\/100 brn|[from] brn\n|upkeep\n|\n|t:|1698682162\n|switch|p1a: Inicial|Nidoking, M, shiny|100\/100\n|turn|5\n|\n|t:|1698682185\n|move|p2a: Drag0nite|Waterfall|p1a: Inicial\n|-supereffective|p1a: Inicial\n|-damage|p1a: Inicial|0 fnt\n|faint|p1a: Inicial\n|\n|-damage|p2a: Drag0nite|62\/100 brn|[from] brn\n|upkeep\n|inactive|Torrente777 has 270 seconds left.\n|\n|t:|1698682203\n|switch|p1a: Articuno|Articuno-Galar|100\/100\n|turn|6\n|\n|t:|1698682210\n|move|p2a: Drag0nite|Ice Punch|p1a: Articuno\n|-supereffective|p1a: Articuno\n|-damage|p1a: Articuno|25\/100\n|move|p1a: Articuno|Future Sight|p2a: Drag0nite\n|-start|p1a: Articuno|move: Future Sight\n|\n|-damage|p2a: Drag0nite|55\/100 brn|[from] brn\n|upkeep\n|turn|7\n|\n|t:|1698682224\n|move|p2a: Drag0nite|Waterfall|p1a: Articuno\n|-damage|p1a: Articuno|0 fnt\n|faint|p1a: Articuno\n|\n|-damage|p2a: Drag0nite|49\/100 brn|[from] brn\n|upkeep\n|\n|t:|1698682234\n|switch|p1a: Great Tusk|Great Tusk|100\/100\n|-enditem|p1a: Great Tusk|Booster Energy\n|-activate|p1a: Great Tusk|ability: Protosynthesis|[fromitem]\n|-start|p1a: Great Tusk|protosynthesisspe\n|turn|8\n|\n|t:|1698682247\n|move|p2a: Drag0nite|Waterfall|p1a: Great Tusk\n|-supereffective|p1a: Great Tusk\n|-damage|p1a: Great Tusk|31\/100\n|move|p1a: Great Tusk|Earthquake|p2a: Drag0nite\n|-damage|p2a: Drag0nite|0 fnt\n|faint|p2a: Drag0nite\n|\n|-hint|Future Sight did not hit because the target is fainted.\n|upkeep\n|c|\u2606MrLukis|Un alma por otra alma...\n|c|\u2606Torrente777|when fusionas tus equipos y los m\u00edos\n|\n|t:|1698682261\n|switch|p2a: Feraligator|Dragonite, M|100\/100\n|turn|9\n|c|\u2606MrLukis|mira el nombre del dragonite\n|\n|t:|1698682274\n|-terastallize|p1a: Great Tusk|Ice\n|move|p1a: Great Tusk|Ice Spinner|p2a: Feraligator\n|-supereffective|p2a: Feraligator\n|-damage|p2a: Feraligator|22\/100\n|-enditem|p2a: Feraligator|Sitrus Berry|[eat]\n|-heal|p2a: Feraligator|47\/100|[from] item: Sitrus Berry\n|move|p2a: Feraligator|Dragon Dance|p2a: Feraligator\n|-boost|p2a: Feraligator|atk|1\n|-boost|p2a: Feraligator|spe|1\n|\n|upkeep\n|turn|10\n|c|\u2606Torrente777|ya vi\n|\n|t:|1698682289\n|-terastallize|p2a: Feraligator|Normal\n|move|p2a: Feraligator|Extreme Speed|p1a: Great Tusk\n|-damage|p1a: Great Tusk|0 fnt\n|faint|p1a: Great Tusk\n|-end|p1a: Great Tusk|Protosynthesis|[silent]\n|\n|upkeep\n|c|\u2606Torrente777|happens\n|\n|t:|1698682296\n|switch|p1a: Skeledirge|Skeledirge, F|100\/100\n|turn|11\n|\n|t:|1698682301\n|move|p2a: Feraligator|Dragon Claw|p1a: Skeledirge\n|-damage|p1a: Skeledirge|67\/100\n|move|p1a: Skeledirge|Torch Song|p2a: Feraligator\n|-damage|p2a: Feraligator|19\/100\n|-boost|p1a: Skeledirge|spa|1\n|\n|upkeep\n|turn|12\n|c|\u2606MrLukis|gracias por todo dragonite\n|\n|t:|1698682309\n|move|p2a: Feraligator|Dragon Claw|p1a: Skeledirge\n|-damage|p1a: Skeledirge|27\/100\n|move|p1a: Skeledirge|Torch Song|p2a: Feraligator\n|-damage|p2a: Feraligator|0 fnt\n|-boost|p1a: Skeledirge|spa|1\n|faint|p2a: Feraligator\n|\n|upkeep\n|\n|t:|1698682314\n|switch|p2a: Lukis|Azumarill, M, shiny|100\/100\n|turn|13\n|\n|t:|1698682322\n|move|p2a: Lukis|Aqua Jet|p1a: Skeledirge\n|-supereffective|p1a: Skeledirge\n|-damage|p1a: Skeledirge|0 fnt\n|faint|p1a: Skeledirge\n|\n|upkeep\n|\n|t:|1698682326\n|switch|p1a: Salazzle|Salazzle, F|100\/100\n|turn|14\n|\n|t:|1698682341\n|move|p2a: Lukis|Aqua Jet|p1a: Salazzle\n|-supereffective|p1a: Salazzle\n|-damage|p1a: Salazzle|13\/100\n|-zpower|p1a: Salazzle\n|move|p1a: Salazzle|Acid Downpour|p2a: Lukis|[zeffect]\n|-supereffective|p2a: Lukis\n|-damage|p2a: Lukis|0 fnt\n|faint|p2a: Lukis\n|\n|upkeep\n|\n|t:|1698682352\n|switch|p2a: Gran Bluff|Wigglytuff, M|100\/100\n|turn|15\n|\n|t:|1698682356\n|move|p1a: Salazzle|Fire Blast|p2a: Gran Bluff\n|-damage|p2a: Gran Bluff|33\/100\n|move|p2a: Gran Bluff|Hyper Voice|p1a: Salazzle\n|-damage|p1a: Salazzle|0 fnt\n|faint|p1a: Salazzle\n|\n|win|MrLukis\n|c|\u2606MrLukis|gran bluff\n|l|\u2606Torrente777\n|c|\u2606MrLukis|gran ganador\n","uploadtime":1698682374,"views":26,"p1id":"torrente777","p2id":"mrlukis","formatid":"gen9nationaldexubers","rating":0,"private":0,"password":""}