{"id":"gen9nationaldexubers-1981590733","p1":"JensPass","p2":"Just B3A$T","format":"[Gen 9] National Dex Ubers","log":"|j|\u2606JensPass\n|j|\u2606Just B3A$T\n|t:|1698923102\n|gametype|singles\n|player|p1|JensPass|2|\n|player|p2|Just B3A$T|noland|\n|teamsize|p1|6\n|teamsize|p2|6\n|gen|9\n|tier|[Gen 9] National Dex Ubers\n|rule|HP Percentage Mod: HP is shown in percentages\n|rule|Endless Battle Clause: Forcing endless battles is banned\n|rule|OHKO Clause: OHKO moves are banned\n|rule|Evasion Moves Clause: Evasion moves are banned\n|rule|Evasion Items Clause: Evasion items are banned\n|rule|Species Clause: Limit one of each Pok\u00e9mon\n|rule|Sleep Clause Mod: Limit one foe put to sleep\n|rule|Mega Rayquaza Clause: You cannot mega evolve Rayquaza\n|clearpoke\n|poke|p1|Iron Treads|\n|poke|p1|Medicham, M|\n|poke|p1|Ninetales-Alola, M|\n|poke|p1|Greninja-*, M|\n|poke|p1|Dragapult, F|\n|poke|p1|Iron Moth|\n|poke|p2|Landorus-Therian, M|\n|poke|p2|Genesect|\n|poke|p2|Mawile, F|\n|poke|p2|Heatran, M|\n|poke|p2|Empoleon, M|\n|poke|p2|Corviknight, M|\n|teampreview\n|inactive|Battle timer is ON: inactive players will automatically lose when time's up. (requested by Just B3A$T)\n|c|\u2606JensPass|glhf\n|c|\u2606Just B3A$T|u2\n|c|\u2606Just B3A$T|Hmm...\n|c|\u2606Just B3A$T|Taste my steeled fangs of vengeance!\n|\n|t:|1698923129\n|start\n|switch|p1a: Ninetales|Ninetales-Alola, M|100\/100\n|switch|p2a: Adamantine|Corviknight, M, shiny|100\/100\n|-weather|Snow|[from] ability: Snow Warning|[of] p1a: Ninetales\n|turn|1\n|\n|t:|1698923141\n|move|p1a: Ninetales|Aurora Veil|p1a: Ninetales\n|-sidestart|p1: JensPass|move: Aurora Veil\n|move|p2a: Adamantine|Defog|p1a: Ninetales\n|-unboost|p1a: Ninetales|evasion|1\n|-sideend|p1: JensPass|move: Aurora Veil\n|\n|-weather|Snow|[upkeep]\n|upkeep\n|turn|2\n|\n|t:|1698923146\n|move|p1a: Ninetales|Encore|p2a: Adamantine\n|-start|p2a: Adamantine|Encore\n|move|p2a: Adamantine|Defog|p1a: Ninetales\n|-unboost|p1a: Ninetales|evasion|1\n|\n|-weather|Snow|[upkeep]\n|upkeep\n|turn|3\n|\n|t:|1698923152\n|switch|p1a: Dragapult|Dragapult, F|100\/100\n|switch|p2a: Krakatoa|Heatran, M|100\/100\n|\n|-weather|Snow|[upkeep]\n|upkeep\n|turn|4\n|\n|t:|1698923161\n|switch|p2a: Paladin|Empoleon, M|100\/100\n|move|p1a: Dragapult|Hydro Pump|p2a: Paladin\n|-resisted|p2a: Paladin\n|-damage|p2a: Paladin|77\/100\n|\n|-weather|Snow|[upkeep]\n|upkeep\n|turn|5\n|\n|t:|1698923167\n|switch|p1a: Medicham|Medicham, M|100\/100\n|move|p2a: Paladin|Agility|p2a: Paladin\n|-boost|p2a: Paladin|spe|2\n|\n|-weather|none\n|upkeep\n|turn|6\n|\n|t:|1698923171\n|detailschange|p1a: Medicham|Medicham-Mega, M\n|-mega|p1a: Medicham|Medicham|Medichamite\n|move|p2a: Paladin|Hydro Pump|p1a: Medicham\n|-damage|p1a: Medicham|17\/100\n|move|p1a: Medicham|Drain Punch|p2a: Paladin\n|-supereffective|p2a: Paladin\n|-damage|p2a: Paladin|0 fnt\n|-heal|p1a: Medicham|63\/100|[from] drain|[of] p2a: Paladin\n|faint|p2a: Paladin\n|\n|upkeep\n|c|\u2606Just B3A$T|sad\n|\n|t:|1698923180\n|switch|p2a: Adamantine|Corviknight, M, shiny|100\/100\n|turn|7\n|\n|t:|1698923206\n|switch|p1a: Iron Moth|Iron Moth|100\/100\n|-enditem|p1a: Iron Moth|Booster Energy\n|-activate|p1a: Iron Moth|ability: Quark Drive|[fromitem]\n|-start|p1a: Iron Moth|quarkdrivespe\n|move|p2a: Adamantine|U-turn|p1a: Iron Moth\n|-resisted|p1a: Iron Moth\n|-damage|p1a: Iron Moth|95\/100\n|inactive|Just B3A$T has 270 seconds left.\n|\n|t:|1698923234\n|switch|p2a: Krakatoa|Heatran, M|100\/100|[from] U-turn\n|\n|upkeep\n|turn|8\n|\n|t:|1698923250\n|-end|p1a: Iron Moth|Quark Drive|[silent]\n|switch|p1a: Iron Treads|Iron Treads|100\/100\n|-enditem|p1a: Iron Treads|Booster Energy\n|-activate|p1a: Iron Treads|ability: Quark Drive|[fromitem]\n|-start|p1a: Iron Treads|quarkdrivespe\n|move|p2a: Krakatoa|Earth Power|p1a: Iron Treads\n|-supereffective|p1a: Iron Treads\n|-damage|p1a: Iron Treads|10\/100\n|\n|upkeep\n|turn|9\n|\n|t:|1698923259\n|switch|p2a: Lion Up!!!|Landorus-Therian, M|100\/100\n|-ability|p2a: Lion Up!!!|Intimidate|boost\n|-unboost|p1a: Iron Treads|atk|1\n|move|p1a: Iron Treads|Knock Off|p2a: Lion Up!!!\n|-damage|p2a: Lion Up!!!|77\/100\n|-damage|p1a: Iron Treads|0 fnt|[from] item: Rocky Helmet|[of] p2a: Lion Up!!!\n|faint|p1a: Iron Treads\n|-end|p1a: Iron Treads|Quark Drive|[silent]\n|\n|upkeep\n|\n|t:|1698923273\n|switch|p1a: Dragapult|Dragapult, F|100\/100\n|turn|10\n|\n|t:|1698923289\n|switch|p2a: Adamantine|Corviknight, M, shiny|100\/100\n|move|p1a: Dragapult|Hydro Pump|p2a: Adamantine\n|-damage|p2a: Adamantine|53\/100\n|\n|-heal|p2a: Adamantine|59\/100|[from] item: Leftovers\n|upkeep\n|turn|11\n|\n|t:|1698923292\n|switch|p1a: Iron Moth|Iron Moth|95\/100\n|move|p2a: Adamantine|U-turn|p1a: Iron Moth\n|-resisted|p1a: Iron Moth\n|-damage|p1a: Iron Moth|90\/100\n|\n|t:|1698923296\n|switch|p2a: Lion Up!!!|Landorus-Therian, M|77\/100|[from] U-turn\n|-ability|p2a: Lion Up!!!|Intimidate|boost\n|-unboost|p1a: Iron Moth|atk|1\n|\n|upkeep\n|turn|12\n|\n|t:|1698923307\n|-end|p1a: Iron Moth|Quark Drive|[silent]\n|switch|p1a: Ninetales|Ninetales-Alola, M|100\/100\n|-weather|Snow|[from] ability: Snow Warning|[of] p1a: Ninetales\n|move|p2a: Lion Up!!!|Rock Polish|p2a: Lion Up!!!\n|-boost|p2a: Lion Up!!!|spe|2\n|\n|-weather|Snow|[upkeep]\n|upkeep\n|turn|13\n|\n|t:|1698923316\n|move|p2a: Lion Up!!!|Stone Edge|p1a: Ninetales|[miss]\n|-miss|p2a: Lion Up!!!|p1a: Ninetales\n|move|p1a: Ninetales|Blizzard|p2a: Lion Up!!!\n|-supereffective|p2a: Lion Up!!!\n|-damage|p2a: Lion Up!!!|0 fnt\n|faint|p2a: Lion Up!!!\n|\n|-weather|Snow|[upkeep]\n|upkeep\n|c|\u2606Just B3A$T|me when\n|\n|t:|1698923346\n|switch|p2a: Krakatoa|Heatran, M|100\/100\n|turn|14\n|\n|t:|1698923354\n|switch|p1a: Dragapult|Dragapult, F|100\/100\n|move|p2a: Krakatoa|Eruption|p1a: Dragapult\n|-resisted|p1a: Dragapult\n|-damage|p1a: Dragapult|43\/100\n|\n|-weather|Snow|[upkeep]\n|upkeep\n|turn|15\n|\n|t:|1698923362\n|switch|p2a: Adamantine|Corviknight, M, shiny|59\/100\n|move|p1a: Dragapult|Hydro Pump|p2a: Adamantine\n|-damage|p2a: Adamantine|12\/100\n|\n|-weather|Snow|[upkeep]\n|-heal|p2a: Adamantine|18\/100|[from] item: Leftovers\n|upkeep\n|turn|16\n|\n|t:|1698923370\n|move|p1a: Dragapult|Hydro Pump|p2a: Adamantine\n|-damage|p2a: Adamantine|0 fnt\n|faint|p2a: Adamantine\n|\n|-weather|none\n|upkeep\n|\n|t:|1698923375\n|switch|p2a: Pixie Fatale|Mawile, F, shiny|100\/100\n|turn|17\n|\n|t:|1698923381\n|switch|p1a: Ninetales|Ninetales-Alola, M|100\/100\n|-weather|Snow|[from] ability: Snow Warning|[of] p1a: Ninetales\n|detailschange|p2a: Pixie Fatale|Mawile-Mega, F, shiny\n|-mega|p2a: Pixie Fatale|Mawile|Mawilite\n|move|p2a: Pixie Fatale|Sucker Punch||[still]\n|-fail|p2a: Pixie Fatale\n|\n|-weather|Snow|[upkeep]\n|upkeep\n|turn|18\n|\n|t:|1698923384\n|move|p1a: Ninetales|Encore|p2a: Pixie Fatale\n|-start|p2a: Pixie Fatale|Encore\n|move|p2a: Pixie Fatale|Sucker Punch||[still]\n|-fail|p2a: Pixie Fatale\n|\n|-weather|Snow|[upkeep]\n|upkeep\n|turn|19\n|\n|t:|1698923386\n|switch|p2a: Krakatoa|Heatran, M|100\/100\n|move|p1a: Ninetales|Aurora Veil|p1a: Ninetales\n|-sidestart|p1: JensPass|move: Aurora Veil\n|\n|-weather|Snow|[upkeep]\n|upkeep\n|turn|20\n|\n|t:|1698923399\n|switch|p1a: Greninja|Greninja, M|100\/100\n|move|p2a: Krakatoa|Eruption|p1a: Greninja\n|-resisted|p1a: Greninja\n|-damage|p1a: Greninja|68\/100\n|\n|-weather|Snow|[upkeep]\n|upkeep\n|turn|21\n|\n|t:|1698923409\n|switch|p2a: Insecticon|Genesect, shiny|100\/100\n|-ability|p2a: Insecticon|Download|boost\n|-boost|p2a: Insecticon|atk|1\n|move|p1a: Greninja|Scald|p2a: Insecticon\n|-damage|p2a: Insecticon|52\/100\n|\n|-weather|none\n|upkeep\n|turn|22\n|\n|t:|1698923415\n|move|p1a: Greninja|Scald|p2a: Insecticon\n|-damage|p2a: Insecticon|5\/100\n|move|p2a: Insecticon|U-turn|p1a: Greninja\n|-supereffective|p1a: Greninja\n|-damage|p1a: Greninja|0 fnt\n|faint|p1a: Greninja\n|\n|t:|1698923421\n|switch|p2a: Pixie Fatale|Mawile-Mega, F, shiny|100\/100|[from] U-turn\n|\n|upkeep\n|\n|t:|1698923429\n|switch|p1a: Iron Moth|Iron Moth|90\/100\n|turn|23\n|\n|t:|1698923433\n|switch|p2a: Krakatoa|Heatran, M|100\/100\n|move|p1a: Iron Moth|Discharge|p2a: Krakatoa\n|-damage|p2a: Krakatoa|71\/100\n|\n|upkeep\n|turn|24\n|\n|t:|1698923441\n|-end|p1a: Iron Moth|Quark Drive|[silent]\n|switch|p1a: Medicham|Medicham-Mega, M|63\/100\n|move|p2a: Krakatoa|Earth Power|p1a: Medicham\n|-damage|p1a: Medicham|38\/100\n|\n|upkeep\n|turn|25\n|\n|t:|1698923457\n|switch|p2a: Insecticon|Genesect, shiny|5\/100\n|-ability|p2a: Insecticon|Download|boost\n|-boost|p2a: Insecticon|atk|1\n|move|p1a: Medicham|Drain Punch|p2a: Insecticon\n|-damage|p2a: Insecticon|0 fnt\n|-heal|p1a: Medicham|40\/100|[from] drain|[of] p2a: Insecticon\n|faint|p2a: Insecticon\n|\n|upkeep\n|\n|t:|1698923463\n|switch|p2a: Pixie Fatale|Mawile-Mega, F, shiny|100\/100\n|turn|26\n|\n|t:|1698923468\n|move|p1a: Medicham|Drain Punch|p2a: Pixie Fatale\n|-damage|p2a: Pixie Fatale|36\/100\n|-heal|p1a: Medicham|78\/100|[from] drain|[of] p2a: Pixie Fatale\n|move|p2a: Pixie Fatale|Swords Dance|p2a: Pixie Fatale\n|-boost|p2a: Pixie Fatale|atk|2\n|\n|-sideend|p1: JensPass|move: Aurora Veil\n|upkeep\n|turn|27\n|\n|t:|1698923472\n|switch|p1a: Ninetales|Ninetales-Alola, M|100\/100\n|-weather|Snow|[from] ability: Snow Warning|[of] p1a: Ninetales\n|move|p2a: Pixie Fatale|Sucker Punch||[still]\n|-fail|p2a: Pixie Fatale\n|\n|-weather|Snow|[upkeep]\n|upkeep\n|turn|28\n|\n|t:|1698923477\n|move|p1a: Ninetales|Encore|p2a: Pixie Fatale\n|-start|p2a: Pixie Fatale|Encore\n|move|p2a: Pixie Fatale|Sucker Punch||[still]\n|-fail|p2a: Pixie Fatale\n|\n|-weather|Snow|[upkeep]\n|upkeep\n|turn|29\n|c|\u2606Just B3A$T|sigh\n|\n|t:|1698923483\n|switch|p2a: Krakatoa|Heatran, M|71\/100\n|move|p1a: Ninetales|Aurora Veil|p1a: Ninetales\n|-sidestart|p1: JensPass|move: Aurora Veil\n|\n|-weather|Snow|[upkeep]\n|upkeep\n|turn|30\n|\n|t:|1698923491\n|switch|p1a: Medicham|Medicham-Mega, M|78\/100\n|move|p2a: Krakatoa|Eruption|p1a: Medicham\n|-damage|p1a: Medicham|37\/100\n|\n|-weather|Snow|[upkeep]\n|upkeep\n|turn|31\n|c|\u2606JensPass|ggs\n|\n|t:|1698923497\n|move|p2a: Krakatoa|Eruption|p1a: Medicham\n|-damage|p1a: Medicham|0 fnt\n|faint|p1a: Medicham\n|\n|-weather|none\n|upkeep\n|c|\u2606JensPass|oh\n|c|\u2606JensPass|scarf\n|c|\u2606JensPass|i see\n|c|\u2606Just B3A$T|ye\n|\n|t:|1698923511\n|switch|p1a: Dragapult|Dragapult, F|43\/100\n|turn|32\n|\n|t:|1698923521\n|move|p1a: Dragapult|Hydro Pump|p2a: Krakatoa|[miss]\n|-miss|p1a: Dragapult|p2a: Krakatoa\n|move|p2a: Krakatoa|Eruption|p1a: Dragapult\n|-resisted|p1a: Dragapult\n|-damage|p1a: Dragapult|24\/100\n|\n|upkeep\n|turn|33\n|c|\u2606JensPass|uh oh\n|\n|t:|1698923525\n|move|p1a: Dragapult|Hydro Pump|p2a: Krakatoa\n|-supereffective|p2a: Krakatoa\n|-damage|p2a: Krakatoa|0 fnt\n|faint|p2a: Krakatoa\n|\n|upkeep\n|\n|t:|1698923527\n|switch|p2a: Pixie Fatale|Mawile-Mega, F, shiny|36\/100\n|turn|34\n|\n|t:|1698923529\n|move|p1a: Dragapult|Hydro Pump|p2a: Pixie Fatale\n|-damage|p2a: Pixie Fatale|0 fnt\n|faint|p2a: Pixie Fatale\n|\n|win|JensPass\n|c|\u2606JensPass|ggs\n|c|\u2606Just B3A$T|gg\n|c|\u2606Just B3A$T|the one time\n|c|\u2606Just B3A$T|I don't Spunch\n|c|\u2606Just B3A$T|vile shit\n|c|\u2606JensPass|you still lose\n|c|\u2606JensPass|when you spunch\n|c|\u2606Just B3A$T|well yeah\n|c|\u2606JensPass|cause i can encore\n|c|\u2606JensPass|sooooo\n|c|\u2606JensPass|yea\n|c|\u2606Just B3A$T|I fell for Encore every time\n|c|\u2606Just B3A$T|my fault ig\n|l|\u2606JensPass\n","uploadtime":1698923595,"views":8,"p1id":"jenspass","p2id":"justb3at","formatid":"gen9nationaldexubers","rating":0,"private":0,"password":""}