{"id":"gen9nationaldexubers-1999522053","p1":"Reverse Luckster","p2":"Mryo64","format":"[Gen 9] National Dex Ubers","log":"|j|\u2606Reverse Luckster\n|j|\u203dMryo64\n|t:|1701092135\n|gametype|singles\n|player|p1|Reverse Luckster|unknown|1411\n|player|p2|Mryo64|2|1360\n|teamsize|p1|6\n|teamsize|p2|6\n|gen|9\n|tier|[Gen 9] National Dex Ubers\n|rated|\n|rule|HP Percentage Mod: HP is shown in percentages\n|rule|Endless Battle Clause: Forcing endless battles is banned\n|rule|OHKO Clause: OHKO moves are banned\n|rule|Evasion Moves Clause: Evasion moves are banned\n|rule|Evasion Items Clause: Evasion items are banned\n|rule|Species Clause: Limit one of each Pok\u00e9mon\n|rule|Sleep Clause Mod: Limit one foe put to sleep\n|rule|Mega Rayquaza Clause: You cannot mega evolve Rayquaza\n|clearpoke\n|poke|p1|Dracovish|\n|poke|p1|Pelipper, F|\n|poke|p1|Kyogre|\n|poke|p1|Swampert, F|\n|poke|p1|Basculegion, M|\n|poke|p1|Ribombee, F|\n|poke|p2|Melmetal|\n|poke|p2|Dracovish|\n|poke|p2|Hatterene, F|\n|poke|p2|Porygon2|\n|poke|p2|Cresselia, F|\n|poke|p2|Ursaluna-Bloodmoon, M|\n|teampreview\n|inactive|Battle timer is ON: inactive players will automatically lose when time's up. (requested by Mryo64)\n|inactive|Reverse Luckster also wants the timer to be on.\n|c|\u2606Reverse Luckster|oh\n|c|\u2606Reverse Luckster|a fellow feesh enjoyer\n|c|\u2606Reverse Luckster|hf gl\n|inactive|Reverse Luckster has 120 seconds left.\n|\n|t:|1701092166\n|start\n|switch|p1a: What's a \"resist\"?|Dracovish|100\/100\n|switch|p2a: Hatterene|Hatterene, F|100\/100\n|turn|1\n|\n|t:|1701092186\n|-terastallize|p1a: What's a \"resist\"?|Water\n|move|p1a: What's a \"resist\"?|Fishious Rend|p2a: Hatterene\n|-enditem|p2a: Hatterene|Focus Sash\n|-damage|p2a: Hatterene|1\/100\n|move|p2a: Hatterene|Trick Room|p2a: Hatterene\n|-fieldstart|move: Trick Room|[of] p2a: Hatterene\n|\n|upkeep\n|turn|2\n|\n|t:|1701092200\n|switch|p1a: Sea Messanger|Pelipper, F|100\/100\n|-weather|RainDance|[from] ability: Drizzle|[of] p1a: Sea Messanger\n|move|p2a: Hatterene|Misty Explosion|p1a: Sea Messanger\n|-damage|p1a: Sea Messanger|22\/100\n|faint|p2a: Hatterene\n|\n|-weather|RainDance|[upkeep]\n|upkeep\n|\n|t:|1701092208\n|switch|p2a: Ursaluna|Ursaluna-Bloodmoon, M|100\/100\n|turn|3\n|\n|t:|1701092217\n|switch|p1a: >no good web users|Ribombee, F|100\/100\n|move|p2a: Ursaluna|Tera Blast|p1a: >no good web users\n|-damage|p1a: >no good web users|20\/100\n|\n|-weather|RainDance|[upkeep]\n|upkeep\n|turn|4\n|\n|t:|1701092228\n|move|p2a: Ursaluna|Tera Blast|p1a: >no good web users\n|-damage|p1a: >no good web users|0 fnt\n|faint|p1a: >no good web users\n|\n|-weather|RainDance|[upkeep]\n|upkeep\n|\n|t:|1701092233\n|switch|p1a: Swholepert|Swampert, F|100\/100\n|turn|5\n|\n|t:|1701092236\n|detailschange|p1a: Swholepert|Swampert-Mega, F\n|-mega|p1a: Swholepert|Swampert|Swampertite\n|-zpower|p2a: Ursaluna\n|move|p2a: Ursaluna|Breakneck Blitz|p1a: Swholepert|[zeffect]\n|-damage|p1a: Swholepert|1\/100\n|move|p1a: Swholepert|Flip Turn|p2a: Ursaluna\n|-supereffective|p2a: Ursaluna\n|-damage|p2a: Ursaluna|21\/100\n|\n|t:|1701092246\n|switch|p1a: What's a \"resist\"?|Dracovish, tera:Water|100\/100|[from] Flip Turn\n|\n|-weather|RainDance|[upkeep]\n|-fieldend|move: Trick Room\n|upkeep\n|turn|6\n|\n|t:|1701092251\n|move|p1a: What's a \"resist\"?|Fishious Rend|p2a: Ursaluna\n|-supereffective|p2a: Ursaluna\n|-damage|p2a: Ursaluna|0 fnt\n|faint|p2a: Ursaluna\n|\n|-weather|RainDance|[upkeep]\n|upkeep\n|\n|t:|1701092254\n|switch|p2a: Dracovish|Dracovish|100\/100\n|turn|7\n|\n|t:|1701092262\n|move|p1a: What's a \"resist\"?|Fishious Rend|p2a: Dracovish\n|-resisted|p2a: Dracovish\n|-damage|p2a: Dracovish|19\/100\n|move|p2a: Dracovish|Crunch|p1a: What's a \"resist\"?\n|-damage|p1a: What's a \"resist\"?|64\/100\n|\n|-weather|RainDance|[upkeep]\n|upkeep\n|turn|8\n|\n|t:|1701092267\n|move|p1a: What's a \"resist\"?|Fishious Rend|p2a: Dracovish\n|-resisted|p2a: Dracovish\n|-damage|p2a: Dracovish|0 fnt\n|faint|p2a: Dracovish\n|\n|-weather|RainDance|[upkeep]\n|upkeep\n|\n|t:|1701092270\n|switch|p2a: Porygon2|Porygon2|100\/100\n|-ability|p2a: Porygon2|Strong Jaw|[from] ability: Trace|[of] p1a: What's a \"resist\"?\n|turn|9\n|\n|t:|1701092272\n|move|p1a: What's a \"resist\"?|Fishious Rend|p2a: Porygon2\n|-damage|p2a: Porygon2|0 fnt\n|faint|p2a: Porygon2\n|\n|-weather|none\n|upkeep\n|\n|t:|1701092274\n|switch|p2a: Cresselia|Cresselia, F|100\/100\n|turn|10\n|\n|t:|1701092278\n|move|p1a: What's a \"resist\"?|Fishious Rend|p2a: Cresselia\n|-damage|p2a: Cresselia|0 fnt\n|faint|p2a: Cresselia\n|\n|upkeep\n|\n|t:|1701092282\n|switch|p2a: Melmetal|Melmetal|100\/100\n|turn|11\n|\n|t:|1701092284\n|move|p1a: What's a \"resist\"?|Fishious Rend|p2a: Melmetal\n|-damage|p2a: Melmetal|0 fnt\n|faint|p2a: Melmetal\n|\n|win|Reverse Luckster\n|raw|Reverse Luckster's rating: 1411 &rarr; <strong>1428<\/strong><br \/>(+17 for winning)\n|raw|Mryo64's rating: 1360 &rarr; <strong>1343<\/strong><br \/>(-17 for losing)\n|l|\u203dMryo64\n","uploadtime":1701092291,"views":5,"p1id":"reverseluckster","p2id":"mryo64","formatid":"gen9nationaldexubers","rating":1343,"private":0,"password":""}