{"id":"gen9nationaldexubers-1993534558","p1":"Weirdful","p2":"SilverStream245","format":"[Gen 9] National Dex Ubers","log":"|j|\u2606Weirdful\n|j|\u2606SilverStream245\n|t:|1700329014\n|gametype|singles\n|player|p1|Weirdful|2|1162\n|player|p2|SilverStream245|1|1175\n|teamsize|p1|6\n|teamsize|p2|6\n|gen|9\n|tier|[Gen 9] National Dex Ubers\n|rated|\n|rule|HP Percentage Mod: HP is shown in percentages\n|rule|Endless Battle Clause: Forcing endless battles is banned\n|rule|OHKO Clause: OHKO moves are banned\n|rule|Evasion Moves Clause: Evasion moves are banned\n|rule|Evasion Items Clause: Evasion items are banned\n|rule|Species Clause: Limit one of each Pok\u00e9mon\n|rule|Sleep Clause Mod: Limit one foe put to sleep\n|rule|Mega Rayquaza Clause: You cannot mega evolve Rayquaza\n|clearpoke\n|poke|p1|Giratina-Origin|\n|poke|p1|Arceus-Water|\n|poke|p1|Groudon|\n|poke|p1|Yveltal|\n|poke|p1|Magearna|\n|poke|p1|Mimikyu, M|\n|poke|p2|Ambipom, F|\n|poke|p2|Galvantula, F|\n|poke|p2|Toxapex, M|\n|poke|p2|Chandelure, F|\n|poke|p2|Landorus-Therian, M|\n|poke|p2|Alakazam, F|\n|teampreview\n|\n|t:|1700329025\n|start\n|switch|p1a: Mimikyu|Mimikyu, M|100\/100\n|switch|p2a: Galvantula|Galvantula, F|100\/100\n|turn|1\n|\n|t:|1700329049\n|move|p2a: Galvantula|Thunder Wave|p1a: Mimikyu\n|-status|p1a: Mimikyu|par\n|move|p1a: Mimikyu|Swords Dance|p1a: Mimikyu\n|-boost|p1a: Mimikyu|atk|2\n|\n|upkeep\n|turn|2\n|\n|t:|1700329068\n|move|p2a: Galvantula|Thunder|p1a: Mimikyu\n|-activate|p1a: Mimikyu|ability: Disguise\n|-damage|p1a: Mimikyu|100\/100 par\n|detailschange|p1a: Mimikyu|Mimikyu-Busted, M\n|-damage|p1a: Mimikyu|88\/100 par|[from] pokemon: Mimikyu-Busted\n|move|p1a: Mimikyu|Play Rough|p2a: Galvantula\n|-enditem|p2a: Galvantula|Focus Sash\n|-damage|p2a: Galvantula|1\/100\n|-damage|p1a: Mimikyu|78\/100 par|[from] item: Life Orb\n|\n|upkeep\n|turn|3\n|\n|t:|1700329080\n|move|p1a: Mimikyu|Shadow Sneak|p2a: Galvantula\n|-damage|p2a: Galvantula|0 fnt\n|faint|p2a: Galvantula\n|-damage|p1a: Mimikyu|68\/100 par|[from] item: Life Orb\n|\n|upkeep\n|\n|t:|1700329088\n|switch|p2a: Landorus|Landorus-Therian, M, shiny|100\/100\n|-ability|p2a: Landorus|Intimidate|boost\n|-unboost|p1a: Mimikyu|atk|1\n|turn|4\n|\n|t:|1700329099\n|move|p2a: Landorus|Earthquake|p1a: Mimikyu\n|-damage|p1a: Mimikyu|0 fnt\n|faint|p1a: Mimikyu\n|\n|upkeep\n|\n|t:|1700329112\n|switch|p1a: Arceus|Arceus-Water|100\/100\n|turn|5\n|\n|t:|1700329116\n|move|p1a: Arceus|Judgment|p2a: Landorus\n|-supereffective|p2a: Landorus\n|-enditem|p2a: Landorus|Focus Sash\n|-damage|p2a: Landorus|1\/100\n|move|p2a: Landorus|U-turn|p1a: Arceus\n|-damage|p1a: Arceus|83\/100\n|\n|t:|1700329122\n|switch|p2a: Toxapex|Toxapex, M|100\/100|[from] U-turn\n|\n|upkeep\n|turn|6\n|\n|t:|1700329136\n|switch|p1a: Groudon|Groudon|100\/100\n|detailschange|p1a: Groudon|Groudon-Primal\n|-primal|p1a: Groudon|Red Orb\n|-weather|DesolateLand|[from] ability: Desolate Land|[of] p1a: Groudon\n|move|p2a: Toxapex|Toxic|p1a: Groudon\n|-status|p1a: Groudon|tox\n|\n|-weather|DesolateLand|[upkeep]\n|-damage|p1a: Groudon|94\/100 tox|[from] psn\n|upkeep\n|turn|7\n|\n|t:|1700329147\n|move|p2a: Toxapex|Baneful Bunker|p2a: Toxapex\n|-singleturn|p2a: Toxapex|move: Protect\n|move|p1a: Groudon|Precipice Blades|p2a: Toxapex\n|-activate|p2a: Toxapex|move: Protect\n|\n|-weather|DesolateLand|[upkeep]\n|-damage|p1a: Groudon|82\/100 tox|[from] psn\n|upkeep\n|turn|8\n|\n|t:|1700329158\n|switch|p2a: Landorus|Landorus-Therian, M, shiny|1\/100\n|-ability|p2a: Landorus|Intimidate|boost\n|-unboost|p1a: Groudon|atk|1\n|move|p1a: Groudon|Precipice Blades|p2a: Landorus\n|-immune|p2a: Landorus\n|\n|-weather|DesolateLand|[upkeep]\n|-damage|p1a: Groudon|64\/100 tox|[from] psn\n|upkeep\n|turn|9\n|\n|t:|1700329167\n|-weather|none\n|switch|p1a: Magearna|Magearna|100\/100\n|move|p2a: Landorus|U-turn|p1a: Magearna\n|-resisted|p1a: Magearna\n|-damage|p1a: Magearna|95\/100\n|\n|t:|1700329175\n|switch|p2a: Chandelure|Chandelure, F, shiny|100\/100|[from] U-turn\n|\n|upkeep\n|turn|10\n|\n|t:|1700329179\n|switch|p1a: Arceus|Arceus-Water|83\/100\n|move|p2a: Chandelure|Fire Blast|p1a: Arceus|[miss]\n|-miss|p2a: Chandelure|p1a: Arceus\n|\n|upkeep\n|turn|11\n|\n|t:|1700329186\n|switch|p2a: Toxapex|Toxapex, M|100\/100\n|move|p1a: Arceus|Judgment|p2a: Toxapex\n|-resisted|p2a: Toxapex\n|-damage|p2a: Toxapex|82\/100\n|\n|-heal|p2a: Toxapex|88\/100|[from] item: Black Sludge\n|upkeep\n|turn|12\n|\n|t:|1700329201\n|switch|p1a: Magearna|Magearna|95\/100\n|move|p2a: Toxapex|Scald|p1a: Magearna\n|-damage|p1a: Magearna|85\/100\n|\n|-heal|p2a: Toxapex|94\/100|[from] item: Black Sludge\n|upkeep\n|turn|13\n|\n|t:|1700329221\n|move|p1a: Magearna|Heal Bell|p1a: Magearna\n|-activate|p1a: Magearna|move: Heal Bell\n|-curestatus|p1: Groudon|tox|[msg]\n|move|p2a: Toxapex|Scald|p1a: Magearna\n|-damage|p1a: Magearna|75\/100\n|-status|p1a: Magearna|brn\n|\n|-heal|p2a: Toxapex|100\/100|[from] item: Black Sludge\n|-damage|p1a: Magearna|69\/100 brn|[from] brn\n|upkeep\n|turn|14\n|\n|t:|1700329232\n|move|p1a: Magearna|Heal Bell|p1a: Magearna\n|-activate|p1a: Magearna|move: Heal Bell\n|-curestatus|p1a: Magearna|brn|[msg]\n|move|p2a: Toxapex|Scald|p1a: Magearna\n|-damage|p1a: Magearna|59\/100\n|\n|upkeep\n|turn|15\n|\n|t:|1700329240\n|move|p1a: Magearna|Volt Switch|p2a: Toxapex\n|-supereffective|p2a: Toxapex\n|-damage|p2a: Toxapex|67\/100\n|\n|t:|1700329264\n|switch|p1a: Groudon|Groudon-Primal|64\/100|[from] Volt Switch\n|-weather|DesolateLand|[from] ability: Desolate Land|[of] p1a: Groudon\n|move|p2a: Toxapex|Scald||[still]\n|-fail|p2a: Toxapex|Scald|[from] Desolate Land\n|\n|-weather|DesolateLand|[upkeep]\n|-heal|p2a: Toxapex|74\/100|[from] item: Black Sludge\n|upkeep\n|turn|16\n|\n|t:|1700329275\n|switch|p2a: Landorus|Landorus-Therian, M, shiny|1\/100\n|-ability|p2a: Landorus|Intimidate|boost\n|-unboost|p1a: Groudon|atk|1\n|move|p1a: Groudon|Precipice Blades|p2a: Landorus\n|-immune|p2a: Landorus\n|\n|-weather|DesolateLand|[upkeep]\n|upkeep\n|turn|17\n|\n|t:|1700329300\n|move|p2a: Landorus|Earthquake|p1a: Groudon\n|-supereffective|p1a: Groudon\n|-damage|p1a: Groudon|0 fnt\n|faint|p1a: Groudon\n|-weather|none\n|\n|upkeep\n|\n|t:|1700329307\n|switch|p1a: Giratina|Giratina-Origin|100\/100\n|turn|18\n|\n|t:|1700329311\n|switch|p2a: Ambipom|Ambipom, F|100\/100\n|move|p1a: Giratina|Shadow Sneak|p2a: Ambipom\n|-immune|p2a: Ambipom\n|\n|upkeep\n|turn|19\n|\n|t:|1700329321\n|move|p2a: Ambipom|Aerial Ace|p1a: Giratina\n|-damage|p1a: Giratina|78\/100\n|-damage|p2a: Ambipom|91\/100|[from] item: Life Orb\n|move|p1a: Giratina|Draco Meteor|p2a: Ambipom|[miss]\n|-miss|p1a: Giratina|p2a: Ambipom\n|\n|upkeep\n|turn|20\n|\n|t:|1700329330\n|switch|p2a: Toxapex|Toxapex, M|100\/100\n|move|p1a: Giratina|Draco Meteor|p2a: Toxapex|[miss]\n|-miss|p1a: Giratina|p2a: Toxapex\n|\n|upkeep\n|turn|21\n|\n|t:|1700329349\n|move|p1a: Giratina|Draco Meteor|p2a: Toxapex\n|-damage|p2a: Toxapex|30\/100\n|-unboost|p1a: Giratina|spa|2\n|move|p2a: Toxapex|Toxic|p1a: Giratina\n|-status|p1a: Giratina|tox\n|\n|-heal|p2a: Toxapex|36\/100|[from] item: Black Sludge\n|-damage|p1a: Giratina|72\/100 tox|[from] psn\n|upkeep\n|turn|22\n|\n|t:|1700329362\n|move|p2a: Toxapex|Baneful Bunker|p2a: Toxapex\n|-singleturn|p2a: Toxapex|move: Protect\n|move|p1a: Giratina|Shadow Sneak|p2a: Toxapex\n|-activate|p2a: Toxapex|move: Protect\n|\n|-heal|p2a: Toxapex|42\/100|[from] item: Black Sludge\n|-damage|p1a: Giratina|60\/100 tox|[from] psn\n|upkeep\n|turn|23\n|\n|t:|1700329370\n|switch|p2a: Ambipom|Ambipom, F|91\/100\n|move|p1a: Giratina|Draco Meteor|p2a: Ambipom\n|-damage|p2a: Ambipom|21\/100\n|-unboost|p1a: Giratina|spa|2\n|\n|-damage|p1a: Giratina|41\/100 tox|[from] psn\n|upkeep\n|turn|24\n|\n|t:|1700329382\n|move|p1a: Giratina|Shadow Sneak|p2a: Ambipom\n|-immune|p2a: Ambipom\n|move|p2a: Ambipom|U-turn|p1a: Giratina\n|-resisted|p1a: Giratina\n|-damage|p1a: Giratina|33\/100 tox\n|-damage|p2a: Ambipom|11\/100|[from] item: Life Orb\n|c|\u2606SilverStream245|Lmao noob\n|\n|t:|1700329395\n|switch|p2a: Toxapex|Toxapex, M|75\/100|[from] U-turn\n|\n|-heal|p2a: Toxapex|81\/100|[from] item: Black Sludge\n|-damage|p1a: Giratina|8\/100 tox|[from] psn\n|upkeep\n|turn|25\n|\n|t:|1700329411\n|move|p2a: Toxapex|Baneful Bunker|p2a: Toxapex\n|-singleturn|p2a: Toxapex|move: Protect\n|move|p1a: Giratina|Draco Meteor|p2a: Toxapex\n|-activate|p2a: Toxapex|move: Protect\n|\n|-heal|p2a: Toxapex|88\/100|[from] item: Black Sludge\n|-damage|p1a: Giratina|0 fnt|[from] psn\n|faint|p1a: Giratina\n|upkeep\n|\n|t:|1700329420\n|switch|p1a: Yveltal|Yveltal|100\/100\n|-ability|p1a: Yveltal|Dark Aura\n|turn|26\n|\n|t:|1700329427\n|move|p1a: Yveltal|Taunt|p2a: Toxapex\n|-start|p2a: Toxapex|move: Taunt\n|cant|p2a: Toxapex|move: Taunt|Toxic\n|\n|-heal|p2a: Toxapex|94\/100|[from] item: Black Sludge\n|upkeep\n|turn|27\n|\n|t:|1700329436\n|switch|p2a: Landorus|Landorus-Therian, M, shiny|1\/100\n|-ability|p2a: Landorus|Intimidate|boost\n|-unboost|p1a: Yveltal|atk|1\n|move|p1a: Yveltal|Dark Pulse|p2a: Landorus\n|-damage|p2a: Landorus|0 fnt\n|faint|p2a: Landorus\n|-damage|p1a: Yveltal|91\/100|[from] item: Life Orb\n|\n|upkeep\n|\n|t:|1700329451\n|switch|p2a: Chandelure|Chandelure, F, shiny|100\/100\n|turn|28\n|\n|t:|1700329460\n|-terastallize|p2a: Chandelure|Grass\n|move|p1a: Yveltal|Sucker Punch|p2a: Chandelure\n|-crit|p2a: Chandelure\n|-damage|p2a: Chandelure|0 fnt\n|faint|p2a: Chandelure\n|-damage|p1a: Yveltal|81\/100|[from] item: Life Orb\n|\n|upkeep\n|\n|t:|1700329470\n|switch|p2a: Ambipom|Ambipom, F|11\/100\n|turn|29\n|\n|t:|1700329484\n|move|p2a: Ambipom|Fake Out|p1a: Yveltal\n|-damage|p1a: Yveltal|46\/100\n|-damage|p2a: Ambipom|2\/100|[from] item: Life Orb\n|cant|p1a: Yveltal|flinch\n|\n|upkeep\n|turn|30\n|\n|t:|1700329491\n|switch|p2a: Toxapex|Toxapex, M|100\/100\n|move|p1a: Yveltal|Sucker Punch||[still]\n|-fail|p1a: Yveltal\n|\n|upkeep\n|turn|31\n|\n|t:|1700329517\n|move|p1a: Yveltal|Taunt|p2a: Toxapex\n|-start|p2a: Toxapex|move: Taunt\n|move|p2a: Toxapex|Scald|p1a: Yveltal\n|-damage|p1a: Yveltal|31\/100\n|\n|upkeep\n|turn|32\n|\n|t:|1700329531\n|switch|p1a: Magearna|Magearna|59\/100\n|switch|p2a: Ambipom|Ambipom, F|2\/100\n|\n|upkeep\n|turn|33\n|\n|t:|1700329540\n|move|p2a: Ambipom|Fake Out|p1a: Magearna\n|-resisted|p1a: Magearna\n|-damage|p1a: Magearna|44\/100\n|-damage|p2a: Ambipom|0 fnt|[from] item: Life Orb\n|faint|p2a: Ambipom\n|-ability|p1a: Magearna|Soul-Heart|boost\n|-boost|p1a: Magearna|spa|1\n|cant|p1a: Magearna|flinch\n|\n|upkeep\n|\n|t:|1700329549\n|switch|p2a: Alakazam|Alakazam, F|100\/100\n|turn|34\n|\n|t:|1700329553\n|detailschange|p2a: Alakazam|Alakazam-Mega, F\n|-mega|p2a: Alakazam|Alakazam|Alakazite\n|-ability|p2a: Alakazam|Soul-Heart|[from] ability: Trace|[of] p1a: Magearna\n|move|p2a: Alakazam|Focus Blast|p1a: Magearna|[miss]\n|-miss|p2a: Alakazam|p1a: Magearna\n|-zpower|p1a: Magearna\n|move|p1a: Magearna|Z-Heal Bell||[anim]Heal Bell|[still]\n|-heal|p1a: Magearna|100\/100|[zeffect]\n|-activate|p1a: Magearna|move: Heal Bell\n|-fail|p1a: Magearna\n|\n|upkeep\n|turn|35\n|\n|t:|1700329576\n|switch|p2a: Toxapex|Toxapex, M|100\/100\n|move|p1a: Magearna|Fleur Cannon|p2a: Toxapex\n|-resisted|p2a: Toxapex\n|-damage|p2a: Toxapex|66\/100\n|-unboost|p1a: Magearna|spa|2\n|\n|-heal|p2a: Toxapex|72\/100|[from] item: Black Sludge\n|upkeep\n|turn|36\n|\n|t:|1700329587\n|move|p1a: Magearna|Volt Switch|p2a: Toxapex\n|-supereffective|p2a: Toxapex\n|-damage|p2a: Toxapex|50\/100\n|\n|t:|1700329590\n|switch|p1a: Arceus|Arceus-Water|83\/100|[from] Volt Switch\n|move|p2a: Toxapex|Toxic|p1a: Arceus\n|-status|p1a: Arceus|tox\n|\n|-heal|p2a: Toxapex|57\/100|[from] item: Black Sludge\n|-damage|p1a: Arceus|77\/100 tox|[from] psn\n|upkeep\n|turn|37\n|\n|t:|1700329621\n|switch|p1a: Magearna|Magearna|100\/100\n|move|p2a: Toxapex|Baneful Bunker||[still]\n|-fail|p2a: Toxapex\n|\n|-heal|p2a: Toxapex|63\/100|[from] item: Black Sludge\n|upkeep\n|turn|38\n|\n|t:|1700329632\n|move|p1a: Magearna|Heal Bell|p1a: Magearna\n|-activate|p1a: Magearna|move: Heal Bell\n|-curestatus|p1: Arceus|tox|[msg]\n|move|p2a: Toxapex|Scald|p1a: Magearna\n|-damage|p1a: Magearna|91\/100\n|\n|-heal|p2a: Toxapex|69\/100|[from] item: Black Sludge\n|upkeep\n|turn|39\n|\n|t:|1700329645\n|move|p2a: Toxapex|Baneful Bunker|p2a: Toxapex\n|-singleturn|p2a: Toxapex|move: Protect\n|move|p1a: Magearna|Volt Switch|p2a: Toxapex\n|-activate|p2a: Toxapex|move: Protect\n|\n|-heal|p2a: Toxapex|75\/100|[from] item: Black Sludge\n|upkeep\n|turn|40\n|\n|t:|1700329653\n|move|p1a: Magearna|Volt Switch|p2a: Toxapex\n|-supereffective|p2a: Toxapex\n|-damage|p2a: Toxapex|43\/100\n|\n|t:|1700329673\n|switch|p1a: Arceus|Arceus-Water|77\/100|[from] Volt Switch\n|move|p2a: Toxapex|Toxic|p1a: Arceus\n|-status|p1a: Arceus|tox\n|\n|-heal|p2a: Toxapex|49\/100|[from] item: Black Sludge\n|-damage|p1a: Arceus|71\/100 tox|[from] psn\n|upkeep\n|turn|41\n|\n|t:|1700329685\n|switch|p1a: Magearna|Magearna|91\/100\n|move|p2a: Toxapex|Recover|p2a: Toxapex\n|-heal|p2a: Toxapex|99\/100\n|\n|-heal|p2a: Toxapex|100\/100|[from] item: Black Sludge\n|upkeep\n|turn|42\n|\n|t:|1700329693\n|move|p1a: Magearna|Heal Bell|p1a: Magearna\n|-activate|p1a: Magearna|move: Heal Bell\n|-curestatus|p1: Arceus|tox|[msg]\n|move|p2a: Toxapex|Scald|p1a: Magearna\n|-damage|p1a: Magearna|80\/100\n|\n|upkeep\n|turn|43\n|\n|t:|1700329707\n|move|p1a: Magearna|Volt Switch|p2a: Toxapex\n|-supereffective|p2a: Toxapex\n|-damage|p2a: Toxapex|66\/100\n|\n|t:|1700329709\n|switch|p1a: Arceus|Arceus-Water|71\/100|[from] Volt Switch\n|move|p2a: Toxapex|Toxic|p1a: Arceus\n|-status|p1a: Arceus|tox\n|\n|-heal|p2a: Toxapex|72\/100|[from] item: Black Sludge\n|-damage|p1a: Arceus|65\/100 tox|[from] psn\n|upkeep\n|turn|44\n|\n|t:|1700329721\n|switch|p1a: Magearna|Magearna|80\/100\n|move|p2a: Toxapex|Scald|p1a: Magearna\n|-damage|p1a: Magearna|70\/100\n|\n|-heal|p2a: Toxapex|78\/100|[from] item: Black Sludge\n|upkeep\n|turn|45\n|c|\u2606SilverStream245|That\u2019s right, use up your heal bell pp\n|c|\u2606SilverStream245|i have more toxic pp than heal bell\n|\n|t:|1700329758\n|move|p1a: Magearna|Heal Bell|p1a: Magearna\n|-activate|p1a: Magearna|move: Heal Bell\n|-curestatus|p1: Arceus|tox|[msg]\n|move|p2a: Toxapex|Scald|p1a: Magearna\n|-damage|p1a: Magearna|59\/100\n|\n|-heal|p2a: Toxapex|84\/100|[from] item: Black Sludge\n|upkeep\n|turn|46\n|\n|t:|1700329775\n|move|p1a: Magearna|Fleur Cannon|p2a: Toxapex\n|-resisted|p2a: Toxapex\n|-damage|p2a: Toxapex|63\/100\n|-unboost|p1a: Magearna|spa|2\n|move|p2a: Toxapex|Toxic|p1a: Magearna\n|-immune|p1a: Magearna\n|\n|-heal|p2a: Toxapex|69\/100|[from] item: Black Sludge\n|upkeep\n|turn|47\n|\n|t:|1700329786\n|move|p1a: Magearna|Heart Swap|p2a: Toxapex\n|-swapboost|p1a: Magearna|p2a: Toxapex|[from] move: Heart Swap\n|move|p2a: Toxapex|Toxic|p1a: Magearna\n|-immune|p1a: Magearna\n|\n|-heal|p2a: Toxapex|76\/100|[from] item: Black Sludge\n|upkeep\n|turn|48\n|\n|t:|1700329799\n|move|p1a: Magearna|Fleur Cannon|p2a: Toxapex\n|-resisted|p2a: Toxapex\n|-damage|p2a: Toxapex|53\/100\n|-unboost|p1a: Magearna|spa|2\n|move|p2a: Toxapex|Scald|p1a: Magearna\n|-damage|p1a: Magearna|54\/100\n|-status|p1a: Magearna|brn\n|\n|-heal|p2a: Toxapex|59\/100|[from] item: Black Sludge\n|-damage|p1a: Magearna|47\/100 brn|[from] brn\n|upkeep\n|turn|49\n|\n|t:|1700329813\n|move|p1a: Magearna|Volt Switch|p2a: Toxapex\n|-supereffective|p2a: Toxapex\n|-damage|p2a: Toxapex|43\/100\n|\n|t:|1700329815\n|switch|p1a: Arceus|Arceus-Water|65\/100|[from] Volt Switch\n|move|p2a: Toxapex|Scald|p1a: Arceus\n|-resisted|p1a: Arceus\n|-damage|p1a: Arceus|62\/100\n|\n|-heal|p2a: Toxapex|49\/100|[from] item: Black Sludge\n|upkeep\n|turn|50\n|\n|t:|1700329830\n|move|p2a: Toxapex|Baneful Bunker|p2a: Toxapex\n|-singleturn|p2a: Toxapex|move: Protect\n|move|p1a: Arceus|Recover|p1a: Arceus\n|-heal|p1a: Arceus|100\/100\n|\n|-heal|p2a: Toxapex|56\/100|[from] item: Black Sludge\n|upkeep\n|turn|51\n|\n|t:|1700329847\n|move|p1a: Arceus|Judgment|p2a: Toxapex\n|-resisted|p2a: Toxapex\n|-damage|p2a: Toxapex|38\/100\n|move|p2a: Toxapex|Recover|p2a: Toxapex\n|-heal|p2a: Toxapex|88\/100\n|\n|-heal|p2a: Toxapex|95\/100|[from] item: Black Sludge\n|upkeep\n|turn|52\n|\n|t:|1700329866\n|move|p1a: Arceus|Judgment|p2a: Toxapex\n|-resisted|p2a: Toxapex\n|-damage|p2a: Toxapex|74\/100\n|move|p2a: Toxapex|Toxic|p1a: Arceus\n|-status|p1a: Arceus|tox\n|\n|-heal|p2a: Toxapex|81\/100|[from] item: Black Sludge\n|-damage|p1a: Arceus|94\/100 tox|[from] psn\n|upkeep\n|turn|53\n|\n|t:|1700329877\n|move|p1a: Arceus|Judgment|p2a: Toxapex\n|-resisted|p2a: Toxapex\n|-damage|p2a: Toxapex|61\/100\n|move|p2a: Toxapex|Scald|p1a: Arceus\n|-resisted|p1a: Arceus\n|-damage|p1a: Arceus|91\/100 tox\n|\n|-heal|p2a: Toxapex|67\/100|[from] item: Black Sludge\n|-damage|p1a: Arceus|79\/100 tox|[from] psn\n|upkeep\n|turn|54\n|\n|t:|1700329892\n|move|p2a: Toxapex|Baneful Bunker|p2a: Toxapex\n|-singleturn|p2a: Toxapex|move: Protect\n|move|p1a: Arceus|Judgment|p2a: Toxapex\n|-activate|p2a: Toxapex|move: Protect\n|\n|-heal|p2a: Toxapex|74\/100|[from] item: Black Sludge\n|-damage|p1a: Arceus|61\/100 tox|[from] psn\n|upkeep\n|turn|55\n|\n|t:|1700329916\n|move|p1a: Arceus|Ice Beam|p2a: Toxapex\n|-resisted|p2a: Toxapex\n|-damage|p2a: Toxapex|64\/100\n|move|p2a: Toxapex|Scald|p1a: Arceus\n|-resisted|p1a: Arceus\n|-damage|p1a: Arceus|58\/100 tox\n|\n|-heal|p2a: Toxapex|71\/100|[from] item: Black Sludge\n|-damage|p1a: Arceus|34\/100 tox|[from] psn\n|upkeep\n|turn|56\n|\n|t:|1700329926\n|switch|p1a: Magearna|Magearna|47\/100 brn\n|move|p2a: Toxapex|Scald|p1a: Magearna\n|-damage|p1a: Magearna|42\/100 brn\n|\n|-heal|p2a: Toxapex|77\/100|[from] item: Black Sludge\n|-damage|p1a: Magearna|36\/100 brn|[from] brn\n|upkeep\n|turn|57\n|\n|t:|1700329936\n|move|p1a: Magearna|Heal Bell|p1a: Magearna\n|-activate|p1a: Magearna|move: Heal Bell\n|-curestatus|p1a: Magearna|brn|[msg]\n|-curestatus|p1: Arceus|tox|[msg]\n|move|p2a: Toxapex|Scald|p1a: Magearna\n|-damage|p1a: Magearna|30\/100\n|\n|-heal|p2a: Toxapex|83\/100|[from] item: Black Sludge\n|upkeep\n|turn|58\n|\n|t:|1700329949\n|move|p1a: Magearna|Volt Switch|p2a: Toxapex\n|-supereffective|p2a: Toxapex\n|-damage|p2a: Toxapex|52\/100\n|\n|t:|1700329977\n|switch|p1a: Yveltal|Yveltal|31\/100|[from] Volt Switch\n|-ability|p1a: Yveltal|Dark Aura\n|move|p2a: Toxapex|Scald|p1a: Yveltal\n|-damage|p1a: Yveltal|24\/100\n|\n|-heal|p2a: Toxapex|59\/100|[from] item: Black Sludge\n|upkeep\n|turn|59\n|\n|t:|1700329988\n|switch|p2a: Alakazam|Alakazam-Mega, F|100\/100\n|-ability|p2a: Alakazam|Dark Aura\n|-ability|p2a: Alakazam|Dark Aura|[from] ability: Trace|[of] p1a: Yveltal\n|move|p1a: Yveltal|Taunt|p2a: Alakazam\n|-start|p2a: Alakazam|move: Taunt\n|\n|upkeep\n|turn|60\n|\n|t:|1700329999\n|switch|p2a: Toxapex|Toxapex, M|92\/100\n|move|p1a: Yveltal|Sucker Punch||[still]\n|-fail|p1a: Yveltal\n|\n|-heal|p2a: Toxapex|98\/100|[from] item: Black Sludge\n|upkeep\n|turn|61\n|\n|t:|1700330006\n|move|p1a: Yveltal|Taunt|p2a: Toxapex\n|-start|p2a: Toxapex|move: Taunt\n|move|p2a: Toxapex|Scald|p1a: Yveltal\n|-damage|p1a: Yveltal|8\/100\n|\n|-heal|p2a: Toxapex|100\/100|[from] item: Black Sludge\n|upkeep\n|turn|62\n|\n|t:|1700330017\n|move|p1a: Yveltal|Oblivion Wing|p2a: Toxapex\n|-damage|p2a: Toxapex|53\/100\n|-heal|p1a: Yveltal|30\/100|[from] drain|[of] p2a: Toxapex\n|-damage|p1a: Yveltal|20\/100|[from] item: Life Orb\n|move|p2a: Toxapex|Scald|p1a: Yveltal\n|-damage|p1a: Yveltal|4\/100\n|-status|p1a: Yveltal|brn\n|\n|-heal|p2a: Toxapex|59\/100|[from] item: Black Sludge\n|-damage|p1a: Yveltal|0 fnt|[from] brn\n|faint|p1a: Yveltal\n|upkeep\n|\n|t:|1700330032\n|switch|p1a: Magearna|Magearna|30\/100\n|turn|63\n|\n|t:|1700330037\n|switch|p2a: Alakazam|Alakazam-Mega, F|100\/100\n|-ability|p2a: Alakazam|Soul-Heart|[from] ability: Trace|[of] p1a: Magearna\n|move|p1a: Magearna|Volt Switch|p2a: Alakazam\n|-damage|p2a: Alakazam|73\/100\n|\n|t:|1700330039\n|switch|p1a: Arceus|Arceus-Water|34\/100|[from] Volt Switch\n|\n|upkeep\n|turn|64\n|\n|t:|1700330052\n|move|p2a: Alakazam|Psychic|p1a: Arceus\n|-damage|p1a: Arceus|0 fnt\n|faint|p1a: Arceus\n|-ability|p2a: Alakazam|Soul-Heart|boost\n|-boost|p2a: Alakazam|spa|1\n|\n|upkeep\n|\n|t:|1700330058\n|switch|p1a: Magearna|Magearna|30\/100\n|turn|65\n|c|\u2606SilverStream245|E\n|c|\u2606SilverStream245|z\n|c|\u2606SilverStream245|Get good\n|n|\u203dWeirdful|weirdful\n|\n|t:|1700330070\n|move|p2a: Alakazam|Shadow Ball|p1a: Magearna\n|-damage|p1a: Magearna|0 fnt\n|faint|p1a: Magearna\n|\n|win|SilverStream245\n|raw|Weirdful's rating: 1162 &rarr; <strong>1138<\/strong><br \/>(-24 for losing)\n|raw|SilverStream245's rating: 1175 &rarr; <strong>1199<\/strong><br \/>(+24 for winning)\n","uploadtime":1700330071,"views":6,"p1id":"weirdful","p2id":"silverstream245","formatid":"gen9nationaldexubers","rating":1138,"private":0,"password":""}