{"id":"gen9nationaldexubers-1986844716","p1":"zomboks134","p2":"85792195wwww","format":"[Gen 9] National Dex Ubers","log":"|j|\u2606zomboks134\n|j|\u260685792195wwww\n|t:|1699533253\n|gametype|singles\n|player|p1|zomboks134|pokemaniac|1536\n|player|p2|85792195wwww|mira|1746\n|teamsize|p1|6\n|teamsize|p2|6\n|gen|9\n|tier|[Gen 9] National Dex Ubers\n|rated|\n|rule|HP Percentage Mod: HP is shown in percentages\n|rule|Endless Battle Clause: Forcing endless battles is banned\n|rule|OHKO Clause: OHKO moves are banned\n|rule|Evasion Moves Clause: Evasion moves are banned\n|rule|Evasion Items Clause: Evasion items are banned\n|rule|Species Clause: Limit one of each Pok\u00e9mon\n|rule|Sleep Clause Mod: Limit one foe put to sleep\n|rule|Mega Rayquaza Clause: You cannot mega evolve Rayquaza\n|clearpoke\n|poke|p1|Garganacl, F|\n|poke|p1|Kingambit, F|\n|poke|p1|Ditto|\n|poke|p1|Mewtwo|\n|poke|p1|Arceus-Fairy|\n|poke|p1|Ho-Oh|\n|poke|p2|Ribombee, M|\n|poke|p2|Arceus-Ground|\n|poke|p2|Groudon|\n|poke|p2|Krookodile, M|\n|poke|p2|Gholdengo|\n|poke|p2|Kyurem-Black|\n|teampreview\n|inactive|Battle timer is ON: inactive players will automatically lose when time's up. (requested by zomboks134)\n|\n|t:|1699533262\n|start\n|switch|p1a: Arceus|Arceus-Fairy|100\/100\n|switch|p2a: Ribombee|Ribombee, M|100\/100\n|turn|1\n|\n|t:|1699533271\n|move|p2a: Ribombee|Toxic|p1a: Arceus|[miss]\n|-miss|p2a: Ribombee|p1a: Arceus\n|move|p1a: Arceus|Toxic|p2a: Ribombee\n|-status|p2a: Ribombee|tox\n|\n|-damage|p2a: Ribombee|94\/100 tox|[from] psn\n|upkeep\n|turn|2\n|\n|t:|1699533285\n|move|p2a: Ribombee|Sticky Web|p1a: Arceus\n|-sidestart|p1: zomboks134|move: Sticky Web\n|move|p1a: Arceus|Judgment|p2a: Ribombee\n|-damage|p2a: Ribombee|9\/100 tox\n|\n|-damage|p2a: Ribombee|0 fnt|[from] psn\n|faint|p2a: Ribombee\n|upkeep\n|l|\u2606zomboks134\n|inactive|zomboks134 disconnected and has a minute to reconnect!\n|player|p1|\n|j|\u2606zomboks134\n|inactive|zomboks134 reconnected.\n|player|p1|zomboks134|pokemaniac\n|\n|t:|1699533296\n|switch|p2a: Krookodile|Krookodile, M|100\/100\n|-ability|p2a: Krookodile|Intimidate|boost\n|-unboost|p1a: Arceus|atk|1\n|turn|3\n|\n|t:|1699533302\n|move|p2a: Krookodile|Bulldoze|p1a: Arceus\n|-damage|p1a: Arceus|84\/100\n|-unboost|p1a: Arceus|spe|1\n|move|p1a: Arceus|Judgment|p2a: Krookodile\n|-supereffective|p2a: Krookodile\n|-enditem|p2a: Krookodile|Focus Sash\n|-damage|p2a: Krookodile|1\/100\n|\n|upkeep\n|turn|4\n|\n|t:|1699533312\n|move|p2a: Krookodile|Stealth Rock|p1a: Arceus\n|-sidestart|p1: zomboks134|move: Stealth Rock\n|move|p1a: Arceus|Judgment|p2a: Krookodile\n|-supereffective|p2a: Krookodile\n|-damage|p2a: Krookodile|0 fnt\n|faint|p2a: Krookodile\n|\n|upkeep\n|\n|t:|1699533320\n|switch|p2a: Groudon|Groudon|100\/100\n|detailschange|p2a: Groudon|Groudon-Primal\n|-primal|p2a: Groudon|Red Orb\n|-weather|DesolateLand|[from] ability: Desolate Land|[of] p2a: Groudon\n|turn|5\n|\n|t:|1699533327\n|move|p2a: Groudon|Eruption|p1a: Arceus\n|-damage|p1a: Arceus|0 fnt\n|faint|p1a: Arceus\n|\n|-weather|DesolateLand|[upkeep]\n|upkeep\n|\n|t:|1699533335\n|switch|p1a: Ditto|Ditto|100\/100\n|-activate|p1a: Ditto|move: Sticky Web\n|-unboost|p1a: Ditto|spe|1\n|-damage|p1a: Ditto|88\/100|[from] Stealth Rock\n|-transform|p1a: Ditto|p2a: Groudon|[from] ability: Imposter\n|turn|6\n|\n|t:|1699533345\n|switch|p2a: Gholdengo|Gholdengo|100\/100\n|-item|p2a: Gholdengo|Air Balloon\n|move|p1a: Ditto|Earth Power|p2a: Gholdengo\n|-immune|p2a: Gholdengo\n|\n|-weather|DesolateLand|[upkeep]\n|upkeep\n|turn|7\n|\n|t:|1699533354\n|-weather|none\n|switch|p1a: Ho-Oh|Ho-Oh|100\/100\n|move|p2a: Gholdengo|Nasty Plot|p2a: Gholdengo\n|-boost|p2a: Gholdengo|spa|2\n|\n|upkeep\n|turn|8\n|\n|t:|1699533362\n|move|p2a: Gholdengo|Power Gem|p1a: Ho-Oh\n|-supereffective|p1a: Ho-Oh\n|-damage|p1a: Ho-Oh|10\/100\n|move|p1a: Ho-Oh|Sacred Fire|p2a: Gholdengo\n|-supereffective|p2a: Gholdengo\n|-damage|p2a: Gholdengo|0 fnt\n|-enditem|p2a: Gholdengo|Air Balloon\n|faint|p2a: Gholdengo\n|\n|upkeep\n|\n|t:|1699533374\n|switch|p2a: Groudon|Groudon-Primal|100\/100\n|-weather|DesolateLand|[from] ability: Desolate Land|[of] p2a: Groudon\n|turn|9\n|\n|t:|1699533393\n|move|p2a: Groudon|Eruption|p1a: Ho-Oh\n|-resisted|p1a: Ho-Oh\n|-damage|p1a: Ho-Oh|0 fnt\n|faint|p1a: Ho-Oh\n|\n|-weather|DesolateLand|[upkeep]\n|upkeep\n|\n|t:|1699533398\n|switch|p1a: Ditto|Ditto|88\/100\n|-activate|p1a: Ditto|move: Sticky Web\n|-unboost|p1a: Ditto|spe|1\n|-damage|p1a: Ditto|76\/100|[from] Stealth Rock\n|-transform|p1a: Ditto|p2a: Groudon|[from] ability: Imposter\n|turn|10\n|\n|t:|1699533406\n|switch|p2a: Kyurem|Kyurem-Black|100\/100\n|-ability|p2a: Kyurem|Teravolt\n|move|p1a: Ditto|Earth Power|p2a: Kyurem\n|-damage|p2a: Kyurem|48\/100\n|\n|-weather|DesolateLand|[upkeep]\n|upkeep\n|turn|11\n|\n|t:|1699533417\n|move|p1a: Ditto|Earth Power|p2a: Kyurem\n|-damage|p2a: Kyurem|0 fnt\n|faint|p2a: Kyurem\n|\n|-weather|DesolateLand|[upkeep]\n|upkeep\n|\n|t:|1699533423\n|switch|p2a: Arceus|Arceus-Ground|100\/100\n|turn|12\n|\n|t:|1699533437\n|-weather|none\n|switch|p1a: Mewtwo|Mewtwo|100\/100\n|-activate|p1a: Mewtwo|move: Sticky Web\n|-unboost|p1a: Mewtwo|spe|1\n|-damage|p1a: Mewtwo|88\/100|[from] Stealth Rock\n|-ability|p1a: Mewtwo|Pressure\n|move|p2a: Arceus|Earthquake|p1a: Mewtwo\n|-damage|p1a: Mewtwo|34\/100\n|\n|upkeep\n|turn|13\n|j| Irfanayan\n|\n|t:|1699533450\n|detailschange|p1a: Mewtwo|Mewtwo-Mega-Y\n|-mega|p1a: Mewtwo|Mewtwo|Mewtwonite Y\n|move|p2a: Arceus|Earthquake|p1a: Mewtwo\n|-damage|p1a: Mewtwo|0 fnt\n|faint|p1a: Mewtwo\n|\n|upkeep\n|\n|t:|1699533458\n|switch|p1a: Ditto|Ditto|76\/100\n|-activate|p1a: Ditto|move: Sticky Web\n|-unboost|p1a: Ditto|spe|1\n|-damage|p1a: Ditto|63\/100|[from] Stealth Rock\n|-transform|p1a: Ditto|p2a: Arceus|[from] ability: Imposter\n|turn|14\n|\n|t:|1699533467\n|move|p1a: Ditto|Earthquake|p2a: Arceus\n|-damage|p2a: Arceus|59\/100\n|-zpower|p2a: Arceus\n|move|p2a: Arceus|Tectonic Rage|p1a: Ditto|[zeffect]\n|-damage|p1a: Ditto|0 fnt\n|faint|p1a: Ditto\n|\n|upkeep\n|\n|t:|1699533472\n|switch|p1a: Kingambit|Kingambit, F|100\/100\n|-activate|p1a: Kingambit|move: Sticky Web\n|-unboost|p1a: Kingambit|spe|1\n|-damage|p1a: Kingambit|94\/100|[from] Stealth Rock\n|-activate|p1a: Kingambit|ability: Supreme Overlord\n|-start|p1a: Kingambit|fallen4|[silent]\n|turn|15\n|l| Irfanayan\n|\n|t:|1699533490\n|-terastallize|p1a: Kingambit|Dark\n|move|p2a: Arceus|Earthquake|p1a: Kingambit\n|-damage|p1a: Kingambit|53\/100\n|move|p1a: Kingambit|Knock Off|p2a: Arceus\n|-damage|p2a: Arceus|0 fnt\n|faint|p2a: Arceus\n|\n|upkeep\n|\n|t:|1699533499\n|switch|p2a: Groudon|Groudon-Primal|100\/100\n|-weather|DesolateLand|[from] ability: Desolate Land|[of] p2a: Groudon\n|turn|16\n|\n|t:|1699533507\n|-end|p1a: Kingambit|fallen4|[silent]\n|switch|p1a: Garganacl|Garganacl, F|100\/100\n|-activate|p1a: Garganacl|move: Sticky Web\n|-unboost|p1a: Garganacl|spe|1\n|-damage|p1a: Garganacl|88\/100|[from] Stealth Rock\n|move|p2a: Groudon|Earth Power|p1a: Garganacl\n|-supereffective|p1a: Garganacl\n|-damage|p1a: Garganacl|0 fnt\n|faint|p1a: Garganacl\n|\n|-weather|DesolateLand|[upkeep]\n|upkeep\n|\n|t:|1699533515\n|switch|p1a: Kingambit|Kingambit, F, tera:Dark|53\/100\n|-activate|p1a: Kingambit|move: Sticky Web\n|-unboost|p1a: Kingambit|spe|1\n|-damage|p1a: Kingambit|41\/100|[from] Stealth Rock\n|-activate|p1a: Kingambit|ability: Supreme Overlord\n|-start|p1a: Kingambit|fallen5|[silent]\n|turn|17\n|l|\u2606zomboks134\n|inactive|zomboks134 disconnected and has a minute to reconnect!\n|player|p1|\n|\n|t:|1699533524\n|move|p1a: Kingambit|Sucker Punch|p2a: Groudon\n|-damage|p2a: Groudon|29\/100\n|move|p2a: Groudon|Earth Power|p1a: Kingambit\n|-damage|p1a: Kingambit|0 fnt\n|faint|p1a: Kingambit\n|-end|p1a: Kingambit|fallen5|[silent]\n|\n|win|85792195wwww\n|raw|zomboks134's rating: 1536 &rarr; <strong>1527<\/strong><br \/>(-9 for losing)\n|raw|85792195wwww's rating: 1746 &rarr; <strong>1755<\/strong><br \/>(+9 for winning)\n|j|\u2606zomboks134\n|player|p1|zomboks134|pokemaniac\n|l|\u2606zomboks134\n|player|p1|\n","uploadtime":1699533534,"views":6,"p1id":"zomboks134","p2id":"85792195wwww","formatid":"gen9nationaldexubers","rating":1527,"private":0,"password":""}