{"id":"gen9nationaldexubers-1978325841","p1":"aguinaldo124","p2":"elcrafto","format":"[Gen 9] National Dex Ubers","log":"|j|\u2606aguinaldo124\n|j|\u2606elcrafto\n|t:|1698525371\n|gametype|singles\n|player|p1|aguinaldo124|red|1083\n|player|p2|elcrafto|psychicf-gen4|1059\n|teamsize|p1|6\n|teamsize|p2|6\n|gen|9\n|tier|[Gen 9] National Dex Ubers\n|rated|\n|rule|HP Percentage Mod: HP is shown in percentages\n|rule|Endless Battle Clause: Forcing endless battles is banned\n|rule|OHKO Clause: OHKO moves are banned\n|rule|Evasion Moves Clause: Evasion moves are banned\n|rule|Evasion Items Clause: Evasion items are banned\n|rule|Species Clause: Limit one of each Pok\u00e9mon\n|rule|Sleep Clause Mod: Limit one foe put to sleep\n|rule|Mega Rayquaza Clause: You cannot mega evolve Rayquaza\n|clearpoke\n|poke|p1|Pyukumuku, F|\n|poke|p1|Chansey, F|\n|poke|p1|Hatterene, F|\n|poke|p1|Avalugg, F|\n|poke|p1|Grimmsnarl, M|\n|poke|p1|Toxapex, F|\n|poke|p2|Typhlosion-Hisui, M|\n|poke|p2|Flamigo, F|\n|poke|p2|Exploud, M|\n|poke|p2|Lucario, M|\n|poke|p2|Magnezone|\n|poke|p2|Rattata, F|\n|teampreview\n|inactive|Battle timer is ON: inactive players will automatically lose when time's up. (requested by elcrafto)\n|\n|t:|1698525379\n|start\n|switch|p1a: Grimmsnarl|Grimmsnarl, M|100\/100\n|switch|p2a: Exploud|Exploud, M|100\/100\n|turn|1\n|\n|t:|1698525387\n|move|p1a: Grimmsnarl|Light Screen|p1a: Grimmsnarl\n|-sidestart|p1: aguinaldo124|move: Light Screen\n|move|p2a: Exploud|Boomburst|p1a: Grimmsnarl\n|-damage|p1a: Grimmsnarl|76\/100\n|\n|upkeep\n|turn|2\n|\n|t:|1698525393\n|move|p1a: Grimmsnarl|Reflect|p1a: Grimmsnarl\n|-sidestart|p1: aguinaldo124|Reflect\n|move|p2a: Exploud|Toxic|p1a: Grimmsnarl\n|-status|p1a: Grimmsnarl|tox\n|\n|-damage|p1a: Grimmsnarl|70\/100 tox|[from] psn\n|upkeep\n|turn|3\n|\n|t:|1698525401\n|move|p1a: Grimmsnarl|Parting Shot|p2a: Exploud\n|-unboost|p2a: Exploud|atk|1\n|-unboost|p2a: Exploud|spa|1\n|\n|t:|1698525405\n|switch|p1a: Toxapex|Toxapex, F|100\/100|[from] Parting Shot\n|move|p2a: Exploud|Boomburst|p1a: Toxapex\n|-damage|p1a: Toxapex|88\/100\n|\n|-heal|p1a: Toxapex|94\/100|[from] item: Black Sludge\n|upkeep\n|turn|4\n|\n|t:|1698525416\n|move|p2a: Exploud|Crunch|p1a: Toxapex\n|-damage|p1a: Toxapex|91\/100\n|-unboost|p1a: Toxapex|def|1\n|move|p1a: Toxapex|Toxic|p2a: Exploud\n|-status|p2a: Exploud|tox\n|\n|-heal|p1a: Toxapex|97\/100|[from] item: Black Sludge\n|-damage|p2a: Exploud|94\/100 tox|[from] psn\n|upkeep\n|turn|5\n|\n|t:|1698525428\n|switch|p1a: Avalugg|Avalugg, F|100\/100\n|move|p2a: Exploud|Boomburst|p1a: Avalugg\n|-damage|p1a: Avalugg|77\/100\n|\n|-heal|p1a: Avalugg|83\/100|[from] item: Leftovers\n|-damage|p2a: Exploud|82\/100 tox|[from] psn\n|upkeep\n|turn|6\n|\n|t:|1698525440\n|switch|p1a: Hatterene|Hatterene, F|100\/100\n|move|p2a: Exploud|Toxic|p1a: Hatterene\n|move|p1a: Hatterene|Toxic|p2a: Exploud|[from]ability: Magic Bounce\n|-fail|p2a: Exploud|tox\n|\n|-damage|p2a: Exploud|64\/100 tox|[from] psn\n|upkeep\n|turn|7\n|\n|t:|1698525453\n|switch|p2a: Magnezone|Magnezone|100\/100\n|move|p1a: Hatterene|Draining Kiss|p2a: Magnezone\n|-resisted|p2a: Magnezone\n|-damage|p2a: Magnezone|81\/100\n|\n|upkeep\n|turn|8\n|\n|t:|1698525462\n|move|p2a: Magnezone|Discharge|p1a: Hatterene\n|-damage|p1a: Hatterene|77\/100\n|move|p1a: Hatterene|Mystical Fire|p2a: Magnezone\n|-supereffective|p2a: Magnezone\n|-damage|p2a: Magnezone|4\/100\n|-unboost|p2a: Magnezone|spa|1\n|\n|-heal|p1a: Hatterene|83\/100|[from] item: Leftovers\n|-sideend|p1: aguinaldo124|move: Light Screen\n|upkeep\n|turn|9\n|\n|t:|1698525479\n|move|p2a: Magnezone|Discharge|p1a: Hatterene\n|-crit|p1a: Hatterene\n|-damage|p1a: Hatterene|17\/100\n|move|p1a: Hatterene|Mystical Fire|p2a: Magnezone\n|-supereffective|p2a: Magnezone\n|-damage|p2a: Magnezone|0 fnt\n|faint|p2a: Magnezone\n|\n|-heal|p1a: Hatterene|23\/100|[from] item: Leftovers\n|-sideend|p1: aguinaldo124|Reflect\n|upkeep\n|\n|t:|1698525486\n|switch|p2a: Lucario|Lucario, M|100\/100\n|turn|10\n|\n|t:|1698525496\n|switch|p1a: Toxapex|Toxapex, F|100\/100\n|detailschange|p2a: Lucario|Lucario-Mega, M\n|-mega|p2a: Lucario|Lucario|Lucarionite\n|move|p2a: Lucario|Bullet Punch|p1a: Toxapex\n|-resisted|p1a: Toxapex\n|-damage|p1a: Toxapex|93\/100\n|\n|-heal|p1a: Toxapex|99\/100|[from] item: Black Sludge\n|upkeep\n|turn|11\n|\n|t:|1698525506\n|move|p2a: Lucario|Psychic|p1a: Toxapex\n|-supereffective|p1a: Toxapex\n|-damage|p1a: Toxapex|47\/100\n|move|p1a: Toxapex|Scald|p2a: Lucario\n|-damage|p2a: Lucario|72\/100\n|\n|-heal|p1a: Toxapex|53\/100|[from] item: Black Sludge\n|upkeep\n|turn|12\n|\n|t:|1698525521\n|switch|p1a: Pyukumuku|Pyukumuku, F|100\/100\n|move|p2a: Lucario|Aura Sphere|p1a: Pyukumuku\n|-damage|p1a: Pyukumuku|49\/100\n|\n|-heal|p1a: Pyukumuku|55\/100|[from] item: Leftovers\n|upkeep\n|turn|13\n|\n|t:|1698525531\n|move|p1a: Pyukumuku|Protect|p1a: Pyukumuku\n|-singleturn|p1a: Pyukumuku|Protect\n|move|p2a: Lucario|Bullet Punch|p1a: Pyukumuku\n|-activate|p1a: Pyukumuku|move: Protect\n|\n|-heal|p1a: Pyukumuku|61\/100|[from] item: Leftovers\n|upkeep\n|turn|14\n|\n|t:|1698525540\n|move|p2a: Lucario|Bullet Punch|p1a: Pyukumuku\n|-resisted|p1a: Pyukumuku\n|-damage|p1a: Pyukumuku|50\/100\n|move|p1a: Pyukumuku|Soak|p2a: Lucario\n|-start|p2a: Lucario|typechange|Water\n|\n|-heal|p1a: Pyukumuku|56\/100|[from] item: Leftovers\n|upkeep\n|turn|15\n|\n|t:|1698525549\n|switch|p2a: Typhlosion|Typhlosion-Hisui, M|100\/100\n|-item|p1a: Pyukumuku|Leftovers|[from] ability: Frisk|[of] p2a: Typhlosion|[identify]\n|move|p1a: Pyukumuku|Toxic|p2a: Typhlosion\n|-status|p2a: Typhlosion|tox\n|\n|-heal|p1a: Pyukumuku|62\/100|[from] item: Leftovers\n|-damage|p2a: Typhlosion|95\/100 tox|[from] psn\n|upkeep\n|turn|16\n|\n|t:|1698525559\n|move|p1a: Pyukumuku|Protect|p1a: Pyukumuku\n|-singleturn|p1a: Pyukumuku|Protect\n|move|p2a: Typhlosion|Calm Mind|p2a: Typhlosion\n|-boost|p2a: Typhlosion|spa|1\n|-boost|p2a: Typhlosion|spd|1\n|\n|-heal|p1a: Pyukumuku|68\/100|[from] item: Leftovers\n|-damage|p2a: Typhlosion|83\/100 tox|[from] psn\n|upkeep\n|turn|17\n|\n|t:|1698525573\n|move|p2a: Typhlosion|Poltergeist|p1a: Pyukumuku\n|-activate|p1a: Pyukumuku|move: Poltergeist|Leftovers\n|-damage|p1a: Pyukumuku|35\/100\n|-damage|p2a: Typhlosion|73\/100 tox|[from] item: Life Orb\n|move|p1a: Pyukumuku|Soak|p2a: Typhlosion\n|-start|p2a: Typhlosion|typechange|Water\n|\n|-heal|p1a: Pyukumuku|41\/100|[from] item: Leftovers\n|-damage|p2a: Typhlosion|55\/100 tox|[from] psn\n|upkeep\n|turn|18\n|\n|t:|1698525585\n|move|p2a: Typhlosion|Poltergeist|p1a: Pyukumuku\n|-activate|p1a: Pyukumuku|move: Poltergeist|Leftovers\n|-damage|p1a: Pyukumuku|17\/100\n|-damage|p2a: Typhlosion|45\/100 tox|[from] item: Life Orb\n|move|p1a: Pyukumuku|Recover|p1a: Pyukumuku\n|-heal|p1a: Pyukumuku|67\/100\n|\n|-heal|p1a: Pyukumuku|73\/100|[from] item: Leftovers\n|-damage|p2a: Typhlosion|22\/100 tox|[from] psn\n|upkeep\n|turn|19\n|-message|elcrafto forfeited.\n|\n|win|aguinaldo124\n|raw|aguinaldo124's rating: 1083 &rarr; <strong>1109<\/strong><br \/>(+26 for winning)\n|raw|elcrafto's rating: 1059 &rarr; <strong>1041<\/strong><br \/>(-18 for losing)\n|l|\u2606elcrafto\n","uploadtime":1698525602,"views":9,"p1id":"aguinaldo124","p2id":"elcrafto","formatid":"gen9nationaldexubers","rating":1041,"private":0,"password":""}