{"id":"gen9nationaldexubers-1982816948","p1":"Phenixclause","p2":"fancyostriches","format":"[Gen 9] National Dex Ubers","log":"|j|\u2606Phenixclause\n|j|\u2606fancyostriches\n|t:|1699047757\n|gametype|singles\n|player|p1|Phenixclause|102|\n|player|p2|fancyostriches|flannery|\n|teamsize|p1|6\n|teamsize|p2|6\n|gen|9\n|tier|[Gen 9] National Dex Ubers\n|rule|HP Percentage Mod: HP is shown in percentages\n|rule|Endless Battle Clause: Forcing endless battles is banned\n|rule|OHKO Clause: OHKO moves are banned\n|rule|Evasion Moves Clause: Evasion moves are banned\n|rule|Evasion Items Clause: Evasion items are banned\n|rule|Species Clause: Limit one of each Pok\u00e9mon\n|rule|Sleep Clause Mod: Limit one foe put to sleep\n|rule|Mega Rayquaza Clause: You cannot mega evolve Rayquaza\n|clearpoke\n|poke|p1|Rotom-Mow|\n|poke|p1|Charizard, M|\n|poke|p1|Garganacl, M|\n|poke|p1|Palafin, M|\n|poke|p1|Lugia|\n|poke|p1|Genesect-Douse|\n|poke|p2|Heatran, F|\n|poke|p2|Alomomola, M|\n|poke|p2|Polteageist|\n|poke|p2|Dusclops, F|\n|poke|p2|Gliscor, F|\n|poke|p2|Whimsicott, F|\n|teampreview\n|\n|t:|1699047793\n|start\n|switch|p1a: Genesect|Genesect-Douse|100\/100\n|switch|p2a: Gliscor|Gliscor, F|100\/100\n|-ability|p1a: Genesect|Download|boost\n|-boost|p1a: Genesect|spa|1\n|turn|1\n|\n|t:|1699047809\n|move|p1a: Genesect|Rock Polish|p1a: Genesect\n|-boost|p1a: Genesect|spe|2\n|move|p2a: Gliscor|Swords Dance|p2a: Gliscor\n|-boost|p2a: Gliscor|atk|2\n|\n|-status|p2a: Gliscor|tox|[from] item: Toxic Orb\n|upkeep\n|turn|2\n|\n|t:|1699047822\n|move|p1a: Genesect|Ice Beam|p2a: Gliscor\n|-supereffective|p2a: Gliscor\n|-damage|p2a: Gliscor|0 fnt\n|faint|p2a: Gliscor\n|\n|upkeep\n|\n|t:|1699047830\n|switch|p2a: Whimsicott|Whimsicott, F|100\/100\n|turn|3\n|\n|t:|1699047840\n|move|p2a: Whimsicott|Substitute|p2a: Whimsicott\n|-start|p2a: Whimsicott|Substitute\n|-damage|p2a: Whimsicott|76\/100\n|move|p1a: Genesect|Ice Beam|p2a: Whimsicott\n|-supereffective|p2a: Whimsicott\n|-end|p2a: Whimsicott|Substitute\n|\n|-heal|p2a: Whimsicott|82\/100|[from] item: Leftovers\n|upkeep\n|turn|4\n|\n|t:|1699047856\n|switch|p2a: Heatran|Heatran, F|100\/100\n|move|p1a: Genesect|Ice Beam|p2a: Heatran\n|-resisted|p2a: Heatran\n|-damage|p2a: Heatran|90\/100\n|\n|upkeep\n|turn|5\n|\n|t:|1699047865\n|move|p1a: Genesect|Techno Blast|p2a: Heatran\n|-supereffective|p2a: Heatran\n|-damage|p2a: Heatran|0 fnt\n|faint|p2a: Heatran\n|\n|upkeep\n|\n|t:|1699047872\n|switch|p2a: Dusclops|Dusclops, F|100\/100\n|-ability|p2a: Dusclops|Pressure\n|turn|6\n|\n|t:|1699047883\n|switch|p1a: Garganacl|Garganacl, M|100\/100\n|move|p2a: Dusclops|Curse|p1a: Garganacl\n|-start|p1a: Garganacl|Curse|[of] p2a: Dusclops\n|-damage|p2a: Dusclops|50\/100\n|\n|-damage|p1a: Garganacl|75\/100|[from] Curse\n|upkeep\n|turn|7\n|\n|t:|1699047893\n|move|p1a: Garganacl|Salt Cure|p2a: Dusclops\n|-damage|p2a: Dusclops|42\/100\n|-start|p2a: Dusclops|Salt Cure\n|move|p2a: Dusclops|Rest|p2a: Dusclops\n|-status|p2a: Dusclops|slp|[from] move: Rest\n|-heal|p2a: Dusclops|100\/100 slp|[silent]\n|\n|-heal|p1a: Garganacl|82\/100|[from] item: Leftovers\n|-damage|p1a: Garganacl|57\/100|[from] Curse\n|-damage|p2a: Dusclops|88\/100 slp|[from] Salt Cure\n|upkeep\n|turn|8\n|\n|t:|1699047905\n|switch|p1a: Red and blue|Charizard, M|100\/100\n|cant|p2a: Dusclops|slp\n|move|p2a: Dusclops|Sleep Talk|p2a: Dusclops\n|move|p2a: Dusclops|Curse|p1a: Red and blue|[from]move: Sleep Talk\n|-start|p1a: Red and blue|Curse|[of] p2a: Dusclops\n|-damage|p2a: Dusclops|38\/100 slp\n|\n|-damage|p1a: Red and blue|76\/100|[from] Curse\n|-damage|p2a: Dusclops|26\/100 slp|[from] Salt Cure\n|upkeep\n|turn|9\n|\n|t:|1699047919\n|switch|p2a: Alomomola|Alomomola, M|100\/100\n|detailschange|p1a: Red and blue|Charizard-Mega-X, M\n|-mega|p1a: Red and blue|Charizard|Charizardite X\n|move|p1a: Red and blue|Flare Blitz|p2a: Alomomola\n|-resisted|p2a: Alomomola\n|-damage|p2a: Alomomola|69\/100\n|-damage|p1a: Red and blue|57\/100|[from] Recoil\n|\n|-heal|p2a: Alomomola|75\/100|[from] item: Leftovers\n|-damage|p1a: Red and blue|32\/100|[from] Curse\n|upkeep\n|turn|10\n|\n|t:|1699047932\n|move|p2a: Alomomola|Protect|p2a: Alomomola\n|-singleturn|p2a: Alomomola|Protect\n|move|p1a: Red and blue|Thunder Punch|p2a: Alomomola\n|-activate|p2a: Alomomola|move: Protect\n|\n|-heal|p2a: Alomomola|81\/100|[from] item: Leftovers\n|-damage|p1a: Red and blue|8\/100|[from] Curse\n|upkeep\n|turn|11\n|\n|t:|1699047956\n|switch|p1a: Palafin|Palafin, M|100\/100\n|switch|p2a: Whimsicott|Whimsicott, F|82\/100\n|\n|-heal|p2a: Whimsicott|88\/100|[from] item: Leftovers\n|upkeep\n|turn|12\n|\n|t:|1699047986\n|detailschange|p1a: Palafin|Palafin-Hero, M\n|switch|p1a: Genesect|Genesect-Douse|100\/100\n|-ability|p1a: Genesect|Download|boost\n|-boost|p1a: Genesect|spa|1\n|move|p2a: Whimsicott|Substitute|p2a: Whimsicott\n|-start|p2a: Whimsicott|Substitute\n|-damage|p2a: Whimsicott|63\/100\n|\n|-heal|p2a: Whimsicott|69\/100|[from] item: Leftovers\n|upkeep\n|turn|13\n|\n|t:|1699048001\n|move|p2a: Whimsicott|Leech Seed|p1a: Genesect\n|-start|p1a: Genesect|move: Leech Seed\n|move|p1a: Genesect|Ice Beam|p2a: Whimsicott\n|-supereffective|p2a: Whimsicott\n|-end|p2a: Whimsicott|Substitute\n|\n|-heal|p2a: Whimsicott|75\/100|[from] item: Leftovers\n|-damage|p1a: Genesect|88\/100|[from] Leech Seed|[of] p2a: Whimsicott\n|-heal|p2a: Whimsicott|89\/100|[silent]\n|upkeep\n|turn|14\n|\n|t:|1699048012\n|move|p2a: Whimsicott|Substitute|p2a: Whimsicott\n|-start|p2a: Whimsicott|Substitute\n|-damage|p2a: Whimsicott|64\/100\n|move|p1a: Genesect|Ice Beam|p2a: Whimsicott\n|-supereffective|p2a: Whimsicott\n|-end|p2a: Whimsicott|Substitute\n|\n|-heal|p2a: Whimsicott|70\/100|[from] item: Leftovers\n|-damage|p1a: Genesect|76\/100|[from] Leech Seed|[of] p2a: Whimsicott\n|-heal|p2a: Whimsicott|83\/100|[silent]\n|upkeep\n|turn|15\n|\n|t:|1699048025\n|switch|p1a: Better version|Rotom-Mow|100\/100\n|move|p2a: Whimsicott|Substitute|p2a: Whimsicott\n|-start|p2a: Whimsicott|Substitute\n|-damage|p2a: Whimsicott|58\/100\n|\n|-heal|p2a: Whimsicott|64\/100|[from] item: Leftovers\n|upkeep\n|turn|16\n|\n|t:|1699048038\n|move|p2a: Whimsicott|Encore||[still]\n|-fail|p2a: Whimsicott\n|move|p1a: Better version|Thunderbolt|p2a: Whimsicott\n|-resisted|p2a: Whimsicott\n|-end|p2a: Whimsicott|Substitute\n|\n|-heal|p2a: Whimsicott|71\/100|[from] item: Leftovers\n|upkeep\n|turn|17\n|\n|t:|1699048046\n|move|p2a: Whimsicott|Encore|p1a: Better version\n|-start|p1a: Better version|Encore\n|move|p1a: Better version|Thunderbolt|p2a: Whimsicott\n|-resisted|p2a: Whimsicott\n|-damage|p2a: Whimsicott|44\/100\n|\n|-heal|p2a: Whimsicott|50\/100|[from] item: Leftovers\n|upkeep\n|turn|18\n|\n|t:|1699048055\n|move|p2a: Whimsicott|Leech Seed|p1a: Better version\n|-immune|p1a: Better version\n|move|p1a: Better version|Thunderbolt|p2a: Whimsicott\n|-resisted|p2a: Whimsicott\n|-damage|p2a: Whimsicott|22\/100\n|-status|p2a: Whimsicott|par\n|\n|-heal|p2a: Whimsicott|28\/100 par|[from] item: Leftovers\n|upkeep\n|turn|19\n|\n|t:|1699048068\n|switch|p2a: Dusclops|Dusclops, F|26\/100 slp\n|-ability|p2a: Dusclops|Pressure\n|move|p1a: Better version|Thunderbolt|p2a: Dusclops\n|-damage|p2a: Dusclops|0 fnt\n|faint|p2a: Dusclops\n|\n|-end|p1a: Better version|Encore\n|upkeep\n|c|\u2606Phenixclause|GOTCA\n|\n|t:|1699048087\n|switch|p2a: Polteageist|Polteageist|100\/100\n|turn|20\n|\n|t:|1699048097\n|move|p1a: Better version|Thunderbolt|p2a: Polteageist\n|-damage|p2a: Polteageist|56\/100\n|move|p2a: Polteageist|Shell Smash|p2a: Polteageist\n|-unboost|p2a: Polteageist|def|1\n|-unboost|p2a: Polteageist|spd|1\n|-boost|p2a: Polteageist|atk|2\n|-boost|p2a: Polteageist|spa|2\n|-boost|p2a: Polteageist|spe|2\n|\n|upkeep\n|turn|21\n|\n|t:|1699048115\n|switch|p1a: Red and blue|Charizard-Mega-X, M|8\/100\n|move|p2a: Polteageist|Stored Power|p1a: Red and blue\n|-damage|p1a: Red and blue|0 fnt\n|faint|p1a: Red and blue\n|\n|upkeep\n|\n|t:|1699048121\n|switch|p1a: Palafin|Palafin-Hero, M|100\/100\n|-activate|p1a: Palafin|ability: Zero to Hero\n|turn|22\n|\n|t:|1699048127\n|move|p1a: Palafin|Jet Punch|p2a: Polteageist\n|-damage|p2a: Polteageist|0 fnt\n|faint|p2a: Polteageist\n|\n|upkeep\n|\n|t:|1699048132\n|switch|p2a: Alomomola|Alomomola, M|100\/100\n|turn|23\n|\n|t:|1699048137\n|switch|p1a: Genesect|Genesect-Douse|76\/100\n|-ability|p1a: Genesect|Download|boost\n|-boost|p1a: Genesect|spa|1\n|move|p2a: Alomomola|Toxic|p1a: Genesect\n|-immune|p1a: Genesect\n|\n|upkeep\n|turn|24\n|\n|t:|1699048147\n|move|p1a: Genesect|Thunderbolt|p2a: Alomomola\n|-supereffective|p2a: Alomomola\n|-damage|p2a: Alomomola|33\/100\n|move|p2a: Alomomola|Wish|p2a: Alomomola\n|\n|-heal|p2a: Alomomola|39\/100|[from] item: Leftovers\n|upkeep\n|turn|25\n|\n|t:|1699048159\n|move|p2a: Alomomola|Protect|p2a: Alomomola\n|-singleturn|p2a: Alomomola|Protect\n|move|p1a: Genesect|Ice Beam|p2a: Alomomola\n|-activate|p2a: Alomomola|move: Protect\n|\n|-heal|p2a: Alomomola|89\/100|[from] move: Wish|[wisher] Alomomola\n|-heal|p2a: Alomomola|96\/100|[from] item: Leftovers\n|upkeep\n|turn|26\n|\n|t:|1699048199\n|move|p1a: Genesect|Thunderbolt|p2a: Alomomola\n|-supereffective|p2a: Alomomola\n|-damage|p2a: Alomomola|22\/100\n|move|p2a: Alomomola|Wish|p2a: Alomomola\n|\n|-heal|p2a: Alomomola|28\/100|[from] item: Leftovers\n|upkeep\n|turn|27\n|l|\u2606Phenixclause\n|player|p1|\n|j|\u2606Phenixclause\n|player|p1|Phenixclause|102\n|\n|t:|1699048229\n|switch|p2a: Whimsicott|Whimsicott, F|28\/100 par\n|move|p1a: Genesect|Thunderbolt|p2a: Whimsicott\n|-resisted|p2a: Whimsicott\n|-crit|p2a: Whimsicott\n|-damage|p2a: Whimsicott|0 fnt\n|faint|p2a: Whimsicott\n|\n|upkeep\n|c|\u2606fancyostriches|Hell nah\n|\n|t:|1699048244\n|switch|p2a: Alomomola|Alomomola, M|62\/100\n|turn|28\n|\n|t:|1699048269\n|move|p2a: Alomomola|Protect|p2a: Alomomola\n|-singleturn|p2a: Alomomola|Protect\n|move|p1a: Genesect|Thunderbolt|p2a: Alomomola\n|-activate|p2a: Alomomola|move: Protect\n|\n|-heal|p2a: Alomomola|68\/100|[from] item: Leftovers\n|upkeep\n|turn|29\n|c|\u2606Phenixclause|?\n|\n|t:|1699048289\n|switch|p1a: Better version|Rotom-Mow|100\/100\n|move|p2a: Alomomola|Flip Turn|p1a: Better version\n|-resisted|p1a: Better version\n|-damage|p1a: Better version|88\/100\n|\n|-heal|p2a: Alomomola|74\/100|[from] item: Leftovers\n|upkeep\n|turn|30\n|\n|t:|1699048299\n|move|p1a: Better version|Leaf Storm|p2a: Alomomola\n|-supereffective|p2a: Alomomola\n|-crit|p2a: Alomomola\n|-damage|p2a: Alomomola|0 fnt\n|-unboost|p1a: Better version|spa|2\n|faint|p2a: Alomomola\n|\n|win|Phenixclause\n|c|\u2606Phenixclause|GG\n","uploadtime":1699048307,"views":22,"p1id":"phenixclause","p2id":"fancyostriches","formatid":"gen9nationaldexubers","rating":0,"private":0,"password":""}