{"id":"gen9nationaldexubers-1990082862","p1":"Dragonplanet","p2":"punsmith","format":"[Gen 9] National Dex Ubers","log":"|j|\u2606Dragonplanet\n|j|\u2606punsmith\n|t:|1699922693\n|gametype|singles\n|player|p1|Dragonplanet|hoopster|\n|player|p2|punsmith|giovanni|\n|teamsize|p1|6\n|teamsize|p2|6\n|gen|9\n|tier|[Gen 9] National Dex Ubers\n|rule|HP Percentage Mod: HP is shown in percentages\n|rule|Endless Battle Clause: Forcing endless battles is banned\n|rule|OHKO Clause: OHKO moves are banned\n|rule|Evasion Moves Clause: Evasion moves are banned\n|rule|Evasion Items Clause: Evasion items are banned\n|rule|Species Clause: Limit one of each Pok\u00e9mon\n|rule|Sleep Clause Mod: Limit one foe put to sleep\n|rule|Mega Rayquaza Clause: You cannot mega evolve Rayquaza\n|clearpoke\n|poke|p1|Ferrothorn, F|\n|poke|p1|Iron Moth|\n|poke|p1|Bombirdier, M|\n|poke|p1|Lycanroc-Dusk, M|\n|poke|p1|Comfey, F|\n|poke|p1|Pelipper, M|\n|poke|p2|Necrozma|\n|poke|p2|Nidoking, M|\n|poke|p2|Iron Hands|\n|poke|p2|Mimikyu, M|\n|poke|p2|Moltres-Galar|\n|poke|p2|Orthworm, F|\n|teampreview\n|j| MrDrRubencio\n|\n|t:|1699922728\n|start\n|switch|p1a: Ferrothorn|Ferrothorn, F|100\/100\n|switch|p2a: The Edge|Necrozma|100\/100\n|turn|1\n|\n|t:|1699922743\n|move|p2a: The Edge|Heat Wave|p1a: Ferrothorn\n|-supereffective|p1a: Ferrothorn\n|-damage|p1a: Ferrothorn|0 fnt\n|faint|p1a: Ferrothorn\n|\n|upkeep\n|\n|t:|1699922756\n|switch|p1a: Bombirdier|Bombirdier, M, shiny|100\/100\n|turn|2\n|l| MrDrRubencio\n|\n|t:|1699922766\n|move|p1a: Bombirdier|U-turn|p2a: The Edge\n|-supereffective|p2a: The Edge\n|-damage|p2a: The Edge|61\/100\n|\n|t:|1699922772\n|switch|p1a: Comfey|Comfey, F, shiny|100\/100|[from] U-turn\n|move|p2a: The Edge|Power Gem|p1a: Comfey\n|-crit|p1a: Comfey\n|-damage|p1a: Comfey|66\/100\n|\n|upkeep\n|turn|3\n|\n|t:|1699922789\n|move|p1a: Comfey|Light Screen|p1a: Comfey\n|-sidestart|p1: Dragonplanet|move: Light Screen\n|move|p2a: The Edge|Flash Cannon|p1a: Comfey\n|-supereffective|p1a: Comfey\n|-damage|p1a: Comfey|36\/100\n|\n|upkeep\n|turn|4\n|\n|t:|1699922801\n|move|p1a: Comfey|Leech Seed|p2a: The Edge\n|-start|p2a: The Edge|move: Leech Seed\n|move|p2a: The Edge|Flash Cannon|p1a: Comfey\n|-supereffective|p1a: Comfey\n|-damage|p1a: Comfey|9\/100\n|-unboost|p1a: Comfey|spd|1\n|\n|-damage|p2a: The Edge|49\/100|[from] Leech Seed|[of] p1a: Comfey\n|-heal|p1a: Comfey|25\/100|[silent]\n|upkeep\n|turn|5\n|\n|t:|1699922820\n|switch|p1a: Pelipper|Pelipper, M|100\/100\n|-weather|RainDance|[from] ability: Drizzle|[of] p1a: Pelipper\n|move|p2a: The Edge|Flash Cannon|p1a: Pelipper\n|-resisted|p1a: Pelipper\n|-damage|p1a: Pelipper|90\/100\n|\n|-weather|RainDance|[upkeep]\n|-damage|p2a: The Edge|37\/100|[from] Leech Seed|[of] p1a: Pelipper\n|-heal|p1a: Pelipper|100\/100|[silent]\n|upkeep\n|turn|6\n|\n|t:|1699922844\n|switch|p2a: Truckasaurus|Iron Hands|100\/100\n|-enditem|p2a: Truckasaurus|Booster Energy\n|-activate|p2a: Truckasaurus|ability: Quark Drive|[fromitem]\n|-start|p2a: Truckasaurus|quarkdriveatk\n|move|p1a: Pelipper|Scald|p2a: Truckasaurus\n|-damage|p2a: Truckasaurus|58\/100\n|\n|-weather|RainDance|[upkeep]\n|upkeep\n|turn|7\n|\n|t:|1699922891\n|switch|p1a: Iron Moth|Iron Moth, shiny|100\/100\n|move|p2a: Truckasaurus|Thunder Punch|p1a: Iron Moth\n|-crit|p1a: Iron Moth\n|-enditem|p1a: Iron Moth|Focus Sash\n|-damage|p1a: Iron Moth|1\/100\n|-status|p1a: Iron Moth|par\n|\n|-weather|RainDance|[upkeep]\n|upkeep\n|turn|8\n|\n|t:|1699922911\n|move|p1a: Iron Moth|Dazzling Gleam|p2a: Truckasaurus\n|-supereffective|p2a: Truckasaurus\n|-damage|p2a: Truckasaurus|0 fnt\n|faint|p2a: Truckasaurus\n|-end|p2a: Truckasaurus|Quark Drive|[silent]\n|\n|-weather|RainDance|[upkeep]\n|upkeep\n|\n|t:|1699922928\n|switch|p2a: Sock Puppet|Mimikyu, M|100\/100\n|turn|9\n|\n|t:|1699922933\n|move|p2a: Sock Puppet|Shadow Sneak|p1a: Iron Moth\n|-damage|p1a: Iron Moth|0 fnt\n|faint|p1a: Iron Moth\n|-end|p1a: Iron Moth|Quark Drive|[silent]\n|-damage|p2a: Sock Puppet|91\/100|[from] item: Life Orb\n|\n|-weather|none\n|upkeep\n|\n|t:|1699922946\n|switch|p1a: Pelipper|Pelipper, M|100\/100\n|-weather|RainDance|[from] ability: Drizzle|[of] p1a: Pelipper\n|turn|10\n|\n|t:|1699922968\n|move|p2a: Sock Puppet|Swords Dance|p2a: Sock Puppet\n|-boost|p2a: Sock Puppet|atk|2\n|move|p1a: Pelipper|Scald|p2a: Sock Puppet\n|-activate|p2a: Sock Puppet|ability: Disguise\n|-damage|p2a: Sock Puppet|91\/100\n|detailschange|p2a: Sock Puppet|Mimikyu-Busted, M\n|-damage|p2a: Sock Puppet|78\/100|[from] pokemon: Mimikyu-Busted\n|\n|-weather|RainDance|[upkeep]\n|-sideend|p1: Dragonplanet|move: Light Screen\n|upkeep\n|turn|11\n|\n|t:|1699922984\n|move|p2a: Sock Puppet|Shadow Sneak|p1a: Pelipper\n|-damage|p1a: Pelipper|62\/100\n|-damage|p2a: Sock Puppet|68\/100|[from] item: Life Orb\n|move|p1a: Pelipper|Scald|p2a: Sock Puppet\n|-damage|p2a: Sock Puppet|17\/100\n|\n|-weather|RainDance|[upkeep]\n|upkeep\n|turn|12\n|\n|t:|1699922995\n|switch|p2a: Wormy|Orthworm, F|100\/100\n|move|p1a: Pelipper|Roost|p1a: Pelipper\n|-heal|p1a: Pelipper|100\/100\n|-singleturn|p1a: Pelipper|move: Roost\n|\n|-weather|RainDance|[upkeep]\n|upkeep\n|turn|13\n|\n|t:|1699923037\n|move|p2a: Wormy|Shed Tail|p2a: Wormy\n|-start|p2a: Wormy|Substitute|[from] move: Shed Tail\n|-damage|p2a: Wormy|50\/100\n|\n|t:|1699923046\n|switch|p2a: Nido Drink|Nidoking, M|100\/100|[from] Shed Tail\n|move|p1a: Pelipper|Scald|p2a: Nido Drink\n|-supereffective|p2a: Nido Drink\n|-end|p2a: Nido Drink|Substitute\n|\n|-weather|RainDance|[upkeep]\n|upkeep\n|turn|14\n|\n|t:|1699923082\n|switch|p1a: Comfey|Comfey, F, shiny|25\/100\n|move|p2a: Nido Drink|Thunder Punch|p1a: Comfey\n|-damage|p1a: Comfey|0 fnt\n|faint|p1a: Comfey\n|\n|-weather|none\n|upkeep\n|\n|t:|1699923128\n|switch|p1a: Bombirdier|Bombirdier, M, shiny|100\/100\n|turn|15\n|\n|t:|1699923140\n|move|p2a: Nido Drink|Thunder Punch|p1a: Bombirdier\n|-supereffective|p1a: Bombirdier\n|-damage|p1a: Bombirdier|18\/100\n|move|p1a: Bombirdier|Knock Off|p2a: Nido Drink\n|-damage|p2a: Nido Drink|4\/100\n|-enditem|p2a: Nido Drink|Choice Scarf|[from] move: Knock Off|[of] p1a: Bombirdier\n|\n|upkeep\n|turn|16\n|\n|t:|1699923170\n|switch|p1a: Lycanroc|Lycanroc-Dusk, M, shiny|100\/100\n|switch|p2a: Wormy|Orthworm, F|50\/100\n|\n|-heal|p2a: Wormy|57\/100|[from] item: Leftovers\n|upkeep\n|turn|17\n|\n|t:|1699923188\n|move|p1a: Lycanroc|Close Combat|p2a: Wormy\n|-supereffective|p2a: Wormy\n|-damage|p2a: Wormy|0 fnt\n|-unboost|p1a: Lycanroc|def|1\n|-unboost|p1a: Lycanroc|spd|1\n|faint|p2a: Wormy\n|-damage|p1a: Lycanroc|91\/100|[from] item: Life Orb\n|\n|upkeep\n|\n|t:|1699923195\n|switch|p2a: Burnt KFC|Moltres-Galar|100\/100\n|turn|18\n|\n|t:|1699923204\n|switch|p1a: Pelipper|Pelipper, M|100\/100\n|-weather|RainDance|[from] ability: Drizzle|[of] p1a: Pelipper\n|move|p2a: Burnt KFC|Tailwind|p2a: Burnt KFC\n|-sidestart|p2: punsmith|move: Tailwind\n|\n|-weather|RainDance|[upkeep]\n|upkeep\n|turn|19\n|\n|t:|1699923215\n|move|p2a: Burnt KFC|Nasty Plot|p2a: Burnt KFC\n|-boost|p2a: Burnt KFC|spa|2\n|move|p1a: Pelipper|Hurricane|p2a: Burnt KFC\n|-damage|p2a: Burnt KFC|69\/100\n|-start|p2a: Burnt KFC|confusion\n|\n|-weather|RainDance|[upkeep]\n|upkeep\n|turn|20\n|\n|t:|1699923229\n|-activate|p2a: Burnt KFC|confusion\n|move|p2a: Burnt KFC|Ancient Power|p1a: Pelipper\n|-supereffective|p1a: Pelipper\n|-damage|p1a: Pelipper|8\/100\n|move|p1a: Pelipper|Scald|p2a: Burnt KFC\n|-damage|p2a: Burnt KFC|37\/100\n|-ability|p2a: Burnt KFC|Berserk|boost\n|-boost|p2a: Burnt KFC|spa|1\n|\n|-weather|RainDance|[upkeep]\n|upkeep\n|turn|21\n|\n|t:|1699923247\n|-end|p2a: Burnt KFC|confusion\n|move|p2a: Burnt KFC|Ancient Power|p1a: Pelipper\n|-supereffective|p1a: Pelipper\n|-damage|p1a: Pelipper|0 fnt\n|faint|p1a: Pelipper\n|\n|-weather|RainDance|[upkeep]\n|-sideend|p2: punsmith|move: Tailwind\n|upkeep\n|\n|t:|1699923251\n|switch|p1a: Lycanroc|Lycanroc-Dusk, M, shiny|91\/100\n|turn|22\n|j| DONTBEFUKLIN\n|\n|t:|1699923272\n|move|p1a: Lycanroc|Accelerock|p2a: Burnt KFC\n|-supereffective|p2a: Burnt KFC\n|-damage|p2a: Burnt KFC|0 fnt\n|faint|p2a: Burnt KFC\n|-damage|p1a: Lycanroc|81\/100|[from] item: Life Orb\n|\n|-weather|none\n|upkeep\n|\n|t:|1699923314\n|switch|p2a: The Edge|Necrozma|37\/100\n|turn|23\n|\n|t:|1699923330\n|move|p1a: Lycanroc|Play Rough|p2a: The Edge\n|-damage|p2a: The Edge|0 fnt\n|faint|p2a: The Edge\n|-damage|p1a: Lycanroc|71\/100|[from] item: Life Orb\n|\n|upkeep\n|\n|t:|1699923351\n|switch|p2a: Sock Puppet|Mimikyu-Busted, M|17\/100\n|turn|24\n|\n|t:|1699923367\n|move|p1a: Lycanroc|Accelerock|p2a: Sock Puppet\n|-damage|p2a: Sock Puppet|0 fnt\n|faint|p2a: Sock Puppet\n|-damage|p1a: Lycanroc|61\/100|[from] item: Life Orb\n|\n|upkeep\n|\n|t:|1699923372\n|switch|p2a: Nido Drink|Nidoking, M|4\/100\n|turn|25\n|\n|t:|1699923376\n|move|p1a: Lycanroc|Accelerock|p2a: Nido Drink\n|-resisted|p2a: Nido Drink\n|-damage|p2a: Nido Drink|0 fnt\n|faint|p2a: Nido Drink\n|-damage|p1a: Lycanroc|51\/100|[from] item: Life Orb\n|\n|win|Dragonplanet\n","uploadtime":1699923383,"views":35,"p1id":"dragonplanet","p2id":"punsmith","formatid":"gen9nationaldexubers","rating":0,"private":0,"password":""}