{"id":"gen9nationaldexubers-1978266981","p1":"Slender235","p2":"drscooz","format":"[Gen 9] National Dex Ubers","log":"|j|\u2606Slender235\n|j|\u2606drscooz\n|t:|1698518896\n|gametype|singles\n|player|p1|Slender235|steven-gen6|1467\n|player|p2|drscooz|169|1695\n|teamsize|p1|6\n|teamsize|p2|6\n|gen|9\n|tier|[Gen 9] National Dex Ubers\n|rated|\n|rule|HP Percentage Mod: HP is shown in percentages\n|rule|Endless Battle Clause: Forcing endless battles is banned\n|rule|OHKO Clause: OHKO moves are banned\n|rule|Evasion Moves Clause: Evasion moves are banned\n|rule|Evasion Items Clause: Evasion items are banned\n|rule|Species Clause: Limit one of each Pok\u00e9mon\n|rule|Sleep Clause Mod: Limit one foe put to sleep\n|rule|Mega Rayquaza Clause: You cannot mega evolve Rayquaza\n|clearpoke\n|poke|p1|Slurpuff, M|\n|poke|p1|Salamence, F|\n|poke|p1|Necrozma-Dusk-Mane|\n|poke|p1|Eternatus|\n|poke|p1|Arceus-Fairy|\n|poke|p1|Yveltal|\n|poke|p2|Yveltal|\n|poke|p2|Ferrothorn, M|\n|poke|p2|Arceus-Ground|\n|poke|p2|Ho-Oh|\n|poke|p2|Marshadow|\n|poke|p2|Toxapex, M|\n|teampreview\n|inactive|Battle timer is ON: inactive players will automatically lose when time's up. (requested by Slender235)\n|\n|t:|1698518910\n|start\n|switch|p1a: Pudgy|Slurpuff, M, shiny|100\/100\n|switch|p2a: Just the Lead|Arceus-Ground|100\/100\n|turn|1\n|\n|t:|1698518917\n|move|p2a: Just the Lead|Judgment|p1a: Pudgy\n|-enditem|p1a: Pudgy|Focus Sash\n|-damage|p1a: Pudgy|1\/100\n|move|p1a: Pudgy|Yawn|p2a: Just the Lead\n|-start|p2a: Just the Lead|move: Yawn|[of] p1a: Pudgy\n|\n|upkeep\n|turn|2\n|\n|t:|1698518923\n|move|p2a: Just the Lead|Extreme Speed|p1a: Pudgy\n|-damage|p1a: Pudgy|0 fnt\n|faint|p1a: Pudgy\n|\n|-end|p2a: Just the Lead|move: Yawn|[silent]\n|-status|p2a: Just the Lead|slp\n|upkeep\n|\n|t:|1698518930\n|switch|p1a: Whitey|Necrozma-Dusk-Mane|100\/100\n|turn|3\n|\n|t:|1698518932\n|cant|p2a: Just the Lead|slp\n|move|p1a: Whitey|Stealth Rock|p2a: Just the Lead\n|-sidestart|p2: drscooz|move: Stealth Rock\n|\n|upkeep\n|turn|4\n|\n|t:|1698518935\n|switch|p1a: Guardian|Salamence, F|100\/100\n|-ability|p1a: Guardian|Intimidate|boost\n|-unboost|p2a: Just the Lead|atk|1\n|-curestatus|p2a: Just the Lead|slp|[msg]\n|move|p2a: Just the Lead|Judgment|p1a: Guardian\n|-immune|p1a: Guardian\n|\n|upkeep\n|turn|5\n|\n|t:|1698518940\n|detailschange|p1a: Guardian|Salamence-Mega, F\n|-mega|p1a: Guardian|Salamence|Salamencite\n|move|p1a: Guardian|Dragon Dance|p1a: Guardian\n|-boost|p1a: Guardian|atk|1\n|-boost|p1a: Guardian|spe|1\n|move|p2a: Just the Lead|Defog|p1a: Guardian\n|-unboost|p1a: Guardian|evasion|1\n|-sideend|p2: drscooz|Stealth Rock|[from] move: Defog|[of] p2a: Just the Lead\n|\n|upkeep\n|turn|6\n|\n|t:|1698518945\n|switch|p1a: Whitey|Necrozma-Dusk-Mane|100\/100\n|move|p2a: Just the Lead|Ice Beam|p1a: Whitey\n|-resisted|p1a: Whitey\n|-damage|p1a: Whitey|90\/100\n|-status|p1a: Whitey|frz\n|\n|-heal|p1a: Whitey|96\/100 frz|[from] item: Leftovers\n|upkeep\n|turn|7\n|\n|t:|1698518951\n|move|p2a: Just the Lead|Judgment|p1a: Whitey\n|-supereffective|p1a: Whitey\n|-damage|p1a: Whitey|26\/100 frz\n|-curestatus|p1a: Whitey|frz|[msg]\n|move|p1a: Whitey|Stealth Rock|p2a: Just the Lead\n|-sidestart|p2: drscooz|move: Stealth Rock\n|\n|-heal|p1a: Whitey|32\/100|[from] item: Leftovers\n|upkeep\n|turn|8\n|\n|t:|1698518957\n|switch|p1a: SEVERED|Yveltal|100\/100\n|-ability|p1a: SEVERED|Dark Aura\n|move|p2a: Just the Lead|Defog|p1a: SEVERED\n|-unboost|p1a: SEVERED|evasion|1\n|-sideend|p2: drscooz|Stealth Rock|[from] move: Defog|[of] p2a: Just the Lead\n|\n|upkeep\n|turn|9\n|\n|t:|1698518960\n|move|p1a: SEVERED|Taunt|p2a: Just the Lead\n|-start|p2a: Just the Lead|move: Taunt\n|move|p2a: Just the Lead|Ice Beam|p1a: SEVERED\n|-supereffective|p1a: SEVERED\n|-damage|p1a: SEVERED|42\/100\n|\n|upkeep\n|turn|10\n|\n|t:|1698518967\n|move|p1a: SEVERED|Sucker Punch|p2a: Just the Lead\n|-crit|p2a: Just the Lead\n|-damage|p2a: Just the Lead|43\/100\n|move|p2a: Just the Lead|Judgment|p1a: SEVERED\n|-immune|p1a: SEVERED\n|\n|upkeep\n|turn|11\n|j| 85792195wwww\n|\n|t:|1698518972\n|move|p2a: Just the Lead|Extreme Speed|p1a: SEVERED\n|-damage|p1a: SEVERED|28\/100\n|move|p1a: SEVERED|Knock Off|p2a: Just the Lead\n|-damage|p2a: Just the Lead|4\/100\n|\n|-end|p2a: Just the Lead|move: Taunt\n|upkeep\n|turn|12\n|\n|t:|1698518977\n|move|p2a: Just the Lead|Extreme Speed|p1a: SEVERED\n|-damage|p1a: SEVERED|16\/100\n|move|p1a: SEVERED|Taunt|p2a: Just the Lead\n|-start|p2a: Just the Lead|move: Taunt\n|\n|upkeep\n|turn|13\n|\n|t:|1698518981\n|move|p2a: Just the Lead|Extreme Speed|p1a: SEVERED\n|-damage|p1a: SEVERED|4\/100\n|move|p1a: SEVERED|Knock Off|p2a: Just the Lead\n|-damage|p2a: Just the Lead|0 fnt\n|faint|p2a: Just the Lead\n|\n|upkeep\n|\n|t:|1698518985\n|switch|p2a: BooBoos|Marshadow|100\/100\n|turn|14\n|\n|t:|1698518989\n|move|p2a: BooBoos|Shadow Sneak|p1a: SEVERED\n|-resisted|p1a: SEVERED\n|-damage|p1a: SEVERED|0 fnt\n|faint|p1a: SEVERED\n|\n|upkeep\n|\n|t:|1698518994\n|switch|p1a: Whitey|Necrozma-Dusk-Mane|32\/100\n|turn|15\n|\n|t:|1698518996\n|move|p2a: BooBoos|Spectral Thief|p1a: Whitey\n|-supereffective|p1a: Whitey\n|-crit|p1a: Whitey\n|-damage|p1a: Whitey|0 fnt\n|faint|p1a: Whitey\n|\n|upkeep\n|\n|t:|1698519003\n|switch|p1a: Guardian|Salamence-Mega, F|100\/100\n|turn|16\n|\n|t:|1698519005\n|switch|p2a: Pyrothorn|Ferrothorn, M|100\/100\n|move|p1a: Guardian|Frustration|p2a: Pyrothorn\n|-damage|p2a: Pyrothorn|46\/100\n|-damage|p1a: Guardian|88\/100|[from] ability: Iron Barbs|[of] p2a: Pyrothorn\n|\n|-heal|p2a: Pyrothorn|52\/100|[from] item: Leftovers\n|upkeep\n|turn|17\n|\n|t:|1698519012\n|move|p1a: Guardian|Frustration|p2a: Pyrothorn\n|-damage|p2a: Pyrothorn|0 fnt\n|-damage|p1a: Guardian|76\/100|[from] ability: Iron Barbs|[of] p2a: Pyrothorn\n|faint|p2a: Pyrothorn\n|\n|upkeep\n|\n|t:|1698519015\n|switch|p2a: Wild Card|Yveltal|100\/100\n|-ability|p2a: Wild Card|Dark Aura\n|turn|18\n|\n|t:|1698519021\n|switch|p1a: The Thousand|Eternatus|100\/100\n|-ability|p1a: The Thousand|Pressure\n|move|p2a: Wild Card|Oblivion Wing|p1a: The Thousand\n|-damage|p1a: The Thousand|68\/100\n|\n|upkeep\n|turn|19\n|\n|t:|1698519025\n|move|p1a: The Thousand|Meteor Beam||[still]\n|-prepare|p1a: The Thousand|Meteor Beam\n|-boost|p1a: The Thousand|spa|1\n|-enditem|p1a: The Thousand|Power Herb\n|-anim|p1a: The Thousand|Meteor Beam|p2a: Wild Card|[miss]\n|-miss|p1a: The Thousand|p2a: Wild Card\n|move|p2a: Wild Card|Knock Off|p1a: The Thousand\n|-damage|p1a: The Thousand|27\/100\n|\n|upkeep\n|turn|20\n|\n|t:|1698519038\n|move|p2a: Wild Card|Sucker Punch|p1a: The Thousand\n|-damage|p1a: The Thousand|0 fnt\n|faint|p1a: The Thousand\n|\n|upkeep\n|c|\u2606Slender235|For fucks sake\n|\n|t:|1698519058\n|switch|p1a: DIVINE LINK|Arceus-Fairy|100\/100\n|turn|21\n|\n|t:|1698519061\n|-terastallize|p2a: Wild Card|Steel\n|move|p1a: DIVINE LINK|Calm Mind|p1a: DIVINE LINK\n|-boost|p1a: DIVINE LINK|spa|1\n|-boost|p1a: DIVINE LINK|spd|1\n|move|p2a: Wild Card|Steel Wing|p1a: DIVINE LINK\n|-supereffective|p1a: DIVINE LINK\n|-damage|p1a: DIVINE LINK|47\/100\n|\n|upkeep\n|turn|22\n|\n|t:|1698519068\n|-terastallize|p1a: DIVINE LINK|Steel\n|move|p1a: DIVINE LINK|Recover|p1a: DIVINE LINK\n|-heal|p1a: DIVINE LINK|97\/100\n|move|p2a: Wild Card|Steel Wing|p1a: DIVINE LINK\n|-resisted|p1a: DIVINE LINK\n|-damage|p1a: DIVINE LINK|84\/100\n|\n|upkeep\n|turn|23\n|l| 85792195wwww\n|\n|t:|1698519075\n|move|p1a: DIVINE LINK|Will-O-Wisp|p2a: Wild Card\n|-status|p2a: Wild Card|brn\n|move|p2a: Wild Card|Oblivion Wing|p1a: DIVINE LINK\n|-resisted|p1a: DIVINE LINK\n|-damage|p1a: DIVINE LINK|78\/100\n|\n|-damage|p2a: Wild Card|94\/100 brn|[from] brn\n|upkeep\n|turn|24\n|\n|t:|1698519081\n|switch|p2a: Oh-Wow|Ho-Oh|100\/100\n|move|p1a: DIVINE LINK|Judgment|p2a: Oh-Wow\n|-resisted|p2a: Oh-Wow\n|-damage|p2a: Oh-Wow|79\/100\n|\n|upkeep\n|turn|25\n|\n|t:|1698519089\n|move|p1a: DIVINE LINK|Judgment|p2a: Oh-Wow\n|-resisted|p2a: Oh-Wow\n|-damage|p2a: Oh-Wow|58\/100\n|move|p2a: Oh-Wow|Brave Bird|p1a: DIVINE LINK\n|-resisted|p1a: DIVINE LINK\n|-damage|p1a: DIVINE LINK|54\/100\n|-damage|p2a: Oh-Wow|50\/100|[from] Recoil\n|\n|upkeep\n|turn|26\n|\n|t:|1698519096\n|move|p1a: DIVINE LINK|Judgment|p2a: Oh-Wow\n|-resisted|p2a: Oh-Wow\n|-damage|p2a: Oh-Wow|28\/100\n|move|p2a: Oh-Wow|Sacred Fire|p1a: DIVINE LINK\n|-supereffective|p1a: DIVINE LINK\n|-damage|p1a: DIVINE LINK|0 fnt\n|faint|p1a: DIVINE LINK\n|\n|upkeep\n|\n|t:|1698519101\n|switch|p1a: Guardian|Salamence-Mega, F|76\/100\n|turn|27\n|\n|t:|1698519104\n|move|p1a: Guardian|Frustration|p2a: Oh-Wow\n|-damage|p2a: Oh-Wow|0 fnt\n|faint|p2a: Oh-Wow\n|\n|upkeep\n|\n|t:|1698519107\n|switch|p2a: Toxipecks|Toxapex, M|100\/100\n|turn|28\n|\n|t:|1698519113\n|move|p1a: Guardian|Earthquake|p2a: Toxipecks\n|-supereffective|p2a: Toxipecks\n|-damage|p2a: Toxipecks|49\/100\n|move|p2a: Toxipecks|Toxic|p1a: Guardian\n|-status|p1a: Guardian|tox\n|\n|-damage|p1a: Guardian|70\/100 tox|[from] psn\n|upkeep\n|turn|29\n|\n|t:|1698519117\n|move|p1a: Guardian|Frustration|p2a: Toxipecks\n|-damage|p2a: Toxipecks|2\/100\n|-damage|p1a: Guardian|53\/100 tox|[from] item: Rocky Helmet|[of] p2a: Toxipecks\n|move|p2a: Toxipecks|Recover|p2a: Toxipecks\n|-heal|p2a: Toxipecks|52\/100\n|\n|-damage|p1a: Guardian|41\/100 tox|[from] psn\n|upkeep\n|turn|30\n|\n|t:|1698519122\n|move|p1a: Guardian|Earthquake|p2a: Toxipecks\n|-supereffective|p2a: Toxipecks\n|-damage|p2a: Toxipecks|6\/100\n|move|p2a: Toxipecks|Recover|p2a: Toxipecks\n|-heal|p2a: Toxipecks|56\/100\n|\n|-damage|p1a: Guardian|23\/100 tox|[from] psn\n|upkeep\n|turn|31\n|c|\u2606Slender235|Fuck this bullshit\n|\n|t:|1698519133\n|move|p1a: Guardian|Earthquake|p2a: Toxipecks\n|-supereffective|p2a: Toxipecks\n|-damage|p2a: Toxipecks|5\/100\n|move|p2a: Toxipecks|Scald|p1a: Guardian\n|-resisted|p1a: Guardian\n|-damage|p1a: Guardian|14\/100 tox\n|\n|-damage|p1a: Guardian|0 fnt|[from] psn\n|faint|p1a: Guardian\n|\n|win|drscooz\n|upkeep\n|raw|Slender235's rating: 1467 &rarr; <strong>1459<\/strong><br \/>(-8 for losing)\n|raw|drscooz's rating: 1695 &rarr; <strong>1703<\/strong><br \/>(+8 for winning)\n","uploadtime":1698519134,"views":10,"p1id":"slender235","p2id":"drscooz","formatid":"gen9nationaldexubers","rating":1459,"private":0,"password":""}