{"id":"gen9nationaldexubers-1997384516","p1":"ash ketchum299","p2":"Den33123","format":"[Gen 9] National Dex Ubers","log":"|j|\u2606ash ketchum299\n|j|\u2606Den33123\n|t:|1700797164\n|gametype|singles\n|player|p1|ash ketchum299|ash|1202\n|player|p2|Den33123|riley|1114\n|teamsize|p1|6\n|teamsize|p2|6\n|gen|9\n|tier|[Gen 9] National Dex Ubers\n|rated|\n|rule|HP Percentage Mod: HP is shown in percentages\n|rule|Endless Battle Clause: Forcing endless battles is banned\n|rule|OHKO Clause: OHKO moves are banned\n|rule|Evasion Moves Clause: Evasion moves are banned\n|rule|Evasion Items Clause: Evasion items are banned\n|rule|Species Clause: Limit one of each Pok\u00e9mon\n|rule|Sleep Clause Mod: Limit one foe put to sleep\n|rule|Mega Rayquaza Clause: You cannot mega evolve Rayquaza\n|clearpoke\n|poke|p1|Greninja-*, M|\n|poke|p1|Charizard, M|\n|poke|p1|Krookodile, F|\n|poke|p1|Sceptile, F|\n|poke|p1|Infernape, F|\n|poke|p1|Lucario, M|\n|poke|p2|Metagross|\n|poke|p2|Indeedee, M|\n|poke|p2|Hydreigon, M|\n|poke|p2|Revavroom, M|\n|poke|p2|Drifblim, M|\n|poke|p2|Cinderace, M|\n|teampreview\n|inactive|Battle timer is ON: inactive players will automatically lose when time's up. (requested by ash ketchum299)\n|\n|t:|1700797171\n|start\n|switch|p1a: Infernape|Infernape, F|100\/100\n|switch|p2a: Hydreigon|Hydreigon, M|100\/100\n|turn|1\n|\n|t:|1700797178\n|move|p1a: Infernape|Close Combat|p2a: Hydreigon\n|-supereffective|p2a: Hydreigon\n|-damage|p2a: Hydreigon|0 fnt\n|-unboost|p1a: Infernape|def|1\n|-unboost|p1a: Infernape|spd|1\n|faint|p2a: Hydreigon\n|\n|upkeep\n|\n|t:|1700797196\n|switch|p2a: Indeedee|Indeedee, M|100\/100\n|-fieldstart|move: Psychic Terrain|[from] ability: Psychic Surge|[of] p2a: Indeedee\n|turn|2\n|\n|t:|1700797217\n|switch|p2a: Drifblim|Drifblim, M|100\/100\n|-enditem|p2a: Drifblim|Psychic Seed\n|-boost|p2a: Drifblim|spd|1|[from] item: Psychic Seed\n|move|p1a: Infernape|Close Combat|p2a: Drifblim\n|-immune|p2a: Drifblim\n|\n|upkeep\n|turn|3\n|\n|t:|1700797229\n|switch|p1a: Greninja|Greninja, M|100\/100\n|move|p2a: Drifblim|Calm Mind|p2a: Drifblim\n|-boost|p2a: Drifblim|spa|1\n|-boost|p2a: Drifblim|spd|1\n|\n|upkeep\n|turn|4\n|\n|t:|1700797237\n|move|p2a: Drifblim|Thunderbolt|p1a: Greninja\n|-supereffective|p1a: Greninja\n|-damage|p1a: Greninja|0 fnt\n|faint|p1a: Greninja\n|\n|upkeep\n|\n|t:|1700797242\n|switch|p1a: Lucario|Lucario, M|100\/100\n|turn|5\n|\n|t:|1700797247\n|detailschange|p1a: Lucario|Lucario-Mega, M\n|-mega|p1a: Lucario|Lucario|Lucarionite\n|-terastallize|p2a: Drifblim|Fighting\n|move|p2a: Drifblim|Tera Blast|p1a: Lucario|[anim] Tera Blast Fighting\n|-supereffective|p1a: Lucario\n|-damage|p1a: Lucario|0 fnt\n|faint|p1a: Lucario\n|\n|upkeep\n|\n|t:|1700797270\n|switch|p1a: Infernape|Infernape, F|100\/100\n|turn|6\n|\n|t:|1700797276\n|move|p2a: Drifblim|Shadow Ball|p1a: Infernape\n|-damage|p1a: Infernape|17\/100\n|move|p1a: Infernape|Close Combat|p2a: Drifblim\n|-damage|p2a: Drifblim|27\/100\n|-unboost|p1a: Infernape|def|1\n|-unboost|p1a: Infernape|spd|1\n|\n|-fieldend|move: Psychic Terrain\n|upkeep\n|turn|7\n|\n|t:|1700797288\n|move|p2a: Drifblim|Tera Blast|p1a: Infernape|[anim] Tera Blast Fighting\n|-damage|p1a: Infernape|0 fnt\n|faint|p1a: Infernape\n|\n|upkeep\n|\n|t:|1700797303\n|switch|p1a: Sceptile|Sceptile, F|100\/100\n|turn|8\n|\n|t:|1700797309\n|move|p2a: Drifblim|Shadow Ball|p1a: Sceptile\n|-damage|p1a: Sceptile|31\/100\n|move|p1a: Sceptile|Swords Dance|p1a: Sceptile\n|-boost|p1a: Sceptile|atk|2\n|\n|upkeep\n|turn|9\n|\n|t:|1700797316\n|move|p2a: Drifblim|Shadow Ball|p1a: Sceptile\n|-damage|p1a: Sceptile|0 fnt\n|faint|p1a: Sceptile\n|\n|upkeep\n|-message|ash ketchum299 forfeited.\n|\n|win|Den33123\n|raw|ash ketchum299's rating: 1188 &rarr; <strong>1158<\/strong><br \/>(-30 for losing)\n|raw|Den33123's rating: 1114 &rarr; <strong>1144<\/strong><br \/>(+30 for winning)\n|l|\u2606ash ketchum299\n","uploadtime":1700797342,"views":13,"p1id":"ashketchum299","p2id":"den33123","formatid":"gen9nationaldexubers","rating":1144,"private":0,"password":""}