{"id":"gen9nationaldexubers-1985905526","p1":"Smackey_5","p2":"Demolution545","format":"[Gen 9] National Dex Ubers","log":"|j|\u2606Smackey_5\n|j|\u2606Demolution545\n|t:|1699420459\n|gametype|singles\n|player|p1|Smackey_5|silver|\n|player|p2|Demolution545|170|\n|teamsize|p1|6\n|teamsize|p2|6\n|gen|9\n|tier|[Gen 9] National Dex Ubers\n|rule|HP Percentage Mod: HP is shown in percentages\n|rule|Endless Battle Clause: Forcing endless battles is banned\n|rule|OHKO Clause: OHKO moves are banned\n|rule|Evasion Moves Clause: Evasion moves are banned\n|rule|Evasion Items Clause: Evasion items are banned\n|rule|Species Clause: Limit one of each Pok\u00e9mon\n|rule|Sleep Clause Mod: Limit one foe put to sleep\n|rule|Mega Rayquaza Clause: You cannot mega evolve Rayquaza\n|clearpoke\n|poke|p1|Umbreon, M|\n|poke|p1|Kommo-o, F|\n|poke|p1|Quagsire, F|\n|poke|p1|Cresselia, F|\n|poke|p1|Kingambit, F|\n|poke|p1|Typhlosion-Hisui, M|\n|poke|p2|Torkoal, M|\n|poke|p2|Hattrem, F|\n|poke|p2|Walking Wake|\n|poke|p2|Houndoom, F|\n|poke|p2|Lilligant-Hisui, F|\n|poke|p2|Roaring Moon|\n|teampreview\n|j| VoIteon\n|j| Czar_agon\n|j| Lunar Sloth\n|c|\u2606Demolution545|want to wait to let people in?\n|c|\u2606Smackey_5|yea. 11:18\n|c|\u2606Demolution545|works for me\n|j| ZBFusion\n|c|\u2606Smackey_5|so lunar\n|c|\u2606Smackey_5|how close did you get\n|j| CelestialSquidKid\n|c| Lunar Sloth|lol\n|c|\u2606Smackey_5|lmaoo\n|c| CelestialSquidKid|hatrem cook\n|c| Lunar Sloth|i didnt build a team but you have 5\/6 i thought\n|c|\u2606Smackey_5|oh ok\n|c| Lunar Sloth|didnt expect no zard..\n|c|\u2606Smackey_5|yea....\n|c|\u2606Smackey_5|ready?\n|c|\u2606Demolution545|yeah\n|c|\u2606Demolution545|glhf\n|inactive|Battle timer is ON: inactive players will automatically lose when time's up. (requested by Smackey_5)\n|c|\u2606Smackey_5|u 2\n|\n|t:|1699420709\n|start\n|switch|p1a: Umbreon|Umbreon, M|100\/100\n|switch|p2a: T.T.M.A.B.|Roaring Moon|100\/100\n|turn|1\n|\n|t:|1699420724\n|move|p2a: T.T.M.A.B.|U-turn|p1a: Umbreon\n|-supereffective|p1a: Umbreon\n|-damage|p1a: Umbreon|54\/100\n|\n|t:|1699420735\n|-end|p2a: T.T.M.A.B.|Protosynthesis|[silent]\n|switch|p2a: H.O.T.L.|Hattrem, F|100\/100|[from] U-turn\n|move|p1a: Umbreon|Light Screen|p1a: Umbreon\n|-sidestart|p1: Smackey_5|move: Light Screen\n|\n|upkeep\n|turn|2\n|\n|t:|1699420743\n|move|p1a: Umbreon|Reflect|p1a: Umbreon\n|-sidestart|p1: Smackey_5|Reflect\n|move|p2a: H.O.T.L.|Nuzzle|p1a: Umbreon\n|-damage|p1a: Umbreon|54\/100\n|-status|p1a: Umbreon|par\n|-activate|p1a: Umbreon|ability: Synchronize\n|-status|p2a: H.O.T.L.|par\n|\n|upkeep\n|turn|3\n|c|\u2606Demolution545|i forgor\n|c| CelestialSquidKid|no way it calc'd 0 percent\n|c| Lunar Sloth|lol\n|inactive|Demolution545 has 270 seconds left.\n|\n|t:|1699420777\n|switch|p1a: Cresselia|Cresselia, F|100\/100\n|move|p2a: H.O.T.L.|Aromatherapy|p2a: H.O.T.L.\n|-activate|p2a: H.O.T.L.|move: Aromatherapy\n|-curestatus|p2a: H.O.T.L.|par|[msg]\n|\n|upkeep\n|turn|4\n|inactive|Demolution545 has 270 seconds left.\n|\n|t:|1699420793\n|move|p2a: H.O.T.L.|Imprison|p2a: H.O.T.L.\n|-start|p2a: H.O.T.L.|move: Imprison\n|cant|p1a: Cresselia|move: Imprison|Trick Room\n|\n|upkeep\n|turn|5\n|inactive|Demolution545 has 270 seconds left.\n|c| VoIteon|Lol\n|c| CelestialSquidKid|cook\n|\n|t:|1699420809\n|move|p1a: Cresselia|Calm Mind|p1a: Cresselia\n|-boost|p1a: Cresselia|spa|1\n|-boost|p1a: Cresselia|spd|1\n|move|p2a: H.O.T.L.|Nuzzle|p1a: Cresselia\n|-damage|p1a: Cresselia|99\/100\n|-status|p1a: Cresselia|par\n|\n|-heal|p1a: Cresselia|100\/100 par|[from] item: Leftovers\n|upkeep\n|turn|6\n|inactive|Demolution545 has 270 seconds left.\n|\n|t:|1699420828\n|switch|p2a: Quote #1 Hater PR|Torkoal, M|100\/100\n|-weather|SunnyDay|[from] ability: Drought|[of] p2a: Quote #1 Hater PR\n|cant|p1a: Cresselia|par\n|\n|-weather|SunnyDay|[upkeep]\n|upkeep\n|turn|7\n|inactive|Demolution545 has 240 seconds left.\n|\n|t:|1699420859\n|move|p1a: Cresselia|Calm Mind|p1a: Cresselia\n|-boost|p1a: Cresselia|spa|1\n|-boost|p1a: Cresselia|spd|1\n|move|p2a: Quote #1 Hater PR|Stealth Rock|p1a: Cresselia\n|-sidestart|p1: Smackey_5|move: Stealth Rock\n|\n|-weather|SunnyDay|[upkeep]\n|upkeep\n|turn|8\n|inactive|Demolution545 has 240 seconds left.\n|inactive|Demolution545 has 210 seconds left.\n|\n|t:|1699420900\n|switch|p2a: H.O.T.L.|Hattrem, F|100\/100\n|move|p1a: Cresselia|Calm Mind|p1a: Cresselia\n|-boost|p1a: Cresselia|spa|1\n|-boost|p1a: Cresselia|spd|1\n|\n|-weather|SunnyDay|[upkeep]\n|-sideend|p1: Smackey_5|move: Light Screen\n|upkeep\n|turn|9\n|inactive|Demolution545 has 210 seconds left.\n|\n|t:|1699420920\n|move|p2a: H.O.T.L.|Imprison|p2a: H.O.T.L.\n|-start|p2a: H.O.T.L.|move: Imprison\n|cant|p1a: Cresselia|move: Imprison|Trick Room\n|\n|-weather|SunnyDay|[upkeep]\n|-sideend|p1: Smackey_5|Reflect\n|upkeep\n|turn|10\n|inactive|Demolution545 has 210 seconds left.\n|inactive|Demolution545 has 180 seconds left.\n|\n|t:|1699420956\n|switch|p2a: T.T.M.A.B.|Roaring Moon|100\/100\n|-activate|p2a: T.T.M.A.B.|ability: Protosynthesis\n|-start|p2a: T.T.M.A.B.|protosynthesisspe\n|move|p1a: Cresselia|Moonblast|p2a: T.T.M.A.B.\n|-supereffective|p2a: T.T.M.A.B.\n|-damage|p2a: T.T.M.A.B.|0 fnt\n|faint|p2a: T.T.M.A.B.\n|-end|p2a: T.T.M.A.B.|Protosynthesis|[silent]\n|\n|-weather|SunnyDay|[upkeep]\n|upkeep\n|inactive|Demolution545 has 180 seconds left.\n|c| VoIteon|Damn\n|c| Lunar Sloth|moon killed moon\n|\n|t:|1699420981\n|switch|p2a: M.A.Y.A.A.D.N.B.|Houndoom, F, shiny|100\/100\n|turn|11\n|c| CelestialSquidKid|oh no figured he had something\n|\n|t:|1699420993\n|detailschange|p2a: M.A.Y.A.A.D.N.B.|Houndoom-Mega, F, shiny\n|-mega|p2a: M.A.Y.A.A.D.N.B.|Houndoom|Houndoominite\n|-terastallize|p1a: Cresselia|Fairy\n|move|p2a: M.A.Y.A.A.D.N.B.|Dark Pulse|p1a: Cresselia\n|-resisted|p1a: Cresselia\n|-damage|p1a: Cresselia|92\/100 par\n|move|p1a: Cresselia|Moonblast|p2a: M.A.Y.A.A.D.N.B.\n|-damage|p2a: M.A.Y.A.A.D.N.B.|23\/100\n|\n|-weather|SunnyDay|[upkeep]\n|-damage|p2a: M.A.Y.A.A.D.N.B.|11\/100|[from] ability: Solar Power|[of] p2a: M.A.Y.A.A.D.N.B.\n|-heal|p1a: Cresselia|98\/100 par|[from] item: Leftovers\n|upkeep\n|turn|12\n|\n|t:|1699421013\n|move|p2a: M.A.Y.A.A.D.N.B.|Flamethrower|p1a: Cresselia\n|-damage|p1a: Cresselia|68\/100 par\n|move|p1a: Cresselia|Trick Room|p1a: Cresselia\n|-fieldstart|move: Trick Room|[of] p1a: Cresselia\n|\n|-weather|SunnyDay|[upkeep]\n|-damage|p2a: M.A.Y.A.A.D.N.B.|0 fnt|[from] ability: Solar Power|[of] p2a: M.A.Y.A.A.D.N.B.\n|faint|p2a: M.A.Y.A.A.D.N.B.\n|-heal|p1a: Cresselia|74\/100 par|[from] item: Leftovers\n|upkeep\n|c| Lunar Sloth|that still did 30 wow\n|\n|t:|1699421025\n|switch|p2a: H.O.T.L.|Hattrem, F|100\/100\n|turn|13\n|c| CelestialSquidKid|Cress is a problem did he have this tier list scouted out before hand. who let him draft this team\n|\n|t:|1699421030\n|move|p1a: Cresselia|Moonblast|p2a: H.O.T.L.\n|-damage|p2a: H.O.T.L.|38\/100\n|-unboost|p2a: H.O.T.L.|spa|1\n|-enditem|p2a: H.O.T.L.|Eject Button\n|inactive|Demolution545 has 150 seconds left.\n|\n|t:|1699421048\n|switch|p2a: Quote #1 Hater PR|Torkoal, M|100\/100\n|\n|-weather|none\n|-heal|p1a: Cresselia|80\/100 par|[from] item: Leftovers\n|upkeep\n|turn|14\n|\n|t:|1699421055\n|move|p2a: Quote #1 Hater PR|Lava Plume|p1a: Cresselia\n|-damage|p1a: Cresselia|72\/100 par\n|move|p1a: Cresselia|Stored Power|p2a: Quote #1 Hater PR\n|-damage|p2a: Quote #1 Hater PR|0 fnt\n|faint|p2a: Quote #1 Hater PR\n|\n|-heal|p1a: Cresselia|78\/100 par|[from] item: Leftovers\n|upkeep\n|inactive|Demolution545 has 150 seconds left.\n|c| Lunar Sloth|hm well\n|\n|t:|1699421076\n|switch|p2a: H.O.T.L.|Hattrem, F|38\/100\n|turn|15\n|\n|t:|1699421083\n|move|p1a: Cresselia|Moonblast|p2a: H.O.T.L.\n|-damage|p2a: H.O.T.L.|0 fnt\n|faint|p2a: H.O.T.L.\n|\n|-heal|p1a: Cresselia|85\/100 par|[from] item: Leftovers\n|upkeep\n|\n|t:|1699421112\n|switch|p2a: W.M.U.W.S.E.|Walking Wake|100\/100\n|turn|16\n|\n|t:|1699421124\n|-terastallize|p2a: W.M.U.W.S.E.|Water\n|move|p1a: Cresselia|Moonblast|p2a: W.M.U.W.S.E.\n|-damage|p2a: W.M.U.W.S.E.|29\/100\n|move|p2a: W.M.U.W.S.E.|Hydro Steam|p1a: Cresselia\n|-damage|p1a: Cresselia|65\/100 par\n|-damage|p2a: W.M.U.W.S.E.|19\/100|[from] item: Life Orb\n|\n|-heal|p1a: Cresselia|71\/100 par|[from] item: Leftovers\n|-fieldend|move: Trick Room\n|upkeep\n|turn|17\n|\n|t:|1699421136\n|move|p2a: W.M.U.W.S.E.|Hydro Steam|p1a: Cresselia\n|-damage|p1a: Cresselia|51\/100 par\n|-damage|p2a: W.M.U.W.S.E.|9\/100|[from] item: Life Orb\n|move|p1a: Cresselia|Moonblast|p2a: W.M.U.W.S.E.\n|-crit|p2a: W.M.U.W.S.E.\n|-damage|p2a: W.M.U.W.S.E.|0 fnt\n|faint|p2a: W.M.U.W.S.E.\n|-end|p2a: W.M.U.W.S.E.|Protosynthesis|[silent]\n|\n|-heal|p1a: Cresselia|57\/100 par|[from] item: Leftovers\n|upkeep\n|inactive|Demolution545 has 120 seconds left.\n|\n|t:|1699421147\n|switch|p2a: H.D.L.|Lilligant-Hisui, F, shiny|100\/100\n|turn|18\n|\n|t:|1699421156\n|move|p2a: H.D.L.|Close Combat|p1a: Cresselia\n|-resisted|p1a: Cresselia\n|-damage|p1a: Cresselia|41\/100 par\n|-unboost|p2a: H.D.L.|def|1\n|-unboost|p2a: H.D.L.|spd|1\n|move|p1a: Cresselia|Stored Power|p2a: H.D.L.\n|-supereffective|p2a: H.D.L.\n|-damage|p2a: H.D.L.|0 fnt\n|faint|p2a: H.D.L.\n|\n|win|Smackey_5\n|l|\u2606Demolution545\n|c|\u2606Smackey_5|I got like no paras\n|j| MiniBearGrahams\n|l| ZBFusion\n","uploadtime":1699421179,"views":58,"p1id":"smackey5","p2id":"demolution545","formatid":"gen9nationaldexubers","rating":0,"private":0,"password":""}