{"id":"gen9nationaldexubers-1989866193","p1":"Reverse Luckster","p2":"KingAlmayhem","format":"[Gen 9] National Dex Ubers","log":"|j|\u2606Reverse Luckster\n|j|\u2606KingAlmayhem\n|t:|1699902267\n|gametype|singles\n|player|p1|Reverse Luckster|unknown|1262\n|player|p2|KingAlmayhem|101|1251\n|teamsize|p1|6\n|teamsize|p2|6\n|gen|9\n|tier|[Gen 9] National Dex Ubers\n|rated|\n|rule|HP Percentage Mod: HP is shown in percentages\n|rule|Endless Battle Clause: Forcing endless battles is banned\n|rule|OHKO Clause: OHKO moves are banned\n|rule|Evasion Moves Clause: Evasion moves are banned\n|rule|Evasion Items Clause: Evasion items are banned\n|rule|Species Clause: Limit one of each Pok\u00e9mon\n|rule|Sleep Clause Mod: Limit one foe put to sleep\n|rule|Mega Rayquaza Clause: You cannot mega evolve Rayquaza\n|clearpoke\n|poke|p1|Dracovish|\n|poke|p1|Tyranitar, F|\n|poke|p1|Hippowdon, M|\n|poke|p1|Excadrill, M|\n|poke|p1|Houndstone, M|\n|poke|p1|Gholdengo|\n|poke|p2|Lucario, F|\n|poke|p2|Dragonite, M|\n|poke|p2|Greninja-*, M|\n|poke|p2|Gengar, F|\n|poke|p2|Talonflame, F|\n|poke|p2|Ferrothorn, M|\n|teampreview\n|inactive|Battle timer is ON: inactive players will automatically lose when time's up. (requested by Reverse Luckster)\n|\n|t:|1699902273\n|start\n|switch|p1a: Scream Sand|Hippowdon, M|100\/100\n|switch|p2a: Greninja|Greninja, M|100\/100\n|-weather|Sandstorm|[from] ability: Sand Stream|[of] p1a: Scream Sand\n|turn|1\n|\n|t:|1699902283\n|switch|p1a: Golden Strings|Gholdengo|100\/100\n|move|p2a: Greninja|Taunt|p1a: Golden Strings\n|-immune|p1a: Golden Strings|[from] ability: Good as Gold\n|\n|-weather|Sandstorm|[upkeep]\n|-damage|p2a: Greninja|95\/100|[from] Sandstorm\n|upkeep\n|turn|2\n|\n|t:|1699902292\n|move|p1a: Golden Strings|Trick|p2a: Greninja\n|-activate|p1a: Golden Strings|move: Trick|[of] p2a: Greninja\n|-item|p2a: Greninja|Choice Scarf|[from] move: Trick\n|-item|p1a: Golden Strings|Wise Glasses|[from] move: Trick\n|move|p2a: Greninja|Dark Pulse|p1a: Golden Strings\n|-supereffective|p1a: Golden Strings\n|-damage|p1a: Golden Strings|24\/100\n|\n|-weather|Sandstorm|[upkeep]\n|-damage|p2a: Greninja|89\/100|[from] Sandstorm\n|upkeep\n|turn|3\n|\n|t:|1699902302\n|switch|p1a: Fallen Tyran|Tyranitar, F|100\/100\n|move|p2a: Greninja|Dark Pulse|p1a: Fallen Tyran\n|-resisted|p1a: Fallen Tyran\n|-damage|p1a: Fallen Tyran|89\/100\n|\n|-weather|Sandstorm|[upkeep]\n|-damage|p2a: Greninja|83\/100|[from] Sandstorm\n|upkeep\n|turn|4\n|\n|t:|1699902316\n|switch|p2a: Ferrothorn|Ferrothorn, M|100\/100\n|detailschange|p1a: Fallen Tyran|Tyranitar-Mega, F\n|-mega|p1a: Fallen Tyran|Tyranitar|Tyranitarite\n|move|p1a: Fallen Tyran|Dragon Dance|p1a: Fallen Tyran\n|-boost|p1a: Fallen Tyran|atk|1\n|-boost|p1a: Fallen Tyran|spe|1\n|\n|-weather|Sandstorm|[upkeep]\n|upkeep\n|turn|5\n|\n|t:|1699902325\n|move|p1a: Fallen Tyran|Knock Off|p2a: Ferrothorn\n|-damage|p2a: Ferrothorn|19\/100\n|-damage|p1a: Fallen Tyran|77\/100|[from] ability: Iron Barbs|[of] p2a: Ferrothorn\n|-enditem|p2a: Ferrothorn|Leftovers|[from] move: Knock Off|[of] p1a: Fallen Tyran\n|move|p2a: Ferrothorn|Gyro Ball|p1a: Fallen Tyran\n|-supereffective|p1a: Fallen Tyran\n|-damage|p1a: Fallen Tyran|11\/100\n|\n|-weather|Sandstorm|[upkeep]\n|upkeep\n|turn|6\n|\n|t:|1699902336\n|move|p2a: Ferrothorn|Protect|p2a: Ferrothorn\n|-singleturn|p2a: Ferrothorn|Protect\n|move|p1a: Fallen Tyran|Earthquake|p2a: Ferrothorn\n|-activate|p2a: Ferrothorn|move: Protect\n|\n|-weather|Sandstorm|[upkeep]\n|upkeep\n|turn|7\n|\n|t:|1699902353\n|move|p1a: Fallen Tyran|Earthquake|p2a: Ferrothorn\n|-damage|p2a: Ferrothorn|0 fnt\n|faint|p2a: Ferrothorn\n|\n|-weather|Sandstorm|[upkeep]\n|upkeep\n|\n|t:|1699902363\n|switch|p2a: Greninja|Greninja, M|83\/100\n|turn|8\n|\n|t:|1699902373\n|move|p2a: Greninja|Ice Beam|p1a: Fallen Tyran\n|-damage|p1a: Fallen Tyran|0 fnt\n|faint|p1a: Fallen Tyran\n|-ability|p2a: Greninja|Battle Bond|boost\n|-boost|p2a: Greninja|atk|1\n|-boost|p2a: Greninja|spa|1\n|-boost|p2a: Greninja|spe|1\n|-activate|p2a: Greninja|ability: Battle Bond\n|\n|-weather|none\n|upkeep\n|\n|t:|1699902378\n|switch|p1a: Golden Strings|Gholdengo|24\/100\n|turn|9\n|\n|t:|1699902385\n|move|p2a: Greninja|Ice Beam|p1a: Golden Strings\n|-resisted|p1a: Golden Strings\n|-damage|p1a: Golden Strings|0 fnt\n|faint|p1a: Golden Strings\n|\n|upkeep\n|\n|t:|1699902398\n|switch|p1a: Iron Drill|Excadrill, M|100\/100\n|turn|10\n|\n|t:|1699902402\n|move|p2a: Greninja|Ice Beam|p1a: Iron Drill\n|-damage|p1a: Iron Drill|43\/100\n|-status|p1a: Iron Drill|frz\n|cant|p1a: Iron Drill|frz\n|\n|upkeep\n|turn|11\n|\n|t:|1699902408\n|move|p2a: Greninja|Ice Beam|p1a: Iron Drill\n|-damage|p1a: Iron Drill|0 fnt\n|faint|p1a: Iron Drill\n|\n|upkeep\n|\n|t:|1699902415\n|switch|p1a: Scream Sand|Hippowdon, M|100\/100\n|-weather|Sandstorm|[from] ability: Sand Stream|[of] p1a: Scream Sand\n|turn|12\n|\n|t:|1699902419\n|switch|p1a: Lost Memories|Houndstone, M|100\/100\n|move|p2a: Greninja|Ice Beam|p1a: Lost Memories\n|-damage|p1a: Lost Memories|48\/100\n|\n|-weather|Sandstorm|[upkeep]\n|-damage|p2a: Greninja|77\/100|[from] Sandstorm\n|upkeep\n|turn|13\n|\n|t:|1699902428\n|move|p2a: Greninja|Ice Beam|p1a: Lost Memories\n|-damage|p1a: Lost Memories|0 fnt\n|faint|p1a: Lost Memories\n|\n|-weather|Sandstorm|[upkeep]\n|-damage|p2a: Greninja|71\/100|[from] Sandstorm\n|upkeep\n|\n|t:|1699902430\n|switch|p1a: Primordial Maw|Dracovish|100\/100\n|turn|14\n|\n|t:|1699902437\n|-terastallize|p1a: Primordial Maw|Water\n|move|p2a: Greninja|Ice Beam|p1a: Primordial Maw\n|-resisted|p1a: Primordial Maw\n|-damage|p1a: Primordial Maw|75\/100\n|move|p1a: Primordial Maw|Fishious Rend|p2a: Greninja\n|-resisted|p2a: Greninja\n|-damage|p2a: Greninja|7\/100\n|\n|-weather|Sandstorm|[upkeep]\n|-damage|p2a: Greninja|1\/100|[from] Sandstorm\n|upkeep\n|turn|15\n|\n|t:|1699902447\n|move|p2a: Greninja|Ice Beam|p1a: Primordial Maw\n|-resisted|p1a: Primordial Maw\n|-damage|p1a: Primordial Maw|51\/100\n|move|p1a: Primordial Maw|Fishious Rend|p2a: Greninja\n|-resisted|p2a: Greninja\n|-crit|p2a: Greninja\n|-damage|p2a: Greninja|0 fnt\n|faint|p2a: Greninja\n|\n|-weather|Sandstorm|[upkeep]\n|upkeep\n|\n|t:|1699902461\n|switch|p2a: Talonflame|Talonflame, F|100\/100\n|turn|16\n|\n|t:|1699902465\n|switch|p1a: Scream Sand|Hippowdon, M|100\/100\n|move|p2a: Talonflame|Brave Bird|p1a: Scream Sand\n|-damage|p1a: Scream Sand|76\/100\n|-damage|p2a: Talonflame|89\/100|[from] Recoil\n|\n|-weather|Sandstorm|[upkeep]\n|-damage|p2a: Talonflame|83\/100|[from] Sandstorm\n|upkeep\n|turn|17\n|\n|t:|1699902475\n|move|p2a: Talonflame|Flare Blitz|p1a: Scream Sand\n|-damage|p1a: Scream Sand|52\/100\n|-damage|p2a: Talonflame|72\/100|[from] Recoil\n|move|p1a: Scream Sand|Stealth Rock|p2a: Talonflame\n|-sidestart|p2: KingAlmayhem|move: Stealth Rock\n|\n|-weather|Sandstorm|[upkeep]\n|-damage|p2a: Talonflame|66\/100|[from] Sandstorm\n|upkeep\n|turn|18\n|\n|t:|1699902485\n|move|p2a: Talonflame|Defog|p1a: Scream Sand\n|-unboost|p1a: Scream Sand|evasion|1\n|-sideend|p2: KingAlmayhem|Stealth Rock|[from] move: Defog|[of] p2a: Talonflame\n|move|p1a: Scream Sand|Slack Off|p1a: Scream Sand\n|-heal|p1a: Scream Sand|100\/100\n|\n|-weather|Sandstorm|[upkeep]\n|-damage|p2a: Talonflame|60\/100|[from] Sandstorm\n|upkeep\n|turn|19\n|\n|t:|1699902495\n|switch|p2a: Dragonite|Dragonite, M|100\/100\n|move|p1a: Scream Sand|Yawn|p2a: Dragonite\n|-start|p2a: Dragonite|move: Yawn|[of] p1a: Scream Sand\n|\n|-weather|none\n|upkeep\n|turn|20\n|\n|t:|1699902504\n|switch|p2a: Talonflame|Talonflame, F|60\/100\n|move|p1a: Scream Sand|Stealth Rock|p2a: Talonflame\n|-sidestart|p2: KingAlmayhem|move: Stealth Rock\n|\n|upkeep\n|turn|21\n|\n|t:|1699902510\n|switch|p1a: Primordial Maw|Dracovish, tera:Water|51\/100\n|move|p2a: Talonflame|Defog|p1a: Primordial Maw\n|-unboost|p1a: Primordial Maw|evasion|1\n|-sideend|p2: KingAlmayhem|Stealth Rock|[from] move: Defog|[of] p2a: Talonflame\n|\n|upkeep\n|turn|22\n|\n|t:|1699902519\n|switch|p1a: Scream Sand|Hippowdon, M|100\/100\n|-weather|Sandstorm|[from] ability: Sand Stream|[of] p1a: Scream Sand\n|move|p2a: Talonflame|Brave Bird|p1a: Scream Sand\n|-damage|p1a: Scream Sand|78\/100\n|-damage|p2a: Talonflame|49\/100|[from] Recoil\n|\n|-weather|Sandstorm|[upkeep]\n|-damage|p2a: Talonflame|43\/100|[from] Sandstorm\n|upkeep\n|turn|23\n|\n|t:|1699902530\n|move|p2a: Talonflame|Roost|p2a: Talonflame\n|-heal|p2a: Talonflame|93\/100\n|-singleturn|p2a: Talonflame|move: Roost\n|move|p1a: Scream Sand|Yawn|p2a: Talonflame\n|-start|p2a: Talonflame|move: Yawn|[of] p1a: Scream Sand\n|\n|-weather|Sandstorm|[upkeep]\n|-damage|p2a: Talonflame|87\/100|[from] Sandstorm\n|upkeep\n|turn|24\n|\n|t:|1699902540\n|switch|p2a: Dragonite|Dragonite, M|100\/100\n|move|p1a: Scream Sand|Stealth Rock|p2a: Dragonite\n|-sidestart|p2: KingAlmayhem|move: Stealth Rock\n|\n|-weather|Sandstorm|[upkeep]\n|-damage|p2a: Dragonite|94\/100|[from] Sandstorm\n|upkeep\n|turn|25\n|\n|t:|1699902550\n|move|p2a: Dragonite|Dragon Claw|p1a: Scream Sand\n|-damage|p1a: Scream Sand|54\/100\n|move|p1a: Scream Sand|Yawn|p2a: Dragonite\n|-start|p2a: Dragonite|move: Yawn|[of] p1a: Scream Sand\n|\n|-weather|Sandstorm|[upkeep]\n|-damage|p2a: Dragonite|88\/100|[from] Sandstorm\n|upkeep\n|turn|26\n|\n|t:|1699902559\n|switch|p2a: Talonflame|Talonflame, F|87\/100\n|switch|p1a: Primordial Maw|Dracovish, tera:Water|51\/100\n|\n|-weather|Sandstorm|[upkeep]\n|-damage|p2a: Talonflame|81\/100|[from] Sandstorm\n|upkeep\n|turn|27\n|\n|t:|1699902571\n|move|p1a: Primordial Maw|Fishious Rend|p2a: Talonflame\n|-supereffective|p2a: Talonflame\n|-damage|p2a: Talonflame|0 fnt\n|faint|p2a: Talonflame\n|\n|-weather|Sandstorm|[upkeep]\n|upkeep\n|\n|t:|1699902581\n|switch|p2a: Dragonite|Dragonite, M|88\/100\n|-damage|p2a: Dragonite|63\/100|[from] Stealth Rock\n|turn|28\n|\n|t:|1699902588\n|move|p2a: Dragonite|Extreme Speed|p1a: Primordial Maw\n|-damage|p1a: Primordial Maw|20\/100\n|move|p1a: Primordial Maw|Fishious Rend|p2a: Dragonite\n|-resisted|p2a: Dragonite\n|-damage|p2a: Dragonite|26\/100\n|\n|-weather|Sandstorm|[upkeep]\n|-damage|p2a: Dragonite|19\/100|[from] Sandstorm\n|upkeep\n|turn|29\n|\n|t:|1699902597\n|switch|p1a: Scream Sand|Hippowdon, M|54\/100\n|move|p2a: Dragonite|Extreme Speed|p1a: Scream Sand\n|-damage|p1a: Scream Sand|40\/100\n|\n|-weather|none\n|upkeep\n|turn|30\n|\n|t:|1699902604\n|move|p2a: Dragonite|Roost|p2a: Dragonite\n|-heal|p2a: Dragonite|69\/100\n|-singleturn|p2a: Dragonite|move: Roost\n|move|p1a: Scream Sand|Slack Off|p1a: Scream Sand\n|-heal|p1a: Scream Sand|90\/100\n|\n|upkeep\n|turn|31\n|\n|t:|1699902613\n|move|p2a: Dragonite|Roost|p2a: Dragonite\n|-heal|p2a: Dragonite|100\/100\n|-singleturn|p2a: Dragonite|move: Roost\n|move|p1a: Scream Sand|Yawn|p2a: Dragonite\n|-start|p2a: Dragonite|move: Yawn|[of] p1a: Scream Sand\n|\n|upkeep\n|turn|32\n|\n|t:|1699902624\n|switch|p1a: Primordial Maw|Dracovish, tera:Water|20\/100\n|move|p2a: Dragonite|Dragon Dance|p2a: Dragonite\n|-boost|p2a: Dragonite|atk|1\n|-boost|p2a: Dragonite|spe|1\n|\n|-end|p2a: Dragonite|move: Yawn|[silent]\n|-status|p2a: Dragonite|slp\n|upkeep\n|turn|33\n|\n|t:|1699902633\n|cant|p2a: Dragonite|slp\n|move|p1a: Primordial Maw|Outrage|p2a: Dragonite\n|-supereffective|p2a: Dragonite\n|-damage|p2a: Dragonite|24\/100 slp\n|-enditem|p2a: Dragonite|Weakness Policy\n|-boost|p2a: Dragonite|atk|2|[from] item: Weakness Policy\n|-boost|p2a: Dragonite|spa|2|[from] item: Weakness Policy\n|\n|upkeep\n|turn|34\n|\n|t:|1699902640\n|cant|p2a: Dragonite|slp\n|move|p1a: Primordial Maw|Outrage|p2a: Dragonite|[from]lockedmove\n|-supereffective|p2a: Dragonite\n|-damage|p2a: Dragonite|0 fnt\n|faint|p2a: Dragonite\n|-start|p1a: Primordial Maw|confusion|[fatigue]\n|\n|upkeep\n|\n|t:|1699902649\n|switch|p2a: Lucario|Lucario, F|100\/100\n|-damage|p2a: Lucario|98\/100|[from] Stealth Rock\n|turn|35\n|\n|t:|1699902655\n|switch|p1a: Scream Sand|Hippowdon, M|90\/100\n|-weather|Sandstorm|[from] ability: Sand Stream|[of] p1a: Scream Sand\n|detailschange|p2a: Lucario|Lucario-Mega, F\n|-mega|p2a: Lucario|Lucario|Lucarionite\n|move|p2a: Lucario|Bullet Punch|p1a: Scream Sand\n|-damage|p1a: Scream Sand|74\/100\n|\n|-weather|Sandstorm|[upkeep]\n|upkeep\n|turn|36\n|\n|t:|1699902668\n|move|p2a: Lucario|Close Combat|p1a: Scream Sand\n|-damage|p1a: Scream Sand|25\/100\n|-unboost|p2a: Lucario|def|1\n|-unboost|p2a: Lucario|spd|1\n|move|p1a: Scream Sand|Earthquake|p2a: Lucario\n|-supereffective|p2a: Lucario\n|-damage|p2a: Lucario|0 fnt\n|faint|p2a: Lucario\n|\n|-weather|Sandstorm|[upkeep]\n|upkeep\n|\n|t:|1699902678\n|switch|p2a: Gengar|Gengar, F|100\/100\n|-damage|p2a: Gengar|88\/100|[from] Stealth Rock\n|turn|37\n|\n|t:|1699902688\n|move|p2a: Gengar|Shadow Ball|p1a: Scream Sand\n|-damage|p1a: Scream Sand|0 fnt\n|faint|p1a: Scream Sand\n|\n|-weather|Sandstorm|[upkeep]\n|-damage|p2a: Gengar|82\/100|[from] Sandstorm\n|upkeep\n|\n|t:|1699902691\n|switch|p1a: Primordial Maw|Dracovish, tera:Water|20\/100\n|turn|38\n|\n|t:|1699902697\n|move|p1a: Primordial Maw|Fishious Rend|p2a: Gengar\n|-damage|p2a: Gengar|0 fnt\n|faint|p2a: Gengar\n|\n|win|Reverse Luckster\n|raw|Reverse Luckster's rating: 1262 &rarr; <strong>1286<\/strong><br \/>(+24 for winning)\n|raw|KingAlmayhem's rating: 1251 &rarr; <strong>1227<\/strong><br \/>(-24 for losing)\n|l|\u2606KingAlmayhem\n","uploadtime":1699902718,"views":6,"p1id":"reverseluckster","p2id":"kingalmayhem","formatid":"gen9nationaldexubers","rating":1227,"private":0,"password":""}