{"id":"gen9nationaldexubers-1991958770","p1":"PlazmaticVibez","p2":"JustMonika_CARR","format":"[Gen 9] National Dex Ubers","log":"|j|\u2606PlazmaticVibez\n|j|\u2606JustMonika_CARR\n|t:|1700142592\n|gametype|singles\n|player|p1|PlazmaticVibez|dawn|1224\n|player|p2|JustMonika_CARR|rosa|1503\n|teamsize|p1|6\n|teamsize|p2|6\n|gen|9\n|tier|[Gen 9] National Dex Ubers\n|rated|\n|rule|HP Percentage Mod: HP is shown in percentages\n|rule|Endless Battle Clause: Forcing endless battles is banned\n|rule|OHKO Clause: OHKO moves are banned\n|rule|Evasion Moves Clause: Evasion moves are banned\n|rule|Evasion Items Clause: Evasion items are banned\n|rule|Species Clause: Limit one of each Pok\u00e9mon\n|rule|Sleep Clause Mod: Limit one foe put to sleep\n|rule|Mega Rayquaza Clause: You cannot mega evolve Rayquaza\n|clearpoke\n|poke|p1|Greninja-*, F|\n|poke|p1|Slurpuff, F|\n|poke|p1|Meowstic-F, F|\n|poke|p1|Aegislash, M|\n|poke|p1|Barbaracle, M|\n|poke|p1|Alakazam, M|\n|poke|p2|Marshadow|\n|poke|p2|Lopunny, F|\n|poke|p2|Dialga|\n|poke|p2|Forretress, F|\n|poke|p2|Pheromosa|\n|poke|p2|Grimmsnarl, M|\n|teampreview\n|inactive|Battle timer is ON: inactive players will automatically lose when time's up. (requested by PlazmaticVibez)\n|\n|t:|1700142600\n|start\n|switch|p1a: Aegislash|Aegislash, M|100\/100\n|switch|p2a: Forretress|Forretress, F, shiny|100\/100\n|turn|1\n|c|\u2606JustMonika_CARR|Glhf\n|\n|t:|1700142605\n|switch|p1a: Slurpuff|Slurpuff, F|100\/100\n|move|p2a: Forretress|Toxic Spikes|p1a: Slurpuff\n|-sidestart|p1: PlazmaticVibez|move: Toxic Spikes\n|\n|upkeep\n|turn|2\n|\n|t:|1700142611\n|move|p1a: Slurpuff|Belly Drum|p1a: Slurpuff\n|-damage|p1a: Slurpuff|50\/100\n|-setboost|p1a: Slurpuff|atk|6|[from] move: Belly Drum\n|-enditem|p1a: Slurpuff|Sitrus Berry|[eat]\n|-heal|p1a: Slurpuff|75\/100|[from] item: Sitrus Berry\n|move|p2a: Forretress|Toxic Spikes|p1a: Slurpuff\n|-sidestart|p1: PlazmaticVibez|move: Toxic Spikes\n|\n|upkeep\n|turn|3\n|\n|t:|1700142619\n|move|p1a: Slurpuff|Drain Punch|p2a: Forretress\n|-damage|p2a: Forretress|51\/100\n|-heal|p1a: Slurpuff|100\/100|[from] drain|[of] p2a: Forretress\n|-enditem|p2a: Forretress|Red Card|[of] p1a: Slurpuff\n|drag|p1a: Meowstic|Meowstic-F, F|100\/100\n|-status|p1a: Meowstic|tox\n|move|p2a: Forretress|Stealth Rock|p1a: Meowstic\n|-sidestart|p1: PlazmaticVibez|move: Stealth Rock\n|\n|-damage|p1a: Meowstic|94\/100 tox|[from] psn\n|upkeep\n|turn|4\n|\n|t:|1700142631\n|move|p1a: Meowstic|Dark Pulse|p2a: Forretress\n|-damage|p2a: Forretress|22\/100\n|move|p2a: Forretress|Rapid Spin|p1a: Meowstic\n|-damage|p1a: Meowstic|78\/100 tox\n|-boost|p2a: Forretress|spe|1\n|\n|-damage|p1a: Meowstic|65\/100 tox|[from] psn\n|upkeep\n|turn|5\n|\n|t:|1700142641\n|move|p2a: Forretress|Endure|p2a: Forretress\n|-singleturn|p2a: Forretress|move: Endure\n|move|p1a: Meowstic|Dark Pulse|p2a: Forretress\n|-activate|p2a: Forretress|move: Endure\n|-damage|p2a: Forretress|1\/100\n|\n|-damage|p1a: Meowstic|47\/100 tox|[from] psn\n|upkeep\n|turn|6\n|\n|t:|1700142650\n|move|p2a: Forretress|Endure|p2a: Forretress\n|-singleturn|p2a: Forretress|move: Endure\n|move|p1a: Meowstic|Psychic|p2a: Forretress\n|-resisted|p2a: Forretress\n|-activate|p2a: Forretress|move: Endure\n|-damage|p2a: Forretress|1\/100\n|\n|-damage|p1a: Meowstic|22\/100 tox|[from] psn\n|upkeep\n|turn|7\n|\n|t:|1700142659\n|switch|p2a: Grimmsnarl|Grimmsnarl, M, shiny|100\/100\n|move|p1a: Meowstic|Psychic|p2a: Grimmsnarl\n|-immune|p2a: Grimmsnarl\n|\n|-damage|p1a: Meowstic|0 fnt|[from] psn\n|faint|p1a: Meowstic\n|upkeep\n|c|\u2606PlazmaticVibez|Hey!\n|\n|t:|1700142680\n|switch|p1a: Aegislash|Aegislash, M|100\/100\n|-damage|p1a: Aegislash|94\/100|[from] Stealth Rock\n|turn|8\n|\n|t:|1700142687\n|move|p2a: Grimmsnarl|Taunt|p1a: Aegislash\n|-start|p1a: Aegislash|move: Taunt\n|cant|p1a: Aegislash|move: Taunt|Swords Dance\n|\n|-heal|p1a: Aegislash|100\/100|[from] item: Leftovers\n|upkeep\n|turn|9\n|\n|t:|1700142696\n|move|p2a: Grimmsnarl|Reflect|p2a: Grimmsnarl\n|-sidestart|p2: JustMonika_CARR|Reflect\n|-formechange|p1a: Aegislash|Aegislash-Blade||[from] ability: Stance Change\n|move|p1a: Aegislash|Iron Head|p2a: Grimmsnarl\n|-supereffective|p2a: Grimmsnarl\n|-damage|p2a: Grimmsnarl|50\/100\n|\n|-heal|p2a: Grimmsnarl|56\/100|[from] item: Leftovers\n|upkeep\n|turn|10\n|c|\u2606PlazmaticVibez|Hru?\n|\n|t:|1700142705\n|move|p2a: Grimmsnarl|Light Screen|p2a: Grimmsnarl\n|-sidestart|p2: JustMonika_CARR|move: Light Screen\n|move|p1a: Aegislash|Iron Head|p2a: Grimmsnarl\n|-supereffective|p2a: Grimmsnarl\n|-damage|p2a: Grimmsnarl|6\/100\n|\n|-heal|p2a: Grimmsnarl|12\/100|[from] item: Leftovers\n|-end|p1a: Aegislash|move: Taunt\n|upkeep\n|turn|11\n|\n|t:|1700142715\n|move|p2a: Grimmsnarl|Taunt|p1a: Aegislash\n|-start|p1a: Aegislash|move: Taunt\n|move|p1a: Aegislash|Iron Head|p2a: Grimmsnarl\n|-supereffective|p2a: Grimmsnarl\n|-damage|p2a: Grimmsnarl|0 fnt\n|faint|p2a: Grimmsnarl\n|\n|upkeep\n|\n|t:|1700142729\n|switch|p2a: Marshadow|Marshadow|100\/100\n|turn|12\n|\n|t:|1700142734\n|move|p1a: Aegislash|Shadow Sneak|p2a: Marshadow\n|-supereffective|p2a: Marshadow\n|-damage|p2a: Marshadow|71\/100\n|move|p2a: Marshadow|Spectral Thief|p1a: Aegislash\n|-supereffective|p1a: Aegislash\n|-crit|p1a: Aegislash\n|-damage|p1a: Aegislash|0 fnt\n|faint|p1a: Aegislash\n|\n|upkeep\n|\n|t:|1700142742\n|switch|p1a: Alakazam|Alakazam, M|100\/100\n|-status|p1a: Alakazam|tox\n|turn|13\n|\n|t:|1700142749\n|detailschange|p1a: Alakazam|Alakazam-Mega, M\n|-mega|p1a: Alakazam|Alakazam|Alakazite\n|-ability|p1a: Alakazam|Technician|[from] ability: Trace|[of] p2a: Marshadow\n|move|p2a: Marshadow|Shadow Sneak|p1a: Alakazam\n|-supereffective|p1a: Alakazam\n|-damage|p1a: Alakazam|0 fnt\n|faint|p1a: Alakazam\n|\n|-sideend|p2: JustMonika_CARR|Reflect\n|upkeep\n|\n|t:|1700142757\n|switch|p1a: Greninja|Greninja, F, shiny|100\/100\n|-status|p1a: Greninja|tox\n|-damage|p1a: Greninja|88\/100 tox|[from] Stealth Rock\n|turn|14\n|\n|t:|1700142763\n|move|p2a: Marshadow|Drain Punch|p1a: Greninja\n|-supereffective|p1a: Greninja\n|-damage|p1a: Greninja|0 fnt\n|-heal|p2a: Marshadow|100\/100|[from] drain|[of] p1a: Greninja\n|faint|p1a: Greninja\n|\n|-sideend|p2: JustMonika_CARR|move: Light Screen\n|upkeep\n|\n|t:|1700142767\n|switch|p1a: Slurpuff|Slurpuff, F|100\/100\n|-status|p1a: Slurpuff|tox\n|-damage|p1a: Slurpuff|88\/100 tox|[from] Stealth Rock\n|turn|15\n|\n|t:|1700142776\n|move|p2a: Marshadow|Spectral Thief|p1a: Slurpuff\n|-damage|p1a: Slurpuff|31\/100 tox\n|move|p1a: Slurpuff|Play Rough|p2a: Marshadow|[miss]\n|-miss|p1a: Slurpuff|p2a: Marshadow\n|\n|-damage|p1a: Slurpuff|25\/100 tox|[from] psn\n|upkeep\n|turn|16\n|\n|t:|1700142787\n|move|p2a: Marshadow|Shadow Sneak|p1a: Slurpuff\n|-damage|p1a: Slurpuff|0 fnt\n|faint|p1a: Slurpuff\n|\n|upkeep\n|c|\u2606PlazmaticVibez|Awww:\/\n|\n|t:|1700142790\n|switch|p1a: Barbaracle|Barbaracle, M|100\/100\n|-status|p1a: Barbaracle|tox\n|-damage|p1a: Barbaracle|88\/100 tox|[from] Stealth Rock\n|turn|17\n|\n|t:|1700142796\n|move|p2a: Marshadow|Drain Punch|p1a: Barbaracle\n|-supereffective|p1a: Barbaracle\n|-damage|p1a: Barbaracle|0 fnt\n|faint|p1a: Barbaracle\n|\n|win|JustMonika_CARR\n|raw|PlazmaticVibez's rating: 1242 &rarr; <strong>1233<\/strong><br \/>(-9 for losing)\n|raw|JustMonika_CARR's rating: 1503 &rarr; <strong>1510<\/strong><br \/>(+7 for winning)\n|c|\u2606JustMonika_CARR|Gg\n|c|\u2606PlazmaticVibez|Gg\n","uploadtime":1700142808,"views":8,"p1id":"plazmaticvibez","p2id":"justmonikacarr","formatid":"gen9nationaldexubers","rating":1233,"private":0,"password":""}