{"id":"gen9nationaldexubers-1988215821","p1":"Rhyfinn 04","p2":"MdPikachu","format":"[Gen 9] National Dex Ubers","log":"|j|\u2606Rhyfinn 04\n|j|\u2606MdPikachu\n|t:|1699687034\n|gametype|singles\n|player|p1|Rhyfinn 04|alder|1000\n|player|p2|MdPikachu|leaf-masters|1040\n|teamsize|p1|6\n|teamsize|p2|6\n|gen|9\n|tier|[Gen 9] National Dex Ubers\n|rated|\n|rule|HP Percentage Mod: HP is shown in percentages\n|rule|Endless Battle Clause: Forcing endless battles is banned\n|rule|OHKO Clause: OHKO moves are banned\n|rule|Evasion Moves Clause: Evasion moves are banned\n|rule|Evasion Items Clause: Evasion items are banned\n|rule|Species Clause: Limit one of each Pok\u00e9mon\n|rule|Sleep Clause Mod: Limit one foe put to sleep\n|rule|Mega Rayquaza Clause: You cannot mega evolve Rayquaza\n|clearpoke\n|poke|p1|Groudon|\n|poke|p1|Xerneas-*|\n|poke|p1|Marshadow|\n|poke|p1|Necrozma-Dusk-Mane|\n|poke|p1|Deoxys-Speed|\n|poke|p1|Rayquaza|\n|poke|p2|Ditto|\n|poke|p2|Toxapex, F|\n|poke|p2|Mewtwo|\n|poke|p2|Silvally-*|\n|poke|p2|Mimikyu, M|\n|poke|p2|Eelektross, M|\n|teampreview\n|inactive|Battle timer is ON: inactive players will automatically lose when time's up. (requested by MdPikachu)\n|inactive|Rhyfinn 04 also wants the timer to be on.\n|\n|t:|1699687041\n|start\n|switch|p1a: Deoxys|Deoxys-Speed, shiny|100\/100\n|switch|p2a: HiNi|Mimikyu, M|100\/100\n|-ability|p1a: Deoxys|Pressure\n|turn|1\n|\n|t:|1699687052\n|move|p1a: Deoxys|Taunt|p2a: HiNi\n|-start|p2a: HiNi|move: Taunt\n|cant|p2a: HiNi|move: Taunt|Swords Dance\n|\n|upkeep\n|turn|2\n|\n|t:|1699687056\n|move|p2a: HiNi|Shadow Sneak|p1a: Deoxys\n|-supereffective|p1a: Deoxys\n|-damage|p1a: Deoxys|61\/100\n|move|p1a: Deoxys|Stealth Rock|p2a: HiNi\n|-sidestart|p2: MdPikachu|move: Stealth Rock\n|\n|upkeep\n|turn|3\n|\n|t:|1699687063\n|move|p2a: HiNi|Shadow Sneak|p1a: Deoxys\n|-supereffective|p1a: Deoxys\n|-damage|p1a: Deoxys|23\/100\n|move|p1a: Deoxys|Spikes|p2a: HiNi\n|-sidestart|p2: MdPikachu|Spikes\n|\n|-end|p2a: HiNi|move: Taunt\n|upkeep\n|turn|4\n|\n|t:|1699687066\n|move|p2a: HiNi|Shadow Sneak|p1a: Deoxys\n|-supereffective|p1a: Deoxys\n|-damage|p1a: Deoxys|0 fnt\n|faint|p1a: Deoxys\n|\n|upkeep\n|\n|t:|1699687077\n|switch|p1a: Groudon|Groudon, shiny|100\/100\n|detailschange|p1a: Groudon|Groudon-Primal, shiny\n|-primal|p1a: Groudon|Red Orb\n|-weather|DesolateLand|[from] ability: Desolate Land|[of] p1a: Groudon\n|turn|5\n|\n|t:|1699687089\n|switch|p2a: Typhus|Eelektross, M, shiny|100\/100\n|-damage|p2a: Typhus|88\/100|[from] Stealth Rock\n|move|p1a: Groudon|Flamethrower|p2a: Typhus\n|-damage|p2a: Typhus|0 fnt\n|faint|p2a: Typhus\n|\n|-weather|DesolateLand|[upkeep]\n|upkeep\n|\n|t:|1699687099\n|switch|p2a: Ara Mors|Toxapex, F, shiny|100\/100\n|-damage|p2a: Ara Mors|88\/100|[from] Stealth Rock\n|-damage|p2a: Ara Mors|76\/100|[from] Spikes\n|turn|6\n|\n|t:|1699687105\n|move|p1a: Groudon|Earth Power|p2a: Ara Mors\n|-supereffective|p2a: Ara Mors\n|-damage|p2a: Ara Mors|0 fnt\n|faint|p2a: Ara Mors\n|\n|-weather|DesolateLand|[upkeep]\n|upkeep\n|\n|t:|1699687110\n|switch|p2a: Zika|Silvally-Steel|100\/100\n|-damage|p2a: Zika|94\/100|[from] Stealth Rock\n|-damage|p2a: Zika|82\/100|[from] Spikes\n|turn|7\n|\n|t:|1699687114\n|move|p2a: Zika|Defog|p1a: Groudon\n|-unboost|p1a: Groudon|evasion|1\n|-sideend|p2: MdPikachu|Spikes|[from] move: Defog|[of] p2a: Zika\n|-sideend|p2: MdPikachu|Stealth Rock|[from] move: Defog|[of] p2a: Zika\n|move|p1a: Groudon|Flamethrower|p2a: Zika\n|-supereffective|p2a: Zika\n|-damage|p2a: Zika|0 fnt\n|faint|p2a: Zika\n|\n|-weather|DesolateLand|[upkeep]\n|upkeep\n|\n|t:|1699687132\n|switch|p2a: TiB|Ditto|100\/100\n|-transform|p2a: TiB|p1a: Groudon|[from] ability: Imposter\n|turn|8\n|\n|t:|1699687140\n|switch|p1a: Rayquaza|Rayquaza, shiny|100\/100\n|-ability|p1a: Rayquaza|Air Lock\n|move|p2a: TiB|Earth Power|p1a: Rayquaza\n|-immune|p1a: Rayquaza\n|\n|-weather|DesolateLand|[upkeep]\n|upkeep\n|turn|9\n|\n|t:|1699687159\n|move|p1a: Rayquaza|Dragon Ascent|p2a: TiB\n|-damage|p2a: TiB|50\/100\n|-unboost|p1a: Rayquaza|def|1\n|-unboost|p1a: Rayquaza|spd|1\n|move|p2a: TiB|Rock Polish|p2a: TiB\n|-boost|p2a: TiB|spe|2\n|\n|-weather|DesolateLand|[upkeep]\n|upkeep\n|turn|10\n|-activate|p2a: TiB|item: Quick Claw\n|\n|t:|1699687168\n|move|p2a: TiB|Flamethrower|p1a: Rayquaza\n|-resisted|p1a: Rayquaza\n|-damage|p1a: Rayquaza|57\/100\n|move|p1a: Rayquaza|Dragon Ascent|p2a: TiB\n|-damage|p2a: TiB|0 fnt\n|-unboost|p1a: Rayquaza|def|1\n|-unboost|p1a: Rayquaza|spd|1\n|faint|p2a: TiB\n|-weather|none\n|\n|upkeep\n|\n|t:|1699687178\n|switch|p2a: HiNi|Mimikyu, M|100\/100\n|turn|11\n|\n|t:|1699687183\n|move|p1a: Rayquaza|Dragon Ascent|p2a: HiNi\n|-activate|p2a: HiNi|ability: Disguise\n|-damage|p2a: HiNi|100\/100\n|-unboost|p1a: Rayquaza|def|1\n|-unboost|p1a: Rayquaza|spd|1\n|detailschange|p2a: HiNi|Mimikyu-Busted, M\n|-damage|p2a: HiNi|88\/100|[from] pokemon: Mimikyu-Busted\n|move|p2a: HiNi|Swords Dance|p2a: HiNi\n|-boost|p2a: HiNi|atk|2\n|\n|upkeep\n|turn|12\n|\n|t:|1699687187\n|move|p2a: HiNi|Shadow Sneak|p1a: Rayquaza\n|-damage|p1a: Rayquaza|0 fnt\n|faint|p1a: Rayquaza\n|\n|upkeep\n|\n|t:|1699687192\n|switch|p1a: Marshadow|Marshadow|100\/100\n|turn|13\n|\n|t:|1699687204\n|move|p1a: Marshadow|Spectral Thief||[still]\n|-clearpositiveboost|p2a: HiNi|p1a: Marshadow|move: Spectral Thief\n|-boost|p1a: Marshadow|atk|2\n|-anim|p1a: Marshadow|Spectral Thief|p2a: HiNi\n|-supereffective|p2a: HiNi\n|-damage|p2a: HiNi|0 fnt\n|faint|p2a: HiNi\n|\n|upkeep\n|\n|t:|1699687206\n|switch|p2a: Plasmodium|Mewtwo|100\/100\n|-ability|p2a: Plasmodium|Pressure\n|turn|14\n|\n|t:|1699687213\n|-terastallize|p2a: Plasmodium|Dark\n|move|p2a: Plasmodium|Psystrike|p1a: Marshadow\n|-supereffective|p1a: Marshadow\n|-enditem|p1a: Marshadow|Focus Sash\n|-damage|p1a: Marshadow|1\/100\n|move|p1a: Marshadow|Spectral Thief|p2a: Plasmodium\n|-resisted|p2a: Plasmodium\n|-damage|p2a: Plasmodium|54\/100\n|-enditem|p2a: Plasmodium|Red Card|[of] p1a: Marshadow\n|drag|p1a: Groudon|Groudon-Primal, shiny|100\/100\n|-weather|DesolateLand|[from] ability: Desolate Land|[of] p1a: Groudon\n|\n|-weather|DesolateLand|[upkeep]\n|upkeep\n|turn|15\n|\n|t:|1699687224\n|move|p2a: Plasmodium|Psystrike|p1a: Groudon\n|-damage|p1a: Groudon|63\/100\n|move|p1a: Groudon|Flamethrower|p2a: Plasmodium\n|-damage|p2a: Plasmodium|0 fnt\n|faint|p2a: Plasmodium\n|\n|win|Rhyfinn 04\n|raw|Rhyfinn 04's rating: 1000 &rarr; <strong>1045<\/strong><br \/>(+45 for winning)\n|raw|MdPikachu's rating: 1040 &rarr; <strong>1022<\/strong><br \/>(-18 for losing)\n","uploadtime":1699687230,"views":4,"p1id":"rhyfinn04","p2id":"mdpikachu","formatid":"gen9nationaldexubers","rating":1022,"private":0,"password":""}