{"id":"gen9nationaldexubers-1990925505","p1":"Cyniot","p2":"85792195wwww","format":"[Gen 9] National Dex Ubers","log":"|j|\u2606Cyniot\n|j|\u260685792195wwww\n|t:|1700015852\n|gametype|singles\n|player|p1|Cyniot|ash|1717\n|player|p2|85792195wwww|mira|1744\n|teamsize|p1|6\n|teamsize|p2|6\n|gen|9\n|tier|[Gen 9] National Dex Ubers\n|rated|\n|rule|HP Percentage Mod: HP is shown in percentages\n|rule|Endless Battle Clause: Forcing endless battles is banned\n|rule|OHKO Clause: OHKO moves are banned\n|rule|Evasion Moves Clause: Evasion moves are banned\n|rule|Evasion Items Clause: Evasion items are banned\n|rule|Species Clause: Limit one of each Pok\u00e9mon\n|rule|Sleep Clause Mod: Limit one foe put to sleep\n|rule|Mega Rayquaza Clause: You cannot mega evolve Rayquaza\n|clearpoke\n|poke|p1|Deoxys-Speed|\n|poke|p1|Groudon|\n|poke|p1|Xerneas-*|\n|poke|p1|Arceus-Dark|\n|poke|p1|Zacian-*|\n|poke|p1|Blissey, F|\n|poke|p2|Xerneas-*|\n|poke|p2|Deoxys-Speed|\n|poke|p2|Zacian-*|\n|poke|p2|Arceus|\n|poke|p2|Groudon|\n|poke|p2|Zekrom|\n|teampreview\n|inactive|Battle timer is ON: inactive players will automatically lose when time's up. (requested by Cyniot)\n|\n|t:|1700015864\n|start\n|switch|p1a: Deoxys|Deoxys-Speed|100\/100\n|switch|p2a: Zacian|Zacian-Crowned|100\/100\n|-ability|p1a: Deoxys|Pressure\n|-ability|p2a: Zacian|Intrepid Sword|boost\n|-boost|p2a: Zacian|atk|1\n|turn|1\n|\n|t:|1700015873\n|move|p1a: Deoxys|Taunt|p2a: Zacian\n|-start|p2a: Zacian|move: Taunt\n|move|p2a: Zacian|Behemoth Blade|p1a: Deoxys\n|-enditem|p1a: Deoxys|Focus Sash\n|-damage|p1a: Deoxys|1\/100\n|\n|upkeep\n|turn|2\n|\n|t:|1700015883\n|switch|p2a: Arceus|Arceus|100\/100\n|move|p1a: Deoxys|Stealth Rock|p2a: Arceus\n|-sidestart|p2: 85792195wwww|move: Stealth Rock\n|\n|upkeep\n|turn|3\n|\n|t:|1700015890\n|move|p2a: Arceus|Extreme Speed|p1a: Deoxys\n|-damage|p1a: Deoxys|0 fnt\n|faint|p1a: Deoxys\n|-damage|p2a: Arceus|91\/100|[from] item: Life Orb\n|\n|upkeep\n|\n|t:|1700015917\n|switch|p1a: Arceus|Arceus-Dark|100\/100\n|turn|4\n|\n|t:|1700015922\n|switch|p2a: Deoxys|Deoxys-Speed|100\/100\n|-damage|p2a: Deoxys|88\/100|[from] Stealth Rock\n|-ability|p2a: Deoxys|Pressure\n|move|p1a: Arceus|Taunt|p2a: Deoxys\n|-start|p2a: Deoxys|move: Taunt\n|\n|upkeep\n|turn|5\n|\n|t:|1700015931\n|switch|p2a: Zacian|Zacian-Crowned|100\/100\n|-damage|p2a: Zacian|94\/100|[from] Stealth Rock\n|move|p1a: Arceus|Taunt|p2a: Zacian\n|-start|p2a: Zacian|move: Taunt\n|\n|upkeep\n|turn|6\n|\n|t:|1700015939\n|switch|p1a: Groudon|Groudon|100\/100\n|detailschange|p1a: Groudon|Groudon-Primal\n|-primal|p1a: Groudon|Red Orb\n|-weather|DesolateLand|[from] ability: Desolate Land|[of] p1a: Groudon\n|move|p2a: Zacian|Close Combat|p1a: Groudon\n|-damage|p1a: Groudon|67\/100\n|-unboost|p2a: Zacian|def|1\n|-unboost|p2a: Zacian|spd|1\n|\n|-weather|DesolateLand|[upkeep]\n|upkeep\n|turn|7\n|\n|t:|1700015951\n|move|p2a: Zacian|Close Combat|p1a: Groudon\n|-damage|p1a: Groudon|34\/100\n|-unboost|p2a: Zacian|def|1\n|-unboost|p2a: Zacian|spd|1\n|move|p1a: Groudon|Precipice Blades|p2a: Zacian|[miss]\n|-miss|p1a: Groudon|p2a: Zacian\n|\n|-weather|DesolateLand|[upkeep]\n|-end|p2a: Zacian|move: Taunt\n|upkeep\n|turn|8\n|\n|t:|1700015961\n|move|p2a: Zacian|Close Combat|p1a: Groudon\n|-damage|p1a: Groudon|0 fnt\n|-unboost|p2a: Zacian|def|1\n|-unboost|p2a: Zacian|spd|1\n|faint|p1a: Groudon\n|-weather|none\n|\n|upkeep\n|\n|t:|1700015967\n|switch|p1a: Zacian|Zacian-Crowned|100\/100\n|-ability|p1a: Zacian|Intrepid Sword|boost\n|-boost|p1a: Zacian|atk|1\n|turn|9\n|\n|t:|1700015972\n|move|p1a: Zacian|Behemoth Blade|p2a: Zacian\n|-damage|p2a: Zacian|0 fnt\n|faint|p2a: Zacian\n|\n|upkeep\n|\n|t:|1700015988\n|switch|p2a: Deoxys|Deoxys-Speed|88\/100\n|-damage|p2a: Deoxys|76\/100|[from] Stealth Rock\n|-ability|p2a: Deoxys|Pressure\n|turn|10\n|\n|t:|1700015994\n|move|p2a: Deoxys|Taunt|p1a: Zacian\n|-start|p1a: Zacian|move: Taunt\n|move|p1a: Zacian|Behemoth Blade|p2a: Deoxys\n|-damage|p2a: Deoxys|0 fnt\n|-damage|p1a: Zacian|84\/100|[from] item: Rocky Helmet|[of] p2a: Deoxys\n|faint|p2a: Deoxys\n|\n|upkeep\n|\n|t:|1700016006\n|switch|p2a: Arceus|Arceus|91\/100\n|-damage|p2a: Arceus|78\/100|[from] Stealth Rock\n|turn|11\n|\n|t:|1700016011\n|move|p1a: Zacian|Behemoth Blade|p2a: Arceus\n|-damage|p2a: Arceus|14\/100\n|move|p2a: Arceus|Will-O-Wisp|p1a: Zacian\n|-status|p1a: Zacian|brn\n|\n|-damage|p1a: Zacian|78\/100 brn|[from] brn\n|upkeep\n|turn|12\n|\n|t:|1700016026\n|-terastallize|p1a: Zacian|Ground\n|move|p1a: Zacian|Tera Blast|p2a: Arceus|[anim] Tera Blast Ground\n|-damage|p2a: Arceus|0 fnt\n|faint|p2a: Arceus\n|\n|-damage|p1a: Zacian|72\/100 brn|[from] brn\n|-end|p1a: Zacian|move: Taunt\n|upkeep\n|\n|t:|1700016042\n|switch|p2a: Xerneas|Xerneas|100\/100\n|-damage|p2a: Xerneas|88\/100|[from] Stealth Rock\n|-ability|p2a: Xerneas|Fairy Aura\n|turn|13\n|\n|t:|1700016056\n|switch|p1a: Blissey|Blissey, F|100\/100\n|-terastallize|p2a: Xerneas|Ground\n|move|p2a: Xerneas|Geomancy||[still]\n|-prepare|p2a: Xerneas|Geomancy\n|-enditem|p2a: Xerneas|Power Herb\n|-anim|p2a: Xerneas|Geomancy|p2a: Xerneas\n|-boost|p2a: Xerneas|spa|2\n|-boost|p2a: Xerneas|spd|2\n|-boost|p2a: Xerneas|spe|2\n|\n|upkeep\n|turn|14\n|\n|t:|1700016066\n|move|p2a: Xerneas|Moonblast|p1a: Blissey\n|-damage|p1a: Blissey|47\/100\n|move|p1a: Blissey|Toxic|p2a: Xerneas\n|-status|p2a: Xerneas|tox\n|\n|-heal|p1a: Blissey|53\/100|[from] item: Leftovers\n|-damage|p2a: Xerneas|82\/100 tox|[from] psn\n|upkeep\n|turn|15\n|\n|t:|1700016076\n|move|p1a: Blissey|Protect|p1a: Blissey\n|-singleturn|p1a: Blissey|Protect\n|move|p2a: Xerneas|Moonblast|p1a: Blissey\n|-activate|p1a: Blissey|move: Protect\n|\n|-heal|p1a: Blissey|59\/100|[from] item: Leftovers\n|-damage|p2a: Xerneas|70\/100 tox|[from] psn\n|upkeep\n|turn|16\n|\n|t:|1700016086\n|switch|p2a: Zekrom|Zekrom|100\/100\n|-damage|p2a: Zekrom|88\/100|[from] Stealth Rock\n|-ability|p2a: Zekrom|Teravolt\n|move|p1a: Blissey|Soft-Boiled|p1a: Blissey\n|-heal|p1a: Blissey|100\/100\n|\n|upkeep\n|turn|17\n|\n|t:|1700016095\n|switch|p1a: Arceus|Arceus-Dark|100\/100\n|move|p2a: Zekrom|Substitute|p2a: Zekrom\n|-start|p2a: Zekrom|Substitute\n|-damage|p2a: Zekrom|63\/100\n|\n|upkeep\n|turn|18\n|\n|t:|1700016102\n|move|p1a: Arceus|Foul Play|p2a: Zekrom\n|-end|p2a: Zekrom|Substitute\n|move|p2a: Zekrom|Dragon Dance|p2a: Zekrom\n|-boost|p2a: Zekrom|atk|1\n|-boost|p2a: Zekrom|spe|1\n|\n|upkeep\n|turn|19\n|\n|t:|1700016110\n|-zpower|p2a: Zekrom\n|move|p2a: Zekrom|Devastating Drake|p1a: Arceus|[zeffect]\n|-damage|p1a: Arceus|0 fnt\n|faint|p1a: Arceus\n|\n|upkeep\n|\n|t:|1700016128\n|switch|p1a: Xerneas|Xerneas|100\/100\n|-ability|p1a: Xerneas|Fairy Aura\n|turn|20\n|\n|t:|1700016133\n|move|p2a: Zekrom|Substitute|p2a: Zekrom\n|-start|p2a: Zekrom|Substitute\n|-damage|p2a: Zekrom|38\/100\n|move|p1a: Xerneas|Geomancy||[still]\n|-prepare|p1a: Xerneas|Geomancy\n|-enditem|p1a: Xerneas|Power Herb\n|-anim|p1a: Xerneas|Geomancy|p1a: Xerneas\n|-boost|p1a: Xerneas|spa|2\n|-boost|p1a: Xerneas|spd|2\n|-boost|p1a: Xerneas|spe|2\n|\n|upkeep\n|turn|21\n|\n|t:|1700016143\n|move|p1a: Xerneas|Moonblast|p2a: Zekrom\n|-supereffective|p2a: Zekrom\n|-end|p2a: Zekrom|Substitute\n|move|p2a: Zekrom|Dragon Dance|p2a: Zekrom\n|-boost|p2a: Zekrom|atk|1\n|-boost|p2a: Zekrom|spe|1\n|\n|upkeep\n|turn|22\n|\n|t:|1700016151\n|move|p2a: Zekrom|Bolt Strike|p1a: Xerneas\n|-damage|p1a: Xerneas|0 fnt\n|faint|p1a: Xerneas\n|\n|upkeep\n|\n|t:|1700016156\n|switch|p1a: Zacian|Zacian-Crowned, tera:Ground|72\/100 brn\n|turn|23\n|\n|t:|1700016159\n|move|p2a: Zekrom|Outrage|p1a: Zacian\n|-damage|p1a: Zacian|0 fnt\n|faint|p1a: Zacian\n|\n|upkeep\n|-message|Cyniot forfeited.\n|\n|win|85792195wwww\n|raw|Cyniot's rating: 1717 &rarr; <strong>1699<\/strong><br \/>(-18 for losing)\n|raw|85792195wwww's rating: 1744 &rarr; <strong>1762<\/strong><br \/>(+18 for winning)\n|l|\u2606Cyniot\n","uploadtime":1700016169,"views":6,"p1id":"cyniot","p2id":"85792195wwww","formatid":"gen9nationaldexubers","rating":1699,"private":0,"password":""}