{"id":"gen9nationaldexubers-2000079181","p1":"Cipher_owen","p2":"Th3Soci3ty","format":"[Gen 9] National Dex Ubers","log":"|j|\u2606Cipher_owen\n|j|\u2606Th3Soci3ty\n|t:|1701150870\n|gametype|singles\n|player|p1|Cipher_owen|dawn|1321\n|player|p2|Th3Soci3ty|veteranf|1172\n|teamsize|p1|6\n|teamsize|p2|6\n|gen|9\n|tier|[Gen 9] National Dex Ubers\n|rated|\n|rule|HP Percentage Mod: HP is shown in percentages\n|rule|Endless Battle Clause: Forcing endless battles is banned\n|rule|OHKO Clause: OHKO moves are banned\n|rule|Evasion Moves Clause: Evasion moves are banned\n|rule|Evasion Items Clause: Evasion items are banned\n|rule|Species Clause: Limit one of each Pok\u00e9mon\n|rule|Sleep Clause Mod: Limit one foe put to sleep\n|rule|Mega Rayquaza Clause: You cannot mega evolve Rayquaza\n|clearpoke\n|poke|p1|Annihilape, M|\n|poke|p1|Darmanitan-Galar, F|\n|poke|p1|Garganacl, M|\n|poke|p1|Ogerpon-Hearthflame, F|\n|poke|p1|Gliscor, M|\n|poke|p1|Dracovish|\n|poke|p2|Glimmora, F|\n|poke|p2|Sneasler, F|\n|poke|p2|Dusclops, M|\n|poke|p2|Garganacl, F|\n|poke|p2|Noivern, M|\n|poke|p2|Mamoswine, M|\n|teampreview\n|\n|t:|1701150889\n|start\n|switch|p1a: Dracovish|Dracovish, shiny|100\/100\n|switch|p2a: Glimmora|Glimmora, F|100\/100\n|turn|1\n|\n|t:|1701150893\n|move|p1a: Dracovish|Fishious Rend|p2a: Glimmora\n|-supereffective|p2a: Glimmora\n|-enditem|p2a: Glimmora|Focus Sash\n|-damage|p2a: Glimmora|1\/100\n|-activate|p2a: Glimmora|ability: Toxic Debris\n|-sidestart|p1: Cipher_owen|move: Toxic Spikes\n|move|p2a: Glimmora|Stealth Rock|p1a: Dracovish\n|-sidestart|p1: Cipher_owen|move: Stealth Rock\n|\n|upkeep\n|turn|2\n|\n|t:|1701150900\n|move|p1a: Dracovish|Fishious Rend|p2a: Glimmora\n|-supereffective|p2a: Glimmora\n|-damage|p2a: Glimmora|0 fnt\n|-activate|p2a: Glimmora|ability: Toxic Debris\n|-sidestart|p1: Cipher_owen|move: Toxic Spikes\n|faint|p2a: Glimmora\n|\n|upkeep\n|\n|t:|1701150910\n|switch|p2a: Dusclops|Dusclops, M|100\/100\n|-ability|p2a: Dusclops|Pressure\n|turn|3\n|\n|t:|1701150912\n|move|p1a: Dracovish|Fishious Rend|p2a: Dusclops\n|-damage|p2a: Dusclops|40\/100\n|move|p2a: Dusclops|Will-O-Wisp|p1a: Dracovish\n|-status|p1a: Dracovish|brn\n|\n|-damage|p1a: Dracovish|94\/100 brn|[from] brn\n|upkeep\n|turn|4\n|\n|t:|1701150917\n|move|p2a: Dusclops|Shadow Sneak|p1a: Dracovish\n|-damage|p1a: Dracovish|79\/100 brn\n|move|p1a: Dracovish|Fishious Rend|p2a: Dusclops\n|-damage|p2a: Dusclops|23\/100\n|\n|-damage|p1a: Dracovish|73\/100 brn|[from] brn\n|upkeep\n|turn|5\n|\n|t:|1701150921\n|move|p1a: Dracovish|Fishious Rend|p2a: Dusclops\n|-damage|p2a: Dusclops|0 fnt\n|faint|p2a: Dusclops\n|\n|-damage|p1a: Dracovish|67\/100 brn|[from] brn\n|upkeep\n|\n|t:|1701150925\n|switch|p2a: Sneasler|Sneasler, F|100\/100\n|turn|6\n|\n|t:|1701150932\n|move|p2a: Sneasler|Fake Out|p1a: Dracovish\n|-damage|p1a: Dracovish|51\/100 brn\n|cant|p1a: Dracovish|flinch\n|\n|-damage|p1a: Dracovish|45\/100 brn|[from] brn\n|upkeep\n|turn|7\n|\n|t:|1701150935\n|move|p1a: Dracovish|Fishious Rend|p2a: Sneasler\n|-damage|p2a: Sneasler|20\/100\n|move|p2a: Sneasler|Close Combat|p1a: Dracovish\n|-damage|p1a: Dracovish|0 fnt\n|-unboost|p2a: Sneasler|def|1\n|-unboost|p2a: Sneasler|spd|1\n|faint|p1a: Dracovish\n|\n|upkeep\n|\n|t:|1701150943\n|switch|p1a: Gliscor|Gliscor, M, shiny|100\/100\n|-damage|p1a: Gliscor|88\/100|[from] Stealth Rock\n|turn|8\n|\n|t:|1701150948\n|move|p2a: Sneasler|U-turn|p1a: Gliscor\n|-resisted|p1a: Gliscor\n|-damage|p1a: Gliscor|77\/100\n|\n|t:|1701150952\n|switch|p2a: Mamoswine|Mamoswine, M|100\/100|[from] U-turn\n|move|p1a: Gliscor|Stealth Rock|p2a: Mamoswine\n|-sidestart|p2: Th3Soci3ty|move: Stealth Rock\n|\n|-status|p1a: Gliscor|tox|[from] item: Toxic Orb\n|upkeep\n|turn|9\n|\n|t:|1701150956\n|move|p2a: Mamoswine|Ice Shard|p1a: Gliscor\n|-supereffective|p1a: Gliscor\n|-damage|p1a: Gliscor|0 fnt\n|faint|p1a: Gliscor\n|-damage|p2a: Mamoswine|91\/100|[from] item: Life Orb\n|\n|upkeep\n|\n|t:|1701150964\n|switch|p1a: Garganacl|Garganacl, M, shiny|100\/100\n|-damage|p1a: Garganacl|88\/100|[from] Stealth Rock\n|turn|10\n|\n|t:|1701150969\n|-terastallize|p1a: Garganacl|Ghost\n|move|p2a: Mamoswine|Earthquake|p1a: Garganacl\n|-damage|p1a: Garganacl|40\/100\n|-damage|p2a: Mamoswine|81\/100|[from] item: Life Orb\n|move|p1a: Garganacl|Salt Cure|p2a: Mamoswine\n|-damage|p2a: Mamoswine|65\/100\n|-start|p2a: Mamoswine|Salt Cure\n|\n|-heal|p1a: Garganacl|46\/100|[from] item: Leftovers\n|-damage|p2a: Mamoswine|52\/100|[from] Salt Cure\n|upkeep\n|turn|11\n|\n|t:|1701150976\n|move|p2a: Mamoswine|Earthquake|p1a: Garganacl\n|-damage|p1a: Garganacl|0 fnt\n|faint|p1a: Garganacl\n|-damage|p2a: Mamoswine|42\/100|[from] item: Life Orb\n|\n|-damage|p2a: Mamoswine|30\/100|[from] Salt Cure\n|upkeep\n|\n|t:|1701150984\n|switch|p1a: Annihilape|Annihilape, M, shiny|100\/100\n|-status|p1a: Annihilape|tox\n|-damage|p1a: Annihilape|94\/100 tox|[from] Stealth Rock\n|turn|12\n|c|\u2606Th3Soci3ty|This antagonist team i made is surprisingly good\n|\n|t:|1701150997\n|move|p2a: Mamoswine|Earthquake|p1a: Annihilape\n|-damage|p1a: Annihilape|24\/100 tox\n|-damage|p2a: Mamoswine|20\/100|[from] item: Life Orb\n|move|p1a: Annihilape|Drain Punch|p2a: Mamoswine\n|-supereffective|p2a: Mamoswine\n|-damage|p2a: Mamoswine|0 fnt\n|-heal|p1a: Annihilape|32\/100 tox|[from] drain|[of] p2a: Mamoswine\n|faint|p2a: Mamoswine\n|\n|-heal|p1a: Annihilape|38\/100 tox|[from] item: Leftovers\n|-damage|p1a: Annihilape|32\/100 tox|[from] psn\n|upkeep\n|\n|t:|1701151003\n|switch|p2a: Noivern|Noivern, M|100\/100\n|-damage|p2a: Noivern|76\/100|[from] Stealth Rock\n|turn|13\n|\n|t:|1701151007\n|move|p2a: Noivern|Dragon Pulse|p1a: Annihilape\n|-damage|p1a: Annihilape|0 fnt\n|faint|p1a: Annihilape\n|\n|upkeep\n|\n|t:|1701151010\n|switch|p1a: Darmanitan|Darmanitan-Galar, F, shiny|100\/100\n|-status|p1a: Darmanitan|tox\n|-damage|p1a: Darmanitan|76\/100 tox|[from] Stealth Rock\n|turn|14\n|\n|t:|1701151015\n|move|p1a: Darmanitan|Icicle Crash|p2a: Noivern\n|-supereffective|p2a: Noivern\n|-damage|p2a: Noivern|0 fnt\n|faint|p2a: Noivern\n|\n|-damage|p1a: Darmanitan|70\/100 tox|[from] psn\n|upkeep\n|\n|t:|1701151019\n|switch|p2a: Garganacl|Garganacl, F|100\/100\n|-damage|p2a: Garganacl|88\/100|[from] Stealth Rock\n|turn|15\n|\n|t:|1701151027\n|move|p1a: Darmanitan|Icicle Crash|p2a: Garganacl\n|-damage|p2a: Garganacl|49\/100\n|move|p2a: Garganacl|Salt Cure|p1a: Darmanitan\n|-supereffective|p1a: Darmanitan\n|-damage|p1a: Darmanitan|25\/100 tox\n|-start|p1a: Darmanitan|Salt Cure\n|\n|-heal|p2a: Garganacl|55\/100|[from] item: Leftovers\n|-damage|p1a: Darmanitan|13\/100 tox|[from] psn\n|-damage|p1a: Darmanitan|0 fnt|[from] Salt Cure\n|faint|p1a: Darmanitan\n|upkeep\n|\n|t:|1701151030\n|switch|p1a: Ogerpon|Ogerpon-Hearthflame, F|100\/100\n|-status|p1a: Ogerpon|tox\n|-damage|p1a: Ogerpon|76\/100 tox|[from] Stealth Rock\n|-ability|p1a: Ogerpon|Mold Breaker\n|turn|16\n|\n|t:|1701151034\n|move|p1a: Ogerpon|Horn Leech|p2a: Garganacl\n|-supereffective|p2a: Garganacl\n|-damage|p2a: Garganacl|4\/100\n|-heal|p1a: Ogerpon|100\/100 tox|[from] drain|[of] p2a: Garganacl\n|move|p2a: Garganacl|Salt Cure|p1a: Ogerpon\n|-supereffective|p1a: Ogerpon\n|-damage|p1a: Ogerpon|61\/100 tox\n|-start|p1a: Ogerpon|Salt Cure\n|\n|-heal|p2a: Garganacl|11\/100|[from] item: Leftovers\n|-damage|p1a: Ogerpon|55\/100 tox|[from] psn\n|-damage|p1a: Ogerpon|42\/100 tox|[from] Salt Cure\n|upkeep\n|turn|17\n|\n|t:|1701151039\n|move|p1a: Ogerpon|Horn Leech|p2a: Garganacl\n|-supereffective|p2a: Garganacl\n|-damage|p2a: Garganacl|0 fnt\n|-heal|p1a: Ogerpon|49\/100 tox|[from] drain|[of] p2a: Garganacl\n|faint|p2a: Garganacl\n|\n|-damage|p1a: Ogerpon|37\/100 tox|[from] psn\n|-damage|p1a: Ogerpon|25\/100 tox|[from] Salt Cure\n|upkeep\n|\n|t:|1701151041\n|switch|p2a: Sneasler|Sneasler, F|20\/100\n|-damage|p2a: Sneasler|14\/100|[from] Stealth Rock\n|turn|18\n|\n|t:|1701151044\n|move|p2a: Sneasler|Fake Out|p1a: Ogerpon\n|-damage|p1a: Ogerpon|7\/100 tox\n|cant|p1a: Ogerpon|flinch\n|\n|-damage|p1a: Ogerpon|0 fnt|[from] psn\n|faint|p1a: Ogerpon\n|\n|win|Th3Soci3ty\n|upkeep\n|raw|Cipher_owen's rating: 1321 &rarr; <strong>1293<\/strong><br \/>(-28 for losing)\n|raw|Th3Soci3ty's rating: 1172 &rarr; <strong>1207<\/strong><br \/>(+35 for winning)\n|l|\u2606Cipher_owen\n|l|\u2606Th3Soci3ty\n|j|\u2606Th3Soci3ty\n|player|p2|Th3Soci3ty|veteranf\n","uploadtime":1701151054,"views":10,"p1id":"cipherowen","p2id":"th3soci3ty","formatid":"gen9nationaldexubers","rating":1207,"private":0,"password":""}