{"id":"gen9nationaldexubers-1982865225","p1":"cunningjams","p2":"dannymcq","format":"[Gen 9] National Dex Ubers","log":"|j|\u2606cunningjams\n|j|\u2606dannymcq\n|t:|1699052714\n|gametype|singles\n|player|p1|cunningjams|169|\n|player|p2|dannymcq|hala|\n|teamsize|p1|6\n|teamsize|p2|6\n|gen|9\n|tier|[Gen 9] National Dex Ubers\n|rule|HP Percentage Mod: HP is shown in percentages\n|rule|Endless Battle Clause: Forcing endless battles is banned\n|rule|OHKO Clause: OHKO moves are banned\n|rule|Evasion Moves Clause: Evasion moves are banned\n|rule|Evasion Items Clause: Evasion items are banned\n|rule|Species Clause: Limit one of each Pok\u00e9mon\n|rule|Sleep Clause Mod: Limit one foe put to sleep\n|rule|Mega Rayquaza Clause: You cannot mega evolve Rayquaza\n|clearpoke\n|poke|p1|Tapu Koko|\n|poke|p1|Quaquaval, M|\n|poke|p1|Pelipper, F|\n|poke|p1|Armarouge, M|\n|poke|p1|Nidoqueen, F|\n|poke|p1|Heracross, F|\n|poke|p2|Chansey, F|\n|poke|p2|Sneasler, F|\n|poke|p2|Rillaboom, M|\n|poke|p2|Kleavor, M|\n|poke|p2|Bronzong|\n|poke|p2|Dhelmise|\n|teampreview\n|c|\u2606dannymcq|hey buddy!\n|c|\u2606dannymcq|good luck lets have fun ya\n|c|\u2606cunningjams|ya gl you'll need it\n|j| KingAdBro\n|\n|t:|1699052763\n|start\n|switch|p1a: David Byrne|Tapu Koko|100\/100\n|switch|p2a: Kleavor|Kleavor, M|100\/100\n|-fieldstart|move: Electric Terrain|[from] ability: Electric Surge|[of] p1a: David Byrne\n|turn|1\n|\n|t:|1699052852\n|move|p1a: David Byrne|Volt Switch|p2a: Kleavor\n|-damage|p2a: Kleavor|40\/100\n|\n|t:|1699052859\n|switch|p1a: Eddie Gordo|Quaquaval, M, shiny|100\/100|[from] Volt Switch\n|-enditem|p1a: Eddie Gordo|Electric Seed\n|-boost|p1a: Eddie Gordo|def|1|[from] item: Electric Seed\n|move|p2a: Kleavor|Stone Axe|p1a: Eddie Gordo\n|-resisted|p1a: Eddie Gordo\n|-damage|p1a: Eddie Gordo|79\/100\n|-sidestart|p1: cunningjams|move: Stealth Rock\n|\n|upkeep\n|turn|2\n|\n|t:|1699052879\n|switch|p2a: Rillaboom|Rillaboom, M, shiny|100\/100\n|-fieldstart|move: Grassy Terrain|[from] ability: Grassy Surge|[of] p2a: Rillaboom\n|-enditem|p2a: Rillaboom|Grassy Seed\n|-boost|p2a: Rillaboom|def|1|[from] item: Grassy Seed\n|move|p1a: Eddie Gordo|Rapid Spin|p2a: Rillaboom\n|-damage|p2a: Rillaboom|87\/100\n|-boost|p1a: Eddie Gordo|spe|1\n|-sideend|p1: cunningjams|Stealth Rock|[from] move: Rapid Spin|[of] p1a: Eddie Gordo\n|\n|-heal|p1a: Eddie Gordo|85\/100|[from] Grassy Terrain\n|-heal|p2a: Rillaboom|93\/100|[from] Grassy Terrain\n|upkeep\n|turn|3\n|l| KingAdBro\n|\n|t:|1699052934\n|switch|p1a: Peepee Poopoo|Pelipper, F|100\/100\n|-weather|RainDance|[from] ability: Drizzle|[of] p1a: Peepee Poopoo\n|move|p2a: Rillaboom|Swords Dance|p2a: Rillaboom\n|-boost|p2a: Rillaboom|atk|2\n|\n|-weather|RainDance|[upkeep]\n|-heal|p2a: Rillaboom|99\/100|[from] Grassy Terrain\n|upkeep\n|turn|4\n|\n|t:|1699052947\n|move|p2a: Rillaboom|Wood Hammer|p1a: Peepee Poopoo\n|-damage|p1a: Peepee Poopoo|0 fnt\n|faint|p1a: Peepee Poopoo\n|-damage|p2a: Rillaboom|68\/100|[from] Recoil\n|\n|-weather|RainDance|[upkeep]\n|-heal|p2a: Rillaboom|74\/100|[from] Grassy Terrain\n|upkeep\n|\n|t:|1699052968\n|switch|p1a: David Byrne|Tapu Koko|100\/100\n|-fieldstart|move: Electric Terrain|[from] ability: Electric Surge|[of] p1a: David Byrne\n|turn|5\n|\n|t:|1699053032\n|move|p1a: David Byrne|Volt Switch|p2a: Rillaboom\n|-resisted|p2a: Rillaboom\n|-damage|p2a: Rillaboom|47\/100\n|\n|t:|1699053036\n|switch|p1a: The Gun Show|Armarouge, M|100\/100|[from] Volt Switch\n|-enditem|p1a: The Gun Show|Electric Seed\n|-boost|p1a: The Gun Show|def|1|[from] item: Electric Seed\n|move|p2a: Rillaboom|Wood Hammer|p1a: The Gun Show\n|-resisted|p1a: The Gun Show\n|-damage|p1a: The Gun Show|54\/100\n|-ability|p1a: The Gun Show|Weak Armor|boost\n|-unboost|p1a: The Gun Show|def|1\n|-boost|p1a: The Gun Show|spe|2\n|-damage|p2a: Rillaboom|33\/100|[from] Recoil\n|\n|-weather|RainDance|[upkeep]\n|upkeep\n|turn|6\n|\n|t:|1699053098\n|switch|p2a: Chansey|Chansey, F|100\/100\n|move|p1a: The Gun Show|Armor Cannon|p2a: Chansey\n|-damage|p2a: Chansey|91\/100\n|-unboost|p1a: The Gun Show|def|1\n|-unboost|p1a: The Gun Show|spd|1\n|\n|-weather|RainDance|[upkeep]\n|upkeep\n|turn|7\n|\n|t:|1699053117\n|switch|p1a: Heracross|Heracross, F|100\/100\n|move|p2a: Chansey|Toxic|p1a: Heracross\n|-status|p1a: Heracross|tox\n|\n|-weather|RainDance|[upkeep]\n|-damage|p1a: Heracross|94\/100 tox|[from] psn\n|upkeep\n|turn|8\n|\n|t:|1699053155\n|detailschange|p1a: Heracross|Heracross-Mega, F\n|-mega|p1a: Heracross|Heracross|Heracronite\n|move|p2a: Chansey|Protect|p2a: Chansey\n|-singleturn|p2a: Chansey|Protect\n|move|p1a: Heracross|Close Combat|p2a: Chansey\n|-activate|p2a: Chansey|move: Protect\n|\n|-weather|RainDance|[upkeep]\n|-damage|p1a: Heracross|82\/100 tox|[from] psn\n|upkeep\n|turn|9\n|\n|t:|1699053163\n|switch|p2a: Dhelmise|Dhelmise, shiny|100\/100\n|move|p1a: Heracross|Close Combat|p2a: Dhelmise\n|-immune|p2a: Dhelmise\n|\n|-weather|RainDance|[upkeep]\n|-damage|p1a: Heracross|64\/100 tox|[from] psn\n|-fieldend|move: Electric Terrain\n|upkeep\n|turn|10\n|\n|t:|1699053206\n|switch|p2a: Kleavor|Kleavor, M|40\/100\n|move|p1a: Heracross|Pin Missile|p2a: Kleavor\n|-damage|p2a: Kleavor|19\/100\n|-damage|p2a: Kleavor|0 fnt\n|faint|p2a: Kleavor\n|-hitcount|p2: Kleavor|2\n|\n|-weather|none\n|-damage|p1a: Heracross|40\/100 tox|[from] psn\n|upkeep\n|c|\u2606cunningjams|you're a goner\n|c|\u2606cunningjams|give up now\n|c|\u2606dannymcq|Lol all tied up\n|\n|t:|1699053242\n|switch|p2a: Sneasler|Sneasler, F, shiny|100\/100\n|turn|11\n|\n|t:|1699053318\n|switch|p1a: Nidoanne|Nidoqueen, F|100\/100\n|move|p2a: Sneasler|Endure||[still]\n|-fail|p2a: Sneasler\n|\n|upkeep\n|turn|12\n|\n|t:|1699053335\n|switch|p2a: Chansey|Chansey, F|91\/100\n|move|p1a: Nidoanne|Stealth Rock|p2a: Chansey\n|-sidestart|p2: dannymcq|move: Stealth Rock\n|\n|upkeep\n|turn|13\n|\n|t:|1699053347\n|move|p1a: Nidoanne|Toxic|p2a: Chansey\n|-status|p2a: Chansey|tox\n|move|p2a: Chansey|Seismic Toss|p1a: Nidoanne\n|-damage|p1a: Nidoanne|74\/100\n|\n|-damage|p2a: Chansey|85\/100 tox|[from] psn\n|upkeep\n|turn|14\n|\n|t:|1699053409\n|switch|p1a: David Byrne|Tapu Koko|100\/100\n|-fieldstart|move: Electric Terrain|[from] ability: Electric Surge|[of] p1a: David Byrne\n|-curestatus|p2a: Chansey|tox|[from] ability: Natural Cure\n|switch|p2a: Bronzong|Bronzong|100\/100\n|-damage|p2a: Bronzong|94\/100|[from] Stealth Rock\n|\n|upkeep\n|turn|15\n|j| KingAdBro\n|\n|t:|1699053449\n|move|p1a: David Byrne|Volt Switch|p2a: Bronzong\n|-damage|p2a: Bronzong|73\/100\n|\n|t:|1699053453\n|switch|p1a: The Gun Show|Armarouge, M|54\/100|[from] Volt Switch\n|move|p2a: Bronzong|Future Sight|p1a: The Gun Show\n|-start|p2a: Bronzong|move: Future Sight\n|\n|upkeep\n|turn|16\n|\n|t:|1699053468\n|switch|p2a: Chansey|Chansey, F|85\/100\n|-damage|p2a: Chansey|73\/100|[from] Stealth Rock\n|move|p1a: The Gun Show|Armor Cannon|p2a: Chansey\n|-damage|p2a: Chansey|51\/100\n|-unboost|p1a: The Gun Show|def|1\n|-unboost|p1a: The Gun Show|spd|1\n|\n|upkeep\n|turn|17\n|\n|t:|1699053487\n|move|p1a: The Gun Show|Calm Mind|p1a: The Gun Show\n|-boost|p1a: The Gun Show|spa|1\n|-boost|p1a: The Gun Show|spd|1\n|move|p2a: Chansey|Wish|p2a: Chansey\n|\n|-end|p1a: The Gun Show|move: Future Sight\n|-resisted|p1a: The Gun Show\n|-damage|p1a: The Gun Show|24\/100\n|upkeep\n|turn|18\n|\n|t:|1699053500\n|move|p1a: The Gun Show|Armor Cannon|p2a: Chansey\n|-damage|p2a: Chansey|21\/100\n|-unboost|p1a: The Gun Show|def|1\n|-unboost|p1a: The Gun Show|spd|1\n|move|p2a: Chansey|Seismic Toss|p1a: The Gun Show\n|-damage|p1a: The Gun Show|0 fnt\n|faint|p1a: The Gun Show\n|\n|-heal|p2a: Chansey|71\/100|[from] move: Wish|[wisher] Chansey\n|-fieldend|move: Electric Terrain\n|upkeep\n|\n|t:|1699053513\n|switch|p1a: Eddie Gordo|Quaquaval, M, shiny|85\/100\n|turn|19\n|\n|t:|1699053525\n|switch|p2a: Dhelmise|Dhelmise, shiny|100\/100\n|-damage|p2a: Dhelmise|88\/100|[from] Stealth Rock\n|move|p1a: Eddie Gordo|Aqua Step|p2a: Dhelmise\n|-resisted|p2a: Dhelmise\n|-crit|p2a: Dhelmise\n|-damage|p2a: Dhelmise|58\/100\n|-boost|p1a: Eddie Gordo|spe|1\n|\n|upkeep\n|turn|20\n|\n|t:|1699053597\n|move|p1a: Eddie Gordo|Aqua Step|p2a: Dhelmise\n|-resisted|p2a: Dhelmise\n|-damage|p2a: Dhelmise|35\/100\n|-boost|p1a: Eddie Gordo|spe|1\n|move|p2a: Dhelmise|Synthesis|p2a: Dhelmise\n|-heal|p2a: Dhelmise|85\/100\n|\n|upkeep\n|turn|21\n|\n|t:|1699053639\n|move|p1a: Eddie Gordo|Wave Crash|p2a: Dhelmise\n|-resisted|p2a: Dhelmise\n|-damage|p2a: Dhelmise|56\/100\n|-damage|p1a: Eddie Gordo|75\/100|[from] Recoil\n|move|p2a: Dhelmise|Poltergeist||[still]\n|-fail|p2a: Dhelmise\n|\n|upkeep\n|turn|22\n|c|\u2606dannymcq|lol fuck me\n|c|\u2606cunningjams|8====D\n|c|\u2606cunningjams|heheheh\n|\n|t:|1699053671\n|switch|p1a: Heracross|Heracross-Mega, F|40\/100 tox\n|move|p2a: Dhelmise|Synthesis|p2a: Dhelmise\n|-heal|p2a: Dhelmise|100\/100\n|\n|-damage|p1a: Heracross|33\/100 tox|[from] psn\n|upkeep\n|turn|23\n|\n|t:|1699053714\n|move|p1a: Heracross|Pin Missile|p2a: Dhelmise\n|-damage|p2a: Dhelmise|82\/100\n|-damage|p2a: Dhelmise|65\/100\n|-damage|p2a: Dhelmise|48\/100\n|-damage|p2a: Dhelmise|31\/100\n|-damage|p2a: Dhelmise|12\/100\n|-hitcount|p2a: Dhelmise|5\n|move|p2a: Dhelmise|Heavy Slam|p1a: Heracross\n|-crit|p1a: Heracross\n|-damage|p1a: Heracross|0 fnt\n|faint|p1a: Heracross\n|-damage|p2a: Dhelmise|2\/100|[from] item: Life Orb\n|\n|upkeep\n|\n|t:|1699053736\n|switch|p1a: Eddie Gordo|Quaquaval, M, shiny|75\/100\n|turn|24\n|\n|t:|1699053754\n|move|p1a: Eddie Gordo|Aqua Step|p2a: Dhelmise\n|-resisted|p2a: Dhelmise\n|-damage|p2a: Dhelmise|0 fnt\n|-boost|p1a: Eddie Gordo|spe|1\n|faint|p2a: Dhelmise\n|-ability|p1a: Eddie Gordo|Moxie|boost\n|-boost|p1a: Eddie Gordo|atk|1\n|\n|upkeep\n|\n|t:|1699053849\n|switch|p2a: Rillaboom|Rillaboom, M, shiny|33\/100\n|-damage|p2a: Rillaboom|21\/100|[from] Stealth Rock\n|-fieldstart|move: Grassy Terrain|[from] ability: Grassy Surge|[of] p2a: Rillaboom\n|turn|25\n|\n|t:|1699053903\n|switch|p1a: David Byrne|Tapu Koko|100\/100\n|-fieldstart|move: Electric Terrain|[from] ability: Electric Surge|[of] p1a: David Byrne\n|move|p2a: Rillaboom|Grassy Glide|p1a: David Byrne\n|-damage|p1a: David Byrne|60\/100\n|\n|upkeep\n|turn|26\n|\n|t:|1699053956\n|move|p1a: David Byrne|Dazzling Gleam|p2a: Rillaboom\n|-crit|p2a: Rillaboom\n|-damage|p2a: Rillaboom|0 fnt\n|faint|p2a: Rillaboom\n|\n|upkeep\n|\n|t:|1699053970\n|switch|p2a: Bronzong|Bronzong|73\/100\n|-damage|p2a: Bronzong|66\/100|[from] Stealth Rock\n|turn|27\n|c|\u2606cunningjams|gg fam\n|\n|t:|1699054001\n|move|p1a: David Byrne|Dazzling Gleam|p2a: Bronzong\n|-resisted|p2a: Bronzong\n|-damage|p2a: Bronzong|57\/100\n|move|p2a: Bronzong|Psychic|p1a: David Byrne\n|-damage|p1a: David Byrne|10\/100\n|\n|upkeep\n|turn|28\n|\n|t:|1699054010\n|move|p1a: David Byrne|Dazzling Gleam|p2a: Bronzong\n|-resisted|p2a: Bronzong\n|-damage|p2a: Bronzong|48\/100\n|move|p2a: Bronzong|Future Sight|p1a: David Byrne\n|-start|p2a: Bronzong|move: Future Sight\n|\n|upkeep\n|turn|29\n|\n|t:|1699054016\n|move|p1a: David Byrne|Dazzling Gleam|p2a: Bronzong\n|-resisted|p2a: Bronzong\n|-damage|p2a: Bronzong|39\/100\n|move|p2a: Bronzong|Psychic|p1a: David Byrne\n|-damage|p1a: David Byrne|0 fnt\n|faint|p1a: David Byrne\n|\n|-fieldend|move: Electric Terrain\n|upkeep\n|\n|t:|1699054048\n|switch|p1a: Eddie Gordo|Quaquaval, M, shiny|75\/100\n|turn|30\n|\n|t:|1699054067\n|move|p1a: Eddie Gordo|Close Combat|p2a: Bronzong\n|-damage|p2a: Bronzong|0 fnt\n|-unboost|p1a: Eddie Gordo|def|1\n|-unboost|p1a: Eddie Gordo|spd|1\n|faint|p2a: Bronzong\n|-ability|p1a: Eddie Gordo|Moxie|boost\n|-boost|p1a: Eddie Gordo|atk|1\n|\n|-end|p1a: Eddie Gordo|move: Future Sight\n|-supereffective|p1a: Eddie Gordo\n|-damage|p1a: Eddie Gordo|0 fnt\n|faint|p1a: Eddie Gordo\n|upkeep\n|\n|t:|1699054082\n|switch|p1a: Nidoanne|Nidoqueen, F|74\/100\n|switch|p2a: Chansey|Chansey, F|71\/100\n|-damage|p2a: Chansey|58\/100|[from] Stealth Rock\n|turn|31\n|\n|t:|1699054091\n|move|p1a: Nidoanne|Toxic|p2a: Chansey\n|-status|p2a: Chansey|tox\n|move|p2a: Chansey|Seismic Toss|p1a: Nidoanne\n|-damage|p1a: Nidoanne|48\/100\n|\n|-damage|p2a: Chansey|52\/100 tox|[from] psn\n|upkeep\n|turn|32\n|\n|t:|1699054103\n|move|p1a: Nidoanne|Earth Power|p2a: Chansey\n|-damage|p2a: Chansey|38\/100 tox\n|move|p2a: Chansey|Seismic Toss|p1a: Nidoanne\n|-damage|p1a: Nidoanne|22\/100\n|\n|-damage|p2a: Chansey|26\/100 tox|[from] psn\n|upkeep\n|turn|33\n|\n|t:|1699054111\n|move|p1a: Nidoanne|Earth Power|p2a: Chansey\n|-damage|p2a: Chansey|12\/100 tox\n|move|p2a: Chansey|Seismic Toss|p1a: Nidoanne\n|-damage|p1a: Nidoanne|0 fnt\n|faint|p1a: Nidoanne\n|\n|win|dannymcq\n|c|\u2606dannymcq|good game ben! good predicts, nice brings\n|c|\u2606cunningjams|ty! got more of your dudes down than I thought I would\n|l| KingAdBro\n|c|\u2606cunningjams|gg to you as well\n|c|\u2606dannymcq|lol how do i have stone axe but you had rocks on me this game\n","uploadtime":1699054170,"views":24,"p1id":"cunningjams","p2id":"dannymcq","formatid":"gen9nationaldexubers","rating":0,"private":0,"password":""}