{"id":"gen9nationaldexubers-1990836082","p1":"mr Deuzp","p2":"Big round man","format":"[Gen 9] National Dex Ubers","log":"|j|\u2606mr Deuzp\n|j|\u2606Big round man\n|t:|1700005866\n|gametype|singles\n|player|p1|mr Deuzp|shadowtriad|1343\n|player|p2|Big round man|crasherwake|1423\n|teamsize|p1|6\n|teamsize|p2|6\n|gen|9\n|tier|[Gen 9] National Dex Ubers\n|rated|\n|rule|HP Percentage Mod: HP is shown in percentages\n|rule|Endless Battle Clause: Forcing endless battles is banned\n|rule|OHKO Clause: OHKO moves are banned\n|rule|Evasion Moves Clause: Evasion moves are banned\n|rule|Evasion Items Clause: Evasion items are banned\n|rule|Species Clause: Limit one of each Pok\u00e9mon\n|rule|Sleep Clause Mod: Limit one foe put to sleep\n|rule|Mega Rayquaza Clause: You cannot mega evolve Rayquaza\n|clearpoke\n|poke|p1|Urshifu-*, M|\n|poke|p1|Salamence, M|\n|poke|p1|Groudon|\n|poke|p1|Darmanitan-Galar, M|\n|poke|p1|Necrozma-Dawn-Wings|\n|poke|p1|Dracovish|\n|poke|p2|Zygarde|\n|poke|p2|Victini|\n|poke|p2|Wobbuffet, M|\n|poke|p2|Forretress, F|\n|poke|p2|Marshadow|\n|poke|p2|Yveltal|\n|teampreview\n|c|\u2606Big round man|Glhf\n|inactive|Battle timer is ON: inactive players will automatically lose when time's up. (requested by mr Deuzp)\n|\n|t:|1700005893\n|start\n|switch|p1a: Darmanitan|Darmanitan-Galar, M, shiny|100\/100\n|switch|p2a: Vector|Victini|100\/100\n|turn|1\n|\n|t:|1700005898\n|move|p1a: Darmanitan|U-turn|p2a: Vector\n|-damage|p2a: Vector|67\/100\n|\n|t:|1700005901\n|switch|p1a: Groudon|Groudon, shiny|100\/100|[from] U-turn\n|detailschange|p1a: Groudon|Groudon-Primal, shiny\n|-primal|p1a: Groudon|Red Orb\n|-weather|DesolateLand|[from] ability: Desolate Land|[of] p1a: Groudon\n|move|p2a: Vector|V-create|p1a: Groudon\n|-resisted|p1a: Groudon\n|-damage|p1a: Groudon|69\/100\n|-unboost|p2a: Vector|spe|1\n|-unboost|p2a: Vector|def|1\n|-unboost|p2a: Vector|spd|1\n|\n|-weather|DesolateLand|[upkeep]\n|upkeep\n|turn|2\n|\n|t:|1700005905\n|switch|p2a: Raw Bacon|Yveltal, shiny|100\/100\n|-ability|p2a: Raw Bacon|Dark Aura\n|move|p1a: Groudon|Swords Dance|p1a: Groudon\n|-boost|p1a: Groudon|atk|2\n|\n|-weather|DesolateLand|[upkeep]\n|upkeep\n|turn|3\n|\n|t:|1700005911\n|-terastallize|p2a: Raw Bacon|Dark\n|move|p2a: Raw Bacon|Sucker Punch|p1a: Groudon\n|-damage|p1a: Groudon|28\/100\n|move|p1a: Groudon|Fire Punch|p2a: Raw Bacon\n|-damage|p2a: Raw Bacon|0 fnt\n|faint|p2a: Raw Bacon\n|\n|-weather|DesolateLand|[upkeep]\n|upkeep\n|\n|t:|1700005916\n|switch|p2a: Mush|Marshadow|100\/100\n|turn|4\n|\n|t:|1700005921\n|move|p2a: Mush|Spectral Thief||[still]\n|-clearpositiveboost|p1a: Groudon|p2a: Mush|move: Spectral Thief\n|-boost|p2a: Mush|atk|2\n|-anim|p2a: Mush|Spectral Thief|p1a: Groudon\n|-damage|p1a: Groudon|0 fnt\n|faint|p1a: Groudon\n|-weather|none\n|\n|upkeep\n|\n|t:|1700005927\n|switch|p1a: Urshifu|Urshifu, M|100\/100\n|turn|5\n|\n|t:|1700005931\n|move|p2a: Mush|Acrobatics|p1a: Urshifu\n|-supereffective|p1a: Urshifu\n|-damage|p1a: Urshifu|0 fnt\n|faint|p1a: Urshifu\n|\n|upkeep\n|j| prince5\n|\n|t:|1700005936\n|switch|p1a: Dracovish|Dracovish, shiny|100\/100\n|turn|6\n|\n|t:|1700005940\n|-terastallize|p1a: Dracovish|Water\n|move|p1a: Dracovish|Fishious Rend|p2a: Mush\n|-enditem|p2a: Mush|Focus Sash\n|-damage|p2a: Mush|1\/100\n|move|p2a: Mush|Close Combat|p1a: Dracovish\n|-damage|p1a: Dracovish|0 fnt\n|-unboost|p2a: Mush|def|1\n|-unboost|p2a: Mush|spd|1\n|faint|p1a: Dracovish\n|\n|upkeep\n|\n|t:|1700005946\n|switch|p1a: Darmanitan|Darmanitan-Galar, M, shiny|100\/100\n|turn|7\n|\n|t:|1700005952\n|move|p2a: Mush|Shadow Sneak|p1a: Darmanitan\n|-damage|p1a: Darmanitan|4\/100\n|move|p1a: Darmanitan|U-turn|p2a: Mush\n|-resisted|p2a: Mush\n|-damage|p2a: Mush|0 fnt\n|faint|p2a: Mush\n|\n|t:|1700005956\n|switch|p1a: Necrozma|Necrozma-Dawn-Wings, shiny|100\/100|[from] U-turn\n|\n|upkeep\n|\n|t:|1700005960\n|switch|p2a: Hamburger|Wobbuffet, M|100\/100\n|turn|8\n|\n|t:|1700005967\n|detailschange|p1a: Necrozma|Necrozma-Ultra, shiny\n|-burst|p1a: Necrozma|Necrozma|Ultranecrozium Z\n|move|p1a: Necrozma|Moongeist Beam|p2a: Hamburger\n|-supereffective|p2a: Hamburger\n|-crit|p2a: Hamburger\n|-damage|p2a: Hamburger|0 fnt\n|faint|p2a: Hamburger\n|\n|upkeep\n|\n|t:|1700005973\n|switch|p2a: GS|Forretress, F, shiny|100\/100\n|turn|9\n|\n|t:|1700005979\n|move|p1a: Necrozma|Earth Power|p2a: GS\n|-damage|p2a: GS|38\/100\n|move|p2a: GS|Stealth Rock|p1a: Necrozma\n|-sidestart|p1: mr Deuzp|move: Stealth Rock\n|\n|-heal|p2a: GS|44\/100|[from] item: Leftovers\n|upkeep\n|turn|10\n|\n|t:|1700005984\n|move|p1a: Necrozma|Earth Power|p2a: GS\n|-damage|p2a: GS|0 fnt\n|faint|p2a: GS\n|\n|upkeep\n|\n|t:|1700005985\n|switch|p2a: Vector|Victini|67\/100\n|turn|11\n|\n|t:|1700005990\n|move|p2a: Vector|Final Gambit|p1a: Necrozma\n|-damage|p1a: Necrozma|33\/100\n|faint|p2a: Vector\n|move|p1a: Necrozma|Earth Power|p2: Vector|[notarget]\n|-fail|p1a: Necrozma\n|\n|upkeep\n|\n|t:|1700005992\n|switch|p2a: Lord Drakkon|Zygarde, shiny|100\/100\n|turn|12\n|\n|t:|1700005998\n|-zpower|p1a: Necrozma\n|move|p1a: Necrozma|Light That Burns the Sky|p2a: Lord Drakkon|[zeffect]\n|-damage|p2a: Lord Drakkon|10\/100\n|move|p2a: Lord Drakkon|Dragon Dance|p2a: Lord Drakkon\n|-boost|p2a: Lord Drakkon|atk|1\n|-boost|p2a: Lord Drakkon|spe|1\n|\n|-activate|p2a: Lord Drakkon|ability: Power Construct\n|detailschange|p2a: Lord Drakkon|Zygarde-Complete, shiny\n|-heal|p2a: Lord Drakkon|41\/100|[silent]\n|upkeep\n|turn|13\n|\n|t:|1700006004\n|move|p2a: Lord Drakkon|Rest|p2a: Lord Drakkon\n|-status|p2a: Lord Drakkon|slp|[from] move: Rest\n|-heal|p2a: Lord Drakkon|100\/100 slp|[silent]\n|-enditem|p2a: Lord Drakkon|Chesto Berry|[eat]\n|-curestatus|p2a: Lord Drakkon|slp|[msg]\n|move|p1a: Necrozma|Dragon Pulse|p2a: Lord Drakkon\n|-supereffective|p2a: Lord Drakkon\n|-crit|p2a: Lord Drakkon\n|-damage|p2a: Lord Drakkon|0 fnt\n|faint|p2a: Lord Drakkon\n|\n|win|mr Deuzp\n|raw|mr Deuzp's rating: 1343 &rarr; <strong>1368<\/strong><br \/>(+25 for winning)\n|raw|Big round man's rating: 1423 &rarr; <strong>1398<\/strong><br \/>(-25 for losing)\n","uploadtime":1700006009,"views":14,"p1id":"mrdeuzp","p2id":"bigroundman","formatid":"gen9nationaldexubers","rating":1368,"private":0,"password":""}