{"id":"gen9nationaldexubers-1993967248","p1":"Trainitar3","p2":"Jarak","format":"[Gen 9] National Dex Ubers","log":"|j|\u2606Trainitar3\n|j|\u2606Jarak\n|t:|1700384683\n|gametype|singles\n|player|p1|Trainitar3|ninjaboy|1044\n|player|p2|Jarak|veteran|1185\n|teamsize|p1|6\n|teamsize|p2|6\n|gen|9\n|tier|[Gen 9] National Dex Ubers\n|rated|\n|rule|HP Percentage Mod: HP is shown in percentages\n|rule|Endless Battle Clause: Forcing endless battles is banned\n|rule|OHKO Clause: OHKO moves are banned\n|rule|Evasion Moves Clause: Evasion moves are banned\n|rule|Evasion Items Clause: Evasion items are banned\n|rule|Species Clause: Limit one of each Pok\u00e9mon\n|rule|Sleep Clause Mod: Limit one foe put to sleep\n|rule|Mega Rayquaza Clause: You cannot mega evolve Rayquaza\n|clearpoke\n|poke|p1|Xerneas-*|\n|poke|p1|Marshadow|\n|poke|p1|Groudon|\n|poke|p1|Deoxys-Speed|\n|poke|p1|Necrozma-Dusk-Mane|\n|poke|p1|Pheromosa|\n|poke|p2|Tyranitar, M|\n|poke|p2|Nidoking, M|\n|poke|p2|Metagross|\n|poke|p2|Gliscor, M|\n|poke|p2|Starmie|\n|poke|p2|Hoopa-Unbound|\n|teampreview\n|inactive|Battle timer is ON: inactive players will automatically lose when time's up. (requested by Trainitar3)\n|\n|t:|1700384687\n|start\n|switch|p1a: Deoxys|Deoxys-Speed, shiny|100\/100\n|switch|p2a: Gliscor|Gliscor, M|100\/100\n|-ability|p1a: Deoxys|Pressure\n|turn|1\n|\n|t:|1700384703\n|move|p1a: Deoxys|Taunt|p2a: Gliscor\n|-start|p2a: Gliscor|move: Taunt\n|cant|p2a: Gliscor|move: Taunt|Toxic\n|\n|-status|p2a: Gliscor|tox|[from] item: Toxic Orb\n|upkeep\n|turn|2\n|\n|t:|1700384712\n|move|p1a: Deoxys|Stealth Rock|p2a: Gliscor\n|-sidestart|p2: Jarak|move: Stealth Rock\n|move|p2a: Gliscor|Earthquake|p1a: Deoxys\n|-damage|p1a: Deoxys|58\/100\n|\n|upkeep\n|turn|3\n|\n|t:|1700384716\n|move|p1a: Deoxys|Spikes|p2a: Gliscor\n|-sidestart|p2: Jarak|Spikes\n|move|p2a: Gliscor|Earthquake|p1a: Deoxys\n|-damage|p1a: Deoxys|15\/100\n|\n|-end|p2a: Gliscor|move: Taunt\n|upkeep\n|turn|4\n|\n|t:|1700384722\n|move|p1a: Deoxys|Taunt|p2a: Gliscor\n|-start|p2a: Gliscor|move: Taunt\n|cant|p2a: Gliscor|move: Taunt|Defog\n|\n|upkeep\n|turn|5\n|\n|t:|1700384725\n|move|p1a: Deoxys|Spikes|p2a: Gliscor\n|-sidestart|p2: Jarak|Spikes\n|move|p2a: Gliscor|Earthquake|p1a: Deoxys\n|-crit|p1a: Deoxys\n|-damage|p1a: Deoxys|0 fnt\n|faint|p1a: Deoxys\n|\n|upkeep\n|\n|t:|1700384737\n|switch|p1a: Pheromosa|Pheromosa, shiny|100\/100\n|turn|6\n|\n|t:|1700384753\n|move|p1a: Pheromosa|Ice Beam|p2a: Gliscor\n|-supereffective|p2a: Gliscor\n|-damage|p2a: Gliscor|0 fnt\n|faint|p2a: Gliscor\n|-ability|p1a: Pheromosa|Beast Boost|boost\n|-boost|p1a: Pheromosa|spe|1\n|-damage|p1a: Pheromosa|91\/100|[from] item: Life Orb\n|\n|upkeep\n|\n|t:|1700384769\n|switch|p2a: Hoopa|Hoopa-Unbound|100\/100\n|-damage|p2a: Hoopa|88\/100|[from] Stealth Rock\n|-damage|p2a: Hoopa|72\/100|[from] Spikes\n|turn|7\n|\n|t:|1700384780\n|move|p1a: Pheromosa|Bug Buzz|p2a: Hoopa\n|-supereffective|p2a: Hoopa\n|-damage|p2a: Hoopa|0 fnt\n|faint|p2a: Hoopa\n|-ability|p1a: Pheromosa|Beast Boost|boost\n|-boost|p1a: Pheromosa|spe|1\n|-damage|p1a: Pheromosa|81\/100|[from] item: Life Orb\n|\n|upkeep\n|inactive|Jarak has 120 seconds left.\n|\n|t:|1700384804\n|switch|p2a: Starmie|Starmie|100\/100\n|-damage|p2a: Starmie|88\/100|[from] Stealth Rock\n|-damage|p2a: Starmie|72\/100|[from] Spikes\n|turn|8\n|\n|t:|1700384807\n|move|p1a: Pheromosa|Bug Buzz|p2a: Starmie\n|-supereffective|p2a: Starmie\n|-damage|p2a: Starmie|0 fnt\n|faint|p2a: Starmie\n|-ability|p1a: Pheromosa|Beast Boost|boost\n|-boost|p1a: Pheromosa|spe|1\n|-damage|p1a: Pheromosa|71\/100|[from] item: Life Orb\n|\n|upkeep\n|\n|t:|1700384812\n|switch|p2a: Metagross|Metagross|100\/100\n|-damage|p2a: Metagross|95\/100|[from] Stealth Rock\n|-damage|p2a: Metagross|78\/100|[from] Spikes\n|turn|9\n|\n|t:|1700384822\n|move|p1a: Pheromosa|Close Combat|p2a: Metagross\n|-damage|p2a: Metagross|5\/100\n|-unboost|p1a: Pheromosa|def|1\n|-unboost|p1a: Pheromosa|spd|1\n|-damage|p1a: Pheromosa|61\/100|[from] item: Life Orb\n|move|p2a: Metagross|Power-Up Punch|p1a: Pheromosa\n|-resisted|p1a: Pheromosa\n|-damage|p1a: Pheromosa|30\/100\n|-boost|p2a: Metagross|atk|1\n|\n|upkeep\n|turn|10\n|\n|t:|1700384828\n|move|p2a: Metagross|Bullet Punch|p1a: Pheromosa\n|-damage|p1a: Pheromosa|0 fnt\n|faint|p1a: Pheromosa\n|\n|upkeep\n|\n|t:|1700384835\n|switch|p1a: Marshadow|Marshadow|100\/100\n|turn|11\n|\n|t:|1700384858\n|move|p1a: Marshadow|Shadow Sneak|p2a: Metagross\n|-supereffective|p2a: Metagross\n|-damage|p2a: Metagross|0 fnt\n|faint|p2a: Metagross\n|\n|upkeep\n|\n|t:|1700384863\n|switch|p2a: Tyranitar|Tyranitar, M, shiny|100\/100\n|-damage|p2a: Tyranitar|88\/100|[from] Stealth Rock\n|-damage|p2a: Tyranitar|72\/100|[from] Spikes\n|-weather|Sandstorm|[from] ability: Sand Stream|[of] p2a: Tyranitar\n|turn|12\n|\n|t:|1700384879\n|detailschange|p2a: Tyranitar|Tyranitar-Mega, M, shiny\n|-mega|p2a: Tyranitar|Tyranitar|Tyranitarite\n|move|p1a: Marshadow|Close Combat|p2a: Tyranitar\n|-supereffective|p2a: Tyranitar\n|-damage|p2a: Tyranitar|0 fnt\n|-unboost|p1a: Marshadow|def|1\n|-unboost|p1a: Marshadow|spd|1\n|faint|p2a: Tyranitar\n|\n|-weather|Sandstorm|[upkeep]\n|-damage|p1a: Marshadow|94\/100|[from] Sandstorm\n|upkeep\n|\n|t:|1700384884\n|switch|p2a: Nidoking|Nidoking, M|100\/100\n|-damage|p2a: Nidoking|95\/100|[from] Stealth Rock\n|-damage|p2a: Nidoking|78\/100|[from] Spikes\n|turn|13\n|\n|t:|1700384892\n|switch|p1a: Necrozma|Necrozma-Dusk-Mane, shiny|100\/100\n|move|p2a: Nidoking|Earth Power|p1a: Necrozma\n|-supereffective|p1a: Necrozma\n|-damage|p1a: Necrozma|32\/100\n|\n|-weather|Sandstorm|[upkeep]\n|upkeep\n|turn|14\n|\n|t:|1700384898\n|detailschange|p1a: Necrozma|Necrozma-Ultra, shiny\n|-burst|p1a: Necrozma|Necrozma|Ultranecrozium Z\n|move|p2a: Nidoking|Earth Power|p1a: Necrozma\n|-damage|p1a: Necrozma|0 fnt\n|faint|p1a: Necrozma\n|\n|-weather|Sandstorm|[upkeep]\n|upkeep\n|\n|t:|1700384911\n|switch|p1a: Xerneas|Xerneas|100\/100\n|-ability|p1a: Xerneas|Fairy Aura\n|turn|15\n|\n|t:|1700384914\n|move|p2a: Nidoking|Earth Power|p1a: Xerneas\n|-damage|p1a: Xerneas|61\/100\n|move|p1a: Xerneas|Geomancy||[still]\n|-prepare|p1a: Xerneas|Geomancy\n|-enditem|p1a: Xerneas|Power Herb\n|-anim|p1a: Xerneas|Geomancy|p1a: Xerneas\n|-boost|p1a: Xerneas|spa|2\n|-boost|p1a: Xerneas|spd|2\n|-boost|p1a: Xerneas|spe|2\n|\n|-weather|Sandstorm|[upkeep]\n|-damage|p1a: Xerneas|55\/100|[from] Sandstorm\n|upkeep\n|turn|16\n|\n|t:|1700384917\n|move|p1a: Xerneas|Psyshock|p2a: Nidoking\n|-supereffective|p2a: Nidoking\n|-damage|p2a: Nidoking|0 fnt\n|faint|p2a: Nidoking\n|\n|win|Trainitar3\n|raw|Trainitar3's rating: 1044 &rarr; <strong>1090<\/strong><br \/>(+46 for winning)\n|raw|Jarak's rating: 1185 &rarr; <strong>1150<\/strong><br \/>(-35 for losing)\n|l|\u2606Jarak\n","uploadtime":1700384920,"views":6,"p1id":"trainitar3","p2id":"jarak","formatid":"gen9nationaldexubers","rating":1090,"private":0,"password":""}