{"id":"gen9nationaldexubers-1998714912","p1":"getsweeped11","p2":"QUITE FIGHTER","format":"[Gen 9] National Dex Ubers","log":"|j|\u2606getsweeped11\n|j|\u2606QUITE FIGHTER\n|t:|1700976741\n|gametype|singles\n|player|p1|getsweeped11|lucas|1236\n|player|p2|QUITE FIGHTER|hilbert|1134\n|teamsize|p1|6\n|teamsize|p2|6\n|gen|9\n|tier|[Gen 9] National Dex Ubers\n|rated|\n|rule|HP Percentage Mod: HP is shown in percentages\n|rule|Endless Battle Clause: Forcing endless battles is banned\n|rule|OHKO Clause: OHKO moves are banned\n|rule|Evasion Moves Clause: Evasion moves are banned\n|rule|Evasion Items Clause: Evasion items are banned\n|rule|Species Clause: Limit one of each Pok\u00e9mon\n|rule|Sleep Clause Mod: Limit one foe put to sleep\n|rule|Mega Rayquaza Clause: You cannot mega evolve Rayquaza\n|clearpoke\n|poke|p1|Enamorus, F|\n|poke|p1|Cobalion|\n|poke|p1|Flapple, M|\n|poke|p1|Pyroar, M|\n|poke|p1|Kricketune, F|\n|poke|p1|Pawmot, M|\n|poke|p2|Landorus-Therian, M|\n|poke|p2|Skarmory, M|\n|poke|p2|Ferrothorn, F|\n|poke|p2|Dracovish|\n|poke|p2|Galvantula, F|\n|poke|p2|Charizard, F|\n|teampreview\n|\n|t:|1700976771\n|start\n|switch|p1a: Kricketune|Kricketune, F|100\/100\n|switch|p2a: Galvantula|Galvantula, F|100\/100\n|turn|1\n|\n|t:|1700976787\n|switch|p1a: Flapple|Flapple, M|100\/100\n|move|p2a: Galvantula|Sticky Web|p1a: Flapple\n|-sidestart|p1: getsweeped11|move: Sticky Web\n|\n|upkeep\n|turn|2\n|\n|t:|1700976795\n|move|p2a: Galvantula|Thunder Wave|p1a: Flapple\n|-status|p1a: Flapple|par\n|move|p1a: Flapple|Dragon Dance|p1a: Flapple\n|-boost|p1a: Flapple|atk|1\n|-boost|p1a: Flapple|spe|1\n|\n|upkeep\n|turn|3\n|\n|t:|1700976804\n|move|p2a: Galvantula|Volt Switch|p1a: Flapple\n|-resisted|p1a: Flapple\n|-damage|p1a: Flapple|88\/100 par\n|\n|t:|1700976808\n|switch|p2a: Skarmory|Skarmory, M|100\/100|[from] Volt Switch\n|move|p1a: Flapple|Dragon Dance|p1a: Flapple\n|-boost|p1a: Flapple|atk|1\n|-boost|p1a: Flapple|spe|1\n|\n|upkeep\n|turn|4\n|\n|t:|1700976816\n|move|p1a: Flapple|Dragon Dance|p1a: Flapple\n|-boost|p1a: Flapple|atk|1\n|-boost|p1a: Flapple|spe|1\n|move|p2a: Skarmory|Whirlwind|p1a: Flapple\n|drag|p1a: Kricketune|Kricketune, F|100\/100\n|-activate|p1a: Kricketune|move: Sticky Web\n|-unboost|p1a: Kricketune|spe|1\n|\n|upkeep\n|turn|5\n|n|!getsweeped11|getsweeped11\n|\n|t:|1700976836\n|move|p2a: Skarmory|Spikes|p1a: Kricketune\n|-sidestart|p1: getsweeped11|Spikes\n|move|p1a: Kricketune|Knock Off|p2a: Skarmory\n|-damage|p2a: Skarmory|75\/100\n|-enditem|p2a: Skarmory|Damp Rock|[from] move: Knock Off|[of] p1a: Kricketune\n|\n|upkeep\n|turn|6\n|\n|t:|1700976848\n|move|p2a: Skarmory|Stealth Rock|p1a: Kricketune\n|-sidestart|p1: getsweeped11|move: Stealth Rock\n|move|p1a: Kricketune|Sticky Web|p2a: Skarmory\n|-sidestart|p2: QUITE FIGHTER|move: Sticky Web\n|\n|upkeep\n|turn|7\n|\n|t:|1700976857\n|move|p2a: Skarmory|Agility|p2a: Skarmory\n|-boost|p2a: Skarmory|spe|2\n|move|p1a: Kricketune|Knock Off|p2a: Skarmory\n|-damage|p2a: Skarmory|58\/100\n|\n|upkeep\n|turn|8\n|\n|t:|1700976867\n|move|p1a: Kricketune|Knock Off|p2a: Skarmory\n|-crit|p2a: Skarmory\n|-damage|p2a: Skarmory|30\/100\n|move|p2a: Skarmory|Whirlwind|p1a: Kricketune\n|drag|p1a: Pyroar|Pyroar, M|100\/100\n|-ability|p1a: Pyroar|Unnerve\n|-activate|p1a: Pyroar|move: Sticky Web\n|-unboost|p1a: Pyroar|spe|1\n|-damage|p1a: Pyroar|88\/100|[from] Spikes\n|-damage|p1a: Pyroar|63\/100|[from] Stealth Rock\n|\n|upkeep\n|turn|9\n|\n|t:|1700976879\n|move|p1a: Pyroar|Fire Blast|p2a: Skarmory\n|-supereffective|p2a: Skarmory\n|-damage|p2a: Skarmory|0 fnt\n|faint|p2a: Skarmory\n|\n|upkeep\n|\n|t:|1700976889\n|switch|p2a: Charizard|Charizard, F|100\/100\n|turn|10\n|inactive|Battle timer is ON: inactive players will automatically lose when time's up. (requested by QUITE FIGHTER)\n|\n|t:|1700976937\n|detailschange|p2a: Charizard|Charizard-Mega-X, F\n|-mega|p2a: Charizard|Charizard|Charizardite X\n|move|p2a: Charizard|Dragon Dance|p2a: Charizard\n|-boost|p2a: Charizard|atk|1\n|-boost|p2a: Charizard|spe|1\n|move|p1a: Pyroar|Hyper Voice|p2a: Charizard\n|-damage|p2a: Charizard|48\/100\n|-enditem|p1a: Pyroar|Throat Spray\n|-boost|p1a: Pyroar|spa|1|[from] item: Throat Spray\n|\n|upkeep\n|turn|11\n|\n|t:|1700976948\n|move|p2a: Charizard|Dragon Claw|p1a: Pyroar\n|-damage|p1a: Pyroar|0 fnt\n|faint|p1a: Pyroar\n|\n|upkeep\n|\n|t:|1700976955\n|switch|p1a: Flapple|Flapple, M|88\/100 par\n|-activate|p1a: Flapple|move: Sticky Web\n|-unboost|p1a: Flapple|spe|1\n|-damage|p1a: Flapple|75\/100 par|[from] Spikes\n|-damage|p1a: Flapple|63\/100 par|[from] Stealth Rock\n|turn|12\n|\n|t:|1700976966\n|move|p2a: Charizard|Dragon Claw|p1a: Flapple\n|-supereffective|p1a: Flapple\n|-damage|p1a: Flapple|0 fnt\n|faint|p1a: Flapple\n|\n|upkeep\n|inactive|getsweeped11 has 120 seconds left.\n|\n|t:|1700977008\n|switch|p1a: Enamorus|Enamorus, F, shiny|100\/100\n|-damage|p1a: Enamorus|76\/100|[from] Stealth Rock\n|turn|13\n|\n|t:|1700977015\n|move|p2a: Charizard|Steel Wing|p1a: Enamorus\n|-supereffective|p1a: Enamorus\n|-damage|p1a: Enamorus|0 fnt\n|faint|p1a: Enamorus\n|\n|upkeep\n|\n|t:|1700977018\n|switch|p1a: Cobalion|Cobalion|100\/100\n|-activate|p1a: Cobalion|move: Sticky Web\n|-unboost|p1a: Cobalion|spe|1\n|-damage|p1a: Cobalion|88\/100|[from] Spikes\n|-damage|p1a: Cobalion|85\/100|[from] Stealth Rock\n|turn|14\n|inactive|getsweeped11 has 120 seconds left.\n|\n|t:|1700977032\n|move|p2a: Charizard|Flame Charge|p1a: Cobalion\n|-supereffective|p1a: Cobalion\n|-damage|p1a: Cobalion|5\/100\n|-boost|p2a: Charizard|spe|1\n|move|p1a: Cobalion|Focus Blast|p2a: Charizard\n|-damage|p2a: Charizard|0 fnt\n|faint|p2a: Charizard\n|\n|upkeep\n|\n|t:|1700977047\n|switch|p2a: Dracovish|Dracovish|100\/100\n|-activate|p2a: Dracovish|move: Sticky Web\n|-unboost|p2a: Dracovish|spe|1\n|turn|15\n|inactive|getsweeped11 has 120 seconds left.\n|\n|t:|1700977064\n|-terastallize|p2a: Dracovish|Electric\n|move|p2a: Dracovish|Fishious Rend|p1a: Cobalion\n|-damage|p1a: Cobalion|0 fnt\n|faint|p1a: Cobalion\n|\n|upkeep\n|inactive|getsweeped11 has 120 seconds left.\n|\n|t:|1700977075\n|switch|p1a: Kricketune|Kricketune, F|100\/100\n|-activate|p1a: Kricketune|move: Sticky Web\n|-unboost|p1a: Kricketune|spe|1\n|-damage|p1a: Kricketune|88\/100|[from] Spikes\n|-damage|p1a: Kricketune|63\/100|[from] Stealth Rock\n|turn|16\n|inactive|getsweeped11 has 120 seconds left.\n|\n|t:|1700977083\n|move|p2a: Dracovish|Fishious Rend|p1a: Kricketune\n|-damage|p1a: Kricketune|0 fnt\n|faint|p1a: Kricketune\n|\n|upkeep\n|\n|t:|1700977085\n|switch|p1a: Pawmot|Pawmot, M|100\/100\n|-damage|p1a: Pawmot|94\/100|[from] Stealth Rock\n|-item|p1a: Pawmot|Air Balloon\n|turn|17\n|\n|t:|1700977092\n|move|p1a: Pawmot|Mach Punch|p2a: Dracovish\n|-damage|p2a: Dracovish|81\/100\n|move|p2a: Dracovish|Fishious Rend|p1a: Pawmot\n|-damage|p1a: Pawmot|11\/100\n|-enditem|p1a: Pawmot|Air Balloon\n|\n|upkeep\n|turn|18\n|inactive|getsweeped11 has 120 seconds left.\n|\n|t:|1700977127\n|-terastallize|p1a: Pawmot|Electric\n|move|p1a: Pawmot|Revival Blessing|p1a: Pawmot\n|\n|t:|1700977139\n|-heal|p1: Cobalion|50\/100|[from] move: Revival Blessing\n|move|p2a: Dracovish|Fishious Rend|p1a: Pawmot\n|-damage|p1a: Pawmot|0 fnt\n|faint|p1a: Pawmot\n|\n|upkeep\n|\n|t:|1700977142\n|switch|p1a: Cobalion|Cobalion|50\/100\n|-activate|p1a: Cobalion|move: Sticky Web\n|-unboost|p1a: Cobalion|spe|1\n|-damage|p1a: Cobalion|38\/100|[from] Spikes\n|-damage|p1a: Cobalion|35\/100|[from] Stealth Rock\n|turn|19\n|\n|t:|1700977153\n|move|p2a: Dracovish|Fishious Rend|p1a: Cobalion\n|-damage|p1a: Cobalion|0 fnt\n|faint|p1a: Cobalion\n|\n|win|QUITE FIGHTER\n|raw|getsweeped11's rating: 1215 &rarr; <strong>1184<\/strong><br \/>(-31 for losing)\n|raw|QUITE FIGHTER's rating: 1134 &rarr; <strong>1165<\/strong><br \/>(+31 for winning)\n","uploadtime":1700976823,"views":2,"p1id":"getsweeped11","p2id":"quitefighter","formatid":"gen9nationaldexubers","rating":1165,"private":0,"password":""}