{"id":"gen9nationaldexubers-1980610549","p1":"simpternational","p2":"weihanfei","format":"[Gen 9] National Dex Ubers","log":"|j|\u2606simpternational\n|j|\u2606weihanfei\n|t:|1698803035\n|gametype|singles\n|player|p1|simpternational|sabrina|1314\n|player|p2|weihanfei|266|1223\n|teamsize|p1|6\n|teamsize|p2|6\n|gen|9\n|tier|[Gen 9] National Dex Ubers\n|rated|\n|rule|HP Percentage Mod: HP is shown in percentages\n|rule|Endless Battle Clause: Forcing endless battles is banned\n|rule|OHKO Clause: OHKO moves are banned\n|rule|Evasion Moves Clause: Evasion moves are banned\n|rule|Evasion Items Clause: Evasion items are banned\n|rule|Species Clause: Limit one of each Pok\u00e9mon\n|rule|Sleep Clause Mod: Limit one foe put to sleep\n|rule|Mega Rayquaza Clause: You cannot mega evolve Rayquaza\n|clearpoke\n|poke|p1|Munkidori, M|\n|poke|p1|Tapu Lele|\n|poke|p1|Medicham, F|\n|poke|p1|Necrozma-Dusk-Mane|\n|poke|p1|Wobbuffet, F|\n|poke|p1|Oricorio-Pa'u, F|\n|poke|p2|Naganadel|\n|poke|p2|Alakazam, F|\n|poke|p2|Blacephalon|\n|poke|p2|Kommo-o, F|\n|poke|p2|Chien-Pao|\n|poke|p2|Stoutland, F|\n|teampreview\n|inactive|Battle timer is ON: inactive players will automatically lose when time's up. (requested by simpternational)\n|\n|t:|1698803060\n|start\n|switch|p1a: Munkidori|Munkidori, M|100\/100\n|switch|p2a: Blacephalon|Blacephalon|100\/100\n|turn|1\n|\n|t:|1698803075\n|move|p2a: Blacephalon|Trick|p1a: Munkidori\n|-activate|p2a: Blacephalon|move: Trick|[of] p1a: Munkidori\n|-item|p1a: Munkidori|Choice Scarf|[from] move: Trick\n|-item|p2a: Blacephalon|Life Orb|[from] move: Trick\n|move|p1a: Munkidori|Shadow Ball|p2a: Blacephalon\n|-supereffective|p2a: Blacephalon\n|-damage|p2a: Blacephalon|6\/100\n|-unboost|p2a: Blacephalon|spd|1\n|\n|upkeep\n|turn|2\n|\n|t:|1698803090\n|move|p1a: Munkidori|Shadow Ball|p2a: Blacephalon\n|-supereffective|p2a: Blacephalon\n|-damage|p2a: Blacephalon|0 fnt\n|faint|p2a: Blacephalon\n|\n|upkeep\n|\n|t:|1698803094\n|switch|p2a: Stoutland|Stoutland, F|100\/100\n|-ability|p2a: Stoutland|Intimidate|boost\n|-unboost|p1a: Munkidori|atk|1\n|turn|3\n|c|\u2606simpternational|sweet!\n|\n|t:|1698803106\n|switch|p1a: Medicham|Medicham, F, shiny|100\/100\n|move|p2a: Stoutland|Crunch|p1a: Medicham\n|-damage|p1a: Medicham|53\/100\n|\n|upkeep\n|turn|4\n|\n|t:|1698803122\n|detailschange|p1a: Medicham|Medicham-Mega, F, shiny\n|-mega|p1a: Medicham|Medicham|Medichamite\n|-terastallize|p2a: Stoutland|Fairy\n|move|p1a: Medicham|Fake Out|p2a: Stoutland\n|-damage|p2a: Stoutland|77\/100\n|cant|p2a: Stoutland|flinch\n|\n|upkeep\n|turn|5\n|\n|t:|1698803134\n|move|p1a: Medicham|Zen Headbutt|p2a: Stoutland\n|-damage|p2a: Stoutland|13\/100\n|move|p2a: Stoutland|Crunch|p1a: Medicham\n|-damage|p1a: Medicham|10\/100\n|\n|upkeep\n|turn|6\n|\n|t:|1698803141\n|move|p1a: Medicham|Trailblaze|p2a: Stoutland\n|-damage|p2a: Stoutland|0 fnt\n|-boost|p1a: Medicham|spe|1\n|faint|p2a: Stoutland\n|\n|upkeep\n|\n|t:|1698803148\n|switch|p2a: Chien-Pao|Chien-Pao|100\/100\n|-ability|p2a: Chien-Pao|Sword of Ruin\n|turn|7\n|\n|t:|1698803151\n|move|p2a: Chien-Pao|Ice Shard|p1a: Medicham\n|-damage|p1a: Medicham|0 fnt\n|faint|p1a: Medicham\n|\n|upkeep\n|\n|t:|1698803158\n|switch|p1a: Necrozma|Necrozma-Dusk-Mane, shiny|100\/100\n|turn|8\n|\n|t:|1698803166\n|switch|p2a: Kommo-o|Kommo-o, F|100\/100\n|move|p1a: Necrozma|Dragon Dance|p1a: Necrozma\n|-boost|p1a: Necrozma|atk|1\n|-boost|p1a: Necrozma|spe|1\n|\n|upkeep\n|turn|9\n|\n|t:|1698803171\n|detailschange|p1a: Necrozma|Necrozma-Ultra, shiny\n|-burst|p1a: Necrozma|Necrozma|Ultranecrozium Z\n|move|p1a: Necrozma|Photon Geyser|p2a: Kommo-o\n|-supereffective|p2a: Kommo-o\n|-damage|p2a: Kommo-o|0 fnt\n|faint|p2a: Kommo-o\n|\n|upkeep\n|\n|t:|1698803187\n|switch|p2a: Alakazam|Alakazam, F|100\/100\n|turn|10\n|inactive|simpternational has 120 seconds left.\n|\n|t:|1698803220\n|detailschange|p2a: Alakazam|Alakazam-Mega, F\n|-mega|p2a: Alakazam|Alakazam|Alakazite\n|-ability|p2a: Alakazam|Neuroforce|[from] ability: Trace|[of] p1a: Necrozma\n|move|p1a: Necrozma|Sunsteel Strike|p2a: Alakazam\n|-damage|p2a: Alakazam|0 fnt\n|faint|p2a: Alakazam\n|\n|upkeep\n|-message|weihanfei forfeited.\n|\n|win|simpternational\n|raw|simpternational's rating: 1314 &rarr; <strong>1329<\/strong><br \/>(+15 for winning)\n|raw|weihanfei's rating: 1223 &rarr; <strong>1204<\/strong><br \/>(-19 for losing)\n|l|\u2606weihanfei\n","uploadtime":1698803236,"views":11,"p1id":"simpternational","p2id":"weihanfei","formatid":"gen9nationaldexubers","rating":1204,"private":0,"password":""}