{"id":"gen9nationaldexubers-1985435634","p1":"Rip_Ryuga","p2":"RetlawDB","format":"[Gen 9] National Dex Ubers","log":"|j|\u2606Rip_Ryuga\n|j|\u2606RetlawDB\n|t:|1699374494\n|gametype|singles\n|player|p1|Rip_Ryuga|riley|1102\n|player|p2|RetlawDB|wattson|1103\n|teamsize|p1|6\n|teamsize|p2|6\n|gen|9\n|tier|[Gen 9] National Dex Ubers\n|rated|\n|rule|HP Percentage Mod: HP is shown in percentages\n|rule|Endless Battle Clause: Forcing endless battles is banned\n|rule|OHKO Clause: OHKO moves are banned\n|rule|Evasion Moves Clause: Evasion moves are banned\n|rule|Evasion Items Clause: Evasion items are banned\n|rule|Species Clause: Limit one of each Pok\u00e9mon\n|rule|Sleep Clause Mod: Limit one foe put to sleep\n|rule|Mega Rayquaza Clause: You cannot mega evolve Rayquaza\n|clearpoke\n|poke|p1|Gallade, M|\n|poke|p1|Rotom-Wash|\n|poke|p1|Chansey, F|\n|poke|p1|Magnezone|\n|poke|p1|Corviknight, M|\n|poke|p1|Baxcalibur, F|\n|poke|p2|Aurorus, F|\n|poke|p2|Sandslash-Alola, M|\n|poke|p2|Slowking, M|\n|poke|p2|Ariados, F|\n|poke|p2|Abomasnow, F|\n|poke|p2|Rotom-Heat|\n|teampreview\n|inactive|Battle timer is ON: inactive players will automatically lose when time's up. (requested by Rip_Ryuga)\n|\n|t:|1699374519\n|start\n|switch|p1a: Magnezone|Magnezone|100\/100\n|switch|p2a: Ari|Ariados, F, shiny|100\/100\n|turn|1\n|\n|t:|1699374526\n|move|p2a: Ari|Sticky Web|p1a: Magnezone\n|-sidestart|p1: Rip_Ryuga|move: Sticky Web\n|move|p1a: Magnezone|Volt Switch|p2a: Ari\n|-enditem|p2a: Ari|Focus Sash\n|-damage|p2a: Ari|1\/100\n|\n|t:|1699374537\n|switch|p1a: Gallade|Gallade, M|100\/100|[from] Volt Switch\n|-activate|p1a: Gallade|move: Sticky Web\n|-unboost|p1a: Gallade|spe|1\n|\n|upkeep\n|turn|2\n|\n|t:|1699374544\n|detailschange|p1a: Gallade|Gallade-Mega, M\n|-mega|p1a: Gallade|Gallade|Galladite\n|move|p1a: Gallade|Shadow Sneak|p2a: Ari\n|-damage|p2a: Ari|0 fnt\n|faint|p2a: Ari\n|\n|upkeep\n|\n|t:|1699374561\n|switch|p2a: Jorgito|Slowking, M, shiny|100\/100\n|turn|3\n|\n|t:|1699374567\n|move|p1a: Gallade|Swords Dance|p1a: Gallade\n|-boost|p1a: Gallade|atk|2\n|move|p2a: Jorgito|Scald|p1a: Gallade\n|-damage|p1a: Gallade|72\/100\n|\n|upkeep\n|turn|4\n|\n|t:|1699374593\n|move|p1a: Gallade|Shadow Sneak|p2a: Jorgito\n|-supereffective|p2a: Jorgito\n|-damage|p2a: Jorgito|28\/100\n|move|p2a: Jorgito|Scald|p1a: Gallade\n|-damage|p1a: Gallade|40\/100\n|\n|upkeep\n|turn|5\n|\n|t:|1699374601\n|move|p1a: Gallade|Shadow Sneak|p2a: Jorgito\n|-supereffective|p2a: Jorgito\n|-damage|p2a: Jorgito|0 fnt\n|faint|p2a: Jorgito\n|\n|upkeep\n|\n|t:|1699374613\n|switch|p2a: Kupa|Sandslash-Alola, M|100\/100\n|turn|6\n|\n|t:|1699374619\n|switch|p1a: Rotom|Rotom-Wash|100\/100\n|move|p2a: Kupa|Icicle Crash|p1a: Rotom\n|-resisted|p1a: Rotom\n|-damage|p1a: Rotom|85\/100\n|\n|-heal|p1a: Rotom|92\/100|[from] item: Leftovers\n|upkeep\n|turn|7\n|\n|t:|1699374626\n|switch|p2a: Aura|Aurorus, F, shiny|100\/100\n|-weather|Snow|[from] ability: Snow Warning|[of] p2a: Aura\n|move|p1a: Rotom|Defog|p2a: Aura\n|-unboost|p2a: Aura|evasion|1\n|-sideend|p1: Rip_Ryuga|Sticky Web|[from] move: Defog|[of] p1a: Rotom\n|\n|-weather|Snow|[upkeep]\n|-heal|p1a: Rotom|98\/100|[from] item: Leftovers\n|upkeep\n|turn|8\n|\n|t:|1699374636\n|move|p1a: Rotom|Defog|p2a: Aura\n|-unboost|p2a: Aura|evasion|1\n|move|p2a: Aura|Freeze-Dry|p1a: Rotom\n|-supereffective|p1a: Rotom\n|-damage|p1a: Rotom|30\/100\n|\n|-weather|Snow|[upkeep]\n|-heal|p1a: Rotom|36\/100|[from] item: Leftovers\n|upkeep\n|turn|9\n|\n|t:|1699374644\n|move|p1a: Rotom|Volt Switch|p2a: Aura\n|-damage|p2a: Aura|81\/100\n|\n|t:|1699374650\n|switch|p1a: Chansey|Chansey, F|100\/100|[from] Volt Switch\n|move|p2a: Aura|Freeze-Dry|p1a: Chansey\n|-damage|p1a: Chansey|89\/100\n|\n|-weather|Snow|[upkeep]\n|upkeep\n|turn|10\n|\n|t:|1699374657\n|move|p2a: Aura|Aurora Veil|p2a: Aura\n|-sidestart|p2: RetlawDB|move: Aurora Veil\n|move|p1a: Chansey|Stealth Rock|p2a: Aura\n|-sidestart|p2: RetlawDB|move: Stealth Rock\n|\n|-weather|Snow|[upkeep]\n|upkeep\n|turn|11\n|\n|t:|1699374662\n|switch|p2a: Pearl|Rotom-Heat, shiny|100\/100\n|move|p1a: Chansey|Seismic Toss|p2a: Pearl\n|-damage|p2a: Pearl|59\/100\n|\n|-weather|none\n|upkeep\n|turn|12\n|\n|t:|1699374669\n|move|p2a: Pearl|Will-O-Wisp|p1a: Chansey\n|-status|p1a: Chansey|brn\n|move|p1a: Chansey|Stealth Rock||[still]\n|-fail|p1a: Chansey\n|\n|-damage|p1a: Chansey|83\/100 brn|[from] brn\n|upkeep\n|turn|13\n|\n|t:|1699374676\n|move|p2a: Pearl|Defog|p1a: Chansey\n|-unboost|p1a: Chansey|evasion|1\n|-sideend|p2: RetlawDB|Stealth Rock|[from] move: Defog|[of] p2a: Pearl\n|move|p1a: Chansey|Seismic Toss|p2a: Pearl\n|-damage|p2a: Pearl|18\/100\n|\n|-damage|p1a: Chansey|77\/100 brn|[from] brn\n|upkeep\n|turn|14\n|\n|t:|1699374684\n|move|p2a: Pearl|Volt Switch|p1a: Chansey\n|-damage|p1a: Chansey|66\/100 brn\n|\n|t:|1699374689\n|switch|p2a: Aura|Aurorus, F, shiny|81\/100|[from] Volt Switch\n|-weather|Snow|[from] ability: Snow Warning|[of] p2a: Aura\n|move|p1a: Chansey|Stealth Rock|p2a: Aura\n|-sidestart|p2: RetlawDB|move: Stealth Rock\n|\n|-weather|Snow|[upkeep]\n|-damage|p1a: Chansey|60\/100 brn|[from] brn\n|upkeep\n|turn|15\n|\n|t:|1699374698\n|move|p2a: Aura|Blizzard|p1a: Chansey\n|-damage|p1a: Chansey|43\/100 brn\n|move|p1a: Chansey|Heal Bell|p1a: Chansey\n|-activate|p1a: Chansey|move: Heal Bell\n|-curestatus|p1a: Chansey|brn|[msg]\n|\n|-weather|Snow|[upkeep]\n|upkeep\n|turn|16\n|\n|t:|1699374705\n|move|p2a: Aura|Blizzard|p1a: Chansey\n|-damage|p1a: Chansey|27\/100\n|move|p1a: Chansey|Soft-Boiled|p1a: Chansey\n|-heal|p1a: Chansey|77\/100\n|\n|-weather|Snow|[upkeep]\n|upkeep\n|turn|17\n|\n|t:|1699374718\n|switch|p2a: Kupa|Sandslash-Alola, M|100\/100\n|-damage|p2a: Kupa|88\/100|[from] Stealth Rock\n|move|p1a: Chansey|Seismic Toss|p2a: Kupa\n|-damage|p2a: Kupa|54\/100\n|\n|-weather|Snow|[upkeep]\n|-sideend|p2: RetlawDB|move: Aurora Veil\n|upkeep\n|turn|18\n|\n|t:|1699374733\n|switch|p1a: Rotom|Rotom-Wash|36\/100\n|move|p2a: Kupa|Swords Dance|p2a: Kupa\n|-boost|p2a: Kupa|atk|2\n|\n|-weather|none\n|-heal|p1a: Rotom|43\/100|[from] item: Leftovers\n|upkeep\n|turn|19\n|\n|t:|1699374740\n|move|p2a: Kupa|Icicle Crash|p1a: Rotom|[miss]\n|-miss|p2a: Kupa|p1a: Rotom\n|move|p1a: Rotom|Will-O-Wisp|p2a: Kupa|[miss]\n|-miss|p1a: Rotom|p2a: Kupa\n|\n|-heal|p1a: Rotom|49\/100|[from] item: Leftovers\n|upkeep\n|turn|20\n|c|\u2606Rip_Ryuga|rip\n|\n|t:|1699374747\n|move|p2a: Kupa|Icicle Crash|p1a: Rotom\n|-resisted|p1a: Rotom\n|-damage|p1a: Rotom|20\/100\n|cant|p1a: Rotom|flinch\n|\n|-heal|p1a: Rotom|26\/100|[from] item: Leftovers\n|upkeep\n|turn|21\n|c|\u2606Rip_Ryuga|bruh\n|\n|t:|1699374755\n|move|p2a: Kupa|Icicle Crash|p1a: Rotom\n|-resisted|p1a: Rotom\n|-damage|p1a: Rotom|0 fnt\n|faint|p1a: Rotom\n|\n|upkeep\n|\n|t:|1699374760\n|switch|p1a: Gallade|Gallade-Mega, M|40\/100\n|turn|22\n|\n|t:|1699374763\n|move|p2a: Kupa|Ice Shard|p1a: Gallade\n|-damage|p1a: Gallade|0 fnt\n|faint|p1a: Gallade\n|\n|upkeep\n|\n|t:|1699374769\n|switch|p1a: Corviknight|Corviknight, M|100\/100\n|-ability|p1a: Corviknight|Pressure\n|turn|23\n|\n|t:|1699374774\n|move|p2a: Kupa|Icicle Crash|p1a: Corviknight\n|-damage|p1a: Corviknight|55\/100\n|move|p1a: Corviknight|Iron Defense|p1a: Corviknight\n|-boost|p1a: Corviknight|def|2\n|\n|upkeep\n|turn|24\n|\n|t:|1699374780\n|move|p2a: Kupa|Icicle Crash|p1a: Corviknight\n|-damage|p1a: Corviknight|33\/100\n|move|p1a: Corviknight|Body Press|p2a: Kupa\n|-supereffective|p2a: Kupa\n|-damage|p2a: Kupa|0 fnt\n|faint|p2a: Kupa\n|\n|upkeep\n|\n|t:|1699374783\n|switch|p2a: Aura|Aurorus, F, shiny|81\/100\n|-damage|p2a: Aura|56\/100|[from] Stealth Rock\n|-weather|Snow|[from] ability: Snow Warning|[of] p2a: Aura\n|turn|25\n|\n|t:|1699374792\n|-terastallize|p2a: Aura|Ghost\n|move|p1a: Corviknight|Body Press|p2a: Aura\n|-immune|p2a: Aura\n|move|p2a: Aura|Aurora Veil|p2a: Aura\n|-sidestart|p2: RetlawDB|move: Aurora Veil\n|\n|-weather|Snow|[upkeep]\n|upkeep\n|turn|26\n|c|\u2606Rip_Ryuga|ew man\n|c|\u2606Rip_Ryuga|so gay\n|\n|t:|1699374800\n|move|p1a: Corviknight|U-turn|p2a: Aura\n|-resisted|p2a: Aura\n|-damage|p2a: Aura|53\/100\n|c|\u2606RetlawDB|your mom bachina\n|\n|t:|1699374805\n|switch|p1a: Chansey|Chansey, F|77\/100|[from] U-turn\n|move|p2a: Aura|Blizzard|p1a: Chansey\n|-damage|p1a: Chansey|62\/100\n|\n|-weather|Snow|[upkeep]\n|upkeep\n|turn|27\n|c|\u2606Rip_Ryuga|ur gona lose this match u dickhead\n|\n|t:|1699374817\n|move|p2a: Aura|Blizzard|p1a: Chansey\n|-damage|p1a: Chansey|47\/100\n|move|p1a: Chansey|Stealth Rock||[still]\n|-fail|p1a: Chansey\n|\n|-weather|Snow|[upkeep]\n|upkeep\n|turn|28\n|\n|t:|1699374824\n|switch|p1a: Magnezone|Magnezone|100\/100\n|move|p2a: Aura|Blizzard|p1a: Magnezone\n|-resisted|p1a: Magnezone\n|-damage|p1a: Magnezone|68\/100\n|\n|-weather|Snow|[upkeep]\n|upkeep\n|turn|29\n|c|\u2606Rip_Ryuga|ur mum is a hoe\n|n|\u203dRip_Ryuga|ripryuga\n|c|&|\/log Rip_Ryuga was locked from talking by Artemis. (\u2606Rip_Ryuga: ur mum is a hoe)\n|c|&|\/raw <small>This action was done automatically. Want to learn more about the AI? <a href=\"https:\/\/www.smogon.com\/forums\/threads\/3570628\/#post-9056769\">Visit the information thread<\/a>.<\/small>\n|c|\u2606RetlawDB|lol\n|inactive|Rip_Ryuga has 120 seconds left.\n|inactive|Rip_Ryuga has 90 seconds left.\n|inactive|Rip_Ryuga has 60 seconds left.\n|inactive|Rip_Ryuga has 30 seconds left.\n|\n|t:|1699374945\n|move|p1a: Magnezone|Volt Switch|p2a: Aura\n|-damage|p2a: Aura|28\/100\n|inactive|Rip_Ryuga has 30 seconds left.\n|\n|t:|1699374951\n|switch|p1a: Corviknight|Corviknight, M|33\/100|[from] Volt Switch\n|-ability|p1a: Corviknight|Pressure\n|move|p2a: Aura|Earth Power|p1a: Corviknight\n|-immune|p1a: Corviknight\n|\n|-weather|none\n|upkeep\n|turn|30\n|inactiveoff|Battle timer is now OFF.\n|\n|t:|1699374960\n|move|p1a: Corviknight|Roost|p1a: Corviknight\n|-heal|p1a: Corviknight|83\/100\n|-singleturn|p1a: Corviknight|move: Roost\n|move|p2a: Aura|Blizzard|p1a: Corviknight|[miss]\n|-miss|p2a: Aura|p1a: Corviknight\n|\n|upkeep\n|turn|31\n|\n|t:|1699374970\n|switch|p2a: Pearl|Rotom-Heat, shiny|18\/100\n|move|p1a: Corviknight|U-turn|p2a: Pearl\n|-resisted|p2a: Pearl\n|-damage|p2a: Pearl|13\/100\n|\n|t:|1699374975\n|switch|p1a: Baxcalibur|Baxcalibur, F|100\/100|[from] U-turn\n|\n|upkeep\n|turn|32\n|\n|t:|1699374983\n|move|p1a: Baxcalibur|Dragon Dance|p1a: Baxcalibur\n|-boost|p1a: Baxcalibur|atk|1\n|-boost|p1a: Baxcalibur|spe|1\n|move|p2a: Pearl|Defog|p1a: Baxcalibur\n|-unboost|p1a: Baxcalibur|evasion|1\n|-sideend|p2: RetlawDB|Stealth Rock|[from] move: Defog|[of] p2a: Pearl\n|\n|-sideend|p2: RetlawDB|move: Aurora Veil\n|upkeep\n|turn|33\n|\n|t:|1699374989\n|move|p1a: Baxcalibur|Dragon Dance|p1a: Baxcalibur\n|-boost|p1a: Baxcalibur|atk|1\n|-boost|p1a: Baxcalibur|spe|1\n|move|p2a: Pearl|Volt Switch|p1a: Baxcalibur\n|-resisted|p1a: Baxcalibur\n|-damage|p1a: Baxcalibur|83\/100\n|\n|t:|1699374993\n|switch|p2a: Abela|Abomasnow, F, shiny|100\/100|[from] Volt Switch\n|\n|upkeep\n|turn|34\n|\n|t:|1699374998\n|detailschange|p2a: Abela|Abomasnow-Mega, F, shiny\n|-mega|p2a: Abela|Abomasnow|Abomasite\n|-weather|Snow|[from] ability: Snow Warning|[of] p2a: Abela\n|move|p1a: Baxcalibur|Glaive Rush|p2a: Abela\n|-damage|p2a: Abela|19\/100\n|-singlemove|p1a: Baxcalibur|Glaive Rush|[silent]\n|move|p2a: Abela|Focus Blast|p1a: Baxcalibur\n|-supereffective|p1a: Baxcalibur\n|-damage|p1a: Baxcalibur|0 fnt\n|faint|p1a: Baxcalibur\n|\n|-weather|Snow|[upkeep]\n|upkeep\n|\n|t:|1699375009\n|switch|p1a: Magnezone|Magnezone|68\/100\n|turn|35\n|inactive|Battle timer is ON: inactive players will automatically lose when time's up. (requested by Rip_Ryuga)\n|\n|t:|1699375039\n|move|p1a: Magnezone|Volt Switch|p2a: Abela\n|-resisted|p2a: Abela\n|-damage|p2a: Abela|0 fnt\n|faint|p2a: Abela\n|\n|t:|1699375059\n|switch|p1a: Chansey|Chansey, F|47\/100|[from] Volt Switch\n|\n|-weather|Snow|[upkeep]\n|upkeep\n|inactive|RetlawDB has 120 seconds left.\n|inactive|RetlawDB has 90 seconds left.\n|\n|t:|1699375130\n|switch|p2a: Pearl|Rotom-Heat, shiny|13\/100\n|turn|36\n|inactive|Rip_Ryuga has 30 seconds left.\n|inactive|Rip_Ryuga has 20 seconds left.\n|inactive|Rip_Ryuga has 15 seconds left.\n|inactive|Rip_Ryuga has 10 seconds left.\n|inactive|Rip_Ryuga has 5 seconds left.\n|-message|Rip_Ryuga lost due to inactivity.\n|\n|win|RetlawDB\n|raw|Rip_Ryuga's rating: 1102 &rarr; <strong>1077<\/strong><br \/>(-25 for losing)\n|raw|RetlawDB's rating: 1103 &rarr; <strong>1128<\/strong><br \/>(+25 for winning)\n","uploadtime":1699374836,"views":6,"p1id":"ripryuga","p2id":"retlawdb","formatid":"gen9nationaldexubers","rating":1077,"private":0,"password":""}