{"id":"gen9nationaldexubers-1985269798","p1":"Incredible Gassy","p2":"dhkfx","format":"[Gen 9] National Dex Ubers","log":"|j|\u2606Incredible Gassy\n|j|\u2606dhkfx\n|t:|1699358047\n|gametype|singles\n|player|p1|Incredible Gassy|kieran|1671\n|player|p2|dhkfx|n|1641\n|teamsize|p1|6\n|teamsize|p2|6\n|gen|9\n|tier|[Gen 9] National Dex Ubers\n|rated|\n|rule|HP Percentage Mod: HP is shown in percentages\n|rule|Endless Battle Clause: Forcing endless battles is banned\n|rule|OHKO Clause: OHKO moves are banned\n|rule|Evasion Moves Clause: Evasion moves are banned\n|rule|Evasion Items Clause: Evasion items are banned\n|rule|Species Clause: Limit one of each Pok\u00e9mon\n|rule|Sleep Clause Mod: Limit one foe put to sleep\n|rule|Mega Rayquaza Clause: You cannot mega evolve Rayquaza\n|clearpoke\n|poke|p1|Rayquaza|\n|poke|p1|Hatterene, F|\n|poke|p1|Melmetal|\n|poke|p1|Kyogre|\n|poke|p1|Calyrex-Ice|\n|poke|p1|Arceus|\n|poke|p2|Glimmora, F|\n|poke|p2|Giratina-Origin|\n|poke|p2|Xerneas-*|\n|poke|p2|Arceus-Dark|\n|poke|p2|Groudon|\n|poke|p2|Necrozma-Dusk-Mane|\n|teampreview\n|inactive|Battle timer is ON: inactive players will automatically lose when time's up. (requested by Incredible Gassy)\n|\n|t:|1699358058\n|start\n|switch|p1a: Emerald|Rayquaza|100\/100\n|switch|p2a: Necrozma|Necrozma-Dusk-Mane|100\/100\n|-ability|p1a: Emerald|Air Lock\n|turn|1\n|\n|t:|1699358077\n|move|p2a: Necrozma|Sunsteel Strike|p1a: Emerald\n|-damage|p1a: Emerald|37\/100\n|move|p1a: Emerald|V-create|p2a: Necrozma\n|-supereffective|p2a: Necrozma\n|-damage|p2a: Necrozma|0 fnt\n|-unboost|p1a: Emerald|spe|1\n|-unboost|p1a: Emerald|def|1\n|-unboost|p1a: Emerald|spd|1\n|faint|p2a: Necrozma\n|-damage|p1a: Emerald|28\/100|[from] item: Life Orb\n|\n|upkeep\n|inactive|dhkfx has 120 seconds left.\n|\n|t:|1699358098\n|switch|p2a: Giratina|Giratina-Origin|100\/100\n|turn|2\n|\n|t:|1699358102\n|switch|p1a: The Biggest One|Arceus|100\/100\n|move|p2a: Giratina|Shadow Sneak|p1a: The Biggest One\n|-immune|p1a: The Biggest One\n|\n|upkeep\n|turn|3\n|\n|t:|1699358110\n|move|p2a: Giratina|Will-O-Wisp|p1a: The Biggest One\n|-status|p1a: The Biggest One|brn\n|move|p1a: The Biggest One|Trick Room|p1a: The Biggest One\n|-fieldstart|move: Trick Room|[of] p1a: The Biggest One\n|\n|-damage|p1a: The Biggest One|94\/100 brn|[from] brn\n|upkeep\n|turn|4\n|\n|t:|1699358116\n|switch|p2a: Glimmora|Glimmora, F|100\/100\n|switch|p1a: Femme Metale|Melmetal, shiny|100\/100\n|\n|upkeep\n|turn|5\n|\n|t:|1699358123\n|switch|p1a: Drumstick|Hatterene, F|100\/100\n|move|p2a: Glimmora|Power Gem|p1a: Drumstick\n|-damage|p1a: Drumstick|50\/100\n|\n|upkeep\n|turn|6\n|\n|t:|1699358130\n|move|p1a: Drumstick|Psychic|p2a: Glimmora\n|-supereffective|p2a: Glimmora\n|-enditem|p2a: Glimmora|Focus Sash\n|-damage|p2a: Glimmora|1\/100\n|move|p2a: Glimmora|Power Gem|p1a: Drumstick\n|-damage|p1a: Drumstick|6\/100\n|\n|upkeep\n|turn|7\n|\n|t:|1699358135\n|switch|p2a: Arceus|Arceus-Dark|100\/100\n|move|p1a: Drumstick|Misty Explosion|p2a: Arceus\n|-supereffective|p2a: Arceus\n|-damage|p2a: Arceus|12\/100\n|faint|p1a: Drumstick\n|\n|-fieldend|move: Trick Room\n|upkeep\n|\n|t:|1699358141\n|switch|p1a: Emerald|Rayquaza|28\/100\n|-ability|p1a: Emerald|Air Lock\n|turn|8\n|\n|t:|1699358145\n|switch|p2a: Glimmora|Glimmora, F|1\/100\n|move|p1a: Emerald|Extreme Speed|p2a: Glimmora\n|-resisted|p2a: Glimmora\n|-damage|p2a: Glimmora|0 fnt\n|-activate|p2a: Glimmora|ability: Toxic Debris\n|-sidestart|p1: Incredible Gassy|move: Toxic Spikes\n|faint|p2a: Glimmora\n|-damage|p1a: Emerald|18\/100|[from] item: Life Orb\n|\n|upkeep\n|\n|t:|1699358152\n|switch|p2a: Giratina|Giratina-Origin|100\/100\n|turn|9\n|\n|t:|1699358161\n|move|p2a: Giratina|Draco Meteor|p1a: Emerald|[miss]\n|-miss|p2a: Giratina|p1a: Emerald\n|move|p1a: Emerald|Dragon Ascent|p2a: Giratina\n|-damage|p2a: Giratina|49\/100\n|-unboost|p1a: Emerald|def|1\n|-unboost|p1a: Emerald|spd|1\n|-damage|p1a: Emerald|8\/100|[from] item: Life Orb\n|\n|upkeep\n|turn|10\n|\n|t:|1699358166\n|move|p2a: Giratina|Shadow Sneak|p1a: Emerald\n|-damage|p1a: Emerald|0 fnt\n|faint|p1a: Emerald\n|\n|upkeep\n|\n|t:|1699358170\n|switch|p1a: The Biggest One|Arceus|94\/100 brn\n|turn|11\n|\n|t:|1699358176\n|move|p2a: Giratina|Draco Meteor|p1a: The Biggest One\n|-damage|p1a: The Biggest One|57\/100 brn\n|-unboost|p2a: Giratina|spa|2\n|move|p1a: The Biggest One|Trick Room|p1a: The Biggest One\n|-fieldstart|move: Trick Room|[of] p1a: The Biggest One\n|\n|-damage|p1a: The Biggest One|50\/100 brn|[from] brn\n|upkeep\n|turn|12\n|\n|t:|1699358182\n|move|p1a: The Biggest One|Healing Wish|p1a: The Biggest One\n|faint|p1a: The Biggest One\n|move|p2a: Giratina|Roar|p1: The Biggest One|[notarget]\n|-fail|p2a: Giratina\n|\n|upkeep\n|\n|t:|1699358184\n|switch|p1a: Freezie|Calyrex-Ice|100\/100\n|-ability|p1a: Freezie|As One\n|-ability|p1a: Freezie|Unnerve\n|-status|p1a: Freezie|psn\n|turn|13\n|inactive|dhkfx has 120 seconds left.\n|\n|t:|1699358224\n|switch|p2a: Xerneas|Xerneas, shiny|100\/100\n|-ability|p2a: Xerneas|Fairy Aura\n|move|p1a: Freezie|Glacial Lance|p2a: Xerneas\n|-damage|p2a: Xerneas|21\/100\n|\n|-damage|p1a: Freezie|88\/100 psn|[from] psn\n|upkeep\n|turn|14\n|inactive|dhkfx has 120 seconds left.\n|\n|t:|1699358231\n|move|p1a: Freezie|Glacial Lance|p2a: Xerneas\n|-damage|p2a: Xerneas|0 fnt\n|faint|p2a: Xerneas\n|-ability|p1a: Freezie|Chilling Neigh|boost\n|-boost|p1a: Freezie|atk|1\n|\n|-damage|p1a: Freezie|76\/100 psn|[from] psn\n|upkeep\n|inactive|dhkfx has 120 seconds left.\n|\n|t:|1699358239\n|switch|p2a: Giratina|Giratina-Origin|49\/100\n|turn|15\n|\n|t:|1699358248\n|move|p2a: Giratina|Shadow Sneak|p1a: Freezie\n|-supereffective|p1a: Freezie\n|-damage|p1a: Freezie|52\/100 psn\n|move|p1a: Freezie|Glacial Lance|p2a: Giratina\n|-supereffective|p2a: Giratina\n|-damage|p2a: Giratina|0 fnt\n|faint|p2a: Giratina\n|-ability|p1a: Freezie|Chilling Neigh|boost\n|-boost|p1a: Freezie|atk|1\n|\n|-damage|p1a: Freezie|39\/100 psn|[from] psn\n|-fieldend|move: Trick Room\n|upkeep\n|\n|t:|1699358253\n|switch|p2a: Arceus|Arceus-Dark|12\/100\n|turn|16\n|\n|t:|1699358256\n|move|p2a: Arceus|Judgment|p1a: Freezie\n|-supereffective|p1a: Freezie\n|-damage|p1a: Freezie|0 fnt\n|faint|p1a: Freezie\n|\n|upkeep\n|\n|t:|1699358259\n|switch|p1a: Femme Metale|Melmetal, shiny|100\/100\n|turn|17\n|\n|t:|1699358262\n|move|p2a: Arceus|Judgment|p1a: Femme Metale\n|-damage|p1a: Femme Metale|31\/100\n|move|p1a: Femme Metale|Earthquake|p2a: Arceus\n|-damage|p2a: Arceus|0 fnt\n|faint|p2a: Arceus\n|\n|upkeep\n|\n|t:|1699358265\n|switch|p2a: Groudon|Groudon|100\/100\n|detailschange|p2a: Groudon|Groudon-Primal\n|-primal|p2a: Groudon|Red Orb\n|-weather|DesolateLand|[from] ability: Desolate Land|[of] p2a: Groudon\n|turn|18\n|\n|t:|1699358272\n|move|p2a: Groudon|Heat Crash|p1a: Femme Metale\n|-supereffective|p1a: Femme Metale\n|-damage|p1a: Femme Metale|0 fnt\n|faint|p1a: Femme Metale\n|\n|-weather|DesolateLand|[upkeep]\n|upkeep\n|\n|t:|1699358273\n|switch|p1a: Big Blue|Kyogre|100\/100\n|-status|p1a: Big Blue|psn\n|detailschange|p1a: Big Blue|Kyogre-Primal\n|-primal|p1a: Big Blue|Blue Orb\n|-weather|PrimordialSea|[from] ability: Primordial Sea|[of] p1a: Big Blue\n|turn|19\n|c|\u2606Incredible Gassy|gg\n|\n|t:|1699358277\n|move|p2a: Groudon|Precipice Blades|p1a: Big Blue\n|-damage|p1a: Big Blue|20\/100 psn\n|move|p1a: Big Blue|Surf|p2a: Groudon\n|-supereffective|p2a: Groudon\n|-damage|p2a: Groudon|0 fnt\n|faint|p2a: Groudon\n|\n|win|Incredible Gassy\n|raw|Incredible Gassy's rating: 1671 &rarr; <strong>1689<\/strong><br \/>(+18 for winning)\n|raw|dhkfx's rating: 1641 &rarr; <strong>1623<\/strong><br \/>(-18 for losing)\n|l|\u2606dhkfx\n","uploadtime":1699358339,"views":7,"p1id":"incrediblegassy","p2id":"dhkfx","formatid":"gen9nationaldexubers","rating":1623,"private":0,"password":""}