{"id":"gen9nationaldexubers-1986360477","p1":"BeigeMemory","p2":"babbona","format":"[Gen 9] National Dex Ubers","log":"|j|\u2606BeigeMemory\n|j|\u2606babbona\n|t:|1699472295\n|gametype|singles\n|player|p1|BeigeMemory|flannery|1259\n|player|p2|babbona|ghetsis-gen5bw|1398\n|teamsize|p1|6\n|teamsize|p2|6\n|gen|9\n|tier|[Gen 9] National Dex Ubers\n|rated|\n|rule|HP Percentage Mod: HP is shown in percentages\n|rule|Endless Battle Clause: Forcing endless battles is banned\n|rule|OHKO Clause: OHKO moves are banned\n|rule|Evasion Moves Clause: Evasion moves are banned\n|rule|Evasion Items Clause: Evasion items are banned\n|rule|Species Clause: Limit one of each Pok\u00e9mon\n|rule|Sleep Clause Mod: Limit one foe put to sleep\n|rule|Mega Rayquaza Clause: You cannot mega evolve Rayquaza\n|clearpoke\n|poke|p1|Galvantula, M|\n|poke|p1|Spectrier|\n|poke|p1|Rayquaza|\n|poke|p1|Mawile, F|\n|poke|p1|Corviknight, F|\n|poke|p1|Blissey, F|\n|poke|p2|Zygarde|\n|poke|p2|Marshadow|\n|poke|p2|Mewtwo|\n|poke|p2|Necrozma-Dusk-Mane|\n|poke|p2|Solgaleo|\n|poke|p2|Shuckle, F|\n|teampreview\n|\n|t:|1699472301\n|start\n|switch|p1a: Galvantula|Galvantula, M|100\/100\n|switch|p2a: Dustin The Turkey|Shuckle, F|100\/100\n|turn|1\n|\n|t:|1699472305\n|move|p1a: Galvantula|Thunder Wave|p2a: Dustin The Turkey\n|-status|p2a: Dustin The Turkey|par\n|move|p2a: Dustin The Turkey|Stealth Rock|p1a: Galvantula\n|-sidestart|p1: BeigeMemory|move: Stealth Rock\n|\n|upkeep\n|turn|2\n|\n|t:|1699472313\n|move|p1a: Galvantula|Sticky Web|p2a: Dustin The Turkey\n|-sidestart|p2: babbona|move: Sticky Web\n|move|p2a: Dustin The Turkey|Sticky Web|p1a: Galvantula\n|-sidestart|p1: BeigeMemory|move: Sticky Web\n|\n|upkeep\n|turn|3\n|\n|t:|1699472315\n|move|p1a: Galvantula|Swagger|p2a: Dustin The Turkey\n|-boost|p2a: Dustin The Turkey|atk|2\n|-start|p2a: Dustin The Turkey|confusion\n|-activate|p2a: Dustin The Turkey|confusion\n|-damage|p2a: Dustin The Turkey|99\/100 par|[from] confusion\n|\n|upkeep\n|turn|4\n|\n|t:|1699472325\n|switch|p1a: Corviknight|Corviknight, F|100\/100\n|-damage|p1a: Corviknight|88\/100|[from] Stealth Rock\n|-activate|p2a: Dustin The Turkey|confusion\n|cant|p2a: Dustin The Turkey|par\n|\n|upkeep\n|turn|5\n|\n|t:|1699472332\n|switch|p2a: Loreen|Zygarde, shiny|100\/100\n|-activate|p2a: Loreen|move: Sticky Web\n|-unboost|p2a: Loreen|spe|1\n|move|p1a: Corviknight|Defog|p2a: Loreen\n|-unboost|p2a: Loreen|evasion|1\n|-sideend|p2: babbona|Sticky Web|[from] move: Defog|[of] p1a: Corviknight\n|-sideend|p1: BeigeMemory|Stealth Rock|[from] move: Defog|[of] p1a: Corviknight\n|-sideend|p1: BeigeMemory|Sticky Web|[from] move: Defog|[of] p1a: Corviknight\n|\n|upkeep\n|turn|6\n|\n|t:|1699472336\n|switch|p2a: Dustin The Turkey|Shuckle, F|99\/100 par\n|move|p1a: Corviknight|U-turn|p2a: Dustin The Turkey\n|-damage|p2a: Dustin The Turkey|90\/100 par\n|-enditem|p2a: Dustin The Turkey|Red Card|[of] p1a: Corviknight\n|drag|p1a: Mawile|Mawile, F|100\/100\n|-ability|p1a: Mawile|Intimidate|boost\n|-unboost|p2a: Dustin The Turkey|atk|1\n|\n|upkeep\n|turn|7\n|\n|t:|1699472347\n|detailschange|p1a: Mawile|Mawile-Mega, F\n|-mega|p1a: Mawile|Mawile|Mawilite\n|move|p1a: Mawile|Iron Head|p2a: Dustin The Turkey\n|-supereffective|p2a: Dustin The Turkey\n|-damage|p2a: Dustin The Turkey|0 fnt\n|faint|p2a: Dustin The Turkey\n|\n|upkeep\n|\n|t:|1699472358\n|switch|p2a: K\u00e4\u00e4rij\u00e4|Marshadow|100\/100\n|turn|8\n|\n|t:|1699472364\n|move|p2a: K\u00e4\u00e4rij\u00e4|Swagger|p1a: Mawile\n|-boost|p1a: Mawile|atk|2\n|-start|p1a: Mawile|confusion\n|-activate|p1a: Mawile|confusion\n|move|p1a: Mawile|Play Rough|p2a: K\u00e4\u00e4rij\u00e4\n|-supereffective|p2a: K\u00e4\u00e4rij\u00e4\n|-enditem|p2a: K\u00e4\u00e4rij\u00e4|Focus Sash\n|-damage|p2a: K\u00e4\u00e4rij\u00e4|1\/100\n|\n|upkeep\n|turn|9\n|\n|t:|1699472371\n|switch|p1a: Blissey|Blissey, F|100\/100\n|move|p2a: K\u00e4\u00e4rij\u00e4|Spectral Thief|p1a: Blissey\n|-immune|p1a: Blissey\n|\n|upkeep\n|turn|10\n|\n|t:|1699472379\n|switch|p1a: Spectrier|Spectrier|100\/100\n|move|p2a: K\u00e4\u00e4rij\u00e4|Drain Punch|p1a: Spectrier\n|-immune|p1a: Spectrier\n|\n|upkeep\n|turn|11\n|\n|t:|1699472384\n|move|p2a: K\u00e4\u00e4rij\u00e4|Shadow Sneak|p1a: Spectrier\n|-supereffective|p1a: Spectrier\n|-damage|p1a: Spectrier|12\/100\n|move|p1a: Spectrier|Shadow Ball|p2a: K\u00e4\u00e4rij\u00e4\n|-supereffective|p2a: K\u00e4\u00e4rij\u00e4\n|-damage|p2a: K\u00e4\u00e4rij\u00e4|0 fnt\n|faint|p2a: K\u00e4\u00e4rij\u00e4\n|-ability|p1a: Spectrier|Grim Neigh|boost\n|-boost|p1a: Spectrier|spa|1\n|\n|upkeep\n|\n|t:|1699472391\n|switch|p2a: Loreen|Zygarde, shiny|100\/100\n|turn|12\n|\n|t:|1699472394\n|-terastallize|p1a: Spectrier|Ghost\n|-terastallize|p2a: Loreen|Normal\n|move|p1a: Spectrier|Shadow Ball|p2a: Loreen\n|-immune|p2a: Loreen\n|move|p2a: Loreen|Dragon Dance|p2a: Loreen\n|-boost|p2a: Loreen|atk|1\n|-boost|p2a: Loreen|spe|1\n|\n|upkeep\n|turn|13\n|\n|t:|1699472401\n|switch|p1a: Galvantula|Galvantula, M|100\/100\n|move|p2a: Loreen|Thousand Arrows|p1a: Galvantula\n|-enditem|p1a: Galvantula|Focus Sash\n|-damage|p1a: Galvantula|1\/100\n|\n|upkeep\n|turn|14\n|\n|t:|1699472406\n|move|p2a: Loreen|Extreme Speed|p1a: Galvantula\n|-damage|p1a: Galvantula|0 fnt\n|faint|p1a: Galvantula\n|\n|upkeep\n|\n|t:|1699472412\n|switch|p1a: Mawile|Mawile-Mega, F|100\/100\n|turn|15\n|\n|t:|1699472418\n|move|p2a: Loreen|Thousand Arrows|p1a: Mawile\n|-supereffective|p1a: Mawile\n|-damage|p1a: Mawile|0 fnt\n|faint|p1a: Mawile\n|\n|upkeep\n|-message|BeigeMemory forfeited.\n|\n|win|babbona\n|raw|BeigeMemory's rating: 1259 &rarr; <strong>1244<\/strong><br \/>(-15 for losing)\n|raw|babbona's rating: 1398 &rarr; <strong>1410<\/strong><br \/>(+12 for winning)\n|l|\u2606BeigeMemory\n|c|\u2606babbona|gg\n","uploadtime":1699472462,"views":5,"p1id":"beigememory","p2id":"babbona","formatid":"gen9nationaldexubers","rating":1244,"private":0,"password":""}