{"id":"gen9nationaldexubers-1993676724","p1":"OscarToscar","p2":"85792195wwww","format":"[Gen 9] National Dex Ubers","log":"|j|\u2606OscarToscar\n|j|\u260685792195wwww\n|t:|1700344446\n|gametype|singles\n|player|p1|OscarToscar|ash|1554\n|player|p2|85792195wwww|mira|1661\n|teamsize|p1|6\n|teamsize|p2|6\n|gen|9\n|tier|[Gen 9] National Dex Ubers\n|rated|\n|rule|HP Percentage Mod: HP is shown in percentages\n|rule|Endless Battle Clause: Forcing endless battles is banned\n|rule|OHKO Clause: OHKO moves are banned\n|rule|Evasion Moves Clause: Evasion moves are banned\n|rule|Evasion Items Clause: Evasion items are banned\n|rule|Species Clause: Limit one of each Pok\u00e9mon\n|rule|Sleep Clause Mod: Limit one foe put to sleep\n|rule|Mega Rayquaza Clause: You cannot mega evolve Rayquaza\n|clearpoke\n|poke|p1|Necrozma-Dusk-Mane|\n|poke|p1|Zygarde|\n|poke|p1|Arceus-Fairy|\n|poke|p1|Eternatus|\n|poke|p1|Ho-Oh|\n|poke|p1|Yveltal|\n|poke|p2|Mewtwo|\n|poke|p2|Arceus|\n|poke|p2|Xerneas-*|\n|poke|p2|Rayquaza|\n|poke|p2|Krookodile, F|\n|poke|p2|Groudon|\n|teampreview\n|inactive|Battle timer is ON: inactive players will automatically lose when time's up. (requested by OscarToscar)\n|j| TechnoGenji\n|l| TechnoGenji\n|\n|t:|1700344458\n|start\n|switch|p1a: Arceus|Arceus-Fairy|100\/100\n|switch|p2a: Krookodile|Krookodile, F|100\/100\n|-ability|p2a: Krookodile|Intimidate|boost\n|-unboost|p1a: Arceus|atk|1\n|turn|1\n|\n|t:|1700344466\n|move|p2a: Krookodile|Bulldoze|p1a: Arceus\n|-damage|p1a: Arceus|85\/100\n|-unboost|p1a: Arceus|spe|1\n|move|p1a: Arceus|Judgment|p2a: Krookodile\n|-supereffective|p2a: Krookodile\n|-enditem|p2a: Krookodile|Focus Sash\n|-damage|p2a: Krookodile|1\/100\n|\n|upkeep\n|turn|2\n|\n|t:|1700344476\n|move|p2a: Krookodile|Stealth Rock|p1a: Arceus\n|-sidestart|p1: OscarToscar|move: Stealth Rock\n|move|p1a: Arceus|Stealth Rock|p2a: Krookodile\n|-sidestart|p2: 85792195wwww|move: Stealth Rock\n|\n|upkeep\n|turn|3\n|\n|t:|1700344483\n|move|p2a: Krookodile|Taunt|p1a: Arceus\n|-start|p1a: Arceus|move: Taunt\n|move|p1a: Arceus|Judgment|p2a: Krookodile\n|-supereffective|p2a: Krookodile\n|-damage|p2a: Krookodile|0 fnt\n|faint|p2a: Krookodile\n|\n|upkeep\n|\n|t:|1700344495\n|switch|p2a: Arceus|Arceus|100\/100\n|-damage|p2a: Arceus|88\/100|[from] Stealth Rock\n|turn|4\n|inactive|OscarToscar has 120 seconds left.\n|\n|t:|1700344526\n|switch|p1a: Zygarde|Zygarde|100\/100\n|-damage|p1a: Zygarde|94\/100|[from] Stealth Rock\n|move|p2a: Arceus|Swords Dance|p2a: Arceus\n|-boost|p2a: Arceus|atk|2\n|\n|-heal|p1a: Zygarde|100\/100|[from] item: Leftovers\n|upkeep\n|turn|5\n|\n|t:|1700344541\n|-terastallize|p2a: Arceus|Normal\n|move|p2a: Arceus|Extreme Speed|p1a: Zygarde\n|-damage|p1a: Zygarde|26\/100\n|-damage|p2a: Arceus|78\/100|[from] item: Life Orb\n|move|p1a: Zygarde|Glare|p2a: Arceus\n|-status|p2a: Arceus|par\n|\n|-heal|p1a: Zygarde|32\/100|[from] item: Leftovers\n|-activate|p1a: Zygarde|ability: Power Construct\n|detailschange|p1a: Zygarde|Zygarde-Complete\n|-heal|p1a: Zygarde|56\/100|[silent]\n|upkeep\n|turn|6\n|\n|t:|1700344556\n|move|p2a: Arceus|Extreme Speed|p1a: Zygarde\n|-damage|p1a: Zygarde|1\/100\n|-damage|p2a: Arceus|68\/100 par|[from] item: Life Orb\n|move|p1a: Zygarde|Coil|p1a: Zygarde\n|-boost|p1a: Zygarde|atk|1\n|-boost|p1a: Zygarde|def|1\n|-boost|p1a: Zygarde|accuracy|1\n|\n|-heal|p1a: Zygarde|8\/100|[from] item: Leftovers\n|upkeep\n|turn|7\n|\n|t:|1700344567\n|cant|p2a: Arceus|par\n|move|p1a: Zygarde|Thousand Arrows|p2a: Arceus\n|-damage|p2a: Arceus|34\/100 par\n|\n|-heal|p1a: Zygarde|14\/100|[from] item: Leftovers\n|upkeep\n|turn|8\n|\n|t:|1700344575\n|move|p2a: Arceus|Extreme Speed|p1a: Zygarde\n|-damage|p1a: Zygarde|0 fnt\n|faint|p1a: Zygarde\n|-damage|p2a: Arceus|24\/100 par|[from] item: Life Orb\n|\n|upkeep\n|\n|t:|1700344580\n|switch|p1a: Necrozma|Necrozma-Dusk-Mane|100\/100\n|-damage|p1a: Necrozma|94\/100|[from] Stealth Rock\n|turn|9\n|\n|t:|1700344585\n|move|p2a: Arceus|Extreme Speed|p1a: Necrozma\n|-resisted|p1a: Necrozma\n|-damage|p1a: Necrozma|42\/100\n|-damage|p2a: Arceus|14\/100 par|[from] item: Life Orb\n|move|p1a: Necrozma|Iron Head|p2a: Arceus\n|-damage|p2a: Arceus|0 fnt\n|faint|p2a: Arceus\n|\n|-heal|p1a: Necrozma|48\/100|[from] item: Leftovers\n|upkeep\n|\n|t:|1700344600\n|switch|p2a: Groudon|Groudon|100\/100\n|-damage|p2a: Groudon|94\/100|[from] Stealth Rock\n|detailschange|p2a: Groudon|Groudon-Primal\n|-primal|p2a: Groudon|Red Orb\n|-weather|DesolateLand|[from] ability: Desolate Land|[of] p2a: Groudon\n|turn|10\n|\n|t:|1700344620\n|switch|p1a: Yveltal|Yveltal|100\/100\n|-damage|p1a: Yveltal|76\/100|[from] Stealth Rock\n|-ability|p1a: Yveltal|Dark Aura\n|move|p2a: Groudon|Heat Crash|p1a: Yveltal\n|-damage|p1a: Yveltal|0 fnt\n|faint|p1a: Yveltal\n|\n|-weather|DesolateLand|[upkeep]\n|upkeep\n|\n|t:|1700344632\n|switch|p1a: Eternatus|Eternatus|100\/100\n|-damage|p1a: Eternatus|88\/100|[from] Stealth Rock\n|-ability|p1a: Eternatus|Pressure\n|turn|11\n|\n|t:|1700344640\n|-terastallize|p1a: Eternatus|Bug\n|move|p1a: Eternatus|Dynamax Cannon|p2a: Groudon\n|-damage|p2a: Groudon|44\/100\n|move|p2a: Groudon|Rock Polish|p2a: Groudon\n|-boost|p2a: Groudon|spe|2\n|\n|-weather|DesolateLand|[upkeep]\n|-heal|p1a: Eternatus|94\/100|[from] item: Leftovers\n|upkeep\n|turn|12\n|\n|t:|1700344651\n|switch|p1a: Ho-Oh|Ho-Oh|100\/100\n|move|p2a: Groudon|Heat Crash|p1a: Ho-Oh\n|-resisted|p1a: Ho-Oh\n|-damage|p1a: Ho-Oh|39\/100\n|\n|-weather|DesolateLand|[upkeep]\n|upkeep\n|turn|13\n|\n|t:|1700344658\n|move|p2a: Groudon|Heat Crash|p1a: Ho-Oh\n|-resisted|p1a: Ho-Oh\n|-damage|p1a: Ho-Oh|0 fnt\n|faint|p1a: Ho-Oh\n|\n|-weather|DesolateLand|[upkeep]\n|upkeep\n|\n|t:|1700344664\n|switch|p1a: Arceus|Arceus-Fairy|85\/100\n|-damage|p1a: Arceus|72\/100|[from] Stealth Rock\n|turn|14\n|\n|t:|1700344669\n|move|p2a: Groudon|Heat Crash|p1a: Arceus\n|-damage|p1a: Arceus|23\/100\n|move|p1a: Arceus|Judgment|p2a: Groudon\n|-resisted|p2a: Groudon\n|-damage|p2a: Groudon|23\/100\n|\n|-weather|DesolateLand|[upkeep]\n|upkeep\n|turn|15\n|\n|t:|1700344677\n|move|p2a: Groudon|Heat Crash|p1a: Arceus\n|-damage|p1a: Arceus|0 fnt\n|faint|p1a: Arceus\n|\n|-weather|DesolateLand|[upkeep]\n|upkeep\n|\n|t:|1700344683\n|switch|p1a: Eternatus|Eternatus, tera:Bug|94\/100\n|-damage|p1a: Eternatus|69\/100|[from] Stealth Rock\n|-ability|p1a: Eternatus|Pressure\n|turn|16\n|-message|OscarToscar forfeited.\n|\n|win|85792195wwww\n|raw|OscarToscar's rating: 1554 &rarr; <strong>1540<\/strong><br \/>(-14 for losing)\n|raw|85792195wwww's rating: 1661 &rarr; <strong>1675<\/strong><br \/>(+14 for winning)\n|l|\u2606OscarToscar\n","uploadtime":1700344691,"views":6,"p1id":"oscartoscar","p2id":"85792195wwww","formatid":"gen9nationaldexubers","rating":1540,"private":0,"password":""}