{"id":"gen9nationaldexubers-1996441825","p1":"asusnub","p2":"BlodiaMan","format":"[Gen 9] National Dex Ubers","log":"|j|\u2606asusnub\n|j|\u2606BlodiaMan\n|t:|1700682363\n|gametype|singles\n|player|p1|asusnub|266|1053\n|player|p2|BlodiaMan|silver|1145\n|teamsize|p1|6\n|teamsize|p2|6\n|gen|9\n|tier|[Gen 9] National Dex Ubers\n|rated|\n|rule|HP Percentage Mod: HP is shown in percentages\n|rule|Endless Battle Clause: Forcing endless battles is banned\n|rule|OHKO Clause: OHKO moves are banned\n|rule|Evasion Moves Clause: Evasion moves are banned\n|rule|Evasion Items Clause: Evasion items are banned\n|rule|Species Clause: Limit one of each Pok\u00e9mon\n|rule|Sleep Clause Mod: Limit one foe put to sleep\n|rule|Mega Rayquaza Clause: You cannot mega evolve Rayquaza\n|clearpoke\n|poke|p1|Typhlosion, M|\n|poke|p1|Ferrothorn, M|\n|poke|p1|Annihilape, F|\n|poke|p1|Toxapex, M|\n|poke|p1|Gliscor, M|\n|poke|p1|Chien-Pao|\n|poke|p2|Golduck, F|\n|poke|p2|Vaporeon, F|\n|poke|p2|Charizard, M|\n|poke|p2|Pikachu, F|\n|poke|p2|Volcarona, F|\n|poke|p2|Ariados, F|\n|teampreview\n|\n|t:|1700682371\n|start\n|switch|p1a: Ferrothorn|Ferrothorn, M, shiny|100\/100\n|switch|p2a: Ariados|Ariados, F|100\/100\n|turn|1\n|\n|t:|1700682378\n|move|p2a: Ariados|Knock Off|p1a: Ferrothorn\n|-damage|p1a: Ferrothorn|85\/100\n|-damage|p2a: Ariados|88\/100|[from] ability: Iron Barbs|[of] p1a: Ferrothorn\n|-damage|p2a: Ariados|72\/100|[from] item: Rocky Helmet|[of] p1a: Ferrothorn\n|-enditem|p1a: Ferrothorn|Rocky Helmet|[from] move: Knock Off|[of] p2a: Ariados\n|move|p1a: Ferrothorn|Leech Seed|p2a: Ariados\n|-start|p2a: Ariados|move: Leech Seed\n|\n|-damage|p2a: Ariados|59\/100|[from] Leech Seed|[of] p1a: Ferrothorn\n|-heal|p1a: Ferrothorn|97\/100|[silent]\n|upkeep\n|turn|2\n|\n|t:|1700682390\n|switch|p2a: Volcarona|Volcarona, F|100\/100\n|move|p1a: Ferrothorn|Spikes|p2a: Volcarona\n|-sidestart|p2: BlodiaMan|Spikes\n|\n|upkeep\n|turn|3\n|\n|t:|1700682396\n|switch|p1a: Canada|Typhlosion, M|100\/100\n|move|p2a: Volcarona|Quiver Dance|p2a: Volcarona\n|-boost|p2a: Volcarona|spa|1\n|-boost|p2a: Volcarona|spd|1\n|-boost|p2a: Volcarona|spe|1\n|\n|upkeep\n|turn|4\n|\n|t:|1700682415\n|-terastallize|p1a: Canada|Water\n|move|p2a: Volcarona|Bug Buzz|p1a: Canada\n|-damage|p1a: Canada|0 fnt\n|faint|p1a: Canada\n|\n|upkeep\n|\n|t:|1700682424\n|switch|p1a: Toxapex|Toxapex, M, shiny|100\/100\n|turn|5\n|\n|t:|1700682437\n|move|p1a: Toxapex|Baneful Bunker|p1a: Toxapex\n|-singleturn|p1a: Toxapex|move: Protect\n|move|p2a: Volcarona|Giga Drain|p1a: Toxapex\n|-activate|p1a: Toxapex|move: Protect\n|\n|upkeep\n|turn|6\n|\n|t:|1700682445\n|move|p2a: Volcarona|Giga Drain|p1a: Toxapex\n|-damage|p1a: Toxapex|75\/100\n|move|p1a: Toxapex|Toxic Spikes|p2a: Volcarona\n|-sidestart|p2: BlodiaMan|move: Toxic Spikes\n|\n|-heal|p1a: Toxapex|81\/100|[from] item: Black Sludge\n|upkeep\n|turn|7\n|\n|t:|1700682458\n|move|p2a: Volcarona|Fiery Dance|p1a: Toxapex\n|-resisted|p1a: Toxapex\n|-damage|p1a: Toxapex|57\/100\n|-boost|p2a: Volcarona|spa|1\n|move|p1a: Toxapex|Knock Off|p2a: Volcarona\n|-damage|p2a: Volcarona|75\/100\n|-enditem|p2a: Volcarona|Heavy-Duty Boots|[from] move: Knock Off|[of] p1a: Toxapex\n|\n|-heal|p1a: Toxapex|64\/100|[from] item: Black Sludge\n|upkeep\n|turn|8\n|\n|t:|1700682468\n|move|p2a: Volcarona|Giga Drain|p1a: Toxapex\n|-damage|p1a: Toxapex|26\/100\n|-heal|p2a: Volcarona|94\/100|[from] drain|[of] p1a: Toxapex\n|move|p1a: Toxapex|Haze|p1a: Toxapex\n|-clearallboost\n|\n|-heal|p1a: Toxapex|32\/100|[from] item: Black Sludge\n|upkeep\n|turn|9\n|\n|t:|1700682479\n|switch|p1a: KFC|Annihilape, F|100\/100\n|move|p2a: Volcarona|Giga Drain|p1a: KFC\n|-damage|p1a: KFC|75\/100\n|-heal|p2a: Volcarona|100\/100|[from] drain|[of] p1a: KFC\n|\n|-heal|p1a: KFC|81\/100|[from] item: Leftovers\n|upkeep\n|turn|10\n|\n|t:|1700682492\n|move|p2a: Volcarona|Fiery Dance|p1a: KFC\n|-damage|p1a: KFC|39\/100\n|-boost|p2a: Volcarona|spa|1\n|move|p1a: KFC|Drain Punch|p2a: Volcarona\n|-resisted|p2a: Volcarona\n|-damage|p2a: Volcarona|72\/100\n|-heal|p1a: KFC|49\/100|[from] drain|[of] p2a: Volcarona\n|\n|-heal|p1a: KFC|55\/100|[from] item: Leftovers\n|upkeep\n|turn|11\n|\n|t:|1700682506\n|move|p2a: Volcarona|Fiery Dance|p1a: KFC\n|-damage|p1a: KFC|0 fnt\n|faint|p1a: KFC\n|\n|upkeep\n|\n|t:|1700682514\n|switch|p1a: Chien-Pao|Chien-Pao|100\/100\n|-ability|p1a: Chien-Pao|Sword of Ruin\n|turn|12\n|\n|t:|1700682522\n|move|p1a: Chien-Pao|Sacred Sword|p2a: Volcarona\n|-resisted|p2a: Volcarona\n|-damage|p2a: Volcarona|33\/100\n|-status|p1a: Chien-Pao|brn|[from] ability: Flame Body|[of] p2a: Volcarona\n|-damage|p1a: Chien-Pao|91\/100 brn|[from] item: Life Orb\n|move|p2a: Volcarona|Fiery Dance|p1a: Chien-Pao\n|-supereffective|p1a: Chien-Pao\n|-damage|p1a: Chien-Pao|0 fnt\n|-boost|p2a: Volcarona|spa|1\n|faint|p1a: Chien-Pao\n|\n|upkeep\n|\n|t:|1700682538\n|switch|p1a: Gliscor|Gliscor, M|100\/100\n|turn|13\n|\n|t:|1700682543\n|move|p2a: Volcarona|Giga Drain|p1a: Gliscor\n|-damage|p1a: Gliscor|34\/100\n|-heal|p2a: Volcarona|70\/100|[from] drain|[of] p1a: Gliscor\n|move|p1a: Gliscor|Fling|p2a: Volcarona\n|-damage|p2a: Volcarona|60\/100\n|-status|p2a: Volcarona|tox\n|-enditem|p1a: Gliscor|Toxic Orb|[from] move: Fling\n|\n|-damage|p2a: Volcarona|54\/100 tox|[from] psn\n|upkeep\n|turn|14\n|c|\u2606BlodiaMan|?\n|\n|t:|1700682561\n|move|p1a: Gliscor|Protect|p1a: Gliscor\n|-singleturn|p1a: Gliscor|Protect\n|move|p2a: Volcarona|Giga Drain|p1a: Gliscor\n|-activate|p1a: Gliscor|move: Protect\n|\n|-damage|p2a: Volcarona|41\/100 tox|[from] psn\n|upkeep\n|turn|15\n|\n|t:|1700682571\n|move|p2a: Volcarona|Giga Drain|p1a: Gliscor\n|-damage|p1a: Gliscor|0 fnt\n|-heal|p2a: Volcarona|61\/100 tox|[from] drain|[of] p1a: Gliscor\n|faint|p1a: Gliscor\n|\n|-damage|p2a: Volcarona|42\/100 tox|[from] psn\n|upkeep\n|\n|t:|1700682579\n|switch|p1a: Ferrothorn|Ferrothorn, M, shiny|97\/100\n|turn|16\n|\n|t:|1700682589\n|move|p2a: Volcarona|Fiery Dance|p1a: Ferrothorn\n|-supereffective|p1a: Ferrothorn\n|-damage|p1a: Ferrothorn|0 fnt\n|-boost|p2a: Volcarona|spa|1\n|faint|p1a: Ferrothorn\n|\n|-damage|p2a: Volcarona|18\/100 tox|[from] psn\n|upkeep\n|\n|t:|1700682599\n|switch|p1a: Toxapex|Toxapex, M, shiny|32\/100\n|turn|17\n|\n|t:|1700682603\n|move|p1a: Toxapex|Baneful Bunker|p1a: Toxapex\n|-singleturn|p1a: Toxapex|move: Protect\n|move|p2a: Volcarona|Giga Drain|p1a: Toxapex\n|-activate|p1a: Toxapex|move: Protect\n|\n|-heal|p1a: Toxapex|38\/100|[from] item: Black Sludge\n|-damage|p2a: Volcarona|0 fnt|[from] psn\n|faint|p2a: Volcarona\n|upkeep\n|\n|t:|1700682612\n|switch|p2a: Pikachu|Pikachu, F|100\/100\n|-damage|p2a: Pikachu|88\/100|[from] Spikes\n|-status|p2a: Pikachu|psn\n|turn|18\n|\n|t:|1700682622\n|move|p2a: Pikachu|Volt Tackle|p1a: Toxapex\n|-supereffective|p1a: Toxapex\n|-damage|p1a: Toxapex|0 fnt\n|faint|p1a: Toxapex\n|-damage|p2a: Pikachu|70\/100 psn|[from] Recoil\n|\n|win|BlodiaMan\n|raw|asusnub's rating: 1053 &rarr; <strong>1040<\/strong><br \/>(-13 for losing)\n|raw|BlodiaMan's rating: 1145 &rarr; <strong>1164<\/strong><br \/>(+19 for winning)\n","uploadtime":1700682632,"views":6,"p1id":"asusnub","p2id":"blodiaman","formatid":"gen9nationaldexubers","rating":1040,"private":0,"password":""}