{"id":"gen9nationaldexubers-1978521769","p1":"Czar_agon","p2":"Smackey_5","format":"[Gen 9] National Dex Ubers","log":"|j|\u2606Czar_agon\n|j|\u2606Smackey_5\n|t:|1698550056\n|gametype|singles\n|player|p1|Czar_agon|iris|\n|player|p2|Smackey_5|silver|\n|teamsize|p1|6\n|teamsize|p2|6\n|gen|9\n|tier|[Gen 9] National Dex Ubers\n|rule|HP Percentage Mod: HP is shown in percentages\n|rule|Endless Battle Clause: Forcing endless battles is banned\n|rule|OHKO Clause: OHKO moves are banned\n|rule|Evasion Moves Clause: Evasion moves are banned\n|rule|Evasion Items Clause: Evasion items are banned\n|rule|Species Clause: Limit one of each Pok\u00e9mon\n|rule|Sleep Clause Mod: Limit one foe put to sleep\n|rule|Mega Rayquaza Clause: You cannot mega evolve Rayquaza\n|clearpoke\n|poke|p1|Virizion|\n|poke|p1|Tornadus-Therian, M|\n|poke|p1|Slowking-Galar, F|\n|poke|p1|Arctovish|\n|poke|p1|Krookodile, F|\n|poke|p1|Skeledirge, F|\n|poke|p2|Charizard, F|\n|poke|p2|Umbreon, F|\n|poke|p2|Donphan, M|\n|poke|p2|Kingambit, M|\n|poke|p2|Typhlosion-Hisui, M|\n|poke|p2|Rotom-Wash|\n|teampreview\n|j| Lunar Sloth\n|j| speedykidyo\n|j| Demolution545\n|j| MiniBearGrahams\n|c|\u2606Smackey_5|good to go?\n|c|\u2606Czar_agon|Yep\n|\n|t:|1698550147\n|start\n|switch|p1a: Arctovish|Arctovish|100\/100\n|switch|p2a: Donphan|Donphan, M|100\/100\n|turn|1\n|inactive|Battle timer is ON: inactive players will automatically lose when time's up. (requested by Smackey_5)\n|\n|t:|1698550154\n|move|p1a: Arctovish|Iron Head|p2a: Donphan\n|-damage|p2a: Donphan|82\/100\n|cant|p2a: Donphan|flinch\n|\n|upkeep\n|turn|2\n|\n|t:|1698550159\n|move|p1a: Arctovish|Fishious Rend|p2a: Donphan\n|-supereffective|p2a: Donphan\n|-damage|p2a: Donphan|0 fnt\n|faint|p2a: Donphan\n|\n|upkeep\n|c| speedykidyo|FISHY\n|c| Lunar Sloth|the flinch\n|\n|t:|1698550171\n|switch|p2a: Charizard|Charizard, F|100\/100\n|turn|3\n|\n|t:|1698550182\n|switch|p1a: Skeledirge|Skeledirge, F|100\/100\n|detailschange|p2a: Charizard|Charizard-Mega-Y, F\n|-mega|p2a: Charizard|Charizard|Charizardite Y\n|-weather|SunnyDay|[from] ability: Drought|[of] p2a: Charizard\n|move|p2a: Charizard|Weather Ball|p1a: Skeledirge\n|-resisted|p1a: Skeledirge\n|-damage|p1a: Skeledirge|66\/100\n|\n|-weather|SunnyDay|[upkeep]\n|upkeep\n|turn|4\n|\n|t:|1698550198\n|move|p2a: Charizard|Hurricane|p1a: Skeledirge\n|-damage|p1a: Skeledirge|9\/100\n|-start|p1a: Skeledirge|confusion\n|-activate|p1a: Skeledirge|confusion\n|-damage|p1a: Skeledirge|5\/100|[from] confusion\n|\n|-weather|SunnyDay|[upkeep]\n|upkeep\n|turn|5\n|c| Lunar Sloth|not hurricane in sun\n|c| MiniBearGrahams|might be the luckiest player on earth\n|c|\u2606Smackey_5|I got flinched\n|c| speedykidyo|lolll\n|c| MiniBearGrahams|sun hurricane into confusion\n|inactive|Czar_agon has 270 seconds left.\n|\n|t:|1698550246\n|switch|p1a: Krookodile|Krookodile, F|100\/100\n|-ability|p1a: Krookodile|Intimidate|boost\n|-unboost|p2a: Charizard|atk|1\n|move|p2a: Charizard|Weather Ball|p1a: Krookodile\n|-damage|p1a: Krookodile|0 fnt\n|faint|p1a: Krookodile\n|\n|-weather|SunnyDay|[upkeep]\n|upkeep\n|\n|t:|1698550255\n|switch|p1a: Slowking|Slowking-Galar, F|100\/100\n|turn|6\n|\n|t:|1698550280\n|switch|p2a: Rotom|Rotom-Wash|100\/100\n|move|p1a: Slowking|Chilly Reception|p1a: Slowking\n|-weather|Snow\n|\n|t:|1698550286\n|switch|p1a: Virizion|Virizion|100\/100|[from] Chilly Reception\n|\n|-weather|Snow|[upkeep]\n|upkeep\n|turn|7\n|inactive|Czar_agon has 270 seconds left.\n|\n|t:|1698550294\n|switch|p2a: Charizard|Charizard-Mega-Y, F|100\/100\n|-weather|SunnyDay|[from] ability: Drought|[of] p2a: Charizard\n|move|p1a: Virizion|Leaf Blade|p2a: Charizard\n|-resisted|p2a: Charizard\n|-damage|p2a: Charizard|83\/100\n|-damage|p1a: Virizion|91\/100|[from] item: Life Orb\n|\n|-weather|SunnyDay|[upkeep]\n|upkeep\n|turn|8\n|inactive|Czar_agon has 270 seconds left.\n|\n|t:|1698550308\n|switch|p2a: Typhlosion|Typhlosion-Hisui, M|100\/100\n|-item|p1a: Virizion|Life Orb|[from] ability: Frisk|[of] p2a: Typhlosion|[identify]\n|move|p1a: Virizion|Stone Edge|p2a: Typhlosion\n|-supereffective|p2a: Typhlosion\n|-damage|p2a: Typhlosion|3\/100\n|-damage|p1a: Virizion|81\/100|[from] item: Life Orb\n|\n|-weather|SunnyDay|[upkeep]\n|upkeep\n|turn|9\n|inactive|Czar_agon has 270 seconds left.\n|\n|t:|1698550339\n|switch|p1a: Skeledirge|Skeledirge, F|5\/100\n|-terastallize|p2a: Typhlosion|Fire\n|move|p2a: Typhlosion|Burn Up|p1a: Skeledirge\n|-resisted|p1a: Skeledirge\n|-crit|p1a: Skeledirge\n|-damage|p1a: Skeledirge|0 fnt\n|-start|p2a: Typhlosion|typechange|Fire|[from] move: Burn Up\n|faint|p1a: Skeledirge\n|\n|-weather|SunnyDay|[upkeep]\n|upkeep\n|c| Lunar Sloth|oh dear\n|\n|t:|1698550353\n|switch|p1a: Slowking|Slowking-Galar, F|100\/100\n|turn|10\n|\n|t:|1698550357\n|move|p2a: Typhlosion|Burn Up|p1a: Slowking\n|-damage|p1a: Slowking|23\/100\n|-start|p2a: Typhlosion|typechange|Fire|[from] move: Burn Up\n|move|p1a: Slowking|Chilly Reception|p1a: Slowking\n|-weather|Snow\n|\n|t:|1698550365\n|switch|p1a: Tornadus|Tornadus-Therian, M|100\/100|[from] Chilly Reception\n|\n|-weather|Snow|[upkeep]\n|upkeep\n|turn|11\n|\n|t:|1698550370\n|switch|p2a: Charizard|Charizard-Mega-Y, F|83\/100\n|-weather|SunnyDay|[from] ability: Drought|[of] p2a: Charizard\n|move|p1a: Tornadus|Knock Off|p2a: Charizard\n|-damage|p2a: Charizard|62\/100\n|\n|-weather|SunnyDay|[upkeep]\n|upkeep\n|turn|12\n|\n|t:|1698550383\n|move|p1a: Tornadus|U-turn|p2a: Charizard\n|-resisted|p2a: Charizard\n|-damage|p2a: Charizard|56\/100\n|\n|t:|1698550388\n|switch|p1a: Slowking|Slowking-Galar, F|57\/100|[from] U-turn\n|move|p2a: Charizard|Weather Ball|p1a: Slowking\n|-damage|p1a: Slowking|3\/100\n|\n|-weather|SunnyDay|[upkeep]\n|upkeep\n|turn|13\n|inactive|Czar_agon has 270 seconds left.\n|\n|t:|1698550399\n|move|p2a: Charizard|Weather Ball|p1a: Slowking\n|-damage|p1a: Slowking|0 fnt\n|faint|p1a: Slowking\n|\n|-weather|SunnyDay|[upkeep]\n|upkeep\n|\n|t:|1698550408\n|switch|p1a: Virizion|Virizion|81\/100\n|turn|14\n|\n|t:|1698550427\n|switch|p2a: Umbreon|Umbreon, F, shiny|100\/100\n|move|p1a: Virizion|Stone Edge|p2a: Umbreon\n|-damage|p2a: Umbreon|78\/100\n|-damage|p1a: Virizion|71\/100|[from] item: Life Orb\n|\n|-weather|SunnyDay|[upkeep]\n|-heal|p2a: Umbreon|84\/100|[from] item: Leftovers\n|upkeep\n|turn|15\n|\n|t:|1698550435\n|move|p2a: Umbreon|Protect|p2a: Umbreon\n|-singleturn|p2a: Umbreon|Protect\n|move|p1a: Virizion|Close Combat|p2a: Umbreon\n|-activate|p2a: Umbreon|move: Protect\n|\n|-weather|none\n|-heal|p2a: Umbreon|90\/100|[from] item: Leftovers\n|upkeep\n|turn|16\n|\n|t:|1698550443\n|switch|p2a: Charizard|Charizard-Mega-Y, F|56\/100\n|-weather|SunnyDay|[from] ability: Drought|[of] p2a: Charizard\n|move|p1a: Virizion|Stone Edge|p2a: Charizard\n|-supereffective|p2a: Charizard\n|-damage|p2a: Charizard|0 fnt\n|faint|p2a: Charizard\n|-damage|p1a: Virizion|61\/100|[from] item: Life Orb\n|\n|-weather|SunnyDay|[upkeep]\n|upkeep\n|\n|t:|1698550452\n|switch|p2a: Typhlosion|Typhlosion-Hisui, M, tera:Fire|3\/100\n|-item|p1a: Virizion|Life Orb|[from] ability: Frisk|[of] p2a: Typhlosion|[identify]\n|turn|17\n|c| Lunar Sloth|u should eruption\n|\n|t:|1698550461\n|switch|p1a: Arctovish|Arctovish|100\/100\n|move|p2a: Typhlosion|Burn Up|p1a: Arctovish\n|-damage|p1a: Arctovish|0 fnt\n|-start|p2a: Typhlosion|typechange|Fire|[from] move: Burn Up\n|faint|p1a: Arctovish\n|\n|-weather|SunnyDay|[upkeep]\n|upkeep\n|\n|t:|1698550469\n|switch|p1a: Tornadus|Tornadus-Therian, M|100\/100\n|turn|18\n|\n|t:|1698550473\n|-terastallize|p1a: Tornadus|Fire\n|move|p2a: Typhlosion|Burn Up|p1a: Tornadus\n|-resisted|p1a: Tornadus\n|-damage|p1a: Tornadus|23\/100\n|-start|p2a: Typhlosion|typechange|Fire|[from] move: Burn Up\n|move|p1a: Tornadus|U-turn|p2a: Typhlosion\n|-resisted|p2a: Typhlosion\n|-damage|p2a: Typhlosion|0 fnt\n|faint|p2a: Typhlosion\n|c| Lunar Sloth|jesus\n|\n|t:|1698550482\n|switch|p1a: Virizion|Virizion|61\/100|[from] U-turn\n|\n|-weather|SunnyDay|[upkeep]\n|upkeep\n|c| Lunar Sloth|tier 4 btw\n|c| speedykidyo|lol yeah\n|c| speedykidyo|i wish that I had picked it\n|\n|t:|1698550497\n|switch|p2a: Rotom|Rotom-Wash|100\/100\n|turn|19\n|\n|t:|1698550502\n|move|p1a: Virizion|Synthesis|p1a: Virizion\n|-heal|p1a: Virizion|100\/100\n|move|p2a: Rotom|Thunder Wave|p1a: Virizion\n|-status|p1a: Virizion|par\n|\n|-weather|SunnyDay|[upkeep]\n|upkeep\n|turn|20\n|c|\u2606Smackey_5|I lost\n|\n|t:|1698550526\n|move|p2a: Rotom|Volt Switch|p1a: Virizion\n|-resisted|p1a: Virizion\n|-damage|p1a: Virizion|89\/100 par\n|\n|t:|1698550529\n|switch|p2a: Umbreon|Umbreon, F, shiny|90\/100|[from] Volt Switch\n|move|p1a: Virizion|Leaf Blade|p2a: Umbreon\n|-damage|p2a: Umbreon|55\/100\n|-damage|p1a: Virizion|79\/100 par|[from] item: Life Orb\n|\n|-weather|none\n|-heal|p2a: Umbreon|61\/100|[from] item: Leftovers\n|upkeep\n|turn|21\n|c| speedykidyo|why\n|\n|t:|1698550541\n|move|p2a: Umbreon|Protect|p2a: Umbreon\n|-singleturn|p2a: Umbreon|Protect\n|move|p1a: Virizion|Close Combat|p2a: Umbreon\n|-activate|p2a: Umbreon|move: Protect\n|\n|-heal|p2a: Umbreon|67\/100|[from] item: Leftovers\n|upkeep\n|turn|22\n|c| MiniBearGrahams|you can still get 1000 full paras\n|\n|t:|1698550552\n|move|p2a: Umbreon|Wish|p2a: Umbreon\n|move|p1a: Virizion|Synthesis|p1a: Virizion\n|-heal|p1a: Virizion|100\/100 par\n|\n|-heal|p2a: Umbreon|73\/100|[from] item: Leftovers\n|upkeep\n|turn|23\n|c| MiniBearGrahams|and win\n|inactive|Smackey_5 has 270 seconds left.\n|c| speedykidyo|always an option\n|c| speedykidyo|just gotta want it enough\n|j| VoIteon\n|\n|t:|1698550596\n|switch|p2a: Rotom|Rotom-Wash|100\/100\n|move|p1a: Virizion|Leaf Blade|p2a: Rotom\n|-supereffective|p2a: Rotom\n|-damage|p2a: Rotom|11\/100\n|-damage|p1a: Virizion|91\/100 par|[from] item: Life Orb\n|\n|-heal|p2a: Rotom|75\/100|[from] move: Wish|[wisher] Umbreon\n|-heal|p2a: Rotom|82\/100|[from] item: Leftovers\n|upkeep\n|turn|24\n|\n|t:|1698550607\n|switch|p2a: Kingambit|Kingambit, M|100\/100\n|-activate|p2a: Kingambit|ability: Supreme Overlord\n|-start|p2a: Kingambit|fallen3|[silent]\n|move|p1a: Virizion|Leaf Blade|p2a: Kingambit\n|-resisted|p2a: Kingambit\n|-damage|p2a: Kingambit|83\/100\n|-damage|p1a: Virizion|81\/100 par|[from] item: Life Orb\n|\n|-heal|p2a: Kingambit|89\/100|[from] item: Leftovers\n|upkeep\n|turn|25\n|\n|t:|1698550625\n|cant|p1a: Virizion|par\n|move|p2a: Kingambit|Swords Dance|p2a: Kingambit\n|-boost|p2a: Kingambit|atk|2\n|\n|-heal|p2a: Kingambit|96\/100|[from] item: Leftovers\n|upkeep\n|turn|26\n|c| Lunar Sloth|oh lord\n|c| speedykidyo|uh oh\n|c|\u2606Smackey_5|this makes no sense for those who don't know my sets\n|\n|t:|1698550642\n|move|p2a: Kingambit|Sucker Punch||[still]\n|-fail|p2a: Kingambit\n|cant|p1a: Virizion|par\n|\n|-heal|p2a: Kingambit|100\/100|[from] item: Leftovers\n|upkeep\n|turn|27\n|c| Demolution545|that was mad bold\n|\n|t:|1698550650\n|move|p2a: Kingambit|Sucker Punch|p1a: Virizion\n|-resisted|p1a: Virizion\n|-damage|p1a: Virizion|9\/100 par\n|-ability|p1a: Virizion|Justified|boost\n|-boost|p1a: Virizion|atk|1\n|move|p1a: Virizion|Close Combat|p2a: Kingambit\n|-supereffective|p2a: Kingambit\n|-damage|p2a: Kingambit|0 fnt\n|-unboost|p1a: Virizion|def|1\n|-unboost|p1a: Virizion|spd|1\n|faint|p2a: Kingambit\n|-end|p2a: Kingambit|fallen3|[silent]\n|-damage|p1a: Virizion|0 fnt|[from] item: Life Orb\n|faint|p1a: Virizion\n|\n|upkeep\n|c| speedykidyo|LOLLLL\n|\n|t:|1698550666\n|switch|p1a: Tornadus|Tornadus-Therian, M, tera:Fire|56\/100\n|switch|p2a: Umbreon|Umbreon, F, shiny|73\/100\n|turn|28\n|c| Lunar Sloth|that para\n|\n|t:|1698550677\n|move|p2a: Umbreon|Protect|p2a: Umbreon\n|-singleturn|p2a: Umbreon|Protect\n|move|p1a: Tornadus|Air Slash|p2a: Umbreon\n|-activate|p2a: Umbreon|move: Protect\n|\n|-heal|p2a: Umbreon|79\/100|[from] item: Leftovers\n|upkeep\n|turn|29\n|\n|t:|1698550689\n|move|p1a: Tornadus|Knock Off|p2a: Umbreon\n|-resisted|p2a: Umbreon\n|-damage|p2a: Umbreon|71\/100\n|-enditem|p2a: Umbreon|Leftovers|[from] move: Knock Off|[of] p1a: Tornadus\n|move|p2a: Umbreon|Toxic|p1a: Tornadus\n|-status|p1a: Tornadus|tox\n|\n|-damage|p1a: Tornadus|50\/100 tox|[from] psn\n|upkeep\n|turn|30\n|\n|t:|1698550698\n|move|p2a: Umbreon|Protect|p2a: Umbreon\n|-singleturn|p2a: Umbreon|Protect\n|move|p1a: Tornadus|Air Slash|p2a: Umbreon\n|-activate|p2a: Umbreon|move: Protect\n|\n|-damage|p1a: Tornadus|38\/100 tox|[from] psn\n|upkeep\n|turn|31\n|c| MiniBearGrahams|1 para at the wrong time\n|c|\u2606Smackey_5|yep\n|\n|t:|1698550706\n|move|p1a: Tornadus|Air Slash|p2a: Umbreon\n|-damage|p2a: Umbreon|49\/100\n|move|p2a: Umbreon|Wish|p2a: Umbreon\n|\n|-damage|p1a: Tornadus|20\/100 tox|[from] psn\n|upkeep\n|turn|32\n|c|\u2606Czar_agon|That's my luck\n|\n|t:|1698550713\n|move|p2a: Umbreon|Protect|p2a: Umbreon\n|-singleturn|p2a: Umbreon|Protect\n|move|p1a: Tornadus|Air Slash|p2a: Umbreon\n|-activate|p2a: Umbreon|move: Protect\n|\n|-heal|p2a: Umbreon|99\/100|[from] move: Wish|[wisher] Umbreon\n|-damage|p1a: Tornadus|0 fnt|[from] psn\n|faint|p1a: Tornadus\n|\n|win|Smackey_5\n|upkeep\n|c| Lunar Sloth|unfort\n|c|\u2606Smackey_5|I should have lost gg\n|c| speedykidyo|unfortunate\n","uploadtime":1698550729,"views":68,"p1id":"czaragon","p2id":"smackey5","formatid":"gen9nationaldexubers","rating":0,"private":0,"password":""}