{"id":"gen9nationaldexubers-1985487815","p1":"Lunarquay","p2":"iusdfhsfdg","format":"[Gen 9] National Dex Ubers","log":"|j|\u2606Lunarquay\n|j|\u2606iusdfhsfdg\n|t:|1699378755\n|gametype|singles\n|player|p1|Lunarquay|cynthia-gen4|1236\n|player|p2|iusdfhsfdg|266|1315\n|teamsize|p1|6\n|teamsize|p2|6\n|gen|9\n|tier|[Gen 9] National Dex Ubers\n|rated|\n|rule|HP Percentage Mod: HP is shown in percentages\n|rule|Endless Battle Clause: Forcing endless battles is banned\n|rule|OHKO Clause: OHKO moves are banned\n|rule|Evasion Moves Clause: Evasion moves are banned\n|rule|Evasion Items Clause: Evasion items are banned\n|rule|Species Clause: Limit one of each Pok\u00e9mon\n|rule|Sleep Clause Mod: Limit one foe put to sleep\n|rule|Mega Rayquaza Clause: You cannot mega evolve Rayquaza\n|clearpoke\n|poke|p1|Deoxys-Attack|\n|poke|p1|Necrozma-Dusk-Mane|\n|poke|p1|Xerneas-*|\n|poke|p1|Blaziken, F|\n|poke|p1|Shuckle, M|\n|poke|p1|Basculegion, M|\n|poke|p2|Groudon|\n|poke|p2|Arceus|\n|poke|p2|Chien-Pao|\n|poke|p2|Necrozma-Dusk-Mane|\n|poke|p2|Garganacl, M|\n|poke|p2|Mewtwo|\n|teampreview\n|inactive|Battle timer is ON: inactive players will automatically lose when time's up. (requested by Lunarquay)\n|\n|t:|1699378767\n|start\n|switch|p1a: :p|Shuckle, M|100\/100\n|switch|p2a: Groudon|Groudon|100\/100\n|detailschange|p2a: Groudon|Groudon-Primal\n|-primal|p2a: Groudon|Red Orb\n|-weather|DesolateLand|[from] ability: Desolate Land|[of] p2a: Groudon\n|turn|1\n|\n|t:|1699378777\n|move|p2a: Groudon|Fire Punch|p1a: :p\n|-damage|p1a: :p|60\/100\n|-enditem|p1a: :p|Red Card|[of] p2a: Groudon\n|-weather|none\n|drag|p2a: Mewtwo|Mewtwo|100\/100\n|-ability|p2a: Mewtwo|Pressure\n|move|p1a: :p|Sticky Web|p2a: Mewtwo\n|-sidestart|p2: iusdfhsfdg|move: Sticky Web\n|\n|upkeep\n|turn|2\n|\n|t:|1699378788\n|move|p2a: Mewtwo|Agility|p2a: Mewtwo\n|-boost|p2a: Mewtwo|spe|2\n|move|p1a: :p|Toxic|p2a: Mewtwo\n|-status|p2a: Mewtwo|tox\n|\n|-damage|p2a: Mewtwo|94\/100 tox|[from] psn\n|upkeep\n|turn|3\n|\n|t:|1699378799\n|detailschange|p2a: Mewtwo|Mewtwo-Mega-Y\n|-mega|p2a: Mewtwo|Mewtwo|Mewtwonite Y\n|move|p2a: Mewtwo|Psychic|p1a: :p\n|-damage|p1a: :p|21\/100\n|move|p1a: :p|Stealth Rock|p2a: Mewtwo\n|-sidestart|p2: iusdfhsfdg|move: Stealth Rock\n|\n|-damage|p2a: Mewtwo|82\/100 tox|[from] psn\n|upkeep\n|turn|4\n|\n|t:|1699378808\n|move|p2a: Mewtwo|Psychic|p1a: :p\n|-damage|p1a: :p|0 fnt\n|faint|p1a: :p\n|\n|-damage|p2a: Mewtwo|63\/100 tox|[from] psn\n|upkeep\n|inactive|Lunarquay has 120 seconds left.\n|\n|t:|1699378840\n|switch|p1a: damage machine|Deoxys-Attack|100\/100\n|-ability|p1a: damage machine|Pressure\n|turn|5\n|\n|t:|1699378846\n|move|p2a: Mewtwo|Dark Pulse|p1a: damage machine\n|-supereffective|p1a: damage machine\n|-enditem|p1a: damage machine|Focus Sash\n|-damage|p1a: damage machine|1\/100\n|move|p1a: damage machine|Giga Impact|p2a: Mewtwo\n|-damage|p2a: Mewtwo|0 fnt\n|-mustrecharge|p1a: damage machine\n|faint|p2a: Mewtwo\n|\n|upkeep\n|\n|t:|1699378861\n|switch|p2a: Arceus|Arceus|100\/100\n|-activate|p2a: Arceus|move: Sticky Web\n|-unboost|p2a: Arceus|spe|1\n|-damage|p2a: Arceus|88\/100|[from] Stealth Rock\n|turn|6\n|\n|t:|1699378866\n|cant|p1a: damage machine|recharge\n|move|p2a: Arceus|Body Press|p1a: damage machine\n|-resisted|p1a: damage machine\n|-damage|p1a: damage machine|0 fnt\n|faint|p1a: damage machine\n|\n|-heal|p2a: Arceus|94\/100|[from] item: Leftovers\n|upkeep\n|\n|t:|1699378884\n|switch|p1a: Xmas tree <3|Xerneas|100\/100\n|-ability|p1a: Xmas tree <3|Fairy Aura\n|turn|7\n|\n|t:|1699378888\n|move|p1a: Xmas tree <3|Geomancy||[still]\n|-prepare|p1a: Xmas tree <3|Geomancy\n|-enditem|p1a: Xmas tree <3|Power Herb\n|-anim|p1a: Xmas tree <3|Geomancy|p1a: Xmas tree <3\n|-boost|p1a: Xmas tree <3|spa|2\n|-boost|p1a: Xmas tree <3|spd|2\n|-boost|p1a: Xmas tree <3|spe|2\n|move|p2a: Arceus|Cosmic Power|p2a: Arceus\n|-boost|p2a: Arceus|def|1\n|-boost|p2a: Arceus|spd|1\n|\n|-heal|p2a: Arceus|99\/100|[from] item: Leftovers\n|upkeep\n|turn|8\n|\n|t:|1699378913\n|move|p1a: Xmas tree <3|Moonblast|p2a: Arceus\n|-damage|p2a: Arceus|41\/100\n|move|p2a: Arceus|Cosmic Power|p2a: Arceus\n|-boost|p2a: Arceus|def|1\n|-boost|p2a: Arceus|spd|1\n|\n|-heal|p2a: Arceus|48\/100|[from] item: Leftovers\n|upkeep\n|turn|9\n|\n|t:|1699378924\n|move|p1a: Xmas tree <3|Moonblast|p2a: Arceus\n|-damage|p2a: Arceus|7\/100\n|move|p2a: Arceus|Recover|p2a: Arceus\n|-heal|p2a: Arceus|57\/100\n|\n|-heal|p2a: Arceus|63\/100|[from] item: Leftovers\n|upkeep\n|turn|10\n|\n|t:|1699378931\n|move|p1a: Xmas tree <3|Geomancy||[still]\n|-prepare|p1a: Xmas tree <3|Geomancy\n|move|p2a: Arceus|Recover|p2a: Arceus\n|-heal|p2a: Arceus|100\/100\n|\n|upkeep\n|turn|11\n|\n|t:|1699378936\n|move|p1a: Xmas tree <3|Geomancy|p1a: Xmas tree <3|[from]lockedmove\n|-boost|p1a: Xmas tree <3|spa|2\n|-boost|p1a: Xmas tree <3|spd|2\n|-boost|p1a: Xmas tree <3|spe|2\n|move|p2a: Arceus|Cosmic Power|p2a: Arceus\n|-boost|p2a: Arceus|def|1\n|-boost|p2a: Arceus|spd|1\n|\n|upkeep\n|turn|12\n|\n|t:|1699378945\n|move|p1a: Xmas tree <3|Moonblast|p2a: Arceus\n|-damage|p2a: Arceus|52\/100\n|-unboost|p2a: Arceus|spa|1\n|move|p2a: Arceus|Cosmic Power|p2a: Arceus\n|-boost|p2a: Arceus|def|1\n|-boost|p2a: Arceus|spd|1\n|\n|-heal|p2a: Arceus|58\/100|[from] item: Leftovers\n|upkeep\n|turn|13\n|\n|t:|1699378954\n|move|p1a: Xmas tree <3|Moonblast|p2a: Arceus\n|-damage|p2a: Arceus|18\/100\n|move|p2a: Arceus|Cosmic Power|p2a: Arceus\n|-boost|p2a: Arceus|def|1\n|-boost|p2a: Arceus|spd|1\n|\n|-heal|p2a: Arceus|24\/100|[from] item: Leftovers\n|upkeep\n|turn|14\n|\n|t:|1699378961\n|-terastallize|p2a: Arceus|Poison\n|move|p1a: Xmas tree <3|Moonblast|p2a: Arceus\n|-resisted|p2a: Arceus\n|-damage|p2a: Arceus|6\/100\n|move|p2a: Arceus|Recover|p2a: Arceus\n|-heal|p2a: Arceus|56\/100\n|\n|-heal|p2a: Arceus|62\/100|[from] item: Leftovers\n|upkeep\n|turn|15\n|\n|t:|1699378981\n|move|p1a: Xmas tree <3|Flash Cannon|p2a: Arceus\n|-damage|p2a: Arceus|47\/100\n|move|p2a: Arceus|Body Press|p1a: Xmas tree <3\n|-resisted|p1a: Xmas tree <3\n|-damage|p1a: Xmas tree <3|66\/100\n|\n|-heal|p2a: Arceus|53\/100|[from] item: Leftovers\n|upkeep\n|turn|16\n|\n|t:|1699378989\n|move|p1a: Xmas tree <3|Draining Kiss|p2a: Arceus\n|-resisted|p2a: Arceus\n|-damage|p2a: Arceus|43\/100\n|-heal|p1a: Xmas tree <3|73\/100|[from] drain|[of] p2a: Arceus\n|move|p2a: Arceus|Recover|p2a: Arceus\n|-heal|p2a: Arceus|93\/100\n|\n|-heal|p2a: Arceus|99\/100|[from] item: Leftovers\n|upkeep\n|turn|17\n|\n|t:|1699378999\n|move|p1a: Xmas tree <3|Moonblast|p2a: Arceus\n|-resisted|p2a: Arceus\n|-crit|p2a: Arceus\n|-damage|p2a: Arceus|9\/100\n|move|p2a: Arceus|Body Press|p1a: Xmas tree <3\n|-resisted|p1a: Xmas tree <3\n|-damage|p1a: Xmas tree <3|40\/100\n|\n|-heal|p2a: Arceus|15\/100|[from] item: Leftovers\n|upkeep\n|turn|18\n|c|\u2606Lunarquay|E\n|c|\u2606Lunarquay|Z\n|\n|t:|1699379008\n|move|p1a: Xmas tree <3|Moonblast|p2a: Arceus\n|-resisted|p2a: Arceus\n|-damage|p2a: Arceus|0 fnt\n|faint|p2a: Arceus\n|\n|upkeep\n|\n|t:|1699379013\n|switch|p2a: Chien-Pao|Chien-Pao|100\/100\n|-activate|p2a: Chien-Pao|move: Sticky Web\n|-unboost|p2a: Chien-Pao|spe|1\n|-damage|p2a: Chien-Pao|76\/100|[from] Stealth Rock\n|-ability|p2a: Chien-Pao|Sword of Ruin\n|turn|19\n|\n|t:|1699379028\n|move|p2a: Chien-Pao|Sucker Punch|p1a: Xmas tree <3\n|-resisted|p1a: Xmas tree <3\n|-damage|p1a: Xmas tree <3|12\/100\n|move|p1a: Xmas tree <3|Moonblast|p2a: Chien-Pao\n|-supereffective|p2a: Chien-Pao\n|-damage|p2a: Chien-Pao|0 fnt\n|faint|p2a: Chien-Pao\n|\n|upkeep\n|c|\u2606Lunarquay|E\n|c|\u2606Lunarquay|Z\n|inactive|iusdfhsfdg has 120 seconds left.\n|inactive|iusdfhsfdg has 90 seconds left.\n|-message|iusdfhsfdg forfeited.\n|\n|win|Lunarquay\n|raw|Lunarquay's rating: 1236 &rarr; <strong>1267<\/strong><br \/>(+31 for winning)\n|raw|iusdfhsfdg's rating: 1315 &rarr; <strong>1291<\/strong><br \/>(-24 for losing)\n|l|\u2606iusdfhsfdg\n","uploadtime":1699379084,"views":4,"p1id":"lunarquay","p2id":"iusdfhsfdg","formatid":"gen9nationaldexubers","rating":1267,"private":0,"password":""}