{"id":"gen9nationaldexubers-1993065680","p1":"its_notacewastaken","p2":"Zeno6969","format":"[Gen 9] National Dex Ubers","log":"|j|\u2606its_notacewastaken\n|j|\u2606Zeno6969\n|t:|1700260879\n|gametype|singles\n|player|p1|its_notacewastaken|hilda|\n|player|p2|Zeno6969|ltsurge|\n|teamsize|p1|6\n|teamsize|p2|6\n|gen|9\n|tier|[Gen 9] National Dex Ubers\n|rule|HP Percentage Mod: HP is shown in percentages\n|rule|Endless Battle Clause: Forcing endless battles is banned\n|rule|OHKO Clause: OHKO moves are banned\n|rule|Evasion Moves Clause: Evasion moves are banned\n|rule|Evasion Items Clause: Evasion items are banned\n|rule|Species Clause: Limit one of each Pok\u00e9mon\n|rule|Sleep Clause Mod: Limit one foe put to sleep\n|rule|Mega Rayquaza Clause: You cannot mega evolve Rayquaza\n|clearpoke\n|poke|p1|Garganacl, F|\n|poke|p1|Kingambit, M|\n|poke|p1|Great Tusk|\n|poke|p1|Thundurus-Therian, M|\n|poke|p1|Ting-Lu|\n|poke|p1|Flutter Mane|\n|poke|p2|Tapu Koko|\n|poke|p2|Landorus-Therian, M|\n|poke|p2|Pelipper, F|\n|poke|p2|Swampert, F|\n|poke|p2|Gliscor, F|\n|poke|p2|Ferrothorn, M|\n|teampreview\n|\n|t:|1700260897\n|start\n|switch|p1a: Da Ting goes MADDD|Ting-Lu|100\/100\n|switch|p2a: Lando|Landorus-Therian, M, shiny|100\/100\n|-ability|p2a: Lando|Intimidate|boost\n|-unboost|p1a: Da Ting goes MADDD|atk|1\n|-ability|p1a: Da Ting goes MADDD|Vessel of Ruin\n|turn|1\n|\n|t:|1700260906\n|move|p2a: Lando|Stealth Rock|p1a: Da Ting goes MADDD\n|-sidestart|p1: its_notacewastaken|move: Stealth Rock\n|move|p1a: Da Ting goes MADDD|Stealth Rock|p2a: Lando\n|-sidestart|p2: Zeno6969|move: Stealth Rock\n|\n|upkeep\n|turn|2\n|\n|t:|1700260911\n|move|p2a: Lando|Earthquake|p1a: Da Ting goes MADDD\n|-damage|p1a: Da Ting goes MADDD|76\/100\n|move|p1a: Da Ting goes MADDD|Whirlwind|p2a: Lando\n|drag|p2a: Batman|Gliscor, F, shiny|100\/100\n|-damage|p2a: Batman|88\/100|[from] Stealth Rock\n|\n|-heal|p1a: Da Ting goes MADDD|83\/100|[from] item: Leftovers\n|-status|p2a: Batman|tox|[from] item: Toxic Orb\n|upkeep\n|turn|3\n|\n|t:|1700260928\n|move|p2a: Batman|Knock Off|p1a: Da Ting goes MADDD\n|-resisted|p1a: Da Ting goes MADDD\n|-damage|p1a: Da Ting goes MADDD|77\/100\n|-enditem|p1a: Da Ting goes MADDD|Leftovers|[from] move: Knock Off|[of] p2a: Batman\n|move|p1a: Da Ting goes MADDD|Whirlwind|p2a: Batman\n|drag|p2a: PINKIE|Swampert, F, shiny|100\/100\n|-damage|p2a: PINKIE|94\/100|[from] Stealth Rock\n|\n|upkeep\n|turn|4\n|\n|t:|1700260943\n|-terastallize|p1a: Da Ting goes MADDD|Fairy\n|move|p2a: PINKIE|Waterfall|p1a: Da Ting goes MADDD\n|-damage|p1a: Da Ting goes MADDD|57\/100\n|cant|p1a: Da Ting goes MADDD|flinch\n|\n|upkeep\n|turn|5\n|\n|t:|1700260964\n|switch|p2a: Thorns|Ferrothorn, M|100\/100\n|-damage|p2a: Thorns|94\/100|[from] Stealth Rock\n|move|p1a: Da Ting goes MADDD|Whirlwind|p2a: Thorns\n|drag|p2a: Coock|Tapu Koko|100\/100\n|-fieldstart|move: Electric Terrain|[from] ability: Electric Surge|[of] p2a: Coock\n|\n|upkeep\n|turn|6\n|\n|t:|1700260981\n|move|p2a: Coock|Taunt|p1a: Da Ting goes MADDD\n|-start|p1a: Da Ting goes MADDD|move: Taunt\n|cant|p1a: Da Ting goes MADDD|move: Taunt|Whirlwind\n|\n|upkeep\n|turn|7\n|\n|t:|1700260989\n|switch|p2a: Thorns|Ferrothorn, M|94\/100\n|-damage|p2a: Thorns|88\/100|[from] Stealth Rock\n|move|p1a: Da Ting goes MADDD|Earthquake|p2a: Thorns\n|-damage|p2a: Thorns|73\/100\n|\n|upkeep\n|turn|8\n|\n|t:|1700260997\n|move|p1a: Da Ting goes MADDD|Ruination|p2a: Thorns\n|-damage|p2a: Thorns|37\/100\n|move|p2a: Thorns|Leech Seed|p1a: Da Ting goes MADDD\n|-start|p1a: Da Ting goes MADDD|move: Leech Seed\n|\n|-damage|p1a: Da Ting goes MADDD|44\/100|[from] Leech Seed|[of] p2a: Thorns\n|-heal|p2a: Thorns|55\/100|[silent]\n|-end|p1a: Da Ting goes MADDD|move: Taunt\n|upkeep\n|turn|9\n|\n|t:|1700261008\n|move|p2a: Thorns|Protect|p2a: Thorns\n|-singleturn|p2a: Thorns|Protect\n|move|p1a: Da Ting goes MADDD|Whirlwind|p2a: Thorns\n|drag|p2a: Lando|Landorus-Therian, M, shiny|100\/100\n|-damage|p2a: Lando|88\/100|[from] Stealth Rock\n|-ability|p2a: Lando|Intimidate|boost\n|-unboost|p1a: Da Ting goes MADDD|atk|1\n|\n|-heal|p2a: Lando|94\/100|[from] item: Leftovers\n|-damage|p1a: Da Ting goes MADDD|32\/100|[from] Leech Seed|[of] p2a: Lando\n|-heal|p2a: Lando|100\/100|[silent]\n|-fieldend|move: Electric Terrain\n|upkeep\n|turn|10\n|\n|t:|1700261022\n|move|p2a: Lando|Toxic|p1a: Da Ting goes MADDD|[miss]\n|-miss|p2a: Lando|p1a: Da Ting goes MADDD\n|move|p1a: Da Ting goes MADDD|Whirlwind|p2a: Lando\n|drag|p2a: Batman|Gliscor, F, shiny|88\/100 tox\n|-damage|p2a: Batman|76\/100 tox|[from] Stealth Rock\n|\n|-damage|p1a: Da Ting goes MADDD|19\/100|[from] Leech Seed|[of] p2a: Batman\n|-heal|p2a: Batman|94\/100 tox|[silent]\n|-heal|p2a: Batman|100\/100 tox|[from] ability: Poison Heal\n|upkeep\n|turn|11\n|\n|t:|1700261038\n|move|p2a: Batman|Knock Off|p1a: Da Ting goes MADDD\n|-resisted|p1a: Da Ting goes MADDD\n|-damage|p1a: Da Ting goes MADDD|16\/100\n|move|p1a: Da Ting goes MADDD|Whirlwind|p2a: Batman\n|drag|p2a: Coock|Tapu Koko|100\/100\n|-fieldstart|move: Electric Terrain|[from] ability: Electric Surge|[of] p2a: Coock\n|\n|-damage|p1a: Da Ting goes MADDD|3\/100|[from] Leech Seed|[of] p2a: Coock\n|upkeep\n|turn|12\n|\n|t:|1700261047\n|move|p2a: Coock|Dazzling Gleam|p1a: Da Ting goes MADDD\n|-damage|p1a: Da Ting goes MADDD|0 fnt\n|faint|p1a: Da Ting goes MADDD\n|\n|upkeep\n|\n|t:|1700261054\n|switch|p1a: Basalt|Garganacl, F|100\/100\n|-damage|p1a: Basalt|88\/100|[from] Stealth Rock\n|turn|13\n|\n|t:|1700261065\n|switch|p2a: Thorns|Ferrothorn, M|55\/100\n|-damage|p2a: Thorns|49\/100|[from] Stealth Rock\n|move|p1a: Basalt|Curse|p1a: Basalt\n|-unboost|p1a: Basalt|spe|1\n|-boost|p1a: Basalt|atk|1\n|-boost|p1a: Basalt|def|1\n|\n|-heal|p1a: Basalt|94\/100|[from] item: Leftovers\n|upkeep\n|turn|14\n|\n|t:|1700261080\n|move|p1a: Basalt|Salt Cure|p2a: Thorns\n|-resisted|p2a: Thorns\n|-damage|p2a: Thorns|43\/100\n|-start|p2a: Thorns|Salt Cure\n|move|p2a: Thorns|Leech Seed|p1a: Basalt\n|-start|p1a: Basalt|move: Leech Seed\n|\n|-heal|p1a: Basalt|100\/100|[from] item: Leftovers\n|-damage|p1a: Basalt|88\/100|[from] Leech Seed|[of] p2a: Thorns\n|-heal|p2a: Thorns|57\/100|[silent]\n|-damage|p2a: Thorns|32\/100|[from] Salt Cure\n|upkeep\n|turn|15\n|\n|t:|1700261092\n|move|p2a: Thorns|Protect|p2a: Thorns\n|-singleturn|p2a: Thorns|Protect\n|move|p1a: Basalt|Curse|p1a: Basalt\n|-unboost|p1a: Basalt|spe|1\n|-boost|p1a: Basalt|atk|1\n|-boost|p1a: Basalt|def|1\n|\n|-heal|p1a: Basalt|94\/100|[from] item: Leftovers\n|-damage|p1a: Basalt|82\/100|[from] Leech Seed|[of] p2a: Thorns\n|-heal|p2a: Thorns|46\/100|[silent]\n|-damage|p2a: Thorns|21\/100|[from] Salt Cure\n|-fieldend|move: Electric Terrain\n|upkeep\n|turn|16\n|\n|t:|1700261104\n|move|p1a: Basalt|Earthquake|p2a: Thorns\n|-damage|p2a: Thorns|0 fnt\n|faint|p2a: Thorns\n|\n|-heal|p1a: Basalt|88\/100|[from] item: Leftovers\n|upkeep\n|\n|t:|1700261110\n|switch|p2a: PINKIE|Swampert, F, shiny|94\/100\n|-damage|p2a: PINKIE|88\/100|[from] Stealth Rock\n|turn|17\n|\n|t:|1700261118\n|detailschange|p2a: PINKIE|Swampert-Mega, F, shiny\n|-mega|p2a: PINKIE|Swampert|Swampertite\n|move|p2a: PINKIE|Waterfall|p1a: Basalt\n|-supereffective|p1a: Basalt\n|-damage|p1a: Basalt|58\/100\n|move|p1a: Basalt|Salt Cure|p2a: PINKIE\n|-resisted|p2a: PINKIE\n|-damage|p2a: PINKIE|76\/100\n|-start|p2a: PINKIE|Salt Cure\n|\n|-heal|p1a: Basalt|64\/100|[from] item: Leftovers\n|-damage|p1a: Basalt|52\/100|[from] Leech Seed|[of] p2a: PINKIE\n|-heal|p2a: PINKIE|90\/100|[silent]\n|-damage|p2a: PINKIE|65\/100|[from] Salt Cure\n|upkeep\n|turn|18\n|\n|t:|1700261130\n|move|p2a: PINKIE|Ice Punch|p1a: Basalt\n|-damage|p1a: Basalt|42\/100\n|move|p1a: Basalt|Recover|p1a: Basalt\n|-heal|p1a: Basalt|92\/100\n|\n|-heal|p1a: Basalt|98\/100|[from] item: Leftovers\n|-damage|p1a: Basalt|86\/100|[from] Leech Seed|[of] p2a: PINKIE\n|-heal|p2a: PINKIE|80\/100|[silent]\n|-damage|p2a: PINKIE|55\/100|[from] Salt Cure\n|upkeep\n|turn|19\n|\n|t:|1700261141\n|move|p2a: PINKIE|Waterfall|p1a: Basalt\n|-supereffective|p1a: Basalt\n|-damage|p1a: Basalt|51\/100\n|move|p1a: Basalt|Recover|p1a: Basalt\n|-heal|p1a: Basalt|100\/100\n|\n|-damage|p1a: Basalt|88\/100|[from] Leech Seed|[of] p2a: PINKIE\n|-heal|p2a: PINKIE|70\/100|[silent]\n|-damage|p2a: PINKIE|45\/100|[from] Salt Cure\n|upkeep\n|turn|20\n|\n|t:|1700261150\n|move|p2a: PINKIE|Waterfall|p1a: Basalt\n|-supereffective|p1a: Basalt\n|-damage|p1a: Basalt|58\/100\n|move|p1a: Basalt|Curse|p1a: Basalt\n|-unboost|p1a: Basalt|spe|1\n|-boost|p1a: Basalt|atk|1\n|-boost|p1a: Basalt|def|1\n|\n|-heal|p1a: Basalt|64\/100|[from] item: Leftovers\n|-damage|p1a: Basalt|52\/100|[from] Leech Seed|[of] p2a: PINKIE\n|-heal|p2a: PINKIE|60\/100|[silent]\n|-damage|p2a: PINKIE|35\/100|[from] Salt Cure\n|upkeep\n|turn|21\n|\n|t:|1700261161\n|move|p2a: PINKIE|Earthquake|p1a: Basalt\n|-supereffective|p1a: Basalt\n|-damage|p1a: Basalt|22\/100\n|move|p1a: Basalt|Recover|p1a: Basalt\n|-heal|p1a: Basalt|72\/100\n|\n|-heal|p1a: Basalt|78\/100|[from] item: Leftovers\n|-damage|p1a: Basalt|66\/100|[from] Leech Seed|[of] p2a: PINKIE\n|-heal|p2a: PINKIE|49\/100|[silent]\n|-damage|p2a: PINKIE|24\/100|[from] Salt Cure\n|upkeep\n|turn|22\n|\n|t:|1700261171\n|move|p2a: PINKIE|Stone Edge|p1a: Basalt\n|-damage|p1a: Basalt|55\/100\n|move|p1a: Basalt|Recover|p1a: Basalt\n|-heal|p1a: Basalt|100\/100\n|\n|-damage|p1a: Basalt|88\/100|[from] Leech Seed|[of] p2a: PINKIE\n|-heal|p2a: PINKIE|39\/100|[silent]\n|-damage|p2a: PINKIE|14\/100|[from] Salt Cure\n|upkeep\n|turn|23\n|\n|t:|1700261184\n|move|p2a: PINKIE|Earthquake|p1a: Basalt\n|-supereffective|p1a: Basalt\n|-damage|p1a: Basalt|55\/100\n|move|p1a: Basalt|Curse|p1a: Basalt\n|-unboost|p1a: Basalt|spe|1\n|-boost|p1a: Basalt|atk|1\n|-boost|p1a: Basalt|def|1\n|\n|-heal|p1a: Basalt|62\/100|[from] item: Leftovers\n|-damage|p1a: Basalt|49\/100|[from] Leech Seed|[of] p2a: PINKIE\n|-heal|p2a: PINKIE|29\/100|[silent]\n|-damage|p2a: PINKIE|4\/100|[from] Salt Cure\n|upkeep\n|turn|24\n|c|\u2606Zeno6969|u won\n|\n|t:|1700261197\n|move|p2a: PINKIE|Earthquake|p1a: Basalt\n|-supereffective|p1a: Basalt\n|-damage|p1a: Basalt|25\/100\n|move|p1a: Basalt|Recover|p1a: Basalt\n|-heal|p1a: Basalt|75\/100\n|\n|-heal|p1a: Basalt|81\/100|[from] item: Leftovers\n|-damage|p1a: Basalt|69\/100|[from] Leech Seed|[of] p2a: PINKIE\n|-heal|p2a: PINKIE|19\/100|[silent]\n|-damage|p2a: PINKIE|0 fnt|[from] Salt Cure\n|faint|p2a: PINKIE\n|upkeep\n|\n|t:|1700261208\n|switch|p2a: Birb|Pelipper, F, shiny|100\/100\n|-damage|p2a: Birb|76\/100|[from] Stealth Rock\n|-weather|RainDance|[from] ability: Drizzle|[of] p2a: Birb\n|turn|25\n|\n|t:|1700261216\n|move|p2a: Birb|Roost|p2a: Birb\n|-heal|p2a: Birb|100\/100\n|-singleturn|p2a: Birb|move: Roost\n|move|p1a: Basalt|Salt Cure|p2a: Birb\n|-damage|p2a: Birb|69\/100\n|-start|p2a: Birb|Salt Cure\n|\n|-weather|RainDance|[upkeep]\n|-heal|p1a: Basalt|75\/100|[from] item: Leftovers\n|-damage|p1a: Basalt|63\/100|[from] Leech Seed|[of] p2a: Birb\n|-heal|p2a: Birb|84\/100|[silent]\n|-damage|p2a: Birb|59\/100|[from] Salt Cure\n|upkeep\n|turn|26\n|\n|t:|1700261227\n|move|p2a: Birb|Roost|p2a: Birb\n|-heal|p2a: Birb|100\/100\n|-singleturn|p2a: Birb|move: Roost\n|move|p1a: Basalt|Recover|p1a: Basalt\n|-heal|p1a: Basalt|100\/100\n|\n|-weather|RainDance|[upkeep]\n|-damage|p1a: Basalt|88\/100|[from] Leech Seed|[of] p2a: Birb\n|-damage|p2a: Birb|76\/100|[from] Salt Cure\n|upkeep\n|turn|27\n|\n|t:|1700261239\n|move|p2a: Birb|Scald|p1a: Basalt\n|-supereffective|p1a: Basalt\n|-damage|p1a: Basalt|40\/100\n|move|p1a: Basalt|Curse|p1a: Basalt\n|-unboost|p1a: Basalt|spe|1\n|-boost|p1a: Basalt|atk|1\n|-boost|p1a: Basalt|def|1\n|\n|-weather|RainDance|[upkeep]\n|-heal|p1a: Basalt|46\/100|[from] item: Leftovers\n|-damage|p1a: Basalt|34\/100|[from] Leech Seed|[of] p2a: Birb\n|-heal|p2a: Birb|91\/100|[silent]\n|-damage|p2a: Birb|66\/100|[from] Salt Cure\n|upkeep\n|turn|28\n|\n|t:|1700261251\n|move|p2a: Birb|Defog|p1a: Basalt\n|-unboost|p1a: Basalt|evasion|1\n|-sideend|p1: its_notacewastaken|Stealth Rock|[from] move: Defog|[of] p2a: Birb\n|-sideend|p2: Zeno6969|Stealth Rock|[from] move: Defog|[of] p2a: Birb\n|move|p1a: Basalt|Recover|p1a: Basalt\n|-heal|p1a: Basalt|84\/100\n|\n|-weather|RainDance|[upkeep]\n|-heal|p1a: Basalt|90\/100|[from] item: Leftovers\n|-damage|p1a: Basalt|78\/100|[from] Leech Seed|[of] p2a: Birb\n|-heal|p2a: Birb|82\/100|[silent]\n|-damage|p2a: Birb|57\/100|[from] Salt Cure\n|upkeep\n|turn|29\n|\n|t:|1700261271\n|move|p2a: Birb|Roost|p2a: Birb\n|-heal|p2a: Birb|100\/100\n|-singleturn|p2a: Birb|move: Roost\n|move|p1a: Basalt|Curse|p1a: Basalt\n|-unboost|p1a: Basalt|spe|1\n|-boost|p1a: Basalt|atk|1\n|-boost|p1a: Basalt|def|1\n|\n|-weather|RainDance|[upkeep]\n|-heal|p1a: Basalt|84\/100|[from] item: Leftovers\n|-damage|p1a: Basalt|72\/100|[from] Leech Seed|[of] p2a: Birb\n|-damage|p2a: Birb|76\/100|[from] Salt Cure\n|upkeep\n|turn|30\n|\n|t:|1700261283\n|move|p2a: Birb|Defog|p1a: Basalt\n|-unboost|p1a: Basalt|evasion|1\n|move|p1a: Basalt|Recover|p1a: Basalt\n|-heal|p1a: Basalt|100\/100\n|\n|-weather|RainDance|[upkeep]\n|-damage|p1a: Basalt|88\/100|[from] Leech Seed|[of] p2a: Birb\n|-heal|p2a: Birb|91\/100|[silent]\n|-damage|p2a: Birb|66\/100|[from] Salt Cure\n|upkeep\n|turn|31\n|c|\u2606its_notacewastaken|veri funny team\n|c|\u2606its_notacewastaken|right\n|\n|t:|1700261295\n|move|p2a: Birb|Defog|p1a: Basalt\n|-unboost|p1a: Basalt|evasion|1\n|move|p1a: Basalt|Earthquake|p2a: Birb\n|-immune|p2a: Birb\n|\n|-weather|RainDance|[upkeep]\n|-heal|p1a: Basalt|94\/100|[from] item: Leftovers\n|-damage|p1a: Basalt|82\/100|[from] Leech Seed|[of] p2a: Birb\n|-heal|p2a: Birb|82\/100|[silent]\n|-damage|p2a: Birb|57\/100|[from] Salt Cure\n|upkeep\n|turn|32\n|c|\u2606Zeno6969|....\n|\n|t:|1700261305\n|move|p2a: Birb|Scald|p1a: Basalt\n|-supereffective|p1a: Basalt\n|-damage|p1a: Basalt|30\/100\n|move|p1a: Basalt|Salt Cure|p2a: Birb\n|-supereffective|p2a: Birb\n|-damage|p2a: Birb|0 fnt\n|faint|p2a: Birb\n|\n|-weather|none\n|-heal|p1a: Basalt|36\/100|[from] item: Leftovers\n|upkeep\n|\n|t:|1700261316\n|switch|p2a: Coock|Tapu Koko|100\/100\n|-fieldstart|move: Electric Terrain|[from] ability: Electric Surge|[of] p2a: Coock\n|turn|33\n|\n|t:|1700261323\n|move|p2a: Coock|Dazzling Gleam|p1a: Basalt\n|-damage|p1a: Basalt|13\/100\n|move|p1a: Basalt|Earthquake|p2a: Coock\n|-supereffective|p2a: Coock\n|-damage|p2a: Coock|0 fnt\n|faint|p2a: Coock\n|\n|-heal|p1a: Basalt|19\/100|[from] item: Leftovers\n|upkeep\n|\n|t:|1700261331\n|switch|p2a: Lando|Landorus-Therian, M, shiny|100\/100\n|-ability|p2a: Lando|Intimidate|boost\n|-unboost|p1a: Basalt|atk|1\n|turn|34\n|c|\u2606its_notacewastaken|Basalt soloss!!!\n|\n|t:|1700261337\n|move|p2a: Lando|Toxic|p1a: Basalt\n|-immune|p1a: Basalt|[from] ability: Purifying Salt\n|move|p1a: Basalt|Salt Cure|p2a: Lando\n|-damage|p2a: Lando|58\/100\n|-start|p2a: Lando|Salt Cure\n|\n|-heal|p2a: Lando|64\/100|[from] item: Leftovers\n|-heal|p1a: Basalt|25\/100|[from] item: Leftovers\n|-damage|p1a: Basalt|13\/100|[from] Leech Seed|[of] p2a: Lando\n|-heal|p2a: Lando|77\/100|[silent]\n|-damage|p2a: Lando|65\/100|[from] Salt Cure\n|upkeep\n|turn|35\n|\n|t:|1700261349\n|move|p2a: Lando|Earthquake|p1a: Basalt\n|-supereffective|p1a: Basalt\n|-damage|p1a: Basalt|0 fnt\n|faint|p1a: Basalt\n|\n|-heal|p2a: Lando|71\/100|[from] item: Leftovers\n|-damage|p2a: Lando|58\/100|[from] Salt Cure\n|upkeep\n|\n|t:|1700261366\n|switch|p1a: Nebula|Flutter Mane|100\/100\n|turn|36\n|\n|t:|1700261391\n|-terastallize|p2a: Lando|Ground\n|move|p1a: Nebula|Shadow Ball|p2a: Lando\n|-damage|p2a: Lando|4\/100\n|move|p2a: Lando|Stealth Rock|p1a: Nebula\n|-sidestart|p1: its_notacewastaken|move: Stealth Rock\n|\n|-heal|p2a: Lando|10\/100|[from] item: Leftovers\n|-damage|p2a: Lando|0 fnt|[from] Salt Cure\n|faint|p2a: Lando\n|upkeep\n|\n|t:|1700261401\n|switch|p2a: Batman|Gliscor, F, shiny|100\/100 tox\n|turn|37\n|\n|t:|1700261408\n|move|p2a: Batman|Protect|p2a: Batman\n|-singleturn|p2a: Batman|Protect\n|move|p1a: Nebula|Shadow Ball|p2a: Batman\n|-activate|p2a: Batman|move: Protect\n|\n|-fieldend|move: Electric Terrain\n|upkeep\n|turn|38\n|\n|t:|1700261415\n|move|p1a: Nebula|Shadow Ball|p2a: Batman\n|-damage|p2a: Batman|26\/100 tox\n|-unboost|p2a: Batman|spd|1\n|move|p2a: Batman|Knock Off|p1a: Nebula\n|-damage|p1a: Nebula|50\/100\n|-enditem|p1a: Nebula|Choice Specs|[from] move: Knock Off|[of] p2a: Batman\n|\n|-heal|p2a: Batman|38\/100 tox|[from] ability: Poison Heal\n|upkeep\n|turn|39\n|\n|t:|1700261430\n|move|p2a: Batman|Protect|p2a: Batman\n|-singleturn|p2a: Batman|Protect\n|move|p1a: Nebula|Moonblast|p2a: Batman\n|-activate|p2a: Batman|move: Protect\n|\n|-heal|p2a: Batman|51\/100 tox|[from] ability: Poison Heal\n|upkeep\n|turn|40\n|\n|t:|1700261438\n|move|p1a: Nebula|Moonblast|p2a: Batman\n|-damage|p2a: Batman|0 fnt\n|faint|p2a: Batman\n|\n|win|its_notacewastaken\n|c|\u2606its_notacewastaken|GG\n|c|\u2606Zeno6969|ripp\n","uploadtime":1700261447,"views":12,"p1id":"itsnotacewastaken","p2id":"zeno6969","formatid":"gen9nationaldexubers","rating":0,"private":0,"password":""}