{"id":"gen9nationaldexubers-1985301595","p1":"FLOWER-M0DE\u267b\ufe0f","p2":"Vitor 44","format":"[Gen 9] National Dex Ubers","log":"|j|\u2606FLOWER-M0DE\u267b\ufe0f\n|j|\u2606Vitor 44\n|t:|1699362054\n|gametype|singles\n|player|p1|FLOWER-M0DE\u267b\ufe0f|erika-masters|1027\n|player|p2|Vitor 44|veteran|1074\n|teamsize|p1|6\n|teamsize|p2|6\n|gen|9\n|tier|[Gen 9] National Dex Ubers\n|rated|\n|rule|HP Percentage Mod: HP is shown in percentages\n|rule|Endless Battle Clause: Forcing endless battles is banned\n|rule|OHKO Clause: OHKO moves are banned\n|rule|Evasion Moves Clause: Evasion moves are banned\n|rule|Evasion Items Clause: Evasion items are banned\n|rule|Species Clause: Limit one of each Pok\u00e9mon\n|rule|Sleep Clause Mod: Limit one foe put to sleep\n|rule|Mega Rayquaza Clause: You cannot mega evolve Rayquaza\n|clearpoke\n|poke|p1|Shaymin-Sky|\n|poke|p1|Leafeon, M|\n|poke|p1|Ogerpon-Hearthflame, F|\n|poke|p1|Tapu Bulu|\n|poke|p1|Lilligant, F|\n|poke|p1|Sceptile, M|\n|poke|p2|Sceptile, M|\n|poke|p2|Zoroark, M|\n|poke|p2|Scizor, M|\n|poke|p2|Noivern, M|\n|poke|p2|Grafaiai, F|\n|poke|p2|Armarouge, M|\n|teampreview\n|\n|t:|1699362067\n|start\n|switch|p1a: \ud83d\udc90LEAFEON\u2618\ufe0f\ud83c\udf8b|Leafeon, M, shiny|100\/100\n|switch|p2a: Grafaiai|Grafaiai, F|100\/100\n|turn|1\n|\n|t:|1699362076\n|move|p1a: \ud83d\udc90LEAFEON\u2618\ufe0f\ud83c\udf8b|Sunny Day|p1a: \ud83d\udc90LEAFEON\u2618\ufe0f\ud83c\udf8b\n|-weather|SunnyDay\n|move|p2a: Grafaiai|Nasty Plot|p2a: Grafaiai\n|-boost|p2a: Grafaiai|spa|2\n|\n|-weather|SunnyDay|[upkeep]\n|upkeep\n|turn|2\n|\n|t:|1699362084\n|move|p1a: \ud83d\udc90LEAFEON\u2618\ufe0f\ud83c\udf8b|Swords Dance|p1a: \ud83d\udc90LEAFEON\u2618\ufe0f\ud83c\udf8b\n|-boost|p1a: \ud83d\udc90LEAFEON\u2618\ufe0f\ud83c\udf8b|atk|2\n|move|p2a: Grafaiai|Sludge Bomb|p1a: \ud83d\udc90LEAFEON\u2618\ufe0f\ud83c\udf8b\n|-supereffective|p1a: \ud83d\udc90LEAFEON\u2618\ufe0f\ud83c\udf8b\n|-damage|p1a: \ud83d\udc90LEAFEON\u2618\ufe0f\ud83c\udf8b|0 fnt\n|faint|p1a: \ud83d\udc90LEAFEON\u2618\ufe0f\ud83c\udf8b\n|\n|-weather|SunnyDay|[upkeep]\n|upkeep\n|\n|t:|1699362099\n|switch|p1a: \ud83c\udf8d\ud83c\udf43TAPU BULU\ud83c\udf34|Tapu Bulu, shiny|100\/100\n|-fieldstart|move: Grassy Terrain|[from] ability: Grassy Surge|[of] p1a: \ud83c\udf8d\ud83c\udf43TAPU BULU\ud83c\udf34\n|turn|3\n|\n|t:|1699362106\n|move|p2a: Grafaiai|Sludge Bomb|p1a: \ud83c\udf8d\ud83c\udf43TAPU BULU\ud83c\udf34\n|-supereffective|p1a: \ud83c\udf8d\ud83c\udf43TAPU BULU\ud83c\udf34\n|-damage|p1a: \ud83c\udf8d\ud83c\udf43TAPU BULU\ud83c\udf34|0 fnt\n|faint|p1a: \ud83c\udf8d\ud83c\udf43TAPU BULU\ud83c\udf34\n|\n|-weather|SunnyDay|[upkeep]\n|upkeep\n|\n|t:|1699362115\n|switch|p1a: \ud83c\udf3a\ud83d\udc90LILLIGANT\ud83d\udc90\ud83c\udf3a|Lilligant, F, shiny|100\/100\n|turn|4\n|\n|t:|1699362124\n|move|p1a: \ud83c\udf3a\ud83d\udc90LILLIGANT\ud83d\udc90\ud83c\udf3a|Leaf Storm|p2a: Grafaiai\n|-enditem|p2a: Grafaiai|Focus Sash\n|-damage|p2a: Grafaiai|1\/100\n|-unboost|p1a: \ud83c\udf3a\ud83d\udc90LILLIGANT\ud83d\udc90\ud83c\udf3a|spa|2\n|replace|p2a: Zoroark|Zoroark, M\n|-end|p2a: Zoroark|Illusion\n|move|p2a: Zoroark|Sludge Bomb|p1a: \ud83c\udf3a\ud83d\udc90LILLIGANT\ud83d\udc90\ud83c\udf3a\n|-supereffective|p1a: \ud83c\udf3a\ud83d\udc90LILLIGANT\ud83d\udc90\ud83c\udf3a\n|-damage|p1a: \ud83c\udf3a\ud83d\udc90LILLIGANT\ud83d\udc90\ud83c\udf3a|0 fnt\n|faint|p1a: \ud83c\udf3a\ud83d\udc90LILLIGANT\ud83d\udc90\ud83c\udf3a\n|\n|-weather|SunnyDay|[upkeep]\n|-heal|p2a: Zoroark|7\/100|[from] Grassy Terrain\n|upkeep\n|\n|t:|1699362137\n|switch|p1a: \ud83c\udf3f\ud83c\udf3fSCEPTILE\ud83c\udf32\ud83c\udf32|Sceptile, M, shiny|100\/100\n|turn|5\n|\n|t:|1699362144\n|detailschange|p1a: \ud83c\udf3f\ud83c\udf3fSCEPTILE\ud83c\udf32\ud83c\udf32|Sceptile-Mega, M, shiny\n|-mega|p1a: \ud83c\udf3f\ud83c\udf3fSCEPTILE\ud83c\udf32\ud83c\udf32|Sceptile|Sceptilite\n|move|p1a: \ud83c\udf3f\ud83c\udf3fSCEPTILE\ud83c\udf32\ud83c\udf32|Giga Drain|p2a: Zoroark\n|-damage|p2a: Zoroark|0 fnt\n|faint|p2a: Zoroark\n|\n|-weather|SunnyDay|[upkeep]\n|upkeep\n|\n|t:|1699362160\n|switch|p2a: Grafaiai|Grafaiai, F|100\/100\n|turn|6\n|\n|t:|1699362167\n|move|p1a: \ud83c\udf3f\ud83c\udf3fSCEPTILE\ud83c\udf32\ud83c\udf32|Frenzy Plant|p2a: Grafaiai|[miss]\n|-miss|p1a: \ud83c\udf3f\ud83c\udf3fSCEPTILE\ud83c\udf32\ud83c\udf32|p2a: Grafaiai\n|move|p2a: Grafaiai|Gunk Shot|p1a: \ud83c\udf3f\ud83c\udf3fSCEPTILE\ud83c\udf32\ud83c\udf32\n|-supereffective|p1a: \ud83c\udf3f\ud83c\udf3fSCEPTILE\ud83c\udf32\ud83c\udf32\n|-damage|p1a: \ud83c\udf3f\ud83c\udf3fSCEPTILE\ud83c\udf32\ud83c\udf32|0 fnt\n|faint|p1a: \ud83c\udf3f\ud83c\udf3fSCEPTILE\ud83c\udf32\ud83c\udf32\n|\n|-weather|SunnyDay|[upkeep]\n|upkeep\n|\n|t:|1699362176\n|switch|p1a: \ud83c\udff5\ud83c\udf40OPERGON\ud83c\udf40\ud83d\udc90|Ogerpon-Hearthflame, F|100\/100\n|-ability|p1a: \ud83c\udff5\ud83c\udf40OPERGON\ud83c\udf40\ud83d\udc90|Mold Breaker\n|turn|7\n|\n|t:|1699362184\n|-terastallize|p1a: \ud83c\udff5\ud83c\udf40OPERGON\ud83c\udf40\ud83d\udc90|Fire\n|detailschange|p1a: \ud83c\udff5\ud83c\udf40OPERGON\ud83c\udf40\ud83d\udc90|Ogerpon-Hearthflame-Tera, F, tera:Fire\n|-ability|p1a: \ud83c\udff5\ud83c\udf40OPERGON\ud83c\udf40\ud83d\udc90|Embody Aspect (Hearthflame)|boost\n|-boost|p1a: \ud83c\udff5\ud83c\udf40OPERGON\ud83c\udf40\ud83d\udc90|atk|1\n|move|p1a: \ud83c\udff5\ud83c\udf40OPERGON\ud83c\udf40\ud83d\udc90|Trailblaze|p2a: Grafaiai\n|-resisted|p2a: Grafaiai\n|-damage|p2a: Grafaiai|42\/100\n|-boost|p1a: \ud83c\udff5\ud83c\udf40OPERGON\ud83c\udf40\ud83d\udc90|spe|1\n|move|p2a: Grafaiai|Gunk Shot|p1a: \ud83c\udff5\ud83c\udf40OPERGON\ud83c\udf40\ud83d\udc90\n|-damage|p1a: \ud83c\udff5\ud83c\udf40OPERGON\ud83c\udf40\ud83d\udc90|31\/100\n|\n|-weather|SunnyDay|[upkeep]\n|-heal|p1a: \ud83c\udff5\ud83c\udf40OPERGON\ud83c\udf40\ud83d\udc90|37\/100|[from] Grassy Terrain\n|-heal|p2a: Grafaiai|48\/100|[from] Grassy Terrain\n|upkeep\n|turn|8\n|\n|t:|1699362200\n|move|p1a: \ud83c\udff5\ud83c\udf40OPERGON\ud83c\udf40\ud83d\udc90|Ivy Cudgel|p2a: Grafaiai\n|-damage|p2a: Grafaiai|0 fnt\n|faint|p2a: Grafaiai\n|\n|-weather|none\n|-heal|p1a: \ud83c\udff5\ud83c\udf40OPERGON\ud83c\udf40\ud83d\udc90|43\/100|[from] Grassy Terrain\n|upkeep\n|\n|t:|1699362213\n|switch|p2a: Noivern|Noivern, M|100\/100\n|turn|9\n|\n|t:|1699362219\n|-terastallize|p2a: Noivern|Rock\n|move|p1a: \ud83c\udff5\ud83c\udf40OPERGON\ud83c\udf40\ud83d\udc90|Ivy Cudgel|p2a: Noivern\n|-resisted|p2a: Noivern\n|-damage|p2a: Noivern|18\/100\n|-enditem|p2a: Noivern|Sitrus Berry|[eat]\n|-heal|p2a: Noivern|43\/100|[from] item: Sitrus Berry\n|move|p2a: Noivern|Tera Blast|p1a: \ud83c\udff5\ud83c\udf40OPERGON\ud83c\udf40\ud83d\udc90|[anim] Tera Blast Rock\n|-supereffective|p1a: \ud83c\udff5\ud83c\udf40OPERGON\ud83c\udf40\ud83d\udc90\n|-damage|p1a: \ud83c\udff5\ud83c\udf40OPERGON\ud83c\udf40\ud83d\udc90|0 fnt\n|faint|p1a: \ud83c\udff5\ud83c\udf40OPERGON\ud83c\udf40\ud83d\udc90\n|\n|-heal|p2a: Noivern|50\/100|[from] Grassy Terrain\n|upkeep\n|\n|t:|1699362232\n|switch|p1a: \ud83c\udf3a\ud83c\udf37SHAYMIN\ud83c\udf37\ud83d\udc90|Shaymin-Sky, shiny|100\/100\n|turn|10\n|\n|t:|1699362237\n|move|p1a: \ud83c\udf3a\ud83c\udf37SHAYMIN\ud83c\udf37\ud83d\udc90|Seed Flare|p2a: Noivern\n|-supereffective|p2a: Noivern\n|-damage|p2a: Noivern|0 fnt\n|faint|p2a: Noivern\n|\n|-fieldend|move: Grassy Terrain\n|upkeep\n|\n|t:|1699362245\n|switch|p2a: Sceptile|Sceptile, M|100\/100\n|turn|11\n|\n|t:|1699362251\n|detailschange|p2a: Sceptile|Sceptile-Mega, M\n|-mega|p2a: Sceptile|Sceptile|Sceptilite\n|move|p2a: Sceptile|Dragon Dance|p2a: Sceptile\n|-boost|p2a: Sceptile|atk|1\n|-boost|p2a: Sceptile|spe|1\n|move|p1a: \ud83c\udf3a\ud83c\udf37SHAYMIN\ud83c\udf37\ud83d\udc90|Air Slash|p2a: Sceptile\n|-supereffective|p2a: Sceptile\n|-damage|p2a: Sceptile|0 fnt\n|faint|p2a: Sceptile\n|\n|upkeep\n|\n|t:|1699362261\n|switch|p2a: Armarouge|Armarouge, M|100\/100\n|turn|12\n|\n|t:|1699362265\n|move|p1a: \ud83c\udf3a\ud83c\udf37SHAYMIN\ud83c\udf37\ud83d\udc90|Air Slash|p2a: Armarouge\n|-damage|p2a: Armarouge|46\/100\n|cant|p2a: Armarouge|flinch\n|\n|upkeep\n|turn|13\n|\n|t:|1699362272\n|move|p1a: \ud83c\udf3a\ud83c\udf37SHAYMIN\ud83c\udf37\ud83d\udc90|Air Slash|p2a: Armarouge\n|-damage|p2a: Armarouge|0 fnt\n|faint|p2a: Armarouge\n|\n|upkeep\n|\n|t:|1699362277\n|switch|p2a: Scizor|Scizor, M|100\/100\n|turn|14\n|\n|t:|1699362280\n|move|p1a: \ud83c\udf3a\ud83c\udf37SHAYMIN\ud83c\udf37\ud83d\udc90|Seed Flare|p2a: Scizor\n|-resisted|p2a: Scizor\n|-damage|p2a: Scizor|77\/100\n|-unboost|p2a: Scizor|spd|2\n|move|p2a: Scizor|Bug Bite|p1a: \ud83c\udf3a\ud83c\udf37SHAYMIN\ud83c\udf37\ud83d\udc90\n|-damage|p1a: \ud83c\udf3a\ud83c\udf37SHAYMIN\ud83c\udf37\ud83d\udc90|43\/100\n|\n|-heal|p2a: Scizor|83\/100|[from] item: Leftovers\n|upkeep\n|turn|15\n|\n|t:|1699362290\n|move|p1a: \ud83c\udf3a\ud83c\udf37SHAYMIN\ud83c\udf37\ud83d\udc90|Air Slash|p2a: Scizor\n|-damage|p2a: Scizor|0 fnt\n|faint|p2a: Scizor\n|\n|win|FLOWER-M0DE\u267b\ufe0f\n|raw|FLOWER-M0DE\u267b\ufe0f's rating: 1027 &rarr; <strong>1068<\/strong><br \/>(+41 for winning)\n|raw|Vitor 44's rating: 1074 &rarr; <strong>1050<\/strong><br \/>(-24 for losing)\n|l|\u2606Vitor 44\n","uploadtime":1699362469,"views":4,"p1id":"flowerm0de","p2id":"vitor44","formatid":"gen9nationaldexubers","rating":1050,"private":0,"password":""}