{"id":"gen9nationaldexubers-1994164491","p1":"BanLegacy ReaDynn","p2":"BL - Hitsuji","format":"[Gen 9] National Dex Ubers","log":"|j|\u2606BanLegacy ReaDynn\n|j|\u2606BL - Hitsuji\n|t:|1700414336\n|gametype|singles\n|player|p1|BanLegacy ReaDynn|sage|\n|player|p2|BL - Hitsuji|gambler|\n|teamsize|p1|6\n|teamsize|p2|6\n|gen|9\n|tier|[Gen 9] National Dex Ubers\n|rule|HP Percentage Mod: HP is shown in percentages\n|rule|Endless Battle Clause: Forcing endless battles is banned\n|rule|OHKO Clause: OHKO moves are banned\n|rule|Evasion Moves Clause: Evasion moves are banned\n|rule|Evasion Items Clause: Evasion items are banned\n|rule|Species Clause: Limit one of each Pok\u00e9mon\n|rule|Sleep Clause Mod: Limit one foe put to sleep\n|rule|Mega Rayquaza Clause: You cannot mega evolve Rayquaza\n|clearpoke\n|poke|p1|Baxcalibur, F|\n|poke|p1|Cobalion|\n|poke|p1|Iron Thorns|\n|poke|p1|Audino, M|\n|poke|p1|Gligar, M|\n|poke|p1|Sawsbuck-Winter, M|\n|poke|p2|Blacephalon|\n|poke|p2|Diancie|\n|poke|p2|Empoleon, M|\n|poke|p2|Frosmoth, F|\n|poke|p2|Muk-Alola, F|\n|poke|p2|Sandaconda, M|\n|teampreview\n|j| BanLegacy Armo\n|j| Martin DL\n|\n|t:|1700414412\n|start\n|switch|p1a: Gligar|Gligar, M|100\/100\n|switch|p2a: Blacephalon|Blacephalon|100\/100\n|turn|1\n|c| Martin DL|allez r\u00e9a\u00e9d\u00eene\n|\n|t:|1700414424\n|switch|p2a: Sandaconda|Sandaconda, M|100\/100\n|switch|p1a: Audino|Audino, M|100\/100\n|\n|upkeep\n|turn|2\n|j| AioLyx\n|\n|t:|1700414461\n|move|p2a: Sandaconda|Glare|p1a: Audino\n|-status|p1a: Audino|par\n|cant|p1a: Audino|par\n|\n|upkeep\n|turn|3\n|\n|t:|1700414466\n|move|p2a: Sandaconda|Stealth Rock|p1a: Audino\n|-sidestart|p1: BanLegacy ReaDynn|move: Stealth Rock\n|cant|p1a: Audino|par\n|\n|upkeep\n|turn|4\n|\n|t:|1700414492\n|move|p2a: Sandaconda|Earthquake|p1a: Audino\n|-damage|p1a: Audino|68\/100 par\n|cant|p1a: Audino|par\n|\n|upkeep\n|turn|5\n|\n|t:|1700414528\n|switch|p1a: Gligar|Gligar, M|100\/100\n|-damage|p1a: Gligar|88\/100|[from] Stealth Rock\n|move|p2a: Sandaconda|Earthquake|p1a: Gligar\n|-immune|p1a: Gligar\n|\n|upkeep\n|turn|6\n|\n|t:|1700414533\n|move|p1a: Gligar|Toxic|p2a: Sandaconda\n|-status|p2a: Sandaconda|tox\n|move|p2a: Sandaconda|Glare|p1a: Gligar\n|-status|p1a: Gligar|par\n|\n|-damage|p2a: Sandaconda|94\/100 tox|[from] psn\n|upkeep\n|turn|7\n|inactive|Battle timer is ON: inactive players will automatically lose when time's up. (requested by BanLegacy ReaDynn)\n|\n|t:|1700414602\n|switch|p2a: Empoleon|Empoleon, M|100\/100\n|move|p1a: Gligar|Defog|p2a: Empoleon\n|-unboost|p2a: Empoleon|evasion|1\n|-ability|p2a: Empoleon|Competitive|boost\n|-boost|p2a: Empoleon|spa|2\n|-sideend|p1: BanLegacy ReaDynn|Stealth Rock|[from] move: Defog|[of] p1a: Gligar\n|\n|upkeep\n|turn|8\n|inactiveoff|Battle timer is now OFF.\n|\n|t:|1700414633\n|-terastallize|p1a: Gligar|Water\n|move|p2a: Empoleon|Flip Turn|p1a: Gligar\n|-resisted|p1a: Gligar\n|-damage|p1a: Gligar|84\/100 par\n|\n|t:|1700414721\n|switch|p2a: Muk|Muk-Alola, F|100\/100|[from] Flip Turn\n|move|p1a: Gligar|Earthquake|p2a: Muk\n|-supereffective|p2a: Muk\n|-damage|p2a: Muk|43\/100\n|\n|upkeep\n|turn|9\n|\n|t:|1700414755\n|switch|p1a: Cobalion|Cobalion|100\/100\n|move|p2a: Muk|Brick Break|p1a: Cobalion\n|-supereffective|p1a: Cobalion\n|-damage|p1a: Cobalion|73\/100\n|\n|upkeep\n|turn|10\n|\n|t:|1700414772\n|move|p1a: Cobalion|Close Combat|p2a: Muk\n|-damage|p2a: Muk|0 fnt\n|-unboost|p1a: Cobalion|def|1\n|-unboost|p1a: Cobalion|spd|1\n|faint|p2a: Muk\n|\n|upkeep\n|\n|t:|1700414815\n|switch|p2a: Diancie|Diancie|100\/100\n|turn|11\n|\n|t:|1700414834\n|switch|p1a: Gligar|Gligar, M, tera:Water|84\/100 par\n|detailschange|p2a: Diancie|Diancie-Mega\n|-mega|p2a: Diancie|Diancie|Diancite\n|move|p2a: Diancie|Moonblast|p1a: Gligar\n|-damage|p1a: Gligar|33\/100 par\n|\n|upkeep\n|turn|12\n|\n|t:|1700414851\n|move|p2a: Diancie|Moonblast|p1a: Gligar\n|-damage|p1a: Gligar|0 fnt\n|faint|p1a: Gligar\n|\n|upkeep\n|\n|t:|1700414882\n|switch|p1a: Sawsbuck|Sawsbuck-Winter, M|100\/100\n|turn|13\n|j| rizeparon\n|l| rizeparon\n|\n|t:|1700414934\n|move|p2a: Diancie|Diamond Storm|p1a: Sawsbuck\n|-damage|p1a: Sawsbuck|24\/100\n|move|p1a: Sawsbuck|Horn Leech|p2a: Diancie\n|-supereffective|p2a: Diancie\n|-damage|p2a: Diancie|0 fnt\n|-heal|p1a: Sawsbuck|65\/100|[from] drain|[of] p2a: Diancie\n|faint|p2a: Diancie\n|-damage|p1a: Sawsbuck|55\/100|[from] item: Life Orb\n|\n|upkeep\n|\n|t:|1700414952\n|switch|p2a: Blacephalon|Blacephalon|100\/100\n|turn|14\n|\n|t:|1700415021\n|switch|p2a: Sandaconda|Sandaconda, M|94\/100 tox\n|switch|p1a: Audino|Audino, M|100\/100 par\n|\n|-activate|p2a: Sandaconda|ability: Shed Skin\n|-curestatus|p2a: Sandaconda|tox|[msg]\n|-heal|p2a: Sandaconda|100\/100|[from] item: Leftovers\n|upkeep\n|turn|15\n|\n|t:|1700415029\n|move|p2a: Sandaconda|Stealth Rock|p1a: Audino\n|-sidestart|p1: BanLegacy ReaDynn|move: Stealth Rock\n|cant|p1a: Audino|par\n|\n|upkeep\n|turn|16\n|\n|t:|1700415053\n|move|p2a: Sandaconda|Glare|p1a: Audino\n|-fail|p1a: Audino|par\n|move|p1a: Audino|Wish|p1a: Audino\n|\n|upkeep\n|turn|17\n|\n|t:|1700415067\n|move|p2a: Sandaconda|Glare|p1a: Audino\n|-fail|p1a: Audino|par\n|move|p1a: Audino|Knock Off|p2a: Sandaconda\n|-damage|p2a: Sandaconda|91\/100\n|-enditem|p2a: Sandaconda|Leftovers|[from] move: Knock Off|[of] p1a: Audino\n|\n|upkeep\n|turn|18\n|\n|t:|1700415103\n|move|p2a: Sandaconda|Glare|p1a: Audino\n|-fail|p1a: Audino|par\n|move|p1a: Audino|Wish|p1a: Audino\n|\n|upkeep\n|turn|19\n|\n|t:|1700415119\n|switch|p1a: Sawsbuck|Sawsbuck-Winter, M|55\/100\n|-damage|p1a: Sawsbuck|43\/100|[from] Stealth Rock\n|move|p2a: Sandaconda|Earthquake|p1a: Sawsbuck\n|-resisted|p1a: Sawsbuck\n|-damage|p1a: Sawsbuck|16\/100\n|\n|-heal|p1a: Sawsbuck|84\/100|[from] move: Wish|[wisher] Audino\n|upkeep\n|turn|20\n|\n|t:|1700415165\n|switch|p2a: Blacephalon|Blacephalon|100\/100\n|move|p1a: Sawsbuck|Trailblaze|p2a: Blacephalon\n|-resisted|p2a: Blacephalon\n|-damage|p2a: Blacephalon|72\/100\n|-boost|p1a: Sawsbuck|spe|1\n|-damage|p1a: Sawsbuck|74\/100|[from] item: Life Orb\n|\n|-heal|p2a: Blacephalon|78\/100|[from] item: Leftovers\n|upkeep\n|turn|21\n|\n|t:|1700415178\n|move|p1a: Sawsbuck|High Horsepower|p2a: Blacephalon\n|-supereffective|p2a: Blacephalon\n|-damage|p2a: Blacephalon|0 fnt\n|faint|p2a: Blacephalon\n|-damage|p1a: Sawsbuck|64\/100|[from] item: Life Orb\n|\n|upkeep\n|\n|t:|1700415184\n|switch|p2a: Frosmoth|Frosmoth, F|100\/100\n|turn|22\n|\n|t:|1700415218\n|move|p1a: Sawsbuck|Horn Leech|p2a: Frosmoth\n|-resisted|p2a: Frosmoth\n|-damage|p2a: Frosmoth|63\/100\n|-heal|p1a: Sawsbuck|82\/100|[from] drain|[of] p2a: Frosmoth\n|-damage|p1a: Sawsbuck|72\/100|[from] item: Life Orb\n|move|p2a: Frosmoth|Ice Beam|p1a: Sawsbuck\n|-supereffective|p1a: Sawsbuck\n|-damage|p1a: Sawsbuck|0 fnt\n|faint|p1a: Sawsbuck\n|\n|upkeep\n|\n|t:|1700415251\n|switch|p1a: Baxcalibur|Baxcalibur, F|100\/100\n|turn|23\n|\n|t:|1700415312\n|switch|p2a: Empoleon|Empoleon, M|100\/100\n|move|p1a: Baxcalibur|Glaive Rush|p2a: Empoleon\n|-resisted|p2a: Empoleon\n|-damage|p2a: Empoleon|76\/100\n|-singlemove|p1a: Baxcalibur|Glaive Rush|[silent]\n|\n|upkeep\n|turn|24\n|\n|t:|1700415373\n|switch|p1a: Cobalion|Cobalion|73\/100\n|-damage|p1a: Cobalion|69\/100|[from] Stealth Rock\n|move|p2a: Empoleon|Flip Turn|p1a: Cobalion\n|-damage|p1a: Cobalion|56\/100\n|\n|t:|1700415379\n|switch|p2a: Sandaconda|Sandaconda, M|91\/100|[from] Flip Turn\n|\n|upkeep\n|turn|25\n|\n|t:|1700415394\n|move|p1a: Cobalion|Close Combat|p2a: Sandaconda\n|-damage|p2a: Sandaconda|60\/100\n|-unboost|p1a: Cobalion|def|1\n|-unboost|p1a: Cobalion|spd|1\n|move|p2a: Sandaconda|Glare|p1a: Cobalion\n|-status|p1a: Cobalion|par\n|\n|upkeep\n|turn|26\n|\n|t:|1700415404\n|switch|p1a: Audino|Audino, M|100\/100 par\n|-damage|p1a: Audino|88\/100 par|[from] Stealth Rock\n|move|p2a: Sandaconda|Earthquake|p1a: Audino\n|-damage|p1a: Audino|56\/100 par\n|\n|upkeep\n|turn|27\n|\n|t:|1700415411\n|switch|p2a: Frosmoth|Frosmoth, F|63\/100\n|move|p1a: Audino|Wish|p1a: Audino\n|\n|upkeep\n|turn|28\n|\n|t:|1700415516\n|switch|p1a: Cobalion|Cobalion|56\/100 par\n|-damage|p1a: Cobalion|53\/100 par|[from] Stealth Rock\n|move|p2a: Frosmoth|Ice Beam|p1a: Cobalion\n|-resisted|p1a: Cobalion\n|-damage|p1a: Cobalion|26\/100 par\n|\n|-heal|p1a: Cobalion|79\/100 par|[from] move: Wish|[wisher] Audino\n|upkeep\n|turn|29\n|\n|t:|1700415537\n|-terastallize|p2a: Frosmoth|Ground\n|move|p2a: Frosmoth|Tera Blast|p1a: Cobalion|[anim] Tera Blast Ground\n|-supereffective|p1a: Cobalion\n|-damage|p1a: Cobalion|0 fnt\n|faint|p1a: Cobalion\n|\n|upkeep\n|\n|t:|1700415543\n|switch|p1a: Baxcalibur|Baxcalibur, F|100\/100\n|turn|30\n|\n|t:|1700415551\n|switch|p2a: Empoleon|Empoleon, M|76\/100\n|move|p1a: Baxcalibur|Dragon Dance|p1a: Baxcalibur\n|-boost|p1a: Baxcalibur|atk|1\n|-boost|p1a: Baxcalibur|spe|1\n|\n|upkeep\n|turn|31\n|\n|t:|1700415560\n|move|p1a: Baxcalibur|Earthquake|p2a: Empoleon\n|-supereffective|p2a: Empoleon\n|-enditem|p2a: Empoleon|Shuca Berry|[eat]\n|-enditem|p2a: Empoleon|Shuca Berry|[weaken]\n|-damage|p2a: Empoleon|31\/100\n|move|p2a: Empoleon|Flash Cannon|p1a: Baxcalibur\n|-supereffective|p1a: Baxcalibur\n|-damage|p1a: Baxcalibur|34\/100\n|\n|upkeep\n|turn|32\n|\n|t:|1700415566\n|move|p1a: Baxcalibur|Earthquake|p2a: Empoleon\n|-supereffective|p2a: Empoleon\n|-damage|p2a: Empoleon|0 fnt\n|faint|p2a: Empoleon\n|\n|upkeep\n|\n|t:|1700415571\n|switch|p2a: Sandaconda|Sandaconda, M|60\/100\n|turn|33\n|\n|t:|1700415576\n|move|p1a: Baxcalibur|Glaive Rush|p2a: Sandaconda\n|-damage|p2a: Sandaconda|0 fnt\n|-singlemove|p1a: Baxcalibur|Glaive Rush|[silent]\n|faint|p2a: Sandaconda\n|\n|upkeep\n|\n|t:|1700415579\n|switch|p2a: Frosmoth|Frosmoth, F, tera:Ground|63\/100\n|turn|34\n|\n|t:|1700415583\n|move|p1a: Baxcalibur|Icicle Crash|p2a: Frosmoth\n|-supereffective|p2a: Frosmoth\n|-damage|p2a: Frosmoth|0 fnt\n|faint|p2a: Frosmoth\n|\n|win|BanLegacy ReaDynn\n|l| BanLegacy Armo\n|l| Martin DL\n|c|\u2606BL - Hitsuji|gg\n|c|\u2606BanLegacy ReaDynn|Gg\n","uploadtime":1700415806,"views":8,"p1id":"banlegacyreadynn","p2id":"blhitsuji","formatid":"gen9nationaldexubers","rating":0,"private":0,"password":""}