{"id":"gen9nationaldexubers-1993096134","p1":"Barracuda1077","p2":"GeorgiaEternatuss","format":"[Gen 9] National Dex Ubers","log":"|j|\u2606Barracuda1077\n|j|\u2606GeorgiaEternatuss\n|t:|1700264286\n|gametype|singles\n|player|p1|Barracuda1077|swimmer-gen4dp|1299\n|player|p2|GeorgiaEternatuss|steven|1348\n|teamsize|p1|6\n|teamsize|p2|6\n|gen|9\n|tier|[Gen 9] National Dex Ubers\n|rated|\n|rule|HP Percentage Mod: HP is shown in percentages\n|rule|Endless Battle Clause: Forcing endless battles is banned\n|rule|OHKO Clause: OHKO moves are banned\n|rule|Evasion Moves Clause: Evasion moves are banned\n|rule|Evasion Items Clause: Evasion items are banned\n|rule|Species Clause: Limit one of each Pok\u00e9mon\n|rule|Sleep Clause Mod: Limit one foe put to sleep\n|rule|Mega Rayquaza Clause: You cannot mega evolve Rayquaza\n|clearpoke\n|poke|p1|Landorus, M|\n|poke|p1|Xurkitree|\n|poke|p1|Corviknight, F|\n|poke|p1|Amoonguss, M|\n|poke|p1|Deoxys-Speed|\n|poke|p1|Urshifu-*, F|\n|poke|p2|Xerneas-*|\n|poke|p2|Zapdos|\n|poke|p2|Umbreon, M|\n|poke|p2|Marshadow|\n|poke|p2|Diancie|\n|poke|p2|Celesteela|\n|teampreview\n|\n|t:|1700264293\n|start\n|switch|p1a: Xurkitree|Xurkitree, shiny|100\/100\n|switch|p2a: Diancie|Diancie|100\/100\n|turn|1\n|\n|t:|1700264311\n|switch|p1a: Amoonguss|Amoonguss, M, shiny|100\/100\n|detailschange|p2a: Diancie|Diancie-Mega\n|-mega|p2a: Diancie|Diancie|Diancite\n|move|p2a: Diancie|Earth Power|p1a: Amoonguss\n|-damage|p1a: Amoonguss|75\/100\n|\n|-heal|p1a: Amoonguss|81\/100|[from] item: Black Sludge\n|upkeep\n|turn|2\n|\n|t:|1700264324\n|move|p2a: Diancie|Mystical Fire|p1a: Amoonguss\n|-supereffective|p1a: Amoonguss\n|-damage|p1a: Amoonguss|45\/100\n|-unboost|p1a: Amoonguss|spa|1\n|move|p1a: Amoonguss|Spore|p2a: Diancie\n|move|p2a: Diancie|Spore|p1a: Amoonguss|[from]ability: Magic Bounce\n|-immune|p1a: Amoonguss\n|\n|-heal|p1a: Amoonguss|51\/100|[from] item: Black Sludge\n|upkeep\n|turn|3\n|\n|t:|1700264337\n|move|p2a: Diancie|Diamond Storm|p1a: Amoonguss\n|-damage|p1a: Amoonguss|0 fnt\n|-boost|p2a: Diancie|def|2\n|faint|p1a: Amoonguss\n|\n|upkeep\n|\n|t:|1700264345\n|switch|p1a: Urshifu|Urshifu-Rapid-Strike, F|100\/100\n|turn|4\n|\n|t:|1700264355\n|switch|p2a: Zapdos|Zapdos|100\/100\n|move|p1a: Urshifu|Surging Strikes|p2a: Zapdos\n|-crit|p2a: Zapdos\n|-damage|p2a: Zapdos|82\/100\n|-damage|p1a: Urshifu|84\/100|[from] item: Rocky Helmet|[of] p2a: Zapdos\n|-crit|p2a: Zapdos\n|-damage|p2a: Zapdos|64\/100\n|-damage|p1a: Urshifu|67\/100|[from] item: Rocky Helmet|[of] p2a: Zapdos\n|-crit|p2a: Zapdos\n|-damage|p2a: Zapdos|46\/100\n|-damage|p1a: Urshifu|50\/100|[from] item: Rocky Helmet|[of] p2a: Zapdos\n|-hitcount|p2a: Zapdos|3\n|-damage|p1a: Urshifu|41\/100|[from] item: Life Orb\n|\n|upkeep\n|turn|5\n|\n|t:|1700264369\n|switch|p1a: Landorus|Landorus, M|100\/100\n|move|p2a: Zapdos|Roost|p2a: Zapdos\n|-heal|p2a: Zapdos|96\/100\n|-singleturn|p2a: Zapdos|move: Roost\n|\n|upkeep\n|turn|6\n|\n|t:|1700264379\n|switch|p2a: Celesteela|Celesteela|100\/100\n|move|p1a: Landorus|Rock Slide|p2a: Celesteela\n|-damage|p2a: Celesteela|63\/100\n|\n|-heal|p2a: Celesteela|69\/100|[from] item: Leftovers\n|upkeep\n|turn|7\n|\n|t:|1700264399\n|switch|p1a: Corviknight|Corviknight, F, shiny|100\/100\n|move|p2a: Celesteela|Autotomize|p2a: Celesteela\n|-boost|p2a: Celesteela|spe|2\n|-start|p2a: Celesteela|Autotomize\n|\n|-heal|p2a: Celesteela|75\/100|[from] item: Leftovers\n|upkeep\n|turn|8\n|\n|t:|1700264409\n|move|p2a: Celesteela|Fire Blast|p1a: Corviknight\n|-supereffective|p1a: Corviknight\n|-damage|p1a: Corviknight|26\/100\n|move|p1a: Corviknight|U-turn|p2a: Celesteela\n|-resisted|p2a: Celesteela\n|-damage|p2a: Celesteela|71\/100\n|\n|t:|1700264414\n|switch|p1a: Xurkitree|Xurkitree, shiny|100\/100|[from] U-turn\n|\n|-heal|p2a: Celesteela|77\/100|[from] item: Leftovers\n|upkeep\n|turn|9\n|\n|t:|1700264424\n|move|p2a: Celesteela|Fire Blast|p1a: Xurkitree\n|-damage|p1a: Xurkitree|42\/100\n|move|p1a: Xurkitree|Thunderbolt|p2a: Celesteela\n|-supereffective|p2a: Celesteela\n|-damage|p2a: Celesteela|0 fnt\n|faint|p2a: Celesteela\n|-ability|p1a: Xurkitree|Beast Boost|boost\n|-boost|p1a: Xurkitree|spa|1\n|\n|upkeep\n|\n|t:|1700264436\n|switch|p2a: Umbreon|Umbreon, M|100\/100\n|turn|10\n|\n|t:|1700264444\n|-terastallize|p1a: Xurkitree|Electric\n|move|p1a: Xurkitree|Thunderbolt|p2a: Umbreon\n|-damage|p2a: Umbreon|43\/100\n|move|p2a: Umbreon|Wish|p2a: Umbreon\n|\n|-heal|p2a: Umbreon|49\/100|[from] item: Leftovers\n|upkeep\n|turn|11\n|\n|t:|1700264455\n|move|p2a: Umbreon|Protect|p2a: Umbreon\n|-singleturn|p2a: Umbreon|Protect\n|move|p1a: Xurkitree|Thunderbolt|p2a: Umbreon\n|-activate|p2a: Umbreon|move: Protect\n|\n|-heal|p2a: Umbreon|99\/100|[from] move: Wish|[wisher] Umbreon\n|-heal|p2a: Umbreon|100\/100|[from] item: Leftovers\n|upkeep\n|turn|12\n|\n|t:|1700264465\n|switch|p1a: Deoxys|Deoxys-Speed, shiny|100\/100\n|-ability|p1a: Deoxys|Pressure\n|move|p2a: Umbreon|Toxic|p1a: Deoxys\n|-status|p1a: Deoxys|tox\n|\n|-damage|p1a: Deoxys|94\/100 tox|[from] psn\n|upkeep\n|turn|13\n|\n|t:|1700264480\n|move|p1a: Deoxys|Taunt|p2a: Umbreon\n|-start|p2a: Umbreon|move: Taunt\n|cant|p2a: Umbreon|move: Taunt|Wish\n|\n|-damage|p1a: Deoxys|82\/100 tox|[from] psn\n|upkeep\n|turn|14\n|\n|t:|1700264494\n|switch|p2a: Zapdos|Zapdos|96\/100\n|move|p1a: Deoxys|Stealth Rock|p2a: Zapdos\n|-sidestart|p2: GeorgiaEternatuss|move: Stealth Rock\n|\n|-damage|p1a: Deoxys|63\/100 tox|[from] psn\n|upkeep\n|turn|15\n|\n|t:|1700264502\n|move|p1a: Deoxys|Psycho Boost|p2a: Zapdos\n|-damage|p2a: Zapdos|54\/100\n|-unboost|p1a: Deoxys|spa|2\n|move|p2a: Zapdos|Defog|p1a: Deoxys\n|-unboost|p1a: Deoxys|evasion|1\n|-sideend|p2: GeorgiaEternatuss|Stealth Rock|[from] move: Defog|[of] p2a: Zapdos\n|\n|-damage|p1a: Deoxys|38\/100 tox|[from] psn\n|upkeep\n|turn|16\n|\n|t:|1700264514\n|switch|p1a: Corviknight|Corviknight, F, shiny|26\/100\n|move|p2a: Zapdos|Roost|p2a: Zapdos\n|-heal|p2a: Zapdos|100\/100\n|-singleturn|p2a: Zapdos|move: Roost\n|\n|upkeep\n|turn|17\n|\n|t:|1700264522\n|move|p2a: Zapdos|Volt Switch|p1a: Corviknight\n|-supereffective|p1a: Corviknight\n|-damage|p1a: Corviknight|0 fnt\n|faint|p1a: Corviknight\n|\n|t:|1700264531\n|switch|p2a: Diancie|Diancie-Mega|100\/100|[from] Volt Switch\n|\n|upkeep\n|\n|t:|1700264535\n|switch|p1a: Landorus|Landorus, M|100\/100\n|turn|18\n|\n|t:|1700264547\n|switch|p2a: Umbreon|Umbreon, M|100\/100\n|move|p1a: Landorus|Rock Slide|p2a: Umbreon|[miss]\n|-miss|p1a: Landorus|p2a: Umbreon\n|\n|upkeep\n|turn|19\n|\n|t:|1700264554\n|move|p1a: Landorus|Superpower|p2a: Umbreon\n|-supereffective|p2a: Umbreon\n|-damage|p2a: Umbreon|29\/100\n|-unboost|p1a: Landorus|atk|1\n|-unboost|p1a: Landorus|def|1\n|-damage|p1a: Landorus|91\/100|[from] item: Life Orb\n|move|p2a: Umbreon|Toxic|p1a: Landorus\n|-status|p1a: Landorus|tox\n|\n|-heal|p2a: Umbreon|35\/100|[from] item: Leftovers\n|-damage|p1a: Landorus|85\/100 tox|[from] psn\n|upkeep\n|turn|20\n|\n|t:|1700264568\n|switch|p2a: Zapdos|Zapdos|100\/100\n|move|p1a: Landorus|Superpower|p2a: Zapdos\n|-resisted|p2a: Zapdos\n|-damage|p2a: Zapdos|88\/100\n|-unboost|p1a: Landorus|atk|1\n|-unboost|p1a: Landorus|def|1\n|-damage|p1a: Landorus|68\/100 tox|[from] item: Rocky Helmet|[of] p2a: Zapdos\n|-damage|p1a: Landorus|58\/100 tox|[from] item: Life Orb\n|\n|-damage|p1a: Landorus|47\/100 tox|[from] psn\n|upkeep\n|turn|21\n|\n|t:|1700264582\n|switch|p1a: Deoxys|Deoxys-Speed, shiny|38\/100 tox\n|-ability|p1a: Deoxys|Pressure\n|switch|p2a: Diancie|Diancie-Mega|100\/100\n|\n|-damage|p1a: Deoxys|32\/100 tox|[from] psn\n|upkeep\n|turn|22\n|\n|t:|1700264603\n|switch|p2a: Umbreon|Umbreon, M|35\/100\n|move|p1a: Deoxys|Taunt|p2a: Umbreon\n|-start|p2a: Umbreon|move: Taunt\n|\n|-heal|p2a: Umbreon|41\/100|[from] item: Leftovers\n|-damage|p1a: Deoxys|19\/100 tox|[from] psn\n|upkeep\n|turn|23\n|\n|t:|1700264626\n|switch|p1a: Urshifu|Urshifu-Rapid-Strike, F|41\/100\n|switch|p2a: Xerneas|Xerneas|100\/100\n|-ability|p2a: Xerneas|Fairy Aura\n|\n|upkeep\n|turn|24\n|\n|t:|1700264635\n|switch|p2a: Zapdos|Zapdos|88\/100\n|move|p1a: Urshifu|Surging Strikes|p2a: Zapdos\n|-crit|p2a: Zapdos\n|-damage|p2a: Zapdos|70\/100\n|-damage|p1a: Urshifu|24\/100|[from] item: Rocky Helmet|[of] p2a: Zapdos\n|-status|p1a: Urshifu|par|[from] ability: Static|[of] p2a: Zapdos\n|-crit|p2a: Zapdos\n|-damage|p2a: Zapdos|52\/100\n|-damage|p1a: Urshifu|7\/100 par|[from] item: Rocky Helmet|[of] p2a: Zapdos\n|-crit|p2a: Zapdos\n|-damage|p2a: Zapdos|33\/100\n|-damage|p1a: Urshifu|0 fnt|[from] item: Rocky Helmet|[of] p2a: Zapdos\n|faint|p1a: Urshifu\n|-hitcount|p2a: Zapdos|3\n|\n|upkeep\n|\n|t:|1700264641\n|switch|p1a: Deoxys|Deoxys-Speed, shiny|19\/100 tox\n|-ability|p1a: Deoxys|Pressure\n|turn|25\n|\n|t:|1700264657\n|move|p1a: Deoxys|Taunt|p2a: Zapdos\n|-start|p2a: Zapdos|move: Taunt\n|cant|p2a: Zapdos|move: Taunt|Roost\n|\n|-damage|p1a: Deoxys|13\/100 tox|[from] psn\n|upkeep\n|turn|26\n|\n|t:|1700264666\n|switch|p2a: Umbreon|Umbreon, M|41\/100\n|move|p1a: Deoxys|Psycho Boost|p2a: Umbreon\n|-immune|p2a: Umbreon\n|\n|-heal|p2a: Umbreon|47\/100|[from] item: Leftovers\n|-damage|p1a: Deoxys|0 fnt|[from] psn\n|faint|p1a: Deoxys\n|upkeep\n|\n|t:|1700264669\n|switch|p1a: Xurkitree|Xurkitree, shiny, tera:Electric|42\/100\n|turn|27\n|\n|t:|1700264681\n|move|p2a: Umbreon|Protect|p2a: Umbreon\n|-singleturn|p2a: Umbreon|Protect\n|move|p1a: Xurkitree|Thunderbolt|p2a: Umbreon\n|-activate|p2a: Umbreon|move: Protect\n|\n|-heal|p2a: Umbreon|53\/100|[from] item: Leftovers\n|upkeep\n|turn|28\n|\n|t:|1700264690\n|move|p1a: Xurkitree|Thunderbolt|p2a: Umbreon\n|-damage|p2a: Umbreon|15\/100\n|move|p2a: Umbreon|Wish|p2a: Umbreon\n|\n|-heal|p2a: Umbreon|21\/100|[from] item: Leftovers\n|upkeep\n|turn|29\n|-message|Barracuda1077 forfeited.\n|\n|win|GeorgiaEternatuss\n|raw|Barracuda1077's rating: 1299 &rarr; <strong>1278<\/strong><br \/>(-21 for losing)\n|raw|GeorgiaEternatuss's rating: 1348 &rarr; <strong>1365<\/strong><br \/>(+17 for winning)\n|l|\u2606Barracuda1077\n","uploadtime":1700264706,"views":18,"p1id":"barracuda1077","p2id":"georgiaeternatuss","formatid":"gen9nationaldexubers","rating":1278,"private":0,"password":""}