{"id":"gen9nationaldexubers-1989763223","p1":"The Kitten Boy","p2":"Zaynzito","format":"[Gen 9] National Dex Ubers","log":"|j|\u2606The Kitten Boy\n|j|\u2606Zaynzito\n|t:|1699893663\n|gametype|singles\n|player|p1|The Kitten Boy|kimonogirl|\n|player|p2|Zaynzito|unknown|\n|teamsize|p1|6\n|teamsize|p2|6\n|gen|9\n|tier|[Gen 9] National Dex Ubers\n|rule|HP Percentage Mod: HP is shown in percentages\n|rule|Endless Battle Clause: Forcing endless battles is banned\n|rule|OHKO Clause: OHKO moves are banned\n|rule|Evasion Moves Clause: Evasion moves are banned\n|rule|Evasion Items Clause: Evasion items are banned\n|rule|Species Clause: Limit one of each Pok\u00e9mon\n|rule|Sleep Clause Mod: Limit one foe put to sleep\n|rule|Mega Rayquaza Clause: You cannot mega evolve Rayquaza\n|clearpoke\n|poke|p1|Bulbasaur, L18, F|\n|poke|p1|Mudbray, L18, M|\n|poke|p1|Buizel, L18, F|\n|poke|p1|Glameow, L18, M|\n|poke|p1|Yungoos, L18, M|\n|poke|p1|Bronzor, L18|\n|poke|p2|Crocalor, L18, M|\n|poke|p2|Fletchling, L18, M|\n|poke|p2|Ponyta-Galar, L18, F|\n|poke|p2|Helioptile, L18, M|\n|poke|p2|Pineco, L18, M|\n|poke|p2|Skrelp, L18, F|\n|teampreview\n|\n|t:|1699893671\n|start\n|switch|p1a: Trump|Yungoos, L18, M|100\/100\n|switch|p2a: Pineco|Pineco, L18, M|100\/100\n|turn|1\n|\n|t:|1699893675\n|move|p1a: Trump|U-turn|p2a: Pineco\n|-damage|p2a: Pineco|75\/100\n|\n|t:|1699893677\n|switch|p1a: I\u00f3|Mudbray, L18, M|100\/100|[from] U-turn\n|move|p2a: Pineco|Gyro Ball|p1a: I\u00f3\n|-damage|p1a: I\u00f3|85\/100\n|-ability|p1a: I\u00f3|Stamina|boost\n|-boost|p1a: I\u00f3|def|1\n|\n|-heal|p2a: Pineco|81\/100|[from] item: Leftovers\n|upkeep\n|turn|2\n|\n|t:|1699893685\n|move|p1a: I\u00f3|Stealth Rock|p2a: Pineco\n|-sidestart|p2: Zaynzito|move: Stealth Rock\n|move|p2a: Pineco|Stealth Rock|p1a: I\u00f3\n|-sidestart|p1: The Kitten Boy|move: Stealth Rock\n|\n|-heal|p2a: Pineco|87\/100|[from] item: Leftovers\n|upkeep\n|turn|3\n|\n|t:|1699893690\n|move|p1a: I\u00f3|Heavy Slam|p2a: Pineco\n|-damage|p2a: Pineco|36\/100\n|move|p2a: Pineco|Gyro Ball|p1a: I\u00f3\n|-damage|p1a: I\u00f3|73\/100\n|-ability|p1a: I\u00f3|Stamina|boost\n|-boost|p1a: I\u00f3|def|1\n|\n|-heal|p2a: Pineco|42\/100|[from] item: Leftovers\n|upkeep\n|turn|4\n|\n|t:|1699893692\n|move|p1a: I\u00f3|Heavy Slam|p2a: Pineco\n|-damage|p2a: Pineco|0 fnt\n|faint|p2a: Pineco\n|\n|upkeep\n|\n|t:|1699893698\n|switch|p2a: Skrelp|Skrelp, L18, F|100\/100\n|-damage|p2a: Skrelp|89\/100|[from] Stealth Rock\n|turn|5\n|\n|t:|1699893702\n|switch|p1a: Flora|Bulbasaur, L18, F|100\/100\n|-damage|p1a: Flora|89\/100|[from] Stealth Rock\n|move|p2a: Skrelp|Scald|p1a: Flora\n|-resisted|p1a: Flora\n|-damage|p1a: Flora|72\/100\n|-status|p1a: Flora|brn\n|\n|-damage|p1a: Flora|67\/100 brn|[from] brn\n|upkeep\n|turn|6\n|c|\u2606The Kitten Boy|mickeymei\n|\n|t:|1699893718\n|switch|p2a: Crocalor|Crocalor, L18, M|100\/100\n|-damage|p2a: Crocalor|76\/100|[from] Stealth Rock\n|move|p1a: Flora|Leech Seed|p2a: Crocalor\n|-start|p2a: Crocalor|move: Leech Seed\n|\n|-damage|p2a: Crocalor|65\/100|[from] Leech Seed|[of] p1a: Flora\n|-heal|p1a: Flora|79\/100 brn|[silent]\n|-damage|p1a: Flora|74\/100 brn|[from] brn\n|upkeep\n|turn|7\n|\n|t:|1699893724\n|move|p1a: Flora|Protect|p1a: Flora\n|-singleturn|p1a: Flora|Protect\n|move|p2a: Crocalor|Slack Off|p2a: Crocalor\n|-heal|p2a: Crocalor|100\/100\n|\n|-damage|p2a: Crocalor|89\/100|[from] Leech Seed|[of] p1a: Flora\n|-heal|p1a: Flora|85\/100 brn|[silent]\n|-damage|p1a: Flora|80\/100 brn|[from] brn\n|upkeep\n|turn|8\n|\n|t:|1699893726\n|move|p2a: Crocalor|Flamethrower|p1a: Flora\n|-supereffective|p1a: Flora\n|-damage|p1a: Flora|30\/100 brn\n|move|p1a: Flora|Sludge Bomb|p2a: Crocalor\n|-damage|p2a: Crocalor|68\/100\n|\n|-damage|p2a: Crocalor|57\/100|[from] Leech Seed|[of] p1a: Flora\n|-heal|p1a: Flora|42\/100 brn|[silent]\n|-damage|p1a: Flora|37\/100 brn|[from] brn\n|upkeep\n|turn|9\n|\n|t:|1699893729\n|move|p1a: Flora|Protect|p1a: Flora\n|-singleturn|p1a: Flora|Protect\n|move|p2a: Crocalor|Slack Off|p2a: Crocalor\n|-heal|p2a: Crocalor|100\/100\n|\n|-damage|p2a: Crocalor|89\/100|[from] Leech Seed|[of] p1a: Flora\n|-heal|p1a: Flora|49\/100 brn|[silent]\n|-damage|p1a: Flora|44\/100 brn|[from] brn\n|upkeep\n|turn|10\n|\n|t:|1699893736\n|move|p2a: Crocalor|Flamethrower|p1a: Flora\n|-supereffective|p1a: Flora\n|-damage|p1a: Flora|0 fnt\n|faint|p1a: Flora\n|\n|upkeep\n|\n|t:|1699893740\n|switch|p1a: Tom|Glameow, L18, M|100\/100\n|-damage|p1a: Tom|89\/100|[from] Stealth Rock\n|turn|11\n|\n|t:|1699893753\n|switch|p2a: Ponyta|Ponyta-Galar, L18, F|100\/100\n|-damage|p2a: Ponyta|89\/100|[from] Stealth Rock\n|move|p1a: Tom|Fake Out|p2a: Ponyta\n|-damage|p2a: Ponyta|63\/100\n|\n|upkeep\n|turn|12\n|\n|t:|1699893756\n|switch|p1a: Heaven Bell|Bronzor, L18|100\/100\n|-damage|p1a: Heaven Bell|94\/100|[from] Stealth Rock\n|move|p2a: Ponyta|Zen Headbutt|p1a: Heaven Bell\n|-resisted|p1a: Heaven Bell\n|-damage|p1a: Heaven Bell|90\/100\n|\n|upkeep\n|turn|13\n|\n|t:|1699893764\n|switch|p2a: Crocalor|Crocalor, L18, M|89\/100\n|-damage|p2a: Crocalor|65\/100|[from] Stealth Rock\n|switch|p1a: Tom|Glameow, L18, M|89\/100\n|-damage|p1a: Tom|77\/100|[from] Stealth Rock\n|\n|upkeep\n|turn|14\n|\n|t:|1699893766\n|move|p1a: Tom|Knock Off|p2a: Crocalor\n|-damage|p2a: Crocalor|44\/100\n|-enditem|p2a: Crocalor|Eviolite|[from] move: Knock Off|[of] p1a: Tom\n|move|p2a: Crocalor|Flamethrower|p1a: Tom\n|-damage|p1a: Tom|0 fnt\n|faint|p1a: Tom\n|\n|upkeep\n|\n|t:|1699893770\n|switch|p1a: Sandy|Buizel, L18, F|100\/100\n|-damage|p1a: Sandy|89\/100|[from] Stealth Rock\n|turn|15\n|\n|t:|1699893783\n|-singleturn|p1a: Sandy|move: Focus Punch\n|move|p2a: Crocalor|Slack Off|p2a: Crocalor\n|-heal|p2a: Crocalor|94\/100\n|move|p1a: Sandy|Focus Punch|p2a: Crocalor\n|-damage|p2a: Crocalor|44\/100\n|-damage|p1a: Sandy|80\/100|[from] item: Life Orb\n|\n|upkeep\n|turn|16\n|\n|t:|1699893795\n|move|p1a: Sandy|Surf|p2a: Crocalor\n|-supereffective|p2a: Crocalor\n|-damage|p2a: Crocalor|0 fnt\n|faint|p2a: Crocalor\n|-damage|p1a: Sandy|70\/100|[from] item: Life Orb\n|\n|upkeep\n|\n|t:|1699893799\n|switch|p2a: Helioptile|Helioptile, L18, M, shiny|100\/100\n|-damage|p2a: Helioptile|88\/100|[from] Stealth Rock\n|turn|17\n|\n|t:|1699893802\n|switch|p1a: I\u00f3|Mudbray, L18, M|73\/100\n|-damage|p1a: I\u00f3|68\/100|[from] Stealth Rock\n|move|p2a: Helioptile|Grass Knot|p1a: I\u00f3\n|-supereffective|p1a: I\u00f3\n|-damage|p1a: I\u00f3|7\/100\n|-ability|p1a: I\u00f3|Stamina|boost\n|-boost|p1a: I\u00f3|def|1\n|\n|upkeep\n|turn|18\n|\n|t:|1699893806\n|move|p2a: Helioptile|Grass Knot|p1a: I\u00f3\n|-supereffective|p1a: I\u00f3\n|-damage|p1a: I\u00f3|0 fnt\n|faint|p1a: I\u00f3\n|\n|upkeep\n|\n|t:|1699893808\n|switch|p1a: Trump|Yungoos, L18, M|100\/100\n|-damage|p1a: Trump|88\/100|[from] Stealth Rock\n|turn|19\n|\n|t:|1699893826\n|switch|p2a: Ponyta|Ponyta-Galar, L18, F|63\/100\n|-damage|p2a: Ponyta|51\/100|[from] Stealth Rock\n|move|p1a: Trump|Thrash|p2a: Ponyta\n|-damage|p2a: Ponyta|0 fnt\n|faint|p2a: Ponyta\n|\n|upkeep\n|\n|t:|1699893832\n|switch|p2a: Helioptile|Helioptile, L18, M, shiny|88\/100\n|-damage|p2a: Helioptile|76\/100|[from] Stealth Rock\n|turn|20\n|\n|t:|1699893834\n|move|p2a: Helioptile|Thunderbolt|p1a: Trump\n|-damage|p1a: Trump|0 fnt\n|faint|p1a: Trump\n|\n|upkeep\n|\n|t:|1699893837\n|switch|p1a: Heaven Bell|Bronzor, L18|90\/100\n|-damage|p1a: Heaven Bell|83\/100|[from] Stealth Rock\n|turn|21\n|\n|t:|1699893841\n|move|p2a: Helioptile|Thunderbolt|p1a: Heaven Bell\n|-damage|p1a: Heaven Bell|60\/100\n|move|p1a: Heaven Bell|Calm Mind|p1a: Heaven Bell\n|-boost|p1a: Heaven Bell|spa|1\n|-boost|p1a: Heaven Bell|spd|1\n|\n|upkeep\n|turn|22\n|\n|t:|1699893843\n|move|p2a: Helioptile|Thunderbolt|p1a: Heaven Bell\n|-damage|p1a: Heaven Bell|44\/100\n|move|p1a: Heaven Bell|Calm Mind|p1a: Heaven Bell\n|-boost|p1a: Heaven Bell|spa|1\n|-boost|p1a: Heaven Bell|spd|1\n|\n|upkeep\n|turn|23\n|\n|t:|1699893846\n|move|p2a: Helioptile|Thunderbolt|p1a: Heaven Bell\n|-damage|p1a: Heaven Bell|30\/100\n|move|p1a: Heaven Bell|Calm Mind|p1a: Heaven Bell\n|-boost|p1a: Heaven Bell|spa|1\n|-boost|p1a: Heaven Bell|spd|1\n|\n|upkeep\n|turn|24\n|\n|t:|1699893848\n|move|p2a: Helioptile|Thunderbolt|p1a: Heaven Bell\n|-damage|p1a: Heaven Bell|19\/100\n|move|p1a: Heaven Bell|Rest|p1a: Heaven Bell\n|-status|p1a: Heaven Bell|slp|[from] move: Rest\n|-heal|p1a: Heaven Bell|100\/100 slp|[silent]\n|\n|upkeep\n|turn|25\n|c|\u2606Zaynzito|come\u00e7ou\n|c|\u2606Zaynzito|a palha\u00e7ada\n|c|\u2606The Kitten Boy|yup\n|\n|t:|1699893866\n|move|p2a: Helioptile|Thunderbolt|p1a: Heaven Bell\n|-damage|p1a: Heaven Bell|90\/100 slp\n|cant|p1a: Heaven Bell|slp\n|\n|upkeep\n|turn|26\n|c|\u2606The Kitten Boy|ngm sabe como t\u00e1 a mente do palha\u00e7o\n|\n|t:|1699893874\n|move|p2a: Helioptile|Thunderbolt|p1a: Heaven Bell\n|-damage|p1a: Heaven Bell|79\/100 slp\n|cant|p1a: Heaven Bell|slp\n|\n|upkeep\n|turn|27\n|\n|t:|1699893877\n|move|p2a: Helioptile|Thunderbolt|p1a: Heaven Bell\n|-damage|p1a: Heaven Bell|68\/100 slp\n|-curestatus|p1a: Heaven Bell|slp|[msg]\n|move|p1a: Heaven Bell|Stored Power|p2a: Helioptile\n|-damage|p2a: Helioptile|0 fnt\n|faint|p2a: Helioptile\n|\n|upkeep\n|\n|t:|1699893884\n|switch|p2a: Fletchling|Fletchling, L18, M|100\/100\n|-damage|p2a: Fletchling|76\/100|[from] Stealth Rock\n|turn|28\n|\n|t:|1699893887\n|move|p2a: Fletchling|Flare Blitz|p1a: Heaven Bell\n|-supereffective|p1a: Heaven Bell\n|-damage|p1a: Heaven Bell|11\/100\n|-damage|p2a: Fletchling|52\/100|[from] Recoil\n|move|p1a: Heaven Bell|Stored Power|p2a: Fletchling\n|-damage|p2a: Fletchling|0 fnt\n|faint|p2a: Fletchling\n|\n|upkeep\n|\n|t:|1699893890\n|switch|p2a: Skrelp|Skrelp, L18, F|89\/100\n|-damage|p2a: Skrelp|77\/100|[from] Stealth Rock\n|turn|29\n|\n|t:|1699893893\n|move|p2a: Skrelp|Scald|p1a: Heaven Bell\n|-damage|p1a: Heaven Bell|0 fnt\n|faint|p1a: Heaven Bell\n|\n|upkeep\n|\n|t:|1699893896\n|switch|p1a: Sandy|Buizel, L18, F|70\/100\n|-damage|p1a: Sandy|59\/100|[from] Stealth Rock\n|turn|30\n|\n|t:|1699893899\n|move|p1a: Sandy|Surf|p2a: Skrelp\n|-resisted|p2a: Skrelp\n|-damage|p2a: Skrelp|59\/100\n|-damage|p1a: Sandy|50\/100|[from] item: Life Orb\n|move|p2a: Skrelp|Sludge Bomb|p1a: Sandy\n|-damage|p1a: Sandy|0 fnt\n|faint|p1a: Sandy\n|\n|win|Zaynzito\n","uploadtime":1699893913,"views":4,"p1id":"thekittenboy","p2id":"zaynzito","formatid":"gen9nationaldexubers","rating":0,"private":0,"password":""}