{"id":"gen9nationaldexubers-1979847597","p1":"MannyManati","p2":"matt_dizel","format":"[Gen 9] National Dex Ubers","log":"|j|\u2606MannyManati\n|j|\u2606matt_dizel\n|t:|1698719606\n|gametype|singles\n|player|p1|MannyManati|steven|\n|player|p2|matt_dizel|170|\n|teamsize|p1|6\n|teamsize|p2|6\n|gen|9\n|tier|[Gen 9] National Dex Ubers\n|rule|HP Percentage Mod: HP is shown in percentages\n|rule|Endless Battle Clause: Forcing endless battles is banned\n|rule|OHKO Clause: OHKO moves are banned\n|rule|Evasion Moves Clause: Evasion moves are banned\n|rule|Evasion Items Clause: Evasion items are banned\n|rule|Species Clause: Limit one of each Pok\u00e9mon\n|rule|Sleep Clause Mod: Limit one foe put to sleep\n|rule|Mega Rayquaza Clause: You cannot mega evolve Rayquaza\n|clearpoke\n|poke|p1|Blastoise, F|\n|poke|p1|Ting-Lu|\n|poke|p1|Arcanine-Hisui, F|\n|poke|p1|Mawile, F|\n|poke|p1|Thundurus, M|\n|poke|p1|Rillaboom, F|\n|poke|p2|Chi-Yu|\n|poke|p2|Latios, M|\n|poke|p2|Landorus-Therian, M|\n|poke|p2|Iron Hands|\n|poke|p2|Tapu Fini|\n|poke|p2|Hoopa-Unbound|\n|teampreview\n|j| Chicago Cinderaces\n|\n|t:|1698719630\n|start\n|switch|p1a: Ting-Lu|Ting-Lu|100\/100\n|switch|p2a: Landorus|Landorus-Therian, M|100\/100\n|-ability|p2a: Landorus|Intimidate|boost\n|-unboost|p1a: Ting-Lu|atk|1\n|-ability|p1a: Ting-Lu|Vessel of Ruin\n|turn|1\n|\n|t:|1698719643\n|move|p2a: Landorus|U-turn|p1a: Ting-Lu\n|-supereffective|p1a: Ting-Lu\n|-damage|p1a: Ting-Lu|79\/100\n|\n|t:|1698719653\n|switch|p2a: Iron Hands|Iron Hands|100\/100|[from] U-turn\n|move|p1a: Ting-Lu|Stealth Rock|p2a: Iron Hands\n|-sidestart|p2: matt_dizel|move: Stealth Rock\n|\n|-heal|p1a: Ting-Lu|86\/100|[from] item: Leftovers\n|upkeep\n|turn|2\n|\n|t:|1698719663\n|move|p2a: Iron Hands|Ice Punch|p1a: Ting-Lu\n|-supereffective|p1a: Ting-Lu\n|-damage|p1a: Ting-Lu|63\/100\n|move|p1a: Ting-Lu|Stomping Tantrum|p2a: Iron Hands\n|-supereffective|p2a: Iron Hands\n|-damage|p2a: Iron Hands|74\/100\n|\n|-heal|p1a: Ting-Lu|69\/100|[from] item: Leftovers\n|upkeep\n|turn|3\n|\n|t:|1698719670\n|move|p2a: Iron Hands|Close Combat|p1a: Ting-Lu\n|-supereffective|p1a: Ting-Lu\n|-damage|p1a: Ting-Lu|6\/100\n|-unboost|p2a: Iron Hands|def|1\n|-unboost|p2a: Iron Hands|spd|1\n|move|p1a: Ting-Lu|Spikes|p2a: Iron Hands\n|-sidestart|p2: matt_dizel|Spikes\n|\n|-heal|p1a: Ting-Lu|12\/100|[from] item: Leftovers\n|upkeep\n|turn|4\n|\n|t:|1698719682\n|move|p2a: Iron Hands|Ice Punch|p1a: Ting-Lu\n|-supereffective|p1a: Ting-Lu\n|-damage|p1a: Ting-Lu|0 fnt\n|faint|p1a: Ting-Lu\n|\n|upkeep\n|\n|t:|1698719701\n|switch|p1a: Mawile|Mawile, F|100\/100\n|-ability|p1a: Mawile|Intimidate|boost\n|-unboost|p2a: Iron Hands|atk|1\n|turn|5\n|\n|t:|1698719731\n|-end|p2a: Iron Hands|Quark Drive|[silent]\n|switch|p2a: Chi-Yu|Chi-Yu|100\/100\n|-ability|p2a: Chi-Yu|Beads of Ruin\n|detailschange|p1a: Mawile|Mawile-Mega, F\n|-mega|p1a: Mawile|Mawile|Mawilite\n|move|p1a: Mawile|Play Rough|p2a: Chi-Yu\n|-damage|p2a: Chi-Yu|0 fnt\n|faint|p2a: Chi-Yu\n|\n|upkeep\n|\n|t:|1698719745\n|switch|p2a: Landorus|Landorus-Therian, M|100\/100\n|-damage|p2a: Landorus|88\/100|[from] Stealth Rock\n|-ability|p2a: Landorus|Intimidate|boost\n|-unboost|p1a: Mawile|atk|1\n|turn|6\n|\n|t:|1698719767\n|switch|p1a: Thundurus|Thundurus, M, shiny|100\/100\n|move|p2a: Landorus|U-turn|p1a: Thundurus\n|-resisted|p1a: Thundurus\n|-damage|p1a: Thundurus|79\/100\n|\n|t:|1698719777\n|switch|p2a: Iron Hands|Iron Hands|74\/100|[from] U-turn\n|-damage|p2a: Iron Hands|68\/100|[from] Stealth Rock\n|-damage|p2a: Iron Hands|55\/100|[from] Spikes\n|\n|upkeep\n|turn|7\n|\n|t:|1698719803\n|switch|p1a: Mawile|Mawile-Mega, F|100\/100\n|move|p2a: Iron Hands|Ice Punch|p1a: Mawile\n|-resisted|p1a: Mawile\n|-damage|p1a: Mawile|86\/100\n|\n|upkeep\n|turn|8\n|\n|t:|1698719812\n|move|p2a: Iron Hands|Close Combat|p1a: Mawile\n|-damage|p1a: Mawile|17\/100\n|-unboost|p2a: Iron Hands|def|1\n|-unboost|p2a: Iron Hands|spd|1\n|move|p1a: Mawile|Play Rough|p2a: Iron Hands\n|-supereffective|p2a: Iron Hands\n|-damage|p2a: Iron Hands|0 fnt\n|faint|p2a: Iron Hands\n|-end|p2a: Iron Hands|Quark Drive|[silent]\n|\n|upkeep\n|\n|t:|1698719831\n|switch|p2a: Hoopa|Hoopa-Unbound|100\/100\n|-damage|p2a: Hoopa|88\/100|[from] Stealth Rock\n|-damage|p2a: Hoopa|76\/100|[from] Spikes\n|turn|9\n|\n|t:|1698719837\n|move|p1a: Mawile|Sucker Punch|p2a: Hoopa\n|-damage|p2a: Hoopa|0 fnt\n|faint|p2a: Hoopa\n|\n|upkeep\n|\n|t:|1698719842\n|switch|p2a: Tapu Fini|Tapu Fini|100\/100\n|-damage|p2a: Tapu Fini|88\/100|[from] Stealth Rock\n|-damage|p2a: Tapu Fini|76\/100|[from] Spikes\n|-fieldstart|move: Misty Terrain|[from] ability: Misty Surge|[of] p2a: Tapu Fini\n|turn|10\n|\n|t:|1698719853\n|move|p2a: Tapu Fini|Scald|p1a: Mawile\n|-crit|p1a: Mawile\n|-damage|p1a: Mawile|0 fnt\n|faint|p1a: Mawile\n|\n|-heal|p2a: Tapu Fini|82\/100|[from] item: Leftovers\n|upkeep\n|\n|t:|1698719865\n|switch|p1a: Thundurus|Thundurus, M, shiny|79\/100\n|turn|11\n|\n|t:|1698719874\n|switch|p2a: Landorus|Landorus-Therian, M|88\/100\n|-damage|p2a: Landorus|76\/100|[from] Stealth Rock\n|-ability|p2a: Landorus|Intimidate|boost\n|-unboost|p1a: Thundurus|atk|1\n|-ability|p1a: Thundurus|Defiant|boost\n|-boost|p1a: Thundurus|atk|2\n|-terastallize|p1a: Thundurus|Ice\n|move|p1a: Thundurus|Tera Blast|p2a: Landorus|[anim] Tera Blast Ice\n|-supereffective|p2a: Landorus\n|-damage|p2a: Landorus|0 fnt\n|faint|p2a: Landorus\n|\n|upkeep\n|\n|t:|1698719900\n|switch|p2a: Tapu Fini|Tapu Fini|82\/100\n|-damage|p2a: Tapu Fini|70\/100|[from] Stealth Rock\n|-damage|p2a: Tapu Fini|58\/100|[from] Spikes\n|turn|12\n|\n|t:|1698719914\n|switch|p1a: Rillaboom|Rillaboom, F, shiny|100\/100\n|-fieldstart|move: Grassy Terrain|[from] ability: Grassy Surge|[of] p1a: Rillaboom\n|move|p2a: Tapu Fini|Moonblast|p1a: Rillaboom\n|-damage|p1a: Rillaboom|77\/100\n|\n|-heal|p2a: Tapu Fini|64\/100|[from] Grassy Terrain\n|-heal|p2a: Tapu Fini|70\/100|[from] item: Leftovers\n|-heal|p1a: Rillaboom|83\/100|[from] Grassy Terrain\n|upkeep\n|turn|13\n|\n|t:|1698719926\n|move|p1a: Rillaboom|Grassy Glide|p2a: Tapu Fini\n|-supereffective|p2a: Tapu Fini\n|-damage|p2a: Tapu Fini|3\/100\n|move|p2a: Tapu Fini|Moonblast|p1a: Rillaboom\n|-damage|p1a: Rillaboom|57\/100\n|-unboost|p1a: Rillaboom|spa|1\n|\n|-heal|p2a: Tapu Fini|9\/100|[from] Grassy Terrain\n|-heal|p2a: Tapu Fini|15\/100|[from] item: Leftovers\n|-heal|p1a: Rillaboom|63\/100|[from] Grassy Terrain\n|upkeep\n|turn|14\n|\n|t:|1698719930\n|move|p1a: Rillaboom|Grassy Glide|p2a: Tapu Fini\n|-supereffective|p2a: Tapu Fini\n|-damage|p2a: Tapu Fini|0 fnt\n|faint|p2a: Tapu Fini\n|\n|-heal|p1a: Rillaboom|69\/100|[from] Grassy Terrain\n|upkeep\n|\n|t:|1698719931\n|switch|p2a: Latios|Latios, M|100\/100\n|-damage|p2a: Latios|88\/100|[from] Stealth Rock\n|turn|15\n|\n|t:|1698719939\n|detailschange|p2a: Latios|Latios-Mega, M\n|-mega|p2a: Latios|Latios|Latiosite\n|move|p2a: Latios|Agility|p2a: Latios\n|-boost|p2a: Latios|spe|2\n|move|p1a: Rillaboom|U-turn|p2a: Latios\n|-supereffective|p2a: Latios\n|-damage|p2a: Latios|32\/100\n|\n|t:|1698719951\n|switch|p1a: Arcanine|Arcanine-Hisui, F, shiny|100\/100|[from] U-turn\n|-ability|p1a: Arcanine|Intimidate|boost\n|-unboost|p2a: Latios|atk|1\n|\n|upkeep\n|turn|16\n|\n|t:|1698719959\n|move|p1a: Arcanine|Extreme Speed|p2a: Latios\n|-damage|p2a: Latios|0 fnt\n|faint|p2a: Latios\n|\n|win|MannyManati\n|l|\u2606matt_dizel\n","uploadtime":1698720030,"views":39,"p1id":"mannymanati","p2id":"mattdizel","formatid":"gen9nationaldexubers","rating":0,"private":0,"password":""}