{"id":"gen9nationaldexubers-1999407539","p1":"ghazitoomix","p2":"QuagsireCaesar","format":"[Gen 9] National Dex Ubers","log":"|j|\u2606ghazitoomix\n|j|\u2606QuagsireCaesar\n|t:|1701075328\n|gametype|singles\n|player|p1|ghazitoomix|red|1121\n|player|p2|QuagsireCaesar|2|1139\n|teamsize|p1|6\n|teamsize|p2|6\n|gen|9\n|tier|[Gen 9] National Dex Ubers\n|rated|\n|rule|HP Percentage Mod: HP is shown in percentages\n|rule|Endless Battle Clause: Forcing endless battles is banned\n|rule|OHKO Clause: OHKO moves are banned\n|rule|Evasion Moves Clause: Evasion moves are banned\n|rule|Evasion Items Clause: Evasion items are banned\n|rule|Species Clause: Limit one of each Pok\u00e9mon\n|rule|Sleep Clause Mod: Limit one foe put to sleep\n|rule|Mega Rayquaza Clause: You cannot mega evolve Rayquaza\n|clearpoke\n|poke|p1|Dragonite, M|\n|poke|p1|Gengar, M|\n|poke|p1|Dracovish|\n|poke|p1|Lucario, M|\n|poke|p1|Sirfetch\u2019d, M|\n|poke|p1|Pikachu-World, M|\n|poke|p2|Hatterene, F|\n|poke|p2|Calyrex-Ice|\n|poke|p2|Necrozma-Dawn-Wings|\n|poke|p2|Melmetal|\n|poke|p2|Groudon, L99|\n|poke|p2|Ho-Oh|\n|teampreview\n|\n|t:|1701075337\n|start\n|switch|p1a: Pikachu|Pikachu-World, M|100\/100\n|switch|p2a: Hatterene|Hatterene, F|100\/100\n|turn|1\n|\n|t:|1701075347\n|switch|p2a: Groudon|Groudon, L99|100\/100\n|detailschange|p2a: Groudon|Groudon-Primal, L99\n|-primal|p2a: Groudon|Red Orb\n|-weather|DesolateLand|[from] ability: Desolate Land|[of] p2a: Groudon\n|move|p1a: Pikachu|Fake Out|p2a: Groudon\n|-damage|p2a: Groudon|94\/100\n|\n|-weather|DesolateLand|[upkeep]\n|upkeep\n|turn|2\n|\n|t:|1701075362\n|switch|p1a: Dragonite|Dragonite, M|100\/100\n|move|p2a: Groudon|Heat Crash|p1a: Dragonite\n|-resisted|p1a: Dragonite\n|-damage|p1a: Dragonite|73\/100\n|\n|-weather|DesolateLand|[upkeep]\n|upkeep\n|turn|3\n|\n|t:|1701075370\n|move|p1a: Dragonite|Dragon Dance|p1a: Dragonite\n|-boost|p1a: Dragonite|atk|1\n|-boost|p1a: Dragonite|spe|1\n|move|p2a: Groudon|Dragon Tail|p1a: Dragonite\n|-supereffective|p1a: Dragonite\n|-damage|p1a: Dragonite|8\/100\n|-enditem|p1a: Dragonite|Weakness Policy\n|-boost|p1a: Dragonite|atk|2|[from] item: Weakness Policy\n|-boost|p1a: Dragonite|spa|2|[from] item: Weakness Policy\n|drag|p1a: Gengar|Gengar, M|100\/100\n|\n|-weather|DesolateLand|[upkeep]\n|upkeep\n|turn|4\n|\n|t:|1701075391\n|-terastallize|p1a: Gengar|Ghost\n|move|p1a: Gengar|Shadow Ball|p2a: Groudon\n|-damage|p2a: Groudon|19\/100\n|-damage|p1a: Gengar|91\/100|[from] item: Life Orb\n|move|p2a: Groudon|Precipice Blades|p1a: Gengar|[miss]\n|-miss|p2a: Groudon|p1a: Gengar\n|\n|-weather|DesolateLand|[upkeep]\n|upkeep\n|turn|5\n|\n|t:|1701075402\n|-weather|none\n|switch|p2a: Ho-Oh|Ho-Oh|100\/100\n|move|p1a: Gengar|Shadow Ball|p2a: Ho-Oh\n|-damage|p2a: Ho-Oh|68\/100\n|-unboost|p2a: Ho-Oh|spd|1\n|-damage|p1a: Gengar|81\/100|[from] item: Life Orb\n|\n|-heal|p2a: Ho-Oh|74\/100|[from] item: Leftovers\n|upkeep\n|turn|6\n|\n|t:|1701075414\n|move|p1a: Gengar|Shadow Ball|p2a: Ho-Oh\n|-damage|p2a: Ho-Oh|31\/100\n|-damage|p1a: Gengar|71\/100|[from] item: Life Orb\n|move|p2a: Ho-Oh|Brave Bird|p1a: Gengar\n|-damage|p1a: Gengar|0 fnt\n|faint|p1a: Gengar\n|-damage|p2a: Ho-Oh|16\/100|[from] Recoil\n|\n|-heal|p2a: Ho-Oh|22\/100|[from] item: Leftovers\n|upkeep\n|\n|t:|1701075426\n|switch|p1a: Pikachu|Pikachu-World, M|100\/100\n|turn|7\n|\n|t:|1701075431\n|move|p1a: Pikachu|Volt Tackle|p2a: Ho-Oh\n|-supereffective|p2a: Ho-Oh\n|-damage|p2a: Ho-Oh|0 fnt\n|faint|p2a: Ho-Oh\n|-damage|p1a: Pikachu|86\/100|[from] Recoil\n|\n|upkeep\n|\n|t:|1701075434\n|switch|p2a: Necrozma|Necrozma-Dawn-Wings|100\/100\n|turn|8\n|\n|t:|1701075440\n|move|p1a: Pikachu|Thunder Wave|p2a: Necrozma\n|-status|p2a: Necrozma|par\n|move|p2a: Necrozma|Trick Room|p2a: Necrozma\n|-fieldstart|move: Trick Room|[of] p2a: Necrozma\n|\n|upkeep\n|turn|9\n|\n|t:|1701075451\n|move|p2a: Necrozma|Photon Geyser|p1a: Pikachu\n|-damage|p1a: Pikachu|0 fnt\n|faint|p1a: Pikachu\n|\n|upkeep\n|\n|t:|1701075468\n|switch|p1a: Dracovish|Dracovish|100\/100\n|turn|10\n|\n|t:|1701075472\n|cant|p2a: Necrozma|par\n|move|p1a: Dracovish|Crunch|p2a: Necrozma\n|-supereffective|p2a: Necrozma\n|-damage|p2a: Necrozma|27\/100 par\n|\n|upkeep\n|turn|11\n|\n|t:|1701075479\n|move|p2a: Necrozma|Photon Geyser|p1a: Dracovish\n|-damage|p1a: Dracovish|17\/100\n|move|p1a: Dracovish|Crunch|p2a: Necrozma\n|-supereffective|p2a: Necrozma\n|-damage|p2a: Necrozma|0 fnt\n|faint|p2a: Necrozma\n|\n|upkeep\n|\n|t:|1701075484\n|switch|p2a: Calyrex|Calyrex-Ice|100\/100\n|-ability|p2a: Calyrex|As One\n|-ability|p2a: Calyrex|Unnerve\n|turn|12\n|\n|t:|1701075496\n|move|p2a: Calyrex|Glacial Lance|p1a: Dracovish\n|-damage|p1a: Dracovish|0 fnt\n|faint|p1a: Dracovish\n|-ability|p2a: Calyrex|Chilling Neigh|boost\n|-boost|p2a: Calyrex|atk|1\n|\n|-fieldend|move: Trick Room\n|upkeep\n|\n|t:|1701075504\n|switch|p1a: Sirfetch\u2019d|Sirfetch\u2019d, M|100\/100\n|turn|13\n|\n|t:|1701075510\n|move|p1a: Sirfetch\u2019d|First Impression|p2a: Calyrex\n|-supereffective|p2a: Calyrex\n|-damage|p2a: Calyrex|60\/100\n|move|p2a: Calyrex|Trick Room|p2a: Calyrex\n|-fieldstart|move: Trick Room|[of] p2a: Calyrex\n|\n|upkeep\n|turn|14\n|\n|t:|1701075520\n|move|p2a: Calyrex|Zen Headbutt|p1a: Sirfetch\u2019d\n|-supereffective|p1a: Sirfetch\u2019d\n|-damage|p1a: Sirfetch\u2019d|0 fnt\n|faint|p1a: Sirfetch\u2019d\n|-ability|p2a: Calyrex|Chilling Neigh|boost\n|-boost|p2a: Calyrex|atk|1\n|\n|upkeep\n|\n|t:|1701075530\n|switch|p1a: Lucario|Lucario, M|100\/100\n|turn|15\n|\n|t:|1701075544\n|detailschange|p1a: Lucario|Lucario-Mega, M\n|-mega|p1a: Lucario|Lucario|Lucarionite\n|move|p1a: Lucario|Bullet Punch|p2a: Calyrex\n|-supereffective|p2a: Calyrex\n|-damage|p2a: Calyrex|24\/100\n|-enditem|p2a: Calyrex|Aguav Berry|[eat]\n|-heal|p2a: Calyrex|57\/100|[from] item: Aguav Berry\n|move|p2a: Calyrex|Close Combat|p1a: Lucario\n|-supereffective|p1a: Lucario\n|-damage|p1a: Lucario|0 fnt\n|-unboost|p2a: Calyrex|def|1\n|-unboost|p2a: Calyrex|spd|1\n|faint|p1a: Lucario\n|-ability|p2a: Calyrex|Chilling Neigh|boost\n|-boost|p2a: Calyrex|atk|1\n|\n|upkeep\n|\n|t:|1701075558\n|switch|p1a: Dragonite|Dragonite, M|8\/100\n|turn|16\n|\n|t:|1701075563\n|move|p1a: Dragonite|Extreme Speed|p2a: Calyrex\n|-damage|p2a: Calyrex|27\/100\n|move|p2a: Calyrex|Glacial Lance|p1a: Dragonite\n|-supereffective|p1a: Dragonite\n|-damage|p1a: Dragonite|0 fnt\n|faint|p1a: Dragonite\n|\n|win|QuagsireCaesar\n|raw|ghazitoomix's rating: 1121 &rarr; <strong>1097<\/strong><br \/>(-24 for losing)\n|raw|QuagsireCaesar's rating: 1139 &rarr; <strong>1163<\/strong><br \/>(+24 for winning)\n|l|\u2606QuagsireCaesar\n|l|\u2606ghazitoomix\n|j|\u2606QuagsireCaesar\n|player|p2|QuagsireCaesar|2\n|j| hbgzd\n","uploadtime":1701075859,"views":2,"p1id":"ghazitoomix","p2id":"quagsirecaesar","formatid":"gen9nationaldexubers","rating":1097,"private":0,"password":""}