{"id":"gen9nationaldexubers-1986495517","p1":"AegiSwaggy","p2":"Snapteryx","format":"[Gen 9] National Dex Ubers","log":"|j|\u2606AegiSwaggy\n|j|\u2606Snapteryx\n|t:|1699484891\n|gametype|singles\n|player|p1|AegiSwaggy|yellow|\n|player|p2|Snapteryx|allister|\n|teamsize|p1|6\n|teamsize|p2|6\n|gen|9\n|tier|[Gen 9] National Dex Ubers\n|rule|HP Percentage Mod: HP is shown in percentages\n|rule|Endless Battle Clause: Forcing endless battles is banned\n|rule|OHKO Clause: OHKO moves are banned\n|rule|Evasion Moves Clause: Evasion moves are banned\n|rule|Evasion Items Clause: Evasion items are banned\n|rule|Species Clause: Limit one of each Pok\u00e9mon\n|rule|Sleep Clause Mod: Limit one foe put to sleep\n|rule|Mega Rayquaza Clause: You cannot mega evolve Rayquaza\n|clearpoke\n|poke|p1|Garganacl, F|\n|poke|p1|Aegislash, M|\n|poke|p1|Skeledirge, F|\n|poke|p1|Greninja-*, M|\n|poke|p1|Venusaur, F|\n|poke|p1|Great Tusk|\n|poke|p2|Gliscor, F|\n|poke|p2|Corviknight, F|\n|poke|p2|Mantine, F|\n|poke|p2|Landorus, M|\n|poke|p2|Charizard, M|\n|poke|p2|Zapdos-Galar|\n|teampreview\n|j| Astro Rifk\n|c|\u2606AegiSwaggy|tera fairy garg\n|c|\u2606Snapteryx|Yep\n|c|\u2606AegiSwaggy|let me quickjly choose the right ost to listen to\n|j| Jack0lantern89\n|c| Astro Rifk|beat garg w hammers\n|j| P!xelated\n|c| P!xelated|Yooo\n|c| P!xelated|Krill him with nukes\n|c|\u2606AegiSwaggy|ok glhf\n|c|\u2606AegiSwaggy|graphics?\n|c| Astro Rifk|graphics u should do a league run :3\n|c| P!xelated|No\n|c| Astro Rifk|(i can help u build :3)\n|c| P!xelated|Also yes Swaggy\n|j| Awesomeacuz13\n|c| P!xelated|Maybe\n|c| P!xelated|Dunno\n|c| Jack0lantern89|dont get rifks help\n|c| P!xelated|Whyn\u2019t\n|c| Jack0lantern89|ur kitchen might set on fire\n|c| P!xelated|I almost already did that while making hot dogs earlier\n|\n|t:|1699484996\n|start\n|switch|p1a: The Capricious|Greninja, M|100\/100\n|switch|p2a: Calamus|Zapdos-Galar|100\/100\n|turn|1\n|c| P!xelated|I will be fin\n|c| P!xelated|fine*\n|\n|t:|1699485010\n|move|p2a: Calamus|U-turn|p1a: The Capricious\n|-supereffective|p1a: The Capricious\n|-damage|p1a: The Capricious|15\/100\n|\n|t:|1699485015\n|switch|p2a: Alula|Mantine, F, shiny|100\/100|[from] U-turn\n|move|p1a: The Capricious|U-turn|p2a: Alula\n|-resisted|p2a: Alula\n|-damage|p2a: Alula|89\/100\n|-damage|p1a: The Capricious|5\/100|[from] item: Life Orb\n|c| Jack0lantern89|but keep in mind\n|\n|t:|1699485026\n|switch|p1a: The Dauntless|Venusaur, F|100\/100|[from] U-turn\n|\n|upkeep\n|turn|2\n|\n|t:|1699485037\n|switch|p2a: Delta Airlines|Corviknight, F, shiny|100\/100\n|-ability|p2a: Delta Airlines|Pressure\n|detailschange|p1a: The Dauntless|Venusaur-Mega, F\n|-mega|p1a: The Dauntless|Venusaur|Venusaurite\n|move|p1a: The Dauntless|Leech Seed|p2a: Delta Airlines\n|-start|p2a: Delta Airlines|move: Leech Seed\n|\n|-damage|p2a: Delta Airlines|88\/100|[from] Leech Seed|[of] p1a: The Dauntless\n|upkeep\n|turn|3\n|c| Jack0lantern89|rifk is prob goign to burn down the kitchen\n|c| P!xelated|Big bird\n|c| Astro Rifk|i only pass the most normal sets\n|c|\u2606Snapteryx|So true\n|c|\u2606Snapteryx|Birds are cool\n|c| Astro Rifk|and team recommenxations\n|c| Astro Rifk|:3\n|c|\u2606AegiSwaggy|favorite bird?\n|c| P!xelated|Dunno\n|c| P!xelated|Maybe Skarmory\n|c| Astro Rifk|uhhhhhhhhhhh\n|c|\u2606AegiSwaggy|i meant an actual bird :skull:\n|c| Astro Rifk|lmao\n|c|\u2606Snapteryx|Mantine best bird\n|c| P!xelated|Tried to use discord emojis on showdown :Skull:\n|c| Astro Rifk|the name i could say rn would get me shot me tuinks\n|c| P!xelated|I like Red Cardinals\n|c|\u2606AegiSwaggy|are there cardinals that arent red????\n|\n|t:|1699485123\n|switch|p1a: The Curdled|Garganacl, F|100\/100\n|move|p2a: Delta Airlines|U-turn|p1a: The Curdled\n|-damage|p1a: The Curdled|91\/100\n|c| P!xelated|Isn\u2019t there a bird called a Boobie?\n|c| P!xelated|Or something\n|c|\u2606AegiSwaggy|probably\n|c|\u2606AegiSwaggy|anyways my favorite bird is yanmega (real)\n|c| P!xelated|Aegi yeah, female Cardinals\n|c|\u2606AegiSwaggy|what color are female cardinals\n|c| P!xelated|Brown\n|c| Astro Rifk|zapdos best bird\n|\n|t:|1699485170\n|switch|p2a: L*ndorus|Landorus, M|100\/100|[from] U-turn\n|\n|-heal|p1a: The Curdled|97\/100|[from] item: Leftovers\n|upkeep\n|turn|4\n|c| Astro Rifk|actually wait no\n|c| Astro Rifk|landorus best bird\n|c| P!xelated|Tera Flying Diglett best bird\n|c|\u2606AegiSwaggy|landorus is my least favorite bird i hate it\n|c|\u2606AegiSwaggy|grr\n|l| Jack0lantern89\n|c| P!xelated|Alright Rifk help me teambuild\n|c| P!xelated|Right here right now\n|c|\u2606Snapteryx|Zapdos is a cool bird until you fight against it and have to play around static\n|c| Astro Rifk|Jsoanxmsiz\n|c| Astro Rifk|uhmmmmm\n|c| Astro Rifk|use spikes\n|c| Astro Rifk|idk\n|c| P!xelated|Says our local spike addict\n|c| Astro Rifk|yes\n|c| Astro Rifk|@snapteryx\n|c| Awesomeacuz13|That's a government drone not a bird\n|c| P!xelated|Rifk I spiked your drink. Literally.\n|c| Astro Rifk|its fun untill you need to fight offensive zapdos\n|\n|t:|1699485273\n|move|p1a: The Curdled|Protect|p1a: The Curdled\n|-singleturn|p1a: The Curdled|Protect\n|move|p2a: L*ndorus|Sludge Wave|p1a: The Curdled\n|-activate|p1a: The Curdled|move: Protect\n|\n|-heal|p1a: The Curdled|100\/100|[from] item: Leftovers\n|upkeep\n|turn|5\n|c| Astro Rifk|aint no way\n|c| P!xelated|Massive protect\n|\n|t:|1699485286\n|-terastallize|p2a: L*ndorus|Ground\n|move|p2a: L*ndorus|Earth Power|p1a: The Curdled\n|-supereffective|p1a: The Curdled\n|-damage|p1a: The Curdled|0 fnt\n|faint|p1a: The Curdled\n|\n|upkeep\n|c|\u2606AegiSwaggy|well\n|c|\u2606Snapteryx|Pog\n|c|\u2606AegiSwaggy|thats gg\n|c| Astro Rifk|dead bozo\n|c|\u2606AegiSwaggy|but i will still play it out\n|c|\u2606AegiSwaggy|because why not\n|c| P!xelated|Poor Curdled sadge\n|\n|t:|1699485311\n|switch|p1a: The Dauntless|Venusaur-Mega, F|100\/100\n|turn|6\n|c|\u2606AegiSwaggy|so yeah the orange chicken is scarfed ill remember that next time\n|\n|t:|1699485363\n|switch|p2a: Delta Airlines|Corviknight, F, shiny|88\/100\n|-ability|p2a: Delta Airlines|Pressure\n|move|p1a: The Dauntless|Leech Seed|p2a: Delta Airlines\n|-start|p2a: Delta Airlines|move: Leech Seed\n|\n|-heal|p2a: Delta Airlines|94\/100|[from] item: Leftovers\n|-damage|p2a: Delta Airlines|82\/100|[from] Leech Seed|[of] p1a: The Dauntless\n|upkeep\n|turn|7\n|c| P!xelated|Big bird lmao\n|\n|t:|1699485381\n|move|p1a: The Dauntless|Giga Drain|p2a: Delta Airlines\n|-resisted|p2a: Delta Airlines\n|-damage|p2a: Delta Airlines|76\/100\n|move|p2a: Delta Airlines|U-turn|p1a: The Dauntless\n|-damage|p1a: The Dauntless|90\/100\n|\n|t:|1699485386\n|switch|p2a: Charizard|Charizard, M|100\/100|[from] U-turn\n|\n|upkeep\n|turn|8\n|l| P!xelated\n|\n|t:|1699485446\n|switch|p1a: The Deceiver|Aegislash, M|100\/100\n|detailschange|p2a: Charizard|Charizard-Mega-Y, M\n|-mega|p2a: Charizard|Charizard|Charizardite Y\n|-weather|SunnyDay|[from] ability: Drought|[of] p2a: Charizard\n|move|p2a: Charizard|Air Slash|p1a: The Deceiver\n|-resisted|p1a: The Deceiver\n|-damage|p1a: The Deceiver|83\/100\n|\n|-weather|SunnyDay|[upkeep]\n|upkeep\n|turn|9\n|\n|t:|1699485464\n|move|p1a: The Deceiver|King's Shield|p1a: The Deceiver\n|-singleturn|p1a: The Deceiver|Protect\n|move|p2a: Charizard|Flamethrower|p1a: The Deceiver\n|-activate|p1a: The Deceiver|move: Protect\n|\n|-weather|SunnyDay|[upkeep]\n|upkeep\n|turn|10\n|\n|t:|1699485470\n|-formechange|p1a: The Deceiver|Aegislash-Blade||[from] ability: Stance Change\n|move|p1a: The Deceiver|Shadow Sneak|p2a: Charizard\n|-damage|p2a: Charizard|58\/100\n|-damage|p1a: The Deceiver|73\/100|[from] item: Life Orb\n|move|p2a: Charizard|Flamethrower|p1a: The Deceiver\n|-supereffective|p1a: The Deceiver\n|-damage|p1a: The Deceiver|0 fnt\n|faint|p1a: The Deceiver\n|\n|-weather|SunnyDay|[upkeep]\n|upkeep\n|c| Astro Rifk|kill yard w  bombs\n|c| Astro Rifk|nukes\n|c| Astro Rifk|rocks\n|c| Astro Rifk|candy canes\n|c| Astro Rifk|random assorted househould applicances\n|\n|t:|1699485529\n|switch|p1a: The Capricious|Greninja, M|5\/100\n|turn|11\n|\n|t:|1699485545\n|switch|p1a: The Savage|Great Tusk|100\/100\n|-activate|p1a: The Savage|ability: Protosynthesis\n|-start|p1a: The Savage|protosynthesisdef\n|switch|p2a: Alula|Mantine, F, shiny|89\/100\n|\n|-weather|SunnyDay|[upkeep]\n|upkeep\n|turn|12\n|j| P!xelated\n|\n|t:|1699485556\n|move|p1a: The Savage|Stealth Rock|p2a: Alula\n|-sidestart|p2: Snapteryx|move: Stealth Rock\n|move|p2a: Alula|Scald|p1a: The Savage\n|-supereffective|p1a: The Savage\n|-damage|p1a: The Savage|69\/100\n|\n|-weather|none\n|-end|p1a: The Savage|Protosynthesis\n|-heal|p1a: The Savage|75\/100|[from] item: Leftovers\n|upkeep\n|turn|13\n|\n|t:|1699485564\n|move|p1a: The Savage|Knock Off|p2a: Alula\n|-damage|p2a: Alula|53\/100\n|-enditem|p2a: Alula|Heavy-Duty Boots|[from] move: Knock Off|[of] p1a: The Savage\n|move|p2a: Alula|Scald|p1a: The Savage\n|-supereffective|p1a: The Savage\n|-damage|p1a: The Savage|14\/100\n|-status|p1a: The Savage|brn\n|\n|-heal|p1a: The Savage|20\/100 brn|[from] item: Leftovers\n|-damage|p1a: The Savage|14\/100 brn|[from] brn\n|upkeep\n|turn|14\n|\n|t:|1699485579\n|switch|p2a: Delta Airlines|Corviknight, F, shiny|76\/100\n|-damage|p2a: Delta Airlines|64\/100|[from] Stealth Rock\n|-ability|p2a: Delta Airlines|Pressure\n|move|p1a: The Savage|Body Press|p2a: Delta Airlines\n|-crit|p2a: Delta Airlines\n|-damage|p2a: Delta Airlines|39\/100\n|\n|-heal|p1a: The Savage|20\/100 brn|[from] item: Leftovers\n|-heal|p2a: Delta Airlines|45\/100|[from] item: Leftovers\n|-damage|p1a: The Savage|14\/100 brn|[from] brn\n|upkeep\n|turn|15\n|c| P!xelated|Swaggy you are losing :(\n|c|\u2606AegiSwaggy|its ok\n|\n|t:|1699485604\n|move|p1a: The Savage|Knock Off|p2a: Delta Airlines\n|-damage|p2a: Delta Airlines|34\/100\n|-enditem|p2a: Delta Airlines|Leftovers|[from] move: Knock Off|[of] p1a: The Savage\n|move|p2a: Delta Airlines|Defog|p1a: The Savage\n|-unboost|p1a: The Savage|evasion|1\n|-sideend|p2: Snapteryx|Stealth Rock|[from] move: Defog|[of] p2a: Delta Airlines\n|\n|-heal|p1a: The Savage|20\/100 brn|[from] item: Leftovers\n|-damage|p1a: The Savage|14\/100 brn|[from] brn\n|upkeep\n|turn|16\n|\n|t:|1699485610\n|move|p1a: The Savage|Stealth Rock|p2a: Delta Airlines\n|-sidestart|p2: Snapteryx|move: Stealth Rock\n|move|p2a: Delta Airlines|Roost|p2a: Delta Airlines\n|-heal|p2a: Delta Airlines|84\/100\n|-singleturn|p2a: Delta Airlines|move: Roost\n|\n|-heal|p1a: The Savage|20\/100 brn|[from] item: Leftovers\n|-damage|p1a: The Savage|14\/100 brn|[from] brn\n|upkeep\n|turn|17\n|\n|t:|1699485622\n|move|p1a: The Savage|Body Press|p2a: Delta Airlines\n|-damage|p2a: Delta Airlines|66\/100\n|move|p2a: Delta Airlines|Defog|p1a: The Savage\n|-unboost|p1a: The Savage|evasion|1\n|-sideend|p2: Snapteryx|Stealth Rock|[from] move: Defog|[of] p2a: Delta Airlines\n|\n|-heal|p1a: The Savage|20\/100 brn|[from] item: Leftovers\n|-damage|p1a: The Savage|14\/100 brn|[from] brn\n|upkeep\n|turn|18\n|c|\u2606AegiSwaggy|nothing is stopping these rocks from going up brother\n|c| P!xelated|Just use spikes\n|\n|t:|1699485650\n|move|p1a: The Savage|Stealth Rock|p2a: Delta Airlines\n|-sidestart|p2: Snapteryx|move: Stealth Rock\n|move|p2a: Delta Airlines|Defog|p1a: The Savage\n|-unboost|p1a: The Savage|evasion|1\n|-sideend|p2: Snapteryx|Stealth Rock|[from] move: Defog|[of] p2a: Delta Airlines\n|\n|-heal|p1a: The Savage|20\/100 brn|[from] item: Leftovers\n|-damage|p1a: The Savage|14\/100 brn|[from] brn\n|upkeep\n|turn|19\n|c| Astro Rifk|REAL\n|c|\u2606AegiSwaggy|youre right\n|\n|t:|1699485659\n|move|p1a: The Savage|Stealth Rock|p2a: Delta Airlines\n|-sidestart|p2: Snapteryx|move: Stealth Rock\n|move|p2a: Delta Airlines|Defog|p1a: The Savage\n|-unboost|p1a: The Savage|evasion|1\n|-sideend|p2: Snapteryx|Stealth Rock|[from] move: Defog|[of] p2a: Delta Airlines\n|\n|-heal|p1a: The Savage|20\/100 brn|[from] item: Leftovers\n|-damage|p1a: The Savage|14\/100 brn|[from] brn\n|upkeep\n|turn|20\n|\n|t:|1699485666\n|move|p1a: The Savage|Knock Off|p2a: Delta Airlines\n|-damage|p2a: Delta Airlines|59\/100\n|move|p2a: Delta Airlines|Defog|p1a: The Savage\n|-unboost|p1a: The Savage|evasion|1\n|\n|-heal|p1a: The Savage|20\/100 brn|[from] item: Leftovers\n|-damage|p1a: The Savage|14\/100 brn|[from] brn\n|upkeep\n|turn|21\n|\n|t:|1699485673\n|move|p1a: The Savage|Stealth Rock|p2a: Delta Airlines\n|-sidestart|p2: Snapteryx|move: Stealth Rock\n|move|p2a: Delta Airlines|Roost|p2a: Delta Airlines\n|-heal|p2a: Delta Airlines|100\/100\n|-singleturn|p2a: Delta Airlines|move: Roost\n|\n|-heal|p1a: The Savage|20\/100 brn|[from] item: Leftovers\n|-damage|p1a: The Savage|14\/100 brn|[from] brn\n|upkeep\n|turn|22\n|\n|t:|1699485682\n|move|p1a: The Savage|Knock Off|p2a: Delta Airlines\n|-damage|p2a: Delta Airlines|93\/100\n|move|p2a: Delta Airlines|Defog|p1a: The Savage\n|-unboost|p1a: The Savage|evasion|1\n|-sideend|p2: Snapteryx|Stealth Rock|[from] move: Defog|[of] p2a: Delta Airlines\n|\n|-heal|p1a: The Savage|20\/100 brn|[from] item: Leftovers\n|-damage|p1a: The Savage|14\/100 brn|[from] brn\n|upkeep\n|turn|23\n|c| P!xelated|You think King V\n|\n|t:|1699485699\n|move|p1a: The Savage|Stealth Rock|p2a: Delta Airlines\n|-sidestart|p2: Snapteryx|move: Stealth Rock\n|move|p2a: Delta Airlines|Body Press|p1a: The Savage\n|-damage|p1a: The Savage|4\/100 brn\n|\n|-heal|p1a: The Savage|10\/100 brn|[from] item: Leftovers\n|-damage|p1a: The Savage|4\/100 brn|[from] brn\n|upkeep\n|turn|24\n|c| P!xelated|You think King Charles or Joe Biden will be dead before this battle is over?\n|\n|t:|1699485718\n|move|p1a: The Savage|Body Press|p2a: Delta Airlines\n|-damage|p2a: Delta Airlines|77\/100\n|move|p2a: Delta Airlines|Defog|p1a: The Savage\n|-unboost|p1a: The Savage|evasion|0\n|-sideend|p2: Snapteryx|Stealth Rock|[from] move: Defog|[of] p2a: Delta Airlines\n|\n|-heal|p1a: The Savage|10\/100 brn|[from] item: Leftovers\n|-damage|p1a: The Savage|4\/100 brn|[from] brn\n|upkeep\n|turn|25\n|\n|t:|1699485728\n|move|p1a: The Savage|Stealth Rock|p2a: Delta Airlines\n|-sidestart|p2: Snapteryx|move: Stealth Rock\n|move|p2a: Delta Airlines|Defog|p1a: The Savage\n|-unboost|p1a: The Savage|evasion|0\n|-sideend|p2: Snapteryx|Stealth Rock|[from] move: Defog|[of] p2a: Delta Airlines\n|\n|-heal|p1a: The Savage|10\/100 brn|[from] item: Leftovers\n|-damage|p1a: The Savage|4\/100 brn|[from] brn\n|upkeep\n|turn|26\n|\n|t:|1699485736\n|move|p1a: The Savage|Stealth Rock|p2a: Delta Airlines\n|-sidestart|p2: Snapteryx|move: Stealth Rock\n|move|p2a: Delta Airlines|Defog|p1a: The Savage\n|-unboost|p1a: The Savage|evasion|0\n|-sideend|p2: Snapteryx|Stealth Rock|[from] move: Defog|[of] p2a: Delta Airlines\n|\n|-heal|p1a: The Savage|10\/100 brn|[from] item: Leftovers\n|-damage|p1a: The Savage|4\/100 brn|[from] brn\n|upkeep\n|turn|27\n|\n|t:|1699485745\n|move|p1a: The Savage|Stealth Rock|p2a: Delta Airlines\n|-sidestart|p2: Snapteryx|move: Stealth Rock\n|move|p2a: Delta Airlines|Defog|p1a: The Savage\n|-unboost|p1a: The Savage|evasion|0\n|-sideend|p2: Snapteryx|Stealth Rock|[from] move: Defog|[of] p2a: Delta Airlines\n|\n|-heal|p1a: The Savage|10\/100 brn|[from] item: Leftovers\n|-damage|p1a: The Savage|4\/100 brn|[from] brn\n|upkeep\n|turn|28\n|\n|t:|1699485751\n|move|p1a: The Savage|Stealth Rock|p2a: Delta Airlines\n|-sidestart|p2: Snapteryx|move: Stealth Rock\n|move|p2a: Delta Airlines|Defog|p1a: The Savage\n|-unboost|p1a: The Savage|evasion|0\n|-sideend|p2: Snapteryx|Stealth Rock|[from] move: Defog|[of] p2a: Delta Airlines\n|\n|-heal|p1a: The Savage|10\/100 brn|[from] item: Leftovers\n|-damage|p1a: The Savage|4\/100 brn|[from] brn\n|upkeep\n|turn|29\n|\n|t:|1699485756\n|move|p1a: The Savage|Stealth Rock|p2a: Delta Airlines\n|-sidestart|p2: Snapteryx|move: Stealth Rock\n|move|p2a: Delta Airlines|Defog|p1a: The Savage\n|-unboost|p1a: The Savage|evasion|0\n|-sideend|p2: Snapteryx|Stealth Rock|[from] move: Defog|[of] p2a: Delta Airlines\n|\n|-heal|p1a: The Savage|10\/100 brn|[from] item: Leftovers\n|-damage|p1a: The Savage|4\/100 brn|[from] brn\n|upkeep\n|turn|30\n|c|\u2606AegiSwaggy|damn i goofed\n|\n|t:|1699485779\n|move|p1a: The Savage|Body Press|p2a: Delta Airlines\n|-damage|p2a: Delta Airlines|58\/100\n|move|p2a: Delta Airlines|Defog||[still]\n|-unboost|p1a: The Savage|evasion|0\n|-fail|p2a: Delta Airlines\n|\n|-heal|p1a: The Savage|10\/100 brn|[from] item: Leftovers\n|-damage|p1a: The Savage|4\/100 brn|[from] brn\n|upkeep\n|turn|31\n|\n|t:|1699485787\n|move|p1a: The Savage|Stealth Rock|p2a: Delta Airlines\n|-sidestart|p2: Snapteryx|move: Stealth Rock\n|move|p2a: Delta Airlines|Roost|p2a: Delta Airlines\n|-heal|p2a: Delta Airlines|100\/100\n|-singleturn|p2a: Delta Airlines|move: Roost\n|\n|-heal|p1a: The Savage|10\/100 brn|[from] item: Leftovers\n|-damage|p1a: The Savage|4\/100 brn|[from] brn\n|upkeep\n|turn|32\n|\n|t:|1699485809\n|move|p1a: The Savage|Body Press|p2a: Delta Airlines\n|-damage|p2a: Delta Airlines|82\/100\n|move|p2a: Delta Airlines|Defog|p1a: The Savage\n|-unboost|p1a: The Savage|evasion|0\n|-sideend|p2: Snapteryx|Stealth Rock|[from] move: Defog|[of] p2a: Delta Airlines\n|\n|-heal|p1a: The Savage|10\/100 brn|[from] item: Leftovers\n|-damage|p1a: The Savage|4\/100 brn|[from] brn\n|upkeep\n|turn|33\n|\n|t:|1699485830\n|move|p1a: The Savage|Stealth Rock|p2a: Delta Airlines\n|-sidestart|p2: Snapteryx|move: Stealth Rock\n|move|p2a: Delta Airlines|Defog|p1a: The Savage\n|-unboost|p1a: The Savage|evasion|0\n|-sideend|p2: Snapteryx|Stealth Rock|[from] move: Defog|[of] p2a: Delta Airlines\n|\n|-heal|p1a: The Savage|10\/100 brn|[from] item: Leftovers\n|-damage|p1a: The Savage|4\/100 brn|[from] brn\n|upkeep\n|turn|34\n|\n|t:|1699485843\n|move|p1a: The Savage|Body Press|p2a: Delta Airlines\n|-damage|p2a: Delta Airlines|64\/100\n|move|p2a: Delta Airlines|Roost|p2a: Delta Airlines\n|-heal|p2a: Delta Airlines|100\/100\n|-singleturn|p2a: Delta Airlines|move: Roost\n|\n|-heal|p1a: The Savage|10\/100 brn|[from] item: Leftovers\n|-damage|p1a: The Savage|4\/100 brn|[from] brn\n|upkeep\n|turn|35\n|\n|t:|1699485856\n|move|p1a: The Savage|Stealth Rock|p2a: Delta Airlines\n|-sidestart|p2: Snapteryx|move: Stealth Rock\n|move|p2a: Delta Airlines|Defog|p1a: The Savage\n|-unboost|p1a: The Savage|evasion|0\n|-sideend|p2: Snapteryx|Stealth Rock|[from] move: Defog|[of] p2a: Delta Airlines\n|\n|-heal|p1a: The Savage|10\/100 brn|[from] item: Leftovers\n|-damage|p1a: The Savage|4\/100 brn|[from] brn\n|upkeep\n|turn|36\n|\n|t:|1699485867\n|move|p1a: The Savage|Body Press|p2a: Delta Airlines\n|-damage|p2a: Delta Airlines|84\/100\n|move|p2a: Delta Airlines|Defog||[still]\n|-unboost|p1a: The Savage|evasion|0\n|-fail|p2a: Delta Airlines\n|\n|-heal|p1a: The Savage|10\/100 brn|[from] item: Leftovers\n|-damage|p1a: The Savage|4\/100 brn|[from] brn\n|upkeep\n|turn|37\n|\n|t:|1699485883\n|move|p1a: The Savage|Stealth Rock|p2a: Delta Airlines\n|-sidestart|p2: Snapteryx|move: Stealth Rock\n|move|p2a: Delta Airlines|Defog|p1a: The Savage\n|-unboost|p1a: The Savage|evasion|0\n|-sideend|p2: Snapteryx|Stealth Rock|[from] move: Defog|[of] p2a: Delta Airlines\n|\n|-heal|p1a: The Savage|10\/100 brn|[from] item: Leftovers\n|-damage|p1a: The Savage|4\/100 brn|[from] brn\n|upkeep\n|turn|38\n|c| P!xelated|Dude I left for like five minutes\n|c|\u2606Snapteryx|I can win with rock on actually\n|c| P!xelated|And this Great Tusk is still alive\n|c|\u2606AegiSwaggy|yay\n|c|\u2606Snapteryx|But pp stalling rocks is funnier\n|c|\u2606AegiSwaggy|nooo\n|c|\u2606AegiSwaggy|:(\n|\n|t:|1699485922\n|move|p1a: The Savage|Knock Off|p2a: Delta Airlines\n|-damage|p2a: Delta Airlines|76\/100\n|move|p2a: Delta Airlines|Defog||[still]\n|-unboost|p1a: The Savage|evasion|0\n|-fail|p2a: Delta Airlines\n|\n|-heal|p1a: The Savage|10\/100 brn|[from] item: Leftovers\n|-damage|p1a: The Savage|4\/100 brn|[from] brn\n|upkeep\n|turn|39\n|\n|t:|1699485931\n|move|p1a: The Savage|Body Press|p2a: Delta Airlines\n|-damage|p2a: Delta Airlines|58\/100\n|move|p2a: Delta Airlines|Roost|p2a: Delta Airlines\n|-heal|p2a: Delta Airlines|100\/100\n|-singleturn|p2a: Delta Airlines|move: Roost\n|\n|-heal|p1a: The Savage|10\/100 brn|[from] item: Leftovers\n|-damage|p1a: The Savage|4\/100 brn|[from] brn\n|upkeep\n|turn|40\n|c|\u2606AegiSwaggy|ohhhh you know what\n|c|\u2606AegiSwaggy|i just realized pressure\n|c|\u2606Snapteryx|Yea lol\n|c|\u2606AegiSwaggy|silly me\n|\n|t:|1699485965\n|move|p1a: The Savage|Knock Off|p2a: Delta Airlines\n|-damage|p2a: Delta Airlines|93\/100\n|move|p2a: Delta Airlines|U-turn|p1a: The Savage\n|-resisted|p1a: The Savage\n|-damage|p1a: The Savage|0 fnt\n|faint|p1a: The Savage\n|-end|p1a: The Savage|Protosynthesis|[silent]\n|c| P!xelated|Swaggy got too silly :(\n|c|\u2606AegiSwaggy|it was futile\n|\n|t:|1699485978\n|switch|p2a: Calamus|Zapdos-Galar|100\/100|[from] U-turn\n|\n|upkeep\n|c|\u2606AegiSwaggy|dontn worry ill be back another day\n|\n|t:|1699485986\n|switch|p1a: The Benighted|Skeledirge, F|100\/100\n|-item|p1a: The Benighted|Air Balloon\n|turn|41\n|c| P!xelated|Oh hey the Zapdos is back out\n|\n|t:|1699486000\n|move|p2a: Calamus|U-turn|p1a: The Benighted\n|-resisted|p1a: The Benighted\n|-damage|p1a: The Benighted|95\/100\n|-enditem|p1a: The Benighted|Air Balloon\n|\n|t:|1699486003\n|switch|p2a: Snippy Boi|Gliscor, F, shiny|100\/100|[from] U-turn\n|move|p1a: The Benighted|Hex|p2a: Snippy Boi\n|-damage|p2a: Snippy Boi|78\/100\n|\n|-status|p2a: Snippy Boi|tox|[from] item: Toxic Orb\n|upkeep\n|turn|42\n|\n|t:|1699486019\n|move|p2a: Snippy Boi|U-turn|p1a: The Benighted\n|-resisted|p1a: The Benighted\n|-damage|p1a: The Benighted|92\/100\n|l| Awesomeacuz13\n|c| P!xelated|It is so Joever\n|c| Astro Rifk|i have brought\n|\n|t:|1699486034\n|switch|p2a: L*ndorus|Landorus, M, tera:Ground|100\/100|[from] U-turn\n|move|p1a: The Benighted|Hex|p2a: L*ndorus\n|-damage|p2a: L*ndorus|71\/100\n|\n|upkeep\n|turn|43\n|c|\u2606AegiSwaggy|its so joever\n|c| Astro Rifk|thr same gliscor set\n|c| Astro Rifk|every game\n|c| Astro Rifk|LOL\n|c| Astro Rifk|spikes u turn roost eq s0def\n|\n|t:|1699486057\n|move|p2a: L*ndorus|Earth Power|p1a: The Benighted\n|-supereffective|p1a: The Benighted\n|-crit|p1a: The Benighted\n|-damage|p1a: The Benighted|0 fnt\n|faint|p1a: The Benighted\n|\n|upkeep\n|\n|t:|1699486060\n|switch|p1a: The Dauntless|Venusaur-Mega, F|90\/100\n|turn|44\n|\n|t:|1699486074\n|move|p2a: L*ndorus|U-turn|p1a: The Dauntless\n|-damage|p1a: The Dauntless|75\/100\n|-damage|p2a: L*ndorus|61\/100|[from] item: Life Orb\n|c| P!xelated|That was a disrespectful crit\n|\n|t:|1699486077\n|switch|p2a: Delta Airlines|Corviknight, F, shiny|93\/100|[from] U-turn\n|-ability|p2a: Delta Airlines|Pressure\n|move|p1a: The Dauntless|Giga Drain|p2a: Delta Airlines\n|-resisted|p2a: Delta Airlines\n|-damage|p2a: Delta Airlines|87\/100\n|-heal|p1a: The Dauntless|79\/100|[from] drain|[of] p2a: Delta Airlines\n|\n|upkeep\n|turn|45\n|\n|t:|1699486091\n|move|p1a: The Dauntless|Leech Seed|p2a: Delta Airlines\n|-start|p2a: Delta Airlines|move: Leech Seed\n|move|p2a: Delta Airlines|U-turn|p1a: The Dauntless\n|-damage|p1a: The Dauntless|69\/100\n|\n|t:|1699486096\n|switch|p2a: Calamus|Zapdos-Galar|100\/100|[from] U-turn\n|\n|upkeep\n|turn|46\n|c|\u2606AegiSwaggy|alr gg\n|\n|t:|1699486106\n|move|p2a: Calamus|Brave Bird|p1a: The Dauntless\n|-supereffective|p1a: The Dauntless\n|-damage|p1a: The Dauntless|0 fnt\n|faint|p1a: The Dauntless\n|-damage|p2a: Calamus|75\/100|[from] Recoil\n|\n|upkeep\n|c|\u2606Snapteryx|It's joever :sad:\n|\n|t:|1699486112\n|switch|p1a: The Capricious|Greninja, M|5\/100\n|turn|47\n|j| Awesomeacuz13\n|c| P!xelated|It is so joever\n|\n|t:|1699486122\n|move|p1a: The Capricious|Water Shuriken|p2a: Calamus\n|-damage|p2a: Calamus|65\/100\n|-damage|p2a: Calamus|56\/100\n|-damage|p2a: Calamus|46\/100\n|-hitcount|p2a: Calamus|3\n|-damage|p1a: The Capricious|0 fnt|[from] item: Life Orb\n|faint|p1a: The Capricious\n|\n|win|Snapteryx\n|l| Awesomeacuz13\n|c|\u2606AegiSwaggy|i die on my own terms\n","uploadtime":1699486133,"views":26,"p1id":"aegiswaggy","p2id":"snapteryx","formatid":"gen9nationaldexubers","rating":0,"private":0,"password":""}