{"id":"gen9nationaldexubers-1979706383","p1":"Gatita golosa 123","p2":"Drixzard","format":"[Gen 9] National Dex Ubers","log":"|j|\u2606Gatita golosa 123\n|j|\u2606Drixzard\n|t:|1698705093\n|gametype|singles\n|player|p1|Gatita golosa 123|pokekid|\n|player|p2|Drixzard|2|\n|teamsize|p1|6\n|teamsize|p2|6\n|gen|9\n|tier|[Gen 9] National Dex Ubers\n|rule|HP Percentage Mod: HP is shown in percentages\n|rule|Endless Battle Clause: Forcing endless battles is banned\n|rule|OHKO Clause: OHKO moves are banned\n|rule|Evasion Moves Clause: Evasion moves are banned\n|rule|Evasion Items Clause: Evasion items are banned\n|rule|Species Clause: Limit one of each Pok\u00e9mon\n|rule|Sleep Clause Mod: Limit one foe put to sleep\n|rule|Mega Rayquaza Clause: You cannot mega evolve Rayquaza\n|clearpoke\n|poke|p1|Krookodile, F|\n|poke|p1|Scrafty, F|\n|poke|p1|Samurott-Hisui, F|\n|poke|p1|Gigalith, M|\n|poke|p1|Serperior, F|\n|poke|p1|Emboar, F|\n|poke|p2|Melmetal|\n|poke|p2|Incineroar, M|\n|poke|p2|Decidueye-Hisui, F|\n|poke|p2|Naganadel|\n|poke|p2|Rotom-Wash|\n|poke|p2|Lycanroc-Dusk, F|\n|teampreview\n|c|\u2606Gatita golosa 123|Ostia\n|\n|t:|1698705119\n|start\n|switch|p1a: Serperior|Serperior, F|100\/100\n|switch|p2a: Incineroar|Incineroar, M|100\/100\n|-ability|p2a: Incineroar|Intimidate|boost\n|-boost|p1a: Serperior|atk|1\n|turn|1\n|\n|t:|1698705139\n|switch|p1a: Gigalith|Gigalith, M|100\/100\n|-weather|Sandstorm|[from] ability: Sand Stream|[of] p1a: Gigalith\n|move|p2a: Incineroar|Will-O-Wisp|p1a: Gigalith\n|-status|p1a: Gigalith|brn\n|\n|-weather|Sandstorm|[upkeep]\n|-damage|p2a: Incineroar|94\/100|[from] Sandstorm\n|-heal|p2a: Incineroar|100\/100|[from] item: Leftovers\n|-damage|p1a: Gigalith|94\/100 brn|[from] brn\n|upkeep\n|turn|2\n|\n|t:|1698705150\n|move|p2a: Incineroar|Bulk Up|p2a: Incineroar\n|-boost|p2a: Incineroar|atk|1\n|-boost|p2a: Incineroar|def|1\n|move|p1a: Gigalith|Stealth Rock|p2a: Incineroar\n|-sidestart|p2: Drixzard|move: Stealth Rock\n|\n|-weather|Sandstorm|[upkeep]\n|-damage|p2a: Incineroar|94\/100|[from] Sandstorm\n|-heal|p2a: Incineroar|100\/100|[from] item: Leftovers\n|-damage|p1a: Gigalith|88\/100 brn|[from] brn\n|upkeep\n|turn|3\n|\n|t:|1698705170\n|switch|p1a: Serperior|Serperior, F|100\/100\n|move|p2a: Incineroar|Earthquake|p1a: Serperior\n|-resisted|p1a: Serperior\n|-damage|p1a: Serperior|72\/100\n|\n|-weather|Sandstorm|[upkeep]\n|-damage|p1a: Serperior|66\/100|[from] Sandstorm\n|-damage|p2a: Incineroar|94\/100|[from] Sandstorm\n|-heal|p1a: Serperior|72\/100|[from] item: Leftovers\n|-heal|p2a: Incineroar|100\/100|[from] item: Leftovers\n|upkeep\n|turn|4\n|\n|t:|1698705175\n|move|p1a: Serperior|Glare|p2a: Incineroar\n|-status|p2a: Incineroar|par\n|move|p2a: Incineroar|Will-O-Wisp|p1a: Serperior\n|-status|p1a: Serperior|brn\n|\n|-weather|Sandstorm|[upkeep]\n|-damage|p1a: Serperior|66\/100 brn|[from] Sandstorm\n|-damage|p2a: Incineroar|94\/100 par|[from] Sandstorm\n|-heal|p1a: Serperior|72\/100 brn|[from] item: Leftovers\n|-heal|p2a: Incineroar|100\/100 par|[from] item: Leftovers\n|-damage|p1a: Serperior|66\/100 brn|[from] brn\n|upkeep\n|turn|5\n|\n|t:|1698705180\n|move|p1a: Serperior|Substitute|p1a: Serperior\n|-start|p1a: Serperior|Substitute\n|-damage|p1a: Serperior|41\/100 brn\n|move|p2a: Incineroar|Darkest Lariat|p1a: Serperior\n|-end|p1a: Serperior|Substitute\n|\n|-weather|none\n|-heal|p1a: Serperior|47\/100 brn|[from] item: Leftovers\n|-damage|p1a: Serperior|41\/100 brn|[from] brn\n|upkeep\n|turn|6\n|\n|t:|1698705186\n|move|p1a: Serperior|Leaf Storm|p2a: Incineroar\n|-resisted|p2a: Incineroar\n|-damage|p2a: Incineroar|85\/100 par\n|-boost|p1a: Serperior|spa|2\n|move|p2a: Incineroar|Darkest Lariat|p1a: Serperior\n|-damage|p1a: Serperior|0 fnt\n|faint|p1a: Serperior\n|\n|-heal|p2a: Incineroar|91\/100 par|[from] item: Leftovers\n|upkeep\n|\n|t:|1698705193\n|switch|p1a: Scrafty|Scrafty, F|100\/100\n|turn|7\n|\n|t:|1698705205\n|move|p1a: Scrafty|Bulk Up|p1a: Scrafty\n|-boost|p1a: Scrafty|atk|1\n|-boost|p1a: Scrafty|def|1\n|move|p2a: Incineroar|Will-O-Wisp|p1a: Scrafty\n|-status|p1a: Scrafty|brn\n|\n|-heal|p2a: Incineroar|97\/100 par|[from] item: Leftovers\n|-damage|p1a: Scrafty|95\/100 brn|[from] brn\n|upkeep\n|turn|8\n|j| s.daninja\n|\n|t:|1698705217\n|move|p1a: Scrafty|Bulk Up|p1a: Scrafty\n|-boost|p1a: Scrafty|atk|1\n|-boost|p1a: Scrafty|def|1\n|move|p2a: Incineroar|Earthquake|p1a: Scrafty\n|-damage|p1a: Scrafty|69\/100 brn\n|\n|-activate|p1a: Scrafty|ability: Shed Skin\n|-curestatus|p1a: Scrafty|brn|[msg]\n|-heal|p1a: Scrafty|75\/100|[from] item: Leftovers\n|-heal|p2a: Incineroar|100\/100 par|[from] item: Leftovers\n|upkeep\n|turn|9\n|\n|t:|1698705232\n|move|p1a: Scrafty|Rock Slide|p2a: Incineroar\n|-supereffective|p2a: Incineroar\n|-damage|p2a: Incineroar|63\/100 par\n|cant|p2a: Incineroar|flinch\n|\n|-heal|p1a: Scrafty|81\/100|[from] item: Leftovers\n|-heal|p2a: Incineroar|69\/100 par|[from] item: Leftovers\n|upkeep\n|turn|10\n|\n|t:|1698705241\n|move|p1a: Scrafty|Amnesia|p1a: Scrafty\n|-boost|p1a: Scrafty|spd|2\n|move|p2a: Incineroar|Darkest Lariat|p1a: Scrafty\n|-resisted|p1a: Scrafty\n|-damage|p1a: Scrafty|65\/100\n|\n|-heal|p1a: Scrafty|71\/100|[from] item: Leftovers\n|-heal|p2a: Incineroar|75\/100 par|[from] item: Leftovers\n|upkeep\n|turn|11\n|\n|t:|1698705252\n|move|p1a: Scrafty|Bulk Up|p1a: Scrafty\n|-boost|p1a: Scrafty|atk|1\n|-boost|p1a: Scrafty|def|1\n|move|p2a: Incineroar|Earthquake|p1a: Scrafty\n|-damage|p1a: Scrafty|53\/100\n|\n|-heal|p1a: Scrafty|59\/100|[from] item: Leftovers\n|-heal|p2a: Incineroar|81\/100 par|[from] item: Leftovers\n|upkeep\n|turn|12\n|\n|t:|1698705261\n|switch|p2a: Decidueye|Decidueye-Hisui, F|100\/100\n|move|p1a: Scrafty|Bulk Up|p1a: Scrafty\n|-boost|p1a: Scrafty|atk|1\n|-boost|p1a: Scrafty|def|1\n|\n|-heal|p1a: Scrafty|65\/100|[from] item: Leftovers\n|upkeep\n|turn|13\n|\n|t:|1698705276\n|move|p2a: Decidueye|Close Combat|p1a: Scrafty\n|-supereffective|p1a: Scrafty\n|-damage|p1a: Scrafty|30\/100\n|-unboost|p2a: Decidueye|def|1\n|-unboost|p2a: Decidueye|spd|1\n|move|p1a: Scrafty|Rock Slide|p2a: Decidueye\n|-resisted|p2a: Decidueye\n|-damage|p2a: Decidueye|51\/100\n|\n|-heal|p1a: Scrafty|36\/100|[from] item: Leftovers\n|upkeep\n|turn|14\n|\n|t:|1698705280\n|move|p2a: Decidueye|Close Combat|p1a: Scrafty\n|-supereffective|p1a: Scrafty\n|-damage|p1a: Scrafty|3\/100\n|-unboost|p2a: Decidueye|def|1\n|-unboost|p2a: Decidueye|spd|1\n|move|p1a: Scrafty|Rest|p1a: Scrafty\n|-status|p1a: Scrafty|slp|[from] move: Rest\n|-heal|p1a: Scrafty|100\/100 slp|[silent]\n|\n|upkeep\n|turn|15\n|\n|t:|1698705291\n|move|p2a: Decidueye|Knock Off|p1a: Scrafty\n|-resisted|p1a: Scrafty\n|-crit|p1a: Scrafty\n|-damage|p1a: Scrafty|90\/100 slp\n|-enditem|p1a: Scrafty|Leftovers|[from] move: Knock Off|[of] p2a: Decidueye\n|cant|p1a: Scrafty|slp\n|\n|-activate|p1a: Scrafty|ability: Shed Skin\n|-curestatus|p1a: Scrafty|slp|[msg]\n|upkeep\n|turn|16\n|\n|t:|1698705304\n|move|p2a: Decidueye|Close Combat|p1a: Scrafty\n|-supereffective|p1a: Scrafty\n|-crit|p1a: Scrafty\n|-damage|p1a: Scrafty|0 fnt\n|-unboost|p2a: Decidueye|def|1\n|-unboost|p2a: Decidueye|spd|1\n|faint|p1a: Scrafty\n|\n|upkeep\n|\n|t:|1698705312\n|switch|p1a: Krookodile|Krookodile, F|100\/100\n|turn|17\n|c|\u2606Drixzard|Awebo\n|c|\u2606Drixzard|Cri-cri-critico!!\n|\n|t:|1698705334\n|switch|p2a: Incineroar|Incineroar, M|81\/100 par\n|-damage|p2a: Incineroar|56\/100 par|[from] Stealth Rock\n|-ability|p2a: Incineroar|Intimidate|boost\n|-unboost|p1a: Krookodile|atk|1\n|-terastallize|p1a: Krookodile|Electric\n|move|p1a: Krookodile|Scale Shot|p2a: Incineroar\n|-damage|p2a: Incineroar|51\/100 par\n|-damage|p2a: Incineroar|46\/100 par\n|-damage|p2a: Incineroar|42\/100 par\n|-hitcount|p2a: Incineroar|3\n|-unboost|p1a: Krookodile|def|1\n|-boost|p1a: Krookodile|spe|1\n|\n|-heal|p2a: Incineroar|48\/100 par|[from] item: Leftovers\n|upkeep\n|turn|18\n|\n|t:|1698705348\n|move|p1a: Krookodile|Bulk Up|p1a: Krookodile\n|-boost|p1a: Krookodile|atk|1\n|-boost|p1a: Krookodile|def|1\n|move|p2a: Incineroar|Earthquake|p1a: Krookodile\n|-supereffective|p1a: Krookodile\n|-damage|p1a: Krookodile|8\/100\n|\n|-heal|p1a: Krookodile|14\/100|[from] item: Leftovers\n|-heal|p2a: Incineroar|54\/100 par|[from] item: Leftovers\n|upkeep\n|turn|19\n|\n|t:|1698705358\n|move|p1a: Krookodile|Earthquake|p2a: Incineroar\n|-supereffective|p2a: Incineroar\n|-damage|p2a: Incineroar|0 fnt\n|faint|p2a: Incineroar\n|-ability|p1a: Krookodile|Moxie|boost\n|-boost|p1a: Krookodile|atk|1\n|\n|-heal|p1a: Krookodile|20\/100|[from] item: Leftovers\n|upkeep\n|\n|t:|1698705374\n|switch|p2a: Lycanroc|Lycanroc-Dusk, F|100\/100\n|-damage|p2a: Lycanroc|88\/100|[from] Stealth Rock\n|turn|20\n|\n|t:|1698705384\n|move|p2a: Lycanroc|Accelerock|p1a: Krookodile\n|-damage|p1a: Krookodile|0 fnt\n|faint|p1a: Krookodile\n|\n|upkeep\n|\n|t:|1698705394\n|switch|p1a: Emboar|Emboar, F|100\/100\n|turn|21\n|\n|t:|1698705401\n|move|p1a: Emboar|Earthquake|p2a: Lycanroc\n|-supereffective|p2a: Lycanroc\n|-damage|p2a: Lycanroc|0 fnt\n|faint|p2a: Lycanroc\n|\n|upkeep\n|\n|t:|1698705409\n|switch|p2a: Rotom|Rotom-Wash|100\/100\n|-damage|p2a: Rotom|88\/100|[from] Stealth Rock\n|turn|22\n|\n|t:|1698705428\n|switch|p1a: Gigalith|Gigalith, M|88\/100 brn\n|-weather|Sandstorm|[from] ability: Sand Stream|[of] p1a: Gigalith\n|move|p2a: Rotom|Hydro Pump|p1a: Gigalith\n|-supereffective|p1a: Gigalith\n|-damage|p1a: Gigalith|14\/100 brn\n|\n|-weather|Sandstorm|[upkeep]\n|-damage|p2a: Rotom|82\/100|[from] Sandstorm\n|-damage|p1a: Gigalith|8\/100 brn|[from] brn\n|upkeep\n|turn|23\n|\n|t:|1698705439\n|switch|p2a: Naganadel|Naganadel|100\/100\n|-damage|p2a: Naganadel|88\/100|[from] Stealth Rock\n|move|p1a: Gigalith|Body Press|p2a: Naganadel\n|-resisted|p2a: Naganadel\n|-damage|p2a: Naganadel|77\/100\n|\n|-weather|Sandstorm|[upkeep]\n|-damage|p2a: Naganadel|70\/100|[from] Sandstorm\n|-damage|p1a: Gigalith|2\/100 brn|[from] brn\n|upkeep\n|turn|24\n|\n|t:|1698705447\n|move|p2a: Naganadel|Tailwind|p2a: Naganadel\n|-sidestart|p2: Drixzard|move: Tailwind\n|move|p1a: Gigalith|Rock Blast|p2a: Naganadel\n|-damage|p2a: Naganadel|62\/100\n|-damage|p2a: Naganadel|53\/100\n|-damage|p2a: Naganadel|44\/100\n|-damage|p2a: Naganadel|35\/100\n|-hitcount|p2a: Naganadel|4\n|\n|-weather|Sandstorm|[upkeep]\n|-damage|p2a: Naganadel|29\/100|[from] Sandstorm\n|-damage|p1a: Gigalith|0 fnt|[from] brn\n|faint|p1a: Gigalith\n|upkeep\n|\n|t:|1698705456\n|switch|p1a: Emboar|Emboar, F|100\/100\n|turn|25\n|\n|t:|1698705462\n|move|p2a: Naganadel|Draco Meteor|p1a: Emboar\n|-damage|p1a: Emboar|0 fnt\n|-unboost|p2a: Naganadel|spa|2\n|faint|p1a: Emboar\n|-ability|p2a: Naganadel|Beast Boost|boost\n|-boost|p2a: Naganadel|spe|1\n|-damage|p2a: Naganadel|19\/100|[from] item: Life Orb\n|\n|-weather|Sandstorm|[upkeep]\n|-damage|p2a: Naganadel|13\/100|[from] Sandstorm\n|upkeep\n|\n|t:|1698705466\n|switch|p1a: Samurott|Samurott-Hisui, F|100\/100\n|turn|26\n|\n|t:|1698705474\n|move|p2a: Naganadel|Dragon Pulse|p1a: Samurott\n|-damage|p1a: Samurott|56\/100\n|-damage|p2a: Naganadel|3\/100|[from] item: Life Orb\n|move|p1a: Samurott|Ceaseless Edge|p2a: Naganadel\n|-damage|p2a: Naganadel|0 fnt\n|-sidestart|p2: Drixzard|Spikes\n|faint|p2a: Naganadel\n|\n|-weather|none\n|upkeep\n|\n|t:|1698705480\n|switch|p2a: Decidueye|Decidueye-Hisui, F|51\/100\n|turn|27\n|\n|t:|1698705486\n|move|p2a: Decidueye|Close Combat|p1a: Samurott\n|-supereffective|p1a: Samurott\n|-damage|p1a: Samurott|0 fnt\n|-unboost|p2a: Decidueye|def|1\n|-unboost|p2a: Decidueye|spd|1\n|faint|p1a: Samurott\n|\n|win|Drixzard\n","uploadtime":1698705510,"views":9,"p1id":"gatitagolosa123","p2id":"drixzard","formatid":"gen9nationaldexubers","rating":0,"private":0,"password":""}