{"id":"gen9nationaldexubers-1985804839","p1":"dogturts09","p2":"KingoftheTitans","format":"[Gen 9] National Dex Ubers","log":"|j|\u2606dogturts09\n|j|\u2606KingoftheTitans\n|t:|1699407993\n|gametype|singles\n|player|p1|dogturts09|pokekid|1078\n|player|p2|KingoftheTitans|170|1285\n|teamsize|p1|6\n|teamsize|p2|6\n|gen|9\n|tier|[Gen 9] National Dex Ubers\n|rated|\n|rule|HP Percentage Mod: HP is shown in percentages\n|rule|Endless Battle Clause: Forcing endless battles is banned\n|rule|OHKO Clause: OHKO moves are banned\n|rule|Evasion Moves Clause: Evasion moves are banned\n|rule|Evasion Items Clause: Evasion items are banned\n|rule|Species Clause: Limit one of each Pok\u00e9mon\n|rule|Sleep Clause Mod: Limit one foe put to sleep\n|rule|Mega Rayquaza Clause: You cannot mega evolve Rayquaza\n|clearpoke\n|poke|p1|Quaquaval, M|\n|poke|p1|Hydreigon, M|\n|poke|p1|Garganacl, M|\n|poke|p1|Dragapult, F|\n|poke|p1|Quagsire, F|\n|poke|p1|Moltres-Galar|\n|poke|p2|Porygon-Z|\n|poke|p2|Absol, F|\n|poke|p2|Iron Valiant|\n|poke|p2|Heatran, M|\n|poke|p2|Genesect|\n|poke|p2|Rotom-Wash|\n|teampreview\n|inactive|Battle timer is ON: inactive players will automatically lose when time's up. (requested by dogturts09)\n|\n|t:|1699407998\n|start\n|switch|p1a: Hydreigon|Hydreigon, M, shiny|100\/100\n|switch|p2a: Genesect|Genesect, shiny|100\/100\n|-ability|p2a: Genesect|Download|boost\n|-boost|p2a: Genesect|spa|1\n|turn|1\n|\n|t:|1699408004\n|move|p2a: Genesect|U-turn|p1a: Hydreigon\n|-supereffective|p1a: Hydreigon\n|-damage|p1a: Hydreigon|33\/100\n|\n|t:|1699408007\n|switch|p2a: Rotom|Rotom-Wash|100\/100|[from] U-turn\n|move|p1a: Hydreigon|Taunt|p2a: Rotom\n|-start|p2a: Rotom|move: Taunt\n|\n|upkeep\n|turn|2\n|\n|t:|1699408014\n|move|p2a: Rotom|Hydro Pump|p1a: Hydreigon\n|-resisted|p1a: Hydreigon\n|-damage|p1a: Hydreigon|10\/100\n|move|p1a: Hydreigon|Stealth Rock|p2a: Rotom\n|-sidestart|p2: KingoftheTitans|move: Stealth Rock\n|\n|upkeep\n|turn|3\n|\n|t:|1699408029\n|switch|p1a: Quagsire|Quagsire, F, shiny|100\/100\n|move|p2a: Rotom|Thunderbolt|p1a: Quagsire\n|-immune|p1a: Quagsire\n|\n|-end|p2a: Rotom|move: Taunt\n|upkeep\n|turn|4\n|\n|t:|1699408041\n|move|p2a: Rotom|Defog|p1a: Quagsire\n|-unboost|p1a: Quagsire|evasion|1\n|-sideend|p2: KingoftheTitans|Stealth Rock|[from] move: Defog|[of] p2a: Rotom\n|move|p1a: Quagsire|Yawn|p2a: Rotom\n|-start|p2a: Rotom|move: Yawn|[of] p1a: Quagsire\n|\n|upkeep\n|turn|5\n|\n|t:|1699408053\n|switch|p2a: Heatran|Heatran, M|100\/100\n|-item|p2a: Heatran|Air Balloon\n|switch|p1a: Garganacl|Garganacl, M, shiny|100\/100\n|\n|upkeep\n|turn|6\n|\n|t:|1699408060\n|move|p2a: Heatran|Taunt|p1a: Garganacl\n|-start|p1a: Garganacl|move: Taunt\n|move|p1a: Garganacl|Salt Cure|p2a: Heatran\n|-damage|p2a: Heatran|88\/100\n|-start|p2a: Heatran|Salt Cure\n|-enditem|p2a: Heatran|Air Balloon\n|\n|-damage|p2a: Heatran|63\/100|[from] Salt Cure\n|upkeep\n|turn|7\n|\n|t:|1699408079\n|switch|p2a: Porygon-Z|Porygon-Z|100\/100\n|move|p1a: Garganacl|Body Press|p2a: Porygon-Z\n|-supereffective|p2a: Porygon-Z\n|-damage|p2a: Porygon-Z|7\/100\n|\n|upkeep\n|turn|8\n|\n|t:|1699408086\n|switch|p1a: Dragapult|Dragapult, F, shiny|100\/100\n|move|p2a: Porygon-Z|Psychic|p1a: Dragapult\n|-damage|p1a: Dragapult|52\/100\n|-damage|p2a: Porygon-Z|0 fnt|[from] item: Life Orb\n|faint|p2a: Porygon-Z\n|\n|-heal|p1a: Dragapult|58\/100|[from] item: Leftovers\n|upkeep\n|\n|t:|1699408094\n|switch|p2a: Genesect|Genesect, shiny|100\/100\n|-ability|p2a: Genesect|Download|boost\n|-boost|p2a: Genesect|spa|1\n|turn|9\n|\n|t:|1699408101\n|move|p2a: Genesect|Ice Beam|p1a: Dragapult\n|-supereffective|p1a: Dragapult\n|-damage|p1a: Dragapult|0 fnt\n|faint|p1a: Dragapult\n|\n|upkeep\n|\n|t:|1699408104\n|switch|p1a: Quaquaval|Quaquaval, M, shiny|100\/100\n|turn|10\n|\n|t:|1699408108\n|switch|p2a: Rotom|Rotom-Wash|100\/100\n|move|p1a: Quaquaval|Swords Dance|p1a: Quaquaval\n|-boost|p1a: Quaquaval|atk|2\n|\n|upkeep\n|turn|11\n|\n|t:|1699408114\n|-terastallize|p1a: Quaquaval|Flying\n|move|p2a: Rotom|Thunderbolt|p1a: Quaquaval\n|-supereffective|p1a: Quaquaval\n|-damage|p1a: Quaquaval|12\/100\n|move|p1a: Quaquaval|Aqua Step|p2a: Rotom\n|-resisted|p2a: Rotom\n|-damage|p2a: Rotom|31\/100\n|-boost|p1a: Quaquaval|spe|1\n|-damage|p1a: Quaquaval|2\/100|[from] item: Life Orb\n|\n|-heal|p2a: Rotom|37\/100|[from] item: Leftovers\n|upkeep\n|turn|12\n|\n|t:|1699408127\n|move|p1a: Quaquaval|Brave Bird|p2a: Rotom\n|-resisted|p2a: Rotom\n|-damage|p2a: Rotom|0 fnt\n|faint|p2a: Rotom\n|-ability|p1a: Quaquaval|Moxie|boost\n|-boost|p1a: Quaquaval|atk|1\n|-damage|p1a: Quaquaval|0 fnt|[from] Recoil\n|faint|p1a: Quaquaval\n|\n|upkeep\n|\n|t:|1699408136\n|switch|p2a: Absol|Absol, F|100\/100\n|switch|p1a: Quagsire|Quagsire, F, shiny|100\/100\n|turn|13\n|\n|t:|1699408141\n|detailschange|p2a: Absol|Absol-Mega, F\n|-mega|p2a: Absol|Absol|Absolite\n|move|p2a: Absol|Knock Off|p1a: Quagsire\n|-damage|p1a: Quagsire|49\/100\n|-damage|p2a: Absol|84\/100|[from] item: Rocky Helmet|[of] p1a: Quagsire\n|-enditem|p1a: Quagsire|Rocky Helmet|[from] move: Knock Off|[of] p2a: Absol\n|move|p1a: Quagsire|Yawn|p2a: Absol\n|move|p2a: Absol|Yawn|p1a: Quagsire|[from]ability: Magic Bounce\n|-start|p1a: Quagsire|move: Yawn|[of] p2a: Absol\n|\n|upkeep\n|turn|14\n|\n|t:|1699408154\n|switch|p1a: Moltres|Moltres-Galar, shiny|100\/100\n|move|p2a: Absol|Play Rough|p1a: Moltres\n|-supereffective|p1a: Moltres\n|-damage|p1a: Moltres|33\/100\n|-ability|p1a: Moltres|Berserk|boost\n|-boost|p1a: Moltres|spa|1\n|\n|upkeep\n|turn|15\n|\n|t:|1699408161\n|move|p2a: Absol|Play Rough|p1a: Moltres\n|-supereffective|p1a: Moltres\n|-damage|p1a: Moltres|0 fnt\n|faint|p1a: Moltres\n|\n|upkeep\n|\n|t:|1699408164\n|switch|p1a: Garganacl|Garganacl, M, shiny|100\/100\n|turn|16\n|\n|t:|1699408168\n|move|p2a: Absol|Knock Off|p1a: Garganacl\n|-damage|p1a: Garganacl|70\/100\n|-enditem|p1a: Garganacl|Leftovers|[from] move: Knock Off|[of] p2a: Absol\n|move|p1a: Garganacl|Body Press|p2a: Absol\n|-supereffective|p2a: Absol\n|-damage|p2a: Absol|0 fnt\n|faint|p2a: Absol\n|\n|upkeep\n|\n|t:|1699408177\n|switch|p2a: Heatran|Heatran, M|63\/100\n|turn|17\n|\n|t:|1699408179\n|move|p2a: Heatran|Flash Cannon|p1a: Garganacl\n|-supereffective|p1a: Garganacl\n|-damage|p1a: Garganacl|0 fnt\n|faint|p1a: Garganacl\n|\n|upkeep\n|\n|t:|1699408183\n|switch|p1a: Quagsire|Quagsire, F, shiny|49\/100\n|turn|18\n|\n|t:|1699408186\n|move|p2a: Heatran|Earth Power|p1a: Quagsire\n|-damage|p1a: Quagsire|7\/100\n|move|p1a: Quagsire|Recover|p1a: Quagsire\n|-heal|p1a: Quagsire|57\/100\n|\n|upkeep\n|turn|19\n|\n|t:|1699408192\n|move|p2a: Heatran|Taunt|p1a: Quagsire\n|-start|p1a: Quagsire|move: Taunt\n|cant|p1a: Quagsire|move: Taunt|Yawn\n|\n|upkeep\n|turn|20\n|-message|dogturts09 forfeited.\n|\n|win|KingoftheTitans\n|raw|dogturts09's rating: 1078 &rarr; <strong>1068<\/strong><br \/>(-10 for losing)\n|raw|KingoftheTitans's rating: 1285 &rarr; <strong>1297<\/strong><br \/>(+12 for winning)\n|l|\u2606dogturts09\n","uploadtime":1699408204,"views":6,"p1id":"dogturts09","p2id":"kingofthetitans","formatid":"gen9nationaldexubers","rating":1068,"private":0,"password":""}