{"id":"gen9nationaldexubers-1979868764","p1":"Ash100985","p2":"Cdewpider","format":"[Gen 9] National Dex Ubers","log":"|j|\u2606Ash100985\n|j|\u2606Cdewpider\n|t:|1698722113\n|gametype|singles\n|player|p1|Ash100985|lucas-gen4pt|\n|player|p2|Cdewpider|1|\n|teamsize|p1|6\n|teamsize|p2|6\n|gen|9\n|tier|[Gen 9] National Dex Ubers\n|rule|HP Percentage Mod: HP is shown in percentages\n|rule|Endless Battle Clause: Forcing endless battles is banned\n|rule|OHKO Clause: OHKO moves are banned\n|rule|Evasion Moves Clause: Evasion moves are banned\n|rule|Evasion Items Clause: Evasion items are banned\n|rule|Species Clause: Limit one of each Pok\u00e9mon\n|rule|Sleep Clause Mod: Limit one foe put to sleep\n|rule|Mega Rayquaza Clause: You cannot mega evolve Rayquaza\n|clearpoke\n|poke|p1|Zeraora|\n|poke|p1|Clefable, F|\n|poke|p1|Houndstone, F|\n|poke|p1|Smeargle, F|\n|poke|p1|Politoed, F|\n|poke|p1|Swampert, M|\n|poke|p2|Kleavor, M|\n|poke|p2|Garchomp, M|\n|poke|p2|Tapu Koko|\n|poke|p2|Iron Leaves|\n|poke|p2|Trevenant, M|\n|poke|p2|Registeel|\n|teampreview\n|inactive|Battle timer is ON: inactive players will automatically lose when time's up. (requested by Cdewpider)\n|inactive|Ash100985 has 270 seconds left.\n|c|\u2606Cdewpider|Gl hf\n|\n|t:|1698722147\n|start\n|switch|p1a: Smeargle|Smeargle, F|100\/100\n|switch|p2a: Tapu Koko|Tapu Koko|100\/100\n|-fieldstart|move: Electric Terrain|[from] ability: Electric Surge|[of] p2a: Tapu Koko\n|turn|1\n|\n|t:|1698722153\n|move|p2a: Tapu Koko|Thunder Wave|p1a: Smeargle\n|-status|p1a: Smeargle|par\n|cant|p1a: Smeargle|par\n|\n|upkeep\n|turn|2\n|\n|t:|1698722160\n|move|p2a: Tapu Koko|U-turn|p1a: Smeargle\n|-damage|p1a: Smeargle|50\/100 par\n|\n|t:|1698722163\n|switch|p2a: Kleavor|Kleavor, M|100\/100|[from] U-turn\n|cant|p1a: Smeargle|par\n|\n|upkeep\n|turn|3\n|\n|t:|1698722168\n|move|p2a: Kleavor|Stone Axe|p1a: Smeargle\n|-damage|p1a: Smeargle|0 fnt\n|-sidestart|p1: Ash100985|move: Stealth Rock\n|faint|p1a: Smeargle\n|\n|upkeep\n|\n|t:|1698722176\n|switch|p1a: Zeraora|Zeraora|100\/100\n|-damage|p1a: Zeraora|88\/100|[from] Stealth Rock\n|turn|4\n|\n|t:|1698722192\n|move|p2a: Kleavor|Stone Axe|p1a: Zeraora\n|-damage|p1a: Zeraora|19\/100\n|move|p1a: Zeraora|Play Rough|p2a: Kleavor\n|-damage|p2a: Kleavor|53\/100\n|-damage|p1a: Zeraora|9\/100|[from] item: Life Orb\n|\n|upkeep\n|turn|5\n|\n|t:|1698722202\n|move|p2a: Kleavor|Stone Axe|p1a: Zeraora\n|-damage|p1a: Zeraora|0 fnt\n|faint|p1a: Zeraora\n|\n|upkeep\n|\n|t:|1698722206\n|switch|p1a: Politoed|Politoed, F|100\/100\n|-damage|p1a: Politoed|88\/100|[from] Stealth Rock\n|-weather|RainDance|[from] ability: Drizzle|[of] p1a: Politoed\n|turn|6\n|\n|t:|1698722213\n|switch|p2a: Garchomp|Garchomp, M|100\/100\n|move|p1a: Politoed|Whirlpool|p2a: Garchomp\n|-damage|p2a: Garchomp|82\/100\n|-activate|p2a: Garchomp|move: Whirlpool|[of] p1a: Politoed\n|\n|-weather|RainDance|[upkeep]\n|-damage|p2a: Garchomp|69\/100|[from] move: Whirlpool|[partiallytrapped]\n|upkeep\n|turn|7\n|\n|t:|1698722220\n|detailschange|p2a: Garchomp|Garchomp-Mega, M\n|-mega|p2a: Garchomp|Garchomp|Garchompite\n|move|p2a: Garchomp|Sandstorm|p2a: Garchomp\n|-weather|Sandstorm\n|move|p1a: Politoed|Perish Song|p1a: Politoed\n|-start|p1a: Politoed|perish3|[silent]\n|-start|p2a: Garchomp|perish3|[silent]\n|-fieldactivate|move: Perish Song\n|\n|-weather|Sandstorm|[upkeep]\n|-damage|p1a: Politoed|82\/100|[from] Sandstorm\n|-damage|p2a: Garchomp|57\/100|[from] move: Whirlpool|[partiallytrapped]\n|-start|p2a: Garchomp|perish3\n|-start|p1a: Politoed|perish3\n|upkeep\n|turn|8\n|\n|t:|1698722227\n|move|p1a: Politoed|Protect|p1a: Politoed\n|-singleturn|p1a: Politoed|Protect\n|move|p2a: Garchomp|Earthquake|p1a: Politoed\n|-activate|p1a: Politoed|move: Protect\n|\n|-weather|Sandstorm|[upkeep]\n|-damage|p1a: Politoed|76\/100|[from] Sandstorm\n|-damage|p2a: Garchomp|45\/100|[from] move: Whirlpool|[partiallytrapped]\n|-start|p2a: Garchomp|perish2\n|-start|p1a: Politoed|perish2\n|-fieldend|move: Electric Terrain\n|upkeep\n|turn|9\n|\n|t:|1698722233\n|move|p1a: Politoed|Protect||[still]\n|-fail|p1a: Politoed\n|move|p2a: Garchomp|Earthquake|p1a: Politoed\n|-damage|p1a: Politoed|0 fnt\n|faint|p1a: Politoed\n|\n|-weather|Sandstorm|[upkeep]\n|-end|p2a: Garchomp|Whirlpool|[partiallytrapped]|[silent]\n|-start|p2a: Garchomp|perish1\n|upkeep\n|\n|t:|1698722235\n|switch|p1a: Clefable|Clefable, F|100\/100\n|-damage|p1a: Clefable|88\/100|[from] Stealth Rock\n|turn|10\n|\n|t:|1698722238\n|move|p2a: Garchomp|Earthquake|p1a: Clefable\n|-damage|p1a: Clefable|25\/100\n|move|p1a: Clefable|Calm Mind|p1a: Clefable\n|-boost|p1a: Clefable|spa|1\n|-boost|p1a: Clefable|spd|1\n|\n|-weather|Sandstorm|[upkeep]\n|-damage|p1a: Clefable|19\/100|[from] Sandstorm\n|-heal|p1a: Clefable|25\/100|[from] item: Leftovers\n|-start|p2a: Garchomp|perish0\n|upkeep\n|faint|p2a: Garchomp\n|\n|t:|1698722245\n|switch|p2a: Registeel|Registeel|100\/100\n|turn|11\n|\n|t:|1698722252\n|move|p1a: Clefable|Flamethrower|p2a: Registeel\n|-supereffective|p2a: Registeel\n|-damage|p2a: Registeel|72\/100\n|move|p2a: Registeel|Iron Head|p1a: Clefable\n|-supereffective|p1a: Clefable\n|-damage|p1a: Clefable|0 fnt\n|faint|p1a: Clefable\n|\n|-weather|none\n|-heal|p2a: Registeel|79\/100|[from] item: Leftovers\n|upkeep\n|\n|t:|1698722257\n|switch|p1a: Swampert|Swampert, M|100\/100\n|-damage|p1a: Swampert|94\/100|[from] Stealth Rock\n|turn|12\n|\n|t:|1698722277\n|detailschange|p1a: Swampert|Swampert-Mega, M\n|-mega|p1a: Swampert|Swampert|Swampertite\n|move|p1a: Swampert|Power-Up Punch|p2a: Registeel\n|-supereffective|p2a: Registeel\n|-damage|p2a: Registeel|59\/100\n|-boost|p1a: Swampert|atk|1\n|move|p2a: Registeel|Toxic|p1a: Swampert\n|-status|p1a: Swampert|tox\n|\n|-heal|p2a: Registeel|65\/100|[from] item: Leftovers\n|-damage|p1a: Swampert|88\/100 tox|[from] psn\n|upkeep\n|turn|13\n|\n|t:|1698722285\n|move|p2a: Registeel|Protect|p2a: Registeel\n|-singleturn|p2a: Registeel|Protect\n|move|p1a: Swampert|Earthquake|p2a: Registeel\n|-activate|p2a: Registeel|move: Protect\n|\n|-heal|p2a: Registeel|71\/100|[from] item: Leftovers\n|-damage|p1a: Swampert|76\/100 tox|[from] psn\n|upkeep\n|turn|14\n|j| Craisans\n|\n|t:|1698722302\n|move|p1a: Swampert|Earthquake|p2a: Registeel\n|-supereffective|p2a: Registeel\n|-damage|p2a: Registeel|0 fnt\n|faint|p2a: Registeel\n|\n|-damage|p1a: Swampert|57\/100 tox|[from] psn\n|upkeep\n|\n|t:|1698722314\n|switch|p2a: Iron Leaves|Iron Leaves|100\/100\n|turn|15\n|inactive|Ash100985 has 270 seconds left.\n|\n|t:|1698722348\n|move|p2a: Iron Leaves|Leaf Blade|p1a: Swampert\n|-supereffective|p1a: Swampert\n|-damage|p1a: Swampert|0 fnt\n|faint|p1a: Swampert\n|\n|upkeep\n|\n|t:|1698722350\n|switch|p1a: Houndstone|Houndstone, F|100\/100\n|-damage|p1a: Houndstone|88\/100|[from] Stealth Rock\n|turn|16\n|\n|t:|1698722357\n|-terastallize|p2a: Iron Leaves|Dark\n|move|p1a: Houndstone|Last Respects|p2a: Iron Leaves\n|-resisted|p2a: Iron Leaves\n|-crit|p2a: Iron Leaves\n|-damage|p2a: Iron Leaves|2\/100\n|move|p2a: Iron Leaves|Night Slash|p1a: Houndstone\n|-supereffective|p1a: Houndstone\n|-damage|p1a: Houndstone|42\/100\n|\n|upkeep\n|turn|17\n|\n|t:|1698722370\n|move|p1a: Houndstone|Last Respects|p2a: Iron Leaves\n|-resisted|p2a: Iron Leaves\n|-damage|p2a: Iron Leaves|0 fnt\n|faint|p2a: Iron Leaves\n|-end|p2a: Iron Leaves|Quark Drive|[silent]\n|\n|upkeep\n|\n|t:|1698722373\n|switch|p2a: Trevenant|Trevenant, M|100\/100\n|turn|18\n|\n|t:|1698722392\n|move|p2a: Trevenant|Sucker Punch|p1a: Houndstone\n|-supereffective|p1a: Houndstone\n|-damage|p1a: Houndstone|11\/100\n|move|p1a: Houndstone|Last Respects|p2a: Trevenant\n|-supereffective|p2a: Trevenant\n|-damage|p2a: Trevenant|0 fnt\n|faint|p2a: Trevenant\n|\n|upkeep\n|\n|t:|1698722397\n|switch|p2a: Tapu Koko|Tapu Koko|100\/100\n|-fieldstart|move: Electric Terrain|[from] ability: Electric Surge|[of] p2a: Tapu Koko\n|turn|19\n|\n|t:|1698722401\n|move|p2a: Tapu Koko|Wild Charge|p1a: Houndstone\n|-damage|p1a: Houndstone|0 fnt\n|faint|p1a: Houndstone\n|-damage|p2a: Tapu Koko|98\/100|[from] Recoil\n|\n|win|Cdewpider\n|c|\u2606Ash100985|ggs\n|c|\u2606Cdewpider|Gg\n|c|\u2606Ash100985|send replay pls\n","uploadtime":1698722409,"views":38,"p1id":"ash100985","p2id":"cdewpider","formatid":"gen9nationaldexubers","rating":0,"private":0,"password":""}