{"id":"gen9nationaldexubers-1988916848","p1":"Zake202012","p2":"Antielpro","format":"[Gen 9] National Dex Ubers","log":"|j|\u2606Zake202012\n|j|\u2606Antielpro\n|t:|1699787300\n|gametype|singles\n|player|p1|Zake202012|chili|1292\n|player|p2|Antielpro|hiker-gen4|1177\n|teamsize|p1|6\n|teamsize|p2|6\n|gen|9\n|tier|[Gen 9] National Dex Ubers\n|rated|\n|rule|HP Percentage Mod: HP is shown in percentages\n|rule|Endless Battle Clause: Forcing endless battles is banned\n|rule|OHKO Clause: OHKO moves are banned\n|rule|Evasion Moves Clause: Evasion moves are banned\n|rule|Evasion Items Clause: Evasion items are banned\n|rule|Species Clause: Limit one of each Pok\u00e9mon\n|rule|Sleep Clause Mod: Limit one foe put to sleep\n|rule|Mega Rayquaza Clause: You cannot mega evolve Rayquaza\n|clearpoke\n|poke|p1|Ninetales-Alola, F|\n|poke|p1|Aegislash, M|\n|poke|p1|Sceptile, M|\n|poke|p1|Kartana|\n|poke|p1|Shuckle, F|\n|poke|p1|Arceus-Fighting|\n|poke|p2|Magearna|\n|poke|p2|Xerneas-*|\n|poke|p2|Zygarde-10%|\n|poke|p2|Yveltal|\n|poke|p2|Marshadow|\n|poke|p2|Groudon|\n|teampreview\n|inactive|Battle timer is ON: inactive players will automatically lose when time's up. (requested by Zake202012)\n|\n|t:|1699787325\n|start\n|switch|p1a: Arceus|Arceus-Fighting|100\/100\n|switch|p2a: Zygarde|Zygarde-10%, shiny|100\/100\n|turn|1\n|\n|t:|1699787330\n|move|p2a: Zygarde|Dragon Dance|p2a: Zygarde\n|-boost|p2a: Zygarde|atk|1\n|-boost|p2a: Zygarde|spe|1\n|move|p1a: Arceus|Cosmic Power|p1a: Arceus\n|-boost|p1a: Arceus|def|1\n|-boost|p1a: Arceus|spd|1\n|\n|upkeep\n|turn|2\n|\n|t:|1699787338\n|move|p2a: Zygarde|Dragon Dance|p2a: Zygarde\n|-boost|p2a: Zygarde|atk|1\n|-boost|p2a: Zygarde|spe|1\n|move|p1a: Arceus|Cosmic Power|p1a: Arceus\n|-boost|p1a: Arceus|def|1\n|-boost|p1a: Arceus|spd|1\n|\n|upkeep\n|turn|3\n|\n|t:|1699787351\n|move|p2a: Zygarde|Thousand Arrows|p1a: Arceus\n|-damage|p1a: Arceus|72\/100\n|move|p1a: Arceus|Cosmic Power|p1a: Arceus\n|-boost|p1a: Arceus|def|1\n|-boost|p1a: Arceus|spd|1\n|\n|upkeep\n|turn|4\n|\n|t:|1699787362\n|move|p2a: Zygarde|Thousand Arrows|p1a: Arceus\n|-damage|p1a: Arceus|50\/100\n|move|p1a: Arceus|Cosmic Power|p1a: Arceus\n|-boost|p1a: Arceus|def|1\n|-boost|p1a: Arceus|spd|1\n|\n|upkeep\n|turn|5\n|\n|t:|1699787371\n|move|p2a: Zygarde|Thousand Arrows|p1a: Arceus\n|-damage|p1a: Arceus|31\/100\n|move|p1a: Arceus|Recover|p1a: Arceus\n|-heal|p1a: Arceus|82\/100\n|\n|upkeep\n|turn|6\n|\n|t:|1699787383\n|move|p2a: Zygarde|Thousand Arrows|p1a: Arceus\n|-damage|p1a: Arceus|64\/100\n|move|p1a: Arceus|Cosmic Power|p1a: Arceus\n|-boost|p1a: Arceus|def|1\n|-boost|p1a: Arceus|spd|1\n|\n|upkeep\n|turn|7\n|\n|t:|1699787389\n|move|p2a: Zygarde|Thousand Arrows|p1a: Arceus\n|-damage|p1a: Arceus|47\/100\n|move|p1a: Arceus|Recover|p1a: Arceus\n|-heal|p1a: Arceus|97\/100\n|\n|upkeep\n|turn|8\n|\n|t:|1699787395\n|move|p2a: Zygarde|Thousand Arrows|p1a: Arceus\n|-damage|p1a: Arceus|82\/100\n|move|p1a: Arceus|Stored Power|p2a: Zygarde\n|-enditem|p2a: Zygarde|Focus Sash\n|-damage|p2a: Zygarde|1\/100\n|\n|-activate|p2a: Zygarde|ability: Power Construct\n|detailschange|p2a: Zygarde|Zygarde-Complete, shiny\n|-heal|p2a: Zygarde|57\/100|[silent]\n|upkeep\n|turn|9\n|\n|t:|1699787408\n|move|p2a: Zygarde|Thousand Arrows|p1a: Arceus\n|-damage|p1a: Arceus|65\/100\n|move|p1a: Arceus|Stored Power|p2a: Zygarde\n|-damage|p2a: Zygarde|14\/100\n|\n|upkeep\n|turn|10\n|\n|t:|1699787416\n|move|p2a: Zygarde|Thousand Arrows|p1a: Arceus\n|-damage|p1a: Arceus|51\/100\n|move|p1a: Arceus|Recover|p1a: Arceus\n|-heal|p1a: Arceus|100\/100\n|\n|upkeep\n|turn|11\n|\n|t:|1699787421\n|move|p2a: Zygarde|Outrage|p1a: Arceus\n|-damage|p1a: Arceus|81\/100\n|move|p1a: Arceus|Cosmic Power|p1a: Arceus\n|-boost|p1a: Arceus|def|1\n|-boost|p1a: Arceus|spd|1\n|\n|upkeep\n|turn|12\n|\n|t:|1699787428\n|move|p2a: Zygarde|Outrage|p1a: Arceus|[from]lockedmove\n|-damage|p1a: Arceus|61\/100\n|move|p1a: Arceus|Stored Power|p2a: Zygarde\n|-crit|p2a: Zygarde\n|-damage|p2a: Zygarde|0 fnt\n|faint|p2a: Zygarde\n|\n|upkeep\n|\n|t:|1699787443\n|switch|p2a: Magearna|Magearna|100\/100\n|turn|13\n|\n|t:|1699787458\n|move|p1a: Arceus|Body Press|p2a: Magearna\n|-damage|p2a: Magearna|0 fnt\n|faint|p2a: Magearna\n|\n|upkeep\n|-message|Antielpro forfeited.\n|\n|win|Zake202012\n|raw|Zake202012's rating: 1292 &rarr; <strong>1309<\/strong><br \/>(+17 for winning)\n|raw|Antielpro's rating: 1177 &rarr; <strong>1160<\/strong><br \/>(-17 for losing)\n|l|\u2606Antielpro\n|player|p1|Zake202012|chili\n","uploadtime":1699787494,"views":4,"p1id":"zake202012","p2id":"antielpro","formatid":"gen9nationaldexubers","rating":1160,"private":0,"password":""}