{"id":"gen9nationaldexubers-1985831997","p1":"hanagakiUBD","p2":"DracoAxel","format":"[Gen 9] National Dex Ubers","log":"|j|\u2606hanagakiUBD\n|j|\u2606DracoAxel\n|t:|1699410977\n|gametype|singles\n|player|p1|hanagakiUBD|iris-gen5bw2|\n|player|p2|DracoAxel|nate|\n|teamsize|p1|6\n|teamsize|p2|6\n|gen|9\n|tier|[Gen 9] National Dex Ubers\n|rule|HP Percentage Mod: HP is shown in percentages\n|rule|Endless Battle Clause: Forcing endless battles is banned\n|rule|OHKO Clause: OHKO moves are banned\n|rule|Evasion Moves Clause: Evasion moves are banned\n|rule|Evasion Items Clause: Evasion items are banned\n|rule|Species Clause: Limit one of each Pok\u00e9mon\n|rule|Sleep Clause Mod: Limit one foe put to sleep\n|rule|Mega Rayquaza Clause: You cannot mega evolve Rayquaza\n|clearpoke\n|poke|p1|Glimmora, M|\n|poke|p1|Darmanitan-Galar, M|\n|poke|p1|Volcarona, F|\n|poke|p1|Dragapult, F|\n|poke|p1|Alakazam, F|\n|poke|p1|Kingambit, M|\n|poke|p2|Torkoal, M|\n|poke|p2|Blaziken, F|\n|poke|p2|Skeledirge, M|\n|poke|p2|Cinderace, F|\n|poke|p2|Venusaur, F|\n|poke|p2|Volcarona, M|\n|teampreview\n|inactive|Battle timer is ON: inactive players will automatically lose when time's up. (requested by hanagakiUBD)\n|\n|t:|1699410991\n|start\n|switch|p1a: Darmanitan|Darmanitan-Galar, M|100\/100\n|switch|p2a: Turbofollada|Blaziken, F|100\/100\n|turn|1\n|\n|t:|1699410996\n|detailschange|p2a: Turbofollada|Blaziken-Mega, F\n|-mega|p2a: Turbofollada|Blaziken|Blazikenite\n|move|p2a: Turbofollada|Protect|p2a: Turbofollada\n|-singleturn|p2a: Turbofollada|Protect\n|move|p1a: Darmanitan|U-turn|p2a: Turbofollada\n|-activate|p2a: Turbofollada|move: Protect\n|\n|-ability|p2a: Turbofollada|Speed Boost|boost\n|-boost|p2a: Turbofollada|spe|1\n|upkeep\n|turn|2\n|j| s.daninja\n|\n|t:|1699411003\n|switch|p1a: Glimmora|Glimmora, M|100\/100\n|-item|p1a: Glimmora|Air Balloon\n|move|p2a: Turbofollada|Close Combat|p1a: Glimmora\n|-damage|p1a: Glimmora|15\/100\n|-unboost|p2a: Turbofollada|def|1\n|-unboost|p2a: Turbofollada|spd|1\n|-activate|p1a: Glimmora|ability: Toxic Debris\n|-sidestart|p2: DracoAxel|move: Toxic Spikes\n|-enditem|p1a: Glimmora|Air Balloon\n|\n|-ability|p2a: Turbofollada|Speed Boost|boost\n|-boost|p2a: Turbofollada|spe|1\n|upkeep\n|turn|3\n|\n|t:|1699411015\n|move|p2a: Turbofollada|Close Combat|p1a: Glimmora\n|-damage|p1a: Glimmora|0 fnt\n|-unboost|p2a: Turbofollada|def|1\n|-unboost|p2a: Turbofollada|spd|1\n|-activate|p1a: Glimmora|ability: Toxic Debris\n|-sidestart|p2: DracoAxel|move: Toxic Spikes\n|faint|p1a: Glimmora\n|\n|-ability|p2a: Turbofollada|Speed Boost|boost\n|-boost|p2a: Turbofollada|spe|1\n|upkeep\n|\n|t:|1699411034\n|switch|p1a: Volcarona|Volcarona, F, shiny|100\/100\n|turn|4\n|\n|t:|1699411040\n|move|p2a: Turbofollada|Swords Dance|p2a: Turbofollada\n|-boost|p2a: Turbofollada|atk|2\n|-zpower|p1a: Volcarona\n|move|p1a: Volcarona|Inferno Overdrive|p2a: Turbofollada|[zeffect]\n|-resisted|p2a: Turbofollada\n|-damage|p2a: Turbofollada|0 fnt\n|faint|p2a: Turbofollada\n|\n|upkeep\n|\n|t:|1699411047\n|switch|p2a: El solecito|Torkoal, M|100\/100\n|-status|p2a: El solecito|tox\n|-weather|SunnyDay|[from] ability: Drought|[of] p2a: El solecito\n|turn|5\n|\n|t:|1699411050\n|move|p1a: Volcarona|Quiver Dance|p1a: Volcarona\n|-boost|p1a: Volcarona|spa|1\n|-boost|p1a: Volcarona|spd|1\n|-boost|p1a: Volcarona|spe|1\n|move|p2a: El solecito|Overheat|p1a: Volcarona\n|-damage|p1a: Volcarona|57\/100\n|-unboost|p2a: El solecito|spa|2\n|-enditem|p2a: El solecito|Eject Pack\n|\n|t:|1699411054\n|switch|p2a: Mariwano|Venusaur, F|100\/100\n|-sideend|p2: DracoAxel|move: Toxic Spikes|[of] p2a: Mariwano\n|\n|-weather|SunnyDay|[upkeep]\n|upkeep\n|turn|6\n|\n|t:|1699411062\n|-terastallize|p2a: Mariwano|Fire\n|move|p2a: Mariwano|Weather Ball|p1a: Volcarona\n|-damage|p1a: Volcarona|0 fnt\n|faint|p1a: Volcarona\n|-damage|p2a: Mariwano|91\/100|[from] item: Life Orb\n|\n|-weather|SunnyDay|[upkeep]\n|upkeep\n|\n|t:|1699411074\n|switch|p1a: Dragapult|Dragapult, F, shiny|100\/100\n|turn|7\n|c| s.daninja|Que jugada fue esa\n|\n|t:|1699411080\n|move|p2a: Mariwano|Weather Ball|p1a: Dragapult\n|-resisted|p1a: Dragapult\n|-damage|p1a: Dragapult|37\/100\n|-damage|p2a: Mariwano|81\/100|[from] item: Life Orb\n|move|p1a: Dragapult|Dragon Dance|p1a: Dragapult\n|-boost|p1a: Dragapult|atk|1\n|-boost|p1a: Dragapult|spe|1\n|\n|-weather|SunnyDay|[upkeep]\n|upkeep\n|turn|8\n|\n|t:|1699411085\n|move|p1a: Dragapult|Dragon Darts|p2a: Mariwano\n|-damage|p2a: Mariwano|29\/100\n|-anim|p1a: Dragapult|Dragon Darts|p2a: Mariwano\n|-damage|p2a: Mariwano|0 fnt\n|faint|p2a: Mariwano\n|\n|-weather|SunnyDay|[upkeep]\n|upkeep\n|\n|t:|1699411095\n|switch|p2a: El solecito|Torkoal, M|100\/100 tox\n|turn|9\n|c| s.daninja|Cinderace\n|c| s.daninja|Noooo\n|inactive|hanagakiUBD has 270 seconds left.\n|\n|t:|1699411142\n|move|p1a: Dragapult|Dragon Darts|p2a: El solecito\n|-damage|p2a: El solecito|74\/100 tox\n|-anim|p1a: Dragapult|Dragon Darts|p2a: El solecito\n|-damage|p2a: El solecito|49\/100 tox\n|move|p2a: El solecito|Yawn|p1a: Dragapult\n|-start|p1a: Dragapult|move: Yawn|[of] p2a: El solecito\n|\n|-weather|none\n|-damage|p2a: El solecito|43\/100 tox|[from] psn\n|upkeep\n|turn|10\n|\n|t:|1699411157\n|switch|p2a: Skelegod|Skeledirge, M|100\/100\n|move|p1a: Dragapult|Substitute|p1a: Dragapult\n|-start|p1a: Dragapult|Substitute\n|-damage|p1a: Dragapult|12\/100\n|\n|-end|p1a: Dragapult|move: Yawn|[silent]\n|-status|p1a: Dragapult|slp\n|upkeep\n|turn|11\n|\n|t:|1699411165\n|cant|p1a: Dragapult|slp\n|move|p2a: Skelegod|Torch Song|p1a: Dragapult\n|-resisted|p1a: Dragapult\n|-damage|p1a: Dragapult|0 fnt\n|-boost|p2a: Skelegod|spa|1\n|faint|p1a: Dragapult\n|\n|upkeep\n|\n|t:|1699411174\n|switch|p1a: Alakazam|Alakazam, F|100\/100\n|turn|12\n|\n|t:|1699411180\n|detailschange|p1a: Alakazam|Alakazam-Mega, F\n|-mega|p1a: Alakazam|Alakazam|Alakazite\n|-ability|p1a: Alakazam|Unaware|[from] ability: Trace|[of] p2a: Skelegod\n|move|p1a: Alakazam|Shadow Ball|p2a: Skelegod\n|-supereffective|p2a: Skelegod\n|-damage|p2a: Skelegod|38\/100\n|-unboost|p2a: Skelegod|spd|1\n|move|p2a: Skelegod|Shadow Ball|p1a: Alakazam\n|-supereffective|p1a: Alakazam\n|-damage|p1a: Alakazam|15\/100\n|\n|-heal|p2a: Skelegod|44\/100|[from] item: Leftovers\n|upkeep\n|turn|13\n|inactive|hanagakiUBD has 270 seconds left.\n|\n|t:|1699411192\n|move|p1a: Alakazam|Shadow Ball|p2a: Skelegod\n|-supereffective|p2a: Skelegod\n|-damage|p2a: Skelegod|0 fnt\n|faint|p2a: Skelegod\n|\n|upkeep\n|\n|t:|1699411200\n|switch|p2a: El solecito|Torkoal, M|43\/100 tox\n|-weather|SunnyDay|[from] ability: Drought|[of] p2a: El solecito\n|turn|14\n|\n|t:|1699411205\n|move|p1a: Alakazam|Psychic|p2a: El solecito\n|-damage|p2a: El solecito|0 fnt\n|faint|p2a: El solecito\n|\n|-weather|SunnyDay|[upkeep]\n|upkeep\n|\n|t:|1699411209\n|switch|p2a: Messi.siuuuu|Cinderace, F|100\/100\n|turn|15\n|\n|t:|1699411215\n|move|p1a: Alakazam|Psychic|p2a: Messi.siuuuu\n|-damage|p2a: Messi.siuuuu|17\/100\n|-unboost|p2a: Messi.siuuuu|spd|1\n|move|p2a: Messi.siuuuu|Pyro Ball|p1a: Alakazam\n|-damage|p1a: Alakazam|0 fnt\n|faint|p1a: Alakazam\n|\n|-weather|SunnyDay|[upkeep]\n|upkeep\n|\n|t:|1699411223\n|switch|p1a: Darmanitan|Darmanitan-Galar, M|100\/100\n|turn|16\n|\n|t:|1699411226\n|move|p1a: Darmanitan|Rock Slide|p2a: Messi.siuuuu\n|-supereffective|p2a: Messi.siuuuu\n|-damage|p2a: Messi.siuuuu|0 fnt\n|faint|p2a: Messi.siuuuu\n|\n|-weather|SunnyDay|[upkeep]\n|upkeep\n|\n|t:|1699411229\n|switch|p2a: Mariposo|Volcarona, M|100\/100\n|turn|17\n|\n|t:|1699411232\n|move|p1a: Darmanitan|Rock Slide|p2a: Mariposo\n|-supereffective|p2a: Mariposo\n|-damage|p2a: Mariposo|0 fnt\n|faint|p2a: Mariposo\n|\n|win|hanagakiUBD\n|c|\u2606hanagakiUBD|Gg\n","uploadtime":1699411244,"views":4,"p1id":"hanagakiubd","p2id":"dracoaxel","formatid":"gen9nationaldexubers","rating":0,"private":0,"password":""}