{"id":"gen9nationaldexubers-1979288279","p1":"Guj Genera","p2":"Xoviet Yunion","format":"[Gen 9] National Dex Ubers","log":"|j|\u2606Guj Genera\n|j|\u2606Xoviet Yunion\n|t:|1698666832\n|gametype|singles\n|player|p1|Guj Genera|red|\n|player|p2|Xoviet Yunion|shauntal|\n|teamsize|p1|6\n|teamsize|p2|6\n|gen|9\n|tier|[Gen 9] National Dex Ubers\n|rule|HP Percentage Mod: HP is shown in percentages\n|rule|Endless Battle Clause: Forcing endless battles is banned\n|rule|OHKO Clause: OHKO moves are banned\n|rule|Evasion Moves Clause: Evasion moves are banned\n|rule|Evasion Items Clause: Evasion items are banned\n|rule|Species Clause: Limit one of each Pok\u00e9mon\n|rule|Sleep Clause Mod: Limit one foe put to sleep\n|rule|Mega Rayquaza Clause: You cannot mega evolve Rayquaza\n|clearpoke\n|poke|p1|Zeraora|\n|poke|p1|Inteleon, M|\n|poke|p1|Kartana|\n|poke|p1|Cinderace, F|\n|poke|p1|Kommo-o, F|\n|poke|p1|Landorus-Therian, M|\n|poke|p2|Zamazenta-*|\n|poke|p2|Sneasler, M|\n|poke|p2|Buzzwole|\n|poke|p2|Terrakion|\n|poke|p2|Iron Hands|\n|poke|p2|Pawmot, F|\n|teampreview\n|inactive|Battle timer is ON: inactive players will automatically lose when time's up. (requested by Guj Genera)\n|c|\u2606Guj Genera|Glhf\n|c|\u2606Xoviet Yunion|u2\n|inactive|Xoviet Yunion has 270 seconds left.\n|\n|t:|1698666874\n|start\n|switch|p1a: Landorus|Landorus-Therian, M, shiny|100\/100\n|switch|p2a: Zoruark\u200b\u200b|Buzzwole|100\/100\n|-ability|p1a: Landorus|Intimidate|boost\n|-unboost|p2a: Zoruark\u200b\u200b|atk|1\n|turn|1\n|\n|t:|1698666881\n|move|p1a: Landorus|Stealth Rock|p2a: Zoruark\u200b\u200b\n|-sidestart|p2: Xoviet Yunion|move: Stealth Rock\n|move|p2a: Zoruark\u200b\u200b|Ice Punch|p1a: Landorus\n|-supereffective|p1a: Landorus\n|-damage|p1a: Landorus|54\/100\n|-damage|p2a: Zoruark\u200b\u200b|84\/100|[from] item: Rocky Helmet|[of] p1a: Landorus\n|\n|upkeep\n|turn|2\n|\n|t:|1698666886\n|move|p1a: Landorus|Toxic|p2a: Zoruark\u200b\u200b\n|-status|p2a: Zoruark\u200b\u200b|tox\n|move|p2a: Zoruark\u200b\u200b|Toxic|p1a: Landorus\n|-status|p1a: Landorus|tox\n|\n|-damage|p1a: Landorus|48\/100 tox|[from] psn\n|-damage|p2a: Zoruark\u200b\u200b|78\/100 tox|[from] psn\n|upkeep\n|turn|3\n|\n|t:|1698666891\n|move|p1a: Landorus|Earthquake|p2a: Zoruark\u200b\u200b\n|-resisted|p2a: Zoruark\u200b\u200b\n|-damage|p2a: Zoruark\u200b\u200b|67\/100 tox\n|move|p2a: Zoruark\u200b\u200b|Roost|p2a: Zoruark\u200b\u200b\n|-heal|p2a: Zoruark\u200b\u200b|100\/100 tox\n|-singleturn|p2a: Zoruark\u200b\u200b|move: Roost\n|\n|-damage|p1a: Landorus|36\/100 tox|[from] psn\n|-damage|p2a: Zoruark\u200b\u200b|88\/100 tox|[from] psn\n|upkeep\n|turn|4\n|\n|t:|1698666894\n|move|p1a: Landorus|Earthquake|p2a: Zoruark\u200b\u200b\n|-resisted|p2a: Zoruark\u200b\u200b\n|-damage|p2a: Zoruark\u200b\u200b|77\/100 tox\n|move|p2a: Zoruark\u200b\u200b|Ice Punch|p1a: Landorus\n|-supereffective|p1a: Landorus\n|-damage|p1a: Landorus|0 fnt\n|-damage|p2a: Zoruark\u200b\u200b|60\/100 tox|[from] item: Rocky Helmet|[of] p1a: Landorus\n|faint|p1a: Landorus\n|-ability|p2a: Zoruark\u200b\u200b|Beast Boost|boost\n|-boost|p2a: Zoruark\u200b\u200b|def|1\n|\n|-damage|p2a: Zoruark\u200b\u200b|41\/100 tox|[from] psn\n|upkeep\n|\n|t:|1698666906\n|switch|p1a: Zeraora|Zeraora, shiny|100\/100\n|turn|5\n|\n|t:|1698666917\n|switch|p2a: Zoruark\u200b\u200b\u200b|Iron Hands|100\/100\n|-damage|p2a: Zoruark\u200b\u200b\u200b|94\/100|[from] Stealth Rock\n|move|p1a: Zeraora|Play Rough|p2a: Zoruark\u200b\u200b\u200b\n|-supereffective|p2a: Zoruark\u200b\u200b\u200b\n|-damage|p2a: Zoruark\u200b\u200b\u200b|53\/100\n|\n|upkeep\n|turn|6\n|\n|t:|1698666925\n|move|p1a: Zeraora|Play Rough|p2a: Zoruark\u200b\u200b\u200b\n|-supereffective|p2a: Zoruark\u200b\u200b\u200b\n|-damage|p2a: Zoruark\u200b\u200b\u200b|13\/100\n|move|p2a: Zoruark\u200b\u200b\u200b|Drain Punch|p1a: Zeraora\n|-damage|p1a: Zeraora|36\/100\n|-heal|p2a: Zoruark\u200b\u200b\u200b|33\/100|[from] drain|[of] p1a: Zeraora\n|\n|upkeep\n|turn|7\n|\n|t:|1698666934\n|move|p1a: Zeraora|Play Rough|p2a: Zoruark\u200b\u200b\u200b\n|-supereffective|p2a: Zoruark\u200b\u200b\u200b\n|-damage|p2a: Zoruark\u200b\u200b\u200b|0 fnt\n|faint|p2a: Zoruark\u200b\u200b\u200b\n|-end|p2a: Zoruark\u200b\u200b\u200b|Quark Drive|[silent]\n|\n|upkeep\n|\n|t:|1698666938\n|switch|p2a: Zoruark\u200b\u200b\u200b\u200b\u200b|Terrakion|100\/100\n|-damage|p2a: Zoruark\u200b\u200b\u200b\u200b\u200b|94\/100|[from] Stealth Rock\n|turn|8\n|\n|t:|1698666943\n|move|p2a: Zoruark\u200b\u200b\u200b\u200b\u200b|Close Combat|p1a: Zeraora\n|-damage|p1a: Zeraora|0 fnt\n|-unboost|p2a: Zoruark\u200b\u200b\u200b\u200b\u200b|def|1\n|-unboost|p2a: Zoruark\u200b\u200b\u200b\u200b\u200b|spd|1\n|faint|p1a: Zeraora\n|\n|upkeep\n|\n|t:|1698666947\n|switch|p1a: Inteleon|Inteleon, M, shiny|100\/100\n|turn|9\n|\n|t:|1698666950\n|move|p2a: Zoruark\u200b\u200b\u200b\u200b\u200b|Close Combat|p1a: Inteleon\n|-damage|p1a: Inteleon|0 fnt\n|-unboost|p2a: Zoruark\u200b\u200b\u200b\u200b\u200b|def|1\n|-unboost|p2a: Zoruark\u200b\u200b\u200b\u200b\u200b|spd|1\n|faint|p1a: Inteleon\n|\n|upkeep\n|\n|t:|1698666955\n|switch|p1a: Kartana|Kartana, shiny|100\/100\n|turn|10\n|\n|t:|1698666962\n|switch|p2a: Zoruark\u200b\u200b|Buzzwole|41\/100 tox\n|-damage|p2a: Zoruark\u200b\u200b|29\/100 tox|[from] Stealth Rock\n|move|p1a: Kartana|Psycho Cut|p2a: Zoruark\u200b\u200b\n|-supereffective|p2a: Zoruark\u200b\u200b\n|-damage|p2a: Zoruark\u200b\u200b|0 fnt\n|faint|p2a: Zoruark\u200b\u200b\n|-ability|p1a: Kartana|Beast Boost|boost\n|-boost|p1a: Kartana|atk|1\n|\n|upkeep\n|\n|t:|1698666965\n|switch|p2a: Z\u200b\u200b\u200b\u200b\u200boruark|Zamazenta, shiny|100\/100\n|-damage|p2a: Z\u200b\u200b\u200b\u200b\u200boruark|94\/100|[from] Stealth Rock\n|-ability|p2a: Z\u200b\u200b\u200b\u200b\u200boruark|Dauntless Shield|boost\n|-boost|p2a: Z\u200b\u200b\u200b\u200b\u200boruark|def|1\n|turn|11\n|\n|t:|1698666967\n|move|p1a: Kartana|Psycho Cut|p2a: Z\u200b\u200b\u200b\u200b\u200boruark\n|-supereffective|p2a: Z\u200b\u200b\u200b\u200b\u200boruark\n|-damage|p2a: Z\u200b\u200b\u200b\u200b\u200boruark|37\/100\n|move|p2a: Z\u200b\u200b\u200b\u200b\u200boruark|Close Combat|p1a: Kartana\n|-supereffective|p1a: Kartana\n|-damage|p1a: Kartana|0 fnt\n|-unboost|p2a: Z\u200b\u200b\u200b\u200b\u200boruark|def|1\n|-unboost|p2a: Z\u200b\u200b\u200b\u200b\u200boruark|spd|1\n|faint|p1a: Kartana\n|\n|upkeep\n|\n|t:|1698666970\n|switch|p1a: Kommo-o|Kommo-o, F, shiny|100\/100\n|turn|12\n|\n|t:|1698666976\n|move|p2a: Z\u200b\u200b\u200b\u200b\u200boruark|Close Combat|p1a: Kommo-o\n|-damage|p1a: Kommo-o|10\/100\n|-unboost|p2a: Z\u200b\u200b\u200b\u200b\u200boruark|def|1\n|-unboost|p2a: Z\u200b\u200b\u200b\u200b\u200boruark|spd|1\n|-zpower|p1a: Kommo-o\n|move|p1a: Kommo-o|Clangorous Soulblaze|p2a: Z\u200b\u200b\u200b\u200b\u200boruark|[zeffect]\n|-damage|p2a: Z\u200b\u200b\u200b\u200b\u200boruark|0 fnt\n|faint|p2a: Z\u200b\u200b\u200b\u200b\u200boruark\n|-boost|p1a: Kommo-o|atk|1\n|-boost|p1a: Kommo-o|def|1\n|-boost|p1a: Kommo-o|spa|1\n|-boost|p1a: Kommo-o|spd|1\n|-boost|p1a: Kommo-o|spe|1\n|\n|upkeep\n|\n|t:|1698666979\n|switch|p2a: Zoruark\u200b\u200b\u200b\u200b\u200b|Terrakion|94\/100\n|-damage|p2a: Zoruark\u200b\u200b\u200b\u200b\u200b|88\/100|[from] Stealth Rock\n|turn|13\n|\n|t:|1698666982\n|move|p2a: Zoruark\u200b\u200b\u200b\u200b\u200b|Close Combat|p1a: Kommo-o\n|-damage|p1a: Kommo-o|0 fnt\n|-unboost|p2a: Zoruark\u200b\u200b\u200b\u200b\u200b|def|1\n|-unboost|p2a: Zoruark\u200b\u200b\u200b\u200b\u200b|spd|1\n|faint|p1a: Kommo-o\n|\n|upkeep\n|\n|t:|1698666984\n|switch|p1a: Cinderace|Cinderace, F, shiny|100\/100\n|turn|14\n|\n|t:|1698666988\n|move|p2a: Zoruark\u200b\u200b\u200b\u200b\u200b|Close Combat|p1a: Cinderace\n|-damage|p1a: Cinderace|10\/100\n|-unboost|p2a: Zoruark\u200b\u200b\u200b\u200b\u200b|def|1\n|-unboost|p2a: Zoruark\u200b\u200b\u200b\u200b\u200b|spd|1\n|move|p1a: Cinderace|Pyro Ball|p2a: Zoruark\u200b\u200b\u200b\u200b\u200b\n|-resisted|p2a: Zoruark\u200b\u200b\u200b\u200b\u200b\n|-damage|p2a: Zoruark\u200b\u200b\u200b\u200b\u200b|0 fnt\n|faint|p2a: Zoruark\u200b\u200b\u200b\u200b\u200b\n|\n|upkeep\n|\n|t:|1698666990\n|switch|p2a: Zoruark\u200b|Sneasler, M|100\/100\n|-damage|p2a: Zoruark\u200b|95\/100|[from] Stealth Rock\n|turn|15\n|\n|t:|1698666993\n|move|p2a: Zoruark\u200b|Dire Claw|p1a: Cinderace\n|-damage|p1a: Cinderace|0 fnt\n|faint|p1a: Cinderace\n|\n|win|Xoviet Yunion\n|c|\u2606Xoviet Yunion|gg\n|c|\u2606Guj Genera|Ggwp\n","uploadtime":1698667002,"views":18,"p1id":"gujgenera","p2id":"xovietyunion","formatid":"gen9nationaldexubers","rating":0,"private":0,"password":""}