{"id":"gen9nationaldexubers-1992899388","p1":"RedHoodKat","p2":"The power of ROCK","format":"[Gen 9] National Dex Ubers","log":"|j|\u2606RedHoodKat\n|j|\u2606The power of ROCK\n|t:|1700245081\n|gametype|singles\n|player|p1|RedHoodKat|colress|\n|player|p2|The power of ROCK|roark|\n|teamsize|p1|6\n|teamsize|p2|6\n|gen|9\n|tier|[Gen 9] National Dex Ubers\n|rule|HP Percentage Mod: HP is shown in percentages\n|rule|Endless Battle Clause: Forcing endless battles is banned\n|rule|OHKO Clause: OHKO moves are banned\n|rule|Evasion Moves Clause: Evasion moves are banned\n|rule|Evasion Items Clause: Evasion items are banned\n|rule|Species Clause: Limit one of each Pok\u00e9mon\n|rule|Sleep Clause Mod: Limit one foe put to sleep\n|rule|Mega Rayquaza Clause: You cannot mega evolve Rayquaza\n|clearpoke\n|poke|p1|Gholdengo|\n|poke|p1|Excadrill, M|\n|poke|p1|Bisharp, M|\n|poke|p1|Scizor, M|\n|poke|p1|Melmetal|\n|poke|p1|Metagross|\n|poke|p2|Tyranitar, M|\n|poke|p2|Garganacl, M|\n|poke|p2|Aggron, M|\n|poke|p2|Cradily, M|\n|poke|p2|Glimmora, M|\n|poke|p2|Avalugg-Hisui, F|\n|teampreview\n|c|\u2606The power of ROCK|Welcome to the ROCK gym\n|j| BeeZeeSD\n|\n|t:|1700245102\n|start\n|switch|p1a: Mole Man|Excadrill, M|100\/100\n|switch|p2a: Aggron|Aggron, M|100\/100\n|-ability|p1a: Mole Man|Mold Breaker\n|turn|1\n|\n|t:|1700245109\n|detailschange|p2a: Aggron|Aggron-Mega, M\n|-mega|p2a: Aggron|Aggron|Aggronite\n|move|p1a: Mole Man|Earthquake|p2a: Aggron\n|-supereffective|p2a: Aggron\n|-damage|p2a: Aggron|50\/100\n|move|p2a: Aggron|Body Press|p1a: Mole Man\n|-supereffective|p1a: Mole Man\n|-damage|p1a: Mole Man|0 fnt\n|faint|p1a: Mole Man\n|\n|upkeep\n|c| BeeZeeSD|I'll give a lil look for a bit\n|\n|t:|1700245122\n|switch|p1a: Meta? Gross.|Metagross, shiny|100\/100\n|turn|2\n|c|\u2606The power of ROCK|lol hi beezeeSD\n|c|\u2606The power of ROCK|: )\n|\n|t:|1700245131\n|detailschange|p1a: Meta? Gross.|Metagross-Mega, shiny\n|-mega|p1a: Meta? Gross.|Metagross|Metagrossite\n|move|p1a: Meta? Gross.|Brick Break|p2a: Aggron\n|-supereffective|p2a: Aggron\n|-damage|p2a: Aggron|27\/100\n|move|p2a: Aggron|Iron Defense|p2a: Aggron\n|-boost|p2a: Aggron|def|2\n|\n|upkeep\n|turn|3\n|c|\u2606RedHoodKat|he watched you get owned in a choas fight\n|\n|t:|1700245142\n|move|p1a: Meta? Gross.|Earthquake|p2a: Aggron\n|-supereffective|p2a: Aggron\n|-damage|p2a: Aggron|14\/100\n|move|p2a: Aggron|Rest|p2a: Aggron\n|-status|p2a: Aggron|slp|[from] move: Rest\n|-heal|p2a: Aggron|100\/100 slp|[silent]\n|\n|upkeep\n|turn|4\n|\n|t:|1700245150\n|switch|p1a: String Cheese|Gholdengo|100\/100\n|cant|p2a: Aggron|slp\n|move|p2a: Aggron|Sleep Talk|p2a: Aggron\n|move|p2a: Aggron|Rest||[from]move: Sleep Talk|[still]\n|-fail|p2a: Aggron\n|\n|upkeep\n|turn|5\n|\n|t:|1700245155\n|switch|p2a: Tyranitar|Tyranitar, M|100\/100\n|-weather|Sandstorm|[from] ability: Sand Stream|[of] p2a: Tyranitar\n|move|p1a: String Cheese|Thunderbolt|p2a: Tyranitar\n|-damage|p2a: Tyranitar|91\/100\n|\n|-weather|Sandstorm|[upkeep]\n|upkeep\n|turn|6\n|\n|t:|1700245162\n|move|p1a: String Cheese|Dazzling Gleam|p2a: Tyranitar\n|-supereffective|p2a: Tyranitar\n|-damage|p2a: Tyranitar|74\/100\n|move|p2a: Tyranitar|Pursuit|p1a: String Cheese\n|-supereffective|p1a: String Cheese\n|-damage|p1a: String Cheese|60\/100\n|\n|-weather|Sandstorm|[upkeep]\n|upkeep\n|turn|7\n|\n|t:|1700245168\n|move|p1a: String Cheese|Dazzling Gleam|p2a: Tyranitar\n|-supereffective|p2a: Tyranitar\n|-damage|p2a: Tyranitar|55\/100\n|move|p2a: Tyranitar|Knock Off|p1a: String Cheese\n|-supereffective|p1a: String Cheese\n|-damage|p1a: String Cheese|0 fnt\n|-enditem|p1a: String Cheese|Wise Glasses|[from] move: Knock Off|[of] p2a: Tyranitar\n|faint|p1a: String Cheese\n|\n|-weather|Sandstorm|[upkeep]\n|upkeep\n|\n|t:|1700245180\n|switch|p1a: 2 Sharp|Bisharp, M, shiny|100\/100\n|turn|8\n|\n|t:|1700245192\n|move|p1a: 2 Sharp|Brick Break|p2a: Tyranitar\n|-supereffective|p2a: Tyranitar\n|-damage|p2a: Tyranitar|0 fnt\n|faint|p2a: Tyranitar\n|\n|-weather|Sandstorm|[upkeep]\n|upkeep\n|\n|t:|1700245194\n|switch|p2a: Aggron|Aggron-Mega, M|100\/100 slp\n|turn|9\n|\n|t:|1700245199\n|move|p1a: 2 Sharp|Brick Break|p2a: Aggron\n|-supereffective|p2a: Aggron\n|-damage|p2a: Aggron|85\/100 slp\n|cant|p2a: Aggron|slp\n|move|p2a: Aggron|Sleep Talk|p2a: Aggron\n|move|p2a: Aggron|Body Press|p1a: 2 Sharp|[from]move: Sleep Talk\n|-supereffective|p1a: 2 Sharp\n|-damage|p1a: 2 Sharp|0 fnt\n|faint|p1a: 2 Sharp\n|\n|-weather|none\n|upkeep\n|\n|t:|1700245211\n|switch|p1a: Meta? Gross.|Metagross-Mega, shiny|100\/100\n|turn|10\n|\n|t:|1700245214\n|move|p1a: Meta? Gross.|Earthquake|p2a: Aggron\n|-supereffective|p2a: Aggron\n|-damage|p2a: Aggron|63\/100 slp\n|-curestatus|p2a: Aggron|slp|[msg]\n|move|p2a: Aggron|Iron Defense|p2a: Aggron\n|-boost|p2a: Aggron|def|2\n|\n|upkeep\n|turn|11\n|\n|t:|1700245219\n|move|p1a: Meta? Gross.|Earthquake|p2a: Aggron\n|-supereffective|p2a: Aggron\n|-crit|p2a: Aggron\n|-damage|p2a: Aggron|30\/100\n|move|p2a: Aggron|Body Press|p1a: Meta? Gross.\n|-damage|p1a: Meta? Gross.|30\/100\n|\n|upkeep\n|turn|12\n|\n|t:|1700245224\n|move|p1a: Meta? Gross.|Earthquake|p2a: Aggron\n|-supereffective|p2a: Aggron\n|-damage|p2a: Aggron|18\/100\n|move|p2a: Aggron|Rest|p2a: Aggron\n|-status|p2a: Aggron|slp|[from] move: Rest\n|-heal|p2a: Aggron|100\/100 slp|[silent]\n|\n|upkeep\n|turn|13\n|\n|t:|1700245229\n|move|p1a: Meta? Gross.|Earthquake|p2a: Aggron\n|-supereffective|p2a: Aggron\n|-damage|p2a: Aggron|89\/100 slp\n|cant|p2a: Aggron|slp\n|move|p2a: Aggron|Sleep Talk|p2a: Aggron\n|move|p2a: Aggron|Body Press|p1a: Meta? Gross.|[from]move: Sleep Talk\n|-damage|p1a: Meta? Gross.|0 fnt\n|faint|p1a: Meta? Gross.\n|\n|upkeep\n|c|\u2606RedHoodKat|AHHHHHHHHHHHHHHHHHHHHHHHHHHHHHHHHHHHHHHHHHHHHH\n|\n|t:|1700245239\n|switch|p1a: SmelSteel|Melmetal|100\/100\n|turn|14\n|c|\u2606The power of ROCK|lol\n|\n|t:|1700245242\n|cant|p2a: Aggron|slp\n|move|p2a: Aggron|Sleep Talk|p2a: Aggron\n|move|p2a: Aggron|Iron Defense|p2a: Aggron|[from]move: Sleep Talk\n|-boost|p2a: Aggron|def|2\n|move|p1a: SmelSteel|Darkest Lariat|p2a: Aggron\n|-damage|p2a: Aggron|76\/100 slp\n|\n|upkeep\n|turn|15\n|\n|t:|1700245247\n|-curestatus|p2a: Aggron|slp|[msg]\n|move|p2a: Aggron|Body Press|p1a: SmelSteel\n|-supereffective|p1a: SmelSteel\n|-damage|p1a: SmelSteel|0 fnt\n|faint|p1a: SmelSteel\n|\n|upkeep\n|\n|t:|1700245252\n|switch|p1a: Beats Paper|Scizor, M|100\/100\n|turn|16\n|\n|t:|1700245254\n|move|p1a: Beats Paper|Brick Break|p2a: Aggron\n|-supereffective|p2a: Aggron\n|-damage|p2a: Aggron|71\/100\n|move|p2a: Aggron|Body Press|p1a: Beats Paper\n|-damage|p1a: Beats Paper|0 fnt\n|faint|p1a: Beats Paper\n|\n|win|The power of ROCK\n|c|\u2606The power of ROCK|gg : )\n|c|\u2606RedHoodKat|ILL WIN ONE DAY\n|c| BeeZeeSD|So now I get to watch YOU get owned by rest\/talk Maggron\n|c|\u2606The power of ROCK|hahah xD\n","uploadtime":1700245271,"views":8,"p1id":"redhoodkat","p2id":"thepowerofrock","formatid":"gen9nationaldexubers","rating":0,"private":0,"password":""}