{"id":"gen9nationaldexubers-1999630655","p1":"ZachFromKalos","p2":"Le_Fiishe","format":"[Gen 9] National Dex Ubers","log":"|j|\u2606ZachFromKalos\n|j|\u2606Le_Fiishe\n|t:|1701102813\n|gametype|singles\n|player|p1|ZachFromKalos|marlon|1098\n|player|p2|Le_Fiishe|hilbert|1038\n|teamsize|p1|6\n|teamsize|p2|6\n|gen|9\n|tier|[Gen 9] National Dex Ubers\n|rated|\n|rule|HP Percentage Mod: HP is shown in percentages\n|rule|Endless Battle Clause: Forcing endless battles is banned\n|rule|OHKO Clause: OHKO moves are banned\n|rule|Evasion Moves Clause: Evasion moves are banned\n|rule|Evasion Items Clause: Evasion items are banned\n|rule|Species Clause: Limit one of each Pok\u00e9mon\n|rule|Sleep Clause Mod: Limit one foe put to sleep\n|rule|Mega Rayquaza Clause: You cannot mega evolve Rayquaza\n|clearpoke\n|poke|p1|Genesect-Douse|\n|poke|p1|Falinks|\n|poke|p1|Ogerpon-Wellspring, F|\n|poke|p1|Emboar, M|\n|poke|p1|Audino, M|\n|poke|p1|Kartana|\n|poke|p2|Cottonee, L1, F|\n|poke|p2|Magnemite, L1|\n|poke|p2|Aron, L1, M|\n|poke|p2|Pineco, L1, M|\n|poke|p2|Smeargle, L1, M|\n|poke|p2|Mimikyu, L1, F|\n|teampreview\n|c|\u2606ZachFromKalos|hm\n|inactive|Battle timer is ON: inactive players will automatically lose when time's up. (requested by Le_Fiishe)\n|\n|t:|1701102831\n|start\n|switch|p1a: Joy|Audino, M, shiny|100\/100\n|switch|p2a: Pineco|Pineco, L1, M, shiny|100\/100\n|turn|1\n|c|\u2606Le_Fiishe|gl hf\n|\n|t:|1701102844\n|detailschange|p1a: Joy|Audino-Mega, M, shiny\n|-mega|p1a: Joy|Audino|Audinite\n|move|p1a: Joy|Draining Kiss|p2a: Pineco\n|-ability|p2a: Pineco|Sturdy\n|-damage|p2a: Pineco|9\/100\n|-enditem|p2a: Pineco|Berry Juice\n|-heal|p2a: Pineco|100\/100|[from] item: Berry Juice\n|move|p2a: Pineco|Toxic Spikes|p1a: Joy\n|-sidestart|p1: ZachFromKalos|move: Toxic Spikes\n|\n|upkeep\n|turn|2\n|\n|t:|1701102855\n|switch|p1a: Tony Stonks|Genesect-Douse, shiny|100\/100\n|-ability|p1a: Tony Stonks|Download|boost\n|-boost|p1a: Tony Stonks|spa|1\n|move|p2a: Pineco|Toxic|p1a: Tony Stonks\n|-immune|p1a: Tony Stonks\n|\n|upkeep\n|turn|3\n|\n|t:|1701102867\n|move|p1a: Tony Stonks|Blaze Kick|p2a: Pineco\n|-supereffective|p2a: Pineco\n|-ability|p2a: Pineco|Sturdy\n|-damage|p2a: Pineco|9\/100\n|-status|p2a: Pineco|brn\n|move|p2a: Pineco|Pain Split|p1a: Tony Stonks\n|-sethp|p1a: Tony Stonks|51\/100|[from] move: Pain Split|[silent]\n|-sethp|p2a: Pineco|100\/100 brn|[from] move: Pain Split\n|\n|-damage|p2a: Pineco|92\/100 brn|[from] brn\n|upkeep\n|turn|4\n|\n|t:|1701102885\n|switch|p1a: Joy|Audino-Mega, M, shiny|100\/100\n|-status|p1a: Joy|psn\n|move|p2a: Pineco|Pain Split|p1a: Joy\n|-sethp|p1a: Joy|52\/100 psn|[from] move: Pain Split|[silent]\n|-sethp|p2a: Pineco|100\/100 brn|[from] move: Pain Split\n|\n|-damage|p1a: Joy|39\/100 psn|[from] psn\n|-damage|p2a: Pineco|92\/100 brn|[from] brn\n|upkeep\n|turn|5\n|\n|t:|1701102895\n|move|p1a: Joy|Draining Kiss|p2a: Pineco\n|-damage|p2a: Pineco|0 fnt\n|-heal|p1a: Joy|41\/100 psn|[from] drain|[of] p2a: Pineco\n|faint|p2a: Pineco\n|\n|-damage|p1a: Joy|29\/100 psn|[from] psn\n|upkeep\n|\n|t:|1701102901\n|switch|p2a: Magnemite|Magnemite, L1, shiny|100\/100\n|turn|6\n|\n|t:|1701102926\n|switch|p1a: Brickhouse|Emboar, M, shiny|100\/100\n|-status|p1a: Brickhouse|psn\n|move|p2a: Magnemite|Protect||[still]\n|-fail|p2a: Magnemite\n|\n|-damage|p1a: Brickhouse|88\/100 psn|[from] psn\n|upkeep\n|turn|7\n|\n|t:|1701102942\n|move|p1a: Brickhouse|Flare Blitz|p2a: Magnemite\n|-supereffective|p2a: Magnemite\n|-ability|p2a: Magnemite|Sturdy\n|-damage|p2a: Magnemite|9\/100\n|-enditem|p2a: Magnemite|Berry Juice\n|-heal|p2a: Magnemite|100\/100|[from] item: Berry Juice\n|-damage|p1a: Brickhouse|87\/100 psn|[from] Recoil\n|move|p2a: Magnemite|Recycle|p2a: Magnemite\n|-item|p2a: Magnemite|Berry Juice|[from] move: Recycle\n|\n|-damage|p1a: Brickhouse|75\/100 psn|[from] psn\n|upkeep\n|turn|8\n|\n|t:|1701102953\n|switch|p1a: Tony Stonks|Genesect-Douse, shiny|51\/100\n|-ability|p1a: Tony Stonks|Download|boost\n|-boost|p1a: Tony Stonks|spa|1\n|move|p2a: Magnemite|Recycle||[still]\n|-fail|p2a: Magnemite\n|\n|upkeep\n|turn|9\n|\n|t:|1701102962\n|move|p1a: Tony Stonks|Blaze Kick|p2a: Magnemite\n|-supereffective|p2a: Magnemite\n|-ability|p2a: Magnemite|Sturdy\n|-damage|p2a: Magnemite|9\/100\n|-enditem|p2a: Magnemite|Berry Juice\n|-heal|p2a: Magnemite|100\/100|[from] item: Berry Juice\n|move|p2a: Magnemite|Swagger|p1a: Tony Stonks\n|-boost|p1a: Tony Stonks|atk|2\n|-start|p1a: Tony Stonks|confusion\n|\n|upkeep\n|turn|10\n|\n|t:|1701102973\n|-activate|p1a: Tony Stonks|confusion\n|-damage|p1a: Tony Stonks|16\/100|[from] confusion\n|move|p2a: Magnemite|Recycle|p2a: Magnemite\n|-item|p2a: Magnemite|Berry Juice|[from] move: Recycle\n|\n|upkeep\n|turn|11\n|\n|t:|1701102980\n|switch|p1a: Joy|Audino-Mega, M, shiny|29\/100 psn\n|move|p2a: Magnemite|Protect||[still]\n|-fail|p2a: Magnemite\n|\n|-damage|p1a: Joy|16\/100 psn|[from] psn\n|upkeep\n|turn|12\n|\n|t:|1701102989\n|move|p1a: Joy|Heal Bell|p1a: Joy\n|-activate|p1a: Joy|move: Heal Bell\n|-curestatus|p1a: Joy|psn|[msg]\n|-curestatus|p1: Brickhouse|psn|[msg]\n|move|p2a: Magnemite|Recycle||[still]\n|-fail|p2a: Magnemite\n|\n|upkeep\n|turn|13\n|\n|t:|1701102999\n|move|p1a: Joy|Draining Kiss|p2a: Magnemite\n|-resisted|p2a: Magnemite\n|-ability|p2a: Magnemite|Sturdy\n|-damage|p2a: Magnemite|9\/100\n|-heal|p1a: Joy|18\/100|[from] drain|[of] p2a: Magnemite\n|-enditem|p2a: Magnemite|Berry Juice\n|-heal|p2a: Magnemite|100\/100|[from] item: Berry Juice\n|move|p2a: Magnemite|Swagger|p1a: Joy\n|-boost|p1a: Joy|atk|2\n|-start|p1a: Joy|confusion\n|\n|upkeep\n|turn|14\n|\n|t:|1701103015\n|switch|p1a: Tony Stonks|Genesect-Douse, shiny|16\/100\n|-ability|p1a: Tony Stonks|Download|boost\n|-boost|p1a: Tony Stonks|spa|1\n|move|p2a: Magnemite|Recycle|p2a: Magnemite\n|-item|p2a: Magnemite|Berry Juice|[from] move: Recycle\n|\n|upkeep\n|turn|15\n|\n|t:|1701103026\n|switch|p1a: Samurai Jack|Kartana, shiny|100\/100\n|move|p2a: Magnemite|Swagger|p1a: Samurai Jack\n|-boost|p1a: Samurai Jack|atk|2\n|-start|p1a: Samurai Jack|confusion\n|\n|upkeep\n|turn|16\n|\n|t:|1701103037\n|switch|p1a: Tony Stonks|Genesect-Douse, shiny|16\/100\n|-ability|p1a: Tony Stonks|Download|boost\n|-boost|p1a: Tony Stonks|spa|1\n|move|p2a: Magnemite|Protect||[still]\n|-fail|p2a: Magnemite\n|\n|upkeep\n|turn|17\n|\n|t:|1701103043\n|switch|p1a: Samurai Jack|Kartana, shiny|100\/100\n|move|p2a: Magnemite|Swagger|p1a: Samurai Jack|[miss]\n|-miss|p2a: Magnemite|p1a: Samurai Jack\n|\n|upkeep\n|turn|18\n|c|\u2606Le_Fiishe|are you just gonna keep switching\n|c|\u2606ZachFromKalos|yes\n|\n|t:|1701103057\n|switch|p1a: Tony Stonks|Genesect-Douse, shiny|16\/100\n|-ability|p1a: Tony Stonks|Download|boost\n|-boost|p1a: Tony Stonks|spa|1\n|move|p2a: Magnemite|Swagger|p1a: Tony Stonks\n|-boost|p1a: Tony Stonks|atk|2\n|-start|p1a: Tony Stonks|confusion\n|\n|upkeep\n|turn|19\n|\n|t:|1701103077\n|switch|p1a: Samurai Jack|Kartana, shiny|100\/100\n|move|p2a: Magnemite|Protect||[still]\n|-fail|p2a: Magnemite\n|\n|upkeep\n|turn|20\n|\n|t:|1701103088\n|switch|p1a: Tony Stonks|Genesect-Douse, shiny|16\/100\n|-ability|p1a: Tony Stonks|Download|boost\n|-boost|p1a: Tony Stonks|spa|1\n|switch|p2a: Mimikyu|Mimikyu, L1, F, shiny|100\/100\n|\n|upkeep\n|turn|21\n|c|\u2606ZachFromKalos|i can do this all day\n|c|\u2606Le_Fiishe|ok\n|\n|t:|1701103100\n|switch|p1a: Joy|Audino-Mega, M, shiny|18\/100\n|-status|p1a: Joy|psn\n|move|p2a: Mimikyu|Trick Room|p2a: Mimikyu\n|-fieldstart|move: Trick Room|[of] p2a: Mimikyu\n|\n|-damage|p1a: Joy|6\/100 psn|[from] psn\n|upkeep\n|turn|22\n|\n|t:|1701103114\n|move|p2a: Mimikyu|Pain Split|p1a: Joy\n|-sethp|p1a: Joy|5\/100 psn|[from] move: Pain Split|[silent]\n|-sethp|p2a: Mimikyu|100\/100|[from] move: Pain Split\n|move|p1a: Joy|Heal Bell|p1a: Joy\n|-activate|p1a: Joy|move: Heal Bell\n|-curestatus|p1a: Joy|psn|[msg]\n|\n|upkeep\n|turn|23\n|\n|t:|1701103127\n|move|p2a: Mimikyu|Will-O-Wisp|p1a: Joy\n|-status|p1a: Joy|brn\n|move|p1a: Joy|Heal Bell|p1a: Joy\n|-activate|p1a: Joy|move: Heal Bell\n|-curestatus|p1a: Joy|brn|[msg]\n|\n|upkeep\n|turn|24\n|\n|t:|1701103135\n|switch|p1a: Brickhouse|Emboar, M, shiny|75\/100\n|-status|p1a: Brickhouse|psn\n|move|p2a: Mimikyu|Will-O-Wisp||[still]\n|-fail|p2a: Mimikyu\n|\n|-damage|p1a: Brickhouse|63\/100 psn|[from] psn\n|upkeep\n|turn|25\n|\n|t:|1701103144\n|move|p2a: Mimikyu|Pain Split|p1a: Brickhouse\n|-sethp|p1a: Brickhouse|33\/100 psn|[from] move: Pain Split|[silent]\n|-sethp|p2a: Mimikyu|100\/100|[from] move: Pain Split\n|move|p1a: Brickhouse|Flare Blitz|p2a: Mimikyu\n|-activate|p2a: Mimikyu|ability: Disguise\n|-damage|p2a: Mimikyu|100\/100\n|-status|p2a: Mimikyu|brn\n|detailschange|p2a: Mimikyu|Mimikyu-Busted, L1, F, shiny\n|-damage|p2a: Mimikyu|92\/100 brn|[from] pokemon: Mimikyu-Busted\n|\n|-damage|p1a: Brickhouse|21\/100 psn|[from] psn\n|-damage|p2a: Mimikyu|84\/100 brn|[from] brn\n|-fieldend|move: Trick Room\n|upkeep\n|turn|26\n|\n|t:|1701103158\n|move|p1a: Brickhouse|Flare Blitz|p2a: Mimikyu\n|-crit|p2a: Mimikyu\n|-damage|p2a: Mimikyu|0 fnt\n|faint|p2a: Mimikyu\n|-damage|p1a: Brickhouse|20\/100 psn|[from] Recoil\n|\n|-damage|p1a: Brickhouse|8\/100 psn|[from] psn\n|upkeep\n|\n|t:|1701103165\n|switch|p2a: Smeargle|Smeargle, L1, M, shiny|100\/100\n|turn|27\n|\n|t:|1701103179\n|move|p1a: Brickhouse|Flare Blitz|p2a: Smeargle\n|-enditem|p2a: Smeargle|Focus Sash\n|-damage|p2a: Smeargle|9\/100\n|-damage|p1a: Brickhouse|7\/100 psn|[from] Recoil\n|move|p2a: Smeargle|Trick Room|p2a: Smeargle\n|-fieldstart|move: Trick Room|[of] p2a: Smeargle\n|\n|-damage|p1a: Brickhouse|0 fnt|[from] psn\n|faint|p1a: Brickhouse\n|upkeep\n|\n|t:|1701103188\n|switch|p1a: Leonidas's Army|Falinks, shiny|100\/100\n|-status|p1a: Leonidas's Army|psn\n|turn|28\n|\n|t:|1701103202\n|-terastallize|p1a: Leonidas's Army|Steel\n|move|p2a: Smeargle|Endeavor|p1a: Leonidas's Army\n|-damage|p1a: Leonidas's Army|1\/100 psn\n|move|p1a: Leonidas's Army|Rock Slide|p2a: Smeargle\n|-damage|p2a: Smeargle|0 fnt\n|faint|p2a: Smeargle\n|\n|-damage|p1a: Leonidas's Army|0 fnt|[from] psn\n|faint|p1a: Leonidas's Army\n|upkeep\n|\n|t:|1701103220\n|switch|p2a: Aron|Aron, L1, M, shiny|100\/100\n|switch|p1a: Tony Stonks|Genesect-Douse, shiny|16\/100\n|-ability|p1a: Tony Stonks|Download|boost\n|-boost|p1a: Tony Stonks|spa|1\n|turn|29\n|c|\u2606ZachFromKalos|if you havent noticed im outstalling you\n|c|\u2606Le_Fiishe|i did notice\n|\n|t:|1701103238\n|move|p2a: Aron|Endeavor|p1a: Tony Stonks\n|-damage|p1a: Tony Stonks|5\/100\n|move|p1a: Tony Stonks|Blaze Kick|p2a: Aron\n|-crit|p2a: Aron\n|-ability|p2a: Aron|Sturdy\n|-damage|p2a: Aron|9\/100\n|\n|upkeep\n|turn|30\n|\n|t:|1701103251\n|switch|p1a: Samurai Jack|Kartana, shiny|100\/100\n|move|p2a: Aron|Endeavor|p1a: Samurai Jack\n|-damage|p1a: Samurai Jack|1\/100\n|-heal|p2a: Aron|100\/100|[from] item: Shell Bell|[of] p1a: Samurai Jack\n|\n|upkeep\n|turn|31\n|\n|t:|1701103263\n|switch|p1a: Joy|Audino-Mega, M, shiny|5\/100\n|-status|p1a: Joy|psn\n|move|p2a: Aron|Endeavor|p1a: Joy\n|-damage|p1a: Joy|3\/100 psn\n|\n|-damage|p1a: Joy|0 fnt|[from] psn\n|faint|p1a: Joy\n|-fieldend|move: Trick Room\n|upkeep\n|\n|t:|1701103272\n|switch|p1a: Jade|Ogerpon-Wellspring, F|100\/100\n|-status|p1a: Jade|psn\n|turn|32\n|\n|t:|1701103280\n|move|p1a: Jade|Throat Chop|p2a: Aron\n|-ability|p2a: Aron|Sturdy\n|-damage|p2a: Aron|9\/100\n|-start|p2a: Aron|Throat Chop|[silent]\n|move|p2a: Aron|Endeavor|p1a: Jade\n|-damage|p1a: Jade|1\/100 psn\n|-heal|p2a: Aron|100\/100|[from] item: Shell Bell|[of] p1a: Jade\n|\n|-damage|p1a: Jade|0 fnt|[from] psn\n|faint|p1a: Jade\n|upkeep\n|\n|t:|1701103291\n|switch|p1a: Samurai Jack|Kartana, shiny|1\/100\n|turn|33\n|\n|t:|1701103301\n|move|p1a: Samurai Jack|Psycho Cut|p2a: Aron\n|-resisted|p2a: Aron\n|-crit|p2a: Aron\n|-ability|p2a: Aron|Sturdy\n|-damage|p2a: Aron|9\/100\n|move|p2a: Aron|Endeavor|p1a: Samurai Jack\n|-immune|p1a: Samurai Jack\n|\n|-end|p2a: Aron|Throat Chop|[silent]\n|upkeep\n|turn|34\n|\n|t:|1701103321\n|move|p1a: Samurai Jack|Brick Break|p2a: Aron\n|-supereffective|p2a: Aron\n|-damage|p2a: Aron|0 fnt\n|faint|p2a: Aron\n|-ability|p1a: Samurai Jack|Beast Boost|boost\n|-boost|p1a: Samurai Jack|atk|1\n|\n|upkeep\n|\n|t:|1701103327\n|switch|p2a: Cottonee|Cottonee, L1, F, shiny|100\/100\n|turn|35\n|\n|t:|1701103331\n|move|p2a: Cottonee|Leech Seed|p1a: Samurai Jack\n|-immune|p1a: Samurai Jack\n|move|p1a: Samurai Jack|Smart Strike|p2a: Cottonee\n|-supereffective|p2a: Cottonee\n|-enditem|p2a: Cottonee|Focus Sash\n|-damage|p2a: Cottonee|9\/100\n|\n|upkeep\n|turn|36\n|c|\u2606Le_Fiishe|oh i see\n|c|\u2606Le_Fiishe|i forgot\n|c|\u2606ZachFromKalos|lol ye\n|c|\u2606Le_Fiishe|:skull:\n|c|\u2606ZachFromKalos|kartanas part grass\n|inactive|Le_Fiishe has 120 seconds left.\n|\n|t:|1701103364\n|move|p2a: Cottonee|Protect|p2a: Cottonee\n|-singleturn|p2a: Cottonee|Protect\n|move|p1a: Samurai Jack|Smart Strike|p2a: Cottonee\n|-activate|p2a: Cottonee|move: Protect\n|\n|upkeep\n|turn|37\n|\n|t:|1701103373\n|move|p2a: Cottonee|Substitute|p2a: Cottonee\n|-fail|p2a: Cottonee|move: Substitute|[weak]\n|move|p1a: Samurai Jack|Brick Break|p2a: Cottonee\n|-resisted|p2a: Cottonee\n|-damage|p2a: Cottonee|0 fnt\n|faint|p2a: Cottonee\n|-ability|p1a: Samurai Jack|Beast Boost|boost\n|-boost|p1a: Samurai Jack|atk|1\n|\n|upkeep\n|\n|t:|1701103380\n|switch|p2a: Magnemite|Magnemite, L1, shiny|100\/100\n|turn|38\n|\n|t:|1701103386\n|move|p1a: Samurai Jack|Leaf Blade|p2a: Magnemite\n|-resisted|p2a: Magnemite\n|-ability|p2a: Magnemite|Sturdy\n|-damage|p2a: Magnemite|9\/100\n|-enditem|p2a: Magnemite|Berry Juice\n|-heal|p2a: Magnemite|100\/100|[from] item: Berry Juice\n|move|p2a: Magnemite|Swagger|p1a: Samurai Jack|[miss]\n|-miss|p2a: Magnemite|p1a: Samurai Jack\n|\n|upkeep\n|turn|39\n|c|\u2606Le_Fiishe|...\n|c|\u2606ZachFromKalos|and now i switch until youre out of pp\\\n|\n|t:|1701103405\n|switch|p1a: Tony Stonks|Genesect-Douse, shiny|5\/100\n|-ability|p1a: Tony Stonks|Download|boost\n|-boost|p1a: Tony Stonks|spa|1\n|move|p2a: Magnemite|Recycle|p2a: Magnemite\n|-item|p2a: Magnemite|Berry Juice|[from] move: Recycle\n|\n|upkeep\n|turn|40\n|\n|t:|1701103411\n|switch|p1a: Samurai Jack|Kartana, shiny|1\/100\n|move|p2a: Magnemite|Swagger|p1a: Samurai Jack|[miss]\n|-miss|p2a: Magnemite|p1a: Samurai Jack\n|\n|upkeep\n|turn|41\n|\n|t:|1701103428\n|switch|p1a: Tony Stonks|Genesect-Douse, shiny|5\/100\n|-ability|p1a: Tony Stonks|Download|boost\n|-boost|p1a: Tony Stonks|spa|1\n|move|p2a: Magnemite|Swagger|p1a: Tony Stonks\n|-boost|p1a: Tony Stonks|atk|2\n|-start|p1a: Tony Stonks|confusion\n|\n|upkeep\n|turn|42\n|c|\u2606Le_Fiishe|i see\n|\n|t:|1701103436\n|switch|p1a: Samurai Jack|Kartana, shiny|1\/100\n|move|p2a: Magnemite|Swagger|p1a: Samurai Jack\n|-boost|p1a: Samurai Jack|atk|2\n|-start|p1a: Samurai Jack|confusion\n|\n|upkeep\n|turn|43\n|-message|Le_Fiishe forfeited.\n|\n|win|ZachFromKalos\n|raw|ZachFromKalos's rating: 1098 &rarr; <strong>1119<\/strong><br \/>(+21 for winning)\n|raw|Le_Fiishe's rating: 1038 &rarr; <strong>1025<\/strong><br \/>(-13 for losing)\n|l|\u2606Le_Fiishe\n|c|\u2606ZachFromKalos|ggwp\n","uploadtime":1701103445,"views":35,"p1id":"zachfromkalos","p2id":"lefiishe","formatid":"gen9nationaldexubers","rating":1025,"private":0,"password":""}