{"id":"gen9nationaldexubers-1981548594","p1":"AlolanSandslashOU","p2":"Steven Stone 007","format":"[Gen 9] National Dex Ubers","log":"|j|\u2606AlolanSandslashOU\n|j|\u2606Steven Stone 007\n|t:|1698916470\n|gametype|singles\n|player|p1|AlolanSandslashOU|volkner|\n|player|p2|Steven Stone 007|steven|\n|teamsize|p1|6\n|teamsize|p2|6\n|gen|9\n|tier|[Gen 9] National Dex Ubers\n|rule|HP Percentage Mod: HP is shown in percentages\n|rule|Endless Battle Clause: Forcing endless battles is banned\n|rule|OHKO Clause: OHKO moves are banned\n|rule|Evasion Moves Clause: Evasion moves are banned\n|rule|Evasion Items Clause: Evasion items are banned\n|rule|Species Clause: Limit one of each Pok\u00e9mon\n|rule|Sleep Clause Mod: Limit one foe put to sleep\n|rule|Mega Rayquaza Clause: You cannot mega evolve Rayquaza\n|clearpoke\n|poke|p1|Chi-Yu|\n|poke|p1|Charizard, F|\n|poke|p1|Torkoal, F|\n|poke|p1|Blacephalon|\n|poke|p1|Heatran, F|\n|poke|p1|Skeledirge, M|\n|poke|p2|Mamoswine, M|\n|poke|p2|Dragapult, M|\n|poke|p2|Cresselia, F|\n|poke|p2|Ferrothorn, F|\n|poke|p2|Milotic, M|\n|poke|p2|Lopunny, M|\n|teampreview\n|c|\u2606Steven Stone 007|pure mono\n|\n|t:|1698916488\n|start\n|switch|p1a: Torkoal|Torkoal, F|100\/100\n|switch|p2a: Dragapult|Dragapult, M|100\/100\n|-weather|SunnyDay|[from] ability: Drought|[of] p1a: Torkoal\n|turn|1\n|\n|t:|1698916494\n|move|p2a: Dragapult|Substitute|p2a: Dragapult\n|-start|p2a: Dragapult|Substitute\n|-damage|p2a: Dragapult|76\/100\n|move|p1a: Torkoal|Stealth Rock|p2a: Dragapult\n|-sidestart|p2: Steven Stone 007|move: Stealth Rock\n|\n|-weather|SunnyDay|[upkeep]\n|-heal|p2a: Dragapult|82\/100|[from] item: Leftovers\n|upkeep\n|turn|2\n|\n|t:|1698916498\n|move|p2a: Dragapult|Dragon Dance|p2a: Dragapult\n|-boost|p2a: Dragapult|atk|1\n|-boost|p2a: Dragapult|spe|1\n|move|p1a: Torkoal|Lava Plume|p2a: Dragapult\n|-resisted|p2a: Dragapult\n|-activate|p2a: Dragapult|move: Substitute|[damage]\n|\n|-weather|SunnyDay|[upkeep]\n|-heal|p2a: Dragapult|88\/100|[from] item: Leftovers\n|upkeep\n|turn|3\n|\n|t:|1698916504\n|move|p2a: Dragapult|Dragon Dance|p2a: Dragapult\n|-boost|p2a: Dragapult|atk|1\n|-boost|p2a: Dragapult|spe|1\n|move|p1a: Torkoal|Lava Plume|p2a: Dragapult\n|-resisted|p2a: Dragapult\n|-end|p2a: Dragapult|Substitute\n|\n|-weather|SunnyDay|[upkeep]\n|-heal|p2a: Dragapult|94\/100|[from] item: Leftovers\n|upkeep\n|turn|4\n|\n|t:|1698916509\n|switch|p1a: Skeledirge|Skeledirge, M|100\/100\n|move|p2a: Dragapult|Substitute|p2a: Dragapult\n|-start|p2a: Dragapult|Substitute\n|-damage|p2a: Dragapult|69\/100\n|\n|-weather|SunnyDay|[upkeep]\n|-heal|p2a: Dragapult|75\/100|[from] item: Leftovers\n|upkeep\n|turn|5\n|\n|t:|1698916513\n|-terastallize|p2a: Dragapult|Ghost\n|move|p2a: Dragapult|Tera Blast|p1a: Skeledirge|[anim] Tera Blast Ghost\n|-supereffective|p1a: Skeledirge\n|-damage|p1a: Skeledirge|28\/100\n|move|p1a: Skeledirge|Torch Song|p2a: Dragapult\n|-damage|p2a: Dragapult|11\/100\n|-boost|p1a: Skeledirge|spa|1\n|\n|-weather|SunnyDay|[upkeep]\n|-heal|p2a: Dragapult|17\/100|[from] item: Leftovers\n|upkeep\n|turn|6\n|\n|t:|1698916539\n|move|p2a: Dragapult|Tera Blast|p1a: Skeledirge|[anim] Tera Blast Ghost\n|-supereffective|p1a: Skeledirge\n|-damage|p1a: Skeledirge|0 fnt\n|faint|p1a: Skeledirge\n|\n|-weather|SunnyDay|[upkeep]\n|-heal|p2a: Dragapult|23\/100|[from] item: Leftovers\n|upkeep\n|\n|t:|1698916550\n|switch|p1a: Heatran|Heatran, F|100\/100\n|turn|7\n|\n|t:|1698916554\n|move|p2a: Dragapult|Tera Blast|p1a: Heatran|[anim] Tera Blast Ghost\n|-damage|p1a: Heatran|5\/100\n|move|p1a: Heatran|Magma Storm|p2a: Dragapult|[miss]\n|-miss|p1a: Heatran|p2a: Dragapult\n|\n|-weather|SunnyDay|[upkeep]\n|-heal|p2a: Dragapult|29\/100|[from] item: Leftovers\n|-heal|p1a: Heatran|11\/100|[from] item: Leftovers\n|upkeep\n|turn|8\n|\n|t:|1698916559\n|move|p2a: Dragapult|Tera Blast|p1a: Heatran|[anim] Tera Blast Ghost\n|-damage|p1a: Heatran|0 fnt\n|faint|p1a: Heatran\n|\n|-weather|none\n|-heal|p2a: Dragapult|35\/100|[from] item: Leftovers\n|upkeep\n|c|\u2606Steven Stone 007|lol\n|\n|t:|1698916561\n|switch|p1a: Torkoal|Torkoal, F|100\/100\n|-weather|SunnyDay|[from] ability: Drought|[of] p1a: Torkoal\n|turn|9\n|\n|t:|1698916565\n|move|p2a: Dragapult|Dragon Dance|p2a: Dragapult\n|-boost|p2a: Dragapult|atk|1\n|-boost|p2a: Dragapult|spe|1\n|move|p1a: Torkoal|Lava Plume|p2a: Dragapult\n|-end|p2a: Dragapult|Substitute\n|\n|-weather|SunnyDay|[upkeep]\n|-heal|p2a: Dragapult|41\/100|[from] item: Leftovers\n|upkeep\n|turn|10\n|\n|t:|1698916570\n|move|p2a: Dragapult|Substitute|p2a: Dragapult\n|-start|p2a: Dragapult|Substitute\n|-damage|p2a: Dragapult|16\/100\n|move|p1a: Torkoal|Lava Plume|p2a: Dragapult\n|-end|p2a: Dragapult|Substitute\n|\n|-weather|SunnyDay|[upkeep]\n|-heal|p2a: Dragapult|22\/100|[from] item: Leftovers\n|upkeep\n|turn|11\n|\n|t:|1698916577\n|move|p2a: Dragapult|Tera Blast|p1a: Torkoal|[anim] Tera Blast Ghost\n|-damage|p1a: Torkoal|0 fnt\n|faint|p1a: Torkoal\n|\n|-weather|SunnyDay|[upkeep]\n|-heal|p2a: Dragapult|28\/100|[from] item: Leftovers\n|upkeep\n|\n|t:|1698916590\n|switch|p1a: Chi-Yu|Chi-Yu|100\/100\n|-ability|p1a: Chi-Yu|Beads of Ruin\n|turn|12\n|\n|t:|1698916593\n|move|p2a: Dragapult|Dragon Darts|p1a: Chi-Yu\n|-damage|p1a: Chi-Yu|0 fnt\n|faint|p1a: Chi-Yu\n|\n|-weather|SunnyDay|[upkeep]\n|-heal|p2a: Dragapult|34\/100|[from] item: Leftovers\n|upkeep\n|\n|t:|1698916596\n|switch|p1a: Charizard|Charizard, F|100\/100\n|turn|13\n|\n|t:|1698916599\n|detailschange|p1a: Charizard|Charizard-Mega-Y, F\n|-mega|p1a: Charizard|Charizard|Charizardite Y\n|move|p2a: Dragapult|Tera Blast|p1a: Charizard|[anim] Tera Blast Ghost\n|-damage|p1a: Charizard|0 fnt\n|faint|p1a: Charizard\n|\n|-weather|SunnyDay|[upkeep]\n|-heal|p2a: Dragapult|40\/100|[from] item: Leftovers\n|upkeep\n|\n|t:|1698916601\n|switch|p1a: Blacephalon|Blacephalon|100\/100\n|turn|14\n|c|\u2606Steven Stone 007|GG\n|c|\u2606Steven Stone 007|predictable\n|c|\u2606AlolanSandslashOU|Man my team does not stack up well against ddance pult\n|\n|t:|1698916616\n|move|p2a: Dragapult|Dragon Darts|p1a: Blacephalon\n|-damage|p1a: Blacephalon|0 fnt\n|faint|p1a: Blacephalon\n|\n|win|Steven Stone 007\n|c|\u2606Steven Stone 007|you were predictable bro\n|c|\u2606Steven Stone 007|you first mon i easily predict and win\n|c|\u2606Steven Stone 007|that is why you loose\n|c|\u2606Steven Stone 007|you let me set up\n|l|\u2606Steven Stone 007\n|c|\u2606AlolanSandslashOU|Yeah I said to myself the only bad leads against torkoal was pult or maybe milotic\n|l|\u2606AlolanSandslashOU\n|j|\u2606AlolanSandslashOU\n|player|p1|AlolanSandslashOU|volkner\n","uploadtime":1698916665,"views":7,"p1id":"alolansandslashou","p2id":"stevenstone007","formatid":"gen9nationaldexubers","rating":0,"private":0,"password":""}