{"id":"gen9nationaldexubers-1981629289","p1":"Chaitanya15","p2":"Lunarquay","format":"[Gen 9] National Dex Ubers","log":"|j|\u2606Chaitanya15\n|j|\u2606Lunarquay\n|t:|1698927957\n|gametype|singles\n|player|p1|Chaitanya15|169|1401\n|player|p2|Lunarquay|cynthia-gen4|1318\n|teamsize|p1|6\n|teamsize|p2|6\n|gen|9\n|tier|[Gen 9] National Dex Ubers\n|rated|\n|rule|HP Percentage Mod: HP is shown in percentages\n|rule|Endless Battle Clause: Forcing endless battles is banned\n|rule|OHKO Clause: OHKO moves are banned\n|rule|Evasion Moves Clause: Evasion moves are banned\n|rule|Evasion Items Clause: Evasion items are banned\n|rule|Species Clause: Limit one of each Pok\u00e9mon\n|rule|Sleep Clause Mod: Limit one foe put to sleep\n|rule|Mega Rayquaza Clause: You cannot mega evolve Rayquaza\n|clearpoke\n|poke|p1|Kingambit, F|\n|poke|p1|Basculegion, M|\n|poke|p1|Pikachu, F|\n|poke|p1|Kyogre|\n|poke|p1|Flutter Mane|\n|poke|p1|Deoxys-Speed|\n|poke|p2|Deoxys-Attack|\n|poke|p2|Groudon|\n|poke|p2|Kyogre|\n|poke|p2|Necrozma-Dusk-Mane|\n|poke|p2|Xerneas-*|\n|poke|p2|Blaziken, F|\n|teampreview\n|inactive|Battle timer is ON: inactive players will automatically lose when time's up. (requested by Lunarquay)\n|\n|t:|1698927968\n|start\n|switch|p1a: Deoxys|Deoxys-Speed|100\/100\n|switch|p2a: damage machine|Deoxys-Attack|100\/100\n|-ability|p1a: Deoxys|Pressure\n|-ability|p2a: damage machine|Pressure\n|turn|1\n|\n|t:|1698927977\n|move|p1a: Deoxys|Stealth Rock|p2a: damage machine\n|-sidestart|p2: Lunarquay|move: Stealth Rock\n|move|p2a: damage machine|Psycho Boost|p1a: Deoxys\n|-resisted|p1a: Deoxys\n|-damage|p1a: Deoxys|38\/100\n|-unboost|p2a: damage machine|spa|2\n|\n|upkeep\n|turn|2\n|\n|t:|1698927985\n|move|p1a: Deoxys|Spikes|p2a: damage machine\n|-sidestart|p2: Lunarquay|Spikes\n|move|p2a: damage machine|Zen Headbutt|p1a: Deoxys\n|-resisted|p1a: Deoxys\n|-damage|p1a: Deoxys|0 fnt\n|faint|p1a: Deoxys\n|\n|upkeep\n|\n|t:|1698927993\n|switch|p1a: Flutter Mane|Flutter Mane|100\/100\n|-enditem|p1a: Flutter Mane|Booster Energy\n|-activate|p1a: Flutter Mane|ability: Protosynthesis|[fromitem]\n|-start|p1a: Flutter Mane|protosynthesisspe\n|turn|3\n|\n|t:|1698928015\n|-terastallize|p1a: Flutter Mane|Ghost\n|move|p1a: Flutter Mane|Shadow Ball|p2a: damage machine\n|-supereffective|p2a: damage machine\n|-enditem|p2a: damage machine|Focus Sash\n|-damage|p2a: damage machine|1\/100\n|move|p2a: damage machine|Zen Headbutt|p1a: Flutter Mane\n|-damage|p1a: Flutter Mane|0 fnt\n|faint|p1a: Flutter Mane\n|-end|p1a: Flutter Mane|Protosynthesis|[silent]\n|\n|upkeep\n|\n|t:|1698928026\n|switch|p1a: Pikachu|Pikachu, F|100\/100\n|turn|4\n|\n|t:|1698928041\n|move|p1a: Pikachu|Fake Out|p2a: damage machine\n|-damage|p2a: damage machine|0 fnt\n|faint|p2a: damage machine\n|\n|upkeep\n|\n|t:|1698928054\n|switch|p2a: batman|Groudon, shiny|100\/100\n|-damage|p2a: batman|94\/100|[from] Stealth Rock\n|-damage|p2a: batman|82\/100|[from] Spikes\n|detailschange|p2a: batman|Groudon-Primal, shiny\n|-primal|p2a: batman|Red Orb\n|-weather|DesolateLand|[from] ability: Desolate Land|[of] p2a: batman\n|turn|5\n|\n|t:|1698928066\n|move|p1a: Pikachu|Extreme Speed|p2a: batman\n|-damage|p2a: batman|65\/100\n|move|p2a: batman|Swords Dance|p2a: batman\n|-boost|p2a: batman|atk|2\n|\n|-weather|DesolateLand|[upkeep]\n|upkeep\n|turn|6\n|\n|t:|1698928074\n|move|p1a: Pikachu|Extreme Speed|p2a: batman\n|-crit|p2a: batman\n|-damage|p2a: batman|35\/100\n|move|p2a: batman|Earthquake|p1a: Pikachu\n|-supereffective|p1a: Pikachu\n|-damage|p1a: Pikachu|0 fnt\n|faint|p1a: Pikachu\n|\n|-weather|DesolateLand|[upkeep]\n|upkeep\n|\n|t:|1698928083\n|switch|p1a: Kingambit|Kingambit, F|100\/100\n|-activate|p1a: Kingambit|ability: Supreme Overlord\n|-start|p1a: Kingambit|fallen3|[silent]\n|turn|7\n|\n|t:|1698928087\n|move|p2a: batman|Earthquake|p1a: Kingambit\n|-supereffective|p1a: Kingambit\n|-damage|p1a: Kingambit|0 fnt\n|faint|p1a: Kingambit\n|-end|p1a: Kingambit|fallen3|[silent]\n|\n|-weather|DesolateLand|[upkeep]\n|upkeep\n|\n|t:|1698928094\n|switch|p1a: Kyogre|Kyogre|100\/100\n|-ability|p1a: Kyogre|Drizzle|[from] desolateland|[fail]\n|turn|8\n|\n|t:|1698928101\n|move|p1a: Kyogre|Ancient Power|p2a: batman\n|-damage|p2a: batman|8\/100\n|move|p2a: batman|Earthquake|p1a: Kyogre\n|-damage|p1a: Kyogre|0 fnt\n|faint|p1a: Kyogre\n|\n|-weather|DesolateLand|[upkeep]\n|upkeep\n|\n|t:|1698928109\n|switch|p1a: Basculegion|Basculegion, M|100\/100\n|turn|9\n|\n|t:|1698928114\n|move|p1a: Basculegion|Last Respects|p2a: batman\n|-damage|p2a: batman|0 fnt\n|faint|p2a: batman\n|-weather|none\n|\n|upkeep\n|inactive|Lunarquay has 120 seconds left.\n|\n|t:|1698928153\n|switch|p2a: black panther|Kyogre, shiny|100\/100\n|-damage|p2a: black panther|88\/100|[from] Stealth Rock\n|-damage|p2a: black panther|76\/100|[from] Spikes\n|detailschange|p2a: black panther|Kyogre-Primal, shiny\n|-primal|p2a: black panther|Blue Orb\n|-weather|PrimordialSea|[from] ability: Primordial Sea|[of] p2a: black panther\n|turn|10\n|inactive|Lunarquay has 120 seconds left.\n|\n|t:|1698928161\n|move|p1a: Basculegion|Last Respects|p2a: black panther\n|-damage|p2a: black panther|0 fnt\n|faint|p2a: black panther\n|-weather|none\n|\n|upkeep\n|inactive|Lunarquay has 120 seconds left.\n|\n|t:|1698928185\n|switch|p2a: wait for it..|Necrozma-Dusk-Mane, shiny|100\/100\n|-damage|p2a: wait for it..|94\/100|[from] Stealth Rock\n|-damage|p2a: wait for it..|82\/100|[from] Spikes\n|turn|11\n|\n|t:|1698928198\n|move|p1a: Basculegion|Last Respects|p2a: wait for it..\n|-supereffective|p2a: wait for it..\n|-damage|p2a: wait for it..|0 fnt\n|faint|p2a: wait for it..\n|\n|upkeep\n|\n|t:|1698928204\n|switch|p2a: sun wielder|Blaziken, F, shiny|100\/100\n|-damage|p2a: sun wielder|88\/100|[from] Stealth Rock\n|-damage|p2a: sun wielder|76\/100|[from] Spikes\n|turn|12\n|\n|t:|1698928210\n|detailschange|p2a: sun wielder|Blaziken-Mega, F, shiny\n|-mega|p2a: sun wielder|Blaziken|Blazikenite\n|move|p2a: sun wielder|Protect|p2a: sun wielder\n|-singleturn|p2a: sun wielder|Protect\n|move|p1a: Basculegion|Last Respects|p2a: sun wielder\n|-activate|p2a: sun wielder|move: Protect\n|\n|-ability|p2a: sun wielder|Speed Boost|boost\n|-boost|p2a: sun wielder|spe|1\n|upkeep\n|turn|13\n|\n|t:|1698928221\n|move|p2a: sun wielder|Close Combat|p1a: Basculegion\n|-immune|p1a: Basculegion\n|move|p1a: Basculegion|Last Respects|p2a: sun wielder\n|-crit|p2a: sun wielder\n|-damage|p2a: sun wielder|0 fnt\n|faint|p2a: sun wielder\n|\n|upkeep\n|c|\u2606Lunarquay|:(\n|\n|t:|1698928228\n|switch|p2a: Xmas tree <3|Xerneas|100\/100\n|-damage|p2a: Xmas tree <3|88\/100|[from] Stealth Rock\n|-damage|p2a: Xmas tree <3|75\/100|[from] Spikes\n|-ability|p2a: Xmas tree <3|Fairy Aura\n|turn|14\n|inactive|Lunarquay has 120 seconds left.\n|c|\u2606Chaitanya15|Why did you use close combat?\n|\n|t:|1698928243\n|move|p1a: Basculegion|Last Respects|p2a: Xmas tree <3\n|-damage|p2a: Xmas tree <3|0 fnt\n|faint|p2a: Xmas tree <3\n|\n|win|Chaitanya15\n|raw|Chaitanya15's rating: 1401 &rarr; <strong>1416<\/strong><br \/>(+15 for winning)\n|raw|Lunarquay's rating: 1318 &rarr; <strong>1303<\/strong><br \/>(-15 for losing)\n|l|\u2606Lunarquay\n","uploadtime":1698928259,"views":14,"p1id":"chaitanya15","p2id":"lunarquay","formatid":"gen9nationaldexubers","rating":1303,"private":0,"password":""}