{"id":"gen9nationaldexubers-1981077971","p1":"Chaitanya15","p2":"MrBest2023","format":"[Gen 9] National Dex Ubers","log":"|j|\u2606Chaitanya15\n|j|\u2606MrBest2023\n|t:|1698861787\n|gametype|singles\n|player|p1|Chaitanya15|101|1378\n|player|p2|MrBest2023|unknown|1270\n|teamsize|p1|6\n|teamsize|p2|6\n|gen|9\n|tier|[Gen 9] National Dex Ubers\n|rated|\n|rule|HP Percentage Mod: HP is shown in percentages\n|rule|Endless Battle Clause: Forcing endless battles is banned\n|rule|OHKO Clause: OHKO moves are banned\n|rule|Evasion Moves Clause: Evasion moves are banned\n|rule|Evasion Items Clause: Evasion items are banned\n|rule|Species Clause: Limit one of each Pok\u00e9mon\n|rule|Sleep Clause Mod: Limit one foe put to sleep\n|rule|Mega Rayquaza Clause: You cannot mega evolve Rayquaza\n|clearpoke\n|poke|p1|Kingambit, F|\n|poke|p1|Basculegion, M|\n|poke|p1|Pikachu, F|\n|poke|p1|Kyogre|\n|poke|p1|Flutter Mane|\n|poke|p1|Deoxys-Speed|\n|poke|p2|Spiritomb, M|\n|poke|p2|Gengar, M|\n|poke|p2|Marshadow|\n|poke|p2|Rotom|\n|poke|p2|Lunala|\n|poke|p2|Giratina|\n|teampreview\n|\n|t:|1698861792\n|start\n|switch|p1a: Deoxys|Deoxys-Speed|100\/100\n|switch|p2a: Spiritomb|Spiritomb, M|100\/100\n|-ability|p1a: Deoxys|Pressure\n|turn|1\n|inactive|Battle timer is ON: inactive players will automatically lose when time's up. (requested by Chaitanya15)\n|\n|t:|1698861800\n|move|p1a: Deoxys|Stealth Rock|p2a: Spiritomb\n|-sidestart|p2: MrBest2023|move: Stealth Rock\n|move|p2a: Spiritomb|Hypnosis|p1a: Deoxys\n|-status|p1a: Deoxys|slp|[from] move: Hypnosis\n|\n|upkeep\n|turn|2\n|\n|t:|1698861808\n|cant|p1a: Deoxys|slp\n|move|p2a: Spiritomb|Hex|p1a: Deoxys\n|-supereffective|p1a: Deoxys\n|-enditem|p1a: Deoxys|Focus Sash\n|-damage|p1a: Deoxys|1\/100 slp\n|\n|upkeep\n|turn|3\n|\n|t:|1698861816\n|cant|p1a: Deoxys|slp\n|move|p2a: Spiritomb|Hex|p1a: Deoxys\n|-supereffective|p1a: Deoxys\n|-damage|p1a: Deoxys|0 fnt\n|faint|p1a: Deoxys\n|\n|upkeep\n|\n|t:|1698861824\n|switch|p1a: Flutter Mane|Flutter Mane|100\/100\n|-enditem|p1a: Flutter Mane|Booster Energy\n|-activate|p1a: Flutter Mane|ability: Protosynthesis|[fromitem]\n|-start|p1a: Flutter Mane|protosynthesisspe\n|turn|4\n|\n|t:|1698861830\n|move|p1a: Flutter Mane|Moonblast|p2a: Spiritomb\n|-supereffective|p2a: Spiritomb\n|-crit|p2a: Spiritomb\n|-damage|p2a: Spiritomb|0 fnt\n|faint|p2a: Spiritomb\n|\n|upkeep\n|\n|t:|1698861843\n|switch|p2a: Rotom|Rotom|100\/100\n|-damage|p2a: Rotom|88\/100|[from] Stealth Rock\n|turn|5\n|\n|t:|1698861852\n|move|p1a: Flutter Mane|Shadow Ball|p2a: Rotom\n|-supereffective|p2a: Rotom\n|-damage|p2a: Rotom|0 fnt\n|faint|p2a: Rotom\n|\n|upkeep\n|\n|t:|1698861861\n|switch|p2a: Marshadow|Marshadow|100\/100\n|-damage|p2a: Marshadow|94\/100|[from] Stealth Rock\n|turn|6\n|\n|t:|1698861866\n|move|p2a: Marshadow|Shadow Sneak|p1a: Flutter Mane\n|-supereffective|p1a: Flutter Mane\n|-damage|p1a: Flutter Mane|0 fnt\n|faint|p1a: Flutter Mane\n|-end|p1a: Flutter Mane|Protosynthesis|[silent]\n|\n|upkeep\n|\n|t:|1698861878\n|switch|p1a: Kyogre|Kyogre|100\/100\n|-weather|RainDance|[from] ability: Drizzle|[of] p1a: Kyogre\n|turn|7\n|\n|t:|1698861888\n|move|p1a: Kyogre|Water Spout|p2a: Marshadow\n|-damage|p2a: Marshadow|0 fnt\n|faint|p2a: Marshadow\n|\n|-weather|RainDance|[upkeep]\n|upkeep\n|\n|t:|1698861895\n|switch|p2a: Gengar|Gengar, M|100\/100\n|turn|8\n|\n|t:|1698861900\n|move|p1a: Kyogre|Water Spout|p2a: Gengar\n|-damage|p2a: Gengar|0 fnt\n|faint|p2a: Gengar\n|\n|-weather|RainDance|[upkeep]\n|upkeep\n|\n|t:|1698861907\n|switch|p2a: Giratina|Giratina|100\/100\n|-damage|p2a: Giratina|88\/100|[from] Stealth Rock\n|-ability|p2a: Giratina|Pressure\n|turn|9\n|\n|t:|1698861915\n|move|p1a: Kyogre|Water Spout|p2a: Giratina\n|-resisted|p2a: Giratina\n|-damage|p2a: Giratina|59\/100\n|move|p2a: Giratina|Thunder Wave|p1a: Kyogre\n|-status|p1a: Kyogre|par\n|\n|-weather|RainDance|[upkeep]\n|-heal|p2a: Giratina|65\/100|[from] item: Leftovers\n|upkeep\n|turn|10\n|\n|t:|1698861925\n|cant|p1a: Kyogre|par\n|move|p2a: Giratina|Confuse Ray|p1a: Kyogre\n|-start|p1a: Kyogre|confusion\n|\n|-weather|RainDance|[upkeep]\n|-heal|p2a: Giratina|72\/100|[from] item: Leftovers\n|upkeep\n|turn|11\n|\n|t:|1698861935\n|switch|p1a: Pikachu|Pikachu, F|100\/100\n|move|p2a: Giratina|Mud-Slap|p1a: Pikachu\n|-supereffective|p1a: Pikachu\n|-crit|p1a: Pikachu\n|-damage|p1a: Pikachu|63\/100\n|-unboost|p1a: Pikachu|accuracy|1\n|\n|-weather|none\n|-heal|p2a: Giratina|78\/100|[from] item: Leftovers\n|upkeep\n|turn|12\n|\n|t:|1698861945\n|switch|p1a: Kyogre|Kyogre|100\/100 par\n|-weather|RainDance|[from] ability: Drizzle|[of] p1a: Kyogre\n|move|p2a: Giratina|Mud-Slap|p1a: Kyogre\n|-damage|p1a: Kyogre|97\/100 par\n|-unboost|p1a: Kyogre|accuracy|1\n|\n|-weather|RainDance|[upkeep]\n|-heal|p2a: Giratina|84\/100|[from] item: Leftovers\n|upkeep\n|turn|13\n|\n|t:|1698861958\n|switch|p1a: Kingambit|Kingambit, F|100\/100\n|-activate|p1a: Kingambit|ability: Supreme Overlord\n|-start|p1a: Kingambit|fallen2|[silent]\n|move|p2a: Giratina|Confuse Ray|p1a: Kingambit\n|-start|p1a: Kingambit|confusion\n|\n|-weather|RainDance|[upkeep]\n|-heal|p2a: Giratina|90\/100|[from] item: Leftovers\n|upkeep\n|turn|14\n|\n|t:|1698861969\n|move|p2a: Giratina|Will-O-Wisp|p1a: Kingambit\n|-status|p1a: Kingambit|brn\n|-activate|p1a: Kingambit|confusion\n|move|p1a: Kingambit|Kowtow Cleave|p2a: Giratina\n|-supereffective|p2a: Giratina\n|-damage|p2a: Giratina|41\/100\n|-damage|p1a: Kingambit|91\/100 brn|[from] item: Life Orb\n|\n|-weather|RainDance|[upkeep]\n|-heal|p2a: Giratina|47\/100|[from] item: Leftovers\n|-damage|p1a: Kingambit|84\/100 brn|[from] brn\n|upkeep\n|turn|15\n|\n|t:|1698861982\n|move|p2a: Giratina|Mud-Slap|p1a: Kingambit\n|-supereffective|p1a: Kingambit\n|-damage|p1a: Kingambit|75\/100 brn\n|-unboost|p1a: Kingambit|accuracy|1\n|-end|p1a: Kingambit|confusion\n|move|p1a: Kingambit|Kowtow Cleave|p2a: Giratina\n|-supereffective|p2a: Giratina\n|-damage|p2a: Giratina|1\/100\n|-damage|p1a: Kingambit|65\/100 brn|[from] item: Life Orb\n|\n|-weather|RainDance|[upkeep]\n|-heal|p2a: Giratina|7\/100|[from] item: Leftovers\n|-damage|p1a: Kingambit|59\/100 brn|[from] brn\n|upkeep\n|turn|16\n|\n|t:|1698862003\n|move|p2a: Giratina|Confuse Ray|p1a: Kingambit\n|-start|p1a: Kingambit|confusion\n|-activate|p1a: Kingambit|confusion\n|move|p1a: Kingambit|Kowtow Cleave|p2a: Giratina\n|-supereffective|p2a: Giratina\n|-damage|p2a: Giratina|0 fnt\n|faint|p2a: Giratina\n|-damage|p1a: Kingambit|49\/100 brn|[from] item: Life Orb\n|\n|-weather|none\n|-damage|p1a: Kingambit|43\/100 brn|[from] brn\n|upkeep\n|inactive|MrBest2023 has 120 seconds left.\n|\n|t:|1698862019\n|switch|p2a: Lunala|Lunala|100\/100\n|-damage|p2a: Lunala|88\/100|[from] Stealth Rock\n|turn|17\n|inactive|MrBest2023 has 120 seconds left.\n|\n|t:|1698862031\n|-activate|p1a: Kingambit|confusion\n|-damage|p1a: Kingambit|30\/100 brn|[from] confusion\n|move|p2a: Lunala|Moongeist Beam|p1a: Kingambit\n|-resisted|p1a: Kingambit\n|-damage|p1a: Kingambit|7\/100 brn\n|\n|-heal|p2a: Lunala|94\/100|[from] item: Leftovers\n|-damage|p1a: Kingambit|0 fnt|[from] brn\n|faint|p1a: Kingambit\n|-end|p1a: Kingambit|fallen2|[silent]\n|upkeep\n|\n|t:|1698862043\n|switch|p1a: Kyogre|Kyogre|97\/100 par\n|-weather|RainDance|[from] ability: Drizzle|[of] p1a: Kyogre\n|turn|18\n|\n|t:|1698862055\n|move|p2a: Lunala|Roost|p2a: Lunala\n|-heal|p2a: Lunala|100\/100\n|-singleturn|p2a: Lunala|move: Roost\n|move|p1a: Kyogre|Thunder|p2a: Lunala\n|-damage|p2a: Lunala|86\/100\n|\n|-weather|RainDance|[upkeep]\n|-heal|p2a: Lunala|92\/100|[from] item: Leftovers\n|upkeep\n|turn|19\n|\n|t:|1698862070\n|switch|p1a: Basculegion|Basculegion, M|100\/100\n|move|p2a: Lunala|Calm Mind|p2a: Lunala\n|-boost|p2a: Lunala|spa|1\n|-boost|p2a: Lunala|spd|1\n|\n|-weather|RainDance|[upkeep]\n|-heal|p2a: Lunala|98\/100|[from] item: Leftovers\n|upkeep\n|turn|20\n|\n|t:|1698862081\n|-terastallize|p2a: Lunala|Fairy\n|move|p1a: Basculegion|Last Respects|p2a: Lunala\n|-damage|p2a: Lunala|12\/100\n|move|p2a: Lunala|Moongeist Beam|p1a: Basculegion\n|-supereffective|p1a: Basculegion\n|-damage|p1a: Basculegion|0 fnt\n|faint|p1a: Basculegion\n|\n|-weather|RainDance|[upkeep]\n|-heal|p2a: Lunala|18\/100|[from] item: Leftovers\n|upkeep\n|\n|t:|1698862094\n|switch|p1a: Pikachu|Pikachu, F|63\/100\n|turn|21\n|\n|t:|1698862097\n|move|p1a: Pikachu|Fake Out|p2a: Lunala\n|-damage|p2a: Lunala|9\/100\n|cant|p2a: Lunala|flinch\n|\n|-weather|RainDance|[upkeep]\n|-heal|p2a: Lunala|15\/100|[from] item: Leftovers\n|upkeep\n|turn|22\n|\n|t:|1698862105\n|move|p1a: Pikachu|Extreme Speed|p2a: Lunala\n|-damage|p2a: Lunala|0 fnt\n|faint|p2a: Lunala\n|\n|win|Chaitanya15\n|raw|Chaitanya15's rating: 1378 &rarr; <strong>1392<\/strong><br \/>(+14 for winning)\n|raw|MrBest2023's rating: 1270 &rarr; <strong>1253<\/strong><br \/>(-17 for losing)\n|l|\u2606MrBest2023\n|c|\u2606Chaitanya15|Gg\n","uploadtime":1698862115,"views":8,"p1id":"chaitanya15","p2id":"mrbest2023","formatid":"gen9nationaldexubers","rating":1253,"private":0,"password":""}