{"id":"gen9nationaldexubers-1996867660","p1":"cegomo8","p2":"ultra nuke","format":"[Gen 9] National Dex Ubers","log":"|j|\u2606cegomo8\n|j|\u2606ultra nuke\n|t:|1700737760\n|gametype|singles\n|player|p1|cegomo8|266|1350\n|player|p2|ultra nuke|wattson|1340\n|teamsize|p1|6\n|teamsize|p2|6\n|gen|9\n|tier|[Gen 9] National Dex Ubers\n|rated|\n|rule|HP Percentage Mod: HP is shown in percentages\n|rule|Endless Battle Clause: Forcing endless battles is banned\n|rule|OHKO Clause: OHKO moves are banned\n|rule|Evasion Moves Clause: Evasion moves are banned\n|rule|Evasion Items Clause: Evasion items are banned\n|rule|Species Clause: Limit one of each Pok\u00e9mon\n|rule|Sleep Clause Mod: Limit one foe put to sleep\n|rule|Mega Rayquaza Clause: You cannot mega evolve Rayquaza\n|clearpoke\n|poke|p1|Wo-Chien|\n|poke|p1|Kingambit, M|\n|poke|p1|Roaring Moon|\n|poke|p1|Iron Jugulis|\n|poke|p1|Houndoom, M|\n|poke|p1|Grimmsnarl, M|\n|poke|p2|Yveltal|\n|poke|p2|Xerneas-*|\n|poke|p2|Marshadow|\n|poke|p2|Necrozma-Dusk-Mane|\n|poke|p2|Groudon|\n|poke|p2|Zygarde|\n|teampreview\n|\n|t:|1700737827\n|start\n|switch|p1a: Grimmsnarl|Grimmsnarl, M|100\/100\n|switch|p2a: Groudon|Groudon, shiny|100\/100\n|detailschange|p2a: Groudon|Groudon-Primal, shiny\n|-primal|p2a: Groudon|Red Orb\n|-weather|DesolateLand|[from] ability: Desolate Land|[of] p2a: Groudon\n|turn|1\n|\n|t:|1700737847\n|move|p1a: Grimmsnarl|Taunt|p2a: Groudon\n|-start|p2a: Groudon|move: Taunt\n|move|p2a: Groudon|Heat Crash|p1a: Grimmsnarl\n|-damage|p1a: Grimmsnarl|0 fnt\n|faint|p1a: Grimmsnarl\n|\n|-weather|DesolateLand|[upkeep]\n|upkeep\n|\n|t:|1700737869\n|switch|p1a: Roaring Moon|Roaring Moon|100\/100\n|-enditem|p1a: Roaring Moon|Booster Energy\n|-activate|p1a: Roaring Moon|ability: Protosynthesis|[fromitem]\n|-start|p1a: Roaring Moon|protosynthesisatk\n|turn|2\n|\n|t:|1700737892\n|-weather|none\n|switch|p2a: Xerneas|Xerneas|100\/100\n|-ability|p2a: Xerneas|Fairy Aura\n|move|p1a: Roaring Moon|Acrobatics|p2a: Xerneas\n|-damage|p2a: Xerneas|59\/100\n|\n|upkeep\n|turn|3\n|\n|t:|1700737903\n|move|p1a: Roaring Moon|Thunder Fang|p2a: Xerneas\n|-damage|p2a: Xerneas|33\/100\n|move|p2a: Xerneas|Moonblast|p1a: Roaring Moon\n|-supereffective|p1a: Roaring Moon\n|-damage|p1a: Roaring Moon|0 fnt\n|faint|p1a: Roaring Moon\n|-end|p1a: Roaring Moon|Protosynthesis|[silent]\n|\n|upkeep\n|\n|t:|1700737908\n|switch|p1a: Iron Jugulis|Iron Jugulis|100\/100\n|-enditem|p1a: Iron Jugulis|Booster Energy\n|-activate|p1a: Iron Jugulis|ability: Quark Drive|[fromitem]\n|-start|p1a: Iron Jugulis|quarkdrivespe\n|turn|4\n|\n|t:|1700737917\n|move|p1a: Iron Jugulis|Earth Power|p2a: Xerneas\n|-damage|p2a: Xerneas|10\/100\n|move|p2a: Xerneas|Moonblast|p1a: Iron Jugulis\n|-supereffective|p1a: Iron Jugulis\n|-damage|p1a: Iron Jugulis|0 fnt\n|faint|p1a: Iron Jugulis\n|-end|p1a: Iron Jugulis|Quark Drive|[silent]\n|\n|upkeep\n|\n|t:|1700737922\n|switch|p1a: Houndoom|Houndoom, M|100\/100\n|-ability|p1a: Houndoom|Unnerve\n|turn|5\n|inactive|Battle timer is ON: inactive players will automatically lose when time's up. (requested by cegomo8)\n|inactive|ultra nuke has 120 seconds left.\n|inactive|ultra nuke has 90 seconds left.\n|inactive|ultra nuke has 60 seconds left.\n|inactive|ultra nuke has 30 seconds left.\n|inactive|ultra nuke has 20 seconds left.\n|inactive|ultra nuke has 15 seconds left.\n|inactive|ultra nuke has 10 seconds left.\n|inactive|ultra nuke has 5 seconds left.\n|\n|t:|1700738149\n|detailschange|p1a: Houndoom|Houndoom-Mega, M\n|-mega|p1a: Houndoom|Houndoom|Houndoominite\n|move|p1a: Houndoom|Sludge Bomb|p2a: Xerneas\n|-supereffective|p2a: Xerneas\n|-damage|p2a: Xerneas|0 fnt\n|faint|p2a: Xerneas\n|\n|upkeep\n|\n|t:|1700738157\n|switch|p2a: Groudon|Groudon-Primal, shiny|100\/100\n|-weather|DesolateLand|[from] ability: Desolate Land|[of] p2a: Groudon\n|turn|6\n|\n|t:|1700738161\n|move|p1a: Houndoom|Solar Beam||[still]\n|-prepare|p1a: Houndoom|Solar Beam\n|-anim|p1a: Houndoom|Solar Beam|p2a: Groudon\n|-crit|p2a: Groudon\n|-damage|p2a: Groudon|0 fnt\n|faint|p2a: Groudon\n|-weather|none\n|\n|upkeep\n|\n|t:|1700738169\n|switch|p2a: Zygarde|Zygarde, shiny|100\/100\n|turn|7\n|\n|t:|1700738174\n|move|p1a: Houndoom|Dark Pulse|p2a: Zygarde\n|-damage|p2a: Zygarde|59\/100\n|move|p2a: Zygarde|Thousand Arrows|p1a: Houndoom\n|-supereffective|p1a: Houndoom\n|-damage|p1a: Houndoom|20\/100\n|\n|upkeep\n|turn|8\n|\n|t:|1700738181\n|move|p2a: Zygarde|Extreme Speed|p1a: Houndoom\n|-damage|p1a: Houndoom|0 fnt\n|faint|p1a: Houndoom\n|\n|upkeep\n|\n|t:|1700738184\n|switch|p1a: Wo-Chien|Wo-Chien|100\/100\n|-ability|p1a: Wo-Chien|Tablets of Ruin\n|turn|9\n|\n|t:|1700738191\n|move|p2a: Zygarde|Coil|p2a: Zygarde\n|-boost|p2a: Zygarde|atk|1\n|-boost|p2a: Zygarde|def|1\n|-boost|p2a: Zygarde|accuracy|1\n|move|p1a: Wo-Chien|Leech Seed|p2a: Zygarde\n|-start|p2a: Zygarde|move: Leech Seed\n|\n|-damage|p2a: Zygarde|46\/100|[from] Leech Seed|[of] p1a: Wo-Chien\n|-activate|p2a: Zygarde|ability: Power Construct\n|detailschange|p2a: Zygarde|Zygarde-Complete, shiny\n|-heal|p2a: Zygarde|65\/100|[silent]\n|upkeep\n|turn|10\n|inactive|ultra nuke has 90 seconds left.\n|\n|t:|1700738206\n|switch|p2a: Yveltal|Yveltal, shiny|100\/100\n|-ability|p2a: Yveltal|Dark Aura\n|move|p1a: Wo-Chien|Protect||[still]\n|-fail|p1a: Wo-Chien\n|\n|upkeep\n|turn|11\n|\n|t:|1700738213\n|move|p2a: Yveltal|Oblivion Wing|p1a: Wo-Chien\n|-supereffective|p1a: Wo-Chien\n|-damage|p1a: Wo-Chien|58\/100\n|move|p1a: Wo-Chien|Ruination|p2a: Yveltal\n|-damage|p2a: Yveltal|51\/100\n|\n|-heal|p1a: Wo-Chien|64\/100|[from] item: Leftovers\n|upkeep\n|turn|12\n|\n|t:|1700738221\n|move|p2a: Yveltal|Sucker Punch||[still]\n|-fail|p2a: Yveltal\n|move|p1a: Wo-Chien|Leech Seed|p2a: Yveltal\n|-start|p2a: Yveltal|move: Leech Seed\n|\n|-heal|p1a: Wo-Chien|71\/100|[from] item: Leftovers\n|-damage|p2a: Yveltal|38\/100|[from] Leech Seed|[of] p1a: Wo-Chien\n|-heal|p1a: Wo-Chien|84\/100|[silent]\n|upkeep\n|turn|13\n|\n|t:|1700738225\n|move|p1a: Wo-Chien|Protect|p1a: Wo-Chien\n|-singleturn|p1a: Wo-Chien|Protect\n|move|p2a: Yveltal|Oblivion Wing|p1a: Wo-Chien\n|-activate|p1a: Wo-Chien|move: Protect\n|\n|-heal|p1a: Wo-Chien|90\/100|[from] item: Leftovers\n|-damage|p2a: Yveltal|26\/100|[from] Leech Seed|[of] p1a: Wo-Chien\n|-heal|p1a: Wo-Chien|100\/100|[silent]\n|upkeep\n|turn|14\n|\n|t:|1700738230\n|move|p2a: Yveltal|Roost|p2a: Yveltal\n|-heal|p2a: Yveltal|76\/100\n|-singleturn|p2a: Yveltal|move: Roost\n|move|p1a: Wo-Chien|Knock Off|p2a: Yveltal\n|-resisted|p2a: Yveltal\n|-damage|p2a: Yveltal|59\/100\n|-enditem|p2a: Yveltal|Heavy-Duty Boots|[from] move: Knock Off|[of] p1a: Wo-Chien\n|\n|-damage|p2a: Yveltal|46\/100|[from] Leech Seed|[of] p1a: Wo-Chien\n|upkeep\n|turn|15\n|\n|t:|1700738239\n|move|p2a: Yveltal|Roost|p2a: Yveltal\n|-heal|p2a: Yveltal|96\/100\n|-singleturn|p2a: Yveltal|move: Roost\n|move|p1a: Wo-Chien|Ruination|p2a: Yveltal\n|-damage|p2a: Yveltal|49\/100\n|\n|-damage|p2a: Yveltal|36\/100|[from] Leech Seed|[of] p1a: Wo-Chien\n|upkeep\n|turn|16\n|\n|t:|1700738248\n|move|p2a: Yveltal|Roost|p2a: Yveltal\n|-heal|p2a: Yveltal|86\/100\n|-singleturn|p2a: Yveltal|move: Roost\n|move|p1a: Wo-Chien|Ruination|p2a: Yveltal\n|-damage|p2a: Yveltal|44\/100\n|\n|-damage|p2a: Yveltal|31\/100|[from] Leech Seed|[of] p1a: Wo-Chien\n|upkeep\n|turn|17\n|\n|t:|1700738256\n|move|p2a: Yveltal|Roost|p2a: Yveltal\n|-heal|p2a: Yveltal|81\/100\n|-singleturn|p2a: Yveltal|move: Roost\n|move|p1a: Wo-Chien|Ruination|p2a: Yveltal\n|-damage|p2a: Yveltal|41\/100\n|\n|-damage|p2a: Yveltal|28\/100|[from] Leech Seed|[of] p1a: Wo-Chien\n|upkeep\n|turn|18\n|\n|t:|1700738259\n|move|p2a: Yveltal|Oblivion Wing|p1a: Wo-Chien\n|-supereffective|p1a: Wo-Chien\n|-damage|p1a: Wo-Chien|59\/100\n|-heal|p2a: Yveltal|58\/100|[from] drain|[of] p1a: Wo-Chien\n|move|p1a: Wo-Chien|Ruination|p2a: Yveltal\n|-damage|p2a: Yveltal|30\/100\n|\n|-heal|p1a: Wo-Chien|65\/100|[from] item: Leftovers\n|-damage|p2a: Yveltal|17\/100|[from] Leech Seed|[of] p1a: Wo-Chien\n|-heal|p1a: Wo-Chien|78\/100|[silent]\n|upkeep\n|turn|19\n|\n|t:|1700738272\n|move|p2a: Yveltal|Oblivion Wing|p1a: Wo-Chien\n|-supereffective|p1a: Wo-Chien\n|-damage|p1a: Wo-Chien|36\/100\n|-heal|p2a: Yveltal|47\/100|[from] drain|[of] p1a: Wo-Chien\n|move|p1a: Wo-Chien|Knock Off|p2a: Yveltal\n|-resisted|p2a: Yveltal\n|-damage|p2a: Yveltal|36\/100\n|\n|-heal|p1a: Wo-Chien|42\/100|[from] item: Leftovers\n|-damage|p2a: Yveltal|24\/100|[from] Leech Seed|[of] p1a: Wo-Chien\n|-heal|p1a: Wo-Chien|56\/100|[silent]\n|upkeep\n|turn|20\n|\n|t:|1700738277\n|move|p1a: Wo-Chien|Protect|p1a: Wo-Chien\n|-singleturn|p1a: Wo-Chien|Protect\n|move|p2a: Yveltal|Oblivion Wing|p1a: Wo-Chien\n|-activate|p1a: Wo-Chien|move: Protect\n|\n|-heal|p1a: Wo-Chien|62\/100|[from] item: Leftovers\n|-damage|p2a: Yveltal|11\/100|[from] Leech Seed|[of] p1a: Wo-Chien\n|-heal|p1a: Wo-Chien|75\/100|[silent]\n|upkeep\n|turn|21\n|\n|t:|1700738282\n|move|p2a: Yveltal|Dark Pulse|p1a: Wo-Chien\n|-resisted|p1a: Wo-Chien\n|-damage|p1a: Wo-Chien|59\/100\n|cant|p1a: Wo-Chien|flinch\n|\n|-heal|p1a: Wo-Chien|65\/100|[from] item: Leftovers\n|-damage|p2a: Yveltal|0 fnt|[from] Leech Seed|[of] p1a: Wo-Chien\n|-heal|p1a: Wo-Chien|77\/100|[silent]\n|faint|p2a: Yveltal\n|upkeep\n|\n|t:|1700738291\n|switch|p2a: Necrozma|Necrozma-Dusk-Mane, shiny|100\/100\n|turn|22\n|inactive|ultra nuke has 120 seconds left.\n|\n|t:|1700738335\n|move|p1a: Wo-Chien|Leech Seed|p2a: Necrozma\n|-start|p2a: Necrozma|move: Leech Seed\n|move|p2a: Necrozma|Sunsteel Strike|p1a: Wo-Chien\n|-damage|p1a: Wo-Chien|44\/100\n|\n|-heal|p1a: Wo-Chien|50\/100|[from] item: Leftovers\n|-damage|p2a: Necrozma|88\/100|[from] Leech Seed|[of] p1a: Wo-Chien\n|-heal|p1a: Wo-Chien|64\/100|[silent]\n|upkeep\n|turn|23\n|\n|t:|1700738349\n|switch|p2a: Marshadow|Marshadow|100\/100\n|move|p1a: Wo-Chien|Ruination|p2a: Marshadow\n|-damage|p2a: Marshadow|51\/100\n|\n|-heal|p1a: Wo-Chien|70\/100|[from] item: Leftovers\n|upkeep\n|turn|24\n|\n|t:|1700738358\n|move|p1a: Wo-Chien|Protect|p1a: Wo-Chien\n|-singleturn|p1a: Wo-Chien|Protect\n|move|p2a: Marshadow|Brick Break|p1a: Wo-Chien\n|-activate|p1a: Wo-Chien|move: Protect\n|\n|-heal|p1a: Wo-Chien|76\/100|[from] item: Leftovers\n|upkeep\n|turn|25\n|\n|t:|1700738363\n|move|p2a: Marshadow|Brick Break|p1a: Wo-Chien\n|-supereffective|p1a: Wo-Chien\n|-damage|p1a: Wo-Chien|28\/100\n|move|p1a: Wo-Chien|Leech Seed|p2a: Marshadow\n|-start|p2a: Marshadow|move: Leech Seed\n|\n|-heal|p1a: Wo-Chien|34\/100|[from] item: Leftovers\n|-damage|p2a: Marshadow|38\/100|[from] Leech Seed|[of] p1a: Wo-Chien\n|-heal|p1a: Wo-Chien|45\/100|[silent]\n|upkeep\n|turn|26\n|\n|t:|1700738370\n|move|p1a: Wo-Chien|Protect|p1a: Wo-Chien\n|-singleturn|p1a: Wo-Chien|Protect\n|move|p2a: Marshadow|Brick Break|p1a: Wo-Chien\n|-activate|p1a: Wo-Chien|move: Protect\n|\n|-heal|p1a: Wo-Chien|51\/100|[from] item: Leftovers\n|-damage|p2a: Marshadow|26\/100|[from] Leech Seed|[of] p1a: Wo-Chien\n|-heal|p1a: Wo-Chien|61\/100|[silent]\n|upkeep\n|turn|27\n|\n|t:|1700738378\n|-terastallize|p2a: Marshadow|Fighting\n|move|p2a: Marshadow|Brick Break|p1a: Wo-Chien\n|-supereffective|p1a: Wo-Chien\n|-damage|p1a: Wo-Chien|0 fnt\n|faint|p1a: Wo-Chien\n|\n|upkeep\n|\n|t:|1700738382\n|switch|p1a: Kingambit|Kingambit, M|100\/100\n|-activate|p1a: Kingambit|ability: Supreme Overlord\n|-start|p1a: Kingambit|fallen5|[silent]\n|turn|28\n|\n|t:|1700738387\n|switch|p2a: Zygarde|Zygarde-Complete, shiny|65\/100\n|move|p1a: Kingambit|Sucker Punch||[still]\n|-fail|p1a: Kingambit\n|\n|upkeep\n|turn|29\n|\n|t:|1700738393\n|-terastallize|p1a: Kingambit|Dark\n|move|p2a: Zygarde|Coil|p2a: Zygarde\n|-boost|p2a: Zygarde|atk|1\n|-boost|p2a: Zygarde|def|1\n|-boost|p2a: Zygarde|accuracy|1\n|move|p1a: Kingambit|Kowtow Cleave|p2a: Zygarde\n|-damage|p2a: Zygarde|33\/100\n|\n|upkeep\n|turn|30\n|\n|t:|1700738402\n|move|p1a: Kingambit|Sucker Punch||[still]\n|-fail|p1a: Kingambit\n|move|p2a: Zygarde|Coil|p2a: Zygarde\n|-boost|p2a: Zygarde|atk|1\n|-boost|p2a: Zygarde|def|1\n|-boost|p2a: Zygarde|accuracy|1\n|\n|upkeep\n|turn|31\n|\n|t:|1700738418\n|move|p2a: Zygarde|Coil|p2a: Zygarde\n|-boost|p2a: Zygarde|atk|1\n|-boost|p2a: Zygarde|def|1\n|-boost|p2a: Zygarde|accuracy|1\n|move|p1a: Kingambit|Kowtow Cleave|p2a: Zygarde\n|-damage|p2a: Zygarde|17\/100\n|-enditem|p2a: Zygarde|Figy Berry|[eat]\n|-heal|p2a: Zygarde|50\/100|[from] item: Figy Berry\n|\n|upkeep\n|turn|32\n|inactive|ultra nuke has 120 seconds left.\n|\n|t:|1700738463\n|move|p2a: Zygarde|Coil|p2a: Zygarde\n|-boost|p2a: Zygarde|atk|1\n|-boost|p2a: Zygarde|def|1\n|-boost|p2a: Zygarde|accuracy|1\n|move|p1a: Kingambit|Swords Dance|p1a: Kingambit\n|-boost|p1a: Kingambit|atk|2\n|\n|upkeep\n|turn|33\n|\n|t:|1700738475\n|move|p2a: Zygarde|Coil|p2a: Zygarde\n|-boost|p2a: Zygarde|atk|1\n|-boost|p2a: Zygarde|def|1\n|-boost|p2a: Zygarde|accuracy|1\n|move|p1a: Kingambit|Swords Dance|p1a: Kingambit\n|-boost|p1a: Kingambit|atk|2\n|\n|upkeep\n|turn|34\n|\n|t:|1700738490\n|move|p2a: Zygarde|Coil|p2a: Zygarde\n|-boost|p2a: Zygarde|atk|1\n|-boost|p2a: Zygarde|def|1\n|-boost|p2a: Zygarde|accuracy|1\n|move|p1a: Kingambit|Swords Dance|p1a: Kingambit\n|-boost|p1a: Kingambit|atk|2\n|\n|upkeep\n|turn|35\n|\n|t:|1700738498\n|move|p2a: Zygarde|Extreme Speed|p1a: Kingambit\n|-damage|p1a: Kingambit|36\/100\n|-enditem|p1a: Kingambit|Red Card|[of] p2a: Zygarde\n|drag|p2a: Marshadow|Marshadow, tera:Fighting|26\/100\n|move|p1a: Kingambit|Sucker Punch||[still]\n|-fail|p1a: Kingambit\n|\n|upkeep\n|turn|36\n|inactive|ultra nuke has 120 seconds left.\n|\n|t:|1700738509\n|move|p1a: Kingambit|Sucker Punch|p2a: Marshadow\n|-resisted|p2a: Marshadow\n|-damage|p2a: Marshadow|0 fnt\n|faint|p2a: Marshadow\n|\n|upkeep\n|\n|t:|1700738514\n|switch|p2a: Zygarde|Zygarde-Complete, shiny|50\/100\n|turn|37\n|\n|t:|1700738518\n|move|p2a: Zygarde|Extreme Speed|p1a: Kingambit\n|-damage|p1a: Kingambit|20\/100\n|move|p1a: Kingambit|Kowtow Cleave|p2a: Zygarde\n|-damage|p2a: Zygarde|0 fnt\n|faint|p2a: Zygarde\n|\n|upkeep\n|\n|t:|1700738525\n|switch|p2a: Necrozma|Necrozma-Dusk-Mane, shiny|88\/100\n|turn|38\n|\n|t:|1700738539\n|move|p1a: Kingambit|Sucker Punch|p2a: Necrozma\n|-supereffective|p2a: Necrozma\n|-damage|p2a: Necrozma|0 fnt\n|faint|p2a: Necrozma\n|\n|win|cegomo8\n|raw|cegomo8's rating: 1350 &rarr; <strong>1369<\/strong><br \/>(+19 for winning)\n|raw|ultra nuke's rating: 1340 &rarr; <strong>1321<\/strong><br \/>(-19 for losing)\n|l|\u2606ultra nuke\n","uploadtime":1700738552,"views":5,"p1id":"cegomo8","p2id":"ultranuke","formatid":"gen9nationaldexubers","rating":1321,"private":0,"password":""}