{"id":"gen9nationaldexubers-1984987250","p1":"Malice Incarnate","p2":"LelouchZr","format":"[Gen 9] National Dex Ubers","log":"|j|\u2606Malice Incarnate\n|j|\u2606LelouchZr\n|t:|1699317891\n|gametype|singles\n|player|p1|Malice Incarnate|palmer|1562\n|player|p2|LelouchZr|170|1622\n|teamsize|p1|6\n|teamsize|p2|6\n|gen|9\n|tier|[Gen 9] National Dex Ubers\n|rated|\n|rule|HP Percentage Mod: HP is shown in percentages\n|rule|Endless Battle Clause: Forcing endless battles is banned\n|rule|OHKO Clause: OHKO moves are banned\n|rule|Evasion Moves Clause: Evasion moves are banned\n|rule|Evasion Items Clause: Evasion items are banned\n|rule|Species Clause: Limit one of each Pok\u00e9mon\n|rule|Sleep Clause Mod: Limit one foe put to sleep\n|rule|Mega Rayquaza Clause: You cannot mega evolve Rayquaza\n|clearpoke\n|poke|p1|Groudon|\n|poke|p1|Arceus-Dark|\n|poke|p1|Ho-Oh|\n|poke|p1|Zygarde|\n|poke|p1|Necrozma-Dusk-Mane|\n|poke|p1|Palkia-Origin|\n|poke|p2|Necrozma-Dusk-Mane|\n|poke|p2|Ho-Oh|\n|poke|p2|Marshadow|\n|poke|p2|Yveltal|\n|poke|p2|Zygarde|\n|poke|p2|Kyogre|\n|teampreview\n|inactive|Battle timer is ON: inactive players will automatically lose when time's up. (requested by Malice Incarnate)\n|inactive|LelouchZr has 120 seconds left.\n|\n|t:|1699317928\n|start\n|switch|p1a: Palkia|Palkia-Origin|100\/100\n|switch|p2a: Anti-Air|Zygarde|100\/100\n|-ability|p1a: Palkia|Pressure\n|turn|1\n|\n|t:|1699317935\n|switch|p2a: Kyogre|Kyogre|100\/100\n|detailschange|p2a: Kyogre|Kyogre-Primal\n|-primal|p2a: Kyogre|Blue Orb\n|-weather|PrimordialSea|[from] ability: Primordial Sea|[of] p2a: Kyogre\n|move|p1a: Palkia|Hydro Pump|p2a: Kyogre\n|-resisted|p2a: Kyogre\n|-crit|p2a: Kyogre\n|-damage|p2a: Kyogre|55\/100\n|\n|-weather|PrimordialSea|[upkeep]\n|upkeep\n|turn|2\n|\n|t:|1699317944\n|move|p1a: Palkia|Spacial Rend|p2a: Kyogre\n|-damage|p2a: Kyogre|13\/100\n|move|p2a: Kyogre|Ice Beam|p1a: Palkia\n|-damage|p1a: Palkia|59\/100\n|\n|-weather|PrimordialSea|[upkeep]\n|upkeep\n|turn|3\n|\n|t:|1699317950\n|move|p1a: Palkia|Substitute|p1a: Palkia\n|-start|p1a: Palkia|Substitute\n|-damage|p1a: Palkia|34\/100\n|move|p2a: Kyogre|Thunder|p1a: Palkia\n|-end|p1a: Palkia|Substitute\n|\n|-weather|PrimordialSea|[upkeep]\n|upkeep\n|turn|4\n|\n|t:|1699317956\n|move|p1a: Palkia|Hydro Pump|p2a: Kyogre\n|-resisted|p2a: Kyogre\n|-damage|p2a: Kyogre|0 fnt\n|faint|p2a: Kyogre\n|-weather|none\n|\n|upkeep\n|\n|t:|1699317971\n|switch|p2a: Necrozma|Necrozma-Dusk-Mane|100\/100\n|turn|5\n|\n|t:|1699317977\n|detailschange|p2a: Necrozma|Necrozma-Ultra\n|-burst|p2a: Necrozma|Necrozma|Ultranecrozium Z\n|move|p2a: Necrozma|Photon Geyser|p1a: Palkia\n|-damage|p1a: Palkia|0 fnt\n|faint|p1a: Palkia\n|\n|upkeep\n|\n|t:|1699317985\n|switch|p1a: Arceus|Arceus-Dark|100\/100\n|turn|6\n|\n|t:|1699317989\n|switch|p2a: Yveltal|Yveltal, shiny|100\/100\n|-ability|p2a: Yveltal|Dark Aura\n|move|p1a: Arceus|Foul Play|p2a: Yveltal\n|-resisted|p2a: Yveltal\n|-damage|p2a: Yveltal|74\/100\n|\n|upkeep\n|turn|7\n|\n|t:|1699318002\n|switch|p1a: Ho-Oh|Ho-Oh|100\/100\n|move|p2a: Yveltal|Oblivion Wing|p1a: Ho-Oh\n|-damage|p1a: Ho-Oh|79\/100\n|-heal|p2a: Yveltal|91\/100|[from] drain|[of] p1a: Ho-Oh\n|\n|upkeep\n|turn|8\n|\n|t:|1699318011\n|switch|p2a: Anti-Air|Zygarde|100\/100\n|move|p1a: Ho-Oh|Sacred Fire|p2a: Anti-Air\n|-resisted|p2a: Anti-Air\n|-damage|p2a: Anti-Air|86\/100\n|-status|p2a: Anti-Air|brn\n|\n|-damage|p2a: Anti-Air|80\/100 brn|[from] brn\n|upkeep\n|turn|9\n|\n|t:|1699318028\n|switch|p1a: Necrozma|Necrozma-Dusk-Mane|100\/100\n|move|p2a: Anti-Air|Coil|p2a: Anti-Air\n|-boost|p2a: Anti-Air|atk|1\n|-boost|p2a: Anti-Air|def|1\n|-boost|p2a: Anti-Air|accuracy|1\n|\n|-damage|p2a: Anti-Air|73\/100 brn|[from] brn\n|upkeep\n|turn|10\n|\n|t:|1699318036\n|move|p1a: Necrozma|Dragon Dance|p1a: Necrozma\n|-boost|p1a: Necrozma|atk|1\n|-boost|p1a: Necrozma|spe|1\n|move|p2a: Anti-Air|Coil|p2a: Anti-Air\n|-boost|p2a: Anti-Air|atk|1\n|-boost|p2a: Anti-Air|def|1\n|-boost|p2a: Anti-Air|accuracy|1\n|\n|-damage|p2a: Anti-Air|67\/100 brn|[from] brn\n|upkeep\n|turn|11\n|\n|t:|1699318043\n|-zpower|p1a: Necrozma\n|move|p1a: Necrozma|Searing Sunraze Smash|p2a: Anti-Air|[zeffect]\n|-damage|p2a: Anti-Air|0 fnt\n|faint|p2a: Anti-Air\n|\n|upkeep\n|\n|t:|1699318054\n|switch|p2a: Marshadow|Marshadow|100\/100\n|turn|12\n|\n|t:|1699318064\n|switch|p1a: Arceus|Arceus-Dark|100\/100\n|move|p2a: Marshadow|Close Combat|p1a: Arceus\n|-supereffective|p1a: Arceus\n|-damage|p1a: Arceus|36\/100\n|-unboost|p2a: Marshadow|def|1\n|-unboost|p2a: Marshadow|spd|1\n|\n|upkeep\n|turn|13\n|\n|t:|1699318071\n|move|p2a: Marshadow|Close Combat|p1a: Arceus\n|-supereffective|p1a: Arceus\n|-damage|p1a: Arceus|0 fnt\n|-unboost|p2a: Marshadow|def|1\n|-unboost|p2a: Marshadow|spd|1\n|faint|p1a: Arceus\n|\n|upkeep\n|\n|t:|1699318074\n|switch|p1a: Zygarde|Zygarde|100\/100\n|turn|14\n|\n|t:|1699318081\n|switch|p2a: Yveltal|Yveltal, shiny|91\/100\n|-ability|p2a: Yveltal|Dark Aura\n|move|p1a: Zygarde|Glare|p2a: Yveltal\n|-status|p2a: Yveltal|par\n|\n|upkeep\n|turn|15\n|\n|t:|1699318088\n|switch|p1a: Groudon|Groudon|100\/100\n|detailschange|p1a: Groudon|Groudon-Primal\n|-primal|p1a: Groudon|Red Orb\n|-weather|DesolateLand|[from] ability: Desolate Land|[of] p1a: Groudon\n|-terastallize|p2a: Yveltal|Dark\n|move|p2a: Yveltal|Dark Pulse|p1a: Groudon\n|-damage|p1a: Groudon|47\/100\n|\n|-weather|DesolateLand|[upkeep]\n|upkeep\n|turn|16\n|\n|t:|1699318097\n|move|p1a: Groudon|Earthquake|p2a: Yveltal\n|-damage|p2a: Yveltal|42\/100 par\n|move|p2a: Yveltal|Dark Pulse|p1a: Groudon\n|-damage|p1a: Groudon|0 fnt\n|faint|p1a: Groudon\n|-weather|none\n|\n|upkeep\n|\n|t:|1699318105\n|switch|p1a: Necrozma|Necrozma-Dusk-Mane|100\/100\n|turn|17\n|\n|t:|1699318108\n|move|p1a: Necrozma|Sunsteel Strike|p2a: Yveltal\n|-crit|p2a: Yveltal\n|-damage|p2a: Yveltal|0 fnt\n|faint|p2a: Yveltal\n|\n|upkeep\n|\n|t:|1699318114\n|switch|p2a: Marshadow|Marshadow|100\/100\n|turn|18\n|\n|t:|1699318125\n|switch|p2a: Ho-Oh|Ho-Oh|100\/100\n|move|p1a: Necrozma|Sunsteel Strike|p2a: Ho-Oh\n|-resisted|p2a: Ho-Oh\n|-damage|p2a: Ho-Oh|76\/100\n|\n|upkeep\n|turn|19\n|\n|t:|1699318132\n|move|p1a: Necrozma|Stone Edge|p2a: Ho-Oh\n|-supereffective|p2a: Ho-Oh\n|-damage|p2a: Ho-Oh|0 fnt\n|faint|p2a: Ho-Oh\n|\n|upkeep\n|\n|t:|1699318137\n|switch|p2a: Necrozma|Necrozma-Ultra|100\/100\n|turn|20\n|\n|t:|1699318140\n|move|p2a: Necrozma|Dragon Dance|p2a: Necrozma\n|-boost|p2a: Necrozma|atk|1\n|-boost|p2a: Necrozma|spe|1\n|move|p1a: Necrozma|Sunsteel Strike|p2a: Necrozma\n|-damage|p2a: Necrozma|33\/100\n|\n|upkeep\n|turn|21\n|\n|t:|1699318147\n|move|p2a: Necrozma|Earthquake|p1a: Necrozma\n|-supereffective|p1a: Necrozma\n|-damage|p1a: Necrozma|0 fnt\n|faint|p1a: Necrozma\n|\n|upkeep\n|\n|t:|1699318152\n|switch|p1a: Zygarde|Zygarde|100\/100\n|turn|22\n|\n|t:|1699318157\n|-terastallize|p1a: Zygarde|Fairy\n|-zpower|p2a: Necrozma\n|move|p2a: Necrozma|Light That Burns the Sky|p1a: Zygarde|[zeffect]\n|-damage|p1a: Zygarde|9\/100\n|move|p1a: Zygarde|Thousand Arrows|p2a: Necrozma\n|-damage|p2a: Necrozma|0 fnt\n|faint|p2a: Necrozma\n|\n|-heal|p1a: Zygarde|15\/100|[from] item: Leftovers\n|-activate|p1a: Zygarde|ability: Power Construct\n|detailschange|p1a: Zygarde|Zygarde-Complete, tera:Fairy\n|-heal|p1a: Zygarde|44\/100|[silent]\n|upkeep\n|j| 1 em trach thu\n|\n|t:|1699318171\n|switch|p2a: Marshadow|Marshadow|100\/100\n|turn|23\n|\n|t:|1699318176\n|move|p2a: Marshadow|Spectral Thief|p1a: Zygarde\n|-damage|p1a: Zygarde|29\/100\n|move|p1a: Zygarde|Glare|p2a: Marshadow\n|-status|p2a: Marshadow|par\n|\n|-heal|p1a: Zygarde|35\/100|[from] item: Leftovers\n|upkeep\n|turn|24\n|\n|t:|1699318186\n|move|p1a: Zygarde|Rest|p1a: Zygarde\n|-status|p1a: Zygarde|slp|[from] move: Rest\n|-heal|p1a: Zygarde|100\/100 slp|[silent]\n|move|p2a: Marshadow|Endeavor|p1a: Zygarde\n|-damage|p1a: Zygarde|51\/100 slp\n|\n|-heal|p1a: Zygarde|57\/100 slp|[from] item: Leftovers\n|upkeep\n|turn|25\n|\n|t:|1699318194\n|cant|p1a: Zygarde|slp\n|move|p2a: Marshadow|Close Combat|p1a: Zygarde\n|-resisted|p1a: Zygarde\n|-damage|p1a: Zygarde|47\/100 slp\n|-unboost|p2a: Marshadow|def|1\n|-unboost|p2a: Marshadow|spd|1\n|\n|-heal|p1a: Zygarde|53\/100 slp|[from] item: Leftovers\n|upkeep\n|turn|26\n|-message|LelouchZr forfeited.\n|\n|win|Malice Incarnate\n|raw|Malice Incarnate's rating: 1562 &rarr; <strong>1585<\/strong><br \/>(+23 for winning)\n|raw|LelouchZr's rating: 1622 &rarr; <strong>1599<\/strong><br \/>(-23 for losing)\n|c|\u2606Malice Incarnate|wow, sashadow sucks\n|l|\u2606LelouchZr\n","uploadtime":1699318222,"views":37,"p1id":"maliceincarnate","p2id":"lelouchzr","formatid":"gen9nationaldexubers","rating":1585,"private":0,"password":""}