{"id":"gen9nationaldexubers-1992171418","p1":"JJenhances","p2":"Bluedusk16","format":"[Gen 9] National Dex Ubers","log":"|j|\u2606JJenhances\n|j|\u2606Bluedusk16\n|t:|1700160926\n|gametype|singles\n|player|p1|JJenhances|blue|\n|player|p2|Bluedusk16|pokekid|\n|teamsize|p1|6\n|teamsize|p2|6\n|gen|9\n|tier|[Gen 9] National Dex Ubers\n|rule|HP Percentage Mod: HP is shown in percentages\n|rule|Endless Battle Clause: Forcing endless battles is banned\n|rule|OHKO Clause: OHKO moves are banned\n|rule|Evasion Moves Clause: Evasion moves are banned\n|rule|Evasion Items Clause: Evasion items are banned\n|rule|Species Clause: Limit one of each Pok\u00e9mon\n|rule|Sleep Clause Mod: Limit one foe put to sleep\n|rule|Mega Rayquaza Clause: You cannot mega evolve Rayquaza\n|clearpoke\n|poke|p1|Iron Jugulis|\n|poke|p1|Dragapult, M|\n|poke|p1|Alakazam, M|\n|poke|p1|Kartana|\n|poke|p1|Ninetales-Alola, F|\n|poke|p1|Toxapex, F|\n|poke|p2|Umbreon, M|\n|poke|p2|Honchkrow, F|\n|poke|p2|Krookodile, M|\n|poke|p2|Grimmsnarl, M|\n|poke|p2|Houndoom, M|\n|poke|p2|Kingambit, F|\n|teampreview\n|c|\u2606Bluedusk16|oh\n|c|\u2606Bluedusk16|OH\n|c|\u2606JJenhances|LET THE GAMES BEGIN\n|c|\u2606Bluedusk16|JESUS CHRIUST\n|c|\u2606JJenhances|GAMBLE GAMBLE RIGHT?\n|c|\u2606JJenhances|also kingambit\n|c|\u2606JJenhances|great choice\n|c|\u2606Bluedusk16|ty\n|c|\u2606JJenhances|love that one\n|\n|t:|1700160991\n|start\n|switch|p1a: Borealis|Ninetales-Alola, F, shiny|100\/100\n|switch|p2a: Nightmare|Krookodile, M, shiny|100\/100\n|-weather|Snow|[from] ability: Snow Warning|[of] p1a: Borealis\n|-ability|p2a: Nightmare|Intimidate|boost\n|-unboost|p1a: Borealis|atk|1\n|turn|1\n|\n|t:|1700161021\n|move|p1a: Borealis|Aurora Veil|p1a: Borealis\n|-sidestart|p1: JJenhances|move: Aurora Veil\n|move|p2a: Nightmare|Earthquake|p1a: Borealis\n|-damage|p1a: Borealis|73\/100\n|\n|-weather|Snow|[upkeep]\n|upkeep\n|turn|2\n|c|\u2606Bluedusk16|wait fuck\n|c|\u2606Bluedusk16|I USED THEWRONG MOVE screams\n|c|\u2606JJenhances|you can undo\n|c|\u2606Bluedusk16|???\n|c|\u2606JJenhances|yeah\n|c|\u2606JJenhances|cancel the move\n|c|\u2606Bluedusk16|NO LIKE PREVIOUSLY\n|c|\u2606JJenhances|ohhhhhhh\n|c|\u2606Bluedusk16|hmm\n|c|\u2606JJenhances|yeah this is my actual team lmao\n|c|\u2606Bluedusk16|hell yeah\n|c|\u2606Bluedusk16|good team\n|c|\u2606Bluedusk16|im working out the kinks for this one <\/3\n|c|\u2606JJenhances|we've only just begun >:)\n|c|\u2606Bluedusk16|cries\n|c|\u2606Bluedusk16|slash j\n|c|\u2606JJenhances|MAKE YOUR MOVE [Chump]!!!!\n|\n|t:|1700161152\n|switch|p2a: Crown|Kingambit, F|100\/100\n|move|p1a: Borealis|Blizzard|p2a: Crown\n|-resisted|p2a: Crown\n|-damage|p2a: Crown|90\/100\n|\n|-weather|Snow|[upkeep]\n|upkeep\n|turn|3\n|c|\u2606JJenhances|good move\n|\n|t:|1700161168\n|switch|p1a: Planci|Toxapex, F|100\/100\n|move|p2a: Crown|Iron Head|p1a: Planci\n|-resisted|p1a: Planci\n|-damage|p1a: Planci|93\/100\n|\n|-weather|Snow|[upkeep]\n|-heal|p1a: Planci|99\/100|[from] item: Black Sludge\n|upkeep\n|turn|4\n|c|\u2606Bluedusk16|damn'\n|c|\u2606JJenhances|FUN GAMEPLAY I CHOOSE YOU!!!\n|c|\u2606Bluedusk16|AAAAAA\n|\n|t:|1700161212\n|-end|p2a: Crown|fallenundefined|[silent]\n|switch|p2a: Nightmare|Krookodile, M, shiny|100\/100\n|-ability|p2a: Nightmare|Intimidate|boost\n|-unboost|p1a: Planci|atk|1\n|move|p1a: Planci|Scald|p2a: Nightmare\n|-supereffective|p2a: Nightmare\n|-damage|p2a: Nightmare|48\/100\n|\n|-weather|Snow|[upkeep]\n|-heal|p1a: Planci|100\/100|[from] item: Black Sludge\n|upkeep\n|turn|5\n|\n|t:|1700161224\n|move|p2a: Nightmare|Earthquake|p1a: Planci\n|-supereffective|p1a: Planci\n|-damage|p1a: Planci|50\/100\n|move|p1a: Planci|Scald|p2a: Nightmare\n|-supereffective|p2a: Nightmare\n|-damage|p2a: Nightmare|0 fnt\n|faint|p2a: Nightmare\n|\n|-weather|none\n|-heal|p1a: Planci|56\/100|[from] item: Black Sludge\n|upkeep\n|c|\u2606Bluedusk16|beats u up\n|c|\u2606JJenhances|no u aint\n|c|\u2606Bluedusk16|I KNPW\n|c|\u2606JJenhances|your EQ was 50% on a super effective hit\n|c|\u2606JJenhances|I CAN DO ANYTHING\n|\n|t:|1700161278\n|switch|p2a: Kuro|Umbreon, M|100\/100\n|turn|6\n|\n|t:|1700161286\n|switch|p1a: Outline|Kartana, shiny|100\/100\n|move|p2a: Kuro|Psychic|p1a: Outline\n|-resisted|p1a: Outline\n|-damage|p1a: Outline|85\/100\n|\n|upkeep\n|turn|7\n|c|\u2606Bluedusk16|STOP THAT\n|c|\u2606Bluedusk16|fights u\n|c|\u2606JJenhances|DO MOVES!!!!!!!\n|c|\u2606JJenhances|:d\n|c|\u2606JJenhances|:D\n|c|\u2606Bluedusk16|NO CUZ U KEEP MAKING ME CHANGE\n|\n|t:|1700161342\n|switch|p2a: Vincent|Houndoom, M|100\/100\n|-zpower|p1a: Outline\n|move|p1a: Outline|All-Out Pummeling|p2a: Vincent|[zeffect]\n|-supereffective|p2a: Vincent\n|-damage|p2a: Vincent|0 fnt\n|faint|p2a: Vincent\n|-ability|p1a: Outline|Beast Boost|boost\n|-boost|p1a: Outline|atk|1\n|\n|upkeep\n|c|\u2606Bluedusk16|RAAH\n|c|\u2606Bluedusk16|FUCK U\n|c|\u2606JJenhances|boom\n|c|\u2606Bluedusk16|IL LACTUALLY FIGHT U\n|c|\u2606Bluedusk16|ILL ACTUALLY\n|c|\u2606JJenhances|BYE BYE DOG :D\n|c|\u2606Bluedusk16|NO\n|c|\u2606Bluedusk16|J A CO B\n|c|\u2606JJenhances|HAH AH AHA HAHA HAH\n|c|\u2606Bluedusk16|U WILL PAYU FOR THAT\n|c|\u2606JJenhances|PROVE IT!!!\n|c|\u2606Bluedusk16|(is all bark and no bite)\n|c|\u2606Bluedusk16|I WILL\n|\n|t:|1700161409\n|switch|p2a: Jinx|Grimmsnarl, M|100\/100\n|turn|8\n|c|\u2606JJenhances|YUSE SMART STIK E\n|c|\u2606Bluedusk16|I SHOUldnt have don this\n|c|\u2606Bluedusk16|middle finger\n|c|\u2606JJenhances|i wish i could send the gif of that jumping guy\n|c|\u2606Bluedusk16|i can visualize it dw\n|c|\u2606JJenhances|good\n|\n|t:|1700161500\n|move|p2a: Jinx|Taunt|p1a: Outline\n|-start|p1a: Outline|move: Taunt\n|move|p1a: Outline|Smart Strike|p2a: Jinx\n|-supereffective|p2a: Jinx\n|-damage|p2a: Jinx|0 fnt\n|faint|p2a: Jinx\n|-ability|p1a: Outline|Beast Boost|boost\n|-boost|p1a: Outline|atk|1\n|\n|-sideend|p1: JJenhances|move: Aurora Veil\n|upkeep\n|c|\u2606Bluedusk16|<\/3\n|c|\u2606JJenhances|its so nice to actually let loose in a battle\n|c|\u2606JJenhances|no throwing for content\n|c|\u2606Bluedusk16|even tho im losing LMAO\n|c|\u2606Bluedusk16|im used to losing but i have fun either way\n|c|\u2606Bluedusk16|>:)\n|c|\u2606JJenhances|:O\n|\n|t:|1700161592\n|switch|p2a: Salem|Honchkrow, F|100\/100\n|turn|9\n|c|\u2606Bluedusk16|sigh\n|\n|t:|1700161603\n|switch|p1a: Borealis|Ninetales-Alola, F, shiny|73\/100\n|-weather|Snow|[from] ability: Snow Warning|[of] p1a: Borealis\n|move|p2a: Salem|Brave Bird|p1a: Borealis\n|-damage|p1a: Borealis|22\/100\n|-damage|p2a: Salem|86\/100|[from] Recoil\n|-damage|p2a: Salem|76\/100|[from] item: Life Orb\n|\n|-weather|Snow|[upkeep]\n|upkeep\n|turn|10\n|c|\u2606Bluedusk16|rip salem\n|c|\u2606Bluedusk16|o\n|\n|t:|1700161633\n|move|p1a: Borealis|Aurora Veil|p1a: Borealis\n|-sidestart|p1: JJenhances|move: Aurora Veil\n|move|p2a: Salem|Brave Bird|p1a: Borealis\n|-damage|p1a: Borealis|0 fnt\n|faint|p1a: Borealis\n|-ability|p2a: Salem|Moxie|boost\n|-boost|p2a: Salem|atk|1\n|-damage|p2a: Salem|70\/100|[from] Recoil\n|-damage|p2a: Salem|60\/100|[from] item: Life Orb\n|\n|-weather|Snow|[upkeep]\n|upkeep\n|c|\u2606JJenhances|goodbye my friend\n|\n|t:|1700161644\n|switch|p1a: Kazampton|Alakazam, M, shiny|100\/100\n|turn|11\n|c|\u2606Bluedusk16|is afraid\n|c|\u2606Bluedusk16|slash j\n|\n|t:|1700161670\n|detailschange|p1a: Kazampton|Alakazam-Mega, M, shiny\n|-mega|p1a: Kazampton|Alakazam|Alakazite\n|-ability|p1a: Kazampton|Moxie|[from] ability: Trace|[of] p2a: Salem\n|move|p1a: Kazampton|Focus Blast|p2a: Salem\n|-damage|p2a: Salem|13\/100\n|move|p2a: Salem|Night Slash|p1a: Kazampton\n|-supereffective|p1a: Kazampton\n|-damage|p1a: Kazampton|0 fnt\n|faint|p1a: Kazampton\n|-ability|p2a: Salem|Moxie|boost\n|-boost|p2a: Salem|atk|1\n|-damage|p2a: Salem|3\/100|[from] item: Life Orb\n|\n|-weather|Snow|[upkeep]\n|upkeep\n|c|\u2606Bluedusk16|o\n|c|\u2606JJenhances|damn\n|\n|t:|1700161695\n|switch|p1a: Lucifer|Dragapult, M|100\/100\n|turn|12\n|c|\u2606JJenhances|GO MY SON\n|c|\u2606JJenhances|>:o\n|c|\u2606Bluedusk16|yknow\n|c|\u2606Bluedusk16|i might regret this\n|\n|t:|1700161747\n|move|p1a: Lucifer|Dragon Darts|p2a: Salem\n|-damage|p2a: Salem|0 fnt\n|faint|p2a: Salem\n|\n|-weather|Snow|[upkeep]\n|upkeep\n|c|\u2606JJenhances|ope\n|c|\u2606Bluedusk16|nvm\n|\n|t:|1700161756\n|switch|p2a: Crown|Kingambit, F|90\/100\n|-activate|p2a: Crown|ability: Supreme Overlord\n|-start|p2a: Crown|fallen4|[silent]\n|turn|13\n|c|\u2606JJenhances|O DAM\n|\n|t:|1700161772\n|move|p2a: Crown|Sucker Punch|p1a: Lucifer\n|-supereffective|p1a: Lucifer\n|-damage|p1a: Lucifer|27\/100\n|move|p1a: Lucifer|Steel Wing|p2a: Crown\n|-resisted|p2a: Crown\n|-damage|p2a: Crown|80\/100\n|-boost|p1a: Lucifer|def|1\n|\n|-weather|none\n|upkeep\n|turn|14\n|\n|t:|1700161785\n|move|p1a: Lucifer|Steel Wing|p2a: Crown|[miss]\n|-miss|p1a: Lucifer|p2a: Crown\n|move|p2a: Crown|Kowtow Cleave|p1a: Lucifer\n|-supereffective|p1a: Lucifer\n|-damage|p1a: Lucifer|0 fnt\n|faint|p1a: Lucifer\n|\n|upkeep\n|c|\u2606JJenhances|thank you lucifer\n|c|\u2606JJenhances|YOU LEAVE ME NO OTHER CHOICE\n|c|\u2606Bluedusk16|:o\n|\n|t:|1700161805\n|switch|p1a: Grim NEO|Iron Jugulis|100\/100\n|-enditem|p1a: Grim NEO|Booster Energy\n|-activate|p1a: Grim NEO|ability: Quark Drive|[fromitem]\n|-start|p1a: Grim NEO|quarkdrivespe\n|turn|15\n|c|\u2606Bluedusk16|screams\n|\n|t:|1700161821\n|move|p1a: Grim NEO|Earth Power|p2a: Crown\n|-supereffective|p2a: Crown\n|-damage|p2a: Crown|41\/100\n|move|p2a: Crown|Iron Head|p1a: Grim NEO\n|-damage|p1a: Grim NEO|59\/100\n|\n|upkeep\n|turn|16\n|\n|t:|1700161829\n|move|p1a: Grim NEO|Earth Power|p2a: Crown\n|-supereffective|p2a: Crown\n|-damage|p2a: Crown|1\/100\n|move|p2a: Crown|Iron Head|p1a: Grim NEO\n|-damage|p1a: Grim NEO|18\/100\n|\n|upkeep\n|turn|17\n|\n|t:|1700161839\n|move|p2a: Crown|Sucker Punch|p1a: Grim NEO\n|-resisted|p1a: Grim NEO\n|-damage|p1a: Grim NEO|0 fnt\n|faint|p1a: Grim NEO\n|-end|p1a: Grim NEO|Quark Drive|[silent]\n|\n|-sideend|p1: JJenhances|move: Aurora Veil\n|upkeep\n|\n|t:|1700161844\n|switch|p1a: Outline|Kartana, shiny|85\/100\n|turn|18\n|c|\u2606Bluedusk16|o h\n|c|\u2606JJenhances|YOU WILL PAY\n|c|\u2606Bluedusk16|how much\n|c|\u2606JJenhances|Y O U R    M O R T A L     S O U L\n|c|\u2606Bluedusk16|*pulls our insides of pockets inside out, is broke*\n|c|\u2606JJenhances|IM THE MAGIC IRS\n|c|\u2606JJenhances|PAY UP\n|c|\u2606Bluedusk16|IDC WHO THE IRS SENDS, I AM NOT PAYING TAXES!!!\n|\n|t:|1700161918\n|move|p1a: Outline|Sacred Sword|p2a: Crown\n|-supereffective|p2a: Crown\n|-damage|p2a: Crown|0 fnt\n|faint|p2a: Crown\n|-end|p2a: Crown|fallen4|[silent]\n|-ability|p1a: Outline|Beast Boost|boost\n|-boost|p1a: Outline|atk|1\n|\n|upkeep\n|\n|t:|1700161925\n|switch|p2a: Kuro|Umbreon, M|100\/100\n|turn|19\n|\n|t:|1700161962\n|move|p1a: Outline|Sacred Sword|p2a: Kuro\n|-supereffective|p2a: Kuro\n|-damage|p2a: Kuro|5\/100\n|move|p2a: Kuro|Foul Play|p1a: Outline\n|-damage|p1a: Outline|0 fnt\n|faint|p1a: Outline\n|\n|-heal|p2a: Kuro|11\/100|[from] item: Leftovers\n|upkeep\n|\n|t:|1700161970\n|switch|p1a: Planci|Toxapex, F|56\/100\n|turn|20\n|c|\u2606Bluedusk16|HUH\n|c|\u2606JJenhances|ON TO THE ELEVENTH HOUR\n|c|\u2606Bluedusk16|im gonna be honeat i was not expecting to make it this far\n|c|\u2606Bluedusk16|oh well throwing it out rthere\n|\n|t:|1700162007\n|-terastallize|p2a: Kuro|Dark\n|move|p1a: Planci|Baneful Bunker|p1a: Planci\n|-singleturn|p1a: Planci|move: Protect\n|move|p2a: Kuro|Foul Play|p1a: Planci\n|-activate|p1a: Planci|move: Protect\n|-status|p2a: Kuro|psn\n|-activate|p2a: Kuro|ability: Synchronize\n|-immune|p1a: Planci\n|\n|-heal|p2a: Kuro|17\/100 psn|[from] item: Leftovers\n|-heal|p1a: Planci|63\/100|[from] item: Black Sludge\n|-damage|p2a: Kuro|4\/100 psn|[from] psn\n|upkeep\n|turn|21\n|\n|t:|1700162033\n|move|p2a: Kuro|Psychic|p1a: Planci\n|-supereffective|p1a: Planci\n|-damage|p1a: Planci|33\/100\n|move|p1a: Planci|Recover|p1a: Planci\n|-heal|p1a: Planci|83\/100\n|\n|-heal|p2a: Kuro|10\/100 psn|[from] item: Leftovers\n|-heal|p1a: Planci|89\/100|[from] item: Black Sludge\n|-damage|p2a: Kuro|0 fnt|[from] psn\n|faint|p2a: Kuro\n|\n|win|JJenhances\n|upkeep\n|c|\u2606Bluedusk16|ggggg\n|c|\u2606JJenhances|gg!!!!!!!!!!!!!\n|c|\u2606Bluedusk16|!!\n|c|\u2606JJenhances|SO MUCH FUN\n|c|\u2606Bluedusk16|YAAA\n","uploadtime":1700162070,"views":17,"p1id":"jjenhances","p2id":"bluedusk16","formatid":"gen9nationaldexubers","rating":0,"private":0,"password":""}