{"id":"gen9nationaldexubers-1989566350","p1":"C0ld as Ice","p2":"ygo is testing v2","format":"[Gen 9] National Dex Ubers","log":"|j|\u2606C0ld as Ice\n|j|\u2606ygo is testing v2\n|t:|1699872311\n|gametype|singles\n|player|p1|C0ld as Ice|schoolkid-gen4dp|1613\n|player|p2|ygo is testing v2|266|1750\n|teamsize|p1|6\n|teamsize|p2|6\n|gen|9\n|tier|[Gen 9] National Dex Ubers\n|rated|\n|rule|HP Percentage Mod: HP is shown in percentages\n|rule|Endless Battle Clause: Forcing endless battles is banned\n|rule|OHKO Clause: OHKO moves are banned\n|rule|Evasion Moves Clause: Evasion moves are banned\n|rule|Evasion Items Clause: Evasion items are banned\n|rule|Species Clause: Limit one of each Pok\u00e9mon\n|rule|Sleep Clause Mod: Limit one foe put to sleep\n|rule|Mega Rayquaza Clause: You cannot mega evolve Rayquaza\n|clearpoke\n|poke|p1|Zygarde|\n|poke|p1|Necrozma-Dusk-Mane|\n|poke|p1|Arceus|\n|poke|p1|Samurott-Hisui, M|\n|poke|p1|Flutter Mane|\n|poke|p1|Marshadow|\n|poke|p2|Zacian-*|\n|poke|p2|Groudon|\n|poke|p2|Iron Treads|\n|poke|p2|Salamence, F|\n|poke|p2|Arceus-Ground|\n|poke|p2|Yveltal|\n|teampreview\n|inactive|Battle timer is ON: inactive players will automatically lose when time's up. (requested by C0ld as Ice)\n|inactive|C0ld as Ice has 120 seconds left.\n|inactive|ygo is testing v2 has 120 seconds left.\n|\n|t:|1699872360\n|start\n|switch|p1a: Samurott|Samurott-Hisui, M, shiny|100\/100\n|switch|p2a: Iron Treads|Iron Treads|100\/100\n|turn|1\n|\n|t:|1699872374\n|move|p2a: Iron Treads|Earthquake|p1a: Samurott\n|-damage|p1a: Samurott|36\/100\n|move|p1a: Samurott|Ceaseless Edge|p2a: Iron Treads\n|-damage|p2a: Iron Treads|57\/100\n|-sidestart|p2: ygo is testing v2|Spikes\n|\n|upkeep\n|turn|2\n|\n|t:|1699872389\n|move|p2a: Iron Treads|Stealth Rock|p1a: Samurott\n|-sidestart|p1: C0ld as Ice|move: Stealth Rock\n|move|p1a: Samurott|Ceaseless Edge|p2a: Iron Treads\n|-crit|p2a: Iron Treads\n|-damage|p2a: Iron Treads|0 fnt\n|-sidestart|p2: ygo is testing v2|Spikes\n|faint|p2a: Iron Treads\n|-end|p2a: Iron Treads|Quark Drive|[silent]\n|\n|upkeep\n|\n|t:|1699872398\n|switch|p2a: Yveltal|Yveltal|100\/100\n|-ability|p2a: Yveltal|Dark Aura\n|turn|3\n|\n|t:|1699872403\n|move|p2a: Yveltal|Oblivion Wing|p1a: Samurott\n|-damage|p1a: Samurott|0 fnt\n|faint|p1a: Samurott\n|-damage|p2a: Yveltal|91\/100|[from] item: Life Orb\n|\n|upkeep\n|\n|t:|1699872413\n|switch|p1a: Arceus|Arceus|100\/100\n|-damage|p1a: Arceus|88\/100|[from] Stealth Rock\n|turn|4\n|\n|t:|1699872418\n|move|p2a: Yveltal|Dark Pulse|p1a: Arceus\n|-damage|p1a: Arceus|41\/100\n|-damage|p2a: Yveltal|81\/100|[from] item: Life Orb\n|move|p1a: Arceus|Swords Dance|p1a: Arceus\n|-boost|p1a: Arceus|atk|2\n|\n|upkeep\n|turn|5\n|\n|t:|1699872437\n|switch|p2a: Salamence|Salamence, F|100\/100\n|-ability|p2a: Salamence|Intimidate|boost\n|-unboost|p1a: Arceus|atk|1\n|move|p1a: Arceus|Extreme Speed|p2a: Salamence\n|-damage|p2a: Salamence|19\/100\n|\n|upkeep\n|turn|6\n|\n|t:|1699872441\n|detailschange|p2a: Salamence|Salamence-Mega, F\n|-mega|p2a: Salamence|Salamence|Salamencite\n|move|p1a: Arceus|Extreme Speed|p2a: Salamence\n|-damage|p2a: Salamence|0 fnt\n|faint|p2a: Salamence\n|\n|upkeep\n|\n|t:|1699872442\n|switch|p2a: Zacian|Zacian-Crowned|100\/100\n|-damage|p2a: Zacian|84\/100|[from] Spikes\n|-ability|p2a: Zacian|Intrepid Sword|boost\n|-boost|p2a: Zacian|atk|1\n|turn|7\n|\n|t:|1699872447\n|move|p2a: Zacian|Play Rough|p1a: Arceus\n|-damage|p1a: Arceus|0 fnt\n|faint|p1a: Arceus\n|\n|upkeep\n|\n|t:|1699872455\n|switch|p1a: Necrozma|Necrozma-Dusk-Mane, shiny|100\/100\n|-damage|p1a: Necrozma|94\/100|[from] Stealth Rock\n|turn|8\n|\n|t:|1699872462\n|move|p2a: Zacian|Swords Dance|p2a: Zacian\n|-boost|p2a: Zacian|atk|2\n|-zpower|p1a: Necrozma\n|move|p1a: Necrozma|Searing Sunraze Smash|p2a: Zacian|[zeffect]\n|-damage|p2a: Zacian|0 fnt\n|faint|p2a: Zacian\n|\n|upkeep\n|\n|t:|1699872477\n|switch|p2a: Yveltal|Yveltal|81\/100\n|-ability|p2a: Yveltal|Dark Aura\n|turn|9\n|\n|t:|1699872491\n|move|p2a: Yveltal|Dark Pulse|p1a: Necrozma\n|-supereffective|p1a: Necrozma\n|-damage|p1a: Necrozma|2\/100\n|-damage|p2a: Yveltal|71\/100|[from] item: Life Orb\n|move|p1a: Necrozma|Sunsteel Strike|p2a: Yveltal\n|-damage|p2a: Yveltal|9\/100\n|\n|upkeep\n|turn|10\n|\n|t:|1699872497\n|move|p2a: Yveltal|Oblivion Wing|p1a: Necrozma\n|-resisted|p1a: Necrozma\n|-damage|p1a: Necrozma|0 fnt\n|-heal|p2a: Yveltal|10\/100|[from] drain|[of] p1a: Necrozma\n|faint|p1a: Necrozma\n|-damage|p2a: Yveltal|0 fnt|[from] item: Life Orb\n|faint|p2a: Yveltal\n|\n|upkeep\n|\n|t:|1699872505\n|switch|p2a: Arceus|Arceus-Ground|100\/100\n|switch|p1a: Marshadow|Marshadow|100\/100\n|-damage|p2a: Arceus|84\/100|[from] Spikes\n|-damage|p1a: Marshadow|94\/100|[from] Stealth Rock\n|turn|11\n|\n|t:|1699872510\n|move|p2a: Arceus|Dragon Dance|p2a: Arceus\n|-boost|p2a: Arceus|atk|1\n|-boost|p2a: Arceus|spe|1\n|move|p1a: Marshadow|Poltergeist|p2a: Arceus\n|-activate|p2a: Arceus|move: Poltergeist|Groundium Z\n|-damage|p2a: Arceus|24\/100\n|-damage|p1a: Marshadow|84\/100|[from] item: Life Orb\n|\n|upkeep\n|turn|12\n|\n|t:|1699872518\n|move|p1a: Marshadow|Shadow Sneak|p2a: Arceus\n|-damage|p2a: Arceus|0 fnt\n|faint|p2a: Arceus\n|-damage|p1a: Marshadow|74\/100|[from] item: Life Orb\n|\n|upkeep\n|\n|t:|1699872521\n|switch|p2a: Groudon|Groudon|100\/100\n|-damage|p2a: Groudon|84\/100|[from] Spikes\n|detailschange|p2a: Groudon|Groudon-Primal\n|-primal|p2a: Groudon|Red Orb\n|-weather|DesolateLand|[from] ability: Desolate Land|[of] p2a: Groudon\n|turn|13\n|\n|t:|1699872525\n|move|p1a: Marshadow|Low Kick|p2a: Groudon\n|-damage|p2a: Groudon|33\/100\n|-damage|p1a: Marshadow|64\/100|[from] item: Life Orb\n|move|p2a: Groudon|Heat Crash|p1a: Marshadow\n|-damage|p1a: Marshadow|0 fnt\n|faint|p1a: Marshadow\n|\n|-weather|DesolateLand|[upkeep]\n|upkeep\n|\n|t:|1699872528\n|switch|p1a: Flutter Mane|Flutter Mane, shiny|100\/100\n|-damage|p1a: Flutter Mane|88\/100|[from] Stealth Rock\n|-enditem|p1a: Flutter Mane|Booster Energy\n|-activate|p1a: Flutter Mane|ability: Protosynthesis|[fromitem]\n|-start|p1a: Flutter Mane|protosynthesisspe\n|turn|14\n|\n|t:|1699872530\n|move|p1a: Flutter Mane|Shadow Ball|p2a: Groudon\n|-damage|p2a: Groudon|0 fnt\n|faint|p2a: Groudon\n|-weather|none\n|\n|win|C0ld as Ice\n|raw|C0ld as Ice's rating: 1613 &rarr; <strong>1641<\/strong><br \/>(+28 for winning)\n|raw|ygo is testing v2's rating: 1750 &rarr; <strong>1722<\/strong><br \/>(-28 for losing)\n|l|\u2606ygo is testing v2\n|l|\u2606C0ld as Ice\n","uploadtime":1699872694,"views":5,"p1id":"c0ldasice","p2id":"ygoistestingv2","formatid":"gen9nationaldexubers","rating":1641,"private":0,"password":""}