{"id":"gen9nationaldexubers-1983014531","p1":"Flames98765","p2":"MiraGraves","format":"[Gen 9] National Dex Ubers","log":"|j|\u2606Flames98765\n|j|\u2606MiraGraves\n|t:|1699070154\n|gametype|singles\n|player|p1|Flames98765|jasmine|\n|player|p2|MiraGraves|psychicf-gen4|\n|teamsize|p1|6\n|teamsize|p2|6\n|gen|9\n|tier|[Gen 9] National Dex Ubers\n|rule|HP Percentage Mod: HP is shown in percentages\n|rule|Endless Battle Clause: Forcing endless battles is banned\n|rule|OHKO Clause: OHKO moves are banned\n|rule|Evasion Moves Clause: Evasion moves are banned\n|rule|Evasion Items Clause: Evasion items are banned\n|rule|Species Clause: Limit one of each Pok\u00e9mon\n|rule|Sleep Clause Mod: Limit one foe put to sleep\n|rule|Mega Rayquaza Clause: You cannot mega evolve Rayquaza\n|clearpoke\n|poke|p1|Tapu Koko|\n|poke|p1|Leavanny, M|\n|poke|p1|Xurkitree|\n|poke|p1|Serperior, M|\n|poke|p1|Kartana|\n|poke|p1|Zekrom|\n|poke|p2|Ninetales-Alola, F|\n|poke|p2|Magearna|\n|poke|p2|Baxcalibur, M|\n|poke|p2|Heatran, M|\n|poke|p2|Victini|\n|poke|p2|Landorus-Therian, M|\n|teampreview\n|c|\u2606Flames98765|so how do you like the team\n|\n|t:|1699070199\n|start\n|switch|p1a: Tapu Koko|Tapu Koko|100\/100\n|switch|p2a: Ninetales|Ninetales-Alola, F|100\/100\n|-fieldstart|move: Electric Terrain|[from] ability: Electric Surge|[of] p1a: Tapu Koko\n|-weather|Snow|[from] ability: Snow Warning|[of] p2a: Ninetales\n|turn|1\n|c|\u2606MiraGraves|It's. Not fun...\n|\n|t:|1699070217\n|move|p1a: Tapu Koko|Thunderbolt|p2a: Ninetales\n|-damage|p2a: Ninetales|46\/100\n|move|p2a: Ninetales|Aurora Veil|p2a: Ninetales\n|-sidestart|p2: MiraGraves|move: Aurora Veil\n|\n|-weather|Snow|[upkeep]\n|upkeep\n|turn|2\n|c|\u2606Flames98765|y not\n|\n|t:|1699070228\n|move|p1a: Tapu Koko|Nature's Madness|p2a: Ninetales\n|-damage|p2a: Ninetales|23\/100\n|move|p2a: Ninetales|Blizzard|p1a: Tapu Koko\n|-crit|p1a: Tapu Koko\n|-damage|p1a: Tapu Koko|36\/100\n|\n|-weather|Snow|[upkeep]\n|upkeep\n|turn|3\n|c|\u2606MiraGraves|Scary AF\n|\n|t:|1699070249\n|switch|p2a: Victini|Victini|100\/100\n|move|p1a: Tapu Koko|Thunderbolt|p2a: Victini\n|-damage|p2a: Victini|74\/100\n|\n|-weather|Snow|[upkeep]\n|upkeep\n|turn|4\n|\n|t:|1699070297\n|move|p1a: Tapu Koko|Volt Switch|p2a: Victini\n|-damage|p2a: Victini|56\/100\n|\n|t:|1699070300\n|switch|p1a: Zekrom|Zekrom|100\/100|[from] Volt Switch\n|-ability|p1a: Zekrom|Teravolt\n|-zpower|p2a: Victini\n|move|p2a: Victini|Z-Celebrate|p2a: Victini|[anim]Celebrate\n|-boost|p2a: Victini|atk|1|[zeffect]\n|-boost|p2a: Victini|def|1|[zeffect]\n|-boost|p2a: Victini|spa|1|[zeffect]\n|-boost|p2a: Victini|spd|1|[zeffect]\n|-boost|p2a: Victini|spe|1|[zeffect]\n|-activate|p2a: Victini|move: Celebrate\n|\n|-weather|Snow|[upkeep]\n|upkeep\n|turn|5\n|\n|t:|1699070316\n|move|p2a: Victini|Stored Power|p1a: Zekrom\n|-damage|p1a: Zekrom|40\/100\n|move|p1a: Zekrom|Bolt Strike|p2a: Victini|[miss]\n|-miss|p1a: Zekrom|p2a: Victini\n|\n|-weather|Snow|[upkeep]\n|-sideend|p2: MiraGraves|move: Aurora Veil\n|-fieldend|move: Electric Terrain\n|upkeep\n|turn|6\n|\n|t:|1699070330\n|move|p2a: Victini|Stored Power|p1a: Zekrom\n|-damage|p1a: Zekrom|0 fnt\n|faint|p1a: Zekrom\n|\n|-weather|Snow|[upkeep]\n|upkeep\n|\n|t:|1699070352\n|switch|p1a: Serperior|Serperior, M|100\/100\n|turn|7\n|\n|t:|1699070359\n|-terastallize|p1a: Serperior|Fire\n|move|p2a: Victini|Searing Shot|p1a: Serperior\n|-resisted|p1a: Serperior\n|-damage|p1a: Serperior|63\/100\n|move|p1a: Serperior|Glare|p2a: Victini\n|-status|p2a: Victini|par\n|\n|-weather|Snow|[upkeep]\n|-heal|p1a: Serperior|70\/100|[from] item: Leftovers\n|upkeep\n|turn|8\n|\n|t:|1699070373\n|move|p1a: Serperior|Substitute|p1a: Serperior\n|-start|p1a: Serperior|Substitute\n|-damage|p1a: Serperior|45\/100\n|move|p2a: Victini|Stored Power|p1a: Serperior\n|-end|p1a: Serperior|Substitute\n|\n|-weather|none\n|-heal|p1a: Serperior|51\/100|[from] item: Leftovers\n|upkeep\n|turn|9\n|c|\u2606MiraGraves|Nice\n|\n|t:|1699070382\n|move|p1a: Serperior|Substitute|p1a: Serperior\n|-start|p1a: Serperior|Substitute\n|-damage|p1a: Serperior|26\/100\n|move|p2a: Victini|Stored Power|p1a: Serperior\n|-crit|p1a: Serperior\n|-end|p1a: Serperior|Substitute\n|\n|-heal|p1a: Serperior|32\/100|[from] item: Leftovers\n|upkeep\n|turn|10\n|c|\u2606MiraGraves|Good tera\n|c|\u2606Flames98765|victini should've been dead to zekrom\n|\n|t:|1699070401\n|move|p1a: Serperior|Substitute|p1a: Serperior\n|-start|p1a: Serperior|Substitute\n|-damage|p1a: Serperior|8\/100\n|move|p2a: Victini|Stored Power|p1a: Serperior\n|-end|p1a: Serperior|Substitute\n|\n|-heal|p1a: Serperior|14\/100|[from] item: Leftovers\n|upkeep\n|turn|11\n|\n|t:|1699070408\n|move|p1a: Serperior|Leaf Storm|p2a: Victini\n|-resisted|p2a: Victini\n|-damage|p2a: Victini|41\/100 par\n|-boost|p1a: Serperior|spa|2\n|move|p2a: Victini|Stored Power|p1a: Serperior\n|-damage|p1a: Serperior|0 fnt\n|faint|p1a: Serperior\n|\n|upkeep\n|c|\u2606MiraGraves|I'm gonna get reverse swept again\n|\n|t:|1699070437\n|switch|p1a: Xurkitree|Xurkitree|100\/100\n|turn|12\n|\n|t:|1699070444\n|move|p1a: Xurkitree|Thunderbolt|p2a: Victini\n|-damage|p2a: Victini|0 fnt\n|faint|p2a: Victini\n|-ability|p1a: Xurkitree|Beast Boost|boost\n|-boost|p1a: Xurkitree|spa|1\n|\n|upkeep\n|\n|t:|1699070450\n|switch|p2a: Ninetales|Ninetales-Alola, F|23\/100\n|-weather|Snow|[from] ability: Snow Warning|[of] p2a: Ninetales\n|turn|13\n|\n|t:|1699070459\n|move|p2a: Ninetales|Aurora Veil|p2a: Ninetales\n|-sidestart|p2: MiraGraves|move: Aurora Veil\n|-zpower|p1a: Xurkitree\n|move|p1a: Xurkitree|Z-Hypnosis|p2a: Ninetales|[anim]Hypnosis\n|-boost|p1a: Xurkitree|spe|1|[zeffect]\n|-status|p2a: Ninetales|slp|[from] move: Hypnosis\n|\n|-weather|Snow|[upkeep]\n|upkeep\n|turn|14\n|\n|t:|1699070472\n|switch|p2a: Baxcalibur|Baxcalibur, M|100\/100\n|move|p1a: Xurkitree|Tail Glow|p1a: Xurkitree\n|-boost|p1a: Xurkitree|spa|3\n|\n|-weather|Snow|[upkeep]\n|upkeep\n|turn|15\n|\n|t:|1699070496\n|-terastallize|p2a: Baxcalibur|Dragon\n|move|p1a: Xurkitree|Dazzling Gleam|p2a: Baxcalibur\n|-supereffective|p2a: Baxcalibur\n|-damage|p2a: Baxcalibur|0 fnt\n|faint|p2a: Baxcalibur\n|-ability|p1a: Xurkitree|Beast Boost|boost\n|-boost|p1a: Xurkitree|spa|1\n|\n|-weather|Snow|[upkeep]\n|upkeep\n|c|\u2606MiraGraves|F\n|\n|t:|1699070504\n|switch|p2a: Heatran|Heatran, M|100\/100\n|-item|p2a: Heatran|Air Balloon\n|turn|16\n|\n|t:|1699070511\n|move|p1a: Xurkitree|Thunderbolt|p2a: Heatran\n|-damage|p2a: Heatran|15\/100\n|-enditem|p2a: Heatran|Air Balloon\n|move|p2a: Heatran|Roar|p1a: Xurkitree\n|drag|p1a: Leavanny|Leavanny, M|100\/100\n|\n|-weather|Snow|[upkeep]\n|upkeep\n|turn|17\n|c|\u2606MiraGraves|Gonna lose against\n|c|\u2606MiraGraves|Again\n|\n|t:|1699070526\n|switch|p1a: Tapu Koko|Tapu Koko|36\/100\n|-fieldstart|move: Electric Terrain|[from] ability: Electric Surge|[of] p1a: Tapu Koko\n|move|p2a: Heatran|Magma Storm|p1a: Tapu Koko|[miss]\n|-miss|p2a: Heatran|p1a: Tapu Koko\n|\n|-weather|Snow|[upkeep]\n|-sideend|p2: MiraGraves|move: Aurora Veil\n|upkeep\n|turn|18\n|\n|t:|1699070536\n|move|p1a: Tapu Koko|Volt Switch|p2a: Heatran\n|-damage|p2a: Heatran|0 fnt\n|faint|p2a: Heatran\n|c|\u2606MiraGraves|L\n|\n|t:|1699070544\n|switch|p1a: Leavanny|Leavanny, M|100\/100|[from] Volt Switch\n|\n|-weather|Snow|[upkeep]\n|upkeep\n|\n|t:|1699070555\n|switch|p2a: Magearna|Magearna|100\/100\n|turn|19\n|\n|t:|1699070561\n|move|p1a: Leavanny|Switcheroo|p2a: Magearna\n|-activate|p1a: Leavanny|move: Trick|[of] p2a: Magearna\n|-item|p2a: Magearna|Choice Scarf|[from] move: Switcheroo\n|-item|p1a: Leavanny|Leftovers|[from] move: Switcheroo\n|move|p2a: Magearna|Calm Mind|p2a: Magearna\n|-boost|p2a: Magearna|spa|1\n|-boost|p2a: Magearna|spd|1\n|\n|-weather|Snow|[upkeep]\n|upkeep\n|turn|20\n|c|\u2606Flames98765|enjoy\n|\n|t:|1699070574\n|switch|p2a: Landorus|Landorus-Therian, M|100\/100\n|-ability|p2a: Landorus|Intimidate|boost\n|-unboost|p1a: Leavanny|atk|1\n|move|p1a: Leavanny|Toxic|p2a: Landorus\n|-status|p2a: Landorus|tox\n|\n|-weather|none\n|-damage|p2a: Landorus|95\/100 tox|[from] psn\n|upkeep\n|turn|21\n|c|\u2606MiraGraves|Yep\n|\n|t:|1699070587\n|move|p1a: Leavanny|Sticky Web|p2a: Landorus\n|-sidestart|p2: MiraGraves|move: Sticky Web\n|move|p2a: Landorus|Earthquake|p1a: Leavanny\n|-resisted|p1a: Leavanny\n|-damage|p1a: Leavanny|80\/100\n|\n|-heal|p1a: Leavanny|86\/100|[from] item: Leftovers\n|-damage|p2a: Landorus|83\/100 tox|[from] psn\n|-fieldend|move: Electric Terrain\n|upkeep\n|turn|22\n|c|\u2606MiraGraves|I give up\n|-message|MiraGraves forfeited.\n|\n|win|Flames98765\n|l|\u2606MiraGraves\n|c|\u2606Flames98765|y\n","uploadtime":1699070603,"views":10,"p1id":"flames98765","p2id":"miragraves","formatid":"gen9nationaldexubers","rating":0,"private":0,"password":""}