{"id":"gen9nationaldexubers-1978939431","p1":"Guj Genera","p2":"Cold Finally","format":"[Gen 9] National Dex Ubers","log":"|j|\u2606Guj Genera\n|j|\u2606Cold Finally\n|t:|1698612507\n|gametype|singles\n|player|p1|Guj Genera|red|\n|player|p2|Cold Finally|iris-masters|\n|teamsize|p1|6\n|teamsize|p2|6\n|gen|9\n|tier|[Gen 9] National Dex Ubers\n|rule|HP Percentage Mod: HP is shown in percentages\n|rule|Endless Battle Clause: Forcing endless battles is banned\n|rule|OHKO Clause: OHKO moves are banned\n|rule|Evasion Moves Clause: Evasion moves are banned\n|rule|Evasion Items Clause: Evasion items are banned\n|rule|Species Clause: Limit one of each Pok\u00e9mon\n|rule|Sleep Clause Mod: Limit one foe put to sleep\n|rule|Mega Rayquaza Clause: You cannot mega evolve Rayquaza\n|clearpoke\n|poke|p1|Zeraora|\n|poke|p1|Inteleon, M|\n|poke|p1|Diancie|\n|poke|p1|Kartana|\n|poke|p1|Landorus-Therian, M|\n|poke|p1|Cinderace, F|\n|poke|p2|Tapu Bulu|\n|poke|p2|Grimmsnarl, M|\n|poke|p2|Mawile, F|\n|poke|p2|Delphox, M|\n|poke|p2|Hatterene, F|\n|poke|p2|Tapu Koko|\n|teampreview\n|inactive|Battle timer is ON: inactive players will automatically lose when time's up. (requested by Guj Genera)\n|j| sebs mama\n|c|\u2606Guj Genera|Gljf\n|c|\u2606Cold Finally|u2\n|c|\u2606Guj Genera|hf*\n|inactive|Cold Finally has 270 seconds left.\n|\n|t:|1698612537\n|start\n|switch|p1a: Landorus|Landorus-Therian, M, shiny|100\/100\n|switch|p2a: Hot Koko|Tapu Koko, shiny|100\/100\n|-fieldstart|move: Electric Terrain|[from] ability: Electric Surge|[of] p2a: Hot Koko\n|-ability|p1a: Landorus|Intimidate|boost\n|-unboost|p2a: Hot Koko|atk|1\n|turn|1\n|j| vespyyy\n|j| Pex hater\n|inactive|Cold Finally has 270 seconds left.\n|\n|t:|1698612588\n|move|p2a: Hot Koko|Hidden Power|p1a: Landorus\n|-supereffective|p1a: Landorus\n|-damage|p1a: Landorus|0 fnt\n|faint|p1a: Landorus\n|\n|upkeep\n|\n|t:|1698612595\n|switch|p1a: Diancie|Diancie, shiny|100\/100\n|turn|2\n|\n|t:|1698612602\n|switch|p2a: Hollywood|Hatterene, F|100\/100\n|detailschange|p1a: Diancie|Diancie-Mega, shiny\n|-mega|p1a: Diancie|Diancie|Diancite\n|move|p1a: Diancie|Diamond Storm|p2a: Hollywood\n|-damage|p2a: Hollywood|58\/100\n|\n|-heal|p2a: Hollywood|64\/100|[from] item: Leftovers\n|upkeep\n|turn|3\n|\n|t:|1698612610\n|move|p1a: Diancie|Diamond Storm|p2a: Hollywood\n|-damage|p2a: Hollywood|25\/100\n|-boost|p1a: Diancie|def|2\n|move|p2a: Hollywood|Nuzzle|p1a: Diancie\n|-damage|p1a: Diancie|96\/100\n|-status|p1a: Diancie|par\n|\n|-heal|p2a: Hollywood|31\/100|[from] item: Leftovers\n|upkeep\n|turn|4\n|inactive|Cold Finally has 270 seconds left.\n|\n|t:|1698612634\n|switch|p2a: the Beast|Tapu Bulu, shiny|100\/100\n|-fieldstart|move: Grassy Terrain|[from] ability: Grassy Surge|[of] p2a: the Beast\n|cant|p1a: Diancie|par\n|\n|-heal|p1a: Diancie|100\/100 par|[from] Grassy Terrain\n|upkeep\n|turn|5\n|l| vespyyy\n|inactive|Cold Finally has 240 seconds left.\n|\n|t:|1698612667\n|move|p2a: the Beast|Close Combat|p1a: Diancie\n|-damage|p1a: Diancie|69\/100 par\n|-unboost|p2a: the Beast|def|1\n|-unboost|p2a: the Beast|spd|1\n|move|p1a: Diancie|Diamond Storm|p2a: the Beast\n|-crit|p2a: the Beast\n|-damage|p2a: the Beast|0 fnt\n|faint|p2a: the Beast\n|\n|-heal|p1a: Diancie|75\/100 par|[from] Grassy Terrain\n|upkeep\n|\n|t:|1698612684\n|switch|p2a: Hot Koko|Tapu Koko, shiny|100\/100\n|-fieldstart|move: Electric Terrain|[from] ability: Electric Surge|[of] p2a: Hot Koko\n|turn|6\n|\n|t:|1698612688\n|move|p2a: Hot Koko|Thunderbolt|p1a: Diancie\n|-damage|p1a: Diancie|0 fnt\n|faint|p1a: Diancie\n|\n|upkeep\n|\n|t:|1698612694\n|switch|p1a: Kartana|Kartana, shiny|100\/100\n|turn|7\n|inactive|Cold Finally has 240 seconds left.\n|\n|t:|1698612728\n|move|p1a: Kartana|Knock Off|p2a: Hot Koko\n|-resisted|p2a: Hot Koko\n|-damage|p2a: Hot Koko|69\/100\n|-enditem|p2a: Hot Koko|Choice Specs|[from] move: Knock Off|[of] p1a: Kartana\n|move|p2a: Hot Koko|Thunderbolt|p1a: Kartana\n|-resisted|p1a: Kartana\n|-damage|p1a: Kartana|20\/100\n|\n|upkeep\n|turn|8\n|\n|t:|1698612747\n|switch|p1a: Zeraora|Zeraora, shiny|100\/100\n|move|p2a: Hot Koko|Thunderbolt|p1a: Zeraora\n|-immune|p1a: Zeraora|[from] ability: Volt Absorb\n|\n|upkeep\n|turn|9\n|\n|t:|1698612755\n|switch|p2a: ass goblin|Grimmsnarl, M, shiny|100\/100\n|move|p1a: Zeraora|Grass Knot|p2a: ass goblin\n|-damage|p2a: ass goblin|85\/100\n|\n|upkeep\n|turn|10\n|\n|t:|1698612759\n|move|p2a: ass goblin|Reflect|p2a: ass goblin\n|-sidestart|p2: Cold Finally|Reflect\n|move|p1a: Zeraora|Play Rough|p2a: ass goblin\n|-supereffective|p2a: ass goblin\n|-damage|p2a: ass goblin|47\/100\n|\n|-fieldend|move: Electric Terrain\n|upkeep\n|turn|11\n|\n|t:|1698612768\n|move|p2a: ass goblin|Parting Shot|p1a: Zeraora\n|-unboost|p1a: Zeraora|atk|1\n|-unboost|p1a: Zeraora|spa|1\n|\n|t:|1698612784\n|switch|p2a: Gothmo|Mawile, F|100\/100|[from] Parting Shot\n|-ability|p2a: Gothmo|Intimidate|boost\n|-unboost|p1a: Zeraora|atk|1\n|move|p1a: Zeraora|Play Rough|p2a: Gothmo\n|-resisted|p2a: Gothmo\n|-damage|p2a: Gothmo|96\/100\n|\n|upkeep\n|turn|12\n|\n|t:|1698612793\n|switch|p1a: Inteleon|Inteleon, M, shiny|100\/100\n|detailschange|p2a: Gothmo|Mawile-Mega, F\n|-mega|p2a: Gothmo|Mawile|Mawilite\n|move|p2a: Gothmo|Swords Dance|p2a: Gothmo\n|-boost|p2a: Gothmo|atk|2\n|\n|upkeep\n|turn|13\n|\n|t:|1698612801\n|move|p2a: Gothmo|Sucker Punch|p1a: Inteleon\n|-damage|p1a: Inteleon|0 fnt\n|faint|p1a: Inteleon\n|\n|upkeep\n|\n|t:|1698612805\n|switch|p1a: Cinderace|Cinderace, F, shiny|100\/100\n|turn|14\n|\n|t:|1698612810\n|move|p2a: Gothmo|Sucker Punch|p1a: Cinderace\n|-damage|p1a: Cinderace|0 fnt\n|faint|p1a: Cinderace\n|\n|upkeep\n|\n|t:|1698612813\n|switch|p1a: Zeraora|Zeraora, shiny|100\/100\n|turn|15\n|inactive|Cold Finally has 240 seconds left.\n|l| sebs mama\n|\n|t:|1698612854\n|move|p2a: Gothmo|Sucker Punch|p1a: Zeraora\n|-damage|p1a: Zeraora|0 fnt\n|faint|p1a: Zeraora\n|\n|upkeep\n|\n|t:|1698612858\n|switch|p1a: Kartana|Kartana, shiny|20\/100\n|turn|16\n|\n|t:|1698612863\n|move|p2a: Gothmo|Sucker Punch|p1a: Kartana\n|-damage|p1a: Kartana|0 fnt\n|faint|p1a: Kartana\n|\n|win|Cold Finally\n|c|\u2606Cold Finally|gg\n|c|\u2606Guj Genera|Ggwp\n|l|\u2606Guj Genera\n","uploadtime":1698612949,"views":20,"p1id":"gujgenera","p2id":"coldfinally","formatid":"gen9nationaldexubers","rating":0,"private":0,"password":""}