{"id":"gen9nationaldexubers-1995101374","p1":"IncandescentCandle","p2":"PsiFi","format":"[Gen 9] National Dex Ubers","log":"|j|\u2606IncandescentCandle\n|j|\u2606PsiFi\n|t:|1700522679\n|gametype|singles\n|player|p1|IncandescentCandle|iono|\n|player|p2|PsiFi|steven|\n|teamsize|p1|6\n|teamsize|p2|6\n|gen|9\n|tier|[Gen 9] National Dex Ubers\n|rule|HP Percentage Mod: HP is shown in percentages\n|rule|Endless Battle Clause: Forcing endless battles is banned\n|rule|OHKO Clause: OHKO moves are banned\n|rule|Evasion Moves Clause: Evasion moves are banned\n|rule|Evasion Items Clause: Evasion items are banned\n|rule|Species Clause: Limit one of each Pok\u00e9mon\n|rule|Sleep Clause Mod: Limit one foe put to sleep\n|rule|Mega Rayquaza Clause: You cannot mega evolve Rayquaza\n|clearpoke\n|poke|p1|Tapu Bulu|\n|poke|p1|Blissey, F|\n|poke|p1|Corviknight, M|\n|poke|p1|Weavile, M|\n|poke|p1|Latias, F|\n|poke|p1|Skeledirge, M|\n|poke|p2|Sableye, M|\n|poke|p2|Dragapult, F|\n|poke|p2|Aegislash, F|\n|poke|p2|Lunala|\n|poke|p2|Gholdengo|\n|poke|p2|Skeledirge, F|\n|teampreview\n|c|\u2606IncandescentCandle|glhf\n|c|\u2606IncandescentCandle|dragon corv\n|c|\u2606PsiFi|glhf\n|\n|t:|1700522712\n|start\n|switch|p1a: Group Rascal|Weavile, M|100\/100\n|switch|p2a: Gholdengo|Gholdengo|100\/100\n|turn|1\n|\n|t:|1700522718\n|switch|p1a: Shield Of Mind|Blissey, F|100\/100\n|move|p2a: Gholdengo|Make It Rain|p1a: Shield Of Mind\n|-damage|p1a: Shield Of Mind|84\/100\n|-unboost|p2a: Gholdengo|spa|1\n|\n|-heal|p1a: Shield Of Mind|90\/100|[from] item: Leftovers\n|upkeep\n|turn|2\n|j| AegiSwaggy\n|\n|t:|1700522758\n|switch|p2a: Skeledirge|Skeledirge, F|100\/100\n|move|p1a: Shield Of Mind|Teleport|p1a: Shield Of Mind\n|c|\u2606IncandescentCandle|hm\n|\n|t:|1700522778\n|switch|p1a: Eon Guardian|Latias, F|100\/100|[from] Teleport\n|\n|upkeep\n|turn|3\n|\n|t:|1700522788\n|detailschange|p1a: Eon Guardian|Latias-Mega, F\n|-mega|p1a: Eon Guardian|Latias|Latiasite\n|move|p1a: Eon Guardian|Draco Meteor|p2a: Skeledirge\n|-damage|p2a: Skeledirge|20\/100\n|-unboost|p1a: Eon Guardian|spa|2\n|move|p2a: Skeledirge|Encore|p1a: Eon Guardian\n|-start|p1a: Eon Guardian|Encore\n|\n|-heal|p2a: Skeledirge|26\/100|[from] item: Leftovers\n|upkeep\n|turn|4\n|c|\u2606IncandescentCandle|i-\n|c|\u2606IncandescentCandle|sure\n|\n|t:|1700522807\n|switch|p2a: Sableye|Sableye, M|100\/100\n|move|p1a: Eon Guardian|Draco Meteor|p2a: Sableye\n|-damage|p2a: Sableye|65\/100\n|-unboost|p1a: Eon Guardian|spa|2\n|\n|upkeep\n|turn|5\n|j| Astro Rifk\n|\n|t:|1700522815\n|switch|p1a: Shield Of Mind|Blissey, F|90\/100\n|detailschange|p2a: Sableye|Sableye-Mega, M\n|-mega|p2a: Sableye|Sableye|Sablenite\n|move|p2a: Sableye|Recover|p2a: Sableye\n|-heal|p2a: Sableye|100\/100\n|\n|-heal|p1a: Shield Of Mind|96\/100|[from] item: Leftovers\n|upkeep\n|turn|6\n|\n|t:|1700522820\n|move|p2a: Sableye|Taunt|p1a: Shield Of Mind\n|-start|p1a: Shield Of Mind|move: Taunt\n|cant|p1a: Shield Of Mind|move: Taunt|Teleport\n|\n|-heal|p1a: Shield Of Mind|100\/100|[from] item: Leftovers\n|upkeep\n|turn|7\n|c|\u2606PsiFi|nuh uh\n|c|\u2606IncandescentCandle|:(\n|\n|t:|1700522841\n|switch|p1a: Eon Guardian|Latias-Mega, F|100\/100\n|move|p2a: Sableye|Foul Play|p1a: Eon Guardian\n|-supereffective|p1a: Eon Guardian\n|-damage|p1a: Eon Guardian|53\/100\n|\n|upkeep\n|turn|8\n|\n|t:|1700522851\n|switch|p1a: Fight The Swarm|Tapu Bulu|100\/100\n|-fieldstart|move: Grassy Terrain|[from] ability: Grassy Surge|[of] p1a: Fight The Swarm\n|move|p2a: Sableye|Foul Play|p1a: Fight The Swarm\n|-resisted|p1a: Fight The Swarm\n|-damage|p1a: Fight The Swarm|88\/100\n|\n|-heal|p1a: Fight The Swarm|94\/100|[from] Grassy Terrain\n|-heal|p1a: Fight The Swarm|100\/100|[from] item: Leftovers\n|upkeep\n|turn|9\n|\n|t:|1700522861\n|move|p1a: Fight The Swarm|Substitute|p1a: Fight The Swarm\n|-start|p1a: Fight The Swarm|Substitute\n|-damage|p1a: Fight The Swarm|75\/100\n|move|p2a: Sableye|Will-O-Wisp||[still]\n|-fail|p2a: Sableye\n|\n|-heal|p1a: Fight The Swarm|82\/100|[from] Grassy Terrain\n|-heal|p1a: Fight The Swarm|88\/100|[from] item: Leftovers\n|upkeep\n|turn|10\n|\n|t:|1700522868\n|switch|p2a: Skeledirge|Skeledirge, F|26\/100\n|move|p1a: Fight The Swarm|Dazzling Gleam|p2a: Skeledirge\n|-resisted|p2a: Skeledirge\n|-damage|p2a: Skeledirge|13\/100\n|\n|-heal|p2a: Skeledirge|19\/100|[from] Grassy Terrain\n|-heal|p2a: Skeledirge|25\/100|[from] item: Leftovers\n|-heal|p1a: Fight The Swarm|94\/100|[from] Grassy Terrain\n|-heal|p1a: Fight The Swarm|99\/100|[from] item: Leftovers\n|upkeep\n|turn|11\n|\n|t:|1700522878\n|move|p2a: Skeledirge|Slack Off|p2a: Skeledirge\n|-heal|p2a: Skeledirge|75\/100\n|move|p1a: Fight The Swarm|Darkest Lariat|p2a: Skeledirge\n|-supereffective|p2a: Skeledirge\n|-damage|p2a: Skeledirge|46\/100\n|\n|-heal|p2a: Skeledirge|52\/100|[from] Grassy Terrain\n|-heal|p2a: Skeledirge|58\/100|[from] item: Leftovers\n|-heal|p1a: Fight The Swarm|100\/100|[from] Grassy Terrain\n|upkeep\n|turn|12\n|c|\u2606IncandescentCandle|AAAA\n|c|\u2606IncandescentCandle|ur fast\n|c|\u2606PsiFi|ur slow :3\n|c| AegiSwaggy|speedy dirge\n|c| AegiSwaggy|:3\n|c| Astro Rifk|:tooslow:\n|\n|t:|1700522908\n|switch|p1a: Eon Guardian|Latias-Mega, F|53\/100\n|move|p2a: Skeledirge|Slack Off|p2a: Skeledirge\n|-heal|p2a: Skeledirge|100\/100\n|\n|-fieldend|move: Grassy Terrain\n|upkeep\n|turn|13\n|\n|t:|1700522913\n|move|p1a: Eon Guardian|Draco Meteor|p2a: Skeledirge\n|-damage|p2a: Skeledirge|29\/100\n|-unboost|p1a: Eon Guardian|spa|2\n|move|p2a: Skeledirge|Shadow Ball|p1a: Eon Guardian\n|-supereffective|p1a: Eon Guardian\n|-damage|p1a: Eon Guardian|2\/100\n|-unboost|p1a: Eon Guardian|spd|1\n|\n|-heal|p2a: Skeledirge|35\/100|[from] item: Leftovers\n|upkeep\n|turn|14\n|c|\u2606PsiFi|:(\n|c|\u2606IncandescentCandle|5 hp\n|c|\u2606IncandescentCandle|mlati :goat:\n|\n|t:|1700522932\n|move|p1a: Eon Guardian|Draco Meteor|p2a: Skeledirge\n|-damage|p2a: Skeledirge|0 fnt\n|-unboost|p1a: Eon Guardian|spa|2\n|faint|p2a: Skeledirge\n|\n|upkeep\n|c|\u2606PsiFi|damn\n|\n|t:|1700522943\n|switch|p2a: Dragapult|Dragapult, F, shiny|100\/100\n|turn|15\n|c|\u2606IncandescentCandle|unaware means that draco doesn't lose power\n|\n|t:|1700522949\n|switch|p1a: Shield Of Body|Corviknight, M|100\/100\n|-ability|p1a: Shield Of Body|Pressure\n|move|p2a: Dragapult|Substitute|p2a: Dragapult\n|-start|p2a: Dragapult|Substitute\n|-damage|p2a: Dragapult|76\/100\n|\n|-heal|p2a: Dragapult|82\/100|[from] item: Leftovers\n|upkeep\n|turn|16\n|\n|t:|1700522955\n|move|p2a: Dragapult|Dragon Dance|p2a: Dragapult\n|-boost|p2a: Dragapult|atk|1\n|-boost|p2a: Dragapult|spe|1\n|move|p1a: Shield Of Body|Brave Bird|p2a: Dragapult\n|-end|p2a: Dragapult|Substitute\n|-damage|p1a: Shield Of Body|94\/100|[from] Recoil|[of] p2a: Dragapult\n|\n|-heal|p2a: Dragapult|88\/100|[from] item: Leftovers\n|-heal|p1a: Shield Of Body|99\/100|[from] item: Leftovers\n|upkeep\n|turn|17\n|\n|t:|1700523020\n|-terastallize|p2a: Dragapult|Ghost\n|move|p2a: Dragapult|Tera Blast|p1a: Shield Of Body|[anim] Tera Blast Ghost\n|-damage|p1a: Shield Of Body|46\/100\n|move|p1a: Shield Of Body|Payback|p2a: Dragapult\n|-supereffective|p2a: Dragapult\n|-damage|p2a: Dragapult|35\/100\n|\n|-heal|p2a: Dragapult|41\/100|[from] item: Leftovers\n|-heal|p1a: Shield Of Body|52\/100|[from] item: Leftovers\n|upkeep\n|turn|18\n|c|\u2606IncandescentCandle|oh you've gotta be-\n|\n|t:|1700523031\n|switch|p1a: Shield Of Mind|Blissey, F|100\/100\n|move|p2a: Dragapult|Tera Blast|p1a: Shield Of Mind|[anim] Tera Blast Ghost\n|-immune|p1a: Shield Of Mind\n|\n|-heal|p2a: Dragapult|47\/100|[from] item: Leftovers\n|upkeep\n|turn|19\n|\n|t:|1700523035\n|switch|p1a: Fight The Swarm|Tapu Bulu|100\/100\n|-fieldstart|move: Grassy Terrain|[from] ability: Grassy Surge|[of] p1a: Fight The Swarm\n|move|p2a: Dragapult|Dragon Darts|p1a: Fight The Swarm\n|-immune|p1a: Fight The Swarm\n|\n|-heal|p2a: Dragapult|53\/100|[from] Grassy Terrain\n|-heal|p2a: Dragapult|59\/100|[from] item: Leftovers\n|upkeep\n|turn|20\n|\n|t:|1700523039\n|move|p2a: Dragapult|Substitute|p2a: Dragapult\n|-start|p2a: Dragapult|Substitute\n|-damage|p2a: Dragapult|34\/100\n|move|p1a: Fight The Swarm|Darkest Lariat|p2a: Dragapult\n|-supereffective|p2a: Dragapult\n|-end|p2a: Dragapult|Substitute\n|\n|-heal|p2a: Dragapult|40\/100|[from] Grassy Terrain\n|-heal|p2a: Dragapult|46\/100|[from] item: Leftovers\n|upkeep\n|turn|21\n|\n|t:|1700523045\n|move|p2a: Dragapult|Tera Blast|p1a: Fight The Swarm|[anim] Tera Blast Ghost\n|-damage|p1a: Fight The Swarm|47\/100\n|move|p1a: Fight The Swarm|Darkest Lariat|p2a: Dragapult\n|-supereffective|p2a: Dragapult\n|-damage|p2a: Dragapult|0 fnt\n|faint|p2a: Dragapult\n|\n|-heal|p1a: Fight The Swarm|53\/100|[from] Grassy Terrain\n|-heal|p1a: Fight The Swarm|59\/100|[from] item: Leftovers\n|upkeep\n|\n|t:|1700523065\n|switch|p2a: Aegislash|Aegislash, F|100\/100\n|turn|22\n|\n|t:|1700523072\n|switch|p1a: Shield Of Body|Corviknight, M|52\/100\n|-ability|p1a: Shield Of Body|Pressure\n|move|p2a: Aegislash|Substitute|p2a: Aegislash\n|-start|p2a: Aegislash|Substitute\n|-damage|p2a: Aegislash|76\/100\n|\n|-heal|p1a: Shield Of Body|58\/100|[from] item: Leftovers\n|-heal|p2a: Aegislash|82\/100|[from] Grassy Terrain\n|-heal|p2a: Aegislash|88\/100|[from] item: Leftovers\n|upkeep\n|turn|23\n|\n|t:|1700523077\n|move|p1a: Shield Of Body|Roost|p1a: Shield Of Body\n|-heal|p1a: Shield Of Body|100\/100\n|-singleturn|p1a: Shield Of Body|move: Roost\n|-formechange|p2a: Aegislash|Aegislash-Blade||[from] ability: Stance Change\n|move|p2a: Aegislash|Flash Cannon|p1a: Shield Of Body\n|-resisted|p1a: Shield Of Body\n|-damage|p1a: Shield Of Body|82\/100\n|-unboost|p1a: Shield Of Body|spd|1\n|\n|-heal|p1a: Shield Of Body|88\/100|[from] Grassy Terrain\n|-heal|p1a: Shield Of Body|94\/100|[from] item: Leftovers\n|-heal|p2a: Aegislash|94\/100|[from] Grassy Terrain\n|-heal|p2a: Aegislash|100\/100|[from] item: Leftovers\n|-fieldend|move: Grassy Terrain\n|upkeep\n|turn|24\n|c|\u2606IncandescentCandle|rude\n|\n|t:|1700523081\n|move|p1a: Shield Of Body|Payback|p2a: Aegislash\n|-supereffective|p2a: Aegislash\n|-end|p2a: Aegislash|Substitute\n|move|p2a: Aegislash|Flash Cannon|p1a: Shield Of Body\n|-resisted|p1a: Shield Of Body\n|-damage|p1a: Shield Of Body|66\/100\n|\n|-heal|p1a: Shield Of Body|72\/100|[from] item: Leftovers\n|upkeep\n|turn|25\n|c| AegiSwaggy|GO AEGISLASH GO\n|\n|t:|1700523092\n|switch|p1a: Eon Guardian|Latias-Mega, F|2\/100\n|-formechange|p2a: Aegislash|Aegislash||[from] ability: Stance Change\n|move|p2a: Aegislash|King's Shield||[still]\n|-fail|p2a: Aegislash\n|\n|upkeep\n|turn|26\n|\n|t:|1700523097\n|move|p1a: Eon Guardian|Roost|p1a: Eon Guardian\n|-heal|p1a: Eon Guardian|52\/100\n|-singleturn|p1a: Eon Guardian|move: Roost\n|-formechange|p2a: Aegislash|Aegislash-Blade||[from] ability: Stance Change\n|move|p2a: Aegislash|Flash Cannon|p1a: Eon Guardian\n|-damage|p1a: Eon Guardian|23\/100\n|\n|upkeep\n|turn|27\n|\n|t:|1700523105\n|move|p1a: Eon Guardian|Shadow Ball|p2a: Aegislash\n|-supereffective|p2a: Aegislash\n|-damage|p2a: Aegislash|32\/100\n|move|p2a: Aegislash|Flash Cannon|p1a: Eon Guardian\n|-damage|p1a: Eon Guardian|0 fnt\n|faint|p1a: Eon Guardian\n|\n|-heal|p2a: Aegislash|39\/100|[from] item: Leftovers\n|upkeep\n|\n|t:|1700523108\n|switch|p1a: Group Rascal|Weavile, M|100\/100\n|turn|28\n|\n|t:|1700523118\n|switch|p1a: Funeral March In D|Skeledirge, M|100\/100\n|move|p2a: Aegislash|Toxic|p1a: Funeral March In D\n|-status|p1a: Funeral March In D|tox\n|\n|-heal|p2a: Aegislash|45\/100|[from] item: Leftovers\n|-damage|p1a: Funeral March In D|94\/100 tox|[from] psn\n|upkeep\n|turn|29\n|c|\u2606PsiFi|NEVER BACK DOWN\n|\n|t:|1700523130\n|-formechange|p2a: Aegislash|Aegislash||[from] ability: Stance Change\n|move|p2a: Aegislash|King's Shield|p2a: Aegislash\n|-singleturn|p2a: Aegislash|Protect\n|move|p1a: Funeral March In D|Torch Song|p2a: Aegislash\n|-activate|p2a: Aegislash|move: Protect\n|\n|-heal|p2a: Aegislash|51\/100|[from] item: Leftovers\n|-damage|p1a: Funeral March In D|82\/100 tox|[from] psn\n|upkeep\n|turn|30\n|c|\u2606IncandescentCandle|goat toxic\n|c|\u2606IncandescentCandle|tbh\n|\n|t:|1700523140\n|switch|p2a: Sableye|Sableye-Mega, M|100\/100\n|move|p1a: Funeral March In D|Torch Song|p2a: Sableye\n|-damage|p2a: Sableye|79\/100\n|-boost|p1a: Funeral March In D|spa|1\n|\n|-damage|p1a: Funeral March In D|64\/100 tox|[from] psn\n|upkeep\n|turn|31\n|\n|t:|1700523148\n|switch|p1a: Fight The Swarm|Tapu Bulu|59\/100\n|-fieldstart|move: Grassy Terrain|[from] ability: Grassy Surge|[of] p1a: Fight The Swarm\n|move|p2a: Sableye|Taunt|p1a: Fight The Swarm\n|-start|p1a: Fight The Swarm|move: Taunt\n|\n|-heal|p1a: Fight The Swarm|65\/100|[from] Grassy Terrain\n|-heal|p1a: Fight The Swarm|71\/100|[from] item: Leftovers\n|-heal|p2a: Sableye|85\/100|[from] Grassy Terrain\n|upkeep\n|turn|32\n|\n|t:|1700523153\n|switch|p1a: Funeral March In D|Skeledirge, M|64\/100 tox\n|move|p2a: Sableye|Will-O-Wisp||[still]\n|-fail|p2a: Sableye\n|\n|-heal|p1a: Funeral March In D|70\/100 tox|[from] Grassy Terrain\n|-heal|p2a: Sableye|91\/100|[from] Grassy Terrain\n|-damage|p1a: Funeral March In D|64\/100 tox|[from] psn\n|upkeep\n|turn|33\n|j| Rayqueerza32\n|\n|t:|1700523159\n|move|p1a: Funeral March In D|Torch Song|p2a: Sableye\n|-damage|p2a: Sableye|68\/100\n|-boost|p1a: Funeral March In D|spa|1\n|move|p2a: Sableye|Foul Play|p1a: Funeral March In D\n|-supereffective|p1a: Funeral March In D\n|-damage|p1a: Funeral March In D|40\/100 tox\n|\n|-heal|p1a: Funeral March In D|46\/100 tox|[from] Grassy Terrain\n|-heal|p2a: Sableye|74\/100|[from] Grassy Terrain\n|-damage|p1a: Funeral March In D|34\/100 tox|[from] psn\n|upkeep\n|turn|34\n|c| Rayqueerza32|LES GO ATHYYY\n|\n|t:|1700523180\n|move|p1a: Funeral March In D|Slack Off|p1a: Funeral March In D\n|-heal|p1a: Funeral March In D|84\/100 tox\n|move|p2a: Sableye|Taunt|p1a: Funeral March In D\n|-start|p1a: Funeral March In D|move: Taunt\n|\n|-heal|p1a: Funeral March In D|90\/100 tox|[from] Grassy Terrain\n|-heal|p2a: Sableye|80\/100|[from] Grassy Terrain\n|-damage|p1a: Funeral March In D|72\/100 tox|[from] psn\n|upkeep\n|turn|35\n|\n|t:|1700523185\n|move|p1a: Funeral March In D|Torch Song|p2a: Sableye\n|-damage|p2a: Sableye|46\/100\n|-boost|p1a: Funeral March In D|spa|1\n|move|p2a: Sableye|Foul Play|p1a: Funeral March In D\n|-supereffective|p1a: Funeral March In D\n|-damage|p1a: Funeral March In D|48\/100 tox\n|\n|-heal|p1a: Funeral March In D|54\/100 tox|[from] Grassy Terrain\n|-heal|p2a: Sableye|52\/100|[from] Grassy Terrain\n|-damage|p1a: Funeral March In D|30\/100 tox|[from] psn\n|-fieldend|move: Grassy Terrain\n|upkeep\n|turn|36\n|\n|t:|1700523197\n|move|p1a: Funeral March In D|Torch Song|p2a: Sableye\n|-damage|p2a: Sableye|4\/100\n|-boost|p1a: Funeral March In D|spa|1\n|move|p2a: Sableye|Recover|p2a: Sableye\n|-heal|p2a: Sableye|54\/100\n|\n|-damage|p1a: Funeral March In D|0 fnt|[from] psn\n|faint|p1a: Funeral March In D\n|upkeep\n|c|\u2606IncandescentCandle|no dice\n|\n|t:|1700523204\n|switch|p1a: Fight The Swarm|Tapu Bulu|71\/100\n|-fieldstart|move: Grassy Terrain|[from] ability: Grassy Surge|[of] p1a: Fight The Swarm\n|turn|37\n|c| Rayqueerza32|you got that dog in ya\n|\n|t:|1700523211\n|move|p1a: Fight The Swarm|Substitute|p1a: Fight The Swarm\n|-start|p1a: Fight The Swarm|Substitute\n|-damage|p1a: Fight The Swarm|46\/100\n|move|p2a: Sableye|Recover|p2a: Sableye\n|-heal|p2a: Sableye|100\/100\n|\n|-heal|p1a: Fight The Swarm|53\/100|[from] Grassy Terrain\n|-heal|p1a: Fight The Swarm|59\/100|[from] item: Leftovers\n|upkeep\n|turn|38\n|\n|t:|1700523215\n|move|p1a: Fight The Swarm|Dazzling Gleam|p2a: Sableye\n|-supereffective|p2a: Sableye\n|-damage|p2a: Sableye|61\/100\n|move|p2a: Sableye|Foul Play|p1a: Fight The Swarm\n|-resisted|p1a: Fight The Swarm\n|-activate|p1a: Fight The Swarm|move: Substitute|[damage]\n|\n|-heal|p1a: Fight The Swarm|65\/100|[from] Grassy Terrain\n|-heal|p1a: Fight The Swarm|71\/100|[from] item: Leftovers\n|-heal|p2a: Sableye|67\/100|[from] Grassy Terrain\n|upkeep\n|turn|39\n|\n|t:|1700523224\n|switch|p2a: Gholdengo|Gholdengo|100\/100\n|move|p1a: Fight The Swarm|Dazzling Gleam|p2a: Gholdengo\n|-resisted|p2a: Gholdengo\n|-damage|p2a: Gholdengo|87\/100\n|\n|-heal|p2a: Gholdengo|93\/100|[from] Grassy Terrain\n|-heal|p1a: Fight The Swarm|77\/100|[from] Grassy Terrain\n|-heal|p1a: Fight The Swarm|83\/100|[from] item: Leftovers\n|upkeep\n|turn|40\n|c| Rayqueerza32|poor bulu\n|\n|t:|1700523230\n|move|p2a: Gholdengo|Make It Rain|p1a: Fight The Swarm\n|-supereffective|p1a: Fight The Swarm\n|-end|p1a: Fight The Swarm|Substitute\n|-unboost|p2a: Gholdengo|spa|1\n|move|p1a: Fight The Swarm|Darkest Lariat|p2a: Gholdengo\n|-supereffective|p2a: Gholdengo\n|-damage|p2a: Gholdengo|40\/100\n|\n|-heal|p2a: Gholdengo|46\/100|[from] Grassy Terrain\n|-heal|p1a: Fight The Swarm|89\/100|[from] Grassy Terrain\n|-heal|p1a: Fight The Swarm|95\/100|[from] item: Leftovers\n|upkeep\n|turn|41\n|\n|t:|1700523239\n|switch|p1a: Shield Of Mind|Blissey, F|100\/100\n|move|p2a: Gholdengo|Make It Rain|p1a: Shield Of Mind\n|-damage|p1a: Shield Of Mind|88\/100\n|-unboost|p2a: Gholdengo|spa|1\n|\n|-heal|p2a: Gholdengo|52\/100|[from] Grassy Terrain\n|-heal|p1a: Shield Of Mind|94\/100|[from] Grassy Terrain\n|-heal|p1a: Shield Of Mind|99\/100|[from] item: Leftovers\n|-fieldend|move: Grassy Terrain\n|upkeep\n|turn|42\n|c|\u2606IncandescentCandle|why does it always end with sable recover pp stall bruh\n|c|\u2606PsiFi|sable goat\n|\n|t:|1700523252\n|switch|p2a: Aegislash|Aegislash, F|51\/100\n|move|p1a: Shield Of Mind|Teleport|p1a: Shield Of Mind\n|\n|t:|1700523260\n|switch|p1a: Shield Of Body|Corviknight, M|72\/100|[from] Teleport\n|-ability|p1a: Shield Of Body|Pressure\n|\n|-heal|p1a: Shield Of Body|78\/100|[from] item: Leftovers\n|-heal|p2a: Aegislash|57\/100|[from] item: Leftovers\n|upkeep\n|turn|43\n|\n|t:|1700523266\n|move|p1a: Shield Of Body|Payback|p2a: Aegislash\n|-supereffective|p2a: Aegislash\n|-damage|p2a: Aegislash|42\/100\n|move|p2a: Aegislash|Substitute|p2a: Aegislash\n|-start|p2a: Aegislash|Substitute\n|-damage|p2a: Aegislash|17\/100\n|\n|-heal|p1a: Shield Of Body|85\/100|[from] item: Leftovers\n|-heal|p2a: Aegislash|23\/100|[from] item: Leftovers\n|upkeep\n|turn|44\n|\n|t:|1700523275\n|switch|p1a: Shield Of Mind|Blissey, F|99\/100\n|-formechange|p2a: Aegislash|Aegislash-Blade||[from] ability: Stance Change\n|move|p2a: Aegislash|Flash Cannon|p1a: Shield Of Mind\n|-damage|p1a: Shield Of Mind|89\/100\n|\n|-heal|p2a: Aegislash|29\/100|[from] item: Leftovers\n|-heal|p1a: Shield Of Mind|95\/100|[from] item: Leftovers\n|upkeep\n|turn|45\n|c| Rayqueerza32|the tech???\n|\n|t:|1700523281\n|move|p2a: Aegislash|Flash Cannon|p1a: Shield Of Mind\n|-damage|p1a: Shield Of Mind|85\/100\n|move|p1a: Shield Of Mind|Shadow Ball|p2a: Aegislash\n|-supereffective|p2a: Aegislash\n|-end|p2a: Aegislash|Substitute\n|\n|-heal|p2a: Aegislash|35\/100|[from] item: Leftovers\n|-heal|p1a: Shield Of Mind|91\/100|[from] item: Leftovers\n|upkeep\n|turn|46\n|c| Astro Rifk|hey psifi would u hapoen to be free for another after\n|c| Astro Rifk|this\n|\n|t:|1700523287\n|move|p2a: Aegislash|Toxic|p1a: Shield Of Mind|[miss]\n|-miss|p2a: Aegislash|p1a: Shield Of Mind\n|move|p1a: Shield Of Mind|Shadow Ball|p2a: Aegislash\n|-supereffective|p2a: Aegislash\n|-damage|p2a: Aegislash|5\/100\n|-unboost|p2a: Aegislash|spd|1\n|\n|-heal|p2a: Aegislash|11\/100|[from] item: Leftovers\n|-heal|p1a: Shield Of Mind|97\/100|[from] item: Leftovers\n|upkeep\n|turn|47\n|c| Rayqueerza32|i usually run bulk up power trip into mono ghost\n|c|\u2606PsiFi|uh\n|c|\u2606PsiFi|maybe?\n|c| Rayqueerza32|OFFENSIVE BLISSEY\n|c| Astro Rifk|aighty\n|c|\u2606PsiFi|ive got assignments to do tn\n|\n|t:|1700523312\n|-formechange|p2a: Aegislash|Aegislash||[from] ability: Stance Change\n|move|p2a: Aegislash|King's Shield|p2a: Aegislash\n|-singleturn|p2a: Aegislash|Protect\n|move|p1a: Shield Of Mind|Shadow Ball|p2a: Aegislash\n|-activate|p2a: Aegislash|move: Protect\n|\n|-heal|p2a: Aegislash|17\/100|[from] item: Leftovers\n|-heal|p1a: Shield Of Mind|100\/100|[from] item: Leftovers\n|upkeep\n|turn|48\n|c|\u2606IncandescentCandle|nah its still defensive\n|c|\u2606IncandescentCandle|it just has sball\n|c|\u2606IncandescentCandle|to pressure ghold and aegi\n|\n|t:|1700523324\n|switch|p2a: Sableye|Sableye-Mega, M|67\/100\n|move|p1a: Shield Of Mind|Shadow Ball|p2a: Sableye\n|-damage|p2a: Sableye|55\/100\n|\n|upkeep\n|turn|49\n|c| Rayqueerza32|bring out the lucky punch\n|\n|t:|1700523334\n|move|p2a: Sableye|Taunt|p1a: Shield Of Mind\n|-start|p1a: Shield Of Mind|move: Taunt\n|cant|p1a: Shield Of Mind|move: Taunt|Teleport\n|\n|upkeep\n|turn|50\n|c|\u2606PsiFi|nuh uh 2\n|c|\u2606IncandescentCandle|i will happy click sball till i drop\n|\n|t:|1700523349\n|move|p1a: Shield Of Mind|Shadow Ball|p2a: Sableye\n|-damage|p2a: Sableye|45\/100\n|move|p2a: Sableye|Foul Play|p1a: Shield Of Mind\n|-damage|p1a: Shield Of Mind|94\/100\n|\n|-heal|p1a: Shield Of Mind|99\/100|[from] item: Leftovers\n|upkeep\n|turn|51\n|\n|t:|1700523362\n|move|p1a: Shield Of Mind|Shadow Ball|p2a: Sableye\n|-damage|p2a: Sableye|35\/100\n|move|p2a: Sableye|Recover|p2a: Sableye\n|-heal|p2a: Sableye|85\/100\n|\n|-heal|p1a: Shield Of Mind|100\/100|[from] item: Leftovers\n|-end|p1a: Shield Of Mind|move: Taunt\n|upkeep\n|turn|52\n|c|\u2606IncandescentCandle|4\n|\n|t:|1700523367\n|move|p1a: Shield Of Mind|Shadow Ball|p2a: Sableye\n|-damage|p2a: Sableye|74\/100\n|-unboost|p2a: Sableye|spd|1\n|move|p2a: Sableye|Will-O-Wisp|p1a: Shield Of Mind\n|-status|p1a: Shield Of Mind|brn\n|\n|-damage|p1a: Shield Of Mind|94\/100 brn|[from] brn\n|upkeep\n|turn|53\n|c| Rayqueerza32|if only pressure wasnt bugged as hell, it would make this much easier\n|\n|t:|1700523402\n|move|p1a: Shield Of Mind|Shadow Ball|p2a: Sableye\n|-damage|p2a: Sableye|57\/100\n|move|p2a: Sableye|Taunt|p1a: Shield Of Mind\n|-start|p1a: Shield Of Mind|move: Taunt\n|\n|-heal|p1a: Shield Of Mind|100\/100 brn|[from] item: Leftovers\n|-damage|p1a: Shield Of Mind|94\/100 brn|[from] brn\n|upkeep\n|turn|54\n|c|\u2606IncandescentCandle|i dont rly wanna get corv burned\n|j| Destinum\n|c| Rayqueerza32|ik\n|\n|t:|1700523415\n|switch|p2a: Lunala|Lunala|100\/100\n|move|p1a: Shield Of Mind|Shadow Ball|p2a: Lunala\n|-supereffective|p2a: Lunala\n|-damage|p2a: Lunala|85\/100\n|\n|-heal|p1a: Shield Of Mind|100\/100 brn|[from] item: Leftovers\n|-damage|p1a: Shield Of Mind|94\/100 brn|[from] brn\n|upkeep\n|turn|55\n|c| Rayqueerza32|just in general\n|c| Rayqueerza32|it never works\n|c| Rayqueerza32|maybe its a client side thing\n|\n|t:|1700523437\n|switch|p2a: Sableye|Sableye-Mega, M|57\/100\n|move|p1a: Shield Of Mind|Shadow Ball|p2a: Sableye\n|-damage|p2a: Sableye|45\/100\n|\n|-heal|p1a: Shield Of Mind|100\/100 brn|[from] item: Leftovers\n|-damage|p1a: Shield Of Mind|94\/100 brn|[from] brn\n|upkeep\n|turn|56\n|\n|t:|1700523457\n|move|p1a: Shield Of Mind|Shadow Ball|p2a: Sableye\n|-damage|p2a: Sableye|34\/100\n|move|p2a: Sableye|Foul Play|p1a: Shield Of Mind\n|-damage|p1a: Shield Of Mind|88\/100 brn\n|\n|-heal|p1a: Shield Of Mind|94\/100 brn|[from] item: Leftovers\n|-damage|p1a: Shield Of Mind|88\/100 brn|[from] brn\n|-end|p1a: Shield Of Mind|move: Taunt\n|upkeep\n|turn|57\n|c| Astro Rifk|?\n|c| Astro Rifk|wdym\n|\n|t:|1700523464\n|-curestatus|p1a: Shield Of Mind|brn|[from] ability: Natural Cure\n|switch|p1a: Fight The Swarm|Tapu Bulu|95\/100\n|-fieldstart|move: Grassy Terrain|[from] ability: Grassy Surge|[of] p1a: Fight The Swarm\n|move|p2a: Sableye|Recover|p2a: Sableye\n|-heal|p2a: Sableye|85\/100\n|\n|-heal|p1a: Fight The Swarm|100\/100|[from] Grassy Terrain\n|-heal|p2a: Sableye|91\/100|[from] Grassy Terrain\n|upkeep\n|turn|58\n|\n|t:|1700523475\n|switch|p2a: Lunala|Lunala|85\/100\n|move|p1a: Fight The Swarm|Substitute|p1a: Fight The Swarm\n|-start|p1a: Fight The Swarm|Substitute\n|-damage|p1a: Fight The Swarm|75\/100\n|\n|-heal|p2a: Lunala|92\/100|[from] Grassy Terrain\n|-heal|p1a: Fight The Swarm|82\/100|[from] Grassy Terrain\n|-heal|p1a: Fight The Swarm|88\/100|[from] item: Leftovers\n|upkeep\n|turn|59\n|c| Rayqueerza32|when i fought snap it never affected his dragon ascent mega ray\n|\n|t:|1700523480\n|move|p2a: Lunala|Moongeist Beam|p1a: Fight The Swarm\n|-end|p1a: Fight The Swarm|Substitute\n|move|p1a: Fight The Swarm|Darkest Lariat|p2a: Lunala\n|-supereffective|p2a: Lunala\n|-damage|p2a: Lunala|20\/100\n|\n|-heal|p2a: Lunala|26\/100|[from] Grassy Terrain\n|-heal|p1a: Fight The Swarm|94\/100|[from] Grassy Terrain\n|-heal|p1a: Fight The Swarm|99\/100|[from] item: Leftovers\n|upkeep\n|turn|60\n|c| Rayqueerza32|not mega\n|c| Rayqueerza32|just reg\n|\n|t:|1700523494\n|switch|p2a: Sableye|Sableye-Mega, M|91\/100\n|switch|p1a: Shield Of Mind|Blissey, F|88\/100\n|\n|-heal|p1a: Shield Of Mind|94\/100|[from] Grassy Terrain\n|-heal|p1a: Shield Of Mind|99\/100|[from] item: Leftovers\n|-heal|p2a: Sableye|97\/100|[from] Grassy Terrain\n|upkeep\n|turn|61\n|c| Rayqueerza32|but it just doesnt decrease pp count by 2\n|c|\u2606PsiFi|i think blissey beats me tbh\n|c|\u2606IncandescentCandle|its contentious\n|\n|t:|1700523520\n|switch|p1a: Fight The Swarm|Tapu Bulu|99\/100\n|move|p2a: Sableye|Foul Play|p1a: Fight The Swarm\n|-resisted|p1a: Fight The Swarm\n|-damage|p1a: Fight The Swarm|86\/100\n|\n|-heal|p1a: Fight The Swarm|92\/100|[from] Grassy Terrain\n|-heal|p1a: Fight The Swarm|98\/100|[from] item: Leftovers\n|-heal|p2a: Sableye|100\/100|[from] Grassy Terrain\n|-fieldend|move: Grassy Terrain\n|upkeep\n|turn|62\n|\n|t:|1700523525\n|move|p1a: Fight The Swarm|Substitute|p1a: Fight The Swarm\n|-start|p1a: Fight The Swarm|Substitute\n|-damage|p1a: Fight The Swarm|73\/100\n|move|p2a: Sableye|Will-O-Wisp||[still]\n|-fail|p2a: Sableye\n|\n|-heal|p1a: Fight The Swarm|79\/100|[from] item: Leftovers\n|upkeep\n|turn|63\n|c| Rayqueerza32|blissey is so huge in the expert run\n|c| Destinum|PP stall the Blissey.\n|c| Rayqueerza32|its pretty much manditory\n|c|\u2606IncandescentCandle|bliss is the only reason it's possible ye\n|c|\u2606PsiFi|i mean yea thats what im tryin\n|\n|t:|1700523551\n|move|p1a: Fight The Swarm|Dazzling Gleam|p2a: Sableye\n|-supereffective|p2a: Sableye\n|-damage|p2a: Sableye|67\/100\n|move|p2a: Sableye|Foul Play|p1a: Fight The Swarm\n|-resisted|p1a: Fight The Swarm\n|-activate|p1a: Fight The Swarm|move: Substitute|[damage]\n|\n|-heal|p1a: Fight The Swarm|85\/100|[from] item: Leftovers\n|upkeep\n|turn|64\n|c| Rayqueerza32|then they bring out arena trap dugtro\n|c| Rayqueerza32|in the e4\n|\n|t:|1700523558\n|move|p1a: Fight The Swarm|Dazzling Gleam|p2a: Sableye\n|-supereffective|p2a: Sableye\n|-damage|p2a: Sableye|27\/100\n|move|p2a: Sableye|Foul Play|p1a: Fight The Swarm\n|-resisted|p1a: Fight The Swarm\n|-end|p1a: Fight The Swarm|Substitute\n|\n|-heal|p1a: Fight The Swarm|91\/100|[from] item: Leftovers\n|upkeep\n|turn|65\n|c|\u2606IncandescentCandle|if wafflez had dug it would be impossible\n|\n|t:|1700523566\n|switch|p2a: Gholdengo|Gholdengo|52\/100\n|move|p1a: Fight The Swarm|Dazzling Gleam|p2a: Gholdengo\n|-resisted|p2a: Gholdengo\n|-damage|p2a: Gholdengo|38\/100\n|\n|-heal|p1a: Fight The Swarm|98\/100|[from] item: Leftovers\n|upkeep\n|turn|66\n|\n|t:|1700523573\n|switch|p1a: Shield Of Mind|Blissey, F|99\/100\n|move|p2a: Gholdengo|Trick|p1a: Shield Of Mind\n|-activate|p2a: Gholdengo|move: Trick|[of] p1a: Shield Of Mind\n|-item|p1a: Shield Of Mind|Choice Scarf|[from] move: Trick\n|-item|p2a: Gholdengo|Leftovers|[from] move: Trick\n|\n|-heal|p2a: Gholdengo|44\/100|[from] item: Leftovers\n|upkeep\n|turn|67\n|c|\u2606PsiFi|chat were so back\n|c| Rayqueerza32|that is bug\n|c| Rayqueerza32|bit\n|c| Rayqueerza32|big\n|c|\u2606IncandescentCandle|sable is low so its fineeee\n|l| Astro Rifk\n|c|\u2606IncandescentCandle|im coping asf\n|j| Astro Rifk\n|c| Destinum|Honestly, I think Blissey still does fine here lol.\n|c| Rayqueerza32|you still got outs\n|c|\u2606PsiFi|ye\n|\n|t:|1700523629\n|switch|p2a: Lunala|Lunala|26\/100\n|move|p1a: Shield Of Mind|Teleport|p1a: Shield Of Mind\n|\n|t:|1700523631\n|switch|p1a: Group Rascal|Weavile, M|100\/100|[from] Teleport\n|\n|upkeep\n|turn|68\n|\n|t:|1700523638\n|move|p1a: Group Rascal|Knock Off|p2a: Lunala\n|-supereffective|p2a: Lunala\n|-damage|p2a: Lunala|0 fnt\n|faint|p2a: Lunala\n|\n|upkeep\n|c| Rayqueerza32|the goober is in\n|\n|t:|1700523648\n|switch|p2a: Aegislash|Aegislash, F|17\/100\n|turn|69\n|\n|t:|1700523667\n|switch|p1a: Fight The Swarm|Tapu Bulu|98\/100\n|-fieldstart|move: Grassy Terrain|[from] ability: Grassy Surge|[of] p1a: Fight The Swarm\n|move|p2a: Aegislash|King's Shield||[still]\n|-fail|p2a: Aegislash\n|\n|-heal|p1a: Fight The Swarm|100\/100|[from] Grassy Terrain\n|-heal|p2a: Aegislash|23\/100|[from] Grassy Terrain\n|-heal|p2a: Aegislash|29\/100|[from] item: Leftovers\n|upkeep\n|turn|70\n|\n|t:|1700523674\n|move|p1a: Fight The Swarm|Darkest Lariat|p2a: Aegislash\n|-supereffective|p2a: Aegislash\n|-damage|p2a: Aegislash|0 fnt\n|faint|p2a: Aegislash\n|\n|upkeep\n|\n|t:|1700523685\n|switch|p2a: Sableye|Sableye-Mega, M|27\/100\n|turn|71\n|\n|t:|1700523692\n|move|p1a: Fight The Swarm|Dazzling Gleam|p2a: Sableye\n|-supereffective|p2a: Sableye\n|-damage|p2a: Sableye|0 fnt\n|faint|p2a: Sableye\n|\n|upkeep\n|c| AegiSwaggy|AEGISLASH NOOOO <\/3\n|c|\u2606PsiFi|gg\n|c|\u2606IncandescentCandle|gg\n|\n|t:|1700523698\n|switch|p2a: Gholdengo|Gholdengo|44\/100\n|turn|72\n|\n|t:|1700523702\n|switch|p1a: Shield Of Mind|Blissey, F|99\/100\n|move|p2a: Gholdengo|Make It Rain|p1a: Shield Of Mind\n|-damage|p1a: Shield Of Mind|82\/100\n|-unboost|p2a: Gholdengo|spa|1\n|\n|-heal|p2a: Gholdengo|50\/100|[from] Grassy Terrain\n|-heal|p2a: Gholdengo|56\/100|[from] item: Leftovers\n|-heal|p1a: Shield Of Mind|88\/100|[from] Grassy Terrain\n|upkeep\n|turn|73\n|c| Rayqueerza32|THE BULU BULUS ALL OVER UBERS\n|\n|t:|1700523708\n|move|p2a: Gholdengo|Dazzling Gleam|p1a: Shield Of Mind\n|-crit|p1a: Shield Of Mind\n|-damage|p1a: Shield Of Mind|77\/100\n|move|p1a: Shield Of Mind|Shadow Ball|p2a: Gholdengo\n|-supereffective|p2a: Gholdengo\n|-damage|p2a: Gholdengo|20\/100\n|\n|-heal|p2a: Gholdengo|26\/100|[from] Grassy Terrain\n|-heal|p2a: Gholdengo|32\/100|[from] item: Leftovers\n|-heal|p1a: Shield Of Mind|83\/100|[from] Grassy Terrain\n|-fieldend|move: Grassy Terrain\n|upkeep\n|turn|74\n|\n|t:|1700523715\n|move|p2a: Gholdengo|Dazzling Gleam|p1a: Shield Of Mind\n|-damage|p1a: Shield Of Mind|78\/100\n|move|p1a: Shield Of Mind|Shadow Ball|p2a: Gholdengo\n|-supereffective|p2a: Gholdengo\n|-crit|p2a: Gholdengo\n|-damage|p2a: Gholdengo|0 fnt\n|faint|p2a: Gholdengo\n|\n|win|IncandescentCandle\n|c| Destinum|Take the Scarf back.\n|c| Destinum|Coward.\n","uploadtime":1700523723,"views":3,"p1id":"incandescentcandle","p2id":"psifi","formatid":"gen9nationaldexubers","rating":0,"private":0,"password":""}