{"id":"gen9nationaldexubers-1986907536","p1":"Merrker99","p2":"LeaderMagnus","format":"[Gen 9] National Dex Ubers","log":"|j|\u2606Merrker99\n|j|\u2606LeaderMagnus\n|t:|1699539912\n|gametype|singles\n|player|p1|Merrker99|rocketgruntf|1253\n|player|p2|LeaderMagnus|lucas|1191\n|teamsize|p1|6\n|teamsize|p2|6\n|gen|9\n|tier|[Gen 9] National Dex Ubers\n|rated|\n|rule|HP Percentage Mod: HP is shown in percentages\n|rule|Endless Battle Clause: Forcing endless battles is banned\n|rule|OHKO Clause: OHKO moves are banned\n|rule|Evasion Moves Clause: Evasion moves are banned\n|rule|Evasion Items Clause: Evasion items are banned\n|rule|Species Clause: Limit one of each Pok\u00e9mon\n|rule|Sleep Clause Mod: Limit one foe put to sleep\n|rule|Mega Rayquaza Clause: You cannot mega evolve Rayquaza\n|clearpoke\n|poke|p1|Solgaleo|\n|poke|p1|Dracovish|\n|poke|p1|Kyogre|\n|poke|p1|Arceus-Ghost|\n|poke|p1|Eternatus|\n|poke|p1|Zekrom|\n|poke|p2|Mewtwo|\n|poke|p2|Ho-Oh|\n|poke|p2|Rayquaza|\n|poke|p2|Groudon|\n|poke|p2|Kyogre|\n|poke|p2|Xerneas-*|\n|teampreview\n|\n|t:|1699539928\n|start\n|switch|p1a: Dracovish|Dracovish|100\/100\n|switch|p2a: Xerneas|Xerneas|100\/100\n|-ability|p2a: Xerneas|Fairy Aura\n|turn|1\n|\n|t:|1699539950\n|move|p1a: Dracovish|Fishious Rend|p2a: Xerneas\n|-damage|p2a: Xerneas|0 fnt\n|faint|p2a: Xerneas\n|\n|upkeep\n|\n|t:|1699539956\n|switch|p2a: Mewtwo|Mewtwo|100\/100\n|-ability|p2a: Mewtwo|Pressure\n|turn|2\n|\n|t:|1699539963\n|detailschange|p2a: Mewtwo|Mewtwo-Mega-X\n|-mega|p2a: Mewtwo|Mewtwo|Mewtwonite X\n|move|p1a: Dracovish|Fishious Rend|p2a: Mewtwo\n|-damage|p2a: Mewtwo|0 fnt\n|faint|p2a: Mewtwo\n|\n|upkeep\n|\n|t:|1699539972\n|switch|p2a: Groudon|Groudon|100\/100\n|detailschange|p2a: Groudon|Groudon-Primal\n|-primal|p2a: Groudon|Red Orb\n|-weather|DesolateLand|[from] ability: Desolate Land|[of] p2a: Groudon\n|turn|3\n|\n|t:|1699539982\n|switch|p1a: Kyogre|Kyogre|100\/100\n|detailschange|p1a: Kyogre|Kyogre-Primal\n|-primal|p1a: Kyogre|Blue Orb\n|-weather|PrimordialSea|[from] ability: Primordial Sea|[of] p1a: Kyogre\n|move|p2a: Groudon|Earthquake|p1a: Kyogre\n|-damage|p1a: Kyogre|37\/100\n|\n|-weather|PrimordialSea|[upkeep]\n|upkeep\n|turn|4\n|\n|t:|1699539994\n|switch|p2a: Kyogre|Kyogre|100\/100\n|detailschange|p2a: Kyogre|Kyogre-Primal\n|-primal|p2a: Kyogre|Blue Orb\n|move|p1a: Kyogre|Origin Pulse|p2a: Kyogre|[miss]\n|-miss|p1a: Kyogre|p2a: Kyogre\n|\n|-weather|PrimordialSea|[upkeep]\n|upkeep\n|turn|5\n|\n|t:|1699540006\n|switch|p2a: Groudon|Groudon-Primal|100\/100\n|-weather|DesolateLand|[from] ability: Desolate Land|[of] p2a: Groudon\n|move|p1a: Kyogre|Thunder|p2a: Groudon\n|-immune|p2a: Groudon\n|\n|-weather|DesolateLand|[upkeep]\n|upkeep\n|turn|6\n|\n|t:|1699540019\n|move|p2a: Groudon|Earthquake|p1a: Kyogre\n|-damage|p1a: Kyogre|0 fnt\n|faint|p1a: Kyogre\n|\n|-weather|DesolateLand|[upkeep]\n|upkeep\n|\n|t:|1699540026\n|switch|p1a: Arceus|Arceus-Ghost|100\/100\n|turn|7\n|\n|t:|1699540033\n|-zpower|p1a: Arceus\n|move|p1a: Arceus|Never-Ending Nightmare|p2a: Groudon|[zeffect]\n|-damage|p2a: Groudon|54\/100\n|move|p2a: Groudon|Fire Punch|p1a: Arceus\n|-damage|p1a: Arceus|39\/100\n|\n|-weather|DesolateLand|[upkeep]\n|upkeep\n|turn|8\n|\n|t:|1699540047\n|move|p1a: Arceus|Phantom Force||[still]\n|-prepare|p1a: Arceus|Phantom Force\n|move|p2a: Groudon|Rock Polish|p2a: Groudon\n|-boost|p2a: Groudon|spe|2\n|\n|-weather|DesolateLand|[upkeep]\n|upkeep\n|turn|9\n|\n|t:|1699540056\n|move|p2a: Groudon|Fire Punch|p1a: Arceus|[miss]\n|-miss|p2a: Groudon|p1a: Arceus\n|move|p1a: Arceus|Phantom Force|p2a: Groudon|[from]lockedmove\n|-damage|p2a: Groudon|28\/100\n|\n|-weather|DesolateLand|[upkeep]\n|upkeep\n|turn|10\n|\n|t:|1699540065\n|move|p2a: Groudon|Fire Punch|p1a: Arceus\n|-damage|p1a: Arceus|0 fnt\n|faint|p1a: Arceus\n|\n|-weather|DesolateLand|[upkeep]\n|upkeep\n|\n|t:|1699540069\n|switch|p1a: Solgaleo|Solgaleo|100\/100\n|turn|11\n|\n|t:|1699540076\n|-terastallize|p1a: Solgaleo|Dark\n|move|p2a: Groudon|Fire Punch|p1a: Solgaleo\n|-damage|p1a: Solgaleo|40\/100\n|move|p1a: Solgaleo|Earthquake|p2a: Groudon\n|-supereffective|p2a: Groudon\n|-damage|p2a: Groudon|0 fnt\n|faint|p2a: Groudon\n|-weather|none\n|\n|upkeep\n|\n|t:|1699540087\n|switch|p2a: Kyogre|Kyogre-Primal|100\/100\n|-weather|PrimordialSea|[from] ability: Primordial Sea|[of] p2a: Kyogre\n|turn|12\n|\n|t:|1699540095\n|switch|p1a: Eternatus|Eternatus|100\/100\n|-ability|p1a: Eternatus|Pressure\n|move|p2a: Kyogre|Thunder|p1a: Eternatus\n|-resisted|p1a: Eternatus\n|-damage|p1a: Eternatus|81\/100\n|-status|p1a: Eternatus|par\n|\n|-weather|PrimordialSea|[upkeep]\n|-heal|p1a: Eternatus|87\/100 par|[from] item: Black Sludge\n|upkeep\n|turn|13\n|\n|t:|1699540107\n|move|p2a: Kyogre|Ice Beam|p1a: Eternatus\n|-supereffective|p1a: Eternatus\n|-damage|p1a: Eternatus|26\/100 par\n|move|p1a: Eternatus|Toxic|p2a: Kyogre\n|-status|p2a: Kyogre|tox\n|\n|-weather|PrimordialSea|[upkeep]\n|-heal|p1a: Eternatus|33\/100 par|[from] item: Black Sludge\n|-damage|p2a: Kyogre|94\/100 tox|[from] psn\n|upkeep\n|turn|14\n|\n|t:|1699540126\n|switch|p1a: Dracovish|Dracovish|100\/100\n|move|p2a: Kyogre|Thunder|p1a: Dracovish\n|-damage|p1a: Dracovish|39\/100\n|\n|-weather|PrimordialSea|[upkeep]\n|-damage|p2a: Kyogre|82\/100 tox|[from] psn\n|upkeep\n|turn|15\n|\n|t:|1699540139\n|move|p1a: Dracovish|Fishious Rend|p2a: Kyogre\n|-resisted|p2a: Kyogre\n|-damage|p2a: Kyogre|2\/100 tox\n|move|p2a: Kyogre|Thunder|p1a: Dracovish\n|-damage|p1a: Dracovish|0 fnt\n|faint|p1a: Dracovish\n|\n|-weather|PrimordialSea|[upkeep]\n|-damage|p2a: Kyogre|0 fnt|[from] psn\n|faint|p2a: Kyogre\n|-weather|none\n|upkeep\n|\n|t:|1699540159\n|switch|p2a: Rayquaza|Rayquaza|100\/100\n|switch|p1a: Zekrom|Zekrom|100\/100\n|-ability|p2a: Rayquaza|Air Lock\n|-ability|p1a: Zekrom|Teravolt\n|turn|16\n|\n|t:|1699540170\n|-terastallize|p2a: Rayquaza|Normal\n|move|p2a: Rayquaza|Dragon Dance|p2a: Rayquaza\n|-boost|p2a: Rayquaza|atk|1\n|-boost|p2a: Rayquaza|spe|1\n|move|p1a: Zekrom|Dragon Claw|p2a: Rayquaza\n|-damage|p2a: Rayquaza|47\/100\n|\n|upkeep\n|turn|17\n|\n|t:|1699540183\n|move|p2a: Rayquaza|Dragon Claw|p1a: Zekrom\n|-supereffective|p1a: Zekrom\n|-enditem|p1a: Zekrom|Focus Sash\n|-damage|p1a: Zekrom|1\/100\n|move|p1a: Zekrom|Dragon Claw|p2a: Rayquaza\n|-damage|p2a: Rayquaza|0 fnt\n|faint|p2a: Rayquaza\n|\n|upkeep\n|\n|t:|1699540193\n|switch|p2a: Ho-Oh|Ho-Oh|100\/100\n|turn|18\n|\n|t:|1699540201\n|move|p2a: Ho-Oh|Earthquake|p1a: Zekrom\n|-supereffective|p1a: Zekrom\n|-damage|p1a: Zekrom|0 fnt\n|faint|p1a: Zekrom\n|-damage|p2a: Ho-Oh|91\/100|[from] item: Life Orb\n|\n|upkeep\n|\n|t:|1699540210\n|switch|p1a: Solgaleo|Solgaleo, tera:Dark|40\/100\n|turn|19\n|\n|t:|1699540226\n|move|p1a: Solgaleo|Psychic Fangs|p2a: Ho-Oh\n|-damage|p2a: Ho-Oh|38\/100\n|move|p2a: Ho-Oh|Flare Blitz|p1a: Solgaleo\n|-damage|p1a: Solgaleo|0 fnt\n|faint|p1a: Solgaleo\n|-damage|p2a: Ho-Oh|23\/100|[from] Recoil\n|-damage|p2a: Ho-Oh|13\/100|[from] item: Life Orb\n|\n|upkeep\n|\n|t:|1699540231\n|switch|p1a: Eternatus|Eternatus|33\/100 par\n|-ability|p1a: Eternatus|Pressure\n|turn|20\n|\n|t:|1699540241\n|move|p2a: Ho-Oh|Earthquake|p1a: Eternatus\n|-supereffective|p1a: Eternatus\n|-damage|p1a: Eternatus|0 fnt\n|faint|p1a: Eternatus\n|-damage|p2a: Ho-Oh|3\/100|[from] item: Life Orb\n|\n|win|LeaderMagnus\n|raw|Merrker99's rating: 1253 &rarr; <strong>1224<\/strong><br \/>(-29 for losing)\n|raw|LeaderMagnus's rating: 1191 &rarr; <strong>1220<\/strong><br \/>(+29 for winning)\n|l|\u2606Merrker99\n","uploadtime":1699540258,"views":6,"p1id":"merrker99","p2id":"leadermagnus","formatid":"gen9nationaldexubers","rating":1220,"private":0,"password":""}