{"id":"gen9nationaldexubers-1988539285","p1":"THE PURPLERINO","p2":"Vibraphonic","format":"[Gen 9] National Dex Ubers","log":"|j|\u2606THE PURPLERINO\n|j|\u2606Vibraphonic\n|t:|1699733813\n|gametype|singles\n|player|p1|THE PURPLERINO|102|1023\n|player|p2|Vibraphonic|camper|1041\n|teamsize|p1|6\n|teamsize|p2|6\n|gen|9\n|tier|[Gen 9] National Dex Ubers\n|rated|\n|rule|HP Percentage Mod: HP is shown in percentages\n|rule|Endless Battle Clause: Forcing endless battles is banned\n|rule|OHKO Clause: OHKO moves are banned\n|rule|Evasion Moves Clause: Evasion moves are banned\n|rule|Evasion Items Clause: Evasion items are banned\n|rule|Species Clause: Limit one of each Pok\u00e9mon\n|rule|Sleep Clause Mod: Limit one foe put to sleep\n|rule|Mega Rayquaza Clause: You cannot mega evolve Rayquaza\n|clearpoke\n|poke|p1|Grumpig, F|\n|poke|p1|Muk, F|\n|poke|p1|Ceruledge, M|\n|poke|p1|Sableye, M|\n|poke|p1|Aerodactyl, M|\n|poke|p1|Genesect-Shock|\n|poke|p2|Groudon|\n|poke|p2|Ho-Oh|\n|poke|p2|Necrozma-Dusk-Mane|\n|poke|p2|Yveltal|\n|poke|p2|Palkia-Origin|\n|poke|p2|Xerneas-*|\n|teampreview\n|inactive|Battle timer is ON: inactive players will automatically lose when time's up. (requested by Vibraphonic)\n|\n|t:|1699733840\n|start\n|switch|p1a: The Grinch|Sableye, M|100\/100\n|switch|p2a: Groundon|Groudon, shiny|100\/100\n|detailschange|p2a: Groundon|Groudon-Primal, shiny\n|-primal|p2a: Groundon|Red Orb\n|-weather|DesolateLand|[from] ability: Desolate Land|[of] p2a: Groundon\n|turn|1\n|\n|t:|1699733855\n|switch|p1a: The Lobotomy|Aerodactyl, M|100\/100\n|-ability|p1a: The Lobotomy|Pressure\n|move|p2a: Groundon|Precipice Blades|p1a: The Lobotomy\n|-immune|p1a: The Lobotomy\n|\n|-weather|DesolateLand|[upkeep]\n|upkeep\n|turn|2\n|\n|t:|1699733864\n|move|p1a: The Lobotomy|Dragon Dance|p1a: The Lobotomy\n|-boost|p1a: The Lobotomy|atk|1\n|-boost|p1a: The Lobotomy|spe|1\n|move|p2a: Groundon|Spikes|p1a: The Lobotomy\n|-sidestart|p1: THE PURPLERINO|Spikes\n|\n|-weather|DesolateLand|[upkeep]\n|upkeep\n|turn|3\n|\n|t:|1699733871\n|move|p1a: The Lobotomy|Dragon Dance|p1a: The Lobotomy\n|-boost|p1a: The Lobotomy|atk|1\n|-boost|p1a: The Lobotomy|spe|1\n|move|p2a: Groundon|Spikes|p1a: The Lobotomy\n|-sidestart|p1: THE PURPLERINO|Spikes\n|\n|-weather|DesolateLand|[upkeep]\n|upkeep\n|turn|4\n|\n|t:|1699733877\n|move|p1a: The Lobotomy|Dragon Dance|p1a: The Lobotomy\n|-boost|p1a: The Lobotomy|atk|1\n|-boost|p1a: The Lobotomy|spe|1\n|move|p2a: Groundon|Stone Edge|p1a: The Lobotomy\n|-supereffective|p1a: The Lobotomy\n|-enditem|p1a: The Lobotomy|Focus Sash\n|-damage|p1a: The Lobotomy|1\/100\n|\n|-weather|DesolateLand|[upkeep]\n|upkeep\n|turn|5\n|\n|t:|1699733887\n|-terastallize|p1a: The Lobotomy|Rock\n|move|p1a: The Lobotomy|Stone Edge|p2a: Groundon\n|-crit|p2a: Groundon\n|-damage|p2a: Groundon|0 fnt\n|faint|p2a: Groundon\n|-weather|none\n|\n|upkeep\n|\n|t:|1699733898\n|switch|p2a: Yvltl|Yveltal|100\/100\n|-ability|p2a: Yvltl|Dark Aura\n|turn|6\n|\n|t:|1699733903\n|move|p2a: Yvltl|Sucker Punch||[still]\n|-fail|p2a: Yvltl\n|move|p1a: The Lobotomy|Roost|p1a: The Lobotomy\n|-heal|p1a: The Lobotomy|51\/100\n|\n|upkeep\n|turn|7\n|\n|t:|1699733910\n|move|p1a: The Lobotomy|Stone Edge|p2a: Yvltl\n|-supereffective|p2a: Yvltl\n|-damage|p2a: Yvltl|0 fnt\n|faint|p2a: Yvltl\n|\n|upkeep\n|-message|Vibraphonic forfeited.\n|\n|win|THE PURPLERINO\n|raw|THE PURPLERINO's rating: 1023 &rarr; <strong>1061<\/strong><br \/>(+38 for winning)\n|raw|Vibraphonic's rating: 1041 &rarr; <strong>1024<\/strong><br \/>(-17 for losing)\n|l|\u2606Vibraphonic\n","uploadtime":1699733925,"views":11,"p1id":"thepurplerino","p2id":"vibraphonic","formatid":"gen9nationaldexubers","rating":1024,"private":0,"password":""}