{"id":"gen9nationaldexubers-1982097100","p1":"ThatOneZoro\/Zoa","p2":"JensPass","format":"[Gen 9] National Dex Ubers","log":"|j|\u2606ThatOneZoro\/Zoa\n|j|\u2606JensPass\n|t:|1698967532\n|gametype|singles\n|player|p1|ThatOneZoro\/Zoa|170|\n|player|p2|JensPass|2|\n|teamsize|p1|6\n|teamsize|p2|6\n|gen|9\n|tier|[Gen 9] National Dex Ubers\n|rule|HP Percentage Mod: HP is shown in percentages\n|rule|Endless Battle Clause: Forcing endless battles is banned\n|rule|OHKO Clause: OHKO moves are banned\n|rule|Evasion Moves Clause: Evasion moves are banned\n|rule|Evasion Items Clause: Evasion items are banned\n|rule|Species Clause: Limit one of each Pok\u00e9mon\n|rule|Sleep Clause Mod: Limit one foe put to sleep\n|rule|Mega Rayquaza Clause: You cannot mega evolve Rayquaza\n|clearpoke\n|poke|p1|Tapu Lele|\n|poke|p1|Munkidori, M|\n|poke|p1|Alomomola, F|\n|poke|p1|Jirachi|\n|poke|p1|Sableye, F|\n|poke|p1|Armarouge, F|\n|poke|p2|Iron Treads|\n|poke|p2|Medicham, M|\n|poke|p2|Ninetales-Alola, M|\n|poke|p2|Greninja-*, M|\n|poke|p2|Dragapult, F|\n|poke|p2|Iron Moth|\n|teampreview\n|c|\u2606JensPass|glhf\n|j| AlolanSandslashOU\n|c|\u2606ThatOneZoro\/Zoa|u2\n|c| AlolanSandslashOU|I watch\n|c|\u2606JensPass|how tf\n|\n|t:|1698967560\n|start\n|switch|p1a: Tapu Lele|Tapu Lele|100\/100\n|switch|p2a: Iron Moth|Iron Moth|100\/100\n|-fieldstart|move: Psychic Terrain|[from] ability: Psychic Surge|[of] p1a: Tapu Lele\n|-enditem|p2a: Iron Moth|Booster Energy\n|-activate|p2a: Iron Moth|ability: Quark Drive|[fromitem]\n|-start|p2a: Iron Moth|quarkdrivespe\n|turn|1\n|c| AlolanSandslashOU|Hi\n|c| AlolanSandslashOU|medicham is so based\n|\n|t:|1698967595\n|switch|p1a: Alomomola|Alomomola, F|100\/100\n|move|p2a: Iron Moth|Sludge Wave|p1a: Alomomola\n|-damage|p1a: Alomomola|48\/100\n|\n|-heal|p1a: Alomomola|54\/100|[from] item: Leftovers\n|upkeep\n|turn|2\n|\n|t:|1698967603\n|move|p2a: Iron Moth|Energy Ball|p1a: Alomomola\n|-supereffective|p1a: Alomomola\n|-damage|p1a: Alomomola|0 fnt\n|faint|p1a: Alomomola\n|\n|upkeep\n|\n|t:|1698967609\n|switch|p1a: Armarouge|Armarouge, F|100\/100\n|turn|3\n|c|\u2606JensPass|oh he mad\n|c| AlolanSandslashOU|Damn\n|\n|t:|1698967614\n|-end|p2a: Iron Moth|Quark Drive|[silent]\n|switch|p2a: Greninja|Greninja, M|100\/100\n|move|p1a: Armarouge|Expanding Force|p2a: Greninja\n|-immune|p2a: Greninja\n|\n|upkeep\n|turn|4\n|\n|t:|1698967619\n|move|p2a: Greninja|Dark Pulse|p1a: Armarouge\n|-supereffective|p1a: Armarouge\n|-damage|p1a: Armarouge|0 fnt\n|faint|p1a: Armarouge\n|-ability|p2a: Greninja|Battle Bond|boost\n|-boost|p2a: Greninja|atk|1\n|-boost|p2a: Greninja|spa|1\n|-boost|p2a: Greninja|spe|1\n|-activate|p2a: Greninja|ability: Battle Bond\n|\n|upkeep\n|\n|t:|1698967636\n|switch|p1a: Tapu Lele|Tapu Lele|100\/100\n|turn|5\n|\n|t:|1698967647\n|switch|p2a: Ninetales|Ninetales-Alola, M|100\/100\n|-weather|Snow|[from] ability: Snow Warning|[of] p2a: Ninetales\n|move|p1a: Tapu Lele|Calm Mind|p1a: Tapu Lele\n|-boost|p1a: Tapu Lele|spa|1\n|-boost|p1a: Tapu Lele|spd|1\n|\n|-weather|Snow|[upkeep]\n|-fieldend|move: Psychic Terrain\n|upkeep\n|turn|6\n|\n|t:|1698967661\n|move|p2a: Ninetales|Encore|p1a: Tapu Lele\n|-start|p1a: Tapu Lele|Encore\n|move|p1a: Tapu Lele|Calm Mind|p1a: Tapu Lele\n|-boost|p1a: Tapu Lele|spa|1\n|-boost|p1a: Tapu Lele|spd|1\n|\n|-weather|Snow|[upkeep]\n|upkeep\n|turn|7\n|\n|t:|1698967667\n|move|p2a: Ninetales|Aurora Veil|p2a: Ninetales\n|-sidestart|p2: JensPass|move: Aurora Veil\n|move|p1a: Tapu Lele|Calm Mind|p1a: Tapu Lele\n|-boost|p1a: Tapu Lele|spa|1\n|-boost|p1a: Tapu Lele|spd|1\n|\n|-weather|Snow|[upkeep]\n|upkeep\n|turn|8\n|\n|t:|1698967671\n|move|p2a: Ninetales|Nasty Plot|p2a: Ninetales\n|-boost|p2a: Ninetales|spa|2\n|move|p1a: Tapu Lele|Calm Mind|p1a: Tapu Lele\n|-boost|p1a: Tapu Lele|spa|1\n|-boost|p1a: Tapu Lele|spd|1\n|\n|-weather|Snow|[upkeep]\n|-end|p1a: Tapu Lele|Encore\n|upkeep\n|turn|9\n|\n|t:|1698967675\n|move|p2a: Ninetales|Encore|p1a: Tapu Lele\n|-start|p1a: Tapu Lele|Encore\n|move|p1a: Tapu Lele|Calm Mind|p1a: Tapu Lele\n|-boost|p1a: Tapu Lele|spa|1\n|-boost|p1a: Tapu Lele|spd|1\n|\n|-weather|none\n|upkeep\n|turn|10\n|\n|t:|1698967678\n|move|p2a: Ninetales|Blizzard|p1a: Tapu Lele|[miss]\n|-miss|p2a: Ninetales|p1a: Tapu Lele\n|move|p1a: Tapu Lele|Calm Mind|p1a: Tapu Lele\n|-boost|p1a: Tapu Lele|spa|1\n|-boost|p1a: Tapu Lele|spd|1\n|\n|upkeep\n|turn|11\n|c| AlolanSandslashOU|Nasty plot ninetales\n|\n|t:|1698967688\n|-terastallize|p1a: Tapu Lele|Psychic\n|move|p2a: Ninetales|Nasty Plot|p2a: Ninetales\n|-boost|p2a: Ninetales|spa|2\n|move|p1a: Tapu Lele|Calm Mind|p1a: Tapu Lele\n|-boost|p1a: Tapu Lele|spa|0\n|-boost|p1a: Tapu Lele|spd|0\n|\n|-end|p1a: Tapu Lele|Encore\n|upkeep\n|turn|12\n|c| AlolanSandslashOU|That\u2019s interesting\n|\n|t:|1698967694\n|move|p2a: Ninetales|Encore|p1a: Tapu Lele\n|-start|p1a: Tapu Lele|Encore\n|move|p1a: Tapu Lele|Calm Mind|p1a: Tapu Lele\n|-boost|p1a: Tapu Lele|spa|0\n|-boost|p1a: Tapu Lele|spd|0\n|\n|upkeep\n|turn|13\n|\n|t:|1698967696\n|move|p2a: Ninetales|Blizzard|p1a: Tapu Lele\n|-damage|p1a: Tapu Lele|67\/100\n|move|p1a: Tapu Lele|Calm Mind|p1a: Tapu Lele\n|-boost|p1a: Tapu Lele|spa|0\n|-boost|p1a: Tapu Lele|spd|0\n|\n|-heal|p1a: Tapu Lele|73\/100|[from] item: Leftovers\n|upkeep\n|turn|14\n|\n|t:|1698967701\n|move|p2a: Ninetales|Nasty Plot|p2a: Ninetales\n|-boost|p2a: Ninetales|spa|2\n|move|p1a: Tapu Lele|Calm Mind|p1a: Tapu Lele\n|-boost|p1a: Tapu Lele|spa|0\n|-boost|p1a: Tapu Lele|spd|0\n|\n|-heal|p1a: Tapu Lele|80\/100|[from] item: Leftovers\n|-end|p1a: Tapu Lele|Encore\n|-sideend|p2: JensPass|move: Aurora Veil\n|upkeep\n|turn|15\n|\n|t:|1698967703\n|move|p2a: Ninetales|Blizzard|p1a: Tapu Lele\n|-damage|p1a: Tapu Lele|33\/100\n|move|p1a: Tapu Lele|Stored Power|p2a: Ninetales\n|-damage|p2a: Ninetales|0 fnt\n|faint|p2a: Ninetales\n|\n|-heal|p1a: Tapu Lele|39\/100|[from] item: Leftovers\n|upkeep\n|c|\u2606JensPass|oops\n|\n|t:|1698967709\n|switch|p2a: Greninja|Greninja, M|100\/100\n|turn|16\n|\n|t:|1698967715\n|move|p2a: Greninja|Dark Pulse|p1a: Tapu Lele\n|-supereffective|p1a: Tapu Lele\n|-damage|p1a: Tapu Lele|8\/100\n|cant|p1a: Tapu Lele|flinch\n|\n|-heal|p1a: Tapu Lele|14\/100|[from] item: Leftovers\n|upkeep\n|turn|17\n|\n|t:|1698967720\n|move|p2a: Greninja|Dark Pulse|p1a: Tapu Lele\n|-supereffective|p1a: Tapu Lele\n|-damage|p1a: Tapu Lele|0 fnt\n|faint|p1a: Tapu Lele\n|\n|upkeep\n|c| AlolanSandslashOU|Flinch (pain)\n|\n|t:|1698967727\n|switch|p1a: Munkidori|Munkidori, M|100\/100\n|turn|18\n|\n|t:|1698967730\n|move|p2a: Greninja|Dark Pulse|p1a: Munkidori\n|-supereffective|p1a: Munkidori\n|-damage|p1a: Munkidori|0 fnt\n|faint|p1a: Munkidori\n|\n|upkeep\n|\n|t:|1698967732\n|switch|p1a: Sableye|Sableye, F|100\/100\n|turn|19\n|\n|t:|1698967741\n|detailschange|p1a: Sableye|Sableye-Mega, F\n|-mega|p1a: Sableye|Sableye|Sablenite\n|move|p2a: Greninja|Dark Pulse|p1a: Sableye\n|-damage|p1a: Sableye|63\/100\n|move|p1a: Sableye|Knock Off|p2a: Greninja\n|-resisted|p2a: Greninja\n|-damage|p2a: Greninja|77\/100\n|-enditem|p2a: Greninja|Choice Specs|[from] move: Knock Off|[of] p1a: Sableye\n|\n|upkeep\n|turn|20\n|\n|t:|1698967752\n|move|p2a: Greninja|Hydro Pump|p1a: Sableye\n|-damage|p1a: Sableye|28\/100\n|move|p1a: Sableye|Knock Off|p2a: Greninja\n|-resisted|p2a: Greninja\n|-damage|p2a: Greninja|62\/100\n|\n|upkeep\n|turn|21\n|\n|t:|1698967759\n|switch|p1a: Jirachi|Jirachi|100\/100\n|move|p2a: Greninja|Dark Pulse|p1a: Jirachi\n|-supereffective|p1a: Jirachi\n|-damage|p1a: Jirachi|26\/100\n|\n|upkeep\n|turn|22\n|\n|t:|1698967766\n|move|p1a: Jirachi|U-turn|p2a: Greninja\n|-supereffective|p2a: Greninja\n|-damage|p2a: Greninja|0 fnt\n|faint|p2a: Greninja\n|\n|t:|1698967769\n|switch|p1a: Sableye|Sableye-Mega, F|28\/100|[from] U-turn\n|\n|upkeep\n|\n|t:|1698967775\n|switch|p2a: Iron Treads|Iron Treads|100\/100\n|-enditem|p2a: Iron Treads|Booster Energy\n|-activate|p2a: Iron Treads|ability: Quark Drive|[fromitem]\n|-start|p2a: Iron Treads|quarkdrivespe\n|turn|23\n|\n|t:|1698967779\n|move|p2a: Iron Treads|Earthquake|p1a: Sableye\n|-crit|p1a: Sableye\n|-damage|p1a: Sableye|0 fnt\n|faint|p1a: Sableye\n|\n|upkeep\n|\n|t:|1698967781\n|switch|p1a: Jirachi|Jirachi|26\/100\n|turn|24\n|\n|t:|1698967788\n|move|p2a: Iron Treads|Knock Off|p1a: Jirachi\n|-supereffective|p1a: Jirachi\n|-damage|p1a: Jirachi|0 fnt\n|-enditem|p1a: Jirachi|Choice Scarf|[from] move: Knock Off|[of] p2a: Iron Treads\n|faint|p1a: Jirachi\n|\n|win|JensPass\n|c| AlolanSandslashOU|Treads is fast asf wth\n|c|\u2606JensPass|ggs\n|c|\u2606JensPass|513\n|c|\u2606JensPass|speed\n|c|\u2606JensPass|yea\n|c| AlolanSandslashOU|That\u2019s crazy\n|c|\u2606JensPass|also zoa\n","uploadtime":1698967807,"views":7,"p1id":"thatonezorozoa","p2id":"jenspass","formatid":"gen9nationaldexubers","rating":0,"private":0,"password":""}