{"id":"gen9nationaldexubers-1994093980","p1":"Le Denis","p2":"Gatubraz","format":"[Gen 9] National Dex Ubers","log":"|j|\u2606Le Denis\n|j|\u2606Gatubraz\n|t:|1700406047\n|gametype|singles\n|player|p1|Le Denis|1|\n|player|p2|Gatubraz|sailor|\n|teamsize|p1|6\n|teamsize|p2|6\n|gen|9\n|tier|[Gen 9] National Dex Ubers\n|rule|HP Percentage Mod: HP is shown in percentages\n|rule|Endless Battle Clause: Forcing endless battles is banned\n|rule|OHKO Clause: OHKO moves are banned\n|rule|Evasion Moves Clause: Evasion moves are banned\n|rule|Evasion Items Clause: Evasion items are banned\n|rule|Species Clause: Limit one of each Pok\u00e9mon\n|rule|Sleep Clause Mod: Limit one foe put to sleep\n|rule|Mega Rayquaza Clause: You cannot mega evolve Rayquaza\n|clearpoke\n|poke|p1|Ribombee, M|\n|poke|p1|Kyogre|\n|poke|p1|Metagross|\n|poke|p1|Groudon|\n|poke|p1|Yveltal|\n|poke|p1|Arceus|\n|poke|p2|Shaymin-Sky|\n|poke|p2|Necrozma-Dusk-Mane|\n|poke|p2|Groudon|\n|poke|p2|Yveltal|\n|poke|p2|Rayquaza|\n|poke|p2|Marshadow|\n|teampreview\n|\n|t:|1700406069\n|start\n|switch|p1a: Labey Y'en a pas 2|Ribombee, M|100\/100\n|switch|p2a: Rayquazahef|Rayquaza|100\/100\n|-ability|p2a: Rayquazahef|Air Lock\n|turn|1\n|\n|t:|1700406078\n|move|p2a: Rayquazahef|Extreme Speed|p1a: Labey Y'en a pas 2\n|-damage|p1a: Labey Y'en a pas 2|4\/100\n|move|p1a: Labey Y'en a pas 2|Sticky Web|p2a: Rayquazahef\n|-sidestart|p2: Gatubraz|move: Sticky Web\n|\n|upkeep\n|turn|2\n|\n|t:|1700406084\n|switch|p1a: MetagrossbitAsmbl\u00e9|Metagross|100\/100\n|move|p2a: Rayquazahef|Extreme Speed|p1a: MetagrossbitAsmbl\u00e9\n|-resisted|p1a: MetagrossbitAsmbl\u00e9\n|-damage|p1a: MetagrossbitAsmbl\u00e9|80\/100\n|\n|upkeep\n|turn|3\n|\n|t:|1700406097\n|switch|p2a: LE SUPER SOLEIL|Groudon|100\/100\n|-activate|p2a: LE SUPER SOLEIL|move: Sticky Web\n|-unboost|p2a: LE SUPER SOLEIL|spe|1\n|detailschange|p2a: LE SUPER SOLEIL|Groudon-Primal\n|-primal|p2a: LE SUPER SOLEIL|Red Orb\n|-weather|DesolateLand|[from] ability: Desolate Land|[of] p2a: LE SUPER SOLEIL\n|detailschange|p1a: MetagrossbitAsmbl\u00e9|Metagross-Mega\n|-mega|p1a: MetagrossbitAsmbl\u00e9|Metagross|Metagrossite\n|move|p1a: MetagrossbitAsmbl\u00e9|Ice Punch|p2a: LE SUPER SOLEIL\n|-damage|p2a: LE SUPER SOLEIL|77\/100\n|\n|-weather|DesolateLand|[upkeep]\n|upkeep\n|turn|4\n|j| Flowerz-78\n|\n|t:|1700406110\n|switch|p1a: Labey Y'en a pas 2|Ribombee, M|4\/100\n|-weather|none\n|switch|p2a: Le G le S en Y|Yveltal|100\/100\n|-ability|p2a: Le G le S en Y|Dark Aura\n|\n|upkeep\n|turn|5\n|\n|t:|1700406120\n|switch|p2a: Soleil Noir|Necrozma-Dusk-Mane|100\/100\n|-activate|p2a: Soleil Noir|move: Sticky Web\n|-unboost|p2a: Soleil Noir|spe|1\n|move|p1a: Labey Y'en a pas 2|Stun Spore|p2a: Soleil Noir\n|-status|p2a: Soleil Noir|par\n|\n|upkeep\n|turn|6\n|\n|t:|1700406127\n|move|p1a: Labey Y'en a pas 2|U-turn|p2a: Soleil Noir\n|-damage|p2a: Soleil Noir|92\/100 par\n|\n|t:|1700406135\n|switch|p1a: Yxeltal|Yveltal|100\/100|[from] U-turn\n|-ability|p1a: Yxeltal|Dark Aura\n|cant|p2a: Soleil Noir|par\n|\n|-heal|p2a: Soleil Noir|98\/100 par|[from] item: Leftovers\n|upkeep\n|turn|7\n|\n|t:|1700406146\n|switch|p2a: Le G le S en Y|Yveltal|100\/100\n|-ability|p2a: Le G le S en Y|Dark Aura\n|move|p1a: Yxeltal|Foul Play|p2a: Le G le S en Y\n|-resisted|p2a: Le G le S en Y\n|-damage|p2a: Le G le S en Y|72\/100\n|-damage|p1a: Yxeltal|91\/100|[from] item: Life Orb\n|\n|upkeep\n|turn|8\n|\n|t:|1700406159\n|switch|p1a: Labey Y'en a pas 2|Ribombee, M|4\/100\n|move|p2a: Le G le S en Y|Defog|p1a: Labey Y'en a pas 2\n|-unboost|p1a: Labey Y'en a pas 2|evasion|1\n|-sideend|p2: Gatubraz|Sticky Web|[from] move: Defog|[of] p2a: Le G le S en Y\n|\n|upkeep\n|turn|9\n|\n|t:|1700406165\n|move|p1a: Labey Y'en a pas 2|Sticky Web|p2a: Le G le S en Y\n|-sidestart|p2: Gatubraz|move: Sticky Web\n|move|p2a: Le G le S en Y|Knock Off|p1a: Labey Y'en a pas 2\n|-resisted|p1a: Labey Y'en a pas 2\n|-damage|p1a: Labey Y'en a pas 2|0 fnt\n|-enditem|p1a: Labey Y'en a pas 2|Focus Sash|[from] move: Knock Off|[of] p2a: Le G le S en Y\n|faint|p1a: Labey Y'en a pas 2\n|\n|upkeep\n|\n|t:|1700406190\n|switch|p1a: MetagrossbitAsmbl\u00e9|Metagross-Mega|80\/100\n|turn|10\n|\n|t:|1700406200\n|move|p1a: MetagrossbitAsmbl\u00e9|Ice Punch|p2a: Le G le S en Y\n|-supereffective|p2a: Le G le S en Y\n|-damage|p2a: Le G le S en Y|14\/100\n|move|p2a: Le G le S en Y|Defog|p1a: MetagrossbitAsmbl\u00e9\n|-unboost|p1a: MetagrossbitAsmbl\u00e9|evasion|1\n|-sideend|p2: Gatubraz|Sticky Web|[from] move: Defog|[of] p2a: Le G le S en Y\n|\n|upkeep\n|turn|11\n|\n|t:|1700406210\n|move|p1a: MetagrossbitAsmbl\u00e9|Power-Up Punch|p2a: Le G le S en Y\n|-damage|p2a: Le G le S en Y|0 fnt\n|-boost|p1a: MetagrossbitAsmbl\u00e9|atk|1\n|faint|p2a: Le G le S en Y\n|\n|upkeep\n|\n|t:|1700406223\n|switch|p2a: OkamariNoSozoki|Marshadow|100\/100\n|turn|12\n|\n|t:|1700406229\n|switch|p1a: Yxeltal|Yveltal|91\/100\n|-ability|p1a: Yxeltal|Dark Aura\n|move|p2a: OkamariNoSozoki|Ice Punch|p1a: Yxeltal\n|-supereffective|p1a: Yxeltal\n|-damage|p1a: Yxeltal|37\/100\n|\n|upkeep\n|turn|13\n|\n|t:|1700406253\n|switch|p2a: Soleil Noir|Necrozma-Dusk-Mane|98\/100 par\n|move|p1a: Yxeltal|Sucker Punch||[still]\n|-fail|p1a: Yxeltal\n|\n|-heal|p2a: Soleil Noir|100\/100 par|[from] item: Leftovers\n|upkeep\n|turn|14\n|\n|t:|1700406275\n|switch|p2a: Rayquazahef|Rayquaza|100\/100\n|-ability|p2a: Rayquazahef|Air Lock\n|move|p1a: Yxeltal|Foul Play|p2a: Rayquazahef\n|-damage|p2a: Rayquazahef|2\/100\n|-damage|p1a: Yxeltal|27\/100|[from] item: Life Orb\n|\n|upkeep\n|turn|15\n|\n|t:|1700406287\n|switch|p1a: MetagrossbitAsmbl\u00e9|Metagross-Mega|80\/100\n|move|p2a: Rayquazahef|U-turn|p1a: MetagrossbitAsmbl\u00e9\n|-damage|p1a: MetagrossbitAsmbl\u00e9|49\/100\n|\n|t:|1700406291\n|switch|p2a: OkamariNoSozoki|Marshadow|100\/100|[from] U-turn\n|\n|upkeep\n|turn|16\n|\n|t:|1700406299\n|move|p1a: MetagrossbitAsmbl\u00e9|Bullet Punch|p2a: OkamariNoSozoki\n|-crit|p2a: OkamariNoSozoki\n|-damage|p2a: OkamariNoSozoki|43\/100\n|move|p2a: OkamariNoSozoki|Spectral Thief|p1a: MetagrossbitAsmbl\u00e9\n|-supereffective|p1a: MetagrossbitAsmbl\u00e9\n|-damage|p1a: MetagrossbitAsmbl\u00e9|0 fnt\n|faint|p1a: MetagrossbitAsmbl\u00e9\n|\n|upkeep\n|\n|t:|1700406324\n|switch|p1a: Cro\u00fbton|Groudon|100\/100\n|detailschange|p1a: Cro\u00fbton|Groudon-Primal\n|-primal|p1a: Cro\u00fbton|Red Orb\n|-weather|DesolateLand|[from] ability: Desolate Land|[of] p1a: Cro\u00fbton\n|turn|17\n|\n|t:|1700406339\n|switch|p2a: Rayquazahef|Rayquaza|2\/100\n|-ability|p2a: Rayquazahef|Air Lock\n|move|p1a: Cro\u00fbton|Fire Blast|p2a: Rayquazahef\n|-resisted|p2a: Rayquazahef\n|-damage|p2a: Rayquazahef|0 fnt\n|faint|p2a: Rayquazahef\n|\n|-weather|DesolateLand|[upkeep]\n|upkeep\n|\n|t:|1700406345\n|switch|p2a: LE SUPER SOLEIL|Groudon-Primal|77\/100\n|turn|18\n|\n|t:|1700406352\n|switch|p1a: Yxeltal|Yveltal|27\/100\n|-ability|p1a: Yxeltal|Dark Aura\n|move|p2a: LE SUPER SOLEIL|Precipice Blades|p1a: Yxeltal\n|-immune|p1a: Yxeltal\n|\n|-weather|DesolateLand|[upkeep]\n|upkeep\n|turn|19\n|\n|t:|1700406361\n|move|p1a: Yxeltal|Oblivion Wing|p2a: LE SUPER SOLEIL\n|-damage|p2a: LE SUPER SOLEIL|35\/100\n|-heal|p1a: Yxeltal|54\/100|[from] drain|[of] p2a: LE SUPER SOLEIL\n|-damage|p1a: Yxeltal|45\/100|[from] item: Life Orb\n|move|p2a: LE SUPER SOLEIL|Stone Edge|p1a: Yxeltal\n|-supereffective|p1a: Yxeltal\n|-damage|p1a: Yxeltal|0 fnt\n|faint|p1a: Yxeltal\n|\n|-weather|DesolateLand|[upkeep]\n|upkeep\n|\n|t:|1700406377\n|switch|p1a: Kikyogre|Kyogre|100\/100\n|detailschange|p1a: Kikyogre|Kyogre-Primal\n|-primal|p1a: Kikyogre|Blue Orb\n|-weather|PrimordialSea|[from] ability: Primordial Sea|[of] p1a: Kikyogre\n|turn|20\n|\n|t:|1700406393\n|move|p1a: Kikyogre|Ice Beam|p2a: LE SUPER SOLEIL\n|-damage|p2a: LE SUPER SOLEIL|0 fnt\n|faint|p2a: LE SUPER SOLEIL\n|\n|-weather|PrimordialSea|[upkeep]\n|upkeep\n|\n|t:|1700406397\n|switch|p2a: 60%|Shaymin-Sky|100\/100\n|turn|21\n|\n|t:|1700406405\n|move|p2a: 60%|Seed Flare|p1a: Kikyogre\n|-supereffective|p1a: Kikyogre\n|-damage|p1a: Kikyogre|26\/100\n|-unboost|p1a: Kikyogre|spd|2\n|move|p1a: Kikyogre|Ice Beam|p2a: 60%\n|-supereffective|p2a: 60%\n|-damage|p2a: 60%|0 fnt\n|faint|p2a: 60%\n|\n|-weather|PrimordialSea|[upkeep]\n|upkeep\n|\n|t:|1700406410\n|switch|p2a: OkamariNoSozoki|Marshadow|43\/100\n|turn|22\n|\n|t:|1700406417\n|move|p2a: OkamariNoSozoki|Low Kick|p1a: Kikyogre\n|-damage|p1a: Kikyogre|0 fnt\n|faint|p1a: Kikyogre\n|-weather|none\n|\n|upkeep\n|\n|t:|1700406420\n|switch|p1a: Clocharceus|Arceus|100\/100\n|turn|23\n|l| Flowerz-78\n|\n|t:|1700406442\n|move|p2a: OkamariNoSozoki|Low Kick|p1a: Clocharceus\n|-supereffective|p1a: Clocharceus\n|-enditem|p1a: Clocharceus|Chople Berry|[eat]\n|-enditem|p1a: Clocharceus|Chople Berry|[weaken]\n|-damage|p1a: Clocharceus|55\/100\n|move|p1a: Clocharceus|Shadow Claw|p2a: OkamariNoSozoki\n|-supereffective|p2a: OkamariNoSozoki\n|-damage|p2a: OkamariNoSozoki|0 fnt\n|faint|p2a: OkamariNoSozoki\n|\n|upkeep\n|\n|t:|1700406446\n|switch|p2a: Soleil Noir|Necrozma-Dusk-Mane|100\/100 par\n|turn|24\n|\n|t:|1700406453\n|move|p1a: Clocharceus|Dragon Dance|p1a: Clocharceus\n|-boost|p1a: Clocharceus|atk|1\n|-boost|p1a: Clocharceus|spe|1\n|move|p2a: Soleil Noir|Sunsteel Strike|p1a: Clocharceus\n|-damage|p1a: Clocharceus|18\/100\n|\n|upkeep\n|turn|25\n|-message|Gatubraz forfeited.\n|\n|win|Le Denis\n|l|\u2606Gatubraz\n","uploadtime":1700406472,"views":8,"p1id":"ledenis","p2id":"gatubraz","formatid":"gen9nationaldexubers","rating":0,"private":0,"password":""}