{"id":"gen9nationaldexubers-1994082142","p1":"Yoddle Yoddle","p2":"Gatubraz","format":"[Gen 9] National Dex Ubers","log":"|j|\u2606Yoddle Yoddle\n|j|\u2606Gatubraz\n|t:|1700404541\n|gametype|singles\n|player|p1|Yoddle Yoddle|preschooler|\n|player|p2|Gatubraz|sailor|\n|teamsize|p1|6\n|teamsize|p2|6\n|gen|9\n|tier|[Gen 9] National Dex Ubers\n|rule|HP Percentage Mod: HP is shown in percentages\n|rule|Endless Battle Clause: Forcing endless battles is banned\n|rule|OHKO Clause: OHKO moves are banned\n|rule|Evasion Moves Clause: Evasion moves are banned\n|rule|Evasion Items Clause: Evasion items are banned\n|rule|Species Clause: Limit one of each Pok\u00e9mon\n|rule|Sleep Clause Mod: Limit one foe put to sleep\n|rule|Mega Rayquaza Clause: You cannot mega evolve Rayquaza\n|clearpoke\n|poke|p1|Zacian-*|\n|poke|p1|Necrozma-Dusk-Mane|\n|poke|p1|Xerneas-*|\n|poke|p1|Palkia-Origin|\n|poke|p1|Groudon|\n|poke|p1|Slurpuff, F|\n|poke|p2|Shaymin-Sky|\n|poke|p2|Necrozma-Dusk-Mane|\n|poke|p2|Groudon|\n|poke|p2|Yveltal|\n|poke|p2|Rayquaza|\n|poke|p2|Marshadow|\n|teampreview\n|j| Smoukingrad\n|j| Kai_Kitt\n|\n|t:|1700404580\n|start\n|switch|p1a: Slurp la pouffe|Slurpuff, F, shiny|100\/100\n|switch|p2a: LE SUPER SOLEIL|Groudon|100\/100\n|detailschange|p2a: LE SUPER SOLEIL|Groudon-Primal\n|-primal|p2a: LE SUPER SOLEIL|Red Orb\n|-weather|DesolateLand|[from] ability: Desolate Land|[of] p2a: LE SUPER SOLEIL\n|turn|1\n|\n|t:|1700404591\n|move|p2a: LE SUPER SOLEIL|Swords Dance|p2a: LE SUPER SOLEIL\n|-boost|p2a: LE SUPER SOLEIL|atk|2\n|move|p1a: Slurp la pouffe|Toxic|p2a: LE SUPER SOLEIL\n|-status|p2a: LE SUPER SOLEIL|tox\n|\n|-weather|DesolateLand|[upkeep]\n|-damage|p2a: LE SUPER SOLEIL|94\/100 tox|[from] psn\n|upkeep\n|turn|2\n|\n|t:|1700404598\n|move|p2a: LE SUPER SOLEIL|Precipice Blades|p1a: Slurp la pouffe|[miss]\n|-miss|p2a: LE SUPER SOLEIL|p1a: Slurp la pouffe\n|move|p1a: Slurp la pouffe|Sticky Web|p2a: LE SUPER SOLEIL\n|-sidestart|p2: Gatubraz|move: Sticky Web\n|\n|-weather|DesolateLand|[upkeep]\n|-damage|p2a: LE SUPER SOLEIL|82\/100 tox|[from] psn\n|upkeep\n|turn|3\n|j| MP555\n|\n|t:|1700404604\n|move|p2a: LE SUPER SOLEIL|Rock Polish|p2a: LE SUPER SOLEIL\n|-boost|p2a: LE SUPER SOLEIL|spe|2\n|move|p1a: Slurp la pouffe|Endeavor|p2a: LE SUPER SOLEIL\n|-damage|p2a: LE SUPER SOLEIL|81\/100 tox\n|\n|-weather|DesolateLand|[upkeep]\n|-damage|p2a: LE SUPER SOLEIL|62\/100 tox|[from] psn\n|upkeep\n|turn|4\n|\n|t:|1700404607\n|move|p2a: LE SUPER SOLEIL|Precipice Blades|p1a: Slurp la pouffe\n|-enditem|p1a: Slurp la pouffe|Focus Sash\n|-damage|p1a: Slurp la pouffe|1\/100\n|move|p1a: Slurp la pouffe|Endeavor|p2a: LE SUPER SOLEIL\n|-damage|p2a: LE SUPER SOLEIL|1\/100 tox\n|\n|-weather|DesolateLand|[upkeep]\n|-damage|p2a: LE SUPER SOLEIL|0 fnt|[from] psn\n|faint|p2a: LE SUPER SOLEIL\n|-weather|none\n|upkeep\n|\n|t:|1700404616\n|switch|p2a: OkamariNoSozoki|Marshadow|100\/100\n|-activate|p2a: OkamariNoSozoki|move: Sticky Web\n|-unboost|p2a: OkamariNoSozoki|spe|1\n|turn|5\n|\n|t:|1700404620\n|move|p2a: OkamariNoSozoki|Shadow Sneak|p1a: Slurp la pouffe\n|-damage|p1a: Slurp la pouffe|0 fnt\n|faint|p1a: Slurp la pouffe\n|\n|upkeep\n|\n|t:|1700404633\n|switch|p1a: Goudron|Groudon, shiny|100\/100\n|detailschange|p1a: Goudron|Groudon-Primal, shiny\n|-primal|p1a: Goudron|Red Orb\n|-weather|DesolateLand|[from] ability: Desolate Land|[of] p1a: Goudron\n|turn|6\n|\n|t:|1700404639\n|switch|p2a: Le G le S en Y|Yveltal|100\/100\n|-ability|p2a: Le G le S en Y|Dark Aura\n|move|p1a: Goudron|Eruption|p2a: Le G le S en Y\n|-damage|p2a: Le G le S en Y|3\/100\n|\n|-weather|DesolateLand|[upkeep]\n|upkeep\n|turn|7\n|\n|t:|1700404650\n|move|p2a: Le G le S en Y|Defog|p1a: Goudron\n|-unboost|p1a: Goudron|evasion|1\n|-sideend|p2: Gatubraz|Sticky Web|[from] move: Defog|[of] p2a: Le G le S en Y\n|move|p1a: Goudron|Stealth Rock|p2a: Le G le S en Y\n|-sidestart|p2: Gatubraz|move: Stealth Rock\n|\n|-weather|DesolateLand|[upkeep]\n|upkeep\n|turn|8\n|\n|t:|1700404673\n|move|p2a: Le G le S en Y|Defog|p1a: Goudron\n|-unboost|p1a: Goudron|evasion|1\n|-sideend|p2: Gatubraz|Stealth Rock|[from] move: Defog|[of] p2a: Le G le S en Y\n|move|p1a: Goudron|Eruption|p2a: Le G le S en Y\n|-damage|p2a: Le G le S en Y|0 fnt\n|faint|p2a: Le G le S en Y\n|\n|-weather|DesolateLand|[upkeep]\n|upkeep\n|\n|t:|1700404684\n|switch|p2a: Rayquazahef|Rayquaza|100\/100\n|-ability|p2a: Rayquazahef|Air Lock\n|turn|9\n|\n|t:|1700404694\n|move|p2a: Rayquazahef|U-turn|p1a: Goudron\n|-resisted|p1a: Goudron\n|-damage|p1a: Goudron|86\/100\n|\n|t:|1700404697\n|switch|p2a: Soleil Noir|Necrozma-Dusk-Mane|100\/100|[from] U-turn\n|move|p1a: Goudron|Stealth Rock|p2a: Soleil Noir\n|-sidestart|p2: Gatubraz|move: Stealth Rock\n|\n|-weather|DesolateLand|[upkeep]\n|upkeep\n|turn|10\n|\n|t:|1700404706\n|switch|p2a: Rayquazahef|Rayquaza|100\/100\n|-damage|p2a: Rayquazahef|76\/100|[from] Stealth Rock\n|-ability|p2a: Rayquazahef|Air Lock\n|move|p1a: Goudron|Eruption|p2a: Rayquazahef\n|-resisted|p2a: Rayquazahef\n|-crit|p2a: Rayquazahef\n|-damage|p2a: Rayquazahef|20\/100\n|\n|-weather|DesolateLand|[upkeep]\n|upkeep\n|turn|11\n|\n|t:|1700404717\n|move|p2a: Rayquazahef|Dragon Ascent|p1a: Goudron\n|-damage|p1a: Goudron|12\/100\n|-unboost|p2a: Rayquazahef|def|1\n|-unboost|p2a: Rayquazahef|spd|1\n|move|p1a: Goudron|Stone Edge|p2a: Rayquazahef\n|-supereffective|p2a: Rayquazahef\n|-damage|p2a: Rayquazahef|0 fnt\n|faint|p2a: Rayquazahef\n|\n|-weather|DesolateLand|[upkeep]\n|upkeep\n|\n|t:|1700404727\n|switch|p2a: OkamariNoSozoki|Marshadow|100\/100\n|-damage|p2a: OkamariNoSozoki|94\/100|[from] Stealth Rock\n|turn|12\n|\n|t:|1700404733\n|move|p2a: OkamariNoSozoki|Spectral Thief|p1a: Goudron\n|-damage|p1a: Goudron|0 fnt\n|faint|p1a: Goudron\n|-weather|none\n|\n|upkeep\n|\n|t:|1700404753\n|switch|p1a: Wafwafsword|Zacian-Crowned, shiny|100\/100\n|-ability|p1a: Wafwafsword|Intrepid Sword|boost\n|-boost|p1a: Wafwafsword|atk|1\n|turn|13\n|\n|t:|1700404764\n|switch|p2a: Soleil Noir|Necrozma-Dusk-Mane|100\/100\n|-damage|p2a: Soleil Noir|94\/100|[from] Stealth Rock\n|move|p1a: Wafwafsword|Close Combat|p2a: Soleil Noir\n|-damage|p2a: Soleil Noir|51\/100\n|-unboost|p1a: Wafwafsword|def|1\n|-unboost|p1a: Wafwafsword|spd|1\n|\n|-heal|p2a: Soleil Noir|57\/100|[from] item: Leftovers\n|upkeep\n|turn|14\n|\n|t:|1700404785\n|switch|p1a: Negrozma|Necrozma-Dusk-Mane, shiny|100\/100\n|move|p2a: Soleil Noir|Morning Sun|p2a: Soleil Noir\n|-heal|p2a: Soleil Noir|100\/100\n|\n|upkeep\n|turn|15\n|\n|t:|1700404790\n|move|p1a: Negrozma|Dragon Dance|p1a: Negrozma\n|-boost|p1a: Negrozma|atk|1\n|-boost|p1a: Negrozma|spe|1\n|move|p2a: Soleil Noir|Stealth Rock|p1a: Negrozma\n|-sidestart|p1: Yoddle Yoddle|move: Stealth Rock\n|\n|upkeep\n|turn|16\n|\n|t:|1700404797\n|switch|p2a: OkamariNoSozoki|Marshadow|94\/100\n|-damage|p2a: OkamariNoSozoki|88\/100|[from] Stealth Rock\n|move|p1a: Negrozma|Dragon Dance|p1a: Negrozma\n|-boost|p1a: Negrozma|atk|1\n|-boost|p1a: Negrozma|spe|1\n|\n|upkeep\n|turn|17\n|\n|t:|1700404809\n|move|p2a: OkamariNoSozoki|Shadow Sneak|p1a: Negrozma\n|-supereffective|p1a: Negrozma\n|-damage|p1a: Negrozma|66\/100\n|-enditem|p1a: Negrozma|Weakness Policy\n|-boost|p1a: Negrozma|atk|2|[from] item: Weakness Policy\n|-boost|p1a: Negrozma|spa|2|[from] item: Weakness Policy\n|move|p1a: Negrozma|Sunsteel Strike|p2a: OkamariNoSozoki\n|-damage|p2a: OkamariNoSozoki|0 fnt\n|faint|p2a: OkamariNoSozoki\n|\n|upkeep\n|\n|t:|1700404814\n|switch|p2a: 60%|Shaymin-Sky|100\/100\n|-damage|p2a: 60%|76\/100|[from] Stealth Rock\n|turn|18\n|-message|Gatubraz forfeited.\n|\n|win|Yoddle Yoddle\n|l| Smoukingrad\n|l| Kai_Kitt\n|j| Smoukingrad\n|j| Kai_Kitt\n|l| Kai_Kitt\n|l|\u2606Gatubraz\n|l| Smoukingrad\n","uploadtime":1700405253,"views":6,"p1id":"yoddleyoddle","p2id":"gatubraz","formatid":"gen9nationaldexubers","rating":0,"private":0,"password":""}