{"id":"gen9nationaldexubers-1997716985","p1":"Seldeper","p2":"Adamisaking","format":"[Gen 9] National Dex Ubers","log":"|j|\u2606Seldeper\n|j|\u2606Adamisaking\n|t:|1700845108\n|gametype|singles\n|player|p1|Seldeper|hilbert-wonderlauncher|1092\n|player|p2|Adamisaking|brycenman|1143\n|teamsize|p1|6\n|teamsize|p2|6\n|gen|9\n|tier|[Gen 9] National Dex Ubers\n|rated|\n|rule|HP Percentage Mod: HP is shown in percentages\n|rule|Endless Battle Clause: Forcing endless battles is banned\n|rule|OHKO Clause: OHKO moves are banned\n|rule|Evasion Moves Clause: Evasion moves are banned\n|rule|Evasion Items Clause: Evasion items are banned\n|rule|Species Clause: Limit one of each Pok\u00e9mon\n|rule|Sleep Clause Mod: Limit one foe put to sleep\n|rule|Mega Rayquaza Clause: You cannot mega evolve Rayquaza\n|clearpoke\n|poke|p1|Arceus-Ghost|\n|poke|p1|Kangaskhan, F|\n|poke|p1|Calyrex-Ice|\n|poke|p1|Xerneas-*|\n|poke|p1|Groudon|\n|poke|p1|Darkrai|\n|poke|p2|Dracovish|\n|poke|p2|Pelipper, F|\n|poke|p2|Urshifu-*, M|\n|poke|p2|Smeargle, F|\n|poke|p2|Dragapult, M|\n|poke|p2|Sceptile, F|\n|teampreview\n|\n|t:|1700845113\n|start\n|switch|p1a: Groudon|Groudon|100\/100\n|switch|p2a: Smeargle|Smeargle, F|100\/100\n|detailschange|p1a: Groudon|Groudon-Primal\n|-primal|p1a: Groudon|Red Orb\n|-weather|DesolateLand|[from] ability: Desolate Land|[of] p1a: Groudon\n|turn|1\n|\n|t:|1700845124\n|move|p2a: Smeargle|Shell Smash|p2a: Smeargle\n|-unboost|p2a: Smeargle|def|1\n|-unboost|p2a: Smeargle|spd|1\n|-boost|p2a: Smeargle|atk|2\n|-boost|p2a: Smeargle|spa|2\n|-boost|p2a: Smeargle|spe|2\n|move|p1a: Groudon|Stealth Rock|p2a: Smeargle\n|-sidestart|p2: Adamisaking|move: Stealth Rock\n|\n|-weather|DesolateLand|[upkeep]\n|-ability|p2a: Smeargle|Moody|boost\n|-boost|p2a: Smeargle|spd|2\n|-unboost|p2a: Smeargle|spe|1\n|upkeep\n|turn|2\n|\n|t:|1700845134\n|move|p2a: Smeargle|Spore|p1a: Groudon\n|-status|p1a: Groudon|slp|[from] move: Spore\n|cant|p1a: Groudon|slp\n|\n|-weather|DesolateLand|[upkeep]\n|-ability|p2a: Smeargle|Moody|boost\n|-boost|p2a: Smeargle|def|2\n|-unboost|p2a: Smeargle|spe|1\n|upkeep\n|turn|3\n|\n|t:|1700845144\n|-weather|none\n|switch|p1a: Darkrai|Darkrai|100\/100\n|move|p2a: Smeargle|Shell Smash|p2a: Smeargle\n|-unboost|p2a: Smeargle|def|1\n|-unboost|p2a: Smeargle|spd|1\n|-boost|p2a: Smeargle|atk|2\n|-boost|p2a: Smeargle|spa|2\n|-boost|p2a: Smeargle|spe|2\n|\n|-ability|p2a: Smeargle|Moody|boost\n|-boost|p2a: Smeargle|spd|2\n|-unboost|p2a: Smeargle|atk|1\n|upkeep\n|turn|4\n|\n|t:|1700845159\n|move|p2a: Smeargle|Mirror Move||[still]\n|-fail|p2a: Smeargle\n|move|p1a: Darkrai|Hypnosis|p2a: Smeargle|[miss]\n|-miss|p1a: Darkrai|p2a: Smeargle\n|\n|-ability|p2a: Smeargle|Moody|boost\n|-boost|p2a: Smeargle|def|2\n|-unboost|p2a: Smeargle|spe|1\n|upkeep\n|turn|5\n|\n|t:|1700845166\n|move|p1a: Darkrai|Hypnosis|p2a: Smeargle\n|-status|p2a: Smeargle|slp|[from] move: Hypnosis\n|cant|p2a: Smeargle|slp\n|\n|-damage|p2a: Smeargle|88\/100 slp|[from] ability: Bad Dreams|[of] p1a: Darkrai\n|-ability|p2a: Smeargle|Moody|boost\n|-boost|p2a: Smeargle|atk|2\n|-unboost|p2a: Smeargle|def|1\n|upkeep\n|turn|6\n|\n|t:|1700845179\n|switch|p2a: Pelipper|Pelipper, F|100\/100\n|-damage|p2a: Pelipper|76\/100|[from] Stealth Rock\n|-weather|RainDance|[from] ability: Drizzle|[of] p2a: Pelipper\n|move|p1a: Darkrai|Hex|p2a: Pelipper\n|-damage|p2a: Pelipper|32\/100\n|\n|-weather|RainDance|[upkeep]\n|upkeep\n|turn|7\n|\n|t:|1700845188\n|switch|p1a: Groudon|Groudon-Primal|100\/100 slp\n|-weather|DesolateLand|[from] ability: Desolate Land|[of] p1a: Groudon\n|move|p2a: Pelipper|Defog|p1a: Groudon\n|-unboost|p1a: Groudon|evasion|1\n|-sideend|p2: Adamisaking|Stealth Rock|[from] move: Defog|[of] p2a: Pelipper\n|\n|-weather|DesolateLand|[upkeep]\n|upkeep\n|turn|8\n|\n|t:|1700845197\n|move|p2a: Pelipper|Hurricane|p1a: Groudon\n|-damage|p1a: Groudon|56\/100 slp\n|cant|p1a: Groudon|slp\n|\n|-weather|DesolateLand|[upkeep]\n|upkeep\n|turn|9\n|\n|t:|1700845203\n|move|p2a: Pelipper|Hurricane|p1a: Groudon|[miss]\n|-miss|p2a: Pelipper|p1a: Groudon\n|-curestatus|p1a: Groudon|slp|[msg]\n|move|p1a: Groudon|Stealth Rock|p2a: Pelipper\n|-sidestart|p2: Adamisaking|move: Stealth Rock\n|\n|-weather|DesolateLand|[upkeep]\n|upkeep\n|turn|10\n|\n|t:|1700845213\n|move|p2a: Pelipper|Defog|p1a: Groudon\n|-unboost|p1a: Groudon|evasion|1\n|-sideend|p2: Adamisaking|Stealth Rock|[from] move: Defog|[of] p2a: Pelipper\n|move|p1a: Groudon|Fire Punch|p2a: Pelipper\n|-resisted|p2a: Pelipper\n|-damage|p2a: Pelipper|0 fnt\n|faint|p2a: Pelipper\n|\n|-weather|DesolateLand|[upkeep]\n|upkeep\n|\n|t:|1700845220\n|switch|p2a: Sceptile|Sceptile, F, shiny|100\/100\n|turn|11\n|\n|t:|1700845231\n|detailschange|p2a: Sceptile|Sceptile-Mega, F, shiny\n|-mega|p2a: Sceptile|Sceptile|Sceptilite\n|move|p2a: Sceptile|Solar Blade||[still]\n|-prepare|p2a: Sceptile|Solar Blade\n|-anim|p2a: Sceptile|Solar Blade|p1a: Groudon\n|-damage|p1a: Groudon|18\/100\n|move|p1a: Groudon|Fire Punch|p2a: Sceptile\n|-damage|p2a: Sceptile|0 fnt\n|faint|p2a: Sceptile\n|\n|-weather|DesolateLand|[upkeep]\n|upkeep\n|\n|t:|1700845243\n|switch|p2a: Urshifu|Urshifu, M|100\/100\n|turn|12\n|\n|t:|1700845254\n|-weather|none\n|switch|p1a: Xerneas|Xerneas|100\/100\n|-ability|p1a: Xerneas|Fairy Aura\n|move|p2a: Urshifu|Wicked Blow|p1a: Xerneas\n|-resisted|p1a: Xerneas\n|-crit|p1a: Xerneas\n|-damage|p1a: Xerneas|74\/100\n|\n|upkeep\n|turn|13\n|\n|t:|1700845263\n|move|p2a: Urshifu|Trailblaze|p1a: Xerneas\n|-damage|p1a: Xerneas|61\/100\n|-boost|p2a: Urshifu|spe|1\n|move|p1a: Xerneas|Geomancy||[still]\n|-prepare|p1a: Xerneas|Geomancy\n|-enditem|p1a: Xerneas|Power Herb\n|-anim|p1a: Xerneas|Geomancy|p1a: Xerneas\n|-boost|p1a: Xerneas|spa|2\n|-boost|p1a: Xerneas|spd|2\n|-boost|p1a: Xerneas|spe|2\n|\n|upkeep\n|turn|14\n|\n|t:|1700845274\n|-terastallize|p2a: Urshifu|Dark\n|move|p2a: Urshifu|Sucker Punch|p1a: Xerneas\n|-resisted|p1a: Xerneas\n|-damage|p1a: Xerneas|39\/100\n|move|p1a: Xerneas|Draining Kiss|p2a: Urshifu\n|-supereffective|p2a: Urshifu\n|-damage|p2a: Urshifu|0 fnt\n|-heal|p1a: Xerneas|96\/100|[from] drain|[of] p2a: Urshifu\n|faint|p2a: Urshifu\n|\n|upkeep\n|\n|t:|1700845285\n|switch|p2a: Dracovish|Dracovish, shiny|100\/100\n|turn|15\n|\n|t:|1700845288\n|move|p1a: Xerneas|Dazzling Gleam|p2a: Dracovish\n|-supereffective|p2a: Dracovish\n|-damage|p2a: Dracovish|0 fnt\n|faint|p2a: Dracovish\n|\n|upkeep\n|\n|t:|1700845292\n|switch|p2a: Dragapult|Dragapult, M|100\/100\n|turn|16\n|-message|Adamisaking forfeited.\n|\n|win|Seldeper\n|raw|Seldeper's rating: 1092 &rarr; <strong>1122<\/strong><br \/>(+30 for winning)\n|raw|Adamisaking's rating: 1143 &rarr; <strong>1114<\/strong><br \/>(-29 for losing)\n|l|\u2606Adamisaking\n","uploadtime":1700845301,"views":4,"p1id":"seldeper","p2id":"adamisaking","formatid":"gen9nationaldexubers","rating":1114,"private":0,"password":""}