{"id":"gen9nationaldexubers-2000301132","p1":"Testytesty1","p2":"jzhuc1841","format":"[Gen 9] National Dex Ubers","log":"|j|\u2606Testytesty1\n|j|\u2606jzhuc1841\n|t:|1701182870\n|gametype|singles\n|player|p1|Testytesty1|101|1470\n|player|p2|jzhuc1841|hilbert-wonderlauncher|1517\n|teamsize|p1|6\n|teamsize|p2|6\n|gen|9\n|tier|[Gen 9] National Dex Ubers\n|rated|\n|rule|HP Percentage Mod: HP is shown in percentages\n|rule|Endless Battle Clause: Forcing endless battles is banned\n|rule|OHKO Clause: OHKO moves are banned\n|rule|Evasion Moves Clause: Evasion moves are banned\n|rule|Evasion Items Clause: Evasion items are banned\n|rule|Species Clause: Limit one of each Pok\u00e9mon\n|rule|Sleep Clause Mod: Limit one foe put to sleep\n|rule|Mega Rayquaza Clause: You cannot mega evolve Rayquaza\n|clearpoke\n|poke|p1|Dondozo, M|\n|poke|p1|Chansey, F|\n|poke|p1|Shaymin-Sky|\n|poke|p1|Ditto|\n|poke|p1|Arceus-Ghost|\n|poke|p1|Deoxys-Attack|\n|poke|p2|Kyurem-Black|\n|poke|p2|Salamence, F|\n|poke|p2|Groudon|\n|poke|p2|Yveltal|\n|poke|p2|Arceus|\n|poke|p2|Zacian-*|\n|teampreview\n|inactive|Battle timer is ON: inactive players will automatically lose when time's up. (requested by Testytesty1)\n|inactive|Testytesty1 has 120 seconds left.\n|\n|t:|1701182903\n|start\n|switch|p1a: Fortune|Shaymin-Sky, shiny|100\/100\n|switch|p2a: Yveltal|Yveltal|100\/100\n|-ability|p2a: Yveltal|Dark Aura\n|turn|1\n|\n|t:|1701182916\n|switch|p1a: Support|Chansey, F|100\/100\n|move|p2a: Yveltal|Oblivion Wing|p1a: Support\n|-damage|p1a: Support|90\/100\n|\n|upkeep\n|turn|2\n|\n|t:|1701182919\n|move|p2a: Yveltal|U-turn|p1a: Support\n|-damage|p1a: Support|62\/100\n|\n|t:|1701182922\n|switch|p2a: Zacian|Zacian-Crowned|100\/100|[from] U-turn\n|-ability|p2a: Zacian|Intrepid Sword|boost\n|-boost|p2a: Zacian|atk|1\n|move|p1a: Support|Toxic|p2a: Zacian\n|-immune|p2a: Zacian\n|\n|upkeep\n|turn|3\n|\n|t:|1701182930\n|switch|p1a: Anti-Boost|Dondozo, M|100\/100\n|move|p2a: Zacian|Behemoth Blade|p1a: Anti-Boost\n|-resisted|p1a: Anti-Boost\n|-damage|p1a: Anti-Boost|87\/100\n|\n|-heal|p1a: Anti-Boost|93\/100|[from] item: Leftovers\n|upkeep\n|turn|4\n|inactive|Testytesty1 has 120 seconds left.\n|\n|t:|1701182971\n|switch|p2a: Kyurem|Kyurem-Black|100\/100\n|-ability|p2a: Kyurem|Teravolt\n|move|p1a: Anti-Boost|Body Press|p2a: Kyurem\n|-supereffective|p2a: Kyurem\n|-damage|p2a: Kyurem|55\/100\n|\n|-heal|p1a: Anti-Boost|99\/100|[from] item: Leftovers\n|upkeep\n|turn|5\n|\n|t:|1701182979\n|move|p2a: Kyurem|Dragon Dance|p2a: Kyurem\n|-boost|p2a: Kyurem|atk|1\n|-boost|p2a: Kyurem|spe|1\n|move|p1a: Anti-Boost|Body Press|p2a: Kyurem\n|-supereffective|p2a: Kyurem\n|-damage|p2a: Kyurem|8\/100\n|\n|-heal|p1a: Anti-Boost|100\/100|[from] item: Leftovers\n|upkeep\n|turn|6\n|inactive|Testytesty1 has 120 seconds left.\n|\n|t:|1701182984\n|move|p2a: Kyurem|Fusion Bolt|p1a: Anti-Boost\n|-supereffective|p1a: Anti-Boost\n|-damage|p1a: Anti-Boost|47\/100\n|move|p1a: Anti-Boost|Body Press|p2a: Kyurem\n|-supereffective|p2a: Kyurem\n|-damage|p2a: Kyurem|0 fnt\n|faint|p2a: Kyurem\n|\n|-heal|p1a: Anti-Boost|53\/100|[from] item: Leftovers\n|upkeep\n|\n|t:|1701182991\n|switch|p2a: Yveltal|Yveltal|100\/100\n|-ability|p2a: Yveltal|Dark Aura\n|turn|7\n|\n|t:|1701183000\n|move|p2a: Yveltal|U-turn|p1a: Anti-Boost\n|-damage|p1a: Anti-Boost|44\/100\n|\n|t:|1701183007\n|switch|p2a: Groudon|Groudon|100\/100|[from] U-turn\n|detailschange|p2a: Groudon|Groudon-Primal\n|-primal|p2a: Groudon|Red Orb\n|-weather|DesolateLand|[from] ability: Desolate Land|[of] p2a: Groudon\n|move|p1a: Anti-Boost|Rest|p1a: Anti-Boost\n|-status|p1a: Anti-Boost|slp|[from] move: Rest\n|-heal|p1a: Anti-Boost|100\/100 slp|[silent]\n|\n|-weather|DesolateLand|[upkeep]\n|upkeep\n|turn|8\n|\n|t:|1701183024\n|-weather|none\n|switch|p2a: Yveltal|Yveltal|100\/100\n|-ability|p2a: Yveltal|Dark Aura\n|switch|p1a: Fortune|Shaymin-Sky, shiny|100\/100\n|\n|upkeep\n|turn|9\n|\n|t:|1701183031\n|move|p1a: Fortune|Leech Seed|p2a: Yveltal\n|-start|p2a: Yveltal|move: Leech Seed\n|move|p2a: Yveltal|Oblivion Wing|p1a: Fortune\n|-supereffective|p1a: Fortune\n|-damage|p1a: Fortune|0 fnt\n|faint|p1a: Fortune\n|\n|upkeep\n|\n|t:|1701183035\n|switch|p1a: Support|Chansey, F|62\/100\n|turn|10\n|\n|t:|1701183038\n|move|p2a: Yveltal|U-turn|p1a: Support\n|-damage|p1a: Support|33\/100\n|\n|t:|1701183042\n|switch|p2a: Zacian|Zacian-Crowned|100\/100|[from] U-turn\n|move|p1a: Support|Toxic|p2a: Zacian\n|-immune|p2a: Zacian\n|\n|upkeep\n|turn|11\n|\n|t:|1701183047\n|switch|p1a: Anti-Boost|Dondozo, M|100\/100 slp\n|move|p2a: Zacian|Close Combat|p1a: Anti-Boost\n|-damage|p1a: Anti-Boost|79\/100 slp\n|-unboost|p2a: Zacian|def|1\n|-unboost|p2a: Zacian|spd|1\n|\n|-heal|p1a: Anti-Boost|85\/100 slp|[from] item: Leftovers\n|upkeep\n|turn|12\n|\n|t:|1701183052\n|switch|p2a: Yveltal|Yveltal|100\/100\n|-ability|p2a: Yveltal|Dark Aura\n|cant|p1a: Anti-Boost|slp\n|\n|-heal|p1a: Anti-Boost|92\/100 slp|[from] item: Leftovers\n|upkeep\n|turn|13\n|\n|t:|1701183059\n|move|p2a: Yveltal|Dark Pulse|p1a: Anti-Boost\n|-damage|p1a: Anti-Boost|30\/100 slp\n|cant|p1a: Anti-Boost|slp\n|\n|-heal|p1a: Anti-Boost|36\/100 slp|[from] item: Leftovers\n|upkeep\n|turn|14\n|\n|t:|1701183065\n|switch|p1a: Support|Chansey, F|33\/100\n|move|p2a: Yveltal|Oblivion Wing|p1a: Support\n|-damage|p1a: Support|23\/100\n|\n|upkeep\n|turn|15\n|\n|t:|1701183071\n|move|p2a: Yveltal|U-turn|p1a: Support\n|-damage|p1a: Support|0 fnt\n|faint|p1a: Support\n|\n|t:|1701183077\n|switch|p2a: Groudon|Groudon-Primal|100\/100|[from] U-turn\n|-weather|DesolateLand|[from] ability: Desolate Land|[of] p2a: Groudon\n|\n|-weather|DesolateLand|[upkeep]\n|upkeep\n|\n|t:|1701183079\n|switch|p1a: Imposter|Ditto, shiny|100\/100\n|-transform|p1a: Imposter|p2a: Groudon|[from] ability: Imposter\n|turn|16\n|\n|t:|1701183085\n|switch|p2a: Salamence|Salamence, F|100\/100\n|-ability|p2a: Salamence|Intimidate|boost\n|-unboost|p1a: Imposter|atk|1\n|move|p1a: Imposter|Precipice Blades|p2a: Salamence\n|-immune|p2a: Salamence\n|\n|-weather|DesolateLand|[upkeep]\n|upkeep\n|turn|17\n|\n|t:|1701183096\n|-weather|none\n|switch|p1a: Anti-Boost|Dondozo, M|36\/100 slp\n|detailschange|p2a: Salamence|Salamence-Mega, F\n|-mega|p2a: Salamence|Salamence|Salamencite\n|move|p2a: Salamence|Earthquake|p1a: Anti-Boost\n|-damage|p1a: Anti-Boost|23\/100 slp\n|\n|-heal|p1a: Anti-Boost|29\/100 slp|[from] item: Leftovers\n|upkeep\n|turn|18\n|\n|t:|1701183104\n|move|p2a: Salamence|Return|p1a: Anti-Boost\n|-crit|p1a: Anti-Boost\n|-damage|p1a: Anti-Boost|0 fnt\n|faint|p1a: Anti-Boost\n|\n|upkeep\n|\n|t:|1701183111\n|switch|p1a: Imposter|Ditto, shiny|100\/100\n|-transform|p1a: Imposter|p2a: Salamence|[from] ability: Imposter\n|turn|19\n|\n|t:|1701183118\n|move|p1a: Imposter|Return|p2a: Salamence\n|-damage|p2a: Salamence|99\/100\n|move|p2a: Salamence|Dragon Dance|p2a: Salamence\n|-boost|p2a: Salamence|atk|1\n|-boost|p2a: Salamence|spe|1\n|\n|upkeep\n|turn|20\n|\n|t:|1701183137\n|switch|p1a: God|Arceus-Ghost|100\/100\n|move|p2a: Salamence|Dragon Dance|p2a: Salamence\n|-boost|p2a: Salamence|atk|1\n|-boost|p2a: Salamence|spe|1\n|\n|upkeep\n|turn|21\n|\n|t:|1701183145\n|move|p2a: Salamence|Return|p1a: God\n|-damage|p1a: God|11\/100\n|move|p1a: God|Judgment|p2a: Salamence\n|-damage|p2a: Salamence|48\/100\n|\n|upkeep\n|turn|22\n|\n|t:|1701183152\n|move|p2a: Salamence|Earthquake|p1a: God\n|-damage|p1a: God|0 fnt\n|faint|p1a: God\n|\n|upkeep\n|\n|t:|1701183155\n|switch|p1a: Ace|Deoxys-Attack|100\/100\n|-ability|p1a: Ace|Pressure\n|turn|23\n|\n|t:|1701183159\n|move|p2a: Salamence|Return|p1a: Ace\n|-enditem|p1a: Ace|Focus Sash\n|-damage|p1a: Ace|1\/100\n|move|p1a: Ace|Psyshock|p2a: Salamence\n|-damage|p2a: Salamence|20\/100\n|\n|upkeep\n|turn|24\n|-message|Testytesty1 forfeited.\n|\n|win|jzhuc1841\n|raw|Testytesty1's rating: 1470 &rarr; <strong>1453<\/strong><br \/>(-17 for losing)\n|raw|jzhuc1841's rating: 1517 &rarr; <strong>1534<\/strong><br \/>(+17 for winning)\n|l|\u2606Testytesty1\n","uploadtime":1701183184,"views":3,"p1id":"testytesty1","p2id":"jzhuc1841","formatid":"gen9nationaldexubers","rating":1453,"private":0,"password":""}