{"id":"gen9nationaldexubers-1995704073","p1":"KenIII PC","p2":"Arnaenaed \u223e","format":"[Gen 9] National Dex Ubers","log":"|j|\u2606KenIII PC\n|j|\u2606Arnaenaed \u223e\n|t:|1700595455\n|gametype|singles\n|player|p1|KenIII PC|ethan|\n|player|p2|Arnaenaed \u223e|clay|\n|teamsize|p1|6\n|teamsize|p2|6\n|gen|9\n|tier|[Gen 9] National Dex Ubers\n|rule|HP Percentage Mod: HP is shown in percentages\n|rule|Endless Battle Clause: Forcing endless battles is banned\n|rule|OHKO Clause: OHKO moves are banned\n|rule|Evasion Moves Clause: Evasion moves are banned\n|rule|Evasion Items Clause: Evasion items are banned\n|rule|Species Clause: Limit one of each Pok\u00e9mon\n|rule|Sleep Clause Mod: Limit one foe put to sleep\n|rule|Mega Rayquaza Clause: You cannot mega evolve Rayquaza\n|clearpoke\n|poke|p1|Yveltal|\n|poke|p1|Xerneas-*|\n|poke|p1|Greninja-*, M|\n|poke|p1|Zygarde|\n|poke|p1|Barbaracle, M|\n|poke|p1|Diancie|\n|poke|p2|Xerneas-*|\n|poke|p2|Zygarde|\n|poke|p2|Delphox, F|\n|poke|p2|Greninja-*, M|\n|poke|p2|Avalugg, F|\n|poke|p2|Hawlucha, F|\n|teampreview\n|inactive|Battle timer is ON: inactive players will automatically lose when time's up. (requested by KenIII PC)\n|\n|t:|1700595473\n|start\n|switch|p1a: Beacon|Yveltal, shiny|100\/100\n|switch|p2a: Greninja|Greninja, M|100\/100\n|-ability|p1a: Beacon|Dark Aura\n|turn|1\n|\n|t:|1700595482\n|move|p2a: Greninja|Toxic Spikes|p1a: Beacon\n|-start|p2a: Greninja|typechange|Poison|[from] ability: Protean\n|-sidestart|p1: KenIII PC|move: Toxic Spikes\n|move|p1a: Beacon|Oblivion Wing|p2a: Greninja\n|-damage|p2a: Greninja|27\/100\n|\n|upkeep\n|turn|2\n|\n|t:|1700595495\n|move|p2a: Greninja|Toxic Spikes|p1a: Beacon\n|-sidestart|p1: KenIII PC|move: Toxic Spikes\n|move|p1a: Beacon|Oblivion Wing|p2a: Greninja\n|-damage|p2a: Greninja|0 fnt\n|faint|p2a: Greninja\n|\n|upkeep\n|\n|t:|1700595508\n|switch|p2a: Zygarde|Zygarde|100\/100\n|turn|3\n|\n|t:|1700595514\n|move|p1a: Beacon|Dark Pulse|p2a: Zygarde\n|-damage|p2a: Zygarde|53\/100\n|cant|p2a: Zygarde|flinch\n|\n|-heal|p2a: Zygarde|59\/100|[from] item: Leftovers\n|upkeep\n|turn|4\n|\n|t:|1700595526\n|move|p1a: Beacon|Tailwind|p1a: Beacon\n|-sidestart|p1: KenIII PC|move: Tailwind\n|move|p2a: Zygarde|Dragon Dance|p2a: Zygarde\n|-boost|p2a: Zygarde|atk|1\n|-boost|p2a: Zygarde|spe|1\n|\n|-heal|p2a: Zygarde|65\/100|[from] item: Leftovers\n|upkeep\n|turn|5\n|\n|t:|1700595532\n|move|p1a: Beacon|Dark Pulse|p2a: Zygarde\n|-damage|p2a: Zygarde|23\/100\n|move|p2a: Zygarde|Dragon Dance|p2a: Zygarde\n|-boost|p2a: Zygarde|atk|1\n|-boost|p2a: Zygarde|spe|1\n|\n|-heal|p2a: Zygarde|29\/100|[from] item: Leftovers\n|-activate|p2a: Zygarde|ability: Power Construct\n|detailschange|p2a: Zygarde|Zygarde-Complete\n|-heal|p2a: Zygarde|55\/100|[silent]\n|upkeep\n|turn|6\n|\n|t:|1700595548\n|move|p1a: Beacon|Dark Pulse|p2a: Zygarde\n|-damage|p2a: Zygarde|24\/100\n|move|p2a: Zygarde|Rest|p2a: Zygarde\n|-status|p2a: Zygarde|slp|[from] move: Rest\n|-heal|p2a: Zygarde|100\/100 slp|[silent]\n|\n|upkeep\n|turn|7\n|\n|t:|1700595555\n|move|p1a: Beacon|Shadow Ball|p2a: Zygarde\n|-damage|p2a: Zygarde|85\/100 slp\n|cant|p2a: Zygarde|slp\n|\n|-heal|p2a: Zygarde|91\/100 slp|[from] item: Leftovers\n|-sideend|p1: KenIII PC|move: Tailwind\n|upkeep\n|turn|8\n|\n|t:|1700595562\n|cant|p2a: Zygarde|slp\n|move|p1a: Beacon|Dark Pulse|p2a: Zygarde\n|-damage|p2a: Zygarde|61\/100 slp\n|\n|-heal|p2a: Zygarde|67\/100 slp|[from] item: Leftovers\n|upkeep\n|turn|9\n|\n|t:|1700595568\n|-curestatus|p2a: Zygarde|slp|[msg]\n|move|p2a: Zygarde|Dragon Dance|p2a: Zygarde\n|-boost|p2a: Zygarde|atk|1\n|-boost|p2a: Zygarde|spe|1\n|move|p1a: Beacon|Tailwind|p1a: Beacon\n|-sidestart|p1: KenIII PC|move: Tailwind\n|\n|-heal|p2a: Zygarde|73\/100|[from] item: Leftovers\n|upkeep\n|turn|10\n|inactive|Arnaenaed \u223e has 270 seconds left.\n|\n|t:|1700595599\n|-terastallize|p2a: Zygarde|Fairy\n|move|p2a: Zygarde|Dragon Dance|p2a: Zygarde\n|-boost|p2a: Zygarde|atk|1\n|-boost|p2a: Zygarde|spe|1\n|move|p1a: Beacon|Dark Pulse|p2a: Zygarde\n|-resisted|p2a: Zygarde\n|-damage|p2a: Zygarde|60\/100\n|\n|-heal|p2a: Zygarde|66\/100|[from] item: Leftovers\n|upkeep\n|turn|11\n|inactive|Arnaenaed \u223e has 270 seconds left.\n|\n|t:|1700595609\n|move|p2a: Zygarde|Dragon Dance|p2a: Zygarde\n|-boost|p2a: Zygarde|atk|1\n|-boost|p2a: Zygarde|spe|1\n|move|p1a: Beacon|Oblivion Wing|p2a: Zygarde\n|-damage|p2a: Zygarde|44\/100\n|\n|-heal|p2a: Zygarde|51\/100|[from] item: Leftovers\n|upkeep\n|turn|12\n|\n|t:|1700595616\n|move|p2a: Zygarde|Thousand Arrows|p1a: Beacon\n|-damage|p1a: Beacon|2\/100\n|-start|p1a: Beacon|Smack Down\n|move|p1a: Beacon|Shadow Ball|p2a: Zygarde\n|-damage|p2a: Zygarde|35\/100\n|\n|-heal|p2a: Zygarde|41\/100|[from] item: Leftovers\n|-heal|p1a: Beacon|9\/100|[from] item: Leftovers\n|-sideend|p1: KenIII PC|move: Tailwind\n|upkeep\n|turn|13\n|\n|t:|1700595624\n|move|p2a: Zygarde|Thousand Arrows|p1a: Beacon\n|-damage|p1a: Beacon|0 fnt\n|faint|p1a: Beacon\n|\n|-heal|p2a: Zygarde|48\/100|[from] item: Leftovers\n|upkeep\n|\n|t:|1700595627\n|switch|p1a: Guampudo|Xerneas|100\/100\n|-status|p1a: Guampudo|tox\n|-ability|p1a: Guampudo|Fairy Aura\n|turn|14\n|\n|t:|1700595633\n|move|p2a: Zygarde|Thousand Waves|p1a: Guampudo\n|-damage|p1a: Guampudo|3\/100 tox\n|-activate|p1a: Guampudo|trapped\n|move|p1a: Guampudo|Draining Kiss|p2a: Zygarde\n|-damage|p2a: Zygarde|30\/100\n|-heal|p1a: Guampudo|21\/100 tox|[from] drain|[of] p2a: Zygarde\n|\n|-heal|p2a: Zygarde|36\/100|[from] item: Leftovers\n|-damage|p1a: Guampudo|15\/100 tox|[from] psn\n|upkeep\n|turn|15\n|\n|t:|1700595642\n|move|p2a: Zygarde|Thousand Waves|p1a: Guampudo\n|-damage|p1a: Guampudo|0 fnt\n|faint|p1a: Guampudo\n|\n|-heal|p2a: Zygarde|42\/100|[from] item: Leftovers\n|upkeep\n|\n|t:|1700595646\n|switch|p1a: Gekuga|Greninja, M|100\/100\n|-status|p1a: Gekuga|tox\n|turn|16\n|\n|t:|1700595651\n|move|p2a: Zygarde|Thousand Arrows|p1a: Gekuga\n|-damage|p1a: Gekuga|0 fnt\n|faint|p1a: Gekuga\n|\n|-heal|p2a: Zygarde|49\/100|[from] item: Leftovers\n|upkeep\n|c|\u2606KenIII PC|La acabo de missclikear como el mejor\n|\n|t:|1700595681\n|switch|p1a: Q fuck es esto|Barbaracle, M|100\/100\n|-status|p1a: Q fuck es esto|tox\n|turn|17\n|\n|t:|1700595689\n|-terastallize|p1a: Q fuck es esto|Bug\n|move|p2a: Zygarde|Thousand Waves|p1a: Q fuck es esto\n|-resisted|p1a: Q fuck es esto\n|-damage|p1a: Q fuck es esto|35\/100 tox\n|-activate|p1a: Q fuck es esto|trapped\n|move|p1a: Q fuck es esto|Razor Shell|p2a: Zygarde\n|-damage|p2a: Zygarde|32\/100\n|\n|-heal|p2a: Zygarde|39\/100|[from] item: Leftovers\n|-damage|p1a: Q fuck es esto|29\/100 tox|[from] psn\n|upkeep\n|turn|18\n|\n|t:|1700595700\n|move|p2a: Zygarde|Thousand Arrows|p1a: Q fuck es esto\n|-resisted|p1a: Q fuck es esto\n|-damage|p1a: Q fuck es esto|0 fnt\n|faint|p1a: Q fuck es esto\n|\n|-heal|p2a: Zygarde|45\/100|[from] item: Leftovers\n|upkeep\n|\n|t:|1700595706\n|switch|p1a: Megazord|Zygarde, shiny|100\/100\n|-status|p1a: Megazord|tox\n|turn|19\n|\n|t:|1700595716\n|move|p2a: Zygarde|Thousand Waves|p1a: Megazord\n|-damage|p1a: Megazord|4\/100 tox\n|-activate|p1a: Megazord|trapped\n|move|p1a: Megazord|Thousand Arrows|p2a: Zygarde\n|-damage|p2a: Zygarde|20\/100\n|-damage|p1a: Megazord|0 fnt|[from] item: Life Orb\n|faint|p1a: Megazord\n|\n|-heal|p2a: Zygarde|26\/100|[from] item: Leftovers\n|upkeep\n|\n|t:|1700595727\n|switch|p1a: Weonculiaoperkin|Diancie|100\/100\n|-status|p1a: Weonculiaoperkin|tox\n|turn|20\n|\n|t:|1700595730\n|move|p2a: Zygarde|Thousand Waves|p1a: Weonculiaoperkin\n|-supereffective|p1a: Weonculiaoperkin\n|-damage|p1a: Weonculiaoperkin|0 fnt\n|faint|p1a: Weonculiaoperkin\n|\n|win|Arnaenaed \u223e\n|l|\u2606KenIII PC\n|c|\u2606Arnaenaed \u223e|gg\n","uploadtime":1700595883,"views":1,"p1id":"keniiipc","p2id":"arnaenaed","formatid":"gen9nationaldexubers","rating":0,"private":0,"password":""}