{"id":"gen9nationaldexubers-1996343359","p1":"Slothbaseiscool","p2":"edcearense","format":"[Gen 9] National Dex Ubers","log":"|j|\u2606Slothbaseiscool\n|j|\u2606edcearense\n|t:|1700673046\n|gametype|singles\n|player|p1|Slothbaseiscool|102|1070\n|player|p2|edcearense|hugh|1000\n|teamsize|p1|6\n|teamsize|p2|6\n|gen|9\n|tier|[Gen 9] National Dex Ubers\n|rated|\n|rule|HP Percentage Mod: HP is shown in percentages\n|rule|Endless Battle Clause: Forcing endless battles is banned\n|rule|OHKO Clause: OHKO moves are banned\n|rule|Evasion Moves Clause: Evasion moves are banned\n|rule|Evasion Items Clause: Evasion items are banned\n|rule|Species Clause: Limit one of each Pok\u00e9mon\n|rule|Sleep Clause Mod: Limit one foe put to sleep\n|rule|Mega Rayquaza Clause: You cannot mega evolve Rayquaza\n|clearpoke\n|poke|p1|Vivillon-Fancy, F|\n|poke|p1|Taillow, L1, F|\n|poke|p1|Hippopotas, L1, M|\n|poke|p1|Houndstone, M|\n|poke|p1|Smeargle, F|\n|poke|p1|Iron Valiant|\n|poke|p2|Zoroark-Hisui, M|\n|poke|p2|Ninetales-Alola, F|\n|poke|p2|Metagross|\n|poke|p2|Rotom-Wash|\n|poke|p2|Meowscarada, F|\n|poke|p2|Volcarona, F|\n|teampreview\n|\n|t:|1700673057\n|start\n|switch|p1a: Iron Valiant|Iron Valiant|100\/100\n|switch|p2a: Rotom|Rotom-Wash, shiny|100\/100\n|turn|1\n|\n|t:|1700673069\n|move|p1a: Iron Valiant|Destiny Bond|p1a: Iron Valiant\n|-singlemove|p1a: Iron Valiant|Destiny Bond\n|move|p2a: Rotom|Hyper Voice|p1a: Iron Valiant\n|-damage|p1a: Iron Valiant|0 fnt\n|faint|p1a: Iron Valiant\n|-activate|p1a: Iron Valiant|move: Destiny Bond\n|-end|p1a: Iron Valiant|Quark Drive|[silent]\n|faint|p2a: Rotom\n|\n|upkeep\n|c|\u2606Slothbaseiscool|Lol\n|\n|t:|1700673082\n|switch|p1a: Vivillon|Vivillon-Fancy, F|100\/100\n|switch|p2a: Volcarona|Volcarona, F|100\/100\n|turn|2\n|\n|t:|1700673088\n|move|p1a: Vivillon|Sleep Powder|p2a: Volcarona\n|-status|p2a: Volcarona|slp|[from] move: Sleep Powder\n|cant|p2a: Volcarona|slp\n|\n|upkeep\n|turn|3\n|\n|t:|1700673094\n|move|p1a: Vivillon|Substitute|p1a: Vivillon\n|-start|p1a: Vivillon|Substitute\n|-damage|p1a: Vivillon|76\/100\n|-curestatus|p2a: Volcarona|slp|[msg]\n|move|p2a: Volcarona|Flamethrower|p1a: Vivillon\n|-supereffective|p1a: Vivillon\n|-end|p1a: Vivillon|Substitute\n|\n|upkeep\n|turn|4\n|\n|t:|1700673103\n|move|p1a: Vivillon|Sleep Powder|p2a: Volcarona\n|-status|p2a: Volcarona|slp|[from] move: Sleep Powder\n|cant|p2a: Volcarona|slp\n|\n|upkeep\n|turn|5\n|\n|t:|1700673107\n|move|p1a: Vivillon|Substitute|p1a: Vivillon\n|-start|p1a: Vivillon|Substitute\n|-damage|p1a: Vivillon|51\/100\n|-curestatus|p2a: Volcarona|slp|[msg]\n|move|p2a: Volcarona|Flamethrower|p1a: Vivillon\n|-supereffective|p1a: Vivillon\n|-end|p1a: Vivillon|Substitute\n|\n|upkeep\n|turn|6\n|\n|t:|1700673116\n|move|p1a: Vivillon|Sleep Powder|p2a: Volcarona\n|-status|p2a: Volcarona|slp|[from] move: Sleep Powder\n|cant|p2a: Volcarona|slp\n|\n|upkeep\n|turn|7\n|\n|t:|1700673122\n|move|p1a: Vivillon|Substitute|p1a: Vivillon\n|-start|p1a: Vivillon|Substitute\n|-damage|p1a: Vivillon|26\/100\n|cant|p2a: Volcarona|slp\n|\n|upkeep\n|turn|8\n|\n|t:|1700673128\n|move|p1a: Vivillon|Quiver Dance|p1a: Vivillon\n|-boost|p1a: Vivillon|spa|1\n|-boost|p1a: Vivillon|spd|1\n|-boost|p1a: Vivillon|spe|1\n|-curestatus|p2a: Volcarona|slp|[msg]\n|move|p2a: Volcarona|Flamethrower|p1a: Vivillon\n|-supereffective|p1a: Vivillon\n|-end|p1a: Vivillon|Substitute\n|\n|upkeep\n|turn|9\n|\n|t:|1700673139\n|move|p1a: Vivillon|Substitute|p1a: Vivillon\n|-start|p1a: Vivillon|Substitute\n|-damage|p1a: Vivillon|1\/100\n|move|p2a: Volcarona|Flamethrower|p1a: Vivillon\n|-supereffective|p1a: Vivillon\n|-end|p1a: Vivillon|Substitute\n|\n|upkeep\n|turn|10\n|\n|t:|1700673146\n|move|p1a: Vivillon|Sleep Powder|p2a: Volcarona\n|-status|p2a: Volcarona|slp|[from] move: Sleep Powder\n|cant|p2a: Volcarona|slp\n|\n|upkeep\n|turn|11\n|\n|t:|1700673151\n|move|p1a: Vivillon|Quiver Dance|p1a: Vivillon\n|-boost|p1a: Vivillon|spa|1\n|-boost|p1a: Vivillon|spd|1\n|-boost|p1a: Vivillon|spe|1\n|cant|p2a: Volcarona|slp\n|\n|upkeep\n|turn|12\n|\n|t:|1700673160\n|move|p1a: Vivillon|Hurricane|p2a: Volcarona\n|-supereffective|p2a: Volcarona\n|-damage|p2a: Volcarona|0 fnt\n|faint|p2a: Volcarona\n|\n|upkeep\n|\n|t:|1700673166\n|switch|p2a: Metagross|Metagross, shiny|100\/100\n|turn|13\n|\n|t:|1700673184\n|detailschange|p2a: Metagross|Metagross-Mega, shiny\n|-mega|p2a: Metagross|Metagross|Metagrossite\n|move|p2a: Metagross|Bullet Punch|p1a: Vivillon\n|-damage|p1a: Vivillon|0 fnt\n|faint|p1a: Vivillon\n|\n|upkeep\n|\n|t:|1700673193\n|switch|p1a: Smeargle|Smeargle, F|100\/100\n|turn|14\n|\n|t:|1700673198\n|move|p2a: Metagross|Meteor Mash|p1a: Smeargle\n|-enditem|p1a: Smeargle|Focus Sash\n|-damage|p1a: Smeargle|1\/100\n|move|p1a: Smeargle|Spore|p2a: Metagross\n|-status|p2a: Metagross|slp|[from] move: Spore\n|\n|upkeep\n|turn|15\n|\n|t:|1700673207\n|cant|p2a: Metagross|slp\n|move|p1a: Smeargle|Shell Smash|p1a: Smeargle\n|-unboost|p1a: Smeargle|def|1\n|-unboost|p1a: Smeargle|spd|1\n|-boost|p1a: Smeargle|atk|2\n|-boost|p1a: Smeargle|spa|2\n|-boost|p1a: Smeargle|spe|2\n|\n|upkeep\n|turn|16\n|\n|t:|1700673217\n|cant|p2a: Metagross|slp\n|move|p1a: Smeargle|Power Trip|p2a: Metagross\n|-supereffective|p2a: Metagross\n|-damage|p2a: Metagross|35\/100 slp\n|\n|upkeep\n|turn|17\n|\n|t:|1700673224\n|-curestatus|p2a: Metagross|slp|[msg]\n|move|p2a: Metagross|Bullet Punch|p1a: Smeargle\n|-damage|p1a: Smeargle|0 fnt\n|faint|p1a: Smeargle\n|\n|upkeep\n|\n|t:|1700673234\n|switch|p1a: Taillow|Taillow, L1, F|100\/100\n|turn|18\n|\n|t:|1700673240\n|move|p2a: Metagross|Thunder Punch|p1a: Taillow\n|-supereffective|p1a: Taillow\n|-enditem|p1a: Taillow|Focus Sash\n|-damage|p1a: Taillow|9\/100\n|move|p1a: Taillow|Endeavor|p2a: Metagross\n|-damage|p2a: Metagross|1\/100\n|\n|upkeep\n|turn|19\n|\n|t:|1700673249\n|move|p2a: Metagross|Bullet Punch|p1a: Taillow\n|-damage|p1a: Taillow|0 fnt\n|faint|p1a: Taillow\n|\n|upkeep\n|\n|t:|1700673254\n|switch|p1a: Hippopotas|Hippopotas, L1, M|100\/100\n|-weather|Sandstorm|[from] ability: Sand Stream|[of] p1a: Hippopotas\n|turn|20\n|\n|t:|1700673260\n|move|p2a: Metagross|Meteor Mash|p1a: Hippopotas\n|-damage|p1a: Hippopotas|0 fnt\n|faint|p1a: Hippopotas\n|\n|-weather|Sandstorm|[upkeep]\n|upkeep\n|\n|t:|1700673265\n|switch|p1a: Houndstone|Houndstone, M|100\/100\n|turn|21\n|\n|t:|1700673274\n|move|p1a: Houndstone|Body Press|p2a: Metagross\n|-damage|p2a: Metagross|0 fnt\n|faint|p2a: Metagross\n|-damage|p1a: Houndstone|91\/100|[from] item: Life Orb\n|\n|-weather|Sandstorm|[upkeep]\n|upkeep\n|\n|t:|1700673282\n|switch|p2a: Meowscarada|Meowscarada, F|100\/100\n|turn|22\n|\n|t:|1700673287\n|-terastallize|p2a: Meowscarada|Grass\n|move|p1a: Houndstone|Last Respects|p2a: Meowscarada\n|-damage|p2a: Meowscarada|0 fnt\n|faint|p2a: Meowscarada\n|-damage|p1a: Houndstone|81\/100|[from] item: Life Orb\n|\n|-weather|Sandstorm|[upkeep]\n|upkeep\n|\n|t:|1700673296\n|switch|p2a: Ninetales|Ninetales-Alola, F|100\/100\n|-weather|Snow|[from] ability: Snow Warning|[of] p2a: Ninetales\n|turn|23\n|\n|t:|1700673302\n|move|p2a: Ninetales|Moonblast|p1a: Houndstone\n|-damage|p1a: Houndstone|32\/100\n|move|p1a: Houndstone|Last Respects|p2a: Ninetales\n|-damage|p2a: Ninetales|0 fnt\n|faint|p2a: Ninetales\n|-damage|p1a: Houndstone|23\/100|[from] item: Life Orb\n|\n|-weather|Snow|[upkeep]\n|upkeep\n|\n|t:|1700673312\n|switch|p2a: Rotom|Rotom-Wash, shiny|100\/100\n|turn|24\n|\n|t:|1700673324\n|-zpower|p2a: Rotom\n|move|p2a: Rotom|Gigavolt Havoc|p1a: Houndstone|[zeffect]\n|-damage|p1a: Houndstone|0 fnt\n|faint|p1a: Houndstone\n|\n|win|edcearense\n|raw|Slothbaseiscool's rating: 1070 &rarr; <strong>1045<\/strong><br \/>(-25 for losing)\n|raw|edcearense's rating: 1000 &rarr; <strong>1048<\/strong><br \/>(+48 for winning)\n|l|\u2606Slothbaseiscool\n","uploadtime":1700673336,"views":0,"p1id":"slothbaseiscool","p2id":"edcearense","formatid":"gen9nationaldexubers","rating":1045,"private":0,"password":""}