{"id":"gen9nationaldexubers-1983563697","p1":"The Ganyu","p2":"fusca do pai","format":"[Gen 9] National Dex Ubers","log":"|j|\u2606The Ganyu\n|j|\u2606fusca do pai\n|t:|1699143844\n|gametype|singles\n|player|p1|The Ganyu|guitarist|1114\n|player|p2|fusca do pai|ltsurge|1089\n|teamsize|p1|6\n|teamsize|p2|6\n|gen|9\n|tier|[Gen 9] National Dex Ubers\n|rated|\n|rule|HP Percentage Mod: HP is shown in percentages\n|rule|Endless Battle Clause: Forcing endless battles is banned\n|rule|OHKO Clause: OHKO moves are banned\n|rule|Evasion Moves Clause: Evasion moves are banned\n|rule|Evasion Items Clause: Evasion items are banned\n|rule|Species Clause: Limit one of each Pok\u00e9mon\n|rule|Sleep Clause Mod: Limit one foe put to sleep\n|rule|Mega Rayquaza Clause: You cannot mega evolve Rayquaza\n|clearpoke\n|poke|p1|Dragonite, M|\n|poke|p1|Shaymin-Sky|\n|poke|p1|Salamence, M|\n|poke|p1|Pelipper, F|\n|poke|p1|Charizard, F|\n|poke|p1|Skarmory, F|\n|poke|p2|Trevenant, F|\n|poke|p2|Swanna, F|\n|poke|p2|Blaziken, M|\n|poke|p2|Toxtricity, M|\n|poke|p2|Cresselia, F|\n|poke|p2|Glalie, M|\n|teampreview\n|\n|t:|1699143856\n|start\n|switch|p1a: Jean Gunnhildr|Skarmory, F, shiny|100\/100\n|switch|p2a: Swanna|Swanna, F|100\/100\n|turn|1\n|\n|t:|1699143867\n|move|p2a: Swanna|Scald|p1a: Jean Gunnhildr\n|-damage|p1a: Jean Gunnhildr|48\/100\n|-status|p1a: Jean Gunnhildr|brn\n|move|p1a: Jean Gunnhildr|Stealth Rock|p2a: Swanna\n|-sidestart|p2: fusca do pai|move: Stealth Rock\n|\n|-damage|p1a: Jean Gunnhildr|43\/100 brn|[from] brn\n|upkeep\n|turn|2\n|\n|t:|1699143876\n|move|p2a: Swanna|Scald|p1a: Jean Gunnhildr\n|-damage|p1a: Jean Gunnhildr|0 fnt\n|faint|p1a: Jean Gunnhildr\n|\n|upkeep\n|\n|t:|1699143886\n|switch|p1a: Venti|Salamence, M, shiny|100\/100\n|turn|3\n|\n|t:|1699143897\n|move|p2a: Swanna|Scald|p1a: Venti\n|-resisted|p1a: Venti\n|-damage|p1a: Venti|80\/100\n|move|p1a: Venti|Thunder Fang|p2a: Swanna\n|-supereffective|p2a: Swanna\n|-damage|p2a: Swanna|0 fnt\n|faint|p2a: Swanna\n|-ability|p1a: Venti|Moxie|boost\n|-boost|p1a: Venti|atk|1\n|\n|upkeep\n|\n|t:|1699143907\n|switch|p2a: Glalie|Glalie, M|100\/100\n|-damage|p2a: Glalie|75\/100|[from] Stealth Rock\n|turn|4\n|\n|t:|1699143920\n|move|p2a: Glalie|Protect|p2a: Glalie\n|-singleturn|p2a: Glalie|Protect\n|move|p1a: Venti|Dragon Claw|p2a: Glalie\n|-activate|p2a: Glalie|move: Protect\n|\n|-heal|p2a: Glalie|82\/100|[from] item: Leftovers\n|-ability|p2a: Glalie|Moody|boost\n|-boost|p2a: Glalie|def|2\n|-unboost|p2a: Glalie|spd|1\n|upkeep\n|turn|5\n|\n|t:|1699143933\n|move|p1a: Venti|Dragon Claw|p2a: Glalie\n|-damage|p2a: Glalie|42\/100\n|move|p2a: Glalie|Substitute|p2a: Glalie\n|-start|p2a: Glalie|Substitute\n|-damage|p2a: Glalie|17\/100\n|\n|-heal|p2a: Glalie|23\/100|[from] item: Leftovers\n|-ability|p2a: Glalie|Moody|boost\n|-boost|p2a: Glalie|atk|2\n|-unboost|p2a: Glalie|spa|1\n|upkeep\n|turn|6\n|\n|t:|1699143952\n|move|p1a: Venti|Dual Wingbeat|p2a: Glalie\n|-activate|p2a: Glalie|move: Substitute|[damage]\n|-end|p2a: Glalie|Substitute\n|-hitcount|p2a: Glalie|2\n|move|p2a: Glalie|Frost Breath|p1a: Venti\n|-supereffective|p1a: Venti\n|-crit|p1a: Venti\n|-damage|p1a: Venti|0 fnt\n|faint|p1a: Venti\n|\n|-heal|p2a: Glalie|29\/100|[from] item: Leftovers\n|-ability|p2a: Glalie|Moody|boost\n|-boost|p2a: Glalie|spa|2\n|-unboost|p2a: Glalie|atk|1\n|upkeep\n|\n|t:|1699143966\n|switch|p1a: Kazuha|Dragonite, M, shiny|100\/100\n|turn|7\n|\n|t:|1699143971\n|move|p2a: Glalie|Protect|p2a: Glalie\n|-singleturn|p2a: Glalie|Protect\n|move|p1a: Kazuha|Dragon Dance|p1a: Kazuha\n|-boost|p1a: Kazuha|atk|1\n|-boost|p1a: Kazuha|spe|1\n|\n|-heal|p2a: Glalie|35\/100|[from] item: Leftovers\n|-ability|p2a: Glalie|Moody|boost\n|-boost|p2a: Glalie|def|2\n|-unboost|p2a: Glalie|atk|1\n|upkeep\n|turn|8\n|\n|t:|1699143984\n|move|p1a: Kazuha|Extreme Speed|p2a: Glalie\n|-damage|p2a: Glalie|18\/100\n|move|p2a: Glalie|Frost Breath|p1a: Kazuha\n|-supereffective|p1a: Kazuha\n|-crit|p1a: Kazuha\n|-damage|p1a: Kazuha|31\/100\n|-enditem|p1a: Kazuha|Weakness Policy\n|-boost|p1a: Kazuha|atk|2|[from] item: Weakness Policy\n|-boost|p1a: Kazuha|spa|2|[from] item: Weakness Policy\n|\n|-heal|p2a: Glalie|24\/100|[from] item: Leftovers\n|-ability|p2a: Glalie|Moody|boost\n|-boost|p2a: Glalie|def|2\n|-unboost|p2a: Glalie|spd|1\n|upkeep\n|turn|9\n|\n|t:|1699143998\n|move|p1a: Kazuha|Extreme Speed|p2a: Glalie\n|-damage|p2a: Glalie|0 fnt\n|faint|p2a: Glalie\n|\n|upkeep\n|\n|t:|1699144014\n|switch|p2a: Blaziken|Blaziken, M|100\/100\n|-damage|p2a: Blaziken|88\/100|[from] Stealth Rock\n|turn|10\n|\n|t:|1699144030\n|move|p1a: Kazuha|Dual Wingbeat|p2a: Blaziken\n|-supereffective|p2a: Blaziken\n|-damage|p2a: Blaziken|0 fnt\n|faint|p2a: Blaziken\n|-hitcount|p2: Blaziken|1\n|\n|upkeep\n|\n|t:|1699144046\n|switch|p2a: Toxtricity|Toxtricity, M|100\/100\n|-damage|p2a: Toxtricity|88\/100|[from] Stealth Rock\n|turn|11\n|\n|t:|1699144061\n|move|p1a: Kazuha|Dragon Claw|p2a: Toxtricity\n|-damage|p2a: Toxtricity|0 fnt\n|faint|p2a: Toxtricity\n|\n|upkeep\n|\n|t:|1699144067\n|switch|p2a: Trevenant|Trevenant, F|100\/100\n|-damage|p2a: Trevenant|88\/100|[from] Stealth Rock\n|turn|12\n|\n|t:|1699144077\n|move|p1a: Kazuha|Dual Wingbeat|p2a: Trevenant|[miss]\n|-miss|p1a: Kazuha|p2a: Trevenant\n|move|p2a: Trevenant|Substitute|p2a: Trevenant\n|-start|p2a: Trevenant|Substitute\n|-damage|p2a: Trevenant|63\/100\n|\n|upkeep\n|turn|13\n|\n|t:|1699144085\n|move|p1a: Kazuha|Dual Wingbeat|p2a: Trevenant\n|-supereffective|p2a: Trevenant\n|-end|p2a: Trevenant|Substitute\n|-supereffective|p2a: Trevenant\n|-damage|p2a: Trevenant|0 fnt\n|faint|p2a: Trevenant\n|-hitcount|p2: Trevenant|2\n|\n|upkeep\n|\n|t:|1699144093\n|switch|p2a: Cresselia|Cresselia, F|100\/100\n|-damage|p2a: Cresselia|88\/100|[from] Stealth Rock\n|turn|14\n|\n|t:|1699144102\n|-terastallize|p1a: Kazuha|Steel\n|-terastallize|p2a: Cresselia|Fairy\n|move|p1a: Kazuha|Dragon Claw|p2a: Cresselia\n|-immune|p2a: Cresselia\n|move|p2a: Cresselia|Moonblast|p1a: Kazuha\n|-resisted|p1a: Kazuha\n|-damage|p1a: Kazuha|20\/100\n|\n|-heal|p2a: Cresselia|94\/100|[from] item: Leftovers\n|upkeep\n|turn|15\n|\n|t:|1699144119\n|move|p1a: Kazuha|Extreme Speed|p2a: Cresselia\n|-damage|p2a: Cresselia|49\/100\n|move|p2a: Cresselia|Psyshock|p1a: Kazuha\n|-resisted|p1a: Kazuha\n|-damage|p1a: Kazuha|8\/100\n|\n|-heal|p2a: Cresselia|55\/100|[from] item: Leftovers\n|upkeep\n|turn|16\n|\n|t:|1699144144\n|move|p1a: Kazuha|Dual Wingbeat|p2a: Cresselia\n|-damage|p2a: Cresselia|20\/100\n|-damage|p2a: Cresselia|0 fnt\n|faint|p2a: Cresselia\n|-hitcount|p2: Cresselia|2\n|\n|win|The Ganyu\n|raw|The Ganyu's rating: 1114 &rarr; <strong>1137<\/strong><br \/>(+23 for winning)\n|raw|fusca do pai's rating: 1089 &rarr; <strong>1067<\/strong><br \/>(-22 for losing)\n|c|\u2606The Ganyu|Gg\n","uploadtime":1699144158,"views":7,"p1id":"theganyu","p2id":"fuscadopai","formatid":"gen9nationaldexubers","rating":1067,"private":0,"password":""}