{"id":"gen9nationaldexubers-1996850637","p1":"Tran minh quan","p2":"Sangle5078","format":"[Gen 9] National Dex Ubers","log":"|j|\u2606Tran minh quan\n|j|\u2606Sangle5078\n|t:|1700735286\n|gametype|singles\n|player|p1|Tran minh quan|lucas|1105\n|player|p2|Sangle5078|2|1084\n|teamsize|p1|6\n|teamsize|p2|6\n|gen|9\n|tier|[Gen 9] National Dex Ubers\n|rated|\n|rule|HP Percentage Mod: HP is shown in percentages\n|rule|Endless Battle Clause: Forcing endless battles is banned\n|rule|OHKO Clause: OHKO moves are banned\n|rule|Evasion Moves Clause: Evasion moves are banned\n|rule|Evasion Items Clause: Evasion items are banned\n|rule|Species Clause: Limit one of each Pok\u00e9mon\n|rule|Sleep Clause Mod: Limit one foe put to sleep\n|rule|Mega Rayquaza Clause: You cannot mega evolve Rayquaza\n|clearpoke\n|poke|p1|Urshifu-*, F|\n|poke|p1|Ferrothorn, M|\n|poke|p1|Gardevoir, F|\n|poke|p1|Cinderace, M|\n|poke|p1|Tyranitar, F|\n|poke|p1|Garchomp, F|\n|poke|p2|Tyranitar, F|\n|poke|p2|Garchomp, F|\n|poke|p2|Gholdengo|\n|poke|p2|Salamence, F|\n|poke|p2|Maushold|\n|poke|p2|Kingambit, F|\n|teampreview\n|\n|t:|1700735304\n|start\n|switch|p1a: Garchomp|Garchomp, F|100\/100\n|switch|p2a: Tyranitar|Tyranitar, F, shiny|100\/100\n|-weather|Sandstorm|[from] ability: Sand Stream|[of] p2a: Tyranitar\n|turn|1\n|\n|t:|1700735312\n|move|p1a: Garchomp|Earthquake|p2a: Tyranitar\n|-supereffective|p2a: Tyranitar\n|-damage|p2a: Tyranitar|14\/100\n|-enditem|p2a: Tyranitar|Ganlon Berry|[eat]\n|-boost|p2a: Tyranitar|def|1|[from] item: Ganlon Berry\n|-damage|p1a: Garchomp|91\/100|[from] item: Life Orb\n|move|p2a: Tyranitar|Stealth Rock|p1a: Garchomp\n|-sidestart|p1: Tran minh quan|move: Stealth Rock\n|\n|-weather|Sandstorm|[upkeep]\n|upkeep\n|turn|2\n|\n|t:|1700735323\n|move|p1a: Garchomp|Earthquake|p2a: Tyranitar\n|-supereffective|p2a: Tyranitar\n|-damage|p2a: Tyranitar|0 fnt\n|faint|p2a: Tyranitar\n|-damage|p1a: Garchomp|81\/100|[from] item: Life Orb\n|\n|-weather|Sandstorm|[upkeep]\n|upkeep\n|\n|t:|1700735337\n|switch|p2a: Salamence|Salamence, F, shiny|100\/100\n|turn|3\n|\n|t:|1700735341\n|move|p1a: Garchomp|Scale Shot|p2a: Salamence\n|-supereffective|p2a: Salamence\n|-damage|p2a: Salamence|54\/100\n|-supereffective|p2a: Salamence\n|-damage|p2a: Salamence|13\/100\n|-supereffective|p2a: Salamence\n|-damage|p2a: Salamence|0 fnt\n|faint|p2a: Salamence\n|-hitcount|p2: Salamence|3\n|-unboost|p1a: Garchomp|def|1\n|-boost|p1a: Garchomp|spe|1\n|-damage|p1a: Garchomp|71\/100|[from] item: Life Orb\n|\n|-weather|Sandstorm|[upkeep]\n|upkeep\n|\n|t:|1700735354\n|switch|p2a: Gholdengo|Gholdengo|100\/100\n|turn|4\n|\n|t:|1700735358\n|move|p1a: Garchomp|Swords Dance|p1a: Garchomp\n|-boost|p1a: Garchomp|atk|2\n|move|p2a: Gholdengo|Trick|p1a: Garchomp\n|-activate|p2a: Gholdengo|move: Trick|[of] p1a: Garchomp\n|-item|p1a: Garchomp|Choice Scarf|[from] move: Trick\n|-item|p2a: Gholdengo|Life Orb|[from] move: Trick\n|\n|-weather|Sandstorm|[upkeep]\n|upkeep\n|turn|5\n|\n|t:|1700735371\n|-terastallize|p2a: Gholdengo|Steel\n|move|p1a: Garchomp|Earthquake|p2a: Gholdengo\n|-supereffective|p2a: Gholdengo\n|-damage|p2a: Gholdengo|0 fnt\n|faint|p2a: Gholdengo\n|\n|-weather|none\n|upkeep\n|\n|t:|1700735379\n|switch|p2a: Kingambit|Kingambit, F, shiny|100\/100\n|-activate|p2a: Kingambit|ability: Supreme Overlord\n|-start|p2a: Kingambit|fallen3|[silent]\n|turn|6\n|\n|t:|1700735388\n|move|p1a: Garchomp|Earthquake|p2a: Kingambit\n|-supereffective|p2a: Kingambit\n|-enditem|p2a: Kingambit|Focus Sash\n|-damage|p2a: Kingambit|1\/100\n|move|p2a: Kingambit|Retaliate|p1a: Garchomp\n|-damage|p1a: Garchomp|0 fnt\n|faint|p1a: Garchomp\n|\n|upkeep\n|\n|t:|1700735399\n|switch|p1a: Cinderace|Cinderace, M|100\/100\n|turn|7\n|\n|t:|1700735406\n|-end|p2a: Kingambit|fallen3|[silent]\n|switch|p2a: Garchomp|Garchomp, F, shiny|100\/100\n|move|p1a: Cinderace|Pyro Ball|p2a: Garchomp|[miss]\n|-miss|p1a: Cinderace|p2a: Garchomp\n|\n|upkeep\n|turn|8\n|\n|t:|1700735413\n|move|p1a: Cinderace|Court Change|p1a: Cinderace\n|-start|p1a: Cinderace|typechange|Normal|[from] ability: Libero\n|-swapsideconditions\n|-activate|p1a: Cinderace|move: Court Change\n|move|p2a: Garchomp|Swords Dance|p2a: Garchomp\n|-boost|p2a: Garchomp|atk|2\n|\n|upkeep\n|turn|9\n|\n|t:|1700735421\n|switch|p1a: Urshifu|Urshifu-Rapid-Strike, F|100\/100\n|move|p2a: Garchomp|Swords Dance|p2a: Garchomp\n|-boost|p2a: Garchomp|atk|2\n|\n|upkeep\n|turn|10\n|\n|t:|1700735437\n|move|p1a: Urshifu|Surging Strikes|p2a: Garchomp\n|-crit|p2a: Garchomp\n|-damage|p2a: Garchomp|75\/100\n|-crit|p2a: Garchomp\n|-damage|p2a: Garchomp|52\/100\n|-crit|p2a: Garchomp\n|-damage|p2a: Garchomp|26\/100\n|-hitcount|p2a: Garchomp|3\n|move|p2a: Garchomp|Earthquake|p1a: Urshifu\n|-damage|p1a: Urshifu|0 fnt\n|faint|p1a: Urshifu\n|-heal|p2a: Garchomp|38\/100|[from] item: Shell Bell|[of] p1: Urshifu\n|\n|upkeep\n|\n|t:|1700735449\n|switch|p1a: Gardevoir|Gardevoir, F|100\/100\n|turn|11\n|\n|t:|1700735458\n|detailschange|p1a: Gardevoir|Gardevoir-Mega, F\n|-mega|p1a: Gardevoir|Gardevoir|Gardevoirite\n|move|p1a: Gardevoir|Hyper Voice|p2a: Garchomp\n|-supereffective|p2a: Garchomp\n|-damage|p2a: Garchomp|0 fnt\n|faint|p2a: Garchomp\n|\n|upkeep\n|\n|t:|1700735497\n|switch|p2a: Kingambit|Kingambit, F, shiny|1\/100\n|-damage|p2a: Kingambit|0 fnt|[from] Stealth Rock\n|faint|p2a: Kingambit\n|-end|p2a: Kingambit|fallen3|[silent]\n|\n|t:|1700735501\n|switch|p2a: Maushold|Maushold|100\/100\n|-damage|p2a: Maushold|88\/100|[from] Stealth Rock\n|turn|12\n|\n|t:|1700735509\n|move|p1a: Gardevoir|Mystical Fire|p2a: Maushold\n|-damage|p2a: Maushold|42\/100\n|-unboost|p2a: Maushold|spa|1\n|move|p2a: Maushold|Substitute|p2a: Maushold\n|-start|p2a: Maushold|Substitute\n|-damage|p2a: Maushold|17\/100\n|\n|upkeep\n|turn|13\n|\n|t:|1700735535\n|move|p1a: Gardevoir|Psychic|p2a: Maushold\n|-end|p2a: Maushold|Substitute\n|move|p2a: Maushold|Population Bomb|p1a: Gardevoir\n|-damage|p1a: Gardevoir|80\/100\n|-damage|p1a: Gardevoir|59\/100\n|-damage|p1a: Gardevoir|36\/100\n|-damage|p1a: Gardevoir|15\/100\n|-damage|p1a: Gardevoir|0 fnt\n|faint|p1a: Gardevoir\n|-hitcount|p1: Gardevoir|5\n|\n|upkeep\n|\n|t:|1700735548\n|switch|p1a: Cinderace|Cinderace, M|100\/100\n|turn|14\n|\n|t:|1700735554\n|move|p1a: Cinderace|Pyro Ball|p2a: Maushold|[miss]\n|-miss|p1a: Cinderace|p2a: Maushold\n|move|p2a: Maushold|Population Bomb|p1a: Cinderace\n|-damage|p1a: Cinderace|83\/100\n|-damage|p1a: Cinderace|66\/100\n|-damage|p1a: Cinderace|47\/100\n|-damage|p1a: Cinderace|31\/100\n|-hitcount|p1a: Cinderace|4\n|\n|upkeep\n|turn|15\n|\n|t:|1700735567\n|move|p1a: Cinderace|Will-O-Wisp|p2a: Maushold\n|-status|p2a: Maushold|brn\n|move|p2a: Maushold|Substitute|p2a: Maushold\n|-fail|p2a: Maushold|move: Substitute|[weak]\n|\n|-damage|p2a: Maushold|11\/100 brn|[from] brn\n|upkeep\n|turn|16\n|\n|t:|1700735576\n|move|p1a: Cinderace|Pyro Ball|p2a: Maushold\n|-damage|p2a: Maushold|0 fnt\n|faint|p2a: Maushold\n|\n|win|Tran minh quan\n|raw|Tran minh quan's rating: 1105 &rarr; <strong>1128<\/strong><br \/>(+23 for winning)\n|raw|Sangle5078's rating: 1084 &rarr; <strong>1063<\/strong><br \/>(-21 for losing)\n","uploadtime":1700735604,"views":6,"p1id":"tranminhquan","p2id":"sangle5078","formatid":"gen9nationaldexubers","rating":1063,"private":0,"password":""}