{"id":"gen9nationaldexubers-1986126610","p1":"Black_Wicked","p2":"7s Recruit","format":"[Gen 9] National Dex Ubers","log":"|j|\u2606Black_Wicked\n|j|\u26067s Recruit\n|t:|1699452758\n|gametype|singles\n|player|p1|Black_Wicked|ghetsis|\n|player|p2|7s Recruit|ethan|\n|teamsize|p1|6\n|teamsize|p2|6\n|gen|9\n|tier|[Gen 9] National Dex Ubers\n|rule|HP Percentage Mod: HP is shown in percentages\n|rule|Endless Battle Clause: Forcing endless battles is banned\n|rule|OHKO Clause: OHKO moves are banned\n|rule|Evasion Moves Clause: Evasion moves are banned\n|rule|Evasion Items Clause: Evasion items are banned\n|rule|Species Clause: Limit one of each Pok\u00e9mon\n|rule|Sleep Clause Mod: Limit one foe put to sleep\n|rule|Mega Rayquaza Clause: You cannot mega evolve Rayquaza\n|clearpoke\n|poke|p1|Golem-Alola, M|\n|poke|p1|Emboar, M|\n|poke|p1|Kingler, M|\n|poke|p1|Mr. Rime, F|\n|poke|p1|Rampardos, M|\n|poke|p1|Alakazam, M|\n|poke|p2|Alakazam, M|\n|poke|p2|Mimikyu, M|\n|poke|p2|Tapu Lele|\n|poke|p2|Garchomp, M|\n|poke|p2|Rotom-Wash|\n|poke|p2|Umbreon, M|\n|teampreview\n|inactive|Battle timer is ON: inactive players will automatically lose when time's up. (requested by Black_Wicked)\n|\n|t:|1699452777\n|start\n|switch|p1a: Kingler|Kingler, M|100\/100\n|switch|p2a: Rampage|Garchomp, M|100\/100\n|turn|1\n|\n|t:|1699452790\n|move|p2a: Rampage|Stealth Rock|p1a: Kingler\n|-sidestart|p1: Black_Wicked|move: Stealth Rock\n|move|p1a: Kingler|Agility|p1a: Kingler\n|-boost|p1a: Kingler|spe|2\n|\n|upkeep\n|turn|2\n|\n|t:|1699452802\n|move|p1a: Kingler|Crabhammer|p2a: Rampage|[miss]\n|-miss|p1a: Kingler|p2a: Rampage\n|move|p2a: Rampage|Earthquake|p1a: Kingler\n|-damage|p1a: Kingler|39\/100\n|\n|upkeep\n|turn|3\n|\n|t:|1699452809\n|move|p1a: Kingler|Crabhammer|p2a: Rampage\n|-damage|p2a: Rampage|31\/100\n|-damage|p1a: Kingler|27\/100|[from] ability: Rough Skin|[of] p2a: Rampage\n|-damage|p1a: Kingler|17\/100|[from] item: Life Orb\n|move|p2a: Rampage|Earthquake|p1a: Kingler\n|-damage|p1a: Kingler|0 fnt\n|faint|p1a: Kingler\n|\n|upkeep\n|\n|t:|1699452827\n|switch|p1a: Mr. Rime|Mr. Rime, F|100\/100\n|-damage|p1a: Mr. Rime|76\/100|[from] Stealth Rock\n|turn|4\n|\n|t:|1699452834\n|move|p2a: Rampage|Earthquake|p1a: Mr. Rime\n|-damage|p1a: Mr. Rime|2\/100\n|move|p1a: Mr. Rime|Hail|p1a: Mr. Rime\n|-weather|Hail\n|\n|-weather|Hail|[upkeep]\n|-damage|p2a: Rampage|25\/100|[from] Hail\n|-heal|p1a: Mr. Rime|8\/100|[from] ability: Ice Body\n|-heal|p1a: Mr. Rime|14\/100|[from] item: Leftovers\n|upkeep\n|turn|5\n|\n|t:|1699452847\n|move|p2a: Rampage|Earthquake|p1a: Mr. Rime\n|-damage|p1a: Mr. Rime|0 fnt\n|faint|p1a: Mr. Rime\n|\n|-weather|Hail|[upkeep]\n|-damage|p2a: Rampage|19\/100|[from] Hail\n|upkeep\n|\n|t:|1699452852\n|switch|p1a: Alakazam|Alakazam, M|100\/100\n|-damage|p1a: Alakazam|88\/100|[from] Stealth Rock\n|turn|6\n|\n|t:|1699452859\n|switch|p2a: Nerd|Rotom-Wash|100\/100\n|detailschange|p1a: Alakazam|Alakazam-Mega, M\n|-mega|p1a: Alakazam|Alakazam|Alakazite\n|-ability|p1a: Alakazam|Levitate|[from] ability: Trace|[of] p2a: Nerd\n|move|p1a: Alakazam|Dazzling Gleam|p2a: Nerd\n|-damage|p2a: Nerd|79\/100\n|\n|-weather|Hail|[upkeep]\n|-damage|p1a: Alakazam|82\/100|[from] Hail\n|-damage|p2a: Nerd|73\/100|[from] Hail\n|-heal|p2a: Nerd|79\/100|[from] item: Leftovers\n|upkeep\n|turn|7\n|\n|t:|1699452874\n|move|p1a: Alakazam|Calm Mind|p1a: Alakazam\n|-boost|p1a: Alakazam|spa|1\n|-boost|p1a: Alakazam|spd|1\n|move|p2a: Nerd|Hydro Pump|p1a: Alakazam\n|-damage|p1a: Alakazam|54\/100\n|\n|-weather|Hail|[upkeep]\n|-damage|p1a: Alakazam|48\/100|[from] Hail\n|-damage|p2a: Nerd|73\/100|[from] Hail\n|-heal|p2a: Nerd|79\/100|[from] item: Leftovers\n|upkeep\n|turn|8\n|\n|t:|1699452885\n|move|p1a: Alakazam|Calm Mind|p1a: Alakazam\n|-boost|p1a: Alakazam|spa|1\n|-boost|p1a: Alakazam|spd|1\n|move|p2a: Nerd|Hydro Pump|p1a: Alakazam\n|-damage|p1a: Alakazam|27\/100\n|\n|-weather|none\n|-heal|p2a: Nerd|85\/100|[from] item: Leftovers\n|upkeep\n|turn|9\n|\n|t:|1699452895\n|move|p1a: Alakazam|Recover|p1a: Alakazam\n|-heal|p1a: Alakazam|77\/100\n|move|p2a: Nerd|Hydro Pump|p1a: Alakazam\n|-damage|p1a: Alakazam|57\/100\n|\n|-heal|p2a: Nerd|92\/100|[from] item: Leftovers\n|upkeep\n|turn|10\n|\n|t:|1699452904\n|move|p1a: Alakazam|Calm Mind|p1a: Alakazam\n|-boost|p1a: Alakazam|spa|1\n|-boost|p1a: Alakazam|spd|1\n|move|p2a: Nerd|Volt Switch|p1a: Alakazam\n|-damage|p1a: Alakazam|47\/100\n|\n|t:|1699452912\n|switch|p2a: Lezoure|Mimikyu, M|100\/100|[from] Volt Switch\n|\n|upkeep\n|turn|11\n|\n|t:|1699452926\n|switch|p1a: Golem|Golem-Alola, M|100\/100\n|-damage|p1a: Golem|88\/100|[from] Stealth Rock\n|move|p2a: Lezoure|Shadow Claw|p1a: Golem\n|-damage|p1a: Golem|67\/100\n|\n|upkeep\n|turn|12\n|\n|t:|1699452936\n|-zpower|p2a: Lezoure\n|move|p2a: Lezoure|Never-Ending Nightmare|p1a: Golem|[zeffect]\n|-damage|p1a: Golem|24\/100\n|move|p1a: Golem|Gyro Ball|p2a: Lezoure\n|-activate|p2a: Lezoure|ability: Disguise\n|-damage|p2a: Lezoure|100\/100\n|detailschange|p2a: Lezoure|Mimikyu-Busted, M\n|-damage|p2a: Lezoure|88\/100|[from] pokemon: Mimikyu-Busted\n|\n|upkeep\n|turn|13\n|\n|t:|1699452950\n|move|p2a: Lezoure|Play Rough|p1a: Golem|[miss]\n|-miss|p2a: Lezoure|p1a: Golem\n|move|p1a: Golem|Explosion|p2a: Lezoure\n|-crit|p2a: Lezoure\n|-damage|p2a: Lezoure|0 fnt\n|faint|p1a: Golem\n|faint|p2a: Lezoure\n|\n|upkeep\n|\n|t:|1699452963\n|switch|p2a: Terrina|Tapu Lele|100\/100\n|switch|p1a: Emboar|Emboar, M|100\/100\n|-fieldstart|move: Psychic Terrain|[from] ability: Psychic Surge|[of] p2a: Terrina\n|-damage|p1a: Emboar|88\/100|[from] Stealth Rock\n|turn|14\n|\n|t:|1699452972\n|-terastallize|p1a: Emboar|Dark\n|move|p2a: Terrina|Moonblast|p1a: Emboar\n|-supereffective|p1a: Emboar\n|-damage|p1a: Emboar|0 fnt\n|faint|p1a: Emboar\n|\n|upkeep\n|\n|t:|1699452977\n|switch|p1a: Rampardos|Rampardos, M|100\/100\n|-damage|p1a: Rampardos|88\/100|[from] Stealth Rock\n|turn|15\n|\n|t:|1699452984\n|move|p2a: Terrina|Moonblast|p1a: Rampardos\n|-damage|p1a: Rampardos|1\/100\n|-unboost|p1a: Rampardos|spa|1\n|move|p1a: Rampardos|Crunch|p2a: Terrina\n|-damage|p2a: Terrina|0 fnt\n|faint|p2a: Terrina\n|\n|upkeep\n|\n|t:|1699452997\n|switch|p2a: Neuro|Alakazam, M|100\/100\n|turn|16\n|\n|t:|1699453007\n|detailschange|p2a: Neuro|Alakazam-Mega, M\n|-mega|p2a: Neuro|Alakazam|Alakazite\n|-ability|p2a: Neuro|Sheer Force|[from] ability: Trace|[of] p1a: Rampardos\n|move|p2a: Neuro|Calm Mind|p2a: Neuro\n|-boost|p2a: Neuro|spa|1\n|-boost|p2a: Neuro|spd|1\n|move|p1a: Rampardos|Crunch|p2a: Neuro\n|-supereffective|p2a: Neuro\n|-damage|p2a: Neuro|0 fnt\n|faint|p2a: Neuro\n|\n|upkeep\n|\n|t:|1699453020\n|switch|p2a: Rampage|Garchomp, M|19\/100\n|-enditem|p2a: Rampage|Psychic Seed\n|-boost|p2a: Rampage|spd|1|[from] item: Psychic Seed\n|turn|17\n|\n|t:|1699453027\n|move|p2a: Rampage|Earthquake|p1a: Rampardos\n|-supereffective|p1a: Rampardos\n|-damage|p1a: Rampardos|0 fnt\n|faint|p1a: Rampardos\n|\n|upkeep\n|\n|t:|1699453031\n|switch|p1a: Alakazam|Alakazam-Mega, M|47\/100\n|-damage|p1a: Alakazam|35\/100|[from] Stealth Rock\n|-ability|p1a: Alakazam|Rough Skin|[from] ability: Trace|[of] p2a: Rampage\n|turn|18\n|\n|t:|1699453040\n|move|p1a: Alakazam|Dazzling Gleam|p2a: Rampage\n|-supereffective|p2a: Rampage\n|-damage|p2a: Rampage|0 fnt\n|faint|p2a: Rampage\n|\n|-fieldend|move: Psychic Terrain\n|upkeep\n|\n|t:|1699453047\n|switch|p2a: Nerd|Rotom-Wash|92\/100\n|turn|19\n|\n|t:|1699453052\n|move|p1a: Alakazam|Recover|p1a: Alakazam\n|-heal|p1a: Alakazam|85\/100\n|move|p2a: Nerd|Hydro Pump|p1a: Alakazam\n|-crit|p1a: Alakazam\n|-damage|p1a: Alakazam|28\/100\n|\n|-heal|p2a: Nerd|98\/100|[from] item: Leftovers\n|upkeep\n|turn|20\n|\n|t:|1699453062\n|move|p1a: Alakazam|Recover|p1a: Alakazam\n|-heal|p1a: Alakazam|78\/100\n|move|p2a: Nerd|Hydro Pump|p1a: Alakazam|[miss]\n|-miss|p2a: Nerd|p1a: Alakazam\n|\n|-heal|p2a: Nerd|100\/100|[from] item: Leftovers\n|upkeep\n|turn|21\n|\n|t:|1699453071\n|move|p1a: Alakazam|Calm Mind|p1a: Alakazam\n|-boost|p1a: Alakazam|spa|1\n|-boost|p1a: Alakazam|spd|1\n|move|p2a: Nerd|Volt Switch|p1a: Alakazam\n|-damage|p1a: Alakazam|61\/100\n|\n|t:|1699453079\n|switch|p2a: Caretaker Jr.|Umbreon, M|100\/100|[from] Volt Switch\n|\n|upkeep\n|turn|22\n|\n|t:|1699453084\n|move|p1a: Alakazam|Dazzling Gleam|p2a: Caretaker Jr.\n|-supereffective|p2a: Caretaker Jr.\n|-damage|p2a: Caretaker Jr.|38\/100\n|move|p2a: Caretaker Jr.|Foul Play|p1a: Alakazam\n|-supereffective|p1a: Alakazam\n|-damage|p1a: Alakazam|21\/100\n|-damage|p2a: Caretaker Jr.|26\/100|[from] ability: Rough Skin|[of] p1a: Alakazam\n|\n|-heal|p2a: Caretaker Jr.|32\/100|[from] item: Leftovers\n|upkeep\n|turn|23\n|\n|t:|1699453096\n|move|p2a: Caretaker Jr.|Protect|p2a: Caretaker Jr.\n|-singleturn|p2a: Caretaker Jr.|Protect\n|move|p1a: Alakazam|Dazzling Gleam|p2a: Caretaker Jr.\n|-activate|p2a: Caretaker Jr.|move: Protect\n|\n|-heal|p2a: Caretaker Jr.|38\/100|[from] item: Leftovers\n|upkeep\n|turn|24\n|\n|t:|1699453105\n|move|p1a: Alakazam|Dazzling Gleam|p2a: Caretaker Jr.\n|-supereffective|p2a: Caretaker Jr.\n|-damage|p2a: Caretaker Jr.|0 fnt\n|faint|p2a: Caretaker Jr.\n|\n|upkeep\n|\n|t:|1699453111\n|switch|p2a: Nerd|Rotom-Wash|100\/100\n|turn|25\n|\n|t:|1699453116\n|move|p1a: Alakazam|Recover|p1a: Alakazam\n|-heal|p1a: Alakazam|71\/100\n|move|p2a: Nerd|Hydro Pump|p1a: Alakazam\n|-damage|p1a: Alakazam|44\/100\n|\n|upkeep\n|turn|26\n|\n|t:|1699453124\n|move|p1a: Alakazam|Psychic|p2a: Nerd\n|-damage|p2a: Nerd|42\/100\n|move|p2a: Nerd|Hydro Pump|p1a: Alakazam\n|-damage|p1a: Alakazam|15\/100\n|\n|-heal|p2a: Nerd|49\/100|[from] item: Leftovers\n|upkeep\n|turn|27\n|\n|t:|1699453133\n|move|p1a: Alakazam|Recover|p1a: Alakazam\n|-heal|p1a: Alakazam|65\/100\n|move|p2a: Nerd|Hydro Pump|p1a: Alakazam\n|-damage|p1a: Alakazam|39\/100\n|\n|-heal|p2a: Nerd|55\/100|[from] item: Leftovers\n|upkeep\n|turn|28\n|inactive|Black_Wicked has 270 seconds left.\n|\n|t:|1699453164\n|move|p1a: Alakazam|Recover|p1a: Alakazam\n|-heal|p1a: Alakazam|89\/100\n|move|p2a: Nerd|Will-O-Wisp|p1a: Alakazam\n|-status|p1a: Alakazam|brn\n|\n|-heal|p2a: Nerd|61\/100|[from] item: Leftovers\n|-damage|p1a: Alakazam|83\/100 brn|[from] brn\n|upkeep\n|turn|29\n|\n|t:|1699453176\n|move|p1a: Alakazam|Calm Mind|p1a: Alakazam\n|-boost|p1a: Alakazam|spa|1\n|-boost|p1a: Alakazam|spd|1\n|move|p2a: Nerd|Volt Switch|p1a: Alakazam\n|-crit|p1a: Alakazam\n|-damage|p1a: Alakazam|41\/100 brn\n|\n|-heal|p2a: Nerd|67\/100|[from] item: Leftovers\n|-damage|p1a: Alakazam|35\/100 brn|[from] brn\n|upkeep\n|turn|30\n|inactive|Black_Wicked has 270 seconds left.\n|\n|t:|1699453198\n|move|p1a: Alakazam|Recover|p1a: Alakazam\n|-heal|p1a: Alakazam|85\/100 brn\n|move|p2a: Nerd|Volt Switch|p1a: Alakazam\n|-damage|p1a: Alakazam|71\/100 brn\n|\n|-heal|p2a: Nerd|74\/100|[from] item: Leftovers\n|-damage|p1a: Alakazam|65\/100 brn|[from] brn\n|upkeep\n|turn|31\n|\n|t:|1699453211\n|-terastallize|p2a: Nerd|Electric\n|move|p1a: Alakazam|Psychic|p2a: Nerd\n|-damage|p2a: Nerd|1\/100\n|move|p2a: Nerd|Volt Switch|p1a: Alakazam\n|-damage|p1a: Alakazam|46\/100 brn\n|\n|-heal|p2a: Nerd|8\/100|[from] item: Leftovers\n|-damage|p1a: Alakazam|40\/100 brn|[from] brn\n|upkeep\n|turn|32\n|\n|t:|1699453223\n|move|p1a: Alakazam|Psychic|p2a: Nerd\n|-damage|p2a: Nerd|0 fnt\n|faint|p2a: Nerd\n|\n|win|Black_Wicked\n|l|\u2606Black_Wicked\n|l|\u26067s Recruit\n|j|\u2606Black_Wicked\n|player|p1|Black_Wicked|ghetsis\n","uploadtime":1699453232,"views":11,"p1id":"blackwicked","p2id":"7srecruit","formatid":"gen9nationaldexubers","rating":0,"private":0,"password":""}