{"id":"gen9nationaldexubers-1982248921","p1":"MafeIsMental","p2":"doubletrouble83","format":"[Gen 9] National Dex Ubers","log":"|j|\u2606MafeIsMental\n|j|\u2606doubletrouble83\n|t:|1698984315\n|gametype|singles\n|player|p1|MafeIsMental|psychic|1296\n|player|p2|doubletrouble83|n|1354\n|teamsize|p1|6\n|teamsize|p2|6\n|gen|9\n|tier|[Gen 9] National Dex Ubers\n|rated|\n|rule|HP Percentage Mod: HP is shown in percentages\n|rule|Endless Battle Clause: Forcing endless battles is banned\n|rule|OHKO Clause: OHKO moves are banned\n|rule|Evasion Moves Clause: Evasion moves are banned\n|rule|Evasion Items Clause: Evasion items are banned\n|rule|Species Clause: Limit one of each Pok\u00e9mon\n|rule|Sleep Clause Mod: Limit one foe put to sleep\n|rule|Mega Rayquaza Clause: You cannot mega evolve Rayquaza\n|clearpoke\n|poke|p1|Golisopod, M|\n|poke|p1|Skeledirge, M|\n|poke|p1|Kyogre|\n|poke|p1|Mewtwo|\n|poke|p1|Grimmsnarl, M|\n|poke|p1|Giratina|\n|poke|p2|Basculegion, M|\n|poke|p2|Xerneas-*|\n|poke|p2|Marshadow|\n|poke|p2|Deoxys-Speed|\n|poke|p2|Zacian-*|\n|poke|p2|Pelipper, M|\n|teampreview\n|inactive|Battle timer is ON: inactive players will automatically lose when time's up. (requested by doubletrouble83)\n|inactive|MafeIsMental also wants the timer to be on.\n|\n|t:|1698984325\n|start\n|switch|p1a: Grimmsnarl|Grimmsnarl, M|100\/100\n|switch|p2a: Deoxys|Deoxys-Speed|100\/100\n|-ability|p2a: Deoxys|Pressure\n|turn|1\n|\n|t:|1698984339\n|switch|p2a: Marshadow|Marshadow|100\/100\n|move|p1a: Grimmsnarl|Taunt|p2a: Marshadow\n|-start|p2a: Marshadow|move: Taunt\n|\n|upkeep\n|turn|2\n|\n|t:|1698984345\n|move|p1a: Grimmsnarl|Reflect|p1a: Grimmsnarl\n|-sidestart|p1: MafeIsMental|Reflect\n|move|p2a: Marshadow|Close Combat|p1a: Grimmsnarl\n|-damage|p1a: Grimmsnarl|62\/100\n|-unboost|p2a: Marshadow|def|1\n|-unboost|p2a: Marshadow|spd|1\n|\n|upkeep\n|turn|3\n|\n|t:|1698984353\n|move|p1a: Grimmsnarl|Light Screen|p1a: Grimmsnarl\n|-sidestart|p1: MafeIsMental|move: Light Screen\n|move|p2a: Marshadow|Close Combat|p1a: Grimmsnarl\n|-damage|p1a: Grimmsnarl|26\/100\n|-unboost|p2a: Marshadow|def|1\n|-unboost|p2a: Marshadow|spd|1\n|\n|-end|p2a: Marshadow|move: Taunt\n|upkeep\n|turn|4\n|\n|t:|1698984360\n|move|p1a: Grimmsnarl|Parting Shot|p2a: Marshadow\n|-unboost|p2a: Marshadow|atk|1\n|-unboost|p2a: Marshadow|spa|1\n|\n|t:|1698984370\n|switch|p1a: Golisopod|Golisopod, M, shiny|100\/100|[from] Parting Shot\n|move|p2a: Marshadow|Close Combat|p1a: Golisopod\n|-resisted|p1a: Golisopod\n|-damage|p1a: Golisopod|93\/100\n|-unboost|p2a: Marshadow|def|1\n|-unboost|p2a: Marshadow|spd|1\n|\n|upkeep\n|turn|5\n|\n|t:|1698984380\n|switch|p2a: Deoxys|Deoxys-Speed|100\/100\n|-ability|p2a: Deoxys|Pressure\n|move|p1a: Golisopod|First Impression|p2a: Deoxys\n|-supereffective|p2a: Deoxys\n|-enditem|p2a: Deoxys|Focus Sash\n|-damage|p2a: Deoxys|1\/100\n|\n|upkeep\n|turn|6\n|\n|t:|1698984393\n|move|p1a: Golisopod|Aqua Jet|p2a: Deoxys\n|-damage|p2a: Deoxys|0 fnt\n|faint|p2a: Deoxys\n|\n|upkeep\n|\n|t:|1698984397\n|switch|p2a: Zacian|Zacian-Crowned|100\/100\n|-ability|p2a: Zacian|Intrepid Sword|boost\n|-boost|p2a: Zacian|atk|1\n|turn|7\n|\n|t:|1698984411\n|switch|p1a: Giratina|Giratina|100\/100\n|-ability|p1a: Giratina|Pressure\n|move|p2a: Zacian|Wild Charge|p1a: Giratina\n|-resisted|p1a: Giratina\n|-damage|p1a: Giratina|95\/100\n|-damage|p2a: Zacian|98\/100|[from] Recoil\n|\n|upkeep\n|turn|8\n|\n|t:|1698984420\n|move|p2a: Zacian|Behemoth Blade|p1a: Giratina\n|-damage|p1a: Giratina|76\/100\n|move|p1a: Giratina|Will-O-Wisp|p2a: Zacian\n|-status|p2a: Zacian|brn\n|\n|-damage|p2a: Zacian|92\/100 brn|[from] brn\n|upkeep\n|turn|9\n|\n|t:|1698984432\n|switch|p1a: Skeledirge|Skeledirge, M|100\/100\n|move|p2a: Zacian|Behemoth Blade|p1a: Skeledirge\n|-resisted|p1a: Skeledirge\n|-damage|p1a: Skeledirge|95\/100\n|\n|-damage|p2a: Zacian|86\/100 brn|[from] brn\n|-sideend|p1: MafeIsMental|Reflect\n|upkeep\n|turn|10\n|\n|t:|1698984442\n|move|p2a: Zacian|Wild Charge|p1a: Skeledirge\n|-damage|p1a: Skeledirge|81\/100\n|-damage|p2a: Zacian|81\/100 brn|[from] Recoil\n|move|p1a: Skeledirge|Torch Song|p2a: Zacian\n|-supereffective|p2a: Zacian\n|-damage|p2a: Zacian|29\/100 brn\n|-boost|p1a: Skeledirge|spa|1\n|\n|-damage|p2a: Zacian|23\/100 brn|[from] brn\n|-sideend|p1: MafeIsMental|move: Light Screen\n|upkeep\n|turn|11\n|\n|t:|1698984451\n|move|p2a: Zacian|Wild Charge|p1a: Skeledirge\n|-damage|p1a: Skeledirge|66\/100\n|-damage|p2a: Zacian|18\/100 brn|[from] Recoil\n|move|p1a: Skeledirge|Torch Song|p2a: Zacian\n|-supereffective|p2a: Zacian\n|-damage|p2a: Zacian|0 fnt\n|-boost|p1a: Skeledirge|spa|1\n|faint|p2a: Zacian\n|\n|upkeep\n|\n|t:|1698984460\n|switch|p2a: Marshadow|Marshadow|100\/100\n|turn|12\n|\n|t:|1698984464\n|-terastallize|p1a: Skeledirge|Fairy\n|move|p2a: Marshadow|Poltergeist|p1a: Skeledirge\n|-activate|p1a: Skeledirge|move: Poltergeist|Heavy-Duty Boots\n|-damage|p1a: Skeledirge|22\/100\n|move|p1a: Skeledirge|Slack Off|p1a: Skeledirge\n|-heal|p1a: Skeledirge|73\/100\n|\n|upkeep\n|turn|13\n|\n|t:|1698984471\n|move|p2a: Marshadow|Spectral Thief||[still]\n|-clearpositiveboost|p1a: Skeledirge|p2a: Marshadow|move: Spectral Thief\n|-boost|p2a: Marshadow|spa|2\n|-anim|p2a: Marshadow|Spectral Thief|p1a: Skeledirge\n|-damage|p1a: Skeledirge|36\/100\n|move|p1a: Skeledirge|Will-O-Wisp|p2a: Marshadow\n|-status|p2a: Marshadow|brn\n|\n|-damage|p2a: Marshadow|94\/100 brn|[from] brn\n|upkeep\n|turn|14\n|\n|t:|1698984483\n|move|p2a: Marshadow|Poltergeist|p1a: Skeledirge\n|-activate|p1a: Skeledirge|move: Poltergeist|Heavy-Duty Boots\n|-damage|p1a: Skeledirge|12\/100\n|move|p1a: Skeledirge|Slack Off|p1a: Skeledirge\n|-heal|p1a: Skeledirge|62\/100\n|\n|-damage|p2a: Marshadow|88\/100 brn|[from] brn\n|upkeep\n|turn|15\n|inactive|doubletrouble83 no longer wants the timer on, but the timer is staying on because mafeismental still does.\n|inactive|doubletrouble83 has 120 seconds left.\n|inactive|doubletrouble83 has 90 seconds left.\n|inactive|doubletrouble83 has 60 seconds left.\n|inactive|doubletrouble83 has 30 seconds left.\n|inactive|doubletrouble83 has 20 seconds left.\n|\n|t:|1698984615\n|switch|p2a: Pelipper|Pelipper, M|100\/100\n|-weather|RainDance|[from] ability: Drizzle|[of] p2a: Pelipper\n|move|p1a: Skeledirge|Slack Off|p1a: Skeledirge\n|-heal|p1a: Skeledirge|100\/100\n|\n|-weather|RainDance|[upkeep]\n|upkeep\n|turn|16\n|inactive|doubletrouble83 has 30 seconds left this turn.\n|\n|t:|1698984627\n|switch|p1a: Kyogre|Kyogre, shiny|100\/100\n|detailschange|p1a: Kyogre|Kyogre-Primal, shiny\n|-primal|p1a: Kyogre|Blue Orb\n|-weather|PrimordialSea|[from] ability: Primordial Sea|[of] p1a: Kyogre\n|switch|p2a: Xerneas|Xerneas|100\/100\n|-ability|p2a: Xerneas|Fairy Aura\n|\n|-weather|PrimordialSea|[upkeep]\n|upkeep\n|turn|17\n|inactive|doubletrouble83 has 30 seconds left.\n|\n|t:|1698984636\n|-weather|none\n|switch|p1a: Skeledirge|Skeledirge, M, tera:Fairy|100\/100\n|move|p2a: Xerneas|Thunder|p1a: Skeledirge\n|-damage|p1a: Skeledirge|73\/100\n|\n|upkeep\n|turn|18\n|\n|t:|1698984643\n|switch|p2a: Marshadow|Marshadow|88\/100 brn\n|move|p1a: Skeledirge|Torch Song|p2a: Marshadow\n|-damage|p2a: Marshadow|54\/100 brn\n|-boost|p1a: Skeledirge|spa|1\n|\n|-damage|p2a: Marshadow|48\/100 brn|[from] brn\n|upkeep\n|turn|19\n|\n|t:|1698984653\n|switch|p2a: Pelipper|Pelipper, M|100\/100\n|-weather|RainDance|[from] ability: Drizzle|[of] p2a: Pelipper\n|switch|p1a: Golisopod|Golisopod, M, shiny|93\/100\n|\n|-weather|RainDance|[upkeep]\n|upkeep\n|turn|20\n|\n|t:|1698984665\n|switch|p2a: Marshadow|Marshadow|48\/100 brn\n|switch|p1a: Kyogre|Kyogre-Primal, shiny|100\/100\n|-weather|PrimordialSea|[from] ability: Primordial Sea|[of] p1a: Kyogre\n|\n|-weather|PrimordialSea|[upkeep]\n|-damage|p2a: Marshadow|42\/100 brn|[from] brn\n|upkeep\n|turn|21\n|\n|t:|1698984673\n|-weather|none\n|switch|p1a: Golisopod|Golisopod, M, shiny|93\/100\n|move|p2a: Marshadow|Close Combat|p1a: Golisopod\n|-resisted|p1a: Golisopod\n|-damage|p1a: Golisopod|83\/100\n|-unboost|p2a: Marshadow|def|1\n|-unboost|p2a: Marshadow|spd|1\n|\n|-damage|p2a: Marshadow|36\/100 brn|[from] brn\n|upkeep\n|turn|22\n|\n|t:|1698984687\n|switch|p2a: Xerneas|Xerneas|100\/100\n|-ability|p2a: Xerneas|Fairy Aura\n|move|p1a: Golisopod|First Impression|p2a: Xerneas\n|-resisted|p2a: Xerneas\n|-damage|p2a: Xerneas|80\/100\n|\n|upkeep\n|turn|23\n|\n|t:|1698984698\n|switch|p1a: Skeledirge|Skeledirge, M, tera:Fairy|73\/100\n|move|p2a: Xerneas|Thunder|p1a: Skeledirge\n|-damage|p1a: Skeledirge|45\/100\n|-status|p1a: Skeledirge|par\n|\n|upkeep\n|turn|24\n|\n|t:|1698984710\n|move|p2a: Xerneas|Thunder|p1a: Skeledirge\n|-damage|p1a: Skeledirge|18\/100 par\n|move|p1a: Skeledirge|Slack Off|p1a: Skeledirge\n|-heal|p1a: Skeledirge|68\/100 par\n|\n|upkeep\n|turn|25\n|inactive|doubletrouble83 has 60 seconds left.\n|\n|t:|1698984730\n|switch|p1a: Mewtwo|Mewtwo, shiny|100\/100\n|-ability|p1a: Mewtwo|Pressure\n|move|p2a: Xerneas|Thunder|p1a: Mewtwo\n|-damage|p1a: Mewtwo|63\/100\n|-status|p1a: Mewtwo|par\n|\n|upkeep\n|turn|26\n|inactive|doubletrouble83 has 60 seconds left.\n|\n|t:|1698984747\n|detailschange|p1a: Mewtwo|Mewtwo-Mega-Y, shiny\n|-mega|p1a: Mewtwo|Mewtwo|Mewtwonite Y\n|move|p2a: Xerneas|Thunder|p1a: Mewtwo\n|-damage|p1a: Mewtwo|33\/100 par\n|cant|p1a: Mewtwo|par\n|\n|upkeep\n|turn|27\n|inactive|doubletrouble83 has 60 seconds left.\n|\n|t:|1698984756\n|move|p2a: Xerneas|Thunder|p1a: Mewtwo\n|-damage|p1a: Mewtwo|0 fnt\n|faint|p1a: Mewtwo\n|\n|upkeep\n|\n|t:|1698984761\n|switch|p1a: Grimmsnarl|Grimmsnarl, M|26\/100\n|turn|28\n|\n|t:|1698984766\n|move|p1a: Grimmsnarl|Parting Shot|p2a: Xerneas\n|-unboost|p2a: Xerneas|atk|1\n|-unboost|p2a: Xerneas|spa|1\n|\n|t:|1698984778\n|switch|p1a: Skeledirge|Skeledirge, M, tera:Fairy|68\/100 par|[from] Parting Shot\n|move|p2a: Xerneas|Thunder|p1a: Skeledirge|[miss]\n|-miss|p2a: Xerneas|p1a: Skeledirge\n|\n|upkeep\n|turn|29\n|\n|t:|1698984790\n|move|p2a: Xerneas|Geomancy||[still]\n|-prepare|p2a: Xerneas|Geomancy\n|-enditem|p2a: Xerneas|Power Herb\n|-anim|p2a: Xerneas|Geomancy|p2a: Xerneas\n|-boost|p2a: Xerneas|spa|2\n|-boost|p2a: Xerneas|spd|2\n|-boost|p2a: Xerneas|spe|2\n|move|p1a: Skeledirge|Will-O-Wisp|p2a: Xerneas\n|-status|p2a: Xerneas|brn\n|\n|-damage|p2a: Xerneas|74\/100 brn|[from] brn\n|upkeep\n|turn|30\n|\n|t:|1698984808\n|move|p2a: Xerneas|Moonblast|p1a: Skeledirge\n|-damage|p1a: Skeledirge|23\/100 par\n|move|p1a: Skeledirge|Slack Off|p1a: Skeledirge\n|-heal|p1a: Skeledirge|73\/100 par\n|\n|-damage|p2a: Xerneas|68\/100 brn|[from] brn\n|upkeep\n|turn|31\n|\n|t:|1698984815\n|move|p2a: Xerneas|Geomancy||[still]\n|-prepare|p2a: Xerneas|Geomancy\n|move|p1a: Skeledirge|Torch Song|p2a: Xerneas\n|-crit|p2a: Xerneas\n|-damage|p2a: Xerneas|28\/100 brn\n|-boost|p1a: Skeledirge|spa|1\n|\n|-damage|p2a: Xerneas|22\/100 brn|[from] brn\n|upkeep\n|turn|32\n|\n|t:|1698984824\n|move|p2a: Xerneas|Geomancy|p2a: Xerneas|[from]lockedmove\n|-boost|p2a: Xerneas|spa|2\n|-boost|p2a: Xerneas|spd|2\n|-boost|p2a: Xerneas|spe|2\n|move|p1a: Skeledirge|Hex|p2a: Xerneas\n|-damage|p2a: Xerneas|0 fnt\n|faint|p2a: Xerneas\n|\n|upkeep\n|inactive|doubletrouble83 has 60 seconds left.\n|inactive|doubletrouble83 has 30 seconds left.\n|\n|t:|1698984892\n|switch|p2a: Marshadow|Marshadow|36\/100 brn\n|turn|33\n|\n|t:|1698984895\n|switch|p1a: Golisopod|Golisopod, M, shiny|83\/100\n|move|p2a: Marshadow|Poltergeist|p1a: Golisopod\n|-activate|p1a: Golisopod|move: Poltergeist|Assault Vest\n|-damage|p1a: Golisopod|64\/100\n|\n|-damage|p2a: Marshadow|29\/100 brn|[from] brn\n|upkeep\n|turn|34\n|\n|t:|1698984903\n|move|p1a: Golisopod|First Impression|p2a: Marshadow\n|-resisted|p2a: Marshadow\n|-damage|p2a: Marshadow|12\/100 brn\n|move|p2a: Marshadow|Poltergeist|p1a: Golisopod\n|-activate|p1a: Golisopod|move: Poltergeist|Assault Vest\n|-damage|p1a: Golisopod|45\/100\n|-activate|p1a: Golisopod|ability: Emergency Exit\n|\n|t:|1698984909\n|switch|p1a: Grimmsnarl|Grimmsnarl, M|26\/100\n|\n|-damage|p2a: Marshadow|6\/100 brn|[from] brn\n|upkeep\n|turn|35\n|\n|t:|1698984918\n|move|p1a: Grimmsnarl|Parting Shot|p2a: Marshadow\n|-unboost|p2a: Marshadow|atk|1\n|-unboost|p2a: Marshadow|spa|1\n|\n|t:|1698984925\n|switch|p1a: Golisopod|Golisopod, M, shiny|45\/100|[from] Parting Shot\n|move|p2a: Marshadow|Close Combat|p1a: Golisopod\n|-resisted|p1a: Golisopod\n|-damage|p1a: Golisopod|38\/100\n|-unboost|p2a: Marshadow|def|1\n|-unboost|p2a: Marshadow|spd|1\n|\n|-damage|p2a: Marshadow|0 fnt|[from] brn\n|faint|p2a: Marshadow\n|upkeep\n|\n|t:|1698984935\n|switch|p2a: Pelipper|Pelipper, M|100\/100\n|-weather|RainDance|[from] ability: Drizzle|[of] p2a: Pelipper\n|turn|36\n|inactive|doubletrouble83 has 60 seconds left.\n|\n|t:|1698984954\n|switch|p1a: Kyogre|Kyogre-Primal, shiny|100\/100\n|-weather|PrimordialSea|[from] ability: Primordial Sea|[of] p1a: Kyogre\n|move|p2a: Pelipper|Scald|p1a: Kyogre\n|-resisted|p1a: Kyogre\n|-damage|p1a: Kyogre|89\/100\n|\n|-weather|PrimordialSea|[upkeep]\n|upkeep\n|turn|37\n|\n|t:|1698984962\n|move|p1a: Kyogre|Thunder|p2a: Pelipper\n|-supereffective|p2a: Pelipper\n|-damage|p2a: Pelipper|0 fnt\n|faint|p2a: Pelipper\n|\n|-weather|PrimordialSea|[upkeep]\n|upkeep\n|\n|t:|1698984966\n|switch|p2a: Basculegion|Basculegion, M|100\/100\n|turn|38\n|\n|t:|1698984974\n|-weather|none\n|switch|p1a: Skeledirge|Skeledirge, M, tera:Fairy|73\/100 par\n|-terastallize|p2a: Basculegion|Normal\n|move|p2a: Basculegion|Last Respects|p1a: Skeledirge\n|-damage|p1a: Skeledirge|0 fnt\n|faint|p1a: Skeledirge\n|\n|upkeep\n|\n|t:|1698984989\n|switch|p1a: Grimmsnarl|Grimmsnarl, M|26\/100\n|turn|39\n|\n|t:|1698984995\n|move|p1a: Grimmsnarl|Parting Shot|p2a: Basculegion\n|-unboost|p2a: Basculegion|atk|1\n|-unboost|p2a: Basculegion|spa|1\n|\n|t:|1698985004\n|switch|p1a: Giratina|Giratina|76\/100|[from] Parting Shot\n|-ability|p1a: Giratina|Pressure\n|move|p2a: Basculegion|Last Respects|p1a: Giratina\n|-supereffective|p1a: Giratina\n|-damage|p1a: Giratina|0 fnt\n|faint|p1a: Giratina\n|\n|upkeep\n|\n|t:|1698985016\n|switch|p1a: Golisopod|Golisopod, M, shiny|38\/100\n|turn|40\n|\n|t:|1698985020\n|move|p1a: Golisopod|First Impression|p2a: Basculegion\n|-damage|p2a: Basculegion|36\/100\n|move|p2a: Basculegion|Last Respects|p1a: Golisopod\n|-damage|p1a: Golisopod|0 fnt\n|faint|p1a: Golisopod\n|\n|upkeep\n|\n|t:|1698985024\n|switch|p1a: Grimmsnarl|Grimmsnarl, M|26\/100\n|turn|41\n|\n|t:|1698985029\n|move|p1a: Grimmsnarl|Parting Shot|p2a: Basculegion\n|-unboost|p2a: Basculegion|atk|1\n|-unboost|p2a: Basculegion|spa|1\n|\n|t:|1698985033\n|switch|p1a: Kyogre|Kyogre-Primal, shiny|89\/100|[from] Parting Shot\n|-weather|PrimordialSea|[from] ability: Primordial Sea|[of] p1a: Kyogre\n|move|p2a: Basculegion|Last Respects|p1a: Kyogre\n|-damage|p1a: Kyogre|21\/100\n|\n|-weather|PrimordialSea|[upkeep]\n|upkeep\n|turn|42\n|inactive|doubletrouble83 has 120 seconds left.\n|\n|t:|1698985042\n|move|p2a: Basculegion|Last Respects|p1a: Kyogre\n|-damage|p1a: Kyogre|0 fnt\n|faint|p1a: Kyogre\n|-weather|none\n|\n|upkeep\n|-message|MafeIsMental forfeited.\n|\n|win|doubletrouble83\n|raw|MafeIsMental's rating: 1296 &rarr; <strong>1277<\/strong><br \/>(-19 for losing)\n|raw|doubletrouble83's rating: 1380 &rarr; <strong>1395<\/strong><br \/>(+15 for winning)\n|l|\u2606MafeIsMental\n","uploadtime":1698985053,"views":10,"p1id":"mafeismental","p2id":"doubletrouble83","formatid":"gen9nationaldexubers","rating":1277,"private":0,"password":""}