{"id":"gen9nationaldexubers-1984477441","p1":"siummmette","p2":"85792195wwww","format":"[Gen 9] National Dex Ubers","log":"|j|\u2606siummmette\n|j|\u203d85792195wwww\n|t:|1699269908\n|gametype|singles\n|player|p1|siummmette|colress|1488\n|player|p2|85792195wwww|mira|1799\n|teamsize|p1|6\n|teamsize|p2|6\n|gen|9\n|tier|[Gen 9] National Dex Ubers\n|rated|\n|rule|HP Percentage Mod: HP is shown in percentages\n|rule|Endless Battle Clause: Forcing endless battles is banned\n|rule|OHKO Clause: OHKO moves are banned\n|rule|Evasion Moves Clause: Evasion moves are banned\n|rule|Evasion Items Clause: Evasion items are banned\n|rule|Species Clause: Limit one of each Pok\u00e9mon\n|rule|Sleep Clause Mod: Limit one foe put to sleep\n|rule|Mega Rayquaza Clause: You cannot mega evolve Rayquaza\n|clearpoke\n|poke|p1|Deoxys-Speed|\n|poke|p1|Xerneas-*|\n|poke|p1|Blaziken, M|\n|poke|p1|Necrozma-Dusk-Mane|\n|poke|p1|Arceus|\n|poke|p1|Kyogre|\n|poke|p2|Arceus|\n|poke|p2|Xerneas-*|\n|poke|p2|Groudon|\n|poke|p2|Zacian-*|\n|poke|p2|Samurott-Hisui, F|\n|poke|p2|Rayquaza|\n|teampreview\n|inactive|Battle timer is ON: inactive players will automatically lose when time's up. (requested by siummmette)\n|\n|t:|1699269916\n|start\n|switch|p1a: Xerneas|Xerneas|100\/100\n|switch|p2a: Samurott|Samurott-Hisui, F|100\/100\n|-ability|p1a: Xerneas|Fairy Aura\n|turn|1\n|\n|t:|1699269925\n|move|p1a: Xerneas|Geomancy||[still]\n|-prepare|p1a: Xerneas|Geomancy\n|-enditem|p1a: Xerneas|Power Herb\n|-anim|p1a: Xerneas|Geomancy|p1a: Xerneas\n|-boost|p1a: Xerneas|spa|2\n|-boost|p1a: Xerneas|spd|2\n|-boost|p1a: Xerneas|spe|2\n|move|p2a: Samurott|Ceaseless Edge|p1a: Xerneas\n|-resisted|p1a: Xerneas\n|-damage|p1a: Xerneas|79\/100\n|-sidestart|p1: siummmette|Spikes\n|\n|upkeep\n|turn|2\n|\n|t:|1699269935\n|move|p1a: Xerneas|Substitute|p1a: Xerneas\n|-start|p1a: Xerneas|Substitute\n|-damage|p1a: Xerneas|54\/100\n|move|p2a: Samurott|Razor Shell|p1a: Xerneas\n|-end|p1a: Xerneas|Substitute\n|\n|upkeep\n|turn|3\n|\n|t:|1699269942\n|move|p1a: Xerneas|Thunderbolt|p2a: Samurott\n|-supereffective|p2a: Samurott\n|-enditem|p2a: Samurott|Focus Sash\n|-damage|p2a: Samurott|1\/100\n|move|p2a: Samurott|Razor Shell|p1a: Xerneas\n|-damage|p1a: Xerneas|3\/100\n|\n|upkeep\n|turn|4\n|\n|t:|1699269951\n|move|p1a: Xerneas|Thunderbolt|p2a: Samurott\n|-supereffective|p2a: Samurott\n|-damage|p2a: Samurott|0 fnt\n|faint|p2a: Samurott\n|\n|upkeep\n|\n|t:|1699269958\n|switch|p2a: Groudon|Groudon|100\/100\n|detailschange|p2a: Groudon|Groudon-Primal\n|-primal|p2a: Groudon|Red Orb\n|-weather|DesolateLand|[from] ability: Desolate Land|[of] p2a: Groudon\n|turn|5\n|\n|t:|1699269964\n|move|p1a: Xerneas|Moonblast|p2a: Groudon\n|-resisted|p2a: Groudon\n|-damage|p2a: Groudon|32\/100\n|move|p2a: Groudon|Heat Crash|p1a: Xerneas\n|-damage|p1a: Xerneas|0 fnt\n|faint|p1a: Xerneas\n|\n|-weather|DesolateLand|[upkeep]\n|upkeep\n|\n|t:|1699269973\n|switch|p1a: Kyogre|Kyogre|100\/100\n|-damage|p1a: Kyogre|88\/100|[from] Spikes\n|detailschange|p1a: Kyogre|Kyogre-Primal\n|-primal|p1a: Kyogre|Blue Orb\n|-weather|PrimordialSea|[from] ability: Primordial Sea|[of] p1a: Kyogre\n|turn|6\n|\n|t:|1699269981\n|switch|p2a: Rayquaza|Rayquaza|100\/100\n|-ability|p2a: Rayquaza|Air Lock\n|move|p1a: Kyogre|Water Spout|p2a: Rayquaza\n|-resisted|p2a: Rayquaza\n|-damage|p2a: Rayquaza|48\/100\n|\n|-weather|PrimordialSea|[upkeep]\n|upkeep\n|turn|7\n|\n|t:|1699269990\n|move|p2a: Rayquaza|Dragon Ascent|p1a: Kyogre\n|-damage|p1a: Kyogre|0 fnt\n|-unboost|p2a: Rayquaza|def|1\n|-unboost|p2a: Rayquaza|spd|1\n|faint|p1a: Kyogre\n|-weather|none\n|\n|upkeep\n|\n|t:|1699270020\n|switch|p1a: Deoxys|Deoxys-Speed|100\/100\n|-damage|p1a: Deoxys|88\/100|[from] Spikes\n|-ability|p1a: Deoxys|Pressure\n|turn|8\n|\n|t:|1699270026\n|move|p1a: Deoxys|Spikes|p2a: Rayquaza\n|-sidestart|p2: 85792195wwww|Spikes\n|move|p2a: Rayquaza|Dragon Ascent|p1a: Deoxys\n|-damage|p1a: Deoxys|0 fnt\n|-unboost|p2a: Rayquaza|def|1\n|-unboost|p2a: Rayquaza|spd|1\n|faint|p1a: Deoxys\n|\n|upkeep\n|\n|t:|1699270030\n|switch|p1a: Necrozma|Necrozma-Dusk-Mane|100\/100\n|-damage|p1a: Necrozma|88\/100|[from] Spikes\n|turn|9\n|\n|t:|1699270047\n|move|p2a: Rayquaza|Dragon Ascent|p1a: Necrozma\n|-resisted|p1a: Necrozma\n|-damage|p1a: Necrozma|50\/100\n|-unboost|p2a: Rayquaza|def|1\n|-unboost|p2a: Rayquaza|spd|1\n|move|p1a: Necrozma|Trick Room|p1a: Necrozma\n|-fieldstart|move: Trick Room|[of] p1a: Necrozma\n|\n|upkeep\n|turn|10\n|\n|t:|1699270058\n|switch|p2a: Groudon|Groudon-Primal|32\/100\n|-damage|p2a: Groudon|20\/100|[from] Spikes\n|-weather|DesolateLand|[from] ability: Desolate Land|[of] p2a: Groudon\n|move|p1a: Necrozma|Photon Geyser|p2a: Groudon\n|-damage|p2a: Groudon|0 fnt\n|faint|p2a: Groudon\n|-weather|none\n|\n|upkeep\n|\n|t:|1699270076\n|switch|p2a: Rayquaza|Rayquaza|48\/100\n|-ability|p2a: Rayquaza|Air Lock\n|turn|11\n|\n|t:|1699270081\n|move|p2a: Rayquaza|Extreme Speed|p1a: Necrozma\n|-resisted|p1a: Necrozma\n|-damage|p1a: Necrozma|32\/100\n|move|p1a: Necrozma|Sunsteel Strike|p2a: Rayquaza\n|-damage|p2a: Rayquaza|0 fnt\n|faint|p2a: Rayquaza\n|\n|upkeep\n|\n|t:|1699270096\n|switch|p2a: Arceus|Arceus|100\/100\n|-damage|p2a: Arceus|88\/100|[from] Spikes\n|turn|12\n|\n|t:|1699270103\n|move|p1a: Necrozma|Sunsteel Strike|p2a: Arceus\n|-damage|p2a: Arceus|42\/100\n|move|p2a: Arceus|Swords Dance|p2a: Arceus\n|-boost|p2a: Arceus|atk|2\n|\n|upkeep\n|turn|13\n|\n|t:|1699270111\n|move|p2a: Arceus|Extreme Speed|p1a: Necrozma\n|-resisted|p1a: Necrozma\n|-damage|p1a: Necrozma|0 fnt\n|faint|p1a: Necrozma\n|-damage|p2a: Arceus|32\/100|[from] item: Life Orb\n|\n|-fieldend|move: Trick Room\n|upkeep\n|\n|t:|1699270119\n|switch|p1a: Arceus|Arceus|100\/100\n|-damage|p1a: Arceus|88\/100|[from] Spikes\n|turn|14\n|\n|t:|1699270124\n|move|p1a: Arceus|Extreme Speed|p2a: Arceus\n|-damage|p2a: Arceus|2\/100\n|move|p2a: Arceus|Earthquake|p1a: Arceus\n|-damage|p1a: Arceus|20\/100\n|-damage|p2a: Arceus|0 fnt|[from] item: Life Orb\n|faint|p2a: Arceus\n|\n|upkeep\n|\n|t:|1699270134\n|switch|p2a: Zacian|Zacian-Crowned|100\/100\n|-damage|p2a: Zacian|88\/100|[from] Spikes\n|-ability|p2a: Zacian|Intrepid Sword|boost\n|-boost|p2a: Zacian|atk|1\n|turn|15\n|\n|t:|1699270140\n|move|p2a: Zacian|Behemoth Blade|p1a: Arceus\n|-damage|p1a: Arceus|0 fnt\n|faint|p1a: Arceus\n|\n|upkeep\n|\n|t:|1699270143\n|switch|p1a: Blaziken|Blaziken, M|100\/100\n|-damage|p1a: Blaziken|88\/100|[from] Spikes\n|turn|16\n|\n|t:|1699270149\n|detailschange|p1a: Blaziken|Blaziken-Mega, M\n|-mega|p1a: Blaziken|Blaziken|Blazikenite\n|move|p2a: Zacian|Close Combat|p1a: Blaziken\n|-damage|p1a: Blaziken|0 fnt\n|-unboost|p2a: Zacian|def|1\n|-unboost|p2a: Zacian|spd|1\n|faint|p1a: Blaziken\n|\n|win|85792195wwww\n|raw|siummmette's rating: 1488 &rarr; <strong>1482<\/strong><br \/>(-6 for losing)\n|raw|85792195wwww's rating: 1799 &rarr; <strong>1805<\/strong><br \/>(+6 for winning)\n|l|\u2606siummmette\n","uploadtime":1699270179,"views":6,"p1id":"siummmette","p2id":"85792195wwww","formatid":"gen9nationaldexubers","rating":1482,"private":0,"password":""}