{"id":"gen9nationaldexubers-1994388151","p1":"KJ.nyc","p2":"Kaden.woodard","format":"[Gen 9] National Dex Ubers","log":"|j|\u2606KJ.nyc\n|j|\u2606Kaden.woodard\n|t:|1700438198\n|gametype|singles\n|player|p1|KJ.nyc|hilbert|1279\n|player|p2|Kaden.woodard|169|1187\n|teamsize|p1|6\n|teamsize|p2|6\n|gen|9\n|tier|[Gen 9] National Dex Ubers\n|rated|\n|rule|HP Percentage Mod: HP is shown in percentages\n|rule|Endless Battle Clause: Forcing endless battles is banned\n|rule|OHKO Clause: OHKO moves are banned\n|rule|Evasion Moves Clause: Evasion moves are banned\n|rule|Evasion Items Clause: Evasion items are banned\n|rule|Species Clause: Limit one of each Pok\u00e9mon\n|rule|Sleep Clause Mod: Limit one foe put to sleep\n|rule|Mega Rayquaza Clause: You cannot mega evolve Rayquaza\n|clearpoke\n|poke|p1|Pikachu, M|\n|poke|p1|Dragonite, F|\n|poke|p1|Gengar, M|\n|poke|p1|Lucario, M|\n|poke|p1|Sirfetch\u2019d, M|\n|poke|p1|Dracovish|\n|poke|p2|Arceus-Dark|\n|poke|p2|Mewtwo|\n|poke|p2|Pheromosa|\n|poke|p2|Ogerpon-Hearthflame, F|\n|poke|p2|Eternatus|\n|poke|p2|Zacian-*|\n|teampreview\n|c|\u2606KJ.nyc|glhf\n|inactive|Battle timer is ON: inactive players will automatically lose when time's up. (requested by KJ.nyc)\n|\n|t:|1700438207\n|start\n|switch|p1a: Dracovish|Dracovish|100\/100\n|switch|p2a: Pheromosa|Pheromosa|100\/100\n|turn|1\n|inactive|Kaden.woodard has 120 seconds left.\n|\n|t:|1700438243\n|move|p2a: Pheromosa|High Jump Kick|p1a: Dracovish\n|-crit|p1a: Dracovish\n|-damage|p1a: Dracovish|0 fnt\n|faint|p1a: Dracovish\n|-ability|p2a: Pheromosa|Beast Boost|boost\n|-boost|p2a: Pheromosa|atk|1\n|\n|upkeep\n|\n|t:|1700438250\n|switch|p1a: Gengar|Gengar, M|100\/100\n|turn|2\n|\n|t:|1700438258\n|move|p2a: Pheromosa|Ice Beam|p1a: Gengar\n|-damage|p1a: Gengar|53\/100\n|-start|p2a: Pheromosa|Disable|Ice Beam|[from] ability: Cursed Body|[of] p1a: Gengar\n|move|p1a: Gengar|Icy Wind|p2a: Pheromosa\n|-damage|p2a: Pheromosa|49\/100\n|-unboost|p2a: Pheromosa|spe|1\n|\n|upkeep\n|turn|3\n|\n|t:|1700438269\n|move|p1a: Gengar|Sludge Bomb|p2a: Pheromosa\n|-damage|p2a: Pheromosa|0 fnt\n|faint|p2a: Pheromosa\n|\n|upkeep\n|inactive|Kaden.woodard has 120 seconds left.\n|\n|t:|1700438284\n|switch|p2a: Zacian|Zacian-Crowned, shiny|100\/100\n|-ability|p2a: Zacian|Intrepid Sword|boost\n|-boost|p2a: Zacian|atk|1\n|turn|4\n|\n|t:|1700438293\n|move|p2a: Zacian|Behemoth Blade|p1a: Gengar\n|-damage|p1a: Gengar|0 fnt\n|faint|p1a: Gengar\n|\n|upkeep\n|\n|t:|1700438296\n|switch|p1a: Dragonite|Dragonite, F|100\/100\n|turn|5\n|\n|t:|1700438303\n|-terastallize|p2a: Zacian|Fairy\n|-terastallize|p1a: Dragonite|Steel\n|move|p2a: Zacian|Dazzling Gleam|p1a: Dragonite\n|-resisted|p1a: Dragonite\n|-damage|p1a: Dragonite|93\/100\n|move|p1a: Dragonite|Fire Punch|p2a: Zacian\n|-crit|p2a: Zacian\n|-damage|p2a: Zacian|60\/100\n|\n|-heal|p1a: Dragonite|99\/100|[from] item: Leftovers\n|upkeep\n|turn|6\n|\n|t:|1700438316\n|switch|p2a: Mewtwo|Mewtwo, shiny|100\/100\n|-ability|p2a: Mewtwo|Pressure\n|move|p1a: Dragonite|Dragon Dance|p1a: Dragonite\n|-boost|p1a: Dragonite|atk|1\n|-boost|p1a: Dragonite|spe|1\n|\n|-heal|p1a: Dragonite|100\/100|[from] item: Leftovers\n|upkeep\n|turn|7\n|\n|t:|1700438327\n|move|p2a: Mewtwo|Earthquake|p1a: Dragonite\n|-supereffective|p1a: Dragonite\n|-damage|p1a: Dragonite|74\/100\n|move|p1a: Dragonite|Dragon Claw|p2a: Mewtwo\n|-damage|p2a: Mewtwo|32\/100\n|\n|-heal|p1a: Dragonite|80\/100|[from] item: Leftovers\n|upkeep\n|turn|8\n|\n|t:|1700438339\n|detailschange|p2a: Mewtwo|Mewtwo-Mega-Y, shiny\n|-mega|p2a: Mewtwo|Mewtwo|Mewtwonite Y\n|move|p2a: Mewtwo|Flamethrower|p1a: Dragonite\n|-supereffective|p1a: Dragonite\n|-damage|p1a: Dragonite|0 fnt\n|faint|p1a: Dragonite\n|\n|upkeep\n|\n|t:|1700438343\n|switch|p1a: Sirfetch\u2019d|Sirfetch\u2019d, M|100\/100\n|turn|9\n|\n|t:|1700438365\n|move|p1a: Sirfetch\u2019d|First Impression|p2a: Mewtwo\n|-supereffective|p2a: Mewtwo\n|-damage|p2a: Mewtwo|0 fnt\n|faint|p2a: Mewtwo\n|\n|upkeep\n|inactive|Kaden.woodard has 120 seconds left.\n|\n|t:|1700438382\n|switch|p2a: Ogerpon|Ogerpon-Hearthflame, F|100\/100\n|-ability|p2a: Ogerpon|Mold Breaker\n|turn|10\n|\n|t:|1700438392\n|move|p2a: Ogerpon|Ivy Cudgel|p1a: Sirfetch\u2019d|[anim] Ivy Cudgel Fire\n|-damage|p1a: Sirfetch\u2019d|34\/100\n|move|p1a: Sirfetch\u2019d|Brave Bird|p2a: Ogerpon\n|-supereffective|p2a: Ogerpon\n|-crit|p2a: Ogerpon\n|-damage|p2a: Ogerpon|0 fnt\n|faint|p2a: Ogerpon\n|-damage|p1a: Sirfetch\u2019d|0 fnt|[from] Recoil\n|faint|p1a: Sirfetch\u2019d\n|\n|upkeep\n|inactive|Kaden.woodard has 120 seconds left.\n|\n|t:|1700438424\n|switch|p2a: Eternatus|Eternatus|100\/100\n|switch|p1a: Pikachu|Pikachu, M|100\/100\n|-ability|p2a: Eternatus|Pressure\n|turn|11\n|\n|t:|1700438440\n|move|p1a: Pikachu|Volt Tackle|p2a: Eternatus\n|-resisted|p2a: Eternatus\n|-damage|p2a: Eternatus|78\/100\n|-damage|p1a: Pikachu|84\/100|[from] Recoil\n|move|p2a: Eternatus|Dynamax Cannon|p1a: Pikachu\n|-damage|p1a: Pikachu|0 fnt\n|faint|p1a: Pikachu\n|\n|upkeep\n|\n|t:|1700438446\n|switch|p1a: Lucario|Lucario, M|100\/100\n|turn|12\n|\n|t:|1700438453\n|detailschange|p1a: Lucario|Lucario-Mega, M\n|-mega|p1a: Lucario|Lucario|Lucarionite\n|move|p1a: Lucario|Ice Punch|p2a: Eternatus\n|-supereffective|p2a: Eternatus\n|-damage|p2a: Eternatus|41\/100\n|move|p2a: Eternatus|Dynamax Cannon|p1a: Lucario\n|-resisted|p1a: Lucario\n|-damage|p1a: Lucario|51\/100\n|\n|upkeep\n|turn|13\n|\n|t:|1700438462\n|move|p1a: Lucario|Meteor Mash|p2a: Eternatus\n|-damage|p2a: Eternatus|0 fnt\n|faint|p2a: Eternatus\n|\n|upkeep\n|\n|t:|1700438467\n|switch|p2a: Zacian|Zacian-Crowned, shiny, tera:Fairy|60\/100\n|turn|14\n|inactive|Kaden.woodard has 120 seconds left.\n|\n|t:|1700438475\n|move|p2a: Zacian|Behemoth Blade|p1a: Lucario\n|-resisted|p1a: Lucario\n|-damage|p1a: Lucario|6\/100\n|move|p1a: Lucario|Meteor Mash|p2a: Zacian\n|-supereffective|p2a: Zacian\n|-damage|p2a: Zacian|0 fnt\n|faint|p2a: Zacian\n|\n|upkeep\n|inactive|Kaden.woodard has 120 seconds left.\n|\n|t:|1700438484\n|switch|p2a: Arceus|Arceus-Dark|100\/100\n|turn|15\n|inactive|Kaden.woodard has 120 seconds left.\n|\n|t:|1700438496\n|move|p1a: Lucario|Aura Sphere|p2a: Arceus\n|-supereffective|p2a: Arceus\n|-damage|p2a: Arceus|45\/100\n|move|p2a: Arceus|Spacial Rend|p1a: Lucario\n|-resisted|p1a: Lucario\n|-damage|p1a: Lucario|0 fnt\n|faint|p1a: Lucario\n|\n|win|Kaden.woodard\n|raw|KJ.nyc's rating: 1279 &rarr; <strong>1248<\/strong><br \/>(-31 for losing)\n|raw|Kaden.woodard's rating: 1187 &rarr; <strong>1218<\/strong><br \/>(+31 for winning)\n|l|\u2606Kaden.woodard\n|c|\u2606KJ.nyc|gg\n","uploadtime":1700438508,"views":3,"p1id":"kjnyc","p2id":"kadenwoodard","formatid":"gen9nationaldexubers","rating":1218,"private":0,"password":""}