{"id":"gen9nationaldexubers-1979807689","p1":"Breeze88","p2":"MarisaStoleMySTAB","format":"[Gen 9] National Dex Ubers","log":"|j|\u2606Breeze88\n|j|\u2606MarisaStoleMySTAB\n|t:|1698715314\n|gametype|singles\n|player|p1|Breeze88|steven|1584\n|player|p2|MarisaStoleMySTAB|roxie|1467\n|teamsize|p1|6\n|teamsize|p2|6\n|gen|9\n|tier|[Gen 9] National Dex Ubers\n|rated|\n|rule|HP Percentage Mod: HP is shown in percentages\n|rule|Endless Battle Clause: Forcing endless battles is banned\n|rule|OHKO Clause: OHKO moves are banned\n|rule|Evasion Moves Clause: Evasion moves are banned\n|rule|Evasion Items Clause: Evasion items are banned\n|rule|Species Clause: Limit one of each Pok\u00e9mon\n|rule|Sleep Clause Mod: Limit one foe put to sleep\n|rule|Mega Rayquaza Clause: You cannot mega evolve Rayquaza\n|clearpoke\n|poke|p1|Shuckle, M|\n|poke|p1|Gholdengo|\n|poke|p1|Yveltal|\n|poke|p1|Groudon|\n|poke|p1|Arceus-Ground|\n|poke|p1|Xerneas-*|\n|poke|p2|Ho-Oh|\n|poke|p2|Groudon|\n|poke|p2|Zygarde|\n|poke|p2|Xerneas-*|\n|poke|p2|Kyurem-Black|\n|poke|p2|Marshadow|\n|teampreview\n|inactive|Battle timer is ON: inactive players will automatically lose when time's up. (requested by Breeze88)\n|c|\u2606Breeze88|glhf\n|\n|t:|1698715322\n|start\n|switch|p1a: Shuckle|Shuckle, M, shiny|100\/100\n|switch|p2a: Kyurem|Kyurem-Black|100\/100\n|-ability|p2a: Kyurem|Teravolt\n|turn|1\n|\n|t:|1698715330\n|move|p2a: Kyurem|Substitute|p2a: Kyurem\n|-start|p2a: Kyurem|Substitute\n|-damage|p2a: Kyurem|76\/100\n|move|p1a: Shuckle|Encore|p2a: Kyurem\n|-start|p2a: Kyurem|Encore\n|\n|upkeep\n|turn|2\n|\n|t:|1698715341\n|switch|p2a: Rotisserie|Ho-Oh|100\/100\n|switch|p1a: Xerneas|Xerneas, shiny|100\/100\n|-ability|p1a: Xerneas|Fairy Aura\n|\n|upkeep\n|turn|3\n|\n|t:|1698715349\n|switch|p1a: Shuckle|Shuckle, M, shiny|100\/100\n|move|p2a: Rotisserie|Sacred Fire|p1a: Shuckle\n|-damage|p1a: Shuckle|78\/100\n|-status|p1a: Shuckle|brn\n|\n|-damage|p1a: Shuckle|72\/100 brn|[from] brn\n|upkeep\n|turn|4\n|inactive|MarisaStoleMySTAB has 120 seconds left.\n|inactive|MarisaStoleMySTAB has 90 seconds left.\n|\n|t:|1698715424\n|switch|p2a: Marshadow|Marshadow|100\/100\n|move|p1a: Shuckle|Sticky Web|p2a: Marshadow\n|-sidestart|p2: MarisaStoleMySTAB|move: Sticky Web\n|\n|-damage|p1a: Shuckle|66\/100 brn|[from] brn\n|upkeep\n|turn|5\n|\n|t:|1698715429\n|move|p2a: Marshadow|Bulk Up|p2a: Marshadow\n|-boost|p2a: Marshadow|atk|1\n|-boost|p2a: Marshadow|def|1\n|move|p1a: Shuckle|Stealth Rock|p2a: Marshadow\n|-sidestart|p2: MarisaStoleMySTAB|move: Stealth Rock\n|\n|-damage|p1a: Shuckle|60\/100 brn|[from] brn\n|upkeep\n|turn|6\n|inactive|MarisaStoleMySTAB has 90 seconds left.\n|\n|t:|1698715445\n|move|p2a: Marshadow|Close Combat|p1a: Shuckle\n|-damage|p1a: Shuckle|0 fnt\n|-unboost|p2a: Marshadow|def|1\n|-unboost|p2a: Marshadow|spd|1\n|faint|p1a: Shuckle\n|-damage|p2a: Marshadow|91\/100|[from] item: Life Orb\n|\n|upkeep\n|\n|t:|1698715468\n|switch|p1a: Arceus|Arceus-Ground|100\/100\n|turn|7\n|inactive|MarisaStoleMySTAB has 90 seconds left.\n|\n|t:|1698715494\n|move|p2a: Marshadow|Close Combat|p1a: Arceus\n|-damage|p1a: Arceus|18\/100\n|-unboost|p2a: Marshadow|def|1\n|-unboost|p2a: Marshadow|spd|1\n|-damage|p2a: Marshadow|81\/100|[from] item: Life Orb\n|move|p1a: Arceus|Earthquake|p2a: Marshadow\n|-damage|p2a: Marshadow|0 fnt\n|faint|p2a: Marshadow\n|\n|upkeep\n|\n|t:|1698715499\n|switch|p2a: Rotisserie|Ho-Oh|100\/100\n|turn|8\n|\n|t:|1698715501\n|switch|p1a: Gholdengo|Gholdengo|100\/100\n|move|p2a: Rotisserie|Defog|p1a: Gholdengo\n|-immune|p1a: Gholdengo|[from] ability: Good as Gold\n|\n|upkeep\n|turn|9\n|\n|t:|1698715504\n|move|p1a: Gholdengo|Trick|p2a: Rotisserie\n|-activate|p1a: Gholdengo|move: Trick|[of] p2a: Rotisserie\n|-item|p2a: Rotisserie|Choice Specs|[from] move: Trick\n|-item|p1a: Gholdengo|Heavy-Duty Boots|[from] move: Trick\n|move|p2a: Rotisserie|Sacred Fire|p1a: Gholdengo\n|-supereffective|p1a: Gholdengo\n|-crit|p1a: Gholdengo\n|-damage|p1a: Gholdengo|0 fnt\n|faint|p1a: Gholdengo\n|\n|upkeep\n|\n|t:|1698715513\n|switch|p1a: Groudon|Groudon|100\/100\n|detailschange|p1a: Groudon|Groudon-Primal\n|-primal|p1a: Groudon|Red Orb\n|-weather|DesolateLand|[from] ability: Desolate Land|[of] p1a: Groudon\n|turn|10\n|\n|t:|1698715516\n|switch|p2a: Gold Experience|Groudon, shiny|100\/100\n|-activate|p2a: Gold Experience|move: Sticky Web\n|-unboost|p2a: Gold Experience|spe|1\n|-damage|p2a: Gold Experience|94\/100|[from] Stealth Rock\n|detailschange|p2a: Gold Experience|Groudon-Primal, shiny\n|-primal|p2a: Gold Experience|Red Orb\n|move|p1a: Groudon|Swords Dance|p1a: Groudon\n|-boost|p1a: Groudon|atk|2\n|\n|-weather|DesolateLand|[upkeep]\n|upkeep\n|turn|11\n|\n|t:|1698715519\n|move|p1a: Groudon|Precipice Blades|p2a: Gold Experience\n|-supereffective|p2a: Gold Experience\n|-damage|p2a: Gold Experience|0 fnt\n|faint|p2a: Gold Experience\n|\n|-weather|DesolateLand|[upkeep]\n|upkeep\n|\n|t:|1698715523\n|switch|p2a: All Worms :3|Zygarde, shiny|100\/100\n|-activate|p2a: All Worms :3|move: Sticky Web\n|-unboost|p2a: All Worms :3|spe|1\n|-damage|p2a: All Worms :3|94\/100|[from] Stealth Rock\n|turn|12\n|\n|t:|1698715536\n|-weather|none\n|switch|p1a: Xerneas|Xerneas, shiny|100\/100\n|-ability|p1a: Xerneas|Fairy Aura\n|move|p2a: All Worms :3|Thousand Waves|p1a: Xerneas\n|-damage|p1a: Xerneas|76\/100\n|-activate|p1a: Xerneas|trapped\n|\n|-heal|p2a: All Worms :3|100\/100|[from] item: Leftovers\n|upkeep\n|turn|13\n|\n|t:|1698715555\n|move|p1a: Xerneas|Substitute|p1a: Xerneas\n|-start|p1a: Xerneas|Substitute\n|-damage|p1a: Xerneas|51\/100\n|move|p2a: All Worms :3|Thousand Waves|p1a: Xerneas\n|-activate|p1a: Xerneas|move: Substitute|[damage]\n|\n|upkeep\n|turn|14\n|\n|t:|1698715558\n|move|p1a: Xerneas|Geomancy||[still]\n|-prepare|p1a: Xerneas|Geomancy\n|-enditem|p1a: Xerneas|Power Herb\n|-anim|p1a: Xerneas|Geomancy|p1a: Xerneas\n|-boost|p1a: Xerneas|spa|2\n|-boost|p1a: Xerneas|spd|2\n|-boost|p1a: Xerneas|spe|2\n|move|p2a: All Worms :3|Thousand Waves|p1a: Xerneas\n|-end|p1a: Xerneas|Substitute\n|\n|upkeep\n|turn|15\n|\n|t:|1698715563\n|switch|p2a: Rotisserie|Ho-Oh|100\/100\n|-damage|p2a: Rotisserie|50\/100|[from] Stealth Rock\n|move|p1a: Xerneas|Moonblast|p2a: Rotisserie\n|-resisted|p2a: Rotisserie\n|-damage|p2a: Rotisserie|20\/100\n|\n|upkeep\n|turn|16\n|\n|t:|1698715570\n|move|p1a: Xerneas|Moonblast|p2a: Rotisserie\n|-resisted|p2a: Rotisserie\n|-damage|p2a: Rotisserie|0 fnt\n|faint|p2a: Rotisserie\n|\n|upkeep\n|\n|t:|1698715574\n|switch|p2a: Xerneas|Xerneas|100\/100\n|-activate|p2a: Xerneas|move: Sticky Web\n|-unboost|p2a: Xerneas|spe|1\n|-damage|p2a: Xerneas|88\/100|[from] Stealth Rock\n|-ability|p2a: Xerneas|Fairy Aura\n|turn|17\n|\n|t:|1698715578\n|move|p1a: Xerneas|Moonblast|p2a: Xerneas\n|-damage|p2a: Xerneas|0 fnt\n|faint|p2a: Xerneas\n|\n|upkeep\n|-message|MarisaStoleMySTAB forfeited.\n|\n|win|Breeze88\n|raw|Breeze88's rating: 1584 &rarr; <strong>1599<\/strong><br \/>(+15 for winning)\n|raw|MarisaStoleMySTAB's rating: 1496 &rarr; <strong>1481<\/strong><br \/>(-15 for losing)\n|l|\u2606MarisaStoleMySTAB\n|c|\u2606Breeze88|ggwp\n","uploadtime":1698715588,"views":17,"p1id":"breeze88","p2id":"marisastolemystab","formatid":"gen9nationaldexubers","rating":1481,"private":0,"password":""}