{"id":"gen9nationaldexubers-1982285470","p1":"Cilantora","p2":"getrektunub","format":"[Gen 9] National Dex Ubers","log":"|j|\u2606Cilantora\n|j|\u2606getrektunub\n|t:|1698989983\n|gametype|singles\n|player|p1|Cilantora|veteran|1192\n|player|p2|getrektunub|serena-masters2|1173\n|teamsize|p1|6\n|teamsize|p2|6\n|gen|9\n|tier|[Gen 9] National Dex Ubers\n|rated|\n|rule|HP Percentage Mod: HP is shown in percentages\n|rule|Endless Battle Clause: Forcing endless battles is banned\n|rule|OHKO Clause: OHKO moves are banned\n|rule|Evasion Moves Clause: Evasion moves are banned\n|rule|Evasion Items Clause: Evasion items are banned\n|rule|Species Clause: Limit one of each Pok\u00e9mon\n|rule|Sleep Clause Mod: Limit one foe put to sleep\n|rule|Mega Rayquaza Clause: You cannot mega evolve Rayquaza\n|clearpoke\n|poke|p1|Dragapult, M|\n|poke|p1|Breloom, F|\n|poke|p1|Cyclizar, F|\n|poke|p1|Ceruledge, F|\n|poke|p1|Darmanitan-Galar, M|\n|poke|p1|Toxapex, M|\n|poke|p2|Sableye, F|\n|poke|p2|Noctowl, F|\n|poke|p2|Farigiraf, M|\n|poke|p2|Sandslash-Alola, F|\n|poke|p2|Shiftry, M|\n|poke|p2|Camerupt, M|\n|teampreview\n|inactive|Battle timer is ON: inactive players will automatically lose when time's up. (requested by getrektunub)\n|\n|t:|1698989987\n|start\n|switch|p1a: Cyclizar|Cyclizar, F|100\/100\n|switch|p2a: Painful Mega-evo|Sableye, F, shiny|100\/100\n|turn|1\n|\n|t:|1698989994\n|detailschange|p2a: Painful Mega-evo|Sableye-Mega, F, shiny\n|-mega|p2a: Painful Mega-evo|Sableye|Sablenite\n|move|p1a: Cyclizar|Shed Tail|p1a: Cyclizar\n|-start|p1a: Cyclizar|Substitute|[from] move: Shed Tail\n|-damage|p1a: Cyclizar|50\/100\n|\n|t:|1698990002\n|switch|p1a: Dragapult|Dragapult, M|100\/100|[from] Shed Tail\n|move|p2a: Painful Mega-evo|Calm Mind|p2a: Painful Mega-evo\n|-boost|p2a: Painful Mega-evo|spa|1\n|-boost|p2a: Painful Mega-evo|spd|1\n|\n|upkeep\n|turn|2\n|\n|t:|1698990012\n|move|p1a: Dragapult|Will-O-Wisp|p2a: Painful Mega-evo\n|move|p2a: Painful Mega-evo|Will-O-Wisp|p1a: Dragapult|[from]ability: Magic Bounce|[miss]\n|-miss|p2a: Painful Mega-evo|p1a: Dragapult\n|move|p2a: Painful Mega-evo|Shadow Ball|p1a: Dragapult\n|-supereffective|p1a: Dragapult\n|-end|p1a: Dragapult|Substitute\n|\n|upkeep\n|turn|3\n|c|\u2606Cilantora|lol\n|\n|t:|1698990029\n|move|p1a: Dragapult|U-turn|p2a: Painful Mega-evo\n|-damage|p2a: Painful Mega-evo|89\/100\n|\n|t:|1698990031\n|switch|p1a: Cyclizar|Cyclizar, F|84\/100|[from] U-turn\n|move|p2a: Painful Mega-evo|Calm Mind|p2a: Painful Mega-evo\n|-boost|p2a: Painful Mega-evo|spa|1\n|-boost|p2a: Painful Mega-evo|spd|1\n|\n|upkeep\n|turn|4\n|c|\u2606getrektunub|mega sableye fr be fun to use\n|\n|t:|1698990045\n|move|p1a: Cyclizar|Draco Meteor|p2a: Painful Mega-evo\n|-damage|p2a: Painful Mega-evo|68\/100\n|-unboost|p1a: Cyclizar|spa|2\n|move|p2a: Painful Mega-evo|Psychic|p1a: Cyclizar\n|-damage|p1a: Cyclizar|36\/100\n|\n|upkeep\n|turn|5\n|\n|t:|1698990061\n|switch|p1a: Dragapult|Dragapult, M|100\/100\n|move|p2a: Painful Mega-evo|Calm Mind|p2a: Painful Mega-evo\n|-boost|p2a: Painful Mega-evo|spa|1\n|-boost|p2a: Painful Mega-evo|spd|1\n|\n|upkeep\n|turn|6\n|\n|t:|1698990076\n|move|p1a: Dragapult|Hex|p2a: Painful Mega-evo\n|-damage|p2a: Painful Mega-evo|58\/100\n|move|p2a: Painful Mega-evo|Recover|p2a: Painful Mega-evo\n|-heal|p2a: Painful Mega-evo|100\/100\n|\n|upkeep\n|turn|7\n|\n|t:|1698990083\n|move|p1a: Dragapult|Hex|p2a: Painful Mega-evo\n|-damage|p2a: Painful Mega-evo|88\/100\n|move|p2a: Painful Mega-evo|Shadow Ball|p1a: Dragapult\n|-supereffective|p1a: Dragapult\n|-damage|p1a: Dragapult|0 fnt\n|faint|p1a: Dragapult\n|\n|upkeep\n|\n|t:|1698990093\n|switch|p1a: Darmanitan|Darmanitan-Galar, M|100\/100\n|turn|8\n|c|\u2606getrektunub|want me to switch? this pokemon isn't very fair\n|\n|t:|1698990109\n|-terastallize|p1a: Darmanitan|Ice\n|move|p1a: Darmanitan|Icicle Crash|p2a: Painful Mega-evo\n|-damage|p2a: Painful Mega-evo|22\/100\n|move|p2a: Painful Mega-evo|Shadow Ball|p1a: Darmanitan\n|-damage|p1a: Darmanitan|11\/100\n|\n|upkeep\n|turn|9\n|c|\u2606getrektunub|oh shit\n|c|\u2606Cilantora|seems like i aint need a switch\n|c|\u2606getrektunub|maybe i'm getting too cocky\n|\n|t:|1698990124\n|move|p1a: Darmanitan|Icicle Crash|p2a: Painful Mega-evo\n|-damage|p2a: Painful Mega-evo|0 fnt\n|faint|p2a: Painful Mega-evo\n|\n|upkeep\n|c|\u2606Cilantora|gorilla tactics go brr\n|\n|t:|1698990131\n|switch|p2a: Sucks to Suck|Shiftry, M, shiny|100\/100\n|turn|10\n|c|\u2606getrektunub|oh shit\n|c|\u2606getrektunub|miss click\n|inactive|getrektunub has 120 seconds left.\n|\n|t:|1698990152\n|move|p1a: Darmanitan|Icicle Crash|p2a: Sucks to Suck\n|-supereffective|p2a: Sucks to Suck\n|-enditem|p2a: Sucks to Suck|Focus Sash\n|-damage|p2a: Sucks to Suck|1\/100\n|move|p2a: Sucks to Suck|Sunny Day|p2a: Sucks to Suck\n|-weather|SunnyDay\n|\n|-weather|SunnyDay|[upkeep]\n|upkeep\n|turn|11\n|\n|t:|1698990159\n|move|p2a: Sucks to Suck|Knock Off|p1a: Darmanitan\n|-damage|p1a: Darmanitan|0 fnt\n|-enditem|p1a: Darmanitan|Choice Scarf|[from] move: Knock Off|[of] p2a: Sucks to Suck\n|faint|p1a: Darmanitan\n|\n|-weather|SunnyDay|[upkeep]\n|upkeep\n|\n|t:|1698990167\n|switch|p1a: Breloom|Breloom, F|100\/100\n|turn|12\n|\n|t:|1698990172\n|move|p1a: Breloom|Mach Punch|p2a: Sucks to Suck\n|-supereffective|p2a: Sucks to Suck\n|-damage|p2a: Sucks to Suck|0 fnt\n|faint|p2a: Sucks to Suck\n|\n|-weather|SunnyDay|[upkeep]\n|upkeep\n|\n|t:|1698990179\n|switch|p2a: Pretty Strong|Camerupt, M, shiny|100\/100\n|-item|p2a: Pretty Strong|Air Balloon\n|turn|13\n|\n|t:|1698990185\n|move|p1a: Breloom|Spore|p2a: Pretty Strong\n|-status|p2a: Pretty Strong|slp|[from] move: Spore\n|cant|p2a: Pretty Strong|slp\n|\n|-weather|SunnyDay|[upkeep]\n|upkeep\n|turn|14\n|c|\u2606Cilantora|the loom go brr\n|\n|t:|1698990192\n|move|p1a: Breloom|Swords Dance|p1a: Breloom\n|-boost|p1a: Breloom|atk|2\n|-curestatus|p2a: Pretty Strong|slp|[msg]\n|move|p2a: Pretty Strong|Stealth Rock|p1a: Breloom\n|-sidestart|p1: Cilantora|move: Stealth Rock\n|\n|-weather|none\n|upkeep\n|turn|15\n|c|\u2606getrektunub|indeed\n|\n|t:|1698990198\n|move|p1a: Breloom|Spore|p2a: Pretty Strong\n|-status|p2a: Pretty Strong|slp|[from] move: Spore\n|cant|p2a: Pretty Strong|slp\n|\n|upkeep\n|turn|16\n|c|\u2606Cilantora|insta wakeup oof\n|\n|t:|1698990206\n|move|p1a: Breloom|Swords Dance|p1a: Breloom\n|-boost|p1a: Breloom|atk|2\n|cant|p2a: Pretty Strong|slp\n|\n|upkeep\n|turn|17\n|\n|t:|1698990211\n|move|p1a: Breloom|Mach Punch|p2a: Pretty Strong\n|-damage|p2a: Pretty Strong|0 fnt\n|-enditem|p2a: Pretty Strong|Air Balloon\n|faint|p2a: Pretty Strong\n|\n|upkeep\n|c|\u2606getrektunub|ruh roh\n|c|\u2606getrektunub|i'm cooked\n|c|\u2606Cilantora|everything you have at minimum resists\n|c|\u2606Cilantora|so yeah\n|\n|t:|1698990233\n|switch|p2a: Ash's Noctowl|Noctowl, F, shiny|100\/100\n|turn|18\n|c|\u2606Cilantora|probably cooked\n|\n|t:|1698990239\n|move|p1a: Breloom|Mach Punch|p2a: Ash's Noctowl\n|-damage|p2a: Ash's Noctowl|0 fnt\n|faint|p2a: Ash's Noctowl\n|\n|upkeep\n|\n|t:|1698990244\n|switch|p2a: Slice & Dice|Sandslash-Alola, F, shiny|100\/100\n|turn|19\n|\n|t:|1698990251\n|move|p1a: Breloom|Mach Punch|p2a: Slice & Dice\n|-supereffective|p2a: Slice & Dice\n|-damage|p2a: Slice & Dice|0 fnt\n|faint|p2a: Slice & Dice\n|\n|upkeep\n|\n|t:|1698990254\n|switch|p2a: Same as pre-evo|Farigiraf, M, shiny|100\/100\n|turn|20\n|c|\u2606getrektunub|gg\n|c|\u2606Cilantora|gg\n|\n|t:|1698990261\n|move|p1a: Breloom|Mach Punch|p2a: Same as pre-evo\n|-damage|p2a: Same as pre-evo|0 fnt\n|faint|p2a: Same as pre-evo\n|\n|win|Cilantora\n|raw|Cilantora's rating: 1192 &rarr; <strong>1216<\/strong><br \/>(+24 for winning)\n|raw|getrektunub's rating: 1173 &rarr; <strong>1149<\/strong><br \/>(-24 for losing)\n|l|\u2606getrektunub\n|c|\u2606Cilantora|the loom go brr as i said\n","uploadtime":1698990276,"views":9,"p1id":"cilantora","p2id":"getrektunub","formatid":"gen9nationaldexubers","rating":1149,"private":0,"password":""}