{"id":"gen9nationaldexubers-1993856122","p1":"AIZHIDAO","p2":"electroshibe","format":"[Gen 9] National Dex Ubers","log":"|j|\u2606AIZHIDAO\n|j|\u2606electroshibe\n|t:|1700365900\n|gametype|singles\n|player|p1|AIZHIDAO|roxanne|1051\n|player|p2|electroshibe|alec-anime|1155\n|teamsize|p1|6\n|teamsize|p2|6\n|gen|9\n|tier|[Gen 9] National Dex Ubers\n|rated|\n|rule|HP Percentage Mod: HP is shown in percentages\n|rule|Endless Battle Clause: Forcing endless battles is banned\n|rule|OHKO Clause: OHKO moves are banned\n|rule|Evasion Moves Clause: Evasion moves are banned\n|rule|Evasion Items Clause: Evasion items are banned\n|rule|Species Clause: Limit one of each Pok\u00e9mon\n|rule|Sleep Clause Mod: Limit one foe put to sleep\n|rule|Mega Rayquaza Clause: You cannot mega evolve Rayquaza\n|clearpoke\n|poke|p1|Gothitelle, M|\n|poke|p1|Espathra, M|\n|poke|p1|Chien-Pao|\n|poke|p1|Nihilego|\n|poke|p1|Zacian-*|\n|poke|p1|Zygarde|\n|poke|p2|Absol, M|\n|poke|p2|Victini|\n|poke|p2|Arcanine-Hisui, F|\n|poke|p2|Greninja-*, M|\n|poke|p2|Ceruledge, M|\n|poke|p2|Manaphy|\n|teampreview\n|\n|t:|1700365920\n|start\n|switch|p1a: Gothitelle|Gothitelle, M|100\/100\n|switch|p2a: Bikutini|Victini|100\/100\n|turn|1\n|\n|t:|1700365941\n|move|p1a: Gothitelle|Trick||[still]\n|-fail|p1a: Gothitelle\n|-zpower|p2a: Bikutini\n|move|p2a: Bikutini|Z-Celebrate|p2a: Bikutini|[anim]Celebrate\n|-boost|p2a: Bikutini|atk|1|[zeffect]\n|-boost|p2a: Bikutini|def|1|[zeffect]\n|-boost|p2a: Bikutini|spa|1|[zeffect]\n|-boost|p2a: Bikutini|spd|1|[zeffect]\n|-boost|p2a: Bikutini|spe|1|[zeffect]\n|-activate|p2a: Bikutini|move: Celebrate\n|\n|upkeep\n|turn|2\n|\n|t:|1700365954\n|switch|p1a: Zygarde|Zygarde|100\/100\n|move|p2a: Bikutini|Searing Shot|p1a: Zygarde\n|-resisted|p1a: Zygarde\n|-damage|p1a: Zygarde|68\/100\n|\n|-heal|p1a: Zygarde|74\/100|[from] item: Leftovers\n|upkeep\n|turn|3\n|\n|t:|1700365964\n|move|p2a: Bikutini|Stored Power|p1a: Zygarde\n|-damage|p1a: Zygarde|0 fnt\n|faint|p1a: Zygarde\n|\n|upkeep\n|\n|t:|1700365972\n|switch|p1a: Nihilego|Nihilego|100\/100\n|turn|4\n|\n|t:|1700365987\n|-terastallize|p1a: Nihilego|Grass\n|move|p2a: Bikutini|Stored Power|p1a: Nihilego\n|-damage|p1a: Nihilego|46\/100\n|move|p1a: Nihilego|Meteor Beam||[still]\n|-prepare|p1a: Nihilego|Meteor Beam\n|-boost|p1a: Nihilego|spa|1\n|-enditem|p1a: Nihilego|Power Herb\n|-anim|p1a: Nihilego|Meteor Beam|p2a: Bikutini\n|-supereffective|p2a: Bikutini\n|-damage|p2a: Bikutini|0 fnt\n|faint|p2a: Bikutini\n|-ability|p1a: Nihilego|Beast Boost|boost\n|-boost|p1a: Nihilego|spe|1\n|\n|upkeep\n|\n|t:|1700366005\n|switch|p2a: Amaterasu|Arcanine-Hisui, F|100\/100\n|turn|5\n|\n|t:|1700366013\n|-terastallize|p2a: Amaterasu|Normal\n|move|p1a: Nihilego|Sludge Wave|p2a: Amaterasu\n|-damage|p2a: Amaterasu|42\/100\n|move|p2a: Amaterasu|Flame Charge|p1a: Nihilego\n|-supereffective|p1a: Nihilego\n|-damage|p1a: Nihilego|0 fnt\n|-boost|p2a: Amaterasu|spe|1\n|faint|p1a: Nihilego\n|\n|upkeep\n|\n|t:|1700366031\n|switch|p1a: Gothitelle|Gothitelle, M|100\/100\n|turn|6\n|\n|t:|1700366038\n|move|p2a: Amaterasu|Head Smash|p1a: Gothitelle\n|-damage|p1a: Gothitelle|4\/100\n|move|p1a: Gothitelle|Trick|p2a: Amaterasu\n|-activate|p1a: Gothitelle|move: Trick|[of] p2a: Amaterasu\n|-item|p2a: Amaterasu|Choice Scarf|[from] move: Trick\n|-item|p1a: Gothitelle|Assault Vest|[from] move: Trick\n|\n|upkeep\n|turn|7\n|\n|t:|1700366047\n|move|p2a: Amaterasu|Head Smash|p1a: Gothitelle\n|-damage|p1a: Gothitelle|0 fnt\n|faint|p1a: Gothitelle\n|\n|upkeep\n|\n|t:|1700366060\n|switch|p1a: Chien-Pao|Chien-Pao|100\/100\n|-ability|p1a: Chien-Pao|Sword of Ruin\n|turn|8\n|\n|t:|1700366065\n|move|p1a: Chien-Pao|Ice Shard|p2a: Amaterasu\n|-damage|p2a: Amaterasu|10\/100\n|move|p2a: Amaterasu|Head Smash|p1a: Chien-Pao|[miss]\n|-miss|p2a: Amaterasu|p1a: Chien-Pao\n|\n|upkeep\n|turn|9\n|\n|t:|1700366077\n|switch|p2a: Zero|Ceruledge, M|100\/100\n|move|p1a: Chien-Pao|Ice Shard|p2a: Zero\n|-resisted|p2a: Zero\n|-damage|p2a: Zero|82\/100\n|-ability|p2a: Zero|Weak Armor|boost\n|-unboost|p2a: Zero|def|1\n|-boost|p2a: Zero|spe|2\n|\n|upkeep\n|turn|10\n|\n|t:|1700366089\n|move|p2a: Zero|Bitter Blade|p1a: Chien-Pao\n|-supereffective|p1a: Chien-Pao\n|-enditem|p1a: Chien-Pao|Focus Sash\n|-damage|p1a: Chien-Pao|1\/100\n|-heal|p2a: Zero|100\/100|[from] drain|[of] p1a: Chien-Pao\n|move|p1a: Chien-Pao|Crunch|p2a: Zero\n|-supereffective|p2a: Zero\n|-enditem|p2a: Zero|Focus Sash\n|-damage|p2a: Zero|1\/100\n|-ability|p2a: Zero|Weak Armor|boost\n|-unboost|p2a: Zero|def|1\n|-boost|p2a: Zero|spe|2\n|\n|upkeep\n|turn|11\n|\n|t:|1700366102\n|move|p1a: Chien-Pao|Ice Shard|p2a: Zero\n|-resisted|p2a: Zero\n|-damage|p2a: Zero|0 fnt\n|faint|p2a: Zero\n|\n|upkeep\n|\n|t:|1700366103\n|switch|p2a: Arev|Absol, M|100\/100\n|-ability|p2a: Arev|Pressure\n|turn|12\n|\n|t:|1700366114\n|detailschange|p2a: Arev|Absol-Mega, M\n|-mega|p2a: Arev|Absol|Absolite\n|move|p1a: Chien-Pao|Ice Shard|p2a: Arev\n|-damage|p2a: Arev|51\/100\n|move|p2a: Arev|Pursuit|p1a: Chien-Pao\n|-resisted|p1a: Chien-Pao\n|-damage|p1a: Chien-Pao|0 fnt\n|faint|p1a: Chien-Pao\n|\n|upkeep\n|\n|t:|1700366123\n|switch|p1a: Zacian|Zacian-Crowned|100\/100\n|-ability|p1a: Zacian|Intrepid Sword|boost\n|-boost|p1a: Zacian|atk|1\n|turn|13\n|\n|t:|1700366134\n|move|p1a: Zacian|Behemoth Blade|p2a: Arev\n|-damage|p2a: Arev|0 fnt\n|faint|p2a: Arev\n|\n|upkeep\n|\n|t:|1700366142\n|switch|p2a: Amaterasu|Arcanine-Hisui, F, tera:Normal|10\/100\n|turn|14\n|\n|t:|1700366146\n|switch|p1a: Espathra|Espathra, M|100\/100\n|move|p2a: Amaterasu|Flare Blitz|p1a: Espathra\n|-damage|p1a: Espathra|43\/100\n|\n|-heal|p1a: Espathra|50\/100|[from] item: Leftovers\n|upkeep\n|turn|15\n|\n|t:|1700366157\n|move|p1a: Espathra|Protect|p1a: Espathra\n|-singleturn|p1a: Espathra|Protect\n|move|p2a: Amaterasu|Flare Blitz|p1a: Espathra\n|-activate|p1a: Espathra|move: Protect\n|\n|-heal|p1a: Espathra|56\/100|[from] item: Leftovers\n|-ability|p1a: Espathra|Speed Boost|boost\n|-boost|p1a: Espathra|spe|1\n|upkeep\n|turn|16\n|\n|t:|1700366175\n|switch|p2a: Gorf|Greninja, M|100\/100\n|move|p1a: Espathra|Dazzling Gleam|p2a: Gorf\n|-supereffective|p2a: Gorf\n|-damage|p2a: Gorf|44\/100\n|\n|-heal|p1a: Espathra|62\/100|[from] item: Leftovers\n|-ability|p1a: Espathra|Speed Boost|boost\n|-boost|p1a: Espathra|spe|1\n|upkeep\n|turn|17\n|\n|t:|1700366183\n|move|p1a: Espathra|Protect|p1a: Espathra\n|-singleturn|p1a: Espathra|Protect\n|move|p2a: Gorf|Water Shuriken|p1a: Espathra\n|-activate|p1a: Espathra|move: Protect\n|\n|-heal|p1a: Espathra|68\/100|[from] item: Leftovers\n|-ability|p1a: Espathra|Speed Boost|boost\n|-boost|p1a: Espathra|spe|1\n|upkeep\n|turn|18\n|\n|t:|1700366191\n|move|p2a: Gorf|Water Shuriken|p1a: Espathra\n|-damage|p1a: Espathra|58\/100\n|-crit|p1a: Espathra\n|-damage|p1a: Espathra|44\/100\n|-damage|p1a: Espathra|35\/100\n|-damage|p1a: Espathra|25\/100\n|-damage|p1a: Espathra|16\/100\n|-hitcount|p1a: Espathra|5\n|move|p1a: Espathra|Dazzling Gleam|p2a: Gorf\n|-supereffective|p2a: Gorf\n|-damage|p2a: Gorf|0 fnt\n|faint|p2a: Gorf\n|\n|-heal|p1a: Espathra|23\/100|[from] item: Leftovers\n|-ability|p1a: Espathra|Speed Boost|boost\n|-boost|p1a: Espathra|spe|1\n|upkeep\n|\n|t:|1700366196\n|switch|p2a: Amaterasu|Arcanine-Hisui, F, tera:Normal|10\/100\n|turn|19\n|\n|t:|1700366210\n|move|p2a: Amaterasu|Extreme Speed|p1a: Espathra\n|-damage|p1a: Espathra|0 fnt\n|faint|p1a: Espathra\n|\n|upkeep\n|\n|t:|1700366214\n|switch|p1a: Zacian|Zacian-Crowned|100\/100\n|turn|20\n|\n|t:|1700366220\n|switch|p2a: Romantical|Manaphy|100\/100\n|move|p1a: Zacian|Behemoth Blade|p2a: Romantical\n|-resisted|p2a: Romantical\n|-damage|p2a: Romantical|72\/100\n|\n|-heal|p2a: Romantical|79\/100|[from] item: Leftovers\n|upkeep\n|turn|21\n|\n|t:|1700366235\n|move|p1a: Zacian|Wild Charge|p2a: Romantical\n|-supereffective|p2a: Romantical\n|-damage|p2a: Romantical|7\/100\n|-damage|p1a: Zacian|82\/100|[from] Recoil\n|move|p2a: Romantical|Scald|p1a: Zacian\n|-damage|p1a: Zacian|49\/100\n|\n|-heal|p2a: Romantical|13\/100|[from] item: Leftovers\n|upkeep\n|turn|22\n|\n|t:|1700366244\n|move|p1a: Zacian|Behemoth Blade|p2a: Romantical\n|-resisted|p2a: Romantical\n|-damage|p2a: Romantical|0 fnt\n|faint|p2a: Romantical\n|\n|upkeep\n|\n|t:|1700366246\n|switch|p2a: Amaterasu|Arcanine-Hisui, F, tera:Normal|10\/100\n|turn|23\n|\n|t:|1700366251\n|move|p2a: Amaterasu|Flare Blitz|p1a: Zacian\n|-supereffective|p1a: Zacian\n|-damage|p1a: Zacian|0 fnt\n|faint|p1a: Zacian\n|\n|win|electroshibe\n|raw|AIZHIDAO's rating: 1051 &rarr; <strong>1038<\/strong><br \/>(-13 for losing)\n|raw|electroshibe's rating: 1155 &rarr; <strong>1173<\/strong><br \/>(+18 for winning)\n|l|\u2606AIZHIDAO\n|c|\u2606electroshibe|gg\n","uploadtime":1700366261,"views":7,"p1id":"aizhidao","p2id":"electroshibe","formatid":"gen9nationaldexubers","rating":1038,"private":0,"password":""}