{"id":"gen9nationaldexubers-1987998163","p1":"Triggerhappy50","p2":"HereticalJ","format":"[Gen 9] National Dex Ubers","log":"|j|\u2606Triggerhappy50\n|j|\u2606HereticalJ\n|t:|1699657441\n|gametype|singles\n|player|p1|Triggerhappy50|red|\n|player|p2|HereticalJ|clown|\n|teamsize|p1|6\n|teamsize|p2|6\n|gen|9\n|tier|[Gen 9] National Dex Ubers\n|rule|HP Percentage Mod: HP is shown in percentages\n|rule|Endless Battle Clause: Forcing endless battles is banned\n|rule|OHKO Clause: OHKO moves are banned\n|rule|Evasion Moves Clause: Evasion moves are banned\n|rule|Evasion Items Clause: Evasion items are banned\n|rule|Species Clause: Limit one of each Pok\u00e9mon\n|rule|Sleep Clause Mod: Limit one foe put to sleep\n|rule|Mega Rayquaza Clause: You cannot mega evolve Rayquaza\n|clearpoke\n|poke|p1|Togekiss, F|\n|poke|p1|Ninetales-Alola, F|\n|poke|p1|Gardevoir, M|\n|poke|p1|Clefable, M|\n|poke|p1|Iron Valiant|\n|poke|p1|Mimikyu, M|\n|poke|p2|Grimmsnarl, M|\n|poke|p2|Kingambit, F|\n|poke|p2|Zoroark, F|\n|poke|p2|Weavile, F|\n|poke|p2|Incineroar, M|\n|poke|p2|Meowscarada, M|\n|teampreview\n|\n|t:|1699657468\n|start\n|switch|p1a: Ninetales|Ninetales-Alola, F|100\/100\n|switch|p2a: Grimmsnarl|Grimmsnarl, M|100\/100\n|-weather|Snow|[from] ability: Snow Warning|[of] p1a: Ninetales\n|turn|1\n|\n|t:|1699657489\n|move|p2a: Grimmsnarl|Taunt|p1a: Ninetales\n|-start|p1a: Ninetales|move: Taunt\n|cant|p1a: Ninetales|move: Taunt|Encore\n|\n|-weather|Snow|[upkeep]\n|upkeep\n|turn|2\n|\n|t:|1699657507\n|switch|p1a: Togekiss|Togekiss, F|100\/100\n|move|p2a: Grimmsnarl|Light Screen|p2a: Grimmsnarl\n|-sidestart|p2: HereticalJ|move: Light Screen\n|\n|-weather|Snow|[upkeep]\n|upkeep\n|turn|3\n|\n|t:|1699657517\n|move|p2a: Grimmsnarl|Taunt|p1a: Togekiss\n|-start|p1a: Togekiss|move: Taunt\n|cant|p1a: Togekiss|move: Taunt|Nasty Plot\n|\n|-weather|Snow|[upkeep]\n|upkeep\n|turn|4\n|\n|t:|1699657524\n|move|p2a: Grimmsnarl|Reflect|p2a: Grimmsnarl\n|-sidestart|p2: HereticalJ|Reflect\n|move|p1a: Togekiss|Dazzling Gleam|p2a: Grimmsnarl\n|-supereffective|p2a: Grimmsnarl\n|-damage|p2a: Grimmsnarl|58\/100\n|\n|-weather|Snow|[upkeep]\n|upkeep\n|turn|5\n|\n|t:|1699657538\n|switch|p1a: Ninetales|Ninetales-Alola, F|100\/100\n|switch|p2a: Incineroar|Incineroar, M|100\/100\n|-ability|p2a: Incineroar|Intimidate|boost\n|-unboost|p1a: Ninetales|atk|1\n|\n|-weather|none\n|upkeep\n|turn|6\n|\n|t:|1699657552\n|move|p1a: Ninetales|Aurora Veil||[still]\n|-fail|p1a: Ninetales\n|move|p2a: Incineroar|Taunt|p1a: Ninetales\n|-start|p1a: Ninetales|move: Taunt\n|\n|upkeep\n|turn|7\n|\n|t:|1699657564\n|switch|p1a: Togekiss|Togekiss, F|100\/100\n|move|p2a: Incineroar|Toxic|p1a: Togekiss\n|-status|p1a: Togekiss|tox\n|\n|-damage|p1a: Togekiss|94\/100 tox|[from] psn\n|upkeep\n|turn|8\n|\n|t:|1699657573\n|move|p1a: Togekiss|Nasty Plot|p1a: Togekiss\n|-boost|p1a: Togekiss|spa|2\n|move|p2a: Incineroar|Taunt|p1a: Togekiss\n|-start|p1a: Togekiss|move: Taunt\n|\n|-damage|p1a: Togekiss|82\/100 tox|[from] psn\n|upkeep\n|turn|9\n|\n|t:|1699657583\n|move|p1a: Togekiss|Dazzling Gleam|p2a: Incineroar\n|-damage|p2a: Incineroar|80\/100\n|move|p2a: Incineroar|Blaze Kick|p1a: Togekiss\n|-damage|p1a: Togekiss|52\/100 tox\n|\n|-damage|p1a: Togekiss|34\/100 tox|[from] psn\n|-sideend|p2: HereticalJ|move: Light Screen\n|upkeep\n|turn|10\n|\n|t:|1699657640\n|switch|p1a: Iron Valiant|Iron Valiant|100\/100\n|move|p2a: Incineroar|Blaze Kick|p1a: Iron Valiant\n|-damage|p1a: Iron Valiant|61\/100\n|\n|upkeep\n|turn|11\n|\n|t:|1699657652\n|move|p1a: Iron Valiant|Low Kick|p2a: Incineroar\n|-supereffective|p2a: Incineroar\n|-damage|p2a: Incineroar|53\/100\n|move|p2a: Incineroar|Toxic|p1a: Iron Valiant\n|-status|p1a: Iron Valiant|tox\n|\n|-damage|p1a: Iron Valiant|54\/100 tox|[from] psn\n|-sideend|p2: HereticalJ|Reflect\n|upkeep\n|turn|12\n|\n|t:|1699657680\n|move|p1a: Iron Valiant|Low Kick|p2a: Incineroar\n|-supereffective|p2a: Incineroar\n|-damage|p2a: Incineroar|0 fnt\n|faint|p2a: Incineroar\n|\n|-damage|p1a: Iron Valiant|42\/100 tox|[from] psn\n|upkeep\n|\n|t:|1699657690\n|switch|p2a: Meowscarada|Meowscarada, M|100\/100\n|turn|13\n|\n|t:|1699657719\n|-end|p1a: Iron Valiant|Quark Drive|[silent]\n|switch|p1a: Ninetales|Ninetales-Alola, F|100\/100\n|-weather|Snow|[from] ability: Snow Warning|[of] p1a: Ninetales\n|move|p2a: Meowscarada|Shadow Claw|p1a: Ninetales\n|-start|p2a: Meowscarada|typechange|Ghost|[from] ability: Protean\n|-damage|p1a: Ninetales|75\/100\n|\n|-weather|Snow|[upkeep]\n|upkeep\n|turn|14\n|\n|t:|1699657736\n|switch|p2a: Grimmsnarl|Grimmsnarl, M|58\/100\n|move|p1a: Ninetales|Aurora Veil|p1a: Ninetales\n|-sidestart|p1: Triggerhappy50|move: Aurora Veil\n|\n|-weather|Snow|[upkeep]\n|upkeep\n|turn|15\n|\n|t:|1699657773\n|switch|p1a: Gardevoir|Gardevoir, M|100\/100\n|-ability|p1a: Gardevoir|Prankster|[from] ability: Trace|[of] p2a: Grimmsnarl\n|move|p2a: Grimmsnarl|Light Screen|p2a: Grimmsnarl\n|-sidestart|p2: HereticalJ|move: Light Screen\n|\n|-weather|Snow|[upkeep]\n|upkeep\n|turn|16\n|\n|t:|1699657802\n|detailschange|p1a: Gardevoir|Gardevoir-Mega, M\n|-mega|p1a: Gardevoir|Gardevoir|Gardevoirite\n|move|p1a: Gardevoir|Dazzling Gleam|p2a: Grimmsnarl\n|-supereffective|p2a: Grimmsnarl\n|-damage|p2a: Grimmsnarl|0 fnt\n|faint|p2a: Grimmsnarl\n|\n|-weather|Snow|[upkeep]\n|upkeep\n|\n|t:|1699657837\n|switch|p2a: Kingambit|Kingambit, F|100\/100\n|-activate|p2a: Kingambit|ability: Supreme Overlord\n|-start|p2a: Kingambit|fallen2|[silent]\n|turn|17\n|\n|t:|1699657887\n|switch|p1a: Mimikyu|Mimikyu, M|100\/100\n|move|p2a: Kingambit|Iron Head|p1a: Mimikyu\n|-activate|p1a: Mimikyu|ability: Disguise\n|-damage|p1a: Mimikyu|100\/100\n|detailschange|p1a: Mimikyu|Mimikyu-Busted, M\n|-damage|p1a: Mimikyu|88\/100|[from] pokemon: Mimikyu-Busted\n|\n|-weather|none\n|upkeep\n|turn|18\n|\n|t:|1699657908\n|move|p1a: Mimikyu|Play Rough|p2a: Kingambit\n|-damage|p2a: Kingambit|59\/100\n|-damage|p1a: Mimikyu|78\/100|[from] item: Life Orb\n|move|p2a: Kingambit|Iron Head|p1a: Mimikyu\n|-supereffective|p1a: Mimikyu\n|-damage|p1a: Mimikyu|0 fnt\n|faint|p1a: Mimikyu\n|\n|-heal|p2a: Kingambit|66\/100|[from] item: Leftovers\n|upkeep\n|\n|t:|1699657918\n|switch|p1a: Iron Valiant|Iron Valiant|42\/100 tox\n|turn|19\n|\n|t:|1699657967\n|move|p2a: Kingambit|Sucker Punch|p1a: Iron Valiant\n|-resisted|p1a: Iron Valiant\n|-damage|p1a: Iron Valiant|34\/100 tox\n|move|p1a: Iron Valiant|Low Kick|p2a: Kingambit\n|-supereffective|p2a: Kingambit\n|-damage|p2a: Kingambit|0 fnt\n|faint|p2a: Kingambit\n|-end|p2a: Kingambit|fallen2|[silent]\n|\n|-damage|p1a: Iron Valiant|28\/100 tox|[from] psn\n|upkeep\n|\n|t:|1699657991\n|switch|p2a: Weavile|Weavile, F|100\/100\n|-ability|p2a: Weavile|Pressure\n|turn|20\n|\n|t:|1699658001\n|-end|p1a: Iron Valiant|Quark Drive|[silent]\n|switch|p1a: Clefable|Clefable, M|100\/100\n|-terastallize|p2a: Weavile|Poison\n|move|p2a: Weavile|Poison Jab|p1a: Clefable\n|-supereffective|p1a: Clefable\n|-damage|p1a: Clefable|59\/100\n|-status|p1a: Clefable|psn\n|\n|-heal|p1a: Clefable|65\/100 psn|[from] item: Leftovers\n|upkeep\n|turn|21\n|\n|t:|1699658048\n|move|p2a: Weavile|Poison Jab|p1a: Clefable\n|-supereffective|p1a: Clefable\n|-damage|p1a: Clefable|23\/100 psn\n|move|p1a: Clefable|Flamethrower|p2a: Weavile\n|-damage|p2a: Weavile|86\/100\n|\n|-heal|p1a: Clefable|29\/100 psn|[from] item: Leftovers\n|-sideend|p1: Triggerhappy50|move: Aurora Veil\n|upkeep\n|turn|22\n|\n|t:|1699658061\n|switch|p1a: Ninetales|Ninetales-Alola, F|75\/100\n|-weather|Snow|[from] ability: Snow Warning|[of] p1a: Ninetales\n|move|p2a: Weavile|Poison Jab|p1a: Ninetales\n|-supereffective|p1a: Ninetales\n|-damage|p1a: Ninetales|0 fnt\n|faint|p1a: Ninetales\n|\n|-weather|Snow|[upkeep]\n|-sideend|p2: HereticalJ|move: Light Screen\n|upkeep\n|\n|t:|1699658072\n|switch|p1a: Gardevoir|Gardevoir-Mega, M|100\/100\n|turn|23\n|\n|t:|1699658100\n|move|p2a: Weavile|Poison Jab|p1a: Gardevoir\n|-supereffective|p1a: Gardevoir\n|-damage|p1a: Gardevoir|0 fnt\n|faint|p1a: Gardevoir\n|\n|-weather|Snow|[upkeep]\n|upkeep\n|\n|t:|1699658111\n|switch|p1a: Iron Valiant|Iron Valiant|28\/100 tox\n|turn|24\n|\n|t:|1699658140\n|move|p1a: Iron Valiant|Shadow Ball|p2a: Weavile\n|-damage|p2a: Weavile|33\/100\n|move|p2a: Weavile|Poison Jab|p1a: Iron Valiant\n|-supereffective|p1a: Iron Valiant\n|-damage|p1a: Iron Valiant|0 fnt\n|faint|p1a: Iron Valiant\n|-end|p1a: Iron Valiant|Quark Drive|[silent]\n|\n|-weather|Snow|[upkeep]\n|upkeep\n|\n|t:|1699658148\n|switch|p1a: Togekiss|Togekiss, F|34\/100 tox\n|turn|25\n|\n|t:|1699658162\n|move|p2a: Weavile|Poison Jab|p1a: Togekiss\n|-supereffective|p1a: Togekiss\n|-damage|p1a: Togekiss|0 fnt\n|faint|p1a: Togekiss\n|\n|-weather|Snow|[upkeep]\n|upkeep\n|\n|t:|1699658167\n|switch|p1a: Clefable|Clefable, M|29\/100 psn\n|turn|26\n|\n|t:|1699658173\n|move|p2a: Weavile|Poison Jab|p1a: Clefable\n|-supereffective|p1a: Clefable\n|-damage|p1a: Clefable|0 fnt\n|faint|p1a: Clefable\n|\n|win|HereticalJ\n|l|\u2606Triggerhappy50\n","uploadtime":1699658237,"views":20,"p1id":"triggerhappy50","p2id":"hereticalj","formatid":"gen9nationaldexubers","rating":0,"private":0,"password":""}