{"id":"gen9nationaldexubers-1997984886","p1":"sjen0200","p2":"jkkayy","format":"[Gen 9] National Dex Ubers","log":"|j|\u2606sjen0200\n|j|\u2606jkkayy\n|t:|1700875435\n|gametype|singles\n|player|p1|sjen0200|dawn|\n|player|p2|jkkayy|palmer|\n|teamsize|p1|6\n|teamsize|p2|6\n|gen|9\n|tier|[Gen 9] National Dex Ubers\n|rule|HP Percentage Mod: HP is shown in percentages\n|rule|Endless Battle Clause: Forcing endless battles is banned\n|rule|OHKO Clause: OHKO moves are banned\n|rule|Evasion Moves Clause: Evasion moves are banned\n|rule|Evasion Items Clause: Evasion items are banned\n|rule|Species Clause: Limit one of each Pok\u00e9mon\n|rule|Sleep Clause Mod: Limit one foe put to sleep\n|rule|Mega Rayquaza Clause: You cannot mega evolve Rayquaza\n|clearpoke\n|poke|p1|Machamp, M|\n|poke|p1|Azumarill, F|\n|poke|p1|Fezandipiti, M|\n|poke|p1|Charizard, F|\n|poke|p1|Garchomp, F|\n|poke|p1|Gengar, M|\n|poke|p2|Iron Thorns|\n|poke|p2|Garchomp, M|\n|poke|p2|Espeon, M|\n|poke|p2|Mudsdale, M|\n|poke|p2|Swampert, F|\n|poke|p2|Regieleki|\n|teampreview\n|c|\u2606jkkayy|heyyoo!!\n|c|\u2606jkkayy|Good luck and have fun!\n|\n|t:|1700875556\n|start\n|switch|p1a: SlutMeOut|Machamp, M|100\/100\n|switch|p2a: Espeon|Espeon, M|100\/100\n|turn|1\n|\n|t:|1700875592\n|move|p2a: Espeon|Psychic|p1a: SlutMeOut\n|-supereffective|p1a: SlutMeOut\n|-damage|p1a: SlutMeOut|0 fnt\n|faint|p1a: SlutMeOut\n|-damage|p2a: Espeon|91\/100|[from] item: Life Orb\n|\n|upkeep\n|\n|t:|1700875607\n|switch|p1a: hehehe>:3|Gengar, M|100\/100\n|turn|2\n|\n|t:|1700875639\n|move|p1a: hehehe>:3|Dark Pulse|p2a: Espeon\n|-supereffective|p2a: Espeon\n|-damage|p2a: Espeon|0 fnt\n|faint|p2a: Espeon\n|\n|upkeep\n|\n|t:|1700875658\n|switch|p2a: Swampert|Swampert, F|100\/100\n|turn|3\n|c|\u2606sjen0200|im happy with this game so long as i didnt 0-6\n|c|\u2606jkkayy|Well its already better than that! :)\n|\n|t:|1700875729\n|switch|p1a: Zoid|Charizard, F|100\/100\n|move|p2a: Swampert|Earthquake|p1a: Zoid\n|-immune|p1a: Zoid\n|\n|upkeep\n|turn|4\n|\n|t:|1700875782\n|move|p1a: Zoid|Flamethrower|p2a: Swampert\n|-resisted|p2a: Swampert\n|-damage|p2a: Swampert|93\/100\n|-status|p2a: Swampert|brn\n|move|p2a: Swampert|Liquidation|p1a: Zoid\n|-supereffective|p1a: Zoid\n|-damage|p1a: Zoid|52\/100\n|\n|-damage|p2a: Swampert|86\/100 brn|[from] brn\n|upkeep\n|turn|5\n|\n|t:|1700875815\n|switch|p1a: Azumarill|Azumarill, F|100\/100\n|move|p2a: Swampert|Liquidation|p1a: Azumarill\n|-resisted|p1a: Azumarill\n|-damage|p1a: Azumarill|92\/100\n|\n|-heal|p1a: Azumarill|98\/100|[from] item: Leftovers\n|-damage|p2a: Swampert|80\/100 brn|[from] brn\n|upkeep\n|turn|6\n|\n|t:|1700875826\n|switch|p2a: Regieleki|Regieleki|100\/100\n|move|p1a: Azumarill|Ice Beam|p2a: Regieleki\n|-damage|p2a: Regieleki|60\/100\n|\n|-heal|p1a: Azumarill|100\/100|[from] item: Leftovers\n|upkeep\n|turn|7\n|\n|t:|1700875911\n|switch|p1a: uwu|Garchomp, F|100\/100\n|move|p2a: Regieleki|Reflect|p2a: Regieleki\n|-sidestart|p2: jkkayy|Reflect\n|\n|upkeep\n|turn|8\n|\n|t:|1700875956\n|switch|p2a: Mudsdale|Mudsdale, M|100\/100\n|move|p1a: uwu|Hone Claws|p1a: uwu\n|-boost|p1a: uwu|atk|1\n|-boost|p1a: uwu|accuracy|1\n|\n|upkeep\n|turn|9\n|\n|t:|1700875982\n|move|p1a: uwu|Earthquake|p2a: Mudsdale\n|-damage|p2a: Mudsdale|76\/100\n|-ability|p2a: Mudsdale|Stamina|boost\n|-boost|p2a: Mudsdale|def|1\n|move|p2a: Mudsdale|Toxic|p1a: uwu\n|-status|p1a: uwu|tox\n|\n|-heal|p2a: Mudsdale|82\/100|[from] item: Leftovers\n|-damage|p1a: uwu|94\/100 tox|[from] psn\n|upkeep\n|turn|10\n|\n|t:|1700876007\n|move|p1a: uwu|Liquidation|p2a: Mudsdale\n|-supereffective|p2a: Mudsdale\n|-damage|p2a: Mudsdale|61\/100\n|-ability|p2a: Mudsdale|Stamina|boost\n|-boost|p2a: Mudsdale|def|1\n|move|p2a: Mudsdale|Body Press|p1a: uwu\n|-damage|p1a: uwu|51\/100 tox\n|-damage|p2a: Mudsdale|48\/100|[from] ability: Rough Skin|[of] p1a: uwu\n|-damage|p2a: Mudsdale|32\/100|[from] item: Rocky Helmet|[of] p1a: uwu\n|\n|-heal|p2a: Mudsdale|38\/100|[from] item: Leftovers\n|-damage|p1a: uwu|39\/100 tox|[from] psn\n|upkeep\n|turn|11\n|\n|t:|1700876020\n|move|p2a: Mudsdale|Protect|p2a: Mudsdale\n|-singleturn|p2a: Mudsdale|Protect\n|move|p1a: uwu|Liquidation|p2a: Mudsdale\n|-activate|p2a: Mudsdale|move: Protect\n|\n|-heal|p2a: Mudsdale|44\/100|[from] item: Leftovers\n|-damage|p1a: uwu|20\/100 tox|[from] psn\n|upkeep\n|turn|12\n|\n|t:|1700876048\n|move|p2a: Mudsdale|Protect|p2a: Mudsdale\n|-singleturn|p2a: Mudsdale|Protect\n|move|p1a: uwu|Spikes|p2a: Mudsdale\n|-sidestart|p2: jkkayy|Spikes\n|\n|-heal|p2a: Mudsdale|50\/100|[from] item: Leftovers\n|-damage|p1a: uwu|0 fnt|[from] psn\n|faint|p1a: uwu\n|upkeep\n|\n|t:|1700876081\n|switch|p1a: Azumarill|Azumarill, F|100\/100\n|turn|13\n|\n|t:|1700876089\n|switch|p2a: Swampert|Swampert, F|80\/100 brn\n|-damage|p2a: Swampert|68\/100 brn|[from] Spikes\n|move|p1a: Azumarill|Hydro Pump|p2a: Swampert\n|-damage|p2a: Swampert|50\/100 brn\n|\n|-damage|p2a: Swampert|43\/100 brn|[from] brn\n|upkeep\n|turn|14\n|\n|t:|1700876152\n|move|p2a: Swampert|Earthquake|p1a: Azumarill\n|-damage|p1a: Azumarill|77\/100\n|move|p1a: Azumarill|Ice Beam|p2a: Swampert\n|-damage|p2a: Swampert|35\/100 brn\n|\n|-heal|p1a: Azumarill|83\/100|[from] item: Leftovers\n|-damage|p2a: Swampert|29\/100 brn|[from] brn\n|-sideend|p2: jkkayy|Reflect\n|upkeep\n|turn|15\n|\n|t:|1700876184\n|move|p2a: Swampert|Earthquake|p1a: Azumarill\n|-damage|p1a: Azumarill|62\/100\n|move|p1a: Azumarill|Draining Kiss|p2a: Swampert\n|-damage|p2a: Swampert|21\/100 brn\n|-heal|p1a: Azumarill|69\/100|[from] drain|[of] p2a: Swampert\n|\n|-heal|p1a: Azumarill|75\/100|[from] item: Leftovers\n|-damage|p2a: Swampert|15\/100 brn|[from] brn\n|upkeep\n|turn|16\n|\n|t:|1700876194\n|move|p2a: Swampert|Earthquake|p1a: Azumarill\n|-damage|p1a: Azumarill|54\/100\n|move|p1a: Azumarill|Draining Kiss|p2a: Swampert\n|-damage|p2a: Swampert|7\/100 brn\n|-heal|p1a: Azumarill|61\/100|[from] drain|[of] p2a: Swampert\n|\n|-heal|p1a: Azumarill|67\/100|[from] item: Leftovers\n|-damage|p2a: Swampert|1\/100 brn|[from] brn\n|upkeep\n|turn|17\n|\n|t:|1700876204\n|move|p1a: Azumarill|Protect|p1a: Azumarill\n|-singleturn|p1a: Azumarill|Protect\n|move|p2a: Swampert|Earthquake|p1a: Azumarill\n|-activate|p1a: Azumarill|move: Protect\n|\n|-heal|p1a: Azumarill|73\/100|[from] item: Leftovers\n|-damage|p2a: Swampert|0 fnt|[from] brn\n|faint|p2a: Swampert\n|upkeep\n|\n|t:|1700876211\n|switch|p2a: Regieleki|Regieleki|60\/100\n|-damage|p2a: Regieleki|48\/100|[from] Spikes\n|turn|18\n|\n|t:|1700876260\n|move|p2a: Regieleki|Light Screen|p2a: Regieleki\n|-sidestart|p2: jkkayy|move: Light Screen\n|move|p1a: Azumarill|Hydro Pump|p2a: Regieleki\n|-damage|p2a: Regieleki|11\/100\n|\n|-heal|p1a: Azumarill|79\/100|[from] item: Leftovers\n|upkeep\n|turn|19\n|\n|t:|1700876285\n|move|p2a: Regieleki|Thunderbolt|p1a: Azumarill\n|-supereffective|p1a: Azumarill\n|-damage|p1a: Azumarill|0 fnt\n|faint|p1a: Azumarill\n|\n|upkeep\n|\n|t:|1700876296\n|switch|p1a: hehehe>:3|Gengar, M|100\/100\n|turn|20\n|\n|t:|1700876339\n|move|p2a: Regieleki|Thunderbolt|p1a: hehehe>:3\n|-damage|p1a: hehehe>:3|4\/100\n|-status|p1a: hehehe>:3|par\n|move|p1a: hehehe>:3|Psychic|p2a: Regieleki\n|-damage|p2a: Regieleki|0 fnt\n|faint|p2a: Regieleki\n|\n|upkeep\n|\n|t:|1700876350\n|switch|p2a: Garchomp|Garchomp, M|100\/100\n|-damage|p2a: Garchomp|88\/100|[from] Spikes\n|turn|21\n|\n|t:|1700876375\n|switch|p1a: Serendipity|Fezandipiti, M|100\/100\n|detailschange|p2a: Garchomp|Garchomp-Mega, M\n|-mega|p2a: Garchomp|Garchomp|Garchompite\n|move|p2a: Garchomp|Scale Shot|p1a: Serendipity\n|-immune|p1a: Serendipity\n|\n|upkeep\n|turn|22\n|\n|t:|1700876390\n|move|p2a: Garchomp|Earthquake|p1a: Serendipity\n|-supereffective|p1a: Serendipity\n|-damage|p1a: Serendipity|0 fnt\n|faint|p1a: Serendipity\n|\n|upkeep\n|\n|t:|1700876395\n|switch|p1a: Zoid|Charizard, F|52\/100\n|turn|23\n|\n|t:|1700876417\n|-terastallize|p1a: Zoid|Flying\n|move|p1a: Zoid|Tera Blast|p2a: Garchomp|[anim] Tera Blast Flying\n|-damage|p2a: Garchomp|68\/100\n|move|p2a: Garchomp|Scale Shot|p1a: Zoid|[miss]\n|-miss|p2a: Garchomp|p1a: Zoid\n|\n|upkeep\n|turn|24\n|\n|t:|1700876443\n|move|p1a: Zoid|Ancient Power|p2a: Garchomp\n|-resisted|p2a: Garchomp\n|-damage|p2a: Garchomp|64\/100\n|move|p2a: Garchomp|Scale Shot|p1a: Zoid\n|-damage|p1a: Zoid|23\/100\n|-damage|p1a: Zoid|0 fnt\n|faint|p1a: Zoid\n|-hitcount|p1: Zoid|2\n|-unboost|p2a: Garchomp|def|1\n|-boost|p2a: Garchomp|spe|1\n|\n|upkeep\n|\n|t:|1700876454\n|switch|p1a: hehehe>:3|Gengar, M|4\/100 par\n|turn|25\n|\n|t:|1700876462\n|move|p2a: Garchomp|Earthquake|p1a: hehehe>:3\n|-supereffective|p1a: hehehe>:3\n|-damage|p1a: hehehe>:3|0 fnt\n|-start|p2a: Garchomp|Disable|Earthquake|[from] ability: Cursed Body|[of] p1a: hehehe>:3\n|faint|p1a: hehehe>:3\n|\n|win|jkkayy\n|c|\u2606jkkayy|GGs!! Super fun game!\n|c|\u2606sjen0200|its been an honor mr knutson!\n|c|\u2606sjen0200|agreed :)\n|c|\u2606jkkayy|Good luck with the last week of the season coming up!\n","uploadtime":1700876485,"views":10,"p1id":"sjen0200","p2id":"jkkayy","formatid":"gen9nationaldexubers","rating":0,"private":0,"password":""}