{"id":"gen9nationaldexubers-1981436688","p1":"Cilantora","p2":"beabear24","format":"[Gen 9] National Dex Ubers","log":"|j|\u2606Cilantora\n|j|\u2606beabear24\n|t:|1698895826\n|gametype|singles\n|player|p1|Cilantora|veteran|1090\n|player|p2|beabear24|olympia|1117\n|teamsize|p1|6\n|teamsize|p2|6\n|gen|9\n|tier|[Gen 9] National Dex Ubers\n|rated|\n|rule|HP Percentage Mod: HP is shown in percentages\n|rule|Endless Battle Clause: Forcing endless battles is banned\n|rule|OHKO Clause: OHKO moves are banned\n|rule|Evasion Moves Clause: Evasion moves are banned\n|rule|Evasion Items Clause: Evasion items are banned\n|rule|Species Clause: Limit one of each Pok\u00e9mon\n|rule|Sleep Clause Mod: Limit one foe put to sleep\n|rule|Mega Rayquaza Clause: You cannot mega evolve Rayquaza\n|clearpoke\n|poke|p1|Dragapult, F|\n|poke|p1|Breloom, F|\n|poke|p1|Cyclizar, F|\n|poke|p1|Annihilape, F|\n|poke|p1|Darmanitan-Galar, F|\n|poke|p1|Samurott-Hisui, F|\n|poke|p2|Ditto|\n|poke|p2|Excadrill, F|\n|poke|p2|Porygon-Z|\n|poke|p2|Smeargle, M|\n|poke|p2|Lopunny, F|\n|poke|p2|Garchomp, F|\n|teampreview\n|inactive|Battle timer is ON: inactive players will automatically lose when time's up. (requested by beabear24)\n|\n|t:|1698895836\n|start\n|switch|p1a: Cyclizar|Cyclizar, F|100\/100\n|switch|p2a: Garchomp|Garchomp, F|100\/100\n|turn|1\n|\n|t:|1698895843\n|move|p1a: Cyclizar|Shed Tail|p1a: Cyclizar\n|-start|p1a: Cyclizar|Substitute|[from] move: Shed Tail\n|-damage|p1a: Cyclizar|50\/100\n|\n|t:|1698895849\n|switch|p1a: Darmanitan|Darmanitan-Galar, F|100\/100|[from] Shed Tail\n|move|p2a: Garchomp|Stealth Rock|p1a: Darmanitan\n|-sidestart|p1: Cilantora|move: Stealth Rock\n|\n|upkeep\n|turn|2\n|\n|t:|1698895857\n|-terastallize|p1a: Darmanitan|Ice\n|move|p1a: Darmanitan|Icicle Crash|p2a: Garchomp\n|-supereffective|p2a: Garchomp\n|-damage|p2a: Garchomp|0 fnt\n|faint|p2a: Garchomp\n|\n|upkeep\n|\n|t:|1698895868\n|switch|p2a: Ditto|Ditto|100\/100\n|turn|3\n|\n|t:|1698895873\n|move|p1a: Darmanitan|Icicle Crash|p2a: Ditto\n|-crit|p2a: Ditto\n|-damage|p2a: Ditto|0 fnt\n|faint|p2a: Ditto\n|\n|upkeep\n|\n|t:|1698895883\n|switch|p2a: Lopunny|Lopunny, F|100\/100\n|turn|4\n|\n|t:|1698895888\n|detailschange|p2a: Lopunny|Lopunny-Mega, F\n|-mega|p2a: Lopunny|Lopunny|Lopunnite\n|move|p2a: Lopunny|Fake Out|p1a: Darmanitan\n|-end|p1a: Darmanitan|Substitute\n|move|p1a: Darmanitan|Icicle Crash|p2a: Lopunny\n|-damage|p2a: Lopunny|0 fnt\n|faint|p2a: Lopunny\n|\n|upkeep\n|\n|t:|1698895895\n|switch|p2a: Smeargle|Smeargle, M|100\/100\n|turn|5\n|c|\u2606Cilantora|subsitute go brr\n|\n|t:|1698895900\n|move|p1a: Darmanitan|Icicle Crash|p2a: Smeargle\n|-enditem|p2a: Smeargle|Focus Sash\n|-damage|p2a: Smeargle|1\/100\n|cant|p2a: Smeargle|flinch\n|\n|upkeep\n|turn|6\n|c|\u2606beabear24|Gg\n|\n|t:|1698895913\n|move|p1a: Darmanitan|Icicle Crash|p2a: Smeargle\n|-damage|p2a: Smeargle|0 fnt\n|faint|p2a: Smeargle\n|\n|upkeep\n|\n|t:|1698895917\n|switch|p2a: Porygon-Z|Porygon-Z|100\/100\n|turn|7\n|\n|t:|1698895921\n|move|p1a: Darmanitan|Icicle Crash|p2a: Porygon-Z\n|-crit|p2a: Porygon-Z\n|-damage|p2a: Porygon-Z|0 fnt\n|faint|p2a: Porygon-Z\n|\n|upkeep\n|\n|t:|1698895930\n|switch|p2a: Excadrill|Excadrill, F|100\/100\n|-ability|p2a: Excadrill|Mold Breaker\n|turn|8\n|\n|t:|1698895936\n|move|p1a: Darmanitan|Icicle Crash|p2a: Excadrill|[miss]\n|-miss|p1a: Darmanitan|p2a: Excadrill\n|move|p2a: Excadrill|Earthquake|p1a: Darmanitan\n|-damage|p1a: Darmanitan|18\/100\n|\n|upkeep\n|turn|9\n|\n|t:|1698895948\n|move|p1a: Darmanitan|Icicle Crash|p2a: Excadrill\n|-enditem|p2a: Excadrill|Focus Sash\n|-damage|p2a: Excadrill|1\/100\n|cant|p2a: Excadrill|flinch\n|\n|upkeep\n|turn|10\n|\n|t:|1698895961\n|move|p1a: Darmanitan|Icicle Crash|p2a: Excadrill\n|-damage|p2a: Excadrill|0 fnt\n|faint|p2a: Excadrill\n|\n|win|Cilantora\n|raw|Cilantora's rating: 1090 &rarr; <strong>1119<\/strong><br \/>(+29 for winning)\n|raw|beabear24's rating: 1117 &rarr; <strong>1090<\/strong><br \/>(-27 for losing)\n|l|\u2606beabear24\n|c|\u2606Cilantora|tera boosted gorilla tactics icicle crash fr wiped the team\n|c|\u2606Cilantora|gg\n","uploadtime":1698895973,"views":12,"p1id":"cilantora","p2id":"beabear24","formatid":"gen9nationaldexubers","rating":1090,"private":0,"password":""}