{"id":"gen9nationaldexubers-1983677961","p1":"VampPhantom","p2":"RowletTheAnimator","format":"[Gen 9] National Dex Ubers","log":"|j|\u2606VampPhantom\n|j|\u2606RowletTheAnimator\n|t:|1699159176\n|gametype|singles\n|player|p1|VampPhantom|n|\n|player|p2|RowletTheAnimator|emmet|\n|teamsize|p1|6\n|teamsize|p2|6\n|gen|9\n|tier|[Gen 9] National Dex Ubers\n|rule|HP Percentage Mod: HP is shown in percentages\n|rule|Endless Battle Clause: Forcing endless battles is banned\n|rule|OHKO Clause: OHKO moves are banned\n|rule|Evasion Moves Clause: Evasion moves are banned\n|rule|Evasion Items Clause: Evasion items are banned\n|rule|Species Clause: Limit one of each Pok\u00e9mon\n|rule|Sleep Clause Mod: Limit one foe put to sleep\n|rule|Mega Rayquaza Clause: You cannot mega evolve Rayquaza\n|clearpoke\n|poke|p1|Falinks|\n|poke|p1|Ogerpon-Hearthflame, F|\n|poke|p1|Chandelure, F|\n|poke|p1|Volcarona, F|\n|poke|p1|Ceruledge, F|\n|poke|p1|Iron Moth|\n|poke|p2|Tinkaton, F|\n|poke|p2|Chi-Yu|\n|poke|p2|Flutter Mane|\n|poke|p2|Ogerpon-Cornerstone, F|\n|poke|p2|Lapras, F|\n|poke|p2|Whimsicott, F|\n|teampreview\n|raw|<div class=\"broadcast-red\"><b>The server is restarting soon.<\/b><br \/>Please finish your battles quickly. No new battles can be started until the server resets in a few minutes.<\/div>\n|inactive|Battle timer is ON: inactive players will automatically lose when time's up.\n|raw|<div class=\"broadcast-red\"><b>Moderated chat was set to +!<\/b><br \/>Only users of rank + and higher can talk.<\/div>\n|\n|t:|1699159192\n|start\n|switch|p1a: Vamp|Ceruledge, F|100\/100\n|switch|p2a: Whimsii|Whimsicott, F|100\/100\n|turn|1\n|\n|t:|1699159204\n|move|p2a: Whimsii|Substitute|p2a: Whimsii\n|-start|p2a: Whimsii|Substitute\n|-damage|p2a: Whimsii|76\/100\n|move|p1a: Vamp|Poltergeist|p2a: Whimsii\n|-activate|p2a: Whimsii|move: Poltergeist|Leftovers\n|-crit|p2a: Whimsii\n|-end|p2a: Whimsii|Substitute\n|\n|-heal|p2a: Whimsii|82\/100|[from] item: Leftovers\n|upkeep\n|turn|2\n|\n|t:|1699159214\n|move|p2a: Whimsii|Light Screen|p2a: Whimsii\n|-sidestart|p2: RowletTheAnimator|move: Light Screen\n|move|p1a: Vamp|Bitter Blade|p2a: Whimsii\n|-supereffective|p2a: Whimsii\n|-damage|p2a: Whimsii|0 fnt\n|faint|p2a: Whimsii\n|\n|upkeep\n|raw|<div class=\"broadcast-green\"><b>The server restart was canceled.<\/b><\/div>\n|\n|t:|1699159220\n|switch|p2a: Moon|Flutter Mane|100\/100\n|-enditem|p2a: Moon|Booster Energy\n|-activate|p2a: Moon|ability: Protosynthesis|[fromitem]\n|-start|p2a: Moon|protosynthesisspe\n|turn|3\n|\n|t:|1699159230\n|move|p2a: Moon|Power Gem|p1a: Vamp\n|-supereffective|p1a: Vamp\n|-damage|p1a: Vamp|34\/100\n|move|p1a: Vamp|Dragon Claw|p2a: Moon\n|-immune|p2a: Moon\n|\n|upkeep\n|turn|4\n|\n|t:|1699159237\n|move|p2a: Moon|Power Gem|p1a: Vamp\n|-supereffective|p1a: Vamp\n|-damage|p1a: Vamp|0 fnt\n|faint|p1a: Vamp\n|\n|upkeep\n|\n|t:|1699159243\n|switch|p1a: Iron Moth|Iron Moth|100\/100\n|-enditem|p1a: Iron Moth|Booster Energy\n|-activate|p1a: Iron Moth|ability: Quark Drive|[fromitem]\n|-start|p1a: Iron Moth|quarkdrivespa\n|turn|5\n|\n|t:|1699159264\n|move|p2a: Moon|Calm Mind|p2a: Moon\n|-boost|p2a: Moon|spa|1\n|-boost|p2a: Moon|spd|1\n|move|p1a: Iron Moth|Energy Ball|p2a: Moon\n|-damage|p2a: Moon|83\/100\n|\n|upkeep\n|turn|6\n|\n|t:|1699159274\n|move|p2a: Moon|Calm Mind|p2a: Moon\n|-boost|p2a: Moon|spa|1\n|-boost|p2a: Moon|spd|1\n|move|p1a: Iron Moth|Discharge|p2a: Moon\n|-damage|p2a: Moon|73\/100\n|-status|p2a: Moon|par\n|\n|-sideend|p2: RowletTheAnimator|move: Light Screen\n|upkeep\n|turn|7\n|\n|t:|1699159281\n|move|p2a: Moon|Power Gem|p1a: Iron Moth\n|-supereffective|p1a: Iron Moth\n|-damage|p1a: Iron Moth|0 fnt\n|faint|p1a: Iron Moth\n|-end|p1a: Iron Moth|Quark Drive|[silent]\n|\n|upkeep\n|\n|t:|1699159293\n|switch|p1a: porple|Chandelure, F|100\/100\n|turn|8\n|\n|t:|1699159299\n|-terastallize|p1a: porple|Fairy\n|cant|p2a: Moon|par\n|move|p1a: porple|Shadow Ball|p2a: Moon\n|-supereffective|p2a: Moon\n|-damage|p2a: Moon|27\/100 par\n|\n|upkeep\n|turn|9\n|\n|t:|1699159308\n|move|p2a: Moon|Power Gem|p1a: porple\n|-damage|p1a: porple|38\/100\n|move|p1a: porple|Shadow Ball|p2a: Moon\n|-supereffective|p2a: Moon\n|-damage|p2a: Moon|0 fnt\n|faint|p2a: Moon\n|-end|p2a: Moon|Protosynthesis|[silent]\n|\n|upkeep\n|\n|t:|1699159314\n|switch|p2a: Smash.|Tinkaton, F|100\/100\n|-ability|p2a: Smash.|Mold Breaker\n|turn|10\n|\n|t:|1699159321\n|switch|p1a: SPARTANNNN|Falinks|100\/100\n|move|p2a: Smash.|Gigaton Hammer|p1a: SPARTANNNN\n|-damage|p1a: SPARTANNNN|9\/100\n|-enditem|p1a: SPARTANNNN|Sitrus Berry|[eat]\n|-heal|p1a: SPARTANNNN|34\/100|[from] item: Sitrus Berry\n|-damage|p2a: Smash.|91\/100|[from] item: Life Orb\n|\n|upkeep\n|turn|11\n|\n|t:|1699159332\n|move|p2a: Smash.|Play Rough|p1a: SPARTANNNN\n|-supereffective|p1a: SPARTANNNN\n|-damage|p1a: SPARTANNNN|0 fnt\n|faint|p1a: SPARTANNNN\n|-damage|p2a: Smash.|81\/100|[from] item: Life Orb\n|\n|upkeep\n|\n|t:|1699159340\n|switch|p1a: ningen what|Ogerpon-Hearthflame, F|100\/100\n|-ability|p1a: ningen what|Mold Breaker\n|turn|12\n|\n|t:|1699159359\n|move|p1a: ningen what|Brick Break|p2a: Smash.\n|-damage|p2a: Smash.|42\/100\n|move|p2a: Smash.|Swords Dance|p2a: Smash.\n|-boost|p2a: Smash.|atk|2\n|\n|upkeep\n|turn|13\n|\n|t:|1699159367\n|move|p1a: ningen what|Ivy Cudgel|p2a: Smash.\n|-supereffective|p2a: Smash.\n|-damage|p2a: Smash.|0 fnt\n|faint|p2a: Smash.\n|\n|upkeep\n|\n|t:|1699159373\n|switch|p2a: grrrr faka|Ogerpon-Cornerstone, F|100\/100\n|turn|14\n|\n|t:|1699159380\n|-terastallize|p2a: grrrr faka|Rock\n|detailschange|p2a: grrrr faka|Ogerpon-Cornerstone-Tera, F, tera:Rock\n|-ability|p2a: grrrr faka|Embody Aspect (Cornerstone)|boost\n|-boost|p2a: grrrr faka|def|1\n|move|p1a: ningen what|Brick Break|p2a: grrrr faka\n|-supereffective|p2a: grrrr faka\n|-damage|p2a: grrrr faka|45\/100\n|move|p2a: grrrr faka|Ivy Cudgel|p1a: ningen what\n|-supereffective|p1a: ningen what\n|-damage|p1a: ningen what|0 fnt\n|faint|p1a: ningen what\n|\n|upkeep\n|\n|t:|1699159390\n|switch|p1a: porple|Chandelure, F, tera:Fairy|38\/100\n|turn|15\n|\n|t:|1699159394\n|move|p2a: grrrr faka|Ivy Cudgel|p1a: porple\n|-damage|p1a: porple|0 fnt\n|faint|p1a: porple\n|\n|upkeep\n|\n|t:|1699159400\n|switch|p1a: VolcanoGod|Volcarona, F|100\/100\n|turn|16\n|\n|t:|1699159403\n|move|p2a: grrrr faka|Ivy Cudgel|p1a: VolcanoGod\n|-supereffective|p1a: VolcanoGod\n|-damage|p1a: VolcanoGod|0 fnt\n|faint|p1a: VolcanoGod\n|\n|win|RowletTheAnimator\n|l|\u2606VampPhantom\n","uploadtime":1699159418,"views":7,"p1id":"vampphantom","p2id":"rowlettheanimator","formatid":"gen9nationaldexubers","rating":0,"private":0,"password":""}