{"id":"gen9nationaldexubers-1981847205","p1":"Drauxi","p2":"JordenJoonge","format":"[Gen 9] National Dex Ubers","log":"|j|\u2606Drauxi\n|j|\u2606JordenJoonge\n|t:|1698946103\n|gametype|singles\n|player|p1|Drauxi|265|\n|player|p2|JordenJoonge|ghetsis|\n|teamsize|p1|6\n|teamsize|p2|6\n|gen|9\n|tier|[Gen 9] National Dex Ubers\n|rule|HP Percentage Mod: HP is shown in percentages\n|rule|Endless Battle Clause: Forcing endless battles is banned\n|rule|OHKO Clause: OHKO moves are banned\n|rule|Evasion Moves Clause: Evasion moves are banned\n|rule|Evasion Items Clause: Evasion items are banned\n|rule|Species Clause: Limit one of each Pok\u00e9mon\n|rule|Sleep Clause Mod: Limit one foe put to sleep\n|rule|Mega Rayquaza Clause: You cannot mega evolve Rayquaza\n|clearpoke\n|poke|p1|Pelipper, M|\n|poke|p1|Ferrothorn, F|\n|poke|p1|Zapdos|\n|poke|p1|Dragalge, M|\n|poke|p1|Kabutops, F|\n|poke|p1|Togekiss, M|\n|poke|p2|Metagross|\n|poke|p2|Hydreigon, F|\n|poke|p2|Tinkaton, F|\n|poke|p2|Centiskorch, M|\n|poke|p2|Dhelmise|\n|poke|p2|Togedemaru, M|\n|teampreview\n|\n|t:|1698946160\n|start\n|switch|p1a: Ferrothorn|Ferrothorn, F|100\/100\n|switch|p2a: Togedemaru|Togedemaru, M|100\/100\n|turn|1\n|\n|t:|1698946205\n|switch|p2a: Infernopod|Centiskorch, M|100\/100\n|move|p1a: Ferrothorn|Knock Off|p2a: Infernopod\n|-damage|p2a: Infernopod|79\/100\n|-enditem|p2a: Infernopod|Heavy-Duty Boots|[from] move: Knock Off|[of] p1a: Ferrothorn\n|\n|upkeep\n|turn|2\n|\n|t:|1698946259\n|switch|p1a: Dragalge|Dragalge, M|100\/100\n|move|p2a: Infernopod|Fire Lash|p1a: Dragalge\n|-resisted|p1a: Dragalge\n|-damage|p1a: Dragalge|81\/100\n|-unboost|p1a: Dragalge|def|1\n|\n|-heal|p1a: Dragalge|86\/100|[from] item: Black Sludge\n|upkeep\n|turn|3\n|\n|t:|1698946377\n|switch|p2a: Granforgita|Tinkaton, F|100\/100\n|-ability|p2a: Granforgita|Mold Breaker\n|move|p1a: Dragalge|Toxic Spikes|p2a: Granforgita\n|-sidestart|p2: JordenJoonge|move: Toxic Spikes\n|\n|-heal|p1a: Dragalge|92\/100|[from] item: Black Sludge\n|upkeep\n|turn|4\n|\n|t:|1698946455\n|move|p2a: Granforgita|Play Rough|p1a: Dragalge\n|-damage|p1a: Dragalge|44\/100\n|move|p1a: Dragalge|Flip Turn|p2a: Granforgita\n|-damage|p2a: Granforgita|91\/100\n|\n|t:|1698946467\n|switch|p1a: Pelipper|Pelipper, M|100\/100|[from] Flip Turn\n|-weather|RainDance|[from] ability: Drizzle|[of] p1a: Pelipper\n|\n|-weather|RainDance|[upkeep]\n|-heal|p2a: Granforgita|97\/100|[from] item: Leftovers\n|upkeep\n|turn|5\n|\n|t:|1698946542\n|move|p1a: Pelipper|Hydro Pump|p2a: Granforgita\n|-damage|p2a: Granforgita|41\/100\n|move|p2a: Granforgita|Play Rough|p1a: Pelipper\n|-damage|p1a: Pelipper|67\/100\n|\n|-weather|RainDance|[upkeep]\n|-heal|p2a: Granforgita|47\/100|[from] item: Leftovers\n|upkeep\n|turn|6\n|\n|t:|1698946578\n|switch|p2a: Togedemaru|Togedemaru, M|100\/100\n|move|p1a: Pelipper|Hydro Pump|p2a: Togedemaru\n|-damage|p2a: Togedemaru|18\/100\n|\n|-weather|RainDance|[upkeep]\n|upkeep\n|turn|7\n|\n|t:|1698946641\n|switch|p1a: Ferrothorn|Ferrothorn, F|100\/100\n|move|p2a: Togedemaru|Zing Zap|p1a: Ferrothorn\n|-resisted|p1a: Ferrothorn\n|-damage|p1a: Ferrothorn|93\/100\n|-damage|p2a: Togedemaru|5\/100|[from] ability: Iron Barbs|[of] p1a: Ferrothorn\n|-damage|p2a: Togedemaru|0 fnt|[from] item: Rocky Helmet|[of] p1a: Ferrothorn\n|faint|p2a: Togedemaru\n|\n|-weather|RainDance|[upkeep]\n|upkeep\n|\n|t:|1698946653\n|switch|p2a: Infernopod|Centiskorch, M|79\/100\n|-status|p2a: Infernopod|psn\n|turn|8\n|\n|t:|1698946679\n|switch|p1a: Kabutops|Kabutops, F|100\/100\n|move|p2a: Infernopod|Bug Buzz|p1a: Kabutops\n|-damage|p1a: Kabutops|37\/100\n|\n|-weather|RainDance|[upkeep]\n|-damage|p2a: Infernopod|67\/100 psn|[from] psn\n|upkeep\n|turn|9\n|\n|t:|1698946708\n|switch|p2a: Moruda|Dhelmise|100\/100\n|-status|p2a: Moruda|psn\n|move|p1a: Kabutops|Liquidation|p2a: Moruda\n|-resisted|p2a: Moruda\n|-damage|p2a: Moruda|65\/100 psn\n|-unboost|p2a: Moruda|def|1\n|-damage|p1a: Kabutops|27\/100|[from] item: Life Orb\n|\n|-weather|RainDance|[upkeep]\n|-damage|p2a: Moruda|52\/100 psn|[from] psn\n|upkeep\n|turn|10\n|\n|t:|1698946762\n|move|p1a: Kabutops|Stone Edge|p2a: Moruda\n|-damage|p2a: Moruda|0 fnt\n|faint|p2a: Moruda\n|-damage|p1a: Kabutops|17\/100|[from] item: Life Orb\n|\n|-weather|RainDance|[upkeep]\n|upkeep\n|\n|t:|1698946775\n|switch|p2a: Trikephalo|Hydreigon, F|100\/100\n|turn|11\n|\n|t:|1698946796\n|move|p1a: Kabutops|Stone Edge|p2a: Trikephalo\n|-damage|p2a: Trikephalo|42\/100\n|-damage|p1a: Kabutops|7\/100|[from] item: Life Orb\n|move|p2a: Trikephalo|Dragon Pulse|p1a: Kabutops\n|-damage|p1a: Kabutops|0 fnt\n|faint|p1a: Kabutops\n|\n|-weather|none\n|upkeep\n|\n|t:|1698946811\n|switch|p1a: Togekiss|Togekiss, M|100\/100\n|turn|12\n|\n|t:|1698946825\n|switch|p2a: Metagross|Metagross, shiny|100\/100\n|move|p1a: Togekiss|Substitute|p1a: Togekiss\n|-start|p1a: Togekiss|Substitute\n|-damage|p1a: Togekiss|76\/100\n|\n|-heal|p1a: Togekiss|82\/100|[from] item: Leftovers\n|upkeep\n|turn|13\n|\n|t:|1698946835\n|move|p1a: Togekiss|Thunder Wave|p2a: Metagross\n|-status|p2a: Metagross|par\n|move|p2a: Metagross|Meteor Mash|p1a: Togekiss|[miss]\n|-miss|p2a: Metagross|p1a: Togekiss\n|\n|-heal|p1a: Togekiss|88\/100|[from] item: Leftovers\n|upkeep\n|turn|14\n|\n|t:|1698946844\n|move|p1a: Togekiss|Air Slash|p2a: Metagross\n|-resisted|p2a: Metagross\n|-damage|p2a: Metagross|84\/100 par\n|cant|p2a: Metagross|flinch\n|\n|-heal|p1a: Togekiss|94\/100|[from] item: Leftovers\n|upkeep\n|turn|15\n|\n|t:|1698946854\n|move|p1a: Togekiss|Air Slash|p2a: Metagross\n|-resisted|p2a: Metagross\n|-damage|p2a: Metagross|67\/100 par\n|cant|p2a: Metagross|flinch\n|\n|-heal|p1a: Togekiss|99\/100|[from] item: Leftovers\n|upkeep\n|turn|16\n|\n|t:|1698946861\n|move|p1a: Togekiss|Air Slash|p2a: Metagross\n|-resisted|p2a: Metagross\n|-damage|p2a: Metagross|50\/100 par\n|move|p2a: Metagross|Meteor Mash|p1a: Togekiss\n|-supereffective|p1a: Togekiss\n|-end|p1a: Togekiss|Substitute\n|\n|-heal|p1a: Togekiss|100\/100|[from] item: Leftovers\n|upkeep\n|turn|17\n|\n|t:|1698946871\n|move|p1a: Togekiss|Substitute|p1a: Togekiss\n|-start|p1a: Togekiss|Substitute\n|-damage|p1a: Togekiss|76\/100\n|cant|p2a: Metagross|par\n|\n|-heal|p1a: Togekiss|82\/100|[from] item: Leftovers\n|upkeep\n|turn|18\n|\n|t:|1698946885\n|move|p1a: Togekiss|Air Slash|p2a: Metagross\n|-resisted|p2a: Metagross\n|-damage|p2a: Metagross|32\/100 par\n|cant|p2a: Metagross|flinch\n|\n|-heal|p1a: Togekiss|88\/100|[from] item: Leftovers\n|upkeep\n|turn|19\n|\n|t:|1698946894\n|move|p1a: Togekiss|Air Slash|p2a: Metagross\n|-resisted|p2a: Metagross\n|-damage|p2a: Metagross|14\/100 par\n|cant|p2a: Metagross|flinch\n|\n|-heal|p1a: Togekiss|94\/100|[from] item: Leftovers\n|upkeep\n|turn|20\n|\n|t:|1698946904\n|move|p1a: Togekiss|Air Slash|p2a: Metagross\n|-resisted|p2a: Metagross\n|-damage|p2a: Metagross|0 fnt\n|faint|p2a: Metagross\n|\n|-heal|p1a: Togekiss|99\/100|[from] item: Leftovers\n|upkeep\n|\n|t:|1698946911\n|switch|p2a: Granforgita|Tinkaton, F|47\/100\n|-ability|p2a: Granforgita|Mold Breaker\n|turn|21\n|\n|t:|1698946926\n|move|p1a: Togekiss|Thunder Wave|p2a: Granforgita\n|-status|p2a: Granforgita|par\n|move|p2a: Granforgita|Gigaton Hammer|p1a: Togekiss\n|-supereffective|p1a: Togekiss\n|-end|p1a: Togekiss|Substitute\n|\n|-heal|p1a: Togekiss|100\/100|[from] item: Leftovers\n|-heal|p2a: Granforgita|53\/100 par|[from] item: Leftovers\n|upkeep\n|turn|22\n|\n|t:|1698946940\n|switch|p1a: Ferrothorn|Ferrothorn, F|93\/100\n|move|p2a: Granforgita|Flash Cannon|p1a: Ferrothorn\n|-resisted|p1a: Ferrothorn\n|-damage|p1a: Ferrothorn|83\/100\n|\n|-heal|p2a: Granforgita|59\/100 par|[from] item: Leftovers\n|upkeep\n|turn|23\n|\n|t:|1698946952\n|switch|p2a: Infernopod|Centiskorch, M|67\/100 psn\n|move|p1a: Ferrothorn|Stealth Rock|p2a: Infernopod\n|-sidestart|p2: JordenJoonge|move: Stealth Rock\n|\n|-damage|p2a: Infernopod|55\/100 psn|[from] psn\n|upkeep\n|turn|24\n|\n|t:|1698946960\n|switch|p1a: Pelipper|Pelipper, M|67\/100\n|-weather|RainDance|[from] ability: Drizzle|[of] p1a: Pelipper\n|move|p2a: Infernopod|Fire Lash|p1a: Pelipper\n|-resisted|p1a: Pelipper\n|-damage|p1a: Pelipper|58\/100\n|-unboost|p1a: Pelipper|def|1\n|\n|-weather|RainDance|[upkeep]\n|-damage|p2a: Infernopod|42\/100 psn|[from] psn\n|upkeep\n|turn|25\n|\n|t:|1698946978\n|move|p1a: Pelipper|Hurricane|p2a: Infernopod\n|-supereffective|p2a: Infernopod\n|-damage|p2a: Infernopod|0 fnt\n|faint|p2a: Infernopod\n|\n|-weather|RainDance|[upkeep]\n|upkeep\n|\n|t:|1698946984\n|switch|p2a: Granforgita|Tinkaton, F|59\/100 par\n|-damage|p2a: Granforgita|53\/100 par|[from] Stealth Rock\n|-ability|p2a: Granforgita|Mold Breaker\n|turn|26\n|\n|t:|1698946989\n|move|p1a: Pelipper|Hydro Pump|p2a: Granforgita\n|-damage|p2a: Granforgita|0 fnt\n|faint|p2a: Granforgita\n|\n|-weather|RainDance|[upkeep]\n|upkeep\n|\n|t:|1698946994\n|switch|p2a: Trikephalo|Hydreigon, F|42\/100\n|-damage|p2a: Trikephalo|29\/100|[from] Stealth Rock\n|turn|27\n|\n|t:|1698947005\n|switch|p1a: Togekiss|Togekiss, M|100\/100\n|move|p2a: Trikephalo|Dragon Pulse|p1a: Togekiss\n|-immune|p1a: Togekiss\n|\n|-weather|RainDance|[upkeep]\n|upkeep\n|turn|28\n|\n|t:|1698947013\n|move|p1a: Togekiss|Dazzling Gleam|p2a: Trikephalo\n|-supereffective|p2a: Trikephalo\n|-damage|p2a: Trikephalo|0 fnt\n|faint|p2a: Trikephalo\n|\n|win|Drauxi\n","uploadtime":1698947044,"views":12,"p1id":"drauxi","p2id":"jordenjoonge","formatid":"gen9nationaldexubers","rating":0,"private":0,"password":""}