{"id":"gen9nationaldexubers-1992230435","p1":"FuniPlagueMan","p2":"PBJK","format":"[Gen 9] National Dex Ubers","log":"|j|\u2606FuniPlagueMan\n|j|\u2606PBJK\n|t:|1700165908\n|gametype|singles\n|player|p1|FuniPlagueMan|roxie|1098\n|player|p2|PBJK|camper|1092\n|teamsize|p1|6\n|teamsize|p2|6\n|gen|9\n|tier|[Gen 9] National Dex Ubers\n|rated|\n|rule|HP Percentage Mod: HP is shown in percentages\n|rule|Endless Battle Clause: Forcing endless battles is banned\n|rule|OHKO Clause: OHKO moves are banned\n|rule|Evasion Moves Clause: Evasion moves are banned\n|rule|Evasion Items Clause: Evasion items are banned\n|rule|Species Clause: Limit one of each Pok\u00e9mon\n|rule|Sleep Clause Mod: Limit one foe put to sleep\n|rule|Mega Rayquaza Clause: You cannot mega evolve Rayquaza\n|clearpoke\n|poke|p1|Alomomola, F|\n|poke|p1|Gholdengo|\n|poke|p1|Cyclizar, M|\n|poke|p1|Blaziken, F|\n|poke|p1|Espathra, F|\n|poke|p1|Clodsire, F|\n|poke|p2|Minior|\n|poke|p2|Falinks|\n|poke|p2|Empoleon, M|\n|poke|p2|Metagross|\n|poke|p2|Sudowoodo, M|\n|poke|p2|Mr. Mime, F|\n|teampreview\n|inactive|Battle timer is ON: inactive players will automatically lose when time's up. (requested by FuniPlagueMan)\n|\n|t:|1700165918\n|start\n|switch|p1a: Espathra|Espathra, F|100\/100\n|switch|p2a: Kirby|Minior|100\/100\n|-formechange|p2a: Kirby|Minior-Meteor||[from] ability: Shields Down\n|turn|1\n|\n|t:|1700165931\n|move|p1a: Espathra|Calm Mind|p1a: Espathra\n|-boost|p1a: Espathra|spa|1\n|-boost|p1a: Espathra|spd|1\n|move|p2a: Kirby|Stealth Rock|p1a: Espathra\n|-sidestart|p1: FuniPlagueMan|move: Stealth Rock\n|\n|-ability|p1a: Espathra|Speed Boost|boost\n|-boost|p1a: Espathra|spe|1\n|upkeep\n|turn|2\n|\n|t:|1700165956\n|switch|p2a: Waddle Dee's|Falinks, shiny|100\/100\n|move|p1a: Espathra|Calm Mind|p1a: Espathra\n|-boost|p1a: Espathra|spa|1\n|-boost|p1a: Espathra|spd|1\n|\n|-ability|p1a: Espathra|Speed Boost|boost\n|-boost|p1a: Espathra|spe|1\n|upkeep\n|turn|3\n|\n|t:|1700165964\n|move|p2a: Waddle Dee's|First Impression|p1a: Espathra\n|-supereffective|p1a: Espathra\n|-damage|p1a: Espathra|40\/100\n|move|p1a: Espathra|Stored Power|p2a: Waddle Dee's\n|-supereffective|p2a: Waddle Dee's\n|-damage|p2a: Waddle Dee's|0 fnt\n|faint|p2a: Waddle Dee's\n|\n|-ability|p1a: Espathra|Speed Boost|boost\n|-boost|p1a: Espathra|spe|1\n|upkeep\n|inactive|PBJK has 120 seconds left.\n|\n|t:|1700165986\n|switch|p2a: Marx|Mr. Mime, F|100\/100\n|turn|4\n|inactive|PBJK has 120 seconds left.\n|\n|t:|1700166007\n|-terastallize|p1a: Espathra|Psychic\n|move|p1a: Espathra|Stored Power|p2a: Marx\n|-resisted|p2a: Marx\n|-damage|p2a: Marx|0 fnt\n|faint|p2a: Marx\n|\n|-ability|p1a: Espathra|Speed Boost|boost\n|-boost|p1a: Espathra|spe|1\n|upkeep\n|inactive|PBJK has 120 seconds left.\n|\n|t:|1700166016\n|switch|p2a: Kirby|Minior|100\/100\n|-formechange|p2a: Kirby|Minior-Meteor||[from] ability: Shields Down\n|turn|5\n|\n|t:|1700166024\n|move|p1a: Espathra|Stored Power|p2a: Kirby\n|-damage|p2a: Kirby|0 fnt\n|faint|p2a: Kirby\n|\n|-ability|p1a: Espathra|Speed Boost|boost\n|-boost|p1a: Espathra|spe|1\n|upkeep\n|inactive|PBJK has 120 seconds left.\n|\n|t:|1700166035\n|switch|p2a: Whispy Woods|Sudowoodo, M|100\/100\n|turn|6\n|\n|t:|1700166038\n|move|p1a: Espathra|Stored Power|p2a: Whispy Woods\n|-ability|p2a: Whispy Woods|Sturdy\n|-damage|p2a: Whispy Woods|1\/100\n|move|p2a: Whispy Woods|Fire Punch|p1a: Espathra\n|-damage|p1a: Espathra|3\/100\n|\n|-ability|p1a: Espathra|Speed Boost|boost\n|-boost|p1a: Espathra|spe|1\n|upkeep\n|turn|7\n|\n|t:|1700166054\n|move|p1a: Espathra|Stored Power|p2a: Whispy Woods\n|-damage|p2a: Whispy Woods|0 fnt\n|faint|p2a: Whispy Woods\n|\n|upkeep\n|\n|t:|1700166062\n|switch|p2a: MetaKnight|Metagross|100\/100\n|turn|8\n|\n|t:|1700166070\n|detailschange|p2a: MetaKnight|Metagross-Mega\n|-mega|p2a: MetaKnight|Metagross|Metagrossite\n|move|p1a: Espathra|Stored Power|p2a: MetaKnight\n|-resisted|p2a: MetaKnight\n|-damage|p2a: MetaKnight|15\/100\n|move|p2a: MetaKnight|Earthquake|p1a: Espathra\n|-damage|p1a: Espathra|0 fnt\n|faint|p1a: Espathra\n|\n|upkeep\n|\n|t:|1700166078\n|switch|p1a: Cyclizar|Cyclizar, M|100\/100\n|turn|9\n|\n|t:|1700166089\n|move|p1a: Cyclizar|Outrage|p2a: MetaKnight\n|-resisted|p2a: MetaKnight\n|-damage|p2a: MetaKnight|0 fnt\n|faint|p2a: MetaKnight\n|\n|upkeep\n|\n|t:|1700166094\n|switch|p2a: King de-de-de|Empoleon, M|100\/100\n|turn|10\n|\n|t:|1700166100\n|move|p1a: Cyclizar|Outrage|p2a: King de-de-de|[from]lockedmove\n|-resisted|p2a: King de-de-de\n|-damage|p2a: King de-de-de|73\/100\n|move|p2a: King de-de-de|Ice Beam|p1a: Cyclizar\n|-supereffective|p1a: Cyclizar\n|-damage|p1a: Cyclizar|0 fnt\n|faint|p1a: Cyclizar\n|\n|upkeep\n|\n|t:|1700166110\n|switch|p1a: Blaziken|Blaziken, F|100\/100\n|-damage|p1a: Blaziken|88\/100|[from] Stealth Rock\n|turn|11\n|\n|t:|1700166115\n|detailschange|p1a: Blaziken|Blaziken-Mega, F\n|-mega|p1a: Blaziken|Blaziken|Blazikenite\n|move|p1a: Blaziken|High Jump Kick|p2a: King de-de-de\n|-supereffective|p2a: King de-de-de\n|-damage|p2a: King de-de-de|0 fnt\n|faint|p2a: King de-de-de\n|\n|win|FuniPlagueMan\n|raw|FuniPlagueMan's rating: 1098 &rarr; <strong>1123<\/strong><br \/>(+25 for winning)\n|raw|PBJK's rating: 1092 &rarr; <strong>1069<\/strong><br \/>(-23 for losing)\n","uploadtime":1700166121,"views":19,"p1id":"funiplagueman","p2id":"pbjk","formatid":"gen9nationaldexubers","rating":1069,"private":0,"password":""}