{"id":"gen9nationaldexubers-1992927841","p1":"sharkonnes","p2":"videorelaxant777","format":"[Gen 9] National Dex Ubers","log":"|j|\u2606sharkonnes\n|j|\u2606videorelaxant777\n|t:|1700247583\n|gametype|singles\n|player|p1|sharkonnes|101|1253\n|player|p2|videorelaxant777|acerola|1396\n|teamsize|p1|6\n|teamsize|p2|6\n|gen|9\n|tier|[Gen 9] National Dex Ubers\n|rated|\n|rule|HP Percentage Mod: HP is shown in percentages\n|rule|Endless Battle Clause: Forcing endless battles is banned\n|rule|OHKO Clause: OHKO moves are banned\n|rule|Evasion Moves Clause: Evasion moves are banned\n|rule|Evasion Items Clause: Evasion items are banned\n|rule|Species Clause: Limit one of each Pok\u00e9mon\n|rule|Sleep Clause Mod: Limit one foe put to sleep\n|rule|Mega Rayquaza Clause: You cannot mega evolve Rayquaza\n|clearpoke\n|poke|p1|Ninetales, F|\n|poke|p1|Lucario, M|\n|poke|p1|Dracovish|\n|poke|p1|Maushold-Four|\n|poke|p1|Quagsire, F|\n|poke|p1|Hatterene, F|\n|poke|p2|Smeargle, M|\n|poke|p2|Gliscor, F|\n|poke|p2|Arceus|\n|poke|p2|Marshadow|\n|poke|p2|Landorus-Therian, M|\n|poke|p2|Serperior, F|\n|teampreview\n|c|\u2606videorelaxant777|glhf\n|\n|t:|1700247593\n|start\n|switch|p1a: Dracovish|Dracovish|100\/100\n|switch|p2a: sploosh n' woosh|Smeargle, M|100\/100\n|turn|1\n|c|\u2606sharkonnes|gl\n|\n|t:|1700247601\n|move|p1a: Dracovish|Fishious Rend|p2a: sploosh n' woosh\n|-enditem|p2a: sploosh n' woosh|Focus Sash\n|-damage|p2a: sploosh n' woosh|1\/100\n|move|p2a: sploosh n' woosh|Spore|p1a: Dracovish\n|-status|p1a: Dracovish|slp|[from] move: Spore\n|\n|-ability|p2a: sploosh n' woosh|Moody|boost\n|-boost|p2a: sploosh n' woosh|def|2\n|-unboost|p2a: sploosh n' woosh|spe|1\n|upkeep\n|turn|2\n|c|\u2606videorelaxant777|no fun?\n|c|\u2606videorelaxant777|reporting \/j\n|\n|t:|1700247613\n|switch|p1a: Quagsire|Quagsire, F|100\/100\n|move|p2a: sploosh n' woosh|Sticky Web|p1a: Quagsire\n|-sidestart|p1: sharkonnes|move: Sticky Web\n|\n|-ability|p2a: sploosh n' woosh|Moody|boost\n|-boost|p2a: sploosh n' woosh|spe|2\n|-unboost|p2a: sploosh n' woosh|spd|1\n|upkeep\n|turn|3\n|c|\u2606sharkonnes|haha\n|c|\u2606sharkonnes|hf\n|\n|t:|1700247625\n|switch|p2a: meth addict|Gliscor, F, shiny|100\/100\n|move|p1a: Quagsire|Earthquake|p2a: meth addict\n|-immune|p2a: meth addict\n|\n|-status|p2a: meth addict|tox|[from] item: Toxic Orb\n|upkeep\n|turn|4\n|\n|t:|1700247632\n|move|p2a: meth addict|Spikes|p1a: Quagsire\n|-sidestart|p1: sharkonnes|Spikes\n|move|p1a: Quagsire|Ice Beam|p2a: meth addict\n|-supereffective|p2a: meth addict\n|-damage|p2a: meth addict|37\/100 tox\n|\n|-heal|p2a: meth addict|50\/100 tox|[from] ability: Poison Heal\n|upkeep\n|turn|5\n|\n|t:|1700247643\n|switch|p2a: all new ford f150|Arceus|100\/100\n|move|p1a: Quagsire|Ice Beam|p2a: all new ford f150\n|-damage|p2a: all new ford f150|91\/100\n|\n|upkeep\n|turn|6\n|\n|t:|1700247649\n|move|p2a: all new ford f150|Swords Dance|p2a: all new ford f150\n|-boost|p2a: all new ford f150|atk|2\n|move|p1a: Quagsire|Toxic|p2a: all new ford f150\n|-status|p2a: all new ford f150|tox\n|-enditem|p2a: all new ford f150|Lum Berry|[eat]\n|-curestatus|p2a: all new ford f150|tox|[msg]\n|\n|upkeep\n|turn|7\n|\n|t:|1700247656\n|-terastallize|p2a: all new ford f150|Normal\n|move|p2a: all new ford f150|Extreme Speed|p1a: Quagsire\n|-damage|p1a: Quagsire|63\/100\n|move|p1a: Quagsire|Toxic|p2a: all new ford f150\n|-status|p2a: all new ford f150|tox\n|\n|-heal|p1a: Quagsire|70\/100|[from] item: Leftovers\n|-damage|p2a: all new ford f150|85\/100 tox|[from] psn\n|upkeep\n|turn|8\n|\n|t:|1700247665\n|move|p2a: all new ford f150|Extreme Speed|p1a: Quagsire\n|-damage|p1a: Quagsire|32\/100\n|move|p1a: Quagsire|Recover|p1a: Quagsire\n|-heal|p1a: Quagsire|82\/100\n|\n|-heal|p1a: Quagsire|89\/100|[from] item: Leftovers\n|-damage|p2a: all new ford f150|73\/100 tox|[from] psn\n|upkeep\n|turn|9\n|\n|t:|1700247675\n|switch|p2a: Joan Of Arc|Serperior, F, shiny|100\/100\n|move|p1a: Quagsire|Earthquake|p2a: Joan Of Arc\n|-resisted|p2a: Joan Of Arc\n|-damage|p2a: Joan Of Arc|84\/100\n|\n|-heal|p2a: Joan Of Arc|91\/100|[from] item: Leftovers\n|-heal|p1a: Quagsire|95\/100|[from] item: Leftovers\n|upkeep\n|turn|10\n|\n|t:|1700247684\n|-terastallize|p1a: Quagsire|Ice\n|move|p2a: Joan Of Arc|Leaf Storm|p1a: Quagsire\n|-crit|p1a: Quagsire\n|-damage|p1a: Quagsire|30\/100\n|-boost|p2a: Joan Of Arc|spa|2\n|move|p1a: Quagsire|Ice Beam|p2a: Joan Of Arc\n|-supereffective|p2a: Joan Of Arc\n|-damage|p2a: Joan Of Arc|49\/100\n|-status|p2a: Joan Of Arc|frz\n|\n|-heal|p2a: Joan Of Arc|56\/100 frz|[from] item: Leftovers\n|-heal|p1a: Quagsire|36\/100|[from] item: Leftovers\n|upkeep\n|turn|11\n|c|\u2606videorelaxant777|i going to fucking scream\n|c|\u2606sharkonnes|hahahahahah[\n|\n|t:|1700247714\n|switch|p2a: pumped up kicks|Marshadow|100\/100\n|move|p1a: Quagsire|Ice Beam|p2a: pumped up kicks\n|-damage|p2a: pumped up kicks|77\/100\n|\n|-heal|p1a: Quagsire|42\/100|[from] item: Leftovers\n|upkeep\n|turn|12\n|c|\u2606sharkonnes|not having fun bro???\n|\n|t:|1700247729\n|switch|p1a: Hatterene|Hatterene, F|100\/100\n|-activate|p1a: Hatterene|move: Sticky Web\n|-unboost|p1a: Hatterene|spe|1\n|-damage|p1a: Hatterene|88\/100|[from] Spikes\n|move|p2a: pumped up kicks|Close Combat|p1a: Hatterene\n|-resisted|p1a: Hatterene\n|-damage|p1a: Hatterene|75\/100\n|-unboost|p2a: pumped up kicks|def|1\n|-unboost|p2a: pumped up kicks|spd|1\n|\n|-heal|p1a: Hatterene|81\/100|[from] item: Leftovers\n|upkeep\n|turn|13\n|l|\u2606videorelaxant777\n|player|p2|\n|j|\u2606videorelaxant777\n|player|p2|videorelaxant777|acerola\n|n|!videorelaxant777|videorelaxant777\n|\n|t:|1700247795\n|switch|p2a: sploosh n' woosh|Smeargle, M|1\/100\n|move|p1a: Hatterene|Psyshock|p2a: sploosh n' woosh\n|-damage|p2a: sploosh n' woosh|0 fnt\n|faint|p2a: sploosh n' woosh\n|\n|-heal|p1a: Hatterene|87\/100|[from] item: Leftovers\n|upkeep\n|\n|t:|1700247805\n|switch|p2a: Joan Of Arc|Serperior, F, shiny|56\/100 frz\n|turn|14\n|\n|t:|1700247810\n|cant|p2a: Joan Of Arc|frz\n|move|p1a: Hatterene|Mystical Fire|p2a: Joan Of Arc\n|-supereffective|p2a: Joan Of Arc\n|-damage|p2a: Joan Of Arc|10\/100 frz\n|-boost|p2a: Joan Of Arc|spa|1\n|-curestatus|p2a: Joan Of Arc|frz|[msg]\n|\n|-heal|p2a: Joan Of Arc|16\/100|[from] item: Leftovers\n|-heal|p1a: Hatterene|93\/100|[from] item: Leftovers\n|upkeep\n|turn|15\n|\n|t:|1700247821\n|move|p2a: Joan Of Arc|Leaf Storm|p1a: Hatterene\n|-damage|p1a: Hatterene|36\/100\n|-boost|p2a: Joan Of Arc|spa|2\n|move|p1a: Hatterene|Mystical Fire|p2a: Joan Of Arc\n|-supereffective|p2a: Joan Of Arc\n|-damage|p2a: Joan Of Arc|0 fnt\n|faint|p2a: Joan Of Arc\n|\n|-heal|p1a: Hatterene|42\/100|[from] item: Leftovers\n|upkeep\n|\n|t:|1700247830\n|switch|p2a: HEALTHY META|Landorus-Therian, M|100\/100\n|-ability|p2a: HEALTHY META|Intimidate|boost\n|-unboost|p1a: Hatterene|atk|1\n|turn|16\n|\n|t:|1700247835\n|move|p2a: HEALTHY META|Earthquake|p1a: Hatterene\n|-damage|p1a: Hatterene|0 fnt\n|faint|p1a: Hatterene\n|\n|upkeep\n|\n|t:|1700247845\n|switch|p1a: Maushold|Maushold-Four|100\/100\n|-activate|p1a: Maushold|move: Sticky Web\n|-unboost|p1a: Maushold|spe|1\n|-damage|p1a: Maushold|88\/100|[from] Spikes\n|turn|17\n|\n|t:|1700247867\n|move|p2a: HEALTHY META|Earthquake|p1a: Maushold\n|-damage|p1a: Maushold|0 fnt\n|faint|p1a: Maushold\n|\n|upkeep\n|c|\u2606sharkonnes|you won\n|\n|t:|1700247876\n|switch|p1a: Dracovish|Dracovish|100\/100 slp\n|-activate|p1a: Dracovish|move: Sticky Web\n|-unboost|p1a: Dracovish|spe|1\n|-damage|p1a: Dracovish|88\/100 slp|[from] Spikes\n|turn|18\n|\n|t:|1700247882\n|move|p2a: HEALTHY META|Earthquake|p1a: Dracovish\n|-damage|p1a: Dracovish|31\/100 slp\n|cant|p1a: Dracovish|slp\n|\n|upkeep\n|turn|19\n|\n|t:|1700247886\n|move|p2a: HEALTHY META|Earthquake|p1a: Dracovish\n|-damage|p1a: Dracovish|0 fnt\n|faint|p1a: Dracovish\n|\n|upkeep\n|\n|t:|1700247891\n|switch|p1a: Quagsire|Quagsire, F, tera:Ice|42\/100\n|-activate|p1a: Quagsire|move: Sticky Web\n|-unboost|p1a: Quagsire|spe|1\n|-damage|p1a: Quagsire|29\/100|[from] Spikes\n|turn|20\n|\n|t:|1700247896\n|move|p2a: HEALTHY META|Earthquake|p1a: Quagsire\n|-damage|p1a: Quagsire|0 fnt\n|faint|p1a: Quagsire\n|\n|upkeep\n|\n|t:|1700247907\n|switch|p1a: Ninetales|Ninetales, F|100\/100\n|-activate|p1a: Ninetales|move: Sticky Web\n|-unboost|p1a: Ninetales|spe|1\n|-damage|p1a: Ninetales|88\/100|[from] Spikes\n|-weather|SunnyDay|[from] ability: Drought|[of] p1a: Ninetales\n|turn|21\n|inactive|Battle timer is ON: inactive players will automatically lose when time's up. (requested by videorelaxant777)\n|\n|t:|1700247922\n|move|p2a: HEALTHY META|Earthquake|p1a: Ninetales\n|-supereffective|p1a: Ninetales\n|-damage|p1a: Ninetales|0 fnt\n|faint|p1a: Ninetales\n|\n|-weather|SunnyDay|[upkeep]\n|upkeep\n|\n|t:|1700247939\n|switch|p1a: Lucario|Lucario, M|100\/100\n|-activate|p1a: Lucario|move: Sticky Web\n|-unboost|p1a: Lucario|spe|1\n|-damage|p1a: Lucario|88\/100|[from] Spikes\n|turn|22\n|\n|t:|1700247945\n|detailschange|p1a: Lucario|Lucario-Mega, M\n|-mega|p1a: Lucario|Lucario|Lucarionite\n|move|p2a: HEALTHY META|Earthquake|p1a: Lucario\n|-supereffective|p1a: Lucario\n|-damage|p1a: Lucario|0 fnt\n|faint|p1a: Lucario\n|\n|win|videorelaxant777\n|raw|sharkonnes's rating: 1253 &rarr; <strong>1238<\/strong><br \/>(-15 for losing)\n|raw|videorelaxant777's rating: 1396 &rarr; <strong>1408<\/strong><br \/>(+12 for winning)\n","uploadtime":1700247785,"views":7,"p1id":"sharkonnes","p2id":"videorelaxant777","formatid":"gen9nationaldexubers","rating":1238,"private":0,"password":""}