{"id":"gen9nationaldexubers-1980137608","p1":"Gtg g u2","p2":"BoaTheConstrictor","format":"[Gen 9] National Dex Ubers","log":"|j|\u2606Gtg g u2\n|j|\u203dBoaTheConstrictor\n|t:|1698760638\n|gametype|singles\n|player|p1|Gtg g u2|red-masters|1081\n|player|p2|BoaTheConstrictor|170|1080\n|teamsize|p1|6\n|teamsize|p2|6\n|gen|9\n|tier|[Gen 9] National Dex Ubers\n|rated|\n|rule|HP Percentage Mod: HP is shown in percentages\n|rule|Endless Battle Clause: Forcing endless battles is banned\n|rule|OHKO Clause: OHKO moves are banned\n|rule|Evasion Moves Clause: Evasion moves are banned\n|rule|Evasion Items Clause: Evasion items are banned\n|rule|Species Clause: Limit one of each Pok\u00e9mon\n|rule|Sleep Clause Mod: Limit one foe put to sleep\n|rule|Mega Rayquaza Clause: You cannot mega evolve Rayquaza\n|clearpoke\n|poke|p1|Pikachu, M|\n|poke|p1|Rillaboom, M|\n|poke|p1|Cramorant, M|\n|poke|p1|Grapploct, M|\n|poke|p1|Centiskorch, M|\n|poke|p1|Runerigus, F|\n|poke|p2|Lunala|\n|poke|p2|Breloom, M|\n|poke|p2|Zekrom|\n|poke|p2|Salazzle, F|\n|poke|p2|Garchomp, F|\n|poke|p2|Sandslash-Alola, F|\n|teampreview\n|inactive|Battle timer is ON: inactive players will automatically lose when time's up. (requested by Gtg g u2)\n|\n|t:|1698760666\n|start\n|switch|p1a: Cramorant|Cramorant, M|100\/100\n|switch|p2a: Lunala|Lunala, shiny|100\/100\n|turn|1\n|\n|t:|1698760682\n|move|p1a: Cramorant|Surf|p2a: Lunala\n|-formechange|p1a: Cramorant|Cramorant-Gulping|\n|-damage|p2a: Lunala|87\/100\n|move|p2a: Lunala|Moongeist Beam|p1a: Cramorant\n|-damage|p1a: Cramorant|29\/100\n|-damage|p2a: Lunala|62\/100|[from] ability: Gulp Missile|[of] p1a: Cramorant\n|-unboost|p2a: Lunala|def|1\n|-formechange|p1a: Cramorant|Cramorant|\n|\n|upkeep\n|turn|2\n|\n|t:|1698760693\n|move|p1a: Cramorant|Surf|p2a: Lunala\n|-formechange|p1a: Cramorant|Cramorant-Gorging|\n|-damage|p2a: Lunala|36\/100\n|move|p2a: Lunala|Moongeist Beam|p1a: Cramorant\n|-damage|p1a: Cramorant|0 fnt\n|-damage|p2a: Lunala|11\/100|[from] ability: Gulp Missile|[of] p1a: Cramorant\n|-status|p2a: Lunala|par\n|-formechange|p1a: Cramorant|Cramorant|\n|faint|p1a: Cramorant\n|\n|upkeep\n|\n|t:|1698760696\n|switch|p1a: Rillaboom|Rillaboom, M|100\/100\n|-fieldstart|move: Grassy Terrain|[from] ability: Grassy Surge|[of] p1a: Rillaboom\n|turn|3\n|\n|t:|1698760715\n|move|p1a: Rillaboom|Knock Off|p2a: Lunala\n|-supereffective|p2a: Lunala\n|-damage|p2a: Lunala|0 fnt\n|faint|p2a: Lunala\n|-damage|p1a: Rillaboom|91\/100|[from] item: Life Orb\n|\n|-heal|p1a: Rillaboom|97\/100|[from] Grassy Terrain\n|upkeep\n|\n|t:|1698760724\n|switch|p2a: Zekrom|Zekrom|100\/100\n|-ability|p2a: Zekrom|Teravolt\n|turn|4\n|\n|t:|1698760729\n|move|p2a: Zekrom|Dual Wingbeat|p1a: Rillaboom\n|-supereffective|p1a: Rillaboom\n|-damage|p1a: Rillaboom|63\/100\n|-supereffective|p1a: Rillaboom\n|-damage|p1a: Rillaboom|30\/100\n|-hitcount|p1a: Rillaboom|2\n|move|p1a: Rillaboom|Earthquake|p2a: Zekrom\n|-supereffective|p2a: Zekrom\n|-damage|p2a: Zekrom|60\/100\n|-damage|p1a: Rillaboom|20\/100|[from] item: Life Orb\n|\n|-heal|p2a: Zekrom|66\/100|[from] Grassy Terrain\n|-heal|p1a: Rillaboom|27\/100|[from] Grassy Terrain\n|upkeep\n|turn|5\n|\n|t:|1698760741\n|move|p1a: Rillaboom|Grassy Glide|p2a: Zekrom\n|-resisted|p2a: Zekrom\n|-damage|p2a: Zekrom|44\/100\n|-damage|p1a: Rillaboom|17\/100|[from] item: Life Orb\n|move|p2a: Zekrom|Dual Wingbeat|p1a: Rillaboom\n|-supereffective|p1a: Rillaboom\n|-crit|p1a: Rillaboom\n|-damage|p1a: Rillaboom|0 fnt\n|faint|p1a: Rillaboom\n|-hitcount|p1: Rillaboom|1\n|\n|-heal|p2a: Zekrom|50\/100|[from] Grassy Terrain\n|upkeep\n|\n|t:|1698760746\n|switch|p1a: Pikachu|Pikachu, M|100\/100\n|turn|6\n|\n|t:|1698760762\n|move|p2a: Zekrom|Bolt Strike|p1a: Pikachu\n|-resisted|p1a: Pikachu\n|-damage|p1a: Pikachu|0 fnt\n|faint|p1a: Pikachu\n|\n|-heal|p2a: Zekrom|57\/100|[from] Grassy Terrain\n|upkeep\n|\n|t:|1698760768\n|switch|p1a: Runerigus|Runerigus, F, shiny|100\/100\n|turn|7\n|\n|t:|1698760777\n|move|p2a: Zekrom|Bolt Strike|p1a: Runerigus\n|-immune|p1a: Runerigus\n|move|p1a: Runerigus|Earthquake|p2a: Zekrom\n|-supereffective|p2a: Zekrom\n|-damage|p2a: Zekrom|15\/100\n|\n|-heal|p2a: Zekrom|22\/100|[from] Grassy Terrain\n|-fieldend|move: Grassy Terrain\n|upkeep\n|turn|8\n|\n|t:|1698760788\n|move|p2a: Zekrom|Dual Wingbeat|p1a: Runerigus\n|-damage|p1a: Runerigus|88\/100\n|-activate|p1a: Runerigus|ability: Wandering Spirit|Teravolt|Wandering Spirit|[of] p2a: Zekrom\n|-ability|p1a: Runerigus|Teravolt\n|-damage|p1a: Runerigus|76\/100\n|-hitcount|p1a: Runerigus|2\n|move|p1a: Runerigus|Earthquake|p2a: Zekrom\n|-supereffective|p2a: Zekrom\n|-damage|p2a: Zekrom|0 fnt\n|faint|p2a: Zekrom\n|\n|-heal|p1a: Runerigus|83\/100|[from] item: Leftovers\n|upkeep\n|\n|t:|1698760805\n|switch|p2a: Garchomp|Garchomp, F|100\/100\n|turn|9\n|\n|t:|1698760814\n|move|p2a: Garchomp|Crunch|p1a: Runerigus\n|-supereffective|p1a: Runerigus\n|-damage|p1a: Runerigus|38\/100\n|move|p1a: Runerigus|Will-O-Wisp|p2a: Garchomp\n|-status|p2a: Garchomp|brn\n|\n|-heal|p1a: Runerigus|44\/100|[from] item: Leftovers\n|-damage|p2a: Garchomp|94\/100 brn|[from] brn\n|upkeep\n|turn|10\n|\n|t:|1698760824\n|switch|p1a: Grapploct|Grapploct, M|100\/100\n|move|p2a: Garchomp|Crunch|p1a: Grapploct\n|-resisted|p1a: Grapploct\n|-damage|p1a: Grapploct|93\/100\n|\n|-heal|p1a: Grapploct|99\/100|[from] item: Leftovers\n|-damage|p2a: Garchomp|88\/100 brn|[from] brn\n|upkeep\n|turn|11\n|\n|t:|1698760842\n|move|p2a: Garchomp|Earthquake|p1a: Grapploct\n|-damage|p1a: Grapploct|74\/100\n|move|p1a: Grapploct|Octolock|p2a: Garchomp\n|-start|p2a: Garchomp|move: Octolock|[of] p1a: Grapploct\n|\n|-heal|p1a: Grapploct|80\/100|[from] item: Leftovers\n|-damage|p2a: Garchomp|82\/100 brn|[from] brn\n|-unboost|p2a: Garchomp|def|1\n|-unboost|p2a: Garchomp|spd|1\n|upkeep\n|turn|12\n|\n|t:|1698760856\n|move|p2a: Garchomp|Crunch|p1a: Grapploct\n|-resisted|p1a: Grapploct\n|-crit|p1a: Grapploct\n|-damage|p1a: Grapploct|70\/100\n|move|p1a: Grapploct|Drain Punch|p2a: Garchomp\n|-damage|p2a: Garchomp|15\/100 brn\n|-heal|p1a: Grapploct|100\/100|[from] drain|[of] p2a: Garchomp\n|-damage|p1a: Grapploct|88\/100|[from] ability: Rough Skin|[of] p2a: Garchomp\n|-damage|p1a: Grapploct|72\/100|[from] item: Rocky Helmet|[of] p2a: Garchomp\n|\n|-heal|p1a: Grapploct|78\/100|[from] item: Leftovers\n|-damage|p2a: Garchomp|9\/100 brn|[from] brn\n|-unboost|p2a: Garchomp|def|1\n|-unboost|p2a: Garchomp|spd|1\n|upkeep\n|turn|13\n|\n|t:|1698760870\n|move|p2a: Garchomp|Crunch|p1a: Grapploct\n|-resisted|p1a: Grapploct\n|-damage|p1a: Grapploct|71\/100\n|move|p1a: Grapploct|Octolock||[still]\n|-fail|p1a: Grapploct\n|\n|-heal|p1a: Grapploct|77\/100|[from] item: Leftovers\n|-damage|p2a: Garchomp|2\/100 brn|[from] brn\n|-unboost|p2a: Garchomp|def|1\n|-unboost|p2a: Garchomp|spd|1\n|upkeep\n|turn|14\n|\n|t:|1698760879\n|move|p2a: Garchomp|Earthquake|p1a: Grapploct\n|-damage|p1a: Grapploct|51\/100\n|move|p1a: Grapploct|Octolock||[still]\n|-fail|p1a: Grapploct\n|\n|-heal|p1a: Grapploct|57\/100|[from] item: Leftovers\n|-damage|p2a: Garchomp|0 fnt|[from] brn\n|faint|p2a: Garchomp\n|upkeep\n|-message|BoaTheConstrictor forfeited.\n|\n|win|Gtg g u2\n|raw|Gtg g u2's rating: 1081 &rarr; <strong>1109<\/strong><br \/>(+28 for winning)\n|raw|BoaTheConstrictor's rating: 1080 &rarr; <strong>1058<\/strong><br \/>(-22 for losing)\n|l|\u203dBoaTheConstrictor\n","uploadtime":1698760895,"views":6,"p1id":"gtggu2","p2id":"boatheconstrictor","formatid":"gen9nationaldexubers","rating":1058,"private":0,"password":""}