{"id":"gen9nationaldexubers-1988410765","p1":"yamanclash","p2":"Yihwach","format":"[Gen 9] National Dex Ubers","log":"|j|\u2606yamanclash\n|j|\u2606Yihwach\n|t:|1699719941\n|gametype|singles\n|player|p1|yamanclash|102|1157\n|player|p2|Yihwach|darach-caitlin|1088\n|teamsize|p1|6\n|teamsize|p2|6\n|gen|9\n|tier|[Gen 9] National Dex Ubers\n|rated|\n|rule|HP Percentage Mod: HP is shown in percentages\n|rule|Endless Battle Clause: Forcing endless battles is banned\n|rule|OHKO Clause: OHKO moves are banned\n|rule|Evasion Moves Clause: Evasion moves are banned\n|rule|Evasion Items Clause: Evasion items are banned\n|rule|Species Clause: Limit one of each Pok\u00e9mon\n|rule|Sleep Clause Mod: Limit one foe put to sleep\n|rule|Mega Rayquaza Clause: You cannot mega evolve Rayquaza\n|clearpoke\n|poke|p1|Aegislash, F|\n|poke|p1|Gholdengo|\n|poke|p1|Gallade, M|\n|poke|p1|Tinkaton, F|\n|poke|p1|Revavroom, M|\n|poke|p1|Scream Tail|\n|poke|p2|Marshtomp, F|\n|poke|p2|Breloom, M|\n|poke|p2|Iron Valiant|\n|poke|p2|Manectric, F|\n|poke|p2|Absol, F|\n|poke|p2|Roaring Moon|\n|teampreview\n|inactive|Battle timer is ON: inactive players will automatically lose when time's up. (requested by yamanclash)\n|\n|t:|1699719988\n|start\n|switch|p1a: Tinkaton|Tinkaton, F|100\/100\n|switch|p2a: Marshtomp|Marshtomp, F|100\/100\n|turn|1\n|\n|t:|1699719994\n|move|p1a: Tinkaton|Fake Out|p2a: Marshtomp\n|-damage|p2a: Marshtomp|93\/100\n|cant|p2a: Marshtomp|flinch\n|\n|upkeep\n|turn|2\n|\n|t:|1699720001\n|move|p1a: Tinkaton|Knock Off|p2a: Marshtomp\n|-damage|p2a: Marshtomp|75\/100\n|-enditem|p2a: Marshtomp|Eviolite|[from] move: Knock Off|[of] p1a: Tinkaton\n|move|p2a: Marshtomp|Stealth Rock|p1a: Tinkaton\n|-sidestart|p1: yamanclash|move: Stealth Rock\n|\n|upkeep\n|turn|3\n|\n|t:|1699720018\n|move|p1a: Tinkaton|Encore|p2a: Marshtomp\n|-start|p2a: Marshtomp|Encore\n|move|p2a: Marshtomp|Stealth Rock||[still]\n|-fail|p2a: Marshtomp\n|\n|upkeep\n|turn|4\n|\n|t:|1699720042\n|move|p1a: Tinkaton|Gigaton Hammer|p2a: Marshtomp\n|-resisted|p2a: Marshtomp\n|-damage|p2a: Marshtomp|42\/100\n|move|p2a: Marshtomp|Stealth Rock||[still]\n|-fail|p2a: Marshtomp\n|\n|upkeep\n|turn|5\n|\n|t:|1699720049\n|move|p1a: Tinkaton|Knock Off|p2a: Marshtomp\n|-damage|p2a: Marshtomp|24\/100\n|move|p2a: Marshtomp|Stealth Rock||[still]\n|-fail|p2a: Marshtomp\n|\n|-end|p2a: Marshtomp|Encore\n|upkeep\n|turn|6\n|inactive|Yihwach has 120 seconds left.\n|\n|t:|1699720101\n|move|p1a: Tinkaton|Gigaton Hammer|p2a: Marshtomp\n|-resisted|p2a: Marshtomp\n|-damage|p2a: Marshtomp|0 fnt\n|faint|p2a: Marshtomp\n|\n|upkeep\n|inactive|Yihwach has 90 seconds left.\n|\n|t:|1699720115\n|switch|p2a: Absol|Absol, F|100\/100\n|turn|7\n|\n|t:|1699720122\n|detailschange|p2a: Absol|Absol-Mega, F\n|-mega|p2a: Absol|Absol|Absolite\n|move|p2a: Absol|Fire Blast|p1a: Tinkaton\n|-supereffective|p1a: Tinkaton\n|-damage|p1a: Tinkaton|40\/100\n|move|p1a: Tinkaton|Knock Off|p2a: Absol\n|-resisted|p2a: Absol\n|-damage|p2a: Absol|84\/100\n|\n|upkeep\n|turn|8\n|\n|t:|1699720137\n|move|p2a: Absol|Fire Blast|p1a: Tinkaton\n|-supereffective|p1a: Tinkaton\n|-damage|p1a: Tinkaton|0 fnt\n|faint|p1a: Tinkaton\n|\n|upkeep\n|\n|t:|1699720149\n|switch|p1a: Gallade|Gallade, M|100\/100\n|-damage|p1a: Gallade|94\/100|[from] Stealth Rock\n|turn|9\n|\n|t:|1699720153\n|detailschange|p1a: Gallade|Gallade-Mega, M\n|-mega|p1a: Gallade|Gallade|Galladite\n|move|p2a: Absol|Sucker Punch|p1a: Gallade\n|-damage|p1a: Gallade|42\/100\n|move|p1a: Gallade|Sacred Sword|p2a: Absol\n|-supereffective|p2a: Absol\n|-damage|p2a: Absol|0 fnt\n|faint|p2a: Absol\n|\n|upkeep\n|inactive|Yihwach has 120 seconds left.\n|\n|t:|1699720165\n|switch|p2a: Iron Valiant|Iron Valiant|100\/100\n|-enditem|p2a: Iron Valiant|Booster Energy\n|-activate|p2a: Iron Valiant|ability: Quark Drive|[fromitem]\n|-start|p2a: Iron Valiant|quarkdrivespe\n|turn|10\n|\n|t:|1699720179\n|switch|p1a: Aegislash|Aegislash, F|100\/100\n|-damage|p1a: Aegislash|94\/100|[from] Stealth Rock\n|move|p2a: Iron Valiant|Moonblast|p1a: Aegislash\n|-resisted|p1a: Aegislash\n|-damage|p1a: Aegislash|73\/100\n|\n|upkeep\n|turn|11\n|inactive|Yihwach has 120 seconds left.\n|\n|t:|1699720209\n|switch|p1a: Gholdengo|Gholdengo|100\/100\n|-damage|p1a: Gholdengo|94\/100|[from] Stealth Rock\n|move|p2a: Iron Valiant|Moonblast|p1a: Gholdengo\n|-resisted|p1a: Gholdengo\n|-damage|p1a: Gholdengo|69\/100\n|\n|upkeep\n|turn|12\n|\n|t:|1699720216\n|-terastallize|p1a: Gholdengo|Steel\n|move|p2a: Iron Valiant|Moonblast|p1a: Gholdengo\n|-resisted|p1a: Gholdengo\n|-damage|p1a: Gholdengo|44\/100\n|move|p1a: Gholdengo|Make It Rain|p2a: Iron Valiant\n|-supereffective|p2a: Iron Valiant\n|-damage|p2a: Iron Valiant|0 fnt\n|-unboost|p1a: Gholdengo|spa|1\n|faint|p2a: Iron Valiant\n|-end|p2a: Iron Valiant|Quark Drive|[silent]\n|\n|upkeep\n|\n|t:|1699720235\n|switch|p2a: Roaring Moon|Roaring Moon|100\/100\n|-enditem|p2a: Roaring Moon|Booster Energy\n|-activate|p2a: Roaring Moon|ability: Protosynthesis|[fromitem]\n|-start|p2a: Roaring Moon|protosynthesisatk\n|turn|13\n|\n|t:|1699720239\n|move|p2a: Roaring Moon|Dragon Dance|p2a: Roaring Moon\n|-boost|p2a: Roaring Moon|atk|1\n|-boost|p2a: Roaring Moon|spe|1\n|move|p1a: Gholdengo|Make It Rain|p2a: Roaring Moon\n|-damage|p2a: Roaring Moon|20\/100\n|-unboost|p1a: Gholdengo|spa|1\n|\n|upkeep\n|turn|14\n|\n|t:|1699720248\n|move|p2a: Roaring Moon|Crunch|p1a: Gholdengo\n|-damage|p1a: Gholdengo|0 fnt\n|faint|p1a: Gholdengo\n|\n|upkeep\n|\n|t:|1699720252\n|switch|p1a: Aegislash|Aegislash, F|73\/100\n|-damage|p1a: Aegislash|67\/100|[from] Stealth Rock\n|turn|15\n|\n|t:|1699720257\n|move|p2a: Roaring Moon|Crunch|p1a: Aegislash\n|-supereffective|p1a: Aegislash\n|-crit|p1a: Aegislash\n|-damage|p1a: Aegislash|0 fnt\n|faint|p1a: Aegislash\n|\n|upkeep\n|\n|t:|1699720260\n|switch|p1a: Scream Tail|Scream Tail|100\/100\n|turn|16\n|\n|t:|1699720264\n|move|p2a: Roaring Moon|Crunch|p1a: Scream Tail\n|-damage|p1a: Scream Tail|25\/100\n|move|p1a: Scream Tail|Play Rough|p2a: Roaring Moon\n|-supereffective|p2a: Roaring Moon\n|-damage|p2a: Roaring Moon|0 fnt\n|faint|p2a: Roaring Moon\n|-end|p2a: Roaring Moon|Protosynthesis|[silent]\n|\n|upkeep\n|\n|t:|1699720271\n|switch|p2a: Manectric|Manectric, F|100\/100\n|turn|17\n|\n|t:|1699720277\n|move|p1a: Scream Tail|Perish Song|p1a: Scream Tail\n|-start|p1a: Scream Tail|perish3|[silent]\n|-start|p2a: Manectric|perish3|[silent]\n|-fieldactivate|move: Perish Song\n|move|p2a: Manectric|Volt Switch|p1a: Scream Tail\n|-damage|p1a: Scream Tail|0 fnt\n|faint|p1a: Scream Tail\n|-end|p1a: Scream Tail|Protosynthesis|[silent]\n|\n|t:|1699720283\n|switch|p2a: Breloom|Breloom, M|100\/100|[from] Volt Switch\n|\n|upkeep\n|\n|t:|1699720285\n|switch|p1a: Revavroom|Revavroom, M|100\/100\n|-damage|p1a: Revavroom|95\/100|[from] Stealth Rock\n|turn|18\n|\n|t:|1699720290\n|move|p1a: Revavroom|Gunk Shot|p2a: Breloom\n|-supereffective|p2a: Breloom\n|-damage|p2a: Breloom|0 fnt\n|faint|p2a: Breloom\n|\n|upkeep\n|\n|t:|1699720293\n|switch|p2a: Manectric|Manectric, F|100\/100\n|turn|19\n|\n|t:|1699720296\n|move|p2a: Manectric|Thunderbolt|p1a: Revavroom\n|-damage|p1a: Revavroom|5\/100\n|move|p1a: Revavroom|High Horsepower|p2a: Manectric\n|-supereffective|p2a: Manectric\n|-damage|p2a: Manectric|0 fnt\n|faint|p2a: Manectric\n|\n|win|yamanclash\n|raw|yamanclash's rating: 1157 &rarr; <strong>1177<\/strong><br \/>(+20 for winning)\n|raw|Yihwach's rating: 1088 &rarr; <strong>1069<\/strong><br \/>(-19 for losing)\n|l|\u2606Yihwach\n","uploadtime":1699720306,"views":6,"p1id":"yamanclash","p2id":"yihwach","formatid":"gen9nationaldexubers","rating":1069,"private":0,"password":""}