{"id":"gen9nationaldexubers-1981389638","p1":"ShnarfyMoving","p2":"Hooby","format":"[Gen 9] National Dex Ubers","log":"|j|\u2606ShnarfyMoving\n|j|\u2606Hooby\n|t:|1698890478\n|gametype|singles\n|player|p1|ShnarfyMoving|101|\n|player|p2|Hooby|1|\n|teamsize|p1|6\n|teamsize|p2|6\n|gen|9\n|tier|[Gen 9] National Dex Ubers\n|rule|HP Percentage Mod: HP is shown in percentages\n|rule|Endless Battle Clause: Forcing endless battles is banned\n|rule|OHKO Clause: OHKO moves are banned\n|rule|Evasion Moves Clause: Evasion moves are banned\n|rule|Evasion Items Clause: Evasion items are banned\n|rule|Species Clause: Limit one of each Pok\u00e9mon\n|rule|Sleep Clause Mod: Limit one foe put to sleep\n|rule|Mega Rayquaza Clause: You cannot mega evolve Rayquaza\n|clearpoke\n|poke|p1|Magearna|\n|poke|p1|Garganacl, F|\n|poke|p1|Alakazam, F|\n|poke|p1|Urshifu-*, F|\n|poke|p1|Rotom-Heat|\n|poke|p1|Landorus-Therian, M|\n|poke|p2|Palkia-Origin|\n|poke|p2|Scizor, M|\n|poke|p2|Gyarados, M|\n|poke|p2|Ursaluna-Bloodmoon, M|\n|poke|p2|Lilligant-Hisui, F|\n|poke|p2|Blacephalon|\n|teampreview\n|\n|t:|1698890501\n|start\n|switch|p1a: Garganacl|Garganacl, F|100\/100\n|switch|p2a: Ursaluna|Ursaluna-Bloodmoon, M|100\/100\n|turn|1\n|\n|t:|1698890510\n|-terastallize|p1a: Garganacl|Flying\n|move|p2a: Ursaluna|Blood Moon|p1a: Garganacl\n|-damage|p1a: Garganacl|45\/100\n|move|p1a: Garganacl|Stealth Rock|p2a: Ursaluna\n|-sidestart|p2: Hooby|move: Stealth Rock\n|\n|-heal|p1a: Garganacl|51\/100|[from] item: Leftovers\n|upkeep\n|turn|2\n|\n|t:|1698890516\n|move|p2a: Ursaluna|Calm Mind|p2a: Ursaluna\n|-boost|p2a: Ursaluna|spa|1\n|-boost|p2a: Ursaluna|spd|1\n|move|p1a: Garganacl|Salt Cure|p2a: Ursaluna\n|-resisted|p2a: Ursaluna\n|-damage|p2a: Ursaluna|96\/100\n|-start|p2a: Ursaluna|Salt Cure\n|\n|-heal|p2a: Ursaluna|100\/100|[from] item: Leftovers\n|-heal|p1a: Garganacl|57\/100|[from] item: Leftovers\n|-damage|p2a: Ursaluna|88\/100|[from] Salt Cure\n|upkeep\n|turn|3\n|\n|t:|1698890524\n|move|p1a: Garganacl|Protect|p1a: Garganacl\n|-singleturn|p1a: Garganacl|Protect\n|move|p2a: Ursaluna|Blood Moon|p1a: Garganacl\n|-activate|p1a: Garganacl|move: Protect\n|\n|-heal|p2a: Ursaluna|94\/100|[from] item: Leftovers\n|-heal|p1a: Garganacl|63\/100|[from] item: Leftovers\n|-damage|p2a: Ursaluna|82\/100|[from] Salt Cure\n|upkeep\n|turn|4\n|\n|t:|1698890534\n|switch|p1a: Landorus|Landorus-Therian, M|100\/100\n|-ability|p1a: Landorus|Intimidate|boost\n|-unboost|p2a: Ursaluna|atk|1\n|move|p2a: Ursaluna|Calm Mind|p2a: Ursaluna\n|-boost|p2a: Ursaluna|spa|1\n|-boost|p2a: Ursaluna|spd|1\n|\n|-heal|p2a: Ursaluna|88\/100|[from] item: Leftovers\n|-damage|p2a: Ursaluna|76\/100|[from] Salt Cure\n|upkeep\n|turn|5\n|\n|t:|1698890538\n|move|p1a: Landorus|Toxic|p2a: Ursaluna\n|-status|p2a: Ursaluna|tox\n|move|p2a: Ursaluna|Blood Moon|p1a: Landorus\n|-damage|p1a: Landorus|0 fnt\n|faint|p1a: Landorus\n|\n|-heal|p2a: Ursaluna|82\/100 tox|[from] item: Leftovers\n|-damage|p2a: Ursaluna|76\/100 tox|[from] psn\n|-damage|p2a: Ursaluna|63\/100 tox|[from] Salt Cure\n|upkeep\n|\n|t:|1698890545\n|switch|p1a: Urshifu|Urshifu, F|100\/100\n|turn|6\n|\n|t:|1698890547\n|move|p1a: Urshifu|Wicked Blow|p2a: Ursaluna\n|-crit|p2a: Ursaluna\n|-damage|p2a: Ursaluna|11\/100 tox\n|move|p2a: Ursaluna|Earth Power|p1a: Urshifu\n|-damage|p1a: Urshifu|0 fnt\n|faint|p1a: Urshifu\n|\n|-heal|p2a: Ursaluna|17\/100 tox|[from] item: Leftovers\n|-damage|p2a: Ursaluna|5\/100 tox|[from] psn\n|-damage|p2a: Ursaluna|0 fnt|[from] Salt Cure\n|faint|p2a: Ursaluna\n|upkeep\n|\n|t:|1698890554\n|switch|p1a: Magearna|Magearna|100\/100\n|switch|p2a: Scizor|Scizor, M|100\/100\n|-damage|p2a: Scizor|88\/100|[from] Stealth Rock\n|turn|7\n|\n|t:|1698890557\n|detailschange|p2a: Scizor|Scizor-Mega, M\n|-mega|p2a: Scizor|Scizor|Scizorite\n|move|p2a: Scizor|Defog|p1a: Magearna\n|-unboost|p1a: Magearna|evasion|1\n|-sideend|p2: Hooby|Stealth Rock|[from] move: Defog|[of] p2a: Scizor\n|move|p1a: Magearna|Volt Switch|p2a: Scizor\n|-damage|p2a: Scizor|69\/100\n|\n|t:|1698890561\n|switch|p1a: Rotom|Rotom-Heat|100\/100|[from] Volt Switch\n|\n|upkeep\n|turn|8\n|\n|t:|1698890569\n|switch|p2a: Palkia|Palkia-Origin|100\/100\n|-ability|p2a: Palkia|Pressure\n|move|p1a: Rotom|Volt Switch|p2a: Palkia\n|-damage|p2a: Palkia|76\/100\n|\n|t:|1698890571\n|switch|p1a: Magearna|Magearna|100\/100|[from] Volt Switch\n|\n|upkeep\n|turn|9\n|\n|t:|1698890576\n|switch|p2a: Blacephalon|Blacephalon|100\/100\n|move|p1a: Magearna|Focus Blast|p2a: Blacephalon\n|-immune|p2a: Blacephalon\n|\n|upkeep\n|turn|10\n|\n|t:|1698890595\n|move|p2a: Blacephalon|Flamethrower|p1a: Magearna\n|-supereffective|p1a: Magearna\n|-damage|p1a: Magearna|58\/100\n|move|p1a: Magearna|Volt Switch|p2a: Blacephalon\n|-damage|p2a: Blacephalon|67\/100\n|\n|t:|1698890601\n|switch|p1a: Rotom|Rotom-Heat|100\/100|[from] Volt Switch\n|\n|upkeep\n|turn|11\n|\n|t:|1698890605\n|move|p2a: Blacephalon|Flamethrower|p1a: Rotom\n|-resisted|p1a: Rotom\n|-damage|p1a: Rotom|74\/100\n|move|p1a: Rotom|Discharge|p2a: Blacephalon\n|-damage|p2a: Blacephalon|22\/100\n|\n|upkeep\n|turn|12\n|\n|t:|1698890612\n|switch|p2a: Palkia|Palkia-Origin|76\/100\n|-ability|p2a: Palkia|Pressure\n|move|p1a: Rotom|Volt Switch|p2a: Palkia\n|-damage|p2a: Palkia|53\/100\n|\n|t:|1698890620\n|switch|p1a: Magearna|Magearna|58\/100|[from] Volt Switch\n|\n|upkeep\n|turn|13\n|\n|t:|1698890623\n|move|p2a: Palkia|Flamethrower|p1a: Magearna\n|-supereffective|p1a: Magearna\n|-damage|p1a: Magearna|25\/100\n|move|p1a: Magearna|Volt Switch|p2a: Palkia\n|-damage|p2a: Palkia|34\/100\n|\n|t:|1698890629\n|switch|p1a: Alakazam|Alakazam, F|100\/100|[from] Volt Switch\n|\n|upkeep\n|turn|14\n|\n|t:|1698890635\n|switch|p2a: Scizor|Scizor-Mega, M|69\/100\n|detailschange|p1a: Alakazam|Alakazam-Mega, F\n|-mega|p1a: Alakazam|Alakazam|Alakazite\n|-ability|p1a: Alakazam|Technician|[from] ability: Trace|[of] p2a: Scizor\n|move|p1a: Alakazam|Psychic|p2a: Scizor\n|-resisted|p2a: Scizor\n|-damage|p2a: Scizor|42\/100\n|\n|upkeep\n|turn|15\n|\n|t:|1698890639\n|switch|p1a: Rotom|Rotom-Heat|74\/100\n|move|p2a: Scizor|Bullet Punch|p1a: Rotom\n|-resisted|p1a: Rotom\n|-damage|p1a: Rotom|67\/100\n|\n|upkeep\n|turn|16\n|\n|t:|1698890646\n|move|p1a: Rotom|Discharge|p2a: Scizor\n|-damage|p2a: Scizor|13\/100\n|-status|p2a: Scizor|par\n|cant|p2a: Scizor|par\n|\n|upkeep\n|turn|17\n|\n|t:|1698890650\n|move|p2a: Scizor|Bullet Punch|p1a: Rotom\n|-resisted|p1a: Rotom\n|-damage|p1a: Rotom|60\/100\n|move|p1a: Rotom|Discharge|p2a: Scizor\n|-damage|p2a: Scizor|0 fnt\n|faint|p2a: Scizor\n|\n|upkeep\n|\n|t:|1698890661\n|switch|p2a: Palkia|Palkia-Origin|34\/100\n|-ability|p2a: Palkia|Pressure\n|turn|18\n|\n|t:|1698890666\n|switch|p1a: Magearna|Magearna|25\/100\n|move|p2a: Palkia|Surf|p1a: Magearna\n|-crit|p1a: Magearna\n|-damage|p1a: Magearna|0 fnt\n|faint|p1a: Magearna\n|\n|upkeep\n|\n|t:|1698890667\n|switch|p1a: Alakazam|Alakazam-Mega, F|100\/100\n|-ability|p1a: Alakazam|Pressure\n|-ability|p1a: Alakazam|Pressure|[from] ability: Trace|[of] p2a: Palkia\n|turn|19\n|\n|t:|1698890673\n|move|p1a: Alakazam|Psychic|p2a: Palkia\n|-damage|p2a: Palkia|0 fnt\n|faint|p2a: Palkia\n|\n|upkeep\n|\n|t:|1698890677\n|switch|p2a: Blacephalon|Blacephalon|22\/100\n|turn|20\n|\n|t:|1698890683\n|switch|p1a: Garganacl|Garganacl, F, tera:Flying|63\/100\n|move|p2a: Blacephalon|Shadow Ball|p1a: Garganacl\n|-damage|p1a: Garganacl|48\/100\n|\n|-heal|p1a: Garganacl|54\/100|[from] item: Leftovers\n|upkeep\n|turn|21\n|\n|t:|1698890689\n|switch|p2a: Gyarados|Gyarados, M|100\/100\n|move|p1a: Garganacl|Salt Cure|p2a: Gyarados\n|-supereffective|p2a: Gyarados\n|-damage|p2a: Gyarados|68\/100\n|-start|p2a: Gyarados|Salt Cure\n|\n|-heal|p1a: Garganacl|61\/100|[from] item: Leftovers\n|-damage|p2a: Gyarados|43\/100|[from] Salt Cure\n|upkeep\n|turn|22\n|\n|t:|1698890697\n|-terastallize|p2a: Gyarados|Ground\n|move|p2a: Gyarados|Waterfall|p1a: Garganacl\n|-damage|p1a: Garganacl|29\/100\n|move|p1a: Garganacl|Recover|p1a: Garganacl\n|-heal|p1a: Garganacl|79\/100\n|\n|-heal|p1a: Garganacl|85\/100|[from] item: Leftovers\n|-damage|p2a: Gyarados|31\/100|[from] Salt Cure\n|upkeep\n|turn|23\n|\n|t:|1698890707\n|move|p2a: Gyarados|Taunt|p1a: Garganacl\n|-start|p1a: Garganacl|move: Taunt\n|cant|p1a: Garganacl|move: Taunt|Stealth Rock\n|\n|-heal|p1a: Garganacl|91\/100|[from] item: Leftovers\n|-damage|p2a: Gyarados|18\/100|[from] Salt Cure\n|upkeep\n|turn|24\n|\n|t:|1698890709\n|move|p2a: Gyarados|Waterfall|p1a: Garganacl\n|-damage|p1a: Garganacl|61\/100\n|move|p1a: Garganacl|Salt Cure|p2a: Gyarados\n|-resisted|p2a: Gyarados\n|-damage|p2a: Gyarados|10\/100\n|\n|-heal|p1a: Garganacl|67\/100|[from] item: Leftovers\n|-damage|p2a: Gyarados|0 fnt|[from] Salt Cure\n|faint|p2a: Gyarados\n|upkeep\n|\n|t:|1698890712\n|switch|p2a: Lilligant|Lilligant-Hisui, F|100\/100\n|turn|25\n|\n|t:|1698890718\n|switch|p1a: Rotom|Rotom-Heat|60\/100\n|move|p2a: Lilligant|Victory Dance|p2a: Lilligant\n|-boost|p2a: Lilligant|atk|1\n|-boost|p2a: Lilligant|def|1\n|-boost|p2a: Lilligant|spe|1\n|\n|upkeep\n|turn|26\n|\n|t:|1698890724\n|move|p2a: Lilligant|Close Combat|p1a: Rotom\n|-damage|p1a: Rotom|0 fnt\n|-unboost|p2a: Lilligant|def|1\n|-unboost|p2a: Lilligant|spd|1\n|faint|p1a: Rotom\n|\n|upkeep\n|\n|t:|1698890727\n|switch|p1a: Garganacl|Garganacl, F, tera:Flying|67\/100\n|turn|27\n|\n|t:|1698890731\n|move|p2a: Lilligant|Ice Spinner|p1a: Garganacl\n|-supereffective|p1a: Garganacl\n|-damage|p1a: Garganacl|0 fnt\n|faint|p1a: Garganacl\n|\n|upkeep\n|\n|t:|1698890733\n|switch|p1a: Alakazam|Alakazam-Mega, F|100\/100\n|-ability|p1a: Alakazam|Hustle|[from] ability: Trace|[of] p2a: Lilligant\n|turn|28\n|\n|t:|1698890735\n|move|p2a: Lilligant|Leaf Blade|p1a: Alakazam\n|-damage|p1a: Alakazam|0 fnt\n|faint|p1a: Alakazam\n|\n|win|Hooby\n|l|\u2606ShnarfyMoving\n|c|\u2606Hooby|gg\n","uploadtime":1698890754,"views":24,"p1id":"shnarfymoving","p2id":"hooby","formatid":"gen9nationaldexubers","rating":0,"private":0,"password":""}