{"id":"gen9nationaldexubers-1978353901","p1":"MrPasteisDeNata","p2":"Swalu29","format":"[Gen 9] National Dex Ubers","log":"|j|\u2606MrPasteisDeNata\n|j|\u2606Swalu29\n|t:|1698528542\n|gametype|singles\n|player|p1|MrPasteisDeNata|grimsley|\n|player|p2|Swalu29|red|\n|teamsize|p1|6\n|teamsize|p2|6\n|gen|9\n|tier|[Gen 9] National Dex Ubers\n|rule|HP Percentage Mod: HP is shown in percentages\n|rule|Endless Battle Clause: Forcing endless battles is banned\n|rule|OHKO Clause: OHKO moves are banned\n|rule|Evasion Moves Clause: Evasion moves are banned\n|rule|Evasion Items Clause: Evasion items are banned\n|rule|Species Clause: Limit one of each Pok\u00e9mon\n|rule|Sleep Clause Mod: Limit one foe put to sleep\n|rule|Mega Rayquaza Clause: You cannot mega evolve Rayquaza\n|clearpoke\n|poke|p1|Landorus-Therian, M|\n|poke|p1|Thundurus-Therian, M|\n|poke|p1|Tornadus-Therian, M|\n|poke|p1|Zapdos-Galar|\n|poke|p1|Corviknight, F|\n|poke|p1|Dragonite, M|\n|poke|p2|Charizard, M|\n|poke|p2|Venusaur, M|\n|poke|p2|Lapras, F|\n|poke|p2|Gyarados, F|\n|poke|p2|Alakazam, F|\n|poke|p2|Rhydon, F|\n|teampreview\n|\n|t:|1698528550\n|start\n|switch|p1a: Thundurus|Thundurus-Therian, M|100\/100\n|switch|p2a: Rhydon|Rhydon, F|100\/100\n|turn|1\n|\n|t:|1698528556\n|move|p1a: Thundurus|Grass Knot|p2a: Rhydon\n|-supereffective|p2a: Rhydon\n|-enditem|p2a: Rhydon|Focus Sash\n|-damage|p2a: Rhydon|1\/100\n|-damage|p1a: Thundurus|91\/100|[from] item: Life Orb\n|move|p2a: Rhydon|Stealth Rock|p1a: Thundurus\n|-sidestart|p1: MrPasteisDeNata|move: Stealth Rock\n|\n|upkeep\n|turn|2\n|\n|t:|1698528568\n|move|p1a: Thundurus|Psychic|p2a: Rhydon\n|-damage|p2a: Rhydon|0 fnt\n|faint|p2a: Rhydon\n|-damage|p1a: Thundurus|81\/100|[from] item: Life Orb\n|\n|upkeep\n|\n|t:|1698528577\n|switch|p2a: Lapras|Lapras, F|100\/100\n|turn|3\n|\n|t:|1698528581\n|move|p1a: Thundurus|Volt Switch|p2a: Lapras\n|-supereffective|p2a: Lapras\n|-damage|p2a: Lapras|18\/100\n|-damage|p1a: Thundurus|71\/100|[from] item: Life Orb\n|\n|t:|1698528585\n|switch|p1a: Corviknight|Corviknight, F|100\/100|[from] Volt Switch\n|-damage|p1a: Corviknight|88\/100|[from] Stealth Rock\n|move|p2a: Lapras|Ice Beam|p1a: Corviknight\n|-damage|p1a: Corviknight|58\/100\n|\n|upkeep\n|turn|4\n|\n|t:|1698528593\n|move|p1a: Corviknight|Defog|p2a: Lapras\n|-unboost|p2a: Lapras|evasion|1\n|-sideend|p1: MrPasteisDeNata|Stealth Rock|[from] move: Defog|[of] p1a: Corviknight\n|move|p2a: Lapras|Rest|p2a: Lapras\n|-status|p2a: Lapras|slp|[from] move: Rest\n|-heal|p2a: Lapras|100\/100 slp|[silent]\n|-enditem|p2a: Lapras|Chesto Berry|[eat]\n|-curestatus|p2a: Lapras|slp|[msg]\n|\n|upkeep\n|turn|5\n|\n|t:|1698528661\n|move|p1a: Corviknight|U-turn|p2a: Lapras\n|-damage|p2a: Lapras|82\/100\n|\n|t:|1698528668\n|switch|p1a: Zapdos|Zapdos-Galar|100\/100|[from] U-turn\n|move|p2a: Lapras|Thunderbolt|p1a: Zapdos\n|-supereffective|p1a: Zapdos\n|-damage|p1a: Zapdos|54\/100\n|\n|upkeep\n|turn|6\n|\n|t:|1698528677\n|move|p1a: Zapdos|Thunderous Kick|p2a: Lapras\n|-supereffective|p2a: Lapras\n|-damage|p2a: Lapras|3\/100\n|-unboost|p2a: Lapras|def|1\n|move|p2a: Lapras|Ice Beam|p1a: Zapdos\n|-supereffective|p1a: Zapdos\n|-damage|p1a: Zapdos|0 fnt\n|faint|p1a: Zapdos\n|\n|upkeep\n|\n|t:|1698528691\n|switch|p1a: Thundurus|Thundurus-Therian, M|71\/100\n|turn|7\n|\n|t:|1698528700\n|move|p1a: Thundurus|Volt Switch|p2a: Lapras\n|-supereffective|p2a: Lapras\n|-damage|p2a: Lapras|0 fnt\n|faint|p2a: Lapras\n|-damage|p1a: Thundurus|62\/100|[from] item: Life Orb\n|\n|t:|1698528708\n|switch|p1a: Tornadus|Tornadus-Therian, M|100\/100|[from] Volt Switch\n|\n|upkeep\n|\n|t:|1698528719\n|switch|p2a: Gyarados|Gyarados, F, shiny|100\/100\n|turn|8\n|\n|t:|1698528723\n|move|p1a: Tornadus|Nasty Plot|p1a: Tornadus\n|-boost|p1a: Tornadus|spa|2\n|move|p2a: Gyarados|Dragon Dance|p2a: Gyarados\n|-boost|p2a: Gyarados|atk|1\n|-boost|p2a: Gyarados|spe|1\n|\n|upkeep\n|turn|9\n|\n|t:|1698528731\n|move|p2a: Gyarados|Waterfall|p1a: Tornadus\n|-damage|p1a: Tornadus|4\/100\n|cant|p1a: Tornadus|flinch\n|\n|upkeep\n|turn|10\n|\n|t:|1698528735\n|move|p2a: Gyarados|Waterfall|p1a: Tornadus\n|-damage|p1a: Tornadus|0 fnt\n|faint|p1a: Tornadus\n|-ability|p2a: Gyarados|Moxie|boost\n|-boost|p2a: Gyarados|atk|1\n|\n|upkeep\n|\n|t:|1698528756\n|switch|p1a: Thundurus|Thundurus-Therian, M|62\/100\n|turn|11\n|\n|t:|1698528760\n|move|p2a: Gyarados|Waterfall|p1a: Thundurus\n|-damage|p1a: Thundurus|0 fnt\n|faint|p1a: Thundurus\n|-ability|p2a: Gyarados|Moxie|boost\n|-boost|p2a: Gyarados|atk|1\n|\n|upkeep\n|\n|t:|1698528766\n|switch|p1a: Dragonite|Dragonite, M, shiny|100\/100\n|turn|12\n|\n|t:|1698528773\n|move|p2a: Gyarados|Waterfall|p1a: Dragonite\n|-resisted|p1a: Dragonite\n|-damage|p1a: Dragonite|71\/100\n|move|p1a: Dragonite|Outrage|p2a: Gyarados\n|-damage|p2a: Gyarados|14\/100\n|\n|-heal|p2a: Gyarados|20\/100|[from] item: Leftovers\n|upkeep\n|turn|13\n|\n|t:|1698528782\n|move|p2a: Gyarados|Waterfall|p1a: Dragonite\n|-resisted|p1a: Dragonite\n|-damage|p1a: Dragonite|7\/100\n|move|p1a: Dragonite|Outrage|p2a: Gyarados|[from]lockedmove\n|-damage|p2a: Gyarados|0 fnt\n|faint|p2a: Gyarados\n|\n|upkeep\n|\n|t:|1698528789\n|switch|p2a: Venusaur|Venusaur, M|100\/100\n|turn|14\n|\n|t:|1698528798\n|move|p1a: Dragonite|Outrage|p2a: Venusaur|[from]lockedmove\n|-damage|p2a: Venusaur|17\/100\n|-start|p1a: Dragonite|confusion|[fatigue]\n|move|p2a: Venusaur|Hidden Power|p1a: Dragonite\n|-resisted|p1a: Dragonite\n|-damage|p1a: Dragonite|0 fnt\n|faint|p1a: Dragonite\n|-damage|p2a: Venusaur|7\/100|[from] item: Life Orb\n|\n|upkeep\n|\n|t:|1698528807\n|switch|p1a: Landorus|Landorus-Therian, M|100\/100\n|-ability|p1a: Landorus|Intimidate|boost\n|-unboost|p2a: Venusaur|atk|1\n|turn|15\n|\n|t:|1698528815\n|move|p1a: Landorus|Earthquake|p2a: Venusaur\n|-damage|p2a: Venusaur|0 fnt\n|faint|p2a: Venusaur\n|-damage|p1a: Landorus|91\/100|[from] item: Life Orb\n|\n|upkeep\n|\n|t:|1698528822\n|switch|p2a: Alakazam|Alakazam, F|100\/100\n|turn|16\n|\n|t:|1698528886\n|move|p2a: Alakazam|Psychic|p1a: Landorus\n|-damage|p1a: Landorus|40\/100\n|move|p1a: Landorus|Earthquake|p2a: Alakazam\n|-damage|p2a: Alakazam|0 fnt\n|faint|p2a: Alakazam\n|-damage|p1a: Landorus|30\/100|[from] item: Life Orb\n|\n|upkeep\n|\n|t:|1698528895\n|switch|p2a: Charizard|Charizard, M|100\/100\n|turn|17\n|\n|t:|1698528904\n|move|p2a: Charizard|Fire Blast|p1a: Landorus\n|-damage|p1a: Landorus|0 fnt\n|faint|p1a: Landorus\n|\n|upkeep\n|\n|t:|1698528909\n|switch|p1a: Corviknight|Corviknight, F|58\/100\n|turn|18\n|\n|t:|1698528911\n|move|p2a: Charizard|Fire Blast|p1a: Corviknight\n|-supereffective|p1a: Corviknight\n|-damage|p1a: Corviknight|0 fnt\n|faint|p1a: Corviknight\n|\n|win|Swalu29\n|l|\u2606MrPasteisDeNata\n|l|\u2606Swalu29\n|j|\u2606Swalu29\n|player|p2|Swalu29|red\n","uploadtime":1698528937,"views":7,"p1id":"mrpasteisdenata","p2id":"swalu29","formatid":"gen9nationaldexubers","rating":0,"private":0,"password":""}