{"id":"gen9nationaldexubers-1985431019","p1":"1tsyu","p2":"Seabassmanmanman","format":"[Gen 9] National Dex Ubers","log":"|j|\u26061tsyu\n|j|\u2606Seabassmanmanman\n|t:|1699374110\n|gametype|singles\n|player|p1|1tsyu|steven|1237\n|player|p2|Seabassmanmanman|ballguy|1222\n|teamsize|p1|6\n|teamsize|p2|6\n|gen|9\n|tier|[Gen 9] National Dex Ubers\n|rated|\n|rule|HP Percentage Mod: HP is shown in percentages\n|rule|Endless Battle Clause: Forcing endless battles is banned\n|rule|OHKO Clause: OHKO moves are banned\n|rule|Evasion Moves Clause: Evasion moves are banned\n|rule|Evasion Items Clause: Evasion items are banned\n|rule|Species Clause: Limit one of each Pok\u00e9mon\n|rule|Sleep Clause Mod: Limit one foe put to sleep\n|rule|Mega Rayquaza Clause: You cannot mega evolve Rayquaza\n|clearpoke\n|poke|p1|Glaceon, F|\n|poke|p1|Chien-Pao|\n|poke|p1|Absol, M|\n|poke|p1|Corviknight, M|\n|poke|p1|Mr. Rime, M|\n|poke|p1|Lugia|\n|poke|p2|Annihilape, M|\n|poke|p2|Dracovish|\n|poke|p2|Shuckle, M|\n|poke|p2|Zacian-*|\n|poke|p2|Regieleki|\n|poke|p2|Rayquaza|\n|teampreview\n|inactive|Battle timer is ON: inactive players will automatically lose when time's up. (requested by Seabassmanmanman)\n|\n|t:|1699374125\n|start\n|switch|p1a: Absol|Absol, M|100\/100\n|switch|p2a: Shuckle|Shuckle, M|100\/100\n|turn|1\n|\n|t:|1699374127\n|detailschange|p1a: Absol|Absol-Mega, M\n|-mega|p1a: Absol|Absol|Absolite\n|move|p1a: Absol|Swords Dance|p1a: Absol\n|-boost|p1a: Absol|atk|2\n|move|p2a: Shuckle|Sticky Web|p1a: Absol\n|move|p1a: Absol|Sticky Web|p2a: Shuckle|[from]ability: Magic Bounce\n|-sidestart|p2: Seabassmanmanman|move: Sticky Web\n|\n|upkeep\n|turn|2\n|c|\u2606Seabassmanmanman|Fuck\n|\n|t:|1699374136\n|switch|p2a: Zacian|Zacian-Crowned|100\/100\n|-activate|p2a: Zacian|move: Sticky Web\n|-unboost|p2a: Zacian|spe|1\n|-ability|p2a: Zacian|Intrepid Sword|boost\n|-boost|p2a: Zacian|atk|1\n|move|p1a: Absol|Swords Dance|p1a: Absol\n|-boost|p1a: Absol|atk|2\n|\n|upkeep\n|turn|3\n|\n|t:|1699374145\n|move|p1a: Absol|Sucker Punch|p2a: Zacian\n|-resisted|p2a: Zacian\n|-damage|p2a: Zacian|47\/100\n|move|p2a: Zacian|Play Rough|p1a: Absol\n|-supereffective|p1a: Absol\n|-crit|p1a: Absol\n|-damage|p1a: Absol|0 fnt\n|faint|p1a: Absol\n|\n|upkeep\n|\n|t:|1699374162\n|switch|p1a: Corviknight|Corviknight, M|100\/100\n|turn|4\n|\n|t:|1699374169\n|move|p2a: Zacian|Sacred Sword|p1a: Corviknight\n|-damage|p1a: Corviknight|66\/100\n|-damage|p2a: Zacian|31\/100|[from] item: Rocky Helmet|[of] p1a: Corviknight\n|move|p1a: Corviknight|Body Press|p2a: Zacian\n|-damage|p2a: Zacian|10\/100\n|\n|upkeep\n|turn|5\n|\n|t:|1699374195\n|switch|p2a: Dracovish|Dracovish|100\/100\n|-activate|p2a: Dracovish|move: Sticky Web\n|-unboost|p2a: Dracovish|spe|1\n|move|p1a: Corviknight|Roost|p1a: Corviknight\n|-heal|p1a: Corviknight|100\/100\n|-singleturn|p1a: Corviknight|move: Roost\n|\n|upkeep\n|turn|6\n|\n|t:|1699374207\n|move|p2a: Dracovish|Outrage|p1a: Corviknight\n|-resisted|p1a: Corviknight\n|-damage|p1a: Corviknight|85\/100\n|-damage|p2a: Dracovish|84\/100|[from] item: Rocky Helmet|[of] p1a: Corviknight\n|move|p1a: Corviknight|Iron Defense|p1a: Corviknight\n|-boost|p1a: Corviknight|def|2\n|\n|upkeep\n|turn|7\n|\n|t:|1699374215\n|move|p2a: Dracovish|Outrage|p1a: Corviknight|[from]lockedmove\n|-resisted|p1a: Corviknight\n|-damage|p1a: Corviknight|77\/100\n|-damage|p2a: Dracovish|68\/100|[from] item: Rocky Helmet|[of] p1a: Corviknight\n|-start|p2a: Dracovish|confusion|[fatigue]\n|move|p1a: Corviknight|Iron Defense|p1a: Corviknight\n|-boost|p1a: Corviknight|def|2\n|\n|upkeep\n|turn|8\n|\n|t:|1699374218\n|switch|p2a: Regieleki|Regieleki|100\/100\n|-activate|p2a: Regieleki|move: Sticky Web\n|-unboost|p2a: Regieleki|spe|1\n|move|p1a: Corviknight|Body Press|p2a: Regieleki\n|-damage|p2a: Regieleki|0 fnt\n|faint|p2a: Regieleki\n|\n|upkeep\n|c|\u2606Seabassmanmanman|Fuuuuuuck\n|\n|t:|1699374226\n|switch|p2a: Shuckle|Shuckle, M|100\/100\n|-activate|p2a: Shuckle|move: Sticky Web\n|-unboost|p2a: Shuckle|spe|1\n|turn|9\n|\n|t:|1699374230\n|move|p1a: Corviknight|Iron Defense|p1a: Corviknight\n|-boost|p1a: Corviknight|def|2\n|move|p2a: Shuckle|Sticky Web|p1a: Corviknight\n|-sidestart|p1: 1tsyu|move: Sticky Web\n|\n|upkeep\n|turn|10\n|\n|t:|1699374232\n|move|p1a: Corviknight|Body Press|p2a: Shuckle\n|-damage|p2a: Shuckle|29\/100\n|move|p2a: Shuckle|Stealth Rock|p1a: Corviknight\n|-sidestart|p1: 1tsyu|move: Stealth Rock\n|\n|upkeep\n|turn|11\n|\n|t:|1699374236\n|move|p1a: Corviknight|Body Press|p2a: Shuckle\n|-damage|p2a: Shuckle|0 fnt\n|faint|p2a: Shuckle\n|\n|upkeep\n|\n|t:|1699374245\n|switch|p2a: Rayquaza|Rayquaza, shiny|100\/100\n|-ability|p2a: Rayquaza|Air Lock\n|turn|12\n|\n|t:|1699374253\n|move|p2a: Rayquaza|Draco Meteor|p1a: Corviknight\n|-resisted|p1a: Corviknight\n|-damage|p1a: Corviknight|39\/100\n|-unboost|p2a: Rayquaza|spa|2\n|-damage|p2a: Rayquaza|91\/100|[from] item: Life Orb\n|move|p1a: Corviknight|Roost|p1a: Corviknight\n|-heal|p1a: Corviknight|89\/100\n|-singleturn|p1a: Corviknight|move: Roost\n|\n|upkeep\n|turn|13\n|\n|t:|1699374262\n|-terastallize|p2a: Rayquaza|Dragon\n|move|p2a: Rayquaza|Draco Meteor|p1a: Corviknight\n|-resisted|p1a: Corviknight\n|-damage|p1a: Corviknight|61\/100\n|-unboost|p2a: Rayquaza|spa|2\n|-damage|p2a: Rayquaza|81\/100|[from] item: Life Orb\n|move|p1a: Corviknight|Roost|p1a: Corviknight\n|-heal|p1a: Corviknight|100\/100\n|-singleturn|p1a: Corviknight|move: Roost\n|\n|upkeep\n|turn|14\n|\n|t:|1699374268\n|move|p2a: Rayquaza|Ancient Power|p1a: Corviknight\n|-damage|p1a: Corviknight|93\/100\n|-damage|p2a: Rayquaza|71\/100|[from] item: Life Orb\n|move|p1a: Corviknight|Body Press|p2a: Rayquaza\n|-damage|p2a: Rayquaza|0 fnt\n|faint|p2a: Rayquaza\n|\n|upkeep\n|\n|t:|1699374273\n|switch|p2a: Zacian|Zacian-Crowned|10\/100\n|-activate|p2a: Zacian|move: Sticky Web\n|-unboost|p2a: Zacian|spe|1\n|turn|15\n|\n|t:|1699374275\n|move|p2a: Zacian|Sacred Sword|p1a: Corviknight\n|-damage|p1a: Corviknight|68\/100\n|-damage|p2a: Zacian|0 fnt|[from] item: Rocky Helmet|[of] p1a: Corviknight\n|faint|p2a: Zacian\n|move|p1a: Corviknight|Roost|p1a: Corviknight\n|-heal|p1a: Corviknight|100\/100\n|-singleturn|p1a: Corviknight|move: Roost\n|\n|upkeep\n|\n|t:|1699374278\n|switch|p2a: Dracovish|Dracovish|68\/100\n|-activate|p2a: Dracovish|move: Sticky Web\n|-unboost|p2a: Dracovish|spe|1\n|turn|16\n|\n|t:|1699374281\n|move|p2a: Dracovish|Ice Fang|p1a: Corviknight\n|-damage|p1a: Corviknight|95\/100\n|-damage|p2a: Dracovish|51\/100|[from] item: Rocky Helmet|[of] p1a: Corviknight\n|move|p1a: Corviknight|Body Press|p2a: Dracovish\n|-damage|p2a: Dracovish|0 fnt\n|faint|p2a: Dracovish\n|\n|upkeep\n|\n|t:|1699374284\n|switch|p2a: Annihilape|Annihilape, M, shiny|100\/100\n|-activate|p2a: Annihilape|move: Sticky Web\n|-unboost|p2a: Annihilape|spe|1\n|turn|17\n|\n|t:|1699374286\n|move|p1a: Corviknight|Brave Bird|p2a: Annihilape\n|-supereffective|p2a: Annihilape\n|-damage|p2a: Annihilape|23\/100\n|-damage|p1a: Corviknight|67\/100|[from] Recoil\n|move|p2a: Annihilape|Drain Punch|p1a: Corviknight\n|-damage|p1a: Corviknight|60\/100\n|-heal|p2a: Annihilape|25\/100|[from] drain|[of] p1a: Corviknight\n|-damage|p2a: Annihilape|9\/100|[from] item: Rocky Helmet|[of] p1a: Corviknight\n|\n|-heal|p2a: Annihilape|15\/100|[from] item: Leftovers\n|upkeep\n|turn|18\n|\n|t:|1699374289\n|move|p1a: Corviknight|Brave Bird|p2a: Annihilape\n|-supereffective|p2a: Annihilape\n|-damage|p2a: Annihilape|0 fnt\n|faint|p2a: Annihilape\n|-damage|p1a: Corviknight|55\/100|[from] Recoil\n|\n|win|1tsyu\n|raw|1tsyu's rating: 1237 &rarr; <strong>1261<\/strong><br \/>(+24 for winning)\n|raw|Seabassmanmanman's rating: 1222 &rarr; <strong>1198<\/strong><br \/>(-24 for losing)\n|l|\u26061tsyu\n","uploadtime":1699374294,"views":7,"p1id":"1tsyu","p2id":"seabassmanmanman","formatid":"gen9nationaldexubers","rating":1198,"private":0,"password":""}