{"id":"gen9nationaldexubers-1981512510","p1":"DingDongItsBayley","p2":"Cards of Ace","format":"[Gen 9] National Dex Ubers","log":"|j|\u2606DingDongItsBayley\n|j|\u2606Cards of Ace\n|t:|1698909881\n|gametype|singles\n|player|p1|DingDongItsBayley|clair|1000\n|player|p2|Cards of Ace|2|1000\n|teamsize|p1|6\n|teamsize|p2|6\n|gen|9\n|tier|[Gen 9] National Dex Ubers\n|rated|\n|rule|HP Percentage Mod: HP is shown in percentages\n|rule|Endless Battle Clause: Forcing endless battles is banned\n|rule|OHKO Clause: OHKO moves are banned\n|rule|Evasion Moves Clause: Evasion moves are banned\n|rule|Evasion Items Clause: Evasion items are banned\n|rule|Species Clause: Limit one of each Pok\u00e9mon\n|rule|Sleep Clause Mod: Limit one foe put to sleep\n|rule|Mega Rayquaza Clause: You cannot mega evolve Rayquaza\n|clearpoke\n|poke|p1|Blastoise, M|\n|poke|p1|Zamazenta-*|\n|poke|p1|Yveltal|\n|poke|p1|Skeledirge, F|\n|poke|p1|Kyogre|\n|poke|p1|Cinderace, M|\n|poke|p2|Smeargle, F|\n|poke|p2|Palafin, F|\n|poke|p2|Luxray, M|\n|poke|p2|Hitmontop, M|\n|poke|p2|Masquerain, F|\n|poke|p2|Wyrdeer, F|\n|teampreview\n|\n|t:|1698909891\n|start\n|switch|p1a: Yveltal|Yveltal|100\/100\n|switch|p2a: Masquerain|Masquerain, F|100\/100\n|-ability|p1a: Yveltal|Dark Aura\n|-ability|p2a: Masquerain|Intimidate|boost\n|-unboost|p1a: Yveltal|atk|1\n|turn|1\n|\n|t:|1698909895\n|move|p1a: Yveltal|Dark Pulse|p2a: Masquerain\n|-enditem|p2a: Masquerain|Focus Sash\n|-damage|p2a: Masquerain|1\/100\n|cant|p2a: Masquerain|flinch\n|\n|upkeep\n|turn|2\n|\n|t:|1698909899\n|move|p1a: Yveltal|Dark Pulse|p2a: Masquerain\n|-damage|p2a: Masquerain|0 fnt\n|faint|p2a: Masquerain\n|\n|upkeep\n|\n|t:|1698909902\n|switch|p2a: Smeargle|Smeargle, F|100\/100\n|turn|3\n|\n|t:|1698909904\n|move|p1a: Yveltal|Dark Pulse|p2a: Smeargle\n|-enditem|p2a: Smeargle|Focus Sash\n|-damage|p2a: Smeargle|1\/100\n|move|p2a: Smeargle|Sticky Web|p1a: Yveltal\n|-sidestart|p1: DingDongItsBayley|move: Sticky Web\n|\n|upkeep\n|turn|4\n|\n|t:|1698909908\n|move|p1a: Yveltal|Dark Pulse|p2a: Smeargle\n|-damage|p2a: Smeargle|0 fnt\n|faint|p2a: Smeargle\n|\n|upkeep\n|\n|t:|1698909911\n|switch|p2a: Palafin|Palafin, F|100\/100\n|turn|5\n|\n|t:|1698909914\n|detailschange|p2a: Palafin|Palafin-Hero, F\n|switch|p2a: Luxray|Luxray, M|100\/100\n|-ability|p2a: Luxray|Intimidate|boost\n|-unboost|p1a: Yveltal|atk|1\n|move|p1a: Yveltal|Dark Pulse|p2a: Luxray\n|-damage|p2a: Luxray|1\/100\n|\n|upkeep\n|turn|6\n|\n|t:|1698909918\n|move|p1a: Yveltal|Dark Pulse|p2a: Luxray\n|-damage|p2a: Luxray|0 fnt\n|faint|p2a: Luxray\n|\n|upkeep\n|\n|t:|1698909920\n|switch|p2a: Palafin|Palafin-Hero, F|100\/100\n|-activate|p2a: Palafin|ability: Zero to Hero\n|turn|7\n|\n|t:|1698909927\n|-terastallize|p1a: Yveltal|Dark\n|move|p2a: Palafin|Bulk Up|p2a: Palafin\n|-boost|p2a: Palafin|atk|1\n|-boost|p2a: Palafin|def|1\n|move|p1a: Yveltal|Dark Pulse|p2a: Palafin\n|-damage|p2a: Palafin|0 fnt\n|faint|p2a: Palafin\n|\n|upkeep\n|\n|t:|1698909931\n|switch|p2a: Hitmontop|Hitmontop, M|100\/100\n|-ability|p2a: Hitmontop|Intimidate|boost\n|-unboost|p1a: Yveltal|atk|1\n|turn|8\n|\n|t:|1698909933\n|move|p1a: Yveltal|Dark Pulse|p2a: Hitmontop\n|-resisted|p2a: Hitmontop\n|-damage|p2a: Hitmontop|41\/100\n|cant|p2a: Hitmontop|flinch\n|\n|upkeep\n|turn|9\n|\n|t:|1698909936\n|move|p1a: Yveltal|Dark Pulse|p2a: Hitmontop\n|-resisted|p2a: Hitmontop\n|-crit|p2a: Hitmontop\n|-damage|p2a: Hitmontop|0 fnt\n|faint|p2a: Hitmontop\n|\n|upkeep\n|\n|t:|1698909941\n|switch|p2a: Wyrdeer|Wyrdeer, F|100\/100\n|-ability|p2a: Wyrdeer|Intimidate|boost\n|-unboost|p1a: Yveltal|atk|1\n|turn|10\n|\n|t:|1698909944\n|move|p2a: Wyrdeer|Sucker Punch|p1a: Yveltal\n|-resisted|p1a: Yveltal\n|-damage|p1a: Yveltal|84\/100\n|move|p1a: Yveltal|Dark Pulse|p2a: Wyrdeer\n|-supereffective|p2a: Wyrdeer\n|-damage|p2a: Wyrdeer|0 fnt\n|faint|p2a: Wyrdeer\n|\n|win|DingDongItsBayley\n|raw|DingDongItsBayley's rating: 1000 &rarr; <strong>1040<\/strong><br \/>(+40 for winning)\n|raw|Cards of Ace's rating: 1000 &rarr; <strong>1000<\/strong><br \/>(+0 for losing)\n|l|\u2606Cards of Ace\n","uploadtime":1698909987,"views":7,"p1id":"dingdongitsbayley","p2id":"cardsoface","formatid":"gen9nationaldexubers","rating":1000,"private":0,"password":""}