{"id":"gen9nationaldexubers-1990986856","p1":"Arnaenaed \u223e","p2":"DracoAxel","format":"[Gen 9] National Dex Ubers","log":"|j|\u2606Arnaenaed \u223e\n|j|\u2606DracoAxel\n|t:|1700023716\n|gametype|singles\n|player|p1|Arnaenaed \u223e|raihan|\n|player|p2|DracoAxel|nate|\n|teamsize|p1|6\n|teamsize|p2|6\n|gen|9\n|tier|[Gen 9] National Dex Ubers\n|rule|HP Percentage Mod: HP is shown in percentages\n|rule|Endless Battle Clause: Forcing endless battles is banned\n|rule|OHKO Clause: OHKO moves are banned\n|rule|Evasion Moves Clause: Evasion moves are banned\n|rule|Evasion Items Clause: Evasion items are banned\n|rule|Species Clause: Limit one of each Pok\u00e9mon\n|rule|Sleep Clause Mod: Limit one foe put to sleep\n|rule|Mega Rayquaza Clause: You cannot mega evolve Rayquaza\n|clearpoke\n|poke|p1|Dracovish|\n|poke|p1|Basculegion, M|\n|poke|p1|Pelipper, M|\n|poke|p1|Greninja-*, M|\n|poke|p1|Metagross|\n|poke|p1|Amoonguss, F|\n|poke|p2|Urshifu-*, M|\n|poke|p2|Xurkitree|\n|poke|p2|Palafin, F|\n|poke|p2|Pinsir, M|\n|poke|p2|Garchomp, M|\n|poke|p2|Blacephalon|\n|teampreview\n|\n|t:|1700023735\n|start\n|switch|p1a: Pelipper|Pelipper, M|100\/100\n|switch|p2a: Palafin|Palafin, F|100\/100\n|-weather|RainDance|[from] ability: Drizzle|[of] p1a: Pelipper\n|turn|1\n|\n|t:|1700023745\n|detailschange|p2a: Palafin|Palafin-Hero, F\n|switch|p2a: Urshifu|Urshifu, M|100\/100\n|move|p1a: Pelipper|U-turn|p2a: Urshifu\n|-damage|p2a: Urshifu|91\/100\n|\n|t:|1700023752\n|switch|p1a: Amoonguss|Amoonguss, F|100\/100|[from] U-turn\n|\n|-weather|RainDance|[upkeep]\n|upkeep\n|turn|2\n|\n|t:|1700023793\n|move|p2a: Urshifu|Wicked Blow|p1a: Amoonguss\n|-crit|p1a: Amoonguss\n|-damage|p1a: Amoonguss|36\/100\n|move|p1a: Amoonguss|Toxic|p2a: Urshifu\n|-status|p2a: Urshifu|tox\n|\n|-weather|RainDance|[upkeep]\n|-heal|p1a: Amoonguss|42\/100|[from] item: Leftovers\n|-damage|p2a: Urshifu|85\/100 tox|[from] psn\n|upkeep\n|turn|3\n|\n|t:|1700023804\n|switch|p1a: Greninja|Greninja, M|100\/100\n|move|p2a: Urshifu|Wicked Blow|p1a: Greninja\n|-resisted|p1a: Greninja\n|-crit|p1a: Greninja\n|-damage|p1a: Greninja|45\/100\n|\n|-weather|RainDance|[upkeep]\n|-damage|p2a: Urshifu|73\/100 tox|[from] psn\n|upkeep\n|turn|4\n|\n|t:|1700023815\n|move|p2a: Urshifu|Wicked Blow|p1a: Greninja\n|-resisted|p1a: Greninja\n|-crit|p1a: Greninja\n|-damage|p1a: Greninja|0 fnt\n|faint|p1a: Greninja\n|\n|-weather|RainDance|[upkeep]\n|-damage|p2a: Urshifu|54\/100 tox|[from] psn\n|upkeep\n|\n|t:|1700023822\n|switch|p1a: Basculegion|Basculegion, M|100\/100\n|turn|5\n|\n|t:|1700023833\n|switch|p1a: Amoonguss|Amoonguss, F|75\/100\n|move|p2a: Urshifu|Wicked Blow|p1a: Amoonguss\n|-crit|p1a: Amoonguss\n|-damage|p1a: Amoonguss|10\/100\n|\n|-weather|RainDance|[upkeep]\n|-heal|p1a: Amoonguss|16\/100|[from] item: Leftovers\n|-damage|p2a: Urshifu|30\/100 tox|[from] psn\n|upkeep\n|turn|6\n|\n|t:|1700023839\n|move|p2a: Urshifu|Wicked Blow|p1a: Amoonguss\n|-crit|p1a: Amoonguss\n|-damage|p1a: Amoonguss|0 fnt\n|faint|p1a: Amoonguss\n|\n|-weather|RainDance|[upkeep]\n|-damage|p2a: Urshifu|0 fnt|[from] psn\n|faint|p2a: Urshifu\n|upkeep\n|\n|t:|1700023853\n|switch|p2a: Xurkitree|Xurkitree|100\/100\n|switch|p1a: Dracovish|Dracovish|100\/100\n|turn|7\n|\n|t:|1700023867\n|move|p2a: Xurkitree|Dazzling Gleam|p1a: Dracovish\n|-supereffective|p1a: Dracovish\n|-damage|p1a: Dracovish|20\/100\n|move|p1a: Dracovish|Fishious Rend|p2a: Xurkitree\n|-enditem|p2a: Xurkitree|Focus Sash\n|-damage|p2a: Xurkitree|1\/100\n|\n|-weather|RainDance|[upkeep]\n|upkeep\n|turn|8\n|\n|t:|1700023875\n|move|p2a: Xurkitree|Dazzling Gleam|p1a: Dracovish\n|-supereffective|p1a: Dracovish\n|-damage|p1a: Dracovish|0 fnt\n|faint|p1a: Dracovish\n|-ability|p2a: Xurkitree|Beast Boost|boost\n|-boost|p2a: Xurkitree|spa|1\n|\n|-weather|none\n|upkeep\n|\n|t:|1700023880\n|switch|p1a: Metagross|Metagross|100\/100\n|turn|9\n|\n|t:|1700023886\n|detailschange|p1a: Metagross|Metagross-Mega\n|-mega|p1a: Metagross|Metagross|Metagrossite\n|move|p1a: Metagross|Bullet Punch|p2a: Xurkitree\n|-resisted|p2a: Xurkitree\n|-damage|p2a: Xurkitree|0 fnt\n|faint|p2a: Xurkitree\n|\n|upkeep\n|\n|t:|1700023890\n|switch|p2a: Blacephalon|Blacephalon|100\/100\n|turn|10\n|\n|t:|1700023893\n|switch|p1a: Pelipper|Pelipper, M|100\/100\n|-weather|RainDance|[from] ability: Drizzle|[of] p1a: Pelipper\n|move|p2a: Blacephalon|Mind Blown|p1a: Pelipper\n|-resisted|p1a: Pelipper\n|-damage|p1a: Pelipper|69\/100\n|-damage|p2a: Blacephalon|50\/100|[from] mindblown\n|\n|-weather|RainDance|[upkeep]\n|upkeep\n|turn|11\n|\n|t:|1700023900\n|move|p2a: Blacephalon|Psychic|p1a: Pelipper\n|-damage|p1a: Pelipper|16\/100\n|move|p1a: Pelipper|U-turn|p2a: Blacephalon\n|-resisted|p2a: Blacephalon\n|-damage|p2a: Blacephalon|45\/100\n|\n|t:|1700023904\n|switch|p1a: Basculegion|Basculegion, M|100\/100|[from] U-turn\n|\n|-weather|RainDance|[upkeep]\n|upkeep\n|turn|12\n|\n|t:|1700023920\n|-terastallize|p1a: Basculegion|Water\n|move|p1a: Basculegion|Wave Crash|p2a: Blacephalon\n|-supereffective|p2a: Blacephalon\n|-damage|p2a: Blacephalon|0 fnt\n|faint|p2a: Blacephalon\n|-damage|p1a: Basculegion|91\/100|[from] Recoil\n|\n|-weather|RainDance|[upkeep]\n|upkeep\n|\n|t:|1700023966\n|switch|p2a: Pinsir|Pinsir, M|100\/100\n|turn|13\n|\n|t:|1700023973\n|detailschange|p2a: Pinsir|Pinsir-Mega, M\n|-mega|p2a: Pinsir|Pinsir|Pinsirite\n|move|p1a: Basculegion|Wave Crash|p2a: Pinsir\n|-damage|p2a: Pinsir|0 fnt\n|faint|p2a: Pinsir\n|-damage|p1a: Basculegion|68\/100|[from] Recoil\n|\n|-weather|RainDance|[upkeep]\n|upkeep\n|\n|t:|1700023979\n|switch|p2a: Garchomp|Garchomp, M|100\/100\n|turn|14\n|\n|t:|1700023984\n|-terastallize|p2a: Garchomp|Dragon\n|move|p1a: Basculegion|Wave Crash|p2a: Garchomp\n|-resisted|p2a: Garchomp\n|-crit|p2a: Garchomp\n|-damage|p2a: Garchomp|0 fnt\n|-damage|p1a: Basculegion|55\/100|[from] ability: Rough Skin|[of] p2a: Garchomp\n|faint|p2a: Garchomp\n|-damage|p1a: Basculegion|24\/100|[from] Recoil\n|\n|-weather|RainDance|[upkeep]\n|upkeep\n|\n|t:|1700023991\n|switch|p2a: Palafin|Palafin-Hero, F|100\/100\n|-activate|p2a: Palafin|ability: Zero to Hero\n|turn|15\n|\n|t:|1700023996\n|move|p1a: Basculegion|Wave Crash|p2a: Palafin\n|-resisted|p2a: Palafin\n|-damage|p2a: Palafin|24\/100\n|-damage|p1a: Basculegion|2\/100|[from] Recoil\n|move|p2a: Palafin|Substitute|p2a: Palafin\n|-fail|p2a: Palafin|move: Substitute|[weak]\n|\n|-weather|RainDance|[upkeep]\n|-heal|p2a: Palafin|30\/100|[from] item: Leftovers\n|upkeep\n|turn|16\n|\n|t:|1700024006\n|move|p2a: Palafin|Jet Punch|p1a: Basculegion\n|-resisted|p1a: Basculegion\n|-crit|p1a: Basculegion\n|-damage|p1a: Basculegion|0 fnt\n|faint|p1a: Basculegion\n|\n|-weather|RainDance|[upkeep]\n|-heal|p2a: Palafin|36\/100|[from] item: Leftovers\n|upkeep\n|\n|t:|1700024010\n|switch|p1a: Pelipper|Pelipper, M|16\/100\n|turn|17\n|\n|t:|1700024021\n|move|p2a: Palafin|Jet Punch|p1a: Pelipper\n|-resisted|p1a: Pelipper\n|-damage|p1a: Pelipper|0 fnt\n|faint|p1a: Pelipper\n|\n|-weather|none\n|-heal|p2a: Palafin|42\/100|[from] item: Leftovers\n|upkeep\n|\n|t:|1700024023\n|switch|p1a: Metagross|Metagross-Mega|100\/100\n|turn|18\n|\n|t:|1700024032\n|move|p2a: Palafin|Jet Punch|p1a: Metagross\n|-damage|p1a: Metagross|75\/100\n|move|p1a: Metagross|Earthquake|p2a: Palafin\n|-damage|p2a: Palafin|7\/100\n|\n|-heal|p2a: Palafin|13\/100|[from] item: Leftovers\n|upkeep\n|turn|19\n|\n|t:|1700024048\n|move|p2a: Palafin|Jet Punch|p1a: Metagross\n|-damage|p1a: Metagross|50\/100\n|move|p1a: Metagross|Earthquake|p2a: Palafin\n|-damage|p2a: Palafin|0 fnt\n|faint|p2a: Palafin\n|\n|win|Arnaenaed \u223e\n|c|\u2606Arnaenaed \u223e|gg\n|l|\u2606DracoAxel\n","uploadtime":1700024271,"views":6,"p1id":"arnaenaed","p2id":"dracoaxel","formatid":"gen9nationaldexubers","rating":0,"private":0,"password":""}