{"id":"gen9nationaldexubers-1991973286","p1":"Cibbstr","p2":"JustMonika_CARR","format":"[Gen 9] National Dex Ubers","log":"|j|\u2606Cibbstr\n|j|\u2606JustMonika_CARR\n|t:|1700144042\n|gametype|singles\n|player|p1|Cibbstr|giovanni|1329\n|player|p2|JustMonika_CARR|rosa|1418\n|teamsize|p1|6\n|teamsize|p2|6\n|gen|9\n|tier|[Gen 9] National Dex Ubers\n|rated|\n|rule|HP Percentage Mod: HP is shown in percentages\n|rule|Endless Battle Clause: Forcing endless battles is banned\n|rule|OHKO Clause: OHKO moves are banned\n|rule|Evasion Moves Clause: Evasion moves are banned\n|rule|Evasion Items Clause: Evasion items are banned\n|rule|Species Clause: Limit one of each Pok\u00e9mon\n|rule|Sleep Clause Mod: Limit one foe put to sleep\n|rule|Mega Rayquaza Clause: You cannot mega evolve Rayquaza\n|clearpoke\n|poke|p1|Zacian-*|\n|poke|p1|Zygarde|\n|poke|p1|Marshadow|\n|poke|p1|Kyogre|\n|poke|p1|Kingambit, M|\n|poke|p1|Ho-Oh|\n|poke|p2|Marshadow|\n|poke|p2|Lopunny, F|\n|poke|p2|Dialga|\n|poke|p2|Forretress, F|\n|poke|p2|Pheromosa|\n|poke|p2|Grimmsnarl, M|\n|teampreview\n|\n|t:|1700144055\n|start\n|switch|p1a: Ho-Oh|Ho-Oh, shiny|100\/100\n|switch|p2a: Forretress|Forretress, F, shiny|100\/100\n|turn|1\n|\n|t:|1700144061\n|move|p1a: Ho-Oh|Sacred Fire|p2a: Forretress\n|-supereffective|p2a: Forretress\n|-damage|p2a: Forretress|4\/100\n|-status|p2a: Forretress|brn\n|-enditem|p2a: Forretress|Red Card|[of] p1a: Ho-Oh\n|drag|p1a: Kyogre|Kyogre, shiny|100\/100\n|detailschange|p1a: Kyogre|Kyogre-Primal, shiny\n|-primal|p1a: Kyogre|Blue Orb\n|-weather|PrimordialSea|[from] ability: Primordial Sea|[of] p1a: Kyogre\n|move|p2a: Forretress|Toxic Spikes|p1a: Kyogre\n|-sidestart|p1: Cibbstr|move: Toxic Spikes\n|\n|-weather|PrimordialSea|[upkeep]\n|-damage|p2a: Forretress|0 fnt|[from] brn\n|faint|p2a: Forretress\n|upkeep\n|\n|t:|1700144076\n|switch|p2a: Grimmsnarl|Grimmsnarl, M, shiny|100\/100\n|turn|2\n|\n|t:|1700144081\n|move|p2a: Grimmsnarl|Light Screen|p2a: Grimmsnarl\n|-sidestart|p2: JustMonika_CARR|move: Light Screen\n|move|p1a: Kyogre|Thunder|p2a: Grimmsnarl\n|-damage|p2a: Grimmsnarl|78\/100\n|-status|p2a: Grimmsnarl|par\n|\n|-weather|PrimordialSea|[upkeep]\n|-heal|p2a: Grimmsnarl|84\/100 par|[from] item: Leftovers\n|upkeep\n|turn|3\n|\n|t:|1700144090\n|-weather|none\n|switch|p1a: Ho-Oh|Ho-Oh, shiny|100\/100\n|move|p2a: Grimmsnarl|Spirit Break|p1a: Ho-Oh\n|-resisted|p1a: Ho-Oh\n|-damage|p1a: Ho-Oh|88\/100\n|-unboost|p1a: Ho-Oh|spa|1\n|\n|-heal|p2a: Grimmsnarl|90\/100 par|[from] item: Leftovers\n|upkeep\n|turn|4\n|\n|t:|1700144101\n|move|p2a: Grimmsnarl|Taunt|p1a: Ho-Oh\n|-start|p1a: Ho-Oh|move: Taunt\n|cant|p1a: Ho-Oh|move: Taunt|Defog\n|\n|-heal|p2a: Grimmsnarl|96\/100 par|[from] item: Leftovers\n|upkeep\n|turn|5\n|\n|t:|1700144110\n|switch|p1a: Kingambit|Kingambit, M|100\/100\n|move|p2a: Grimmsnarl|Reflect|p2a: Grimmsnarl\n|-sidestart|p2: JustMonika_CARR|Reflect\n|\n|-heal|p2a: Grimmsnarl|100\/100 par|[from] item: Leftovers\n|upkeep\n|turn|6\n|\n|t:|1700144117\n|-end|p1a: Kingambit|fallenundefined|[silent]\n|switch|p1a: Ho-Oh|Ho-Oh, shiny|100\/100\n|move|p2a: Grimmsnarl|Spirit Break|p1a: Ho-Oh\n|-resisted|p1a: Ho-Oh\n|-damage|p1a: Ho-Oh|86\/100\n|-unboost|p1a: Ho-Oh|spa|1\n|\n|-sideend|p2: JustMonika_CARR|move: Light Screen\n|upkeep\n|turn|7\n|\n|t:|1700144126\n|move|p2a: Grimmsnarl|Taunt|p1a: Ho-Oh\n|-start|p1a: Ho-Oh|move: Taunt\n|cant|p1a: Ho-Oh|move: Taunt|Defog\n|\n|upkeep\n|turn|8\n|\n|t:|1700144132\n|switch|p1a: Zacian|Zacian-Crowned|100\/100\n|-ability|p1a: Zacian|Intrepid Sword|boost\n|-boost|p1a: Zacian|atk|1\n|move|p2a: Grimmsnarl|Spirit Break|p1a: Zacian\n|-resisted|p1a: Zacian\n|-damage|p1a: Zacian|84\/100\n|-unboost|p1a: Zacian|spa|1\n|\n|upkeep\n|turn|9\n|\n|t:|1700144143\n|move|p1a: Zacian|Behemoth Blade|p2a: Grimmsnarl\n|-supereffective|p2a: Grimmsnarl\n|-damage|p2a: Grimmsnarl|13\/100 par\n|move|p2a: Grimmsnarl|Spirit Break|p1a: Zacian\n|-resisted|p1a: Zacian\n|-damage|p1a: Zacian|69\/100\n|-unboost|p1a: Zacian|spa|1\n|\n|-heal|p2a: Grimmsnarl|19\/100 par|[from] item: Leftovers\n|-sideend|p2: JustMonika_CARR|Reflect\n|upkeep\n|turn|10\n|\n|t:|1700144154\n|move|p2a: Grimmsnarl|Reflect|p2a: Grimmsnarl\n|-sidestart|p2: JustMonika_CARR|Reflect\n|move|p1a: Zacian|Behemoth Blade|p2a: Grimmsnarl\n|-supereffective|p2a: Grimmsnarl\n|-damage|p2a: Grimmsnarl|0 fnt\n|faint|p2a: Grimmsnarl\n|\n|upkeep\n|\n|t:|1700144162\n|switch|p2a: Marshadow|Marshadow|100\/100\n|turn|11\n|\n|t:|1700144167\n|switch|p1a: Ho-Oh|Ho-Oh, shiny|100\/100\n|move|p2a: Marshadow|Spectral Thief|p1a: Ho-Oh\n|-damage|p1a: Ho-Oh|66\/100\n|\n|upkeep\n|turn|12\n|\n|t:|1700144175\n|move|p2a: Marshadow|Rock Tomb|p1a: Ho-Oh\n|-supereffective|p1a: Ho-Oh\n|-damage|p1a: Ho-Oh|0 fnt\n|faint|p1a: Ho-Oh\n|\n|upkeep\n|\n|t:|1700144183\n|switch|p1a: Zygarde|Zygarde|100\/100\n|-status|p1a: Zygarde|psn\n|turn|13\n|\n|t:|1700144196\n|move|p2a: Marshadow|Rock Tomb|p1a: Zygarde|[miss]\n|-miss|p2a: Marshadow|p1a: Zygarde\n|move|p1a: Zygarde|Thousand Arrows|p2a: Marshadow\n|-damage|p2a: Marshadow|74\/100\n|\n|-damage|p1a: Zygarde|88\/100 psn|[from] psn\n|upkeep\n|turn|14\n|\n|t:|1700144205\n|move|p2a: Marshadow|Drain Punch|p1a: Zygarde\n|-damage|p1a: Zygarde|60\/100 psn\n|-heal|p2a: Marshadow|93\/100|[from] drain|[of] p1a: Zygarde\n|move|p1a: Zygarde|Scale Shot|p2a: Marshadow\n|-damage|p2a: Marshadow|86\/100\n|-damage|p2a: Marshadow|80\/100\n|-damage|p2a: Marshadow|73\/100\n|-damage|p2a: Marshadow|66\/100\n|-hitcount|p2a: Marshadow|4\n|-unboost|p1a: Zygarde|def|1\n|-boost|p1a: Zygarde|spe|1\n|\n|-heal|p1a: Zygarde|66\/100 psn|[from] item: Leftovers\n|-damage|p1a: Zygarde|54\/100 psn|[from] psn\n|-sideend|p2: JustMonika_CARR|Reflect\n|upkeep\n|turn|15\n|\n|t:|1700144222\n|move|p2a: Marshadow|Drain Punch|p1a: Zygarde\n|-damage|p1a: Zygarde|15\/100 psn\n|-heal|p2a: Marshadow|91\/100|[from] drain|[of] p1a: Zygarde\n|move|p1a: Zygarde|Coil|p1a: Zygarde\n|-boost|p1a: Zygarde|atk|1\n|-boost|p1a: Zygarde|def|1\n|-boost|p1a: Zygarde|accuracy|1\n|\n|-heal|p1a: Zygarde|22\/100 psn|[from] item: Leftovers\n|-damage|p1a: Zygarde|9\/100 psn|[from] psn\n|-activate|p1a: Zygarde|ability: Power Construct\n|detailschange|p1a: Zygarde|Zygarde-Complete\n|-heal|p1a: Zygarde|40\/100 psn|[silent]\n|upkeep\n|turn|16\n|\n|t:|1700144236\n|move|p2a: Marshadow|Spectral Thief||[still]\n|-clearpositiveboost|p1a: Zygarde|p2a: Marshadow|move: Spectral Thief\n|-boost|p2a: Marshadow|atk|1\n|-boost|p2a: Marshadow|spe|1\n|-boost|p2a: Marshadow|accuracy|1\n|-anim|p2a: Marshadow|Spectral Thief|p1a: Zygarde\n|-damage|p1a: Zygarde|8\/100 psn\n|move|p1a: Zygarde|Scale Shot|p2a: Marshadow\n|-damage|p2a: Marshadow|76\/100\n|-damage|p2a: Marshadow|62\/100\n|-damage|p2a: Marshadow|49\/100\n|-hitcount|p2a: Marshadow|3\n|-unboost|p1a: Zygarde|def|1\n|-boost|p1a: Zygarde|spe|1\n|\n|-heal|p1a: Zygarde|14\/100 psn|[from] item: Leftovers\n|-damage|p1a: Zygarde|2\/100 psn|[from] psn\n|upkeep\n|turn|17\n|\n|t:|1700144256\n|move|p2a: Marshadow|Drain Punch|p1a: Zygarde\n|-damage|p1a: Zygarde|0 fnt\n|-heal|p2a: Marshadow|50\/100|[from] drain|[of] p1a: Zygarde\n|faint|p1a: Zygarde\n|\n|upkeep\n|\n|t:|1700144261\n|switch|p1a: Marshadow|Marshadow|100\/100\n|-status|p1a: Marshadow|psn\n|turn|18\n|\n|t:|1700144266\n|switch|p2a: Lopunny|Lopunny, F, shiny|100\/100\n|-terastallize|p1a: Marshadow|Normal\n|move|p1a: Marshadow|Spectral Thief|p2a: Lopunny\n|-immune|p2a: Lopunny\n|\n|-damage|p1a: Marshadow|88\/100 psn|[from] psn\n|upkeep\n|turn|19\n|\n|t:|1700144278\n|move|p2a: Lopunny|Fake Out|p1a: Marshadow\n|-damage|p1a: Marshadow|70\/100 psn\n|cant|p1a: Marshadow|flinch\n|\n|-damage|p1a: Marshadow|58\/100 psn|[from] psn\n|upkeep\n|turn|20\n|\n|t:|1700144286\n|detailschange|p2a: Lopunny|Lopunny-Mega, F, shiny\n|-mega|p2a: Lopunny|Lopunny|Lopunnite\n|move|p2a: Lopunny|Power-Up Punch|p1a: Marshadow\n|-supereffective|p1a: Marshadow\n|-damage|p1a: Marshadow|3\/100 psn\n|-boost|p2a: Lopunny|atk|1\n|move|p1a: Marshadow|Swagger|p2a: Lopunny\n|-boost|p2a: Lopunny|atk|2\n|-start|p2a: Lopunny|confusion\n|\n|-damage|p1a: Marshadow|0 fnt|[from] psn\n|faint|p1a: Marshadow\n|upkeep\n|\n|t:|1700144297\n|switch|p1a: Zacian|Zacian-Crowned|69\/100\n|turn|21\n|\n|t:|1700144304\n|switch|p2a: Dialga|Dialga, shiny|100\/100\n|-ability|p2a: Dialga|Pressure\n|move|p1a: Zacian|Swords Dance|p1a: Zacian\n|-boost|p1a: Zacian|atk|2\n|\n|upkeep\n|turn|22\n|\n|t:|1700144313\n|-terastallize|p2a: Dialga|Ground\n|move|p2a: Dialga|Earth Power|p1a: Zacian\n|-supereffective|p1a: Zacian\n|-damage|p1a: Zacian|0 fnt\n|faint|p1a: Zacian\n|\n|upkeep\n|\n|t:|1700144319\n|switch|p1a: Kyogre|Kyogre-Primal, shiny|100\/100\n|-status|p1a: Kyogre|psn\n|-weather|PrimordialSea|[from] ability: Primordial Sea|[of] p1a: Kyogre\n|turn|23\n|\n|t:|1700144325\n|move|p2a: Dialga|Earth Power|p1a: Kyogre\n|-damage|p1a: Kyogre|65\/100 psn\n|-unboost|p1a: Kyogre|spd|1\n|move|p1a: Kyogre|Ice Beam|p2a: Dialga\n|-supereffective|p2a: Dialga\n|-damage|p2a: Dialga|15\/100\n|\n|-weather|PrimordialSea|[upkeep]\n|-damage|p1a: Kyogre|53\/100 psn|[from] psn\n|upkeep\n|turn|24\n|\n|t:|1700144335\n|move|p2a: Dialga|Earth Power|p1a: Kyogre\n|-damage|p1a: Kyogre|0 fnt\n|faint|p1a: Kyogre\n|-weather|none\n|\n|upkeep\n|\n|t:|1700144339\n|switch|p1a: Kingambit|Kingambit, M|100\/100\n|-activate|p1a: Kingambit|ability: Supreme Overlord\n|-start|p1a: Kingambit|fallen5|[silent]\n|turn|25\n|\n|t:|1700144351\n|move|p2a: Dialga|Earth Power|p1a: Kingambit\n|-supereffective|p1a: Kingambit\n|-damage|p1a: Kingambit|0 fnt\n|faint|p1a: Kingambit\n|-end|p1a: Kingambit|fallen5|[silent]\n|\n|win|JustMonika_CARR\n|raw|Cibbstr's rating: 1329 &rarr; <strong>1314<\/strong><br \/>(-15 for losing)\n|raw|JustMonika_CARR's rating: 1418 &rarr; <strong>1433<\/strong><br \/>(+15 for winning)\n|l|\u2606Cibbstr\n|c|\u2606JustMonika_CARR|Gg\n","uploadtime":1700144372,"views":8,"p1id":"cibbstr","p2id":"justmonikacarr","formatid":"gen9nationaldexubers","rating":1314,"private":0,"password":""}