{"id":"gen9nationaldexubers-1986812069","p1":"Szymszym134","p2":"BlackStar150520","format":"[Gen 9] National Dex Ubers","log":"|j|\u2606Szymszym134\n|j|\u2606BlackStar150520\n|t:|1699528872\n|gametype|singles\n|player|p1|Szymszym134|elesa|1644\n|player|p2|BlackStar150520|unknown|1800\n|teamsize|p1|6\n|teamsize|p2|6\n|gen|9\n|tier|[Gen 9] National Dex Ubers\n|rated|\n|rule|HP Percentage Mod: HP is shown in percentages\n|rule|Endless Battle Clause: Forcing endless battles is banned\n|rule|OHKO Clause: OHKO moves are banned\n|rule|Evasion Moves Clause: Evasion moves are banned\n|rule|Evasion Items Clause: Evasion items are banned\n|rule|Species Clause: Limit one of each Pok\u00e9mon\n|rule|Sleep Clause Mod: Limit one foe put to sleep\n|rule|Mega Rayquaza Clause: You cannot mega evolve Rayquaza\n|clearpoke\n|poke|p1|Mewtwo|\n|poke|p1|Kingambit, F|\n|poke|p1|Garganacl, F|\n|poke|p1|Arceus-Ground|\n|poke|p1|Ditto|\n|poke|p1|Kyurem-Black|\n|poke|p2|Zygarde|\n|poke|p2|Magearna|\n|poke|p2|Ditto|\n|poke|p2|Rayquaza|\n|poke|p2|Arceus-Water|\n|poke|p2|Necrozma-Dusk-Mane|\n|teampreview\n|inactive|Battle timer is ON: inactive players will automatically lose when time's up. (requested by Szymszym134)\n|inactive|BlackStar150520 also wants the timer to be on.\n|j| lfmatt\n|l| lfmatt\n|\n|t:|1699528887\n|start\n|switch|p1a: Kyurem|Kyurem-Black|100\/100\n|switch|p2a: Arceus|Arceus-Water|100\/100\n|-ability|p1a: Kyurem|Teravolt\n|turn|1\n|\n|t:|1699528895\n|switch|p2a: Necrozma|Necrozma-Dusk-Mane|100\/100\n|move|p1a: Kyurem|Dragon Dance|p1a: Kyurem\n|-boost|p1a: Kyurem|atk|1\n|-boost|p1a: Kyurem|spe|1\n|\n|upkeep\n|turn|2\n|\n|t:|1699528904\n|detailschange|p2a: Necrozma|Necrozma-Ultra\n|-burst|p2a: Necrozma|Necrozma|Ultranecrozium Z\n|-terastallize|p1a: Kyurem|Electric\n|move|p1a: Kyurem|Substitute|p1a: Kyurem\n|-start|p1a: Kyurem|Substitute\n|-damage|p1a: Kyurem|76\/100\n|move|p2a: Necrozma|Earth Power|p1a: Kyurem\n|-supereffective|p1a: Kyurem\n|-end|p1a: Kyurem|Substitute\n|\n|upkeep\n|turn|3\n|\n|t:|1699528913\n|switch|p2a: Magearna|Magearna|100\/100\n|move|p1a: Kyurem|Icicle Spear|p2a: Magearna\n|-resisted|p2a: Magearna\n|-damage|p2a: Magearna|86\/100\n|-resisted|p2a: Magearna\n|-damage|p2a: Magearna|72\/100\n|-resisted|p2a: Magearna\n|-damage|p2a: Magearna|57\/100\n|-resisted|p2a: Magearna\n|-damage|p2a: Magearna|43\/100\n|-hitcount|p2a: Magearna|4\n|-damage|p1a: Kyurem|66\/100|[from] item: Life Orb\n|\n|upkeep\n|turn|4\n|\n|t:|1699528918\n|move|p1a: Kyurem|Fusion Bolt|p2a: Magearna\n|-damage|p2a: Magearna|0 fnt\n|faint|p2a: Magearna\n|-damage|p1a: Kyurem|56\/100|[from] item: Life Orb\n|\n|upkeep\n|\n|t:|1699528920\n|switch|p2a: Ditto|Ditto, shiny|100\/100\n|-transform|p2a: Ditto|p1a: Kyurem|[from] ability: Imposter\n|-ability|p2a: Ditto|Teravolt\n|-start|p2a: Ditto|typechange|Dragon\/Ice|[silent]\n|turn|5\n|\n|t:|1699528926\n|switch|p1a: Garganacl|Garganacl, F|100\/100\n|move|p2a: Ditto|Icicle Spear|p1a: Garganacl\n|-damage|p1a: Garganacl|86\/100\n|-damage|p1a: Garganacl|72\/100\n|-damage|p1a: Garganacl|58\/100\n|-damage|p1a: Garganacl|44\/100\n|-damage|p1a: Garganacl|30\/100\n|-hitcount|p1a: Garganacl|5\n|\n|-heal|p1a: Garganacl|36\/100|[from] item: Leftovers\n|upkeep\n|turn|6\n|\n|t:|1699528930\n|move|p1a: Garganacl|Protect|p1a: Garganacl\n|-singleturn|p1a: Garganacl|Protect\n|move|p2a: Ditto|Icicle Spear|p1a: Garganacl\n|-activate|p1a: Garganacl|move: Protect\n|\n|-heal|p1a: Garganacl|43\/100|[from] item: Leftovers\n|upkeep\n|turn|7\n|\n|t:|1699528943\n|move|p2a: Ditto|Icicle Spear|p1a: Garganacl\n|-damage|p1a: Garganacl|29\/100\n|-damage|p1a: Garganacl|13\/100\n|-hitcount|p1a: Garganacl|2\n|move|p1a: Garganacl|Recover|p1a: Garganacl\n|-heal|p1a: Garganacl|63\/100\n|\n|-heal|p1a: Garganacl|70\/100|[from] item: Leftovers\n|upkeep\n|turn|8\n|\n|t:|1699528951\n|switch|p2a: Zygarde|Zygarde, shiny|100\/100\n|move|p1a: Garganacl|Salt Cure|p2a: Zygarde\n|-resisted|p2a: Zygarde\n|-damage|p2a: Zygarde|95\/100\n|-start|p2a: Zygarde|Salt Cure\n|\n|-heal|p2a: Zygarde|100\/100|[from] item: Leftovers\n|-heal|p1a: Garganacl|76\/100|[from] item: Leftovers\n|-damage|p2a: Zygarde|88\/100|[from] Salt Cure\n|upkeep\n|turn|9\n|\n|t:|1699528954\n|switch|p2a: Arceus|Arceus-Water|100\/100\n|switch|p1a: Kyurem|Kyurem-Black, tera:Electric|56\/100\n|-ability|p1a: Kyurem|Teravolt\n|\n|upkeep\n|turn|10\n|\n|t:|1699528962\n|switch|p2a: Ditto|Ditto, shiny|100\/100\n|-transform|p2a: Ditto|p1a: Kyurem|[from] ability: Imposter\n|-ability|p2a: Ditto|Teravolt\n|move|p1a: Kyurem|Fusion Bolt|p2a: Ditto\n|-resisted|p2a: Ditto\n|-damage|p2a: Ditto|51\/100\n|-damage|p1a: Kyurem|46\/100|[from] item: Life Orb\n|\n|upkeep\n|turn|11\n|\n|t:|1699528967\n|switch|p1a: Garganacl|Garganacl, F|76\/100\n|move|p2a: Ditto|Icicle Spear|p1a: Garganacl\n|-damage|p1a: Garganacl|66\/100\n|-damage|p1a: Garganacl|56\/100\n|-hitcount|p1a: Garganacl|2\n|\n|-heal|p1a: Garganacl|63\/100|[from] item: Leftovers\n|upkeep\n|turn|12\n|\n|t:|1699528973\n|switch|p2a: Necrozma|Necrozma-Ultra|100\/100\n|move|p1a: Garganacl|Stealth Rock|p2a: Necrozma\n|-sidestart|p2: BlackStar150520|move: Stealth Rock\n|\n|-heal|p1a: Garganacl|69\/100|[from] item: Leftovers\n|upkeep\n|turn|13\n|\n|t:|1699528978\n|move|p1a: Garganacl|Protect|p1a: Garganacl\n|-singleturn|p1a: Garganacl|Protect\n|move|p2a: Necrozma|Stealth Rock|p1a: Garganacl\n|-sidestart|p1: Szymszym134|move: Stealth Rock\n|\n|-heal|p1a: Garganacl|75\/100|[from] item: Leftovers\n|upkeep\n|turn|14\n|\n|t:|1699528986\n|switch|p1a: Arceus|Arceus-Ground|100\/100\n|-damage|p1a: Arceus|94\/100|[from] Stealth Rock\n|move|p2a: Necrozma|Earth Power|p1a: Arceus\n|-damage|p1a: Arceus|71\/100\n|\n|upkeep\n|turn|15\n|\n|t:|1699528989\n|-zpower|p2a: Necrozma\n|move|p2a: Necrozma|Light That Burns the Sky|p1a: Arceus|[zeffect]\n|-damage|p1a: Arceus|0 fnt\n|faint|p1a: Arceus\n|\n|upkeep\n|\n|t:|1699528996\n|switch|p1a: Mewtwo|Mewtwo|100\/100\n|-ability|p1a: Mewtwo|Unnerve\n|-damage|p1a: Mewtwo|88\/100|[from] Stealth Rock\n|turn|16\n|\n|t:|1699529002\n|detailschange|p1a: Mewtwo|Mewtwo-Mega-Y\n|-mega|p1a: Mewtwo|Mewtwo|Mewtwonite Y\n|move|p1a: Mewtwo|Ice Beam|p2a: Necrozma\n|-supereffective|p2a: Necrozma\n|-damage|p2a: Necrozma|11\/100\n|move|p2a: Necrozma|Dragon Pulse|p1a: Mewtwo\n|-damage|p1a: Mewtwo|40\/100\n|\n|upkeep\n|turn|17\n|\n|t:|1699529009\n|move|p1a: Mewtwo|Ice Beam|p2a: Necrozma\n|-supereffective|p2a: Necrozma\n|-damage|p2a: Necrozma|0 fnt\n|faint|p2a: Necrozma\n|\n|upkeep\n|\n|t:|1699529014\n|switch|p2a: Arceus|Arceus-Water|100\/100\n|-damage|p2a: Arceus|88\/100|[from] Stealth Rock\n|turn|18\n|\n|t:|1699529016\n|switch|p1a: Kyurem|Kyurem-Black, tera:Electric|46\/100\n|-damage|p1a: Kyurem|33\/100|[from] Stealth Rock\n|-ability|p1a: Kyurem|Teravolt\n|move|p2a: Arceus|Judgment|p1a: Kyurem\n|-damage|p1a: Kyurem|0 fnt\n|faint|p1a: Kyurem\n|\n|upkeep\n|\n|t:|1699529032\n|switch|p1a: Kingambit|Kingambit, F|100\/100\n|-damage|p1a: Kingambit|94\/100|[from] Stealth Rock\n|-activate|p1a: Kingambit|ability: Supreme Overlord\n|-start|p1a: Kingambit|fallen2|[silent]\n|turn|19\n|\n|t:|1699529038\n|move|p2a: Arceus|Judgment|p1a: Kingambit\n|-damage|p1a: Kingambit|50\/100\n|move|p1a: Kingambit|Knock Off|p2a: Arceus\n|-damage|p2a: Arceus|50\/100\n|\n|upkeep\n|turn|20\n|\n|t:|1699529046\n|move|p2a: Arceus|Judgment|p1a: Kingambit\n|-damage|p1a: Kingambit|7\/100\n|move|p1a: Kingambit|Knock Off|p2a: Arceus\n|-damage|p2a: Arceus|14\/100\n|\n|upkeep\n|turn|21\n|\n|t:|1699529052\n|move|p2a: Arceus|Recover|p2a: Arceus\n|-heal|p2a: Arceus|64\/100\n|move|p1a: Kingambit|Knock Off|p2a: Arceus\n|-damage|p2a: Arceus|26\/100\n|\n|upkeep\n|turn|22\n|\n|t:|1699529057\n|move|p1a: Kingambit|Sucker Punch||[still]\n|-fail|p1a: Kingambit\n|move|p2a: Arceus|Recover|p2a: Arceus\n|-heal|p2a: Arceus|76\/100\n|\n|upkeep\n|turn|23\n|\n|t:|1699529059\n|move|p1a: Kingambit|Sucker Punch|p2a: Arceus\n|-damage|p2a: Arceus|35\/100\n|move|p2a: Arceus|Judgment|p1a: Kingambit\n|-damage|p1a: Kingambit|0 fnt\n|faint|p1a: Kingambit\n|-end|p1a: Kingambit|fallen2|[silent]\n|\n|upkeep\n|\n|t:|1699529062\n|switch|p1a: Mewtwo|Mewtwo-Mega-Y|40\/100\n|-damage|p1a: Mewtwo|27\/100|[from] Stealth Rock\n|turn|24\n|\n|t:|1699529067\n|switch|p2a: Ditto|Ditto, shiny|51\/100\n|-damage|p2a: Ditto|39\/100|[from] Stealth Rock\n|-transform|p2a: Ditto|p1a: Mewtwo|[from] ability: Imposter\n|move|p1a: Mewtwo|Psystrike|p2a: Ditto\n|-resisted|p2a: Ditto\n|-damage|p2a: Ditto|0 fnt\n|faint|p2a: Ditto\n|\n|upkeep\n|\n|t:|1699529071\n|switch|p2a: Rayquaza|Rayquaza|100\/100\n|-damage|p2a: Rayquaza|76\/100|[from] Stealth Rock\n|-ability|p2a: Rayquaza|Air Lock\n|turn|25\n|\n|t:|1699529079\n|switch|p1a: Ditto|Ditto|100\/100\n|-damage|p1a: Ditto|88\/100|[from] Stealth Rock\n|-transform|p1a: Ditto|p2a: Rayquaza|[from] ability: Imposter\n|move|p2a: Rayquaza|Extreme Speed|p1a: Ditto\n|-damage|p1a: Ditto|47\/100\n|\n|upkeep\n|turn|26\n|\n|t:|1699529090\n|-terastallize|p2a: Rayquaza|Normal\n|move|p2a: Rayquaza|Extreme Speed|p1a: Ditto\n|-damage|p1a: Ditto|0 fnt\n|faint|p1a: Ditto\n|\n|upkeep\n|\n|t:|1699529095\n|switch|p1a: Garganacl|Garganacl, F|75\/100\n|-damage|p1a: Garganacl|63\/100|[from] Stealth Rock\n|turn|27\n|\n|t:|1699529100\n|move|p2a: Rayquaza|Earthquake|p1a: Garganacl\n|-supereffective|p1a: Garganacl\n|-damage|p1a: Garganacl|20\/100\n|move|p1a: Garganacl|Salt Cure|p2a: Rayquaza\n|-damage|p2a: Rayquaza|62\/100\n|-start|p2a: Rayquaza|Salt Cure\n|\n|-heal|p1a: Garganacl|26\/100|[from] item: Leftovers\n|-damage|p2a: Rayquaza|50\/100|[from] Salt Cure\n|upkeep\n|turn|28\n|\n|t:|1699529115\n|move|p1a: Garganacl|Protect|p1a: Garganacl\n|-singleturn|p1a: Garganacl|Protect\n|move|p2a: Rayquaza|Earthquake|p1a: Garganacl\n|-activate|p1a: Garganacl|move: Protect\n|\n|-heal|p1a: Garganacl|32\/100|[from] item: Leftovers\n|-damage|p2a: Rayquaza|38\/100|[from] Salt Cure\n|upkeep\n|turn|29\n|\n|t:|1699529117\n|move|p2a: Rayquaza|Earthquake|p1a: Garganacl\n|-supereffective|p1a: Garganacl\n|-damage|p1a: Garganacl|0 fnt\n|faint|p1a: Garganacl\n|\n|-damage|p2a: Rayquaza|25\/100|[from] Salt Cure\n|upkeep\n|\n|t:|1699529121\n|switch|p1a: Mewtwo|Mewtwo-Mega-Y|27\/100\n|-damage|p1a: Mewtwo|15\/100|[from] Stealth Rock\n|turn|30\n|-message|Szymszym134 forfeited.\n|\n|win|BlackStar150520\n|raw|Szymszym134's rating: 1644 &rarr; <strong>1632<\/strong><br \/>(-12 for losing)\n|raw|BlackStar150520's rating: 1800 &rarr; <strong>1812<\/strong><br \/>(+12 for winning)\n|l|\u2606Szymszym134\n|l|\u2606BlackStar150520\n","uploadtime":1699529170,"views":11,"p1id":"szymszym134","p2id":"blackstar150520","formatid":"gen9nationaldexubers","rating":1632,"private":0,"password":""}