{"id":"gen9nationaldexubers-1994429659","p1":"jjenhances","p2":"Bluedusk16","format":"[Gen 9] National Dex Ubers","log":"|j|\u2606jjenhances\n|j|\u2606Bluedusk16\n|t:|1700442993\n|gametype|singles\n|player|p1|jjenhances|blue|\n|player|p2|Bluedusk16|pokekid|\n|teamsize|p1|6\n|teamsize|p2|6\n|gen|9\n|tier|[Gen 9] National Dex Ubers\n|rule|HP Percentage Mod: HP is shown in percentages\n|rule|Endless Battle Clause: Forcing endless battles is banned\n|rule|OHKO Clause: OHKO moves are banned\n|rule|Evasion Moves Clause: Evasion moves are banned\n|rule|Evasion Items Clause: Evasion items are banned\n|rule|Species Clause: Limit one of each Pok\u00e9mon\n|rule|Sleep Clause Mod: Limit one foe put to sleep\n|rule|Mega Rayquaza Clause: You cannot mega evolve Rayquaza\n|clearpoke\n|poke|p1|Galvantula, F|\n|poke|p1|Volcarona, F|\n|poke|p1|Beedrill, F|\n|poke|p1|Scizor, F|\n|poke|p1|Golisopod, F|\n|poke|p1|Yanmega, F|\n|poke|p2|Umbreon, M|\n|poke|p2|Honchkrow, F|\n|poke|p2|Krookodile, M|\n|poke|p2|Grimmsnarl, M|\n|poke|p2|Houndoom, M|\n|poke|p2|Kingambit, M|\n|teampreview\n|\n|t:|1700443024\n|start\n|switch|p1a: Galvantula|Galvantula, F|100\/100\n|switch|p2a: Nightmare|Krookodile, M, shiny|100\/100\n|-ability|p2a: Nightmare|Intimidate|boost\n|-unboost|p1a: Galvantula|atk|1\n|turn|1\n|\n|t:|1700443040\n|move|p1a: Galvantula|Sticky Web|p2a: Nightmare\n|-sidestart|p2: Bluedusk16|move: Sticky Web\n|move|p2a: Nightmare|Earthquake|p1a: Galvantula\n|-enditem|p1a: Galvantula|Focus Sash\n|-damage|p1a: Galvantula|1\/100\n|\n|upkeep\n|turn|2\n|\n|t:|1700443051\n|move|p1a: Galvantula|Bug Buzz|p2a: Nightmare\n|-supereffective|p2a: Nightmare\n|-damage|p2a: Nightmare|0 fnt\n|faint|p2a: Nightmare\n|\n|upkeep\n|\n|t:|1700443134\n|switch|p2a: Vincent|Houndoom, M|100\/100\n|-activate|p2a: Vincent|move: Sticky Web\n|-unboost|p2a: Vincent|spe|1\n|turn|3\n|\n|t:|1700443140\n|move|p1a: Galvantula|Sticky Web||[still]\n|-fail|p1a: Galvantula\n|move|p2a: Vincent|Fire Blast|p1a: Galvantula|[miss]\n|-miss|p2a: Vincent|p1a: Galvantula\n|\n|upkeep\n|turn|4\n|\n|t:|1700443166\n|move|p1a: Galvantula|Sticky Web||[still]\n|-fail|p1a: Galvantula\n|move|p2a: Vincent|Dark Pulse|p1a: Galvantula\n|-damage|p1a: Galvantula|0 fnt\n|faint|p1a: Galvantula\n|\n|upkeep\n|\n|t:|1700443180\n|switch|p1a: Golisopod|Golisopod, F|100\/100\n|turn|5\n|\n|t:|1700443221\n|switch|p2a: Salem|Honchkrow, F|100\/100\n|move|p1a: Golisopod|Aqua Jet|p2a: Salem\n|-damage|p2a: Salem|67\/100\n|\n|upkeep\n|turn|6\n|\n|t:|1700443229\n|move|p1a: Golisopod|First Impression||[still]\n|-hint|First Impression only works on your first turn out.\n|-fail|p1a: Golisopod\n|move|p2a: Salem|Brave Bird|p1a: Golisopod\n|-supereffective|p1a: Golisopod\n|-damage|p1a: Golisopod|0 fnt\n|faint|p1a: Golisopod\n|-ability|p2a: Salem|Moxie|boost\n|-boost|p2a: Salem|atk|1\n|-damage|p2a: Salem|38\/100|[from] Recoil\n|-damage|p2a: Salem|28\/100|[from] item: Life Orb\n|\n|upkeep\n|\n|t:|1700443244\n|switch|p1a: Vespula|Beedrill, F|100\/100\n|turn|7\n|\n|t:|1700443316\n|switch|p2a: Vincent|Houndoom, M|100\/100\n|-activate|p2a: Vincent|move: Sticky Web\n|-unboost|p2a: Vincent|spe|1\n|detailschange|p1a: Vespula|Beedrill-Mega, F\n|-mega|p1a: Vespula|Beedrill|Beedrillite\n|move|p1a: Vespula|Protect||[still]\n|-fail|p1a: Vespula\n|\n|upkeep\n|turn|8\n|\n|t:|1700443358\n|move|p1a: Vespula|Drill Run|p2a: Vincent\n|-supereffective|p2a: Vincent\n|-damage|p2a: Vincent|0 fnt\n|faint|p2a: Vincent\n|\n|upkeep\n|\n|t:|1700443394\n|switch|p2a: Crown|Kingambit, M|100\/100\n|-activate|p2a: Crown|move: Sticky Web\n|-unboost|p2a: Crown|spe|1\n|-activate|p2a: Crown|ability: Supreme Overlord\n|-start|p2a: Crown|fallen2|[silent]\n|turn|9\n|\n|t:|1700443411\n|switch|p1a: Yanmega|Yanmega, F|100\/100\n|move|p2a: Crown|Kowtow Cleave|p1a: Yanmega\n|-damage|p1a: Yanmega|29\/100\n|\n|upkeep\n|turn|10\n|\n|t:|1700443424\n|move|p1a: Yanmega|Bug Buzz|p2a: Crown\n|-damage|p2a: Crown|72\/100\n|-unboost|p2a: Crown|spd|1\n|-enditem|p1a: Yanmega|Throat Spray\n|-boost|p1a: Yanmega|spa|1|[from] item: Throat Spray\n|move|p2a: Crown|Kowtow Cleave|p1a: Yanmega\n|-damage|p1a: Yanmega|0 fnt\n|faint|p1a: Yanmega\n|\n|upkeep\n|\n|t:|1700443434\n|switch|p1a: Promethea|Volcarona, F|100\/100\n|turn|11\n|\n|t:|1700443450\n|-terastallize|p1a: Promethea|Fire\n|move|p1a: Promethea|Fiery Dance|p2a: Crown\n|-supereffective|p2a: Crown\n|-damage|p2a: Crown|0 fnt\n|-boost|p1a: Promethea|spa|1\n|faint|p2a: Crown\n|-end|p2a: Crown|fallen2|[silent]\n|\n|upkeep\n|\n|t:|1700443466\n|switch|p2a: Jinx|Grimmsnarl, M|100\/100\n|-activate|p2a: Jinx|move: Sticky Web\n|-unboost|p2a: Jinx|spe|1\n|turn|12\n|\n|t:|1700443487\n|move|p1a: Promethea|Fiery Dance|p2a: Jinx\n|-damage|p2a: Jinx|6\/100\n|-boost|p1a: Promethea|spa|1\n|move|p2a: Jinx|Play Rough|p1a: Promethea\n|-resisted|p1a: Promethea\n|-damage|p1a: Promethea|64\/100\n|-unboost|p1a: Promethea|atk|1\n|\n|upkeep\n|turn|13\n|\n|t:|1700443512\n|move|p2a: Jinx|Sucker Punch|p1a: Promethea\n|-damage|p1a: Promethea|7\/100\n|move|p1a: Promethea|Giga Drain|p2a: Jinx\n|-damage|p2a: Jinx|0 fnt\n|-heal|p1a: Promethea|10\/100|[from] drain|[of] p2a: Jinx\n|faint|p2a: Jinx\n|\n|upkeep\n|\n|t:|1700443521\n|switch|p2a: Kuro|Umbreon, M|100\/100\n|-activate|p2a: Kuro|move: Sticky Web\n|-unboost|p2a: Kuro|spe|1\n|turn|14\n|\n|t:|1700443530\n|move|p1a: Promethea|Bug Buzz|p2a: Kuro\n|-supereffective|p2a: Kuro\n|-damage|p2a: Kuro|0 fnt\n|faint|p2a: Kuro\n|\n|upkeep\n|\n|t:|1700443534\n|switch|p2a: Salem|Honchkrow, F|28\/100\n|turn|15\n|\n|t:|1700443575\n|move|p1a: Promethea|Giga Drain|p2a: Salem\n|-resisted|p2a: Salem\n|-damage|p2a: Salem|6\/100\n|-heal|p1a: Promethea|25\/100|[from] drain|[of] p2a: Salem\n|move|p2a: Salem|Night Slash|p1a: Promethea\n|-damage|p1a: Promethea|0 fnt\n|-status|p2a: Salem|brn|[from] ability: Flame Body|[of] p1a: Promethea\n|faint|p1a: Promethea\n|-ability|p2a: Salem|Moxie|boost\n|-boost|p2a: Salem|atk|1\n|-damage|p2a: Salem|0 fnt|[from] item: Life Orb\n|faint|p2a: Salem\n|\n|win|jjenhances\n","uploadtime":1700443601,"views":4,"p1id":"jjenhances","p2id":"bluedusk16","formatid":"gen9nationaldexubers","rating":0,"private":0,"password":""}