{"id":"gen9nationaldexubers-1979891060","p1":"Vario 64\u2606\u5f61","p2":"MiraGraves","format":"[Gen 9] National Dex Ubers","log":"|j|\u2606Vario 64\u2606\u5f61\n|j|\u2606MiraGraves\n|t:|1698725005\n|gametype|singles\n|player|p1|Vario 64\u2606\u5f61|ghetsis|\n|player|p2|MiraGraves|psychicf-gen4|\n|teamsize|p1|6\n|teamsize|p2|6\n|gen|9\n|tier|[Gen 9] National Dex Ubers\n|rule|HP Percentage Mod: HP is shown in percentages\n|rule|Endless Battle Clause: Forcing endless battles is banned\n|rule|OHKO Clause: OHKO moves are banned\n|rule|Evasion Moves Clause: Evasion moves are banned\n|rule|Evasion Items Clause: Evasion items are banned\n|rule|Species Clause: Limit one of each Pok\u00e9mon\n|rule|Sleep Clause Mod: Limit one foe put to sleep\n|rule|Mega Rayquaza Clause: You cannot mega evolve Rayquaza\n|clearpoke\n|poke|p1|Ribombee, M|\n|poke|p1|Heatran, M|\n|poke|p1|Tapu Koko|\n|poke|p1|Iron Valiant|\n|poke|p1|Scizor, M|\n|poke|p1|Genesect|\n|poke|p2|Heliolisk, M|\n|poke|p2|Venusaur, F|\n|poke|p2|Thundurus, M|\n|poke|p2|Sandy Shocks|\n|poke|p2|Shiftry, M|\n|poke|p2|Whimsicott, F|\n|teampreview\n|c|\u2606Vario 64\u2606\u5f61|gl hf!\n|c|\u2606MiraGraves|you too\n|\n|t:|1698725038\n|start\n|switch|p1a: Ribombee|Ribombee, M|100\/100\n|switch|p2a: Sandy Shocks|Sandy Shocks|100\/100\n|-enditem|p2a: Sandy Shocks|Booster Energy\n|-activate|p2a: Sandy Shocks|ability: Protosynthesis|[fromitem]\n|-start|p2a: Sandy Shocks|protosynthesisspa\n|turn|1\n|\n|t:|1698725049\n|move|p1a: Ribombee|Sticky Web|p2a: Sandy Shocks\n|-sidestart|p2: MiraGraves|move: Sticky Web\n|move|p2a: Sandy Shocks|Spikes|p1a: Ribombee\n|-sidestart|p1: Vario 64\u2606\u5f61|Spikes\n|\n|upkeep\n|turn|2\n|\n|t:|1698725058\n|move|p1a: Ribombee|Moonblast|p2a: Sandy Shocks\n|-damage|p2a: Sandy Shocks|51\/100\n|move|p2a: Sandy Shocks|Spikes|p1a: Ribombee\n|-sidestart|p1: Vario 64\u2606\u5f61|Spikes\n|\n|upkeep\n|turn|3\n|\n|t:|1698725067\n|move|p1a: Ribombee|Moonblast|p2a: Sandy Shocks\n|-damage|p2a: Sandy Shocks|0 fnt\n|faint|p2a: Sandy Shocks\n|-end|p2a: Sandy Shocks|Protosynthesis|[silent]\n|\n|upkeep\n|\n|t:|1698725090\n|switch|p2a: Thundurus|Thundurus, M|100\/100\n|turn|4\n|\n|t:|1698725102\n|move|p2a: Thundurus|Thunder Wave|p1a: Ribombee\n|-status|p1a: Ribombee|par\n|cant|p1a: Ribombee|par\n|\n|upkeep\n|turn|5\n|\n|t:|1698725113\n|move|p2a: Thundurus|Sunny Day|p2a: Thundurus\n|-weather|SunnyDay\n|cant|p1a: Ribombee|par\n|\n|-weather|SunnyDay|[upkeep]\n|upkeep\n|turn|6\n|\n|t:|1698725119\n|move|p2a: Thundurus|Volt Switch|p1a: Ribombee\n|-damage|p1a: Ribombee|44\/100 par\n|\n|t:|1698725125\n|switch|p2a: Heliolisk|Heliolisk, M|100\/100|[from] Volt Switch\n|-activate|p2a: Heliolisk|move: Sticky Web\n|-unboost|p2a: Heliolisk|spe|1\n|move|p1a: Ribombee|Moonblast|p2a: Heliolisk\n|-damage|p2a: Heliolisk|50\/100\n|\n|-weather|SunnyDay|[upkeep]\n|-damage|p2a: Heliolisk|37\/100|[from] ability: Solar Power|[of] p2a: Heliolisk\n|upkeep\n|turn|7\n|\n|t:|1698725137\n|move|p2a: Heliolisk|Volt Switch|p1a: Ribombee\n|-damage|p1a: Ribombee|0 fnt\n|faint|p1a: Ribombee\n|\n|t:|1698725151\n|switch|p2a: Venusaur|Venusaur, F|100\/100|[from] Volt Switch\n|-activate|p2a: Venusaur|move: Sticky Web\n|-unboost|p2a: Venusaur|spe|1\n|\n|-weather|SunnyDay|[upkeep]\n|upkeep\n|\n|t:|1698725168\n|switch|p1a: Genesect|Genesect, shiny|100\/100\n|-damage|p1a: Genesect|84\/100|[from] Spikes\n|-ability|p1a: Genesect|Download|boost\n|-boost|p1a: Genesect|atk|1\n|turn|8\n|\n|t:|1698725177\n|switch|p1a: Heatran|Heatran, M|100\/100\n|-damage|p1a: Heatran|84\/100|[from] Spikes\n|move|p2a: Venusaur|Sleep Powder|p1a: Heatran|[miss]\n|-miss|p2a: Venusaur|p1a: Heatran\n|\n|-weather|SunnyDay|[upkeep]\n|upkeep\n|turn|9\n|\n|t:|1698725188\n|switch|p1a: Tapu Koko|Tapu Koko|100\/100\n|-damage|p1a: Tapu Koko|84\/100|[from] Spikes\n|-fieldstart|move: Electric Terrain|[from] ability: Electric Surge|[of] p1a: Tapu Koko\n|move|p2a: Venusaur|Sleep Powder|p1a: Tapu Koko|[miss]\n|-miss|p2a: Venusaur|p1a: Tapu Koko\n|\n|-weather|SunnyDay|[upkeep]\n|upkeep\n|turn|10\n|\n|t:|1698725199\n|switch|p1a: Heatran|Heatran, M|84\/100\n|-damage|p1a: Heatran|68\/100|[from] Spikes\n|detailschange|p2a: Venusaur|Venusaur-Mega, F\n|-mega|p2a: Venusaur|Venusaur|Venusaurite\n|move|p2a: Venusaur|Growth|p2a: Venusaur\n|-boost|p2a: Venusaur|atk|2\n|-boost|p2a: Venusaur|spa|2\n|\n|-weather|SunnyDay|[upkeep]\n|upkeep\n|turn|11\n|\n|t:|1698725212\n|-terastallize|p1a: Heatran|Fire\n|move|p1a: Heatran|Eruption|p2a: Venusaur\n|-supereffective|p2a: Venusaur\n|-damage|p2a: Venusaur|0 fnt\n|faint|p2a: Venusaur\n|\n|-weather|SunnyDay|[upkeep]\n|upkeep\n|\n|t:|1698725222\n|switch|p2a: Thundurus|Thundurus, M|100\/100\n|turn|12\n|\n|t:|1698725231\n|switch|p1a: Scizor|Scizor, M|100\/100\n|-damage|p1a: Scizor|84\/100|[from] Spikes\n|move|p2a: Thundurus|Thunder Wave|p1a: Scizor\n|-status|p1a: Scizor|par\n|\n|-weather|none\n|upkeep\n|turn|13\n|\n|t:|1698725246\n|switch|p1a: Iron Valiant|Iron Valiant|100\/100\n|-damage|p1a: Iron Valiant|84\/100|[from] Spikes\n|-activate|p1a: Iron Valiant|ability: Quark Drive\n|-start|p1a: Iron Valiant|quarkdrivespe\n|move|p2a: Thundurus|Sunny Day|p2a: Thundurus\n|-weather|SunnyDay\n|\n|-weather|SunnyDay|[upkeep]\n|upkeep\n|turn|14\n|\n|t:|1698725258\n|move|p1a: Iron Valiant|Moonblast|p2a: Thundurus\n|-damage|p2a: Thundurus|23\/100\n|-unboost|p2a: Thundurus|spa|1\n|move|p2a: Thundurus|Volt Switch|p1a: Iron Valiant\n|-damage|p1a: Iron Valiant|42\/100\n|\n|t:|1698725268\n|switch|p2a: Whimsicott|Whimsicott, F|100\/100|[from] Volt Switch\n|-activate|p2a: Whimsicott|move: Sticky Web\n|-unboost|p2a: Whimsicott|spe|1\n|\n|-weather|SunnyDay|[upkeep]\n|upkeep\n|turn|15\n|\n|t:|1698725282\n|move|p2a: Whimsicott|Tailwind|p2a: Whimsicott\n|-sidestart|p2: MiraGraves|move: Tailwind\n|move|p1a: Iron Valiant|Moonblast|p2a: Whimsicott\n|-damage|p2a: Whimsicott|4\/100\n|\n|-weather|SunnyDay|[upkeep]\n|upkeep\n|turn|16\n|\n|t:|1698725300\n|move|p1a: Iron Valiant|Moonblast|p2a: Whimsicott\n|-damage|p2a: Whimsicott|0 fnt\n|faint|p2a: Whimsicott\n|\n|-weather|SunnyDay|[upkeep]\n|-fieldend|move: Electric Terrain\n|-end|p1a: Iron Valiant|Quark Drive\n|upkeep\n|\n|t:|1698725308\n|switch|p2a: Thundurus|Thundurus, M|23\/100\n|turn|17\n|\n|t:|1698725316\n|-end|p1a: Iron Valiant|Quark Drive|[silent]\n|switch|p1a: Tapu Koko|Tapu Koko|84\/100\n|-damage|p1a: Tapu Koko|68\/100|[from] Spikes\n|-fieldstart|move: Electric Terrain|[from] ability: Electric Surge|[of] p1a: Tapu Koko\n|move|p2a: Thundurus|Volt Switch|p1a: Tapu Koko\n|-resisted|p1a: Tapu Koko\n|-damage|p1a: Tapu Koko|40\/100\n|\n|t:|1698725326\n|switch|p2a: Shiftry|Shiftry, M|100\/100|[from] Volt Switch\n|-activate|p2a: Shiftry|move: Sticky Web\n|-unboost|p2a: Shiftry|spe|1\n|-ability|p2a: Shiftry|Wind Rider|boost\n|-boost|p2a: Shiftry|atk|1\n|\n|-weather|SunnyDay|[upkeep]\n|upkeep\n|turn|18\n|\n|t:|1698725351\n|move|p1a: Tapu Koko|U-turn|p2a: Shiftry\n|-supereffective|p2a: Shiftry\n|-damage|p2a: Shiftry|0 fnt\n|faint|p2a: Shiftry\n|\n|t:|1698725357\n|switch|p1a: Iron Valiant|Iron Valiant|42\/100|[from] U-turn\n|-damage|p1a: Iron Valiant|25\/100|[from] Spikes\n|-activate|p1a: Iron Valiant|ability: Quark Drive\n|-start|p1a: Iron Valiant|quarkdrivespe\n|\n|-weather|SunnyDay|[upkeep]\n|-sideend|p2: MiraGraves|move: Tailwind\n|upkeep\n|\n|t:|1698725367\n|switch|p2a: Thundurus|Thundurus, M|23\/100\n|turn|19\n|\n|t:|1698725377\n|move|p2a: Thundurus|Thunder Wave|p1a: Iron Valiant\n|-status|p1a: Iron Valiant|par\n|cant|p1a: Iron Valiant|par\n|\n|-weather|SunnyDay|[upkeep]\n|upkeep\n|turn|20\n|\n|t:|1698725389\n|move|p2a: Thundurus|Volt Switch|p1a: Iron Valiant\n|-damage|p1a: Iron Valiant|0 fnt\n|faint|p1a: Iron Valiant\n|-end|p1a: Iron Valiant|Quark Drive|[silent]\n|\n|t:|1698725394\n|switch|p2a: Heliolisk|Heliolisk, M|37\/100|[from] Volt Switch\n|-activate|p2a: Heliolisk|move: Sticky Web\n|-unboost|p2a: Heliolisk|spe|1\n|\n|-weather|none\n|upkeep\n|\n|t:|1698725401\n|switch|p1a: Genesect|Genesect, shiny|84\/100\n|-damage|p1a: Genesect|67\/100|[from] Spikes\n|-ability|p1a: Genesect|Download|boost\n|-boost|p1a: Genesect|atk|1\n|turn|21\n|\n|t:|1698725419\n|-terastallize|p2a: Heliolisk|Fire\n|move|p1a: Genesect|Extreme Speed|p2a: Heliolisk\n|-damage|p2a: Heliolisk|0 fnt\n|faint|p2a: Heliolisk\n|\n|upkeep\n|\n|t:|1698725425\n|switch|p2a: Thundurus|Thundurus, M|23\/100\n|turn|22\n|\n|t:|1698725430\n|move|p1a: Genesect|Extreme Speed|p2a: Thundurus\n|-damage|p2a: Thundurus|0 fnt\n|faint|p2a: Thundurus\n|\n|win|Vario 64\u2606\u5f61\n|c|\u2606MiraGraves|gg\n|c|\u2606Vario 64\u2606\u5f61|gg\n","uploadtime":1698725439,"views":13,"p1id":"vario64","p2id":"miragraves","formatid":"gen9nationaldexubers","rating":0,"private":0,"password":""}