{"id":"gen9nationaldexubers-1987570134","p1":"Chaitanya15","p2":"hyrz98","format":"[Gen 9] National Dex Ubers","log":"|j|\u2606Chaitanya15\n|j|\u2606hyrz98\n|t:|1699613615\n|gametype|singles\n|player|p1|Chaitanya15|170|1440\n|player|p2|hyrz98|101|1598\n|teamsize|p1|6\n|teamsize|p2|6\n|gen|9\n|tier|[Gen 9] National Dex Ubers\n|rated|\n|rule|HP Percentage Mod: HP is shown in percentages\n|rule|Endless Battle Clause: Forcing endless battles is banned\n|rule|OHKO Clause: OHKO moves are banned\n|rule|Evasion Moves Clause: Evasion moves are banned\n|rule|Evasion Items Clause: Evasion items are banned\n|rule|Species Clause: Limit one of each Pok\u00e9mon\n|rule|Sleep Clause Mod: Limit one foe put to sleep\n|rule|Mega Rayquaza Clause: You cannot mega evolve Rayquaza\n|clearpoke\n|poke|p1|Kingambit, F|\n|poke|p1|Basculegion, M|\n|poke|p1|Kyogre|\n|poke|p1|Flutter Mane|\n|poke|p1|Deoxys-Speed|\n|poke|p1|Groudon|\n|poke|p2|Lugia|\n|poke|p2|Yveltal|\n|poke|p2|Marshadow|\n|poke|p2|Zygarde|\n|poke|p2|Arceus|\n|poke|p2|Garchomp, M|\n|teampreview\n|inactive|Battle timer is ON: inactive players will automatically lose when time's up. (requested by hyrz98)\n|\n|t:|1699613629\n|start\n|switch|p1a: Flutter Mane|Flutter Mane|100\/100\n|switch|p2a: Yveltal|Yveltal|100\/100\n|-ability|p2a: Yveltal|Dark Aura\n|-enditem|p1a: Flutter Mane|Booster Energy\n|-activate|p1a: Flutter Mane|ability: Protosynthesis|[fromitem]\n|-start|p1a: Flutter Mane|protosynthesisspe\n|turn|1\n|\n|t:|1699613655\n|-terastallize|p2a: Yveltal|Steel\n|move|p1a: Flutter Mane|Moonblast|p2a: Yveltal\n|-resisted|p2a: Yveltal\n|-damage|p2a: Yveltal|79\/100\n|move|p2a: Yveltal|Dark Pulse|p1a: Flutter Mane\n|-damage|p1a: Flutter Mane|43\/100\n|\n|upkeep\n|turn|2\n|\n|t:|1699613665\n|move|p1a: Flutter Mane|Mystical Fire|p2a: Yveltal\n|-supereffective|p2a: Yveltal\n|-damage|p2a: Yveltal|33\/100\n|-unboost|p2a: Yveltal|spa|1\n|move|p2a: Yveltal|Oblivion Wing|p1a: Flutter Mane\n|-damage|p1a: Flutter Mane|13\/100\n|-heal|p2a: Yveltal|48\/100|[from] drain|[of] p1a: Flutter Mane\n|\n|upkeep\n|turn|3\n|\n|t:|1699613676\n|move|p2a: Yveltal|Sucker Punch|p1a: Flutter Mane\n|-damage|p1a: Flutter Mane|0 fnt\n|faint|p1a: Flutter Mane\n|-end|p1a: Flutter Mane|Protosynthesis|[silent]\n|\n|upkeep\n|\n|t:|1699613689\n|switch|p1a: Kyogre|Kyogre|100\/100\n|-weather|RainDance|[from] ability: Drizzle|[of] p1a: Kyogre\n|turn|4\n|\n|t:|1699613704\n|move|p1a: Kyogre|Water Spout|p2a: Yveltal\n|-damage|p2a: Yveltal|0 fnt\n|faint|p2a: Yveltal\n|\n|-weather|RainDance|[upkeep]\n|upkeep\n|\n|t:|1699613712\n|switch|p2a: Lugia|Lugia|100\/100\n|turn|5\n|\n|t:|1699613728\n|move|p1a: Kyogre|Water Spout|p2a: Lugia\n|-damage|p2a: Lugia|61\/100\n|move|p2a: Lugia|Toxic|p1a: Kyogre\n|-status|p1a: Kyogre|tox\n|\n|-weather|RainDance|[upkeep]\n|-heal|p2a: Lugia|67\/100|[from] item: Leftovers\n|-damage|p1a: Kyogre|94\/100 tox|[from] psn\n|upkeep\n|turn|6\n|\n|t:|1699613740\n|switch|p1a: Deoxys|Deoxys-Speed|100\/100\n|-ability|p1a: Deoxys|Pressure\n|move|p2a: Lugia|Recover|p2a: Lugia\n|-heal|p2a: Lugia|100\/100\n|\n|-weather|RainDance|[upkeep]\n|upkeep\n|turn|7\n|\n|t:|1699613750\n|move|p1a: Deoxys|Stealth Rock|p2a: Lugia\n|-sidestart|p2: hyrz98|move: Stealth Rock\n|move|p2a: Lugia|Aeroblast|p1a: Deoxys\n|-damage|p1a: Deoxys|60\/100\n|\n|-weather|RainDance|[upkeep]\n|upkeep\n|turn|8\n|\n|t:|1699613758\n|move|p1a: Deoxys|Spikes|p2a: Lugia\n|-sidestart|p2: hyrz98|Spikes\n|move|p2a: Lugia|Toxic|p1a: Deoxys\n|-status|p1a: Deoxys|tox\n|\n|-weather|none\n|-damage|p1a: Deoxys|54\/100 tox|[from] psn\n|upkeep\n|turn|9\n|\n|t:|1699613768\n|move|p1a: Deoxys|Spikes|p2a: Lugia\n|-sidestart|p2: hyrz98|Spikes\n|move|p2a: Lugia|Aeroblast|p1a: Deoxys\n|-crit|p1a: Deoxys\n|-damage|p1a: Deoxys|0 fnt\n|faint|p1a: Deoxys\n|\n|upkeep\n|\n|t:|1699613787\n|switch|p1a: Kyogre|Kyogre|94\/100 tox\n|-weather|RainDance|[from] ability: Drizzle|[of] p1a: Kyogre\n|turn|10\n|\n|t:|1699613794\n|move|p1a: Kyogre|Thunder|p2a: Lugia\n|-supereffective|p2a: Lugia\n|-damage|p2a: Lugia|76\/100\n|-status|p2a: Lugia|par\n|cant|p2a: Lugia|par\n|\n|-weather|RainDance|[upkeep]\n|-heal|p2a: Lugia|82\/100 par|[from] item: Leftovers\n|-damage|p1a: Kyogre|88\/100 tox|[from] psn\n|upkeep\n|turn|11\n|\n|t:|1699613806\n|switch|p2a: Garchomp|Garchomp, M|100\/100\n|-damage|p2a: Garchomp|94\/100|[from] Stealth Rock\n|-damage|p2a: Garchomp|78\/100|[from] Spikes\n|move|p1a: Kyogre|Thunder|p2a: Garchomp\n|-immune|p2a: Garchomp\n|\n|-weather|RainDance|[upkeep]\n|-damage|p1a: Kyogre|76\/100 tox|[from] psn\n|upkeep\n|turn|12\n|\n|t:|1699613820\n|switch|p1a: Kingambit|Kingambit, F|100\/100\n|-activate|p1a: Kingambit|ability: Supreme Overlord\n|-start|p1a: Kingambit|fallen2|[silent]\n|move|p2a: Garchomp|Stealth Rock|p1a: Kingambit\n|-sidestart|p1: Chaitanya15|move: Stealth Rock\n|\n|-weather|RainDance|[upkeep]\n|upkeep\n|turn|13\n|\n|t:|1699613831\n|move|p2a: Garchomp|Earthquake|p1a: Kingambit\n|-supereffective|p1a: Kingambit\n|-damage|p1a: Kingambit|28\/100\n|move|p1a: Kingambit|Kowtow Cleave|p2a: Garchomp\n|-damage|p2a: Garchomp|6\/100\n|-damage|p1a: Kingambit|15\/100|[from] ability: Rough Skin|[of] p2a: Garchomp\n|-damage|p1a: Kingambit|5\/100|[from] item: Life Orb\n|\n|-weather|RainDance|[upkeep]\n|upkeep\n|turn|14\n|\n|t:|1699613843\n|move|p1a: Kingambit|Sucker Punch|p2a: Garchomp\n|-damage|p2a: Garchomp|0 fnt\n|-damage|p1a: Kingambit|0 fnt|[from] ability: Rough Skin|[of] p2a: Garchomp\n|faint|p2a: Garchomp\n|faint|p1a: Kingambit\n|-end|p1a: Kingambit|fallen2|[silent]\n|\n|-weather|none\n|upkeep\n|\n|t:|1699613856\n|switch|p2a: Lugia|Lugia|82\/100 par\n|switch|p1a: Groudon|Groudon|100\/100\n|-damage|p1a: Groudon|94\/100|[from] Stealth Rock\n|-damage|p2a: Lugia|57\/100 par|[from] Stealth Rock\n|detailschange|p1a: Groudon|Groudon-Primal\n|-primal|p1a: Groudon|Red Orb\n|-weather|DesolateLand|[from] ability: Desolate Land|[of] p1a: Groudon\n|turn|15\n|\n|t:|1699613867\n|move|p1a: Groudon|Rock Polish|p1a: Groudon\n|-boost|p1a: Groudon|spe|2\n|move|p2a: Lugia|Recover|p2a: Lugia\n|-heal|p2a: Lugia|100\/100 par\n|\n|-weather|DesolateLand|[upkeep]\n|upkeep\n|turn|16\n|\n|t:|1699613875\n|move|p1a: Groudon|Swords Dance|p1a: Groudon\n|-boost|p1a: Groudon|atk|2\n|move|p2a: Lugia|Toxic|p1a: Groudon\n|-status|p1a: Groudon|tox\n|\n|-weather|DesolateLand|[upkeep]\n|-damage|p1a: Groudon|88\/100 tox|[from] psn\n|upkeep\n|turn|17\n|\n|t:|1699613884\n|move|p1a: Groudon|Heat Crash|p2a: Lugia\n|-damage|p2a: Lugia|33\/100 par\n|move|p2a: Lugia|Recover|p2a: Lugia\n|-heal|p2a: Lugia|83\/100 par\n|\n|-weather|DesolateLand|[upkeep]\n|-heal|p2a: Lugia|89\/100 par|[from] item: Leftovers\n|-damage|p1a: Groudon|76\/100 tox|[from] psn\n|upkeep\n|turn|18\n|\n|t:|1699613895\n|move|p1a: Groudon|Heat Crash|p2a: Lugia\n|-damage|p2a: Lugia|0 fnt\n|faint|p2a: Lugia\n|\n|-weather|DesolateLand|[upkeep]\n|-damage|p1a: Groudon|57\/100 tox|[from] psn\n|upkeep\n|\n|t:|1699613906\n|switch|p2a: Zygarde|Zygarde|100\/100\n|-damage|p2a: Zygarde|94\/100|[from] Stealth Rock\n|-damage|p2a: Zygarde|78\/100|[from] Spikes\n|turn|19\n|\n|t:|1699613913\n|move|p2a: Zygarde|Extreme Speed|p1a: Groudon\n|-damage|p1a: Groudon|40\/100 tox\n|move|p1a: Groudon|Precipice Blades|p2a: Zygarde\n|-damage|p2a: Zygarde|0 fnt\n|faint|p2a: Zygarde\n|\n|-weather|DesolateLand|[upkeep]\n|-damage|p1a: Groudon|15\/100 tox|[from] psn\n|upkeep\n|\n|t:|1699613931\n|switch|p2a: Arceus|Arceus|100\/100\n|-damage|p2a: Arceus|88\/100|[from] Stealth Rock\n|-damage|p2a: Arceus|72\/100|[from] Spikes\n|turn|20\n|\n|t:|1699613945\n|move|p2a: Arceus|Extreme Speed|p1a: Groudon\n|-damage|p1a: Groudon|0 fnt\n|faint|p1a: Groudon\n|-weather|none\n|\n|upkeep\n|\n|t:|1699613952\n|switch|p1a: Kyogre|Kyogre|76\/100 tox\n|-damage|p1a: Kyogre|64\/100 tox|[from] Stealth Rock\n|-weather|RainDance|[from] ability: Drizzle|[of] p1a: Kyogre\n|turn|21\n|\n|t:|1699613958\n|move|p2a: Arceus|Extreme Speed|p1a: Kyogre\n|-damage|p1a: Kyogre|13\/100 tox\n|move|p1a: Kyogre|Water Spout|p2a: Arceus\n|-damage|p2a: Arceus|60\/100\n|\n|-weather|RainDance|[upkeep]\n|-damage|p1a: Kyogre|7\/100 tox|[from] psn\n|upkeep\n|turn|22\n|\n|t:|1699613969\n|move|p2a: Arceus|Extreme Speed|p1a: Kyogre\n|-damage|p1a: Kyogre|0 fnt\n|faint|p1a: Kyogre\n|\n|-weather|RainDance|[upkeep]\n|upkeep\n|\n|t:|1699613975\n|switch|p1a: Basculegion|Basculegion, M|100\/100\n|-damage|p1a: Basculegion|88\/100|[from] Stealth Rock\n|turn|23\n|\n|t:|1699613981\n|-terastallize|p1a: Basculegion|Water\n|move|p2a: Arceus|Extreme Speed|p1a: Basculegion\n|-damage|p1a: Basculegion|34\/100\n|move|p1a: Basculegion|Wave Crash|p2a: Arceus\n|-damage|p2a: Arceus|0 fnt\n|faint|p2a: Arceus\n|-damage|p1a: Basculegion|14\/100|[from] Recoil\n|\n|-weather|RainDance|[upkeep]\n|upkeep\n|\n|t:|1699613993\n|switch|p2a: Marshadow|Marshadow|100\/100\n|-damage|p2a: Marshadow|94\/100|[from] Stealth Rock\n|-damage|p2a: Marshadow|78\/100|[from] Spikes\n|turn|24\n|\n|t:|1699614000\n|move|p2a: Marshadow|Shadow Sneak|p1a: Basculegion\n|-damage|p1a: Basculegion|0 fnt\n|faint|p1a: Basculegion\n|\n|win|hyrz98\n|raw|Chaitanya15's rating: 1440 &rarr; <strong>1429<\/strong><br \/>(-11 for losing)\n|raw|hyrz98's rating: 1598 &rarr; <strong>1609<\/strong><br \/>(+11 for winning)\n|l|\u2606Chaitanya15\n","uploadtime":1699614058,"views":5,"p1id":"chaitanya15","p2id":"hyrz98","formatid":"gen9nationaldexubers","rating":1429,"private":0,"password":""}