{"id":"gen9nationaldexubers-1987395709","p1":"PrismaticMermaid","p2":"yipiee","format":"[Gen 9] National Dex Ubers","log":"|j|\u2606PrismaticMermaid\n|j|\u2606yipiee\n|t:|1699585885\n|gametype|singles\n|player|p1|PrismaticMermaid|lisia|1166\n|player|p2|yipiee|102|1329\n|teamsize|p1|6\n|teamsize|p2|6\n|gen|9\n|tier|[Gen 9] National Dex Ubers\n|rated|\n|rule|HP Percentage Mod: HP is shown in percentages\n|rule|Endless Battle Clause: Forcing endless battles is banned\n|rule|OHKO Clause: OHKO moves are banned\n|rule|Evasion Moves Clause: Evasion moves are banned\n|rule|Evasion Items Clause: Evasion items are banned\n|rule|Species Clause: Limit one of each Pok\u00e9mon\n|rule|Sleep Clause Mod: Limit one foe put to sleep\n|rule|Mega Rayquaza Clause: You cannot mega evolve Rayquaza\n|clearpoke\n|poke|p1|Garchomp, F|\n|poke|p1|Greninja-*, M|\n|poke|p1|Ursaluna-Bloodmoon, M|\n|poke|p1|Cloyster, M|\n|poke|p1|Reuniclus, F|\n|poke|p1|Solrock|\n|poke|p2|Shuckle, F|\n|poke|p2|Dracovish|\n|poke|p2|Gholdengo|\n|poke|p2|Kyogre|\n|poke|p2|Arceus-Ground|\n|poke|p2|Rayquaza|\n|teampreview\n|\n|t:|1699585891\n|start\n|switch|p1a: Solrock|Solrock|100\/100\n|switch|p2a: Shuckle|Shuckle, F, shiny|100\/100\n|turn|1\n|\n|t:|1699585897\n|move|p1a: Solrock|Toxic|p2a: Shuckle\n|-status|p2a: Shuckle|tox\n|move|p2a: Shuckle|Sticky Web|p1a: Solrock\n|-sidestart|p1: PrismaticMermaid|move: Sticky Web\n|\n|-damage|p2a: Shuckle|94\/100 tox|[from] psn\n|upkeep\n|turn|2\n|inactive|Battle timer is ON: inactive players will automatically lose when time's up. (requested by yipiee)\n|\n|t:|1699585911\n|switch|p1a: Cloyster|Cloyster, M|100\/100\n|-activate|p1a: Cloyster|move: Sticky Web\n|-unboost|p1a: Cloyster|spe|1\n|move|p2a: Shuckle|Stealth Rock|p1a: Cloyster\n|-sidestart|p1: PrismaticMermaid|move: Stealth Rock\n|\n|-damage|p2a: Shuckle|82\/100 tox|[from] psn\n|upkeep\n|turn|3\n|\n|t:|1699585921\n|move|p1a: Cloyster|Rapid Spin|p2a: Shuckle\n|-resisted|p2a: Shuckle\n|-damage|p2a: Shuckle|78\/100 tox\n|-boost|p1a: Cloyster|spe|1\n|-sideend|p1: PrismaticMermaid|Stealth Rock|[from] move: Rapid Spin|[of] p1a: Cloyster\n|-sideend|p1: PrismaticMermaid|Sticky Web|[from] move: Rapid Spin|[of] p1a: Cloyster\n|move|p2a: Shuckle|Final Gambit|p1a: Cloyster\n|-damage|p1a: Cloyster|25\/100\n|faint|p2a: Shuckle\n|\n|upkeep\n|\n|t:|1699585939\n|switch|p2a: Kyogre|Kyogre|100\/100\n|-weather|RainDance|[from] ability: Drizzle|[of] p2a: Kyogre\n|turn|4\n|\n|t:|1699585947\n|move|p2a: Kyogre|Surf|p1a: Cloyster\n|-resisted|p1a: Cloyster\n|-damage|p1a: Cloyster|0 fnt\n|faint|p1a: Cloyster\n|\n|-weather|RainDance|[upkeep]\n|upkeep\n|inactive|PrismaticMermaid has 120 seconds left.\n|\n|t:|1699585978\n|switch|p1a: Reuniclus|Reuniclus, F|100\/100\n|turn|5\n|\n|t:|1699585982\n|move|p2a: Kyogre|Surf|p1a: Reuniclus\n|-damage|p1a: Reuniclus|0 fnt\n|faint|p1a: Reuniclus\n|\n|-weather|RainDance|[upkeep]\n|upkeep\n|\n|t:|1699585990\n|switch|p1a: Ursaluna|Ursaluna-Bloodmoon, M|100\/100\n|turn|6\n|\n|t:|1699585998\n|-terastallize|p1a: Ursaluna|Normal\n|move|p2a: Kyogre|Surf|p1a: Ursaluna\n|-damage|p1a: Ursaluna|19\/100\n|move|p1a: Ursaluna|Blood Moon|p2a: Kyogre\n|-damage|p2a: Kyogre|24\/100\n|\n|-weather|RainDance|[upkeep]\n|upkeep\n|turn|7\n|\n|t:|1699586006\n|move|p2a: Kyogre|Surf|p1a: Ursaluna\n|-damage|p1a: Ursaluna|0 fnt\n|faint|p1a: Ursaluna\n|\n|-weather|RainDance|[upkeep]\n|upkeep\n|\n|t:|1699586011\n|switch|p1a: Greninja|Greninja, M|100\/100\n|turn|8\n|\n|t:|1699586018\n|move|p1a: Greninja|Scald|p2a: Kyogre\n|-resisted|p2a: Kyogre\n|-damage|p2a: Kyogre|4\/100\n|move|p2a: Kyogre|Surf|p1a: Greninja\n|-resisted|p1a: Greninja\n|-enditem|p1a: Greninja|Focus Sash\n|-damage|p1a: Greninja|1\/100\n|\n|-weather|none\n|upkeep\n|turn|9\n|\n|t:|1699586027\n|move|p1a: Greninja|Ice Beam|p2a: Kyogre\n|-resisted|p2a: Kyogre\n|-damage|p2a: Kyogre|0 fnt\n|faint|p2a: Kyogre\n|-ability|p1a: Greninja|Battle Bond|boost\n|-boost|p1a: Greninja|atk|1\n|-boost|p1a: Greninja|spa|1\n|-boost|p1a: Greninja|spe|1\n|-activate|p1a: Greninja|ability: Battle Bond\n|\n|upkeep\n|\n|t:|1699586032\n|switch|p2a: Rayquaza|Rayquaza, shiny|100\/100\n|-ability|p2a: Rayquaza|Air Lock\n|turn|10\n|\n|t:|1699586037\n|move|p2a: Rayquaza|Extreme Speed|p1a: Greninja\n|-damage|p1a: Greninja|0 fnt\n|faint|p1a: Greninja\n|\n|upkeep\n|\n|t:|1699586042\n|switch|p1a: Solrock|Solrock|100\/100\n|turn|11\n|\n|t:|1699586048\n|switch|p2a: Gholdengo|Gholdengo|100\/100\n|-item|p2a: Gholdengo|Air Balloon\n|move|p1a: Solrock|Toxic|p2a: Gholdengo\n|-immune|p2a: Gholdengo|[from] ability: Good as Gold\n|\n|upkeep\n|turn|12\n|\n|t:|1699586055\n|switch|p1a: Garchomp|Garchomp, F|100\/100\n|move|p2a: Gholdengo|Shadow Ball|p1a: Garchomp\n|-damage|p1a: Garchomp|59\/100\n|\n|upkeep\n|turn|13\n|\n|t:|1699586062\n|move|p1a: Garchomp|Scale Shot|p2a: Gholdengo\n|-resisted|p2a: Gholdengo\n|-damage|p2a: Gholdengo|95\/100\n|-enditem|p2a: Gholdengo|Air Balloon\n|-resisted|p2a: Gholdengo\n|-damage|p2a: Gholdengo|90\/100\n|-resisted|p2a: Gholdengo\n|-crit|p2a: Gholdengo\n|-damage|p2a: Gholdengo|82\/100\n|-resisted|p2a: Gholdengo\n|-damage|p2a: Gholdengo|77\/100\n|-resisted|p2a: Gholdengo\n|-damage|p2a: Gholdengo|72\/100\n|-hitcount|p2a: Gholdengo|5\n|-unboost|p1a: Garchomp|def|1\n|-boost|p1a: Garchomp|spe|1\n|move|p2a: Gholdengo|Make It Rain|p1a: Garchomp\n|-damage|p1a: Garchomp|0 fnt\n|-unboost|p2a: Gholdengo|spa|1\n|faint|p1a: Garchomp\n|\n|upkeep\n|-message|PrismaticMermaid forfeited.\n|\n|win|yipiee\n|raw|PrismaticMermaid's rating: 1166 &rarr; <strong>1152<\/strong><br \/>(-14 for losing)\n|raw|yipiee's rating: 1329 &rarr; <strong>1340<\/strong><br \/>(+11 for winning)\n|l|\u2606PrismaticMermaid\n","uploadtime":1699586091,"views":5,"p1id":"prismaticmermaid","p2id":"yipiee","formatid":"gen9nationaldexubers","rating":1152,"private":0,"password":""}