{"id":"gen9nationaldexubers-1991688165","p1":"Maybebetterthanu","p2":"Beast of Moonlight","format":"[Gen 9] National Dex Ubers","log":"|j|\u2606Maybebetterthanu\n|j|\u2606Beast of Moonlight\n|t:|1700102813\n|gametype|singles\n|player|p1|Maybebetterthanu|1|\n|player|p2|Beast of Moonlight|riley|\n|teamsize|p1|6\n|teamsize|p2|6\n|gen|9\n|tier|[Gen 9] National Dex Ubers\n|rule|HP Percentage Mod: HP is shown in percentages\n|rule|Endless Battle Clause: Forcing endless battles is banned\n|rule|OHKO Clause: OHKO moves are banned\n|rule|Evasion Moves Clause: Evasion moves are banned\n|rule|Evasion Items Clause: Evasion items are banned\n|rule|Species Clause: Limit one of each Pok\u00e9mon\n|rule|Sleep Clause Mod: Limit one foe put to sleep\n|rule|Mega Rayquaza Clause: You cannot mega evolve Rayquaza\n|clearpoke\n|poke|p1|Ribombee, M|\n|poke|p1|Walking Wake|\n|poke|p1|Magnezone|\n|poke|p1|Ogerpon-Cornerstone, F|\n|poke|p1|Slowbro, F|\n|poke|p1|Gliscor, F|\n|poke|p2|Forretress, F|\n|poke|p2|Flygon, M|\n|poke|p2|Manectric, F|\n|poke|p2|Ninetales-Alola, M|\n|poke|p2|Heatran, M|\n|poke|p2|Jumpluff, F|\n|teampreview\n|\n|t:|1700102863\n|start\n|switch|p1a: Flower Boy|Ribombee, M|100\/100\n|switch|p2a: Artist Block|Flygon, M|100\/100\n|turn|1\n|\n|t:|1700102873\n|move|p2a: Artist Block|U-turn|p1a: Flower Boy\n|-resisted|p1a: Flower Boy\n|-damage|p1a: Flower Boy|81\/100\n|\n|t:|1700102878\n|switch|p2a: Foretress|Forretress, F|100\/100|[from] U-turn\n|move|p1a: Flower Boy|Moonblast|p2a: Foretress\n|-resisted|p2a: Foretress\n|-damage|p2a: Foretress|73\/100\n|-enditem|p2a: Foretress|Red Card|[of] p1a: Flower Boy\n|drag|p1a: Bone Hurting Juice|Gliscor, F|100\/100\n|\n|-status|p1a: Bone Hurting Juice|tox|[from] item: Toxic Orb\n|upkeep\n|turn|2\n|j| imjustthatawsom\n|\n|t:|1700102893\n|switch|p1a: Radiohead|Magnezone|100\/100\n|move|p2a: Foretress|Stealth Rock|p1a: Radiohead\n|-sidestart|p1: Maybebetterthanu|move: Stealth Rock\n|\n|upkeep\n|turn|3\n|\n|t:|1700102900\n|move|p1a: Radiohead|Thunderbolt|p2a: Foretress\n|-damage|p2a: Foretress|1\/100\n|move|p2a: Foretress|Spikes|p1a: Radiohead\n|-sidestart|p1: Maybebetterthanu|Spikes\n|\n|upkeep\n|turn|4\n|\n|t:|1700102911\n|move|p1a: Radiohead|Thunderbolt|p2a: Foretress\n|-crit|p2a: Foretress\n|-damage|p2a: Foretress|0 fnt\n|faint|p2a: Foretress\n|\n|upkeep\n|\n|t:|1700102920\n|switch|p2a: Artist Block|Flygon, M|100\/100\n|turn|5\n|\n|t:|1700102930\n|switch|p1a: Bone Hurting Juice|Gliscor, F|100\/100 tox\n|-damage|p1a: Bone Hurting Juice|88\/100 tox|[from] Stealth Rock\n|move|p2a: Artist Block|U-turn|p1a: Bone Hurting Juice\n|-resisted|p1a: Bone Hurting Juice\n|-damage|p1a: Bone Hurting Juice|82\/100 tox\n|\n|t:|1700102946\n|switch|p2a: Hullbreaker|Jumpluff, F|100\/100|[from] U-turn\n|\n|-heal|p1a: Bone Hurting Juice|94\/100 tox|[from] ability: Poison Heal\n|upkeep\n|turn|6\n|\n|t:|1700102965\n|move|p2a: Hullbreaker|Leech Seed|p1a: Bone Hurting Juice\n|-start|p1a: Bone Hurting Juice|move: Leech Seed\n|move|p1a: Bone Hurting Juice|Stealth Rock|p2a: Hullbreaker\n|-sidestart|p2: Beast of Moonlight|move: Stealth Rock\n|\n|-damage|p1a: Bone Hurting Juice|82\/100 tox|[from] Leech Seed|[of] p2a: Hullbreaker\n|-heal|p1a: Bone Hurting Juice|94\/100 tox|[from] ability: Poison Heal\n|upkeep\n|turn|7\n|\n|t:|1700102972\n|move|p2a: Hullbreaker|Strength Sap|p1a: Bone Hurting Juice\n|-unboost|p1a: Bone Hurting Juice|atk|1\n|move|p1a: Bone Hurting Juice|Toxic|p2a: Hullbreaker\n|-status|p2a: Hullbreaker|tox\n|\n|-damage|p1a: Bone Hurting Juice|82\/100 tox|[from] Leech Seed|[of] p2a: Hullbreaker\n|-damage|p2a: Hullbreaker|94\/100 tox|[from] psn\n|-heal|p1a: Bone Hurting Juice|94\/100 tox|[from] ability: Poison Heal\n|upkeep\n|turn|8\n|\n|t:|1700102983\n|switch|p2a: Jester|Ninetales-Alola, M, shiny|100\/100\n|-damage|p2a: Jester|76\/100|[from] Stealth Rock\n|-weather|Snow|[from] ability: Snow Warning|[of] p2a: Jester\n|move|p1a: Bone Hurting Juice|Earthquake|p2a: Jester\n|-damage|p2a: Jester|54\/100\n|\n|-weather|Snow|[upkeep]\n|-damage|p1a: Bone Hurting Juice|82\/100 tox|[from] Leech Seed|[of] p2a: Jester\n|-heal|p2a: Jester|69\/100|[silent]\n|-heal|p1a: Bone Hurting Juice|94\/100 tox|[from] ability: Poison Heal\n|upkeep\n|turn|9\n|\n|t:|1700103002\n|switch|p2a: Artist Block|Flygon, M|100\/100\n|-damage|p2a: Artist Block|95\/100|[from] Stealth Rock\n|switch|p1a: Radiohead|Magnezone|100\/100\n|-damage|p1a: Radiohead|94\/100|[from] Stealth Rock\n|-damage|p1a: Radiohead|82\/100|[from] Spikes\n|\n|-weather|Snow|[upkeep]\n|upkeep\n|turn|10\n|\n|t:|1700103023\n|switch|p1a: Bone Hurting Juice|Gliscor, F|94\/100 tox\n|-damage|p1a: Bone Hurting Juice|82\/100 tox|[from] Stealth Rock\n|move|p2a: Artist Block|Earthquake|p1a: Bone Hurting Juice\n|-immune|p1a: Bone Hurting Juice\n|\n|-weather|Snow|[upkeep]\n|-heal|p1a: Bone Hurting Juice|94\/100 tox|[from] ability: Poison Heal\n|upkeep\n|turn|11\n|\n|t:|1700103052\n|switch|p2a: Hullbreaker|Jumpluff, F|94\/100 tox\n|-damage|p2a: Hullbreaker|69\/100 tox|[from] Stealth Rock\n|move|p1a: Bone Hurting Juice|Earthquake|p2a: Hullbreaker\n|-immune|p2a: Hullbreaker\n|\n|-weather|Snow|[upkeep]\n|-damage|p2a: Hullbreaker|63\/100 tox|[from] psn\n|-heal|p1a: Bone Hurting Juice|100\/100 tox|[from] ability: Poison Heal\n|upkeep\n|turn|12\n|\n|t:|1700103064\n|move|p1a: Bone Hurting Juice|Protect|p1a: Bone Hurting Juice\n|-singleturn|p1a: Bone Hurting Juice|Protect\n|move|p2a: Hullbreaker|Leech Seed|p1a: Bone Hurting Juice\n|-activate|p1a: Bone Hurting Juice|move: Protect\n|\n|-weather|none\n|-damage|p2a: Hullbreaker|51\/100 tox|[from] psn\n|upkeep\n|turn|13\n|\n|t:|1700103093\n|move|p2a: Hullbreaker|Strength Sap|p1a: Bone Hurting Juice\n|-unboost|p1a: Bone Hurting Juice|atk|1\n|-heal|p2a: Hullbreaker|100\/100 tox\n|move|p1a: Bone Hurting Juice|Earthquake|p2a: Hullbreaker\n|-immune|p2a: Hullbreaker\n|\n|-damage|p2a: Hullbreaker|82\/100 tox|[from] psn\n|upkeep\n|turn|14\n|\n|t:|1700103105\n|switch|p2a: Artist Block|Flygon, M|95\/100\n|-damage|p2a: Artist Block|89\/100|[from] Stealth Rock\n|move|p1a: Bone Hurting Juice|Protect||[still]\n|-fail|p1a: Bone Hurting Juice\n|\n|upkeep\n|turn|15\n|\n|t:|1700103112\n|switch|p2a: Hullbreaker|Jumpluff, F|82\/100 tox\n|-damage|p2a: Hullbreaker|57\/100 tox|[from] Stealth Rock\n|move|p1a: Bone Hurting Juice|Toxic|p2a: Hullbreaker\n|-fail|p2a: Hullbreaker|tox\n|\n|-damage|p2a: Hullbreaker|51\/100 tox|[from] psn\n|upkeep\n|turn|16\n|\n|t:|1700103120\n|move|p2a: Hullbreaker|Leech Seed|p1a: Bone Hurting Juice\n|-start|p1a: Bone Hurting Juice|move: Leech Seed\n|move|p1a: Bone Hurting Juice|Toxic|p2a: Hullbreaker\n|-fail|p2a: Hullbreaker|tox\n|\n|-damage|p1a: Bone Hurting Juice|88\/100 tox|[from] Leech Seed|[of] p2a: Hullbreaker\n|-heal|p2a: Hullbreaker|67\/100 tox|[silent]\n|-damage|p2a: Hullbreaker|54\/100 tox|[from] psn\n|-heal|p1a: Bone Hurting Juice|100\/100 tox|[from] ability: Poison Heal\n|upkeep\n|turn|17\n|\n|t:|1700103128\n|move|p1a: Bone Hurting Juice|Protect|p1a: Bone Hurting Juice\n|-singleturn|p1a: Bone Hurting Juice|Protect\n|move|p2a: Hullbreaker|Strength Sap|p1a: Bone Hurting Juice\n|-activate|p1a: Bone Hurting Juice|move: Protect\n|\n|-damage|p1a: Bone Hurting Juice|88\/100 tox|[from] Leech Seed|[of] p2a: Hullbreaker\n|-heal|p2a: Hullbreaker|71\/100 tox|[silent]\n|-damage|p2a: Hullbreaker|52\/100 tox|[from] psn\n|-heal|p1a: Bone Hurting Juice|100\/100 tox|[from] ability: Poison Heal\n|upkeep\n|turn|18\n|\n|t:|1700103144\n|move|p2a: Hullbreaker|Strength Sap|p1a: Bone Hurting Juice\n|-unboost|p1a: Bone Hurting Juice|atk|1\n|-heal|p2a: Hullbreaker|100\/100 tox\n|move|p1a: Bone Hurting Juice|Toxic|p2a: Hullbreaker\n|-fail|p2a: Hullbreaker|tox\n|\n|-damage|p1a: Bone Hurting Juice|88\/100 tox|[from] Leech Seed|[of] p2a: Hullbreaker\n|-damage|p2a: Hullbreaker|76\/100 tox|[from] psn\n|-heal|p1a: Bone Hurting Juice|100\/100 tox|[from] ability: Poison Heal\n|upkeep\n|turn|19\n|\n|t:|1700103167\n|switch|p2a: Moradin|Heatran, M|100\/100\n|-damage|p2a: Moradin|88\/100|[from] Stealth Rock\n|move|p1a: Bone Hurting Juice|Protect||[still]\n|-fail|p1a: Bone Hurting Juice\n|\n|-damage|p1a: Bone Hurting Juice|88\/100 tox|[from] Leech Seed|[of] p2a: Moradin\n|-heal|p2a: Moradin|99\/100|[silent]\n|-heal|p1a: Bone Hurting Juice|100\/100 tox|[from] ability: Poison Heal\n|upkeep\n|turn|20\n|\n|t:|1700103210\n|switch|p1a: Drumstick|Slowbro, F|100\/100\n|-damage|p1a: Drumstick|88\/100|[from] Stealth Rock\n|-damage|p1a: Drumstick|76\/100|[from] Spikes\n|move|p2a: Moradin|Magma Storm|p1a: Drumstick\n|-resisted|p1a: Drumstick\n|-damage|p1a: Drumstick|55\/100\n|-activate|p1a: Drumstick|move: Magma Storm|[of] p2a: Moradin\n|\n|-damage|p1a: Drumstick|42\/100|[from] move: Magma Storm|[partiallytrapped]\n|upkeep\n|turn|21\n|\n|t:|1700103228\n|switch|p2a: Hidden Power|Manectric, F, shiny|100\/100\n|-damage|p2a: Hidden Power|88\/100|[from] Stealth Rock\n|detailschange|p1a: Drumstick|Slowbro-Mega, F\n|-mega|p1a: Drumstick|Slowbro|Slowbronite\n|move|p1a: Drumstick|Slack Off|p1a: Drumstick\n|-heal|p1a: Drumstick|92\/100\n|\n|-end|p1a: Drumstick|Magma Storm|[partiallytrapped]|[silent]\n|upkeep\n|turn|22\n|\n|t:|1700103238\n|detailschange|p2a: Hidden Power|Manectric-Mega, F, shiny\n|-mega|p2a: Hidden Power|Manectric|Manectite\n|-ability|p2a: Hidden Power|Intimidate|boost\n|-unboost|p1a: Drumstick|atk|1\n|move|p2a: Hidden Power|Volt Switch|p1a: Drumstick\n|-supereffective|p1a: Drumstick\n|-damage|p1a: Drumstick|28\/100\n|\n|t:|1700103245\n|switch|p2a: Jester|Ninetales-Alola, M, shiny|69\/100|[from] Volt Switch\n|-damage|p2a: Jester|44\/100|[from] Stealth Rock\n|-weather|Snow|[from] ability: Snow Warning|[of] p2a: Jester\n|move|p1a: Drumstick|Psyshock|p2a: Jester\n|-damage|p2a: Jester|11\/100\n|\n|-weather|Snow|[upkeep]\n|upkeep\n|turn|23\n|\n|t:|1700103260\n|switch|p1a: Radiohead|Magnezone|82\/100\n|-damage|p1a: Radiohead|76\/100|[from] Stealth Rock\n|-damage|p1a: Radiohead|64\/100|[from] Spikes\n|move|p2a: Jester|Freeze-Dry|p1a: Radiohead\n|-resisted|p1a: Radiohead\n|-damage|p1a: Radiohead|50\/100\n|\n|-weather|Snow|[upkeep]\n|upkeep\n|turn|24\n|\n|t:|1700103271\n|switch|p2a: Artist Block|Flygon, M|89\/100\n|-damage|p2a: Artist Block|83\/100|[from] Stealth Rock\n|move|p1a: Radiohead|Toxic|p2a: Artist Block\n|-status|p2a: Artist Block|tox\n|\n|-weather|Snow|[upkeep]\n|-damage|p2a: Artist Block|77\/100 tox|[from] psn\n|upkeep\n|turn|25\n|\n|t:|1700103279\n|switch|p1a: Bone Hurting Juice|Gliscor, F|100\/100 tox\n|-damage|p1a: Bone Hurting Juice|88\/100 tox|[from] Stealth Rock\n|move|p2a: Artist Block|U-turn|p1a: Bone Hurting Juice\n|-resisted|p1a: Bone Hurting Juice\n|-damage|p1a: Bone Hurting Juice|82\/100 tox\n|\n|t:|1700103285\n|switch|p2a: Hullbreaker|Jumpluff, F|76\/100 tox|[from] U-turn\n|-damage|p2a: Hullbreaker|51\/100 tox|[from] Stealth Rock\n|\n|-weather|Snow|[upkeep]\n|-damage|p2a: Hullbreaker|45\/100 tox|[from] psn\n|-heal|p1a: Bone Hurting Juice|95\/100 tox|[from] ability: Poison Heal\n|upkeep\n|turn|26\n|\n|t:|1700103298\n|move|p1a: Bone Hurting Juice|Protect|p1a: Bone Hurting Juice\n|-singleturn|p1a: Bone Hurting Juice|Protect\n|move|p2a: Hullbreaker|Strength Sap|p1a: Bone Hurting Juice\n|-activate|p1a: Bone Hurting Juice|move: Protect\n|\n|-weather|none\n|-damage|p2a: Hullbreaker|32\/100 tox|[from] psn\n|-heal|p1a: Bone Hurting Juice|100\/100 tox|[from] ability: Poison Heal\n|upkeep\n|turn|27\n|\n|t:|1700103331\n|switch|p1a: Flower Boy|Ribombee, M|81\/100\n|-damage|p1a: Flower Boy|56\/100|[from] Stealth Rock\n|-damage|p1a: Flower Boy|44\/100|[from] Spikes\n|move|p2a: Hullbreaker|Strength Sap|p1a: Flower Boy\n|-unboost|p1a: Flower Boy|atk|1\n|-heal|p2a: Hullbreaker|80\/100 tox\n|\n|-damage|p2a: Hullbreaker|62\/100 tox|[from] psn\n|upkeep\n|turn|28\n|\n|t:|1700103345\n|move|p1a: Flower Boy|Defog|p2a: Hullbreaker\n|-unboost|p2a: Hullbreaker|evasion|1\n|-sideend|p2: Beast of Moonlight|Stealth Rock|[from] move: Defog|[of] p1a: Flower Boy\n|-sideend|p1: Maybebetterthanu|Spikes|[from] move: Defog|[of] p1a: Flower Boy\n|-sideend|p1: Maybebetterthanu|Stealth Rock|[from] move: Defog|[of] p1a: Flower Boy\n|move|p2a: Hullbreaker|Leech Seed|p1a: Flower Boy\n|-start|p1a: Flower Boy|move: Leech Seed\n|\n|-damage|p1a: Flower Boy|32\/100|[from] Leech Seed|[of] p2a: Hullbreaker\n|-heal|p2a: Hullbreaker|73\/100 tox|[silent]\n|-damage|p2a: Hullbreaker|49\/100 tox|[from] psn\n|upkeep\n|turn|29\n|\n|t:|1700103361\n|move|p1a: Flower Boy|U-turn|p2a: Hullbreaker\n|-damage|p2a: Hullbreaker|38\/100 tox\n|\n|t:|1700103364\n|switch|p1a: Bone Hurting Juice|Gliscor, F|100\/100 tox|[from] U-turn\n|move|p2a: Hullbreaker|Toxic|p1a: Bone Hurting Juice\n|-fail|p1a: Bone Hurting Juice|tox\n|\n|-damage|p2a: Hullbreaker|6\/100 tox|[from] psn\n|upkeep\n|turn|30\n|\n|t:|1700103371\n|move|p2a: Hullbreaker|Strength Sap|p1a: Bone Hurting Juice\n|-unboost|p1a: Bone Hurting Juice|atk|1\n|-heal|p2a: Hullbreaker|89\/100 tox\n|move|p1a: Bone Hurting Juice|Stealth Rock|p2a: Hullbreaker\n|-sidestart|p2: Beast of Moonlight|move: Stealth Rock\n|\n|-damage|p2a: Hullbreaker|52\/100 tox|[from] psn\n|upkeep\n|turn|31\n|\n|t:|1700103381\n|switch|p2a: Jester|Ninetales-Alola, M, shiny|11\/100\n|-damage|p2a: Jester|0 fnt|[from] Stealth Rock\n|faint|p2a: Jester\n|move|p1a: Bone Hurting Juice|Protect||[still]\n|-fail|p1a: Bone Hurting Juice\n|\n|upkeep\n|\n|t:|1700103391\n|switch|p2a: Moradin|Heatran, M|99\/100\n|-damage|p2a: Moradin|88\/100|[from] Stealth Rock\n|turn|32\n|\n|t:|1700103396\n|move|p1a: Bone Hurting Juice|Earthquake|p2a: Moradin\n|-supereffective|p2a: Moradin\n|-enditem|p2a: Moradin|Shuca Berry|[eat]\n|-enditem|p2a: Moradin|Shuca Berry|[weaken]\n|-damage|p2a: Moradin|58\/100\n|move|p2a: Moradin|Magma Storm|p1a: Bone Hurting Juice\n|-damage|p1a: Bone Hurting Juice|47\/100 tox\n|-activate|p1a: Bone Hurting Juice|move: Magma Storm|[of] p2a: Moradin\n|\n|-heal|p1a: Bone Hurting Juice|59\/100 tox|[from] ability: Poison Heal\n|-damage|p1a: Bone Hurting Juice|47\/100 tox|[from] move: Magma Storm|[partiallytrapped]\n|upkeep\n|turn|33\n|\n|t:|1700103409\n|move|p1a: Bone Hurting Juice|Protect|p1a: Bone Hurting Juice\n|-singleturn|p1a: Bone Hurting Juice|Protect\n|move|p2a: Moradin|Magma Storm|p1a: Bone Hurting Juice\n|-activate|p1a: Bone Hurting Juice|move: Protect\n|\n|-heal|p1a: Bone Hurting Juice|59\/100 tox|[from] ability: Poison Heal\n|-damage|p1a: Bone Hurting Juice|47\/100 tox|[from] move: Magma Storm|[partiallytrapped]\n|upkeep\n|turn|34\n|\n|t:|1700103424\n|move|p1a: Bone Hurting Juice|Earthquake|p2a: Moradin\n|-supereffective|p2a: Moradin\n|-damage|p2a: Moradin|4\/100\n|move|p2a: Moradin|Magma Storm|p1a: Bone Hurting Juice\n|-damage|p1a: Bone Hurting Juice|0 fnt\n|faint|p1a: Bone Hurting Juice\n|\n|upkeep\n|\n|t:|1700103462\n|switch|p1a: ZUBUDUWA!|Ogerpon-Cornerstone, F|100\/100\n|turn|35\n|\n|t:|1700103466\n|move|p1a: ZUBUDUWA!|Ivy Cudgel|p2a: Moradin|[anim] Ivy Cudgel Rock\n|-crit|p2a: Moradin\n|-damage|p2a: Moradin|0 fnt\n|faint|p2a: Moradin\n|\n|upkeep\n|\n|t:|1700103481\n|switch|p2a: Hullbreaker|Jumpluff, F|52\/100 tox\n|-damage|p2a: Hullbreaker|27\/100 tox|[from] Stealth Rock\n|turn|36\n|\n|t:|1700103491\n|move|p2a: Hullbreaker|Toxic|p1a: ZUBUDUWA!\n|-status|p1a: ZUBUDUWA!|tox\n|move|p1a: ZUBUDUWA!|Ivy Cudgel|p2a: Hullbreaker|[anim] Ivy Cudgel Rock\n|-supereffective|p2a: Hullbreaker\n|-damage|p2a: Hullbreaker|0 fnt\n|faint|p2a: Hullbreaker\n|\n|-damage|p1a: ZUBUDUWA!|95\/100 tox|[from] psn\n|upkeep\n|\n|t:|1700103505\n|switch|p2a: Artist Block|Flygon, M|77\/100 tox\n|-damage|p2a: Artist Block|71\/100 tox|[from] Stealth Rock\n|turn|37\n|\n|t:|1700103511\n|move|p2a: Artist Block|U-turn|p1a: ZUBUDUWA!\n|-supereffective|p1a: ZUBUDUWA!\n|-damage|p1a: ZUBUDUWA!|40\/100 tox\n|\n|t:|1700103513\n|switch|p2a: Hidden Power|Manectric-Mega, F, shiny|88\/100|[from] U-turn\n|-damage|p2a: Hidden Power|76\/100|[from] Stealth Rock\n|-ability|p2a: Hidden Power|Intimidate|boost\n|-unboost|p1a: ZUBUDUWA!|atk|1\n|move|p1a: ZUBUDUWA!|Ivy Cudgel|p2a: Hidden Power|[anim] Ivy Cudgel Rock\n|-damage|p2a: Hidden Power|13\/100\n|\n|-damage|p1a: ZUBUDUWA!|29\/100 tox|[from] psn\n|upkeep\n|turn|38\n|\n|t:|1700103539\n|move|p2a: Hidden Power|Thunderbolt|p1a: ZUBUDUWA!\n|-resisted|p1a: ZUBUDUWA!\n|-damage|p1a: ZUBUDUWA!|0 fnt\n|faint|p1a: ZUBUDUWA!\n|\n|upkeep\n|\n|t:|1700103542\n|switch|p1a: Pouncing Puddle|Walking Wake|100\/100\n|-enditem|p1a: Pouncing Puddle|Booster Energy\n|-activate|p1a: Pouncing Puddle|ability: Protosynthesis|[fromitem]\n|-start|p1a: Pouncing Puddle|protosynthesisspe\n|turn|39\n|\n|t:|1700103550\n|move|p1a: Pouncing Puddle|Dragon Pulse|p2a: Hidden Power\n|-damage|p2a: Hidden Power|0 fnt\n|faint|p2a: Hidden Power\n|\n|upkeep\n|\n|t:|1700103554\n|switch|p2a: Artist Block|Flygon, M|71\/100 tox\n|-damage|p2a: Artist Block|65\/100 tox|[from] Stealth Rock\n|turn|40\n|\n|t:|1700103558\n|move|p1a: Pouncing Puddle|Dragon Pulse|p2a: Artist Block\n|-supereffective|p2a: Artist Block\n|-damage|p2a: Artist Block|0 fnt\n|faint|p2a: Artist Block\n|\n|win|Maybebetterthanu\n|c|\u2606Maybebetterthanu|gg\n","uploadtime":1700103565,"views":14,"p1id":"maybebetterthanu","p2id":"beastofmoonlight","formatid":"gen9nationaldexubers","rating":0,"private":0,"password":""}