{"id":"gen9nationaldexubers-1995161830","p1":"foofoo1","p2":"geeb69","format":"[Gen 9] National Dex Ubers","log":"|j|\u2606foofoo1\n|j|\u2606geeb69\n|t:|1700529488\n|gametype|singles\n|player|p1|foofoo1|170|\n|player|p2|geeb69|ethan|\n|teamsize|p1|6\n|teamsize|p2|6\n|gen|9\n|tier|[Gen 9] National Dex Ubers\n|rule|HP Percentage Mod: HP is shown in percentages\n|rule|Endless Battle Clause: Forcing endless battles is banned\n|rule|OHKO Clause: OHKO moves are banned\n|rule|Evasion Moves Clause: Evasion moves are banned\n|rule|Evasion Items Clause: Evasion items are banned\n|rule|Species Clause: Limit one of each Pok\u00e9mon\n|rule|Sleep Clause Mod: Limit one foe put to sleep\n|rule|Mega Rayquaza Clause: You cannot mega evolve Rayquaza\n|clearpoke\n|poke|p1|Blissey, F|\n|poke|p1|Dondozo, M|\n|poke|p1|Tapu Koko|\n|poke|p1|Ting-Lu|\n|poke|p1|Diancie|\n|poke|p1|Hawlucha, F|\n|poke|p2|Manectric, M|\n|poke|p2|Dragonite, M|\n|poke|p2|Stakataka|\n|poke|p2|Ursaluna, M|\n|poke|p2|Iron Moth|\n|poke|p2|Urshifu-*, M|\n|teampreview\n|j| Hotpepper22\n|j| Slumpyboocus\n|j| sandsword\n|j| ORGANLOVER16\n|\n|t:|1700529523\n|start\n|switch|p1a: Tapu Koko|Tapu Koko|100\/100\n|switch|p2a: OrganLover|Ursaluna, M, shiny|100\/100\n|-fieldstart|move: Electric Terrain|[from] ability: Electric Surge|[of] p1a: Tapu Koko\n|turn|1\n|\n|t:|1700529540\n|move|p1a: Tapu Koko|Grass Knot|p2a: OrganLover\n|-supereffective|p2a: OrganLover\n|-damage|p2a: OrganLover|9\/100\n|move|p2a: OrganLover|Earthquake|p1a: Tapu Koko\n|-supereffective|p1a: Tapu Koko\n|-damage|p1a: Tapu Koko|0 fnt\n|faint|p1a: Tapu Koko\n|\n|-status|p2a: OrganLover|brn|[from] item: Flame Orb\n|upkeep\n|\n|t:|1700529548\n|switch|p1a: Hawlucha|Hawlucha, F|100\/100\n|-enditem|p1a: Hawlucha|Electric Seed\n|-boost|p1a: Hawlucha|def|1|[from] item: Electric Seed\n|turn|2\n|\n|t:|1700529564\n|move|p1a: Hawlucha|Acrobatics|p2a: OrganLover\n|-damage|p2a: OrganLover|0 fnt\n|faint|p2a: OrganLover\n|\n|upkeep\n|\n|t:|1700529573\n|switch|p2a: ear hole|Manectric, M, shiny|100\/100\n|turn|3\n|\n|t:|1700529583\n|detailschange|p2a: ear hole|Manectric-Mega, M, shiny\n|-mega|p2a: ear hole|Manectric|Manectite\n|-ability|p2a: ear hole|Intimidate|boost\n|-unboost|p1a: Hawlucha|atk|1\n|move|p1a: Hawlucha|Close Combat|p2a: ear hole\n|-damage|p2a: ear hole|48\/100\n|-unboost|p1a: Hawlucha|def|1\n|-unboost|p1a: Hawlucha|spd|1\n|move|p2a: ear hole|Volt Switch|p1a: Hawlucha\n|-supereffective|p1a: Hawlucha\n|-damage|p1a: Hawlucha|0 fnt\n|faint|p1a: Hawlucha\n|\n|t:|1700529604\n|switch|p2a: 7(ifykyk)|Iron Moth|100\/100|[from] Volt Switch\n|-activate|p2a: 7(ifykyk)|ability: Quark Drive\n|-start|p2a: 7(ifykyk)|quarkdrivespe\n|-item|p2a: 7(ifykyk)|Air Balloon\n|\n|upkeep\n|\n|t:|1700529612\n|switch|p1a: Blissey|Blissey, F|100\/100\n|turn|4\n|\n|t:|1700529620\n|-end|p2a: 7(ifykyk)|Quark Drive|[silent]\n|switch|p2a: Takastaka|Stakataka, shiny|100\/100\n|move|p1a: Blissey|Seismic Toss|p2a: Takastaka\n|-damage|p2a: Takastaka|70\/100\n|\n|upkeep\n|turn|5\n|\n|t:|1700529628\n|switch|p1a: Ting-Lu|Ting-Lu|100\/100\n|-ability|p1a: Ting-Lu|Vessel of Ruin\n|move|p2a: Takastaka|Body Press|p1a: Ting-Lu\n|-supereffective|p1a: Ting-Lu\n|-damage|p1a: Ting-Lu|73\/100\n|\n|-fieldend|move: Electric Terrain\n|upkeep\n|turn|6\n|\n|t:|1700529639\n|switch|p2a: Liver King|Urshifu-Rapid-Strike, M|100\/100\n|move|p1a: Ting-Lu|Body Press|p2a: Liver King\n|-damage|p2a: Liver King|73\/100\n|\n|upkeep\n|turn|7\n|\n|t:|1700529664\n|switch|p2a: ear hole|Manectric-Mega, M, shiny|48\/100\n|-ability|p2a: ear hole|Intimidate|boost\n|-unboost|p1a: Ting-Lu|atk|1\n|switch|p1a: Dondozo|Dondozo, M|100\/100\n|\n|upkeep\n|turn|8\n|\n|t:|1700529678\n|switch|p1a: Ting-Lu|Ting-Lu|73\/100\n|-ability|p1a: Ting-Lu|Vessel of Ruin\n|move|p2a: ear hole|Thunderbolt|p1a: Ting-Lu\n|-immune|p1a: Ting-Lu\n|\n|upkeep\n|turn|9\n|\n|t:|1700529697\n|switch|p2a: W.P.O.A.T|Dragonite, M|100\/100\n|move|p1a: Ting-Lu|Ruination|p2a: W.P.O.A.T\n|-damage|p2a: W.P.O.A.T|50\/100\n|\n|upkeep\n|turn|10\n|j| CryAndComplain23\n|\n|t:|1700529715\n|switch|p1a: Dondozo|Dondozo, M|100\/100\n|move|p2a: W.P.O.A.T|Earthquake|p1a: Dondozo\n|-damage|p1a: Dondozo|85\/100\n|\n|upkeep\n|turn|11\n|\n|t:|1700529738\n|switch|p2a: 7(ifykyk)|Iron Moth|100\/100\n|-item|p2a: 7(ifykyk)|Air Balloon\n|move|p1a: Dondozo|Liquidation|p2a: 7(ifykyk)\n|-supereffective|p2a: 7(ifykyk)\n|-damage|p2a: 7(ifykyk)|12\/100\n|-enditem|p2a: 7(ifykyk)|Air Balloon\n|\n|upkeep\n|turn|12\n|\n|t:|1700529749\n|switch|p1a: Blissey|Blissey, F|100\/100\n|move|p2a: 7(ifykyk)|Energy Ball|p1a: Blissey\n|-damage|p1a: Blissey|91\/100\n|\n|-heal|p1a: Blissey|97\/100|[from] item: Leftovers\n|upkeep\n|turn|13\n|c| ORGANLOVER16|damn\n|\n|t:|1700529782\n|-end|p2a: 7(ifykyk)|Quark Drive|[silent]\n|switch|p2a: Liver King|Urshifu-Rapid-Strike, M|73\/100\n|move|p1a: Blissey|Seismic Toss|p2a: Liver King\n|-damage|p2a: Liver King|44\/100\n|\n|-heal|p1a: Blissey|100\/100|[from] item: Leftovers\n|upkeep\n|turn|14\n|\n|t:|1700529791\n|switch|p1a: Dondozo|Dondozo, M|85\/100\n|move|p2a: Liver King|Close Combat|p1a: Dondozo\n|-damage|p1a: Dondozo|55\/100\n|-unboost|p2a: Liver King|def|1\n|-unboost|p2a: Liver King|spd|1\n|-damage|p2a: Liver King|27\/100|[from] item: Rocky Helmet|[of] p1a: Dondozo\n|\n|upkeep\n|turn|15\n|\n|t:|1700529803\n|switch|p2a: W.P.O.A.T|Dragonite, M|50\/100\n|move|p1a: Dondozo|Liquidation|p2a: W.P.O.A.T\n|-resisted|p2a: W.P.O.A.T\n|-damage|p2a: W.P.O.A.T|41\/100\n|\n|upkeep\n|turn|16\n|\n|t:|1700529810\n|move|p2a: W.P.O.A.T|Earthquake|p1a: Dondozo\n|-damage|p1a: Dondozo|41\/100\n|move|p1a: Dondozo|Avalanche|p2a: W.P.O.A.T\n|-supereffective|p2a: W.P.O.A.T\n|-crit|p2a: W.P.O.A.T\n|-damage|p2a: W.P.O.A.T|0 fnt\n|faint|p2a: W.P.O.A.T\n|\n|upkeep\n|\n|t:|1700529823\n|switch|p2a: ear hole|Manectric-Mega, M, shiny|48\/100\n|-ability|p2a: ear hole|Intimidate|boost\n|-unboost|p1a: Dondozo|atk|1\n|turn|17\n|l| CryAndComplain23\n|\n|t:|1700529829\n|switch|p1a: Ting-Lu|Ting-Lu|73\/100\n|-ability|p1a: Ting-Lu|Vessel of Ruin\n|move|p2a: ear hole|Flamethrower|p1a: Ting-Lu\n|-damage|p1a: Ting-Lu|61\/100\n|\n|upkeep\n|turn|18\n|\n|t:|1700529848\n|switch|p2a: 7(ifykyk)|Iron Moth|12\/100\n|move|p1a: Ting-Lu|Earthquake|p2a: 7(ifykyk)\n|-supereffective|p2a: 7(ifykyk)\n|-damage|p2a: 7(ifykyk)|0 fnt\n|faint|p2a: 7(ifykyk)\n|-end|p2a: 7(ifykyk)|Quark Drive|[silent]\n|\n|upkeep\n|j| CryAndComplain23\n|\n|t:|1700529861\n|switch|p2a: Liver King|Urshifu-Rapid-Strike, M|27\/100\n|turn|19\n|\n|t:|1700529880\n|switch|p1a: Dondozo|Dondozo, M|41\/100\n|move|p2a: Liver King|Close Combat|p1a: Dondozo\n|-damage|p1a: Dondozo|12\/100\n|-unboost|p2a: Liver King|def|1\n|-unboost|p2a: Liver King|spd|1\n|-damage|p2a: Liver King|11\/100|[from] item: Rocky Helmet|[of] p1a: Dondozo\n|\n|upkeep\n|turn|20\n|\n|t:|1700529893\n|switch|p2a: ear hole|Manectric-Mega, M, shiny|48\/100\n|-ability|p2a: ear hole|Intimidate|boost\n|-unboost|p1a: Dondozo|atk|1\n|move|p1a: Dondozo|Rest|p1a: Dondozo\n|-status|p1a: Dondozo|slp|[from] move: Rest\n|-heal|p1a: Dondozo|100\/100 slp|[silent]\n|\n|upkeep\n|turn|21\n|\n|t:|1700529904\n|switch|p1a: Ting-Lu|Ting-Lu|61\/100\n|-ability|p1a: Ting-Lu|Vessel of Ruin\n|move|p2a: ear hole|Thunderbolt|p1a: Ting-Lu\n|-immune|p1a: Ting-Lu\n|\n|upkeep\n|turn|22\n|\n|t:|1700529925\n|switch|p2a: Takastaka|Stakataka, shiny|70\/100\n|move|p1a: Ting-Lu|Earthquake|p2a: Takastaka\n|-supereffective|p2a: Takastaka\n|-damage|p2a: Takastaka|0 fnt\n|faint|p2a: Takastaka\n|\n|upkeep\n|\n|t:|1700529932\n|switch|p2a: Liver King|Urshifu-Rapid-Strike, M|11\/100\n|turn|23\n|c|\u2606geeb69|gg\n|\n|t:|1700529939\n|switch|p1a: Dondozo|Dondozo, M|100\/100 slp\n|move|p2a: Liver King|Surging Strikes|p1a: Dondozo\n|-resisted|p1a: Dondozo\n|-crit|p1a: Dondozo\n|-damage|p1a: Dondozo|96\/100 slp\n|-damage|p2a: Liver King|0 fnt|[from] item: Rocky Helmet|[of] p1a: Dondozo\n|faint|p2a: Liver King\n|-hitcount|p1a: Dondozo|1\n|\n|upkeep\n|\n|t:|1700529942\n|switch|p2a: ear hole|Manectric-Mega, M, shiny|48\/100\n|-ability|p2a: ear hole|Intimidate|boost\n|-unboost|p1a: Dondozo|atk|1\n|turn|24\n|c|\u2606foofoo1|gg\n|\n|t:|1700529951\n|switch|p1a: Ting-Lu|Ting-Lu|61\/100\n|-ability|p1a: Ting-Lu|Vessel of Ruin\n|move|p2a: ear hole|Thunderbolt|p1a: Ting-Lu\n|-immune|p1a: Ting-Lu\n|\n|upkeep\n|turn|25\n|l| CryAndComplain23\n|\n|t:|1700529958\n|move|p2a: ear hole|Hidden Power|p1a: Ting-Lu\n|-supereffective|p1a: Ting-Lu\n|-damage|p1a: Ting-Lu|44\/100\n|move|p1a: Ting-Lu|Earthquake|p2a: ear hole\n|-supereffective|p2a: ear hole\n|-damage|p2a: ear hole|0 fnt\n|faint|p2a: ear hole\n|\n|win|foofoo1\n|l| sandsword\n|l|\u2606foofoo1\n|l| Slumpyboocus\n","uploadtime":1700529989,"views":2,"p1id":"foofoo1","p2id":"geeb69","formatid":"gen9nationaldexubers","rating":0,"private":0,"password":""}