{"id":"gen9nationaldexubers-1978541555","p1":"MrBearmanchild","p2":"MiraGraves","format":"[Gen 9] National Dex Ubers","log":"|j|\u2606MrBearmanchild\n|j|\u2606MiraGraves\n|t:|1698553014\n|gametype|singles\n|player|p1|MrBearmanchild|169|\n|player|p2|MiraGraves|psychicf-gen4|\n|teamsize|p1|6\n|teamsize|p2|6\n|gen|9\n|tier|[Gen 9] National Dex Ubers\n|rule|HP Percentage Mod: HP is shown in percentages\n|rule|Endless Battle Clause: Forcing endless battles is banned\n|rule|OHKO Clause: OHKO moves are banned\n|rule|Evasion Moves Clause: Evasion moves are banned\n|rule|Evasion Items Clause: Evasion items are banned\n|rule|Species Clause: Limit one of each Pok\u00e9mon\n|rule|Sleep Clause Mod: Limit one foe put to sleep\n|rule|Mega Rayquaza Clause: You cannot mega evolve Rayquaza\n|clearpoke\n|poke|p1|Marshadow|\n|poke|p1|Corviknight, M|\n|poke|p1|Lopunny, F|\n|poke|p1|Araquanid, F|\n|poke|p1|Glimmora, F|\n|poke|p1|Dondozo, M|\n|poke|p2|Ninetales-Alola, F|\n|poke|p2|Magearna|\n|poke|p2|Baxcalibur, M|\n|poke|p2|Heatran, M|\n|poke|p2|Victini|\n|poke|p2|Landorus-Therian, M|\n|teampreview\n|c|\u2606MrBearmanchild|Glhf\n|c|\u2606MiraGraves|It wasn't too long ago that we found ourselves on the eve of battle for the championship.\n|c|\u2606MiraGraves|good luck\n|c|\u2606MiraGraves|Have fun\n|c|\u2606MrBearmanchild|I knew you\u2019d be here to try to take back the crown\n|c|\u2606MiraGraves|Always a tough fight\n|\n|t:|1698553192\n|start\n|switch|p1a: Araquanid|Araquanid, F|100\/100\n|switch|p2a: Landorus|Landorus-Therian, M|100\/100\n|-ability|p2a: Landorus|Intimidate|boost\n|-unboost|p1a: Araquanid|atk|1\n|turn|1\n|\n|t:|1698553204\n|move|p2a: Landorus|U-turn|p1a: Araquanid\n|-damage|p1a: Araquanid|70\/100\n|\n|t:|1698553211\n|switch|p2a: Ninetales|Ninetales-Alola, F|100\/100|[from] U-turn\n|-weather|Snow|[from] ability: Snow Warning|[of] p2a: Ninetales\n|move|p1a: Araquanid|Sticky Web|p2a: Ninetales\n|-sidestart|p2: MiraGraves|move: Sticky Web\n|\n|-weather|Snow|[upkeep]\n|upkeep\n|turn|2\n|\n|t:|1698553224\n|switch|p1a: Glimmora|Glimmora, F|100\/100\n|move|p2a: Ninetales|Aurora Veil|p2a: Ninetales\n|-sidestart|p2: MiraGraves|move: Aurora Veil\n|\n|-weather|Snow|[upkeep]\n|upkeep\n|turn|3\n|\n|t:|1698553236\n|switch|p2a: Heatran|Heatran, M|100\/100\n|-item|p2a: Heatran|Air Balloon\n|move|p1a: Glimmora|Stealth Rock|p2a: Heatran\n|-sidestart|p2: MiraGraves|move: Stealth Rock\n|\n|-weather|Snow|[upkeep]\n|upkeep\n|turn|4\n|\n|t:|1698553256\n|switch|p1a: Araquanid|Araquanid, F|70\/100\n|move|p2a: Heatran|Earth Power|p1a: Araquanid\n|-resisted|p1a: Araquanid\n|-damage|p1a: Araquanid|56\/100\n|\n|-weather|Snow|[upkeep]\n|upkeep\n|turn|5\n|\n|t:|1698553265\n|move|p2a: Heatran|Magma Storm|p1a: Araquanid\n|-damage|p1a: Araquanid|32\/100\n|-activate|p1a: Araquanid|move: Magma Storm|[of] p2a: Heatran\n|move|p1a: Araquanid|Liquidation|p2a: Heatran\n|-supereffective|p2a: Heatran\n|-damage|p2a: Heatran|50\/100\n|-enditem|p2a: Heatran|Air Balloon\n|\n|-weather|Snow|[upkeep]\n|-damage|p1a: Araquanid|20\/100|[from] move: Magma Storm|[partiallytrapped]\n|upkeep\n|turn|6\n|\n|t:|1698553278\n|move|p2a: Heatran|Magma Storm|p1a: Araquanid\n|-damage|p1a: Araquanid|0 fnt\n|faint|p1a: Araquanid\n|\n|-weather|Snow|[upkeep]\n|-sideend|p2: MiraGraves|move: Aurora Veil\n|upkeep\n|\n|t:|1698553287\n|switch|p1a: Dondozo|Dondozo, M|100\/100\n|turn|7\n|\n|t:|1698553307\n|move|p1a: Dondozo|Wave Crash|p2a: Heatran\n|-supereffective|p2a: Heatran\n|-damage|p2a: Heatran|0 fnt\n|faint|p2a: Heatran\n|-damage|p1a: Dondozo|88\/100|[from] Recoil\n|\n|-weather|Snow|[upkeep]\n|upkeep\n|\n|t:|1698553323\n|switch|p2a: Magearna|Magearna|100\/100\n|-activate|p2a: Magearna|move: Sticky Web\n|-unboost|p2a: Magearna|spe|1\n|-damage|p2a: Magearna|94\/100|[from] Stealth Rock\n|turn|8\n|\n|t:|1698553344\n|move|p2a: Magearna|Calm Mind|p2a: Magearna\n|-boost|p2a: Magearna|spa|1\n|-boost|p2a: Magearna|spd|1\n|move|p1a: Dondozo|Earthquake|p2a: Magearna\n|-supereffective|p2a: Magearna\n|-damage|p2a: Magearna|40\/100\n|\n|-weather|none\n|-heal|p2a: Magearna|46\/100|[from] item: Leftovers\n|upkeep\n|turn|9\n|\n|t:|1698553354\n|move|p2a: Magearna|Thunderbolt|p1a: Dondozo\n|-supereffective|p1a: Dondozo\n|-damage|p1a: Dondozo|46\/100\n|move|p1a: Dondozo|Wave Crash|p2a: Magearna\n|-damage|p2a: Magearna|2\/100\n|-damage|p1a: Dondozo|35\/100|[from] Recoil\n|\n|-heal|p2a: Magearna|8\/100|[from] item: Leftovers\n|upkeep\n|turn|10\n|\n|t:|1698553380\n|move|p2a: Magearna|Thunderbolt|p1a: Dondozo\n|-supereffective|p1a: Dondozo\n|-damage|p1a: Dondozo|0 fnt\n|faint|p1a: Dondozo\n|-ability|p2a: Magearna|Soul-Heart|boost\n|-boost|p2a: Magearna|spa|1\n|\n|-heal|p2a: Magearna|14\/100|[from] item: Leftovers\n|upkeep\n|\n|t:|1698553389\n|switch|p1a: Lopunny|Lopunny, F|100\/100\n|turn|11\n|\n|t:|1698553402\n|switch|p2a: Landorus|Landorus-Therian, M|100\/100\n|-damage|p2a: Landorus|88\/100|[from] Stealth Rock\n|-ability|p2a: Landorus|Intimidate|boost\n|-unboost|p1a: Lopunny|atk|1\n|detailschange|p1a: Lopunny|Lopunny-Mega, F\n|-mega|p1a: Lopunny|Lopunny|Lopunnite\n|move|p1a: Lopunny|Drain Punch|p2a: Landorus\n|-resisted|p2a: Landorus\n|-crit|p2a: Landorus\n|-damage|p2a: Landorus|53\/100\n|\n|upkeep\n|turn|12\n|\n|t:|1698553440\n|switch|p1a: Corviknight|Corviknight, M|100\/100\n|move|p2a: Landorus|Explosion|p1a: Corviknight\n|-resisted|p1a: Corviknight\n|-crit|p1a: Corviknight\n|-damage|p1a: Corviknight|42\/100\n|faint|p2a: Landorus\n|\n|-heal|p1a: Corviknight|48\/100|[from] item: Leftovers\n|upkeep\n|\n|t:|1698553457\n|switch|p2a: Ninetales|Ninetales-Alola, F|100\/100\n|-activate|p2a: Ninetales|move: Sticky Web\n|-unboost|p2a: Ninetales|spe|1\n|-damage|p2a: Ninetales|76\/100|[from] Stealth Rock\n|-weather|Snow|[from] ability: Snow Warning|[of] p2a: Ninetales\n|turn|13\n|\n|t:|1698553481\n|move|p2a: Ninetales|Aurora Veil|p2a: Ninetales\n|-sidestart|p2: MiraGraves|move: Aurora Veil\n|move|p1a: Corviknight|Roost|p1a: Corviknight\n|-heal|p1a: Corviknight|98\/100\n|-singleturn|p1a: Corviknight|move: Roost\n|\n|-weather|Snow|[upkeep]\n|-heal|p1a: Corviknight|100\/100|[from] item: Leftovers\n|upkeep\n|turn|14\n|\n|t:|1698553493\n|move|p2a: Ninetales|Blizzard|p1a: Corviknight\n|-damage|p1a: Corviknight|74\/100\n|move|p1a: Corviknight|Brave Bird|p2a: Ninetales\n|-damage|p2a: Ninetales|58\/100\n|-damage|p1a: Corviknight|70\/100|[from] Recoil\n|\n|-weather|Snow|[upkeep]\n|-heal|p1a: Corviknight|76\/100|[from] item: Leftovers\n|upkeep\n|turn|15\n|\n|t:|1698553504\n|switch|p2a: Baxcalibur|Baxcalibur, M|100\/100\n|-activate|p2a: Baxcalibur|move: Sticky Web\n|-unboost|p2a: Baxcalibur|spe|1\n|-damage|p2a: Baxcalibur|76\/100|[from] Stealth Rock\n|move|p1a: Corviknight|Bulk Up|p1a: Corviknight\n|-boost|p1a: Corviknight|atk|1\n|-boost|p1a: Corviknight|def|1\n|\n|-weather|Snow|[upkeep]\n|-heal|p2a: Baxcalibur|82\/100|[from] ability: Ice Body\n|-heal|p1a: Corviknight|82\/100|[from] item: Leftovers\n|upkeep\n|turn|16\n|\n|t:|1698553529\n|move|p2a: Baxcalibur|Swords Dance|p2a: Baxcalibur\n|-boost|p2a: Baxcalibur|atk|2\n|move|p1a: Corviknight|Body Press|p2a: Baxcalibur\n|-supereffective|p2a: Baxcalibur\n|-damage|p2a: Baxcalibur|62\/100\n|\n|-weather|Snow|[upkeep]\n|-heal|p2a: Baxcalibur|68\/100|[from] ability: Ice Body\n|-heal|p1a: Corviknight|88\/100|[from] item: Leftovers\n|upkeep\n|turn|17\n|\n|t:|1698553545\n|move|p2a: Baxcalibur|Icicle Spear|p1a: Corviknight\n|-damage|p1a: Corviknight|72\/100\n|-damage|p1a: Corviknight|57\/100\n|-damage|p1a: Corviknight|41\/100\n|-damage|p1a: Corviknight|25\/100\n|-damage|p1a: Corviknight|10\/100\n|-hitcount|p1a: Corviknight|5\n|move|p1a: Corviknight|Bulk Up|p1a: Corviknight\n|-boost|p1a: Corviknight|atk|1\n|-boost|p1a: Corviknight|def|1\n|\n|-weather|Snow|[upkeep]\n|-heal|p2a: Baxcalibur|75\/100|[from] ability: Ice Body\n|-heal|p1a: Corviknight|16\/100|[from] item: Leftovers\n|-sideend|p2: MiraGraves|move: Aurora Veil\n|upkeep\n|turn|18\n|\n|t:|1698553596\n|move|p2a: Baxcalibur|Swords Dance|p2a: Baxcalibur\n|-boost|p2a: Baxcalibur|atk|2\n|move|p1a: Corviknight|Body Press|p2a: Baxcalibur\n|-supereffective|p2a: Baxcalibur\n|-damage|p2a: Baxcalibur|23\/100\n|\n|-weather|Snow|[upkeep]\n|-heal|p2a: Baxcalibur|30\/100|[from] ability: Ice Body\n|-heal|p1a: Corviknight|23\/100|[from] item: Leftovers\n|upkeep\n|turn|19\n|\n|t:|1698553613\n|move|p2a: Baxcalibur|Icicle Spear|p1a: Corviknight\n|-damage|p1a: Corviknight|5\/100\n|-damage|p1a: Corviknight|0 fnt\n|faint|p1a: Corviknight\n|-hitcount|p1: Corviknight|2\n|\n|-weather|Snow|[upkeep]\n|-heal|p2a: Baxcalibur|36\/100|[from] ability: Ice Body\n|upkeep\n|\n|t:|1698553630\n|switch|p1a: Lopunny|Lopunny-Mega, F|100\/100\n|turn|20\n|\n|t:|1698553644\n|move|p1a: Lopunny|Fake Out|p2a: Baxcalibur\n|-damage|p2a: Baxcalibur|21\/100\n|cant|p2a: Baxcalibur|flinch\n|\n|-weather|none\n|upkeep\n|turn|21\n|\n|t:|1698553651\n|switch|p1a: Glimmora|Glimmora, F|100\/100\n|move|p2a: Baxcalibur|Ice Shard|p1a: Glimmora\n|-damage|p1a: Glimmora|52\/100\n|-activate|p1a: Glimmora|ability: Toxic Debris\n|-sidestart|p2: MiraGraves|move: Toxic Spikes\n|\n|-heal|p1a: Glimmora|58\/100|[from] item: Black Sludge\n|upkeep\n|turn|22\n|\n|t:|1698553674\n|move|p1a: Glimmora|Earth Power|p2a: Baxcalibur\n|-damage|p2a: Baxcalibur|0 fnt\n|faint|p2a: Baxcalibur\n|\n|-heal|p1a: Glimmora|64\/100|[from] item: Black Sludge\n|upkeep\n|\n|t:|1698553690\n|switch|p2a: Ninetales|Ninetales-Alola, F|58\/100\n|-activate|p2a: Ninetales|move: Sticky Web\n|-unboost|p2a: Ninetales|spe|1\n|-damage|p2a: Ninetales|34\/100|[from] Stealth Rock\n|-status|p2a: Ninetales|psn\n|-weather|Snow|[from] ability: Snow Warning|[of] p2a: Ninetales\n|turn|23\n|\n|t:|1698553703\n|move|p2a: Ninetales|Aurora Veil|p2a: Ninetales\n|-sidestart|p2: MiraGraves|move: Aurora Veil\n|move|p1a: Glimmora|Mortal Spin|p2a: Ninetales\n|-supereffective|p2a: Ninetales\n|-damage|p2a: Ninetales|26\/100 psn\n|\n|-weather|Snow|[upkeep]\n|-heal|p1a: Glimmora|70\/100|[from] item: Black Sludge\n|-damage|p2a: Ninetales|14\/100 psn|[from] psn\n|upkeep\n|turn|24\n|\n|t:|1698553712\n|move|p2a: Ninetales|Blizzard|p1a: Glimmora\n|-damage|p1a: Glimmora|17\/100\n|move|p1a: Glimmora|Earth Power|p2a: Ninetales\n|-damage|p2a: Ninetales|0 fnt\n|faint|p2a: Ninetales\n|\n|-weather|Snow|[upkeep]\n|-heal|p1a: Glimmora|23\/100|[from] item: Black Sludge\n|upkeep\n|\n|t:|1698553720\n|switch|p2a: Victini|Victini|100\/100\n|-activate|p2a: Victini|move: Sticky Web\n|-unboost|p2a: Victini|spe|1\n|-damage|p2a: Victini|76\/100|[from] Stealth Rock\n|-status|p2a: Victini|psn\n|turn|25\n|\n|t:|1698553733\n|-zpower|p2a: Victini\n|move|p2a: Victini|Z-Celebrate|p2a: Victini|[anim]Celebrate\n|-boost|p2a: Victini|atk|1|[zeffect]\n|-boost|p2a: Victini|def|1|[zeffect]\n|-boost|p2a: Victini|spa|1|[zeffect]\n|-boost|p2a: Victini|spd|1|[zeffect]\n|-boost|p2a: Victini|spe|1|[zeffect]\n|-activate|p2a: Victini|move: Celebrate\n|move|p1a: Glimmora|Earth Power|p2a: Victini\n|-supereffective|p2a: Victini\n|-damage|p2a: Victini|58\/100 psn\n|\n|-weather|Snow|[upkeep]\n|-heal|p1a: Glimmora|29\/100|[from] item: Black Sludge\n|-damage|p2a: Victini|46\/100 psn|[from] psn\n|upkeep\n|turn|26\n|\n|t:|1698553754\n|move|p2a: Victini|Stored Power|p1a: Glimmora\n|-supereffective|p1a: Glimmora\n|-damage|p1a: Glimmora|0 fnt\n|faint|p1a: Glimmora\n|\n|-weather|Snow|[upkeep]\n|-damage|p2a: Victini|34\/100 psn|[from] psn\n|upkeep\n|\n|t:|1698553761\n|switch|p1a: Marshadow|Marshadow|100\/100\n|turn|27\n|\n|t:|1698553768\n|move|p1a: Marshadow|Spectral Thief||[still]\n|-clearpositiveboost|p2a: Victini|p1a: Marshadow|move: Spectral Thief\n|-boost|p1a: Marshadow|atk|1\n|-boost|p1a: Marshadow|def|1\n|-boost|p1a: Marshadow|spa|1\n|-boost|p1a: Marshadow|spd|1\n|-anim|p1a: Marshadow|Spectral Thief|p2a: Victini\n|-supereffective|p2a: Victini\n|-damage|p2a: Victini|0 fnt\n|faint|p2a: Victini\n|\n|-weather|Snow|[upkeep]\n|-sideend|p2: MiraGraves|move: Aurora Veil\n|upkeep\n|\n|t:|1698553779\n|switch|p2a: Magearna|Magearna|14\/100\n|-activate|p2a: Magearna|move: Sticky Web\n|-unboost|p2a: Magearna|spe|1\n|-damage|p2a: Magearna|8\/100|[from] Stealth Rock\n|turn|28\n|c|\u2606MiraGraves|I knew that would happen\n|\n|t:|1698553785\n|move|p1a: Marshadow|Drain Punch|p2a: Magearna\n|-damage|p2a: Magearna|0 fnt\n|faint|p2a: Magearna\n|\n|win|MrBearmanchild\n|l|\u2606MrBearmanchild\n","uploadtime":1698553793,"views":31,"p1id":"mrbearmanchild","p2id":"miragraves","formatid":"gen9nationaldexubers","rating":0,"private":0,"password":""}