{"id":"gen9nationaldexubers-1991565318","p1":"Thatweirdkid777","p2":"mr Deuzp","format":"[Gen 9] National Dex Ubers","log":"|j|\u2606Thatweirdkid777\n|j|\u2606mr Deuzp\n|t:|1700088947\n|gametype|singles\n|player|p1|Thatweirdkid777|burglar|1312\n|player|p2|mr Deuzp|shadowtriad|1362\n|teamsize|p1|6\n|teamsize|p2|6\n|gen|9\n|tier|[Gen 9] National Dex Ubers\n|rated|\n|rule|HP Percentage Mod: HP is shown in percentages\n|rule|Endless Battle Clause: Forcing endless battles is banned\n|rule|OHKO Clause: OHKO moves are banned\n|rule|Evasion Moves Clause: Evasion moves are banned\n|rule|Evasion Items Clause: Evasion items are banned\n|rule|Species Clause: Limit one of each Pok\u00e9mon\n|rule|Sleep Clause Mod: Limit one foe put to sleep\n|rule|Mega Rayquaza Clause: You cannot mega evolve Rayquaza\n|clearpoke\n|poke|p1|Shuckle, M|\n|poke|p1|Urshifu-*, M|\n|poke|p1|Mewtwo|\n|poke|p1|Zygarde|\n|poke|p1|Kyogre|\n|poke|p1|Regieleki|\n|poke|p2|Urshifu-*, M|\n|poke|p2|Salamence, M|\n|poke|p2|Groudon|\n|poke|p2|Darmanitan-Galar, M|\n|poke|p2|Necrozma-Dawn-Wings|\n|poke|p2|Dracovish|\n|teampreview\n|\n|t:|1700088951\n|start\n|switch|p1a: Shuckle|Shuckle, M, shiny|100\/100\n|switch|p2a: Darmanitan|Darmanitan-Galar, M, shiny|100\/100\n|turn|1\n|\n|t:|1700088957\n|move|p2a: Darmanitan|U-turn|p1a: Shuckle\n|-damage|p1a: Shuckle|78\/100\n|\n|t:|1700088963\n|switch|p2a: Dracovish|Dracovish, shiny|100\/100|[from] U-turn\n|move|p1a: Shuckle|Sticky Web|p2a: Dracovish\n|-sidestart|p2: mr Deuzp|move: Sticky Web\n|\n|upkeep\n|turn|2\n|\n|t:|1700088971\n|-terastallize|p2a: Dracovish|Water\n|move|p2a: Dracovish|Fishious Rend|p1a: Shuckle\n|-supereffective|p1a: Shuckle\n|-damage|p1a: Shuckle|0 fnt\n|faint|p1a: Shuckle\n|\n|upkeep\n|\n|t:|1700088979\n|switch|p1a: Regieleki|Regieleki|100\/100\n|turn|3\n|\n|t:|1700088982\n|move|p1a: Regieleki|Reflect|p1a: Regieleki\n|-sidestart|p1: Thatweirdkid777|Reflect\n|move|p2a: Dracovish|Fishious Rend|p1a: Regieleki\n|-damage|p1a: Regieleki|47\/100\n|\n|upkeep\n|turn|4\n|\n|t:|1700088987\n|move|p1a: Regieleki|Volt Switch|p2a: Dracovish\n|-supereffective|p2a: Dracovish\n|-damage|p2a: Dracovish|16\/100\n|\n|t:|1700088990\n|switch|p1a: Kyogre|Kyogre|100\/100|[from] Volt Switch\n|detailschange|p1a: Kyogre|Kyogre-Primal\n|-primal|p1a: Kyogre|Blue Orb\n|-weather|PrimordialSea|[from] ability: Primordial Sea|[of] p1a: Kyogre\n|move|p2a: Dracovish|Fishious Rend|p1a: Kyogre\n|-resisted|p1a: Kyogre\n|-damage|p1a: Kyogre|68\/100\n|\n|-weather|PrimordialSea|[upkeep]\n|upkeep\n|turn|5\n|\n|t:|1700089002\n|switch|p2a: Groudon|Groudon, shiny|100\/100\n|-activate|p2a: Groudon|move: Sticky Web\n|-unboost|p2a: Groudon|spe|1\n|detailschange|p2a: Groudon|Groudon-Primal, shiny\n|-primal|p2a: Groudon|Red Orb\n|-weather|DesolateLand|[from] ability: Desolate Land|[of] p2a: Groudon\n|move|p1a: Kyogre|Scald||[still]\n|-fail|p1a: Kyogre|Scald|[from] Desolate Land\n|\n|-weather|DesolateLand|[upkeep]\n|upkeep\n|turn|6\n|\n|t:|1700089010\n|move|p1a: Kyogre|Ice Beam|p2a: Groudon\n|-damage|p2a: Groudon|65\/100\n|move|p2a: Groudon|Rock Polish|p2a: Groudon\n|-boost|p2a: Groudon|spe|2\n|\n|-weather|DesolateLand|[upkeep]\n|upkeep\n|turn|7\n|\n|t:|1700089015\n|move|p2a: Groudon|Precipice Blades|p1a: Kyogre\n|-damage|p1a: Kyogre|39\/100\n|move|p1a: Kyogre|Ice Beam|p2a: Groudon\n|-damage|p2a: Groudon|25\/100\n|\n|-weather|DesolateLand|[upkeep]\n|upkeep\n|turn|8\n|\n|t:|1700089021\n|move|p2a: Groudon|Body Press|p1a: Kyogre\n|-damage|p1a: Kyogre|31\/100\n|move|p1a: Kyogre|Ice Beam|p2a: Groudon\n|-damage|p2a: Groudon|0 fnt\n|faint|p2a: Groudon\n|-weather|none\n|\n|upkeep\n|\n|t:|1700089024\n|switch|p2a: Darmanitan|Darmanitan-Galar, M, shiny|100\/100\n|-activate|p2a: Darmanitan|move: Sticky Web\n|-unboost|p2a: Darmanitan|spe|1\n|turn|9\n|\n|t:|1700089031\n|move|p2a: Darmanitan|Earthquake|p1a: Kyogre\n|-crit|p1a: Kyogre\n|-damage|p1a: Kyogre|0 fnt\n|faint|p1a: Kyogre\n|\n|upkeep\n|\n|t:|1700089041\n|switch|p1a: Zygarde|Zygarde|100\/100\n|turn|10\n|\n|t:|1700089046\n|switch|p2a: Necrozma|Necrozma-Dawn-Wings, shiny|100\/100\n|-activate|p2a: Necrozma|move: Sticky Web\n|-unboost|p2a: Necrozma|spe|1\n|move|p1a: Zygarde|Substitute|p1a: Zygarde\n|-start|p1a: Zygarde|Substitute\n|-damage|p1a: Zygarde|76\/100\n|\n|-heal|p1a: Zygarde|82\/100|[from] item: Leftovers\n|-sideend|p1: Thatweirdkid777|Reflect\n|upkeep\n|turn|11\n|\n|t:|1700089054\n|detailschange|p2a: Necrozma|Necrozma-Ultra, shiny\n|-burst|p2a: Necrozma|Necrozma|Ultranecrozium Z\n|-terastallize|p1a: Zygarde|Normal\n|move|p1a: Zygarde|Dragon Dance|p1a: Zygarde\n|-boost|p1a: Zygarde|atk|1\n|-boost|p1a: Zygarde|spe|1\n|move|p2a: Necrozma|Dragon Pulse|p1a: Zygarde\n|-end|p1a: Zygarde|Substitute\n|\n|-heal|p1a: Zygarde|88\/100|[from] item: Leftovers\n|upkeep\n|turn|12\n|\n|t:|1700089064\n|move|p1a: Zygarde|Dragon Dance|p1a: Zygarde\n|-boost|p1a: Zygarde|atk|1\n|-boost|p1a: Zygarde|spe|1\n|-zpower|p2a: Necrozma\n|move|p2a: Necrozma|Light That Burns the Sky|p1a: Zygarde|[zeffect]\n|-damage|p1a: Zygarde|0 fnt\n|faint|p1a: Zygarde\n|\n|upkeep\n|\n|t:|1700089073\n|switch|p1a: Regieleki|Regieleki|47\/100\n|turn|13\n|\n|t:|1700089076\n|move|p1a: Regieleki|Light Screen|p1a: Regieleki\n|-sidestart|p1: Thatweirdkid777|move: Light Screen\n|move|p2a: Necrozma|Earth Power|p1a: Regieleki\n|-supereffective|p1a: Regieleki\n|-damage|p1a: Regieleki|0 fnt\n|faint|p1a: Regieleki\n|\n|upkeep\n|\n|t:|1700089082\n|switch|p1a: Urshifu|Urshifu, M|100\/100\n|turn|14\n|\n|t:|1700089089\n|move|p1a: Urshifu|Wicked Blow|p2a: Necrozma\n|-supereffective|p2a: Necrozma\n|-crit|p2a: Necrozma\n|-damage|p2a: Necrozma|0 fnt\n|faint|p2a: Necrozma\n|\n|upkeep\n|\n|t:|1700089095\n|switch|p2a: Dracovish|Dracovish, shiny, tera:Water|16\/100\n|-activate|p2a: Dracovish|move: Sticky Web\n|-unboost|p2a: Dracovish|spe|1\n|turn|15\n|\n|t:|1700089099\n|move|p1a: Urshifu|Sucker Punch|p2a: Dracovish\n|-damage|p2a: Dracovish|0 fnt\n|faint|p2a: Dracovish\n|\n|upkeep\n|\n|t:|1700089102\n|switch|p2a: Urshifu|Urshifu, M|100\/100\n|-activate|p2a: Urshifu|move: Sticky Web\n|-unboost|p2a: Urshifu|spe|1\n|turn|16\n|\n|t:|1700089109\n|move|p1a: Urshifu|Close Combat|p2a: Urshifu\n|-supereffective|p2a: Urshifu\n|-enditem|p2a: Urshifu|Focus Sash\n|-damage|p2a: Urshifu|1\/100\n|-unboost|p1a: Urshifu|def|1\n|-unboost|p1a: Urshifu|spd|1\n|move|p2a: Urshifu|Close Combat|p1a: Urshifu\n|-supereffective|p1a: Urshifu\n|-damage|p1a: Urshifu|0 fnt\n|-unboost|p2a: Urshifu|def|1\n|-unboost|p2a: Urshifu|spd|1\n|faint|p1a: Urshifu\n|\n|upkeep\n|\n|t:|1700089120\n|switch|p1a: Mewtwo|Mewtwo|100\/100\n|-ability|p1a: Mewtwo|Pressure\n|turn|17\n|\n|t:|1700089124\n|detailschange|p1a: Mewtwo|Mewtwo-Mega-Y\n|-mega|p1a: Mewtwo|Mewtwo|Mewtwonite Y\n|move|p2a: Urshifu|Sucker Punch|p1a: Mewtwo\n|-supereffective|p1a: Mewtwo\n|-damage|p1a: Mewtwo|9\/100\n|move|p1a: Mewtwo|Flamethrower|p2a: Urshifu\n|-damage|p2a: Urshifu|0 fnt\n|faint|p2a: Urshifu\n|\n|upkeep\n|\n|t:|1700089128\n|switch|p2a: Salamence|Salamence, M, shiny|100\/100\n|-ability|p2a: Salamence|Intimidate|boost\n|-unboost|p1a: Mewtwo|atk|1\n|turn|18\n|\n|t:|1700089136\n|detailschange|p2a: Salamence|Salamence-Mega, M, shiny\n|-mega|p2a: Salamence|Salamence|Salamencite\n|move|p1a: Mewtwo|Psystrike|p2a: Salamence\n|-damage|p2a: Salamence|47\/100\n|move|p2a: Salamence|Double-Edge|p1a: Mewtwo\n|-damage|p1a: Mewtwo|0 fnt\n|faint|p1a: Mewtwo\n|-damage|p2a: Salamence|44\/100|[from] Recoil\n|\n|win|mr Deuzp\n|raw|Thatweirdkid777's rating: 1312 &rarr; <strong>1295<\/strong><br \/>(-17 for losing)\n|raw|mr Deuzp's rating: 1362 &rarr; <strong>1379<\/strong><br \/>(+17 for winning)\n|c|\u2606Thatweirdkid777|gg\n|l|\u2606Thatweirdkid777\n","uploadtime":1700089661,"views":15,"p1id":"thatweirdkid777","p2id":"mrdeuzp","formatid":"gen9nationaldexubers","rating":1295,"private":0,"password":""}