{"id":"gen9nationaldexubers-1986173463","p1":"ForXernox","p2":"Aroma Nobody","format":"[Gen 9] National Dex Ubers","log":"|j|\u2606ForXernox\n|j|\u2606Aroma Nobody\n|t:|1699456986\n|gametype|singles\n|player|p1|ForXernox|larry|\n|player|p2|Aroma Nobody|turo-ai|\n|teamsize|p1|6\n|teamsize|p2|6\n|gen|9\n|tier|[Gen 9] National Dex Ubers\n|rule|HP Percentage Mod: HP is shown in percentages\n|rule|Endless Battle Clause: Forcing endless battles is banned\n|rule|OHKO Clause: OHKO moves are banned\n|rule|Evasion Moves Clause: Evasion moves are banned\n|rule|Evasion Items Clause: Evasion items are banned\n|rule|Species Clause: Limit one of each Pok\u00e9mon\n|rule|Sleep Clause Mod: Limit one foe put to sleep\n|rule|Mega Rayquaza Clause: You cannot mega evolve Rayquaza\n|clearpoke\n|poke|p1|Torterra, M|\n|poke|p1|Infernape, F|\n|poke|p1|Empoleon, M|\n|poke|p1|Tyranitar, F|\n|poke|p1|Ribombee, M|\n|poke|p1|Dracozolt|\n|poke|p2|Walking Wake|\n|poke|p2|Urshifu-*, F|\n|poke|p2|Gastrodon, F|\n|poke|p2|Iron Bundle|\n|poke|p2|Gyarados, F|\n|poke|p2|Tapu Fini|\n|teampreview\n|c|\u2606Aroma Nobody|Glhf\n|c|\u2606ForXernox|You too\n|\n|t:|1699457025\n|start\n|switch|p1a: Kaiju|Tyranitar, F|100\/100\n|switch|p2a: Urshifu|Urshifu-Rapid-Strike, F|100\/100\n|-weather|Sandstorm|[from] ability: Sand Stream|[of] p1a: Kaiju\n|turn|1\n|\n|t:|1699457044\n|switch|p1a: Iron Knight|Empoleon, M|100\/100\n|move|p2a: Urshifu|Close Combat|p1a: Iron Knight\n|-supereffective|p1a: Iron Knight\n|-damage|p1a: Iron Knight|0 fnt\n|-unboost|p2a: Urshifu|def|1\n|-unboost|p2a: Urshifu|spd|1\n|faint|p1a: Iron Knight\n|\n|-weather|Sandstorm|[upkeep]\n|-damage|p2a: Urshifu|94\/100|[from] Sandstorm\n|upkeep\n|\n|t:|1699457061\n|switch|p1a: Big tortel|Torterra, M|100\/100\n|turn|2\n|\n|t:|1699457089\n|switch|p1a: Fly high|Ribombee, M|100\/100\n|move|p2a: Urshifu|Close Combat|p1a: Fly high\n|-resisted|p1a: Fly high\n|-damage|p1a: Fly high|70\/100\n|-unboost|p2a: Urshifu|def|1\n|-unboost|p2a: Urshifu|spd|1\n|\n|-weather|Sandstorm|[upkeep]\n|-damage|p2a: Urshifu|88\/100|[from] Sandstorm\n|-damage|p1a: Fly high|64\/100|[from] Sandstorm\n|upkeep\n|turn|3\n|\n|t:|1699457106\n|switch|p2a: Gastrodon|Gastrodon, F|100\/100\n|move|p1a: Fly high|Moonblast|p2a: Gastrodon\n|-damage|p2a: Gastrodon|74\/100\n|\n|-weather|Sandstorm|[upkeep]\n|-damage|p1a: Fly high|58\/100|[from] Sandstorm\n|-heal|p2a: Gastrodon|80\/100|[from] item: Leftovers\n|upkeep\n|turn|4\n|\n|t:|1699457113\n|move|p1a: Fly high|Sticky Web|p2a: Gastrodon\n|-sidestart|p2: Aroma Nobody|move: Sticky Web\n|move|p2a: Gastrodon|Stealth Rock|p1a: Fly high\n|-sidestart|p1: ForXernox|move: Stealth Rock\n|\n|-weather|Sandstorm|[upkeep]\n|-damage|p1a: Fly high|51\/100|[from] Sandstorm\n|-heal|p2a: Gastrodon|86\/100|[from] item: Leftovers\n|upkeep\n|turn|5\n|\n|t:|1699457125\n|move|p1a: Fly high|Moonblast|p2a: Gastrodon\n|-damage|p2a: Gastrodon|61\/100\n|move|p2a: Gastrodon|Earthquake|p1a: Fly high\n|-resisted|p1a: Fly high\n|-damage|p1a: Fly high|25\/100\n|\n|-weather|none\n|-heal|p2a: Gastrodon|67\/100|[from] item: Leftovers\n|upkeep\n|turn|6\n|\n|t:|1699457132\n|move|p1a: Fly high|Moonblast|p2a: Gastrodon\n|-damage|p2a: Gastrodon|40\/100\n|move|p2a: Gastrodon|Earthquake|p1a: Fly high\n|-resisted|p1a: Fly high\n|-damage|p1a: Fly high|0 fnt\n|faint|p1a: Fly high\n|\n|-heal|p2a: Gastrodon|47\/100|[from] item: Leftovers\n|upkeep\n|\n|t:|1699457139\n|switch|p1a: Big tortel|Torterra, M|100\/100\n|-damage|p1a: Big tortel|94\/100|[from] Stealth Rock\n|turn|7\n|\n|t:|1699457153\n|switch|p2a: Gyarados|Gyarados, F|100\/100\n|-ability|p2a: Gyarados|Intimidate|boost\n|-unboost|p1a: Big tortel|atk|1\n|-terastallize|p1a: Big tortel|Water\n|move|p1a: Big tortel|Shell Smash|p1a: Big tortel\n|-unboost|p1a: Big tortel|def|1\n|-unboost|p1a: Big tortel|spd|1\n|-boost|p1a: Big tortel|atk|2\n|-boost|p1a: Big tortel|spa|2\n|-boost|p1a: Big tortel|spe|2\n|\n|upkeep\n|turn|8\n|\n|t:|1699457173\n|move|p1a: Big tortel|Bullet Seed|p2a: Gyarados\n|-damage|p2a: Gyarados|76\/100\n|-damage|p2a: Gyarados|52\/100\n|-damage|p2a: Gyarados|29\/100\n|-damage|p2a: Gyarados|5\/100\n|-damage|p2a: Gyarados|0 fnt\n|faint|p2a: Gyarados\n|-hitcount|p2: Gyarados|5\n|\n|upkeep\n|\n|t:|1699457183\n|switch|p2a: Iron Bundle|Iron Bundle|100\/100\n|turn|9\n|\n|t:|1699457198\n|-terastallize|p2a: Iron Bundle|Ice\n|move|p1a: Big tortel|Bullet Seed|p2a: Iron Bundle\n|-damage|p2a: Iron Bundle|76\/100\n|-damage|p2a: Iron Bundle|54\/100\n|-damage|p2a: Iron Bundle|33\/100\n|-damage|p2a: Iron Bundle|10\/100\n|-hitcount|p2a: Iron Bundle|4\n|move|p2a: Iron Bundle|Freeze-Dry|p1a: Big tortel\n|-supereffective|p1a: Big tortel\n|-damage|p1a: Big tortel|0 fnt\n|faint|p1a: Big tortel\n|\n|upkeep\n|c|\u2606Aroma Nobody|I messed up gg\n|c|\u2606ForXernox|why?\n|c|\u2606ForXernox|And how?\n|c|\u2606Aroma Nobody|I cant tera irom bundle, it's an auto win for you\n|c|\u2606ForXernox|oh\n|-message|Aroma Nobody forfeited.\n|\n|win|ForXernox\n|l|\u2606ForXernox\n","uploadtime":1699457247,"views":7,"p1id":"forxernox","p2id":"aromanobody","formatid":"gen9nationaldexubers","rating":0,"private":0,"password":""}