{"id":"gen9nationaldexubers-1992572707","p1":"kanotation","p2":"Codradin","format":"[Gen 9] National Dex Ubers","log":"|j|\u2606kanotation\n|j|\u2606Codradin\n|t:|1700208104\n|gametype|singles\n|player|p1|kanotation|ethan-gen2|\n|player|p2|Codradin|lucy|\n|teamsize|p1|6\n|teamsize|p2|6\n|gen|9\n|tier|[Gen 9] National Dex Ubers\n|rule|HP Percentage Mod: HP is shown in percentages\n|rule|Endless Battle Clause: Forcing endless battles is banned\n|rule|OHKO Clause: OHKO moves are banned\n|rule|Evasion Moves Clause: Evasion moves are banned\n|rule|Evasion Items Clause: Evasion items are banned\n|rule|Species Clause: Limit one of each Pok\u00e9mon\n|rule|Sleep Clause Mod: Limit one foe put to sleep\n|rule|Mega Rayquaza Clause: You cannot mega evolve Rayquaza\n|clearpoke\n|poke|p1|Typhlosion, M|\n|poke|p1|Scizor, M|\n|poke|p1|Quagsire, M|\n|poke|p1|Crobat, F|\n|poke|p1|Tyranitar, M|\n|poke|p1|Jumpluff, F|\n|poke|p2|Houndoom, M|\n|poke|p2|Spiritomb, F|\n|poke|p2|Porygon-Z|\n|poke|p2|Salamence, M|\n|poke|p2|Giratina-Origin|\n|poke|p2|Silvally-*|\n|teampreview\n|\n|t:|1700208122\n|start\n|switch|p1a: Starfighter|Crobat, F|100\/100\n|switch|p2a: Bloodmoon|Salamence, M|100\/100\n|-ability|p2a: Bloodmoon|Intimidate|boost\n|-unboost|p1a: Starfighter|atk|1\n|turn|1\n|\n|t:|1700208130\n|detailschange|p2a: Bloodmoon|Salamence-Mega, M\n|-mega|p2a: Bloodmoon|Salamence|Salamencite\n|move|p1a: Starfighter|Cross Poison|p2a: Bloodmoon\n|-damage|p2a: Bloodmoon|85\/100\n|move|p2a: Bloodmoon|Dragon Dance|p2a: Bloodmoon\n|-boost|p2a: Bloodmoon|atk|1\n|-boost|p2a: Bloodmoon|spe|1\n|\n|upkeep\n|turn|2\n|\n|t:|1700208139\n|move|p2a: Bloodmoon|Dragon Dance|p2a: Bloodmoon\n|-boost|p2a: Bloodmoon|atk|1\n|-boost|p2a: Bloodmoon|spe|1\n|move|p1a: Starfighter|Cross Poison|p2a: Bloodmoon\n|-damage|p2a: Bloodmoon|70\/100\n|-status|p2a: Bloodmoon|psn\n|\n|-damage|p2a: Bloodmoon|57\/100 psn|[from] psn\n|upkeep\n|turn|3\n|\n|t:|1700208148\n|move|p1a: Starfighter|Protect|p1a: Starfighter\n|-singleturn|p1a: Starfighter|Protect\n|move|p2a: Bloodmoon|Facade|p1a: Starfighter\n|-activate|p1a: Starfighter|move: Protect\n|\n|-damage|p2a: Bloodmoon|45\/100 psn|[from] psn\n|upkeep\n|turn|4\n|\n|t:|1700208163\n|switch|p1a: Hop|Jumpluff, F|100\/100\n|move|p2a: Bloodmoon|Facade|p1a: Hop\n|-supereffective|p1a: Hop\n|-enditem|p1a: Hop|Focus Sash\n|-damage|p1a: Hop|1\/100\n|\n|-damage|p2a: Bloodmoon|33\/100 psn|[from] psn\n|upkeep\n|turn|5\n|\n|t:|1700208180\n|move|p2a: Bloodmoon|Facade|p1a: Hop\n|-supereffective|p1a: Hop\n|-damage|p1a: Hop|0 fnt\n|faint|p1a: Hop\n|\n|-damage|p2a: Bloodmoon|20\/100 psn|[from] psn\n|upkeep\n|\n|t:|1700208191\n|switch|p1a: Starfighter|Crobat, F|100\/100\n|turn|6\n|\n|t:|1700208194\n|move|p1a: Starfighter|Protect|p1a: Starfighter\n|-singleturn|p1a: Starfighter|Protect\n|move|p2a: Bloodmoon|Facade|p1a: Starfighter\n|-activate|p1a: Starfighter|move: Protect\n|\n|-damage|p2a: Bloodmoon|8\/100 psn|[from] psn\n|upkeep\n|turn|7\n|\n|t:|1700208211\n|move|p1a: Starfighter|Protect|p1a: Starfighter\n|-singleturn|p1a: Starfighter|Protect\n|move|p2a: Bloodmoon|Facade|p1a: Starfighter\n|-activate|p1a: Starfighter|move: Protect\n|\n|-damage|p2a: Bloodmoon|0 fnt|[from] psn\n|faint|p2a: Bloodmoon\n|upkeep\n|\n|t:|1700208237\n|switch|p2a: G\u0337l\u0335i\u0337t\u0336c\u0334h\u0337|Porygon-Z|100\/100\n|turn|8\n|\n|t:|1700208250\n|move|p2a: G\u0337l\u0335i\u0337t\u0336c\u0334h\u0337|Tri Attack|p1a: Starfighter\n|-damage|p1a: Starfighter|25\/100\n|move|p1a: Starfighter|U-turn|p2a: G\u0337l\u0335i\u0337t\u0336c\u0334h\u0337\n|-damage|p2a: G\u0337l\u0335i\u0337t\u0336c\u0334h\u0337|75\/100\n|\n|t:|1700208258\n|switch|p1a: Sir.|Quagsire, M|100\/100|[from] U-turn\n|\n|upkeep\n|turn|9\n|\n|t:|1700208266\n|move|p2a: G\u0337l\u0335i\u0337t\u0336c\u0334h\u0337|Tri Attack|p1a: Sir.\n|-damage|p1a: Sir.|55\/100\n|move|p1a: Sir.|Drain Punch|p2a: G\u0337l\u0335i\u0337t\u0336c\u0334h\u0337\n|-supereffective|p2a: G\u0337l\u0335i\u0337t\u0336c\u0334h\u0337\n|-damage|p2a: G\u0337l\u0335i\u0337t\u0336c\u0334h\u0337|10\/100\n|-heal|p1a: Sir.|81\/100|[from] drain|[of] p2a: G\u0337l\u0335i\u0337t\u0336c\u0334h\u0337\n|\n|upkeep\n|turn|10\n|\n|t:|1700208274\n|-terastallize|p2a: G\u0337l\u0335i\u0337t\u0336c\u0334h\u0337|Ghost\n|move|p2a: G\u0337l\u0335i\u0337t\u0336c\u0334h\u0337|Tri Attack|p1a: Sir.\n|-damage|p1a: Sir.|44\/100\n|move|p1a: Sir.|Drain Punch|p2a: G\u0337l\u0335i\u0337t\u0336c\u0334h\u0337\n|-immune|p2a: G\u0337l\u0335i\u0337t\u0336c\u0334h\u0337\n|\n|upkeep\n|turn|11\n|\n|t:|1700208283\n|move|p2a: G\u0337l\u0335i\u0337t\u0336c\u0334h\u0337|Tri Attack|p1a: Sir.\n|-damage|p1a: Sir.|8\/100\n|move|p1a: Sir.|Liquidation|p2a: G\u0337l\u0335i\u0337t\u0336c\u0334h\u0337\n|-damage|p2a: G\u0337l\u0335i\u0337t\u0336c\u0334h\u0337|0 fnt\n|faint|p2a: G\u0337l\u0335i\u0337t\u0336c\u0334h\u0337\n|\n|upkeep\n|\n|t:|1700208297\n|switch|p2a: Damnation|Spiritomb, F, shiny|100\/100\n|turn|12\n|\n|t:|1700208305\n|move|p1a: Sir.|Liquidation|p2a: Damnation\n|-damage|p2a: Damnation|62\/100\n|move|p2a: Damnation|Foul Play|p1a: Sir.\n|-damage|p1a: Sir.|0 fnt\n|faint|p1a: Sir.\n|\n|upkeep\n|\n|t:|1700208313\n|switch|p1a: Starfighter|Crobat, F|25\/100\n|turn|13\n|\n|t:|1700208322\n|move|p1a: Starfighter|Protect|p1a: Starfighter\n|-singleturn|p1a: Starfighter|Protect\n|move|p2a: Damnation|Sucker Punch||[still]\n|-fail|p2a: Damnation\n|\n|-heal|p1a: Starfighter|31\/100|[from] item: Black Sludge\n|upkeep\n|turn|14\n|\n|t:|1700208330\n|move|p2a: Damnation|Sucker Punch|p1a: Starfighter\n|-damage|p1a: Starfighter|0 fnt\n|faint|p1a: Starfighter\n|\n|upkeep\n|\n|t:|1700208338\n|switch|p1a: Gojira|Tyranitar, M|100\/100\n|-weather|Sandstorm|[from] ability: Sand Stream|[of] p1a: Gojira\n|turn|15\n|\n|t:|1700208350\n|switch|p1a: Blitz|Typhlosion, M|100\/100\n|move|p2a: Damnation|Foul Play|p1a: Blitz\n|-damage|p1a: Blitz|65\/100\n|\n|-weather|Sandstorm|[upkeep]\n|-damage|p1a: Blitz|59\/100|[from] Sandstorm\n|-damage|p2a: Damnation|56\/100|[from] Sandstorm\n|upkeep\n|turn|16\n|\n|t:|1700208362\n|move|p2a: Damnation|Sucker Punch|p1a: Blitz\n|-crit|p1a: Blitz\n|-damage|p1a: Blitz|0 fnt\n|faint|p1a: Blitz\n|\n|-weather|Sandstorm|[upkeep]\n|-damage|p2a: Damnation|50\/100|[from] Sandstorm\n|upkeep\n|\n|t:|1700208369\n|switch|p1a: Rust|Scizor, M|100\/100\n|turn|17\n|\n|t:|1700208374\n|move|p1a: Rust|Swords Dance|p1a: Rust\n|-boost|p1a: Rust|atk|2\n|move|p2a: Damnation|Foul Play|p1a: Rust\n|-damage|p1a: Rust|0 fnt\n|faint|p1a: Rust\n|\n|-weather|Sandstorm|[upkeep]\n|-damage|p2a: Damnation|44\/100|[from] Sandstorm\n|upkeep\n|\n|t:|1700208382\n|switch|p1a: Gojira|Tyranitar, M|100\/100\n|turn|18\n|\n|t:|1700208391\n|move|p1a: Gojira|Earthquake|p2a: Damnation\n|-damage|p2a: Damnation|5\/100\n|move|p2a: Damnation|Foul Play|p1a: Gojira\n|-resisted|p1a: Gojira\n|-damage|p1a: Gojira|70\/100\n|\n|-weather|Sandstorm|[upkeep]\n|-damage|p2a: Damnation|0 fnt|[from] Sandstorm\n|faint|p2a: Damnation\n|-heal|p1a: Gojira|76\/100|[from] item: Leftovers\n|upkeep\n|\n|t:|1700208402\n|switch|p2a: Satan Worm|Giratina-Origin|100\/100\n|turn|19\n|\n|t:|1700208407\n|move|p1a: Gojira|Dragon Dance|p1a: Gojira\n|-boost|p1a: Gojira|atk|1\n|-boost|p1a: Gojira|spe|1\n|move|p2a: Satan Worm|Aura Sphere|p1a: Gojira\n|-supereffective|p1a: Gojira\n|-damage|p1a: Gojira|2\/100\n|\n|-weather|none\n|-heal|p1a: Gojira|8\/100|[from] item: Leftovers\n|upkeep\n|turn|20\n|\n|t:|1700208419\n|-terastallize|p1a: Gojira|Rock\n|move|p1a: Gojira|Rock Slide|p2a: Satan Worm\n|-damage|p2a: Satan Worm|43\/100\n|move|p2a: Satan Worm|Aura Sphere|p1a: Gojira\n|-supereffective|p1a: Gojira\n|-damage|p1a: Gojira|0 fnt\n|faint|p1a: Gojira\n|\n|win|Codradin\n","uploadtime":1700208676,"views":35,"p1id":"kanotation","p2id":"codradin","formatid":"gen9nationaldexubers","rating":0,"private":0,"password":""}