{"id":"gen9nationaldexubers-1988075604","p1":"MacarronToxico","p2":"Rhyfinn 01","format":"[Gen 9] National Dex Ubers","log":"|j|\u2606MacarronToxico\n|j|\u2606Rhyfinn 01\n|t:|1699666523\n|gametype|singles\n|player|p1|MacarronToxico|giovanni|1096\n|player|p2|Rhyfinn 01|alder|1142\n|teamsize|p1|6\n|teamsize|p2|6\n|gen|9\n|tier|[Gen 9] National Dex Ubers\n|rated|\n|rule|HP Percentage Mod: HP is shown in percentages\n|rule|Endless Battle Clause: Forcing endless battles is banned\n|rule|OHKO Clause: OHKO moves are banned\n|rule|Evasion Moves Clause: Evasion moves are banned\n|rule|Evasion Items Clause: Evasion items are banned\n|rule|Species Clause: Limit one of each Pok\u00e9mon\n|rule|Sleep Clause Mod: Limit one foe put to sleep\n|rule|Mega Rayquaza Clause: You cannot mega evolve Rayquaza\n|clearpoke\n|poke|p1|Gliscor, F|\n|poke|p1|Espeon, F|\n|poke|p1|Sableye, M|\n|poke|p1|Shuckle, F|\n|poke|p1|Wobbuffet, M|\n|poke|p1|Cloyster, F|\n|poke|p2|Groudon|\n|poke|p2|Xerneas-*|\n|poke|p2|Marshadow|\n|poke|p2|Necrozma-Dusk-Mane|\n|poke|p2|Deoxys-Speed|\n|poke|p2|Rayquaza|\n|teampreview\n|inactive|Battle timer is ON: inactive players will automatically lose when time's up. (requested by Rhyfinn 01)\n|\n|t:|1699666530\n|start\n|switch|p1a: Shuckle|Shuckle, F|100\/100\n|switch|p2a: Deoxys|Deoxys-Speed|100\/100\n|-ability|p2a: Deoxys|Pressure\n|turn|1\n|\n|t:|1699666538\n|move|p2a: Deoxys|Taunt|p1a: Shuckle\n|-start|p1a: Shuckle|move: Taunt\n|cant|p1a: Shuckle|move: Taunt|Sticky Web\n|\n|upkeep\n|turn|2\n|\n|t:|1699666546\n|move|p2a: Deoxys|Stealth Rock|p1a: Shuckle\n|-sidestart|p1: MacarronToxico|move: Stealth Rock\n|move|p1a: Shuckle|Infestation|p2a: Deoxys\n|-supereffective|p2a: Deoxys\n|-damage|p2a: Deoxys|97\/100\n|-activate|p2a: Deoxys|move: Infestation|[of] p1a: Shuckle\n|\n|-damage|p2a: Deoxys|84\/100|[from] move: Infestation|[partiallytrapped]\n|upkeep\n|turn|3\n|\n|t:|1699666554\n|move|p2a: Deoxys|Spikes|p1a: Shuckle\n|-sidestart|p1: MacarronToxico|Spikes\n|move|p1a: Shuckle|Infestation|p2a: Deoxys\n|-supereffective|p2a: Deoxys\n|-damage|p2a: Deoxys|80\/100\n|\n|-damage|p2a: Deoxys|68\/100|[from] move: Infestation|[partiallytrapped]\n|-end|p1a: Shuckle|move: Taunt\n|upkeep\n|turn|4\n|\n|t:|1699666563\n|move|p2a: Deoxys|Taunt|p1a: Shuckle\n|-start|p1a: Shuckle|move: Taunt\n|cant|p1a: Shuckle|move: Taunt|Toxic\n|\n|-damage|p2a: Deoxys|56\/100|[from] move: Infestation|[partiallytrapped]\n|upkeep\n|turn|5\n|\n|t:|1699666568\n|move|p2a: Deoxys|Spikes|p1a: Shuckle\n|-sidestart|p1: MacarronToxico|Spikes\n|move|p1a: Shuckle|Infestation|p2a: Deoxys\n|-supereffective|p2a: Deoxys\n|-damage|p2a: Deoxys|52\/100\n|\n|-damage|p2a: Deoxys|40\/100|[from] move: Infestation|[partiallytrapped]\n|upkeep\n|turn|6\n|\n|t:|1699666575\n|move|p2a: Deoxys|Spikes|p1a: Shuckle\n|-sidestart|p1: MacarronToxico|Spikes\n|move|p1a: Shuckle|Infestation|p2a: Deoxys\n|-supereffective|p2a: Deoxys\n|-damage|p2a: Deoxys|36\/100\n|\n|-end|p2a: Deoxys|Infestation|[partiallytrapped]\n|-end|p1a: Shuckle|move: Taunt\n|upkeep\n|turn|7\n|\n|t:|1699666584\n|move|p2a: Deoxys|Magic Coat|p2a: Deoxys\n|-singleturn|p2a: Deoxys|move: Magic Coat\n|move|p1a: Shuckle|Infestation|p2a: Deoxys\n|-supereffective|p2a: Deoxys\n|-damage|p2a: Deoxys|32\/100\n|-activate|p2a: Deoxys|move: Infestation|[of] p1a: Shuckle\n|\n|-damage|p2a: Deoxys|20\/100|[from] move: Infestation|[partiallytrapped]\n|upkeep\n|turn|8\n|\n|t:|1699666591\n|move|p2a: Deoxys|Magic Coat|p2a: Deoxys\n|-singleturn|p2a: Deoxys|move: Magic Coat\n|move|p1a: Shuckle|Infestation|p2a: Deoxys\n|-supereffective|p2a: Deoxys\n|-damage|p2a: Deoxys|16\/100\n|\n|-damage|p2a: Deoxys|3\/100|[from] move: Infestation|[partiallytrapped]\n|upkeep\n|turn|9\n|\n|t:|1699666601\n|move|p2a: Deoxys|Taunt|p1a: Shuckle\n|-start|p1a: Shuckle|move: Taunt\n|move|p1a: Shuckle|Infestation|p2a: Deoxys\n|-supereffective|p2a: Deoxys\n|-damage|p2a: Deoxys|0 fnt\n|faint|p2a: Deoxys\n|\n|upkeep\n|\n|t:|1699666614\n|switch|p2a: Necrozma|Necrozma-Dusk-Mane, shiny|100\/100\n|turn|10\n|\n|t:|1699666618\n|move|p2a: Necrozma|Dragon Dance|p2a: Necrozma\n|-boost|p2a: Necrozma|atk|1\n|-boost|p2a: Necrozma|spe|1\n|move|p1a: Shuckle|Infestation|p2a: Necrozma\n|-damage|p2a: Necrozma|99\/100\n|-activate|p2a: Necrozma|move: Infestation|[of] p1a: Shuckle\n|\n|-damage|p2a: Necrozma|86\/100|[from] move: Infestation|[partiallytrapped]\n|upkeep\n|turn|11\n|\n|t:|1699666625\n|move|p2a: Necrozma|Sunsteel Strike|p1a: Shuckle\n|-supereffective|p1a: Shuckle\n|-damage|p1a: Shuckle|0 fnt\n|faint|p1a: Shuckle\n|\n|-end|p2a: Necrozma|Infestation|[partiallytrapped]|[silent]\n|upkeep\n|\n|t:|1699666635\n|switch|p1a: Wobbuffet|Wobbuffet, M, shiny|100\/100\n|-damage|p1a: Wobbuffet|88\/100|[from] Stealth Rock\n|-damage|p1a: Wobbuffet|63\/100|[from] Spikes\n|turn|12\n|\n|t:|1699666645\n|move|p2a: Necrozma|Sunsteel Strike|p1a: Wobbuffet\n|-damage|p1a: Wobbuffet|0 fnt\n|faint|p1a: Wobbuffet\n|\n|upkeep\n|\n|t:|1699666655\n|switch|p1a: Sableye|Sableye, M|100\/100\n|-damage|p1a: Sableye|88\/100|[from] Stealth Rock\n|-damage|p1a: Sableye|64\/100|[from] Spikes\n|turn|13\n|\n|t:|1699666663\n|detailschange|p2a: Necrozma|Necrozma-Ultra, shiny\n|-burst|p2a: Necrozma|Necrozma|Ultranecrozium Z\n|move|p1a: Sableye|Will-O-Wisp|p2a: Necrozma|[miss]\n|-miss|p1a: Sableye|p2a: Necrozma\n|move|p2a: Necrozma|Sunsteel Strike|p1a: Sableye\n|-damage|p1a: Sableye|0 fnt\n|faint|p1a: Sableye\n|\n|upkeep\n|-message|MacarronToxico forfeited.\n|\n|win|Rhyfinn 01\n|raw|MacarronToxico's rating: 1096 &rarr; <strong>1075<\/strong><br \/>(-21 for losing)\n|raw|Rhyfinn 01's rating: 1142 &rarr; <strong>1164<\/strong><br \/>(+22 for winning)\n|l|\u2606MacarronToxico\n","uploadtime":1699666675,"views":5,"p1id":"macarrontoxico","p2id":"rhyfinn01","formatid":"gen9nationaldexubers","rating":1075,"private":0,"password":""}