{"id":"gen9nationaldexubers-1999633442","p1":"Gladiator_Kraken","p2":"AlolanSandslashOU","format":"[Gen 9] National Dex Ubers","log":"|j|\u2606Gladiator_Kraken\n|j|\u2606AlolanSandslashOU\n|t:|1701103066\n|gametype|singles\n|player|p1|Gladiator_Kraken|rika|\n|player|p2|AlolanSandslashOU|volkner|\n|teamsize|p1|6\n|teamsize|p2|6\n|gen|9\n|tier|[Gen 9] National Dex Ubers\n|rule|HP Percentage Mod: HP is shown in percentages\n|rule|Endless Battle Clause: Forcing endless battles is banned\n|rule|OHKO Clause: OHKO moves are banned\n|rule|Evasion Moves Clause: Evasion moves are banned\n|rule|Evasion Items Clause: Evasion items are banned\n|rule|Species Clause: Limit one of each Pok\u00e9mon\n|rule|Sleep Clause Mod: Limit one foe put to sleep\n|rule|Mega Rayquaza Clause: You cannot mega evolve Rayquaza\n|clearpoke\n|poke|p1|Alomomola, M|\n|poke|p1|Landorus-Therian, M|\n|poke|p1|Kyurem|\n|poke|p1|Rillaboom, F|\n|poke|p1|Iron Moth|\n|poke|p1|Scizor, M|\n|poke|p2|Ting-Lu|\n|poke|p2|Iron Valiant|\n|poke|p2|Greninja-*, F|\n|poke|p2|Weavile, M|\n|poke|p2|Urshifu-*, M|\n|poke|p2|Darkrai|\n|teampreview\n|\n|t:|1701103085\n|start\n|switch|p1a: Scizor|Scizor, M|100\/100\n|switch|p2a: Weavile|Weavile, M|100\/100\n|-ability|p2a: Weavile|Pressure\n|turn|1\n|\n|t:|1701103090\n|detailschange|p1a: Scizor|Scizor-Mega, M\n|-mega|p1a: Scizor|Scizor|Scizorite\n|move|p2a: Weavile|Low Kick|p1a: Scizor\n|-damage|p1a: Scizor|74\/100\n|move|p1a: Scizor|U-turn|p2a: Weavile\n|-supereffective|p2a: Weavile\n|-enditem|p2a: Weavile|Focus Sash\n|-damage|p2a: Weavile|1\/100\n|c|\u2606AlolanSandslashOU|We do run sash weavile\n|\n|t:|1701103140\n|switch|p1a: Rillaboom|Rillaboom, F|100\/100|[from] U-turn\n|-fieldstart|move: Grassy Terrain|[from] ability: Grassy Surge|[of] p1a: Rillaboom\n|\n|-heal|p2a: Weavile|7\/100|[from] Grassy Terrain\n|upkeep\n|turn|2\n|\n|t:|1701103144\n|move|p2a: Weavile|Ice Shard|p1a: Rillaboom\n|-supereffective|p1a: Rillaboom\n|-damage|p1a: Rillaboom|59\/100\n|move|p1a: Rillaboom|Grassy Glide|p2a: Weavile\n|-damage|p2a: Weavile|0 fnt\n|faint|p2a: Weavile\n|\n|-heal|p1a: Rillaboom|66\/100|[from] Grassy Terrain\n|upkeep\n|\n|t:|1701103156\n|switch|p2a: Urshifu|Urshifu, M|100\/100\n|turn|3\n|\n|t:|1701103176\n|switch|p1a: Landorus|Landorus-Therian, M|100\/100\n|-ability|p1a: Landorus|Intimidate|boost\n|-unboost|p2a: Urshifu|atk|1\n|move|p2a: Urshifu|Wicked Blow|p1a: Landorus\n|-crit|p1a: Landorus\n|-damage|p1a: Landorus|48\/100\n|\n|upkeep\n|turn|4\n|\n|t:|1701103182\n|move|p2a: Urshifu|Wicked Blow|p1a: Landorus\n|-crit|p1a: Landorus\n|-damage|p1a: Landorus|0 fnt\n|faint|p1a: Landorus\n|\n|upkeep\n|\n|t:|1701103186\n|switch|p1a: Alomomola|Alomomola, M|100\/100\n|turn|5\n|\n|t:|1701103192\n|switch|p2a: Ting-Lu|Ting-Lu|100\/100\n|-ability|p2a: Ting-Lu|Vessel of Ruin\n|move|p1a: Alomomola|Play Rough|p2a: Ting-Lu|[miss]\n|-miss|p1a: Alomomola|p2a: Ting-Lu\n|\n|-fieldend|move: Grassy Terrain\n|upkeep\n|turn|6\n|c|\u2606AlolanSandslashOU|play rough wtf\n|\n|t:|1701103204\n|move|p1a: Alomomola|Flip Turn|p2a: Ting-Lu\n|-supereffective|p2a: Ting-Lu\n|-damage|p2a: Ting-Lu|83\/100\n|\n|t:|1701103209\n|switch|p1a: Rillaboom|Rillaboom, F|66\/100|[from] Flip Turn\n|-fieldstart|move: Grassy Terrain|[from] ability: Grassy Surge|[of] p1a: Rillaboom\n|move|p2a: Ting-Lu|Spikes|p1a: Rillaboom\n|-sidestart|p1: Gladiator_Kraken|Spikes\n|\n|-heal|p1a: Rillaboom|72\/100|[from] Grassy Terrain\n|-heal|p2a: Ting-Lu|89\/100|[from] Grassy Terrain\n|-heal|p2a: Ting-Lu|95\/100|[from] item: Leftovers\n|upkeep\n|turn|7\n|\n|t:|1701103212\n|move|p1a: Rillaboom|Wood Hammer|p2a: Ting-Lu\n|-supereffective|p2a: Ting-Lu\n|-damage|p2a: Ting-Lu|0 fnt\n|faint|p2a: Ting-Lu\n|-damage|p1a: Rillaboom|25\/100|[from] Recoil\n|\n|-heal|p1a: Rillaboom|31\/100|[from] Grassy Terrain\n|upkeep\n|\n|t:|1701103218\n|switch|p2a: Urshifu|Urshifu, M|100\/100\n|turn|8\n|\n|t:|1701103230\n|move|p2a: Urshifu|Wicked Blow|p1a: Rillaboom\n|-crit|p1a: Rillaboom\n|-damage|p1a: Rillaboom|0 fnt\n|faint|p1a: Rillaboom\n|\n|upkeep\n|\n|t:|1701103233\n|switch|p1a: Alomomola|Alomomola, M|100\/100\n|-damage|p1a: Alomomola|88\/100|[from] Spikes\n|turn|9\n|\n|t:|1701103239\n|switch|p2a: Iron Valiant|Iron Valiant|100\/100\n|-enditem|p2a: Iron Valiant|Booster Energy\n|-activate|p2a: Iron Valiant|ability: Quark Drive|[fromitem]\n|-start|p2a: Iron Valiant|quarkdrivespe\n|move|p1a: Alomomola|Flip Turn|p2a: Iron Valiant\n|-damage|p2a: Iron Valiant|80\/100\n|\n|t:|1701103260\n|switch|p1a: Iron Moth|Iron Moth|100\/100|[from] Flip Turn\n|\n|-heal|p2a: Iron Valiant|86\/100|[from] Grassy Terrain\n|upkeep\n|turn|10\n|\n|t:|1701103272\n|-terastallize|p2a: Iron Valiant|Steel\n|-terastallize|p1a: Iron Moth|Fairy\n|move|p2a: Iron Valiant|Psychic|p1a: Iron Moth\n|-damage|p1a: Iron Moth|72\/100\n|move|p1a: Iron Moth|Agility|p1a: Iron Moth\n|-boost|p1a: Iron Moth|spe|2\n|\n|-heal|p1a: Iron Moth|78\/100|[from] Grassy Terrain\n|-heal|p2a: Iron Valiant|92\/100|[from] Grassy Terrain\n|-fieldend|move: Grassy Terrain\n|upkeep\n|turn|11\n|\n|t:|1701103283\n|move|p1a: Iron Moth|Fiery Dance|p2a: Iron Valiant\n|-supereffective|p2a: Iron Valiant\n|-damage|p2a: Iron Valiant|0 fnt\n|faint|p2a: Iron Valiant\n|-end|p2a: Iron Valiant|Quark Drive|[silent]\n|\n|upkeep\n|\n|t:|1701103294\n|switch|p2a: Greninja|Greninja, F|100\/100\n|turn|12\n|\n|t:|1701103298\n|move|p1a: Iron Moth|Dazzling Gleam|p2a: Greninja\n|-supereffective|p2a: Greninja\n|-damage|p2a: Greninja|0 fnt\n|faint|p2a: Greninja\n|\n|upkeep\n|\n|t:|1701103300\n|switch|p2a: Darkrai|Darkrai|100\/100\n|turn|13\n|\n|t:|1701103303\n|move|p1a: Iron Moth|Dazzling Gleam|p2a: Darkrai\n|-supereffective|p2a: Darkrai\n|-damage|p2a: Darkrai|0 fnt\n|faint|p2a: Darkrai\n|\n|upkeep\n|\n|t:|1701103305\n|switch|p2a: Urshifu|Urshifu, M|100\/100\n|turn|14\n|\n|t:|1701103308\n|move|p1a: Iron Moth|Dazzling Gleam|p2a: Urshifu\n|-supereffective|p2a: Urshifu\n|-damage|p2a: Urshifu|0 fnt\n|faint|p2a: Urshifu\n|\n|win|Gladiator_Kraken\n|c|\u2606Gladiator_Kraken|my cteaming knows no limits\n|c|\u2606Gladiator_Kraken|ggwp\n|l|\u2606AlolanSandslashOU\n|l|\u2606Gladiator_Kraken\n|j|\u2606Gladiator_Kraken\n|player|p1|Gladiator_Kraken|rika\n","uploadtime":1701103312,"views":2,"p1id":"gladiatorkraken","p2id":"alolansandslashou","formatid":"gen9nationaldexubers","rating":0,"private":0,"password":""}