{"id":"gen9nationaldexubers-1989324505","p1":"ImGoodATM","p2":"DrDogbert","format":"[Gen 9] National Dex Ubers","log":"|j|\u2606ImGoodATM\n|j|\u2606DrDogbert\n|t:|1699836474\n|gametype|singles\n|player|p1|ImGoodATM|will|\n|player|p2|DrDogbert|burglar|\n|teamsize|p1|6\n|teamsize|p2|6\n|gen|9\n|tier|[Gen 9] National Dex Ubers\n|rule|HP Percentage Mod: HP is shown in percentages\n|rule|Endless Battle Clause: Forcing endless battles is banned\n|rule|OHKO Clause: OHKO moves are banned\n|rule|Evasion Moves Clause: Evasion moves are banned\n|rule|Evasion Items Clause: Evasion items are banned\n|rule|Species Clause: Limit one of each Pok\u00e9mon\n|rule|Sleep Clause Mod: Limit one foe put to sleep\n|rule|Mega Rayquaza Clause: You cannot mega evolve Rayquaza\n|clearpoke\n|poke|p1|Naganadel|\n|poke|p1|Sneasler, F|\n|poke|p1|Drapion, F|\n|poke|p1|Beedrill, M|\n|poke|p1|Crobat, M|\n|poke|p1|Slowking-Galar, M|\n|poke|p2|Flygon, M|\n|poke|p2|Garchomp, M|\n|poke|p2|Swampert, F|\n|poke|p2|Camerupt, F|\n|poke|p2|Gastrodon, F|\n|poke|p2|Great Tusk|\n|teampreview\n|inactive|Battle timer is ON: inactive players will automatically lose when time's up. (requested by ImGoodATM)\n|\n|t:|1699836484\n|start\n|switch|p1a: Slowking|Slowking-Galar, M|100\/100\n|switch|p2a: Swampert|Swampert, F|100\/100\n|turn|1\n|\n|t:|1699836489\n|move|p2a: Swampert|Stealth Rock|p1a: Slowking\n|-sidestart|p1: ImGoodATM|move: Stealth Rock\n|move|p1a: Slowking|Hydro Pump|p2a: Swampert\n|-damage|p2a: Swampert|64\/100\n|\n|-heal|p2a: Swampert|70\/100|[from] item: Leftovers\n|upkeep\n|turn|2\n|\n|t:|1699836498\n|move|p2a: Swampert|Earthquake|p1a: Slowking\n|-supereffective|p1a: Slowking\n|-damage|p1a: Slowking|20\/100\n|move|p1a: Slowking|Hydro Pump|p2a: Swampert\n|-damage|p2a: Swampert|36\/100\n|\n|-heal|p2a: Swampert|43\/100|[from] item: Leftovers\n|upkeep\n|turn|3\n|\n|t:|1699836506\n|move|p2a: Swampert|Earthquake|p1a: Slowking\n|-supereffective|p1a: Slowking\n|-crit|p1a: Slowking\n|-damage|p1a: Slowking|0 fnt\n|faint|p1a: Slowking\n|\n|-heal|p2a: Swampert|49\/100|[from] item: Leftovers\n|upkeep\n|\n|t:|1699836507\n|switch|p1a: Crobat|Crobat, M|100\/100\n|-damage|p1a: Crobat|76\/100|[from] Stealth Rock\n|turn|4\n|\n|t:|1699836514\n|move|p1a: Crobat|Defog|p2a: Swampert\n|-unboost|p2a: Swampert|evasion|1\n|-sideend|p1: ImGoodATM|Stealth Rock|[from] move: Defog|[of] p1a: Crobat\n|move|p2a: Swampert|Flip Turn|p1a: Crobat\n|-damage|p1a: Crobat|46\/100\n|\n|t:|1699836521\n|switch|p2a: Camerupt|Camerupt, F|100\/100|[from] Flip Turn\n|\n|upkeep\n|turn|5\n|\n|t:|1699836527\n|move|p1a: Crobat|Cross Poison|p2a: Camerupt\n|-resisted|p2a: Camerupt\n|-damage|p2a: Camerupt|84\/100\n|-status|p2a: Camerupt|psn\n|move|p2a: Camerupt|Ancient Power|p1a: Crobat\n|-supereffective|p1a: Crobat\n|-damage|p1a: Crobat|9\/100\n|\n|-damage|p2a: Camerupt|71\/100 psn|[from] psn\n|upkeep\n|turn|6\n|\n|t:|1699836538\n|move|p1a: Crobat|Brave Bird|p2a: Camerupt\n|-damage|p2a: Camerupt|13\/100 psn\n|-damage|p1a: Crobat|0 fnt|[from] Recoil\n|faint|p1a: Crobat\n|move|p2a: Camerupt|Ancient Power|p1: Crobat|[notarget]\n|-fail|p2a: Camerupt\n|\n|-damage|p2a: Camerupt|1\/100 psn|[from] psn\n|upkeep\n|\n|t:|1699836541\n|switch|p1a: Sneasler|Sneasler, F|100\/100\n|turn|7\n|\n|t:|1699836549\n|move|p1a: Sneasler|Fake Out|p2a: Camerupt\n|-enditem|p1a: Sneasler|Normal Gem|[from] gem\n|-damage|p2a: Camerupt|0 fnt\n|faint|p2a: Camerupt\n|\n|upkeep\n|\n|t:|1699836566\n|switch|p2a: Swampert|Swampert, F|49\/100\n|turn|8\n|\n|t:|1699836569\n|-terastallize|p1a: Sneasler|Flying\n|move|p1a: Sneasler|Swords Dance|p1a: Sneasler\n|-boost|p1a: Sneasler|atk|2\n|move|p2a: Swampert|Stealth Rock|p1a: Sneasler\n|-sidestart|p1: ImGoodATM|move: Stealth Rock\n|\n|-heal|p2a: Swampert|55\/100|[from] item: Leftovers\n|upkeep\n|turn|9\n|\n|t:|1699836576\n|move|p1a: Sneasler|Acrobatics|p2a: Swampert\n|-crit|p2a: Swampert\n|-damage|p2a: Swampert|0 fnt\n|faint|p2a: Swampert\n|\n|upkeep\n|\n|t:|1699836597\n|switch|p2a: Garchomp|Garchomp, M|100\/100\n|turn|10\n|\n|t:|1699836607\n|-terastallize|p2a: Garchomp|Dragon\n|move|p1a: Sneasler|Acrobatics|p2a: Garchomp\n|-damage|p2a: Garchomp|0 fnt\n|-damage|p1a: Sneasler|88\/100|[from] ability: Rough Skin|[of] p2a: Garchomp\n|-damage|p1a: Sneasler|72\/100|[from] item: Rocky Helmet|[of] p2a: Garchomp\n|faint|p2a: Garchomp\n|\n|upkeep\n|\n|t:|1699836615\n|switch|p2a: Great Titan|Great Tusk|100\/100\n|-enditem|p2a: Great Titan|Booster Energy\n|-activate|p2a: Great Titan|ability: Protosynthesis|[fromitem]\n|-start|p2a: Great Titan|protosynthesisatk\n|turn|11\n|\n|t:|1699836620\n|move|p1a: Sneasler|Acrobatics|p2a: Great Titan\n|-supereffective|p2a: Great Titan\n|-damage|p2a: Great Titan|0 fnt\n|faint|p2a: Great Titan\n|-end|p2a: Great Titan|Protosynthesis|[silent]\n|\n|upkeep\n|\n|t:|1699836625\n|switch|p2a: Blug|Gastrodon, F|100\/100\n|turn|12\n|\n|t:|1699836629\n|move|p1a: Sneasler|Acrobatics|p2a: Blug\n|-damage|p2a: Blug|0 fnt\n|faint|p2a: Blug\n|\n|upkeep\n|\n|t:|1699836634\n|switch|p2a: Flygon|Flygon, M|100\/100\n|turn|13\n|\n|t:|1699836637\n|move|p1a: Sneasler|Acrobatics|p2a: Flygon\n|-damage|p2a: Flygon|0 fnt\n|faint|p2a: Flygon\n|\n|win|ImGoodATM\n","uploadtime":1699836643,"views":14,"p1id":"imgoodatm","p2id":"drdogbert","formatid":"gen9nationaldexubers","rating":0,"private":0,"password":""}