{"id":"gen9nationaldexubers-1984072871","p1":"dani_noah1","p2":"YouTrashBoi123456","format":"[Gen 9] National Dex Ubers","log":"|j|\u2606dani_noah1\n|j|\u2606YouTrashBoi123456\n|t:|1699215876\n|gametype|singles\n|player|p1|dani_noah1|hilbert-wonderlauncher|1117\n|player|p2|YouTrashBoi123456|ethan|1148\n|teamsize|p1|6\n|teamsize|p2|6\n|gen|9\n|tier|[Gen 9] National Dex Ubers\n|rated|\n|rule|HP Percentage Mod: HP is shown in percentages\n|rule|Endless Battle Clause: Forcing endless battles is banned\n|rule|OHKO Clause: OHKO moves are banned\n|rule|Evasion Moves Clause: Evasion moves are banned\n|rule|Evasion Items Clause: Evasion items are banned\n|rule|Species Clause: Limit one of each Pok\u00e9mon\n|rule|Sleep Clause Mod: Limit one foe put to sleep\n|rule|Mega Rayquaza Clause: You cannot mega evolve Rayquaza\n|clearpoke\n|poke|p1|Salamence, M|\n|poke|p1|Necrozma-Dusk-Mane|\n|poke|p1|Greninja-*, M|\n|poke|p1|Nidoking, M|\n|poke|p1|Ogerpon-Cornerstone, F|\n|poke|p1|Ho-Oh|\n|poke|p2|Zacian-*|\n|poke|p2|Dracovish|\n|poke|p2|Palafin, M|\n|poke|p2|Whimsicott, L1, M|\n|poke|p2|Marshadow|\n|poke|p2|Blaziken, M|\n|teampreview\n|inactive|Battle timer is ON: inactive players will automatically lose when time's up. (requested by YouTrashBoi123456)\n|\n|t:|1699215896\n|start\n|switch|p1a: Nidoking|Nidoking, M|100\/100\n|switch|p2a: Blaziken|Blaziken, M|100\/100\n|turn|1\n|\n|t:|1699215910\n|detailschange|p2a: Blaziken|Blaziken-Mega, M\n|-mega|p2a: Blaziken|Blaziken|Blazikenite\n|move|p2a: Blaziken|Swords Dance|p2a: Blaziken\n|-boost|p2a: Blaziken|atk|2\n|move|p1a: Nidoking|Earthquake|p2a: Blaziken\n|-supereffective|p2a: Blaziken\n|-damage|p2a: Blaziken|0 fnt\n|faint|p2a: Blaziken\n|\n|upkeep\n|\n|t:|1699215924\n|switch|p2a: Palafin|Palafin, M, shiny|100\/100\n|turn|2\n|\n|t:|1699215942\n|-terastallize|p1a: Nidoking|Poison\n|move|p2a: Palafin|Flip Turn|p1a: Nidoking\n|-damage|p1a: Nidoking|74\/100\n|\n|t:|1699215954\n|detailschange|p2a: Palafin|Palafin-Hero, M, shiny\n|switch|p2a: Dracovish|Dracovish, shiny|100\/100|[from] Flip Turn\n|move|p1a: Nidoking|Sludge Bomb|p2a: Dracovish\n|-damage|p2a: Dracovish|46\/100\n|-status|p2a: Dracovish|psn\n|\n|-damage|p2a: Dracovish|33\/100 psn|[from] psn\n|upkeep\n|turn|3\n|\n|t:|1699215966\n|-terastallize|p2a: Dracovish|Water\n|move|p2a: Dracovish|Fishious Rend|p1a: Nidoking\n|-damage|p1a: Nidoking|0 fnt\n|faint|p1a: Nidoking\n|\n|-damage|p2a: Dracovish|21\/100 psn|[from] psn\n|upkeep\n|\n|t:|1699215979\n|switch|p1a: Necrozma|Necrozma-Dusk-Mane|100\/100\n|turn|4\n|\n|t:|1699215985\n|move|p2a: Dracovish|Fishious Rend|p1a: Necrozma\n|-damage|p1a: Necrozma|0 fnt\n|faint|p1a: Necrozma\n|\n|-damage|p2a: Dracovish|8\/100 psn|[from] psn\n|upkeep\n|\n|t:|1699215997\n|switch|p1a: Ogerpon|Ogerpon-Cornerstone, F|100\/100\n|turn|5\n|\n|t:|1699216002\n|move|p2a: Dracovish|Fishious Rend|p1a: Ogerpon\n|-ability|p1a: Ogerpon|Sturdy\n|-damage|p1a: Ogerpon|1\/100\n|move|p1a: Ogerpon|Superpower|p2a: Dracovish\n|-damage|p2a: Dracovish|0 fnt\n|-unboost|p1a: Ogerpon|atk|1\n|-unboost|p1a: Ogerpon|def|1\n|faint|p2a: Dracovish\n|\n|upkeep\n|\n|t:|1699216011\n|switch|p2a: Palafin|Palafin-Hero, M, shiny|100\/100\n|-activate|p2a: Palafin|ability: Zero to Hero\n|turn|6\n|\n|t:|1699216021\n|move|p2a: Palafin|Jet Punch|p1a: Ogerpon\n|-damage|p1a: Ogerpon|0 fnt\n|faint|p1a: Ogerpon\n|\n|upkeep\n|\n|t:|1699216033\n|switch|p1a: Salamence|Salamence, M|100\/100\n|-ability|p1a: Salamence|Intimidate|boost\n|-unboost|p2a: Palafin|atk|1\n|turn|7\n|\n|t:|1699216043\n|detailschange|p1a: Salamence|Salamence-Mega, M\n|-mega|p1a: Salamence|Salamence|Salamencite\n|move|p2a: Palafin|Bulk Up|p2a: Palafin\n|-boost|p2a: Palafin|atk|1\n|-boost|p2a: Palafin|def|1\n|move|p1a: Salamence|Iron Head|p2a: Palafin\n|-resisted|p2a: Palafin\n|-damage|p2a: Palafin|91\/100\n|\n|upkeep\n|turn|8\n|\n|t:|1699216055\n|move|p2a: Palafin|Bulk Up|p2a: Palafin\n|-boost|p2a: Palafin|atk|1\n|-boost|p2a: Palafin|def|1\n|move|p1a: Salamence|Draco Meteor|p2a: Palafin\n|-damage|p2a: Palafin|28\/100\n|-unboost|p1a: Salamence|spa|2\n|\n|upkeep\n|turn|9\n|\n|t:|1699216068\n|move|p2a: Palafin|Close Combat|p1a: Salamence\n|-resisted|p1a: Salamence\n|-crit|p1a: Salamence\n|-damage|p1a: Salamence|63\/100\n|-unboost|p2a: Palafin|def|1\n|-unboost|p2a: Palafin|spd|1\n|move|p1a: Salamence|Draco Meteor|p2a: Palafin\n|-damage|p2a: Palafin|0 fnt\n|-unboost|p1a: Salamence|spa|2\n|faint|p2a: Palafin\n|\n|upkeep\n|\n|t:|1699216085\n|switch|p2a: Zacian|Zacian-Crowned, shiny|100\/100\n|-ability|p2a: Zacian|Intrepid Sword|boost\n|-boost|p2a: Zacian|atk|1\n|turn|10\n|\n|t:|1699216097\n|move|p2a: Zacian|Play Rough|p1a: Salamence\n|-supereffective|p1a: Salamence\n|-damage|p1a: Salamence|0 fnt\n|faint|p1a: Salamence\n|\n|upkeep\n|c|\u2606YouTrashBoi123456|ded\n|\n|t:|1699216113\n|switch|p1a: Ho-Oh|Ho-Oh|100\/100\n|turn|11\n|\n|t:|1699216121\n|move|p2a: Zacian|Behemoth Blade|p1a: Ho-Oh\n|-resisted|p1a: Ho-Oh\n|-crit|p1a: Ho-Oh\n|-damage|p1a: Ho-Oh|48\/100\n|move|p1a: Ho-Oh|Flamethrower|p2a: Zacian\n|-supereffective|p2a: Zacian\n|-damage|p2a: Zacian|37\/100\n|\n|upkeep\n|turn|12\n|inactive|dani_noah1 has 120 seconds left.\n|\n|t:|1699216152\n|move|p2a: Zacian|Play Rough|p1a: Ho-Oh\n|-resisted|p1a: Ho-Oh\n|-damage|p1a: Ho-Oh|14\/100\n|move|p1a: Ho-Oh|Brave Bird|p2a: Zacian\n|-resisted|p2a: Zacian\n|-damage|p2a: Zacian|7\/100\n|-damage|p1a: Ho-Oh|5\/100|[from] Recoil\n|\n|upkeep\n|turn|13\n|inactive|dani_noah1 has 120 seconds left.\n|\n|t:|1699216164\n|move|p2a: Zacian|Behemoth Blade|p1a: Ho-Oh\n|-resisted|p1a: Ho-Oh\n|-damage|p1a: Ho-Oh|0 fnt\n|faint|p1a: Ho-Oh\n|\n|upkeep\n|inactive|dani_noah1 has 120 seconds left.\n|\n|t:|1699216170\n|switch|p1a: Greninja|Greninja, M|100\/100\n|turn|14\n|c|\u2606YouTrashBoi123456|ded\n|inactive|YouTrashBoi123456 has 120 seconds left.\n|\n|t:|1699216206\n|move|p2a: Zacian|Play Rough|p1a: Greninja|[miss]\n|-miss|p2a: Zacian|p1a: Greninja\n|move|p1a: Greninja|Hydro Pump|p2a: Zacian|[miss]\n|-miss|p1a: Greninja|p2a: Zacian\n|\n|upkeep\n|turn|15\n|c|\u2606dani_noah1|yes\n|inactive|YouTrashBoi123456 has 120 seconds left.\n|\n|t:|1699216216\n|move|p2a: Zacian|Play Rough|p1a: Greninja\n|-supereffective|p1a: Greninja\n|-damage|p1a: Greninja|0 fnt\n|faint|p1a: Greninja\n|\n|win|YouTrashBoi123456\n|raw|dani_noah1's rating: 1117 &rarr; <strong>1094<\/strong><br \/>(-23 for losing)\n|raw|YouTrashBoi123456's rating: 1148 &rarr; <strong>1171<\/strong><br \/>(+23 for winning)\n|c|\u2606YouTrashBoi123456|bruh\n|l|\u2606dani_noah1\n","uploadtime":1699216231,"views":5,"p1id":"daninoah1","p2id":"youtrashboi123456","formatid":"gen9nationaldexubers","rating":1094,"private":0,"password":""}