{"id":"gen9nationaldexubers-1993482853","p1":"yamikazeXYZ","p2":"PIXIE-MODE\u2665\ufe0f","format":"[Gen 9] National Dex Ubers","log":"|j|\u2606yamikazeXYZ\n|j|\u2606PIXIE-MODE\u2665\ufe0f\n|t:|1700323280\n|gametype|singles\n|player|p1|yamikazeXYZ|2|1082\n|player|p2|PIXIE-MODE\u2665\ufe0f|valerie|1086\n|teamsize|p1|6\n|teamsize|p2|6\n|gen|9\n|tier|[Gen 9] National Dex Ubers\n|rated|\n|rule|HP Percentage Mod: HP is shown in percentages\n|rule|Endless Battle Clause: Forcing endless battles is banned\n|rule|OHKO Clause: OHKO moves are banned\n|rule|Evasion Moves Clause: Evasion moves are banned\n|rule|Evasion Items Clause: Evasion items are banned\n|rule|Species Clause: Limit one of each Pok\u00e9mon\n|rule|Sleep Clause Mod: Limit one foe put to sleep\n|rule|Mega Rayquaza Clause: You cannot mega evolve Rayquaza\n|clearpoke\n|poke|p1|Greninja-*, M|\n|poke|p1|Talonflame, M|\n|poke|p1|Noivern, F|\n|poke|p1|Sylveon, F|\n|poke|p1|Trevenant, M|\n|poke|p1|Heliolisk, F|\n|poke|p2|Mawile, F|\n|poke|p2|Iron Valiant|\n|poke|p2|Clefable, F|\n|poke|p2|Grimmsnarl, M|\n|poke|p2|Weezing-Galar, F|\n|poke|p2|Magearna|\n|teampreview\n|\n|t:|1700323311\n|start\n|switch|p1a: Talonflame|Talonflame, M|100\/100\n|switch|p2a: \ud83d\udc97WEEZING\ud83d\udc96|Weezing-Galar, F, shiny|100\/100\n|-fieldstart|move: Misty Terrain|[from] ability: Misty Surge|[of] p2a: \ud83d\udc97WEEZING\ud83d\udc96\n|turn|1\n|\n|t:|1700323324\n|-zpower|p1a: Talonflame\n|move|p1a: Talonflame|Inferno Overdrive|p2a: \ud83d\udc97WEEZING\ud83d\udc96|[zeffect]\n|-damage|p2a: \ud83d\udc97WEEZING\ud83d\udc96|42\/100\n|move|p2a: \ud83d\udc97WEEZING\ud83d\udc96|Corrosive Gas|p1a: Talonflame\n|-fail|p1a: Talonflame|move: Corrosive Gas\n|\n|upkeep\n|turn|2\n|\n|t:|1700323335\n|move|p1a: Talonflame|Flare Blitz|p2a: \ud83d\udc97WEEZING\ud83d\udc96\n|-damage|p2a: \ud83d\udc97WEEZING\ud83d\udc96|6\/100\n|-damage|p1a: Talonflame|90\/100|[from] Recoil\n|move|p2a: \ud83d\udc97WEEZING\ud83d\udc96|Misty Explosion|p1a: Talonflame\n|-resisted|p1a: Talonflame\n|-damage|p1a: Talonflame|39\/100\n|faint|p2a: \ud83d\udc97WEEZING\ud83d\udc96\n|\n|upkeep\n|\n|t:|1700323351\n|switch|p2a: \ud83d\udc97\ud83d\udc97MAGEARNA\ud83d\udc97\ud83d\udc97\ud83d\udc8b|Magearna|100\/100\n|turn|3\n|\n|t:|1700323356\n|-terastallize|p2a: \ud83d\udc97\ud83d\udc97MAGEARNA\ud83d\udc97\ud83d\udc97\ud83d\udc8b|Fairy\n|move|p1a: Talonflame|Flare Blitz|p2a: \ud83d\udc97\ud83d\udc97MAGEARNA\ud83d\udc97\ud83d\udc97\ud83d\udc8b\n|-damage|p2a: \ud83d\udc97\ud83d\udc97MAGEARNA\ud83d\udc97\ud83d\udc97\ud83d\udc8b|52\/100\n|-damage|p1a: Talonflame|23\/100|[from] Recoil\n|move|p2a: \ud83d\udc97\ud83d\udc97MAGEARNA\ud83d\udc97\ud83d\udc97\ud83d\udc8b|Shift Gear|p2a: \ud83d\udc97\ud83d\udc97MAGEARNA\ud83d\udc97\ud83d\udc97\ud83d\udc8b\n|-boost|p2a: \ud83d\udc97\ud83d\udc97MAGEARNA\ud83d\udc97\ud83d\udc97\ud83d\udc8b|spe|2\n|-boost|p2a: \ud83d\udc97\ud83d\udc97MAGEARNA\ud83d\udc97\ud83d\udc97\ud83d\udc8b|atk|1\n|\n|upkeep\n|turn|4\n|\n|t:|1700323366\n|move|p2a: \ud83d\udc97\ud83d\udc97MAGEARNA\ud83d\udc97\ud83d\udc97\ud83d\udc8b|Draining Kiss|p1a: Talonflame\n|-resisted|p1a: Talonflame\n|-damage|p1a: Talonflame|0 fnt\n|-heal|p2a: \ud83d\udc97\ud83d\udc97MAGEARNA\ud83d\udc97\ud83d\udc97\ud83d\udc8b|68\/100|[from] drain|[of] p1a: Talonflame\n|faint|p1a: Talonflame\n|-ability|p2a: \ud83d\udc97\ud83d\udc97MAGEARNA\ud83d\udc97\ud83d\udc97\ud83d\udc8b|Soul-Heart|boost\n|-boost|p2a: \ud83d\udc97\ud83d\udc97MAGEARNA\ud83d\udc97\ud83d\udc97\ud83d\udc8b|spa|1\n|\n|upkeep\n|\n|t:|1700323375\n|switch|p1a: Greninja|Greninja, M|100\/100\n|turn|5\n|\n|t:|1700323382\n|-terastallize|p1a: Greninja|Water\n|move|p2a: \ud83d\udc97\ud83d\udc97MAGEARNA\ud83d\udc97\ud83d\udc97\ud83d\udc8b|Draining Kiss|p1a: Greninja\n|-enditem|p1a: Greninja|Focus Sash\n|-damage|p1a: Greninja|1\/100\n|-heal|p2a: \ud83d\udc97\ud83d\udc97MAGEARNA\ud83d\udc97\ud83d\udc97\ud83d\udc8b|100\/100|[from] drain|[of] p1a: Greninja\n|move|p1a: Greninja|Hydro Pump|p2a: \ud83d\udc97\ud83d\udc97MAGEARNA\ud83d\udc97\ud83d\udc97\ud83d\udc8b\n|-crit|p2a: \ud83d\udc97\ud83d\udc97MAGEARNA\ud83d\udc97\ud83d\udc97\ud83d\udc8b\n|-damage|p2a: \ud83d\udc97\ud83d\udc97MAGEARNA\ud83d\udc97\ud83d\udc97\ud83d\udc8b|0 fnt\n|faint|p2a: \ud83d\udc97\ud83d\udc97MAGEARNA\ud83d\udc97\ud83d\udc97\ud83d\udc8b\n|\n|upkeep\n|\n|t:|1700323402\n|switch|p2a: \ud83c\udf19\ud83d\udc8bIRON-VALIANT\ud83d\udc97|Iron Valiant, shiny|100\/100\n|-enditem|p2a: \ud83c\udf19\ud83d\udc8bIRON-VALIANT\ud83d\udc97|Booster Energy\n|-activate|p2a: \ud83c\udf19\ud83d\udc8bIRON-VALIANT\ud83d\udc97|ability: Quark Drive|[fromitem]\n|-start|p2a: \ud83c\udf19\ud83d\udc8bIRON-VALIANT\ud83d\udc97|quarkdrivespe\n|turn|6\n|\n|t:|1700323413\n|move|p2a: \ud83c\udf19\ud83d\udc8bIRON-VALIANT\ud83d\udc97|Spirit Break|p1a: Greninja\n|-damage|p1a: Greninja|0 fnt\n|faint|p1a: Greninja\n|\n|upkeep\n|\n|t:|1700323426\n|switch|p1a: Heliolisk|Heliolisk, F|100\/100\n|turn|7\n|\n|t:|1700323430\n|move|p2a: \ud83c\udf19\ud83d\udc8bIRON-VALIANT\ud83d\udc97|Swords Dance|p2a: \ud83c\udf19\ud83d\udc8bIRON-VALIANT\ud83d\udc97\n|-boost|p2a: \ud83c\udf19\ud83d\udc8bIRON-VALIANT\ud83d\udc97|atk|2\n|move|p1a: Heliolisk|Thunderbolt|p2a: \ud83c\udf19\ud83d\udc8bIRON-VALIANT\ud83d\udc97\n|-damage|p2a: \ud83c\udf19\ud83d\udc8bIRON-VALIANT\ud83d\udc97|20\/100\n|\n|upkeep\n|turn|8\n|\n|t:|1700323438\n|move|p2a: \ud83c\udf19\ud83d\udc8bIRON-VALIANT\ud83d\udc97|Close Combat|p1a: Heliolisk\n|-supereffective|p1a: Heliolisk\n|-damage|p1a: Heliolisk|0 fnt\n|-unboost|p2a: \ud83c\udf19\ud83d\udc8bIRON-VALIANT\ud83d\udc97|def|1\n|-unboost|p2a: \ud83c\udf19\ud83d\udc8bIRON-VALIANT\ud83d\udc97|spd|1\n|faint|p1a: Heliolisk\n|\n|-fieldend|Misty Terrain\n|upkeep\n|\n|t:|1700323447\n|switch|p1a: Noivern|Noivern, F|100\/100\n|turn|9\n|\n|t:|1700323451\n|move|p2a: \ud83c\udf19\ud83d\udc8bIRON-VALIANT\ud83d\udc97|Spirit Break|p1a: Noivern\n|-supereffective|p1a: Noivern\n|-damage|p1a: Noivern|0 fnt\n|faint|p1a: Noivern\n|\n|upkeep\n|\n|t:|1700323456\n|switch|p1a: Sylveon|Sylveon, F|100\/100\n|turn|10\n|\n|t:|1700323461\n|move|p2a: \ud83c\udf19\ud83d\udc8bIRON-VALIANT\ud83d\udc97|Spirit Break|p1a: Sylveon\n|-damage|p1a: Sylveon|3\/100\n|-unboost|p1a: Sylveon|spa|1\n|move|p1a: Sylveon|Double-Edge|p2a: \ud83c\udf19\ud83d\udc8bIRON-VALIANT\ud83d\udc97\n|-damage|p2a: \ud83c\udf19\ud83d\udc8bIRON-VALIANT\ud83d\udc97|0 fnt\n|faint|p2a: \ud83c\udf19\ud83d\udc8bIRON-VALIANT\ud83d\udc97\n|-end|p2a: \ud83c\udf19\ud83d\udc8bIRON-VALIANT\ud83d\udc97|Quark Drive|[silent]\n|-damage|p1a: Sylveon|0 fnt|[from] Recoil\n|faint|p1a: Sylveon\n|\n|upkeep\n|\n|t:|1700323474\n|switch|p2a: \ud83d\udc8b\ud83d\udc97I AM GAY!\ud83d\udc97\ud83d\udc96|Grimmsnarl, M, shiny|100\/100\n|switch|p1a: Trevenant|Trevenant, M|100\/100\n|turn|11\n|\n|t:|1700323488\n|move|p2a: \ud83d\udc8b\ud83d\udc97I AM GAY!\ud83d\udc97\ud83d\udc96|Misty Terrain|p2a: \ud83d\udc8b\ud83d\udc97I AM GAY!\ud83d\udc97\ud83d\udc96\n|-fieldstart|move: Misty Terrain\n|move|p1a: Trevenant|Wood Hammer|p2a: \ud83d\udc8b\ud83d\udc97I AM GAY!\ud83d\udc97\ud83d\udc96\n|-damage|p2a: \ud83d\udc8b\ud83d\udc97I AM GAY!\ud83d\udc97\ud83d\udc96|21\/100\n|-damage|p1a: Trevenant|77\/100|[from] Recoil\n|\n|-heal|p1a: Trevenant|83\/100|[from] item: Leftovers\n|upkeep\n|turn|12\n|\n|t:|1700323498\n|move|p2a: \ud83d\udc8b\ud83d\udc97I AM GAY!\ud83d\udc97\ud83d\udc96|Spirit Break|p1a: Trevenant\n|-damage|p1a: Trevenant|33\/100\n|-unboost|p1a: Trevenant|spa|1\n|move|p1a: Trevenant|Wood Hammer|p2a: \ud83d\udc8b\ud83d\udc97I AM GAY!\ud83d\udc97\ud83d\udc96\n|-crit|p2a: \ud83d\udc8b\ud83d\udc97I AM GAY!\ud83d\udc97\ud83d\udc96\n|-damage|p2a: \ud83d\udc8b\ud83d\udc97I AM GAY!\ud83d\udc97\ud83d\udc96|0 fnt\n|faint|p2a: \ud83d\udc8b\ud83d\udc97I AM GAY!\ud83d\udc97\ud83d\udc96\n|-damage|p1a: Trevenant|27\/100|[from] Recoil\n|\n|-heal|p1a: Trevenant|33\/100|[from] item: Leftovers\n|upkeep\n|\n|t:|1700323511\n|switch|p2a: \ud83d\udc97\ud83d\udc97MAWILE\ud83d\udc97\ud83d\udc97\ud83d\udc8b|Mawile, F, shiny|100\/100\n|turn|13\n|\n|t:|1700323516\n|detailschange|p2a: \ud83d\udc97\ud83d\udc97MAWILE\ud83d\udc97\ud83d\udc97\ud83d\udc8b|Mawile-Mega, F, shiny\n|-mega|p2a: \ud83d\udc97\ud83d\udc97MAWILE\ud83d\udc97\ud83d\udc97\ud83d\udc8b|Mawile|Mawilite\n|move|p2a: \ud83d\udc97\ud83d\udc97MAWILE\ud83d\udc97\ud83d\udc97\ud83d\udc8b|Play Rough|p1a: Trevenant\n|-damage|p1a: Trevenant|0 fnt\n|faint|p1a: Trevenant\n|\n|win|PIXIE-MODE\u2665\ufe0f\n|raw|yamikazeXYZ's rating: 1082 &rarr; <strong>1060<\/strong><br \/>(-22 for losing)\n|raw|PIXIE-MODE\u2665\ufe0f's rating: 1086 &rarr; <strong>1113<\/strong><br \/>(+27 for winning)\n|l|\u2606yamikazeXYZ\n","uploadtime":1700323674,"views":17,"p1id":"yamikazexyz","p2id":"pixiemode","formatid":"gen9nationaldexubers","rating":1060,"private":0,"password":""}