{"id":"gen9nationaldexubers-1995666687","p1":"rayqueerza32","p2":"Snapteryx","format":"[Gen 9] National Dex Ubers","log":"|j|\u2606rayqueerza32\n|j|\u2606Snapteryx\n|t:|1700592194\n|gametype|singles\n|player|p1|rayqueerza32|palmer|\n|player|p2|Snapteryx|allister|\n|teamsize|p1|6\n|teamsize|p2|6\n|gen|9\n|tier|[Gen 9] National Dex Ubers\n|rule|HP Percentage Mod: HP is shown in percentages\n|rule|Endless Battle Clause: Forcing endless battles is banned\n|rule|OHKO Clause: OHKO moves are banned\n|rule|Evasion Moves Clause: Evasion moves are banned\n|rule|Evasion Items Clause: Evasion items are banned\n|rule|Species Clause: Limit one of each Pok\u00e9mon\n|rule|Sleep Clause Mod: Limit one foe put to sleep\n|rule|Mega Rayquaza Clause: You cannot mega evolve Rayquaza\n|clearpoke\n|poke|p1|Scizor, M|\n|poke|p1|Landorus-Therian, M|\n|poke|p1|Greninja-*, M|\n|poke|p1|Corviknight, F|\n|poke|p1|Blissey, F|\n|poke|p1|Conkeldurr, M|\n|poke|p2|Gliscor, M|\n|poke|p2|Corviknight, M|\n|poke|p2|Mantine, F|\n|poke|p2|Rayquaza|\n|poke|p2|Shaymin-Sky|\n|poke|p2|Charizard, F|\n|teampreview\n|inactive|Battle timer is ON: inactive players will automatically lose when time's up. (requested by rayqueerza32)\n|c|\u2606rayqueerza32|tera drag corv\n|inactive|Snapteryx has 270 seconds left.\n|inactiveoff|Battle timer is now OFF.\n|\n|t:|1700592228\n|start\n|switch|p1a: UUBL|Landorus-Therian, M|100\/100\n|switch|p2a: Delta Airlines|Corviknight, M, shiny|100\/100\n|-ability|p1a: UUBL|Intimidate|boost\n|-unboost|p2a: Delta Airlines|atk|1\n|-ability|p2a: Delta Airlines|Pressure\n|turn|1\n|\n|t:|1700592236\n|move|p1a: UUBL|Stealth Rock|p2a: Delta Airlines\n|-sidestart|p2: Snapteryx|move: Stealth Rock\n|move|p2a: Delta Airlines|U-turn|p1a: UUBL\n|-resisted|p1a: UUBL\n|-damage|p1a: UUBL|95\/100\n|\n|t:|1700592259\n|switch|p2a: Shaymin|Shaymin-Sky|100\/100|[from] U-turn\n|-damage|p2a: Shaymin|76\/100|[from] Stealth Rock\n|\n|upkeep\n|turn|2\n|j| AegiSwaggy\n|\n|t:|1700592268\n|switch|p2a: Delta Airlines|Corviknight, M, shiny|100\/100\n|-damage|p2a: Delta Airlines|88\/100|[from] Stealth Rock\n|-ability|p2a: Delta Airlines|Pressure\n|switch|p1a: Fat Fuck Friday|Blissey, F|100\/100\n|\n|-heal|p2a: Delta Airlines|94\/100|[from] item: Leftovers\n|upkeep\n|turn|3\n|\n|t:|1700592274\n|move|p2a: Delta Airlines|Defog|p1a: Fat Fuck Friday\n|-unboost|p1a: Fat Fuck Friday|evasion|1\n|-sideend|p2: Snapteryx|Stealth Rock|[from] move: Defog|[of] p2a: Delta Airlines\n|move|p1a: Fat Fuck Friday|Teleport|p1a: Fat Fuck Friday\n|\n|t:|1700592280\n|switch|p1a: Honkeldurr|Conkeldurr, M|100\/100|[from] Teleport\n|\n|-heal|p2a: Delta Airlines|100\/100|[from] item: Leftovers\n|-status|p1a: Honkeldurr|brn|[from] item: Flame Orb\n|upkeep\n|turn|4\n|\n|t:|1700592288\n|move|p1a: Honkeldurr|Knock Off|p2a: Delta Airlines\n|-damage|p2a: Delta Airlines|53\/100\n|-enditem|p2a: Delta Airlines|Leftovers|[from] move: Knock Off|[of] p1a: Honkeldurr\n|move|p2a: Delta Airlines|U-turn|p1a: Honkeldurr\n|-resisted|p1a: Honkeldurr\n|-crit|p1a: Honkeldurr\n|-damage|p1a: Honkeldurr|91\/100 brn\n|j| Destinum\n|j| Astro Rifk\n|\n|t:|1700592307\n|switch|p2a: Shaymin|Shaymin-Sky|76\/100|[from] U-turn\n|\n|-damage|p1a: Honkeldurr|85\/100 brn|[from] brn\n|upkeep\n|turn|5\n|\n|t:|1700592316\n|switch|p2a: Rayquaza|Rayquaza|100\/100\n|-ability|p2a: Rayquaza|Air Lock\n|switch|p1a: Fat Fuck Friday|Blissey, F|100\/100\n|\n|upkeep\n|turn|6\n|\n|t:|1700592321\n|switch|p1a: UUBL|Landorus-Therian, M|95\/100\n|-ability|p1a: UUBL|Intimidate|boost\n|-unboost|p2a: Rayquaza|atk|1\n|move|p2a: Rayquaza|Dragon Dance|p2a: Rayquaza\n|-boost|p2a: Rayquaza|atk|1\n|-boost|p2a: Rayquaza|spe|1\n|\n|upkeep\n|turn|7\n|c| Destinum|Click the Mega button Snap!\n|c|\u2606rayqueerza32|no\n|c| Destinum|(Even though it's actually not there.)\n|c|\u2606rayqueerza32|click the G A Y button\n|\n|t:|1700592420\n|move|p2a: Rayquaza|Dragon Ascent|p1a: UUBL\n|-damage|p1a: UUBL|0 fnt\n|-unboost|p2a: Rayquaza|def|1\n|-unboost|p2a: Rayquaza|spd|1\n|faint|p1a: UUBL\n|-damage|p2a: Rayquaza|91\/100|[from] item: Life Orb\n|\n|upkeep\n|c| Astro Rifk|(same gender attract real)\n|c|\u2606rayqueerza32|oh that just killed\n|c| Astro Rifk|jeez\n|c| Destinum|Damn, that actually just OHKO'd at +0.\n|c| Astro Rifk|lo rayquaza doesnt play around\n|c|\u2606rayqueerza32|i had s stone edge\n|c|\u2606rayqueerza32|that\n|\n|t:|1700592453\n|switch|p1a: Amphinobi|Greninja, M|100\/100\n|turn|8\n|c| Astro Rifk|were u scarf landorus\n|c|\u2606rayqueerza32|no\n|c| Astro Rifk|wait nvm\n|c|\u2606rayqueerza32|z stone edge\n|c| Astro Rifk|wait does that just drop spdef\n|c|\u2606rayqueerza32|no?\n|c| Destinum|Dragon Ascent is Flying-type Close Combat.\n|\n|t:|1700592491\n|switch|p1a: Tinkatrouble|Corviknight, F, shiny|100\/100\n|-ability|p1a: Tinkatrouble|Pressure\n|switch|p2a: Charizard|Charizard, F|100\/100\n|\n|upkeep\n|turn|9\n|c| Astro Rifk|i know\n|c| Astro Rifk|i was talking about the landorus\n|\n|t:|1700592525\n|switch|p1a: Fat Fuck Friday|Blissey, F|100\/100\n|detailschange|p2a: Charizard|Charizard-Mega-Y, F\n|-mega|p2a: Charizard|Charizard|Charizardite Y\n|-weather|SunnyDay|[from] ability: Drought|[of] p2a: Charizard\n|move|p2a: Charizard|Flamethrower|p1a: Fat Fuck Friday\n|-damage|p1a: Fat Fuck Friday|69\/100\n|\n|-weather|SunnyDay|[upkeep]\n|upkeep\n|turn|10\n|c|\u2606rayqueerza32|no it just makes stone edge a nuke\n|\n|t:|1700592549\n|move|p2a: Charizard|Flamethrower|p1a: Fat Fuck Friday\n|-damage|p1a: Fat Fuck Friday|38\/100\n|move|p1a: Fat Fuck Friday|Seismic Toss|p2a: Charizard\n|-damage|p2a: Charizard|67\/100\n|\n|-weather|SunnyDay|[upkeep]\n|upkeep\n|turn|11\n|\n|t:|1700592556\n|switch|p2a: Snippy Boi|Gliscor, M, shiny|100\/100\n|move|p1a: Fat Fuck Friday|Soft-Boiled|p1a: Fat Fuck Friday\n|-heal|p1a: Fat Fuck Friday|88\/100\n|\n|-weather|SunnyDay|[upkeep]\n|-status|p2a: Snippy Boi|tox|[from] item: Toxic Orb\n|upkeep\n|turn|12\n|\n|t:|1700592561\n|move|p2a: Snippy Boi|Stealth Rock|p1a: Fat Fuck Friday\n|-sidestart|p1: rayqueerza32|move: Stealth Rock\n|move|p1a: Fat Fuck Friday|Teleport|p1a: Fat Fuck Friday\n|\n|t:|1700592564\n|switch|p1a: Amphinobi|Greninja, M|100\/100|[from] Teleport\n|-damage|p1a: Amphinobi|88\/100|[from] Stealth Rock\n|\n|-weather|SunnyDay|[upkeep]\n|upkeep\n|turn|13\n|\n|t:|1700592567\n|switch|p2a: Alula|Mantine, F, shiny|100\/100\n|move|p1a: Amphinobi|Scald|p2a: Alula\n|-start|p1a: Amphinobi|typechange|Water|[from] ability: Protean\n|-immune|p2a: Alula|[from] ability: Water Absorb\n|\n|-weather|none\n|upkeep\n|turn|14\n|c|\u2606rayqueerza32|misclicked ther\n|l| Astro Rifk\n|\n|t:|1700592587\n|switch|p1a: Honkeldurr|Conkeldurr, M|85\/100 brn\n|-damage|p1a: Honkeldurr|79\/100 brn|[from] Stealth Rock\n|move|p2a: Alula|Toxic||[still]\n|-fail|p2a: Alula\n|\n|-damage|p1a: Honkeldurr|73\/100 brn|[from] brn\n|upkeep\n|turn|15\n|j| Astro Rifk\n|l| Astro Rifk\n|\n|t:|1700592653\n|move|p2a: Alula|Scald|p1a: Honkeldurr\n|-damage|p1a: Honkeldurr|45\/100 brn\n|move|p1a: Honkeldurr|Knock Off|p2a: Alula\n|-damage|p2a: Alula|29\/100\n|-enditem|p2a: Alula|Heavy-Duty Boots|[from] move: Knock Off|[of] p1a: Honkeldurr\n|\n|-damage|p1a: Honkeldurr|39\/100 brn|[from] brn\n|upkeep\n|turn|16\n|\n|t:|1700592661\n|move|p2a: Alula|Roost|p2a: Alula\n|-heal|p2a: Alula|79\/100\n|-singleturn|p2a: Alula|move: Roost\n|move|p1a: Honkeldurr|Close Combat|p2a: Alula\n|-damage|p2a: Alula|0 fnt\n|-unboost|p1a: Honkeldurr|def|1\n|-unboost|p1a: Honkeldurr|spd|1\n|faint|p2a: Alula\n|\n|-damage|p1a: Honkeldurr|33\/100 brn|[from] brn\n|upkeep\n|c| Destinum|Called out.\n|c|\u2606rayqueerza32|1 non ice weak mon down\n|c|\u2606rayqueerza32|bro i got school soon please hurry\n|\n|t:|1700592740\n|switch|p2a: Rayquaza|Rayquaza|91\/100\n|-ability|p2a: Rayquaza|Air Lock\n|turn|17\n|\n|t:|1700592750\n|move|p2a: Rayquaza|Earthquake|p1a: Honkeldurr\n|-damage|p1a: Honkeldurr|0 fnt\n|faint|p1a: Honkeldurr\n|-damage|p2a: Rayquaza|81\/100|[from] item: Life Orb\n|\n|upkeep\n|\n|t:|1700592755\n|switch|p1a: Amphinobi|Greninja, M|88\/100\n|-damage|p1a: Amphinobi|76\/100|[from] Stealth Rock\n|turn|18\n|\n|t:|1700592764\n|switch|p2a: Charizard|Charizard-Mega-Y, F|67\/100\n|-weather|SunnyDay|[from] ability: Drought|[of] p2a: Charizard\n|move|p1a: Amphinobi|Ice Beam|p2a: Charizard\n|-start|p1a: Amphinobi|typechange|Ice|[from] ability: Protean\n|-damage|p2a: Charizard|33\/100\n|\n|-weather|SunnyDay|[upkeep]\n|upkeep\n|turn|19\n|\n|t:|1700592796\n|move|p1a: Amphinobi|Ice Beam|p2a: Charizard\n|-damage|p2a: Charizard|1\/100\n|move|p2a: Charizard|Roost|p2a: Charizard\n|-heal|p2a: Charizard|51\/100\n|-singleturn|p2a: Charizard|move: Roost\n|\n|-weather|SunnyDay|[upkeep]\n|upkeep\n|turn|20\n|\n|t:|1700592805\n|switch|p1a: Fat Fuck Friday|Blissey, F|88\/100\n|move|p2a: Charizard|Roost|p2a: Charizard\n|-heal|p2a: Charizard|100\/100\n|-singleturn|p2a: Charizard|move: Roost\n|\n|-weather|SunnyDay|[upkeep]\n|upkeep\n|turn|21\n|c|\u2606rayqueerza32|the throw isnt punished\n|\n|t:|1700592813\n|switch|p2a: Delta Airlines|Corviknight, M, shiny|53\/100\n|-ability|p2a: Delta Airlines|Pressure\n|move|p1a: Fat Fuck Friday|Teleport|p1a: Fat Fuck Friday\n|\n|t:|1700592820\n|switch|p1a: Faberge|Scizor, M|100\/100|[from] Teleport\n|-damage|p1a: Faberge|88\/100|[from] Stealth Rock\n|\n|-weather|SunnyDay|[upkeep]\n|upkeep\n|turn|22\n|\n|t:|1700592825\n|detailschange|p1a: Faberge|Scizor-Mega, M\n|-mega|p1a: Faberge|Scizor|Scizorite\n|move|p1a: Faberge|U-turn|p2a: Delta Airlines\n|-resisted|p2a: Delta Airlines\n|-crit|p2a: Delta Airlines\n|-damage|p2a: Delta Airlines|44\/100\n|\n|t:|1700592829\n|switch|p1a: Tinkatrouble|Corviknight, F, shiny|100\/100|[from] U-turn\n|-damage|p1a: Tinkatrouble|88\/100|[from] Stealth Rock\n|-ability|p1a: Tinkatrouble|Pressure\n|move|p2a: Delta Airlines|U-turn|p1a: Tinkatrouble\n|-resisted|p1a: Tinkatrouble\n|-damage|p1a: Tinkatrouble|86\/100\n|\n|t:|1700592878\n|switch|p2a: Charizard|Charizard-Mega-Y, F|100\/100|[from] U-turn\n|\n|-weather|none\n|-heal|p1a: Tinkatrouble|92\/100|[from] item: Leftovers\n|upkeep\n|turn|23\n|\n|t:|1700592886\n|-terastallize|p1a: Tinkatrouble|Dragon\n|move|p2a: Charizard|Flamethrower|p1a: Tinkatrouble\n|-resisted|p1a: Tinkatrouble\n|-damage|p1a: Tinkatrouble|64\/100\n|move|p1a: Tinkatrouble|Brave Bird|p2a: Charizard\n|-damage|p2a: Charizard|46\/100\n|-damage|p1a: Tinkatrouble|51\/100|[from] Recoil\n|\n|-heal|p1a: Tinkatrouble|57\/100|[from] item: Leftovers\n|upkeep\n|turn|24\n|\n|t:|1700592900\n|move|p2a: Charizard|Roost|p2a: Charizard\n|-heal|p2a: Charizard|96\/100\n|-singleturn|p2a: Charizard|move: Roost\n|move|p1a: Tinkatrouble|Defog|p2a: Charizard\n|-unboost|p2a: Charizard|evasion|1\n|-sideend|p1: rayqueerza32|Stealth Rock|[from] move: Defog|[of] p1a: Tinkatrouble\n|\n|-heal|p1a: Tinkatrouble|63\/100|[from] item: Leftovers\n|upkeep\n|turn|25\n|\n|t:|1700592908\n|move|p2a: Charizard|Air Slash|p1a: Tinkatrouble\n|-damage|p1a: Tinkatrouble|20\/100\n|move|p1a: Tinkatrouble|Roost|p1a: Tinkatrouble\n|-heal|p1a: Tinkatrouble|70\/100\n|\n|-heal|p1a: Tinkatrouble|76\/100|[from] item: Leftovers\n|upkeep\n|turn|26\n|\n|t:|1700592911\n|switch|p1a: Fat Fuck Friday|Blissey, F|88\/100\n|move|p2a: Charizard|Air Slash|p1a: Fat Fuck Friday\n|-damage|p1a: Fat Fuck Friday|70\/100\n|\n|upkeep\n|turn|27\n|\n|t:|1700592920\n|switch|p2a: Snippy Boi|Gliscor, M, shiny|100\/100 tox\n|move|p1a: Fat Fuck Friday|Seismic Toss|p2a: Snippy Boi\n|-damage|p2a: Snippy Boi|72\/100 tox\n|\n|-heal|p2a: Snippy Boi|85\/100 tox|[from] ability: Poison Heal\n|upkeep\n|turn|28\n|\n|t:|1700592944\n|move|p2a: Snippy Boi|Stealth Rock|p1a: Fat Fuck Friday\n|-sidestart|p1: rayqueerza32|move: Stealth Rock\n|move|p1a: Fat Fuck Friday|Teleport|p1a: Fat Fuck Friday\n|\n|t:|1700592957\n|switch|p1a: Faberge|Scizor-Mega, M|88\/100|[from] Teleport\n|-damage|p1a: Faberge|76\/100|[from] Stealth Rock\n|\n|-heal|p2a: Snippy Boi|97\/100 tox|[from] ability: Poison Heal\n|upkeep\n|turn|29\n|\n|t:|1700592960\n|move|p1a: Faberge|Swords Dance|p1a: Faberge\n|-boost|p1a: Faberge|atk|2\n|move|p2a: Snippy Boi|U-turn|p1a: Faberge\n|-resisted|p1a: Faberge\n|-damage|p1a: Faberge|72\/100\n|\n|t:|1700592966\n|switch|p2a: Charizard|Charizard-Mega-Y, F|96\/100|[from] U-turn\n|-weather|SunnyDay|[from] ability: Drought|[of] p2a: Charizard\n|\n|-weather|SunnyDay|[upkeep]\n|upkeep\n|turn|30\n|\n|t:|1700592976\n|switch|p1a: Fat Fuck Friday|Blissey, F|70\/100\n|move|p2a: Charizard|Air Slash|p1a: Fat Fuck Friday\n|-damage|p1a: Fat Fuck Friday|54\/100\n|\n|-weather|SunnyDay|[upkeep]\n|upkeep\n|turn|31\n|\n|t:|1700592985\n|switch|p2a: Rayquaza|Rayquaza|81\/100\n|-ability|p2a: Rayquaza|Air Lock\n|move|p1a: Fat Fuck Friday|Soft-Boiled|p1a: Fat Fuck Friday\n|-heal|p1a: Fat Fuck Friday|100\/100\n|\n|-weather|SunnyDay|[upkeep]\n|upkeep\n|turn|32\n|\n|t:|1700592995\n|move|p2a: Rayquaza|Dragon Ascent|p1a: Fat Fuck Friday\n|-damage|p1a: Fat Fuck Friday|27\/100\n|-unboost|p2a: Rayquaza|def|1\n|-unboost|p2a: Rayquaza|spd|1\n|-damage|p2a: Rayquaza|71\/100|[from] item: Life Orb\n|move|p1a: Fat Fuck Friday|Toxic|p2a: Rayquaza\n|-status|p2a: Rayquaza|tox\n|\n|-weather|SunnyDay|[upkeep]\n|-damage|p2a: Rayquaza|65\/100 tox|[from] psn\n|upkeep\n|turn|33\n|\n|t:|1700593000\n|move|p2a: Rayquaza|Dragon Ascent|p1a: Fat Fuck Friday\n|-damage|p1a: Fat Fuck Friday|0 fnt\n|-unboost|p2a: Rayquaza|def|1\n|-unboost|p2a: Rayquaza|spd|1\n|faint|p1a: Fat Fuck Friday\n|-damage|p2a: Rayquaza|55\/100 tox|[from] item: Life Orb\n|\n|-weather|none\n|-damage|p2a: Rayquaza|43\/100 tox|[from] psn\n|upkeep\n|\n|t:|1700593004\n|switch|p1a: Faberge|Scizor-Mega, M|72\/100\n|-damage|p1a: Faberge|59\/100|[from] Stealth Rock\n|turn|34\n|\n|t:|1700593011\n|switch|p2a: Charizard|Charizard-Mega-Y, F|96\/100\n|-weather|SunnyDay|[from] ability: Drought|[of] p2a: Charizard\n|move|p1a: Faberge|Bullet Punch|p2a: Charizard\n|-resisted|p2a: Charizard\n|-damage|p2a: Charizard|76\/100\n|\n|-weather|SunnyDay|[upkeep]\n|upkeep\n|turn|35\n|\n|t:|1700593015\n|switch|p1a: Tinkatrouble|Corviknight, F, shiny, tera:Dragon|76\/100\n|-damage|p1a: Tinkatrouble|63\/100|[from] Stealth Rock\n|-ability|p1a: Tinkatrouble|Pressure\n|move|p2a: Charizard|Flamethrower|p1a: Tinkatrouble\n|-resisted|p1a: Tinkatrouble\n|-crit|p1a: Tinkatrouble\n|-damage|p1a: Tinkatrouble|4\/100\n|\n|-weather|SunnyDay|[upkeep]\n|-heal|p1a: Tinkatrouble|10\/100|[from] item: Leftovers\n|upkeep\n|turn|36\n|\n|t:|1700593018\n|move|p2a: Charizard|Air Slash|p1a: Tinkatrouble\n|-damage|p1a: Tinkatrouble|0 fnt\n|faint|p1a: Tinkatrouble\n|\n|-weather|SunnyDay|[upkeep]\n|upkeep\n|\n|t:|1700593020\n|switch|p1a: Amphinobi|Greninja, M|76\/100\n|-damage|p1a: Amphinobi|64\/100|[from] Stealth Rock\n|turn|37\n|\n|t:|1700593049\n|switch|p2a: Snippy Boi|Gliscor, M, shiny|97\/100 tox\n|move|p1a: Amphinobi|Gunk Shot|p2a: Snippy Boi\n|-start|p1a: Amphinobi|typechange|Poison|[from] ability: Protean\n|-resisted|p2a: Snippy Boi\n|-damage|p2a: Snippy Boi|81\/100 tox\n|\n|-weather|SunnyDay|[upkeep]\n|-heal|p2a: Snippy Boi|94\/100 tox|[from] ability: Poison Heal\n|upkeep\n|turn|38\n|\n|t:|1700593055\n|switch|p1a: Faberge|Scizor-Mega, M|59\/100\n|-damage|p1a: Faberge|47\/100|[from] Stealth Rock\n|move|p2a: Snippy Boi|U-turn|p1a: Faberge\n|-resisted|p1a: Faberge\n|-damage|p1a: Faberge|43\/100\n|\n|t:|1700593057\n|switch|p2a: Charizard|Charizard-Mega-Y, F|76\/100|[from] U-turn\n|\n|-weather|none\n|upkeep\n|turn|39\n|\n|t:|1700593062\n|move|p1a: Faberge|Bullet Punch|p2a: Charizard\n|-resisted|p2a: Charizard\n|-damage|p2a: Charizard|55\/100\n|move|p2a: Charizard|Flamethrower|p1a: Faberge\n|-supereffective|p1a: Faberge\n|-damage|p1a: Faberge|0 fnt\n|faint|p1a: Faberge\n|\n|upkeep\n|\n|t:|1700593065\n|switch|p1a: Amphinobi|Greninja, M|64\/100\n|-damage|p1a: Amphinobi|51\/100|[from] Stealth Rock\n|turn|40\n|\n|t:|1700593067\n|switch|p2a: Shaymin|Shaymin-Sky|76\/100\n|move|p1a: Amphinobi|Ice Beam|p2a: Shaymin\n|-start|p1a: Amphinobi|typechange|Ice|[from] ability: Protean\n|-supereffective|p2a: Shaymin\n|-damage|p2a: Shaymin|0 fnt\n|faint|p2a: Shaymin\n|\n|upkeep\n|c|\u2606rayqueerza32|gg\n|\n|t:|1700593074\n|switch|p2a: Charizard|Charizard-Mega-Y, F|55\/100\n|-weather|SunnyDay|[from] ability: Drought|[of] p2a: Charizard\n|turn|41\n|\n|t:|1700593076\n|move|p1a: Amphinobi|Ice Beam|p2a: Charizard\n|-damage|p2a: Charizard|18\/100\n|move|p2a: Charizard|Flamethrower|p1a: Amphinobi\n|-supereffective|p1a: Amphinobi\n|-damage|p1a: Amphinobi|0 fnt\n|faint|p1a: Amphinobi\n|\n|win|Snapteryx\n|c|\u2606Snapteryx|Ggwp\n|c|\u2606rayqueerza32|so close\n|l| AegiSwaggy\n|l| Destinum\n","uploadtime":1700593092,"views":14,"p1id":"rayqueerza32","p2id":"snapteryx","formatid":"gen9nationaldexubers","rating":0,"private":0,"password":""}