{"id":"gen9nationaldexubers-1980688486","p1":"VerduOsane","p2":"Danny015","format":"[Gen 9] National Dex Ubers","log":"|j|\u2606VerduOsane\n|j|\u2606Danny015\n|t:|1698813232\n|gametype|singles\n|player|p1|VerduOsane|102|1259\n|player|p2|Danny015|101|1119\n|teamsize|p1|6\n|teamsize|p2|6\n|gen|9\n|tier|[Gen 9] National Dex Ubers\n|rated|\n|rule|HP Percentage Mod: HP is shown in percentages\n|rule|Endless Battle Clause: Forcing endless battles is banned\n|rule|OHKO Clause: OHKO moves are banned\n|rule|Evasion Moves Clause: Evasion moves are banned\n|rule|Evasion Items Clause: Evasion items are banned\n|rule|Species Clause: Limit one of each Pok\u00e9mon\n|rule|Sleep Clause Mod: Limit one foe put to sleep\n|rule|Mega Rayquaza Clause: You cannot mega evolve Rayquaza\n|clearpoke\n|poke|p1|Masquerain, M|\n|poke|p1|Meowscarada, F|\n|poke|p1|Iron Moth|\n|poke|p1|Hoopa|\n|poke|p1|Gliscor, F|\n|poke|p1|Kommo-o, M|\n|poke|p2|Dragapult, F|\n|poke|p2|Landorus-Therian, M|\n|poke|p2|Samurott-Hisui, F|\n|poke|p2|Blaziken, M|\n|poke|p2|Tyranitar, M|\n|poke|p2|Magnezone|\n|teampreview\n|inactive|Battle timer is ON: inactive players will automatically lose when time's up. (requested by Danny015)\n|\n|t:|1698813269\n|start\n|switch|p1a: Meowscarada|Meowscarada, F|100\/100\n|switch|p2a: Samurott|Samurott-Hisui, F|100\/100\n|turn|1\n|\n|t:|1698813275\n|move|p1a: Meowscarada|Flower Trick|p2a: Samurott\n|-start|p1a: Meowscarada|typechange|Grass|[from] ability: Protean\n|-supereffective|p2a: Samurott\n|-crit|p2a: Samurott\n|-enditem|p2a: Samurott|Focus Sash\n|-damage|p2a: Samurott|1\/100\n|move|p2a: Samurott|Knock Off|p1a: Meowscarada\n|-damage|p1a: Meowscarada|34\/100\n|-enditem|p1a: Meowscarada|Focus Sash|[from] move: Knock Off|[of] p2a: Samurott\n|\n|upkeep\n|turn|2\n|\n|t:|1698813293\n|switch|p1a: Kommo-o|Kommo-o, M|100\/100\n|move|p2a: Samurott|Aqua Jet|p1a: Kommo-o\n|-resisted|p1a: Kommo-o\n|-damage|p1a: Kommo-o|91\/100\n|\n|upkeep\n|turn|3\n|\n|t:|1698813299\n|move|p2a: Samurott|Knock Off|p1a: Kommo-o\n|-resisted|p1a: Kommo-o\n|-damage|p1a: Kommo-o|68\/100\n|-enditem|p1a: Kommo-o|Throat Spray|[from] move: Knock Off|[of] p2a: Samurott\n|move|p1a: Kommo-o|Boomburst|p2a: Samurott\n|-damage|p2a: Samurott|0 fnt\n|faint|p2a: Samurott\n|\n|upkeep\n|c|\u2606VerduOsane|dammit\n|\n|t:|1698813312\n|switch|p2a: Dragapult|Dragapult, F|100\/100\n|turn|4\n|\n|t:|1698813319\n|-terastallize|p1a: Kommo-o|Steel\n|move|p2a: Dragapult|Dragon Darts|p1a: Kommo-o\n|-resisted|p1a: Kommo-o\n|-damage|p1a: Kommo-o|59\/100\n|-anim|p2a: Dragapult|Dragon Darts|p1a: Kommo-o\n|-resisted|p1a: Kommo-o\n|-damage|p1a: Kommo-o|49\/100\n|move|p1a: Kommo-o|Clangorous Soul|p1a: Kommo-o\n|-boost|p1a: Kommo-o|atk|1\n|-boost|p1a: Kommo-o|def|1\n|-boost|p1a: Kommo-o|spa|1\n|-boost|p1a: Kommo-o|spd|1\n|-boost|p1a: Kommo-o|spe|1\n|-damage|p1a: Kommo-o|16\/100\n|\n|upkeep\n|turn|5\n|\n|t:|1698813331\n|move|p1a: Kommo-o|Clanging Scales|p2a: Dragapult\n|-supereffective|p2a: Dragapult\n|-damage|p2a: Dragapult|0 fnt\n|faint|p2a: Dragapult\n|-unboost|p1a: Kommo-o|def|1\n|\n|upkeep\n|\n|t:|1698813353\n|switch|p2a: Landorus|Landorus-Therian, M|100\/100\n|-ability|p2a: Landorus|Intimidate|boost\n|-unboost|p1a: Kommo-o|atk|1\n|turn|6\n|\n|t:|1698813361\n|move|p2a: Landorus|U-turn|p1a: Kommo-o\n|-resisted|p1a: Kommo-o\n|-damage|p1a: Kommo-o|4\/100\n|\n|t:|1698813367\n|switch|p2a: Magnezone|Magnezone|100\/100|[from] U-turn\n|move|p1a: Kommo-o|Clanging Scales|p2a: Magnezone\n|-resisted|p2a: Magnezone\n|-damage|p2a: Magnezone|49\/100\n|-unboost|p1a: Kommo-o|def|1\n|\n|upkeep\n|turn|7\n|\n|t:|1698813377\n|move|p1a: Kommo-o|Clanging Scales|p2a: Magnezone\n|-resisted|p2a: Magnezone\n|-damage|p2a: Magnezone|2\/100\n|-unboost|p1a: Kommo-o|def|1\n|move|p2a: Magnezone|Volt Switch|p1a: Kommo-o\n|-damage|p1a: Kommo-o|0 fnt\n|faint|p1a: Kommo-o\n|\n|t:|1698813385\n|switch|p2a: Landorus|Landorus-Therian, M|100\/100|[from] Volt Switch\n|\n|upkeep\n|c|\u2606VerduOsane|god damn low roll..\n|\n|t:|1698813398\n|switch|p1a: Gliscor|Gliscor, F|100\/100\n|turn|8\n|\n|t:|1698813405\n|move|p2a: Landorus|U-turn|p1a: Gliscor\n|-resisted|p1a: Gliscor\n|-damage|p1a: Gliscor|92\/100\n|\n|t:|1698813408\n|switch|p2a: Tyranitar|Tyranitar, M|100\/100|[from] U-turn\n|-weather|Sandstorm|[from] ability: Sand Stream|[of] p2a: Tyranitar\n|move|p1a: Gliscor|Stealth Rock|p2a: Tyranitar\n|-sidestart|p2: Danny015|move: Stealth Rock\n|\n|-weather|Sandstorm|[upkeep]\n|-status|p1a: Gliscor|tox|[from] item: Toxic Orb\n|upkeep\n|turn|9\n|\n|t:|1698813417\n|move|p1a: Gliscor|Toxic|p2a: Tyranitar\n|-status|p2a: Tyranitar|tox\n|move|p2a: Tyranitar|Ice Punch|p1a: Gliscor\n|-supereffective|p1a: Gliscor\n|-damage|p1a: Gliscor|0 fnt\n|faint|p1a: Gliscor\n|\n|-weather|Sandstorm|[upkeep]\n|-damage|p2a: Tyranitar|94\/100 tox|[from] psn\n|upkeep\n|\n|t:|1698813433\n|switch|p1a: Meowscarada|Meowscarada, F|34\/100\n|turn|10\n|\n|t:|1698813444\n|move|p1a: Meowscarada|Flower Trick|p2a: Tyranitar\n|-start|p1a: Meowscarada|typechange|Grass|[from] ability: Protean\n|-supereffective|p2a: Tyranitar\n|-crit|p2a: Tyranitar\n|-damage|p2a: Tyranitar|0 fnt\n|faint|p2a: Tyranitar\n|\n|-weather|Sandstorm|[upkeep]\n|-damage|p1a: Meowscarada|28\/100|[from] Sandstorm\n|upkeep\n|\n|t:|1698813452\n|switch|p2a: Blaziken|Blaziken, M|100\/100\n|-damage|p2a: Blaziken|88\/100|[from] Stealth Rock\n|turn|11\n|\n|t:|1698813462\n|detailschange|p2a: Blaziken|Blaziken-Mega, M\n|-mega|p2a: Blaziken|Blaziken|Blazikenite\n|move|p1a: Meowscarada|Play Rough|p2a: Blaziken\n|-damage|p2a: Blaziken|48\/100\n|move|p2a: Blaziken|Flare Blitz|p1a: Meowscarada\n|-supereffective|p1a: Meowscarada\n|-damage|p1a: Meowscarada|0 fnt\n|faint|p1a: Meowscarada\n|-damage|p2a: Blaziken|39\/100|[from] Recoil\n|\n|-weather|Sandstorm|[upkeep]\n|-damage|p2a: Blaziken|33\/100|[from] Sandstorm\n|-ability|p2a: Blaziken|Speed Boost|boost\n|-boost|p2a: Blaziken|spe|1\n|upkeep\n|\n|t:|1698813470\n|switch|p1a: Iron Moth|Iron Moth|100\/100\n|-enditem|p1a: Iron Moth|Booster Energy\n|-activate|p1a: Iron Moth|ability: Quark Drive|[fromitem]\n|-start|p1a: Iron Moth|quarkdrivespe\n|turn|12\n|\n|t:|1698813488\n|switch|p2a: Landorus|Landorus-Therian, M|100\/100\n|-damage|p2a: Landorus|88\/100|[from] Stealth Rock\n|-ability|p2a: Landorus|Intimidate|boost\n|-unboost|p1a: Iron Moth|atk|1\n|move|p1a: Iron Moth|Sludge Wave|p2a: Landorus\n|-resisted|p2a: Landorus\n|-damage|p2a: Landorus|57\/100\n|\n|-weather|none\n|upkeep\n|turn|13\n|\n|t:|1698813497\n|move|p1a: Iron Moth|Fiery Dance|p2a: Landorus\n|-damage|p2a: Landorus|4\/100\n|move|p2a: Landorus|Earthquake|p1a: Iron Moth\n|-supereffective|p1a: Iron Moth\n|-damage|p1a: Iron Moth|0 fnt\n|faint|p1a: Iron Moth\n|-end|p1a: Iron Moth|Quark Drive|[silent]\n|\n|upkeep\n|\n|t:|1698813508\n|switch|p1a: Masquerain|Masquerain, M|100\/100\n|-ability|p1a: Masquerain|Intimidate|boost\n|-unboost|p2a: Landorus|atk|1\n|turn|14\n|\n|t:|1698813522\n|switch|p2a: Blaziken|Blaziken-Mega, M|33\/100\n|-damage|p2a: Blaziken|21\/100|[from] Stealth Rock\n|move|p1a: Masquerain|Quiver Dance|p1a: Masquerain\n|-boost|p1a: Masquerain|spa|1\n|-boost|p1a: Masquerain|spd|1\n|-boost|p1a: Masquerain|spe|1\n|\n|upkeep\n|turn|15\n|c|\u2606VerduOsane|at least Ik that\u2019s scarfed\n|\n|t:|1698813536\n|move|p1a: Masquerain|Quiver Dance|p1a: Masquerain\n|-boost|p1a: Masquerain|spa|1\n|-boost|p1a: Masquerain|spd|1\n|-boost|p1a: Masquerain|spe|1\n|move|p2a: Blaziken|Flare Blitz|p1a: Masquerain\n|-supereffective|p1a: Masquerain\n|-enditem|p1a: Masquerain|Focus Sash\n|-damage|p1a: Masquerain|1\/100\n|-damage|p2a: Blaziken|0 fnt|[from] Recoil\n|faint|p2a: Blaziken\n|\n|upkeep\n|\n|t:|1698813545\n|switch|p2a: Magnezone|Magnezone|2\/100\n|-damage|p2a: Magnezone|0 fnt|[from] Stealth Rock\n|faint|p2a: Magnezone\n|\n|t:|1698813550\n|switch|p2a: Landorus|Landorus-Therian, M|4\/100\n|-damage|p2a: Landorus|0 fnt|[from] Stealth Rock\n|faint|p2a: Landorus\n|\n|win|VerduOsane\n|raw|VerduOsane's rating: 1259 &rarr; <strong>1274<\/strong><br \/>(+15 for winning)\n|raw|Danny015's rating: 1119 &rarr; <strong>1104<\/strong><br \/>(-15 for losing)\n|l|\u2606Danny015\n|c|\u2606VerduOsane|gg\n|l|\u2606VerduOsane\n|j|\u2606VerduOsane\n|player|p1|VerduOsane|102\n","uploadtime":1698813564,"views":20,"p1id":"verduosane","p2id":"danny015","formatid":"gen9nationaldexubers","rating":1104,"private":0,"password":""}