{"id":"gen9nationaldexubers-1996213564","p1":"puddingss","p2":"danish13","format":"[Gen 9] National Dex Ubers","log":"|j|\u2606puddingss\n|j|\u2606danish13\n|t:|1700659921\n|gametype|singles\n|player|p1|puddingss|steven|1568\n|player|p2|danish13|lance|1573\n|teamsize|p1|6\n|teamsize|p2|6\n|gen|9\n|tier|[Gen 9] National Dex Ubers\n|rated|\n|rule|HP Percentage Mod: HP is shown in percentages\n|rule|Endless Battle Clause: Forcing endless battles is banned\n|rule|OHKO Clause: OHKO moves are banned\n|rule|Evasion Moves Clause: Evasion moves are banned\n|rule|Evasion Items Clause: Evasion items are banned\n|rule|Species Clause: Limit one of each Pok\u00e9mon\n|rule|Sleep Clause Mod: Limit one foe put to sleep\n|rule|Mega Rayquaza Clause: You cannot mega evolve Rayquaza\n|clearpoke\n|poke|p1|Chansey, F|\n|poke|p1|Dondozo, M|\n|poke|p1|Ho-Oh|\n|poke|p1|Giratina|\n|poke|p1|Eternatus|\n|poke|p1|Arceus-Dark|\n|poke|p2|Salamence, M|\n|poke|p2|Yveltal|\n|poke|p2|Arceus|\n|poke|p2|Rayquaza|\n|poke|p2|Groudon|\n|poke|p2|Krookodile, F|\n|teampreview\n|inactive|Battle timer is ON: inactive players will automatically lose when time's up. (requested by puddingss)\n|c|\u2606puddingss|hi\n|\n|t:|1700659947\n|start\n|switch|p1a: Satis Rosea|Arceus-Dark|100\/100\n|switch|p2a: Salamence|Salamence, M|100\/100\n|-ability|p2a: Salamence|Intimidate|boost\n|-unboost|p1a: Satis Rosea|atk|1\n|turn|1\n|\n|t:|1700659953\n|detailschange|p2a: Salamence|Salamence-Mega, M\n|-mega|p2a: Salamence|Salamence|Salamencite\n|move|p2a: Salamence|Body Slam|p1a: Satis Rosea\n|-damage|p1a: Satis Rosea|67\/100\n|move|p1a: Satis Rosea|Will-O-Wisp|p2a: Salamence\n|-status|p2a: Salamence|brn\n|\n|-damage|p2a: Salamence|94\/100 brn|[from] brn\n|upkeep\n|turn|2\n|\n|t:|1700659962\n|switch|p2a: Krookodile|Krookodile, F|100\/100\n|-ability|p2a: Krookodile|Intimidate|boost\n|-unboost|p1a: Satis Rosea|atk|1\n|move|p1a: Satis Rosea|Stealth Rock|p2a: Krookodile\n|-sidestart|p2: danish13|move: Stealth Rock\n|\n|upkeep\n|turn|3\n|\n|t:|1700659972\n|switch|p2a: Arceus|Arceus|100\/100\n|-damage|p2a: Arceus|88\/100|[from] Stealth Rock\n|move|p1a: Satis Rosea|Will-O-Wisp|p2a: Arceus\n|-status|p2a: Arceus|brn\n|\n|-damage|p2a: Arceus|82\/100 brn|[from] brn\n|upkeep\n|turn|4\n|\n|t:|1700659982\n|move|p1a: Satis Rosea|Foul Play|p2a: Arceus\n|-damage|p2a: Arceus|38\/100 brn\n|move|p2a: Arceus|Earthquake|p1a: Satis Rosea\n|-damage|p1a: Satis Rosea|55\/100\n|\n|-damage|p2a: Arceus|32\/100 brn|[from] brn\n|upkeep\n|turn|5\n|\n|t:|1700659994\n|move|p1a: Satis Rosea|Recover|p1a: Satis Rosea\n|-heal|p1a: Satis Rosea|100\/100\n|move|p2a: Arceus|Earthquake|p1a: Satis Rosea\n|-damage|p1a: Satis Rosea|89\/100\n|\n|-damage|p2a: Arceus|26\/100 brn|[from] brn\n|upkeep\n|turn|6\n|\n|t:|1700660002\n|move|p1a: Satis Rosea|Foul Play|p2a: Arceus\n|-damage|p2a: Arceus|0 fnt\n|faint|p2a: Arceus\n|\n|upkeep\n|\n|t:|1700660010\n|switch|p2a: Salamence|Salamence-Mega, M|94\/100 brn\n|-damage|p2a: Salamence|70\/100 brn|[from] Stealth Rock\n|turn|7\n|\n|t:|1700660013\n|move|p1a: Satis Rosea|Foul Play|p2a: Salamence\n|-damage|p2a: Salamence|17\/100 brn\n|move|p2a: Salamence|Facade|p1a: Satis Rosea\n|-damage|p1a: Satis Rosea|35\/100\n|\n|-damage|p2a: Salamence|11\/100 brn|[from] brn\n|upkeep\n|turn|8\n|\n|t:|1700660021\n|move|p1a: Satis Rosea|Recover|p1a: Satis Rosea\n|-heal|p1a: Satis Rosea|85\/100\n|move|p2a: Salamence|Facade|p1a: Satis Rosea\n|-damage|p1a: Satis Rosea|24\/100\n|\n|-damage|p2a: Salamence|5\/100 brn|[from] brn\n|upkeep\n|turn|9\n|\n|t:|1700660028\n|move|p1a: Satis Rosea|Recover|p1a: Satis Rosea\n|-heal|p1a: Satis Rosea|74\/100\n|move|p2a: Salamence|Roost|p2a: Salamence\n|-heal|p2a: Salamence|55\/100 brn\n|-singleturn|p2a: Salamence|move: Roost\n|\n|-damage|p2a: Salamence|49\/100 brn|[from] brn\n|upkeep\n|turn|10\n|\n|t:|1700660037\n|move|p2a: Salamence|Facade|p1a: Satis Rosea\n|-damage|p1a: Satis Rosea|16\/100\n|move|p1a: Satis Rosea|Foul Play|p2a: Salamence\n|-damage|p2a: Salamence|0 fnt\n|faint|p2a: Salamence\n|\n|upkeep\n|\n|t:|1700660045\n|switch|p2a: Rayquaza|Rayquaza|100\/100\n|-damage|p2a: Rayquaza|76\/100|[from] Stealth Rock\n|-ability|p2a: Rayquaza|Air Lock\n|turn|11\n|\n|t:|1700660055\n|move|p2a: Rayquaza|Extreme Speed|p1a: Satis Rosea\n|-damage|p1a: Satis Rosea|0 fnt\n|faint|p1a: Satis Rosea\n|-damage|p2a: Rayquaza|66\/100|[from] item: Life Orb\n|\n|upkeep\n|\n|t:|1700660058\n|switch|p1a: Custos Templi|Giratina|100\/100\n|-ability|p1a: Custos Templi|Pressure\n|turn|12\n|\n|t:|1700660065\n|move|p2a: Rayquaza|Ice Beam|p1a: Custos Templi\n|-supereffective|p1a: Custos Templi\n|-damage|p1a: Custos Templi|39\/100\n|-damage|p2a: Rayquaza|56\/100|[from] item: Life Orb\n|move|p1a: Custos Templi|Toxic|p2a: Rayquaza\n|-status|p2a: Rayquaza|tox\n|\n|-heal|p1a: Custos Templi|45\/100|[from] item: Leftovers\n|-damage|p2a: Rayquaza|50\/100 tox|[from] psn\n|upkeep\n|turn|13\n|\n|t:|1700660079\n|switch|p2a: Krookodile|Krookodile, F|100\/100\n|-damage|p2a: Krookodile|94\/100|[from] Stealth Rock\n|-ability|p2a: Krookodile|Intimidate|boost\n|-unboost|p1a: Custos Templi|atk|1\n|switch|p1a: Magnum Ovum|Chansey, F|100\/100\n|\n|upkeep\n|turn|14\n|\n|t:|1700660088\n|switch|p1a: Daemonium Draconis|Eternatus|100\/100\n|-ability|p1a: Daemonium Draconis|Pressure\n|move|p2a: Krookodile|Bulk Up|p2a: Krookodile\n|-boost|p2a: Krookodile|atk|1\n|-boost|p2a: Krookodile|def|1\n|\n|upkeep\n|turn|15\n|\n|t:|1700660099\n|switch|p1a: Cete Titanic|Dondozo, M|100\/100\n|move|p2a: Krookodile|Earthquake|p1a: Cete Titanic\n|-damage|p1a: Cete Titanic|78\/100\n|\n|-heal|p1a: Cete Titanic|84\/100|[from] item: Leftovers\n|upkeep\n|turn|16\n|\n|t:|1700660106\n|move|p2a: Krookodile|Knock Off|p1a: Cete Titanic\n|-damage|p1a: Cete Titanic|63\/100\n|-enditem|p1a: Cete Titanic|Leftovers|[from] move: Knock Off|[of] p2a: Krookodile\n|move|p1a: Cete Titanic|Curse|p1a: Cete Titanic\n|-unboost|p1a: Cete Titanic|spe|1\n|-boost|p1a: Cete Titanic|atk|1\n|-boost|p1a: Cete Titanic|def|1\n|\n|upkeep\n|turn|17\n|\n|t:|1700660114\n|move|p2a: Krookodile|Darkest Lariat|p1a: Cete Titanic\n|-damage|p1a: Cete Titanic|46\/100\n|move|p1a: Cete Titanic|Body Press|p2a: Krookodile\n|-supereffective|p2a: Krookodile\n|-damage|p2a: Krookodile|0 fnt\n|faint|p2a: Krookodile\n|\n|upkeep\n|\n|t:|1700660125\n|switch|p2a: Groudon|Groudon|100\/100\n|-damage|p2a: Groudon|94\/100|[from] Stealth Rock\n|-weather|SunnyDay|[from] ability: Drought|[of] p2a: Groudon\n|turn|18\n|\n|t:|1700660130\n|switch|p1a: Sacra Avis|Ho-Oh|100\/100\n|move|p2a: Groudon|Rock Slide|p1a: Sacra Avis\n|-supereffective|p1a: Sacra Avis\n|-damage|p1a: Sacra Avis|36\/100\n|\n|-weather|SunnyDay|[upkeep]\n|-heal|p2a: Groudon|100\/100|[from] item: Leftovers\n|upkeep\n|turn|19\n|\n|t:|1700660138\n|move|p2a: Groudon|Rock Slide|p1a: Sacra Avis\n|-supereffective|p1a: Sacra Avis\n|-damage|p1a: Sacra Avis|0 fnt\n|faint|p1a: Sacra Avis\n|\n|-weather|SunnyDay|[upkeep]\n|upkeep\n|\n|t:|1700660141\n|switch|p1a: Custos Templi|Giratina|45\/100\n|-ability|p1a: Custos Templi|Pressure\n|turn|20\n|\n|t:|1700660147\n|move|p2a: Groudon|Stealth Rock|p1a: Custos Templi\n|-sidestart|p1: puddingss|move: Stealth Rock\n|move|p1a: Custos Templi|Rest|p1a: Custos Templi\n|-status|p1a: Custos Templi|slp|[from] move: Rest\n|-heal|p1a: Custos Templi|100\/100 slp|[silent]\n|\n|-weather|SunnyDay|[upkeep]\n|upkeep\n|turn|21\n|\n|t:|1700660155\n|cant|p1a: Custos Templi|slp\n|move|p2a: Groudon|Dragon Tail|p1a: Custos Templi\n|-supereffective|p1a: Custos Templi\n|-crit|p1a: Custos Templi\n|-damage|p1a: Custos Templi|73\/100 slp\n|drag|p1a: Cete Titanic|Dondozo, M|46\/100\n|-damage|p1a: Cete Titanic|33\/100|[from] Stealth Rock\n|\n|-weather|SunnyDay|[upkeep]\n|upkeep\n|turn|22\n|\n|t:|1700660165\n|move|p1a: Cete Titanic|Rest|p1a: Cete Titanic\n|-status|p1a: Cete Titanic|slp|[from] move: Rest\n|-heal|p1a: Cete Titanic|100\/100 slp|[silent]\n|move|p2a: Groudon|Dragon Tail|p1a: Cete Titanic\n|-damage|p1a: Cete Titanic|92\/100 slp\n|drag|p1a: Daemonium Draconis|Eternatus|100\/100\n|-damage|p1a: Daemonium Draconis|88\/100|[from] Stealth Rock\n|-ability|p1a: Daemonium Draconis|Pressure\n|\n|-weather|none\n|-heal|p1a: Daemonium Draconis|94\/100|[from] item: Leftovers\n|upkeep\n|turn|23\n|\n|t:|1700660177\n|move|p1a: Daemonium Draconis|Toxic|p2a: Groudon\n|-status|p2a: Groudon|tox\n|move|p2a: Groudon|Earthquake|p1a: Daemonium Draconis\n|-supereffective|p1a: Daemonium Draconis\n|-damage|p1a: Daemonium Draconis|21\/100\n|\n|-heal|p1a: Daemonium Draconis|28\/100|[from] item: Leftovers\n|-damage|p2a: Groudon|94\/100 tox|[from] psn\n|upkeep\n|turn|24\n|\n|t:|1700660185\n|move|p1a: Daemonium Draconis|Recover|p1a: Daemonium Draconis\n|-heal|p1a: Daemonium Draconis|78\/100\n|move|p2a: Groudon|Dragon Tail|p1a: Daemonium Draconis\n|-supereffective|p1a: Daemonium Draconis\n|-damage|p1a: Daemonium Draconis|48\/100\n|drag|p1a: Cete Titanic|Dondozo, M|92\/100 slp\n|-damage|p1a: Cete Titanic|80\/100 slp|[from] Stealth Rock\n|\n|-heal|p2a: Groudon|100\/100 tox|[from] item: Leftovers\n|-damage|p2a: Groudon|88\/100 tox|[from] psn\n|upkeep\n|turn|25\n|\n|t:|1700660196\n|switch|p2a: Yveltal|Yveltal|100\/100\n|-damage|p2a: Yveltal|76\/100|[from] Stealth Rock\n|-ability|p2a: Yveltal|Dark Aura\n|cant|p1a: Cete Titanic|slp\n|\n|upkeep\n|turn|26\n|\n|t:|1700660203\n|switch|p1a: Magnum Ovum|Chansey, F|100\/100\n|-damage|p1a: Magnum Ovum|88\/100|[from] Stealth Rock\n|move|p2a: Yveltal|Oblivion Wing|p1a: Magnum Ovum\n|-damage|p1a: Magnum Ovum|79\/100\n|-heal|p2a: Yveltal|85\/100|[from] drain|[of] p1a: Magnum Ovum\n|\n|upkeep\n|turn|27\n|\n|t:|1700660213\n|move|p2a: Yveltal|Knock Off|p1a: Magnum Ovum\n|-damage|p1a: Magnum Ovum|38\/100\n|-enditem|p1a: Magnum Ovum|Eviolite|[from] move: Knock Off|[of] p2a: Yveltal\n|move|p1a: Magnum Ovum|Confide|p2a: Yveltal\n|-unboost|p2a: Yveltal|spa|1\n|\n|upkeep\n|turn|28\n|\n|t:|1700660221\n|switch|p2a: Groudon|Groudon|88\/100 tox\n|-damage|p2a: Groudon|82\/100 tox|[from] Stealth Rock\n|-weather|SunnyDay|[from] ability: Drought|[of] p2a: Groudon\n|move|p1a: Magnum Ovum|Soft-Boiled|p1a: Magnum Ovum\n|-heal|p1a: Magnum Ovum|88\/100\n|\n|-weather|SunnyDay|[upkeep]\n|-heal|p2a: Groudon|88\/100 tox|[from] item: Leftovers\n|-damage|p2a: Groudon|82\/100 tox|[from] psn\n|upkeep\n|turn|29\n|\n|t:|1700660234\n|switch|p1a: Cete Titanic|Dondozo, M|80\/100 slp\n|-damage|p1a: Cete Titanic|67\/100 slp|[from] Stealth Rock\n|move|p2a: Groudon|Dragon Tail|p1a: Cete Titanic\n|-damage|p1a: Cete Titanic|58\/100 slp\n|drag|p1a: Custos Templi|Giratina|73\/100 slp\n|-damage|p1a: Custos Templi|61\/100 slp|[from] Stealth Rock\n|-ability|p1a: Custos Templi|Pressure\n|\n|-weather|SunnyDay|[upkeep]\n|-heal|p2a: Groudon|88\/100 tox|[from] item: Leftovers\n|-heal|p1a: Custos Templi|67\/100 slp|[from] item: Leftovers\n|-damage|p2a: Groudon|76\/100 tox|[from] psn\n|upkeep\n|turn|30\n|\n|t:|1700660247\n|move|p2a: Groudon|Dragon Tail|p1a: Custos Templi\n|-supereffective|p1a: Custos Templi\n|-damage|p1a: Custos Templi|50\/100 slp\n|drag|p1a: Cete Titanic|Dondozo, M|58\/100 slp\n|-damage|p1a: Cete Titanic|46\/100 slp|[from] Stealth Rock\n|\n|-weather|SunnyDay|[upkeep]\n|-heal|p2a: Groudon|82\/100 tox|[from] item: Leftovers\n|-damage|p2a: Groudon|64\/100 tox|[from] psn\n|upkeep\n|turn|31\n|\n|t:|1700660255\n|switch|p2a: Yveltal|Yveltal|85\/100\n|-damage|p2a: Yveltal|60\/100|[from] Stealth Rock\n|-ability|p2a: Yveltal|Dark Aura\n|cant|p1a: Cete Titanic|slp\n|\n|-weather|SunnyDay|[upkeep]\n|upkeep\n|turn|32\n|\n|t:|1700660268\n|switch|p1a: Custos Templi|Giratina|50\/100 slp\n|-damage|p1a: Custos Templi|38\/100 slp|[from] Stealth Rock\n|-ability|p1a: Custos Templi|Pressure\n|move|p2a: Yveltal|Knock Off|p1a: Custos Templi\n|-supereffective|p1a: Custos Templi\n|-crit|p1a: Custos Templi\n|-damage|p1a: Custos Templi|0 fnt\n|-enditem|p1a: Custos Templi|Leftovers|[from] move: Knock Off|[of] p2a: Yveltal\n|faint|p1a: Custos Templi\n|\n|-weather|none\n|upkeep\n|\n|t:|1700660270\n|switch|p1a: Daemonium Draconis|Eternatus|48\/100\n|-damage|p1a: Daemonium Draconis|35\/100|[from] Stealth Rock\n|-ability|p1a: Daemonium Draconis|Pressure\n|turn|33\n|\n|t:|1700660282\n|move|p2a: Yveltal|Sucker Punch||[still]\n|-fail|p2a: Yveltal\n|move|p1a: Daemonium Draconis|Recover|p1a: Daemonium Draconis\n|-heal|p1a: Daemonium Draconis|85\/100\n|\n|-heal|p1a: Daemonium Draconis|92\/100|[from] item: Leftovers\n|upkeep\n|turn|34\n|\n|t:|1700660289\n|switch|p2a: Groudon|Groudon|64\/100 tox\n|-damage|p2a: Groudon|58\/100 tox|[from] Stealth Rock\n|-weather|SunnyDay|[from] ability: Drought|[of] p2a: Groudon\n|move|p1a: Daemonium Draconis|Dragon Pulse|p2a: Groudon\n|-damage|p2a: Groudon|22\/100 tox\n|\n|-weather|SunnyDay|[upkeep]\n|-heal|p1a: Daemonium Draconis|98\/100|[from] item: Leftovers\n|-heal|p2a: Groudon|28\/100 tox|[from] item: Leftovers\n|-damage|p2a: Groudon|22\/100 tox|[from] psn\n|upkeep\n|turn|35\n|\n|t:|1700660301\n|move|p1a: Daemonium Draconis|Dragon Pulse|p2a: Groudon\n|-damage|p2a: Groudon|0 fnt\n|faint|p2a: Groudon\n|\n|-weather|SunnyDay|[upkeep]\n|-heal|p1a: Daemonium Draconis|100\/100|[from] item: Leftovers\n|upkeep\n|\n|t:|1700660307\n|switch|p2a: Yveltal|Yveltal|60\/100\n|-damage|p2a: Yveltal|35\/100|[from] Stealth Rock\n|-ability|p2a: Yveltal|Dark Aura\n|turn|36\n|\n|t:|1700660314\n|move|p1a: Daemonium Draconis|Dragon Pulse|p2a: Yveltal\n|-damage|p2a: Yveltal|13\/100\n|move|p2a: Yveltal|Oblivion Wing|p1a: Daemonium Draconis\n|-damage|p1a: Daemonium Draconis|72\/100\n|-heal|p2a: Yveltal|35\/100|[from] drain|[of] p1a: Daemonium Draconis\n|\n|-weather|SunnyDay|[upkeep]\n|-heal|p1a: Daemonium Draconis|79\/100|[from] item: Leftovers\n|upkeep\n|turn|37\n|\n|t:|1700660323\n|move|p1a: Daemonium Draconis|Dragon Pulse|p2a: Yveltal\n|-damage|p2a: Yveltal|15\/100\n|move|p2a: Yveltal|Oblivion Wing|p1a: Daemonium Draconis\n|-damage|p1a: Daemonium Draconis|51\/100\n|-heal|p2a: Yveltal|37\/100|[from] drain|[of] p1a: Daemonium Draconis\n|\n|-weather|SunnyDay|[upkeep]\n|-heal|p1a: Daemonium Draconis|57\/100|[from] item: Leftovers\n|upkeep\n|turn|38\n|\n|t:|1700660333\n|move|p1a: Daemonium Draconis|Toxic|p2a: Yveltal\n|-status|p2a: Yveltal|tox\n|move|p2a: Yveltal|Oblivion Wing|p1a: Daemonium Draconis\n|-damage|p1a: Daemonium Draconis|32\/100\n|-heal|p2a: Yveltal|57\/100 tox|[from] drain|[of] p1a: Daemonium Draconis\n|\n|-weather|none\n|-heal|p1a: Daemonium Draconis|38\/100|[from] item: Leftovers\n|-damage|p2a: Yveltal|51\/100 tox|[from] psn\n|upkeep\n|turn|39\n|\n|t:|1700660345\n|move|p1a: Daemonium Draconis|Recover|p1a: Daemonium Draconis\n|-heal|p1a: Daemonium Draconis|88\/100\n|move|p2a: Yveltal|Knock Off|p1a: Daemonium Draconis\n|-damage|p1a: Daemonium Draconis|54\/100\n|-enditem|p1a: Daemonium Draconis|Leftovers|[from] move: Knock Off|[of] p2a: Yveltal\n|\n|-damage|p2a: Yveltal|39\/100 tox|[from] psn\n|upkeep\n|turn|40\n|-message|danish13 forfeited.\n|\n|win|puddingss\n|raw|puddingss's rating: 1568 &rarr; <strong>1588<\/strong><br \/>(+20 for winning)\n|raw|danish13's rating: 1573 &rarr; <strong>1553<\/strong><br \/>(-20 for losing)\n|l|\u2606danish13\n","uploadtime":1700660687,"views":0,"p1id":"puddingss","p2id":"danish13","formatid":"gen9nationaldexubers","rating":1553,"private":0,"password":""}