{"id":"gen9nationaldexubers-1991233995","p1":"Plasmic Cosmos","p2":"Jaluminor","format":"[Gen 9] National Dex Ubers","log":"|j|\u2606Plasmic Cosmos\n|j|\u2606Jaluminor\n|t:|1700059765\n|gametype|singles\n|player|p1|Plasmic Cosmos|ghetsis|1278\n|player|p2|Jaluminor|hilbert-wonderlauncher|1349\n|teamsize|p1|6\n|teamsize|p2|6\n|gen|9\n|tier|[Gen 9] National Dex Ubers\n|rated|\n|rule|HP Percentage Mod: HP is shown in percentages\n|rule|Endless Battle Clause: Forcing endless battles is banned\n|rule|OHKO Clause: OHKO moves are banned\n|rule|Evasion Moves Clause: Evasion moves are banned\n|rule|Evasion Items Clause: Evasion items are banned\n|rule|Species Clause: Limit one of each Pok\u00e9mon\n|rule|Sleep Clause Mod: Limit one foe put to sleep\n|rule|Mega Rayquaza Clause: You cannot mega evolve Rayquaza\n|clearpoke\n|poke|p1|Zygarde|\n|poke|p1|Groudon|\n|poke|p1|Ho-Oh|\n|poke|p1|Zacian-*|\n|poke|p1|Arceus-Dark|\n|poke|p1|Kyurem-Black|\n|poke|p2|Groudon|\n|poke|p2|Kyogre|\n|poke|p2|Necrozma-Dusk-Mane|\n|poke|p2|Zygarde|\n|poke|p2|Mewtwo|\n|poke|p2|Kyurem-Black|\n|teampreview\n|inactive|Battle timer is ON: inactive players will automatically lose when time's up. (requested by Plasmic Cosmos)\n|\n|t:|1700059774\n|start\n|switch|p1a: Groudon|Groudon|100\/100\n|switch|p2a: Mewtwo|Mewtwo|100\/100\n|-ability|p2a: Mewtwo|Pressure\n|detailschange|p1a: Groudon|Groudon-Primal\n|-primal|p1a: Groudon|Red Orb\n|-weather|DesolateLand|[from] ability: Desolate Land|[of] p1a: Groudon\n|turn|1\n|\n|t:|1700059788\n|detailschange|p2a: Mewtwo|Mewtwo-Mega-Y\n|-mega|p2a: Mewtwo|Mewtwo|Mewtwonite Y\n|move|p2a: Mewtwo|Shadow Ball|p1a: Groudon\n|-damage|p1a: Groudon|75\/100\n|move|p1a: Groudon|Stealth Rock|p2a: Mewtwo\n|-sidestart|p2: Jaluminor|move: Stealth Rock\n|\n|-weather|DesolateLand|[upkeep]\n|upkeep\n|turn|2\n|\n|t:|1700059795\n|move|p2a: Mewtwo|Shadow Ball|p1a: Groudon\n|-damage|p1a: Groudon|51\/100\n|move|p1a: Groudon|Toxic|p2a: Mewtwo\n|-status|p2a: Mewtwo|tox\n|\n|-weather|DesolateLand|[upkeep]\n|-damage|p2a: Mewtwo|94\/100 tox|[from] psn\n|upkeep\n|turn|3\n|\n|t:|1700059803\n|move|p2a: Mewtwo|Shadow Ball|p1a: Groudon\n|-crit|p1a: Groudon\n|-damage|p1a: Groudon|9\/100\n|move|p1a: Groudon|Roar|p2a: Mewtwo\n|drag|p2a: Necrozma|Necrozma-Dusk-Mane|100\/100\n|-damage|p2a: Necrozma|94\/100|[from] Stealth Rock\n|\n|-weather|DesolateLand|[upkeep]\n|upkeep\n|turn|4\n|\n|t:|1700059813\n|move|p2a: Necrozma|Photon Geyser|p1a: Groudon\n|-damage|p1a: Groudon|0 fnt\n|faint|p1a: Groudon\n|-weather|none\n|\n|upkeep\n|\n|t:|1700059820\n|switch|p1a: Arceus|Arceus-Dark|100\/100\n|turn|5\n|\n|t:|1700059825\n|move|p1a: Arceus|Judgment|p2a: Necrozma\n|-supereffective|p2a: Necrozma\n|-damage|p2a: Necrozma|22\/100\n|move|p2a: Necrozma|Dragon Dance|p2a: Necrozma\n|-boost|p2a: Necrozma|atk|1\n|-boost|p2a: Necrozma|spe|1\n|\n|upkeep\n|turn|6\n|\n|t:|1700059835\n|detailschange|p2a: Necrozma|Necrozma-Ultra\n|-burst|p2a: Necrozma|Necrozma|Ultranecrozium Z\n|move|p2a: Necrozma|Sunsteel Strike|p1a: Arceus\n|-damage|p1a: Arceus|65\/100\n|move|p1a: Arceus|Judgment|p2a: Necrozma\n|-supereffective|p2a: Necrozma\n|-damage|p2a: Necrozma|0 fnt\n|faint|p2a: Necrozma\n|\n|upkeep\n|\n|t:|1700059846\n|switch|p2a: Zygarde|Zygarde|100\/100\n|-damage|p2a: Zygarde|94\/100|[from] Stealth Rock\n|turn|7\n|\n|t:|1700059853\n|move|p1a: Arceus|Taunt|p2a: Zygarde\n|-start|p2a: Zygarde|move: Taunt\n|cant|p2a: Zygarde|move: Taunt|Substitute\n|\n|-heal|p2a: Zygarde|100\/100|[from] item: Leftovers\n|upkeep\n|turn|8\n|\n|t:|1700059865\n|switch|p2a: Groudon|Groudon|100\/100\n|-damage|p2a: Groudon|94\/100|[from] Stealth Rock\n|detailschange|p2a: Groudon|Groudon-Primal\n|-primal|p2a: Groudon|Red Orb\n|-weather|DesolateLand|[from] ability: Desolate Land|[of] p2a: Groudon\n|move|p1a: Arceus|Toxic|p2a: Groudon\n|-status|p2a: Groudon|tox\n|\n|-weather|DesolateLand|[upkeep]\n|-damage|p2a: Groudon|88\/100 tox|[from] psn\n|upkeep\n|turn|9\n|\n|t:|1700059877\n|move|p1a: Arceus|Taunt|p2a: Groudon\n|-start|p2a: Groudon|move: Taunt\n|move|p2a: Groudon|Eruption|p1a: Arceus\n|-damage|p1a: Arceus|0 fnt\n|faint|p1a: Arceus\n|\n|-weather|DesolateLand|[upkeep]\n|-damage|p2a: Groudon|76\/100 tox|[from] psn\n|upkeep\n|\n|t:|1700059883\n|switch|p1a: Ho-Oh|Ho-Oh|100\/100\n|turn|10\n|\n|t:|1700059890\n|-weather|none\n|switch|p2a: Zygarde|Zygarde|100\/100\n|-damage|p2a: Zygarde|94\/100|[from] Stealth Rock\n|move|p1a: Ho-Oh|Whirlwind|p2a: Zygarde\n|drag|p2a: Kyurem|Kyurem-Black|100\/100\n|-damage|p2a: Kyurem|75\/100|[from] Stealth Rock\n|-ability|p2a: Kyurem|Teravolt\n|\n|upkeep\n|turn|11\n|\n|t:|1700059901\n|move|p2a: Kyurem|Fusion Bolt|p1a: Ho-Oh\n|-supereffective|p1a: Ho-Oh\n|-damage|p1a: Ho-Oh|41\/100\n|move|p1a: Ho-Oh|Sacred Fire|p2a: Kyurem\n|-damage|p2a: Kyurem|39\/100\n|-status|p2a: Kyurem|brn\n|\n|-damage|p2a: Kyurem|33\/100 brn|[from] brn\n|upkeep\n|turn|12\n|\n|t:|1700059912\n|switch|p1a: Zygarde|Zygarde, shiny|100\/100\n|-terastallize|p2a: Kyurem|Electric\n|move|p2a: Kyurem|Fusion Bolt|p1a: Zygarde\n|-immune|p1a: Zygarde\n|\n|-damage|p2a: Kyurem|27\/100 brn|[from] brn\n|upkeep\n|turn|13\n|\n|t:|1700059920\n|move|p2a: Kyurem|Icicle Spear|p1a: Zygarde\n|-supereffective|p1a: Zygarde\n|-damage|p1a: Zygarde|78\/100\n|-supereffective|p1a: Zygarde\n|-damage|p1a: Zygarde|56\/100\n|-supereffective|p1a: Zygarde\n|-damage|p1a: Zygarde|33\/100\n|-supereffective|p1a: Zygarde\n|-damage|p1a: Zygarde|10\/100\n|-hitcount|p1a: Zygarde|4\n|move|p1a: Zygarde|Dragon Dance|p1a: Zygarde\n|-boost|p1a: Zygarde|atk|1\n|-boost|p1a: Zygarde|spe|1\n|\n|-heal|p1a: Zygarde|16\/100|[from] item: Leftovers\n|-damage|p2a: Kyurem|21\/100 brn|[from] brn\n|-activate|p1a: Zygarde|ability: Power Construct\n|detailschange|p1a: Zygarde|Zygarde-Complete, shiny\n|-heal|p1a: Zygarde|47\/100|[silent]\n|upkeep\n|turn|14\n|\n|t:|1700059937\n|move|p1a: Zygarde|Thousand Arrows|p2a: Kyurem\n|-supereffective|p2a: Kyurem\n|-damage|p2a: Kyurem|0 fnt\n|faint|p2a: Kyurem\n|\n|-heal|p1a: Zygarde|53\/100|[from] item: Leftovers\n|upkeep\n|\n|t:|1700059946\n|switch|p2a: Kyogre|Kyogre|100\/100\n|-damage|p2a: Kyogre|88\/100|[from] Stealth Rock\n|detailschange|p2a: Kyogre|Kyogre-Primal\n|-primal|p2a: Kyogre|Blue Orb\n|-weather|PrimordialSea|[from] ability: Primordial Sea|[of] p2a: Kyogre\n|turn|15\n|\n|t:|1700059957\n|-terastallize|p1a: Zygarde|Fairy\n|move|p1a: Zygarde|Rest|p1a: Zygarde\n|-status|p1a: Zygarde|slp|[from] move: Rest\n|-heal|p1a: Zygarde|100\/100 slp|[silent]\n|move|p2a: Kyogre|Ice Beam|p1a: Zygarde\n|-damage|p1a: Zygarde|75\/100 slp\n|\n|-weather|PrimordialSea|[upkeep]\n|-heal|p1a: Zygarde|81\/100 slp|[from] item: Leftovers\n|upkeep\n|turn|16\n|\n|t:|1700059967\n|cant|p1a: Zygarde|slp\n|move|p1a: Zygarde|Sleep Talk|p1a: Zygarde\n|move|p1a: Zygarde|Dragon Dance|p1a: Zygarde|[from]move: Sleep Talk\n|-boost|p1a: Zygarde|atk|1\n|-boost|p1a: Zygarde|spe|1\n|move|p2a: Kyogre|Calm Mind|p2a: Kyogre\n|-boost|p2a: Kyogre|spa|1\n|-boost|p2a: Kyogre|spd|1\n|\n|-weather|PrimordialSea|[upkeep]\n|-heal|p1a: Zygarde|88\/100 slp|[from] item: Leftovers\n|upkeep\n|turn|17\n|\n|t:|1700059977\n|cant|p1a: Zygarde|slp\n|move|p1a: Zygarde|Sleep Talk|p1a: Zygarde\n|move|p1a: Zygarde|Thousand Arrows|p2a: Kyogre|[from]move: Sleep Talk\n|-damage|p2a: Kyogre|1\/100\n|move|p2a: Kyogre|Calm Mind|p2a: Kyogre\n|-boost|p2a: Kyogre|spa|1\n|-boost|p2a: Kyogre|spd|1\n|\n|-weather|PrimordialSea|[upkeep]\n|-heal|p1a: Zygarde|94\/100 slp|[from] item: Leftovers\n|upkeep\n|turn|18\n|\n|t:|1700059991\n|-curestatus|p1a: Zygarde|slp|[msg]\n|move|p1a: Zygarde|Sleep Talk||[still]\n|-fail|p1a: Zygarde\n|move|p2a: Kyogre|Origin Pulse|p1a: Zygarde\n|-damage|p1a: Zygarde|0 fnt\n|faint|p1a: Zygarde\n|\n|-weather|PrimordialSea|[upkeep]\n|upkeep\n|\n|t:|1700059998\n|switch|p1a: Kyurem|Kyurem-Black|100\/100\n|-ability|p1a: Kyurem|Teravolt\n|turn|19\n|\n|t:|1700060010\n|move|p1a: Kyurem|Fusion Bolt|p2a: Kyogre\n|-supereffective|p2a: Kyogre\n|-damage|p2a: Kyogre|0 fnt\n|faint|p2a: Kyogre\n|-weather|none\n|\n|upkeep\n|\n|t:|1700060016\n|switch|p2a: Mewtwo|Mewtwo-Mega-Y|94\/100 tox\n|-damage|p2a: Mewtwo|82\/100 tox|[from] Stealth Rock\n|turn|20\n|\n|t:|1700060021\n|move|p2a: Mewtwo|Aura Sphere|p1a: Kyurem\n|-supereffective|p1a: Kyurem\n|-damage|p1a: Kyurem|31\/100\n|move|p1a: Kyurem|Dragon Dance|p1a: Kyurem\n|-boost|p1a: Kyurem|atk|1\n|-boost|p1a: Kyurem|spe|1\n|\n|-damage|p2a: Mewtwo|76\/100 tox|[from] psn\n|upkeep\n|turn|21\n|\n|t:|1700060030\n|move|p1a: Kyurem|Icicle Spear|p2a: Mewtwo\n|-damage|p2a: Mewtwo|46\/100 tox\n|-damage|p2a: Mewtwo|12\/100 tox\n|-damage|p2a: Mewtwo|0 fnt\n|faint|p2a: Mewtwo\n|-hitcount|p2: Mewtwo|3\n|\n|upkeep\n|\n|t:|1700060037\n|switch|p2a: Zygarde|Zygarde|94\/100\n|-damage|p2a: Zygarde|88\/100|[from] Stealth Rock\n|turn|22\n|\n|t:|1700060058\n|move|p1a: Kyurem|Icicle Spear|p2a: Zygarde\n|-supereffective|p2a: Zygarde\n|-damage|p2a: Zygarde|27\/100\n|-supereffective|p2a: Zygarde\n|-damage|p2a: Zygarde|0 fnt\n|faint|p2a: Zygarde\n|-hitcount|p2: Zygarde|2\n|\n|upkeep\n|\n|t:|1700060064\n|switch|p2a: Groudon|Groudon-Primal|76\/100 tox\n|-damage|p2a: Groudon|64\/100 tox|[from] Stealth Rock\n|-weather|DesolateLand|[from] ability: Desolate Land|[of] p2a: Groudon\n|turn|23\n|inactive|Plasmic Cosmos has 120 seconds left.\n|\n|t:|1700060106\n|move|p1a: Kyurem|Icicle Spear|p2a: Groudon\n|-damage|p2a: Groudon|46\/100 tox\n|-damage|p2a: Groudon|28\/100 tox\n|-damage|p2a: Groudon|13\/100 tox\n|-damage|p2a: Groudon|0 fnt\n|faint|p2a: Groudon\n|-weather|none\n|-hitcount|p2: Groudon|4\n|\n|win|Plasmic Cosmos\n|raw|Plasmic Cosmos's rating: 1278 &rarr; <strong>1308<\/strong><br \/>(+30 for winning)\n|raw|Jaluminor's rating: 1349 &rarr; <strong>1325<\/strong><br \/>(-24 for losing)\n","uploadtime":1700060114,"views":8,"p1id":"plasmiccosmos","p2id":"jaluminor","formatid":"gen9nationaldexubers","rating":1308,"private":0,"password":""}