{"id":"gen9nationaldexubers-1988679720","p1":"Celine_Helios","p2":"crookshanks4000","format":"[Gen 9] National Dex Ubers","log":"|j|\u2606Celine_Helios\n|j|\u2606crookshanks4000\n|t:|1699749757\n|gametype|singles\n|player|p1|Celine_Helios|lillie-masters2|\n|player|p2|crookshanks4000|wallace|\n|teamsize|p1|6\n|teamsize|p2|6\n|gen|9\n|tier|[Gen 9] National Dex Ubers\n|rule|HP Percentage Mod: HP is shown in percentages\n|rule|Endless Battle Clause: Forcing endless battles is banned\n|rule|OHKO Clause: OHKO moves are banned\n|rule|Evasion Moves Clause: Evasion moves are banned\n|rule|Evasion Items Clause: Evasion items are banned\n|rule|Species Clause: Limit one of each Pok\u00e9mon\n|rule|Sleep Clause Mod: Limit one foe put to sleep\n|rule|Mega Rayquaza Clause: You cannot mega evolve Rayquaza\n|clearpoke\n|poke|p1|Medicham, F|\n|poke|p1|Ninetales-Alola, F|\n|poke|p1|Slowbro, F|\n|poke|p1|Moltres-Galar|\n|poke|p1|Ogerpon-Wellspring, F|\n|poke|p1|Enamorus, F|\n|poke|p2|Skarmory, M|\n|poke|p2|Swampert, M|\n|poke|p2|Regieleki|\n|poke|p2|Pelipper, M|\n|poke|p2|Kingdra, M|\n|poke|p2|Talonflame, F|\n|teampreview\n|inactive|Battle timer is ON: inactive players will automatically lose when time's up. (requested by crookshanks4000)\n|\n|t:|1699749770\n|start\n|switch|p1a: Ogerpon|Ogerpon-Wellspring, F|100\/100\n|switch|p2a: o the Pe lican .|Pelipper, M|100\/100\n|-weather|RainDance|[from] ability: Drizzle|[of] p2a: o the Pe lican .\n|turn|1\n|\n|t:|1699749780\n|-terastallize|p1a: Ogerpon|Water\n|detailschange|p1a: Ogerpon|Ogerpon-Wellspring-Tera, F, tera:Water\n|-ability|p1a: Ogerpon|Embody Aspect (Wellspring)|boost\n|-boost|p1a: Ogerpon|spd|1\n|move|p1a: Ogerpon|Swords Dance|p1a: Ogerpon\n|-boost|p1a: Ogerpon|atk|2\n|move|p2a: o the Pe lican .|U-turn|p1a: Ogerpon\n|-damage|p1a: Ogerpon|88\/100\n|\n|t:|1699749788\n|switch|p2a: Voter's supper|Regieleki|100\/100|[from] U-turn\n|\n|-weather|RainDance|[upkeep]\n|upkeep\n|turn|2\n|j| fairlylame\n|j| palestjade\n|\n|t:|1699749812\n|move|p2a: Voter's supper|Thunder|p1a: Ogerpon\n|-supereffective|p1a: Ogerpon\n|-damage|p1a: Ogerpon|0 fnt\n|faint|p1a: Ogerpon\n|-damage|p2a: Voter's supper|91\/100|[from] item: Life Orb\n|\n|-weather|RainDance|[upkeep]\n|upkeep\n|\n|t:|1699749818\n|switch|p1a: Ninetales|Ninetales-Alola, F, shiny|100\/100\n|-weather|Snow|[from] ability: Snow Warning|[of] p1a: Ninetales\n|turn|3\n|j| The_Opposum\n|c| palestjade|Regieleki Choice Specs Transistor Thunder in Rain\n|inactive|Celine_Helios has 270 seconds left.\n|inactive|crookshanks4000 has 270 seconds left.\n|c| palestjade|ok sorry life orn\n|c| palestjade|orb\n|c| palestjade|pondering my orb\n|c| palestjade|Slurs\n|l| palestjade\n|inactive|Celine_Helios has 240 seconds left.\n|j| palestjade\n|inactive|crookshanks4000 has 240 seconds left.\n|inactive|crookshanks4000 has 210 seconds left.\n|c| palestjade|Slurs has it occured to you that calcdex cannot reach into the data of the game and calculate the EVs of the opponent\n|c| palestjade|It did not account for modest\n|c| palestjade|you FOOL\n|c| palestjade|you MORON\n|c| palestjade|skill issue\n|\n|t:|1699749933\n|move|p2a: Voter's supper|Volt Switch|p1a: Ninetales\n|-damage|p1a: Ninetales|46\/100\n|-damage|p2a: Voter's supper|81\/100|[from] item: Life Orb\n|j| basilcheer\n|c| palestjade|rain\n|inactive|crookshanks4000 has 180 seconds left.\n|c| palestjade|it's raining somewhere else\n|\n|t:|1699749948\n|switch|p2a: o the Pe lican .|Pelipper, M|100\/100|[from] Volt Switch\n|-weather|RainDance|[from] ability: Drizzle|[of] p2a: o the Pe lican .\n|move|p1a: Ninetales|Aurora Veil||[still]\n|-fail|p1a: Ninetales\n|\n|-weather|RainDance|[upkeep]\n|upkeep\n|turn|4\n|c| basilcheer|piss\n|inactive|crookshanks4000 has 180 seconds left.\n|inactive|crookshanks4000 has 150 seconds left.\n|c| palestjade|tera ground:\n|\n|t:|1699749997\n|switch|p2a: yo this kinda fire|Talonflame, F, shiny|100\/100\n|move|p1a: Ninetales|Freeze-Dry|p2a: yo this kinda fire\n|-damage|p2a: yo this kinda fire|71\/100\n|\n|-weather|RainDance|[upkeep]\n|upkeep\n|turn|5\n|\n|t:|1699750015\n|switch|p1a: Moltres|Moltres-Galar|100\/100\n|move|p2a: yo this kinda fire|Overheat|p1a: Moltres\n|-damage|p1a: Moltres|80\/100\n|-unboost|p2a: yo this kinda fire|spa|2\n|\n|-weather|RainDance|[upkeep]\n|upkeep\n|turn|6\n|c| palestjade|you should overheat in rain\n|c| palestjade|haha\n|inactive|crookshanks4000 has 150 seconds left.\n|\n|t:|1699750028\n|move|p2a: yo this kinda fire|U-turn|p1a: Moltres\n|-damage|p1a: Moltres|68\/100\n|inactive|crookshanks4000 has 150 seconds left.\n|\n|t:|1699750043\n|switch|p2a: big guy|Swampert, M, shiny|100\/100|[from] U-turn\n|move|p1a: Moltres|Agility|p1a: Moltres\n|-boost|p1a: Moltres|spe|2\n|\n|-weather|RainDance|[upkeep]\n|upkeep\n|turn|7\n|inactive|Celine_Helios has 270 seconds left.\n|\n|t:|1699750062\n|detailschange|p2a: big guy|Swampert-Mega, M, shiny\n|-mega|p2a: big guy|Swampert|Swampertite\n|move|p1a: Moltres|Hurricane|p2a: big guy\n|-damage|p2a: big guy|54\/100\n|move|p2a: big guy|Liquidation|p1a: Moltres\n|-damage|p1a: Moltres|0 fnt\n|faint|p1a: Moltres\n|\n|-weather|RainDance|[upkeep]\n|upkeep\n|\n|t:|1699750071\n|switch|p1a: Ninetales|Ninetales-Alola, F, shiny|46\/100\n|-weather|Snow|[from] ability: Snow Warning|[of] p1a: Ninetales\n|turn|8\n|inactive|crookshanks4000 has 150 seconds left.\n|l| basilcheer\n|\n|t:|1699750097\n|switch|p2a: knife birb|Skarmory, M, shiny|100\/100\n|move|p1a: Ninetales|Freeze-Dry|p2a: knife birb\n|-damage|p2a: knife birb|80\/100\n|\n|-weather|Snow|[upkeep]\n|upkeep\n|turn|9\n|c| palestjade|You should run into this freezedry... NOW!!!\n|inactive|Celine_Helios has 270 seconds left.\n|\n|t:|1699750108\n|switch|p1a: Slowbro|Slowbro, F, shiny|100\/100\n|move|p2a: knife birb|Iron Defense|p2a: knife birb\n|-boost|p2a: knife birb|def|2\n|\n|-weather|Snow|[upkeep]\n|upkeep\n|turn|10\n|\n|t:|1699750121\n|switch|p2a: o the Pe lican .|Pelipper, M|100\/100\n|-weather|RainDance|[from] ability: Drizzle|[of] p2a: o the Pe lican .\n|move|p1a: Slowbro|Future Sight|p2a: o the Pe lican .\n|-start|p1a: Slowbro|move: Future Sight\n|\n|-weather|RainDance|[upkeep]\n|upkeep\n|turn|11\n|l| The_Opposum\n|c| palestjade|clown music\n|\n|t:|1699750138\n|move|p2a: o the Pe lican .|Hurricane|p1a: Slowbro\n|-damage|p1a: Slowbro|75\/100\n|move|p1a: Slowbro|Scald|p2a: o the Pe lican .\n|-resisted|p2a: o the Pe lican .\n|-crit|p2a: o the Pe lican .\n|-damage|p2a: o the Pe lican .|39\/100\n|-status|p2a: o the Pe lican .|brn\n|\n|-weather|RainDance|[upkeep]\n|-damage|p2a: o the Pe lican .|33\/100 brn|[from] brn\n|upkeep\n|turn|12\n|inactive|crookshanks4000 has 150 seconds left.\n|inactive|Celine_Helios has 270 seconds left.\n|inactive|crookshanks4000 has 120 seconds left.\n|\n|t:|1699750190\n|move|p2a: o the Pe lican .|Roost|p2a: o the Pe lican .\n|-heal|p2a: o the Pe lican .|83\/100 brn\n|-singleturn|p2a: o the Pe lican .|move: Roost\n|move|p1a: Slowbro|Blizzard|p2a: o the Pe lican .\n|-resisted|p2a: o the Pe lican .\n|-damage|p2a: o the Pe lican .|58\/100 brn\n|\n|-weather|RainDance|[upkeep]\n|-end|p2a: o the Pe lican .|move: Future Sight\n|-damage|p2a: o the Pe lican .|0 fnt\n|faint|p2a: o the Pe lican .\n|upkeep\n|inactive|crookshanks4000 has 120 seconds left.\n|\n|t:|1699750199\n|switch|p2a: Voter's supper|Regieleki|81\/100\n|turn|13\n|inactive|crookshanks4000 has 120 seconds left.\n|\n|t:|1699750211\n|switch|p1a: Ninetales|Ninetales-Alola, F, shiny|46\/100\n|-weather|Snow|[from] ability: Snow Warning|[of] p1a: Ninetales\n|move|p2a: Voter's supper|Thunder|p1a: Ninetales\n|-damage|p1a: Ninetales|0 fnt\n|faint|p1a: Ninetales\n|-damage|p2a: Voter's supper|71\/100|[from] item: Life Orb\n|\n|-weather|Snow|[upkeep]\n|upkeep\n|\n|t:|1699750213\n|switch|p1a: Medicham|Medicham, F, shiny|100\/100\n|turn|14\n|\n|t:|1699750227\n|detailschange|p1a: Medicham|Medicham-Mega, F, shiny\n|-mega|p1a: Medicham|Medicham|Medichamite\n|move|p1a: Medicham|Fake Out|p2a: Voter's supper\n|-damage|p2a: Voter's supper|21\/100\n|cant|p2a: Voter's supper|flinch\n|\n|-weather|Snow|[upkeep]\n|upkeep\n|turn|15\n|\n|t:|1699750235\n|move|p1a: Medicham|Bullet Punch|p2a: Voter's supper\n|-resisted|p2a: Voter's supper\n|-damage|p2a: Voter's supper|0 fnt\n|faint|p2a: Voter's supper\n|\n|-weather|Snow|[upkeep]\n|upkeep\n|inactive|crookshanks4000 has 120 seconds left.\n|\n|t:|1699750284\n|switch|p2a: yo this kinda fire|Talonflame, F, shiny|71\/100\n|turn|16\n|inactive|crookshanks4000 has 90 seconds left.\n|\n|t:|1699750303\n|switch|p1a: Slowbro|Slowbro, F, shiny|100\/100\n|-terastallize|p2a: yo this kinda fire|Ghost\n|move|p2a: yo this kinda fire|Hurricane|p1a: Slowbro\n|-damage|p1a: Slowbro|73\/100\n|-start|p1a: Slowbro|confusion\n|\n|-weather|Snow|[upkeep]\n|upkeep\n|turn|17\n|inactive|crookshanks4000 has 90 seconds left.\n|\n|t:|1699750327\n|move|p2a: yo this kinda fire|U-turn|p1a: Slowbro\n|-supereffective|p1a: Slowbro\n|-damage|p1a: Slowbro|53\/100\n|l| palestjade\n|\n|t:|1699750342\n|switch|p2a: ayo why he ourple|Kingdra, M, shiny|100\/100|[from] U-turn\n|-activate|p1a: Slowbro|confusion\n|-damage|p1a: Slowbro|48\/100|[from] confusion\n|\n|-weather|none\n|upkeep\n|turn|18\n|\n|t:|1699750350\n|switch|p1a: Enamorus|Enamorus, F|100\/100\n|move|p2a: ayo why he ourple|Draco Meteor|p1a: Enamorus\n|-immune|p1a: Enamorus\n|\n|upkeep\n|turn|19\n|j| palestjade\n|inactive|crookshanks4000 has 60 seconds left.\n|inactive|crookshanks4000 has 30 seconds left.\n|\n|t:|1699750409\n|switch|p2a: knife birb|Skarmory, M, shiny|80\/100\n|move|p1a: Enamorus|Play Rough|p2a: knife birb\n|-resisted|p2a: knife birb\n|-damage|p2a: knife birb|63\/100\n|-damage|p1a: Enamorus|84\/100|[from] item: Rocky Helmet|[of] p2a: knife birb\n|-damage|p1a: Enamorus|74\/100|[from] item: Life Orb\n|\n|upkeep\n|turn|20\n|inactive|crookshanks4000 has 30 seconds left.\n|inactive|Celine_Helios has 270 seconds left.\n|c| palestjade|physical set !?\n|inactive|crookshanks4000 has 20 seconds left.\n|inactive|crookshanks4000 has 15 seconds left.\n|inactive|crookshanks4000 has 10 seconds left.\n|\n|t:|1699750446\n|switch|p1a: Slowbro|Slowbro, F, shiny|82\/100\n|switch|p2a: ayo why he ourple|Kingdra, M, shiny|100\/100\n|\n|upkeep\n|turn|21\n|inactive|crookshanks4000 has 20 seconds left this turn.\n|inactive|crookshanks4000 has 15 seconds left.\n|c| palestjade|Slurs is currently going insane\n|inactive|crookshanks4000 has 10 seconds left.\n|\n|t:|1699750456\n|move|p2a: ayo why he ourple|Hurricane|p1a: Slowbro\n|-damage|p1a: Slowbro|53\/100\n|-damage|p2a: ayo why he ourple|91\/100|[from] item: Life Orb\n|move|p1a: Slowbro|Future Sight|p2a: ayo why he ourple\n|-start|p1a: Slowbro|move: Future Sight\n|\n|upkeep\n|turn|22\n|inactive|crookshanks4000 has 20 seconds left this turn.\n|inactive|crookshanks4000 has 15 seconds left.\n|\n|t:|1699750468\n|move|p2a: ayo why he ourple|Draco Meteor|p1a: Slowbro\n|-damage|p1a: Slowbro|10\/100\n|-unboost|p2a: ayo why he ourple|spa|2\n|-damage|p2a: ayo why he ourple|81\/100|[from] item: Life Orb\n|move|p1a: Slowbro|Blizzard|p2a: ayo why he ourple\n|-damage|p2a: ayo why he ourple|38\/100\n|\n|upkeep\n|turn|23\n|inactive|crookshanks4000 has 25 seconds left this turn.\n|c| palestjade|DRAKE DRAKE DRAKE DRAKE DRAKE\n|c| palestjade|yeah\n|\n|t:|1699750483\n|switch|p1a: Medicham|Medicham-Mega, F, shiny|100\/100\n|move|p2a: ayo why he ourple|Surf|p1a: Medicham\n|-damage|p1a: Medicham|64\/100\n|-damage|p2a: ayo why he ourple|28\/100|[from] item: Life Orb\n|\n|-end|p2a: ayo why he ourple|move: Future Sight\n|-damage|p2a: ayo why he ourple|0 fnt\n|faint|p2a: ayo why he ourple\n|upkeep\n|inactive|crookshanks4000 has 30 seconds left this turn.\n|inactive|crookshanks4000 has 20 seconds left.\n|inactive|crookshanks4000 has 15 seconds left.\n|\n|t:|1699750501\n|switch|p2a: yo this kinda fire|Talonflame, F, shiny, tera:Ghost|71\/100\n|turn|24\n|inactive|crookshanks4000 has 25 seconds left this turn.\n|inactive|crookshanks4000 has 20 seconds left.\n|l| palestjade\n|inactive|Celine_Helios has 240 seconds left.\n|\n|t:|1699750548\n|switch|p1a: Slowbro|Slowbro, F, shiny|43\/100\n|move|p2a: yo this kinda fire|Hurricane|p1a: Slowbro\n|-damage|p1a: Slowbro|18\/100\n|\n|upkeep\n|turn|25\n|inactive|crookshanks4000 has 30 seconds left this turn.\n|inactive|crookshanks4000 has 20 seconds left.\n|\n|t:|1699750562\n|switch|p1a: Enamorus|Enamorus, F|74\/100\n|move|p2a: yo this kinda fire|Hurricane|p1a: Enamorus|[miss]\n|-miss|p2a: yo this kinda fire|p1a: Enamorus\n|\n|upkeep\n|turn|26\n|inactive|crookshanks4000 has 30 seconds left this turn.\n|j| palestjade\n|\n|t:|1699750588\n|switch|p1a: Slowbro|Slowbro, F, shiny|51\/100\n|move|p2a: yo this kinda fire|Hurricane|p1a: Slowbro|[miss]\n|-miss|p2a: yo this kinda fire|p1a: Slowbro\n|\n|upkeep\n|turn|27\n|inactive|crookshanks4000 has 30 seconds left.\n|inactive|crookshanks4000 has 20 seconds left.\n|\n|t:|1699750607\n|move|p2a: yo this kinda fire|U-turn|p1a: Slowbro\n|-supereffective|p1a: Slowbro\n|-damage|p1a: Slowbro|32\/100\n|inactive|crookshanks4000 has 25 seconds left this turn.\n|c| palestjade|I see a way that audrey literally Just Wins but I am going to just sit here and watch\n|inactive|crookshanks4000 has 20 seconds left.\n|\n|t:|1699750614\n|switch|p2a: big guy|Swampert-Mega, M, shiny|54\/100|[from] U-turn\n|move|p1a: Slowbro|Future Sight|p2a: big guy\n|-start|p1a: Slowbro|move: Future Sight\n|\n|upkeep\n|turn|28\n|inactive|crookshanks4000 has 30 seconds left this turn.\n|\n|t:|1699750629\n|switch|p1a: Enamorus|Enamorus, F|74\/100\n|move|p2a: big guy|Earthquake|p1a: Enamorus\n|-immune|p1a: Enamorus\n|\n|upkeep\n|turn|29\n|\n|t:|1699750643\n|move|p1a: Enamorus|Superpower|p2a: big guy\n|-damage|p2a: big guy|7\/100\n|-boost|p1a: Enamorus|atk|1\n|-boost|p1a: Enamorus|def|1\n|-damage|p1a: Enamorus|65\/100|[from] item: Life Orb\n|move|p2a: big guy|Ice Punch|p1a: Enamorus\n|-supereffective|p1a: Enamorus\n|-damage|p1a: Enamorus|0 fnt\n|faint|p1a: Enamorus\n|\n|-end|p2a: big guy|move: Future Sight\n|-damage|p2a: big guy|0 fnt\n|faint|p2a: big guy\n|upkeep\n|inactive|crookshanks4000 has 30 seconds left.\n|\n|t:|1699750667\n|switch|p1a: Medicham|Medicham-Mega, F, shiny|64\/100\n|switch|p2a: knife birb|Skarmory, M, shiny|63\/100\n|turn|30\n|inactive|Celine_Helios has 240 seconds left.\n|c| palestjade|sk ar more eee\n|\n|t:|1699750697\n|switch|p1a: Slowbro|Slowbro, F, shiny|65\/100\n|switch|p2a: yo this kinda fire|Talonflame, F, shiny, tera:Ghost|71\/100\n|\n|upkeep\n|turn|31\n|\n|t:|1699750704\n|move|p2a: yo this kinda fire|Roost|p2a: yo this kinda fire\n|-heal|p2a: yo this kinda fire|100\/100\n|move|p1a: Slowbro|Future Sight|p2a: yo this kinda fire\n|-start|p1a: Slowbro|move: Future Sight\n|\n|upkeep\n|turn|32\n|c| palestjade|STALL\n|c| palestjade|STALL\n|c| palestjade|STALL\n|c| palestjade|STALL\n|c| palestjade|STALL\n|c| palestjade|STALL\n|inactive|crookshanks4000 has 30 seconds left.\n|\n|t:|1699750730\n|move|p2a: yo this kinda fire|Roost||[still]\n|-fail|p2a: yo this kinda fire|heal\n|move|p1a: Slowbro|Scald|p2a: yo this kinda fire\n|-damage|p2a: yo this kinda fire|39\/100\n|\n|upkeep\n|turn|33\n|inactive|crookshanks4000 has 30 seconds left.\n|\n|t:|1699750741\n|move|p2a: yo this kinda fire|U-turn|p1a: Slowbro\n|-supereffective|p1a: Slowbro\n|-damage|p1a: Slowbro|46\/100\n|\n|t:|1699750744\n|switch|p2a: knife birb|Skarmory, M, shiny|63\/100|[from] U-turn\n|move|p1a: Slowbro|Scald|p2a: knife birb\n|-damage|p2a: knife birb|25\/100\n|\n|-end|p2a: knife birb|move: Future Sight\n|-resisted|p2a: knife birb\n|-damage|p2a: knife birb|0 fnt\n|faint|p2a: knife birb\n|upkeep\n|\n|t:|1699750751\n|switch|p2a: yo this kinda fire|Talonflame, F, shiny, tera:Ghost|39\/100\n|turn|34\n|\n|t:|1699750754\n|move|p2a: yo this kinda fire|Roost|p2a: yo this kinda fire\n|-heal|p2a: yo this kinda fire|89\/100\n|move|p1a: Slowbro|Scald|p2a: yo this kinda fire\n|-crit|p2a: yo this kinda fire\n|-damage|p2a: yo this kinda fire|6\/100\n|\n|upkeep\n|turn|35\n|\n|t:|1699750762\n|move|p2a: yo this kinda fire|Hurricane|p1a: Slowbro|[miss]\n|-miss|p2a: yo this kinda fire|p1a: Slowbro\n|move|p1a: Slowbro|Future Sight|p2a: yo this kinda fire\n|-start|p1a: Slowbro|move: Future Sight\n|\n|upkeep\n|turn|36\n|\n|t:|1699750766\n|move|p2a: yo this kinda fire|Roost|p2a: yo this kinda fire\n|-heal|p2a: yo this kinda fire|56\/100\n|move|p1a: Slowbro|Scald|p2a: yo this kinda fire\n|-damage|p2a: yo this kinda fire|0 fnt\n|faint|p2a: yo this kinda fire\n|\n|win|Celine_Helios\n|l| fairlylame\n","uploadtime":1699750781,"views":6,"p1id":"celinehelios","p2id":"crookshanks4000","formatid":"gen9nationaldexubers","rating":0,"private":0,"password":""}