{"id":"gen9nationaldexubers-1997686138","p1":"longzaizi","p2":"Olie4","format":"[Gen 9] National Dex Ubers","log":"|j|\u2606longzaizi\n|j|\u2606Olie4\n|t:|1700841702\n|gametype|singles\n|player|p1|longzaizi|clair|1324\n|player|p2|Olie4|lady|1199\n|teamsize|p1|6\n|teamsize|p2|6\n|gen|9\n|tier|[Gen 9] National Dex Ubers\n|rated|\n|rule|HP Percentage Mod: HP is shown in percentages\n|rule|Endless Battle Clause: Forcing endless battles is banned\n|rule|OHKO Clause: OHKO moves are banned\n|rule|Evasion Moves Clause: Evasion moves are banned\n|rule|Evasion Items Clause: Evasion items are banned\n|rule|Species Clause: Limit one of each Pok\u00e9mon\n|rule|Sleep Clause Mod: Limit one foe put to sleep\n|rule|Mega Rayquaza Clause: You cannot mega evolve Rayquaza\n|clearpoke\n|poke|p1|Ursaluna-Bloodmoon, M|\n|poke|p1|Bewear, F|\n|poke|p1|Obstagoon, M|\n|poke|p1|Pangoro, F|\n|poke|p1|Beartic, F|\n|poke|p1|Urshifu-*, F|\n|poke|p2|Regieleki|\n|poke|p2|Togekiss, F|\n|poke|p2|Greninja-*, M|\n|poke|p2|Ferrothorn, M|\n|poke|p2|Urshifu-*, M|\n|poke|p2|Pawmot, F|\n|teampreview\n|\n|t:|1700841709\n|start\n|switch|p1a: Urshifu|Urshifu-Rapid-Strike, F|100\/100\n|switch|p2a: Ferrothorns|Ferrothorn, M|100\/100\n|turn|1\n|\n|t:|1700841724\n|move|p1a: Urshifu|U-turn|p2a: Ferrothorns\n|-damage|p2a: Ferrothorns|87\/100\n|-damage|p1a: Urshifu|88\/100|[from] ability: Iron Barbs|[of] p2a: Ferrothorns\n|\n|t:|1700841729\n|switch|p1a: Obstagoon|Obstagoon, M|100\/100|[from] U-turn\n|move|p2a: Ferrothorns|Stealth Rock|p1a: Obstagoon\n|-sidestart|p1: longzaizi|move: Stealth Rock\n|\n|-heal|p2a: Ferrothorns|93\/100|[from] item: Leftovers\n|-status|p1a: Obstagoon|brn|[from] item: Flame Orb\n|upkeep\n|turn|2\n|\n|t:|1700841735\n|move|p1a: Obstagoon|Bulk Up|p1a: Obstagoon\n|-boost|p1a: Obstagoon|atk|1\n|-boost|p1a: Obstagoon|def|1\n|move|p2a: Ferrothorns|Leech Seed|p1a: Obstagoon\n|-start|p1a: Obstagoon|move: Leech Seed\n|\n|-heal|p2a: Ferrothorns|99\/100|[from] item: Leftovers\n|-damage|p1a: Obstagoon|88\/100 brn|[from] Leech Seed|[of] p2a: Ferrothorns\n|-heal|p2a: Ferrothorns|100\/100|[silent]\n|-damage|p1a: Obstagoon|82\/100 brn|[from] brn\n|upkeep\n|turn|3\n|c|\u2606Olie4|bear is the word\n|\n|t:|1700841740\n|move|p1a: Obstagoon|Bulk Up|p1a: Obstagoon\n|-boost|p1a: Obstagoon|atk|1\n|-boost|p1a: Obstagoon|def|1\n|move|p2a: Ferrothorns|Power Whip|p1a: Obstagoon\n|-damage|p1a: Obstagoon|62\/100 brn\n|\n|-damage|p1a: Obstagoon|49\/100 brn|[from] Leech Seed|[of] p2a: Ferrothorns\n|-damage|p1a: Obstagoon|43\/100 brn|[from] brn\n|upkeep\n|turn|4\n|\n|t:|1700841748\n|move|p1a: Obstagoon|X-Scissor|p2a: Ferrothorns\n|-damage|p2a: Ferrothorns|60\/100\n|-damage|p1a: Obstagoon|31\/100 brn|[from] ability: Iron Barbs|[of] p2a: Ferrothorns\n|move|p2a: Ferrothorns|Power Whip|p1a: Obstagoon\n|-damage|p1a: Obstagoon|10\/100 brn\n|\n|-heal|p2a: Ferrothorns|67\/100|[from] item: Leftovers\n|-damage|p1a: Obstagoon|0 fnt|[from] Leech Seed|[of] p2a: Ferrothorns\n|-heal|p2a: Ferrothorns|75\/100|[silent]\n|faint|p1a: Obstagoon\n|upkeep\n|\n|t:|1700841752\n|switch|p1a: Ursaluna|Ursaluna-Bloodmoon, M|100\/100\n|-damage|p1a: Ursaluna|94\/100|[from] Stealth Rock\n|turn|5\n|\n|t:|1700841761\n|-terastallize|p1a: Ursaluna|Normal\n|move|p1a: Ursaluna|Blood Moon|p2a: Ferrothorns\n|-resisted|p2a: Ferrothorns\n|-damage|p2a: Ferrothorns|10\/100\n|move|p2a: Ferrothorns|Leech Seed|p1a: Ursaluna\n|-start|p1a: Ursaluna|move: Leech Seed\n|\n|-heal|p2a: Ferrothorns|16\/100|[from] item: Leftovers\n|-damage|p1a: Ursaluna|82\/100|[from] Leech Seed|[of] p2a: Ferrothorns\n|-heal|p2a: Ferrothorns|31\/100|[silent]\n|upkeep\n|turn|6\n|c|\u2606Olie4|HOLD FERRO HOLD\n|-message|longzaizi forfeited.\n|\n|win|Olie4\n|raw|longzaizi's rating: 1324 &rarr; <strong>1297<\/strong><br \/>(-27 for losing)\n|raw|Olie4's rating: 1199 &rarr; <strong>1233<\/strong><br \/>(+34 for winning)\n|l|\u2606longzaizi\n","uploadtime":1700841778,"views":2,"p1id":"longzaizi","p2id":"olie4","formatid":"gen9nationaldexubers","rating":1233,"private":0,"password":""}