{"id":"gen9nationaldexubers-1997879637","p1":"PaleSwordsman_666","p2":"Sereio","format":"[Gen 9] National Dex Ubers","log":"|j|\u2606PaleSwordsman_666\n|j|\u2606Sereio\n|t:|1700862945\n|gametype|singles\n|player|p1|PaleSwordsman_666|cynthia-gen4|\n|player|p2|Sereio|1|\n|teamsize|p1|6\n|teamsize|p2|6\n|gen|9\n|tier|[Gen 9] National Dex Ubers\n|rule|HP Percentage Mod: HP is shown in percentages\n|rule|Endless Battle Clause: Forcing endless battles is banned\n|rule|OHKO Clause: OHKO moves are banned\n|rule|Evasion Moves Clause: Evasion moves are banned\n|rule|Evasion Items Clause: Evasion items are banned\n|rule|Species Clause: Limit one of each Pok\u00e9mon\n|rule|Sleep Clause Mod: Limit one foe put to sleep\n|rule|Mega Rayquaza Clause: You cannot mega evolve Rayquaza\n|clearpoke\n|poke|p1|Zekrom|\n|poke|p1|Deoxys-Attack|\n|poke|p1|Darkrai|\n|poke|p1|Necrozma-Dusk-Mane|\n|poke|p1|Arceus-Water|\n|poke|p1|Steelix, M|\n|poke|p2|Wailord, M|\n|poke|p2|Pidgeot, F|\n|poke|p2|Armaldo, M|\n|poke|p2|Spiritomb, M|\n|poke|p2|Escavalier, F|\n|poke|p2|Mr. Rime, M|\n|teampreview\n|inactive|Battle timer is ON: inactive players will automatically lose when time's up. (requested by PaleSwordsman_666)\n|\n|t:|1700862966\n|start\n|switch|p1a: Pecial|Steelix, M|100\/100\n|switch|p2a: Spiritomb|Spiritomb, M|100\/100\n|turn|1\n|\n|t:|1700862973\n|detailschange|p1a: Pecial|Steelix-Mega, M\n|-mega|p1a: Pecial|Steelix|Steelixite\n|move|p2a: Spiritomb|Poltergeist|p1a: Pecial\n|-activate|p1a: Pecial|move: Poltergeist|Steelixite\n|-crit|p1a: Pecial\n|-damage|p1a: Pecial|74\/100\n|move|p1a: Pecial|Stealth Rock|p2a: Spiritomb\n|-sidestart|p2: Sereio|move: Stealth Rock\n|\n|upkeep\n|turn|2\n|inactive|Sereio has 270 seconds left.\n|\n|t:|1700863003\n|switch|p2a: Mr. Rime|Mr. Rime, M|100\/100\n|move|p1a: Pecial|Curse|p1a: Pecial\n|-unboost|p1a: Pecial|spe|1\n|-boost|p1a: Pecial|atk|1\n|-boost|p1a: Pecial|def|1\n|\n|upkeep\n|turn|3\n|\n|t:|1700863012\n|move|p2a: Mr. Rime|Rapid Spin|p1a: Pecial\n|-resisted|p1a: Pecial\n|-damage|p1a: Pecial|73\/100\n|-boost|p2a: Mr. Rime|spe|1\n|-sideend|p2: Sereio|Stealth Rock|[from] move: Rapid Spin|[of] p2a: Mr. Rime\n|move|p1a: Pecial|Gyro Ball|p2a: Mr. Rime\n|-supereffective|p2a: Mr. Rime\n|-damage|p2a: Mr. Rime|0 fnt\n|faint|p2a: Mr. Rime\n|\n|upkeep\n|\n|t:|1700863019\n|switch|p2a: Wailord|Wailord, M|100\/100\n|-ability|p2a: Wailord|Pressure\n|turn|4\n|\n|t:|1700863026\n|switch|p1a: Kevin Al-Hilal|Arceus-Water|100\/100\n|-terastallize|p2a: Wailord|Water\n|move|p2a: Wailord|Water Spout|p1a: Kevin Al-Hilal\n|-resisted|p1a: Kevin Al-Hilal\n|-damage|p1a: Kevin Al-Hilal|52\/100\n|\n|upkeep\n|turn|5\n|\n|t:|1700863050\n|switch|p2a: Escavalier|Escavalier, F|100\/100\n|move|p1a: Kevin Al-Hilal|Stealth Rock|p2a: Escavalier\n|-sidestart|p2: Sereio|move: Stealth Rock\n|\n|upkeep\n|turn|6\n|\n|t:|1700863056\n|move|p1a: Kevin Al-Hilal|Judgment|p2a: Escavalier\n|-damage|p2a: Escavalier|64\/100\n|move|p2a: Escavalier|Megahorn|p1a: Kevin Al-Hilal\n|-damage|p1a: Kevin Al-Hilal|0 fnt\n|faint|p1a: Kevin Al-Hilal\n|\n|upkeep\n|\n|t:|1700863068\n|switch|p1a: Pecial|Steelix-Mega, M|73\/100\n|turn|7\n|\n|t:|1700863073\n|move|p1a: Pecial|Earthquake|p2a: Escavalier\n|-damage|p2a: Escavalier|14\/100\n|move|p2a: Escavalier|Drill Run|p1a: Pecial|[miss]\n|-miss|p2a: Escavalier|p1a: Pecial\n|\n|upkeep\n|turn|8\n|\n|t:|1700863079\n|move|p1a: Pecial|Gyro Ball|p2a: Escavalier\n|-resisted|p2a: Escavalier\n|-damage|p2a: Escavalier|8\/100\n|move|p2a: Escavalier|Drill Run|p1a: Pecial\n|-supereffective|p1a: Pecial\n|-damage|p1a: Pecial|43\/100\n|\n|upkeep\n|turn|9\n|\n|t:|1700863083\n|move|p1a: Pecial|Earthquake|p2a: Escavalier\n|-damage|p2a: Escavalier|0 fnt\n|faint|p2a: Escavalier\n|\n|upkeep\n|\n|t:|1700863092\n|switch|p2a: Wailord|Wailord, M, tera:Water|100\/100\n|-damage|p2a: Wailord|88\/100|[from] Stealth Rock\n|-ability|p2a: Wailord|Pressure\n|turn|10\n|\n|t:|1700863103\n|move|p2a: Wailord|Ice Beam|p1a: Pecial\n|-crit|p1a: Pecial\n|-damage|p1a: Pecial|0 fnt\n|faint|p1a: Pecial\n|\n|upkeep\n|\n|t:|1700863106\n|switch|p1a: Filhodaput4|Deoxys-Attack|100\/100\n|-ability|p1a: Filhodaput4|Pressure\n|turn|11\n|\n|t:|1700863111\n|switch|p2a: Spiritomb|Spiritomb, M|100\/100\n|-damage|p2a: Spiritomb|88\/100|[from] Stealth Rock\n|move|p1a: Filhodaput4|Superpower|p2a: Spiritomb\n|-immune|p2a: Spiritomb\n|\n|-heal|p2a: Spiritomb|94\/100|[from] item: Leftovers\n|upkeep\n|turn|12\n|\n|t:|1700863123\n|switch|p1a: Pau Mush|Darkrai|100\/100\n|move|p2a: Spiritomb|Sucker Punch||[still]\n|-fail|p2a: Spiritomb\n|\n|-heal|p2a: Spiritomb|99\/100|[from] item: Leftovers\n|upkeep\n|turn|13\n|\n|t:|1700863129\n|move|p1a: Pau Mush|Hypnosis|p2a: Spiritomb\n|-status|p2a: Spiritomb|slp|[from] move: Hypnosis\n|cant|p2a: Spiritomb|slp\n|\n|-heal|p2a: Spiritomb|100\/100 slp|[from] item: Leftovers\n|-damage|p2a: Spiritomb|88\/100 slp|[from] ability: Bad Dreams|[of] p1a: Pau Mush\n|upkeep\n|turn|14\n|\n|t:|1700863137\n|-zpower|p1a: Pau Mush\n|move|p1a: Pau Mush|Black Hole Eclipse|p2a: Spiritomb|[zeffect]\n|-damage|p2a: Spiritomb|10\/100 slp\n|-curestatus|p2a: Spiritomb|slp|[msg]\n|move|p2a: Spiritomb|Trick Room|p2a: Spiritomb\n|-fieldstart|move: Trick Room|[of] p2a: Spiritomb\n|\n|-heal|p2a: Spiritomb|16\/100|[from] item: Leftovers\n|upkeep\n|turn|15\n|\n|t:|1700863153\n|move|p2a: Spiritomb|Memento|p1a: Pau Mush\n|-unboost|p1a: Pau Mush|atk|2\n|-unboost|p1a: Pau Mush|spa|2\n|faint|p2a: Spiritomb\n|move|p1a: Pau Mush|Dark Pulse|p2: Spiritomb|[notarget]\n|-fail|p1a: Pau Mush\n|\n|upkeep\n|\n|t:|1700863177\n|switch|p2a: Wailord|Wailord, M, tera:Water|88\/100\n|-damage|p2a: Wailord|75\/100|[from] Stealth Rock\n|-ability|p2a: Wailord|Pressure\n|turn|16\n|\n|t:|1700863189\n|move|p2a: Wailord|Water Spout|p1a: Pau Mush\n|-damage|p1a: Pau Mush|0 fnt\n|faint|p1a: Pau Mush\n|\n|upkeep\n|\n|t:|1700863194\n|switch|p1a: Filhodaput4|Deoxys-Attack|100\/100\n|-ability|p1a: Filhodaput4|Pressure\n|turn|17\n|\n|t:|1700863197\n|move|p2a: Wailord|Water Spout|p1a: Filhodaput4\n|-enditem|p1a: Filhodaput4|Focus Sash\n|-damage|p1a: Filhodaput4|1\/100\n|move|p1a: Filhodaput4|Superpower|p2a: Wailord\n|-damage|p2a: Wailord|24\/100\n|-unboost|p1a: Filhodaput4|atk|1\n|-unboost|p1a: Filhodaput4|def|1\n|\n|upkeep\n|turn|18\n|\n|t:|1700863208\n|switch|p1a: Zeca|Zekrom, shiny|100\/100\n|-ability|p1a: Zeca|Teravolt\n|move|p2a: Wailord|Water Spout|p1a: Zeca\n|-resisted|p1a: Zeca\n|-damage|p1a: Zeca|86\/100\n|\n|-fieldend|move: Trick Room\n|upkeep\n|turn|19\n|\n|t:|1700863218\n|move|p1a: Zeca|Bolt Strike|p2a: Wailord\n|-supereffective|p2a: Wailord\n|-damage|p2a: Wailord|0 fnt\n|faint|p2a: Wailord\n|\n|upkeep\n|\n|t:|1700863235\n|switch|p2a: Armaldo|Armaldo, M|100\/100\n|-damage|p2a: Armaldo|76\/100|[from] Stealth Rock\n|turn|20\n|\n|t:|1700863240\n|switch|p1a: Filhodaput4|Deoxys-Attack|1\/100\n|-ability|p1a: Filhodaput4|Pressure\n|move|p2a: Armaldo|Earthquake|p1a: Filhodaput4\n|-damage|p1a: Filhodaput4|0 fnt\n|faint|p1a: Filhodaput4\n|-damage|p2a: Armaldo|66\/100|[from] item: Life Orb\n|\n|upkeep\n|\n|t:|1700863250\n|switch|p1a: i|Necrozma-Dusk-Mane|100\/100\n|turn|21\n|\n|t:|1700863259\n|move|p1a: i|Autotomize|p1a: i\n|-boost|p1a: i|spe|2\n|-start|p1a: i|Autotomize\n|move|p2a: Armaldo|Knock Off|p1a: i\n|-supereffective|p1a: i\n|-damage|p1a: i|48\/100\n|-enditem|p1a: i|Weakness Policy\n|-boost|p1a: i|atk|2|[from] item: Weakness Policy\n|-boost|p1a: i|spa|2|[from] item: Weakness Policy\n|-damage|p2a: Armaldo|56\/100|[from] item: Life Orb\n|\n|upkeep\n|turn|22\n|\n|t:|1700863271\n|move|p1a: i|Sunsteel Strike|p2a: Armaldo\n|-supereffective|p2a: Armaldo\n|-damage|p2a: Armaldo|0 fnt\n|faint|p2a: Armaldo\n|\n|upkeep\n|\n|t:|1700863274\n|switch|p2a: Pidgeot|Pidgeot, F|100\/100\n|-damage|p2a: Pidgeot|75\/100|[from] Stealth Rock\n|turn|23\n|\n|t:|1700863280\n|detailschange|p2a: Pidgeot|Pidgeot-Mega, F\n|-mega|p2a: Pidgeot|Pidgeot|Pidgeotite\n|move|p1a: i|Sunsteel Strike|p2a: Pidgeot\n|-damage|p2a: Pidgeot|0 fnt\n|faint|p2a: Pidgeot\n|\n|win|PaleSwordsman_666\n|l|\u2606Sereio\n","uploadtime":1700863806,"views":2,"p1id":"paleswordsman666","p2id":"sereio","formatid":"gen9nationaldexubers","rating":0,"private":0,"password":""}