{"id":"gen9nationaldexubers-1978649411","p1":"hydreilover","p2":"700club","format":"[Gen 9] National Dex Ubers","log":"|j|\u2606hydreilover\n|j|\u2606700club\n|t:|1698574608\n|gametype|singles\n|player|p1|hydreilover|ghetsis-gen5bw|1083\n|player|p2|700club|shadowtriad|1226\n|teamsize|p1|6\n|teamsize|p2|6\n|gen|9\n|tier|[Gen 9] National Dex Ubers\n|rated|\n|rule|HP Percentage Mod: HP is shown in percentages\n|rule|Endless Battle Clause: Forcing endless battles is banned\n|rule|OHKO Clause: OHKO moves are banned\n|rule|Evasion Moves Clause: Evasion moves are banned\n|rule|Evasion Items Clause: Evasion items are banned\n|rule|Species Clause: Limit one of each Pok\u00e9mon\n|rule|Sleep Clause Mod: Limit one foe put to sleep\n|rule|Mega Rayquaza Clause: You cannot mega evolve Rayquaza\n|clearpoke\n|poke|p1|Darkrai|\n|poke|p1|Aegislash, F|\n|poke|p1|Alakazam, M|\n|poke|p1|Rhyperior, M|\n|poke|p1|Annihilape, F|\n|poke|p1|Caterpie, M|\n|poke|p2|Ogerpon-Hearthflame, F|\n|poke|p2|Ditto|\n|poke|p2|Deoxys-Speed|\n|poke|p2|Mewtwo|\n|poke|p2|Necrozma-Dusk-Mane|\n|poke|p2|Calyrex-Ice|\n|teampreview\n|inactive|Battle timer is ON: inactive players will automatically lose when time's up. (requested by hydreilover)\n|c|\u2606700club|hi\n|\n|t:|1698574615\n|start\n|switch|p1a: Annihilape|Annihilape, F|100\/100\n|switch|p2a: Deoxys|Deoxys-Speed|100\/100\n|-ability|p2a: Deoxys|Pressure\n|turn|1\n|\n|t:|1698574626\n|move|p2a: Deoxys|Reflect|p2a: Deoxys\n|-sidestart|p2: 700club|Reflect\n|move|p1a: Annihilape|Final Gambit|p2a: Deoxys\n|-enditem|p2a: Deoxys|Focus Sash\n|-damage|p2a: Deoxys|1\/100\n|faint|p1a: Annihilape\n|\n|upkeep\n|\n|t:|1698574634\n|switch|p1a: Aegislash|Aegislash, F, shiny|100\/100\n|turn|2\n|\n|t:|1698574650\n|move|p2a: Deoxys|Light Screen|p2a: Deoxys\n|-sidestart|p2: 700club|move: Light Screen\n|move|p1a: Aegislash|Swords Dance|p1a: Aegislash\n|-boost|p1a: Aegislash|atk|2\n|\n|upkeep\n|turn|3\n|c|\u2606hydreilover|halo\n|\n|t:|1698574656\n|move|p2a: Deoxys|Taunt|p1a: Aegislash\n|-start|p1a: Aegislash|move: Taunt\n|cant|p1a: Aegislash|move: Taunt|Swords Dance\n|\n|upkeep\n|turn|4\n|\n|t:|1698574664\n|-formechange|p1a: Aegislash|Aegislash-Blade||[from] ability: Stance Change\n|move|p1a: Aegislash|Shadow Sneak|p2a: Deoxys\n|-supereffective|p2a: Deoxys\n|-damage|p2a: Deoxys|0 fnt\n|faint|p2a: Deoxys\n|-damage|p1a: Aegislash|91\/100|[from] item: Life Orb\n|\n|upkeep\n|\n|t:|1698574684\n|switch|p2a: Ogerpon|Ogerpon-Hearthflame, F|100\/100\n|-ability|p2a: Ogerpon|Mold Breaker\n|turn|5\n|\n|t:|1698574698\n|move|p1a: Aegislash|Shadow Sneak|p2a: Ogerpon\n|-damage|p2a: Ogerpon|68\/100\n|-damage|p1a: Aegislash|81\/100|[from] item: Life Orb\n|move|p2a: Ogerpon|Substitute|p2a: Ogerpon\n|-start|p2a: Ogerpon|Substitute\n|-damage|p2a: Ogerpon|43\/100\n|\n|-end|p1a: Aegislash|move: Taunt\n|-sideend|p2: 700club|Reflect\n|upkeep\n|turn|6\n|\n|t:|1698574714\n|-terastallize|p2a: Ogerpon|Fire\n|detailschange|p2a: Ogerpon|Ogerpon-Hearthflame-Tera, F, tera:Fire\n|-ability|p2a: Ogerpon|Embody Aspect (Hearthflame)|boost\n|-boost|p2a: Ogerpon|atk|1\n|-formechange|p1a: Aegislash|Aegislash||[from] ability: Stance Change\n|move|p1a: Aegislash|King's Shield|p1a: Aegislash\n|-singleturn|p1a: Aegislash|Protect\n|move|p2a: Ogerpon|Ivy Cudgel|p1a: Aegislash\n|-activate|p1a: Aegislash|move: Protect\n|\n|-sideend|p2: 700club|move: Light Screen\n|upkeep\n|turn|7\n|\n|t:|1698574728\n|-formechange|p1a: Aegislash|Aegislash-Blade||[from] ability: Stance Change\n|move|p1a: Aegislash|Shadow Sneak|p2a: Ogerpon\n|-end|p2a: Ogerpon|Substitute\n|-damage|p1a: Aegislash|71\/100|[from] item: Life Orb\n|move|p2a: Ogerpon|Ivy Cudgel|p1a: Aegislash\n|-supereffective|p1a: Aegislash\n|-damage|p1a: Aegislash|0 fnt\n|faint|p1a: Aegislash\n|\n|upkeep\n|\n|t:|1698574748\n|switch|p1a: Darkrai|Darkrai, shiny|100\/100\n|turn|8\n|\n|t:|1698574756\n|move|p1a: Darkrai|Dark Pulse|p2a: Ogerpon\n|-damage|p2a: Ogerpon|0 fnt\n|faint|p2a: Ogerpon\n|\n|upkeep\n|inactive|700club has 120 seconds left.\n|\n|t:|1698574780\n|switch|p2a: Calyrex|Calyrex-Ice|100\/100\n|-ability|p2a: Calyrex|As One\n|-ability|p2a: Calyrex|Unnerve\n|turn|9\n|inactive|700club has 120 seconds left.\n|\n|t:|1698574793\n|move|p1a: Darkrai|Dark Pulse|p2a: Calyrex\n|-supereffective|p2a: Calyrex\n|-damage|p2a: Calyrex|0 fnt\n|faint|p2a: Calyrex\n|\n|upkeep\n|inactive|700club has 120 seconds left.\n|c|\u2606700club|true\n|c|\u2606700club|gg\n|\n|t:|1698574807\n|switch|p2a: Ditto|Ditto|100\/100\n|-transform|p2a: Ditto|p1a: Darkrai|[from] ability: Imposter\n|turn|10\n|inactive|700club has 120 seconds left.\n|\n|t:|1698574835\n|switch|p1a: Caterpie|Caterpie, M, shiny|100\/100\n|move|p2a: Ditto|Ice Beam|p1a: Caterpie\n|-enditem|p1a: Caterpie|Focus Sash\n|-damage|p1a: Caterpie|1\/100\n|\n|upkeep\n|turn|11\n|\n|t:|1698574843\n|move|p2a: Ditto|Ice Beam|p1a: Caterpie\n|-damage|p1a: Caterpie|0 fnt\n|faint|p1a: Caterpie\n|\n|upkeep\n|\n|t:|1698574853\n|switch|p1a: Rhyperior|Rhyperior, M, shiny|100\/100\n|turn|12\n|\n|t:|1698574859\n|move|p2a: Ditto|Ice Beam|p1a: Rhyperior\n|-supereffective|p1a: Rhyperior\n|-damage|p1a: Rhyperior|22\/100\n|move|p1a: Rhyperior|Metal Burst|p2a: Ditto\n|-damage|p2a: Ditto|0 fnt\n|faint|p2a: Ditto\n|\n|upkeep\n|inactive|700club has 120 seconds left.\n|\n|t:|1698574872\n|switch|p2a: Necrozma|Necrozma-Dusk-Mane|100\/100\n|turn|13\n|inactive|700club has 120 seconds left.\n|\n|t:|1698574880\n|detailschange|p2a: Necrozma|Necrozma-Ultra\n|-burst|p2a: Necrozma|Necrozma|Ultranecrozium Z\n|move|p2a: Necrozma|Dragon Dance|p2a: Necrozma\n|-boost|p2a: Necrozma|atk|1\n|-boost|p2a: Necrozma|spe|1\n|move|p1a: Rhyperior|Endeavor|p2a: Necrozma\n|-damage|p2a: Necrozma|28\/100\n|\n|upkeep\n|turn|14\n|inactive|700club has 120 seconds left.\n|\n|t:|1698574917\n|move|p2a: Necrozma|Photon Geyser|p1a: Rhyperior\n|-damage|p1a: Rhyperior|0 fnt\n|faint|p1a: Rhyperior\n|\n|upkeep\n|\n|t:|1698574926\n|switch|p1a: Darkrai|Darkrai, shiny|100\/100\n|turn|15\n|\n|t:|1698574944\n|move|p2a: Necrozma|Earthquake|p1a: Darkrai\n|-damage|p1a: Darkrai|12\/100\n|move|p1a: Darkrai|Dark Pulse|p2a: Necrozma\n|-supereffective|p2a: Necrozma\n|-damage|p2a: Necrozma|0 fnt\n|faint|p2a: Necrozma\n|\n|upkeep\n|inactive|700club has 90 seconds left.\n|\n|t:|1698574958\n|switch|p2a: Mewtwo|Mewtwo|100\/100\n|-ability|p2a: Mewtwo|Unnerve\n|turn|16\n|c|\u2606700club|wp\n|\n|t:|1698574972\n|detailschange|p2a: Mewtwo|Mewtwo-Mega-Y\n|-mega|p2a: Mewtwo|Mewtwo|Mewtwonite Y\n|move|p2a: Mewtwo|Ice Beam|p1a: Darkrai\n|-damage|p1a: Darkrai|0 fnt\n|faint|p1a: Darkrai\n|\n|upkeep\n|\n|t:|1698574979\n|switch|p1a: Alakazam|Alakazam, M|100\/100\n|turn|17\n|\n|t:|1698574986\n|detailschange|p1a: Alakazam|Alakazam-Mega, M\n|-mega|p1a: Alakazam|Alakazam|Alakazite\n|-ability|p1a: Alakazam|Insomnia|[from] ability: Trace|[of] p2a: Mewtwo\n|move|p1a: Alakazam|Shadow Ball|p2a: Mewtwo\n|-supereffective|p2a: Mewtwo\n|-damage|p2a: Mewtwo|40\/100\n|move|p2a: Mewtwo|Ice Beam|p1a: Alakazam\n|-damage|p1a: Alakazam|50\/100\n|-status|p1a: Alakazam|frz\n|\n|upkeep\n|turn|18\n|\n|t:|1698574998\n|-curestatus|p1a: Alakazam|frz|[msg]\n|move|p1a: Alakazam|Shadow Ball|p2a: Mewtwo\n|-supereffective|p2a: Mewtwo\n|-damage|p2a: Mewtwo|0 fnt\n|faint|p2a: Mewtwo\n|\n|win|hydreilover\n|raw|hydreilover's rating: 1083 &rarr; <strong>1121<\/strong><br \/>(+38 for winning)\n|raw|700club's rating: 1226 &rarr; <strong>1191<\/strong><br \/>(-35 for losing)\n","uploadtime":1698575006,"views":16,"p1id":"hydreilover","p2id":"700club","formatid":"gen9nationaldexubers","rating":1121,"private":0,"password":""}