{"id":"gen9nationaldexubers-1983623804","p1":"anderproyt","p2":"alcatel999","format":"[Gen 9] National Dex Ubers","log":"|j|\u2606anderproyt\n|j|\u2606alcatel999\n|t:|1699150727\n|gametype|singles\n|player|p1|anderproyt|giovanni|\n|player|p2|alcatel999|rocketgrunt|\n|teamsize|p1|6\n|teamsize|p2|6\n|gen|9\n|tier|[Gen 9] National Dex Ubers\n|rule|HP Percentage Mod: HP is shown in percentages\n|rule|Endless Battle Clause: Forcing endless battles is banned\n|rule|OHKO Clause: OHKO moves are banned\n|rule|Evasion Moves Clause: Evasion moves are banned\n|rule|Evasion Items Clause: Evasion items are banned\n|rule|Species Clause: Limit one of each Pok\u00e9mon\n|rule|Sleep Clause Mod: Limit one foe put to sleep\n|rule|Mega Rayquaza Clause: You cannot mega evolve Rayquaza\n|clearpoke\n|poke|p1|Garganacl, M|\n|poke|p1|Charizard, M|\n|poke|p1|Galvantula, M|\n|poke|p1|Gholdengo|\n|poke|p1|Volcarona, F|\n|poke|p1|Urshifu-*, F|\n|poke|p2|Sharpedo, F|\n|poke|p2|Pawmot, M|\n|poke|p2|Annihilape, F|\n|poke|p2|Alakazam, M|\n|poke|p2|Chien-Pao|\n|poke|p2|Calyrex-Ice|\n|teampreview\n|\n|t:|1699150743\n|start\n|switch|p1a: Galvantula|Galvantula, M|100\/100\n|switch|p2a: PedoRapido|Sharpedo, F|100\/100\n|turn|1\n|\n|t:|1699150753\n|move|p2a: PedoRapido|Protect|p2a: PedoRapido\n|-singleturn|p2a: PedoRapido|Protect\n|move|p1a: Galvantula|Thunder Wave|p2a: PedoRapido\n|-activate|p2a: PedoRapido|move: Protect\n|\n|-ability|p2a: PedoRapido|Speed Boost|boost\n|-boost|p2a: PedoRapido|spe|1\n|upkeep\n|turn|2\n|c|\u2606alcatel999|Chistosito ea\n|\n|t:|1699150766\n|detailschange|p2a: PedoRapido|Sharpedo-Mega, F\n|-mega|p2a: PedoRapido|Sharpedo|Sharpedonite\n|move|p2a: PedoRapido|Crunch|p1a: Galvantula\n|-enditem|p1a: Galvantula|Focus Sash\n|-damage|p1a: Galvantula|1\/100\n|move|p1a: Galvantula|Sticky Web|p2a: PedoRapido\n|-sidestart|p2: alcatel999|move: Sticky Web\n|\n|upkeep\n|turn|3\n|\n|t:|1699150779\n|move|p2a: PedoRapido|Crunch|p1a: Galvantula\n|-damage|p1a: Galvantula|0 fnt\n|faint|p1a: Galvantula\n|\n|upkeep\n|\n|t:|1699150793\n|switch|p1a: Urshifu|Urshifu-Rapid-Strike, F|100\/100\n|turn|4\n|\n|t:|1699150805\n|move|p2a: PedoRapido|Poison Fang|p1a: Urshifu\n|-damage|p1a: Urshifu|75\/100\n|move|p1a: Urshifu|Bulk Up|p1a: Urshifu\n|-boost|p1a: Urshifu|atk|1\n|-boost|p1a: Urshifu|def|1\n|\n|-heal|p1a: Urshifu|81\/100|[from] item: Leftovers\n|upkeep\n|turn|5\n|\n|t:|1699150816\n|move|p2a: PedoRapido|Crunch|p1a: Urshifu\n|-resisted|p1a: Urshifu\n|-damage|p1a: Urshifu|60\/100\n|move|p1a: Urshifu|Close Combat|p2a: PedoRapido\n|-supereffective|p2a: PedoRapido\n|-damage|p2a: PedoRapido|0 fnt\n|-unboost|p1a: Urshifu|def|1\n|-unboost|p1a: Urshifu|spd|1\n|faint|p2a: PedoRapido\n|\n|-heal|p1a: Urshifu|66\/100|[from] item: Leftovers\n|upkeep\n|\n|t:|1699150824\n|switch|p2a: Pawmot|Pawmot, M|100\/100\n|-activate|p2a: Pawmot|move: Sticky Web\n|-unboost|p2a: Pawmot|spe|1\n|turn|6\n|\n|t:|1699150833\n|move|p2a: Pawmot|Revival Blessing|p2a: Pawmot\n|\n|t:|1699150838\n|-heal|p2: PedoRapido|50\/100|[from] move: Revival Blessing\n|move|p1a: Urshifu|Surging Strikes|p2a: Pawmot\n|-crit|p2a: Pawmot\n|-damage|p2a: Pawmot|67\/100\n|-crit|p2a: Pawmot\n|-damage|p2a: Pawmot|29\/100\n|-crit|p2a: Pawmot\n|-damage|p2a: Pawmot|0 fnt\n|faint|p2a: Pawmot\n|-hitcount|p2: Pawmot|3\n|\n|-heal|p1a: Urshifu|73\/100|[from] item: Leftovers\n|upkeep\n|\n|t:|1699150844\n|switch|p2a: PedoRapido|Sharpedo-Mega, F|50\/100\n|-activate|p2a: PedoRapido|move: Sticky Web\n|-unboost|p2a: PedoRapido|spe|1\n|turn|7\n|\n|t:|1699150856\n|move|p2a: PedoRapido|Protect|p2a: PedoRapido\n|-singleturn|p2a: PedoRapido|Protect\n|move|p1a: Urshifu|Bulk Up|p1a: Urshifu\n|-boost|p1a: Urshifu|atk|1\n|-boost|p1a: Urshifu|def|1\n|\n|-heal|p1a: Urshifu|79\/100|[from] item: Leftovers\n|upkeep\n|turn|8\n|\n|t:|1699150873\n|move|p1a: Urshifu|Surging Strikes|p2a: PedoRapido\n|-resisted|p2a: PedoRapido\n|-crit|p2a: PedoRapido\n|-damage|p2a: PedoRapido|25\/100\n|-resisted|p2a: PedoRapido\n|-crit|p2a: PedoRapido\n|-damage|p2a: PedoRapido|3\/100\n|-resisted|p2a: PedoRapido\n|-crit|p2a: PedoRapido\n|-damage|p2a: PedoRapido|0 fnt\n|faint|p2a: PedoRapido\n|-hitcount|p2: PedoRapido|3\n|\n|-heal|p1a: Urshifu|85\/100|[from] item: Leftovers\n|upkeep\n|-message|alcatel999 forfeited.\n|\n|win|anderproyt\n|l|\u2606alcatel999\n","uploadtime":1699150897,"views":9,"p1id":"anderproyt","p2id":"alcatel999","formatid":"gen9nationaldexubers","rating":0,"private":0,"password":""}