{"id":"gen9nationaldexubers-1982003479","p1":"WesHC","p2":"ronyeatsrice","format":"[Gen 9] National Dex Ubers","log":"|j|\u2606WesHC\n|j|\u2606ronyeatsrice\n|t:|1698958752\n|gametype|singles\n|player|p1|WesHC|steven|1267\n|player|p2|ronyeatsrice|265|1231\n|teamsize|p1|6\n|teamsize|p2|6\n|gen|9\n|tier|[Gen 9] National Dex Ubers\n|rated|\n|rule|HP Percentage Mod: HP is shown in percentages\n|rule|Endless Battle Clause: Forcing endless battles is banned\n|rule|OHKO Clause: OHKO moves are banned\n|rule|Evasion Moves Clause: Evasion moves are banned\n|rule|Evasion Items Clause: Evasion items are banned\n|rule|Species Clause: Limit one of each Pok\u00e9mon\n|rule|Sleep Clause Mod: Limit one foe put to sleep\n|rule|Mega Rayquaza Clause: You cannot mega evolve Rayquaza\n|clearpoke\n|poke|p1|Stakataka|\n|poke|p1|Mawile, F|\n|poke|p1|Forretress, M|\n|poke|p1|Kingambit, M|\n|poke|p1|Goodra-Hisui, M|\n|poke|p1|Magearna|\n|poke|p2|Zeraora|\n|poke|p2|Medicham, F|\n|poke|p2|Basculegion, M|\n|poke|p2|Greninja-*, M|\n|poke|p2|Ceruledge, M|\n|poke|p2|Garganacl, F|\n|teampreview\n|inactive|Battle timer is ON: inactive players will automatically lose when time's up. (requested by WesHC)\n|\n|t:|1698958758\n|start\n|switch|p1a: Golden Forretress|Forretress, M, shiny|100\/100\n|switch|p2a: Ceruledge|Ceruledge, M|100\/100\n|turn|1\n|\n|t:|1698958766\n|move|p2a: Ceruledge|Swords Dance|p2a: Ceruledge\n|-boost|p2a: Ceruledge|atk|2\n|move|p1a: Golden Forretress|Stealth Rock|p2a: Ceruledge\n|-sidestart|p2: ronyeatsrice|move: Stealth Rock\n|\n|upkeep\n|turn|2\n|\n|t:|1698958773\n|move|p2a: Ceruledge|Swords Dance|p2a: Ceruledge\n|-boost|p2a: Ceruledge|atk|2\n|move|p1a: Golden Forretress|Lunge|p2a: Ceruledge\n|-resisted|p2a: Ceruledge\n|-damage|p2a: Ceruledge|92\/100\n|-unboost|p2a: Ceruledge|atk|1\n|-ability|p2a: Ceruledge|Weak Armor|boost\n|-unboost|p2a: Ceruledge|def|1\n|-boost|p2a: Ceruledge|spe|2\n|\n|upkeep\n|turn|3\n|\n|t:|1698958779\n|move|p2a: Ceruledge|Bitter Blade|p1a: Golden Forretress\n|-supereffective|p1a: Golden Forretress\n|-ability|p1a: Golden Forretress|Sturdy\n|-damage|p1a: Golden Forretress|1\/100\n|-heal|p2a: Ceruledge|100\/100|[from] drain|[of] p1a: Golden Forretress\n|-damage|p2a: Ceruledge|84\/100|[from] item: Rocky Helmet|[of] p1a: Golden Forretress\n|move|p1a: Golden Forretress|Lunge|p2a: Ceruledge\n|-resisted|p2a: Ceruledge\n|-damage|p2a: Ceruledge|72\/100\n|-unboost|p2a: Ceruledge|atk|1\n|-ability|p2a: Ceruledge|Weak Armor|boost\n|-unboost|p2a: Ceruledge|def|1\n|-boost|p2a: Ceruledge|spe|2\n|\n|upkeep\n|turn|4\n|\n|t:|1698958785\n|move|p2a: Ceruledge|Bitter Blade|p1a: Golden Forretress\n|-supereffective|p1a: Golden Forretress\n|-damage|p1a: Golden Forretress|0 fnt\n|-heal|p2a: Ceruledge|72\/100|[from] drain|[of] p1a: Golden Forretress\n|-damage|p2a: Ceruledge|55\/100|[from] item: Rocky Helmet|[of] p1a: Golden Forretress\n|faint|p1a: Golden Forretress\n|\n|upkeep\n|\n|t:|1698958791\n|switch|p1a: Kingambit|Kingambit, M|100\/100\n|turn|5\n|\n|t:|1698958795\n|move|p1a: Kingambit|Sucker Punch||[still]\n|-fail|p1a: Kingambit\n|move|p2a: Ceruledge|Swords Dance|p2a: Ceruledge\n|-boost|p2a: Ceruledge|atk|2\n|\n|upkeep\n|turn|6\n|\n|t:|1698958800\n|move|p2a: Ceruledge|Swords Dance|p2a: Ceruledge\n|-boost|p2a: Ceruledge|atk|2\n|move|p1a: Kingambit|Swords Dance|p1a: Kingambit\n|-boost|p1a: Kingambit|atk|2\n|\n|upkeep\n|turn|7\n|\n|t:|1698958805\n|move|p2a: Ceruledge|Shadow Sneak|p1a: Kingambit\n|-resisted|p1a: Kingambit\n|-damage|p1a: Kingambit|71\/100\n|move|p1a: Kingambit|Sucker Punch||[still]\n|-fail|p1a: Kingambit\n|\n|upkeep\n|turn|8\n|\n|t:|1698958810\n|move|p1a: Kingambit|Sucker Punch|p2a: Ceruledge\n|-supereffective|p2a: Ceruledge\n|-damage|p2a: Ceruledge|0 fnt\n|faint|p2a: Ceruledge\n|\n|upkeep\n|\n|t:|1698958815\n|switch|p2a: Garganacl|Garganacl, F|100\/100\n|-damage|p2a: Garganacl|88\/100|[from] Stealth Rock\n|turn|9\n|\n|t:|1698958817\n|move|p1a: Kingambit|Iron Head|p2a: Garganacl\n|-supereffective|p2a: Garganacl\n|-damage|p2a: Garganacl|0 fnt\n|faint|p2a: Garganacl\n|\n|upkeep\n|\n|t:|1698958830\n|switch|p2a: Zeraora|Zeraora|100\/100\n|-damage|p2a: Zeraora|88\/100|[from] Stealth Rock\n|turn|10\n|\n|t:|1698958833\n|move|p1a: Kingambit|Sucker Punch|p2a: Zeraora\n|-damage|p2a: Zeraora|0 fnt\n|faint|p2a: Zeraora\n|\n|upkeep\n|\n|t:|1698958839\n|switch|p2a: Medicham|Medicham, F|100\/100\n|-damage|p2a: Medicham|94\/100|[from] Stealth Rock\n|turn|11\n|\n|t:|1698958842\n|detailschange|p2a: Medicham|Medicham-Mega, F\n|-mega|p2a: Medicham|Medicham|Medichamite\n|move|p2a: Medicham|High Jump Kick|p1a: Kingambit\n|-supereffective|p1a: Kingambit\n|-damage|p1a: Kingambit|0 fnt\n|faint|p1a: Kingambit\n|\n|upkeep\n|\n|t:|1698958848\n|switch|p1a: Magearna|Magearna|100\/100\n|turn|12\n|\n|t:|1698958852\n|move|p2a: Medicham|Fire Punch|p1a: Magearna\n|-supereffective|p1a: Magearna\n|-damage|p1a: Magearna|26\/100\n|-enditem|p1a: Magearna|Red Card|[of] p2a: Medicham\n|drag|p2a: Basculegion|Basculegion, M|100\/100\n|-damage|p2a: Basculegion|88\/100|[from] Stealth Rock\n|move|p1a: Magearna|Trick Room|p1a: Magearna\n|-fieldstart|move: Trick Room|[of] p1a: Magearna\n|\n|upkeep\n|turn|13\n|\n|t:|1698958863\n|switch|p2a: Greninja|Greninja, M|100\/100\n|-damage|p2a: Greninja|88\/100|[from] Stealth Rock\n|move|p1a: Magearna|Thunderbolt|p2a: Greninja\n|-supereffective|p2a: Greninja\n|-damage|p2a: Greninja|0 fnt\n|faint|p2a: Greninja\n|-ability|p1a: Magearna|Soul-Heart|boost\n|-boost|p1a: Magearna|spa|1\n|\n|upkeep\n|\n|t:|1698958870\n|switch|p2a: Medicham|Medicham-Mega, F|94\/100\n|-damage|p2a: Medicham|88\/100|[from] Stealth Rock\n|turn|14\n|\n|t:|1698958873\n|-terastallize|p1a: Magearna|Electric\n|move|p1a: Magearna|Thunderbolt|p2a: Medicham\n|-damage|p2a: Medicham|0 fnt\n|faint|p2a: Medicham\n|-ability|p1a: Magearna|Soul-Heart|boost\n|-boost|p1a: Magearna|spa|1\n|\n|upkeep\n|\n|t:|1698958877\n|switch|p2a: Basculegion|Basculegion, M|88\/100\n|-damage|p2a: Basculegion|76\/100|[from] Stealth Rock\n|turn|15\n|\n|t:|1698958883\n|-terastallize|p2a: Basculegion|Normal\n|move|p1a: Magearna|Thunderbolt|p2a: Basculegion\n|-damage|p2a: Basculegion|0 fnt\n|faint|p2a: Basculegion\n|\n|win|WesHC\n|raw|WesHC's rating: 1267 &rarr; <strong>1289<\/strong><br \/>(+22 for winning)\n|raw|ronyeatsrice's rating: 1231 &rarr; <strong>1209<\/strong><br \/>(-22 for losing)\n|l|\u2606WesHC\n","uploadtime":1698958888,"views":5,"p1id":"weshc","p2id":"ronyeatsrice","formatid":"gen9nationaldexubers","rating":1209,"private":0,"password":""}