{"id":"gen9nationaldexubers-1984795749","p1":"Drkgon","p2":"AerixThorn","format":"[Gen 9] National Dex Ubers","log":"|j|\u2606Drkgon\n|j|\u2606AerixThorn\n|t:|1699299663\n|gametype|singles\n|player|p1|Drkgon|101|1024\n|player|p2|AerixThorn|pryce|1083\n|teamsize|p1|6\n|teamsize|p2|6\n|gen|9\n|tier|[Gen 9] National Dex Ubers\n|rated|\n|rule|HP Percentage Mod: HP is shown in percentages\n|rule|Endless Battle Clause: Forcing endless battles is banned\n|rule|OHKO Clause: OHKO moves are banned\n|rule|Evasion Moves Clause: Evasion moves are banned\n|rule|Evasion Items Clause: Evasion items are banned\n|rule|Species Clause: Limit one of each Pok\u00e9mon\n|rule|Sleep Clause Mod: Limit one foe put to sleep\n|rule|Mega Rayquaza Clause: You cannot mega evolve Rayquaza\n|clearpoke\n|poke|p1|Lunala|\n|poke|p1|Ferrothorn, M|\n|poke|p1|Tapu Koko|\n|poke|p1|Blastoise, F|\n|poke|p1|Corviknight, F|\n|poke|p1|Diancie|\n|poke|p2|Munkidori, M|\n|poke|p2|Infernape, F|\n|poke|p2|Annihilape, F|\n|poke|p2|Darmanitan-Galar, M|\n|poke|p2|Zarude|\n|poke|p2|Ambipom, F|\n|teampreview\n|inactive|Battle timer is ON: inactive players will automatically lose when time's up. (requested by AerixThorn)\n|\n|t:|1699299666\n|start\n|switch|p1a: Ferrothorn|Ferrothorn, M|100\/100\n|switch|p2a: M O N K E|Ambipom, F|100\/100\n|turn|1\n|\n|t:|1699299675\n|move|p2a: M O N K E|Knock Off|p1a: Ferrothorn\n|-damage|p1a: Ferrothorn|85\/100\n|-damage|p2a: M O N K E|88\/100|[from] ability: Iron Barbs|[of] p1a: Ferrothorn\n|-enditem|p1a: Ferrothorn|Leftovers|[from] move: Knock Off|[of] p2a: M O N K E\n|move|p1a: Ferrothorn|Substitute|p1a: Ferrothorn\n|-start|p1a: Ferrothorn|Substitute\n|-damage|p1a: Ferrothorn|60\/100\n|\n|upkeep\n|turn|2\n|\n|t:|1699299683\n|move|p2a: M O N K E|Power-Up Punch|p1a: Ferrothorn\n|-supereffective|p1a: Ferrothorn\n|-activate|p1a: Ferrothorn|move: Substitute|[damage]\n|-boost|p2a: M O N K E|atk|1\n|move|p1a: Ferrothorn|Stealth Rock|p2a: M O N K E\n|-sidestart|p2: AerixThorn|move: Stealth Rock\n|\n|upkeep\n|turn|3\n|\n|t:|1699299690\n|move|p2a: M O N K E|Power-Up Punch|p1a: Ferrothorn\n|-supereffective|p1a: Ferrothorn\n|-end|p1a: Ferrothorn|Substitute\n|-boost|p2a: M O N K E|atk|1\n|move|p1a: Ferrothorn|Spikes|p2a: M O N K E\n|-sidestart|p2: AerixThorn|Spikes\n|\n|upkeep\n|turn|4\n|\n|t:|1699299701\n|move|p2a: M O N K E|Power-Up Punch|p1a: Ferrothorn\n|-supereffective|p1a: Ferrothorn\n|-damage|p1a: Ferrothorn|16\/100\n|-boost|p2a: M O N K E|atk|1\n|-damage|p2a: M O N K E|76\/100|[from] ability: Iron Barbs|[of] p1a: Ferrothorn\n|move|p1a: Ferrothorn|Spikes|p2a: M O N K E\n|-sidestart|p2: AerixThorn|Spikes\n|\n|upkeep\n|turn|5\n|\n|t:|1699299714\n|switch|p1a: Lunala|Lunala|100\/100\n|move|p2a: M O N K E|Trailblaze|p1a: Lunala\n|-damage|p1a: Lunala|79\/100\n|-boost|p2a: M O N K E|spe|1\n|\n|upkeep\n|turn|6\n|\n|t:|1699299723\n|move|p2a: M O N K E|Aerial Ace|p1a: Lunala\n|-damage|p1a: Lunala|26\/100\n|move|p1a: Lunala|Light Screen|p1a: Lunala\n|-sidestart|p1: Drkgon|move: Light Screen\n|\n|upkeep\n|turn|7\n|\n|t:|1699299733\n|switch|p1a: Blastoise|Blastoise, F|100\/100\n|move|p2a: M O N K E|Aerial Ace|p1a: Blastoise\n|-crit|p1a: Blastoise\n|-damage|p1a: Blastoise|17\/100\n|\n|upkeep\n|turn|8\n|\n|t:|1699299740\n|move|p1a: Blastoise|Protect|p1a: Blastoise\n|-singleturn|p1a: Blastoise|Protect\n|move|p2a: M O N K E|Trailblaze|p1a: Blastoise\n|-activate|p1a: Blastoise|move: Protect\n|\n|upkeep\n|turn|9\n|\n|t:|1699299750\n|switch|p1a: Ferrothorn|Ferrothorn, M|16\/100\n|move|p2a: M O N K E|Trailblaze|p1a: Ferrothorn\n|-resisted|p1a: Ferrothorn\n|-damage|p1a: Ferrothorn|8\/100\n|-boost|p2a: M O N K E|spe|1\n|-damage|p2a: M O N K E|63\/100|[from] ability: Iron Barbs|[of] p1a: Ferrothorn\n|\n|upkeep\n|turn|10\n|\n|t:|1699299759\n|move|p2a: M O N K E|Power-Up Punch|p1a: Ferrothorn\n|-supereffective|p1a: Ferrothorn\n|-damage|p1a: Ferrothorn|0 fnt\n|-boost|p2a: M O N K E|atk|1\n|-damage|p2a: M O N K E|51\/100|[from] ability: Iron Barbs|[of] p1a: Ferrothorn\n|faint|p1a: Ferrothorn\n|\n|-sideend|p1: Drkgon|move: Light Screen\n|upkeep\n|\n|t:|1699299767\n|switch|p1a: Corviknight|Corviknight, F|100\/100\n|-ability|p1a: Corviknight|Unnerve\n|turn|11\n|\n|t:|1699299774\n|move|p2a: M O N K E|Knock Off|p1a: Corviknight\n|-damage|p1a: Corviknight|26\/100\n|-enditem|p1a: Corviknight|Occa Berry|[from] move: Knock Off|[of] p2a: M O N K E\n|move|p1a: Corviknight|Nasty Plot|p1a: Corviknight\n|-boost|p1a: Corviknight|spa|2\n|\n|upkeep\n|turn|12\n|\n|t:|1699299781\n|move|p2a: M O N K E|Power-Up Punch|p1a: Corviknight\n|-damage|p1a: Corviknight|0 fnt\n|-boost|p2a: M O N K E|atk|1\n|faint|p1a: Corviknight\n|\n|upkeep\n|\n|t:|1699299789\n|switch|p1a: Tapu Koko|Tapu Koko|100\/100\n|-fieldstart|move: Electric Terrain|[from] ability: Electric Surge|[of] p1a: Tapu Koko\n|turn|13\n|\n|t:|1699299797\n|move|p2a: M O N K E|Trailblaze|p1a: Tapu Koko\n|-damage|p1a: Tapu Koko|0 fnt\n|-boost|p2a: M O N K E|spe|1\n|faint|p1a: Tapu Koko\n|\n|upkeep\n|\n|t:|1699299803\n|switch|p1a: Blastoise|Blastoise, F|17\/100\n|turn|14\n|\n|t:|1699299806\n|move|p2a: M O N K E|Trailblaze|p1a: Blastoise\n|-supereffective|p1a: Blastoise\n|-damage|p1a: Blastoise|0 fnt\n|-boost|p2a: M O N K E|spe|1\n|faint|p1a: Blastoise\n|\n|upkeep\n|\n|t:|1699299811\n|switch|p1a: Lunala|Lunala|26\/100\n|turn|15\n|\n|t:|1699299815\n|move|p2a: M O N K E|Knock Off|p1a: Lunala\n|-supereffective|p1a: Lunala\n|-damage|p1a: Lunala|0 fnt\n|faint|p1a: Lunala\n|\n|upkeep\n|\n|t:|1699299818\n|switch|p1a: Diancie|Diancie|100\/100\n|turn|16\n|\n|t:|1699299823\n|detailschange|p1a: Diancie|Diancie-Mega\n|-mega|p1a: Diancie|Diancie|Diancite\n|move|p2a: M O N K E|Trailblaze|p1a: Diancie\n|-supereffective|p1a: Diancie\n|-damage|p1a: Diancie|0 fnt\n|-boost|p2a: M O N K E|spe|1\n|faint|p1a: Diancie\n|\n|win|AerixThorn\n|raw|Drkgon's rating: 1024 &rarr; <strong>1013<\/strong><br \/>(-11 for losing)\n|raw|AerixThorn's rating: 1083 &rarr; <strong>1106<\/strong><br \/>(+23 for winning)\n|l|\u2606Drkgon\n","uploadtime":1699299840,"views":17,"p1id":"drkgon","p2id":"aerixthorn","formatid":"gen9nationaldexubers","rating":1013,"private":0,"password":""}