{"id":"gen9nationaldexubers-1993232625","p1":"SylveonFeet","p2":"shintales","format":"[Gen 9] National Dex Ubers","log":"|j|\u2606SylveonFeet\n|j|\u2606shintales\n|t:|1700281596\n|gametype|singles\n|player|p1|SylveonFeet|lass-gen4dp|1104\n|player|p2|shintales|169|1156\n|teamsize|p1|6\n|teamsize|p2|6\n|gen|9\n|tier|[Gen 9] National Dex Ubers\n|rated|\n|rule|HP Percentage Mod: HP is shown in percentages\n|rule|Endless Battle Clause: Forcing endless battles is banned\n|rule|OHKO Clause: OHKO moves are banned\n|rule|Evasion Moves Clause: Evasion moves are banned\n|rule|Evasion Items Clause: Evasion items are banned\n|rule|Species Clause: Limit one of each Pok\u00e9mon\n|rule|Sleep Clause Mod: Limit one foe put to sleep\n|rule|Mega Rayquaza Clause: You cannot mega evolve Rayquaza\n|clearpoke\n|poke|p1|Arceus|\n|poke|p1|Rayquaza|\n|poke|p1|Pheromosa|\n|poke|p1|Tapu Lele|\n|poke|p1|Deoxys-Attack|\n|poke|p1|Mewtwo|\n|poke|p2|Lugia|\n|poke|p2|Ho-Oh|\n|poke|p2|Raikou|\n|poke|p2|Suicune|\n|poke|p2|Entei|\n|poke|p2|Celebi|\n|teampreview\n|\n|t:|1700281618\n|start\n|switch|p1a: Pheromosa|Pheromosa|100\/100\n|switch|p2a: Lugia|Lugia|100\/100\n|turn|1\n|\n|t:|1700281627\n|move|p1a: Pheromosa|U-turn|p2a: Lugia\n|-damage|p2a: Lugia|87\/100\n|-damage|p1a: Pheromosa|91\/100|[from] item: Life Orb\n|\n|t:|1700281642\n|switch|p1a: Tapu Lele|Tapu Lele|100\/100|[from] U-turn\n|-fieldstart|move: Psychic Terrain|[from] ability: Psychic Surge|[of] p1a: Tapu Lele\n|move|p2a: Lugia|Aeroblast|p1a: Tapu Lele\n|-damage|p1a: Tapu Lele|65\/100\n|\n|upkeep\n|turn|2\n|\n|t:|1700281654\n|move|p1a: Tapu Lele|Thunderbolt|p2a: Lugia\n|-supereffective|p2a: Lugia\n|-damage|p2a: Lugia|52\/100\n|move|p2a: Lugia|Aeroblast|p1a: Tapu Lele\n|-damage|p1a: Tapu Lele|30\/100\n|\n|upkeep\n|turn|3\n|\n|t:|1700281663\n|switch|p1a: Mewtwo|Mewtwo|100\/100\n|-ability|p1a: Mewtwo|Unnerve\n|move|p2a: Lugia|Roost|p2a: Lugia\n|-heal|p2a: Lugia|100\/100\n|-singleturn|p2a: Lugia|move: Roost\n|\n|upkeep\n|turn|4\n|\n|t:|1700281674\n|detailschange|p1a: Mewtwo|Mewtwo-Mega-X\n|-mega|p1a: Mewtwo|Mewtwo|Mewtwonite X\n|move|p1a: Mewtwo|Psycho Cut|p2a: Lugia\n|-resisted|p2a: Lugia\n|-damage|p2a: Lugia|92\/100\n|move|p2a: Lugia|Toxic|p1a: Mewtwo\n|-status|p1a: Mewtwo|tox\n|\n|-damage|p1a: Mewtwo|94\/100 tox|[from] psn\n|upkeep\n|turn|5\n|\n|t:|1700281683\n|move|p1a: Mewtwo|Stone Edge|p2a: Lugia|[miss]\n|-miss|p1a: Mewtwo|p2a: Lugia\n|move|p2a: Lugia|Aeroblast|p1a: Mewtwo\n|-supereffective|p1a: Mewtwo\n|-crit|p1a: Mewtwo\n|-damage|p1a: Mewtwo|2\/100 tox\n|\n|-damage|p1a: Mewtwo|0 fnt|[from] psn\n|faint|p1a: Mewtwo\n|upkeep\n|\n|t:|1700281691\n|switch|p1a: Deoxys|Deoxys-Attack|100\/100\n|-ability|p1a: Deoxys|Pressure\n|turn|6\n|\n|t:|1700281698\n|move|p1a: Deoxys|Ice Beam|p2a: Lugia\n|-supereffective|p2a: Lugia\n|-damage|p2a: Lugia|24\/100\n|move|p2a: Lugia|Toxic|p1a: Deoxys\n|-status|p1a: Deoxys|tox\n|\n|-damage|p1a: Deoxys|94\/100 tox|[from] psn\n|upkeep\n|turn|7\n|inactive|Battle timer is ON: inactive players will automatically lose when time's up. (requested by SylveonFeet)\n|\n|t:|1700281726\n|-terastallize|p2a: Lugia|Steel\n|move|p1a: Deoxys|Ice Beam|p2a: Lugia\n|-resisted|p2a: Lugia\n|-damage|p2a: Lugia|7\/100\n|move|p2a: Lugia|Roost|p2a: Lugia\n|-heal|p2a: Lugia|57\/100\n|\n|-damage|p1a: Deoxys|82\/100 tox|[from] psn\n|upkeep\n|turn|8\n|n|!SylveonFeet|sylveonfeet\n|-message|SylveonFeet forfeited.\n|\n|win|shintales\n|raw|SylveonFeet's rating: 1104 &rarr; <strong>1083<\/strong><br \/>(-21 for losing)\n|raw|shintales's rating: 1156 &rarr; <strong>1177<\/strong><br \/>(+21 for winning)\n|l|!SylveonFeet\n","uploadtime":1700281737,"views":9,"p1id":"sylveonfeet","p2id":"shintales","formatid":"gen9nationaldexubers","rating":1083,"private":0,"password":""}