{"id":"gen9nationaldexubers-1993630537","p1":"Minaisok","p2":"quantumradical","format":"[Gen 9] National Dex Ubers","log":"|j|\u2606Minaisok\n|j|\u2606quantumradical\n|t:|1700339410\n|gametype|singles\n|player|p1|Minaisok|mars|1280\n|player|p2|quantumradical|giovanni|1323\n|teamsize|p1|6\n|teamsize|p2|6\n|gen|9\n|tier|[Gen 9] National Dex Ubers\n|rated|\n|rule|HP Percentage Mod: HP is shown in percentages\n|rule|Endless Battle Clause: Forcing endless battles is banned\n|rule|OHKO Clause: OHKO moves are banned\n|rule|Evasion Moves Clause: Evasion moves are banned\n|rule|Evasion Items Clause: Evasion items are banned\n|rule|Species Clause: Limit one of each Pok\u00e9mon\n|rule|Sleep Clause Mod: Limit one foe put to sleep\n|rule|Mega Rayquaza Clause: You cannot mega evolve Rayquaza\n|clearpoke\n|poke|p1|Ferrothorn, M|\n|poke|p1|Iron Valiant|\n|poke|p1|Tapu Koko|\n|poke|p1|Raichu-Alola, M|\n|poke|p1|Ho-Oh|\n|poke|p1|Toxapex, M|\n|poke|p2|Darkrai|\n|poke|p2|Klefki, F|\n|poke|p2|Mewtwo|\n|poke|p2|Regieleki|\n|poke|p2|Arceus-Flying|\n|poke|p2|Sableye, M|\n|teampreview\n|inactive|Battle timer is ON: inactive players will automatically lose when time's up. (requested by quantumradical)\n|\n|t:|1700339430\n|start\n|switch|p1a: Ho-Oh|Ho-Oh|100\/100\n|switch|p2a: Sableye|Sableye, M|100\/100\n|turn|1\n|\n|t:|1700339441\n|move|p2a: Sableye|Pain Split|p1a: Ho-Oh\n|-sethp|p1a: Ho-Oh|87\/100|[from] move: Pain Split|[silent]\n|-sethp|p2a: Sableye|100\/100|[from] move: Pain Split\n|move|p1a: Ho-Oh|Sacred Fire|p2a: Sableye\n|-damage|p2a: Sableye|58\/100\n|\n|-heal|p1a: Ho-Oh|93\/100|[from] item: Leftovers\n|upkeep\n|turn|2\n|\n|t:|1700339453\n|detailschange|p2a: Sableye|Sableye-Mega, M\n|-mega|p2a: Sableye|Sableye|Sablenite\n|move|p1a: Ho-Oh|Protect|p1a: Ho-Oh\n|-singleturn|p1a: Ho-Oh|Protect\n|move|p2a: Sableye|Pain Split|p1a: Ho-Oh\n|-activate|p1a: Ho-Oh|move: Protect\n|\n|-heal|p1a: Ho-Oh|99\/100|[from] item: Leftovers\n|upkeep\n|turn|3\n|\n|t:|1700339463\n|move|p1a: Ho-Oh|Sacred Fire|p2a: Sableye\n|-damage|p2a: Sableye|30\/100\n|-status|p2a: Sableye|brn\n|move|p2a: Sableye|Pain Split|p1a: Ho-Oh\n|-sethp|p1a: Ho-Oh|61\/100|[from] move: Pain Split|[silent]\n|-sethp|p2a: Sableye|83\/100 brn|[from] move: Pain Split\n|\n|-heal|p1a: Ho-Oh|67\/100|[from] item: Leftovers\n|-damage|p2a: Sableye|77\/100 brn|[from] brn\n|upkeep\n|turn|4\n|\n|t:|1700339478\n|move|p1a: Ho-Oh|Roost|p1a: Ho-Oh\n|-heal|p1a: Ho-Oh|100\/100\n|-singleturn|p1a: Ho-Oh|move: Roost\n|move|p2a: Sableye|Foul Play|p1a: Ho-Oh\n|-damage|p1a: Ho-Oh|83\/100\n|\n|-heal|p1a: Ho-Oh|89\/100|[from] item: Leftovers\n|-damage|p2a: Sableye|71\/100 brn|[from] brn\n|upkeep\n|turn|5\n|\n|t:|1700339489\n|switch|p1a: Tapu Koko|Tapu Koko, shiny|100\/100\n|-fieldstart|move: Electric Terrain|[from] ability: Electric Surge|[of] p1a: Tapu Koko\n|move|p2a: Sableye|Pain Split|p1a: Tapu Koko\n|-sethp|p1a: Tapu Koko|88\/100|[from] move: Pain Split|[silent]\n|-sethp|p2a: Sableye|82\/100 brn|[from] move: Pain Split\n|\n|-damage|p2a: Sableye|76\/100 brn|[from] brn\n|upkeep\n|turn|6\n|\n|t:|1700339500\n|move|p1a: Tapu Koko|Volt Switch|p2a: Sableye\n|-damage|p2a: Sableye|34\/100 brn\n|\n|t:|1700339514\n|switch|p1a: Iron Valiant|Iron Valiant|100\/100|[from] Volt Switch\n|-activate|p1a: Iron Valiant|ability: Quark Drive\n|-start|p1a: Iron Valiant|quarkdrivespe\n|move|p2a: Sableye|Foul Play|p1a: Iron Valiant\n|-resisted|p1a: Iron Valiant\n|-damage|p1a: Iron Valiant|92\/100\n|\n|-damage|p2a: Sableye|29\/100 brn|[from] brn\n|upkeep\n|turn|7\n|\n|t:|1700339537\n|move|p1a: Iron Valiant|Leaf Blade|p2a: Sableye\n|-crit|p2a: Sableye\n|-damage|p2a: Sableye|0 fnt\n|faint|p2a: Sableye\n|\n|upkeep\n|\n|t:|1700339540\n|switch|p2a: Klefki|Klefki, F|100\/100\n|turn|8\n|\n|t:|1700339547\n|-end|p1a: Iron Valiant|Quark Drive|[silent]\n|switch|p1a: Ferrothorn|Ferrothorn, M, shiny|100\/100\n|move|p2a: Klefki|Thunder Wave|p1a: Ferrothorn\n|-status|p1a: Ferrothorn|par\n|\n|upkeep\n|turn|9\n|\n|t:|1700339555\n|switch|p2a: Mewtwo|Mewtwo|100\/100\n|-ability|p2a: Mewtwo|Pressure\n|move|p1a: Ferrothorn|Leech Seed|p2a: Mewtwo|[miss]\n|-miss|p1a: Ferrothorn|p2a: Mewtwo\n|\n|upkeep\n|turn|10\n|\n|t:|1700339565\n|move|p1a: Ferrothorn|Protect|p1a: Ferrothorn\n|-singleturn|p1a: Ferrothorn|Protect\n|move|p2a: Mewtwo|Flamethrower|p1a: Ferrothorn\n|-activate|p1a: Ferrothorn|move: Protect\n|\n|upkeep\n|turn|11\n|\n|t:|1700339572\n|switch|p1a: Toxapex|Toxapex, M, shiny|100\/100\n|move|p2a: Mewtwo|Ice Beam|p1a: Toxapex\n|-resisted|p1a: Toxapex\n|-damage|p1a: Toxapex|86\/100\n|\n|-heal|p1a: Toxapex|92\/100|[from] item: Black Sludge\n|upkeep\n|turn|12\n|\n|t:|1700339581\n|move|p2a: Mewtwo|Psystrike|p1a: Toxapex\n|-supereffective|p1a: Toxapex\n|-damage|p1a: Toxapex|11\/100\n|move|p1a: Toxapex|Knock Off|p2a: Mewtwo\n|-supereffective|p2a: Mewtwo\n|-damage|p2a: Mewtwo|73\/100\n|-enditem|p2a: Mewtwo|Expert Belt|[from] move: Knock Off|[of] p1a: Toxapex\n|\n|-heal|p1a: Toxapex|17\/100|[from] item: Black Sludge\n|-fieldend|move: Electric Terrain\n|upkeep\n|turn|13\n|\n|t:|1700339593\n|switch|p1a: Ho-Oh|Ho-Oh|100\/100\n|move|p2a: Mewtwo|Psystrike|p1a: Ho-Oh\n|-damage|p1a: Ho-Oh|45\/100\n|\n|-heal|p1a: Ho-Oh|52\/100|[from] item: Leftovers\n|upkeep\n|turn|14\n|\n|t:|1700339605\n|switch|p1a: Tapu Koko|Tapu Koko, shiny|88\/100\n|-fieldstart|move: Electric Terrain|[from] ability: Electric Surge|[of] p1a: Tapu Koko\n|move|p2a: Mewtwo|Psystrike|p1a: Tapu Koko\n|-damage|p1a: Tapu Koko|0 fnt\n|faint|p1a: Tapu Koko\n|\n|upkeep\n|\n|t:|1700339614\n|switch|p1a: Raichu|Raichu-Alola, M, shiny|100\/100\n|turn|15\n|\n|t:|1700339619\n|switch|p2a: Klefki|Klefki, F|100\/100\n|-terastallize|p1a: Raichu|Electric\n|move|p1a: Raichu|Thunderbolt|p2a: Klefki\n|-damage|p2a: Klefki|0 fnt\n|faint|p2a: Klefki\n|\n|upkeep\n|\n|t:|1700339636\n|switch|p2a: Darkrai|Darkrai|100\/100\n|turn|16\n|\n|t:|1700339640\n|move|p1a: Raichu|Thunderbolt|p2a: Darkrai\n|-damage|p2a: Darkrai|0 fnt\n|faint|p2a: Darkrai\n|\n|upkeep\n|\n|t:|1700339652\n|switch|p2a: Regieleki|Regieleki|100\/100\n|turn|17\n|\n|t:|1700339667\n|move|p1a: Raichu|Thunderbolt|p2a: Regieleki\n|-resisted|p2a: Regieleki\n|-damage|p2a: Regieleki|0 fnt\n|faint|p2a: Regieleki\n|\n|upkeep\n|\n|t:|1700339672\n|switch|p2a: Mewtwo|Mewtwo|73\/100\n|-ability|p2a: Mewtwo|Pressure\n|turn|18\n|\n|t:|1700339677\n|move|p1a: Raichu|Thunderbolt|p2a: Mewtwo\n|-damage|p2a: Mewtwo|0 fnt\n|faint|p2a: Mewtwo\n|\n|upkeep\n|\n|t:|1700339680\n|switch|p2a: Arceus|Arceus-Flying|100\/100\n|turn|19\n|\n|t:|1700339684\n|move|p1a: Raichu|Thunderbolt|p2a: Arceus\n|-supereffective|p2a: Arceus\n|-damage|p2a: Arceus|0 fnt\n|faint|p2a: Arceus\n|\n|win|Minaisok\n|raw|Minaisok's rating: 1280 &rarr; <strong>1308<\/strong><br \/>(+28 for winning)\n|raw|quantumradical's rating: 1323 &rarr; <strong>1301<\/strong><br \/>(-22 for losing)\n|l|\u2606quantumradical\n","uploadtime":1700339693,"views":32,"p1id":"minaisok","p2id":"quantumradical","formatid":"gen9nationaldexubers","rating":1301,"private":0,"password":""}