{"id":"gen9nationaldexubers-1992474176","p1":"Cadusat","p2":"ArturoLanzallamas","format":"[Gen 9] National Dex Ubers","log":"|j|\u2606Cadusat\n|j|\u2606ArturoLanzallamas\n|t:|1700192028\n|gametype|singles\n|player|p1|Cadusat|saturn|1110\n|player|p2|ArturoLanzallamas|colress|1178\n|teamsize|p1|6\n|teamsize|p2|6\n|gen|9\n|tier|[Gen 9] National Dex Ubers\n|rated|\n|rule|HP Percentage Mod: HP is shown in percentages\n|rule|Endless Battle Clause: Forcing endless battles is banned\n|rule|OHKO Clause: OHKO moves are banned\n|rule|Evasion Moves Clause: Evasion moves are banned\n|rule|Evasion Items Clause: Evasion items are banned\n|rule|Species Clause: Limit one of each Pok\u00e9mon\n|rule|Sleep Clause Mod: Limit one foe put to sleep\n|rule|Mega Rayquaza Clause: You cannot mega evolve Rayquaza\n|clearpoke\n|poke|p1|Charizard, M|\n|poke|p1|Wishiwashi, F|\n|poke|p1|Togekiss, M|\n|poke|p1|Ursaluna, M|\n|poke|p1|Dragapult, F|\n|poke|p1|Gogoat, M|\n|poke|p2|Medicham, M|\n|poke|p2|Slurpuff, F|\n|poke|p2|Rotom-Wash|\n|poke|p2|Torkoal, F|\n|poke|p2|Venusaur, M|\n|poke|p2|Kingambit, M|\n|teampreview\n|inactive|Battle timer is ON: inactive players will automatically lose when time's up. (requested by Cadusat)\n|\n|t:|1700192032\n|start\n|switch|p1a: Wishiwashi|Wishiwashi, F|100\/100\n|switch|p2a: Slurpuff|Slurpuff, F|100\/100\n|-formechange|p1a: Wishiwashi|Wishiwashi-School||[from] ability: Schooling\n|turn|1\n|\n|t:|1700192038\n|move|p2a: Slurpuff|Yawn|p1a: Wishiwashi\n|-start|p1a: Wishiwashi|move: Yawn|[of] p2a: Slurpuff\n|move|p1a: Wishiwashi|Iron Tail|p2a: Slurpuff\n|-supereffective|p2a: Slurpuff\n|-enditem|p2a: Slurpuff|Focus Sash\n|-damage|p2a: Slurpuff|1\/100\n|\n|upkeep\n|turn|2\n|\n|t:|1700192046\n|switch|p1a: Charizard|Charizard, M|100\/100\n|move|p2a: Slurpuff|Sticky Web|p1a: Charizard\n|-sidestart|p1: Cadusat|move: Sticky Web\n|\n|upkeep\n|turn|3\n|\n|t:|1700192052\n|move|p2a: Slurpuff|Yawn|p1a: Charizard\n|-start|p1a: Charizard|move: Yawn|[of] p2a: Slurpuff\n|move|p1a: Charizard|Scorching Sands|p2a: Slurpuff\n|-damage|p2a: Slurpuff|0 fnt\n|faint|p2a: Slurpuff\n|\n|upkeep\n|\n|t:|1700192064\n|switch|p2a: Medicham|Medicham, M|100\/100\n|turn|4\n|\n|t:|1700192069\n|switch|p1a: Togekiss|Togekiss, M|100\/100\n|detailschange|p2a: Medicham|Medicham-Mega, M\n|-mega|p2a: Medicham|Medicham|Medichamite\n|move|p2a: Medicham|Fake Out|p1a: Togekiss\n|-damage|p1a: Togekiss|76\/100\n|\n|upkeep\n|turn|5\n|\n|t:|1700192080\n|move|p2a: Medicham|Poison Jab|p1a: Togekiss\n|-supereffective|p1a: Togekiss\n|-damage|p1a: Togekiss|0 fnt\n|faint|p1a: Togekiss\n|\n|upkeep\n|\n|t:|1700192083\n|switch|p1a: Charizard|Charizard, M|100\/100\n|turn|6\n|\n|t:|1700192099\n|move|p2a: Medicham|Zen Headbutt|p1a: Charizard|[miss]\n|-miss|p2a: Medicham|p1a: Charizard\n|move|p1a: Charizard|Air Slash|p2a: Medicham\n|-supereffective|p2a: Medicham\n|-damage|p2a: Medicham|0 fnt\n|faint|p2a: Medicham\n|\n|upkeep\n|\n|t:|1700192103\n|switch|p2a: Rotom|Rotom-Wash|100\/100\n|turn|7\n|\n|t:|1700192113\n|move|p1a: Charizard|Air Slash|p2a: Rotom\n|-resisted|p2a: Rotom\n|-damage|p2a: Rotom|79\/100\n|move|p2a: Rotom|Hydro Pump|p1a: Charizard|[miss]\n|-miss|p2a: Rotom|p1a: Charizard\n|\n|-heal|p2a: Rotom|85\/100|[from] item: Leftovers\n|upkeep\n|turn|8\n|\n|t:|1700192120\n|switch|p1a: Dragapult|Dragapult, F|100\/100\n|-activate|p1a: Dragapult|move: Sticky Web\n|-unboost|p1a: Dragapult|spe|1\n|move|p2a: Rotom|Hydro Pump|p1a: Dragapult|[miss]\n|-miss|p2a: Rotom|p1a: Dragapult\n|\n|-heal|p2a: Rotom|91\/100|[from] item: Leftovers\n|upkeep\n|turn|9\n|\n|t:|1700192128\n|move|p1a: Dragapult|Dragon Darts|p2a: Rotom\n|-damage|p2a: Rotom|64\/100\n|-anim|p1a: Dragapult|Dragon Darts|p2a: Rotom\n|-damage|p2a: Rotom|36\/100\n|move|p2a: Rotom|Will-O-Wisp|p1a: Dragapult|[miss]\n|-miss|p2a: Rotom|p1a: Dragapult\n|\n|-heal|p2a: Rotom|42\/100|[from] item: Leftovers\n|upkeep\n|turn|10\n|c|\u2606ArturoLanzallamas|AAAAAAAAAAAAAAAAAAAAA\n|\n|t:|1700192140\n|move|p1a: Dragapult|Dragon Darts|p2a: Rotom\n|-damage|p2a: Rotom|13\/100\n|-anim|p1a: Dragapult|Dragon Darts|p2a: Rotom\n|-crit|p2a: Rotom\n|-damage|p2a: Rotom|0 fnt\n|faint|p2a: Rotom\n|\n|upkeep\n|c|\u2606Cadusat|finally showdown is not robbing me\n|\n|t:|1700192145\n|switch|p2a: Torkoal|Torkoal, F|100\/100\n|-weather|SunnyDay|[from] ability: Drought|[of] p2a: Torkoal\n|turn|11\n|\n|t:|1700192151\n|move|p1a: Dragapult|Dragon Darts|p2a: Torkoal\n|-damage|p2a: Torkoal|81\/100\n|-anim|p1a: Dragapult|Dragon Darts|p2a: Torkoal\n|-damage|p2a: Torkoal|61\/100\n|move|p2a: Torkoal|Stealth Rock|p1a: Dragapult\n|-sidestart|p1: Cadusat|move: Stealth Rock\n|\n|-weather|SunnyDay|[upkeep]\n|upkeep\n|turn|12\n|\n|t:|1700192158\n|move|p1a: Dragapult|Dragon Darts|p2a: Torkoal\n|-damage|p2a: Torkoal|41\/100\n|-anim|p1a: Dragapult|Dragon Darts|p2a: Torkoal\n|-damage|p2a: Torkoal|20\/100\n|move|p2a: Torkoal|Overheat|p1a: Dragapult\n|-resisted|p1a: Dragapult\n|-damage|p1a: Dragapult|53\/100\n|-unboost|p2a: Torkoal|spa|2\n|\n|-weather|SunnyDay|[upkeep]\n|upkeep\n|turn|13\n|\n|t:|1700192167\n|move|p1a: Dragapult|Dragon Darts|p2a: Torkoal\n|-crit|p2a: Torkoal\n|-damage|p2a: Torkoal|0 fnt\n|faint|p2a: Torkoal\n|\n|-weather|SunnyDay|[upkeep]\n|upkeep\n|\n|t:|1700192169\n|switch|p2a: Venusaur|Venusaur, M|100\/100\n|turn|14\n|\n|t:|1700192172\n|move|p2a: Venusaur|Growth|p2a: Venusaur\n|-boost|p2a: Venusaur|atk|2\n|-boost|p2a: Venusaur|spa|2\n|move|p1a: Dragapult|Psychic Fangs|p2a: Venusaur\n|-supereffective|p2a: Venusaur\n|-damage|p2a: Venusaur|7\/100\n|\n|-weather|SunnyDay|[upkeep]\n|upkeep\n|turn|15\n|\n|t:|1700192179\n|-terastallize|p2a: Venusaur|Grass\n|move|p2a: Venusaur|Giga Drain|p1a: Dragapult\n|-resisted|p1a: Dragapult\n|-damage|p1a: Dragapult|0 fnt\n|-heal|p2a: Venusaur|35\/100|[from] drain|[of] p1a: Dragapult\n|faint|p1a: Dragapult\n|-damage|p2a: Venusaur|25\/100|[from] item: Life Orb\n|\n|-weather|SunnyDay|[upkeep]\n|upkeep\n|\n|t:|1700192183\n|switch|p1a: Charizard|Charizard, M|100\/100\n|-damage|p1a: Charizard|51\/100|[from] Stealth Rock\n|turn|16\n|\n|t:|1700192188\n|move|p2a: Venusaur|Sludge Bomb|p1a: Charizard\n|-damage|p1a: Charizard|0 fnt\n|faint|p1a: Charizard\n|-damage|p2a: Venusaur|15\/100|[from] item: Life Orb\n|\n|-weather|SunnyDay|[upkeep]\n|upkeep\n|\n|t:|1700192193\n|switch|p1a: Ursaluna|Ursaluna, M|100\/100\n|-activate|p1a: Ursaluna|move: Sticky Web\n|-unboost|p1a: Ursaluna|spe|1\n|-damage|p1a: Ursaluna|94\/100|[from] Stealth Rock\n|turn|17\n|\n|t:|1700192199\n|switch|p1a: Gogoat|Gogoat, M|100\/100\n|-activate|p1a: Gogoat|move: Sticky Web\n|-unboost|p1a: Gogoat|spe|1\n|-damage|p1a: Gogoat|88\/100|[from] Stealth Rock\n|move|p2a: Venusaur|Giga Drain|p1a: Gogoat\n|-ability|p1a: Gogoat|Sap Sipper|boost\n|-boost|p1a: Gogoat|atk|1\n|\n|-weather|SunnyDay|[upkeep]\n|upkeep\n|turn|18\n|\n|t:|1700192207\n|move|p2a: Venusaur|Weather Ball|p1a: Gogoat\n|-supereffective|p1a: Gogoat\n|-damage|p1a: Gogoat|0 fnt\n|faint|p1a: Gogoat\n|-damage|p2a: Venusaur|5\/100|[from] item: Life Orb\n|\n|-weather|none\n|upkeep\n|\n|t:|1700192212\n|switch|p1a: Ursaluna|Ursaluna, M|94\/100\n|-activate|p1a: Ursaluna|move: Sticky Web\n|-unboost|p1a: Ursaluna|spe|1\n|-damage|p1a: Ursaluna|88\/100|[from] Stealth Rock\n|turn|19\n|\n|t:|1700192219\n|move|p2a: Venusaur|Giga Drain|p1a: Ursaluna\n|-supereffective|p1a: Ursaluna\n|-damage|p1a: Ursaluna|0 fnt\n|-heal|p2a: Venusaur|66\/100|[from] drain|[of] p1a: Ursaluna\n|faint|p1a: Ursaluna\n|-damage|p2a: Venusaur|56\/100|[from] item: Life Orb\n|\n|upkeep\n|\n|t:|1700192221\n|switch|p1a: Wishiwashi|Wishiwashi, F|100\/100\n|-activate|p1a: Wishiwashi|move: Sticky Web\n|-unboost|p1a: Wishiwashi|spe|1\n|-damage|p1a: Wishiwashi|88\/100|[from] Stealth Rock\n|-formechange|p1a: Wishiwashi|Wishiwashi-School||[from] ability: Schooling\n|turn|20\n|\n|t:|1700192226\n|move|p2a: Venusaur|Giga Drain|p1a: Wishiwashi\n|-supereffective|p1a: Wishiwashi\n|-damage|p1a: Wishiwashi|0 fnt\n|-heal|p2a: Venusaur|93\/100|[from] drain|[of] p1a: Wishiwashi\n|faint|p1a: Wishiwashi\n|-damage|p2a: Venusaur|83\/100|[from] item: Life Orb\n|\n|win|ArturoLanzallamas\n|raw|Cadusat's rating: 1110 &rarr; <strong>1090<\/strong><br \/>(-20 for losing)\n|raw|ArturoLanzallamas's rating: 1178 &rarr; <strong>1198<\/strong><br \/>(+20 for winning)\n|c|\u2606Cadusat|sht\n|c|\u2606ArturoLanzallamas|gg\n|l|\u2606Cadusat\n","uploadtime":1700192296,"views":11,"p1id":"cadusat","p2id":"arturolanzallamas","formatid":"gen9nationaldexubers","rating":1090,"private":0,"password":""}