{"id":"gen9nationaldexubers-1993452976","p1":"PiperRat","p2":"JesterUK","format":"[Gen 9] National Dex Ubers","log":"|j|\u2606PiperRat\n|j|\u2606JesterUK\n|t:|1700319746\n|gametype|singles\n|player|p1|PiperRat|plasmagruntf|\n|player|p2|JesterUK|harlequin|\n|teamsize|p1|6\n|teamsize|p2|6\n|gen|9\n|tier|[Gen 9] National Dex Ubers\n|rule|HP Percentage Mod: HP is shown in percentages\n|rule|Endless Battle Clause: Forcing endless battles is banned\n|rule|OHKO Clause: OHKO moves are banned\n|rule|Evasion Moves Clause: Evasion moves are banned\n|rule|Evasion Items Clause: Evasion items are banned\n|rule|Species Clause: Limit one of each Pok\u00e9mon\n|rule|Sleep Clause Mod: Limit one foe put to sleep\n|rule|Mega Rayquaza Clause: You cannot mega evolve Rayquaza\n|clearpoke\n|poke|p1|Tornadus, M|\n|poke|p1|Urshifu-*, M|\n|poke|p1|Cryogonal|\n|poke|p1|Kilowattrel, M|\n|poke|p1|Gastrodon, F|\n|poke|p1|Palafin, F|\n|poke|p2|Iron Bundle|\n|poke|p2|Cradily, F|\n|poke|p2|Clodsire, F|\n|poke|p2|Togekiss, M|\n|poke|p2|Slowking, F|\n|poke|p2|Lucario, F|\n|teampreview\n|inactive|Battle timer is ON: inactive players will automatically lose when time's up. (requested by JesterUK)\n|inactive|PiperRat also wants the timer to be on.\n|inactive|PiperRat no longer wants the timer on, but the timer is staying on because jesteruk still does.\n|inactiveoff|Battle timer is now OFF.\n|j| Wikit\n|j| musekek\n|j| biden brane\n|c|\u2606JesterUK|Best of luck Piper!\n|inactive|Battle timer is ON: inactive players will automatically lose when time's up. (requested by PiperRat)\n|c| musekek|mickey fucking mouse\n|\n|t:|1700319818\n|start\n|switch|p1a: Gastrodon|Gastrodon, F|100\/100\n|switch|p2a: Clodsire|Clodsire, F|100\/100\n|turn|1\n|n| crossedmoon|crossedmoon\n|inactive|JesterUK has 270 seconds left.\n|\n|t:|1700319841\n|move|p1a: Gastrodon|Earth Power|p2a: Clodsire\n|-supereffective|p2a: Clodsire\n|-damage|p2a: Clodsire|59\/100\n|move|p2a: Clodsire|Stealth Rock|p1a: Gastrodon\n|-sidestart|p1: PiperRat|move: Stealth Rock\n|\n|-heal|p2a: Clodsire|65\/100|[from] item: Black Sludge\n|upkeep\n|turn|2\n|l| biden brane\n|inactive|JesterUK has 270 seconds left.\n|\n|t:|1700319859\n|switch|p2a: Cradily|Cradily, F|100\/100\n|move|p1a: Gastrodon|Earth Power|p2a: Cradily\n|-damage|p2a: Cradily|76\/100\n|\n|-heal|p2a: Cradily|82\/100|[from] item: Leftovers\n|upkeep\n|turn|3\n|inactive|JesterUK has 270 seconds left.\n|j| biden brane\n|inactive|PiperRat has 270 seconds left.\n|\n|t:|1700319893\n|switch|p1a: Urshifu|Urshifu, M|100\/100\n|-damage|p1a: Urshifu|94\/100|[from] Stealth Rock\n|move|p2a: Cradily|Ancient Power|p1a: Urshifu\n|-resisted|p1a: Urshifu\n|-damage|p1a: Urshifu|83\/100\n|\n|-heal|p2a: Cradily|89\/100|[from] item: Leftovers\n|upkeep\n|turn|4\n|inactive|JesterUK has 240 seconds left.\n|inactive|JesterUK has 210 seconds left.\n|\n|t:|1700319947\n|switch|p2a: Clodsire|Clodsire, F|65\/100\n|move|p1a: Urshifu|Swords Dance|p1a: Urshifu\n|-boost|p1a: Urshifu|atk|2\n|\n|-heal|p2a: Clodsire|71\/100|[from] item: Black Sludge\n|upkeep\n|turn|5\n|inactive|JesterUK has 210 seconds left.\n|\n|t:|1700319959\n|move|p1a: Urshifu|Wicked Blow|p2a: Clodsire\n|-crit|p2a: Clodsire\n|-damage|p2a: Clodsire|0 fnt\n|faint|p2a: Clodsire\n|\n|upkeep\n|\n|t:|1700319962\n|switch|p2a: Lucario|Lucario, F|100\/100\n|turn|6\n|\n|t:|1700319973\n|move|p2a: Lucario|Close Combat|p1a: Urshifu\n|-supereffective|p1a: Urshifu\n|-damage|p1a: Urshifu|0 fnt\n|-unboost|p2a: Lucario|def|1\n|-unboost|p2a: Lucario|spd|1\n|faint|p1a: Urshifu\n|\n|upkeep\n|\n|t:|1700319982\n|switch|p1a: Tornadus|Tornadus, M, shiny|100\/100\n|-damage|p1a: Tornadus|76\/100|[from] Stealth Rock\n|turn|7\n|\n|t:|1700319993\n|switch|p2a: Togekiss|Togekiss, M|100\/100\n|move|p1a: Tornadus|Rain Dance|p1a: Tornadus\n|-weather|RainDance\n|\n|-weather|RainDance|[upkeep]\n|upkeep\n|turn|8\n|\n|t:|1700320013\n|move|p1a: Tornadus|Tailwind|p1a: Tornadus\n|-sidestart|p1: PiperRat|move: Tailwind\n|-zpower|p2a: Togekiss\n|move|p2a: Togekiss|Gigavolt Havoc|p1a: Tornadus|[zeffect]\n|-supereffective|p1a: Tornadus\n|-damage|p1a: Tornadus|15\/100\n|\n|-weather|RainDance|[upkeep]\n|upkeep\n|turn|9\n|\n|t:|1700320031\n|switch|p1a: Kilowattrel|Kilowattrel, M, shiny|100\/100\n|-damage|p1a: Kilowattrel|76\/100|[from] Stealth Rock\n|move|p2a: Togekiss|Draining Kiss|p1a: Kilowattrel\n|-crit|p1a: Kilowattrel\n|-damage|p1a: Kilowattrel|19\/100\n|\n|-weather|RainDance|[upkeep]\n|upkeep\n|turn|10\n|\n|t:|1700320051\n|move|p1a: Kilowattrel|Thunder|p2a: Togekiss\n|-supereffective|p2a: Togekiss\n|-damage|p2a: Togekiss|0 fnt\n|faint|p2a: Togekiss\n|\n|-weather|RainDance|[upkeep]\n|upkeep\n|\n|t:|1700320062\n|switch|p2a: Cradily|Cradily, F|89\/100\n|turn|11\n|\n|t:|1700320073\n|switch|p1a: Palafin|Palafin, F|100\/100\n|-damage|p1a: Palafin|88\/100|[from] Stealth Rock\n|move|p2a: Cradily|Ancient Power|p1a: Palafin\n|-damage|p1a: Palafin|69\/100\n|\n|-weather|RainDance|[upkeep]\n|-heal|p2a: Cradily|95\/100|[from] item: Leftovers\n|-sideend|p1: PiperRat|move: Tailwind\n|upkeep\n|turn|12\n|\n|t:|1700320083\n|move|p1a: Palafin|Flip Turn|p2a: Cradily\n|-ability|p2a: Cradily|Storm Drain|boost\n|-boost|p2a: Cradily|spa|1\n|move|p2a: Cradily|Amnesia|p2a: Cradily\n|-boost|p2a: Cradily|spd|2\n|\n|-weather|RainDance|[upkeep]\n|-heal|p2a: Cradily|100\/100|[from] item: Leftovers\n|upkeep\n|turn|13\n|j| Ellinell\n|c| Ellinell|HUHHHHHHH\n|\n|t:|1700320097\n|detailschange|p1a: Palafin|Palafin-Hero, F\n|switch|p1a: Gastrodon|Gastrodon, F|100\/100\n|-damage|p1a: Gastrodon|94\/100|[from] Stealth Rock\n|move|p2a: Cradily|Giga Drain|p1a: Gastrodon\n|-supereffective|p1a: Gastrodon\n|-damage|p1a: Gastrodon|0 fnt\n|faint|p1a: Gastrodon\n|\n|-weather|RainDance|[upkeep]\n|upkeep\n|c| Ellinell|WHAAAAAAAAAAT\n|c|\u2606JesterUK|OOOOOOOOOOOPs\n|\n|t:|1700320105\n|switch|p1a: Incubus|Cryogonal, shiny|100\/100\n|-damage|p1a: Incubus|75\/100|[from] Stealth Rock\n|turn|14\n|c| musekek|DAWG\n|\n|t:|1700320111\n|move|p1a: Incubus|Rapid Spin|p2a: Cradily\n|-resisted|p2a: Cradily\n|-damage|p2a: Cradily|99\/100\n|-boost|p1a: Incubus|spe|1\n|-sideend|p1: PiperRat|Stealth Rock|[from] move: Rapid Spin|[of] p1a: Incubus\n|move|p2a: Cradily|Ancient Power|p1a: Incubus\n|-supereffective|p1a: Incubus\n|-damage|p1a: Incubus|36\/100\n|\n|-weather|none\n|-heal|p2a: Cradily|100\/100|[from] item: Leftovers\n|upkeep\n|turn|15\n|inactive|JesterUK has 240 seconds left.\n|\n|t:|1700320134\n|move|p1a: Incubus|Light Screen|p1a: Incubus\n|-sidestart|p1: PiperRat|move: Light Screen\n|move|p2a: Cradily|Ancient Power|p1a: Incubus\n|-supereffective|p1a: Incubus\n|-damage|p1a: Incubus|16\/100\n|\n|upkeep\n|turn|16\n|inactive|PiperRat has 270 seconds left.\n|c|\u2606PiperRat|Hahaha\n|c|\u2606PiperRat|...\n|\n|t:|1700320184\n|move|p1a: Incubus|Reflect|p1a: Incubus\n|-sidestart|p1: PiperRat|Reflect\n|move|p2a: Cradily|Giga Drain|p1a: Incubus\n|-damage|p1a: Incubus|4\/100\n|\n|upkeep\n|turn|17\n|\n|t:|1700320189\n|move|p1a: Incubus|Freeze-Dry|p2a: Cradily\n|-supereffective|p2a: Cradily\n|-damage|p2a: Cradily|80\/100\n|move|p2a: Cradily|Giga Drain|p1a: Incubus\n|-damage|p1a: Incubus|0 fnt\n|-heal|p2a: Cradily|81\/100|[from] drain|[of] p1a: Incubus\n|faint|p1a: Incubus\n|\n|-heal|p2a: Cradily|87\/100|[from] item: Leftovers\n|upkeep\n|\n|t:|1700320197\n|switch|p1a: Tornadus|Tornadus, M, shiny|15\/100\n|turn|18\n|\n|t:|1700320203\n|move|p1a: Tornadus|Rain Dance|p1a: Tornadus\n|-weather|RainDance\n|move|p2a: Cradily|Ancient Power|p1a: Tornadus\n|-supereffective|p1a: Tornadus\n|-damage|p1a: Tornadus|0 fnt\n|faint|p1a: Tornadus\n|\n|-weather|RainDance|[upkeep]\n|-heal|p2a: Cradily|94\/100|[from] item: Leftovers\n|upkeep\n|\n|t:|1700320207\n|switch|p1a: Kilowattrel|Kilowattrel, M, shiny|19\/100\n|turn|19\n|inactive|JesterUK has 270 seconds left.\n|\n|t:|1700320220\n|move|p1a: Kilowattrel|Hurricane|p2a: Cradily\n|-damage|p2a: Cradily|60\/100\n|move|p2a: Cradily|Recover|p2a: Cradily\n|-heal|p2a: Cradily|100\/100\n|\n|-weather|RainDance|[upkeep]\n|upkeep\n|turn|20\n|inactive|JesterUK has 270 seconds left.\n|inactive|PiperRat has 270 seconds left.\n|inactive|PiperRat has 240 seconds left.\n|c|\u2606PiperRat|Now what do the rules based around remaining mons say about me forfeiting now?\n|c| crossedmoon|you lose all remaining mons\n|c| crossedmoon|it'd be a 4-0 if you quit now\n|c| Wikit|so itd be 4-0\n|c|\u2606PiperRat|Cool\n|\n|t:|1700320294\n|move|p1a: Kilowattrel|Hurricane|p2a: Cradily\n|-damage|p2a: Cradily|67\/100\n|move|p2a: Cradily|Ancient Power|p1a: Kilowattrel\n|-supereffective|p1a: Kilowattrel\n|-damage|p1a: Kilowattrel|0 fnt\n|faint|p1a: Kilowattrel\n|\n|-weather|RainDance|[upkeep]\n|-heal|p2a: Cradily|73\/100|[from] item: Leftovers\n|upkeep\n|\n|t:|1700320296\n|switch|p1a: Palafin|Palafin-Hero, F|69\/100\n|-activate|p1a: Palafin|ability: Zero to Hero\n|turn|21\n|inactive|JesterUK has 270 seconds left.\n|\n|t:|1700320317\n|move|p1a: Palafin|Icy Wind|p2a: Cradily\n|-supereffective|p2a: Cradily\n|-damage|p2a: Cradily|62\/100\n|-unboost|p2a: Cradily|spe|1\n|move|p2a: Cradily|Recover|p2a: Cradily\n|-heal|p2a: Cradily|100\/100\n|\n|-weather|RainDance|[upkeep]\n|upkeep\n|turn|22\n|inactive|JesterUK has 270 seconds left.\n|\n|t:|1700320326\n|move|p1a: Palafin|Icy Wind|p2a: Cradily\n|-supereffective|p2a: Cradily\n|-damage|p2a: Cradily|90\/100\n|-unboost|p2a: Cradily|spe|1\n|move|p2a: Cradily|Giga Drain|p1a: Palafin\n|-supereffective|p1a: Palafin\n|-damage|p1a: Palafin|41\/100\n|-heal|p2a: Cradily|100\/100|[from] drain|[of] p1a: Palafin\n|\n|-weather|RainDance|[upkeep]\n|-sideend|p1: PiperRat|move: Light Screen\n|upkeep\n|turn|23\n|c| musekek|IT GETS ICE PUNCH\n|c| Wikit|ICY WIND??????????\n|c|\u2606JesterUK|Oh no\n|inactive|JesterUK has 270 seconds left.\n|\n|t:|1700320336\n|move|p1a: Palafin|Icy Wind|p2a: Cradily\n|-supereffective|p2a: Cradily\n|-damage|p2a: Cradily|90\/100\n|-unboost|p2a: Cradily|spe|1\n|move|p2a: Cradily|Giga Drain|p1a: Palafin\n|-supereffective|p1a: Palafin\n|-damage|p1a: Palafin|0 fnt\n|-heal|p2a: Cradily|100\/100|[from] drain|[of] p1a: Palafin\n|faint|p1a: Palafin\n|\n|win|JesterUK\n|c| biden brane|SHIT YOURSELF\n|c| crossedmoon|smartest palafin user\n|c| musekek|fucking hell give me this palafin\n|c|\u2606JesterUK|game\n|c| musekek|you font deserve it\n|c| Wikit|cradilly goaT\n|l| biden brane\n|c|\u2606PiperRat|Yh imma smoke see yah\n|l|\u2606PiperRat\n","uploadtime":1700320422,"views":34,"p1id":"piperrat","p2id":"jesteruk","formatid":"gen9nationaldexubers","rating":0,"private":0,"password":""}