{"id":"gen9nationaldexubers-1984447943","p1":"Obito 2001","p2":"85792195wwww","format":"[Gen 9] National Dex Ubers","log":"|j|\u2606Obito 2001\n|j|\u203d85792195wwww\n|t:|1699265330\n|gametype|singles\n|player|p1|Obito 2001|blue-gen3two|1892\n|player|p2|85792195wwww|mira|1864\n|teamsize|p1|6\n|teamsize|p2|6\n|gen|9\n|tier|[Gen 9] National Dex Ubers\n|rated|\n|rule|HP Percentage Mod: HP is shown in percentages\n|rule|Endless Battle Clause: Forcing endless battles is banned\n|rule|OHKO Clause: OHKO moves are banned\n|rule|Evasion Moves Clause: Evasion moves are banned\n|rule|Evasion Items Clause: Evasion items are banned\n|rule|Species Clause: Limit one of each Pok\u00e9mon\n|rule|Sleep Clause Mod: Limit one foe put to sleep\n|rule|Mega Rayquaza Clause: You cannot mega evolve Rayquaza\n|clearpoke\n|poke|p1|Ho-Oh|\n|poke|p1|Yveltal|\n|poke|p1|Ditto|\n|poke|p1|Magearna|\n|poke|p1|Necrozma-Dusk-Mane|\n|poke|p1|Arceus-Ground|\n|poke|p2|Arceus|\n|poke|p2|Xerneas-*|\n|poke|p2|Groudon|\n|poke|p2|Zacian-*|\n|poke|p2|Samurott-Hisui, F|\n|poke|p2|Rayquaza|\n|teampreview\n|inactive|Battle timer is ON: inactive players will automatically lose when time's up. (requested by Obito 2001)\n|\n|t:|1699265338\n|start\n|switch|p1a: Ho-Oh|Ho-Oh|100\/100\n|switch|p2a: Samurott|Samurott-Hisui, F|100\/100\n|turn|1\n|\n|t:|1699265345\n|move|p1a: Ho-Oh|Brave Bird|p2a: Samurott\n|-enditem|p2a: Samurott|Focus Sash\n|-damage|p2a: Samurott|1\/100\n|-damage|p1a: Ho-Oh|70\/100|[from] Recoil\n|move|p2a: Samurott|Razor Shell|p1a: Ho-Oh\n|-supereffective|p1a: Ho-Oh\n|-crit|p1a: Ho-Oh\n|-damage|p1a: Ho-Oh|0 fnt\n|faint|p1a: Ho-Oh\n|\n|upkeep\n|\n|t:|1699265353\n|switch|p1a: Ditto|Ditto, shiny|100\/100\n|-transform|p1a: Ditto|p2a: Samurott|[from] ability: Imposter\n|turn|2\n|\n|t:|1699265363\n|move|p1a: Ditto|Ceaseless Edge|p2a: Samurott\n|-resisted|p2a: Samurott\n|-damage|p2a: Samurott|0 fnt\n|-sidestart|p2: 85792195wwww|Spikes\n|faint|p2a: Samurott\n|\n|upkeep\n|\n|t:|1699265370\n|switch|p2a: Rayquaza|Rayquaza|100\/100\n|-ability|p2a: Rayquaza|Air Lock\n|turn|3\n|\n|t:|1699265375\n|switch|p1a: Necrozma|Necrozma-Dusk-Mane|100\/100\n|-terastallize|p2a: Rayquaza|Flying\n|move|p2a: Rayquaza|Dragon Ascent|p1a: Necrozma\n|-resisted|p1a: Necrozma\n|-damage|p1a: Necrozma|37\/100\n|-unboost|p2a: Rayquaza|def|1\n|-unboost|p2a: Rayquaza|spd|1\n|\n|upkeep\n|turn|4\n|\n|t:|1699265386\n|switch|p2a: Zacian|Zacian-Crowned|100\/100\n|-damage|p2a: Zacian|88\/100|[from] Spikes\n|-ability|p2a: Zacian|Intrepid Sword|boost\n|-boost|p2a: Zacian|atk|1\n|detailschange|p1a: Necrozma|Necrozma-Ultra\n|-burst|p1a: Necrozma|Necrozma|Ultranecrozium Z\n|move|p1a: Necrozma|Photon Geyser|p2a: Zacian\n|-resisted|p2a: Zacian\n|-damage|p2a: Zacian|57\/100\n|\n|upkeep\n|turn|5\n|\n|t:|1699265403\n|move|p2a: Zacian|Behemoth Blade|p1a: Necrozma\n|-damage|p1a: Necrozma|0 fnt\n|faint|p1a: Necrozma\n|\n|upkeep\n|\n|t:|1699265406\n|switch|p1a: Ditto|Ditto, shiny|100\/100\n|-transform|p1a: Ditto|p2a: Zacian|[from] ability: Imposter\n|-ability|p1a: Ditto|Intrepid Sword|boost\n|-boost|p1a: Ditto|atk|1\n|turn|6\n|\n|t:|1699265414\n|move|p1a: Ditto|Behemoth Blade|p2a: Zacian\n|-damage|p2a: Zacian|0 fnt\n|faint|p2a: Zacian\n|\n|upkeep\n|\n|t:|1699265422\n|switch|p2a: Groudon|Groudon|100\/100\n|-damage|p2a: Groudon|88\/100|[from] Spikes\n|detailschange|p2a: Groudon|Groudon-Primal\n|-primal|p2a: Groudon|Red Orb\n|-weather|DesolateLand|[from] ability: Desolate Land|[of] p2a: Groudon\n|turn|7\n|\n|t:|1699265430\n|switch|p1a: Arceus|Arceus-Ground|100\/100\n|move|p2a: Groudon|Heat Crash|p1a: Arceus\n|-damage|p1a: Arceus|42\/100\n|\n|-weather|DesolateLand|[upkeep]\n|upkeep\n|turn|8\n|\n|t:|1699265437\n|-weather|none\n|switch|p2a: Rayquaza|Rayquaza, tera:Flying|100\/100\n|-ability|p2a: Rayquaza|Air Lock\n|move|p1a: Arceus|Recover|p1a: Arceus\n|-heal|p1a: Arceus|92\/100\n|\n|upkeep\n|turn|9\n|\n|t:|1699265446\n|move|p1a: Arceus|Toxic|p2a: Rayquaza\n|-status|p2a: Rayquaza|tox\n|move|p2a: Rayquaza|Dragon Ascent|p1a: Arceus\n|-damage|p1a: Arceus|0 fnt\n|-unboost|p2a: Rayquaza|def|1\n|-unboost|p2a: Rayquaza|spd|1\n|faint|p1a: Arceus\n|\n|-damage|p2a: Rayquaza|95\/100 tox|[from] psn\n|upkeep\n|\n|t:|1699265452\n|switch|p1a: Ditto|Ditto, shiny|100\/100\n|-transform|p1a: Ditto|p2a: Rayquaza|[from] ability: Imposter\n|turn|10\n|\n|t:|1699265467\n|switch|p2a: Xerneas|Xerneas|100\/100\n|-damage|p2a: Xerneas|88\/100|[from] Spikes\n|-ability|p2a: Xerneas|Fairy Aura\n|move|p1a: Ditto|Dragon Ascent|p2a: Xerneas\n|-damage|p2a: Xerneas|34\/100\n|-unboost|p1a: Ditto|def|1\n|-unboost|p1a: Ditto|spd|1\n|\n|upkeep\n|turn|11\n|\n|t:|1699265479\n|move|p1a: Ditto|Dragon Ascent|p2a: Xerneas\n|-damage|p2a: Xerneas|0 fnt\n|-unboost|p1a: Ditto|def|1\n|-unboost|p1a: Ditto|spd|1\n|faint|p2a: Xerneas\n|\n|upkeep\n|\n|t:|1699265495\n|switch|p2a: Rayquaza|Rayquaza, tera:Flying|95\/100 tox\n|-ability|p2a: Rayquaza|Air Lock\n|turn|12\n|\n|t:|1699265500\n|-terastallize|p1a: Ditto|Ghost\n|move|p1a: Ditto|Dragon Ascent|p2a: Rayquaza\n|-damage|p2a: Rayquaza|14\/100 tox\n|-unboost|p1a: Ditto|def|1\n|-unboost|p1a: Ditto|spd|1\n|move|p2a: Rayquaza|Dragon Ascent|p1a: Ditto\n|-damage|p1a: Ditto|0 fnt\n|-unboost|p2a: Rayquaza|def|1\n|-unboost|p2a: Rayquaza|spd|1\n|faint|p1a: Ditto\n|\n|-damage|p2a: Rayquaza|8\/100 tox|[from] psn\n|upkeep\n|\n|t:|1699265511\n|switch|p1a: Magearna|Magearna|100\/100\n|turn|13\n|\n|t:|1699265518\n|switch|p2a: Arceus|Arceus|100\/100\n|-damage|p2a: Arceus|88\/100|[from] Spikes\n|move|p1a: Magearna|Fleur Cannon|p2a: Arceus\n|-damage|p2a: Arceus|46\/100\n|-unboost|p1a: Magearna|spa|2\n|\n|upkeep\n|turn|14\n|\n|t:|1699265527\n|switch|p1a: Yveltal|Yveltal, shiny|100\/100\n|-ability|p1a: Yveltal|Dark Aura\n|move|p2a: Arceus|Swords Dance|p2a: Arceus\n|-boost|p2a: Arceus|atk|2\n|\n|upkeep\n|turn|15\n|\n|t:|1699265535\n|move|p2a: Arceus|Extreme Speed|p1a: Yveltal\n|-damage|p1a: Yveltal|33\/100\n|-damage|p2a: Arceus|36\/100|[from] item: Life Orb\n|move|p1a: Yveltal|Foul Play|p2a: Arceus\n|-damage|p2a: Arceus|0 fnt\n|faint|p2a: Arceus\n|\n|upkeep\n|\n|t:|1699265549\n|switch|p2a: Groudon|Groudon-Primal|88\/100\n|-damage|p2a: Groudon|76\/100|[from] Spikes\n|-weather|DesolateLand|[from] ability: Desolate Land|[of] p2a: Groudon\n|turn|16\n|\n|t:|1699265560\n|move|p1a: Yveltal|Foul Play|p2a: Groudon\n|-damage|p2a: Groudon|22\/100\n|move|p2a: Groudon|Heat Crash|p1a: Yveltal\n|-damage|p1a: Yveltal|0 fnt\n|faint|p1a: Yveltal\n|\n|-weather|DesolateLand|[upkeep]\n|upkeep\n|\n|t:|1699265565\n|switch|p1a: Magearna|Magearna|100\/100\n|turn|17\n|\n|t:|1699265570\n|move|p2a: Groudon|Heat Crash|p1a: Magearna\n|-supereffective|p1a: Magearna\n|-damage|p1a: Magearna|0 fnt\n|faint|p1a: Magearna\n|\n|win|85792195wwww\n|raw|Obito 2001's rating: 1892 &rarr; <strong>1870<\/strong><br \/>(-22 for losing)\n|raw|85792195wwww's rating: 1864 &rarr; <strong>1886<\/strong><br \/>(+22 for winning)\n|l|\u2606Obito 2001\n","uploadtime":1699265577,"views":19,"p1id":"obito2001","p2id":"85792195wwww","formatid":"gen9nationaldexubers","rating":1870,"private":0,"password":""}