{"id":"gen9nationaldexubers-1978516373","p1":"Please let gg","p2":"kurokodora","format":"[Gen 9] National Dex Ubers","log":"|j|\u2606Please let gg\n|j|\u2606kurokodora\n|t:|1698549299\n|gametype|singles\n|player|p1|Please let gg|101|1111\n|player|p2|kurokodora|veteran|1103\n|teamsize|p1|6\n|teamsize|p2|6\n|gen|9\n|tier|[Gen 9] National Dex Ubers\n|rated|\n|rule|HP Percentage Mod: HP is shown in percentages\n|rule|Endless Battle Clause: Forcing endless battles is banned\n|rule|OHKO Clause: OHKO moves are banned\n|rule|Evasion Moves Clause: Evasion moves are banned\n|rule|Evasion Items Clause: Evasion items are banned\n|rule|Species Clause: Limit one of each Pok\u00e9mon\n|rule|Sleep Clause Mod: Limit one foe put to sleep\n|rule|Mega Rayquaza Clause: You cannot mega evolve Rayquaza\n|clearpoke\n|poke|p1|Sirfetch\u2019d, F|\n|poke|p1|Ursaluna, M|\n|poke|p1|Sylveon, F|\n|poke|p1|Mewtwo|\n|poke|p1|Reshiram|\n|poke|p1|Silvally-*|\n|poke|p2|Glimmora, F|\n|poke|p2|Cursola, F|\n|poke|p2|Quaquaval, M|\n|poke|p2|Shiftry, M|\n|poke|p2|Haxorus, M|\n|poke|p2|Charizard, M|\n|teampreview\n|inactive|Battle timer is ON: inactive players will automatically lose when time's up. (requested by kurokodora)\n|\n|t:|1698549307\n|start\n|switch|p1a: Reshiram|Reshiram|100\/100\n|switch|p2a: Glimmora|Glimmora, F|100\/100\n|-ability|p1a: Reshiram|Turboblaze\n|turn|1\n|\n|t:|1698549324\n|move|p1a: Reshiram|Blue Flare|p2a: Glimmora\n|-resisted|p2a: Glimmora\n|-damage|p2a: Glimmora|52\/100\n|move|p2a: Glimmora|Stealth Rock|p1a: Reshiram\n|-sidestart|p1: Please let gg|move: Stealth Rock\n|\n|upkeep\n|turn|2\n|\n|t:|1698549331\n|move|p1a: Reshiram|Blue Flare|p2a: Glimmora\n|-resisted|p2a: Glimmora\n|-damage|p2a: Glimmora|5\/100\n|-status|p2a: Glimmora|brn\n|move|p2a: Glimmora|Power Gem|p1a: Reshiram\n|-supereffective|p1a: Reshiram\n|-damage|p1a: Reshiram|39\/100\n|\n|-damage|p2a: Glimmora|0 fnt|[from] brn\n|faint|p2a: Glimmora\n|upkeep\n|\n|t:|1698549344\n|switch|p2a: Quaquaval|Quaquaval, M|100\/100\n|turn|3\n|\n|t:|1698549348\n|move|p1a: Reshiram|Blue Flare|p2a: Quaquaval|[miss]\n|-miss|p1a: Reshiram|p2a: Quaquaval\n|move|p2a: Quaquaval|Bulk Up|p2a: Quaquaval\n|-boost|p2a: Quaquaval|atk|1\n|-boost|p2a: Quaquaval|def|1\n|\n|upkeep\n|turn|4\n|\n|t:|1698549355\n|move|p1a: Reshiram|Blue Flare|p2a: Quaquaval\n|-resisted|p2a: Quaquaval\n|-damage|p2a: Quaquaval|50\/100\n|-status|p2a: Quaquaval|brn\n|move|p2a: Quaquaval|Aqua Step|p1a: Reshiram\n|-damage|p1a: Reshiram|15\/100\n|-boost|p2a: Quaquaval|spe|1\n|\n|-damage|p2a: Quaquaval|44\/100 brn|[from] brn\n|upkeep\n|turn|5\n|\n|t:|1698549367\n|move|p2a: Quaquaval|Low Sweep|p1a: Reshiram\n|-damage|p1a: Reshiram|0 fnt\n|faint|p1a: Reshiram\n|-ability|p2a: Quaquaval|Moxie|boost\n|-boost|p2a: Quaquaval|atk|1\n|\n|-damage|p2a: Quaquaval|38\/100 brn|[from] brn\n|upkeep\n|\n|t:|1698549379\n|switch|p1a: Silvally|Silvally-Water|100\/100\n|-damage|p1a: Silvally|88\/100|[from] Stealth Rock\n|turn|6\n|\n|t:|1698549389\n|move|p2a: Quaquaval|Low Sweep|p1a: Silvally\n|-damage|p1a: Silvally|57\/100\n|-unboost|p1a: Silvally|spe|1\n|move|p1a: Silvally|Flash Cannon|p2a: Quaquaval\n|-resisted|p2a: Quaquaval\n|-damage|p2a: Quaquaval|24\/100 brn\n|\n|-damage|p2a: Quaquaval|18\/100 brn|[from] brn\n|upkeep\n|turn|7\n|\n|t:|1698549399\n|move|p2a: Quaquaval|Low Sweep|p1a: Silvally\n|-damage|p1a: Silvally|26\/100\n|-unboost|p1a: Silvally|spe|1\n|move|p1a: Silvally|Ice Beam|p2a: Quaquaval\n|-resisted|p2a: Quaquaval\n|-damage|p2a: Quaquaval|3\/100 brn\n|\n|-damage|p2a: Quaquaval|0 fnt|[from] brn\n|faint|p2a: Quaquaval\n|upkeep\n|\n|t:|1698549412\n|switch|p2a: Haxorus|Haxorus, M|100\/100\n|-ability|p2a: Haxorus|Mold Breaker\n|turn|8\n|\n|t:|1698549419\n|-terastallize|p2a: Haxorus|Steel\n|move|p2a: Haxorus|Dragon Dance|p2a: Haxorus\n|-boost|p2a: Haxorus|atk|1\n|-boost|p2a: Haxorus|spe|1\n|move|p1a: Silvally|Ice Beam|p2a: Haxorus\n|-resisted|p2a: Haxorus\n|-damage|p2a: Haxorus|82\/100\n|\n|upkeep\n|turn|9\n|\n|t:|1698549429\n|move|p2a: Haxorus|Psycho Cut|p1a: Silvally\n|-damage|p1a: Silvally|0 fnt\n|faint|p1a: Silvally\n|\n|upkeep\n|\n|t:|1698549439\n|switch|p1a: Ursaluna|Ursaluna, M|100\/100\n|-damage|p1a: Ursaluna|94\/100|[from] Stealth Rock\n|turn|10\n|\n|t:|1698549444\n|switch|p2a: Charizard|Charizard, M|100\/100\n|-terastallize|p1a: Ursaluna|Ground\n|move|p1a: Ursaluna|Earthquake|p2a: Charizard\n|-immune|p2a: Charizard\n|\n|-status|p1a: Ursaluna|brn|[from] item: Flame Orb\n|upkeep\n|turn|11\n|\n|t:|1698549456\n|switch|p2a: Cursola|Cursola, F|100\/100\n|move|p1a: Ursaluna|Close Combat|p2a: Cursola\n|-immune|p2a: Cursola\n|\n|-damage|p1a: Ursaluna|88\/100 brn|[from] brn\n|upkeep\n|turn|12\n|\n|t:|1698549467\n|move|p1a: Ursaluna|Fire Punch|p2a: Cursola\n|-damage|p2a: Cursola|38\/100\n|-ability|p2a: Cursola|Perish Body\n|move|p2a: Cursola|Calm Mind|p2a: Cursola\n|-boost|p2a: Cursola|spa|1\n|-boost|p2a: Cursola|spd|1\n|\n|-damage|p1a: Ursaluna|82\/100 brn|[from] brn\n|-start|p1a: Ursaluna|perish3\n|-start|p2a: Cursola|perish3\n|upkeep\n|turn|13\n|-activate|p2a: Cursola|item: Quick Claw\n|\n|t:|1698549481\n|move|p2a: Cursola|Shadow Ball|p1a: Ursaluna\n|-damage|p1a: Ursaluna|17\/100 brn\n|move|p1a: Ursaluna|Fire Punch|p2a: Cursola\n|-damage|p2a: Cursola|0 fnt\n|faint|p2a: Cursola\n|\n|-damage|p1a: Ursaluna|11\/100 brn|[from] brn\n|-start|p1a: Ursaluna|perish2\n|upkeep\n|\n|t:|1698549494\n|switch|p2a: Shiftry|Shiftry, M|100\/100\n|turn|14\n|\n|t:|1698549500\n|move|p2a: Shiftry|Trailblaze|p1a: Ursaluna\n|-supereffective|p1a: Ursaluna\n|-damage|p1a: Ursaluna|0 fnt\n|-boost|p2a: Shiftry|spe|1\n|faint|p1a: Ursaluna\n|\n|upkeep\n|\n|t:|1698549507\n|switch|p1a: Mewtwo|Mewtwo|100\/100\n|-ability|p1a: Mewtwo|Unnerve\n|-damage|p1a: Mewtwo|88\/100|[from] Stealth Rock\n|turn|15\n|\n|t:|1698549516\n|detailschange|p1a: Mewtwo|Mewtwo-Mega-Y\n|-mega|p1a: Mewtwo|Mewtwo|Mewtwonite Y\n|move|p2a: Shiftry|Knock Off|p1a: Mewtwo\n|-supereffective|p1a: Mewtwo\n|-damage|p1a: Mewtwo|33\/100\n|move|p1a: Mewtwo|Aura Sphere|p2a: Shiftry\n|-supereffective|p2a: Shiftry\n|-damage|p2a: Shiftry|0 fnt\n|faint|p2a: Shiftry\n|\n|upkeep\n|\n|t:|1698549528\n|switch|p2a: Charizard|Charizard, M|100\/100\n|turn|16\n|\n|t:|1698549535\n|detailschange|p2a: Charizard|Charizard-Mega-X, M\n|-mega|p2a: Charizard|Charizard|Charizardite X\n|move|p1a: Mewtwo|Psystrike|p2a: Charizard\n|-damage|p2a: Charizard|36\/100\n|move|p2a: Charizard|Dragon Dance|p2a: Charizard\n|-boost|p2a: Charizard|atk|1\n|-boost|p2a: Charizard|spe|1\n|\n|upkeep\n|turn|17\n|\n|t:|1698549544\n|move|p2a: Charizard|Fire Punch|p1a: Mewtwo\n|-damage|p1a: Mewtwo|0 fnt\n|faint|p1a: Mewtwo\n|\n|upkeep\n|\n|t:|1698549549\n|switch|p1a: Sylveon|Sylveon, F|100\/100\n|-damage|p1a: Sylveon|88\/100|[from] Stealth Rock\n|turn|18\n|\n|t:|1698549553\n|move|p2a: Charizard|Fire Punch|p1a: Sylveon\n|-damage|p1a: Sylveon|1\/100\n|move|p1a: Sylveon|Moonblast|p2a: Charizard\n|-damage|p2a: Charizard|0 fnt\n|faint|p2a: Charizard\n|\n|upkeep\n|\n|t:|1698549561\n|switch|p2a: Haxorus|Haxorus, M, tera:Steel|82\/100\n|-ability|p2a: Haxorus|Mold Breaker\n|turn|19\n|\n|t:|1698549567\n|move|p2a: Haxorus|Dragon Dance|p2a: Haxorus\n|-boost|p2a: Haxorus|atk|1\n|-boost|p2a: Haxorus|spe|1\n|move|p1a: Sylveon|Moonblast|p2a: Haxorus\n|-resisted|p2a: Haxorus\n|-crit|p2a: Haxorus\n|-damage|p2a: Haxorus|30\/100\n|-unboost|p2a: Haxorus|spa|1\n|\n|upkeep\n|turn|20\n|\n|t:|1698549577\n|move|p2a: Haxorus|Iron Head|p1a: Sylveon\n|-supereffective|p1a: Sylveon\n|-damage|p1a: Sylveon|0 fnt\n|faint|p1a: Sylveon\n|\n|upkeep\n|\n|t:|1698549582\n|switch|p1a: Sirfetch\u2019d|Sirfetch\u2019d, F|100\/100\n|-damage|p1a: Sirfetch\u2019d|94\/100|[from] Stealth Rock\n|turn|21\n|\n|t:|1698549589\n|move|p1a: Sirfetch\u2019d|First Impression|p2a: Haxorus\n|-resisted|p2a: Haxorus\n|-damage|p2a: Haxorus|13\/100\n|move|p2a: Haxorus|Psycho Cut|p1a: Sirfetch\u2019d\n|-supereffective|p1a: Sirfetch\u2019d\n|-damage|p1a: Sirfetch\u2019d|8\/100\n|\n|upkeep\n|turn|22\n|\n|t:|1698549597\n|move|p2a: Haxorus|Iron Head|p1a: Sirfetch\u2019d\n|-damage|p1a: Sirfetch\u2019d|0 fnt\n|faint|p1a: Sirfetch\u2019d\n|\n|win|kurokodora\n|raw|Please let gg's rating: 1111 &rarr; <strong>1085<\/strong><br \/>(-26 for losing)\n|raw|kurokodora's rating: 1103 &rarr; <strong>1129<\/strong><br \/>(+26 for winning)\n|l|\u2606Please let gg\n","uploadtime":1698549604,"views":8,"p1id":"pleaseletgg","p2id":"kurokodora","formatid":"gen9nationaldexubers","rating":1085,"private":0,"password":""}