{"id":"gen9nationaldexubers-1983611892","p1":"AstroCheeseChamp","p2":"Disco 2003","format":"[Gen 9] National Dex Ubers","log":"|j|\u2606AstroCheeseChamp\n|j|\u2606Disco 2003\n|t:|1699149336\n|gametype|singles\n|player|p1|AstroCheeseChamp|lusamine-masters|\n|player|p2|Disco 2003|102|\n|teamsize|p1|6\n|teamsize|p2|6\n|gen|9\n|tier|[Gen 9] National Dex Ubers\n|rule|HP Percentage Mod: HP is shown in percentages\n|rule|Endless Battle Clause: Forcing endless battles is banned\n|rule|OHKO Clause: OHKO moves are banned\n|rule|Evasion Moves Clause: Evasion moves are banned\n|rule|Evasion Items Clause: Evasion items are banned\n|rule|Species Clause: Limit one of each Pok\u00e9mon\n|rule|Sleep Clause Mod: Limit one foe put to sleep\n|rule|Mega Rayquaza Clause: You cannot mega evolve Rayquaza\n|clearpoke\n|poke|p1|Rotom-Wash|\n|poke|p1|Meowscarada, M|\n|poke|p1|Ferrothorn, M|\n|poke|p1|Sneasler, F|\n|poke|p1|Kyurem|\n|poke|p1|Tapu Lele|\n|poke|p2|Hippowdon, F|\n|poke|p2|Garchomp, M|\n|poke|p2|Mamoswine, F|\n|poke|p2|Excadrill, M|\n|poke|p2|Landorus-Therian, M|\n|poke|p2|Steelix, M|\n|teampreview\n|inactive|Battle timer is ON: inactive players will automatically lose when time's up. (requested by AstroCheeseChamp)\n|c|\u2606AstroCheeseChamp|glhf\n|c|\u2606Disco 2003|u2\n|c|\u2606AstroCheeseChamp|Timer y\/n?\n|c|\u2606Disco 2003|idm\n|c|\u2606AstroCheeseChamp|I'm cool with either\n|c|\u2606Disco 2003|aite\n|inactive|Disco 2003 has 270 seconds left.\n|inactive|AstroCheeseChamp has 270 seconds left.\n|c|\u2606AstroCheeseChamp|I'm actually very surprised at no gastrodon\n|\n|t:|1699149398\n|start\n|switch|p1a: Husk|Kyurem|100\/100\n|switch|p2a: I am the Walrus|Mamoswine, F|100\/100\n|-ability|p1a: Husk|Pressure\n|turn|1\n|c|\u2606Disco 2003|thought about gastro\n|c|\u2606Disco 2003|but ideally i want 7 mons here\n|inactive|Disco 2003 has 270 seconds left.\n|c|\u2606AstroCheeseChamp|and since it's not in this game I'll just tell you the mistake in your team rn\n|c|\u2606AstroCheeseChamp|Nidoking\n|c|\u2606AstroCheeseChamp|also you don't have your wildcard\n|inactive|Disco 2003 has 240 seconds left.\n|j| Guj Genera\n|c|\u2606Disco 2003|oh right i'll have to add it, had it originally\n|\n|t:|1699149475\n|switch|p1a: Kintoki Douji|Rotom-Wash, shiny|100\/100\n|switch|p2a: Dust in the Wind|Hippowdon, F|100\/100\n|-weather|Sandstorm|[from] ability: Sand Stream|[of] p2a: Dust in the Wind\n|\n|-weather|Sandstorm|[upkeep]\n|-damage|p1a: Kintoki Douji|95\/100|[from] Sandstorm\n|-heal|p1a: Kintoki Douji|100\/100|[from] item: Leftovers\n|upkeep\n|turn|2\n|c|\u2606AstroCheeseChamp|Ziggy Stardust (Nidoking) @ Life Orb\n|c|\u2606AstroCheeseChamp|Ability: Poison Point\n|c|\u2606Disco 2003|oh\n|c|\u2606Disco 2003|LMAO\n|inactive|AstroCheeseChamp has 270 seconds left.\n|inactive|Disco 2003 has 210 seconds left.\n|c|\u2606AstroCheeseChamp|You'd feel silly if you brought that against me so I didn't want to say anything\n|c|\u2606AstroCheeseChamp|but you're fine ig\n|c|\u2606Disco 2003|nah that's on QQ\n|inactive|Disco 2003 has 180 seconds left.\n|c|\u2606AstroCheeseChamp|What, did he make the set? lmao\n|c|\u2606Disco 2003|it used to be sheer force he probably changed it\n|c|\u2606AstroCheeseChamp|oh he changed it?\n|c|\u2606AstroCheeseChamp|lmao\n|c|\u2606Disco 2003|by accident of course\n|c| Guj Genera|What\u2019s the wildcard? I\u2019m curious. Doesn\u2019t really matter to me what it is because I\u2019ve beat the gym.\n|c|\u2606Disco 2003|i doubt he wants me to run pp\n|inactive|Disco 2003 has 150 seconds left.\n|\n|t:|1699149561\n|move|p1a: Kintoki Douji|Hydro Pump|p2a: Dust in the Wind\n|-supereffective|p2a: Dust in the Wind\n|-damage|p2a: Dust in the Wind|46\/100\n|move|p2a: Dust in the Wind|Stealth Rock|p1a: Kintoki Douji\n|-sidestart|p1: AstroCheeseChamp|move: Stealth Rock\n|\n|-weather|Sandstorm|[upkeep]\n|-damage|p1a: Kintoki Douji|95\/100|[from] Sandstorm\n|-heal|p1a: Kintoki Douji|100\/100|[from] item: Leftovers\n|upkeep\n|turn|3\n|inactive|Disco 2003 has 150 seconds left.\n|c|\u2606AstroCheeseChamp|Intense 50\/50 time\n|inactive|Disco 2003 has 120 seconds left.\n|\n|t:|1699149608\n|switch|p2a: Eye of the Storm|Steelix, M|100\/100\n|move|p1a: Kintoki Douji|Will-O-Wisp|p2a: Eye of the Storm\n|-status|p2a: Eye of the Storm|brn\n|\n|-weather|Sandstorm|[upkeep]\n|-damage|p1a: Kintoki Douji|95\/100|[from] Sandstorm\n|-heal|p1a: Kintoki Douji|100\/100|[from] item: Leftovers\n|-damage|p2a: Eye of the Storm|94\/100 brn|[from] brn\n|upkeep\n|turn|4\n|inactive|Disco 2003 has 120 seconds left.\n|c| Guj Genera|Oof that\u2019s bad\n|inactive|AstroCheeseChamp has 240 seconds left.\n|c| Guj Genera|AstroCheeseChamp, maybe turn off timer so Tez doesn\u2019t run out of time.\n|\n|t:|1699149646\n|move|p1a: Kintoki Douji|Hydro Pump|p2a: Eye of the Storm|[miss]\n|-miss|p1a: Kintoki Douji|p2a: Eye of the Storm\n|move|p2a: Eye of the Storm|Rest|p2a: Eye of the Storm\n|-status|p2a: Eye of the Storm|slp|[from] move: Rest\n|-heal|p2a: Eye of the Storm|100\/100 slp|[silent]\n|\n|-weather|Sandstorm|[upkeep]\n|-damage|p1a: Kintoki Douji|95\/100|[from] Sandstorm\n|-heal|p1a: Kintoki Douji|100\/100|[from] item: Leftovers\n|upkeep\n|turn|5\n|inactive|Disco 2003 has 120 seconds left.\n|\n|t:|1699149659\n|move|p1a: Kintoki Douji|Hydro Pump|p2a: Eye of the Storm\n|-supereffective|p2a: Eye of the Storm\n|-damage|p2a: Eye of the Storm|0 fnt\n|faint|p2a: Eye of the Storm\n|\n|-weather|Sandstorm|[upkeep]\n|-damage|p1a: Kintoki Douji|95\/100|[from] Sandstorm\n|-heal|p1a: Kintoki Douji|100\/100|[from] item: Leftovers\n|upkeep\n|c|\u2606AstroCheeseChamp|we both agreed to it\n|c|\u2606AstroCheeseChamp|also uh\n|\n|t:|1699149667\n|switch|p2a: Harvest Moon|Landorus-Therian, M|100\/100\n|-ability|p2a: Harvest Moon|Intimidate|boost\n|-unboost|p1a: Kintoki Douji|atk|1\n|turn|6\n|c|\u2606AstroCheeseChamp|isn't that mega\n|inactive|Disco 2003 has 120 seconds left.\n|c|\u2606AstroCheeseChamp|I had no idea Rotom hit so hard...\n|c| Guj Genera|Didn\u2019t u see his paste.\n|\n|t:|1699149690\n|switch|p1a: Nut|Ferrothorn, M, shiny|100\/100\n|-damage|p1a: Nut|95\/100|[from] Stealth Rock\n|move|p2a: Harvest Moon|Explosion|p1a: Nut\n|-resisted|p1a: Nut\n|-damage|p1a: Nut|63\/100\n|faint|p2a: Harvest Moon\n|\n|-weather|Sandstorm|[upkeep]\n|-heal|p1a: Nut|69\/100|[from] item: Leftovers\n|upkeep\n|c|\u2606AstroCheeseChamp|Tez come on, I use HO\n|\n|t:|1699149696\n|switch|p2a: Maneater|Garchomp, M|100\/100\n|turn|7\n|c|\u2606AstroCheeseChamp|You think I didn't see that a mile away?\n|c| Guj Genera|He has more than one mega which u should have seen.\n|c|\u2606Disco 2003|no i did\n|c|\u2606Disco 2003|50\/50\n|c|\u2606Disco 2003|you stay in i lose another mon\n|inactive|AstroCheeseChamp has 210 seconds left.\n|\n|t:|1699149722\n|move|p2a: Maneater|Swords Dance|p2a: Maneater\n|-boost|p2a: Maneater|atk|2\n|move|p1a: Nut|Leech Seed|p2a: Maneater|[miss]\n|-miss|p1a: Nut|p2a: Maneater\n|\n|-weather|Sandstorm|[upkeep]\n|-heal|p1a: Nut|75\/100|[from] item: Leftovers\n|upkeep\n|turn|8\n|c|\u2606Disco 2003|if you use HO you know i have no business winning this\n|c|\u2606AstroCheeseChamp|oh, this is bad.\n|inactive|AstroCheeseChamp has 210 seconds left.\n|inactive|Disco 2003 has 120 seconds left.\n|c|\u2606AstroCheeseChamp|well, gambling time.\n|c|\u2606AstroCheeseChamp|most people have Adventure Time\n|c|\u2606AstroCheeseChamp|I have Gamble Time\n|inactive|Disco 2003 has 90 seconds left.\n|c|\u2606AstroCheeseChamp|the way I see it, I wall everything Garchomp has, but with different mons.\n|\n|t:|1699149780\n|switch|p1a: Hapi|Tapu Lele, shiny|100\/100\n|-damage|p1a: Hapi|88\/100|[from] Stealth Rock\n|-fieldstart|move: Psychic Terrain|[from] ability: Psychic Surge|[of] p1a: Hapi\n|move|p2a: Maneater|Fire Fang|p1a: Hapi\n|-damage|p1a: Hapi|18\/100\n|\n|-weather|none\n|upkeep\n|turn|9\n|c| Guj Genera|Serise wanna hear a joke about pizza?\n|\n|t:|1699149794\n|move|p2a: Maneater|Earthquake|p1a: Hapi\n|-damage|p1a: Hapi|0 fnt\n|faint|p1a: Hapi\n|\n|upkeep\n|c|\u2606AstroCheeseChamp|I love pizza so it better be good.\n|c| Guj Genera|Never mind. It\u2019s too cheesy!!\n|c|\u2606AstroCheeseChamp|I'm from NJ\n|c|\u2606AstroCheeseChamp|genuine anger rn\n|\n|t:|1699149813\n|switch|p1a: Jambo|Meowscarada, M|100\/100\n|-damage|p1a: Jambo|88\/100|[from] Stealth Rock\n|turn|10\n|inactive|Disco 2003 has 90 seconds left.\n|inactive|AstroCheeseChamp has 180 seconds left.\n|inactive|Disco 2003 has 60 seconds left.\n|c| Guj Genera|Hehehehehehe. Let the anger flow through you. This is the power of the dark side.\n|l| Guj Genera\n|c|\u2606AstroCheeseChamp|wait a second\n|c|\u2606AstroCheeseChamp|I'll just sack Meowscarada!\n|inactive|Disco 2003 has 30 seconds left.\n|\n|t:|1699149882\n|switch|p2a: Dust in the Wind|Hippowdon, F|46\/100\n|-weather|Sandstorm|[from] ability: Sand Stream|[of] p2a: Dust in the Wind\n|move|p1a: Jambo|Flower Trick|p2a: Dust in the Wind\n|-start|p1a: Jambo|typechange|Grass|[from] ability: Protean\n|-supereffective|p2a: Dust in the Wind\n|-crit|p2a: Dust in the Wind\n|-damage|p2a: Dust in the Wind|0 fnt\n|faint|p2a: Dust in the Wind\n|\n|-weather|Sandstorm|[upkeep]\n|-damage|p1a: Jambo|82\/100|[from] Sandstorm\n|upkeep\n|inactive|Disco 2003 has 30 seconds left.\n|\n|t:|1699149896\n|switch|p2a: Enter Sandman|Excadrill, M|100\/100\n|turn|11\n|inactive|Disco 2003 has 30 seconds left.\n|\n|t:|1699149910\n|switch|p2a: I am the Walrus|Mamoswine, F|100\/100\n|switch|p1a: Nut|Ferrothorn, M, shiny|75\/100\n|-damage|p1a: Nut|69\/100|[from] Stealth Rock\n|\n|-weather|Sandstorm|[upkeep]\n|-heal|p1a: Nut|75\/100|[from] item: Leftovers\n|upkeep\n|turn|12\n|inactive|AstroCheeseChamp has 180 seconds left.\n|\n|t:|1699149925\n|move|p2a: I am the Walrus|Superpower|p1a: Nut\n|-supereffective|p1a: Nut\n|-damage|p1a: Nut|0 fnt\n|-unboost|p2a: I am the Walrus|atk|1\n|-unboost|p2a: I am the Walrus|def|1\n|-damage|p2a: I am the Walrus|88\/100|[from] ability: Iron Barbs|[of] p1a: Nut\n|faint|p1a: Nut\n|\n|-weather|Sandstorm|[upkeep]\n|-fieldend|move: Psychic Terrain\n|upkeep\n|\n|t:|1699149946\n|switch|p1a: Jambo|Meowscarada, M|82\/100\n|-damage|p1a: Jambo|70\/100|[from] Stealth Rock\n|turn|13\n|\n|t:|1699149951\n|move|p1a: Jambo|Flower Trick|p2a: I am the Walrus\n|-start|p1a: Jambo|typechange|Grass|[from] ability: Protean\n|-supereffective|p2a: I am the Walrus\n|-crit|p2a: I am the Walrus\n|-damage|p2a: I am the Walrus|0 fnt\n|faint|p2a: I am the Walrus\n|\n|-weather|Sandstorm|[upkeep]\n|-damage|p1a: Jambo|64\/100|[from] Sandstorm\n|upkeep\n|c|\u2606AstroCheeseChamp|That helps\n|inactive|Disco 2003 has 30 seconds left.\n|inactive|Disco 2003 has 20 seconds left.\n|inactive|Disco 2003 has 15 seconds left.\n|\n|t:|1699149992\n|switch|p2a: Enter Sandman|Excadrill, M|100\/100\n|turn|14\n|inactive|Disco 2003 has 25 seconds left this turn.\n|inactive|Disco 2003 has 20 seconds left.\n|inactive|Disco 2003 has 15 seconds left.\n|\n|t:|1699150003\n|move|p2a: Enter Sandman|Iron Head|p1a: Jambo\n|-damage|p1a: Jambo|0 fnt\n|faint|p1a: Jambo\n|\n|-weather|Sandstorm|[upkeep]\n|upkeep\n|inactive|Disco 2003 has 20 seconds left this turn.\n|\n|t:|1699150006\n|switch|p1a: Kintoki Douji|Rotom-Wash, shiny|100\/100\n|-damage|p1a: Kintoki Douji|88\/100|[from] Stealth Rock\n|turn|15\n|inactive|Disco 2003 has 30 seconds left this turn.\n|\n|t:|1699150013\n|move|p2a: Enter Sandman|Swords Dance|p2a: Enter Sandman\n|-boost|p2a: Enter Sandman|atk|2\n|move|p1a: Kintoki Douji|Will-O-Wisp|p2a: Enter Sandman\n|-status|p2a: Enter Sandman|brn\n|\n|-weather|Sandstorm|[upkeep]\n|-damage|p1a: Kintoki Douji|82\/100|[from] Sandstorm\n|-heal|p1a: Kintoki Douji|88\/100|[from] item: Leftovers\n|-damage|p2a: Enter Sandman|94\/100 brn|[from] brn\n|upkeep\n|turn|16\n|inactive|Disco 2003 has 30 seconds left.\n|\n|t:|1699150019\n|move|p2a: Enter Sandman|Iron Head|p1a: Kintoki Douji\n|-resisted|p1a: Kintoki Douji\n|-damage|p1a: Kintoki Douji|80\/100\n|move|p1a: Kintoki Douji|Hydro Pump|p2a: Enter Sandman|[miss]\n|-miss|p1a: Kintoki Douji|p2a: Enter Sandman\n|\n|-weather|Sandstorm|[upkeep]\n|-damage|p1a: Kintoki Douji|74\/100|[from] Sandstorm\n|-heal|p1a: Kintoki Douji|80\/100|[from] item: Leftovers\n|-damage|p2a: Enter Sandman|88\/100 brn|[from] brn\n|upkeep\n|turn|17\n|\n|t:|1699150023\n|move|p2a: Enter Sandman|Rapid Spin|p1a: Kintoki Douji\n|-damage|p1a: Kintoki Douji|67\/100\n|-boost|p2a: Enter Sandman|spe|1\n|move|p1a: Kintoki Douji|Hydro Pump|p2a: Enter Sandman\n|-supereffective|p2a: Enter Sandman\n|-damage|p2a: Enter Sandman|0 fnt\n|faint|p2a: Enter Sandman\n|\n|-weather|none\n|-heal|p1a: Kintoki Douji|72\/100|[from] item: Leftovers\n|upkeep\n|\n|t:|1699150029\n|switch|p2a: Maneater|Garchomp, M|100\/100\n|turn|18\n|\n|t:|1699150035\n|detailschange|p2a: Maneater|Garchomp-Mega, M\n|-mega|p2a: Maneater|Garchomp|Garchompite\n|move|p2a: Maneater|Swords Dance|p2a: Maneater\n|-boost|p2a: Maneater|atk|2\n|move|p1a: Kintoki Douji|Will-O-Wisp|p2a: Maneater\n|-status|p2a: Maneater|brn\n|\n|-heal|p1a: Kintoki Douji|78\/100|[from] item: Leftovers\n|-damage|p2a: Maneater|94\/100 brn|[from] brn\n|upkeep\n|turn|19\n|inactive|AstroCheeseChamp has 210 seconds left.\n|\n|t:|1699150051\n|move|p2a: Maneater|Scale Shot|p1a: Kintoki Douji\n|-damage|p1a: Kintoki Douji|66\/100\n|-damage|p1a: Kintoki Douji|54\/100\n|-damage|p1a: Kintoki Douji|41\/100\n|-hitcount|p1a: Kintoki Douji|3\n|-unboost|p2a: Maneater|def|1\n|-boost|p2a: Maneater|spe|1\n|move|p1a: Kintoki Douji|Hydro Pump|p2a: Maneater\n|-damage|p2a: Maneater|51\/100 brn\n|\n|-heal|p1a: Kintoki Douji|47\/100|[from] item: Leftovers\n|-damage|p2a: Maneater|45\/100 brn|[from] brn\n|upkeep\n|turn|20\n|inactive|AstroCheeseChamp has 210 seconds left.\n|c|\u2606AstroCheeseChamp|Four hits and I'm in a bad spot\n|\n|t:|1699150074\n|move|p2a: Maneater|Scale Shot|p1a: Kintoki Douji\n|-damage|p1a: Kintoki Douji|35\/100\n|-damage|p1a: Kintoki Douji|23\/100\n|-damage|p1a: Kintoki Douji|11\/100\n|-hitcount|p1a: Kintoki Douji|3\n|-unboost|p2a: Maneater|def|1\n|-boost|p2a: Maneater|spe|1\n|move|p1a: Kintoki Douji|Hydro Pump|p2a: Maneater\n|-damage|p2a: Maneater|3\/100 brn\n|\n|-heal|p1a: Kintoki Douji|17\/100|[from] item: Leftovers\n|-damage|p2a: Maneater|0 fnt|[from] brn\n|faint|p2a: Maneater\n|\n|win|AstroCheeseChamp\n|upkeep\n|c|\u2606Disco 2003|miss and you're in a bad spot plzzz\n|c|\u2606AstroCheeseChamp|gg\n|c|\u2606Disco 2003|gg\n|c|\u2606AstroCheeseChamp|Cheese Champion victory if I've ever seen one\n|c|\u2606AstroCheeseChamp|you did well\n|c|\u2606AstroCheeseChamp|that was stressful\n|c|\u2606Disco 2003|wp\n|c|\u2606AstroCheeseChamp|but I like those kinds of games\n|c|\u2606AstroCheeseChamp|Also please tell QQ that you're fixing your Nidoking lol\n|l|\u2606AstroCheeseChamp\n|c|\u2606Disco 2003|ya will do\n","uploadtime":1699150113,"views":13,"p1id":"astrocheesechamp","p2id":"disco2003","formatid":"gen9nationaldexubers","rating":0,"private":0,"password":""}