{"id":"gen9nationaldexubers-1995592192","p1":"Samu1309","p2":"Tran minh quan","format":"[Gen 9] National Dex Ubers","log":"|j|\u2606Samu1309\n|j|\u2606Tran minh quan\n|t:|1700585677\n|gametype|singles\n|player|p1|Samu1309|red|1050\n|player|p2|Tran minh quan|lucas|1073\n|teamsize|p1|6\n|teamsize|p2|2\n|gen|9\n|tier|[Gen 9] National Dex Ubers\n|rated|\n|rule|HP Percentage Mod: HP is shown in percentages\n|rule|Endless Battle Clause: Forcing endless battles is banned\n|rule|OHKO Clause: OHKO moves are banned\n|rule|Evasion Moves Clause: Evasion moves are banned\n|rule|Evasion Items Clause: Evasion items are banned\n|rule|Species Clause: Limit one of each Pok\u00e9mon\n|rule|Sleep Clause Mod: Limit one foe put to sleep\n|rule|Mega Rayquaza Clause: You cannot mega evolve Rayquaza\n|clearpoke\n|poke|p1|Heracross, F|\n|poke|p1|Arctovish|\n|poke|p1|Tapu Bulu|\n|poke|p1|Groudon|\n|poke|p1|Bellibolt, M|\n|poke|p1|Zeraora|\n|poke|p2|Metang|\n|poke|p2|Litten, M|\n|teampreview\n|\n|t:|1700585681\n|start\n|switch|p1a: Arctovish|Arctovish, shiny|100\/100\n|switch|p2a: Litten|Litten, M|100\/100\n|-ability|p2a: Litten|Intimidate|boost\n|-unboost|p1a: Arctovish|atk|1\n|turn|1\n|\n|t:|1700585690\n|move|p2a: Litten|Flame Charge|p1a: Arctovish\n|-damage|p1a: Arctovish|85\/100\n|-boost|p2a: Litten|spe|1\n|-damage|p2a: Litten|84\/100|[from] item: Rocky Helmet|[of] p1a: Arctovish\n|move|p1a: Arctovish|Aurora Veil||[still]\n|-fail|p1a: Arctovish\n|\n|upkeep\n|turn|2\n|\n|t:|1700585698\n|move|p2a: Litten|Fire Fang|p1a: Arctovish\n|-damage|p1a: Arctovish|65\/100\n|-damage|p2a: Litten|68\/100|[from] item: Rocky Helmet|[of] p1a: Arctovish\n|move|p1a: Arctovish|Aurora Veil||[still]\n|-fail|p1a: Arctovish\n|\n|upkeep\n|turn|3\n|\n|t:|1700585711\n|move|p2a: Litten|Fire Fang|p1a: Arctovish\n|-damage|p1a: Arctovish|46\/100\n|-damage|p2a: Litten|51\/100|[from] item: Rocky Helmet|[of] p1a: Arctovish\n|move|p1a: Arctovish|Hail|p1a: Arctovish\n|-weather|Hail\n|\n|-weather|Hail|[upkeep]\n|-damage|p2a: Litten|45\/100|[from] Hail\n|-heal|p1a: Arctovish|53\/100|[from] ability: Ice Body\n|upkeep\n|turn|4\n|\n|t:|1700585723\n|move|p2a: Litten|Flame Charge|p1a: Arctovish\n|-crit|p1a: Arctovish\n|-damage|p1a: Arctovish|30\/100\n|-boost|p2a: Litten|spe|1\n|-damage|p2a: Litten|29\/100|[from] item: Rocky Helmet|[of] p1a: Arctovish\n|move|p1a: Arctovish|Aurora Veil|p1a: Arctovish\n|-sidestart|p1: Samu1309|move: Aurora Veil\n|\n|-weather|Hail|[upkeep]\n|-damage|p2a: Litten|23\/100|[from] Hail\n|-heal|p1a: Arctovish|36\/100|[from] ability: Ice Body\n|upkeep\n|turn|5\n|\n|t:|1700585744\n|switch|p1a: Groudon|Groudon, shiny|100\/100\n|detailschange|p1a: Groudon|Groudon-Primal, shiny\n|-primal|p1a: Groudon|Red Orb\n|-weather|DesolateLand|[from] ability: Desolate Land|[of] p1a: Groudon\n|move|p2a: Litten|Flame Charge|p1a: Groudon\n|-resisted|p1a: Groudon\n|-damage|p1a: Groudon|97\/100\n|-boost|p2a: Litten|spe|1\n|\n|-weather|DesolateLand|[upkeep]\n|upkeep\n|turn|6\n|\n|t:|1700585755\n|move|p2a: Litten|Scratch|p1a: Groudon\n|-damage|p1a: Groudon|95\/100\n|move|p1a: Groudon|Precipice Blades|p2a: Litten\n|-supereffective|p2a: Litten\n|-damage|p2a: Litten|0 fnt\n|faint|p2a: Litten\n|\n|-weather|DesolateLand|[upkeep]\n|upkeep\n|\n|t:|1700585763\n|switch|p2a: Metang|Metang|100\/100\n|turn|7\n|inactive|Battle timer is ON: inactive players will automatically lose when time's up. (requested by Samu1309)\n|\n|t:|1700585771\n|-weather|none\n|switch|p1a: Heracross|Heracross, F, shiny|100\/100\n|move|p2a: Metang|Meteor Mash|p1a: Heracross\n|-damage|p1a: Heracross|85\/100\n|\n|upkeep\n|turn|8\n|\n|t:|1700585781\n|detailschange|p1a: Heracross|Heracross-Mega, F, shiny\n|-mega|p1a: Heracross|Heracross|Heracronite\n|move|p2a: Metang|Bullet Punch|p1a: Heracross\n|-damage|p1a: Heracross|80\/100\n|move|p1a: Heracross|Bulk Up|p1a: Heracross\n|-boost|p1a: Heracross|atk|1\n|-boost|p1a: Heracross|def|1\n|\n|-sideend|p1: Samu1309|move: Aurora Veil\n|upkeep\n|turn|9\n|\n|t:|1700585790\n|move|p1a: Heracross|Brick Break|p2a: Metang\n|-damage|p2a: Metang|38\/100\n|move|p2a: Metang|Meteor Mash|p1a: Heracross|[miss]\n|-miss|p2a: Metang|p1a: Heracross\n|\n|upkeep\n|turn|10\n|\n|t:|1700585797\n|move|p1a: Heracross|Close Combat|p2a: Metang\n|-damage|p2a: Metang|0 fnt\n|-unboost|p1a: Heracross|def|1\n|-unboost|p1a: Heracross|spd|1\n|faint|p2a: Metang\n|\n|win|Samu1309\n|raw|Samu1309's rating: 1050 &rarr; <strong>1085<\/strong><br \/>(+35 for winning)\n|raw|Tran minh quan's rating: 1073 &rarr; <strong>1051<\/strong><br \/>(-22 for losing)\n|l|\u2606Samu1309\n","uploadtime":1700585812,"views":6,"p1id":"samu1309","p2id":"tranminhquan","formatid":"gen9nationaldexubers","rating":1051,"private":0,"password":""}