{"id":"gen9nationaldexubers-1983693795","p1":"DriPJayJay","p2":"RowletTheAnimator","format":"[Gen 9] National Dex Ubers","log":"|j|\u2606DriPJayJay\n|j|\u2606RowletTheAnimator\n|t:|1699162099\n|gametype|singles\n|player|p1|DriPJayJay|hilbert|1037\n|player|p2|RowletTheAnimator|emmet|1059\n|teamsize|p1|6\n|teamsize|p2|6\n|gen|9\n|tier|[Gen 9] National Dex Ubers\n|rated|\n|rule|HP Percentage Mod: HP is shown in percentages\n|rule|Endless Battle Clause: Forcing endless battles is banned\n|rule|OHKO Clause: OHKO moves are banned\n|rule|Evasion Moves Clause: Evasion moves are banned\n|rule|Evasion Items Clause: Evasion items are banned\n|rule|Species Clause: Limit one of each Pok\u00e9mon\n|rule|Sleep Clause Mod: Limit one foe put to sleep\n|rule|Mega Rayquaza Clause: You cannot mega evolve Rayquaza\n|clearpoke\n|poke|p1|Parasect, F|\n|poke|p1|Simisage, M|\n|poke|p1|Druddigon, M|\n|poke|p1|Mr. Mime, F|\n|poke|p1|Glastrier|\n|poke|p1|Tapu Lele|\n|poke|p2|Tinkaton, F|\n|poke|p2|Chi-Yu|\n|poke|p2|Flutter Mane|\n|poke|p2|Ogerpon-Cornerstone, F|\n|poke|p2|Lapras, F|\n|poke|p2|Whimsicott, F|\n|teampreview\n|\n|t:|1699162107\n|start\n|switch|p1a: Mr. Mime|Mr. Mime, F|100\/100\n|switch|p2a: Whimsii|Whimsicott, F|100\/100\n|turn|1\n|\n|t:|1699162113\n|move|p1a: Mr. Mime|Fake Out|p2a: Whimsii\n|-damage|p2a: Whimsii|91\/100\n|cant|p2a: Whimsii|flinch\n|\n|-heal|p2a: Whimsii|97\/100|[from] item: Leftovers\n|upkeep\n|turn|2\n|\n|t:|1699162121\n|move|p2a: Whimsii|Tailwind|p2a: Whimsii\n|-sidestart|p2: RowletTheAnimator|move: Tailwind\n|move|p1a: Mr. Mime|Light Screen|p1a: Mr. Mime\n|-sidestart|p1: DriPJayJay|move: Light Screen\n|\n|-heal|p2a: Whimsii|100\/100|[from] item: Leftovers\n|upkeep\n|turn|3\n|\n|t:|1699162126\n|move|p2a: Whimsii|Light Screen|p2a: Whimsii\n|-sidestart|p2: RowletTheAnimator|move: Light Screen\n|move|p1a: Mr. Mime|Reflect|p1a: Mr. Mime\n|-sidestart|p1: DriPJayJay|Reflect\n|\n|upkeep\n|turn|4\n|inactive|Battle timer is ON: inactive players will automatically lose when time's up. (requested by DriPJayJay)\n|c|\u2606RowletTheAnimator|well played\n|\n|t:|1699162155\n|move|p2a: Whimsii|Moonblast|p1a: Mr. Mime\n|-damage|p1a: Mr. Mime|87\/100\n|move|p1a: Mr. Mime|Psychic|p2a: Whimsii\n|-damage|p2a: Whimsii|87\/100\n|\n|-heal|p2a: Whimsii|93\/100|[from] item: Leftovers\n|upkeep\n|turn|5\n|c|\u2606DriPJayJay|appreciate it\n|\n|t:|1699162182\n|move|p2a: Whimsii|Moonblast|p1a: Mr. Mime\n|-damage|p1a: Mr. Mime|73\/100\n|move|p1a: Mr. Mime|Psychic|p2a: Whimsii\n|-damage|p2a: Whimsii|80\/100\n|\n|-heal|p2a: Whimsii|86\/100|[from] item: Leftovers\n|-sideend|p2: RowletTheAnimator|move: Tailwind\n|upkeep\n|turn|6\n|inactive|DriPJayJay has 120 seconds left.\n|\n|t:|1699162208\n|switch|p1a: Parasect|Parasect, F|100\/100\n|move|p2a: Whimsii|Moonblast|p1a: Parasect\n|-damage|p1a: Parasect|89\/100\n|\n|-heal|p2a: Whimsii|92\/100|[from] item: Leftovers\n|-heal|p1a: Parasect|96\/100|[from] item: Leftovers\n|upkeep\n|turn|7\n|\n|t:|1699162224\n|move|p2a: Whimsii|Tailwind|p2a: Whimsii\n|-sidestart|p2: RowletTheAnimator|move: Tailwind\n|move|p1a: Parasect|Leech Life|p2a: Whimsii\n|-damage|p2a: Whimsii|62\/100\n|-heal|p1a: Parasect|100\/100|[from] drain|[of] p2a: Whimsii\n|\n|-heal|p2a: Whimsii|68\/100|[from] item: Leftovers\n|-sideend|p2: RowletTheAnimator|move: Light Screen\n|upkeep\n|turn|8\n|\n|t:|1699162238\n|move|p2a: Whimsii|Light Screen|p2a: Whimsii\n|-sidestart|p2: RowletTheAnimator|move: Light Screen\n|move|p1a: Parasect|Leech Life|p2a: Whimsii\n|-damage|p2a: Whimsii|36\/100\n|\n|-heal|p2a: Whimsii|42\/100|[from] item: Leftovers\n|upkeep\n|turn|9\n|\n|t:|1699162253\n|switch|p2a: Nemo|Chi-Yu|100\/100\n|-ability|p2a: Nemo|Beads of Ruin\n|move|p1a: Parasect|Leech Life|p2a: Nemo\n|-damage|p2a: Nemo|58\/100\n|\n|-sideend|p1: DriPJayJay|move: Light Screen\n|upkeep\n|turn|10\n|\n|t:|1699162264\n|switch|p1a: Druddigon|Druddigon, M|100\/100\n|move|p2a: Nemo|Overheat|p1a: Druddigon\n|-resisted|p1a: Druddigon\n|-damage|p1a: Druddigon|27\/100\n|-unboost|p2a: Nemo|spa|2\n|\n|-sideend|p1: DriPJayJay|Reflect\n|-sideend|p2: RowletTheAnimator|move: Tailwind\n|upkeep\n|turn|11\n|\n|t:|1699162272\n|move|p1a: Druddigon|Sucker Punch|p2a: Nemo\n|-resisted|p2a: Nemo\n|-damage|p2a: Nemo|38\/100\n|move|p2a: Nemo|Overheat|p1a: Druddigon\n|-resisted|p1a: Druddigon\n|-damage|p1a: Druddigon|0 fnt\n|-unboost|p2a: Nemo|spa|2\n|faint|p1a: Druddigon\n|\n|upkeep\n|inactive|DriPJayJay has 90 seconds left.\n|\n|t:|1699162292\n|switch|p1a: Glastrier|Glastrier|100\/100\n|turn|12\n|\n|t:|1699162305\n|-terastallize|p1a: Glastrier|Flying\n|move|p2a: Nemo|Overheat|p1a: Glastrier\n|-crit|p1a: Glastrier\n|-damage|p1a: Glastrier|0 fnt\n|-unboost|p2a: Nemo|spa|2\n|faint|p1a: Glastrier\n|\n|-sideend|p2: RowletTheAnimator|move: Light Screen\n|upkeep\n|inactive|DriPJayJay has 90 seconds left.\n|\n|t:|1699162331\n|switch|p1a: Tapu Lele|Tapu Lele|100\/100\n|-fieldstart|move: Psychic Terrain|[from] ability: Psychic Surge|[of] p1a: Tapu Lele\n|turn|13\n|\n|t:|1699162337\n|move|p2a: Nemo|Overheat|p1a: Tapu Lele\n|-damage|p1a: Tapu Lele|65\/100\n|move|p1a: Tapu Lele|Moonblast|p2a: Nemo\n|-damage|p2a: Nemo|0 fnt\n|faint|p2a: Nemo\n|\n|upkeep\n|\n|t:|1699162347\n|switch|p2a: Smash.|Tinkaton, F|100\/100\n|-ability|p2a: Smash.|Mold Breaker\n|turn|14\n|inactive|DriPJayJay has 90 seconds left.\n|\n|t:|1699162370\n|move|p1a: Tapu Lele|Psychic|p2a: Smash.\n|-resisted|p2a: Smash.\n|-damage|p2a: Smash.|71\/100\n|move|p2a: Smash.|Gigaton Hammer|p1a: Tapu Lele\n|-supereffective|p1a: Tapu Lele\n|-damage|p1a: Tapu Lele|0 fnt\n|faint|p1a: Tapu Lele\n|-damage|p2a: Smash.|61\/100|[from] item: Life Orb\n|\n|upkeep\n|-message|DriPJayJay forfeited.\n|\n|win|RowletTheAnimator\n|raw|DriPJayJay's rating: 1037 &rarr; <strong>1022<\/strong><br \/>(-15 for losing)\n|raw|RowletTheAnimator's rating: 1059 &rarr; <strong>1088<\/strong><br \/>(+29 for winning)\n|l|\u2606DriPJayJay\n","uploadtime":1699162389,"views":10,"p1id":"dripjayjay","p2id":"rowlettheanimator","formatid":"gen9nationaldexubers","rating":1022,"private":0,"password":""}