{"id":"gen9nationaldexubers-1985725190","p1":"Szymszym134","p2":"Walter black 0000","format":"[Gen 9] National Dex Ubers","log":"|j|\u2606Szymszym134\n|j|\u2606Walter black 0000\n|t:|1699399624\n|gametype|singles\n|player|p1|Szymszym134|elesa|1583\n|player|p2|Walter black 0000|lance-gen2|1759\n|teamsize|p1|6\n|teamsize|p2|6\n|gen|9\n|tier|[Gen 9] National Dex Ubers\n|rated|\n|rule|HP Percentage Mod: HP is shown in percentages\n|rule|Endless Battle Clause: Forcing endless battles is banned\n|rule|OHKO Clause: OHKO moves are banned\n|rule|Evasion Moves Clause: Evasion moves are banned\n|rule|Evasion Items Clause: Evasion items are banned\n|rule|Species Clause: Limit one of each Pok\u00e9mon\n|rule|Sleep Clause Mod: Limit one foe put to sleep\n|rule|Mega Rayquaza Clause: You cannot mega evolve Rayquaza\n|clearpoke\n|poke|p1|Mewtwo|\n|poke|p1|Kingambit, M|\n|poke|p1|Garganacl, F|\n|poke|p1|Arceus-Ground|\n|poke|p1|Ditto|\n|poke|p1|Kyurem-Black|\n|poke|p2|Ho-Oh|\n|poke|p2|Zygarde|\n|poke|p2|Necrozma-Dusk-Mane|\n|poke|p2|Ditto|\n|poke|p2|Arceus-Fairy|\n|poke|p2|Mewtwo|\n|teampreview\n|inactive|Battle timer is ON: inactive players will automatically lose when time's up. (requested by Szymszym134)\n|inactive|Walter black 0000 also wants the timer to be on.\n|inactive|Szymszym134 has 120 seconds left.\n|\n|t:|1699399658\n|start\n|switch|p1a: Arceus|Arceus-Ground|100\/100\n|switch|p2a: Arceus|Arceus-Fairy|100\/100\n|turn|1\n|\n|t:|1699399662\n|move|p2a: Arceus|Taunt|p1a: Arceus\n|-start|p1a: Arceus|move: Taunt\n|move|p1a: Arceus|Judgment|p2a: Arceus\n|-damage|p2a: Arceus|67\/100\n|\n|upkeep\n|turn|2\n|\n|t:|1699399668\n|move|p2a: Arceus|Stealth Rock|p1a: Arceus\n|-sidestart|p1: Szymszym134|move: Stealth Rock\n|move|p1a: Arceus|Judgment|p2a: Arceus\n|-damage|p2a: Arceus|33\/100\n|\n|upkeep\n|turn|3\n|\n|t:|1699399674\n|move|p2a: Arceus|Recover|p2a: Arceus\n|-heal|p2a: Arceus|83\/100\n|move|p1a: Arceus|Judgment|p2a: Arceus\n|-damage|p2a: Arceus|53\/100\n|\n|-end|p1a: Arceus|move: Taunt\n|upkeep\n|turn|4\n|\n|t:|1699399684\n|move|p2a: Arceus|Taunt|p1a: Arceus\n|-start|p1a: Arceus|move: Taunt\n|move|p1a: Arceus|Judgment|p2a: Arceus\n|-damage|p2a: Arceus|20\/100\n|\n|upkeep\n|turn|5\n|\n|t:|1699399693\n|switch|p1a: Mewtwo|Mewtwo|100\/100\n|-ability|p1a: Mewtwo|Unnerve\n|-damage|p1a: Mewtwo|88\/100|[from] Stealth Rock\n|move|p2a: Arceus|Recover|p2a: Arceus\n|-heal|p2a: Arceus|70\/100\n|\n|upkeep\n|turn|6\n|\n|t:|1699399701\n|switch|p2a: Necrozma|Necrozma-Dusk-Mane|100\/100\n|move|p1a: Mewtwo|Nasty Plot|p1a: Mewtwo\n|-boost|p1a: Mewtwo|spa|2\n|\n|upkeep\n|turn|7\n|\n|t:|1699399706\n|move|p1a: Mewtwo|Earth Power|p2a: Necrozma\n|-supereffective|p2a: Necrozma\n|-damage|p2a: Necrozma|39\/100\n|move|p2a: Necrozma|Sunsteel Strike|p1a: Mewtwo\n|-damage|p1a: Mewtwo|23\/100\n|\n|upkeep\n|turn|8\n|\n|t:|1699399724\n|detailschange|p1a: Mewtwo|Mewtwo-Mega-Y\n|-mega|p1a: Mewtwo|Mewtwo|Mewtwonite Y\n|move|p1a: Mewtwo|Psystrike|p2a: Necrozma\n|-resisted|p2a: Necrozma\n|-damage|p2a: Necrozma|13\/100\n|move|p2a: Necrozma|Sunsteel Strike|p1a: Mewtwo\n|-damage|p1a: Mewtwo|0 fnt\n|faint|p1a: Mewtwo\n|\n|upkeep\n|\n|t:|1699399733\n|switch|p1a: Ditto|Ditto|100\/100\n|-damage|p1a: Ditto|88\/100|[from] Stealth Rock\n|-transform|p1a: Ditto|p2a: Necrozma|[from] ability: Imposter\n|turn|9\n|\n|t:|1699399748\n|switch|p2a: Zygarde|Zygarde|100\/100\n|move|p1a: Ditto|Photon Geyser|p2a: Zygarde\n|-damage|p2a: Zygarde|51\/100\n|\n|-heal|p2a: Zygarde|57\/100|[from] item: Leftovers\n|upkeep\n|turn|10\n|\n|t:|1699399758\n|move|p1a: Ditto|Photon Geyser|p2a: Zygarde\n|-damage|p2a: Zygarde|8\/100\n|move|p2a: Zygarde|Thousand Arrows|p1a: Ditto\n|-supereffective|p1a: Ditto\n|-damage|p1a: Ditto|46\/100\n|\n|-heal|p2a: Zygarde|14\/100|[from] item: Leftovers\n|-activate|p2a: Zygarde|ability: Power Construct\n|detailschange|p2a: Zygarde|Zygarde-Complete\n|-heal|p2a: Zygarde|44\/100|[silent]\n|upkeep\n|turn|11\n|\n|t:|1699399766\n|switch|p1a: Kyurem|Kyurem-Black|100\/100\n|-damage|p1a: Kyurem|76\/100|[from] Stealth Rock\n|-ability|p1a: Kyurem|Teravolt\n|move|p2a: Zygarde|Glare|p1a: Kyurem\n|-status|p1a: Kyurem|par\n|\n|-heal|p2a: Zygarde|50\/100|[from] item: Leftovers\n|upkeep\n|turn|12\n|\n|t:|1699399779\n|switch|p2a: Ho-Oh|Ho-Oh|100\/100\n|move|p1a: Kyurem|Substitute|p1a: Kyurem\n|-start|p1a: Kyurem|Substitute\n|-damage|p1a: Kyurem|51\/100 par\n|\n|upkeep\n|turn|13\n|\n|t:|1699399789\n|move|p1a: Kyurem|Dragon Dance|p1a: Kyurem\n|-boost|p1a: Kyurem|atk|1\n|-boost|p1a: Kyurem|spe|1\n|move|p2a: Ho-Oh|Whirlwind|p1a: Kyurem\n|drag|p1a: Kingambit|Kingambit, M|100\/100\n|-damage|p1a: Kingambit|94\/100|[from] Stealth Rock\n|-activate|p1a: Kingambit|ability: Supreme Overlord\n|-start|p1a: Kingambit|fallen1|[silent]\n|\n|upkeep\n|turn|14\n|\n|t:|1699399796\n|-end|p1a: Kingambit|fallen1|[silent]\n|switch|p1a: Garganacl|Garganacl, F|100\/100\n|-damage|p1a: Garganacl|88\/100|[from] Stealth Rock\n|move|p2a: Ho-Oh|Sacred Fire|p1a: Garganacl\n|-resisted|p1a: Garganacl\n|-damage|p1a: Garganacl|75\/100\n|\n|-heal|p1a: Garganacl|82\/100|[from] item: Leftovers\n|upkeep\n|turn|15\n|\n|t:|1699399803\n|move|p1a: Garganacl|Salt Cure|p2a: Ho-Oh\n|-supereffective|p2a: Ho-Oh\n|-damage|p2a: Ho-Oh|65\/100\n|-start|p2a: Ho-Oh|Salt Cure\n|move|p2a: Ho-Oh|Whirlwind|p1a: Garganacl\n|drag|p1a: Kyurem|Kyurem-Black|51\/100 par\n|-damage|p1a: Kyurem|26\/100 par|[from] Stealth Rock\n|-ability|p1a: Kyurem|Teravolt\n|\n|-damage|p2a: Ho-Oh|52\/100|[from] Salt Cure\n|upkeep\n|turn|16\n|\n|t:|1699399809\n|switch|p2a: Arceus|Arceus-Fairy|70\/100\n|-terastallize|p1a: Kyurem|Electric\n|move|p1a: Kyurem|Fusion Bolt|p2a: Arceus\n|-damage|p2a: Arceus|12\/100\n|-damage|p1a: Kyurem|16\/100 par|[from] item: Life Orb\n|\n|upkeep\n|turn|17\n|inactive|Szymszym134 has 120 seconds left.\n|\n|t:|1699399849\n|move|p2a: Arceus|Judgment|p1a: Kyurem\n|-damage|p1a: Kyurem|0 fnt\n|faint|p1a: Kyurem\n|\n|upkeep\n|\n|t:|1699399855\n|switch|p1a: Kingambit|Kingambit, M|94\/100\n|-damage|p1a: Kingambit|88\/100|[from] Stealth Rock\n|-activate|p1a: Kingambit|ability: Supreme Overlord\n|-start|p1a: Kingambit|fallen2|[silent]\n|turn|18\n|\n|t:|1699399859\n|switch|p2a: Ho-Oh|Ho-Oh|86\/100\n|move|p1a: Kingambit|Iron Head|p2a: Ho-Oh\n|-resisted|p2a: Ho-Oh\n|-damage|p2a: Ho-Oh|69\/100\n|\n|upkeep\n|turn|19\n|\n|t:|1699399863\n|switch|p2a: Arceus|Arceus-Fairy|12\/100\n|-end|p1a: Kingambit|fallen2|[silent]\n|switch|p1a: Garganacl|Garganacl, F|82\/100\n|-damage|p1a: Garganacl|69\/100|[from] Stealth Rock\n|\n|-heal|p1a: Garganacl|75\/100|[from] item: Leftovers\n|upkeep\n|turn|20\n|\n|t:|1699399869\n|move|p2a: Arceus|Judgment|p1a: Garganacl\n|-damage|p1a: Garganacl|35\/100\n|move|p1a: Garganacl|Salt Cure|p2a: Arceus\n|-damage|p2a: Arceus|4\/100\n|-start|p2a: Arceus|Salt Cure\n|\n|-heal|p1a: Garganacl|42\/100|[from] item: Leftovers\n|-damage|p2a: Arceus|0 fnt|[from] Salt Cure\n|faint|p2a: Arceus\n|upkeep\n|\n|t:|1699399873\n|switch|p2a: Necrozma|Necrozma-Dusk-Mane|13\/100\n|turn|21\n|\n|t:|1699399879\n|move|p1a: Garganacl|Protect|p1a: Garganacl\n|-singleturn|p1a: Garganacl|Protect\n|move|p2a: Necrozma|Earthquake|p1a: Garganacl\n|-activate|p1a: Garganacl|move: Protect\n|\n|-heal|p1a: Garganacl|48\/100|[from] item: Leftovers\n|upkeep\n|turn|22\n|\n|t:|1699399883\n|switch|p1a: Arceus|Arceus-Ground|100\/100\n|-damage|p1a: Arceus|94\/100|[from] Stealth Rock\n|move|p2a: Necrozma|Sunsteel Strike|p1a: Arceus\n|-damage|p1a: Arceus|59\/100\n|\n|upkeep\n|turn|23\n|\n|t:|1699399891\n|switch|p2a: Ho-Oh|Ho-Oh|100\/100\n|move|p1a: Arceus|Defog|p2a: Ho-Oh\n|-unboost|p2a: Ho-Oh|evasion|1\n|-sideend|p1: Szymszym134|Stealth Rock|[from] move: Defog|[of] p1a: Arceus\n|\n|upkeep\n|turn|24\n|\n|t:|1699399894\n|switch|p1a: Garganacl|Garganacl, F|48\/100\n|move|p2a: Ho-Oh|Toxic|p1a: Garganacl|[miss]\n|-miss|p2a: Ho-Oh|p1a: Garganacl\n|\n|-heal|p1a: Garganacl|54\/100|[from] item: Leftovers\n|upkeep\n|turn|25\n|\n|t:|1699399899\n|switch|p2a: Ditto|Ditto, shiny|100\/100\n|-transform|p2a: Ditto|p1a: Garganacl|[from] ability: Imposter\n|move|p1a: Garganacl|Salt Cure|p2a: Ditto\n|-damage|p2a: Ditto|90\/100\n|-start|p2a: Ditto|Salt Cure\n|\n|-heal|p1a: Garganacl|60\/100|[from] item: Leftovers\n|-damage|p2a: Ditto|78\/100|[from] Salt Cure\n|upkeep\n|turn|26\n|\n|t:|1699399905\n|move|p2a: Ditto|Salt Cure|p1a: Garganacl\n|-damage|p1a: Garganacl|52\/100\n|-start|p1a: Garganacl|Salt Cure\n|move|p1a: Garganacl|Recover|p1a: Garganacl\n|-heal|p1a: Garganacl|100\/100\n|\n|-damage|p2a: Ditto|66\/100|[from] Salt Cure\n|-damage|p1a: Garganacl|88\/100|[from] Salt Cure\n|upkeep\n|turn|27\n|\n|t:|1699399911\n|switch|p2a: Zygarde|Zygarde-Complete|50\/100\n|move|p1a: Garganacl|Salt Cure|p2a: Zygarde\n|-resisted|p2a: Zygarde\n|-damage|p2a: Zygarde|47\/100\n|-start|p2a: Zygarde|Salt Cure\n|\n|-heal|p2a: Zygarde|53\/100|[from] item: Leftovers\n|-heal|p1a: Garganacl|94\/100|[from] item: Leftovers\n|-damage|p2a: Zygarde|40\/100|[from] Salt Cure\n|-damage|p1a: Garganacl|82\/100|[from] Salt Cure\n|upkeep\n|turn|28\n|\n|t:|1699399914\n|switch|p2a: Ditto|Ditto, shiny|66\/100\n|-transform|p2a: Ditto|p1a: Garganacl|[from] ability: Imposter\n|switch|p1a: Arceus|Arceus-Ground|59\/100\n|\n|upkeep\n|turn|29\n|\n|t:|1699399920\n|switch|p2a: Ho-Oh|Ho-Oh|100\/100\n|move|p1a: Arceus|Toxic|p2a: Ho-Oh\n|-status|p2a: Ho-Oh|tox\n|\n|-damage|p2a: Ho-Oh|94\/100 tox|[from] psn\n|upkeep\n|turn|30\n|\n|t:|1699399928\n|switch|p1a: Garganacl|Garganacl, F|82\/100\n|switch|p2a: Zygarde|Zygarde-Complete|40\/100\n|\n|-heal|p2a: Zygarde|47\/100|[from] item: Leftovers\n|-heal|p1a: Garganacl|88\/100|[from] item: Leftovers\n|upkeep\n|turn|31\n|\n|t:|1699399936\n|move|p2a: Zygarde|Thousand Arrows|p1a: Garganacl\n|-supereffective|p1a: Garganacl\n|-damage|p1a: Garganacl|53\/100\n|move|p1a: Garganacl|Salt Cure|p2a: Zygarde\n|-resisted|p2a: Zygarde\n|-damage|p2a: Zygarde|44\/100\n|-start|p2a: Zygarde|Salt Cure\n|\n|-heal|p2a: Zygarde|50\/100|[from] item: Leftovers\n|-heal|p1a: Garganacl|60\/100|[from] item: Leftovers\n|-damage|p2a: Zygarde|37\/100|[from] Salt Cure\n|upkeep\n|turn|32\n|\n|t:|1699399946\n|switch|p2a: Ditto|Ditto, shiny|66\/100\n|-transform|p2a: Ditto|p1a: Garganacl|[from] ability: Imposter\n|switch|p1a: Arceus|Arceus-Ground|59\/100\n|\n|upkeep\n|turn|33\n|\n|t:|1699399954\n|move|p1a: Arceus|Judgment|p2a: Ditto\n|-supereffective|p2a: Ditto\n|-damage|p2a: Ditto|0 fnt\n|faint|p2a: Ditto\n|\n|upkeep\n|\n|t:|1699399956\n|switch|p2a: Mewtwo|Mewtwo|100\/100\n|-ability|p2a: Mewtwo|Pressure\n|turn|34\n|\n|t:|1699399972\n|detailschange|p2a: Mewtwo|Mewtwo-Mega-Y\n|-mega|p2a: Mewtwo|Mewtwo|Mewtwonite Y\n|move|p2a: Mewtwo|Psystrike|p1a: Arceus\n|-damage|p1a: Arceus|23\/100\n|move|p1a: Arceus|Recover|p1a: Arceus\n|-heal|p1a: Arceus|73\/100\n|\n|upkeep\n|turn|35\n|\n|t:|1699399981\n|move|p2a: Mewtwo|Psystrike|p1a: Arceus\n|-damage|p1a: Arceus|31\/100\n|move|p1a: Arceus|Judgment|p2a: Mewtwo\n|-damage|p2a: Mewtwo|61\/100\n|\n|upkeep\n|turn|36\n|inactive|Szymszym134 has 120 seconds left.\n|\n|t:|1699400035\n|switch|p1a: Kingambit|Kingambit, M|88\/100\n|-activate|p1a: Kingambit|ability: Supreme Overlord\n|-start|p1a: Kingambit|fallen2|[silent]\n|move|p2a: Mewtwo|Psystrike|p1a: Kingambit\n|-immune|p1a: Kingambit\n|\n|upkeep\n|turn|37\n|\n|t:|1699400050\n|switch|p2a: Ho-Oh|Ho-Oh|100\/100 tox\n|move|p1a: Kingambit|Knock Off|p2a: Ho-Oh\n|-damage|p2a: Ho-Oh|44\/100 tox\n|-enditem|p2a: Ho-Oh|Heavy-Duty Boots|[from] move: Knock Off|[of] p1a: Kingambit\n|\n|-damage|p2a: Ho-Oh|38\/100 tox|[from] psn\n|upkeep\n|turn|38\n|\n|t:|1699400059\n|switch|p2a: Necrozma|Necrozma-Dusk-Mane|13\/100\n|move|p1a: Kingambit|Sucker Punch||[still]\n|-fail|p1a: Kingambit\n|\n|upkeep\n|turn|39\n|\n|t:|1699400063\n|switch|p2a: Ho-Oh|Ho-Oh|71\/100 tox\n|move|p1a: Kingambit|Knock Off|p2a: Ho-Oh\n|-damage|p2a: Ho-Oh|35\/100 tox\n|\n|-damage|p2a: Ho-Oh|28\/100 tox|[from] psn\n|upkeep\n|turn|40\n|\n|t:|1699400070\n|move|p1a: Kingambit|Sucker Punch|p2a: Ho-Oh\n|-damage|p2a: Ho-Oh|0 fnt\n|faint|p2a: Ho-Oh\n|\n|upkeep\n|\n|t:|1699400073\n|switch|p2a: Zygarde|Zygarde-Complete|37\/100\n|turn|41\n|\n|t:|1699400078\n|move|p2a: Zygarde|Coil|p2a: Zygarde\n|-boost|p2a: Zygarde|atk|1\n|-boost|p2a: Zygarde|def|1\n|-boost|p2a: Zygarde|accuracy|1\n|move|p1a: Kingambit|Knock Off|p2a: Zygarde\n|-damage|p2a: Zygarde|14\/100\n|-enditem|p2a: Zygarde|Leftovers|[from] move: Knock Off|[of] p1a: Kingambit\n|\n|upkeep\n|turn|42\n|\n|t:|1699400081\n|move|p2a: Zygarde|Rest|p2a: Zygarde\n|-status|p2a: Zygarde|slp|[from] move: Rest\n|-heal|p2a: Zygarde|100\/100 slp|[silent]\n|move|p1a: Kingambit|Knock Off|p2a: Zygarde\n|-damage|p2a: Zygarde|84\/100 slp\n|\n|upkeep\n|turn|43\n|\n|t:|1699400085\n|cant|p2a: Zygarde|slp\n|move|p1a: Kingambit|Swords Dance|p1a: Kingambit\n|-boost|p1a: Kingambit|atk|2\n|\n|upkeep\n|turn|44\n|\n|t:|1699400089\n|cant|p2a: Zygarde|slp\n|move|p1a: Kingambit|Knock Off|p2a: Zygarde\n|-damage|p2a: Zygarde|48\/100 slp\n|\n|upkeep\n|turn|45\n|\n|t:|1699400093\n|-curestatus|p2a: Zygarde|slp|[msg]\n|move|p2a: Zygarde|Coil|p2a: Zygarde\n|-boost|p2a: Zygarde|atk|1\n|-boost|p2a: Zygarde|def|1\n|-boost|p2a: Zygarde|accuracy|1\n|move|p1a: Kingambit|Knock Off|p2a: Zygarde\n|-damage|p2a: Zygarde|25\/100\n|\n|upkeep\n|turn|46\n|\n|t:|1699400101\n|move|p1a: Kingambit|Sucker Punch|p2a: Zygarde\n|-damage|p2a: Zygarde|0 fnt\n|faint|p2a: Zygarde\n|\n|upkeep\n|\n|t:|1699400105\n|switch|p2a: Mewtwo|Mewtwo-Mega-Y|61\/100\n|turn|47\n|\n|t:|1699400109\n|move|p1a: Kingambit|Sucker Punch|p2a: Mewtwo\n|-supereffective|p2a: Mewtwo\n|-damage|p2a: Mewtwo|0 fnt\n|faint|p2a: Mewtwo\n|\n|upkeep\n|\n|t:|1699400111\n|switch|p2a: Necrozma|Necrozma-Dusk-Mane|13\/100\n|turn|48\n|\n|t:|1699400116\n|move|p2a: Necrozma|Earthquake|p1a: Kingambit\n|-supereffective|p1a: Kingambit\n|-damage|p1a: Kingambit|27\/100\n|move|p1a: Kingambit|Knock Off|p2a: Necrozma\n|-supereffective|p2a: Necrozma\n|-damage|p2a: Necrozma|0 fnt\n|-enditem|p2a: Necrozma|Assault Vest|[from] move: Knock Off|[of] p1a: Kingambit\n|faint|p2a: Necrozma\n|\n|win|Szymszym134\n|raw|Szymszym134's rating: 1583 &rarr; <strong>1612<\/strong><br \/>(+29 for winning)\n|raw|Walter black 0000's rating: 1759 &rarr; <strong>1730<\/strong><br \/>(-29 for losing)\n|l|walterblack0000\n|l|\u2606Szymszym134\n|j|\u2606Szymszym134\n|player|p1|Szymszym134|elesa\n","uploadtime":1699400197,"views":35,"p1id":"szymszym134","p2id":"walterblack0000","formatid":"gen9nationaldexubers","rating":1612,"private":0,"password":""}