{"id":"gen9nationaldexubers-1994097735","p1":"LunchyLunchy2","p2":"Efdkdi","format":"[Gen 9] National Dex Ubers","log":"|j|\u2606LunchyLunchy2\n|j|\u2606Efdkdi\n|t:|1700406518\n|gametype|singles\n|player|p1|LunchyLunchy2|ltsurge|1075\n|player|p2|Efdkdi|170|1040\n|teamsize|p1|2\n|teamsize|p2|3\n|gen|9\n|tier|[Gen 9] National Dex Ubers\n|rated|\n|rule|HP Percentage Mod: HP is shown in percentages\n|rule|Endless Battle Clause: Forcing endless battles is banned\n|rule|OHKO Clause: OHKO moves are banned\n|rule|Evasion Moves Clause: Evasion moves are banned\n|rule|Evasion Items Clause: Evasion items are banned\n|rule|Species Clause: Limit one of each Pok\u00e9mon\n|rule|Sleep Clause Mod: Limit one foe put to sleep\n|rule|Mega Rayquaza Clause: You cannot mega evolve Rayquaza\n|clearpoke\n|poke|p1|Durant, M|\n|poke|p1|Dugtrio, M|\n|poke|p2|Charizard, F|\n|poke|p2|Ceruledge, F|\n|poke|p2|Greninja-*, M|\n|teampreview\n|\n|t:|1700406522\n|start\n|switch|p1a: Durant|Durant, M|100\/100\n|switch|p2a: Ceruledge|Ceruledge, F|100\/100\n|turn|1\n|\n|t:|1700406530\n|move|p1a: Durant|Entrainment|p2a: Ceruledge\n|-endability|p2a: Ceruledge|Flash Fire|[from] move: Entrainment\n|-ability|p2a: Ceruledge|Truant|[from] move: Entrainment\n|move|p2a: Ceruledge|Swords Dance|p2a: Ceruledge\n|-boost|p2a: Ceruledge|atk|2\n|\n|upkeep\n|turn|2\n|\n|t:|1700406538\n|switch|p1a: Dugtrio|Dugtrio, M, shiny|100\/100\n|cant|p2a: Ceruledge|ability: Truant\n|\n|upkeep\n|turn|3\n|\n|t:|1700406546\n|move|p1a: Dugtrio|Protect|p1a: Dugtrio\n|-singleturn|p1a: Dugtrio|Protect\n|move|p2a: Ceruledge|Bitter Blade|p1a: Dugtrio\n|-activate|p1a: Dugtrio|move: Protect\n|\n|upkeep\n|turn|4\n|\n|t:|1700406550\n|move|p1a: Dugtrio|Hone Claws|p1a: Dugtrio\n|-boost|p1a: Dugtrio|atk|1\n|-boost|p1a: Dugtrio|accuracy|1\n|cant|p2a: Ceruledge|ability: Truant\n|\n|upkeep\n|turn|5\n|\n|t:|1700406556\n|move|p1a: Dugtrio|Protect|p1a: Dugtrio\n|-singleturn|p1a: Dugtrio|Protect\n|move|p2a: Ceruledge|Bitter Blade|p1a: Dugtrio\n|-activate|p1a: Dugtrio|move: Protect\n|\n|upkeep\n|turn|6\n|\n|t:|1700406561\n|move|p1a: Dugtrio|Hone Claws|p1a: Dugtrio\n|-boost|p1a: Dugtrio|atk|1\n|-boost|p1a: Dugtrio|accuracy|1\n|cant|p2a: Ceruledge|ability: Truant\n|\n|upkeep\n|turn|7\n|\n|t:|1700406568\n|move|p1a: Dugtrio|Protect|p1a: Dugtrio\n|-singleturn|p1a: Dugtrio|Protect\n|move|p2a: Ceruledge|Swords Dance|p2a: Ceruledge\n|-boost|p2a: Ceruledge|atk|2\n|\n|upkeep\n|turn|8\n|\n|t:|1700406573\n|move|p1a: Dugtrio|Hone Claws|p1a: Dugtrio\n|-boost|p1a: Dugtrio|atk|1\n|-boost|p1a: Dugtrio|accuracy|1\n|cant|p2a: Ceruledge|ability: Truant\n|\n|upkeep\n|turn|9\n|\n|t:|1700406580\n|move|p1a: Dugtrio|Protect|p1a: Dugtrio\n|-singleturn|p1a: Dugtrio|Protect\n|move|p2a: Ceruledge|Flare Blitz|p1a: Dugtrio\n|-activate|p1a: Dugtrio|move: Protect\n|\n|upkeep\n|turn|10\n|\n|t:|1700406583\n|move|p1a: Dugtrio|Hone Claws|p1a: Dugtrio\n|-boost|p1a: Dugtrio|atk|1\n|-boost|p1a: Dugtrio|accuracy|1\n|cant|p2a: Ceruledge|ability: Truant\n|\n|upkeep\n|turn|11\n|\n|t:|1700406590\n|move|p1a: Dugtrio|Protect|p1a: Dugtrio\n|-singleturn|p1a: Dugtrio|Protect\n|move|p2a: Ceruledge|Swords Dance|p2a: Ceruledge\n|-boost|p2a: Ceruledge|atk|2\n|\n|upkeep\n|turn|12\n|\n|t:|1700406595\n|move|p1a: Dugtrio|Hone Claws|p1a: Dugtrio\n|-boost|p1a: Dugtrio|atk|1\n|-boost|p1a: Dugtrio|accuracy|1\n|cant|p2a: Ceruledge|ability: Truant\n|\n|upkeep\n|turn|13\n|\n|t:|1700406603\n|switch|p2a: Greninja|Greninja, M|100\/100\n|move|p1a: Dugtrio|Protect||[still]\n|-fail|p1a: Dugtrio\n|\n|upkeep\n|turn|14\n|\n|t:|1700406614\n|-zpower|p2a: Greninja\n|move|p2a: Greninja|Hydro Vortex|p1a: Dugtrio|[zeffect]\n|-supereffective|p1a: Dugtrio\n|-enditem|p1a: Dugtrio|Focus Sash\n|-damage|p1a: Dugtrio|1\/100\n|move|p1a: Dugtrio|Agility|p1a: Dugtrio\n|-boost|p1a: Dugtrio|spe|2\n|\n|upkeep\n|turn|15\n|\n|t:|1700406624\n|-terastallize|p1a: Dugtrio|Grass\n|move|p1a: Dugtrio|Rock Slide|p2a: Greninja\n|-damage|p2a: Greninja|0 fnt\n|faint|p2a: Greninja\n|\n|upkeep\n|\n|t:|1700406631\n|switch|p2a: Ceruledge|Ceruledge, F|100\/100\n|turn|16\n|\n|t:|1700406640\n|move|p1a: Dugtrio|Rock Slide|p2a: Ceruledge\n|-supereffective|p2a: Ceruledge\n|-enditem|p2a: Ceruledge|Focus Sash\n|-damage|p2a: Ceruledge|1\/100\n|cant|p2a: Ceruledge|flinch\n|\n|upkeep\n|turn|17\n|\n|t:|1700406647\n|move|p1a: Dugtrio|Rock Slide|p2a: Ceruledge\n|-supereffective|p2a: Ceruledge\n|-damage|p2a: Ceruledge|0 fnt\n|faint|p2a: Ceruledge\n|\n|upkeep\n|c|\u2606LunchyLunchy2|holy luck\n|\n|t:|1700406649\n|switch|p2a: Charizard|Charizard, F|100\/100\n|turn|18\n|\n|t:|1700406653\n|detailschange|p2a: Charizard|Charizard-Mega-X, F\n|-mega|p2a: Charizard|Charizard|Charizardite X\n|move|p1a: Dugtrio|Rock Slide|p2a: Charizard\n|-supereffective|p2a: Charizard\n|-damage|p2a: Charizard|0 fnt\n|faint|p2a: Charizard\n|\n|win|LunchyLunchy2\n|raw|LunchyLunchy2's rating: 1075 &rarr; <strong>1101<\/strong><br \/>(+26 for winning)\n|raw|Efdkdi's rating: 1040 &rarr; <strong>1026<\/strong><br \/>(-14 for losing)\n|l|\u2606Efdkdi\n","uploadtime":1700406662,"views":16,"p1id":"lunchylunchy2","p2id":"efdkdi","formatid":"gen9nationaldexubers","rating":1026,"private":0,"password":""}