{"id":"gen9nationaldexubers-1978754024","p1":"tiolocodj","p2":"officer doody","format":"[Gen 9] National Dex Ubers","log":"|j|\u2606tiolocodj\n|j|\u2606officer doody\n|t:|1698591124\n|gametype|singles\n|player|p1|tiolocodj|tabitha-gen3|1163\n|player|p2|officer doody|pokemaniac|1171\n|teamsize|p1|6\n|teamsize|p2|6\n|gen|9\n|tier|[Gen 9] National Dex Ubers\n|rated|\n|rule|HP Percentage Mod: HP is shown in percentages\n|rule|Endless Battle Clause: Forcing endless battles is banned\n|rule|OHKO Clause: OHKO moves are banned\n|rule|Evasion Moves Clause: Evasion moves are banned\n|rule|Evasion Items Clause: Evasion items are banned\n|rule|Species Clause: Limit one of each Pok\u00e9mon\n|rule|Sleep Clause Mod: Limit one foe put to sleep\n|rule|Mega Rayquaza Clause: You cannot mega evolve Rayquaza\n|clearpoke\n|poke|p1|Garchomp, M|\n|poke|p1|Nidoking, M|\n|poke|p1|Gastrodon, M|\n|poke|p1|Krookodile, M|\n|poke|p1|Great Tusk|\n|poke|p1|Excadrill, M|\n|poke|p2|Charizard, M|\n|poke|p2|Scizor, F|\n|poke|p2|Gyarados, F|\n|poke|p2|Dialga|\n|poke|p2|Zoroark-Hisui, F|\n|poke|p2|Hatterene, F|\n|teampreview\n|inactive|Battle timer is ON: inactive players will automatically lose when time's up. (requested by tiolocodj)\n|c|\u2606officer doody|Copycat\n|c|\u2606tiolocodj|\u00bf\n|inactive|officer doody has 120 seconds left.\n|\n|t:|1698591157\n|start\n|switch|p1a: Last time addition|Gastrodon, M|100\/100\n|switch|p2a: Hatterene|Hatterene, F|100\/100\n|turn|1\n|\n|t:|1698591168\n|move|p2a: Hatterene|Taunt|p1a: Last time addition\n|-start|p1a: Last time addition|move: Taunt\n|move|p1a: Last time addition|Scald|p2a: Hatterene\n|-damage|p2a: Hatterene|37\/100\n|replace|p2a: Zoroark|Zoroark-Hisui, F\n|-end|p2a: Zoroark|Illusion\n|\n|upkeep\n|turn|2\n|\n|t:|1698591184\n|move|p2a: Zoroark|Hyper Voice|p1a: Last time addition\n|-damage|p1a: Last time addition|60\/100\n|move|p1a: Last time addition|Scald|p2a: Zoroark\n|-damage|p2a: Zoroark|0 fnt\n|faint|p2a: Zoroark\n|\n|-heal|p1a: Last time addition|66\/100|[from] item: Leftovers\n|upkeep\n|\n|t:|1698591194\n|switch|p2a: I'm not a dragon|Gyarados, F|100\/100\n|turn|3\n|\n|t:|1698591201\n|move|p2a: I'm not a dragon|Dragon Dance|p2a: I'm not a dragon\n|-boost|p2a: I'm not a dragon|atk|1\n|-boost|p2a: I'm not a dragon|spe|1\n|move|p1a: Last time addition|Ice Beam|p2a: I'm not a dragon\n|-damage|p2a: I'm not a dragon|77\/100\n|-status|p2a: I'm not a dragon|frz\n|\n|-heal|p2a: I'm not a dragon|84\/100 frz|[from] item: Leftovers\n|-heal|p1a: Last time addition|72\/100|[from] item: Leftovers\n|-end|p1a: Last time addition|move: Taunt\n|upkeep\n|turn|4\n|c|\u2606tiolocodj|lol\n|\n|t:|1698591212\n|cant|p2a: I'm not a dragon|frz\n|move|p1a: Last time addition|Ice Beam|p2a: I'm not a dragon\n|-damage|p2a: I'm not a dragon|60\/100 frz\n|\n|-heal|p2a: I'm not a dragon|66\/100 frz|[from] item: Leftovers\n|-heal|p1a: Last time addition|78\/100|[from] item: Leftovers\n|upkeep\n|turn|5\n|\n|t:|1698591220\n|cant|p2a: I'm not a dragon|frz\n|move|p1a: Last time addition|Ice Beam|p2a: I'm not a dragon\n|-damage|p2a: I'm not a dragon|43\/100 frz\n|\n|-heal|p2a: I'm not a dragon|49\/100 frz|[from] item: Leftovers\n|-heal|p1a: Last time addition|84\/100|[from] item: Leftovers\n|upkeep\n|turn|6\n|\n|t:|1698591244\n|cant|p2a: I'm not a dragon|frz\n|move|p1a: Last time addition|Ice Beam|p2a: I'm not a dragon\n|-damage|p2a: I'm not a dragon|26\/100 frz\n|\n|-heal|p2a: I'm not a dragon|32\/100 frz|[from] item: Leftovers\n|-heal|p1a: Last time addition|90\/100|[from] item: Leftovers\n|upkeep\n|turn|7\n|\n|t:|1698591253\n|cant|p2a: I'm not a dragon|frz\n|move|p1a: Last time addition|Ice Beam|p2a: I'm not a dragon\n|-damage|p2a: I'm not a dragon|9\/100 frz\n|\n|-heal|p2a: I'm not a dragon|15\/100 frz|[from] item: Leftovers\n|-heal|p1a: Last time addition|96\/100|[from] item: Leftovers\n|upkeep\n|turn|8\n|l|\u2606tiolocodj\n|inactive|tiolocodj disconnected and has a minute to reconnect!\n|player|p1|\n|j|\u2606tiolocodj\n|inactive|tiolocodj reconnected and has 125 seconds left.\n|player|p1|tiolocodj|tabitha-gen3\n|inactive|tiolocodj has 120 seconds left.\n|\n|t:|1698591292\n|cant|p2a: I'm not a dragon|frz\n|move|p1a: Last time addition|Stealth Rock|p2a: I'm not a dragon\n|-sidestart|p2: officer doody|move: Stealth Rock\n|\n|-heal|p2a: I'm not a dragon|21\/100 frz|[from] item: Leftovers\n|-heal|p1a: Last time addition|100\/100|[from] item: Leftovers\n|upkeep\n|turn|9\n|\n|t:|1698591300\n|cant|p2a: I'm not a dragon|frz\n|move|p1a: Last time addition|Ice Beam|p2a: I'm not a dragon\n|-damage|p2a: I'm not a dragon|0 fnt\n|faint|p2a: I'm not a dragon\n|\n|upkeep\n|\n|t:|1698591308\n|switch|p2a: Scizor|Scizor, F|100\/100\n|-damage|p2a: Scizor|88\/100|[from] Stealth Rock\n|turn|10\n|\n|t:|1698591314\n|move|p2a: Scizor|Trailblaze|p1a: Last time addition\n|-supereffective|p1a: Last time addition\n|-damage|p1a: Last time addition|0 fnt\n|-boost|p2a: Scizor|spe|1\n|faint|p1a: Last time addition\n|-damage|p2a: Scizor|78\/100|[from] item: Life Orb\n|\n|upkeep\n|c|\u2606officer doody|Yeah do nothing bitch\n|\n|t:|1698591327\n|switch|p1a: El Machista|Nidoking, M|100\/100\n|turn|11\n|\n|t:|1698591331\n|move|p2a: Scizor|Bullet Punch|p1a: El Machista\n|-damage|p1a: El Machista|51\/100\n|-damage|p2a: Scizor|68\/100|[from] item: Life Orb\n|move|p1a: El Machista|Flamethrower|p2a: Scizor\n|-supereffective|p2a: Scizor\n|-damage|p2a: Scizor|0 fnt\n|faint|p2a: Scizor\n|\n|upkeep\n|\n|t:|1698591340\n|switch|p2a: Charizard|Charizard, M|100\/100\n|-damage|p2a: Charizard|50\/100|[from] Stealth Rock\n|turn|12\n|c|\u2606tiolocodj|I was waiting for the song to drop\n|l|\u2606tiolocodj\n|inactive|tiolocodj disconnected and has a minute to reconnect!\n|player|p1|\n|c|\u2606officer doody|Shut your fucking mouth up\n|inactive|tiolocodj has 30 seconds to reconnect!\n|inactive|tiolocodj has 20 seconds to reconnect!\n|inactive|tiolocodj has 15 seconds to reconnect!\n|inactive|tiolocodj has 10 seconds to reconnect!\n|inactive|tiolocodj has 5 seconds to reconnect!\n|-message|tiolocodj lost due to inactivity.\n|\n|win|officer doody\n|raw|tiolocodj's rating: 1135 &rarr; <strong>1113<\/strong><br \/>(-22 for losing)\n|raw|officer doody's rating: 1171 &rarr; <strong>1193<\/strong><br \/>(+22 for winning)\n","uploadtime":1698591363,"views":9,"p1id":"tiolocodj","p2id":"officerdoody","formatid":"gen9nationaldexubers","rating":1113,"private":0,"password":""}