{"id":"gen9nationaldexubers-1978921201","p1":"edgz60","p2":"Generic_Personname","format":"[Gen 9] National Dex Ubers","log":"|j|\u2606edgz60\n|j|\u2606Generic_Personname\n|t:|1698610452\n|gametype|singles\n|player|p1|edgz60|steven|\n|player|p2|Generic_Personname|cynthia-masters3|\n|teamsize|p1|6\n|teamsize|p2|6\n|gen|9\n|tier|[Gen 9] National Dex Ubers\n|rule|HP Percentage Mod: HP is shown in percentages\n|rule|Endless Battle Clause: Forcing endless battles is banned\n|rule|OHKO Clause: OHKO moves are banned\n|rule|Evasion Moves Clause: Evasion moves are banned\n|rule|Evasion Items Clause: Evasion items are banned\n|rule|Species Clause: Limit one of each Pok\u00e9mon\n|rule|Sleep Clause Mod: Limit one foe put to sleep\n|rule|Mega Rayquaza Clause: You cannot mega evolve Rayquaza\n|clearpoke\n|poke|p1|Baxcalibur, F|\n|poke|p1|Chien-Pao|\n|poke|p1|Iron Bundle|\n|poke|p1|Weavile, M|\n|poke|p1|Abomasnow, F|\n|poke|p1|Mamoswine, F|\n|poke|p2|Gallade, M|\n|poke|p2|Lucario, M|\n|poke|p2|Medicham, F|\n|poke|p2|Heracross, M|\n|poke|p2|Infernape, M|\n|poke|p2|Machamp, M|\n|teampreview\n|inactive|Battle timer is ON: inactive players will automatically lose when time's up. (requested by edgz60)\n|inactiveoff|Battle timer is now OFF.\n|c|\u2606edgz60|Let's wait for others?\n|c|\u2606Generic_Personname|sure\n|j| KemicalGUNNA\n|c|\u2606edgz60|Still leading with the nape?\n|c|\u2606Generic_Personname|yip\n|c|\u2606Generic_Personname|I can't back down now\n|c|\u2606edgz60|Gl, Hf\n|c|\u2606Generic_Personname|shall we go then?\n|c| KemicalGUNNA|Rip Edge 2023\n|c|\u2606Generic_Personname|u2\n|c|\u2606edgz60|yes ma'am\n|\n|t:|1698610561\n|start\n|switch|p1a: Snowsamuch|Abomasnow, F|100\/100\n|switch|p2a: Infernape|Infernape, M|100\/100\n|-weather|Snow|[from] ability: Snow Warning|[of] p1a: Snowsamuch\n|turn|1\n|inactive|Battle timer is ON: inactive players will automatically lose when time's up. (requested by Generic_Personname)\n|c|\u2606edgz60|Wow, kem\n|\n|t:|1698610569\n|move|p1a: Snowsamuch|Protect|p1a: Snowsamuch\n|-singleturn|p1a: Snowsamuch|Protect\n|move|p2a: Infernape|Stealth Rock|p1a: Snowsamuch\n|-sidestart|p1: edgz60|move: Stealth Rock\n|\n|-weather|Snow|[upkeep]\n|upkeep\n|turn|2\n|c|\u2606edgz60|well thats gg\n|c|\u2606edgz60|I did not know infernape gets rocks\n|inactive|edgz60 has 270 seconds left.\n|\n|t:|1698610607\n|switch|p1a: Snowsagiant|Baxcalibur, F|100\/100\n|-damage|p1a: Snowsagiant|76\/100|[from] Stealth Rock\n|move|p2a: Infernape|Flamethrower|p1a: Snowsagiant\n|-damage|p1a: Snowsagiant|39\/100\n|-ability|p1a: Snowsagiant|Thermal Exchange|boost\n|-boost|p1a: Snowsagiant|atk|1\n|\n|-weather|Snow|[upkeep]\n|upkeep\n|turn|3\n|inactive|edgz60 has 270 seconds left.\n|\n|t:|1698610617\n|move|p1a: Snowsagiant|Glaive Rush|p2a: Infernape\n|-enditem|p2a: Infernape|Focus Sash\n|-damage|p2a: Infernape|1\/100\n|-singlemove|p1a: Snowsagiant|Glaive Rush|[silent]\n|move|p2a: Infernape|Aura Sphere|p1a: Snowsagiant\n|-supereffective|p1a: Snowsagiant\n|-damage|p1a: Snowsagiant|0 fnt\n|faint|p1a: Snowsagiant\n|\n|-weather|Snow|[upkeep]\n|upkeep\n|inactive|edgz60 has 270 seconds left.\n|\n|t:|1698610626\n|switch|p1a: Snowsamass|Mamoswine, F|100\/100\n|-damage|p1a: Snowsamass|88\/100|[from] Stealth Rock\n|turn|4\n|c|\u2606Generic_Personname|I seen it used on the dpp ladder once\n|c|\u2606edgz60|Damn\n|\n|t:|1698610640\n|move|p2a: Infernape|Flamethrower|p1a: Snowsamass|[miss]\n|-miss|p2a: Infernape|p1a: Snowsamass\n|move|p1a: Snowsamass|Stealth Rock|p2a: Infernape\n|-sidestart|p2: Generic_Personname|move: Stealth Rock\n|\n|-weather|Snow|[upkeep]\n|upkeep\n|turn|5\n|c|\u2606edgz60|That screws me\n|c|\u2606edgz60|I have sashes\n|\n|t:|1698610647\n|move|p1a: Snowsamass|Ice Shard|p2a: Infernape\n|-resisted|p2a: Infernape\n|-damage|p2a: Infernape|0 fnt\n|faint|p2a: Infernape\n|\n|-weather|Snow|[upkeep]\n|upkeep\n|c|\u2606Generic_Personname|fuck me\n|\n|t:|1698610666\n|switch|p2a: Machamp|Machamp, M|100\/100\n|-damage|p2a: Machamp|94\/100|[from] Stealth Rock\n|turn|6\n|c|\u2606Generic_Personname|I would've expected thick fat\n|\n|t:|1698610690\n|move|p1a: Snowsamass|Earthquake|p2a: Machamp\n|-damage|p2a: Machamp|42\/100\n|move|p2a: Machamp|Close Combat|p1a: Snowsamass\n|-supereffective|p1a: Snowsamass\n|-enditem|p1a: Snowsamass|Chople Berry|[eat]\n|-enditem|p1a: Snowsamass|Chople Berry|[weaken]\n|-damage|p1a: Snowsamass|38\/100\n|-unboost|p2a: Machamp|def|1\n|-unboost|p2a: Machamp|spd|1\n|\n|-weather|Snow|[upkeep]\n|upkeep\n|turn|7\n|c|\u2606edgz60|yeah\n|\n|t:|1698610699\n|move|p1a: Snowsamass|Earthquake|p2a: Machamp\n|-damage|p2a: Machamp|0 fnt\n|faint|p2a: Machamp\n|\n|-weather|Snow|[upkeep]\n|upkeep\n|\n|t:|1698610703\n|switch|p2a: Heracross|Heracross, M|100\/100\n|-damage|p2a: Heracross|88\/100|[from] Stealth Rock\n|turn|8\n|\n|t:|1698610711\n|move|p1a: Snowsamass|Ice Shard|p2a: Heracross\n|-crit|p2a: Heracross\n|-damage|p2a: Heracross|44\/100\n|move|p2a: Heracross|Substitute|p2a: Heracross\n|-start|p2a: Heracross|Substitute\n|-damage|p2a: Heracross|19\/100\n|-enditem|p2a: Heracross|Salac Berry|[eat]\n|-boost|p2a: Heracross|spe|1|[from] item: Salac Berry\n|\n|-weather|none\n|upkeep\n|turn|9\n|\n|t:|1698610717\n|move|p1a: Snowsamass|Ice Shard|p2a: Heracross\n|-end|p2a: Heracross|Substitute\n|move|p2a: Heracross|Lunge|p1a: Snowsamass\n|-damage|p1a: Snowsamass|0 fnt\n|faint|p1a: Snowsamass\n|-ability|p2a: Heracross|Moxie|boost\n|-boost|p2a: Heracross|atk|1\n|\n|upkeep\n|\n|t:|1698610727\n|switch|p1a: Snowsafast|Weavile, M|100\/100\n|-damage|p1a: Snowsafast|76\/100|[from] Stealth Rock\n|turn|10\n|\n|t:|1698610732\n|move|p1a: Snowsafast|Fake Out|p2a: Heracross\n|-damage|p2a: Heracross|1\/100\n|cant|p2a: Heracross|flinch\n|\n|upkeep\n|turn|11\n|\n|t:|1698610742\n|move|p1a: Snowsafast|Protect|p1a: Snowsafast\n|-singleturn|p1a: Snowsafast|Protect\n|move|p2a: Heracross|Lunge|p1a: Snowsafast\n|-activate|p1a: Snowsafast|move: Protect\n|\n|upkeep\n|turn|12\n|inactive|edgz60 has 270 seconds left.\n|\n|t:|1698610781\n|move|p2a: Heracross|Close Combat|p1a: Snowsafast\n|-supereffective|p1a: Snowsafast\n|-damage|p1a: Snowsafast|0 fnt\n|-unboost|p2a: Heracross|def|1\n|-unboost|p2a: Heracross|spd|1\n|faint|p1a: Snowsafast\n|-ability|p2a: Heracross|Moxie|boost\n|-boost|p2a: Heracross|atk|1\n|\n|upkeep\n|\n|t:|1698610791\n|switch|p1a: Snowsalong|Chien-Pao|100\/100\n|-damage|p1a: Snowsalong|76\/100|[from] Stealth Rock\n|-ability|p1a: Snowsalong|Sword of Ruin\n|turn|13\n|\n|t:|1698610796\n|move|p1a: Snowsalong|Ice Shard|p2a: Heracross\n|-damage|p2a: Heracross|0 fnt\n|faint|p2a: Heracross\n|\n|upkeep\n|\n|t:|1698610806\n|switch|p2a: Medicham|Medicham, F|100\/100\n|-damage|p2a: Medicham|94\/100|[from] Stealth Rock\n|turn|14\n|\n|t:|1698610820\n|move|p2a: Medicham|Close Combat|p1a: Snowsalong\n|-supereffective|p1a: Snowsalong\n|-damage|p1a: Snowsalong|0 fnt\n|-unboost|p2a: Medicham|def|1\n|-unboost|p2a: Medicham|spd|1\n|faint|p1a: Snowsalong\n|\n|upkeep\n|\n|t:|1698610826\n|switch|p1a: Snowsamuch|Abomasnow, F|100\/100\n|-damage|p1a: Snowsamuch|75\/100|[from] Stealth Rock\n|-weather|Snow|[from] ability: Snow Warning|[of] p1a: Snowsamuch\n|turn|15\n|\n|t:|1698610831\n|move|p2a: Medicham|Close Combat|p1a: Snowsamuch\n|-supereffective|p1a: Snowsamuch\n|-damage|p1a: Snowsamuch|0 fnt\n|-unboost|p2a: Medicham|def|1\n|-unboost|p2a: Medicham|spd|1\n|faint|p1a: Snowsamuch\n|\n|-weather|Snow|[upkeep]\n|upkeep\n|\n|t:|1698610834\n|switch|p1a: Snowsabundle|Iron Bundle|100\/100\n|-damage|p1a: Snowsabundle|76\/100|[from] Stealth Rock\n|turn|16\n|\n|t:|1698610842\n|move|p2a: Medicham|Close Combat|p1a: Snowsabundle\n|-supereffective|p1a: Snowsabundle\n|-damage|p1a: Snowsabundle|0 fnt\n|-unboost|p2a: Medicham|def|1\n|-unboost|p2a: Medicham|spd|1\n|faint|p1a: Snowsabundle\n|-end|p1a: Snowsabundle|Quark Drive|[silent]\n|\n|win|Generic_Personname\n|c|\u2606Generic_Personname|gg\n|c|\u2606edgz60|damn\n|c|\u2606edgz60|gg\n|c|\u2606edgz60|those rocks screwed\n|c|\u2606edgz60|me\n","uploadtime":1698610852,"views":27,"p1id":"edgz60","p2id":"genericpersonname","formatid":"gen9nationaldexubers","rating":0,"private":0,"password":""}