{"id":"gen9nationaldexubers-1980216642","p1":"i suppose i'm phi","p2":"FireTack GD \/\\\/\\\/\\","format":"[Gen 9] National Dex Ubers","log":"|j|\u2606i suppose i'm phi\n|j|\u2606FireTack GD \/\\\/\\\/\\\n|t:|1698767038\n|gametype|singles\n|player|p1|i suppose i'm phi|veteranf|1191\n|player|p2|FireTack GD \/\\\/\\\/\\|ethan|1282\n|teamsize|p1|6\n|teamsize|p2|6\n|gen|9\n|tier|[Gen 9] National Dex Ubers\n|rated|\n|rule|HP Percentage Mod: HP is shown in percentages\n|rule|Endless Battle Clause: Forcing endless battles is banned\n|rule|OHKO Clause: OHKO moves are banned\n|rule|Evasion Moves Clause: Evasion moves are banned\n|rule|Evasion Items Clause: Evasion items are banned\n|rule|Species Clause: Limit one of each Pok\u00e9mon\n|rule|Sleep Clause Mod: Limit one foe put to sleep\n|rule|Mega Rayquaza Clause: You cannot mega evolve Rayquaza\n|clearpoke\n|poke|p1|Dragapult, M|\n|poke|p1|Aegislash, M|\n|poke|p1|Polteageist|\n|poke|p1|Ceruledge, F|\n|poke|p1|Annihilape, M|\n|poke|p1|Flutter Mane|\n|poke|p2|Zacian-*|\n|poke|p2|Wobbuffet, F|\n|poke|p2|Kartana|\n|poke|p2|Pawmot, M|\n|poke|p2|Groudon|\n|poke|p2|Basculegion, M|\n|teampreview\n|inactive|Battle timer is ON: inactive players will automatically lose when time's up. (requested by FireTack GD \/\\\/\\\/\\)\n|\n|t:|1698767043\n|start\n|switch|p1a: Dragapult|Dragapult, M|100\/100\n|switch|p2a: Zacian|Zacian-Crowned|100\/100\n|-ability|p2a: Zacian|Intrepid Sword|boost\n|-boost|p2a: Zacian|atk|1\n|turn|1\n|\n|t:|1698767070\n|move|p2a: Zacian|Play Rough|p1a: Dragapult\n|-supereffective|p1a: Dragapult\n|-damage|p1a: Dragapult|0 fnt\n|-start|p2a: Zacian|Disable|Play Rough|[from] ability: Cursed Body|[of] p1a: Dragapult\n|faint|p1a: Dragapult\n|\n|upkeep\n|\n|t:|1698767075\n|switch|p1a: Ceruledge|Ceruledge, F|100\/100\n|turn|2\n|inactive|FireTack GD \/\\\/\\\/\\ has 120 seconds left.\n|\n|t:|1698767107\n|switch|p2a: Groudon|Groudon|100\/100\n|detailschange|p2a: Groudon|Groudon-Primal\n|-primal|p2a: Groudon|Red Orb\n|-weather|DesolateLand|[from] ability: Desolate Land|[of] p2a: Groudon\n|move|p1a: Ceruledge|Swords Dance|p1a: Ceruledge\n|-boost|p1a: Ceruledge|atk|2\n|\n|-weather|DesolateLand|[upkeep]\n|upkeep\n|turn|3\n|\n|t:|1698767122\n|move|p1a: Ceruledge|Poltergeist|p2a: Groudon\n|-activate|p2a: Groudon|move: Poltergeist|Red Orb\n|-damage|p2a: Groudon|40\/100\n|move|p2a: Groudon|Precipice Blades|p1a: Ceruledge\n|-supereffective|p1a: Ceruledge\n|-damage|p1a: Ceruledge|0 fnt\n|faint|p1a: Ceruledge\n|\n|-weather|DesolateLand|[upkeep]\n|upkeep\n|\n|t:|1698767133\n|switch|p1a: Annihilape|Annihilape, M|100\/100\n|turn|4\n|inactive|FireTack GD \/\\\/\\\/\\ has 90 seconds left.\n|\n|t:|1698767167\n|move|p1a: Annihilape|Bulk Up|p1a: Annihilape\n|-boost|p1a: Annihilape|atk|1\n|-boost|p1a: Annihilape|def|1\n|move|p2a: Groudon|Precipice Blades|p1a: Annihilape\n|-damage|p1a: Annihilape|52\/100\n|\n|-weather|DesolateLand|[upkeep]\n|upkeep\n|turn|5\n|inactive|FireTack GD \/\\\/\\\/\\ has 90 seconds left.\n|\n|t:|1698767178\n|move|p2a: Groudon|Precipice Blades|p1a: Annihilape\n|-damage|p1a: Annihilape|0 fnt\n|faint|p1a: Annihilape\n|\n|-weather|DesolateLand|[upkeep]\n|upkeep\n|\n|t:|1698767192\n|switch|p1a: Polteageist|Polteageist|100\/100\n|turn|6\n|inactive|FireTack GD \/\\\/\\\/\\ has 90 seconds left.\n|\n|t:|1698767217\n|move|p1a: Polteageist|Shell Smash|p1a: Polteageist\n|-unboost|p1a: Polteageist|def|1\n|-unboost|p1a: Polteageist|spd|1\n|-boost|p1a: Polteageist|atk|2\n|-boost|p1a: Polteageist|spa|2\n|-boost|p1a: Polteageist|spe|2\n|-enditem|p1a: Polteageist|White Herb\n|-clearnegativeboost|p1a: Polteageist|[silent]\n|move|p2a: Groudon|Precipice Blades|p1a: Polteageist|[miss]\n|-miss|p2a: Groudon|p1a: Polteageist\n|\n|-weather|DesolateLand|[upkeep]\n|upkeep\n|turn|7\n|\n|t:|1698767227\n|-terastallize|p1a: Polteageist|Ghost\n|move|p1a: Polteageist|Shadow Ball|p2a: Groudon\n|-damage|p2a: Groudon|0 fnt\n|faint|p2a: Groudon\n|-weather|none\n|\n|upkeep\n|c|\u2606FireTack GD \/\\\/\\\/\\|!data Shadow Ball\n|raw|<ul class=\"utilichart\"><li class=\"result\"><span class=\"col movenamecol\"><a href=\"https:\/\/dex.pokemonshowdown.com\/moves\/shadowball\">Shadow Ball<\/a><\/span> <span class=\"col typecol\"><img src=\"\/\/play.pokemonshowdown.com\/sprites\/types\/Ghost.png\" alt=\"Ghost\" width=\"32\" height=\"14\"><img src=\"\/\/play.pokemonshowdown.com\/sprites\/categories\/Special.png\" alt=\"Special\" width=\"32\" height=\"14\"><\/span> <span class=\"col labelcol\"><em>Power<\/em><br>80<\/span> <span class=\"col widelabelcol\"><em>Accuracy<\/em><br>100%<\/span> <span class=\"col pplabelcol\"><em>PP<\/em><br>24<\/span> <span class=\"col movedesccol\">20% chance to lower the target's Sp. Def by 1.<\/span> <\/li><li style=\"clear:both\"><\/li><\/ul>\n\n|inactive|FireTack GD \/\\\/\\\/\\ has 60 seconds left.\n|\n|t:|1698767254\n|switch|p2a: Wobbuffet|Wobbuffet, F|100\/100\n|turn|8\n|\n|t:|1698767261\n|move|p1a: Polteageist|Substitute|p1a: Polteageist\n|-start|p1a: Polteageist|Substitute\n|-damage|p1a: Polteageist|76\/100\n|move|p2a: Wobbuffet|Mirror Coat||[still]\n|-fail|p2a: Wobbuffet\n|\n|upkeep\n|turn|9\n|\n|t:|1698767270\n|move|p1a: Polteageist|Shell Smash|p1a: Polteageist\n|-unboost|p1a: Polteageist|def|1\n|-unboost|p1a: Polteageist|spd|1\n|-boost|p1a: Polteageist|atk|2\n|-boost|p1a: Polteageist|spa|2\n|-boost|p1a: Polteageist|spe|2\n|move|p2a: Wobbuffet|Destiny Bond|p2a: Wobbuffet\n|-singlemove|p2a: Wobbuffet|Destiny Bond\n|\n|upkeep\n|turn|10\n|\n|t:|1698767280\n|move|p1a: Polteageist|Shell Smash|p1a: Polteageist\n|-unboost|p1a: Polteageist|def|1\n|-unboost|p1a: Polteageist|spd|1\n|-boost|p1a: Polteageist|atk|2\n|-boost|p1a: Polteageist|spa|2\n|-boost|p1a: Polteageist|spe|2\n|move|p2a: Wobbuffet|Encore|p1a: Polteageist\n|-start|p1a: Polteageist|Encore\n|\n|upkeep\n|turn|11\n|inactive|FireTack GD \/\\\/\\\/\\ has 60 seconds left.\n|\n|t:|1698767306\n|switch|p2a: Zacian|Zacian-Crowned|100\/100\n|move|p1a: Polteageist|Shell Smash|p1a: Polteageist\n|-unboost|p1a: Polteageist|def|1\n|-unboost|p1a: Polteageist|spd|1\n|-boost|p1a: Polteageist|atk|0\n|-boost|p1a: Polteageist|spa|0\n|-boost|p1a: Polteageist|spe|0\n|\n|upkeep\n|turn|12\n|inactive|FireTack GD \/\\\/\\\/\\ has 60 seconds left.\n|\n|t:|1698767319\n|move|p1a: Polteageist|Shell Smash|p1a: Polteageist\n|-unboost|p1a: Polteageist|def|1\n|-unboost|p1a: Polteageist|spd|1\n|-boost|p1a: Polteageist|atk|0\n|-boost|p1a: Polteageist|spa|0\n|-boost|p1a: Polteageist|spe|0\n|move|p2a: Zacian|Behemoth Blade|p1a: Polteageist\n|-end|p1a: Polteageist|Substitute\n|\n|upkeep\n|turn|13\n|inactive|FireTack GD \/\\\/\\\/\\ has 60 seconds left.\n|\n|t:|1698767332\n|switch|p1a: Aegislash|Aegislash, M|100\/100\n|move|p2a: Zacian|Behemoth Blade|p1a: Aegislash\n|-resisted|p1a: Aegislash\n|-damage|p1a: Aegislash|81\/100\n|\n|upkeep\n|turn|14\n|inactive|FireTack GD \/\\\/\\\/\\ has 60 seconds left.\n|inactive|FireTack GD \/\\\/\\\/\\ has 30 seconds left.\n|inactive|FireTack GD \/\\\/\\\/\\ has 20 seconds left.\n|\n|t:|1698767377\n|move|p2a: Zacian|Behemoth Blade|p1a: Aegislash\n|-resisted|p1a: Aegislash\n|-damage|p1a: Aegislash|61\/100\n|-formechange|p1a: Aegislash|Aegislash-Blade||[from] ability: Stance Change\n|move|p1a: Aegislash|Shadow Ball|p2a: Zacian\n|-damage|p2a: Zacian|58\/100\n|-damage|p1a: Aegislash|51\/100|[from] item: Life Orb\n|\n|upkeep\n|turn|15\n|inactive|FireTack GD \/\\\/\\\/\\ has 30 seconds left this turn.\n|inactive|FireTack GD \/\\\/\\\/\\ has 20 seconds left.\n|\n|t:|1698767389\n|-formechange|p1a: Aegislash|Aegislash||[from] ability: Stance Change\n|move|p1a: Aegislash|King's Shield|p1a: Aegislash\n|-singleturn|p1a: Aegislash|Protect\n|move|p2a: Zacian|Behemoth Blade|p1a: Aegislash\n|-activate|p1a: Aegislash|move: Protect\n|-unboost|p2a: Zacian|atk|1\n|\n|upkeep\n|turn|16\n|inactive|FireTack GD \/\\\/\\\/\\ has 30 seconds left this turn.\n|inactiveoff|Battle timer is now OFF.\n|\n|t:|1698767398\n|move|p2a: Zacian|Behemoth Blade|p1a: Aegislash\n|-resisted|p1a: Aegislash\n|-damage|p1a: Aegislash|37\/100\n|-formechange|p1a: Aegislash|Aegislash-Blade||[from] ability: Stance Change\n|move|p1a: Aegislash|Shadow Ball|p2a: Zacian\n|-damage|p2a: Zacian|18\/100\n|-damage|p1a: Aegislash|27\/100|[from] item: Life Orb\n|\n|upkeep\n|turn|17\n|\n|t:|1698767405\n|-formechange|p1a: Aegislash|Aegislash||[from] ability: Stance Change\n|move|p1a: Aegislash|King's Shield|p1a: Aegislash\n|-singleturn|p1a: Aegislash|Protect\n|move|p2a: Zacian|Behemoth Blade|p1a: Aegislash\n|-activate|p1a: Aegislash|move: Protect\n|-unboost|p2a: Zacian|atk|1\n|\n|upkeep\n|turn|18\n|\n|t:|1698767415\n|move|p2a: Zacian|Behemoth Blade|p1a: Aegislash\n|-resisted|p1a: Aegislash\n|-damage|p1a: Aegislash|17\/100\n|-formechange|p1a: Aegislash|Aegislash-Blade||[from] ability: Stance Change\n|move|p1a: Aegislash|Shadow Ball|p2a: Zacian\n|-damage|p2a: Zacian|0 fnt\n|faint|p2a: Zacian\n|-damage|p1a: Aegislash|7\/100|[from] item: Life Orb\n|\n|upkeep\n|\n|t:|1698767442\n|switch|p2a: Kartana|Kartana|100\/100\n|turn|19\n|\n|t:|1698767453\n|-formechange|p1a: Aegislash|Aegislash||[from] ability: Stance Change\n|move|p1a: Aegislash|King's Shield|p1a: Aegislash\n|-singleturn|p1a: Aegislash|Protect\n|move|p2a: Kartana|Leaf Blade|p1a: Aegislash\n|-activate|p1a: Aegislash|move: Protect\n|-unboost|p2a: Kartana|atk|1\n|\n|upkeep\n|turn|20\n|\n|t:|1698767463\n|move|p2a: Kartana|Leaf Blade|p1a: Aegislash\n|-resisted|p1a: Aegislash\n|-damage|p1a: Aegislash|0 fnt\n|faint|p1a: Aegislash\n|-ability|p2a: Kartana|Beast Boost|boost\n|-boost|p2a: Kartana|atk|1\n|\n|upkeep\n|\n|t:|1698767465\n|switch|p1a: Polteageist|Polteageist, tera:Ghost|76\/100\n|turn|21\n|\n|t:|1698767479\n|move|p2a: Kartana|Knock Off|p1a: Polteageist\n|-supereffective|p1a: Polteageist\n|-crit|p1a: Polteageist\n|-damage|p1a: Polteageist|0 fnt\n|faint|p1a: Polteageist\n|-ability|p2a: Kartana|Beast Boost|boost\n|-boost|p2a: Kartana|atk|1\n|\n|upkeep\n|\n|t:|1698767484\n|switch|p1a: Flutter Mane|Flutter Mane|100\/100\n|turn|22\n|\n|t:|1698767499\n|move|p1a: Flutter Mane|Shadow Ball|p2a: Kartana\n|-damage|p2a: Kartana|0 fnt\n|faint|p2a: Kartana\n|\n|upkeep\n|\n|t:|1698767505\n|switch|p2a: Wobbuffet|Wobbuffet, F|100\/100\n|turn|23\n|\n|t:|1698767513\n|move|p1a: Flutter Mane|Shadow Ball|p2a: Wobbuffet\n|-supereffective|p2a: Wobbuffet\n|-damage|p2a: Wobbuffet|10\/100\n|move|p2a: Wobbuffet|Mirror Coat|p1a: Flutter Mane\n|-damage|p1a: Flutter Mane|0 fnt\n|faint|p1a: Flutter Mane\n|-end|p1a: Flutter Mane|Protosynthesis|[silent]\n|\n|win|FireTack GD \/\\\/\\\/\\\n|raw|i suppose i&apos;m phi's rating: 1191 &rarr; <strong>1172<\/strong><br \/>(-19 for losing)\n|raw|FireTack GD &#x2f;\\&#x2f;\\&#x2f;\\'s rating: 1282 &rarr; <strong>1301<\/strong><br \/>(+19 for winning)\n|l|\u2606i suppose i'm phi\n|c|\u2606FireTack GD \/\\\/\\\/\\|GG WP\n","uploadtime":1698767536,"views":7,"p1id":"isupposeimphi","p2id":"firetackgd","formatid":"gen9nationaldexubers","rating":1172,"private":0,"password":""}