{"id":"gen9nationaldexubers-1983639976","p1":"thewerehog88","p2":"ShinyMisty","format":"[Gen 9] National Dex Ubers","log":"|j|\u2606thewerehog88\n|j|\u2606ShinyMisty\n|t:|1699152677\n|gametype|singles\n|player|p1|thewerehog88|ryuki|\n|player|p2|ShinyMisty|kris-masters|\n|teamsize|p1|6\n|teamsize|p2|6\n|gen|9\n|tier|[Gen 9] National Dex Ubers\n|rule|HP Percentage Mod: HP is shown in percentages\n|rule|Endless Battle Clause: Forcing endless battles is banned\n|rule|OHKO Clause: OHKO moves are banned\n|rule|Evasion Moves Clause: Evasion moves are banned\n|rule|Evasion Items Clause: Evasion items are banned\n|rule|Species Clause: Limit one of each Pok\u00e9mon\n|rule|Sleep Clause Mod: Limit one foe put to sleep\n|rule|Mega Rayquaza Clause: You cannot mega evolve Rayquaza\n|clearpoke\n|poke|p1|Landorus-Therian, M|\n|poke|p1|Tyranitar, F|\n|poke|p1|Reuniclus, F|\n|poke|p1|Lycanroc-Dusk, F|\n|poke|p1|Scizor, F|\n|poke|p1|Blissey, F|\n|poke|p2|Azelf|\n|poke|p2|Lycanroc-Dusk, M|\n|poke|p2|Gholdengo|\n|poke|p2|Tyranitar, F|\n|poke|p2|Latias, F|\n|poke|p2|Cryogonal|\n|teampreview\n|j| Completeanimefan\n|j| HarmTurtle\n|inactive|Battle timer is ON: inactive players will automatically lose when time's up. (requested by thewerehog88)\n|c| HarmTurtle|gl hf y'all!\n|c|\u2606ShinyMisty|Good luck, Have fun. :3\n|j| DarthBowser151\n|c|\u2606thewerehog88|u2 :D\n|c| HarmTurtle|Semi-Finals time!\n|c| HarmTurtle|(A reminder that if you lose here, you still have a bronze match to play for!)\n|inactive|ShinyMisty has 270 seconds left.\n|inactive|thewerehog88 has 270 seconds left.\n|c| HarmTurtle|Round one: FIGHT\n|c| Completeanimefan|Round One: FIGHT\n|inactive|ShinyMisty has 240 seconds left.\n|\n|t:|1699152780\n|start\n|switch|p1a: Da|Landorus-Therian, M|100\/100\n|switch|p2a: Godzilla|Tyranitar, F|100\/100\n|-ability|p1a: Da|Intimidate|boost\n|-unboost|p2a: Godzilla|atk|1\n|-weather|Sandstorm|[from] ability: Sand Stream|[of] p2a: Godzilla\n|turn|1\n|inactive|ShinyMisty has 270 seconds left.\n|\n|t:|1699152812\n|-terastallize|p2a: Godzilla|Dragon\n|move|p1a: Da|U-turn|p2a: Godzilla\n|-damage|p2a: Godzilla|81\/100\n|\n|t:|1699152836\n|switch|p1a: Dar|Scizor, F|100\/100|[from] U-turn\n|move|p2a: Godzilla|Stealth Rock|p1a: Dar\n|-sidestart|p1: thewerehog88|move: Stealth Rock\n|\n|-weather|Sandstorm|[upkeep]\n|-damage|p2a: Godzilla|75\/100|[from] Sandstorm\n|upkeep\n|turn|2\n|inactive|ShinyMisty has 270 seconds left.\n|\n|t:|1699152872\n|move|p2a: Godzilla|Thunder Wave|p1a: Dar|[miss]\n|-miss|p2a: Godzilla|p1a: Dar\n|move|p1a: Dar|Sand Tomb|p2a: Godzilla\n|-damage|p2a: Godzilla|56\/100\n|-activate|p2a: Godzilla|move: Sand Tomb|[of] p1a: Dar\n|-damage|p1a: Dar|91\/100|[from] item: Life Orb\n|\n|-weather|Sandstorm|[upkeep]\n|-damage|p2a: Godzilla|50\/100|[from] Sandstorm\n|-damage|p2a: Godzilla|38\/100|[from] move: Sand Tomb|[partiallytrapped]\n|upkeep\n|turn|3\n|inactive|thewerehog88 has 270 seconds left.\n|inactive|ShinyMisty has 240 seconds left.\n|\n|t:|1699152899\n|move|p1a: Dar|Bullet Punch|p2a: Godzilla\n|-damage|p2a: Godzilla|8\/100\n|-damage|p1a: Dar|81\/100|[from] item: Life Orb\n|move|p2a: Godzilla|Thunder Wave|p1a: Dar\n|-status|p1a: Dar|par\n|\n|-weather|Sandstorm|[upkeep]\n|-damage|p2a: Godzilla|2\/100|[from] Sandstorm\n|-damage|p2a: Godzilla|0 fnt|[from] move: Sand Tomb|[partiallytrapped]\n|faint|p2a: Godzilla\n|upkeep\n|inactive|ShinyMisty has 210 seconds left.\n|\n|t:|1699152944\n|switch|p2a: Kratos|Azelf, shiny|100\/100\n|turn|4\n|\n|t:|1699152952\n|move|p2a: Kratos|Knock Off|p1a: Dar\n|-damage|p1a: Dar|49\/100 par\n|-enditem|p1a: Dar|Life Orb|[from] move: Knock Off|[of] p2a: Kratos\n|move|p1a: Dar|U-turn|p2a: Kratos\n|-supereffective|p2a: Kratos\n|-damage|p2a: Kratos|0 fnt\n|faint|p2a: Kratos\n|inactive|thewerehog88 has 270 seconds left.\n|\n|t:|1699152970\n|switch|p1a: Da|Landorus-Therian, M|100\/100|[from] U-turn\n|-damage|p1a: Da|88\/100|[from] Stealth Rock\n|\n|-weather|Sandstorm|[upkeep]\n|upkeep\n|inactive|ShinyMisty has 210 seconds left.\n|\n|t:|1699152975\n|switch|p2a: Stellar Dendrites|Cryogonal|100\/100\n|turn|5\n|\n|t:|1699152981\n|-terastallize|p1a: Da|Water\n|move|p1a: Da|Defog|p2a: Stellar Dendrites\n|-unboost|p2a: Stellar Dendrites|evasion|1\n|-sideend|p1: thewerehog88|Stealth Rock|[from] move: Defog|[of] p1a: Da\n|move|p2a: Stellar Dendrites|Ice Beam|p1a: Da\n|-resisted|p1a: Da\n|-damage|p1a: Da|59\/100\n|\n|-weather|Sandstorm|[upkeep]\n|-damage|p1a: Da|53\/100|[from] Sandstorm\n|-damage|p2a: Stellar Dendrites|94\/100|[from] Sandstorm\n|-heal|p2a: Stellar Dendrites|100\/100|[from] item: Leftovers\n|upkeep\n|turn|6\n|\n|t:|1699152992\n|move|p1a: Da|Knock Off|p2a: Stellar Dendrites\n|-damage|p2a: Stellar Dendrites|37\/100\n|-enditem|p2a: Stellar Dendrites|Leftovers|[from] move: Knock Off|[of] p1a: Da\n|move|p2a: Stellar Dendrites|Chilling Water|p1a: Da\n|-resisted|p1a: Da\n|-damage|p1a: Da|43\/100\n|-unboost|p1a: Da|atk|1\n|\n|-weather|Sandstorm|[upkeep]\n|-damage|p1a: Da|37\/100|[from] Sandstorm\n|-damage|p2a: Stellar Dendrites|31\/100|[from] Sandstorm\n|upkeep\n|turn|7\n|inactive|ShinyMisty has 210 seconds left.\n|\n|t:|1699153020\n|switch|p2a: Quetzal|Latias, F, shiny|100\/100\n|move|p1a: Da|U-turn|p2a: Quetzal\n|-supereffective|p2a: Quetzal\n|-damage|p2a: Quetzal|58\/100\n|inactive|thewerehog88 has 270 seconds left.\n|\n|t:|1699153041\n|switch|p1a: Daru|Lycanroc-Dusk, F|100\/100|[from] U-turn\n|\n|-weather|Sandstorm|[upkeep]\n|-damage|p2a: Quetzal|52\/100|[from] Sandstorm\n|upkeep\n|turn|8\n|inactive|thewerehog88 has 270 seconds left.\n|inactive|ShinyMisty has 210 seconds left.\n|\n|t:|1699153074\n|move|p2a: Quetzal|Psychic|p1a: Daru\n|-damage|p1a: Daru|51\/100\n|move|p1a: Daru|Stone Edge|p2a: Quetzal|[miss]\n|-miss|p1a: Daru|p2a: Quetzal\n|\n|-weather|none\n|upkeep\n|turn|9\n|\n|t:|1699153081\n|move|p1a: Daru|Sucker Punch|p2a: Quetzal\n|-supereffective|p2a: Quetzal\n|-damage|p2a: Quetzal|0 fnt\n|faint|p2a: Quetzal\n|\n|upkeep\n|\n|t:|1699153087\n|switch|p2a: Mondo Cool|Gholdengo|100\/100\n|turn|10\n|\n|t:|1699153094\n|move|p1a: Daru|Sucker Punch||[still]\n|-fail|p1a: Daru\n|move|p2a: Mondo Cool|Nasty Plot|p2a: Mondo Cool\n|-boost|p2a: Mondo Cool|spa|2\n|\n|upkeep\n|turn|11\n|\n|t:|1699153113\n|move|p1a: Daru|Stone Edge|p2a: Mondo Cool\n|-resisted|p2a: Mondo Cool\n|-crit|p2a: Mondo Cool\n|-damage|p2a: Mondo Cool|57\/100\n|move|p2a: Mondo Cool|Thunder Wave|p1a: Daru\n|-status|p1a: Daru|par\n|\n|upkeep\n|turn|12\n|inactive|ShinyMisty has 210 seconds left.\n|\n|t:|1699153127\n|move|p1a: Daru|Sucker Punch|p2a: Mondo Cool\n|-supereffective|p2a: Mondo Cool\n|-damage|p2a: Mondo Cool|0 fnt\n|faint|p2a: Mondo Cool\n|\n|upkeep\n|\n|t:|1699153134\n|switch|p2a: Sleet|Lycanroc-Dusk, M, shiny|100\/100\n|turn|13\n|inactive|ShinyMisty has 210 seconds left.\n|\n|t:|1699153139\n|move|p2a: Sleet|Drill Run|p1a: Daru\n|-supereffective|p1a: Daru\n|-damage|p1a: Daru|0 fnt\n|faint|p1a: Daru\n|\n|upkeep\n|\n|t:|1699153152\n|switch|p1a: Darude|Tyranitar, F|100\/100\n|-weather|Sandstorm|[from] ability: Sand Stream|[of] p1a: Darude\n|turn|14\n|\n|t:|1699153156\n|move|p2a: Sleet|Drill Run|p1a: Darude|[miss]\n|-miss|p2a: Sleet|p1a: Darude\n|move|p1a: Darude|Earthquake|p2a: Sleet\n|-supereffective|p2a: Sleet\n|-damage|p2a: Sleet|0 fnt\n|faint|p2a: Sleet\n|\n|-weather|Sandstorm|[upkeep]\n|upkeep\n|\n|t:|1699153164\n|switch|p2a: Stellar Dendrites|Cryogonal|31\/100\n|turn|15\n|\n|t:|1699153168\n|move|p2a: Stellar Dendrites|Chilling Water|p1a: Darude\n|-supereffective|p1a: Darude\n|-damage|p1a: Darude|82\/100\n|-unboost|p1a: Darude|atk|1\n|move|p1a: Darude|Fire Punch|p2a: Stellar Dendrites\n|-supereffective|p2a: Stellar Dendrites\n|-damage|p2a: Stellar Dendrites|0 fnt\n|faint|p2a: Stellar Dendrites\n|\n|win|thewerehog88\n|c|\u2606ShinyMisty|GG XD\n|c|\u2606thewerehog88|gg\n|l|\u2606thewerehog88\n|l| Completeanimefan\n","uploadtime":1699153178,"views":6,"p1id":"thewerehog88","p2id":"shinymisty","formatid":"gen9nationaldexubers","rating":0,"private":0,"password":""}