{"id":"gen9nationaldexubers-1983384772","p1":"Riverton Red Sawks","p2":"bobmcforman","format":"[Gen 9] National Dex Ubers","log":"|j|\u2606Riverton Red Sawks\n|j|\u2606bobmcforman\n|t:|1699124517\n|gametype|singles\n|player|p1|Riverton Red Sawks|misty|\n|player|p2|bobmcforman|266|\n|teamsize|p1|6\n|teamsize|p2|6\n|gen|9\n|tier|[Gen 9] National Dex Ubers\n|rule|HP Percentage Mod: HP is shown in percentages\n|rule|Endless Battle Clause: Forcing endless battles is banned\n|rule|OHKO Clause: OHKO moves are banned\n|rule|Evasion Moves Clause: Evasion moves are banned\n|rule|Evasion Items Clause: Evasion items are banned\n|rule|Species Clause: Limit one of each Pok\u00e9mon\n|rule|Sleep Clause Mod: Limit one foe put to sleep\n|rule|Mega Rayquaza Clause: You cannot mega evolve Rayquaza\n|clearpoke\n|poke|p1|Dialga-Origin|\n|poke|p1|Garganacl, F|\n|poke|p1|Mawile, F|\n|poke|p1|Tyranitar, F|\n|poke|p1|Tapu Fini|\n|poke|p1|Rotom-Mow|\n|poke|p2|Annihilape, M|\n|poke|p2|Gholdengo|\n|poke|p2|Dondozo, F|\n|poke|p2|Ting-Lu|\n|poke|p2|Iron Moth|\n|poke|p2|Guzzlord|\n|teampreview\n|\n|t:|1699124560\n|start\n|switch|p1a: Rotom|Rotom-Mow|100\/100\n|switch|p2a: Tohnathan|Ting-Lu|100\/100\n|-ability|p2a: Tohnathan|Vessel of Ruin\n|turn|1\n|j| medi34\n|\n|t:|1699124585\n|move|p1a: Rotom|Leaf Storm|p2a: Tohnathan\n|-supereffective|p2a: Tohnathan\n|-damage|p2a: Tohnathan|49\/100\n|-unboost|p1a: Rotom|spa|2\n|-enditem|p2a: Tohnathan|Red Card|[of] p1a: Rotom\n|drag|p1a: Tyranitar|Tyranitar, F|100\/100\n|-weather|Sandstorm|[from] ability: Sand Stream|[of] p1a: Tyranitar\n|move|p2a: Tohnathan|Stealth Rock|p1a: Tyranitar\n|-sidestart|p1: Riverton Red Sawks|move: Stealth Rock\n|\n|-weather|Sandstorm|[upkeep]\n|upkeep\n|turn|2\n|\n|t:|1699124632\n|switch|p1a: Rotom|Rotom-Mow|100\/100\n|-damage|p1a: Rotom|88\/100|[from] Stealth Rock\n|move|p2a: Tohnathan|Earthquake|p1a: Rotom\n|-immune|p1a: Rotom|[from] ability: Levitate\n|\n|-weather|Sandstorm|[upkeep]\n|-damage|p1a: Rotom|82\/100|[from] Sandstorm\n|upkeep\n|turn|3\n|\n|t:|1699124653\n|move|p1a: Rotom|Leaf Storm|p2a: Tohnathan\n|-supereffective|p2a: Tohnathan\n|-damage|p2a: Tohnathan|2\/100\n|-unboost|p1a: Rotom|spa|2\n|move|p2a: Tohnathan|Ruination|p1a: Rotom\n|-damage|p1a: Rotom|41\/100\n|\n|-weather|Sandstorm|[upkeep]\n|-damage|p1a: Rotom|35\/100|[from] Sandstorm\n|upkeep\n|turn|4\n|\n|t:|1699124666\n|move|p1a: Rotom|Leaf Storm|p2a: Tohnathan\n|-supereffective|p2a: Tohnathan\n|-damage|p2a: Tohnathan|0 fnt\n|-unboost|p1a: Rotom|spa|2\n|faint|p2a: Tohnathan\n|\n|-weather|Sandstorm|[upkeep]\n|-damage|p1a: Rotom|29\/100|[from] Sandstorm\n|upkeep\n|\n|t:|1699124692\n|switch|p2a: Guzzy|Guzzlord, shiny|100\/100\n|turn|5\n|c| medi34|guzzzzzz\n|\n|t:|1699124709\n|switch|p1a: Mawile|Mawile, F|100\/100\n|-damage|p1a: Mawile|95\/100|[from] Stealth Rock\n|-ability|p1a: Mawile|Intimidate|boost\n|-unboost|p2a: Guzzy|atk|1\n|move|p2a: Guzzy|Fire Blast|p1a: Mawile\n|-supereffective|p1a: Mawile\n|-damage|p1a: Mawile|0 fnt\n|faint|p1a: Mawile\n|-ability|p2a: Guzzy|Beast Boost|boost\n|-boost|p2a: Guzzy|spa|1\n|\n|-weather|none\n|upkeep\n|c| medi34|oooo\n|\n|t:|1699124740\n|switch|p1a: Tapu Fini|Tapu Fini|100\/100\n|-damage|p1a: Tapu Fini|88\/100|[from] Stealth Rock\n|-fieldstart|move: Misty Terrain|[from] ability: Misty Surge|[of] p1a: Tapu Fini\n|turn|6\n|c|\u2606Riverton Red Sawks|oof\n|\n|t:|1699124786\n|switch|p2a: Johnathan|Annihilape, M|100\/100\n|move|p1a: Tapu Fini|Scald|p2a: Johnathan\n|-crit|p2a: Johnathan\n|-damage|p2a: Johnathan|75\/100\n|\n|-heal|p2a: Johnathan|81\/100|[from] item: Leftovers\n|upkeep\n|turn|7\n|\n|t:|1699124803\n|-terastallize|p2a: Johnathan|Fairy\n|move|p1a: Tapu Fini|Moonblast|p2a: Johnathan\n|-damage|p2a: Johnathan|60\/100\n|move|p2a: Johnathan|Drain Punch|p1a: Tapu Fini\n|-resisted|p1a: Tapu Fini\n|-damage|p1a: Tapu Fini|74\/100\n|-heal|p2a: Johnathan|66\/100|[from] drain|[of] p1a: Tapu Fini\n|\n|-heal|p2a: Johnathan|72\/100|[from] item: Leftovers\n|upkeep\n|turn|8\n|\n|t:|1699124818\n|move|p1a: Tapu Fini|Defog|p2a: Johnathan\n|-unboost|p2a: Johnathan|evasion|1\n|-ability|p2a: Johnathan|Defiant|boost\n|-boost|p2a: Johnathan|atk|2\n|-sideend|p1: Riverton Red Sawks|Stealth Rock|[from] move: Defog|[of] p1a: Tapu Fini\n|-fieldend|Misty Terrain\n|move|p2a: Johnathan|Drain Punch|p1a: Tapu Fini\n|-resisted|p1a: Tapu Fini\n|-damage|p1a: Tapu Fini|47\/100\n|-heal|p2a: Johnathan|83\/100|[from] drain|[of] p1a: Tapu Fini\n|\n|-heal|p2a: Johnathan|89\/100|[from] item: Leftovers\n|upkeep\n|turn|9\n|\n|t:|1699124831\n|move|p1a: Tapu Fini|Scald|p2a: Johnathan\n|-damage|p2a: Johnathan|71\/100\n|move|p2a: Johnathan|Drain Punch|p1a: Tapu Fini\n|-resisted|p1a: Tapu Fini\n|-damage|p1a: Tapu Fini|19\/100\n|-heal|p2a: Johnathan|82\/100|[from] drain|[of] p1a: Tapu Fini\n|\n|-heal|p2a: Johnathan|88\/100|[from] item: Leftovers\n|upkeep\n|turn|10\n|\n|t:|1699124844\n|-zpower|p1a: Tapu Fini\n|move|p1a: Tapu Fini|Hydro Vortex|p2a: Johnathan|[zeffect]\n|-damage|p2a: Johnathan|44\/100\n|move|p2a: Johnathan|Drain Punch|p1a: Tapu Fini\n|-resisted|p1a: Tapu Fini\n|-damage|p1a: Tapu Fini|0 fnt\n|-heal|p2a: Johnathan|52\/100|[from] drain|[of] p1a: Tapu Fini\n|faint|p1a: Tapu Fini\n|\n|-heal|p2a: Johnathan|58\/100|[from] item: Leftovers\n|upkeep\n|\n|t:|1699124858\n|switch|p1a: Dialga|Dialga-Origin|100\/100\n|-ability|p1a: Dialga|Pressure\n|turn|11\n|\n|t:|1699124872\n|-terastallize|p1a: Dialga|Ghost\n|move|p1a: Dialga|Steel Beam|p2a: Johnathan\n|-supereffective|p2a: Johnathan\n|-damage|p2a: Johnathan|0 fnt\n|-damage|p1a: Dialga|50\/100|[from] steelbeam\n|faint|p2a: Johnathan\n|\n|upkeep\n|\n|t:|1699124892\n|switch|p2a: Guzzy|Guzzlord, shiny|100\/100\n|turn|12\n|\n|t:|1699124901\n|move|p1a: Dialga|Draco Meteor|p2a: Guzzy\n|-supereffective|p2a: Guzzy\n|-damage|p2a: Guzzy|0 fnt\n|-unboost|p1a: Dialga|spa|2\n|faint|p2a: Guzzy\n|\n|upkeep\n|\n|t:|1699124908\n|switch|p2a: Gohnathan|Gholdengo|100\/100\n|turn|13\n|\n|t:|1699124911\n|move|p1a: Dialga|Stealth Rock|p2a: Gohnathan\n|-sidestart|p2: bobmcforman|move: Stealth Rock\n|move|p2a: Gohnathan|Shadow Ball|p1a: Dialga\n|-supereffective|p1a: Dialga\n|-damage|p1a: Dialga|0 fnt\n|faint|p1a: Dialga\n|\n|upkeep\n|c| medi34|gohnathan is a groovy guy\n|\n|t:|1699124924\n|switch|p1a: Tyranitar|Tyranitar, F|100\/100\n|-weather|Sandstorm|[from] ability: Sand Stream|[of] p1a: Tyranitar\n|turn|14\n|\n|t:|1699124942\n|move|p2a: Gohnathan|Make It Rain|p1a: Tyranitar\n|-supereffective|p1a: Tyranitar\n|-damage|p1a: Tyranitar|42\/100\n|-unboost|p2a: Gohnathan|spa|1\n|move|p1a: Tyranitar|Crunch|p2a: Gohnathan\n|-supereffective|p2a: Gohnathan\n|-damage|p2a: Gohnathan|0 fnt\n|faint|p2a: Gohnathan\n|\n|-weather|Sandstorm|[upkeep]\n|upkeep\n|\n|t:|1699124954\n|switch|p2a: Dohnathan|Dondozo, F|100\/100\n|-damage|p2a: Dohnathan|88\/100|[from] Stealth Rock\n|turn|15\n|\n|t:|1699124968\n|move|p1a: Tyranitar|Stone Edge|p2a: Dohnathan\n|-crit|p2a: Dohnathan\n|-damage|p2a: Dohnathan|47\/100\n|move|p2a: Dohnathan|Liquidation|p1a: Tyranitar\n|-supereffective|p1a: Tyranitar\n|-damage|p1a: Tyranitar|0 fnt\n|faint|p1a: Tyranitar\n|\n|-weather|Sandstorm|[upkeep]\n|-damage|p2a: Dohnathan|41\/100|[from] Sandstorm\n|upkeep\n|\n|t:|1699124978\n|switch|p1a: Rotom|Rotom-Mow|29\/100\n|turn|16\n|\n|t:|1699124990\n|move|p1a: Rotom|Volt Switch|p2a: Dohnathan\n|-supereffective|p2a: Dohnathan\n|-crit|p2a: Dohnathan\n|-damage|p2a: Dohnathan|0 fnt\n|faint|p2a: Dohnathan\n|\n|t:|1699124995\n|switch|p1a: Garganacl|Garganacl, F|100\/100|[from] Volt Switch\n|\n|-weather|Sandstorm|[upkeep]\n|upkeep\n|\n|t:|1699125000\n|switch|p2a: Mohnathan|Iron Moth|100\/100\n|-damage|p2a: Mohnathan|76\/100|[from] Stealth Rock\n|-enditem|p2a: Mohnathan|Booster Energy\n|-activate|p2a: Mohnathan|ability: Quark Drive|[fromitem]\n|-start|p2a: Mohnathan|quarkdrivespe\n|turn|17\n|\n|t:|1699125008\n|move|p2a: Mohnathan|Energy Ball|p1a: Garganacl\n|-supereffective|p1a: Garganacl\n|-damage|p1a: Garganacl|63\/100\n|move|p1a: Garganacl|Salt Cure|p2a: Mohnathan\n|-supereffective|p2a: Mohnathan\n|-damage|p2a: Mohnathan|33\/100\n|-start|p2a: Mohnathan|Salt Cure\n|\n|-weather|Sandstorm|[upkeep]\n|-damage|p2a: Mohnathan|27\/100|[from] Sandstorm\n|-heal|p1a: Garganacl|69\/100|[from] item: Leftovers\n|-damage|p2a: Mohnathan|15\/100|[from] Salt Cure\n|upkeep\n|turn|18\n|\n|t:|1699125022\n|move|p2a: Mohnathan|Energy Ball|p1a: Garganacl\n|-supereffective|p1a: Garganacl\n|-damage|p1a: Garganacl|35\/100\n|move|p1a: Garganacl|Recover|p1a: Garganacl\n|-heal|p1a: Garganacl|85\/100\n|\n|-weather|none\n|-heal|p1a: Garganacl|92\/100|[from] item: Leftovers\n|-damage|p2a: Mohnathan|2\/100|[from] Salt Cure\n|upkeep\n|turn|19\n|\n|t:|1699125031\n|move|p2a: Mohnathan|Energy Ball|p1a: Garganacl\n|-supereffective|p1a: Garganacl\n|-damage|p1a: Garganacl|37\/100\n|move|p1a: Garganacl|Body Press|p2a: Mohnathan\n|-resisted|p2a: Mohnathan\n|-damage|p2a: Mohnathan|0 fnt\n|faint|p2a: Mohnathan\n|-end|p2a: Mohnathan|Quark Drive|[silent]\n|\n|win|Riverton Red Sawks\n|c|\u2606Riverton Red Sawks|gg\n|c| medi34|gg\n|c| medi34|ill get replays\n|c|\u2606bobmcforman|gg\n|l|\u2606bobmcforman\n","uploadtime":1699125044,"views":8,"p1id":"rivertonredsawks","p2id":"bobmcforman","formatid":"gen9nationaldexubers","rating":0,"private":0,"password":""}