{"id":"gen9nationaldexubers-1999674106","p1":"alakaii","p2":"Duskito","format":"[Gen 9] National Dex Ubers","log":"|j|\u2606alakaii\n|j|\u2606Duskito\n|t:|1701106694\n|gametype|singles\n|player|p1|alakaii|1|1261\n|player|p2|Duskito|alec-anime|1298\n|teamsize|p1|6\n|teamsize|p2|6\n|gen|9\n|tier|[Gen 9] National Dex Ubers\n|rated|\n|rule|HP Percentage Mod: HP is shown in percentages\n|rule|Endless Battle Clause: Forcing endless battles is banned\n|rule|OHKO Clause: OHKO moves are banned\n|rule|Evasion Moves Clause: Evasion moves are banned\n|rule|Evasion Items Clause: Evasion items are banned\n|rule|Species Clause: Limit one of each Pok\u00e9mon\n|rule|Sleep Clause Mod: Limit one foe put to sleep\n|rule|Mega Rayquaza Clause: You cannot mega evolve Rayquaza\n|clearpoke\n|poke|p1|Groudon|\n|poke|p1|Eternatus|\n|poke|p1|Mewtwo|\n|poke|p1|Deoxys-Attack|\n|poke|p1|Xerneas-*|\n|poke|p1|Zacian-*|\n|poke|p2|Wigglytuff, M|\n|poke|p2|Clodsire, M|\n|poke|p2|Flamigo, M|\n|poke|p2|Arceus-Dark|\n|poke|p2|Audino, M|\n|poke|p2|Primarina, F|\n|teampreview\n|\n|t:|1701106734\n|start\n|switch|p1a: Groudon|Groudon|100\/100\n|switch|p2a: Flamigo|Flamigo, M|100\/100\n|detailschange|p1a: Groudon|Groudon-Primal\n|-primal|p1a: Groudon|Red Orb\n|-weather|DesolateLand|[from] ability: Desolate Land|[of] p1a: Groudon\n|turn|1\n|\n|t:|1701106743\n|move|p2a: Flamigo|Close Combat|p1a: Groudon\n|-damage|p1a: Groudon|59\/100\n|-unboost|p2a: Flamigo|def|1\n|-unboost|p2a: Flamigo|spd|1\n|move|p1a: Groudon|Stealth Rock|p2a: Flamigo\n|-sidestart|p2: Duskito|move: Stealth Rock\n|\n|-weather|DesolateLand|[upkeep]\n|upkeep\n|turn|2\n|\n|t:|1701106754\n|move|p2a: Flamigo|Close Combat|p1a: Groudon\n|-damage|p1a: Groudon|18\/100\n|-unboost|p2a: Flamigo|def|1\n|-unboost|p2a: Flamigo|spd|1\n|move|p1a: Groudon|Heat Crash|p2a: Flamigo\n|-damage|p2a: Flamigo|0 fnt\n|faint|p2a: Flamigo\n|\n|-weather|DesolateLand|[upkeep]\n|upkeep\n|\n|t:|1701106764\n|switch|p2a: Arceus|Arceus-Dark|100\/100\n|-damage|p2a: Arceus|88\/100|[from] Stealth Rock\n|turn|3\n|\n|t:|1701106774\n|move|p2a: Arceus|Foul Play|p1a: Groudon\n|-damage|p1a: Groudon|0 fnt\n|faint|p1a: Groudon\n|-weather|none\n|\n|upkeep\n|\n|t:|1701106788\n|switch|p1a: Zacian|Zacian-Crowned|100\/100\n|-ability|p1a: Zacian|Intrepid Sword|boost\n|-boost|p1a: Zacian|atk|1\n|turn|4\n|\n|t:|1701106793\n|-terastallize|p2a: Arceus|Fairy\n|move|p1a: Zacian|Play Rough|p2a: Arceus\n|-damage|p2a: Arceus|34\/100\n|-unboost|p2a: Arceus|atk|1\n|move|p2a: Arceus|Will-O-Wisp|p1a: Zacian\n|-status|p1a: Zacian|brn\n|\n|-damage|p1a: Zacian|94\/100 brn|[from] brn\n|upkeep\n|turn|5\n|\n|t:|1701106805\n|switch|p2a: Clodsire|Clodsire, M|100\/100\n|-damage|p2a: Clodsire|94\/100|[from] Stealth Rock\n|move|p1a: Zacian|Behemoth Blade|p2a: Clodsire\n|-damage|p2a: Clodsire|63\/100\n|\n|-heal|p2a: Clodsire|69\/100|[from] item: Leftovers\n|-damage|p1a: Zacian|88\/100 brn|[from] brn\n|upkeep\n|turn|6\n|\n|t:|1701106821\n|move|p1a: Zacian|Behemoth Blade|p2a: Clodsire\n|-damage|p2a: Clodsire|35\/100\n|move|p2a: Clodsire|Stealth Rock|p1a: Zacian\n|-sidestart|p1: alakaii|move: Stealth Rock\n|\n|-heal|p2a: Clodsire|41\/100|[from] item: Leftovers\n|-damage|p1a: Zacian|82\/100 brn|[from] brn\n|upkeep\n|turn|7\n|\n|t:|1701106830\n|move|p1a: Zacian|Behemoth Blade|p2a: Clodsire\n|-damage|p2a: Clodsire|8\/100\n|move|p2a: Clodsire|Recover|p2a: Clodsire\n|-heal|p2a: Clodsire|58\/100\n|\n|-heal|p2a: Clodsire|65\/100|[from] item: Leftovers\n|-damage|p1a: Zacian|76\/100 brn|[from] brn\n|upkeep\n|turn|8\n|\n|t:|1701106844\n|switch|p1a: Xerneas|Xerneas|100\/100\n|-damage|p1a: Xerneas|88\/100|[from] Stealth Rock\n|-ability|p1a: Xerneas|Fairy Aura\n|move|p2a: Clodsire|Recover|p2a: Clodsire\n|-heal|p2a: Clodsire|100\/100\n|\n|upkeep\n|turn|9\n|\n|t:|1701106855\n|move|p1a: Xerneas|Geomancy||[still]\n|-prepare|p1a: Xerneas|Geomancy\n|-enditem|p1a: Xerneas|Power Herb\n|-anim|p1a: Xerneas|Geomancy|p1a: Xerneas\n|-boost|p1a: Xerneas|spa|2\n|-boost|p1a: Xerneas|spd|2\n|-boost|p1a: Xerneas|spe|2\n|move|p2a: Clodsire|Toxic|p1a: Xerneas\n|-status|p1a: Xerneas|tox\n|\n|-damage|p1a: Xerneas|82\/100 tox|[from] psn\n|upkeep\n|turn|10\n|\n|t:|1701106867\n|move|p1a: Xerneas|Moonblast|p2a: Clodsire\n|-resisted|p2a: Clodsire\n|-damage|p2a: Clodsire|82\/100\n|-unboost|p2a: Clodsire|spa|1\n|move|p2a: Clodsire|Recover|p2a: Clodsire\n|-heal|p2a: Clodsire|100\/100\n|\n|-damage|p1a: Xerneas|70\/100 tox|[from] psn\n|upkeep\n|turn|11\n|\n|t:|1701106889\n|switch|p1a: Deoxys|Deoxys-Attack|100\/100\n|-damage|p1a: Deoxys|88\/100|[from] Stealth Rock\n|-ability|p1a: Deoxys|Pressure\n|move|p2a: Clodsire|Earthquake|p1a: Deoxys\n|-damage|p1a: Deoxys|0 fnt\n|faint|p1a: Deoxys\n|\n|upkeep\n|\n|t:|1701106909\n|switch|p1a: Eternatus|Eternatus|100\/100\n|-damage|p1a: Eternatus|88\/100|[from] Stealth Rock\n|-ability|p1a: Eternatus|Pressure\n|turn|12\n|\n|t:|1701106916\n|move|p1a: Eternatus|Reflect|p1a: Eternatus\n|-sidestart|p1: alakaii|Reflect\n|move|p2a: Clodsire|Earthquake|p1a: Eternatus\n|-supereffective|p1a: Eternatus\n|-damage|p1a: Eternatus|66\/100\n|\n|-heal|p1a: Eternatus|72\/100|[from] item: Leftovers\n|upkeep\n|turn|13\n|\n|t:|1701106924\n|move|p1a: Eternatus|Dynamax Cannon|p2a: Clodsire\n|-damage|p2a: Clodsire|69\/100\n|move|p2a: Clodsire|Earthquake|p1a: Eternatus\n|-supereffective|p1a: Eternatus\n|-damage|p1a: Eternatus|48\/100\n|\n|-heal|p1a: Eternatus|54\/100|[from] item: Leftovers\n|-heal|p2a: Clodsire|76\/100|[from] item: Leftovers\n|upkeep\n|turn|14\n|\n|t:|1701106934\n|move|p1a: Eternatus|Dynamax Cannon|p2a: Clodsire\n|-damage|p2a: Clodsire|47\/100\n|move|p2a: Clodsire|Earthquake|p1a: Eternatus\n|-supereffective|p1a: Eternatus\n|-damage|p1a: Eternatus|32\/100\n|\n|-heal|p1a: Eternatus|38\/100|[from] item: Leftovers\n|-heal|p2a: Clodsire|53\/100|[from] item: Leftovers\n|upkeep\n|turn|15\n|\n|t:|1701106944\n|move|p1a: Eternatus|Dynamax Cannon|p2a: Clodsire\n|-damage|p2a: Clodsire|24\/100\n|move|p2a: Clodsire|Recover|p2a: Clodsire\n|-heal|p2a: Clodsire|74\/100\n|\n|-heal|p1a: Eternatus|44\/100|[from] item: Leftovers\n|-heal|p2a: Clodsire|80\/100|[from] item: Leftovers\n|upkeep\n|turn|16\n|\n|t:|1701106955\n|switch|p2a: Primarina|Primarina, F, shiny|100\/100\n|-damage|p2a: Primarina|88\/100|[from] Stealth Rock\n|move|p1a: Eternatus|Dynamax Cannon|p2a: Primarina\n|-immune|p2a: Primarina\n|\n|-heal|p1a: Eternatus|50\/100|[from] item: Leftovers\n|-sideend|p1: alakaii|Reflect\n|upkeep\n|turn|17\n|\n|t:|1701106970\n|move|p1a: Eternatus|Light Screen|p1a: Eternatus\n|-sidestart|p1: alakaii|move: Light Screen\n|move|p2a: Primarina|Moonblast|p1a: Eternatus\n|-damage|p1a: Eternatus|16\/100\n|\n|-heal|p1a: Eternatus|23\/100|[from] item: Leftovers\n|upkeep\n|turn|18\n|\n|t:|1701106980\n|switch|p1a: Zacian|Zacian-Crowned|76\/100 brn\n|-damage|p1a: Zacian|70\/100 brn|[from] Stealth Rock\n|move|p2a: Primarina|Moonblast|p1a: Zacian\n|-resisted|p1a: Zacian\n|-damage|p1a: Zacian|52\/100 brn\n|\n|-damage|p1a: Zacian|46\/100 brn|[from] brn\n|upkeep\n|turn|19\n|\n|t:|1701106991\n|move|p1a: Zacian|Behemoth Blade|p2a: Primarina\n|-damage|p2a: Primarina|55\/100\n|move|p2a: Primarina|Moonblast|p1a: Zacian\n|-resisted|p1a: Zacian\n|-damage|p1a: Zacian|28\/100 brn\n|\n|-damage|p1a: Zacian|22\/100 brn|[from] brn\n|upkeep\n|turn|20\n|\n|t:|1701107002\n|move|p1a: Zacian|Behemoth Blade|p2a: Primarina\n|-damage|p2a: Primarina|22\/100\n|move|p2a: Primarina|Moonblast|p1a: Zacian\n|-resisted|p1a: Zacian\n|-damage|p1a: Zacian|4\/100 brn\n|-unboost|p1a: Zacian|spa|1\n|\n|-damage|p1a: Zacian|0 fnt|[from] brn\n|faint|p1a: Zacian\n|upkeep\n|\n|t:|1701107015\n|switch|p1a: Mewtwo|Mewtwo|100\/100\n|-damage|p1a: Mewtwo|88\/100|[from] Stealth Rock\n|-ability|p1a: Mewtwo|Pressure\n|turn|21\n|\n|t:|1701107026\n|detailschange|p1a: Mewtwo|Mewtwo-Mega-Y\n|-mega|p1a: Mewtwo|Mewtwo|Mewtwonite Y\n|move|p1a: Mewtwo|Psystrike|p2a: Primarina\n|-damage|p2a: Primarina|0 fnt\n|faint|p2a: Primarina\n|\n|-sideend|p1: alakaii|move: Light Screen\n|upkeep\n|\n|t:|1701107030\n|switch|p2a: Audino|Audino, M|100\/100\n|-damage|p2a: Audino|88\/100|[from] Stealth Rock\n|turn|22\n|\n|t:|1701107043\n|detailschange|p2a: Audino|Audino-Mega, M\n|-mega|p2a: Audino|Audino|Audinite\n|move|p1a: Mewtwo|Psystrike|p2a: Audino\n|-damage|p2a: Audino|50\/100\n|move|p2a: Audino|Wish|p2a: Audino\n|\n|upkeep\n|turn|23\n|\n|t:|1701107054\n|move|p1a: Mewtwo|Psystrike|p2a: Audino\n|-damage|p2a: Audino|13\/100\n|move|p2a: Audino|Calm Mind|p2a: Audino\n|-boost|p2a: Audino|spa|1\n|-boost|p2a: Audino|spd|1\n|\n|-heal|p2a: Audino|63\/100|[from] move: Wish|[wisher] Audino\n|upkeep\n|turn|24\n|\n|t:|1701107066\n|move|p1a: Mewtwo|Signal Beam|p2a: Audino\n|-resisted|p2a: Audino\n|-damage|p2a: Audino|55\/100\n|move|p2a: Audino|Wish|p2a: Audino\n|\n|upkeep\n|turn|25\n|c|\u2606alakaii|your team is actually so good\n|c|\u2606alakaii|only like one uber and destroying me ..\n|\n|t:|1701107118\n|move|p1a: Mewtwo|Psystrike|p2a: Audino\n|-damage|p2a: Audino|21\/100\n|move|p2a: Audino|Draining Kiss|p1a: Mewtwo\n|-damage|p1a: Mewtwo|68\/100\n|-heal|p2a: Audino|34\/100|[from] drain|[of] p1a: Mewtwo\n|\n|-heal|p2a: Audino|84\/100|[from] move: Wish|[wisher] Audino\n|upkeep\n|turn|26\n|\n|t:|1701107147\n|move|p1a: Mewtwo|Psystrike|p2a: Audino\n|-damage|p2a: Audino|45\/100\n|move|p2a: Audino|Wish|p2a: Audino\n|\n|upkeep\n|turn|27\n|\n|t:|1701107153\n|move|p1a: Mewtwo|Psystrike|p2a: Audino\n|-damage|p2a: Audino|11\/100\n|move|p2a: Audino|Draining Kiss|p1a: Mewtwo\n|-damage|p1a: Mewtwo|50\/100\n|-heal|p2a: Audino|23\/100|[from] drain|[of] p1a: Mewtwo\n|\n|-heal|p2a: Audino|73\/100|[from] move: Wish|[wisher] Audino\n|upkeep\n|turn|28\n|\n|t:|1701107164\n|move|p1a: Mewtwo|Psystrike|p2a: Audino\n|-damage|p2a: Audino|38\/100\n|move|p2a: Audino|Wish|p2a: Audino\n|\n|upkeep\n|turn|29\n|\n|t:|1701107171\n|move|p2a: Audino|Protect|p2a: Audino\n|-singleturn|p2a: Audino|Protect\n|move|p1a: Mewtwo|Psystrike|p2a: Audino\n|-activate|p2a: Audino|move: Protect\n|\n|-heal|p2a: Audino|88\/100|[from] move: Wish|[wisher] Audino\n|upkeep\n|turn|30\n|\n|t:|1701107186\n|move|p1a: Mewtwo|Psystrike|p2a: Audino\n|-damage|p2a: Audino|51\/100\n|move|p2a: Audino|Draining Kiss|p1a: Mewtwo\n|-damage|p1a: Mewtwo|31\/100\n|-heal|p2a: Audino|63\/100|[from] drain|[of] p1a: Mewtwo\n|\n|upkeep\n|turn|31\n|\n|t:|1701107194\n|move|p1a: Mewtwo|Psystrike|p2a: Audino\n|-damage|p2a: Audino|29\/100\n|move|p2a: Audino|Wish|p2a: Audino\n|\n|upkeep\n|turn|32\n|\n|t:|1701107199\n|move|p2a: Audino|Protect|p2a: Audino\n|-singleturn|p2a: Audino|Protect\n|move|p1a: Mewtwo|Psystrike|p2a: Audino\n|-activate|p2a: Audino|move: Protect\n|\n|-heal|p2a: Audino|79\/100|[from] move: Wish|[wisher] Audino\n|upkeep\n|turn|33\n|\n|t:|1701107211\n|move|p1a: Mewtwo|Psystrike|p2a: Audino\n|-damage|p2a: Audino|44\/100\n|move|p2a: Audino|Wish|p2a: Audino\n|\n|upkeep\n|turn|34\n|\n|t:|1701107217\n|move|p1a: Mewtwo|Psystrike|p2a: Audino\n|-damage|p2a: Audino|5\/100\n|move|p2a: Audino|Draining Kiss|p1a: Mewtwo\n|-damage|p1a: Mewtwo|14\/100\n|-heal|p2a: Audino|17\/100|[from] drain|[of] p1a: Mewtwo\n|\n|-heal|p2a: Audino|67\/100|[from] move: Wish|[wisher] Audino\n|upkeep\n|turn|35\n|\n|t:|1701107226\n|move|p1a: Mewtwo|Psystrike|p2a: Audino\n|-damage|p2a: Audino|33\/100\n|move|p2a: Audino|Wish|p2a: Audino\n|\n|upkeep\n|turn|36\n|\n|t:|1701107232\n|move|p1a: Mewtwo|Psystrike|p2a: Audino\n|-damage|p2a: Audino|0 fnt\n|faint|p2a: Audino\n|\n|upkeep\n|\n|t:|1701107238\n|switch|p2a: Wigglytuff|Wigglytuff, M|100\/100\n|-damage|p2a: Wigglytuff|88\/100|[from] Stealth Rock\n|turn|37\n|\n|t:|1701107244\n|move|p1a: Mewtwo|Psystrike|p2a: Wigglytuff\n|-damage|p2a: Wigglytuff|0 fnt\n|faint|p2a: Wigglytuff\n|\n|upkeep\n|\n|t:|1701107248\n|switch|p2a: Arceus|Arceus-Dark, tera:Fairy|34\/100\n|-damage|p2a: Arceus|22\/100|[from] Stealth Rock\n|turn|38\n|\n|t:|1701107253\n|move|p1a: Mewtwo|Signal Beam|p2a: Arceus\n|-resisted|p2a: Arceus\n|-damage|p2a: Arceus|10\/100\n|move|p2a: Arceus|Recover|p2a: Arceus\n|-heal|p2a: Arceus|60\/100\n|\n|upkeep\n|turn|39\n|\n|t:|1701107271\n|move|p1a: Mewtwo|Reflect|p1a: Mewtwo\n|-sidestart|p1: alakaii|Reflect\n|move|p2a: Arceus|Recover|p2a: Arceus\n|-heal|p2a: Arceus|100\/100\n|\n|upkeep\n|turn|40\n|\n|t:|1701107276\n|move|p1a: Mewtwo|Light Screen|p1a: Mewtwo\n|-sidestart|p1: alakaii|move: Light Screen\n|move|p2a: Arceus|Foul Play|p1a: Mewtwo\n|-supereffective|p1a: Mewtwo\n|-damage|p1a: Mewtwo|0 fnt\n|faint|p1a: Mewtwo\n|\n|upkeep\n|\n|t:|1701107292\n|switch|p1a: Eternatus|Eternatus|23\/100\n|-damage|p1a: Eternatus|10\/100|[from] Stealth Rock\n|-ability|p1a: Eternatus|Pressure\n|turn|41\n|\n|t:|1701107300\n|move|p1a: Eternatus|Sludge Wave|p2a: Arceus\n|-supereffective|p2a: Arceus\n|-damage|p2a: Arceus|29\/100\n|move|p2a: Arceus|Foul Play|p1a: Eternatus\n|-damage|p1a: Eternatus|0 fnt\n|faint|p1a: Eternatus\n|\n|upkeep\n|\n|t:|1701107308\n|switch|p1a: Xerneas|Xerneas|70\/100 tox\n|-damage|p1a: Xerneas|57\/100 tox|[from] Stealth Rock\n|-ability|p1a: Xerneas|Fairy Aura\n|turn|42\n|\n|t:|1701107320\n|move|p2a: Arceus|Taunt|p1a: Xerneas\n|-start|p1a: Xerneas|move: Taunt\n|cant|p1a: Xerneas|move: Taunt|Geomancy\n|\n|-damage|p1a: Xerneas|51\/100 tox|[from] psn\n|upkeep\n|turn|43\n|\n|t:|1701107327\n|move|p2a: Arceus|Recover|p2a: Arceus\n|-heal|p2a: Arceus|79\/100\n|move|p1a: Xerneas|Moonblast|p2a: Arceus\n|-damage|p2a: Arceus|31\/100\n|\n|-damage|p1a: Xerneas|39\/100 tox|[from] psn\n|-sideend|p1: alakaii|Reflect\n|upkeep\n|turn|44\n|-message|alakaii forfeited.\n|\n|win|Duskito\n|raw|alakaii's rating: 1261 &rarr; <strong>1239<\/strong><br \/>(-22 for losing)\n|raw|Duskito's rating: 1298 &rarr; <strong>1320<\/strong><br \/>(+22 for winning)\n|c|\u2606alakaii|gg\n","uploadtime":1701107334,"views":10,"p1id":"alakaii","p2id":"duskito","formatid":"gen9nationaldexubers","rating":1239,"private":0,"password":""}