{"id":"gen9nationaldexubers-1992640370","p1":"DannLink","p2":"Epppedldp","format":"[Gen 9] National Dex Ubers","log":"|j|\u2606DannLink\n|j|\u2606Epppedldp\n|t:|1700218978\n|gametype|singles\n|player|p1|DannLink|ethan|1055\n|player|p2|Epppedldp|pokemaniac|1042\n|teamsize|p1|6\n|teamsize|p2|6\n|gen|9\n|tier|[Gen 9] National Dex Ubers\n|rated|\n|rule|HP Percentage Mod: HP is shown in percentages\n|rule|Endless Battle Clause: Forcing endless battles is banned\n|rule|OHKO Clause: OHKO moves are banned\n|rule|Evasion Moves Clause: Evasion moves are banned\n|rule|Evasion Items Clause: Evasion items are banned\n|rule|Species Clause: Limit one of each Pok\u00e9mon\n|rule|Sleep Clause Mod: Limit one foe put to sleep\n|rule|Mega Rayquaza Clause: You cannot mega evolve Rayquaza\n|clearpoke\n|poke|p1|Darkrai|\n|poke|p1|Forretress, M|\n|poke|p1|Xurkitree|\n|poke|p1|Eiscue, M|\n|poke|p1|Ditto|\n|poke|p1|Rattata, L1, M|\n|poke|p2|Dondozo, M|\n|poke|p2|Necrozma-Dusk-Mane|\n|poke|p2|Thundurus-Therian, M|\n|poke|p2|Kartana|\n|poke|p2|Chi-Yu|\n|poke|p2|Groudon|\n|teampreview\n|inactive|Battle timer is ON: inactive players will automatically lose when time's up. (requested by DannLink)\n|\n|t:|1700218987\n|start\n|switch|p1a: Rattata|Rattata, L1, M, shiny|100\/100\n|switch|p2a: Way to hot cheese|Chi-Yu|100\/100\n|-ability|p2a: Way to hot cheese|Beads of Ruin\n|turn|1\n|\n|t:|1700219001\n|move|p2a: Way to hot cheese|Dark Pulse|p1a: Rattata\n|-enditem|p1a: Rattata|Focus Sash\n|-damage|p1a: Rattata|10\/100\n|move|p1a: Rattata|Endeavor|p2a: Way to hot cheese\n|-damage|p2a: Way to hot cheese|1\/100\n|\n|upkeep\n|turn|2\n|\n|t:|1700219012\n|move|p1a: Rattata|Quick Attack|p2a: Way to hot cheese\n|-damage|p2a: Way to hot cheese|0 fnt\n|faint|p2a: Way to hot cheese\n|\n|upkeep\n|\n|t:|1700219020\n|switch|p2a: Papir bacon|Kartana|100\/100\n|turn|3\n|\n|t:|1700219032\n|move|p2a: Papir bacon|Sacred Sword|p1a: Rattata\n|-supereffective|p1a: Rattata\n|-damage|p1a: Rattata|0 fnt\n|faint|p1a: Rattata\n|-ability|p2a: Papir bacon|Beast Boost|boost\n|-boost|p2a: Papir bacon|atk|1\n|\n|upkeep\n|\n|t:|1700219040\n|switch|p1a: Forretress|Forretress, M|100\/100\n|turn|4\n|\n|t:|1700219046\n|move|p2a: Papir bacon|Leaf Blade|p1a: Forretress\n|-resisted|p1a: Forretress\n|-damage|p1a: Forretress|88\/100\n|move|p1a: Forretress|Stealth Rock|p2a: Papir bacon\n|-sidestart|p2: Epppedldp|move: Stealth Rock\n|\n|-heal|p1a: Forretress|94\/100|[from] item: Leftovers\n|upkeep\n|turn|5\n|\n|t:|1700219056\n|move|p2a: Papir bacon|Sacred Sword|p1a: Forretress\n|-damage|p1a: Forretress|60\/100\n|move|p1a: Forretress|Volt Switch|p2a: Papir bacon\n|-resisted|p2a: Papir bacon\n|-damage|p2a: Papir bacon|86\/100\n|\n|t:|1700219068\n|switch|p1a: Eiscue|Eiscue, M|100\/100|[from] Volt Switch\n|\n|upkeep\n|turn|6\n|\n|t:|1700219093\n|move|p2a: Papir bacon|Smart Strike|p1a: Eiscue\n|-activate|p1a: Eiscue|ability: Ice Face\n|-damage|p1a: Eiscue|100\/100\n|detailschange|p1a: Eiscue|Eiscue-Noice, M\n|move|p1a: Eiscue|Substitute|p1a: Eiscue\n|-start|p1a: Eiscue|Substitute\n|-damage|p1a: Eiscue|75\/100\n|\n|upkeep\n|turn|7\n|\n|t:|1700219103\n|move|p1a: Eiscue|Belly Drum|p1a: Eiscue\n|-damage|p1a: Eiscue|25\/100\n|-setboost|p1a: Eiscue|atk|6|[from] move: Belly Drum\n|-enditem|p1a: Eiscue|Salac Berry|[eat]\n|-boost|p1a: Eiscue|spe|1|[from] item: Salac Berry\n|move|p2a: Papir bacon|Smart Strike|p1a: Eiscue\n|-supereffective|p1a: Eiscue\n|-end|p1a: Eiscue|Substitute\n|\n|upkeep\n|turn|8\n|\n|t:|1700219119\n|move|p1a: Eiscue|Reversal|p2a: Papir bacon\n|-supereffective|p2a: Papir bacon\n|-damage|p2a: Papir bacon|0 fnt\n|faint|p2a: Papir bacon\n|\n|upkeep\n|\n|t:|1700219127\n|switch|p2a: Dumdozo|Dondozo, M|100\/100\n|-damage|p2a: Dumdozo|88\/100|[from] Stealth Rock\n|turn|9\n|\n|t:|1700219132\n|-terastallize|p2a: Dumdozo|Ground\n|move|p1a: Eiscue|Reversal|p2a: Dumdozo\n|-damage|p2a: Dumdozo|76\/100\n|move|p2a: Dumdozo|Waterfall|p1a: Eiscue\n|-damage|p1a: Eiscue|0 fnt\n|faint|p1a: Eiscue\n|\n|-heal|p2a: Dumdozo|82\/100|[from] item: Leftovers\n|upkeep\n|\n|t:|1700219145\n|switch|p1a: Xurkitree|Xurkitree|100\/100\n|turn|10\n|\n|t:|1700219152\n|-zpower|p1a: Xurkitree\n|move|p1a: Xurkitree|Z-Hypnosis|p2a: Dumdozo|[anim]Hypnosis\n|-boost|p1a: Xurkitree|spe|1|[zeffect]\n|-status|p2a: Dumdozo|slp|[from] move: Hypnosis\n|cant|p2a: Dumdozo|slp\n|\n|-heal|p2a: Dumdozo|88\/100 slp|[from] item: Leftovers\n|upkeep\n|turn|11\n|\n|t:|1700219165\n|move|p1a: Xurkitree|Energy Ball|p2a: Dumdozo\n|-supereffective|p2a: Dumdozo\n|-damage|p2a: Dumdozo|40\/100 slp\n|cant|p2a: Dumdozo|slp\n|move|p2a: Dumdozo|Sleep Talk|p2a: Dumdozo\n|move|p2a: Dumdozo|Rest||[from]move: Sleep Talk|[still]\n|-fail|p2a: Dumdozo\n|\n|-heal|p2a: Dumdozo|46\/100 slp|[from] item: Leftovers\n|upkeep\n|turn|12\n|\n|t:|1700219181\n|move|p1a: Xurkitree|Energy Ball|p2a: Dumdozo\n|-supereffective|p2a: Dumdozo\n|-damage|p2a: Dumdozo|0 fnt\n|faint|p2a: Dumdozo\n|-ability|p1a: Xurkitree|Beast Boost|boost\n|-boost|p1a: Xurkitree|spa|1\n|\n|upkeep\n|\n|t:|1700219190\n|switch|p2a: Hot bacon|Groudon|100\/100\n|-damage|p2a: Hot bacon|94\/100|[from] Stealth Rock\n|detailschange|p2a: Hot bacon|Groudon-Primal\n|-primal|p2a: Hot bacon|Red Orb\n|-weather|DesolateLand|[from] ability: Desolate Land|[of] p2a: Hot bacon\n|turn|13\n|\n|t:|1700219209\n|move|p1a: Xurkitree|Hypnosis|p2a: Hot bacon|[miss]\n|-miss|p1a: Xurkitree|p2a: Hot bacon\n|move|p2a: Hot bacon|Heat Crash|p1a: Xurkitree\n|-damage|p1a: Xurkitree|0 fnt\n|faint|p1a: Xurkitree\n|\n|-weather|DesolateLand|[upkeep]\n|upkeep\n|\n|t:|1700219220\n|switch|p1a: Ditto|Ditto|100\/100\n|-transform|p1a: Ditto|p2a: Hot bacon|[from] ability: Imposter\n|turn|14\n|\n|t:|1700219232\n|-terastallize|p1a: Ditto|Normal\n|move|p1a: Ditto|Earthquake|p2a: Hot bacon\n|-supereffective|p2a: Hot bacon\n|-damage|p2a: Hot bacon|29\/100\n|move|p2a: Hot bacon|Dragon Tail|p1a: Ditto\n|-damage|p1a: Ditto|84\/100\n|drag|p1a: Darkrai|Darkrai|100\/100\n|\n|-weather|DesolateLand|[upkeep]\n|upkeep\n|turn|15\n|\n|t:|1700219242\n|move|p1a: Darkrai|Hypnosis|p2a: Hot bacon\n|-status|p2a: Hot bacon|slp|[from] move: Hypnosis\n|cant|p2a: Hot bacon|slp\n|\n|-weather|DesolateLand|[upkeep]\n|-damage|p2a: Hot bacon|16\/100 slp|[from] ability: Bad Dreams|[of] p1a: Darkrai\n|upkeep\n|turn|16\n|\n|t:|1700219257\n|move|p1a: Darkrai|Substitute|p1a: Darkrai\n|-start|p1a: Darkrai|Substitute\n|-damage|p1a: Darkrai|76\/100\n|-curestatus|p2a: Hot bacon|slp|[msg]\n|move|p2a: Hot bacon|Heat Crash|p1a: Darkrai\n|-end|p1a: Darkrai|Substitute\n|\n|-weather|DesolateLand|[upkeep]\n|-heal|p1a: Darkrai|82\/100|[from] item: Leftovers\n|upkeep\n|turn|17\n|\n|t:|1700219267\n|move|p1a: Darkrai|Dark Pulse|p2a: Hot bacon\n|-damage|p2a: Hot bacon|0 fnt\n|faint|p2a: Hot bacon\n|-weather|none\n|\n|-heal|p1a: Darkrai|88\/100|[from] item: Leftovers\n|upkeep\n|\n|t:|1700219273\n|switch|p2a: Necrozma|Necrozma-Dusk-Mane|100\/100\n|-damage|p2a: Necrozma|95\/100|[from] Stealth Rock\n|turn|18\n|inactive|Epppedldp has 120 seconds left.\n|\n|t:|1700219305\n|move|p1a: Darkrai|Hypnosis|p2a: Necrozma\n|-status|p2a: Necrozma|slp|[from] move: Hypnosis\n|cant|p2a: Necrozma|slp\n|\n|-heal|p1a: Darkrai|94\/100|[from] item: Leftovers\n|-damage|p2a: Necrozma|82\/100 slp|[from] ability: Bad Dreams|[of] p1a: Darkrai\n|upkeep\n|turn|19\n|inactive|Epppedldp has 120 seconds left.\n|\n|t:|1700219316\n|move|p1a: Darkrai|Substitute|p1a: Darkrai\n|-start|p1a: Darkrai|Substitute\n|-damage|p1a: Darkrai|69\/100\n|cant|p2a: Necrozma|slp\n|\n|-heal|p1a: Darkrai|75\/100|[from] item: Leftovers\n|-damage|p2a: Necrozma|70\/100 slp|[from] ability: Bad Dreams|[of] p1a: Darkrai\n|upkeep\n|turn|20\n|\n|t:|1700219325\n|move|p1a: Darkrai|Nasty Plot|p1a: Darkrai\n|-boost|p1a: Darkrai|spa|2\n|cant|p2a: Necrozma|slp\n|\n|-heal|p1a: Darkrai|81\/100|[from] item: Leftovers\n|-damage|p2a: Necrozma|58\/100 slp|[from] ability: Bad Dreams|[of] p1a: Darkrai\n|upkeep\n|turn|21\n|\n|t:|1700219337\n|move|p1a: Darkrai|Dark Pulse|p2a: Necrozma\n|-supereffective|p2a: Necrozma\n|-damage|p2a: Necrozma|0 fnt\n|faint|p2a: Necrozma\n|\n|-heal|p1a: Darkrai|87\/100|[from] item: Leftovers\n|upkeep\n|\n|t:|1700219343\n|switch|p2a: Fried bacon|Thundurus-Therian, M|100\/100\n|-damage|p2a: Fried bacon|76\/100|[from] Stealth Rock\n|turn|22\n|inactive|Epppedldp has 120 seconds left.\n|inactive|Epppedldp has 90 seconds left.\n|inactive|Epppedldp has 60 seconds left.\n|inactive|Epppedldp has 30 seconds left.\n|inactive|Epppedldp has 20 seconds left.\n|inactive|Epppedldp has 15 seconds left.\n|inactive|Epppedldp has 10 seconds left.\n|c|\u2606DannLink|gg\n|inactive|Epppedldp has 5 seconds left.\n|-message|Epppedldp lost due to inactivity.\n|\n|win|DannLink\n|raw|DannLink's rating: 1055 &rarr; <strong>1086<\/strong><br \/>(+31 for winning)\n|raw|Epppedldp's rating: 1042 &rarr; <strong>1026<\/strong><br \/>(-16 for losing)\n","uploadtime":1700219488,"views":25,"p1id":"dannlink","p2id":"epppedldp","formatid":"gen9nationaldexubers","rating":1026,"private":0,"password":""}