{"id":"gen9nationaldexubers-1978077065","p1":"Szymszym134","p2":"MommyMikuNakano","format":"[Gen 9] National Dex Ubers","log":"|j|\u2606Szymszym134\n|j|\u2606MommyMikuNakano\n|t:|1698495887\n|gametype|singles\n|player|p1|Szymszym134|elesa|1662\n|player|p2|MommyMikuNakano|erika-gen1|1750\n|teamsize|p1|6\n|teamsize|p2|6\n|gen|9\n|tier|[Gen 9] National Dex Ubers\n|rated|\n|rule|HP Percentage Mod: HP is shown in percentages\n|rule|Endless Battle Clause: Forcing endless battles is banned\n|rule|OHKO Clause: OHKO moves are banned\n|rule|Evasion Moves Clause: Evasion moves are banned\n|rule|Evasion Items Clause: Evasion items are banned\n|rule|Species Clause: Limit one of each Pok\u00e9mon\n|rule|Sleep Clause Mod: Limit one foe put to sleep\n|rule|Mega Rayquaza Clause: You cannot mega evolve Rayquaza\n|clearpoke\n|poke|p1|Ho-Oh|\n|poke|p1|Ditto|\n|poke|p1|Mewtwo|\n|poke|p1|Kingambit, F|\n|poke|p1|Garganacl, M|\n|poke|p1|Arceus-Fairy|\n|poke|p2|Mewtwo|\n|poke|p2|Ditto|\n|poke|p2|Magearna|\n|poke|p2|Kingambit, M|\n|poke|p2|Arceus-Fairy|\n|poke|p2|Groudon|\n|teampreview\n|inactive|Battle timer is ON: inactive players will automatically lose when time's up. (requested by MommyMikuNakano)\n|inactive|Szymszym134 also wants the timer to be on.\n|j| 1 em trach thu\n|c|\u2606Szymszym134|Hi\n|j| Pikachu7868\n|\n|t:|1698495918\n|start\n|switch|p1a: Arceus|Arceus-Fairy|100\/100\n|switch|p2a: Groudon|Groudon|100\/100\n|detailschange|p2a: Groudon|Groudon-Primal\n|-primal|p2a: Groudon|Red Orb\n|-weather|DesolateLand|[from] ability: Desolate Land|[of] p2a: Groudon\n|turn|1\n|\n|t:|1698495923\n|move|p1a: Arceus|Taunt|p2a: Groudon\n|-start|p2a: Groudon|move: Taunt\n|move|p2a: Groudon|Eruption|p1a: Arceus\n|-damage|p1a: Arceus|32\/100\n|\n|-weather|DesolateLand|[upkeep]\n|upkeep\n|turn|2\n|\n|t:|1698495930\n|move|p1a: Arceus|Toxic|p2a: Groudon\n|-status|p2a: Groudon|tox\n|move|p2a: Groudon|Eruption|p1a: Arceus\n|-damage|p1a: Arceus|0 fnt\n|faint|p1a: Arceus\n|\n|-weather|DesolateLand|[upkeep]\n|-damage|p2a: Groudon|94\/100 tox|[from] psn\n|upkeep\n|l| Pikachu7868\n|\n|t:|1698495938\n|switch|p1a: Ditto|Ditto|100\/100\n|-transform|p1a: Ditto|p2a: Groudon|[from] ability: Imposter\n|turn|3\n|\n|t:|1698495953\n|switch|p1a: Ho-Oh|Ho-Oh|100\/100\n|move|p2a: Groudon|Earthquake|p1a: Ho-Oh\n|-immune|p1a: Ho-Oh\n|\n|-weather|DesolateLand|[upkeep]\n|-damage|p2a: Groudon|82\/100 tox|[from] psn\n|-end|p2a: Groudon|move: Taunt\n|upkeep\n|turn|4\n|\n|t:|1698495961\n|-weather|none\n|switch|p2a: Arceus|Arceus-Fairy|100\/100\n|move|p1a: Ho-Oh|Defog|p2a: Arceus\n|-unboost|p2a: Arceus|evasion|1\n|\n|upkeep\n|turn|5\n|\n|t:|1698495970\n|move|p2a: Arceus|Toxic|p1a: Ho-Oh\n|-status|p1a: Ho-Oh|tox\n|move|p1a: Ho-Oh|Sacred Fire|p2a: Arceus\n|-damage|p2a: Arceus|71\/100\n|\n|-damage|p1a: Ho-Oh|94\/100 tox|[from] psn\n|upkeep\n|turn|6\n|\n|t:|1698495973\n|move|p2a: Arceus|Taunt|p1a: Ho-Oh\n|-start|p1a: Ho-Oh|move: Taunt\n|cant|p1a: Ho-Oh|move: Taunt|Toxic\n|\n|-damage|p1a: Ho-Oh|82\/100 tox|[from] psn\n|upkeep\n|turn|7\n|\n|t:|1698495976\n|switch|p1a: Garganacl|Garganacl, M|100\/100\n|move|p2a: Arceus|Judgment|p1a: Garganacl\n|-damage|p1a: Garganacl|60\/100\n|\n|-heal|p1a: Garganacl|67\/100|[from] item: Leftovers\n|upkeep\n|turn|8\n|\n|t:|1698495984\n|move|p2a: Arceus|Judgment|p1a: Garganacl\n|-damage|p1a: Garganacl|29\/100\n|move|p1a: Garganacl|Salt Cure|p2a: Arceus\n|-damage|p2a: Arceus|61\/100\n|-start|p2a: Arceus|Salt Cure\n|\n|-heal|p1a: Garganacl|35\/100|[from] item: Leftovers\n|-damage|p2a: Arceus|49\/100|[from] Salt Cure\n|upkeep\n|turn|9\n|\n|t:|1698495992\n|switch|p2a: Magearna|Magearna|100\/100\n|move|p1a: Garganacl|Protect||[still]\n|-fail|p1a: Garganacl\n|\n|-heal|p1a: Garganacl|41\/100|[from] item: Leftovers\n|upkeep\n|turn|10\n|\n|t:|1698495998\n|switch|p1a: Ho-Oh|Ho-Oh|100\/100 tox\n|move|p2a: Magearna|Fleur Cannon|p1a: Ho-Oh\n|-resisted|p1a: Ho-Oh\n|-damage|p1a: Ho-Oh|85\/100 tox\n|-unboost|p2a: Magearna|spa|2\n|\n|-damage|p1a: Ho-Oh|79\/100 tox|[from] psn\n|upkeep\n|turn|11\n|\n|t:|1698496008\n|move|p1a: Ho-Oh|Toxic|p2a: Magearna\n|-immune|p2a: Magearna\n|-zpower|p2a: Magearna\n|move|p2a: Magearna|Z-Heal Bell|p2a: Magearna|[anim]Heal Bell\n|-activate|p2a: Magearna|move: Heal Bell\n|-curestatus|p2: Groudon|tox|[msg]\n|\n|-damage|p1a: Ho-Oh|67\/100 tox|[from] psn\n|upkeep\n|turn|12\n|\n|t:|1698496020\n|switch|p2a: Ditto|Ditto, shiny|100\/100\n|-transform|p2a: Ditto|p1a: Ho-Oh|[from] ability: Imposter\n|move|p1a: Ho-Oh|Sacred Fire|p2a: Ditto\n|-resisted|p2a: Ditto\n|-damage|p2a: Ditto|81\/100\n|\n|-damage|p1a: Ho-Oh|49\/100 tox|[from] psn\n|upkeep\n|turn|13\n|\n|t:|1698496024\n|switch|p2a: Magearna|Magearna|100\/100\n|switch|p1a: Garganacl|Garganacl, M|41\/100\n|\n|-heal|p1a: Garganacl|47\/100|[from] item: Leftovers\n|upkeep\n|turn|14\n|\n|t:|1698496030\n|switch|p2a: Mewtwo|Mewtwo|100\/100\n|-ability|p2a: Mewtwo|Pressure\n|move|p1a: Garganacl|Protect||[still]\n|-fail|p1a: Garganacl\n|\n|-heal|p1a: Garganacl|53\/100|[from] item: Leftovers\n|upkeep\n|turn|15\n|\n|t:|1698496035\n|detailschange|p2a: Mewtwo|Mewtwo-Mega-X\n|-mega|p2a: Mewtwo|Mewtwo|Mewtwonite X\n|move|p2a: Mewtwo|Low Kick|p1a: Garganacl\n|-supereffective|p1a: Garganacl\n|-damage|p1a: Garganacl|0 fnt\n|faint|p1a: Garganacl\n|\n|upkeep\n|\n|t:|1698496040\n|switch|p1a: Mewtwo|Mewtwo|100\/100\n|-ability|p1a: Mewtwo|Unnerve\n|turn|16\n|\n|t:|1698496050\n|move|p2a: Mewtwo|Knock Off|p1a: Mewtwo\n|-supereffective|p1a: Mewtwo\n|-crit|p1a: Mewtwo\n|-damage|p1a: Mewtwo|20\/100\n|move|p1a: Mewtwo|Nasty Plot|p1a: Mewtwo\n|-boost|p1a: Mewtwo|spa|2\n|\n|upkeep\n|turn|17\n|\n|t:|1698496058\n|switch|p2a: Kingambit|Kingambit, M|100\/100\n|detailschange|p1a: Mewtwo|Mewtwo-Mega-Y\n|-mega|p1a: Mewtwo|Mewtwo|Mewtwonite Y\n|move|p1a: Mewtwo|Earth Power|p2a: Kingambit\n|-supereffective|p2a: Kingambit\n|-damage|p2a: Kingambit|0 fnt\n|faint|p2a: Kingambit\n|-end|p2a: Kingambit|fallenundefined|[silent]\n|\n|upkeep\n|\n|t:|1698496061\n|switch|p2a: Ditto|Ditto, shiny|100\/100\n|-transform|p2a: Ditto|p1a: Mewtwo|[from] ability: Imposter\n|turn|18\n|\n|t:|1698496069\n|switch|p1a: Ho-Oh|Ho-Oh|82\/100 tox\n|move|p2a: Ditto|Ice Beam|p1a: Ho-Oh\n|-damage|p1a: Ho-Oh|37\/100 tox\n|\n|-damage|p1a: Ho-Oh|31\/100 tox|[from] psn\n|upkeep\n|turn|19\n|\n|t:|1698496077\n|switch|p1a: Kingambit|Kingambit, F|100\/100\n|-activate|p1a: Kingambit|ability: Supreme Overlord\n|-start|p1a: Kingambit|fallen2|[silent]\n|move|p2a: Ditto|Ice Beam|p1a: Kingambit\n|-resisted|p1a: Kingambit\n|-damage|p1a: Kingambit|61\/100\n|\n|upkeep\n|turn|20\n|\n|t:|1698496085\n|switch|p2a: Groudon|Groudon-Primal|82\/100\n|-weather|DesolateLand|[from] ability: Desolate Land|[of] p2a: Groudon\n|-terastallize|p1a: Kingambit|Dark\n|move|p1a: Kingambit|Knock Off|p2a: Groudon\n|-damage|p2a: Groudon|34\/100\n|\n|-weather|DesolateLand|[upkeep]\n|upkeep\n|turn|21\n|\n|t:|1698496098\n|-end|p1a: Kingambit|fallen2|[silent]\n|switch|p1a: Ho-Oh|Ho-Oh|64\/100 tox\n|move|p2a: Groudon|Stealth Rock|p1a: Ho-Oh\n|-sidestart|p1: Szymszym134|move: Stealth Rock\n|\n|-weather|DesolateLand|[upkeep]\n|-damage|p1a: Ho-Oh|58\/100 tox|[from] psn\n|upkeep\n|turn|22\n|\n|t:|1698496100\n|move|p2a: Groudon|Heat Crash|p1a: Ho-Oh\n|-resisted|p1a: Ho-Oh\n|-crit|p1a: Ho-Oh\n|-damage|p1a: Ho-Oh|2\/100 tox\n|move|p1a: Ho-Oh|Defog|p2a: Groudon\n|-unboost|p2a: Groudon|evasion|1\n|-sideend|p1: Szymszym134|Stealth Rock|[from] move: Defog|[of] p1a: Ho-Oh\n|\n|-weather|DesolateLand|[upkeep]\n|-damage|p1a: Ho-Oh|0 fnt|[from] psn\n|faint|p1a: Ho-Oh\n|upkeep\n|\n|t:|1698496104\n|switch|p1a: Ditto|Ditto|100\/100\n|-transform|p1a: Ditto|p2a: Groudon|[from] ability: Imposter\n|turn|23\n|\n|t:|1698496119\n|move|p1a: Ditto|Earthquake|p2a: Groudon\n|-supereffective|p2a: Groudon\n|-damage|p2a: Groudon|0 fnt\n|faint|p2a: Groudon\n|\n|-weather|DesolateLand|[upkeep]\n|upkeep\n|\n|t:|1698496123\n|switch|p2a: Arceus|Arceus-Fairy|49\/100\n|turn|24\n|\n|t:|1698496124\n|move|p1a: Ditto|Earthquake|p2a: Arceus\n|-damage|p2a: Arceus|1\/100\n|move|p2a: Arceus|Recover|p2a: Arceus\n|-heal|p2a: Arceus|51\/100\n|\n|-weather|DesolateLand|[upkeep]\n|upkeep\n|turn|25\n|\n|t:|1698496127\n|move|p1a: Ditto|Earthquake|p2a: Arceus\n|-damage|p2a: Arceus|5\/100\n|move|p2a: Arceus|Recover|p2a: Arceus\n|-heal|p2a: Arceus|55\/100\n|\n|-weather|DesolateLand|[upkeep]\n|upkeep\n|turn|26\n|\n|t:|1698496132\n|move|p1a: Ditto|Earthquake|p2a: Arceus\n|-damage|p2a: Arceus|10\/100\n|move|p2a: Arceus|Recover|p2a: Arceus\n|-heal|p2a: Arceus|60\/100\n|\n|-weather|DesolateLand|[upkeep]\n|upkeep\n|turn|27\n|\n|t:|1698496136\n|move|p1a: Ditto|Earthquake|p2a: Arceus\n|-damage|p2a: Arceus|15\/100\n|move|p2a: Arceus|Recover|p2a: Arceus\n|-heal|p2a: Arceus|65\/100\n|\n|-weather|DesolateLand|[upkeep]\n|upkeep\n|turn|28\n|\n|t:|1698496141\n|-weather|none\n|switch|p1a: Mewtwo|Mewtwo-Mega-Y|20\/100\n|move|p2a: Arceus|Judgment|p1a: Mewtwo\n|-damage|p1a: Mewtwo|0 fnt\n|faint|p1a: Mewtwo\n|\n|upkeep\n|\n|t:|1698496144\n|switch|p1a: Ditto|Ditto|100\/100\n|-transform|p1a: Ditto|p2a: Arceus|[from] ability: Imposter\n|turn|29\n|\n|t:|1698496150\n|switch|p2a: Magearna|Magearna|100\/100\n|move|p1a: Ditto|Toxic|p2a: Magearna\n|-immune|p2a: Magearna\n|\n|upkeep\n|turn|30\n|\n|t:|1698496154\n|move|p1a: Ditto|Toxic|p2a: Magearna\n|-immune|p2a: Magearna\n|move|p2a: Magearna|Fleur Cannon|p1a: Ditto\n|-damage|p1a: Ditto|42\/100\n|-unboost|p2a: Magearna|spa|2\n|\n|upkeep\n|turn|31\n|\n|t:|1698496157\n|switch|p1a: Kingambit|Kingambit, F, tera:Dark|61\/100\n|-activate|p1a: Kingambit|ability: Supreme Overlord\n|-start|p1a: Kingambit|fallen4|[silent]\n|move|p2a: Magearna|Heart Swap|p1a: Kingambit\n|-swapboost|p2a: Magearna|p1a: Kingambit|[from] move: Heart Swap\n|\n|upkeep\n|turn|32\n|\n|t:|1698496166\n|move|p2a: Magearna|Fleur Cannon|p1a: Kingambit\n|-supereffective|p1a: Kingambit\n|-damage|p1a: Kingambit|0 fnt\n|-unboost|p2a: Magearna|spa|2\n|faint|p1a: Kingambit\n|-ability|p2a: Magearna|Soul-Heart|boost\n|-boost|p2a: Magearna|spa|1\n|-end|p1a: Kingambit|fallen4|[silent]\n|\n|upkeep\n|-message|Szymszym134 forfeited.\n|\n|win|MommyMikuNakano\n|raw|Szymszym134's rating: 1662 &rarr; <strong>1647<\/strong><br \/>(-15 for losing)\n|raw|MommyMikuNakano's rating: 1750 &rarr; <strong>1765<\/strong><br \/>(+15 for winning)\n|l|\u2606Szymszym134\n|l|\u2606MommyMikuNakano\n","uploadtime":1698496193,"views":10,"p1id":"szymszym134","p2id":"mommymikunakano","formatid":"gen9nationaldexubers","rating":1647,"private":0,"password":""}