{"id":"gen9nationaldexubers-1983530573","p1":"Engendro0911","p2":"ErikGS31","format":"[Gen 9] National Dex Ubers","log":"|j|\u2606Engendro0911\n|j|\u2606ErikGS31\n|t:|1699140174\n|gametype|singles\n|player|p1|Engendro0911|benga|1150\n|player|p2|ErikGS31|pokemonranger-gen4|1000\n|teamsize|p1|6\n|teamsize|p2|6\n|gen|9\n|tier|[Gen 9] National Dex Ubers\n|rated|\n|rule|HP Percentage Mod: HP is shown in percentages\n|rule|Endless Battle Clause: Forcing endless battles is banned\n|rule|OHKO Clause: OHKO moves are banned\n|rule|Evasion Moves Clause: Evasion moves are banned\n|rule|Evasion Items Clause: Evasion items are banned\n|rule|Species Clause: Limit one of each Pok\u00e9mon\n|rule|Sleep Clause Mod: Limit one foe put to sleep\n|rule|Mega Rayquaza Clause: You cannot mega evolve Rayquaza\n|clearpoke\n|poke|p1|Dragapult, M|\n|poke|p1|Decidueye-Hisui, M|\n|poke|p1|Azumarill, M|\n|poke|p1|Talonflame, M|\n|poke|p1|Duraludon, F|\n|poke|p1|Grafaiai, M|\n|poke|p2|Alakazam, M|\n|poke|p2|Durant, F|\n|poke|p2|Medicham, F|\n|poke|p2|Palafin, M|\n|poke|p2|Tatsugiri-Stretchy, F|\n|poke|p2|Lucario, M|\n|teampreview\n|\n|t:|1699140178\n|start\n|switch|p1a: Talonflame|Talonflame, M|100\/100\n|switch|p2a: Palafin|Palafin, M|100\/100\n|turn|1\n|inactive|Battle timer is ON: inactive players will automatically lose when time's up. (requested by ErikGS31)\n|\n|t:|1699140186\n|move|p1a: Talonflame|U-turn|p2a: Palafin\n|-damage|p2a: Palafin|77\/100\n|\n|t:|1699140189\n|switch|p1a: Duraludon|Duraludon, F|100\/100|[from] U-turn\n|move|p2a: Palafin|Flip Turn|p1a: Duraludon\n|-resisted|p1a: Duraludon\n|-damage|p1a: Duraludon|89\/100\n|\n|t:|1699140202\n|detailschange|p2a: Palafin|Palafin-Hero, M\n|switch|p2a: Lucario|Lucario, M|100\/100|[from] Flip Turn\n|\n|upkeep\n|turn|2\n|\n|t:|1699140213\n|switch|p1a: Dragapult|Dragapult, M|100\/100\n|detailschange|p2a: Lucario|Lucario-Mega, M\n|-mega|p2a: Lucario|Lucario|Lucarionite\n|move|p2a: Lucario|Swords Dance|p2a: Lucario\n|-boost|p2a: Lucario|atk|2\n|\n|upkeep\n|turn|3\n|\n|t:|1699140224\n|move|p2a: Lucario|Bullet Punch|p1a: Dragapult\n|-crit|p1a: Dragapult\n|-damage|p1a: Dragapult|4\/100\n|move|p1a: Dragapult|Phantom Force||[still]\n|-prepare|p1a: Dragapult|Phantom Force\n|\n|upkeep\n|turn|4\n|\n|t:|1699140232\n|move|p1a: Dragapult|Phantom Force|p2a: Lucario|[from]lockedmove\n|-damage|p2a: Lucario|8\/100\n|move|p2a: Lucario|Swords Dance|p2a: Lucario\n|-boost|p2a: Lucario|atk|2\n|\n|upkeep\n|turn|5\n|\n|t:|1699140241\n|switch|p1a: Talonflame|Talonflame, M|100\/100\n|move|p2a: Lucario|Bullet Punch|p1a: Talonflame\n|-resisted|p1a: Talonflame\n|-damage|p1a: Talonflame|46\/100\n|\n|upkeep\n|turn|6\n|\n|t:|1699140250\n|move|p2a: Lucario|Bullet Punch|p1a: Talonflame\n|-resisted|p1a: Talonflame\n|-damage|p1a: Talonflame|0 fnt\n|faint|p1a: Talonflame\n|\n|upkeep\n|\n|t:|1699140255\n|switch|p1a: Decidueye|Decidueye-Hisui, M|100\/100\n|turn|7\n|\n|t:|1699140263\n|move|p1a: Decidueye|Sucker Punch|p2a: Lucario\n|-resisted|p2a: Lucario\n|-damage|p2a: Lucario|0 fnt\n|faint|p2a: Lucario\n|\n|upkeep\n|\n|t:|1699140270\n|switch|p2a: Durant|Durant, F|100\/100\n|turn|8\n|\n|t:|1699140278\n|move|p2a: Durant|Hone Claws|p2a: Durant\n|-boost|p2a: Durant|atk|1\n|-boost|p2a: Durant|accuracy|1\n|move|p1a: Decidueye|Shadow Claw|p2a: Durant\n|-crit|p2a: Durant\n|-damage|p2a: Durant|56\/100\n|\n|upkeep\n|turn|9\n|\n|t:|1699140287\n|move|p2a: Durant|X-Scissor|p1a: Decidueye\n|-damage|p1a: Decidueye|13\/100\n|move|p1a: Decidueye|Triple Arrows|p2a: Durant\n|-crit|p2a: Durant\n|-damage|p2a: Durant|0 fnt\n|faint|p2a: Durant\n|\n|upkeep\n|\n|t:|1699140299\n|switch|p2a: Palafin|Palafin-Hero, M|77\/100\n|-activate|p2a: Palafin|ability: Zero to Hero\n|turn|10\n|\n|t:|1699140305\n|move|p2a: Palafin|Jet Punch|p1a: Decidueye\n|-resisted|p1a: Decidueye\n|-damage|p1a: Decidueye|0 fnt\n|faint|p1a: Decidueye\n|\n|upkeep\n|\n|t:|1699140312\n|switch|p1a: Duraludon|Duraludon, F|89\/100\n|turn|11\n|\n|t:|1699140316\n|-terastallize|p2a: Palafin|Fighting\n|move|p2a: Palafin|Drain Punch|p1a: Duraludon\n|-supereffective|p1a: Duraludon\n|-damage|p1a: Duraludon|0 fnt\n|-heal|p2a: Palafin|100\/100|[from] drain|[of] p1a: Duraludon\n|faint|p1a: Duraludon\n|\n|upkeep\n|\n|t:|1699140327\n|switch|p1a: Azumarill|Azumarill, M|100\/100\n|turn|12\n|\n|t:|1699140331\n|move|p2a: Palafin|Flip Turn|p1a: Azumarill\n|-resisted|p1a: Azumarill\n|-damage|p1a: Azumarill|83\/100\n|\n|t:|1699140339\n|switch|p2a: Medicham|Medicham, F|100\/100|[from] Flip Turn\n|move|p1a: Azumarill|Play Rough|p2a: Medicham\n|-supereffective|p2a: Medicham\n|-damage|p2a: Medicham|0 fnt\n|faint|p2a: Medicham\n|\n|upkeep\n|\n|t:|1699140350\n|switch|p2a: Tatsugiri|Tatsugiri-Stretchy, F|100\/100\n|turn|13\n|\n|t:|1699140359\n|move|p2a: Tatsugiri|Icy Wind|p1a: Azumarill\n|-resisted|p1a: Azumarill\n|-damage|p1a: Azumarill|75\/100\n|-unboost|p1a: Azumarill|spe|1\n|move|p1a: Azumarill|Play Rough|p2a: Tatsugiri\n|-supereffective|p2a: Tatsugiri\n|-damage|p2a: Tatsugiri|0 fnt\n|faint|p2a: Tatsugiri\n|\n|upkeep\n|\n|t:|1699140363\n|switch|p2a: Alakazam|Alakazam, M|100\/100\n|turn|14\n|\n|t:|1699140375\n|move|p2a: Alakazam|Psychic|p1a: Azumarill\n|-damage|p1a: Azumarill|10\/100\n|move|p1a: Azumarill|Liquidation|p2a: Alakazam\n|-damage|p2a: Alakazam|0 fnt\n|faint|p2a: Alakazam\n|\n|upkeep\n|\n|t:|1699140382\n|switch|p2a: Palafin|Palafin-Hero, M, tera:Fighting|100\/100\n|turn|15\n|\n|t:|1699140386\n|move|p2a: Palafin|Ice Punch|p1a: Azumarill\n|-resisted|p1a: Azumarill\n|-damage|p1a: Azumarill|0 fnt\n|faint|p1a: Azumarill\n|\n|upkeep\n|\n|t:|1699140392\n|switch|p1a: Dragapult|Dragapult, M|4\/100\n|turn|16\n|\n|t:|1699140396\n|move|p2a: Palafin|Jet Punch|p1a: Dragapult\n|-resisted|p1a: Dragapult\n|-damage|p1a: Dragapult|0 fnt\n|faint|p1a: Dragapult\n|\n|upkeep\n|\n|t:|1699140404\n|switch|p1a: Grafaiai|Grafaiai, M|100\/100\n|turn|17\n|\n|t:|1699140410\n|-terastallize|p1a: Grafaiai|Poison\n|move|p2a: Palafin|Drain Punch|p1a: Grafaiai\n|-resisted|p1a: Grafaiai\n|-damage|p1a: Grafaiai|52\/100\n|move|p1a: Grafaiai|Poison Jab|p2a: Palafin\n|-damage|p2a: Palafin|54\/100\n|\n|upkeep\n|turn|18\n|\n|t:|1699140426\n|move|p2a: Palafin|Jet Punch|p1a: Grafaiai\n|-damage|p1a: Grafaiai|0 fnt\n|faint|p1a: Grafaiai\n|\n|win|ErikGS31\n|raw|Engendro0911's rating: 1150 &rarr; <strong>1115<\/strong><br \/>(-35 for losing)\n|raw|ErikGS31's rating: 1000 &rarr; <strong>1056<\/strong><br \/>(+56 for winning)\n|l|\u2606Engendro0911\n","uploadtime":1699140434,"views":22,"p1id":"engendro0911","p2id":"erikgs31","formatid":"gen9nationaldexubers","rating":1056,"private":0,"password":""}