{"id":"gen9nationaldexubers-1980506777","p1":"BTT2023","p2":"EhOCapone","format":"[Gen 9] National Dex Ubers","log":"|j|\u2606BTT2023\n|j|\u2606EhOCapone\n|t:|1698791610\n|gametype|singles\n|player|p1|BTT2023|red|1067\n|player|p2|EhOCapone|harlequin|1061\n|teamsize|p1|6\n|teamsize|p2|6\n|gen|9\n|tier|[Gen 9] National Dex Ubers\n|rated|\n|rule|HP Percentage Mod: HP is shown in percentages\n|rule|Endless Battle Clause: Forcing endless battles is banned\n|rule|OHKO Clause: OHKO moves are banned\n|rule|Evasion Moves Clause: Evasion moves are banned\n|rule|Evasion Items Clause: Evasion items are banned\n|rule|Species Clause: Limit one of each Pok\u00e9mon\n|rule|Sleep Clause Mod: Limit one foe put to sleep\n|rule|Mega Rayquaza Clause: You cannot mega evolve Rayquaza\n|clearpoke\n|poke|p1|Pikachu, M|\n|poke|p1|Lucario, M|\n|poke|p1|Gengar, M|\n|poke|p1|Dragonite, M|\n|poke|p1|Dracovish|\n|poke|p1|Sirfetch\u2019d, M|\n|poke|p2|Eternatus|\n|poke|p2|Chansey, F|\n|poke|p2|Necrozma-Dusk-Mane|\n|poke|p2|Kyogre|\n|poke|p2|Marshadow|\n|poke|p2|Yveltal|\n|teampreview\n|\n|t:|1698791628\n|start\n|switch|p1a: Dracovish|Dracovish|100\/100\n|switch|p2a: Yveltal|Yveltal|100\/100\n|-ability|p2a: Yveltal|Dark Aura\n|turn|1\n|\n|t:|1698791635\n|move|p1a: Dracovish|Fishious Rend|p2a: Yveltal\n|-damage|p2a: Yveltal|23\/100\n|move|p2a: Yveltal|Knock Off|p1a: Dracovish\n|-damage|p1a: Dracovish|30\/100\n|-enditem|p1a: Dracovish|Choice Scarf|[from] move: Knock Off|[of] p2a: Yveltal\n|\n|upkeep\n|turn|2\n|\n|t:|1698791642\n|move|p1a: Dracovish|Fishious Rend|p2a: Yveltal\n|-damage|p2a: Yveltal|0 fnt\n|faint|p2a: Yveltal\n|\n|upkeep\n|\n|t:|1698791654\n|switch|p2a: Eternatus|Eternatus|100\/100\n|-ability|p2a: Eternatus|Pressure\n|turn|3\n|\n|t:|1698791659\n|move|p2a: Eternatus|Dynamax Cannon|p1a: Dracovish\n|-supereffective|p1a: Dracovish\n|-damage|p1a: Dracovish|0 fnt\n|faint|p1a: Dracovish\n|\n|upkeep\n|\n|t:|1698791671\n|switch|p1a: Gengar|Gengar, M|100\/100\n|turn|4\n|\n|t:|1698791682\n|move|p2a: Eternatus|Dynamax Cannon|p1a: Gengar\n|-damage|p1a: Gengar|15\/100\n|-start|p2a: Eternatus|Disable|Dynamax Cannon|[from] ability: Cursed Body|[of] p1a: Gengar\n|move|p1a: Gengar|Psychic|p2a: Eternatus\n|-supereffective|p2a: Eternatus\n|-damage|p2a: Eternatus|62\/100\n|-unboost|p2a: Eternatus|spd|1\n|\n|upkeep\n|turn|5\n|-activate|p1a: Gengar|item: Quick Claw\n|\n|t:|1698791692\n|switch|p2a: Kyogre|Kyogre|100\/100\n|detailschange|p2a: Kyogre|Kyogre-Primal\n|-primal|p2a: Kyogre|Blue Orb\n|-weather|PrimordialSea|[from] ability: Primordial Sea|[of] p2a: Kyogre\n|move|p1a: Gengar|Psychic|p2a: Kyogre\n|-damage|p2a: Kyogre|84\/100\n|\n|-weather|PrimordialSea|[upkeep]\n|upkeep\n|turn|6\n|\n|t:|1698791702\n|move|p1a: Gengar|Sludge Bomb|p2a: Kyogre\n|-damage|p2a: Kyogre|56\/100\n|move|p2a: Kyogre|Scald|p1a: Gengar\n|-damage|p1a: Gengar|0 fnt\n|-start|p2a: Kyogre|Disable|Scald|[from] ability: Cursed Body|[of] p1a: Gengar\n|faint|p1a: Gengar\n|\n|-weather|PrimordialSea|[upkeep]\n|upkeep\n|\n|t:|1698791707\n|switch|p1a: Dragonite|Dragonite, M|100\/100\n|turn|7\n|\n|t:|1698791712\n|move|p1a: Dragonite|Dragon Dance|p1a: Dragonite\n|-boost|p1a: Dragonite|atk|1\n|-boost|p1a: Dragonite|spe|1\n|move|p2a: Kyogre|Rest|p2a: Kyogre\n|-status|p2a: Kyogre|slp|[from] move: Rest\n|-heal|p2a: Kyogre|100\/100 slp|[silent]\n|\n|-weather|PrimordialSea|[upkeep]\n|upkeep\n|turn|8\n|\n|t:|1698791720\n|-weather|none\n|switch|p2a: Marshadow|Marshadow|100\/100\n|move|p1a: Dragonite|Dragon Dance|p1a: Dragonite\n|-boost|p1a: Dragonite|atk|1\n|-boost|p1a: Dragonite|spe|1\n|\n|upkeep\n|turn|9\n|\n|t:|1698791728\n|move|p1a: Dragonite|Dragon Claw|p2a: Marshadow\n|-damage|p2a: Marshadow|0 fnt\n|faint|p2a: Marshadow\n|\n|upkeep\n|\n|t:|1698791740\n|switch|p2a: Eternatus|Eternatus|62\/100\n|-ability|p2a: Eternatus|Pressure\n|turn|10\n|c|\u2606BTT2023|No Spectral Thief for you :)\n|c|\u2606EhOCapone|:(\n|\n|t:|1698791756\n|move|p1a: Dragonite|Dual Wingbeat|p2a: Eternatus\n|-damage|p2a: Eternatus|29\/100\n|-damage|p2a: Eternatus|0 fnt\n|faint|p2a: Eternatus\n|-hitcount|p2: Eternatus|2\n|\n|upkeep\n|\n|t:|1698791763\n|switch|p2a: Necrozma|Necrozma-Dusk-Mane|100\/100\n|turn|11\n|\n|t:|1698791772\n|move|p1a: Dragonite|Dragon Claw|p2a: Necrozma\n|-resisted|p2a: Necrozma\n|-damage|p2a: Necrozma|69\/100\n|-damage|p1a: Dragonite|84\/100|[from] item: Rocky Helmet|[of] p2a: Necrozma\n|move|p2a: Necrozma|Sunsteel Strike|p1a: Dragonite\n|-damage|p1a: Dragonite|25\/100\n|\n|upkeep\n|turn|12\n|\n|t:|1698791782\n|-terastallize|p1a: Dragonite|Fire\n|move|p1a: Dragonite|Fire Punch|p2a: Necrozma\n|-supereffective|p2a: Necrozma\n|-damage|p2a: Necrozma|0 fnt\n|-damage|p1a: Dragonite|9\/100|[from] item: Rocky Helmet|[of] p2a: Necrozma\n|faint|p2a: Necrozma\n|\n|upkeep\n|\n|t:|1698791790\n|switch|p2a: Chansey|Chansey, F|100\/100\n|turn|13\n|\n|t:|1698791793\n|move|p1a: Dragonite|Dragon Claw|p2a: Chansey\n|-damage|p2a: Chansey|3\/100\n|-enditem|p2a: Chansey|Aguav Berry|[eat]\n|-heal|p2a: Chansey|36\/100|[from] item: Aguav Berry\n|move|p2a: Chansey|Aromatherapy|p2a: Chansey\n|-activate|p2a: Chansey|move: Aromatherapy\n|-curestatus|p2: Kyogre|slp|[msg]\n|\n|upkeep\n|turn|14\n|\n|t:|1698791803\n|switch|p2a: Kyogre|Kyogre-Primal|100\/100\n|-weather|PrimordialSea|[from] ability: Primordial Sea|[of] p2a: Kyogre\n|move|p1a: Dragonite|Dragon Claw|p2a: Kyogre\n|-damage|p2a: Kyogre|40\/100\n|\n|-weather|PrimordialSea|[upkeep]\n|upkeep\n|turn|15\n|\n|t:|1698791810\n|move|p1a: Dragonite|Dragon Claw|p2a: Kyogre\n|-damage|p2a: Kyogre|0 fnt\n|faint|p2a: Kyogre\n|-weather|none\n|\n|upkeep\n|\n|t:|1698791816\n|switch|p2a: Chansey|Chansey, F|36\/100\n|turn|16\n|-message|EhOCapone forfeited.\n|\n|win|BTT2023\n|raw|BTT2023's rating: 1067 &rarr; <strong>1096<\/strong><br \/>(+29 for winning)\n|raw|EhOCapone's rating: 1061 &rarr; <strong>1042<\/strong><br \/>(-19 for losing)\n|l|\u2606EhOCapone\n|c|\u2606BTT2023|GG :)\n","uploadtime":1698791825,"views":17,"p1id":"btt2023","p2id":"ehocapone","formatid":"gen9nationaldexubers","rating":1042,"private":0,"password":""}