{"id":"gen9nationaldexubers-1977809900","p1":"Beastly37","p2":"Zzalen","format":"[Gen 9] National Dex Ubers","log":"|j|\u2606Beastly37\n|j|\u2606Zzalen\n|t:|1698452331\n|gametype|singles\n|player|p1|Beastly37|benga|\n|player|p2|Zzalen|ghetsis|\n|teamsize|p1|6\n|teamsize|p2|6\n|gen|9\n|tier|[Gen 9] National Dex Ubers\n|rule|HP Percentage Mod: HP is shown in percentages\n|rule|Endless Battle Clause: Forcing endless battles is banned\n|rule|OHKO Clause: OHKO moves are banned\n|rule|Evasion Moves Clause: Evasion moves are banned\n|rule|Evasion Items Clause: Evasion items are banned\n|rule|Species Clause: Limit one of each Pok\u00e9mon\n|rule|Sleep Clause Mod: Limit one foe put to sleep\n|rule|Mega Rayquaza Clause: You cannot mega evolve Rayquaza\n|clearpoke\n|poke|p1|Beedrill, F|\n|poke|p1|Lycanroc-Dusk, M|\n|poke|p1|Gothitelle, F|\n|poke|p1|Volcarona, M|\n|poke|p1|Hydreigon, M|\n|poke|p1|Annihilape, M|\n|poke|p2|Giratina|\n|poke|p2|Annihilape, M|\n|poke|p2|Mimikyu, M|\n|poke|p2|Mandibuzz, F|\n|poke|p2|Hydreigon, M|\n|poke|p2|Scizor, M|\n|teampreview\n|j| OneRandomMawile\n|j| LUWITE\n|c| LUWITE|Sick team beastly\n|c| LUWITE|zz really said spam uturn\n|c| OneRandomMawile|Lycanroc gaming\n|c| OneRandomMawile|Im not that scared of mega scizor\n|l| OneRandomMawile\n|\n|t:|1698452468\n|start\n|switch|p1a: Uzi|Gothitelle, F|100\/100\n|switch|p2a: Scizor|Scizor, M, shiny|100\/100\n|turn|1\n|j| OneRandomMawile\n|c| LUWITE|oof\n|\n|t:|1698452521\n|detailschange|p2a: Scizor|Scizor-Mega, M, shiny\n|-mega|p2a: Scizor|Scizor|Scizorite\n|move|p1a: Uzi|Trick||[still]\n|-fail|p1a: Uzi\n|move|p2a: Scizor|Swords Dance|p2a: Scizor\n|-boost|p2a: Scizor|atk|2\n|\n|upkeep\n|turn|2\n|l| OneRandomMawile\n|c| LUWITE|oh no\n|j| OneRandomMawile\n|c| OneRandomMawile|Zzalen hurry up and use a move smhmhmhmmh\n|l| OneRandomMawile\n|c|\u2606Zzalen|koops told me to wait\n|c| LUWITE|:skull:\n|j| OneRandomMawile\n|c| LUWITE|oh I didnt know koops was streaming this lol\n|n|\u2606Beastly37|beastly37\n|c| LUWITE|Started early icic\n|c| LUWITE|oh yall are in vc\n|c|\u2606Zzalen|aye\n|c|\u2606Beastly37|yup\n|l| OneRandomMawile\n|j| OneRandomMawile\n|j| Koopstrooper\n|l| OneRandomMawile\n|\n|t:|1698452853\n|switch|p1a: Helios|Volcarona, M|100\/100\n|move|p2a: Scizor|Knock Off|p1a: Helios\n|-damage|p1a: Helios|5\/100\n|-enditem|p1a: Helios|Heavy-Duty Boots|[from] move: Knock Off|[of] p2a: Scizor\n|\n|upkeep\n|turn|3\n|\n|t:|1698452870\n|move|p2a: Scizor|Bullet Punch|p1a: Helios\n|-resisted|p1a: Helios\n|-damage|p1a: Helios|0 fnt\n|faint|p1a: Helios\n|\n|upkeep\n|j| OneRandomMawile\n|\n|t:|1698452898\n|switch|p1a: Ghidorah|Hydreigon, M|100\/100\n|turn|4\n|\n|t:|1698452911\n|move|p2a: Scizor|Bullet Punch|p1a: Ghidorah\n|-damage|p1a: Ghidorah|30\/100\n|move|p1a: Ghidorah|Fire Blast|p2a: Scizor|[miss]\n|-miss|p1a: Ghidorah|p2a: Scizor\n|\n|upkeep\n|turn|5\n|c| LUWITE|oof\n|\n|t:|1698452927\n|move|p2a: Scizor|Bullet Punch|p1a: Ghidorah\n|-damage|p1a: Ghidorah|0 fnt\n|faint|p1a: Ghidorah\n|\n|upkeep\n|c|\u2606Zzalen|im very sorry\n|\n|t:|1698452932\n|switch|p1a: Kong|Annihilape, M|100\/100\n|turn|6\n|\n|t:|1698452950\n|move|p1a: Kong|Bulk Up|p1a: Kong\n|-boost|p1a: Kong|atk|1\n|-boost|p1a: Kong|def|1\n|move|p2a: Scizor|Swords Dance|p2a: Scizor\n|-boost|p2a: Scizor|atk|2\n|\n|upkeep\n|turn|7\n|c| LUWITE|oh faster interesting\n|\n|t:|1698452960\n|move|p1a: Kong|Bulk Up|p1a: Kong\n|-boost|p1a: Kong|atk|1\n|-boost|p1a: Kong|def|1\n|move|p2a: Scizor|Knock Off|p1a: Kong\n|-damage|p1a: Kong|53\/100\n|-enditem|p1a: Kong|Chesto Berry|[from] move: Knock Off|[of] p2a: Scizor\n|\n|upkeep\n|turn|8\n|c| LUWITE|its bulky boy\n|\n|t:|1698453016\n|move|p2a: Scizor|Bullet Punch|p1a: Kong\n|-damage|p1a: Kong|9\/100\n|move|p1a: Kong|Rage Fist|p2a: Scizor\n|-damage|p2a: Scizor|0 fnt\n|faint|p2a: Scizor\n|\n|upkeep\n|c| LUWITE|I think scizor lives drain punch\n|c| OneRandomMawile|I like how everyone just copy\/pasted annihilape from the smogon forums\n|c| LUWITE|what\n|c| LUWITE|I didnt copy it\n|c| LUWITE|mine is worse\n|c| OneRandomMawile|Intentionally nerfing yourself, I see\n|\n|t:|1698453088\n|switch|p2a: Mimikyu|Mimikyu, M, shiny|100\/100\n|turn|9\n|\n|t:|1698453110\n|switch|p1a: Uzi|Gothitelle, F|100\/100\n|move|p2a: Mimikyu|Shadow Claw|p1a: Uzi\n|-supereffective|p1a: Uzi\n|-damage|p1a: Uzi|16\/100\n|-damage|p2a: Mimikyu|91\/100|[from] item: Life Orb\n|\n|upkeep\n|turn|10\n|c| LUWITE|hes got auto, power beam\n|\n|t:|1698453123\n|move|p2a: Mimikyu|Shadow Sneak|p1a: Uzi\n|-supereffective|p1a: Uzi\n|-damage|p1a: Uzi|0 fnt\n|faint|p1a: Uzi\n|-damage|p2a: Mimikyu|81\/100|[from] item: Life Orb\n|\n|upkeep\n|\n|t:|1698453130\n|switch|p1a: SpiderHawk|Beedrill, F, shiny|100\/100\n|turn|11\n|c| OneRandomMawile|Neo is definitely autotomize weakness policy\n|\n|t:|1698453136\n|detailschange|p1a: SpiderHawk|Beedrill-Mega, F, shiny\n|-mega|p1a: SpiderHawk|Beedrill|Beedrillite\n|move|p1a: SpiderHawk|Poison Jab|p2a: Mimikyu\n|-activate|p2a: Mimikyu|ability: Disguise\n|-damage|p2a: Mimikyu|81\/100\n|-status|p2a: Mimikyu|psn\n|detailschange|p2a: Mimikyu|Mimikyu-Busted, M, shiny\n|-damage|p2a: Mimikyu|68\/100 psn|[from] pokemon: Mimikyu-Busted\n|move|p2a: Mimikyu|Swords Dance|p2a: Mimikyu\n|-boost|p2a: Mimikyu|atk|2\n|\n|-damage|p2a: Mimikyu|56\/100 psn|[from] psn\n|upkeep\n|turn|12\n|\n|t:|1698453156\n|move|p2a: Mimikyu|Shadow Sneak|p1a: SpiderHawk\n|-damage|p1a: SpiderHawk|0 fnt\n|faint|p1a: SpiderHawk\n|-damage|p2a: Mimikyu|46\/100 psn|[from] item: Life Orb\n|\n|-damage|p2a: Mimikyu|34\/100 psn|[from] psn\n|upkeep\n|c| LUWITE|its beedrill\n|c| LUWITE|bro\n|\n|t:|1698453165\n|switch|p1a: Saberwulf|Lycanroc-Dusk, M|100\/100\n|turn|13\n|c| OneRandomMawile|Ohhhh ok\n|\n|t:|1698453177\n|move|p2a: Mimikyu|Shadow Sneak|p1a: Saberwulf\n|-damage|p1a: Saberwulf|32\/100\n|-damage|p2a: Mimikyu|24\/100 psn|[from] item: Life Orb\n|move|p1a: Saberwulf|Play Rough|p2a: Mimikyu\n|-damage|p2a: Mimikyu|0 fnt\n|faint|p2a: Mimikyu\n|\n|upkeep\n|j| Neonecrozma504\n|c| LUWITE|65, 40 bulk moment\n|\n|t:|1698453222\n|switch|p2a: Giratina|Giratina, shiny|100\/100\n|-ability|p2a: Giratina|Pressure\n|turn|14\n|\n|t:|1698453230\n|move|p1a: Saberwulf|Play Rough|p2a: Giratina\n|-supereffective|p2a: Giratina\n|-damage|p2a: Giratina|27\/100\n|move|p2a: Giratina|Shadow Ball|p1a: Saberwulf\n|-damage|p1a: Saberwulf|0 fnt\n|faint|p1a: Saberwulf\n|\n|upkeep\n|c| LUWITE|wow\n|c| Neonecrozma504|Meow\n|c| LUWITE|thats a lot\n|\n|t:|1698453238\n|switch|p1a: Kong|Annihilape, M|9\/100\n|turn|15\n|\n|t:|1698453255\n|move|p2a: Giratina|Shadow Ball|p1a: Kong\n|-supereffective|p1a: Kong\n|-damage|p1a: Kong|0 fnt\n|faint|p1a: Kong\n|\n|win|Zzalen\n|l| Neonecrozma504\n","uploadtime":1698453266,"views":13,"p1id":"beastly37","p2id":"zzalen","formatid":"gen9nationaldexubers","rating":0,"private":0,"password":""}