{"id":"gen9nationaldexubers-2000170488","p1":"MaudileenaDaisyPie","p2":"Emi_Tristoun","format":"[Gen 9] National Dex Ubers","log":"|j|\u2606MaudileenaDaisyPie\n|j|\u2606Emi_Tristoun\n|t:|1701166751\n|gametype|singles\n|player|p1|MaudileenaDaisyPie|wicke|1448\n|player|p2|Emi_Tristoun|siebold|1581\n|teamsize|p1|6\n|teamsize|p2|6\n|gen|9\n|tier|[Gen 9] National Dex Ubers\n|rated|\n|rule|HP Percentage Mod: HP is shown in percentages\n|rule|Endless Battle Clause: Forcing endless battles is banned\n|rule|OHKO Clause: OHKO moves are banned\n|rule|Evasion Moves Clause: Evasion moves are banned\n|rule|Evasion Items Clause: Evasion items are banned\n|rule|Species Clause: Limit one of each Pok\u00e9mon\n|rule|Sleep Clause Mod: Limit one foe put to sleep\n|rule|Mega Rayquaza Clause: You cannot mega evolve Rayquaza\n|clearpoke\n|poke|p1|Smeargle, F|\n|poke|p1|Lucario, F|\n|poke|p1|Xerneas-*|\n|poke|p1|Chi-Yu|\n|poke|p1|Arceus-Ground|\n|poke|p1|Groudon|\n|poke|p2|Marshadow|\n|poke|p2|Groudon|\n|poke|p2|Zacian-*|\n|poke|p2|Zygarde|\n|poke|p2|Xerneas-*|\n|poke|p2|Giratina|\n|teampreview\n|inactive|Battle timer is ON: inactive players will automatically lose when time's up. (requested by MaudileenaDaisyPie)\n|\n|t:|1701166774\n|start\n|switch|p1a: asshole|Smeargle, F|100\/100\n|switch|p2a: Groudon|Groudon, shiny|100\/100\n|detailschange|p2a: Groudon|Groudon-Primal, shiny\n|-primal|p2a: Groudon|Red Orb\n|-weather|DesolateLand|[from] ability: Desolate Land|[of] p2a: Groudon\n|turn|1\n|\n|t:|1701166783\n|move|p2a: Groudon|Heat Crash|p1a: asshole\n|-enditem|p1a: asshole|Focus Sash\n|-damage|p1a: asshole|1\/100\n|move|p1a: asshole|Sticky Web|p2a: Groudon\n|-sidestart|p2: Emi_Tristoun|move: Sticky Web\n|\n|-weather|DesolateLand|[upkeep]\n|-ability|p1a: asshole|Moody|boost\n|-boost|p1a: asshole|def|2\n|-unboost|p1a: asshole|spa|1\n|upkeep\n|turn|2\n|\n|t:|1701166791\n|move|p2a: Groudon|Heat Crash|p1a: asshole\n|-crit|p1a: asshole\n|-damage|p1a: asshole|0 fnt\n|faint|p1a: asshole\n|\n|-weather|DesolateLand|[upkeep]\n|upkeep\n|\n|t:|1701166799\n|switch|p1a: Arceus-Not Flying|Arceus-Ground|100\/100\n|turn|3\n|\n|t:|1701166810\n|-weather|none\n|switch|p2a: Zygarde|Zygarde|100\/100\n|-activate|p2a: Zygarde|move: Sticky Web\n|-unboost|p2a: Zygarde|spe|1\n|move|p1a: Arceus-Not Flying|Dragon Dance|p1a: Arceus-Not Flying\n|-boost|p1a: Arceus-Not Flying|atk|1\n|-boost|p1a: Arceus-Not Flying|spe|1\n|\n|upkeep\n|turn|4\n|\n|t:|1701166817\n|move|p1a: Arceus-Not Flying|Taunt|p2a: Zygarde\n|-start|p2a: Zygarde|move: Taunt\n|cant|p2a: Zygarde|move: Taunt|Glare\n|\n|upkeep\n|turn|5\n|\n|t:|1701166824\n|move|p1a: Arceus-Not Flying|Earthquake|p2a: Zygarde\n|-damage|p2a: Zygarde|56\/100\n|move|p2a: Zygarde|Thousand Arrows|p1a: Arceus-Not Flying\n|-damage|p1a: Arceus-Not Flying|76\/100\n|\n|-heal|p2a: Zygarde|62\/100|[from] item: Leftovers\n|upkeep\n|turn|6\n|\n|t:|1701166832\n|move|p1a: Arceus-Not Flying|Dragon Dance|p1a: Arceus-Not Flying\n|-boost|p1a: Arceus-Not Flying|atk|1\n|-boost|p1a: Arceus-Not Flying|spe|1\n|move|p2a: Zygarde|Thousand Arrows|p1a: Arceus-Not Flying\n|-damage|p1a: Arceus-Not Flying|52\/100\n|\n|-heal|p2a: Zygarde|69\/100|[from] item: Leftovers\n|-end|p2a: Zygarde|move: Taunt\n|upkeep\n|turn|7\n|\n|t:|1701166842\n|move|p1a: Arceus-Not Flying|Taunt|p2a: Zygarde\n|-start|p2a: Zygarde|move: Taunt\n|cant|p2a: Zygarde|move: Taunt|Glare\n|\n|-heal|p2a: Zygarde|75\/100|[from] item: Leftovers\n|upkeep\n|turn|8\n|\n|t:|1701166847\n|move|p1a: Arceus-Not Flying|Earthquake|p2a: Zygarde\n|-damage|p2a: Zygarde|14\/100\n|move|p2a: Zygarde|Thousand Arrows|p1a: Arceus-Not Flying\n|-damage|p1a: Arceus-Not Flying|28\/100\n|\n|-heal|p2a: Zygarde|21\/100|[from] item: Leftovers\n|-activate|p2a: Zygarde|ability: Power Construct\n|detailschange|p2a: Zygarde|Zygarde-Complete\n|-heal|p2a: Zygarde|48\/100|[silent]\n|upkeep\n|turn|9\n|\n|t:|1701166861\n|move|p1a: Arceus-Not Flying|Earthquake|p2a: Zygarde\n|-damage|p2a: Zygarde|7\/100\n|move|p2a: Zygarde|Thousand Arrows|p1a: Arceus-Not Flying\n|-damage|p1a: Arceus-Not Flying|5\/100\n|\n|-heal|p2a: Zygarde|14\/100|[from] item: Leftovers\n|-end|p2a: Zygarde|move: Taunt\n|upkeep\n|turn|10\n|\n|t:|1701166870\n|move|p1a: Arceus-Not Flying|Earthquake|p2a: Zygarde\n|-damage|p2a: Zygarde|0 fnt\n|faint|p2a: Zygarde\n|\n|upkeep\n|\n|t:|1701166874\n|switch|p2a: Marshadow|Marshadow|100\/100\n|-activate|p2a: Marshadow|move: Sticky Web\n|-unboost|p2a: Marshadow|spe|1\n|turn|11\n|\n|t:|1701166878\n|switch|p1a: Groudon|Groudon, shiny|100\/100\n|detailschange|p1a: Groudon|Groudon-Primal, shiny\n|-primal|p1a: Groudon|Red Orb\n|-weather|DesolateLand|[from] ability: Desolate Land|[of] p1a: Groudon\n|move|p2a: Marshadow|Spectral Thief|p1a: Groudon\n|-damage|p1a: Groudon|70\/100\n|\n|-weather|DesolateLand|[upkeep]\n|upkeep\n|turn|12\n|\n|t:|1701166888\n|switch|p2a: Giratina|Giratina, shiny|100\/100\n|-activate|p2a: Giratina|move: Sticky Web\n|-unboost|p2a: Giratina|spe|1\n|-ability|p2a: Giratina|Pressure\n|move|p1a: Groudon|Earthquake|p2a: Giratina\n|-damage|p2a: Giratina|62\/100\n|\n|-weather|DesolateLand|[upkeep]\n|upkeep\n|turn|13\n|\n|t:|1701166900\n|move|p1a: Groudon|Stealth Rock|p2a: Giratina\n|-sidestart|p2: Emi_Tristoun|move: Stealth Rock\n|move|p2a: Giratina|Will-O-Wisp|p1a: Groudon\n|-immune|p1a: Groudon\n|\n|-weather|DesolateLand|[upkeep]\n|upkeep\n|turn|14\n|\n|t:|1701166905\n|move|p1a: Groudon|Swords Dance|p1a: Groudon\n|-boost|p1a: Groudon|atk|2\n|move|p2a: Giratina|Defog|p1a: Groudon\n|-unboost|p1a: Groudon|evasion|1\n|-sideend|p2: Emi_Tristoun|Stealth Rock|[from] move: Defog|[of] p2a: Giratina\n|-sideend|p2: Emi_Tristoun|Sticky Web|[from] move: Defog|[of] p2a: Giratina\n|\n|-weather|DesolateLand|[upkeep]\n|upkeep\n|turn|15\n|inactive|Emi_Tristoun has 120 seconds left.\n|\n|t:|1701166940\n|move|p1a: Groudon|Stealth Rock|p2a: Giratina\n|-sidestart|p2: Emi_Tristoun|move: Stealth Rock\n|move|p2a: Giratina|Roar|p1a: Groudon\n|-weather|none\n|drag|p1a: What is a SpDef?|Chi-Yu|100\/100\n|-ability|p1a: What is a SpDef?|Beads of Ruin\n|\n|upkeep\n|turn|16\n|\n|t:|1701166949\n|move|p1a: What is a SpDef?|Dark Pulse|p2a: Giratina\n|-supereffective|p2a: Giratina\n|-damage|p2a: Giratina|10\/100\n|cant|p2a: Giratina|flinch\n|\n|upkeep\n|turn|17\n|\n|t:|1701166954\n|move|p1a: What is a SpDef?|Dark Pulse|p2a: Giratina\n|-supereffective|p2a: Giratina\n|-damage|p2a: Giratina|0 fnt\n|faint|p2a: Giratina\n|\n|upkeep\n|\n|t:|1701166960\n|switch|p2a: Zacian|Zacian-Crowned|100\/100\n|-damage|p2a: Zacian|94\/100|[from] Stealth Rock\n|-ability|p2a: Zacian|Intrepid Sword|boost\n|-boost|p2a: Zacian|atk|1\n|turn|18\n|\n|t:|1701166968\n|switch|p1a: Arceus-Not Flying|Arceus-Ground|5\/100\n|move|p2a: Zacian|Play Rough|p1a: Arceus-Not Flying\n|-damage|p1a: Arceus-Not Flying|0 fnt\n|faint|p1a: Arceus-Not Flying\n|\n|upkeep\n|\n|t:|1701166975\n|switch|p1a: Groudon|Groudon-Primal, shiny|70\/100\n|-weather|DesolateLand|[from] ability: Desolate Land|[of] p1a: Groudon\n|turn|19\n|\n|t:|1701166984\n|-terastallize|p2a: Zacian|Fairy\n|move|p2a: Zacian|Swords Dance|p2a: Zacian\n|-boost|p2a: Zacian|atk|2\n|move|p1a: Groudon|Earthquake|p2a: Zacian\n|-damage|p2a: Zacian|32\/100\n|\n|-weather|DesolateLand|[upkeep]\n|upkeep\n|turn|20\n|\n|t:|1701166992\n|move|p2a: Zacian|Play Rough|p1a: Groudon\n|-resisted|p1a: Groudon\n|-damage|p1a: Groudon|9\/100\n|-unboost|p1a: Groudon|atk|1\n|move|p1a: Groudon|Earthquake|p2a: Zacian\n|-damage|p2a: Zacian|0 fnt\n|faint|p2a: Zacian\n|\n|-weather|DesolateLand|[upkeep]\n|upkeep\n|\n|t:|1701167003\n|switch|p2a: Xerneas|Xerneas, shiny|100\/100\n|-damage|p2a: Xerneas|88\/100|[from] Stealth Rock\n|-ability|p2a: Xerneas|Fairy Aura\n|turn|21\n|\n|t:|1701167009\n|move|p2a: Xerneas|Geomancy||[still]\n|-prepare|p2a: Xerneas|Geomancy\n|-enditem|p2a: Xerneas|Power Herb\n|-anim|p2a: Xerneas|Geomancy|p2a: Xerneas\n|-boost|p2a: Xerneas|spa|2\n|-boost|p2a: Xerneas|spd|2\n|-boost|p2a: Xerneas|spe|2\n|move|p1a: Groudon|Earthquake|p2a: Xerneas\n|-damage|p2a: Xerneas|52\/100\n|\n|-weather|DesolateLand|[upkeep]\n|upkeep\n|turn|22\n|\n|t:|1701167016\n|move|p2a: Xerneas|Moonblast|p1a: Groudon\n|-resisted|p1a: Groudon\n|-damage|p1a: Groudon|0 fnt\n|faint|p1a: Groudon\n|-weather|none\n|\n|upkeep\n|\n|t:|1701167020\n|switch|p1a: Luka|Lucario, F|100\/100\n|turn|23\n|\n|t:|1701167033\n|detailschange|p1a: Luka|Lucario-Mega, F\n|-mega|p1a: Luka|Lucario|Lucarionite\n|move|p1a: Luka|Bullet Punch|p2a: Xerneas\n|-supereffective|p2a: Xerneas\n|-damage|p2a: Xerneas|1\/100\n|move|p2a: Xerneas|Substitute|p2a: Xerneas\n|-fail|p2a: Xerneas|move: Substitute|[weak]\n|\n|upkeep\n|turn|24\n|\n|t:|1701167039\n|move|p1a: Luka|Bullet Punch|p2a: Xerneas\n|-supereffective|p2a: Xerneas\n|-damage|p2a: Xerneas|0 fnt\n|faint|p2a: Xerneas\n|\n|upkeep\n|\n|t:|1701167045\n|switch|p2a: Groudon|Groudon-Primal, shiny|100\/100\n|-damage|p2a: Groudon|88\/100|[from] Stealth Rock\n|-weather|DesolateLand|[from] ability: Desolate Land|[of] p2a: Groudon\n|turn|25\n|\n|t:|1701167052\n|move|p1a: Luka|Close Combat|p2a: Groudon\n|-damage|p2a: Groudon|24\/100\n|-unboost|p1a: Luka|def|1\n|-unboost|p1a: Luka|spd|1\n|move|p2a: Groudon|Heat Crash|p1a: Luka\n|-supereffective|p1a: Luka\n|-damage|p1a: Luka|0 fnt\n|faint|p1a: Luka\n|\n|-weather|DesolateLand|[upkeep]\n|upkeep\n|\n|t:|1701167054\n|switch|p1a: What is a SpDef?|Chi-Yu|100\/100\n|-ability|p1a: What is a SpDef?|Beads of Ruin\n|turn|26\n|\n|t:|1701167065\n|move|p1a: What is a SpDef?|Dark Pulse|p2a: Groudon\n|-damage|p2a: Groudon|0 fnt\n|faint|p2a: Groudon\n|-weather|none\n|\n|upkeep\n|\n|t:|1701167070\n|switch|p2a: Marshadow|Marshadow|100\/100\n|-damage|p2a: Marshadow|94\/100|[from] Stealth Rock\n|turn|27\n|\n|t:|1701167074\n|move|p2a: Marshadow|Spectral Thief|p1a: What is a SpDef?\n|-resisted|p1a: What is a SpDef?\n|-damage|p1a: What is a SpDef?|63\/100\n|-zpower|p1a: What is a SpDef?\n|move|p1a: What is a SpDef?|Black Hole Eclipse|p2a: Marshadow|[zeffect]\n|-damage|p2a: Marshadow|0 fnt\n|faint|p2a: Marshadow\n|\n|win|MaudileenaDaisyPie\n|raw|MaudileenaDaisyPie's rating: 1448 &rarr; <strong>1475<\/strong><br \/>(+27 for winning)\n|raw|Emi_Tristoun's rating: 1581 &rarr; <strong>1554<\/strong><br \/>(-27 for losing)\n|l|\u2606Emi_Tristoun\n","uploadtime":1701167085,"views":1,"p1id":"maudileenadaisypie","p2id":"emitristoun","formatid":"gen9nationaldexubers","rating":1475,"private":0,"password":""}