{"id":"gen9nationaldexubers-1983504898","p1":"Denimas","p2":"Ringo Starrr","format":"[Gen 9] National Dex Ubers","log":"|j|\u2606Denimas\n|j|\u2606Ringo Starrr\n|t:|1699137341\n|gametype|singles\n|player|p1|Denimas|giovanni|1129\n|player|p2|Ringo Starrr|pilot|1097\n|teamsize|p1|6\n|teamsize|p2|6\n|gen|9\n|tier|[Gen 9] National Dex Ubers\n|rated|\n|rule|HP Percentage Mod: HP is shown in percentages\n|rule|Endless Battle Clause: Forcing endless battles is banned\n|rule|OHKO Clause: OHKO moves are banned\n|rule|Evasion Moves Clause: Evasion moves are banned\n|rule|Evasion Items Clause: Evasion items are banned\n|rule|Species Clause: Limit one of each Pok\u00e9mon\n|rule|Sleep Clause Mod: Limit one foe put to sleep\n|rule|Mega Rayquaza Clause: You cannot mega evolve Rayquaza\n|clearpoke\n|poke|p1|Typhlosion-Hisui, F|\n|poke|p1|Venusaur, M|\n|poke|p1|Torkoal, M|\n|poke|p1|Groudon|\n|poke|p1|Volcarona, F|\n|poke|p1|Arceus-Fire|\n|poke|p2|Pyukumuku, F|\n|poke|p2|Eiscue, M|\n|poke|p2|Slowbro-Galar, M|\n|poke|p2|Incineroar, M|\n|poke|p2|Corviknight, F|\n|poke|p2|Steelix, M|\n|teampreview\n|inactive|Battle timer is ON: inactive players will automatically lose when time's up. (requested by Ringo Starrr)\n|c|\u2606Denimas|wow\n|c|\u2606Denimas|temp6t lover\n|c|\u2606Ringo Starrr|fr\n|inactive|Ringo Starrr has 120 seconds left.\n|c|\u2606Ringo Starrr|eiscue lover too\n|\n|t:|1699137382\n|start\n|switch|p1a: Torkoal|Torkoal, M|100\/100\n|switch|p2a: Steelix|Steelix, M|100\/100\n|-weather|SunnyDay|[from] ability: Drought|[of] p1a: Torkoal\n|turn|1\n|\n|t:|1699137395\n|move|p2a: Steelix|Stealth Rock|p1a: Torkoal\n|-sidestart|p1: Denimas|move: Stealth Rock\n|move|p1a: Torkoal|Eruption|p2a: Steelix\n|-supereffective|p2a: Steelix\n|-damage|p2a: Steelix|0 fnt\n|faint|p2a: Steelix\n|\n|-weather|SunnyDay|[upkeep]\n|upkeep\n|\n|t:|1699137402\n|switch|p2a: Slowbro|Slowbro-Galar, M|100\/100\n|turn|2\n|\n|t:|1699137410\n|move|p2a: Slowbro|Nasty Plot|p2a: Slowbro\n|-boost|p2a: Slowbro|spa|2\n|move|p1a: Torkoal|Eruption|p2a: Slowbro\n|-damage|p2a: Slowbro|25\/100\n|\n|-weather|SunnyDay|[upkeep]\n|upkeep\n|turn|3\n|\n|t:|1699137418\n|move|p2a: Slowbro|Psychic|p1a: Torkoal\n|-damage|p1a: Torkoal|0 fnt\n|faint|p1a: Torkoal\n|\n|-weather|SunnyDay|[upkeep]\n|upkeep\n|\n|t:|1699137429\n|switch|p1a: Volcarona|Volcarona, F|100\/100\n|turn|4\n|-activate|p2a: Slowbro|ability: Quick Draw\n|\n|t:|1699137434\n|move|p2a: Slowbro|Sludge Bomb|p1a: Volcarona\n|-damage|p1a: Volcarona|12\/100\n|-status|p1a: Volcarona|psn\n|move|p1a: Volcarona|Psychic|p2a: Slowbro\n|-damage|p2a: Slowbro|0 fnt\n|faint|p2a: Slowbro\n|\n|-weather|SunnyDay|[upkeep]\n|-damage|p1a: Volcarona|0 fnt|[from] psn\n|faint|p1a: Volcarona\n|upkeep\n|\n|t:|1699137448\n|switch|p1a: Typhlosion|Typhlosion-Hisui, F|100\/100\n|switch|p2a: Pyukumuku|Pyukumuku, F|100\/100\n|-damage|p1a: Typhlosion|76\/100|[from] Stealth Rock\n|-item|p2a: Pyukumuku|Leftovers|[from] ability: Frisk|[of] p1a: Typhlosion|[identify]\n|turn|5\n|\n|t:|1699137456\n|switch|p1a: Venusaur|Venusaur, M|100\/100\n|-damage|p1a: Venusaur|88\/100|[from] Stealth Rock\n|move|p2a: Pyukumuku|Toxic|p1a: Venusaur\n|-immune|p1a: Venusaur\n|\n|-weather|SunnyDay|[upkeep]\n|upkeep\n|turn|6\n|\n|t:|1699137460\n|detailschange|p1a: Venusaur|Venusaur-Mega, M\n|-mega|p1a: Venusaur|Venusaur|Venusaurite\n|move|p1a: Venusaur|Solar Beam||[still]\n|-prepare|p1a: Venusaur|Solar Beam\n|-anim|p1a: Venusaur|Solar Beam|p2a: Pyukumuku\n|-supereffective|p2a: Pyukumuku\n|-damage|p2a: Pyukumuku|16\/100\n|move|p2a: Pyukumuku|Soak|p1a: Venusaur\n|-start|p1a: Venusaur|typechange|Water\n|\n|-weather|SunnyDay|[upkeep]\n|-heal|p2a: Pyukumuku|22\/100|[from] item: Leftovers\n|upkeep\n|turn|7\n|\n|t:|1699137469\n|switch|p2a: Corviknight|Corviknight, F|100\/100\n|-ability|p2a: Corviknight|Pressure\n|move|p1a: Venusaur|Solar Beam||[still]\n|-prepare|p1a: Venusaur|Solar Beam\n|-anim|p1a: Venusaur|Solar Beam|p2a: Corviknight\n|-resisted|p2a: Corviknight\n|-damage|p2a: Corviknight|93\/100\n|\n|-weather|SunnyDay|[upkeep]\n|upkeep\n|turn|8\n|\n|t:|1699137478\n|move|p2a: Corviknight|Agility|p2a: Corviknight\n|-boost|p2a: Corviknight|spe|2\n|move|p1a: Venusaur|Weather Ball|p2a: Corviknight\n|-supereffective|p2a: Corviknight\n|-damage|p2a: Corviknight|13\/100\n|-enditem|p2a: Corviknight|Weakness Policy\n|-boost|p2a: Corviknight|atk|2|[from] item: Weakness Policy\n|-boost|p2a: Corviknight|spa|2|[from] item: Weakness Policy\n|\n|-weather|none\n|upkeep\n|turn|9\n|\n|t:|1699137488\n|-terastallize|p2a: Corviknight|Flying\n|move|p2a: Corviknight|Roost|p2a: Corviknight\n|-heal|p2a: Corviknight|63\/100\n|-hint|If a Flying Terastallized Pokemon uses Roost, it remains Flying-type.\n|move|p1a: Venusaur|Weather Ball|p2a: Corviknight\n|-damage|p2a: Corviknight|50\/100\n|\n|upkeep\n|turn|10\n|\n|t:|1699137496\n|move|p2a: Corviknight|Roost|p2a: Corviknight\n|-heal|p2a: Corviknight|99\/100\n|-hint|If a Flying Terastallized Pokemon uses Roost, it remains Flying-type.\n|move|p1a: Venusaur|Weather Ball|p2a: Corviknight\n|-damage|p2a: Corviknight|87\/100\n|\n|upkeep\n|turn|11\n|\n|t:|1699137507\n|move|p2a: Corviknight|Power Trip|p1a: Venusaur\n|-crit|p1a: Venusaur\n|-damage|p1a: Venusaur|32\/100\n|move|p1a: Venusaur|Leech Seed|p2a: Corviknight|[miss]\n|-miss|p1a: Venusaur|p2a: Corviknight\n|\n|upkeep\n|turn|12\n|\n|t:|1699137513\n|move|p2a: Corviknight|Power Trip|p1a: Venusaur\n|-damage|p1a: Venusaur|0 fnt\n|faint|p1a: Venusaur\n|\n|upkeep\n|\n|t:|1699137521\n|switch|p1a: Typhlosion|Typhlosion-Hisui, F|76\/100\n|-damage|p1a: Typhlosion|51\/100|[from] Stealth Rock\n|turn|13\n|\n|t:|1699137526\n|move|p2a: Corviknight|Power Trip|p1a: Typhlosion\n|-supereffective|p1a: Typhlosion\n|-damage|p1a: Typhlosion|0 fnt\n|faint|p1a: Typhlosion\n|\n|upkeep\n|\n|t:|1699137529\n|switch|p1a: Arceus|Arceus-Fire|100\/100\n|-damage|p1a: Arceus|76\/100|[from] Stealth Rock\n|turn|14\n|\n|t:|1699137533\n|move|p2a: Corviknight|Bulk Up|p2a: Corviknight\n|-boost|p2a: Corviknight|atk|1\n|-boost|p2a: Corviknight|def|1\n|move|p1a: Arceus|Judgment|p2a: Corviknight\n|-damage|p2a: Corviknight|33\/100\n|\n|upkeep\n|turn|15\n|\n|t:|1699137540\n|move|p2a: Corviknight|Power Trip|p1a: Arceus\n|-damage|p1a: Arceus|1\/100\n|move|p1a: Arceus|Judgment|p2a: Corviknight\n|-damage|p2a: Corviknight|0 fnt\n|faint|p2a: Corviknight\n|\n|upkeep\n|c|\u2606Denimas|nice\n|\n|t:|1699137554\n|switch|p2a: Incineroar|Incineroar, M|100\/100\n|-ability|p2a: Incineroar|Intimidate|boost\n|-unboost|p1a: Arceus|atk|1\n|turn|16\n|\n|t:|1699137560\n|move|p1a: Arceus|Power Gem|p2a: Incineroar\n|-supereffective|p2a: Incineroar\n|-damage|p2a: Incineroar|39\/100\n|-enditem|p2a: Incineroar|Weakness Policy\n|-boost|p2a: Incineroar|atk|2|[from] item: Weakness Policy\n|-boost|p2a: Incineroar|spa|2|[from] item: Weakness Policy\n|move|p2a: Incineroar|Drain Punch|p1a: Arceus\n|-damage|p1a: Arceus|0 fnt\n|-heal|p2a: Incineroar|39\/100|[from] drain|[of] p1a: Arceus\n|faint|p1a: Arceus\n|\n|upkeep\n|\n|t:|1699137563\n|switch|p1a: Groudon|Groudon|100\/100\n|-damage|p1a: Groudon|94\/100|[from] Stealth Rock\n|detailschange|p1a: Groudon|Groudon-Primal\n|-primal|p1a: Groudon|Red Orb\n|-weather|DesolateLand|[from] ability: Desolate Land|[of] p1a: Groudon\n|turn|17\n|\n|t:|1699137574\n|move|p2a: Incineroar|Drain Punch|p1a: Groudon\n|-damage|p1a: Groudon|69\/100\n|-heal|p2a: Incineroar|55\/100|[from] drain|[of] p1a: Groudon\n|move|p1a: Groudon|Earthquake|p2a: Incineroar\n|-supereffective|p2a: Incineroar\n|-damage|p2a: Incineroar|0 fnt\n|faint|p2a: Incineroar\n|\n|-weather|DesolateLand|[upkeep]\n|upkeep\n|\n|t:|1699137579\n|switch|p2a: Eiscue|Eiscue, M|100\/100\n|turn|18\n|c|\u2606Denimas|substuite - belly drum and reversal?\n|c|\u2606Ringo Starrr|its joever\n|inactive|Denimas has 120 seconds left.\n|\n|t:|1699137613\n|move|p2a: Eiscue|Substitute|p2a: Eiscue\n|-start|p2a: Eiscue|Substitute\n|-damage|p2a: Eiscue|75\/100\n|move|p1a: Groudon|Frustration|p2a: Eiscue\n|-end|p2a: Eiscue|Substitute\n|\n|-weather|DesolateLand|[upkeep]\n|upkeep\n|turn|19\n|inactive|Ringo Starrr has 120 seconds left.\n|\n|t:|1699137652\n|move|p2a: Eiscue|Belly Drum|p2a: Eiscue\n|-damage|p2a: Eiscue|25\/100\n|-setboost|p2a: Eiscue|atk|6|[from] move: Belly Drum\n|-enditem|p2a: Eiscue|Sitrus Berry|[eat]\n|-heal|p2a: Eiscue|50\/100|[from] item: Sitrus Berry\n|move|p1a: Groudon|Frustration|p2a: Eiscue\n|-activate|p2a: Eiscue|ability: Ice Face\n|-damage|p2a: Eiscue|50\/100\n|detailschange|p2a: Eiscue|Eiscue-Noice, M\n|\n|-weather|DesolateLand|[upkeep]\n|upkeep\n|turn|20\n|inactive|Ringo Starrr has 120 seconds left.\n|c|\u2606Denimas|gg\n|\n|t:|1699137682\n|move|p2a: Eiscue|Icicle Crash|p1a: Groudon\n|-damage|p1a: Groudon|2\/100\n|cant|p1a: Groudon|flinch\n|\n|-weather|DesolateLand|[upkeep]\n|upkeep\n|turn|21\n|c|\u2606Ringo Starrr|woah\n|c|\u2606Ringo Starrr|gg\n|inactive|Denimas has 120 seconds left.\n|c|\u2606Denimas|uh\n|\n|t:|1699137710\n|move|p2a: Eiscue|Reversal|p1a: Groudon\n|-damage|p1a: Groudon|0 fnt\n|faint|p1a: Groudon\n|-weather|none\n|\n|win|Ringo Starrr\n|raw|Denimas's rating: 1129 &rarr; <strong>1102<\/strong><br \/>(-27 for losing)\n|raw|Ringo Starrr's rating: 1097 &rarr; <strong>1125<\/strong><br \/>(+28 for winning)\n|c|\u2606Denimas|gg\n|l|\u2606Denimas\n","uploadtime":1699137727,"views":10,"p1id":"denimas","p2id":"ringostarrr","formatid":"gen9nationaldexubers","rating":1102,"private":0,"password":""}