{"id":"gen9nationaldexubers-1982878431","p1":"RaiyaninUK","p2":"saifu.mp4","format":"[Gen 9] National Dex Ubers","log":"|j|\u203dRaiyaninUK\n|j|\u2606saifu.mp4\n|t:|1699054114\n|gametype|singles\n|player|p1|RaiyaninUK|1|1023\n|player|p2|saifu.mp4|hugh|1115\n|teamsize|p1|6\n|teamsize|p2|6\n|gen|9\n|tier|[Gen 9] National Dex Ubers\n|rated|\n|rule|HP Percentage Mod: HP is shown in percentages\n|rule|Endless Battle Clause: Forcing endless battles is banned\n|rule|OHKO Clause: OHKO moves are banned\n|rule|Evasion Moves Clause: Evasion moves are banned\n|rule|Evasion Items Clause: Evasion items are banned\n|rule|Species Clause: Limit one of each Pok\u00e9mon\n|rule|Sleep Clause Mod: Limit one foe put to sleep\n|rule|Mega Rayquaza Clause: You cannot mega evolve Rayquaza\n|clearpoke\n|poke|p1|Chi-Yu|\n|poke|p1|Glimmora, F|\n|poke|p1|Gholdengo|\n|poke|p1|Ting-Lu|\n|poke|p1|Sinistcha|\n|poke|p1|Houndstone, F|\n|poke|p2|Zoroark-Hisui, F|\n|poke|p2|Grimmsnarl, M|\n|poke|p2|Ribombee, F|\n|poke|p2|Iron Valiant|\n|poke|p2|Excadrill, M|\n|poke|p2|Dondozo, M|\n|teampreview\n|\n|t:|1699054128\n|start\n|switch|p1a: Chi-Yu|Chi-Yu|100\/100\n|switch|p2a: nuh uh|Grimmsnarl, M, shiny|100\/100\n|-ability|p1a: Chi-Yu|Beads of Ruin\n|turn|1\n|\n|t:|1699054141\n|switch|p2a: 2002 Skyline GT-R|Iron Valiant, shiny|100\/100\n|-enditem|p2a: 2002 Skyline GT-R|Booster Energy\n|-activate|p2a: 2002 Skyline GT-R|ability: Quark Drive|[fromitem]\n|-start|p2a: 2002 Skyline GT-R|quarkdrivespe\n|move|p1a: Chi-Yu|Memento|p2a: 2002 Skyline GT-R\n|-unboost|p2a: 2002 Skyline GT-R|atk|2\n|-unboost|p2a: 2002 Skyline GT-R|spa|2\n|faint|p1a: Chi-Yu\n|\n|upkeep\n|\n|t:|1699054149\n|switch|p1a: Glimmora|Glimmora, F|100\/100\n|turn|2\n|\n|t:|1699054152\n|-end|p2a: 2002 Skyline GT-R|Quark Drive|[silent]\n|switch|p2a: Dai-Gurren|Excadrill, M, shiny|100\/100\n|-ability|p2a: Dai-Gurren|Mold Breaker\n|move|p1a: Glimmora|Memento|p2a: Dai-Gurren\n|-unboost|p2a: Dai-Gurren|atk|2\n|-unboost|p2a: Dai-Gurren|spa|2\n|faint|p1a: Glimmora\n|\n|upkeep\n|\n|t:|1699054157\n|switch|p1a: Gholdengo|Gholdengo|100\/100\n|turn|3\n|\n|t:|1699054171\n|switch|p2a: SanDiego|Dondozo, M, shiny|100\/100\n|move|p1a: Gholdengo|Memento|p2a: SanDiego\n|-unboost|p2a: SanDiego|atk|2\n|-unboost|p2a: SanDiego|spa|2\n|faint|p1a: Gholdengo\n|\n|upkeep\n|\n|t:|1699054176\n|switch|p1a: Ting-Lu|Ting-Lu|100\/100\n|-ability|p1a: Ting-Lu|Vessel of Ruin\n|turn|4\n|c|\u2606saifu.mp4|?\n|\n|t:|1699054182\n|switch|p2a: nuh uh|Grimmsnarl, M, shiny|100\/100\n|move|p1a: Ting-Lu|Memento|p2a: nuh uh\n|-unboost|p2a: nuh uh|atk|2\n|-unboost|p2a: nuh uh|spa|2\n|faint|p1a: Ting-Lu\n|\n|upkeep\n|\n|t:|1699054187\n|switch|p1a: Sinistcha|Sinistcha|100\/100\n|turn|5\n|\n|t:|1699054191\n|move|p2a: nuh uh|Taunt|p1a: Sinistcha\n|-start|p1a: Sinistcha|move: Taunt\n|cant|p1a: Sinistcha|move: Taunt|Memento\n|\n|upkeep\n|turn|6\n|\n|t:|1699054229\n|switch|p2a: 36 Chrome Tabs|Ribombee, F, shiny|100\/100\n|move|p1a: Sinistcha|Energy Ball|p2a: 36 Chrome Tabs\n|-resisted|p2a: 36 Chrome Tabs\n|-damage|p2a: 36 Chrome Tabs|57\/100\n|\n|upkeep\n|turn|7\n|\n|t:|1699054235\n|move|p2a: 36 Chrome Tabs|Bug Buzz|p1a: Sinistcha\n|-damage|p1a: Sinistcha|59\/100\n|move|p1a: Sinistcha|Energy Ball|p2a: 36 Chrome Tabs\n|-resisted|p2a: 36 Chrome Tabs\n|-damage|p2a: 36 Chrome Tabs|14\/100\n|\n|-end|p1a: Sinistcha|move: Taunt\n|upkeep\n|turn|8\n|\n|t:|1699054243\n|move|p2a: 36 Chrome Tabs|Sticky Web|p1a: Sinistcha\n|-sidestart|p1: RaiyaninUK|move: Sticky Web\n|move|p1a: Sinistcha|Memento|p2a: 36 Chrome Tabs\n|-unboost|p2a: 36 Chrome Tabs|atk|2\n|-unboost|p2a: 36 Chrome Tabs|spa|2\n|faint|p1a: Sinistcha\n|\n|upkeep\n|\n|t:|1699054248\n|switch|p1a: Houndstone|Houndstone, F|100\/100\n|-activate|p1a: Houndstone|move: Sticky Web\n|-unboost|p1a: Houndstone|spe|1\n|turn|9\n|\n|t:|1699054252\n|move|p2a: 36 Chrome Tabs|Stun Spore|p1a: Houndstone\n|-status|p1a: Houndstone|par\n|move|p1a: Houndstone|Last Respects|p2a: 36 Chrome Tabs\n|-crit|p2a: 36 Chrome Tabs\n|-damage|p2a: 36 Chrome Tabs|0 fnt\n|faint|p2a: 36 Chrome Tabs\n|\n|upkeep\n|\n|t:|1699054256\n|switch|p2a: SanDiego|Dondozo, M, shiny|100\/100\n|turn|10\n|\n|t:|1699054262\n|move|p2a: SanDiego|Shadow Ball|p1a: Houndstone\n|-supereffective|p1a: Houndstone\n|-damage|p1a: Houndstone|4\/100 par\n|move|p1a: Houndstone|Last Respects|p2a: SanDiego\n|-immune|p2a: SanDiego\n|\n|upkeep\n|turn|11\n|c|\u2606saifu.mp4|ggs\n|\n|t:|1699054276\n|move|p2a: SanDiego|Shadow Ball|p1a: Houndstone\n|-supereffective|p1a: Houndstone\n|-damage|p1a: Houndstone|0 fnt\n|faint|p1a: Houndstone\n|\n|win|saifu.mp4\n|raw|RaiyaninUK's rating: 1023 &rarr; <strong>1013<\/strong><br \/>(-10 for losing)\n|raw|saifu.mp4's rating: 1115 &rarr; <strong>1134<\/strong><br \/>(+19 for winning)\n|l|\u203dRaiyaninUK\n","uploadtime":1699054283,"views":11,"p1id":"raiyaninuk","p2id":"saifump4","formatid":"gen9nationaldexubers","rating":1013,"private":0,"password":""}