{"id":"gen9nationaldexubers-1978385353","p1":"whaah","p2":"JustMonika_CARR","format":"[Gen 9] National Dex Ubers","log":"|j|\u2606whaah\n|j|\u2606JustMonika_CARR\n|t:|1698532209\n|gametype|singles\n|player|p1|whaah|plasmagrunt-gen5bw|1361\n|player|p2|JustMonika_CARR|dawn|1385\n|teamsize|p1|6\n|teamsize|p2|6\n|gen|9\n|tier|[Gen 9] National Dex Ubers\n|rated|\n|rule|HP Percentage Mod: HP is shown in percentages\n|rule|Endless Battle Clause: Forcing endless battles is banned\n|rule|OHKO Clause: OHKO moves are banned\n|rule|Evasion Moves Clause: Evasion moves are banned\n|rule|Evasion Items Clause: Evasion items are banned\n|rule|Species Clause: Limit one of each Pok\u00e9mon\n|rule|Sleep Clause Mod: Limit one foe put to sleep\n|rule|Mega Rayquaza Clause: You cannot mega evolve Rayquaza\n|clearpoke\n|poke|p1|Giratina|\n|poke|p1|Ho-Oh|\n|poke|p1|Chansey, F|\n|poke|p1|Dondozo, M|\n|poke|p1|Clodsire, M|\n|poke|p1|Eternatus|\n|poke|p2|Marshadow|\n|poke|p2|Lopunny, F|\n|poke|p2|Dialga|\n|poke|p2|Forretress, F|\n|poke|p2|Pheromosa|\n|poke|p2|Grimmsnarl, M|\n|teampreview\n|inactive|Battle timer is ON: inactive players will automatically lose when time's up. (requested by whaah)\n|\n|t:|1698532219\n|start\n|switch|p1a: Eternatus|Eternatus|100\/100\n|switch|p2a: Forretress|Forretress, F, shiny|100\/100\n|-ability|p1a: Eternatus|Pressure\n|turn|1\n|\n|t:|1698532226\n|move|p1a: Eternatus|Flamethrower|p2a: Forretress\n|-supereffective|p2a: Forretress\n|-ability|p2a: Forretress|Sturdy\n|-damage|p2a: Forretress|1\/100\n|-enditem|p2a: Forretress|Red Card|[of] p1a: Eternatus\n|drag|p1a: Ho-Oh|Ho-Oh|100\/100\n|move|p2a: Forretress|Stealth Rock|p1a: Ho-Oh\n|-sidestart|p1: whaah|move: Stealth Rock\n|\n|upkeep\n|turn|2\n|\n|t:|1698532243\n|move|p1a: Ho-Oh|Sacred Fire|p2a: Forretress\n|-supereffective|p2a: Forretress\n|-damage|p2a: Forretress|0 fnt\n|faint|p2a: Forretress\n|\n|upkeep\n|\n|t:|1698532248\n|switch|p2a: Marshadow|Marshadow|100\/100\n|turn|3\n|\n|t:|1698532251\n|-terastallize|p2a: Marshadow|Rock\n|move|p2a: Marshadow|Rock Tomb|p1a: Ho-Oh\n|-supereffective|p1a: Ho-Oh\n|-damage|p1a: Ho-Oh|0 fnt\n|faint|p1a: Ho-Oh\n|\n|upkeep\n|\n|t:|1698532260\n|switch|p1a: Giratina|Giratina|100\/100\n|-damage|p1a: Giratina|88\/100|[from] Stealth Rock\n|-ability|p1a: Giratina|Pressure\n|turn|4\n|\n|t:|1698532265\n|move|p2a: Marshadow|Spectral Thief|p1a: Giratina\n|-supereffective|p1a: Giratina\n|-damage|p1a: Giratina|49\/100\n|move|p1a: Giratina|Defog|p2a: Marshadow\n|-unboost|p2a: Marshadow|evasion|1\n|-sideend|p1: whaah|Stealth Rock|[from] move: Defog|[of] p1a: Giratina\n|\n|-heal|p1a: Giratina|55\/100|[from] item: Leftovers\n|upkeep\n|turn|5\n|\n|t:|1698532276\n|switch|p1a: Dondozo|Dondozo, M|100\/100\n|move|p2a: Marshadow|Drain Punch|p1a: Dondozo\n|-damage|p1a: Dondozo|84\/100\n|\n|-heal|p1a: Dondozo|90\/100|[from] item: Leftovers\n|upkeep\n|turn|6\n|\n|t:|1698532286\n|move|p2a: Marshadow|Spectral Thief|p1a: Dondozo\n|-damage|p1a: Dondozo|69\/100\n|move|p1a: Dondozo|Liquidation|p2a: Marshadow\n|-supereffective|p2a: Marshadow\n|-damage|p2a: Marshadow|31\/100\n|-unboost|p2a: Marshadow|def|1\n|\n|-heal|p1a: Dondozo|75\/100|[from] item: Leftovers\n|upkeep\n|turn|7\n|\n|t:|1698532296\n|move|p2a: Marshadow|Spectral Thief|p1a: Dondozo\n|-damage|p1a: Dondozo|56\/100\n|move|p1a: Dondozo|Liquidation|p2a: Marshadow\n|-supereffective|p2a: Marshadow\n|-damage|p2a: Marshadow|0 fnt\n|faint|p2a: Marshadow\n|\n|-heal|p1a: Dondozo|62\/100|[from] item: Leftovers\n|upkeep\n|\n|t:|1698532308\n|switch|p2a: Pheromosa|Pheromosa, shiny|100\/100\n|turn|8\n|\n|t:|1698532321\n|move|p2a: Pheromosa|Rapid Spin|p1a: Dondozo\n|-damage|p1a: Dondozo|55\/100\n|-boost|p2a: Pheromosa|spe|1\n|move|p1a: Dondozo|Curse|p1a: Dondozo\n|-unboost|p1a: Dondozo|spe|1\n|-boost|p1a: Dondozo|atk|1\n|-boost|p1a: Dondozo|def|1\n|\n|-heal|p1a: Dondozo|62\/100|[from] item: Leftovers\n|upkeep\n|turn|9\n|\n|t:|1698532330\n|move|p2a: Pheromosa|Bug Buzz|p1a: Dondozo\n|-damage|p1a: Dondozo|14\/100\n|-unboost|p1a: Dondozo|spd|1\n|move|p1a: Dondozo|Avalanche|p2a: Pheromosa\n|-enditem|p2a: Pheromosa|Focus Sash\n|-damage|p2a: Pheromosa|1\/100\n|\n|-heal|p1a: Dondozo|20\/100|[from] item: Leftovers\n|upkeep\n|turn|10\n|\n|t:|1698532351\n|switch|p1a: Chansey|Chansey, F|100\/100\n|move|p2a: Pheromosa|Ice Beam|p1a: Chansey\n|-damage|p1a: Chansey|92\/100\n|\n|upkeep\n|turn|11\n|\n|t:|1698532357\n|move|p2a: Pheromosa|Close Combat|p1a: Chansey\n|-supereffective|p1a: Chansey\n|-damage|p1a: Chansey|8\/100\n|-unboost|p2a: Pheromosa|def|1\n|-unboost|p2a: Pheromosa|spd|1\n|move|p1a: Chansey|Seismic Toss|p2a: Pheromosa\n|-damage|p2a: Pheromosa|0 fnt\n|faint|p2a: Pheromosa\n|\n|upkeep\n|\n|t:|1698532367\n|switch|p2a: Lopunny|Lopunny, F, shiny|100\/100\n|turn|12\n|\n|t:|1698532376\n|switch|p1a: Eternatus|Eternatus|100\/100\n|-ability|p1a: Eternatus|Pressure\n|detailschange|p2a: Lopunny|Lopunny-Mega, F, shiny\n|-mega|p2a: Lopunny|Lopunny|Lopunnite\n|move|p2a: Lopunny|Power-Up Punch|p1a: Eternatus\n|-resisted|p1a: Eternatus\n|-damage|p1a: Eternatus|93\/100\n|-boost|p2a: Lopunny|atk|1\n|\n|-heal|p1a: Eternatus|99\/100|[from] item: Leftovers\n|upkeep\n|turn|13\n|\n|t:|1698532387\n|move|p2a: Lopunny|Return|p1a: Eternatus\n|-damage|p1a: Eternatus|35\/100\n|move|p1a: Eternatus|Sludge Bomb|p2a: Lopunny\n|-damage|p2a: Lopunny|40\/100\n|\n|-heal|p1a: Eternatus|42\/100|[from] item: Leftovers\n|upkeep\n|turn|14\n|\n|t:|1698532397\n|move|p2a: Lopunny|Return|p1a: Eternatus\n|-damage|p1a: Eternatus|0 fnt\n|faint|p1a: Eternatus\n|\n|upkeep\n|\n|t:|1698532407\n|switch|p1a: Giratina|Giratina|55\/100\n|-ability|p1a: Giratina|Pressure\n|turn|15\n|\n|t:|1698532412\n|move|p2a: Lopunny|Return|p1a: Giratina\n|-damage|p1a: Giratina|20\/100\n|move|p1a: Giratina|Toxic|p2a: Lopunny\n|-status|p2a: Lopunny|tox\n|\n|-heal|p1a: Giratina|26\/100|[from] item: Leftovers\n|-damage|p2a: Lopunny|34\/100 tox|[from] psn\n|upkeep\n|turn|16\n|\n|t:|1698532433\n|switch|p1a: Dondozo|Dondozo, M|20\/100\n|move|p2a: Lopunny|Return|p1a: Dondozo\n|-damage|p1a: Dondozo|0 fnt\n|faint|p1a: Dondozo\n|\n|-damage|p2a: Lopunny|22\/100 tox|[from] psn\n|upkeep\n|\n|t:|1698532440\n|switch|p1a: Clodsire|Clodsire, M|100\/100\n|turn|17\n|\n|t:|1698532450\n|move|p2a: Lopunny|Return|p1a: Clodsire\n|-damage|p1a: Clodsire|40\/100\n|move|p1a: Clodsire|Rest|p1a: Clodsire\n|-status|p1a: Clodsire|slp|[from] move: Rest\n|-heal|p1a: Clodsire|100\/100 slp|[silent]\n|\n|-damage|p2a: Lopunny|4\/100 tox|[from] psn\n|upkeep\n|turn|18\n|\n|t:|1698532459\n|move|p2a: Lopunny|Return|p1a: Clodsire\n|-damage|p1a: Clodsire|36\/100 slp\n|cant|p1a: Clodsire|slp\n|\n|-heal|p1a: Clodsire|43\/100 slp|[from] item: Leftovers\n|-damage|p2a: Lopunny|0 fnt|[from] psn\n|faint|p2a: Lopunny\n|upkeep\n|\n|t:|1698532473\n|switch|p2a: Dialga|Dialga, shiny|100\/100\n|-ability|p2a: Dialga|Pressure\n|turn|19\n|\n|t:|1698532481\n|move|p2a: Dialga|Earth Power|p1a: Clodsire\n|-supereffective|p1a: Clodsire\n|-damage|p1a: Clodsire|8\/100 slp\n|cant|p1a: Clodsire|slp\n|\n|-heal|p1a: Clodsire|15\/100 slp|[from] item: Leftovers\n|upkeep\n|turn|20\n|j| 85792195wwww\n|\n|t:|1698532489\n|move|p2a: Dialga|Earth Power|p1a: Clodsire\n|-supereffective|p1a: Clodsire\n|-damage|p1a: Clodsire|0 fnt\n|faint|p1a: Clodsire\n|\n|upkeep\n|\n|t:|1698532493\n|switch|p1a: Giratina|Giratina|26\/100\n|-ability|p1a: Giratina|Pressure\n|turn|21\n|\n|t:|1698532496\n|move|p2a: Dialga|Earth Power|p1a: Giratina\n|-damage|p1a: Giratina|5\/100\n|move|p1a: Giratina|Rest|p1a: Giratina\n|-status|p1a: Giratina|slp|[from] move: Rest\n|-heal|p1a: Giratina|100\/100 slp|[silent]\n|\n|upkeep\n|turn|22\n|\n|t:|1698532503\n|switch|p2a: Grimmsnarl|Grimmsnarl, M, shiny|100\/100\n|cant|p1a: Giratina|slp\n|\n|upkeep\n|turn|23\n|\n|t:|1698532514\n|move|p2a: Grimmsnarl|Spirit Break|p1a: Giratina\n|-supereffective|p1a: Giratina\n|-damage|p1a: Giratina|73\/100 slp\n|-unboost|p1a: Giratina|spa|1\n|cant|p1a: Giratina|slp\n|\n|-heal|p1a: Giratina|79\/100 slp|[from] item: Leftovers\n|upkeep\n|turn|24\n|\n|t:|1698532538\n|-terastallize|p1a: Giratina|Poison\n|-curestatus|p1a: Giratina|slp|[msg]\n|move|p1a: Giratina|Toxic|p2a: Grimmsnarl\n|-status|p2a: Grimmsnarl|tox\n|move|p2a: Grimmsnarl|Spirit Break|p1a: Giratina\n|-resisted|p1a: Giratina\n|-damage|p1a: Giratina|71\/100\n|-unboost|p1a: Giratina|spa|1\n|\n|-heal|p1a: Giratina|77\/100|[from] item: Leftovers\n|-damage|p2a: Grimmsnarl|94\/100 tox|[from] psn\n|upkeep\n|turn|25\n|\n|t:|1698532551\n|move|p2a: Grimmsnarl|Taunt|p1a: Giratina\n|-start|p1a: Giratina|move: Taunt\n|cant|p1a: Giratina|move: Taunt|Defog\n|\n|-heal|p1a: Giratina|84\/100|[from] item: Leftovers\n|-heal|p2a: Grimmsnarl|100\/100 tox|[from] item: Leftovers\n|-damage|p2a: Grimmsnarl|88\/100 tox|[from] psn\n|upkeep\n|turn|26\n|\n|t:|1698532561\n|move|p2a: Grimmsnarl|Spirit Break|p1a: Giratina\n|-resisted|p1a: Giratina\n|-damage|p1a: Giratina|76\/100\n|-unboost|p1a: Giratina|spa|1\n|move|p1a: Giratina|Dragon Tail|p2a: Grimmsnarl\n|-immune|p2a: Grimmsnarl\n|\n|-heal|p1a: Giratina|82\/100|[from] item: Leftovers\n|-heal|p2a: Grimmsnarl|94\/100 tox|[from] item: Leftovers\n|-damage|p2a: Grimmsnarl|76\/100 tox|[from] psn\n|upkeep\n|turn|27\n|\n|t:|1698532577\n|switch|p1a: Chansey|Chansey, F|8\/100\n|move|p2a: Grimmsnarl|Spirit Break|p1a: Chansey\n|-damage|p1a: Chansey|0 fnt\n|faint|p1a: Chansey\n|\n|-heal|p2a: Grimmsnarl|82\/100 tox|[from] item: Leftovers\n|-damage|p2a: Grimmsnarl|58\/100 tox|[from] psn\n|upkeep\n|\n|t:|1698532587\n|switch|p1a: Giratina|Giratina, tera:Poison|82\/100\n|-ability|p1a: Giratina|Pressure\n|turn|28\n|\n|t:|1698532597\n|move|p1a: Giratina|Defog|p2a: Grimmsnarl\n|-unboost|p2a: Grimmsnarl|evasion|1\n|move|p2a: Grimmsnarl|Spirit Break|p1a: Giratina\n|-resisted|p1a: Giratina\n|-damage|p1a: Giratina|75\/100\n|-unboost|p1a: Giratina|spa|1\n|\n|-heal|p1a: Giratina|81\/100|[from] item: Leftovers\n|-heal|p2a: Grimmsnarl|64\/100 tox|[from] item: Leftovers\n|-damage|p2a: Grimmsnarl|33\/100 tox|[from] psn\n|upkeep\n|turn|29\n|\n|t:|1698532607\n|move|p2a: Grimmsnarl|Taunt|p1a: Giratina\n|-start|p1a: Giratina|move: Taunt\n|cant|p1a: Giratina|move: Taunt|Rest\n|\n|-heal|p1a: Giratina|88\/100|[from] item: Leftovers\n|-heal|p2a: Grimmsnarl|40\/100 tox|[from] item: Leftovers\n|-damage|p2a: Grimmsnarl|3\/100 tox|[from] psn\n|upkeep\n|turn|30\n|\n|t:|1698532614\n|move|p2a: Grimmsnarl|Spirit Break|p1a: Giratina\n|-resisted|p1a: Giratina\n|-damage|p1a: Giratina|80\/100\n|-unboost|p1a: Giratina|spa|1\n|move|p1a: Giratina|Dragon Tail|p2a: Grimmsnarl\n|-immune|p2a: Grimmsnarl\n|\n|-heal|p1a: Giratina|86\/100|[from] item: Leftovers\n|-heal|p2a: Grimmsnarl|9\/100 tox|[from] item: Leftovers\n|-damage|p2a: Grimmsnarl|0 fnt|[from] psn\n|faint|p2a: Grimmsnarl\n|upkeep\n|\n|t:|1698532625\n|switch|p2a: Dialga|Dialga, shiny|100\/100\n|-ability|p2a: Dialga|Pressure\n|turn|31\n|\n|t:|1698532631\n|move|p2a: Dialga|Earth Power|p1a: Giratina\n|-supereffective|p1a: Giratina\n|-damage|p1a: Giratina|43\/100\n|move|p1a: Giratina|Dragon Tail|p2a: Dialga|[miss]\n|-miss|p1a: Giratina|p2a: Dialga\n|\n|-heal|p1a: Giratina|49\/100|[from] item: Leftovers\n|-end|p1a: Giratina|move: Taunt\n|upkeep\n|turn|32\n|\n|t:|1698532640\n|move|p2a: Dialga|Earth Power|p1a: Giratina\n|-supereffective|p1a: Giratina\n|-damage|p1a: Giratina|9\/100\n|move|p1a: Giratina|Toxic|p2a: Dialga\n|-immune|p2a: Dialga\n|\n|-heal|p1a: Giratina|15\/100|[from] item: Leftovers\n|upkeep\n|turn|33\n|\n|t:|1698532647\n|move|p2a: Dialga|Earth Power|p1a: Giratina\n|-supereffective|p1a: Giratina\n|-damage|p1a: Giratina|0 fnt\n|faint|p1a: Giratina\n|\n|win|JustMonika_CARR\n|raw|whaah's rating: 1361 &rarr; <strong>1342<\/strong><br \/>(-19 for losing)\n|raw|JustMonika_CARR's rating: 1385 &rarr; <strong>1404<\/strong><br \/>(+19 for winning)\n|l|\u2606whaah\n","uploadtime":1698532653,"views":10,"p1id":"whaah","p2id":"justmonikacarr","formatid":"gen9nationaldexubers","rating":1342,"private":0,"password":""}