{"id":"gen9nationaldexubers-1989136307","p1":"OBaiao","p2":"yanngeek","format":"[Gen 9] National Dex Ubers","log":"|j|\u2606OBaiao\n|j|\u2606yanngeek\n|t:|1699816120\n|gametype|singles\n|player|p1|OBaiao|iris|1287\n|player|p2|yanngeek|youngster|1381\n|teamsize|p1|6\n|teamsize|p2|6\n|gen|9\n|tier|[Gen 9] National Dex Ubers\n|rated|\n|rule|HP Percentage Mod: HP is shown in percentages\n|rule|Endless Battle Clause: Forcing endless battles is banned\n|rule|OHKO Clause: OHKO moves are banned\n|rule|Evasion Moves Clause: Evasion moves are banned\n|rule|Evasion Items Clause: Evasion items are banned\n|rule|Species Clause: Limit one of each Pok\u00e9mon\n|rule|Sleep Clause Mod: Limit one foe put to sleep\n|rule|Mega Rayquaza Clause: You cannot mega evolve Rayquaza\n|clearpoke\n|poke|p1|Groudon|\n|poke|p1|Zacian-*|\n|poke|p1|Marshadow|\n|poke|p1|Ho-Oh|\n|poke|p1|Gengar, F|\n|poke|p1|Togedemaru, L1, M|\n|poke|p2|Groudon|\n|poke|p2|Rayquaza|\n|poke|p2|Zacian-*|\n|poke|p2|Kingambit, M|\n|poke|p2|Necrozma-Dusk-Mane|\n|poke|p2|Spectrier|\n|teampreview\n|\n|t:|1699816170\n|start\n|switch|p1a: Groudon|Groudon, shiny|100\/100\n|switch|p2a: Rayquaza|Rayquaza|100\/100\n|-ability|p2a: Rayquaza|Air Lock\n|detailschange|p1a: Groudon|Groudon-Primal, shiny\n|-primal|p1a: Groudon|Red Orb\n|-weather|DesolateLand|[from] ability: Desolate Land|[of] p1a: Groudon\n|turn|1\n|c|\u2606yanngeek|bro realy a togedemaru sturdy shell bell\n|\n|t:|1699816193\n|move|p2a: Rayquaza|Waterfall|p1a: Groudon\n|-supereffective|p1a: Groudon\n|-damage|p1a: Groudon|34\/100\n|move|p1a: Groudon|Rock Polish|p1a: Groudon\n|-boost|p1a: Groudon|spe|2\n|\n|-weather|DesolateLand|[upkeep]\n|upkeep\n|turn|2\n|\n|t:|1699816203\n|move|p2a: Rayquaza|Waterfall|p1a: Groudon\n|-supereffective|p1a: Groudon\n|-damage|p1a: Groudon|0 fnt\n|faint|p1a: Groudon\n|-weather|none\n|\n|upkeep\n|\n|t:|1699816224\n|switch|p1a: Togedemaru|Togedemaru, L1, M|100\/100\n|turn|3\n|c|\u2606yanngeek|you think i dont know this stategy\n|\n|t:|1699816237\n|switch|p2a: Spectrier|Spectrier|100\/100\n|move|p1a: Togedemaru|Toxic|p2a: Spectrier\n|-status|p2a: Spectrier|tox\n|\n|-damage|p2a: Spectrier|94\/100 tox|[from] psn\n|upkeep\n|turn|4\n|\n|t:|1699816247\n|move|p1a: Togedemaru|Spiky Shield|p1a: Togedemaru\n|-singleturn|p1a: Togedemaru|move: Protect\n|move|p2a: Spectrier|Shadow Ball|p1a: Togedemaru\n|-activate|p1a: Togedemaru|move: Protect\n|\n|-damage|p2a: Spectrier|82\/100 tox|[from] psn\n|upkeep\n|turn|5\n|\n|t:|1699816256\n|switch|p1a: Ho-Oh|Ho-Oh|100\/100\n|-ability|p1a: Ho-Oh|Pressure\n|move|p2a: Spectrier|Shadow Ball|p1a: Ho-Oh\n|-damage|p1a: Ho-Oh|67\/100\n|\n|-damage|p2a: Spectrier|64\/100 tox|[from] psn\n|upkeep\n|turn|6\n|\n|t:|1699816267\n|switch|p2a: Groudon|Groudon|100\/100\n|detailschange|p2a: Groudon|Groudon-Primal\n|-primal|p2a: Groudon|Red Orb\n|-weather|DesolateLand|[from] ability: Desolate Land|[of] p2a: Groudon\n|move|p1a: Ho-Oh|Roost|p1a: Ho-Oh\n|-heal|p1a: Ho-Oh|100\/100\n|-singleturn|p1a: Ho-Oh|move: Roost\n|\n|-weather|DesolateLand|[upkeep]\n|upkeep\n|turn|7\n|\n|t:|1699816284\n|move|p2a: Groudon|Stealth Rock|p1a: Ho-Oh\n|-sidestart|p1: OBaiao|move: Stealth Rock\n|move|p1a: Ho-Oh|Toxic|p2a: Groudon\n|-status|p2a: Groudon|tox\n|\n|-weather|DesolateLand|[upkeep]\n|-damage|p2a: Groudon|94\/100 tox|[from] psn\n|upkeep\n|turn|8\n|\n|t:|1699816292\n|move|p2a: Groudon|Stone Edge|p1a: Ho-Oh\n|-supereffective|p1a: Ho-Oh\n|-damage|p1a: Ho-Oh|0 fnt\n|faint|p1a: Ho-Oh\n|\n|-weather|DesolateLand|[upkeep]\n|-damage|p2a: Groudon|82\/100 tox|[from] psn\n|upkeep\n|\n|t:|1699816309\n|switch|p1a: Zacian|Zacian-Crowned|100\/100\n|-damage|p1a: Zacian|94\/100|[from] Stealth Rock\n|-ability|p1a: Zacian|Intrepid Sword|boost\n|-boost|p1a: Zacian|atk|1\n|turn|9\n|\n|t:|1699816325\n|-terastallize|p1a: Zacian|Fairy\n|move|p1a: Zacian|Swords Dance|p1a: Zacian\n|-boost|p1a: Zacian|atk|2\n|move|p2a: Groudon|Fire Punch|p1a: Zacian\n|-damage|p1a: Zacian|23\/100\n|\n|-weather|DesolateLand|[upkeep]\n|-damage|p2a: Groudon|64\/100 tox|[from] psn\n|upkeep\n|turn|10\n|\n|t:|1699816341\n|move|p1a: Zacian|Close Combat|p2a: Groudon\n|-damage|p2a: Groudon|0 fnt\n|-unboost|p1a: Zacian|def|1\n|-unboost|p1a: Zacian|spd|1\n|faint|p2a: Groudon\n|-weather|none\n|\n|upkeep\n|c|\u2606yanngeek|so now your strategy whit togederamu dont work animore\n|\n|t:|1699816364\n|switch|p2a: Necrozma|Necrozma-Dusk-Mane|100\/100\n|turn|11\n|\n|t:|1699816376\n|move|p1a: Zacian|Close Combat|p2a: Necrozma\n|-damage|p2a: Necrozma|6\/100\n|-unboost|p1a: Zacian|def|1\n|-unboost|p1a: Zacian|spd|1\n|move|p2a: Necrozma|Sunsteel Strike|p1a: Zacian\n|-supereffective|p1a: Zacian\n|-damage|p1a: Zacian|0 fnt\n|faint|p1a: Zacian\n|\n|upkeep\n|\n|t:|1699816422\n|switch|p1a: Togedemaru|Togedemaru, L1, M|100\/100\n|-damage|p1a: Togedemaru|92\/100|[from] Stealth Rock\n|turn|12\n|\n|t:|1699816434\n|detailschange|p2a: Necrozma|Necrozma-Ultra\n|-burst|p2a: Necrozma|Necrozma|Ultranecrozium Z\n|move|p1a: Togedemaru|Spiky Shield|p1a: Togedemaru\n|-singleturn|p1a: Togedemaru|move: Protect\n|move|p2a: Necrozma|Dragon Dance|p2a: Necrozma\n|-boost|p2a: Necrozma|atk|1\n|-boost|p2a: Necrozma|spe|1\n|\n|upkeep\n|turn|13\n|\n|t:|1699816443\n|-zpower|p2a: Necrozma\n|move|p2a: Necrozma|Light That Burns the Sky|p1a: Togedemaru|[zeffect]\n|-resisted|p1a: Togedemaru\n|-damage|p1a: Togedemaru|0 fnt\n|faint|p1a: Togedemaru\n|\n|upkeep\n|\n|t:|1699816454\n|switch|p1a: Marshadow|Marshadow|100\/100\n|-damage|p1a: Marshadow|94\/100|[from] Stealth Rock\n|turn|14\n|c|\u2606yanngeek|thats idiot no ?\n|\n|t:|1699816460\n|move|p1a: Marshadow|Shadow Sneak|p2a: Necrozma\n|-supereffective|p2a: Necrozma\n|-damage|p2a: Necrozma|0 fnt\n|faint|p2a: Necrozma\n|\n|upkeep\n|\n|t:|1699816466\n|switch|p2a: Zacian|Zacian|100\/100\n|-ability|p2a: Zacian|Intrepid Sword|boost\n|-boost|p2a: Zacian|atk|1\n|turn|15\n|\n|t:|1699816482\n|move|p2a: Zacian|Play Rough|p1a: Marshadow\n|-supereffective|p1a: Marshadow\n|-crit|p1a: Marshadow\n|-damage|p1a: Marshadow|0 fnt\n|faint|p1a: Marshadow\n|-damage|p2a: Zacian|91\/100|[from] item: Life Orb\n|\n|upkeep\n|\n|t:|1699816486\n|switch|p1a: Gengar|Gengar, F|100\/100\n|-damage|p1a: Gengar|88\/100|[from] Stealth Rock\n|turn|16\n|c|\u2606OBaiao|you were lucky\n|\n|t:|1699816498\n|move|p2a: Zacian|Play Rough|p1a: Gengar\n|-resisted|p1a: Gengar\n|-damage|p1a: Gengar|9\/100\n|-start|p2a: Zacian|Disable|Play Rough|[from] ability: Cursed Body|[of] p1a: Gengar\n|-damage|p2a: Zacian|81\/100|[from] item: Life Orb\n|move|p1a: Gengar|Sludge Wave|p2a: Zacian\n|-supereffective|p2a: Zacian\n|-damage|p2a: Zacian|0 fnt\n|faint|p2a: Zacian\n|\n|upkeep\n|\n|t:|1699816508\n|switch|p2a: Kingambit|Kingambit, M|100\/100\n|-activate|p2a: Kingambit|ability: Supreme Overlord\n|-start|p2a: Kingambit|fallen3|[silent]\n|turn|17\n|\n|t:|1699816513\n|move|p2a: Kingambit|Sucker Punch|p1a: Gengar\n|-supereffective|p1a: Gengar\n|-damage|p1a: Gengar|0 fnt\n|faint|p1a: Gengar\n|\n|win|yanngeek\n|raw|OBaiao's rating: 1287 &rarr; <strong>1269<\/strong><br \/>(-18 for losing)\n|raw|yanngeek's rating: 1381 &rarr; <strong>1396<\/strong><br \/>(+15 for winning)\n|c|\u2606yanngeek|yea sure\n|c|\u2606yanngeek|gg\n|c|\u2606OBaiao|i would win\n|c|\u2606OBaiao|if we played again\n|l|\u2606OBaiao\n","uploadtime":1699816919,"views":4,"p1id":"obaiao","p2id":"yanngeek","formatid":"gen9nationaldexubers","rating":1269,"private":0,"password":""}