{"id":"gen9nationaldexubers-1995632685","p1":"spitezone \u269d\u5f61","p2":"Cheff cepe","format":"[Gen 9] National Dex Ubers","log":"|j|\u2606spitezone \u269d\u5f61\n|j|\u203dCheff cepe\n|t:|1700589240\n|gametype|singles\n|player|p1|spitezone \u269d\u5f61|psychic-gen2|1120\n|player|p2|Cheff cepe|2|1000\n|teamsize|p1|6\n|teamsize|p2|6\n|gen|9\n|tier|[Gen 9] National Dex Ubers\n|rated|\n|rule|HP Percentage Mod: HP is shown in percentages\n|rule|Endless Battle Clause: Forcing endless battles is banned\n|rule|OHKO Clause: OHKO moves are banned\n|rule|Evasion Moves Clause: Evasion moves are banned\n|rule|Evasion Items Clause: Evasion items are banned\n|rule|Species Clause: Limit one of each Pok\u00e9mon\n|rule|Sleep Clause Mod: Limit one foe put to sleep\n|rule|Mega Rayquaza Clause: You cannot mega evolve Rayquaza\n|clearpoke\n|poke|p1|Chansey, F|\n|poke|p1|Dondozo, F|\n|poke|p1|Ho-Oh|\n|poke|p1|Alomomola, F|\n|poke|p1|Dusclops, M|\n|poke|p1|Bisharp, F|\n|poke|p2|Deoxys-Attack|\n|poke|p2|Arceus-Ground|\n|poke|p2|Necrozma-Dusk-Mane|\n|poke|p2|Groudon|\n|poke|p2|Zacian-*|\n|poke|p2|Eternatus|\n|teampreview\n|inactive|Battle timer is ON: inactive players will automatically lose when time's up. (requested by spitezone \u269d\u5f61)\n|\n|t:|1700589251\n|start\n|switch|p1a: Hot Head Bop|Ho-Oh|100\/100\n|switch|p2a: Necrozma|Necrozma-Dusk-Mane|100\/100\n|turn|1\n|\n|t:|1700589257\n|move|p1a: Hot Head Bop|Sacred Fire|p2a: Necrozma\n|-supereffective|p2a: Necrozma\n|-damage|p2a: Necrozma|64\/100\n|move|p2a: Necrozma|Stealth Rock|p1a: Hot Head Bop\n|-sidestart|p1: spitezone \u269d\u5f61|move: Stealth Rock\n|\n|-heal|p2a: Necrozma|70\/100|[from] item: Leftovers\n|upkeep\n|turn|2\n|\n|t:|1700589269\n|switch|p2a: Eternatus|Eternatus|100\/100\n|-ability|p2a: Eternatus|Pressure\n|move|p1a: Hot Head Bop|Defog|p2a: Eternatus\n|-unboost|p2a: Eternatus|evasion|1\n|-sideend|p1: spitezone \u269d\u5f61|Stealth Rock|[from] move: Defog|[of] p1a: Hot Head Bop\n|\n|upkeep\n|turn|3\n|\n|t:|1700589288\n|switch|p2a: Groudon|Groudon|100\/100\n|detailschange|p2a: Groudon|Groudon-Primal\n|-primal|p2a: Groudon|Red Orb\n|-weather|DesolateLand|[from] ability: Desolate Land|[of] p2a: Groudon\n|switch|p1a: that aint falco|Dusclops, M|100\/100\n|-ability|p1a: that aint falco|Pressure\n|\n|-weather|DesolateLand|[upkeep]\n|upkeep\n|turn|4\n|\n|t:|1700589301\n|switch|p1a: Big Fish|Dondozo, F|100\/100\n|move|p2a: Groudon|Toxic|p1a: Big Fish|[miss]\n|-miss|p2a: Groudon|p1a: Big Fish\n|\n|-weather|DesolateLand|[upkeep]\n|upkeep\n|turn|5\n|\n|t:|1700589314\n|-weather|none\n|switch|p2a: Deoxys|Deoxys-Attack|100\/100\n|-ability|p2a: Deoxys|Pressure\n|switch|p1a: damn son|Bisharp, F, shiny|100\/100\n|-ability|p1a: damn son|Pressure\n|\n|upkeep\n|turn|6\n|\n|t:|1700589324\n|move|p2a: Deoxys|Trick|p1a: damn son\n|-activate|p2a: Deoxys|move: Trick|[of] p1a: damn son\n|-item|p1a: damn son|Choice Specs|[from] move: Trick\n|-item|p2a: Deoxys|Eviolite|[from] move: Trick\n|move|p1a: damn son|Iron Defense|p1a: damn son\n|-boost|p1a: damn son|def|2\n|\n|upkeep\n|turn|7\n|\n|t:|1700589334\n|move|p2a: Deoxys|Thunderbolt|p1a: damn son\n|-damage|p1a: damn son|64\/100\n|move|p1a: damn son|Iron Defense|p1a: damn son\n|-boost|p1a: damn son|def|2\n|\n|upkeep\n|turn|8\n|\n|t:|1700589339\n|move|p2a: Deoxys|Thunderbolt|p1a: damn son\n|-damage|p1a: damn son|29\/100\n|move|p1a: damn son|Iron Defense|p1a: damn son\n|-boost|p1a: damn son|def|2\n|\n|upkeep\n|turn|9\n|\n|t:|1700589346\n|move|p2a: Deoxys|Thunderbolt|p1a: damn son\n|-damage|p1a: damn son|0 fnt\n|faint|p1a: damn son\n|\n|upkeep\n|\n|t:|1700589350\n|switch|p1a: Floating Trees|Chansey, F|100\/100\n|turn|10\n|\n|t:|1700589358\n|switch|p2a: Necrozma|Necrozma-Dusk-Mane|70\/100\n|move|p1a: Floating Trees|Seismic Toss|p2a: Necrozma\n|-damage|p2a: Necrozma|45\/100\n|\n|-heal|p2a: Necrozma|51\/100|[from] item: Leftovers\n|upkeep\n|turn|11\n|\n|t:|1700589366\n|switch|p1a: that aint falco|Dusclops, M|100\/100\n|-ability|p1a: that aint falco|Pressure\n|move|p2a: Necrozma|Stealth Rock|p1a: that aint falco\n|-sidestart|p1: spitezone \u269d\u5f61|move: Stealth Rock\n|\n|-heal|p2a: Necrozma|57\/100|[from] item: Leftovers\n|upkeep\n|turn|12\n|\n|t:|1700589370\n|move|p2a: Necrozma|Thunder Wave|p1a: that aint falco\n|-status|p1a: that aint falco|par\n|move|p1a: that aint falco|Mean Look|p2a: Necrozma\n|-activate|p2a: Necrozma|trapped\n|\n|-heal|p2a: Necrozma|63\/100|[from] item: Leftovers\n|upkeep\n|turn|13\n|\n|t:|1700589376\n|move|p2a: Necrozma|Knock Off|p1a: that aint falco\n|-supereffective|p1a: that aint falco\n|-damage|p1a: that aint falco|60\/100 par\n|-enditem|p1a: that aint falco|Eviolite|[from] move: Knock Off|[of] p2a: Necrozma\n|move|p1a: that aint falco|Spite|p2a: Necrozma\n|-activate|p2a: Necrozma|move: Spite|Knock Off|4\n|\n|-heal|p2a: Necrozma|69\/100|[from] item: Leftovers\n|upkeep\n|turn|14\n|\n|t:|1700589389\n|-terastallize|p1a: that aint falco|Water\n|move|p2a: Necrozma|Stealth Rock||[still]\n|-fail|p2a: Necrozma\n|move|p1a: that aint falco|Spite|p2a: Necrozma\n|-activate|p2a: Necrozma|move: Spite|Stealth Rock|4\n|\n|-heal|p2a: Necrozma|75\/100|[from] item: Leftovers\n|upkeep\n|turn|15\n|\n|t:|1700589400\n|move|p2a: Necrozma|Knock Off|p1a: that aint falco\n|-damage|p1a: that aint falco|40\/100 par\n|move|p1a: that aint falco|Rest|p1a: that aint falco\n|-status|p1a: that aint falco|slp|[from] move: Rest\n|-heal|p1a: that aint falco|100\/100 slp|[silent]\n|\n|-heal|p2a: Necrozma|81\/100|[from] item: Leftovers\n|upkeep\n|turn|16\n|\n|t:|1700589407\n|move|p2a: Necrozma|Stealth Rock||[still]\n|-fail|p2a: Necrozma\n|cant|p1a: that aint falco|slp\n|\n|-heal|p2a: Necrozma|87\/100|[from] item: Leftovers\n|upkeep\n|turn|17\n|\n|t:|1700589411\n|move|p2a: Necrozma|Thunder Wave||[still]\n|-fail|p2a: Necrozma\n|cant|p1a: that aint falco|slp\n|\n|-heal|p2a: Necrozma|93\/100|[from] item: Leftovers\n|upkeep\n|turn|18\n|\n|t:|1700589414\n|move|p2a: Necrozma|Knock Off|p1a: that aint falco\n|-damage|p1a: that aint falco|80\/100 slp\n|-curestatus|p1a: that aint falco|slp|[msg]\n|move|p1a: that aint falco|Spite|p2a: Necrozma\n|-activate|p2a: Necrozma|move: Spite|Knock Off|4\n|\n|-heal|p2a: Necrozma|99\/100|[from] item: Leftovers\n|upkeep\n|turn|19\n|\n|t:|1700589421\n|move|p2a: Necrozma|Stealth Rock||[still]\n|-fail|p2a: Necrozma\n|move|p1a: that aint falco|Spite|p2a: Necrozma\n|-activate|p2a: Necrozma|move: Spite|Stealth Rock|4\n|\n|-heal|p2a: Necrozma|100\/100|[from] item: Leftovers\n|upkeep\n|turn|20\n|\n|t:|1700589426\n|move|p2a: Necrozma|Knock Off|p1a: that aint falco\n|-damage|p1a: that aint falco|60\/100\n|move|p1a: that aint falco|Spite|p2a: Necrozma\n|-activate|p2a: Necrozma|move: Spite|Knock Off|4\n|\n|upkeep\n|turn|21\n|\n|t:|1700589440\n|move|p2a: Necrozma|Knock Off|p1a: that aint falco\n|-damage|p1a: that aint falco|40\/100\n|move|p1a: that aint falco|Haze|p1a: that aint falco\n|-clearallboost\n|\n|upkeep\n|turn|22\n|\n|t:|1700589447\n|move|p2a: Necrozma|Thunder Wave|p1a: that aint falco\n|-status|p1a: that aint falco|par\n|move|p1a: that aint falco|Rest|p1a: that aint falco\n|-status|p1a: that aint falco|slp|[from] move: Rest\n|-heal|p1a: that aint falco|100\/100 slp|[silent]\n|\n|upkeep\n|turn|23\n|\n|t:|1700589454\n|move|p2a: Necrozma|Knock Off|p1a: that aint falco\n|-damage|p1a: that aint falco|82\/100 slp\n|cant|p1a: that aint falco|slp\n|\n|upkeep\n|turn|24\n|\n|t:|1700589457\n|move|p2a: Necrozma|Sunsteel Strike|p1a: that aint falco\n|-resisted|p1a: that aint falco\n|-damage|p1a: that aint falco|61\/100 slp\n|cant|p1a: that aint falco|slp\n|\n|upkeep\n|turn|25\n|\n|t:|1700589462\n|move|p2a: Necrozma|Sunsteel Strike|p1a: that aint falco\n|-resisted|p1a: that aint falco\n|-damage|p1a: that aint falco|39\/100 slp\n|-curestatus|p1a: that aint falco|slp|[msg]\n|move|p1a: that aint falco|Spite|p2a: Necrozma\n|-activate|p2a: Necrozma|move: Spite|Sunsteel Strike|4\n|\n|upkeep\n|turn|26\n|\n|t:|1700589467\n|move|p2a: Necrozma|Thunder Wave|p1a: that aint falco\n|-status|p1a: that aint falco|par\n|move|p1a: that aint falco|Rest|p1a: that aint falco\n|-status|p1a: that aint falco|slp|[from] move: Rest\n|-heal|p1a: that aint falco|100\/100 slp|[silent]\n|\n|upkeep\n|turn|27\n|\n|t:|1700589476\n|move|p2a: Necrozma|Thunder Wave||[still]\n|-fail|p2a: Necrozma\n|cant|p1a: that aint falco|slp\n|\n|upkeep\n|turn|28\n|\n|t:|1700589478\n|move|p2a: Necrozma|Thunder Wave||[still]\n|-fail|p2a: Necrozma\n|cant|p1a: that aint falco|slp\n|\n|upkeep\n|turn|29\n|\n|t:|1700589484\n|move|p2a: Necrozma|Knock Off|p1a: that aint falco\n|-damage|p1a: that aint falco|81\/100 slp\n|-curestatus|p1a: that aint falco|slp|[msg]\n|move|p1a: that aint falco|Spite|p2a: Necrozma\n|-activate|p2a: Necrozma|move: Spite|Knock Off|4\n|\n|upkeep\n|turn|30\n|\n|t:|1700589490\n|move|p2a: Necrozma|Thunder Wave|p1a: that aint falco|[miss]\n|-miss|p2a: Necrozma|p1a: that aint falco\n|move|p1a: that aint falco|Haze|p1a: that aint falco\n|-clearallboost\n|\n|upkeep\n|turn|31\n|\n|t:|1700589495\n|move|p2a: Necrozma|Thunder Wave|p1a: that aint falco\n|-status|p1a: that aint falco|par\n|move|p1a: that aint falco|Haze|p1a: that aint falco\n|-clearallboost\n|\n|upkeep\n|turn|32\n|\n|t:|1700589501\n|move|p2a: Necrozma|Knock Off|p1a: that aint falco\n|-damage|p1a: that aint falco|61\/100 par\n|move|p1a: that aint falco|Haze|p1a: that aint falco\n|-clearallboost\n|\n|upkeep\n|turn|33\n|\n|t:|1700589506\n|move|p2a: Necrozma|Stealth Rock||[still]\n|-fail|p2a: Necrozma\n|move|p1a: that aint falco|Haze|p1a: that aint falco\n|-clearallboost\n|\n|upkeep\n|turn|34\n|\n|t:|1700589508\n|move|p2a: Necrozma|Thunder Wave|p1a: that aint falco\n|-fail|p1a: that aint falco|par\n|move|p1a: that aint falco|Haze|p1a: that aint falco\n|-clearallboost\n|\n|upkeep\n|turn|35\n|\n|t:|1700589510\n|move|p2a: Necrozma|Stealth Rock||[still]\n|-fail|p2a: Necrozma\n|cant|p1a: that aint falco|par\n|\n|upkeep\n|turn|36\n|\n|t:|1700589513\n|move|p2a: Necrozma|Stealth Rock||[still]\n|-fail|p2a: Necrozma\n|move|p1a: that aint falco|Haze|p1a: that aint falco\n|-clearallboost\n|\n|upkeep\n|turn|37\n|\n|t:|1700589515\n|move|p2a: Necrozma|Stealth Rock||[still]\n|-fail|p2a: Necrozma\n|move|p1a: that aint falco|Haze|p1a: that aint falco\n|-clearallboost\n|\n|upkeep\n|turn|38\n|\n|t:|1700589516\n|move|p2a: Necrozma|Stealth Rock||[still]\n|-fail|p2a: Necrozma\n|move|p1a: that aint falco|Haze|p1a: that aint falco\n|-clearallboost\n|\n|upkeep\n|turn|39\n|\n|t:|1700589518\n|move|p2a: Necrozma|Stealth Rock||[still]\n|-fail|p2a: Necrozma\n|cant|p1a: that aint falco|par\n|\n|upkeep\n|turn|40\n|\n|t:|1700589519\n|move|p2a: Necrozma|Stealth Rock||[still]\n|-fail|p2a: Necrozma\n|move|p1a: that aint falco|Haze|p1a: that aint falco\n|-clearallboost\n|\n|upkeep\n|turn|41\n|\n|t:|1700589522\n|move|p2a: Necrozma|Stealth Rock||[still]\n|-fail|p2a: Necrozma\n|move|p1a: that aint falco|Haze|p1a: that aint falco\n|-clearallboost\n|\n|upkeep\n|turn|42\n|\n|t:|1700589524\n|move|p2a: Necrozma|Thunder Wave|p1a: that aint falco\n|-fail|p1a: that aint falco|par\n|move|p1a: that aint falco|Haze|p1a: that aint falco\n|-clearallboost\n|\n|upkeep\n|turn|43\n|\n|t:|1700589525\n|move|p2a: Necrozma|Thunder Wave|p1a: that aint falco\n|-fail|p1a: that aint falco|par\n|cant|p1a: that aint falco|par\n|\n|upkeep\n|turn|44\n|\n|t:|1700589535\n|move|p2a: Necrozma|Thunder Wave|p1a: that aint falco\n|-fail|p1a: that aint falco|par\n|move|p1a: that aint falco|Haze|p1a: that aint falco\n|-clearallboost\n|\n|upkeep\n|turn|45\n|\n|t:|1700589537\n|move|p2a: Necrozma|Thunder Wave|p1a: that aint falco\n|-fail|p1a: that aint falco|par\n|move|p1a: that aint falco|Rest|p1a: that aint falco\n|-status|p1a: that aint falco|slp|[from] move: Rest\n|-heal|p1a: that aint falco|100\/100 slp|[silent]\n|\n|upkeep\n|turn|46\n|\n|t:|1700589542\n|move|p2a: Necrozma|Thunder Wave||[still]\n|-fail|p2a: Necrozma\n|cant|p1a: that aint falco|slp\n|\n|upkeep\n|turn|47\n|\n|t:|1700589544\n|move|p2a: Necrozma|Thunder Wave||[still]\n|-fail|p2a: Necrozma\n|cant|p1a: that aint falco|slp\n|\n|upkeep\n|turn|48\n|\n|t:|1700589545\n|move|p2a: Necrozma|Thunder Wave||[still]\n|-fail|p2a: Necrozma\n|-curestatus|p1a: that aint falco|slp|[msg]\n|move|p1a: that aint falco|Haze|p1a: that aint falco\n|-clearallboost\n|\n|upkeep\n|turn|49\n|\n|t:|1700589549\n|switch|p1a: Hot Head Bop|Ho-Oh|100\/100\n|-activate|p2a: Necrozma|move: Struggle\n|move|p2a: Necrozma|Struggle|p1a: Hot Head Bop\n|-damage|p1a: Hot Head Bop|86\/100\n|-damage|p2a: Necrozma|75\/100|[from] recoil\n|\n|-heal|p2a: Necrozma|81\/100|[from] item: Leftovers\n|upkeep\n|turn|50\n|\n|t:|1700589562\n|switch|p2a: Groudon|Groudon-Primal|100\/100\n|-weather|DesolateLand|[from] ability: Desolate Land|[of] p2a: Groudon\n|move|p1a: Hot Head Bop|Defog|p2a: Groudon\n|-unboost|p2a: Groudon|evasion|1\n|-sideend|p1: spitezone \u269d\u5f61|Stealth Rock|[from] move: Defog|[of] p1a: Hot Head Bop\n|\n|-weather|DesolateLand|[upkeep]\n|upkeep\n|turn|51\n|\n|t:|1700589565\n|move|p2a: Groudon|Toxic|p1a: Hot Head Bop\n|-status|p1a: Hot Head Bop|tox\n|move|p1a: Hot Head Bop|Toxic|p2a: Groudon\n|-status|p2a: Groudon|tox\n|\n|-weather|DesolateLand|[upkeep]\n|-damage|p2a: Groudon|94\/100 tox|[from] psn\n|-damage|p1a: Hot Head Bop|80\/100 tox|[from] psn\n|upkeep\n|turn|52\n|\n|t:|1700589575\n|-weather|none\n|switch|p2a: Eternatus|Eternatus|100\/100\n|-ability|p2a: Eternatus|Pressure\n|switch|p1a: Big Fish|Dondozo, F|100\/100\n|\n|upkeep\n|turn|53\n|\n|t:|1700589583\n|switch|p1a: Floating Trees|Chansey, F|100\/100\n|move|p2a: Eternatus|Sludge Bomb|p1a: Floating Trees\n|-damage|p1a: Floating Trees|88\/100\n|\n|upkeep\n|turn|54\n|\n|t:|1700589596\n|move|p2a: Eternatus|Sludge Bomb|p1a: Floating Trees\n|-damage|p1a: Floating Trees|75\/100\n|-status|p1a: Floating Trees|psn\n|move|p1a: Floating Trees|Heal Bell|p1a: Floating Trees\n|-activate|p1a: Floating Trees|move: Heal Bell\n|-curestatus|p1a: Floating Trees|psn|[msg]\n|-curestatus|p1: Hot Head Bop|tox|[msg]\n|\n|upkeep\n|turn|55\n|\n|t:|1700589607\n|switch|p2a: Necrozma|Necrozma-Dusk-Mane|81\/100\n|move|p1a: Floating Trees|Wish|p1a: Floating Trees\n|\n|-heal|p2a: Necrozma|87\/100|[from] item: Leftovers\n|upkeep\n|turn|56\n|\n|t:|1700589614\n|switch|p2a: Groudon|Groudon-Primal|94\/100 tox\n|-weather|DesolateLand|[from] ability: Desolate Land|[of] p2a: Groudon\n|move|p1a: Floating Trees|Seismic Toss|p2a: Groudon\n|-damage|p2a: Groudon|65\/100 tox\n|\n|-weather|DesolateLand|[upkeep]\n|-heal|p1a: Floating Trees|100\/100|[from] move: Wish|[wisher] Floating Trees\n|-damage|p2a: Groudon|59\/100 tox|[from] psn\n|upkeep\n|turn|57\n|\n|t:|1700589625\n|move|p2a: Groudon|Fire Punch|p1a: Floating Trees\n|-damage|p1a: Floating Trees|56\/100\n|move|p1a: Floating Trees|Seismic Toss|p2a: Groudon\n|-damage|p2a: Groudon|30\/100 tox\n|\n|-weather|DesolateLand|[upkeep]\n|-damage|p2a: Groudon|17\/100 tox|[from] psn\n|upkeep\n|turn|58\n|\n|t:|1700589636\n|switch|p1a: Hot Head Bop|Ho-Oh|100\/100\n|move|p2a: Groudon|Precipice Blades|p1a: Hot Head Bop\n|-immune|p1a: Hot Head Bop\n|\n|-weather|DesolateLand|[upkeep]\n|-damage|p2a: Groudon|0 fnt|[from] psn\n|faint|p2a: Groudon\n|-weather|none\n|upkeep\n|\n|t:|1700589644\n|switch|p2a: Deoxys|Deoxys-Attack|100\/100\n|-ability|p2a: Deoxys|Pressure\n|turn|59\n|\n|t:|1700589648\n|move|p2a: Deoxys|Thunderbolt|p1a: Hot Head Bop\n|-supereffective|p1a: Hot Head Bop\n|-damage|p1a: Hot Head Bop|68\/100\n|move|p1a: Hot Head Bop|Sacred Fire|p2a: Deoxys\n|-damage|p2a: Deoxys|0 fnt\n|faint|p2a: Deoxys\n|\n|upkeep\n|-message|Cheff cepe forfeited.\n|\n|win|spitezone \u269d\u5f61\n|raw|spitezone \u269d\u5f61's rating: 1120 &rarr; <strong>1137<\/strong><br \/>(+17 for winning)\n|raw|Cheff cepe's rating: 1000 &rarr; <strong>1000<\/strong><br \/>(+0 for losing)\n|l|\u203dCheff cepe\n","uploadtime":1700589661,"views":1,"p1id":"spitezone","p2id":"cheffcepe","formatid":"gen9nationaldexubers","rating":1000,"private":0,"password":""}