{"id":"gen9nationaldexubers-1993675248","p1":"Pkmaster448","p2":"TTeTyLLloK","format":"[Gen 9] National Dex Ubers","log":"|j|\u2606Pkmaster448\n|j|\u2606TTeTyLLloK\n|t:|1700344286\n|gametype|singles\n|player|p1|Pkmaster448|lance|1504\n|player|p2|TTeTyLLloK|bruno|1400\n|teamsize|p1|6\n|teamsize|p2|6\n|gen|9\n|tier|[Gen 9] National Dex Ubers\n|rated|\n|rule|HP Percentage Mod: HP is shown in percentages\n|rule|Endless Battle Clause: Forcing endless battles is banned\n|rule|OHKO Clause: OHKO moves are banned\n|rule|Evasion Moves Clause: Evasion moves are banned\n|rule|Evasion Items Clause: Evasion items are banned\n|rule|Species Clause: Limit one of each Pok\u00e9mon\n|rule|Sleep Clause Mod: Limit one foe put to sleep\n|rule|Mega Rayquaza Clause: You cannot mega evolve Rayquaza\n|clearpoke\n|poke|p1|Meowscarada, F|\n|poke|p1|Darmanitan-Galar, F|\n|poke|p1|Palkia-Origin|\n|poke|p1|Diancie|\n|poke|p1|Corsola-Galar, M|\n|poke|p1|Chansey, F|\n|poke|p2|Chesnaught, F|\n|poke|p2|Dugtrio, M|\n|poke|p2|Deoxys-Speed|\n|poke|p2|Slaking, M|\n|poke|p2|Mewtwo|\n|poke|p2|Ribombee, F|\n|teampreview\n|inactive|Battle timer is ON: inactive players will automatically lose when time's up. (requested by TTeTyLLloK)\n|\n|t:|1700344294\n|start\n|switch|p1a: Diancie|Diancie|100\/100\n|switch|p2a: Dugtrio|Dugtrio, M|100\/100\n|turn|1\n|\n|t:|1700344313\n|move|p2a: Dugtrio|Earthquake|p1a: Diancie\n|-supereffective|p1a: Diancie\n|-damage|p1a: Diancie|11\/100\n|move|p1a: Diancie|Moonblast|p2a: Dugtrio\n|-damage|p2a: Dugtrio|10\/100\n|\n|upkeep\n|turn|2\n|\n|t:|1700344319\n|move|p2a: Dugtrio|Sucker Punch|p1a: Diancie\n|-resisted|p1a: Diancie\n|-damage|p1a: Diancie|0 fnt\n|faint|p1a: Diancie\n|\n|upkeep\n|\n|t:|1700344327\n|switch|p1a: Darmanitan|Darmanitan-Galar, F|100\/100\n|turn|3\n|\n|t:|1700344332\n|move|p2a: Dugtrio|Sucker Punch|p1a: Darmanitan\n|-damage|p1a: Darmanitan|67\/100\n|move|p1a: Darmanitan|U-turn|p2a: Dugtrio\n|-damage|p2a: Dugtrio|0 fnt\n|faint|p2a: Dugtrio\n|\n|t:|1700344337\n|switch|p1a: Palkia|Palkia-Origin|100\/100|[from] U-turn\n|-ability|p1a: Palkia|Pressure\n|\n|upkeep\n|\n|t:|1700344344\n|switch|p2a: Ribombee|Ribombee, F|100\/100\n|turn|4\n|\n|t:|1700344351\n|move|p2a: Ribombee|Sticky Web|p1a: Palkia\n|-sidestart|p1: Pkmaster448|move: Sticky Web\n|move|p1a: Palkia|Flamethrower|p2a: Ribombee\n|-supereffective|p2a: Ribombee\n|-enditem|p2a: Ribombee|Focus Sash\n|-damage|p2a: Ribombee|1\/100\n|\n|upkeep\n|turn|5\n|\n|t:|1700344360\n|move|p2a: Ribombee|Stun Spore|p1a: Palkia\n|-status|p1a: Palkia|par\n|move|p1a: Palkia|Surf|p2a: Ribombee\n|-damage|p2a: Ribombee|0 fnt\n|faint|p2a: Ribombee\n|\n|upkeep\n|\n|t:|1700344364\n|switch|p2a: Deoxys|Deoxys-Speed|100\/100\n|-ability|p2a: Deoxys|Pressure\n|turn|6\n|\n|t:|1700344369\n|move|p2a: Deoxys|Stealth Rock|p1a: Palkia\n|-sidestart|p1: Pkmaster448|move: Stealth Rock\n|move|p1a: Palkia|Surf|p2a: Deoxys\n|-damage|p2a: Deoxys|25\/100\n|\n|upkeep\n|turn|7\n|\n|t:|1700344374\n|move|p2a: Deoxys|Spikes|p1a: Palkia\n|-sidestart|p1: Pkmaster448|Spikes\n|cant|p1a: Palkia|par\n|\n|upkeep\n|turn|8\n|\n|t:|1700344377\n|move|p2a: Deoxys|Spikes|p1a: Palkia\n|-sidestart|p1: Pkmaster448|Spikes\n|move|p1a: Palkia|Surf|p2a: Deoxys\n|-damage|p2a: Deoxys|0 fnt\n|faint|p2a: Deoxys\n|\n|upkeep\n|\n|t:|1700344389\n|switch|p2a: Slaking|Slaking, M|100\/100\n|turn|9\n|\n|t:|1700344402\n|move|p2a: Slaking|Giga Impact|p1a: Palkia\n|-damage|p1a: Palkia|0 fnt\n|-mustrecharge|p2a: Slaking\n|faint|p1a: Palkia\n|\n|upkeep\n|\n|t:|1700344412\n|switch|p1a: Darmanitan|Darmanitan-Galar, F|67\/100\n|-activate|p1a: Darmanitan|move: Sticky Web\n|-unboost|p1a: Darmanitan|spe|1\n|-damage|p1a: Darmanitan|42\/100|[from] Stealth Rock\n|-damage|p1a: Darmanitan|25\/100|[from] Spikes\n|turn|10\n|\n|t:|1700344424\n|-terastallize|p1a: Darmanitan|Ice\n|move|p1a: Darmanitan|Ice Punch|p2a: Slaking\n|-damage|p2a: Slaking|35\/100\n|cant|p2a: Slaking|recharge\n|\n|upkeep\n|turn|11\n|\n|t:|1700344429\n|move|p1a: Darmanitan|Ice Punch|p2a: Slaking\n|-damage|p2a: Slaking|0 fnt\n|faint|p2a: Slaking\n|\n|upkeep\n|\n|t:|1700344432\n|switch|p2a: Chesnaught|Chesnaught, F|100\/100\n|turn|12\n|\n|t:|1700344435\n|-terastallize|p2a: Chesnaught|Water\n|move|p1a: Darmanitan|Ice Punch|p2a: Chesnaught\n|-resisted|p2a: Chesnaught\n|-damage|p2a: Chesnaught|65\/100\n|move|p2a: Chesnaught|Belly Drum|p2a: Chesnaught\n|-damage|p2a: Chesnaught|15\/100\n|-setboost|p2a: Chesnaught|atk|6|[from] move: Belly Drum\n|-enditem|p2a: Chesnaught|Sitrus Berry|[eat]\n|-heal|p2a: Chesnaught|39\/100|[from] item: Sitrus Berry\n|\n|upkeep\n|turn|13\n|\n|t:|1700344445\n|move|p1a: Darmanitan|Ice Punch|p2a: Chesnaught\n|-resisted|p2a: Chesnaught\n|-damage|p2a: Chesnaught|0 fnt\n|faint|p2a: Chesnaught\n|\n|upkeep\n|\n|t:|1700344449\n|switch|p2a: Mewtwo|Mewtwo|100\/100\n|-ability|p2a: Mewtwo|Unnerve\n|turn|14\n|\n|t:|1700344455\n|move|p2a: Mewtwo|Flamethrower|p1a: Darmanitan\n|-supereffective|p1a: Darmanitan\n|-damage|p1a: Darmanitan|0 fnt\n|faint|p1a: Darmanitan\n|\n|upkeep\n|\n|t:|1700344460\n|switch|p1a: Chansey|Chansey, F|100\/100\n|-activate|p1a: Chansey|move: Sticky Web\n|-unboost|p1a: Chansey|spe|1\n|-damage|p1a: Chansey|88\/100|[from] Stealth Rock\n|-damage|p1a: Chansey|71\/100|[from] Spikes\n|turn|15\n|\n|t:|1700344466\n|detailschange|p2a: Mewtwo|Mewtwo-Mega-Y\n|-mega|p2a: Mewtwo|Mewtwo|Mewtwonite Y\n|move|p2a: Mewtwo|Psystrike|p1a: Chansey\n|-damage|p1a: Chansey|16\/100\n|move|p1a: Chansey|Toxic|p2a: Mewtwo\n|-status|p2a: Mewtwo|tox\n|\n|-damage|p2a: Mewtwo|94\/100 tox|[from] psn\n|upkeep\n|turn|16\n|\n|t:|1700344475\n|move|p1a: Chansey|Protect|p1a: Chansey\n|-singleturn|p1a: Chansey|Protect\n|move|p2a: Mewtwo|Nasty Plot|p2a: Mewtwo\n|-boost|p2a: Mewtwo|spa|2\n|\n|-damage|p2a: Mewtwo|82\/100 tox|[from] psn\n|upkeep\n|turn|17\n|\n|t:|1700344487\n|move|p2a: Mewtwo|Flamethrower|p1a: Chansey\n|-damage|p1a: Chansey|0 fnt\n|faint|p1a: Chansey\n|\n|-damage|p2a: Mewtwo|63\/100 tox|[from] psn\n|upkeep\n|\n|t:|1700344493\n|switch|p1a: Corsola|Corsola-Galar, M|100\/100\n|-activate|p1a: Corsola|move: Sticky Web\n|-unboost|p1a: Corsola|spe|1\n|-damage|p1a: Corsola|88\/100|[from] Stealth Rock\n|-damage|p1a: Corsola|71\/100|[from] Spikes\n|turn|18\n|\n|t:|1700344501\n|move|p2a: Mewtwo|Psystrike|p1a: Corsola\n|-damage|p1a: Corsola|0 fnt\n|-start|p2a: Mewtwo|Disable|Psystrike|[from] ability: Cursed Body|[of] p1a: Corsola\n|faint|p1a: Corsola\n|\n|-damage|p2a: Mewtwo|38\/100 tox|[from] psn\n|upkeep\n|\n|t:|1700344508\n|switch|p1a: Meowscarada|Meowscarada, F|100\/100\n|-activate|p1a: Meowscarada|move: Sticky Web\n|-unboost|p1a: Meowscarada|spe|1\n|-damage|p1a: Meowscarada|88\/100|[from] Stealth Rock\n|-damage|p1a: Meowscarada|72\/100|[from] Spikes\n|turn|19\n|\n|t:|1700344515\n|move|p2a: Mewtwo|Flamethrower|p1a: Meowscarada\n|-supereffective|p1a: Meowscarada\n|-damage|p1a: Meowscarada|0 fnt\n|faint|p1a: Meowscarada\n|\n|win|TTeTyLLloK\n|raw|Pkmaster448's rating: 1504 &rarr; <strong>1478<\/strong><br \/>(-26 for losing)\n|raw|TTeTyLLloK's rating: 1400 &rarr; <strong>1426<\/strong><br \/>(+26 for winning)\n|l|\u2606Pkmaster448\n","uploadtime":1700344518,"views":7,"p1id":"pkmaster448","p2id":"ttetylllok","formatid":"gen9nationaldexubers","rating":1426,"private":0,"password":""}