{"id":"gen9nationaldexubers-1988599289","p1":"FirstWasSilver2\u221a","p2":"aguinaldo124","format":"[Gen 9] National Dex Ubers","log":"|j|\u2606FirstWasSilver2\u221a\n|j|\u2606aguinaldo124\n|t:|1699740459\n|gametype|singles\n|player|p1|FirstWasSilver2\u221a|alec-anime|1161\n|player|p2|aguinaldo124|bruno|1185\n|teamsize|p1|6\n|teamsize|p2|6\n|gen|9\n|tier|[Gen 9] National Dex Ubers\n|rated|\n|rule|HP Percentage Mod: HP is shown in percentages\n|rule|Endless Battle Clause: Forcing endless battles is banned\n|rule|OHKO Clause: OHKO moves are banned\n|rule|Evasion Moves Clause: Evasion moves are banned\n|rule|Evasion Items Clause: Evasion items are banned\n|rule|Species Clause: Limit one of each Pok\u00e9mon\n|rule|Sleep Clause Mod: Limit one foe put to sleep\n|rule|Mega Rayquaza Clause: You cannot mega evolve Rayquaza\n|clearpoke\n|poke|p1|Darmanitan-Galar, M|\n|poke|p1|Baxcalibur, M|\n|poke|p1|Ninetales-Alola, F|\n|poke|p1|Kyurem-Black|\n|poke|p1|Sandslash-Alola, M|\n|poke|p1|Glalie, M|\n|poke|p2|Decidueye, M|\n|poke|p2|Incineroar, M|\n|poke|p2|Palafin, M|\n|poke|p2|Clodsire, F|\n|poke|p2|Rotom-Wash|\n|poke|p2|Garganacl, F|\n|teampreview\n|inactive|Battle timer is ON: inactive players will automatically lose when time's up. (requested by FirstWasSilver2\u221a)\n|c|\u2606aguinaldo124|Bruh\n|c|\u2606FirstWasSilver2\u221a|?\n|\n|t:|1699740476\n|start\n|switch|p1a: Glalie|Glalie, M, shiny|100\/100\n|switch|p2a: Palafin|Palafin, M|100\/100\n|turn|1\n|\n|t:|1699740485\n|detailschange|p2a: Palafin|Palafin-Hero, M\n|switch|p2a: Garganacl|Garganacl, F|100\/100\n|move|p1a: Glalie|Snowscape|p1a: Glalie\n|-weather|Snow\n|\n|-weather|Snow|[upkeep]\n|-ability|p1a: Glalie|Moody|boost\n|-boost|p1a: Glalie|atk|2\n|-unboost|p1a: Glalie|def|1\n|upkeep\n|turn|2\n|\n|t:|1699740496\n|move|p1a: Glalie|Chilling Water|p2a: Garganacl\n|-supereffective|p2a: Garganacl\n|-damage|p2a: Garganacl|83\/100\n|-unboost|p2a: Garganacl|atk|1\n|move|p2a: Garganacl|Curse|p2a: Garganacl\n|-unboost|p2a: Garganacl|spe|1\n|-boost|p2a: Garganacl|atk|1\n|-boost|p2a: Garganacl|def|1\n|\n|-weather|Snow|[upkeep]\n|-heal|p2a: Garganacl|89\/100|[from] item: Leftovers\n|-ability|p1a: Glalie|Moody|boost\n|-boost|p1a: Glalie|spa|2\n|-unboost|p1a: Glalie|def|1\n|upkeep\n|turn|3\n|c|\u2606aguinaldo124|I hate kyurem\n|c|\u2606FirstWasSilver2\u221a|why\n|\n|t:|1699740519\n|move|p1a: Glalie|Chilling Water|p2a: Garganacl\n|-supereffective|p2a: Garganacl\n|-damage|p2a: Garganacl|56\/100\n|-unboost|p2a: Garganacl|atk|1\n|move|p2a: Garganacl|Curse|p2a: Garganacl\n|-unboost|p2a: Garganacl|spe|1\n|-boost|p2a: Garganacl|atk|1\n|-boost|p2a: Garganacl|def|1\n|\n|-weather|Snow|[upkeep]\n|-heal|p2a: Garganacl|62\/100|[from] item: Leftovers\n|-ability|p1a: Glalie|Moody|boost\n|-boost|p1a: Glalie|def|2\n|-unboost|p1a: Glalie|spa|1\n|upkeep\n|turn|4\n|inactive|aguinaldo124 has 120 seconds left.\n|c|\u2606aguinaldo124|Bc you use one dragon dance and win the game lol\n|\n|t:|1699740544\n|move|p1a: Glalie|Chilling Water|p2a: Garganacl\n|-supereffective|p2a: Garganacl\n|-damage|p2a: Garganacl|40\/100\n|-unboost|p2a: Garganacl|atk|1\n|move|p2a: Garganacl|Recover|p2a: Garganacl\n|-heal|p2a: Garganacl|90\/100\n|\n|-weather|Snow|[upkeep]\n|-heal|p2a: Garganacl|96\/100|[from] item: Leftovers\n|-ability|p1a: Glalie|Moody|boost\n|-boost|p1a: Glalie|atk|2\n|-unboost|p1a: Glalie|spd|1\n|upkeep\n|turn|5\n|c|\u2606FirstWasSilver2\u221a|i mean\n|inactive|aguinaldo124 has 120 seconds left.\n|c|\u2606FirstWasSilver2\u221a|some pkmn can survive\n|\n|t:|1699740556\n|move|p1a: Glalie|Chilling Water|p2a: Garganacl\n|-supereffective|p2a: Garganacl\n|-damage|p2a: Garganacl|73\/100\n|-unboost|p2a: Garganacl|atk|1\n|move|p2a: Garganacl|Body Press|p1a: Glalie\n|-supereffective|p1a: Glalie\n|-damage|p1a: Glalie|14\/100\n|\n|-weather|Snow|[upkeep]\n|-heal|p2a: Garganacl|79\/100|[from] item: Leftovers\n|-ability|p1a: Glalie|Moody|boost\n|-boost|p1a: Glalie|atk|2\n|-unboost|p1a: Glalie|spa|1\n|upkeep\n|turn|6\n|inactive|aguinaldo124 has 120 seconds left.\n|c|\u2606aguinaldo124|Whit 4x resistence?\n|\n|t:|1699740581\n|move|p1a: Glalie|Chilling Water|p2a: Garganacl\n|-supereffective|p2a: Garganacl\n|-damage|p2a: Garganacl|63\/100\n|-unboost|p2a: Garganacl|atk|1\n|move|p2a: Garganacl|Body Press|p1a: Glalie\n|-supereffective|p1a: Glalie\n|-damage|p1a: Glalie|0 fnt\n|faint|p1a: Glalie\n|\n|-weather|Snow|[upkeep]\n|-heal|p2a: Garganacl|69\/100|[from] item: Leftovers\n|upkeep\n|c|\u2606FirstWasSilver2\u221a|or just something bulky\n|\n|t:|1699740593\n|switch|p1a: Ninetales|Ninetales-Alola, F|100\/100\n|turn|7\n|\n|t:|1699740596\n|move|p1a: Ninetales|Blizzard|p2a: Garganacl\n|-damage|p2a: Garganacl|33\/100\n|move|p2a: Garganacl|Salt Cure|p1a: Ninetales\n|-supereffective|p1a: Ninetales\n|-damage|p1a: Ninetales|88\/100\n|-start|p1a: Ninetales|Salt Cure\n|\n|-weather|Snow|[upkeep]\n|-heal|p2a: Garganacl|39\/100|[from] item: Leftovers\n|-damage|p1a: Ninetales|76\/100|[from] Salt Cure\n|upkeep\n|turn|8\n|inactive|aguinaldo124 has 120 seconds left.\n|\n|t:|1699740607\n|move|p1a: Ninetales|Blizzard|p2a: Garganacl\n|-damage|p2a: Garganacl|2\/100\n|move|p2a: Garganacl|Recover|p2a: Garganacl\n|-heal|p2a: Garganacl|52\/100\n|\n|-weather|none\n|-heal|p2a: Garganacl|59\/100|[from] item: Leftovers\n|-damage|p1a: Ninetales|64\/100|[from] Salt Cure\n|upkeep\n|turn|9\n|\n|t:|1699740617\n|move|p1a: Ninetales|Blizzard|p2a: Garganacl|[miss]\n|-miss|p1a: Ninetales|p2a: Garganacl\n|move|p2a: Garganacl|Recover|p2a: Garganacl\n|-heal|p2a: Garganacl|100\/100\n|\n|-damage|p1a: Ninetales|51\/100|[from] Salt Cure\n|upkeep\n|turn|10\n|\n|t:|1699740629\n|switch|p1a: Darmanitan|Darmanitan-Galar, M|100\/100\n|move|p2a: Garganacl|Curse|p2a: Garganacl\n|-unboost|p2a: Garganacl|spe|1\n|-boost|p2a: Garganacl|atk|1\n|-boost|p2a: Garganacl|def|1\n|\n|upkeep\n|turn|11\n|\n|t:|1699740638\n|move|p1a: Darmanitan|Icicle Crash|p2a: Garganacl\n|-damage|p2a: Garganacl|91\/100\n|move|p2a: Garganacl|Body Press|p1a: Darmanitan\n|-supereffective|p1a: Darmanitan\n|-damage|p1a: Darmanitan|0 fnt\n|faint|p1a: Darmanitan\n|\n|-heal|p2a: Garganacl|97\/100|[from] item: Leftovers\n|upkeep\n|\n|t:|1699740641\n|switch|p1a: Ninetales|Ninetales-Alola, F|51\/100\n|-weather|Snow|[from] ability: Snow Warning|[of] p1a: Ninetales\n|turn|12\n|c|\u2606aguinaldo124|There is no way im winning whit garganacl\n|c|\u2606FirstWasSilver2\u221a|i wonder if any ice types have haze\n|c|\u2606FirstWasSilver2\u221a|i mean\n|inactive|aguinaldo124 has 120 seconds left.\n|c|\u2606aguinaldo124|A lot\n|\n|t:|1699740671\n|move|p1a: Ninetales|Aurora Veil|p1a: Ninetales\n|-sidestart|p1: FirstWasSilver2\u221a|move: Aurora Veil\n|move|p2a: Garganacl|Salt Cure|p1a: Ninetales\n|-supereffective|p1a: Ninetales\n|-crit|p1a: Ninetales\n|-damage|p1a: Ninetales|9\/100\n|-start|p1a: Ninetales|Salt Cure\n|\n|-weather|Snow|[upkeep]\n|-heal|p2a: Garganacl|100\/100|[from] item: Leftovers\n|-damage|p1a: Ninetales|0 fnt|[from] Salt Cure\n|faint|p1a: Ninetales\n|upkeep\n|c|\u2606FirstWasSilver2\u221a|my team is quite physical based\n|c|\u2606FirstWasSilver2\u221a|and i am planning on ditching dman\n|c|\u2606FirstWasSilver2\u221a|since it doesnt really do much\n|\n|t:|1699740695\n|switch|p1a: Sandslash|Sandslash-Alola, M|100\/100\n|turn|13\n|c|\u2606aguinaldo124|Idk if aurora veil halves the damage of body press\n|\n|t:|1699740701\n|move|p1a: Sandslash|Swords Dance|p1a: Sandslash\n|-boost|p1a: Sandslash|atk|2\n|move|p2a: Garganacl|Salt Cure|p1a: Sandslash\n|-damage|p1a: Sandslash|98\/100\n|-start|p1a: Sandslash|Salt Cure\n|\n|-weather|Snow|[upkeep]\n|-damage|p1a: Sandslash|73\/100|[from] Salt Cure\n|upkeep\n|turn|14\n|c|\u2606aguinaldo124|Like im not using attack im using defense\n|inactive|FirstWasSilver2\u221a has 120 seconds left.\n|c|\u2606aguinaldo124|I guess it do idk\n|\n|t:|1699740758\n|-terastallize|p1a: Sandslash|Steel\n|move|p1a: Sandslash|Iron Head|p2a: Garganacl\n|-supereffective|p2a: Garganacl\n|-damage|p2a: Garganacl|58\/100\n|cant|p2a: Garganacl|flinch\n|\n|-weather|Snow|[upkeep]\n|-heal|p2a: Garganacl|64\/100|[from] item: Leftovers\n|-damage|p1a: Sandslash|48\/100|[from] Salt Cure\n|upkeep\n|turn|15\n|\n|t:|1699740771\n|move|p1a: Sandslash|Iron Head|p2a: Garganacl\n|-supereffective|p2a: Garganacl\n|-damage|p2a: Garganacl|21\/100\n|move|p2a: Garganacl|Recover|p2a: Garganacl\n|-heal|p2a: Garganacl|71\/100\n|\n|-weather|Snow|[upkeep]\n|-heal|p2a: Garganacl|77\/100|[from] item: Leftovers\n|-damage|p1a: Sandslash|23\/100|[from] Salt Cure\n|upkeep\n|turn|16\n|\n|t:|1699740782\n|move|p1a: Sandslash|Iron Head|p2a: Garganacl\n|-supereffective|p2a: Garganacl\n|-damage|p2a: Garganacl|38\/100\n|cant|p2a: Garganacl|flinch\n|\n|-weather|none\n|-heal|p2a: Garganacl|44\/100|[from] item: Leftovers\n|-damage|p1a: Sandslash|0 fnt|[from] Salt Cure\n|faint|p1a: Sandslash\n|upkeep\n|c|\u2606aguinaldo124|Bruuuh\n|-message|FirstWasSilver2\u221a forfeited.\n|\n|win|aguinaldo124\n|raw|FirstWasSilver2\u221a's rating: 1161 &rarr; <strong>1138<\/strong><br \/>(-23 for losing)\n|raw|aguinaldo124's rating: 1185 &rarr; <strong>1208<\/strong><br \/>(+23 for winning)\n|c|\u2606FirstWasSilver2\u221a|lemme use my new member this time\n|c|\u2606aguinaldo124|Gg\n|c|\u2606FirstWasSilver2\u221a|gg\n|l|\u2606FirstWasSilver2\u221a\n","uploadtime":1699740805,"views":5,"p1id":"firstwassilver2","p2id":"aguinaldo124","formatid":"gen9nationaldexubers","rating":1138,"private":0,"password":""}