{"id":"gen9nationaldexubers-1986474648","p1":"AMarsBar","p2":"GEO-M0DE\ufe0f\ufe0f\ufe0f\ufe0f\ufe0f\u2734\ufe0f","format":"[Gen 9] National Dex Ubers","log":"|j|\u2606AMarsBar\n|j|\u2606GEO-M0DE\ufe0f\ufe0f\ufe0f\ufe0f\ufe0f\u2734\ufe0f\n|t:|1699482774\n|gametype|singles\n|player|p1|AMarsBar|firebreather|1100\n|player|p2|GEO-M0DE\ufe0f\ufe0f\ufe0f\ufe0f\ufe0f\u2734\ufe0f|backpackerf|1096\n|teamsize|p1|6\n|teamsize|p2|6\n|gen|9\n|tier|[Gen 9] National Dex Ubers\n|rated|\n|rule|HP Percentage Mod: HP is shown in percentages\n|rule|Endless Battle Clause: Forcing endless battles is banned\n|rule|OHKO Clause: OHKO moves are banned\n|rule|Evasion Moves Clause: Evasion moves are banned\n|rule|Evasion Items Clause: Evasion items are banned\n|rule|Species Clause: Limit one of each Pok\u00e9mon\n|rule|Sleep Clause Mod: Limit one foe put to sleep\n|rule|Mega Rayquaza Clause: You cannot mega evolve Rayquaza\n|clearpoke\n|poke|p1|Scizor, F|\n|poke|p1|Blaziken, F|\n|poke|p1|Giratina-Origin|\n|poke|p1|Alakazam, M|\n|poke|p1|Tyranitar, M|\n|poke|p1|Whimsicott, F|\n|poke|p2|Shuckle, M|\n|poke|p2|Nihilego|\n|poke|p2|Golem, M|\n|poke|p2|Donphan, M|\n|poke|p2|Arcanine-Hisui, M|\n|poke|p2|Arceus-Ground|\n|teampreview\n|inactive|Battle timer is ON: inactive players will automatically lose when time's up. (requested by AMarsBar)\n|\n|t:|1699482778\n|start\n|switch|p1a: Whimsicott|Whimsicott, F|100\/100\n|switch|p2a: \ud83e\udea8SHUCKLE\ud83e\udea8|Shuckle, M|100\/100\n|turn|1\n|\n|t:|1699482787\n|move|p1a: Whimsicott|Protect|p1a: Whimsicott\n|-singleturn|p1a: Whimsicott|Protect\n|move|p2a: \ud83e\udea8SHUCKLE\ud83e\udea8|Sticky Web|p1a: Whimsicott\n|-sidestart|p1: AMarsBar|move: Sticky Web\n|\n|upkeep\n|turn|2\n|\n|t:|1699482802\n|move|p1a: Whimsicott|Tailwind|p1a: Whimsicott\n|-sidestart|p1: AMarsBar|move: Tailwind\n|move|p2a: \ud83e\udea8SHUCKLE\ud83e\udea8|Stealth Rock|p1a: Whimsicott\n|-sidestart|p1: AMarsBar|move: Stealth Rock\n|\n|upkeep\n|turn|3\n|\n|t:|1699482810\n|move|p1a: Whimsicott|U-turn|p2a: \ud83e\udea8SHUCKLE\ud83e\udea8\n|-damage|p2a: \ud83e\udea8SHUCKLE\ud83e\udea8|92\/100\n|\n|t:|1699482815\n|switch|p1a: Blaziken|Blaziken, F|100\/100|[from] U-turn\n|-activate|p1a: Blaziken|move: Sticky Web\n|-unboost|p1a: Blaziken|spe|1\n|-damage|p1a: Blaziken|88\/100|[from] Stealth Rock\n|move|p2a: \ud83e\udea8SHUCKLE\ud83e\udea8|Sandstorm|p2a: \ud83e\udea8SHUCKLE\ud83e\udea8\n|-weather|Sandstorm\n|\n|-weather|Sandstorm|[upkeep]\n|-damage|p1a: Blaziken|82\/100|[from] Sandstorm\n|upkeep\n|turn|4\n|\n|t:|1699482828\n|move|p1a: Blaziken|Swords Dance|p1a: Blaziken\n|-boost|p1a: Blaziken|atk|2\n|move|p2a: \ud83e\udea8SHUCKLE\ud83e\udea8|Sand Tomb|p1a: Blaziken|[miss]\n|-miss|p2a: \ud83e\udea8SHUCKLE\ud83e\udea8|p1a: Blaziken\n|\n|-weather|Sandstorm|[upkeep]\n|-damage|p1a: Blaziken|76\/100|[from] Sandstorm\n|-ability|p1a: Blaziken|Speed Boost|boost\n|-boost|p1a: Blaziken|spe|1\n|upkeep\n|turn|5\n|\n|t:|1699482841\n|move|p1a: Blaziken|Thunder Punch|p2a: \ud83e\udea8SHUCKLE\ud83e\udea8\n|-damage|p2a: \ud83e\udea8SHUCKLE\ud83e\udea8|49\/100\n|move|p2a: \ud83e\udea8SHUCKLE\ud83e\udea8|Sand Tomb|p1a: Blaziken\n|-supereffective|p1a: Blaziken\n|-damage|p1a: Blaziken|70\/100\n|-activate|p1a: Blaziken|move: Sand Tomb|[of] p2a: \ud83e\udea8SHUCKLE\ud83e\udea8\n|\n|-weather|Sandstorm|[upkeep]\n|-damage|p1a: Blaziken|64\/100|[from] Sandstorm\n|-damage|p1a: Blaziken|51\/100|[from] move: Sand Tomb|[partiallytrapped]\n|-sideend|p1: AMarsBar|move: Tailwind\n|-ability|p1a: Blaziken|Speed Boost|boost\n|-boost|p1a: Blaziken|spe|1\n|upkeep\n|turn|6\n|\n|t:|1699482857\n|move|p1a: Blaziken|High Jump Kick|p2a: \ud83e\udea8SHUCKLE\ud83e\udea8\n|-damage|p2a: \ud83e\udea8SHUCKLE\ud83e\udea8|0 fnt\n|faint|p2a: \ud83e\udea8SHUCKLE\ud83e\udea8\n|\n|-weather|Sandstorm|[upkeep]\n|-damage|p1a: Blaziken|45\/100|[from] Sandstorm\n|-enditem|p1a: Blaziken|Sitrus Berry|[eat]\n|-heal|p1a: Blaziken|70\/100|[from] item: Sitrus Berry\n|-end|p1a: Blaziken|Sand Tomb|[partiallytrapped]|[silent]\n|-ability|p1a: Blaziken|Speed Boost|boost\n|-boost|p1a: Blaziken|spe|1\n|upkeep\n|\n|t:|1699482870\n|switch|p2a: \u26f0\ufe0fDORPHAN\u26f0\ufe0f|Donphan, M, shiny|100\/100\n|turn|7\n|\n|t:|1699482877\n|move|p1a: Blaziken|High Jump Kick|p2a: \u26f0\ufe0fDORPHAN\u26f0\ufe0f\n|-ability|p2a: \u26f0\ufe0fDORPHAN\u26f0\ufe0f|Sturdy\n|-damage|p2a: \u26f0\ufe0fDORPHAN\u26f0\ufe0f|1\/100\n|move|p2a: \u26f0\ufe0fDORPHAN\u26f0\ufe0f|Earthquake|p1a: Blaziken\n|-supereffective|p1a: Blaziken\n|-damage|p1a: Blaziken|0 fnt\n|faint|p1a: Blaziken\n|\n|-weather|Sandstorm|[upkeep]\n|upkeep\n|\n|t:|1699482887\n|switch|p1a: Scizor|Scizor, F|100\/100\n|-activate|p1a: Scizor|move: Sticky Web\n|-unboost|p1a: Scizor|spe|1\n|-damage|p1a: Scizor|88\/100|[from] Stealth Rock\n|turn|8\n|\n|t:|1699482894\n|detailschange|p1a: Scizor|Scizor-Mega, F\n|-mega|p1a: Scizor|Scizor|Scizorite\n|move|p1a: Scizor|Agility|p1a: Scizor\n|-boost|p1a: Scizor|spe|2\n|move|p2a: \u26f0\ufe0fDORPHAN\u26f0\ufe0f|Earthquake|p1a: Scizor\n|-damage|p1a: Scizor|35\/100\n|\n|-weather|Sandstorm|[upkeep]\n|upkeep\n|turn|9\n|\n|t:|1699482904\n|move|p1a: Scizor|Bullet Punch|p2a: \u26f0\ufe0fDORPHAN\u26f0\ufe0f\n|-damage|p2a: \u26f0\ufe0fDORPHAN\u26f0\ufe0f|0 fnt\n|faint|p2a: \u26f0\ufe0fDORPHAN\u26f0\ufe0f\n|\n|-weather|Sandstorm|[upkeep]\n|upkeep\n|\n|t:|1699482912\n|switch|p2a: \ud83d\udd25\ud83e\udea8ARCANINE\ud83e\udea8\ud83d\udd25|Arcanine-Hisui, M, shiny|100\/100\n|turn|10\n|inactive|AMarsBar has 120 seconds left.\n|\n|t:|1699482943\n|move|p1a: Scizor|Bullet Punch|p2a: \ud83d\udd25\ud83e\udea8ARCANINE\ud83e\udea8\ud83d\udd25\n|-damage|p2a: \ud83d\udd25\ud83e\udea8ARCANINE\ud83e\udea8\ud83d\udd25|50\/100\n|move|p2a: \ud83d\udd25\ud83e\udea8ARCANINE\ud83e\udea8\ud83d\udd25|Flame Charge|p1a: Scizor\n|-supereffective|p1a: Scizor\n|-damage|p1a: Scizor|0 fnt\n|-boost|p2a: \ud83d\udd25\ud83e\udea8ARCANINE\ud83e\udea8\ud83d\udd25|spe|1\n|faint|p1a: Scizor\n|\n|-weather|none\n|upkeep\n|inactive|AMarsBar has 120 seconds left.\n|\n|t:|1699482952\n|switch|p1a: Giratina|Giratina-Origin, shiny|100\/100\n|-damage|p1a: Giratina|88\/100|[from] Stealth Rock\n|turn|11\n|\n|t:|1699482959\n|-terastallize|p2a: \ud83d\udd25\ud83e\udea8ARCANINE\ud83e\udea8\ud83d\udd25|Rock\n|move|p2a: \ud83d\udd25\ud83e\udea8ARCANINE\ud83e\udea8\ud83d\udd25|Head Smash|p1a: Giratina\n|-damage|p1a: Giratina|10\/100\n|move|p1a: Giratina|Calm Mind|p1a: Giratina\n|-boost|p1a: Giratina|spa|1\n|-boost|p1a: Giratina|spd|1\n|\n|upkeep\n|turn|12\n|\n|t:|1699482972\n|move|p2a: \ud83d\udd25\ud83e\udea8ARCANINE\ud83e\udea8\ud83d\udd25|Rock Blast|p1a: Giratina\n|-damage|p1a: Giratina|0 fnt\n|faint|p1a: Giratina\n|-hitcount|p1: Giratina|1\n|\n|upkeep\n|\n|t:|1699482978\n|switch|p1a: Whimsicott|Whimsicott, F|100\/100\n|-activate|p1a: Whimsicott|move: Sticky Web\n|-unboost|p1a: Whimsicott|spe|1\n|-damage|p1a: Whimsicott|88\/100|[from] Stealth Rock\n|turn|13\n|\n|t:|1699482991\n|move|p2a: \ud83d\udd25\ud83e\udea8ARCANINE\ud83e\udea8\ud83d\udd25|Flare Blitz|p1a: Whimsicott\n|-supereffective|p1a: Whimsicott\n|-damage|p1a: Whimsicott|0 fnt\n|faint|p1a: Whimsicott\n|\n|upkeep\n|\n|t:|1699482993\n|switch|p1a: Tyranitar|Tyranitar, M|100\/100\n|-activate|p1a: Tyranitar|move: Sticky Web\n|-unboost|p1a: Tyranitar|spe|1\n|-damage|p1a: Tyranitar|88\/100|[from] Stealth Rock\n|-weather|Sandstorm|[from] ability: Sand Stream|[of] p1a: Tyranitar\n|turn|14\n|\n|t:|1699483003\n|move|p2a: \ud83d\udd25\ud83e\udea8ARCANINE\ud83e\udea8\ud83d\udd25|Head Smash|p1a: Tyranitar\n|-damage|p1a: Tyranitar|0 fnt\n|faint|p1a: Tyranitar\n|\n|-weather|Sandstorm|[upkeep]\n|upkeep\n|\n|t:|1699483007\n|switch|p1a: Alakazam|Alakazam, M|100\/100\n|-activate|p1a: Alakazam|move: Sticky Web\n|-unboost|p1a: Alakazam|spe|1\n|-damage|p1a: Alakazam|88\/100|[from] Stealth Rock\n|turn|15\n|\n|t:|1699483014\n|-terastallize|p1a: Alakazam|Fighting\n|move|p2a: \ud83d\udd25\ud83e\udea8ARCANINE\ud83e\udea8\ud83d\udd25|Head Smash|p1a: Alakazam\n|-resisted|p1a: Alakazam\n|-damage|p1a: Alakazam|0 fnt\n|faint|p1a: Alakazam\n|\n|win|GEO-M0DE\ufe0f\ufe0f\ufe0f\ufe0f\ufe0f\u2734\ufe0f\n|raw|AMarsBar's rating: 1123 &rarr; <strong>1096<\/strong><br \/>(-27 for losing)\n|raw|GEO-M0DE\ufe0f\ufe0f\ufe0f\ufe0f\ufe0f\u2734\ufe0f's rating: 1096 &rarr; <strong>1124<\/strong><br \/>(+28 for winning)\n|l|\u2606AMarsBar\n|l|\u2606GEO-M0DE\ufe0f\ufe0f\ufe0f\ufe0f\ufe0f\u2734\ufe0f\n|j|\u2606GEO-M0DE\ufe0f\ufe0f\ufe0f\ufe0f\ufe0f\u2734\ufe0f\n|player|p2|GEO-M0DE\ufe0f\ufe0f\ufe0f\ufe0f\ufe0f\u2734\ufe0f|backpackerf\n","uploadtime":1699483196,"views":4,"p1id":"amarsbar","p2id":"geom0de","formatid":"gen9nationaldexubers","rating":1096,"private":0,"password":""}