{"id":"gen9nationaldexubers-1986162634","p1":"B14z6","p2":"PrimalBuneary","format":"[Gen 9] National Dex Ubers","log":"|j|\u2606B14z6\n|j|\u2606PrimalBuneary\n|t:|1699456065\n|gametype|singles\n|player|p1|B14z6|102|1081\n|player|p2|PrimalBuneary|kahili|1000\n|teamsize|p1|6\n|teamsize|p2|6\n|gen|9\n|tier|[Gen 9] National Dex Ubers\n|rated|\n|rule|HP Percentage Mod: HP is shown in percentages\n|rule|Endless Battle Clause: Forcing endless battles is banned\n|rule|OHKO Clause: OHKO moves are banned\n|rule|Evasion Moves Clause: Evasion moves are banned\n|rule|Evasion Items Clause: Evasion items are banned\n|rule|Species Clause: Limit one of each Pok\u00e9mon\n|rule|Sleep Clause Mod: Limit one foe put to sleep\n|rule|Mega Rayquaza Clause: You cannot mega evolve Rayquaza\n|clearpoke\n|poke|p1|Liepard, F|\n|poke|p1|Simisage, F|\n|poke|p1|Simisear, M|\n|poke|p1|Simipour, M|\n|poke|p1|Musharna, M|\n|poke|p1|Unfezant, M|\n|poke|p2|Sneasler, M|\n|poke|p2|Ting-Lu|\n|poke|p2|Hatterene, F|\n|poke|p2|Rillaboom, M|\n|poke|p2|Iron Bundle|\n|poke|p2|Lucario, M|\n|teampreview\n|\n|t:|1699456090\n|start\n|switch|p1a: Unfezant|Unfezant, M|100\/100\n|switch|p2a: Iron Bundle|Iron Bundle|100\/100\n|turn|1\n|\n|t:|1699456099\n|move|p2a: Iron Bundle|Freeze-Dry|p1a: Unfezant\n|-supereffective|p1a: Unfezant\n|-damage|p1a: Unfezant|0 fnt\n|faint|p1a: Unfezant\n|-damage|p2a: Iron Bundle|91\/100|[from] item: Life Orb\n|\n|upkeep\n|\n|t:|1699456106\n|switch|p1a: Musharna|Musharna, M|100\/100\n|-activate|p1a: Musharna|ability: Forewarn|Hydro Pump|[of] p2a: Iron Bundle\n|turn|2\n|\n|t:|1699456114\n|-terastallize|p2a: Iron Bundle|Ice\n|move|p2a: Iron Bundle|Freeze-Dry|p1a: Musharna\n|-damage|p1a: Musharna|51\/100\n|-damage|p2a: Iron Bundle|81\/100|[from] item: Life Orb\n|move|p1a: Musharna|Psychic|p2a: Iron Bundle\n|-damage|p2a: Iron Bundle|0 fnt\n|faint|p2a: Iron Bundle\n|-end|p2a: Iron Bundle|Quark Drive|[silent]\n|\n|upkeep\n|\n|t:|1699456122\n|switch|p2a: Ting-Lu|Ting-Lu|100\/100\n|-ability|p2a: Ting-Lu|Vessel of Ruin\n|turn|3\n|\n|t:|1699456132\n|switch|p1a: Simisear|Simisear, M|100\/100\n|move|p2a: Ting-Lu|Throat Chop|p1a: Simisear\n|-crit|p1a: Simisear\n|-damage|p1a: Simisear|3\/100\n|-start|p1a: Simisear|Throat Chop|[silent]\n|\n|upkeep\n|turn|4\n|\n|t:|1699456147\n|move|p1a: Simisear|Superpower|p2a: Ting-Lu\n|-supereffective|p2a: Ting-Lu\n|-damage|p2a: Ting-Lu|65\/100\n|-unboost|p1a: Simisear|atk|1\n|-unboost|p1a: Simisear|def|1\n|move|p2a: Ting-Lu|Stealth Rock|p1a: Simisear\n|-sidestart|p1: B14z6|move: Stealth Rock\n|\n|-heal|p2a: Ting-Lu|71\/100|[from] item: Leftovers\n|-end|p1a: Simisear|Throat Chop|[silent]\n|upkeep\n|turn|5\n|\n|t:|1699456157\n|move|p1a: Simisear|Superpower|p2a: Ting-Lu\n|-supereffective|p2a: Ting-Lu\n|-damage|p2a: Ting-Lu|44\/100\n|-unboost|p1a: Simisear|atk|1\n|-unboost|p1a: Simisear|def|1\n|move|p2a: Ting-Lu|Throat Chop|p1a: Simisear\n|-damage|p1a: Simisear|0 fnt\n|faint|p1a: Simisear\n|\n|-heal|p2a: Ting-Lu|50\/100|[from] item: Leftovers\n|upkeep\n|\n|t:|1699456174\n|switch|p1a: Simisage|Simisage, F|100\/100\n|-damage|p1a: Simisage|88\/100|[from] Stealth Rock\n|turn|6\n|\n|t:|1699456186\n|move|p1a: Simisage|Seed Bomb|p2a: Ting-Lu\n|-supereffective|p2a: Ting-Lu\n|-crit|p2a: Ting-Lu\n|-damage|p2a: Ting-Lu|0 fnt\n|faint|p2a: Ting-Lu\n|\n|upkeep\n|\n|t:|1699456195\n|switch|p2a: Sneasler|Sneasler, M|100\/100\n|turn|7\n|\n|t:|1699456201\n|switch|p1a: Musharna|Musharna, M|51\/100\n|-damage|p1a: Musharna|39\/100|[from] Stealth Rock\n|-activate|p1a: Musharna|ability: Forewarn|Close Combat|[of] p2a: Sneasler\n|move|p2a: Sneasler|U-turn|p1a: Musharna\n|-supereffective|p1a: Musharna\n|-damage|p1a: Musharna|0 fnt\n|faint|p1a: Musharna\n|\n|t:|1699456213\n|switch|p2a: Hatterene|Hatterene, F|100\/100|[from] U-turn\n|\n|upkeep\n|\n|t:|1699456217\n|switch|p1a: Liepard|Liepard, F|100\/100\n|-damage|p1a: Liepard|88\/100|[from] Stealth Rock\n|turn|8\n|\n|t:|1699456232\n|move|p1a: Liepard|Fake Out|p2a: Hatterene\n|-damage|p2a: Hatterene|86\/100\n|cant|p2a: Hatterene|flinch\n|\n|upkeep\n|turn|9\n|\n|t:|1699456245\n|move|p1a: Liepard|Knock Off|p2a: Hatterene\n|-damage|p2a: Hatterene|41\/100\n|-enditem|p2a: Hatterene|Assault Vest|[from] move: Knock Off|[of] p1a: Liepard\n|move|p2a: Hatterene|Dazzling Gleam|p1a: Liepard\n|-supereffective|p1a: Liepard\n|-damage|p1a: Liepard|0 fnt\n|faint|p1a: Liepard\n|\n|upkeep\n|\n|t:|1699456253\n|switch|p1a: Simisage|Simisage, F|88\/100\n|-damage|p1a: Simisage|76\/100|[from] Stealth Rock\n|turn|10\n|\n|t:|1699456259\n|move|p1a: Simisage|Seed Bomb|p2a: Hatterene\n|-damage|p2a: Hatterene|0 fnt\n|faint|p2a: Hatterene\n|\n|upkeep\n|\n|t:|1699456274\n|switch|p2a: Lucario|Lucario, M|100\/100\n|turn|11\n|\n|t:|1699456280\n|detailschange|p2a: Lucario|Lucario-Mega, M\n|-mega|p2a: Lucario|Lucario|Lucarionite\n|move|p2a: Lucario|Nasty Plot|p2a: Lucario\n|-boost|p2a: Lucario|spa|2\n|move|p1a: Simisage|Low Kick|p2a: Lucario\n|-supereffective|p2a: Lucario\n|-damage|p2a: Lucario|41\/100\n|\n|upkeep\n|turn|12\n|\n|t:|1699456294\n|move|p2a: Lucario|Flash Cannon|p1a: Simisage\n|-damage|p1a: Simisage|0 fnt\n|faint|p1a: Simisage\n|\n|upkeep\n|\n|t:|1699456298\n|switch|p1a: Simipour|Simipour, M|100\/100\n|-damage|p1a: Simipour|88\/100|[from] Stealth Rock\n|turn|13\n|c|\u2606PrimalBuneary|ggs\n|\n|t:|1699456307\n|move|p2a: Lucario|Shadow Ball|p1a: Simipour\n|-damage|p1a: Simipour|0 fnt\n|faint|p1a: Simipour\n|\n|win|PrimalBuneary\n|raw|B14z6's rating: 1081 &rarr; <strong>1054<\/strong><br \/>(-27 for losing)\n|raw|PrimalBuneary's rating: 1000 &rarr; <strong>1049<\/strong><br \/>(+49 for winning)\n|l|\u2606B14z6\n","uploadtime":1699456534,"views":6,"p1id":"b14z6","p2id":"primalbuneary","formatid":"gen9nationaldexubers","rating":1049,"private":0,"password":""}