{"id":"gen9nationaldexubers-1981837829","p1":"Sapphire1O1","p2":"PSYCH0-MODE\ufe0f\ufe0f\ufe0f\u26a7\ufe0f","format":"[Gen 9] National Dex Ubers","log":"|j|\u2606Sapphire1O1\n|j|\u2606PSYCH0-MODE\ufe0f\ufe0f\ufe0f\u26a7\ufe0f\n|t:|1698945393\n|gametype|singles\n|player|p1|Sapphire1O1|wattson|1099\n|player|p2|PSYCH0-MODE\ufe0f\ufe0f\ufe0f\u26a7\ufe0f|sabrina|1165\n|teamsize|p1|6\n|teamsize|p2|6\n|gen|9\n|tier|[Gen 9] National Dex Ubers\n|rated|\n|rule|HP Percentage Mod: HP is shown in percentages\n|rule|Endless Battle Clause: Forcing endless battles is banned\n|rule|OHKO Clause: OHKO moves are banned\n|rule|Evasion Moves Clause: Evasion moves are banned\n|rule|Evasion Items Clause: Evasion items are banned\n|rule|Species Clause: Limit one of each Pok\u00e9mon\n|rule|Sleep Clause Mod: Limit one foe put to sleep\n|rule|Mega Rayquaza Clause: You cannot mega evolve Rayquaza\n|clearpoke\n|poke|p1|Blaziken, M|\n|poke|p1|Aggron, M|\n|poke|p1|Manectric, F|\n|poke|p1|Flygon, F|\n|poke|p1|Milotic, F|\n|poke|p1|Latias, F|\n|poke|p2|Indeedee, M|\n|poke|p2|Braviary-Hisui, M|\n|poke|p2|Necrozma|\n|poke|p2|Mewtwo|\n|poke|p2|Lunala|\n|poke|p2|Arceus-Psychic|\n|teampreview\n|\n|t:|1698945399\n|start\n|switch|p1a: Manectric|Manectric, F, shiny|100\/100\n|switch|p2a: \ud83c\udf0c\ud83d\udd2eBRAVIARY\ud83d\udd2e\ud83c\udf0c|Braviary-Hisui, M, shiny|100\/100\n|turn|1\n|\n|t:|1698945408\n|switch|p2a: Indeedee|Indeedee, M|100\/100\n|-fieldstart|move: Psychic Terrain|[from] ability: Psychic Surge|[of] p2a: Indeedee\n|move|p1a: Manectric|Volt Switch|p2a: Indeedee\n|-damage|p2a: Indeedee|58\/100\n|\n|t:|1698945415\n|switch|p1a: Latias|Latias, F|100\/100|[from] Volt Switch\n|\n|upkeep\n|turn|2\n|\n|t:|1698945421\n|move|p1a: Latias|Light Screen|p1a: Latias\n|-sidestart|p1: Sapphire1O1|move: Light Screen\n|move|p2a: Indeedee|Future Sight|p1a: Latias\n|-start|p2a: Indeedee|move: Future Sight\n|\n|upkeep\n|turn|3\n|\n|t:|1698945431\n|switch|p2a: \ud83c\udf0c\ud83d\udd2eBRAVIARY\ud83d\udd2e\ud83c\udf0c|Braviary-Hisui, M, shiny|100\/100\n|move|p1a: Latias|Dragon Pulse|p2a: \ud83c\udf0c\ud83d\udd2eBRAVIARY\ud83d\udd2e\ud83c\udf0c\n|-damage|p2a: \ud83c\udf0c\ud83d\udd2eBRAVIARY\ud83d\udd2e\ud83c\udf0c|61\/100\n|\n|upkeep\n|turn|4\n|\n|t:|1698945440\n|move|p1a: Latias|Dragon Pulse|p2a: \ud83c\udf0c\ud83d\udd2eBRAVIARY\ud83d\udd2e\ud83c\udf0c\n|-damage|p2a: \ud83c\udf0c\ud83d\udd2eBRAVIARY\ud83d\udd2e\ud83c\udf0c|20\/100\n|move|p2a: \ud83c\udf0c\ud83d\udd2eBRAVIARY\ud83d\udd2e\ud83c\udf0c|Esper Wing|p1a: Latias\n|-resisted|p1a: Latias\n|-damage|p1a: Latias|86\/100\n|-boost|p2a: \ud83c\udf0c\ud83d\udd2eBRAVIARY\ud83d\udd2e\ud83c\udf0c|spe|1\n|\n|-end|p1a: Latias|move: Future Sight\n|-resisted|p1a: Latias\n|-damage|p1a: Latias|74\/100\n|upkeep\n|turn|5\n|\n|t:|1698945452\n|move|p1a: Latias|Dragon Pulse|p2a: \ud83c\udf0c\ud83d\udd2eBRAVIARY\ud83d\udd2e\ud83c\udf0c\n|-damage|p2a: \ud83c\udf0c\ud83d\udd2eBRAVIARY\ud83d\udd2e\ud83c\udf0c|0 fnt\n|faint|p2a: \ud83c\udf0c\ud83d\udd2eBRAVIARY\ud83d\udd2e\ud83c\udf0c\n|\n|upkeep\n|\n|t:|1698945459\n|switch|p2a: Lunala|Lunala|100\/100\n|turn|6\n|\n|t:|1698945469\n|move|p1a: Latias|Dragon Pulse|p2a: Lunala\n|-damage|p2a: Lunala|87\/100\n|move|p2a: Lunala|Moongeist Beam|p1a: Latias\n|-supereffective|p1a: Latias\n|-damage|p1a: Latias|32\/100\n|\n|-sideend|p1: Sapphire1O1|move: Light Screen\n|upkeep\n|turn|7\n|\n|t:|1698945479\n|move|p1a: Latias|Light Screen|p1a: Latias\n|-sidestart|p1: Sapphire1O1|move: Light Screen\n|move|p2a: Lunala|Moongeist Beam|p1a: Latias\n|-supereffective|p1a: Latias\n|-damage|p1a: Latias|0 fnt\n|faint|p1a: Latias\n|\n|upkeep\n|\n|t:|1698945488\n|switch|p1a: Blaze|Blaziken, M|100\/100\n|turn|8\n|\n|t:|1698945495\n|detailschange|p1a: Blaze|Blaziken-Mega, M\n|-mega|p1a: Blaze|Blaziken|Blazikenite\n|move|p1a: Blaze|Swords Dance|p1a: Blaze\n|-boost|p1a: Blaze|atk|2\n|-zpower|p2a: Lunala\n|move|p2a: Lunala|Shattered Psyche|p1a: Blaze|[zeffect]\n|-supereffective|p1a: Blaze\n|-damage|p1a: Blaze|0 fnt\n|faint|p1a: Blaze\n|\n|-fieldend|move: Psychic Terrain\n|upkeep\n|\n|t:|1698945507\n|switch|p1a: Manectric|Manectric, F, shiny|100\/100\n|turn|9\n|\n|t:|1698945512\n|switch|p2a: Indeedee|Indeedee, M|58\/100\n|-fieldstart|move: Psychic Terrain|[from] ability: Psychic Surge|[of] p2a: Indeedee\n|move|p1a: Manectric|Thunder Wave|p2a: Indeedee\n|-status|p2a: Indeedee|par\n|\n|upkeep\n|turn|10\n|\n|t:|1698945521\n|move|p1a: Manectric|Thunderbolt|p2a: Indeedee\n|-damage|p2a: Indeedee|2\/100 par\n|move|p2a: Indeedee|Future Sight|p1a: Manectric\n|-start|p2a: Indeedee|move: Future Sight\n|\n|upkeep\n|turn|11\n|\n|t:|1698945528\n|move|p1a: Manectric|Thunder Wave|p2a: Indeedee\n|-fail|p2a: Indeedee|par\n|move|p2a: Indeedee|Psychic|p1a: Manectric\n|-damage|p1a: Manectric|55\/100\n|\n|-sideend|p1: Sapphire1O1|move: Light Screen\n|upkeep\n|turn|12\n|\n|t:|1698945538\n|switch|p2a: Lunala|Lunala|87\/100\n|move|p1a: Manectric|Thunderbolt|p2a: Lunala\n|-damage|p2a: Lunala|58\/100\n|\n|-end|p1a: Manectric|move: Future Sight\n|-damage|p1a: Manectric|0 fnt\n|faint|p1a: Manectric\n|upkeep\n|\n|t:|1698945547\n|switch|p1a: Milotic|Milotic, F|100\/100\n|turn|13\n|\n|t:|1698945553\n|move|p2a: Lunala|Calm Mind|p2a: Lunala\n|-boost|p2a: Lunala|spa|1\n|-boost|p2a: Lunala|spd|1\n|move|p1a: Milotic|Toxic|p2a: Lunala\n|-status|p2a: Lunala|tox\n|\n|-damage|p2a: Lunala|52\/100 tox|[from] psn\n|-status|p1a: Milotic|brn|[from] item: Flame Orb\n|upkeep\n|turn|14\n|\n|t:|1698945567\n|move|p2a: Lunala|Expanding Force|p1a: Milotic\n|-damage|p1a: Milotic|20\/100 brn\n|move|p1a: Milotic|Surf|p2a: Lunala\n|-damage|p2a: Lunala|34\/100 tox\n|\n|-damage|p2a: Lunala|22\/100 tox|[from] psn\n|-damage|p1a: Milotic|14\/100 brn|[from] brn\n|upkeep\n|turn|15\n|\n|t:|1698945577\n|move|p2a: Lunala|Expanding Force|p1a: Milotic\n|-damage|p1a: Milotic|0 fnt\n|faint|p1a: Milotic\n|\n|-damage|p2a: Lunala|4\/100 tox|[from] psn\n|upkeep\n|\n|t:|1698945592\n|switch|p1a: Aggron|Aggron, M|100\/100\n|turn|16\n|\n|t:|1698945597\n|move|p2a: Lunala|Expanding Force|p1a: Aggron\n|-resisted|p1a: Aggron\n|-damage|p1a: Aggron|44\/100\n|move|p1a: Aggron|Iron Head|p2a: Lunala\n|-damage|p2a: Lunala|0 fnt\n|faint|p2a: Lunala\n|\n|-fieldend|move: Psychic Terrain\n|upkeep\n|\n|t:|1698945606\n|switch|p2a: Indeedee|Indeedee, M|2\/100 par\n|-fieldstart|move: Psychic Terrain|[from] ability: Psychic Surge|[of] p2a: Indeedee\n|turn|17\n|\n|t:|1698945611\n|move|p2a: Indeedee|Future Sight|p1a: Aggron\n|-start|p2a: Indeedee|move: Future Sight\n|move|p1a: Aggron|Iron Head|p2a: Indeedee\n|-damage|p2a: Indeedee|0 fnt\n|faint|p2a: Indeedee\n|\n|upkeep\n|\n|t:|1698945621\n|switch|p2a: \ud83c\udf0c\ud83d\udd2eNECROZMA\ud83d\udd2e\ud83c\udf0c|Necrozma|100\/100\n|turn|18\n|\n|t:|1698945631\n|-terastallize|p2a: \ud83c\udf0c\ud83d\udd2eNECROZMA\ud83d\udd2e\ud83c\udf0c|Psychic\n|move|p2a: \ud83c\udf0c\ud83d\udd2eNECROZMA\ud83d\udd2e\ud83c\udf0c|Expanding Force|p1a: Aggron\n|-resisted|p1a: Aggron\n|-damage|p1a: Aggron|0 fnt\n|faint|p1a: Aggron\n|\n|upkeep\n|\n|t:|1698945638\n|switch|p1a: Flygon|Flygon, F|100\/100\n|turn|19\n|\n|t:|1698945644\n|-terastallize|p1a: Flygon|Bug\n|move|p1a: Flygon|First Impression|p2a: \ud83c\udf0c\ud83d\udd2eNECROZMA\ud83d\udd2e\ud83c\udf0c\n|-activate|p2a: \ud83c\udf0c\ud83d\udd2eNECROZMA\ud83d\udd2e\ud83c\udf0c|move: Psychic Terrain\n|move|p2a: \ud83c\udf0c\ud83d\udd2eNECROZMA\ud83d\udd2e\ud83c\udf0c|Photon Geyser|p1a: Flygon\n|-enditem|p1a: Flygon|Focus Sash\n|-damage|p1a: Flygon|1\/100\n|\n|-end|p1a: Flygon|move: Future Sight\n|-damage|p1a: Flygon|0 fnt\n|faint|p1a: Flygon\n|\n|win|PSYCH0-MODE\ufe0f\ufe0f\ufe0f\u26a7\ufe0f\n|upkeep\n|raw|Sapphire1O1's rating: 1099 &rarr; <strong>1079<\/strong><br \/>(-20 for losing)\n|raw|PSYCH0-MODE\ufe0f\ufe0f\ufe0f\u26a7\ufe0f's rating: 1165 &rarr; <strong>1185<\/strong><br \/>(+20 for winning)\n|l|\u2606Sapphire1O1\n","uploadtime":1698945850,"views":9,"p1id":"sapphire1o1","p2id":"psych0mode","formatid":"gen9nationaldexubers","rating":1079,"private":0,"password":""}