{"id":"gen9nationaldexubers-1989236786","p1":"Razorgliscor472","p2":"Aroma Nobody","format":"[Gen 9] National Dex Ubers","log":"|j|\u2606Razorgliscor472\n|j|\u2606Aroma Nobody\n|t:|1699826569\n|gametype|singles\n|player|p1|Razorgliscor472|265|\n|player|p2|Aroma Nobody|turo-ai|\n|teamsize|p1|6\n|teamsize|p2|6\n|gen|9\n|tier|[Gen 9] National Dex Ubers\n|rule|HP Percentage Mod: HP is shown in percentages\n|rule|Endless Battle Clause: Forcing endless battles is banned\n|rule|OHKO Clause: OHKO moves are banned\n|rule|Evasion Moves Clause: Evasion moves are banned\n|rule|Evasion Items Clause: Evasion items are banned\n|rule|Species Clause: Limit one of each Pok\u00e9mon\n|rule|Sleep Clause Mod: Limit one foe put to sleep\n|rule|Mega Rayquaza Clause: You cannot mega evolve Rayquaza\n|clearpoke\n|poke|p1|Gliscor, M|\n|poke|p1|Garganacl, F|\n|poke|p1|Rotom-Wash|\n|poke|p1|Gholdengo|\n|poke|p1|Dragonite, F|\n|poke|p1|Sneasler, F|\n|poke|p2|Swampert, F|\n|poke|p2|Walking Wake|\n|poke|p2|Urshifu-*, M|\n|poke|p2|Pelipper, M|\n|poke|p2|Iron Bundle|\n|poke|p2|Thundurus-Therian, M|\n|teampreview\n|c|\u2606Aroma Nobody|glhf\n|\n|t:|1699826581\n|start\n|switch|p1a: Rotom|Rotom-Wash|100\/100\n|switch|p2a: Pelipper|Pelipper, M|100\/100\n|-weather|RainDance|[from] ability: Drizzle|[of] p2a: Pelipper\n|turn|1\n|\n|t:|1699826589\n|switch|p2a: Thundurus|Thundurus-Therian, M|100\/100\n|move|p1a: Rotom|Hydro Pump|p2a: Thundurus\n|-crit|p2a: Thundurus\n|-damage|p2a: Thundurus|0 fnt\n|faint|p2a: Thundurus\n|\n|-weather|RainDance|[upkeep]\n|upkeep\n|\n|t:|1699826595\n|switch|p2a: Swampert|Swampert, F|100\/100\n|turn|2\n|c|\u2606Razorgliscor472|Crit mightve mattered\n|\n|t:|1699826601\n|move|p1a: Rotom|Will-O-Wisp|p2a: Swampert\n|-status|p2a: Swampert|brn\n|move|p2a: Swampert|Stealth Rock|p1a: Rotom\n|-sidestart|p1: Razorgliscor472|move: Stealth Rock\n|\n|-weather|RainDance|[upkeep]\n|-damage|p2a: Swampert|94\/100 brn|[from] brn\n|upkeep\n|turn|3\n|\n|t:|1699826608\n|move|p1a: Rotom|Hydro Pump|p2a: Swampert\n|-damage|p2a: Swampert|53\/100 brn\n|move|p2a: Swampert|Roar|p1a: Rotom\n|drag|p1a: Garganacl|Garganacl, F|100\/100\n|-damage|p1a: Garganacl|88\/100|[from] Stealth Rock\n|\n|-weather|RainDance|[upkeep]\n|-heal|p2a: Swampert|59\/100 brn|[from] item: Leftovers\n|-heal|p1a: Garganacl|94\/100|[from] item: Leftovers\n|-damage|p2a: Swampert|53\/100 brn|[from] brn\n|upkeep\n|turn|4\n|c|\u2606Aroma Nobody|yeah it did, but oh well. Part of the game\n|\n|t:|1699826626\n|move|p2a: Swampert|Flip Turn|p1a: Garganacl\n|-supereffective|p1a: Garganacl\n|-damage|p1a: Garganacl|72\/100\n|\n|t:|1699826634\n|switch|p2a: Iron Bundle|Iron Bundle|100\/100|[from] Flip Turn\n|move|p1a: Garganacl|Salt Cure|p2a: Iron Bundle\n|-supereffective|p2a: Iron Bundle\n|-damage|p2a: Iron Bundle|67\/100\n|-start|p2a: Iron Bundle|Salt Cure\n|\n|-weather|RainDance|[upkeep]\n|-heal|p1a: Garganacl|78\/100|[from] item: Leftovers\n|-damage|p2a: Iron Bundle|42\/100|[from] Salt Cure\n|upkeep\n|turn|5\n|\n|t:|1699826654\n|move|p1a: Garganacl|Protect|p1a: Garganacl\n|-singleturn|p1a: Garganacl|Protect\n|move|p2a: Iron Bundle|Freeze-Dry|p1a: Garganacl\n|-activate|p1a: Garganacl|move: Protect\n|\n|-weather|none\n|-heal|p1a: Garganacl|84\/100|[from] item: Leftovers\n|-damage|p2a: Iron Bundle|17\/100|[from] Salt Cure\n|upkeep\n|turn|6\n|\n|t:|1699826691\n|switch|p1a: Rotom|Rotom-Wash|100\/100\n|-damage|p1a: Rotom|88\/100|[from] Stealth Rock\n|move|p2a: Iron Bundle|Freeze-Dry|p1a: Rotom\n|-supereffective|p1a: Rotom\n|-damage|p1a: Rotom|0 fnt\n|faint|p1a: Rotom\n|\n|-damage|p2a: Iron Bundle|0 fnt|[from] Salt Cure\n|faint|p2a: Iron Bundle\n|-end|p2a: Iron Bundle|Quark Drive|[silent]\n|upkeep\n|\n|t:|1699826715\n|switch|p2a: Walking Wake|Walking Wake|100\/100\n|switch|p1a: Sneasler|Sneasler, F|100\/100\n|-damage|p1a: Sneasler|95\/100|[from] Stealth Rock\n|turn|7\n|\n|t:|1699826728\n|-terastallize|p1a: Sneasler|Fighting\n|move|p2a: Walking Wake|Draco Meteor|p1a: Sneasler\n|-damage|p1a: Sneasler|0 fnt\n|-unboost|p2a: Walking Wake|spa|2\n|faint|p1a: Sneasler\n|\n|upkeep\n|\n|t:|1699826737\n|switch|p1a: Gholdengo|Gholdengo|100\/100\n|-damage|p1a: Gholdengo|94\/100|[from] Stealth Rock\n|turn|8\n|\n|t:|1699826742\n|-end|p2a: Walking Wake|Protosynthesis|[silent]\n|switch|p2a: Swampert|Swampert, F|53\/100 brn\n|move|p1a: Gholdengo|Shadow Ball|p2a: Swampert\n|-damage|p2a: Swampert|26\/100 brn\n|-unboost|p2a: Swampert|spd|1\n|\n|-heal|p2a: Swampert|32\/100 brn|[from] item: Leftovers\n|-damage|p2a: Swampert|26\/100 brn|[from] brn\n|upkeep\n|turn|9\n|\n|t:|1699826748\n|move|p1a: Gholdengo|Shadow Ball|p2a: Swampert\n|-damage|p2a: Swampert|0 fnt\n|faint|p2a: Swampert\n|\n|upkeep\n|\n|t:|1699826769\n|switch|p2a: Walking Wake|Walking Wake|100\/100\n|turn|10\n|\n|t:|1699826774\n|switch|p1a: Garganacl|Garganacl, F|84\/100\n|-damage|p1a: Garganacl|72\/100|[from] Stealth Rock\n|move|p2a: Walking Wake|Hydro Steam|p1a: Garganacl\n|-supereffective|p1a: Garganacl\n|-crit|p1a: Garganacl\n|-damage|p1a: Garganacl|0 fnt\n|faint|p1a: Garganacl\n|\n|upkeep\n|\n|t:|1699826778\n|switch|p1a: Dragonite|Dragonite, F|100\/100\n|turn|11\n|\n|t:|1699826788\n|-end|p2a: Walking Wake|Protosynthesis|[silent]\n|switch|p2a: Pelipper|Pelipper, M|100\/100\n|-weather|RainDance|[from] ability: Drizzle|[of] p2a: Pelipper\n|move|p1a: Dragonite|Dragon Dance|p1a: Dragonite\n|-boost|p1a: Dragonite|atk|1\n|-boost|p1a: Dragonite|spe|1\n|\n|-weather|RainDance|[upkeep]\n|upkeep\n|turn|12\n|\n|t:|1699826792\n|move|p1a: Dragonite|Dragon Dance|p1a: Dragonite\n|-boost|p1a: Dragonite|atk|1\n|-boost|p1a: Dragonite|spe|1\n|move|p2a: Pelipper|Hurricane|p1a: Dragonite\n|-damage|p1a: Dragonite|80\/100\n|\n|-weather|RainDance|[upkeep]\n|upkeep\n|turn|13\n|c|\u2606Aroma Nobody|gg\n|\n|t:|1699826798\n|move|p1a: Dragonite|Dual Wingbeat|p2a: Pelipper\n|-damage|p2a: Pelipper|66\/100\n|-damage|p2a: Pelipper|32\/100\n|-hitcount|p2a: Pelipper|2\n|move|p2a: Pelipper|Hurricane|p1a: Dragonite\n|-crit|p1a: Dragonite\n|-damage|p1a: Dragonite|23\/100\n|-start|p1a: Dragonite|confusion\n|\n|-weather|RainDance|[upkeep]\n|upkeep\n|turn|14\n|c|\u2606Aroma Nobody|oh I lived\n|c|\u2606Aroma Nobody|expected outrage ngl\n|\n|t:|1699826835\n|-activate|p1a: Dragonite|confusion\n|move|p1a: Dragonite|Roost|p1a: Dragonite\n|-heal|p1a: Dragonite|73\/100\n|-singleturn|p1a: Dragonite|move: Roost\n|move|p2a: Pelipper|Hurricane|p1a: Dragonite\n|-damage|p1a: Dragonite|36\/100\n|\n|-weather|RainDance|[upkeep]\n|upkeep\n|turn|15\n|\n|t:|1699826846\n|-activate|p1a: Dragonite|confusion\n|move|p1a: Dragonite|Roost|p1a: Dragonite\n|-heal|p1a: Dragonite|86\/100\n|-singleturn|p1a: Dragonite|move: Roost\n|move|p2a: Pelipper|Hurricane|p1a: Dragonite\n|-damage|p1a: Dragonite|48\/100\n|\n|-weather|none\n|upkeep\n|turn|16\n|\n|t:|1699826857\n|-activate|p1a: Dragonite|confusion\n|-damage|p1a: Dragonite|15\/100|[from] confusion\n|move|p2a: Pelipper|Hurricane|p1a: Dragonite\n|-damage|p1a: Dragonite|0 fnt\n|faint|p1a: Dragonite\n|\n|upkeep\n|\n|t:|1699826860\n|switch|p1a: Gholdengo|Gholdengo|94\/100\n|-damage|p1a: Gholdengo|88\/100|[from] Stealth Rock\n|turn|17\n|\n|t:|1699826864\n|switch|p2a: Urshifu|Urshifu-Rapid-Strike, M|100\/100\n|move|p1a: Gholdengo|Shadow Ball|p2a: Urshifu\n|-damage|p2a: Urshifu|33\/100\n|\n|upkeep\n|turn|18\n|c|\u2606Razorgliscor472|Omg L\n|\n|t:|1699826869\n|move|p1a: Gholdengo|Shadow Ball|p2a: Urshifu\n|-damage|p2a: Urshifu|0 fnt\n|faint|p2a: Urshifu\n|\n|upkeep\n|\n|t:|1699826872\n|switch|p2a: Pelipper|Pelipper, M|32\/100\n|-weather|RainDance|[from] ability: Drizzle|[of] p2a: Pelipper\n|turn|19\n|\n|t:|1699826877\n|move|p1a: Gholdengo|Shadow Ball|p2a: Pelipper\n|-damage|p2a: Pelipper|0 fnt\n|faint|p2a: Pelipper\n|\n|-weather|RainDance|[upkeep]\n|upkeep\n|\n|t:|1699826883\n|switch|p2a: Walking Wake|Walking Wake|100\/100\n|turn|20\n|c|\u2606Razorgliscor472|Ok so fun fact\n|c|\u2606Razorgliscor472|I used the wrong team\n|c|\u2606Razorgliscor472|:KekW:\n|\n|t:|1699826895\n|-terastallize|p2a: Walking Wake|Water\n|move|p2a: Walking Wake|Hydro Steam|p1a: Gholdengo\n|-damage|p1a: Gholdengo|0 fnt\n|faint|p1a: Gholdengo\n|\n|-weather|RainDance|[upkeep]\n|upkeep\n|\n|t:|1699826897\n|switch|p1a: Gliscor|Gliscor, M|100\/100\n|-damage|p1a: Gliscor|88\/100|[from] Stealth Rock\n|turn|21\n|c|\u2606Aroma Nobody|oof, I've done that\n|\n|t:|1699826905\n|move|p2a: Walking Wake|Hydro Steam|p1a: Gliscor\n|-supereffective|p1a: Gliscor\n|-damage|p1a: Gliscor|0 fnt\n|faint|p1a: Gliscor\n|\n|win|Aroma Nobody\n|l|\u2606Razorgliscor472\n|c|\u2606Aroma Nobody|confusion mattered too which sucks D:\n|l|\u2606Aroma Nobody\n|j|\u2606Aroma Nobody\n|player|p2|Aroma Nobody|turo-ai\n","uploadtime":1699826930,"views":6,"p1id":"razorgliscor472","p2id":"aromanobody","formatid":"gen9nationaldexubers","rating":0,"private":0,"password":""}