{"id":"gen9nationaldexubers-1983311306","p1":"aplestick","p2":"SuperOinge22","format":"[Gen 9] National Dex Ubers","log":"|j|\u2606aplestick\n|j|\u2606SuperOinge22\n|t:|1699116915\n|gametype|singles\n|player|p1|aplestick|silver|\n|player|p2|SuperOinge22|101|\n|teamsize|p1|6\n|teamsize|p2|6\n|gen|9\n|tier|[Gen 9] National Dex Ubers\n|rule|HP Percentage Mod: HP is shown in percentages\n|rule|Endless Battle Clause: Forcing endless battles is banned\n|rule|OHKO Clause: OHKO moves are banned\n|rule|Evasion Moves Clause: Evasion moves are banned\n|rule|Evasion Items Clause: Evasion items are banned\n|rule|Species Clause: Limit one of each Pok\u00e9mon\n|rule|Sleep Clause Mod: Limit one foe put to sleep\n|rule|Mega Rayquaza Clause: You cannot mega evolve Rayquaza\n|clearpoke\n|poke|p1|Annihilape, F|\n|poke|p1|Tapu Koko|\n|poke|p1|Veluza, M|\n|poke|p1|Kleavor, F|\n|poke|p1|Aerodactyl, M|\n|poke|p1|Iron Moth|\n|poke|p2|Mew|\n|poke|p2|Tapu Fini|\n|poke|p2|Sharpedo, M|\n|poke|p2|Armarouge, M|\n|poke|p2|Iron Treads|\n|poke|p2|Jigglypuff, M|\n|teampreview\n|j| The23rdPower\n|c|\u2606SuperOinge22|Here we go\n|c| The23rdPower|The23rdPower.\n|c| The23rdPower|Hello\n|\n|t:|1699116967\n|start\n|switch|p1a: Annihilape|Annihilape, F|100\/100\n|switch|p2a: Iron Treads|Iron Treads|100\/100\n|turn|1\n|\n|t:|1699116980\n|-end|p2a: Iron Treads|Quark Drive|[silent]\n|switch|p2a: Tapu Fini|Tapu Fini|100\/100\n|-fieldstart|move: Misty Terrain|[from] ability: Misty Surge|[of] p2a: Tapu Fini\n|move|p1a: Annihilape|Bulk Up|p1a: Annihilape\n|-boost|p1a: Annihilape|atk|1\n|-boost|p1a: Annihilape|def|1\n|\n|upkeep\n|turn|2\n|\n|t:|1699116989\n|switch|p1a: Tapu Koko|Tapu Koko, shiny|100\/100\n|-fieldstart|move: Electric Terrain|[from] ability: Electric Surge|[of] p1a: Tapu Koko\n|move|p2a: Tapu Fini|Calm Mind|p2a: Tapu Fini\n|-boost|p2a: Tapu Fini|spa|1\n|-boost|p2a: Tapu Fini|spd|1\n|\n|upkeep\n|turn|3\n|c| The23rdPower|Domain clash\n|\n|t:|1699117003\n|switch|p2a: Iron Treads|Iron Treads|100\/100\n|-activate|p2a: Iron Treads|ability: Quark Drive\n|-start|p2a: Iron Treads|quarkdrivespe\n|move|p1a: Tapu Koko|Light Screen|p1a: Tapu Koko\n|-sidestart|p1: aplestick|move: Light Screen\n|\n|upkeep\n|turn|4\n|j| Tudedude_cooldude\n|\n|t:|1699117021\n|switch|p1a: Annihilape|Annihilape, F|100\/100\n|move|p2a: Iron Treads|Ice Spinner|p1a: Annihilape\n|-damage|p1a: Annihilape|66\/100\n|-fieldend|move: Electric Terrain\n|-end|p2a: Iron Treads|Quark Drive\n|\n|-heal|p1a: Annihilape|72\/100|[from] item: Leftovers\n|upkeep\n|turn|5\n|\n|t:|1699117039\n|-end|p2a: Iron Treads|Quark Drive|[silent]\n|switch|p2a: Jigglypuff|Jigglypuff, M|100\/100\n|move|p1a: Annihilape|Drain Punch|p2a: Jigglypuff\n|-damage|p2a: Jigglypuff|68\/100\n|-heal|p1a: Annihilape|89\/100|[from] drain|[of] p2a: Jigglypuff\n|\n|-heal|p1a: Annihilape|95\/100|[from] item: Leftovers\n|upkeep\n|turn|6\n|j| Ibitak\n|\n|t:|1699117061\n|move|p1a: Annihilape|Rage Fist|p2a: Jigglypuff\n|-immune|p2a: Jigglypuff\n|move|p2a: Jigglypuff|Toxic|p1a: Annihilape\n|-status|p1a: Annihilape|tox\n|\n|-heal|p1a: Annihilape|100\/100 tox|[from] item: Leftovers\n|-damage|p1a: Annihilape|94\/100 tox|[from] psn\n|upkeep\n|turn|7\n|c|\u2606SuperOinge22|Oh dear\n|c| Ibitak|oh\n|\n|t:|1699117090\n|switch|p1a: Iron Moth|Iron Moth|100\/100\n|move|p2a: Jigglypuff|Psywave|p1a: Iron Moth\n|-damage|p1a: Iron Moth|52\/100\n|\n|-sideend|p1: aplestick|move: Light Screen\n|upkeep\n|turn|8\n|\n|t:|1699117112\n|move|p2a: Jigglypuff|Protect|p2a: Jigglypuff\n|-singleturn|p2a: Jigglypuff|Protect\n|move|p1a: Iron Moth|Sludge Wave|p2a: Jigglypuff\n|-activate|p2a: Jigglypuff|move: Protect\n|\n|upkeep\n|turn|9\n|\n|t:|1699117123\n|switch|p2a: Sharpedo|Sharpedo, M|100\/100\n|move|p1a: Iron Moth|Fiery Dance|p2a: Sharpedo\n|-resisted|p2a: Sharpedo\n|-damage|p2a: Sharpedo|38\/100\n|-boost|p1a: Iron Moth|spa|1\n|\n|upkeep\n|turn|10\n|\n|t:|1699117138\n|move|p2a: Sharpedo|Protect|p2a: Sharpedo\n|-singleturn|p2a: Sharpedo|Protect\n|move|p1a: Iron Moth|Energy Ball|p2a: Sharpedo\n|-activate|p2a: Sharpedo|move: Protect\n|\n|-ability|p2a: Sharpedo|Speed Boost|boost\n|-boost|p2a: Sharpedo|spe|1\n|upkeep\n|turn|11\n|c| The23rdPower|I thought for a second you were Rough Skin\n|c|\u2606aplestick|?\n|c|\u2606aplestick|Mega?\n|\n|t:|1699117170\n|detailschange|p2a: Sharpedo|Sharpedo-Mega, M\n|-mega|p2a: Sharpedo|Sharpedo|Sharpedonite\n|move|p2a: Sharpedo|Liquidation|p1a: Iron Moth\n|-supereffective|p1a: Iron Moth\n|-damage|p1a: Iron Moth|0 fnt\n|faint|p1a: Iron Moth\n|-end|p1a: Iron Moth|Quark Drive|[silent]\n|\n|upkeep\n|\n|t:|1699117174\n|switch|p1a: Tapu Koko|Tapu Koko, shiny|100\/100\n|-fieldstart|move: Electric Terrain|[from] ability: Electric Surge|[of] p1a: Tapu Koko\n|turn|12\n|\n|t:|1699117194\n|move|p2a: Sharpedo|Liquidation|p1a: Tapu Koko\n|-crit|p1a: Tapu Koko\n|-damage|p1a: Tapu Koko|0 fnt\n|faint|p1a: Tapu Koko\n|\n|upkeep\n|c|\u2606SuperOinge22|Oh dear\n|\n|t:|1699117207\n|switch|p1a: Annihilape|Annihilape, F|94\/100 tox\n|turn|13\n|\n|t:|1699117212\n|move|p2a: Sharpedo|Psychic Fangs|p1a: Annihilape\n|-supereffective|p1a: Annihilape\n|-damage|p1a: Annihilape|0 fnt\n|faint|p1a: Annihilape\n|\n|upkeep\n|c| Ibitak|yeah that crit mattered\n|c|\u2606SuperOinge22|Good job sharpedo\n|\n|t:|1699117226\n|switch|p1a: Kleavor|Kleavor, F|100\/100\n|turn|14\n|\n|t:|1699117233\n|move|p2a: Sharpedo|Liquidation|p1a: Kleavor\n|-supereffective|p1a: Kleavor\n|-damage|p1a: Kleavor|0 fnt\n|faint|p1a: Kleavor\n|\n|upkeep\n|c| The23rdPower|Jigg\n|\n|t:|1699117240\n|switch|p1a: Aerodactyl|Aerodactyl, M, shiny|100\/100\n|turn|15\n|c| The23rdPower|gally\n|\n|t:|1699117245\n|detailschange|p1a: Aerodactyl|Aerodactyl-Mega, M, shiny\n|-mega|p1a: Aerodactyl|Aerodactyl|Aerodactylite\n|move|p2a: Sharpedo|Liquidation|p1a: Aerodactyl\n|-supereffective|p1a: Aerodactyl\n|-damage|p1a: Aerodactyl|0 fnt\n|faint|p1a: Aerodactyl\n|\n|upkeep\n|c| The23rdPower|puff\n|\n|t:|1699117248\n|switch|p1a: Veluza|Veluza, M|100\/100\n|turn|16\n|c| The23rdPower|-Tude\n|l| Ibitak\n|\n|t:|1699117258\n|switch|p2a: Mew|Mew|100\/100\n|-terastallize|p1a: Veluza|Normal\n|move|p1a: Veluza|Fillet Away|p1a: Veluza\n|-boost|p1a: Veluza|atk|2\n|-boost|p1a: Veluza|spa|2\n|-boost|p1a: Veluza|spe|2\n|-enditem|p2a: Mew|Mirror Herb\n|-boost|p2a: Mew|atk|2|[from] item: Mirror Herb\n|-boost|p2a: Mew|spa|2|[from] item: Mirror Herb\n|-boost|p2a: Mew|spe|2|[from] item: Mirror Herb\n|-damage|p1a: Veluza|51\/100\n|\n|-fieldend|move: Electric Terrain\n|upkeep\n|turn|17\n|\n|t:|1699117273\n|move|p2a: Mew|Psychic|p1a: Veluza\n|-damage|p1a: Veluza|0 fnt\n|faint|p1a: Veluza\n|\n|win|SuperOinge22\n|c|\u2606SuperOinge22|Gg\n|l|\u2606aplestick\n","uploadtime":1699117286,"views":22,"p1id":"aplestick","p2id":"superoinge22","formatid":"gen9nationaldexubers","rating":0,"private":0,"password":""}