{"id":"gen9nationaldexubers-1994047251","p1":"ali6666","p2":"edcearense","format":"[Gen 9] National Dex Ubers","log":"|j|\u2606ali6666\n|j|\u2606edcearense\n|t:|1700399469\n|gametype|singles\n|player|p1|ali6666|red|1155\n|player|p2|edcearense|wallace|1056\n|teamsize|p1|6\n|teamsize|p2|6\n|gen|9\n|tier|[Gen 9] National Dex Ubers\n|rated|\n|rule|HP Percentage Mod: HP is shown in percentages\n|rule|Endless Battle Clause: Forcing endless battles is banned\n|rule|OHKO Clause: OHKO moves are banned\n|rule|Evasion Moves Clause: Evasion moves are banned\n|rule|Evasion Items Clause: Evasion items are banned\n|rule|Species Clause: Limit one of each Pok\u00e9mon\n|rule|Sleep Clause Mod: Limit one foe put to sleep\n|rule|Mega Rayquaza Clause: You cannot mega evolve Rayquaza\n|clearpoke\n|poke|p1|Darkrai|\n|poke|p1|Mewtwo|\n|poke|p1|Zacian-*|\n|poke|p1|Necrozma-Dawn-Wings|\n|poke|p1|Charizard, M|\n|poke|p1|Kyogre|\n|poke|p2|Kyogre|\n|poke|p2|Gyarados, M|\n|poke|p2|Kingdra, F|\n|poke|p2|Rotom-Wash|\n|poke|p2|Politoed, F|\n|poke|p2|Tapu Fini|\n|teampreview\n|inactive|Battle timer is ON: inactive players will automatically lose when time's up. (requested by ali6666)\n|c|\u2606ali6666|Glhf\n|\n|t:|1700399483\n|start\n|switch|p1a: Charizard|Charizard, M, shiny|100\/100\n|switch|p2a: Gyarados|Gyarados, M, shiny|100\/100\n|-ability|p2a: Gyarados|Intimidate|boost\n|-unboost|p1a: Charizard|atk|1\n|turn|1\n|c|\u2606ali6666|!weakness gyrados\n|c| ali6666|\/raw <div class=\"infobox\">gyrados isn't a recognized type or Pokemon.<\/div>\n|inactive|ali6666 has 120 seconds left.\n|c|\u2606ali6666|!weakness Gyarados\n|c| ali6666|\/raw <div class=\"infobox\">Gyarados (ignoring abilities):<br \/><span class=\"message-effect-weak\">Weaknesses<\/span>: <b>Electric<\/b>, Rock<br \/><span class=\"message-effect-resist\">Resistances<\/span>: Bug, Fighting, Fire, Steel, Water<br \/><span class=\"message-effect-immune\">Immunities<\/span>: Ground<\/div>\n|\n|t:|1700399531\n|detailschange|p1a: Charizard|Charizard-Mega-Y, M, shiny\n|-mega|p1a: Charizard|Charizard|Charizardite Y\n|-weather|SunnyDay|[from] ability: Drought|[of] p1a: Charizard\n|detailschange|p2a: Gyarados|Gyarados-Mega, M, shiny\n|-mega|p2a: Gyarados|Gyarados|Gyaradosite\n|-ability|p2a: Gyarados|Mold Breaker\n|move|p1a: Charizard|Solar Beam||[still]\n|-prepare|p1a: Charizard|Solar Beam\n|-anim|p1a: Charizard|Solar Beam|p2a: Gyarados\n|-supereffective|p2a: Gyarados\n|-damage|p2a: Gyarados|13\/100\n|move|p2a: Gyarados|Dragon Dance|p2a: Gyarados\n|-boost|p2a: Gyarados|atk|1\n|-boost|p2a: Gyarados|spe|1\n|\n|-weather|SunnyDay|[upkeep]\n|upkeep\n|turn|2\n|\n|t:|1700399552\n|move|p2a: Gyarados|Crunch|p1a: Charizard\n|-crit|p1a: Charizard\n|-damage|p1a: Charizard|0 fnt\n|faint|p1a: Charizard\n|\n|-weather|SunnyDay|[upkeep]\n|upkeep\n|\n|t:|1700399558\n|switch|p1a: Mewtwo|Mewtwo|100\/100\n|-ability|p1a: Mewtwo|Pressure\n|turn|3\n|\n|t:|1700399562\n|move|p1a: Mewtwo|Dark Pulse|p2a: Gyarados\n|-resisted|p2a: Gyarados\n|-damage|p2a: Gyarados|1\/100\n|move|p2a: Gyarados|Crunch|p1a: Mewtwo\n|-supereffective|p1a: Mewtwo\n|-damage|p1a: Mewtwo|0 fnt\n|faint|p1a: Mewtwo\n|\n|-weather|SunnyDay|[upkeep]\n|upkeep\n|\n|t:|1700399575\n|switch|p1a: Zacian|Zacian-Crowned, shiny|100\/100\n|-ability|p1a: Zacian|Intrepid Sword|boost\n|-boost|p1a: Zacian|atk|1\n|turn|4\n|\n|t:|1700399580\n|move|p1a: Zacian|Behemoth Blade|p2a: Gyarados\n|-resisted|p2a: Gyarados\n|-damage|p2a: Gyarados|0 fnt\n|faint|p2a: Gyarados\n|\n|-weather|SunnyDay|[upkeep]\n|upkeep\n|\n|t:|1700399587\n|switch|p2a: Politoed|Politoed, F|100\/100\n|-weather|RainDance|[from] ability: Drizzle|[of] p2a: Politoed\n|turn|5\n|\n|t:|1700399593\n|move|p2a: Politoed|Protect|p2a: Politoed\n|-singleturn|p2a: Politoed|Protect\n|move|p1a: Zacian|Behemoth Blade|p2a: Politoed\n|-activate|p2a: Politoed|move: Protect\n|\n|-weather|RainDance|[upkeep]\n|upkeep\n|turn|6\n|\n|t:|1700399602\n|move|p1a: Zacian|Behemoth Blade|p2a: Politoed\n|-resisted|p2a: Politoed\n|-damage|p2a: Politoed|65\/100\n|move|p2a: Politoed|Scald|p1a: Zacian\n|-damage|p1a: Zacian|66\/100\n|\n|-weather|RainDance|[upkeep]\n|upkeep\n|turn|7\n|\n|t:|1700399612\n|-terastallize|p2a: Politoed|Water\n|move|p1a: Zacian|Close Combat|p2a: Politoed\n|-damage|p2a: Politoed|10\/100\n|-unboost|p1a: Zacian|def|1\n|-unboost|p1a: Zacian|spd|1\n|move|p2a: Politoed|Scald|p1a: Zacian\n|-damage|p1a: Zacian|0 fnt\n|faint|p1a: Zacian\n|\n|-weather|RainDance|[upkeep]\n|upkeep\n|\n|t:|1700399622\n|switch|p1a: Kyogre|Kyogre, shiny|100\/100\n|detailschange|p1a: Kyogre|Kyogre-Primal, shiny\n|-primal|p1a: Kyogre|Blue Orb\n|-weather|PrimordialSea|[from] ability: Primordial Sea|[of] p1a: Kyogre\n|turn|8\n|\n|t:|1700399632\n|move|p1a: Kyogre|Thunder|p2a: Politoed\n|-supereffective|p2a: Politoed\n|-damage|p2a: Politoed|0 fnt\n|faint|p2a: Politoed\n|\n|-weather|PrimordialSea|[upkeep]\n|upkeep\n|\n|t:|1700399638\n|switch|p2a: Rotom|Rotom-Wash, shiny|100\/100\n|turn|9\n|\n|t:|1700399648\n|move|p1a: Kyogre|Toxic|p2a: Rotom\n|-status|p2a: Rotom|tox\n|move|p2a: Rotom|Thunder|p1a: Kyogre\n|-supereffective|p1a: Kyogre\n|-damage|p1a: Kyogre|31\/100\n|\n|-weather|PrimordialSea|[upkeep]\n|-damage|p2a: Rotom|94\/100 tox|[from] psn\n|upkeep\n|turn|10\n|\n|t:|1700399657\n|-weather|none\n|switch|p1a: DEATH|Darkrai, shiny|100\/100\n|move|p2a: Rotom|Thunder|p1a: DEATH\n|-damage|p1a: DEATH|38\/100\n|\n|-damage|p2a: Rotom|82\/100 tox|[from] psn\n|upkeep\n|turn|11\n|\n|t:|1700399668\n|-zpower|p1a: DEATH\n|move|p1a: DEATH|Black Hole Eclipse|p2a: Rotom|[zeffect]\n|-damage|p2a: Rotom|0 fnt\n|faint|p2a: Rotom\n|\n|upkeep\n|\n|t:|1700399678\n|switch|p2a: Tapu Fini|Tapu Fini, shiny|100\/100\n|-fieldstart|move: Misty Terrain|[from] ability: Misty Surge|[of] p2a: Tapu Fini\n|turn|12\n|\n|t:|1700399691\n|move|p2a: Tapu Fini|Moonblast|p1a: DEATH\n|-supereffective|p1a: DEATH\n|-damage|p1a: DEATH|0 fnt\n|faint|p1a: DEATH\n|\n|upkeep\n|\n|t:|1700399695\n|switch|p1a: Necrozma|Necrozma-Dawn-Wings|100\/100\n|turn|13\n|\n|t:|1700399709\n|detailschange|p1a: Necrozma|Necrozma-Ultra\n|-burst|p1a: Necrozma|Necrozma|Ultranecrozium Z\n|move|p2a: Tapu Fini|Moonblast|p1a: Necrozma\n|-supereffective|p1a: Necrozma\n|-damage|p1a: Necrozma|23\/100\n|move|p1a: Necrozma|Photon Geyser|p2a: Tapu Fini\n|-damage|p2a: Tapu Fini|29\/100\n|\n|upkeep\n|turn|14\n|\n|t:|1700399725\n|switch|p1a: Kyogre|Kyogre-Primal, shiny|31\/100\n|-weather|PrimordialSea|[from] ability: Primordial Sea|[of] p1a: Kyogre\n|move|p2a: Tapu Fini|Moonblast|p1a: Kyogre\n|-damage|p1a: Kyogre|3\/100\n|\n|-weather|PrimordialSea|[upkeep]\n|upkeep\n|turn|15\n|\n|t:|1700399733\n|move|p2a: Tapu Fini|Moonblast|p1a: Kyogre\n|-damage|p1a: Kyogre|0 fnt\n|faint|p1a: Kyogre\n|-weather|none\n|\n|upkeep\n|-message|ali6666 forfeited.\n|\n|win|edcearense\n|raw|ali6666's rating: 1155 &rarr; <strong>1123<\/strong><br \/>(-32 for losing)\n|raw|edcearense's rating: 1056 &rarr; <strong>1096<\/strong><br \/>(+40 for winning)\n|l|\u2606ali6666\n","uploadtime":1700399748,"views":10,"p1id":"ali6666","p2id":"edcearense","formatid":"gen9nationaldexubers","rating":1096,"private":0,"password":""}