{"id":"gen9nationaldexubers-1979683025","p1":"dumboffaperc","p2":"pandigaymer","format":"[Gen 9] National Dex Ubers","log":"|j|\u2606dumboffaperc\n|j|\u2606pandigaymer\n|t:|1698702925\n|gametype|singles\n|player|p1|dumboffaperc|swimmer-gen4dp|1388\n|player|p2|pandigaymer|170|1429\n|teamsize|p1|6\n|teamsize|p2|6\n|gen|9\n|tier|[Gen 9] National Dex Ubers\n|rated|\n|rule|HP Percentage Mod: HP is shown in percentages\n|rule|Endless Battle Clause: Forcing endless battles is banned\n|rule|OHKO Clause: OHKO moves are banned\n|rule|Evasion Moves Clause: Evasion moves are banned\n|rule|Evasion Items Clause: Evasion items are banned\n|rule|Species Clause: Limit one of each Pok\u00e9mon\n|rule|Sleep Clause Mod: Limit one foe put to sleep\n|rule|Mega Rayquaza Clause: You cannot mega evolve Rayquaza\n|clearpoke\n|poke|p1|Lucario, F|\n|poke|p1|Landorus, M|\n|poke|p1|Ditto|\n|poke|p1|Shuckle, F|\n|poke|p1|Gholdengo|\n|poke|p1|Palafin, F|\n|poke|p2|Kyogre|\n|poke|p2|Dracovish|\n|poke|p2|Zacian-*|\n|poke|p2|Necrozma-Dawn-Wings|\n|poke|p2|Basculegion, M|\n|poke|p2|Lucario, F|\n|teampreview\n|inactive|Battle timer is ON: inactive players will automatically lose when time's up. (requested by dumboffaperc)\n|\n|t:|1698702934\n|start\n|switch|p1a: Shuckle|Shuckle, F|100\/100\n|switch|p2a: Kyogre|Kyogre|100\/100\n|detailschange|p2a: Kyogre|Kyogre-Primal\n|-primal|p2a: Kyogre|Blue Orb\n|-weather|PrimordialSea|[from] ability: Primordial Sea|[of] p2a: Kyogre\n|turn|1\n|\n|t:|1698702942\n|move|p2a: Kyogre|Thunder|p1a: Shuckle\n|-damage|p1a: Shuckle|65\/100\n|-status|p1a: Shuckle|par\n|move|p1a: Shuckle|Sticky Web|p2a: Kyogre\n|-sidestart|p2: pandigaymer|move: Sticky Web\n|\n|-weather|PrimordialSea|[upkeep]\n|upkeep\n|turn|2\n|\n|t:|1698702949\n|move|p2a: Kyogre|Origin Pulse|p1a: Shuckle\n|-supereffective|p1a: Shuckle\n|-damage|p1a: Shuckle|0 fnt\n|faint|p1a: Shuckle\n|\n|-weather|PrimordialSea|[upkeep]\n|upkeep\n|\n|t:|1698702954\n|switch|p1a: Ditto|Ditto|100\/100\n|-transform|p1a: Ditto|p2a: Kyogre|[from] ability: Imposter\n|turn|3\n|\n|t:|1698702959\n|move|p1a: Ditto|Thunder|p2a: Kyogre\n|-supereffective|p2a: Kyogre\n|-damage|p2a: Kyogre|32\/100\n|move|p2a: Kyogre|Thunder|p1a: Ditto\n|-supereffective|p1a: Ditto\n|-damage|p1a: Ditto|19\/100\n|\n|-weather|PrimordialSea|[upkeep]\n|upkeep\n|turn|4\n|\n|t:|1698702965\n|move|p1a: Ditto|Thunder|p2a: Kyogre\n|-supereffective|p2a: Kyogre\n|-damage|p2a: Kyogre|0 fnt\n|faint|p2a: Kyogre\n|\n|-weather|PrimordialSea|[upkeep]\n|upkeep\n|\n|t:|1698702979\n|switch|p2a: Lucario|Lucario, F|100\/100\n|-activate|p2a: Lucario|move: Sticky Web\n|-unboost|p2a: Lucario|spe|1\n|turn|5\n|\n|t:|1698702992\n|-weather|none\n|switch|p1a: Gholdengo|Gholdengo|100\/100\n|detailschange|p2a: Lucario|Lucario-Mega, F\n|-mega|p2a: Lucario|Lucario|Lucarionite\n|move|p2a: Lucario|Bullet Punch|p1a: Gholdengo\n|-resisted|p1a: Gholdengo\n|-damage|p1a: Gholdengo|83\/100\n|\n|upkeep\n|turn|6\n|\n|t:|1698703000\n|move|p1a: Gholdengo|Nasty Plot|p1a: Gholdengo\n|-boost|p1a: Gholdengo|spa|2\n|move|p2a: Lucario|Swords Dance|p2a: Lucario\n|-boost|p2a: Lucario|atk|2\n|\n|upkeep\n|turn|7\n|\n|t:|1698703007\n|move|p1a: Gholdengo|Shadow Ball|p2a: Lucario\n|-damage|p2a: Lucario|0 fnt\n|faint|p2a: Lucario\n|\n|upkeep\n|\n|t:|1698703014\n|switch|p2a: Necrozma|Necrozma-Dawn-Wings|100\/100\n|-activate|p2a: Necrozma|move: Sticky Web\n|-unboost|p2a: Necrozma|spe|1\n|turn|8\n|\n|t:|1698703019\n|detailschange|p2a: Necrozma|Necrozma-Ultra\n|-burst|p2a: Necrozma|Necrozma|Ultranecrozium Z\n|move|p1a: Gholdengo|Shadow Ball|p2a: Necrozma\n|-supereffective|p2a: Necrozma\n|-damage|p2a: Necrozma|0 fnt\n|faint|p2a: Necrozma\n|\n|upkeep\n|-message|pandigaymer forfeited.\n|\n|win|dumboffaperc\n|raw|dumboffaperc's rating: 1388 &rarr; <strong>1410<\/strong><br \/>(+22 for winning)\n|raw|pandigaymer's rating: 1429 &rarr; <strong>1407<\/strong><br \/>(-22 for losing)\n|l|\u2606dumboffaperc\n|l|\u2606pandigaymer\n|j|\u2606dumboffaperc\n|player|p1|dumboffaperc|swimmer-gen4dp\n","uploadtime":1698703140,"views":12,"p1id":"dumboffaperc","p2id":"pandigaymer","formatid":"gen9nationaldexubers","rating":1407,"private":0,"password":""}