{"id":"gen9nationaldexubers-1996897100","p1":"pokemonmaster897","p2":"ryan_farhan","format":"[Gen 9] National Dex Ubers","log":"|j|\u2606pokemonmaster897\n|j|\u2606ryan_farhan\n|t:|1700741886\n|gametype|singles\n|player|p1|pokemonmaster897|steven|1142\n|player|p2|ryan_farhan|101|1125\n|teamsize|p1|6\n|teamsize|p2|6\n|gen|9\n|tier|[Gen 9] National Dex Ubers\n|rated|\n|rule|HP Percentage Mod: HP is shown in percentages\n|rule|Endless Battle Clause: Forcing endless battles is banned\n|rule|OHKO Clause: OHKO moves are banned\n|rule|Evasion Moves Clause: Evasion moves are banned\n|rule|Evasion Items Clause: Evasion items are banned\n|rule|Species Clause: Limit one of each Pok\u00e9mon\n|rule|Sleep Clause Mod: Limit one foe put to sleep\n|rule|Mega Rayquaza Clause: You cannot mega evolve Rayquaza\n|clearpoke\n|poke|p1|Kyogre|\n|poke|p1|Pheromosa|\n|poke|p1|Zacian-*|\n|poke|p1|Groudon|\n|poke|p1|Marshadow|\n|poke|p1|Alakazam, M|\n|poke|p2|Pikachu, M|\n|poke|p2|Lucario, M|\n|poke|p2|Dragonite, F|\n|poke|p2|Gengar, M|\n|poke|p2|Sirfetch\u2019d, M|\n|poke|p2|Dracovish|\n|teampreview\n|\n|t:|1700741892\n|start\n|switch|p1a: Alakazam|Alakazam, M|100\/100\n|switch|p2a: Lucario|Lucario, M|100\/100\n|turn|1\n|\n|t:|1700741900\n|detailschange|p2a: Lucario|Lucario-Mega, M\n|-mega|p2a: Lucario|Lucario|Lucarionite\n|move|p1a: Alakazam|Nasty Plot|p1a: Alakazam\n|-boost|p1a: Alakazam|spa|2\n|move|p2a: Lucario|Dark Pulse|p1a: Alakazam\n|-supereffective|p1a: Alakazam\n|-damage|p1a: Alakazam|11\/100\n|\n|upkeep\n|turn|2\n|\n|t:|1700741908\n|move|p2a: Lucario|Vacuum Wave|p1a: Alakazam\n|-resisted|p1a: Alakazam\n|-damage|p1a: Alakazam|0 fnt\n|faint|p1a: Alakazam\n|\n|upkeep\n|\n|t:|1700741914\n|switch|p1a: Kyogre|Kyogre|100\/100\n|detailschange|p1a: Kyogre|Kyogre-Primal\n|-primal|p1a: Kyogre|Blue Orb\n|-weather|PrimordialSea|[from] ability: Primordial Sea|[of] p1a: Kyogre\n|turn|3\n|\n|t:|1700741923\n|move|p2a: Lucario|Aura Sphere|p1a: Kyogre\n|-damage|p1a: Kyogre|61\/100\n|move|p1a: Kyogre|Hydro Pump|p2a: Lucario|[miss]\n|-miss|p1a: Kyogre|p2a: Lucario\n|\n|-weather|PrimordialSea|[upkeep]\n|upkeep\n|turn|4\n|\n|t:|1700741930\n|switch|p2a: Dracovish|Dracovish|100\/100\n|move|p1a: Kyogre|Hydro Pump|p2a: Dracovish\n|-resisted|p2a: Dracovish\n|-damage|p2a: Dracovish|62\/100\n|\n|-weather|PrimordialSea|[upkeep]\n|upkeep\n|turn|5\n|\n|t:|1700741939\n|move|p2a: Dracovish|Fishious Rend|p1a: Kyogre\n|-resisted|p1a: Kyogre\n|-damage|p1a: Kyogre|0 fnt\n|faint|p1a: Kyogre\n|-weather|none\n|\n|upkeep\n|\n|t:|1700741951\n|switch|p1a: Marshadow|Marshadow|100\/100\n|turn|6\n|\n|t:|1700741967\n|move|p1a: Marshadow|Spectral Thief|p2a: Dracovish\n|-damage|p2a: Dracovish|12\/100\n|move|p2a: Dracovish|Fishious Rend|p1a: Marshadow\n|-damage|p1a: Marshadow|39\/100\n|\n|upkeep\n|turn|7\n|\n|t:|1700741979\n|move|p1a: Marshadow|Shadow Sneak|p2a: Dracovish\n|-damage|p2a: Dracovish|0 fnt\n|faint|p2a: Dracovish\n|\n|upkeep\n|\n|t:|1700741983\n|switch|p2a: Gengar|Gengar, M|100\/100\n|turn|8\n|\n|t:|1700741988\n|-terastallize|p2a: Gengar|Normal\n|move|p1a: Marshadow|Shadow Sneak|p2a: Gengar\n|-immune|p2a: Gengar\n|move|p2a: Gengar|Shadow Ball|p1a: Marshadow\n|-supereffective|p1a: Marshadow\n|-damage|p1a: Marshadow|0 fnt\n|faint|p1a: Marshadow\n|\n|upkeep\n|\n|t:|1700741998\n|switch|p1a: Pheromosa|Pheromosa|100\/100\n|turn|9\n|\n|t:|1700742003\n|move|p1a: Pheromosa|High Jump Kick|p2a: Gengar\n|-supereffective|p2a: Gengar\n|-enditem|p2a: Gengar|Focus Sash\n|-damage|p2a: Gengar|1\/100\n|move|p2a: Gengar|Psychic|p1a: Pheromosa\n|-supereffective|p1a: Pheromosa\n|-enditem|p1a: Pheromosa|Focus Sash\n|-damage|p1a: Pheromosa|1\/100\n|\n|upkeep\n|turn|10\n|\n|t:|1700742017\n|move|p1a: Pheromosa|Close Combat|p2a: Gengar\n|-supereffective|p2a: Gengar\n|-damage|p2a: Gengar|0 fnt\n|-unboost|p1a: Pheromosa|def|1\n|-unboost|p1a: Pheromosa|spd|1\n|faint|p2a: Gengar\n|-ability|p1a: Pheromosa|Beast Boost|boost\n|-boost|p1a: Pheromosa|atk|1\n|\n|upkeep\n|\n|t:|1700742025\n|switch|p2a: Lucario|Lucario-Mega, M|100\/100\n|turn|11\n|\n|t:|1700742030\n|move|p2a: Lucario|Vacuum Wave|p1a: Pheromosa\n|-resisted|p1a: Pheromosa\n|-damage|p1a: Pheromosa|0 fnt\n|faint|p1a: Pheromosa\n|\n|upkeep\n|\n|t:|1700742036\n|switch|p1a: Zacian|Zacian-Crowned|100\/100\n|-ability|p1a: Zacian|Intrepid Sword|boost\n|-boost|p1a: Zacian|atk|1\n|turn|12\n|\n|t:|1700742043\n|-terastallize|p1a: Zacian|Fire\n|move|p1a: Zacian|Swords Dance|p1a: Zacian\n|-boost|p1a: Zacian|atk|2\n|move|p2a: Lucario|Steel Beam|p1a: Zacian\n|-resisted|p1a: Zacian\n|-damage|p1a: Zacian|45\/100\n|-damage|p2a: Lucario|50\/100|[from] steelbeam\n|\n|upkeep\n|turn|13\n|\n|t:|1700742053\n|move|p2a: Lucario|Vacuum Wave|p1a: Zacian\n|-damage|p1a: Zacian|15\/100\n|move|p1a: Zacian|Behemoth Blade|p2a: Lucario\n|-resisted|p2a: Lucario\n|-damage|p2a: Lucario|0 fnt\n|faint|p2a: Lucario\n|\n|upkeep\n|\n|t:|1700742063\n|switch|p2a: Dragonite|Dragonite, F|100\/100\n|turn|14\n|\n|t:|1700742069\n|move|p1a: Zacian|Behemoth Blade|p2a: Dragonite\n|-damage|p2a: Dragonite|8\/100\n|move|p2a: Dragonite|Earthquake|p1a: Zacian\n|-supereffective|p1a: Zacian\n|-damage|p1a: Zacian|0 fnt\n|faint|p1a: Zacian\n|\n|upkeep\n|\n|t:|1700742077\n|switch|p1a: Groudon|Groudon|100\/100\n|detailschange|p1a: Groudon|Groudon-Primal\n|-primal|p1a: Groudon|Red Orb\n|-weather|DesolateLand|[from] ability: Desolate Land|[of] p1a: Groudon\n|turn|15\n|\n|t:|1700742095\n|move|p2a: Dragonite|Earthquake|p1a: Groudon\n|-supereffective|p1a: Groudon\n|-damage|p1a: Groudon|53\/100\n|move|p1a: Groudon|Crunch|p2a: Dragonite\n|-damage|p2a: Dragonite|0 fnt\n|faint|p2a: Dragonite\n|\n|-weather|DesolateLand|[upkeep]\n|upkeep\n|inactive|Battle timer is ON: inactive players will automatically lose when time's up. (requested by pokemonmaster897)\n|\n|t:|1700742134\n|switch|p2a: Pikachu|Pikachu, M|100\/100\n|turn|16\n|\n|t:|1700742141\n|move|p2a: Pikachu|Grass Knot|p1a: Groudon\n|-damage|p1a: Groudon|15\/100\n|move|p1a: Groudon|Precipice Blades|p2a: Pikachu\n|-supereffective|p2a: Pikachu\n|-damage|p2a: Pikachu|0 fnt\n|faint|p2a: Pikachu\n|\n|-weather|DesolateLand|[upkeep]\n|upkeep\n|\n|t:|1700742149\n|switch|p2a: Sirfetch\u2019d|Sirfetch\u2019d, M|100\/100\n|turn|17\n|inactive|pokemonmaster897 has 120 seconds left.\n|\n|t:|1700742182\n|move|p1a: Groudon|Precipice Blades|p2a: Sirfetch\u2019d\n|-damage|p2a: Sirfetch\u2019d|8\/100\n|move|p2a: Sirfetch\u2019d|Close Combat|p1a: Groudon\n|-crit|p1a: Groudon\n|-damage|p1a: Groudon|0 fnt\n|-unboost|p2a: Sirfetch\u2019d|def|1\n|-unboost|p2a: Sirfetch\u2019d|spd|1\n|faint|p1a: Groudon\n|-weather|none\n|\n|win|ryan_farhan\n|raw|pokemonmaster897's rating: 1142 &rarr; <strong>1116<\/strong><br \/>(-26 for losing)\n|raw|ryan_farhan's rating: 1125 &rarr; <strong>1151<\/strong><br \/>(+26 for winning)\n","uploadtime":1700742193,"views":3,"p1id":"pokemonmaster897","p2id":"ryanfarhan","formatid":"gen9nationaldexubers","rating":1116,"private":0,"password":""}