{"id":"gen9nationaldexubers-1995133261","p1":"Razorgliscor472","p2":"XX_1nfinity_XX","format":"[Gen 9] National Dex Ubers","log":"|j|\u2606Razorgliscor472\n|j|\u2606XX_1nfinity_XX\n|t:|1700526249\n|gametype|singles\n|player|p1|Razorgliscor472|170|\n|player|p2|XX_1nfinity_XX|steven|\n|teamsize|p1|6\n|teamsize|p2|6\n|gen|9\n|tier|[Gen 9] National Dex Ubers\n|rule|HP Percentage Mod: HP is shown in percentages\n|rule|Endless Battle Clause: Forcing endless battles is banned\n|rule|OHKO Clause: OHKO moves are banned\n|rule|Evasion Moves Clause: Evasion moves are banned\n|rule|Evasion Items Clause: Evasion items are banned\n|rule|Species Clause: Limit one of each Pok\u00e9mon\n|rule|Sleep Clause Mod: Limit one foe put to sleep\n|rule|Mega Rayquaza Clause: You cannot mega evolve Rayquaza\n|clearpoke\n|poke|p1|Gholdengo|\n|poke|p1|Tapu Lele|\n|poke|p1|Urshifu-*, F|\n|poke|p1|Garchomp, M|\n|poke|p1|Rotom-Wash|\n|poke|p1|Tornadus-Therian, M|\n|poke|p2|Kangaskhan, F|\n|poke|p2|Shuckle, M|\n|poke|p2|Porygon-Z|\n|poke|p2|Chansey, F|\n|poke|p2|Zoroark-Hisui, F|\n|poke|p2|Ambipom, M|\n|teampreview\n|inactive|Battle timer is ON: inactive players will automatically lose when time's up. (requested by XX_1nfinity_XX)\n|c|\u2606Razorgliscor472|glhf\n|c|\u2606Razorgliscor472|be back in like 30 seconds\n|c|\u2606XX_1nfinity_XX|u2\n|inactive|Razorgliscor472 has 270 seconds left.\n|inactive|Razorgliscor472 has 240 seconds left.\n|\n|t:|1700526313\n|start\n|switch|p1a: Gholdengo|Gholdengo|100\/100\n|switch|p2a: Web setter trust|Shuckle, M|100\/100\n|turn|1\n|\n|t:|1700526320\n|move|p2a: Web setter trust|Shadow Ball|p1a: Gholdengo\n|-supereffective|p1a: Gholdengo\n|-damage|p1a: Gholdengo|36\/100\n|-unboost|p1a: Gholdengo|spd|1\n|move|p1a: Gholdengo|Nasty Plot|p1a: Gholdengo\n|-boost|p1a: Gholdengo|spa|2\n|\n|-heal|p1a: Gholdengo|43\/100|[from] item: Leftovers\n|upkeep\n|turn|2\n|c|\u2606Razorgliscor472|oh\n|\n|t:|1700526328\n|switch|p1a: Urshifu|Urshifu, F|100\/100\n|move|p2a: Web setter trust|Shadow Ball|p1a: Urshifu\n|-resisted|p1a: Urshifu\n|-damage|p1a: Urshifu|69\/100\n|\n|upkeep\n|turn|3\n|\n|t:|1700526340\n|switch|p2a: Web setter trust|Shuckle, M|100\/100\n|move|p1a: Urshifu|Wicked Blow|p2a: Web setter trust\n|-crit|p2a: Web setter trust\n|-damage|p2a: Web setter trust|49\/100\n|\n|-heal|p2a: Web setter trust|55\/100|[from] item: Leftovers\n|upkeep\n|turn|4\n|c|\u2606XX_1nfinity_XX|hehe\n|\n|t:|1700526348\n|move|p1a: Urshifu|Wicked Blow|p2a: Web setter trust\n|-crit|p2a: Web setter trust\n|-damage|p2a: Web setter trust|0 fnt\n|faint|p2a: Web setter trust\n|\n|upkeep\n|\n|t:|1700526355\n|switch|p2a: Manke|Ambipom, M|100\/100\n|turn|5\n|c|\u2606Razorgliscor472|WOW\n|c|\u2606Razorgliscor472|2hkoed a shuckle\n|c|\u2606Razorgliscor472|show me those EVs\n|\n|t:|1700526381\n|switch|p1a: Gholdengo|Gholdengo|43\/100\n|move|p2a: Manke|Fake Out|p1a: Gholdengo\n|-immune|p1a: Gholdengo\n|\n|-heal|p1a: Gholdengo|49\/100|[from] item: Leftovers\n|upkeep\n|turn|6\n|\n|t:|1700526388\n|move|p2a: Manke|U-turn|p1a: Gholdengo\n|-resisted|p1a: Gholdengo\n|-damage|p1a: Gholdengo|43\/100\n|-damage|p2a: Manke|91\/100|[from] item: Life Orb\n|\n|t:|1700526395\n|switch|p2a: We ball|Chansey, F|100\/100|[from] U-turn\n|move|p1a: Gholdengo|Recover|p1a: Gholdengo\n|-heal|p1a: Gholdengo|93\/100\n|\n|-heal|p1a: Gholdengo|99\/100|[from] item: Leftovers\n|upkeep\n|turn|7\n|\n|t:|1700526399\n|move|p1a: Gholdengo|Nasty Plot|p1a: Gholdengo\n|-boost|p1a: Gholdengo|spa|2\n|move|p2a: We ball|Teleport|p2a: We ball\n|\n|t:|1700526414\n|switch|p2a: We ball|Chansey, F|100\/100|[from] Teleport\n|\n|-heal|p1a: Gholdengo|100\/100|[from] item: Leftovers\n|upkeep\n|turn|8\n|\n|t:|1700526441\n|move|p2a: We ball|Shadow Ball|p1a: Gholdengo\n|-supereffective|p1a: Gholdengo\n|-damage|p1a: Gholdengo|43\/100\n|move|p1a: Gholdengo|Make It Rain|p2a: We ball\n|-damage|p2a: We ball|0 fnt\n|-unboost|p1a: Gholdengo|spa|1\n|replace|p2a: Fooled ya|Zoroark-Hisui, F\n|-end|p2a: Fooled ya|Illusion\n|faint|p2a: Fooled ya\n|\n|-heal|p1a: Gholdengo|49\/100|[from] item: Leftovers\n|upkeep\n|c|\u2606XX_1nfinity_XX|i am not showing the set\n|c|\u2606XX_1nfinity_XX|but its like\n|c|\u2606XX_1nfinity_XX|160 iv def + nature\n|\n|t:|1700526466\n|switch|p2a: Here we go|Porygon-Z|100\/100\n|turn|9\n|c|\u2606Razorgliscor472|aight so actually impressive\n|inactive|Razorgliscor472 has 270 seconds left.\n|\n|t:|1700526488\n|switch|p1a: Rotom|Rotom-Wash|100\/100\n|-zpower|p2a: Here we go\n|move|p2a: Here we go|Z-Conversion|p2a: Here we go|[anim]Conversion\n|-boost|p2a: Here we go|atk|1|[zeffect]\n|-boost|p2a: Here we go|def|1|[zeffect]\n|-boost|p2a: Here we go|spa|1|[zeffect]\n|-boost|p2a: Here we go|spd|1|[zeffect]\n|-boost|p2a: Here we go|spe|1|[zeffect]\n|-start|p2a: Here we go|typechange|Electric\n|\n|upkeep\n|turn|10\n|inactive|Razorgliscor472 has 270 seconds left.\n|\n|t:|1700526501\n|move|p2a: Here we go|Nasty Plot|p2a: Here we go\n|-boost|p2a: Here we go|spa|2\n|move|p1a: Rotom|Hydro Pump|p2a: Here we go\n|-damage|p2a: Here we go|65\/100\n|\n|upkeep\n|turn|11\n|inactive|Razorgliscor472 has 270 seconds left.\n|\n|t:|1700526512\n|move|p2a: Here we go|Thunderbolt|p1a: Rotom\n|-damage|p1a: Rotom|0 fnt\n|faint|p1a: Rotom\n|\n|upkeep\n|inactive|Razorgliscor472 has 270 seconds left.\n|\n|t:|1700526528\n|switch|p1a: Tapu Lele|Tapu Lele|100\/100\n|-fieldstart|move: Psychic Terrain|[from] ability: Psychic Surge|[of] p1a: Tapu Lele\n|turn|12\n|c|\u2606XX_1nfinity_XX|2HKO unless crit\n|c|\u2606XX_1nfinity_XX|so dont crit\n|\n|t:|1700526550\n|-terastallize|p1a: Tapu Lele|Psychic\n|move|p1a: Tapu Lele|Psyshock|p2a: Here we go\n|-damage|p2a: Here we go|0 fnt\n|faint|p2a: Here we go\n|\n|upkeep\n|c|\u2606XX_1nfinity_XX|or unless tera\n|inactive|XX_1nfinity_XX has 270 seconds left.\n|c|\u2606XX_1nfinity_XX|uhh\n|c|\u2606XX_1nfinity_XX|it just ohkos my mons\n|\n|t:|1700526599\n|switch|p2a: We ball|Chansey, F|100\/100\n|turn|13\n|\n|t:|1700526616\n|move|p1a: Tapu Lele|Psyshock|p2a: We ball\n|-damage|p2a: We ball|55\/100\n|move|p2a: We ball|Soft-Boiled|p2a: We ball\n|-heal|p2a: We ball|100\/100\n|\n|upkeep\n|turn|14\n|\n|t:|1700526625\n|move|p1a: Tapu Lele|Psyshock|p2a: We ball\n|-damage|p2a: We ball|50\/100\n|move|p2a: We ball|Seismic Toss|p1a: Tapu Lele\n|-damage|p1a: Tapu Lele|65\/100\n|\n|upkeep\n|turn|15\n|\n|t:|1700526631\n|move|p1a: Tapu Lele|Psyshock|p2a: We ball\n|-damage|p2a: We ball|0 fnt\n|faint|p2a: We ball\n|\n|upkeep\n|\n|t:|1700526643\n|switch|p2a: Manke|Ambipom, M|91\/100\n|turn|16\n|c|\u2606Razorgliscor472|45 was absolute low roll then\n|\n|t:|1700526649\n|move|p1a: Tapu Lele|Psyshock|p2a: Manke\n|-damage|p2a: Manke|0 fnt\n|faint|p2a: Manke\n|\n|-fieldend|move: Psychic Terrain\n|upkeep\n|\n|t:|1700526653\n|switch|p2a: Its a bird|Kangaskhan, F|100\/100\n|turn|17\n|\n|t:|1700526663\n|detailschange|p2a: Its a bird|Kangaskhan-Mega, F\n|-mega|p2a: Its a bird|Kangaskhan|Kangaskhanite\n|move|p1a: Tapu Lele|Psyshock|p2a: Its a bird\n|-damage|p2a: Its a bird|41\/100\n|move|p2a: Its a bird|Power-Up Punch|p1a: Tapu Lele\n|-resisted|p1a: Tapu Lele\n|-damage|p1a: Tapu Lele|54\/100\n|-boost|p2a: Its a bird|atk|1\n|-resisted|p1a: Tapu Lele\n|-damage|p1a: Tapu Lele|50\/100\n|-boost|p2a: Its a bird|atk|1\n|-hitcount|p1a: Tapu Lele|2\n|\n|upkeep\n|turn|18\n|\n|t:|1700526669\n|move|p2a: Its a bird|Sucker Punch|p1a: Tapu Lele\n|-supereffective|p1a: Tapu Lele\n|-damage|p1a: Tapu Lele|0 fnt\n|faint|p1a: Tapu Lele\n|-hitcount|p1: Tapu Lele|1\n|\n|upkeep\n|\n|t:|1700526677\n|switch|p1a: Garchomp|Garchomp, M|100\/100\n|turn|19\n|\n|t:|1700526688\n|move|p2a: Its a bird|Sucker Punch|p1a: Garchomp\n|-damage|p1a: Garchomp|68\/100\n|-damage|p2a: Its a bird|29\/100|[from] ability: Rough Skin|[of] p1a: Garchomp\n|-damage|p2a: Its a bird|12\/100|[from] item: Rocky Helmet|[of] p1a: Garchomp\n|-damage|p1a: Garchomp|59\/100\n|-damage|p2a: Its a bird|0 fnt|[from] ability: Rough Skin|[of] p1a: Garchomp\n|faint|p2a: Its a bird\n|\n|win|Razorgliscor472\n|-hitcount|p1a: Garchomp|2\n|c|\u2606XX_1nfinity_XX|ggs\n|c|\u2606Razorgliscor472|ggs\n|c|\u2606XX_1nfinity_XX|that rotom almost wined\n|c|\u2606XX_1nfinity_XX|i mean porygon\n","uploadtime":1700526721,"views":2,"p1id":"razorgliscor472","p2id":"xx1nfinityxx","formatid":"gen9nationaldexubers","rating":0,"private":0,"password":""}