{"id":"gen9nationaldexubers-1993535323","p1":"CWlowe","p2":"Queenmodine16","format":"[Gen 9] National Dex Ubers","log":"|j|\u2606CWlowe\n|j|\u2606Queenmodine16\n|t:|1700329097\n|gametype|singles\n|player|p1|CWlowe|1|1000\n|player|p2|Queenmodine16|266|1000\n|teamsize|p1|6\n|teamsize|p2|6\n|gen|9\n|tier|[Gen 9] National Dex Ubers\n|rated|\n|rule|HP Percentage Mod: HP is shown in percentages\n|rule|Endless Battle Clause: Forcing endless battles is banned\n|rule|OHKO Clause: OHKO moves are banned\n|rule|Evasion Moves Clause: Evasion moves are banned\n|rule|Evasion Items Clause: Evasion items are banned\n|rule|Species Clause: Limit one of each Pok\u00e9mon\n|rule|Sleep Clause Mod: Limit one foe put to sleep\n|rule|Mega Rayquaza Clause: You cannot mega evolve Rayquaza\n|clearpoke\n|poke|p1|Charizard, F|\n|poke|p1|Rillaboom, F|\n|poke|p1|Rhyperior, M|\n|poke|p1|Aegislash, F|\n|poke|p1|Haxorus, F|\n|poke|p1|Dragapult, M|\n|poke|p2|Ninetales, F|\n|poke|p2|Victreebel, M|\n|poke|p2|Arcanine, F|\n|poke|p2|Blaziken, M|\n|poke|p2|Exeggutor, F|\n|poke|p2|Groudon|\n|teampreview\n|inactive|Battle timer is ON: inactive players will automatically lose when time's up. (requested by Queenmodine16)\n|c|\u2606CWlowe|Fear me\n|inactiveoff|Battle timer is now OFF.\n|inactive|Battle timer is ON: inactive players will automatically lose when time's up. (requested by CWlowe)\n|\n|t:|1700329181\n|start\n|switch|p1a: Charizard|Charizard, F|100\/100\n|switch|p2a: Ninetales|Ninetales, F|100\/100\n|-weather|SunnyDay|[from] ability: Drought|[of] p2a: Ninetales\n|turn|1\n|c|\u2606Queenmodine16|Not much to fear, it's an online make believe fake monster fighting game\n|\n|t:|1700329203\n|move|p2a: Ninetales|Hidden Power|p1a: Charizard\n|-supereffective|p1a: Charizard\n|-damage|p1a: Charizard|60\/100\n|-damage|p2a: Ninetales|91\/100|[from] item: Life Orb\n|move|p1a: Charizard|Earthquake|p2a: Ninetales\n|-supereffective|p2a: Ninetales\n|-damage|p2a: Ninetales|16\/100\n|\n|-weather|SunnyDay|[upkeep]\n|upkeep\n|turn|2\n|\n|t:|1700329226\n|move|p2a: Ninetales|Psyshock|p1a: Charizard\n|-damage|p1a: Charizard|25\/100\n|-damage|p2a: Ninetales|6\/100|[from] item: Life Orb\n|move|p1a: Charizard|Aerial Ace|p2a: Ninetales\n|-crit|p2a: Ninetales\n|-damage|p2a: Ninetales|0 fnt\n|faint|p2a: Ninetales\n|\n|-weather|SunnyDay|[upkeep]\n|upkeep\n|\n|t:|1700329239\n|switch|p2a: Victreebel|Victreebel, M|100\/100\n|turn|3\n|\n|t:|1700329245\n|detailschange|p1a: Charizard|Charizard-Mega-X, F\n|-mega|p1a: Charizard|Charizard|Charizardite X\n|move|p2a: Victreebel|Knock Off|p1a: Charizard\n|-crit|p1a: Charizard\n|-damage|p1a: Charizard|6\/100\n|move|p1a: Charizard|Dragon Claw|p2a: Victreebel\n|-damage|p2a: Victreebel|32\/100\n|\n|-weather|SunnyDay|[upkeep]\n|-heal|p2a: Victreebel|38\/100|[from] item: Leftovers\n|upkeep\n|turn|4\n|\n|t:|1700329264\n|switch|p1a: Haxorus|Haxorus, F|100\/100\n|move|p2a: Victreebel|Knock Off|p1a: Haxorus\n|-damage|p1a: Haxorus|79\/100\n|-enditem|p1a: Haxorus|Dragon Fang|[from] move: Knock Off|[of] p2a: Victreebel\n|\n|-weather|SunnyDay|[upkeep]\n|-heal|p2a: Victreebel|44\/100|[from] item: Leftovers\n|upkeep\n|turn|5\n|\n|t:|1700329278\n|move|p2a: Victreebel|Weather Ball|p1a: Haxorus\n|-resisted|p1a: Haxorus\n|-damage|p1a: Haxorus|54\/100\n|move|p1a: Haxorus|Poison Jab|p2a: Victreebel\n|-damage|p2a: Victreebel|16\/100\n|\n|-weather|none\n|-heal|p2a: Victreebel|22\/100|[from] item: Leftovers\n|upkeep\n|turn|6\n|\n|t:|1700329293\n|move|p2a: Victreebel|Protect|p2a: Victreebel\n|-singleturn|p2a: Victreebel|Protect\n|move|p1a: Haxorus|Dragon Pulse|p2a: Victreebel\n|-activate|p2a: Victreebel|move: Protect\n|\n|-heal|p2a: Victreebel|28\/100|[from] item: Leftovers\n|upkeep\n|turn|7\n|\n|t:|1700329304\n|move|p1a: Haxorus|Dragon Pulse|p2a: Victreebel\n|-damage|p2a: Victreebel|1\/100\n|move|p2a: Victreebel|Giga Drain|p1a: Haxorus\n|-resisted|p1a: Haxorus\n|-damage|p1a: Haxorus|34\/100\n|-heal|p2a: Victreebel|11\/100|[from] drain|[of] p1a: Haxorus\n|\n|-heal|p2a: Victreebel|17\/100|[from] item: Leftovers\n|upkeep\n|turn|8\n|\n|t:|1700329315\n|move|p2a: Victreebel|Protect|p2a: Victreebel\n|-singleturn|p2a: Victreebel|Protect\n|move|p1a: Haxorus|Dragon Pulse|p2a: Victreebel\n|-activate|p2a: Victreebel|move: Protect\n|\n|-heal|p2a: Victreebel|23\/100|[from] item: Leftovers\n|upkeep\n|turn|9\n|\n|t:|1700329324\n|move|p1a: Haxorus|Dragon Pulse|p2a: Victreebel\n|-damage|p2a: Victreebel|0 fnt\n|faint|p2a: Victreebel\n|\n|upkeep\n|\n|t:|1700329331\n|switch|p2a: Groudon|Groudon|100\/100\n|-weather|SunnyDay|[from] ability: Drought|[of] p2a: Groudon\n|turn|10\n|\n|t:|1700329337\n|move|p1a: Haxorus|Low Sweep|p2a: Groudon\n|-damage|p2a: Groudon|88\/100\n|-unboost|p2a: Groudon|spe|1\n|move|p2a: Groudon|Power-Up Punch|p1a: Haxorus\n|-crit|p1a: Haxorus\n|-damage|p1a: Haxorus|11\/100\n|-boost|p2a: Groudon|atk|1\n|\n|-weather|SunnyDay|[upkeep]\n|-heal|p2a: Groudon|94\/100|[from] item: Leftovers\n|upkeep\n|turn|11\n|\n|t:|1700329350\n|move|p1a: Haxorus|Dragon Pulse|p2a: Groudon\n|-damage|p2a: Groudon|75\/100\n|move|p2a: Groudon|Earthquake|p1a: Haxorus\n|-damage|p1a: Haxorus|0 fnt\n|faint|p1a: Haxorus\n|\n|-weather|SunnyDay|[upkeep]\n|-heal|p2a: Groudon|82\/100|[from] item: Leftovers\n|upkeep\n|\n|t:|1700329361\n|switch|p1a: Rillaboom|Rillaboom, F|100\/100\n|-fieldstart|move: Grassy Terrain|[from] ability: Grassy Surge|[of] p1a: Rillaboom\n|turn|12\n|\n|t:|1700329370\n|move|p1a: Rillaboom|Drum Beating|p2a: Groudon\n|-supereffective|p2a: Groudon\n|-damage|p2a: Groudon|31\/100\n|-unboost|p2a: Groudon|spe|1\n|move|p2a: Groudon|Thunder Wave|p1a: Rillaboom\n|-status|p1a: Rillaboom|par\n|\n|-weather|SunnyDay|[upkeep]\n|-heal|p2a: Groudon|37\/100|[from] Grassy Terrain\n|-heal|p2a: Groudon|44\/100|[from] item: Leftovers\n|upkeep\n|turn|13\n|\n|t:|1700329384\n|switch|p2a: Arcanine|Arcanine, F|100\/100\n|move|p1a: Rillaboom|Seed Bomb|p2a: Arcanine\n|-resisted|p2a: Arcanine\n|-damage|p2a: Arcanine|71\/100\n|\n|-weather|SunnyDay|[upkeep]\n|-heal|p2a: Arcanine|77\/100|[from] Grassy Terrain\n|-heal|p2a: Arcanine|83\/100|[from] item: Leftovers\n|upkeep\n|turn|14\n|\n|t:|1700329396\n|move|p2a: Arcanine|Flare Blitz|p1a: Rillaboom\n|-supereffective|p1a: Rillaboom\n|-damage|p1a: Rillaboom|0 fnt\n|faint|p1a: Rillaboom\n|-damage|p2a: Arcanine|46\/100|[from] Recoil\n|\n|-weather|none\n|-heal|p2a: Arcanine|52\/100|[from] Grassy Terrain\n|-heal|p2a: Arcanine|58\/100|[from] item: Leftovers\n|upkeep\n|\n|t:|1700329409\n|switch|p1a: Rhyperior|Rhyperior, M|100\/100\n|turn|15\n|\n|t:|1700329424\n|move|p2a: Arcanine|Will-O-Wisp|p1a: Rhyperior\n|-status|p1a: Rhyperior|brn\n|move|p1a: Rhyperior|Earth Power|p2a: Arcanine\n|-supereffective|p2a: Arcanine\n|-damage|p2a: Arcanine|0 fnt\n|faint|p2a: Arcanine\n|\n|-damage|p1a: Rhyperior|94\/100 brn|[from] brn\n|upkeep\n|c|\u2606Queenmodine16|Lol special rhyperior? That's nuts\n|\n|t:|1700329445\n|switch|p2a: Groudon|Groudon|44\/100\n|-weather|SunnyDay|[from] ability: Drought|[of] p2a: Groudon\n|turn|16\n|c|\u2606CWlowe|Yeah same\n|\n|t:|1700329459\n|move|p2a: Groudon|Solar Beam||[still]\n|-prepare|p2a: Groudon|Solar Beam\n|-anim|p2a: Groudon|Solar Beam|p1a: Rhyperior\n|-supereffective|p1a: Rhyperior\n|-damage|p1a: Rhyperior|0 fnt\n|faint|p1a: Rhyperior\n|\n|-weather|SunnyDay|[upkeep]\n|-heal|p2a: Groudon|50\/100|[from] Grassy Terrain\n|-heal|p2a: Groudon|56\/100|[from] item: Leftovers\n|-fieldend|move: Grassy Terrain\n|upkeep\n|\n|t:|1700329471\n|switch|p1a: Dragapult|Dragapult, M|100\/100\n|turn|17\n|\n|t:|1700329482\n|move|p1a: Dragapult|Phantom Force||[still]\n|-prepare|p1a: Dragapult|Phantom Force\n|move|p2a: Groudon|Thunder Wave|p1a: Dragapult|[miss]\n|-miss|p2a: Groudon|p1a: Dragapult\n|\n|-weather|SunnyDay|[upkeep]\n|-heal|p2a: Groudon|62\/100|[from] item: Leftovers\n|upkeep\n|turn|18\n|c|\u2606CWlowe|Ha\n|n|!CWlowe|cwlowe\n|c|\u2606Queenmodine16|Ah\n|\n|t:|1700329501\n|move|p1a: Dragapult|Phantom Force|p2a: Groudon|[from]lockedmove\n|-damage|p2a: Groudon|40\/100\n|move|p2a: Groudon|Thunder Wave|p1a: Dragapult\n|-status|p1a: Dragapult|par\n|\n|-weather|SunnyDay|[upkeep]\n|-heal|p2a: Groudon|47\/100|[from] item: Leftovers\n|upkeep\n|turn|19\n|\n|t:|1700329515\n|move|p2a: Groudon|Earthquake|p1a: Dragapult\n|-damage|p1a: Dragapult|43\/100 par\n|move|p1a: Dragapult|Phantom Force||[still]\n|-prepare|p1a: Dragapult|Phantom Force\n|\n|-weather|SunnyDay|[upkeep]\n|-heal|p2a: Groudon|53\/100|[from] item: Leftovers\n|upkeep\n|turn|20\n|\n|t:|1700329525\n|move|p2a: Groudon|Earthquake|p1a: Dragapult|[miss]\n|-miss|p2a: Groudon|p1a: Dragapult\n|move|p1a: Dragapult|Phantom Force|p2a: Groudon|[from]lockedmove\n|-damage|p2a: Groudon|32\/100\n|\n|-weather|none\n|-heal|p2a: Groudon|38\/100|[from] item: Leftovers\n|upkeep\n|turn|21\n|-activate|p1a: Dragapult|item: Quick Claw\n|\n|t:|1700329544\n|move|p1a: Dragapult|Phantom Force||[still]\n|-prepare|p1a: Dragapult|Phantom Force\n|move|p2a: Groudon|Earthquake|p1a: Dragapult|[miss]\n|-miss|p2a: Groudon|p1a: Dragapult\n|\n|-heal|p2a: Groudon|44\/100|[from] item: Leftovers\n|upkeep\n|turn|22\n|c|\u2606Queenmodine16|Lmao QUICK CLAW DRAGAPULT\n|inactive|CWlowe has 120 seconds left.\n|\n|t:|1700329569\n|move|p2a: Groudon|Earthquake|p1a: Dragapult|[miss]\n|-miss|p2a: Groudon|p1a: Dragapult\n|move|p1a: Dragapult|Phantom Force|p2a: Groudon|[from]lockedmove\n|-damage|p2a: Groudon|23\/100\n|\n|-heal|p2a: Groudon|29\/100|[from] item: Leftovers\n|upkeep\n|turn|23\n|inactive|CWlowe has 120 seconds left.\n|\n|t:|1700329579\n|move|p2a: Groudon|Earthquake|p1a: Dragapult\n|-damage|p1a: Dragapult|0 fnt\n|faint|p1a: Dragapult\n|\n|-heal|p2a: Groudon|35\/100|[from] item: Leftovers\n|upkeep\n|\n|t:|1700329587\n|switch|p1a: Aegislash|Aegislash, F|100\/100\n|turn|24\n|inactive|CWlowe has 120 seconds left.\n|\n|t:|1700329598\n|switch|p2a: Exeggutor|Exeggutor, F|100\/100\n|-formechange|p1a: Aegislash|Aegislash-Blade||[from] ability: Stance Change\n|move|p1a: Aegislash|Flash Cannon|p2a: Exeggutor\n|-damage|p2a: Exeggutor|53\/100\n|\n|-heal|p2a: Exeggutor|59\/100|[from] item: Leftovers\n|upkeep\n|turn|25\n|inactive|CWlowe has 120 seconds left.\n|\n|t:|1700329610\n|switch|p2a: Groudon|Groudon|35\/100\n|-weather|SunnyDay|[from] ability: Drought|[of] p2a: Groudon\n|-formechange|p1a: Aegislash|Aegislash||[from] ability: Stance Change\n|move|p1a: Aegislash|King's Shield||[still]\n|-fail|p1a: Aegislash\n|\n|-weather|SunnyDay|[upkeep]\n|-heal|p2a: Groudon|41\/100|[from] item: Leftovers\n|upkeep\n|turn|26\n|inactive|CWlowe has 120 seconds left.\n|\n|t:|1700329626\n|move|p2a: Groudon|Thunder Wave|p1a: Aegislash\n|-status|p1a: Aegislash|par\n|cant|p1a: Aegislash|par\n|\n|-weather|SunnyDay|[upkeep]\n|-heal|p2a: Groudon|47\/100|[from] item: Leftovers\n|upkeep\n|turn|27\n|\n|t:|1700329636\n|-terastallize|p2a: Groudon|Ground\n|move|p2a: Groudon|Earthquake|p1a: Aegislash\n|-supereffective|p1a: Aegislash\n|-damage|p1a: Aegislash|0 fnt\n|faint|p1a: Aegislash\n|\n|-weather|SunnyDay|[upkeep]\n|-heal|p2a: Groudon|53\/100|[from] item: Leftovers\n|upkeep\n|-message|CWlowe forfeited.\n|\n|win|Queenmodine16\n|raw|CWlowe's rating: 1000 &rarr; <strong>1000<\/strong><br \/>(+0 for losing)\n|raw|Queenmodine16's rating: 1000 &rarr; <strong>1040<\/strong><br \/>(+40 for winning)\n|l|!CWlowe\n","uploadtime":1700329496,"views":6,"p1id":"cwlowe","p2id":"queenmodine16","formatid":"gen9nationaldexubers","rating":1000,"private":0,"password":""}