{"id":"gen9nationaldexubers-1978093100","p1":"Comett7778","p2":"85792195wwww","format":"[Gen 9] National Dex Ubers","log":"|j|\u2606Comett7778\n|j|\u260685792195wwww\n|t:|1698498286\n|gametype|singles\n|player|p1|Comett7778|hero2-conquest|1517\n|player|p2|85792195wwww|lady|1847\n|teamsize|p1|6\n|teamsize|p2|6\n|gen|9\n|tier|[Gen 9] National Dex Ubers\n|rated|\n|rule|HP Percentage Mod: HP is shown in percentages\n|rule|Endless Battle Clause: Forcing endless battles is banned\n|rule|OHKO Clause: OHKO moves are banned\n|rule|Evasion Moves Clause: Evasion moves are banned\n|rule|Evasion Items Clause: Evasion items are banned\n|rule|Species Clause: Limit one of each Pok\u00e9mon\n|rule|Sleep Clause Mod: Limit one foe put to sleep\n|rule|Mega Rayquaza Clause: You cannot mega evolve Rayquaza\n|clearpoke\n|poke|p1|Ho-Oh|\n|poke|p1|Giratina|\n|poke|p1|Marshadow|\n|poke|p1|Xerneas-*|\n|poke|p1|Grimmsnarl, M|\n|poke|p1|Zacian-*|\n|poke|p2|Xerneas-*|\n|poke|p2|Groudon|\n|poke|p2|Calyrex-Ice|\n|poke|p2|Krookodile, M|\n|poke|p2|Zacian-*|\n|poke|p2|Arceus|\n|teampreview\n|inactive|Battle timer is ON: inactive players will automatically lose when time's up. (requested by Comett7778)\n|\n|t:|1698498297\n|start\n|switch|p1a: Mr. GrimyGrim|Grimmsnarl, M, shiny|100\/100\n|switch|p2a: Arceus|Arceus|100\/100\n|turn|1\n|\n|t:|1698498304\n|-terastallize|p2a: Arceus|Normal\n|move|p2a: Arceus|Extreme Speed|p1a: Mr. GrimyGrim\n|-damage|p1a: Mr. GrimyGrim|13\/100\n|-damage|p2a: Arceus|91\/100|[from] item: Life Orb\n|move|p1a: Mr. GrimyGrim|Taunt|p2a: Arceus\n|-start|p2a: Arceus|move: Taunt\n|\n|upkeep\n|turn|2\n|\n|t:|1698498314\n|move|p2a: Arceus|Extreme Speed|p1a: Mr. GrimyGrim\n|-damage|p1a: Mr. GrimyGrim|0 fnt\n|faint|p1a: Mr. GrimyGrim\n|-damage|p2a: Arceus|81\/100|[from] item: Life Orb\n|\n|upkeep\n|\n|t:|1698498316\n|switch|p1a: Justin|Giratina, shiny|100\/100\n|-ability|p1a: Justin|Pressure\n|turn|3\n|\n|t:|1698498326\n|switch|p2a: Krookodile|Krookodile, M|100\/100\n|-ability|p2a: Krookodile|Intimidate|boost\n|-unboost|p1a: Justin|atk|1\n|move|p1a: Justin|Draco Meteor|p2a: Krookodile\n|-damage|p2a: Krookodile|39\/100\n|-unboost|p1a: Justin|spa|2\n|\n|upkeep\n|turn|4\n|\n|t:|1698498335\n|switch|p1a: Ho-No|Ho-Oh, shiny|100\/100\n|move|p2a: Krookodile|Stealth Rock|p1a: Ho-No\n|-sidestart|p1: Comett7778|move: Stealth Rock\n|\n|upkeep\n|turn|5\n|\n|t:|1698498341\n|move|p2a: Krookodile|Knock Off|p1a: Ho-No\n|-damage|p1a: Ho-No|57\/100\n|-enditem|p1a: Ho-No|Heavy-Duty Boots|[from] move: Knock Off|[of] p2a: Krookodile\n|move|p1a: Ho-No|Sacred Fire|p2a: Krookodile\n|-damage|p2a: Krookodile|0 fnt\n|faint|p2a: Krookodile\n|\n|upkeep\n|\n|t:|1698498354\n|switch|p2a: Calyrex|Calyrex-Ice|100\/100\n|-ability|p2a: Calyrex|As One\n|-ability|p2a: Calyrex|Unnerve\n|turn|6\n|\n|t:|1698498363\n|move|p2a: Calyrex|Glacial Lance|p1a: Ho-No\n|-damage|p1a: Ho-No|0 fnt\n|faint|p1a: Ho-No\n|-ability|p2a: Calyrex|Chilling Neigh|boost\n|-boost|p2a: Calyrex|atk|1\n|\n|upkeep\n|\n|t:|1698498368\n|switch|p1a: Second Amendment|Zacian-Crowned, shiny|100\/100\n|-damage|p1a: Second Amendment|94\/100|[from] Stealth Rock\n|-ability|p1a: Second Amendment|Intrepid Sword|boost\n|-boost|p1a: Second Amendment|atk|1\n|turn|7\n|\n|t:|1698498375\n|switch|p2a: Groudon|Groudon|100\/100\n|detailschange|p2a: Groudon|Groudon-Primal\n|-primal|p2a: Groudon|Red Orb\n|-weather|DesolateLand|[from] ability: Desolate Land|[of] p2a: Groudon\n|move|p1a: Second Amendment|Behemoth Blade|p2a: Groudon\n|-resisted|p2a: Groudon\n|-damage|p2a: Groudon|77\/100\n|\n|-weather|DesolateLand|[upkeep]\n|upkeep\n|turn|8\n|\n|t:|1698498386\n|-weather|none\n|switch|p2a: Arceus|Arceus, tera:Normal|81\/100\n|move|p1a: Second Amendment|Close Combat|p2a: Arceus\n|-supereffective|p2a: Arceus\n|-damage|p2a: Arceus|0 fnt\n|-unboost|p1a: Second Amendment|def|1\n|-unboost|p1a: Second Amendment|spd|1\n|faint|p2a: Arceus\n|\n|upkeep\n|\n|t:|1698498400\n|switch|p2a: Zacian|Zacian-Crowned|100\/100\n|-ability|p2a: Zacian|Intrepid Sword|boost\n|-boost|p2a: Zacian|atk|1\n|turn|9\n|\n|t:|1698498405\n|move|p2a: Zacian|Behemoth Blade|p1a: Second Amendment\n|-damage|p1a: Second Amendment|0 fnt\n|faint|p1a: Second Amendment\n|\n|upkeep\n|\n|t:|1698498409\n|switch|p1a: E M O|Marshadow|100\/100\n|-damage|p1a: E M O|94\/100|[from] Stealth Rock\n|turn|10\n|\n|t:|1698498414\n|move|p2a: Zacian|Behemoth Blade|p1a: E M O\n|-damage|p1a: E M O|0 fnt\n|faint|p1a: E M O\n|\n|upkeep\n|\n|t:|1698498416\n|switch|p1a: Justin|Giratina, shiny|100\/100\n|-damage|p1a: Justin|88\/100|[from] Stealth Rock\n|-ability|p1a: Justin|Pressure\n|turn|11\n|\n|t:|1698498424\n|move|p2a: Zacian|Swords Dance|p2a: Zacian\n|-boost|p2a: Zacian|atk|2\n|move|p1a: Justin|Shadow Ball|p2a: Zacian\n|-damage|p2a: Zacian|75\/100\n|-unboost|p2a: Zacian|spd|1\n|\n|-heal|p1a: Justin|94\/100|[from] item: Leftovers\n|upkeep\n|turn|12\n|-message|Comett7778 forfeited.\n|\n|win|85792195wwww\n|raw|Comett7778's rating: 1517 &rarr; <strong>1512<\/strong><br \/>(-5 for losing)\n|raw|85792195wwww's rating: 1847 &rarr; <strong>1852<\/strong><br \/>(+5 for winning)\n|l|\u2606Comett7778\n","uploadtime":1698498436,"views":6,"p1id":"comett7778","p2id":"85792195wwww","formatid":"gen9nationaldexubers","rating":1512,"private":0,"password":""}