{"id":"gen9nationaldexubers-1980055948","p1":"weylone-_-","p2":"mysteryflame","format":"[Gen 9] National Dex Ubers","log":"|j|\u2606weylone-_-\n|j|\u2606mysteryflame\n|t:|1698752377\n|gametype|singles\n|player|p1|weylone-_-|bruno|1268\n|player|p2|mysteryflame|n-masters|1277\n|teamsize|p1|6\n|teamsize|p2|6\n|gen|9\n|tier|[Gen 9] National Dex Ubers\n|rated|\n|rule|HP Percentage Mod: HP is shown in percentages\n|rule|Endless Battle Clause: Forcing endless battles is banned\n|rule|OHKO Clause: OHKO moves are banned\n|rule|Evasion Moves Clause: Evasion moves are banned\n|rule|Evasion Items Clause: Evasion items are banned\n|rule|Species Clause: Limit one of each Pok\u00e9mon\n|rule|Sleep Clause Mod: Limit one foe put to sleep\n|rule|Mega Rayquaza Clause: You cannot mega evolve Rayquaza\n|clearpoke\n|poke|p1|Dragapult, M|\n|poke|p1|Landorus-Therian, M|\n|poke|p1|Espeon, M|\n|poke|p1|Toxapex, M|\n|poke|p1|Gholdengo|\n|poke|p1|Shaymin-Sky|\n|poke|p2|Bisharp, F|\n|poke|p2|Alomomola, F|\n|poke|p2|Pawmot, F|\n|poke|p2|Palafin, M|\n|poke|p2|Deoxys-Attack|\n|poke|p2|Seismitoad, F|\n|teampreview\n|inactive|Battle timer is ON: inactive players will automatically lose when time's up. (requested by mysteryflame)\n|inactive|weylone-_- has 120 seconds left.\n|inactive|weylone-_- has 90 seconds left.\n|c|\u2606mysteryflame|every person in this game have a 5 years old kid team\n|inactive|weylone-_- has 60 seconds left.\n|c|\u2606weylone-_-|look at yours lmao\n|c|\u2606mysteryflame|pro team\n|c|\u2606weylone-_-|lol\n|c|\u2606weylone-_-|my ass too\n|inactive|weylone-_- has 30 seconds left.\n|c|\u2606mysteryflame|its meta team\n|inactive|weylone-_- has 20 seconds left.\n|c|\u2606weylone-_-|the 5 yo team will win\n|c|\u2606mysteryflame|with strats\n|\n|t:|1698752538\n|start\n|switch|p1a: Dragapult|Dragapult, M, shiny|100\/100\n|switch|p2a: Deoxys|Deoxys-Attack|100\/100\n|-ability|p2a: Deoxys|Pressure\n|turn|1\n|\n|t:|1698752552\n|move|p2a: Deoxys|Stealth Rock|p1a: Dragapult\n|-sidestart|p1: weylone-_-|move: Stealth Rock\n|move|p1a: Dragapult|Dragon Darts|p2a: Deoxys\n|-enditem|p2a: Deoxys|Focus Sash\n|-damage|p2a: Deoxys|1\/100\n|-anim|p1a: Dragapult|Dragon Darts|p2a: Deoxys\n|-damage|p2a: Deoxys|0 fnt\n|faint|p2a: Deoxys\n|\n|upkeep\n|\n|t:|1698752559\n|switch|p2a: Bisharp|Bisharp, F|100\/100\n|turn|2\n|inactive|weylone-_- has 90 seconds left.\n|\n|t:|1698752573\n|switch|p1a: Landorus|Landorus-Therian, M|100\/100\n|-damage|p1a: Landorus|88\/100|[from] Stealth Rock\n|-ability|p1a: Landorus|Intimidate|boost\n|-unboost|p2a: Bisharp|atk|1\n|-ability|p2a: Bisharp|Defiant|boost\n|-boost|p2a: Bisharp|atk|2\n|move|p2a: Bisharp|Knock Off|p1a: Landorus\n|-damage|p1a: Landorus|22\/100\n|-enditem|p1a: Landorus|Leftovers|[from] move: Knock Off|[of] p2a: Bisharp\n|\n|upkeep\n|turn|3\n|inactive|weylone-_- has 90 seconds left.\n|\n|t:|1698752584\n|switch|p2a: Palafin|Palafin, M|100\/100\n|move|p1a: Landorus|Defog|p2a: Palafin\n|-unboost|p2a: Palafin|evasion|1\n|-sideend|p1: weylone-_-|Stealth Rock|[from] move: Defog|[of] p1a: Landorus\n|\n|upkeep\n|turn|4\n|inactive|weylone-_- has 90 seconds left.\n|\n|t:|1698752596\n|switch|p1a: Toxapex|Toxapex, M, shiny|100\/100\n|move|p2a: Palafin|Flip Turn|p1a: Toxapex\n|-resisted|p1a: Toxapex\n|-damage|p1a: Toxapex|90\/100\n|\n|t:|1698752600\n|detailschange|p2a: Palafin|Palafin-Hero, M\n|switch|p2a: Seismitoad|Seismitoad, F|100\/100|[from] Flip Turn\n|\n|-heal|p1a: Toxapex|96\/100|[from] item: Leftovers\n|upkeep\n|turn|5\n|\n|t:|1698752606\n|switch|p1a: Landorus|Landorus-Therian, M|22\/100\n|-ability|p1a: Landorus|Intimidate|boost\n|-unboost|p2a: Seismitoad|atk|1\n|move|p2a: Seismitoad|Earth Power|p1a: Landorus\n|-immune|p1a: Landorus\n|\n|upkeep\n|turn|6\n|c|\u2606weylone-_-|lol\n|c|\u2606weylone-_-|use ur brain...\n|inactive|weylone-_- has 90 seconds left.\n|\n|t:|1698752630\n|move|p1a: Landorus|U-turn|p2a: Seismitoad\n|-damage|p2a: Seismitoad|73\/100\n|\n|t:|1698752635\n|switch|p1a: Gholdengo|Gholdengo|100\/100|[from] U-turn\n|-item|p1a: Gholdengo|Air Balloon\n|move|p2a: Seismitoad|Scald|p1a: Gholdengo\n|-damage|p1a: Gholdengo|61\/100\n|-enditem|p1a: Gholdengo|Air Balloon\n|\n|upkeep\n|turn|7\n|c|\u2606mysteryflame|its an attempt to predict noob\n|\n|t:|1698752650\n|switch|p1a: Shaymin|Shaymin-Sky|100\/100\n|move|p2a: Seismitoad|Scald|p1a: Shaymin\n|-resisted|p1a: Shaymin\n|-damage|p1a: Shaymin|78\/100\n|\n|upkeep\n|turn|8\n|\n|t:|1698752658\n|move|p1a: Shaymin|Giga Drain|p2a: Seismitoad\n|-supereffective|p2a: Seismitoad\n|-damage|p2a: Seismitoad|0 fnt\n|-heal|p1a: Shaymin|100\/100|[from] drain|[of] p2a: Seismitoad\n|faint|p2a: Seismitoad\n|\n|upkeep\n|c|\u2606weylone-_-|eat my ass\n|c|\u2606weylone-_-|youre bad\n|\n|t:|1698752666\n|switch|p2a: Bisharp|Bisharp, F|100\/100\n|turn|9\n|\n|t:|1698752672\n|switch|p1a: Toxapex|Toxapex, M, shiny|100\/100\n|move|p2a: Bisharp|Swords Dance|p2a: Bisharp\n|-boost|p2a: Bisharp|atk|2\n|\n|upkeep\n|turn|10\n|\n|t:|1698752677\n|-terastallize|p1a: Toxapex|Steel\n|move|p2a: Bisharp|Knock Off|p1a: Toxapex\n|-damage|p1a: Toxapex|51\/100\n|-enditem|p1a: Toxapex|Leftovers|[from] move: Knock Off|[of] p2a: Bisharp\n|move|p1a: Toxapex|Haze|p1a: Toxapex\n|-clearallboost\n|\n|upkeep\n|turn|11\n|inactive|weylone-_- has 120 seconds left.\n|c|\u2606mysteryflame|?\n|\n|t:|1698752694\n|switch|p2a: Palafin|Palafin-Hero, M|100\/100\n|-activate|p2a: Palafin|ability: Zero to Hero\n|move|p1a: Toxapex|Chilling Water|p2a: Palafin\n|-resisted|p2a: Palafin\n|-damage|p2a: Palafin|94\/100\n|-unboost|p2a: Palafin|atk|1\n|\n|upkeep\n|turn|12\n|inactive|weylone-_- has 120 seconds left.\n|\n|t:|1698752705\n|move|p2a: Palafin|Close Combat|p1a: Toxapex\n|-supereffective|p1a: Toxapex\n|-damage|p1a: Toxapex|0 fnt\n|-unboost|p2a: Palafin|def|1\n|-unboost|p2a: Palafin|spd|1\n|faint|p1a: Toxapex\n|\n|upkeep\n|\n|t:|1698752710\n|switch|p1a: Dragapult|Dragapult, M, shiny|100\/100\n|turn|13\n|c|\u2606mysteryflame|zzz\n|\n|t:|1698752714\n|switch|p2a: Alomomola|Alomomola, F|100\/100\n|move|p1a: Dragapult|Sucker Punch||[still]\n|-fail|p1a: Dragapult\n|\n|upkeep\n|turn|14\n|\n|t:|1698752718\n|switch|p1a: Shaymin|Shaymin-Sky|100\/100\n|move|p2a: Alomomola|Toxic|p1a: Shaymin\n|-status|p1a: Shaymin|tox\n|\n|-damage|p1a: Shaymin|94\/100 tox|[from] psn\n|upkeep\n|turn|15\n|c|\u2606mysteryflame|use your brain\n|c|\u2606mysteryflame|jajaa\n|\n|t:|1698752732\n|switch|p2a: Bisharp|Bisharp, F|100\/100\n|move|p1a: Shaymin|Seed Flare|p2a: Bisharp\n|-resisted|p2a: Bisharp\n|-damage|p2a: Bisharp|70\/100\n|-unboost|p2a: Bisharp|spd|2\n|-ability|p2a: Bisharp|Defiant|boost\n|-boost|p2a: Bisharp|atk|2\n|\n|-damage|p1a: Shaymin|82\/100 tox|[from] psn\n|upkeep\n|turn|16\n|c|\u2606mysteryflame|use your brain\n|c|\u2606weylone-_-|\ud83e\udd23\ud83e\udd23\n|\n|t:|1698752754\n|switch|p2a: Pawmot|Pawmot, F|100\/100\n|move|p1a: Shaymin|Seed Flare|p2a: Pawmot\n|-damage|p2a: Pawmot|0 fnt\n|faint|p2a: Pawmot\n|\n|-damage|p1a: Shaymin|64\/100 tox|[from] psn\n|upkeep\n|c|\u2606mysteryflame|omg\n|c|\u2606mysteryflame|they used them\n|c|\u2606weylone-_-|youre team is so bad\n|inactive|mysteryflame has 120 seconds left.\n|c|\u2606weylone-_-|damn\n|\n|t:|1698752783\n|switch|p2a: Bisharp|Bisharp, F|70\/100\n|turn|17\n|\n|t:|1698752793\n|switch|p1a: Landorus|Landorus-Therian, M|22\/100\n|-ability|p1a: Landorus|Intimidate|boost\n|-unboost|p2a: Bisharp|atk|1\n|-ability|p2a: Bisharp|Defiant|boost\n|-boost|p2a: Bisharp|atk|2\n|move|p2a: Bisharp|Knock Off|p1a: Landorus\n|-damage|p1a: Landorus|0 fnt\n|faint|p1a: Landorus\n|\n|upkeep\n|\n|t:|1698752797\n|switch|p1a: Espeon|Espeon, M|100\/100\n|turn|18\n|c|\u2606mysteryflame|noob\n|c|\u2606weylone-_-|\ud83e\udd23\ud83e\udd23\n|\n|t:|1698752820\n|move|p1a: Espeon|Tera Blast|p2a: Bisharp\n|-resisted|p2a: Bisharp\n|-damage|p2a: Bisharp|59\/100\n|move|p2a: Bisharp|Knock Off|p1a: Espeon\n|-supereffective|p1a: Espeon\n|-enditem|p1a: Espeon|Focus Sash\n|-damage|p1a: Espeon|1\/100\n|\n|upkeep\n|turn|19\n|\n|t:|1698752828\n|move|p1a: Espeon|Tera Blast|p2a: Bisharp\n|-resisted|p2a: Bisharp\n|-damage|p2a: Bisharp|49\/100\n|move|p2a: Bisharp|Knock Off|p1a: Espeon\n|-supereffective|p1a: Espeon\n|-damage|p1a: Espeon|0 fnt\n|faint|p1a: Espeon\n|\n|upkeep\n|\n|t:|1698752834\n|switch|p1a: Shaymin|Shaymin-Sky|64\/100 tox\n|turn|20\n|c|\u2606mysteryflame|\ud83e\udd23\ud83e\udd23\n|inactive|weylone-_- has 120 seconds left.\n|c|\u2606weylone-_-|where s youre sucker punch?\ud83e\udd23\n|\n|t:|1698752865\n|switch|p1a: Gholdengo|Gholdengo|61\/100\n|move|p2a: Bisharp|Knock Off|p1a: Gholdengo\n|-supereffective|p1a: Gholdengo\n|-damage|p1a: Gholdengo|0 fnt\n|faint|p1a: Gholdengo\n|\n|upkeep\n|\n|t:|1698752871\n|switch|p1a: Dragapult|Dragapult, M, shiny|100\/100\n|turn|21\n|c|\u2606mysteryflame|noob\n|\n|t:|1698752876\n|move|p1a: Dragapult|U-turn|p2a: Bisharp\n|-damage|p2a: Bisharp|27\/100\n|\n|t:|1698752878\n|switch|p1a: Shaymin|Shaymin-Sky|64\/100 tox|[from] U-turn\n|move|p2a: Bisharp|Knock Off|p1a: Shaymin\n|-damage|p1a: Shaymin|0 fnt\n|-enditem|p1a: Shaymin|Choice Specs|[from] move: Knock Off|[of] p2a: Bisharp\n|faint|p1a: Shaymin\n|\n|upkeep\n|c|\u2606mysteryflame|noob\n|\n|t:|1698752883\n|switch|p1a: Dragapult|Dragapult, M, shiny|100\/100\n|turn|22\n|\n|t:|1698752887\n|move|p1a: Dragapult|Dragon Darts|p2a: Bisharp\n|-resisted|p2a: Bisharp\n|-damage|p2a: Bisharp|15\/100\n|-anim|p1a: Dragapult|Dragon Darts|p2a: Bisharp\n|-resisted|p2a: Bisharp\n|-damage|p2a: Bisharp|3\/100\n|move|p2a: Bisharp|Knock Off|p1a: Dragapult\n|-supereffective|p1a: Dragapult\n|-damage|p1a: Dragapult|0 fnt\n|-enditem|p1a: Dragapult|Choice Band|[from] move: Knock Off|[of] p2a: Bisharp\n|faint|p1a: Dragapult\n|\n|win|mysteryflame\n|raw|weylone-_-'s rating: 1268 &rarr; <strong>1244<\/strong><br \/>(-24 for losing)\n|raw|mysteryflame's rating: 1277 &rarr; <strong>1301<\/strong><br \/>(+24 for winning)\n|c|\u2606mysteryflame|sooo bad\n|c|\u2606weylone-_-|\ud83e\udd23\ud83e\udd23\n","uploadtime":1698752911,"views":5,"p1id":"weylone","p2id":"mysteryflame","formatid":"gen9nationaldexubers","rating":1244,"private":0,"password":""}