{"id":"gen9nationaldexubers-1981465380","p1":"KingoftheTitans","p2":"poyo005","format":"[Gen 9] National Dex Ubers","log":"|j|\u2606KingoftheTitans\n|j|\u2606poyo005\n|t:|1698899721\n|gametype|singles\n|player|p1|KingoftheTitans|170|1349\n|player|p2|poyo005|benga|1420\n|teamsize|p1|6\n|teamsize|p2|6\n|gen|9\n|tier|[Gen 9] National Dex Ubers\n|rated|\n|rule|HP Percentage Mod: HP is shown in percentages\n|rule|Endless Battle Clause: Forcing endless battles is banned\n|rule|OHKO Clause: OHKO moves are banned\n|rule|Evasion Moves Clause: Evasion moves are banned\n|rule|Evasion Items Clause: Evasion items are banned\n|rule|Species Clause: Limit one of each Pok\u00e9mon\n|rule|Sleep Clause Mod: Limit one foe put to sleep\n|rule|Mega Rayquaza Clause: You cannot mega evolve Rayquaza\n|clearpoke\n|poke|p1|Ogerpon-Hearthflame, F|\n|poke|p1|Deoxys-Speed|\n|poke|p1|Mewtwo|\n|poke|p1|Dragapult, M|\n|poke|p1|Ho-Oh|\n|poke|p1|Kyurem-Black|\n|poke|p2|Calyrex-Ice|\n|poke|p2|Melmetal|\n|poke|p2|Dracovish|\n|poke|p2|Hatterene, F|\n|poke|p2|Cresselia, F|\n|poke|p2|Ursaluna, M|\n|teampreview\n|\n|t:|1698899740\n|start\n|switch|p1a: Ho-Oh|Ho-Oh|100\/100\n|switch|p2a: Melmetal|Melmetal|100\/100\n|turn|1\n|\n|t:|1698899756\n|switch|p1a: Deoxys|Deoxys-Speed, shiny|100\/100\n|-ability|p1a: Deoxys|Pressure\n|switch|p2a: Hatterene|Hatterene, F|100\/100\n|\n|upkeep\n|turn|2\n|\n|t:|1698899765\n|move|p1a: Deoxys|Knock Off|p2a: Hatterene\n|-damage|p2a: Hatterene|75\/100\n|-enditem|p2a: Hatterene|Focus Sash|[from] move: Knock Off|[of] p1a: Deoxys\n|move|p2a: Hatterene|Trick Room|p2a: Hatterene\n|-fieldstart|move: Trick Room|[of] p2a: Hatterene\n|\n|upkeep\n|turn|3\n|\n|t:|1698899771\n|move|p2a: Hatterene|Healing Wish|p2a: Hatterene\n|faint|p2a: Hatterene\n|move|p1a: Deoxys|Stealth Rock|p2: Hatterene\n|-sidestart|p2: poyo005|move: Stealth Rock\n|\n|upkeep\n|\n|t:|1698899776\n|switch|p2a: Dracovish|Dracovish|100\/100\n|-damage|p2a: Dracovish|88\/100|[from] Stealth Rock\n|turn|4\n|\n|t:|1698899788\n|move|p2a: Dracovish|Fishious Rend|p1a: Deoxys\n|-enditem|p1a: Deoxys|Focus Sash\n|-damage|p1a: Deoxys|1\/100\n|move|p1a: Deoxys|Knock Off|p2a: Dracovish\n|-damage|p2a: Dracovish|68\/100\n|-enditem|p2a: Dracovish|Choice Band|[from] move: Knock Off|[of] p1a: Deoxys\n|\n|upkeep\n|turn|5\n|\n|t:|1698899795\n|move|p2a: Dracovish|Fishious Rend|p1a: Deoxys\n|-damage|p1a: Deoxys|0 fnt\n|faint|p1a: Deoxys\n|\n|upkeep\n|\n|t:|1698899799\n|switch|p1a: Kyurem|Kyurem-Black, shiny|100\/100\n|-ability|p1a: Kyurem|Teravolt\n|turn|6\n|\n|t:|1698899806\n|-terastallize|p2a: Dracovish|Water\n|move|p2a: Dracovish|Fishious Rend|p1a: Kyurem\n|-resisted|p1a: Kyurem\n|-damage|p1a: Kyurem|34\/100\n|move|p1a: Kyurem|Dragon Dance|p1a: Kyurem\n|-boost|p1a: Kyurem|atk|1\n|-boost|p1a: Kyurem|spe|1\n|\n|-fieldend|move: Trick Room\n|upkeep\n|turn|7\n|\n|t:|1698899814\n|switch|p2a: Melmetal|Melmetal|100\/100\n|-damage|p2a: Melmetal|94\/100|[from] Stealth Rock\n|move|p1a: Kyurem|Fusion Bolt|p2a: Melmetal\n|-damage|p2a: Melmetal|61\/100\n|\n|upkeep\n|turn|8\n|\n|t:|1698899824\n|-terastallize|p1a: Kyurem|Electric\n|move|p1a: Kyurem|Fusion Bolt|p2a: Melmetal\n|-damage|p2a: Melmetal|13\/100\n|move|p2a: Melmetal|Double Iron Bash|p1a: Kyurem\n|-resisted|p1a: Kyurem\n|-damage|p1a: Kyurem|7\/100\n|-resisted|p1a: Kyurem\n|-damage|p1a: Kyurem|0 fnt\n|faint|p1a: Kyurem\n|-hitcount|p1: Kyurem|2\n|\n|upkeep\n|\n|t:|1698899836\n|switch|p1a: Ho-Oh|Ho-Oh|100\/100\n|turn|9\n|\n|t:|1698899839\n|switch|p2a: Cresselia|Cresselia, F|100\/100\n|-damage|p2a: Cresselia|88\/100|[from] Stealth Rock\n|move|p1a: Ho-Oh|Brave Bird|p2a: Cresselia\n|-damage|p2a: Cresselia|50\/100\n|-damage|p1a: Ho-Oh|87\/100|[from] Recoil\n|\n|upkeep\n|turn|10\n|\n|t:|1698899854\n|move|p1a: Ho-Oh|Toxic|p2a: Cresselia\n|-status|p2a: Cresselia|tox\n|move|p2a: Cresselia|Trick Room|p2a: Cresselia\n|-fieldstart|move: Trick Room|[of] p2a: Cresselia\n|\n|-damage|p2a: Cresselia|44\/100 tox|[from] psn\n|upkeep\n|turn|11\n|\n|t:|1698899867\n|switch|p2a: Dracovish|Dracovish, tera:Water|68\/100\n|-heal|p2a: Dracovish|100\/100|[from] move: Healing Wish\n|-damage|p2a: Dracovish|88\/100|[from] Stealth Rock\n|move|p1a: Ho-Oh|Brave Bird|p2a: Dracovish\n|-damage|p2a: Dracovish|40\/100\n|-damage|p1a: Ho-Oh|73\/100|[from] Recoil\n|\n|upkeep\n|turn|12\n|\n|t:|1698899882\n|switch|p1a: Dragapult|Dragapult, M, shiny|100\/100\n|move|p2a: Dracovish|Fishious Rend|p1a: Dragapult\n|-resisted|p1a: Dragapult\n|-damage|p1a: Dragapult|4\/100\n|\n|upkeep\n|turn|13\n|raw|<div class=\"broadcast-red\"><b>The server is restarting soon.<\/b><br \/>Please finish your battles quickly. No new battles can be started until the server resets in a few minutes.<\/div>\n|inactive|Battle timer is ON: inactive players will automatically lose when time's up.\n|raw|<div class=\"broadcast-red\"><b>Moderated chat was set to +!<\/b><br \/>Only users of rank + and higher can talk.<\/div>\n|\n|t:|1698899893\n|move|p2a: Dracovish|Fishious Rend|p1a: Dragapult\n|-resisted|p1a: Dragapult\n|-damage|p1a: Dragapult|0 fnt\n|faint|p1a: Dragapult\n|\n|upkeep\n|\n|t:|1698899902\n|switch|p1a: Ogerpon|Ogerpon-Hearthflame, F|100\/100\n|-ability|p1a: Ogerpon|Mold Breaker\n|turn|14\n|\n|t:|1698899907\n|move|p2a: Dracovish|Fishious Rend|p1a: Ogerpon\n|-damage|p1a: Ogerpon|0 fnt\n|faint|p1a: Ogerpon\n|\n|-fieldend|move: Trick Room\n|upkeep\n|\n|t:|1698899911\n|switch|p1a: Ho-Oh|Ho-Oh|100\/100\n|turn|15\n|\n|t:|1698899917\n|switch|p2a: Cresselia|Cresselia, F|44\/100 tox\n|-damage|p2a: Cresselia|32\/100 tox|[from] Stealth Rock\n|move|p1a: Ho-Oh|Brave Bird|p2a: Cresselia\n|-crit|p2a: Cresselia\n|-damage|p2a: Cresselia|0 fnt\n|faint|p2a: Cresselia\n|-damage|p1a: Ho-Oh|89\/100|[from] Recoil\n|\n|upkeep\n|\n|t:|1698899932\n|switch|p2a: Calyrex|Calyrex-Ice|100\/100\n|-ability|p2a: Calyrex|As One\n|-ability|p2a: Calyrex|Unnerve\n|-damage|p2a: Calyrex|76\/100|[from] Stealth Rock\n|turn|16\n|\n|t:|1698899946\n|move|p1a: Ho-Oh|Brave Bird|p2a: Calyrex\n|-damage|p2a: Calyrex|42\/100\n|-damage|p1a: Ho-Oh|79\/100|[from] Recoil\n|move|p2a: Calyrex|Trick Room|p2a: Calyrex\n|-fieldstart|move: Trick Room|[of] p2a: Calyrex\n|\n|upkeep\n|turn|17\n|inactive|poyo005 has 120 seconds left.\n|\n|t:|1698899982\n|move|p2a: Calyrex|Glacial Lance|p1a: Ho-Oh\n|-damage|p1a: Ho-Oh|30\/100\n|move|p1a: Ho-Oh|Roost|p1a: Ho-Oh\n|-heal|p1a: Ho-Oh|80\/100\n|-singleturn|p1a: Ho-Oh|move: Roost\n|\n|upkeep\n|turn|18\n|inactive|poyo005 has 120 seconds left.\n|\n|t:|1698900001\n|move|p2a: Calyrex|Glacial Lance|p1a: Ho-Oh\n|-damage|p1a: Ho-Oh|27\/100\n|move|p1a: Ho-Oh|Roost|p1a: Ho-Oh\n|-heal|p1a: Ho-Oh|77\/100\n|-singleturn|p1a: Ho-Oh|move: Roost\n|\n|upkeep\n|turn|19\n|\n|t:|1698900012\n|switch|p2a: Dracovish|Dracovish, tera:Water|40\/100\n|-damage|p2a: Dracovish|28\/100|[from] Stealth Rock\n|move|p1a: Ho-Oh|Roost|p1a: Ho-Oh\n|-heal|p1a: Ho-Oh|100\/100\n|-singleturn|p1a: Ho-Oh|move: Roost\n|\n|upkeep\n|turn|20\n|\n|t:|1698900021\n|move|p2a: Dracovish|Fishious Rend|p1a: Ho-Oh\n|-supereffective|p1a: Ho-Oh\n|-damage|p1a: Ho-Oh|0 fnt\n|faint|p1a: Ho-Oh\n|\n|-fieldend|move: Trick Room\n|upkeep\n|\n|t:|1698900025\n|switch|p1a: Mewtwo|Mewtwo, shiny|100\/100\n|-ability|p1a: Mewtwo|Pressure\n|turn|21\n|\n|t:|1698900030\n|detailschange|p1a: Mewtwo|Mewtwo-Mega-Y, shiny\n|-mega|p1a: Mewtwo|Mewtwo|Mewtwonite Y\n|move|p1a: Mewtwo|Psystrike|p2a: Dracovish\n|-damage|p2a: Dracovish|0 fnt\n|faint|p2a: Dracovish\n|\n|upkeep\n|\n|t:|1698900037\n|switch|p2a: Calyrex|Calyrex-Ice|42\/100\n|-ability|p2a: Calyrex|As One\n|-ability|p2a: Calyrex|Unnerve\n|-damage|p2a: Calyrex|17\/100|[from] Stealth Rock\n|turn|22\n|\n|t:|1698900043\n|move|p1a: Mewtwo|Fire Blast|p2a: Calyrex\n|-supereffective|p2a: Calyrex\n|-damage|p2a: Calyrex|0 fnt\n|faint|p2a: Calyrex\n|\n|upkeep\n|\n|t:|1698900047\n|switch|p2a: Melmetal|Melmetal|13\/100\n|-damage|p2a: Melmetal|6\/100|[from] Stealth Rock\n|turn|23\n|\n|t:|1698900051\n|move|p1a: Mewtwo|Psystrike|p2a: Melmetal\n|-resisted|p2a: Melmetal\n|-damage|p2a: Melmetal|0 fnt\n|faint|p2a: Melmetal\n|\n|upkeep\n|\n|t:|1698900054\n|switch|p2a: Ursaluna|Ursaluna, M|100\/100\n|-damage|p2a: Ursaluna|94\/100|[from] Stealth Rock\n|turn|24\n|\n|t:|1698900057\n|move|p1a: Mewtwo|Ice Beam|p2a: Ursaluna\n|-supereffective|p2a: Ursaluna\n|-damage|p2a: Ursaluna|20\/100\n|move|p2a: Ursaluna|Facade|p1a: Mewtwo\n|-damage|p1a: Mewtwo|47\/100\n|\n|-status|p2a: Ursaluna|brn|[from] item: Flame Orb\n|upkeep\n|turn|25\n|\n|t:|1698900065\n|move|p1a: Mewtwo|Psystrike|p2a: Ursaluna\n|-damage|p2a: Ursaluna|0 fnt\n|faint|p2a: Ursaluna\n|\n|win|KingoftheTitans\n|raw|KingoftheTitans's rating: 1349 &rarr; <strong>1373<\/strong><br \/>(+24 for winning)\n|raw|poyo005's rating: 1420 &rarr; <strong>1396<\/strong><br \/>(-24 for losing)\n|c|\u2606KingoftheTitans|gg\n|l|\u2606poyo005\n","uploadtime":1698900073,"views":13,"p1id":"kingofthetitans","p2id":"poyo005","formatid":"gen9nationaldexubers","rating":1373,"private":0,"password":""}