{"id":"gen9nationaldexubers-1977931992","p1":"Beaver Agedashi","p2":"hexagonereal","format":"[Gen 9] National Dex Ubers","log":"|j|\u2606Beaver Agedashi\n|j|\u2606hexagonereal\n|t:|1698468489\n|gametype|singles\n|player|p1|Beaver Agedashi|falkner|1514\n|player|p2|hexagonereal|cyrus|1593\n|teamsize|p1|6\n|teamsize|p2|6\n|gen|9\n|tier|[Gen 9] National Dex Ubers\n|rated|\n|rule|HP Percentage Mod: HP is shown in percentages\n|rule|Endless Battle Clause: Forcing endless battles is banned\n|rule|OHKO Clause: OHKO moves are banned\n|rule|Evasion Moves Clause: Evasion moves are banned\n|rule|Evasion Items Clause: Evasion items are banned\n|rule|Species Clause: Limit one of each Pok\u00e9mon\n|rule|Sleep Clause Mod: Limit one foe put to sleep\n|rule|Mega Rayquaza Clause: You cannot mega evolve Rayquaza\n|clearpoke\n|poke|p1|Garchomp, M|\n|poke|p1|Ho-Oh|\n|poke|p1|Regieleki|\n|poke|p1|Marshadow|\n|poke|p1|Grimmsnarl, M|\n|poke|p1|Groudon|\n|poke|p2|Yveltal|\n|poke|p2|Necrozma-Dusk-Mane|\n|poke|p2|Deoxys-Attack|\n|poke|p2|Zygarde|\n|poke|p2|Groudon|\n|poke|p2|Ho-Oh|\n|teampreview\n|inactive|Battle timer is ON: inactive players will automatically lose when time's up. (requested by Beaver Agedashi)\n|\n|t:|1698468501\n|start\n|switch|p1a: \u767d\u6bdb\u5de8\u9b54|Grimmsnarl, M, shiny|100\/100\n|switch|p2a: Nucleus|Deoxys-Attack|100\/100\n|-ability|p2a: Nucleus|Pressure\n|turn|1\n|\n|t:|1698468510\n|move|p1a: \u767d\u6bdb\u5de8\u9b54|Taunt|p2a: Nucleus\n|-start|p2a: Nucleus|move: Taunt\n|move|p2a: Nucleus|Ice Beam|p1a: \u767d\u6bdb\u5de8\u9b54\n|-crit|p1a: \u767d\u6bdb\u5de8\u9b54\n|-damage|p1a: \u767d\u6bdb\u5de8\u9b54|21\/100\n|-enditem|p1a: \u767d\u6bdb\u5de8\u9b54|Sitrus Berry|[eat]\n|-heal|p1a: \u767d\u6bdb\u5de8\u9b54|46\/100|[from] item: Sitrus Berry\n|-damage|p2a: Nucleus|91\/100|[from] item: Life Orb\n|\n|upkeep\n|turn|2\n|\n|t:|1698468526\n|move|p1a: \u767d\u6bdb\u5de8\u9b54|Thunder Wave|p2a: Nucleus\n|-status|p2a: Nucleus|par\n|move|p2a: Nucleus|Ice Beam|p1a: \u767d\u6bdb\u5de8\u9b54\n|-damage|p1a: \u767d\u6bdb\u5de8\u9b54|0 fnt\n|faint|p1a: \u767d\u6bdb\u5de8\u9b54\n|-damage|p2a: Nucleus|81\/100 par|[from] item: Life Orb\n|\n|upkeep\n|\n|t:|1698468537\n|switch|p1a: Groudon|Groudon, shiny|100\/100\n|detailschange|p1a: Groudon|Groudon-Primal, shiny\n|-primal|p1a: Groudon|Red Orb\n|-weather|DesolateLand|[from] ability: Desolate Land|[of] p1a: Groudon\n|turn|3\n|\n|t:|1698468543\n|move|p1a: Groudon|Rock Polish|p1a: Groudon\n|-boost|p1a: Groudon|spe|2\n|cant|p2a: Nucleus|par\n|\n|-weather|DesolateLand|[upkeep]\n|-end|p2a: Nucleus|move: Taunt\n|upkeep\n|turn|4\n|\n|t:|1698468552\n|move|p1a: Groudon|Heat Crash|p2a: Nucleus\n|-damage|p2a: Nucleus|0 fnt\n|faint|p2a: Nucleus\n|\n|-weather|DesolateLand|[upkeep]\n|upkeep\n|\n|t:|1698468565\n|switch|p2a: The Council|Zygarde|100\/100\n|turn|5\n|inactive|Beaver Agedashi has 120 seconds left.\n|\n|t:|1698468595\n|move|p1a: Groudon|Swords Dance|p1a: Groudon\n|-boost|p1a: Groudon|atk|2\n|move|p2a: The Council|Glare|p1a: Groudon\n|-status|p1a: Groudon|par\n|\n|-weather|DesolateLand|[upkeep]\n|upkeep\n|turn|6\n|inactive|Beaver Agedashi has 120 seconds left.\n|\n|t:|1698468608\n|move|p1a: Groudon|Heat Crash|p2a: The Council\n|-resisted|p2a: The Council\n|-damage|p2a: The Council|41\/100\n|move|p2a: The Council|Thousand Arrows|p1a: Groudon\n|-supereffective|p1a: Groudon\n|-damage|p1a: Groudon|58\/100 par\n|\n|-weather|DesolateLand|[upkeep]\n|-heal|p2a: The Council|47\/100|[from] item: Leftovers\n|-activate|p2a: The Council|ability: Power Construct\n|detailschange|p2a: The Council|Zygarde-Complete\n|-heal|p2a: The Council|66\/100|[silent]\n|upkeep\n|turn|7\n|inactive|Beaver Agedashi has 120 seconds left.\n|\n|t:|1698468630\n|cant|p1a: Groudon|par\n|move|p2a: The Council|Thousand Arrows|p1a: Groudon\n|-supereffective|p1a: Groudon\n|-damage|p1a: Groudon|17\/100 par\n|\n|-weather|DesolateLand|[upkeep]\n|-heal|p2a: The Council|72\/100|[from] item: Leftovers\n|upkeep\n|turn|8\n|inactive|Beaver Agedashi has 120 seconds left.\n|\n|t:|1698468643\n|move|p1a: Groudon|Earthquake|p2a: The Council\n|-damage|p2a: The Council|11\/100\n|move|p2a: The Council|Substitute|p2a: The Council\n|-fail|p2a: The Council|move: Substitute|[weak]\n|\n|-weather|DesolateLand|[upkeep]\n|-heal|p2a: The Council|17\/100|[from] item: Leftovers\n|upkeep\n|turn|9\n|inactive|Beaver Agedashi has 120 seconds left.\n|\n|t:|1698468652\n|move|p1a: Groudon|Earthquake|p2a: The Council\n|-damage|p2a: The Council|0 fnt\n|faint|p2a: The Council\n|\n|-weather|DesolateLand|[upkeep]\n|upkeep\n|\n|t:|1698468655\n|switch|p2a: Red Velvet|Yveltal|100\/100\n|-ability|p2a: Red Velvet|Dark Aura\n|turn|10\n|\n|t:|1698468661\n|move|p2a: Red Velvet|Dark Pulse|p1a: Groudon\n|-damage|p1a: Groudon|0 fnt\n|faint|p1a: Groudon\n|-weather|none\n|\n|upkeep\n|inactive|Beaver Agedashi has 120 seconds left.\n|\n|t:|1698468682\n|switch|p1a: \u9ad8\u538b\u7535\u7ebf|Regieleki, shiny|100\/100\n|turn|11\n|\n|t:|1698468693\n|switch|p2a: Vesuvius|Groudon|100\/100\n|detailschange|p2a: Vesuvius|Groudon-Primal\n|-primal|p2a: Vesuvius|Red Orb\n|-weather|DesolateLand|[from] ability: Desolate Land|[of] p2a: Vesuvius\n|move|p1a: \u9ad8\u538b\u7535\u7ebf|Volt Switch|p2a: Vesuvius\n|-immune|p2a: Vesuvius\n|\n|-weather|DesolateLand|[upkeep]\n|upkeep\n|turn|12\n|\n|t:|1698468705\n|switch|p1a: \u95ea\u5149mega\u5927\u5634\u96c0|Ho-Oh, shiny|100\/100\n|move|p2a: Vesuvius|Stealth Rock|p1a: \u95ea\u5149mega\u5927\u5634\u96c0\n|-sidestart|p1: Beaver Agedashi|move: Stealth Rock\n|\n|-weather|DesolateLand|[upkeep]\n|upkeep\n|turn|13\n|\n|t:|1698468715\n|switch|p1a: \u5b89\u5229\u56e0\u5854|Garchomp, M|100\/100\n|-damage|p1a: \u5b89\u5229\u56e0\u5854|94\/100|[from] Stealth Rock\n|move|p2a: Vesuvius|Rock Tomb|p1a: \u5b89\u5229\u56e0\u5854\n|-resisted|p1a: \u5b89\u5229\u56e0\u5854\n|-damage|p1a: \u5b89\u5229\u56e0\u5854|81\/100\n|-unboost|p1a: \u5b89\u5229\u56e0\u5854|spe|1\n|\n|-weather|DesolateLand|[upkeep]\n|upkeep\n|turn|14\n|\n|t:|1698468730\n|detailschange|p1a: \u5b89\u5229\u56e0\u5854|Garchomp-Mega, M\n|-mega|p1a: \u5b89\u5229\u56e0\u5854|Garchomp|Garchompite\n|move|p2a: Vesuvius|Precipice Blades|p1a: \u5b89\u5229\u56e0\u5854\n|-damage|p1a: \u5b89\u5229\u56e0\u5854|13\/100\n|move|p1a: \u5b89\u5229\u56e0\u5854|Earthquake|p2a: Vesuvius\n|-supereffective|p2a: Vesuvius\n|-damage|p2a: Vesuvius|14\/100\n|\n|-weather|DesolateLand|[upkeep]\n|upkeep\n|turn|15\n|\n|t:|1698468743\n|move|p2a: Vesuvius|Precipice Blades|p1a: \u5b89\u5229\u56e0\u5854\n|-damage|p1a: \u5b89\u5229\u56e0\u5854|0 fnt\n|faint|p1a: \u5b89\u5229\u56e0\u5854\n|\n|-weather|DesolateLand|[upkeep]\n|upkeep\n|\n|t:|1698468751\n|switch|p1a: \u591c\u6e38\u9b42|Marshadow|100\/100\n|-damage|p1a: \u591c\u6e38\u9b42|94\/100|[from] Stealth Rock\n|turn|16\n|\n|t:|1698468755\n|move|p1a: \u591c\u6e38\u9b42|Shadow Sneak|p2a: Vesuvius\n|-damage|p2a: Vesuvius|0 fnt\n|faint|p2a: Vesuvius\n|-weather|none\n|\n|upkeep\n|\n|t:|1698468764\n|switch|p2a: Revival|Ho-Oh|100\/100\n|turn|17\n|\n|t:|1698468769\n|switch|p1a: \u95ea\u5149mega\u5927\u5634\u96c0|Ho-Oh, shiny|100\/100\n|move|p2a: Revival|Toxic|p1a: \u95ea\u5149mega\u5927\u5634\u96c0\n|-status|p1a: \u95ea\u5149mega\u5927\u5634\u96c0|tox\n|\n|-damage|p1a: \u95ea\u5149mega\u5927\u5634\u96c0|94\/100 tox|[from] psn\n|upkeep\n|turn|18\n|\n|t:|1698468778\n|move|p2a: Revival|Sacred Fire|p1a: \u95ea\u5149mega\u5927\u5634\u96c0\n|-resisted|p1a: \u95ea\u5149mega\u5927\u5634\u96c0\n|-damage|p1a: \u95ea\u5149mega\u5927\u5634\u96c0|79\/100 tox\n|move|p1a: \u95ea\u5149mega\u5927\u5634\u96c0|Defog|p2a: Revival\n|-unboost|p2a: Revival|evasion|1\n|-sideend|p1: Beaver Agedashi|Stealth Rock|[from] move: Defog|[of] p1a: \u95ea\u5149mega\u5927\u5634\u96c0\n|\n|-damage|p1a: \u95ea\u5149mega\u5927\u5634\u96c0|66\/100 tox|[from] psn\n|upkeep\n|turn|19\n|\n|t:|1698468790\n|move|p2a: Revival|Sacred Fire|p1a: \u95ea\u5149mega\u5927\u5634\u96c0\n|-resisted|p1a: \u95ea\u5149mega\u5927\u5634\u96c0\n|-damage|p1a: \u95ea\u5149mega\u5927\u5634\u96c0|50\/100 tox\n|move|p1a: \u95ea\u5149mega\u5927\u5634\u96c0|Sacred Fire|p2a: Revival\n|-resisted|p2a: Revival\n|-damage|p2a: Revival|86\/100\n|\n|-damage|p1a: \u95ea\u5149mega\u5927\u5634\u96c0|32\/100 tox|[from] psn\n|upkeep\n|turn|20\n|\n|t:|1698468801\n|move|p1a: \u95ea\u5149mega\u5927\u5634\u96c0|Sacred Fire|p2a: Revival\n|-resisted|p2a: Revival\n|-damage|p2a: Revival|68\/100\n|move|p2a: Revival|Sacred Fire|p1a: \u95ea\u5149mega\u5927\u5634\u96c0\n|-resisted|p1a: \u95ea\u5149mega\u5927\u5634\u96c0\n|-damage|p1a: \u95ea\u5149mega\u5927\u5634\u96c0|15\/100 tox\n|\n|-damage|p1a: \u95ea\u5149mega\u5927\u5634\u96c0|0 fnt|[from] psn\n|faint|p1a: \u95ea\u5149mega\u5927\u5634\u96c0\n|upkeep\n|\n|t:|1698468812\n|switch|p1a: \u9ad8\u538b\u7535\u7ebf|Regieleki, shiny|100\/100\n|turn|21\n|\n|t:|1698468825\n|-terastallize|p2a: Revival|Grass\n|move|p1a: \u9ad8\u538b\u7535\u7ebf|Thunderbolt|p2a: Revival\n|-resisted|p2a: Revival\n|-damage|p2a: Revival|46\/100\n|move|p2a: Revival|Sacred Fire|p1a: \u9ad8\u538b\u7535\u7ebf\n|-damage|p1a: \u9ad8\u538b\u7535\u7ebf|22\/100\n|-status|p1a: \u9ad8\u538b\u7535\u7ebf|brn\n|\n|-damage|p1a: \u9ad8\u538b\u7535\u7ebf|16\/100 brn|[from] brn\n|upkeep\n|turn|22\n|\n|t:|1698468839\n|switch|p1a: \u591c\u6e38\u9b42|Marshadow|94\/100\n|switch|p2a: Eclipse|Necrozma-Dusk-Mane|100\/100\n|\n|upkeep\n|turn|23\n|\n|t:|1698468852\n|-terastallize|p1a: \u591c\u6e38\u9b42|Ghost\n|move|p1a: \u591c\u6e38\u9b42|Spectral Thief|p2a: Eclipse\n|-supereffective|p2a: Eclipse\n|-damage|p2a: Eclipse|39\/100\n|move|p2a: Eclipse|Sunsteel Strike|p1a: \u591c\u6e38\u9b42\n|-damage|p1a: \u591c\u6e38\u9b42|27\/100\n|\n|-heal|p2a: Eclipse|45\/100|[from] item: Leftovers\n|upkeep\n|turn|24\n|j| 1 em trach thu\n|\n|t:|1698468872\n|move|p1a: \u591c\u6e38\u9b42|Spectral Thief|p2a: Eclipse\n|-supereffective|p2a: Eclipse\n|-damage|p2a: Eclipse|0 fnt\n|faint|p2a: Eclipse\n|\n|upkeep\n|\n|t:|1698468881\n|switch|p2a: Red Velvet|Yveltal|100\/100\n|-ability|p2a: Red Velvet|Dark Aura\n|turn|25\n|\n|t:|1698468888\n|move|p1a: \u591c\u6e38\u9b42|Close Combat|p2a: Red Velvet\n|-damage|p2a: Red Velvet|48\/100\n|-unboost|p1a: \u591c\u6e38\u9b42|def|1\n|-unboost|p1a: \u591c\u6e38\u9b42|spd|1\n|move|p2a: Red Velvet|Dark Pulse|p1a: \u591c\u6e38\u9b42\n|-supereffective|p1a: \u591c\u6e38\u9b42\n|-damage|p1a: \u591c\u6e38\u9b42|0 fnt\n|faint|p1a: \u591c\u6e38\u9b42\n|\n|upkeep\n|\n|t:|1698468898\n|switch|p1a: \u9ad8\u538b\u7535\u7ebf|Regieleki, shiny|16\/100 brn\n|turn|26\n|\n|t:|1698468902\n|move|p1a: \u9ad8\u538b\u7535\u7ebf|Thunderbolt|p2a: Red Velvet\n|-supereffective|p2a: Red Velvet\n|-damage|p2a: Red Velvet|0 fnt\n|faint|p2a: Red Velvet\n|\n|-damage|p1a: \u9ad8\u538b\u7535\u7ebf|10\/100 brn|[from] brn\n|upkeep\n|\n|t:|1698468904\n|switch|p2a: Revival|Ho-Oh, tera:Grass|79\/100\n|turn|27\n|\n|t:|1698468912\n|move|p1a: \u9ad8\u538b\u7535\u7ebf|Thunderbolt|p2a: Revival\n|-resisted|p2a: Revival\n|-damage|p2a: Revival|56\/100\n|move|p2a: Revival|Sacred Fire|p1a: \u9ad8\u538b\u7535\u7ebf\n|-damage|p1a: \u9ad8\u538b\u7535\u7ebf|0 fnt\n|faint|p1a: \u9ad8\u538b\u7535\u7ebf\n|\n|win|hexagonereal\n|raw|Beaver Agedashi's rating: 1514 &rarr; <strong>1498<\/strong><br \/>(-16 for losing)\n|raw|hexagonereal's rating: 1593 &rarr; <strong>1609<\/strong><br \/>(+16 for winning)\n","uploadtime":1698468916,"views":10,"p1id":"beaveragedashi","p2id":"hexagonereal","formatid":"gen9nationaldexubers","rating":1498,"private":0,"password":""}