{"id":"gen9nationaldexubers-1994390371","p1":"FossilReserve","p2":"Drgresaur","format":"[Gen 9] National Dex Ubers","log":"|j|\u2606FossilReserve\n|j|\u2606Drgresaur\n|t:|1700438454\n|gametype|singles\n|player|p1|FossilReserve|rood|1000\n|player|p2|Drgresaur|170|1072\n|teamsize|p1|6\n|teamsize|p2|6\n|gen|9\n|tier|[Gen 9] National Dex Ubers\n|rated|\n|rule|HP Percentage Mod: HP is shown in percentages\n|rule|Endless Battle Clause: Forcing endless battles is banned\n|rule|OHKO Clause: OHKO moves are banned\n|rule|Evasion Moves Clause: Evasion moves are banned\n|rule|Evasion Items Clause: Evasion items are banned\n|rule|Species Clause: Limit one of each Pok\u00e9mon\n|rule|Sleep Clause Mod: Limit one foe put to sleep\n|rule|Mega Rayquaza Clause: You cannot mega evolve Rayquaza\n|clearpoke\n|poke|p1|Tyrantrum, F|\n|poke|p1|Aerodactyl, M|\n|poke|p1|Bastiodon, F|\n|poke|p1|Dracovish|\n|poke|p1|Archeops, M|\n|poke|p1|Minior-Violet|\n|poke|p2|Dragapult, F|\n|poke|p2|Excadrill, F|\n|poke|p2|Sceptile, M|\n|poke|p2|Lucario, M|\n|poke|p2|Naganadel|\n|poke|p2|Charizard, M|\n|teampreview\n|c|\u2606FossilReserve|There is about to be a   Prehistoric   Purge.\n|\n|t:|1700438488\n|start\n|switch|p1a: Minior|Minior-Violet|100\/100\n|switch|p2a: Sceptile|Sceptile, M|100\/100\n|-formechange|p1a: Minior|Minior-Meteor||[from] ability: Shields Down\n|turn|1\n|c|\u2606Drgresaur|lol\n|\n|t:|1700438505\n|-zpower|p2a: Sceptile\n|move|p2a: Sceptile|Bloom Doom|p1a: Minior|[zeffect]\n|-damage|p1a: Minior|22\/100\n|move|p1a: Minior|Light Screen|p1a: Minior\n|-sidestart|p1: FossilReserve|move: Light Screen\n|\n|-formechange|p1a: Minior|Minior-Violet||[from] ability: Shields Down\n|upkeep\n|turn|2\n|\n|t:|1700438514\n|move|p1a: Minior|Endeavor|p2a: Sceptile\n|-damage|p2a: Sceptile|19\/100\n|move|p2a: Sceptile|Leaf Blade|p1a: Minior\n|-damage|p1a: Minior|0 fnt\n|faint|p1a: Minior\n|\n|upkeep\n|\n|t:|1700438525\n|switch|p1a: Archeops|Archeops, M|100\/100\n|turn|3\n|\n|t:|1700438532\n|move|p1a: Archeops|Outrage|p2a: Sceptile\n|-damage|p2a: Sceptile|0 fnt\n|faint|p2a: Sceptile\n|\n|upkeep\n|\n|t:|1700438537\n|switch|p2a: Excadrill|Excadrill, F|100\/100\n|turn|4\n|\n|t:|1700438540\n|move|p1a: Archeops|Outrage|p2a: Excadrill|[from]lockedmove\n|-resisted|p2a: Excadrill\n|-damage|p2a: Excadrill|55\/100\n|-damage|p1a: Archeops|84\/100|[from] item: Rocky Helmet|[of] p2a: Excadrill\n|-start|p1a: Archeops|confusion|[fatigue]\n|move|p2a: Excadrill|Iron Head|p1a: Archeops\n|-supereffective|p1a: Archeops\n|-damage|p1a: Archeops|0 fnt\n|faint|p1a: Archeops\n|\n|upkeep\n|\n|t:|1700438550\n|switch|p1a: Aerodactyl|Aerodactyl, M|100\/100\n|turn|5\n|\n|t:|1700438554\n|detailschange|p1a: Aerodactyl|Aerodactyl-Mega, M\n|-mega|p1a: Aerodactyl|Aerodactyl|Aerodactylite\n|-terastallize|p2a: Excadrill|Flying\n|move|p1a: Aerodactyl|Earthquake|p2a: Excadrill\n|-immune|p2a: Excadrill\n|move|p2a: Excadrill|Iron Head|p1a: Aerodactyl\n|-supereffective|p1a: Aerodactyl\n|-damage|p1a: Aerodactyl|2\/100\n|\n|-sideend|p1: FossilReserve|move: Light Screen\n|upkeep\n|turn|6\n|\n|t:|1700438563\n|move|p1a: Aerodactyl|Stone Edge|p2a: Excadrill\n|-supereffective|p2a: Excadrill\n|-damage|p2a: Excadrill|0 fnt\n|faint|p2a: Excadrill\n|\n|upkeep\n|\n|t:|1700438568\n|switch|p2a: Lucario|Lucario, M|100\/100\n|turn|7\n|\n|t:|1700438576\n|switch|p1a: Dracovish|Dracovish|100\/100\n|move|p2a: Lucario|Bullet Punch|p1a: Dracovish\n|-resisted|p1a: Dracovish\n|-damage|p1a: Dracovish|92\/100\n|\n|upkeep\n|turn|8\n|\n|t:|1700438616\n|switch|p2a: Dragapult|Dragapult, F|100\/100\n|-terastallize|p1a: Dracovish|Water\n|move|p1a: Dracovish|Fishious Rend|p2a: Dragapult\n|-resisted|p2a: Dragapult\n|-damage|p2a: Dragapult|17\/100\n|\n|upkeep\n|turn|9\n|\n|t:|1700438628\n|move|p1a: Dracovish|Fishious Rend|p2a: Dragapult\n|-resisted|p2a: Dragapult\n|-damage|p2a: Dragapult|0 fnt\n|faint|p2a: Dragapult\n|\n|upkeep\n|\n|t:|1700438635\n|switch|p2a: Lucario|Lucario, M|100\/100\n|turn|10\n|l|\u2606FossilReserve\n|player|p1|\n|j|\u2606FossilReserve\n|player|p1|FossilReserve|rood\n|\n|t:|1700438673\n|move|p1a: Dracovish|Fishious Rend|p2a: Lucario\n|-enditem|p2a: Lucario|Focus Sash\n|-damage|p2a: Lucario|1\/100\n|move|p2a: Lucario|Reversal|p1a: Dracovish\n|-damage|p1a: Dracovish|14\/100\n|\n|upkeep\n|turn|11\n|\n|t:|1700438680\n|move|p2a: Lucario|Bullet Punch|p1a: Dracovish\n|-resisted|p1a: Dracovish\n|-damage|p1a: Dracovish|4\/100\n|move|p1a: Dracovish|Fishious Rend|p2a: Lucario\n|-damage|p2a: Lucario|0 fnt\n|faint|p2a: Lucario\n|\n|upkeep\n|\n|t:|1700438687\n|switch|p2a: Naganadel|Naganadel|100\/100\n|turn|12\n|\n|t:|1700438693\n|move|p1a: Dracovish|Fishious Rend|p2a: Naganadel\n|-resisted|p2a: Naganadel\n|-damage|p2a: Naganadel|0 fnt\n|faint|p2a: Naganadel\n|\n|upkeep\n|\n|t:|1700438698\n|switch|p2a: Charizard|Charizard, M|100\/100\n|turn|13\n|c|\u2606FossilReserve|Gg\n|c|\u2606FossilReserve|Dracovish is OP\n|\n|t:|1700438713\n|detailschange|p2a: Charizard|Charizard-Mega-X, M\n|-mega|p2a: Charizard|Charizard|Charizardite X\n|move|p1a: Dracovish|Fishious Rend|p2a: Charizard\n|-damage|p2a: Charizard|0 fnt\n|faint|p2a: Charizard\n|\n|win|FossilReserve\n|raw|FossilReserve's rating: 1000 &rarr; <strong>1048<\/strong><br \/>(+48 for winning)\n|raw|Drgresaur's rating: 1072 &rarr; <strong>1047<\/strong><br \/>(-25 for losing)\n|c|\u2606Drgresaur|0 skill required\n|l|\u2606Drgresaur\n","uploadtime":1700438807,"views":17,"p1id":"fossilreserve","p2id":"drgresaur","formatid":"gen9nationaldexubers","rating":1047,"private":0,"password":""}