{"id":"gen9nationaldexubers-1997359870","p1":"kyato234","p2":"Flash241","format":"[Gen 9] National Dex Ubers","log":"|j|\u2606kyato234\n|j|\u2606Flash241\n|t:|1700793988\n|gametype|singles\n|player|p1|kyato234|1|\n|player|p2|Flash241|169|\n|teamsize|p1|6\n|teamsize|p2|6\n|gen|9\n|tier|[Gen 9] National Dex Ubers\n|rule|HP Percentage Mod: HP is shown in percentages\n|rule|Endless Battle Clause: Forcing endless battles is banned\n|rule|OHKO Clause: OHKO moves are banned\n|rule|Evasion Moves Clause: Evasion moves are banned\n|rule|Evasion Items Clause: Evasion items are banned\n|rule|Species Clause: Limit one of each Pok\u00e9mon\n|rule|Sleep Clause Mod: Limit one foe put to sleep\n|rule|Mega Rayquaza Clause: You cannot mega evolve Rayquaza\n|clearpoke\n|poke|p1|Starmie|\n|poke|p1|Basculegion, M|\n|poke|p1|Cresselia, F|\n|poke|p1|Eiscue, F|\n|poke|p1|Shuckle, M|\n|poke|p1|Comfey, F|\n|poke|p2|Zacian-*|\n|poke|p2|Okidogi, M|\n|poke|p2|Mienshao, M|\n|poke|p2|Golurk|\n|poke|p2|Articuno|\n|poke|p2|Dustox, M|\n|teampreview\n|\n|t:|1700793995\n|start\n|switch|p1a: Shuckle|Shuckle, M|100\/100\n|switch|p2a: Mienshao|Mienshao, M|100\/100\n|turn|1\n|\n|t:|1700793999\n|move|p2a: Mienshao|Fake Out|p1a: Shuckle\n|-resisted|p1a: Shuckle\n|-crit|p1a: Shuckle\n|-damage|p1a: Shuckle|95\/100\n|cant|p1a: Shuckle|flinch\n|\n|upkeep\n|turn|2\n|\n|t:|1700794001\n|move|p2a: Mienshao|Knock Off|p1a: Shuckle\n|-damage|p1a: Shuckle|75\/100\n|-enditem|p1a: Shuckle|Sitrus Berry|[from] move: Knock Off|[of] p2a: Mienshao\n|move|p1a: Shuckle|Sticky Web|p2a: Mienshao\n|-sidestart|p2: Flash241|move: Sticky Web\n|\n|upkeep\n|turn|3\n|\n|t:|1700794007\n|move|p2a: Mienshao|High Jump Kick|p1a: Shuckle\n|-damage|p1a: Shuckle|41\/100\n|move|p1a: Shuckle|Stealth Rock|p2a: Mienshao\n|-sidestart|p2: Flash241|move: Stealth Rock\n|\n|upkeep\n|turn|4\n|\n|t:|1700794011\n|move|p2a: Mienshao|High Jump Kick|p1a: Shuckle\n|-damage|p1a: Shuckle|7\/100\n|move|p1a: Shuckle|Toxic|p2a: Mienshao\n|-status|p2a: Mienshao|tox\n|\n|-damage|p2a: Mienshao|94\/100 tox|[from] psn\n|upkeep\n|turn|5\n|\n|t:|1700794015\n|move|p2a: Mienshao|High Jump Kick|p1a: Shuckle\n|-damage|p1a: Shuckle|0 fnt\n|faint|p1a: Shuckle\n|\n|-damage|p2a: Mienshao|82\/100 tox|[from] psn\n|upkeep\n|\n|t:|1700794019\n|switch|p1a: Comfey|Comfey, F|100\/100\n|turn|6\n|\n|t:|1700794024\n|move|p2a: Mienshao|Knock Off|p1a: Comfey\n|-resisted|p1a: Comfey\n|-damage|p1a: Comfey|78\/100\n|-enditem|p1a: Comfey|Life Orb|[from] move: Knock Off|[of] p2a: Mienshao\n|move|p1a: Comfey|Calm Mind|p1a: Comfey\n|-boost|p1a: Comfey|spa|1\n|-boost|p1a: Comfey|spd|1\n|\n|-damage|p2a: Mienshao|64\/100 tox|[from] psn\n|upkeep\n|turn|7\n|\n|t:|1700794030\n|move|p2a: Mienshao|U-turn|p1a: Comfey\n|-resisted|p1a: Comfey\n|-damage|p1a: Comfey|63\/100\n|\n|t:|1700794033\n|switch|p2a: Okidogi|Okidogi, M|100\/100|[from] U-turn\n|-activate|p2a: Okidogi|move: Sticky Web\n|-unboost|p2a: Okidogi|spe|1\n|-damage|p2a: Okidogi|95\/100|[from] Stealth Rock\n|move|p1a: Comfey|Calm Mind|p1a: Comfey\n|-boost|p1a: Comfey|spa|1\n|-boost|p1a: Comfey|spd|1\n|\n|upkeep\n|turn|8\n|\n|t:|1700794040\n|move|p1a: Comfey|Stored Power|p2a: Okidogi\n|-supereffective|p2a: Okidogi\n|-damage|p2a: Okidogi|0 fnt\n|faint|p2a: Okidogi\n|\n|upkeep\n|\n|t:|1700794049\n|switch|p2a: Articuno|Articuno|100\/100\n|-damage|p2a: Articuno|51\/100|[from] Stealth Rock\n|-ability|p2a: Articuno|Pressure\n|turn|9\n|\n|t:|1700794052\n|move|p1a: Comfey|Draining Kiss|p2a: Articuno\n|-damage|p2a: Articuno|19\/100\n|-heal|p1a: Comfey|95\/100|[from] drain|[of] p2a: Articuno\n|-zpower|p2a: Articuno\n|move|p2a: Articuno|Supersonic Skystrike|p1a: Comfey|[zeffect]\n|-damage|p1a: Comfey|46\/100\n|\n|upkeep\n|turn|10\n|\n|t:|1700794068\n|move|p1a: Comfey|Synthesis|p1a: Comfey\n|-heal|p1a: Comfey|96\/100\n|move|p2a: Articuno|Freeze-Dry|p1a: Comfey\n|-damage|p1a: Comfey|75\/100\n|\n|upkeep\n|turn|11\n|\n|t:|1700794074\n|move|p1a: Comfey|Calm Mind|p1a: Comfey\n|-boost|p1a: Comfey|spa|1\n|-boost|p1a: Comfey|spd|1\n|move|p2a: Articuno|Roost|p2a: Articuno\n|-heal|p2a: Articuno|69\/100\n|-singleturn|p2a: Articuno|move: Roost\n|\n|upkeep\n|turn|12\n|\n|t:|1700794080\n|move|p1a: Comfey|Draining Kiss|p2a: Articuno\n|-damage|p2a: Articuno|25\/100\n|-heal|p1a: Comfey|100\/100|[from] drain|[of] p2a: Articuno\n|move|p2a: Articuno|Freeze-Dry|p1a: Comfey\n|-damage|p1a: Comfey|84\/100\n|\n|upkeep\n|turn|13\n|\n|t:|1700794088\n|move|p1a: Comfey|Calm Mind|p1a: Comfey\n|-boost|p1a: Comfey|spa|1\n|-boost|p1a: Comfey|spd|1\n|move|p2a: Articuno|Hurricane|p1a: Comfey\n|-damage|p1a: Comfey|64\/100\n|-start|p1a: Comfey|confusion\n|\n|upkeep\n|turn|14\n|\n|t:|1700794094\n|-activate|p1a: Comfey|confusion\n|move|p1a: Comfey|Synthesis|p1a: Comfey\n|-heal|p1a: Comfey|100\/100\n|move|p2a: Articuno|Roost|p2a: Articuno\n|-heal|p2a: Articuno|76\/100\n|-singleturn|p2a: Articuno|move: Roost\n|\n|upkeep\n|turn|15\n|\n|t:|1700794100\n|-activate|p1a: Comfey|confusion\n|move|p1a: Comfey|Draining Kiss|p2a: Articuno\n|-damage|p2a: Articuno|27\/100\n|move|p2a: Articuno|Hurricane|p1a: Comfey\n|-damage|p1a: Comfey|79\/100\n|\n|upkeep\n|turn|16\n|\n|t:|1700794106\n|-end|p1a: Comfey|confusion\n|move|p1a: Comfey|Draining Kiss|p2a: Articuno\n|-damage|p2a: Articuno|0 fnt\n|-heal|p1a: Comfey|100\/100|[from] drain|[of] p2a: Articuno\n|faint|p2a: Articuno\n|\n|upkeep\n|\n|t:|1700794113\n|switch|p2a: Dustox|Dustox, M|100\/100\n|-activate|p2a: Dustox|move: Sticky Web\n|-unboost|p2a: Dustox|spe|1\n|-damage|p2a: Dustox|76\/100|[from] Stealth Rock\n|turn|17\n|\n|t:|1700794117\n|move|p1a: Comfey|Stored Power|p2a: Dustox\n|-supereffective|p2a: Dustox\n|-damage|p2a: Dustox|0 fnt\n|faint|p2a: Dustox\n|\n|upkeep\n|\n|t:|1700794123\n|switch|p2a: Golurk|Golurk|100\/100\n|-activate|p2a: Golurk|move: Sticky Web\n|-unboost|p2a: Golurk|spe|1\n|-damage|p2a: Golurk|95\/100|[from] Stealth Rock\n|turn|18\n|\n|t:|1700794128\n|move|p1a: Comfey|Stored Power|p2a: Golurk\n|-damage|p2a: Golurk|0 fnt\n|faint|p2a: Golurk\n|\n|upkeep\n|\n|t:|1700794132\n|switch|p2a: Mienshao|Mienshao, M|97\/100 tox\n|-activate|p2a: Mienshao|move: Sticky Web\n|-unboost|p2a: Mienshao|spe|1\n|-damage|p2a: Mienshao|91\/100 tox|[from] Stealth Rock\n|turn|19\n|\n|t:|1700794135\n|move|p1a: Comfey|Draining Kiss|p2a: Mienshao\n|-supereffective|p2a: Mienshao\n|-damage|p2a: Mienshao|0 fnt\n|faint|p2a: Mienshao\n|\n|upkeep\n|\n|t:|1700794142\n|switch|p2a: Zacian|Zacian|100\/100\n|-activate|p2a: Zacian|move: Sticky Web\n|-unboost|p2a: Zacian|spe|1\n|-damage|p2a: Zacian|88\/100|[from] Stealth Rock\n|-ability|p2a: Zacian|Intrepid Sword|boost\n|-boost|p2a: Zacian|atk|1\n|turn|20\n|\n|t:|1700794147\n|-terastallize|p2a: Zacian|Fairy\n|move|p1a: Comfey|Draining Kiss|p2a: Zacian\n|-damage|p2a: Zacian|35\/100\n|move|p2a: Zacian|Iron Head|p1a: Comfey\n|-supereffective|p1a: Comfey\n|-damage|p1a: Comfey|0 fnt\n|faint|p1a: Comfey\n|-damage|p2a: Zacian|25\/100|[from] item: Life Orb\n|\n|upkeep\n|\n|t:|1700794157\n|switch|p1a: Cresselia|Cresselia, F|100\/100\n|turn|21\n|\n|t:|1700794162\n|move|p2a: Zacian|Play Rough|p1a: Cresselia\n|-damage|p1a: Cresselia|19\/100\n|-damage|p2a: Zacian|16\/100|[from] item: Life Orb\n|move|p1a: Cresselia|Toxic|p2a: Zacian\n|-status|p2a: Zacian|tox\n|\n|-heal|p1a: Cresselia|25\/100|[from] item: Leftovers\n|-damage|p2a: Zacian|9\/100 tox|[from] psn\n|upkeep\n|turn|22\n|\n|t:|1700794166\n|move|p1a: Cresselia|Protect|p1a: Cresselia\n|-singleturn|p1a: Cresselia|Protect\n|move|p2a: Zacian|Play Rough|p1a: Cresselia\n|-activate|p1a: Cresselia|move: Protect\n|\n|-heal|p1a: Cresselia|31\/100|[from] item: Leftovers\n|-damage|p2a: Zacian|0 fnt|[from] psn\n|faint|p2a: Zacian\n|\n|win|kyato234\n|upkeep\n","uploadtime":1700794173,"views":8,"p1id":"kyato234","p2id":"flash241","formatid":"gen9nationaldexubers","rating":0,"private":0,"password":""}