{"id":"gen9nationaldexubers-1978274341","p1":"KylarStern0508","p2":"tmbrobber","format":"[Gen 9] National Dex Ubers","log":"|j|\u2606KylarStern0508\n|j|\u2606tmbrobber\n|t:|1698519693\n|gametype|singles\n|player|p1|KylarStern0508|bruno|\n|player|p2|tmbrobber|benga|\n|teamsize|p1|6\n|teamsize|p2|6\n|gen|9\n|tier|[Gen 9] National Dex Ubers\n|rule|HP Percentage Mod: HP is shown in percentages\n|rule|Endless Battle Clause: Forcing endless battles is banned\n|rule|OHKO Clause: OHKO moves are banned\n|rule|Evasion Moves Clause: Evasion moves are banned\n|rule|Evasion Items Clause: Evasion items are banned\n|rule|Species Clause: Limit one of each Pok\u00e9mon\n|rule|Sleep Clause Mod: Limit one foe put to sleep\n|rule|Mega Rayquaza Clause: You cannot mega evolve Rayquaza\n|clearpoke\n|poke|p1|Scizor, F|\n|poke|p1|Azumarill, M|\n|poke|p1|Donphan, F|\n|poke|p1|Pawmot, M|\n|poke|p1|Glaceon, M|\n|poke|p1|Noctowl, F|\n|poke|p2|Lucario, M|\n|poke|p2|Gengar, M|\n|poke|p2|Cloyster, M|\n|poke|p2|Rotom-Heat|\n|poke|p2|Steelix, F|\n|poke|p2|Tornadus-Therian, M|\n|teampreview\n|c|\u2606KylarStern0508|hf gl bud\n|\n|t:|1698519704\n|start\n|switch|p1a: Glaceon|Glaceon, M|100\/100\n|switch|p2a: A|Lucario, M|100\/100\n|turn|1\n|c|\u2606tmbrobber|You too\n|\n|t:|1698519726\n|switch|p1a: Donphan|Donphan, F|100\/100\n|move|p2a: A|Swords Dance|p2a: A\n|-boost|p2a: A|atk|2\n|\n|upkeep\n|turn|2\n|\n|t:|1698519733\n|move|p2a: A|Earthquake|p1a: Donphan\n|-damage|p1a: Donphan|62\/100\n|move|p1a: Donphan|Earthquake|p2a: A\n|-supereffective|p2a: A\n|-enditem|p2a: A|Focus Sash\n|-damage|p2a: A|1\/100\n|\n|-heal|p1a: Donphan|68\/100|[from] item: Leftovers\n|upkeep\n|turn|3\n|\n|t:|1698519759\n|move|p2a: A|Drain Punch|p1a: Donphan\n|-damage|p1a: Donphan|27\/100\n|-heal|p2a: A|29\/100|[from] drain|[of] p1a: Donphan\n|move|p1a: Donphan|Earthquake|p2a: A\n|-supereffective|p2a: A\n|-damage|p2a: A|0 fnt\n|faint|p2a: A\n|\n|-heal|p1a: Donphan|33\/100|[from] item: Leftovers\n|upkeep\n|\n|t:|1698519775\n|switch|p2a: Bird|Tornadus-Therian, M|100\/100\n|turn|4\n|\n|t:|1698519784\n|switch|p1a: Azumarill|Azumarill, M|100\/100\n|move|p2a: Bird|Dark Pulse|p1a: Azumarill\n|-resisted|p1a: Azumarill\n|-damage|p1a: Azumarill|93\/100\n|\n|upkeep\n|turn|5\n|\n|t:|1698519810\n|move|p2a: Bird|Psychic|p1a: Azumarill\n|-damage|p1a: Azumarill|78\/100\n|move|p1a: Azumarill|Liquidation|p2a: Bird\n|-damage|p2a: Bird|56\/100\n|\n|-heal|p2a: Bird|62\/100|[from] item: Leftovers\n|upkeep\n|turn|6\n|\n|t:|1698519826\n|move|p2a: Bird|Hurricane|p1a: Azumarill\n|-damage|p1a: Azumarill|49\/100\n|move|p1a: Azumarill|Ice Spinner|p2a: Bird\n|-supereffective|p2a: Bird\n|-damage|p2a: Bird|0 fnt\n|faint|p2a: Bird\n|\n|upkeep\n|\n|t:|1698519833\n|switch|p2a: Vibrator|Rotom-Heat|100\/100\n|turn|7\n|\n|t:|1698519876\n|move|p2a: Vibrator|Volt Switch|p1a: Azumarill\n|-supereffective|p1a: Azumarill\n|-damage|p1a: Azumarill|17\/100\n|\n|t:|1698519883\n|switch|p2a: Metal Dong|Steelix, F|100\/100|[from] Volt Switch\n|move|p1a: Azumarill|Liquidation|p2a: Metal Dong\n|-supereffective|p2a: Metal Dong\n|-damage|p2a: Metal Dong|54\/100\n|\n|upkeep\n|turn|8\n|\n|t:|1698519977\n|switch|p1a: Donphan|Donphan, F|33\/100\n|detailschange|p2a: Metal Dong|Steelix-Mega, F\n|-mega|p2a: Metal Dong|Steelix|Steelixite\n|move|p2a: Metal Dong|Stealth Rock|p1a: Donphan\n|-sidestart|p1: KylarStern0508|move: Stealth Rock\n|\n|-heal|p1a: Donphan|39\/100|[from] item: Leftovers\n|upkeep\n|turn|9\n|\n|t:|1698519989\n|move|p1a: Donphan|Stealth Rock|p2a: Metal Dong\n|-sidestart|p2: tmbrobber|move: Stealth Rock\n|move|p2a: Metal Dong|Heavy Slam|p1a: Donphan\n|-damage|p1a: Donphan|1\/100\n|\n|-heal|p1a: Donphan|7\/100|[from] item: Leftovers\n|upkeep\n|turn|10\n|\n|t:|1698519997\n|move|p1a: Donphan|Rapid Spin|p2a: Metal Dong\n|-resisted|p2a: Metal Dong\n|-damage|p2a: Metal Dong|51\/100\n|-boost|p1a: Donphan|spe|1\n|-sideend|p1: KylarStern0508|Stealth Rock|[from] move: Rapid Spin|[of] p1a: Donphan\n|move|p2a: Metal Dong|Heavy Slam|p1a: Donphan\n|-damage|p1a: Donphan|0 fnt\n|faint|p1a: Donphan\n|\n|upkeep\n|\n|t:|1698520028\n|switch|p1a: Glaceon|Glaceon, M|100\/100\n|turn|11\n|\n|t:|1698520047\n|-terastallize|p1a: Glaceon|Water\n|move|p1a: Glaceon|Calm Mind|p1a: Glaceon\n|-boost|p1a: Glaceon|spa|1\n|-boost|p1a: Glaceon|spd|1\n|move|p2a: Metal Dong|Heavy Slam|p1a: Glaceon\n|-resisted|p1a: Glaceon\n|-damage|p1a: Glaceon|78\/100\n|\n|-heal|p1a: Glaceon|84\/100|[from] item: Leftovers\n|upkeep\n|turn|12\n|\n|t:|1698520058\n|move|p1a: Glaceon|Calm Mind|p1a: Glaceon\n|-boost|p1a: Glaceon|spa|1\n|-boost|p1a: Glaceon|spd|1\n|move|p2a: Metal Dong|Earthquake|p1a: Glaceon\n|-damage|p1a: Glaceon|42\/100\n|\n|-heal|p1a: Glaceon|48\/100|[from] item: Leftovers\n|upkeep\n|turn|13\n|\n|t:|1698520090\n|move|p1a: Glaceon|Tera Blast|p2a: Metal Dong|[anim] Tera Blast Water\n|-supereffective|p2a: Metal Dong\n|-damage|p2a: Metal Dong|0 fnt\n|faint|p2a: Metal Dong\n|\n|-heal|p1a: Glaceon|54\/100|[from] item: Leftovers\n|upkeep\n|\n|t:|1698520099\n|switch|p2a: Vibrator|Rotom-Heat|100\/100\n|-damage|p2a: Vibrator|76\/100|[from] Stealth Rock\n|turn|14\n|\n|t:|1698520164\n|move|p2a: Vibrator|Volt Switch|p1a: Glaceon\n|-supereffective|p1a: Glaceon\n|-crit|p1a: Glaceon\n|-damage|p1a: Glaceon|0 fnt\n|faint|p1a: Glaceon\n|\n|t:|1698520169\n|switch|p2a: C|Cloyster, M|100\/100|[from] Volt Switch\n|-damage|p2a: C|76\/100|[from] Stealth Rock\n|\n|upkeep\n|\n|t:|1698520214\n|switch|p1a: Pawmot|Pawmot, M|100\/100\n|turn|15\n|\n|t:|1698520232\n|move|p1a: Pawmot|Double Shock|p2a: C\n|-supereffective|p2a: C\n|-damage|p2a: C|0 fnt\n|-start|p1a: Pawmot|typechange|???\/Fighting|[from] move: Double Shock\n|faint|p2a: C\n|\n|upkeep\n|\n|t:|1698520241\n|switch|p2a: Vibrator|Rotom-Heat|76\/100\n|-damage|p2a: Vibrator|51\/100|[from] Stealth Rock\n|turn|16\n|\n|t:|1698520327\n|move|p1a: Pawmot|Mach Punch|p2a: Vibrator\n|-damage|p2a: Vibrator|15\/100\n|move|p2a: Vibrator|Toxic|p1a: Pawmot\n|-status|p1a: Pawmot|tox\n|\n|-damage|p1a: Pawmot|94\/100 tox|[from] psn\n|upkeep\n|turn|17\n|\n|t:|1698520343\n|-terastallize|p2a: Vibrator|Electric\n|move|p2a: Vibrator|Toxic|p1a: Pawmot\n|-fail|p1a: Pawmot|tox\n|move|p1a: Pawmot|Knock Off|p2a: Vibrator\n|-damage|p2a: Vibrator|0 fnt\n|-enditem|p2a: Vibrator|Choice Scarf|[from] move: Knock Off|[of] p1a: Pawmot\n|faint|p2a: Vibrator\n|\n|-damage|p1a: Pawmot|82\/100 tox|[from] psn\n|upkeep\n|\n|t:|1698520352\n|switch|p2a: G|Gengar, M|100\/100\n|-damage|p2a: G|88\/100|[from] Stealth Rock\n|turn|18\n|\n|t:|1698520389\n|move|p2a: G|Dazzling Gleam|p1a: Pawmot\n|-supereffective|p1a: Pawmot\n|-damage|p1a: Pawmot|0 fnt\n|faint|p1a: Pawmot\n|-damage|p2a: G|78\/100|[from] item: Life Orb\n|\n|upkeep\n|\n|t:|1698520406\n|switch|p1a: Noctowl|Noctowl, F|100\/100\n|turn|19\n|\n|t:|1698520419\n|move|p2a: G|Thunderbolt|p1a: Noctowl\n|-supereffective|p1a: Noctowl\n|-damage|p1a: Noctowl|30\/100\n|-damage|p2a: G|68\/100|[from] item: Life Orb\n|move|p1a: Noctowl|Psychic|p2a: G\n|-supereffective|p2a: G\n|-damage|p2a: G|0 fnt\n|faint|p2a: G\n|\n|win|KylarStern0508\n|c|\u2606tmbrobber|gg\n|c|\u2606KylarStern0508|gg man\n|l|\u2606tmbrobber\n","uploadtime":1698520449,"views":22,"p1id":"kylarstern0508","p2id":"tmbrobber","formatid":"gen9nationaldexubers","rating":0,"private":0,"password":""}