{"id":"gen9nationaldexubers-1990567196","p1":"Ducman501","p2":"Fallnight4057","format":"[Gen 9] National Dex Ubers","log":"|j|\u2606Ducman501\n|j|\u2606Fallnight4057\n|t:|1699982035\n|gametype|singles\n|player|p1|Ducman501|kieran|\n|player|p2|Fallnight4057|266|\n|teamsize|p1|6\n|teamsize|p2|6\n|gen|9\n|tier|[Gen 9] National Dex Ubers\n|rule|HP Percentage Mod: HP is shown in percentages\n|rule|Endless Battle Clause: Forcing endless battles is banned\n|rule|OHKO Clause: OHKO moves are banned\n|rule|Evasion Moves Clause: Evasion moves are banned\n|rule|Evasion Items Clause: Evasion items are banned\n|rule|Species Clause: Limit one of each Pok\u00e9mon\n|rule|Sleep Clause Mod: Limit one foe put to sleep\n|rule|Mega Rayquaza Clause: You cannot mega evolve Rayquaza\n|clearpoke\n|poke|p1|Deoxys-Speed|\n|poke|p1|Genesect-Douse|\n|poke|p1|Kartana|\n|poke|p1|Necrozma-Dusk-Mane|\n|poke|p1|Blaziken, F|\n|poke|p1|Ogerpon, F|\n|poke|p2|Gholdengo|\n|poke|p2|Dragonite, F|\n|poke|p2|Iron Treads|\n|poke|p2|Snorlax, M|\n|poke|p2|Chien-Pao|\n|poke|p2|Ting-Lu|\n|teampreview\n|\n|t:|1699982042\n|start\n|switch|p1a: Phil|Deoxys-Speed, shiny|100\/100\n|switch|p2a: Big Chungus|Snorlax, M|100\/100\n|-ability|p1a: Phil|Pressure\n|turn|1\n|\n|t:|1699982049\n|move|p1a: Phil|Stealth Rock|p2a: Big Chungus\n|-sidestart|p2: Fallnight4057|move: Stealth Rock\n|move|p2a: Big Chungus|Earthquake|p1a: Phil\n|-damage|p1a: Phil|42\/100\n|\n|upkeep\n|turn|2\n|\n|t:|1699982057\n|move|p1a: Phil|Superpower|p2a: Big Chungus\n|-supereffective|p2a: Big Chungus\n|-damage|p2a: Big Chungus|45\/100\n|-unboost|p1a: Phil|atk|1\n|-unboost|p1a: Phil|def|1\n|-enditem|p2a: Big Chungus|Aguav Berry|[eat]\n|-heal|p2a: Big Chungus|78\/100|[from] item: Aguav Berry\n|move|p2a: Big Chungus|Earthquake|p1a: Phil\n|-damage|p1a: Phil|0 fnt\n|faint|p1a: Phil\n|\n|upkeep\n|\n|t:|1699982067\n|switch|p1a: Joeverpon|Ogerpon, F|100\/100\n|turn|3\n|\n|t:|1699982070\n|-terastallize|p1a: Joeverpon|Grass\n|detailschange|p1a: Joeverpon|Ogerpon-Teal-Tera, F, tera:Grass\n|-ability|p1a: Joeverpon|Embody Aspect (Teal)|boost\n|-boost|p1a: Joeverpon|spe|1\n|move|p1a: Joeverpon|Swords Dance|p1a: Joeverpon\n|-boost|p1a: Joeverpon|atk|2\n|move|p2a: Big Chungus|Earthquake|p1a: Joeverpon\n|-resisted|p1a: Joeverpon\n|-damage|p1a: Joeverpon|78\/100\n|\n|upkeep\n|turn|4\n|\n|t:|1699982081\n|move|p1a: Joeverpon|Ivy Cudgel|p2a: Big Chungus\n|-damage|p2a: Big Chungus|0 fnt\n|faint|p2a: Big Chungus\n|\n|upkeep\n|\n|t:|1699982086\n|switch|p2a: Dragonite|Dragonite, F|100\/100\n|-damage|p2a: Dragonite|76\/100|[from] Stealth Rock\n|turn|5\n|\n|t:|1699982089\n|move|p1a: Joeverpon|Knock Off|p2a: Dragonite\n|-damage|p2a: Dragonite|21\/100\n|-enditem|p2a: Dragonite|Aguav Berry|[from] move: Knock Off|[of] p1a: Joeverpon\n|move|p2a: Dragonite|Fire Blast|p1a: Joeverpon\n|-supereffective|p1a: Joeverpon\n|-damage|p1a: Joeverpon|15\/100\n|\n|upkeep\n|turn|6\n|\n|t:|1699982099\n|-terastallize|p2a: Dragonite|Dragon\n|move|p1a: Joeverpon|Knock Off|p2a: Dragonite\n|-damage|p2a: Dragonite|0 fnt\n|faint|p2a: Dragonite\n|\n|upkeep\n|\n|t:|1699982106\n|switch|p2a: Uhh... Deer? 2|Ting-Lu|100\/100\n|-damage|p2a: Uhh... Deer? 2|94\/100|[from] Stealth Rock\n|-ability|p2a: Uhh... Deer? 2|Vessel of Ruin\n|turn|7\n|\n|t:|1699982111\n|move|p1a: Joeverpon|Ivy Cudgel|p2a: Uhh... Deer? 2\n|-supereffective|p2a: Uhh... Deer? 2\n|-damage|p2a: Uhh... Deer? 2|0 fnt\n|faint|p2a: Uhh... Deer? 2\n|\n|upkeep\n|\n|t:|1699982116\n|switch|p2a: Iron Treads|Iron Treads|100\/100\n|-damage|p2a: Iron Treads|98\/100|[from] Stealth Rock\n|turn|8\n|\n|t:|1699982123\n|move|p1a: Joeverpon|Ivy Cudgel|p2a: Iron Treads\n|-damage|p2a: Iron Treads|0 fnt\n|faint|p2a: Iron Treads\n|-end|p2a: Iron Treads|Quark Drive|[silent]\n|\n|upkeep\n|\n|t:|1699982127\n|switch|p2a: Christain|Chien-Pao|100\/100\n|-damage|p2a: Christain|76\/100|[from] Stealth Rock\n|-ability|p2a: Christain|Sword of Ruin\n|turn|9\n|\n|t:|1699982135\n|move|p2a: Christain|Crunch|p1a: Joeverpon\n|-damage|p1a: Joeverpon|0 fnt\n|faint|p1a: Joeverpon\n|\n|upkeep\n|\n|t:|1699982138\n|switch|p1a: SANIC|Blaziken, F, shiny|100\/100\n|turn|10\n|\n|t:|1699982142\n|detailschange|p1a: SANIC|Blaziken-Mega, F, shiny\n|-mega|p1a: SANIC|Blaziken|Blazikenite\n|move|p2a: Christain|Crunch|p1a: SANIC\n|-resisted|p1a: SANIC\n|-damage|p1a: SANIC|66\/100\n|move|p1a: SANIC|Fire Punch|p2a: Christain\n|-supereffective|p2a: Christain\n|-damage|p2a: Christain|0 fnt\n|faint|p2a: Christain\n|\n|-ability|p1a: SANIC|Speed Boost|boost\n|-boost|p1a: SANIC|spe|1\n|upkeep\n|\n|t:|1699982151\n|switch|p2a: Gholdengo|Gholdengo|100\/100\n|-damage|p2a: Gholdengo|94\/100|[from] Stealth Rock\n|turn|11\n|\n|t:|1699982178\n|move|p1a: SANIC|Fire Punch|p2a: Gholdengo\n|-supereffective|p2a: Gholdengo\n|-damage|p2a: Gholdengo|0 fnt\n|faint|p2a: Gholdengo\n|\n|win|Ducman501\n|l|\u2606Fallnight4057\n","uploadtime":1699982243,"views":28,"p1id":"ducman501","p2id":"fallnight4057","formatid":"gen9nationaldexubers","rating":0,"private":0,"password":""}