{"id":"gen9nationaldexubers-1998446228","p1":"kapithedumdum","p2":"faraodomangue","format":"[Gen 9] National Dex Ubers","log":"|j|\u2606kapithedumdum\n|j|\u2606faraodomangue\n|t:|1700943226\n|gametype|singles\n|player|p1|kapithedumdum|kieran|1383\n|player|p2|faraodomangue|harlequin|1429\n|teamsize|p1|6\n|teamsize|p2|6\n|gen|9\n|tier|[Gen 9] National Dex Ubers\n|rated|\n|rule|HP Percentage Mod: HP is shown in percentages\n|rule|Endless Battle Clause: Forcing endless battles is banned\n|rule|OHKO Clause: OHKO moves are banned\n|rule|Evasion Moves Clause: Evasion moves are banned\n|rule|Evasion Items Clause: Evasion items are banned\n|rule|Species Clause: Limit one of each Pok\u00e9mon\n|rule|Sleep Clause Mod: Limit one foe put to sleep\n|rule|Mega Rayquaza Clause: You cannot mega evolve Rayquaza\n|clearpoke\n|poke|p1|Kyogre|\n|poke|p1|Ho-Oh|\n|poke|p1|Ferrothorn, F|\n|poke|p1|Zacian-*|\n|poke|p1|Regieleki|\n|poke|p1|Ribombee, M|\n|poke|p2|Porygon2|\n|poke|p2|Cresselia, F|\n|poke|p2|Marowak-Alola, M|\n|poke|p2|Hatterene, F|\n|poke|p2|Calyrex-Ice|\n|poke|p2|Melmetal|\n|teampreview\n|inactive|Battle timer is ON: inactive players will automatically lose when time's up. (requested by kapithedumdum)\n|\n|t:|1700943242\n|start\n|switch|p1a: Ferrothorn|Ferrothorn, F|100\/100\n|switch|p2a: Porygon2|Porygon2, shiny|100\/100\n|-ability|p2a: Porygon2|Iron Barbs|[from] ability: Trace|[of] p1a: Ferrothorn\n|turn|1\n|\n|t:|1700943246\n|switch|p2a: Hatterene|Hatterene, F, shiny|100\/100\n|move|p1a: Ferrothorn|Leech Seed|p2a: Hatterene\n|move|p2a: Hatterene|Leech Seed|p1a: Ferrothorn|[from]ability: Magic Bounce\n|-immune|p1a: Ferrothorn\n|\n|upkeep\n|turn|2\n|\n|t:|1700943253\n|move|p1a: Ferrothorn|Gyro Ball|p2a: Hatterene\n|-supereffective|p2a: Hatterene\n|-damage|p2a: Hatterene|73\/100\n|move|p2a: Hatterene|Trick Room|p2a: Hatterene\n|-fieldstart|move: Trick Room|[of] p2a: Hatterene\n|\n|upkeep\n|turn|3\n|\n|t:|1700943264\n|switch|p1a: Ho-Oh|Ho-Oh|100\/100\n|move|p2a: Hatterene|Mystical Fire|p1a: Ho-Oh\n|-resisted|p1a: Ho-Oh\n|-damage|p1a: Ho-Oh|90\/100\n|-unboost|p1a: Ho-Oh|spa|1\n|\n|upkeep\n|turn|4\n|\n|t:|1700943267\n|move|p2a: Hatterene|Misty Explosion|p1a: Ho-Oh\n|-resisted|p1a: Ho-Oh\n|-damage|p1a: Ho-Oh|70\/100\n|faint|p2a: Hatterene\n|move|p1a: Ho-Oh|Sacred Fire|p2: Hatterene|[notarget]\n|-fail|p1a: Ho-Oh\n|\n|upkeep\n|\n|t:|1700943270\n|switch|p2a: Calyrex|Calyrex-Ice|100\/100\n|-ability|p2a: Calyrex|As One\n|-ability|p2a: Calyrex|Unnerve\n|turn|5\n|\n|t:|1700943276\n|switch|p1a: Ferrothorn|Ferrothorn, F|100\/100\n|-terastallize|p2a: Calyrex|Ice\n|move|p2a: Calyrex|Glacial Lance|p1a: Ferrothorn\n|-damage|p1a: Ferrothorn|1\/100\n|\n|-heal|p1a: Ferrothorn|7\/100|[from] item: Leftovers\n|upkeep\n|turn|6\n|\n|t:|1700943295\n|move|p1a: Ferrothorn|Protect|p1a: Ferrothorn\n|-singleturn|p1a: Ferrothorn|Protect\n|move|p2a: Calyrex|Glacial Lance|p1a: Ferrothorn\n|-activate|p1a: Ferrothorn|move: Protect\n|\n|-heal|p1a: Ferrothorn|13\/100|[from] item: Leftovers\n|-fieldend|move: Trick Room\n|upkeep\n|turn|7\n|c|\u2606kapithedumdum|oh wait i'm slower\n|c|\u2606kapithedumdum|im stupid\n|\n|t:|1700943316\n|move|p2a: Calyrex|Glacial Lance|p1a: Ferrothorn\n|-damage|p1a: Ferrothorn|0 fnt\n|faint|p1a: Ferrothorn\n|-ability|p2a: Calyrex|Chilling Neigh|boost\n|-boost|p2a: Calyrex|atk|1\n|\n|upkeep\n|\n|t:|1700943323\n|switch|p1a: Ho-Oh|Ho-Oh|100\/100\n|turn|8\n|\n|t:|1700943326\n|move|p1a: Ho-Oh|Sacred Fire|p2a: Calyrex\n|-supereffective|p2a: Calyrex\n|-damage|p2a: Calyrex|41\/100\n|-status|p2a: Calyrex|brn\n|move|p2a: Calyrex|Glacial Lance|p1a: Ho-Oh\n|-damage|p1a: Ho-Oh|0 fnt\n|faint|p1a: Ho-Oh\n|-ability|p2a: Calyrex|Chilling Neigh|boost\n|-boost|p2a: Calyrex|atk|1\n|\n|-damage|p2a: Calyrex|35\/100 brn|[from] brn\n|upkeep\n|c|\u2606kapithedumdum|what the hell\n|inactive|kapithedumdum has 120 seconds left.\n|c|\u2606kapithedumdum|fuck ass horse\n|\n|t:|1700943354\n|switch|p1a: Kyogre|Kyogre|100\/100\n|detailschange|p1a: Kyogre|Kyogre-Primal\n|-primal|p1a: Kyogre|Blue Orb\n|-weather|PrimordialSea|[from] ability: Primordial Sea|[of] p1a: Kyogre\n|turn|9\n|\n|t:|1700943360\n|switch|p2a: Marowak|Marowak-Alola, M|100\/100\n|move|p1a: Kyogre|Water Spout|p2a: Marowak\n|-supereffective|p2a: Marowak\n|-damage|p2a: Marowak|0 fnt\n|faint|p2a: Marowak\n|\n|-weather|PrimordialSea|[upkeep]\n|upkeep\n|\n|t:|1700943370\n|switch|p2a: Porygon2|Porygon2, shiny|100\/100\n|-ability|p2a: Porygon2|Primordial Sea|[from] ability: Trace|[of] p1a: Kyogre\n|turn|10\n|\n|t:|1700943372\n|move|p1a: Kyogre|Water Spout|p2a: Porygon2\n|-damage|p2a: Porygon2|9\/100\n|move|p2a: Porygon2|Trick Room|p2a: Porygon2\n|-fieldstart|move: Trick Room|[of] p2a: Porygon2\n|\n|-weather|PrimordialSea|[upkeep]\n|upkeep\n|turn|11\n|j| panza mileurista\n|\n|t:|1700943377\n|move|p2a: Porygon2|Psychic|p1a: Kyogre\n|-damage|p1a: Kyogre|79\/100\n|move|p1a: Kyogre|Surf|p2a: Porygon2\n|-damage|p2a: Porygon2|0 fnt\n|faint|p2a: Porygon2\n|\n|-weather|PrimordialSea|[upkeep]\n|upkeep\n|\n|t:|1700943380\n|switch|p2a: Melmetal|Melmetal|100\/100\n|turn|12\n|\n|t:|1700943390\n|-weather|none\n|switch|p1a: Regieleki|Regieleki|100\/100\n|move|p2a: Melmetal|Double Iron Bash|p1a: Regieleki\n|-resisted|p1a: Regieleki\n|-damage|p1a: Regieleki|34\/100\n|-resisted|p1a: Regieleki\n|-damage|p1a: Regieleki|0 fnt\n|faint|p1a: Regieleki\n|-hitcount|p1: Regieleki|2\n|\n|upkeep\n|\n|t:|1700943406\n|switch|p1a: Ribombee|Ribombee, M, shiny|100\/100\n|turn|13\n|\n|t:|1700943411\n|move|p2a: Melmetal|Double Iron Bash|p1a: Ribombee\n|-supereffective|p1a: Ribombee\n|-crit|p1a: Ribombee\n|-enditem|p1a: Ribombee|Focus Sash\n|-damage|p1a: Ribombee|1\/100\n|-supereffective|p1a: Ribombee\n|-crit|p1a: Ribombee\n|-damage|p1a: Ribombee|0 fnt\n|faint|p1a: Ribombee\n|-hitcount|p1: Ribombee|2\n|\n|upkeep\n|\n|t:|1700943421\n|switch|p1a: Kyogre|Kyogre-Primal|79\/100\n|-weather|PrimordialSea|[from] ability: Primordial Sea|[of] p1a: Kyogre\n|turn|14\n|\n|t:|1700943425\n|move|p2a: Melmetal|Double Iron Bash|p1a: Kyogre\n|-resisted|p1a: Kyogre\n|-damage|p1a: Kyogre|43\/100\n|-resisted|p1a: Kyogre\n|-crit|p1a: Kyogre\n|-damage|p1a: Kyogre|0 fnt\n|faint|p1a: Kyogre\n|-weather|none\n|-hitcount|p1: Kyogre|2\n|\n|-fieldend|move: Trick Room\n|upkeep\n|c|\u2606kapithedumdum|man\n|\n|t:|1700943435\n|switch|p1a: Zacian|Zacian-Crowned|100\/100\n|-ability|p1a: Zacian|Intrepid Sword|boost\n|-boost|p1a: Zacian|atk|1\n|turn|15\n|\n|t:|1700943440\n|move|p1a: Zacian|Crunch|p2a: Melmetal\n|-damage|p2a: Melmetal|76\/100\n|move|p2a: Melmetal|Double Iron Bash|p1a: Zacian\n|-damage|p1a: Zacian|35\/100\n|-damage|p1a: Zacian|0 fnt\n|faint|p1a: Zacian\n|-hitcount|p1: Zacian|2\n|\n|win|faraodomangue\n|raw|kapithedumdum's rating: 1383 &rarr; <strong>1366<\/strong><br \/>(-17 for losing)\n|raw|faraodomangue's rating: 1429 &rarr; <strong>1446<\/strong><br \/>(+17 for winning)\n","uploadtime":1700943348,"views":1,"p1id":"kapithedumdum","p2id":"faraodomangue","formatid":"gen9nationaldexubers","rating":1366,"private":0,"password":""}