{"id":"gen9nationaldexubers-1995258216","p1":"Ncoancmc","p2":"Kdisue","format":"[Gen 9] National Dex Ubers","log":"|j|\u2606Ncoancmc\n|j|\u2606Kdisue\n|t:|1700542412\n|gametype|singles\n|player|p1|Ncoancmc|102|1057\n|player|p2|Kdisue|1|1067\n|teamsize|p1|6\n|teamsize|p2|6\n|gen|9\n|tier|[Gen 9] National Dex Ubers\n|rated|\n|rule|HP Percentage Mod: HP is shown in percentages\n|rule|Endless Battle Clause: Forcing endless battles is banned\n|rule|OHKO Clause: OHKO moves are banned\n|rule|Evasion Moves Clause: Evasion moves are banned\n|rule|Evasion Items Clause: Evasion items are banned\n|rule|Species Clause: Limit one of each Pok\u00e9mon\n|rule|Sleep Clause Mod: Limit one foe put to sleep\n|rule|Mega Rayquaza Clause: You cannot mega evolve Rayquaza\n|clearpoke\n|poke|p1|Zekrom|\n|poke|p1|Beedrill, F|\n|poke|p1|Shuckle, M|\n|poke|p1|Zapdos-Galar|\n|poke|p1|Weavile, M|\n|poke|p1|Azumarill, F|\n|poke|p2|Deoxys-Defense|\n|poke|p2|Chansey, F|\n|poke|p2|Ferrothorn, M|\n|poke|p2|Rotom-Wash|\n|poke|p2|Ho-Oh|\n|poke|p2|Lugia|\n|teampreview\n|\n|t:|1700542417\n|start\n|switch|p1a: Weavile|Weavile, M|100\/100\n|switch|p2a: Washington|Rotom-Wash|100\/100\n|-ability|p1a: Weavile|Pressure\n|turn|1\n|inactive|Battle timer is ON: inactive players will automatically lose when time's up. (requested by Kdisue)\n|inactive|Ncoancmc has 120 seconds left.\n|\n|t:|1700542466\n|switch|p1a: Shuckle|Shuckle, M|100\/100\n|move|p2a: Washington|Volt Switch|p1a: Shuckle\n|-damage|p1a: Shuckle|72\/100\n|\n|t:|1700542476\n|switch|p2a: Egg woman|Chansey, F|100\/100|[from] Volt Switch\n|\n|upkeep\n|turn|2\n|\n|t:|1700542483\n|move|p2a: Egg woman|Power-Up Punch|p1a: Shuckle\n|-crit|p1a: Shuckle\n|-damage|p1a: Shuckle|68\/100\n|-boost|p2a: Egg woman|atk|1\n|move|p1a: Shuckle|Knock Off|p2a: Egg woman\n|-damage|p2a: Egg woman|95\/100\n|-enditem|p2a: Egg woman|Lucky Punch|[from] move: Knock Off|[of] p1a: Shuckle\n|\n|upkeep\n|turn|3\n|\n|t:|1700542498\n|switch|p2a: Washington|Rotom-Wash|100\/100\n|move|p1a: Shuckle|Toxic|p2a: Washington\n|-status|p2a: Washington|tox\n|\n|-damage|p2a: Washington|94\/100 tox|[from] psn\n|upkeep\n|turn|4\n|\n|t:|1700542506\n|move|p2a: Washington|Trick|p1a: Shuckle\n|-activate|p2a: Washington|move: Trick|[of] p1a: Shuckle\n|-item|p1a: Shuckle|Choice Specs|[from] move: Trick\n|-item|p2a: Washington|Mental Herb|[from] move: Trick\n|move|p1a: Shuckle|Sticky Web|p2a: Washington\n|-sidestart|p2: Kdisue|move: Sticky Web\n|\n|-damage|p2a: Washington|82\/100 tox|[from] psn\n|upkeep\n|turn|5\n|\n|t:|1700542525\n|switch|p2a: Iron boy|Ferrothorn, M|100\/100\n|-activate|p2a: Iron boy|move: Sticky Web\n|-unboost|p2a: Iron boy|spe|1\n|move|p1a: Shuckle|Sticky Web||[still]\n|-fail|p1a: Shuckle\n|\n|upkeep\n|turn|6\n|\n|t:|1700542536\n|switch|p1a: Weavile|Weavile, M|100\/100\n|-ability|p1a: Weavile|Pressure\n|move|p2a: Iron boy|Power Whip|p1a: Weavile\n|-damage|p1a: Weavile|0 fnt\n|faint|p1a: Weavile\n|\n|upkeep\n|\n|t:|1700542554\n|switch|p1a: Zapdos|Zapdos-Galar|100\/100\n|turn|7\n|\n|t:|1700542559\n|switch|p2a: Washington|Rotom-Wash|82\/100 tox\n|move|p1a: Zapdos|Thunderous Kick|p2a: Washington\n|-damage|p2a: Washington|13\/100 tox\n|-unboost|p2a: Washington|def|1\n|\n|-damage|p2a: Washington|7\/100 tox|[from] psn\n|upkeep\n|turn|8\n|\n|t:|1700542571\n|switch|p1a: Azumarill|Azumarill, F|100\/100\n|move|p2a: Washington|Volt Switch|p1a: Azumarill\n|-supereffective|p1a: Azumarill\n|-damage|p1a: Azumarill|37\/100\n|-enditem|p1a: Azumarill|Sitrus Berry|[eat]\n|-heal|p1a: Azumarill|62\/100|[from] item: Sitrus Berry\n|\n|t:|1700542583\n|switch|p2a: Iron boy|Ferrothorn, M|100\/100|[from] Volt Switch\n|-activate|p2a: Iron boy|move: Sticky Web\n|-unboost|p2a: Iron boy|spe|1\n|\n|upkeep\n|turn|9\n|\n|t:|1700542595\n|move|p1a: Azumarill|Superpower|p2a: Iron boy\n|-supereffective|p2a: Iron boy\n|-damage|p2a: Iron boy|29\/100\n|-unboost|p1a: Azumarill|atk|1\n|-unboost|p1a: Azumarill|def|1\n|-damage|p1a: Azumarill|50\/100|[from] ability: Iron Barbs|[of] p2a: Iron boy\n|move|p2a: Iron boy|Power Whip|p1a: Azumarill\n|-supereffective|p1a: Azumarill\n|-damage|p1a: Azumarill|0 fnt\n|faint|p1a: Azumarill\n|\n|upkeep\n|\n|t:|1700542600\n|switch|p1a: Zapdos|Zapdos-Galar|100\/100\n|turn|10\n|\n|t:|1700542613\n|switch|p2a: Washington|Rotom-Wash|7\/100 tox\n|move|p1a: Zapdos|Thunderous Kick|p2a: Washington\n|-damage|p2a: Washington|0 fnt\n|faint|p2a: Washington\n|\n|upkeep\n|\n|t:|1700542624\n|switch|p2a: Lugia|Lugia|100\/100\n|turn|11\n|\n|t:|1700542630\n|switch|p1a: Shuckle|Shuckle, M|68\/100\n|move|p2a: Lugia|Psycho Boost|p1a: Shuckle\n|-damage|p1a: Shuckle|29\/100\n|-unboost|p2a: Lugia|spa|2\n|-damage|p2a: Lugia|91\/100|[from] item: Life Orb\n|\n|upkeep\n|turn|12\n|\n|t:|1700542644\n|switch|p2a: Iron boy|Ferrothorn, M|29\/100\n|-activate|p2a: Iron boy|move: Sticky Web\n|-unboost|p2a: Iron boy|spe|1\n|move|p1a: Shuckle|Toxic|p2a: Iron boy\n|-immune|p2a: Iron boy\n|\n|upkeep\n|turn|13\n|\n|t:|1700542654\n|switch|p1a: Zapdos|Zapdos-Galar|100\/100\n|move|p2a: Iron boy|Gyro Ball|p1a: Zapdos\n|-damage|p1a: Zapdos|0 fnt\n|faint|p1a: Zapdos\n|\n|upkeep\n|\n|t:|1700542659\n|switch|p1a: Beedrill|Beedrill, F|100\/100\n|turn|14\n|\n|t:|1700542665\n|detailschange|p1a: Beedrill|Beedrill-Mega, F\n|-mega|p1a: Beedrill|Beedrill|Beedrillite\n|move|p1a: Beedrill|Drill Run|p2a: Iron boy\n|-damage|p2a: Iron boy|3\/100\n|-damage|p1a: Beedrill|88\/100|[from] ability: Iron Barbs|[of] p2a: Iron boy\n|move|p2a: Iron boy|Gyro Ball|p1a: Beedrill\n|-damage|p1a: Beedrill|0 fnt\n|faint|p1a: Beedrill\n|\n|upkeep\n|\n|t:|1700542669\n|switch|p1a: Zekrom|Zekrom|100\/100\n|-ability|p1a: Zekrom|Teravolt\n|turn|15\n|\n|t:|1700542682\n|move|p1a: Zekrom|Dragon Dance|p1a: Zekrom\n|-boost|p1a: Zekrom|atk|1\n|-boost|p1a: Zekrom|spe|1\n|move|p2a: Iron boy|Gyro Ball|p1a: Zekrom\n|-resisted|p1a: Zekrom\n|-damage|p1a: Zekrom|56\/100\n|\n|upkeep\n|turn|16\n|\n|t:|1700542692\n|move|p1a: Zekrom|Outrage|p2a: Iron boy\n|-resisted|p2a: Iron boy\n|-damage|p2a: Iron boy|0 fnt\n|-damage|p1a: Zekrom|44\/100|[from] ability: Iron Barbs|[of] p2a: Iron boy\n|faint|p2a: Iron boy\n|\n|upkeep\n|\n|t:|1700542706\n|switch|p2a: Lugia|Lugia|91\/100\n|turn|17\n|\n|t:|1700542711\n|-terastallize|p2a: Lugia|Psychic\n|move|p1a: Zekrom|Outrage|p2a: Lugia|[from]lockedmove\n|-damage|p2a: Lugia|9\/100\n|move|p2a: Lugia|Psycho Boost|p1a: Zekrom\n|-damage|p1a: Zekrom|0 fnt\n|-unboost|p2a: Lugia|spa|2\n|faint|p1a: Zekrom\n|-damage|p2a: Lugia|0 fnt|[from] item: Life Orb\n|faint|p2a: Lugia\n|\n|upkeep\n|\n|t:|1700542727\n|switch|p2a: Sexy Red|Deoxys-Defense|100\/100\n|switch|p1a: Shuckle|Shuckle, M|29\/100\n|-activate|p2a: Sexy Red|move: Sticky Web\n|-unboost|p2a: Sexy Red|spe|1\n|-ability|p2a: Sexy Red|Pressure\n|turn|18\n|\n|t:|1700542738\n|move|p2a: Sexy Red|Nasty Plot|p2a: Sexy Red\n|-boost|p2a: Sexy Red|spa|2\n|move|p1a: Shuckle|Toxic|p2a: Sexy Red\n|-status|p2a: Sexy Red|tox\n|\n|-damage|p2a: Sexy Red|94\/100 tox|[from] psn\n|upkeep\n|turn|19\n|-message|Ncoancmc forfeited.\n|\n|win|Kdisue\n|raw|Ncoancmc's rating: 1043 &rarr; <strong>1028<\/strong><br \/>(-15 for losing)\n|raw|Kdisue's rating: 1067 &rarr; <strong>1095<\/strong><br \/>(+28 for winning)\n|l|\u2606Ncoancmc\n","uploadtime":1700542748,"views":1,"p1id":"ncoancmc","p2id":"kdisue","formatid":"gen9nationaldexubers","rating":1028,"private":0,"password":""}