{"id":"gen9nationaldexubers-1996301400","p1":"DavBluDino","p2":"ikealavike","format":"[Gen 9] National Dex Ubers","log":"|j|\u2606DavBluDino\n|j|\u2606ikealavike\n|t:|1700669065\n|gametype|singles\n|player|p1|DavBluDino|101|1563\n|player|p2|ikealavike|2|1670\n|teamsize|p1|6\n|teamsize|p2|6\n|gen|9\n|tier|[Gen 9] National Dex Ubers\n|rated|\n|rule|HP Percentage Mod: HP is shown in percentages\n|rule|Endless Battle Clause: Forcing endless battles is banned\n|rule|OHKO Clause: OHKO moves are banned\n|rule|Evasion Moves Clause: Evasion moves are banned\n|rule|Evasion Items Clause: Evasion items are banned\n|rule|Species Clause: Limit one of each Pok\u00e9mon\n|rule|Sleep Clause Mod: Limit one foe put to sleep\n|rule|Mega Rayquaza Clause: You cannot mega evolve Rayquaza\n|clearpoke\n|poke|p1|Sableye, F|\n|poke|p1|Chansey, F|\n|poke|p1|Ferrothorn, F|\n|poke|p1|Toxapex, F|\n|poke|p1|Rotom-Wash|\n|poke|p1|Ditto|\n|poke|p2|Groudon|\n|poke|p2|Xerneas-*|\n|poke|p2|Mewtwo|\n|poke|p2|Zygarde|\n|poke|p2|Yveltal|\n|poke|p2|Necrozma-Dusk-Mane|\n|teampreview\n|inactive|Battle timer is ON: inactive players will automatically lose when time's up. (requested by DavBluDino)\n|\n|t:|1700669075\n|start\n|switch|p1a: Chansey|Chansey, F|100\/100\n|switch|p2a: Zygarde|Zygarde|100\/100\n|turn|1\n|\n|t:|1700669080\n|switch|p2a: Necrozma|Necrozma-Dusk-Mane|100\/100\n|move|p1a: Chansey|Stealth Rock|p2a: Necrozma\n|-sidestart|p2: ikealavike|move: Stealth Rock\n|\n|upkeep\n|turn|2\n|\n|t:|1700669085\n|switch|p1a: Rotom|Rotom-Wash|100\/100\n|move|p2a: Necrozma|Dragon Dance|p2a: Necrozma\n|-boost|p2a: Necrozma|atk|1\n|-boost|p2a: Necrozma|spe|1\n|\n|upkeep\n|turn|3\n|\n|t:|1700669092\n|move|p2a: Necrozma|Dragon Dance|p2a: Necrozma\n|-boost|p2a: Necrozma|atk|1\n|-boost|p2a: Necrozma|spe|1\n|move|p1a: Rotom|Will-O-Wisp|p2a: Necrozma\n|-status|p2a: Necrozma|brn\n|\n|-damage|p2a: Necrozma|95\/100 brn|[from] brn\n|upkeep\n|turn|4\n|\n|t:|1700669106\n|switch|p1a: Sableye|Sableye, F|100\/100\n|move|p2a: Necrozma|Dragon Dance|p2a: Necrozma\n|-boost|p2a: Necrozma|atk|1\n|-boost|p2a: Necrozma|spe|1\n|\n|-heal|p2a: Necrozma|100\/100 brn|[from] item: Leftovers\n|-damage|p2a: Necrozma|95\/100 brn|[from] brn\n|upkeep\n|turn|5\n|\n|t:|1700669114\n|move|p1a: Sableye|Encore|p2a: Necrozma\n|-start|p2a: Necrozma|Encore\n|move|p2a: Necrozma|Dragon Dance|p2a: Necrozma\n|-boost|p2a: Necrozma|atk|1\n|-boost|p2a: Necrozma|spe|1\n|\n|-heal|p2a: Necrozma|100\/100 brn|[from] item: Leftovers\n|-damage|p2a: Necrozma|95\/100 brn|[from] brn\n|upkeep\n|turn|6\n|\n|t:|1700669122\n|switch|p2a: Xerneas|Xerneas|100\/100\n|-damage|p2a: Xerneas|88\/100|[from] Stealth Rock\n|-ability|p2a: Xerneas|Fairy Aura\n|move|p1a: Sableye|Foul Play|p2a: Xerneas\n|-resisted|p2a: Xerneas\n|-damage|p2a: Xerneas|75\/100\n|\n|upkeep\n|turn|7\n|\n|t:|1700669130\n|switch|p1a: Chansey|Chansey, F|100\/100\n|move|p2a: Xerneas|Moonblast|p1a: Chansey\n|-damage|p1a: Chansey|79\/100\n|\n|upkeep\n|turn|8\n|\n|t:|1700669137\n|switch|p1a: Sableye|Sableye, F|100\/100\n|move|p2a: Xerneas|Geomancy||[still]\n|-prepare|p2a: Xerneas|Geomancy\n|-enditem|p2a: Xerneas|Power Herb\n|-anim|p2a: Xerneas|Geomancy|p2a: Xerneas\n|-boost|p2a: Xerneas|spa|2\n|-boost|p2a: Xerneas|spd|2\n|-boost|p2a: Xerneas|spe|2\n|\n|upkeep\n|turn|9\n|\n|t:|1700669145\n|move|p1a: Sableye|Encore|p2a: Xerneas\n|-start|p2a: Xerneas|Encore\n|move|p2a: Xerneas|Geomancy||[still]\n|-prepare|p2a: Xerneas|Geomancy\n|\n|upkeep\n|turn|10\n|\n|t:|1700669149\n|move|p2a: Xerneas|Geomancy|p2a: Xerneas|[from]lockedmove\n|-boost|p2a: Xerneas|spa|2\n|-boost|p2a: Xerneas|spd|2\n|-boost|p2a: Xerneas|spe|2\n|move|p1a: Sableye|Foul Play|p2a: Xerneas\n|-resisted|p2a: Xerneas\n|-damage|p2a: Xerneas|62\/100\n|\n|upkeep\n|turn|11\n|\n|t:|1700669157\n|move|p2a: Xerneas|Geomancy||[still]\n|-prepare|p2a: Xerneas|Geomancy\n|move|p1a: Sableye|Foul Play|p2a: Xerneas\n|-resisted|p2a: Xerneas\n|-damage|p2a: Xerneas|50\/100\n|\n|-end|p2a: Xerneas|Encore\n|upkeep\n|turn|12\n|\n|t:|1700669165\n|move|p2a: Xerneas|Geomancy|p2a: Xerneas|[from]lockedmove\n|-boost|p2a: Xerneas|spa|2\n|-boost|p2a: Xerneas|spd|2\n|-boost|p2a: Xerneas|spe|2\n|move|p1a: Sableye|Foul Play|p2a: Xerneas\n|-resisted|p2a: Xerneas\n|-damage|p2a: Xerneas|36\/100\n|\n|upkeep\n|turn|13\n|\n|t:|1700669172\n|move|p1a: Sableye|Encore|p2a: Xerneas\n|-start|p2a: Xerneas|Encore\n|move|p2a: Xerneas|Geomancy||[still]\n|-prepare|p2a: Xerneas|Geomancy\n|\n|upkeep\n|turn|14\n|\n|t:|1700669177\n|switch|p1a: Ditto|Ditto|100\/100\n|-transform|p1a: Ditto|p2a: Xerneas|[from] ability: Imposter\n|-ability|p1a: Ditto|Fairy Aura\n|move|p2a: Xerneas|Geomancy|p2a: Xerneas|[from]lockedmove\n|-boost|p2a: Xerneas|spa|0\n|-boost|p2a: Xerneas|spd|0\n|-boost|p2a: Xerneas|spe|0\n|\n|upkeep\n|turn|15\n|\n|t:|1700669186\n|move|p1a: Ditto|Moonblast|p2a: Xerneas\n|-damage|p2a: Xerneas|0 fnt\n|faint|p2a: Xerneas\n|\n|upkeep\n|\n|t:|1700669193\n|switch|p2a: Zygarde|Zygarde|100\/100\n|-damage|p2a: Zygarde|94\/100|[from] Stealth Rock\n|turn|16\n|\n|t:|1700669197\n|-terastallize|p2a: Zygarde|Fire\n|move|p1a: Ditto|Moonblast|p2a: Zygarde\n|-resisted|p2a: Zygarde\n|-damage|p2a: Zygarde|0 fnt\n|faint|p2a: Zygarde\n|\n|upkeep\n|-message|ikealavike forfeited.\n|\n|win|DavBluDino\n|raw|DavBluDino's rating: 1563 &rarr; <strong>1589<\/strong><br \/>(+26 for winning)\n|raw|ikealavike's rating: 1670 &rarr; <strong>1644<\/strong><br \/>(-26 for losing)\n|l|\u2606ikealavike\n","uploadtime":1700669239,"views":6,"p1id":"davbludino","p2id":"ikealavike","formatid":"gen9nationaldexubers","rating":1589,"private":0,"password":""}