{"id":"gen9nationaldexubers-1988111532","p1":"tbor2002","p2":"lunchbox5536","format":"[Gen 9] National Dex Ubers","log":"|j|\u2606tbor2002\n|j|\u2606lunchbox5536\n|t:|1699670938\n|gametype|singles\n|player|p1|tbor2002|wattson|\n|player|p2|lunchbox5536|ghetsis|\n|teamsize|p1|6\n|teamsize|p2|6\n|gen|9\n|tier|[Gen 9] National Dex Ubers\n|rule|HP Percentage Mod: HP is shown in percentages\n|rule|Endless Battle Clause: Forcing endless battles is banned\n|rule|OHKO Clause: OHKO moves are banned\n|rule|Evasion Moves Clause: Evasion moves are banned\n|rule|Evasion Items Clause: Evasion items are banned\n|rule|Species Clause: Limit one of each Pok\u00e9mon\n|rule|Sleep Clause Mod: Limit one foe put to sleep\n|rule|Mega Rayquaza Clause: You cannot mega evolve Rayquaza\n|clearpoke\n|poke|p1|Walking Wake|\n|poke|p1|Muk-Alola, M|\n|poke|p1|Jolteon, M|\n|poke|p1|Toxicroak, M|\n|poke|p1|Crabominable, F|\n|poke|p1|Glimmet, M|\n|poke|p2|Torkoal, M|\n|poke|p2|Zoroark-Hisui, M|\n|poke|p2|Grimmsnarl, M|\n|poke|p2|Articuno|\n|poke|p2|Klawf, F|\n|poke|p2|Shelgon, M|\n|teampreview\n|\n|t:|1699670959\n|start\n|switch|p1a: Glimmet|Glimmet, M|100\/100\n|switch|p2a: AAAAAAAAAAAA|Klawf, F|100\/100\n|turn|1\n|\n|t:|1699670976\n|move|p1a: Glimmet|Sunny Day|p1a: Glimmet\n|-weather|SunnyDay\n|move|p2a: AAAAAAAAAAAA|Stealth Rock|p1a: Glimmet\n|-sidestart|p1: tbor2002|move: Stealth Rock\n|\n|-weather|SunnyDay|[upkeep]\n|upkeep\n|turn|2\n|\n|t:|1699671016\n|move|p1a: Glimmet|Stealth Rock|p2a: AAAAAAAAAAAA\n|-sidestart|p2: lunchbox5536|move: Stealth Rock\n|move|p2a: AAAAAAAAAAAA|Knock Off|p1a: Glimmet\n|-damage|p1a: Glimmet|17\/100\n|-activate|p1a: Glimmet|ability: Toxic Debris\n|-sidestart|p2: lunchbox5536|move: Toxic Spikes\n|-enditem|p1a: Glimmet|Focus Sash|[from] move: Knock Off|[of] p2a: AAAAAAAAAAAA\n|\n|-weather|SunnyDay|[upkeep]\n|upkeep\n|turn|3\n|\n|t:|1699671025\n|switch|p2a: Vanilla Ice|Articuno|100\/100\n|-ability|p2a: Vanilla Ice|Pressure\n|move|p1a: Glimmet|Spikes|p2a: Vanilla Ice\n|-sidestart|p2: lunchbox5536|Spikes\n|\n|-weather|SunnyDay|[upkeep]\n|upkeep\n|turn|4\n|\n|t:|1699671034\n|move|p2a: Vanilla Ice|Defog|p1a: Glimmet\n|-unboost|p1a: Glimmet|evasion|1\n|-sideend|p1: tbor2002|Stealth Rock|[from] move: Defog|[of] p2a: Vanilla Ice\n|-sideend|p2: lunchbox5536|Spikes|[from] move: Defog|[of] p2a: Vanilla Ice\n|-sideend|p2: lunchbox5536|Toxic Spikes|[from] move: Defog|[of] p2a: Vanilla Ice\n|-sideend|p2: lunchbox5536|Stealth Rock|[from] move: Defog|[of] p2a: Vanilla Ice\n|move|p1a: Glimmet|Power Gem|p2a: Vanilla Ice\n|-supereffective|p2a: Vanilla Ice\n|-damage|p2a: Vanilla Ice|0 fnt\n|faint|p2a: Vanilla Ice\n|\n|-weather|SunnyDay|[upkeep]\n|upkeep\n|j| Jam20Jam\n|\n|t:|1699671057\n|switch|p2a: AAAAAAAAAAAA|Klawf, F|100\/100\n|turn|5\n|\n|t:|1699671065\n|move|p1a: Glimmet|Stealth Rock|p2a: AAAAAAAAAAAA\n|-sidestart|p2: lunchbox5536|move: Stealth Rock\n|move|p2a: AAAAAAAAAAAA|Knock Off|p1a: Glimmet\n|-damage|p1a: Glimmet|0 fnt\n|-activate|p1a: Glimmet|ability: Toxic Debris\n|-sidestart|p2: lunchbox5536|move: Toxic Spikes\n|faint|p1a: Glimmet\n|\n|-weather|none\n|upkeep\n|\n|t:|1699671083\n|switch|p1a: Crabominable|Crabominable, F|100\/100\n|turn|6\n|\n|t:|1699671092\n|move|p2a: AAAAAAAAAAAA|Stealth Rock|p1a: Crabominable\n|-sidestart|p1: tbor2002|move: Stealth Rock\n|move|p1a: Crabominable|Drain Punch|p2a: AAAAAAAAAAAA\n|-supereffective|p2a: AAAAAAAAAAAA\n|-damage|p2a: AAAAAAAAAAAA|13\/100\n|\n|-heal|p2a: AAAAAAAAAAAA|19\/100|[from] item: Leftovers\n|upkeep\n|turn|7\n|\n|t:|1699671106\n|switch|p2a: Hello and Goodbye|Shelgon, M|100\/100\n|-damage|p2a: Hello and Goodbye|88\/100|[from] Stealth Rock\n|-status|p2a: Hello and Goodbye|psn\n|move|p1a: Crabominable|Drain Punch|p2a: Hello and Goodbye\n|-damage|p2a: Hello and Goodbye|38\/100 psn\n|\n|-damage|p2a: Hello and Goodbye|25\/100 psn|[from] psn\n|upkeep\n|turn|8\n|\n|t:|1699671124\n|-terastallize|p1a: Crabominable|Fairy\n|move|p2a: Hello and Goodbye|Facade|p1a: Crabominable\n|-damage|p1a: Crabominable|51\/100\n|move|p1a: Crabominable|Ice Hammer|p2a: Hello and Goodbye\n|-supereffective|p2a: Hello and Goodbye\n|-damage|p2a: Hello and Goodbye|0 fnt\n|-unboost|p1a: Crabominable|spe|1\n|faint|p2a: Hello and Goodbye\n|\n|upkeep\n|\n|t:|1699671135\n|switch|p2a: Krampus|Grimmsnarl, M|100\/100\n|-damage|p2a: Krampus|88\/100|[from] Stealth Rock\n|-status|p2a: Krampus|psn\n|turn|9\n|j| HeirEhm\n|\n|t:|1699671149\n|move|p2a: Krampus|Fake Out|p1a: Crabominable\n|-damage|p1a: Crabominable|35\/100\n|cant|p1a: Crabominable|flinch\n|\n|-damage|p2a: Krampus|76\/100 psn|[from] psn\n|upkeep\n|turn|10\n|\n|t:|1699671162\n|move|p2a: Krampus|Play Rough|p1a: Crabominable\n|-damage|p1a: Crabominable|0 fnt\n|faint|p1a: Crabominable\n|\n|-damage|p2a: Krampus|63\/100 psn|[from] psn\n|upkeep\n|\n|t:|1699671180\n|switch|p1a: Toxicroak|Toxicroak, M|100\/100\n|-damage|p1a: Toxicroak|94\/100|[from] Stealth Rock\n|turn|11\n|\n|t:|1699671194\n|move|p1a: Toxicroak|Gunk Shot|p2a: Krampus\n|-supereffective|p2a: Krampus\n|-damage|p2a: Krampus|0 fnt\n|faint|p2a: Krampus\n|-damage|p1a: Toxicroak|85\/100|[from] item: Life Orb\n|\n|upkeep\n|\n|t:|1699671200\n|switch|p2a: AAAAAAAAAAAA|Klawf, F|53\/100\n|-damage|p2a: AAAAAAAAAAAA|40\/100|[from] Stealth Rock\n|-status|p2a: AAAAAAAAAAAA|psn\n|turn|12\n|\n|t:|1699671217\n|switch|p2a: AAAAAAAAAAAA|Klawf, F|100\/100\n|-damage|p2a: AAAAAAAAAAAA|88\/100|[from] Stealth Rock\n|-status|p2a: AAAAAAAAAAAA|psn\n|move|p1a: Toxicroak|Drain Punch|p2a: AAAAAAAAAAAA\n|-immune|p2a: AAAAAAAAAAAA\n|\n|-damage|p2a: AAAAAAAAAAAA|76\/100 psn|[from] psn\n|upkeep\n|turn|13\n|\n|t:|1699671237\n|move|p1a: Toxicroak|Sucker Punch|p2a: AAAAAAAAAAAA\n|-supereffective|p2a: AAAAAAAAAAAA\n|-damage|p2a: AAAAAAAAAAAA|0 fnt\n|replace|p2a: Oh Hi There|Zoroark-Hisui, M, shiny\n|-end|p2a: Oh Hi There|Illusion\n|faint|p2a: Oh Hi There\n|-damage|p1a: Toxicroak|75\/100|[from] item: Life Orb\n|\n|upkeep\n|\n|t:|1699671243\n|switch|p2a: Praise The Sun|Torkoal, M|100\/100\n|-damage|p2a: Praise The Sun|76\/100|[from] Stealth Rock\n|-status|p2a: Praise The Sun|psn\n|-weather|SunnyDay|[from] ability: Drought|[of] p2a: Praise The Sun\n|turn|14\n|\n|t:|1699671262\n|move|p1a: Toxicroak|Drain Punch|p2a: Praise The Sun\n|-damage|p2a: Praise The Sun|42\/100 psn\n|-heal|p1a: Toxicroak|94\/100|[from] drain|[of] p2a: Praise The Sun\n|-damage|p1a: Toxicroak|84\/100|[from] item: Life Orb\n|move|p2a: Praise The Sun|Earth Power|p1a: Toxicroak\n|-supereffective|p1a: Toxicroak\n|-damage|p1a: Toxicroak|0 fnt\n|faint|p1a: Toxicroak\n|\n|-weather|SunnyDay|[upkeep]\n|-damage|p2a: Praise The Sun|29\/100 psn|[from] psn\n|upkeep\n|\n|t:|1699671275\n|switch|p1a: Walking Wake|Walking Wake|100\/100\n|-damage|p1a: Walking Wake|88\/100|[from] Stealth Rock\n|-activate|p1a: Walking Wake|ability: Protosynthesis\n|-start|p1a: Walking Wake|protosynthesisspa\n|turn|15\n|\n|t:|1699671283\n|switch|p2a: AAAAAAAAAAAA|Klawf, F|73\/100 psn\n|-damage|p2a: AAAAAAAAAAAA|61\/100 psn|[from] Stealth Rock\n|move|p1a: Walking Wake|Hydro Steam|p2a: AAAAAAAAAAAA\n|-supereffective|p2a: AAAAAAAAAAAA\n|-damage|p2a: AAAAAAAAAAAA|0 fnt\n|faint|p2a: AAAAAAAAAAAA\n|\n|-weather|SunnyDay|[upkeep]\n|upkeep\n|\n|t:|1699671291\n|switch|p2a: Praise The Sun|Torkoal, M|29\/100 psn\n|-damage|p2a: Praise The Sun|5\/100 psn|[from] Stealth Rock\n|turn|16\n|\n|t:|1699671295\n|move|p1a: Walking Wake|Hydro Steam|p2a: Praise The Sun\n|-supereffective|p2a: Praise The Sun\n|-damage|p2a: Praise The Sun|0 fnt\n|faint|p2a: Praise The Sun\n|\n|win|tbor2002\n","uploadtime":1699671302,"views":5,"p1id":"tbor2002","p2id":"lunchbox5536","formatid":"gen9nationaldexubers","rating":0,"private":0,"password":""}