{"id":"gen9nationaldexubers-1988219357","p1":"Rhyfinn 04","p2":"FlamingThunderG0d","format":"[Gen 9] National Dex Ubers","log":"|j|\u2606Rhyfinn 04\n|j|\u2606FlamingThunderG0d\n|t:|1699687755\n|gametype|singles\n|player|p1|Rhyfinn 04|alder|1126\n|player|p2|FlamingThunderG0d|byron|1216\n|teamsize|p1|6\n|teamsize|p2|6\n|gen|9\n|tier|[Gen 9] National Dex Ubers\n|rated|\n|rule|HP Percentage Mod: HP is shown in percentages\n|rule|Endless Battle Clause: Forcing endless battles is banned\n|rule|OHKO Clause: OHKO moves are banned\n|rule|Evasion Moves Clause: Evasion moves are banned\n|rule|Evasion Items Clause: Evasion items are banned\n|rule|Species Clause: Limit one of each Pok\u00e9mon\n|rule|Sleep Clause Mod: Limit one foe put to sleep\n|rule|Mega Rayquaza Clause: You cannot mega evolve Rayquaza\n|clearpoke\n|poke|p1|Groudon|\n|poke|p1|Xerneas-*|\n|poke|p1|Marshadow|\n|poke|p1|Necrozma-Dusk-Mane|\n|poke|p1|Deoxys-Speed|\n|poke|p1|Rayquaza|\n|poke|p2|Naganadel|\n|poke|p2|Dragapult, M|\n|poke|p2|Duraludon, F|\n|poke|p2|Baxcalibur, F|\n|poke|p2|Dracovish|\n|poke|p2|Salamence, F|\n|teampreview\n|inactive|Battle timer is ON: inactive players will automatically lose when time's up. (requested by Rhyfinn 04)\n|\n|t:|1699687760\n|start\n|switch|p1a: Deoxys|Deoxys-Speed, shiny|100\/100\n|switch|p2a: Duraludon|Duraludon, F|100\/100\n|-ability|p1a: Deoxys|Pressure\n|turn|1\n|\n|t:|1699687765\n|move|p1a: Deoxys|Taunt|p2a: Duraludon\n|-start|p2a: Duraludon|move: Taunt\n|cant|p2a: Duraludon|move: Taunt|Stealth Rock\n|\n|upkeep\n|turn|2\n|\n|t:|1699687769\n|move|p1a: Deoxys|Stealth Rock|p2a: Duraludon\n|-sidestart|p2: FlamingThunderG0d|move: Stealth Rock\n|move|p2a: Duraludon|Steel Beam|p1a: Deoxys|[miss]\n|-miss|p2a: Duraludon|p1a: Deoxys\n|-damage|p2a: Duraludon|50\/100|[from] steelbeam\n|\n|upkeep\n|turn|3\n|\n|t:|1699687775\n|move|p1a: Deoxys|Spikes|p2a: Duraludon\n|-sidestart|p2: FlamingThunderG0d|Spikes\n|move|p2a: Duraludon|Steel Beam|p1a: Deoxys\n|-damage|p1a: Deoxys|20\/100\n|-damage|p2a: Duraludon|0 fnt|[from] steelbeam\n|faint|p2a: Duraludon\n|\n|upkeep\n|\n|t:|1699687778\n|switch|p2a: Baxcalibur|Baxcalibur, F|100\/100\n|-damage|p2a: Baxcalibur|76\/100|[from] Stealth Rock\n|-damage|p2a: Baxcalibur|63\/100|[from] Spikes\n|turn|4\n|\n|t:|1699687784\n|move|p1a: Deoxys|Taunt|p2a: Baxcalibur\n|-start|p2a: Baxcalibur|move: Taunt\n|cant|p2a: Baxcalibur|move: Taunt|Swords Dance\n|\n|upkeep\n|turn|5\n|\n|t:|1699687790\n|move|p1a: Deoxys|Spikes|p2a: Baxcalibur\n|-sidestart|p2: FlamingThunderG0d|Spikes\n|move|p2a: Baxcalibur|Scale Shot|p1a: Deoxys\n|-damage|p1a: Deoxys|2\/100\n|-damage|p1a: Deoxys|0 fnt\n|faint|p1a: Deoxys\n|-hitcount|p1: Deoxys|2\n|-unboost|p2a: Baxcalibur|def|1\n|-boost|p2a: Baxcalibur|spe|1\n|\n|upkeep\n|\n|t:|1699687804\n|switch|p1a: Necrozma|Necrozma-Dusk-Mane, shiny|100\/100\n|turn|6\n|\n|t:|1699687808\n|move|p2a: Baxcalibur|Earthquake|p1a: Necrozma\n|-supereffective|p1a: Necrozma\n|-damage|p1a: Necrozma|51\/100\n|move|p1a: Necrozma|Dragon Dance|p1a: Necrozma\n|-boost|p1a: Necrozma|atk|1\n|-boost|p1a: Necrozma|spe|1\n|\n|-end|p2a: Baxcalibur|move: Taunt\n|upkeep\n|turn|7\n|\n|t:|1699687815\n|detailschange|p1a: Necrozma|Necrozma-Ultra, shiny\n|-burst|p1a: Necrozma|Necrozma|Ultranecrozium Z\n|move|p1a: Necrozma|Sunsteel Strike|p2a: Baxcalibur\n|-supereffective|p2a: Baxcalibur\n|-damage|p2a: Baxcalibur|0 fnt\n|faint|p2a: Baxcalibur\n|\n|upkeep\n|\n|t:|1699687820\n|switch|p2a: Salamence|Salamence, F|100\/100\n|-damage|p2a: Salamence|76\/100|[from] Stealth Rock\n|-ability|p2a: Salamence|Intimidate|boost\n|-unboost|p1a: Necrozma|atk|1\n|turn|8\n|\n|t:|1699687825\n|switch|p2a: Naganadel|Naganadel|100\/100\n|-damage|p2a: Naganadel|88\/100|[from] Stealth Rock\n|-damage|p2a: Naganadel|72\/100|[from] Spikes\n|-zpower|p1a: Necrozma\n|move|p1a: Necrozma|Light That Burns the Sky|p2a: Naganadel|[zeffect]\n|-supereffective|p2a: Naganadel\n|-damage|p2a: Naganadel|0 fnt\n|faint|p2a: Naganadel\n|\n|upkeep\n|\n|t:|1699687830\n|switch|p2a: Salamence|Salamence, F|76\/100\n|-damage|p2a: Salamence|51\/100|[from] Stealth Rock\n|-ability|p2a: Salamence|Intimidate|boost\n|-unboost|p1a: Necrozma|atk|1\n|turn|9\n|\n|t:|1699687837\n|detailschange|p2a: Salamence|Salamence-Mega, F\n|-mega|p2a: Salamence|Salamence|Salamencite\n|move|p1a: Necrozma|Photon Geyser|p2a: Salamence\n|-damage|p2a: Salamence|0 fnt\n|faint|p2a: Salamence\n|\n|upkeep\n|\n|t:|1699687845\n|switch|p2a: Dragapult|Dragapult, M|100\/100\n|-damage|p2a: Dragapult|88\/100|[from] Stealth Rock\n|-damage|p2a: Dragapult|72\/100|[from] Spikes\n|turn|10\n|\n|t:|1699687851\n|move|p1a: Necrozma|Photon Geyser|p2a: Dragapult\n|-damage|p2a: Dragapult|1\/100\n|move|p2a: Dragapult|Dragon Dance|p2a: Dragapult\n|-boost|p2a: Dragapult|atk|1\n|-boost|p2a: Dragapult|spe|1\n|\n|upkeep\n|turn|11\n|\n|t:|1699687862\n|move|p2a: Dragapult|Dragon Darts|p1a: Necrozma\n|-supereffective|p1a: Necrozma\n|-damage|p1a: Necrozma|0 fnt\n|faint|p1a: Necrozma\n|\n|upkeep\n|\n|t:|1699687867\n|switch|p1a: Marshadow|Marshadow|100\/100\n|turn|12\n|\n|t:|1699687873\n|move|p1a: Marshadow|Shadow Sneak|p2a: Dragapult\n|-supereffective|p2a: Dragapult\n|-damage|p2a: Dragapult|0 fnt\n|faint|p2a: Dragapult\n|\n|upkeep\n|\n|t:|1699687877\n|switch|p2a: Dracovish|Dracovish|100\/100\n|-damage|p2a: Dracovish|88\/100|[from] Stealth Rock\n|-damage|p2a: Dracovish|72\/100|[from] Spikes\n|turn|13\n|\n|t:|1699687881\n|switch|p1a: Groudon|Groudon, shiny|100\/100\n|detailschange|p1a: Groudon|Groudon-Primal, shiny\n|-primal|p1a: Groudon|Red Orb\n|-weather|DesolateLand|[from] ability: Desolate Land|[of] p1a: Groudon\n|move|p2a: Dracovish|Fishious Rend||[still]\n|-fail|p2a: Dracovish|Fishious Rend|[from] Desolate Land\n|\n|-weather|DesolateLand|[upkeep]\n|upkeep\n|turn|14\n|-message|FlamingThunderG0d forfeited.\n|\n|win|Rhyfinn 04\n|raw|Rhyfinn 04's rating: 1126 &rarr; <strong>1157<\/strong><br \/>(+31 for winning)\n|raw|FlamingThunderG0d's rating: 1216 &rarr; <strong>1185<\/strong><br \/>(-31 for losing)\n|l|\u2606FlamingThunderG0d\n","uploadtime":1699687889,"views":12,"p1id":"rhyfinn04","p2id":"flamingthunderg0d","formatid":"gen9nationaldexubers","rating":1157,"private":0,"password":""}