{"id":"gen9nationaldexubers-1998890542","p1":"cosmojenkins","p2":"GuardenOn3x3","format":"[Gen 9] National Dex Ubers","log":"|j|\u2606cosmojenkins\n|j|\u2606GuardenOn3x3\n|t:|1701009263\n|gametype|singles\n|player|p1|cosmojenkins|1|\n|player|p2|GuardenOn3x3|backpacker|\n|teamsize|p1|6\n|teamsize|p2|6\n|gen|9\n|tier|[Gen 9] National Dex Ubers\n|rule|HP Percentage Mod: HP is shown in percentages\n|rule|Endless Battle Clause: Forcing endless battles is banned\n|rule|OHKO Clause: OHKO moves are banned\n|rule|Evasion Moves Clause: Evasion moves are banned\n|rule|Evasion Items Clause: Evasion items are banned\n|rule|Species Clause: Limit one of each Pok\u00e9mon\n|rule|Sleep Clause Mod: Limit one foe put to sleep\n|rule|Mega Rayquaza Clause: You cannot mega evolve Rayquaza\n|clearpoke\n|poke|p1|Tapu Lele|\n|poke|p1|Gliscor, M|\n|poke|p1|Empoleon, M|\n|poke|p1|Rotom-Heat|\n|poke|p1|Mr. Mime-Galar, M|\n|poke|p1|Tauros-Paldea-Combat, M|\n|poke|p2|Cinderace, M|\n|poke|p2|Slowking-Galar, M|\n|poke|p2|Great Tusk|\n|poke|p2|Thundurus-Therian, M|\n|poke|p2|Alomomola, F|\n|poke|p2|Baxcalibur, M|\n|teampreview\n|j| Gymnasiar\n|j| Nautis\n|j| Petznov\n|\n|t:|1701009338\n|start\n|switch|p1a: Psychic STAB|Tapu Lele|100\/100\n|switch|p2a: Enel|Thundurus-Therian, M|100\/100\n|-fieldstart|move: Psychic Terrain|[from] ability: Psychic Surge|[of] p1a: Psychic STAB\n|turn|1\n|\n|t:|1701009370\n|move|p2a: Enel|U-turn|p1a: Psychic STAB\n|-crit|p1a: Psychic STAB\n|-damage|p1a: Psychic STAB|69\/100\n|\n|t:|1701009378\n|switch|p2a: Magellan|Slowking-Galar, M|100\/100|[from] U-turn\n|move|p1a: Psychic STAB|Psychic|p2a: Magellan\n|-damage|p2a: Magellan|33\/100\n|-enditem|p2a: Magellan|Eject Button\n|\n|t:|1701009419\n|switch|p2a: \"Fire Foot\" Ace|Cinderace, M|100\/100\n|\n|upkeep\n|turn|2\n|\n|t:|1701009427\n|switch|p1a: Die Ausweise Bitte|Gliscor, M|100\/100\n|move|p2a: \"Fire Foot\" Ace|Pyro Ball|p1a: Die Ausweise Bitte\n|-damage|p1a: Die Ausweise Bitte|65\/100\n|\n|-status|p1a: Die Ausweise Bitte|tox|[from] item: Toxic Orb\n|upkeep\n|turn|3\n|\n|t:|1701009437\n|move|p2a: \"Fire Foot\" Ace|U-turn|p1a: Die Ausweise Bitte\n|-start|p2a: \"Fire Foot\" Ace|typechange|Bug|[from] ability: Libero\n|-resisted|p1a: Die Ausweise Bitte\n|-damage|p1a: Die Ausweise Bitte|54\/100 tox\n|\n|t:|1701009484\n|switch|p2a: Kaido|Baxcalibur, M|100\/100|[from] U-turn\n|move|p1a: Die Ausweise Bitte|Stealth Rock|p2a: Kaido\n|-sidestart|p2: GuardenOn3x3|move: Stealth Rock\n|\n|-heal|p1a: Die Ausweise Bitte|67\/100 tox|[from] ability: Poison Heal\n|upkeep\n|turn|4\n|\n|t:|1701009503\n|switch|p1a: Die Ofenfrische|Rotom-Heat|100\/100\n|move|p2a: Kaido|Icicle Spear|p1a: Die Ofenfrische\n|-resisted|p1a: Die Ofenfrische\n|-damage|p1a: Die Ofenfrische|95\/100\n|-resisted|p1a: Die Ofenfrische\n|-damage|p1a: Die Ofenfrische|89\/100\n|-resisted|p1a: Die Ofenfrische\n|-damage|p1a: Die Ofenfrische|83\/100\n|-resisted|p1a: Die Ofenfrische\n|-damage|p1a: Die Ofenfrische|77\/100\n|-resisted|p1a: Die Ofenfrische\n|-damage|p1a: Die Ofenfrische|72\/100\n|-hitcount|p1a: Die Ofenfrische|5\n|\n|upkeep\n|turn|5\n|\n|t:|1701009527\n|switch|p2a: Magellan|Slowking-Galar, M|66\/100\n|-damage|p2a: Magellan|53\/100|[from] Stealth Rock\n|move|p1a: Die Ofenfrische|Thunder Wave|p2a: Magellan|[miss]\n|-miss|p1a: Die Ofenfrische|p2a: Magellan\n|\n|-fieldend|move: Psychic Terrain\n|upkeep\n|turn|6\n|\n|t:|1701009578\n|move|p1a: Die Ofenfrische|Volt Switch|p2a: Magellan\n|-damage|p2a: Magellan|34\/100\n|\n|t:|1701009583\n|switch|p1a: Happy Feet|Empoleon, M|100\/100|[from] Volt Switch\n|move|p2a: Magellan|Chilly Reception|p2a: Magellan\n|-weather|Snow\n|\n|t:|1701009592\n|switch|p2a: Enel|Thundurus-Therian, M|100\/100|[from] Chilly Reception\n|-damage|p2a: Enel|76\/100|[from] Stealth Rock\n|\n|-weather|Snow|[upkeep]\n|upkeep\n|turn|7\n|\n|t:|1701009652\n|move|p2a: Enel|Thunderbolt|p1a: Happy Feet\n|-supereffective|p1a: Happy Feet\n|-damage|p1a: Happy Feet|33\/100\n|move|p1a: Happy Feet|Flip Turn|p2a: Enel\n|-damage|p2a: Enel|49\/100\n|\n|t:|1701009733\n|switch|p1a: R\u00fcdiger|Mr. Mime-Galar, M|100\/100|[from] Flip Turn\n|\n|-weather|Snow|[upkeep]\n|upkeep\n|turn|8\n|\n|t:|1701009800\n|switch|p2a: Magellan|Slowking-Galar, M|68\/100\n|-damage|p2a: Magellan|55\/100|[from] Stealth Rock\n|move|p1a: R\u00fcdiger|Psychic|p2a: Magellan\n|-damage|p2a: Magellan|25\/100\n|\n|-weather|Snow|[upkeep]\n|upkeep\n|turn|9\n|\n|t:|1701009837\n|switch|p2a: Shirahoshi|Alomomola, F|100\/100\n|-damage|p2a: Shirahoshi|88\/100|[from] Stealth Rock\n|move|p1a: R\u00fcdiger|Psychic|p2a: Shirahoshi\n|-damage|p2a: Shirahoshi|44\/100\n|\n|-weather|Snow|[upkeep]\n|upkeep\n|turn|10\n|\n|t:|1701009934\n|move|p1a: R\u00fcdiger|Freeze-Dry|p2a: Shirahoshi\n|-supereffective|p2a: Shirahoshi\n|-damage|p2a: Shirahoshi|0 fnt\n|faint|p2a: Shirahoshi\n|\n|-weather|none\n|upkeep\n|\n|t:|1701009955\n|switch|p2a: \"Fire Foot\" Ace|Cinderace, M|100\/100\n|turn|11\n|\n|t:|1701010020\n|switch|p1a: Die Ausweise Bitte|Gliscor, M|67\/100 tox\n|move|p2a: \"Fire Foot\" Ace|Court Change|p2a: \"Fire Foot\" Ace\n|-start|p2a: \"Fire Foot\" Ace|typechange|Normal|[from] ability: Libero\n|-swapsideconditions\n|-activate|p2a: \"Fire Foot\" Ace|move: Court Change\n|\n|-heal|p1a: Die Ausweise Bitte|79\/100 tox|[from] ability: Poison Heal\n|upkeep\n|turn|12\n|\n|t:|1701010044\n|move|p2a: \"Fire Foot\" Ace|U-turn|p1a: Die Ausweise Bitte\n|-resisted|p1a: Die Ausweise Bitte\n|-damage|p1a: Die Ausweise Bitte|73\/100 tox\n|\n|t:|1701010048\n|switch|p2a: Kaido|Baxcalibur, M|100\/100|[from] U-turn\n|move|p1a: Die Ausweise Bitte|Earthquake|p2a: Kaido\n|-damage|p2a: Kaido|66\/100\n|\n|-heal|p1a: Die Ausweise Bitte|85\/100 tox|[from] ability: Poison Heal\n|upkeep\n|turn|13\n|\n|t:|1701010111\n|switch|p1a: Juan III|Tauros-Paldea-Combat, M|100\/100\n|-damage|p1a: Juan III|94\/100|[from] Stealth Rock\n|-ability|p1a: Juan III|Intimidate|boost\n|-unboost|p2a: Kaido|atk|1\n|move|p2a: Kaido|Icicle Spear|p1a: Juan III\n|-damage|p1a: Juan III|84\/100\n|-damage|p1a: Juan III|74\/100\n|-damage|p1a: Juan III|65\/100\n|-damage|p1a: Juan III|54\/100\n|-hitcount|p1a: Juan III|4\n|\n|upkeep\n|turn|14\n|\n|t:|1701010192\n|switch|p2a: Magellan|Slowking-Galar, M|59\/100\n|move|p1a: Juan III|Close Combat|p2a: Magellan\n|-resisted|p2a: Magellan\n|-damage|p2a: Magellan|48\/100\n|-unboost|p1a: Juan III|def|1\n|-unboost|p1a: Juan III|spd|1\n|\n|upkeep\n|turn|15\n|\n|t:|1701010308\n|move|p1a: Juan III|Earthquake|p2a: Magellan\n|-supereffective|p2a: Magellan\n|-damage|p2a: Magellan|6\/100\n|move|p2a: Magellan|Chilly Reception|p2a: Magellan\n|-weather|Snow\n|\n|t:|1701010455\n|switch|p2a: Kaido|Baxcalibur, M|66\/100|[from] Chilly Reception\n|\n|-weather|Snow|[upkeep]\n|upkeep\n|turn|16\n|\n|t:|1701010472\n|move|p1a: Juan III|Close Combat|p2a: Kaido\n|-supereffective|p2a: Kaido\n|-damage|p2a: Kaido|0 fnt\n|-unboost|p1a: Juan III|def|1\n|-unboost|p1a: Juan III|spd|1\n|faint|p2a: Kaido\n|\n|-weather|Snow|[upkeep]\n|upkeep\n|c|\u2606GuardenOn3x3|ich bin dumm xd\n|c| Nautis|was war das?XD\n|c|\u2606GuardenOn3x3|hab nicht dr\u00fcber nachgedacht dass du schneller bist weil icicle spear eben so wenig dmg gemacht hat dachte ich du bist eher defensiv orientiert\n|\n|t:|1701010561\n|switch|p2a: \"Fire Foot\" Ace|Cinderace, M|100\/100\n|turn|17\n|\n|t:|1701010577\n|switch|p1a: Die Ausweise Bitte|Gliscor, M|85\/100 tox\n|-damage|p1a: Die Ausweise Bitte|73\/100 tox|[from] Stealth Rock\n|move|p2a: \"Fire Foot\" Ace|Pyro Ball|p1a: Die Ausweise Bitte|[miss]\n|-miss|p2a: \"Fire Foot\" Ace|p1a: Die Ausweise Bitte\n|\n|-weather|Snow|[upkeep]\n|-heal|p1a: Die Ausweise Bitte|85\/100 tox|[from] ability: Poison Heal\n|upkeep\n|turn|18\n|\n|t:|1701010597\n|move|p2a: \"Fire Foot\" Ace|U-turn|p1a: Die Ausweise Bitte\n|-start|p2a: \"Fire Foot\" Ace|typechange|Bug|[from] ability: Libero\n|-resisted|p1a: Die Ausweise Bitte\n|-damage|p1a: Die Ausweise Bitte|75\/100 tox\n|\n|t:|1701010609\n|switch|p2a: Magellan|Slowking-Galar, M|39\/100|[from] U-turn\n|move|p1a: Die Ausweise Bitte|U-turn|p2a: Magellan\n|-damage|p2a: Magellan|28\/100\n|\n|t:|1701010673\n|switch|p1a: Psychic STAB|Tapu Lele|69\/100|[from] U-turn\n|-damage|p1a: Psychic STAB|57\/100|[from] Stealth Rock\n|-fieldstart|move: Psychic Terrain|[from] ability: Psychic Surge|[of] p1a: Psychic STAB\n|\n|-weather|Snow|[upkeep]\n|upkeep\n|turn|19\n|\n|t:|1701010698\n|move|p1a: Psychic STAB|Psychic|p2a: Magellan\n|-crit|p2a: Magellan\n|-damage|p2a: Magellan|0 fnt\n|faint|p2a: Magellan\n|\n|-weather|none\n|upkeep\n|\n|t:|1701010734\n|switch|p2a: \"Fire Foot\" Ace|Cinderace, M|100\/100\n|turn|20\n|\n|t:|1701010742\n|switch|p1a: Die Ausweise Bitte|Gliscor, M|75\/100 tox\n|-damage|p1a: Die Ausweise Bitte|63\/100 tox|[from] Stealth Rock\n|move|p2a: \"Fire Foot\" Ace|Pyro Ball|p1a: Die Ausweise Bitte\n|-damage|p1a: Die Ausweise Bitte|28\/100 tox\n|\n|-heal|p1a: Die Ausweise Bitte|40\/100 tox|[from] ability: Poison Heal\n|upkeep\n|turn|21\n|\n|t:|1701010759\n|move|p2a: \"Fire Foot\" Ace|U-turn|p1a: Die Ausweise Bitte\n|-start|p2a: \"Fire Foot\" Ace|typechange|Bug|[from] ability: Libero\n|-resisted|p1a: Die Ausweise Bitte\n|-damage|p1a: Die Ausweise Bitte|30\/100 tox\n|\n|t:|1701010762\n|switch|p2a: Enel|Thundurus-Therian, M|49\/100|[from] U-turn\n|move|p1a: Die Ausweise Bitte|Roost|p1a: Die Ausweise Bitte\n|-heal|p1a: Die Ausweise Bitte|80\/100 tox\n|-singleturn|p1a: Die Ausweise Bitte|move: Roost\n|\n|-heal|p1a: Die Ausweise Bitte|93\/100 tox|[from] ability: Poison Heal\n|upkeep\n|turn|22\n|\n|t:|1701010792\n|switch|p1a: Happy Feet|Empoleon, M|33\/100\n|-damage|p1a: Happy Feet|26\/100|[from] Stealth Rock\n|move|p2a: Enel|Thunderbolt|p1a: Happy Feet\n|-supereffective|p1a: Happy Feet\n|-damage|p1a: Happy Feet|0 fnt\n|faint|p1a: Happy Feet\n|\n|-fieldend|move: Psychic Terrain\n|upkeep\n|\n|t:|1701010885\n|switch|p1a: Die Ofenfrische|Rotom-Heat|72\/100\n|turn|23\n|\n|t:|1701010910\n|move|p2a: Enel|Thunderbolt|p1a: Die Ofenfrische\n|-resisted|p1a: Die Ofenfrische\n|-damage|p1a: Die Ofenfrische|43\/100\n|move|p1a: Die Ofenfrische|Overheat|p2a: Enel\n|-damage|p2a: Enel|0 fnt\n|-unboost|p1a: Die Ofenfrische|spa|2\n|faint|p2a: Enel\n|\n|upkeep\n|\n|t:|1701010929\n|switch|p2a: \"Fire Foot\" Ace|Cinderace, M|100\/100\n|turn|24\n|\n|t:|1701010936\n|switch|p1a: Die Ausweise Bitte|Gliscor, M|93\/100 tox\n|-damage|p1a: Die Ausweise Bitte|80\/100 tox|[from] Stealth Rock\n|move|p2a: \"Fire Foot\" Ace|U-turn|p1a: Die Ausweise Bitte\n|-start|p2a: \"Fire Foot\" Ace|typechange|Bug|[from] ability: Libero\n|-resisted|p1a: Die Ausweise Bitte\n|-damage|p1a: Die Ausweise Bitte|71\/100 tox\n|\n|t:|1701010943\n|switch|p2a: Zunesha|Great Tusk|100\/100|[from] U-turn\n|-enditem|p2a: Zunesha|Booster Energy\n|-activate|p2a: Zunesha|ability: Protosynthesis|[fromitem]\n|-start|p2a: Zunesha|protosynthesisatk\n|\n|-heal|p1a: Die Ausweise Bitte|84\/100 tox|[from] ability: Poison Heal\n|upkeep\n|turn|25\n|\n|t:|1701011058\n|switch|p1a: Juan III|Tauros-Paldea-Combat, M|54\/100\n|-damage|p1a: Juan III|48\/100|[from] Stealth Rock\n|-ability|p1a: Juan III|Intimidate|boost\n|-unboost|p2a: Zunesha|atk|1\n|move|p2a: Zunesha|Rapid Spin|p1a: Juan III\n|-damage|p1a: Juan III|31\/100\n|-boost|p2a: Zunesha|spe|1\n|-enditem|p1a: Juan III|Mirror Herb\n|-boost|p1a: Juan III|spe|1|[from] item: Mirror Herb\n|\n|upkeep\n|turn|26\n|c|\u2606GuardenOn3x3|okay what the\n|\n|t:|1701011104\n|switch|p1a: Die Ofenfrische|Rotom-Heat|43\/100\n|move|p2a: Zunesha|Close Combat|p1a: Die Ofenfrische\n|-damage|p1a: Die Ofenfrische|2\/100\n|-unboost|p2a: Zunesha|def|1\n|-unboost|p2a: Zunesha|spd|1\n|\n|upkeep\n|turn|27\n|\n|t:|1701011129\n|move|p2a: Zunesha|Close Combat|p1a: Die Ofenfrische\n|-damage|p1a: Die Ofenfrische|0 fnt\n|-unboost|p2a: Zunesha|def|1\n|-unboost|p2a: Zunesha|spd|1\n|faint|p1a: Die Ofenfrische\n|\n|upkeep\n|\n|t:|1701011137\n|switch|p1a: Juan III|Tauros-Paldea-Combat, M|31\/100\n|-damage|p1a: Juan III|25\/100|[from] Stealth Rock\n|-ability|p1a: Juan III|Intimidate|boost\n|-unboost|p2a: Zunesha|atk|1\n|turn|28\n|\n|t:|1701011179\n|move|p2a: Zunesha|Close Combat|p1a: Juan III\n|-damage|p1a: Juan III|0 fnt\n|-unboost|p2a: Zunesha|def|1\n|-unboost|p2a: Zunesha|spd|1\n|faint|p1a: Juan III\n|\n|upkeep\n|\n|t:|1701011187\n|switch|p1a: R\u00fcdiger|Mr. Mime-Galar, M|100\/100\n|-damage|p1a: R\u00fcdiger|76\/100|[from] Stealth Rock\n|turn|29\n|\n|t:|1701011247\n|move|p2a: Zunesha|Close Combat|p1a: R\u00fcdiger\n|-damage|p1a: R\u00fcdiger|29\/100\n|-unboost|p2a: Zunesha|def|1\n|-unboost|p2a: Zunesha|spd|1\n|move|p1a: R\u00fcdiger|Psychic|p2a: Zunesha\n|-supereffective|p2a: Zunesha\n|-damage|p2a: Zunesha|0 fnt\n|faint|p2a: Zunesha\n|-end|p2a: Zunesha|Protosynthesis|[silent]\n|\n|upkeep\n|c|\u2606GuardenOn3x3|phys def?\n|\n|t:|1701011260\n|switch|p2a: \"Fire Foot\" Ace|Cinderace, M|100\/100\n|turn|30\n|c| Nautis|der ist evolit glaube ich\n|c|\u2606GuardenOn3x3|ach lol\n|\n|t:|1701011304\n|move|p2a: \"Fire Foot\" Ace|Pyro Ball|p1a: R\u00fcdiger|[miss]\n|-miss|p2a: \"Fire Foot\" Ace|p1a: R\u00fcdiger\n|move|p1a: R\u00fcdiger|Psychic|p2a: \"Fire Foot\" Ace\n|-damage|p2a: \"Fire Foot\" Ace|45\/100\n|\n|upkeep\n|turn|31\n|c|\u2606GuardenOn3x3|stimmt der hat ja eine entwicklung bekommen\n|c|\u2606GuardenOn3x3|gar nicht gewusst\n|c|\u2606GuardenOn3x3|rip\n|\n|t:|1701011317\n|move|p2a: \"Fire Foot\" Ace|U-turn|p1a: R\u00fcdiger\n|-start|p2a: \"Fire Foot\" Ace|typechange|Bug|[from] ability: Libero\n|-supereffective|p1a: R\u00fcdiger\n|-damage|p1a: R\u00fcdiger|0 fnt\n|faint|p1a: R\u00fcdiger\n|\n|upkeep\n|\n|t:|1701011323\n|switch|p1a: Die Ausweise Bitte|Gliscor, M|84\/100 tox\n|-damage|p1a: Die Ausweise Bitte|71\/100 tox|[from] Stealth Rock\n|turn|32\n|\n|t:|1701011341\n|move|p2a: \"Fire Foot\" Ace|Pyro Ball|p1a: Die Ausweise Bitte\n|-damage|p1a: Die Ausweise Bitte|49\/100 tox\n|move|p1a: Die Ausweise Bitte|Earthquake|p2a: \"Fire Foot\" Ace\n|-resisted|p2a: \"Fire Foot\" Ace\n|-damage|p2a: \"Fire Foot\" Ace|19\/100\n|\n|-heal|p1a: Die Ausweise Bitte|61\/100 tox|[from] ability: Poison Heal\n|upkeep\n|turn|33\n|\n|t:|1701011356\n|move|p2a: \"Fire Foot\" Ace|Pyro Ball|p1a: Die Ausweise Bitte\n|-damage|p1a: Die Ausweise Bitte|38\/100 tox\n|move|p1a: Die Ausweise Bitte|Earthquake|p2a: \"Fire Foot\" Ace\n|-resisted|p2a: \"Fire Foot\" Ace\n|-damage|p2a: \"Fire Foot\" Ace|0 fnt\n|faint|p2a: \"Fire Foot\" Ace\n|\n|win|cosmojenkins\n|c| Nautis|GG an euch Beide. Gutes Mach\n|c|\u2606GuardenOn3x3|gg wp\n","uploadtime":1701011425,"views":32,"p1id":"cosmojenkins","p2id":"guardenon3x3","formatid":"gen9nationaldexubers","rating":0,"private":0,"password":""}