{"id":"gen9nationaldexubers-1978268084","p1":"XMarcosPr710","p2":"85792195wwww","format":"[Gen 9] National Dex Ubers","log":"|j|\u2606XMarcosPr710\n|j|\u260685792195wwww\n|t:|1698519013\n|gametype|singles\n|player|p1|XMarcosPr710|benga|1555\n|player|p2|85792195wwww|lady|1807\n|teamsize|p1|6\n|teamsize|p2|6\n|gen|9\n|tier|[Gen 9] National Dex Ubers\n|rated|\n|rule|HP Percentage Mod: HP is shown in percentages\n|rule|Endless Battle Clause: Forcing endless battles is banned\n|rule|OHKO Clause: OHKO moves are banned\n|rule|Evasion Moves Clause: Evasion moves are banned\n|rule|Evasion Items Clause: Evasion items are banned\n|rule|Species Clause: Limit one of each Pok\u00e9mon\n|rule|Sleep Clause Mod: Limit one foe put to sleep\n|rule|Mega Rayquaza Clause: You cannot mega evolve Rayquaza\n|clearpoke\n|poke|p1|Lunala|\n|poke|p1|Necrozma-Dusk-Mane|\n|poke|p1|Arceus-Dark|\n|poke|p1|Yveltal|\n|poke|p1|Groudon|\n|poke|p1|Zacian-*|\n|poke|p2|Zacian-*|\n|poke|p2|Kyogre|\n|poke|p2|Xerneas-*|\n|poke|p2|Krookodile, M|\n|poke|p2|Groudon|\n|poke|p2|Arceus|\n|teampreview\n|\n|t:|1698519020\n|start\n|switch|p1a: Groudon|Groudon|100\/100\n|switch|p2a: Xerneas|Xerneas|100\/100\n|-ability|p2a: Xerneas|Fairy Aura\n|detailschange|p1a: Groudon|Groudon-Primal\n|-primal|p1a: Groudon|Red Orb\n|-weather|DesolateLand|[from] ability: Desolate Land|[of] p1a: Groudon\n|turn|1\n|\n|t:|1698519030\n|switch|p2a: Kyogre|Kyogre|100\/100\n|detailschange|p2a: Kyogre|Kyogre-Primal\n|-primal|p2a: Kyogre|Blue Orb\n|-weather|PrimordialSea|[from] ability: Primordial Sea|[of] p2a: Kyogre\n|move|p1a: Groudon|Roar|p2a: Kyogre\n|-weather|none\n|drag|p2a: Zacian|Zacian-Crowned|100\/100\n|-ability|p2a: Zacian|Intrepid Sword|boost\n|-boost|p2a: Zacian|atk|1\n|\n|upkeep\n|turn|2\n|\n|t:|1698519043\n|switch|p2a: Krookodile|Krookodile, M|100\/100\n|-ability|p2a: Krookodile|Intimidate|boost\n|-unboost|p1a: Groudon|atk|1\n|move|p1a: Groudon|Heat Crash|p2a: Krookodile\n|-damage|p2a: Krookodile|46\/100\n|\n|upkeep\n|turn|3\n|\n|t:|1698519054\n|move|p2a: Krookodile|Stealth Rock|p1a: Groudon\n|-sidestart|p1: XMarcosPr710|move: Stealth Rock\n|move|p1a: Groudon|Heat Crash|p2a: Krookodile\n|-damage|p2a: Krookodile|0 fnt\n|faint|p2a: Krookodile\n|\n|upkeep\n|inactive|Battle timer is ON: inactive players will automatically lose when time's up. (requested by 85792195wwww)\n|\n|t:|1698519068\n|switch|p2a: Kyogre|Kyogre-Primal|100\/100\n|-weather|PrimordialSea|[from] ability: Primordial Sea|[of] p2a: Kyogre\n|turn|4\n|l|\u260685792195wwww\n|inactive|85792195wwww disconnected and has a minute to reconnect!\n|player|p2|\n|j|\u260685792195wwww\n|inactive|85792195wwww reconnected and has 125 seconds left.\n|player|p2|85792195wwww|lady\n|inactive|85792195wwww has 120 seconds left.\n|\n|t:|1698519099\n|switch|p1a: Necrozma|Necrozma-Dusk-Mane|100\/100\n|-damage|p1a: Necrozma|94\/100|[from] Stealth Rock\n|move|p2a: Kyogre|Water Spout|p1a: Necrozma\n|-damage|p1a: Necrozma|0 fnt\n|faint|p1a: Necrozma\n|\n|-weather|PrimordialSea|[upkeep]\n|upkeep\n|inactive|XMarcosPr710 has 120 seconds left.\n|\n|t:|1698519139\n|switch|p1a: Groudon|Groudon-Primal|100\/100\n|-damage|p1a: Groudon|88\/100|[from] Stealth Rock\n|-weather|DesolateLand|[from] ability: Desolate Land|[of] p1a: Groudon\n|turn|5\n|\n|t:|1698519146\n|switch|p2a: Zacian|Zacian-Crowned|100\/100\n|move|p1a: Groudon|Spikes|p2a: Zacian\n|-sidestart|p2: 85792195wwww|Spikes\n|\n|-weather|DesolateLand|[upkeep]\n|upkeep\n|turn|6\n|inactive|XMarcosPr710 has 120 seconds left.\n|\n|t:|1698519164\n|move|p2a: Zacian|Close Combat|p1a: Groudon\n|-damage|p1a: Groudon|58\/100\n|-unboost|p2a: Zacian|def|1\n|-unboost|p2a: Zacian|spd|1\n|move|p1a: Groudon|Will-O-Wisp|p2a: Zacian\n|-status|p2a: Zacian|brn\n|\n|-weather|DesolateLand|[upkeep]\n|-damage|p2a: Zacian|94\/100 brn|[from] brn\n|upkeep\n|turn|7\n|\n|t:|1698519177\n|move|p2a: Zacian|Swords Dance|p2a: Zacian\n|-boost|p2a: Zacian|atk|2\n|move|p1a: Groudon|Spikes|p2a: Zacian\n|-sidestart|p2: 85792195wwww|Spikes\n|\n|-weather|DesolateLand|[upkeep]\n|-damage|p2a: Zacian|88\/100 brn|[from] brn\n|upkeep\n|turn|8\n|\n|t:|1698519192\n|move|p2a: Zacian|Close Combat|p1a: Groudon\n|-damage|p1a: Groudon|30\/100\n|-unboost|p2a: Zacian|def|1\n|-unboost|p2a: Zacian|spd|1\n|move|p1a: Groudon|Heat Crash|p2a: Zacian\n|-supereffective|p2a: Zacian\n|-damage|p2a: Zacian|0 fnt\n|faint|p2a: Zacian\n|\n|-weather|DesolateLand|[upkeep]\n|upkeep\n|\n|t:|1698519204\n|switch|p2a: Kyogre|Kyogre-Primal|100\/100\n|-damage|p2a: Kyogre|84\/100|[from] Spikes\n|-weather|PrimordialSea|[from] ability: Primordial Sea|[of] p2a: Kyogre\n|turn|9\n|\n|t:|1698519225\n|switch|p1a: Arceus|Arceus-Dark|100\/100\n|-damage|p1a: Arceus|88\/100|[from] Stealth Rock\n|move|p2a: Kyogre|Water Spout|p1a: Arceus\n|-damage|p1a: Arceus|0 fnt\n|faint|p1a: Arceus\n|\n|-weather|PrimordialSea|[upkeep]\n|upkeep\n|\n|t:|1698519231\n|switch|p1a: Lunala|Lunala|100\/100\n|turn|10\n|inactive|XMarcosPr710 has 120 seconds left.\n|\n|t:|1698519246\n|move|p1a: Lunala|Moongeist Beam|p2a: Kyogre\n|-damage|p2a: Kyogre|48\/100\n|move|p2a: Kyogre|Calm Mind|p2a: Kyogre\n|-boost|p2a: Kyogre|spa|1\n|-boost|p2a: Kyogre|spd|1\n|\n|-weather|PrimordialSea|[upkeep]\n|upkeep\n|turn|11\n|\n|t:|1698519254\n|move|p1a: Lunala|Calm Mind|p1a: Lunala\n|-boost|p1a: Lunala|spa|1\n|-boost|p1a: Lunala|spd|1\n|move|p2a: Kyogre|Origin Pulse|p1a: Lunala\n|-damage|p1a: Lunala|53\/100\n|\n|-weather|PrimordialSea|[upkeep]\n|upkeep\n|turn|12\n|\n|t:|1698519263\n|move|p1a: Lunala|Psyshock|p2a: Kyogre\n|-damage|p2a: Kyogre|0 fnt\n|faint|p2a: Kyogre\n|-weather|none\n|\n|upkeep\n|\n|t:|1698519269\n|switch|p2a: Arceus|Arceus|100\/100\n|-damage|p2a: Arceus|84\/100|[from] Spikes\n|turn|13\n|inactive|XMarcosPr710 has 120 seconds left.\n|\n|t:|1698519294\n|move|p2a: Arceus|Swords Dance|p2a: Arceus\n|-boost|p2a: Arceus|atk|2\n|move|p1a: Lunala|Roost|p1a: Lunala\n|-heal|p1a: Lunala|100\/100\n|-singleturn|p1a: Lunala|move: Roost\n|\n|upkeep\n|turn|14\n|\n|t:|1698519303\n|move|p2a: Arceus|Earthquake|p1a: Lunala\n|-damage|p1a: Lunala|60\/100\n|-damage|p2a: Arceus|74\/100|[from] item: Life Orb\n|move|p1a: Lunala|Psyshock|p2a: Arceus\n|-damage|p2a: Arceus|29\/100\n|\n|upkeep\n|turn|15\n|\n|t:|1698519311\n|move|p2a: Arceus|Earthquake|p1a: Lunala\n|-damage|p1a: Lunala|0 fnt\n|faint|p1a: Lunala\n|-damage|p2a: Arceus|19\/100|[from] item: Life Orb\n|\n|upkeep\n|\n|t:|1698519315\n|switch|p1a: Zacian|Zacian-Crowned|100\/100\n|-damage|p1a: Zacian|94\/100|[from] Stealth Rock\n|-ability|p1a: Zacian|Intrepid Sword|boost\n|-boost|p1a: Zacian|atk|1\n|turn|16\n|\n|t:|1698519326\n|move|p2a: Arceus|Extreme Speed|p1a: Zacian\n|-resisted|p1a: Zacian\n|-damage|p1a: Zacian|42\/100\n|-damage|p2a: Arceus|9\/100|[from] item: Life Orb\n|move|p1a: Zacian|Behemoth Blade|p2a: Arceus\n|-damage|p2a: Arceus|0 fnt\n|faint|p2a: Arceus\n|\n|upkeep\n|\n|t:|1698519336\n|switch|p2a: Groudon|Groudon|100\/100\n|-damage|p2a: Groudon|84\/100|[from] Spikes\n|detailschange|p2a: Groudon|Groudon-Primal\n|-primal|p2a: Groudon|Red Orb\n|-weather|DesolateLand|[from] ability: Desolate Land|[of] p2a: Groudon\n|turn|17\n|\n|t:|1698519351\n|move|p1a: Zacian|Close Combat|p2a: Groudon\n|-damage|p2a: Groudon|46\/100\n|-unboost|p1a: Zacian|def|1\n|-unboost|p1a: Zacian|spd|1\n|move|p2a: Groudon|Rock Polish|p2a: Groudon\n|-boost|p2a: Groudon|spe|2\n|\n|-weather|DesolateLand|[upkeep]\n|upkeep\n|turn|18\n|\n|t:|1698519360\n|move|p2a: Groudon|Heat Crash|p1a: Zacian\n|-supereffective|p1a: Zacian\n|-damage|p1a: Zacian|0 fnt\n|faint|p1a: Zacian\n|\n|-weather|DesolateLand|[upkeep]\n|upkeep\n|\n|t:|1698519364\n|switch|p1a: Yveltal|Yveltal|100\/100\n|-damage|p1a: Yveltal|76\/100|[from] Stealth Rock\n|-ability|p1a: Yveltal|Dark Aura\n|turn|19\n|\n|t:|1698519371\n|-terastallize|p1a: Yveltal|Dark\n|move|p1a: Yveltal|Sucker Punch|p2a: Groudon\n|-damage|p2a: Groudon|0 fnt\n|faint|p2a: Groudon\n|-weather|none\n|-damage|p1a: Yveltal|66\/100|[from] item: Life Orb\n|\n|upkeep\n|\n|t:|1698519379\n|switch|p2a: Xerneas|Xerneas|100\/100\n|-damage|p2a: Xerneas|84\/100|[from] Spikes\n|-ability|p2a: Xerneas|Fairy Aura\n|turn|20\n|\n|t:|1698519385\n|move|p1a: Yveltal|Knock Off|p2a: Xerneas\n|-resisted|p2a: Xerneas\n|-damage|p2a: Xerneas|37\/100\n|-enditem|p2a: Xerneas|Power Herb|[from] move: Knock Off|[of] p1a: Yveltal\n|-damage|p1a: Yveltal|56\/100|[from] item: Life Orb\n|move|p2a: Xerneas|Moonblast|p1a: Yveltal\n|-supereffective|p1a: Yveltal\n|-damage|p1a: Yveltal|0 fnt\n|faint|p1a: Yveltal\n|\n|upkeep\n|\n|t:|1698519392\n|switch|p1a: Groudon|Groudon-Primal|30\/100\n|-damage|p1a: Groudon|18\/100|[from] Stealth Rock\n|-weather|DesolateLand|[from] ability: Desolate Land|[of] p1a: Groudon\n|turn|21\n|\n|t:|1698519400\n|move|p2a: Xerneas|Moonblast|p1a: Groudon\n|-resisted|p1a: Groudon\n|-damage|p1a: Groudon|0 fnt\n|faint|p1a: Groudon\n|-weather|none\n|\n|win|85792195wwww\n|raw|XMarcosPr710's rating: 1555 &rarr; <strong>1547<\/strong><br \/>(-8 for losing)\n|raw|85792195wwww's rating: 1807 &rarr; <strong>1815<\/strong><br \/>(+8 for winning)\n","uploadtime":1698519408,"views":18,"p1id":"xmarcospr710","p2id":"85792195wwww","formatid":"gen9nationaldexubers","rating":1547,"private":0,"password":""}