{"id":"gen9nationaldexubers-1989861582","p1":"ORDINARY-MODE\u25fb\ufe0f","p2":"MrBest2023","format":"[Gen 9] National Dex Ubers","log":"|j|\u2606ORDINARY-MODE\u25fb\ufe0f\n|j|\u2606MrBest2023\n|t:|1699901879\n|gametype|singles\n|player|p1|ORDINARY-MODE\u25fb\ufe0f|wicke|1058\n|player|p2|MrBest2023|unknown|1075\n|teamsize|p1|6\n|teamsize|p2|6\n|gen|9\n|tier|[Gen 9] National Dex Ubers\n|rated|\n|rule|HP Percentage Mod: HP is shown in percentages\n|rule|Endless Battle Clause: Forcing endless battles is banned\n|rule|OHKO Clause: OHKO moves are banned\n|rule|Evasion Moves Clause: Evasion moves are banned\n|rule|Evasion Items Clause: Evasion items are banned\n|rule|Species Clause: Limit one of each Pok\u00e9mon\n|rule|Sleep Clause Mod: Limit one foe put to sleep\n|rule|Mega Rayquaza Clause: You cannot mega evolve Rayquaza\n|clearpoke\n|poke|p1|Blissey, F|\n|poke|p1|Bouffalant, M|\n|poke|p1|Cinccino, F|\n|poke|p1|Dubwool, F|\n|poke|p1|Exploud, M|\n|poke|p1|Farigiraf, F|\n|poke|p2|Amoonguss, M|\n|poke|p2|Breloom, M|\n|poke|p2|Eldegoss, M|\n|poke|p2|Parasect, F|\n|poke|p2|Shiinotic, F|\n|poke|p2|Vileplume, F|\n|teampreview\n|\n|t:|1699901889\n|start\n|switch|p1a: \u26aa\ufe0fEXTRA LOUD\u26aa\ufe0f\ud83d\udce2|Exploud, M|100\/100\n|switch|p2a: Breloom|Breloom, M|100\/100\n|turn|1\n|\n|t:|1699901909\n|move|p1a: \u26aa\ufe0fEXTRA LOUD\u26aa\ufe0f\ud83d\udce2|Boomburst|p2a: Breloom\n|-enditem|p2a: Breloom|Focus Sash\n|-damage|p2a: Breloom|1\/100\n|move|p2a: Breloom|Spore|p1a: \u26aa\ufe0fEXTRA LOUD\u26aa\ufe0f\ud83d\udce2\n|-status|p1a: \u26aa\ufe0fEXTRA LOUD\u26aa\ufe0f\ud83d\udce2|slp|[from] move: Spore\n|\n|upkeep\n|turn|2\n|\n|t:|1699901920\n|cant|p1a: \u26aa\ufe0fEXTRA LOUD\u26aa\ufe0f\ud83d\udce2|slp\n|move|p2a: Breloom|Drain Punch|p1a: \u26aa\ufe0fEXTRA LOUD\u26aa\ufe0f\ud83d\udce2\n|-supereffective|p1a: \u26aa\ufe0fEXTRA LOUD\u26aa\ufe0f\ud83d\udce2\n|-damage|p1a: \u26aa\ufe0fEXTRA LOUD\u26aa\ufe0f\ud83d\udce2|11\/100 slp\n|-heal|p2a: Breloom|49\/100|[from] drain|[of] p1a: \u26aa\ufe0fEXTRA LOUD\u26aa\ufe0f\ud83d\udce2\n|\n|upkeep\n|turn|3\n|\n|t:|1699901928\n|-curestatus|p1a: \u26aa\ufe0fEXTRA LOUD\u26aa\ufe0f\ud83d\udce2|slp|[msg]\n|move|p1a: \u26aa\ufe0fEXTRA LOUD\u26aa\ufe0f\ud83d\udce2|Boomburst|p2a: Breloom\n|-damage|p2a: Breloom|0 fnt\n|faint|p2a: Breloom\n|\n|upkeep\n|\n|t:|1699901942\n|switch|p2a: Eldegoss|Eldegoss, M|100\/100\n|turn|4\n|\n|t:|1699901950\n|move|p1a: \u26aa\ufe0fEXTRA LOUD\u26aa\ufe0f\ud83d\udce2|Boomburst|p2a: Eldegoss\n|-damage|p2a: Eldegoss|53\/100\n|move|p2a: Eldegoss|Giga Drain|p1a: \u26aa\ufe0fEXTRA LOUD\u26aa\ufe0f\ud83d\udce2\n|-damage|p1a: \u26aa\ufe0fEXTRA LOUD\u26aa\ufe0f\ud83d\udce2|0 fnt\n|-heal|p2a: Eldegoss|59\/100|[from] drain|[of] p1a: \u26aa\ufe0fEXTRA LOUD\u26aa\ufe0f\ud83d\udce2\n|faint|p1a: \u26aa\ufe0fEXTRA LOUD\u26aa\ufe0f\ud83d\udce2\n|\n|upkeep\n|\n|t:|1699901976\n|switch|p1a: \ud83d\udc30\u26aa\ufe0fCINCCINO\u26aa\ufe0f\ud83d\udc30|Cinccino, F, shiny|100\/100\n|turn|5\n|\n|t:|1699901992\n|move|p1a: \ud83d\udc30\u26aa\ufe0fCINCCINO\u26aa\ufe0f\ud83d\udc30|Thunder Wave|p2a: Eldegoss\n|-status|p2a: Eldegoss|par\n|move|p2a: Eldegoss|Leech Seed|p1a: \ud83d\udc30\u26aa\ufe0fCINCCINO\u26aa\ufe0f\ud83d\udc30\n|-start|p1a: \ud83d\udc30\u26aa\ufe0fCINCCINO\u26aa\ufe0f\ud83d\udc30|move: Leech Seed\n|\n|-damage|p1a: \ud83d\udc30\u26aa\ufe0fCINCCINO\u26aa\ufe0f\ud83d\udc30|88\/100|[from] Leech Seed|[of] p2a: Eldegoss\n|-heal|p2a: Eldegoss|70\/100 par|[silent]\n|upkeep\n|turn|6\n|\n|t:|1699902003\n|move|p1a: \ud83d\udc30\u26aa\ufe0fCINCCINO\u26aa\ufe0f\ud83d\udc30|Tail Slap|p2a: Eldegoss\n|-damage|p2a: Eldegoss|57\/100 par\n|-damage|p2a: Eldegoss|45\/100 par\n|-damage|p2a: Eldegoss|32\/100 par\n|-status|p1a: \ud83d\udc30\u26aa\ufe0fCINCCINO\u26aa\ufe0f\ud83d\udc30|slp|[from] ability: Effect Spore|[of] p2a: Eldegoss\n|-hitcount|p2a: Eldegoss|3\n|move|p2a: Eldegoss|Cotton Guard|p2a: Eldegoss\n|-boost|p2a: Eldegoss|def|3\n|\n|-damage|p1a: \ud83d\udc30\u26aa\ufe0fCINCCINO\u26aa\ufe0f\ud83d\udc30|76\/100 slp|[from] Leech Seed|[of] p2a: Eldegoss\n|-heal|p2a: Eldegoss|43\/100 par|[silent]\n|upkeep\n|turn|7\n|\n|t:|1699902022\n|switch|p1a: \ud83e\udd92\u26aa\ufe0fFARIGIRAF\u26aa\ufe0f\ud83e\udd92|Farigiraf, F, shiny|100\/100\n|move|p2a: Eldegoss|Giga Drain|p1a: \ud83e\udd92\u26aa\ufe0fFARIGIRAF\u26aa\ufe0f\ud83e\udd92\n|-damage|p1a: \ud83e\udd92\u26aa\ufe0fFARIGIRAF\u26aa\ufe0f\ud83e\udd92|75\/100\n|-heal|p2a: Eldegoss|58\/100 par|[from] drain|[of] p1a: \ud83e\udd92\u26aa\ufe0fFARIGIRAF\u26aa\ufe0f\ud83e\udd92\n|\n|upkeep\n|turn|8\n|\n|t:|1699902032\n|move|p1a: \ud83e\udd92\u26aa\ufe0fFARIGIRAF\u26aa\ufe0f\ud83e\udd92|Calm Mind|p1a: \ud83e\udd92\u26aa\ufe0fFARIGIRAF\u26aa\ufe0f\ud83e\udd92\n|-boost|p1a: \ud83e\udd92\u26aa\ufe0fFARIGIRAF\u26aa\ufe0f\ud83e\udd92|spa|1\n|-boost|p1a: \ud83e\udd92\u26aa\ufe0fFARIGIRAF\u26aa\ufe0f\ud83e\udd92|spd|1\n|move|p2a: Eldegoss|Leech Seed|p1a: \ud83e\udd92\u26aa\ufe0fFARIGIRAF\u26aa\ufe0f\ud83e\udd92\n|-start|p1a: \ud83e\udd92\u26aa\ufe0fFARIGIRAF\u26aa\ufe0f\ud83e\udd92|move: Leech Seed\n|\n|-damage|p1a: \ud83e\udd92\u26aa\ufe0fFARIGIRAF\u26aa\ufe0f\ud83e\udd92|63\/100|[from] Leech Seed|[of] p2a: Eldegoss\n|-heal|p2a: Eldegoss|73\/100 par|[silent]\n|upkeep\n|turn|9\n|\n|t:|1699902043\n|move|p1a: \ud83e\udd92\u26aa\ufe0fFARIGIRAF\u26aa\ufe0f\ud83e\udd92|Calm Mind|p1a: \ud83e\udd92\u26aa\ufe0fFARIGIRAF\u26aa\ufe0f\ud83e\udd92\n|-boost|p1a: \ud83e\udd92\u26aa\ufe0fFARIGIRAF\u26aa\ufe0f\ud83e\udd92|spa|1\n|-boost|p1a: \ud83e\udd92\u26aa\ufe0fFARIGIRAF\u26aa\ufe0f\ud83e\udd92|spd|1\n|move|p2a: Eldegoss|Giga Drain|p1a: \ud83e\udd92\u26aa\ufe0fFARIGIRAF\u26aa\ufe0f\ud83e\udd92\n|-damage|p1a: \ud83e\udd92\u26aa\ufe0fFARIGIRAF\u26aa\ufe0f\ud83e\udd92|49\/100\n|-heal|p2a: Eldegoss|81\/100 par|[from] drain|[of] p1a: \ud83e\udd92\u26aa\ufe0fFARIGIRAF\u26aa\ufe0f\ud83e\udd92\n|\n|-damage|p1a: \ud83e\udd92\u26aa\ufe0fFARIGIRAF\u26aa\ufe0f\ud83e\udd92|37\/100|[from] Leech Seed|[of] p2a: Eldegoss\n|-heal|p2a: Eldegoss|95\/100 par|[silent]\n|upkeep\n|turn|10\n|\n|t:|1699902059\n|move|p1a: \ud83e\udd92\u26aa\ufe0fFARIGIRAF\u26aa\ufe0f\ud83e\udd92|Agility|p1a: \ud83e\udd92\u26aa\ufe0fFARIGIRAF\u26aa\ufe0f\ud83e\udd92\n|-boost|p1a: \ud83e\udd92\u26aa\ufe0fFARIGIRAF\u26aa\ufe0f\ud83e\udd92|spe|2\n|move|p2a: Eldegoss|Rapid Spin|p1a: \ud83e\udd92\u26aa\ufe0fFARIGIRAF\u26aa\ufe0f\ud83e\udd92\n|-damage|p1a: \ud83e\udd92\u26aa\ufe0fFARIGIRAF\u26aa\ufe0f\ud83e\udd92|30\/100\n|-boost|p2a: Eldegoss|spe|1\n|\n|-damage|p1a: \ud83e\udd92\u26aa\ufe0fFARIGIRAF\u26aa\ufe0f\ud83e\udd92|18\/100|[from] Leech Seed|[of] p2a: Eldegoss\n|-heal|p2a: Eldegoss|100\/100 par|[silent]\n|upkeep\n|turn|11\n|\n|t:|1699902070\n|-terastallize|p1a: \ud83e\udd92\u26aa\ufe0fFARIGIRAF\u26aa\ufe0f\ud83e\udd92|Normal\n|move|p1a: \ud83e\udd92\u26aa\ufe0fFARIGIRAF\u26aa\ufe0f\ud83e\udd92|Hyper Voice|p2a: Eldegoss\n|-damage|p2a: Eldegoss|9\/100 par\n|cant|p2a: Eldegoss|par\n|\n|-damage|p1a: \ud83e\udd92\u26aa\ufe0fFARIGIRAF\u26aa\ufe0f\ud83e\udd92|5\/100|[from] Leech Seed|[of] p2a: Eldegoss\n|-heal|p2a: Eldegoss|23\/100 par|[silent]\n|upkeep\n|turn|12\n|\n|t:|1699902080\n|move|p1a: \ud83e\udd92\u26aa\ufe0fFARIGIRAF\u26aa\ufe0f\ud83e\udd92|Hyper Voice|p2a: Eldegoss\n|-damage|p2a: Eldegoss|0 fnt\n|faint|p2a: Eldegoss\n|\n|upkeep\n|\n|t:|1699902086\n|switch|p2a: Shiinotic|Shiinotic, F|100\/100\n|turn|13\n|\n|t:|1699902096\n|move|p1a: \ud83e\udd92\u26aa\ufe0fFARIGIRAF\u26aa\ufe0f\ud83e\udd92|Hyper Voice|p2a: Shiinotic\n|-enditem|p2a: Shiinotic|Focus Sash\n|-damage|p2a: Shiinotic|1\/100\n|move|p2a: Shiinotic|Strength Sap|p1a: \ud83e\udd92\u26aa\ufe0fFARIGIRAF\u26aa\ufe0f\ud83e\udd92\n|-unboost|p1a: \ud83e\udd92\u26aa\ufe0fFARIGIRAF\u26aa\ufe0f\ud83e\udd92|atk|1\n|-heal|p2a: Shiinotic|61\/100\n|\n|-damage|p1a: \ud83e\udd92\u26aa\ufe0fFARIGIRAF\u26aa\ufe0f\ud83e\udd92|0 fnt|[from] Leech Seed|[of] p2a: Shiinotic\n|-heal|p2a: Shiinotic|66\/100|[silent]\n|faint|p1a: \ud83e\udd92\u26aa\ufe0fFARIGIRAF\u26aa\ufe0f\ud83e\udd92\n|upkeep\n|\n|t:|1699902112\n|switch|p1a: \u26aa\ufe0fBOUFFALANT\u26aa\ufe0f|Bouffalant, M, shiny|100\/100\n|turn|14\n|\n|t:|1699902123\n|move|p1a: \u26aa\ufe0fBOUFFALANT\u26aa\ufe0f|Head Charge|p2a: Shiinotic\n|-damage|p2a: Shiinotic|0 fnt\n|-status|p1a: \u26aa\ufe0fBOUFFALANT\u26aa\ufe0f|psn|[from] ability: Effect Spore|[of] p2a: Shiinotic\n|faint|p2a: Shiinotic\n|-damage|p1a: \u26aa\ufe0fBOUFFALANT\u26aa\ufe0f|84\/100 psn|[from] Recoil\n|\n|-damage|p1a: \u26aa\ufe0fBOUFFALANT\u26aa\ufe0f|72\/100 psn|[from] psn\n|upkeep\n|\n|t:|1699902133\n|switch|p2a: Vileplume|Vileplume, F|100\/100\n|turn|15\n|\n|t:|1699902139\n|move|p1a: \u26aa\ufe0fBOUFFALANT\u26aa\ufe0f|Swords Dance|p1a: \u26aa\ufe0fBOUFFALANT\u26aa\ufe0f\n|-boost|p1a: \u26aa\ufe0fBOUFFALANT\u26aa\ufe0f|atk|2\n|move|p2a: Vileplume|Infestation|p1a: \u26aa\ufe0fBOUFFALANT\u26aa\ufe0f\n|-crit|p1a: \u26aa\ufe0fBOUFFALANT\u26aa\ufe0f\n|-damage|p1a: \u26aa\ufe0fBOUFFALANT\u26aa\ufe0f|65\/100 psn\n|-activate|p1a: \u26aa\ufe0fBOUFFALANT\u26aa\ufe0f|move: Infestation|[of] p2a: Vileplume\n|\n|-damage|p1a: \u26aa\ufe0fBOUFFALANT\u26aa\ufe0f|52\/100 psn|[from] psn\n|-damage|p1a: \u26aa\ufe0fBOUFFALANT\u26aa\ufe0f|40\/100 psn|[from] move: Infestation|[partiallytrapped]\n|upkeep\n|turn|16\n|\n|t:|1699902157\n|-zpower|p1a: \u26aa\ufe0fBOUFFALANT\u26aa\ufe0f\n|move|p1a: \u26aa\ufe0fBOUFFALANT\u26aa\ufe0f|Breakneck Blitz|p2a: Vileplume|[zeffect]\n|-damage|p2a: Vileplume|0 fnt\n|faint|p2a: Vileplume\n|\n|-damage|p1a: \u26aa\ufe0fBOUFFALANT\u26aa\ufe0f|27\/100 psn|[from] psn\n|-end|p1a: \u26aa\ufe0fBOUFFALANT\u26aa\ufe0f|Infestation|[partiallytrapped]|[silent]\n|upkeep\n|\n|t:|1699902172\n|switch|p2a: Amoonguss|Amoonguss, M|100\/100\n|turn|17\n|\n|t:|1699902190\n|move|p1a: \u26aa\ufe0fBOUFFALANT\u26aa\ufe0f|Head Charge|p2a: Amoonguss\n|-enditem|p2a: Amoonguss|Focus Sash\n|-damage|p2a: Amoonguss|1\/100\n|-damage|p1a: \u26aa\ufe0fBOUFFALANT\u26aa\ufe0f|0 fnt|[from] Recoil\n|faint|p1a: \u26aa\ufe0fBOUFFALANT\u26aa\ufe0f\n|move|p2a: Amoonguss|Clear Smog|p1: \u26aa\ufe0fBOUFFALANT\u26aa\ufe0f|[notarget]\n|-fail|p2a: Amoonguss\n|\n|upkeep\n|\n|t:|1699902202\n|switch|p1a: \ud83d\udc0f\u26aa\ufe0fDUBWOOL\u26aa\ufe0f\ud83d\udc11|Dubwool, F|100\/100\n|turn|18\n|\n|t:|1699902206\n|move|p1a: \ud83d\udc0f\u26aa\ufe0fDUBWOOL\u26aa\ufe0f\ud83d\udc11|Substitute|p1a: \ud83d\udc0f\u26aa\ufe0fDUBWOOL\u26aa\ufe0f\ud83d\udc11\n|-start|p1a: \ud83d\udc0f\u26aa\ufe0fDUBWOOL\u26aa\ufe0f\ud83d\udc11|Substitute\n|-damage|p1a: \ud83d\udc0f\u26aa\ufe0fDUBWOOL\u26aa\ufe0f\ud83d\udc11|76\/100\n|move|p2a: Amoonguss|Toxic||[still]\n|-fail|p2a: Amoonguss\n|\n|-heal|p1a: \ud83d\udc0f\u26aa\ufe0fDUBWOOL\u26aa\ufe0f\ud83d\udc11|82\/100|[from] item: Leftovers\n|upkeep\n|turn|19\n|\n|t:|1699902216\n|move|p1a: \ud83d\udc0f\u26aa\ufe0fDUBWOOL\u26aa\ufe0f\ud83d\udc11|Body Slam|p2a: Amoonguss\n|-damage|p2a: Amoonguss|0 fnt\n|-message|Sleep Clause Mod activated.\n|-hint|Sleep Clause Mod prevents players from putting more than one of their opponent's Pok\u00e9mon to sleep at a time\n|faint|p2a: Amoonguss\n|\n|-heal|p1a: \ud83d\udc0f\u26aa\ufe0fDUBWOOL\u26aa\ufe0f\ud83d\udc11|88\/100|[from] item: Leftovers\n|upkeep\n|\n|t:|1699902223\n|switch|p2a: Parasect|Parasect, F|100\/100\n|turn|20\n|-activate|p2a: Parasect|item: Quick Claw\n|\n|t:|1699902228\n|move|p2a: Parasect|Hone Claws|p2a: Parasect\n|-boost|p2a: Parasect|atk|1\n|-boost|p2a: Parasect|accuracy|1\n|move|p1a: \ud83d\udc0f\u26aa\ufe0fDUBWOOL\u26aa\ufe0f\ud83d\udc11|Thunder Wave|p2a: Parasect\n|-status|p2a: Parasect|par\n|\n|-heal|p1a: \ud83d\udc0f\u26aa\ufe0fDUBWOOL\u26aa\ufe0f\ud83d\udc11|93\/100|[from] item: Leftovers\n|upkeep\n|turn|21\n|\n|t:|1699902241\n|move|p1a: \ud83d\udc0f\u26aa\ufe0fDUBWOOL\u26aa\ufe0f\ud83d\udc11|Double-Edge|p2a: Parasect\n|-damage|p2a: Parasect|54\/100 par\n|-status|p1a: \ud83d\udc0f\u26aa\ufe0fDUBWOOL\u26aa\ufe0f\ud83d\udc11|par|[from] ability: Effect Spore|[of] p2a: Parasect\n|-damage|p1a: \ud83d\udc0f\u26aa\ufe0fDUBWOOL\u26aa\ufe0f\ud83d\udc11|76\/100 par|[from] Recoil\n|move|p2a: Parasect|Leech Life|p1a: \ud83d\udc0f\u26aa\ufe0fDUBWOOL\u26aa\ufe0f\ud83d\udc11\n|-end|p1a: \ud83d\udc0f\u26aa\ufe0fDUBWOOL\u26aa\ufe0f\ud83d\udc11|Substitute\n|-heal|p2a: Parasect|65\/100 par|[from] drain|[of] p1a: \ud83d\udc0f\u26aa\ufe0fDUBWOOL\u26aa\ufe0f\ud83d\udc11\n|\n|-heal|p1a: \ud83d\udc0f\u26aa\ufe0fDUBWOOL\u26aa\ufe0f\ud83d\udc11|82\/100 par|[from] item: Leftovers\n|upkeep\n|turn|22\n|-activate|p2a: Parasect|item: Quick Claw\n|\n|t:|1699902255\n|move|p2a: Parasect|Leech Life|p1a: \ud83d\udc0f\u26aa\ufe0fDUBWOOL\u26aa\ufe0f\ud83d\udc11\n|-damage|p1a: \ud83d\udc0f\u26aa\ufe0fDUBWOOL\u26aa\ufe0f\ud83d\udc11|57\/100 par\n|-heal|p2a: Parasect|76\/100 par|[from] drain|[of] p1a: \ud83d\udc0f\u26aa\ufe0fDUBWOOL\u26aa\ufe0f\ud83d\udc11\n|move|p1a: \ud83d\udc0f\u26aa\ufe0fDUBWOOL\u26aa\ufe0f\ud83d\udc11|Substitute|p1a: \ud83d\udc0f\u26aa\ufe0fDUBWOOL\u26aa\ufe0f\ud83d\udc11\n|-start|p1a: \ud83d\udc0f\u26aa\ufe0fDUBWOOL\u26aa\ufe0f\ud83d\udc11|Substitute\n|-damage|p1a: \ud83d\udc0f\u26aa\ufe0fDUBWOOL\u26aa\ufe0f\ud83d\udc11|32\/100 par\n|\n|-heal|p1a: \ud83d\udc0f\u26aa\ufe0fDUBWOOL\u26aa\ufe0f\ud83d\udc11|38\/100 par|[from] item: Leftovers\n|upkeep\n|turn|23\n|\n|t:|1699902267\n|move|p1a: \ud83d\udc0f\u26aa\ufe0fDUBWOOL\u26aa\ufe0f\ud83d\udc11|Double-Edge|p2a: Parasect\n|-damage|p2a: Parasect|26\/100 par\n|-damage|p1a: \ud83d\udc0f\u26aa\ufe0fDUBWOOL\u26aa\ufe0f\ud83d\udc11|19\/100 par|[from] Recoil\n|cant|p2a: Parasect|par\n|\n|-heal|p1a: \ud83d\udc0f\u26aa\ufe0fDUBWOOL\u26aa\ufe0f\ud83d\udc11|25\/100 par|[from] item: Leftovers\n|upkeep\n|turn|24\n|\n|t:|1699902277\n|move|p1a: \ud83d\udc0f\u26aa\ufe0fDUBWOOL\u26aa\ufe0f\ud83d\udc11|Double-Edge|p2a: Parasect\n|-damage|p2a: Parasect|0 fnt\n|faint|p2a: Parasect\n|-damage|p1a: \ud83d\udc0f\u26aa\ufe0fDUBWOOL\u26aa\ufe0f\ud83d\udc11|16\/100 par|[from] Recoil\n|\n|win|ORDINARY-MODE\u25fb\ufe0f\n|raw|ORDINARY-MODE\u25fb\ufe0f's rating: 1058 &rarr; <strong>1091<\/strong><br \/>(+33 for winning)\n|raw|MrBest2023's rating: 1075 &rarr; <strong>1053<\/strong><br \/>(-22 for losing)\n|l|\u2606MrBest2023\n|c|\u2606ORDINARY-MODE\u25fb\ufe0f|Baa\n","uploadtime":1699902298,"views":8,"p1id":"ordinarymode","p2id":"mrbest2023","formatid":"gen9nationaldexubers","rating":1053,"private":0,"password":""}