{"id":"gen9nationaldexubers-1981043863","p1":"700club","p2":"Pokemonowy gosc","format":"[Gen 9] National Dex Ubers","log":"|j|\u2606700club\n|j|\u2606Pokemonowy gosc\n|t:|1698859149\n|gametype|singles\n|player|p1|700club|shadowtriad|1154\n|player|p2|Pokemonowy gosc|dawn|1054\n|teamsize|p1|6\n|teamsize|p2|6\n|gen|9\n|tier|[Gen 9] National Dex Ubers\n|rated|\n|rule|HP Percentage Mod: HP is shown in percentages\n|rule|Endless Battle Clause: Forcing endless battles is banned\n|rule|OHKO Clause: OHKO moves are banned\n|rule|Evasion Moves Clause: Evasion moves are banned\n|rule|Evasion Items Clause: Evasion items are banned\n|rule|Species Clause: Limit one of each Pok\u00e9mon\n|rule|Sleep Clause Mod: Limit one foe put to sleep\n|rule|Mega Rayquaza Clause: You cannot mega evolve Rayquaza\n|clearpoke\n|poke|p1|Ogerpon-Hearthflame, F|\n|poke|p1|Arceus|\n|poke|p1|Deoxys-Speed|\n|poke|p1|Marshadow|\n|poke|p1|Necrozma-Dusk-Mane|\n|poke|p1|Metagross|\n|poke|p2|Urshifu-*, M|\n|poke|p2|Clefable, F|\n|poke|p2|Weezing, F|\n|poke|p2|Forretress, F|\n|poke|p2|Reshiram|\n|poke|p2|Carracosta, F|\n|teampreview\n|inactive|Battle timer is ON: inactive players will automatically lose when time's up. (requested by Pokemonowy gosc)\n|c|\u2606700club|hi\n|\n|t:|1698859158\n|start\n|switch|p1a: Deoxys|Deoxys-Speed|100\/100\n|switch|p2a: Reshiram|Reshiram, shiny|100\/100\n|-ability|p1a: Deoxys|Pressure\n|-ability|p2a: Reshiram|Turboblaze\n|turn|1\n|\n|t:|1698859182\n|move|p1a: Deoxys|Light Screen|p1a: Deoxys\n|-sidestart|p1: 700club|move: Light Screen\n|move|p2a: Reshiram|Blue Flare|p1a: Deoxys\n|-damage|p1a: Deoxys|52\/100\n|-status|p1a: Deoxys|brn\n|\n|-damage|p1a: Deoxys|46\/100 brn|[from] brn\n|upkeep\n|turn|2\n|\n|t:|1698859194\n|move|p1a: Deoxys|Reflect|p1a: Deoxys\n|-sidestart|p1: 700club|Reflect\n|move|p2a: Reshiram|Dragon Rage|p1a: Deoxys\n|-damage|p1a: Deoxys|33\/100 brn\n|\n|-damage|p1a: Deoxys|27\/100 brn|[from] brn\n|upkeep\n|turn|3\n|\n|t:|1698859203\n|switch|p2a: Urshifu|Urshifu, M|100\/100\n|move|p1a: Deoxys|Stealth Rock|p2a: Urshifu\n|-sidestart|p2: Pokemonowy gosc|move: Stealth Rock\n|\n|-damage|p1a: Deoxys|21\/100 brn|[from] brn\n|upkeep\n|turn|4\n|inactive|700club has 120 seconds left.\n|\n|t:|1698859234\n|move|p1a: Deoxys|Taunt|p2a: Urshifu\n|-start|p2a: Urshifu|move: Taunt\n|move|p2a: Urshifu|Wicked Blow|p1a: Deoxys\n|-supereffective|p1a: Deoxys\n|-crit|p1a: Deoxys\n|-damage|p1a: Deoxys|0 fnt\n|faint|p1a: Deoxys\n|\n|upkeep\n|\n|t:|1698859258\n|switch|p1a: Ogerpon|Ogerpon-Hearthflame, F|100\/100\n|-ability|p1a: Ogerpon|Mold Breaker\n|turn|5\n|\n|t:|1698859267\n|switch|p2a: Reshiram|Reshiram, shiny|100\/100\n|-ability|p2a: Reshiram|Turboblaze\n|-terastallize|p1a: Ogerpon|Fire\n|detailschange|p1a: Ogerpon|Ogerpon-Hearthflame-Tera, F, tera:Fire\n|-ability|p1a: Ogerpon|Embody Aspect (Hearthflame)|boost\n|-boost|p1a: Ogerpon|atk|1\n|move|p1a: Ogerpon|Ivy Cudgel|p2a: Reshiram\n|-resisted|p2a: Reshiram\n|-damage|p2a: Reshiram|77\/100\n|\n|-sideend|p1: 700club|move: Light Screen\n|upkeep\n|turn|6\n|inactive|700club has 90 seconds left.\n|\n|t:|1698859305\n|switch|p1a: Arceus|Arceus|100\/100\n|move|p2a: Reshiram|Blue Flare|p1a: Arceus\n|-damage|p1a: Arceus|48\/100\n|\n|-heal|p1a: Arceus|54\/100|[from] item: Leftovers\n|-sideend|p1: 700club|Reflect\n|upkeep\n|turn|7\n|\n|t:|1698859327\n|move|p2a: Reshiram|Fusion Flare|p1a: Arceus\n|-damage|p1a: Arceus|13\/100\n|move|p1a: Arceus|Dragon Dance|p1a: Arceus\n|-boost|p1a: Arceus|atk|1\n|-boost|p1a: Arceus|spe|1\n|\n|-heal|p1a: Arceus|20\/100|[from] item: Leftovers\n|upkeep\n|turn|8\n|\n|t:|1698859339\n|move|p1a: Arceus|Extreme Speed|p2a: Reshiram\n|-damage|p2a: Reshiram|7\/100\n|move|p2a: Reshiram|Fusion Flare|p1a: Arceus\n|-damage|p1a: Arceus|0 fnt\n|faint|p1a: Arceus\n|\n|upkeep\n|inactive|700club has 60 seconds left.\n|\n|t:|1698859357\n|switch|p1a: Necrozma|Necrozma-Dusk-Mane|100\/100\n|turn|9\n|\n|t:|1698859362\n|detailschange|p1a: Necrozma|Necrozma-Ultra\n|-burst|p1a: Necrozma|Necrozma|Ultranecrozium Z\n|move|p1a: Necrozma|Dragon Dance|p1a: Necrozma\n|-boost|p1a: Necrozma|atk|1\n|-boost|p1a: Necrozma|spe|1\n|move|p2a: Reshiram|Mystical Fire|p1a: Necrozma\n|-resisted|p1a: Necrozma\n|-damage|p1a: Necrozma|79\/100\n|-unboost|p1a: Necrozma|spa|1\n|\n|upkeep\n|turn|10\n|\n|t:|1698859374\n|move|p1a: Necrozma|Photon Geyser|p2a: Reshiram\n|-damage|p2a: Reshiram|0 fnt\n|faint|p2a: Reshiram\n|\n|upkeep\n|\n|t:|1698859382\n|switch|p2a: Urshifu|Urshifu, M|100\/100\n|-damage|p2a: Urshifu|94\/100|[from] Stealth Rock\n|turn|11\n|\n|t:|1698859393\n|move|p1a: Necrozma|Earthquake|p2a: Urshifu\n|-damage|p2a: Urshifu|27\/100\n|move|p2a: Urshifu|Wicked Blow|p1a: Necrozma\n|-supereffective|p1a: Necrozma\n|-crit|p1a: Necrozma\n|-damage|p1a: Necrozma|0 fnt\n|faint|p1a: Necrozma\n|\n|upkeep\n|inactive|700club has 60 seconds left.\n|\n|t:|1698859418\n|switch|p1a: Marshadow|Marshadow|100\/100\n|turn|12\n|\n|t:|1698859428\n|switch|p2a: Clefable|Clefable, F, shiny|100\/100\n|-damage|p2a: Clefable|88\/100|[from] Stealth Rock\n|move|p1a: Marshadow|Shadow Sneak|p2a: Clefable\n|-damage|p2a: Clefable|38\/100\n|\n|upkeep\n|turn|13\n|\n|t:|1698859440\n|move|p1a: Marshadow|Shadow Sneak|p2a: Clefable\n|-damage|p2a: Clefable|0 fnt\n|faint|p2a: Clefable\n|\n|upkeep\n|\n|t:|1698859445\n|switch|p2a: Urshifu|Urshifu, M|27\/100\n|-damage|p2a: Urshifu|21\/100|[from] Stealth Rock\n|turn|14\n|\n|t:|1698859449\n|move|p1a: Marshadow|Shadow Sneak|p2a: Urshifu\n|-resisted|p2a: Urshifu\n|-crit|p2a: Urshifu\n|-damage|p2a: Urshifu|0 fnt\n|-damage|p1a: Marshadow|84\/100|[from] item: Rocky Helmet|[of] p2a: Urshifu\n|faint|p2a: Urshifu\n|\n|upkeep\n|\n|t:|1698859455\n|switch|p2a: Weezing|Weezing, F, shiny|100\/100\n|-damage|p2a: Weezing|88\/100|[from] Stealth Rock\n|turn|15\n|inactive|700club has 90 seconds left.\n|\n|t:|1698859466\n|move|p1a: Marshadow|Shadow Sneak|p2a: Weezing\n|-damage|p2a: Weezing|59\/100\n|move|p2a: Weezing|Flamethrower|p1a: Marshadow\n|-damage|p1a: Marshadow|62\/100\n|\n|upkeep\n|turn|16\n|inactive|700club has 90 seconds left.\n|\n|t:|1698859474\n|move|p1a: Marshadow|Shadow Sneak|p2a: Weezing\n|-damage|p2a: Weezing|29\/100\n|move|p2a: Weezing|Destiny Bond|p2a: Weezing\n|-singlemove|p2a: Weezing|Destiny Bond\n|\n|upkeep\n|turn|17\n|\n|t:|1698859481\n|move|p1a: Marshadow|Shadow Sneak|p2a: Weezing\n|-damage|p2a: Weezing|0 fnt\n|faint|p2a: Weezing\n|-activate|p2a: Weezing|move: Destiny Bond\n|faint|p1a: Marshadow\n|\n|upkeep\n|inactive|700club has 90 seconds left.\n|inactive|700club has 60 seconds left.\n|\n|t:|1698859533\n|switch|p1a: Metagross|Metagross|100\/100\n|switch|p2a: Forretress|Forretress, F, shiny|100\/100\n|-damage|p2a: Forretress|88\/100|[from] Stealth Rock\n|turn|18\n|inactive|700club has 60 seconds left.\n|\n|t:|1698859549\n|detailschange|p1a: Metagross|Metagross-Mega\n|-mega|p1a: Metagross|Metagross|Metagrossite\n|move|p1a: Metagross|Thunder Punch|p2a: Forretress\n|-crit|p2a: Forretress\n|-damage|p2a: Forretress|48\/100\n|move|p2a: Forretress|Earthquake|p1a: Metagross\n|-supereffective|p1a: Metagross\n|-damage|p1a: Metagross|40\/100\n|\n|upkeep\n|turn|19\n|\n|t:|1698859559\n|move|p1a: Metagross|Thunder Punch|p2a: Forretress\n|-damage|p2a: Forretress|19\/100\n|-status|p2a: Forretress|par\n|move|p2a: Forretress|Earthquake|p1a: Metagross\n|-supereffective|p1a: Metagross\n|-damage|p1a: Metagross|0 fnt\n|faint|p1a: Metagross\n|\n|upkeep\n|\n|t:|1698859571\n|switch|p1a: Ogerpon|Ogerpon-Hearthflame-Tera, F, tera:Fire|100\/100\n|-ability|p1a: Ogerpon|Embody Aspect (Hearthflame)|boost\n|-boost|p1a: Ogerpon|atk|1\n|turn|20\n|inactive|700club has 30 seconds left.\n|\n|t:|1698859601\n|move|p1a: Ogerpon|Ivy Cudgel|p2a: Forretress\n|-supereffective|p2a: Forretress\n|-damage|p2a: Forretress|0 fnt\n|faint|p2a: Forretress\n|\n|upkeep\n|\n|t:|1698859624\n|switch|p2a: Carracosta|Carracosta, F, shiny|100\/100\n|-damage|p2a: Carracosta|88\/100|[from] Stealth Rock\n|turn|21\n|\n|t:|1698859633\n|move|p1a: Ogerpon|Horn Leech|p2a: Carracosta\n|-supereffective|p2a: Carracosta\n|-damage|p2a: Carracosta|0 fnt\n|faint|p2a: Carracosta\n|\n|win|700club\n|raw|700club's rating: 1154 &rarr; <strong>1172<\/strong><br \/>(+18 for winning)\n|raw|Pokemonowy gosc's rating: 1054 &rarr; <strong>1041<\/strong><br \/>(-13 for losing)\n|l|\u2606Pokemonowy gosc\n|c|\u2606700club|gg\n","uploadtime":1698859642,"views":10,"p1id":"700club","p2id":"pokemonowygosc","formatid":"gen9nationaldexubers","rating":1041,"private":0,"password":""}