{"id":"gen9nationaldexubers-1991396390","p1":"PrismaticMermaid","p2":"brutey bonnet","format":"[Gen 9] National Dex Ubers","log":"|j|\u2606PrismaticMermaid\n|j|\u2606brutey bonnet\n|t:|1700073601\n|gametype|singles\n|player|p1|PrismaticMermaid|lisia|1154\n|player|p2|brutey bonnet|102|1280\n|teamsize|p1|6\n|teamsize|p2|6\n|gen|9\n|tier|[Gen 9] National Dex Ubers\n|rated|\n|rule|HP Percentage Mod: HP is shown in percentages\n|rule|Endless Battle Clause: Forcing endless battles is banned\n|rule|OHKO Clause: OHKO moves are banned\n|rule|Evasion Moves Clause: Evasion moves are banned\n|rule|Evasion Items Clause: Evasion items are banned\n|rule|Species Clause: Limit one of each Pok\u00e9mon\n|rule|Sleep Clause Mod: Limit one foe put to sleep\n|rule|Mega Rayquaza Clause: You cannot mega evolve Rayquaza\n|clearpoke\n|poke|p1|Urshifu-*, F|\n|poke|p1|Sneasler, F|\n|poke|p1|Dragonite, F|\n|poke|p1|Zoroark-Hisui, F|\n|poke|p1|Bellibolt, M|\n|poke|p1|Gholdengo|\n|poke|p2|Xerneas-*|\n|poke|p2|Kyogre|\n|poke|p2|Ho-Oh|\n|poke|p2|Marshadow|\n|poke|p2|Kommo-o, M|\n|poke|p2|Iron Bundle|\n|teampreview\n|\n|t:|1700073611\n|start\n|switch|p1a: Urshifu|Urshifu, F|100\/100\n|switch|p2a: Kyogre|Kyogre|100\/100\n|detailschange|p2a: Kyogre|Kyogre-Primal\n|-primal|p2a: Kyogre|Blue Orb\n|-weather|PrimordialSea|[from] ability: Primordial Sea|[of] p2a: Kyogre\n|turn|1\n|inactive|Battle timer is ON: inactive players will automatically lose when time's up. (requested by brutey bonnet)\n|\n|t:|1700073621\n|move|p1a: Urshifu|Hyper Voice|p2a: Kyogre\n|-crit|p2a: Kyogre\n|-damage|p2a: Kyogre|45\/100\n|-damage|p1a: Urshifu|91\/100|[from] item: Life Orb\n|move|p2a: Kyogre|Water Spout|p1a: Urshifu\n|-damage|p1a: Urshifu|0 fnt\n|replace|p1a: Zoroark|Zoroark-Hisui, F, shiny\n|-end|p1a: Zoroark|Illusion\n|faint|p1a: Zoroark\n|\n|-weather|PrimordialSea|[upkeep]\n|upkeep\n|\n|t:|1700073630\n|switch|p1a: Bellibolt|Bellibolt, M|100\/100\n|turn|2\n|\n|t:|1700073640\n|move|p2a: Kyogre|Origin Pulse|p1a: Bellibolt\n|-damage|p1a: Bellibolt|2\/100\n|move|p1a: Bellibolt|Thunder Wave|p2a: Kyogre|[miss]\n|-miss|p1a: Bellibolt|p2a: Kyogre\n|\n|-weather|PrimordialSea|[upkeep]\n|-heal|p1a: Bellibolt|9\/100|[from] item: Leftovers\n|upkeep\n|turn|3\n|\n|t:|1700073650\n|move|p2a: Kyogre|Thunder|p1a: Bellibolt\n|-resisted|p1a: Bellibolt\n|-damage|p1a: Bellibolt|0 fnt\n|faint|p1a: Bellibolt\n|\n|-weather|PrimordialSea|[upkeep]\n|upkeep\n|\n|t:|1700073662\n|switch|p1a: Urshifu|Urshifu, F|100\/100\n|turn|4\n|\n|t:|1700073668\n|move|p1a: Urshifu|Wicked Blow|p2a: Kyogre\n|-crit|p2a: Kyogre\n|-damage|p2a: Kyogre|0 fnt\n|faint|p2a: Kyogre\n|-weather|none\n|\n|upkeep\n|\n|t:|1700073677\n|switch|p2a: Xerneas|Xerneas|100\/100\n|-ability|p2a: Xerneas|Fairy Aura\n|turn|5\n|\n|t:|1700073686\n|move|p1a: Urshifu|Wicked Blow|p2a: Xerneas\n|-resisted|p2a: Xerneas\n|-crit|p2a: Xerneas\n|-damage|p2a: Xerneas|75\/100\n|move|p2a: Xerneas|Geomancy||[still]\n|-prepare|p2a: Xerneas|Geomancy\n|-enditem|p2a: Xerneas|Power Herb\n|-anim|p2a: Xerneas|Geomancy|p2a: Xerneas\n|-boost|p2a: Xerneas|spa|2\n|-boost|p2a: Xerneas|spd|2\n|-boost|p2a: Xerneas|spe|2\n|\n|upkeep\n|turn|6\n|\n|t:|1700073699\n|switch|p1a: Sneasler|Sneasler, F|100\/100\n|move|p2a: Xerneas|Moonblast|p1a: Sneasler\n|-enditem|p1a: Sneasler|Focus Sash\n|-damage|p1a: Sneasler|1\/100\n|\n|upkeep\n|turn|7\n|\n|t:|1700073708\n|move|p1a: Sneasler|Dire Claw|p2a: Xerneas\n|-supereffective|p2a: Xerneas\n|-damage|p2a: Xerneas|7\/100\n|move|p2a: Xerneas|Moonblast|p1a: Sneasler\n|-damage|p1a: Sneasler|0 fnt\n|faint|p1a: Sneasler\n|\n|upkeep\n|\n|t:|1700073715\n|switch|p1a: Dragonite|Dragonite, F|100\/100\n|turn|8\n|\n|t:|1700073717\n|-terastallize|p1a: Dragonite|Normal\n|move|p1a: Dragonite|Extreme Speed|p2a: Xerneas\n|-damage|p2a: Xerneas|0 fnt\n|faint|p2a: Xerneas\n|\n|upkeep\n|\n|t:|1700073727\n|switch|p2a: Marshadow|Marshadow|100\/100\n|turn|9\n|\n|t:|1700073732\n|move|p2a: Marshadow|Swagger|p1a: Dragonite\n|-boost|p1a: Dragonite|atk|2\n|-enditem|p2a: Marshadow|Mirror Herb\n|-boost|p2a: Marshadow|atk|2|[from] item: Mirror Herb\n|-start|p1a: Dragonite|confusion\n|-activate|p1a: Dragonite|confusion\n|move|p1a: Dragonite|Earthquake|p2a: Marshadow\n|-damage|p2a: Marshadow|0 fnt\n|faint|p2a: Marshadow\n|\n|upkeep\n|\n|t:|1700073743\n|switch|p2a: Kommo-o|Kommo-o, M|100\/100\n|turn|10\n|\n|t:|1700073749\n|move|p2a: Kommo-o|Clangorous Soul|p2a: Kommo-o\n|-boost|p2a: Kommo-o|atk|1\n|-boost|p2a: Kommo-o|def|1\n|-boost|p2a: Kommo-o|spa|1\n|-boost|p2a: Kommo-o|spd|1\n|-boost|p2a: Kommo-o|spe|1\n|-damage|p2a: Kommo-o|68\/100\n|-activate|p1a: Dragonite|confusion\n|move|p1a: Dragonite|Dragon Claw|p2a: Kommo-o\n|-supereffective|p2a: Kommo-o\n|-damage|p2a: Kommo-o|0 fnt\n|faint|p2a: Kommo-o\n|\n|upkeep\n|-message|brutey bonnet forfeited.\n|\n|win|PrismaticMermaid\n|raw|PrismaticMermaid's rating: 1154 &rarr; <strong>1188<\/strong><br \/>(+34 for winning)\n|raw|brutey bonnet's rating: 1280 &rarr; <strong>1246<\/strong><br \/>(-34 for losing)\n|l|\u2606brutey bonnet\n","uploadtime":1700073804,"views":8,"p1id":"prismaticmermaid","p2id":"bruteybonnet","formatid":"gen9nationaldexubers","rating":1188,"private":0,"password":""}