{"id":"gen9nationaldexubers-1991145226","p1":"MrOofio64","p2":"Liowia","format":"[Gen 9] National Dex Ubers","log":"|j|\u2606MrOofio64\n|j|\u2606Liowia\n|t:|1700049745\n|gametype|singles\n|player|p1|MrOofio64|whitney|1268\n|player|p2|Liowia|102|1364\n|teamsize|p1|6\n|teamsize|p2|6\n|gen|9\n|tier|[Gen 9] National Dex Ubers\n|rated|\n|rule|HP Percentage Mod: HP is shown in percentages\n|rule|Endless Battle Clause: Forcing endless battles is banned\n|rule|OHKO Clause: OHKO moves are banned\n|rule|Evasion Moves Clause: Evasion moves are banned\n|rule|Evasion Items Clause: Evasion items are banned\n|rule|Species Clause: Limit one of each Pok\u00e9mon\n|rule|Sleep Clause Mod: Limit one foe put to sleep\n|rule|Mega Rayquaza Clause: You cannot mega evolve Rayquaza\n|clearpoke\n|poke|p1|Kingambit, M|\n|poke|p1|Ogerpon-Hearthflame, F|\n|poke|p1|Magearna|\n|poke|p1|Iron Valiant|\n|poke|p1|Kyogre|\n|poke|p1|Chien-Pao|\n|poke|p2|Ribombee, M|\n|poke|p2|Marshadow|\n|poke|p2|Ditto|\n|poke|p2|Pheromosa|\n|poke|p2|Kyurem-Black|\n|poke|p2|Volcarona, M|\n|teampreview\n|inactive|Battle timer is ON: inactive players will automatically lose when time's up. (requested by MrOofio64)\n|\n|t:|1700049751\n|start\n|switch|p1a: Ogerpon|Ogerpon-Hearthflame, F|100\/100\n|switch|p2a: Ribombee|Ribombee, M|100\/100\n|-ability|p1a: Ogerpon|Mold Breaker\n|turn|1\n|\n|t:|1700049766\n|move|p2a: Ribombee|Sticky Web|p1a: Ogerpon\n|-sidestart|p1: MrOofio64|move: Sticky Web\n|move|p1a: Ogerpon|Knock Off|p2a: Ribombee\n|-resisted|p2a: Ribombee\n|-damage|p2a: Ribombee|69\/100\n|-enditem|p2a: Ribombee|Focus Sash|[from] move: Knock Off|[of] p1a: Ogerpon\n|\n|upkeep\n|turn|2\n|\n|t:|1700049772\n|move|p2a: Ribombee|U-turn|p1a: Ogerpon\n|-damage|p1a: Ogerpon|81\/100\n|\n|t:|1700049779\n|switch|p2a: Pheromosa|Pheromosa|100\/100|[from] U-turn\n|move|p1a: Ogerpon|Ivy Cudgel|p2a: Pheromosa|[anim] Ivy Cudgel Fire\n|-supereffective|p2a: Pheromosa\n|-crit|p2a: Pheromosa\n|-enditem|p2a: Pheromosa|Focus Sash\n|-damage|p2a: Pheromosa|1\/100\n|\n|upkeep\n|turn|3\n|\n|t:|1700049786\n|move|p1a: Ogerpon|Spiky Shield|p1a: Ogerpon\n|-singleturn|p1a: Ogerpon|move: Protect\n|move|p2a: Pheromosa|Close Combat|p1a: Ogerpon\n|-activate|p1a: Ogerpon|move: Protect\n|-damage|p2a: Pheromosa|0 fnt|[from] Spiky Shield|[of] p1a: Ogerpon\n|faint|p2a: Pheromosa\n|\n|upkeep\n|\n|t:|1700049811\n|switch|p2a: Volcarona|Volcarona, M|100\/100\n|turn|4\n|\n|t:|1700049818\n|move|p1a: Ogerpon|Knock Off|p2a: Volcarona\n|-damage|p2a: Volcarona|36\/100\n|-enditem|p2a: Volcarona|Heavy-Duty Boots|[from] move: Knock Off|[of] p1a: Ogerpon\n|move|p2a: Volcarona|Quiver Dance|p2a: Volcarona\n|-boost|p2a: Volcarona|spa|1\n|-boost|p2a: Volcarona|spd|1\n|-boost|p2a: Volcarona|spe|1\n|\n|upkeep\n|turn|5\n|\n|t:|1700049824\n|move|p2a: Volcarona|Quiver Dance|p2a: Volcarona\n|-boost|p2a: Volcarona|spa|1\n|-boost|p2a: Volcarona|spd|1\n|-boost|p2a: Volcarona|spe|1\n|move|p1a: Ogerpon|Ivy Cudgel|p2a: Volcarona|[anim] Ivy Cudgel Fire\n|-damage|p2a: Volcarona|0 fnt\n|faint|p2a: Volcarona\n|\n|upkeep\n|\n|t:|1700049831\n|switch|p2a: Kyurem|Kyurem-Black|100\/100\n|-ability|p2a: Kyurem|Teravolt\n|turn|6\n|\n|t:|1700049835\n|move|p1a: Ogerpon|Knock Off|p2a: Kyurem\n|-damage|p2a: Kyurem|68\/100\n|-enditem|p2a: Kyurem|Loaded Dice|[from] move: Knock Off|[of] p1a: Ogerpon\n|move|p2a: Kyurem|Dragon Dance|p2a: Kyurem\n|-boost|p2a: Kyurem|atk|1\n|-boost|p2a: Kyurem|spe|1\n|\n|upkeep\n|turn|7\n|\n|t:|1700049840\n|move|p2a: Kyurem|Icicle Spear|p1a: Ogerpon\n|-damage|p1a: Ogerpon|50\/100\n|-damage|p1a: Ogerpon|20\/100\n|-hitcount|p1a: Ogerpon|2\n|move|p1a: Ogerpon|Ivy Cudgel|p2a: Kyurem|[anim] Ivy Cudgel Fire\n|-damage|p2a: Kyurem|19\/100\n|\n|upkeep\n|turn|8\n|\n|t:|1700049844\n|move|p1a: Ogerpon|Spiky Shield|p1a: Ogerpon\n|-singleturn|p1a: Ogerpon|move: Protect\n|move|p2a: Kyurem|Icicle Spear|p1a: Ogerpon\n|-activate|p1a: Ogerpon|move: Protect\n|\n|upkeep\n|turn|9\n|\n|t:|1700049847\n|move|p2a: Kyurem|Icicle Spear|p1a: Ogerpon\n|-damage|p1a: Ogerpon|0 fnt\n|faint|p1a: Ogerpon\n|-hitcount|p1: Ogerpon|1\n|\n|upkeep\n|\n|t:|1700049851\n|switch|p1a: Chien-Pao|Chien-Pao|100\/100\n|-ability|p1a: Chien-Pao|Sword of Ruin\n|turn|10\n|\n|t:|1700049855\n|move|p2a: Kyurem|Scale Shot|p1a: Chien-Pao\n|-damage|p1a: Chien-Pao|69\/100\n|-damage|p1a: Chien-Pao|39\/100\n|-hitcount|p1a: Chien-Pao|2\n|-unboost|p2a: Kyurem|def|1\n|-boost|p2a: Kyurem|spe|1\n|move|p1a: Chien-Pao|Sacred Sword|p2a: Kyurem\n|-supereffective|p2a: Kyurem\n|-damage|p2a: Kyurem|0 fnt\n|faint|p2a: Kyurem\n|\n|upkeep\n|\n|t:|1700049857\n|switch|p2a: Marshadow|Marshadow|100\/100\n|turn|11\n|\n|t:|1700049863\n|move|p1a: Chien-Pao|Sucker Punch|p2a: Marshadow\n|-damage|p2a: Marshadow|41\/100\n|move|p2a: Marshadow|Close Combat|p1a: Chien-Pao\n|-supereffective|p1a: Chien-Pao\n|-damage|p1a: Chien-Pao|0 fnt\n|-unboost|p2a: Marshadow|def|1\n|-unboost|p2a: Marshadow|spd|1\n|faint|p1a: Chien-Pao\n|\n|upkeep\n|\n|t:|1700049869\n|switch|p1a: Kyogre|Kyogre|100\/100\n|-activate|p1a: Kyogre|move: Sticky Web\n|-unboost|p1a: Kyogre|spe|1\n|detailschange|p1a: Kyogre|Kyogre-Primal\n|-primal|p1a: Kyogre|Blue Orb\n|-weather|PrimordialSea|[from] ability: Primordial Sea|[of] p1a: Kyogre\n|turn|12\n|\n|t:|1700049886\n|move|p2a: Marshadow|Close Combat|p1a: Kyogre\n|-damage|p1a: Kyogre|41\/100\n|-unboost|p2a: Marshadow|def|1\n|-unboost|p2a: Marshadow|spd|1\n|move|p1a: Kyogre|Thunderbolt|p2a: Marshadow\n|-damage|p2a: Marshadow|0 fnt\n|faint|p2a: Marshadow\n|\n|-weather|PrimordialSea|[upkeep]\n|upkeep\n|\n|t:|1700049890\n|switch|p2a: Ribombee|Ribombee, M|69\/100\n|turn|13\n|\n|t:|1700049895\n|move|p2a: Ribombee|Stun Spore|p1a: Kyogre\n|-status|p1a: Kyogre|par\n|cant|p1a: Kyogre|par\n|\n|-weather|PrimordialSea|[upkeep]\n|upkeep\n|turn|14\n|\n|t:|1700049908\n|move|p2a: Ribombee|Skill Swap|p1a: Kyogre\n|-activate|p2a: Ribombee|move: Skill Swap|Primordial Sea|Honey Gather|[of] p1a: Kyogre\n|-weather|none\n|-weather|PrimordialSea|[from] ability: Primordial Sea|[of] p2a: Ribombee\n|move|p1a: Kyogre|Thunderbolt|p2a: Ribombee\n|-damage|p2a: Ribombee|4\/100\n|\n|-weather|PrimordialSea|[upkeep]\n|upkeep\n|turn|15\n|\n|t:|1700049917\n|move|p2a: Ribombee|U-turn|p1a: Kyogre\n|-damage|p1a: Kyogre|27\/100 par\n|\n|t:|1700049936\n|-weather|none\n|switch|p2a: Ditto|Ditto|100\/100|[from] U-turn\n|-transform|p2a: Ditto|p1a: Kyogre|[from] ability: Imposter\n|cant|p1a: Kyogre|par\n|\n|upkeep\n|turn|16\n|\n|t:|1700049958\n|move|p2a: Ditto|Water Spout|p1a: Kyogre\n|-resisted|p1a: Kyogre\n|-damage|p1a: Kyogre|0 fnt\n|faint|p1a: Kyogre\n|\n|upkeep\n|\n|t:|1700049965\n|switch|p1a: Iron Valiant|Iron Valiant|100\/100\n|-activate|p1a: Iron Valiant|move: Sticky Web\n|-unboost|p1a: Iron Valiant|spe|1\n|-enditem|p1a: Iron Valiant|Booster Energy\n|-activate|p1a: Iron Valiant|ability: Quark Drive|[fromitem]\n|-start|p1a: Iron Valiant|quarkdrivespa\n|turn|17\n|\n|t:|1700049970\n|move|p1a: Iron Valiant|Thunderbolt|p2a: Ditto\n|-supereffective|p2a: Ditto\n|-damage|p2a: Ditto|43\/100\n|move|p2a: Ditto|Water Spout|p1a: Iron Valiant\n|-damage|p1a: Iron Valiant|21\/100\n|\n|upkeep\n|turn|18\n|-message|Liowia forfeited.\n|\n|win|MrOofio64\n|raw|MrOofio64's rating: 1268 &rarr; <strong>1301<\/strong><br \/>(+33 for winning)\n|raw|Liowia's rating: 1380 &rarr; <strong>1354<\/strong><br \/>(-26 for losing)\n|l|\u2606Liowia\n","uploadtime":1700049985,"views":23,"p1id":"mroofio64","p2id":"liowia","formatid":"gen9nationaldexubers","rating":1301,"private":0,"password":""}