{"id":"gen9nationaldexubers-1990807676","p1":"Yami Tayori","p2":"ShadowFan134","format":"[Gen 9] National Dex Ubers","log":"|j|\u2606Yami Tayori\n|j|\u2606ShadowFan134\n|t:|1700002871\n|gametype|singles\n|player|p1|Yami Tayori|steven|1064\n|player|p2|ShadowFan134|marlon|1161\n|teamsize|p1|6\n|teamsize|p2|6\n|gen|9\n|tier|[Gen 9] National Dex Ubers\n|rated|\n|rule|HP Percentage Mod: HP is shown in percentages\n|rule|Endless Battle Clause: Forcing endless battles is banned\n|rule|OHKO Clause: OHKO moves are banned\n|rule|Evasion Moves Clause: Evasion moves are banned\n|rule|Evasion Items Clause: Evasion items are banned\n|rule|Species Clause: Limit one of each Pok\u00e9mon\n|rule|Sleep Clause Mod: Limit one foe put to sleep\n|rule|Mega Rayquaza Clause: You cannot mega evolve Rayquaza\n|clearpoke\n|poke|p1|Cyclizar, F|\n|poke|p1|Kommo-o, M|\n|poke|p1|Baxcalibur, M|\n|poke|p1|Dragapult, F|\n|poke|p1|Altaria, F|\n|poke|p1|Goodra-Hisui, M|\n|poke|p2|Solgaleo|\n|poke|p2|Rayquaza|\n|poke|p2|Melmetal|\n|poke|p2|Kangaskhan, F|\n|poke|p2|Darkrai|\n|poke|p2|Roaring Moon|\n|teampreview\n|inactive|Battle timer is ON: inactive players will automatically lose when time's up. (requested by ShadowFan134)\n|\n|t:|1700002875\n|start\n|switch|p1a: Cyclizar|Cyclizar, F|100\/100\n|switch|p2a: Solgaleo|Solgaleo|100\/100\n|turn|1\n|\n|t:|1700002880\n|move|p1a: Cyclizar|Shed Tail|p1a: Cyclizar\n|-start|p1a: Cyclizar|Substitute|[from] move: Shed Tail\n|-damage|p1a: Cyclizar|50\/100\n|\n|t:|1700002882\n|switch|p1a: Miss Phantom|Dragapult, F|100\/100|[from] Shed Tail\n|move|p2a: Solgaleo|Work Up|p2a: Solgaleo\n|-boost|p2a: Solgaleo|atk|1\n|-boost|p2a: Solgaleo|spa|1\n|\n|upkeep\n|turn|2\n|\n|t:|1700002894\n|move|p1a: Miss Phantom|Dragon Dance|p1a: Miss Phantom\n|-boost|p1a: Miss Phantom|atk|1\n|-boost|p1a: Miss Phantom|spe|1\n|move|p2a: Solgaleo|Flame Charge|p1a: Miss Phantom\n|-resisted|p1a: Miss Phantom\n|-activate|p1a: Miss Phantom|move: Substitute|[damage]\n|-boost|p2a: Solgaleo|spe|1\n|\n|upkeep\n|turn|3\n|\n|t:|1700002904\n|move|p1a: Miss Phantom|Dragon Dance|p1a: Miss Phantom\n|-boost|p1a: Miss Phantom|atk|1\n|-boost|p1a: Miss Phantom|spe|1\n|move|p2a: Solgaleo|Flame Charge|p1a: Miss Phantom\n|-resisted|p1a: Miss Phantom\n|-end|p1a: Miss Phantom|Substitute\n|-boost|p2a: Solgaleo|spe|1\n|\n|upkeep\n|turn|4\n|\n|t:|1700002914\n|move|p1a: Miss Phantom|Beat Up|p2a: Solgaleo\n|-supereffective|p2a: Solgaleo\n|-damage|p2a: Solgaleo|83\/100\n|-supereffective|p2a: Solgaleo\n|-damage|p2a: Solgaleo|66\/100\n|-supereffective|p2a: Solgaleo\n|-damage|p2a: Solgaleo|47\/100\n|-supereffective|p2a: Solgaleo\n|-damage|p2a: Solgaleo|32\/100\n|-supereffective|p2a: Solgaleo\n|-damage|p2a: Solgaleo|19\/100\n|-supereffective|p2a: Solgaleo\n|-damage|p2a: Solgaleo|3\/100\n|-hitcount|p2a: Solgaleo|6\n|cant|p2a: Solgaleo|flinch\n|\n|upkeep\n|turn|5\n|\n|t:|1700002930\n|move|p1a: Miss Phantom|Dragon Darts|p2a: Solgaleo\n|-resisted|p2a: Solgaleo\n|-damage|p2a: Solgaleo|0 fnt\n|faint|p2a: Solgaleo\n|\n|upkeep\n|\n|t:|1700002939\n|switch|p2a: Melmetal|Melmetal|100\/100\n|turn|6\n|\n|t:|1700002945\n|move|p1a: Miss Phantom|Beat Up|p2a: Melmetal\n|-damage|p2a: Melmetal|95\/100\n|-damage|p2a: Melmetal|89\/100\n|-damage|p2a: Melmetal|82\/100\n|-crit|p2a: Melmetal\n|-damage|p2a: Melmetal|75\/100\n|-damage|p2a: Melmetal|71\/100\n|-damage|p2a: Melmetal|66\/100\n|-hitcount|p2a: Melmetal|6\n|cant|p2a: Melmetal|flinch\n|\n|upkeep\n|turn|7\n|\n|t:|1700002957\n|-terastallize|p1a: Miss Phantom|Water\n|move|p1a: Miss Phantom|Beat Up|p2a: Melmetal\n|-damage|p2a: Melmetal|59\/100\n|-damage|p2a: Melmetal|54\/100\n|-damage|p2a: Melmetal|47\/100\n|-damage|p2a: Melmetal|42\/100\n|-damage|p2a: Melmetal|37\/100\n|-damage|p2a: Melmetal|32\/100\n|-hitcount|p2a: Melmetal|6\n|move|p2a: Melmetal|Double Iron Bash|p1a: Miss Phantom\n|-resisted|p1a: Miss Phantom\n|-damage|p1a: Miss Phantom|67\/100\n|-resisted|p1a: Miss Phantom\n|-damage|p1a: Miss Phantom|36\/100\n|-hitcount|p1a: Miss Phantom|2\n|\n|upkeep\n|turn|8\n|\n|t:|1700002975\n|-terastallize|p2a: Melmetal|Steel\n|move|p1a: Miss Phantom|Fire Blast|p2a: Melmetal\n|-supereffective|p2a: Melmetal\n|-damage|p2a: Melmetal|0 fnt\n|faint|p2a: Melmetal\n|\n|upkeep\n|\n|t:|1700002982\n|switch|p2a: Rayquaza|Rayquaza|100\/100\n|-ability|p2a: Rayquaza|Air Lock\n|turn|9\n|\n|t:|1700002991\n|move|p1a: Miss Phantom|Dragon Darts|p2a: Rayquaza\n|-supereffective|p2a: Rayquaza\n|-damage|p2a: Rayquaza|0 fnt\n|faint|p2a: Rayquaza\n|\n|upkeep\n|\n|t:|1700002995\n|switch|p2a: Darkrai|Darkrai|100\/100\n|turn|10\n|\n|t:|1700003001\n|move|p1a: Miss Phantom|Beat Up|p2a: Darkrai\n|-resisted|p2a: Darkrai\n|-damage|p2a: Darkrai|93\/100\n|-resisted|p2a: Darkrai\n|-damage|p2a: Darkrai|85\/100\n|-resisted|p2a: Darkrai\n|-damage|p2a: Darkrai|76\/100\n|-resisted|p2a: Darkrai\n|-damage|p2a: Darkrai|69\/100\n|-resisted|p2a: Darkrai\n|-damage|p2a: Darkrai|63\/100\n|-resisted|p2a: Darkrai\n|-crit|p2a: Darkrai\n|-damage|p2a: Darkrai|52\/100\n|-hitcount|p2a: Darkrai|6\n|move|p2a: Darkrai|Dark Void|p1a: Miss Phantom\n|-status|p1a: Miss Phantom|slp|[from] move: Dark Void\n|\n|-damage|p1a: Miss Phantom|23\/100 slp|[from] ability: Bad Dreams|[of] p2a: Darkrai\n|upkeep\n|turn|11\n|\n|t:|1700003017\n|cant|p1a: Miss Phantom|slp\n|move|p2a: Darkrai|Knock Off|p1a: Miss Phantom\n|-damage|p1a: Miss Phantom|0 fnt\n|-enditem|p1a: Miss Phantom|King's Rock|[from] move: Knock Off|[of] p2a: Darkrai\n|faint|p1a: Miss Phantom\n|\n|upkeep\n|\n|t:|1700003021\n|switch|p1a: Cyclizar|Cyclizar, F|84\/100\n|turn|12\n|\n|t:|1700003029\n|move|p1a: Cyclizar|Shed Tail|p1a: Cyclizar\n|-start|p1a: Cyclizar|Substitute|[from] move: Shed Tail\n|-damage|p1a: Cyclizar|34\/100\n|\n|t:|1700003032\n|switch|p1a: Kommo-o|Kommo-o, M|100\/100|[from] Shed Tail\n|move|p2a: Darkrai|Dark Void||[still]\n|-fail|p2a: Darkrai\n|\n|upkeep\n|turn|13\n|\n|t:|1700003041\n|move|p2a: Darkrai|Dark Pulse|p1a: Kommo-o\n|-resisted|p1a: Kommo-o\n|-activate|p1a: Kommo-o|move: Substitute|[damage]\n|move|p1a: Kommo-o|Clangorous Soul|p1a: Kommo-o\n|-boost|p1a: Kommo-o|atk|1\n|-boost|p1a: Kommo-o|def|1\n|-boost|p1a: Kommo-o|spa|1\n|-boost|p1a: Kommo-o|spd|1\n|-boost|p1a: Kommo-o|spe|1\n|-damage|p1a: Kommo-o|68\/100\n|\n|-heal|p1a: Kommo-o|74\/100|[from] item: Leftovers\n|upkeep\n|turn|14\n|\n|t:|1700003060\n|move|p1a: Kommo-o|Clangorous Soul|p1a: Kommo-o\n|-boost|p1a: Kommo-o|atk|1\n|-boost|p1a: Kommo-o|def|1\n|-boost|p1a: Kommo-o|spa|1\n|-boost|p1a: Kommo-o|spd|1\n|-boost|p1a: Kommo-o|spe|1\n|-damage|p1a: Kommo-o|41\/100\n|move|p2a: Darkrai|Knock Off|p1a: Kommo-o\n|-resisted|p1a: Kommo-o\n|-end|p1a: Kommo-o|Substitute\n|\n|-heal|p1a: Kommo-o|47\/100|[from] item: Leftovers\n|upkeep\n|turn|15\n|\n|t:|1700003070\n|move|p1a: Kommo-o|Drain Punch|p2a: Darkrai\n|-supereffective|p2a: Darkrai\n|-damage|p2a: Darkrai|0 fnt\n|-heal|p1a: Kommo-o|72\/100|[from] drain|[of] p2a: Darkrai\n|faint|p2a: Darkrai\n|\n|-heal|p1a: Kommo-o|78\/100|[from] item: Leftovers\n|upkeep\n|\n|t:|1700003079\n|switch|p2a: Kangaskhan|Kangaskhan, F|100\/100\n|turn|16\n|\n|t:|1700003085\n|detailschange|p2a: Kangaskhan|Kangaskhan-Mega, F\n|-mega|p2a: Kangaskhan|Kangaskhan|Kangaskhanite\n|move|p2a: Kangaskhan|Fake Out|p1a: Kommo-o\n|-damage|p1a: Kommo-o|67\/100\n|-damage|p1a: Kommo-o|65\/100\n|-hitcount|p1a: Kommo-o|2\n|cant|p1a: Kommo-o|flinch\n|\n|-heal|p1a: Kommo-o|71\/100|[from] item: Leftovers\n|upkeep\n|turn|17\n|\n|t:|1700003095\n|move|p1a: Kommo-o|Drain Punch|p2a: Kangaskhan\n|-supereffective|p2a: Kangaskhan\n|-damage|p2a: Kangaskhan|0 fnt\n|-heal|p1a: Kommo-o|100\/100|[from] drain|[of] p2a: Kangaskhan\n|faint|p2a: Kangaskhan\n|\n|upkeep\n|\n|t:|1700003100\n|switch|p2a: Roaring Moon|Roaring Moon|100\/100\n|-enditem|p2a: Roaring Moon|Booster Energy\n|-activate|p2a: Roaring Moon|ability: Protosynthesis|[fromitem]\n|-start|p2a: Roaring Moon|protosynthesisatk\n|turn|18\n|\n|t:|1700003114\n|move|p1a: Kommo-o|Breaking Swipe|p2a: Roaring Moon\n|-supereffective|p2a: Roaring Moon\n|-damage|p2a: Roaring Moon|0 fnt\n|faint|p2a: Roaring Moon\n|-end|p2a: Roaring Moon|Protosynthesis|[silent]\n|\n|win|Yami Tayori\n|raw|Yami Tayori's rating: 1064 &rarr; <strong>1103<\/strong><br \/>(+39 for winning)\n|raw|ShadowFan134's rating: 1161 &rarr; <strong>1129<\/strong><br \/>(-32 for losing)\n|l|\u2606ShadowFan134\n","uploadtime":1700003130,"views":14,"p1id":"yamitayori","p2id":"shadowfan134","formatid":"gen9nationaldexubers","rating":1103,"private":0,"password":""}