{"id":"gen9nationaldexubers-1995545105","p1":"RedHoodKat","p2":"The power of ROCK","format":"[Gen 9] National Dex Ubers","log":"|j|\u2606RedHoodKat\n|j|\u2606The power of ROCK\n|t:|1700581584\n|gametype|singles\n|player|p1|RedHoodKat|colress|\n|player|p2|The power of ROCK|roark|\n|teamsize|p1|6\n|teamsize|p2|6\n|gen|9\n|tier|[Gen 9] National Dex Ubers\n|rule|HP Percentage Mod: HP is shown in percentages\n|rule|Endless Battle Clause: Forcing endless battles is banned\n|rule|OHKO Clause: OHKO moves are banned\n|rule|Evasion Moves Clause: Evasion moves are banned\n|rule|Evasion Items Clause: Evasion items are banned\n|rule|Species Clause: Limit one of each Pok\u00e9mon\n|rule|Sleep Clause Mod: Limit one foe put to sleep\n|rule|Mega Rayquaza Clause: You cannot mega evolve Rayquaza\n|clearpoke\n|poke|p1|Gholdengo|\n|poke|p1|Excadrill, M|\n|poke|p1|Kingambit, M|\n|poke|p1|Melmetal|\n|poke|p1|Goodra-Hisui, F|\n|poke|p1|Aegislash, M|\n|poke|p2|Tyranitar, F|\n|poke|p2|Garganacl, M|\n|poke|p2|Aggron, M|\n|poke|p2|Cradily, M|\n|poke|p2|Arceus-Rock|\n|poke|p2|Glimmora, F|\n|teampreview\n|c|\u2606The power of ROCK|Welcome to the ROCK gym\n|\n|t:|1700581601\n|start\n|switch|p1a: Immortal Killer|Goodra-Hisui, F, shiny|100\/100\n|switch|p2a: Tyranitar|Tyranitar, F|100\/100\n|-weather|Sandstorm|[from] ability: Sand Stream|[of] p2a: Tyranitar\n|turn|1\n|\n|t:|1700581617\n|switch|p2a: Garganacl|Garganacl, M|100\/100\n|move|p1a: Immortal Killer|Dragon Tail|p2a: Garganacl\n|-damage|p2a: Garganacl|86\/100\n|drag|p2a: Tyranitar|Tyranitar, F|100\/100\n|\n|-weather|Sandstorm|[upkeep]\n|upkeep\n|turn|2\n|c|\u2606RedHoodKat|lol\n|c|\u2606RedHoodKat|she said get back here\n|\n|t:|1700581632\n|move|p2a: Tyranitar|Knock Off|p1a: Immortal Killer\n|-damage|p1a: Immortal Killer|58\/100\n|-damage|p2a: Tyranitar|84\/100|[from] item: Rocky Helmet|[of] p1a: Immortal Killer\n|-ability|p1a: Immortal Killer|Gooey\n|-unboost|p2a: Tyranitar|spe|1\n|-enditem|p1a: Immortal Killer|Rocky Helmet|[from] move: Knock Off|[of] p2a: Tyranitar\n|move|p1a: Immortal Killer|Flash Cannon|p2a: Tyranitar\n|-supereffective|p2a: Tyranitar\n|-damage|p2a: Tyranitar|63\/100\n|\n|-weather|Sandstorm|[upkeep]\n|upkeep\n|turn|3\n|\n|t:|1700581643\n|switch|p2a: Cradily|Cradily, M|100\/100\n|move|p1a: Immortal Killer|Acid Armor|p1a: Immortal Killer\n|-boost|p1a: Immortal Killer|def|2\n|\n|-weather|Sandstorm|[upkeep]\n|upkeep\n|turn|4\n|\n|t:|1700581651\n|move|p1a: Immortal Killer|Flash Cannon|p2a: Cradily\n|-supereffective|p2a: Cradily\n|-damage|p2a: Cradily|60\/100\n|move|p2a: Cradily|Leech Seed|p1a: Immortal Killer\n|-start|p1a: Immortal Killer|move: Leech Seed\n|\n|-weather|Sandstorm|[upkeep]\n|-heal|p2a: Cradily|66\/100|[from] item: Leftovers\n|-damage|p1a: Immortal Killer|46\/100|[from] Leech Seed|[of] p2a: Cradily\n|-heal|p2a: Cradily|78\/100|[silent]\n|upkeep\n|turn|5\n|\n|t:|1700581662\n|move|p2a: Cradily|Protect|p2a: Cradily\n|-singleturn|p2a: Cradily|Protect\n|move|p1a: Immortal Killer|Flash Cannon|p2a: Cradily\n|-activate|p2a: Cradily|move: Protect\n|\n|-weather|none\n|-heal|p2a: Cradily|84\/100|[from] item: Leftovers\n|-damage|p1a: Immortal Killer|33\/100|[from] Leech Seed|[of] p2a: Cradily\n|-heal|p2a: Cradily|96\/100|[silent]\n|upkeep\n|turn|6\n|\n|t:|1700581671\n|move|p1a: Immortal Killer|Flash Cannon|p2a: Cradily\n|-supereffective|p2a: Cradily\n|-damage|p2a: Cradily|30\/100\n|move|p2a: Cradily|Energy Ball|p1a: Immortal Killer\n|-resisted|p1a: Immortal Killer\n|-damage|p1a: Immortal Killer|29\/100\n|\n|-heal|p2a: Cradily|36\/100|[from] item: Leftovers\n|-damage|p1a: Immortal Killer|17\/100|[from] Leech Seed|[of] p2a: Cradily\n|-heal|p2a: Cradily|48\/100|[silent]\n|upkeep\n|turn|7\n|\n|t:|1700581682\n|move|p2a: Cradily|Protect|p2a: Cradily\n|-singleturn|p2a: Cradily|Protect\n|move|p1a: Immortal Killer|Dragon Tail|p2a: Cradily\n|-activate|p2a: Cradily|move: Protect\n|\n|-heal|p2a: Cradily|54\/100|[from] item: Leftovers\n|-damage|p1a: Immortal Killer|5\/100|[from] Leech Seed|[of] p2a: Cradily\n|-heal|p2a: Cradily|66\/100|[silent]\n|upkeep\n|turn|8\n|\n|t:|1700581690\n|move|p2a: Cradily|Protect|p2a: Cradily\n|-singleturn|p2a: Cradily|Protect\n|move|p1a: Immortal Killer|Dragon Tail|p2a: Cradily\n|-activate|p2a: Cradily|move: Protect\n|\n|-heal|p2a: Cradily|73\/100|[from] item: Leftovers\n|-damage|p1a: Immortal Killer|0 fnt|[from] Leech Seed|[of] p2a: Cradily\n|-heal|p2a: Cradily|77\/100|[silent]\n|faint|p1a: Immortal Killer\n|upkeep\n|\n|t:|1700581701\n|switch|p1a: Gen 8 be like|Aegislash, M|100\/100\n|turn|9\n|\n|t:|1700581705\n|-formechange|p1a: Gen 8 be like|Aegislash-Blade||[from] ability: Stance Change\n|move|p1a: Gen 8 be like|Sacred Sword|p2a: Cradily\n|-supereffective|p2a: Cradily\n|-damage|p2a: Cradily|19\/100\n|move|p2a: Cradily|Leech Seed|p1a: Gen 8 be like\n|-start|p1a: Gen 8 be like|move: Leech Seed\n|\n|-heal|p2a: Cradily|25\/100|[from] item: Leftovers\n|-damage|p1a: Gen 8 be like|88\/100|[from] Leech Seed|[of] p2a: Cradily\n|-heal|p2a: Cradily|35\/100|[silent]\n|upkeep\n|turn|10\n|\n|t:|1700581715\n|move|p2a: Cradily|Protect|p2a: Cradily\n|-singleturn|p2a: Cradily|Protect\n|move|p1a: Gen 8 be like|Iron Head|p2a: Cradily\n|-activate|p2a: Cradily|move: Protect\n|\n|-heal|p2a: Cradily|41\/100|[from] item: Leftovers\n|-damage|p1a: Gen 8 be like|76\/100|[from] Leech Seed|[of] p2a: Cradily\n|-heal|p2a: Cradily|52\/100|[silent]\n|upkeep\n|turn|11\n|\n|t:|1700581721\n|switch|p2a: Arceus|Arceus-Rock|100\/100\n|move|p1a: Gen 8 be like|Iron Head|p2a: Arceus\n|-supereffective|p2a: Arceus\n|-damage|p2a: Arceus|36\/100\n|\n|-damage|p1a: Gen 8 be like|63\/100|[from] Leech Seed|[of] p2a: Arceus\n|-heal|p2a: Arceus|47\/100|[silent]\n|upkeep\n|turn|12\n|\n|t:|1700581726\n|move|p2a: Arceus|Judgment|p1a: Gen 8 be like\n|-resisted|p1a: Gen 8 be like\n|-damage|p1a: Gen 8 be like|17\/100\n|move|p1a: Gen 8 be like|Iron Head|p2a: Arceus\n|-supereffective|p2a: Arceus\n|-damage|p2a: Arceus|0 fnt\n|faint|p2a: Arceus\n|\n|upkeep\n|\n|t:|1700581737\n|switch|p2a: Glimmora|Glimmora, F|100\/100\n|turn|13\n|\n|t:|1700581742\n|-formechange|p1a: Gen 8 be like|Aegislash||[from] ability: Stance Change\n|move|p1a: Gen 8 be like|King's Shield|p1a: Gen 8 be like\n|-singleturn|p1a: Gen 8 be like|Protect\n|move|p2a: Glimmora|Earth Power|p1a: Gen 8 be like\n|-activate|p1a: Gen 8 be like|move: Protect\n|\n|-damage|p1a: Gen 8 be like|5\/100|[from] Leech Seed|[of] p2a: Glimmora\n|upkeep\n|turn|14\n|\n|t:|1700581760\n|move|p2a: Glimmora|Earth Power|p1a: Gen 8 be like\n|-supereffective|p1a: Gen 8 be like\n|-damage|p1a: Gen 8 be like|0 fnt\n|faint|p1a: Gen 8 be like\n|\n|upkeep\n|\n|t:|1700581770\n|switch|p1a: SmelSteel|Melmetal|100\/100\n|turn|15\n|\n|t:|1700581773\n|switch|p2a: Cradily|Cradily, M|52\/100\n|move|p1a: SmelSteel|Double Iron Bash|p2a: Cradily\n|-supereffective|p2a: Cradily\n|-damage|p2a: Cradily|0 fnt\n|faint|p2a: Cradily\n|-hitcount|p2: Cradily|1\n|\n|upkeep\n|\n|t:|1700581776\n|switch|p2a: Aggron|Aggron, M|100\/100\n|turn|16\n|\n|t:|1700581785\n|switch|p1a: String Cheese|Gholdengo|100\/100\n|detailschange|p2a: Aggron|Aggron-Mega, M\n|-mega|p2a: Aggron|Aggron|Aggronite\n|move|p2a: Aggron|Body Press|p1a: String Cheese\n|-immune|p1a: String Cheese\n|\n|upkeep\n|turn|17\n|\n|t:|1700581795\n|switch|p2a: Glimmora|Glimmora, F|100\/100\n|move|p1a: String Cheese|Nasty Plot|p1a: String Cheese\n|-boost|p1a: String Cheese|spa|2\n|\n|upkeep\n|turn|18\n|\n|t:|1700581808\n|move|p2a: Glimmora|Earth Power|p1a: String Cheese\n|-supereffective|p1a: String Cheese\n|-damage|p1a: String Cheese|24\/100\n|move|p1a: String Cheese|Flash Cannon|p2a: Glimmora\n|-supereffective|p2a: Glimmora\n|-damage|p2a: Glimmora|0 fnt\n|faint|p2a: Glimmora\n|\n|upkeep\n|\n|t:|1700581811\n|switch|p2a: Tyranitar|Tyranitar, F|63\/100\n|-weather|Sandstorm|[from] ability: Sand Stream|[of] p2a: Tyranitar\n|turn|19\n|\n|t:|1700581819\n|move|p1a: String Cheese|Flash Cannon|p2a: Tyranitar\n|-supereffective|p2a: Tyranitar\n|-damage|p2a: Tyranitar|9\/100\n|move|p2a: Tyranitar|Pursuit|p1a: String Cheese\n|-supereffective|p1a: String Cheese\n|-damage|p1a: String Cheese|0 fnt\n|faint|p1a: String Cheese\n|\n|-weather|Sandstorm|[upkeep]\n|upkeep\n|\n|t:|1700581825\n|switch|p1a: Mole Man|Excadrill, M|100\/100\n|turn|20\n|\n|t:|1700581832\n|move|p1a: Mole Man|Rapid Spin|p2a: Tyranitar\n|-resisted|p2a: Tyranitar\n|-damage|p2a: Tyranitar|0 fnt\n|-boost|p1a: Mole Man|spe|1\n|faint|p2a: Tyranitar\n|\n|-weather|Sandstorm|[upkeep]\n|upkeep\n|\n|t:|1700581835\n|switch|p2a: Aggron|Aggron-Mega, M|100\/100\n|turn|21\n|\n|t:|1700581848\n|switch|p2a: Garganacl|Garganacl, M|86\/100\n|-terastallize|p1a: Mole Man|Ground\n|move|p1a: Mole Man|Earthquake|p2a: Garganacl\n|-supereffective|p2a: Garganacl\n|-damage|p2a: Garganacl|0 fnt\n|faint|p2a: Garganacl\n|\n|-weather|Sandstorm|[upkeep]\n|upkeep\n|\n|t:|1700581850\n|switch|p2a: Aggron|Aggron-Mega, M|100\/100\n|turn|22\n|\n|t:|1700581857\n|move|p1a: Mole Man|Earthquake|p2a: Aggron\n|-supereffective|p2a: Aggron\n|-damage|p2a: Aggron|33\/100\n|move|p2a: Aggron|Iron Defense|p2a: Aggron\n|-boost|p2a: Aggron|def|2\n|\n|-weather|Sandstorm|[upkeep]\n|upkeep\n|turn|23\n|\n|t:|1700581864\n|move|p1a: Mole Man|Earthquake|p2a: Aggron\n|-supereffective|p2a: Aggron\n|-damage|p2a: Aggron|2\/100\n|move|p2a: Aggron|Rest|p2a: Aggron\n|-status|p2a: Aggron|slp|[from] move: Rest\n|-heal|p2a: Aggron|100\/100 slp|[silent]\n|\n|-weather|none\n|upkeep\n|turn|24\n|\n|t:|1700581868\n|move|p1a: Mole Man|Earthquake|p2a: Aggron\n|-supereffective|p2a: Aggron\n|-damage|p2a: Aggron|73\/100 slp\n|cant|p2a: Aggron|slp\n|move|p2a: Aggron|Sleep Talk|p2a: Aggron\n|move|p2a: Aggron|Body Press|p1a: Mole Man|[from]move: Sleep Talk\n|-damage|p1a: Mole Man|0 fnt\n|faint|p1a: Mole Man\n|\n|upkeep\n|\n|t:|1700581877\n|switch|p1a: 2 Sharp|Kingambit, M, shiny|100\/100\n|turn|25\n|\n|t:|1700581881\n|cant|p2a: Aggron|slp\n|move|p2a: Aggron|Sleep Talk|p2a: Aggron\n|move|p2a: Aggron|Body Press|p1a: 2 Sharp|[from]move: Sleep Talk\n|-supereffective|p1a: 2 Sharp\n|-damage|p1a: 2 Sharp|0 fnt\n|faint|p1a: 2 Sharp\n|\n|upkeep\n|\n|t:|1700581888\n|switch|p1a: SmelSteel|Melmetal|100\/100\n|turn|26\n|\n|t:|1700581893\n|-curestatus|p2a: Aggron|slp|[msg]\n|move|p2a: Aggron|Body Press|p1a: SmelSteel\n|-supereffective|p1a: SmelSteel\n|-damage|p1a: SmelSteel|2\/100\n|move|p1a: SmelSteel|Thunder Punch|p2a: Aggron\n|-damage|p2a: Aggron|66\/100\n|\n|upkeep\n|turn|27\n|c|\u2606RedHoodKat|also thats a steel type not a rock\n|\n|t:|1700581908\n|move|p2a: Aggron|Body Press|p1a: SmelSteel\n|-supereffective|p1a: SmelSteel\n|-damage|p1a: SmelSteel|0 fnt\n|faint|p1a: SmelSteel\n|\n|win|The power of ROCK\n|c|\u2606The power of ROCK|oof\n|c|\u2606The power of ROCK|gg xD\n|l|\u2606RedHoodKat\n","uploadtime":1700581918,"views":2,"p1id":"redhoodkat","p2id":"thepowerofrock","formatid":"gen9nationaldexubers","rating":0,"private":0,"password":""}