{"id":"gen9nationaldexubers-2000606676","p1":"Amungusaurio","p2":"Dragon Empire 641","format":"[Gen 9] National Dex Ubers","log":"|j|\u2606Amungusaurio\n|j|\u2606Dragon Empire 641\n|t:|1701209896\n|gametype|singles\n|player|p1|Amungusaurio|roxie|1079\n|player|p2|Dragon Empire 641|hilbert|1000\n|teamsize|p1|6\n|teamsize|p2|6\n|gen|9\n|tier|[Gen 9] National Dex Ubers\n|rated|\n|rule|HP Percentage Mod: HP is shown in percentages\n|rule|Endless Battle Clause: Forcing endless battles is banned\n|rule|OHKO Clause: OHKO moves are banned\n|rule|Evasion Moves Clause: Evasion moves are banned\n|rule|Evasion Items Clause: Evasion items are banned\n|rule|Species Clause: Limit one of each Pok\u00e9mon\n|rule|Sleep Clause Mod: Limit one foe put to sleep\n|rule|Mega Rayquaza Clause: You cannot mega evolve Rayquaza\n|clearpoke\n|poke|p1|Grimmsnarl, M|\n|poke|p1|Gengar, F|\n|poke|p1|Salamence, M|\n|poke|p1|Infernape, M|\n|poke|p1|Lycanroc-Dusk, M|\n|poke|p1|Ursaluna-Bloodmoon, M|\n|poke|p2|Charizard, M|\n|poke|p2|Toxtricity, M|\n|poke|p2|Meowscarada, M|\n|poke|p2|Garchomp, M|\n|poke|p2|Zoroark-Hisui, M|\n|poke|p2|Lucario, M|\n|teampreview\n|\n|t:|1701209949\n|start\n|switch|p1a: Grimmsnarl|Grimmsnarl, M, shiny|100\/100\n|switch|p2a: Meowscarada|Meowscarada, M|100\/100\n|turn|1\n|\n|t:|1701209962\n|move|p1a: Grimmsnarl|Reflect|p1a: Grimmsnarl\n|-sidestart|p1: Amungusaurio|Reflect\n|move|p2a: Meowscarada|Flower Trick|p1a: Grimmsnarl\n|-start|p2a: Meowscarada|typechange|Grass|[from] ability: Protean\n|-crit|p1a: Grimmsnarl\n|-damage|p1a: Grimmsnarl|36\/100\n|\n|upkeep\n|turn|2\n|\n|t:|1701209973\n|move|p1a: Grimmsnarl|Parting Shot|p2a: Meowscarada\n|-unboost|p2a: Meowscarada|atk|1\n|-unboost|p2a: Meowscarada|spa|1\n|\n|t:|1701209979\n|switch|p1a: Salamence|Salamence, M|100\/100|[from] Parting Shot\n|move|p2a: Meowscarada|U-turn|p1a: Salamence\n|-resisted|p1a: Salamence\n|-damage|p1a: Salamence|97\/100\n|\n|t:|1701209994\n|switch|p2a: Garchomp|Garchomp, M, shiny|100\/100|[from] U-turn\n|\n|upkeep\n|turn|3\n|\n|t:|1701210006\n|-terastallize|p1a: Salamence|Steel\n|-terastallize|p2a: Garchomp|Steel\n|move|p1a: Salamence|Dragon Claw|p2a: Garchomp\n|-resisted|p2a: Garchomp\n|-damage|p2a: Garchomp|78\/100\n|-damage|p1a: Salamence|84\/100|[from] ability: Rough Skin|[of] p2a: Garchomp\n|move|p2a: Garchomp|Dragon Claw|p1a: Salamence\n|-resisted|p1a: Salamence\n|-damage|p1a: Salamence|72\/100\n|\n|upkeep\n|turn|4\n|\n|t:|1701210025\n|switch|p1a: Ursaluna|Ursaluna-Bloodmoon, M|100\/100\n|move|p2a: Garchomp|Swords Dance|p2a: Garchomp\n|-boost|p2a: Garchomp|atk|2\n|\n|upkeep\n|turn|5\n|\n|t:|1701210036\n|move|p2a: Garchomp|Earthquake|p1a: Ursaluna\n|-damage|p1a: Ursaluna|67\/100\n|move|p1a: Ursaluna|Calm Mind|p1a: Ursaluna\n|-boost|p1a: Ursaluna|spa|1\n|-boost|p1a: Ursaluna|spd|1\n|\n|-heal|p1a: Ursaluna|73\/100|[from] item: Leftovers\n|upkeep\n|turn|6\n|\n|t:|1701210048\n|switch|p2a: Lucario|Lucario, M|100\/100\n|move|p1a: Ursaluna|Earth Power|p2a: Lucario\n|-supereffective|p2a: Lucario\n|-damage|p2a: Lucario|0 fnt\n|faint|p2a: Lucario\n|\n|-heal|p1a: Ursaluna|79\/100|[from] item: Leftovers\n|upkeep\n|\n|t:|1701210059\n|switch|p2a: Charizard|Charizard, M, shiny|100\/100\n|turn|7\n|\n|t:|1701210068\n|move|p2a: Charizard|Fire Blast|p1a: Ursaluna\n|-damage|p1a: Ursaluna|39\/100\n|move|p1a: Ursaluna|Blood Moon|p2a: Charizard\n|-damage|p2a: Charizard|0 fnt\n|faint|p2a: Charizard\n|\n|-heal|p1a: Ursaluna|45\/100|[from] item: Leftovers\n|upkeep\n|\n|t:|1701210078\n|switch|p2a: Garchomp|Garchomp, M, shiny|100\/100\n|-start|p2a: Garchomp|typechange|Steel|[silent]\n|turn|8\n|\n|t:|1701210094\n|move|p2a: Garchomp|Focus Blast|p1a: Ursaluna\n|-supereffective|p1a: Ursaluna\n|-damage|p1a: Ursaluna|0 fnt\n|faint|p1a: Ursaluna\n|\n|-sideend|p1: Amungusaurio|Reflect\n|upkeep\n|\n|t:|1701210108\n|switch|p1a: Infernape|Infernape, M|100\/100\n|turn|9\n|\n|t:|1701210119\n|switch|p2a: Garchomp|Garchomp, M, shiny, tera:Steel|78\/100\n|move|p1a: Infernape|Knock Off|p2a: Garchomp\n|-damage|p2a: Garchomp|50\/100\n|-damage|p1a: Infernape|88\/100|[from] ability: Rough Skin|[of] p2a: Garchomp\n|-enditem|p2a: Garchomp|Weakness Policy|[from] move: Knock Off|[of] p1a: Infernape\n|\n|upkeep\n|turn|10\n|\n|t:|1701210129\n|switch|p1a: Salamence|Salamence, M, tera:Steel|72\/100\n|move|p2a: Garchomp|Earthquake|p1a: Salamence\n|-supereffective|p1a: Salamence\n|-damage|p1a: Salamence|0 fnt\n|faint|p1a: Salamence\n|\n|upkeep\n|\n|t:|1701210136\n|switch|p1a: Infernape|Infernape, M|88\/100\n|turn|11\n|\n|t:|1701210144\n|move|p1a: Infernape|Flare Blitz|p2a: Garchomp\n|-supereffective|p2a: Garchomp\n|-damage|p2a: Garchomp|0 fnt\n|-damage|p1a: Infernape|76\/100|[from] ability: Rough Skin|[of] p2a: Garchomp\n|faint|p2a: Garchomp\n|-damage|p1a: Infernape|56\/100|[from] Recoil\n|\n|upkeep\n|\n|t:|1701210157\n|switch|p2a: Meowscarada|Meowscarada, M|100\/100\n|turn|12\n|\n|t:|1701210162\n|move|p1a: Infernape|Flare Blitz|p2a: Meowscarada\n|-supereffective|p2a: Meowscarada\n|-enditem|p2a: Meowscarada|Focus Sash\n|-damage|p2a: Meowscarada|1\/100\n|-status|p2a: Meowscarada|brn\n|-damage|p1a: Infernape|23\/100|[from] Recoil\n|move|p2a: Meowscarada|Acrobatics|p1a: Infernape\n|-start|p2a: Meowscarada|typechange|Flying|[from] ability: Protean\n|-supereffective|p1a: Infernape\n|-damage|p1a: Infernape|0 fnt\n|faint|p1a: Infernape\n|\n|-damage|p2a: Meowscarada|0 fnt|[from] brn\n|faint|p2a: Meowscarada\n|upkeep\n|\n|t:|1701210231\n|switch|p2a: Toxtricity|Toxtricity, M|100\/100\n|switch|p1a: Lycanroc|Lycanroc-Dusk, M|100\/100\n|turn|13\n|\n|t:|1701210253\n|move|p1a: Lycanroc|Stone Edge|p2a: Toxtricity\n|-damage|p2a: Toxtricity|0 fnt\n|replace|p2a: Zoroark|Zoroark-Hisui, M, shiny\n|-end|p2a: Zoroark|Illusion\n|faint|p2a: Zoroark\n|-damage|p1a: Lycanroc|91\/100|[from] item: Life Orb\n|\n|upkeep\n|\n|t:|1701210262\n|switch|p2a: Toxtricity|Toxtricity, M|100\/100\n|turn|14\n|\n|t:|1701210282\n|move|p1a: Lycanroc|Stone Edge|p2a: Toxtricity\n|-damage|p2a: Toxtricity|8\/100\n|-damage|p1a: Lycanroc|81\/100|[from] item: Life Orb\n|move|p2a: Toxtricity|Boomburst|p1a: Lycanroc\n|-resisted|p1a: Lycanroc\n|-damage|p1a: Lycanroc|25\/100\n|-enditem|p2a: Toxtricity|Throat Spray\n|-boost|p2a: Toxtricity|spa|1|[from] item: Throat Spray\n|\n|upkeep\n|turn|15\n|\n|t:|1701210299\n|move|p1a: Lycanroc|Accelerock|p2a: Toxtricity\n|-damage|p2a: Toxtricity|0 fnt\n|faint|p2a: Toxtricity\n|-damage|p1a: Lycanroc|15\/100|[from] item: Life Orb\n|\n|win|Amungusaurio\n|raw|Amungusaurio's rating: 1079 &rarr; <strong>1101<\/strong><br \/>(+22 for winning)\n|raw|Dragon Empire 641's rating: 1000 &rarr; <strong>1000<\/strong><br \/>(+0 for losing)\n","uploadtime":1701210313,"views":0,"p1id":"amungusaurio","p2id":"dragonempire641","formatid":"gen9nationaldexubers","rating":1000,"private":0,"password":""}