{"id":"gen9nationaldexubers-1983572935","p1":"ShrimpTheShrimp","p2":"MommyMikuNakano","format":"[Gen 9] National Dex Ubers","log":"|j|\u2606ShrimpTheShrimp\n|j|\u2606MommyMikuNakano\n|t:|1699144854\n|gametype|singles\n|player|p1|ShrimpTheShrimp|ltsurge|1610\n|player|p2|MommyMikuNakano|erika-gen1|1804\n|teamsize|p1|6\n|teamsize|p2|6\n|gen|9\n|tier|[Gen 9] National Dex Ubers\n|rated|\n|rule|HP Percentage Mod: HP is shown in percentages\n|rule|Endless Battle Clause: Forcing endless battles is banned\n|rule|OHKO Clause: OHKO moves are banned\n|rule|Evasion Moves Clause: Evasion moves are banned\n|rule|Evasion Items Clause: Evasion items are banned\n|rule|Species Clause: Limit one of each Pok\u00e9mon\n|rule|Sleep Clause Mod: Limit one foe put to sleep\n|rule|Mega Rayquaza Clause: You cannot mega evolve Rayquaza\n|clearpoke\n|poke|p1|Zygarde|\n|poke|p1|Ho-Oh|\n|poke|p1|Ferrothorn, F|\n|poke|p1|Giratina|\n|poke|p1|Chansey, F|\n|poke|p1|Ditto|\n|poke|p2|Ho-Oh|\n|poke|p2|Yveltal|\n|poke|p2|Ditto|\n|poke|p2|Magearna|\n|poke|p2|Necrozma-Dusk-Mane|\n|poke|p2|Arceus-Ground|\n|teampreview\n|inactive|Battle timer is ON: inactive players will automatically lose when time's up. (requested by MommyMikuNakano)\n|\n|t:|1699144866\n|start\n|switch|p1a: Who you call a ho?|Ho-Oh, shiny|100\/100\n|switch|p2a: Arceus|Arceus-Ground|100\/100\n|turn|1\n|\n|t:|1699144871\n|move|p2a: Arceus|Toxic|p1a: Who you call a ho?\n|-status|p1a: Who you call a ho?|tox\n|move|p1a: Who you call a ho?|Toxic|p2a: Arceus\n|-status|p2a: Arceus|tox\n|\n|-damage|p2a: Arceus|94\/100 tox|[from] psn\n|-damage|p1a: Who you call a ho?|94\/100 tox|[from] psn\n|upkeep\n|turn|2\n|\n|t:|1699144878\n|switch|p2a: Ho-Oh|Ho-Oh|100\/100\n|switch|p1a: Lev 18:22|Ferrothorn, F|100\/100\n|\n|upkeep\n|turn|3\n|\n|t:|1699144888\n|switch|p1a: Who you call a ho?|Ho-Oh, shiny|100\/100 tox\n|move|p2a: Ho-Oh|Sacred Fire|p1a: Who you call a ho?\n|-resisted|p1a: Who you call a ho?\n|-damage|p1a: Who you call a ho?|73\/100 tox\n|\n|-damage|p1a: Who you call a ho?|67\/100 tox|[from] psn\n|upkeep\n|turn|4\n|\n|t:|1699144893\n|switch|p2a: Arceus|Arceus-Ground|94\/100 tox\n|move|p1a: Who you call a ho?|Sacred Fire|p2a: Arceus\n|-damage|p2a: Arceus|67\/100 tox\n|\n|-damage|p2a: Arceus|61\/100 tox|[from] psn\n|-damage|p1a: Who you call a ho?|54\/100 tox|[from] psn\n|upkeep\n|turn|5\n|\n|t:|1699144901\n|switch|p2a: Ho-Oh|Ho-Oh|100\/100\n|switch|p1a: You Got No Chance|Chansey, F, shiny|100\/100\n|\n|upkeep\n|turn|6\n|\n|t:|1699144908\n|switch|p2a: Magearna|Magearna|100\/100\n|move|p1a: You Got No Chance|Seismic Toss|p2a: Magearna\n|-damage|p2a: Magearna|73\/100\n|\n|upkeep\n|turn|7\n|\n|t:|1699144914\n|move|p2a: Magearna|Heal Bell|p2a: Magearna\n|-activate|p2a: Magearna|move: Heal Bell\n|-curestatus|p2: Arceus|tox|[msg]\n|move|p1a: You Got No Chance|Seismic Toss|p2a: Magearna\n|-damage|p2a: Magearna|46\/100\n|\n|upkeep\n|turn|8\n|\n|t:|1699144921\n|switch|p2a: Ho-Oh|Ho-Oh|100\/100\n|move|p1a: You Got No Chance|Seismic Toss|p2a: Ho-Oh\n|-damage|p2a: Ho-Oh|72\/100\n|\n|upkeep\n|turn|9\n|\n|t:|1699144925\n|move|p2a: Ho-Oh|Sacred Fire|p1a: You Got No Chance\n|-damage|p1a: You Got No Chance|50\/100\n|move|p1a: You Got No Chance|Seismic Toss|p2a: Ho-Oh\n|-damage|p2a: Ho-Oh|44\/100\n|\n|upkeep\n|turn|10\n|\n|t:|1699144928\n|switch|p1a: Who you call a ho?|Ho-Oh, shiny|88\/100 tox\n|move|p2a: Ho-Oh|Sacred Fire|p1a: Who you call a ho?\n|-resisted|p1a: Who you call a ho?\n|-damage|p1a: Who you call a ho?|62\/100 tox\n|\n|-damage|p1a: Who you call a ho?|55\/100 tox|[from] psn\n|upkeep\n|turn|11\n|\n|t:|1699144932\n|switch|p2a: Necrozma|Necrozma-Dusk-Mane|100\/100\n|move|p1a: Who you call a ho?|Toxic|p2a: Necrozma\n|-immune|p2a: Necrozma\n|\n|-damage|p1a: Who you call a ho?|43\/100 tox|[from] psn\n|upkeep\n|turn|12\n|\n|t:|1699144935\n|switch|p2a: Ho-Oh|Ho-Oh|77\/100\n|move|p1a: Who you call a ho?|Sacred Fire|p2a: Ho-Oh\n|-resisted|p2a: Ho-Oh\n|-damage|p2a: Ho-Oh|52\/100\n|\n|-damage|p1a: Who you call a ho?|24\/100 tox|[from] psn\n|upkeep\n|turn|13\n|\n|t:|1699144940\n|switch|p1a: You Got No Chance|Chansey, F, shiny|50\/100\n|move|p2a: Ho-Oh|Sacred Fire|p1a: You Got No Chance\n|-damage|p1a: You Got No Chance|1\/100\n|\n|upkeep\n|turn|14\n|\n|t:|1699144946\n|move|p2a: Ho-Oh|Sacred Fire|p1a: You Got No Chance\n|-crit|p1a: You Got No Chance\n|-damage|p1a: You Got No Chance|0 fnt\n|faint|p1a: You Got No Chance\n|\n|upkeep\n|\n|t:|1699144950\n|switch|p1a: Do The Worm|Giratina, shiny|100\/100\n|-ability|p1a: Do The Worm|Pressure\n|turn|15\n|\n|t:|1699144953\n|switch|p2a: Magearna|Magearna|46\/100\n|move|p1a: Do The Worm|Toxic|p2a: Magearna\n|-immune|p2a: Magearna\n|\n|upkeep\n|turn|16\n|\n|t:|1699144955\n|move|p1a: Do The Worm|Hex|p2a: Magearna\n|-damage|p2a: Magearna|32\/100\n|move|p2a: Magearna|Pain Split|p1a: Do The Worm\n|-sethp|p1a: Do The Worm|62\/100|[from] move: Pain Split|[silent]\n|-sethp|p2a: Magearna|86\/100|[from] move: Pain Split\n|\n|-heal|p1a: Do The Worm|68\/100|[from] item: Leftovers\n|upkeep\n|turn|17\n|\n|t:|1699144960\n|switch|p1a: Megatron|Zygarde, shiny|100\/100\n|move|p2a: Magearna|Fleur Cannon|p1a: Megatron\n|-supereffective|p1a: Megatron\n|-damage|p1a: Megatron|24\/100\n|-unboost|p2a: Magearna|spa|2\n|\n|-heal|p1a: Megatron|30\/100|[from] item: Leftovers\n|-activate|p1a: Megatron|ability: Power Construct\n|detailschange|p1a: Megatron|Zygarde-Complete, shiny\n|-heal|p1a: Megatron|54\/100|[silent]\n|upkeep\n|turn|18\n|\n|t:|1699144967\n|-terastallize|p1a: Megatron|Fairy\n|move|p1a: Megatron|Glare|p2a: Magearna\n|-status|p2a: Magearna|par\n|move|p2a: Magearna|Heart Swap|p1a: Megatron\n|-swapboost|p2a: Magearna|p1a: Megatron|[from] move: Heart Swap\n|\n|-heal|p1a: Megatron|60\/100|[from] item: Leftovers\n|upkeep\n|turn|19\n|\n|t:|1699144978\n|switch|p2a: Arceus|Arceus-Ground|61\/100\n|move|p1a: Megatron|Thousand Arrows|p2a: Arceus\n|-damage|p2a: Arceus|39\/100\n|\n|-heal|p1a: Megatron|66\/100|[from] item: Leftovers\n|upkeep\n|turn|20\n|\n|t:|1699144982\n|move|p2a: Arceus|Taunt|p1a: Megatron\n|-start|p1a: Megatron|move: Taunt\n|cant|p1a: Megatron|move: Taunt|Coil\n|\n|-heal|p1a: Megatron|73\/100|[from] item: Leftovers\n|upkeep\n|turn|21\n|\n|t:|1699144986\n|switch|p1a: Do The Worm|Giratina, shiny|68\/100\n|-ability|p1a: Do The Worm|Pressure\n|move|p2a: Arceus|Recover|p2a: Arceus\n|-heal|p2a: Arceus|89\/100\n|\n|-heal|p1a: Do The Worm|74\/100|[from] item: Leftovers\n|upkeep\n|turn|22\n|\n|t:|1699144989\n|move|p2a: Arceus|Taunt|p1a: Do The Worm\n|-start|p1a: Do The Worm|move: Taunt\n|move|p1a: Do The Worm|Hex|p2a: Arceus\n|-damage|p2a: Arceus|73\/100\n|\n|-heal|p1a: Do The Worm|80\/100|[from] item: Leftovers\n|upkeep\n|turn|23\n|\n|t:|1699144991\n|switch|p1a: Who you call a ho?|Ho-Oh, shiny|57\/100 tox\n|move|p2a: Arceus|Toxic|p1a: Who you call a ho?\n|-fail|p1a: Who you call a ho?|tox\n|\n|-damage|p1a: Who you call a ho?|51\/100 tox|[from] psn\n|upkeep\n|turn|24\n|\n|t:|1699144994\n|switch|p2a: Ho-Oh|Ho-Oh|85\/100\n|move|p1a: Who you call a ho?|Toxic|p2a: Ho-Oh\n|-status|p2a: Ho-Oh|tox\n|\n|-damage|p2a: Ho-Oh|79\/100 tox|[from] psn\n|-damage|p1a: Who you call a ho?|38\/100 tox|[from] psn\n|upkeep\n|turn|25\n|\n|t:|1699145002\n|switch|p1a: Lev 18:22|Ferrothorn, F|100\/100\n|move|p2a: Ho-Oh|Brave Bird|p1a: Lev 18:22\n|-damage|p1a: Lev 18:22|25\/100\n|-damage|p2a: Ho-Oh|67\/100 tox|[from] ability: Iron Barbs|[of] p1a: Lev 18:22\n|-damage|p2a: Ho-Oh|42\/100 tox|[from] Recoil\n|\n|-heal|p1a: Lev 18:22|32\/100|[from] item: Leftovers\n|-damage|p2a: Ho-Oh|29\/100 tox|[from] psn\n|upkeep\n|turn|26\n|\n|t:|1699145005\n|move|p1a: Lev 18:22|Protect|p1a: Lev 18:22\n|-singleturn|p1a: Lev 18:22|Protect\n|move|p2a: Ho-Oh|Brave Bird|p1a: Lev 18:22\n|-activate|p1a: Lev 18:22|move: Protect\n|\n|-heal|p1a: Lev 18:22|38\/100|[from] item: Leftovers\n|-damage|p2a: Ho-Oh|11\/100 tox|[from] psn\n|upkeep\n|turn|27\n|\n|t:|1699145009\n|switch|p2a: Arceus|Arceus-Ground|73\/100\n|switch|p1a: Do The Worm|Giratina, shiny|80\/100\n|-ability|p1a: Do The Worm|Pressure\n|\n|-heal|p1a: Do The Worm|87\/100|[from] item: Leftovers\n|upkeep\n|turn|28\n|\n|t:|1699145011\n|move|p2a: Arceus|Taunt|p1a: Do The Worm\n|-start|p1a: Do The Worm|move: Taunt\n|cant|p1a: Do The Worm|move: Taunt|Toxic\n|\n|-heal|p1a: Do The Worm|93\/100|[from] item: Leftovers\n|upkeep\n|turn|29\n|\n|t:|1699145014\n|switch|p2a: Ho-Oh|Ho-Oh|44\/100 tox\n|switch|p1a: Lev 18:22|Ferrothorn, F|38\/100\n|\n|-heal|p1a: Lev 18:22|44\/100|[from] item: Leftovers\n|-damage|p2a: Ho-Oh|38\/100 tox|[from] psn\n|upkeep\n|turn|30\n|\n|t:|1699145017\n|move|p1a: Lev 18:22|Protect|p1a: Lev 18:22\n|-singleturn|p1a: Lev 18:22|Protect\n|move|p2a: Ho-Oh|Brave Bird|p1a: Lev 18:22\n|-activate|p1a: Lev 18:22|move: Protect\n|\n|-heal|p1a: Lev 18:22|50\/100|[from] item: Leftovers\n|-damage|p2a: Ho-Oh|25\/100 tox|[from] psn\n|upkeep\n|turn|31\n|\n|t:|1699145021\n|switch|p1a: Do The Worm|Giratina, shiny|93\/100\n|-ability|p1a: Do The Worm|Pressure\n|move|p2a: Ho-Oh|Brave Bird|p1a: Do The Worm\n|-damage|p1a: Do The Worm|50\/100\n|-damage|p2a: Ho-Oh|5\/100 tox|[from] Recoil\n|\n|-heal|p1a: Do The Worm|56\/100|[from] item: Leftovers\n|-damage|p2a: Ho-Oh|0 fnt|[from] psn\n|faint|p2a: Ho-Oh\n|upkeep\n|\n|t:|1699145030\n|switch|p2a: Arceus|Arceus-Ground|73\/100\n|turn|32\n|\n|t:|1699145035\n|move|p2a: Arceus|Toxic|p1a: Do The Worm\n|-status|p1a: Do The Worm|tox\n|move|p1a: Do The Worm|Toxic|p2a: Arceus\n|-status|p2a: Arceus|tox\n|\n|-heal|p1a: Do The Worm|63\/100 tox|[from] item: Leftovers\n|-damage|p2a: Arceus|67\/100 tox|[from] psn\n|-damage|p1a: Do The Worm|56\/100 tox|[from] psn\n|upkeep\n|turn|33\n|\n|t:|1699145038\n|switch|p2a: Magearna|Magearna|86\/100 par\n|move|p1a: Do The Worm|Rest|p1a: Do The Worm\n|-status|p1a: Do The Worm|slp|[from] move: Rest\n|-heal|p1a: Do The Worm|100\/100 slp|[silent]\n|\n|upkeep\n|turn|34\n|\n|t:|1699145041\n|switch|p1a: Who you call a ho?|Ho-Oh, shiny|72\/100 tox\n|cant|p2a: Magearna|par\n|\n|-damage|p1a: Who you call a ho?|65\/100 tox|[from] psn\n|upkeep\n|turn|35\n|\n|t:|1699145044\n|switch|p2a: Ditto|Ditto, shiny|100\/100\n|-transform|p2a: Ditto|p1a: Who you call a ho?|[from] ability: Imposter\n|move|p1a: Who you call a ho?|Sacred Fire|p2a: Ditto\n|-resisted|p2a: Ditto\n|-damage|p2a: Ditto|82\/100\n|\n|-damage|p1a: Who you call a ho?|53\/100 tox|[from] psn\n|upkeep\n|turn|36\n|\n|t:|1699145047\n|switch|p2a: Magearna|Magearna|86\/100 par\n|move|p1a: Who you call a ho?|Toxic||[still]\n|-fail|p1a: Who you call a ho?\n|\n|-damage|p1a: Who you call a ho?|34\/100 tox|[from] psn\n|upkeep\n|turn|37\n|\n|t:|1699145049\n|switch|p2a: Ditto|Ditto, shiny|100\/100\n|-transform|p2a: Ditto|p1a: Who you call a ho?|[from] ability: Imposter\n|move|p1a: Who you call a ho?|Sacred Fire|p2a: Ditto\n|-resisted|p2a: Ditto\n|-damage|p2a: Ditto|81\/100\n|\n|-damage|p1a: Who you call a ho?|9\/100 tox|[from] psn\n|upkeep\n|turn|38\n|\n|t:|1699145054\n|switch|p1a: Do The Worm|Giratina, shiny|100\/100 slp\n|-ability|p1a: Do The Worm|Pressure\n|move|p2a: Ditto|Sacred Fire|p1a: Do The Worm\n|-resisted|p1a: Do The Worm\n|-damage|p1a: Do The Worm|90\/100 slp\n|\n|-heal|p1a: Do The Worm|96\/100 slp|[from] item: Leftovers\n|upkeep\n|turn|39\n|\n|t:|1699145056\n|switch|p2a: Magearna|Magearna|86\/100 par\n|cant|p1a: Do The Worm|slp\n|\n|-heal|p1a: Do The Worm|100\/100 slp|[from] item: Leftovers\n|upkeep\n|turn|40\n|\n|t:|1699145059\n|cant|p1a: Do The Worm|slp\n|cant|p2a: Magearna|par\n|\n|upkeep\n|turn|41\n|\n|t:|1699145064\n|switch|p1a: Lev 18:22|Ferrothorn, F|50\/100\n|move|p2a: Magearna|Heal Bell|p2a: Magearna\n|-activate|p2a: Magearna|move: Heal Bell\n|-curestatus|p2a: Magearna|par|[msg]\n|-curestatus|p2: Arceus|tox|[msg]\n|\n|-heal|p1a: Lev 18:22|57\/100|[from] item: Leftovers\n|upkeep\n|turn|42\n|\n|t:|1699145072\n|switch|p2a: Ditto|Ditto, shiny|100\/100\n|-transform|p2a: Ditto|p1a: Lev 18:22|[from] ability: Imposter\n|move|p1a: Lev 18:22|Leech Seed|p2a: Ditto\n|-immune|p2a: Ditto\n|\n|-heal|p1a: Lev 18:22|63\/100|[from] item: Leftovers\n|upkeep\n|turn|43\n|\n|t:|1699145079\n|switch|p2a: Arceus|Arceus-Ground|67\/100\n|move|p1a: Lev 18:22|Protect||[still]\n|-fail|p1a: Lev 18:22\n|\n|-heal|p1a: Lev 18:22|69\/100|[from] item: Leftovers\n|upkeep\n|turn|44\n|\n|t:|1699145082\n|move|p2a: Arceus|Taunt|p1a: Lev 18:22\n|-start|p1a: Lev 18:22|move: Taunt\n|cant|p1a: Lev 18:22|move: Taunt|Stealth Rock\n|\n|-heal|p1a: Lev 18:22|75\/100|[from] item: Leftovers\n|upkeep\n|turn|45\n|\n|t:|1699145087\n|switch|p2a: Necrozma|Necrozma-Dusk-Mane|100\/100\n|switch|p1a: Who you call a ho?|Ho-Oh, shiny|42\/100 tox\n|\n|-damage|p1a: Who you call a ho?|36\/100 tox|[from] psn\n|upkeep\n|turn|46\n|\n|t:|1699145090\n|switch|p1a: Do The Worm|Giratina, shiny|100\/100 slp\n|-ability|p1a: Do The Worm|Pressure\n|move|p2a: Necrozma|Stealth Rock|p1a: Do The Worm\n|-sidestart|p1: ShrimpTheShrimp|move: Stealth Rock\n|\n|upkeep\n|turn|47\n|\n|t:|1699145095\n|detailschange|p2a: Necrozma|Necrozma-Ultra\n|-burst|p2a: Necrozma|Necrozma|Ultranecrozium Z\n|move|p2a: Necrozma|Dragon Pulse|p1a: Do The Worm\n|-supereffective|p1a: Do The Worm\n|-damage|p1a: Do The Worm|27\/100 slp\n|-curestatus|p1a: Do The Worm|slp|[msg]\n|move|p1a: Do The Worm|Toxic|p2a: Necrozma\n|-status|p2a: Necrozma|tox\n|\n|-heal|p1a: Do The Worm|33\/100|[from] item: Leftovers\n|-damage|p2a: Necrozma|94\/100 tox|[from] psn\n|upkeep\n|turn|48\n|\n|t:|1699145100\n|switch|p1a: Megatron|Zygarde-Complete, shiny, tera:Fairy|73\/100\n|-damage|p1a: Megatron|60\/100|[from] Stealth Rock\n|move|p2a: Necrozma|Photon Geyser|p1a: Megatron\n|-damage|p1a: Megatron|32\/100\n|\n|-heal|p1a: Megatron|38\/100|[from] item: Leftovers\n|-damage|p2a: Necrozma|82\/100 tox|[from] psn\n|upkeep\n|turn|49\n|\n|t:|1699145105\n|-zpower|p2a: Necrozma\n|move|p2a: Necrozma|Light That Burns the Sky|p1a: Megatron|[zeffect]\n|-damage|p1a: Megatron|0 fnt\n|faint|p1a: Megatron\n|\n|-damage|p2a: Necrozma|63\/100 tox|[from] psn\n|upkeep\n|\n|t:|1699145109\n|switch|p1a: I'm You|Ditto, shiny|100\/100\n|-damage|p1a: I'm You|88\/100|[from] Stealth Rock\n|-transform|p1a: I'm You|p2a: Necrozma|[from] ability: Imposter\n|turn|50\n|\n|t:|1699145113\n|switch|p2a: Yveltal|Yveltal, shiny|100\/100\n|-ability|p2a: Yveltal|Dark Aura\n|move|p1a: I'm You|Earth Power|p2a: Yveltal\n|-immune|p2a: Yveltal\n|\n|upkeep\n|turn|51\n|\n|t:|1699145118\n|switch|p1a: Lev 18:22|Ferrothorn, F|75\/100\n|-damage|p1a: Lev 18:22|69\/100|[from] Stealth Rock\n|move|p2a: Yveltal|Foul Play|p1a: Lev 18:22\n|-damage|p1a: Lev 18:22|45\/100\n|-damage|p2a: Yveltal|88\/100|[from] ability: Iron Barbs|[of] p1a: Lev 18:22\n|\n|-heal|p1a: Lev 18:22|52\/100|[from] item: Leftovers\n|upkeep\n|turn|52\n|\n|t:|1699145131\n|switch|p2a: Arceus|Arceus-Ground|67\/100\n|move|p1a: Lev 18:22|Stealth Rock|p2a: Arceus\n|-sidestart|p2: MommyMikuNakano|move: Stealth Rock\n|\n|-heal|p1a: Lev 18:22|58\/100|[from] item: Leftovers\n|upkeep\n|turn|53\n|\n|t:|1699145135\n|switch|p1a: Who you call a ho?|Ho-Oh, shiny|69\/100 tox\n|move|p2a: Arceus|Taunt|p1a: Who you call a ho?\n|-start|p1a: Who you call a ho?|move: Taunt\n|\n|-damage|p1a: Who you call a ho?|63\/100 tox|[from] psn\n|upkeep\n|turn|54\n|\n|t:|1699145143\n|switch|p1a: Do The Worm|Giratina, shiny|33\/100\n|-damage|p1a: Do The Worm|21\/100|[from] Stealth Rock\n|-ability|p1a: Do The Worm|Pressure\n|move|p2a: Arceus|Taunt|p1a: Do The Worm\n|-start|p1a: Do The Worm|move: Taunt\n|\n|-heal|p1a: Do The Worm|27\/100|[from] item: Leftovers\n|upkeep\n|turn|55\n|\n|t:|1699145151\n|switch|p1a: I'm You|Ditto, shiny|88\/100\n|-damage|p1a: I'm You|76\/100|[from] Stealth Rock\n|-transform|p1a: I'm You|p2a: Arceus|[from] ability: Imposter\n|move|p2a: Arceus|Recover|p2a: Arceus\n|-heal|p2a: Arceus|100\/100\n|\n|upkeep\n|turn|56\n|\n|t:|1699145157\n|switch|p2a: Yveltal|Yveltal, shiny|88\/100\n|-ability|p2a: Yveltal|Dark Aura\n|move|p1a: I'm You|Toxic|p2a: Yveltal\n|-status|p2a: Yveltal|tox\n|\n|-damage|p2a: Yveltal|82\/100 tox|[from] psn\n|upkeep\n|turn|57\n|\n|t:|1699145164\n|switch|p1a: Do The Worm|Giratina, shiny|27\/100\n|-damage|p1a: Do The Worm|14\/100|[from] Stealth Rock\n|-ability|p1a: Do The Worm|Pressure\n|switch|p2a: Magearna|Magearna|86\/100\n|-damage|p2a: Magearna|80\/100|[from] Stealth Rock\n|\n|-heal|p1a: Do The Worm|21\/100|[from] item: Leftovers\n|upkeep\n|turn|58\n|\n|t:|1699145173\n|move|p1a: Do The Worm|Rest|p1a: Do The Worm\n|-status|p1a: Do The Worm|slp|[from] move: Rest\n|-heal|p1a: Do The Worm|100\/100 slp|[silent]\n|move|p2a: Magearna|Heal Bell|p2a: Magearna\n|-activate|p2a: Magearna|move: Heal Bell\n|-curestatus|p2: Necrozma|tox|[msg]\n|-curestatus|p2: Yveltal|tox|[msg]\n|\n|upkeep\n|turn|59\n|\n|t:|1699145179\n|switch|p1a: Lev 18:22|Ferrothorn, F|58\/100\n|-damage|p1a: Lev 18:22|52\/100|[from] Stealth Rock\n|switch|p2a: Yveltal|Yveltal, shiny|82\/100\n|-ability|p2a: Yveltal|Dark Aura\n|\n|-heal|p1a: Lev 18:22|58\/100|[from] item: Leftovers\n|upkeep\n|turn|60\n|\n|t:|1699145187\n|switch|p2a: Arceus|Arceus-Ground|100\/100\n|-damage|p2a: Arceus|94\/100|[from] Stealth Rock\n|move|p1a: Lev 18:22|Stealth Rock||[still]\n|-fail|p1a: Lev 18:22\n|\n|-heal|p1a: Lev 18:22|64\/100|[from] item: Leftovers\n|upkeep\n|turn|61\n|\n|t:|1699145192\n|switch|p1a: Who you call a ho?|Ho-Oh, shiny|96\/100 tox\n|move|p2a: Arceus|Taunt|p1a: Who you call a ho?\n|-start|p1a: Who you call a ho?|move: Taunt\n|\n|-damage|p1a: Who you call a ho?|90\/100 tox|[from] psn\n|upkeep\n|turn|62\n|\n|t:|1699145198\n|move|p2a: Arceus|Judgment|p1a: Who you call a ho?\n|-immune|p1a: Who you call a ho?\n|move|p1a: Who you call a ho?|Sacred Fire|p2a: Arceus\n|-damage|p2a: Arceus|63\/100\n|\n|-damage|p1a: Who you call a ho?|77\/100 tox|[from] psn\n|upkeep\n|turn|63\n|\n|t:|1699145208\n|switch|p1a: Do The Worm|Giratina, shiny|100\/100 slp\n|-damage|p1a: Do The Worm|88\/100 slp|[from] Stealth Rock\n|-ability|p1a: Do The Worm|Pressure\n|move|p2a: Arceus|Toxic|p1a: Do The Worm|[miss]\n|-miss|p2a: Arceus|p1a: Do The Worm\n|\n|-heal|p1a: Do The Worm|94\/100 slp|[from] item: Leftovers\n|upkeep\n|turn|64\n|\n|t:|1699145214\n|move|p2a: Arceus|Recover|p2a: Arceus\n|-heal|p2a: Arceus|100\/100\n|cant|p1a: Do The Worm|slp\n|\n|-heal|p1a: Do The Worm|99\/100 slp|[from] item: Leftovers\n|upkeep\n|turn|65\n|\n|t:|1699145218\n|switch|p2a: Necrozma|Necrozma-Ultra|63\/100\n|-damage|p2a: Necrozma|50\/100|[from] Stealth Rock\n|cant|p1a: Do The Worm|slp\n|\n|-heal|p1a: Do The Worm|100\/100 slp|[from] item: Leftovers\n|upkeep\n|turn|66\n|\n|t:|1699145222\n|move|p2a: Necrozma|Dragon Pulse|p1a: Do The Worm\n|-supereffective|p1a: Do The Worm\n|-damage|p1a: Do The Worm|22\/100 slp\n|-curestatus|p1a: Do The Worm|slp|[msg]\n|move|p1a: Do The Worm|Hex|p2a: Necrozma\n|-supereffective|p2a: Necrozma\n|-damage|p2a: Necrozma|7\/100\n|\n|-heal|p1a: Do The Worm|28\/100|[from] item: Leftovers\n|upkeep\n|turn|67\n|\n|t:|1699145229\n|switch|p1a: Who you call a ho?|Ho-Oh, shiny|100\/100 tox\n|move|p2a: Necrozma|Photon Geyser|p1a: Who you call a ho?\n|-damage|p1a: Who you call a ho?|62\/100 tox\n|\n|-damage|p1a: Who you call a ho?|56\/100 tox|[from] psn\n|upkeep\n|turn|68\n|\n|t:|1699145234\n|move|p2a: Necrozma|Photon Geyser|p1a: Who you call a ho?\n|-damage|p1a: Who you call a ho?|22\/100 tox\n|move|p1a: Who you call a ho?|Sacred Fire|p2a: Necrozma\n|-resisted|p2a: Necrozma\n|-damage|p2a: Necrozma|0 fnt\n|faint|p2a: Necrozma\n|\n|-damage|p1a: Who you call a ho?|10\/100 tox|[from] psn\n|upkeep\n|\n|t:|1699145241\n|switch|p2a: Arceus|Arceus-Ground|100\/100\n|-damage|p2a: Arceus|94\/100|[from] Stealth Rock\n|turn|69\n|\n|t:|1699145247\n|switch|p1a: Do The Worm|Giratina, shiny|28\/100\n|-damage|p1a: Do The Worm|15\/100|[from] Stealth Rock\n|-ability|p1a: Do The Worm|Pressure\n|move|p2a: Arceus|Taunt|p1a: Do The Worm\n|-start|p1a: Do The Worm|move: Taunt\n|\n|-heal|p1a: Do The Worm|22\/100|[from] item: Leftovers\n|upkeep\n|turn|70\n|\n|t:|1699145253\n|switch|p1a: Who you call a ho?|Ho-Oh, shiny|43\/100 tox\n|move|p2a: Arceus|Judgment|p1a: Who you call a ho?\n|-immune|p1a: Who you call a ho?\n|\n|-damage|p1a: Who you call a ho?|37\/100 tox|[from] psn\n|upkeep\n|turn|71\n|\n|t:|1699145257\n|switch|p1a: Lev 18:22|Ferrothorn, F|64\/100\n|-damage|p1a: Lev 18:22|58\/100|[from] Stealth Rock\n|move|p2a: Arceus|Taunt|p1a: Lev 18:22\n|-start|p1a: Lev 18:22|move: Taunt\n|\n|-heal|p1a: Lev 18:22|64\/100|[from] item: Leftovers\n|upkeep\n|turn|72\n|\n|t:|1699145268\n|switch|p1a: Who you call a ho?|Ho-Oh, shiny|70\/100 tox\n|move|p2a: Arceus|Judgment|p1a: Who you call a ho?\n|-immune|p1a: Who you call a ho?\n|\n|-damage|p1a: Who you call a ho?|63\/100 tox|[from] psn\n|upkeep\n|turn|73\n|\n|t:|1699145275\n|switch|p1a: Do The Worm|Giratina, shiny|22\/100\n|-damage|p1a: Do The Worm|9\/100|[from] Stealth Rock\n|-ability|p1a: Do The Worm|Pressure\n|move|p2a: Arceus|Taunt|p1a: Do The Worm\n|-start|p1a: Do The Worm|move: Taunt\n|\n|-heal|p1a: Do The Worm|15\/100|[from] item: Leftovers\n|upkeep\n|turn|74\n|\n|t:|1699145279\n|switch|p1a: Who you call a ho?|Ho-Oh, shiny|97\/100 tox\n|move|p2a: Arceus|Judgment|p1a: Who you call a ho?\n|-immune|p1a: Who you call a ho?\n|\n|-damage|p1a: Who you call a ho?|90\/100 tox|[from] psn\n|upkeep\n|turn|75\n|\n|t:|1699145284\n|move|p2a: Arceus|Taunt|p1a: Who you call a ho?\n|-start|p1a: Who you call a ho?|move: Taunt\n|cant|p1a: Who you call a ho?|move: Taunt|Defog\n|\n|-damage|p1a: Who you call a ho?|78\/100 tox|[from] psn\n|upkeep\n|turn|76\n|\n|t:|1699145292\n|switch|p1a: Do The Worm|Giratina, shiny|15\/100\n|-damage|p1a: Do The Worm|3\/100|[from] Stealth Rock\n|-ability|p1a: Do The Worm|Pressure\n|move|p2a: Arceus|Judgment|p1a: Do The Worm\n|-damage|p1a: Do The Worm|0 fnt\n|faint|p1a: Do The Worm\n|\n|upkeep\n|\n|t:|1699145300\n|switch|p1a: Lev 18:22|Ferrothorn, F|64\/100\n|-damage|p1a: Lev 18:22|58\/100|[from] Stealth Rock\n|turn|77\n|\n|t:|1699145303\n|switch|p1a: Who you call a ho?|Ho-Oh, shiny|100\/100 tox\n|move|p2a: Arceus|Taunt|p1a: Who you call a ho?\n|-start|p1a: Who you call a ho?|move: Taunt\n|\n|-damage|p1a: Who you call a ho?|94\/100 tox|[from] psn\n|upkeep\n|turn|78\n|\n|t:|1699145328\n|switch|p2a: Ditto|Ditto, shiny|100\/100\n|-damage|p2a: Ditto|88\/100|[from] Stealth Rock\n|-transform|p2a: Ditto|p1a: Who you call a ho?|[from] ability: Imposter\n|switch|p1a: I'm You|Ditto, shiny|76\/100\n|-damage|p1a: I'm You|63\/100|[from] Stealth Rock\n|\n|upkeep\n|turn|79\n|\n|t:|1699145332\n|switch|p1a: Who you call a ho?|Ho-Oh, shiny|100\/100 tox\n|move|p2a: Ditto|Sacred Fire|p1a: Who you call a ho?\n|-resisted|p1a: Who you call a ho?\n|-damage|p1a: Who you call a ho?|87\/100 tox\n|\n|-damage|p1a: Who you call a ho?|80\/100 tox|[from] psn\n|upkeep\n|turn|80\n|\n|t:|1699145335\n|switch|p2a: Magearna|Magearna|80\/100\n|-damage|p2a: Magearna|74\/100|[from] Stealth Rock\n|move|p1a: Who you call a ho?|Defog|p2a: Magearna\n|-unboost|p2a: Magearna|evasion|1\n|-sideend|p2: MommyMikuNakano|Stealth Rock|[from] move: Defog|[of] p1a: Who you call a ho?\n|-sideend|p1: ShrimpTheShrimp|Stealth Rock|[from] move: Defog|[of] p1a: Who you call a ho?\n|\n|-damage|p1a: Who you call a ho?|68\/100 tox|[from] psn\n|upkeep\n|turn|81\n|\n|t:|1699145338\n|switch|p2a: Ditto|Ditto, shiny|100\/100\n|-transform|p2a: Ditto|p1a: Who you call a ho?|[from] ability: Imposter\n|move|p1a: Who you call a ho?|Sacred Fire|p2a: Ditto\n|-resisted|p2a: Ditto\n|-damage|p2a: Ditto|82\/100\n|\n|-damage|p1a: Who you call a ho?|49\/100 tox|[from] psn\n|upkeep\n|turn|82\n|\n|t:|1699145341\n|switch|p1a: I'm You|Ditto, shiny|63\/100\n|move|p2a: Ditto|Sacred Fire|p1a: I'm You\n|-damage|p1a: I'm You|0 fnt\n|faint|p1a: I'm You\n|\n|upkeep\n|-message|ShrimpTheShrimp forfeited.\n|\n|win|MommyMikuNakano\n|raw|ShrimpTheShrimp's rating: 1610 &rarr; <strong>1600<\/strong><br \/>(-10 for losing)\n|raw|MommyMikuNakano's rating: 1804 &rarr; <strong>1814<\/strong><br \/>(+10 for winning)\n|l|\u2606ShrimpTheShrimp\n|l|\u2606MommyMikuNakano\n","uploadtime":1699145353,"views":15,"p1id":"shrimptheshrimp","p2id":"mommymikunakano","formatid":"gen9nationaldexubers","rating":1600,"private":0,"password":""}