{"id":"gen9nationaldexubers-1994530759","p1":"momfr","p2":"Pachimi","format":"[Gen 9] National Dex Ubers","log":"|j|\u2606momfr\n|j|\u2606Pachimi\n|t:|1700455327\n|gametype|singles\n|player|p1|momfr|265|1184\n|player|p2|Pachimi|ash-alola|1227\n|teamsize|p1|6\n|teamsize|p2|6\n|gen|9\n|tier|[Gen 9] National Dex Ubers\n|rated|\n|rule|HP Percentage Mod: HP is shown in percentages\n|rule|Endless Battle Clause: Forcing endless battles is banned\n|rule|OHKO Clause: OHKO moves are banned\n|rule|Evasion Moves Clause: Evasion moves are banned\n|rule|Evasion Items Clause: Evasion items are banned\n|rule|Species Clause: Limit one of each Pok\u00e9mon\n|rule|Sleep Clause Mod: Limit one foe put to sleep\n|rule|Mega Rayquaza Clause: You cannot mega evolve Rayquaza\n|clearpoke\n|poke|p1|Deoxys-Attack|\n|poke|p1|Gliscor, M|\n|poke|p1|Darkrai|\n|poke|p1|Dragonite, F|\n|poke|p1|Mewtwo|\n|poke|p1|Rayquaza|\n|poke|p2|Pikachu, F|\n|poke|p2|Greninja-*, M|\n|poke|p2|Talonflame, M|\n|poke|p2|Goodra, F|\n|poke|p2|Hawlucha, M|\n|poke|p2|Noivern, M|\n|teampreview\n|inactive|Battle timer is ON: inactive players will automatically lose when time's up. (requested by Pachimi)\n|j| gayspotter2\n|j| it's ogrepon\n|j| Adamanzane\n|j| kung fu pokechu\n|\n|t:|1700455346\n|start\n|switch|p1a: OJ Simpson|Gliscor, M|100\/100\n|switch|p2a: Talonflame|Talonflame, M|100\/100\n|turn|1\n|\n|t:|1700455361\n|switch|p1a: Stall is Evil|Darkrai|100\/100\n|move|p2a: Talonflame|Brave Bird|p1a: Stall is Evil\n|-crit|p1a: Stall is Evil\n|-damage|p1a: Stall is Evil|16\/100\n|-damage|p2a: Talonflame|68\/100|[from] Recoil\n|\n|-heal|p1a: Stall is Evil|22\/100|[from] item: Leftovers\n|upkeep\n|turn|2\n|\n|t:|1700455370\n|move|p2a: Talonflame|Brave Bird|p1a: Stall is Evil\n|-damage|p1a: Stall is Evil|0 fnt\n|faint|p1a: Stall is Evil\n|-damage|p2a: Talonflame|60\/100|[from] Recoil\n|\n|upkeep\n|\n|t:|1700455381\n|switch|p1a: normie in space|Deoxys-Attack|100\/100\n|-ability|p1a: normie in space|Pressure\n|turn|3\n|\n|t:|1700455386\n|move|p1a: normie in space|Zen Headbutt|p2a: Talonflame\n|-damage|p2a: Talonflame|0 fnt\n|faint|p2a: Talonflame\n|\n|upkeep\n|\n|t:|1700455391\n|switch|p2a: Pikachu|Pikachu, F|100\/100\n|turn|4\n|inactive|momfr has 120 seconds left.\n|\n|t:|1700455428\n|move|p2a: Pikachu|Fake Out|p1a: normie in space\n|-damage|p1a: normie in space|21\/100\n|cant|p1a: normie in space|flinch\n|\n|upkeep\n|turn|5\n|inactive|momfr has 120 seconds left.\n|\n|t:|1700455433\n|move|p2a: Pikachu|Extreme Speed|p1a: normie in space\n|-damage|p1a: normie in space|0 fnt\n|faint|p1a: normie in space\n|\n|upkeep\n|inactive|momfr has 120 seconds left.\n|\n|t:|1700455439\n|switch|p1a: Barney|Dragonite, F|100\/100\n|turn|6\n|\n|t:|1700455443\n|move|p2a: Pikachu|Play Rough|p1a: Barney\n|-supereffective|p1a: Barney\n|-damage|p1a: Barney|58\/100\n|move|p1a: Barney|Dragon Dance|p1a: Barney\n|-boost|p1a: Barney|atk|1\n|-boost|p1a: Barney|spe|1\n|\n|upkeep\n|turn|7\n|\n|t:|1700455449\n|move|p1a: Barney|Outrage|p2a: Pikachu\n|-damage|p2a: Pikachu|0 fnt\n|faint|p2a: Pikachu\n|\n|upkeep\n|\n|t:|1700455452\n|switch|p2a: Greninja|Greninja, M|100\/100\n|turn|8\n|\n|t:|1700455472\n|move|p1a: Barney|Outrage|p2a: Greninja|[from]lockedmove\n|-damage|p2a: Greninja|0 fnt\n|faint|p2a: Greninja\n|-start|p1a: Barney|confusion|[fatigue]\n|-enditem|p1a: Barney|Lum Berry|[eat]\n|-end|p1a: Barney|confusion\n|\n|upkeep\n|\n|t:|1700455476\n|switch|p2a: Hawlucha|Hawlucha, M|100\/100\n|turn|9\n|\n|t:|1700455483\n|move|p1a: Barney|Ice Spinner|p2a: Hawlucha\n|-supereffective|p2a: Hawlucha\n|-enditem|p2a: Hawlucha|Focus Sash\n|-damage|p2a: Hawlucha|1\/100\n|move|p2a: Hawlucha|Swords Dance|p2a: Hawlucha\n|-boost|p2a: Hawlucha|atk|2\n|\n|upkeep\n|turn|10\n|\n|t:|1700455488\n|move|p1a: Barney|Extreme Speed|p2a: Hawlucha\n|-damage|p2a: Hawlucha|0 fnt\n|faint|p2a: Hawlucha\n|\n|upkeep\n|\n|t:|1700455492\n|switch|p2a: Goodra|Goodra, F|100\/100\n|turn|11\n|\n|t:|1700455495\n|move|p1a: Barney|Outrage|p2a: Goodra\n|-supereffective|p2a: Goodra\n|-damage|p2a: Goodra|0 fnt\n|-ability|p2a: Goodra|Gooey\n|-unboost|p1a: Barney|spe|1\n|faint|p2a: Goodra\n|\n|upkeep\n|\n|t:|1700455498\n|switch|p2a: Noivern|Noivern, M|100\/100\n|turn|12\n|\n|t:|1700455501\n|move|p2a: Noivern|Dragon Pulse|p1a: Barney\n|-supereffective|p1a: Barney\n|-damage|p1a: Barney|0 fnt\n|faint|p1a: Barney\n|\n|upkeep\n|\n|t:|1700455506\n|switch|p1a: KANTOOOOOOOOOOOOOO|Mewtwo|100\/100\n|-ability|p1a: KANTOOOOOOOOOOOOOO|Pressure\n|turn|13\n|\n|t:|1700455510\n|detailschange|p1a: KANTOOOOOOOOOOOOOO|Mewtwo-Mega-X\n|-mega|p1a: KANTOOOOOOOOOOOOOO|Mewtwo|Mewtwonite X\n|move|p1a: KANTOOOOOOOOOOOOOO|Ice Punch|p2a: Noivern\n|-supereffective|p2a: Noivern\n|-damage|p2a: Noivern|0 fnt\n|faint|p2a: Noivern\n|\n|win|momfr\n|raw|momfr's rating: 1184 &rarr; <strong>1212<\/strong><br \/>(+28 for winning)\n|raw|Pachimi's rating: 1227 &rarr; <strong>1199<\/strong><br \/>(-28 for losing)\n|l|\u2606Pachimi\n|l|\u2606momfr\n","uploadtime":1700455526,"views":3,"p1id":"momfr","p2id":"pachimi","formatid":"gen9nationaldexubers","rating":1199,"private":0,"password":""}