{"id":"gen9nationaldexubers-1991300073","p1":"700club","p2":"hugomanXx","format":"[Gen 9] National Dex Ubers","log":"|j|\u2606700club\n|j|\u2606hugomanXx\n|t:|1700065554\n|gametype|singles\n|player|p1|700club|shadowtriad|1285\n|player|p2|hugomanXx|youngster-gen4dp|1183\n|teamsize|p1|6\n|teamsize|p2|6\n|gen|9\n|tier|[Gen 9] National Dex Ubers\n|rated|\n|rule|HP Percentage Mod: HP is shown in percentages\n|rule|Endless Battle Clause: Forcing endless battles is banned\n|rule|OHKO Clause: OHKO moves are banned\n|rule|Evasion Moves Clause: Evasion moves are banned\n|rule|Evasion Items Clause: Evasion items are banned\n|rule|Species Clause: Limit one of each Pok\u00e9mon\n|rule|Sleep Clause Mod: Limit one foe put to sleep\n|rule|Mega Rayquaza Clause: You cannot mega evolve Rayquaza\n|clearpoke\n|poke|p1|Ogerpon-Hearthflame, F|\n|poke|p1|Ditto|\n|poke|p1|Deoxys-Speed|\n|poke|p1|Mewtwo|\n|poke|p1|Necrozma-Dusk-Mane|\n|poke|p1|Skeledirge, M|\n|poke|p2|Dugtrio, F|\n|poke|p2|Buzzwole|\n|poke|p2|Lugia|\n|poke|p2|Quagsire, F|\n|poke|p2|Toxapex, M|\n|poke|p2|Blissey, F|\n|teampreview\n|c|\u2606700club|hi\n|\n|t:|1700065572\n|start\n|switch|p1a: Deoxys|Deoxys-Speed|100\/100\n|switch|p2a: Lugia|Lugia|100\/100\n|-ability|p1a: Deoxys|Pressure\n|turn|1\n|\n|t:|1700065608\n|switch|p1a: Skeledirge|Skeledirge, M|100\/100\n|move|p2a: Lugia|Calm Mind|p2a: Lugia\n|-boost|p2a: Lugia|spa|1\n|-boost|p2a: Lugia|spd|1\n|\n|upkeep\n|turn|2\n|\n|t:|1700065620\n|move|p2a: Lugia|Earth Power|p1a: Skeledirge\n|-supereffective|p1a: Skeledirge\n|-damage|p1a: Skeledirge|62\/100\n|move|p1a: Skeledirge|Will-O-Wisp|p2a: Lugia\n|-status|p2a: Lugia|brn\n|\n|-damage|p2a: Lugia|94\/100 brn|[from] brn\n|upkeep\n|turn|3\n|\n|t:|1700065641\n|move|p2a: Lugia|Calm Mind|p2a: Lugia\n|-boost|p2a: Lugia|spa|1\n|-boost|p2a: Lugia|spd|1\n|move|p1a: Skeledirge|Slack Off|p1a: Skeledirge\n|-heal|p1a: Skeledirge|100\/100\n|\n|-damage|p2a: Lugia|88\/100 brn|[from] brn\n|upkeep\n|turn|4\n|\n|t:|1700065662\n|move|p2a: Lugia|Earth Power|p1a: Skeledirge\n|-supereffective|p1a: Skeledirge\n|-damage|p1a: Skeledirge|64\/100\n|move|p1a: Skeledirge|Hex|p2a: Lugia\n|-supereffective|p2a: Lugia\n|-damage|p2a: Lugia|23\/100 brn\n|-enditem|p2a: Lugia|Weakness Policy\n|-boost|p2a: Lugia|atk|2|[from] item: Weakness Policy\n|-boost|p2a: Lugia|spa|2|[from] item: Weakness Policy\n|\n|-damage|p2a: Lugia|17\/100 brn|[from] brn\n|upkeep\n|turn|5\n|\n|t:|1700065678\n|move|p2a: Lugia|Psycho Boost|p1a: Skeledirge\n|-damage|p1a: Skeledirge|26\/100\n|-unboost|p2a: Lugia|spa|2\n|move|p1a: Skeledirge|Hex|p2a: Lugia\n|-supereffective|p2a: Lugia\n|-damage|p2a: Lugia|0 fnt\n|faint|p2a: Lugia\n|\n|upkeep\n|\n|t:|1700065688\n|switch|p2a: Toxapex|Toxapex, M|100\/100\n|turn|6\n|\n|t:|1700065705\n|switch|p1a: Mewtwo|Mewtwo|100\/100\n|-ability|p1a: Mewtwo|Unnerve\n|move|p2a: Toxapex|Liquidation|p1a: Mewtwo\n|-damage|p1a: Mewtwo|59\/100\n|-damage|p2a: Toxapex|91\/100|[from] item: Life Orb\n|\n|upkeep\n|turn|7\n|\n|t:|1700065730\n|detailschange|p1a: Mewtwo|Mewtwo-Mega-Y\n|-mega|p1a: Mewtwo|Mewtwo|Mewtwonite Y\n|move|p2a: Toxapex|Baneful Bunker|p2a: Toxapex\n|-singleturn|p2a: Toxapex|move: Protect\n|move|p1a: Mewtwo|Psystrike|p2a: Toxapex\n|-activate|p2a: Toxapex|move: Protect\n|\n|upkeep\n|turn|8\n|\n|t:|1700065738\n|switch|p2a: Quagsire|Quagsire, F|100\/100\n|move|p1a: Mewtwo|Psystrike|p2a: Quagsire\n|-crit|p2a: Quagsire\n|-damage|p2a: Quagsire|0 fnt\n|faint|p2a: Quagsire\n|\n|upkeep\n|\n|t:|1700065743\n|switch|p2a: Buzzwole|Buzzwole|100\/100\n|turn|9\n|\n|t:|1700065760\n|-terastallize|p2a: Buzzwole|Dark\n|move|p1a: Mewtwo|Psystrike|p2a: Buzzwole\n|-immune|p2a: Buzzwole\n|move|p2a: Buzzwole|Dual Wingbeat|p1a: Mewtwo\n|-damage|p1a: Mewtwo|39\/100\n|-damage|p1a: Mewtwo|21\/100\n|-hitcount|p1a: Mewtwo|2\n|\n|upkeep\n|turn|10\n|\n|t:|1700065773\n|move|p1a: Mewtwo|Ice Beam|p2a: Buzzwole\n|-damage|p2a: Buzzwole|35\/100\n|-status|p2a: Buzzwole|frz\n|cant|p2a: Buzzwole|frz\n|\n|upkeep\n|turn|11\n|\n|t:|1700065789\n|move|p1a: Mewtwo|Nasty Plot|p1a: Mewtwo\n|-boost|p1a: Mewtwo|spa|2\n|cant|p2a: Buzzwole|frz\n|\n|upkeep\n|turn|12\n|\n|t:|1700065794\n|move|p1a: Mewtwo|Ice Beam|p2a: Buzzwole\n|-damage|p2a: Buzzwole|0 fnt\n|faint|p2a: Buzzwole\n|\n|upkeep\n|\n|t:|1700065798\n|switch|p2a: Blissey|Blissey, F|100\/100\n|turn|13\n|\n|t:|1700065804\n|move|p1a: Mewtwo|Psystrike|p2a: Blissey\n|-damage|p2a: Blissey|0 fnt\n|faint|p2a: Blissey\n|\n|upkeep\n|\n|t:|1700065806\n|switch|p2a: Dugtrio|Dugtrio, F|100\/100\n|turn|14\n|\n|t:|1700065823\n|move|p2a: Dugtrio|Sucker Punch|p1a: Mewtwo\n|-supereffective|p1a: Mewtwo\n|-damage|p1a: Mewtwo|0 fnt\n|faint|p1a: Mewtwo\n|\n|upkeep\n|\n|t:|1700065835\n|switch|p1a: Ogerpon|Ogerpon-Hearthflame, F|100\/100\n|-ability|p1a: Ogerpon|Mold Breaker\n|turn|15\n|\n|t:|1700065845\n|move|p2a: Dugtrio|Earthquake|p1a: Ogerpon\n|-damage|p1a: Ogerpon|56\/100\n|move|p1a: Ogerpon|Substitute|p1a: Ogerpon\n|-start|p1a: Ogerpon|Substitute\n|-damage|p1a: Ogerpon|31\/100\n|\n|upkeep\n|turn|16\n|\n|t:|1700065861\n|-terastallize|p1a: Ogerpon|Fire\n|detailschange|p1a: Ogerpon|Ogerpon-Hearthflame-Tera, F, tera:Fire\n|-ability|p1a: Ogerpon|Embody Aspect (Hearthflame)|boost\n|-boost|p1a: Ogerpon|atk|1\n|move|p2a: Dugtrio|Earthquake|p1a: Ogerpon\n|-supereffective|p1a: Ogerpon\n|-end|p1a: Ogerpon|Substitute\n|move|p1a: Ogerpon|Ivy Cudgel|p2a: Dugtrio|[anim] Ivy Cudgel Fire\n|-enditem|p2a: Dugtrio|Focus Sash\n|-damage|p2a: Dugtrio|1\/100\n|\n|upkeep\n|turn|17\n|\n|t:|1700065874\n|move|p2a: Dugtrio|Reversal|p1a: Ogerpon\n|-damage|p1a: Ogerpon|0 fnt\n|faint|p1a: Ogerpon\n|\n|upkeep\n|\n|t:|1700065901\n|switch|p1a: Deoxys|Deoxys-Speed|100\/100\n|-ability|p1a: Deoxys|Pressure\n|turn|18\n|\n|t:|1700065911\n|move|p2a: Dugtrio|Sucker Punch||[still]\n|-fail|p2a: Dugtrio\n|move|p1a: Deoxys|Taunt|p2a: Dugtrio\n|-start|p2a: Dugtrio|move: Taunt\n|\n|upkeep\n|turn|19\n|\n|t:|1700065919\n|move|p2a: Dugtrio|Sucker Punch||[still]\n|-fail|p2a: Dugtrio\n|move|p1a: Deoxys|Reflect|p1a: Deoxys\n|-sidestart|p1: 700club|Reflect\n|\n|upkeep\n|turn|20\n|\n|t:|1700065926\n|move|p1a: Deoxys|Light Screen|p1a: Deoxys\n|-sidestart|p1: 700club|move: Light Screen\n|move|p2a: Dugtrio|Reversal|p1a: Deoxys\n|-resisted|p1a: Deoxys\n|-damage|p1a: Deoxys|83\/100\n|\n|upkeep\n|turn|21\n|\n|t:|1700065939\n|move|p2a: Dugtrio|Sucker Punch||[still]\n|-fail|p2a: Dugtrio\n|move|p1a: Deoxys|Stealth Rock|p2a: Dugtrio\n|-sidestart|p2: hugomanXx|move: Stealth Rock\n|\n|-end|p2a: Dugtrio|move: Taunt\n|upkeep\n|turn|22\n|\n|t:|1700065945\n|move|p1a: Deoxys|Taunt|p2a: Dugtrio\n|-start|p2a: Dugtrio|move: Taunt\n|move|p2a: Dugtrio|Earthquake|p1a: Deoxys\n|-damage|p1a: Deoxys|58\/100\n|\n|upkeep\n|turn|23\n|\n|t:|1700065967\n|move|p1a: Deoxys|Stealth Rock||[still]\n|-fail|p1a: Deoxys\n|move|p2a: Dugtrio|Earthquake|p1a: Deoxys\n|-damage|p1a: Deoxys|31\/100\n|\n|-sideend|p1: 700club|Reflect\n|upkeep\n|turn|24\n|\n|t:|1700065974\n|move|p1a: Deoxys|Reflect|p1a: Deoxys\n|-sidestart|p1: 700club|Reflect\n|move|p2a: Dugtrio|Earthquake|p1a: Deoxys\n|-damage|p1a: Deoxys|3\/100\n|\n|-end|p2a: Dugtrio|move: Taunt\n|-sideend|p1: 700club|move: Light Screen\n|upkeep\n|turn|25\n|\n|t:|1700065982\n|move|p1a: Deoxys|Light Screen|p1a: Deoxys\n|-sidestart|p1: 700club|move: Light Screen\n|move|p2a: Dugtrio|Stealth Rock|p1a: Deoxys\n|-sidestart|p1: 700club|move: Stealth Rock\n|\n|upkeep\n|turn|26\n|\n|t:|1700065993\n|move|p1a: Deoxys|Taunt|p2a: Dugtrio\n|-start|p2a: Dugtrio|move: Taunt\n|cant|p2a: Dugtrio|move: Taunt|Stealth Rock\n|\n|upkeep\n|turn|27\n|\n|t:|1700066012\n|move|p1a: Deoxys|Stealth Rock||[still]\n|-fail|p1a: Deoxys\n|move|p2a: Dugtrio|Reversal|p1a: Deoxys\n|-resisted|p1a: Deoxys\n|-damage|p1a: Deoxys|0 fnt\n|faint|p1a: Deoxys\n|\n|upkeep\n|\n|t:|1700066020\n|switch|p1a: Necrozma|Necrozma-Dusk-Mane|100\/100\n|-damage|p1a: Necrozma|95\/100|[from] Stealth Rock\n|turn|28\n|\n|t:|1700066040\n|detailschange|p1a: Necrozma|Necrozma-Ultra\n|-burst|p1a: Necrozma|Necrozma|Ultranecrozium Z\n|move|p2a: Dugtrio|Reversal|p1a: Necrozma\n|-resisted|p1a: Necrozma\n|-damage|p1a: Necrozma|80\/100\n|move|p1a: Necrozma|Dragon Dance|p1a: Necrozma\n|-boost|p1a: Necrozma|atk|1\n|-boost|p1a: Necrozma|spe|1\n|\n|-end|p2a: Dugtrio|move: Taunt\n|-sideend|p1: 700club|Reflect\n|upkeep\n|turn|29\n|\n|t:|1700066055\n|move|p2a: Dugtrio|Sucker Punch|p1a: Necrozma\n|-supereffective|p1a: Necrozma\n|-damage|p1a: Necrozma|34\/100\n|move|p1a: Necrozma|Photon Geyser|p2a: Dugtrio\n|-damage|p2a: Dugtrio|0 fnt\n|faint|p2a: Dugtrio\n|\n|-sideend|p1: 700club|move: Light Screen\n|upkeep\n|\n|t:|1700066067\n|switch|p2a: Toxapex|Toxapex, M|91\/100\n|-damage|p2a: Toxapex|78\/100|[from] Stealth Rock\n|turn|30\n|\n|t:|1700066071\n|-zpower|p1a: Necrozma\n|move|p1a: Necrozma|Light That Burns the Sky|p2a: Toxapex|[zeffect]\n|-supereffective|p2a: Toxapex\n|-damage|p2a: Toxapex|0 fnt\n|faint|p2a: Toxapex\n|\n|win|700club\n|raw|700club's rating: 1285 &rarr; <strong>1303<\/strong><br \/>(+18 for winning)\n|raw|hugomanXx's rating: 1183 &rarr; <strong>1165<\/strong><br \/>(-18 for losing)\n|l|\u2606hugomanXx\n|c|\u2606700club|gg\n","uploadtime":1700066085,"views":10,"p1id":"700club","p2id":"hugomanxx","formatid":"gen9nationaldexubers","rating":1165,"private":0,"password":""}