{"id":"gen9nationaldexubers-1985820775","p1":"Zanty-Chan","p2":"DracoAxel","format":"[Gen 9] National Dex Ubers","log":"|j|\u2606Zanty-Chan\n|j|\u2606DracoAxel\n|t:|1699409730\n|gametype|singles\n|player|p1|Zanty-Chan|red|\n|player|p2|DracoAxel|nate|\n|teamsize|p1|6\n|teamsize|p2|6\n|gen|9\n|tier|[Gen 9] National Dex Ubers\n|rule|HP Percentage Mod: HP is shown in percentages\n|rule|Endless Battle Clause: Forcing endless battles is banned\n|rule|OHKO Clause: OHKO moves are banned\n|rule|Evasion Moves Clause: Evasion moves are banned\n|rule|Evasion Items Clause: Evasion items are banned\n|rule|Species Clause: Limit one of each Pok\u00e9mon\n|rule|Sleep Clause Mod: Limit one foe put to sleep\n|rule|Mega Rayquaza Clause: You cannot mega evolve Rayquaza\n|clearpoke\n|poke|p1|Chansey, F|\n|poke|p1|Dondozo, M|\n|poke|p1|Porygon-Z|\n|poke|p1|Chandelure, F|\n|poke|p1|Blastoise, F|\n|poke|p1|Scizor, M|\n|poke|p2|Torkoal, M|\n|poke|p2|Blaziken, M|\n|poke|p2|Skeledirge, M|\n|poke|p2|Cinderace, M|\n|poke|p2|Venusaur, F|\n|poke|p2|Volcarona, F|\n|teampreview\n|inactive|Battle timer is ON: inactive players will automatically lose when time's up. (requested by Zanty-Chan)\n|\n|t:|1699409761\n|start\n|switch|p1a: Chandelure|Chandelure, F|100\/100\n|switch|p2a: Turbofollada|Blaziken, M|100\/100\n|turn|1\n|\n|t:|1699409770\n|detailschange|p2a: Turbofollada|Blaziken-Mega, M\n|-mega|p2a: Turbofollada|Blaziken|Blazikenite\n|move|p2a: Turbofollada|Protect|p2a: Turbofollada\n|-singleturn|p2a: Turbofollada|Protect\n|move|p1a: Chandelure|Shadow Ball|p2a: Turbofollada\n|-activate|p2a: Turbofollada|move: Protect\n|\n|-ability|p2a: Turbofollada|Speed Boost|boost\n|-boost|p2a: Turbofollada|spe|1\n|upkeep\n|turn|2\n|\n|t:|1699409777\n|move|p2a: Turbofollada|Swords Dance|p2a: Turbofollada\n|-boost|p2a: Turbofollada|atk|2\n|move|p1a: Chandelure|Shadow Ball|p2a: Turbofollada\n|-damage|p2a: Turbofollada|44\/100\n|\n|-ability|p2a: Turbofollada|Speed Boost|boost\n|-boost|p2a: Turbofollada|spe|1\n|upkeep\n|turn|3\n|\n|t:|1699409789\n|switch|p1a: Dondozo|Dondozo, M|100\/100\n|move|p2a: Turbofollada|Thunder Punch|p1a: Dondozo\n|-supereffective|p1a: Dondozo\n|-damage|p1a: Dondozo|70\/100\n|-status|p1a: Dondozo|par\n|\n|-heal|p1a: Dondozo|76\/100 par|[from] item: Leftovers\n|-ability|p2a: Turbofollada|Speed Boost|boost\n|-boost|p2a: Turbofollada|spe|1\n|upkeep\n|turn|4\n|\n|t:|1699409800\n|move|p2a: Turbofollada|Protect|p2a: Turbofollada\n|-singleturn|p2a: Turbofollada|Protect\n|move|p1a: Dondozo|Liquidation|p2a: Turbofollada\n|-activate|p2a: Turbofollada|move: Protect\n|\n|-heal|p1a: Dondozo|82\/100 par|[from] item: Leftovers\n|-ability|p2a: Turbofollada|Speed Boost|boost\n|-boost|p2a: Turbofollada|spe|1\n|upkeep\n|turn|5\n|\n|t:|1699409808\n|move|p2a: Turbofollada|Close Combat|p1a: Dondozo\n|-damage|p1a: Dondozo|44\/100 par\n|-unboost|p2a: Turbofollada|def|1\n|-unboost|p2a: Turbofollada|spd|1\n|cant|p1a: Dondozo|par\n|\n|-heal|p1a: Dondozo|50\/100 par|[from] item: Leftovers\n|-ability|p2a: Turbofollada|Speed Boost|boost\n|-boost|p2a: Turbofollada|spe|1\n|upkeep\n|turn|6\n|\n|t:|1699409818\n|move|p2a: Turbofollada|Thunder Punch|p1a: Dondozo\n|-supereffective|p1a: Dondozo\n|-damage|p1a: Dondozo|15\/100 par\n|move|p1a: Dondozo|Rest|p1a: Dondozo\n|-status|p1a: Dondozo|slp|[from] move: Rest\n|-heal|p1a: Dondozo|100\/100 slp|[silent]\n|\n|-ability|p2a: Turbofollada|Speed Boost|boost\n|-boost|p2a: Turbofollada|spe|1\n|upkeep\n|turn|7\n|\n|t:|1699409828\n|switch|p2a: Mariposo|Volcarona, F|100\/100\n|cant|p1a: Dondozo|slp\n|\n|upkeep\n|turn|8\n|\n|t:|1699409834\n|switch|p1a: Chansey|Chansey, F|100\/100\n|move|p2a: Mariposo|Quiver Dance|p2a: Mariposo\n|-boost|p2a: Mariposo|spa|1\n|-boost|p2a: Mariposo|spd|1\n|-boost|p2a: Mariposo|spe|1\n|\n|upkeep\n|turn|9\n|j| s.daninja\n|\n|t:|1699409859\n|move|p2a: Mariposo|Quiver Dance|p2a: Mariposo\n|-boost|p2a: Mariposo|spa|1\n|-boost|p2a: Mariposo|spd|1\n|-boost|p2a: Mariposo|spe|1\n|move|p1a: Chansey|Toxic|p2a: Mariposo\n|-status|p2a: Mariposo|tox\n|\n|-damage|p2a: Mariposo|94\/100 tox|[from] psn\n|upkeep\n|turn|10\n|\n|t:|1699409869\n|move|p2a: Mariposo|Fiery Dance|p1a: Chansey\n|-damage|p1a: Chansey|74\/100\n|move|p1a: Chansey|Seismic Toss|p2a: Mariposo\n|-damage|p2a: Mariposo|62\/100 tox\n|\n|-damage|p2a: Mariposo|50\/100 tox|[from] psn\n|upkeep\n|turn|11\n|\n|t:|1699409885\n|move|p2a: Mariposo|Fiery Dance|p1a: Chansey\n|-damage|p1a: Chansey|49\/100\n|move|p1a: Chansey|Soft-Boiled|p1a: Chansey\n|-heal|p1a: Chansey|99\/100\n|\n|-damage|p2a: Mariposo|32\/100 tox|[from] psn\n|upkeep\n|turn|12\n|\n|t:|1699409899\n|move|p2a: Mariposo|Fiery Dance|p1a: Chansey\n|-damage|p1a: Chansey|75\/100\n|-boost|p2a: Mariposo|spa|1\n|move|p1a: Chansey|Seismic Toss|p2a: Mariposo\n|-damage|p2a: Mariposo|0 fnt\n|faint|p2a: Mariposo\n|\n|upkeep\n|\n|t:|1699409906\n|switch|p2a: Turbofollada|Blaziken-Mega, M|44\/100\n|turn|13\n|\n|t:|1699409935\n|-terastallize|p1a: Chansey|Ghost\n|move|p2a: Turbofollada|Protect|p2a: Turbofollada\n|-singleturn|p2a: Turbofollada|Protect\n|move|p1a: Chansey|Soft-Boiled|p1a: Chansey\n|-heal|p1a: Chansey|100\/100\n|\n|-ability|p2a: Turbofollada|Speed Boost|boost\n|-boost|p2a: Turbofollada|spe|1\n|upkeep\n|turn|14\n|\n|t:|1699409948\n|move|p2a: Turbofollada|Thunder Punch|p1a: Chansey\n|-damage|p1a: Chansey|78\/100\n|move|p1a: Chansey|Counter|p2a: Turbofollada\n|-damage|p2a: Turbofollada|0 fnt\n|faint|p2a: Turbofollada\n|\n|upkeep\n|\n|t:|1699409954\n|switch|p2a: Skelegod|Skeledirge, M|100\/100\n|turn|15\n|\n|t:|1699409958\n|move|p2a: Skelegod|Will-O-Wisp|p1a: Chansey\n|-status|p1a: Chansey|brn\n|move|p1a: Chansey|Toxic|p2a: Skelegod|[miss]\n|-miss|p1a: Chansey|p2a: Skelegod\n|\n|-damage|p1a: Chansey|72\/100 brn|[from] brn\n|upkeep\n|turn|16\n|\n|t:|1699409966\n|move|p2a: Skelegod|Torch Song|p1a: Chansey\n|-damage|p1a: Chansey|63\/100 brn\n|-boost|p2a: Skelegod|spa|1\n|move|p1a: Chansey|Toxic|p2a: Skelegod\n|-status|p2a: Skelegod|tox\n|\n|-damage|p2a: Skelegod|94\/100 tox|[from] psn\n|-damage|p1a: Chansey|57\/100 brn|[from] brn\n|upkeep\n|turn|17\n|\n|t:|1699409975\n|move|p2a: Skelegod|Torch Song|p1a: Chansey\n|-damage|p1a: Chansey|44\/100 brn\n|-boost|p2a: Skelegod|spa|1\n|move|p1a: Chansey|Soft-Boiled|p1a: Chansey\n|-heal|p1a: Chansey|94\/100 brn\n|\n|-heal|p2a: Skelegod|100\/100 tox|[from] item: Leftovers\n|-damage|p2a: Skelegod|88\/100 tox|[from] psn\n|-damage|p1a: Chansey|88\/100 brn|[from] brn\n|upkeep\n|turn|18\n|\n|t:|1699409987\n|-curestatus|p1a: Chansey|brn|[from] ability: Natural Cure\n|switch|p1a: Dondozo|Dondozo, M|100\/100 slp\n|move|p2a: Skelegod|Shadow Ball|p1a: Dondozo\n|-damage|p1a: Dondozo|74\/100 slp\n|\n|-heal|p2a: Skelegod|94\/100 tox|[from] item: Leftovers\n|-heal|p1a: Dondozo|80\/100 slp|[from] item: Leftovers\n|-damage|p2a: Skelegod|76\/100 tox|[from] psn\n|upkeep\n|turn|19\n|\n|t:|1699409998\n|move|p2a: Skelegod|Shadow Ball|p1a: Dondozo\n|-damage|p1a: Dondozo|50\/100 slp\n|cant|p1a: Dondozo|slp\n|\n|-heal|p2a: Skelegod|82\/100 tox|[from] item: Leftovers\n|-heal|p1a: Dondozo|56\/100 slp|[from] item: Leftovers\n|-damage|p2a: Skelegod|58\/100 tox|[from] psn\n|upkeep\n|turn|20\n|\n|t:|1699410005\n|switch|p1a: Chansey|Chansey, F, tera:Ghost|88\/100\n|move|p2a: Skelegod|Torch Song|p1a: Chansey\n|-crit|p1a: Chansey\n|-damage|p1a: Chansey|62\/100\n|-boost|p2a: Skelegod|spa|1\n|\n|-heal|p2a: Skelegod|64\/100 tox|[from] item: Leftovers\n|-damage|p2a: Skelegod|34\/100 tox|[from] psn\n|upkeep\n|turn|21\n|\n|t:|1699410020\n|move|p2a: Skelegod|Slack Off|p2a: Skelegod\n|-heal|p2a: Skelegod|84\/100 tox\n|move|p1a: Chansey|Soft-Boiled|p1a: Chansey\n|-heal|p1a: Chansey|100\/100\n|\n|-heal|p2a: Skelegod|90\/100 tox|[from] item: Leftovers\n|-damage|p2a: Skelegod|53\/100 tox|[from] psn\n|upkeep\n|turn|22\n|inactive|Zanty-Chan has 270 seconds left.\n|\n|t:|1699410053\n|switch|p1a: Dondozo|Dondozo, M|56\/100 slp\n|move|p2a: Skelegod|Shadow Ball|p1a: Dondozo\n|-damage|p1a: Dondozo|28\/100 slp\n|\n|-heal|p2a: Skelegod|59\/100 tox|[from] item: Leftovers\n|-heal|p1a: Dondozo|34\/100 slp|[from] item: Leftovers\n|-damage|p2a: Skelegod|17\/100 tox|[from] psn\n|upkeep\n|turn|23\n|\n|t:|1699410062\n|move|p2a: Skelegod|Shadow Ball|p1a: Dondozo\n|-crit|p1a: Dondozo\n|-damage|p1a: Dondozo|0 fnt\n|faint|p1a: Dondozo\n|\n|-heal|p2a: Skelegod|23\/100 tox|[from] item: Leftovers\n|-damage|p2a: Skelegod|0 fnt|[from] psn\n|faint|p2a: Skelegod\n|upkeep\n|inactive|Zanty-Chan has 270 seconds left.\n|\n|t:|1699410082\n|switch|p2a: El solecito|Torkoal, M|100\/100\n|switch|p1a: Porygon-Z|Porygon-Z|100\/100\n|-weather|SunnyDay|[from] ability: Drought|[of] p2a: El solecito\n|turn|24\n|inactive|Zanty-Chan has 270 seconds left.\n|\n|t:|1699410099\n|-zpower|p1a: Porygon-Z\n|move|p1a: Porygon-Z|Z-Conversion|p1a: Porygon-Z|[anim]Conversion\n|-boost|p1a: Porygon-Z|atk|1|[zeffect]\n|-boost|p1a: Porygon-Z|def|1|[zeffect]\n|-boost|p1a: Porygon-Z|spa|1|[zeffect]\n|-boost|p1a: Porygon-Z|spd|1|[zeffect]\n|-boost|p1a: Porygon-Z|spe|1|[zeffect]\n|-start|p1a: Porygon-Z|typechange|Ghost\n|move|p2a: El solecito|Overheat|p1a: Porygon-Z|[miss]\n|-miss|p2a: El solecito|p1a: Porygon-Z\n|\n|-weather|SunnyDay|[upkeep]\n|upkeep\n|turn|25\n|c| s.daninja|Tmr\n|\n|t:|1699410121\n|move|p1a: Porygon-Z|Hidden Power|p2a: El solecito\n|-supereffective|p2a: El solecito\n|-damage|p2a: El solecito|33\/100\n|move|p2a: El solecito|Overheat|p1a: Porygon-Z|[miss]\n|-miss|p2a: El solecito|p1a: Porygon-Z\n|\n|-weather|SunnyDay|[upkeep]\n|upkeep\n|turn|26\n|c| s.daninja|Es neta?\n|\n|t:|1699410136\n|switch|p2a: Mariwano|Venusaur, F|100\/100\n|move|p1a: Porygon-Z|Shadow Ball|p2a: Mariwano\n|-crit|p2a: Mariwano\n|-damage|p2a: Mariwano|0 fnt\n|faint|p2a: Mariwano\n|\n|-weather|SunnyDay|[upkeep]\n|upkeep\n|c| s.daninja|Peprpe\n|\n|t:|1699410146\n|switch|p2a: Messi.siuuuu|Cinderace, M|100\/100\n|turn|27\n|\n|t:|1699410158\n|move|p1a: Porygon-Z|Hidden Power|p2a: Messi.siuuuu\n|-supereffective|p2a: Messi.siuuuu\n|-damage|p2a: Messi.siuuuu|0 fnt\n|faint|p2a: Messi.siuuuu\n|\n|-weather|SunnyDay|[upkeep]\n|upkeep\n|\n|t:|1699410168\n|switch|p2a: El solecito|Torkoal, M|33\/100\n|turn|28\n|\n|t:|1699410173\n|move|p1a: Porygon-Z|Hidden Power|p2a: El solecito\n|-supereffective|p2a: El solecito\n|-damage|p2a: El solecito|0 fnt\n|faint|p2a: El solecito\n|\n|win|Zanty-Chan\n|c|\u2606DracoAxel|Jugu\u00e9 de la brga\n","uploadtime":1699410192,"views":5,"p1id":"zantychan","p2id":"dracoaxel","formatid":"gen9nationaldexubers","rating":0,"private":0,"password":""}