{"id":"gen9nationaldexubers-1985223698","p1":"hebchenle1","p2":"Obito 2001","format":"[Gen 9] National Dex Ubers","log":"|j|\u2606hebchenle1\n|j|\u2606Obito 2001\n|t:|1699351400\n|gametype|singles\n|player|p1|hebchenle1|fantina|1590\n|player|p2|Obito 2001|blue-gen3two|1894\n|teamsize|p1|6\n|teamsize|p2|6\n|gen|9\n|tier|[Gen 9] National Dex Ubers\n|rated|\n|rule|HP Percentage Mod: HP is shown in percentages\n|rule|Endless Battle Clause: Forcing endless battles is banned\n|rule|OHKO Clause: OHKO moves are banned\n|rule|Evasion Moves Clause: Evasion moves are banned\n|rule|Evasion Items Clause: Evasion items are banned\n|rule|Species Clause: Limit one of each Pok\u00e9mon\n|rule|Sleep Clause Mod: Limit one foe put to sleep\n|rule|Mega Rayquaza Clause: You cannot mega evolve Rayquaza\n|clearpoke\n|poke|p1|Ditto|\n|poke|p1|Ferrothorn, M|\n|poke|p1|Marshadow|\n|poke|p1|Xerneas-*|\n|poke|p1|Ho-Oh|\n|poke|p1|Kyogre|\n|poke|p2|Arceus-Dark|\n|poke|p2|Dondozo, M|\n|poke|p2|Magearna|\n|poke|p2|Ditto|\n|poke|p2|Zygarde|\n|poke|p2|Necrozma-Dusk-Mane|\n|teampreview\n|inactive|Battle timer is ON: inactive players will automatically lose when time's up. (requested by Obito 2001)\n|inactive|Obito 2001 has 120 seconds left.\n|\n|t:|1699351438\n|start\n|switch|p1a: Kyogre|Kyogre|100\/100\n|switch|p2a: Necrozma|Necrozma-Dusk-Mane|100\/100\n|detailschange|p1a: Kyogre|Kyogre-Primal\n|-primal|p1a: Kyogre|Blue Orb\n|-weather|PrimordialSea|[from] ability: Primordial Sea|[of] p1a: Kyogre\n|turn|1\n|\n|t:|1699351455\n|detailschange|p2a: Necrozma|Necrozma-Ultra\n|-burst|p2a: Necrozma|Necrozma|Ultranecrozium Z\n|move|p2a: Necrozma|Photon Geyser|p1a: Kyogre\n|-damage|p1a: Kyogre|59\/100\n|move|p1a: Kyogre|Water Spout|p2a: Necrozma\n|-resisted|p2a: Necrozma\n|-damage|p2a: Necrozma|52\/100\n|\n|-weather|PrimordialSea|[upkeep]\n|upkeep\n|turn|2\n|\n|t:|1699351471\n|-zpower|p2a: Necrozma\n|move|p2a: Necrozma|Light That Burns the Sky|p1a: Kyogre|[zeffect]\n|-damage|p1a: Kyogre|0 fnt\n|faint|p1a: Kyogre\n|-weather|none\n|\n|upkeep\n|\n|t:|1699351490\n|switch|p1a: Ditto|Ditto|100\/100\n|-transform|p1a: Ditto|p2a: Necrozma|[from] ability: Imposter\n|turn|3\n|\n|t:|1699351498\n|switch|p2a: Arceus|Arceus-Dark|100\/100\n|move|p1a: Ditto|Dragon Pulse|p2a: Arceus\n|-damage|p2a: Arceus|66\/100\n|\n|upkeep\n|turn|4\n|\n|t:|1699351504\n|switch|p1a: Ho-Oh|Ho-Oh|100\/100\n|move|p2a: Arceus|Recover|p2a: Arceus\n|-heal|p2a: Arceus|100\/100\n|\n|upkeep\n|turn|5\n|\n|t:|1699351507\n|move|p2a: Arceus|Toxic|p1a: Ho-Oh|[miss]\n|-miss|p2a: Arceus|p1a: Ho-Oh\n|move|p1a: Ho-Oh|Toxic|p2a: Arceus\n|-status|p2a: Arceus|tox\n|\n|-damage|p2a: Arceus|94\/100 tox|[from] psn\n|upkeep\n|turn|6\n|\n|t:|1699351513\n|switch|p2a: Dondozo|Dondozo, M|100\/100\n|switch|p1a: Ferrothorn|Ferrothorn, M|100\/100\n|\n|upkeep\n|turn|7\n|\n|t:|1699351516\n|switch|p2a: Magearna|Magearna|100\/100\n|move|p1a: Ferrothorn|Stealth Rock|p2a: Magearna\n|-sidestart|p2: Obito 2001|move: Stealth Rock\n|\n|upkeep\n|turn|8\n|\n|t:|1699351519\n|switch|p1a: Ho-Oh|Ho-Oh|100\/100\n|move|p2a: Magearna|Heal Bell|p2a: Magearna\n|-activate|p2a: Magearna|move: Heal Bell\n|-curestatus|p2: Arceus|tox|[msg]\n|\n|upkeep\n|turn|9\n|\n|t:|1699351522\n|switch|p2a: Dondozo|Dondozo, M|100\/100\n|-damage|p2a: Dondozo|88\/100|[from] Stealth Rock\n|move|p1a: Ho-Oh|Toxic|p2a: Dondozo\n|-status|p2a: Dondozo|tox\n|\n|-heal|p2a: Dondozo|94\/100 tox|[from] item: Leftovers\n|-damage|p2a: Dondozo|88\/100 tox|[from] psn\n|upkeep\n|turn|10\n|\n|t:|1699351525\n|switch|p1a: Ferrothorn|Ferrothorn, M|100\/100\n|move|p2a: Dondozo|Rest|p2a: Dondozo\n|-status|p2a: Dondozo|slp|[from] move: Rest\n|-heal|p2a: Dondozo|100\/100 slp|[silent]\n|\n|upkeep\n|turn|11\n|\n|t:|1699351528\n|switch|p2a: Arceus|Arceus-Dark|94\/100\n|-damage|p2a: Arceus|82\/100|[from] Stealth Rock\n|move|p1a: Ferrothorn|Spikes|p2a: Arceus\n|-sidestart|p2: Obito 2001|Spikes\n|\n|upkeep\n|turn|12\n|\n|t:|1699351530\n|move|p2a: Arceus|Taunt|p1a: Ferrothorn\n|-start|p1a: Ferrothorn|move: Taunt\n|move|p1a: Ferrothorn|Body Press|p2a: Arceus\n|-supereffective|p2a: Arceus\n|-damage|p2a: Arceus|42\/100\n|\n|upkeep\n|turn|13\n|\n|t:|1699351534\n|switch|p1a: Xerneas|Xerneas|100\/100\n|-ability|p1a: Xerneas|Fairy Aura\n|move|p2a: Arceus|Recover|p2a: Arceus\n|-heal|p2a: Arceus|92\/100\n|\n|upkeep\n|turn|14\n|\n|t:|1699351544\n|switch|p1a: Ho-Oh|Ho-Oh|100\/100\n|-terastallize|p2a: Arceus|Poison\n|move|p2a: Arceus|Toxic|p1a: Ho-Oh\n|-status|p1a: Ho-Oh|tox\n|\n|-damage|p1a: Ho-Oh|94\/100 tox|[from] psn\n|upkeep\n|turn|15\n|\n|t:|1699351558\n|switch|p2a: Ditto|Ditto, shiny|100\/100\n|-damage|p2a: Ditto|88\/100|[from] Stealth Rock\n|-damage|p2a: Ditto|76\/100|[from] Spikes\n|-transform|p2a: Ditto|p1a: Ho-Oh|[from] ability: Imposter\n|move|p1a: Ho-Oh|Sacred Fire|p2a: Ditto\n|-resisted|p2a: Ditto\n|-damage|p2a: Ditto|50\/100\n|\n|-damage|p1a: Ho-Oh|82\/100 tox|[from] psn\n|upkeep\n|turn|16\n|\n|t:|1699351563\n|move|p2a: Ditto|Defog|p1a: Ho-Oh\n|-unboost|p1a: Ho-Oh|evasion|1\n|-sideend|p2: Obito 2001|Spikes|[from] move: Defog|[of] p2a: Ditto\n|-sideend|p2: Obito 2001|Stealth Rock|[from] move: Defog|[of] p2a: Ditto\n|move|p1a: Ho-Oh|Toxic|p2a: Ditto\n|-status|p2a: Ditto|tox\n|\n|-damage|p2a: Ditto|44\/100 tox|[from] psn\n|-damage|p1a: Ho-Oh|64\/100 tox|[from] psn\n|upkeep\n|turn|17\n|\n|t:|1699351568\n|switch|p2a: Dondozo|Dondozo, M|100\/100 slp\n|switch|p1a: Xerneas|Xerneas|100\/100\n|-ability|p1a: Xerneas|Fairy Aura\n|\n|upkeep\n|turn|18\n|\n|t:|1699351579\n|switch|p1a: Ferrothorn|Ferrothorn, M|100\/100\n|switch|p2a: Arceus|Arceus-Dark, tera:Poison|92\/100\n|\n|upkeep\n|turn|19\n|\n|t:|1699351586\n|move|p2a: Arceus|Taunt|p1a: Ferrothorn\n|-start|p1a: Ferrothorn|move: Taunt\n|cant|p1a: Ferrothorn|move: Taunt|Stealth Rock\n|\n|upkeep\n|turn|20\n|\n|t:|1699351591\n|switch|p1a: Ho-Oh|Ho-Oh|98\/100 tox\n|move|p2a: Arceus|Toxic|p1a: Ho-Oh\n|-fail|p1a: Ho-Oh|tox\n|\n|-damage|p1a: Ho-Oh|92\/100 tox|[from] psn\n|upkeep\n|turn|21\n|\n|t:|1699351597\n|switch|p2a: Ditto|Ditto, shiny|77\/100 tox\n|-transform|p2a: Ditto|p1a: Ho-Oh|[from] ability: Imposter\n|move|p1a: Ho-Oh|Sacred Fire|p2a: Ditto\n|-resisted|p2a: Ditto\n|-damage|p2a: Ditto|51\/100 tox\n|\n|-damage|p2a: Ditto|45\/100 tox|[from] psn\n|-damage|p1a: Ho-Oh|80\/100 tox|[from] psn\n|upkeep\n|turn|22\n|\n|t:|1699351603\n|switch|p2a: Arceus|Arceus-Dark, tera:Poison|92\/100\n|move|p1a: Ho-Oh|Roost|p1a: Ho-Oh\n|-heal|p1a: Ho-Oh|100\/100 tox\n|-singleturn|p1a: Ho-Oh|move: Roost\n|\n|-damage|p1a: Ho-Oh|82\/100 tox|[from] psn\n|upkeep\n|turn|23\n|\n|t:|1699351609\n|switch|p2a: Ditto|Ditto, shiny|78\/100 tox\n|-transform|p2a: Ditto|p1a: Ho-Oh|[from] ability: Imposter\n|switch|p1a: Xerneas|Xerneas|100\/100\n|-ability|p1a: Xerneas|Fairy Aura\n|\n|-damage|p2a: Ditto|72\/100 tox|[from] psn\n|upkeep\n|turn|24\n|\n|t:|1699351623\n|switch|p1a: Ho-Oh|Ho-Oh|100\/100 tox\n|move|p2a: Ditto|Sacred Fire|p1a: Ho-Oh\n|-resisted|p1a: Ho-Oh\n|-damage|p1a: Ho-Oh|80\/100 tox\n|\n|-damage|p2a: Ditto|60\/100 tox|[from] psn\n|-damage|p1a: Ho-Oh|74\/100 tox|[from] psn\n|upkeep\n|turn|25\n|\n|t:|1699351628\n|switch|p2a: Dondozo|Dondozo, M|100\/100 slp\n|switch|p1a: Xerneas|Xerneas|100\/100\n|-ability|p1a: Xerneas|Fairy Aura\n|\n|upkeep\n|turn|26\n|\n|t:|1699351631\n|switch|p2a: Arceus|Arceus-Dark, tera:Poison|92\/100\n|move|p1a: Xerneas|Geomancy||[still]\n|-prepare|p1a: Xerneas|Geomancy\n|-enditem|p1a: Xerneas|Power Herb\n|-anim|p1a: Xerneas|Geomancy|p1a: Xerneas\n|-boost|p1a: Xerneas|spa|2\n|-boost|p1a: Xerneas|spd|2\n|-boost|p1a: Xerneas|spe|2\n|\n|upkeep\n|turn|27\n|\n|t:|1699351637\n|switch|p2a: Magearna|Magearna|100\/100\n|move|p1a: Xerneas|Substitute|p1a: Xerneas\n|-start|p1a: Xerneas|Substitute\n|-damage|p1a: Xerneas|76\/100\n|\n|upkeep\n|turn|28\n|\n|t:|1699351640\n|move|p1a: Xerneas|Thunderbolt|p2a: Magearna\n|-damage|p2a: Magearna|58\/100\n|move|p2a: Magearna|Heart Swap|p1a: Xerneas\n|-swapboost|p2a: Magearna|p1a: Xerneas|[from] move: Heart Swap\n|\n|upkeep\n|turn|29\n|\n|t:|1699351647\n|move|p2a: Magearna|Heal Bell|p2a: Magearna\n|-activate|p2a: Magearna|move: Heal Bell\n|-curestatus|p2: Dondozo|slp|[msg]\n|-curestatus|p2: Ditto|tox|[msg]\n|move|p1a: Xerneas|Thunderbolt|p2a: Magearna\n|-damage|p2a: Magearna|47\/100\n|\n|upkeep\n|turn|30\n|\n|t:|1699351650\n|move|p2a: Magearna|Fleur Cannon|p1a: Xerneas|[miss]\n|-miss|p2a: Magearna|p1a: Xerneas\n|move|p1a: Xerneas|Thunderbolt|p2a: Magearna\n|-damage|p2a: Magearna|36\/100\n|\n|upkeep\n|turn|31\n|\n|t:|1699351652\n|move|p2a: Magearna|Fleur Cannon|p1a: Xerneas\n|-end|p1a: Xerneas|Substitute\n|-unboost|p2a: Magearna|spa|2\n|move|p1a: Xerneas|Thunderbolt|p2a: Magearna\n|-damage|p2a: Magearna|26\/100\n|\n|upkeep\n|turn|32\n|\n|t:|1699351657\n|switch|p1a: Ho-Oh|Ho-Oh|100\/100 tox\n|move|p2a: Magearna|Pain Split|p1a: Ho-Oh\n|-sethp|p1a: Ho-Oh|61\/100 tox|[from] move: Pain Split|[silent]\n|-sethp|p2a: Magearna|70\/100|[from] move: Pain Split\n|\n|-damage|p1a: Ho-Oh|55\/100 tox|[from] psn\n|upkeep\n|turn|33\n|\n|t:|1699351666\n|switch|p2a: Arceus|Arceus-Dark, tera:Poison|92\/100\n|move|p1a: Ho-Oh|Sacred Fire|p2a: Arceus\n|-damage|p2a: Arceus|63\/100\n|-status|p2a: Arceus|brn\n|\n|-damage|p1a: Ho-Oh|43\/100 tox|[from] psn\n|-damage|p2a: Arceus|57\/100 brn|[from] brn\n|upkeep\n|turn|34\n|\n|t:|1699351671\n|move|p2a: Arceus|Recover|p2a: Arceus\n|-heal|p2a: Arceus|100\/100 brn\n|move|p1a: Ho-Oh|Roost|p1a: Ho-Oh\n|-heal|p1a: Ho-Oh|94\/100 tox\n|-singleturn|p1a: Ho-Oh|move: Roost\n|\n|-damage|p1a: Ho-Oh|75\/100 tox|[from] psn\n|-damage|p2a: Arceus|94\/100 brn|[from] brn\n|upkeep\n|turn|35\n|\n|t:|1699351675\n|switch|p1a: Ditto|Ditto|100\/100\n|-transform|p1a: Ditto|p2a: Arceus|[from] ability: Imposter\n|move|p2a: Arceus|Taunt|p1a: Ditto\n|-start|p1a: Ditto|move: Taunt\n|\n|-damage|p2a: Arceus|88\/100 brn|[from] brn\n|upkeep\n|turn|36\n|\n|t:|1699351679\n|switch|p1a: Ferrothorn|Ferrothorn, M|100\/100\n|switch|p2a: Magearna|Magearna|70\/100\n|\n|upkeep\n|turn|37\n|\n|t:|1699351684\n|move|p2a: Magearna|Heal Bell|p2a: Magearna\n|-activate|p2a: Magearna|move: Heal Bell\n|-curestatus|p2: Arceus|brn|[msg]\n|move|p1a: Ferrothorn|Stealth Rock|p2a: Magearna\n|-sidestart|p2: Obito 2001|move: Stealth Rock\n|\n|upkeep\n|turn|38\n|\n|t:|1699351690\n|switch|p2a: Arceus|Arceus-Dark, tera:Poison|88\/100\n|-damage|p2a: Arceus|76\/100|[from] Stealth Rock\n|move|p1a: Ferrothorn|Spikes|p2a: Arceus\n|-sidestart|p2: Obito 2001|Spikes\n|\n|upkeep\n|turn|39\n|\n|t:|1699351693\n|move|p2a: Arceus|Taunt|p1a: Ferrothorn\n|-start|p1a: Ferrothorn|move: Taunt\n|cant|p1a: Ferrothorn|move: Taunt|Spikes\n|\n|upkeep\n|turn|40\n|\n|t:|1699351698\n|switch|p1a: Xerneas|Xerneas|76\/100\n|-ability|p1a: Xerneas|Fairy Aura\n|move|p2a: Arceus|Foul Play|p1a: Xerneas\n|-resisted|p1a: Xerneas\n|-damage|p1a: Xerneas|59\/100\n|\n|upkeep\n|turn|41\n|\n|t:|1699351703\n|switch|p1a: Ho-Oh|Ho-Oh|100\/100 tox\n|move|p2a: Arceus|Toxic|p1a: Ho-Oh\n|-fail|p1a: Ho-Oh|tox\n|\n|-damage|p1a: Ho-Oh|94\/100 tox|[from] psn\n|upkeep\n|turn|42\n|\n|t:|1699351709\n|switch|p2a: Ditto|Ditto, shiny|93\/100\n|-damage|p2a: Ditto|81\/100|[from] Stealth Rock\n|-damage|p2a: Ditto|69\/100|[from] Spikes\n|-transform|p2a: Ditto|p1a: Ho-Oh|[from] ability: Imposter\n|switch|p1a: Marshadow|Marshadow|100\/100\n|\n|upkeep\n|turn|43\n|\n|t:|1699351713\n|switch|p2a: Dondozo|Dondozo, M|100\/100\n|-damage|p2a: Dondozo|88\/100|[from] Stealth Rock\n|-damage|p2a: Dondozo|75\/100|[from] Spikes\n|move|p1a: Marshadow|Rock Tomb|p2a: Dondozo\n|-damage|p2a: Dondozo|63\/100\n|-unboost|p2a: Dondozo|spe|1\n|\n|-heal|p2a: Dondozo|69\/100|[from] item: Leftovers\n|upkeep\n|turn|44\n|\n|t:|1699351717\n|switch|p1a: Ferrothorn|Ferrothorn, M|100\/100\n|move|p2a: Dondozo|Rest|p2a: Dondozo\n|-status|p2a: Dondozo|slp|[from] move: Rest\n|-heal|p2a: Dondozo|100\/100 slp|[silent]\n|\n|upkeep\n|turn|45\n|\n|t:|1699351721\n|switch|p2a: Ditto|Ditto, shiny|100\/100\n|-damage|p2a: Ditto|88\/100|[from] Stealth Rock\n|-damage|p2a: Ditto|76\/100|[from] Spikes\n|-transform|p2a: Ditto|p1a: Ferrothorn|[from] ability: Imposter\n|move|p1a: Ferrothorn|Spikes|p2a: Ditto\n|-sidestart|p2: Obito 2001|Spikes\n|\n|upkeep\n|turn|46\n|\n|t:|1699351723\n|move|p2a: Ditto|Stealth Rock|p1a: Ferrothorn\n|-sidestart|p1: hebchenle1|move: Stealth Rock\n|move|p1a: Ferrothorn|Body Press|p2a: Ditto\n|-supereffective|p2a: Ditto\n|-crit|p2a: Ditto\n|-damage|p2a: Ditto|17\/100\n|-damage|p1a: Ferrothorn|88\/100|[from] ability: Iron Barbs|[of] p2a: Ditto\n|\n|upkeep\n|turn|47\n|\n|t:|1699351730\n|switch|p2a: Arceus|Arceus-Dark, tera:Poison|76\/100\n|-damage|p2a: Arceus|64\/100|[from] Stealth Rock\n|-damage|p2a: Arceus|47\/100|[from] Spikes\n|move|p1a: Ferrothorn|Spikes|p2a: Arceus\n|-sidestart|p2: Obito 2001|Spikes\n|\n|upkeep\n|turn|48\n|\n|t:|1699351733\n|switch|p1a: Ho-Oh|Ho-Oh|100\/100 tox\n|move|p2a: Arceus|Recover|p2a: Arceus\n|-heal|p2a: Arceus|97\/100\n|\n|-damage|p1a: Ho-Oh|94\/100 tox|[from] psn\n|upkeep\n|turn|49\n|\n|t:|1699351742\n|move|p2a: Arceus|Foul Play|p1a: Ho-Oh\n|-damage|p1a: Ho-Oh|53\/100 tox\n|move|p1a: Ho-Oh|Sacred Fire|p2a: Arceus\n|-damage|p2a: Arceus|69\/100\n|-status|p2a: Arceus|brn\n|\n|-damage|p1a: Ho-Oh|41\/100 tox|[from] psn\n|-damage|p2a: Arceus|62\/100 brn|[from] brn\n|upkeep\n|turn|50\n|\n|t:|1699351748\n|move|p2a: Arceus|Recover|p2a: Arceus\n|-heal|p2a: Arceus|100\/100 brn\n|move|p1a: Ho-Oh|Roost|p1a: Ho-Oh\n|-heal|p1a: Ho-Oh|91\/100 tox\n|-singleturn|p1a: Ho-Oh|move: Roost\n|\n|-damage|p1a: Ho-Oh|73\/100 tox|[from] psn\n|-damage|p2a: Arceus|94\/100 brn|[from] brn\n|upkeep\n|turn|51\n|\n|t:|1699351752\n|switch|p1a: Xerneas|Xerneas|59\/100\n|-damage|p1a: Xerneas|47\/100|[from] Stealth Rock\n|-ability|p1a: Xerneas|Fairy Aura\n|move|p2a: Arceus|Taunt|p1a: Xerneas\n|-start|p1a: Xerneas|move: Taunt\n|\n|-damage|p2a: Arceus|88\/100 brn|[from] brn\n|upkeep\n|turn|52\n|\n|t:|1699351758\n|switch|p1a: Ferrothorn|Ferrothorn, M|88\/100\n|-damage|p1a: Ferrothorn|82\/100|[from] Stealth Rock\n|move|p2a: Arceus|Foul Play|p1a: Ferrothorn\n|-damage|p1a: Ferrothorn|71\/100\n|-damage|p2a: Arceus|76\/100 brn|[from] ability: Iron Barbs|[of] p1a: Ferrothorn\n|-damage|p2a: Arceus|59\/100 brn|[from] item: Rocky Helmet|[of] p1a: Ferrothorn\n|\n|-damage|p2a: Arceus|53\/100 brn|[from] brn\n|upkeep\n|turn|53\n|\n|t:|1699351760\n|move|p2a: Arceus|Taunt|p1a: Ferrothorn\n|-start|p1a: Ferrothorn|move: Taunt\n|move|p1a: Ferrothorn|Gyro Ball|p2a: Arceus\n|-damage|p2a: Arceus|22\/100 brn\n|\n|-damage|p2a: Arceus|16\/100 brn|[from] brn\n|upkeep\n|turn|54\n|\n|t:|1699351763\n|move|p2a: Arceus|Recover|p2a: Arceus\n|-heal|p2a: Arceus|66\/100 brn\n|move|p1a: Ferrothorn|Gyro Ball|p2a: Arceus\n|-damage|p2a: Arceus|35\/100 brn\n|\n|-damage|p2a: Arceus|29\/100 brn|[from] brn\n|upkeep\n|turn|55\n|\n|t:|1699351766\n|move|p2a: Arceus|Recover|p2a: Arceus\n|-heal|p2a: Arceus|79\/100 brn\n|move|p1a: Ferrothorn|Gyro Ball|p2a: Arceus\n|-damage|p2a: Arceus|49\/100 brn\n|\n|-damage|p2a: Arceus|43\/100 brn|[from] brn\n|-end|p1a: Ferrothorn|move: Taunt\n|upkeep\n|turn|56\n|\n|t:|1699351770\n|switch|p2a: Magearna|Magearna|70\/100\n|-damage|p2a: Magearna|64\/100|[from] Stealth Rock\n|-damage|p2a: Magearna|39\/100|[from] Spikes\n|move|p1a: Ferrothorn|Gyro Ball|p2a: Magearna\n|-damage|p2a: Magearna|11\/100\n|\n|upkeep\n|turn|57\n|\n|t:|1699351774\n|switch|p1a: Xerneas|Xerneas|47\/100\n|-damage|p1a: Xerneas|34\/100|[from] Stealth Rock\n|-ability|p1a: Xerneas|Fairy Aura\n|move|p2a: Magearna|Pain Split|p1a: Xerneas\n|-sethp|p1a: Xerneas|22\/100|[from] move: Pain Split|[silent]\n|-sethp|p2a: Magearna|26\/100|[from] move: Pain Split\n|\n|upkeep\n|turn|58\n|\n|t:|1699351778\n|move|p1a: Xerneas|Thunderbolt|p2a: Magearna\n|-damage|p2a: Magearna|4\/100\n|-status|p2a: Magearna|par\n|cant|p2a: Magearna|par\n|\n|upkeep\n|turn|59\n|\n|t:|1699351782\n|move|p1a: Xerneas|Thunderbolt|p2a: Magearna\n|-damage|p2a: Magearna|0 fnt\n|faint|p2a: Magearna\n|\n|upkeep\n|\n|t:|1699351793\n|switch|p2a: Necrozma|Necrozma-Ultra|52\/100\n|-damage|p2a: Necrozma|40\/100|[from] Stealth Rock\n|-damage|p2a: Necrozma|15\/100|[from] Spikes\n|turn|60\n|\n|t:|1699351801\n|move|p2a: Necrozma|Photon Geyser|p1a: Xerneas\n|-damage|p1a: Xerneas|0 fnt\n|faint|p1a: Xerneas\n|\n|upkeep\n|\n|t:|1699351804\n|switch|p1a: Marshadow|Marshadow|100\/100\n|-damage|p1a: Marshadow|94\/100|[from] Stealth Rock\n|turn|61\n|\n|t:|1699351807\n|move|p1a: Marshadow|Shadow Sneak|p2a: Necrozma\n|-supereffective|p2a: Necrozma\n|-damage|p2a: Necrozma|0 fnt\n|faint|p2a: Necrozma\n|\n|upkeep\n|\n|t:|1699351814\n|switch|p2a: Zygarde|Zygarde, shiny|100\/100\n|-damage|p2a: Zygarde|94\/100|[from] Stealth Rock\n|-damage|p2a: Zygarde|69\/100|[from] Spikes\n|turn|62\n|\n|t:|1699351822\n|switch|p1a: Ho-Oh|Ho-Oh|100\/100 tox\n|move|p2a: Zygarde|Thousand Arrows|p1a: Ho-Oh\n|-damage|p1a: Ho-Oh|63\/100 tox\n|-start|p1a: Ho-Oh|Smack Down\n|\n|-heal|p2a: Zygarde|76\/100|[from] item: Leftovers\n|-damage|p1a: Ho-Oh|57\/100 tox|[from] psn\n|upkeep\n|turn|63\n|\n|t:|1699351829\n|move|p2a: Zygarde|Substitute|p2a: Zygarde\n|-start|p2a: Zygarde|Substitute\n|-damage|p2a: Zygarde|51\/100\n|move|p1a: Ho-Oh|Toxic||[still]\n|-fail|p1a: Ho-Oh\n|\n|-heal|p2a: Zygarde|57\/100|[from] item: Leftovers\n|-damage|p1a: Ho-Oh|45\/100 tox|[from] psn\n|upkeep\n|turn|64\n|\n|t:|1699351836\n|switch|p1a: Marshadow|Marshadow|94\/100\n|-damage|p1a: Marshadow|88\/100|[from] Stealth Rock\n|move|p2a: Zygarde|Thousand Arrows|p1a: Marshadow\n|-damage|p1a: Marshadow|40\/100\n|\n|-heal|p2a: Zygarde|63\/100|[from] item: Leftovers\n|upkeep\n|turn|65\n|\n|t:|1699351845\n|move|p1a: Marshadow|Close Combat|p2a: Zygarde\n|-end|p2a: Zygarde|Substitute\n|-unboost|p1a: Marshadow|def|1\n|-unboost|p1a: Marshadow|spd|1\n|move|p2a: Zygarde|Thousand Arrows|p1a: Marshadow\n|-damage|p1a: Marshadow|0 fnt\n|faint|p1a: Marshadow\n|\n|-heal|p2a: Zygarde|69\/100|[from] item: Leftovers\n|upkeep\n|\n|t:|1699351846\n|switch|p1a: Ditto|Ditto|100\/100\n|-damage|p1a: Ditto|88\/100|[from] Stealth Rock\n|-transform|p1a: Ditto|p2a: Zygarde|[from] ability: Imposter\n|turn|66\n|\n|t:|1699351851\n|move|p1a: Ditto|Thousand Arrows|p2a: Zygarde\n|-damage|p2a: Zygarde|40\/100\n|move|p2a: Zygarde|Thousand Arrows|p1a: Ditto\n|-damage|p1a: Ditto|52\/100\n|\n|-heal|p2a: Zygarde|46\/100|[from] item: Leftovers\n|-activate|p2a: Zygarde|ability: Power Construct\n|detailschange|p2a: Zygarde|Zygarde-Complete, shiny\n|-heal|p2a: Zygarde|66\/100|[silent]\n|upkeep\n|turn|67\n|\n|t:|1699351858\n|move|p1a: Ditto|Thousand Arrows|p2a: Zygarde\n|-damage|p2a: Zygarde|47\/100\n|move|p2a: Zygarde|Thousand Arrows|p1a: Ditto\n|-damage|p1a: Ditto|13\/100\n|\n|-heal|p2a: Zygarde|53\/100|[from] item: Leftovers\n|upkeep\n|turn|68\n|-message|hebchenle1 forfeited.\n|\n|win|Obito 2001\n|raw|hebchenle1's rating: 1590 &rarr; <strong>1584<\/strong><br \/>(-6 for losing)\n|raw|Obito 2001's rating: 1894 &rarr; <strong>1900<\/strong><br \/>(+6 for winning)\n|l|\u2606hebchenle1\n|l|\u2606Obito 2001\n","uploadtime":1699351874,"views":9,"p1id":"hebchenle1","p2id":"obito2001","formatid":"gen9nationaldexubers","rating":1584,"private":0,"password":""}