{"id":"gen9nationaldexubers-1987394823","p1":"David uwu35","p2":"WedgeXD","format":"[Gen 9] National Dex Ubers","log":"|j|\u2606David uwu35\n|j|\u2606WedgeXD\n|t:|1699585778\n|gametype|singles\n|player|p1|David uwu35|shadowtriad|\n|player|p2|WedgeXD|gentleman-gen4dp|\n|teamsize|p1|6\n|teamsize|p2|6\n|gen|9\n|tier|[Gen 9] National Dex Ubers\n|rule|HP Percentage Mod: HP is shown in percentages\n|rule|Endless Battle Clause: Forcing endless battles is banned\n|rule|OHKO Clause: OHKO moves are banned\n|rule|Evasion Moves Clause: Evasion moves are banned\n|rule|Evasion Items Clause: Evasion items are banned\n|rule|Species Clause: Limit one of each Pok\u00e9mon\n|rule|Sleep Clause Mod: Limit one foe put to sleep\n|rule|Mega Rayquaza Clause: You cannot mega evolve Rayquaza\n|clearpoke\n|poke|p1|Espathra, M|\n|poke|p1|Lilligant-Hisui, F|\n|poke|p1|Magearna|\n|poke|p1|Chien-Pao|\n|poke|p1|Iron Hands|\n|poke|p1|Garganacl, F|\n|poke|p2|Iron Valiant|\n|poke|p2|Garchomp, M|\n|poke|p2|Volcarona, F|\n|poke|p2|Kartana|\n|poke|p2|Gengar, F|\n|poke|p2|Greninja-*, M|\n|teampreview\n|\n|t:|1699585808\n|start\n|switch|p1a: Lilligant|Lilligant-Hisui, F, shiny|100\/100\n|switch|p2a: Gengar|Gengar, F|100\/100\n|-item|p2a: Gengar|Air Balloon\n|turn|1\n|\n|t:|1699585820\n|move|p2a: Gengar|Sludge Wave|p1a: Lilligant\n|-supereffective|p1a: Lilligant\n|-damage|p1a: Lilligant|0 fnt\n|faint|p1a: Lilligant\n|\n|upkeep\n|\n|t:|1699585832\n|switch|p1a: Magearna|Magearna|100\/100\n|turn|2\n|\n|t:|1699585854\n|move|p2a: Gengar|Focus Blast|p1a: Magearna\n|-damage|p1a: Magearna|66\/100\n|move|p1a: Magearna|Calm Mind|p1a: Magearna\n|-boost|p1a: Magearna|spa|1\n|-boost|p1a: Magearna|spd|1\n|\n|-heal|p1a: Magearna|72\/100|[from] item: Leftovers\n|upkeep\n|turn|3\n|\n|t:|1699585865\n|switch|p2a: Garchomp|Garchomp, M|100\/100\n|move|p1a: Magearna|Stored Power|p2a: Garchomp\n|-damage|p2a: Garchomp|68\/100\n|\n|-heal|p1a: Magearna|78\/100|[from] item: Leftovers\n|upkeep\n|turn|4\n|\n|t:|1699585880\n|-terastallize|p1a: Magearna|Flying\n|move|p2a: Garchomp|Earthquake|p1a: Magearna\n|-immune|p1a: Magearna\n|move|p1a: Magearna|Iron Defense|p1a: Magearna\n|-boost|p1a: Magearna|def|2\n|\n|-heal|p1a: Magearna|84\/100|[from] item: Leftovers\n|upkeep\n|turn|5\n|\n|t:|1699585902\n|switch|p2a: Gengar|Gengar, F|100\/100\n|-item|p2a: Gengar|Air Balloon\n|move|p1a: Magearna|Stored Power|p2a: Gengar\n|-supereffective|p2a: Gengar\n|-damage|p2a: Gengar|0 fnt\n|-enditem|p2a: Gengar|Air Balloon\n|faint|p2a: Gengar\n|-ability|p1a: Magearna|Soul-Heart|boost\n|-boost|p1a: Magearna|spa|1\n|\n|-heal|p1a: Magearna|90\/100|[from] item: Leftovers\n|upkeep\n|\n|t:|1699585930\n|switch|p2a: Volcarona|Volcarona, F|100\/100\n|-item|p2a: Volcarona|Air Balloon\n|turn|6\n|\n|t:|1699585935\n|move|p2a: Volcarona|Quiver Dance|p2a: Volcarona\n|-boost|p2a: Volcarona|spa|1\n|-boost|p2a: Volcarona|spd|1\n|-boost|p2a: Volcarona|spe|1\n|move|p1a: Magearna|Calm Mind|p1a: Magearna\n|-boost|p1a: Magearna|spa|1\n|-boost|p1a: Magearna|spd|1\n|\n|-heal|p1a: Magearna|96\/100|[from] item: Leftovers\n|upkeep\n|turn|7\n|\n|t:|1699585946\n|move|p2a: Volcarona|Quiver Dance|p2a: Volcarona\n|-boost|p2a: Volcarona|spa|1\n|-boost|p2a: Volcarona|spd|1\n|-boost|p2a: Volcarona|spe|1\n|move|p1a: Magearna|Stored Power|p2a: Volcarona\n|-damage|p2a: Volcarona|28\/100\n|-enditem|p2a: Volcarona|Air Balloon\n|\n|-heal|p1a: Magearna|100\/100|[from] item: Leftovers\n|upkeep\n|turn|8\n|\n|t:|1699585956\n|move|p2a: Volcarona|Fiery Dance|p1a: Magearna\n|-damage|p1a: Magearna|68\/100\n|-boost|p2a: Volcarona|spa|1\n|move|p1a: Magearna|Stored Power|p2a: Volcarona\n|-damage|p2a: Volcarona|0 fnt\n|faint|p2a: Volcarona\n|-ability|p1a: Magearna|Soul-Heart|boost\n|-boost|p1a: Magearna|spa|1\n|\n|-heal|p1a: Magearna|74\/100|[from] item: Leftovers\n|upkeep\n|\n|t:|1699585976\n|switch|p2a: Greninja|Greninja, M|100\/100\n|turn|9\n|\n|t:|1699585982\n|move|p2a: Greninja|Ice Beam|p1a: Magearna\n|-start|p2a: Greninja|typechange|Ice|[from] ability: Protean\n|-supereffective|p1a: Magearna\n|-damage|p1a: Magearna|29\/100\n|-damage|p2a: Greninja|91\/100|[from] item: Life Orb\n|move|p1a: Magearna|Draining Kiss|p2a: Greninja\n|-damage|p2a: Greninja|0 fnt\n|-heal|p1a: Magearna|94\/100|[from] drain|[of] p2a: Greninja\n|faint|p2a: Greninja\n|-ability|p1a: Magearna|Soul-Heart|boost\n|-boost|p1a: Magearna|spa|1\n|\n|-heal|p1a: Magearna|99\/100|[from] item: Leftovers\n|upkeep\n|\n|t:|1699586006\n|switch|p2a: Ferropalad\u00edn|Iron Valiant, shiny|100\/100\n|turn|10\n|\n|t:|1699586014\n|move|p2a: Ferropalad\u00edn|Moonblast|p1a: Magearna\n|-damage|p1a: Magearna|76\/100\n|-unboost|p1a: Magearna|spa|1\n|-damage|p2a: Ferropalad\u00edn|90\/100|[from] item: Life Orb\n|move|p1a: Magearna|Stored Power|p2a: Ferropalad\u00edn\n|-supereffective|p2a: Ferropalad\u00edn\n|-damage|p2a: Ferropalad\u00edn|0 fnt\n|faint|p2a: Ferropalad\u00edn\n|-ability|p1a: Magearna|Soul-Heart|boost\n|-boost|p1a: Magearna|spa|1\n|-end|p2a: Ferropalad\u00edn|Quark Drive|[silent]\n|\n|-heal|p1a: Magearna|82\/100|[from] item: Leftovers\n|upkeep\n|\n|t:|1699586030\n|switch|p2a: Kartana|Kartana, shiny|100\/100\n|turn|11\n|\n|t:|1699586037\n|move|p2a: Kartana|Smart Strike|p1a: Magearna\n|-damage|p1a: Magearna|62\/100\n|move|p1a: Magearna|Stored Power|p2a: Kartana\n|-resisted|p2a: Kartana\n|-damage|p2a: Kartana|0 fnt\n|faint|p2a: Kartana\n|-ability|p1a: Magearna|Soul-Heart|boost\n|-boost|p1a: Magearna|spa|1\n|\n|-heal|p1a: Magearna|68\/100|[from] item: Leftovers\n|upkeep\n|\n|t:|1699586049\n|switch|p2a: Garchomp|Garchomp, M|68\/100\n|turn|12\n|\n|t:|1699586057\n|move|p2a: Garchomp|Dragon Claw|p1a: Magearna\n|-damage|p1a: Magearna|44\/100\n|-damage|p2a: Garchomp|59\/100|[from] item: Life Orb\n|move|p1a: Magearna|Draining Kiss|p2a: Garchomp\n|-supereffective|p2a: Garchomp\n|-damage|p2a: Garchomp|0 fnt\n|-heal|p1a: Magearna|96\/100|[from] drain|[of] p2a: Garchomp\n|-damage|p1a: Magearna|84\/100|[from] ability: Rough Skin|[of] p2a: Garchomp\n|faint|p2a: Garchomp\n|\n|win|David uwu35\n|l|\u2606WedgeXD\n","uploadtime":1699586070,"views":5,"p1id":"daviduwu35","p2id":"wedgexd","formatid":"gen9nationaldexubers","rating":0,"private":0,"password":""}