{"id":"gen9nationaldexubers-1998894611","p1":"Djujao","p2":"Ginesect","format":"[Gen 9] National Dex Ubers","log":"|j|\u2606Djujao\n|j|\u2606Ginesect\n|t:|1701009830\n|gametype|singles\n|player|p1|Djujao|pilot|\n|player|p2|Ginesect|cynthia|\n|teamsize|p1|6\n|teamsize|p2|6\n|gen|9\n|tier|[Gen 9] National Dex Ubers\n|rule|HP Percentage Mod: HP is shown in percentages\n|rule|Endless Battle Clause: Forcing endless battles is banned\n|rule|OHKO Clause: OHKO moves are banned\n|rule|Evasion Moves Clause: Evasion moves are banned\n|rule|Evasion Items Clause: Evasion items are banned\n|rule|Species Clause: Limit one of each Pok\u00e9mon\n|rule|Sleep Clause Mod: Limit one foe put to sleep\n|rule|Mega Rayquaza Clause: You cannot mega evolve Rayquaza\n|clearpoke\n|poke|p1|Ribombee, M|\n|poke|p1|Gholdengo|\n|poke|p1|Great Tusk|\n|poke|p1|Dragonite, F|\n|poke|p1|Greninja-*, M|\n|poke|p1|Clodsire, M|\n|poke|p2|Ninetales-Alola, F|\n|poke|p2|Arctozolt|\n|poke|p2|Mamoswine, M|\n|poke|p2|Chien-Pao|\n|poke|p2|Landorus-Therian, M|\n|poke|p2|Articuno|\n|teampreview\n|c|\u2606Djujao|glhf\n|c|\u2606Ginesect|Glhf\n|\n|t:|1701009847\n|start\n|switch|p1a: Ribombee|Ribombee, M|100\/100\n|switch|p2a: Landorus|Landorus-Therian, M|100\/100\n|-ability|p2a: Landorus|Intimidate|boost\n|-unboost|p1a: Ribombee|atk|1\n|turn|1\n|\n|t:|1701009854\n|move|p2a: Landorus|U-turn|p1a: Ribombee\n|-resisted|p1a: Ribombee\n|-damage|p1a: Ribombee|74\/100\n|\n|t:|1701009857\n|switch|p2a: Articuno|Articuno|100\/100|[from] U-turn\n|move|p1a: Ribombee|Sticky Web|p2a: Articuno\n|-sidestart|p2: Ginesect|move: Sticky Web\n|\n|upkeep\n|turn|2\n|\n|t:|1701009862\n|move|p1a: Ribombee|Stun Spore|p2a: Articuno\n|-status|p2a: Articuno|par\n|move|p2a: Articuno|Defog|p1a: Ribombee\n|-unboost|p1a: Ribombee|evasion|1\n|-sideend|p2: Ginesect|Sticky Web|[from] move: Defog|[of] p2a: Articuno\n|\n|upkeep\n|turn|3\n|\n|t:|1701009868\n|move|p1a: Ribombee|Sticky Web|p2a: Articuno\n|-sidestart|p2: Ginesect|move: Sticky Web\n|move|p2a: Articuno|U-turn|p1a: Ribombee\n|-resisted|p1a: Ribombee\n|-damage|p1a: Ribombee|63\/100\n|\n|t:|1701009877\n|switch|p2a: Landorus|Landorus-Therian, M|100\/100|[from] U-turn\n|-ability|p2a: Landorus|Intimidate|boost\n|-unboost|p1a: Ribombee|atk|1\n|\n|upkeep\n|turn|4\n|\n|t:|1701009885\n|move|p2a: Landorus|Stone Edge|p1a: Ribombee\n|-supereffective|p1a: Ribombee\n|-damage|p1a: Ribombee|0 fnt\n|faint|p1a: Ribombee\n|\n|upkeep\n|\n|t:|1701009919\n|switch|p1a: Clodsire|Clodsire, M|100\/100\n|turn|5\n|\n|t:|1701009969\n|switch|p2a: Articuno|Articuno|100\/100 par\n|move|p1a: Clodsire|Stealth Rock|p2a: Articuno\n|-sidestart|p2: Ginesect|move: Stealth Rock\n|\n|upkeep\n|turn|6\n|\n|t:|1701009986\n|switch|p2a: Landorus|Landorus-Therian, M|100\/100\n|-damage|p2a: Landorus|88\/100|[from] Stealth Rock\n|-ability|p2a: Landorus|Intimidate|boost\n|-unboost|p1a: Clodsire|atk|1\n|move|p1a: Clodsire|Heavy Slam|p2a: Landorus\n|-damage|p2a: Landorus|77\/100\n|\n|upkeep\n|turn|7\n|\n|t:|1701010004\n|move|p2a: Landorus|Knock Off|p1a: Clodsire\n|-damage|p1a: Clodsire|74\/100\n|-enditem|p1a: Clodsire|Leftovers|[from] move: Knock Off|[of] p2a: Landorus\n|move|p1a: Clodsire|Toxic|p2a: Landorus\n|-status|p2a: Landorus|tox\n|\n|-damage|p2a: Landorus|71\/100 tox|[from] psn\n|upkeep\n|turn|8\n|\n|t:|1701010012\n|switch|p2a: Articuno|Articuno|100\/100 par\n|move|p1a: Clodsire|Recover|p1a: Clodsire\n|-heal|p1a: Clodsire|100\/100\n|\n|upkeep\n|turn|9\n|\n|t:|1701010018\n|switch|p1a: Gholdengo|Gholdengo|100\/100\n|cant|p2a: Articuno|par\n|\n|upkeep\n|turn|10\n|\n|t:|1701010032\n|switch|p2a: Landorus|Landorus-Therian, M|71\/100 tox\n|-damage|p2a: Landorus|59\/100 tox|[from] Stealth Rock\n|-ability|p2a: Landorus|Intimidate|boost\n|-unboost|p1a: Gholdengo|atk|1\n|move|p1a: Gholdengo|Make It Rain|p2a: Landorus\n|-damage|p2a: Landorus|0 fnt\n|-unboost|p1a: Gholdengo|spa|1\n|faint|p2a: Landorus\n|\n|upkeep\n|c|\u2606Ginesect|Ah fuck\n|\n|t:|1701010048\n|switch|p2a: Articuno|Articuno|100\/100 par\n|turn|11\n|c|\u2606Ginesect|Wait lmao\n|c|\u2606Ginesect|Wrong switch\n|c|\u2606Ginesect|\ud83d\udc80\n|\n|t:|1701010078\n|move|p1a: Gholdengo|Make It Rain|p2a: Articuno\n|-supereffective|p2a: Articuno\n|-damage|p2a: Articuno|49\/100 par\n|-unboost|p1a: Gholdengo|spa|1\n|move|p2a: Articuno|U-turn|p1a: Gholdengo\n|-resisted|p1a: Gholdengo\n|-damage|p1a: Gholdengo|97\/100\n|\n|t:|1701010119\n|switch|p2a: Mamoswine|Mamoswine, M|100\/100|[from] U-turn\n|\n|upkeep\n|turn|12\n|\n|t:|1701010129\n|switch|p1a: Greninja|Greninja, M|100\/100\n|move|p2a: Mamoswine|Earthquake|p1a: Greninja\n|-crit|p1a: Greninja\n|-damage|p1a: Greninja|0 fnt\n|faint|p1a: Greninja\n|\n|upkeep\n|\n|t:|1701010139\n|switch|p1a: Dragonite|Dragonite, F|100\/100\n|turn|13\n|\n|t:|1701010148\n|-terastallize|p1a: Dragonite|Normal\n|move|p1a: Dragonite|Power-Up Punch|p2a: Mamoswine\n|-supereffective|p2a: Mamoswine\n|-damage|p2a: Mamoswine|71\/100\n|-boost|p1a: Dragonite|atk|1\n|move|p2a: Mamoswine|Knock Off|p1a: Dragonite\n|-damage|p1a: Dragonite|81\/100\n|-enditem|p1a: Dragonite|Silk Scarf|[from] move: Knock Off|[of] p2a: Mamoswine\n|\n|upkeep\n|turn|14\n|\n|t:|1701010164\n|switch|p2a: Ninetales|Ninetales-Alola, F|100\/100\n|-activate|p2a: Ninetales|move: Sticky Web\n|-unboost|p2a: Ninetales|spe|1\n|-damage|p2a: Ninetales|75\/100|[from] Stealth Rock\n|-weather|Snow|[from] ability: Snow Warning|[of] p2a: Ninetales\n|move|p1a: Dragonite|Fire Punch|p2a: Ninetales\n|-supereffective|p2a: Ninetales\n|-damage|p2a: Ninetales|0 fnt\n|faint|p2a: Ninetales\n|\n|-weather|Snow|[upkeep]\n|upkeep\n|\n|t:|1701010170\n|switch|p2a: Articuno|Articuno|49\/100 par\n|turn|15\n|\n|t:|1701010177\n|-terastallize|p2a: Articuno|Water\n|move|p1a: Dragonite|Extreme Speed|p2a: Articuno\n|-damage|p2a: Articuno|0 fnt\n|faint|p2a: Articuno\n|\n|-weather|Snow|[upkeep]\n|upkeep\n|c|\u2606Ginesect|Fuck gg\n|\n|t:|1701010189\n|switch|p2a: Arctozolt|Arctozolt|100\/100\n|-activate|p2a: Arctozolt|move: Sticky Web\n|-unboost|p2a: Arctozolt|spe|1\n|-damage|p2a: Arctozolt|76\/100|[from] Stealth Rock\n|turn|16\n|\n|t:|1701010202\n|move|p1a: Dragonite|Extreme Speed|p2a: Arctozolt\n|-damage|p2a: Arctozolt|24\/100\n|move|p2a: Arctozolt|Low Kick|p1a: Dragonite\n|-supereffective|p1a: Dragonite\n|-damage|p1a: Dragonite|0 fnt\n|faint|p1a: Dragonite\n|-damage|p2a: Arctozolt|14\/100|[from] item: Life Orb\n|\n|-weather|Snow|[upkeep]\n|upkeep\n|\n|t:|1701010211\n|switch|p1a: Gholdengo|Gholdengo|97\/100\n|turn|17\n|\n|t:|1701010214\n|move|p1a: Gholdengo|Flash Cannon|p2a: Arctozolt\n|-damage|p2a: Arctozolt|0 fnt\n|faint|p2a: Arctozolt\n|\n|-weather|Snow|[upkeep]\n|upkeep\n|\n|t:|1701010225\n|switch|p2a: Mamoswine|Mamoswine, M|71\/100\n|turn|18\n|\n|t:|1701010232\n|move|p1a: Gholdengo|Flash Cannon|p2a: Mamoswine\n|-supereffective|p2a: Mamoswine\n|-damage|p2a: Mamoswine|0 fnt\n|faint|p2a: Mamoswine\n|\n|-weather|Snow|[upkeep]\n|upkeep\n|\n|t:|1701010235\n|switch|p2a: Chien-Pao|Chien-Pao|100\/100\n|-activate|p2a: Chien-Pao|move: Sticky Web\n|-unboost|p2a: Chien-Pao|spe|1\n|-damage|p2a: Chien-Pao|76\/100|[from] Stealth Rock\n|-ability|p2a: Chien-Pao|Sword of Ruin\n|turn|19\n|c|\u2606Ginesect|gg\n|\n|t:|1701010243\n|move|p2a: Chien-Pao|Sucker Punch|p1a: Gholdengo\n|-supereffective|p1a: Gholdengo\n|-damage|p1a: Gholdengo|0 fnt\n|faint|p1a: Gholdengo\n|\n|-weather|Snow|[upkeep]\n|upkeep\n|c|\u2606Ginesect|I messed up\n|\n|t:|1701010254\n|switch|p1a: Great Tusk|Great Tusk|100\/100\n|-enditem|p1a: Great Tusk|Booster Energy\n|-activate|p1a: Great Tusk|ability: Protosynthesis|[fromitem]\n|-start|p1a: Great Tusk|protosynthesisatk\n|turn|20\n|c|\u2606Ginesect|Could've won this\n|c|\u2606Djujao|gg\n|\n|t:|1701010261\n|move|p2a: Chien-Pao|Sucker Punch|p1a: Great Tusk\n|-resisted|p1a: Great Tusk\n|-damage|p1a: Great Tusk|75\/100\n|move|p1a: Great Tusk|Close Combat|p2a: Chien-Pao\n|-supereffective|p2a: Chien-Pao\n|-damage|p2a: Chien-Pao|0 fnt\n|-unboost|p1a: Great Tusk|def|1\n|-unboost|p1a: Great Tusk|spd|1\n|faint|p2a: Chien-Pao\n|\n|win|Djujao\n","uploadtime":1701010265,"views":4,"p1id":"djujao","p2id":"ginesect","formatid":"gen9nationaldexubers","rating":0,"private":0,"password":""}