{"id":"gen9nationaldexubers-1983655945","p1":"H0ldupboi","p2":"Hi-Chew13","format":"[Gen 9] National Dex Ubers","log":"|j|\u2606H0ldupboi\n|j|\u2606Hi-Chew13\n|t:|1699154687\n|gametype|singles\n|player|p1|H0ldupboi|2|1145\n|player|p2|Hi-Chew13|101|1000\n|teamsize|p1|6\n|teamsize|p2|6\n|gen|9\n|tier|[Gen 9] National Dex Ubers\n|rated|\n|rule|HP Percentage Mod: HP is shown in percentages\n|rule|Endless Battle Clause: Forcing endless battles is banned\n|rule|OHKO Clause: OHKO moves are banned\n|rule|Evasion Moves Clause: Evasion moves are banned\n|rule|Evasion Items Clause: Evasion items are banned\n|rule|Species Clause: Limit one of each Pok\u00e9mon\n|rule|Sleep Clause Mod: Limit one foe put to sleep\n|rule|Mega Rayquaza Clause: You cannot mega evolve Rayquaza\n|clearpoke\n|poke|p1|Lucario, F|\n|poke|p1|Samurott-Hisui, F|\n|poke|p1|Volcarona, M|\n|poke|p1|Deoxys-Attack|\n|poke|p1|Mewtwo|\n|poke|p1|Roaring Moon|\n|poke|p2|Mew|\n|poke|p2|Latios, M|\n|poke|p2|Kyurem|\n|poke|p2|Solgaleo|\n|poke|p2|Lunala|\n|poke|p2|Lugia|\n|teampreview\n|\n|t:|1699154723\n|start\n|switch|p1a: Samurott|Samurott-Hisui, F|100\/100\n|switch|p2a: Mew|Mew, shiny|100\/100\n|turn|1\n|\n|t:|1699154732\n|move|p2a: Mew|Close Combat|p1a: Samurott\n|-supereffective|p1a: Samurott\n|-damage|p1a: Samurott|36\/100\n|-unboost|p2a: Mew|def|1\n|-unboost|p2a: Mew|spd|1\n|move|p1a: Samurott|Ceaseless Edge|p2a: Mew\n|-supereffective|p2a: Mew\n|-enditem|p2a: Mew|Focus Sash\n|-damage|p2a: Mew|1\/100\n|-sidestart|p2: Hi-Chew13|Spikes\n|\n|upkeep\n|turn|2\n|\n|t:|1699154744\n|move|p2a: Mew|Close Combat|p1a: Samurott\n|-supereffective|p1a: Samurott\n|-damage|p1a: Samurott|0 fnt\n|-unboost|p2a: Mew|def|1\n|-unboost|p2a: Mew|spd|1\n|faint|p1a: Samurott\n|\n|upkeep\n|\n|t:|1699154751\n|switch|p1a: Deoxys|Deoxys-Attack|100\/100\n|-ability|p1a: Deoxys|Pressure\n|turn|3\n|\n|t:|1699154765\n|move|p1a: Deoxys|Shadow Ball|p2a: Mew\n|-supereffective|p2a: Mew\n|-damage|p2a: Mew|0 fnt\n|faint|p2a: Mew\n|-damage|p1a: Deoxys|91\/100|[from] item: Life Orb\n|\n|upkeep\n|\n|t:|1699154786\n|switch|p2a: Kyurem|Kyurem, shiny|100\/100\n|-damage|p2a: Kyurem|88\/100|[from] Spikes\n|-ability|p2a: Kyurem|Pressure\n|turn|4\n|\n|t:|1699154797\n|move|p1a: Deoxys|Psychic|p2a: Kyurem\n|-crit|p2a: Kyurem\n|-damage|p2a: Kyurem|3\/100\n|-damage|p1a: Deoxys|81\/100|[from] item: Life Orb\n|move|p2a: Kyurem|Draco Meteor|p1a: Deoxys\n|-crit|p1a: Deoxys\n|-damage|p1a: Deoxys|0 fnt\n|-unboost|p2a: Kyurem|spa|2\n|faint|p1a: Deoxys\n|\n|upkeep\n|\n|t:|1699154809\n|switch|p1a: Roaring Moon|Roaring Moon|100\/100\n|-enditem|p1a: Roaring Moon|Booster Energy\n|-activate|p1a: Roaring Moon|ability: Protosynthesis|[fromitem]\n|-start|p1a: Roaring Moon|protosynthesisatk\n|turn|5\n|\n|t:|1699154819\n|switch|p2a: Latios|Latios, M, shiny|100\/100\n|move|p1a: Roaring Moon|Acrobatics|p2a: Latios\n|-damage|p2a: Latios|42\/100\n|\n|upkeep\n|turn|6\n|\n|t:|1699154827\n|-terastallize|p1a: Roaring Moon|Flying\n|move|p1a: Roaring Moon|Acrobatics|p2a: Latios\n|-damage|p2a: Latios|0 fnt\n|faint|p2a: Latios\n|\n|upkeep\n|\n|t:|1699154843\n|switch|p2a: Kyurem|Kyurem, shiny|3\/100\n|-damage|p2a: Kyurem|0 fnt|[from] Spikes\n|faint|p2a: Kyurem\n|\n|t:|1699154854\n|switch|p2a: Solgaleo|Solgaleo, shiny|100\/100\n|-damage|p2a: Solgaleo|88\/100|[from] Spikes\n|turn|7\n|\n|t:|1699154864\n|move|p1a: Roaring Moon|Earthquake|p2a: Solgaleo\n|-supereffective|p2a: Solgaleo\n|-damage|p2a: Solgaleo|9\/100\n|move|p2a: Solgaleo|Close Combat|p1a: Roaring Moon\n|-resisted|p1a: Roaring Moon\n|-crit|p1a: Roaring Moon\n|-damage|p1a: Roaring Moon|64\/100\n|-unboost|p2a: Solgaleo|def|1\n|-unboost|p2a: Solgaleo|spd|1\n|\n|upkeep\n|turn|8\n|\n|t:|1699154878\n|move|p1a: Roaring Moon|Crunch|p2a: Solgaleo\n|-supereffective|p2a: Solgaleo\n|-damage|p2a: Solgaleo|0 fnt\n|faint|p2a: Solgaleo\n|\n|upkeep\n|\n|t:|1699154884\n|switch|p2a: Lunala|Lunala, shiny|100\/100\n|-damage|p2a: Lunala|88\/100|[from] Spikes\n|turn|9\n|\n|t:|1699154896\n|move|p1a: Roaring Moon|Crunch|p2a: Lunala\n|-supereffective|p2a: Lunala\n|-damage|p2a: Lunala|0 fnt\n|faint|p2a: Lunala\n|\n|upkeep\n|\n|t:|1699154901\n|switch|p2a: Lugia|Lugia, shiny|100\/100\n|turn|10\n|\n|t:|1699154915\n|-terastallize|p2a: Lugia|Psychic\n|move|p1a: Roaring Moon|Acrobatics|p2a: Lugia\n|-damage|p2a: Lugia|65\/100\n|move|p2a: Lugia|Dragon Pulse|p1a: Roaring Moon\n|-damage|p1a: Roaring Moon|40\/100\n|\n|upkeep\n|turn|11\n|\n|t:|1699154924\n|move|p1a: Roaring Moon|Crunch|p2a: Lugia\n|-supereffective|p2a: Lugia\n|-damage|p2a: Lugia|0 fnt\n|faint|p2a: Lugia\n|\n|win|H0ldupboi\n|raw|H0ldupboi's rating: 1145 &rarr; <strong>1160<\/strong><br \/>(+15 for winning)\n|raw|Hi-Chew13's rating: 1000 &rarr; <strong>1000<\/strong><br \/>(+0 for losing)\n","uploadtime":1699154931,"views":7,"p1id":"h0ldupboi","p2id":"hichew13","formatid":"gen9nationaldexubers","rating":1000,"private":0,"password":""}