{"id":"gen9nationaldexubers-1980979423","p1":"Chaitanya15","p2":"Dashu16","format":"[Gen 9] National Dex Ubers","log":"|j|\u2606Chaitanya15\n|j|\u2606Dashu16\n|t:|1698854028\n|gametype|singles\n|player|p1|Chaitanya15|169|1322\n|player|p2|Dashu16|red|1324\n|teamsize|p1|6\n|teamsize|p2|6\n|gen|9\n|tier|[Gen 9] National Dex Ubers\n|rated|\n|rule|HP Percentage Mod: HP is shown in percentages\n|rule|Endless Battle Clause: Forcing endless battles is banned\n|rule|OHKO Clause: OHKO moves are banned\n|rule|Evasion Moves Clause: Evasion moves are banned\n|rule|Evasion Items Clause: Evasion items are banned\n|rule|Species Clause: Limit one of each Pok\u00e9mon\n|rule|Sleep Clause Mod: Limit one foe put to sleep\n|rule|Mega Rayquaza Clause: You cannot mega evolve Rayquaza\n|clearpoke\n|poke|p1|Kingambit, M|\n|poke|p1|Basculegion, M|\n|poke|p1|Pikachu, F|\n|poke|p1|Kyogre|\n|poke|p1|Flutter Mane|\n|poke|p1|Deoxys-Speed|\n|poke|p2|Xerneas-*|\n|poke|p2|Zygarde|\n|poke|p2|Arceus-Ground|\n|poke|p2|Necrozma-Dusk-Mane|\n|poke|p2|Ditto|\n|poke|p2|Marshadow|\n|teampreview\n|inactive|Battle timer is ON: inactive players will automatically lose when time's up. (requested by Chaitanya15)\n|\n|t:|1698854038\n|start\n|switch|p1a: Deoxys|Deoxys-Speed|100\/100\n|switch|p2a: Zygarde|Zygarde|100\/100\n|-ability|p1a: Deoxys|Pressure\n|turn|1\n|\n|t:|1698854047\n|move|p1a: Deoxys|Stealth Rock|p2a: Zygarde\n|-sidestart|p2: Dashu16|move: Stealth Rock\n|move|p2a: Zygarde|Coil|p2a: Zygarde\n|-boost|p2a: Zygarde|atk|1\n|-boost|p2a: Zygarde|def|1\n|-boost|p2a: Zygarde|accuracy|1\n|\n|upkeep\n|turn|2\n|\n|t:|1698854055\n|move|p1a: Deoxys|Spikes|p2a: Zygarde\n|-sidestart|p2: Dashu16|Spikes\n|move|p2a: Zygarde|Coil|p2a: Zygarde\n|-boost|p2a: Zygarde|atk|1\n|-boost|p2a: Zygarde|def|1\n|-boost|p2a: Zygarde|accuracy|1\n|\n|upkeep\n|turn|3\n|\n|t:|1698854062\n|move|p1a: Deoxys|Spikes|p2a: Zygarde\n|-sidestart|p2: Dashu16|Spikes\n|move|p2a: Zygarde|Coil|p2a: Zygarde\n|-boost|p2a: Zygarde|atk|1\n|-boost|p2a: Zygarde|def|1\n|-boost|p2a: Zygarde|accuracy|1\n|\n|upkeep\n|turn|4\n|\n|t:|1698854069\n|move|p1a: Deoxys|Spikes|p2a: Zygarde\n|-sidestart|p2: Dashu16|Spikes\n|move|p2a: Zygarde|Coil|p2a: Zygarde\n|-boost|p2a: Zygarde|atk|1\n|-boost|p2a: Zygarde|def|1\n|-boost|p2a: Zygarde|accuracy|1\n|\n|upkeep\n|turn|5\n|\n|t:|1698854076\n|move|p1a: Deoxys|Psychic|p2a: Zygarde\n|-damage|p2a: Zygarde|78\/100\n|move|p2a: Zygarde|Thousand Arrows|p1a: Deoxys\n|-enditem|p1a: Deoxys|Focus Sash\n|-damage|p1a: Deoxys|1\/100\n|\n|-heal|p2a: Zygarde|84\/100|[from] item: Leftovers\n|upkeep\n|turn|6\n|\n|t:|1698854086\n|move|p1a: Deoxys|Psychic|p2a: Zygarde\n|-damage|p2a: Zygarde|60\/100\n|move|p2a: Zygarde|Coil|p2a: Zygarde\n|-boost|p2a: Zygarde|atk|1\n|-boost|p2a: Zygarde|def|1\n|-boost|p2a: Zygarde|accuracy|1\n|\n|-heal|p2a: Zygarde|67\/100|[from] item: Leftovers\n|upkeep\n|turn|7\n|\n|t:|1698854095\n|move|p1a: Deoxys|Psychic|p2a: Zygarde\n|-damage|p2a: Zygarde|44\/100\n|move|p2a: Zygarde|Coil|p2a: Zygarde\n|-boost|p2a: Zygarde|atk|1\n|-boost|p2a: Zygarde|def|1\n|-boost|p2a: Zygarde|accuracy|1\n|\n|-heal|p2a: Zygarde|50\/100|[from] item: Leftovers\n|-activate|p2a: Zygarde|ability: Power Construct\n|detailschange|p2a: Zygarde|Zygarde-Complete\n|-heal|p2a: Zygarde|67\/100|[silent]\n|upkeep\n|turn|8\n|\n|t:|1698854108\n|move|p1a: Deoxys|Psychic|p2a: Zygarde\n|-damage|p2a: Zygarde|50\/100\n|move|p2a: Zygarde|Rest|p2a: Zygarde\n|-status|p2a: Zygarde|slp|[from] move: Rest\n|-heal|p2a: Zygarde|100\/100 slp|[silent]\n|\n|upkeep\n|turn|9\n|\n|t:|1698854119\n|switch|p1a: Flutter Mane|Flutter Mane|100\/100\n|-enditem|p1a: Flutter Mane|Booster Energy\n|-activate|p1a: Flutter Mane|ability: Protosynthesis|[fromitem]\n|-start|p1a: Flutter Mane|protosynthesisspe\n|cant|p2a: Zygarde|slp\n|move|p2a: Zygarde|Sleep Talk|p2a: Zygarde\n|move|p2a: Zygarde|Rest||[from]move: Sleep Talk|[still]\n|-fail|p2a: Zygarde\n|\n|upkeep\n|turn|10\n|\n|t:|1698854134\n|move|p1a: Flutter Mane|Moonblast|p2a: Zygarde\n|-supereffective|p2a: Zygarde\n|-damage|p2a: Zygarde|50\/100 slp\n|cant|p2a: Zygarde|slp\n|move|p2a: Zygarde|Sleep Talk|p2a: Zygarde\n|move|p2a: Zygarde|Rest||[from]move: Sleep Talk|[still]\n|-fail|p2a: Zygarde\n|\n|-heal|p2a: Zygarde|56\/100 slp|[from] item: Leftovers\n|upkeep\n|turn|11\n|\n|t:|1698854147\n|move|p1a: Flutter Mane|Moonblast|p2a: Zygarde\n|-supereffective|p2a: Zygarde\n|-damage|p2a: Zygarde|0 fnt\n|faint|p2a: Zygarde\n|\n|upkeep\n|\n|t:|1698854159\n|switch|p2a: DRILLINZ|Necrozma-Dusk-Mane, shiny|100\/100\n|-damage|p2a: DRILLINZ|95\/100|[from] Stealth Rock\n|-damage|p2a: DRILLINZ|70\/100|[from] Spikes\n|turn|12\n|\n|t:|1698854172\n|detailschange|p2a: DRILLINZ|Necrozma-Ultra, shiny\n|-burst|p2a: DRILLINZ|Necrozma|Ultranecrozium Z\n|move|p1a: Flutter Mane|Shadow Ball|p2a: DRILLINZ\n|-supereffective|p2a: DRILLINZ\n|-damage|p2a: DRILLINZ|0 fnt\n|faint|p2a: DRILLINZ\n|\n|upkeep\n|\n|t:|1698854182\n|switch|p2a: Bryant Myers|Marshadow|100\/100\n|-damage|p2a: Bryant Myers|94\/100|[from] Stealth Rock\n|-damage|p2a: Bryant Myers|69\/100|[from] Spikes\n|turn|13\n|\n|t:|1698854191\n|move|p1a: Flutter Mane|Moonblast|p2a: Bryant Myers\n|-supereffective|p2a: Bryant Myers\n|-damage|p2a: Bryant Myers|0 fnt\n|faint|p2a: Bryant Myers\n|\n|upkeep\n|\n|t:|1698854197\n|switch|p2a: Mandem|Xerneas, shiny|100\/100\n|-damage|p2a: Mandem|88\/100|[from] Stealth Rock\n|-damage|p2a: Mandem|63\/100|[from] Spikes\n|-ability|p2a: Mandem|Fairy Aura\n|turn|14\n|\n|t:|1698854205\n|move|p1a: Flutter Mane|Moonblast|p2a: Mandem\n|-damage|p2a: Mandem|5\/100\n|-unboost|p2a: Mandem|spa|1\n|move|p2a: Mandem|Geomancy||[still]\n|-prepare|p2a: Mandem|Geomancy\n|-enditem|p2a: Mandem|Power Herb\n|-anim|p2a: Mandem|Geomancy|p2a: Mandem\n|-boost|p2a: Mandem|spa|2\n|-boost|p2a: Mandem|spd|2\n|-boost|p2a: Mandem|spe|2\n|\n|upkeep\n|turn|15\n|\n|t:|1698854215\n|move|p2a: Mandem|Thunder|p1a: Flutter Mane\n|-damage|p1a: Flutter Mane|55\/100\n|move|p1a: Flutter Mane|Moonblast|p2a: Mandem\n|-damage|p2a: Mandem|0 fnt\n|faint|p2a: Mandem\n|\n|upkeep\n|\n|t:|1698854223\n|switch|p2a: Ser\u00e9 sincero Baki|Ditto|100\/100\n|-damage|p2a: Ser\u00e9 sincero Baki|88\/100|[from] Stealth Rock\n|-damage|p2a: Ser\u00e9 sincero Baki|63\/100|[from] Spikes\n|-transform|p2a: Ser\u00e9 sincero Baki|p1a: Flutter Mane|[from] ability: Imposter\n|turn|16\n|\n|t:|1698854234\n|-terastallize|p2a: Ser\u00e9 sincero Baki|Normal\n|move|p1a: Flutter Mane|Shadow Ball|p2a: Ser\u00e9 sincero Baki\n|-immune|p2a: Ser\u00e9 sincero Baki\n|move|p2a: Ser\u00e9 sincero Baki|Shadow Ball|p1a: Flutter Mane\n|-supereffective|p1a: Flutter Mane\n|-damage|p1a: Flutter Mane|0 fnt\n|faint|p1a: Flutter Mane\n|-end|p1a: Flutter Mane|Protosynthesis|[silent]\n|\n|upkeep\n|\n|t:|1698854244\n|switch|p1a: Pikachu|Pikachu, F|100\/100\n|turn|17\n|\n|t:|1698854250\n|move|p1a: Pikachu|Fake Out|p2a: Ser\u00e9 sincero Baki\n|-damage|p2a: Ser\u00e9 sincero Baki|32\/100\n|cant|p2a: Ser\u00e9 sincero Baki|flinch\n|\n|upkeep\n|turn|18\n|\n|t:|1698854256\n|move|p1a: Pikachu|Extreme Speed|p2a: Ser\u00e9 sincero Baki\n|-damage|p2a: Ser\u00e9 sincero Baki|0 fnt\n|faint|p2a: Ser\u00e9 sincero Baki\n|-end|p2a: Ser\u00e9 sincero Baki|Protosynthesis|[silent]\n|\n|upkeep\n|\n|t:|1698854262\n|switch|p2a: Dios|Arceus-Ground, shiny|100\/100\n|-damage|p2a: Dios|94\/100|[from] Stealth Rock\n|-damage|p2a: Dios|69\/100|[from] Spikes\n|turn|19\n|\n|t:|1698854268\n|move|p1a: Pikachu|Extreme Speed|p2a: Dios\n|-damage|p2a: Dios|49\/100\n|move|p2a: Dios|Swords Dance|p2a: Dios\n|-boost|p2a: Dios|atk|2\n|\n|upkeep\n|turn|20\n|\n|t:|1698854275\n|move|p1a: Pikachu|Extreme Speed|p2a: Dios\n|-damage|p2a: Dios|29\/100\n|move|p2a: Dios|Swords Dance|p2a: Dios\n|-boost|p2a: Dios|atk|2\n|\n|upkeep\n|turn|21\n|\n|t:|1698854282\n|move|p1a: Pikachu|Extreme Speed|p2a: Dios\n|-damage|p2a: Dios|10\/100\n|move|p2a: Dios|Swords Dance|p2a: Dios\n|-boost|p2a: Dios|atk|2\n|\n|upkeep\n|turn|22\n|\n|t:|1698854289\n|move|p2a: Dios|Extreme Speed|p1a: Pikachu\n|-damage|p1a: Pikachu|0 fnt\n|-status|p2a: Dios|par|[from] ability: Static|[of] p1a: Pikachu\n|faint|p1a: Pikachu\n|\n|upkeep\n|\n|t:|1698854296\n|switch|p1a: Deoxys|Deoxys-Speed|1\/100\n|-ability|p1a: Deoxys|Pressure\n|turn|23\n|c|\u2606Dashu16|Dayum\n|\n|t:|1698854301\n|move|p1a: Deoxys|Extreme Speed|p2a: Dios\n|-damage|p2a: Dios|0 fnt\n|faint|p2a: Dios\n|\n|win|Chaitanya15\n|raw|Chaitanya15's rating: 1322 &rarr; <strong>1342<\/strong><br \/>(+20 for winning)\n|raw|Dashu16's rating: 1324 &rarr; <strong>1304<\/strong><br \/>(-20 for losing)\n|l|\u2606Dashu16\n|c|\u2606Chaitanya15|Gg\n","uploadtime":1698854315,"views":11,"p1id":"chaitanya15","p2id":"dashu16","formatid":"gen9nationaldexubers","rating":1304,"private":0,"password":""}