{"id":"gen9nationaldexubers-1990102946","p1":"Sasha82","p2":"Just a Ghostyy","format":"[Gen 9] National Dex Ubers","log":"|j|\u2606Sasha82\n|j|\u2606Just a Ghostyy\n|t:|1699924829\n|gametype|singles\n|player|p1|Sasha82|beauty-gen4dp|1102\n|player|p2|Just a Ghostyy|rika|1000\n|teamsize|p1|6\n|teamsize|p2|6\n|gen|9\n|tier|[Gen 9] National Dex Ubers\n|rated|\n|rule|HP Percentage Mod: HP is shown in percentages\n|rule|Endless Battle Clause: Forcing endless battles is banned\n|rule|OHKO Clause: OHKO moves are banned\n|rule|Evasion Moves Clause: Evasion moves are banned\n|rule|Evasion Items Clause: Evasion items are banned\n|rule|Species Clause: Limit one of each Pok\u00e9mon\n|rule|Sleep Clause Mod: Limit one foe put to sleep\n|rule|Mega Rayquaza Clause: You cannot mega evolve Rayquaza\n|clearpoke\n|poke|p1|Cloyster, M|\n|poke|p1|Zekrom|\n|poke|p1|Gengar, F|\n|poke|p1|Infernape, F|\n|poke|p1|Glimmora, M|\n|poke|p1|Meowscarada, M|\n|poke|p2|Durant, M|\n|poke|p2|Magearna|\n|poke|p2|Smeargle, M|\n|poke|p2|Luvdisc, F|\n|poke|p2|Palafin, M|\n|poke|p2|Polteageist-Antique|\n|teampreview\n|inactive|Battle timer is ON: inactive players will automatically lose when time's up. (requested by Just a Ghostyy)\n|c|\u2606Just a Ghostyy|glhf\n|c|\u2606Sasha82|u2 man not a lot of people say that\n|\n|t:|1699924843\n|start\n|switch|p1a: Glimmora|Glimmora, M|100\/100\n|switch|p2a: Smeargle|Smeargle, M|100\/100\n|turn|1\n|c|\u2606Just a Ghostyy|fr\n|c|\u2606Sasha82|this team scares me already LOL\n|\n|t:|1699924854\n|move|p1a: Glimmora|Spikes|p2a: Smeargle\n|-sidestart|p2: Just a Ghostyy|Spikes\n|move|p2a: Smeargle|Rain Dance|p2a: Smeargle\n|-weather|RainDance\n|\n|-weather|RainDance|[upkeep]\n|upkeep\n|turn|2\n|c|\u2606Just a Ghostyy|don't be scared it's not even my main one lol\n|c|\u2606Just a Ghostyy|just some test sweeps\n|\n|t:|1699924870\n|switch|p2a: Luvdisc|Luvdisc, F|100\/100\n|-damage|p2a: Luvdisc|88\/100|[from] Spikes\n|move|p1a: Glimmora|Spikes|p2a: Luvdisc\n|-sidestart|p2: Just a Ghostyy|Spikes\n|\n|-weather|RainDance|[upkeep]\n|upkeep\n|turn|3\n|c|\u2606Sasha82|oh, this teams meant to be a full on sweep as you can tell\n|\n|t:|1699924893\n|-terastallize|p1a: Glimmora|Flying\n|-zpower|p2a: Luvdisc\n|move|p2a: Luvdisc|Z-Splash|p2a: Luvdisc|[anim]Splash\n|-boost|p2a: Luvdisc|atk|3|[zeffect]\n|-nothing\n|move|p1a: Glimmora|Stealth Rock|p2a: Luvdisc\n|-sidestart|p2: Just a Ghostyy|move: Stealth Rock\n|\n|-weather|RainDance|[upkeep]\n|upkeep\n|turn|4\n|\n|t:|1699924906\n|move|p2a: Luvdisc|Liquidation|p1a: Glimmora\n|-damage|p1a: Glimmora|15\/100\n|-unboost|p1a: Glimmora|def|1\n|-activate|p1a: Glimmora|ability: Toxic Debris\n|-sidestart|p2: Just a Ghostyy|move: Toxic Spikes\n|move|p1a: Glimmora|Spikes|p2a: Luvdisc\n|-sidestart|p2: Just a Ghostyy|Spikes\n|\n|-weather|RainDance|[upkeep]\n|upkeep\n|turn|5\n|\n|t:|1699924915\n|move|p2a: Luvdisc|Liquidation|p1a: Glimmora\n|-damage|p1a: Glimmora|0 fnt\n|-activate|p1a: Glimmora|ability: Toxic Debris\n|-sidestart|p2: Just a Ghostyy|move: Toxic Spikes\n|faint|p1a: Glimmora\n|\n|-weather|RainDance|[upkeep]\n|upkeep\n|c|\u2606Just a Ghostyy|ah glimmora, my beloved hazard setter\n|\n|t:|1699924931\n|switch|p1a: Cloyster|Cloyster, M|100\/100\n|turn|6\n|c|\u2606Just a Ghostyy|why have you done me dirty like this\n|\n|t:|1699924937\n|move|p2a: Luvdisc|Liquidation|p1a: Cloyster\n|-resisted|p1a: Cloyster\n|-damage|p1a: Cloyster|65\/100\n|move|p1a: Cloyster|Shell Smash|p1a: Cloyster\n|-unboost|p1a: Cloyster|def|1\n|-unboost|p1a: Cloyster|spd|1\n|-boost|p1a: Cloyster|atk|2\n|-boost|p1a: Cloyster|spa|2\n|-boost|p1a: Cloyster|spe|2\n|\n|-weather|RainDance|[upkeep]\n|upkeep\n|turn|7\n|\n|t:|1699924946\n|move|p2a: Luvdisc|Liquidation|p1a: Cloyster\n|-resisted|p1a: Cloyster\n|-damage|p1a: Cloyster|12\/100\n|move|p1a: Cloyster|Rock Blast|p2a: Luvdisc\n|-damage|p2a: Luvdisc|52\/100\n|-damage|p2a: Luvdisc|16\/100\n|-damage|p2a: Luvdisc|0 fnt\n|faint|p2a: Luvdisc\n|-hitcount|p2: Luvdisc|3\n|\n|-weather|RainDance|[upkeep]\n|upkeep\n|\n|t:|1699924956\n|switch|p2a: Palafin|Palafin, M|100\/100\n|-damage|p2a: Palafin|76\/100|[from] Spikes\n|-damage|p2a: Palafin|63\/100|[from] Stealth Rock\n|-status|p2a: Palafin|tox\n|turn|8\n|\n|t:|1699924962\n|detailschange|p2a: Palafin|Palafin-Hero, M\n|switch|p2a: Smeargle|Smeargle, M|100\/100\n|-damage|p2a: Smeargle|76\/100|[from] Spikes\n|-damage|p2a: Smeargle|63\/100|[from] Stealth Rock\n|-status|p2a: Smeargle|tox\n|move|p1a: Cloyster|Rock Blast|p2a: Smeargle\n|-damage|p2a: Smeargle|29\/100 tox\n|-crit|p2a: Smeargle\n|-damage|p2a: Smeargle|0 fnt\n|faint|p2a: Smeargle\n|-hitcount|p2: Smeargle|2\n|\n|-weather|none\n|upkeep\n|\n|t:|1699924974\n|switch|p2a: Palafin|Palafin-Hero, M|63\/100 tox\n|-damage|p2a: Palafin|38\/100 tox|[from] Spikes\n|-damage|p2a: Palafin|26\/100 tox|[from] Stealth Rock\n|-activate|p2a: Palafin|ability: Zero to Hero\n|turn|9\n|\n|t:|1699924980\n|move|p2a: Palafin|Jet Punch|p1a: Cloyster\n|-resisted|p1a: Cloyster\n|-damage|p1a: Cloyster|0 fnt\n|faint|p1a: Cloyster\n|-damage|p2a: Palafin|16\/100 tox|[from] item: Life Orb\n|\n|-damage|p2a: Palafin|10\/100 tox|[from] psn\n|upkeep\n|c|\u2606Just a Ghostyy|after this battle want to rematch my real team?\n|c|\u2606Sasha82|Oh, did not know he got a priority move\n|c|\u2606Sasha82|ok\n|c|\u2606Just a Ghostyy|yeah it's the only reason i like him\n|\n|t:|1699925006\n|switch|p1a: Gengar|Gengar, F|100\/100\n|turn|10\n|\n|t:|1699925013\n|move|p2a: Palafin|Protect|p2a: Palafin\n|-singleturn|p2a: Palafin|Protect\n|move|p1a: Gengar|Thunderbolt|p2a: Palafin\n|-activate|p2a: Palafin|move: Protect\n|\n|-damage|p2a: Palafin|0 fnt|[from] psn\n|faint|p2a: Palafin\n|upkeep\n|\n|t:|1699925022\n|switch|p2a: Durant|Durant, M|100\/100\n|-damage|p2a: Durant|76\/100|[from] Spikes\n|-damage|p2a: Durant|63\/100|[from] Stealth Rock\n|turn|11\n|\n|t:|1699925030\n|move|p2a: Durant|Entrainment|p1a: Gengar\n|-endability|p1a: Gengar|Cursed Body|[from] move: Entrainment\n|-ability|p1a: Gengar|Truant|[from] move: Entrainment\n|move|p1a: Gengar|Will-O-Wisp|p2a: Durant\n|-status|p2a: Durant|brn\n|\n|-damage|p2a: Durant|57\/100 brn|[from] brn\n|upkeep\n|turn|12\n|\n|t:|1699925039\n|switch|p2a: Magearna|Magearna|100\/100\n|-damage|p2a: Magearna|75\/100|[from] Spikes\n|-damage|p2a: Magearna|69\/100|[from] Stealth Rock\n|cant|p1a: Gengar|ability: Truant\n|\n|upkeep\n|turn|13\n|c|\u2606Sasha82|the fucks traunt do\n|\n|t:|1699925058\n|move|p2a: Magearna|Protect|p2a: Magearna\n|-singleturn|p2a: Magearna|Protect\n|move|p1a: Gengar|Will-O-Wisp|p2a: Magearna\n|-activate|p2a: Magearna|move: Protect\n|\n|upkeep\n|turn|14\n|c|\u2606Just a Ghostyy|:)\n|\n|t:|1699925064\n|cant|p1a: Gengar|ability: Truant\n|move|p2a: Magearna|Shift Gear|p2a: Magearna\n|-boost|p2a: Magearna|spe|2\n|-boost|p2a: Magearna|atk|1\n|\n|upkeep\n|turn|15\n|\n|t:|1699925071\n|move|p2a: Magearna|Protect|p2a: Magearna\n|-singleturn|p2a: Magearna|Protect\n|move|p1a: Gengar|Shadow Ball|p2a: Magearna\n|-activate|p2a: Magearna|move: Protect\n|\n|upkeep\n|turn|16\n|\n|t:|1699925076\n|move|p2a: Magearna|Calm Mind|p2a: Magearna\n|-boost|p2a: Magearna|spa|1\n|-boost|p2a: Magearna|spd|1\n|cant|p1a: Gengar|ability: Truant\n|\n|upkeep\n|turn|17\n|\n|t:|1699925083\n|switch|p1a: Infernape|Infernape, F|100\/100\n|move|p2a: Magearna|Protect||[still]\n|-fail|p2a: Magearna\n|\n|upkeep\n|turn|18\n|\n|t:|1699925090\n|move|p1a: Infernape|Swords Dance|p1a: Infernape\n|-boost|p1a: Infernape|atk|2\n|move|p2a: Magearna|Stored Power|p1a: Infernape\n|-supereffective|p1a: Infernape\n|-enditem|p1a: Infernape|Focus Sash\n|-damage|p1a: Infernape|1\/100\n|\n|upkeep\n|turn|19\n|\n|t:|1699925098\n|move|p1a: Infernape|Blaze Kick|p2a: Magearna\n|-supereffective|p2a: Magearna\n|-damage|p2a: Magearna|0 fnt\n|faint|p2a: Magearna\n|\n|upkeep\n|c|\u2606Just a Ghostyy|welp\n|\n|t:|1699925105\n|switch|p2a: Durant|Durant, M|57\/100 brn\n|-damage|p2a: Durant|32\/100 brn|[from] Spikes\n|-damage|p2a: Durant|20\/100 brn|[from] Stealth Rock\n|turn|20\n|c|\u2606Sasha82|THANK FUCK\n|c|\u2606Sasha82|HE GETS SPEED\n|\n|t:|1699925110\n|move|p2a: Durant|First Impression|p1a: Infernape\n|-resisted|p1a: Infernape\n|-damage|p1a: Infernape|0 fnt\n|faint|p1a: Infernape\n|\n|-damage|p2a: Durant|14\/100 brn|[from] brn\n|upkeep\n|\n|t:|1699925119\n|switch|p1a: Gengar|Gengar, F|100\/100\n|turn|21\n|\n|t:|1699925122\n|cant|p2a: Durant|ability: Truant\n|move|p1a: Gengar|Shadow Ball|p2a: Durant\n|-damage|p2a: Durant|0 fnt\n|faint|p2a: Durant\n|-damage|p1a: Gengar|91\/100|[from] item: Life Orb\n|\n|upkeep\n|\n|t:|1699925128\n|switch|p2a: Polteageist|Polteageist-Antique|100\/100\n|-damage|p2a: Polteageist|76\/100|[from] Spikes\n|-damage|p2a: Polteageist|63\/100|[from] Stealth Rock\n|-status|p2a: Polteageist|tox\n|turn|22\n|n|!Sasha82|sasha82\n|\n|t:|1699925136\n|move|p1a: Gengar|Will-O-Wisp||[still]\n|-fail|p1a: Gengar\n|move|p2a: Polteageist|Shell Smash|p2a: Polteageist\n|-unboost|p2a: Polteageist|def|1\n|-unboost|p2a: Polteageist|spd|1\n|-boost|p2a: Polteageist|atk|2\n|-boost|p2a: Polteageist|spa|2\n|-boost|p2a: Polteageist|spe|2\n|-enditem|p2a: Polteageist|White Herb\n|-clearnegativeboost|p2a: Polteageist|[silent]\n|\n|-damage|p2a: Polteageist|57\/100 tox|[from] psn\n|upkeep\n|turn|23\n|\n|t:|1699925147\n|move|p2a: Polteageist|Stored Power|p1a: Gengar\n|-supereffective|p1a: Gengar\n|-damage|p1a: Gengar|0 fnt\n|faint|p1a: Gengar\n|\n|-damage|p2a: Polteageist|45\/100 tox|[from] psn\n|upkeep\n|\n|t:|1699925153\n|switch|p1a: Zekrom|Zekrom|100\/100\n|-ability|p1a: Zekrom|Teravolt\n|turn|24\n|c|\u2606Just a Ghostyy|that poor gengar just is not having a good time today\n|\n|t:|1699925159\n|move|p2a: Polteageist|Stored Power|p1a: Zekrom\n|-damage|p1a: Zekrom|0 fnt\n|faint|p1a: Zekrom\n|\n|-damage|p2a: Polteageist|27\/100 tox|[from] psn\n|upkeep\n|\n|t:|1699925165\n|switch|p1a: Meowscarada|Meowscarada, M|100\/100\n|turn|25\n|\n|t:|1699925168\n|move|p2a: Polteageist|Shadow Ball|p1a: Meowscarada\n|-resisted|p1a: Meowscarada\n|-damage|p1a: Meowscarada|16\/100\n|move|p1a: Meowscarada|Knock Off|p2a: Polteageist\n|-start|p1a: Meowscarada|typechange|Dark|[from] ability: Protean\n|-supereffective|p2a: Polteageist\n|-damage|p2a: Polteageist|0 fnt\n|faint|p2a: Polteageist\n|-damage|p1a: Meowscarada|6\/100|[from] item: Life Orb\n|\n|win|Sasha82\n|raw|Sasha82's rating: 1102 &rarr; <strong>1120<\/strong><br \/>(+18 for winning)\n|raw|Just a Ghostyy's rating: 1000 &rarr; <strong>1000<\/strong><br \/>(+0 for losing)\n","uploadtime":1699925133,"views":7,"p1id":"sasha82","p2id":"justaghostyy","formatid":"gen9nationaldexubers","rating":1000,"private":0,"password":""}