{"id":"gen9nationaldexubers-1984037966","p1":"ClickForVictory","p2":"alucs","format":"[Gen 9] National Dex Ubers","log":"|j|\u2606ClickForVictory\n|j|\u2606alucs\n|t:|1699212307\n|gametype|singles\n|player|p1|ClickForVictory|rika|\n|player|p2|alucs|zossie|\n|teamsize|p1|4\n|teamsize|p2|4\n|gen|9\n|tier|[Gen 9] National Dex Ubers\n|rule|HP Percentage Mod: HP is shown in percentages\n|rule|Endless Battle Clause: Forcing endless battles is banned\n|rule|OHKO Clause: OHKO moves are banned\n|rule|Evasion Moves Clause: Evasion moves are banned\n|rule|Evasion Items Clause: Evasion items are banned\n|rule|Species Clause: Limit one of each Pok\u00e9mon\n|rule|Sleep Clause Mod: Limit one foe put to sleep\n|rule|Mega Rayquaza Clause: You cannot mega evolve Rayquaza\n|clearpoke\n|poke|p1|Azumarill, F|\n|poke|p1|Mewtwo|\n|poke|p1|Rattata, L1, F|\n|poke|p1|Lucario, F|\n|poke|p2|Meowscarada, F|\n|poke|p2|Samurott, M|\n|poke|p2|Gengar, M|\n|poke|p2|Hoopa-Unbound|\n|teampreview\n|inactive|Battle timer is ON: inactive players will automatically lose when time's up. (requested by alucs)\n|c|\u2606alucs|oh no\n|c|\u2606alucs|lvl 1\n|c|\u2606ClickForVictory|have fun!\n|c|\u2606alucs|u2\n|inactive|alucs has 270 seconds left.\n|\n|t:|1699212344\n|start\n|switch|p1a: Happy New Year|Azumarill, F|100\/100\n|switch|p2a: Fun Police|Gengar, M|100\/100\n|turn|1\n|\n|t:|1699212361\n|switch|p1a: Lucy|Lucario, F|100\/100\n|move|p2a: Fun Police|Substitute|p2a: Fun Police\n|-start|p2a: Fun Police|Substitute\n|-damage|p2a: Fun Police|76\/100\n|\n|-heal|p2a: Fun Police|82\/100|[from] item: Black Sludge\n|upkeep\n|turn|2\n|\n|t:|1699212374\n|move|p2a: Fun Police|Shadow Ball|p1a: Lucy\n|-damage|p1a: Lucy|33\/100\n|move|p1a: Lucy|Ice Punch|p2a: Fun Police\n|-end|p2a: Fun Police|Substitute\n|\n|-heal|p2a: Fun Police|88\/100|[from] item: Black Sludge\n|upkeep\n|turn|3\n|\n|t:|1699212382\n|move|p1a: Lucy|Bullet Punch|p2a: Fun Police\n|-damage|p2a: Fun Police|52\/100\n|-start|p1a: Lucy|Disable|Bullet Punch|[from] ability: Cursed Body|[of] p2a: Fun Police\n|move|p2a: Fun Police|Substitute|p2a: Fun Police\n|-start|p2a: Fun Police|Substitute\n|-damage|p2a: Fun Police|27\/100\n|\n|-heal|p2a: Fun Police|33\/100|[from] item: Black Sludge\n|upkeep\n|turn|4\n|c|\u2606ClickForVictory|ouch\n|c|\u2606alucs|rip\n|\n|t:|1699212403\n|switch|p1a: Fear Me|Rattata, L1, F|100\/100\n|move|p2a: Fun Police|Shadow Ball|p1a: Fear Me\n|-immune|p1a: Fear Me\n|\n|-heal|p2a: Fun Police|39\/100|[from] item: Black Sludge\n|upkeep\n|turn|5\n|\n|t:|1699212413\n|switch|p1a: Lucy|Lucario, F|33\/100\n|move|p2a: Fun Police|Clear Smog|p1a: Lucy\n|-immune|p1a: Lucy\n|\n|-heal|p2a: Fun Police|45\/100|[from] item: Black Sludge\n|upkeep\n|turn|6\n|c|\u2606alucs|should have shadow balled, lol\n|\n|t:|1699212422\n|move|p1a: Lucy|Bullet Punch|p2a: Fun Police\n|-end|p2a: Fun Police|Substitute\n|move|p2a: Fun Police|Shadow Ball|p1a: Lucy\n|-damage|p1a: Lucy|0 fnt\n|faint|p1a: Lucy\n|\n|-heal|p2a: Fun Police|51\/100|[from] item: Black Sludge\n|upkeep\n|\n|t:|1699212427\n|switch|p1a: Happy New Year|Azumarill, F|100\/100\n|turn|7\n|\n|t:|1699212435\n|move|p2a: Fun Police|Substitute|p2a: Fun Police\n|-start|p2a: Fun Police|Substitute\n|-damage|p2a: Fun Police|27\/100\n|move|p1a: Happy New Year|Knock Off|p2a: Fun Police\n|-supereffective|p2a: Fun Police\n|-end|p2a: Fun Police|Substitute\n|\n|-heal|p2a: Fun Police|33\/100|[from] item: Black Sludge\n|upkeep\n|turn|8\n|\n|t:|1699212442\n|move|p2a: Fun Police|Trick|p1a: Happy New Year\n|-activate|p2a: Fun Police|move: Trick|[of] p1a: Happy New Year\n|-item|p1a: Happy New Year|Black Sludge|[from] move: Trick\n|-item|p2a: Fun Police|Choice Scarf|[from] move: Trick\n|move|p1a: Happy New Year|Knock Off|p2a: Fun Police\n|-supereffective|p2a: Fun Police\n|-damage|p2a: Fun Police|0 fnt\n|-enditem|p2a: Fun Police|Choice Scarf|[from] move: Knock Off|[of] p1a: Happy New Year\n|faint|p2a: Fun Police\n|\n|-damage|p1a: Happy New Year|88\/100|[from] item: Black Sludge\n|upkeep\n|\n|t:|1699212452\n|switch|p2a: roadside picnic|Meowscarada, F|100\/100\n|turn|9\n|\n|t:|1699212463\n|move|p2a: roadside picnic|Trailblaze|p1a: Happy New Year\n|-supereffective|p1a: Happy New Year\n|-damage|p1a: Happy New Year|30\/100\n|-boost|p2a: roadside picnic|spe|1\n|move|p1a: Happy New Year|Play Rough|p2a: roadside picnic\n|-supereffective|p2a: roadside picnic\n|-damage|p2a: roadside picnic|0 fnt\n|faint|p2a: roadside picnic\n|\n|-damage|p1a: Happy New Year|17\/100|[from] item: Black Sludge\n|upkeep\n|\n|t:|1699212471\n|switch|p2a: Pump It|Samurott, M|100\/100\n|turn|10\n|\n|t:|1699212479\n|move|p2a: Pump It|Hydro Pump|p1a: Happy New Year\n|-resisted|p1a: Happy New Year\n|-damage|p1a: Happy New Year|0 fnt\n|faint|p1a: Happy New Year\n|\n|upkeep\n|\n|t:|1699212483\n|switch|p1a: ONE PUNCH!!!|Mewtwo|100\/100\n|-ability|p1a: ONE PUNCH!!!|Unnerve\n|turn|11\n|\n|t:|1699212487\n|switch|p2a: Who?|Hoopa-Unbound|100\/100\n|move|p1a: ONE PUNCH!!!|Thunder Punch|p2a: Who?\n|-damage|p2a: Who?|61\/100\n|\n|upkeep\n|turn|12\n|c|\u2606alucs|omg that's a strong tpunch\n|\n|t:|1699212500\n|move|p1a: ONE PUNCH!!!|Power-Up Punch|p2a: Who?\n|-damage|p2a: Who?|41\/100\n|-boost|p1a: ONE PUNCH!!!|atk|1\n|move|p2a: Who?|Hyperspace Fury|p1a: ONE PUNCH!!!\n|-supereffective|p1a: ONE PUNCH!!!\n|-crit|p1a: ONE PUNCH!!!\n|-damage|p1a: ONE PUNCH!!!|0 fnt\n|-unboost|p2a: Who?|def|1\n|-enditem|p2a: Who?|Eject Pack\n|faint|p1a: ONE PUNCH!!!\n|\n|t:|1699212506\n|switch|p2a: Pump It|Samurott, M|100\/100\n|\n|upkeep\n|\n|t:|1699212509\n|switch|p1a: Fear Me|Rattata, L1, F|100\/100\n|turn|13\n|c|\u2606alucs|92 SpA Samurott Hydro Pump vs. Lvl 1 0 HP \/ 0 SpD Rattata: 5401-6355 (49100 - 57772.7%) -- guaranteed OHKO (5401, 5464, 5529, 5592, 5655, 5719, 5782, 5847, 5910, 5973, 6037, 6100, 6163, 6228, 6291, 6355) lol\n|\n|t:|1699212523\n|move|p2a: Pump It|Ice Beam|p1a: Fear Me\n|-enditem|p1a: Fear Me|Focus Sash\n|-damage|p1a: Fear Me|10\/100\n|move|p1a: Fear Me|Endeavor|p2a: Pump It\n|-damage|p2a: Pump It|1\/100\n|\n|upkeep\n|turn|14\n|c|\u2606ClickForVictory|close\n|\n|t:|1699212539\n|move|p1a: Fear Me|Quick Attack|p2a: Pump It\n|-damage|p2a: Pump It|0 fnt\n|faint|p2a: Pump It\n|\n|upkeep\n|\n|t:|1699212543\n|switch|p2a: Who?|Hoopa-Unbound|41\/100\n|turn|15\n|\n|t:|1699212546\n|move|p1a: Fear Me|Quick Attack|p2a: Who?\n|-damage|p2a: Who?|41\/100\n|move|p2a: Who?|Drain Punch|p1a: Fear Me\n|-supereffective|p1a: Fear Me\n|-damage|p1a: Fear Me|0 fnt\n|-heal|p2a: Who?|41\/100|[from] drain|[of] p1a: Fear Me\n|faint|p1a: Fear Me\n|\n|win|alucs\n|c|\u2606ClickForVictory|damn shoulda crit\n|c|\u2606alucs|yeah, almost had me\n","uploadtime":1699212552,"views":4,"p1id":"clickforvictory","p2id":"alucs","formatid":"gen9nationaldexubers","rating":0,"private":0,"password":""}