{"id":"gen9nationaldexubers-2000525030","p1":"asugamingpoke","p2":"SerasVSpectra","format":"[Gen 9] National Dex Ubers","log":"|j|\u2606asugamingpoke\n|j|\u2606SerasVSpectra\n|t:|1701202177\n|gametype|singles\n|player|p1|asugamingpoke|morty-masters2|1380\n|player|p2|SerasVSpectra|guitarist|1502\n|teamsize|p1|6\n|teamsize|p2|6\n|gen|9\n|tier|[Gen 9] National Dex Ubers\n|rated|\n|rule|HP Percentage Mod: HP is shown in percentages\n|rule|Endless Battle Clause: Forcing endless battles is banned\n|rule|OHKO Clause: OHKO moves are banned\n|rule|Evasion Moves Clause: Evasion moves are banned\n|rule|Evasion Items Clause: Evasion items are banned\n|rule|Species Clause: Limit one of each Pok\u00e9mon\n|rule|Sleep Clause Mod: Limit one foe put to sleep\n|rule|Mega Rayquaza Clause: You cannot mega evolve Rayquaza\n|clearpoke\n|poke|p1|Dragonite, F|\n|poke|p1|Zygarde|\n|poke|p1|Salamence, F|\n|poke|p1|Necrozma-Dusk-Mane|\n|poke|p1|Kyurem-Black|\n|poke|p1|Baxcalibur, M|\n|poke|p2|Deoxys-Attack|\n|poke|p2|Necrozma-Dawn-Wings|\n|poke|p2|Excadrill, F|\n|poke|p2|Indeedee, M|\n|poke|p2|Shuckle, F|\n|poke|p2|Groudon|\n|teampreview\n|\n|t:|1701202210\n|start\n|switch|p1a: porunga?|Dragonite, F|100\/100\n|switch|p2a: Shuckle|Shuckle, F|100\/100\n|turn|1\n|c|\u2606asugamingpoke|glhf\n|\n|t:|1701202220\n|move|p1a: porunga?|Dragon Dance|p1a: porunga?\n|-boost|p1a: porunga?|atk|1\n|-boost|p1a: porunga?|spe|1\n|move|p2a: Shuckle|Sticky Web|p1a: porunga?\n|-sidestart|p1: asugamingpoke|move: Sticky Web\n|\n|upkeep\n|turn|2\n|\n|t:|1701202224\n|move|p1a: porunga?|Dragon Dance|p1a: porunga?\n|-boost|p1a: porunga?|atk|1\n|-boost|p1a: porunga?|spe|1\n|move|p2a: Shuckle|Stealth Rock|p1a: porunga?\n|-sidestart|p1: asugamingpoke|move: Stealth Rock\n|\n|upkeep\n|turn|3\n|\n|t:|1701202232\n|move|p1a: porunga?|Dragon Dance|p1a: porunga?\n|-boost|p1a: porunga?|atk|1\n|-boost|p1a: porunga?|spe|1\n|move|p2a: Shuckle|Toxic|p1a: porunga?|[miss]\n|-miss|p2a: Shuckle|p1a: porunga?\n|\n|upkeep\n|turn|4\n|c|\u2606SerasVSpectra|Glhf\n|\n|t:|1701202244\n|move|p1a: porunga?|Dual Wingbeat|p2a: Shuckle\n|-damage|p2a: Shuckle|66\/100\n|-damage|p2a: Shuckle|30\/100\n|-hitcount|p2a: Shuckle|2\n|-enditem|p2a: Shuckle|Red Card|[of] p1a: porunga?\n|drag|p1a: supa porunga|Baxcalibur, M|100\/100\n|-activate|p1a: supa porunga|move: Sticky Web\n|-unboost|p1a: supa porunga|spe|1\n|-damage|p1a: supa porunga|76\/100|[from] Stealth Rock\n|move|p2a: Shuckle|Mud-Slap|p1a: supa porunga\n|-damage|p1a: supa porunga|74\/100\n|-unboost|p1a: supa porunga|accuracy|1\n|\n|upkeep\n|turn|5\n|\n|t:|1701202253\n|move|p1a: supa porunga|Icicle Spear|p2a: Shuckle\n|-damage|p2a: Shuckle|20\/100\n|-damage|p2a: Shuckle|10\/100\n|-damage|p2a: Shuckle|0 fnt\n|faint|p2a: Shuckle\n|-hitcount|p2: Shuckle|3\n|\n|upkeep\n|\n|t:|1701202259\n|switch|p2a: Indeedee|Indeedee, M|100\/100\n|-fieldstart|move: Psychic Terrain|[from] ability: Psychic Surge|[of] p2a: Indeedee\n|turn|6\n|\n|t:|1701202263\n|move|p2a: Indeedee|Healing Wish|p2a: Indeedee\n|faint|p2a: Indeedee\n|move|p1a: supa porunga|Icicle Spear|p2: Indeedee|[notarget]\n|-fail|p1a: supa porunga\n|\n|upkeep\n|\n|t:|1701202273\n|switch|p2a: Deoxys|Deoxys-Attack|100\/100\n|-ability|p2a: Deoxys|Pressure\n|turn|7\n|\n|t:|1701202276\n|-terastallize|p2a: Deoxys|Psychic\n|move|p2a: Deoxys|Psychic|p1a: supa porunga\n|-crit|p1a: supa porunga\n|-damage|p1a: supa porunga|0 fnt\n|faint|p1a: supa porunga\n|\n|upkeep\n|\n|t:|1701202282\n|switch|p1a: michael jackson|Necrozma-Dusk-Mane|100\/100\n|-activate|p1a: michael jackson|move: Sticky Web\n|-unboost|p1a: michael jackson|spe|1\n|-damage|p1a: michael jackson|95\/100|[from] Stealth Rock\n|turn|8\n|\n|t:|1701202287\n|switch|p2a: Necrozma|Necrozma-Dawn-Wings|100\/100\n|move|p1a: michael jackson|Sunsteel Strike|p2a: Necrozma\n|-damage|p2a: Necrozma|35\/100\n|\n|upkeep\n|turn|9\n|\n|t:|1701202295\n|detailschange|p2a: Necrozma|Necrozma-Ultra\n|-burst|p2a: Necrozma|Necrozma|Ultranecrozium Z\n|move|p2a: Necrozma|Moongeist Beam|p1a: michael jackson\n|-supereffective|p1a: michael jackson\n|-damage|p1a: michael jackson|8\/100\n|move|p1a: michael jackson|Sunsteel Strike|p2a: Necrozma\n|-damage|p2a: Necrozma|0 fnt\n|faint|p2a: Necrozma\n|\n|upkeep\n|\n|t:|1701202305\n|switch|p2a: Deoxys|Deoxys-Attack, tera:Psychic|100\/100\n|-ability|p2a: Deoxys|Pressure\n|turn|10\n|\n|t:|1701202310\n|detailschange|p1a: michael jackson|Necrozma-Ultra\n|-burst|p1a: michael jackson|Necrozma|Ultranecrozium Z\n|move|p2a: Deoxys|Psychic|p1a: michael jackson\n|-resisted|p1a: michael jackson\n|-damage|p1a: michael jackson|0 fnt\n|faint|p1a: michael jackson\n|\n|upkeep\n|\n|t:|1701202316\n|switch|p1a: mega dunsparce|Zygarde|100\/100\n|-activate|p1a: mega dunsparce|move: Sticky Web\n|-unboost|p1a: mega dunsparce|spe|1\n|-damage|p1a: mega dunsparce|94\/100|[from] Stealth Rock\n|turn|11\n|\n|t:|1701202323\n|-terastallize|p1a: mega dunsparce|Steel\n|move|p2a: Deoxys|Psychic|p1a: mega dunsparce\n|-resisted|p1a: mega dunsparce\n|-damage|p1a: mega dunsparce|44\/100\n|-unboost|p1a: mega dunsparce|spd|1\n|move|p1a: mega dunsparce|Thousand Arrows|p2a: Deoxys\n|-enditem|p2a: Deoxys|Focus Sash\n|-damage|p2a: Deoxys|1\/100\n|\n|-heal|p1a: mega dunsparce|51\/100|[from] item: Leftovers\n|upkeep\n|turn|12\n|\n|t:|1701202331\n|switch|p1a: porunga?|Dragonite, F|100\/100\n|-damage|p1a: porunga?|76\/100|[from] Stealth Rock\n|move|p2a: Deoxys|Thunderbolt|p1a: porunga?\n|-damage|p1a: porunga?|34\/100\n|\n|upkeep\n|turn|13\n|\n|t:|1701202336\n|move|p2a: Deoxys|Psychic|p1a: porunga?\n|-crit|p1a: porunga?\n|-damage|p1a: porunga?|0 fnt\n|faint|p1a: porunga?\n|\n|-fieldend|move: Psychic Terrain\n|upkeep\n|\n|t:|1701202340\n|switch|p1a: mega dunsparce|Zygarde, tera:Steel|51\/100\n|-activate|p1a: mega dunsparce|move: Sticky Web\n|-unboost|p1a: mega dunsparce|spe|1\n|-damage|p1a: mega dunsparce|44\/100|[from] Stealth Rock\n|turn|14\n|\n|t:|1701202347\n|move|p2a: Deoxys|Thunderbolt|p1a: mega dunsparce\n|-damage|p1a: mega dunsparce|6\/100\n|move|p1a: mega dunsparce|Dragon Dance|p1a: mega dunsparce\n|-boost|p1a: mega dunsparce|atk|1\n|-boost|p1a: mega dunsparce|spe|1\n|\n|-heal|p1a: mega dunsparce|12\/100|[from] item: Leftovers\n|-activate|p1a: mega dunsparce|ability: Power Construct\n|detailschange|p1a: mega dunsparce|Zygarde-Complete, tera:Steel\n|-heal|p1a: mega dunsparce|45\/100|[silent]\n|upkeep\n|turn|15\n|\n|t:|1701202361\n|move|p2a: Deoxys|Thunderbolt|p1a: mega dunsparce\n|-damage|p1a: mega dunsparce|20\/100\n|move|p1a: mega dunsparce|Thousand Arrows|p2a: Deoxys\n|-damage|p2a: Deoxys|0 fnt\n|faint|p2a: Deoxys\n|\n|-heal|p1a: mega dunsparce|26\/100|[from] item: Leftovers\n|upkeep\n|\n|t:|1701202371\n|switch|p2a: Groudon|Groudon, shiny|100\/100\n|detailschange|p2a: Groudon|Groudon-Primal, shiny\n|-primal|p2a: Groudon|Red Orb\n|-weather|DesolateLand|[from] ability: Desolate Land|[of] p2a: Groudon\n|turn|16\n|\n|t:|1701202377\n|move|p2a: Groudon|Power-Up Punch|p1a: mega dunsparce\n|-supereffective|p1a: mega dunsparce\n|-damage|p1a: mega dunsparce|8\/100\n|-boost|p2a: Groudon|atk|1\n|move|p1a: mega dunsparce|Thousand Arrows|p2a: Groudon\n|-supereffective|p2a: Groudon\n|-damage|p2a: Groudon|20\/100\n|\n|-weather|DesolateLand|[upkeep]\n|-heal|p1a: mega dunsparce|14\/100|[from] item: Leftovers\n|upkeep\n|turn|17\n|\n|t:|1701202383\n|move|p2a: Groudon|Power-Up Punch|p1a: mega dunsparce\n|-supereffective|p1a: mega dunsparce\n|-damage|p1a: mega dunsparce|0 fnt\n|-boost|p2a: Groudon|atk|1\n|faint|p1a: mega dunsparce\n|\n|-weather|DesolateLand|[upkeep]\n|upkeep\n|\n|t:|1701202386\n|switch|p1a: salaman|Salamence, F|100\/100\n|-damage|p1a: salaman|76\/100|[from] Stealth Rock\n|-ability|p1a: salaman|Intimidate|boost\n|-unboost|p2a: Groudon|atk|1\n|turn|18\n|\n|t:|1701202390\n|-weather|none\n|switch|p2a: Excadrill|Excadrill, F|100\/100\n|-ability|p2a: Excadrill|Mold Breaker\n|-item|p2a: Excadrill|Air Balloon\n|detailschange|p1a: salaman|Salamence-Mega, F\n|-mega|p1a: salaman|Salamence|Salamencite\n|move|p1a: salaman|Earthquake|p2a: Excadrill\n|-immune|p2a: Excadrill\n|\n|upkeep\n|turn|19\n|\n|t:|1701202400\n|move|p1a: salaman|Return|p2a: Excadrill\n|-resisted|p2a: Excadrill\n|-damage|p2a: Excadrill|47\/100\n|-enditem|p2a: Excadrill|Air Balloon\n|move|p2a: Excadrill|Rock Tomb|p1a: salaman\n|-supereffective|p1a: salaman\n|-damage|p1a: salaman|38\/100\n|-unboost|p1a: salaman|spe|1\n|\n|upkeep\n|turn|20\n|\n|t:|1701202405\n|switch|p1a: ice ice baby|Kyurem-Black|100\/100\n|-activate|p1a: ice ice baby|move: Sticky Web\n|-unboost|p1a: ice ice baby|spe|1\n|-damage|p1a: ice ice baby|76\/100|[from] Stealth Rock\n|-ability|p1a: ice ice baby|Teravolt\n|move|p2a: Excadrill|Iron Head|p1a: ice ice baby\n|-supereffective|p1a: ice ice baby\n|-damage|p1a: ice ice baby|0 fnt\n|faint|p1a: ice ice baby\n|\n|upkeep\n|\n|t:|1701202408\n|switch|p1a: salaman|Salamence-Mega, F|38\/100\n|-damage|p1a: salaman|13\/100|[from] Stealth Rock\n|turn|21\n|\n|t:|1701202412\n|move|p1a: salaman|Earthquake|p2a: Excadrill\n|-supereffective|p2a: Excadrill\n|-damage|p2a: Excadrill|0 fnt\n|faint|p2a: Excadrill\n|\n|upkeep\n|c|\u2606asugamingpoke|gg\n|\n|t:|1701202415\n|switch|p2a: Groudon|Groudon-Primal, shiny|20\/100\n|-heal|p2a: Groudon|100\/100|[from] move: Healing Wish\n|-weather|DesolateLand|[from] ability: Desolate Land|[of] p2a: Groudon\n|turn|22\n|c|\u2606SerasVSpectra|Gg\n|c|\u2606asugamingpoke|oof\n|c|\u2606asugamingpoke|i forgot that\n|\n|t:|1701202428\n|move|p1a: salaman|Earthquake|p2a: Groudon\n|-supereffective|p2a: Groudon\n|-damage|p2a: Groudon|42\/100\n|move|p2a: Groudon|Rock Blast|p1a: salaman\n|-supereffective|p1a: salaman\n|-damage|p1a: salaman|0 fnt\n|faint|p1a: salaman\n|-hitcount|p1: salaman|1\n|\n|win|SerasVSpectra\n|raw|asugamingpoke's rating: 1380 &rarr; <strong>1367<\/strong><br \/>(-13 for losing)\n|raw|SerasVSpectra's rating: 1502 &rarr; <strong>1515<\/strong><br \/>(+13 for winning)\n|l|\u2606asugamingpoke\n|c|\u2606SerasVSpectra|Heh\n","uploadtime":1701202442,"views":6,"p1id":"asugamingpoke","p2id":"serasvspectra","formatid":"gen9nationaldexubers","rating":1367,"private":0,"password":""}