{"id":"gen9nationaldexubers-1979469839","p1":"MarcusAurelius345","p2":"Billy Articuno28","format":"[Gen 9] National Dex Ubers","log":"|j|\u2606MarcusAurelius345\n|j|\u2606Billy Articuno28\n|t:|1698685184\n|gametype|singles\n|player|p1|MarcusAurelius345|palmer|1176\n|player|p2|Billy Articuno28|unknown|1141\n|teamsize|p1|6\n|teamsize|p2|6\n|gen|9\n|tier|[Gen 9] National Dex Ubers\n|rated|\n|rule|HP Percentage Mod: HP is shown in percentages\n|rule|Endless Battle Clause: Forcing endless battles is banned\n|rule|OHKO Clause: OHKO moves are banned\n|rule|Evasion Moves Clause: Evasion moves are banned\n|rule|Evasion Items Clause: Evasion items are banned\n|rule|Species Clause: Limit one of each Pok\u00e9mon\n|rule|Sleep Clause Mod: Limit one foe put to sleep\n|rule|Mega Rayquaza Clause: You cannot mega evolve Rayquaza\n|clearpoke\n|poke|p1|Urshifu-*, M|\n|poke|p1|Ceruledge, F|\n|poke|p1|Zacian-*|\n|poke|p1|Meowscarada, F|\n|poke|p1|Klefki, F|\n|poke|p1|Toxapex, F|\n|poke|p2|Galvantula, M|\n|poke|p2|Marshadow|\n|poke|p2|Smeargle, F|\n|poke|p2|Necrozma-Dusk-Mane|\n|poke|p2|Zacian-*|\n|poke|p2|Shaymin-Sky|\n|teampreview\n|\n|t:|1698685203\n|start\n|switch|p1a: Ceruledge|Ceruledge, F|100\/100\n|switch|p2a: gohma|Galvantula, M, shiny|100\/100\n|turn|1\n|c|\u2606Billy Articuno28|glhf\n|\n|t:|1698685210\n|move|p2a: gohma|Thunder Wave|p1a: Ceruledge\n|-status|p1a: Ceruledge|par\n|cant|p1a: Ceruledge|par\n|\n|upkeep\n|turn|2\n|\n|t:|1698685218\n|move|p2a: gohma|Sticky Web|p1a: Ceruledge\n|-sidestart|p1: MarcusAurelius345|move: Sticky Web\n|cant|p1a: Ceruledge|par\n|\n|upkeep\n|turn|3\n|\n|t:|1698685223\n|move|p2a: gohma|Thunder|p1a: Ceruledge\n|-damage|p1a: Ceruledge|44\/100 par\n|move|p1a: Ceruledge|Bitter Blade|p2a: gohma\n|-supereffective|p2a: gohma\n|-enditem|p2a: gohma|Focus Sash\n|-damage|p2a: gohma|1\/100\n|-heal|p1a: Ceruledge|93\/100 par|[from] drain|[of] p2a: gohma\n|\n|upkeep\n|turn|4\n|\n|t:|1698685233\n|cant|p1a: Ceruledge|par\n|move|p2a: gohma|Thunder|p1a: Ceruledge\n|-damage|p1a: Ceruledge|33\/100 par\n|\n|upkeep\n|turn|5\n|\n|t:|1698685240\n|move|p1a: Ceruledge|Shadow Sneak|p2a: gohma\n|-damage|p2a: gohma|0 fnt\n|faint|p2a: gohma\n|\n|upkeep\n|\n|t:|1698685243\n|switch|p2a: korok|Smeargle, F|100\/100\n|turn|6\n|\n|t:|1698685248\n|move|p2a: korok|Substitute|p2a: korok\n|-start|p2a: korok|Substitute\n|-damage|p2a: korok|76\/100\n|move|p1a: Ceruledge|Close Combat|p2a: korok\n|-supereffective|p2a: korok\n|-end|p2a: korok|Substitute\n|-unboost|p1a: Ceruledge|def|1\n|-unboost|p1a: Ceruledge|spd|1\n|\n|-heal|p2a: korok|82\/100|[from] item: Leftovers\n|-ability|p2a: korok|Moody|boost\n|-boost|p2a: korok|spe|2\n|-unboost|p2a: korok|spa|1\n|upkeep\n|turn|7\n|\n|t:|1698685261\n|move|p2a: korok|Spiky Shield|p2a: korok\n|-singleturn|p2a: korok|move: Protect\n|cant|p1a: Ceruledge|par\n|\n|-heal|p2a: korok|88\/100|[from] item: Leftovers\n|-ability|p2a: korok|Moody|boost\n|-boost|p2a: korok|spd|2\n|-unboost|p2a: korok|spa|1\n|upkeep\n|turn|8\n|\n|t:|1698685271\n|move|p2a: korok|Substitute|p2a: korok\n|-start|p2a: korok|Substitute\n|-damage|p2a: korok|63\/100\n|move|p1a: Ceruledge|Close Combat|p2a: korok\n|-supereffective|p2a: korok\n|-crit|p2a: korok\n|-end|p2a: korok|Substitute\n|-unboost|p1a: Ceruledge|def|1\n|-unboost|p1a: Ceruledge|spd|1\n|\n|-heal|p2a: korok|69\/100|[from] item: Leftovers\n|-ability|p2a: korok|Moody|boost\n|-boost|p2a: korok|def|2\n|-unboost|p2a: korok|atk|1\n|upkeep\n|turn|9\n|\n|t:|1698685285\n|move|p2a: korok|Spiky Shield|p2a: korok\n|-singleturn|p2a: korok|move: Protect\n|move|p1a: Ceruledge|Bitter Blade|p2a: korok\n|-activate|p2a: korok|move: Protect\n|-damage|p1a: Ceruledge|20\/100 par|[from] Spiky Shield|[of] p2a: korok\n|\n|-heal|p2a: korok|75\/100|[from] item: Leftovers\n|-ability|p2a: korok|Moody|boost\n|-boost|p2a: korok|spd|2\n|-unboost|p2a: korok|spe|1\n|upkeep\n|turn|10\n|\n|t:|1698685311\n|move|p2a: korok|Substitute|p2a: korok\n|-start|p2a: korok|Substitute\n|-damage|p2a: korok|50\/100\n|move|p1a: Ceruledge|Close Combat|p2a: korok\n|-supereffective|p2a: korok\n|-end|p2a: korok|Substitute\n|-unboost|p1a: Ceruledge|def|1\n|-unboost|p1a: Ceruledge|spd|1\n|\n|-heal|p2a: korok|56\/100|[from] item: Leftovers\n|-ability|p2a: korok|Moody|boost\n|-boost|p2a: korok|atk|2\n|-unboost|p2a: korok|def|1\n|upkeep\n|turn|11\n|\n|t:|1698685325\n|move|p2a: korok|Spiky Shield|p2a: korok\n|-singleturn|p2a: korok|move: Protect\n|move|p1a: Ceruledge|Close Combat|p2a: korok\n|-activate|p2a: korok|move: Protect\n|-damage|p1a: Ceruledge|8\/100 par|[from] Spiky Shield|[of] p2a: korok\n|\n|-heal|p2a: korok|62\/100|[from] item: Leftovers\n|-ability|p2a: korok|Moody|boost\n|-boost|p2a: korok|spe|2\n|-unboost|p2a: korok|atk|1\n|upkeep\n|turn|12\n|c|\u2606MarcusAurelius345|Ur gay\n|-message|MarcusAurelius345 forfeited.\n|\n|win|Billy Articuno28\n|raw|MarcusAurelius345's rating: 1176 &rarr; <strong>1148<\/strong><br \/>(-28 for losing)\n|raw|Billy Articuno28's rating: 1141 &rarr; <strong>1169<\/strong><br \/>(+28 for winning)\n|l|\u2606MarcusAurelius345\n","uploadtime":1698685354,"views":13,"p1id":"marcusaurelius345","p2id":"billyarticuno28","formatid":"gen9nationaldexubers","rating":1148,"private":0,"password":""}