{"id":"gen9nationaldexubers-1989542165","p1":"seanhip2","p2":"xinnobu","format":"[Gen 9] National Dex Ubers","log":"|j|\u2606seanhip2\n|j|\u2606xinnobu\n|t:|1699868459\n|gametype|singles\n|player|p1|seanhip2|169|1640\n|player|p2|xinnobu|elesa-gen5bw2|1678\n|teamsize|p1|6\n|teamsize|p2|6\n|gen|9\n|tier|[Gen 9] National Dex Ubers\n|rated|\n|rule|HP Percentage Mod: HP is shown in percentages\n|rule|Endless Battle Clause: Forcing endless battles is banned\n|rule|OHKO Clause: OHKO moves are banned\n|rule|Evasion Moves Clause: Evasion moves are banned\n|rule|Evasion Items Clause: Evasion items are banned\n|rule|Species Clause: Limit one of each Pok\u00e9mon\n|rule|Sleep Clause Mod: Limit one foe put to sleep\n|rule|Mega Rayquaza Clause: You cannot mega evolve Rayquaza\n|clearpoke\n|poke|p1|Groudon|\n|poke|p1|Ho-Oh|\n|poke|p1|Zygarde|\n|poke|p1|Arceus-Ground|\n|poke|p1|Yveltal|\n|poke|p1|Necrozma-Dusk-Mane|\n|poke|p2|Chien-Pao|\n|poke|p2|Ditto|\n|poke|p2|Kyogre|\n|poke|p2|Groudon|\n|poke|p2|Zacian-*|\n|poke|p2|Yveltal|\n|teampreview\n|\n|t:|1699868465\n|start\n|switch|p1a: Ho-Oh|Ho-Oh|100\/100\n|switch|p2a: Chien-Pao|Chien-Pao|100\/100\n|-ability|p2a: Chien-Pao|Sword of Ruin\n|turn|1\n|inactive|Battle timer is ON: inactive players will automatically lose when time's up. (requested by xinnobu)\n|\n|t:|1699868468\n|switch|p2a: Kyogre|Kyogre|100\/100\n|detailschange|p2a: Kyogre|Kyogre-Primal\n|-primal|p2a: Kyogre|Blue Orb\n|-weather|PrimordialSea|[from] ability: Primordial Sea|[of] p2a: Kyogre\n|move|p1a: Ho-Oh|Toxic|p2a: Kyogre\n|-status|p2a: Kyogre|tox\n|\n|-weather|PrimordialSea|[upkeep]\n|-damage|p2a: Kyogre|94\/100 tox|[from] psn\n|upkeep\n|turn|2\n|\n|t:|1699868471\n|switch|p1a: Groudon|Groudon|100\/100\n|detailschange|p1a: Groudon|Groudon-Primal\n|-primal|p1a: Groudon|Red Orb\n|-weather|DesolateLand|[from] ability: Desolate Land|[of] p1a: Groudon\n|move|p2a: Kyogre|Ice Beam|p1a: Groudon\n|-damage|p1a: Groudon|69\/100\n|\n|-weather|DesolateLand|[upkeep]\n|-damage|p2a: Kyogre|82\/100 tox|[from] psn\n|upkeep\n|turn|3\n|\n|t:|1699868475\n|switch|p2a: Yveltal|Yveltal|100\/100\n|-ability|p2a: Yveltal|Dark Aura\n|move|p1a: Groudon|Stealth Rock|p2a: Yveltal\n|-sidestart|p2: xinnobu|move: Stealth Rock\n|\n|-weather|DesolateLand|[upkeep]\n|upkeep\n|turn|4\n|\n|t:|1699868478\n|move|p2a: Yveltal|Dark Pulse|p1a: Groudon\n|-damage|p1a: Groudon|23\/100\n|-damage|p2a: Yveltal|91\/100|[from] item: Life Orb\n|move|p1a: Groudon|Rock Tomb|p2a: Yveltal\n|-supereffective|p2a: Yveltal\n|-damage|p2a: Yveltal|50\/100\n|-unboost|p2a: Yveltal|spe|1\n|\n|-weather|DesolateLand|[upkeep]\n|upkeep\n|turn|5\n|\n|t:|1699868482\n|move|p2a: Yveltal|Oblivion Wing|p1a: Groudon\n|-damage|p1a: Groudon|0 fnt\n|-heal|p2a: Yveltal|68\/100|[from] drain|[of] p1a: Groudon\n|faint|p1a: Groudon\n|-weather|none\n|-damage|p2a: Yveltal|58\/100|[from] item: Life Orb\n|\n|upkeep\n|\n|t:|1699868486\n|switch|p1a: Yveltal|Yveltal|100\/100\n|-ability|p1a: Yveltal|Dark Aura\n|turn|6\n|\n|t:|1699868489\n|move|p1a: Yveltal|Knock Off|p2a: Yveltal\n|-resisted|p2a: Yveltal\n|-damage|p2a: Yveltal|31\/100\n|-enditem|p2a: Yveltal|Life Orb|[from] move: Knock Off|[of] p1a: Yveltal\n|move|p2a: Yveltal|Oblivion Wing|p1a: Yveltal\n|-damage|p1a: Yveltal|72\/100\n|-heal|p2a: Yveltal|56\/100|[from] drain|[of] p1a: Yveltal\n|\n|upkeep\n|turn|7\n|\n|t:|1699868497\n|switch|p2a: Zacian|Zacian-Crowned|100\/100\n|-damage|p2a: Zacian|94\/100|[from] Stealth Rock\n|-ability|p2a: Zacian|Intrepid Sword|boost\n|-boost|p2a: Zacian|atk|1\n|move|p1a: Yveltal|Toxic|p2a: Zacian|[miss]\n|-miss|p1a: Yveltal|p2a: Zacian\n|\n|upkeep\n|turn|8\n|\n|t:|1699868501\n|move|p2a: Zacian|Behemoth Blade|p1a: Yveltal\n|-crit|p1a: Yveltal\n|-damage|p1a: Yveltal|0 fnt\n|faint|p1a: Yveltal\n|\n|upkeep\n|\n|t:|1699868504\n|switch|p1a: Arceus|Arceus-Ground|100\/100\n|turn|9\n|\n|t:|1699868509\n|move|p2a: Zacian|Behemoth Blade|p1a: Arceus\n|-damage|p1a: Arceus|38\/100\n|move|p1a: Arceus|Dragon Dance|p1a: Arceus\n|-boost|p1a: Arceus|atk|1\n|-boost|p1a: Arceus|spe|1\n|\n|upkeep\n|turn|10\n|\n|t:|1699868518\n|move|p1a: Arceus|Earthquake|p2a: Zacian\n|-supereffective|p2a: Zacian\n|-damage|p2a: Zacian|0 fnt\n|faint|p2a: Zacian\n|\n|upkeep\n|\n|t:|1699868521\n|switch|p2a: Ditto|Ditto|100\/100\n|-damage|p2a: Ditto|88\/100|[from] Stealth Rock\n|-transform|p2a: Ditto|p1a: Arceus|[from] ability: Imposter\n|turn|11\n|\n|t:|1699868524\n|switch|p1a: Zygarde|Zygarde|100\/100\n|move|p2a: Ditto|Earthquake|p1a: Zygarde\n|-damage|p1a: Zygarde|62\/100\n|\n|-heal|p1a: Zygarde|69\/100|[from] item: Leftovers\n|upkeep\n|turn|12\n|\n|t:|1699868531\n|switch|p2a: Kyogre|Kyogre-Primal|82\/100 tox\n|-damage|p2a: Kyogre|70\/100 tox|[from] Stealth Rock\n|-weather|PrimordialSea|[from] ability: Primordial Sea|[of] p2a: Kyogre\n|move|p1a: Zygarde|Thousand Arrows|p2a: Kyogre\n|-damage|p2a: Kyogre|38\/100 tox\n|\n|-weather|PrimordialSea|[upkeep]\n|-heal|p1a: Zygarde|75\/100|[from] item: Leftovers\n|-damage|p2a: Kyogre|32\/100 tox|[from] psn\n|upkeep\n|turn|13\n|\n|t:|1699868538\n|-terastallize|p1a: Zygarde|Water\n|move|p2a: Kyogre|Origin Pulse|p1a: Zygarde\n|-resisted|p1a: Zygarde\n|-damage|p1a: Zygarde|28\/100\n|move|p1a: Zygarde|Thousand Arrows|p2a: Kyogre\n|-damage|p2a: Kyogre|1\/100 tox\n|\n|-weather|PrimordialSea|[upkeep]\n|-heal|p1a: Zygarde|35\/100|[from] item: Leftovers\n|-damage|p2a: Kyogre|0 fnt|[from] psn\n|faint|p2a: Kyogre\n|-weather|none\n|-activate|p1a: Zygarde|ability: Power Construct\n|detailschange|p1a: Zygarde|Zygarde-Complete, tera:Water\n|-heal|p1a: Zygarde|57\/100|[silent]\n|upkeep\n|\n|t:|1699868545\n|switch|p2a: Yveltal|Yveltal|56\/100\n|-damage|p2a: Yveltal|31\/100|[from] Stealth Rock\n|-ability|p2a: Yveltal|Dark Aura\n|turn|14\n|\n|t:|1699868550\n|switch|p1a: Ho-Oh|Ho-Oh|100\/100\n|move|p2a: Yveltal|Oblivion Wing|p1a: Ho-Oh\n|-damage|p1a: Ho-Oh|77\/100\n|-heal|p2a: Yveltal|49\/100|[from] drain|[of] p1a: Ho-Oh\n|\n|upkeep\n|turn|15\n|\n|t:|1699868553\n|move|p2a: Yveltal|Dark Pulse|p1a: Ho-Oh\n|-damage|p1a: Ho-Oh|48\/100\n|cant|p1a: Ho-Oh|flinch\n|\n|upkeep\n|turn|16\n|\n|t:|1699868559\n|switch|p2a: Groudon|Groudon|100\/100\n|-damage|p2a: Groudon|94\/100|[from] Stealth Rock\n|detailschange|p2a: Groudon|Groudon-Primal\n|-primal|p2a: Groudon|Red Orb\n|-weather|DesolateLand|[from] ability: Desolate Land|[of] p2a: Groudon\n|move|p1a: Ho-Oh|Toxic|p2a: Groudon\n|-status|p2a: Groudon|tox\n|\n|-weather|DesolateLand|[upkeep]\n|-damage|p2a: Groudon|88\/100 tox|[from] psn\n|upkeep\n|turn|17\n|\n|t:|1699868563\n|switch|p1a: Zygarde|Zygarde-Complete, tera:Water|57\/100\n|move|p2a: Groudon|Stone Edge|p1a: Zygarde\n|-damage|p1a: Zygarde|41\/100\n|\n|-weather|DesolateLand|[upkeep]\n|-heal|p1a: Zygarde|47\/100|[from] item: Leftovers\n|-damage|p2a: Groudon|76\/100 tox|[from] psn\n|upkeep\n|turn|18\n|\n|t:|1699868572\n|move|p2a: Groudon|Precipice Blades|p1a: Zygarde\n|-damage|p1a: Zygarde|18\/100\n|move|p1a: Zygarde|Thousand Arrows|p2a: Groudon\n|-supereffective|p2a: Groudon\n|-damage|p2a: Groudon|39\/100 tox\n|\n|-weather|DesolateLand|[upkeep]\n|-heal|p1a: Zygarde|25\/100|[from] item: Leftovers\n|-damage|p2a: Groudon|20\/100 tox|[from] psn\n|upkeep\n|turn|19\n|\n|t:|1699868581\n|switch|p1a: Ho-Oh|Ho-Oh|81\/100\n|move|p2a: Groudon|Precipice Blades|p1a: Ho-Oh\n|-immune|p1a: Ho-Oh\n|\n|-weather|DesolateLand|[upkeep]\n|-damage|p2a: Groudon|0 fnt|[from] psn\n|faint|p2a: Groudon\n|-weather|none\n|upkeep\n|\n|t:|1699868585\n|switch|p2a: Chien-Pao|Chien-Pao|100\/100\n|-damage|p2a: Chien-Pao|76\/100|[from] Stealth Rock\n|-ability|p2a: Chien-Pao|Sword of Ruin\n|turn|20\n|\n|t:|1699868587\n|move|p2a: Chien-Pao|Crunch|p1a: Ho-Oh\n|-damage|p1a: Ho-Oh|50\/100\n|move|p1a: Ho-Oh|Sacred Fire|p2a: Chien-Pao\n|-supereffective|p2a: Chien-Pao\n|-damage|p2a: Chien-Pao|0 fnt\n|faint|p2a: Chien-Pao\n|\n|upkeep\n|-message|xinnobu forfeited.\n|\n|win|seanhip2\n|raw|seanhip2's rating: 1640 &rarr; <strong>1662<\/strong><br \/>(+22 for winning)\n|raw|xinnobu's rating: 1678 &rarr; <strong>1656<\/strong><br \/>(-22 for losing)\n|l|\u2606xinnobu\n|l|\u2606seanhip2\n","uploadtime":1699868730,"views":5,"p1id":"seanhip2","p2id":"xinnobu","formatid":"gen9nationaldexubers","rating":1656,"private":0,"password":""}