{"id":"gen9nationaldexubers-2000423721","p1":"videorelaxant777","p2":"losr1229","format":"[Gen 9] National Dex Ubers","log":"|j|\u2606videorelaxant777\n|j|\u2606losr1229\n|t:|1701193598\n|gametype|singles\n|player|p1|videorelaxant777|acerola|1314\n|player|p2|losr1229|twins|1364\n|teamsize|p1|6\n|teamsize|p2|6\n|gen|9\n|tier|[Gen 9] National Dex Ubers\n|rated|\n|rule|HP Percentage Mod: HP is shown in percentages\n|rule|Endless Battle Clause: Forcing endless battles is banned\n|rule|OHKO Clause: OHKO moves are banned\n|rule|Evasion Moves Clause: Evasion moves are banned\n|rule|Evasion Items Clause: Evasion items are banned\n|rule|Species Clause: Limit one of each Pok\u00e9mon\n|rule|Sleep Clause Mod: Limit one foe put to sleep\n|rule|Mega Rayquaza Clause: You cannot mega evolve Rayquaza\n|clearpoke\n|poke|p1|Smeargle, M|\n|poke|p1|Grimmsnarl, M|\n|poke|p1|Arceus|\n|poke|p1|Marshadow|\n|poke|p1|Landorus-Therian, M|\n|poke|p1|Serperior, F|\n|poke|p2|Dracovish|\n|poke|p2|Galvantula, M|\n|poke|p2|Dragapult, F|\n|poke|p2|Groudon|\n|poke|p2|Regieleki|\n|poke|p2|Blaziken, M|\n|teampreview\n|inactive|Battle timer is ON: inactive players will automatically lose when time's up. (requested by losr1229)\n|c|\u2606videorelaxant777|glhf\n|\n|t:|1701193603\n|start\n|switch|p1a: Sploosh N' Woosh|Smeargle, M|100\/100\n|switch|p2a: Galvantula|Galvantula, M, shiny|100\/100\n|turn|1\n|\n|t:|1701193608\n|move|p2a: Galvantula|Sticky Web|p1a: Sploosh N' Woosh\n|-sidestart|p1: videorelaxant777|move: Sticky Web\n|move|p1a: Sploosh N' Woosh|Spore|p2a: Galvantula\n|-status|p2a: Galvantula|slp|[from] move: Spore\n|\n|-ability|p1a: Sploosh N' Woosh|Moody|boost\n|-boost|p1a: Sploosh N' Woosh|spa|2\n|-unboost|p1a: Sploosh N' Woosh|def|1\n|upkeep\n|turn|2\n|\n|t:|1701193616\n|cant|p2a: Galvantula|slp\n|move|p1a: Sploosh N' Woosh|Sticky Web|p2a: Galvantula\n|-sidestart|p2: losr1229|move: Sticky Web\n|\n|-ability|p1a: Sploosh N' Woosh|Moody|boost\n|-boost|p1a: Sploosh N' Woosh|def|2\n|-unboost|p1a: Sploosh N' Woosh|spd|1\n|upkeep\n|turn|3\n|\n|t:|1701193623\n|cant|p2a: Galvantula|slp\n|move|p1a: Sploosh N' Woosh|Rapid Spin|p2a: Galvantula\n|-damage|p2a: Galvantula|92\/100 slp\n|-boost|p1a: Sploosh N' Woosh|spe|1\n|-sideend|p1: videorelaxant777|Sticky Web|[from] move: Rapid Spin|[of] p1a: Sploosh N' Woosh\n|\n|-ability|p1a: Sploosh N' Woosh|Moody|boost\n|-boost|p1a: Sploosh N' Woosh|spa|2\n|-unboost|p1a: Sploosh N' Woosh|spe|1\n|upkeep\n|turn|4\n|\n|t:|1701193630\n|switch|p1a: Ben Shapiro|Grimmsnarl, M|100\/100\n|-curestatus|p2a: Galvantula|slp|[msg]\n|move|p2a: Galvantula|Thunder Wave|p1a: Ben Shapiro\n|-status|p1a: Ben Shapiro|par\n|\n|upkeep\n|turn|5\n|\n|t:|1701193640\n|move|p1a: Ben Shapiro|Light Screen|p1a: Ben Shapiro\n|-sidestart|p1: videorelaxant777|move: Light Screen\n|move|p2a: Galvantula|Sticky Web|p1a: Ben Shapiro\n|-sidestart|p1: videorelaxant777|move: Sticky Web\n|\n|upkeep\n|turn|6\n|\n|t:|1701193644\n|switch|p2a: Regieleki|Regieleki, shiny|100\/100\n|-activate|p2a: Regieleki|move: Sticky Web\n|-unboost|p2a: Regieleki|spe|1\n|move|p1a: Ben Shapiro|Reflect|p1a: Ben Shapiro\n|-sidestart|p1: videorelaxant777|Reflect\n|\n|upkeep\n|turn|7\n|\n|t:|1701193650\n|move|p1a: Ben Shapiro|Parting Shot|p2a: Regieleki\n|-unboost|p2a: Regieleki|atk|1\n|-unboost|p2a: Regieleki|spa|1\n|\n|t:|1701193653\n|switch|p1a: Joan Of Arc|Serperior, F, shiny|100\/100|[from] Parting Shot\n|-activate|p1a: Joan Of Arc|move: Sticky Web\n|-boost|p1a: Joan Of Arc|spe|1\n|move|p2a: Regieleki|Volt Switch|p1a: Joan Of Arc\n|-resisted|p1a: Joan Of Arc\n|-damage|p1a: Joan Of Arc|93\/100\n|\n|t:|1701193672\n|switch|p2a: Blaziken|Blaziken, M, shiny|100\/100|[from] Volt Switch\n|-activate|p2a: Blaziken|move: Sticky Web\n|-unboost|p2a: Blaziken|spe|1\n|\n|-heal|p1a: Joan Of Arc|99\/100|[from] item: Leftovers\n|upkeep\n|turn|8\n|\n|t:|1701193676\n|move|p2a: Blaziken|Protect|p2a: Blaziken\n|-singleturn|p2a: Blaziken|Protect\n|move|p1a: Joan Of Arc|Leaf Storm|p2a: Blaziken\n|-activate|p2a: Blaziken|move: Protect\n|\n|-heal|p1a: Joan Of Arc|100\/100|[from] item: Leftovers\n|-ability|p2a: Blaziken|Speed Boost|boost\n|-boost|p2a: Blaziken|spe|1\n|upkeep\n|turn|9\n|\n|t:|1701193682\n|detailschange|p2a: Blaziken|Blaziken-Mega, M, shiny\n|-mega|p2a: Blaziken|Blaziken|Blazikenite\n|move|p1a: Joan Of Arc|Leaf Storm|p2a: Blaziken\n|-resisted|p2a: Blaziken\n|-damage|p2a: Blaziken|76\/100\n|-boost|p1a: Joan Of Arc|spa|2\n|move|p2a: Blaziken|Blaze Kick|p1a: Joan Of Arc\n|-supereffective|p1a: Joan Of Arc\n|-damage|p1a: Joan Of Arc|50\/100\n|\n|-heal|p1a: Joan Of Arc|56\/100|[from] item: Leftovers\n|-ability|p2a: Blaziken|Speed Boost|boost\n|-boost|p2a: Blaziken|spe|1\n|upkeep\n|turn|10\n|c|\u2606videorelaxant777|lmao\n|c|\u2606videorelaxant777|oh\n|c|\u2606videorelaxant777|nvm\n|c|\u2606videorelaxant777|i have a severe case of fucking dumbass disease\n|inactive|videorelaxant777 has 120 seconds left.\n|\n|t:|1701193715\n|move|p1a: Joan Of Arc|Leaf Storm|p2a: Blaziken\n|-resisted|p2a: Blaziken\n|-damage|p2a: Blaziken|30\/100\n|-boost|p1a: Joan Of Arc|spa|2\n|move|p2a: Blaziken|Blaze Kick|p1a: Joan Of Arc\n|-supereffective|p1a: Joan Of Arc\n|-damage|p1a: Joan Of Arc|0 fnt\n|faint|p1a: Joan Of Arc\n|\n|-ability|p2a: Blaziken|Speed Boost|boost\n|-boost|p2a: Blaziken|spe|1\n|upkeep\n|inactive|videorelaxant777 has 120 seconds left.\n|\n|t:|1701193726\n|switch|p1a: HEALTHY META|Landorus-Therian, M|100\/100\n|-ability|p1a: HEALTHY META|Intimidate|boost\n|-unboost|p2a: Blaziken|atk|1\n|turn|11\n|inactive|videorelaxant777 has 120 seconds left.\n|\n|t:|1701193735\n|move|p2a: Blaziken|Protect|p2a: Blaziken\n|-singleturn|p2a: Blaziken|Protect\n|move|p1a: HEALTHY META|Earthquake|p2a: Blaziken\n|-activate|p2a: Blaziken|move: Protect\n|\n|-ability|p2a: Blaziken|Speed Boost|boost\n|-boost|p2a: Blaziken|spe|1\n|upkeep\n|turn|12\n|\n|t:|1701193747\n|move|p2a: Blaziken|Blaze Kick|p1a: HEALTHY META\n|-crit|p1a: HEALTHY META\n|-damage|p1a: HEALTHY META|8\/100\n|move|p1a: HEALTHY META|Earthquake|p2a: Blaziken\n|-supereffective|p2a: Blaziken\n|-damage|p2a: Blaziken|0 fnt\n|faint|p2a: Blaziken\n|\n|-sideend|p1: videorelaxant777|move: Light Screen\n|upkeep\n|\n|t:|1701193755\n|switch|p2a: Regieleki|Regieleki, shiny|100\/100\n|-activate|p2a: Regieleki|move: Sticky Web\n|-unboost|p2a: Regieleki|spe|1\n|turn|13\n|\n|t:|1701193759\n|switch|p1a: Sploosh N' Woosh|Smeargle, M|100\/100\n|-activate|p1a: Sploosh N' Woosh|move: Sticky Web\n|-unboost|p1a: Sploosh N' Woosh|spe|1\n|move|p2a: Regieleki|Rapid Spin|p1a: Sploosh N' Woosh\n|-damage|p1a: Sploosh N' Woosh|88\/100\n|-boost|p2a: Regieleki|spe|1\n|-sideend|p2: losr1229|Sticky Web|[from] move: Rapid Spin|[of] p2a: Regieleki\n|\n|-sideend|p1: videorelaxant777|Reflect\n|-ability|p1a: Sploosh N' Woosh|Moody|boost\n|-boost|p1a: Sploosh N' Woosh|atk|2\n|-unboost|p1a: Sploosh N' Woosh|spe|1\n|upkeep\n|turn|14\n|\n|t:|1701193772\n|move|p2a: Regieleki|Thunderbolt|p1a: Sploosh N' Woosh\n|-damage|p1a: Sploosh N' Woosh|0 fnt\n|faint|p1a: Sploosh N' Woosh\n|\n|upkeep\n|\n|t:|1701193776\n|switch|p1a: All New Ford F150|Arceus|100\/100\n|-activate|p1a: All New Ford F150|move: Sticky Web\n|-unboost|p1a: All New Ford F150|spe|1\n|turn|15\n|\n|t:|1701193779\n|move|p2a: Regieleki|Volt Switch|p1a: All New Ford F150\n|-crit|p1a: All New Ford F150\n|-damage|p1a: All New Ford F150|50\/100\n|\n|t:|1701193782\n|switch|p2a: Dragapult|Dragapult, F, shiny|100\/100|[from] Volt Switch\n|move|p1a: All New Ford F150|Swords Dance|p1a: All New Ford F150\n|-boost|p1a: All New Ford F150|atk|2\n|\n|upkeep\n|turn|16\n|\n|t:|1701193787\n|move|p2a: Dragapult|Draco Meteor|p1a: All New Ford F150|[miss]\n|-miss|p2a: Dragapult|p1a: All New Ford F150\n|move|p1a: All New Ford F150|Shadow Claw|p2a: Dragapult\n|-supereffective|p2a: Dragapult\n|-damage|p2a: Dragapult|0 fnt\n|faint|p2a: Dragapult\n|\n|upkeep\n|c|\u2606videorelaxant777|LMFAO\n|\n|t:|1701193796\n|switch|p2a: Groudon|Groudon, shiny|100\/100\n|detailschange|p2a: Groudon|Groudon-Primal, shiny\n|-primal|p2a: Groudon|Red Orb\n|-weather|DesolateLand|[from] ability: Desolate Land|[of] p2a: Groudon\n|turn|17\n|\n|t:|1701193804\n|switch|p1a: HEALTHY META|Landorus-Therian, M|8\/100\n|-ability|p1a: HEALTHY META|Intimidate|boost\n|-unboost|p2a: Groudon|atk|1\n|move|p2a: Groudon|Heat Crash|p1a: HEALTHY META\n|-damage|p1a: HEALTHY META|0 fnt\n|faint|p1a: HEALTHY META\n|\n|-weather|DesolateLand|[upkeep]\n|upkeep\n|\n|t:|1701193812\n|switch|p1a: Pumped Up Kicks|Marshadow|100\/100\n|-activate|p1a: Pumped Up Kicks|move: Sticky Web\n|-unboost|p1a: Pumped Up Kicks|spe|1\n|turn|18\n|\n|t:|1701193816\n|move|p1a: Pumped Up Kicks|Close Combat|p2a: Groudon\n|-damage|p2a: Groudon|61\/100\n|-unboost|p1a: Pumped Up Kicks|def|1\n|-unboost|p1a: Pumped Up Kicks|spd|1\n|move|p2a: Groudon|Precipice Blades|p1a: Pumped Up Kicks\n|-damage|p1a: Pumped Up Kicks|2\/100\n|\n|-weather|DesolateLand|[upkeep]\n|upkeep\n|turn|19\n|\n|t:|1701193824\n|-weather|none\n|switch|p2a: Galvantula|Galvantula, M, shiny|92\/100\n|move|p1a: Pumped Up Kicks|Close Combat|p2a: Galvantula\n|-resisted|p2a: Galvantula\n|-crit|p2a: Galvantula\n|-damage|p2a: Galvantula|5\/100\n|-unboost|p1a: Pumped Up Kicks|def|1\n|-unboost|p1a: Pumped Up Kicks|spd|1\n|\n|upkeep\n|turn|20\n|\n|t:|1701193828\n|move|p1a: Pumped Up Kicks|Shadow Sneak|p2a: Galvantula\n|-damage|p2a: Galvantula|0 fnt\n|faint|p2a: Galvantula\n|\n|upkeep\n|\n|t:|1701193830\n|switch|p2a: Regieleki|Regieleki, shiny|100\/100\n|turn|21\n|\n|t:|1701193832\n|move|p1a: Pumped Up Kicks|Shadow Sneak|p2a: Regieleki\n|-damage|p2a: Regieleki|42\/100\n|move|p2a: Regieleki|Volt Switch|p1a: Pumped Up Kicks\n|-crit|p1a: Pumped Up Kicks\n|-damage|p1a: Pumped Up Kicks|0 fnt\n|faint|p1a: Pumped Up Kicks\n|\n|t:|1701193838\n|switch|p2a: Dracovish|Dracovish, shiny|100\/100|[from] Volt Switch\n|\n|upkeep\n|\n|t:|1701193841\n|switch|p1a: Ben Shapiro|Grimmsnarl, M|100\/100 par\n|-activate|p1a: Ben Shapiro|move: Sticky Web\n|-unboost|p1a: Ben Shapiro|spe|1\n|turn|22\n|\n|t:|1701193846\n|move|p1a: Ben Shapiro|Reflect|p1a: Ben Shapiro\n|-sidestart|p1: videorelaxant777|Reflect\n|move|p2a: Dracovish|Fishious Rend|p1a: Ben Shapiro\n|-damage|p1a: Ben Shapiro|67\/100 par\n|\n|upkeep\n|turn|23\n|\n|t:|1701193849\n|cant|p1a: Ben Shapiro|par\n|move|p2a: Dracovish|Fishious Rend|p1a: Ben Shapiro\n|-damage|p1a: Ben Shapiro|33\/100 par\n|\n|upkeep\n|turn|24\n|\n|t:|1701193854\n|switch|p2a: Regieleki|Regieleki, shiny|42\/100\n|move|p1a: Ben Shapiro|Parting Shot|p2a: Regieleki\n|-unboost|p2a: Regieleki|atk|1\n|-unboost|p2a: Regieleki|spa|1\n|\n|t:|1701193859\n|switch|p1a: All New Ford F150|Arceus|50\/100|[from] Parting Shot\n|-activate|p1a: All New Ford F150|move: Sticky Web\n|-unboost|p1a: All New Ford F150|spe|1\n|\n|upkeep\n|turn|25\n|\n|t:|1701193862\n|-terastallize|p1a: All New Ford F150|Normal\n|move|p1a: All New Ford F150|Extreme Speed|p2a: Regieleki\n|-damage|p2a: Regieleki|0 fnt\n|faint|p2a: Regieleki\n|\n|upkeep\n|\n|t:|1701193868\n|switch|p2a: Groudon|Groudon-Primal, shiny|61\/100\n|-weather|DesolateLand|[from] ability: Desolate Land|[of] p2a: Groudon\n|turn|26\n|\n|t:|1701193871\n|move|p1a: All New Ford F150|Extreme Speed|p2a: Groudon\n|-damage|p2a: Groudon|25\/100\n|move|p2a: Groudon|Precipice Blades|p1a: All New Ford F150\n|-damage|p1a: All New Ford F150|26\/100\n|\n|-weather|DesolateLand|[upkeep]\n|upkeep\n|turn|27\n|\n|t:|1701193880\n|move|p1a: All New Ford F150|Extreme Speed|p2a: Groudon\n|-damage|p2a: Groudon|0 fnt\n|faint|p2a: Groudon\n|-weather|none\n|\n|upkeep\n|\n|t:|1701193882\n|switch|p2a: Dracovish|Dracovish, shiny|100\/100\n|turn|28\n|\n|t:|1701193887\n|-terastallize|p2a: Dracovish|Water\n|move|p1a: All New Ford F150|Extreme Speed|p2a: Dracovish\n|-damage|p2a: Dracovish|38\/100\n|move|p2a: Dracovish|Fishious Rend|p1a: All New Ford F150\n|-damage|p1a: All New Ford F150|2\/100\n|\n|upkeep\n|turn|29\n|-message|losr1229 forfeited.\n|\n|win|videorelaxant777\n|raw|videorelaxant777's rating: 1314 &rarr; <strong>1337<\/strong><br \/>(+23 for winning)\n|raw|losr1229's rating: 1364 &rarr; <strong>1341<\/strong><br \/>(-23 for losing)\n|l|\u2606losr1229\n|c|\u2606videorelaxant777|lmao\n","uploadtime":1701193901,"views":0,"p1id":"videorelaxant777","p2id":"losr1229","formatid":"gen9nationaldexubers","rating":1337,"private":0,"password":""}