{"id":"gen9nationaldexubers-1979183609","p1":"veasters","p2":"Encious","format":"[Gen 9] National Dex Ubers","log":"|j|\u2606veasters\n|j|\u2606Encious\n|t:|1698646169\n|gametype|singles\n|player|p1|veasters|psychic-gen4|1140\n|player|p2|Encious|riley|1046\n|teamsize|p1|6\n|teamsize|p2|6\n|gen|9\n|tier|[Gen 9] National Dex Ubers\n|rated|\n|rule|HP Percentage Mod: HP is shown in percentages\n|rule|Endless Battle Clause: Forcing endless battles is banned\n|rule|OHKO Clause: OHKO moves are banned\n|rule|Evasion Moves Clause: Evasion moves are banned\n|rule|Evasion Items Clause: Evasion items are banned\n|rule|Species Clause: Limit one of each Pok\u00e9mon\n|rule|Sleep Clause Mod: Limit one foe put to sleep\n|rule|Mega Rayquaza Clause: You cannot mega evolve Rayquaza\n|clearpoke\n|poke|p1|Ogerpon-Hearthflame, F|\n|poke|p1|Kingambit, F|\n|poke|p1|Xerneas-*|\n|poke|p1|Toxapex, M|\n|poke|p1|Excadrill, M|\n|poke|p1|Venusaur, M|\n|poke|p2|Komala, M|\n|poke|p2|Roaring Moon|\n|poke|p2|Eternatus|\n|poke|p2|Lokix, F|\n|poke|p2|Empoleon, F|\n|poke|p2|Alakazam, F|\n|teampreview\n|\n|t:|1698646178\n|start\n|switch|p1a: Toxapex|Toxapex, M, shiny|100\/100\n|switch|p2a: Komala|Komala, M|100\/100\n|-ability|p2a: Komala|Comatose\n|turn|1\n|\n|t:|1698646188\n|move|p2a: Komala|Sleep Talk|p2a: Komala\n|move|p2a: Komala|Last Resort|p1a: Toxapex|[from]move: Sleep Talk\n|-damage|p1a: Toxapex|49\/100\n|move|p1a: Toxapex|Toxic Spikes|p2a: Komala\n|-sidestart|p2: Encious|move: Toxic Spikes\n|\n|-heal|p1a: Toxapex|55\/100|[from] item: Leftovers\n|upkeep\n|turn|2\n|\n|t:|1698646202\n|move|p2a: Komala|Sleep Talk|p2a: Komala\n|move|p2a: Komala|Last Resort|p1a: Toxapex|[from]move: Sleep Talk\n|-damage|p1a: Toxapex|9\/100\n|move|p1a: Toxapex|Recover|p1a: Toxapex\n|-heal|p1a: Toxapex|59\/100\n|\n|-heal|p1a: Toxapex|65\/100|[from] item: Leftovers\n|upkeep\n|turn|3\n|\n|t:|1698646212\n|move|p2a: Komala|Sleep Talk|p2a: Komala\n|move|p2a: Komala|Last Resort|p1a: Toxapex|[from]move: Sleep Talk\n|-damage|p1a: Toxapex|11\/100\n|move|p1a: Toxapex|Recover|p1a: Toxapex\n|-heal|p1a: Toxapex|61\/100\n|\n|-heal|p1a: Toxapex|67\/100|[from] item: Leftovers\n|upkeep\n|turn|4\n|\n|t:|1698646222\n|move|p2a: Komala|Sleep Talk|p2a: Komala\n|move|p2a: Komala|Last Resort|p1a: Toxapex|[from]move: Sleep Talk\n|-damage|p1a: Toxapex|15\/100\n|move|p1a: Toxapex|Scald|p2a: Komala\n|-damage|p2a: Komala|75\/100\n|\n|-heal|p1a: Toxapex|21\/100|[from] item: Leftovers\n|upkeep\n|turn|5\n|\n|t:|1698646232\n|move|p2a: Komala|Sleep Talk|p2a: Komala\n|move|p2a: Komala|Last Resort|p1a: Toxapex|[from]move: Sleep Talk\n|-damage|p1a: Toxapex|0 fnt\n|faint|p1a: Toxapex\n|\n|upkeep\n|\n|t:|1698646237\n|switch|p1a: Excadrill|Excadrill, M|100\/100\n|turn|6\n|\n|t:|1698646243\n|-terastallize|p1a: Excadrill|Ghost\n|move|p2a: Komala|Sleep Talk|p2a: Komala\n|move|p2a: Komala|Last Resort|p1a: Excadrill|[from]move: Sleep Talk\n|-immune|p1a: Excadrill\n|move|p1a: Excadrill|Rapid Spin|p2a: Komala\n|-damage|p2a: Komala|46\/100\n|-boost|p1a: Excadrill|spe|1\n|\n|upkeep\n|turn|7\n|\n|t:|1698646255\n|switch|p2a: Eternatus|Eternatus|100\/100\n|-sideend|p2: Encious|move: Toxic Spikes|[of] p2a: Eternatus\n|-ability|p2a: Eternatus|Pressure\n|move|p1a: Excadrill|Iron Head|p2a: Eternatus\n|-damage|p2a: Eternatus|71\/100\n|\n|-heal|p2a: Eternatus|77\/100|[from] item: Black Sludge\n|upkeep\n|turn|8\n|inactive|Battle timer is ON: inactive players will automatically lose when time's up. (requested by veasters)\n|\n|t:|1698646277\n|move|p2a: Eternatus|Sludge Wave|p1a: Excadrill\n|-resisted|p1a: Excadrill\n|-damage|p1a: Excadrill|75\/100\n|move|p1a: Excadrill|Rapid Spin|p2a: Eternatus\n|-damage|p2a: Eternatus|65\/100\n|-boost|p1a: Excadrill|spe|1\n|\n|-heal|p2a: Eternatus|71\/100|[from] item: Black Sludge\n|upkeep\n|turn|9\n|\n|t:|1698646287\n|move|p1a: Excadrill|Earthquake|p2a: Eternatus\n|-supereffective|p2a: Eternatus\n|-damage|p2a: Eternatus|0 fnt\n|faint|p2a: Eternatus\n|\n|upkeep\n|\n|t:|1698646295\n|switch|p2a: Lokix|Lokix, F|100\/100\n|turn|10\n|\n|t:|1698646307\n|move|p1a: Excadrill|Iron Head|p2a: Lokix\n|-damage|p2a: Lokix|46\/100\n|move|p2a: Lokix|Knock Off|p1a: Excadrill\n|-supereffective|p1a: Excadrill\n|-damage|p1a: Excadrill|0 fnt\n|-enditem|p1a: Excadrill|Expert Belt|[from] move: Knock Off|[of] p2a: Lokix\n|faint|p1a: Excadrill\n|\n|upkeep\n|\n|t:|1698646315\n|switch|p1a: Ogerpon|Ogerpon-Hearthflame, F|100\/100\n|-ability|p1a: Ogerpon|Mold Breaker\n|turn|11\n|\n|t:|1698646320\n|move|p2a: Lokix|Low Sweep|p1a: Ogerpon\n|-damage|p1a: Ogerpon|80\/100\n|-unboost|p1a: Ogerpon|spe|1\n|move|p1a: Ogerpon|Ivy Cudgel|p2a: Lokix\n|-supereffective|p2a: Lokix\n|-damage|p2a: Lokix|0 fnt\n|faint|p2a: Lokix\n|\n|upkeep\n|\n|t:|1698646329\n|switch|p2a: Komala|Komala, M|46\/100\n|-ability|p2a: Komala|Comatose\n|turn|12\n|\n|t:|1698646339\n|switch|p1a: Venusaur|Venusaur, M|100\/100\n|move|p2a: Komala|Sleep Talk|p2a: Komala\n|move|p2a: Komala|Last Resort|p1a: Venusaur|[from]move: Sleep Talk\n|-damage|p1a: Venusaur|30\/100\n|\n|upkeep\n|turn|13\n|\n|t:|1698646346\n|detailschange|p1a: Venusaur|Venusaur-Mega, M\n|-mega|p1a: Venusaur|Venusaur|Venusaurite\n|move|p2a: Komala|Sleep Talk|p2a: Komala\n|move|p2a: Komala|Last Resort|p1a: Venusaur|[from]move: Sleep Talk\n|-damage|p1a: Venusaur|0 fnt\n|faint|p1a: Venusaur\n|\n|upkeep\n|\n|t:|1698646355\n|switch|p1a: Ogerpon|Ogerpon-Hearthflame, F|80\/100\n|-ability|p1a: Ogerpon|Mold Breaker\n|turn|14\n|\n|t:|1698646361\n|move|p2a: Komala|Sleep Talk|p2a: Komala\n|move|p2a: Komala|Last Resort|p1a: Ogerpon|[from]move: Sleep Talk\n|-damage|p1a: Ogerpon|9\/100\n|move|p1a: Ogerpon|Ivy Cudgel|p2a: Komala\n|-damage|p2a: Komala|0 fnt\n|faint|p2a: Komala\n|\n|upkeep\n|\n|t:|1698646372\n|switch|p2a: Alakazam|Alakazam, F|100\/100\n|turn|15\n|\n|t:|1698646378\n|switch|p1a: Kingambit|Kingambit, F|100\/100\n|-activate|p1a: Kingambit|ability: Supreme Overlord\n|-start|p1a: Kingambit|fallen3|[silent]\n|detailschange|p2a: Alakazam|Alakazam-Mega, F\n|-mega|p2a: Alakazam|Alakazam|Alakazite\n|-activate|p2a: Alakazam|ability: Supreme Overlord\n|-start|p2a: Alakazam|fallen3|[silent]\n|-ability|p2a: Alakazam|Supreme Overlord|[from] ability: Trace|[of] p1a: Kingambit\n|move|p2a: Alakazam|Psychic|p1a: Kingambit\n|-immune|p1a: Kingambit\n|\n|upkeep\n|turn|16\n|\n|t:|1698646392\n|-end|p2a: Alakazam|fallen3|[silent]\n|switch|p2a: Roaring Moon|Roaring Moon|100\/100\n|move|p1a: Kingambit|Swords Dance|p1a: Kingambit\n|-boost|p1a: Kingambit|atk|2\n|\n|upkeep\n|turn|17\n|\n|t:|1698646400\n|move|p1a: Kingambit|Sucker Punch|p2a: Roaring Moon\n|-resisted|p2a: Roaring Moon\n|-damage|p2a: Roaring Moon|47\/100\n|move|p2a: Roaring Moon|Fire Fang|p1a: Kingambit\n|-supereffective|p1a: Kingambit\n|-damage|p1a: Kingambit|67\/100\n|-damage|p2a: Roaring Moon|31\/100|[from] item: Rocky Helmet|[of] p1a: Kingambit\n|\n|upkeep\n|turn|18\n|\n|t:|1698646411\n|-zpower|p2a: Roaring Moon\n|move|p2a: Roaring Moon|Black Hole Eclipse|p1a: Kingambit|[zeffect]\n|-resisted|p1a: Kingambit\n|-damage|p1a: Kingambit|36\/100\n|move|p1a: Kingambit|Swords Dance|p1a: Kingambit\n|-boost|p1a: Kingambit|atk|2\n|\n|upkeep\n|turn|19\n|\n|t:|1698646422\n|move|p1a: Kingambit|Sucker Punch|p2a: Roaring Moon\n|-resisted|p2a: Roaring Moon\n|-damage|p2a: Roaring Moon|0 fnt\n|faint|p2a: Roaring Moon\n|-end|p2a: Roaring Moon|Protosynthesis|[silent]\n|\n|upkeep\n|\n|t:|1698646428\n|switch|p2a: Empoleon|Empoleon, F|100\/100\n|turn|20\n|\n|t:|1698646432\n|move|p1a: Kingambit|Sucker Punch||[still]\n|-fail|p1a: Kingambit\n|move|p2a: Empoleon|Agility|p2a: Empoleon\n|-boost|p2a: Empoleon|spe|2\n|\n|upkeep\n|turn|21\n|\n|t:|1698646445\n|move|p2a: Empoleon|Agility|p2a: Empoleon\n|-boost|p2a: Empoleon|spe|2\n|move|p1a: Kingambit|Swords Dance|p1a: Kingambit\n|-boost|p1a: Kingambit|atk|2\n|\n|upkeep\n|turn|22\n|\n|t:|1698646454\n|move|p1a: Kingambit|Sucker Punch|p2a: Empoleon\n|-damage|p2a: Empoleon|0 fnt\n|faint|p2a: Empoleon\n|\n|upkeep\n|\n|t:|1698646460\n|switch|p2a: Alakazam|Alakazam-Mega, F|100\/100\n|-activate|p2a: Alakazam|ability: Supreme Overlord\n|-start|p2a: Alakazam|fallen5|[silent]\n|-ability|p2a: Alakazam|Supreme Overlord|[from] ability: Trace|[of] p1a: Kingambit\n|turn|23\n|\n|t:|1698646467\n|move|p1a: Kingambit|Sucker Punch|p2a: Alakazam\n|-supereffective|p2a: Alakazam\n|-damage|p2a: Alakazam|0 fnt\n|faint|p2a: Alakazam\n|-end|p2a: Alakazam|fallen5|[silent]\n|\n|win|veasters\n|raw|veasters's rating: 1140 &rarr; <strong>1158<\/strong><br \/>(+18 for winning)\n|raw|Encious's rating: 1046 &rarr; <strong>1034<\/strong><br \/>(-12 for losing)\n|l|\u2606Encious\n","uploadtime":1698646476,"views":11,"p1id":"veasters","p2id":"encious","formatid":"gen9nationaldexubers","rating":1034,"private":0,"password":""}