{"id":"gen9nationaldexubers-1999697726","p1":"Duskito","p2":"99% lose rate","format":"[Gen 9] National Dex Ubers","log":"|j|\u2606Duskito\n|j|\u260699% lose rate\n|t:|1701108767\n|gametype|singles\n|player|p1|Duskito|alec-anime|1321\n|player|p2|99% lose rate|giovanni|1443\n|teamsize|p1|6\n|teamsize|p2|6\n|gen|9\n|tier|[Gen 9] National Dex Ubers\n|rated|\n|rule|HP Percentage Mod: HP is shown in percentages\n|rule|Endless Battle Clause: Forcing endless battles is banned\n|rule|OHKO Clause: OHKO moves are banned\n|rule|Evasion Moves Clause: Evasion moves are banned\n|rule|Evasion Items Clause: Evasion items are banned\n|rule|Species Clause: Limit one of each Pok\u00e9mon\n|rule|Sleep Clause Mod: Limit one foe put to sleep\n|rule|Mega Rayquaza Clause: You cannot mega evolve Rayquaza\n|clearpoke\n|poke|p1|Duraludon, M|\n|poke|p1|Porygon-Z|\n|poke|p1|Latios, M|\n|poke|p1|Honchkrow, M|\n|poke|p1|Beheeyem, F|\n|poke|p1|Genesect|\n|poke|p2|Corsola-Galar, M|\n|poke|p2|Slowbro, F|\n|poke|p2|Pikachu-Original, M|\n|poke|p2|Clodsire, M|\n|poke|p2|Rotom-Wash|\n|poke|p2|Typhlosion, F|\n|teampreview\n|\n|t:|1701108775\n|start\n|switch|p1a: Honchkrow|Honchkrow, M|100\/100\n|switch|p2a: Rotom|Rotom-Wash|100\/100\n|turn|1\n|\n|t:|1701108781\n|move|p1a: Honchkrow|Pursuit|p2a: Rotom\n|-damage|p2a: Rotom|71\/100\n|-damage|p1a: Honchkrow|91\/100|[from] item: Life Orb\n|move|p2a: Rotom|Volt Switch|p1a: Honchkrow\n|-supereffective|p1a: Honchkrow\n|-damage|p1a: Honchkrow|9\/100\n|\n|t:|1701108802\n|switch|p2a: Funbro|Slowbro, F|100\/100|[from] Volt Switch\n|\n|upkeep\n|turn|2\n|\n|t:|1701108806\n|move|p1a: Honchkrow|Pursuit|p2a: Funbro\n|-supereffective|p2a: Funbro\n|-damage|p2a: Funbro|66\/100\n|-damage|p1a: Honchkrow|0 fnt|[from] item: Life Orb\n|faint|p1a: Honchkrow\n|move|p2a: Funbro|Scald|p1: Honchkrow|[notarget]\n|-fail|p2a: Funbro\n|\n|-heal|p2a: Funbro|72\/100|[from] item: Leftovers\n|upkeep\n|\n|t:|1701108811\n|switch|p1a: Duraludon|Duraludon, M|100\/100\n|turn|3\n|\n|t:|1701108817\n|switch|p2a: Pikachu|Pikachu-Original, M|100\/100\n|move|p1a: Duraludon|Draco Meteor|p2a: Pikachu\n|-damage|p2a: Pikachu|0 fnt\n|-unboost|p1a: Duraludon|spa|2\n|faint|p2a: Pikachu\n|\n|upkeep\n|\n|t:|1701108836\n|switch|p2a: Funbro|Slowbro, F|100\/100\n|turn|4\n|\n|t:|1701108844\n|switch|p1a: Latios|Latios, M|100\/100\n|move|p2a: Funbro|Calm Mind|p2a: Funbro\n|-boost|p2a: Funbro|spa|1\n|-boost|p2a: Funbro|spd|1\n|\n|upkeep\n|turn|5\n|\n|t:|1701108848\n|detailschange|p1a: Latios|Latios-Mega, M\n|-mega|p1a: Latios|Latios|Latiosite\n|move|p1a: Latios|Earthquake|p2a: Funbro\n|-damage|p2a: Funbro|82\/100\n|move|p2a: Funbro|Scald|p1a: Latios\n|-resisted|p1a: Latios\n|-damage|p1a: Latios|80\/100\n|\n|-heal|p2a: Funbro|88\/100|[from] item: Leftovers\n|upkeep\n|turn|6\n|\n|t:|1701108853\n|move|p1a: Latios|Draco Meteor|p2a: Funbro\n|-damage|p2a: Funbro|29\/100\n|-unboost|p1a: Latios|spa|2\n|move|p2a: Funbro|Calm Mind|p2a: Funbro\n|-boost|p2a: Funbro|spa|1\n|-boost|p2a: Funbro|spd|1\n|\n|-heal|p2a: Funbro|36\/100|[from] item: Leftovers\n|upkeep\n|turn|7\n|\n|t:|1701108858\n|switch|p1a: Duraludon|Duraludon, M|100\/100\n|move|p2a: Funbro|Slack Off|p2a: Funbro\n|-heal|p2a: Funbro|86\/100\n|\n|-heal|p2a: Funbro|92\/100|[from] item: Leftovers\n|upkeep\n|turn|8\n|\n|t:|1701108862\n|move|p1a: Duraludon|Thunderbolt|p2a: Funbro\n|-supereffective|p2a: Funbro\n|-damage|p2a: Funbro|41\/100\n|move|p2a: Funbro|Calm Mind|p2a: Funbro\n|-boost|p2a: Funbro|spa|1\n|-boost|p2a: Funbro|spd|1\n|\n|-heal|p2a: Funbro|47\/100|[from] item: Leftovers\n|upkeep\n|turn|9\n|\n|t:|1701108864\n|move|p1a: Duraludon|Thunderbolt|p2a: Funbro\n|-supereffective|p2a: Funbro\n|-damage|p2a: Funbro|13\/100\n|move|p2a: Funbro|Slack Off|p2a: Funbro\n|-heal|p2a: Funbro|63\/100\n|\n|-heal|p2a: Funbro|69\/100|[from] item: Leftovers\n|upkeep\n|turn|10\n|\n|t:|1701108868\n|move|p1a: Duraludon|Thunderbolt|p2a: Funbro\n|-supereffective|p2a: Funbro\n|-damage|p2a: Funbro|30\/100\n|move|p2a: Funbro|Slack Off|p2a: Funbro\n|-heal|p2a: Funbro|80\/100\n|\n|-heal|p2a: Funbro|87\/100|[from] item: Leftovers\n|upkeep\n|turn|11\n|\n|t:|1701108870\n|move|p1a: Duraludon|Thunderbolt|p2a: Funbro\n|-supereffective|p2a: Funbro\n|-damage|p2a: Funbro|52\/100\n|move|p2a: Funbro|Scald|p1a: Duraludon\n|-resisted|p1a: Duraludon\n|-damage|p1a: Duraludon|33\/100\n|\n|-heal|p2a: Funbro|58\/100|[from] item: Leftovers\n|upkeep\n|turn|12\n|\n|t:|1701108872\n|move|p1a: Duraludon|Thunderbolt|p2a: Funbro\n|-supereffective|p2a: Funbro\n|-damage|p2a: Funbro|20\/100\n|move|p2a: Funbro|Slack Off|p2a: Funbro\n|-heal|p2a: Funbro|70\/100\n|\n|-heal|p2a: Funbro|76\/100|[from] item: Leftovers\n|upkeep\n|turn|13\n|\n|t:|1701108875\n|move|p1a: Duraludon|Thunderbolt|p2a: Funbro\n|-supereffective|p2a: Funbro\n|-damage|p2a: Funbro|37\/100\n|move|p2a: Funbro|Slack Off|p2a: Funbro\n|-heal|p2a: Funbro|87\/100\n|\n|-heal|p2a: Funbro|93\/100|[from] item: Leftovers\n|upkeep\n|turn|14\n|\n|t:|1701108877\n|move|p1a: Duraludon|Thunderbolt|p2a: Funbro\n|-supereffective|p2a: Funbro\n|-damage|p2a: Funbro|57\/100\n|move|p2a: Funbro|Scald|p1a: Duraludon\n|-resisted|p1a: Duraludon\n|-damage|p1a: Duraludon|0 fnt\n|faint|p1a: Duraludon\n|\n|-heal|p2a: Funbro|63\/100|[from] item: Leftovers\n|upkeep\n|\n|t:|1701108881\n|switch|p1a: Genesect|Genesect, shiny|100\/100\n|-ability|p1a: Genesect|Download|boost\n|-boost|p1a: Genesect|atk|1\n|turn|15\n|\n|t:|1701108887\n|-terastallize|p2a: Funbro|Poison\n|move|p1a: Genesect|Leech Life|p2a: Funbro\n|-resisted|p2a: Funbro\n|-damage|p2a: Funbro|40\/100\n|-damage|p1a: Genesect|91\/100|[from] item: Life Orb\n|move|p2a: Funbro|Slack Off|p2a: Funbro\n|-heal|p2a: Funbro|90\/100\n|\n|-heal|p2a: Funbro|96\/100|[from] item: Leftovers\n|upkeep\n|turn|16\n|\n|t:|1701108898\n|move|p1a: Genesect|Shift Gear|p1a: Genesect\n|-boost|p1a: Genesect|spe|2\n|-boost|p1a: Genesect|atk|1\n|move|p2a: Funbro|Scald|p1a: Genesect\n|-damage|p1a: Genesect|0 fnt\n|faint|p1a: Genesect\n|\n|-heal|p2a: Funbro|100\/100|[from] item: Leftovers\n|upkeep\n|\n|t:|1701108901\n|switch|p1a: Beheeyem|Beheeyem, F|100\/100\n|turn|17\n|\n|t:|1701108904\n|move|p1a: Beheeyem|Psychic|p2a: Funbro\n|-supereffective|p2a: Funbro\n|-damage|p2a: Funbro|59\/100\n|move|p2a: Funbro|Scald|p1a: Beheeyem\n|-damage|p1a: Beheeyem|28\/100\n|\n|-heal|p2a: Funbro|65\/100|[from] item: Leftovers\n|upkeep\n|turn|18\n|\n|t:|1701108908\n|move|p1a: Beheeyem|Destiny Bond|p1a: Beheeyem\n|-singlemove|p1a: Beheeyem|Destiny Bond\n|move|p2a: Funbro|Slack Off|p2a: Funbro\n|-heal|p2a: Funbro|100\/100\n|\n|upkeep\n|turn|19\n|\n|t:|1701108912\n|move|p1a: Beheeyem|Psychic|p2a: Funbro\n|-supereffective|p2a: Funbro\n|-damage|p2a: Funbro|56\/100\n|move|p2a: Funbro|Scald|p1a: Beheeyem\n|-damage|p1a: Beheeyem|0 fnt\n|faint|p1a: Beheeyem\n|\n|-heal|p2a: Funbro|62\/100|[from] item: Leftovers\n|upkeep\n|\n|t:|1701108915\n|switch|p1a: Porygon-Z|Porygon-Z|100\/100\n|turn|20\n|\n|t:|1701108921\n|-zpower|p1a: Porygon-Z\n|move|p1a: Porygon-Z|Z-Conversion|p1a: Porygon-Z|[anim]Conversion\n|-boost|p1a: Porygon-Z|atk|1|[zeffect]\n|-boost|p1a: Porygon-Z|def|1|[zeffect]\n|-boost|p1a: Porygon-Z|spa|1|[zeffect]\n|-boost|p1a: Porygon-Z|spd|1|[zeffect]\n|-boost|p1a: Porygon-Z|spe|1|[zeffect]\n|-start|p1a: Porygon-Z|typechange|Ghost\n|move|p2a: Funbro|Slack Off|p2a: Funbro\n|-heal|p2a: Funbro|100\/100\n|\n|upkeep\n|turn|21\n|\n|t:|1701108926\n|move|p1a: Porygon-Z|Shadow Ball|p2a: Funbro\n|-damage|p2a: Funbro|67\/100\n|move|p2a: Funbro|Psyshock|p1a: Porygon-Z\n|-damage|p1a: Porygon-Z|38\/100\n|\n|-heal|p2a: Funbro|73\/100|[from] item: Leftovers\n|upkeep\n|turn|22\n|\n|t:|1701108929\n|move|p1a: Porygon-Z|Shadow Ball|p2a: Funbro\n|-damage|p2a: Funbro|38\/100\n|move|p2a: Funbro|Psyshock|p1a: Porygon-Z\n|-damage|p1a: Porygon-Z|0 fnt\n|faint|p1a: Porygon-Z\n|\n|-heal|p2a: Funbro|44\/100|[from] item: Leftovers\n|upkeep\n|\n|t:|1701108932\n|switch|p1a: Latios|Latios-Mega, M|80\/100\n|turn|23\n|\n|t:|1701108935\n|move|p1a: Latios|Psychic|p2a: Funbro\n|-supereffective|p2a: Funbro\n|-damage|p2a: Funbro|0 fnt\n|faint|p2a: Funbro\n|\n|upkeep\n|\n|t:|1701108941\n|switch|p2a: Clodsire|Clodsire, M|100\/100\n|turn|24\n|\n|t:|1701108945\n|move|p1a: Latios|Earthquake|p2a: Clodsire\n|-supereffective|p2a: Clodsire\n|-damage|p2a: Clodsire|35\/100\n|move|p2a: Clodsire|Yawn|p1a: Latios\n|-start|p1a: Latios|move: Yawn|[of] p2a: Clodsire\n|\n|-heal|p2a: Clodsire|41\/100|[from] item: Black Sludge\n|upkeep\n|turn|25\n|\n|t:|1701108951\n|move|p1a: Latios|Psychic|p2a: Clodsire\n|-supereffective|p2a: Clodsire\n|-crit|p2a: Clodsire\n|-damage|p2a: Clodsire|0 fnt\n|faint|p2a: Clodsire\n|\n|-end|p1a: Latios|move: Yawn|[silent]\n|-status|p1a: Latios|slp\n|upkeep\n|\n|t:|1701108956\n|switch|p2a: Corsola|Corsola-Galar, M|100\/100\n|turn|26\n|\n|t:|1701108959\n|cant|p1a: Latios|slp\n|move|p2a: Corsola|Ice Beam|p1a: Latios\n|-supereffective|p1a: Latios\n|-damage|p1a: Latios|49\/100 slp\n|\n|upkeep\n|turn|27\n|\n|t:|1701108962\n|-curestatus|p1a: Latios|slp|[msg]\n|move|p1a: Latios|Psychic|p2a: Corsola\n|-damage|p2a: Corsola|59\/100\n|move|p2a: Corsola|Ice Beam|p1a: Latios\n|-supereffective|p1a: Latios\n|-damage|p1a: Latios|19\/100\n|\n|upkeep\n|turn|28\n|\n|t:|1701108966\n|move|p1a: Latios|Draco Meteor|p2a: Corsola\n|-damage|p2a: Corsola|0 fnt\n|-unboost|p1a: Latios|spa|2\n|faint|p2a: Corsola\n|\n|upkeep\n|\n|t:|1701108969\n|switch|p2a: Typhlosion|Typhlosion, F|100\/100\n|turn|29\n|\n|t:|1701108972\n|move|p2a: Typhlosion|Shadow Ball|p1a: Latios\n|-supereffective|p1a: Latios\n|-damage|p1a: Latios|0 fnt\n|faint|p1a: Latios\n|\n|win|99% lose rate\n|raw|Duskito's rating: 1321 &rarr; <strong>1308<\/strong><br \/>(-13 for losing)\n|raw|99% lose rate's rating: 1443 &rarr; <strong>1456<\/strong><br \/>(+13 for winning)\n|l|\u2606Duskito\n","uploadtime":1701108978,"views":14,"p1id":"duskito","p2id":"99loserate","formatid":"gen9nationaldexubers","rating":1308,"private":0,"password":""}