{"id":"gen9nationaldexubers-1989093306","p1":"John-Halsey","p2":"TriIce","format":"[Gen 9] National Dex Ubers","log":"|j|\u2606John-Halsey\n|j|\u2606TriIce\n|t:|1699811406\n|gametype|singles\n|player|p1|John-Halsey|veteran|1086\n|player|p2|TriIce|blue-gen1|1041\n|teamsize|p1|6\n|teamsize|p2|6\n|gen|9\n|tier|[Gen 9] National Dex Ubers\n|rated|\n|rule|HP Percentage Mod: HP is shown in percentages\n|rule|Endless Battle Clause: Forcing endless battles is banned\n|rule|OHKO Clause: OHKO moves are banned\n|rule|Evasion Moves Clause: Evasion moves are banned\n|rule|Evasion Items Clause: Evasion items are banned\n|rule|Species Clause: Limit one of each Pok\u00e9mon\n|rule|Sleep Clause Mod: Limit one foe put to sleep\n|rule|Mega Rayquaza Clause: You cannot mega evolve Rayquaza\n|clearpoke\n|poke|p1|Blaziken, M|\n|poke|p1|Nidoking, M|\n|poke|p1|Crobat, M|\n|poke|p1|Ceruledge, M|\n|poke|p1|Suicune|\n|poke|p1|Ninetales-Alola, F|\n|poke|p2|Arceus-Flying|\n|poke|p2|Darkrai|\n|poke|p2|Zacian-*|\n|poke|p2|Deoxys-Attack|\n|poke|p2|Eternatus|\n|poke|p2|Kyogre|\n|teampreview\n|c|\u2606John-Halsey|you are a kid ?\n|\n|t:|1699811424\n|start\n|switch|p1a: Ninetales|Ninetales-Alola, F|100\/100\n|switch|p2a: Kyogre|Kyogre|100\/100\n|-weather|Snow|[from] ability: Snow Warning|[of] p1a: Ninetales\n|detailschange|p2a: Kyogre|Kyogre-Primal\n|-primal|p2a: Kyogre|Blue Orb\n|-weather|PrimordialSea|[from] ability: Primordial Sea|[of] p2a: Kyogre\n|turn|1\n|j| Zarek02\n|\n|t:|1699811435\n|move|p1a: Ninetales|Toxic|p2a: Kyogre\n|-status|p2a: Kyogre|tox\n|move|p2a: Kyogre|Scald|p1a: Ninetales\n|-damage|p1a: Ninetales|0 fnt\n|faint|p1a: Ninetales\n|\n|-weather|PrimordialSea|[upkeep]\n|-damage|p2a: Kyogre|94\/100 tox|[from] psn\n|upkeep\n|c|\u2606TriIce|idk am I\n|\n|t:|1699811445\n|switch|p1a: Suicune|Suicune|100\/100\n|-ability|p1a: Suicune|Pressure\n|turn|2\n|c|\u2606TriIce|I grew up with pokemon\n|\n|t:|1699811470\n|-weather|none\n|switch|p2a: Arceus|Arceus-Flying, shiny|100\/100\n|move|p1a: Suicune|Calm Mind|p1a: Suicune\n|-boost|p1a: Suicune|spa|1\n|-boost|p1a: Suicune|spd|1\n|\n|upkeep\n|turn|3\n|\n|t:|1699811480\n|-terastallize|p1a: Suicune|Water\n|move|p2a: Arceus|Will-O-Wisp|p1a: Suicune\n|-status|p1a: Suicune|brn\n|move|p1a: Suicune|Scald|p2a: Arceus\n|-damage|p2a: Arceus|46\/100\n|\n|-damage|p1a: Suicune|94\/100 brn|[from] brn\n|upkeep\n|turn|4\n|\n|t:|1699811501\n|switch|p2a: Kyogre|Kyogre-Primal|94\/100 tox\n|-weather|PrimordialSea|[from] ability: Primordial Sea|[of] p2a: Kyogre\n|move|p1a: Suicune|Scald|p2a: Kyogre\n|-resisted|p2a: Kyogre\n|-damage|p2a: Kyogre|62\/100 tox\n|\n|-weather|PrimordialSea|[upkeep]\n|-heal|p1a: Suicune|100\/100 brn|[from] item: Leftovers\n|-damage|p2a: Kyogre|56\/100 tox|[from] psn\n|-damage|p1a: Suicune|94\/100 brn|[from] brn\n|upkeep\n|turn|5\n|\n|t:|1699811514\n|move|p2a: Kyogre|Origin Pulse|p1a: Suicune\n|-resisted|p1a: Suicune\n|-damage|p1a: Suicune|64\/100 brn\n|move|p1a: Suicune|Calm Mind|p1a: Suicune\n|-boost|p1a: Suicune|spa|1\n|-boost|p1a: Suicune|spd|1\n|\n|-weather|PrimordialSea|[upkeep]\n|-heal|p1a: Suicune|70\/100 brn|[from] item: Leftovers\n|-damage|p2a: Kyogre|43\/100 tox|[from] psn\n|-damage|p1a: Suicune|64\/100 brn|[from] brn\n|upkeep\n|turn|6\n|\n|t:|1699811540\n|-weather|none\n|switch|p2a: Eternatus|Eternatus|100\/100\n|-ability|p2a: Eternatus|Pressure\n|move|p1a: Suicune|Scald|p2a: Eternatus\n|-resisted|p2a: Eternatus\n|-damage|p2a: Eternatus|63\/100\n|-status|p2a: Eternatus|brn\n|\n|-heal|p2a: Eternatus|69\/100 brn|[from] item: Leftovers\n|-heal|p1a: Suicune|70\/100 brn|[from] item: Leftovers\n|-damage|p2a: Eternatus|63\/100 brn|[from] brn\n|-damage|p1a: Suicune|64\/100 brn|[from] brn\n|upkeep\n|turn|7\n|\n|t:|1699811564\n|move|p2a: Eternatus|Dynamax Cannon|p1a: Suicune\n|-damage|p1a: Suicune|40\/100 brn\n|move|p1a: Suicune|Ice Beam|p2a: Eternatus\n|-supereffective|p2a: Eternatus\n|-damage|p2a: Eternatus|0 fnt\n|faint|p2a: Eternatus\n|\n|-heal|p1a: Suicune|46\/100 brn|[from] item: Leftovers\n|-damage|p1a: Suicune|40\/100 brn|[from] brn\n|upkeep\n|\n|t:|1699811582\n|switch|p2a: Zacian|Zacian-Crowned|100\/100\n|-ability|p2a: Zacian|Intrepid Sword|boost\n|-boost|p2a: Zacian|atk|1\n|turn|8\n|\n|t:|1699811608\n|switch|p1a: Blaziken|Blaziken, M|100\/100\n|move|p2a: Zacian|Play Rough|p1a: Blaziken\n|-damage|p1a: Blaziken|0 fnt\n|faint|p1a: Blaziken\n|\n|upkeep\n|\n|t:|1699811623\n|switch|p1a: Nidoking|Nidoking, M|100\/100\n|turn|9\n|\n|t:|1699811643\n|switch|p2a: Arceus|Arceus-Flying, shiny|46\/100\n|move|p1a: Nidoking|Earth Power|p2a: Arceus\n|-immune|p2a: Arceus\n|\n|upkeep\n|turn|10\n|\n|t:|1699811656\n|switch|p1a: Ceruledge|Ceruledge, M|100\/100\n|-item|p1a: Ceruledge|Air Balloon\n|move|p2a: Arceus|Will-O-Wisp|p1a: Ceruledge\n|-immune|p1a: Ceruledge\n|\n|upkeep\n|turn|11\n|\n|t:|1699811680\n|switch|p2a: Zacian|Zacian-Crowned|100\/100\n|move|p1a: Ceruledge|Bulk Up|p1a: Ceruledge\n|-boost|p1a: Ceruledge|atk|1\n|-boost|p1a: Ceruledge|def|1\n|\n|upkeep\n|turn|12\n|\n|t:|1699811722\n|-terastallize|p2a: Zacian|Fairy\n|move|p2a: Zacian|Play Rough|p1a: Ceruledge\n|-resisted|p1a: Ceruledge\n|-damage|p1a: Ceruledge|70\/100\n|-ability|p1a: Ceruledge|Weak Armor|boost\n|-unboost|p1a: Ceruledge|def|1\n|-boost|p1a: Ceruledge|spe|2\n|-enditem|p1a: Ceruledge|Air Balloon\n|move|p1a: Ceruledge|Bitter Blade|p2a: Zacian\n|-damage|p2a: Zacian|40\/100\n|-heal|p1a: Ceruledge|100\/100|[from] drain|[of] p2a: Zacian\n|\n|upkeep\n|turn|13\n|inactive|Battle timer is ON: inactive players will automatically lose when time's up. (requested by John-Halsey)\n|inactive|TriIce has 120 seconds left.\n|\n|t:|1699811754\n|switch|p2a: Darkrai|Darkrai|100\/100\n|move|p1a: Ceruledge|Bitter Blade|p2a: Darkrai\n|-damage|p2a: Darkrai|3\/100\n|\n|upkeep\n|turn|14\n|c|\u2606John-Halsey|full legendary team.\n|\n|t:|1699811773\n|switch|p2a: Kyogre|Kyogre-Primal|43\/100 tox\n|-weather|PrimordialSea|[from] ability: Primordial Sea|[of] p2a: Kyogre\n|move|p1a: Ceruledge|Shadow Sneak|p2a: Kyogre\n|-damage|p2a: Kyogre|14\/100 tox\n|\n|-weather|PrimordialSea|[upkeep]\n|-damage|p2a: Kyogre|8\/100 tox|[from] psn\n|upkeep\n|turn|15\n|\n|t:|1699811782\n|move|p1a: Ceruledge|Shadow Sneak|p2a: Kyogre\n|-damage|p2a: Kyogre|0 fnt\n|faint|p2a: Kyogre\n|-weather|none\n|\n|upkeep\n|\n|t:|1699811788\n|switch|p2a: Deoxys|Deoxys-Attack|100\/100\n|-ability|p2a: Deoxys|Pressure\n|turn|16\n|inactive|TriIce has 120 seconds left.\n|\n|t:|1699811824\n|move|p1a: Ceruledge|Shadow Sneak|p2a: Deoxys\n|-supereffective|p2a: Deoxys\n|-crit|p2a: Deoxys\n|-damage|p2a: Deoxys|0 fnt\n|faint|p2a: Deoxys\n|\n|upkeep\n|\n|t:|1699811838\n|switch|p2a: Arceus|Arceus-Flying, shiny|46\/100\n|turn|17\n|\n|t:|1699811843\n|move|p1a: Ceruledge|Bitter Blade|p2a: Arceus\n|-damage|p2a: Arceus|0 fnt\n|faint|p2a: Arceus\n|\n|upkeep\n|inactive|TriIce has 120 seconds left.\n|-message|TriIce forfeited.\n|\n|win|John-Halsey\n|raw|John-Halsey's rating: 1086 &rarr; <strong>1110<\/strong><br \/>(+24 for winning)\n|raw|TriIce's rating: 1041 &rarr; <strong>1027<\/strong><br \/>(-14 for losing)\n|l|\u2606TriIce\n","uploadtime":1699811855,"views":23,"p1id":"johnhalsey","p2id":"triice","formatid":"gen9nationaldexubers","rating":1027,"private":0,"password":""}