{"id":"gen9nationaldexubers-1997560868","p1":"181g","p2":"Jaluminor","format":"[Gen 9] National Dex Ubers","log":"|j|\u2606181g\n|j|\u2606Jaluminor\n|t:|1700825640\n|gametype|singles\n|player|p1|181g|cynthia-gen4|1265\n|player|p2|Jaluminor|hilbert-wonderlauncher|1393\n|teamsize|p1|6\n|teamsize|p2|6\n|gen|9\n|tier|[Gen 9] National Dex Ubers\n|rated|\n|rule|HP Percentage Mod: HP is shown in percentages\n|rule|Endless Battle Clause: Forcing endless battles is banned\n|rule|OHKO Clause: OHKO moves are banned\n|rule|Evasion Moves Clause: Evasion moves are banned\n|rule|Evasion Items Clause: Evasion items are banned\n|rule|Species Clause: Limit one of each Pok\u00e9mon\n|rule|Sleep Clause Mod: Limit one foe put to sleep\n|rule|Mega Rayquaza Clause: You cannot mega evolve Rayquaza\n|clearpoke\n|poke|p1|Calyrex-Ice|\n|poke|p1|Groudon|\n|poke|p1|Zygarde|\n|poke|p1|Lopunny, F|\n|poke|p1|Kyurem-Black|\n|poke|p1|Yveltal|\n|poke|p2|Groudon|\n|poke|p2|Kyogre|\n|poke|p2|Necrozma-Dusk-Mane|\n|poke|p2|Zygarde|\n|poke|p2|Mewtwo|\n|poke|p2|Kyurem-Black|\n|teampreview\n|\n|t:|1700825652\n|start\n|switch|p1a: Groudon|Groudon|100\/100\n|switch|p2a: Zygarde|Zygarde|100\/100\n|detailschange|p1a: Groudon|Groudon-Primal\n|-primal|p1a: Groudon|Red Orb\n|-weather|DesolateLand|[from] ability: Desolate Land|[of] p1a: Groudon\n|turn|1\n|\n|t:|1700825660\n|move|p2a: Zygarde|Coil|p2a: Zygarde\n|-boost|p2a: Zygarde|atk|1\n|-boost|p2a: Zygarde|def|1\n|-boost|p2a: Zygarde|accuracy|1\n|move|p1a: Groudon|Precipice Blades|p2a: Zygarde\n|-damage|p2a: Zygarde|61\/100\n|\n|-weather|DesolateLand|[upkeep]\n|-heal|p2a: Zygarde|67\/100|[from] item: Leftovers\n|upkeep\n|turn|2\n|\n|t:|1700825669\n|move|p2a: Zygarde|Coil|p2a: Zygarde\n|-boost|p2a: Zygarde|atk|1\n|-boost|p2a: Zygarde|def|1\n|-boost|p2a: Zygarde|accuracy|1\n|move|p1a: Groudon|Precipice Blades|p2a: Zygarde\n|-damage|p2a: Zygarde|42\/100\n|\n|-weather|DesolateLand|[upkeep]\n|-heal|p2a: Zygarde|48\/100|[from] item: Leftovers\n|-activate|p2a: Zygarde|ability: Power Construct\n|detailschange|p2a: Zygarde|Zygarde-Complete\n|-heal|p2a: Zygarde|66\/100|[silent]\n|upkeep\n|turn|3\n|\n|t:|1700825682\n|move|p1a: Groudon|Precipice Blades|p2a: Zygarde\n|-damage|p2a: Zygarde|48\/100\n|move|p2a: Zygarde|Rest|p2a: Zygarde\n|-status|p2a: Zygarde|slp|[from] move: Rest\n|-heal|p2a: Zygarde|100\/100 slp|[silent]\n|\n|-weather|DesolateLand|[upkeep]\n|upkeep\n|turn|4\n|\n|t:|1700825688\n|move|p1a: Groudon|Precipice Blades|p2a: Zygarde\n|-damage|p2a: Zygarde|83\/100 slp\n|cant|p2a: Zygarde|slp\n|move|p2a: Zygarde|Sleep Talk|p2a: Zygarde\n|move|p2a: Zygarde|Thousand Arrows|p1a: Groudon|[from]move: Sleep Talk\n|-supereffective|p1a: Groudon\n|-damage|p1a: Groudon|14\/100\n|\n|-weather|DesolateLand|[upkeep]\n|-heal|p2a: Zygarde|89\/100 slp|[from] item: Leftovers\n|upkeep\n|turn|5\n|\n|t:|1700825698\n|move|p1a: Groudon|Precipice Blades|p2a: Zygarde\n|-damage|p2a: Zygarde|70\/100 slp\n|cant|p2a: Zygarde|slp\n|move|p2a: Zygarde|Sleep Talk|p2a: Zygarde\n|move|p2a: Zygarde|Rest||[from]move: Sleep Talk|[still]\n|-fail|p2a: Zygarde\n|\n|-weather|DesolateLand|[upkeep]\n|-heal|p2a: Zygarde|76\/100 slp|[from] item: Leftovers\n|upkeep\n|turn|6\n|\n|t:|1700825708\n|move|p1a: Groudon|Precipice Blades|p2a: Zygarde\n|-damage|p2a: Zygarde|58\/100 slp\n|-curestatus|p2a: Zygarde|slp|[msg]\n|move|p2a: Zygarde|Thousand Arrows|p1a: Groudon\n|-supereffective|p1a: Groudon\n|-crit|p1a: Groudon\n|-damage|p1a: Groudon|0 fnt\n|faint|p1a: Groudon\n|-weather|none\n|\n|-heal|p2a: Zygarde|64\/100|[from] item: Leftovers\n|upkeep\n|\n|t:|1700825724\n|switch|p1a: Kyurem|Kyurem-Black|100\/100\n|-ability|p1a: Kyurem|Teravolt\n|turn|7\n|\n|t:|1700825731\n|-terastallize|p2a: Zygarde|Water\n|move|p1a: Kyurem|Icicle Spear|p2a: Zygarde\n|-resisted|p2a: Zygarde\n|-damage|p2a: Zygarde|62\/100\n|-resisted|p2a: Zygarde\n|-crit|p2a: Zygarde\n|-damage|p2a: Zygarde|57\/100\n|-resisted|p2a: Zygarde\n|-damage|p2a: Zygarde|55\/100\n|-resisted|p2a: Zygarde\n|-damage|p2a: Zygarde|53\/100\n|-resisted|p2a: Zygarde\n|-damage|p2a: Zygarde|51\/100\n|-hitcount|p2a: Zygarde|5\n|move|p2a: Zygarde|Rest|p2a: Zygarde\n|-status|p2a: Zygarde|slp|[from] move: Rest\n|-heal|p2a: Zygarde|100\/100 slp|[silent]\n|\n|upkeep\n|turn|8\n|\n|t:|1700825745\n|move|p1a: Kyurem|Fusion Bolt|p2a: Zygarde\n|-supereffective|p2a: Zygarde\n|-damage|p2a: Zygarde|80\/100 slp\n|cant|p2a: Zygarde|slp\n|move|p2a: Zygarde|Sleep Talk|p2a: Zygarde\n|move|p2a: Zygarde|Coil|p2a: Zygarde|[from]move: Sleep Talk\n|-boost|p2a: Zygarde|atk|1\n|-boost|p2a: Zygarde|def|1\n|-boost|p2a: Zygarde|accuracy|1\n|\n|-heal|p2a: Zygarde|86\/100 slp|[from] item: Leftovers\n|upkeep\n|turn|9\n|\n|t:|1700825756\n|move|p1a: Kyurem|Fusion Bolt|p2a: Zygarde\n|-supereffective|p2a: Zygarde\n|-damage|p2a: Zygarde|70\/100 slp\n|cant|p2a: Zygarde|slp\n|move|p2a: Zygarde|Sleep Talk|p2a: Zygarde\n|move|p2a: Zygarde|Rest||[from]move: Sleep Talk|[still]\n|-fail|p2a: Zygarde\n|\n|-heal|p2a: Zygarde|76\/100 slp|[from] item: Leftovers\n|upkeep\n|turn|10\n|\n|t:|1700825766\n|move|p1a: Kyurem|Fusion Bolt|p2a: Zygarde\n|-supereffective|p2a: Zygarde\n|-damage|p2a: Zygarde|61\/100 slp\n|-curestatus|p2a: Zygarde|slp|[msg]\n|move|p2a: Zygarde|Coil|p2a: Zygarde\n|-boost|p2a: Zygarde|atk|1\n|-boost|p2a: Zygarde|def|1\n|-boost|p2a: Zygarde|accuracy|1\n|\n|-heal|p2a: Zygarde|67\/100|[from] item: Leftovers\n|upkeep\n|turn|11\n|\n|t:|1700825775\n|move|p1a: Kyurem|Fusion Bolt|p2a: Zygarde\n|-supereffective|p2a: Zygarde\n|-damage|p2a: Zygarde|53\/100\n|move|p2a: Zygarde|Coil|p2a: Zygarde\n|-boost|p2a: Zygarde|atk|1\n|-boost|p2a: Zygarde|def|1\n|-boost|p2a: Zygarde|accuracy|1\n|\n|-heal|p2a: Zygarde|60\/100|[from] item: Leftovers\n|upkeep\n|turn|12\n|\n|t:|1700825784\n|move|p1a: Kyurem|Fusion Bolt|p2a: Zygarde\n|-supereffective|p2a: Zygarde\n|-damage|p2a: Zygarde|49\/100\n|move|p2a: Zygarde|Coil|p2a: Zygarde\n|-boost|p2a: Zygarde|atk|1\n|-boost|p2a: Zygarde|def|1\n|-boost|p2a: Zygarde|accuracy|1\n|\n|-heal|p2a: Zygarde|55\/100|[from] item: Leftovers\n|upkeep\n|turn|13\n|n|!181g|181g\n|\n|t:|1700825800\n|move|p1a: Kyurem|Fusion Bolt|p2a: Zygarde\n|-supereffective|p2a: Zygarde\n|-damage|p2a: Zygarde|45\/100\n|move|p2a: Zygarde|Thousand Arrows|p1a: Kyurem\n|-damage|p1a: Kyurem|11\/100\n|\n|-heal|p2a: Zygarde|51\/100|[from] item: Leftovers\n|upkeep\n|turn|14\n|\n|t:|1700825808\n|move|p1a: Kyurem|Fusion Bolt|p2a: Zygarde\n|-supereffective|p2a: Zygarde\n|-damage|p2a: Zygarde|42\/100\n|move|p2a: Zygarde|Thousand Arrows|p1a: Kyurem\n|-damage|p1a: Kyurem|0 fnt\n|faint|p1a: Kyurem\n|\n|-heal|p2a: Zygarde|48\/100|[from] item: Leftovers\n|upkeep\n|\n|t:|1700825820\n|switch|p1a: Zygarde|Zygarde|100\/100\n|turn|15\n|\n|t:|1700825824\n|move|p2a: Zygarde|Thousand Arrows|p1a: Zygarde\n|-damage|p1a: Zygarde|0 fnt\n|faint|p1a: Zygarde\n|\n|-heal|p2a: Zygarde|54\/100|[from] item: Leftovers\n|upkeep\n|\n|t:|1700825833\n|switch|p1a: Yveltal|Yveltal|100\/100\n|-ability|p1a: Yveltal|Dark Aura\n|turn|16\n|\n|t:|1700825838\n|move|p1a: Yveltal|Toxic|p2a: Zygarde\n|-status|p2a: Zygarde|tox\n|move|p2a: Zygarde|Rest|p2a: Zygarde\n|-status|p2a: Zygarde|slp|[from] move: Rest\n|-heal|p2a: Zygarde|100\/100 slp|[silent]\n|\n|upkeep\n|turn|17\n|\n|t:|1700825845\n|move|p1a: Yveltal|Knock Off|p2a: Zygarde\n|-damage|p2a: Zygarde|93\/100 slp\n|-enditem|p2a: Zygarde|Leftovers|[from] move: Knock Off|[of] p1a: Yveltal\n|cant|p2a: Zygarde|slp\n|move|p2a: Zygarde|Sleep Talk|p2a: Zygarde\n|move|p2a: Zygarde|Thousand Arrows|p1a: Yveltal|[from]move: Sleep Talk\n|-damage|p1a: Yveltal|19\/100\n|-start|p1a: Yveltal|Smack Down\n|\n|upkeep\n|turn|18\n|\n|t:|1700825859\n|move|p1a: Yveltal|Oblivion Wing|p2a: Zygarde\n|-damage|p2a: Zygarde|78\/100 slp\n|-heal|p1a: Yveltal|37\/100|[from] drain|[of] p2a: Zygarde\n|cant|p2a: Zygarde|slp\n|move|p2a: Zygarde|Sleep Talk|p2a: Zygarde\n|move|p2a: Zygarde|Coil|p2a: Zygarde|[from]move: Sleep Talk\n|-boost|p2a: Zygarde|atk|0\n|-boost|p2a: Zygarde|def|0\n|-boost|p2a: Zygarde|accuracy|0\n|\n|upkeep\n|turn|19\n|\n|t:|1700825870\n|move|p1a: Yveltal|Oblivion Wing|p2a: Zygarde\n|-damage|p2a: Zygarde|63\/100 slp\n|-heal|p1a: Yveltal|55\/100|[from] drain|[of] p2a: Zygarde\n|-curestatus|p2a: Zygarde|slp|[msg]\n|move|p2a: Zygarde|Thousand Arrows|p1a: Yveltal\n|-damage|p1a: Yveltal|0 fnt\n|faint|p1a: Yveltal\n|\n|upkeep\n|\n|t:|1700825882\n|switch|p1a: Lopunny|Lopunny, F|100\/100\n|turn|20\n|\n|t:|1700825885\n|detailschange|p1a: Lopunny|Lopunny-Mega, F\n|-mega|p1a: Lopunny|Lopunny|Lopunnite\n|move|p1a: Lopunny|Fake Out|p2a: Zygarde\n|-damage|p2a: Zygarde|60\/100\n|cant|p2a: Zygarde|flinch\n|\n|upkeep\n|turn|21\n|\n|t:|1700825891\n|move|p1a: Lopunny|Thunder Punch|p2a: Zygarde\n|-supereffective|p2a: Zygarde\n|-damage|p2a: Zygarde|54\/100\n|move|p2a: Zygarde|Thousand Arrows|p1a: Lopunny\n|-crit|p1a: Lopunny\n|-damage|p1a: Lopunny|0 fnt\n|faint|p1a: Lopunny\n|\n|upkeep\n|l|!181g\n|player|p1|\n|j|!181g\n|player|p1|181g|cynthia-gen4\n|-message|181g forfeited.\n|\n|win|Jaluminor\n|raw|181g's rating: 1265 &rarr; <strong>1249<\/strong><br \/>(-16 for losing)\n|raw|Jaluminor's rating: 1393 &rarr; <strong>1406<\/strong><br \/>(+13 for winning)\n|l|!181g\n","uploadtime":1700825797,"views":1,"p1id":"181g","p2id":"jaluminor","formatid":"gen9nationaldexubers","rating":1249,"private":0,"password":""}