{"id":"gen9nationaldexubers-1996222309","p1":"SkyGandr","p2":"BlockiBlock","format":"[Gen 9] National Dex Ubers","log":"|j|\u2606SkyGandr\n|j|\u2606BlockiBlock\n|t:|1700660941\n|gametype|singles\n|player|p1|SkyGandr|ethan-masters|1077\n|player|p2|BlockiBlock|2|1080\n|teamsize|p1|6\n|teamsize|p2|6\n|gen|9\n|tier|[Gen 9] National Dex Ubers\n|rated|\n|rule|HP Percentage Mod: HP is shown in percentages\n|rule|Endless Battle Clause: Forcing endless battles is banned\n|rule|OHKO Clause: OHKO moves are banned\n|rule|Evasion Moves Clause: Evasion moves are banned\n|rule|Evasion Items Clause: Evasion items are banned\n|rule|Species Clause: Limit one of each Pok\u00e9mon\n|rule|Sleep Clause Mod: Limit one foe put to sleep\n|rule|Mega Rayquaza Clause: You cannot mega evolve Rayquaza\n|clearpoke\n|poke|p1|Salamence, M|\n|poke|p1|Xerneas-*|\n|poke|p1|Kyogre|\n|poke|p1|Groudon|\n|poke|p1|Necrozma-Dusk-Mane|\n|poke|p1|Yveltal|\n|poke|p2|Gigalith, M|\n|poke|p2|Metagross|\n|poke|p2|Dugtrio, M|\n|poke|p2|Steelix, M|\n|poke|p2|Kyogre|\n|poke|p2|Swampert, M|\n|teampreview\n|\n|t:|1700660949\n|start\n|switch|p1a: Salamence|Salamence, M|100\/100\n|switch|p2a: Gigalith|Gigalith, M|100\/100\n|-ability|p1a: Salamence|Intimidate|boost\n|-unboost|p2a: Gigalith|atk|1\n|-weather|Sandstorm|[from] ability: Sand Stream|[of] p2a: Gigalith\n|turn|1\n|\n|t:|1700660959\n|switch|p1a: Groudon|Groudon|100\/100\n|detailschange|p1a: Groudon|Groudon-Primal\n|-primal|p1a: Groudon|Red Orb\n|-weather|DesolateLand|[from] ability: Desolate Land|[of] p1a: Groudon\n|move|p2a: Gigalith|Stone Edge|p1a: Groudon\n|-damage|p1a: Groudon|78\/100\n|\n|-weather|DesolateLand|[upkeep]\n|upkeep\n|turn|2\n|\n|t:|1700660969\n|move|p1a: Groudon|Stealth Rock|p2a: Gigalith\n|-sidestart|p2: BlockiBlock|move: Stealth Rock\n|move|p2a: Gigalith|Stealth Rock|p1a: Groudon\n|-sidestart|p1: SkyGandr|move: Stealth Rock\n|\n|-weather|DesolateLand|[upkeep]\n|upkeep\n|turn|3\n|\n|t:|1700660976\n|move|p1a: Groudon|Precipice Blades|p2a: Gigalith\n|-supereffective|p2a: Gigalith\n|-damage|p2a: Gigalith|9\/100\n|move|p2a: Gigalith|Earthquake|p1a: Groudon\n|-supereffective|p1a: Groudon\n|-damage|p1a: Groudon|47\/100\n|\n|-weather|DesolateLand|[upkeep]\n|upkeep\n|turn|4\n|\n|t:|1700660984\n|move|p1a: Groudon|Precipice Blades|p2a: Gigalith|[miss]\n|-miss|p1a: Groudon|p2a: Gigalith\n|move|p2a: Gigalith|Earthquake|p1a: Groudon\n|-supereffective|p1a: Groudon\n|-damage|p1a: Groudon|20\/100\n|\n|-weather|DesolateLand|[upkeep]\n|upkeep\n|turn|5\n|\n|t:|1700660990\n|-weather|none\n|switch|p1a: Salamence|Salamence, M|100\/100\n|-damage|p1a: Salamence|76\/100|[from] Stealth Rock\n|-ability|p1a: Salamence|Intimidate|boost\n|-unboost|p2a: Gigalith|atk|1\n|move|p2a: Gigalith|Earthquake|p1a: Salamence\n|-immune|p1a: Salamence\n|\n|upkeep\n|turn|6\n|\n|t:|1700660999\n|switch|p2a: Kyogre|Kyogre|100\/100\n|-damage|p2a: Kyogre|88\/100|[from] Stealth Rock\n|-weather|RainDance|[from] ability: Drizzle|[of] p2a: Kyogre\n|detailschange|p1a: Salamence|Salamence-Mega, M\n|-mega|p1a: Salamence|Salamence|Salamencite\n|move|p1a: Salamence|Earthquake|p2a: Kyogre\n|-damage|p2a: Kyogre|52\/100\n|\n|-weather|RainDance|[upkeep]\n|upkeep\n|turn|7\n|\n|t:|1700661013\n|move|p1a: Salamence|Frustration|p2a: Kyogre\n|-damage|p2a: Kyogre|0 fnt\n|faint|p2a: Kyogre\n|\n|-weather|RainDance|[upkeep]\n|upkeep\n|\n|t:|1700661022\n|switch|p2a: Swampert|Swampert, M|100\/100\n|-damage|p2a: Swampert|94\/100|[from] Stealth Rock\n|turn|8\n|\n|t:|1700661039\n|switch|p1a: Kyogre|Kyogre|100\/100\n|-damage|p1a: Kyogre|88\/100|[from] Stealth Rock\n|detailschange|p1a: Kyogre|Kyogre-Primal\n|-primal|p1a: Kyogre|Blue Orb\n|-weather|PrimordialSea|[from] ability: Primordial Sea|[of] p1a: Kyogre\n|move|p2a: Swampert|Waterfall|p1a: Kyogre\n|-resisted|p1a: Kyogre\n|-damage|p1a: Kyogre|59\/100\n|\n|-weather|PrimordialSea|[upkeep]\n|-heal|p2a: Swampert|100\/100|[from] item: Leftovers\n|upkeep\n|turn|9\n|\n|t:|1700661054\n|move|p1a: Kyogre|Ice Beam|p2a: Swampert\n|-damage|p2a: Swampert|68\/100\n|move|p2a: Swampert|Darkest Lariat|p1a: Kyogre\n|-damage|p1a: Kyogre|27\/100\n|\n|-weather|PrimordialSea|[upkeep]\n|-heal|p2a: Swampert|74\/100|[from] item: Leftovers\n|upkeep\n|turn|10\n|\n|t:|1700661062\n|-weather|none\n|switch|p1a: Yveltal|Yveltal|100\/100\n|-ability|p1a: Yveltal|Dark Aura\n|move|p2a: Swampert|Darkest Lariat|p1a: Yveltal\n|-resisted|p1a: Yveltal\n|-damage|p1a: Yveltal|87\/100\n|\n|-heal|p2a: Swampert|80\/100|[from] item: Leftovers\n|upkeep\n|turn|11\n|\n|t:|1700661075\n|move|p1a: Yveltal|Roost|p1a: Yveltal\n|-heal|p1a: Yveltal|100\/100\n|-singleturn|p1a: Yveltal|move: Roost\n|move|p2a: Swampert|Waterfall|p1a: Yveltal\n|-damage|p1a: Yveltal|74\/100\n|\n|-heal|p2a: Swampert|87\/100|[from] item: Leftovers\n|upkeep\n|turn|12\n|\n|t:|1700661084\n|move|p1a: Yveltal|Defog|p2a: Swampert\n|-unboost|p2a: Swampert|evasion|1\n|-sideend|p2: BlockiBlock|Stealth Rock|[from] move: Defog|[of] p1a: Yveltal\n|-sideend|p1: SkyGandr|Stealth Rock|[from] move: Defog|[of] p1a: Yveltal\n|move|p2a: Swampert|Waterfall|p1a: Yveltal\n|-damage|p1a: Yveltal|46\/100\n|\n|-heal|p2a: Swampert|93\/100|[from] item: Leftovers\n|upkeep\n|turn|13\n|\n|t:|1700661098\n|move|p1a: Yveltal|Roost|p1a: Yveltal\n|-heal|p1a: Yveltal|96\/100\n|-singleturn|p1a: Yveltal|move: Roost\n|move|p2a: Swampert|Darkest Lariat|p1a: Yveltal\n|-resisted|p1a: Yveltal\n|-damage|p1a: Yveltal|83\/100\n|\n|-heal|p2a: Swampert|99\/100|[from] item: Leftovers\n|upkeep\n|turn|14\n|\n|t:|1700661110\n|switch|p1a: Xerneas|Xerneas|100\/100\n|-ability|p1a: Xerneas|Fairy Aura\n|move|p2a: Swampert|Hammer Arm|p1a: Xerneas|[miss]\n|-miss|p2a: Swampert|p1a: Xerneas\n|\n|-heal|p2a: Swampert|100\/100|[from] item: Leftovers\n|upkeep\n|turn|15\n|\n|t:|1700661119\n|move|p1a: Xerneas|Geomancy||[still]\n|-prepare|p1a: Xerneas|Geomancy\n|-enditem|p1a: Xerneas|Power Herb\n|-anim|p1a: Xerneas|Geomancy|p1a: Xerneas\n|-boost|p1a: Xerneas|spa|2\n|-boost|p1a: Xerneas|spd|2\n|-boost|p1a: Xerneas|spe|2\n|move|p2a: Swampert|Hammer Arm|p1a: Xerneas\n|-resisted|p1a: Xerneas\n|-damage|p1a: Xerneas|86\/100\n|-unboost|p2a: Swampert|spe|1\n|\n|upkeep\n|turn|16\n|\n|t:|1700661128\n|move|p1a: Xerneas|Moonblast|p2a: Swampert\n|-damage|p2a: Swampert|0 fnt\n|faint|p2a: Swampert\n|\n|upkeep\n|\n|t:|1700661134\n|switch|p2a: Steelix|Steelix, M|100\/100\n|turn|17\n|\n|t:|1700661144\n|move|p1a: Xerneas|Hidden Power|p2a: Steelix\n|-supereffective|p2a: Steelix\n|-damage|p2a: Steelix|23\/100\n|move|p2a: Steelix|Heavy Slam|p1a: Xerneas\n|-supereffective|p1a: Xerneas\n|-damage|p1a: Xerneas|62\/100\n|\n|upkeep\n|turn|18\n|\n|t:|1700661151\n|move|p1a: Xerneas|Hidden Power|p2a: Steelix\n|-supereffective|p2a: Steelix\n|-damage|p2a: Steelix|0 fnt\n|faint|p2a: Steelix\n|\n|upkeep\n|\n|t:|1700661155\n|switch|p2a: Dugtrio|Dugtrio, M|100\/100\n|turn|19\n|\n|t:|1700661159\n|move|p1a: Xerneas|Moonblast|p2a: Dugtrio\n|-enditem|p2a: Dugtrio|Focus Sash\n|-damage|p2a: Dugtrio|1\/100\n|move|p2a: Dugtrio|Toxic|p1a: Xerneas\n|-status|p1a: Xerneas|tox\n|\n|-damage|p1a: Xerneas|56\/100 tox|[from] psn\n|upkeep\n|turn|20\n|\n|t:|1700661167\n|move|p1a: Xerneas|Moonblast|p2a: Dugtrio\n|-damage|p2a: Dugtrio|0 fnt\n|faint|p2a: Dugtrio\n|\n|-damage|p1a: Xerneas|43\/100 tox|[from] psn\n|upkeep\n|\n|t:|1700661172\n|switch|p2a: Metagross|Metagross|100\/100\n|turn|21\n|\n|t:|1700661175\n|move|p1a: Xerneas|Hidden Power|p2a: Metagross\n|-supereffective|p2a: Metagross\n|-damage|p2a: Metagross|12\/100\n|move|p2a: Metagross|Meteor Mash|p1a: Xerneas\n|-supereffective|p1a: Xerneas\n|-damage|p1a: Xerneas|0 fnt\n|faint|p1a: Xerneas\n|\n|upkeep\n|\n|t:|1700661180\n|switch|p1a: Salamence|Salamence-Mega, M|76\/100\n|turn|22\n|\n|t:|1700661186\n|move|p1a: Salamence|Earthquake|p2a: Metagross\n|-supereffective|p2a: Metagross\n|-damage|p2a: Metagross|0 fnt\n|faint|p2a: Metagross\n|\n|upkeep\n|-message|BlockiBlock forfeited.\n|\n|win|SkyGandr\n|raw|SkyGandr's rating: 1077 &rarr; <strong>1106<\/strong><br \/>(+29 for winning)\n|raw|BlockiBlock's rating: 1080 &rarr; <strong>1058<\/strong><br \/>(-22 for losing)\n|l|\u2606BlockiBlock\n","uploadtime":1700661195,"views":0,"p1id":"skygandr","p2id":"blockiblock","formatid":"gen9nationaldexubers","rating":1058,"private":0,"password":""}