{"id":"gen9nationaldexubers-1994471134","p1":"KylarStern0508","p2":"Jcdragontales","format":"[Gen 9] National Dex Ubers","log":"|j|\u2606KylarStern0508\n|j|\u2606Jcdragontales\n|t:|1700447740\n|gametype|singles\n|player|p1|KylarStern0508|bruno|\n|player|p2|Jcdragontales|guzma|\n|teamsize|p1|6\n|teamsize|p2|6\n|gen|9\n|tier|[Gen 9] National Dex Ubers\n|rule|HP Percentage Mod: HP is shown in percentages\n|rule|Endless Battle Clause: Forcing endless battles is banned\n|rule|OHKO Clause: OHKO moves are banned\n|rule|Evasion Moves Clause: Evasion moves are banned\n|rule|Evasion Items Clause: Evasion items are banned\n|rule|Species Clause: Limit one of each Pok\u00e9mon\n|rule|Sleep Clause Mod: Limit one foe put to sleep\n|rule|Mega Rayquaza Clause: You cannot mega evolve Rayquaza\n|clearpoke\n|poke|p1|Scizor, M|\n|poke|p1|Azumarill, M|\n|poke|p1|Dragapult, M|\n|poke|p1|Donphan, M|\n|poke|p1|Dudunsparce-*, F|\n|poke|p1|Noctowl, M|\n|poke|p2|Aerodactyl, F|\n|poke|p2|Chien-Pao|\n|poke|p2|Weezing, M|\n|poke|p2|Ditto|\n|poke|p2|Garchomp, F|\n|poke|p2|Chandelure, F|\n|teampreview\n|j| cunningjams\n|c|\u2606Jcdragontales|Gl hf friend\n|c|\u2606KylarStern0508|u2 man\n|c| cunningjams|gl fams\n|\n|t:|1700447843\n|start\n|switch|p1a: Dudunsparce|Dudunsparce, F|100\/100\n|switch|p2a: Chien-Rogi|Chien-Pao|100\/100\n|-ability|p2a: Chien-Rogi|Sword of Ruin\n|turn|1\n|\n|t:|1700447886\n|switch|p1a: Azumarill|Azumarill, M|100\/100\n|move|p2a: Chien-Rogi|Brick Break|p1a: Azumarill\n|-resisted|p1a: Azumarill\n|-damage|p1a: Azumarill|81\/100\n|\n|-heal|p1a: Azumarill|87\/100|[from] item: Leftovers\n|upkeep\n|turn|2\n|\n|t:|1700447962\n|switch|p2a: Dudeweedlmao|Weezing, M|100\/100\n|move|p1a: Azumarill|Liquidation|p2a: Dudeweedlmao\n|-damage|p2a: Dudeweedlmao|67\/100\n|\n|-heal|p1a: Azumarill|94\/100|[from] item: Leftovers\n|upkeep\n|turn|3\n|\n|t:|1700448008\n|switch|p1a: Noctowl|Noctowl, M|100\/100\n|move|p2a: Dudeweedlmao|Thunderbolt|p1a: Noctowl\n|-supereffective|p1a: Noctowl\n|-damage|p1a: Noctowl|53\/100\n|\n|upkeep\n|turn|4\n|\n|t:|1700448070\n|move|p1a: Noctowl|Hurricane|p2a: Dudeweedlmao|[miss]\n|-miss|p1a: Noctowl|p2a: Dudeweedlmao\n|move|p2a: Dudeweedlmao|Thunderbolt|p1a: Noctowl\n|-supereffective|p1a: Noctowl\n|-damage|p1a: Noctowl|6\/100\n|\n|upkeep\n|turn|5\n|\n|t:|1700448092\n|move|p1a: Noctowl|Hurricane|p2a: Dudeweedlmao\n|-damage|p2a: Dudeweedlmao|0 fnt\n|faint|p2a: Dudeweedlmao\n|\n|upkeep\n|c|\u2606Jcdragontales|Couldn\u2019t get lucky twice\n|\n|t:|1700448133\n|switch|p2a: Big Effing Bat|Aerodactyl, F, shiny|100\/100\n|turn|6\n|\n|t:|1700448172\n|detailschange|p2a: Big Effing Bat|Aerodactyl-Mega, F, shiny\n|-mega|p2a: Big Effing Bat|Aerodactyl|Aerodactylite\n|move|p2a: Big Effing Bat|Dual Wingbeat|p1a: Noctowl\n|-damage|p1a: Noctowl|0 fnt\n|faint|p1a: Noctowl\n|-hitcount|p1: Noctowl|1\n|\n|upkeep\n|\n|t:|1700448241\n|switch|p1a: Donphan|Donphan, M|100\/100\n|turn|7\n|\n|t:|1700448272\n|-terastallize|p1a: Donphan|Ice\n|move|p2a: Big Effing Bat|Substitute|p2a: Big Effing Bat\n|-start|p2a: Big Effing Bat|Substitute\n|-damage|p2a: Big Effing Bat|76\/100\n|move|p1a: Donphan|Ice Spinner|p2a: Big Effing Bat\n|-supereffective|p2a: Big Effing Bat\n|-end|p2a: Big Effing Bat|Substitute\n|\n|upkeep\n|turn|8\n|\n|t:|1700448311\n|move|p2a: Big Effing Bat|Fire Fang|p1a: Donphan\n|-supereffective|p1a: Donphan\n|-crit|p1a: Donphan\n|-damage|p1a: Donphan|29\/100\n|move|p1a: Donphan|Ice Spinner|p2a: Big Effing Bat\n|-supereffective|p2a: Big Effing Bat\n|-damage|p2a: Big Effing Bat|0 fnt\n|faint|p2a: Big Effing Bat\n|\n|upkeep\n|\n|t:|1700448325\n|switch|p2a: CheapLighting|Chandelure, F, shiny|100\/100\n|turn|9\n|\n|t:|1700448342\n|switch|p1a: Dudunsparce|Dudunsparce, F|100\/100\n|move|p2a: CheapLighting|Mystical Fire|p1a: Dudunsparce\n|-damage|p1a: Dudunsparce|59\/100\n|-unboost|p1a: Dudunsparce|spa|1\n|\n|upkeep\n|turn|10\n|\n|t:|1700448420\n|move|p2a: CheapLighting|Mystical Fire|p1a: Dudunsparce\n|-damage|p1a: Dudunsparce|17\/100\n|-unboost|p1a: Dudunsparce|spa|1\n|move|p1a: Dudunsparce|Stealth Rock|p2a: CheapLighting\n|-sidestart|p2: Jcdragontales|move: Stealth Rock\n|\n|upkeep\n|turn|11\n|\n|t:|1700448485\n|move|p2a: CheapLighting|Mystical Fire|p1a: Dudunsparce\n|-crit|p1a: Dudunsparce\n|-damage|p1a: Dudunsparce|0 fnt\n|faint|p1a: Dudunsparce\n|\n|upkeep\n|\n|t:|1700448489\n|switch|p1a: Dragapult|Dragapult, M|100\/100\n|turn|12\n|\n|t:|1700448511\n|switch|p2a: Chien-Rogi|Chien-Pao|100\/100\n|-damage|p2a: Chien-Rogi|76\/100|[from] Stealth Rock\n|-ability|p2a: Chien-Rogi|Sword of Ruin\n|move|p1a: Dragapult|Dragon Darts|p2a: Chien-Rogi\n|-damage|p2a: Chien-Rogi|31\/100\n|-anim|p1a: Dragapult|Dragon Darts|p2a: Chien-Rogi\n|-damage|p2a: Chien-Rogi|0 fnt\n|faint|p2a: Chien-Rogi\n|\n|upkeep\n|\n|t:|1700448523\n|switch|p2a: JasonJones|Ditto, shiny|100\/100\n|-damage|p2a: JasonJones|88\/100|[from] Stealth Rock\n|-transform|p2a: JasonJones|p1a: Dragapult|[from] ability: Imposter\n|turn|13\n|\n|t:|1700448559\n|switch|p1a: Azumarill|Azumarill, M|94\/100\n|move|p2a: JasonJones|U-turn|p1a: Azumarill\n|-resisted|p1a: Azumarill\n|-damage|p1a: Azumarill|84\/100\n|\n|t:|1700448565\n|switch|p2a: CheapLighting|Chandelure, F, shiny|100\/100|[from] U-turn\n|-damage|p2a: CheapLighting|76\/100|[from] Stealth Rock\n|\n|-heal|p1a: Azumarill|90\/100|[from] item: Leftovers\n|upkeep\n|turn|14\n|\n|t:|1700448641\n|switch|p1a: Scizor|Scizor, M|100\/100\n|-terastallize|p2a: CheapLighting|Fighting\n|move|p2a: CheapLighting|Shadow Ball|p1a: Scizor\n|-damage|p1a: Scizor|9\/100\n|\n|upkeep\n|turn|15\n|\n|t:|1700448686\n|detailschange|p1a: Scizor|Scizor-Mega, M\n|-mega|p1a: Scizor|Scizor|Scizorite\n|move|p1a: Scizor|Bullet Punch|p2a: CheapLighting\n|-damage|p2a: CheapLighting|20\/100\n|move|p2a: CheapLighting|Shadow Ball|p1a: Scizor\n|-damage|p1a: Scizor|0 fnt\n|faint|p1a: Scizor\n|\n|upkeep\n|\n|t:|1700448716\n|switch|p1a: Dragapult|Dragapult, M|100\/100\n|turn|16\n|\n|t:|1700448735\n|move|p1a: Dragapult|Dragon Darts|p2a: CheapLighting\n|-damage|p2a: CheapLighting|0 fnt\n|faint|p2a: CheapLighting\n|\n|upkeep\n|\n|t:|1700448738\n|switch|p2a: JasonJones|Ditto, shiny|88\/100\n|-damage|p2a: JasonJones|76\/100|[from] Stealth Rock\n|-transform|p2a: JasonJones|p1a: Dragapult|[from] ability: Imposter\n|turn|17\n|\n|t:|1700448793\n|switch|p1a: Azumarill|Azumarill, M|90\/100\n|move|p2a: JasonJones|Sucker Punch||[still]\n|-fail|p2a: JasonJones\n|\n|-heal|p1a: Azumarill|97\/100|[from] item: Leftovers\n|upkeep\n|turn|18\n|\n|t:|1700448806\n|move|p2a: JasonJones|Sucker Punch|p1a: Azumarill\n|-resisted|p1a: Azumarill\n|-damage|p1a: Azumarill|88\/100\n|move|p1a: Azumarill|Play Rough|p2a: JasonJones\n|-supereffective|p2a: JasonJones\n|-damage|p2a: JasonJones|0 fnt\n|faint|p2a: JasonJones\n|\n|-heal|p1a: Azumarill|94\/100|[from] item: Leftovers\n|upkeep\n|\n|t:|1700448809\n|switch|p2a: Lowermytiercoward|Garchomp, F, shiny|100\/100\n|-damage|p2a: Lowermytiercoward|94\/100|[from] Stealth Rock\n|turn|19\n|c|\u2606Jcdragontales|Ahhh well\n|\n|t:|1700448832\n|move|p2a: Lowermytiercoward|Earthquake|p1a: Azumarill\n|-damage|p1a: Azumarill|56\/100\n|move|p1a: Azumarill|Play Rough|p2a: Lowermytiercoward|[miss]\n|-miss|p1a: Azumarill|p2a: Lowermytiercoward\n|\n|-heal|p1a: Azumarill|62\/100|[from] item: Leftovers\n|upkeep\n|turn|20\n|\n|t:|1700448860\n|move|p2a: Lowermytiercoward|Earthquake|p1a: Azumarill\n|-damage|p1a: Azumarill|24\/100\n|move|p1a: Azumarill|Play Rough|p2a: Lowermytiercoward\n|-supereffective|p2a: Lowermytiercoward\n|-damage|p2a: Lowermytiercoward|10\/100\n|-damage|p1a: Azumarill|12\/100|[from] ability: Rough Skin|[of] p2a: Lowermytiercoward\n|\n|-heal|p1a: Azumarill|18\/100|[from] item: Leftovers\n|upkeep\n|turn|21\n|\n|t:|1700448881\n|move|p1a: Azumarill|Aqua Jet|p2a: Lowermytiercoward\n|-damage|p2a: Lowermytiercoward|0 fnt\n|-damage|p1a: Azumarill|5\/100|[from] ability: Rough Skin|[of] p2a: Lowermytiercoward\n|faint|p2a: Lowermytiercoward\n|\n|win|KylarStern0508\n|c|\u2606KylarStern0508|gg brother\n|c|\u2606Jcdragontales|Gg\n|c| cunningjams|gg guys\n|l| cunningjams\n|c|\u2606Jcdragontales|Azumarill is so good against my team fug\n|c|\u2606KylarStern0508|thx\n|c|\u2606KylarStern0508|yeah its def been mvp\n","uploadtime":1700448925,"views":34,"p1id":"kylarstern0508","p2id":"jcdragontales","formatid":"gen9nationaldexubers","rating":0,"private":0,"password":""}