{"id":"gen9nationaldexubers-1983631146","p1":"Ipenguin12","p2":"StormStarshine","format":"[Gen 9] National Dex Ubers","log":"|j|\u2606Ipenguin12\n|j|\u2606StormStarshine\n|t:|1699151612\n|gametype|singles\n|player|p1|Ipenguin12|sabi|\n|player|p2|StormStarshine|bellelba|\n|teamsize|p1|6\n|teamsize|p2|6\n|gen|9\n|tier|[Gen 9] National Dex Ubers\n|rule|HP Percentage Mod: HP is shown in percentages\n|rule|Endless Battle Clause: Forcing endless battles is banned\n|rule|OHKO Clause: OHKO moves are banned\n|rule|Evasion Moves Clause: Evasion moves are banned\n|rule|Evasion Items Clause: Evasion items are banned\n|rule|Species Clause: Limit one of each Pok\u00e9mon\n|rule|Sleep Clause Mod: Limit one foe put to sleep\n|rule|Mega Rayquaza Clause: You cannot mega evolve Rayquaza\n|clearpoke\n|poke|p1|Azelf|\n|poke|p1|Cryogonal|\n|poke|p1|Gholdengo|\n|poke|p1|Quagsire, M|\n|poke|p1|Clodsire, F|\n|poke|p1|Scizor, M|\n|poke|p2|Chandelure, F|\n|poke|p2|Blissey, F|\n|poke|p2|Latias, F|\n|poke|p2|Scizor, F|\n|poke|p2|Staraptor, F|\n|poke|p2|Roserade, M|\n|teampreview\n|j| Completeanimefan\n|j| DarthBowser151\n|j| HarmTurtle\n|c|\u2606Ipenguin12|this was i glad could explode on the first game\n|c| Completeanimefan|Round Three: FIGHT\n|c|\u2606StormStarshine|same\n|c|\u2606Ipenguin12|this was fun*\n|\n|t:|1699151654\n|start\n|switch|p1a: Gholdengo|Gholdengo|100\/100\n|switch|p2a: Birb|Staraptor, F|100\/100\n|-ability|p2a: Birb|Intimidate|boost\n|-unboost|p1a: Gholdengo|atk|1\n|turn|1\n|\n|t:|1699151661\n|move|p2a: Birb|Tailwind|p2a: Birb\n|-sidestart|p2: StormStarshine|move: Tailwind\n|move|p1a: Gholdengo|Thunder Wave|p2a: Birb\n|-status|p2a: Birb|par\n|\n|upkeep\n|turn|2\n|\n|t:|1699151667\n|move|p1a: Gholdengo|Power Gem|p2a: Birb\n|-supereffective|p2a: Birb\n|-damage|p2a: Birb|12\/100 par\n|cant|p2a: Birb|par\n|\n|upkeep\n|turn|3\n|\n|t:|1699151677\n|move|p2a: Birb|U-turn|p1a: Gholdengo\n|-resisted|p1a: Gholdengo\n|-crit|p1a: Gholdengo\n|-damage|p1a: Gholdengo|87\/100\n|-damage|p2a: Birb|2\/100 par|[from] item: Life Orb\n|\n|t:|1699151683\n|switch|p2a: Best Girl fite me|Latias, F|100\/100|[from] U-turn\n|move|p1a: Gholdengo|Power Gem|p2a: Best Girl fite me\n|-damage|p2a: Best Girl fite me|80\/100\n|\n|upkeep\n|turn|4\n|\n|t:|1699151694\n|-terastallize|p2a: Best Girl fite me|Electric\n|move|p2a: Best Girl fite me|Earthquake|p1a: Gholdengo\n|-supereffective|p1a: Gholdengo\n|-damage|p1a: Gholdengo|46\/100\n|move|p1a: Gholdengo|Thunder Wave|p2a: Best Girl fite me\n|-immune|p2a: Best Girl fite me\n|\n|-sideend|p2: StormStarshine|move: Tailwind\n|upkeep\n|turn|5\n|\n|t:|1699151707\n|move|p2a: Best Girl fite me|Earthquake|p1a: Gholdengo\n|-supereffective|p1a: Gholdengo\n|-damage|p1a: Gholdengo|5\/100\n|move|p1a: Gholdengo|Shadow Ball|p2a: Best Girl fite me\n|-damage|p2a: Best Girl fite me|50\/100\n|\n|upkeep\n|turn|6\n|\n|t:|1699151719\n|switch|p1a: Cryogonal|Cryogonal|100\/100\n|move|p2a: Best Girl fite me|Earthquake|p1a: Cryogonal\n|-immune|p1a: Cryogonal|[from] ability: Levitate\n|\n|upkeep\n|turn|7\n|\n|t:|1699151726\n|switch|p2a: THICK!!!!|Blissey, F|100\/100\n|move|p1a: Cryogonal|Freeze-Dry|p2a: THICK!!!!\n|-damage|p2a: THICK!!!!|92\/100\n|\n|-heal|p2a: THICK!!!!|98\/100|[from] item: Leftovers\n|upkeep\n|turn|8\n|\n|t:|1699151735\n|move|p1a: Cryogonal|Snowscape|p1a: Cryogonal\n|-weather|Snow\n|move|p2a: THICK!!!!|Heal Bell|p2a: THICK!!!!\n|-activate|p2a: THICK!!!!|move: Heal Bell\n|-curestatus|p2: Birb|par|[msg]\n|\n|-weather|Snow|[upkeep]\n|-heal|p2a: THICK!!!!|100\/100|[from] item: Leftovers\n|upkeep\n|turn|9\n|\n|t:|1699151743\n|move|p1a: Cryogonal|Aurora Veil|p1a: Cryogonal\n|-sidestart|p1: Ipenguin12|move: Aurora Veil\n|move|p2a: THICK!!!!|Thunderbolt|p1a: Cryogonal\n|-damage|p1a: Cryogonal|92\/100\n|\n|-weather|Snow|[upkeep]\n|upkeep\n|turn|10\n|\n|t:|1699151751\n|switch|p1a: AHHHHHHHHHHHHHHHHH|Quagsire, M|100\/100\n|move|p2a: THICK!!!!|Thunderbolt|p1a: AHHHHHHHHHHHHHHHHH\n|-immune|p1a: AHHHHHHHHHHHHHHHHH\n|\n|-weather|Snow|[upkeep]\n|upkeep\n|turn|11\n|\n|t:|1699151759\n|move|p1a: AHHHHHHHHHHHHHHHHH|Toxic|p2a: THICK!!!!\n|-status|p2a: THICK!!!!|tox\n|move|p2a: THICK!!!!|Teleport|p2a: THICK!!!!\n|\n|t:|1699151772\n|-curestatus|p2a: THICK!!!!|tox|[from] ability: Natural Cure\n|switch|p2a: Steel Jaws|Scizor, F|100\/100|[from] Teleport\n|\n|-weather|Snow|[upkeep]\n|upkeep\n|turn|12\n|\n|t:|1699151792\n|move|p2a: Steel Jaws|Knock Off|p1a: AHHHHHHHHHHHHHHHHH\n|-damage|p1a: AHHHHHHHHHHHHHHHHH|81\/100\n|-enditem|p1a: AHHHHHHHHHHHHHHHHH|Leftovers|[from] move: Knock Off|[of] p2a: Steel Jaws\n|move|p1a: AHHHHHHHHHHHHHHHHH|Whirlpool|p2a: Steel Jaws\n|-damage|p2a: Steel Jaws|94\/100\n|-activate|p2a: Steel Jaws|move: Whirlpool|[of] p1a: AHHHHHHHHHHHHHHHHH\n|\n|-weather|none\n|-damage|p2a: Steel Jaws|81\/100|[from] move: Whirlpool|[partiallytrapped]\n|upkeep\n|turn|13\n|\n|t:|1699151801\n|move|p2a: Steel Jaws|U-turn|p1a: AHHHHHHHHHHHHHHHHH\n|-damage|p1a: AHHHHHHHHHHHHHHHHH|61\/100\n|\n|t:|1699151805\n|switch|p2a: Roserade|Roserade, M|100\/100|[from] U-turn\n|move|p1a: AHHHHHHHHHHHHHHHHH|Curse|p1a: AHHHHHHHHHHHHHHHHH\n|-unboost|p1a: AHHHHHHHHHHHHHHHHH|spe|1\n|-boost|p1a: AHHHHHHHHHHHHHHHHH|atk|1\n|-boost|p1a: AHHHHHHHHHHHHHHHHH|def|1\n|\n|-sideend|p1: Ipenguin12|move: Aurora Veil\n|upkeep\n|turn|14\n|\n|t:|1699151826\n|switch|p1a: Gholdengo|Gholdengo|5\/100\n|move|p2a: Roserade|Sludge Bomb|p1a: Gholdengo\n|-immune|p1a: Gholdengo\n|\n|upkeep\n|turn|15\n|\n|t:|1699151837\n|move|p2a: Roserade|Shadow Ball|p1a: Gholdengo\n|-supereffective|p1a: Gholdengo\n|-damage|p1a: Gholdengo|0 fnt\n|faint|p1a: Gholdengo\n|\n|upkeep\n|\n|t:|1699151842\n|switch|p1a: Cryogonal|Cryogonal|92\/100\n|turn|16\n|\n|t:|1699151851\n|move|p1a: Cryogonal|Snowscape|p1a: Cryogonal\n|-weather|Snow\n|move|p2a: Roserade|Sludge Bomb|p1a: Cryogonal\n|-damage|p1a: Cryogonal|56\/100\n|-status|p1a: Cryogonal|psn\n|\n|-weather|Snow|[upkeep]\n|-damage|p1a: Cryogonal|44\/100 psn|[from] psn\n|upkeep\n|turn|17\n|\n|t:|1699151858\n|move|p1a: Cryogonal|Aurora Veil|p1a: Cryogonal\n|-sidestart|p1: Ipenguin12|move: Aurora Veil\n|move|p2a: Roserade|Toxic Spikes|p1a: Cryogonal\n|-sidestart|p1: Ipenguin12|move: Toxic Spikes\n|\n|-weather|Snow|[upkeep]\n|-damage|p1a: Cryogonal|31\/100 psn|[from] psn\n|upkeep\n|turn|18\n|\n|t:|1699151864\n|move|p1a: Cryogonal|Freeze-Dry|p2a: Roserade\n|-supereffective|p2a: Roserade\n|-damage|p2a: Roserade|40\/100\n|move|p2a: Roserade|Sludge Bomb|p1a: Cryogonal\n|-damage|p1a: Cryogonal|15\/100 psn\n|\n|-weather|Snow|[upkeep]\n|-heal|p2a: Roserade|46\/100|[from] item: Black Sludge\n|-damage|p1a: Cryogonal|2\/100 psn|[from] psn\n|upkeep\n|turn|19\n|\n|t:|1699151874\n|switch|p2a: THICK!!!!|Blissey, F|100\/100\n|move|p1a: Cryogonal|Recover|p1a: Cryogonal\n|-heal|p1a: Cryogonal|53\/100 psn\n|\n|-weather|Snow|[upkeep]\n|-damage|p1a: Cryogonal|40\/100 psn|[from] psn\n|upkeep\n|turn|20\n|\n|t:|1699151893\n|move|p1a: Cryogonal|Recover|p1a: Cryogonal\n|-heal|p1a: Cryogonal|90\/100 psn\n|move|p2a: THICK!!!!|Thunderbolt|p1a: Cryogonal\n|-damage|p1a: Cryogonal|81\/100 psn\n|\n|-weather|none\n|-damage|p1a: Cryogonal|69\/100 psn|[from] psn\n|upkeep\n|turn|21\n|\n|t:|1699151902\n|switch|p1a: Clodsire|Clodsire, F|100\/100\n|-sideend|p1: Ipenguin12|move: Toxic Spikes|[of] p1a: Clodsire\n|switch|p2a: Boo|Chandelure, F|100\/100\n|\n|-sideend|p1: Ipenguin12|move: Aurora Veil\n|upkeep\n|turn|22\n|\n|t:|1699151917\n|move|p2a: Boo|Will-O-Wisp|p1a: Clodsire|[miss]\n|-miss|p2a: Boo|p1a: Clodsire\n|move|p1a: Clodsire|Earthquake|p2a: Boo\n|-supereffective|p2a: Boo\n|-damage|p2a: Boo|8\/100\n|\n|upkeep\n|turn|23\n|\n|t:|1699151928\n|switch|p1a: Cryogonal|Cryogonal|69\/100 psn\n|move|p2a: Boo|Will-O-Wisp||[still]\n|-fail|p2a: Boo\n|\n|-damage|p1a: Cryogonal|56\/100 psn|[from] psn\n|upkeep\n|turn|24\n|\n|t:|1699151937\n|move|p1a: Cryogonal|Freeze-Dry|p2a: Boo\n|-resisted|p2a: Boo\n|-damage|p2a: Boo|0 fnt\n|faint|p2a: Boo\n|\n|-damage|p1a: Cryogonal|44\/100 psn|[from] psn\n|upkeep\n|\n|t:|1699151945\n|switch|p2a: Steel Jaws|Scizor, F|81\/100\n|turn|25\n|\n|t:|1699151952\n|move|p2a: Steel Jaws|Bullet Punch|p1a: Cryogonal\n|-supereffective|p1a: Cryogonal\n|-damage|p1a: Cryogonal|0 fnt\n|faint|p1a: Cryogonal\n|\n|upkeep\n|\n|t:|1699151957\n|switch|p1a: Scizor|Scizor, M|100\/100\n|turn|26\n|\n|t:|1699151962\n|move|p1a: Scizor|Bullet Punch|p2a: Steel Jaws\n|-resisted|p2a: Steel Jaws\n|-damage|p2a: Steel Jaws|63\/100\n|move|p2a: Steel Jaws|Knock Off|p1a: Scizor\n|-damage|p1a: Scizor|60\/100\n|-enditem|p1a: Scizor|Punching Glove|[from] move: Knock Off|[of] p2a: Steel Jaws\n|\n|upkeep\n|turn|27\n|\n|t:|1699151972\n|move|p2a: Steel Jaws|U-turn|p1a: Scizor\n|-resisted|p1a: Scizor\n|-damage|p1a: Scizor|39\/100\n|\n|t:|1699151977\n|switch|p2a: THICK!!!!|Blissey, F|100\/100|[from] U-turn\n|move|p1a: Scizor|Counter|p2a: THICK!!!!\n|-damage|p2a: THICK!!!!|83\/100\n|\n|-heal|p2a: THICK!!!!|89\/100|[from] item: Leftovers\n|upkeep\n|turn|28\n|\n|t:|1699151986\n|move|p1a: Scizor|Roost|p1a: Scizor\n|-heal|p1a: Scizor|90\/100\n|-singleturn|p1a: Scizor|move: Roost\n|move|p2a: THICK!!!!|Ice Beam|p1a: Scizor\n|-resisted|p1a: Scizor\n|-damage|p1a: Scizor|74\/100\n|\n|-heal|p2a: THICK!!!!|95\/100|[from] item: Leftovers\n|upkeep\n|turn|29\n|\n|t:|1699151994\n|move|p1a: Scizor|Bullet Punch|p2a: THICK!!!!\n|-damage|p2a: THICK!!!!|26\/100\n|move|p2a: THICK!!!!|Ice Beam|p1a: Scizor\n|-resisted|p1a: Scizor\n|-damage|p1a: Scizor|61\/100\n|\n|-heal|p2a: THICK!!!!|32\/100|[from] item: Leftovers\n|upkeep\n|turn|30\n|\n|t:|1699152010\n|switch|p2a: Birb|Staraptor, F|2\/100\n|-ability|p2a: Birb|Intimidate|boost\n|-unboost|p1a: Scizor|atk|1\n|move|p1a: Scizor|Bullet Punch|p2a: Birb\n|-damage|p2a: Birb|0 fnt\n|faint|p2a: Birb\n|\n|upkeep\n|\n|t:|1699152021\n|switch|p2a: Best Girl fite me|Latias, F, tera:Electric|50\/100\n|turn|31\n|\n|t:|1699152028\n|switch|p1a: AHHHHHHHHHHHHHHHHH|Quagsire, M|61\/100\n|move|p2a: Best Girl fite me|Psyshock|p1a: AHHHHHHHHHHHHHHHHH\n|-damage|p1a: AHHHHHHHHHHHHHHHHH|18\/100\n|\n|upkeep\n|turn|32\n|\n|t:|1699152035\n|move|p2a: Best Girl fite me|Psyshock|p1a: AHHHHHHHHHHHHHHHHH\n|-damage|p1a: AHHHHHHHHHHHHHHHHH|0 fnt\n|faint|p1a: AHHHHHHHHHHHHHHHHH\n|\n|upkeep\n|\n|t:|1699152037\n|switch|p1a: Scizor|Scizor, M|61\/100\n|turn|33\n|\n|t:|1699152041\n|move|p1a: Scizor|Bullet Punch|p2a: Best Girl fite me\n|-resisted|p2a: Best Girl fite me\n|-damage|p2a: Best Girl fite me|30\/100\n|move|p2a: Best Girl fite me|Psyshock|p1a: Scizor\n|-resisted|p1a: Scizor\n|-damage|p1a: Scizor|39\/100\n|\n|upkeep\n|turn|34\n|\n|t:|1699152048\n|switch|p2a: Roserade|Roserade, M|46\/100\n|move|p1a: Scizor|Roost|p1a: Scizor\n|-heal|p1a: Scizor|89\/100\n|-singleturn|p1a: Scizor|move: Roost\n|\n|-heal|p2a: Roserade|52\/100|[from] item: Black Sludge\n|upkeep\n|turn|35\n|\n|t:|1699152056\n|move|p2a: Roserade|Shadow Ball|p1a: Scizor\n|-damage|p1a: Scizor|58\/100\n|move|p1a: Scizor|Lunge|p2a: Roserade\n|-damage|p2a: Roserade|0 fnt\n|faint|p2a: Roserade\n|\n|upkeep\n|\n|t:|1699152063\n|switch|p2a: Steel Jaws|Scizor, F|63\/100\n|turn|36\n|\n|t:|1699152072\n|move|p2a: Steel Jaws|U-turn|p1a: Scizor\n|-resisted|p1a: Scizor\n|-damage|p1a: Scizor|37\/100\n|\n|t:|1699152076\n|switch|p2a: Best Girl fite me|Latias, F, tera:Electric|30\/100|[from] U-turn\n|move|p1a: Scizor|Roost|p1a: Scizor\n|-heal|p1a: Scizor|88\/100\n|-singleturn|p1a: Scizor|move: Roost\n|\n|upkeep\n|turn|37\n|\n|t:|1699152083\n|move|p1a: Scizor|Bullet Punch|p2a: Best Girl fite me\n|-resisted|p2a: Best Girl fite me\n|-crit|p2a: Best Girl fite me\n|-damage|p2a: Best Girl fite me|3\/100\n|move|p2a: Best Girl fite me|Healing Wish|p2a: Best Girl fite me\n|faint|p2a: Best Girl fite me\n|\n|upkeep\n|\n|t:|1699152090\n|switch|p2a: THICK!!!!|Blissey, F|32\/100\n|-heal|p2a: THICK!!!!|100\/100|[from] move: Healing Wish\n|turn|38\n|\n|t:|1699152096\n|move|p1a: Scizor|Bullet Punch|p2a: THICK!!!!\n|-damage|p2a: THICK!!!!|29\/100\n|move|p2a: THICK!!!!|Teleport|p2a: THICK!!!!\n|\n|t:|1699152099\n|switch|p2a: Steel Jaws|Scizor, F|63\/100|[from] Teleport\n|\n|upkeep\n|turn|39\n|\n|t:|1699152106\n|move|p2a: Steel Jaws|Bullet Punch|p1a: Scizor\n|-resisted|p1a: Scizor\n|-damage|p1a: Scizor|68\/100\n|move|p1a: Scizor|Lunge|p2a: Steel Jaws\n|-resisted|p2a: Steel Jaws\n|-damage|p2a: Steel Jaws|39\/100\n|-unboost|p2a: Steel Jaws|atk|1\n|\n|upkeep\n|turn|40\n|\n|t:|1699152115\n|move|p2a: Steel Jaws|Bullet Punch|p1a: Scizor\n|-resisted|p1a: Scizor\n|-damage|p1a: Scizor|56\/100\n|move|p1a: Scizor|Lunge|p2a: Steel Jaws\n|-resisted|p2a: Steel Jaws\n|-damage|p2a: Steel Jaws|17\/100\n|-unboost|p2a: Steel Jaws|atk|1\n|\n|upkeep\n|turn|41\n|\n|t:|1699152123\n|move|p1a: Scizor|Lunge|p2a: Steel Jaws\n|-resisted|p2a: Steel Jaws\n|-damage|p2a: Steel Jaws|0 fnt\n|faint|p2a: Steel Jaws\n|\n|upkeep\n|\n|t:|1699152128\n|switch|p2a: THICK!!!!|Blissey, F|29\/100\n|turn|42\n|\n|t:|1699152132\n|move|p1a: Scizor|Bullet Punch|p2a: THICK!!!!\n|-damage|p2a: THICK!!!!|0 fnt\n|faint|p2a: THICK!!!!\n|\n|win|Ipenguin12\n|c|\u2606StormStarshine|gg\n","uploadtime":1699152137,"views":9,"p1id":"ipenguin12","p2id":"stormstarshine","formatid":"gen9nationaldexubers","rating":0,"private":0,"password":""}