{"id":"gen9nationaldexubers-1978376732","p1":"wsgjah","p2":"BTT2023","format":"[Gen 9] National Dex Ubers","log":"|j|\u2606wsgjah\n|j|\u2606BTT2023\n|t:|1698531189\n|gametype|singles\n|player|p1|wsgjah|roxie|1252\n|player|p2|BTT2023|red|1218\n|teamsize|p1|6\n|teamsize|p2|6\n|gen|9\n|tier|[Gen 9] National Dex Ubers\n|rated|\n|rule|HP Percentage Mod: HP is shown in percentages\n|rule|Endless Battle Clause: Forcing endless battles is banned\n|rule|OHKO Clause: OHKO moves are banned\n|rule|Evasion Moves Clause: Evasion moves are banned\n|rule|Evasion Items Clause: Evasion items are banned\n|rule|Species Clause: Limit one of each Pok\u00e9mon\n|rule|Sleep Clause Mod: Limit one foe put to sleep\n|rule|Mega Rayquaza Clause: You cannot mega evolve Rayquaza\n|clearpoke\n|poke|p1|Melmetal|\n|poke|p1|Kyogre|\n|poke|p1|Pyukumuku, M|\n|poke|p1|Necrozma-Dusk-Mane|\n|poke|p1|Galvantula, M|\n|poke|p1|Sneasler, F|\n|poke|p2|Blastoise, M|\n|poke|p2|Turtonator, M|\n|poke|p2|Torterra, M|\n|poke|p2|Drednaw, M|\n|poke|p2|Avalugg, M|\n|poke|p2|Shuckle, M|\n|teampreview\n|\n|t:|1698531205\n|start\n|switch|p1a: Kyogre|Kyogre|100\/100\n|switch|p2a: Shuckle|Shuckle, M|100\/100\n|detailschange|p1a: Kyogre|Kyogre-Primal\n|-primal|p1a: Kyogre|Blue Orb\n|-weather|PrimordialSea|[from] ability: Primordial Sea|[of] p1a: Kyogre\n|turn|1\n|\n|t:|1698531214\n|move|p1a: Kyogre|Water Spout|p2a: Shuckle\n|-supereffective|p2a: Shuckle\n|-ability|p2a: Shuckle|Sturdy\n|-damage|p2a: Shuckle|1\/100\n|-enditem|p2a: Shuckle|Red Card|[of] p1a: Kyogre\n|-weather|none\n|drag|p1a: Melmetal|Melmetal|100\/100\n|move|p2a: Shuckle|Stealth Rock|p1a: Melmetal\n|-sidestart|p1: wsgjah|move: Stealth Rock\n|\n|upkeep\n|turn|2\n|\n|t:|1698531229\n|move|p1a: Melmetal|Double Iron Bash|p2a: Shuckle\n|-supereffective|p2a: Shuckle\n|-damage|p2a: Shuckle|0 fnt\n|faint|p2a: Shuckle\n|-hitcount|p2: Shuckle|1\n|\n|upkeep\n|\n|t:|1698531237\n|switch|p2a: Turtonator|Turtonator, M|100\/100\n|turn|3\n|\n|t:|1698531246\n|move|p2a: Turtonator|Shell Smash|p2a: Turtonator\n|-unboost|p2a: Turtonator|def|1\n|-unboost|p2a: Turtonator|spd|1\n|-boost|p2a: Turtonator|atk|2\n|-boost|p2a: Turtonator|spa|2\n|-boost|p2a: Turtonator|spe|2\n|-enditem|p2a: Turtonator|White Herb\n|-clearnegativeboost|p2a: Turtonator|[silent]\n|move|p1a: Melmetal|High Horsepower|p2a: Turtonator|[miss]\n|-miss|p1a: Melmetal|p2a: Turtonator\n|\n|upkeep\n|turn|4\n|\n|t:|1698531254\n|move|p2a: Turtonator|Flamethrower|p1a: Melmetal\n|-supereffective|p1a: Melmetal\n|-damage|p1a: Melmetal|0 fnt\n|faint|p1a: Melmetal\n|\n|upkeep\n|\n|t:|1698531259\n|switch|p1a: Pyukumuku|Pyukumuku, M|100\/100\n|-damage|p1a: Pyukumuku|88\/100|[from] Stealth Rock\n|turn|5\n|\n|t:|1698531265\n|move|p2a: Turtonator|Dragon Pulse|p1a: Pyukumuku\n|-damage|p1a: Pyukumuku|62\/100\n|move|p1a: Pyukumuku|Light Screen|p1a: Pyukumuku\n|-sidestart|p1: wsgjah|move: Light Screen\n|\n|-heal|p1a: Pyukumuku|68\/100|[from] item: Leftovers\n|upkeep\n|turn|6\n|\n|t:|1698531271\n|move|p2a: Turtonator|Body Press|p1a: Pyukumuku\n|-damage|p1a: Pyukumuku|49\/100\n|move|p1a: Pyukumuku|Toxic|p2a: Turtonator\n|-status|p2a: Turtonator|tox\n|\n|-heal|p1a: Pyukumuku|55\/100|[from] item: Leftovers\n|-damage|p2a: Turtonator|94\/100 tox|[from] psn\n|upkeep\n|turn|7\n|\n|t:|1698531278\n|move|p2a: Turtonator|Dragon Pulse|p1a: Pyukumuku\n|-damage|p1a: Pyukumuku|44\/100\n|move|p1a: Pyukumuku|Reflect|p1a: Pyukumuku\n|-sidestart|p1: wsgjah|Reflect\n|\n|-heal|p1a: Pyukumuku|50\/100|[from] item: Leftovers\n|-damage|p2a: Turtonator|82\/100 tox|[from] psn\n|upkeep\n|turn|8\n|\n|t:|1698531283\n|move|p2a: Turtonator|Dragon Pulse|p1a: Pyukumuku\n|-damage|p1a: Pyukumuku|36\/100\n|move|p1a: Pyukumuku|Recover|p1a: Pyukumuku\n|-heal|p1a: Pyukumuku|86\/100\n|\n|-heal|p1a: Pyukumuku|93\/100|[from] item: Leftovers\n|-damage|p2a: Turtonator|64\/100 tox|[from] psn\n|upkeep\n|turn|9\n|\n|t:|1698531296\n|move|p2a: Turtonator|Body Press|p1a: Pyukumuku\n|-damage|p1a: Pyukumuku|83\/100\n|move|p1a: Pyukumuku|Light Screen||[still]\n|-fail|p1a: Pyukumuku\n|\n|-heal|p1a: Pyukumuku|89\/100|[from] item: Leftovers\n|-damage|p2a: Turtonator|39\/100 tox|[from] psn\n|-sideend|p1: wsgjah|move: Light Screen\n|upkeep\n|turn|10\n|\n|t:|1698531303\n|move|p2a: Turtonator|Body Press|p1a: Pyukumuku\n|-damage|p1a: Pyukumuku|79\/100\n|move|p1a: Pyukumuku|Light Screen|p1a: Pyukumuku\n|-sidestart|p1: wsgjah|move: Light Screen\n|\n|-heal|p1a: Pyukumuku|86\/100|[from] item: Leftovers\n|-damage|p2a: Turtonator|9\/100 tox|[from] psn\n|upkeep\n|turn|11\n|\n|t:|1698531314\n|move|p2a: Turtonator|Body Press|p1a: Pyukumuku\n|-crit|p1a: Pyukumuku\n|-damage|p1a: Pyukumuku|55\/100\n|move|p1a: Pyukumuku|Light Screen||[still]\n|-fail|p1a: Pyukumuku\n|\n|-heal|p1a: Pyukumuku|61\/100|[from] item: Leftovers\n|-damage|p2a: Turtonator|0 fnt|[from] psn\n|faint|p2a: Turtonator\n|-sideend|p1: wsgjah|Reflect\n|upkeep\n|\n|t:|1698531325\n|switch|p2a: Blastoise|Blastoise, M|100\/100\n|turn|12\n|\n|t:|1698531329\n|move|p2a: Blastoise|Shell Smash|p2a: Blastoise\n|-unboost|p2a: Blastoise|def|1\n|-unboost|p2a: Blastoise|spd|1\n|-boost|p2a: Blastoise|atk|2\n|-boost|p2a: Blastoise|spa|2\n|-boost|p2a: Blastoise|spe|2\n|-enditem|p2a: Blastoise|White Herb\n|-clearnegativeboost|p2a: Blastoise|[silent]\n|move|p1a: Pyukumuku|Toxic|p2a: Blastoise\n|-status|p2a: Blastoise|tox\n|\n|-heal|p1a: Pyukumuku|67\/100|[from] item: Leftovers\n|-damage|p2a: Blastoise|94\/100 tox|[from] psn\n|upkeep\n|turn|13\n|\n|t:|1698531339\n|move|p2a: Blastoise|Earthquake|p1a: Pyukumuku\n|-damage|p1a: Pyukumuku|50\/100\n|move|p1a: Pyukumuku|Recover|p1a: Pyukumuku\n|-heal|p1a: Pyukumuku|99\/100\n|\n|-heal|p1a: Pyukumuku|100\/100|[from] item: Leftovers\n|-damage|p2a: Blastoise|82\/100 tox|[from] psn\n|upkeep\n|turn|14\n|\n|t:|1698531347\n|move|p2a: Blastoise|Earthquake|p1a: Pyukumuku\n|-damage|p1a: Pyukumuku|83\/100\n|move|p1a: Pyukumuku|Reflect|p1a: Pyukumuku\n|-sidestart|p1: wsgjah|Reflect\n|\n|-heal|p1a: Pyukumuku|89\/100|[from] item: Leftovers\n|-damage|p2a: Blastoise|64\/100 tox|[from] psn\n|-sideend|p1: wsgjah|move: Light Screen\n|upkeep\n|turn|15\n|c|\u2606BTT2023|gg\n|-message|BTT2023 forfeited.\n|\n|win|wsgjah\n|raw|wsgjah's rating: 1252 &rarr; <strong>1275<\/strong><br \/>(+23 for winning)\n|raw|BTT2023's rating: 1218 &rarr; <strong>1195<\/strong><br \/>(-23 for losing)\n|l|\u2606BTT2023\n","uploadtime":1698531370,"views":5,"p1id":"wsgjah","p2id":"btt2023","formatid":"gen9nationaldexubers","rating":1195,"private":0,"password":""}