{"id":"gen9nationaldexubers-1982522187","p1":"Devils Never Cey","p2":"David uwu35","format":"[Gen 9] National Dex Ubers","log":"|j|\u2606Devils Never Cey\n|j|\u2606David uwu35\n|t:|1699022515\n|gametype|singles\n|player|p1|Devils Never Cey|rosa|1100\n|player|p2|David uwu35|shadowtriad|1110\n|teamsize|p1|6\n|teamsize|p2|5\n|gen|9\n|tier|[Gen 9] National Dex Ubers\n|rated|\n|rule|HP Percentage Mod: HP is shown in percentages\n|rule|Endless Battle Clause: Forcing endless battles is banned\n|rule|OHKO Clause: OHKO moves are banned\n|rule|Evasion Moves Clause: Evasion moves are banned\n|rule|Evasion Items Clause: Evasion items are banned\n|rule|Species Clause: Limit one of each Pok\u00e9mon\n|rule|Sleep Clause Mod: Limit one foe put to sleep\n|rule|Mega Rayquaza Clause: You cannot mega evolve Rayquaza\n|clearpoke\n|poke|p1|Scyther, F|\n|poke|p1|Corsola-Galar, M|\n|poke|p1|Primeape, M|\n|poke|p1|Seadra, M|\n|poke|p1|Onix, F|\n|poke|p1|Ariados, F|\n|poke|p2|Espathra, M|\n|poke|p2|Lilligant-Hisui, F|\n|poke|p2|Magearna|\n|poke|p2|Chien-Pao|\n|poke|p2|Quaquaval, M|\n|teampreview\n|inactive|Battle timer is ON: inactive players will automatically lose when time's up. (requested by Devils Never Cey)\n|\n|t:|1699022522\n|start\n|switch|p1a: Ariados|Ariados, F|100\/100\n|switch|p2a: Quaquaval|Quaquaval, M|100\/100\n|turn|1\n|\n|t:|1699022529\n|move|p2a: Quaquaval|Aqua Step|p1a: Ariados\n|-damage|p1a: Ariados|26\/100\n|-boost|p2a: Quaquaval|spe|1\n|move|p1a: Ariados|Sticky Web|p2a: Quaquaval\n|-sidestart|p2: David uwu35|move: Sticky Web\n|\n|upkeep\n|turn|2\n|\n|t:|1699022537\n|move|p1a: Ariados|Sucker Punch|p2a: Quaquaval\n|-resisted|p2a: Quaquaval\n|-damage|p2a: Quaquaval|90\/100\n|move|p2a: Quaquaval|Aqua Step|p1a: Ariados\n|-crit|p1a: Ariados\n|-damage|p1a: Ariados|0 fnt\n|-boost|p2a: Quaquaval|spe|1\n|faint|p1a: Ariados\n|-ability|p2a: Quaquaval|Moxie|boost\n|-boost|p2a: Quaquaval|atk|1\n|\n|upkeep\n|\n|t:|1699022541\n|switch|p1a: Scyther|Scyther, F|100\/100\n|turn|3\n|\n|t:|1699022552\n|-terastallize|p2a: Quaquaval|Flying\n|move|p2a: Quaquaval|Swords Dance|p2a: Quaquaval\n|-boost|p2a: Quaquaval|atk|2\n|move|p1a: Scyther|Dual Wingbeat|p2a: Quaquaval\n|-damage|p2a: Quaquaval|55\/100\n|-damage|p2a: Quaquaval|21\/100\n|-hitcount|p2a: Quaquaval|2\n|\n|upkeep\n|turn|4\n|\n|t:|1699022562\n|move|p1a: Scyther|Quick Attack|p2a: Quaquaval\n|-damage|p2a: Quaquaval|0 fnt\n|faint|p2a: Quaquaval\n|\n|upkeep\n|\n|t:|1699022567\n|switch|p2a: Magearna|Magearna|100\/100\n|-activate|p2a: Magearna|move: Sticky Web\n|-unboost|p2a: Magearna|spe|1\n|turn|5\n|\n|t:|1699022573\n|switch|p1a: Onix|Onix, F|100\/100\n|move|p2a: Magearna|Iron Defense|p2a: Magearna\n|-boost|p2a: Magearna|def|2\n|\n|upkeep\n|turn|6\n|\n|t:|1699022579\n|move|p1a: Onix|Dragon Dance|p1a: Onix\n|-boost|p1a: Onix|atk|1\n|-boost|p1a: Onix|spe|1\n|move|p2a: Magearna|Iron Defense|p2a: Magearna\n|-boost|p2a: Magearna|def|2\n|\n|upkeep\n|turn|7\n|\n|t:|1699022587\n|move|p1a: Onix|Dragon Dance|p1a: Onix\n|-boost|p1a: Onix|atk|1\n|-boost|p1a: Onix|spe|1\n|move|p2a: Magearna|Calm Mind|p2a: Magearna\n|-boost|p2a: Magearna|spa|1\n|-boost|p2a: Magearna|spd|1\n|\n|upkeep\n|turn|8\n|\n|t:|1699022595\n|move|p1a: Onix|Earthquake|p2a: Magearna\n|-supereffective|p2a: Magearna\n|-damage|p2a: Magearna|68\/100\n|move|p2a: Magearna|Calm Mind|p2a: Magearna\n|-boost|p2a: Magearna|spa|1\n|-boost|p2a: Magearna|spd|1\n|\n|-heal|p2a: Magearna|74\/100|[from] item: Leftovers\n|upkeep\n|turn|9\n|\n|t:|1699022604\n|move|p1a: Onix|Dragon Dance|p1a: Onix\n|-boost|p1a: Onix|atk|1\n|-boost|p1a: Onix|spe|1\n|move|p2a: Magearna|Iron Defense|p2a: Magearna\n|-boost|p2a: Magearna|def|2\n|\n|-heal|p2a: Magearna|80\/100|[from] item: Leftovers\n|upkeep\n|turn|10\n|\n|t:|1699022613\n|move|p1a: Onix|Dragon Dance|p1a: Onix\n|-boost|p1a: Onix|atk|1\n|-boost|p1a: Onix|spe|1\n|move|p2a: Magearna|Calm Mind|p2a: Magearna\n|-boost|p2a: Magearna|spa|1\n|-boost|p2a: Magearna|spd|1\n|\n|-heal|p2a: Magearna|86\/100|[from] item: Leftovers\n|upkeep\n|turn|11\n|\n|t:|1699022625\n|move|p1a: Onix|Earthquake|p2a: Magearna\n|-supereffective|p2a: Magearna\n|-damage|p2a: Magearna|46\/100\n|move|p2a: Magearna|Draining Kiss|p1a: Onix\n|-damage|p1a: Onix|0 fnt\n|-heal|p2a: Magearna|99\/100|[from] drain|[of] p1a: Onix\n|faint|p1a: Onix\n|-ability|p2a: Magearna|Soul-Heart|boost\n|-boost|p2a: Magearna|spa|1\n|\n|-heal|p2a: Magearna|100\/100|[from] item: Leftovers\n|upkeep\n|\n|t:|1699022636\n|switch|p1a: Seadra|Seadra, M|100\/100\n|turn|12\n|\n|t:|1699022641\n|move|p1a: Seadra|Scald|p2a: Magearna\n|-damage|p2a: Magearna|87\/100\n|move|p2a: Magearna|Stored Power|p1a: Seadra\n|-damage|p1a: Seadra|0 fnt\n|faint|p1a: Seadra\n|-ability|p2a: Magearna|Soul-Heart|boost\n|-boost|p2a: Magearna|spa|1\n|\n|-heal|p2a: Magearna|93\/100|[from] item: Leftovers\n|upkeep\n|\n|t:|1699022651\n|switch|p1a: Primeape|Primeape, M|100\/100\n|turn|13\n|\n|t:|1699022658\n|move|p1a: Primeape|Thunder Punch|p2a: Magearna\n|-damage|p2a: Magearna|88\/100\n|move|p2a: Magearna|Stored Power|p1a: Primeape\n|-supereffective|p1a: Primeape\n|-damage|p1a: Primeape|0 fnt\n|faint|p1a: Primeape\n|-ability|p2a: Magearna|Soul-Heart|boost\n|-boost|p2a: Magearna|spa|1\n|\n|-heal|p2a: Magearna|94\/100|[from] item: Leftovers\n|upkeep\n|\n|t:|1699022665\n|switch|p1a: Corsola|Corsola-Galar, M|100\/100\n|turn|14\n|\n|t:|1699022679\n|move|p2a: Magearna|Calm Mind|p2a: Magearna\n|-boost|p2a: Magearna|spa|0\n|-boost|p2a: Magearna|spd|1\n|move|p1a: Corsola|Will-O-Wisp|p2a: Magearna\n|-status|p2a: Magearna|brn\n|\n|-heal|p2a: Magearna|99\/100 brn|[from] item: Leftovers\n|-damage|p2a: Magearna|94\/100 brn|[from] brn\n|upkeep\n|turn|15\n|\n|t:|1699022691\n|move|p2a: Magearna|Stored Power|p1a: Corsola\n|-damage|p1a: Corsola|0 fnt\n|faint|p1a: Corsola\n|\n|-heal|p2a: Magearna|99\/100 brn|[from] item: Leftovers\n|-damage|p2a: Magearna|94\/100 brn|[from] brn\n|upkeep\n|\n|t:|1699022695\n|switch|p1a: Scyther|Scyther, F|100\/100\n|turn|16\n|\n|t:|1699022702\n|move|p1a: Scyther|Bug Bite|p2a: Magearna\n|-resisted|p2a: Magearna\n|-damage|p2a: Magearna|92\/100 brn\n|move|p2a: Magearna|Draining Kiss|p1a: Scyther\n|-damage|p1a: Scyther|0 fnt\n|-heal|p2a: Magearna|100\/100 brn|[from] drain|[of] p1a: Scyther\n|faint|p1a: Scyther\n|\n|win|David uwu35\n|raw|Devils Never Cey's rating: 1100 &rarr; <strong>1074<\/strong><br \/>(-26 for losing)\n|raw|David uwu35's rating: 1086 &rarr; <strong>1114<\/strong><br \/>(+28 for winning)\n|l|\u2606Devils Never Cey\n","uploadtime":1699022713,"views":5,"p1id":"devilsnevercey","p2id":"daviduwu35","formatid":"gen9nationaldexubers","rating":1074,"private":0,"password":""}