{"id":"gen9nationaldexubers-1997915408","p1":"TheNewPhone-yMouse","p2":"TheStroker","format":"[Gen 9] National Dex Ubers","log":"|j|\u2606TheNewPhone-yMouse\n|j|\u2606TheStroker\n|t:|1700866998\n|gametype|singles\n|player|p1|TheNewPhone-yMouse|red|1254\n|player|p2|TheStroker|janitor|1467\n|teamsize|p1|6\n|teamsize|p2|6\n|gen|9\n|tier|[Gen 9] National Dex Ubers\n|rated|\n|rule|HP Percentage Mod: HP is shown in percentages\n|rule|Endless Battle Clause: Forcing endless battles is banned\n|rule|OHKO Clause: OHKO moves are banned\n|rule|Evasion Moves Clause: Evasion moves are banned\n|rule|Evasion Items Clause: Evasion items are banned\n|rule|Species Clause: Limit one of each Pok\u00e9mon\n|rule|Sleep Clause Mod: Limit one foe put to sleep\n|rule|Mega Rayquaza Clause: You cannot mega evolve Rayquaza\n|clearpoke\n|poke|p1|Aerodactyl, M|\n|poke|p1|Weavile, M|\n|poke|p1|Serperior, M|\n|poke|p1|Sandy Shocks|\n|poke|p1|Cradily, M|\n|poke|p1|Donphan, M|\n|poke|p2|Necrozma-Dusk-Mane|\n|poke|p2|Smeargle, M|\n|poke|p2|Ferrothorn, F|\n|poke|p2|Ho-Oh|\n|poke|p2|Annihilape, M|\n|poke|p2|Ditto|\n|teampreview\n|\n|t:|1700867026\n|start\n|switch|p1a: Sandra|Sandy Shocks|100\/100\n|switch|p2a: Gastmon|Annihilape, M|100\/100\n|-enditem|p1a: Sandra|Booster Energy\n|-activate|p1a: Sandra|ability: Protosynthesis|[fromitem]\n|-start|p1a: Sandra|protosynthesisspa\n|turn|1\n|\n|t:|1700867034\n|move|p2a: Gastmon|Final Gambit|p1a: Sandra\n|-damage|p1a: Sandra|0 fnt\n|faint|p2a: Gastmon\n|faint|p1a: Sandra\n|-end|p1a: Sandra|Protosynthesis|[silent]\n|\n|upkeep\n|j| mistahmerrikuu\n|inactive|Battle timer is ON: inactive players will automatically lose when time's up. (requested by TheStroker)\n|j| myfeethurt\n|\n|t:|1700867053\n|switch|p1a: Disruptor|Serperior, M|100\/100\n|switch|p2a: One day|Ferrothorn, F|100\/100\n|turn|2\n|\n|t:|1700867058\n|move|p1a: Disruptor|Glare|p2a: One day\n|-status|p2a: One day|par\n|move|p2a: One day|Gyro Ball|p1a: Disruptor\n|-crit|p1a: Disruptor\n|-damage|p1a: Disruptor|16\/100\n|\n|upkeep\n|turn|3\n|j| Zangoosefriend96\n|\n|t:|1700867077\n|switch|p1a: Fidget|Donphan, M|100\/100\n|move|p2a: One day|Gyro Ball|p1a: Fidget\n|-damage|p1a: Fidget|57\/100\n|\n|upkeep\n|turn|4\n|\n|t:|1700867081\n|move|p1a: Fidget|Earthquake|p2a: One day\n|-damage|p2a: One day|60\/100 par\n|move|p2a: One day|Leech Seed|p1a: Fidget\n|-start|p1a: Fidget|move: Leech Seed\n|\n|-heal|p2a: One day|66\/100 par|[from] item: Leftovers\n|-damage|p1a: Fidget|44\/100|[from] Leech Seed|[of] p2a: One day\n|-heal|p2a: One day|78\/100 par|[silent]\n|upkeep\n|turn|5\n|\n|t:|1700867095\n|move|p1a: Fidget|Rapid Spin|p2a: One day\n|-resisted|p2a: One day\n|-damage|p2a: One day|71\/100 par\n|-boost|p1a: Fidget|spe|1\n|-damage|p1a: Fidget|32\/100|[from] ability: Iron Barbs|[of] p2a: One day\n|-end|p1a: Fidget|Leech Seed|[from] move: Rapid Spin|[of] p1a: Fidget\n|move|p2a: One day|Gyro Ball|p1a: Fidget\n|-crit|p1a: Fidget\n|-damage|p1a: Fidget|0 fnt\n|faint|p1a: Fidget\n|\n|-heal|p2a: One day|77\/100 par|[from] item: Leftovers\n|upkeep\n|\n|t:|1700867101\n|switch|p1a: Sigourney|Weavile, M|100\/100\n|-ability|p1a: Sigourney|Pressure\n|turn|6\n|\n|t:|1700867109\n|move|p1a: Sigourney|Icicle Crash|p2a: One day|[miss]\n|-miss|p1a: Sigourney|p2a: One day\n|move|p2a: One day|Gyro Ball|p1a: Sigourney\n|-supereffective|p1a: Sigourney\n|-enditem|p1a: Sigourney|Focus Sash\n|-damage|p1a: Sigourney|1\/100\n|\n|-heal|p2a: One day|84\/100 par|[from] item: Leftovers\n|upkeep\n|turn|7\n|\n|t:|1700867125\n|move|p1a: Sigourney|Icicle Crash|p2a: One day\n|-damage|p2a: One day|49\/100 par\n|move|p2a: One day|Thunderbolt|p1a: Sigourney\n|-damage|p1a: Sigourney|0 fnt\n|faint|p1a: Sigourney\n|\n|-heal|p2a: One day|55\/100 par|[from] item: Leftovers\n|upkeep\n|\n|t:|1700867140\n|switch|p1a: Dawdle|Cradily, M|100\/100\n|turn|8\n|\n|t:|1700867148\n|-terastallize|p1a: Dawdle|Ghost\n|move|p1a: Dawdle|Ancient Power|p2a: One day\n|-resisted|p2a: One day\n|-damage|p2a: One day|47\/100 par\n|move|p2a: One day|Gyro Ball|p1a: Dawdle\n|-damage|p1a: Dawdle|54\/100\n|\n|-heal|p2a: One day|54\/100 par|[from] item: Leftovers\n|upkeep\n|turn|9\n|\n|t:|1700867170\n|move|p1a: Dawdle|Ancient Power|p2a: One day\n|-resisted|p2a: One day\n|-damage|p2a: One day|47\/100 par\n|move|p2a: One day|Leech Seed|p1a: Dawdle\n|-start|p1a: Dawdle|move: Leech Seed\n|\n|-heal|p2a: One day|53\/100 par|[from] item: Leftovers\n|-damage|p1a: Dawdle|42\/100|[from] Leech Seed|[of] p2a: One day\n|-heal|p2a: One day|64\/100 par|[silent]\n|upkeep\n|turn|10\n|\n|t:|1700867185\n|move|p1a: Dawdle|Ancient Power|p2a: One day\n|-resisted|p2a: One day\n|-damage|p2a: One day|56\/100 par\n|move|p2a: One day|Stealth Rock|p1a: Dawdle\n|-sidestart|p1: TheNewPhone-yMouse|move: Stealth Rock\n|\n|-heal|p2a: One day|63\/100 par|[from] item: Leftovers\n|-damage|p1a: Dawdle|29\/100|[from] Leech Seed|[of] p2a: One day\n|-heal|p2a: One day|74\/100 par|[silent]\n|upkeep\n|turn|11\n|\n|t:|1700867194\n|move|p1a: Dawdle|Ancient Power|p2a: One day\n|-resisted|p2a: One day\n|-damage|p2a: One day|66\/100 par\n|cant|p2a: One day|par\n|\n|-heal|p2a: One day|73\/100 par|[from] item: Leftovers\n|-damage|p1a: Dawdle|17\/100|[from] Leech Seed|[of] p2a: One day\n|-heal|p2a: One day|84\/100 par|[silent]\n|upkeep\n|turn|12\n|\n|t:|1700867202\n|move|p1a: Dawdle|Ancient Power|p2a: One day\n|-resisted|p2a: One day\n|-damage|p2a: One day|76\/100 par\n|move|p2a: One day|Thunderbolt|p1a: Dawdle\n|-damage|p1a: Dawdle|9\/100\n|\n|-heal|p2a: One day|82\/100 par|[from] item: Leftovers\n|-damage|p1a: Dawdle|0 fnt|[from] Leech Seed|[of] p2a: One day\n|-heal|p2a: One day|90\/100 par|[silent]\n|faint|p1a: Dawdle\n|upkeep\n|\n|t:|1700867206\n|switch|p1a: Aero|Aerodactyl, M|100\/100\n|-damage|p1a: Aero|76\/100|[from] Stealth Rock\n|-ability|p1a: Aero|Pressure\n|turn|13\n|\n|t:|1700867215\n|detailschange|p1a: Aero|Aerodactyl-Mega, M\n|-mega|p1a: Aero|Aerodactyl|Aerodactylite\n|move|p1a: Aero|Earthquake|p2a: One day\n|-damage|p2a: One day|64\/100 par\n|move|p2a: One day|Gyro Ball|p1a: Aero\n|-supereffective|p1a: Aero\n|-damage|p1a: Aero|0 fnt\n|faint|p1a: Aero\n|\n|-heal|p2a: One day|71\/100 par|[from] item: Leftovers\n|upkeep\n|-message|TheNewPhone-yMouse forfeited.\n|\n|win|TheStroker\n|raw|TheNewPhone-yMouse's rating: 1254 &rarr; <strong>1243<\/strong><br \/>(-11 for losing)\n|raw|TheStroker's rating: 1467 &rarr; <strong>1476<\/strong><br \/>(+9 for winning)\n","uploadtime":1700867254,"views":1,"p1id":"thenewphoneymouse","p2id":"thestroker","formatid":"gen9nationaldexubers","rating":1243,"private":0,"password":""}