{"id":"gen9nationaldexubers-1981030502","p1":"Yannix BP","p2":"HuTao619","format":"[Gen 9] National Dex Ubers","log":"|j|\u2606Yannix BP\n|j|\u2606HuTao619\n|t:|1698858102\n|gametype|singles\n|player|p1|Yannix BP|hilbert|\n|player|p2|HuTao619|jupiter|\n|teamsize|p1|3\n|teamsize|p2|3\n|gen|9\n|tier|[Gen 9] National Dex Ubers\n|rule|HP Percentage Mod: HP is shown in percentages\n|rule|Endless Battle Clause: Forcing endless battles is banned\n|rule|OHKO Clause: OHKO moves are banned\n|rule|Evasion Moves Clause: Evasion moves are banned\n|rule|Evasion Items Clause: Evasion items are banned\n|rule|Species Clause: Limit one of each Pok\u00e9mon\n|rule|Sleep Clause Mod: Limit one foe put to sleep\n|rule|Mega Rayquaza Clause: You cannot mega evolve Rayquaza\n|clearpoke\n|poke|p1|Roggenrola, L10, M|\n|poke|p1|Rockruff, L10, M|\n|poke|p1|Aron, L10, M|\n|poke|p2|Lillipup, L10, F|\n|poke|p2|Clefairy, L10, F|\n|poke|p2|Snorunt, L10, F|\n|teampreview\n|\n|t:|1698858113\n|start\n|switch|p1a: Roggenrola|Roggenrola, L10, M|100\/100\n|switch|p2a: Snorunt|Snorunt, L10, F|100\/100\n|turn|1\n|\n|t:|1698858125\n|move|p2a: Snorunt|Water Pulse|p1a: Roggenrola\n|-supereffective|p1a: Roggenrola\n|-damage|p1a: Roggenrola|70\/100\n|move|p1a: Roggenrola|Curse|p1a: Roggenrola\n|-unboost|p1a: Roggenrola|spe|1\n|-boost|p1a: Roggenrola|atk|1\n|-boost|p1a: Roggenrola|def|1\n|\n|upkeep\n|turn|2\n|\n|t:|1698858154\n|move|p2a: Snorunt|Frost Breath|p1a: Roggenrola\n|-crit|p1a: Roggenrola\n|-damage|p1a: Roggenrola|40\/100\n|move|p1a: Roggenrola|Curse|p1a: Roggenrola\n|-unboost|p1a: Roggenrola|spe|1\n|-boost|p1a: Roggenrola|atk|1\n|-boost|p1a: Roggenrola|def|1\n|\n|upkeep\n|turn|3\n|\n|t:|1698858200\n|move|p2a: Snorunt|Water Pulse|p1a: Roggenrola\n|-supereffective|p1a: Roggenrola\n|-damage|p1a: Roggenrola|5\/100\n|move|p1a: Roggenrola|Bulldoze|p2a: Snorunt\n|-damage|p2a: Snorunt|52\/100\n|-unboost|p2a: Snorunt|spe|1\n|\n|upkeep\n|turn|4\n|\n|t:|1698858230\n|move|p2a: Snorunt|Trailblaze|p1a: Roggenrola\n|-supereffective|p1a: Roggenrola\n|-damage|p1a: Roggenrola|0 fnt\n|-boost|p2a: Snorunt|spe|1\n|faint|p1a: Roggenrola\n|\n|upkeep\n|\n|t:|1698858238\n|switch|p1a: Rockruff|Rockruff, L10, M|100\/100\n|turn|5\n|\n|t:|1698858245\n|move|p1a: Rockruff|Bulldoze|p2a: Snorunt\n|-damage|p2a: Snorunt|25\/100\n|-unboost|p2a: Snorunt|spe|1\n|move|p2a: Snorunt|Water Pulse|p1a: Rockruff\n|-supereffective|p1a: Rockruff\n|-damage|p1a: Rockruff|69\/100\n|-start|p1a: Rockruff|confusion\n|\n|upkeep\n|turn|6\n|\n|t:|1698858275\n|-activate|p1a: Rockruff|confusion\n|move|p1a: Rockruff|Bulldoze|p2a: Snorunt\n|-damage|p2a: Snorunt|4\/100\n|-unboost|p2a: Snorunt|spe|1\n|move|p2a: Snorunt|Water Pulse|p1a: Rockruff\n|-supereffective|p1a: Rockruff\n|-damage|p1a: Rockruff|37\/100\n|\n|upkeep\n|turn|7\n|\n|t:|1698858298\n|-activate|p1a: Rockruff|confusion\n|-damage|p1a: Rockruff|22\/100|[from] confusion\n|move|p2a: Snorunt|Water Pulse|p1a: Rockruff\n|-supereffective|p1a: Rockruff\n|-damage|p1a: Rockruff|0 fnt\n|faint|p1a: Rockruff\n|\n|upkeep\n|\n|t:|1698858313\n|switch|p1a: Aron|Aron, L10, M|100\/100\n|turn|8\n|\n|t:|1698858322\n|move|p1a: Aron|Sandstorm|p1a: Aron\n|-weather|Sandstorm\n|move|p2a: Snorunt|Water Pulse|p1a: Aron\n|-supereffective|p1a: Aron\n|-damage|p1a: Aron|76\/100\n|\n|-weather|Sandstorm|[upkeep]\n|-damage|p2a: Snorunt|0 fnt|[from] Sandstorm\n|faint|p2a: Snorunt\n|upkeep\n|\n|t:|1698858331\n|switch|p2a: Lillipup|Lillipup, L10, F|100\/100\n|turn|9\n|\n|t:|1698858356\n|move|p2a: Lillipup|Bite|p1a: Aron\n|-damage|p1a: Aron|58\/100\n|move|p1a: Aron|Metal Claw|p2a: Lillipup\n|-damage|p2a: Lillipup|61\/100\n|\n|-weather|Sandstorm|[upkeep]\n|-damage|p2a: Lillipup|55\/100|[from] Sandstorm\n|upkeep\n|turn|10\n|\n|t:|1698858416\n|move|p2a: Lillipup|Bite|p1a: Aron\n|-damage|p1a: Aron|40\/100\n|move|p1a: Aron|Metal Claw|p2a: Lillipup\n|-damage|p2a: Lillipup|16\/100\n|\n|-weather|Sandstorm|[upkeep]\n|-damage|p2a: Lillipup|10\/100|[from] Sandstorm\n|upkeep\n|turn|11\n|\n|t:|1698858433\n|move|p2a: Lillipup|Bite|p1a: Aron\n|-damage|p1a: Aron|22\/100\n|cant|p1a: Aron|flinch\n|\n|-weather|Sandstorm|[upkeep]\n|-damage|p2a: Lillipup|4\/100|[from] Sandstorm\n|upkeep\n|turn|12\n|\n|t:|1698858440\n|move|p2a: Lillipup|Bite|p1a: Aron\n|-damage|p1a: Aron|0 fnt\n|faint|p1a: Aron\n|\n|win|HuTao619\n|l|\u2606HuTao619\n","uploadtime":1698858510,"views":6,"p1id":"yannixbp","p2id":"hutao619","formatid":"gen9nationaldexubers","rating":0,"private":0,"password":""}