{"id":"gen9nationaldexubers-1996635927","p1":"W3ZZ3RZ","p2":"ghosttking","format":"[Gen 9] National Dex Ubers","log":"|j|\u2606W3ZZ3RZ\n|j|\u2606ghosttking\n|t:|1700703424\n|gametype|singles\n|player|p1|W3ZZ3RZ|265|1032\n|player|p2|ghosttking|102|1000\n|teamsize|p1|4\n|teamsize|p2|6\n|gen|9\n|tier|[Gen 9] National Dex Ubers\n|rated|\n|rule|HP Percentage Mod: HP is shown in percentages\n|rule|Endless Battle Clause: Forcing endless battles is banned\n|rule|OHKO Clause: OHKO moves are banned\n|rule|Evasion Moves Clause: Evasion moves are banned\n|rule|Evasion Items Clause: Evasion items are banned\n|rule|Species Clause: Limit one of each Pok\u00e9mon\n|rule|Sleep Clause Mod: Limit one foe put to sleep\n|rule|Mega Rayquaza Clause: You cannot mega evolve Rayquaza\n|clearpoke\n|poke|p1|Melmetal|\n|poke|p1|Pidgeot, F|\n|poke|p1|Darmanitan-Galar, F|\n|poke|p1|Ursaluna-Bloodmoon, M|\n|poke|p2|Mimikyu, F|\n|poke|p2|Infernape, M|\n|poke|p2|Meowscarada, M|\n|poke|p2|Toxapex, M|\n|poke|p2|Gliscor, F|\n|poke|p2|Eelektross, F|\n|teampreview\n|\n|t:|1700703434\n|start\n|switch|p1a: Ursaluna|Ursaluna-Bloodmoon, M|100\/100\n|switch|p2a: Babydoll|Mimikyu, F, shiny|100\/100\n|turn|1\n|\n|t:|1700703441\n|move|p2a: Babydoll|Bulk Up|p2a: Babydoll\n|-boost|p2a: Babydoll|atk|1\n|-boost|p2a: Babydoll|def|1\n|move|p1a: Ursaluna|Earth Power|p2a: Babydoll\n|-activate|p2a: Babydoll|ability: Disguise\n|-damage|p2a: Babydoll|100\/100\n|-unboost|p2a: Babydoll|spd|1\n|detailschange|p2a: Babydoll|Mimikyu-Busted, F, shiny\n|-damage|p2a: Babydoll|88\/100|[from] pokemon: Mimikyu-Busted\n|\n|upkeep\n|turn|2\n|\n|t:|1700703452\n|move|p2a: Babydoll|Drain Punch|p1a: Ursaluna\n|-supereffective|p1a: Ursaluna\n|-damage|p1a: Ursaluna|47\/100\n|-heal|p2a: Babydoll|100\/100|[from] drain|[of] p1a: Ursaluna\n|-enditem|p1a: Ursaluna|Sitrus Berry|[eat]\n|-heal|p1a: Ursaluna|72\/100|[from] item: Sitrus Berry\n|move|p1a: Ursaluna|Blood Moon|p2a: Babydoll\n|-damage|p2a: Babydoll|0 fnt\n|faint|p2a: Babydoll\n|\n|upkeep\n|\n|t:|1700703469\n|switch|p2a: Sun Wukong|Infernape, M|100\/100\n|turn|3\n|\n|t:|1700703476\n|switch|p2a: Float|Eelektross, F, shiny|100\/100\n|move|p1a: Ursaluna|Moonblast|p2a: Float\n|-damage|p2a: Float|73\/100\n|\n|upkeep\n|turn|4\n|\n|t:|1700703484\n|move|p2a: Float|Drain Punch|p1a: Ursaluna\n|-supereffective|p1a: Ursaluna\n|-damage|p1a: Ursaluna|36\/100\n|-heal|p2a: Float|94\/100|[from] drain|[of] p1a: Ursaluna\n|move|p1a: Ursaluna|Blood Moon|p2a: Float\n|-damage|p2a: Float|34\/100\n|\n|upkeep\n|turn|5\n|\n|t:|1700703496\n|move|p2a: Float|Drain Punch|p1a: Ursaluna\n|-supereffective|p1a: Ursaluna\n|-damage|p1a: Ursaluna|0 fnt\n|-heal|p2a: Float|55\/100|[from] drain|[of] p1a: Ursaluna\n|faint|p1a: Ursaluna\n|\n|upkeep\n|\n|t:|1700703506\n|switch|p1a: Darmanitan|Darmanitan-Galar, F|100\/100\n|turn|6\n|\n|t:|1700703516\n|move|p1a: Darmanitan|Thrash|p2a: Float\n|-damage|p2a: Float|0 fnt\n|faint|p2a: Float\n|\n|upkeep\n|\n|t:|1700703530\n|switch|p2a: Mariana|Toxapex, M, shiny|100\/100\n|turn|7\n|\n|t:|1700703539\n|move|p1a: Darmanitan|Thrash|p2a: Mariana|[from]lockedmove\n|-damage|p2a: Mariana|56\/100\n|move|p2a: Mariana|Toxic|p1a: Darmanitan\n|-status|p1a: Darmanitan|tox\n|\n|-heal|p2a: Mariana|62\/100|[from] item: Black Sludge\n|-damage|p1a: Darmanitan|95\/100 tox|[from] psn\n|upkeep\n|turn|8\n|c|\u2606W3ZZ3RZ|damn mariana ugly as fuck\n|n|\u203dW3ZZ3RZ|w3zz3rz\n|c|&|\/log W3ZZ3RZ was locked from talking by Artemis. (\u2606W3ZZ3RZ: damn mariana ugly as fuck)\n|c|&|\/raw <small>This action was done automatically. Want to learn more about the AI? <a href=\"https:\/\/www.smogon.com\/forums\/threads\/3570628\/#post-9056769\">Visit the information thread<\/a>.<\/small>\n|\n|t:|1700703554\n|move|p2a: Mariana|Baneful Bunker|p2a: Mariana\n|-singleturn|p2a: Mariana|move: Protect\n|move|p1a: Darmanitan|Thrash|p2a: Mariana|[from]lockedmove\n|-activate|p2a: Mariana|move: Protect\n|-start|p1a: Darmanitan|confusion|[fatigue]\n|\n|-heal|p2a: Mariana|69\/100|[from] item: Black Sludge\n|-damage|p1a: Darmanitan|83\/100 tox|[from] psn\n|upkeep\n|turn|9\n|\n|t:|1700703566\n|switch|p1a: Melmetal|Melmetal|100\/100\n|move|p2a: Mariana|Chilling Water|p1a: Melmetal\n|-damage|p1a: Melmetal|88\/100\n|-unboost|p1a: Melmetal|atk|1\n|\n|-heal|p2a: Mariana|75\/100|[from] item: Black Sludge\n|upkeep\n|turn|10\n|\n|t:|1700703578\n|switch|p1a: Darmanitan|Darmanitan-Galar, F|83\/100 tox\n|switch|p2a: Kush|Meowscarada, M|100\/100\n|\n|-damage|p1a: Darmanitan|77\/100 tox|[from] psn\n|upkeep\n|turn|11\n|\n|t:|1700703587\n|move|p1a: Darmanitan|Flare Blitz|p2a: Kush\n|-supereffective|p2a: Kush\n|-damage|p2a: Kush|0 fnt\n|faint|p2a: Kush\n|-damage|p1a: Darmanitan|49\/100 tox|[from] Recoil\n|\n|-damage|p1a: Darmanitan|37\/100 tox|[from] psn\n|upkeep\n|\n|t:|1700703607\n|switch|p2a: Sun Wukong|Infernape, M|100\/100\n|turn|12\n|\n|t:|1700703617\n|move|p1a: Darmanitan|Flare Blitz|p2a: Sun Wukong\n|-resisted|p2a: Sun Wukong\n|-damage|p2a: Sun Wukong|40\/100\n|-damage|p1a: Darmanitan|20\/100 tox|[from] Recoil\n|move|p2a: Sun Wukong|Drain Punch|p1a: Darmanitan\n|-supereffective|p1a: Darmanitan\n|-damage|p1a: Darmanitan|0 fnt\n|-heal|p2a: Sun Wukong|52\/100|[from] drain|[of] p1a: Darmanitan\n|faint|p1a: Darmanitan\n|\n|upkeep\n|\n|t:|1700703630\n|switch|p1a: Melmetal|Melmetal|88\/100\n|turn|13\n|\n|t:|1700703640\n|move|p2a: Sun Wukong|Fire Punch|p1a: Melmetal\n|-supereffective|p1a: Melmetal\n|-damage|p1a: Melmetal|35\/100\n|move|p1a: Melmetal|Earthquake|p2a: Sun Wukong\n|-supereffective|p2a: Sun Wukong\n|-damage|p2a: Sun Wukong|0 fnt\n|faint|p2a: Sun Wukong\n|\n|upkeep\n|\n|t:|1700703655\n|switch|p2a: Snipe|Gliscor, F|100\/100\n|turn|14\n|\n|t:|1700703674\n|move|p2a: Snipe|Fire Fang|p1a: Melmetal\n|-supereffective|p1a: Melmetal\n|-damage|p1a: Melmetal|15\/100\n|-status|p1a: Melmetal|brn\n|move|p1a: Melmetal|Double Iron Bash|p2a: Snipe\n|-damage|p2a: Snipe|80\/100\n|-damage|p2a: Snipe|60\/100\n|-hitcount|p2a: Snipe|2\n|\n|-damage|p1a: Melmetal|9\/100 brn|[from] brn\n|-status|p2a: Snipe|tox|[from] item: Toxic Orb\n|upkeep\n|turn|15\n|\n|t:|1700703696\n|move|p2a: Snipe|Fire Fang|p1a: Melmetal\n|-supereffective|p1a: Melmetal\n|-damage|p1a: Melmetal|0 fnt\n|faint|p1a: Melmetal\n|\n|-heal|p2a: Snipe|72\/100 tox|[from] ability: Poison Heal\n|upkeep\n|\n|t:|1700703704\n|switch|p1a: Pidgeot|Pidgeot, F|100\/100\n|turn|16\n|\n|t:|1700703729\n|detailschange|p1a: Pidgeot|Pidgeot-Mega, F\n|-mega|p1a: Pidgeot|Pidgeot|Pidgeotite\n|move|p2a: Snipe|Toxic|p1a: Pidgeot\n|-status|p1a: Pidgeot|tox\n|move|p1a: Pidgeot|Whirlwind|p2a: Snipe\n|drag|p2a: Mariana|Toxapex, M, shiny|100\/100\n|\n|-damage|p1a: Pidgeot|94\/100 tox|[from] psn\n|upkeep\n|turn|17\n|\n|t:|1700703766\n|move|p1a: Pidgeot|Hurricane|p2a: Mariana\n|-damage|p2a: Mariana|46\/100\n|move|p2a: Mariana|Chilling Water|p1a: Pidgeot\n|-damage|p1a: Pidgeot|81\/100 tox\n|-unboost|p1a: Pidgeot|atk|1\n|\n|-heal|p2a: Mariana|52\/100|[from] item: Black Sludge\n|-damage|p1a: Pidgeot|68\/100 tox|[from] psn\n|upkeep\n|turn|18\n|\n|t:|1700703778\n|move|p2a: Mariana|Baneful Bunker|p2a: Mariana\n|-singleturn|p2a: Mariana|move: Protect\n|move|p1a: Pidgeot|Hurricane|p2a: Mariana\n|-activate|p2a: Mariana|move: Protect\n|\n|-heal|p2a: Mariana|59\/100|[from] item: Black Sludge\n|-damage|p1a: Pidgeot|50\/100 tox|[from] psn\n|upkeep\n|turn|19\n|\n|t:|1700703788\n|switch|p2a: Snipe|Gliscor, F|72\/100 tox\n|move|p1a: Pidgeot|Hurricane|p2a: Snipe\n|-damage|p2a: Snipe|0 fnt\n|faint|p2a: Snipe\n|\n|-damage|p1a: Pidgeot|25\/100 tox|[from] psn\n|upkeep\n|\n|t:|1700703797\n|switch|p2a: Mariana|Toxapex, M, shiny|92\/100\n|turn|20\n|\n|t:|1700703811\n|move|p2a: Mariana|Baneful Bunker|p2a: Mariana\n|-singleturn|p2a: Mariana|move: Protect\n|move|p1a: Pidgeot|Hurricane|p2a: Mariana\n|-activate|p2a: Mariana|move: Protect\n|\n|-heal|p2a: Mariana|98\/100|[from] item: Black Sludge\n|-damage|p1a: Pidgeot|0 fnt|[from] psn\n|faint|p1a: Pidgeot\n|\n|win|ghosttking\n|upkeep\n|raw|W3ZZ3RZ's rating: 1032 &rarr; <strong>1016<\/strong><br \/>(-16 for losing)\n|raw|ghosttking's rating: 1000 &rarr; <strong>1044<\/strong><br \/>(+44 for winning)\n","uploadtime":1700703549,"views":1,"p1id":"w3zz3rz","p2id":"ghosttking","formatid":"gen9nationaldexubers","rating":1016,"private":0,"password":""}