{"id":"gen9nationaldexubers-1979741105","p1":"jharvtrey","p2":"Joker1989g","format":"[Gen 9] National Dex Ubers","log":"|j|\u2606jharvtrey\n|j|\u2606Joker1989g\n|t:|1698708447\n|gametype|singles\n|player|p1|jharvtrey|1|\n|player|p2|Joker1989g|skyla|\n|teamsize|p1|6\n|teamsize|p2|6\n|gen|9\n|tier|[Gen 9] National Dex Ubers\n|rule|HP Percentage Mod: HP is shown in percentages\n|rule|Endless Battle Clause: Forcing endless battles is banned\n|rule|OHKO Clause: OHKO moves are banned\n|rule|Evasion Moves Clause: Evasion moves are banned\n|rule|Evasion Items Clause: Evasion items are banned\n|rule|Species Clause: Limit one of each Pok\u00e9mon\n|rule|Sleep Clause Mod: Limit one foe put to sleep\n|rule|Mega Rayquaza Clause: You cannot mega evolve Rayquaza\n|clearpoke\n|poke|p1|Starmie|\n|poke|p1|Heracross, F|\n|poke|p1|Dragonite, M|\n|poke|p1|Venusaur, F|\n|poke|p1|Ninetales, F|\n|poke|p1|Forretress, M|\n|poke|p2|Infernape, F|\n|poke|p2|Leafeon, F|\n|poke|p2|Dusclops, M|\n|poke|p2|Gardevoir, M|\n|poke|p2|Drifblim, M|\n|poke|p2|Ampharos, M|\n|teampreview\n|\n|t:|1698708482\n|start\n|switch|p1a: Forretress|Forretress, M|100\/100\n|switch|p2a: Gardevoir|Gardevoir, M, shiny|100\/100\n|-ability|p2a: Gardevoir|Sturdy|[from] ability: Trace|[of] p1a: Forretress\n|turn|1\n|\n|t:|1698708504\n|move|p2a: Gardevoir|Mystical Fire|p1a: Forretress\n|-supereffective|p1a: Forretress\n|-ability|p1a: Forretress|Sturdy\n|-damage|p1a: Forretress|1\/100\n|-unboost|p1a: Forretress|spa|1\n|move|p1a: Forretress|Spikes|p2a: Gardevoir\n|-sidestart|p2: Joker1989g|Spikes\n|\n|-heal|p1a: Forretress|7\/100|[from] item: Leftovers\n|upkeep\n|turn|2\n|\n|t:|1698708514\n|move|p2a: Gardevoir|Mystical Fire|p1a: Forretress\n|-supereffective|p1a: Forretress\n|-damage|p1a: Forretress|0 fnt\n|faint|p1a: Forretress\n|\n|upkeep\n|j| Jofrome\n|\n|t:|1698708530\n|switch|p1a: Ninetales|Ninetales, F, shiny|100\/100\n|-weather|SunnyDay|[from] ability: Drought|[of] p1a: Ninetales\n|turn|3\n|\n|t:|1698708554\n|move|p2a: Gardevoir|Mystical Fire|p1a: Ninetales\n|-resisted|p1a: Ninetales\n|-damage|p1a: Ninetales|78\/100\n|-unboost|p1a: Ninetales|spa|1\n|move|p1a: Ninetales|Nasty Plot|p1a: Ninetales\n|-boost|p1a: Ninetales|spa|2\n|\n|-weather|SunnyDay|[upkeep]\n|upkeep\n|turn|4\n|\n|t:|1698708580\n|switch|p2a: Drifblim|Drifblim, M|100\/100\n|move|p1a: Ninetales|Fire Blast|p2a: Drifblim|[miss]\n|-miss|p1a: Ninetales|p2a: Drifblim\n|\n|-weather|SunnyDay|[upkeep]\n|upkeep\n|turn|5\n|\n|t:|1698708589\n|move|p2a: Drifblim|Destiny Bond|p2a: Drifblim\n|-singlemove|p2a: Drifblim|Destiny Bond\n|move|p1a: Ninetales|Fire Blast|p2a: Drifblim\n|-damage|p2a: Drifblim|0 fnt\n|faint|p2a: Drifblim\n|-activate|p2a: Drifblim|move: Destiny Bond\n|faint|p1a: Ninetales\n|\n|-weather|SunnyDay|[upkeep]\n|upkeep\n|\n|t:|1698708617\n|switch|p1a: Venusaur|Venusaur, F|100\/100\n|switch|p2a: Leafeon|Leafeon, F, shiny|100\/100\n|turn|6\n|\n|t:|1698708657\n|move|p1a: Venusaur|Sludge Bomb|p2a: Leafeon\n|-supereffective|p2a: Leafeon\n|-damage|p2a: Leafeon|0 fnt\n|faint|p2a: Leafeon\n|-damage|p1a: Venusaur|91\/100|[from] item: Life Orb\n|\n|-weather|SunnyDay|[upkeep]\n|upkeep\n|\n|t:|1698708729\n|switch|p2a: .|Infernape, F|100\/100\n|-damage|p2a: .|88\/100|[from] Spikes\n|turn|7\n|\n|t:|1698708735\n|move|p1a: Venusaur|Sludge Bomb|p2a: .\n|-damage|p2a: .|6\/100\n|-status|p2a: .|psn\n|-damage|p1a: Venusaur|81\/100|[from] item: Life Orb\n|move|p2a: .|Fire Punch|p1a: Venusaur\n|-supereffective|p1a: Venusaur\n|-damage|p1a: Venusaur|0 fnt\n|faint|p1a: Venusaur\n|\n|-weather|SunnyDay|[upkeep]\n|-damage|p2a: .|0 fnt|[from] psn\n|faint|p2a: .\n|upkeep\n|\n|t:|1698708823\n|switch|p2a: Ampharos|Ampharos, M|100\/100\n|switch|p1a: Heracross|Heracross, F|100\/100\n|-damage|p2a: Ampharos|88\/100|[from] Spikes\n|turn|8\n|\n|t:|1698708833\n|move|p1a: Heracross|Earthquake|p2a: Ampharos\n|-supereffective|p2a: Ampharos\n|-damage|p2a: Ampharos|9\/100\n|move|p2a: Ampharos|Dazzling Gleam|p1a: Heracross\n|-supereffective|p1a: Heracross\n|-damage|p1a: Heracross|36\/100\n|\n|-weather|SunnyDay|[upkeep]\n|upkeep\n|turn|9\n|\n|t:|1698708841\n|switch|p2a: Dusclops|Dusclops, M, shiny|100\/100\n|-damage|p2a: Dusclops|88\/100|[from] Spikes\n|-ability|p2a: Dusclops|Pressure\n|move|p1a: Heracross|Earthquake|p2a: Dusclops\n|-damage|p2a: Dusclops|65\/100\n|\n|-weather|SunnyDay|[upkeep]\n|upkeep\n|turn|10\n|\n|t:|1698708864\n|move|p1a: Heracross|Earthquake|p2a: Dusclops\n|-damage|p2a: Dusclops|40\/100\n|move|p2a: Dusclops|Poltergeist|p1a: Heracross\n|-activate|p1a: Heracross|move: Poltergeist|Choice Scarf\n|-damage|p1a: Heracross|0 fnt\n|faint|p1a: Heracross\n|\n|-weather|none\n|upkeep\n|\n|t:|1698708923\n|switch|p1a: Starmie|Starmie|100\/100\n|turn|11\n|\n|t:|1698708934\n|move|p2a: Dusclops|Shadow Sneak|p1a: Starmie\n|-supereffective|p1a: Starmie\n|-crit|p1a: Starmie\n|-damage|p1a: Starmie|45\/100\n|move|p1a: Starmie|Hydro Pump|p2a: Dusclops\n|-damage|p2a: Dusclops|7\/100\n|\n|upkeep\n|turn|12\n|\n|t:|1698708972\n|move|p2a: Dusclops|Shadow Sneak|p1a: Starmie\n|-supereffective|p1a: Starmie\n|-damage|p1a: Starmie|11\/100\n|move|p1a: Starmie|Ice Beam|p2a: Dusclops\n|-damage|p2a: Dusclops|0 fnt\n|faint|p2a: Dusclops\n|\n|upkeep\n|\n|t:|1698709027\n|switch|p2a: Gardevoir|Gardevoir, M, shiny|100\/100\n|-damage|p2a: Gardevoir|88\/100|[from] Spikes\n|-ability|p2a: Gardevoir|Natural Cure|[from] ability: Trace|[of] p1a: Starmie\n|turn|13\n|\n|t:|1698709132\n|move|p2a: Gardevoir|Moonblast|p1a: Starmie\n|-damage|p1a: Starmie|0 fnt\n|faint|p1a: Starmie\n|\n|upkeep\n|\n|t:|1698709135\n|switch|p1a: Dragonite|Dragonite, M|100\/100\n|turn|14\n|\n|t:|1698709139\n|move|p1a: Dragonite|Extreme Speed|p2a: Gardevoir\n|-damage|p2a: Gardevoir|32\/100\n|move|p2a: Gardevoir|Moonblast|p1a: Dragonite\n|-supereffective|p1a: Dragonite\n|-damage|p1a: Dragonite|45\/100\n|\n|upkeep\n|turn|15\n|\n|t:|1698709144\n|move|p1a: Dragonite|Extreme Speed|p2a: Gardevoir\n|-damage|p2a: Gardevoir|0 fnt\n|faint|p2a: Gardevoir\n|\n|upkeep\n|\n|t:|1698709170\n|switch|p2a: Ampharos|Ampharos, M|9\/100\n|-damage|p2a: Ampharos|0 fnt|[from] Spikes\n|faint|p2a: Ampharos\n|\n|win|jharvtrey\n|l|\u2606Joker1989g\n|j|\u2606Joker1989g\n|player|p2|Joker1989g|skyla\n","uploadtime":1698709222,"views":31,"p1id":"jharvtrey","p2id":"joker1989g","formatid":"gen9nationaldexubers","rating":0,"private":0,"password":""}