{"id":"gen9nationaldexubers-1986619489","p1":"dsyujing","p2":"Pearl-Luck","format":"[Gen 9] National Dex Ubers","log":"|j|\u2606dsyujing\n|j|\u2606Pearl-Luck\n|t:|1699498653\n|gametype|singles\n|player|p1|dsyujing|102|1410\n|player|p2|Pearl-Luck|lillie-masters2|1366\n|teamsize|p1|6\n|teamsize|p2|6\n|gen|9\n|tier|[Gen 9] National Dex Ubers\n|rated|\n|rule|HP Percentage Mod: HP is shown in percentages\n|rule|Endless Battle Clause: Forcing endless battles is banned\n|rule|OHKO Clause: OHKO moves are banned\n|rule|Evasion Moves Clause: Evasion moves are banned\n|rule|Evasion Items Clause: Evasion items are banned\n|rule|Species Clause: Limit one of each Pok\u00e9mon\n|rule|Sleep Clause Mod: Limit one foe put to sleep\n|rule|Mega Rayquaza Clause: You cannot mega evolve Rayquaza\n|clearpoke\n|poke|p1|Arceus|\n|poke|p1|Zygarde|\n|poke|p1|Groudon|\n|poke|p1|Magearna|\n|poke|p1|Gliscor, M|\n|poke|p1|Garchomp, F|\n|poke|p2|Lunala|\n|poke|p2|Ting-Lu|\n|poke|p2|Scizor, F|\n|poke|p2|Regieleki|\n|poke|p2|Chansey, F|\n|poke|p2|Palkia|\n|teampreview\n|inactive|Battle timer is ON: inactive players will automatically lose when time's up. (requested by Pearl-Luck)\n|\n|t:|1699498667\n|start\n|switch|p1a: Groudon|Groudon|100\/100\n|switch|p2a: Ting-Lu|Ting-Lu|100\/100\n|-ability|p2a: Ting-Lu|Vessel of Ruin\n|detailschange|p1a: Groudon|Groudon-Primal\n|-primal|p1a: Groudon|Red Orb\n|-weather|DesolateLand|[from] ability: Desolate Land|[of] p1a: Groudon\n|turn|1\n|\n|t:|1699498684\n|move|p1a: Groudon|Earthquake|p2a: Ting-Lu\n|-damage|p2a: Ting-Lu|71\/100\n|move|p2a: Ting-Lu|Ruination|p1a: Groudon|[miss]\n|-miss|p2a: Ting-Lu|p1a: Groudon\n|\n|-weather|DesolateLand|[upkeep]\n|-heal|p2a: Ting-Lu|78\/100|[from] item: Leftovers\n|upkeep\n|turn|2\n|\n|t:|1699498693\n|move|p1a: Groudon|Earthquake|p2a: Ting-Lu\n|-damage|p2a: Ting-Lu|49\/100\n|move|p2a: Ting-Lu|Ruination|p1a: Groudon\n|-damage|p1a: Groudon|51\/100\n|\n|-weather|DesolateLand|[upkeep]\n|-heal|p2a: Ting-Lu|56\/100|[from] item: Leftovers\n|upkeep\n|turn|3\n|\n|t:|1699498701\n|move|p1a: Groudon|Earthquake|p2a: Ting-Lu\n|-damage|p2a: Ting-Lu|29\/100\n|move|p2a: Ting-Lu|Stealth Rock|p1a: Groudon\n|-sidestart|p1: dsyujing|move: Stealth Rock\n|\n|-weather|DesolateLand|[upkeep]\n|-heal|p2a: Ting-Lu|35\/100|[from] item: Leftovers\n|upkeep\n|turn|4\n|\n|t:|1699498709\n|move|p1a: Groudon|Earthquake|p2a: Ting-Lu\n|-damage|p2a: Ting-Lu|8\/100\n|move|p2a: Ting-Lu|Earthquake|p1a: Groudon\n|-supereffective|p1a: Groudon\n|-damage|p1a: Groudon|0 fnt\n|faint|p1a: Groudon\n|-weather|none\n|\n|-heal|p2a: Ting-Lu|14\/100|[from] item: Leftovers\n|upkeep\n|\n|t:|1699498728\n|switch|p1a: Zygarde|Zygarde|100\/100\n|-damage|p1a: Zygarde|94\/100|[from] Stealth Rock\n|turn|5\n|\n|t:|1699498734\n|move|p1a: Zygarde|Thousand Arrows|p2a: Ting-Lu\n|-damage|p2a: Ting-Lu|0 fnt\n|faint|p2a: Ting-Lu\n|\n|-heal|p1a: Zygarde|100\/100|[from] item: Leftovers\n|upkeep\n|\n|t:|1699498741\n|switch|p2a: Lunala|Lunala, shiny|100\/100\n|turn|6\n|\n|t:|1699498750\n|move|p1a: Zygarde|Thousand Arrows|p2a: Lunala\n|-damage|p2a: Lunala|83\/100\n|move|p2a: Lunala|Moonblast|p1a: Zygarde\n|-supereffective|p1a: Zygarde\n|-damage|p1a: Zygarde|40\/100\n|\n|-heal|p1a: Zygarde|46\/100|[from] item: Leftovers\n|-activate|p1a: Zygarde|ability: Power Construct\n|detailschange|p1a: Zygarde|Zygarde-Complete\n|-heal|p1a: Zygarde|65\/100|[silent]\n|upkeep\n|turn|7\n|\n|t:|1699498770\n|-terastallize|p1a: Zygarde|Fairy\n|-zpower|p2a: Lunala\n|move|p2a: Lunala|Menacing Moonraze Maelstrom|p1a: Zygarde|[zeffect]\n|-damage|p1a: Zygarde|1\/100\n|move|p1a: Zygarde|Coil|p1a: Zygarde\n|-boost|p1a: Zygarde|atk|1\n|-boost|p1a: Zygarde|def|1\n|-boost|p1a: Zygarde|accuracy|1\n|\n|-heal|p1a: Zygarde|8\/100|[from] item: Leftovers\n|upkeep\n|turn|8\n|\n|t:|1699498785\n|move|p2a: Lunala|Moongeist Beam|p1a: Zygarde\n|-damage|p1a: Zygarde|0 fnt\n|faint|p1a: Zygarde\n|\n|upkeep\n|\n|t:|1699498795\n|switch|p1a: Magearna|Magearna|100\/100\n|-damage|p1a: Magearna|94\/100|[from] Stealth Rock\n|turn|9\n|\n|t:|1699498807\n|move|p2a: Lunala|Calm Mind|p2a: Lunala\n|-boost|p2a: Lunala|spa|1\n|-boost|p2a: Lunala|spd|1\n|move|p1a: Magearna|Shift Gear|p1a: Magearna\n|-boost|p1a: Magearna|spe|2\n|-boost|p1a: Magearna|atk|1\n|\n|-heal|p1a: Magearna|100\/100|[from] item: Leftovers\n|upkeep\n|turn|10\n|\n|t:|1699498819\n|switch|p1a: Arceus|Arceus|100\/100\n|-damage|p1a: Arceus|88\/100|[from] Stealth Rock\n|move|p2a: Lunala|Calm Mind|p2a: Lunala\n|-boost|p2a: Lunala|spa|1\n|-boost|p2a: Lunala|spd|1\n|\n|upkeep\n|turn|11\n|\n|t:|1699498830\n|switch|p2a: Chansey|Chansey, F|100\/100\n|move|p1a: Arceus|Shadow Claw|p2a: Chansey\n|-immune|p2a: Chansey\n|\n|upkeep\n|turn|12\n|\n|t:|1699498839\n|switch|p1a: Gliscor|Gliscor, M|100\/100\n|-damage|p1a: Gliscor|88\/100|[from] Stealth Rock\n|switch|p2a: Scizor|Scizor, F|100\/100\n|\n|-status|p1a: Gliscor|tox|[from] item: Toxic Orb\n|upkeep\n|turn|13\n|\n|t:|1699498851\n|detailschange|p2a: Scizor|Scizor-Mega, F\n|-mega|p2a: Scizor|Scizor|Scizorite\n|move|p1a: Gliscor|Earthquake|p2a: Scizor\n|-damage|p2a: Scizor|77\/100\n|move|p2a: Scizor|Dual Wingbeat|p1a: Gliscor|[miss]\n|-miss|p2a: Scizor|p1a: Gliscor\n|\n|-heal|p1a: Gliscor|100\/100 tox|[from] ability: Poison Heal\n|upkeep\n|turn|14\n|\n|t:|1699498861\n|move|p1a: Gliscor|Earthquake|p2a: Scizor\n|-damage|p2a: Scizor|51\/100\n|move|p2a: Scizor|Swords Dance|p2a: Scizor\n|-boost|p2a: Scizor|atk|2\n|\n|upkeep\n|turn|15\n|\n|t:|1699498867\n|move|p1a: Gliscor|Earthquake|p2a: Scizor\n|-damage|p2a: Scizor|26\/100\n|move|p2a: Scizor|Dual Wingbeat|p1a: Gliscor\n|-damage|p1a: Gliscor|72\/100 tox\n|-damage|p1a: Gliscor|39\/100 tox\n|-hitcount|p1a: Gliscor|2\n|\n|-heal|p1a: Gliscor|51\/100 tox|[from] ability: Poison Heal\n|upkeep\n|turn|16\n|\n|t:|1699498878\n|move|p1a: Gliscor|Protect|p1a: Gliscor\n|-singleturn|p1a: Gliscor|Protect\n|move|p2a: Scizor|Dual Wingbeat|p1a: Gliscor\n|-activate|p1a: Gliscor|move: Protect\n|\n|-heal|p1a: Gliscor|64\/100 tox|[from] ability: Poison Heal\n|upkeep\n|turn|17\n|\n|t:|1699498887\n|move|p1a: Gliscor|Earthquake|p2a: Scizor\n|-damage|p2a: Scizor|1\/100\n|move|p2a: Scizor|Dual Wingbeat|p1a: Gliscor\n|-damage|p1a: Gliscor|34\/100 tox\n|-damage|p1a: Gliscor|3\/100 tox\n|-hitcount|p1a: Gliscor|2\n|\n|-heal|p1a: Gliscor|16\/100 tox|[from] ability: Poison Heal\n|upkeep\n|turn|18\n|\n|t:|1699498897\n|move|p2a: Scizor|Bullet Punch|p1a: Gliscor\n|-damage|p1a: Gliscor|0 fnt\n|faint|p1a: Gliscor\n|\n|upkeep\n|\n|t:|1699498902\n|switch|p1a: Arceus|Arceus|88\/100\n|-damage|p1a: Arceus|76\/100|[from] Stealth Rock\n|turn|19\n|\n|t:|1699498914\n|move|p1a: Arceus|Extreme Speed|p2a: Scizor\n|-resisted|p2a: Scizor\n|-damage|p2a: Scizor|0 fnt\n|faint|p2a: Scizor\n|\n|upkeep\n|\n|t:|1699498918\n|switch|p2a: Palkia|Palkia, shiny|100\/100\n|-ability|p2a: Palkia|Pressure\n|turn|20\n|\n|t:|1699498924\n|switch|p1a: Magearna|Magearna|100\/100\n|-damage|p1a: Magearna|94\/100|[from] Stealth Rock\n|move|p2a: Palkia|Trick|p1a: Magearna\n|-activate|p2a: Palkia|move: Trick|[of] p1a: Magearna\n|-item|p1a: Magearna|Choice Scarf|[from] move: Trick\n|-item|p2a: Palkia|Leftovers|[from] move: Trick\n|\n|upkeep\n|turn|21\n|\n|t:|1699498933\n|move|p2a: Palkia|Flamethrower|p1a: Magearna\n|-supereffective|p1a: Magearna\n|-damage|p1a: Magearna|23\/100\n|move|p1a: Magearna|Draining Kiss|p2a: Palkia\n|-supereffective|p2a: Palkia\n|-damage|p2a: Palkia|53\/100\n|-heal|p1a: Magearna|55\/100|[from] drain|[of] p2a: Palkia\n|\n|-heal|p2a: Palkia|59\/100|[from] item: Leftovers\n|upkeep\n|turn|22\n|\n|t:|1699498944\n|move|p2a: Palkia|Flamethrower|p1a: Magearna\n|-supereffective|p1a: Magearna\n|-damage|p1a: Magearna|0 fnt\n|faint|p1a: Magearna\n|\n|-heal|p2a: Palkia|66\/100|[from] item: Leftovers\n|upkeep\n|\n|t:|1699498951\n|switch|p1a: Garchomp|Garchomp, F|100\/100\n|-damage|p1a: Garchomp|94\/100|[from] Stealth Rock\n|turn|23\n|\n|t:|1699498960\n|-terastallize|p2a: Palkia|Dragon\n|move|p1a: Garchomp|Outrage|p2a: Palkia\n|-supereffective|p2a: Palkia\n|-damage|p2a: Palkia|0 fnt\n|faint|p2a: Palkia\n|\n|upkeep\n|\n|t:|1699498970\n|switch|p2a: Lunala|Lunala, shiny|83\/100\n|turn|24\n|\n|t:|1699498973\n|move|p1a: Garchomp|Outrage|p2a: Lunala|[from]lockedmove\n|-damage|p2a: Lunala|36\/100\n|-start|p1a: Garchomp|confusion|[fatigue]\n|move|p2a: Lunala|Moonblast|p1a: Garchomp\n|-supereffective|p1a: Garchomp\n|-crit|p1a: Garchomp\n|-damage|p1a: Garchomp|0 fnt\n|faint|p1a: Garchomp\n|\n|upkeep\n|\n|t:|1699498983\n|switch|p1a: Arceus|Arceus|76\/100\n|-damage|p1a: Arceus|63\/100|[from] Stealth Rock\n|turn|25\n|\n|t:|1699498989\n|switch|p2a: Chansey|Chansey, F|100\/100\n|move|p1a: Arceus|Bulk Up|p1a: Arceus\n|-boost|p1a: Arceus|atk|1\n|-boost|p1a: Arceus|def|1\n|\n|upkeep\n|turn|26\n|\n|t:|1699498998\n|move|p1a: Arceus|Extreme Speed|p2a: Chansey\n|-damage|p2a: Chansey|64\/100\n|move|p2a: Chansey|Toxic|p1a: Arceus\n|-status|p1a: Arceus|tox\n|\n|-damage|p1a: Arceus|57\/100 tox|[from] psn\n|upkeep\n|turn|27\n|\n|t:|1699499007\n|move|p1a: Arceus|Bulk Up|p1a: Arceus\n|-boost|p1a: Arceus|atk|1\n|-boost|p1a: Arceus|def|1\n|move|p2a: Chansey|Wish|p2a: Chansey\n|\n|-damage|p1a: Arceus|45\/100 tox|[from] psn\n|upkeep\n|turn|28\n|\n|t:|1699499016\n|switch|p2a: Lunala|Lunala, shiny|36\/100\n|move|p1a: Arceus|Recover|p1a: Arceus\n|-heal|p1a: Arceus|95\/100 tox\n|\n|-heal|p2a: Lunala|100\/100|[from] move: Wish|[wisher] Chansey\n|-damage|p1a: Arceus|77\/100 tox|[from] psn\n|upkeep\n|turn|29\n|\n|t:|1699499030\n|move|p1a: Arceus|Shadow Claw|p2a: Lunala\n|-supereffective|p2a: Lunala\n|-crit|p2a: Lunala\n|-damage|p2a: Lunala|6\/100\n|move|p2a: Lunala|Moonblast|p1a: Arceus\n|-damage|p1a: Arceus|56\/100 tox\n|\n|-damage|p1a: Arceus|31\/100 tox|[from] psn\n|upkeep\n|turn|30\n|\n|t:|1699499041\n|move|p1a: Arceus|Shadow Claw|p2a: Lunala\n|-supereffective|p2a: Lunala\n|-damage|p2a: Lunala|0 fnt\n|faint|p2a: Lunala\n|\n|-damage|p1a: Arceus|1\/100 tox|[from] psn\n|upkeep\n|c|\u2606Pearl-Luck|Gg\n|\n|t:|1699499049\n|switch|p2a: Regieleki|Regieleki|100\/100\n|turn|31\n|\n|t:|1699499053\n|move|p2a: Regieleki|Extreme Speed|p1a: Arceus\n|-damage|p1a: Arceus|0 fnt\n|faint|p1a: Arceus\n|-damage|p2a: Regieleki|91\/100|[from] item: Life Orb\n|\n|win|Pearl-Luck\n|raw|dsyujing's rating: 1410 &rarr; <strong>1387<\/strong><br \/>(-23 for losing)\n|raw|Pearl-Luck's rating: 1366 &rarr; <strong>1389<\/strong><br \/>(+23 for winning)\n|l|\u2606dsyujing\n","uploadtime":1699499068,"views":8,"p1id":"dsyujing","p2id":"pearlluck","formatid":"gen9nationaldexubers","rating":1387,"private":0,"password":""}