{"id":"gen9nationaldexubers-1994525928","p1":"NoSpultsNoBia","p2":"momfr","format":"[Gen 9] National Dex Ubers","log":"|j|\u2606NoSpultsNoBia\n|j|\u2606momfr\n|t:|1700454649\n|gametype|singles\n|player|p1|NoSpultsNoBia|2|1241\n|player|p2|momfr|265|1180\n|teamsize|p1|6\n|teamsize|p2|6\n|gen|9\n|tier|[Gen 9] National Dex Ubers\n|rated|\n|rule|HP Percentage Mod: HP is shown in percentages\n|rule|Endless Battle Clause: Forcing endless battles is banned\n|rule|OHKO Clause: OHKO moves are banned\n|rule|Evasion Moves Clause: Evasion moves are banned\n|rule|Evasion Items Clause: Evasion items are banned\n|rule|Species Clause: Limit one of each Pok\u00e9mon\n|rule|Sleep Clause Mod: Limit one foe put to sleep\n|rule|Mega Rayquaza Clause: You cannot mega evolve Rayquaza\n|clearpoke\n|poke|p1|Eternatus|\n|poke|p1|Blaziken, F|\n|poke|p1|Zacian-*|\n|poke|p1|Groudon|\n|poke|p1|Flutter Mane|\n|poke|p1|Deoxys-Speed|\n|poke|p2|Deoxys-Attack|\n|poke|p2|Gliscor, F|\n|poke|p2|Darkrai|\n|poke|p2|Dragonite, M|\n|poke|p2|Mewtwo|\n|poke|p2|Rayquaza|\n|teampreview\n|inactive|Battle timer is ON: inactive players will automatically lose when time's up. (requested by NoSpultsNoBia)\n|j| amonguscrewmate420\n|j| gayspotter2\n|j| kung fu pokechu\n|j| Adamanzane\n|\n|t:|1700454673\n|start\n|switch|p1a: Deoxys|Deoxys-Speed|100\/100\n|switch|p2a: Barney|Dragonite, M|100\/100\n|-ability|p1a: Deoxys|Pressure\n|turn|1\n|inactive|NoSpultsNoBia has 120 seconds left.\n|\n|t:|1700454704\n|move|p2a: Barney|Extreme Speed|p1a: Deoxys\n|-damage|p1a: Deoxys|63\/100\n|move|p1a: Deoxys|Taunt|p2a: Barney\n|-start|p2a: Barney|move: Taunt\n|\n|upkeep\n|turn|2\n|j| it's ogrepon\n|\n|t:|1700454717\n|move|p1a: Deoxys|Stealth Rock|p2a: Barney\n|-sidestart|p2: momfr|move: Stealth Rock\n|move|p2a: Barney|Outrage|p1a: Deoxys\n|-damage|p1a: Deoxys|0 fnt\n|faint|p1a: Deoxys\n|\n|upkeep\n|\n|t:|1700454730\n|switch|p1a: Flutter Mane|Flutter Mane|100\/100\n|turn|3\n|\n|t:|1700454733\n|move|p1a: Flutter Mane|Moonblast|p2a: Barney\n|-supereffective|p2a: Barney\n|-damage|p2a: Barney|16\/100\n|-unboost|p2a: Barney|spa|1\n|move|p2a: Barney|Outrage|p1a: Flutter Mane|[from]lockedmove\n|-immune|p1a: Flutter Mane\n|-start|p2a: Barney|confusion|[fatigue]\n|-enditem|p2a: Barney|Lum Berry|[eat]\n|-end|p2a: Barney|confusion\n|\n|upkeep\n|turn|4\n|\n|t:|1700454738\n|move|p1a: Flutter Mane|Moonblast|p2a: Barney\n|-supereffective|p2a: Barney\n|-damage|p2a: Barney|0 fnt\n|faint|p2a: Barney\n|\n|upkeep\n|\n|t:|1700454765\n|switch|p2a: OJ Simpson|Gliscor, F|100\/100\n|-damage|p2a: OJ Simpson|88\/100|[from] Stealth Rock\n|turn|5\n|c| gayspotter2|I saw one once at the mall\n|\n|t:|1700454773\n|move|p1a: Flutter Mane|Moonblast|p2a: OJ Simpson\n|-damage|p2a: OJ Simpson|18\/100\n|move|p2a: OJ Simpson|Earthquake|p1a: Flutter Mane\n|-damage|p1a: Flutter Mane|33\/100\n|\n|-status|p2a: OJ Simpson|tox|[from] item: Toxic Orb\n|upkeep\n|turn|6\n|\n|t:|1700454783\n|move|p1a: Flutter Mane|Moonblast|p2a: OJ Simpson\n|-damage|p2a: OJ Simpson|0 fnt\n|faint|p2a: OJ Simpson\n|\n|upkeep\n|\n|t:|1700454797\n|switch|p2a: normie in space|Deoxys-Attack|100\/100\n|-damage|p2a: normie in space|88\/100|[from] Stealth Rock\n|-ability|p2a: normie in space|Pressure\n|turn|7\n|\n|t:|1700454808\n|move|p2a: normie in space|Ice Beam|p1a: Flutter Mane\n|-damage|p1a: Flutter Mane|0 fnt\n|faint|p1a: Flutter Mane\n|-end|p1a: Flutter Mane|Protosynthesis|[silent]\n|\n|upkeep\n|\n|t:|1700454814\n|switch|p1a: Blaziken|Blaziken, F|100\/100\n|turn|8\n|\n|t:|1700454819\n|detailschange|p1a: Blaziken|Blaziken-Mega, F\n|-mega|p1a: Blaziken|Blaziken|Blazikenite\n|move|p1a: Blaziken|Protect|p1a: Blaziken\n|-singleturn|p1a: Blaziken|Protect\n|move|p2a: normie in space|Zen Headbutt|p1a: Blaziken\n|-activate|p1a: Blaziken|move: Protect\n|\n|-ability|p1a: Blaziken|Speed Boost|boost\n|-boost|p1a: Blaziken|spe|1\n|upkeep\n|turn|9\n|\n|t:|1700454828\n|move|p2a: normie in space|Extreme Speed|p1a: Blaziken\n|-damage|p1a: Blaziken|39\/100\n|move|p1a: Blaziken|Flare Blitz|p2a: normie in space\n|-damage|p2a: normie in space|0 fnt\n|faint|p2a: normie in space\n|-damage|p1a: Blaziken|16\/100|[from] Recoil\n|\n|-ability|p1a: Blaziken|Speed Boost|boost\n|-boost|p1a: Blaziken|spe|1\n|upkeep\n|\n|t:|1700454834\n|switch|p2a: GUF|Rayquaza|100\/100\n|-damage|p2a: GUF|76\/100|[from] Stealth Rock\n|-ability|p2a: GUF|Air Lock\n|turn|10\n|\n|t:|1700454844\n|switch|p1a: Groudon|Groudon|100\/100\n|detailschange|p1a: Groudon|Groudon-Primal\n|-primal|p1a: Groudon|Red Orb\n|-weather|DesolateLand|[from] ability: Desolate Land|[of] p1a: Groudon\n|move|p2a: GUF|Dragon Dance|p2a: GUF\n|-boost|p2a: GUF|atk|1\n|-boost|p2a: GUF|spe|1\n|\n|-weather|DesolateLand|[upkeep]\n|upkeep\n|turn|11\n|\n|t:|1700454854\n|-terastallize|p2a: GUF|Flying\n|move|p2a: GUF|Dragon Ascent|p1a: Groudon\n|-damage|p1a: Groudon|16\/100\n|-unboost|p2a: GUF|def|1\n|-unboost|p2a: GUF|spd|1\n|-damage|p2a: GUF|66\/100|[from] item: Life Orb\n|move|p1a: Groudon|Heat Crash|p2a: GUF\n|-damage|p2a: GUF|0 fnt\n|faint|p2a: GUF\n|\n|-weather|DesolateLand|[upkeep]\n|upkeep\n|\n|t:|1700454865\n|switch|p2a: KANTOOOOOOOOOOOOOO|Mewtwo|100\/100\n|-damage|p2a: KANTOOOOOOOOOOOOOO|88\/100|[from] Stealth Rock\n|-ability|p2a: KANTOOOOOOOOOOOOOO|Pressure\n|turn|12\n|\n|t:|1700454877\n|detailschange|p2a: KANTOOOOOOOOOOOOOO|Mewtwo-Mega-X\n|-mega|p2a: KANTOOOOOOOOOOOOOO|Mewtwo|Mewtwonite X\n|move|p2a: KANTOOOOOOOOOOOOOO|Low Kick|p1a: Groudon\n|-crit|p1a: Groudon\n|-damage|p1a: Groudon|0 fnt\n|faint|p1a: Groudon\n|-weather|none\n|\n|upkeep\n|\n|t:|1700454887\n|switch|p1a: Zacian|Zacian-Crowned|100\/100\n|-ability|p1a: Zacian|Intrepid Sword|boost\n|-boost|p1a: Zacian|atk|1\n|turn|13\n|\n|t:|1700454892\n|move|p1a: Zacian|Play Rough|p2a: KANTOOOOOOOOOOOOOO\n|-supereffective|p2a: KANTOOOOOOOOOOOOOO\n|-damage|p2a: KANTOOOOOOOOOOOOOO|0 fnt\n|faint|p2a: KANTOOOOOOOOOOOOOO\n|\n|upkeep\n|\n|t:|1700454894\n|switch|p2a: Stall is Evil|Darkrai|100\/100\n|-damage|p2a: Stall is Evil|88\/100|[from] Stealth Rock\n|turn|14\n|\n|t:|1700454898\n|move|p1a: Zacian|Behemoth Blade|p2a: Stall is Evil\n|-damage|p2a: Stall is Evil|8\/100\n|move|p2a: Stall is Evil|Hypnosis|p1a: Zacian\n|-status|p1a: Zacian|slp|[from] move: Hypnosis\n|\n|-heal|p2a: Stall is Evil|14\/100|[from] item: Leftovers\n|-damage|p1a: Zacian|88\/100 slp|[from] ability: Bad Dreams|[of] p2a: Stall is Evil\n|upkeep\n|turn|15\n|\n|t:|1700454905\n|cant|p1a: Zacian|slp\n|move|p2a: Stall is Evil|Dream Eater|p1a: Zacian\n|-resisted|p1a: Zacian\n|-damage|p1a: Zacian|74\/100 slp\n|-heal|p2a: Stall is Evil|21\/100|[from] drain|[of] p1a: Zacian\n|\n|-heal|p2a: Stall is Evil|27\/100|[from] item: Leftovers\n|-damage|p1a: Zacian|62\/100 slp|[from] ability: Bad Dreams|[of] p2a: Stall is Evil\n|upkeep\n|turn|16\n|\n|t:|1700454911\n|cant|p1a: Zacian|slp\n|move|p2a: Stall is Evil|Nightmare|p1a: Zacian\n|-start|p1a: Zacian|Nightmare\n|\n|-heal|p2a: Stall is Evil|33\/100|[from] item: Leftovers\n|-damage|p1a: Zacian|37\/100 slp|[from] Nightmare\n|-damage|p1a: Zacian|25\/100 slp|[from] ability: Bad Dreams|[of] p2a: Stall is Evil\n|upkeep\n|turn|17\n|c|\u2606NoSpultsNoBia|gg\n|\n|t:|1700454920\n|move|p2a: Stall is Evil|Protect|p2a: Stall is Evil\n|-singleturn|p2a: Stall is Evil|Protect\n|cant|p1a: Zacian|slp\n|\n|-heal|p2a: Stall is Evil|39\/100|[from] item: Leftovers\n|-damage|p1a: Zacian|0 fnt|[from] Nightmare\n|faint|p1a: Zacian\n|upkeep\n|c| gayspotter2|bg*\n|\n|t:|1700454926\n|switch|p1a: Blaziken|Blaziken-Mega, F|16\/100\n|turn|18\n|\n|t:|1700454929\n|move|p1a: Blaziken|Protect|p1a: Blaziken\n|-singleturn|p1a: Blaziken|Protect\n|move|p2a: Stall is Evil|Hypnosis|p1a: Blaziken\n|-activate|p1a: Blaziken|move: Protect\n|\n|-heal|p2a: Stall is Evil|46\/100|[from] item: Leftovers\n|-ability|p1a: Blaziken|Speed Boost|boost\n|-boost|p1a: Blaziken|spe|1\n|upkeep\n|turn|19\n|\n|t:|1700454931\n|move|p1a: Blaziken|Close Combat|p2a: Stall is Evil\n|-supereffective|p2a: Stall is Evil\n|-damage|p2a: Stall is Evil|0 fnt\n|-unboost|p1a: Blaziken|def|1\n|-unboost|p1a: Blaziken|spd|1\n|faint|p2a: Stall is Evil\n|\n|win|NoSpultsNoBia\n|raw|NoSpultsNoBia's rating: 1256 &rarr; <strong>1276<\/strong><br \/>(+20 for winning)\n|raw|momfr's rating: 1180 &rarr; <strong>1160<\/strong><br \/>(-20 for losing)\n|l|\u2606NoSpultsNoBia\n|l|\u2606momfr\n|l| gayspotter2\n|l| kung fu pokechu\n|l| Adamanzane\n|l| it's ogrepon\n|j| kung fu pokechu\n","uploadtime":1700454951,"views":3,"p1id":"nospultsnobia","p2id":"momfr","formatid":"gen9nationaldexubers","rating":1160,"private":0,"password":""}