{"id":"gen9nationaldexubers-1989306743","p1":"TRIPLE RILABOOM","p2":"Pauliepoop","format":"[Gen 9] National Dex Ubers","log":"|j|\u2606TRIPLE RILABOOM\n|j|\u2606Pauliepoop\n|t:|1699834405\n|gametype|singles\n|player|p1|TRIPLE RILABOOM|169|1309\n|player|p2|Pauliepoop|1|1311\n|teamsize|p1|6\n|teamsize|p2|6\n|gen|9\n|tier|[Gen 9] National Dex Ubers\n|rated|\n|rule|HP Percentage Mod: HP is shown in percentages\n|rule|Endless Battle Clause: Forcing endless battles is banned\n|rule|OHKO Clause: OHKO moves are banned\n|rule|Evasion Moves Clause: Evasion moves are banned\n|rule|Evasion Items Clause: Evasion items are banned\n|rule|Species Clause: Limit one of each Pok\u00e9mon\n|rule|Sleep Clause Mod: Limit one foe put to sleep\n|rule|Mega Rayquaza Clause: You cannot mega evolve Rayquaza\n|clearpoke\n|poke|p1|Zarude|\n|poke|p1|Marshadow|\n|poke|p1|Galvantula, M|\n|poke|p1|Darmanitan-Galar, F|\n|poke|p1|Gholdengo|\n|poke|p1|Xurkitree|\n|poke|p2|Kyogre|\n|poke|p2|Groudon|\n|poke|p2|Deoxys-Attack|\n|poke|p2|Zygarde|\n|poke|p2|Necrozma-Dusk-Mane|\n|poke|p2|Regieleki|\n|teampreview\n|\n|t:|1699834424\n|start\n|switch|p1a: Galvantula|Galvantula, M, shiny|100\/100\n|switch|p2a: Zygarde|Zygarde|100\/100\n|turn|1\n|\n|t:|1699834432\n|move|p1a: Galvantula|Sticky Web|p2a: Zygarde\n|-sidestart|p2: Pauliepoop|move: Sticky Web\n|move|p2a: Zygarde|Coil|p2a: Zygarde\n|-boost|p2a: Zygarde|atk|1\n|-boost|p2a: Zygarde|def|1\n|-boost|p2a: Zygarde|accuracy|1\n|\n|upkeep\n|turn|2\n|\n|t:|1699834458\n|switch|p1a: Zarude|Zarude|100\/100\n|move|p2a: Zygarde|Substitute|p2a: Zygarde\n|-start|p2a: Zygarde|Substitute\n|-damage|p2a: Zygarde|75\/100\n|\n|-heal|p2a: Zygarde|82\/100|[from] item: Leftovers\n|upkeep\n|turn|3\n|\n|t:|1699834465\n|move|p1a: Zarude|Bulk Up|p1a: Zarude\n|-boost|p1a: Zarude|atk|1\n|-boost|p1a: Zarude|def|1\n|move|p2a: Zygarde|Iron Tail|p1a: Zarude\n|-damage|p1a: Zarude|72\/100\n|\n|-heal|p1a: Zarude|78\/100|[from] item: Leftovers\n|-heal|p2a: Zygarde|88\/100|[from] item: Leftovers\n|upkeep\n|turn|4\n|\n|t:|1699834475\n|move|p1a: Zarude|Bulk Up|p1a: Zarude\n|-boost|p1a: Zarude|atk|1\n|-boost|p1a: Zarude|def|1\n|move|p2a: Zygarde|Iron Tail|p1a: Zarude\n|-damage|p1a: Zarude|55\/100\n|-unboost|p1a: Zarude|def|1\n|\n|-heal|p1a: Zarude|61\/100|[from] item: Leftovers\n|-heal|p2a: Zygarde|94\/100|[from] item: Leftovers\n|upkeep\n|turn|5\n|\n|t:|1699834485\n|move|p1a: Zarude|Bulk Up|p1a: Zarude\n|-boost|p1a: Zarude|atk|1\n|-boost|p1a: Zarude|def|1\n|move|p2a: Zygarde|Iron Tail|p1a: Zarude\n|-damage|p1a: Zarude|40\/100\n|\n|-heal|p1a: Zarude|46\/100|[from] item: Leftovers\n|-heal|p2a: Zygarde|99\/100|[from] item: Leftovers\n|upkeep\n|turn|6\n|\n|t:|1699834497\n|move|p1a: Zarude|Darkest Lariat|p2a: Zygarde\n|-end|p2a: Zygarde|Substitute\n|move|p2a: Zygarde|Iron Tail|p1a: Zarude\n|-damage|p1a: Zarude|24\/100\n|\n|-heal|p1a: Zarude|30\/100|[from] item: Leftovers\n|-heal|p2a: Zygarde|100\/100|[from] item: Leftovers\n|upkeep\n|turn|7\n|\n|t:|1699834507\n|switch|p2a: Deoxys|Deoxys-Attack|100\/100\n|-activate|p2a: Deoxys|move: Sticky Web\n|-unboost|p2a: Deoxys|spe|1\n|-ability|p2a: Deoxys|Pressure\n|move|p1a: Zarude|Jungle Healing|p1a: Zarude\n|-heal|p1a: Zarude|55\/100\n|\n|-heal|p1a: Zarude|61\/100|[from] item: Leftovers\n|upkeep\n|turn|8\n|\n|t:|1699834518\n|move|p1a: Zarude|Darkest Lariat|p2a: Deoxys\n|-supereffective|p2a: Deoxys\n|-enditem|p2a: Deoxys|Focus Sash\n|-damage|p2a: Deoxys|1\/100\n|move|p2a: Deoxys|Ice Beam|p1a: Zarude\n|-supereffective|p1a: Zarude\n|-damage|p1a: Zarude|0 fnt\n|faint|p1a: Zarude\n|\n|upkeep\n|\n|t:|1699834527\n|switch|p1a: Marshadow|Marshadow|100\/100\n|turn|9\n|\n|t:|1699834533\n|move|p1a: Marshadow|Swagger|p2a: Deoxys\n|-boost|p2a: Deoxys|atk|2\n|-enditem|p1a: Marshadow|Mirror Herb\n|-boost|p1a: Marshadow|atk|2|[from] item: Mirror Herb\n|-start|p2a: Deoxys|confusion\n|-activate|p2a: Deoxys|confusion\n|-damage|p2a: Deoxys|0 fnt|[from] confusion\n|faint|p2a: Deoxys\n|\n|upkeep\n|\n|t:|1699834545\n|switch|p2a: Zygarde|Zygarde|100\/100\n|-activate|p2a: Zygarde|move: Sticky Web\n|-unboost|p2a: Zygarde|spe|1\n|turn|10\n|\n|t:|1699834553\n|-terastallize|p1a: Marshadow|Ghost\n|move|p1a: Marshadow|Spectral Thief|p2a: Zygarde\n|-damage|p2a: Zygarde|10\/100\n|move|p2a: Zygarde|Thousand Arrows|p1a: Marshadow\n|-damage|p1a: Marshadow|49\/100\n|\n|-heal|p2a: Zygarde|16\/100|[from] item: Leftovers\n|-activate|p2a: Zygarde|ability: Power Construct\n|detailschange|p2a: Zygarde|Zygarde-Complete\n|-heal|p2a: Zygarde|45\/100|[silent]\n|upkeep\n|turn|11\n|\n|t:|1699834568\n|move|p1a: Marshadow|Spectral Thief|p2a: Zygarde\n|-damage|p2a: Zygarde|0 fnt\n|faint|p2a: Zygarde\n|\n|upkeep\n|\n|t:|1699834575\n|switch|p2a: Regieleki|Regieleki|100\/100\n|-activate|p2a: Regieleki|move: Sticky Web\n|-unboost|p2a: Regieleki|spe|1\n|turn|12\n|\n|t:|1699834587\n|move|p1a: Marshadow|Close Combat|p2a: Regieleki\n|-damage|p2a: Regieleki|0 fnt\n|-unboost|p1a: Marshadow|def|1\n|-unboost|p1a: Marshadow|spd|1\n|faint|p2a: Regieleki\n|\n|upkeep\n|-message|Pauliepoop forfeited.\n|\n|win|TRIPLE RILABOOM\n|raw|TRIPLE RILABOOM's rating: 1309 &rarr; <strong>1329<\/strong><br \/>(+20 for winning)\n|raw|Pauliepoop's rating: 1311 &rarr; <strong>1291<\/strong><br \/>(-20 for losing)\n|l|\u2606Pauliepoop\n","uploadtime":1699834602,"views":12,"p1id":"triplerilaboom","p2id":"pauliepoop","formatid":"gen9nationaldexubers","rating":1291,"private":0,"password":""}