{"id":"gen9nationaldexubers-2000373987","p1":"Loading..4565","p2":"Ewww bugs","format":"[Gen 9] National Dex Ubers","log":"|j|\u2606Loading..4565\n|j|\u2606Ewww bugs\n|t:|1701189411\n|gametype|singles\n|player|p1|Loading..4565|bellelba|1084\n|player|p2|Ewww bugs|265|1045\n|teamsize|p1|6\n|teamsize|p2|3\n|gen|9\n|tier|[Gen 9] National Dex Ubers\n|rated|\n|rule|HP Percentage Mod: HP is shown in percentages\n|rule|Endless Battle Clause: Forcing endless battles is banned\n|rule|OHKO Clause: OHKO moves are banned\n|rule|Evasion Moves Clause: Evasion moves are banned\n|rule|Evasion Items Clause: Evasion items are banned\n|rule|Species Clause: Limit one of each Pok\u00e9mon\n|rule|Sleep Clause Mod: Limit one foe put to sleep\n|rule|Mega Rayquaza Clause: You cannot mega evolve Rayquaza\n|clearpoke\n|poke|p1|Charizard, M|\n|poke|p1|Milotic, F|\n|poke|p1|Sylveon, F|\n|poke|p1|Dragonite, F|\n|poke|p1|Lycanroc-Dusk, F|\n|poke|p1|Snorlax, F|\n|poke|p2|Groudon|\n|poke|p2|Xurkitree|\n|poke|p2|Blastoise, F|\n|teampreview\n|\n|t:|1701189426\n|start\n|switch|p1a: Ash|Lycanroc-Dusk, F, shiny|100\/100\n|switch|p2a: Blastoise|Blastoise, F|100\/100\n|turn|1\n|\n|t:|1701189445\n|detailschange|p2a: Blastoise|Blastoise-Mega, F\n|-mega|p2a: Blastoise|Blastoise|Blastoisinite\n|move|p1a: Ash|Iron Head|p2a: Blastoise\n|-resisted|p2a: Blastoise\n|-damage|p2a: Blastoise|80\/100\n|-damage|p1a: Ash|91\/100|[from] item: Life Orb\n|cant|p2a: Blastoise|flinch\n|\n|upkeep\n|turn|2\n|\n|t:|1701189454\n|move|p1a: Ash|Iron Head|p2a: Blastoise\n|-resisted|p2a: Blastoise\n|-damage|p2a: Blastoise|60\/100\n|-damage|p1a: Ash|81\/100|[from] item: Life Orb\n|move|p2a: Blastoise|Shell Smash|p2a: Blastoise\n|-unboost|p2a: Blastoise|def|1\n|-unboost|p2a: Blastoise|spd|1\n|-boost|p2a: Blastoise|atk|2\n|-boost|p2a: Blastoise|spa|2\n|-boost|p2a: Blastoise|spe|2\n|\n|upkeep\n|turn|3\n|\n|t:|1701189469\n|move|p2a: Blastoise|Aqua Jet|p1a: Ash\n|-supereffective|p1a: Ash\n|-crit|p1a: Ash\n|-damage|p1a: Ash|0 fnt\n|faint|p1a: Ash\n|\n|upkeep\n|\n|t:|1701189479\n|switch|p1a: Dragonite|Dragonite, F, shiny|100\/100\n|turn|4\n|\n|t:|1701189488\n|move|p2a: Blastoise|Dragon Pulse|p1a: Dragonite\n|-supereffective|p1a: Dragonite\n|-damage|p1a: Dragonite|5\/100\n|move|p1a: Dragonite|Outrage|p2a: Blastoise\n|-damage|p2a: Blastoise|0 fnt\n|faint|p2a: Blastoise\n|\n|upkeep\n|\n|t:|1701189500\n|switch|p2a: Xurkitree|Xurkitree|100\/100\n|turn|5\n|\n|t:|1701189513\n|move|p2a: Xurkitree|Discharge|p1a: Dragonite\n|-damage|p1a: Dragonite|0 fnt\n|faint|p1a: Dragonite\n|-ability|p2a: Xurkitree|Beast Boost|boost\n|-boost|p2a: Xurkitree|spa|1\n|\n|upkeep\n|\n|t:|1701189524\n|switch|p1a: Milotic|Milotic, F, shiny|100\/100\n|turn|6\n|\n|t:|1701189532\n|move|p2a: Xurkitree|Discharge|p1a: Milotic\n|-supereffective|p1a: Milotic\n|-damage|p1a: Milotic|0 fnt\n|faint|p1a: Milotic\n|-ability|p2a: Xurkitree|Beast Boost|boost\n|-boost|p2a: Xurkitree|spa|1\n|\n|upkeep\n|\n|t:|1701189540\n|switch|p1a: Sylvie|Sylveon, F, shiny|100\/100\n|turn|7\n|\n|t:|1701189545\n|move|p2a: Xurkitree|Discharge|p1a: Sylvie\n|-crit|p1a: Sylvie\n|-damage|p1a: Sylvie|0 fnt\n|faint|p1a: Sylvie\n|-ability|p2a: Xurkitree|Beast Boost|boost\n|-boost|p2a: Xurkitree|spa|1\n|\n|upkeep\n|\n|t:|1701189552\n|switch|p1a: Limos|Snorlax, F, shiny|100\/100\n|turn|8\n|c|\u2606Ewww bugs|das crazy\n|\n|t:|1701189564\n|move|p2a: Xurkitree|Discharge|p1a: Limos\n|-damage|p1a: Limos|38\/100\n|-enditem|p1a: Limos|Figy Berry|[eat]\n|-heal|p1a: Limos|72\/100|[from] item: Figy Berry\n|move|p1a: Limos|Earthquake|p2a: Xurkitree\n|-supereffective|p2a: Xurkitree\n|-damage|p2a: Xurkitree|27\/100\n|\n|upkeep\n|turn|9\n|\n|t:|1701189576\n|move|p2a: Xurkitree|Discharge|p1a: Limos\n|-damage|p1a: Limos|4\/100\n|move|p1a: Limos|Earthquake|p2a: Xurkitree\n|-supereffective|p2a: Xurkitree\n|-damage|p2a: Xurkitree|0 fnt\n|faint|p2a: Xurkitree\n|\n|upkeep\n|\n|t:|1701189581\n|switch|p2a: Groudon|Groudon|100\/100\n|detailschange|p2a: Groudon|Groudon-Primal\n|-primal|p2a: Groudon|Red Orb\n|-weather|DesolateLand|[from] ability: Desolate Land|[of] p2a: Groudon\n|turn|10\n|\n|t:|1701189595\n|move|p2a: Groudon|Rock Polish|p2a: Groudon\n|-boost|p2a: Groudon|spe|2\n|move|p1a: Limos|Body Press|p2a: Groudon\n|-damage|p2a: Groudon|90\/100\n|\n|-weather|DesolateLand|[upkeep]\n|upkeep\n|turn|11\n|\n|t:|1701189604\n|move|p2a: Groudon|Swords Dance|p2a: Groudon\n|-boost|p2a: Groudon|atk|2\n|move|p1a: Limos|Recycle|p1a: Limos\n|-item|p1a: Limos|Figy Berry|[from] move: Recycle\n|-enditem|p1a: Limos|Figy Berry|[eat]\n|-heal|p1a: Limos|37\/100|[from] item: Figy Berry\n|\n|-weather|DesolateLand|[upkeep]\n|upkeep\n|turn|12\n|\n|t:|1701189615\n|move|p2a: Groudon|Precipice Blades|p1a: Limos\n|-damage|p1a: Limos|0 fnt\n|faint|p1a: Limos\n|\n|-weather|DesolateLand|[upkeep]\n|upkeep\n|\n|t:|1701189620\n|switch|p1a: Heaven|Charizard, M, shiny|100\/100\n|turn|13\n|\n|t:|1701189631\n|detailschange|p1a: Heaven|Charizard-Mega-Y, M, shiny\n|-mega|p1a: Heaven|Charizard|Charizardite Y\n|-ability|p1a: Heaven|Drought|[from] desolateland|[fail]\n|move|p2a: Groudon|Fire Punch|p1a: Heaven\n|-resisted|p1a: Heaven\n|-damage|p1a: Heaven|0 fnt\n|faint|p1a: Heaven\n|\n|win|Ewww bugs\n|raw|Loading..4565's rating: 1084 &rarr; <strong>1059<\/strong><br \/>(-25 for losing)\n|raw|Ewww bugs's rating: 1045 &rarr; <strong>1082<\/strong><br \/>(+37 for winning)\n|c|\u2606Ewww bugs|gg\n|l|\u2606Ewww bugs\n|j|\u2606Ewww bugs\n|player|p2|Ewww bugs|265\n","uploadtime":1701189716,"views":10,"p1id":"loading4565","p2id":"ewwwbugs","formatid":"gen9nationaldexubers","rating":1059,"private":0,"password":""}