{"id":"gen9nationaldexubers-1989271875","p1":"ToastTheDragon777","p2":"straightoutta14BC","format":"[Gen 9] National Dex Ubers","log":"|j|\u2606ToastTheDragon777\n|j|\u2606straightoutta14BC\n|inactive|Battle timer is ON: inactive players will automatically lose when time's up.\n|t:|1699830367\n|gametype|singles\n|player|p1|ToastTheDragon777|benga|\n|player|p2|straightoutta14BC|101|\n|teamsize|p1|6\n|teamsize|p2|6\n|gen|9\n|tier|[Gen 9] National Dex Ubers\n|rated|Tournament battle\n|rule|HP Percentage Mod: HP is shown in percentages\n|rule|Endless Battle Clause: Forcing endless battles is banned\n|rule|OHKO Clause: OHKO moves are banned\n|rule|Evasion Moves Clause: Evasion moves are banned\n|rule|Evasion Items Clause: Evasion items are banned\n|rule|Species Clause: Limit one of each Pok\u00e9mon\n|rule|Sleep Clause Mod: Limit one foe put to sleep\n|rule|Mega Rayquaza Clause: You cannot mega evolve Rayquaza\n|rule|Dynamax Clause: You cannot dynamax\n|rule|Terastal Clause: You cannot Terastallize\n|rule|Same Type Clause: Pok\u00e9mon in a team must share a type\n|clearpoke\n|poke|p1|Sneasler, M|\n|poke|p1|Blaziken, M|\n|poke|p1|Great Tusk|\n|poke|p1|Iron Valiant|\n|poke|p1|Kommo-o, F|\n|poke|p1|Zamazenta-*|\n|poke|p2|Klinklang|\n|poke|p2|Bronzong|\n|poke|p2|Mawile, F|\n|poke|p2|Melmetal|\n|poke|p2|Stakataka|\n|poke|p2|Ferrothorn, F|\n|teampreview\n|inactive|ToastTheDragon777 also wants the timer to be on.\n|inactive|straightoutta14BC has 120 seconds left.\n|\n|t:|1699830407\n|start\n|switch|p1a: Great Tusk|Great Tusk|100\/100\n|switch|p2a: Shenzhou|Klinklang|100\/100\n|turn|1\n|\n|t:|1699830424\n|move|p1a: Great Tusk|Close Combat|p2a: Shenzhou\n|-supereffective|p2a: Shenzhou\n|-enditem|p2a: Shenzhou|Focus Sash\n|-damage|p2a: Shenzhou|1\/100\n|-unboost|p1a: Great Tusk|def|1\n|-unboost|p1a: Great Tusk|spd|1\n|move|p2a: Shenzhou|Trick Room|p2a: Shenzhou\n|-fieldstart|move: Trick Room|[of] p2a: Shenzhou\n|\n|upkeep\n|turn|2\n|\n|t:|1699830431\n|-end|p1a: Great Tusk|Protosynthesis|[silent]\n|switch|p1a: Zamazenta|Zamazenta-Crowned|100\/100\n|-ability|p1a: Zamazenta|Dauntless Shield|boost\n|-boost|p1a: Zamazenta|def|1\n|move|p2a: Shenzhou|Steel Beam|p1a: Zamazenta\n|-resisted|p1a: Zamazenta\n|-crit|p1a: Zamazenta\n|-damage|p1a: Zamazenta|75\/100\n|-damage|p2a: Shenzhou|0 fnt|[from] steelbeam\n|faint|p2a: Shenzhou\n|\n|upkeep\n|\n|t:|1699830435\n|switch|p2a: Nova|Melmetal|100\/100\n|turn|3\n|\n|t:|1699830447\n|move|p2a: Nova|Earthquake|p1a: Zamazenta\n|-supereffective|p1a: Zamazenta\n|-crit|p1a: Zamazenta\n|-damage|p1a: Zamazenta|0 fnt\n|faint|p1a: Zamazenta\n|\n|upkeep\n|\n|t:|1699830455\n|switch|p1a: Great Tusk|Great Tusk|100\/100\n|turn|4\n|inactive|straightoutta14BC has 120 seconds left.\n|\n|t:|1699830487\n|switch|p2a: Venera|Ferrothorn, F|100\/100\n|move|p1a: Great Tusk|Close Combat|p2a: Venera\n|-supereffective|p2a: Venera\n|-damage|p2a: Venera|17\/100\n|-unboost|p1a: Great Tusk|def|1\n|-unboost|p1a: Great Tusk|spd|1\n|-damage|p1a: Great Tusk|88\/100|[from] ability: Iron Barbs|[of] p2a: Venera\n|\n|-heal|p2a: Venera|23\/100|[from] item: Leftovers\n|upkeep\n|turn|5\n|inactive|straightoutta14BC has 120 seconds left.\n|\n|t:|1699830509\n|move|p2a: Venera|Power Whip|p1a: Great Tusk\n|-supereffective|p1a: Great Tusk\n|-damage|p1a: Great Tusk|0 fnt\n|faint|p1a: Great Tusk\n|-end|p1a: Great Tusk|Protosynthesis|[silent]\n|\n|-heal|p2a: Venera|29\/100|[from] item: Leftovers\n|-fieldend|move: Trick Room\n|upkeep\n|\n|t:|1699830514\n|switch|p1a: Blaziken|Blaziken, M|100\/100\n|turn|6\n|\n|t:|1699830517\n|detailschange|p1a: Blaziken|Blaziken-Mega, M\n|-mega|p1a: Blaziken|Blaziken|Blazikenite\n|move|p1a: Blaziken|Protect|p1a: Blaziken\n|-singleturn|p1a: Blaziken|Protect\n|move|p2a: Venera|Leech Seed|p1a: Blaziken\n|-activate|p1a: Blaziken|move: Protect\n|\n|-heal|p2a: Venera|36\/100|[from] item: Leftovers\n|-ability|p1a: Blaziken|Speed Boost|boost\n|-boost|p1a: Blaziken|spe|1\n|upkeep\n|turn|7\n|\n|t:|1699830524\n|move|p1a: Blaziken|Blaze Kick|p2a: Venera\n|-supereffective|p2a: Venera\n|-damage|p2a: Venera|0 fnt\n|-damage|p1a: Blaziken|88\/100|[from] ability: Iron Barbs|[of] p2a: Venera\n|faint|p2a: Venera\n|\n|-ability|p1a: Blaziken|Speed Boost|boost\n|-boost|p1a: Blaziken|spe|1\n|upkeep\n|inactive|straightoutta14BC has 120 seconds left.\n|\n|t:|1699830541\n|switch|p2a: Echo|Bronzong|100\/100\n|turn|8\n|\n|t:|1699830560\n|move|p1a: Blaziken|Blaze Kick|p2a: Echo\n|-supereffective|p2a: Echo\n|-damage|p2a: Echo|63\/100\n|move|p2a: Echo|Trick Room|p2a: Echo\n|-fieldstart|move: Trick Room|[of] p2a: Echo\n|\n|-ability|p1a: Blaziken|Speed Boost|boost\n|-boost|p1a: Blaziken|spe|1\n|upkeep\n|turn|9\n|\n|t:|1699830571\n|switch|p2a: Valentina|Mawile, F|100\/100\n|-ability|p2a: Valentina|Intimidate|boost\n|-unboost|p1a: Blaziken|atk|1\n|move|p1a: Blaziken|Protect||[still]\n|-fail|p1a: Blaziken\n|\n|-ability|p1a: Blaziken|Speed Boost|boost\n|-boost|p1a: Blaziken|spe|1\n|upkeep\n|turn|10\n|\n|t:|1699830579\n|detailschange|p2a: Valentina|Mawile-Mega, F\n|-mega|p2a: Valentina|Mawile|Mawilite\n|move|p2a: Valentina|Play Rough|p1a: Blaziken\n|-damage|p1a: Blaziken|0 fnt\n|faint|p1a: Blaziken\n|\n|upkeep\n|\n|t:|1699830595\n|switch|p1a: Iron Valiant|Iron Valiant|100\/100\n|-enditem|p1a: Iron Valiant|Booster Energy\n|-activate|p1a: Iron Valiant|ability: Quark Drive|[fromitem]\n|-start|p1a: Iron Valiant|quarkdrivespe\n|turn|11\n|\n|t:|1699830600\n|move|p2a: Valentina|Play Rough|p1a: Iron Valiant\n|-supereffective|p1a: Iron Valiant\n|-damage|p1a: Iron Valiant|0 fnt\n|faint|p1a: Iron Valiant\n|-end|p1a: Iron Valiant|Quark Drive|[silent]\n|\n|upkeep\n|\n|t:|1699830603\n|switch|p1a: Sneasler|Sneasler, M|100\/100\n|turn|12\n|\n|t:|1699830606\n|move|p1a: Sneasler|Fake Out|p2a: Valentina\n|-enditem|p1a: Sneasler|Normal Gem|[from] gem\n|-resisted|p2a: Valentina\n|-damage|p2a: Valentina|91\/100\n|cant|p2a: Valentina|flinch\n|\n|-fieldend|move: Trick Room\n|upkeep\n|turn|13\n|\n|t:|1699830613\n|switch|p2a: ISS|Stakataka|100\/100\n|move|p1a: Sneasler|Close Combat|p2a: ISS\n|-supereffective|p2a: ISS\n|-damage|p2a: ISS|0 fnt\n|-unboost|p1a: Sneasler|def|1\n|-unboost|p1a: Sneasler|spd|1\n|faint|p2a: ISS\n|\n|upkeep\n|\n|t:|1699830619\n|switch|p2a: Echo|Bronzong|63\/100\n|turn|14\n|\n|t:|1699830624\n|move|p1a: Sneasler|Night Slash|p2a: Echo\n|-supereffective|p2a: Echo\n|-damage|p2a: Echo|19\/100\n|move|p2a: Echo|Trick Room|p2a: Echo\n|-fieldstart|move: Trick Room|[of] p2a: Echo\n|\n|upkeep\n|turn|15\n|\n|t:|1699830633\n|switch|p2a: Valentina|Mawile-Mega, F|91\/100\n|move|p1a: Sneasler|Night Slash|p2a: Valentina\n|-resisted|p2a: Valentina\n|-damage|p2a: Valentina|79\/100\n|\n|upkeep\n|turn|16\n|\n|t:|1699830637\n|move|p2a: Valentina|Play Rough|p1a: Sneasler\n|-damage|p1a: Sneasler|0 fnt\n|faint|p1a: Sneasler\n|\n|upkeep\n|\n|t:|1699830639\n|switch|p1a: Kommo-o|Kommo-o, F|100\/100\n|turn|17\n|\n|t:|1699830642\n|move|p2a: Valentina|Play Rough|p1a: Kommo-o\n|-supereffective|p1a: Kommo-o\n|-damage|p1a: Kommo-o|0 fnt\n|faint|p1a: Kommo-o\n|\n|win|straightoutta14BC\n|n|\u2606ToastTheDragon777|toastthedragon777\n|n|\u2606straightoutta14BC|straightoutta14bc\n|l|\u2606ToastTheDragon777\n","uploadtime":1699830649,"views":5,"p1id":"toastthedragon777","p2id":"straightoutta14bc","formatid":"gen9nationaldexubers","rating":0,"private":0,"password":""}