{"id":"gen9nationaldexubers-1993982325","p1":"vptwarrior","p2":"ENEPENE","format":"[Gen 9] National Dex Ubers","log":"|j|\u2606vptwarrior\n|j|\u2606ENEPENE\n|t:|1700387765\n|gametype|singles\n|player|p1|vptwarrior|swimmer|1045\n|player|p2|ENEPENE|hilda|1009\n|teamsize|p1|6\n|teamsize|p2|6\n|gen|9\n|tier|[Gen 9] National Dex Ubers\n|rated|\n|rule|HP Percentage Mod: HP is shown in percentages\n|rule|Endless Battle Clause: Forcing endless battles is banned\n|rule|OHKO Clause: OHKO moves are banned\n|rule|Evasion Moves Clause: Evasion moves are banned\n|rule|Evasion Items Clause: Evasion items are banned\n|rule|Species Clause: Limit one of each Pok\u00e9mon\n|rule|Sleep Clause Mod: Limit one foe put to sleep\n|rule|Mega Rayquaza Clause: You cannot mega evolve Rayquaza\n|clearpoke\n|poke|p1|Lokix, M|\n|poke|p1|Goodra, M|\n|poke|p1|Ceruledge, M|\n|poke|p1|Kilowattrel, M|\n|poke|p1|Orthworm, M|\n|poke|p1|Pawmot, M|\n|poke|p2|Pikachu-Kalos, M|\n|poke|p2|Greninja-*, M|\n|poke|p2|Talonflame, F|\n|poke|p2|Noivern, F|\n|poke|p2|Goodra, F|\n|poke|p2|Hawlucha, F|\n|teampreview\n|\n|t:|1700387773\n|start\n|switch|p1a: Playmobile|Orthworm, M|100\/100\n|switch|p2a: Hawlucha|Hawlucha, F|100\/100\n|turn|1\n|\n|t:|1700387788\n|-terastallize|p2a: Hawlucha|Fighting\n|move|p2a: Hawlucha|Cross Chop|p1a: Playmobile\n|-supereffective|p1a: Playmobile\n|-damage|p1a: Playmobile|15\/100\n|move|p1a: Playmobile|Iron Head|p2a: Hawlucha\n|-damage|p2a: Hawlucha|65\/100\n|\n|-heal|p1a: Playmobile|21\/100|[from] item: Leftovers\n|upkeep\n|turn|2\n|\n|t:|1700387796\n|move|p2a: Hawlucha|Cross Chop|p1a: Playmobile\n|-supereffective|p1a: Playmobile\n|-damage|p1a: Playmobile|0 fnt\n|faint|p1a: Playmobile\n|\n|upkeep\n|\n|t:|1700387798\n|switch|p1a: Windcharger|Kilowattrel, M|100\/100\n|turn|3\n|\n|t:|1700387806\n|move|p1a: Windcharger|Air Slash|p2a: Hawlucha\n|-supereffective|p2a: Hawlucha\n|-damage|p2a: Hawlucha|0 fnt\n|faint|p2a: Hawlucha\n|\n|upkeep\n|\n|t:|1700387818\n|switch|p2a: Goodra|Goodra, F|100\/100\n|turn|4\n|\n|t:|1700387829\n|switch|p1a: Slorp|Goodra, M|100\/100\n|move|p2a: Goodra|Acid Armor|p2a: Goodra\n|-boost|p2a: Goodra|def|2\n|\n|upkeep\n|turn|5\n|inactive|Battle timer is ON: inactive players will automatically lose when time's up. (requested by ENEPENE)\n|\n|t:|1700387835\n|move|p1a: Slorp|Dragon Pulse|p2a: Goodra\n|-supereffective|p2a: Goodra\n|-damage|p2a: Goodra|44\/100\n|move|p2a: Goodra|Ice Beam|p1a: Slorp\n|-supereffective|p1a: Slorp\n|-damage|p1a: Slorp|69\/100\n|\n|upkeep\n|turn|6\n|\n|t:|1700387842\n|move|p1a: Slorp|Dragon Pulse|p2a: Goodra\n|-supereffective|p2a: Goodra\n|-damage|p2a: Goodra|0 fnt\n|faint|p2a: Goodra\n|\n|upkeep\n|\n|t:|1700387850\n|switch|p2a: Greninja|Greninja, M|100\/100\n|turn|7\n|\n|t:|1700387854\n|move|p2a: Greninja|Ice Beam|p1a: Slorp\n|-supereffective|p1a: Slorp\n|-damage|p1a: Slorp|37\/100\n|-enditem|p1a: Slorp|Sitrus Berry|[eat]\n|-heal|p1a: Slorp|62\/100|[from] item: Sitrus Berry\n|move|p1a: Slorp|Flamethrower|p2a: Greninja\n|-resisted|p2a: Greninja\n|-damage|p2a: Greninja|81\/100\n|\n|upkeep\n|turn|8\n|\n|t:|1700387863\n|move|p2a: Greninja|Ice Beam|p1a: Slorp\n|-supereffective|p1a: Slorp\n|-damage|p1a: Slorp|32\/100\n|move|p1a: Slorp|Dragon Pulse|p2a: Greninja\n|-damage|p2a: Greninja|18\/100\n|\n|upkeep\n|turn|9\n|\n|t:|1700387869\n|move|p2a: Greninja|Ice Beam|p1a: Slorp\n|-supereffective|p1a: Slorp\n|-damage|p1a: Slorp|2\/100\n|-status|p1a: Slorp|frz\n|cant|p1a: Slorp|frz\n|\n|upkeep\n|turn|10\n|\n|t:|1700387876\n|move|p2a: Greninja|Water Shuriken|p1a: Slorp\n|-resisted|p1a: Slorp\n|-damage|p1a: Slorp|0 fnt\n|faint|p1a: Slorp\n|-ability|p2a: Greninja|Battle Bond|boost\n|-boost|p2a: Greninja|atk|1\n|-boost|p2a: Greninja|spa|1\n|-boost|p2a: Greninja|spe|1\n|-activate|p2a: Greninja|ability: Battle Bond\n|-hitcount|p1: Slorp|1\n|\n|upkeep\n|\n|t:|1700387879\n|switch|p1a: Dark Rider|Lokix, M|100\/100\n|turn|11\n|\n|t:|1700387888\n|move|p1a: Dark Rider|First Impression|p2a: Greninja\n|-supereffective|p2a: Greninja\n|-damage|p2a: Greninja|0 fnt\n|faint|p2a: Greninja\n|\n|upkeep\n|\n|t:|1700387894\n|switch|p2a: Pikachu|Pikachu-Kalos, M|100\/100\n|turn|12\n|\n|t:|1700387901\n|move|p1a: Dark Rider|Knock Off|p2a: Pikachu\n|-damage|p2a: Pikachu|7\/100\n|move|p2a: Pikachu|Nuzzle|p1a: Dark Rider\n|-damage|p1a: Dark Rider|92\/100\n|-status|p1a: Dark Rider|par\n|\n|-heal|p1a: Dark Rider|98\/100 par|[from] item: Leftovers\n|upkeep\n|turn|13\n|\n|t:|1700387911\n|switch|p1a: Bop-It|Pawmot, M|100\/100\n|-zpower|p2a: Pikachu\n|move|p2a: Pikachu|10,000,000 Volt Thunderbolt|p1a: Bop-It|[zeffect]\n|-resisted|p1a: Bop-It\n|-crit|p1a: Bop-It\n|-damage|p1a: Bop-It|20\/100\n|\n|-heal|p1a: Bop-It|26\/100|[from] item: Leftovers\n|upkeep\n|turn|14\n|-message|ENEPENE forfeited.\n|\n|win|vptwarrior\n|raw|vptwarrior's rating: 1045 &rarr; <strong>1075<\/strong><br \/>(+30 for winning)\n|raw|ENEPENE's rating: 1009 &rarr; <strong>1000<\/strong><br \/>(-9 for losing)\n|l|\u2606ENEPENE\n","uploadtime":1700387929,"views":6,"p1id":"vptwarrior","p2id":"enepene","formatid":"gen9nationaldexubers","rating":1000,"private":0,"password":""}