{"id":"gen9nationaldexubers-1994653425","p1":"XX_1nfinity_XX","p2":"Ginesect","format":"[Gen 9] National Dex Ubers","log":"|j|\u2606XX_1nfinity_XX\n|j|\u2606Ginesect\n|t:|1700476000\n|gametype|singles\n|player|p1|XX_1nfinity_XX|steven|\n|player|p2|Ginesect|cynthia|\n|teamsize|p1|6\n|teamsize|p2|6\n|gen|9\n|tier|[Gen 9] National Dex Ubers\n|rule|HP Percentage Mod: HP is shown in percentages\n|rule|Endless Battle Clause: Forcing endless battles is banned\n|rule|OHKO Clause: OHKO moves are banned\n|rule|Evasion Moves Clause: Evasion moves are banned\n|rule|Evasion Items Clause: Evasion items are banned\n|rule|Species Clause: Limit one of each Pok\u00e9mon\n|rule|Sleep Clause Mod: Limit one foe put to sleep\n|rule|Mega Rayquaza Clause: You cannot mega evolve Rayquaza\n|clearpoke\n|poke|p1|Aron, F|\n|poke|p1|Riolu, M|\n|poke|p1|Wooper, M|\n|poke|p1|Cottonee, M|\n|poke|p1|Pikachu, F|\n|poke|p1|Linoone, M|\n|poke|p2|Ninetales-Alola, M|\n|poke|p2|Baxcalibur, M|\n|poke|p2|Iron Bundle|\n|poke|p2|Weavile, F|\n|poke|p2|Arctozolt|\n|poke|p2|Moltres|\n|teampreview\n|inactive|Battle timer is ON: inactive players will automatically lose when time's up. (requested by XX_1nfinity_XX)\n|c|\u2606XX_1nfinity_XX|glhf\n|\n|t:|1700476016\n|start\n|switch|p1a: Aron|Aron, F|100\/100\n|switch|p2a: Baxcalibur|Baxcalibur, M|100\/100\n|turn|1\n|\n|t:|1700476022\n|move|p2a: Baxcalibur|Swords Dance|p2a: Baxcalibur\n|-boost|p2a: Baxcalibur|atk|2\n|move|p1a: Aron|Roar|p2a: Baxcalibur\n|drag|p2a: Iron Bundle|Iron Bundle|100\/100\n|\n|upkeep\n|turn|2\n|c|\u2606Ginesect|Wow\n|c|\u2606Ginesect|Cool\n|c|\u2606XX_1nfinity_XX|predicted\n|c|\u2606XX_1nfinity_XX|:]\n|\n|t:|1700476048\n|move|p2a: Iron Bundle|U-turn|p1a: Aron\n|-resisted|p1a: Aron\n|-damage|p1a: Aron|95\/100\n|\n|t:|1700476050\n|-end|p2a: Iron Bundle|Quark Drive|[silent]\n|switch|p2a: Baxcalibur|Baxcalibur, M|100\/100|[from] U-turn\n|move|p1a: Aron|Stealth Rock|p2a: Baxcalibur\n|-sidestart|p2: Ginesect|move: Stealth Rock\n|\n|upkeep\n|turn|3\n|\n|t:|1700476058\n|move|p2a: Baxcalibur|Icicle Spear|p1a: Aron\n|-resisted|p1a: Aron\n|-damage|p1a: Aron|89\/100\n|-resisted|p1a: Aron\n|-damage|p1a: Aron|84\/100\n|-resisted|p1a: Aron\n|-damage|p1a: Aron|78\/100\n|-resisted|p1a: Aron\n|-damage|p1a: Aron|73\/100\n|-hitcount|p1a: Aron|4\n|move|p1a: Aron|Roar|p2a: Baxcalibur\n|drag|p2a: Ninetales|Ninetales-Alola, M|100\/100\n|-damage|p2a: Ninetales|76\/100|[from] Stealth Rock\n|-weather|Snow|[from] ability: Snow Warning|[of] p2a: Ninetales\n|\n|-weather|Snow|[upkeep]\n|upkeep\n|turn|4\n|\n|t:|1700476068\n|move|p2a: Ninetales|Blizzard|p1a: Aron\n|-resisted|p1a: Aron\n|-damage|p1a: Aron|26\/100\n|move|p1a: Aron|Metal Burst|p2a: Ninetales\n|-damage|p2a: Ninetales|2\/100\n|\n|-weather|Snow|[upkeep]\n|upkeep\n|turn|5\n|\n|t:|1700476074\n|move|p2a: Ninetales|Blizzard|p1a: Aron\n|-resisted|p1a: Aron\n|-damage|p1a: Aron|0 fnt\n|faint|p1a: Aron\n|\n|-weather|Snow|[upkeep]\n|upkeep\n|\n|t:|1700476081\n|switch|p1a: Riolu|Riolu, M|100\/100\n|turn|6\n|c|\u2606Ginesect|You think\n|c|\u2606Ginesect|This gimmick gonna work\n|c|\u2606XX_1nfinity_XX|i think what\n|\n|t:|1700476090\n|move|p1a: Riolu|Bullet Punch|p2a: Ninetales\n|-supereffective|p2a: Ninetales\n|-damage|p2a: Ninetales|0 fnt\n|faint|p2a: Ninetales\n|\n|-weather|Snow|[upkeep]\n|upkeep\n|\n|t:|1700476094\n|switch|p2a: Moltres|Moltres|100\/100\n|turn|7\n|\n|t:|1700476102\n|switch|p1a: Pikachu|Pikachu, F|100\/100\n|move|p2a: Moltres|Defog|p1a: Pikachu\n|-unboost|p1a: Pikachu|evasion|1\n|-sideend|p2: Ginesect|Stealth Rock|[from] move: Defog|[of] p2a: Moltres\n|\n|-weather|none\n|upkeep\n|turn|8\n|\n|t:|1700476118\n|switch|p2a: Arctozolt|Arctozolt|100\/100\n|move|p1a: Pikachu|Volt Switch|p2a: Arctozolt\n|-resisted|p2a: Arctozolt\n|-damage|p2a: Arctozolt|83\/100\n|\n|t:|1700476136\n|switch|p1a: Linoone|Linoone, M|100\/100|[from] Volt Switch\n|\n|upkeep\n|turn|9\n|\n|t:|1700476143\n|switch|p1a: Pikachu|Pikachu, F|100\/100\n|move|p2a: Arctozolt|Low Kick|p1a: Pikachu\n|-damage|p1a: Pikachu|69\/100\n|\n|upkeep\n|turn|10\n|\n|t:|1700476149\n|switch|p2a: Baxcalibur|Baxcalibur, M|100\/100\n|move|p1a: Pikachu|Fake Out|p2a: Baxcalibur\n|-damage|p2a: Baxcalibur|83\/100\n|\n|upkeep\n|turn|11\n|\n|t:|1700476153\n|move|p1a: Pikachu|Extreme Speed|p2a: Baxcalibur\n|-damage|p2a: Baxcalibur|49\/100\n|move|p2a: Baxcalibur|Scale Shot|p1a: Pikachu\n|-damage|p1a: Pikachu|13\/100\n|-damage|p1a: Pikachu|0 fnt\n|faint|p1a: Pikachu\n|-hitcount|p1: Pikachu|2\n|-unboost|p2a: Baxcalibur|def|1\n|-boost|p2a: Baxcalibur|spe|1\n|\n|upkeep\n|\n|t:|1700476158\n|switch|p1a: Linoone|Linoone, M|100\/100\n|turn|12\n|\n|t:|1700476165\n|switch|p2a: Moltres|Moltres|100\/100\n|move|p1a: Linoone|Extreme Speed|p2a: Moltres\n|-damage|p2a: Moltres|77\/100\n|-status|p1a: Linoone|brn|[from] ability: Flame Body|[of] p2a: Moltres\n|\n|-damage|p1a: Linoone|94\/100 brn|[from] brn\n|upkeep\n|turn|13\n|c|\u2606Ginesect|Lol\n|c|\u2606XX_1nfinity_XX|sad\n|\n|t:|1700476172\n|move|p1a: Linoone|Belly Drum|p1a: Linoone\n|-damage|p1a: Linoone|44\/100 brn\n|-setboost|p1a: Linoone|atk|6|[from] move: Belly Drum\n|-enditem|p1a: Linoone|Salac Berry|[eat]\n|-boost|p1a: Linoone|spe|1|[from] item: Salac Berry\n|move|p2a: Moltres|Hurricane|p1a: Linoone\n|-damage|p1a: Linoone|0 fnt\n|faint|p1a: Linoone\n|\n|upkeep\n|\n|t:|1700476181\n|switch|p1a: Cottonee|Cottonee, M|100\/100\n|turn|14\n|c|\u2606XX_1nfinity_XX|miss\n|\n|t:|1700476188\n|move|p1a: Cottonee|Substitute|p1a: Cottonee\n|-start|p1a: Cottonee|Substitute\n|-damage|p1a: Cottonee|76\/100\n|move|p2a: Moltres|Hurricane|p1a: Cottonee\n|-supereffective|p1a: Cottonee\n|-end|p1a: Cottonee|Substitute\n|\n|-heal|p1a: Cottonee|81\/100|[from] item: Leftovers\n|upkeep\n|turn|15\n|\n|t:|1700476191\n|move|p1a: Cottonee|Substitute|p1a: Cottonee\n|-start|p1a: Cottonee|Substitute\n|-damage|p1a: Cottonee|57\/100\n|move|p2a: Moltres|Fire Blast|p1a: Cottonee\n|-supereffective|p1a: Cottonee\n|-end|p1a: Cottonee|Substitute\n|\n|-heal|p1a: Cottonee|62\/100|[from] item: Leftovers\n|upkeep\n|turn|16\n|c|\u2606XX_1nfinity_XX|miss\n|\n|t:|1700476196\n|move|p1a: Cottonee|Substitute|p1a: Cottonee\n|-start|p1a: Cottonee|Substitute\n|-damage|p1a: Cottonee|38\/100\n|move|p2a: Moltres|Fire Blast|p1a: Cottonee\n|-supereffective|p1a: Cottonee\n|-end|p1a: Cottonee|Substitute\n|\n|-heal|p1a: Cottonee|43\/100|[from] item: Leftovers\n|upkeep\n|turn|17\n|c|\u2606XX_1nfinity_XX|miss\n|\n|t:|1700476200\n|move|p1a: Cottonee|Substitute|p1a: Cottonee\n|-start|p1a: Cottonee|Substitute\n|-damage|p1a: Cottonee|19\/100\n|move|p2a: Moltres|Fire Blast|p1a: Cottonee\n|-supereffective|p1a: Cottonee\n|-end|p1a: Cottonee|Substitute\n|\n|-heal|p1a: Cottonee|24\/100|[from] item: Leftovers\n|upkeep\n|turn|18\n|c|\u2606Ginesect|Nuh uh\n|\n|t:|1700476205\n|move|p1a: Cottonee|Protect|p1a: Cottonee\n|-singleturn|p1a: Cottonee|Protect\n|move|p2a: Moltres|Fire Blast|p1a: Cottonee\n|-activate|p1a: Cottonee|move: Protect\n|\n|-heal|p1a: Cottonee|30\/100|[from] item: Leftovers\n|upkeep\n|turn|19\n|\n|t:|1700476208\n|move|p1a: Cottonee|Substitute|p1a: Cottonee\n|-start|p1a: Cottonee|Substitute\n|-damage|p1a: Cottonee|5\/100\n|move|p2a: Moltres|Fire Blast|p1a: Cottonee\n|-supereffective|p1a: Cottonee\n|-end|p1a: Cottonee|Substitute\n|\n|-heal|p1a: Cottonee|11\/100|[from] item: Leftovers\n|upkeep\n|turn|20\n|\n|t:|1700476211\n|move|p1a: Cottonee|Protect|p1a: Cottonee\n|-singleturn|p1a: Cottonee|Protect\n|move|p2a: Moltres|Fire Blast|p1a: Cottonee\n|-activate|p1a: Cottonee|move: Protect\n|\n|-heal|p1a: Cottonee|17\/100|[from] item: Leftovers\n|upkeep\n|turn|21\n|\n|t:|1700476213\n|move|p1a: Cottonee|Leech Seed|p2a: Moltres\n|-start|p2a: Moltres|move: Leech Seed\n|move|p2a: Moltres|Fire Blast|p1a: Cottonee|[miss]\n|-miss|p2a: Moltres|p1a: Cottonee\n|\n|-heal|p1a: Cottonee|23\/100|[from] item: Leftovers\n|-damage|p2a: Moltres|64\/100|[from] Leech Seed|[of] p1a: Cottonee\n|-heal|p1a: Cottonee|45\/100|[silent]\n|upkeep\n|turn|22\n|\n|t:|1700476217\n|move|p1a: Cottonee|Protect|p1a: Cottonee\n|-singleturn|p1a: Cottonee|Protect\n|move|p2a: Moltres|Fire Blast|p1a: Cottonee\n|-activate|p1a: Cottonee|move: Protect\n|\n|-heal|p1a: Cottonee|51\/100|[from] item: Leftovers\n|-damage|p2a: Moltres|52\/100|[from] Leech Seed|[of] p1a: Cottonee\n|-heal|p1a: Cottonee|72\/100|[silent]\n|upkeep\n|turn|23\n|c|\u2606Ginesect|Tf\n|c|\u2606XX_1nfinity_XX|HEHE\n|c|\u2606Ginesect|Ok\n|\n|t:|1700476232\n|move|p1a: Cottonee|Substitute|p1a: Cottonee\n|-start|p1a: Cottonee|Substitute\n|-damage|p1a: Cottonee|48\/100\n|move|p2a: Moltres|Roost|p2a: Moltres\n|-heal|p2a: Moltres|100\/100\n|-singleturn|p2a: Moltres|move: Roost\n|\n|-heal|p1a: Cottonee|53\/100|[from] item: Leftovers\n|-damage|p2a: Moltres|88\/100|[from] Leech Seed|[of] p1a: Cottonee\n|-heal|p1a: Cottonee|75\/100|[silent]\n|upkeep\n|turn|24\n|\n|t:|1700476238\n|move|p1a: Cottonee|Protect|p1a: Cottonee\n|-singleturn|p1a: Cottonee|Protect\n|move|p2a: Moltres|Hurricane|p1a: Cottonee\n|-activate|p1a: Cottonee|move: Protect\n|\n|-heal|p1a: Cottonee|81\/100|[from] item: Leftovers\n|-damage|p2a: Moltres|75\/100|[from] Leech Seed|[of] p1a: Cottonee\n|-heal|p1a: Cottonee|100\/100|[silent]\n|upkeep\n|turn|25\n|\n|t:|1700476241\n|move|p1a: Cottonee|Leech Seed||[still]\n|-fail|p1a: Cottonee\n|move|p2a: Moltres|Hurricane|p1a: Cottonee\n|-supereffective|p1a: Cottonee\n|-end|p1a: Cottonee|Substitute\n|\n|-damage|p2a: Moltres|63\/100|[from] Leech Seed|[of] p1a: Cottonee\n|upkeep\n|turn|26\n|\n|t:|1700476244\n|move|p1a: Cottonee|Substitute|p1a: Cottonee\n|-start|p1a: Cottonee|Substitute\n|-damage|p1a: Cottonee|76\/100\n|move|p2a: Moltres|Hurricane|p1a: Cottonee|[miss]\n|-miss|p2a: Moltres|p1a: Cottonee\n|\n|-heal|p1a: Cottonee|81\/100|[from] item: Leftovers\n|-damage|p2a: Moltres|50\/100|[from] Leech Seed|[of] p1a: Cottonee\n|-heal|p1a: Cottonee|100\/100|[silent]\n|upkeep\n|turn|27\n|c|\u2606Ginesect|Kill me\n|c|\u2606XX_1nfinity_XX|do not roost\n|\n|t:|1700476258\n|move|p1a: Cottonee|Leech Seed||[still]\n|-fail|p1a: Cottonee\n|move|p2a: Moltres|Hurricane|p1a: Cottonee\n|-supereffective|p1a: Cottonee\n|-end|p1a: Cottonee|Substitute\n|\n|-damage|p2a: Moltres|38\/100|[from] Leech Seed|[of] p1a: Cottonee\n|upkeep\n|turn|28\n|c|\u2606Ginesect|Ok\n|\n|t:|1700476262\n|move|p1a: Cottonee|Substitute|p1a: Cottonee\n|-start|p1a: Cottonee|Substitute\n|-damage|p1a: Cottonee|76\/100\n|move|p2a: Moltres|Roost|p2a: Moltres\n|-heal|p2a: Moltres|88\/100\n|-singleturn|p2a: Moltres|move: Roost\n|\n|-heal|p1a: Cottonee|81\/100|[from] item: Leftovers\n|-damage|p2a: Moltres|75\/100|[from] Leech Seed|[of] p1a: Cottonee\n|-heal|p1a: Cottonee|100\/100|[silent]\n|upkeep\n|turn|29\n|\n|t:|1700476266\n|move|p1a: Cottonee|Leech Seed||[still]\n|-fail|p1a: Cottonee\n|move|p2a: Moltres|Hurricane|p1a: Cottonee\n|-supereffective|p1a: Cottonee\n|-end|p1a: Cottonee|Substitute\n|\n|-damage|p2a: Moltres|63\/100|[from] Leech Seed|[of] p1a: Cottonee\n|upkeep\n|turn|30\n|\n|t:|1700476269\n|move|p1a: Cottonee|Substitute|p1a: Cottonee\n|-start|p1a: Cottonee|Substitute\n|-damage|p1a: Cottonee|76\/100\n|move|p2a: Moltres|Hurricane|p1a: Cottonee\n|-supereffective|p1a: Cottonee\n|-end|p1a: Cottonee|Substitute\n|\n|-heal|p1a: Cottonee|81\/100|[from] item: Leftovers\n|-damage|p2a: Moltres|50\/100|[from] Leech Seed|[of] p1a: Cottonee\n|-heal|p1a: Cottonee|100\/100|[silent]\n|upkeep\n|turn|31\n|\n|t:|1700476272\n|move|p1a: Cottonee|Protect|p1a: Cottonee\n|-singleturn|p1a: Cottonee|Protect\n|move|p2a: Moltres|Hurricane|p1a: Cottonee\n|-activate|p1a: Cottonee|move: Protect\n|\n|-damage|p2a: Moltres|38\/100|[from] Leech Seed|[of] p1a: Cottonee\n|upkeep\n|turn|32\n|\n|t:|1700476274\n|move|p1a: Cottonee|Substitute|p1a: Cottonee\n|-start|p1a: Cottonee|Substitute\n|-damage|p1a: Cottonee|76\/100\n|move|p2a: Moltres|Hurricane|p1a: Cottonee\n|-supereffective|p1a: Cottonee\n|-end|p1a: Cottonee|Substitute\n|\n|-heal|p1a: Cottonee|81\/100|[from] item: Leftovers\n|-damage|p2a: Moltres|25\/100|[from] Leech Seed|[of] p1a: Cottonee\n|-heal|p1a: Cottonee|100\/100|[silent]\n|upkeep\n|turn|33\n|c|\u2606XX_1nfinity_XX|its funny how much recovery it gets\n|\n|t:|1700476285\n|move|p1a: Cottonee|Substitute|p1a: Cottonee\n|-start|p1a: Cottonee|Substitute\n|-damage|p1a: Cottonee|76\/100\n|move|p2a: Moltres|Defog||[still]\n|-fail|p2a: Moltres\n|\n|-heal|p1a: Cottonee|81\/100|[from] item: Leftovers\n|-damage|p2a: Moltres|13\/100|[from] Leech Seed|[of] p1a: Cottonee\n|-heal|p1a: Cottonee|100\/100|[silent]\n|upkeep\n|turn|34\n|\n|t:|1700476298\n|move|p1a: Cottonee|Defog|p2a: Moltres\n|-unboost|p2a: Moltres|evasion|1\n|move|p2a: Moltres|Hurricane|p1a: Cottonee\n|-supereffective|p1a: Cottonee\n|-end|p1a: Cottonee|Substitute\n|\n|-damage|p2a: Moltres|0 fnt|[from] Leech Seed|[of] p1a: Cottonee\n|faint|p2a: Moltres\n|upkeep\n|\n|t:|1700476305\n|switch|p2a: Baxcalibur|Baxcalibur, M|49\/100\n|turn|35\n|\n|t:|1700476308\n|move|p1a: Cottonee|Leech Seed|p2a: Baxcalibur\n|-start|p2a: Baxcalibur|move: Leech Seed\n|move|p2a: Baxcalibur|Icicle Spear|p1a: Cottonee\n|-supereffective|p1a: Cottonee\n|-damage|p1a: Cottonee|59\/100\n|-supereffective|p1a: Cottonee\n|-damage|p1a: Cottonee|12\/100\n|-supereffective|p1a: Cottonee\n|-damage|p1a: Cottonee|0 fnt\n|faint|p1a: Cottonee\n|-hitcount|p1: Cottonee|3\n|\n|upkeep\n|\n|t:|1700476311\n|switch|p1a: Wooper|Wooper, M|100\/100\n|turn|36\n|c|\u2606Ginesect|gg\n|c|\u2606XX_1nfinity_XX|nuh uh\n|\n|t:|1700476318\n|move|p2a: Baxcalibur|Scale Shot|p1a: Wooper\n|-damage|p1a: Wooper|88\/100\n|-damage|p1a: Wooper|74\/100\n|-damage|p1a: Wooper|63\/100\n|-damage|p1a: Wooper|51\/100\n|-damage|p1a: Wooper|39\/100\n|-hitcount|p1a: Wooper|5\n|-unboost|p2a: Baxcalibur|def|1\n|-boost|p2a: Baxcalibur|spe|1\n|move|p1a: Wooper|Yawn|p2a: Baxcalibur\n|-start|p2a: Baxcalibur|move: Yawn|[of] p1a: Wooper\n|\n|-damage|p2a: Baxcalibur|36\/100|[from] Leech Seed|[of] p1a: Wooper\n|-heal|p1a: Wooper|54\/100|[silent]\n|upkeep\n|turn|37\n|\n|t:|1700476327\n|switch|p2a: Weavile|Weavile, F|100\/100\n|-ability|p2a: Weavile|Pressure\n|move|p1a: Wooper|Recover|p1a: Wooper\n|-heal|p1a: Wooper|100\/100\n|\n|upkeep\n|turn|38\n|\n|t:|1700476330\n|move|p2a: Weavile|Swords Dance|p2a: Weavile\n|-boost|p2a: Weavile|atk|2\n|move|p1a: Wooper|Stealth Rock|p2a: Weavile\n|-sidestart|p2: Ginesect|move: Stealth Rock\n|\n|upkeep\n|turn|39\n|\n|t:|1700476336\n|-terastallize|p2a: Weavile|Dark\n|move|p2a: Weavile|Knock Off|p1a: Wooper\n|-damage|p1a: Wooper|45\/100\n|-enditem|p1a: Wooper|Eviolite|[from] move: Knock Off|[of] p2a: Weavile\n|move|p1a: Wooper|Yawn|p2a: Weavile\n|-start|p2a: Weavile|move: Yawn|[of] p1a: Wooper\n|\n|upkeep\n|turn|40\n|c|\u2606Ginesect|Damn\n|\n|t:|1700476342\n|move|p2a: Weavile|Knock Off|p1a: Wooper\n|-damage|p1a: Wooper|0 fnt\n|faint|p1a: Wooper\n|\n|-end|p2a: Weavile|move: Yawn|[silent]\n|-status|p2a: Weavile|slp\n|upkeep\n|\n|t:|1700476346\n|switch|p1a: Riolu|Riolu, M|100\/100\n|turn|41\n|\n|t:|1700476349\n|cant|p2a: Weavile|slp\n|move|p1a: Riolu|Roar|p2a: Weavile\n|-hint|Since gen 7, Dark is immune to Prankster moves.\n|-immune|p2a: Weavile\n|\n|upkeep\n|turn|42\n|\n|t:|1700476354\n|move|p1a: Riolu|Bullet Punch|p2a: Weavile\n|-damage|p2a: Weavile|88\/100 slp\n|cant|p2a: Weavile|slp\n|\n|upkeep\n|turn|43\n|c|\u2606XX_1nfinity_XX|ggs\n|\n|t:|1700476374\n|cant|p2a: Weavile|slp\n|move|p1a: Riolu|Counter||[still]\n|-fail|p1a: Riolu\n|\n|upkeep\n|turn|44\n|\n|t:|1700476377\n|-curestatus|p2a: Weavile|slp|[msg]\n|move|p2a: Weavile|Ice Spinner|p1a: Riolu\n|-enditem|p1a: Riolu|Focus Sash\n|-damage|p1a: Riolu|1\/100\n|move|p1a: Riolu|Counter|p2a: Weavile\n|-damage|p2a: Weavile|0 fnt\n|faint|p2a: Weavile\n|\n|upkeep\n|\n|t:|1700476385\n|switch|p2a: Iron Bundle|Iron Bundle|100\/100\n|turn|45\n|\n|t:|1700476389\n|move|p1a: Riolu|Bullet Punch|p2a: Iron Bundle\n|-damage|p2a: Iron Bundle|92\/100\n|move|p2a: Iron Bundle|Ice Beam|p1a: Riolu\n|-damage|p1a: Riolu|0 fnt\n|faint|p1a: Riolu\n|\n|win|Ginesect\n","uploadtime":1700476394,"views":4,"p1id":"xx1nfinityxx","p2id":"ginesect","formatid":"gen9nationaldexubers","rating":0,"private":0,"password":""}