{"id":"gen9nationaldexubers-1987614038","p1":"hanagakiUBD","p2":"Gatita golosa 123","format":"[Gen 9] National Dex Ubers","log":"|j|\u2606hanagakiUBD\n|j|\u2606Gatita golosa 123\n|t:|1699619732\n|gametype|singles\n|player|p1|hanagakiUBD|iris-gen5bw2|\n|player|p2|Gatita golosa 123|pokekid|\n|teamsize|p1|6\n|teamsize|p2|6\n|gen|9\n|tier|[Gen 9] National Dex Ubers\n|rule|HP Percentage Mod: HP is shown in percentages\n|rule|Endless Battle Clause: Forcing endless battles is banned\n|rule|OHKO Clause: OHKO moves are banned\n|rule|Evasion Moves Clause: Evasion moves are banned\n|rule|Evasion Items Clause: Evasion items are banned\n|rule|Species Clause: Limit one of each Pok\u00e9mon\n|rule|Sleep Clause Mod: Limit one foe put to sleep\n|rule|Mega Rayquaza Clause: You cannot mega evolve Rayquaza\n|clearpoke\n|poke|p1|Kleavor, F|\n|poke|p1|Darmanitan-Galar, M|\n|poke|p1|Volcarona, F|\n|poke|p1|Alakazam, F|\n|poke|p1|Kingambit, M|\n|poke|p1|Dragapult, F|\n|poke|p2|Blastoise, F|\n|poke|p2|Palafin, F|\n|poke|p2|Volcarona, M|\n|poke|p2|Dracovish|\n|poke|p2|Araquanid, M|\n|poke|p2|Basculegion, M|\n|teampreview\n|inactive|Battle timer is ON: inactive players will automatically lose when time's up. (requested by hanagakiUBD)\n|\n|t:|1699619743\n|start\n|switch|p1a: Volcarona|Volcarona, F, shiny|100\/100\n|switch|p2a: *la respeta*|Basculegion, M, shiny|100\/100\n|-item|p1a: Volcarona|Air Balloon\n|turn|1\n|\n|t:|1699619750\n|-terastallize|p1a: Volcarona|Dragon\n|move|p2a: *la respeta*|Flip Turn|p1a: Volcarona\n|-resisted|p1a: Volcarona\n|-damage|p1a: Volcarona|70\/100\n|-enditem|p1a: Volcarona|Air Balloon\n|\n|t:|1699619755\n|switch|p2a: Blastoise|Blastoise, F|100\/100|[from] Flip Turn\n|move|p1a: Volcarona|Quiver Dance|p1a: Volcarona\n|-boost|p1a: Volcarona|spa|1\n|-boost|p1a: Volcarona|spd|1\n|-boost|p1a: Volcarona|spe|1\n|-enditem|p2a: Blastoise|Mirror Herb\n|-boost|p2a: Blastoise|spa|1|[from] item: Mirror Herb\n|-boost|p2a: Blastoise|spd|1|[from] item: Mirror Herb\n|-boost|p2a: Blastoise|spe|1|[from] item: Mirror Herb\n|\n|upkeep\n|turn|2\n|\n|t:|1699619761\n|move|p1a: Volcarona|Giga Drain|p2a: Blastoise\n|-supereffective|p2a: Blastoise\n|-damage|p2a: Blastoise|38\/100\n|-heal|p1a: Volcarona|99\/100|[from] drain|[of] p2a: Blastoise\n|move|p2a: Blastoise|Shell Smash|p2a: Blastoise\n|-unboost|p2a: Blastoise|def|1\n|-unboost|p2a: Blastoise|spd|1\n|-boost|p2a: Blastoise|atk|2\n|-boost|p2a: Blastoise|spa|2\n|-boost|p2a: Blastoise|spe|2\n|\n|upkeep\n|turn|3\n|\n|t:|1699619765\n|move|p2a: Blastoise|Ice Beam|p1a: Volcarona\n|-supereffective|p1a: Volcarona\n|-damage|p1a: Volcarona|11\/100\n|move|p1a: Volcarona|Giga Drain|p2a: Blastoise\n|-supereffective|p2a: Blastoise\n|-damage|p2a: Blastoise|0 fnt\n|-heal|p1a: Volcarona|29\/100|[from] drain|[of] p2a: Blastoise\n|faint|p2a: Blastoise\n|\n|upkeep\n|c|\u2606hanagakiUBD|Ufff\n|inactive|Gatita golosa 123 has 270 seconds left.\n|c|\u2606Gatita golosa 123|Blastoise pendejo no vale pa pura verga\n|c|\u2606hanagakiUBD|XD\n|\n|t:|1699619813\n|switch|p2a: Pomposo|Araquanid, M|100\/100\n|turn|4\n|c|\u2606hanagakiUBD|Pero no era tu mvp?\n|\n|t:|1699619819\n|move|p1a: Volcarona|Hurricane|p2a: Pomposo\n|-supereffective|p2a: Pomposo\n|-damage|p2a: Pomposo|19\/100\n|move|p2a: Pomposo|Sticky Web|p1a: Volcarona\n|-sidestart|p1: hanagakiUBD|move: Sticky Web\n|\n|upkeep\n|turn|5\n|\n|t:|1699619825\n|move|p1a: Volcarona|Giga Drain|p2a: Pomposo\n|-damage|p2a: Pomposo|0 fnt\n|-heal|p1a: Volcarona|38\/100|[from] drain|[of] p2a: Pomposo\n|faint|p2a: Pomposo\n|\n|upkeep\n|inactive|Gatita golosa 123 has 270 seconds left.\n|\n|t:|1699619833\n|switch|p2a: Volcarona|Volcarona, M|100\/100\n|turn|6\n|\n|t:|1699619842\n|-terastallize|p2a: Volcarona|Water\n|move|p1a: Volcarona|Giga Drain|p2a: Volcarona\n|-supereffective|p2a: Volcarona\n|-damage|p2a: Volcarona|10\/100\n|-heal|p1a: Volcarona|83\/100|[from] drain|[of] p2a: Volcarona\n|move|p2a: Volcarona|Quiver Dance|p2a: Volcarona\n|-boost|p2a: Volcarona|spa|1\n|-boost|p2a: Volcarona|spd|1\n|-boost|p2a: Volcarona|spe|1\n|\n|upkeep\n|turn|7\n|\n|t:|1699619848\n|move|p2a: Volcarona|Bug Buzz|p1a: Volcarona\n|-damage|p1a: Volcarona|32\/100\n|-unboost|p1a: Volcarona|spd|1\n|move|p1a: Volcarona|Giga Drain|p2a: Volcarona\n|-supereffective|p2a: Volcarona\n|-damage|p2a: Volcarona|0 fnt\n|-heal|p1a: Volcarona|37\/100|[from] drain|[of] p2a: Volcarona\n|faint|p2a: Volcarona\n|\n|upkeep\n|\n|t:|1699619852\n|switch|p2a: TocaTetas|Palafin, F, shiny|100\/100\n|turn|8\n|\n|t:|1699619855\n|detailschange|p2a: TocaTetas|Palafin-Hero, F, shiny\n|switch|p2a: Copito de nieve|Dracovish|100\/100\n|move|p1a: Volcarona|Giga Drain|p2a: Copito de nieve\n|-damage|p2a: Copito de nieve|48\/100\n|-heal|p1a: Volcarona|64\/100|[from] drain|[of] p2a: Copito de nieve\n|\n|upkeep\n|turn|9\n|\n|t:|1699619859\n|move|p1a: Volcarona|Giga Drain|p2a: Copito de nieve\n|-damage|p2a: Copito de nieve|0 fnt\n|-heal|p1a: Volcarona|88\/100|[from] drain|[of] p2a: Copito de nieve\n|faint|p2a: Copito de nieve\n|\n|upkeep\n|\n|t:|1699619862\n|switch|p2a: TocaTetas|Palafin-Hero, F, shiny|100\/100\n|-activate|p2a: TocaTetas|ability: Zero to Hero\n|turn|10\n|\n|t:|1699619868\n|move|p1a: Volcarona|Giga Drain|p2a: TocaTetas\n|-supereffective|p2a: TocaTetas\n|-damage|p2a: TocaTetas|12\/100\n|-heal|p1a: Volcarona|100\/100|[from] drain|[of] p2a: TocaTetas\n|move|p2a: TocaTetas|Ice Punch|p1a: Volcarona\n|-supereffective|p1a: Volcarona\n|-crit|p1a: Volcarona\n|-damage|p1a: Volcarona|0 fnt\n|faint|p1a: Volcarona\n|\n|upkeep\n|c|\u2606Gatita golosa 123|Vrga en\n|c|\u2606Gatita golosa 123|Wn\n|\n|t:|1699619891\n|switch|p1a: Kleavor|Kleavor, F|100\/100\n|-activate|p1a: Kleavor|move: Sticky Web\n|-unboost|p1a: Kleavor|spe|1\n|turn|11\n|\n|t:|1699619894\n|move|p2a: TocaTetas|Jet Punch|p1a: Kleavor\n|-supereffective|p1a: Kleavor\n|-crit|p1a: Kleavor\n|-damage|p1a: Kleavor|0 fnt\n|faint|p1a: Kleavor\n|\n|upkeep\n|\n|t:|1699619897\n|switch|p1a: Darmanitan|Darmanitan-Galar, M|100\/100\n|-activate|p1a: Darmanitan|move: Sticky Web\n|-unboost|p1a: Darmanitan|spe|1\n|turn|12\n|\n|t:|1699619902\n|move|p2a: TocaTetas|Drain Punch|p1a: Darmanitan\n|-supereffective|p1a: Darmanitan\n|-damage|p1a: Darmanitan|11\/100\n|-heal|p2a: TocaTetas|58\/100|[from] drain|[of] p1a: Darmanitan\n|move|p1a: Darmanitan|Earthquake|p2a: TocaTetas\n|-damage|p2a: TocaTetas|0 fnt\n|faint|p2a: TocaTetas\n|\n|upkeep\n|\n|t:|1699619906\n|switch|p2a: *la respeta*|Basculegion, M, shiny|100\/100\n|turn|13\n|\n|t:|1699619914\n|move|p2a: *la respeta*|Last Respects|p1a: Darmanitan\n|-damage|p1a: Darmanitan|0 fnt\n|faint|p1a: Darmanitan\n|\n|upkeep\n|\n|t:|1699619922\n|switch|p1a: Alakazam|Alakazam, F|100\/100\n|-activate|p1a: Alakazam|move: Sticky Web\n|-unboost|p1a: Alakazam|spe|1\n|turn|14\n|\n|t:|1699619924\n|detailschange|p1a: Alakazam|Alakazam-Mega, F\n|-mega|p1a: Alakazam|Alakazam|Alakazite\n|-ability|p1a: Alakazam|Adaptability|[from] ability: Trace|[of] p2a: *la respeta*\n|move|p2a: *la respeta*|Last Respects|p1a: Alakazam\n|-supereffective|p1a: Alakazam\n|-damage|p1a: Alakazam|0 fnt\n|faint|p1a: Alakazam\n|\n|upkeep\n|\n|t:|1699619932\n|switch|p1a: Dragapult|Dragapult, F, shiny|100\/100\n|-activate|p1a: Dragapult|move: Sticky Web\n|-unboost|p1a: Dragapult|spe|1\n|turn|15\n|\n|t:|1699619935\n|move|p2a: *la respeta*|Last Respects|p1a: Dragapult\n|-supereffective|p1a: Dragapult\n|-damage|p1a: Dragapult|0 fnt\n|faint|p1a: Dragapult\n|\n|upkeep\n|\n|t:|1699619939\n|switch|p1a: Kingambit|Kingambit, M|100\/100\n|-activate|p1a: Kingambit|move: Sticky Web\n|-unboost|p1a: Kingambit|spe|1\n|-activate|p1a: Kingambit|ability: Supreme Overlord\n|-start|p1a: Kingambit|fallen5|[silent]\n|turn|16\n|\n|t:|1699619942\n|move|p1a: Kingambit|Sucker Punch|p2a: *la respeta*\n|-supereffective|p2a: *la respeta*\n|-damage|p2a: *la respeta*|0 fnt\n|faint|p2a: *la respeta*\n|\n|win|hanagakiUBD\n|c|\u2606Gatita golosa 123|Gg\n|c|\u2606hanagakiUBD|Gg\n","uploadtime":1699619954,"views":5,"p1id":"hanagakiubd","p2id":"gatitagolosa123","formatid":"gen9nationaldexubers","rating":0,"private":0,"password":""}