{"id":"gen9nationaldexubers-2000227883","p1":"DarkYoshi6","p2":"Wobbuffet xplus","format":"[Gen 9] National Dex Ubers","log":"|j|\u2606DarkYoshi6\n|j|\u2606Wobbuffet xplus\n|t:|1701174858\n|gametype|singles\n|player|p1|DarkYoshi6|cynthia-gen4|1165\n|player|p2|Wobbuffet xplus|cynthia|1295\n|teamsize|p1|6\n|teamsize|p2|6\n|gen|9\n|tier|[Gen 9] National Dex Ubers\n|rated|\n|rule|HP Percentage Mod: HP is shown in percentages\n|rule|Endless Battle Clause: Forcing endless battles is banned\n|rule|OHKO Clause: OHKO moves are banned\n|rule|Evasion Moves Clause: Evasion moves are banned\n|rule|Evasion Items Clause: Evasion items are banned\n|rule|Species Clause: Limit one of each Pok\u00e9mon\n|rule|Sleep Clause Mod: Limit one foe put to sleep\n|rule|Mega Rayquaza Clause: You cannot mega evolve Rayquaza\n|clearpoke\n|poke|p1|Necrozma-Dusk-Mane|\n|poke|p1|Blaziken, M|\n|poke|p1|Rayquaza|\n|poke|p1|Zygarde|\n|poke|p1|Kyogre|\n|poke|p1|Meowscarada, M|\n|poke|p2|Zygarde|\n|poke|p2|Zacian-*|\n|poke|p2|Eternatus|\n|poke|p2|Blaziken, F|\n|poke|p2|Toxapex, M|\n|poke|p2|Kyogre|\n|teampreview\n|inactive|Battle timer is ON: inactive players will automatically lose when time's up. (requested by DarkYoshi6)\n|inactive|DarkYoshi6 has 120 seconds left.\n|inactive|Wobbuffet xplus has 120 seconds left.\n|\n|t:|1701174891\n|start\n|switch|p1a: Blaziken|Blaziken, M|100\/100\n|switch|p2a: Zacian|Zacian-Crowned|100\/100\n|-ability|p2a: Zacian|Intrepid Sword|boost\n|-boost|p2a: Zacian|atk|1\n|turn|1\n|\n|t:|1701174908\n|detailschange|p1a: Blaziken|Blaziken-Mega, M\n|-mega|p1a: Blaziken|Blaziken|Blazikenite\n|-terastallize|p2a: Zacian|Dark\n|move|p2a: Zacian|Behemoth Blade|p1a: Blaziken\n|-resisted|p1a: Blaziken\n|-damage|p1a: Blaziken|44\/100\n|move|p1a: Blaziken|Blaze Kick|p2a: Zacian\n|-damage|p2a: Zacian|46\/100\n|\n|-ability|p1a: Blaziken|Speed Boost|boost\n|-boost|p1a: Blaziken|spe|1\n|upkeep\n|turn|2\n|\n|t:|1701174932\n|move|p1a: Blaziken|Close Combat|p2a: Zacian\n|-supereffective|p2a: Zacian\n|-damage|p2a: Zacian|0 fnt\n|-unboost|p1a: Blaziken|def|1\n|-unboost|p1a: Blaziken|spd|1\n|faint|p2a: Zacian\n|\n|-ability|p1a: Blaziken|Speed Boost|boost\n|-boost|p1a: Blaziken|spe|1\n|upkeep\n|inactive|Wobbuffet xplus has 120 seconds left.\n|\n|t:|1701174969\n|switch|p2a: Kyogre|Kyogre|100\/100\n|detailschange|p2a: Kyogre|Kyogre-Primal\n|-primal|p2a: Kyogre|Blue Orb\n|-weather|PrimordialSea|[from] ability: Primordial Sea|[of] p2a: Kyogre\n|turn|3\n|\n|t:|1701174978\n|switch|p1a: Kyogre|Kyogre, shiny|100\/100\n|detailschange|p1a: Kyogre|Kyogre-Primal, shiny\n|-primal|p1a: Kyogre|Blue Orb\n|move|p2a: Kyogre|Origin Pulse|p1a: Kyogre\n|-resisted|p1a: Kyogre\n|-damage|p1a: Kyogre|60\/100\n|\n|-weather|PrimordialSea|[upkeep]\n|upkeep\n|turn|4\n|\n|t:|1701174986\n|move|p1a: Kyogre|Thunder|p2a: Kyogre\n|-supereffective|p2a: Kyogre\n|-damage|p2a: Kyogre|45\/100\n|move|p2a: Kyogre|Thunder|p1a: Kyogre\n|-supereffective|p1a: Kyogre\n|-damage|p1a: Kyogre|0 fnt\n|faint|p1a: Kyogre\n|\n|-weather|PrimordialSea|[upkeep]\n|upkeep\n|\n|t:|1701174993\n|switch|p1a: Weed Cat|Meowscarada, M|100\/100\n|turn|5\n|\n|t:|1701174997\n|move|p1a: Weed Cat|Flower Trick|p2a: Kyogre\n|-start|p1a: Weed Cat|typechange|Grass|[from] ability: Protean\n|-supereffective|p2a: Kyogre\n|-crit|p2a: Kyogre\n|-damage|p2a: Kyogre|0 fnt\n|faint|p2a: Kyogre\n|-weather|none\n|\n|upkeep\n|\n|t:|1701175004\n|switch|p2a: Toxapex|Toxapex, M|100\/100\n|turn|6\n|\n|t:|1701175008\n|move|p1a: Weed Cat|Flower Trick|p2a: Toxapex\n|-crit|p2a: Toxapex\n|-damage|p2a: Toxapex|58\/100\n|move|p2a: Toxapex|Toxic|p1a: Weed Cat\n|-status|p1a: Weed Cat|tox\n|\n|-heal|p2a: Toxapex|64\/100|[from] item: Black Sludge\n|-damage|p1a: Weed Cat|94\/100 tox|[from] psn\n|upkeep\n|turn|7\n|\n|t:|1701175019\n|move|p1a: Weed Cat|Flower Trick|p2a: Toxapex\n|-crit|p2a: Toxapex\n|-damage|p2a: Toxapex|23\/100\n|move|p2a: Toxapex|Recover|p2a: Toxapex\n|-heal|p2a: Toxapex|73\/100\n|\n|-heal|p2a: Toxapex|79\/100|[from] item: Black Sludge\n|-damage|p1a: Weed Cat|82\/100 tox|[from] psn\n|upkeep\n|turn|8\n|\n|t:|1701175046\n|switch|p1a: Necrozma|Necrozma-Dusk-Mane|100\/100\n|move|p2a: Toxapex|Recover|p2a: Toxapex\n|-heal|p2a: Toxapex|100\/100\n|\n|upkeep\n|turn|9\n|\n|t:|1701175056\n|switch|p2a: Blaziken|Blaziken, F|100\/100\n|detailschange|p1a: Necrozma|Necrozma-Ultra\n|-burst|p1a: Necrozma|Necrozma|Ultranecrozium Z\n|move|p1a: Necrozma|Sunsteel Strike|p2a: Blaziken\n|-resisted|p2a: Blaziken\n|-damage|p2a: Blaziken|64\/100\n|\n|upkeep\n|turn|10\n|\n|t:|1701175069\n|detailschange|p2a: Blaziken|Blaziken-Mega, F\n|-mega|p2a: Blaziken|Blaziken|Blazikenite\n|move|p1a: Necrozma|Earthquake|p2a: Blaziken\n|-supereffective|p2a: Blaziken\n|-damage|p2a: Blaziken|0 fnt\n|faint|p2a: Blaziken\n|\n|upkeep\n|\n|t:|1701175082\n|switch|p2a: Toxapex|Toxapex, M|100\/100\n|turn|11\n|\n|t:|1701175101\n|move|p1a: Necrozma|Earthquake|p2a: Toxapex\n|-supereffective|p2a: Toxapex\n|-damage|p2a: Toxapex|34\/100\n|move|p2a: Toxapex|Toxic|p1a: Necrozma\n|-status|p1a: Necrozma|tox\n|\n|-heal|p2a: Toxapex|40\/100|[from] item: Black Sludge\n|-damage|p1a: Necrozma|95\/100 tox|[from] psn\n|upkeep\n|turn|12\n|\n|t:|1701175118\n|move|p2a: Toxapex|Baneful Bunker|p2a: Toxapex\n|-singleturn|p2a: Toxapex|move: Protect\n|move|p1a: Necrozma|Earthquake|p2a: Toxapex\n|-activate|p2a: Toxapex|move: Protect\n|\n|-heal|p2a: Toxapex|47\/100|[from] item: Black Sludge\n|-damage|p1a: Necrozma|83\/100 tox|[from] psn\n|upkeep\n|turn|13\n|\n|t:|1701175128\n|switch|p2a: Zygarde|Zygarde, shiny|100\/100\n|move|p1a: Necrozma|Earthquake|p2a: Zygarde\n|-damage|p2a: Zygarde|72\/100\n|\n|-heal|p2a: Zygarde|78\/100|[from] item: Leftovers\n|-damage|p1a: Necrozma|65\/100 tox|[from] psn\n|upkeep\n|turn|14\n|\n|t:|1701175137\n|-zpower|p1a: Necrozma\n|move|p1a: Necrozma|Light That Burns the Sky|p2a: Zygarde|[zeffect]\n|-damage|p2a: Zygarde|0 fnt\n|faint|p2a: Zygarde\n|\n|-damage|p1a: Necrozma|41\/100 tox|[from] psn\n|upkeep\n|\n|t:|1701175147\n|switch|p2a: Toxapex|Toxapex, M|80\/100\n|turn|15\n|\n|t:|1701175153\n|move|p2a: Toxapex|Baneful Bunker|p2a: Toxapex\n|-singleturn|p2a: Toxapex|move: Protect\n|move|p1a: Necrozma|Earthquake|p2a: Toxapex\n|-activate|p2a: Toxapex|move: Protect\n|\n|-heal|p2a: Toxapex|86\/100|[from] item: Black Sludge\n|-damage|p1a: Necrozma|11\/100 tox|[from] psn\n|upkeep\n|turn|16\n|\n|t:|1701175162\n|move|p1a: Necrozma|Earthquake|p2a: Toxapex\n|-supereffective|p2a: Toxapex\n|-damage|p2a: Toxapex|16\/100\n|move|p2a: Toxapex|Recover|p2a: Toxapex\n|-heal|p2a: Toxapex|66\/100\n|\n|-heal|p2a: Toxapex|73\/100|[from] item: Black Sludge\n|-damage|p1a: Necrozma|0 fnt|[from] psn\n|faint|p1a: Necrozma\n|upkeep\n|\n|t:|1701175169\n|switch|p1a: Zygarde|Zygarde|100\/100\n|turn|17\n|\n|t:|1701175181\n|move|p1a: Zygarde|Dragon Dance|p1a: Zygarde\n|-boost|p1a: Zygarde|atk|1\n|-boost|p1a: Zygarde|spe|1\n|move|p2a: Toxapex|Toxic|p1a: Zygarde\n|-status|p1a: Zygarde|tox\n|\n|-heal|p2a: Toxapex|79\/100|[from] item: Black Sludge\n|-damage|p1a: Zygarde|94\/100 tox|[from] psn\n|upkeep\n|turn|18\n|\n|t:|1701175191\n|move|p1a: Zygarde|Dragon Dance|p1a: Zygarde\n|-boost|p1a: Zygarde|atk|1\n|-boost|p1a: Zygarde|spe|1\n|move|p2a: Toxapex|Haze|p2a: Toxapex\n|-clearallboost\n|\n|-heal|p1a: Zygarde|100\/100 tox|[from] item: Leftovers\n|-heal|p2a: Toxapex|85\/100|[from] item: Black Sludge\n|-damage|p1a: Zygarde|88\/100 tox|[from] psn\n|upkeep\n|turn|19\n|\n|t:|1701175206\n|move|p1a: Zygarde|Thousand Arrows|p2a: Toxapex\n|-supereffective|p2a: Toxapex\n|-damage|p2a: Toxapex|29\/100\n|move|p2a: Toxapex|Recover|p2a: Toxapex\n|-heal|p2a: Toxapex|79\/100\n|\n|-heal|p1a: Zygarde|94\/100 tox|[from] item: Leftovers\n|-heal|p2a: Toxapex|85\/100|[from] item: Black Sludge\n|-damage|p1a: Zygarde|76\/100 tox|[from] psn\n|upkeep\n|turn|20\n|c|\u2606DarkYoshi6|So cheese\n|\n|t:|1701175221\n|move|p1a: Zygarde|Thousand Waves|p2a: Toxapex\n|-supereffective|p2a: Toxapex\n|-damage|p2a: Toxapex|37\/100\n|-activate|p2a: Toxapex|trapped\n|move|p2a: Toxapex|Recover|p2a: Toxapex\n|-heal|p2a: Toxapex|87\/100\n|\n|-heal|p1a: Zygarde|82\/100 tox|[from] item: Leftovers\n|-heal|p2a: Toxapex|94\/100|[from] item: Black Sludge\n|-damage|p1a: Zygarde|57\/100 tox|[from] psn\n|upkeep\n|turn|21\n|\n|t:|1701175237\n|move|p1a: Zygarde|Thousand Arrows|p2a: Toxapex\n|-supereffective|p2a: Toxapex\n|-damage|p2a: Toxapex|44\/100\n|move|p2a: Toxapex|Recover|p2a: Toxapex\n|-heal|p2a: Toxapex|94\/100\n|\n|-heal|p1a: Zygarde|64\/100 tox|[from] item: Leftovers\n|-heal|p2a: Toxapex|99\/100|[from] item: Black Sludge\n|-damage|p1a: Zygarde|33\/100 tox|[from] psn\n|-activate|p1a: Zygarde|ability: Power Construct\n|detailschange|p1a: Zygarde|Zygarde-Complete\n|-heal|p1a: Zygarde|58\/100 tox|[silent]\n|upkeep\n|turn|22\n|\n|t:|1701175255\n|move|p1a: Zygarde|Dragon Dance|p1a: Zygarde\n|-boost|p1a: Zygarde|atk|1\n|-boost|p1a: Zygarde|spe|1\n|move|p2a: Toxapex|Recover|p2a: Toxapex\n|-heal|p2a: Toxapex|100\/100\n|\n|-heal|p1a: Zygarde|64\/100 tox|[from] item: Leftovers\n|-damage|p1a: Zygarde|28\/100 tox|[from] psn\n|upkeep\n|turn|23\n|\n|t:|1701175264\n|move|p2a: Toxapex|Baneful Bunker|p2a: Toxapex\n|-singleturn|p2a: Toxapex|move: Protect\n|move|p1a: Zygarde|Thousand Arrows|p2a: Toxapex\n|-activate|p2a: Toxapex|move: Protect\n|\n|-heal|p1a: Zygarde|34\/100 tox|[from] item: Leftovers\n|-damage|p1a: Zygarde|0 fnt|[from] psn\n|faint|p1a: Zygarde\n|upkeep\n|\n|t:|1701175273\n|switch|p1a: Blaziken|Blaziken-Mega, M|44\/100\n|turn|24\n|\n|t:|1701175288\n|move|p1a: Blaziken|Stone Edge|p2a: Toxapex|[miss]\n|-miss|p1a: Blaziken|p2a: Toxapex\n|move|p2a: Toxapex|Toxic|p1a: Blaziken\n|-status|p1a: Blaziken|tox\n|\n|-damage|p1a: Blaziken|38\/100 tox|[from] psn\n|-ability|p1a: Blaziken|Speed Boost|boost\n|-boost|p1a: Blaziken|spe|1\n|upkeep\n|turn|25\n|\n|t:|1701175298\n|move|p1a: Blaziken|Blaze Kick|p2a: Toxapex\n|-resisted|p2a: Toxapex\n|-damage|p2a: Toxapex|84\/100\n|move|p2a: Toxapex|Haze|p2a: Toxapex\n|-clearallboost\n|\n|-heal|p2a: Toxapex|90\/100|[from] item: Black Sludge\n|-damage|p1a: Blaziken|26\/100 tox|[from] psn\n|-ability|p1a: Blaziken|Speed Boost|boost\n|-boost|p1a: Blaziken|spe|1\n|upkeep\n|turn|26\n|\n|t:|1701175312\n|move|p2a: Toxapex|Baneful Bunker|p2a: Toxapex\n|-singleturn|p2a: Toxapex|move: Protect\n|move|p1a: Blaziken|Close Combat|p2a: Toxapex\n|-activate|p2a: Toxapex|move: Protect\n|\n|-heal|p2a: Toxapex|96\/100|[from] item: Black Sludge\n|-damage|p1a: Blaziken|8\/100 tox|[from] psn\n|-ability|p1a: Blaziken|Speed Boost|boost\n|-boost|p1a: Blaziken|spe|1\n|upkeep\n|turn|27\n|\n|t:|1701175324\n|move|p1a: Blaziken|Close Combat|p2a: Toxapex\n|-resisted|p2a: Toxapex\n|-damage|p2a: Toxapex|71\/100\n|-unboost|p1a: Blaziken|def|1\n|-unboost|p1a: Blaziken|spd|1\n|move|p2a: Toxapex|Recover|p2a: Toxapex\n|-heal|p2a: Toxapex|100\/100\n|\n|-damage|p1a: Blaziken|0 fnt|[from] psn\n|faint|p1a: Blaziken\n|upkeep\n|\n|t:|1701175329\n|switch|p1a: Weed Cat|Meowscarada, M|82\/100 tox\n|turn|28\n|\n|t:|1701175338\n|move|p2a: Toxapex|Baneful Bunker|p2a: Toxapex\n|-singleturn|p2a: Toxapex|move: Protect\n|move|p1a: Weed Cat|Flower Trick|p2a: Toxapex\n|-start|p1a: Weed Cat|typechange|Grass|[from] ability: Protean\n|-activate|p2a: Toxapex|move: Protect\n|\n|-damage|p1a: Weed Cat|76\/100 tox|[from] psn\n|upkeep\n|turn|29\n|\n|t:|1701175353\n|move|p1a: Weed Cat|Flower Trick|p2a: Toxapex\n|-crit|p2a: Toxapex\n|-damage|p2a: Toxapex|60\/100\n|move|p2a: Toxapex|Haze|p2a: Toxapex\n|-clearallboost\n|\n|-heal|p2a: Toxapex|66\/100|[from] item: Black Sludge\n|-damage|p1a: Weed Cat|64\/100 tox|[from] psn\n|upkeep\n|turn|30\n|\n|t:|1701175362\n|move|p2a: Toxapex|Baneful Bunker|p2a: Toxapex\n|-singleturn|p2a: Toxapex|move: Protect\n|move|p1a: Weed Cat|Flower Trick|p2a: Toxapex\n|-activate|p2a: Toxapex|move: Protect\n|\n|-heal|p2a: Toxapex|73\/100|[from] item: Black Sludge\n|-damage|p1a: Weed Cat|45\/100 tox|[from] psn\n|upkeep\n|turn|31\n|c|\u2606DarkYoshi6|Bruh\n|\n|t:|1701175371\n|switch|p2a: Eternatus|Eternatus|100\/100\n|-ability|p2a: Eternatus|Pressure\n|move|p1a: Weed Cat|Flower Trick|p2a: Eternatus\n|-resisted|p2a: Eternatus\n|-crit|p2a: Eternatus\n|-damage|p2a: Eternatus|86\/100\n|\n|-heal|p2a: Eternatus|92\/100|[from] item: Leftovers\n|-damage|p1a: Weed Cat|21\/100 tox|[from] psn\n|upkeep\n|turn|32\n|c|\u2606DarkYoshi6|Actually so cheese\n|\n|t:|1701175383\n|move|p1a: Weed Cat|Flower Trick|p2a: Eternatus\n|-resisted|p2a: Eternatus\n|-crit|p2a: Eternatus\n|-damage|p2a: Eternatus|78\/100\n|move|p2a: Eternatus|Sludge Wave|p1a: Weed Cat\n|-supereffective|p1a: Weed Cat\n|-damage|p1a: Weed Cat|0 fnt\n|faint|p1a: Weed Cat\n|\n|-heal|p2a: Eternatus|85\/100|[from] item: Leftovers\n|upkeep\n|c|\u2606DarkYoshi6|So sad\n|\n|t:|1701175389\n|switch|p1a: Rayquaza|Rayquaza, shiny|100\/100\n|-ability|p1a: Rayquaza|Air Lock\n|turn|33\n|\n|t:|1701175394\n|-terastallize|p1a: Rayquaza|Fairy\n|move|p1a: Rayquaza|Dragon Claw|p2a: Eternatus\n|-supereffective|p2a: Eternatus\n|-damage|p2a: Eternatus|10\/100\n|move|p2a: Eternatus|Dynamax Cannon|p1a: Rayquaza\n|-immune|p1a: Rayquaza\n|\n|-heal|p2a: Eternatus|16\/100|[from] item: Leftovers\n|upkeep\n|turn|34\n|\n|t:|1701175404\n|move|p1a: Rayquaza|Dragon Claw|p2a: Eternatus\n|-supereffective|p2a: Eternatus\n|-damage|p2a: Eternatus|0 fnt\n|faint|p2a: Eternatus\n|\n|upkeep\n|\n|t:|1701175410\n|switch|p2a: Toxapex|Toxapex, M|100\/100\n|turn|35\n|\n|t:|1701175415\n|move|p1a: Rayquaza|Earthquake|p2a: Toxapex\n|-supereffective|p2a: Toxapex\n|-damage|p2a: Toxapex|53\/100\n|move|p2a: Toxapex|Toxic|p1a: Rayquaza\n|-status|p1a: Rayquaza|tox\n|\n|-heal|p2a: Toxapex|59\/100|[from] item: Black Sludge\n|-damage|p1a: Rayquaza|95\/100 tox|[from] psn\n|upkeep\n|turn|36\n|\n|t:|1701175429\n|move|p2a: Toxapex|Baneful Bunker|p2a: Toxapex\n|-singleturn|p2a: Toxapex|move: Protect\n|move|p1a: Rayquaza|Extreme Speed|p2a: Toxapex\n|-activate|p2a: Toxapex|move: Protect\n|\n|-heal|p1a: Rayquaza|100\/100 tox|[from] item: Leftovers\n|-heal|p2a: Toxapex|66\/100|[from] item: Black Sludge\n|-damage|p1a: Rayquaza|89\/100 tox|[from] psn\n|upkeep\n|turn|37\n|\n|t:|1701175439\n|move|p1a: Rayquaza|Earthquake|p2a: Toxapex\n|-supereffective|p2a: Toxapex\n|-damage|p2a: Toxapex|18\/100\n|move|p2a: Toxapex|Haze|p2a: Toxapex\n|-clearallboost\n|\n|-heal|p1a: Rayquaza|95\/100 tox|[from] item: Leftovers\n|-heal|p2a: Toxapex|25\/100|[from] item: Black Sludge\n|-damage|p1a: Rayquaza|77\/100 tox|[from] psn\n|upkeep\n|turn|38\n|inactive|Wobbuffet xplus has 120 seconds left.\n|c|\u2606DarkYoshi6|Do something\n|c|\u2606Wobbuffet xplus|bye\n|c|\u2606Wobbuffet xplus|ass\n|inactive|Wobbuffet xplus has 90 seconds left.\n|c|\u2606DarkYoshi6|You're the ass\n|c|\u2606DarkYoshi6|Using cheese ass shit like that\n|c|\u2606DarkYoshi6|Cant cope with loss lol\n|inactive|Wobbuffet xplus has 60 seconds left.\n|c|\u2606Wobbuffet xplus|ok asshole\n|\n|t:|1701175536\n|move|p2a: Toxapex|Baneful Bunker|p2a: Toxapex\n|-singleturn|p2a: Toxapex|move: Protect\n|move|p1a: Rayquaza|Extreme Speed|p2a: Toxapex\n|-activate|p2a: Toxapex|move: Protect\n|\n|-heal|p1a: Rayquaza|83\/100 tox|[from] item: Leftovers\n|-heal|p2a: Toxapex|31\/100|[from] item: Black Sludge\n|-damage|p1a: Rayquaza|59\/100 tox|[from] psn\n|upkeep\n|turn|39\n|c|\u2606Wobbuffet xplus|more wait\n|inactive|Wobbuffet xplus has 60 seconds left.\n|c|\u2606Wobbuffet xplus|lmao\n|c|\u2606DarkYoshi6|Ok\n|c|\u2606DarkYoshi6|You lost though so\n|c|\u2606DarkYoshi6|Lol\n|c|\u2606Wobbuffet xplus|lol\n|c|\u2606Wobbuffet xplus|get lost\n|c|\u2606DarkYoshi6|Even with cheese\n|inactive|Wobbuffet xplus has 30 seconds left.\n|c|\u2606DarkYoshi6|You suck ass\n|inactive|Wobbuffet xplus has 20 seconds left.\n|inactive|Wobbuffet xplus has 15 seconds left.\n|inactive|Wobbuffet xplus has 10 seconds left.\n|c|\u2606DarkYoshi6|XDDD\n|inactive|Wobbuffet xplus has 5 seconds left.\n|-message|Wobbuffet xplus lost due to inactivity.\n|\n|win|DarkYoshi6\n|raw|DarkYoshi6's rating: 1165 &rarr; <strong>1197<\/strong><br \/>(+32 for winning)\n|raw|Wobbuffet xplus's rating: 1260 &rarr; <strong>1228<\/strong><br \/>(-32 for losing)\n","uploadtime":1701175572,"views":1,"p1id":"darkyoshi6","p2id":"wobbuffetxplus","formatid":"gen9nationaldexubers","rating":1197,"private":0,"password":""}