{"id":"gen9nationaldexubers-1999803934","p1":"pacmaster000","p2":"Bluemanboy","format":"[Gen 9] National Dex Ubers","log":"|j|\u2606pacmaster000\n|j|\u2606Bluemanboy\n|t:|1701118193\n|gametype|singles\n|player|p1|pacmaster000|acetrainer-gen4dp|1244\n|player|p2|Bluemanboy|wallace|1171\n|teamsize|p1|6\n|teamsize|p2|6\n|gen|9\n|tier|[Gen 9] National Dex Ubers\n|rated|\n|rule|HP Percentage Mod: HP is shown in percentages\n|rule|Endless Battle Clause: Forcing endless battles is banned\n|rule|OHKO Clause: OHKO moves are banned\n|rule|Evasion Moves Clause: Evasion moves are banned\n|rule|Evasion Items Clause: Evasion items are banned\n|rule|Species Clause: Limit one of each Pok\u00e9mon\n|rule|Sleep Clause Mod: Limit one foe put to sleep\n|rule|Mega Rayquaza Clause: You cannot mega evolve Rayquaza\n|clearpoke\n|poke|p1|Dragapult, M|\n|poke|p1|Heatran, M|\n|poke|p1|Tyranitar, M|\n|poke|p1|Marshadow|\n|poke|p1|Toxapex, M|\n|poke|p1|Landorus, M|\n|poke|p2|Togekiss, M|\n|poke|p2|Banette, F|\n|poke|p2|Sylveon, F|\n|poke|p2|Dracovish|\n|poke|p2|Zacian-*|\n|poke|p2|Weavile, M|\n|teampreview\n|\n|t:|1701118196\n|start\n|switch|p1a: Dragapult|Dragapult, M|100\/100\n|switch|p2a: Dracovish|Dracovish|100\/100\n|turn|1\n|\n|t:|1701118211\n|switch|p2a: Weavile|Weavile, M|100\/100\n|move|p1a: Dragapult|Dragon Darts|p2a: Weavile\n|-damage|p2a: Weavile|49\/100\n|-anim|p1a: Dragapult|Dragon Darts|p2a: Weavile\n|-damage|p2a: Weavile|1\/100\n|\n|upkeep\n|turn|2\n|\n|t:|1701118221\n|switch|p1a: Heatran|Heatran, M|100\/100\n|-item|p1a: Heatran|Air Balloon\n|move|p2a: Weavile|Ice Shard|p1a: Heatran\n|-resisted|p1a: Heatran\n|-damage|p1a: Heatran|97\/100\n|-enditem|p1a: Heatran|Air Balloon\n|\n|upkeep\n|turn|3\n|\n|t:|1701118231\n|switch|p2a: Dracovish|Dracovish|100\/100\n|move|p1a: Heatran|Stealth Rock|p2a: Dracovish\n|-sidestart|p2: Bluemanboy|move: Stealth Rock\n|\n|upkeep\n|turn|4\n|\n|t:|1701118237\n|switch|p1a: Toxapex|Toxapex, M|100\/100\n|move|p2a: Dracovish|Fishious Rend|p1a: Toxapex\n|-resisted|p1a: Toxapex\n|-damage|p1a: Toxapex|68\/100\n|\n|-heal|p1a: Toxapex|74\/100|[from] item: Black Sludge\n|upkeep\n|turn|5\n|\n|t:|1701118251\n|switch|p2a: Sylveon|Sylveon, F|100\/100\n|-damage|p2a: Sylveon|88\/100|[from] Stealth Rock\n|move|p1a: Toxapex|Toxic|p2a: Sylveon\n|-status|p2a: Sylveon|tox\n|\n|-heal|p1a: Toxapex|80\/100|[from] item: Black Sludge\n|-damage|p2a: Sylveon|82\/100 tox|[from] psn\n|upkeep\n|turn|6\n|\n|t:|1701118258\n|switch|p2a: Dracovish|Dracovish|100\/100\n|-damage|p2a: Dracovish|88\/100|[from] Stealth Rock\n|move|p1a: Toxapex|Scald|p2a: Dracovish\n|-resisted|p2a: Dracovish\n|-damage|p2a: Dracovish|83\/100\n|\n|-heal|p1a: Toxapex|87\/100|[from] item: Black Sludge\n|upkeep\n|turn|7\n|\n|t:|1701118265\n|move|p2a: Dracovish|Psychic Fangs|p1a: Toxapex\n|-supereffective|p1a: Toxapex\n|-damage|p1a: Toxapex|46\/100\n|move|p1a: Toxapex|Toxic|p2a: Dracovish\n|-status|p2a: Dracovish|tox\n|\n|-heal|p1a: Toxapex|52\/100|[from] item: Black Sludge\n|-damage|p2a: Dracovish|77\/100 tox|[from] psn\n|upkeep\n|turn|8\n|\n|t:|1701118270\n|move|p2a: Dracovish|Psychic Fangs|p1a: Toxapex\n|-supereffective|p1a: Toxapex\n|-damage|p1a: Toxapex|11\/100\n|move|p1a: Toxapex|Recover|p1a: Toxapex\n|-heal|p1a: Toxapex|61\/100\n|\n|-heal|p1a: Toxapex|67\/100|[from] item: Black Sludge\n|-damage|p2a: Dracovish|64\/100 tox|[from] psn\n|upkeep\n|turn|9\n|\n|t:|1701118275\n|move|p2a: Dracovish|Psychic Fangs|p1a: Toxapex\n|-supereffective|p1a: Toxapex\n|-damage|p1a: Toxapex|28\/100\n|move|p1a: Toxapex|Knock Off|p2a: Dracovish\n|-damage|p2a: Dracovish|48\/100 tox\n|-enditem|p2a: Dracovish|Choice Scarf|[from] move: Knock Off|[of] p1a: Toxapex\n|\n|-heal|p1a: Toxapex|34\/100|[from] item: Black Sludge\n|-damage|p2a: Dracovish|29\/100 tox|[from] psn\n|upkeep\n|turn|10\n|\n|t:|1701118280\n|switch|p1a: Tyranitar|Tyranitar, M|100\/100\n|-ability|p1a: Tyranitar|Unnerve\n|move|p2a: Dracovish|Psychic Fangs|p1a: Tyranitar\n|-immune|p1a: Tyranitar\n|\n|-damage|p2a: Dracovish|5\/100 tox|[from] psn\n|upkeep\n|turn|11\n|\n|t:|1701118289\n|detailschange|p1a: Tyranitar|Tyranitar-Mega, M\n|-mega|p1a: Tyranitar|Tyranitar|Tyranitarite\n|-weather|Sandstorm|[from] ability: Sand Stream|[of] p1a: Tyranitar\n|move|p2a: Dracovish|Fishious Rend|p1a: Tyranitar\n|-supereffective|p1a: Tyranitar\n|-damage|p1a: Tyranitar|0 fnt\n|faint|p1a: Tyranitar\n|\n|-weather|Sandstorm|[upkeep]\n|-damage|p2a: Dracovish|0 fnt|[from] Sandstorm\n|faint|p2a: Dracovish\n|upkeep\n|\n|t:|1701118298\n|switch|p2a: Banette|Banette, F|100\/100\n|switch|p1a: Heatran|Heatran, M|97\/100\n|-damage|p2a: Banette|88\/100|[from] Stealth Rock\n|turn|12\n|\n|t:|1701118306\n|detailschange|p2a: Banette|Banette-Mega, F\n|-mega|p2a: Banette|Banette|Banettite\n|move|p2a: Banette|Destiny Bond|p2a: Banette\n|-singlemove|p2a: Banette|Destiny Bond\n|move|p1a: Heatran|Magma Storm|p2a: Banette\n|-damage|p2a: Banette|25\/100\n|-activate|p2a: Banette|move: Magma Storm|[of] p1a: Heatran\n|\n|-weather|Sandstorm|[upkeep]\n|-damage|p2a: Banette|19\/100|[from] Sandstorm\n|-damage|p2a: Banette|6\/100|[from] move: Magma Storm|[partiallytrapped]\n|upkeep\n|turn|13\n|\n|t:|1701118315\n|move|p2a: Banette|Pain Split|p1a: Heatran\n|-sethp|p1a: Heatran|50\/100|[from] move: Pain Split|[silent]\n|-sethp|p2a: Banette|72\/100|[from] move: Pain Split\n|move|p1a: Heatran|Toxic|p2a: Banette|[miss]\n|-miss|p1a: Heatran|p2a: Banette\n|\n|-weather|Sandstorm|[upkeep]\n|-damage|p2a: Banette|66\/100|[from] Sandstorm\n|-damage|p2a: Banette|54\/100|[from] move: Magma Storm|[partiallytrapped]\n|upkeep\n|turn|14\n|\n|t:|1701118328\n|move|p2a: Banette|Destiny Bond|p2a: Banette\n|-singlemove|p2a: Banette|Destiny Bond\n|move|p1a: Heatran|Toxic|p2a: Banette\n|-status|p2a: Banette|tox\n|\n|-weather|Sandstorm|[upkeep]\n|-damage|p2a: Banette|48\/100 tox|[from] Sandstorm\n|-damage|p2a: Banette|42\/100 tox|[from] psn\n|-damage|p2a: Banette|30\/100 tox|[from] move: Magma Storm|[partiallytrapped]\n|upkeep\n|turn|15\n|\n|t:|1701118335\n|move|p2a: Banette|Taunt|p1a: Heatran\n|-start|p1a: Heatran|move: Taunt\n|cant|p1a: Heatran|move: Taunt|Toxic\n|\n|-weather|none\n|-damage|p2a: Banette|18\/100 tox|[from] psn\n|-damage|p2a: Banette|6\/100 tox|[from] move: Magma Storm|[partiallytrapped]\n|upkeep\n|turn|16\n|\n|t:|1701118342\n|switch|p1a: Toxapex|Toxapex, M|68\/100\n|move|p2a: Banette|Pain Split|p1a: Toxapex\n|-sethp|p1a: Toxapex|36\/100|[from] move: Pain Split|[silent]\n|-sethp|p2a: Banette|41\/100 tox|[from] move: Pain Split\n|\n|-heal|p1a: Toxapex|43\/100|[from] item: Black Sludge\n|-damage|p2a: Banette|23\/100 tox|[from] psn\n|-end|p2a: Banette|Magma Storm|[partiallytrapped]\n|upkeep\n|turn|17\n|\n|t:|1701118347\n|move|p2a: Banette|Pain Split|p1a: Toxapex\n|-sethp|p1a: Toxapex|31\/100|[from] move: Pain Split|[silent]\n|-sethp|p2a: Banette|35\/100 tox|[from] move: Pain Split\n|move|p1a: Toxapex|Recover|p1a: Toxapex\n|-heal|p1a: Toxapex|81\/100\n|\n|-heal|p1a: Toxapex|88\/100|[from] item: Black Sludge\n|-damage|p2a: Banette|12\/100 tox|[from] psn\n|upkeep\n|turn|18\n|\n|t:|1701118350\n|move|p2a: Banette|Pain Split|p1a: Toxapex\n|-sethp|p1a: Toxapex|49\/100|[from] move: Pain Split|[silent]\n|-sethp|p2a: Banette|55\/100 tox|[from] move: Pain Split\n|move|p1a: Toxapex|Recover|p1a: Toxapex\n|-heal|p1a: Toxapex|99\/100\n|\n|-heal|p1a: Toxapex|100\/100|[from] item: Black Sludge\n|-damage|p2a: Banette|25\/100 tox|[from] psn\n|upkeep\n|turn|19\n|\n|t:|1701118354\n|move|p2a: Banette|Pain Split|p1a: Toxapex\n|-sethp|p1a: Toxapex|61\/100|[from] move: Pain Split|[silent]\n|-sethp|p2a: Banette|69\/100 tox|[from] move: Pain Split\n|move|p1a: Toxapex|Recover|p1a: Toxapex\n|-heal|p1a: Toxapex|100\/100\n|\n|-damage|p2a: Banette|33\/100 tox|[from] psn\n|upkeep\n|turn|20\n|\n|t:|1701118358\n|move|p2a: Banette|Pain Split|p1a: Toxapex\n|-sethp|p1a: Toxapex|65\/100|[from] move: Pain Split|[silent]\n|-sethp|p2a: Banette|73\/100 tox|[from] move: Pain Split\n|move|p1a: Toxapex|Recover|p1a: Toxapex\n|-heal|p1a: Toxapex|100\/100\n|\n|-damage|p2a: Banette|32\/100 tox|[from] psn\n|upkeep\n|turn|21\n|\n|t:|1701118363\n|move|p2a: Banette|Pain Split|p1a: Toxapex\n|-sethp|p1a: Toxapex|64\/100|[from] move: Pain Split|[silent]\n|-sethp|p2a: Banette|72\/100 tox|[from] move: Pain Split\n|move|p1a: Toxapex|Toxic|p2a: Banette\n|-fail|p2a: Banette|tox\n|\n|-heal|p1a: Toxapex|71\/100|[from] item: Black Sludge\n|-damage|p2a: Banette|25\/100 tox|[from] psn\n|upkeep\n|turn|22\n|\n|t:|1701118369\n|move|p2a: Banette|Taunt|p1a: Toxapex\n|-start|p1a: Toxapex|move: Taunt\n|cant|p1a: Toxapex|move: Taunt|Toxic\n|\n|-heal|p1a: Toxapex|77\/100|[from] item: Black Sludge\n|-damage|p2a: Banette|0 fnt|[from] psn\n|faint|p2a: Banette\n|upkeep\n|\n|t:|1701118380\n|switch|p2a: Zacian|Zacian-Crowned|100\/100\n|-damage|p2a: Zacian|94\/100|[from] Stealth Rock\n|-ability|p2a: Zacian|Intrepid Sword|boost\n|-boost|p2a: Zacian|atk|1\n|turn|23\n|\n|t:|1701118390\n|move|p2a: Zacian|Crunch|p1a: Toxapex\n|-damage|p1a: Toxapex|47\/100\n|move|p1a: Toxapex|Scald|p2a: Zacian\n|-damage|p2a: Zacian|79\/100\n|\n|-heal|p1a: Toxapex|53\/100|[from] item: Black Sludge\n|upkeep\n|turn|24\n|\n|t:|1701118396\n|switch|p1a: Heatran|Heatran, M|50\/100\n|move|p2a: Zacian|Crunch|p1a: Heatran\n|-damage|p1a: Heatran|13\/100\n|-unboost|p1a: Heatran|def|1\n|\n|upkeep\n|turn|25\n|\n|t:|1701118403\n|move|p2a: Zacian|Close Combat|p1a: Heatran\n|-supereffective|p1a: Heatran\n|-damage|p1a: Heatran|0 fnt\n|-unboost|p2a: Zacian|def|1\n|-unboost|p2a: Zacian|spd|1\n|faint|p1a: Heatran\n|\n|upkeep\n|\n|t:|1701118410\n|switch|p1a: Landorus|Landorus, M|100\/100\n|turn|26\n|\n|t:|1701118416\n|switch|p2a: Togekiss|Togekiss, M|100\/100\n|-damage|p2a: Togekiss|76\/100|[from] Stealth Rock\n|move|p1a: Landorus|Earthquake|p2a: Togekiss\n|-immune|p2a: Togekiss\n|\n|upkeep\n|turn|27\n|\n|t:|1701118426\n|move|p1a: Landorus|Rock Slide|p2a: Togekiss\n|-supereffective|p2a: Togekiss\n|-damage|p2a: Togekiss|0 fnt\n|faint|p2a: Togekiss\n|\n|upkeep\n|\n|t:|1701118436\n|switch|p2a: Weavile|Weavile, M|1\/100\n|-damage|p2a: Weavile|0 fnt|[from] Stealth Rock\n|faint|p2a: Weavile\n|\n|t:|1701118441\n|switch|p2a: Sylveon|Sylveon, F|82\/100 tox\n|-damage|p2a: Sylveon|70\/100 tox|[from] Stealth Rock\n|turn|28\n|\n|t:|1701118446\n|move|p1a: Landorus|Earthquake|p2a: Sylveon\n|-crit|p2a: Sylveon\n|-damage|p2a: Sylveon|0 fnt\n|faint|p2a: Sylveon\n|-damage|p1a: Landorus|91\/100|[from] item: Life Orb\n|\n|upkeep\n|\n|t:|1701118452\n|switch|p2a: Zacian|Zacian-Crowned|79\/100\n|-damage|p2a: Zacian|73\/100|[from] Stealth Rock\n|turn|29\n|\n|t:|1701118458\n|move|p2a: Zacian|Behemoth Blade|p1a: Landorus\n|-damage|p1a: Landorus|20\/100\n|move|p1a: Landorus|Earthquake|p2a: Zacian\n|-supereffective|p2a: Zacian\n|-damage|p2a: Zacian|0 fnt\n|faint|p2a: Zacian\n|-damage|p1a: Landorus|11\/100|[from] item: Life Orb\n|\n|win|pacmaster000\n|raw|pacmaster000's rating: 1244 &rarr; <strong>1264<\/strong><br \/>(+20 for winning)\n|raw|Bluemanboy's rating: 1171 &rarr; <strong>1151<\/strong><br \/>(-20 for losing)\n","uploadtime":1701118466,"views":1,"p1id":"pacmaster000","p2id":"bluemanboy","formatid":"gen9nationaldexubers","rating":1151,"private":0,"password":""}