{"id":"gen9nationaldexubers-1980540358","p1":"XX_1nfinity_XX","p2":"JensPass","format":"[Gen 9] National Dex Ubers","log":"|j|\u2606XX_1nfinity_XX\n|j|\u2606JensPass\n|t:|1698795174\n|gametype|singles\n|player|p1|XX_1nfinity_XX|lucas|\n|player|p2|JensPass|1|\n|teamsize|p1|6\n|teamsize|p2|6\n|gen|9\n|tier|[Gen 9] National Dex Ubers\n|rule|HP Percentage Mod: HP is shown in percentages\n|rule|Endless Battle Clause: Forcing endless battles is banned\n|rule|OHKO Clause: OHKO moves are banned\n|rule|Evasion Moves Clause: Evasion moves are banned\n|rule|Evasion Items Clause: Evasion items are banned\n|rule|Species Clause: Limit one of each Pok\u00e9mon\n|rule|Sleep Clause Mod: Limit one foe put to sleep\n|rule|Mega Rayquaza Clause: You cannot mega evolve Rayquaza\n|clearpoke\n|poke|p1|Ceruledge, M|\n|poke|p1|Flutter Mane|\n|poke|p1|Sableye, M|\n|poke|p1|Torkoal, M|\n|poke|p1|Sinistcha|\n|poke|p1|Typhlosion-Hisui, F|\n|poke|p2|Greninja-*, M|\n|poke|p2|Dragapult, M|\n|poke|p2|Iron Treads|\n|poke|p2|Medicham, F|\n|poke|p2|Ninetales-Alola, F|\n|poke|p2|Iron Moth|\n|teampreview\n|inactive|Battle timer is ON: inactive players will automatically lose when time's up. (requested by XX_1nfinity_XX)\n|c|\u2606JensPass|glhf\n|c|\u2606XX_1nfinity_XX|u2\n|\n|t:|1698795188\n|start\n|switch|p1a: Typhlosion|Typhlosion-Hisui, F|100\/100\n|switch|p2a: Medicham|Medicham, F, shiny|100\/100\n|-item|p2a: Medicham|Medichamite|[from] ability: Frisk|[of] p1a: Typhlosion|[identify]\n|turn|1\n|\n|t:|1698795200\n|switch|p2a: Iron Moth|Iron Moth|100\/100\n|-enditem|p2a: Iron Moth|Booster Energy\n|-activate|p2a: Iron Moth|ability: Quark Drive|[fromitem]\n|-start|p2a: Iron Moth|quarkdrivespe\n|move|p1a: Typhlosion|Eruption|p2a: Iron Moth\n|-resisted|p2a: Iron Moth\n|-crit|p2a: Iron Moth\n|-damage|p2a: Iron Moth|47\/100\n|\n|upkeep\n|turn|2\n|\n|t:|1698795209\n|switch|p1a: Sableye|Sableye, M|100\/100\n|move|p2a: Iron Moth|Air Slash|p1a: Sableye\n|-damage|p1a: Sableye|72\/100\n|\n|upkeep\n|turn|3\n|\n|t:|1698795216\n|move|p1a: Sableye|Encore|p2a: Iron Moth\n|-start|p2a: Iron Moth|Encore\n|move|p2a: Iron Moth|Air Slash|p1a: Sableye\n|-damage|p1a: Sableye|44\/100\n|\n|upkeep\n|turn|4\n|\n|t:|1698795218\n|move|p1a: Sableye|Recover|p1a: Sableye\n|-heal|p1a: Sableye|94\/100\n|move|p2a: Iron Moth|Air Slash|p1a: Sableye\n|-damage|p1a: Sableye|67\/100\n|\n|upkeep\n|turn|5\n|\n|t:|1698795234\n|-end|p2a: Iron Moth|Quark Drive|[silent]\n|switch|p2a: Iron Treads|Iron Treads, shiny|100\/100\n|-enditem|p2a: Iron Treads|Booster Energy\n|-activate|p2a: Iron Treads|ability: Quark Drive|[fromitem]\n|-start|p2a: Iron Treads|quarkdrivespe\n|move|p1a: Sableye|Knock Off|p2a: Iron Treads\n|-damage|p2a: Iron Treads|84\/100\n|\n|upkeep\n|turn|6\n|\n|t:|1698795238\n|move|p1a: Sableye|Will-O-Wisp|p2a: Iron Treads\n|-status|p2a: Iron Treads|brn\n|move|p2a: Iron Treads|Earthquake|p1a: Sableye\n|-damage|p1a: Sableye|36\/100\n|\n|-damage|p2a: Iron Treads|78\/100 brn|[from] brn\n|upkeep\n|turn|7\n|\n|t:|1698795249\n|-end|p2a: Iron Treads|Quark Drive|[silent]\n|switch|p2a: Ninetales|Ninetales-Alola, F, shiny|100\/100\n|-weather|Snow|[from] ability: Snow Warning|[of] p2a: Ninetales\n|move|p1a: Sableye|Recover|p1a: Sableye\n|-heal|p1a: Sableye|86\/100\n|\n|-weather|Snow|[upkeep]\n|upkeep\n|turn|8\n|\n|t:|1698795253\n|switch|p1a: Torkoal|Torkoal, M|100\/100\n|-weather|SunnyDay|[from] ability: Drought|[of] p1a: Torkoal\n|move|p2a: Ninetales|Aurora Veil||[still]\n|-fail|p2a: Ninetales\n|\n|-weather|SunnyDay|[upkeep]\n|upkeep\n|turn|9\n|\n|t:|1698795256\n|switch|p2a: Medicham|Medicham, F, shiny|100\/100\n|move|p1a: Torkoal|Lava Plume|p2a: Medicham\n|-damage|p2a: Medicham|37\/100\n|\n|-weather|SunnyDay|[upkeep]\n|upkeep\n|turn|10\n|\n|t:|1698795260\n|detailschange|p2a: Medicham|Medicham-Mega, F, shiny\n|-mega|p2a: Medicham|Medicham|Medichamite\n|move|p2a: Medicham|Psycho Cut|p1a: Torkoal\n|-damage|p1a: Torkoal|68\/100\n|move|p1a: Torkoal|Stealth Rock|p2a: Medicham\n|-sidestart|p2: JensPass|move: Stealth Rock\n|\n|-weather|SunnyDay|[upkeep]\n|upkeep\n|turn|11\n|\n|t:|1698795265\n|move|p2a: Medicham|Psycho Cut|p1a: Torkoal\n|-damage|p1a: Torkoal|36\/100\n|move|p1a: Torkoal|Lava Plume|p2a: Medicham\n|-damage|p2a: Medicham|0 fnt\n|faint|p2a: Medicham\n|\n|-weather|SunnyDay|[upkeep]\n|upkeep\n|\n|t:|1698795267\n|switch|p2a: Iron Treads|Iron Treads, shiny|78\/100 brn\n|-damage|p2a: Iron Treads|75\/100 brn|[from] Stealth Rock\n|turn|12\n|\n|t:|1698795270\n|switch|p1a: Flutter Mane|Flutter Mane|100\/100\n|-activate|p1a: Flutter Mane|ability: Protosynthesis\n|-start|p1a: Flutter Mane|protosynthesisspe\n|move|p2a: Iron Treads|Knock Off|p1a: Flutter Mane\n|-damage|p1a: Flutter Mane|67\/100\n|-enditem|p1a: Flutter Mane|Choice Specs|[from] move: Knock Off|[of] p2a: Iron Treads\n|\n|-weather|SunnyDay|[upkeep]\n|-damage|p2a: Iron Treads|69\/100 brn|[from] brn\n|upkeep\n|turn|13\n|\n|t:|1698795278\n|-terastallize|p1a: Flutter Mane|Fire\n|move|p1a: Flutter Mane|Tera Blast|p2a: Iron Treads|[anim] Tera Blast Fire\n|-supereffective|p2a: Iron Treads\n|-damage|p2a: Iron Treads|0 fnt\n|faint|p2a: Iron Treads\n|-end|p2a: Iron Treads|Quark Drive|[silent]\n|\n|-weather|SunnyDay|[upkeep]\n|upkeep\n|\n|t:|1698795286\n|switch|p2a: Ninetales|Ninetales-Alola, F, shiny|100\/100\n|-damage|p2a: Ninetales|76\/100|[from] Stealth Rock\n|-weather|Snow|[from] ability: Snow Warning|[of] p2a: Ninetales\n|-end|p1a: Flutter Mane|Protosynthesis\n|turn|14\n|\n|t:|1698795294\n|move|p1a: Flutter Mane|Tera Blast|p2a: Ninetales|[anim] Tera Blast Fire\n|-supereffective|p2a: Ninetales\n|-damage|p2a: Ninetales|0 fnt\n|faint|p2a: Ninetales\n|\n|-weather|Snow|[upkeep]\n|upkeep\n|\n|t:|1698795301\n|switch|p2a: Dragapult|Dragapult, M, shiny|100\/100\n|-damage|p2a: Dragapult|88\/100|[from] Stealth Rock\n|turn|15\n|\n|t:|1698795307\n|-end|p1a: Flutter Mane|Protosynthesis|[silent]\n|switch|p1a: Torkoal|Torkoal, M|36\/100\n|-weather|SunnyDay|[from] ability: Drought|[of] p1a: Torkoal\n|move|p2a: Dragapult|Substitute|p2a: Dragapult\n|-start|p2a: Dragapult|Substitute\n|-damage|p2a: Dragapult|63\/100\n|\n|-weather|SunnyDay|[upkeep]\n|-heal|p2a: Dragapult|69\/100|[from] item: Leftovers\n|upkeep\n|turn|16\n|\n|t:|1698795311\n|move|p2a: Dragapult|Hex|p1a: Torkoal\n|-damage|p1a: Torkoal|0 fnt\n|faint|p1a: Torkoal\n|\n|-weather|SunnyDay|[upkeep]\n|-heal|p2a: Dragapult|75\/100|[from] item: Leftovers\n|upkeep\n|\n|t:|1698795318\n|switch|p1a: Ceruledge|Ceruledge, M|100\/100\n|turn|17\n|\n|t:|1698795324\n|move|p1a: Ceruledge|Shadow Sneak|p2a: Dragapult\n|-supereffective|p2a: Dragapult\n|-end|p2a: Dragapult|Substitute\n|move|p2a: Dragapult|Hex|p1a: Ceruledge\n|-supereffective|p1a: Ceruledge\n|-damage|p1a: Ceruledge|32\/100\n|\n|-weather|SunnyDay|[upkeep]\n|-heal|p2a: Dragapult|81\/100|[from] item: Leftovers\n|upkeep\n|turn|18\n|\n|t:|1698795331\n|switch|p2a: Greninja|Greninja, M|100\/100\n|-damage|p2a: Greninja|88\/100|[from] Stealth Rock\n|move|p1a: Ceruledge|Shadow Sneak|p2a: Greninja\n|-resisted|p2a: Greninja\n|-damage|p2a: Greninja|70\/100\n|\n|-weather|SunnyDay|[upkeep]\n|upkeep\n|turn|19\n|\n|t:|1698795336\n|switch|p1a: Sableye|Sableye, M|86\/100\n|move|p2a: Greninja|Shadow Sneak|p1a: Sableye\n|-damage|p1a: Sableye|71\/100\n|\n|-weather|SunnyDay|[upkeep]\n|upkeep\n|turn|20\n|\n|t:|1698795343\n|switch|p2a: Iron Moth|Iron Moth|47\/100\n|-damage|p2a: Iron Moth|22\/100|[from] Stealth Rock\n|detailschange|p1a: Sableye|Sableye-Mega, M\n|-mega|p1a: Sableye|Sableye|Sablenite\n|move|p1a: Sableye|Knock Off|p2a: Iron Moth\n|-damage|p2a: Iron Moth|0 fnt\n|faint|p2a: Iron Moth\n|-end|p2a: Iron Moth|Quark Drive|[silent]\n|\n|-weather|SunnyDay|[upkeep]\n|upkeep\n|\n|t:|1698795348\n|switch|p2a: Dragapult|Dragapult, M, shiny|81\/100\n|-damage|p2a: Dragapult|69\/100|[from] Stealth Rock\n|turn|21\n|c|\u2606JensPass|ggs\n|\n|t:|1698795355\n|move|p2a: Dragapult|Draco Meteor|p1a: Sableye|[miss]\n|-miss|p2a: Dragapult|p1a: Sableye\n|move|p1a: Sableye|Knock Off|p2a: Dragapult\n|-supereffective|p2a: Dragapult\n|-damage|p2a: Dragapult|0 fnt\n|-enditem|p2a: Dragapult|Leftovers|[from] move: Knock Off|[of] p1a: Sableye\n|faint|p2a: Dragapult\n|\n|-weather|SunnyDay|[upkeep]\n|upkeep\n|c|\u2606XX_1nfinity_XX|ggs\n|\n|t:|1698795357\n|switch|p2a: Greninja|Greninja, M|70\/100\n|-damage|p2a: Greninja|58\/100|[from] Stealth Rock\n|turn|22\n|\n|t:|1698795363\n|-terastallize|p2a: Greninja|Dark\n|move|p2a: Greninja|Swords Dance|p2a: Greninja\n|-boost|p2a: Greninja|atk|2\n|move|p1a: Sableye|Knock Off|p2a: Greninja\n|-resisted|p2a: Greninja\n|-damage|p2a: Greninja|31\/100\n|-enditem|p2a: Greninja|Focus Sash|[from] move: Knock Off|[of] p1a: Sableye\n|\n|-weather|none\n|upkeep\n|turn|23\n|\n|t:|1698795369\n|move|p2a: Greninja|Liquidation|p1a: Sableye\n|-damage|p1a: Sableye|1\/100\n|move|p1a: Sableye|Encore|p2a: Greninja\n|-start|p2a: Greninja|Encore\n|\n|upkeep\n|turn|24\n|\n|t:|1698795373\n|switch|p1a: Sinistcha|Sinistcha|100\/100\n|move|p2a: Greninja|Liquidation|p1a: Sinistcha\n|-resisted|p1a: Sinistcha\n|-damage|p1a: Sinistcha|78\/100\n|\n|-heal|p1a: Sinistcha|84\/100|[from] item: Leftovers\n|upkeep\n|turn|25\n|\n|t:|1698795377\n|move|p2a: Greninja|Liquidation|p1a: Sinistcha\n|-resisted|p1a: Sinistcha\n|-damage|p1a: Sinistcha|59\/100\n|move|p1a: Sinistcha|Matcha Gotcha|p2a: Greninja\n|-damage|p2a: Greninja|0 fnt\n|-heal|p1a: Sinistcha|72\/100|[from] drain|[of] p2a: Greninja\n|faint|p2a: Greninja\n|\n|win|XX_1nfinity_XX\n|l|\u2606JensPass\n","uploadtime":1698795388,"views":9,"p1id":"xx1nfinityxx","p2id":"jenspass","formatid":"gen9nationaldexubers","rating":0,"private":0,"password":""}