{"id":"gen9nationaldexubers-1995260818","p1":"jeelio","p2":"Lycanpk","format":"[Gen 9] National Dex Ubers","log":"|j|\u2606jeelio\n|j|\u2606Lycanpk\n|t:|1700542859\n|gametype|singles\n|player|p1|jeelio|benga|\n|player|p2|Lycanpk|1|\n|teamsize|p1|6\n|teamsize|p2|6\n|gen|9\n|tier|[Gen 9] National Dex Ubers\n|rule|HP Percentage Mod: HP is shown in percentages\n|rule|Endless Battle Clause: Forcing endless battles is banned\n|rule|OHKO Clause: OHKO moves are banned\n|rule|Evasion Moves Clause: Evasion moves are banned\n|rule|Evasion Items Clause: Evasion items are banned\n|rule|Species Clause: Limit one of each Pok\u00e9mon\n|rule|Sleep Clause Mod: Limit one foe put to sleep\n|rule|Mega Rayquaza Clause: You cannot mega evolve Rayquaza\n|clearpoke\n|poke|p1|Diancie|\n|poke|p1|Gyarados, F|\n|poke|p1|Amoonguss, F|\n|poke|p1|Ditto|\n|poke|p1|Espathra, F|\n|poke|p1|Dragonite, F|\n|poke|p2|Gliscor, F|\n|poke|p2|Manectric, M|\n|poke|p2|Milotic, F|\n|poke|p2|Great Tusk|\n|poke|p2|Probopass, M|\n|poke|p2|Gengar, M|\n|teampreview\n|c|\u2606jeelio|gl!\n|c|\u2606Lycanpk|glhf!\n|\n|t:|1700542924\n|start\n|switch|p1a: argh|Diancie, shiny|100\/100\n|switch|p2a: Gengar|Gengar, M|100\/100\n|turn|1\n|\n|t:|1700542938\n|detailschange|p1a: argh|Diancie-Mega, shiny\n|-mega|p1a: argh|Diancie|Diancite\n|move|p1a: argh|Earth Power|p2a: Gengar\n|-supereffective|p2a: Gengar\n|-damage|p2a: Gengar|0 fnt\n|-start|p1a: argh|Disable|Earth Power|[from] ability: Cursed Body|[of] p2a: Gengar\n|faint|p2a: Gengar\n|\n|upkeep\n|\n|t:|1700542964\n|switch|p2a: Milotic|Milotic, F|100\/100\n|turn|2\n|\n|t:|1700542970\n|switch|p1a: gaah|Amoonguss, F|100\/100\n|move|p2a: Milotic|Scald|p1a: gaah\n|-resisted|p1a: gaah\n|-crit|p1a: gaah\n|-damage|p1a: gaah|80\/100\n|\n|-heal|p1a: gaah|86\/100|[from] item: Leftovers\n|-status|p2a: Milotic|brn|[from] item: Flame Orb\n|upkeep\n|turn|3\n|\n|t:|1700542996\n|switch|p2a: Probopass|Probopass, M|100\/100\n|move|p1a: gaah|Giga Drain|p2a: Probopass\n|-damage|p2a: Probopass|86\/100\n|-heal|p1a: gaah|92\/100|[from] drain|[of] p2a: Probopass\n|\n|-heal|p2a: Probopass|92\/100|[from] item: Leftovers\n|-heal|p1a: gaah|98\/100|[from] item: Leftovers\n|upkeep\n|turn|4\n|\n|t:|1700543008\n|move|p2a: Probopass|Stealth Rock|p1a: gaah\n|-sidestart|p1: jeelio|move: Stealth Rock\n|move|p1a: gaah|Spore|p2a: Probopass\n|-status|p2a: Probopass|slp|[from] move: Spore\n|\n|-heal|p2a: Probopass|98\/100 slp|[from] item: Leftovers\n|-heal|p1a: gaah|100\/100|[from] item: Leftovers\n|upkeep\n|turn|5\n|\n|t:|1700543022\n|switch|p1a: draa|Dragonite, F|100\/100\n|cant|p2a: Probopass|slp\n|\n|-heal|p2a: Probopass|100\/100 slp|[from] item: Leftovers\n|upkeep\n|turn|6\n|\n|t:|1700543047\n|switch|p2a: Milotic|Milotic, F|100\/100 brn\n|move|p1a: draa|Dragon Dance|p1a: draa\n|-boost|p1a: draa|atk|1\n|-boost|p1a: draa|spe|1\n|\n|-damage|p2a: Milotic|94\/100 brn|[from] brn\n|upkeep\n|turn|7\n|\n|t:|1700543063\n|switch|p1a: gaah|Amoonguss, F|100\/100\n|-damage|p1a: gaah|88\/100|[from] Stealth Rock\n|move|p2a: Milotic|Dragon Tail|p1a: gaah\n|-damage|p1a: gaah|85\/100\n|drag|p1a: argh|Diancie-Mega, shiny|100\/100\n|-damage|p1a: argh|88\/100|[from] Stealth Rock\n|\n|-damage|p2a: Milotic|88\/100 brn|[from] brn\n|upkeep\n|turn|8\n|\n|t:|1700543076\n|switch|p1a: gaah|Amoonguss, F|100\/100\n|-damage|p1a: gaah|88\/100|[from] Stealth Rock\n|move|p2a: Milotic|Scald|p1a: gaah\n|-resisted|p1a: gaah\n|-damage|p1a: gaah|74\/100\n|\n|-heal|p1a: gaah|80\/100|[from] item: Leftovers\n|-damage|p2a: Milotic|82\/100 brn|[from] brn\n|upkeep\n|turn|9\n|\n|t:|1700543088\n|switch|p2a: Probopass|Probopass, M|100\/100 slp\n|move|p1a: gaah|Giga Drain|p2a: Probopass\n|-damage|p2a: Probopass|85\/100 slp\n|-heal|p1a: gaah|86\/100|[from] drain|[of] p2a: Probopass\n|\n|-heal|p2a: Probopass|91\/100 slp|[from] item: Leftovers\n|-heal|p1a: gaah|93\/100|[from] item: Leftovers\n|upkeep\n|turn|10\n|\n|t:|1700543100\n|cant|p2a: Probopass|slp\n|move|p1a: gaah|Giga Drain|p2a: Probopass\n|-damage|p2a: Probopass|75\/100 slp\n|-heal|p1a: gaah|99\/100|[from] drain|[of] p2a: Probopass\n|\n|-heal|p2a: Probopass|81\/100 slp|[from] item: Leftovers\n|-heal|p1a: gaah|100\/100|[from] item: Leftovers\n|upkeep\n|turn|11\n|\n|t:|1700543110\n|-curestatus|p2a: Probopass|slp|[msg]\n|move|p2a: Probopass|Flash Cannon|p1a: gaah\n|-damage|p1a: gaah|81\/100\n|move|p1a: gaah|Giga Drain|p2a: Probopass\n|-damage|p2a: Probopass|67\/100\n|-heal|p1a: gaah|86\/100|[from] drain|[of] p2a: Probopass\n|\n|-heal|p2a: Probopass|73\/100|[from] item: Leftovers\n|-heal|p1a: gaah|93\/100|[from] item: Leftovers\n|upkeep\n|turn|12\n|\n|t:|1700543127\n|move|p2a: Probopass|Volt Switch|p1a: gaah\n|-resisted|p1a: gaah\n|-damage|p1a: gaah|86\/100\n|\n|t:|1700543148\n|switch|p2a: Gliscor|Gliscor, F|100\/100|[from] Volt Switch\n|move|p1a: gaah|Spore|p2a: Gliscor\n|-status|p2a: Gliscor|slp|[from] move: Spore\n|\n|-heal|p1a: gaah|93\/100|[from] item: Leftovers\n|upkeep\n|turn|13\n|\n|t:|1700543167\n|switch|p2a: Probopass|Probopass, M|73\/100\n|switch|p1a: uhhh|Gyarados, F, shiny|100\/100\n|-damage|p1a: uhhh|76\/100|[from] Stealth Rock\n|\n|-heal|p2a: Probopass|79\/100|[from] item: Leftovers\n|upkeep\n|turn|14\n|\n|t:|1700543177\n|move|p1a: uhhh|Waterfall|p2a: Probopass\n|-supereffective|p2a: Probopass\n|-damage|p2a: Probopass|9\/100\n|move|p2a: Probopass|Volt Switch|p1a: uhhh\n|-supereffective|p1a: uhhh\n|-damage|p1a: uhhh|19\/100\n|\n|t:|1700543187\n|switch|p2a: Manectric|Manectric, M|100\/100|[from] Volt Switch\n|\n|upkeep\n|turn|15\n|\n|t:|1700543207\n|detailschange|p2a: Manectric|Manectric-Mega, M\n|-mega|p2a: Manectric|Manectric|Manectite\n|-ability|p2a: Manectric|Intimidate|boost\n|-unboost|p1a: uhhh|atk|1\n|move|p2a: Manectric|Thunderbolt|p1a: uhhh\n|-supereffective|p1a: uhhh\n|-damage|p1a: uhhh|0 fnt\n|faint|p1a: uhhh\n|\n|upkeep\n|\n|t:|1700543228\n|switch|p1a: argh|Diancie-Mega, shiny|88\/100\n|-damage|p1a: argh|76\/100|[from] Stealth Rock\n|turn|16\n|\n|t:|1700543260\n|move|p2a: Manectric|Volt Switch|p1a: argh\n|-damage|p1a: argh|23\/100\n|\n|t:|1700543267\n|switch|p2a: Gliscor|Gliscor, F|100\/100 slp|[from] Volt Switch\n|move|p1a: argh|Earth Power|p2a: Gliscor\n|-immune|p2a: Gliscor\n|\n|upkeep\n|turn|17\n|\n|t:|1700543279\n|move|p1a: argh|Moonblast|p2a: Gliscor\n|-damage|p2a: Gliscor|45\/100 slp\n|cant|p2a: Gliscor|slp\n|\n|upkeep\n|turn|18\n|\n|t:|1700543286\n|switch|p2a: Probopass|Probopass, M|9\/100\n|move|p1a: argh|Moonblast|p2a: Probopass\n|-resisted|p2a: Probopass\n|-damage|p2a: Probopass|0 fnt\n|faint|p2a: Probopass\n|\n|upkeep\n|\n|t:|1700543294\n|switch|p2a: Gliscor|Gliscor, F|45\/100 slp\n|turn|19\n|\n|t:|1700543299\n|move|p1a: argh|Moonblast|p2a: Gliscor\n|-damage|p2a: Gliscor|0 fnt\n|faint|p2a: Gliscor\n|\n|upkeep\n|\n|t:|1700543306\n|switch|p2a: Manectric|Manectric-Mega, M|100\/100\n|-ability|p2a: Manectric|Intimidate|boost\n|-unboost|p1a: argh|atk|1\n|turn|20\n|\n|t:|1700543316\n|switch|p1a: gaah|Amoonguss, F|100\/100\n|-damage|p1a: gaah|88\/100|[from] Stealth Rock\n|move|p2a: Manectric|Volt Switch|p1a: gaah\n|-resisted|p1a: gaah\n|-damage|p1a: gaah|69\/100\n|\n|t:|1700543331\n|switch|p2a: Milotic|Milotic, F|82\/100 brn|[from] Volt Switch\n|\n|-heal|p1a: gaah|75\/100|[from] item: Leftovers\n|-damage|p2a: Milotic|76\/100 brn|[from] brn\n|upkeep\n|turn|21\n|\n|t:|1700543381\n|move|p1a: gaah|Giga Drain|p2a: Milotic\n|-supereffective|p2a: Milotic\n|-damage|p2a: Milotic|47\/100 brn\n|-heal|p1a: gaah|88\/100|[from] drain|[of] p2a: Milotic\n|move|p2a: Milotic|Dragon Tail|p1a: gaah\n|-damage|p1a: gaah|85\/100\n|drag|p1a: draa|Dragonite, F|100\/100\n|\n|-damage|p2a: Milotic|41\/100 brn|[from] brn\n|upkeep\n|turn|22\n|\n|t:|1700543422\n|move|p2a: Milotic|Recover|p2a: Milotic\n|-heal|p2a: Milotic|91\/100 brn\n|move|p1a: draa|Dragon Dance|p1a: draa\n|-boost|p1a: draa|atk|1\n|-boost|p1a: draa|spe|1\n|\n|-damage|p2a: Milotic|85\/100 brn|[from] brn\n|upkeep\n|turn|23\n|\n|t:|1700543450\n|switch|p1a: gaah|Amoonguss, F|100\/100\n|-damage|p1a: gaah|88\/100|[from] Stealth Rock\n|move|p2a: Milotic|Ice Beam|p1a: gaah\n|-supereffective|p1a: gaah\n|-damage|p1a: gaah|52\/100\n|-status|p1a: gaah|frz\n|\n|-heal|p1a: gaah|58\/100 frz|[from] item: Leftovers\n|-damage|p2a: Milotic|79\/100 brn|[from] brn\n|upkeep\n|turn|24\n|\n|t:|1700543462\n|move|p2a: Milotic|Ice Beam|p1a: gaah\n|-supereffective|p1a: gaah\n|-damage|p1a: gaah|22\/100 frz\n|cant|p1a: gaah|frz\n|\n|-heal|p1a: gaah|28\/100 frz|[from] item: Leftovers\n|-damage|p2a: Milotic|73\/100 brn|[from] brn\n|upkeep\n|turn|25\n|\n|t:|1700543502\n|move|p2a: Milotic|Ice Beam|p1a: gaah\n|-supereffective|p1a: gaah\n|-damage|p1a: gaah|0 fnt\n|faint|p1a: gaah\n|\n|-damage|p2a: Milotic|67\/100 brn|[from] brn\n|upkeep\n|\n|t:|1700543511\n|switch|p1a: raaahhh|Espathra, F|100\/100\n|-damage|p1a: raaahhh|88\/100|[from] Stealth Rock\n|turn|26\n|\n|t:|1700543541\n|move|p1a: raaahhh|Calm Mind|p1a: raaahhh\n|-boost|p1a: raaahhh|spa|1\n|-boost|p1a: raaahhh|spd|1\n|move|p2a: Milotic|Dragon Tail|p1a: raaahhh\n|-damage|p1a: raaahhh|84\/100\n|drag|p1a: duuuhh|Ditto|100\/100\n|-damage|p1a: duuuhh|88\/100|[from] Stealth Rock\n|-transform|p1a: duuuhh|p2a: Milotic|[from] ability: Imposter\n|\n|-damage|p2a: Milotic|61\/100 brn|[from] brn\n|upkeep\n|turn|27\n|\n|t:|1700543562\n|move|p2a: Milotic|Scald|p1a: duuuhh\n|-resisted|p1a: duuuhh\n|-damage|p1a: duuuhh|77\/100\n|move|p1a: duuuhh|Dragon Tail|p2a: Milotic\n|-damage|p2a: Milotic|56\/100 brn\n|drag|p2a: Great Tusk|Great Tusk|100\/100\n|-enditem|p2a: Great Tusk|Booster Energy\n|-activate|p2a: Great Tusk|ability: Protosynthesis|[fromitem]\n|-start|p2a: Great Tusk|protosynthesisspe\n|\n|upkeep\n|turn|28\n|\n|t:|1700543587\n|-end|p2a: Great Tusk|Protosynthesis|[silent]\n|switch|p2a: Milotic|Milotic, F|56\/100 brn\n|move|p1a: duuuhh|Dragon Tail|p2a: Milotic\n|-damage|p2a: Milotic|52\/100 brn\n|drag|p2a: Manectric|Manectric-Mega, M|100\/100\n|-ability|p2a: Manectric|Intimidate|boost\n|-unboost|p1a: duuuhh|atk|1\n|\n|upkeep\n|turn|29\n|\n|t:|1700543613\n|move|p2a: Manectric|Volt Switch|p1a: duuuhh\n|-supereffective|p1a: duuuhh\n|-damage|p1a: duuuhh|13\/100\n|\n|t:|1700543618\n|switch|p2a: Milotic|Milotic, F|52\/100 brn|[from] Volt Switch\n|move|p1a: duuuhh|Dragon Tail|p2a: Milotic\n|-damage|p2a: Milotic|48\/100 brn\n|drag|p2a: Great Tusk|Great Tusk|100\/100\n|\n|upkeep\n|turn|30\n|\n|t:|1700543629\n|-end|p2a: Great Tusk|Protosynthesis|[silent]\n|switch|p2a: Milotic|Milotic, F|48\/100 brn\n|move|p1a: duuuhh|Dragon Tail|p2a: Milotic\n|-damage|p2a: Milotic|45\/100 brn\n|drag|p2a: Great Tusk|Great Tusk|100\/100\n|\n|upkeep\n|turn|31\n|\n|t:|1700543636\n|-end|p2a: Great Tusk|Protosynthesis|[silent]\n|switch|p2a: Milotic|Milotic, F|45\/100 brn\n|move|p1a: duuuhh|Dragon Tail|p2a: Milotic\n|-damage|p2a: Milotic|42\/100 brn\n|drag|p2a: Great Tusk|Great Tusk|100\/100\n|\n|upkeep\n|turn|32\n|\n|t:|1700543644\n|-end|p2a: Great Tusk|Protosynthesis|[silent]\n|switch|p2a: Milotic|Milotic, F|42\/100 brn\n|-activate|p1a: duuuhh|move: Struggle\n|move|p1a: duuuhh|Struggle|p2a: Milotic\n|-damage|p2a: Milotic|39\/100 brn\n|-damage|p1a: duuuhh|0 fnt|[from] recoil\n|faint|p1a: duuuhh\n|\n|-damage|p2a: Milotic|33\/100 brn|[from] brn\n|upkeep\n|\n|t:|1700543658\n|switch|p1a: argh|Diancie-Mega, shiny|23\/100\n|-damage|p1a: argh|11\/100|[from] Stealth Rock\n|turn|33\n|\n|t:|1700543674\n|move|p1a: argh|Moonblast|p2a: Milotic\n|-damage|p2a: Milotic|0 fnt\n|faint|p2a: Milotic\n|\n|upkeep\n|\n|t:|1700543679\n|switch|p2a: Manectric|Manectric-Mega, M|100\/100\n|-ability|p2a: Manectric|Intimidate|boost\n|-unboost|p1a: argh|atk|1\n|turn|34\n|\n|t:|1700543719\n|switch|p1a: raaahhh|Espathra, F|84\/100\n|-damage|p1a: raaahhh|71\/100|[from] Stealth Rock\n|move|p2a: Manectric|Thunderbolt|p1a: raaahhh\n|-damage|p1a: raaahhh|0 fnt\n|faint|p1a: raaahhh\n|\n|upkeep\n|\n|t:|1700543726\n|switch|p1a: draa|Dragonite, F|100\/100\n|turn|35\n|\n|t:|1700543790\n|move|p1a: draa|Earthquake|p2a: Manectric\n|-supereffective|p2a: Manectric\n|-damage|p2a: Manectric|0 fnt\n|faint|p2a: Manectric\n|\n|upkeep\n|\n|t:|1700543796\n|switch|p2a: Great Tusk|Great Tusk|100\/100\n|turn|36\n|\n|t:|1700543813\n|move|p2a: Great Tusk|Ice Spinner|p1a: draa\n|-supereffective|p1a: draa\n|-damage|p1a: draa|56\/100\n|move|p1a: draa|Earthquake|p2a: Great Tusk\n|-damage|p2a: Great Tusk|76\/100\n|\n|upkeep\n|turn|37\n|c|\u2606Lycanpk|is that dragonnite choice scarf?\n|\n|t:|1700543865\n|move|p2a: Great Tusk|Ice Spinner|p1a: draa\n|-supereffective|p1a: draa\n|-damage|p1a: draa|0 fnt\n|faint|p1a: draa\n|\n|upkeep\n|\n|t:|1700543872\n|switch|p1a: argh|Diancie-Mega, shiny|11\/100\n|-damage|p1a: argh|0 fnt|[from] Stealth Rock\n|faint|p1a: argh\n|\n|win|Lycanpk\n|c|\u2606jeelio|gg\n|c|\u2606jeelio|nope\n|c|\u2606Lycanpk|HOLY SHIT\n|c|\u2606jeelio|shouldve ran defog :(\n|c|\u2606jeelio|gg very well played\n|c|\u2606jeelio|i had nothing for the milotic\n","uploadtime":1700543903,"views":10,"p1id":"jeelio","p2id":"lycanpk","formatid":"gen9nationaldexubers","rating":0,"private":0,"password":""}