{"id":"gen9nationaldexubers-1992040247","p1":"INSECT-M0DE\ufe0f\u2733\ufe0f","p2":"ash ash jr","format":"[Gen 9] National Dex Ubers","log":"|j|\u2606INSECT-M0DE\ufe0f\u2733\ufe0f\n|j|\u2606ash ash jr\n|t:|1700150037\n|gametype|singles\n|player|p1|INSECT-M0DE\ufe0f\u2733\ufe0f|viola|1015\n|player|p2|ash ash jr|1|1119\n|teamsize|p1|6\n|teamsize|p2|6\n|gen|9\n|tier|[Gen 9] National Dex Ubers\n|rated|\n|rule|HP Percentage Mod: HP is shown in percentages\n|rule|Endless Battle Clause: Forcing endless battles is banned\n|rule|OHKO Clause: OHKO moves are banned\n|rule|Evasion Moves Clause: Evasion moves are banned\n|rule|Evasion Items Clause: Evasion items are banned\n|rule|Species Clause: Limit one of each Pok\u00e9mon\n|rule|Sleep Clause Mod: Limit one foe put to sleep\n|rule|Mega Rayquaza Clause: You cannot mega evolve Rayquaza\n|clearpoke\n|poke|p1|Shuckle, M|\n|poke|p1|Silvally-*|\n|poke|p1|Scyther, F|\n|poke|p1|Beedrill, F|\n|poke|p1|Scolipede, F|\n|poke|p1|Buzzwole|\n|poke|p2|Alakazam, M|\n|poke|p2|Chi-Yu|\n|poke|p2|Dracovish|\n|poke|p2|Gholdengo|\n|poke|p2|Flutter Mane|\n|poke|p2|Torkoal, L55, F|\n|teampreview\n|\n|t:|1700150045\n|start\n|switch|p1a: \ud83d\udd78SHUCKLE\ud83d\udd78\ud83e\udda0|Shuckle, M|100\/100\n|switch|p2a: Alakazam|Alakazam, M|100\/100\n|turn|1\n|\n|t:|1700150055\n|detailschange|p2a: Alakazam|Alakazam-Mega, M\n|-mega|p2a: Alakazam|Alakazam|Alakazite\n|-ability|p2a: Alakazam|Sturdy|[from] ability: Trace|[of] p1a: \ud83d\udd78SHUCKLE\ud83d\udd78\ud83e\udda0\n|move|p2a: Alakazam|Focus Blast|p1a: \ud83d\udd78SHUCKLE\ud83d\udd78\ud83e\udda0\n|-damage|p1a: \ud83d\udd78SHUCKLE\ud83d\udd78\ud83e\udda0|66\/100\n|move|p1a: \ud83d\udd78SHUCKLE\ud83d\udd78\ud83e\udda0|Sticky Web|p2a: Alakazam\n|-sidestart|p2: ash ash jr|move: Sticky Web\n|\n|-heal|p1a: \ud83d\udd78SHUCKLE\ud83d\udd78\ud83e\udda0|73\/100|[from] item: Leftovers\n|upkeep\n|turn|2\n|\n|t:|1700150068\n|move|p2a: Alakazam|Calm Mind|p2a: Alakazam\n|-boost|p2a: Alakazam|spa|1\n|-boost|p2a: Alakazam|spd|1\n|move|p1a: \ud83d\udd78SHUCKLE\ud83d\udd78\ud83e\udda0|String Shot|p2a: Alakazam|[miss]\n|-miss|p1a: \ud83d\udd78SHUCKLE\ud83d\udd78\ud83e\udda0|p2a: Alakazam\n|\n|-heal|p1a: \ud83d\udd78SHUCKLE\ud83d\udd78\ud83e\udda0|79\/100|[from] item: Leftovers\n|upkeep\n|turn|3\n|\n|t:|1700150077\n|move|p2a: Alakazam|Shadow Ball|p1a: \ud83d\udd78SHUCKLE\ud83d\udd78\ud83e\udda0\n|-damage|p1a: \ud83d\udd78SHUCKLE\ud83d\udd78\ud83e\udda0|41\/100\n|move|p1a: \ud83d\udd78SHUCKLE\ud83d\udd78\ud83e\udda0|String Shot|p2a: Alakazam\n|-unboost|p2a: Alakazam|spe|2\n|\n|-heal|p1a: \ud83d\udd78SHUCKLE\ud83d\udd78\ud83e\udda0|47\/100|[from] item: Leftovers\n|upkeep\n|turn|4\n|\n|t:|1700150087\n|move|p2a: Alakazam|Psychic|p1a: \ud83d\udd78SHUCKLE\ud83d\udd78\ud83e\udda0\n|-damage|p1a: \ud83d\udd78SHUCKLE\ud83d\udd78\ud83e\udda0|0 fnt\n|faint|p1a: \ud83d\udd78SHUCKLE\ud83d\udd78\ud83e\udda0\n|\n|upkeep\n|\n|t:|1700150097\n|switch|p1a: \ud83e\udeb0\ud83d\udd78BUZZWOLE\ud83d\udd78\ud83e\udd9f|Buzzwole, shiny|100\/100\n|turn|5\n|\n|t:|1700150103\n|-terastallize|p1a: \ud83e\udeb0\ud83d\udd78BUZZWOLE\ud83d\udd78\ud83e\udd9f|Bug\n|move|p1a: \ud83e\udeb0\ud83d\udd78BUZZWOLE\ud83d\udd78\ud83e\udd9f|Leech Life|p2a: Alakazam\n|-supereffective|p2a: Alakazam\n|-ability|p2a: Alakazam|Sturdy\n|-damage|p2a: Alakazam|1\/100\n|move|p2a: Alakazam|Psychic|p1a: \ud83e\udeb0\ud83d\udd78BUZZWOLE\ud83d\udd78\ud83e\udd9f\n|-damage|p1a: \ud83e\udeb0\ud83d\udd78BUZZWOLE\ud83d\udd78\ud83e\udd9f|8\/100\n|\n|upkeep\n|turn|6\n|\n|t:|1700150114\n|move|p1a: \ud83e\udeb0\ud83d\udd78BUZZWOLE\ud83d\udd78\ud83e\udd9f|Fell Stinger|p2a: Alakazam\n|-supereffective|p2a: Alakazam\n|-damage|p2a: Alakazam|0 fnt\n|faint|p2a: Alakazam\n|-ability|p1a: \ud83e\udeb0\ud83d\udd78BUZZWOLE\ud83d\udd78\ud83e\udd9f|Beast Boost|boost\n|-boost|p1a: \ud83e\udeb0\ud83d\udd78BUZZWOLE\ud83d\udd78\ud83e\udd9f|atk|1\n|-boost|p1a: \ud83e\udeb0\ud83d\udd78BUZZWOLE\ud83d\udd78\ud83e\udd9f|atk|3\n|\n|upkeep\n|\n|t:|1700150120\n|switch|p2a: Torkoal|Torkoal, L55, F|100\/100\n|-activate|p2a: Torkoal|move: Sticky Web\n|-unboost|p2a: Torkoal|spe|1\n|-weather|SunnyDay|[from] ability: Drought|[of] p2a: Torkoal\n|turn|7\n|\n|t:|1700150126\n|move|p1a: \ud83e\udeb0\ud83d\udd78BUZZWOLE\ud83d\udd78\ud83e\udd9f|Leech Life|p2a: Torkoal\n|-resisted|p2a: Torkoal\n|-damage|p2a: Torkoal|0 fnt\n|-heal|p1a: \ud83e\udeb0\ud83d\udd78BUZZWOLE\ud83d\udd78\ud83e\udd9f|35\/100|[from] drain|[of] p2a: Torkoal\n|faint|p2a: Torkoal\n|-ability|p1a: \ud83e\udeb0\ud83d\udd78BUZZWOLE\ud83d\udd78\ud83e\udd9f|Beast Boost|boost\n|-boost|p1a: \ud83e\udeb0\ud83d\udd78BUZZWOLE\ud83d\udd78\ud83e\udd9f|atk|1\n|\n|-weather|SunnyDay|[upkeep]\n|upkeep\n|\n|t:|1700150138\n|switch|p2a: Flutter Mane|Flutter Mane|100\/100\n|-activate|p2a: Flutter Mane|move: Sticky Web\n|-unboost|p2a: Flutter Mane|spe|1\n|-activate|p2a: Flutter Mane|ability: Protosynthesis\n|-start|p2a: Flutter Mane|protosynthesisspa\n|turn|8\n|\n|t:|1700150150\n|-terastallize|p2a: Flutter Mane|Fairy\n|move|p2a: Flutter Mane|Moonblast|p1a: \ud83e\udeb0\ud83d\udd78BUZZWOLE\ud83d\udd78\ud83e\udd9f\n|-damage|p1a: \ud83e\udeb0\ud83d\udd78BUZZWOLE\ud83d\udd78\ud83e\udd9f|0 fnt\n|faint|p1a: \ud83e\udeb0\ud83d\udd78BUZZWOLE\ud83d\udd78\ud83e\udd9f\n|\n|-weather|SunnyDay|[upkeep]\n|upkeep\n|\n|t:|1700150160\n|switch|p1a: \ud83d\udc1d\ud83d\udd78KILLER BEE\ud83d\udd78\ud83d\udc1d|Beedrill, F|100\/100\n|turn|9\n|\n|t:|1700150168\n|detailschange|p1a: \ud83d\udc1d\ud83d\udd78KILLER BEE\ud83d\udd78\ud83d\udc1d|Beedrill-Mega, F\n|-mega|p1a: \ud83d\udc1d\ud83d\udd78KILLER BEE\ud83d\udd78\ud83d\udc1d|Beedrill|Beedrillite\n|move|p1a: \ud83d\udc1d\ud83d\udd78KILLER BEE\ud83d\udd78\ud83d\udc1d|Poison Jab|p2a: Flutter Mane\n|-supereffective|p2a: Flutter Mane\n|-damage|p2a: Flutter Mane|0 fnt\n|faint|p2a: Flutter Mane\n|-end|p2a: Flutter Mane|Protosynthesis|[silent]\n|\n|-weather|SunnyDay|[upkeep]\n|upkeep\n|\n|t:|1700150173\n|switch|p2a: Dracovish|Dracovish|100\/100\n|-activate|p2a: Dracovish|move: Sticky Web\n|-unboost|p2a: Dracovish|spe|1\n|turn|10\n|\n|t:|1700150182\n|move|p1a: \ud83d\udc1d\ud83d\udd78KILLER BEE\ud83d\udd78\ud83d\udc1d|Poison Jab|p2a: Dracovish\n|-damage|p2a: Dracovish|30\/100\n|move|p2a: Dracovish|Fishious Rend|p1a: \ud83d\udc1d\ud83d\udd78KILLER BEE\ud83d\udd78\ud83d\udc1d\n|-damage|p1a: \ud83d\udc1d\ud83d\udd78KILLER BEE\ud83d\udd78\ud83d\udc1d|34\/100\n|\n|-weather|SunnyDay|[upkeep]\n|upkeep\n|turn|11\n|\n|t:|1700150190\n|move|p1a: \ud83d\udc1d\ud83d\udd78KILLER BEE\ud83d\udd78\ud83d\udc1d|Fell Stinger|p2a: Dracovish\n|-damage|p2a: Dracovish|0 fnt\n|faint|p2a: Dracovish\n|-boost|p1a: \ud83d\udc1d\ud83d\udd78KILLER BEE\ud83d\udd78\ud83d\udc1d|atk|3\n|\n|-weather|SunnyDay|[upkeep]\n|upkeep\n|\n|t:|1700150198\n|switch|p2a: Chi-Yu|Chi-Yu|100\/100\n|-activate|p2a: Chi-Yu|move: Sticky Web\n|-unboost|p2a: Chi-Yu|spe|1\n|-ability|p2a: Chi-Yu|Beads of Ruin\n|turn|12\n|\n|t:|1700150206\n|move|p1a: \ud83d\udc1d\ud83d\udd78KILLER BEE\ud83d\udd78\ud83d\udc1d|Twineedle|p2a: Chi-Yu\n|-damage|p2a: Chi-Yu|10\/100\n|-damage|p2a: Chi-Yu|0 fnt\n|faint|p2a: Chi-Yu\n|-hitcount|p2: Chi-Yu|2\n|\n|-weather|SunnyDay|[upkeep]\n|upkeep\n|\n|t:|1700150211\n|switch|p2a: Gholdengo|Gholdengo|100\/100\n|-activate|p2a: Gholdengo|move: Sticky Web\n|-unboost|p2a: Gholdengo|spe|1\n|turn|13\n|\n|t:|1700150223\n|move|p1a: \ud83d\udc1d\ud83d\udd78KILLER BEE\ud83d\udd78\ud83d\udc1d|X-Scissor|p2a: Gholdengo\n|-resisted|p2a: Gholdengo\n|-damage|p2a: Gholdengo|52\/100\n|move|p2a: Gholdengo|Flash Cannon|p1a: \ud83d\udc1d\ud83d\udd78KILLER BEE\ud83d\udd78\ud83d\udc1d\n|-damage|p1a: \ud83d\udc1d\ud83d\udd78KILLER BEE\ud83d\udd78\ud83d\udc1d|0 fnt\n|faint|p1a: \ud83d\udc1d\ud83d\udd78KILLER BEE\ud83d\udd78\ud83d\udc1d\n|\n|-weather|SunnyDay|[upkeep]\n|upkeep\n|\n|t:|1700150237\n|switch|p1a: SILVALLY\ud83e\udeb2INSECT|Silvally-Bug, shiny|100\/100\n|turn|14\n|\n|t:|1700150243\n|move|p1a: SILVALLY\ud83e\udeb2INSECT|Swords Dance|p1a: SILVALLY\ud83e\udeb2INSECT\n|-boost|p1a: SILVALLY\ud83e\udeb2INSECT|atk|2\n|move|p2a: Gholdengo|Nasty Plot|p2a: Gholdengo\n|-boost|p2a: Gholdengo|spa|2\n|\n|-weather|none\n|upkeep\n|turn|15\n|\n|t:|1700150251\n|move|p1a: SILVALLY\ud83e\udeb2INSECT|Multi-Attack|p2a: Gholdengo\n|-resisted|p2a: Gholdengo\n|-damage|p2a: Gholdengo|24\/100\n|move|p2a: Gholdengo|Flash Cannon|p1a: SILVALLY\ud83e\udeb2INSECT\n|-damage|p1a: SILVALLY\ud83e\udeb2INSECT|16\/100\n|\n|upkeep\n|turn|16\n|\n|t:|1700150262\n|move|p1a: SILVALLY\ud83e\udeb2INSECT|Multi-Attack|p2a: Gholdengo\n|-resisted|p2a: Gholdengo\n|-damage|p2a: Gholdengo|0 fnt\n|faint|p2a: Gholdengo\n|\n|win|INSECT-M0DE\ufe0f\u2733\ufe0f\n|raw|INSECT-M0DE\ufe0f\u2733\ufe0f's rating: 1015 &rarr; <strong>1064<\/strong><br \/>(+49 for winning)\n|raw|ash ash jr's rating: 1119 &rarr; <strong>1087<\/strong><br \/>(-32 for losing)\n|l|\u2606ash ash jr\n|l|\u2606INSECT-M0DE\ufe0f\u2733\ufe0f\n|j|\u2606INSECT-M0DE\ufe0f\u2733\ufe0f\n|player|p1|INSECT-M0DE\ufe0f\u2733\ufe0f|viola\n","uploadtime":1700150281,"views":9,"p1id":"insectm0de","p2id":"ashashjr","formatid":"gen9nationaldexubers","rating":1064,"private":0,"password":""}