{"id":"gen9nationaldexubers-1980735784","p1":"Chaitanya15","p2":"opop777","format":"[Gen 9] National Dex Ubers","log":"|j|\u2606Chaitanya15\n|j|\u2606opop777\n|t:|1698822389\n|gametype|singles\n|player|p1|Chaitanya15|170|1325\n|player|p2|opop777|170|1333\n|teamsize|p1|6\n|teamsize|p2|6\n|gen|9\n|tier|[Gen 9] National Dex Ubers\n|rated|\n|rule|HP Percentage Mod: HP is shown in percentages\n|rule|Endless Battle Clause: Forcing endless battles is banned\n|rule|OHKO Clause: OHKO moves are banned\n|rule|Evasion Moves Clause: Evasion moves are banned\n|rule|Evasion Items Clause: Evasion items are banned\n|rule|Species Clause: Limit one of each Pok\u00e9mon\n|rule|Sleep Clause Mod: Limit one foe put to sleep\n|rule|Mega Rayquaza Clause: You cannot mega evolve Rayquaza\n|clearpoke\n|poke|p1|Kingambit, M|\n|poke|p1|Basculegion, M|\n|poke|p1|Pikachu, F|\n|poke|p1|Kyogre|\n|poke|p1|Flutter Mane|\n|poke|p1|Deoxys-Speed|\n|poke|p2|Annihilape, F|\n|poke|p2|Arceus-Fairy|\n|poke|p2|Groudon|\n|poke|p2|Yveltal|\n|poke|p2|Ditto|\n|poke|p2|Metagross|\n|teampreview\n|inactive|Battle timer is ON: inactive players will automatically lose when time's up. (requested by opop777)\n|l|\u2606Chaitanya15\n|inactive|Chaitanya15 disconnected and has a minute to reconnect!\n|player|p1|\n|j|\u2606Chaitanya15\n|inactive|Chaitanya15 reconnected and has 120 seconds left.\n|player|p1|Chaitanya15|170\n|\n|t:|1698822433\n|start\n|switch|p1a: Deoxys|Deoxys-Speed|100\/100\n|switch|p2a: Annihilape|Annihilape, F|100\/100\n|-ability|p1a: Deoxys|Pressure\n|turn|1\n|\n|t:|1698822451\n|move|p1a: Deoxys|Stealth Rock|p2a: Annihilape\n|-sidestart|p2: opop777|move: Stealth Rock\n|move|p2a: Annihilape|Taunt|p1a: Deoxys\n|-start|p1a: Deoxys|move: Taunt\n|\n|upkeep\n|turn|2\n|\n|t:|1698822462\n|move|p1a: Deoxys|Psychic|p2a: Annihilape\n|-supereffective|p2a: Annihilape\n|-damage|p2a: Annihilape|48\/100\n|move|p2a: Annihilape|Stealth Rock|p1a: Deoxys\n|-sidestart|p1: Chaitanya15|move: Stealth Rock\n|\n|-heal|p2a: Annihilape|54\/100|[from] item: Leftovers\n|upkeep\n|turn|3\n|\n|t:|1698822471\n|move|p1a: Deoxys|Psychic|p2a: Annihilape\n|-supereffective|p2a: Annihilape\n|-damage|p2a: Annihilape|0 fnt\n|faint|p2a: Annihilape\n|\n|upkeep\n|\n|t:|1698822480\n|switch|p2a: Metagross|Metagross, shiny|100\/100\n|-damage|p2a: Metagross|95\/100|[from] Stealth Rock\n|turn|4\n|\n|t:|1698822493\n|detailschange|p2a: Metagross|Metagross-Mega, shiny\n|-mega|p2a: Metagross|Metagross|Metagrossite\n|move|p1a: Deoxys|Psychic|p2a: Metagross\n|-resisted|p2a: Metagross\n|-crit|p2a: Metagross\n|-damage|p2a: Metagross|83\/100\n|move|p2a: Metagross|Agility|p2a: Metagross\n|-boost|p2a: Metagross|spe|2\n|\n|-end|p1a: Deoxys|move: Taunt\n|upkeep\n|turn|5\n|\n|t:|1698822506\n|move|p2a: Metagross|Meteor Mash|p1a: Deoxys\n|-enditem|p1a: Deoxys|Focus Sash\n|-damage|p1a: Deoxys|1\/100\n|move|p1a: Deoxys|Spikes|p2a: Metagross\n|-sidestart|p2: opop777|Spikes\n|\n|upkeep\n|turn|6\n|\n|t:|1698822518\n|move|p2a: Metagross|Meteor Mash|p1a: Deoxys\n|-damage|p1a: Deoxys|0 fnt\n|faint|p1a: Deoxys\n|\n|upkeep\n|\n|t:|1698822525\n|switch|p1a: Kyogre|Kyogre|100\/100\n|-damage|p1a: Kyogre|88\/100|[from] Stealth Rock\n|-weather|RainDance|[from] ability: Drizzle|[of] p1a: Kyogre\n|turn|7\n|\n|t:|1698822534\n|move|p2a: Metagross|Meteor Mash|p1a: Kyogre\n|-resisted|p1a: Kyogre\n|-damage|p1a: Kyogre|48\/100\n|move|p1a: Kyogre|Water Spout|p2a: Metagross\n|-crit|p2a: Metagross\n|-damage|p2a: Metagross|0 fnt\n|faint|p2a: Metagross\n|\n|-weather|RainDance|[upkeep]\n|upkeep\n|\n|t:|1698822543\n|switch|p2a: Groudon|Groudon|100\/100\n|-damage|p2a: Groudon|94\/100|[from] Stealth Rock\n|-damage|p2a: Groudon|82\/100|[from] Spikes\n|detailschange|p2a: Groudon|Groudon-Primal\n|-primal|p2a: Groudon|Red Orb\n|-weather|DesolateLand|[from] ability: Desolate Land|[of] p2a: Groudon\n|turn|8\n|\n|t:|1698822555\n|switch|p1a: Pikachu|Pikachu, F|100\/100\n|-damage|p1a: Pikachu|88\/100|[from] Stealth Rock\n|move|p2a: Groudon|Precipice Blades|p1a: Pikachu\n|-supereffective|p1a: Pikachu\n|-damage|p1a: Pikachu|0 fnt\n|faint|p1a: Pikachu\n|\n|-weather|DesolateLand|[upkeep]\n|upkeep\n|\n|t:|1698822575\n|switch|p1a: Kyogre|Kyogre|48\/100\n|-damage|p1a: Kyogre|36\/100|[from] Stealth Rock\n|-ability|p1a: Kyogre|Drizzle|[from] desolateland|[fail]\n|turn|9\n|\n|t:|1698822585\n|move|p1a: Kyogre|Ancient Power|p2a: Groudon\n|-damage|p2a: Groudon|55\/100\n|move|p2a: Groudon|Precipice Blades|p1a: Kyogre|[miss]\n|-miss|p2a: Groudon|p1a: Kyogre\n|\n|-weather|DesolateLand|[upkeep]\n|upkeep\n|turn|10\n|\n|t:|1698822593\n|move|p1a: Kyogre|Ancient Power|p2a: Groudon\n|-damage|p2a: Groudon|29\/100\n|move|p2a: Groudon|Precipice Blades|p1a: Kyogre\n|-damage|p1a: Kyogre|0 fnt\n|faint|p1a: Kyogre\n|\n|-weather|DesolateLand|[upkeep]\n|upkeep\n|\n|t:|1698822601\n|switch|p1a: Flutter Mane|Flutter Mane|100\/100\n|-damage|p1a: Flutter Mane|88\/100|[from] Stealth Rock\n|-enditem|p1a: Flutter Mane|Booster Energy\n|-activate|p1a: Flutter Mane|ability: Protosynthesis|[fromitem]\n|-start|p1a: Flutter Mane|protosynthesisspe\n|turn|11\n|\n|t:|1698822611\n|-weather|none\n|switch|p2a: Arceus|Arceus-Fairy|100\/100\n|-damage|p2a: Arceus|88\/100|[from] Stealth Rock\n|-damage|p2a: Arceus|76\/100|[from] Spikes\n|move|p1a: Flutter Mane|Shadow Ball|p2a: Arceus\n|-damage|p2a: Arceus|45\/100\n|\n|upkeep\n|turn|12\n|\n|t:|1698822626\n|move|p1a: Flutter Mane|Moonblast|p2a: Arceus\n|-damage|p2a: Arceus|13\/100\n|move|p2a: Arceus|Recover|p2a: Arceus\n|-heal|p2a: Arceus|63\/100\n|\n|upkeep\n|turn|13\n|\n|t:|1698822635\n|move|p1a: Flutter Mane|Mystical Fire|p2a: Arceus\n|-damage|p2a: Arceus|43\/100\n|-unboost|p2a: Arceus|spa|1\n|move|p2a: Arceus|Judgment|p1a: Flutter Mane\n|-damage|p1a: Flutter Mane|57\/100\n|\n|upkeep\n|turn|14\n|\n|t:|1698822644\n|move|p1a: Flutter Mane|Psyshock|p2a: Arceus\n|-damage|p2a: Arceus|25\/100\n|move|p2a: Arceus|Toxic|p1a: Flutter Mane\n|-status|p1a: Flutter Mane|tox\n|\n|-damage|p1a: Flutter Mane|51\/100 tox|[from] psn\n|upkeep\n|turn|15\n|\n|t:|1698822656\n|move|p1a: Flutter Mane|Moonblast|p2a: Arceus\n|-damage|p2a: Arceus|0 fnt\n|faint|p2a: Arceus\n|\n|-damage|p1a: Flutter Mane|39\/100 tox|[from] psn\n|upkeep\n|\n|t:|1698822661\n|switch|p2a: Ditto|Ditto|100\/100\n|-damage|p2a: Ditto|88\/100|[from] Stealth Rock\n|-damage|p2a: Ditto|76\/100|[from] Spikes\n|-transform|p2a: Ditto|p1a: Flutter Mane|[from] ability: Imposter\n|turn|16\n|\n|t:|1698822671\n|move|p2a: Ditto|Moonblast|p1a: Flutter Mane\n|-damage|p1a: Flutter Mane|0 fnt\n|faint|p1a: Flutter Mane\n|-end|p1a: Flutter Mane|Protosynthesis|[silent]\n|\n|upkeep\n|\n|t:|1698822676\n|switch|p1a: Kingambit|Kingambit, M|100\/100\n|-damage|p1a: Kingambit|94\/100|[from] Stealth Rock\n|-activate|p1a: Kingambit|ability: Supreme Overlord\n|-start|p1a: Kingambit|fallen4|[silent]\n|turn|17\n|\n|t:|1698822686\n|-terastallize|p2a: Ditto|Normal\n|move|p1a: Kingambit|Sucker Punch|p2a: Ditto\n|-damage|p2a: Ditto|0 fnt\n|faint|p2a: Ditto\n|-end|p2a: Ditto|Protosynthesis|[silent]\n|-damage|p1a: Kingambit|84\/100|[from] item: Life Orb\n|\n|upkeep\n|\n|t:|1698822693\n|switch|p2a: Yveltal|Yveltal|100\/100\n|-ability|p2a: Yveltal|Dark Aura\n|turn|18\n|\n|t:|1698822698\n|move|p2a: Yveltal|Focus Blast|p1a: Kingambit|[miss]\n|-miss|p2a: Yveltal|p1a: Kingambit\n|move|p1a: Kingambit|Iron Head|p2a: Yveltal\n|-damage|p2a: Yveltal|18\/100\n|-damage|p1a: Kingambit|75\/100|[from] item: Life Orb\n|\n|upkeep\n|turn|19\n|\n|t:|1698822708\n|move|p1a: Kingambit|Sucker Punch||[still]\n|-fail|p1a: Kingambit\n|move|p2a: Yveltal|Defog|p1a: Kingambit\n|-unboost|p1a: Kingambit|evasion|1\n|-sideend|p1: Chaitanya15|Stealth Rock|[from] move: Defog|[of] p2a: Yveltal\n|-sideend|p2: opop777|Spikes|[from] move: Defog|[of] p2a: Yveltal\n|-sideend|p2: opop777|Stealth Rock|[from] move: Defog|[of] p2a: Yveltal\n|\n|upkeep\n|turn|20\n|\n|t:|1698822719\n|move|p1a: Kingambit|Sucker Punch||[still]\n|-fail|p1a: Kingambit\n|move|p2a: Yveltal|Defog|p1a: Kingambit\n|-unboost|p1a: Kingambit|evasion|1\n|\n|upkeep\n|turn|21\n|\n|t:|1698822726\n|move|p1a: Kingambit|Sucker Punch||[still]\n|-fail|p1a: Kingambit\n|move|p2a: Yveltal|Defog|p1a: Kingambit\n|-unboost|p1a: Kingambit|evasion|1\n|\n|upkeep\n|turn|22\n|\n|t:|1698822741\n|move|p2a: Yveltal|Focus Blast|p1a: Kingambit\n|-supereffective|p1a: Kingambit\n|-damage|p1a: Kingambit|0 fnt\n|faint|p1a: Kingambit\n|-end|p1a: Kingambit|fallen4|[silent]\n|\n|upkeep\n|\n|t:|1698822751\n|switch|p1a: Basculegion|Basculegion, M|100\/100\n|turn|23\n|inactive|opop777 has 120 seconds left.\n|\n|t:|1698822786\n|-terastallize|p1a: Basculegion|Water\n|move|p2a: Yveltal|Oblivion Wing|p1a: Basculegion\n|-damage|p1a: Basculegion|49\/100\n|-heal|p2a: Yveltal|55\/100|[from] drain|[of] p1a: Basculegion\n|move|p1a: Basculegion|Last Respects|p2a: Yveltal\n|-resisted|p2a: Yveltal\n|-crit|p2a: Yveltal\n|-damage|p2a: Yveltal|0 fnt\n|faint|p2a: Yveltal\n|\n|upkeep\n|inactive|opop777 has 120 seconds left.\n|\n|t:|1698822799\n|switch|p2a: Groudon|Groudon-Primal|29\/100\n|-weather|DesolateLand|[from] ability: Desolate Land|[of] p2a: Groudon\n|turn|24\n|\n|t:|1698822803\n|move|p1a: Basculegion|Last Respects|p2a: Groudon\n|-damage|p2a: Groudon|0 fnt\n|faint|p2a: Groudon\n|-weather|none\n|\n|win|Chaitanya15\n|raw|Chaitanya15's rating: 1325 &rarr; <strong>1345<\/strong><br \/>(+20 for winning)\n|raw|opop777's rating: 1333 &rarr; <strong>1313<\/strong><br \/>(-20 for losing)\n|c|\u2606Chaitanya15|Gg\n","uploadtime":1698822853,"views":9,"p1id":"chaitanya15","p2id":"opop777","formatid":"gen9nationaldexubers","rating":1313,"private":0,"password":""}