{"id":"gen9nationaldexubers-1994487221","p1":"hopoffitt","p2":"Howell_HM01","format":"[Gen 9] National Dex Ubers","log":"|j|\u2606hopoffitt\n|j|\u2606Howell_HM01\n|t:|1700449655\n|gametype|singles\n|player|p1|hopoffitt|pokemaniac|\n|player|p2|Howell_HM01|brycen|\n|teamsize|p1|6\n|teamsize|p2|6\n|gen|9\n|tier|[Gen 9] National Dex Ubers\n|rule|HP Percentage Mod: HP is shown in percentages\n|rule|Endless Battle Clause: Forcing endless battles is banned\n|rule|OHKO Clause: OHKO moves are banned\n|rule|Evasion Moves Clause: Evasion moves are banned\n|rule|Evasion Items Clause: Evasion items are banned\n|rule|Species Clause: Limit one of each Pok\u00e9mon\n|rule|Sleep Clause Mod: Limit one foe put to sleep\n|rule|Mega Rayquaza Clause: You cannot mega evolve Rayquaza\n|clearpoke\n|poke|p1|Gliscor, F|\n|poke|p1|Vaporeon, F|\n|poke|p1|Salamence, M|\n|poke|p1|Scizor, F|\n|poke|p1|Annihilape, M|\n|poke|p1|Arcanine, M|\n|poke|p2|Venomoth, M|\n|poke|p2|Starmie|\n|poke|p2|Magnezone|\n|poke|p2|Annihilape, F|\n|poke|p2|Kleavor, F|\n|poke|p2|Venusaur, F|\n|teampreview\n|j| Si13nt\n|c|\u2606Howell_HM01|good. i preped for these\n|c|\u2606Howell_HM01|glhf\n|j| thedukeoftacos\n|c|\u2606hopoffitt|me too\n|\n|t:|1700449693\n|start\n|switch|p1a: Bartolo|Vaporeon, F|100\/100\n|switch|p2a: Venusaur|Venusaur, F|100\/100\n|turn|1\n|\n|t:|1700449730\n|detailschange|p2a: Venusaur|Venusaur-Mega, F\n|-mega|p2a: Venusaur|Venusaur|Venusaurite\n|move|p2a: Venusaur|Leech Seed|p1a: Bartolo\n|-start|p1a: Bartolo|move: Leech Seed\n|move|p1a: Bartolo|Flip Turn|p2a: Venusaur\n|-resisted|p2a: Venusaur\n|-damage|p2a: Venusaur|96\/100\n|\n|t:|1700449748\n|switch|p1a: MONEY FOR FUN|Arcanine, M|100\/100|[from] Flip Turn\n|-ability|p1a: MONEY FOR FUN|Intimidate|boost\n|-unboost|p2a: Venusaur|atk|1\n|\n|upkeep\n|turn|2\n|c|\u2606Howell_HM01|well shit\n|j| LetsGetFluffy\n|\n|t:|1700449758\n|move|p1a: MONEY FOR FUN|Flare Blitz|p2a: Venusaur\n|-supereffective|p2a: Venusaur\n|-damage|p2a: Venusaur|72\/100\n|-damage|p1a: MONEY FOR FUN|93\/100|[from] Recoil\n|move|p2a: Venusaur|Toxic|p1a: MONEY FOR FUN\n|-status|p1a: MONEY FOR FUN|tox\n|\n|-damage|p1a: MONEY FOR FUN|86\/100 tox|[from] psn\n|upkeep\n|turn|3\n|\n|t:|1700449783\n|move|p1a: MONEY FOR FUN|Flare Blitz|p2a: Venusaur\n|-supereffective|p2a: Venusaur\n|-damage|p2a: Venusaur|46\/100\n|-damage|p1a: MONEY FOR FUN|79\/100 tox|[from] Recoil\n|move|p2a: Venusaur|Leech Seed|p1a: MONEY FOR FUN\n|-start|p1a: MONEY FOR FUN|move: Leech Seed\n|\n|-damage|p1a: MONEY FOR FUN|66\/100 tox|[from] Leech Seed|[of] p2a: Venusaur\n|-heal|p2a: Venusaur|60\/100|[silent]\n|-damage|p1a: MONEY FOR FUN|54\/100 tox|[from] psn\n|upkeep\n|turn|4\n|\n|t:|1700449807\n|switch|p2a: Starmie|Starmie|100\/100\n|move|p1a: MONEY FOR FUN|Roar|p2a: Starmie\n|drag|p2a: Annihilape|Annihilape, F|100\/100\n|\n|-damage|p1a: MONEY FOR FUN|41\/100 tox|[from] Leech Seed|[of] p2a: Annihilape\n|-damage|p1a: MONEY FOR FUN|22\/100 tox|[from] psn\n|upkeep\n|turn|5\n|\n|t:|1700449842\n|switch|p2a: Starmie|Starmie|100\/100\n|switch|p1a: Bat Mang|Gliscor, F|100\/100\n|\n|-status|p1a: Bat Mang|tox|[from] item: Toxic Orb\n|upkeep\n|turn|6\n|\n|t:|1700449854\n|-terastallize|p1a: Bat Mang|Water\n|move|p2a: Starmie|Ice Beam|p1a: Bat Mang\n|-resisted|p1a: Bat Mang\n|-damage|p1a: Bat Mang|88\/100 tox\n|move|p1a: Bat Mang|Toxic|p2a: Starmie\n|-status|p2a: Starmie|tox\n|\n|-damage|p2a: Starmie|94\/100 tox|[from] psn\n|-heal|p1a: Bat Mang|100\/100 tox|[from] ability: Poison Heal\n|upkeep\n|turn|7\n|c| LetsGetFluffy|Bat mang\n|\n|t:|1700449874\n|-curestatus|p2a: Starmie|tox|[from] ability: Natural Cure\n|switch|p2a: Magnezone|Magnezone|100\/100\n|move|p1a: Bat Mang|Earthquake|p2a: Magnezone\n|-supereffective|p2a: Magnezone\n|-ability|p2a: Magnezone|Sturdy\n|-damage|p2a: Magnezone|1\/100\n|\n|upkeep\n|turn|8\n|\n|t:|1700449888\n|move|p1a: Bat Mang|Earthquake|p2a: Magnezone\n|-supereffective|p2a: Magnezone\n|-damage|p2a: Magnezone|0 fnt\n|faint|p2a: Magnezone\n|\n|upkeep\n|c|\u2606Howell_HM01|boo\n|\n|t:|1700449896\n|switch|p2a: Venusaur|Venusaur-Mega, F|60\/100\n|turn|9\n|c|\u2606hopoffitt|BAT MANG\n|\n|t:|1700449903\n|move|p1a: Bat Mang|Earthquake|p2a: Venusaur\n|-crit|p2a: Venusaur\n|-damage|p2a: Venusaur|30\/100\n|move|p2a: Venusaur|Giga Drain|p1a: Bat Mang\n|-supereffective|p1a: Bat Mang\n|-damage|p1a: Bat Mang|27\/100 tox\n|-heal|p2a: Venusaur|66\/100|[from] drain|[of] p1a: Bat Mang\n|\n|-heal|p1a: Bat Mang|39\/100 tox|[from] ability: Poison Heal\n|upkeep\n|turn|10\n|\n|t:|1700449923\n|switch|p1a: Poot tarba|Salamence, M|100\/100\n|-ability|p1a: Poot tarba|Intimidate|boost\n|-unboost|p2a: Venusaur|atk|1\n|move|p2a: Venusaur|Leech Seed|p1a: Poot tarba\n|-start|p1a: Poot tarba|move: Leech Seed\n|\n|-damage|p1a: Poot tarba|88\/100|[from] Leech Seed|[of] p2a: Venusaur\n|-heal|p2a: Venusaur|80\/100|[silent]\n|upkeep\n|turn|11\n|\n|t:|1700449939\n|move|p1a: Poot tarba|Flamethrower|p2a: Venusaur\n|-supereffective|p2a: Venusaur\n|-crit|p2a: Venusaur\n|-damage|p2a: Venusaur|43\/100\n|move|p2a: Venusaur|Toxic|p1a: Poot tarba\n|-status|p1a: Poot tarba|tox\n|\n|-damage|p1a: Poot tarba|76\/100 tox|[from] Leech Seed|[of] p2a: Venusaur\n|-heal|p2a: Venusaur|56\/100|[silent]\n|-damage|p1a: Poot tarba|70\/100 tox|[from] psn\n|upkeep\n|turn|12\n|\n|t:|1700449955\n|switch|p2a: Starmie|Starmie|94\/100\n|move|p1a: Poot tarba|Flamethrower|p2a: Starmie\n|-resisted|p2a: Starmie\n|-damage|p2a: Starmie|77\/100\n|\n|-heal|p2a: Starmie|84\/100|[from] item: Leftovers\n|-damage|p1a: Poot tarba|57\/100 tox|[from] Leech Seed|[of] p2a: Starmie\n|-heal|p2a: Starmie|99\/100|[silent]\n|-damage|p1a: Poot tarba|45\/100 tox|[from] psn\n|upkeep\n|turn|13\n|c| Si13nt|well, 6th crit this evening\n|c|\u2606Howell_HM01|hop is a bully\n|\n|t:|1700449976\n|switch|p1a: Bartolo|Vaporeon, F|100\/100\n|move|p2a: Starmie|Scald|p1a: Bartolo\n|-immune|p1a: Bartolo|[from] ability: Water Absorb\n|\n|-heal|p2a: Starmie|100\/100|[from] item: Leftovers\n|upkeep\n|turn|14\n|c| thedukeoftacos|confirmed, hop is a bully\n|\n|t:|1700449998\n|switch|p2a: Venomoth|Venomoth, M|100\/100\n|move|p1a: Bartolo|Wish|p1a: Bartolo\n|\n|upkeep\n|turn|15\n|\n|t:|1700450048\n|move|p2a: Venomoth|Quiver Dance|p2a: Venomoth\n|-boost|p2a: Venomoth|spa|1\n|-boost|p2a: Venomoth|spd|1\n|-boost|p2a: Venomoth|spe|1\n|move|p1a: Bartolo|Flip Turn|p2a: Venomoth\n|-damage|p2a: Venomoth|77\/100\n|\n|t:|1700450054\n|switch|p1a: MONEY FOR FUN|Arcanine, M|22\/100 tox|[from] Flip Turn\n|-ability|p1a: MONEY FOR FUN|Intimidate|boost\n|-unboost|p2a: Venomoth|atk|1\n|\n|-heal|p1a: MONEY FOR FUN|83\/100 tox|[from] move: Wish|[wisher] Bartolo\n|-damage|p1a: MONEY FOR FUN|76\/100 tox|[from] psn\n|upkeep\n|turn|16\n|\n|t:|1700450070\n|-terastallize|p2a: Venomoth|Fire\n|move|p2a: Venomoth|Sludge Bomb|p1a: MONEY FOR FUN\n|-damage|p1a: MONEY FOR FUN|0 fnt\n|faint|p1a: MONEY FOR FUN\n|-damage|p2a: Venomoth|67\/100|[from] item: Life Orb\n|\n|upkeep\n|c| thedukeoftacos|venomoth sweep?\n|\n|t:|1700450099\n|switch|p1a: Bartolo|Vaporeon, F|100\/100\n|turn|17\n|\n|t:|1700450109\n|move|p2a: Venomoth|Giga Drain|p1a: Bartolo\n|-supereffective|p1a: Bartolo\n|-damage|p1a: Bartolo|35\/100\n|-heal|p2a: Venomoth|100\/100|[from] drain|[of] p1a: Bartolo\n|-damage|p2a: Venomoth|91\/100|[from] item: Life Orb\n|move|p1a: Bartolo|Wish|p1a: Bartolo\n|\n|upkeep\n|turn|18\n|\n|t:|1700450123\n|move|p1a: Bartolo|Protect|p1a: Bartolo\n|-singleturn|p1a: Bartolo|Protect\n|move|p2a: Venomoth|Giga Drain|p1a: Bartolo\n|-activate|p1a: Bartolo|move: Protect\n|\n|-heal|p1a: Bartolo|85\/100|[from] move: Wish|[wisher] Bartolo\n|upkeep\n|turn|19\n|\n|t:|1700450136\n|move|p2a: Venomoth|Giga Drain|p1a: Bartolo\n|-supereffective|p1a: Bartolo\n|-damage|p1a: Bartolo|21\/100\n|-heal|p2a: Venomoth|100\/100|[from] drain|[of] p1a: Bartolo\n|-damage|p2a: Venomoth|91\/100|[from] item: Life Orb\n|move|p1a: Bartolo|Scald|p2a: Venomoth\n|-supereffective|p2a: Venomoth\n|-crit|p2a: Venomoth\n|-damage|p2a: Venomoth|0 fnt\n|faint|p2a: Venomoth\n|\n|upkeep\n|c| Si13nt|7th\n|c|\u2606hopoffitt|LMAO\n|c|\u2606Howell_HM01|wtf\n|c| LetsGetFluffy|Talented\n|c|\u2606hopoffitt|mattered?\n|c| thedukeoftacos|hop can you stop lmfao\n|c|\u2606hopoffitt|someone calc that\n|c| thedukeoftacos|mans a crit machine lmao\n|c| LetsGetFluffy|That mattered an absurd amount\n|c|\u2606hopoffitt|i thought so\n|\n|t:|1700450188\n|switch|p2a: Kleavor|Kleavor, F|100\/100\n|turn|20\n|c|\u2606hopoffitt|i dont know my tera fire veno vapeoreon calcs well\n|c| LetsGetFluffy|(I didnt calc, but it must have)\n|\n|t:|1700450213\n|move|p1a: Bartolo|Protect|p1a: Bartolo\n|-singleturn|p1a: Bartolo|Protect\n|move|p2a: Kleavor|Stone Axe|p1a: Bartolo\n|-activate|p1a: Bartolo|move: Protect\n|\n|upkeep\n|turn|21\n|c| thedukeoftacos|high end without crit was only 45%\n|\n|t:|1700450224\n|switch|p1a: Poot tarba|Salamence, M|45\/100 tox\n|-ability|p1a: Poot tarba|Intimidate|boost\n|-unboost|p2a: Kleavor|atk|1\n|move|p2a: Kleavor|Stone Axe|p1a: Poot tarba\n|-supereffective|p1a: Poot tarba\n|-damage|p1a: Poot tarba|0 fnt\n|-sidestart|p1: hopoffitt|move: Stealth Rock\n|faint|p1a: Poot tarba\n|\n|upkeep\n|\n|t:|1700450241\n|switch|p1a: Bat Mang|Gliscor, F, tera:Water|39\/100 tox\n|-damage|p1a: Bat Mang|27\/100 tox|[from] Stealth Rock\n|turn|22\n|\n|t:|1700450257\n|switch|p2a: Venusaur|Venusaur-Mega, F|56\/100\n|move|p1a: Bat Mang|Roost|p1a: Bat Mang\n|-heal|p1a: Bat Mang|77\/100 tox\n|\n|-heal|p1a: Bat Mang|89\/100 tox|[from] ability: Poison Heal\n|upkeep\n|turn|23\n|\n|t:|1700450270\n|switch|p1a: Bartolo|Vaporeon, F|21\/100\n|move|p2a: Venusaur|Leech Seed|p1a: Bartolo\n|-start|p1a: Bartolo|move: Leech Seed\n|\n|-damage|p1a: Bartolo|9\/100|[from] Leech Seed|[of] p2a: Venusaur\n|-heal|p2a: Venusaur|72\/100|[silent]\n|upkeep\n|turn|24\n|\n|t:|1700450279\n|move|p2a: Venusaur|Giga Drain|p1a: Bartolo\n|-supereffective|p1a: Bartolo\n|-damage|p1a: Bartolo|0 fnt\n|-heal|p2a: Venusaur|77\/100|[from] drain|[of] p1a: Bartolo\n|faint|p1a: Bartolo\n|\n|upkeep\n|c| thedukeoftacos|mega venu is a menace tho\n|\n|t:|1700450332\n|switch|p1a: Pooper Auto Gaming|Scizor, F|100\/100\n|-damage|p1a: Pooper Auto Gaming|88\/100|[from] Stealth Rock\n|turn|25\n|\n|t:|1700450345\n|detailschange|p1a: Pooper Auto Gaming|Scizor-Mega, F\n|-mega|p1a: Pooper Auto Gaming|Scizor|Scizorite\n|move|p1a: Pooper Auto Gaming|Bullet Punch|p2a: Venusaur\n|-damage|p2a: Venusaur|54\/100\n|move|p2a: Venusaur|Leech Seed|p1a: Pooper Auto Gaming\n|-start|p1a: Pooper Auto Gaming|move: Leech Seed\n|\n|-damage|p1a: Pooper Auto Gaming|76\/100|[from] Leech Seed|[of] p2a: Venusaur\n|-heal|p2a: Venusaur|65\/100|[silent]\n|upkeep\n|turn|26\n|c| thedukeoftacos|interesting\n|\n|t:|1700450370\n|move|p2a: Venusaur|Giga Drain|p1a: Pooper Auto Gaming\n|-resisted|p1a: Pooper Auto Gaming\n|-damage|p1a: Pooper Auto Gaming|68\/100\n|-heal|p2a: Venusaur|69\/100|[from] drain|[of] p1a: Pooper Auto Gaming\n|move|p1a: Pooper Auto Gaming|U-turn|p2a: Venusaur\n|-damage|p2a: Venusaur|45\/100\n|\n|t:|1700450380\n|switch|p1a: Bat Mang|Gliscor, F, tera:Water|89\/100 tox|[from] U-turn\n|-damage|p1a: Bat Mang|77\/100 tox|[from] Stealth Rock\n|\n|-heal|p1a: Bat Mang|89\/100 tox|[from] ability: Poison Heal\n|upkeep\n|turn|27\n|\n|t:|1700450390\n|switch|p1a: Pooper Auto Gaming|Scizor-Mega, F|68\/100\n|-damage|p1a: Pooper Auto Gaming|56\/100|[from] Stealth Rock\n|move|p2a: Venusaur|Giga Drain|p1a: Pooper Auto Gaming\n|-resisted|p1a: Pooper Auto Gaming\n|-damage|p1a: Pooper Auto Gaming|49\/100\n|-heal|p2a: Venusaur|48\/100|[from] drain|[of] p1a: Pooper Auto Gaming\n|\n|upkeep\n|turn|28\n|\n|t:|1700450401\n|switch|p2a: Starmie|Starmie|100\/100\n|move|p1a: Pooper Auto Gaming|U-turn|p2a: Starmie\n|-supereffective|p2a: Starmie\n|-damage|p2a: Starmie|0 fnt\n|faint|p2a: Starmie\n|c|\u2606Howell_HM01|bully\n|c| thedukeoftacos|LOL poor starmie\n|\n|t:|1700450422\n|switch|p1a: Violet|Annihilape, M|100\/100|[from] U-turn\n|-damage|p1a: Violet|94\/100|[from] Stealth Rock\n|\n|-heal|p1a: Violet|100\/100|[from] item: Leftovers\n|upkeep\n|\n|t:|1700450449\n|switch|p2a: Annihilape|Annihilape, F|100\/100\n|turn|29\n|c| LetsGetFluffy|Ape battle!\n|c|\u2606hopoffitt|ill show you mine if you show me yours\n|c| thedukeoftacos|oh my~\n|\n|t:|1700450476\n|switch|p1a: Bat Mang|Gliscor, F, tera:Water|89\/100 tox\n|-damage|p1a: Bat Mang|77\/100 tox|[from] Stealth Rock\n|move|p2a: Annihilape|Rage Fist|p1a: Bat Mang\n|-damage|p1a: Bat Mang|61\/100 tox\n|\n|-heal|p1a: Bat Mang|73\/100 tox|[from] ability: Poison Heal\n|upkeep\n|turn|30\n|c| LetsGetFluffy|Booo\n|c| LetsGetFluffy|No ape battle\n|c|\u2606Howell_HM01|hop got scared\n|c| thedukeoftacos|just greeting of the apes\n|\n|t:|1700450513\n|move|p2a: Annihilape|Drain Punch|p1a: Bat Mang\n|-damage|p1a: Bat Mang|48\/100 tox\n|move|p1a: Bat Mang|Earthquake|p2a: Annihilape\n|-damage|p2a: Annihilape|65\/100\n|\n|-heal|p1a: Bat Mang|60\/100 tox|[from] ability: Poison Heal\n|upkeep\n|turn|31\n|\n|t:|1700450526\n|move|p2a: Annihilape|Drain Punch|p1a: Bat Mang\n|-damage|p1a: Bat Mang|37\/100 tox\n|-heal|p2a: Annihilape|77\/100|[from] drain|[of] p1a: Bat Mang\n|move|p1a: Bat Mang|Toxic|p2a: Annihilape\n|-status|p2a: Annihilape|tox\n|\n|-damage|p2a: Annihilape|71\/100 tox|[from] psn\n|-heal|p1a: Bat Mang|49\/100 tox|[from] ability: Poison Heal\n|upkeep\n|turn|32\n|\n|t:|1700450550\n|move|p2a: Annihilape|Rage Fist|p1a: Bat Mang\n|-damage|p1a: Bat Mang|17\/100 tox\n|move|p1a: Bat Mang|Roost|p1a: Bat Mang\n|-heal|p1a: Bat Mang|67\/100 tox\n|\n|-damage|p2a: Annihilape|59\/100 tox|[from] psn\n|-heal|p1a: Bat Mang|79\/100 tox|[from] ability: Poison Heal\n|upkeep\n|turn|33\n|\n|t:|1700450572\n|switch|p2a: Venusaur|Venusaur-Mega, F|48\/100\n|move|p1a: Bat Mang|Spikes|p2a: Venusaur\n|-sidestart|p2: Howell_HM01|Spikes\n|\n|-heal|p1a: Bat Mang|91\/100 tox|[from] ability: Poison Heal\n|upkeep\n|turn|34\n|\n|t:|1700450592\n|move|p1a: Bat Mang|Earthquake|p2a: Venusaur\n|-damage|p2a: Venusaur|28\/100\n|move|p2a: Venusaur|Leech Seed|p1a: Bat Mang\n|-start|p1a: Bat Mang|move: Leech Seed\n|\n|-damage|p1a: Bat Mang|79\/100 tox|[from] Leech Seed|[of] p2a: Venusaur\n|-heal|p2a: Venusaur|40\/100|[silent]\n|-heal|p1a: Bat Mang|91\/100 tox|[from] ability: Poison Heal\n|upkeep\n|turn|35\n|\n|t:|1700450602\n|switch|p1a: Pooper Auto Gaming|Scizor-Mega, F|49\/100\n|-damage|p1a: Pooper Auto Gaming|37\/100|[from] Stealth Rock\n|move|p2a: Venusaur|Giga Drain|p1a: Pooper Auto Gaming\n|-resisted|p1a: Pooper Auto Gaming\n|-damage|p1a: Pooper Auto Gaming|30\/100\n|-heal|p2a: Venusaur|44\/100|[from] drain|[of] p1a: Pooper Auto Gaming\n|\n|upkeep\n|turn|36\n|\n|t:|1700450618\n|switch|p2a: Annihilape|Annihilape, F|59\/100 tox\n|-damage|p2a: Annihilape|46\/100 tox|[from] Spikes\n|move|p1a: Pooper Auto Gaming|Roost|p1a: Pooper Auto Gaming\n|-heal|p1a: Pooper Auto Gaming|80\/100\n|-singleturn|p1a: Pooper Auto Gaming|move: Roost\n|\n|-damage|p2a: Annihilape|40\/100 tox|[from] psn\n|upkeep\n|turn|37\n|\n|t:|1700450655\n|move|p2a: Annihilape|Close Combat|p1a: Pooper Auto Gaming\n|-damage|p1a: Pooper Auto Gaming|31\/100\n|-unboost|p2a: Annihilape|def|1\n|-unboost|p2a: Annihilape|spd|1\n|move|p1a: Pooper Auto Gaming|Knock Off|p2a: Annihilape\n|-damage|p2a: Annihilape|0 fnt\n|-enditem|p2a: Annihilape|Muscle Band|[from] move: Knock Off|[of] p1a: Pooper Auto Gaming\n|faint|p2a: Annihilape\n|\n|upkeep\n|\n|t:|1700450688\n|switch|p2a: Kleavor|Kleavor, F|100\/100\n|-damage|p2a: Kleavor|88\/100|[from] Spikes\n|turn|38\n|c| thedukeoftacos|scyther fight~\n|\n|t:|1700450713\n|move|p1a: Pooper Auto Gaming|Bullet Punch|p2a: Kleavor\n|-supereffective|p2a: Kleavor\n|-damage|p2a: Kleavor|0 fnt\n|faint|p2a: Kleavor\n|\n|upkeep\n|c|\u2606Howell_HM01|yeah thats gg :(\n|\n|t:|1700450720\n|switch|p2a: Venusaur|Venusaur-Mega, F|44\/100\n|-damage|p2a: Venusaur|32\/100|[from] Spikes\n|turn|39\n|\n|t:|1700450734\n|move|p2a: Venusaur|Leech Seed|p1a: Pooper Auto Gaming\n|-start|p1a: Pooper Auto Gaming|move: Leech Seed\n|move|p1a: Pooper Auto Gaming|U-turn|p2a: Venusaur\n|-damage|p2a: Venusaur|4\/100\n|c| thedukeoftacos|damn i really thought howell had this\n|\n|t:|1700450742\n|switch|p1a: Violet|Annihilape, M|100\/100|[from] U-turn\n|-damage|p1a: Violet|94\/100|[from] Stealth Rock\n|\n|-heal|p1a: Violet|100\/100|[from] item: Leftovers\n|upkeep\n|turn|40\n|c|\u2606Howell_HM01|i did.....\n|c|\u2606Howell_HM01|until the crit happened :(\n|\n|t:|1700450755\n|move|p1a: Violet|Taunt|p2a: Venusaur\n|-start|p2a: Venusaur|move: Taunt\n|move|p2a: Venusaur|Giga Drain|p1a: Violet\n|-damage|p1a: Violet|81\/100\n|-heal|p2a: Venusaur|16\/100|[from] drain|[of] p1a: Violet\n|\n|-heal|p1a: Violet|87\/100|[from] item: Leftovers\n|upkeep\n|turn|41\n|c| Si13nt|*crits\n|\n|t:|1700450764\n|move|p1a: Violet|Rage Fist|p2a: Venusaur\n|-damage|p2a: Venusaur|0 fnt\n|faint|p2a: Venusaur\n|\n|win|hopoffitt\n|c|\u2606Howell_HM01|gg\n|c| thedukeoftacos|everything changed when the crit nation attacked\n|c|\u2606hopoffitt|yeah i kinda got bailed lmao\n|c|\u2606Howell_HM01|still a fun match\n|c|\u2606hopoffitt|<3\n|c|\u2606Howell_HM01|wasnt sure how the ape mirror was gonna go\n","uploadtime":1700450798,"views":9,"p1id":"hopoffitt","p2id":"howellhm01","formatid":"gen9nationaldexubers","rating":0,"private":0,"password":""}