{"id":"gen9nationaldexubers-1977909367","p1":"Big Old Wang","p2":"applesaucem13","format":"[Gen 9] National Dex Ubers","log":"|j|\u2606Big Old Wang\n|j|\u2606applesaucem13\n|t:|1698464984\n|gametype|singles\n|player|p1|Big Old Wang|265|\n|player|p2|applesaucem13|nate|\n|teamsize|p1|6\n|teamsize|p2|6\n|gen|9\n|tier|[Gen 9] National Dex Ubers\n|rule|HP Percentage Mod: HP is shown in percentages\n|rule|Endless Battle Clause: Forcing endless battles is banned\n|rule|OHKO Clause: OHKO moves are banned\n|rule|Evasion Moves Clause: Evasion moves are banned\n|rule|Evasion Items Clause: Evasion items are banned\n|rule|Species Clause: Limit one of each Pok\u00e9mon\n|rule|Sleep Clause Mod: Limit one foe put to sleep\n|rule|Mega Rayquaza Clause: You cannot mega evolve Rayquaza\n|clearpoke\n|poke|p1|Chi-Yu|\n|poke|p1|Baxcalibur, F|\n|poke|p1|Rotom-Wash|\n|poke|p1|Ninetales-Alola, F|\n|poke|p1|Slowking-Galar, F|\n|poke|p1|Darmanitan-Galar, F|\n|poke|p2|Arcanine, M|\n|poke|p2|Garchomp, F|\n|poke|p2|Falinks|\n|poke|p2|Ursaluna-Bloodmoon, M|\n|poke|p2|Toxtricity, M|\n|poke|p2|Steelix, M|\n|teampreview\n|\n|t:|1698465007\n|start\n|switch|p1a: The Throngler|Slowking-Galar, F, shiny|100\/100\n|switch|p2a: Steelix|Steelix, M|100\/100\n|turn|1\n|\n|t:|1698465018\n|detailschange|p2a: Steelix|Steelix-Mega, M\n|-mega|p2a: Steelix|Steelix|Steelixite\n|move|p1a: The Throngler|Chilly Reception|p1a: The Throngler\n|-weather|Snow\n|\n|t:|1698465024\n|switch|p1a: scRotom-Wash|Rotom-Wash|100\/100|[from] Chilly Reception\n|move|p2a: Steelix|Curse|p2a: Steelix\n|-unboost|p2a: Steelix|spe|1\n|-boost|p2a: Steelix|atk|1\n|-boost|p2a: Steelix|def|1\n|\n|-weather|Snow|[upkeep]\n|upkeep\n|turn|2\n|\n|t:|1698465038\n|move|p1a: scRotom-Wash|Will-O-Wisp|p2a: Steelix\n|-status|p2a: Steelix|brn\n|move|p2a: Steelix|Dragon Tail|p1a: scRotom-Wash\n|-damage|p1a: scRotom-Wash|88\/100\n|drag|p1a: Tera Ground|Baxcalibur, F|100\/100\n|\n|-weather|Snow|[upkeep]\n|-damage|p2a: Steelix|94\/100 brn|[from] brn\n|upkeep\n|turn|3\n|\n|t:|1698465049\n|switch|p1a: scRotom-Wash|Rotom-Wash|88\/100\n|move|p2a: Steelix|Gyro Ball|p1a: scRotom-Wash\n|-resisted|p1a: scRotom-Wash\n|-damage|p1a: scRotom-Wash|78\/100\n|\n|-weather|Snow|[upkeep]\n|-heal|p1a: scRotom-Wash|85\/100|[from] item: Leftovers\n|-damage|p2a: Steelix|88\/100 brn|[from] brn\n|upkeep\n|turn|4\n|\n|t:|1698465059\n|move|p1a: scRotom-Wash|Hydro Pump|p2a: Steelix\n|-supereffective|p2a: Steelix\n|-damage|p2a: Steelix|11\/100 brn\n|move|p2a: Steelix|Dragon Tail|p1a: scRotom-Wash\n|-damage|p1a: scRotom-Wash|72\/100\n|drag|p1a: Ninetales-Viable|Ninetales-Alola, F|100\/100\n|\n|-weather|Snow|[upkeep]\n|-damage|p2a: Steelix|5\/100 brn|[from] brn\n|upkeep\n|turn|5\n|j| StanchYeti\n|\n|t:|1698465074\n|switch|p2a: Toxtricity|Toxtricity, M|100\/100\n|move|p1a: Ninetales-Viable|Blizzard|p2a: Toxtricity\n|-damage|p2a: Toxtricity|46\/100\n|\n|-weather|none\n|-heal|p2a: Toxtricity|52\/100|[from] item: Black Sludge\n|upkeep\n|turn|6\n|\n|t:|1698465084\n|switch|p1a: The Throngler|Slowking-Galar, F, shiny|100\/100\n|move|p2a: Toxtricity|Shift Gear|p2a: Toxtricity\n|-boost|p2a: Toxtricity|spe|2\n|-boost|p2a: Toxtricity|atk|1\n|\n|-heal|p2a: Toxtricity|59\/100|[from] item: Black Sludge\n|upkeep\n|turn|7\n|\n|t:|1698465101\n|move|p2a: Toxtricity|Power-Up Punch|p1a: The Throngler\n|-resisted|p1a: The Throngler\n|-damage|p1a: The Throngler|93\/100\n|-boost|p2a: Toxtricity|atk|1\n|move|p1a: The Throngler|Psychic|p2a: Toxtricity\n|-supereffective|p2a: Toxtricity\n|-damage|p2a: Toxtricity|0 fnt\n|faint|p2a: Toxtricity\n|\n|-heal|p1a: The Throngler|99\/100|[from] item: Black Sludge\n|upkeep\n|\n|t:|1698465114\n|switch|p2a: Ursaluna|Ursaluna-Bloodmoon, M|100\/100\n|turn|8\n|\n|t:|1698465119\n|move|p2a: Ursaluna|Calm Mind|p2a: Ursaluna\n|-boost|p2a: Ursaluna|spa|1\n|-boost|p2a: Ursaluna|spd|1\n|move|p1a: The Throngler|Chilly Reception|p1a: The Throngler\n|-weather|Snow\n|\n|t:|1698465124\n|switch|p1a: Ninetales-Viable|Ninetales-Alola, F|100\/100|[from] Chilly Reception\n|\n|-weather|Snow|[upkeep]\n|upkeep\n|turn|9\n|\n|t:|1698465138\n|move|p1a: Ninetales-Viable|Encore|p2a: Ursaluna\n|-start|p2a: Ursaluna|Encore\n|move|p2a: Ursaluna|Calm Mind|p2a: Ursaluna\n|-boost|p2a: Ursaluna|spa|1\n|-boost|p2a: Ursaluna|spd|1\n|\n|-weather|Snow|[upkeep]\n|upkeep\n|turn|10\n|\n|t:|1698465144\n|move|p1a: Ninetales-Viable|Blizzard|p2a: Ursaluna\n|-supereffective|p2a: Ursaluna\n|-damage|p2a: Ursaluna|54\/100\n|move|p2a: Ursaluna|Calm Mind|p2a: Ursaluna\n|-boost|p2a: Ursaluna|spa|1\n|-boost|p2a: Ursaluna|spd|1\n|\n|-weather|Snow|[upkeep]\n|-heal|p2a: Ursaluna|60\/100|[from] item: Leftovers\n|upkeep\n|turn|11\n|\n|t:|1698465154\n|switch|p2a: Arcanine|Arcanine, M|100\/100\n|-ability|p2a: Arcanine|Intimidate|boost\n|-unboost|p1a: Ninetales-Viable|atk|1\n|move|p1a: Ninetales-Viable|Blizzard|p2a: Arcanine\n|-resisted|p2a: Arcanine\n|-damage|p2a: Arcanine|75\/100\n|\n|-weather|Snow|[upkeep]\n|upkeep\n|turn|12\n|\n|t:|1698465180\n|move|p1a: Ninetales-Viable|Aurora Veil|p1a: Ninetales-Viable\n|-sidestart|p1: Big Old Wang|move: Aurora Veil\n|move|p2a: Arcanine|Close Combat|p1a: Ninetales-Viable\n|-damage|p1a: Ninetales-Viable|71\/100\n|-unboost|p2a: Arcanine|def|1\n|-unboost|p2a: Arcanine|spd|1\n|\n|-weather|none\n|upkeep\n|turn|13\n|\n|t:|1698465189\n|switch|p1a: The Throngler|Slowking-Galar, F, shiny|100\/100\n|switch|p2a: Steelix|Steelix-Mega, M|5\/100 brn\n|\n|-damage|p2a: Steelix|0 fnt|[from] brn\n|faint|p2a: Steelix\n|upkeep\n|\n|t:|1698465204\n|switch|p2a: Garchomp|Garchomp, F|100\/100\n|turn|14\n|\n|t:|1698465210\n|-terastallize|p2a: Garchomp|Steel\n|move|p2a: Garchomp|Swords Dance|p2a: Garchomp\n|-boost|p2a: Garchomp|atk|2\n|move|p1a: The Throngler|Chilly Reception|p1a: The Throngler\n|-weather|Snow\n|\n|t:|1698465227\n|switch|p1a: Specs Monke|Darmanitan-Galar, F|100\/100|[from] Chilly Reception\n|\n|-weather|Snow|[upkeep]\n|upkeep\n|turn|15\n|\n|t:|1698465236\n|move|p1a: Specs Monke|Flare Blitz|p2a: Garchomp\n|-supereffective|p2a: Garchomp\n|-damage|p2a: Garchomp|0 fnt\n|-damage|p1a: Specs Monke|88\/100|[from] ability: Rough Skin|[of] p2a: Garchomp\n|faint|p2a: Garchomp\n|-damage|p1a: Specs Monke|55\/100|[from] Recoil\n|\n|-weather|Snow|[upkeep]\n|upkeep\n|\n|t:|1698465269\n|switch|p2a: Arcanine|Arcanine, M|75\/100\n|-ability|p2a: Arcanine|Intimidate|boost\n|-unboost|p1a: Specs Monke|atk|1\n|turn|16\n|\n|t:|1698465275\n|switch|p1a: scRotom-Wash|Rotom-Wash|72\/100\n|move|p2a: Arcanine|Flare Blitz|p1a: scRotom-Wash\n|-resisted|p1a: scRotom-Wash\n|-damage|p1a: scRotom-Wash|56\/100\n|-status|p1a: scRotom-Wash|brn\n|-damage|p2a: Arcanine|70\/100|[from] Recoil\n|\n|-weather|Snow|[upkeep]\n|-heal|p1a: scRotom-Wash|62\/100 brn|[from] item: Leftovers\n|-damage|p1a: scRotom-Wash|56\/100 brn|[from] brn\n|upkeep\n|turn|17\n|\n|t:|1698465288\n|switch|p2a: Falinks|Falinks|100\/100\n|move|p1a: scRotom-Wash|Volt Switch|p2a: Falinks\n|-damage|p2a: Falinks|51\/100\n|\n|t:|1698465293\n|switch|p1a: Tera Ground|Baxcalibur, F|100\/100|[from] Volt Switch\n|\n|-weather|Snow|[upkeep]\n|upkeep\n|turn|18\n|\n|t:|1698465302\n|-terastallize|p1a: Tera Ground|Ground\n|move|p1a: Tera Ground|Scale Shot|p2a: Falinks\n|-damage|p2a: Falinks|33\/100\n|-damage|p2a: Falinks|13\/100\n|-damage|p2a: Falinks|0 fnt\n|faint|p2a: Falinks\n|-hitcount|p2: Falinks|3\n|-unboost|p1a: Tera Ground|def|1\n|-boost|p1a: Tera Ground|spe|1\n|\n|-weather|none\n|upkeep\n|\n|t:|1698465313\n|switch|p2a: Arcanine|Arcanine, M|70\/100\n|-ability|p2a: Arcanine|Intimidate|boost\n|-unboost|p1a: Tera Ground|atk|1\n|turn|19\n|\n|t:|1698465319\n|move|p1a: Tera Ground|Swords Dance|p1a: Tera Ground\n|-boost|p1a: Tera Ground|atk|2\n|move|p2a: Arcanine|Play Rough|p1a: Tera Ground|[miss]\n|-miss|p2a: Arcanine|p1a: Tera Ground\n|\n|-sideend|p1: Big Old Wang|move: Aurora Veil\n|upkeep\n|turn|20\n|\n|t:|1698465326\n|move|p1a: Tera Ground|Earthquake|p2a: Arcanine\n|-supereffective|p2a: Arcanine\n|-damage|p2a: Arcanine|0 fnt\n|faint|p2a: Arcanine\n|\n|upkeep\n|\n|t:|1698465330\n|switch|p2a: Ursaluna|Ursaluna-Bloodmoon, M|60\/100\n|turn|21\n|\n|t:|1698465335\n|move|p1a: Tera Ground|Icicle Spear|p2a: Ursaluna\n|-supereffective|p2a: Ursaluna\n|-damage|p2a: Ursaluna|29\/100\n|-supereffective|p2a: Ursaluna\n|-damage|p2a: Ursaluna|0 fnt\n|faint|p2a: Ursaluna\n|-hitcount|p2: Ursaluna|2\n|\n|win|Big Old Wang\n|l|\u2606applesaucem13\n","uploadtime":1698465348,"views":20,"p1id":"bigoldwang","p2id":"applesaucem13","formatid":"gen9nationaldexubers","rating":0,"private":0,"password":""}