{"id":"gen9nationaldexubers-1988050076","p1":"vptwarrior","p2":"Ardekka","format":"[Gen 9] National Dex Ubers","log":"|j|\u2606vptwarrior\n|j|\u2606Ardekka\n|t:|1699663419\n|gametype|singles\n|player|p1|vptwarrior|swimmer|1119\n|player|p2|Ardekka|dragontamer|1063\n|teamsize|p1|6\n|teamsize|p2|6\n|gen|9\n|tier|[Gen 9] National Dex Ubers\n|rated|\n|rule|HP Percentage Mod: HP is shown in percentages\n|rule|Endless Battle Clause: Forcing endless battles is banned\n|rule|OHKO Clause: OHKO moves are banned\n|rule|Evasion Moves Clause: Evasion moves are banned\n|rule|Evasion Items Clause: Evasion items are banned\n|rule|Species Clause: Limit one of each Pok\u00e9mon\n|rule|Sleep Clause Mod: Limit one foe put to sleep\n|rule|Mega Rayquaza Clause: You cannot mega evolve Rayquaza\n|clearpoke\n|poke|p1|Kleavor, M|\n|poke|p1|Armaldo, M|\n|poke|p1|Gallade, M|\n|poke|p1|Escavalier, M|\n|poke|p1|Golisopod, M|\n|poke|p1|Kingambit, M|\n|poke|p2|Annihilape, M|\n|poke|p2|Hydreigon, M|\n|poke|p2|Gyarados, M|\n|poke|p2|Spiritomb, M|\n|poke|p2|Moltres-Galar|\n|poke|p2|Zoroark-Hisui, F|\n|teampreview\n|inactive|Battle timer is ON: inactive players will automatically lose when time's up. (requested by Ardekka)\n|\n|t:|1699663469\n|start\n|switch|p1a: Whetstone|Kleavor, M|100\/100\n|switch|p2a: Gyarados|Gyarados, M, shiny|100\/100\n|-ability|p2a: Gyarados|Intimidate|boost\n|-unboost|p1a: Whetstone|atk|1\n|turn|1\n|\n|t:|1699663488\n|detailschange|p2a: Gyarados|Gyarados-Mega, M, shiny\n|-mega|p2a: Gyarados|Gyarados|Gyaradosite\n|-ability|p2a: Gyarados|Mold Breaker\n|move|p2a: Gyarados|Whirlpool|p1a: Whetstone\n|-supereffective|p1a: Whetstone\n|-damage|p1a: Whetstone|76\/100\n|-activate|p1a: Whetstone|move: Whirlpool|[of] p2a: Gyarados\n|move|p1a: Whetstone|Stone Axe|p2a: Gyarados\n|-crit|p2a: Gyarados\n|-damage|p2a: Gyarados|36\/100\n|-sidestart|p2: Ardekka|move: Stealth Rock\n|\n|-heal|p1a: Whetstone|83\/100|[from] item: Leftovers\n|-damage|p1a: Whetstone|70\/100|[from] move: Whirlpool|[partiallytrapped]\n|upkeep\n|turn|2\n|\n|t:|1699663510\n|switch|p2a: Spiritomb|Spiritomb, M|100\/100\n|-damage|p2a: Spiritomb|88\/100|[from] Stealth Rock\n|move|p1a: Whetstone|X-Scissor|p2a: Spiritomb\n|-damage|p2a: Spiritomb|47\/100\n|\n|-heal|p1a: Whetstone|76\/100|[from] item: Leftovers\n|-heal|p2a: Spiritomb|53\/100|[from] item: Leftovers\n|-end|p1a: Whetstone|Whirlpool|[partiallytrapped]|[silent]\n|upkeep\n|turn|3\n|\n|t:|1699663534\n|switch|p1a: Riptide|Golisopod, M|100\/100\n|move|p2a: Spiritomb|Hypnosis|p1a: Riptide\n|-status|p1a: Riptide|slp|[from] move: Hypnosis\n|\n|-heal|p2a: Spiritomb|60\/100|[from] item: Leftovers\n|upkeep\n|turn|4\n|\n|t:|1699663546\n|cant|p1a: Riptide|slp\n|move|p2a: Spiritomb|Curse|p1a: Riptide\n|-start|p1a: Riptide|Curse|[of] p2a: Spiritomb\n|-damage|p2a: Spiritomb|10\/100\n|\n|-heal|p2a: Spiritomb|16\/100|[from] item: Leftovers\n|-damage|p1a: Riptide|76\/100 slp|[from] Curse\n|upkeep\n|turn|5\n|inactive|Ardekka has 120 seconds left.\n|\n|t:|1699663572\n|cant|p1a: Riptide|slp\n|move|p2a: Spiritomb|Hex|p1a: Riptide\n|-damage|p1a: Riptide|29\/100 slp\n|-enditem|p1a: Riptide|Sitrus Berry|[eat]\n|-heal|p1a: Riptide|54\/100 slp|[from] item: Sitrus Berry\n|\n|-heal|p2a: Spiritomb|22\/100|[from] item: Leftovers\n|-damage|p1a: Riptide|29\/100 slp|[from] Curse\n|upkeep\n|-activate|p1a: Riptide|ability: Emergency Exit\n|\n|t:|1699663577\n|switch|p1a: Whetstone|Kleavor, M|76\/100\n|turn|6\n|inactive|Ardekka has 120 seconds left.\n|\n|t:|1699663592\n|move|p1a: Whetstone|X-Scissor|p2a: Spiritomb\n|-damage|p2a: Spiritomb|0 fnt\n|faint|p2a: Spiritomb\n|\n|-heal|p1a: Whetstone|83\/100|[from] item: Leftovers\n|upkeep\n|inactive|Ardekka has 120 seconds left.\n|\n|t:|1699663601\n|switch|p2a: Gyarados|Gyarados-Mega, M, shiny|36\/100\n|-damage|p2a: Gyarados|23\/100|[from] Stealth Rock\n|-ability|p2a: Gyarados|Mold Breaker\n|turn|7\n|\n|t:|1699663610\n|switch|p1a: Riptide|Golisopod, M|29\/100 slp\n|move|p2a: Gyarados|Waterfall|p1a: Riptide\n|-resisted|p1a: Riptide\n|-damage|p1a: Riptide|14\/100 slp\n|\n|upkeep\n|turn|8\n|\n|t:|1699663624\n|cant|p1a: Riptide|slp\n|move|p2a: Gyarados|Bounce||[still]\n|-prepare|p2a: Gyarados|Bounce\n|\n|upkeep\n|turn|9\n|\n|t:|1699663629\n|switch|p1a: Impactor|Escavalier, M|100\/100\n|move|p2a: Gyarados|Bounce|p1a: Impactor|[from]lockedmove\n|-damage|p1a: Impactor|73\/100\n|-status|p1a: Impactor|par\n|\n|-heal|p1a: Impactor|79\/100 par|[from] item: Leftovers\n|upkeep\n|turn|10\n|\n|t:|1699663640\n|move|p2a: Gyarados|Whirlpool|p1a: Impactor\n|-damage|p1a: Impactor|70\/100 par\n|-activate|p1a: Impactor|move: Whirlpool|[of] p2a: Gyarados\n|move|p1a: Impactor|Megahorn|p2a: Gyarados\n|-supereffective|p2a: Gyarados\n|-damage|p2a: Gyarados|0 fnt\n|faint|p2a: Gyarados\n|\n|-heal|p1a: Impactor|76\/100 par|[from] item: Leftovers\n|-end|p1a: Impactor|Whirlpool|[partiallytrapped]|[silent]\n|upkeep\n|\n|t:|1699663655\n|switch|p2a: Hydreigon|Hydreigon, M, shiny|100\/100\n|-damage|p2a: Hydreigon|88\/100|[from] Stealth Rock\n|turn|11\n|\n|t:|1699663663\n|move|p2a: Hydreigon|Flamethrower|p1a: Impactor\n|-supereffective|p1a: Impactor\n|-damage|p1a: Impactor|0 fnt\n|faint|p1a: Impactor\n|\n|upkeep\n|\n|t:|1699663668\n|switch|p1a: Arnold|Armaldo, M|100\/100\n|turn|12\n|inactive|Ardekka has 120 seconds left.\n|\n|t:|1699663700\n|move|p2a: Hydreigon|Crunch|p1a: Arnold\n|-damage|p1a: Arnold|82\/100\n|move|p1a: Arnold|X-Scissor|p2a: Hydreigon\n|-resisted|p2a: Hydreigon\n|-damage|p2a: Hydreigon|42\/100\n|replace|p2a: Zoroark|Zoroark-Hisui, F\n|-end|p2a: Zoroark|Illusion\n|\n|-heal|p1a: Arnold|88\/100|[from] item: Leftovers\n|upkeep\n|turn|13\n|inactive|Ardekka has 120 seconds left.\n|\n|t:|1699663725\n|move|p2a: Zoroark|Flamethrower|p1a: Arnold\n|-damage|p1a: Arnold|52\/100\n|move|p1a: Arnold|X-Scissor|p2a: Zoroark\n|-resisted|p2a: Zoroark\n|-damage|p2a: Zoroark|0 fnt\n|faint|p2a: Zoroark\n|\n|-heal|p1a: Arnold|58\/100|[from] item: Leftovers\n|upkeep\n|inactive|Ardekka has 90 seconds left.\n|\n|t:|1699663757\n|switch|p2a: Annihilape|Annihilape, M|100\/100\n|-damage|p2a: Annihilape|94\/100|[from] Stealth Rock\n|turn|14\n|inactive|Ardekka has 90 seconds left.\n|\n|t:|1699663772\n|move|p2a: Annihilape|Rage Fist|p1a: Arnold\n|-damage|p1a: Arnold|41\/100\n|move|p1a: Arnold|X-Scissor|p2a: Annihilape\n|-resisted|p2a: Annihilape\n|-damage|p2a: Annihilape|87\/100\n|\n|-heal|p1a: Arnold|47\/100|[from] item: Leftovers\n|upkeep\n|turn|15\n|inactive|Ardekka has 90 seconds left.\n|\n|t:|1699663783\n|move|p2a: Annihilape|Drain Punch|p1a: Arnold\n|-damage|p1a: Arnold|22\/100\n|-heal|p2a: Annihilape|97\/100|[from] drain|[of] p1a: Arnold\n|move|p1a: Arnold|Rock Blast|p2a: Annihilape\n|-resisted|p2a: Annihilape\n|-damage|p2a: Annihilape|93\/100\n|-resisted|p2a: Annihilape\n|-damage|p2a: Annihilape|88\/100\n|-resisted|p2a: Annihilape\n|-damage|p2a: Annihilape|83\/100\n|-resisted|p2a: Annihilape\n|-damage|p2a: Annihilape|78\/100\n|-hitcount|p2a: Annihilape|4\n|\n|-heal|p1a: Arnold|28\/100|[from] item: Leftovers\n|upkeep\n|turn|16\n|inactive|Ardekka has 90 seconds left.\n|\n|t:|1699663799\n|move|p2a: Annihilape|Drain Punch|p1a: Arnold\n|-damage|p1a: Arnold|0 fnt\n|-heal|p2a: Annihilape|88\/100|[from] drain|[of] p1a: Arnold\n|faint|p1a: Arnold\n|\n|upkeep\n|\n|t:|1699663819\n|switch|p1a: Whetstone|Kleavor, M|83\/100\n|turn|17\n|inactive|Ardekka has 90 seconds left.\n|\n|t:|1699663832\n|-terastallize|p2a: Annihilape|Fighting\n|move|p2a: Annihilape|Earthquake|p1a: Whetstone\n|-damage|p1a: Whetstone|55\/100\n|move|p1a: Whetstone|Psycho Cut|p2a: Annihilape\n|-supereffective|p2a: Annihilape\n|-damage|p2a: Annihilape|30\/100\n|\n|-heal|p1a: Whetstone|61\/100|[from] item: Leftovers\n|upkeep\n|turn|18\n|inactive|Ardekka has 90 seconds left.\n|\n|t:|1699663845\n|move|p2a: Annihilape|Drain Punch|p1a: Whetstone\n|-damage|p1a: Whetstone|25\/100\n|-heal|p2a: Annihilape|43\/100|[from] drain|[of] p1a: Whetstone\n|move|p1a: Whetstone|Psycho Cut|p2a: Annihilape\n|-supereffective|p2a: Annihilape\n|-damage|p2a: Annihilape|0 fnt\n|faint|p2a: Annihilape\n|\n|-heal|p1a: Whetstone|32\/100|[from] item: Leftovers\n|upkeep\n|\n|t:|1699663866\n|switch|p2a: Moltres|Moltres-Galar|100\/100\n|-damage|p2a: Moltres|75\/100|[from] Stealth Rock\n|turn|19\n|inactive|vptwarrior has 120 seconds left.\n|inactive|vptwarrior has 90 seconds left.\n|\n|t:|1699663940\n|move|p2a: Moltres|Fiery Wrath|p1a: Whetstone\n|-damage|p1a: Whetstone|0 fnt\n|faint|p1a: Whetstone\n|\n|upkeep\n|\n|t:|1699663942\n|switch|p1a: Riptide|Golisopod, M|14\/100 slp\n|turn|20\n|\n|t:|1699663949\n|-curestatus|p1a: Riptide|slp|[msg]\n|move|p1a: Riptide|First Impression|p2a: Moltres\n|-damage|p2a: Moltres|24\/100\n|-ability|p2a: Moltres|Berserk|boost\n|-boost|p2a: Moltres|spa|1\n|move|p2a: Moltres|Fiery Wrath|p1a: Riptide\n|-damage|p1a: Riptide|0 fnt\n|faint|p1a: Riptide\n|\n|upkeep\n|inactive|vptwarrior has 90 seconds left.\n|\n|t:|1699663961\n|switch|p1a: Takumi|Kingambit, M|100\/100\n|turn|21\n|\n|t:|1699663965\n|move|p2a: Moltres|Sucker Punch|p1a: Takumi\n|-resisted|p1a: Takumi\n|-damage|p1a: Takumi|95\/100\n|move|p1a: Takumi|Iron Head|p2a: Moltres\n|-damage|p2a: Moltres|0 fnt\n|faint|p2a: Moltres\n|\n|-heal|p1a: Takumi|100\/100|[from] item: Leftovers\n|upkeep\n|inactive|Ardekka has 90 seconds left.\n|\n|t:|1699663975\n|switch|p2a: Hydreigon|Hydreigon, M, shiny|100\/100\n|-damage|p2a: Hydreigon|88\/100|[from] Stealth Rock\n|turn|22\n|\n|t:|1699663982\n|move|p2a: Hydreigon|Fire Fang|p1a: Takumi\n|-supereffective|p1a: Takumi\n|-damage|p1a: Takumi|74\/100\n|move|p1a: Takumi|Low Kick|p2a: Hydreigon\n|-supereffective|p2a: Hydreigon\n|-damage|p2a: Hydreigon|0 fnt\n|faint|p2a: Hydreigon\n|\n|win|vptwarrior\n|raw|vptwarrior's rating: 1119 &rarr; <strong>1140<\/strong><br \/>(+21 for winning)\n|raw|Ardekka's rating: 1063 &rarr; <strong>1047<\/strong><br \/>(-16 for losing)\n|c|\u2606Ardekka|Gg\n|c|\u2606vptwarrior|good game\n|l|\u2606Ardekka\n","uploadtime":1699663999,"views":4,"p1id":"vptwarrior","p2id":"ardekka","formatid":"gen9nationaldexubers","rating":1047,"private":0,"password":""}