{"id":"gen9nationaldexubers-1996567003","p1":"Death of Mimikyu","p2":"Astro Excaliburn","format":"[Gen 9] National Dex Ubers","log":"|j|\u2606Death of Mimikyu\n|j|\u2606Astro Excaliburn\n|t:|1700695128\n|gametype|singles\n|player|p1|Death of Mimikyu|cynthia-masters3|\n|player|p2|Astro Excaliburn|chase|\n|teamsize|p1|6\n|teamsize|p2|6\n|gen|9\n|tier|[Gen 9] National Dex Ubers\n|rule|HP Percentage Mod: HP is shown in percentages\n|rule|Endless Battle Clause: Forcing endless battles is banned\n|rule|OHKO Clause: OHKO moves are banned\n|rule|Evasion Moves Clause: Evasion moves are banned\n|rule|Evasion Items Clause: Evasion items are banned\n|rule|Species Clause: Limit one of each Pok\u00e9mon\n|rule|Sleep Clause Mod: Limit one foe put to sleep\n|rule|Mega Rayquaza Clause: You cannot mega evolve Rayquaza\n|clearpoke\n|poke|p1|Roaring Moon|\n|poke|p1|Meowscarada, M|\n|poke|p1|Samurott-Hisui, M|\n|poke|p1|Tyranitar, F|\n|poke|p1|Hydreigon, F|\n|poke|p1|Muk-Alola, M|\n|poke|p2|Iron Valiant|\n|poke|p2|Great Tusk|\n|poke|p2|Okidogi, M|\n|poke|p2|Iron Hands|\n|poke|p2|Sneasler, F|\n|poke|p2|Cobalion|\n|teampreview\n|inactive|Battle timer is ON: inactive players will automatically lose when time's up. (requested by Death of Mimikyu)\n|c|\u2606Death of Mimikyu|Glhf\n|inactiveoff|Battle timer is now OFF.\n|\n|t:|1700695161\n|start\n|switch|p1a: Samurott|Samurott-Hisui, M|100\/100\n|switch|p2a: CRUSH CO-|Cobalion|100\/100\n|turn|1\n|\n|t:|1700695167\n|move|p2a: CRUSH CO-|Stealth Rock|p1a: Samurott\n|-sidestart|p1: Death of Mimikyu|move: Stealth Rock\n|move|p1a: Samurott|Razor Shell|p2a: CRUSH CO-\n|-damage|p2a: CRUSH CO-|67\/100\n|\n|-heal|p2a: CRUSH CO-|73\/100|[from] item: Leftovers\n|upkeep\n|turn|2\n|\n|t:|1700695172\n|move|p2a: CRUSH CO-|Close Combat|p1a: Samurott\n|-supereffective|p1a: Samurott\n|-enditem|p1a: Samurott|Focus Sash\n|-damage|p1a: Samurott|1\/100\n|-unboost|p2a: CRUSH CO-|def|1\n|-unboost|p2a: CRUSH CO-|spd|1\n|move|p1a: Samurott|Razor Shell|p2a: CRUSH CO-\n|-damage|p2a: CRUSH CO-|18\/100\n|-unboost|p2a: CRUSH CO-|def|1\n|\n|-heal|p2a: CRUSH CO-|24\/100|[from] item: Leftovers\n|upkeep\n|turn|3\n|\n|t:|1700695180\n|move|p1a: Samurott|Aqua Jet|p2a: CRUSH CO-\n|-damage|p2a: CRUSH CO-|0 fnt\n|faint|p2a: CRUSH CO-\n|\n|upkeep\n|\n|t:|1700695190\n|switch|p2a: RUSH RAMBO|Great Tusk|100\/100\n|turn|4\n|\n|t:|1700695243\n|move|p1a: Samurott|Aqua Jet|p2a: RUSH RAMBO\n|-supereffective|p2a: RUSH RAMBO\n|-damage|p2a: RUSH RAMBO|74\/100\n|move|p2a: RUSH RAMBO|Rapid Spin|p1a: Samurott\n|-damage|p1a: Samurott|0 fnt\n|-boost|p2a: RUSH RAMBO|spe|1\n|faint|p1a: Samurott\n|\n|upkeep\n|\n|t:|1700695254\n|switch|p1a: Hydreigon|Hydreigon, F|100\/100\n|-damage|p1a: Hydreigon|88\/100|[from] Stealth Rock\n|turn|5\n|\n|t:|1700695260\n|-end|p2a: RUSH RAMBO|Protosynthesis|[silent]\n|switch|p2a: ROBOTIC RAMMER|Iron Hands|100\/100\n|move|p1a: Hydreigon|Draco Meteor|p2a: ROBOTIC RAMMER\n|-damage|p2a: ROBOTIC RAMMER|68\/100\n|-unboost|p1a: Hydreigon|spa|2\n|\n|upkeep\n|turn|6\n|\n|t:|1700695269\n|switch|p1a: Muk|Muk-Alola, M|100\/100\n|-damage|p1a: Muk|88\/100|[from] Stealth Rock\n|move|p2a: ROBOTIC RAMMER|Drain Punch|p1a: Muk\n|-damage|p1a: Muk|48\/100\n|-heal|p2a: ROBOTIC RAMMER|84\/100|[from] drain|[of] p1a: Muk\n|\n|upkeep\n|turn|7\n|\n|t:|1700695277\n|move|p1a: Muk|Knock Off|p2a: ROBOTIC RAMMER\n|-resisted|p2a: ROBOTIC RAMMER\n|-damage|p2a: ROBOTIC RAMMER|72\/100\n|-enditem|p2a: ROBOTIC RAMMER|Assault Vest|[from] move: Knock Off|[of] p1a: Muk\n|move|p2a: ROBOTIC RAMMER|Close Combat|p1a: Muk\n|-damage|p1a: Muk|0 fnt\n|-unboost|p2a: ROBOTIC RAMMER|def|1\n|-unboost|p2a: ROBOTIC RAMMER|spd|1\n|faint|p1a: Muk\n|\n|upkeep\n|\n|t:|1700695283\n|switch|p1a: Meowscarada|Meowscarada, M|100\/100\n|-damage|p1a: Meowscarada|88\/100|[from] Stealth Rock\n|turn|8\n|\n|t:|1700695287\n|-end|p2a: ROBOTIC RAMMER|Quark Drive|[silent]\n|switch|p2a: OOGEY BOOGEY|Okidogi, M|100\/100\n|move|p1a: Meowscarada|Play Rough|p2a: OOGEY BOOGEY|[miss]\n|-start|p1a: Meowscarada|typechange|Fairy|[from] ability: Protean\n|-miss|p1a: Meowscarada|p2a: OOGEY BOOGEY\n|\n|upkeep\n|turn|9\n|c|\u2606Astro Excaliburn|sorry\n|c|\u2606Death of Mimikyu|Nah, my luck's been like this all day lol\n|c|\u2606Death of Mimikyu|It is bo3, right?\n|\n|t:|1700695310\n|move|p1a: Meowscarada|Play Rough|p2a: OOGEY BOOGEY\n|-damage|p2a: OOGEY BOOGEY|50\/100\n|move|p2a: OOGEY BOOGEY|Substitute|p2a: OOGEY BOOGEY\n|-start|p2a: OOGEY BOOGEY|Substitute\n|-damage|p2a: OOGEY BOOGEY|26\/100\n|\n|-heal|p2a: OOGEY BOOGEY|32\/100|[from] item: Black Sludge\n|upkeep\n|turn|10\n|c|\u2606Astro Excaliburn|bo3, you keep teams the same & I go through different MU's\n|c|\u2606Death of Mimikyu|Aight\n|c|\u2606Death of Mimikyu|Making sure lol\n|\n|t:|1700695336\n|move|p1a: Meowscarada|Play Rough|p2a: OOGEY BOOGEY\n|-end|p2a: OOGEY BOOGEY|Substitute\n|move|p2a: OOGEY BOOGEY|Ice Punch|p1a: Meowscarada\n|-damage|p1a: Meowscarada|52\/100\n|-status|p1a: Meowscarada|frz\n|\n|-heal|p2a: OOGEY BOOGEY|38\/100|[from] item: Black Sludge\n|upkeep\n|turn|11\n|c|\u2606Astro Excaliburn|..\n|c|\u2606Death of Mimikyu|>freeze\n|\n|t:|1700695346\n|cant|p1a: Meowscarada|frz\n|move|p2a: OOGEY BOOGEY|Ice Punch|p1a: Meowscarada\n|-damage|p1a: Meowscarada|19\/100 frz\n|\n|-heal|p2a: OOGEY BOOGEY|44\/100|[from] item: Black Sludge\n|upkeep\n|turn|12\n|\n|t:|1700695352\n|cant|p1a: Meowscarada|frz\n|move|p2a: OOGEY BOOGEY|Ice Punch|p1a: Meowscarada\n|-damage|p1a: Meowscarada|0 fnt\n|faint|p1a: Meowscarada\n|\n|-heal|p2a: OOGEY BOOGEY|50\/100|[from] item: Black Sludge\n|upkeep\n|j| UUbers Vesp\n|c|\u2606Astro Excaliburn|that's hella ass ngl\n|\n|t:|1700695358\n|switch|p1a: Tyranitar|Tyranitar, F|100\/100\n|-damage|p1a: Tyranitar|88\/100|[from] Stealth Rock\n|-weather|Sandstorm|[from] ability: Sand Stream|[of] p1a: Tyranitar\n|turn|13\n|\n|t:|1700695365\n|detailschange|p1a: Tyranitar|Tyranitar-Mega, F\n|-mega|p1a: Tyranitar|Tyranitar|Tyranitarite\n|move|p1a: Tyranitar|Knock Off|p2a: OOGEY BOOGEY\n|-resisted|p2a: OOGEY BOOGEY\n|-damage|p2a: OOGEY BOOGEY|21\/100\n|-enditem|p2a: OOGEY BOOGEY|Black Sludge|[from] move: Knock Off|[of] p1a: Tyranitar\n|move|p2a: OOGEY BOOGEY|Drain Punch|p1a: Tyranitar\n|-supereffective|p1a: Tyranitar\n|-crit|p1a: Tyranitar\n|-damage|p1a: Tyranitar|0 fnt\n|-heal|p2a: OOGEY BOOGEY|61\/100|[from] drain|[of] p1a: Tyranitar\n|faint|p1a: Tyranitar\n|\n|-weather|Sandstorm|[upkeep]\n|-damage|p2a: OOGEY BOOGEY|55\/100|[from] Sandstorm\n|upkeep\n|c|\u2606Death of Mimikyu|Worth a shot lol\n|\n|t:|1700695378\n|switch|p1a: Hydreigon|Hydreigon, F|88\/100\n|-damage|p1a: Hydreigon|76\/100|[from] Stealth Rock\n|turn|14\n|\n|t:|1700695384\n|switch|p2a: STEEL SOLDIER|Iron Valiant|100\/100\n|move|p1a: Hydreigon|Draco Meteor|p2a: STEEL SOLDIER\n|-immune|p2a: STEEL SOLDIER\n|\n|-weather|Sandstorm|[upkeep]\n|-damage|p1a: Hydreigon|70\/100|[from] Sandstorm\n|-damage|p2a: STEEL SOLDIER|94\/100|[from] Sandstorm\n|upkeep\n|turn|15\n|\n|t:|1700695389\n|move|p1a: Hydreigon|Draco Meteor|p2a: STEEL SOLDIER\n|-immune|p2a: STEEL SOLDIER\n|move|p2a: STEEL SOLDIER|Moonblast|p1a: Hydreigon\n|-supereffective|p1a: Hydreigon\n|-damage|p1a: Hydreigon|0 fnt\n|faint|p1a: Hydreigon\n|\n|-weather|Sandstorm|[upkeep]\n|-damage|p2a: STEEL SOLDIER|88\/100|[from] Sandstorm\n|upkeep\n|\n|t:|1700695391\n|switch|p1a: Roaring Moon|Roaring Moon|100\/100\n|-damage|p1a: Roaring Moon|88\/100|[from] Stealth Rock\n|turn|16\n|c|\u2606Death of Mimikyu|GGs\n|\n|t:|1700695395\n|move|p2a: STEEL SOLDIER|Moonblast|p1a: Roaring Moon\n|-supereffective|p1a: Roaring Moon\n|-damage|p1a: Roaring Moon|0 fnt\n|faint|p1a: Roaring Moon\n|-end|p1a: Roaring Moon|Protosynthesis|[silent]\n|\n|win|Astro Excaliburn\n|c|\u2606Astro Excaliburn|gg wp\n|l| UUbers Vesp\n|l|\u2606Death of Mimikyu\n","uploadtime":1700695402,"views":32,"p1id":"deathofmimikyu","p2id":"astroexcaliburn","formatid":"gen9nationaldexubers","rating":0,"private":0,"password":""}