{"id":"gen9nationaldexubers-1986915865","p1":"Gtg g u2","p2":"BenFighter10002","format":"[Gen 9] National Dex Ubers","log":"|j|\u2606Gtg g u2\n|j|\u203dBenFighter10002\n|t:|1699540696\n|gametype|singles\n|player|p1|Gtg g u2|red-masters|1086\n|player|p2|BenFighter10002|skier|1000\n|teamsize|p1|6\n|teamsize|p2|6\n|gen|9\n|tier|[Gen 9] National Dex Ubers\n|rated|\n|rule|HP Percentage Mod: HP is shown in percentages\n|rule|Endless Battle Clause: Forcing endless battles is banned\n|rule|OHKO Clause: OHKO moves are banned\n|rule|Evasion Moves Clause: Evasion moves are banned\n|rule|Evasion Items Clause: Evasion items are banned\n|rule|Species Clause: Limit one of each Pok\u00e9mon\n|rule|Sleep Clause Mod: Limit one foe put to sleep\n|rule|Mega Rayquaza Clause: You cannot mega evolve Rayquaza\n|clearpoke\n|poke|p1|Pikachu, M|\n|poke|p1|Rillaboom, M|\n|poke|p1|Cramorant, M|\n|poke|p1|Grapploct, M|\n|poke|p1|Centiskorch, M|\n|poke|p1|Runerigus, F|\n|poke|p2|Raichu, M|\n|poke|p2|Tyranitar, M|\n|poke|p2|Necrozma-Dusk-Mane|\n|poke|p2|Latios, M|\n|poke|p2|Cinderace, M|\n|poke|p2|Tapu Fini|\n|teampreview\n|inactive|Battle timer is ON: inactive players will automatically lose when time's up. (requested by BenFighter10002)\n|\n|t:|1699540700\n|start\n|switch|p1a: Cramorant|Cramorant, M|100\/100\n|switch|p2a: Raichu|Raichu, M|100\/100\n|turn|1\n|\n|t:|1699540705\n|switch|p1a: Runerigus|Runerigus, F, shiny|100\/100\n|move|p2a: Raichu|Thunderbolt|p1a: Runerigus\n|-immune|p1a: Runerigus\n|\n|upkeep\n|turn|2\n|\n|t:|1699540711\n|move|p2a: Raichu|Focus Blast|p1a: Runerigus\n|-immune|p1a: Runerigus\n|move|p1a: Runerigus|Will-O-Wisp|p2a: Raichu\n|-status|p2a: Raichu|brn\n|\n|-damage|p2a: Raichu|94\/100 brn|[from] brn\n|upkeep\n|turn|3\n|\n|t:|1699540722\n|move|p2a: Raichu|Grass Knot|p1a: Runerigus\n|-supereffective|p1a: Runerigus\n|-damage|p1a: Runerigus|41\/100\n|-activate|p1a: Runerigus|ability: Wandering Spirit|Lightning Rod|Wandering Spirit|[of] p2a: Raichu\n|-damage|p2a: Raichu|84\/100 brn|[from] item: Life Orb\n|move|p1a: Runerigus|Earthquake|p2a: Raichu\n|-supereffective|p2a: Raichu\n|-damage|p2a: Raichu|0 fnt\n|faint|p2a: Raichu\n|\n|-heal|p1a: Runerigus|47\/100|[from] item: Leftovers\n|upkeep\n|\n|t:|1699540733\n|switch|p2a: Tyranitar|Tyranitar, M|100\/100\n|-weather|Sandstorm|[from] ability: Sand Stream|[of] p2a: Tyranitar\n|turn|4\n|\n|t:|1699540738\n|move|p2a: Tyranitar|Stone Edge|p1a: Runerigus\n|-resisted|p1a: Runerigus\n|-damage|p1a: Runerigus|25\/100\n|move|p1a: Runerigus|Will-O-Wisp|p2a: Tyranitar\n|-status|p2a: Tyranitar|brn\n|\n|-weather|Sandstorm|[upkeep]\n|-heal|p1a: Runerigus|31\/100|[from] item: Leftovers\n|-damage|p2a: Tyranitar|94\/100 brn|[from] brn\n|upkeep\n|turn|5\n|\n|t:|1699540747\n|move|p2a: Tyranitar|Stone Edge|p1a: Runerigus\n|-resisted|p1a: Runerigus\n|-damage|p1a: Runerigus|20\/100\n|move|p1a: Runerigus|Earthquake|p2a: Tyranitar\n|-supereffective|p2a: Tyranitar\n|-damage|p2a: Tyranitar|21\/100 brn\n|\n|-weather|Sandstorm|[upkeep]\n|-heal|p1a: Runerigus|26\/100|[from] item: Leftovers\n|-damage|p2a: Tyranitar|15\/100 brn|[from] brn\n|upkeep\n|turn|6\n|\n|t:|1699540761\n|move|p2a: Tyranitar|Crunch|p1a: Runerigus\n|-supereffective|p1a: Runerigus\n|-damage|p1a: Runerigus|0 fnt\n|faint|p1a: Runerigus\n|\n|-weather|Sandstorm|[upkeep]\n|-damage|p2a: Tyranitar|9\/100 brn|[from] brn\n|upkeep\n|\n|t:|1699540765\n|switch|p1a: Cramorant|Cramorant, M|100\/100\n|turn|7\n|\n|t:|1699540769\n|move|p1a: Cramorant|Surf|p2a: Tyranitar\n|-formechange|p1a: Cramorant|Cramorant-Gulping|\n|-supereffective|p2a: Tyranitar\n|-damage|p2a: Tyranitar|0 fnt\n|faint|p2a: Tyranitar\n|\n|-weather|Sandstorm|[upkeep]\n|-damage|p1a: Cramorant|94\/100|[from] Sandstorm\n|upkeep\n|\n|t:|1699540778\n|switch|p2a: Necrozma|Necrozma-Dusk-Mane|100\/100\n|turn|8\n|\n|t:|1699540781\n|move|p1a: Cramorant|Hurricane|p2a: Necrozma\n|-resisted|p2a: Necrozma\n|-damage|p2a: Necrozma|84\/100\n|move|p2a: Necrozma|Earthquake|p1a: Cramorant\n|-immune|p1a: Cramorant\n|\n|-weather|none\n|upkeep\n|turn|9\n|\n|t:|1699540790\n|switch|p2a: Cinderace|Cinderace, M|100\/100\n|move|p1a: Cramorant|Surf|p2a: Cinderace\n|-supereffective|p2a: Cinderace\n|-damage|p2a: Cinderace|14\/100\n|\n|upkeep\n|turn|10\n|\n|t:|1699540797\n|move|p2a: Cinderace|U-turn|p1a: Cramorant\n|-start|p2a: Cinderace|typechange|Bug|[from] ability: Libero\n|-resisted|p1a: Cramorant\n|-damage|p1a: Cramorant|62\/100\n|-damage|p2a: Cinderace|0 fnt|[from] ability: Gulp Missile|[of] p1a: Cramorant\n|-formechange|p1a: Cramorant|Cramorant|\n|faint|p2a: Cinderace\n|move|p1a: Cramorant|Roost|p1a: Cramorant\n|-heal|p1a: Cramorant|100\/100\n|-singleturn|p1a: Cramorant|move: Roost\n|\n|upkeep\n|-message|BenFighter10002 forfeited.\n|\n|win|Gtg g u2\n|raw|Gtg g u2's rating: 1086 &rarr; <strong>1107<\/strong><br \/>(+21 for winning)\n|raw|BenFighter10002's rating: 1000 &rarr; <strong>1000<\/strong><br \/>(+0 for losing)\n|l|\u203dBenFighter10002\n","uploadtime":1699540810,"views":4,"p1id":"gtggu2","p2id":"benfighter10002","formatid":"gen9nationaldexubers","rating":1000,"private":0,"password":""}