{"id":"gen9nationaldexubers-1986651342","p1":"dsyujing","p2":"flamingwrench11234","format":"[Gen 9] National Dex Ubers","log":"|j|\u2606dsyujing\n|j|\u2606flamingwrench11234\n|t:|1699502629\n|gametype|singles\n|player|p1|dsyujing|102|1471\n|player|p2|flamingwrench11234|102|1655\n|teamsize|p1|6\n|teamsize|p2|6\n|gen|9\n|tier|[Gen 9] National Dex Ubers\n|rated|\n|rule|HP Percentage Mod: HP is shown in percentages\n|rule|Endless Battle Clause: Forcing endless battles is banned\n|rule|OHKO Clause: OHKO moves are banned\n|rule|Evasion Moves Clause: Evasion moves are banned\n|rule|Evasion Items Clause: Evasion items are banned\n|rule|Species Clause: Limit one of each Pok\u00e9mon\n|rule|Sleep Clause Mod: Limit one foe put to sleep\n|rule|Mega Rayquaza Clause: You cannot mega evolve Rayquaza\n|clearpoke\n|poke|p1|Arceus|\n|poke|p1|Zygarde|\n|poke|p1|Groudon|\n|poke|p1|Deoxys-Attack|\n|poke|p1|Gliscor, M|\n|poke|p1|Garchomp, M|\n|poke|p2|Arceus-Ground|\n|poke|p2|Zygarde|\n|poke|p2|Yveltal|\n|poke|p2|Ho-Oh|\n|poke|p2|Groudon, L99|\n|poke|p2|Dondozo, F|\n|teampreview\n|\n|t:|1699502642\n|start\n|switch|p1a: Groudon|Groudon|100\/100\n|switch|p2a: Yveltal|Yveltal|100\/100\n|-ability|p2a: Yveltal|Dark Aura\n|detailschange|p1a: Groudon|Groudon-Primal\n|-primal|p1a: Groudon|Red Orb\n|-weather|DesolateLand|[from] ability: Desolate Land|[of] p1a: Groudon\n|turn|1\n|\n|t:|1699502652\n|-terastallize|p2a: Yveltal|Dark\n|move|p1a: Groudon|Heat Crash|p2a: Yveltal\n|-damage|p2a: Yveltal|5\/100\n|move|p2a: Yveltal|Dark Pulse|p1a: Groudon\n|-damage|p1a: Groudon|0 fnt\n|faint|p1a: Groudon\n|-weather|none\n|-damage|p2a: Yveltal|0 fnt|[from] item: Life Orb\n|faint|p2a: Yveltal\n|\n|upkeep\n|inactive|Battle timer is ON: inactive players will automatically lose when time's up. (requested by dsyujing)\n|\n|t:|1699502691\n|switch|p1a: Gliscor|Gliscor, M|100\/100\n|switch|p2a: Arceus|Arceus-Ground|100\/100\n|turn|2\n|\n|t:|1699502698\n|move|p2a: Arceus|Taunt|p1a: Gliscor\n|-start|p1a: Gliscor|move: Taunt\n|cant|p1a: Gliscor|move: Taunt|Toxic\n|\n|-status|p1a: Gliscor|tox|[from] item: Toxic Orb\n|upkeep\n|turn|3\n|\n|t:|1699502722\n|switch|p2a: Groudon|Groudon, L99, shiny|100\/100\n|detailschange|p2a: Groudon|Groudon-Primal, L99, shiny\n|-primal|p2a: Groudon|Red Orb\n|-weather|DesolateLand|[from] ability: Desolate Land|[of] p2a: Groudon\n|switch|p1a: Arceus|Arceus|100\/100\n|\n|-weather|DesolateLand|[upkeep]\n|upkeep\n|turn|4\n|\n|t:|1699502731\n|move|p1a: Arceus|Bulk Up|p1a: Arceus\n|-boost|p1a: Arceus|atk|1\n|-boost|p1a: Arceus|def|1\n|move|p2a: Groudon|Stealth Rock|p1a: Arceus\n|-sidestart|p1: dsyujing|move: Stealth Rock\n|\n|-weather|DesolateLand|[upkeep]\n|upkeep\n|turn|5\n|\n|t:|1699502740\n|move|p1a: Arceus|Extreme Speed|p2a: Groudon\n|-damage|p2a: Groudon|70\/100\n|move|p2a: Groudon|Lava Plume|p1a: Arceus\n|-damage|p1a: Arceus|65\/100\n|\n|-weather|DesolateLand|[upkeep]\n|upkeep\n|turn|6\n|\n|t:|1699502748\n|-weather|none\n|switch|p2a: Dondozo|Dondozo, F|100\/100\n|move|p1a: Arceus|Extreme Speed|p2a: Dondozo\n|-damage|p2a: Dondozo|84\/100\n|\n|-heal|p2a: Dondozo|90\/100|[from] item: Leftovers\n|upkeep\n|turn|7\n|\n|t:|1699502758\n|switch|p1a: Garchomp|Garchomp, M|100\/100\n|-damage|p1a: Garchomp|94\/100|[from] Stealth Rock\n|move|p2a: Dondozo|Body Press|p1a: Garchomp\n|-damage|p1a: Garchomp|65\/100\n|-damage|p2a: Dondozo|77\/100|[from] ability: Rough Skin|[of] p1a: Garchomp\n|\n|-heal|p2a: Dondozo|83\/100|[from] item: Leftovers\n|upkeep\n|turn|8\n|\n|t:|1699502773\n|switch|p2a: Arceus|Arceus-Ground|100\/100\n|move|p1a: Garchomp|Toxic|p2a: Arceus\n|-status|p2a: Arceus|tox\n|\n|-damage|p2a: Arceus|94\/100 tox|[from] psn\n|upkeep\n|turn|9\n|\n|t:|1699502785\n|switch|p1a: Gliscor|Gliscor, M|100\/100 tox\n|-damage|p1a: Gliscor|88\/100 tox|[from] Stealth Rock\n|switch|p2a: Zygarde|Zygarde|100\/100\n|\n|-heal|p1a: Gliscor|100\/100 tox|[from] ability: Poison Heal\n|upkeep\n|turn|10\n|\n|t:|1699502795\n|move|p1a: Gliscor|Toxic|p2a: Zygarde\n|-status|p2a: Zygarde|tox\n|move|p2a: Zygarde|Coil|p2a: Zygarde\n|-boost|p2a: Zygarde|atk|1\n|-boost|p2a: Zygarde|def|1\n|-boost|p2a: Zygarde|accuracy|1\n|\n|-damage|p2a: Zygarde|94\/100 tox|[from] psn\n|upkeep\n|turn|11\n|j| Kat_XIII\n|\n|t:|1699502805\n|move|p1a: Gliscor|Knock Off|p2a: Zygarde\n|-damage|p2a: Zygarde|87\/100 tox\n|-enditem|p2a: Zygarde|Leftovers|[from] move: Knock Off|[of] p1a: Gliscor\n|move|p2a: Zygarde|Thousand Arrows|p1a: Gliscor\n|-damage|p1a: Gliscor|70\/100 tox\n|-start|p1a: Gliscor|Smack Down\n|\n|-heal|p1a: Gliscor|83\/100 tox|[from] ability: Poison Heal\n|-damage|p2a: Zygarde|74\/100 tox|[from] psn\n|upkeep\n|turn|12\n|\n|t:|1699502817\n|move|p1a: Gliscor|Earthquake|p2a: Zygarde\n|-damage|p2a: Zygarde|62\/100 tox\n|move|p2a: Zygarde|Coil|p2a: Zygarde\n|-boost|p2a: Zygarde|atk|1\n|-boost|p2a: Zygarde|def|1\n|-boost|p2a: Zygarde|accuracy|1\n|\n|-heal|p1a: Gliscor|95\/100 tox|[from] ability: Poison Heal\n|-damage|p2a: Zygarde|43\/100 tox|[from] psn\n|-activate|p2a: Zygarde|ability: Power Construct\n|detailschange|p2a: Zygarde|Zygarde-Complete\n|-heal|p2a: Zygarde|63\/100 tox|[silent]\n|upkeep\n|turn|13\n|\n|t:|1699502830\n|move|p1a: Gliscor|Earthquake|p2a: Zygarde\n|-damage|p2a: Zygarde|57\/100 tox\n|move|p2a: Zygarde|Rest|p2a: Zygarde\n|-status|p2a: Zygarde|slp|[from] move: Rest\n|-heal|p2a: Zygarde|100\/100 slp|[silent]\n|\n|-heal|p1a: Gliscor|100\/100 tox|[from] ability: Poison Heal\n|upkeep\n|turn|14\n|\n|t:|1699502847\n|switch|p1a: Deoxys|Deoxys-Attack|100\/100\n|-damage|p1a: Deoxys|88\/100|[from] Stealth Rock\n|-ability|p1a: Deoxys|Pressure\n|cant|p2a: Zygarde|slp\n|\n|upkeep\n|turn|15\n|\n|t:|1699502857\n|move|p1a: Deoxys|Psycho Boost|p2a: Zygarde|[miss]\n|-miss|p1a: Deoxys|p2a: Zygarde\n|cant|p2a: Zygarde|slp\n|\n|upkeep\n|turn|16\n|\n|t:|1699502864\n|move|p1a: Deoxys|Psycho Boost|p2a: Zygarde\n|-damage|p2a: Zygarde|37\/100 slp\n|-unboost|p1a: Deoxys|spa|2\n|-damage|p1a: Deoxys|78\/100|[from] item: Life Orb\n|-curestatus|p2a: Zygarde|slp|[msg]\n|move|p2a: Zygarde|Thousand Arrows|p1a: Deoxys\n|-damage|p1a: Deoxys|0 fnt\n|faint|p1a: Deoxys\n|\n|upkeep\n|\n|t:|1699502879\n|switch|p1a: Garchomp|Garchomp, M|65\/100\n|-damage|p1a: Garchomp|59\/100|[from] Stealth Rock\n|turn|17\n|\n|t:|1699502883\n|move|p1a: Garchomp|Outrage|p2a: Zygarde\n|-supereffective|p2a: Zygarde\n|-damage|p2a: Zygarde|15\/100\n|move|p2a: Zygarde|Glare|p1a: Garchomp\n|-status|p1a: Garchomp|par\n|\n|upkeep\n|turn|18\n|\n|t:|1699502894\n|move|p1a: Garchomp|Outrage|p2a: Zygarde|[from]lockedmove\n|-supereffective|p2a: Zygarde\n|-damage|p2a: Zygarde|0 fnt\n|faint|p2a: Zygarde\n|-start|p1a: Garchomp|confusion|[fatigue]\n|\n|upkeep\n|\n|t:|1699502903\n|switch|p2a: Dondozo|Dondozo, F|83\/100\n|turn|19\n|\n|t:|1699502911\n|switch|p1a: Gliscor|Gliscor, M|100\/100 tox\n|-damage|p1a: Gliscor|88\/100 tox|[from] Stealth Rock\n|move|p2a: Dondozo|Curse|p2a: Dondozo\n|-unboost|p2a: Dondozo|spe|1\n|-boost|p2a: Dondozo|atk|1\n|-boost|p2a: Dondozo|def|1\n|\n|-heal|p2a: Dondozo|90\/100|[from] item: Leftovers\n|-heal|p1a: Gliscor|100\/100 tox|[from] ability: Poison Heal\n|upkeep\n|turn|20\n|\n|t:|1699502924\n|move|p1a: Gliscor|Knock Off|p2a: Dondozo\n|-damage|p2a: Dondozo|83\/100\n|-enditem|p2a: Dondozo|Leftovers|[from] move: Knock Off|[of] p1a: Gliscor\n|move|p2a: Dondozo|Curse|p2a: Dondozo\n|-unboost|p2a: Dondozo|spe|1\n|-boost|p2a: Dondozo|atk|1\n|-boost|p2a: Dondozo|def|1\n|\n|upkeep\n|turn|21\n|\n|t:|1699502939\n|move|p1a: Gliscor|Toxic|p2a: Dondozo\n|-status|p2a: Dondozo|tox\n|move|p2a: Dondozo|Liquidation|p1a: Gliscor\n|-supereffective|p1a: Gliscor\n|-crit|p1a: Gliscor\n|-damage|p1a: Gliscor|0 fnt\n|faint|p1a: Gliscor\n|\n|-damage|p2a: Dondozo|77\/100 tox|[from] psn\n|upkeep\n|\n|t:|1699502949\n|switch|p1a: Zygarde|Zygarde|100\/100\n|-damage|p1a: Zygarde|94\/100|[from] Stealth Rock\n|turn|22\n|c|\u2606flamingwrench11234|Good luck trying to kill dozo\n|\n|t:|1699502957\n|move|p1a: Zygarde|Coil|p1a: Zygarde\n|-boost|p1a: Zygarde|atk|1\n|-boost|p1a: Zygarde|def|1\n|-boost|p1a: Zygarde|accuracy|1\n|move|p2a: Dondozo|Curse|p2a: Dondozo\n|-unboost|p2a: Dondozo|spe|1\n|-boost|p2a: Dondozo|atk|1\n|-boost|p2a: Dondozo|def|1\n|\n|-heal|p1a: Zygarde|100\/100|[from] item: Leftovers\n|-damage|p2a: Dondozo|65\/100 tox|[from] psn\n|upkeep\n|turn|23\n|\n|t:|1699502970\n|move|p1a: Zygarde|Thousand Arrows|p2a: Dondozo\n|-damage|p2a: Dondozo|57\/100 tox\n|move|p2a: Dondozo|Rest|p2a: Dondozo\n|-status|p2a: Dondozo|slp|[from] move: Rest\n|-heal|p2a: Dondozo|100\/100 slp|[silent]\n|\n|upkeep\n|turn|24\n|\n|t:|1699502987\n|switch|p1a: Arceus|Arceus|65\/100\n|-damage|p1a: Arceus|53\/100|[from] Stealth Rock\n|cant|p2a: Dondozo|slp\n|\n|upkeep\n|turn|25\n|\n|t:|1699502995\n|move|p1a: Arceus|Recover|p1a: Arceus\n|-heal|p1a: Arceus|100\/100\n|cant|p2a: Dondozo|slp\n|\n|upkeep\n|turn|26\n|\n|t:|1699503005\n|switch|p1a: Zygarde|Zygarde|100\/100\n|-damage|p1a: Zygarde|94\/100|[from] Stealth Rock\n|-curestatus|p2a: Dondozo|slp|[msg]\n|move|p2a: Dondozo|Curse|p2a: Dondozo\n|-unboost|p2a: Dondozo|spe|1\n|-boost|p2a: Dondozo|atk|1\n|-boost|p2a: Dondozo|def|1\n|\n|-heal|p1a: Zygarde|100\/100|[from] item: Leftovers\n|upkeep\n|turn|27\n|\n|t:|1699503017\n|move|p1a: Zygarde|Coil|p1a: Zygarde\n|-boost|p1a: Zygarde|atk|1\n|-boost|p1a: Zygarde|def|1\n|-boost|p1a: Zygarde|accuracy|1\n|move|p2a: Dondozo|Curse|p2a: Dondozo\n|-unboost|p2a: Dondozo|spe|1\n|-boost|p2a: Dondozo|atk|1\n|-boost|p2a: Dondozo|def|1\n|\n|upkeep\n|turn|28\n|\n|t:|1699503025\n|move|p1a: Zygarde|Coil|p1a: Zygarde\n|-boost|p1a: Zygarde|atk|1\n|-boost|p1a: Zygarde|def|1\n|-boost|p1a: Zygarde|accuracy|1\n|move|p2a: Dondozo|Curse|p2a: Dondozo\n|-unboost|p2a: Dondozo|spe|1\n|-boost|p2a: Dondozo|atk|1\n|-boost|p2a: Dondozo|def|1\n|\n|upkeep\n|turn|29\n|\n|t:|1699503035\n|move|p1a: Zygarde|Coil|p1a: Zygarde\n|-boost|p1a: Zygarde|atk|1\n|-boost|p1a: Zygarde|def|1\n|-boost|p1a: Zygarde|accuracy|1\n|move|p2a: Dondozo|Liquidation|p1a: Zygarde\n|-damage|p1a: Zygarde|22\/100\n|-unboost|p1a: Zygarde|def|1\n|\n|-heal|p1a: Zygarde|28\/100|[from] item: Leftovers\n|-activate|p1a: Zygarde|ability: Power Construct\n|detailschange|p1a: Zygarde|Zygarde-Complete\n|-heal|p1a: Zygarde|53\/100|[silent]\n|upkeep\n|turn|30\n|\n|t:|1699503049\n|move|p1a: Zygarde|Coil|p1a: Zygarde\n|-boost|p1a: Zygarde|atk|1\n|-boost|p1a: Zygarde|def|1\n|-boost|p1a: Zygarde|accuracy|1\n|move|p2a: Dondozo|Liquidation|p1a: Zygarde\n|-crit|p1a: Zygarde\n|-damage|p1a: Zygarde|0 fnt\n|faint|p1a: Zygarde\n|\n|upkeep\n|l| Kat_XIII\n|-message|dsyujing forfeited.\n|\n|win|flamingwrench11234\n|raw|dsyujing's rating: 1471 &rarr; <strong>1461<\/strong><br \/>(-10 for losing)\n|raw|flamingwrench11234's rating: 1655 &rarr; <strong>1665<\/strong><br \/>(+10 for winning)\n|l|\u2606dsyujing\n","uploadtime":1699503089,"views":6,"p1id":"dsyujing","p2id":"flamingwrench11234","formatid":"gen9nationaldexubers","rating":1461,"private":0,"password":""}