{"id":"gen9nationaldexubers-1984457551","p1":"priestmajor","p2":"C0ld as Ice","format":"[Gen 9] National Dex Ubers","log":"|j|\u2606priestmajor\n|j|\u2606C0ld as Ice\n|t:|1699266919\n|gametype|singles\n|player|p1|priestmajor|266|1653\n|player|p2|C0ld as Ice|schoolkid-gen4dp|1795\n|teamsize|p1|6\n|teamsize|p2|6\n|gen|9\n|tier|[Gen 9] National Dex Ubers\n|rated|\n|rule|HP Percentage Mod: HP is shown in percentages\n|rule|Endless Battle Clause: Forcing endless battles is banned\n|rule|OHKO Clause: OHKO moves are banned\n|rule|Evasion Moves Clause: Evasion moves are banned\n|rule|Evasion Items Clause: Evasion items are banned\n|rule|Species Clause: Limit one of each Pok\u00e9mon\n|rule|Sleep Clause Mod: Limit one foe put to sleep\n|rule|Mega Rayquaza Clause: You cannot mega evolve Rayquaza\n|clearpoke\n|poke|p1|Groudon|\n|poke|p1|Ho-Oh|\n|poke|p1|Zygarde|\n|poke|p1|Arceus-Ground|\n|poke|p1|Yveltal|\n|poke|p1|Eternatus|\n|poke|p2|Necrozma-Dusk-Mane|\n|poke|p2|Arceus-Grass|\n|poke|p2|Groudon|\n|poke|p2|Eternatus|\n|poke|p2|Zygarde|\n|poke|p2|Marshadow|\n|teampreview\n|inactive|Battle timer is ON: inactive players will automatically lose when time's up. (requested by C0ld as Ice)\n|\n|t:|1699266935\n|start\n|switch|p1a: Yveltal|Yveltal|100\/100\n|switch|p2a: Arceus|Arceus-Grass|100\/100\n|-ability|p1a: Yveltal|Dark Aura\n|turn|1\n|\n|t:|1699266939\n|switch|p2a: Eternatus|Eternatus|100\/100\n|-ability|p2a: Eternatus|Pressure\n|move|p1a: Yveltal|Toxic|p2a: Eternatus\n|-immune|p2a: Eternatus\n|\n|upkeep\n|turn|2\n|\n|t:|1699266946\n|move|p2a: Eternatus|Toxic Spikes|p1a: Yveltal\n|-sidestart|p1: priestmajor|move: Toxic Spikes\n|move|p1a: Yveltal|Knock Off|p2a: Eternatus\n|-damage|p2a: Eternatus|72\/100\n|\n|upkeep\n|turn|3\n|\n|t:|1699266954\n|switch|p1a: Ho-Oh|Ho-Oh|100\/100\n|move|p2a: Eternatus|Sludge Bomb|p1a: Ho-Oh\n|-damage|p1a: Ho-Oh|77\/100\n|-status|p1a: Ho-Oh|psn\n|\n|-damage|p1a: Ho-Oh|64\/100 psn|[from] psn\n|upkeep\n|turn|4\n|\n|t:|1699266960\n|switch|p2a: Zygarde|Zygarde|100\/100\n|move|p1a: Ho-Oh|Defog|p2a: Zygarde\n|-unboost|p2a: Zygarde|evasion|1\n|-sideend|p1: priestmajor|Toxic Spikes|[from] move: Defog|[of] p1a: Ho-Oh\n|\n|-damage|p1a: Ho-Oh|52\/100 psn|[from] psn\n|upkeep\n|turn|5\n|\n|t:|1699266966\n|switch|p2a: Eternatus|Eternatus|72\/100\n|-ability|p2a: Eternatus|Pressure\n|move|p1a: Ho-Oh|Toxic|p2a: Eternatus|[miss]\n|-miss|p1a: Ho-Oh|p2a: Eternatus\n|\n|-damage|p1a: Ho-Oh|39\/100 psn|[from] psn\n|upkeep\n|turn|6\n|\n|t:|1699266971\n|switch|p1a: Groudon|Groudon|100\/100\n|detailschange|p1a: Groudon|Groudon-Primal\n|-primal|p1a: Groudon|Red Orb\n|-weather|DesolateLand|[from] ability: Desolate Land|[of] p1a: Groudon\n|move|p2a: Eternatus|Toxic Spikes|p1a: Groudon\n|-sidestart|p1: priestmajor|move: Toxic Spikes\n|\n|-weather|DesolateLand|[upkeep]\n|upkeep\n|turn|7\n|\n|t:|1699266977\n|switch|p2a: Zygarde|Zygarde|100\/100\n|move|p1a: Groudon|Stealth Rock|p2a: Zygarde\n|-sidestart|p2: C0ld as Ice|move: Stealth Rock\n|\n|-weather|DesolateLand|[upkeep]\n|upkeep\n|turn|8\n|\n|t:|1699266983\n|-weather|none\n|switch|p1a: Ho-Oh|Ho-Oh|72\/100 psn\n|move|p2a: Zygarde|Thousand Arrows|p1a: Ho-Oh\n|-damage|p1a: Ho-Oh|54\/100 psn\n|-start|p1a: Ho-Oh|Smack Down\n|\n|-damage|p1a: Ho-Oh|41\/100 psn|[from] psn\n|upkeep\n|turn|9\n|\n|t:|1699266990\n|switch|p1a: Zygarde|Zygarde|100\/100\n|-status|p1a: Zygarde|psn\n|move|p2a: Zygarde|Glare||[still]\n|-fail|p2a: Zygarde\n|\n|-damage|p1a: Zygarde|88\/100 psn|[from] psn\n|upkeep\n|turn|10\n|\n|t:|1699266997\n|move|p2a: Zygarde|Thousand Arrows|p1a: Zygarde\n|-damage|p1a: Zygarde|71\/100 psn\n|move|p1a: Zygarde|Glare|p2a: Zygarde\n|-status|p2a: Zygarde|par\n|\n|-heal|p1a: Zygarde|77\/100 psn|[from] item: Leftovers\n|-damage|p1a: Zygarde|65\/100 psn|[from] psn\n|upkeep\n|turn|11\n|\n|t:|1699267001\n|move|p1a: Zygarde|Coil|p1a: Zygarde\n|-boost|p1a: Zygarde|atk|1\n|-boost|p1a: Zygarde|def|1\n|-boost|p1a: Zygarde|accuracy|1\n|cant|p2a: Zygarde|par\n|\n|-heal|p1a: Zygarde|71\/100 psn|[from] item: Leftovers\n|-damage|p1a: Zygarde|58\/100 psn|[from] psn\n|upkeep\n|turn|12\n|\n|t:|1699267005\n|move|p1a: Zygarde|Thousand Arrows|p2a: Zygarde\n|-damage|p2a: Zygarde|75\/100 par\n|cant|p2a: Zygarde|par\n|\n|-heal|p1a: Zygarde|65\/100 psn|[from] item: Leftovers\n|-heal|p2a: Zygarde|81\/100 par|[from] item: Leftovers\n|-damage|p1a: Zygarde|52\/100 psn|[from] psn\n|upkeep\n|turn|13\n|\n|t:|1699267010\n|move|p1a: Zygarde|Thousand Arrows|p2a: Zygarde\n|-damage|p2a: Zygarde|57\/100 par\n|move|p2a: Zygarde|Glare||[still]\n|-fail|p2a: Zygarde\n|\n|-heal|p1a: Zygarde|58\/100 psn|[from] item: Leftovers\n|-heal|p2a: Zygarde|63\/100 par|[from] item: Leftovers\n|-damage|p1a: Zygarde|46\/100 psn|[from] psn\n|-activate|p1a: Zygarde|ability: Power Construct\n|detailschange|p1a: Zygarde|Zygarde-Complete\n|-heal|p1a: Zygarde|65\/100 psn|[silent]\n|upkeep\n|turn|14\n|\n|t:|1699267019\n|move|p1a: Zygarde|Rest|p1a: Zygarde\n|-status|p1a: Zygarde|slp|[from] move: Rest\n|-heal|p1a: Zygarde|100\/100 slp|[silent]\n|move|p2a: Zygarde|Thousand Arrows|p1a: Zygarde\n|-damage|p1a: Zygarde|94\/100 slp\n|\n|-heal|p1a: Zygarde|99\/100 slp|[from] item: Leftovers\n|-heal|p2a: Zygarde|69\/100 par|[from] item: Leftovers\n|upkeep\n|turn|15\n|\n|t:|1699267028\n|switch|p1a: Eternatus|Eternatus|100\/100\n|-sideend|p1: priestmajor|move: Toxic Spikes|[of] p1a: Eternatus\n|-ability|p1a: Eternatus|Pressure\n|switch|p2a: Necrozma|Necrozma-Dusk-Mane, shiny|100\/100\n|-damage|p2a: Necrozma|94\/100|[from] Stealth Rock\n|\n|-heal|p2a: Necrozma|100\/100|[from] item: Leftovers\n|upkeep\n|turn|16\n|\n|t:|1699267033\n|switch|p1a: Yveltal|Yveltal|100\/100\n|-ability|p1a: Yveltal|Dark Aura\n|move|p2a: Necrozma|Stealth Rock|p1a: Yveltal\n|-sidestart|p1: priestmajor|move: Stealth Rock\n|\n|upkeep\n|turn|17\n|\n|t:|1699267040\n|move|p1a: Yveltal|Foul Play|p2a: Necrozma\n|-supereffective|p2a: Necrozma\n|-damage|p2a: Necrozma|32\/100\n|move|p2a: Necrozma|Thunder Wave|p1a: Yveltal\n|-status|p1a: Yveltal|par\n|\n|-heal|p2a: Necrozma|38\/100|[from] item: Leftovers\n|upkeep\n|turn|18\n|\n|t:|1699267045\n|move|p2a: Necrozma|Moonlight|p2a: Necrozma\n|-heal|p2a: Necrozma|88\/100\n|cant|p1a: Yveltal|par\n|\n|-heal|p2a: Necrozma|94\/100|[from] item: Leftovers\n|upkeep\n|turn|19\n|\n|t:|1699267051\n|switch|p1a: Arceus|Arceus-Ground|100\/100\n|-damage|p1a: Arceus|94\/100|[from] Stealth Rock\n|move|p2a: Necrozma|Iron Head|p1a: Arceus\n|-damage|p1a: Arceus|62\/100\n|\n|-heal|p2a: Necrozma|99\/100|[from] item: Leftovers\n|upkeep\n|turn|20\n|j| laprasplayer\n|\n|t:|1699267054\n|switch|p2a: Arceus|Arceus-Grass|100\/100\n|-damage|p2a: Arceus|88\/100|[from] Stealth Rock\n|move|p1a: Arceus|Dragon Dance|p1a: Arceus\n|-boost|p1a: Arceus|atk|1\n|-boost|p1a: Arceus|spe|1\n|\n|upkeep\n|turn|21\n|\n|t:|1699267059\n|switch|p1a: Ho-Oh|Ho-Oh|74\/100 psn\n|move|p2a: Arceus|Grass Knot|p1a: Ho-Oh\n|-resisted|p1a: Ho-Oh\n|-damage|p1a: Ho-Oh|68\/100 psn\n|\n|-damage|p1a: Ho-Oh|55\/100 psn|[from] psn\n|upkeep\n|turn|22\n|\n|t:|1699267063\n|switch|p2a: Eternatus|Eternatus|72\/100\n|-damage|p2a: Eternatus|60\/100|[from] Stealth Rock\n|-ability|p2a: Eternatus|Pressure\n|move|p1a: Ho-Oh|Sacred Fire|p2a: Eternatus\n|-resisted|p2a: Eternatus\n|-damage|p2a: Eternatus|45\/100\n|-status|p2a: Eternatus|brn\n|\n|-damage|p1a: Ho-Oh|43\/100 psn|[from] psn\n|-damage|p2a: Eternatus|39\/100 brn|[from] brn\n|upkeep\n|turn|23\n|\n|t:|1699267068\n|switch|p1a: Groudon|Groudon-Primal|100\/100\n|-damage|p1a: Groudon|88\/100|[from] Stealth Rock\n|-weather|DesolateLand|[from] ability: Desolate Land|[of] p1a: Groudon\n|move|p2a: Eternatus|Recover|p2a: Eternatus\n|-heal|p2a: Eternatus|89\/100 brn\n|\n|-weather|DesolateLand|[upkeep]\n|-damage|p2a: Eternatus|83\/100 brn|[from] brn\n|upkeep\n|turn|24\n|\n|t:|1699267072\n|switch|p2a: Zygarde|Zygarde|69\/100 par\n|-damage|p2a: Zygarde|63\/100 par|[from] Stealth Rock\n|move|p1a: Groudon|Earthquake|p2a: Zygarde\n|-damage|p2a: Zygarde|32\/100 par\n|\n|-weather|DesolateLand|[upkeep]\n|-heal|p2a: Zygarde|38\/100 par|[from] item: Leftovers\n|-activate|p2a: Zygarde|ability: Power Construct\n|detailschange|p2a: Zygarde|Zygarde-Complete\n|-heal|p2a: Zygarde|60\/100 par|[silent]\n|upkeep\n|turn|25\n|\n|t:|1699267076\n|-weather|none\n|switch|p1a: Zygarde|Zygarde-Complete|99\/100 slp\n|-damage|p1a: Zygarde|94\/100 slp|[from] Stealth Rock\n|move|p2a: Zygarde|Glare||[still]\n|-fail|p2a: Zygarde\n|\n|-heal|p1a: Zygarde|99\/100 slp|[from] item: Leftovers\n|-heal|p2a: Zygarde|66\/100 par|[from] item: Leftovers\n|upkeep\n|turn|26\n|\n|t:|1699267080\n|cant|p1a: Zygarde|slp\n|move|p2a: Zygarde|Rest|p2a: Zygarde\n|-status|p2a: Zygarde|slp|[from] move: Rest\n|-heal|p2a: Zygarde|100\/100 slp|[silent]\n|\n|-heal|p1a: Zygarde|100\/100 slp|[from] item: Leftovers\n|upkeep\n|turn|27\n|\n|t:|1699267084\n|switch|p1a: Eternatus|Eternatus|100\/100\n|-damage|p1a: Eternatus|88\/100|[from] Stealth Rock\n|-ability|p1a: Eternatus|Pressure\n|cant|p2a: Zygarde|slp\n|\n|upkeep\n|turn|28\n|\n|t:|1699267099\n|switch|p2a: Necrozma|Necrozma-Dusk-Mane, shiny|99\/100\n|-damage|p2a: Necrozma|94\/100|[from] Stealth Rock\n|move|p1a: Eternatus|Sludge Bomb|p2a: Necrozma\n|-immune|p2a: Necrozma\n|\n|-heal|p2a: Necrozma|99\/100|[from] item: Leftovers\n|upkeep\n|turn|29\n|\n|t:|1699267108\n|switch|p1a: Arceus|Arceus-Ground|62\/100\n|-damage|p1a: Arceus|56\/100|[from] Stealth Rock\n|move|p2a: Necrozma|Iron Head|p1a: Arceus\n|-damage|p1a: Arceus|27\/100\n|\n|-heal|p2a: Necrozma|100\/100|[from] item: Leftovers\n|upkeep\n|turn|30\n|\n|t:|1699267122\n|switch|p2a: Marshadow|Marshadow|100\/100\n|-damage|p2a: Marshadow|94\/100|[from] Stealth Rock\n|move|p1a: Arceus|Recover|p1a: Arceus\n|-heal|p1a: Arceus|77\/100\n|\n|upkeep\n|turn|31\n|\n|t:|1699267136\n|-terastallize|p2a: Marshadow|Ghost\n|move|p2a: Marshadow|Poltergeist|p1a: Arceus\n|-activate|p1a: Arceus|move: Poltergeist|Earth Plate\n|-damage|p1a: Arceus|0 fnt\n|faint|p1a: Arceus\n|\n|upkeep\n|inactive|priestmajor has 120 seconds left.\n|\n|t:|1699267168\n|switch|p1a: Yveltal|Yveltal|100\/100 par\n|-ability|p1a: Yveltal|Dark Aura\n|turn|32\n|\n|t:|1699267182\n|switch|p2a: Eternatus|Eternatus|83\/100 brn\n|-damage|p2a: Eternatus|70\/100 brn|[from] Stealth Rock\n|-ability|p2a: Eternatus|Pressure\n|move|p1a: Yveltal|Knock Off|p2a: Eternatus\n|-damage|p2a: Eternatus|44\/100 brn\n|\n|-damage|p2a: Eternatus|38\/100 brn|[from] brn\n|upkeep\n|turn|33\n|\n|t:|1699267189\n|switch|p1a: Eternatus|Eternatus|88\/100\n|-damage|p1a: Eternatus|76\/100|[from] Stealth Rock\n|-ability|p1a: Eternatus|Pressure\n|move|p2a: Eternatus|Recover|p2a: Eternatus\n|-heal|p2a: Eternatus|88\/100 brn\n|\n|-damage|p2a: Eternatus|82\/100 brn|[from] brn\n|upkeep\n|turn|34\n|\n|t:|1699267197\n|switch|p2a: Necrozma|Necrozma-Dusk-Mane, shiny|100\/100\n|-damage|p2a: Necrozma|94\/100|[from] Stealth Rock\n|move|p1a: Eternatus|Dynamax Cannon|p2a: Necrozma\n|-resisted|p2a: Necrozma\n|-damage|p2a: Necrozma|78\/100\n|\n|-heal|p2a: Necrozma|84\/100|[from] item: Leftovers\n|upkeep\n|turn|35\n|\n|t:|1699267217\n|switch|p1a: Zygarde|Zygarde-Complete|100\/100 slp\n|-damage|p1a: Zygarde|94\/100 slp|[from] Stealth Rock\n|move|p2a: Necrozma|Iron Head|p1a: Zygarde\n|-damage|p1a: Zygarde|81\/100 slp\n|\n|-heal|p1a: Zygarde|87\/100 slp|[from] item: Leftovers\n|-heal|p2a: Necrozma|90\/100|[from] item: Leftovers\n|upkeep\n|turn|36\n|\n|t:|1699267228\n|switch|p2a: Zygarde|Zygarde-Complete|100\/100 slp\n|-damage|p2a: Zygarde|94\/100 slp|[from] Stealth Rock\n|cant|p1a: Zygarde|slp\n|\n|-heal|p2a: Zygarde|100\/100 slp|[from] item: Leftovers\n|-heal|p1a: Zygarde|93\/100 slp|[from] item: Leftovers\n|upkeep\n|turn|37\n|\n|t:|1699267234\n|cant|p2a: Zygarde|slp\n|-curestatus|p1a: Zygarde|slp|[msg]\n|move|p1a: Zygarde|Coil|p1a: Zygarde\n|-boost|p1a: Zygarde|atk|1\n|-boost|p1a: Zygarde|def|1\n|-boost|p1a: Zygarde|accuracy|1\n|\n|-heal|p1a: Zygarde|99\/100|[from] item: Leftovers\n|upkeep\n|turn|38\n|\n|t:|1699267245\n|-curestatus|p2a: Zygarde|slp|[msg]\n|move|p2a: Zygarde|Glare|p1a: Zygarde\n|-status|p1a: Zygarde|par\n|move|p1a: Zygarde|Coil|p1a: Zygarde\n|-boost|p1a: Zygarde|atk|1\n|-boost|p1a: Zygarde|def|1\n|-boost|p1a: Zygarde|accuracy|1\n|\n|-heal|p1a: Zygarde|100\/100 par|[from] item: Leftovers\n|upkeep\n|turn|39\n|\n|t:|1699267249\n|move|p2a: Zygarde|Haze|p2a: Zygarde\n|-clearallboost\n|move|p1a: Zygarde|Thousand Arrows|p2a: Zygarde\n|-damage|p2a: Zygarde|89\/100\n|\n|-heal|p2a: Zygarde|96\/100|[from] item: Leftovers\n|upkeep\n|turn|40\n|\n|t:|1699267254\n|switch|p1a: Ho-Oh|Ho-Oh|76\/100 psn\n|move|p2a: Zygarde|Glare||[still]\n|-fail|p2a: Zygarde\n|\n|-heal|p2a: Zygarde|100\/100|[from] item: Leftovers\n|-damage|p1a: Ho-Oh|63\/100 psn|[from] psn\n|upkeep\n|turn|41\n|\n|t:|1699267259\n|move|p2a: Zygarde|Thousand Arrows|p1a: Ho-Oh\n|-damage|p1a: Ho-Oh|43\/100 psn\n|-start|p1a: Ho-Oh|Smack Down\n|move|p1a: Ho-Oh|Defog|p2a: Zygarde\n|-unboost|p2a: Zygarde|evasion|1\n|-sideend|p2: C0ld as Ice|Stealth Rock|[from] move: Defog|[of] p1a: Ho-Oh\n|-sideend|p1: priestmajor|Stealth Rock|[from] move: Defog|[of] p1a: Ho-Oh\n|\n|-damage|p1a: Ho-Oh|30\/100 psn|[from] psn\n|upkeep\n|turn|42\n|\n|t:|1699267266\n|switch|p2a: Necrozma|Necrozma-Dusk-Mane, shiny|90\/100\n|switch|p1a: Zygarde|Zygarde-Complete|100\/100 par\n|\n|-heal|p2a: Necrozma|96\/100|[from] item: Leftovers\n|upkeep\n|turn|43\n|\n|t:|1699267270\n|move|p2a: Necrozma|Stealth Rock|p1a: Zygarde\n|-sidestart|p1: priestmajor|move: Stealth Rock\n|move|p1a: Zygarde|Glare|p2a: Necrozma\n|-status|p2a: Necrozma|par\n|\n|-heal|p2a: Necrozma|100\/100 par|[from] item: Leftovers\n|upkeep\n|turn|44\n|\n|t:|1699267276\n|switch|p1a: Yveltal|Yveltal|100\/100 par\n|-ability|p1a: Yveltal|Dark Aura\n|switch|p2a: Zygarde|Zygarde-Complete|100\/100\n|\n|upkeep\n|turn|45\n|\n|t:|1699267300\n|switch|p2a: Eternatus|Eternatus|82\/100 brn\n|-ability|p2a: Eternatus|Pressure\n|cant|p1a: Yveltal|par\n|\n|-damage|p2a: Eternatus|76\/100 brn|[from] brn\n|upkeep\n|turn|46\n|\n|t:|1699267309\n|move|p2a: Eternatus|Toxic Spikes|p1a: Yveltal\n|-sidestart|p1: priestmajor|move: Toxic Spikes\n|move|p1a: Yveltal|Foul Play|p2a: Eternatus\n|-damage|p2a: Eternatus|54\/100 brn\n|\n|-damage|p2a: Eternatus|48\/100 brn|[from] brn\n|upkeep\n|turn|47\n|\n|t:|1699267320\n|move|p2a: Eternatus|Recover|p2a: Eternatus\n|-heal|p2a: Eternatus|98\/100 brn\n|move|p1a: Yveltal|Foul Play|p2a: Eternatus\n|-damage|p2a: Eternatus|78\/100 brn\n|\n|-damage|p2a: Eternatus|72\/100 brn|[from] brn\n|upkeep\n|turn|48\n|\n|t:|1699267328\n|switch|p2a: Zygarde|Zygarde-Complete|100\/100\n|move|p1a: Yveltal|Foul Play|p2a: Zygarde\n|-damage|p2a: Zygarde|85\/100\n|\n|-heal|p2a: Zygarde|91\/100|[from] item: Leftovers\n|upkeep\n|turn|49\n|\n|t:|1699267332\n|switch|p2a: Groudon|Groudon, shiny|100\/100\n|detailschange|p2a: Groudon|Groudon-Primal, shiny\n|-primal|p2a: Groudon|Red Orb\n|-weather|DesolateLand|[from] ability: Desolate Land|[of] p2a: Groudon\n|cant|p1a: Yveltal|par\n|\n|-weather|DesolateLand|[upkeep]\n|upkeep\n|turn|50\n|\n|t:|1699267340\n|move|p2a: Groudon|Rock Polish|p2a: Groudon\n|-boost|p2a: Groudon|spe|2\n|move|p1a: Yveltal|Foul Play|p2a: Groudon\n|-damage|p2a: Groudon|43\/100\n|\n|-weather|DesolateLand|[upkeep]\n|upkeep\n|turn|51\n|\n|t:|1699267345\n|move|p2a: Groudon|Rock Blast|p1a: Yveltal\n|-supereffective|p1a: Yveltal\n|-damage|p1a: Yveltal|83\/100 par\n|-supereffective|p1a: Yveltal\n|-crit|p1a: Yveltal\n|-damage|p1a: Yveltal|57\/100 par\n|-supereffective|p1a: Yveltal\n|-damage|p1a: Yveltal|40\/100 par\n|-supereffective|p1a: Yveltal\n|-damage|p1a: Yveltal|22\/100 par\n|-hitcount|p1a: Yveltal|4\n|move|p1a: Yveltal|Foul Play|p2a: Groudon\n|-damage|p2a: Groudon|0 fnt\n|faint|p2a: Groudon\n|-weather|none\n|\n|upkeep\n|\n|t:|1699267355\n|switch|p2a: Marshadow|Marshadow, tera:Ghost|94\/100\n|turn|52\n|\n|t:|1699267359\n|move|p2a: Marshadow|Poltergeist|p1a: Yveltal\n|-activate|p1a: Yveltal|move: Poltergeist|Heavy-Duty Boots\n|-resisted|p1a: Yveltal\n|-damage|p1a: Yveltal|0 fnt\n|faint|p1a: Yveltal\n|\n|upkeep\n|\n|t:|1699267365\n|switch|p1a: Zygarde|Zygarde-Complete|100\/100 par\n|-damage|p1a: Zygarde|94\/100 par|[from] Stealth Rock\n|turn|53\n|\n|t:|1699267387\n|switch|p2a: Zygarde|Zygarde-Complete|91\/100\n|cant|p1a: Zygarde|par\n|\n|-heal|p2a: Zygarde|98\/100|[from] item: Leftovers\n|-heal|p1a: Zygarde|100\/100 par|[from] item: Leftovers\n|upkeep\n|turn|54\n|\n|t:|1699267394\n|switch|p2a: Necrozma|Necrozma-Dusk-Mane, shiny|100\/100 par\n|move|p1a: Zygarde|Glare|p2a: Necrozma\n|-fail|p2a: Necrozma|par\n|\n|upkeep\n|turn|55\n|\n|t:|1699267399\n|switch|p2a: Zygarde|Zygarde-Complete|98\/100\n|move|p1a: Zygarde|Coil|p1a: Zygarde\n|-boost|p1a: Zygarde|atk|1\n|-boost|p1a: Zygarde|def|1\n|-boost|p1a: Zygarde|accuracy|1\n|\n|-heal|p2a: Zygarde|100\/100|[from] item: Leftovers\n|upkeep\n|turn|56\n|\n|t:|1699267405\n|move|p2a: Zygarde|Haze|p2a: Zygarde\n|-clearallboost\n|cant|p1a: Zygarde|par\n|\n|upkeep\n|turn|57\n|\n|t:|1699267411\n|switch|p2a: Necrozma|Necrozma-Dusk-Mane, shiny|100\/100 par\n|cant|p1a: Zygarde|par\n|\n|upkeep\n|turn|58\n|\n|t:|1699267418\n|switch|p2a: Zygarde|Zygarde-Complete|100\/100\n|move|p1a: Zygarde|Coil|p1a: Zygarde\n|-boost|p1a: Zygarde|atk|1\n|-boost|p1a: Zygarde|def|1\n|-boost|p1a: Zygarde|accuracy|1\n|\n|upkeep\n|turn|59\n|\n|t:|1699267423\n|switch|p1a: Eternatus|Eternatus|76\/100\n|-damage|p1a: Eternatus|63\/100|[from] Stealth Rock\n|-sideend|p1: priestmajor|move: Toxic Spikes|[of] p1a: Eternatus\n|-ability|p1a: Eternatus|Pressure\n|move|p2a: Zygarde|Haze|p2a: Zygarde\n|-clearallboost\n|\n|upkeep\n|turn|60\n|\n|t:|1699267434\n|move|p1a: Eternatus|Fire Blast|p2a: Zygarde\n|-resisted|p2a: Zygarde\n|-damage|p2a: Zygarde|89\/100\n|move|p2a: Zygarde|Glare|p1a: Eternatus\n|-status|p1a: Eternatus|par\n|\n|-heal|p2a: Zygarde|95\/100|[from] item: Leftovers\n|upkeep\n|turn|61\n|\n|t:|1699267438\n|switch|p2a: Necrozma|Necrozma-Dusk-Mane, shiny|100\/100 par\n|cant|p1a: Eternatus|par\n|\n|upkeep\n|turn|62\n|\n|t:|1699267442\n|move|p1a: Eternatus|Fire Blast|p2a: Necrozma\n|-supereffective|p2a: Necrozma\n|-damage|p2a: Necrozma|62\/100 par\n|move|p2a: Necrozma|Iron Head|p1a: Eternatus\n|-damage|p1a: Eternatus|28\/100 par\n|\n|-heal|p2a: Necrozma|68\/100 par|[from] item: Leftovers\n|upkeep\n|turn|63\n|\n|t:|1699267447\n|cant|p1a: Eternatus|par\n|cant|p2a: Necrozma|par\n|\n|-heal|p2a: Necrozma|75\/100 par|[from] item: Leftovers\n|upkeep\n|turn|64\n|\n|t:|1699267451\n|cant|p1a: Eternatus|par\n|move|p2a: Necrozma|Iron Head|p1a: Eternatus\n|-damage|p1a: Eternatus|0 fnt\n|faint|p1a: Eternatus\n|\n|-heal|p2a: Necrozma|81\/100 par|[from] item: Leftovers\n|upkeep\n|-message|priestmajor forfeited.\n|\n|win|C0ld as Ice\n|raw|priestmajor's rating: 1653 &rarr; <strong>1641<\/strong><br \/>(-12 for losing)\n|raw|C0ld as Ice's rating: 1803 &rarr; <strong>1815<\/strong><br \/>(+12 for winning)\n|l|\u2606priestmajor\n","uploadtime":1699267972,"views":6,"p1id":"priestmajor","p2id":"c0ldasice","formatid":"gen9nationaldexubers","rating":1641,"private":0,"password":""}