{"id":"gen9nationaldexubers-1995326788","p1":"ghostbomb98","p2":"nmkmmlkm","format":"[Gen 9] National Dex Ubers","log":"|j|\u2606ghostbomb98\n|j|\u203dnmkmmlkm\n|t:|1700554220\n|gametype|singles\n|player|p1|ghostbomb98|parasollady|1117\n|player|p2|nmkmmlkm|266|1106\n|teamsize|p1|6\n|teamsize|p2|6\n|gen|9\n|tier|[Gen 9] National Dex Ubers\n|rated|\n|rule|HP Percentage Mod: HP is shown in percentages\n|rule|Endless Battle Clause: Forcing endless battles is banned\n|rule|OHKO Clause: OHKO moves are banned\n|rule|Evasion Moves Clause: Evasion moves are banned\n|rule|Evasion Items Clause: Evasion items are banned\n|rule|Species Clause: Limit one of each Pok\u00e9mon\n|rule|Sleep Clause Mod: Limit one foe put to sleep\n|rule|Mega Rayquaza Clause: You cannot mega evolve Rayquaza\n|clearpoke\n|poke|p1|Alakazam, M|\n|poke|p1|Kyurem-White|\n|poke|p1|Gliscor, M|\n|poke|p1|Annihilape, F|\n|poke|p1|Zacian-*|\n|poke|p1|Samurott-Hisui, M|\n|poke|p2|Ditto|\n|poke|p2|Marshadow|\n|poke|p2|Ho-Oh|\n|poke|p2|Necrozma-Dusk-Mane|\n|poke|p2|Groudon|\n|poke|p2|Arceus-Ghost|\n|teampreview\n|inactive|Battle timer is ON: inactive players will automatically lose when time's up. (requested by ghostbomb98)\n|\n|t:|1700554236\n|start\n|switch|p1a: Samurott|Samurott-Hisui, M|100\/100\n|switch|p2a: Arceus|Arceus-Ghost|100\/100\n|turn|1\n|\n|t:|1700554251\n|-terastallize|p2a: Arceus|Poison\n|move|p1a: Samurott|Ceaseless Edge|p2a: Arceus\n|-damage|p2a: Arceus|74\/100\n|-sidestart|p2: nmkmmlkm|Spikes\n|move|p2a: Arceus|Cosmic Power|p2a: Arceus\n|-boost|p2a: Arceus|def|1\n|-boost|p2a: Arceus|spd|1\n|\n|upkeep\n|turn|2\n|\n|t:|1700554257\n|move|p1a: Samurott|Ceaseless Edge|p2a: Arceus\n|-damage|p2a: Arceus|56\/100\n|-sidestart|p2: nmkmmlkm|Spikes\n|move|p2a: Arceus|Cosmic Power|p2a: Arceus\n|-boost|p2a: Arceus|def|1\n|-boost|p2a: Arceus|spd|1\n|\n|upkeep\n|turn|3\n|\n|t:|1700554262\n|move|p1a: Samurott|Ceaseless Edge|p2a: Arceus\n|-damage|p2a: Arceus|42\/100\n|-sidestart|p2: nmkmmlkm|Spikes\n|move|p2a: Arceus|Recover|p2a: Arceus\n|-heal|p2a: Arceus|92\/100\n|\n|upkeep\n|turn|4\n|\n|t:|1700554272\n|switch|p1a: Gliscor|Gliscor, M|100\/100\n|move|p2a: Arceus|Cosmic Power|p2a: Arceus\n|-boost|p2a: Arceus|def|1\n|-boost|p2a: Arceus|spd|1\n|\n|-status|p1a: Gliscor|tox|[from] item: Toxic Orb\n|upkeep\n|turn|5\n|\n|t:|1700554277\n|move|p2a: Arceus|Cosmic Power|p2a: Arceus\n|-boost|p2a: Arceus|def|1\n|-boost|p2a: Arceus|spd|1\n|move|p1a: Gliscor|Earthquake|p2a: Arceus\n|-supereffective|p2a: Arceus\n|-damage|p2a: Arceus|74\/100\n|\n|upkeep\n|turn|6\n|\n|t:|1700554280\n|move|p2a: Arceus|Cosmic Power|p2a: Arceus\n|-boost|p2a: Arceus|def|1\n|-boost|p2a: Arceus|spd|1\n|move|p1a: Gliscor|Earthquake|p2a: Arceus\n|-supereffective|p2a: Arceus\n|-damage|p2a: Arceus|59\/100\n|\n|upkeep\n|turn|7\n|\n|t:|1700554283\n|move|p2a: Arceus|Recover|p2a: Arceus\n|-heal|p2a: Arceus|100\/100\n|move|p1a: Gliscor|Earthquake|p2a: Arceus\n|-supereffective|p2a: Arceus\n|-damage|p2a: Arceus|84\/100\n|\n|upkeep\n|turn|8\n|\n|t:|1700554287\n|move|p2a: Arceus|Cosmic Power|p2a: Arceus\n|-boost|p2a: Arceus|def|1\n|-boost|p2a: Arceus|spd|1\n|move|p1a: Gliscor|Earthquake|p2a: Arceus\n|-supereffective|p2a: Arceus\n|-damage|p2a: Arceus|70\/100\n|\n|upkeep\n|turn|9\n|\n|t:|1700554290\n|move|p2a: Arceus|Stored Power|p1a: Gliscor\n|-damage|p1a: Gliscor|5\/100 tox\n|move|p1a: Gliscor|Earthquake|p2a: Arceus\n|-supereffective|p2a: Arceus\n|-damage|p2a: Arceus|58\/100\n|\n|-heal|p1a: Gliscor|18\/100 tox|[from] ability: Poison Heal\n|upkeep\n|turn|10\n|\n|t:|1700554295\n|switch|p1a: Samurott|Samurott-Hisui, M|100\/100\n|move|p2a: Arceus|Recover|p2a: Arceus\n|-heal|p2a: Arceus|100\/100\n|\n|upkeep\n|turn|11\n|\n|t:|1700554301\n|move|p1a: Samurott|Scald|p2a: Arceus\n|-damage|p2a: Arceus|95\/100\n|-status|p2a: Arceus|brn\n|move|p2a: Arceus|Body Press|p1a: Samurott\n|-supereffective|p1a: Samurott\n|-damage|p1a: Samurott|0 fnt\n|faint|p1a: Samurott\n|\n|-damage|p2a: Arceus|89\/100 brn|[from] brn\n|upkeep\n|\n|t:|1700554311\n|switch|p1a: Gliscor|Gliscor, M|18\/100 tox\n|turn|12\n|\n|t:|1700554314\n|move|p1a: Gliscor|Protect|p1a: Gliscor\n|-singleturn|p1a: Gliscor|Protect\n|move|p2a: Arceus|Stored Power|p1a: Gliscor\n|-activate|p1a: Gliscor|move: Protect\n|\n|-heal|p1a: Gliscor|30\/100 tox|[from] ability: Poison Heal\n|-damage|p2a: Arceus|83\/100 brn|[from] brn\n|upkeep\n|turn|13\n|\n|t:|1700554325\n|move|p2a: Arceus|Stored Power|p1a: Gliscor\n|-damage|p1a: Gliscor|0 fnt\n|faint|p1a: Gliscor\n|\n|-damage|p2a: Arceus|77\/100 brn|[from] brn\n|upkeep\n|\n|t:|1700554328\n|switch|p1a: Zacian|Zacian-Crowned|100\/100\n|-ability|p1a: Zacian|Intrepid Sword|boost\n|-boost|p1a: Zacian|atk|1\n|turn|14\n|\n|t:|1700554334\n|move|p1a: Zacian|Substitute|p1a: Zacian\n|-start|p1a: Zacian|Substitute\n|-damage|p1a: Zacian|76\/100\n|move|p2a: Arceus|Body Press|p1a: Zacian\n|-crit|p1a: Zacian\n|-end|p1a: Zacian|Substitute\n|\n|-damage|p2a: Arceus|71\/100 brn|[from] brn\n|upkeep\n|turn|15\n|\n|t:|1700554340\n|move|p1a: Zacian|Substitute|p1a: Zacian\n|-start|p1a: Zacian|Substitute\n|-damage|p1a: Zacian|51\/100\n|move|p2a: Arceus|Body Press|p1a: Zacian\n|-end|p1a: Zacian|Substitute\n|\n|-damage|p2a: Arceus|65\/100 brn|[from] brn\n|upkeep\n|turn|16\n|\n|t:|1700554346\n|move|p1a: Zacian|Swords Dance|p1a: Zacian\n|-boost|p1a: Zacian|atk|2\n|move|p2a: Arceus|Body Press|p1a: Zacian\n|-damage|p1a: Zacian|14\/100\n|\n|-damage|p2a: Arceus|59\/100 brn|[from] brn\n|upkeep\n|turn|17\n|\n|t:|1700554352\n|move|p1a: Zacian|Behemoth Blade|p2a: Arceus\n|-damage|p2a: Arceus|34\/100 brn\n|move|p2a: Arceus|Recover|p2a: Arceus\n|-heal|p2a: Arceus|84\/100 brn\n|\n|-damage|p2a: Arceus|78\/100 brn|[from] brn\n|upkeep\n|turn|18\n|\n|t:|1700554357\n|move|p1a: Zacian|Behemoth Blade|p2a: Arceus\n|-damage|p2a: Arceus|55\/100 brn\n|move|p2a: Arceus|Body Press|p1a: Zacian\n|-damage|p1a: Zacian|0 fnt\n|faint|p1a: Zacian\n|\n|-damage|p2a: Arceus|49\/100 brn|[from] brn\n|upkeep\n|-message|ghostbomb98 forfeited.\n|\n|win|nmkmmlkm\n|raw|ghostbomb98's rating: 1117 &rarr; <strong>1091<\/strong><br \/>(-26 for losing)\n|raw|nmkmmlkm's rating: 1106 &rarr; <strong>1132<\/strong><br \/>(+26 for winning)\n|l|\u2606ghostbomb98\n","uploadtime":1700554369,"views":8,"p1id":"ghostbomb98","p2id":"nmkmmlkm","formatid":"gen9nationaldexubers","rating":1091,"private":0,"password":""}