{"id":"gen9nationaldexubers-1999413623","p1":"djdldmdmss","p2":"Th3Soci3ty","format":"[Gen 9] National Dex Ubers","log":"|j|\u2606djdldmdmss\n|j|\u2606Th3Soci3ty\n|t:|1701076421\n|gametype|singles\n|player|p1|djdldmdmss|102|1000\n|player|p2|Th3Soci3ty|zinzolin|1045\n|teamsize|p1|6\n|teamsize|p2|5\n|gen|9\n|tier|[Gen 9] National Dex Ubers\n|rated|\n|rule|HP Percentage Mod: HP is shown in percentages\n|rule|Endless Battle Clause: Forcing endless battles is banned\n|rule|OHKO Clause: OHKO moves are banned\n|rule|Evasion Moves Clause: Evasion moves are banned\n|rule|Evasion Items Clause: Evasion items are banned\n|rule|Species Clause: Limit one of each Pok\u00e9mon\n|rule|Sleep Clause Mod: Limit one foe put to sleep\n|rule|Mega Rayquaza Clause: You cannot mega evolve Rayquaza\n|clearpoke\n|poke|p1|Arceus|\n|poke|p1|Smeargle, F|\n|poke|p1|Necrozma-Dawn-Wings|\n|poke|p1|Zacian-*|\n|poke|p1|Groudon|\n|poke|p1|Yveltal|\n|poke|p2|Forretress, F|\n|poke|p2|Scolipede, M|\n|poke|p2|Araquanid, M|\n|poke|p2|Vikavolt, F|\n|poke|p2|Escavalier, F|\n|teampreview\n|inactive|Battle timer is ON: inactive players will automatically lose when time's up. (requested by djdldmdmss)\n|\n|t:|1701076424\n|start\n|switch|p1a: Smeargle|Smeargle, F|100\/100\n|switch|p2a: Forretress|Forretress, F|100\/100\n|turn|1\n|\n|t:|1701076428\n|move|p1a: Smeargle|Taunt|p2a: Forretress\n|-start|p2a: Forretress|move: Taunt\n|cant|p2a: Forretress|move: Taunt|Stealth Rock\n|\n|upkeep\n|turn|2\n|\n|t:|1701076431\n|move|p1a: Smeargle|Nuzzle|p2a: Forretress\n|-damage|p2a: Forretress|99\/100\n|-status|p2a: Forretress|par\n|move|p2a: Forretress|Rapid Spin|p1a: Smeargle\n|-damage|p1a: Smeargle|75\/100\n|-boost|p2a: Forretress|spe|1\n|\n|-heal|p2a: Forretress|100\/100 par|[from] item: Leftovers\n|upkeep\n|turn|3\n|\n|t:|1701076435\n|move|p1a: Smeargle|Sticky Web|p2a: Forretress\n|-sidestart|p2: Th3Soci3ty|move: Sticky Web\n|move|p2a: Forretress|Rapid Spin|p1a: Smeargle\n|-damage|p1a: Smeargle|47\/100\n|-boost|p2a: Forretress|spe|1\n|-sideend|p2: Th3Soci3ty|Sticky Web|[from] move: Rapid Spin|[of] p2a: Forretress\n|\n|-end|p2a: Forretress|move: Taunt\n|upkeep\n|turn|4\n|\n|t:|1701076441\n|move|p1a: Smeargle|Taunt|p2a: Forretress\n|-start|p2a: Forretress|move: Taunt\n|cant|p2a: Forretress|move: Taunt|Stealth Rock\n|\n|upkeep\n|turn|5\n|\n|t:|1701076443\n|move|p1a: Smeargle|Sticky Web|p2a: Forretress\n|-sidestart|p2: Th3Soci3ty|move: Sticky Web\n|move|p2a: Forretress|Rapid Spin|p1a: Smeargle\n|-damage|p1a: Smeargle|22\/100\n|-boost|p2a: Forretress|spe|1\n|-sideend|p2: Th3Soci3ty|Sticky Web|[from] move: Rapid Spin|[of] p2a: Forretress\n|\n|upkeep\n|turn|6\n|\n|t:|1701076445\n|move|p1a: Smeargle|Sticky Web|p2a: Forretress\n|-sidestart|p2: Th3Soci3ty|move: Sticky Web\n|move|p2a: Forretress|Rapid Spin|p1a: Smeargle\n|-damage|p1a: Smeargle|0 fnt\n|-boost|p2a: Forretress|spe|1\n|-sideend|p2: Th3Soci3ty|Sticky Web|[from] move: Rapid Spin|[of] p2a: Forretress\n|faint|p1a: Smeargle\n|\n|-end|p2a: Forretress|move: Taunt\n|upkeep\n|\n|t:|1701076451\n|switch|p1a: Yveltal|Yveltal|100\/100\n|-ability|p1a: Yveltal|Dark Aura\n|turn|7\n|\n|t:|1701076455\n|move|p1a: Yveltal|Taunt|p2a: Forretress\n|-start|p2a: Forretress|move: Taunt\n|cant|p2a: Forretress|move: Taunt|Toxic Spikes\n|\n|upkeep\n|turn|8\n|\n|t:|1701076459\n|move|p1a: Yveltal|Dark Pulse|p2a: Forretress\n|-damage|p2a: Forretress|0 fnt\n|faint|p2a: Forretress\n|-damage|p1a: Yveltal|91\/100|[from] item: Life Orb\n|\n|upkeep\n|\n|t:|1701076463\n|switch|p2a: Vikavolt|Vikavolt, F|100\/100\n|turn|9\n|\n|t:|1701076466\n|switch|p1a: Groudon|Groudon|100\/100\n|detailschange|p1a: Groudon|Groudon-Primal\n|-primal|p1a: Groudon|Red Orb\n|-weather|DesolateLand|[from] ability: Desolate Land|[of] p1a: Groudon\n|move|p2a: Vikavolt|Thunderbolt|p1a: Groudon\n|-immune|p1a: Groudon\n|\n|-weather|DesolateLand|[upkeep]\n|upkeep\n|turn|10\n|\n|t:|1701076475\n|switch|p2a: Araquanid|Araquanid, M|100\/100\n|move|p1a: Groudon|Heat Crash|p2a: Araquanid\n|-damage|p2a: Araquanid|29\/100\n|\n|-weather|DesolateLand|[upkeep]\n|-heal|p2a: Araquanid|35\/100|[from] item: Leftovers\n|upkeep\n|turn|11\n|\n|t:|1701076478\n|move|p1a: Groudon|Heat Crash|p2a: Araquanid\n|-damage|p2a: Araquanid|0 fnt\n|faint|p2a: Araquanid\n|\n|-weather|DesolateLand|[upkeep]\n|upkeep\n|\n|t:|1701076484\n|switch|p2a: Vikavolt|Vikavolt, F|100\/100\n|turn|12\n|\n|t:|1701076494\n|move|p1a: Groudon|Heat Crash|p2a: Vikavolt\n|-supereffective|p2a: Vikavolt\n|-damage|p2a: Vikavolt|0 fnt\n|faint|p2a: Vikavolt\n|\n|-weather|DesolateLand|[upkeep]\n|upkeep\n|\n|t:|1701076497\n|switch|p2a: Escavalier|Escavalier, F|100\/100\n|turn|13\n|\n|t:|1701076501\n|move|p1a: Groudon|Heat Crash|p2a: Escavalier\n|-supereffective|p2a: Escavalier\n|-damage|p2a: Escavalier|0 fnt\n|faint|p2a: Escavalier\n|\n|-weather|DesolateLand|[upkeep]\n|upkeep\n|\n|t:|1701076503\n|switch|p2a: Scolipede|Scolipede, M|100\/100\n|turn|14\n|\n|t:|1701076505\n|move|p2a: Scolipede|Earthquake|p1a: Groudon\n|-supereffective|p1a: Groudon\n|-damage|p1a: Groudon|62\/100\n|move|p1a: Groudon|Heat Crash|p2a: Scolipede\n|-supereffective|p2a: Scolipede\n|-damage|p2a: Scolipede|0 fnt\n|faint|p2a: Scolipede\n|\n|win|djdldmdmss\n|raw|djdldmdmss's rating: 1000 &rarr; <strong>1045<\/strong><br \/>(+45 for winning)\n|raw|Th3Soci3ty's rating: 1045 &rarr; <strong>1026<\/strong><br \/>(-19 for losing)\n","uploadtime":1701076511,"views":1,"p1id":"djdldmdmss","p2id":"th3soci3ty","formatid":"gen9nationaldexubers","rating":1026,"private":0,"password":""}