{"id":"gen9nationaldexubers-1992696800","p1":"xboxs","p2":"ItzNotGhost_DD","format":"[Gen 9] National Dex Ubers","log":"|j|\u2606xboxs\n|j|\u2606ItzNotGhost_DD\n|t:|1700226397\n|gametype|singles\n|player|p1|xboxs|hiker-gen4|1058\n|player|p2|ItzNotGhost_DD|cynthia-gen4|1028\n|teamsize|p1|6\n|teamsize|p2|6\n|gen|9\n|tier|[Gen 9] National Dex Ubers\n|rated|\n|rule|HP Percentage Mod: HP is shown in percentages\n|rule|Endless Battle Clause: Forcing endless battles is banned\n|rule|OHKO Clause: OHKO moves are banned\n|rule|Evasion Moves Clause: Evasion moves are banned\n|rule|Evasion Items Clause: Evasion items are banned\n|rule|Species Clause: Limit one of each Pok\u00e9mon\n|rule|Sleep Clause Mod: Limit one foe put to sleep\n|rule|Mega Rayquaza Clause: You cannot mega evolve Rayquaza\n|clearpoke\n|poke|p1|Annihilape, M|\n|poke|p1|Dracovish|\n|poke|p1|Shuckle, F|\n|poke|p1|Groudon|\n|poke|p1|Mawile, M|\n|poke|p1|Metagross|\n|poke|p2|Charizard, M|\n|poke|p2|Blissey, F|\n|poke|p2|Espathra, M|\n|poke|p2|Quagsire, F|\n|poke|p2|Dracovish|\n|poke|p2|Groudon|\n|teampreview\n|\n|t:|1700226411\n|start\n|switch|p1a: Annihilape|Annihilape, M|100\/100\n|switch|p2a: Espathra|Espathra, M|100\/100\n|turn|1\n|\n|t:|1700226452\n|move|p1a: Annihilape|Taunt|p2a: Espathra\n|-start|p2a: Espathra|move: Taunt\n|cant|p2a: Espathra|move: Taunt|Calm Mind\n|\n|upkeep\n|turn|2\n|\n|t:|1700226460\n|switch|p2a: Quagsire|Quagsire, F|100\/100\n|move|p1a: Annihilape|Stealth Rock|p2a: Quagsire\n|-sidestart|p2: ItzNotGhost_DD|move: Stealth Rock\n|\n|upkeep\n|turn|3\n|\n|t:|1700226469\n|-zpower|p1a: Annihilape\n|move|p1a: Annihilape|All-Out Pummeling|p2a: Quagsire|[zeffect]\n|-damage|p2a: Quagsire|44\/100\n|move|p2a: Quagsire|Haze|p2a: Quagsire\n|-clearallboost\n|\n|upkeep\n|turn|4\n|\n|t:|1700226482\n|-singleturn|p2a: Quagsire|move: Focus Punch\n|move|p2a: Quagsire|Focus Punch|p1a: Annihilape\n|-immune|p1a: Annihilape\n|move|p1a: Annihilape|Counter||[still]\n|-fail|p1a: Annihilape\n|\n|upkeep\n|turn|5\n|\n|t:|1700226490\n|move|p2a: Quagsire|Scald|p1a: Annihilape\n|-damage|p1a: Annihilape|81\/100\n|move|p1a: Annihilape|Counter||[still]\n|-fail|p1a: Annihilape\n|\n|upkeep\n|turn|6\n|\n|t:|1700226498\n|switch|p2a: Charizard|Charizard, M|100\/100\n|-damage|p2a: Charizard|50\/100|[from] Stealth Rock\n|move|p1a: Annihilape|Counter||[still]\n|-fail|p1a: Annihilape\n|\n|upkeep\n|turn|7\n|\n|t:|1700226508\n|switch|p1a: Dracovish|Dracovish|100\/100\n|move|p2a: Charizard|Roost|p2a: Charizard\n|-heal|p2a: Charizard|100\/100\n|-singleturn|p2a: Charizard|move: Roost\n|\n|upkeep\n|turn|8\n|\n|t:|1700226517\n|detailschange|p2a: Charizard|Charizard-Mega-X, M\n|-mega|p2a: Charizard|Charizard|Charizardite X\n|move|p1a: Dracovish|Earthquake|p2a: Charizard\n|-supereffective|p2a: Charizard\n|-damage|p2a: Charizard|54\/100\n|move|p2a: Charizard|Substitute|p2a: Charizard\n|-start|p2a: Charizard|Substitute\n|-damage|p2a: Charizard|29\/100\n|\n|upkeep\n|turn|9\n|\n|t:|1700226528\n|switch|p1a: Shuckle|Shuckle, F|100\/100\n|move|p2a: Charizard|Acrobatics|p1a: Shuckle\n|-damage|p1a: Shuckle|87\/100\n|\n|upkeep\n|turn|10\n|\n|t:|1700226542\n|move|p2a: Charizard|Roost|p2a: Charizard\n|-heal|p2a: Charizard|79\/100\n|-singleturn|p2a: Charizard|move: Roost\n|move|p1a: Shuckle|Power Trick|p1a: Shuckle\n|-start|p1a: Shuckle|Power Trick\n|\n|upkeep\n|turn|11\n|\n|t:|1700226566\n|switch|p1a: Dracovish|Dracovish|100\/100\n|move|p2a: Charizard|Acrobatics|p1a: Dracovish\n|-damage|p1a: Dracovish|76\/100\n|\n|upkeep\n|turn|12\n|\n|t:|1700226576\n|move|p1a: Dracovish|Earthquake|p2a: Charizard\n|-supereffective|p2a: Charizard\n|-end|p2a: Charizard|Substitute\n|move|p2a: Charizard|Acrobatics|p1a: Dracovish\n|-damage|p1a: Dracovish|50\/100\n|\n|upkeep\n|turn|13\n|\n|t:|1700226587\n|switch|p1a: Annihilape|Annihilape, M|81\/100\n|move|p2a: Charizard|Substitute|p2a: Charizard\n|-start|p2a: Charizard|Substitute\n|-damage|p2a: Charizard|54\/100\n|\n|upkeep\n|turn|14\n|\n|t:|1700226599\n|move|p1a: Annihilape|Taunt|p2a: Charizard\n|-start|p2a: Charizard|move: Taunt\n|cant|p2a: Charizard|move: Taunt|Roost\n|\n|upkeep\n|turn|15\n|\n|t:|1700226610\n|switch|p1a: Groudon|Groudon|100\/100\n|detailschange|p1a: Groudon|Groudon-Primal\n|-primal|p1a: Groudon|Red Orb\n|-weather|DesolateLand|[from] ability: Desolate Land|[of] p1a: Groudon\n|switch|p2a: Quagsire|Quagsire, F|44\/100\n|-damage|p2a: Quagsire|38\/100|[from] Stealth Rock\n|\n|-weather|DesolateLand|[upkeep]\n|upkeep\n|turn|16\n|\n|t:|1700226622\n|-singleturn|p2a: Quagsire|move: Focus Punch\n|move|p1a: Groudon|Precipice Blades|p2a: Quagsire\n|-damage|p2a: Quagsire|0 fnt\n|faint|p2a: Quagsire\n|\n|-weather|DesolateLand|[upkeep]\n|upkeep\n|\n|t:|1700226641\n|switch|p2a: Blissey|Blissey, F|100\/100\n|-damage|p2a: Blissey|88\/100|[from] Stealth Rock\n|turn|17\n|\n|t:|1700226655\n|move|p1a: Groudon|Precipice Blades|p2a: Blissey\n|-damage|p2a: Blissey|6\/100\n|move|p2a: Blissey|Heal Bell||[still]\n|-activate|p2a: Blissey|move: Heal Bell\n|-fail|p2a: Blissey\n|\n|-weather|DesolateLand|[upkeep]\n|-heal|p2a: Blissey|12\/100|[from] item: Leftovers\n|upkeep\n|turn|18\n|\n|t:|1700226665\n|move|p1a: Groudon|Body Press|p2a: Blissey\n|-supereffective|p2a: Blissey\n|-crit|p2a: Blissey\n|-damage|p2a: Blissey|0 fnt\n|faint|p2a: Blissey\n|\n|-weather|DesolateLand|[upkeep]\n|upkeep\n|\n|t:|1700226671\n|switch|p2a: Groudon|Groudon|100\/100\n|-damage|p2a: Groudon|94\/100|[from] Stealth Rock\n|detailschange|p2a: Groudon|Groudon-Primal\n|-primal|p2a: Groudon|Red Orb\n|turn|19\n|\n|t:|1700226679\n|-singleturn|p2a: Groudon|move: Focus Punch\n|move|p1a: Groudon|Precipice Blades|p2a: Groudon|[miss]\n|-miss|p1a: Groudon|p2a: Groudon\n|move|p2a: Groudon|Focus Punch|p1a: Groudon\n|-damage|p1a: Groudon|62\/100\n|\n|-weather|DesolateLand|[upkeep]\n|upkeep\n|turn|20\n|\n|t:|1700226692\n|move|p1a: Groudon|Precipice Blades|p2a: Groudon|[miss]\n|-miss|p1a: Groudon|p2a: Groudon\n|move|p2a: Groudon|Eruption|p1a: Groudon\n|-resisted|p1a: Groudon\n|-damage|p1a: Groudon|2\/100\n|\n|-weather|DesolateLand|[upkeep]\n|upkeep\n|turn|21\n|\n|t:|1700226700\n|move|p2a: Groudon|Eruption|p1a: Groudon\n|-resisted|p1a: Groudon\n|-damage|p1a: Groudon|0 fnt\n|faint|p1a: Groudon\n|\n|-weather|DesolateLand|[upkeep]\n|upkeep\n|\n|t:|1700226708\n|switch|p1a: Annihilape|Annihilape, M|81\/100\n|turn|22\n|\n|t:|1700226717\n|move|p2a: Groudon|Eruption|p1a: Annihilape\n|-damage|p1a: Annihilape|0 fnt\n|faint|p1a: Annihilape\n|\n|-weather|DesolateLand|[upkeep]\n|upkeep\n|\n|t:|1700226724\n|switch|p1a: Dracovish|Dracovish|50\/100\n|turn|23\n|\n|t:|1700226728\n|move|p1a: Dracovish|Fishious Rend||[still]\n|-fail|p1a: Dracovish|Fishious Rend|[from] Desolate Land\n|move|p2a: Groudon|Eruption|p1a: Dracovish\n|-resisted|p1a: Dracovish\n|-damage|p1a: Dracovish|20\/100\n|\n|-weather|DesolateLand|[upkeep]\n|upkeep\n|turn|24\n|\n|t:|1700226737\n|switch|p1a: Shuckle|Shuckle, F|87\/100\n|-singleturn|p2a: Groudon|move: Focus Punch\n|move|p2a: Groudon|Focus Punch|p1a: Shuckle\n|-damage|p1a: Shuckle|50\/100\n|\n|-weather|DesolateLand|[upkeep]\n|upkeep\n|turn|25\n|\n|t:|1700226746\n|move|p2a: Groudon|Eruption|p1a: Shuckle\n|-damage|p1a: Shuckle|0 fnt\n|faint|p1a: Shuckle\n|\n|-weather|DesolateLand|[upkeep]\n|upkeep\n|-message|xboxs forfeited.\n|\n|win|ItzNotGhost_DD\n|raw|xboxs's rating: 1058 &rarr; <strong>1038<\/strong><br \/>(-20 for losing)\n|raw|ItzNotGhost_DD's rating: 1028 &rarr; <strong>1067<\/strong><br \/>(+39 for winning)\n|l|\u2606xboxs\n","uploadtime":1700227173,"views":10,"p1id":"xboxs","p2id":"itznotghostdd","formatid":"gen9nationaldexubers","rating":1038,"private":0,"password":""}