{"id":"gen9nationaldexubers-1991965388","p1":"Prototype2.O","p2":"RetroGameBoy","format":"[Gen 9] National Dex Ubers","log":"|j|\u2606Prototype2.O\n|j|\u2606RetroGameBoy\n|t:|1700143268\n|gametype|singles\n|player|p1|Prototype2.O|benga|1106\n|player|p2|RetroGameBoy|rika|1058\n|teamsize|p1|5\n|teamsize|p2|6\n|gen|9\n|tier|[Gen 9] National Dex Ubers\n|rated|\n|rule|HP Percentage Mod: HP is shown in percentages\n|rule|Endless Battle Clause: Forcing endless battles is banned\n|rule|OHKO Clause: OHKO moves are banned\n|rule|Evasion Moves Clause: Evasion moves are banned\n|rule|Evasion Items Clause: Evasion items are banned\n|rule|Species Clause: Limit one of each Pok\u00e9mon\n|rule|Sleep Clause Mod: Limit one foe put to sleep\n|rule|Mega Rayquaza Clause: You cannot mega evolve Rayquaza\n|clearpoke\n|poke|p1|Aurorus, F|\n|poke|p1|Kangaskhan, F|\n|poke|p1|Alakazam, M|\n|poke|p1|Medicham, M|\n|poke|p1|Iron Valiant|\n|poke|p2|Aurorus, M|\n|poke|p2|Baxcalibur, M|\n|poke|p2|Lopunny, F|\n|poke|p2|Murkrow, F|\n|poke|p2|Togekiss, F|\n|poke|p2|Orbeetle, F|\n|teampreview\n|c|\u2606RetroGameBoy|gl\n|\n|t:|1700143282\n|start\n|switch|p1a: Alakazam|Alakazam, M|100\/100\n|switch|p2a: Crowmon|Murkrow, F|100\/100\n|turn|1\n|\n|t:|1700143292\n|detailschange|p1a: Alakazam|Alakazam-Mega, M\n|-mega|p1a: Alakazam|Alakazam|Alakazite\n|-ability|p1a: Alakazam|Prankster|[from] ability: Trace|[of] p2a: Crowmon\n|move|p1a: Alakazam|Skill Swap|p2a: Crowmon\n|-hint|Since gen 7, Dark is immune to Prankster moves.\n|-immune|p2a: Crowmon\n|move|p2a: Crowmon|Tailwind|p2a: Crowmon\n|-sidestart|p2: RetroGameBoy|move: Tailwind\n|\n|upkeep\n|turn|2\n|c|\u2606RetroGameBoy|why would skill swap work?\n|\n|t:|1700143319\n|move|p1a: Alakazam|Dazzling Gleam|p2a: Crowmon\n|-supereffective|p2a: Crowmon\n|-crit|p2a: Crowmon\n|-damage|p2a: Crowmon|0 fnt\n|faint|p2a: Crowmon\n|\n|upkeep\n|\n|t:|1700143328\n|switch|p2a: Beetlemon|Orbeetle, F|100\/100\n|turn|3\n|\n|t:|1700143341\n|-terastallize|p2a: Beetlemon|Bug\n|move|p1a: Alakazam|Skill Swap|p2a: Beetlemon\n|-activate|p1a: Alakazam|move: Skill Swap|Swarm|Prankster|[of] p2a: Beetlemon\n|move|p2a: Beetlemon|Substitute|p2a: Beetlemon\n|-start|p2a: Beetlemon|Substitute\n|-damage|p2a: Beetlemon|76\/100\n|\n|upkeep\n|turn|4\n|\n|t:|1700143354\n|move|p2a: Beetlemon|Calm Mind|p2a: Beetlemon\n|-boost|p2a: Beetlemon|spa|1\n|-boost|p2a: Beetlemon|spd|1\n|move|p1a: Alakazam|Dazzling Gleam|p2a: Beetlemon\n|-end|p2a: Beetlemon|Substitute\n|\n|-sideend|p2: RetroGameBoy|move: Tailwind\n|upkeep\n|turn|5\n|\n|t:|1700143363\n|move|p2a: Beetlemon|Calm Mind|p2a: Beetlemon\n|-boost|p2a: Beetlemon|spa|1\n|-boost|p2a: Beetlemon|spd|1\n|move|p1a: Alakazam|Dazzling Gleam|p2a: Beetlemon\n|-damage|p2a: Beetlemon|58\/100\n|\n|upkeep\n|turn|6\n|\n|t:|1700143373\n|switch|p1a: Kangaskhan|Kangaskhan, F|100\/100\n|move|p2a: Beetlemon|Calm Mind|p2a: Beetlemon\n|-boost|p2a: Beetlemon|spa|1\n|-boost|p2a: Beetlemon|spd|1\n|\n|upkeep\n|turn|7\n|\n|t:|1700143380\n|move|p1a: Kangaskhan|Fake Out|p2a: Beetlemon\n|-damage|p2a: Beetlemon|38\/100\n|cant|p2a: Beetlemon|flinch\n|\n|upkeep\n|turn|8\n|\n|t:|1700143385\n|move|p2a: Beetlemon|Giga Drain|p1a: Kangaskhan\n|-damage|p1a: Kangaskhan|50\/100\n|-heal|p2a: Beetlemon|70\/100|[from] drain|[of] p1a: Kangaskhan\n|move|p1a: Kangaskhan|Power-Up Punch|p2a: Beetlemon\n|-resisted|p2a: Beetlemon\n|-damage|p2a: Beetlemon|65\/100\n|-boost|p1a: Kangaskhan|atk|1\n|\n|upkeep\n|turn|9\n|\n|t:|1700143394\n|move|p1a: Kangaskhan|Sucker Punch|p2a: Beetlemon\n|-damage|p2a: Beetlemon|29\/100\n|move|p2a: Beetlemon|Giga Drain|p1a: Kangaskhan\n|-damage|p1a: Kangaskhan|0 fnt\n|-heal|p2a: Beetlemon|61\/100|[from] drain|[of] p1a: Kangaskhan\n|faint|p1a: Kangaskhan\n|\n|upkeep\n|\n|t:|1700143417\n|switch|p1a: Alakazam|Alakazam-Mega, M|100\/100\n|-ability|p1a: Alakazam|Prankster|[from] ability: Trace|[of] p2a: Beetlemon\n|turn|10\n|c|\u2606Prototype2.O|Tracer\n|c|\u2606Prototype2.O|Tracey\n|\n|t:|1700143461\n|move|p1a: Alakazam|Dazzling Gleam|p2a: Beetlemon\n|-damage|p2a: Beetlemon|45\/100\n|move|p2a: Beetlemon|Giga Drain|p1a: Alakazam\n|-damage|p1a: Alakazam|37\/100\n|-heal|p2a: Beetlemon|75\/100|[from] drain|[of] p1a: Alakazam\n|\n|upkeep\n|turn|11\n|c|\u2606RetroGameBoy|like you legit screwed yourself over on that one\n|\n|t:|1700143483\n|switch|p1a: Aurorus|Aurorus, F|100\/100\n|move|p2a: Beetlemon|Bug Buzz|p1a: Aurorus\n|-damage|p1a: Aurorus|34\/100\n|\n|upkeep\n|turn|12\n|\n|t:|1700143503\n|move|p2a: Beetlemon|Giga Drain|p1a: Aurorus\n|-supereffective|p1a: Aurorus\n|-damage|p1a: Aurorus|0 fnt\n|-heal|p2a: Beetlemon|100\/100|[from] drain|[of] p1a: Aurorus\n|faint|p1a: Aurorus\n|\n|upkeep\n|c|\u2606Prototype2.O|Cool\n|\n|t:|1700143521\n|switch|p1a: Iron Valiant|Iron Valiant|100\/100\n|turn|13\n|\n|t:|1700143529\n|move|p2a: Beetlemon|Substitute|p2a: Beetlemon\n|-start|p2a: Beetlemon|Substitute\n|-damage|p2a: Beetlemon|76\/100\n|move|p1a: Iron Valiant|Skill Swap||[still]\n|-fail|p1a: Iron Valiant\n|\n|upkeep\n|turn|14\n|\n|t:|1700143539\n|move|p2a: Beetlemon|Calm Mind|p2a: Beetlemon\n|-boost|p2a: Beetlemon|spa|1\n|-boost|p2a: Beetlemon|spd|1\n|move|p1a: Iron Valiant|Drain Punch|p2a: Beetlemon\n|-resisted|p2a: Beetlemon\n|-activate|p2a: Beetlemon|move: Substitute|[damage]\n|\n|upkeep\n|turn|15\n|\n|t:|1700143550\n|move|p1a: Iron Valiant|Spirit Break|p2a: Beetlemon\n|-end|p2a: Beetlemon|Substitute\n|move|p2a: Beetlemon|Giga Drain|p1a: Iron Valiant\n|-damage|p1a: Iron Valiant|5\/100\n|-heal|p2a: Beetlemon|100\/100|[from] drain|[of] p1a: Iron Valiant\n|\n|-heal|p1a: Iron Valiant|11\/100|[from] item: Leftovers\n|upkeep\n|turn|16\n|\n|t:|1700143559\n|move|p2a: Beetlemon|Substitute|p2a: Beetlemon\n|-start|p2a: Beetlemon|Substitute\n|-damage|p2a: Beetlemon|76\/100\n|move|p1a: Iron Valiant|Skill Swap||[still]\n|-fail|p1a: Iron Valiant\n|\n|-heal|p1a: Iron Valiant|17\/100|[from] item: Leftovers\n|upkeep\n|turn|17\n|c|\u2606RetroGameBoy|This is good game play\n|\n|t:|1700143575\n|move|p1a: Iron Valiant|Spirit Break|p2a: Beetlemon\n|-crit|p2a: Beetlemon\n|-end|p2a: Beetlemon|Substitute\n|move|p2a: Beetlemon|Bug Buzz|p1a: Iron Valiant\n|-resisted|p1a: Iron Valiant\n|-damage|p1a: Iron Valiant|0 fnt\n|faint|p1a: Iron Valiant\n|-end|p1a: Iron Valiant|Quark Drive|[silent]\n|\n|upkeep\n|c|\u2606Prototype2.O|Indeed\n|\n|t:|1700143589\n|switch|p1a: Alakazam|Alakazam-Mega, M|37\/100\n|-ability|p1a: Alakazam|Prankster|[from] ability: Trace|[of] p2a: Beetlemon\n|turn|18\n|c|\u2606Prototype2.O|. _ .\n|c|\u2606RetroGameBoy|gonna be honest with ya buddy. what was the plan? like seriously\n|c|\u2606Prototype2.O|Trickery\n|c|\u2606Prototype2.O|Tbh i was trying 5p aw\n|c|\u2606RetroGameBoy|but like skill swap trace doesn't do anything\n|c|\u2606Prototype2.O|To swap trace once they were knocked out\n|c|\u2606RetroGameBoy|not to mention if they red card you or just anything you're back to square one\n|c|\u2606Prototype2.O|Switch to pure power. Then iron valiant uses skill swap\n|c|\u2606Prototype2.O|Getting pure power\n|c|\u2606RetroGameBoy|but what if I switch out?\n|c|\u2606Prototype2.O|Block\n|c|\u2606RetroGameBoy|just because your risking you're entire plan on the doesn't mean its gonna fully work\n|c|\u2606Prototype2.O|Eh\n|c|\u2606Prototype2.O|Anyways gg\n|c|\u2606RetroGameBoy|even if you skill swap me rn what happens nothing\n|\n|t:|1700143792\n|move|p2a: Beetlemon|Substitute|p2a: Beetlemon\n|-start|p2a: Beetlemon|Substitute\n|-damage|p2a: Beetlemon|51\/100\n|move|p1a: Alakazam|Dazzling Gleam|p2a: Beetlemon\n|-activate|p2a: Beetlemon|move: Substitute|[damage]\n|\n|upkeep\n|turn|19\n|\n|t:|1700143803\n|move|p1a: Alakazam|Dazzling Gleam|p2a: Beetlemon\n|-end|p2a: Beetlemon|Substitute\n|move|p2a: Beetlemon|Giga Drain|p1a: Alakazam\n|-damage|p1a: Alakazam|0 fnt\n|-heal|p2a: Beetlemon|68\/100|[from] drain|[of] p1a: Alakazam\n|faint|p1a: Alakazam\n|\n|upkeep\n|\n|t:|1700143812\n|switch|p1a: Medicham|Medicham, M|100\/100\n|turn|20\n|\n|t:|1700143820\n|move|p1a: Medicham|Fake Out|p2a: Beetlemon\n|-damage|p2a: Beetlemon|48\/100\n|cant|p2a: Beetlemon|flinch\n|\n|upkeep\n|turn|21\n|\n|t:|1700143829\n|move|p1a: Medicham|Bullet Punch|p2a: Beetlemon\n|-damage|p2a: Beetlemon|29\/100\n|move|p2a: Beetlemon|Bug Buzz|p1a: Medicham\n|-damage|p1a: Medicham|0 fnt\n|faint|p1a: Medicham\n|\n|win|RetroGameBoy\n|raw|Prototype2.O's rating: 1106 &rarr; <strong>1078<\/strong><br \/>(-28 for losing)\n|raw|RetroGameBoy's rating: 1058 &rarr; <strong>1094<\/strong><br \/>(+36 for winning)\n|c|\u2606Prototype2.O|Geegee\n|c|\u2606Prototype2.O|Not the best team i made\n","uploadtime":1700143870,"views":8,"p1id":"prototype2o","p2id":"retrogameboy","formatid":"gen9nationaldexubers","rating":1078,"private":0,"password":""}