{"id":"gen9nationaldexubers-1991397577","p1":"talalcht","p2":"Papasfritas 12345","format":"[Gen 9] National Dex Ubers","log":"|j|\u2606talalcht\n|j|\u2606Papasfritas 12345\n|t:|1700073699\n|gametype|singles\n|player|p1|talalcht|palmer|\n|player|p2|Papasfritas 12345|riley|\n|teamsize|p1|6\n|teamsize|p2|6\n|gen|9\n|tier|[Gen 9] National Dex Ubers\n|rule|HP Percentage Mod: HP is shown in percentages\n|rule|Endless Battle Clause: Forcing endless battles is banned\n|rule|OHKO Clause: OHKO moves are banned\n|rule|Evasion Moves Clause: Evasion moves are banned\n|rule|Evasion Items Clause: Evasion items are banned\n|rule|Species Clause: Limit one of each Pok\u00e9mon\n|rule|Sleep Clause Mod: Limit one foe put to sleep\n|rule|Mega Rayquaza Clause: You cannot mega evolve Rayquaza\n|clearpoke\n|poke|p1|Incineroar, F|\n|poke|p1|Aegislash, F|\n|poke|p1|Gastrodon-East, M|\n|poke|p1|Togekiss, F|\n|poke|p1|Gallade, M|\n|poke|p1|Zapdos|\n|poke|p2|Samurott-Hisui, M|\n|poke|p2|Lopunny, F|\n|poke|p2|Dragonite, M|\n|poke|p2|Volcarona, F|\n|poke|p2|Gholdengo|\n|poke|p2|Clodsire, F|\n|teampreview\n|inactive|Battle timer is ON: inactive players will automatically lose when time's up. (requested by talalcht)\n|\n|t:|1700073713\n|start\n|switch|p1a: Togebeso|Togekiss, F|100\/100\n|switch|p2a: Samurott|Samurott-Hisui, M, shiny|100\/100\n|turn|1\n|\n|t:|1700073728\n|switch|p2a: Gholdengo|Gholdengo|100\/100\n|move|p1a: Togebeso|Air Slash|p2a: Gholdengo\n|-resisted|p2a: Gholdengo\n|-damage|p2a: Gholdengo|82\/100\n|\n|-heal|p2a: Gholdengo|88\/100|[from] item: Leftovers\n|upkeep\n|turn|2\n|\n|t:|1700073741\n|switch|p1a: Odin|Incineroar, F|100\/100\n|-ability|p1a: Odin|Intimidate|boost\n|-unboost|p2a: Gholdengo|atk|1\n|move|p2a: Gholdengo|Nasty Plot|p2a: Gholdengo\n|-boost|p2a: Gholdengo|spa|2\n|\n|-heal|p2a: Gholdengo|94\/100|[from] item: Leftovers\n|upkeep\n|turn|3\n|inactive|Papasfritas 12345 has 270 seconds left.\n|\n|t:|1700073775\n|switch|p2a: Dragonite|Dragonite, M|100\/100\n|move|p1a: Odin|Knock Off|p2a: Dragonite\n|-crit|p2a: Dragonite\n|-damage|p2a: Dragonite|55\/100\n|-enditem|p2a: Dragonite|Heavy-Duty Boots|[from] move: Knock Off|[of] p1a: Odin\n|\n|upkeep\n|turn|4\n|inactive|Papasfritas 12345 has 270 seconds left.\n|\n|t:|1700073790\n|switch|p1a: Togebeso|Togekiss, F|100\/100\n|move|p2a: Dragonite|Dragon Dance|p2a: Dragonite\n|-boost|p2a: Dragonite|atk|1\n|-boost|p2a: Dragonite|spe|1\n|\n|upkeep\n|turn|5\n|inactive|Papasfritas 12345 has 270 seconds left.\n|\n|t:|1700073807\n|-terastallize|p2a: Dragonite|Normal\n|move|p1a: Togebeso|Trick|p2a: Dragonite\n|-activate|p1a: Togebeso|move: Trick|[of] p2a: Dragonite\n|-item|p2a: Dragonite|Choice Scarf|[from] move: Trick\n|-enditem|p1a: Togebeso|Choice Scarf|[silent]|[from] move: Trick\n|move|p2a: Dragonite|Dragon Dance|p2a: Dragonite\n|-boost|p2a: Dragonite|atk|1\n|-boost|p2a: Dragonite|spe|1\n|\n|upkeep\n|turn|6\n|c|\u2606talalcht|Jejeje\n|c|\u2606Papasfritas 12345|Ya me destruiste la estrategia\n|inactive|Papasfritas 12345 has 240 seconds left.\n|\n|t:|1700073837\n|switch|p2a: Clodsire|Clodsire, F|100\/100\n|move|p1a: Togebeso|Air Slash|p2a: Clodsire\n|-damage|p2a: Clodsire|82\/100\n|\n|-heal|p2a: Clodsire|89\/100|[from] item: Leftovers\n|upkeep\n|turn|7\n|\n|t:|1700073850\n|switch|p1a: Zaptwo|Zapdos|100\/100\n|-ability|p1a: Zaptwo|Pressure\n|move|p2a: Clodsire|Toxic Spikes|p1a: Zaptwo\n|-sidestart|p1: talalcht|move: Toxic Spikes\n|\n|-heal|p2a: Clodsire|95\/100|[from] item: Leftovers\n|upkeep\n|turn|8\n|\n|t:|1700073863\n|move|p1a: Zaptwo|Defog|p2a: Clodsire\n|-unboost|p2a: Clodsire|evasion|1\n|-sideend|p1: talalcht|Toxic Spikes|[from] move: Defog|[of] p1a: Zaptwo\n|move|p2a: Clodsire|Toxic Spikes|p1a: Zaptwo\n|-sidestart|p1: talalcht|move: Toxic Spikes\n|\n|-heal|p2a: Clodsire|100\/100|[from] item: Leftovers\n|upkeep\n|turn|9\n|inactive|Papasfritas 12345 has 240 seconds left.\n|\n|t:|1700073881\n|switch|p2a: Gholdengo|Gholdengo|94\/100\n|move|p1a: Zaptwo|Heat Wave|p2a: Gholdengo\n|-supereffective|p2a: Gholdengo\n|-damage|p2a: Gholdengo|27\/100\n|\n|-heal|p2a: Gholdengo|34\/100|[from] item: Leftovers\n|upkeep\n|turn|10\n|c|\u2606talalcht|Jejejejeje\n|inactive|Papasfritas 12345 has 240 seconds left.\n|\n|t:|1700073895\n|switch|p2a: Samurott|Samurott-Hisui, M, shiny|100\/100\n|move|p1a: Zaptwo|Heat Wave|p2a: Samurott\n|-resisted|p2a: Samurott\n|-damage|p2a: Samurott|75\/100\n|\n|upkeep\n|turn|11\n|inactive|Papasfritas 12345 has 240 seconds left.\n|\n|t:|1700073908\n|move|p2a: Samurott|Ceaseless Edge|p1a: Zaptwo\n|-damage|p1a: Zaptwo|52\/100\n|-sidestart|p1: talalcht|Spikes\n|move|p1a: Zaptwo|Thunderbolt|p2a: Samurott\n|-supereffective|p2a: Samurott\n|-crit|p2a: Samurott\n|-damage|p2a: Samurott|0 fnt\n|faint|p2a: Samurott\n|\n|upkeep\n|inactive|Papasfritas 12345 has 240 seconds left.\n|\n|t:|1700073917\n|switch|p2a: Dragonite|Dragonite, M, tera:Normal|55\/100\n|turn|12\n|\n|t:|1700073925\n|move|p2a: Dragonite|Extreme Speed|p1a: Zaptwo\n|-damage|p1a: Zaptwo|6\/100\n|move|p1a: Zaptwo|Defog|p2a: Dragonite\n|-unboost|p2a: Dragonite|evasion|1\n|-sideend|p1: talalcht|Spikes|[from] move: Defog|[of] p1a: Zaptwo\n|-sideend|p1: talalcht|Toxic Spikes|[from] move: Defog|[of] p1a: Zaptwo\n|\n|upkeep\n|turn|13\n|\n|t:|1700073934\n|switch|p1a: Edgar partinus|Aegislash, F|100\/100\n|move|p2a: Dragonite|Extreme Speed|p1a: Edgar partinus\n|-immune|p1a: Edgar partinus\n|\n|upkeep\n|turn|14\n|\n|t:|1700073951\n|switch|p2a: Clodsire|Clodsire, F|100\/100\n|-zpower|p1a: Edgar partinus\n|-formechange|p1a: Edgar partinus|Aegislash-Blade||[from] ability: Stance Change\n|move|p1a: Edgar partinus|Corkscrew Crash|p2a: Clodsire|[zeffect]\n|-damage|p2a: Clodsire|0 fnt\n|faint|p2a: Clodsire\n|\n|upkeep\n|\n|t:|1700073962\n|switch|p2a: Volcarona|Volcarona, F|100\/100\n|turn|15\n|\n|t:|1700073971\n|switch|p1a: Odin|Incineroar, F|100\/100\n|-ability|p1a: Odin|Intimidate|boost\n|-unboost|p2a: Volcarona|atk|1\n|move|p2a: Volcarona|Quiver Dance|p2a: Volcarona\n|-boost|p2a: Volcarona|spa|1\n|-boost|p2a: Volcarona|spd|1\n|-boost|p2a: Volcarona|spe|1\n|\n|upkeep\n|turn|16\n|\n|t:|1700073988\n|-terastallize|p1a: Odin|Fire\n|move|p2a: Volcarona|Tera Blast|p1a: Odin\n|-damage|p1a: Odin|57\/100\n|move|p1a: Odin|Flare Blitz|p2a: Volcarona\n|-damage|p2a: Volcarona|0 fnt\n|faint|p2a: Volcarona\n|-damage|p1a: Odin|30\/100|[from] Recoil\n|\n|upkeep\n|\n|t:|1700074003\n|switch|p2a: Dragonite|Dragonite, M, tera:Normal|55\/100\n|turn|17\n|\n|t:|1700074017\n|switch|p1a: Togebeso|Togekiss, F|100\/100\n|move|p2a: Dragonite|Earthquake|p1a: Togebeso\n|-immune|p1a: Togebeso\n|\n|upkeep\n|turn|18\n|\n|t:|1700074029\n|switch|p2a: Gholdengo|Gholdengo|34\/100\n|move|p1a: Togebeso|Air Slash|p2a: Gholdengo\n|-resisted|p2a: Gholdengo\n|-damage|p2a: Gholdengo|16\/100\n|\n|-heal|p2a: Gholdengo|22\/100|[from] item: Leftovers\n|upkeep\n|turn|19\n|\n|t:|1700074043\n|switch|p1a: Babosa|Gastrodon-East, M|100\/100\n|move|p2a: Gholdengo|Make It Rain|p1a: Babosa\n|-resisted|p1a: Babosa\n|-damage|p1a: Babosa|70\/100\n|-unboost|p2a: Gholdengo|spa|1\n|\n|-heal|p2a: Gholdengo|28\/100|[from] item: Leftovers\n|-heal|p1a: Babosa|76\/100|[from] item: Leftovers\n|upkeep\n|turn|20\n|\n|t:|1700074061\n|move|p2a: Gholdengo|Recover|p2a: Gholdengo\n|-heal|p2a: Gholdengo|78\/100\n|move|p1a: Babosa|Recover|p1a: Babosa\n|-heal|p1a: Babosa|100\/100\n|\n|-heal|p2a: Gholdengo|84\/100|[from] item: Leftovers\n|upkeep\n|turn|21\n|\n|t:|1700074071\n|move|p2a: Gholdengo|Nasty Plot|p2a: Gholdengo\n|-boost|p2a: Gholdengo|spa|2\n|move|p1a: Babosa|Scald|p2a: Gholdengo\n|-damage|p2a: Gholdengo|61\/100\n|-status|p2a: Gholdengo|brn\n|\n|-heal|p2a: Gholdengo|67\/100 brn|[from] item: Leftovers\n|-damage|p2a: Gholdengo|61\/100 brn|[from] brn\n|upkeep\n|turn|22\n|\n|t:|1700074084\n|move|p2a: Gholdengo|Nasty Plot|p2a: Gholdengo\n|-boost|p2a: Gholdengo|spa|2\n|move|p1a: Babosa|Scald|p2a: Gholdengo\n|-damage|p2a: Gholdengo|35\/100 brn\n|\n|-heal|p2a: Gholdengo|42\/100 brn|[from] item: Leftovers\n|-damage|p2a: Gholdengo|35\/100 brn|[from] brn\n|upkeep\n|turn|23\n|\n|t:|1700074095\n|move|p2a: Gholdengo|Recover|p2a: Gholdengo\n|-heal|p2a: Gholdengo|85\/100 brn\n|move|p1a: Babosa|Scald|p2a: Gholdengo\n|-damage|p2a: Gholdengo|61\/100 brn\n|\n|-heal|p2a: Gholdengo|67\/100 brn|[from] item: Leftovers\n|-damage|p2a: Gholdengo|61\/100 brn|[from] brn\n|upkeep\n|turn|24\n|inactive|Papasfritas 12345 has 270 seconds left.\n|\n|t:|1700074106\n|move|p2a: Gholdengo|Make It Rain|p1a: Babosa\n|-resisted|p1a: Babosa\n|-damage|p1a: Babosa|21\/100\n|-unboost|p2a: Gholdengo|spa|1\n|move|p1a: Babosa|Scald|p2a: Gholdengo\n|-damage|p2a: Gholdengo|35\/100 brn\n|\n|-heal|p2a: Gholdengo|42\/100 brn|[from] item: Leftovers\n|-heal|p1a: Babosa|27\/100|[from] item: Leftovers\n|-damage|p2a: Gholdengo|35\/100 brn|[from] brn\n|upkeep\n|turn|25\n|inactive|Papasfritas 12345 has 270 seconds left.\n|\n|t:|1700074123\n|move|p2a: Gholdengo|Recover|p2a: Gholdengo\n|-heal|p2a: Gholdengo|85\/100 brn\n|move|p1a: Babosa|Scald|p2a: Gholdengo\n|-damage|p2a: Gholdengo|59\/100 brn\n|\n|-heal|p2a: Gholdengo|65\/100 brn|[from] item: Leftovers\n|-heal|p1a: Babosa|33\/100|[from] item: Leftovers\n|-damage|p2a: Gholdengo|59\/100 brn|[from] brn\n|upkeep\n|turn|26\n|\n|t:|1700074134\n|move|p2a: Gholdengo|Make It Rain|p1a: Babosa\n|-resisted|p1a: Babosa\n|-damage|p1a: Babosa|0 fnt\n|-unboost|p2a: Gholdengo|spa|1\n|faint|p1a: Babosa\n|\n|-heal|p2a: Gholdengo|65\/100 brn|[from] item: Leftovers\n|-damage|p2a: Gholdengo|59\/100 brn|[from] brn\n|upkeep\n|\n|t:|1700074150\n|switch|p1a: Edgar partinus|Aegislash, F|100\/100\n|turn|27\n|\n|t:|1700074157\n|-formechange|p1a: Edgar partinus|Aegislash-Blade||[from] ability: Stance Change\n|move|p1a: Edgar partinus|Shadow Sneak|p2a: Gholdengo\n|-supereffective|p2a: Gholdengo\n|-damage|p2a: Gholdengo|16\/100 brn\n|move|p2a: Gholdengo|Thunder Wave|p1a: Edgar partinus\n|-status|p1a: Edgar partinus|par\n|\n|-heal|p2a: Gholdengo|22\/100 brn|[from] item: Leftovers\n|-damage|p2a: Gholdengo|16\/100 brn|[from] brn\n|upkeep\n|turn|28\n|\n|t:|1700074168\n|move|p1a: Edgar partinus|Shadow Sneak|p2a: Gholdengo\n|-supereffective|p2a: Gholdengo\n|-damage|p2a: Gholdengo|0 fnt\n|faint|p2a: Gholdengo\n|\n|upkeep\n|inactive|Papasfritas 12345 has 270 seconds left.\n|\n|t:|1700074181\n|switch|p2a: Lopunny|Lopunny, F, shiny|100\/100\n|turn|29\n|inactive|Papasfritas 12345 has 270 seconds left.\n|\n|t:|1700074193\n|switch|p2a: Dragonite|Dragonite, M, tera:Normal|55\/100\n|move|p1a: Edgar partinus|Sacred Sword|p2a: Dragonite\n|-supereffective|p2a: Dragonite\n|-damage|p2a: Dragonite|0 fnt\n|faint|p2a: Dragonite\n|\n|upkeep\n|inactive|Papasfritas 12345 has 270 seconds left.\n|\n|t:|1700074201\n|switch|p2a: Lopunny|Lopunny, F, shiny|100\/100\n|turn|30\n|c|\u2606talalcht|Predecible\n|\n|t:|1700074209\n|detailschange|p2a: Lopunny|Lopunny-Mega, F, shiny\n|-mega|p2a: Lopunny|Lopunny|Lopunnite\n|move|p2a: Lopunny|Encore|p1a: Edgar partinus\n|-start|p1a: Edgar partinus|Encore\n|move|p1a: Edgar partinus|Sacred Sword|p2a: Lopunny\n|-supereffective|p2a: Lopunny\n|-crit|p2a: Lopunny\n|-damage|p2a: Lopunny|0 fnt\n|faint|p2a: Lopunny\n|\n|win|talalcht\n|l|\u2606Papasfritas 12345\n","uploadtime":1700074220,"views":8,"p1id":"talalcht","p2id":"papasfritas12345","formatid":"gen9nationaldexubers","rating":0,"private":0,"password":""}