{"id":"gen9nationaldexubers-1992179524","p1":"Noryemak","p2":"kjlkmkmkm","format":"[Gen 9] National Dex Ubers","log":"|j|\u203dNoryemak\n|j|\u2606kjlkmkmkm\n|t:|1700161590\n|gametype|singles\n|player|p1|Noryemak|102|1000\n|player|p2|kjlkmkmkm|lucas|1000\n|teamsize|p1|6\n|teamsize|p2|6\n|gen|9\n|tier|[Gen 9] National Dex Ubers\n|rated|\n|rule|HP Percentage Mod: HP is shown in percentages\n|rule|Endless Battle Clause: Forcing endless battles is banned\n|rule|OHKO Clause: OHKO moves are banned\n|rule|Evasion Moves Clause: Evasion moves are banned\n|rule|Evasion Items Clause: Evasion items are banned\n|rule|Species Clause: Limit one of each Pok\u00e9mon\n|rule|Sleep Clause Mod: Limit one foe put to sleep\n|rule|Mega Rayquaza Clause: You cannot mega evolve Rayquaza\n|clearpoke\n|poke|p1|Naganadel|\n|poke|p1|Annihilape, M|\n|poke|p1|Dracovish|\n|poke|p1|Necrozma-Dusk-Mane|\n|poke|p1|Solgaleo|\n|poke|p1|Lugia|\n|poke|p2|Bisharp, M|\n|poke|p2|Buzzwole|\n|poke|p2|Melmetal|\n|poke|p2|Pikachu-Original, M|\n|poke|p2|Torkoal, M|\n|poke|p2|Clefable, M|\n|teampreview\n|\n|t:|1700161607\n|start\n|switch|p1a: Naganadel|Naganadel|100\/100\n|switch|p2a: Melmetal|Melmetal|100\/100\n|turn|1\n|\n|t:|1700161636\n|switch|p1a: Annihilape|Annihilape, M|100\/100\n|move|p2a: Melmetal|Dynamic Punch|p1a: Annihilape\n|-immune|p1a: Annihilape\n|\n|upkeep\n|turn|2\n|\n|t:|1700161682\n|switch|p2a: Torkoal|Torkoal, M|100\/100\n|-weather|SunnyDay|[from] ability: Drought|[of] p2a: Torkoal\n|move|p1a: Annihilape|Rage Fist|p2a: Torkoal\n|-damage|p2a: Torkoal|81\/100\n|\n|-weather|SunnyDay|[upkeep]\n|upkeep\n|turn|3\n|\n|t:|1700161693\n|move|p1a: Annihilape|Rage Fist|p2a: Torkoal\n|-damage|p2a: Torkoal|64\/100\n|move|p2a: Torkoal|Clear Smog|p1a: Annihilape\n|-resisted|p1a: Annihilape\n|-damage|p1a: Annihilape|94\/100\n|-clearboost|p1a: Annihilape\n|\n|-weather|SunnyDay|[upkeep]\n|upkeep\n|turn|4\n|\n|t:|1700161705\n|switch|p2a: Pikachu|Pikachu-Original, M|100\/100\n|move|p1a: Annihilape|Rage Fist|p2a: Pikachu\n|-damage|p2a: Pikachu|0 fnt\n|faint|p2a: Pikachu\n|\n|-weather|SunnyDay|[upkeep]\n|upkeep\n|\n|t:|1700161713\n|switch|p2a: Bisharp|Bisharp, M|100\/100\n|turn|5\n|\n|t:|1700161719\n|move|p1a: Annihilape|Close Combat|p2a: Bisharp\n|-supereffective|p2a: Bisharp\n|-damage|p2a: Bisharp|0 fnt\n|-unboost|p1a: Annihilape|def|1\n|-unboost|p1a: Annihilape|spd|1\n|faint|p2a: Bisharp\n|\n|-weather|SunnyDay|[upkeep]\n|upkeep\n|\n|t:|1700161728\n|switch|p2a: Buzzwole|Buzzwole|100\/100\n|turn|6\n|\n|t:|1700161734\n|move|p1a: Annihilape|Rage Fist|p2a: Buzzwole\n|-damage|p2a: Buzzwole|72\/100\n|move|p2a: Buzzwole|Brick Break|p1a: Annihilape\n|-immune|p1a: Annihilape\n|\n|-weather|SunnyDay|[upkeep]\n|upkeep\n|turn|7\n|\n|t:|1700161742\n|move|p1a: Annihilape|Rage Fist|p2a: Buzzwole\n|-damage|p2a: Buzzwole|42\/100\n|move|p2a: Buzzwole|Close Combat|p1a: Annihilape\n|-immune|p1a: Annihilape\n|\n|-weather|SunnyDay|[upkeep]\n|upkeep\n|turn|8\n|\n|t:|1700161750\n|switch|p2a: Clefable|Clefable, M|100\/100\n|move|p1a: Annihilape|Rage Fist|p2a: Clefable\n|-damage|p2a: Clefable|57\/100\n|\n|-weather|SunnyDay|[upkeep]\n|-heal|p2a: Clefable|63\/100|[from] item: Leftovers\n|upkeep\n|turn|9\n|\n|t:|1700161772\n|move|p1a: Annihilape|Rage Fist|p2a: Clefable\n|-damage|p2a: Clefable|17\/100\n|move|p2a: Clefable|Cosmic Power|p2a: Clefable\n|-boost|p2a: Clefable|def|1\n|-boost|p2a: Clefable|spd|1\n|\n|-weather|none\n|-heal|p2a: Clefable|23\/100|[from] item: Leftovers\n|upkeep\n|turn|10\n|\n|t:|1700161788\n|switch|p2a: Melmetal|Melmetal|100\/100\n|move|p1a: Annihilape|Rage Fist|p2a: Melmetal\n|-damage|p2a: Melmetal|69\/100\n|\n|upkeep\n|turn|11\n|\n|t:|1700161797\n|move|p1a: Annihilape|Drain Punch|p2a: Melmetal\n|-supereffective|p2a: Melmetal\n|-damage|p2a: Melmetal|22\/100\n|-heal|p1a: Annihilape|100\/100|[from] drain|[of] p2a: Melmetal\n|move|p2a: Melmetal|Mega Punch|p1a: Annihilape\n|-immune|p1a: Annihilape\n|\n|upkeep\n|turn|12\n|l|\u203dNoryemak\n|player|p1|\n|inactive|Battle timer is ON: inactive players will automatically lose when time's up. (requested by kjlkmkmkm)\n|inactive|Noryemak has 30 seconds to reconnect!\n|inactive|Noryemak has 20 seconds to reconnect!\n|inactive|Noryemak has 15 seconds to reconnect!\n|inactive|Noryemak has 10 seconds to reconnect!\n|inactive|Noryemak has 5 seconds to reconnect!\n|-message|Noryemak lost due to inactivity.\n|\n|win|kjlkmkmkm\n|raw|Noryemak's rating: 1000 &rarr; <strong>1000<\/strong><br \/>(+0 for losing)\n|raw|kjlkmkmkm's rating: 1000 &rarr; <strong>1040<\/strong><br \/>(+40 for winning)\n","uploadtime":1700161979,"views":8,"p1id":"noryemak","p2id":"kjlkmkmkm","formatid":"gen9nationaldexubers","rating":1000,"private":0,"password":""}