{"id":"gen9nationaldexubers-1979667535","p1":"doubletrouble84","p2":"BlueSirknight","format":"[Gen 9] National Dex Ubers","log":"|j|\u2606doubletrouble84\n|j|\u2606BlueSirknight\n|t:|1698701480\n|gametype|singles\n|player|p1|doubletrouble84|n|1195\n|player|p2|BlueSirknight|lady-gen4|1142\n|teamsize|p1|6\n|teamsize|p2|6\n|gen|9\n|tier|[Gen 9] National Dex Ubers\n|rated|\n|rule|HP Percentage Mod: HP is shown in percentages\n|rule|Endless Battle Clause: Forcing endless battles is banned\n|rule|OHKO Clause: OHKO moves are banned\n|rule|Evasion Moves Clause: Evasion moves are banned\n|rule|Evasion Items Clause: Evasion items are banned\n|rule|Species Clause: Limit one of each Pok\u00e9mon\n|rule|Sleep Clause Mod: Limit one foe put to sleep\n|rule|Mega Rayquaza Clause: You cannot mega evolve Rayquaza\n|clearpoke\n|poke|p1|Basculegion, M|\n|poke|p1|Marshadow|\n|poke|p1|Deoxys-Speed|\n|poke|p1|Xerneas-*|\n|poke|p1|Zacian-*|\n|poke|p1|Pelipper, F|\n|poke|p2|Malamar, F|\n|poke|p2|Blissey, F|\n|poke|p2|Naganadel|\n|poke|p2|Hatterene, F|\n|poke|p2|Aggron, M|\n|poke|p2|Golisopod, M|\n|teampreview\n|inactive|Battle timer is ON: inactive players will automatically lose when time's up. (requested by doubletrouble84)\n|\n|t:|1698701487\n|start\n|switch|p1a: Deoxys|Deoxys-Speed|100\/100\n|switch|p2a: Aggron|Aggron, M|100\/100\n|-ability|p1a: Deoxys|Pressure\n|turn|1\n|\n|t:|1698701499\n|detailschange|p2a: Aggron|Aggron-Mega, M\n|-mega|p2a: Aggron|Aggron|Aggronite\n|move|p1a: Deoxys|Taunt|p2a: Aggron\n|-start|p2a: Aggron|move: Taunt\n|cant|p2a: Aggron|move: Taunt|Iron Defense\n|\n|upkeep\n|turn|2\n|\n|t:|1698701509\n|move|p1a: Deoxys|Stealth Rock|p2a: Aggron\n|-sidestart|p2: BlueSirknight|move: Stealth Rock\n|move|p2a: Aggron|Heavy Slam|p1a: Deoxys\n|-damage|p1a: Deoxys|43\/100\n|\n|upkeep\n|turn|3\n|\n|t:|1698701519\n|move|p1a: Deoxys|Psyshock|p2a: Aggron\n|-resisted|p2a: Aggron\n|-damage|p2a: Aggron|96\/100\n|move|p2a: Aggron|Heavy Slam|p1a: Deoxys\n|-damage|p1a: Deoxys|0 fnt\n|faint|p1a: Deoxys\n|\n|-end|p2a: Aggron|move: Taunt\n|upkeep\n|c|\u2606BlueSirknight|You wont stall the wall\n|\n|t:|1698701529\n|switch|p1a: Marshadow|Marshadow|100\/100\n|turn|4\n|\n|t:|1698701532\n|move|p1a: Marshadow|Close Combat|p2a: Aggron\n|-supereffective|p2a: Aggron\n|-damage|p2a: Aggron|63\/100\n|-unboost|p1a: Marshadow|def|1\n|-unboost|p1a: Marshadow|spd|1\n|move|p2a: Aggron|Heavy Slam|p1a: Marshadow\n|-enditem|p1a: Marshadow|Focus Sash\n|-damage|p1a: Marshadow|1\/100\n|\n|upkeep\n|turn|5\n|\n|t:|1698701543\n|move|p1a: Marshadow|Close Combat|p2a: Aggron\n|-supereffective|p2a: Aggron\n|-damage|p2a: Aggron|27\/100\n|-unboost|p1a: Marshadow|def|1\n|-unboost|p1a: Marshadow|spd|1\n|move|p2a: Aggron|Heavy Slam|p1a: Marshadow\n|-damage|p1a: Marshadow|0 fnt\n|faint|p1a: Marshadow\n|\n|upkeep\n|\n|t:|1698701553\n|switch|p1a: Zacian|Zacian-Crowned|100\/100\n|-ability|p1a: Zacian|Intrepid Sword|boost\n|-boost|p1a: Zacian|atk|1\n|turn|6\n|\n|t:|1698701560\n|switch|p2a: Blissey|Blissey, F|100\/100\n|-damage|p2a: Blissey|88\/100|[from] Stealth Rock\n|move|p1a: Zacian|Behemoth Blade|p2a: Blissey\n|-damage|p2a: Blissey|12\/100\n|\n|upkeep\n|turn|7\n|\n|t:|1698701570\n|move|p1a: Zacian|Play Rough|p2a: Blissey\n|-damage|p2a: Blissey|0 fnt\n|faint|p2a: Blissey\n|\n|upkeep\n|l|\u2606BlueSirknight\n|inactive|BlueSirknight disconnected and has a minute to reconnect!\n|player|p2|\n|inactive|BlueSirknight has 30 seconds to reconnect!\n|inactive|BlueSirknight has 20 seconds to reconnect!\n|inactive|BlueSirknight has 15 seconds to reconnect!\n|inactive|BlueSirknight has 10 seconds to reconnect!\n|j|\u2606BlueSirknight\n|inactive|BlueSirknight reconnected and has 85 seconds left.\n|player|p2|BlueSirknight|lady-gen4\n|\n|t:|1698701641\n|switch|p2a: Naganadel|Naganadel|100\/100\n|-damage|p2a: Naganadel|88\/100|[from] Stealth Rock\n|turn|8\n|\n|t:|1698701651\n|move|p1a: Zacian|Behemoth Blade|p2a: Naganadel\n|-damage|p2a: Naganadel|0 fnt\n|faint|p2a: Naganadel\n|\n|upkeep\n|\n|t:|1698701662\n|switch|p2a: Golisopod|Golisopod, M|100\/100\n|-damage|p2a: Golisopod|76\/100|[from] Stealth Rock\n|turn|9\n|\n|t:|1698701676\n|-terastallize|p2a: Golisopod|Bug\n|move|p2a: Golisopod|First Impression|p1a: Zacian\n|-resisted|p1a: Zacian\n|-damage|p1a: Zacian|85\/100\n|move|p1a: Zacian|Wild Charge|p2a: Golisopod\n|-damage|p2a: Golisopod|36\/100\n|-enditem|p2a: Golisopod|Sitrus Berry|[eat]\n|-heal|p2a: Golisopod|61\/100|[from] item: Sitrus Berry\n|-damage|p1a: Zacian|75\/100|[from] Recoil\n|\n|upkeep\n|turn|10\n|\n|t:|1698701689\n|move|p1a: Zacian|Behemoth Blade|p2a: Golisopod\n|-damage|p2a: Golisopod|0 fnt\n|faint|p2a: Golisopod\n|\n|upkeep\n|\n|t:|1698701693\n|switch|p2a: Aggron|Aggron-Mega, M|27\/100\n|-damage|p2a: Aggron|21\/100|[from] Stealth Rock\n|turn|11\n|inactive|BlueSirknight has 90 seconds left.\n|\n|t:|1698701706\n|move|p1a: Zacian|Behemoth Blade|p2a: Aggron\n|-resisted|p2a: Aggron\n|-damage|p2a: Aggron|3\/100\n|move|p2a: Aggron|Body Press|p1a: Zacian\n|-damage|p1a: Zacian|30\/100\n|\n|upkeep\n|turn|12\n|inactive|BlueSirknight has 90 seconds left.\n|\n|t:|1698701715\n|switch|p2a: Malamar|Malamar, F|100\/100\n|-damage|p2a: Malamar|88\/100|[from] Stealth Rock\n|move|p1a: Zacian|Behemoth Blade|p2a: Malamar\n|-damage|p2a: Malamar|1\/100\n|\n|-heal|p2a: Malamar|7\/100|[from] item: Leftovers\n|upkeep\n|turn|13\n|\n|t:|1698701725\n|move|p1a: Zacian|Behemoth Blade|p2a: Malamar\n|-damage|p2a: Malamar|0 fnt\n|faint|p2a: Malamar\n|\n|upkeep\n|\n|t:|1698701728\n|switch|p2a: Hatterene|Hatterene, F|100\/100\n|-damage|p2a: Hatterene|88\/100|[from] Stealth Rock\n|turn|14\n|\n|t:|1698701733\n|move|p1a: Zacian|Behemoth Blade|p2a: Hatterene\n|-supereffective|p2a: Hatterene\n|-damage|p2a: Hatterene|0 fnt\n|faint|p2a: Hatterene\n|\n|upkeep\n|\n|t:|1698701736\n|switch|p2a: Aggron|Aggron-Mega, M|3\/100\n|-damage|p2a: Aggron|0 fnt|[from] Stealth Rock\n|faint|p2a: Aggron\n|\n|win|doubletrouble84\n|raw|doubletrouble84's rating: 1195 &rarr; <strong>1216<\/strong><br \/>(+21 for winning)\n|raw|BlueSirknight's rating: 1142 &rarr; <strong>1121<\/strong><br \/>(-21 for losing)\n|l|\u2606BlueSirknight\n","uploadtime":1698701745,"views":11,"p1id":"doubletrouble84","p2id":"bluesirknight","formatid":"gen9nationaldexubers","rating":1121,"private":0,"password":""}