{"id":"gen9nationaldexubers-1986769217","p1":"Gicky","p2":"Mamamen","format":"[Gen 9] National Dex Ubers","log":"|j|\u2606Gicky\n|j|\u2606Mamamen\n|t:|1699522315\n|gametype|singles\n|player|p1|Gicky|roxie|1037\n|player|p2|Mamamen|170|1081\n|teamsize|p1|6\n|teamsize|p2|6\n|gen|9\n|tier|[Gen 9] National Dex Ubers\n|rated|\n|rule|HP Percentage Mod: HP is shown in percentages\n|rule|Endless Battle Clause: Forcing endless battles is banned\n|rule|OHKO Clause: OHKO moves are banned\n|rule|Evasion Moves Clause: Evasion moves are banned\n|rule|Evasion Items Clause: Evasion items are banned\n|rule|Species Clause: Limit one of each Pok\u00e9mon\n|rule|Sleep Clause Mod: Limit one foe put to sleep\n|rule|Mega Rayquaza Clause: You cannot mega evolve Rayquaza\n|clearpoke\n|poke|p1|Tyranitar, M|\n|poke|p1|Kecleon, M|\n|poke|p1|Houndstone, M|\n|poke|p1|Registeel|\n|poke|p1|Hatterene, F|\n|poke|p1|Primarina, M|\n|poke|p2|Zarude|\n|poke|p2|Cradily, M|\n|poke|p2|Ferrothorn, M|\n|poke|p2|Amoonguss, F|\n|poke|p2|Venusaur, M|\n|poke|p2|Rotom-Mow|\n|teampreview\n|inactive|Battle timer is ON: inactive players will automatically lose when time's up. (requested by Mamamen)\n|\n|t:|1699522326\n|start\n|switch|p1a: Hatterene|Hatterene, F|100\/100\n|switch|p2a: Ferrothorn|Ferrothorn, M|100\/100\n|turn|1\n|\n|t:|1699522331\n|move|p2a: Ferrothorn|Gyro Ball|p1a: Hatterene\n|-supereffective|p1a: Hatterene\n|-crit|p1a: Hatterene\n|-damage|p1a: Hatterene|39\/100\n|move|p1a: Hatterene|Trick Room|p1a: Hatterene\n|-fieldstart|move: Trick Room|[of] p1a: Hatterene\n|\n|-heal|p1a: Hatterene|45\/100|[from] item: Leftovers\n|upkeep\n|turn|2\n|\n|t:|1699522342\n|switch|p2a: Cradily|Cradily, M|100\/100\n|switch|p1a: Registeel|Registeel|100\/100\n|\n|upkeep\n|turn|3\n|\n|t:|1699522349\n|move|p2a: Cradily|Stealth Rock|p1a: Registeel\n|-sidestart|p1: Gicky|move: Stealth Rock\n|move|p1a: Registeel|Curse|p1a: Registeel\n|-unboost|p1a: Registeel|spe|1\n|-boost|p1a: Registeel|atk|1\n|-boost|p1a: Registeel|def|1\n|\n|upkeep\n|turn|4\n|\n|t:|1699522358\n|switch|p2a: Amoonguss|Amoonguss, F|100\/100\n|move|p1a: Registeel|Body Press|p2a: Amoonguss\n|-resisted|p2a: Amoonguss\n|-damage|p2a: Amoonguss|82\/100\n|-enditem|p2a: Amoonguss|Red Card|[of] p1a: Registeel\n|drag|p1a: Primarina|Primarina, M|100\/100\n|-damage|p1a: Primarina|88\/100|[from] Stealth Rock\n|\n|upkeep\n|turn|5\n|\n|t:|1699522370\n|switch|p1a: Hatterene|Hatterene, F|45\/100\n|-damage|p1a: Hatterene|33\/100|[from] Stealth Rock\n|move|p2a: Amoonguss|Sludge Bomb|p1a: Hatterene\n|-supereffective|p1a: Hatterene\n|-damage|p1a: Hatterene|0 fnt\n|faint|p1a: Hatterene\n|\n|-fieldend|move: Trick Room\n|upkeep\n|\n|t:|1699522378\n|switch|p1a: Registeel|Registeel|100\/100\n|-damage|p1a: Registeel|95\/100|[from] Stealth Rock\n|turn|6\n|\n|t:|1699522383\n|move|p1a: Registeel|Curse|p1a: Registeel\n|-unboost|p1a: Registeel|spe|1\n|-boost|p1a: Registeel|atk|1\n|-boost|p1a: Registeel|def|1\n|move|p2a: Amoonguss|Spore|p1a: Registeel\n|-status|p1a: Registeel|slp|[from] move: Spore\n|-enditem|p1a: Registeel|Lum Berry|[eat]\n|-curestatus|p1a: Registeel|slp|[msg]\n|\n|upkeep\n|turn|7\n|inactive|Gicky has 120 seconds left.\n|\n|t:|1699522419\n|move|p2a: Amoonguss|Spore|p1a: Registeel\n|-status|p1a: Registeel|slp|[from] move: Spore\n|cant|p1a: Registeel|slp\n|\n|upkeep\n|turn|8\n|\n|t:|1699522426\n|move|p2a: Amoonguss|Foul Play|p1a: Registeel\n|-damage|p1a: Registeel|82\/100 slp\n|cant|p1a: Registeel|slp\n|move|p1a: Registeel|Sleep Talk|p1a: Registeel\n|move|p1a: Registeel|Rest||[from]move: Sleep Talk|[still]\n|-fail|p1a: Registeel\n|\n|upkeep\n|turn|9\n|\n|t:|1699522441\n|switch|p2a: Rotom|Rotom-Mow|100\/100\n|cant|p1a: Registeel|slp\n|move|p1a: Registeel|Sleep Talk|p1a: Registeel\n|move|p1a: Registeel|Curse|p1a: Registeel|[from]move: Sleep Talk\n|-unboost|p1a: Registeel|spe|1\n|-boost|p1a: Registeel|atk|1\n|-boost|p1a: Registeel|def|1\n|\n|upkeep\n|turn|10\n|\n|t:|1699522459\n|move|p2a: Rotom|Trick|p1a: Registeel\n|-activate|p2a: Rotom|move: Trick|[of] p1a: Registeel\n|-item|p1a: Registeel|Choice Scarf|[from] move: Trick\n|-enditem|p2a: Rotom|Choice Scarf|[silent]|[from] move: Trick\n|-curestatus|p1a: Registeel|slp|[msg]\n|move|p1a: Registeel|Sleep Talk||[still]\n|-fail|p1a: Registeel\n|\n|upkeep\n|turn|11\n|inactive|Gicky has 120 seconds left.\n|inactive|Gicky has 90 seconds left.\n|\n|t:|1699522505\n|move|p2a: Rotom|Shadow Ball|p1a: Registeel\n|-damage|p1a: Registeel|63\/100\n|move|p1a: Registeel|Sleep Talk||[still]\n|-fail|p1a: Registeel\n|\n|upkeep\n|turn|12\n|\n|t:|1699522511\n|switch|p1a: Kecleon|Kecleon, M|100\/100\n|-damage|p1a: Kecleon|88\/100|[from] Stealth Rock\n|move|p2a: Rotom|Leaf Storm|p1a: Kecleon\n|-damage|p1a: Kecleon|33\/100\n|-unboost|p2a: Rotom|spa|2\n|\n|upkeep\n|turn|13\n|\n|t:|1699522520\n|switch|p2a: Ferrothorn|Ferrothorn, M|100\/100\n|move|p1a: Kecleon|Drain Punch|p2a: Ferrothorn\n|-start|p1a: Kecleon|typechange|Fighting|[from] ability: Protean\n|-supereffective|p2a: Ferrothorn\n|-damage|p2a: Ferrothorn|60\/100\n|-heal|p1a: Kecleon|59\/100|[from] drain|[of] p2a: Ferrothorn\n|-damage|p1a: Kecleon|47\/100|[from] ability: Iron Barbs|[of] p2a: Ferrothorn\n|\n|-heal|p2a: Ferrothorn|66\/100|[from] item: Leftovers\n|upkeep\n|turn|14\n|\n|t:|1699522533\n|move|p1a: Kecleon|Drain Punch|p2a: Ferrothorn\n|-supereffective|p2a: Ferrothorn\n|-damage|p2a: Ferrothorn|28\/100\n|-heal|p1a: Kecleon|71\/100|[from] drain|[of] p2a: Ferrothorn\n|-damage|p1a: Kecleon|59\/100|[from] ability: Iron Barbs|[of] p2a: Ferrothorn\n|move|p2a: Ferrothorn|Leech Seed|p1a: Kecleon\n|-start|p1a: Kecleon|move: Leech Seed\n|\n|-heal|p2a: Ferrothorn|35\/100|[from] item: Leftovers\n|-damage|p1a: Kecleon|47\/100|[from] Leech Seed|[of] p2a: Ferrothorn\n|-heal|p2a: Ferrothorn|44\/100|[silent]\n|upkeep\n|turn|15\n|inactive|Gicky has 90 seconds left.\n|\n|t:|1699522571\n|switch|p1a: Tyranitar|Tyranitar, M|100\/100\n|-damage|p1a: Tyranitar|88\/100|[from] Stealth Rock\n|-weather|Sandstorm|[from] ability: Sand Stream|[of] p1a: Tyranitar\n|move|p2a: Ferrothorn|Protect||[still]\n|-fail|p2a: Ferrothorn\n|\n|-weather|Sandstorm|[upkeep]\n|-heal|p2a: Ferrothorn|50\/100|[from] item: Leftovers\n|upkeep\n|turn|16\n|\n|t:|1699522580\n|switch|p1a: Registeel|Registeel|63\/100\n|-damage|p1a: Registeel|57\/100|[from] Stealth Rock\n|move|p2a: Ferrothorn|Gyro Ball|p1a: Registeel\n|-resisted|p1a: Registeel\n|-damage|p1a: Registeel|44\/100\n|\n|-weather|Sandstorm|[upkeep]\n|-heal|p2a: Ferrothorn|56\/100|[from] item: Leftovers\n|upkeep\n|turn|17\n|\n|t:|1699522589\n|move|p1a: Registeel|Rest|p1a: Registeel\n|-status|p1a: Registeel|slp|[from] move: Rest\n|-heal|p1a: Registeel|100\/100 slp|[silent]\n|move|p2a: Ferrothorn|Leech Seed|p1a: Registeel\n|-start|p1a: Registeel|move: Leech Seed\n|\n|-weather|Sandstorm|[upkeep]\n|-heal|p2a: Ferrothorn|63\/100|[from] item: Leftovers\n|-damage|p1a: Registeel|88\/100 slp|[from] Leech Seed|[of] p2a: Ferrothorn\n|-heal|p2a: Ferrothorn|73\/100|[silent]\n|upkeep\n|turn|18\n|\n|t:|1699522595\n|switch|p1a: Kecleon|Kecleon, M|47\/100\n|-damage|p1a: Kecleon|35\/100|[from] Stealth Rock\n|move|p2a: Ferrothorn|Gyro Ball|p1a: Kecleon\n|-damage|p1a: Kecleon|0 fnt\n|faint|p1a: Kecleon\n|\n|-weather|Sandstorm|[upkeep]\n|-heal|p2a: Ferrothorn|79\/100|[from] item: Leftovers\n|upkeep\n|\n|t:|1699522600\n|switch|p1a: Registeel|Registeel|88\/100 slp\n|-damage|p1a: Registeel|82\/100 slp|[from] Stealth Rock\n|turn|19\n|\n|t:|1699522607\n|cant|p1a: Registeel|slp\n|move|p2a: Ferrothorn|Leech Seed|p1a: Registeel\n|-start|p1a: Registeel|move: Leech Seed\n|\n|-weather|none\n|-heal|p2a: Ferrothorn|86\/100|[from] item: Leftovers\n|-damage|p1a: Registeel|70\/100 slp|[from] Leech Seed|[of] p2a: Ferrothorn\n|-heal|p2a: Ferrothorn|96\/100|[silent]\n|upkeep\n|turn|20\n|inactive|Gicky has 120 seconds left.\n|inactive|Gicky has 90 seconds left.\n|\n|t:|1699522652\n|cant|p1a: Registeel|slp\n|move|p2a: Ferrothorn|Gyro Ball|p1a: Registeel\n|-resisted|p1a: Registeel\n|-damage|p1a: Registeel|59\/100 slp\n|\n|-heal|p2a: Ferrothorn|100\/100|[from] item: Leftovers\n|-damage|p1a: Registeel|46\/100 slp|[from] Leech Seed|[of] p2a: Ferrothorn\n|upkeep\n|turn|21\n|\n|t:|1699522664\n|-curestatus|p1a: Registeel|slp|[msg]\n|move|p1a: Registeel|Body Press|p2a: Ferrothorn\n|-supereffective|p2a: Ferrothorn\n|-damage|p2a: Ferrothorn|63\/100\n|-damage|p1a: Registeel|34\/100|[from] ability: Iron Barbs|[of] p2a: Ferrothorn\n|move|p2a: Ferrothorn|Gyro Ball|p1a: Registeel\n|-resisted|p1a: Registeel\n|-damage|p1a: Registeel|21\/100\n|\n|-heal|p2a: Ferrothorn|69\/100|[from] item: Leftovers\n|-damage|p1a: Registeel|9\/100|[from] Leech Seed|[of] p2a: Ferrothorn\n|-heal|p2a: Ferrothorn|80\/100|[silent]\n|upkeep\n|turn|22\n|\n|t:|1699522672\n|move|p1a: Registeel|Body Press|p2a: Ferrothorn\n|-supereffective|p2a: Ferrothorn\n|-damage|p2a: Ferrothorn|43\/100\n|-damage|p1a: Registeel|0 fnt|[from] ability: Iron Barbs|[of] p2a: Ferrothorn\n|faint|p1a: Registeel\n|move|p2a: Ferrothorn|Gyro Ball|p1: Registeel|[notarget]\n|-fail|p2a: Ferrothorn\n|\n|-heal|p2a: Ferrothorn|50\/100|[from] item: Leftovers\n|upkeep\n|\n|t:|1699522677\n|switch|p1a: Tyranitar|Tyranitar, M|88\/100\n|-damage|p1a: Tyranitar|76\/100|[from] Stealth Rock\n|-weather|Sandstorm|[from] ability: Sand Stream|[of] p1a: Tyranitar\n|turn|23\n|\n|t:|1699522684\n|detailschange|p1a: Tyranitar|Tyranitar-Mega, M\n|-mega|p1a: Tyranitar|Tyranitar|Tyranitarite\n|move|p1a: Tyranitar|Earthquake|p2a: Ferrothorn\n|-damage|p2a: Ferrothorn|29\/100\n|move|p2a: Ferrothorn|Gyro Ball|p1a: Tyranitar\n|-supereffective|p1a: Tyranitar\n|-damage|p1a: Tyranitar|39\/100\n|\n|-weather|Sandstorm|[upkeep]\n|-heal|p2a: Ferrothorn|35\/100|[from] item: Leftovers\n|upkeep\n|turn|24\n|inactive|Gicky has 90 seconds left.\n|\n|t:|1699522715\n|switch|p1a: Primarina|Primarina, M|88\/100\n|-damage|p1a: Primarina|76\/100|[from] Stealth Rock\n|move|p2a: Ferrothorn|Gyro Ball|p1a: Primarina\n|-damage|p1a: Primarina|43\/100\n|\n|-weather|Sandstorm|[upkeep]\n|-damage|p1a: Primarina|37\/100|[from] Sandstorm\n|-heal|p2a: Ferrothorn|42\/100|[from] item: Leftovers\n|upkeep\n|turn|25\n|inactive|Gicky has 90 seconds left.\n|\n|t:|1699522727\n|move|p1a: Primarina|Hyper Voice|p2a: Ferrothorn\n|-resisted|p2a: Ferrothorn\n|-damage|p2a: Ferrothorn|16\/100\n|-damage|p1a: Primarina|27\/100|[from] item: Life Orb\n|move|p2a: Ferrothorn|Leech Seed|p1a: Primarina\n|-start|p1a: Primarina|move: Leech Seed\n|\n|-weather|Sandstorm|[upkeep]\n|-damage|p1a: Primarina|21\/100|[from] Sandstorm\n|-heal|p2a: Ferrothorn|22\/100|[from] item: Leftovers\n|-damage|p1a: Primarina|8\/100|[from] Leech Seed|[of] p2a: Ferrothorn\n|-heal|p2a: Ferrothorn|33\/100|[silent]\n|upkeep\n|turn|26\n|\n|t:|1699522733\n|switch|p2a: Cradily|Cradily, M|100\/100\n|move|p1a: Primarina|Hyper Voice|p2a: Cradily\n|-damage|p2a: Cradily|69\/100\n|-damage|p1a: Primarina|0 fnt|[from] item: Life Orb\n|faint|p1a: Primarina\n|\n|-weather|Sandstorm|[upkeep]\n|-heal|p2a: Cradily|75\/100|[from] item: Leftovers\n|upkeep\n|\n|t:|1699522741\n|switch|p1a: Houndstone|Houndstone, M|100\/100\n|-damage|p1a: Houndstone|88\/100|[from] Stealth Rock\n|turn|27\n|\n|t:|1699522752\n|switch|p2a: Ferrothorn|Ferrothorn, M|33\/100\n|move|p1a: Houndstone|Poltergeist|p2a: Ferrothorn\n|-activate|p2a: Ferrothorn|move: Poltergeist|Leftovers\n|-damage|p2a: Ferrothorn|0 fnt\n|faint|p2a: Ferrothorn\n|\n|-weather|none\n|upkeep\n|\n|t:|1699522765\n|switch|p2a: Rotom|Rotom-Mow|100\/100\n|turn|28\n|\n|t:|1699522768\n|switch|p1a: Tyranitar|Tyranitar-Mega, M|39\/100\n|-damage|p1a: Tyranitar|27\/100|[from] Stealth Rock\n|-weather|Sandstorm|[from] ability: Sand Stream|[of] p1a: Tyranitar\n|move|p2a: Rotom|Shadow Ball|p1a: Tyranitar\n|-resisted|p1a: Tyranitar\n|-damage|p1a: Tyranitar|21\/100\n|\n|-weather|Sandstorm|[upkeep]\n|-damage|p2a: Rotom|94\/100|[from] Sandstorm\n|upkeep\n|turn|29\n|inactive|Gicky has 120 seconds left.\n|\n|t:|1699522775\n|move|p2a: Rotom|Thunderbolt|p1a: Tyranitar\n|-crit|p1a: Tyranitar\n|-damage|p1a: Tyranitar|0 fnt\n|faint|p1a: Tyranitar\n|\n|-weather|Sandstorm|[upkeep]\n|-damage|p2a: Rotom|88\/100|[from] Sandstorm\n|upkeep\n|\n|t:|1699522778\n|switch|p1a: Houndstone|Houndstone, M|88\/100\n|-damage|p1a: Houndstone|76\/100|[from] Stealth Rock\n|turn|30\n|\n|t:|1699522785\n|-terastallize|p1a: Houndstone|Ghost\n|move|p1a: Houndstone|Last Respects|p2a: Rotom\n|-damage|p2a: Rotom|0 fnt\n|faint|p2a: Rotom\n|\n|-weather|Sandstorm|[upkeep]\n|upkeep\n|\n|t:|1699522792\n|switch|p2a: Zarude|Zarude|100\/100\n|turn|31\n|\n|t:|1699522794\n|move|p1a: Houndstone|Last Respects|p2a: Zarude\n|-resisted|p2a: Zarude\n|-damage|p2a: Zarude|0 fnt\n|faint|p2a: Zarude\n|\n|-weather|Sandstorm|[upkeep]\n|upkeep\n|\n|t:|1699522805\n|switch|p2a: Amoonguss|Amoonguss, F|100\/100\n|turn|32\n|\n|t:|1699522807\n|move|p1a: Houndstone|Last Respects|p2a: Amoonguss\n|-damage|p2a: Amoonguss|0 fnt\n|faint|p2a: Amoonguss\n|\n|-weather|none\n|upkeep\n|\n|t:|1699522814\n|switch|p2a: Cradily|Cradily, M|75\/100\n|turn|33\n|\n|t:|1699522817\n|move|p1a: Houndstone|Last Respects|p2a: Cradily\n|-crit|p2a: Cradily\n|-damage|p2a: Cradily|0 fnt\n|faint|p2a: Cradily\n|\n|upkeep\n|\n|t:|1699522820\n|switch|p2a: Venusaur|Venusaur, M|100\/100\n|turn|34\n|\n|t:|1699522825\n|detailschange|p2a: Venusaur|Venusaur-Mega, M\n|-mega|p2a: Venusaur|Venusaur|Venusaurite\n|move|p1a: Houndstone|Last Respects|p2a: Venusaur\n|-damage|p2a: Venusaur|0 fnt\n|faint|p2a: Venusaur\n|\n|win|Gicky\n|raw|Gicky's rating: 1093 &rarr; <strong>1118<\/strong><br \/>(+25 for winning)\n|raw|Mamamen's rating: 1081 &rarr; <strong>1060<\/strong><br \/>(-21 for losing)\n","uploadtime":1699522834,"views":7,"p1id":"gicky","p2id":"mamamen","formatid":"gen9nationaldexubers","rating":1060,"private":0,"password":""}