{"id":"gen9nationaldexubers-1999066692","p1":"ColoConkedUp","p2":"Dash346","format":"[Gen 9] National Dex Ubers","log":"|j|\u2606ColoConkedUp\n|j|\u2606Dash346\n|t:|1701029589\n|gametype|singles\n|player|p1|ColoConkedUp|flint|\n|player|p2|Dash346|blackbelt-gen4dp|\n|teamsize|p1|6\n|teamsize|p2|6\n|gen|9\n|tier|[Gen 9] National Dex Ubers\n|rule|HP Percentage Mod: HP is shown in percentages\n|rule|Endless Battle Clause: Forcing endless battles is banned\n|rule|OHKO Clause: OHKO moves are banned\n|rule|Evasion Moves Clause: Evasion moves are banned\n|rule|Evasion Items Clause: Evasion items are banned\n|rule|Species Clause: Limit one of each Pok\u00e9mon\n|rule|Sleep Clause Mod: Limit one foe put to sleep\n|rule|Mega Rayquaza Clause: You cannot mega evolve Rayquaza\n|clearpoke\n|poke|p1|Ursaluna, M|\n|poke|p1|Deoxys-Defense|\n|poke|p1|Iron Bundle|\n|poke|p1|Hawlucha, F|\n|poke|p1|Chandelure, F|\n|poke|p1|Slaking, M|\n|poke|p2|Raboot, F|\n|poke|p2|Aegislash, F|\n|poke|p2|Suicune|\n|poke|p2|Thundurus-Therian, M|\n|poke|p2|Ceruledge, M|\n|poke|p2|Venusaur, F|\n|teampreview\n|j| AaronWeiGaming\n|j| mekan7\n|c| mekan7|GO COLO WOOOOOOOOOOO\n|c| mekan7|GO DASH WOOOOOOOOOOOOO\n|j| zark01\n|\n|t:|1701029648\n|start\n|switch|p1a: The Berlin Wall|Deoxys-Defense, shiny|100\/100\n|switch|p2a: Goin for seconds|Aegislash, F, shiny|100\/100\n|-ability|p1a: The Berlin Wall|Pressure\n|-item|p2a: Goin for seconds|Air Balloon\n|turn|1\n|\n|t:|1701029664\n|move|p1a: The Berlin Wall|Light Screen|p1a: The Berlin Wall\n|-sidestart|p1: ColoConkedUp|move: Light Screen\n|move|p2a: Goin for seconds|Swords Dance|p2a: Goin for seconds\n|-boost|p2a: Goin for seconds|atk|2\n|\n|upkeep\n|turn|2\n|\n|t:|1701029673\n|-formechange|p2a: Goin for seconds|Aegislash-Blade||[from] ability: Stance Change\n|move|p2a: Goin for seconds|Shadow Sneak|p1a: The Berlin Wall\n|-supereffective|p1a: The Berlin Wall\n|-damage|p1a: The Berlin Wall|19\/100\n|move|p1a: The Berlin Wall|Reflect|p1a: The Berlin Wall\n|-sidestart|p1: ColoConkedUp|Reflect\n|\n|-heal|p1a: The Berlin Wall|25\/100|[from] item: Leftovers\n|upkeep\n|turn|3\n|j| crunk juice34\n|\n|t:|1701029681\n|move|p2a: Goin for seconds|Shadow Sneak|p1a: The Berlin Wall\n|-supereffective|p1a: The Berlin Wall\n|-damage|p1a: The Berlin Wall|0 fnt\n|faint|p1a: The Berlin Wall\n|\n|upkeep\n|j| Scope771\n|c| Scope771|mogr\n|\n|t:|1701029705\n|switch|p1a: Ursaluka|Ursaluna, M, shiny|100\/100\n|turn|4\n|\n|t:|1701029718\n|move|p2a: Goin for seconds|Close Combat|p1a: Ursaluka\n|-supereffective|p1a: Ursaluka\n|-crit|p1a: Ursaluka\n|-damage|p1a: Ursaluka|0 fnt\n|-unboost|p2a: Goin for seconds|def|1\n|-unboost|p2a: Goin for seconds|spd|1\n|faint|p1a: Ursaluka\n|\n|upkeep\n|c|\u2606Dash346|ah gottem\n|\n|t:|1701029725\n|switch|p1a: Fnaf 3|Chandelure, F|100\/100\n|turn|5\n|c| AaronWeiGaming|that crit probably mattered\n|\n|t:|1701029738\n|move|p2a: Goin for seconds|Shadow Sneak|p1a: Fnaf 3\n|-supereffective|p1a: Fnaf 3\n|-damage|p1a: Fnaf 3|30\/100\n|move|p1a: Fnaf 3|Flamethrower|p2a: Goin for seconds\n|-supereffective|p2a: Goin for seconds\n|-crit|p2a: Goin for seconds\n|-damage|p2a: Goin for seconds|0 fnt\n|-enditem|p2a: Goin for seconds|Air Balloon\n|faint|p2a: Goin for seconds\n|\n|-sideend|p1: ColoConkedUp|move: Light Screen\n|upkeep\n|c|\u2606Dash346|he wasnt gonna hit me anyway with it\n|c|\u2606Dash346|it had air balloon\n|\n|t:|1701029754\n|switch|p2a: Rean Schwarzer|Ceruledge, M|100\/100\n|turn|6\n|n|\u2606ColoConkedUp|coloconkedup\n|c| mekan7|now it's rean time!\n|c|\u2606ColoConkedUp|well\n|c|\u2606ColoConkedUp|i tried\n|c| crunk juice34|ayo rean?\n|c| AaronWeiGaming|dont give up\n|\n|t:|1701029788\n|move|p2a: Rean Schwarzer|Poltergeist|p1a: Fnaf 3\n|-activate|p1a: Fnaf 3|move: Poltergeist|Heavy-Duty Boots\n|-supereffective|p1a: Fnaf 3\n|-damage|p1a: Fnaf 3|0 fnt\n|faint|p1a: Fnaf 3\n|\n|-sideend|p1: ColoConkedUp|Reflect\n|upkeep\n|\n|t:|1701029797\n|switch|p1a: Monke|Slaking, M, shiny|100\/100\n|turn|7\n|\n|t:|1701029805\n|move|p1a: Monke|Fling|p2a: Rean Schwarzer\n|-supereffective|p2a: Rean Schwarzer\n|-damage|p2a: Rean Schwarzer|71\/100\n|-ability|p2a: Rean Schwarzer|Weak Armor|boost\n|-unboost|p2a: Rean Schwarzer|def|1\n|-boost|p2a: Rean Schwarzer|spe|2\n|-enditem|p1a: Monke|King's Rock|[from] move: Fling\n|cant|p2a: Rean Schwarzer|flinch\n|\n|upkeep\n|turn|8\n|c| crunk juice34|ayo?\n|c| Scope771|hehe monke\n|c|\u2606Dash346|cant believe this happened to me\n|c|\u2606ColoConkedUp|mmmmm monke\n|\n|t:|1701029832\n|-terastallize|p2a: Rean Schwarzer|Grass\n|move|p2a: Rean Schwarzer|Solar Blade||[still]\n|-prepare|p2a: Rean Schwarzer|Solar Blade\n|-enditem|p2a: Rean Schwarzer|Power Herb\n|-anim|p2a: Rean Schwarzer|Solar Blade|p1a: Monke\n|-damage|p1a: Monke|59\/100\n|cant|p1a: Monke|ability: Truant\n|\n|upkeep\n|turn|9\n|c|\u2606Dash346|Ive been flung\n|c|\u2606Dash346|DAMN THAT SHIT DID NOTHING\n|c| crunk juice34|monke sweep\n|c| AaronWeiGaming|https:\/\/www.youtube.com\/watch?v=M69Sn3OERZo\n|\n|t:|1701029856\n|move|p2a: Rean Schwarzer|Bitter Blade|p1a: Monke\n|-damage|p1a: Monke|26\/100\n|-heal|p2a: Rean Schwarzer|99\/100|[from] drain|[of] p1a: Monke\n|move|p1a: Monke|Body Slam|p2a: Rean Schwarzer\n|-damage|p2a: Rean Schwarzer|10\/100\n|-status|p2a: Rean Schwarzer|par\n|-ability|p2a: Rean Schwarzer|Weak Armor|boost\n|-unboost|p2a: Rean Schwarzer|def|1\n|-boost|p2a: Rean Schwarzer|spe|2\n|\n|upkeep\n|turn|10\n|c|\u2606Dash346|REAN YOU SUCK\n|c|\u2606ColoConkedUp|average rean moment\n|\n|t:|1701029874\n|switch|p1a: Mewwy Chwistmas|Iron Bundle|100\/100\n|-enditem|p1a: Mewwy Chwistmas|Booster Energy\n|-activate|p1a: Mewwy Chwistmas|ability: Quark Drive|[fromitem]\n|-start|p1a: Mewwy Chwistmas|quarkdrivespe\n|move|p2a: Rean Schwarzer|Bitter Blade|p1a: Mewwy Chwistmas\n|-damage|p1a: Mewwy Chwistmas|50\/100\n|-heal|p2a: Rean Schwarzer|35\/100 par|[from] drain|[of] p1a: Mewwy Chwistmas\n|\n|upkeep\n|turn|11\n|c| Scope771|Live Rean Schwarzer Reaction\n|\n|t:|1701029893\n|switch|p2a: Pokken Top tier|Suicune|100\/100\n|-ability|p2a: Pokken Top tier|Pressure\n|move|p1a: Mewwy Chwistmas|Ice Beam|p2a: Pokken Top tier\n|-resisted|p2a: Pokken Top tier\n|-damage|p2a: Pokken Top tier|85\/100\n|\n|-heal|p2a: Pokken Top tier|91\/100|[from] item: Leftovers\n|upkeep\n|turn|12\n|\n|t:|1701029908\n|move|p1a: Mewwy Chwistmas|Snowscape|p1a: Mewwy Chwistmas\n|-weather|Snow\n|move|p2a: Pokken Top tier|Calm Mind|p2a: Pokken Top tier\n|-boost|p2a: Pokken Top tier|spa|1\n|-boost|p2a: Pokken Top tier|spd|1\n|\n|-weather|Snow|[upkeep]\n|-heal|p2a: Pokken Top tier|97\/100|[from] item: Leftovers\n|upkeep\n|turn|13\n|j| z2freezy\n|\n|t:|1701029916\n|move|p1a: Mewwy Chwistmas|Air Cutter|p2a: Pokken Top tier\n|-damage|p2a: Pokken Top tier|88\/100\n|move|p2a: Pokken Top tier|Calm Mind|p2a: Pokken Top tier\n|-boost|p2a: Pokken Top tier|spa|1\n|-boost|p2a: Pokken Top tier|spd|1\n|\n|-weather|Snow|[upkeep]\n|-heal|p2a: Pokken Top tier|94\/100|[from] item: Leftovers\n|upkeep\n|turn|14\n|c|\u2606ColoConkedUp|oh boy\n|c|\u2606ColoConkedUp|damn i messed up we gotta go bald\n|c|\u2606Dash346|AAAAAAAAAAAA\n|\n|t:|1701029956\n|move|p1a: Mewwy Chwistmas|Ice Beam|p2a: Pokken Top tier\n|-resisted|p2a: Pokken Top tier\n|-damage|p2a: Pokken Top tier|86\/100\n|move|p2a: Pokken Top tier|Signal Beam|p1a: Mewwy Chwistmas\n|-damage|p1a: Mewwy Chwistmas|0 fnt\n|faint|p1a: Mewwy Chwistmas\n|-end|p1a: Mewwy Chwistmas|Quark Drive|[silent]\n|\n|-weather|Snow|[upkeep]\n|-heal|p2a: Pokken Top tier|92\/100|[from] item: Leftovers\n|upkeep\n|c|\u2606Dash346|ngl this was for iron leaves\n|\n|t:|1701029966\n|switch|p1a: Mexico|Hawlucha, F, shiny|100\/100\n|turn|15\n|c|\u2606ColoConkedUp|oh yeah i forgot i had iron leaves\n|\n|t:|1701029976\n|move|p1a: Mexico|Close Combat|p2a: Pokken Top tier\n|-damage|p2a: Pokken Top tier|48\/100\n|-unboost|p1a: Mexico|def|1\n|-unboost|p1a: Mexico|spd|1\n|-enditem|p1a: Mexico|White Herb\n|-clearnegativeboost|p1a: Mexico|[silent]\n|move|p2a: Pokken Top tier|Ice Beam|p1a: Mexico\n|-supereffective|p1a: Mexico\n|-damage|p1a: Mexico|0 fnt\n|faint|p1a: Mexico\n|\n|-weather|Snow|[upkeep]\n|-heal|p2a: Pokken Top tier|54\/100|[from] item: Leftovers\n|upkeep\n|c|\u2606Dash346|buh\n|\n|t:|1701029988\n|switch|p1a: Monke|Slaking, M, shiny|26\/100\n|turn|16\n|c|\u2606ColoConkedUp|mmmmmm monke\n|\n|t:|1701030002\n|move|p1a: Monke|Body Slam|p2a: Pokken Top tier\n|-damage|p2a: Pokken Top tier|23\/100\n|move|p2a: Pokken Top tier|Ice Beam|p1a: Monke\n|-damage|p1a: Monke|0 fnt\n|faint|p1a: Monke\n|\n|win|Dash346\n|c| AaronWeiGaming|https:\/\/www.youtube.com\/watch?v=M69Sn3OERZo\n|c|\u2606ColoConkedUp|ay GG\n","uploadtime":1701030013,"views":18,"p1id":"coloconkedup","p2id":"dash346","formatid":"gen9nationaldexubers","rating":0,"private":0,"password":""}