{"id":"gen9nationaldexubers-1986658075","p1":"Krittapas","p2":"rggef","format":"[Gen 9] National Dex Ubers","log":"|j|\u2606Krittapas\n|j|\u2606rggef\n|t:|1699503503\n|gametype|singles\n|player|p1|Krittapas|steven|1474\n|player|p2|rggef|266|1491\n|teamsize|p1|6\n|teamsize|p2|6\n|gen|9\n|tier|[Gen 9] National Dex Ubers\n|rated|\n|rule|HP Percentage Mod: HP is shown in percentages\n|rule|Endless Battle Clause: Forcing endless battles is banned\n|rule|OHKO Clause: OHKO moves are banned\n|rule|Evasion Moves Clause: Evasion moves are banned\n|rule|Evasion Items Clause: Evasion items are banned\n|rule|Species Clause: Limit one of each Pok\u00e9mon\n|rule|Sleep Clause Mod: Limit one foe put to sleep\n|rule|Mega Rayquaza Clause: You cannot mega evolve Rayquaza\n|clearpoke\n|poke|p1|Yveltal|\n|poke|p1|Kyogre|\n|poke|p1|Landorus, M|\n|poke|p1|Melmetal|\n|poke|p1|Ho-Oh|\n|poke|p1|Mewtwo|\n|poke|p2|Marshadow|\n|poke|p2|Samurott-Hisui, M|\n|poke|p2|Kingambit, M|\n|poke|p2|Great Tusk|\n|poke|p2|Arceus-Fairy|\n|poke|p2|Aggron, M|\n|teampreview\n|\n|t:|1699503514\n|start\n|switch|p1a: Landorus|Landorus, M, shiny|100\/100\n|switch|p2a: Samurott|Samurott-Hisui, M|100\/100\n|turn|1\n|\n|t:|1699503521\n|move|p1a: Landorus|Focus Blast|p2a: Samurott\n|-supereffective|p2a: Samurott\n|-damage|p2a: Samurott|0 fnt\n|faint|p2a: Samurott\n|\n|upkeep\n|\n|t:|1699503527\n|switch|p2a: Marshadow|Marshadow|100\/100\n|turn|2\n|\n|t:|1699503533\n|switch|p1a: Yveltal|Yveltal, shiny|100\/100\n|-ability|p1a: Yveltal|Dark Aura\n|move|p2a: Marshadow|Poltergeist|p1a: Yveltal\n|-activate|p1a: Yveltal|move: Poltergeist|Choice Scarf\n|-resisted|p1a: Yveltal\n|-damage|p1a: Yveltal|67\/100\n|-damage|p2a: Marshadow|91\/100|[from] item: Life Orb\n|\n|upkeep\n|turn|3\n|\n|t:|1699503537\n|move|p1a: Yveltal|Dual Wingbeat|p2a: Marshadow\n|-supereffective|p2a: Marshadow\n|-damage|p2a: Marshadow|32\/100\n|-supereffective|p2a: Marshadow\n|-damage|p2a: Marshadow|0 fnt\n|faint|p2a: Marshadow\n|-hitcount|p2: Marshadow|2\n|\n|upkeep\n|\n|t:|1699503543\n|switch|p2a: Kingambit|Kingambit, M|100\/100\n|-activate|p2a: Kingambit|ability: Supreme Overlord\n|-start|p2a: Kingambit|fallen2|[silent]\n|turn|4\n|\n|t:|1699503548\n|switch|p1a: Ho-Oh|Ho-Oh, shiny|100\/100\n|move|p2a: Kingambit|Knock Off|p1a: Ho-Oh\n|-damage|p1a: Ho-Oh|50\/100\n|-enditem|p1a: Ho-Oh|Heavy-Duty Boots|[from] move: Knock Off|[of] p2a: Kingambit\n|\n|upkeep\n|turn|5\n|\n|t:|1699503553\n|-end|p2a: Kingambit|fallen2|[silent]\n|switch|p2a: Aggron|Aggron, M|100\/100\n|move|p1a: Ho-Oh|Roost|p1a: Ho-Oh\n|-heal|p1a: Ho-Oh|99\/100\n|-singleturn|p1a: Ho-Oh|move: Roost\n|\n|upkeep\n|turn|6\n|\n|t:|1699503556\n|move|p1a: Ho-Oh|Sacred Fire|p2a: Aggron\n|-damage|p2a: Aggron|79\/100\n|-status|p2a: Aggron|brn\n|move|p2a: Aggron|Block|p1a: Ho-Oh\n|-activate|p1a: Ho-Oh|trapped\n|\n|-damage|p2a: Aggron|73\/100 brn|[from] brn\n|upkeep\n|turn|7\n|\n|t:|1699503560\n|move|p1a: Ho-Oh|Sacred Fire|p2a: Aggron\n|-damage|p2a: Aggron|51\/100 brn\n|move|p2a: Aggron|Taunt|p1a: Ho-Oh\n|-start|p1a: Ho-Oh|move: Taunt\n|\n|-damage|p2a: Aggron|45\/100 brn|[from] brn\n|upkeep\n|turn|8\n|\n|t:|1699503567\n|move|p1a: Ho-Oh|Sacred Fire|p2a: Aggron\n|-damage|p2a: Aggron|22\/100 brn\n|move|p2a: Aggron|Rest|p2a: Aggron\n|-status|p2a: Aggron|slp|[from] move: Rest\n|-heal|p2a: Aggron|100\/100 slp|[silent]\n|\n|upkeep\n|turn|9\n|\n|t:|1699503574\n|move|p1a: Ho-Oh|Sacred Fire|p2a: Aggron\n|-damage|p2a: Aggron|78\/100 slp\n|cant|p2a: Aggron|slp\n|\n|upkeep\n|turn|10\n|\n|t:|1699503586\n|move|p1a: Ho-Oh|Sacred Fire|p2a: Aggron\n|-damage|p2a: Aggron|56\/100 slp\n|cant|p2a: Aggron|slp\n|\n|-end|p1a: Ho-Oh|move: Taunt\n|upkeep\n|turn|11\n|\n|t:|1699503591\n|move|p1a: Ho-Oh|Sacred Fire|p2a: Aggron\n|-damage|p2a: Aggron|33\/100 slp\n|-curestatus|p2a: Aggron|slp|[msg]\n|move|p2a: Aggron|Metal Burst|p1a: Ho-Oh\n|-damage|p1a: Ho-Oh|71\/100\n|\n|upkeep\n|turn|12\n|\n|t:|1699503595\n|move|p1a: Ho-Oh|Sacred Fire|p2a: Aggron\n|-damage|p2a: Aggron|10\/100\n|move|p2a: Aggron|Rest|p2a: Aggron\n|-status|p2a: Aggron|slp|[from] move: Rest\n|-heal|p2a: Aggron|100\/100 slp|[silent]\n|\n|upkeep\n|turn|13\n|\n|t:|1699503618\n|move|p1a: Ho-Oh|Roost|p1a: Ho-Oh\n|-heal|p1a: Ho-Oh|100\/100\n|-singleturn|p1a: Ho-Oh|move: Roost\n|cant|p2a: Aggron|slp\n|\n|upkeep\n|turn|14\n|\n|t:|1699503622\n|move|p1a: Ho-Oh|Defog|p2a: Aggron\n|-unboost|p2a: Aggron|evasion|1\n|cant|p2a: Aggron|slp\n|\n|upkeep\n|turn|15\n|\n|t:|1699503626\n|move|p1a: Ho-Oh|Defog|p2a: Aggron\n|-unboost|p2a: Aggron|evasion|1\n|-curestatus|p2a: Aggron|slp|[msg]\n|move|p2a: Aggron|Taunt|p1a: Ho-Oh\n|-start|p1a: Ho-Oh|move: Taunt\n|\n|upkeep\n|turn|16\n|\n|t:|1699503630\n|move|p1a: Ho-Oh|Sacred Fire|p2a: Aggron\n|-damage|p2a: Aggron|79\/100\n|-status|p2a: Aggron|brn\n|move|p2a: Aggron|Metal Burst|p1a: Ho-Oh\n|-damage|p1a: Ho-Oh|74\/100\n|\n|-damage|p2a: Aggron|73\/100 brn|[from] brn\n|upkeep\n|turn|17\n|\n|t:|1699503636\n|-activate|p1a: Ho-Oh|move: Struggle\n|move|p1a: Ho-Oh|Struggle|p2a: Aggron\n|-damage|p2a: Aggron|65\/100 brn\n|-damage|p1a: Ho-Oh|48\/100|[from] recoil\n|move|p2a: Aggron|Metal Burst|p1a: Ho-Oh\n|-damage|p1a: Ho-Oh|40\/100\n|\n|-damage|p2a: Aggron|59\/100 brn|[from] brn\n|upkeep\n|turn|18\n|\n|t:|1699503644\n|-activate|p1a: Ho-Oh|move: Struggle\n|move|p1a: Ho-Oh|Struggle|p2a: Aggron\n|-damage|p2a: Aggron|52\/100 brn\n|-damage|p1a: Ho-Oh|14\/100|[from] recoil\n|move|p2a: Aggron|Metal Burst|p1a: Ho-Oh\n|-damage|p1a: Ho-Oh|5\/100\n|\n|-damage|p2a: Aggron|46\/100 brn|[from] brn\n|-end|p1a: Ho-Oh|move: Taunt\n|upkeep\n|turn|19\n|\n|t:|1699503651\n|move|p1a: Ho-Oh|Roost|p1a: Ho-Oh\n|-heal|p1a: Ho-Oh|55\/100\n|-singleturn|p1a: Ho-Oh|move: Roost\n|move|p2a: Aggron|Taunt|p1a: Ho-Oh\n|-start|p1a: Ho-Oh|move: Taunt\n|\n|-damage|p2a: Aggron|39\/100 brn|[from] brn\n|upkeep\n|turn|20\n|\n|t:|1699503653\n|-activate|p1a: Ho-Oh|move: Struggle\n|move|p1a: Ho-Oh|Struggle|p2a: Aggron\n|-damage|p2a: Aggron|32\/100 brn\n|-damage|p1a: Ho-Oh|30\/100|[from] recoil\n|move|p2a: Aggron|Rest|p2a: Aggron\n|-status|p2a: Aggron|slp|[from] move: Rest\n|-heal|p2a: Aggron|100\/100 slp|[silent]\n|\n|upkeep\n|turn|21\n|\n|t:|1699503657\n|-activate|p1a: Ho-Oh|move: Struggle\n|move|p1a: Ho-Oh|Struggle|p2a: Aggron\n|-damage|p2a: Aggron|93\/100 slp\n|-damage|p1a: Ho-Oh|5\/100|[from] recoil\n|cant|p2a: Aggron|slp\n|\n|upkeep\n|turn|22\n|\n|t:|1699503664\n|-activate|p1a: Ho-Oh|move: Struggle\n|move|p1a: Ho-Oh|Struggle|p2a: Aggron\n|-damage|p2a: Aggron|85\/100 slp\n|-damage|p1a: Ho-Oh|0 fnt|[from] recoil\n|faint|p1a: Ho-Oh\n|cant|p2a: Aggron|slp\n|\n|upkeep\n|\n|t:|1699503667\n|switch|p1a: Landorus|Landorus, M, shiny|100\/100\n|turn|23\n|\n|t:|1699503671\n|switch|p2a: Arceus|Arceus-Fairy|100\/100\n|move|p1a: Landorus|Sandsear Storm|p2a: Arceus\n|-damage|p2a: Arceus|53\/100\n|\n|upkeep\n|turn|24\n|\n|t:|1699503684\n|move|p1a: Landorus|Sandsear Storm|p2a: Arceus\n|-damage|p2a: Arceus|10\/100\n|move|p2a: Arceus|Judgment|p1a: Landorus\n|-damage|p1a: Landorus|42\/100\n|\n|upkeep\n|turn|25\n|\n|t:|1699503690\n|move|p1a: Landorus|Sandsear Storm|p2a: Arceus\n|-damage|p2a: Arceus|0 fnt\n|faint|p2a: Arceus\n|\n|upkeep\n|\n|t:|1699503696\n|switch|p2a: Kingambit|Kingambit, M|100\/100\n|-activate|p2a: Kingambit|ability: Supreme Overlord\n|-start|p2a: Kingambit|fallen3|[silent]\n|turn|26\n|\n|t:|1699503737\n|move|p2a: Kingambit|Sucker Punch|p1a: Landorus\n|-damage|p1a: Landorus|0 fnt\n|faint|p1a: Landorus\n|\n|upkeep\n|\n|t:|1699503741\n|switch|p1a: Kyogre|Kyogre, shiny|100\/100\n|detailschange|p1a: Kyogre|Kyogre-Primal, shiny\n|-primal|p1a: Kyogre|Blue Orb\n|-weather|PrimordialSea|[from] ability: Primordial Sea|[of] p1a: Kyogre\n|turn|27\n|\n|t:|1699503760\n|-end|p2a: Kingambit|fallen3|[silent]\n|switch|p2a: Aggron|Aggron, M|85\/100 slp\n|move|p1a: Kyogre|Origin Pulse|p2a: Aggron\n|-supereffective|p2a: Aggron\n|-damage|p2a: Aggron|0 fnt\n|faint|p2a: Aggron\n|\n|-weather|PrimordialSea|[upkeep]\n|upkeep\n|\n|t:|1699503762\n|switch|p2a: Great Tusk|Great Tusk|100\/100\n|-enditem|p2a: Great Tusk|Booster Energy\n|-activate|p2a: Great Tusk|ability: Protosynthesis|[fromitem]\n|-start|p2a: Great Tusk|protosynthesisatk\n|turn|28\n|inactive|Battle timer is ON: inactive players will automatically lose when time's up. (requested by rggef)\n|inactive|Krittapas has 120 seconds left.\n|\n|t:|1699503844\n|move|p1a: Kyogre|Origin Pulse|p2a: Great Tusk|[miss]\n|-miss|p1a: Kyogre|p2a: Great Tusk\n|move|p2a: Great Tusk|Close Combat|p1a: Kyogre\n|-damage|p1a: Kyogre|0 fnt\n|-unboost|p2a: Great Tusk|def|1\n|-unboost|p2a: Great Tusk|spd|1\n|faint|p1a: Kyogre\n|-weather|none\n|\n|upkeep\n|\n|t:|1699503848\n|switch|p1a: Mewtwo|Mewtwo, shiny|100\/100\n|-ability|p1a: Mewtwo|Pressure\n|turn|29\n|\n|t:|1699503857\n|detailschange|p1a: Mewtwo|Mewtwo-Mega-X, shiny\n|-mega|p1a: Mewtwo|Mewtwo|Mewtwonite X\n|move|p1a: Mewtwo|Bulk Up|p1a: Mewtwo\n|-boost|p1a: Mewtwo|atk|1\n|-boost|p1a: Mewtwo|def|1\n|move|p2a: Great Tusk|Headlong Rush|p1a: Mewtwo\n|-damage|p1a: Mewtwo|40\/100\n|-unboost|p2a: Great Tusk|def|1\n|-unboost|p2a: Great Tusk|spd|1\n|\n|upkeep\n|turn|30\n|\n|t:|1699503872\n|move|p1a: Mewtwo|Drain Punch|p2a: Great Tusk\n|-damage|p2a: Great Tusk|0 fnt\n|-heal|p1a: Mewtwo|97\/100|[from] drain|[of] p2a: Great Tusk\n|faint|p2a: Great Tusk\n|-end|p2a: Great Tusk|Protosynthesis|[silent]\n|\n|upkeep\n|\n|t:|1699503875\n|switch|p2a: Kingambit|Kingambit, M|100\/100\n|-activate|p2a: Kingambit|ability: Supreme Overlord\n|-start|p2a: Kingambit|fallen5|[silent]\n|turn|31\n|\n|t:|1699503890\n|-terastallize|p2a: Kingambit|Flying\n|move|p1a: Mewtwo|Bulk Up|p1a: Mewtwo\n|-boost|p1a: Mewtwo|atk|1\n|-boost|p1a: Mewtwo|def|1\n|move|p2a: Kingambit|Swords Dance|p2a: Kingambit\n|-boost|p2a: Kingambit|atk|2\n|\n|upkeep\n|turn|32\n|\n|t:|1699503909\n|move|p1a: Mewtwo|Zen Headbutt|p2a: Kingambit\n|-damage|p2a: Kingambit|25\/100\n|move|p2a: Kingambit|Iron Head|p1a: Mewtwo\n|-damage|p1a: Mewtwo|24\/100\n|\n|-heal|p2a: Kingambit|31\/100|[from] item: Leftovers\n|upkeep\n|turn|33\n|\n|t:|1699503916\n|move|p2a: Kingambit|Sucker Punch|p1a: Mewtwo\n|-damage|p1a: Mewtwo|0 fnt\n|faint|p1a: Mewtwo\n|\n|-heal|p2a: Kingambit|37\/100|[from] item: Leftovers\n|upkeep\n|\n|t:|1699503920\n|switch|p1a: Yveltal|Yveltal, shiny|67\/100\n|-ability|p1a: Yveltal|Dark Aura\n|turn|34\n|\n|t:|1699503928\n|-terastallize|p1a: Yveltal|Dark\n|move|p1a: Yveltal|Sucker Punch|p2a: Kingambit\n|-crit|p2a: Kingambit\n|-damage|p2a: Kingambit|0 fnt\n|faint|p2a: Kingambit\n|-end|p2a: Kingambit|fallen5|[silent]\n|\n|win|Krittapas\n|raw|Krittapas's rating: 1474 &rarr; <strong>1495<\/strong><br \/>(+21 for winning)\n|raw|rggef's rating: 1491 &rarr; <strong>1470<\/strong><br \/>(-21 for losing)\n|l|\u2606rggef\n","uploadtime":1699503934,"views":6,"p1id":"krittapas","p2id":"rggef","formatid":"gen9nationaldexubers","rating":1470,"private":0,"password":""}