{"id":"gen9nationaldexubers-1992046733","p1":"Mudseph03","p2":"Mr.dinguery","format":"[Gen 9] National Dex Ubers","log":"|j|\u2606Mudseph03\n|j|\u2606Mr.dinguery\n|t:|1700150602\n|gametype|singles\n|player|p1|Mudseph03|red|1201\n|player|p2|Mr.dinguery|cynthia|1219\n|teamsize|p1|6\n|teamsize|p2|6\n|gen|9\n|tier|[Gen 9] National Dex Ubers\n|rated|\n|rule|HP Percentage Mod: HP is shown in percentages\n|rule|Endless Battle Clause: Forcing endless battles is banned\n|rule|OHKO Clause: OHKO moves are banned\n|rule|Evasion Moves Clause: Evasion moves are banned\n|rule|Evasion Items Clause: Evasion items are banned\n|rule|Species Clause: Limit one of each Pok\u00e9mon\n|rule|Sleep Clause Mod: Limit one foe put to sleep\n|rule|Mega Rayquaza Clause: You cannot mega evolve Rayquaza\n|clearpoke\n|poke|p1|Dragapult, M|\n|poke|p1|Kartana|\n|poke|p1|Aegislash, M|\n|poke|p1|Quagsire, M|\n|poke|p1|Heatran, M|\n|poke|p1|Togekiss, F|\n|poke|p2|Ogerpon-Hearthflame, F|\n|poke|p2|Marshadow|\n|poke|p2|Annihilape, F|\n|poke|p2|Volcarona, M|\n|poke|p2|Necrozma-Dawn-Wings|\n|poke|p2|Alakazam, M|\n|teampreview\n|\n|t:|1700150628\n|start\n|switch|p1a: Christran|Heatran, M|100\/100\n|switch|p2a: Volcarona|Volcarona, M|100\/100\n|turn|1\n|\n|t:|1700150639\n|move|p2a: Volcarona|Quiver Dance|p2a: Volcarona\n|-boost|p2a: Volcarona|spa|1\n|-boost|p2a: Volcarona|spd|1\n|-boost|p2a: Volcarona|spe|1\n|move|p1a: Christran|Magma Storm|p2a: Volcarona\n|-damage|p2a: Volcarona|66\/100\n|-activate|p2a: Volcarona|move: Magma Storm|[of] p1a: Christran\n|\n|-damage|p2a: Volcarona|54\/100|[from] move: Magma Storm|[partiallytrapped]\n|upkeep\n|turn|2\n|inactive|Battle timer is ON: inactive players will automatically lose when time's up. (requested by Mudseph03)\n|\n|t:|1700150681\n|move|p2a: Volcarona|Quiver Dance|p2a: Volcarona\n|-boost|p2a: Volcarona|spa|1\n|-boost|p2a: Volcarona|spd|1\n|-boost|p2a: Volcarona|spe|1\n|move|p1a: Christran|Power Gem|p2a: Volcarona\n|-supereffective|p2a: Volcarona\n|-damage|p2a: Volcarona|4\/100\n|\n|-damage|p2a: Volcarona|0 fnt|[from] move: Magma Storm|[partiallytrapped]\n|faint|p2a: Volcarona\n|upkeep\n|\n|t:|1700150687\n|switch|p2a: Annihilape|Annihilape, F|100\/100\n|turn|3\n|\n|t:|1700150694\n|switch|p1a: Puyolsire|Quagsire, M|100\/100\n|move|p2a: Annihilape|Final Gambit|p1a: Puyolsire\n|-damage|p1a: Puyolsire|0 fnt\n|faint|p2a: Annihilape\n|faint|p1a: Puyolsire\n|\n|upkeep\n|\n|t:|1700150716\n|switch|p2a: Necrozma|Necrozma-Dawn-Wings|100\/100\n|switch|p1a: Togefeits|Togekiss, F|100\/100\n|turn|4\n|\n|t:|1700150724\n|switch|p1a: Christran|Heatran, M|100\/100\n|move|p2a: Necrozma|Autotomize|p2a: Necrozma\n|-boost|p2a: Necrozma|spe|2\n|-start|p2a: Necrozma|Autotomize\n|\n|upkeep\n|turn|5\n|\n|t:|1700150731\n|move|p2a: Necrozma|Calm Mind|p2a: Necrozma\n|-boost|p2a: Necrozma|spa|1\n|-boost|p2a: Necrozma|spd|1\n|move|p1a: Christran|Magma Storm|p2a: Necrozma\n|-damage|p2a: Necrozma|73\/100\n|-activate|p2a: Necrozma|move: Magma Storm|[of] p1a: Christran\n|\n|-heal|p2a: Necrozma|79\/100|[from] item: Leftovers\n|-damage|p2a: Necrozma|67\/100|[from] move: Magma Storm|[partiallytrapped]\n|upkeep\n|turn|6\n|\n|t:|1700150741\n|move|p2a: Necrozma|Calm Mind|p2a: Necrozma\n|-boost|p2a: Necrozma|spa|1\n|-boost|p2a: Necrozma|spd|1\n|move|p1a: Christran|Flash Cannon|p2a: Necrozma\n|-damage|p2a: Necrozma|51\/100\n|\n|-heal|p2a: Necrozma|57\/100|[from] item: Leftovers\n|-damage|p2a: Necrozma|45\/100|[from] move: Magma Storm|[partiallytrapped]\n|upkeep\n|turn|7\n|inactive|Mr.dinguery has 120 seconds left.\n|\n|t:|1700150771\n|move|p2a: Necrozma|Moongeist Beam|p1a: Christran\n|-damage|p1a: Christran|45\/100\n|move|p1a: Christran|Earth Power|p2a: Necrozma\n|-damage|p2a: Necrozma|33\/100\n|\n|-heal|p2a: Necrozma|39\/100|[from] item: Leftovers\n|-damage|p2a: Necrozma|26\/100|[from] move: Magma Storm|[partiallytrapped]\n|upkeep\n|turn|8\n|\n|t:|1700150789\n|move|p2a: Necrozma|Moongeist Beam|p1a: Christran\n|-damage|p1a: Christran|0 fnt\n|faint|p1a: Christran\n|\n|-heal|p2a: Necrozma|32\/100|[from] item: Leftovers\n|-end|p2a: Necrozma|Magma Storm|[partiallytrapped]|[silent]\n|upkeep\n|\n|t:|1700150798\n|switch|p1a: Saiko no Hero|Aegislash, M|100\/100\n|turn|9\n|\n|t:|1700150800\n|-formechange|p1a: Saiko no Hero|Aegislash-Blade||[from] ability: Stance Change\n|move|p1a: Saiko no Hero|Shadow Sneak|p2a: Necrozma\n|-supereffective|p2a: Necrozma\n|-damage|p2a: Necrozma|0 fnt\n|faint|p2a: Necrozma\n|\n|upkeep\n|\n|t:|1700150806\n|switch|p2a: Ogerpon|Ogerpon-Hearthflame, F|100\/100\n|-ability|p2a: Ogerpon|Mold Breaker\n|turn|10\n|\n|t:|1700150826\n|-terastallize|p1a: Saiko no Hero|Ghost\n|move|p2a: Ogerpon|Swords Dance|p2a: Ogerpon\n|-boost|p2a: Ogerpon|atk|2\n|move|p1a: Saiko no Hero|Gyro Ball|p2a: Ogerpon\n|-resisted|p2a: Ogerpon\n|-damage|p2a: Ogerpon|39\/100\n|\n|upkeep\n|turn|11\n|l|\u2606Mudseph03\n|inactive|Mudseph03 disconnected and has a minute to reconnect!\n|player|p1|\n|j|\u2606Mudseph03\n|inactive|Mudseph03 reconnected and has 125 seconds left.\n|player|p1|Mudseph03|red\n|inactive|Mudseph03 has 120 seconds left.\n|\n|t:|1700150853\n|move|p1a: Saiko no Hero|Shadow Sneak|p2a: Ogerpon\n|-damage|p2a: Ogerpon|0 fnt\n|faint|p2a: Ogerpon\n|\n|upkeep\n|\n|t:|1700150863\n|switch|p2a: Marshadow|Marshadow|100\/100\n|turn|12\n|\n|t:|1700150866\n|-formechange|p1a: Saiko no Hero|Aegislash||[from] ability: Stance Change\n|move|p1a: Saiko no Hero|King's Shield|p1a: Saiko no Hero\n|-singleturn|p1a: Saiko no Hero|Protect\n|move|p2a: Marshadow|Spectral Thief|p1a: Saiko no Hero\n|-activate|p1a: Saiko no Hero|move: Protect\n|-unboost|p2a: Marshadow|atk|1\n|\n|upkeep\n|turn|13\n|\n|t:|1700150881\n|switch|p1a: Togefeits|Togekiss, F|100\/100\n|-terastallize|p2a: Marshadow|Normal\n|move|p2a: Marshadow|Spectral Thief|p1a: Togefeits\n|-damage|p1a: Togefeits|68\/100\n|\n|upkeep\n|turn|14\n|\n|t:|1700150886\n|move|p2a: Marshadow|Rock Tomb|p1a: Togefeits\n|-supereffective|p1a: Togefeits\n|-damage|p1a: Togefeits|27\/100\n|-unboost|p1a: Togefeits|spe|1\n|move|p1a: Togefeits|Thunder Wave|p2a: Marshadow\n|-status|p2a: Marshadow|par\n|\n|upkeep\n|turn|15\n|\n|t:|1700150893\n|switch|p1a: Godtana|Kartana|100\/100\n|cant|p2a: Marshadow|par\n|\n|upkeep\n|turn|16\n|\n|t:|1700150898\n|move|p1a: Godtana|Sacred Sword|p2a: Marshadow\n|-supereffective|p2a: Marshadow\n|-enditem|p2a: Marshadow|Focus Sash\n|-damage|p2a: Marshadow|1\/100 par\n|move|p2a: Marshadow|Close Combat|p1a: Godtana\n|-supereffective|p1a: Godtana\n|-damage|p1a: Godtana|15\/100\n|-unboost|p2a: Marshadow|def|1\n|-unboost|p2a: Marshadow|spd|1\n|\n|upkeep\n|turn|17\n|\n|t:|1700150906\n|switch|p1a: Togefeits|Togekiss, F|27\/100\n|cant|p2a: Marshadow|par\n|\n|upkeep\n|turn|18\n|\n|t:|1700150910\n|move|p2a: Marshadow|Shadow Sneak|p1a: Togefeits\n|-damage|p1a: Togefeits|3\/100\n|move|p1a: Togefeits|Roost|p1a: Togefeits\n|-heal|p1a: Togefeits|53\/100\n|-singleturn|p1a: Togefeits|move: Roost\n|\n|upkeep\n|turn|19\n|\n|t:|1700150916\n|move|p1a: Togefeits|Ancient Power|p2a: Marshadow\n|-damage|p2a: Marshadow|0 fnt\n|faint|p2a: Marshadow\n|\n|upkeep\n|\n|t:|1700150918\n|switch|p2a: Alakazam|Alakazam, M|100\/100\n|turn|20\n|\n|t:|1700150924\n|detailschange|p2a: Alakazam|Alakazam-Mega, M\n|-mega|p2a: Alakazam|Alakazam|Alakazite\n|-ability|p2a: Alakazam|Serene Grace|[from] ability: Trace|[of] p1a: Togefeits\n|move|p2a: Alakazam|Substitute|p2a: Alakazam\n|-start|p2a: Alakazam|Substitute\n|-damage|p2a: Alakazam|76\/100\n|move|p1a: Togefeits|Air Slash|p2a: Alakazam\n|-end|p2a: Alakazam|Substitute\n|\n|upkeep\n|turn|21\n|\n|t:|1700150933\n|move|p2a: Alakazam|Psychic|p1a: Togefeits\n|-damage|p1a: Togefeits|0 fnt\n|faint|p1a: Togefeits\n|\n|upkeep\n|l|\u2606Mudseph03\n|inactive|Mudseph03 disconnected and has a minute to reconnect!\n|player|p1|\n|j|\u2606Mudseph03\n|inactive|Mudseph03 reconnected and has 120 seconds left.\n|player|p1|Mudseph03|red\n|\n|t:|1700150970\n|switch|p1a: Draga-sama|Dragapult, M|100\/100\n|turn|22\n|inactive|Mudseph03 has 120 seconds left.\n|\n|t:|1700150977\n|move|p2a: Alakazam|Shadow Ball|p1a: Draga-sama\n|-supereffective|p1a: Draga-sama\n|-damage|p1a: Draga-sama|7\/100\n|-unboost|p1a: Draga-sama|spd|1\n|move|p1a: Draga-sama|U-turn|p2a: Alakazam\n|-supereffective|p2a: Alakazam\n|-damage|p2a: Alakazam|12\/100\n|inactive|Mudseph03 has 120 seconds left.\n|\n|t:|1700150987\n|switch|p1a: Saiko no Hero|Aegislash, M, tera:Ghost|100\/100|[from] U-turn\n|\n|upkeep\n|turn|23\n|\n|t:|1700150990\n|-formechange|p1a: Saiko no Hero|Aegislash-Blade||[from] ability: Stance Change\n|move|p1a: Saiko no Hero|Shadow Sneak|p2a: Alakazam\n|-supereffective|p2a: Alakazam\n|-damage|p2a: Alakazam|0 fnt\n|faint|p2a: Alakazam\n|\n|win|Mudseph03\n|raw|Mudseph03's rating: 1201 &rarr; <strong>1227<\/strong><br \/>(+26 for winning)\n|raw|Mr.dinguery's rating: 1219 &rarr; <strong>1193<\/strong><br \/>(-26 for losing)\n|l|\u2606Mr.dinguery\n|c|\u2606Mudseph03|Gg\n","uploadtime":1700151007,"views":19,"p1id":"mudseph03","p2id":"mrdinguery","formatid":"gen9nationaldexubers","rating":1193,"private":0,"password":""}