{"id":"gen9nationaldexubers-1980864542","p1":"Wedo11","p2":"The X Pyro","format":"[Gen 9] National Dex Ubers","log":"|j|\u2606Wedo11\n|j|\u2606The X Pyro\n|t:|1698843774\n|gametype|singles\n|player|p1|Wedo11|scientist-gen4|1211\n|player|p2|The X Pyro|acetrainercouple|1133\n|teamsize|p1|6\n|teamsize|p2|6\n|gen|9\n|tier|[Gen 9] National Dex Ubers\n|rated|\n|rule|HP Percentage Mod: HP is shown in percentages\n|rule|Endless Battle Clause: Forcing endless battles is banned\n|rule|OHKO Clause: OHKO moves are banned\n|rule|Evasion Moves Clause: Evasion moves are banned\n|rule|Evasion Items Clause: Evasion items are banned\n|rule|Species Clause: Limit one of each Pok\u00e9mon\n|rule|Sleep Clause Mod: Limit one foe put to sleep\n|rule|Mega Rayquaza Clause: You cannot mega evolve Rayquaza\n|clearpoke\n|poke|p1|Ninetales, M|\n|poke|p1|Ogerpon-Hearthflame, F|\n|poke|p1|Leafeon, M|\n|poke|p1|Houndoom, M|\n|poke|p1|Lilligant-Hisui, F|\n|poke|p1|Sinistcha-Masterpiece|\n|poke|p2|Pelipper, F|\n|poke|p2|Arceus-Water|\n|poke|p2|Kyogre|\n|poke|p2|Swampert, F|\n|poke|p2|Vaporeon, M|\n|poke|p2|Sharpedo, F|\n|teampreview\n|inactive|Battle timer is ON: inactive players will automatically lose when time's up. (requested by Wedo11)\n|\n|t:|1698843789\n|start\n|switch|p1a: Ninetales|Ninetales, M|100\/100\n|switch|p2a: Blop|Pelipper, F|100\/100\n|-weather|SunnyDay|[from] ability: Drought|[of] p1a: Ninetales\n|-weather|RainDance|[from] ability: Drizzle|[of] p2a: Blop\n|turn|1\n|\n|t:|1698843799\n|switch|p1a: Sinistcha|Sinistcha-Masterpiece|100\/100\n|move|p2a: Blop|Toxic|p1a: Sinistcha\n|-status|p1a: Sinistcha|tox\n|\n|-weather|RainDance|[upkeep]\n|-damage|p1a: Sinistcha|94\/100 tox|[from] psn\n|upkeep\n|turn|2\n|c|\u2606Wedo11|Ultimate Showdown\n|\n|t:|1698843811\n|switch|p1a: Ninetales|Ninetales, M|100\/100\n|-weather|SunnyDay|[from] ability: Drought|[of] p1a: Ninetales\n|move|p2a: Blop|U-turn|p1a: Ninetales\n|-resisted|p1a: Ninetales\n|-damage|p1a: Ninetales|93\/100\n|c|\u2606The X Pyro|this is real\n|\n|t:|1698843820\n|switch|p2a: Whaly|Kyogre|100\/100|[from] U-turn\n|-weather|RainDance|[from] ability: Drizzle|[of] p2a: Whaly\n|\n|-weather|RainDance|[upkeep]\n|upkeep\n|turn|3\n|c|\u2606Wedo11|The battle for all times\n|c|\u2606The X Pyro|one of the moments EVER\n|\n|t:|1698843838\n|switch|p1a: Lilligant|Lilligant-Hisui, F|100\/100\n|move|p2a: Whaly|Water Spout|p1a: Lilligant\n|-resisted|p1a: Lilligant\n|-enditem|p1a: Lilligant|Focus Sash\n|-damage|p1a: Lilligant|1\/100\n|\n|-weather|RainDance|[upkeep]\n|upkeep\n|turn|4\n|c|\u2606Wedo11|Thats real as fuck\n|\n|t:|1698843867\n|switch|p2a: meh|Sharpedo, F, shiny|100\/100\n|switch|p1a: Ninetales|Ninetales, M|93\/100\n|-weather|SunnyDay|[from] ability: Drought|[of] p1a: Ninetales\n|\n|-weather|SunnyDay|[upkeep]\n|upkeep\n|turn|5\n|c|\u2606The X Pyro|unlike the one piece\n|c|\u2606Wedo11|Bro\n|\n|t:|1698843881\n|move|p1a: Ninetales|Will-O-Wisp|p2a: meh\n|-status|p2a: meh|brn\n|move|p2a: meh|Close Combat|p1a: Ninetales\n|-damage|p1a: Ninetales|62\/100\n|-unboost|p2a: meh|def|1\n|-unboost|p2a: meh|spd|1\n|\n|-weather|SunnyDay|[upkeep]\n|-damage|p2a: meh|94\/100 brn|[from] brn\n|-ability|p2a: meh|Speed Boost|boost\n|-boost|p2a: meh|spe|1\n|upkeep\n|turn|6\n|c|\u2606The X Pyro|are u real?\n|c|\u2606Wedo11|Your spitting facts\n|inactive|The X Pyro has 120 seconds left.\n|c|\u2606The X Pyro|burning a shark? for what?\n|c|\u2606The X Pyro|COOKING HIM?\n|\n|t:|1698843904\n|switch|p1a: Houndoom|Houndoom, M|100\/100\n|move|p2a: meh|Close Combat|p1a: Houndoom\n|-supereffective|p1a: Houndoom\n|-damage|p1a: Houndoom|16\/100\n|-unboost|p2a: meh|def|1\n|-unboost|p2a: meh|spd|1\n|\n|-weather|SunnyDay|[upkeep]\n|-damage|p2a: meh|88\/100 brn|[from] brn\n|-ability|p2a: meh|Speed Boost|boost\n|-boost|p2a: meh|spe|1\n|upkeep\n|turn|7\n|inactive|The X Pyro has 120 seconds left.\n|\n|t:|1698843911\n|detailschange|p1a: Houndoom|Houndoom-Mega, M\n|-mega|p1a: Houndoom|Houndoom|Houndoominite\n|move|p2a: meh|Destiny Bond|p2a: meh\n|-singlemove|p2a: meh|Destiny Bond\n|move|p1a: Houndoom|Solar Beam||[still]\n|-prepare|p1a: Houndoom|Solar Beam\n|-anim|p1a: Houndoom|Solar Beam|p2a: meh\n|-supereffective|p2a: meh\n|-damage|p2a: meh|0 fnt\n|faint|p2a: meh\n|-activate|p2a: meh|move: Destiny Bond\n|faint|p1a: Houndoom\n|\n|-weather|SunnyDay|[upkeep]\n|upkeep\n|inactive|The X Pyro has 120 seconds left.\n|c|\u2606Wedo11|Sorry, bro was hungry\n|c|\u2606The X Pyro|yeah, you cooked the shark\n|\n|t:|1698843930\n|switch|p1a: Leafeon|Leafeon, M|100\/100\n|switch|p2a: Blop|Pelipper, F|100\/100\n|-weather|RainDance|[from] ability: Drizzle|[of] p2a: Blop\n|turn|8\n|inactive|The X Pyro has 120 seconds left.\n|c|\u2606The X Pyro|water\n|\n|t:|1698843938\n|switch|p1a: Ninetales|Ninetales, M|62\/100\n|-weather|SunnyDay|[from] ability: Drought|[of] p1a: Ninetales\n|move|p2a: Blop|Toxic|p1a: Ninetales\n|-status|p1a: Ninetales|tox\n|\n|-weather|SunnyDay|[upkeep]\n|-damage|p1a: Ninetales|56\/100 tox|[from] psn\n|upkeep\n|turn|9\n|c|\u2606Wedo11|Fire\n|inactive|The X Pyro has 120 seconds left.\n|c|\u2606The X Pyro|oh no, kitsune got covid\n|\n|t:|1698843953\n|move|p1a: Ninetales|Will-O-Wisp|p2a: Blop\n|-status|p2a: Blop|brn\n|move|p2a: Blop|U-turn|p1a: Ninetales\n|-resisted|p1a: Ninetales\n|-damage|p1a: Ninetales|53\/100 tox\n|\n|t:|1698843961\n|switch|p2a: Whaly|Kyogre|100\/100|[from] U-turn\n|-weather|RainDance|[from] ability: Drizzle|[of] p2a: Whaly\n|\n|-weather|RainDance|[upkeep]\n|-damage|p1a: Ninetales|41\/100 tox|[from] psn\n|upkeep\n|turn|10\n|c|\u2606Wedo11|Chicken Teriyaki\n|inactive|The X Pyro has 120 seconds left.\n|\n|t:|1698843975\n|switch|p1a: Sinistcha|Sinistcha-Masterpiece|94\/100 tox\n|move|p2a: Whaly|Thunder|p1a: Sinistcha\n|-resisted|p1a: Sinistcha\n|-damage|p1a: Sinistcha|76\/100 tox\n|\n|-weather|RainDance|[upkeep]\n|-damage|p1a: Sinistcha|70\/100 tox|[from] psn\n|upkeep\n|turn|11\n|inactive|The X Pyro has 120 seconds left.\n|\n|t:|1698843984\n|switch|p2a: Blop|Pelipper, F|100\/100 brn\n|move|p1a: Sinistcha|Matcha Gotcha|p2a: Blop\n|-damage|p2a: Blop|47\/100 brn\n|-heal|p1a: Sinistcha|95\/100 tox|[from] drain|[of] p2a: Blop\n|\n|-weather|RainDance|[upkeep]\n|-damage|p1a: Sinistcha|83\/100 tox|[from] psn\n|-damage|p2a: Blop|41\/100 brn|[from] brn\n|upkeep\n|turn|12\n|c|\u2606The X Pyro|WHAT IS THIS ATTACK\n|inactive|The X Pyro has 120 seconds left.\n|\n|t:|1698843996\n|move|p2a: Blop|Roost|p2a: Blop\n|-heal|p2a: Blop|91\/100 brn\n|-singleturn|p2a: Blop|move: Roost\n|move|p1a: Sinistcha|Matcha Gotcha|p2a: Blop\n|-supereffective|p2a: Blop\n|-damage|p2a: Blop|0 fnt\n|-heal|p1a: Sinistcha|100\/100 tox|[from] drain|[of] p2a: Blop\n|faint|p2a: Blop\n|\n|-weather|RainDance|[upkeep]\n|-damage|p1a: Sinistcha|82\/100 tox|[from] psn\n|upkeep\n|inactive|The X Pyro has 120 seconds left.\n|c|\u2606Wedo11|Bro goin ham\n|c|\u2606The X Pyro|real:\n|\n|t:|1698844012\n|switch|p2a: Im not a fumo|Vaporeon, M|100\/100\n|turn|13\n|c|\u2606Wedo11|This is the most real battle possibly ever\n|\n|t:|1698844026\n|move|p2a: Im not a fumo|Calm Mind|p2a: Im not a fumo\n|-boost|p2a: Im not a fumo|spa|1\n|-boost|p2a: Im not a fumo|spd|1\n|move|p1a: Sinistcha|Matcha Gotcha|p2a: Im not a fumo|[miss]\n|-miss|p1a: Sinistcha|p2a: Im not a fumo\n|\n|-weather|none\n|-damage|p1a: Sinistcha|58\/100 tox|[from] psn\n|upkeep\n|turn|14\n|inactive|The X Pyro has 120 seconds left.\n|c|\u2606The X Pyro|do not forget\n|c|\u2606The X Pyro|its not a fumo\n|c|\u2606Wedo11|I will not\n|\n|t:|1698844042\n|move|p2a: Im not a fumo|Acid Armor|p2a: Im not a fumo\n|-boost|p2a: Im not a fumo|def|2\n|move|p1a: Sinistcha|Matcha Gotcha|p2a: Im not a fumo\n|-supereffective|p2a: Im not a fumo\n|-damage|p2a: Im not a fumo|53\/100\n|-heal|p1a: Sinistcha|86\/100 tox|[from] drain|[of] p2a: Im not a fumo\n|\n|-damage|p1a: Sinistcha|55\/100 tox|[from] psn\n|upkeep\n|turn|15\n|\n|t:|1698844047\n|move|p2a: Im not a fumo|Wish|p2a: Im not a fumo\n|move|p1a: Sinistcha|Matcha Gotcha|p2a: Im not a fumo\n|-supereffective|p2a: Im not a fumo\n|-damage|p2a: Im not a fumo|0 fnt\n|-heal|p1a: Sinistcha|86\/100 tox|[from] drain|[of] p2a: Im not a fumo\n|faint|p2a: Im not a fumo\n|\n|-damage|p1a: Sinistcha|49\/100 tox|[from] psn\n|upkeep\n|c|\u2606Wedo11|Crazy\n|inactive|The X Pyro has 120 seconds left.\n|\n|t:|1698844059\n|switch|p2a: the water is angry|Arceus-Water|100\/100\n|turn|16\n|\n|t:|1698844067\n|move|p2a: the water is angry|Swords Dance|p2a: the water is angry\n|-boost|p2a: the water is angry|atk|2\n|move|p1a: Sinistcha|Matcha Gotcha|p2a: the water is angry|[miss]\n|-miss|p1a: Sinistcha|p2a: the water is angry\n|\n|-damage|p1a: Sinistcha|7\/100 tox|[from] psn\n|upkeep\n|turn|17\n|c|\u2606The X Pyro|:)\n|c|\u2606The X Pyro|angry water\n|\n|t:|1698844080\n|move|p2a: the water is angry|Liquidation|p1a: Sinistcha\n|-resisted|p1a: Sinistcha\n|-damage|p1a: Sinistcha|0 fnt\n|faint|p1a: Sinistcha\n|\n|upkeep\n|\n|t:|1698844086\n|switch|p1a: Ninetales|Ninetales, M|41\/100 tox\n|-weather|SunnyDay|[from] ability: Drought|[of] p1a: Ninetales\n|turn|18\n|c|\u2606Wedo11|Time for the chosen one\n|c|\u2606The X Pyro|this is a nice argument\n|c|\u2606Wedo11|Beefeon\n|c|\u2606The X Pyro|however\n|c|\u2606Wedo11|Indeed\n|\n|t:|1698844103\n|switch|p1a: Leafeon|Leafeon, M|100\/100\n|move|p2a: the water is angry|Extreme Speed|p1a: Leafeon\n|-damage|p1a: Leafeon|42\/100\n|\n|-weather|SunnyDay|[upkeep]\n|upkeep\n|turn|19\n|\n|t:|1698844111\n|move|p2a: the water is angry|Extreme Speed|p1a: Leafeon\n|-damage|p1a: Leafeon|0 fnt\n|faint|p1a: Leafeon\n|\n|-weather|SunnyDay|[upkeep]\n|upkeep\n|c|\u2606The X Pyro|velocity.\n|c|\u2606Wedo11|Lucky, he was gonna cook with banded solar blade\n|c|\u2606The X Pyro|OUCH\n|\n|t:|1698844132\n|switch|p1a: Ogerpon|Ogerpon-Hearthflame, F|100\/100\n|-ability|p1a: Ogerpon|Mold Breaker\n|turn|20\n|\n|t:|1698844146\n|move|p1a: Ogerpon|Spiky Shield|p1a: Ogerpon\n|-singleturn|p1a: Ogerpon|move: Protect\n|-zpower|p2a: the water is angry\n|move|p2a: the water is angry|Hydro Vortex|p1a: Ogerpon|[zeffect]\n|-zbroken|p1a: Ogerpon\n|-damage|p1a: Ogerpon|72\/100\n|\n|-weather|SunnyDay|[upkeep]\n|upkeep\n|turn|21\n|c|\u2606The X Pyro|real\n|c|\u2606Wedo11|Tragic\n|\n|t:|1698844159\n|move|p1a: Ogerpon|Solar Blade||[still]\n|-prepare|p1a: Ogerpon|Solar Blade\n|-anim|p1a: Ogerpon|Solar Blade|p2a: the water is angry\n|-supereffective|p2a: the water is angry\n|-damage|p2a: the water is angry|0 fnt\n|faint|p2a: the water is angry\n|\n|-weather|SunnyDay|[upkeep]\n|upkeep\n|c|\u2606The X Pyro|just like economic situation worldwide\n|c|\u2606Wedo11|Damn\n|inactive|The X Pyro has 120 seconds left.\n|\n|t:|1698844179\n|switch|p2a: Socialism|Swampert, F, shiny|100\/100\n|turn|22\n|\n|t:|1698844189\n|detailschange|p2a: Socialism|Swampert-Mega, F, shiny\n|-mega|p2a: Socialism|Swampert|Swampertite\n|move|p1a: Ogerpon|Solar Blade||[still]\n|-prepare|p1a: Ogerpon|Solar Blade\n|-anim|p1a: Ogerpon|Solar Blade|p2a: Socialism\n|-supereffective|p2a: Socialism\n|-damage|p2a: Socialism|0 fnt\n|faint|p2a: Socialism\n|\n|-weather|SunnyDay|[upkeep]\n|upkeep\n|\n|t:|1698844196\n|switch|p2a: Whaly|Kyogre|100\/100\n|-weather|RainDance|[from] ability: Drizzle|[of] p2a: Whaly\n|turn|23\n|c|\u2606Wedo11|Russian Collapse\n|c|\u2606The X Pyro|:(((((\n|inactive|The X Pyro has 120 seconds left.\n|c|\u2606The X Pyro|WHALY, BECOME REPTILIAN!!!!!\n|\n|t:|1698844220\n|switch|p1a: Ninetales|Ninetales, M|41\/100 tox\n|-weather|SunnyDay|[from] ability: Drought|[of] p1a: Ninetales\n|-terastallize|p2a: Whaly|Dragon\n|move|p2a: Whaly|Tera Blast|p1a: Ninetales|[anim] Tera Blast Dragon\n|-crit|p1a: Ninetales\n|-damage|p1a: Ninetales|0 fnt\n|faint|p1a: Ninetales\n|\n|-weather|SunnyDay|[upkeep]\n|upkeep\n|c|\u2606Wedo11|No\n|c|\u2606The X Pyro|:)\n|\n|t:|1698844230\n|switch|p1a: Lilligant|Lilligant-Hisui, F|1\/100\n|turn|24\n|\n|t:|1698844233\n|move|p1a: Lilligant|Ice Spinner|p2a: Whaly\n|-supereffective|p2a: Whaly\n|-damage|p2a: Whaly|41\/100\n|move|p2a: Whaly|Tera Blast|p1a: Lilligant|[anim] Tera Blast Dragon\n|-damage|p1a: Lilligant|0 fnt\n|faint|p1a: Lilligant\n|\n|-weather|SunnyDay|[upkeep]\n|upkeep\n|c|\u2606Wedo11|Spin\n|\n|t:|1698844242\n|switch|p1a: Ogerpon|Ogerpon-Hearthflame, F|72\/100\n|-ability|p1a: Ogerpon|Mold Breaker\n|turn|25\n|\n|t:|1698844246\n|move|p2a: Whaly|Tera Blast|p1a: Ogerpon|[anim] Tera Blast Dragon\n|-damage|p1a: Ogerpon|13\/100\n|move|p1a: Ogerpon|Play Rough|p2a: Whaly\n|-supereffective|p2a: Whaly\n|-damage|p2a: Whaly|0 fnt\n|faint|p2a: Whaly\n|\n|win|Wedo11\n|raw|Wedo11's rating: 1211 &rarr; <strong>1230<\/strong><br \/>(+19 for winning)\n|raw|The X Pyro's rating: 1133 &rarr; <strong>1114<\/strong><br \/>(-19 for losing)\n|c|\u2606The X Pyro|thank u\n|c|\u2606The X Pyro|for thsis real\n|c|\u2606Wedo11|Np\n|c|\u2606Wedo11|Gg\n|c|\u2606The X Pyro|gg\n|c|\u2606Wedo11|This was real as fuck\n|c|\u2606The X Pyro|unlike the one piece\n|c|\u2606The X Pyro|hahahahahahaha\n|l|\u2606The X Pyro\n|c|\u2606Wedo11|Fr fr\n","uploadtime":1698844262,"views":9,"p1id":"wedo11","p2id":"thexpyro","formatid":"gen9nationaldexubers","rating":1114,"private":0,"password":""}