{"id":"gen9nationaldexubers-1986841998","p1":"0Fiamma0","p2":"Eminem little fome","format":"[Gen 9] National Dex Ubers","log":"|j|\u26060Fiamma0\n|j|\u2606Eminem little fome\n|t:|1699532911\n|gametype|singles\n|player|p1|0Fiamma0|lucas|1118\n|player|p2|Eminem little fome|169|1000\n|teamsize|p1|6\n|teamsize|p2|6\n|gen|9\n|tier|[Gen 9] National Dex Ubers\n|rated|\n|rule|HP Percentage Mod: HP is shown in percentages\n|rule|Endless Battle Clause: Forcing endless battles is banned\n|rule|OHKO Clause: OHKO moves are banned\n|rule|Evasion Moves Clause: Evasion moves are banned\n|rule|Evasion Items Clause: Evasion items are banned\n|rule|Species Clause: Limit one of each Pok\u00e9mon\n|rule|Sleep Clause Mod: Limit one foe put to sleep\n|rule|Mega Rayquaza Clause: You cannot mega evolve Rayquaza\n|clearpoke\n|poke|p1|Furfrou, F|\n|poke|p1|Indeedee, M|\n|poke|p1|Sneasler, M|\n|poke|p1|Milotic, M|\n|poke|p1|Dragapult, M|\n|poke|p1|Tsareena, F|\n|poke|p2|Mew|\n|poke|p2|Cloyster, M|\n|poke|p2|Raichu-Alola, M|\n|poke|p2|Kangaskhan, F|\n|poke|p2|Venusaur, M|\n|poke|p2|Rayquaza|\n|teampreview\n|c|\u2606Eminem little fome|hi\n|\n|t:|1699532937\n|start\n|switch|p1a: Dragapult|Dragapult, M|100\/100\n|switch|p2a: Mew|Mew, shiny|100\/100\n|turn|1\n|c|\u2606Eminem little fome|good luck\n|\n|t:|1699532951\n|move|p1a: Dragapult|U-turn|p2a: Mew\n|-supereffective|p2a: Mew\n|-damage|p2a: Mew|59\/100\n|\n|t:|1699532954\n|switch|p1a: Milotic|Milotic, M|100\/100|[from] U-turn\n|move|p2a: Mew|Taunt|p1a: Milotic\n|-start|p1a: Milotic|move: Taunt\n|\n|-status|p1a: Milotic|brn|[from] item: Flame Orb\n|upkeep\n|turn|2\n|\n|t:|1699532963\n|move|p2a: Mew|Protect|p2a: Mew\n|-singleturn|p2a: Mew|Protect\n|move|p1a: Milotic|Scald|p2a: Mew\n|-activate|p2a: Mew|move: Protect\n|\n|-damage|p1a: Milotic|94\/100 brn|[from] brn\n|upkeep\n|turn|3\n|\n|t:|1699532970\n|move|p2a: Mew|Stealth Rock|p1a: Milotic\n|-sidestart|p1: 0Fiamma0|move: Stealth Rock\n|move|p1a: Milotic|Scald|p2a: Mew\n|-damage|p2a: Mew|42\/100\n|-status|p2a: Mew|brn\n|-activate|p2a: Mew|ability: Synchronize\n|-fail|p1a: Milotic|brn\n|\n|-damage|p2a: Mew|36\/100 brn|[from] brn\n|-damage|p1a: Milotic|88\/100 brn|[from] brn\n|-end|p1a: Milotic|move: Taunt\n|upkeep\n|turn|4\n|\n|t:|1699532984\n|switch|p1a: Tsareena|Tsareena, F|100\/100\n|-damage|p1a: Tsareena|88\/100|[from] Stealth Rock\n|move|p2a: Mew|Protect||[still]\n|-fail|p2a: Mew\n|\n|-damage|p2a: Mew|30\/100 brn|[from] brn\n|upkeep\n|turn|5\n|\n|t:|1699532992\n|move|p1a: Tsareena|Rapid Spin|p2a: Mew\n|-damage|p2a: Mew|17\/100 brn\n|-boost|p1a: Tsareena|spe|1\n|-sideend|p1: 0Fiamma0|Stealth Rock|[from] move: Rapid Spin|[of] p1a: Tsareena\n|move|p2a: Mew|Dazzling Gleam|p1a: Tsareena\n|-damage|p1a: Tsareena|74\/100\n|\n|-damage|p2a: Mew|11\/100 brn|[from] brn\n|upkeep\n|turn|6\n|\n|t:|1699533001\n|move|p1a: Tsareena|Trop Kick|p2a: Mew\n|-damage|p2a: Mew|0 fnt\n|faint|p2a: Mew\n|\n|upkeep\n|\n|t:|1699533012\n|switch|p2a: Venusaur|Venusaur, M, shiny|100\/100\n|turn|7\n|\n|t:|1699533046\n|switch|p2a: Kangaskhan|Kangaskhan, F, shiny|100\/100\n|move|p1a: Tsareena|Triple Axel|p2a: Kangaskhan\n|-damage|p2a: Kangaskhan|92\/100\n|-crit|p2a: Kangaskhan\n|-damage|p2a: Kangaskhan|67\/100\n|-damage|p2a: Kangaskhan|44\/100\n|-hitcount|p2a: Kangaskhan|3\n|\n|upkeep\n|turn|8\n|\n|t:|1699533058\n|detailschange|p2a: Kangaskhan|Kangaskhan-Mega, F, shiny\n|-mega|p2a: Kangaskhan|Kangaskhan|Kangaskhanite\n|move|p2a: Kangaskhan|Fake Out||[still]\n|cant|p1a: Tsareena|ability: Queenly Majesty|Fake Out|[of] p2a: Kangaskhan\n|move|p1a: Tsareena|High Jump Kick|p2a: Kangaskhan\n|-supereffective|p2a: Kangaskhan\n|-damage|p2a: Kangaskhan|0 fnt\n|faint|p2a: Kangaskhan\n|\n|upkeep\n|\n|t:|1699533067\n|switch|p2a: Rayquaza|Rayquaza, shiny|100\/100\n|-ability|p2a: Rayquaza|Air Lock\n|turn|9\n|\n|t:|1699533076\n|-terastallize|p2a: Rayquaza|Steel\n|move|p1a: Tsareena|Triple Axel|p2a: Rayquaza\n|-resisted|p2a: Rayquaza\n|-damage|p2a: Rayquaza|97\/100\n|-resisted|p2a: Rayquaza\n|-damage|p2a: Rayquaza|88\/100\n|-hitcount|p2a: Rayquaza|2\n|move|p2a: Rayquaza|Hidden Power|p1a: Tsareena\n|-damage|p1a: Tsareena|33\/100\n|\n|upkeep\n|turn|10\n|\n|t:|1699533113\n|move|p1a: Tsareena|High Jump Kick|p2a: Rayquaza\n|-supereffective|p2a: Rayquaza\n|-damage|p2a: Rayquaza|0 fnt\n|faint|p2a: Rayquaza\n|\n|upkeep\n|\n|t:|1699533119\n|switch|p2a: Cloyster|Cloyster, M, shiny|100\/100\n|turn|11\n|\n|t:|1699533127\n|move|p2a: Cloyster|Protect|p2a: Cloyster\n|-singleturn|p2a: Cloyster|Protect\n|move|p1a: Tsareena|High Jump Kick|p2a: Cloyster\n|-activate|p2a: Cloyster|move: Protect\n|-damage|p1a: Tsareena|0 fnt|[from] highjumpkick\n|faint|p1a: Tsareena\n|\n|upkeep\n|\n|t:|1699533133\n|switch|p1a: Furfrou|Furfrou, F|100\/100\n|turn|12\n|\n|t:|1699533137\n|move|p1a: Furfrou|Thunder Wave|p2a: Cloyster\n|-status|p2a: Cloyster|par\n|move|p2a: Cloyster|Shell Smash|p2a: Cloyster\n|-unboost|p2a: Cloyster|def|1\n|-unboost|p2a: Cloyster|spd|1\n|-boost|p2a: Cloyster|atk|2\n|-boost|p2a: Cloyster|spa|2\n|-boost|p2a: Cloyster|spe|2\n|-enditem|p2a: Cloyster|White Herb\n|-clearnegativeboost|p2a: Cloyster|[silent]\n|\n|upkeep\n|turn|13\n|\n|t:|1699533148\n|move|p1a: Furfrou|Cotton Guard|p1a: Furfrou\n|-boost|p1a: Furfrou|def|3\n|move|p2a: Cloyster|Icicle Spear|p1a: Furfrou\n|-damage|p1a: Furfrou|96\/100\n|-damage|p1a: Furfrou|91\/100\n|-damage|p1a: Furfrou|86\/100\n|-damage|p1a: Furfrou|81\/100\n|-damage|p1a: Furfrou|76\/100\n|-hitcount|p1a: Furfrou|5\n|\n|upkeep\n|turn|14\n|\n|t:|1699533160\n|move|p1a: Furfrou|Return|p2a: Cloyster\n|-damage|p2a: Cloyster|74\/100 par\n|move|p2a: Cloyster|Surf|p1a: Furfrou\n|-damage|p1a: Furfrou|21\/100\n|\n|upkeep\n|turn|15\n|\n|t:|1699533171\n|move|p2a: Cloyster|Protect|p2a: Cloyster\n|-singleturn|p2a: Cloyster|Protect\n|move|p1a: Furfrou|U-turn|p2a: Cloyster\n|-activate|p2a: Cloyster|move: Protect\n|\n|upkeep\n|turn|16\n|\n|t:|1699533176\n|move|p1a: Furfrou|U-turn|p2a: Cloyster\n|-damage|p2a: Cloyster|63\/100 par\n|\n|t:|1699533178\n|switch|p1a: Milotic|Milotic, M|88\/100 brn|[from] U-turn\n|move|p2a: Cloyster|Icicle Spear|p1a: Milotic\n|-resisted|p1a: Milotic\n|-damage|p1a: Milotic|82\/100 brn\n|-resisted|p1a: Milotic\n|-damage|p1a: Milotic|77\/100 brn\n|-resisted|p1a: Milotic\n|-damage|p1a: Milotic|71\/100 brn\n|-resisted|p1a: Milotic\n|-damage|p1a: Milotic|65\/100 brn\n|-resisted|p1a: Milotic\n|-damage|p1a: Milotic|60\/100 brn\n|-hitcount|p1a: Milotic|5\n|\n|-damage|p1a: Milotic|54\/100 brn|[from] brn\n|upkeep\n|turn|17\n|\n|t:|1699533194\n|move|p2a: Cloyster|Shell Smash|p2a: Cloyster\n|-unboost|p2a: Cloyster|def|1\n|-unboost|p2a: Cloyster|spd|1\n|-boost|p2a: Cloyster|atk|2\n|-boost|p2a: Cloyster|spa|2\n|-boost|p2a: Cloyster|spe|2\n|move|p1a: Milotic|Haze|p1a: Milotic\n|-clearallboost\n|\n|-damage|p1a: Milotic|48\/100 brn|[from] brn\n|upkeep\n|turn|18\n|\n|t:|1699533205\n|move|p2a: Cloyster|Protect|p2a: Cloyster\n|-singleturn|p2a: Cloyster|Protect\n|move|p1a: Milotic|Recover|p1a: Milotic\n|-heal|p1a: Milotic|98\/100 brn\n|\n|-damage|p1a: Milotic|92\/100 brn|[from] brn\n|upkeep\n|turn|19\n|\n|t:|1699533212\n|move|p1a: Milotic|Scald|p2a: Cloyster\n|-resisted|p2a: Cloyster\n|-damage|p2a: Cloyster|23\/100 par\n|cant|p2a: Cloyster|par\n|\n|-damage|p1a: Milotic|86\/100 brn|[from] brn\n|upkeep\n|turn|20\n|\n|t:|1699533219\n|move|p1a: Milotic|Scald|p2a: Cloyster\n|-resisted|p2a: Cloyster\n|-damage|p2a: Cloyster|0 fnt\n|faint|p2a: Cloyster\n|\n|-damage|p1a: Milotic|80\/100 brn|[from] brn\n|upkeep\n|\n|t:|1699533227\n|switch|p2a: Raichu|Raichu-Alola, M, shiny|100\/100\n|turn|21\n|\n|t:|1699533233\n|move|p2a: Raichu|Electric Terrain|p2a: Raichu\n|-fieldstart|move: Electric Terrain\n|move|p1a: Milotic|Mirror Coat||[still]\n|-fail|p1a: Milotic\n|\n|-damage|p1a: Milotic|74\/100 brn|[from] brn\n|upkeep\n|turn|22\n|\n|t:|1699533239\n|-zpower|p2a: Raichu\n|move|p2a: Raichu|Stoked Sparksurfer|p1a: Milotic|[zeffect]\n|-supereffective|p1a: Milotic\n|-crit|p1a: Milotic\n|-damage|p1a: Milotic|0 fnt\n|faint|p1a: Milotic\n|\n|upkeep\n|\n|t:|1699533248\n|switch|p1a: Indeedee|Indeedee, M|100\/100\n|-fieldstart|move: Psychic Terrain|[from] ability: Psychic Surge|[of] p1a: Indeedee\n|turn|23\n|\n|t:|1699533255\n|move|p1a: Indeedee|Expanding Force|p2a: Raichu\n|-resisted|p2a: Raichu\n|-damage|p2a: Raichu|61\/100\n|move|p2a: Raichu|Electric Terrain|p2a: Raichu\n|-fieldstart|move: Electric Terrain\n|\n|upkeep\n|turn|24\n|\n|t:|1699533264\n|switch|p1a: Dragapult|Dragapult, M|100\/100\n|move|p2a: Raichu|Toxic|p1a: Dragapult|[miss]\n|-miss|p2a: Raichu|p1a: Dragapult\n|\n|upkeep\n|turn|25\n|\n|t:|1699533273\n|move|p2a: Raichu|Thunderbolt|p1a: Dragapult\n|-resisted|p1a: Dragapult\n|-damage|p1a: Dragapult|76\/100\n|move|p1a: Dragapult|U-turn|p2a: Raichu\n|-supereffective|p2a: Raichu\n|-damage|p2a: Raichu|0 fnt\n|faint|p2a: Raichu\n|\n|t:|1699533280\n|switch|p1a: Indeedee|Indeedee, M|100\/100|[from] U-turn\n|-fieldstart|move: Psychic Terrain|[from] ability: Psychic Surge|[of] p1a: Indeedee\n|\n|upkeep\n|\n|t:|1699533285\n|switch|p2a: Venusaur|Venusaur, M, shiny|100\/100\n|turn|26\n|\n|t:|1699533288\n|move|p1a: Indeedee|Expanding Force|p2a: Venusaur\n|-supereffective|p2a: Venusaur\n|-damage|p2a: Venusaur|0 fnt\n|faint|p2a: Venusaur\n|\n|win|0Fiamma0\n|raw|0Fiamma0's rating: 1118 &rarr; <strong>1135<\/strong><br \/>(+17 for winning)\n|raw|Eminem little fome's rating: 1000 &rarr; <strong>1000<\/strong><br \/>(+0 for losing)\n|c|\u26060Fiamma0|Gg\n|c|\u2606Eminem little fome|gg\n|l|\u2606Eminem little fome\n","uploadtime":1699533298,"views":9,"p1id":"0fiamma0","p2id":"eminemlittlefome","formatid":"gen9nationaldexubers","rating":1000,"private":0,"password":""}