{"id":"gen9nationaldexubers-1990880214","p1":"uoudush","p2":"85792195wwww","format":"[Gen 9] National Dex Ubers","log":"|j|\u2606uoudush\n|j|\u260685792195wwww\n|t:|1700010750\n|gametype|singles\n|player|p1|uoudush|drayden|1515\n|player|p2|85792195wwww|mira|1778\n|teamsize|p1|6\n|teamsize|p2|6\n|gen|9\n|tier|[Gen 9] National Dex Ubers\n|rated|\n|rule|HP Percentage Mod: HP is shown in percentages\n|rule|Endless Battle Clause: Forcing endless battles is banned\n|rule|OHKO Clause: OHKO moves are banned\n|rule|Evasion Moves Clause: Evasion moves are banned\n|rule|Evasion Items Clause: Evasion items are banned\n|rule|Species Clause: Limit one of each Pok\u00e9mon\n|rule|Sleep Clause Mod: Limit one foe put to sleep\n|rule|Mega Rayquaza Clause: You cannot mega evolve Rayquaza\n|clearpoke\n|poke|p1|Groudon|\n|poke|p1|Necrozma-Dusk-Mane|\n|poke|p1|Deoxys-Speed|\n|poke|p1|Salamence, F|\n|poke|p1|Xerneas-*|\n|poke|p1|Chien-Pao|\n|poke|p2|Xerneas-*|\n|poke|p2|Deoxys-Speed|\n|poke|p2|Zacian-*|\n|poke|p2|Arceus|\n|poke|p2|Groudon|\n|poke|p2|Zekrom|\n|teampreview\n|\n|t:|1700010758\n|start\n|switch|p1a: Deoxys|Deoxys-Speed|100\/100\n|switch|p2a: Zacian|Zacian-Crowned|100\/100\n|-ability|p1a: Deoxys|Pressure\n|-ability|p2a: Zacian|Intrepid Sword|boost\n|-boost|p2a: Zacian|atk|1\n|turn|1\n|\n|t:|1700010768\n|move|p1a: Deoxys|Taunt|p2a: Zacian\n|-start|p2a: Zacian|move: Taunt\n|move|p2a: Zacian|Behemoth Blade|p1a: Deoxys\n|-enditem|p1a: Deoxys|Focus Sash\n|-damage|p1a: Deoxys|1\/100\n|\n|upkeep\n|turn|2\n|\n|t:|1700010777\n|move|p1a: Deoxys|Stealth Rock|p2a: Zacian\n|-sidestart|p2: 85792195wwww|move: Stealth Rock\n|move|p2a: Zacian|Behemoth Blade|p1a: Deoxys\n|-damage|p1a: Deoxys|0 fnt\n|faint|p1a: Deoxys\n|\n|upkeep\n|\n|t:|1700010782\n|switch|p1a: Groudon|Groudon|100\/100\n|detailschange|p1a: Groudon|Groudon-Primal\n|-primal|p1a: Groudon|Red Orb\n|-weather|DesolateLand|[from] ability: Desolate Land|[of] p1a: Groudon\n|turn|3\n|\n|t:|1700010790\n|-terastallize|p2a: Zacian|Ground\n|move|p2a: Zacian|Tera Blast|p1a: Groudon|[anim] Tera Blast Ground\n|-supereffective|p1a: Groudon\n|-damage|p1a: Groudon|7\/100\n|move|p1a: Groudon|Rock Polish|p1a: Groudon\n|-boost|p1a: Groudon|spe|2\n|\n|-weather|DesolateLand|[upkeep]\n|-end|p2a: Zacian|move: Taunt\n|upkeep\n|turn|4\n|\n|t:|1700010801\n|move|p1a: Groudon|Fire Blast|p2a: Zacian\n|-damage|p2a: Zacian|2\/100\n|move|p2a: Zacian|Behemoth Blade|p1a: Groudon\n|-resisted|p1a: Groudon\n|-damage|p1a: Groudon|0 fnt\n|faint|p1a: Groudon\n|-weather|none\n|\n|upkeep\n|\n|t:|1700010806\n|switch|p1a: Xerneas|Xerneas|100\/100\n|-ability|p1a: Xerneas|Fairy Aura\n|turn|5\n|\n|t:|1700010816\n|-terastallize|p1a: Xerneas|Ground\n|move|p2a: Zacian|Tera Blast|p1a: Xerneas|[anim] Tera Blast Ground\n|-damage|p1a: Xerneas|41\/100\n|move|p1a: Xerneas|Geomancy||[still]\n|-prepare|p1a: Xerneas|Geomancy\n|-enditem|p1a: Xerneas|Power Herb\n|-anim|p1a: Xerneas|Geomancy|p1a: Xerneas\n|-boost|p1a: Xerneas|spa|2\n|-boost|p1a: Xerneas|spd|2\n|-boost|p1a: Xerneas|spe|2\n|\n|upkeep\n|turn|6\n|\n|t:|1700010832\n|move|p1a: Xerneas|Moonblast|p2a: Zacian\n|-crit|p2a: Zacian\n|-damage|p2a: Zacian|0 fnt\n|faint|p2a: Zacian\n|\n|upkeep\n|\n|t:|1700010839\n|switch|p2a: Arceus|Arceus|100\/100\n|-damage|p2a: Arceus|88\/100|[from] Stealth Rock\n|turn|7\n|\n|t:|1700010848\n|move|p2a: Arceus|Extreme Speed|p1a: Xerneas\n|-damage|p1a: Xerneas|0 fnt\n|faint|p1a: Xerneas\n|-damage|p2a: Arceus|78\/100|[from] item: Life Orb\n|\n|upkeep\n|\n|t:|1700010852\n|switch|p1a: Chien-Pao|Chien-Pao|100\/100\n|-ability|p1a: Chien-Pao|Sword of Ruin\n|turn|8\n|\n|t:|1700010859\n|move|p1a: Chien-Pao|Ice Spinner|p2a: Arceus\n|-damage|p2a: Arceus|17\/100\n|move|p2a: Arceus|Will-O-Wisp|p1a: Chien-Pao\n|-status|p1a: Chien-Pao|brn\n|\n|-damage|p1a: Chien-Pao|95\/100 brn|[from] brn\n|upkeep\n|turn|9\n|\n|t:|1700010871\n|switch|p1a: Salamence|Salamence, F|100\/100\n|-ability|p1a: Salamence|Intimidate|boost\n|-unboost|p2a: Arceus|atk|1\n|switch|p2a: Deoxys|Deoxys-Speed|100\/100\n|-damage|p2a: Deoxys|88\/100|[from] Stealth Rock\n|-ability|p2a: Deoxys|Pressure\n|\n|upkeep\n|turn|10\n|\n|t:|1700010883\n|detailschange|p1a: Salamence|Salamence-Mega, F\n|-mega|p1a: Salamence|Salamence|Salamencite\n|move|p2a: Deoxys|Taunt|p1a: Salamence\n|-start|p1a: Salamence|move: Taunt\n|cant|p1a: Salamence|move: Taunt|Dragon Dance\n|\n|upkeep\n|turn|11\n|\n|t:|1700010915\n|move|p2a: Deoxys|Stealth Rock|p1a: Salamence\n|-sidestart|p1: uoudush|move: Stealth Rock\n|move|p1a: Salamence|Facade|p2a: Deoxys\n|-damage|p2a: Deoxys|42\/100\n|-damage|p1a: Salamence|84\/100|[from] item: Rocky Helmet|[of] p2a: Deoxys\n|\n|upkeep\n|turn|12\n|\n|t:|1700010922\n|move|p2a: Deoxys|Thunder Wave|p1a: Salamence\n|-status|p1a: Salamence|par\n|move|p1a: Salamence|Facade|p2a: Deoxys\n|-damage|p2a: Deoxys|0 fnt\n|-damage|p1a: Salamence|67\/100 par|[from] item: Rocky Helmet|[of] p2a: Deoxys\n|faint|p2a: Deoxys\n|\n|-end|p1a: Salamence|move: Taunt\n|upkeep\n|-message|uoudush forfeited.\n|\n|win|85792195wwww\n|raw|uoudush's rating: 1498 &rarr; <strong>1491<\/strong><br \/>(-7 for losing)\n|raw|85792195wwww's rating: 1778 &rarr; <strong>1785<\/strong><br \/>(+7 for winning)\n|l|\u2606uoudush\n","uploadtime":1700010939,"views":7,"p1id":"uoudush","p2id":"85792195wwww","formatid":"gen9nationaldexubers","rating":1491,"private":0,"password":""}