{"id":"gen9nationaldexubers-1995057155","p1":"Blititz","p2":"TTeTyLLloK","format":"[Gen 9] National Dex Ubers","log":"|j|\u2606Blititz\n|j|\u2606TTeTyLLloK\n|t:|1700517918\n|gametype|singles\n|player|p1|Blititz|skier|1206\n|player|p2|TTeTyLLloK|bruno|1308\n|teamsize|p1|6\n|teamsize|p2|6\n|gen|9\n|tier|[Gen 9] National Dex Ubers\n|rated|\n|rule|HP Percentage Mod: HP is shown in percentages\n|rule|Endless Battle Clause: Forcing endless battles is banned\n|rule|OHKO Clause: OHKO moves are banned\n|rule|Evasion Moves Clause: Evasion moves are banned\n|rule|Evasion Items Clause: Evasion items are banned\n|rule|Species Clause: Limit one of each Pok\u00e9mon\n|rule|Sleep Clause Mod: Limit one foe put to sleep\n|rule|Mega Rayquaza Clause: You cannot mega evolve Rayquaza\n|clearpoke\n|poke|p1|Ho-Oh|\n|poke|p1|Lugia|\n|poke|p1|Groudon|\n|poke|p1|Walking Wake|\n|poke|p1|Mewtwo|\n|poke|p1|Porygon-Z|\n|poke|p2|Chesnaught, M|\n|poke|p2|Dugtrio, F|\n|poke|p2|Slaking, M|\n|poke|p2|Mewtwo|\n|poke|p2|Shuckle, M|\n|poke|p2|Magearna|\n|teampreview\n|inactive|Battle timer is ON: inactive players will automatically lose when time's up. (requested by TTeTyLLloK)\n|inactive|Blititz also wants the timer to be on.\n|\n|t:|1700517934\n|start\n|switch|p1a: Groudon|Groudon|100\/100\n|switch|p2a: Shuckle|Shuckle, M|100\/100\n|detailschange|p1a: Groudon|Groudon-Primal\n|-primal|p1a: Groudon|Red Orb\n|-weather|DesolateLand|[from] ability: Desolate Land|[of] p1a: Groudon\n|turn|1\n|\n|t:|1700517958\n|move|p1a: Groudon|Bulk Up|p1a: Groudon\n|-boost|p1a: Groudon|atk|1\n|-boost|p1a: Groudon|def|1\n|move|p2a: Shuckle|Sticky Web|p1a: Groudon\n|-sidestart|p1: Blititz|move: Sticky Web\n|\n|-weather|DesolateLand|[upkeep]\n|upkeep\n|turn|2\n|\n|t:|1700517977\n|move|p1a: Groudon|Rock Slide|p2a: Shuckle\n|-supereffective|p2a: Shuckle\n|-damage|p2a: Shuckle|46\/100\n|move|p2a: Shuckle|Toxic|p1a: Groudon\n|-status|p1a: Groudon|tox\n|\n|-weather|DesolateLand|[upkeep]\n|-damage|p1a: Groudon|94\/100 tox|[from] psn\n|upkeep\n|turn|3\n|\n|t:|1700517985\n|move|p1a: Groudon|Bulk Up|p1a: Groudon\n|-boost|p1a: Groudon|atk|1\n|-boost|p1a: Groudon|def|1\n|move|p2a: Shuckle|Stealth Rock|p1a: Groudon\n|-sidestart|p1: Blititz|move: Stealth Rock\n|\n|-weather|DesolateLand|[upkeep]\n|-damage|p1a: Groudon|82\/100 tox|[from] psn\n|upkeep\n|turn|4\n|\n|t:|1700517990\n|move|p1a: Groudon|Bulk Up|p1a: Groudon\n|-boost|p1a: Groudon|atk|1\n|-boost|p1a: Groudon|def|1\n|move|p2a: Shuckle|Infestation|p1a: Groudon\n|-resisted|p1a: Groudon\n|-damage|p1a: Groudon|81\/100 tox\n|-activate|p1a: Groudon|move: Infestation|[of] p2a: Shuckle\n|\n|-weather|DesolateLand|[upkeep]\n|-damage|p1a: Groudon|63\/100 tox|[from] psn\n|-damage|p1a: Groudon|50\/100 tox|[from] move: Infestation|[partiallytrapped]\n|upkeep\n|turn|5\n|\n|t:|1700517996\n|move|p1a: Groudon|Rock Slide|p2a: Shuckle\n|-supereffective|p2a: Shuckle\n|-damage|p2a: Shuckle|0 fnt\n|faint|p2a: Shuckle\n|\n|-weather|DesolateLand|[upkeep]\n|-damage|p1a: Groudon|25\/100 tox|[from] psn\n|-end|p1a: Groudon|Infestation|[partiallytrapped]|[silent]\n|upkeep\n|\n|t:|1700517999\n|switch|p2a: Dugtrio|Dugtrio, F|100\/100\n|turn|6\n|\n|t:|1700518003\n|move|p2a: Dugtrio|Earthquake|p1a: Groudon\n|-supereffective|p1a: Groudon\n|-damage|p1a: Groudon|2\/100 tox\n|move|p1a: Groudon|Earthquake|p2a: Dugtrio\n|-enditem|p2a: Dugtrio|Focus Sash\n|-damage|p2a: Dugtrio|1\/100\n|\n|-weather|DesolateLand|[upkeep]\n|-damage|p1a: Groudon|0 fnt|[from] psn\n|faint|p1a: Groudon\n|-weather|none\n|upkeep\n|\n|t:|1700518008\n|switch|p1a: Lugia|Lugia|100\/100\n|turn|7\n|\n|t:|1700518015\n|move|p2a: Dugtrio|Memento|p1a: Lugia\n|-unboost|p1a: Lugia|atk|2\n|-unboost|p1a: Lugia|spa|2\n|faint|p2a: Dugtrio\n|move|p1a: Lugia|Defog|p2: Dugtrio|[notarget]\n|-fail|p1a: Lugia\n|\n|upkeep\n|\n|t:|1700518023\n|switch|p2a: Magearna|Magearna|100\/100\n|turn|8\n|\n|t:|1700518026\n|move|p1a: Lugia|Defog|p2a: Magearna\n|-unboost|p2a: Magearna|evasion|1\n|-sideend|p1: Blititz|Stealth Rock|[from] move: Defog|[of] p1a: Lugia\n|-sideend|p1: Blititz|Sticky Web|[from] move: Defog|[of] p1a: Lugia\n|move|p2a: Magearna|Shift Gear|p2a: Magearna\n|-boost|p2a: Magearna|spe|2\n|-boost|p2a: Magearna|atk|1\n|\n|upkeep\n|turn|9\n|\n|t:|1700518035\n|switch|p1a: Walking Wake|Walking Wake|100\/100\n|move|p2a: Magearna|Calm Mind|p2a: Magearna\n|-boost|p2a: Magearna|spa|1\n|-boost|p2a: Magearna|spd|1\n|\n|upkeep\n|turn|10\n|\n|t:|1700518043\n|-terastallize|p2a: Magearna|Psychic\n|move|p2a: Magearna|Calm Mind|p2a: Magearna\n|-boost|p2a: Magearna|spa|1\n|-boost|p2a: Magearna|spd|1\n|move|p1a: Walking Wake|Flamethrower|p2a: Magearna\n|-damage|p2a: Magearna|85\/100\n|\n|-heal|p2a: Magearna|91\/100|[from] item: Leftovers\n|upkeep\n|turn|11\n|\n|t:|1700518047\n|move|p2a: Magearna|Calm Mind|p2a: Magearna\n|-boost|p2a: Magearna|spa|1\n|-boost|p2a: Magearna|spd|1\n|move|p1a: Walking Wake|Dragon Tail|p2a: Magearna\n|-damage|p2a: Magearna|75\/100\n|drag|p2a: Mewtwo|Mewtwo|100\/100\n|-ability|p2a: Mewtwo|Unnerve\n|\n|upkeep\n|turn|12\n|\n|t:|1700518055\n|-end|p1a: Walking Wake|Protosynthesis|[silent]\n|switch|p1a: Ho-Oh|Ho-Oh|100\/100\n|detailschange|p2a: Mewtwo|Mewtwo-Mega-Y\n|-mega|p2a: Mewtwo|Mewtwo|Mewtwonite Y\n|move|p2a: Mewtwo|Nasty Plot|p2a: Mewtwo\n|-boost|p2a: Mewtwo|spa|2\n|\n|upkeep\n|turn|13\n|\n|t:|1700518063\n|move|p2a: Mewtwo|Psystrike|p1a: Ho-Oh\n|-damage|p1a: Ho-Oh|0 fnt\n|faint|p1a: Ho-Oh\n|\n|upkeep\n|\n|t:|1700518078\n|switch|p1a: Lugia|Lugia|100\/100\n|turn|14\n|\n|t:|1700518081\n|move|p2a: Mewtwo|Thunderbolt|p1a: Lugia\n|-supereffective|p1a: Lugia\n|-damage|p1a: Lugia|54\/100\n|move|p1a: Lugia|Calm Mind|p1a: Lugia\n|-boost|p1a: Lugia|spa|1\n|-boost|p1a: Lugia|spd|1\n|\n|upkeep\n|turn|15\n|\n|t:|1700518085\n|move|p2a: Mewtwo|Thunderbolt|p1a: Lugia\n|-supereffective|p1a: Lugia\n|-damage|p1a: Lugia|0 fnt\n|faint|p1a: Lugia\n|\n|upkeep\n|\n|t:|1700518088\n|switch|p1a: Walking Wake|Walking Wake|100\/100\n|turn|16\n|\n|t:|1700518090\n|move|p2a: Mewtwo|Psystrike|p1a: Walking Wake\n|-damage|p1a: Walking Wake|0 fnt\n|faint|p1a: Walking Wake\n|-end|p1a: Walking Wake|Protosynthesis|[silent]\n|\n|upkeep\n|\n|t:|1700518094\n|switch|p1a: Porygon-Z|Porygon-Z, shiny|100\/100\n|turn|17\n|-message|Blititz forfeited.\n|\n|win|TTeTyLLloK\n|raw|Blititz's rating: 1206 &rarr; <strong>1188<\/strong><br \/>(-18 for losing)\n|raw|TTeTyLLloK's rating: 1308 &rarr; <strong>1322<\/strong><br \/>(+14 for winning)\n|l|\u2606Blititz\n","uploadtime":1700518102,"views":4,"p1id":"blititz","p2id":"ttetylllok","formatid":"gen9nationaldexubers","rating":1188,"private":0,"password":""}