{"id":"gen9nationaldexubers-1980500253","p1":"peudruuu","p2":"Alvithesenior","format":"[Gen 9] National Dex Ubers","log":"|j|\u2606peudruuu\n|j|\u2606Alvithesenior\n|t:|1698790931\n|gametype|singles\n|player|p1|peudruuu|steven|1069\n|player|p2|Alvithesenior|cynthia-gen4|1108\n|teamsize|p1|6\n|teamsize|p2|6\n|gen|9\n|tier|[Gen 9] National Dex Ubers\n|rated|\n|rule|HP Percentage Mod: HP is shown in percentages\n|rule|Endless Battle Clause: Forcing endless battles is banned\n|rule|OHKO Clause: OHKO moves are banned\n|rule|Evasion Moves Clause: Evasion moves are banned\n|rule|Evasion Items Clause: Evasion items are banned\n|rule|Species Clause: Limit one of each Pok\u00e9mon\n|rule|Sleep Clause Mod: Limit one foe put to sleep\n|rule|Mega Rayquaza Clause: You cannot mega evolve Rayquaza\n|clearpoke\n|poke|p1|Mimikyu, F|\n|poke|p1|Grimmsnarl, M|\n|poke|p1|Polteageist|\n|poke|p1|Volcarona, M|\n|poke|p1|Muk-Alola, F|\n|poke|p1|Mandibuzz, F|\n|poke|p2|Groudon|\n|poke|p2|Kyogre|\n|poke|p2|Magearna|\n|poke|p2|Blissey, F|\n|poke|p2|Chansey, F|\n|poke|p2|Zygarde|\n|teampreview\n|\n|t:|1698790936\n|start\n|switch|p1a: Grimmsnarl|Grimmsnarl, M|100\/100\n|switch|p2a: Groudon|Groudon, shiny|100\/100\n|detailschange|p2a: Groudon|Groudon-Primal, shiny\n|-primal|p2a: Groudon|Red Orb\n|-weather|DesolateLand|[from] ability: Desolate Land|[of] p2a: Groudon\n|turn|1\n|\n|t:|1698790939\n|move|p1a: Grimmsnarl|Taunt|p2a: Groudon\n|-start|p2a: Groudon|move: Taunt\n|cant|p2a: Groudon|move: Taunt|Bulk Up\n|\n|-weather|DesolateLand|[upkeep]\n|upkeep\n|turn|2\n|j| thattomattguy\n|\n|t:|1698790945\n|move|p1a: Grimmsnarl|Reflect|p1a: Grimmsnarl\n|-sidestart|p1: peudruuu|Reflect\n|move|p2a: Groudon|Precipice Blades|p1a: Grimmsnarl\n|-damage|p1a: Grimmsnarl|64\/100\n|\n|-weather|DesolateLand|[upkeep]\n|upkeep\n|turn|3\n|\n|t:|1698790949\n|move|p1a: Grimmsnarl|Light Screen|p1a: Grimmsnarl\n|-sidestart|p1: peudruuu|move: Light Screen\n|move|p2a: Groudon|Fire Punch|p1a: Grimmsnarl\n|-damage|p1a: Grimmsnarl|29\/100\n|\n|-weather|DesolateLand|[upkeep]\n|-end|p2a: Groudon|move: Taunt\n|upkeep\n|turn|4\n|\n|t:|1698790952\n|move|p1a: Grimmsnarl|Taunt|p2a: Groudon\n|-start|p2a: Groudon|move: Taunt\n|move|p2a: Groudon|Precipice Blades|p1a: Grimmsnarl\n|-damage|p1a: Grimmsnarl|0 fnt\n|faint|p1a: Grimmsnarl\n|\n|-weather|DesolateLand|[upkeep]\n|upkeep\n|\n|t:|1698790958\n|switch|p1a: Polteageist|Polteageist|100\/100\n|turn|5\n|\n|t:|1698790962\n|move|p1a: Polteageist|Shell Smash|p1a: Polteageist\n|-unboost|p1a: Polteageist|def|1\n|-unboost|p1a: Polteageist|spd|1\n|-boost|p1a: Polteageist|atk|2\n|-boost|p1a: Polteageist|spa|2\n|-boost|p1a: Polteageist|spe|2\n|move|p2a: Groudon|Crunch|p1a: Polteageist\n|-supereffective|p1a: Polteageist\n|-enditem|p1a: Polteageist|Focus Sash\n|-damage|p1a: Polteageist|1\/100\n|-unboost|p1a: Polteageist|def|1\n|-ability|p1a: Polteageist|Weak Armor|boost\n|-unboost|p1a: Polteageist|def|1\n|-boost|p1a: Polteageist|spe|2\n|\n|-weather|DesolateLand|[upkeep]\n|upkeep\n|turn|6\n|\n|t:|1698790977\n|move|p1a: Polteageist|Stored Power|p2a: Groudon\n|-damage|p2a: Groudon|0 fnt\n|faint|p2a: Groudon\n|-weather|none\n|\n|upkeep\n|\n|t:|1698790981\n|switch|p2a: Kyogre|Kyogre, shiny|100\/100\n|detailschange|p2a: Kyogre|Kyogre-Primal, shiny\n|-primal|p2a: Kyogre|Blue Orb\n|-weather|PrimordialSea|[from] ability: Primordial Sea|[of] p2a: Kyogre\n|turn|7\n|\n|t:|1698790990\n|move|p1a: Polteageist|Stored Power|p2a: Kyogre\n|-damage|p2a: Kyogre|0 fnt\n|faint|p2a: Kyogre\n|-weather|none\n|\n|upkeep\n|\n|t:|1698790994\n|switch|p2a: Blissey|Blissey, F|100\/100\n|turn|8\n|\n|t:|1698791000\n|move|p1a: Polteageist|Stored Power|p2a: Blissey\n|-damage|p2a: Blissey|51\/100\n|move|p2a: Blissey|Seismic Toss|p1a: Polteageist\n|-immune|p1a: Polteageist\n|\n|upkeep\n|turn|9\n|\n|t:|1698791008\n|switch|p2a: Chansey|Chansey, F|100\/100\n|move|p1a: Polteageist|Stored Power|p2a: Chansey\n|-crit|p2a: Chansey\n|-damage|p2a: Chansey|36\/100\n|\n|-sideend|p1: peudruuu|Reflect\n|upkeep\n|turn|10\n|\n|t:|1698791013\n|move|p1a: Polteageist|Stored Power|p2a: Chansey\n|-damage|p2a: Chansey|0 fnt\n|faint|p2a: Chansey\n|\n|-sideend|p1: peudruuu|move: Light Screen\n|upkeep\n|\n|t:|1698791016\n|switch|p2a: Zygarde|Zygarde, shiny|100\/100\n|turn|11\n|\n|t:|1698791019\n|move|p1a: Polteageist|Stored Power|p2a: Zygarde\n|-damage|p2a: Zygarde|0 fnt\n|faint|p2a: Zygarde\n|\n|upkeep\n|-message|Alvithesenior forfeited.\n|\n|win|peudruuu\n|raw|peudruuu's rating: 1069 &rarr; <strong>1102<\/strong><br \/>(+33 for winning)\n|raw|Alvithesenior's rating: 1108 &rarr; <strong>1080<\/strong><br \/>(-28 for losing)\n|l|\u2606Alvithesenior\n|l|\u2606peudruuu\n","uploadtime":1698791031,"views":27,"p1id":"peudruuu","p2id":"alvithesenior","formatid":"gen9nationaldexubers","rating":1080,"private":0,"password":""}