{"id":"gen9nationaldexubers-1980810771","p1":"fw_olivier","p2":"Caseishere","format":"[Gen 9] National Dex Ubers","log":"|j|\u2606fw_olivier\n|j|\u2606Caseishere\n|t:|1698837000\n|gametype|singles\n|player|p1|fw_olivier|pokemaniac|1197\n|player|p2|Caseishere|102|1182\n|teamsize|p1|6\n|teamsize|p2|6\n|gen|9\n|tier|[Gen 9] National Dex Ubers\n|rated|\n|rule|HP Percentage Mod: HP is shown in percentages\n|rule|Endless Battle Clause: Forcing endless battles is banned\n|rule|OHKO Clause: OHKO moves are banned\n|rule|Evasion Moves Clause: Evasion moves are banned\n|rule|Evasion Items Clause: Evasion items are banned\n|rule|Species Clause: Limit one of each Pok\u00e9mon\n|rule|Sleep Clause Mod: Limit one foe put to sleep\n|rule|Mega Rayquaza Clause: You cannot mega evolve Rayquaza\n|clearpoke\n|poke|p1|Goodra-Hisui, M|\n|poke|p1|Orthworm, F|\n|poke|p1|Heatran, M|\n|poke|p1|Ogerpon-Wellspring, F|\n|poke|p1|Obstagoon, M|\n|poke|p1|Lugia|\n|poke|p2|Darmanitan-Galar, M|\n|poke|p2|Toxapex, F|\n|poke|p2|Aggron, M|\n|poke|p2|Grimmsnarl, M|\n|poke|p2|Blaziken, F|\n|poke|p2|Dragapult, F|\n|teampreview\n|inactive|Battle timer is ON: inactive players will automatically lose when time's up. (requested by fw_olivier)\n|c|\u2606fw_olivier|gl\n|c|\u2606Caseishere|gl\n|\n|t:|1698837029\n|start\n|switch|p1a: Orthworm|Orthworm, F|100\/100\n|switch|p2a: Blaziken|Blaziken, F, shiny|100\/100\n|turn|1\n|\n|t:|1698837039\n|switch|p1a: Heatran|Heatran, M|100\/100\n|-item|p1a: Heatran|Air Balloon\n|move|p2a: Blaziken|Blaze Kick|p1a: Heatran\n|-start|p1a: Heatran|ability: Flash Fire\n|\n|upkeep\n|turn|2\n|inactive|fw_olivier has 120 seconds left.\n|\n|t:|1698837095\n|move|p2a: Blaziken|Close Combat|p1a: Heatran\n|-supereffective|p1a: Heatran\n|-damage|p1a: Heatran|0 fnt\n|-unboost|p2a: Blaziken|def|1\n|-unboost|p2a: Blaziken|spd|1\n|-enditem|p1a: Heatran|Air Balloon\n|faint|p1a: Heatran\n|\n|upkeep\n|l|\u2606Caseishere\n|inactive|Caseishere disconnected and has a minute to reconnect!\n|player|p2|\n|j|\u2606Caseishere\n|inactive|Caseishere reconnected.\n|player|p2|Caseishere|102\n|inactive|fw_olivier has 90 seconds left.\n|\n|t:|1698837111\n|switch|p1a: Ogerpon|Ogerpon-Wellspring, F|100\/100\n|turn|3\n|inactive|fw_olivier has 90 seconds left.\n|c|\u2606fw_olivier|no speed boost?\n|\n|t:|1698837130\n|switch|p2a: Darmanitan|Darmanitan-Galar, M, shiny|100\/100\n|move|p1a: Ogerpon|Ivy Cudgel|p2a: Darmanitan\n|-damage|p2a: Darmanitan|6\/100\n|\n|upkeep\n|turn|4\n|inactive|fw_olivier has 90 seconds left.\n|\n|t:|1698837142\n|switch|p1a: Orthworm|Orthworm, F|100\/100\n|move|p2a: Darmanitan|Icicle Crash|p1a: Orthworm\n|-resisted|p1a: Orthworm\n|-damage|p1a: Orthworm|78\/100\n|\n|upkeep\n|turn|5\n|inactive|fw_olivier has 90 seconds left.\n|c|\u2606Caseishere|no cuz i'm making it for an actual poke game\n|l|\u2606Caseishere\n|inactive|Caseishere disconnected and has a minute to reconnect!\n|player|p2|\n|j|\u2606Caseishere\n|inactive|Caseishere reconnected and has 120 seconds left.\n|player|p2|Caseishere|102\n|c|\u2606fw_olivier|oh nice\n|\n|t:|1698837187\n|switch|p2a: Grimmsnarl|Grimmsnarl, M, shiny|100\/100\n|move|p1a: Orthworm|Shed Tail|p1a: Orthworm\n|-start|p1a: Orthworm|Substitute|[from] move: Shed Tail\n|-damage|p1a: Orthworm|28\/100\n|-enditem|p1a: Orthworm|Sitrus Berry|[eat]\n|-heal|p1a: Orthworm|53\/100|[from] item: Sitrus Berry\n|inactive|fw_olivier has 90 seconds left.\n|\n|t:|1698837205\n|switch|p1a: Obstagoon|Obstagoon, M|100\/100|[from] Shed Tail\n|\n|-status|p1a: Obstagoon|brn|[from] item: Flame Orb\n|upkeep\n|turn|6\n|c|\u2606Caseishere|guts\n|\n|t:|1698837220\n|move|p1a: Obstagoon|Facade|p2a: Grimmsnarl\n|-damage|p2a: Grimmsnarl|7\/100\n|move|p2a: Grimmsnarl|Dazzling Gleam|p1a: Obstagoon\n|-supereffective|p1a: Obstagoon\n|-end|p1a: Obstagoon|Substitute\n|\n|-heal|p2a: Grimmsnarl|13\/100|[from] item: Leftovers\n|-damage|p1a: Obstagoon|94\/100 brn|[from] brn\n|upkeep\n|turn|7\n|c|\u2606fw_olivier|yh\n|inactive|fw_olivier has 90 seconds left.\n|\n|t:|1698837234\n|move|p1a: Obstagoon|Facade|p2a: Grimmsnarl\n|-damage|p2a: Grimmsnarl|0 fnt\n|faint|p2a: Grimmsnarl\n|\n|-damage|p1a: Obstagoon|88\/100 brn|[from] brn\n|upkeep\n|inactive|Caseishere has 90 seconds left.\n|\n|t:|1698837252\n|switch|p2a: Darmanitan|Darmanitan-Galar, M, shiny|6\/100\n|turn|8\n|inactive|Caseishere has 90 seconds left.\n|\n|t:|1698837262\n|switch|p1a: Lugia|Lugia|100\/100\n|move|p2a: Darmanitan|Superpower|p1a: Lugia\n|-resisted|p1a: Lugia\n|-damage|p1a: Lugia|94\/100\n|-unboost|p2a: Darmanitan|atk|1\n|-unboost|p2a: Darmanitan|def|1\n|\n|-heal|p1a: Lugia|99\/100|[from] item: Leftovers\n|upkeep\n|turn|9\n|inactive|Caseishere has 90 seconds left.\n|\n|t:|1698837276\n|switch|p2a: Aggron|Aggron, M, shiny|100\/100\n|move|p1a: Lugia|Aeroblast|p2a: Aggron\n|-resisted|p2a: Aggron\n|-damage|p2a: Aggron|87\/100\n|\n|-heal|p1a: Lugia|100\/100|[from] item: Leftovers\n|upkeep\n|turn|10\n|\n|t:|1698837288\n|switch|p1a: Ogerpon|Ogerpon-Wellspring, F|100\/100\n|detailschange|p2a: Aggron|Aggron-Mega, M, shiny\n|-mega|p2a: Aggron|Aggron|Aggronite\n|move|p2a: Aggron|Iron Defense|p2a: Aggron\n|-boost|p2a: Aggron|def|2\n|\n|upkeep\n|turn|11\n|\n|t:|1698837298\n|move|p1a: Ogerpon|Brick Break|p2a: Aggron\n|-supereffective|p2a: Aggron\n|-crit|p2a: Aggron\n|-damage|p2a: Aggron|58\/100\n|move|p2a: Aggron|Body Press|p1a: Ogerpon\n|-damage|p1a: Ogerpon|0 fnt\n|faint|p1a: Ogerpon\n|\n|upkeep\n|\n|t:|1698837308\n|switch|p1a: Orthworm|Orthworm, F|53\/100\n|turn|12\n|\n|t:|1698837311\n|move|p1a: Orthworm|Shed Tail|p1a: Orthworm\n|-start|p1a: Orthworm|Substitute|[from] move: Shed Tail\n|-damage|p1a: Orthworm|3\/100\n|\n|t:|1698837318\n|switch|p1a: Lugia|Lugia|100\/100|[from] Shed Tail\n|move|p2a: Aggron|Body Press|p1a: Lugia\n|-resisted|p1a: Lugia\n|-activate|p1a: Lugia|move: Substitute|[damage]\n|\n|upkeep\n|turn|13\n|inactive|fw_olivier has 120 seconds left.\n|inactive|Caseishere has 120 seconds left.\n|l|\u2606Caseishere\n|inactive|Caseishere disconnected and has a minute to reconnect!\n|player|p2|\n|j|\u2606Caseishere\n|inactive|Caseishere reconnected and has 100 seconds left.\n|player|p2|Caseishere|102\n|\n|t:|1698837350\n|move|p1a: Lugia|Aeroblast|p2a: Aggron\n|-resisted|p2a: Aggron\n|-damage|p2a: Aggron|36\/100\n|move|p2a: Aggron|Body Press|p1a: Lugia\n|-resisted|p1a: Lugia\n|-activate|p1a: Lugia|move: Substitute|[damage]\n|\n|upkeep\n|turn|14\n|inactive|fw_olivier has 120 seconds left.\n|c|\u2606Caseishere|nah how does it tank two\n|c|\u2606Caseishere|thats dumb ash\n|c|\u2606fw_olivier|mulitscale and double resist\n|l|\u2606Caseishere\n|inactive|Caseishere disconnected and has a minute to reconnect!\n|player|p2|\n|\n|t:|1698837385\n|move|p1a: Lugia|Aeroblast|p2a: Aggron\n|-resisted|p2a: Aggron\n|-damage|p2a: Aggron|15\/100\n|move|p2a: Aggron|Body Press|p1a: Lugia\n|-resisted|p1a: Lugia\n|-activate|p1a: Lugia|move: Substitute|[damage]\n|\n|upkeep\n|turn|15\n|j|\u2606Caseishere\n|inactive|Caseishere reconnected and has 110 seconds left.\n|player|p2|Caseishere|102\n|inactive|fw_olivier has 90 seconds left.\n|\n|t:|1698837406\n|move|p1a: Lugia|Aeroblast|p2a: Aggron\n|-resisted|p2a: Aggron\n|-damage|p2a: Aggron|0 fnt\n|faint|p2a: Aggron\n|\n|upkeep\n|\n|t:|1698837418\n|switch|p2a: Dragapult|Dragapult, F, shiny|100\/100\n|turn|16\n|\n|t:|1698837435\n|move|p2a: Dragapult|U-turn|p1a: Lugia\n|-end|p1a: Lugia|Substitute\n|l|\u2606Caseishere\n|inactive|Caseishere disconnected and has a minute to reconnect!\n|player|p2|\n|j|\u2606Caseishere\n|inactive|Caseishere reconnected and has 70 seconds left.\n|player|p2|Caseishere|102\n|\n|t:|1698837471\n|switch|p2a: Toxapex|Toxapex, F, shiny|100\/100|[from] U-turn\n|move|p1a: Lugia|Toxic|p2a: Toxapex\n|-immune|p2a: Toxapex\n|\n|upkeep\n|turn|17\n|\n|t:|1698837477\n|switch|p1a: Orthworm|Orthworm, F|3\/100\n|move|p2a: Toxapex|Toxic|p1a: Orthworm\n|-immune|p1a: Orthworm\n|\n|upkeep\n|turn|18\n|\n|t:|1698837494\n|move|p2a: Toxapex|Baneful Bunker|p2a: Toxapex\n|-singleturn|p2a: Toxapex|move: Protect\n|move|p1a: Orthworm|Earthquake|p2a: Toxapex\n|-activate|p2a: Toxapex|move: Protect\n|\n|upkeep\n|turn|19\n|inactive|Caseishere has 60 seconds left.\n|\n|t:|1698837514\n|move|p1a: Orthworm|Earthquake|p2a: Toxapex\n|-supereffective|p2a: Toxapex\n|-damage|p2a: Toxapex|68\/100\n|move|p2a: Toxapex|Scald|p1a: Orthworm\n|-damage|p1a: Orthworm|0 fnt\n|faint|p1a: Orthworm\n|\n|-heal|p2a: Toxapex|74\/100|[from] item: Black Sludge\n|upkeep\n|\n|t:|1698837520\n|switch|p1a: Obstagoon|Obstagoon, M|88\/100 brn\n|turn|20\n|l|\u2606Caseishere\n|inactive|Caseishere disconnected and has a minute to reconnect!\n|player|p2|\n|j|\u2606Caseishere\n|inactive|Caseishere reconnected and has 65 seconds left.\n|player|p2|Caseishere|102\n|inactive|Caseishere has 60 seconds left.\n|\n|t:|1698837538\n|move|p2a: Toxapex|Baneful Bunker|p2a: Toxapex\n|-singleturn|p2a: Toxapex|move: Protect\n|move|p1a: Obstagoon|Knock Off|p2a: Toxapex\n|-activate|p2a: Toxapex|move: Protect\n|\n|-heal|p2a: Toxapex|80\/100|[from] item: Black Sludge\n|-damage|p1a: Obstagoon|82\/100 brn|[from] brn\n|upkeep\n|turn|21\n|inactive|Caseishere has 60 seconds left.\n|\n|t:|1698837549\n|move|p1a: Obstagoon|Knock Off|p2a: Toxapex\n|-damage|p2a: Toxapex|39\/100\n|-enditem|p2a: Toxapex|Black Sludge|[from] move: Knock Off|[of] p1a: Obstagoon\n|move|p2a: Toxapex|Scald|p1a: Obstagoon\n|-damage|p1a: Obstagoon|62\/100 brn\n|\n|-damage|p1a: Obstagoon|56\/100 brn|[from] brn\n|upkeep\n|turn|22\n|\n|t:|1698837556\n|move|p1a: Obstagoon|Facade|p2a: Toxapex\n|-damage|p2a: Toxapex|0 fnt\n|faint|p2a: Toxapex\n|\n|-damage|p1a: Obstagoon|50\/100 brn|[from] brn\n|upkeep\n|inactive|Caseishere has 60 seconds left.\n|\n|t:|1698837572\n|switch|p2a: Darmanitan|Darmanitan-Galar, M, shiny|6\/100\n|turn|23\n|inactive|Caseishere has 60 seconds left.\n|\n|t:|1698837582\n|move|p1a: Obstagoon|Obstruct|p1a: Obstagoon\n|-singleturn|p1a: Obstagoon|Protect\n|move|p2a: Darmanitan|Icicle Crash|p1a: Obstagoon\n|-activate|p1a: Obstagoon|move: Protect\n|\n|-damage|p1a: Obstagoon|44\/100 brn|[from] brn\n|upkeep\n|turn|24\n|\n|t:|1698837591\n|switch|p1a: Goodra|Goodra-Hisui, M|100\/100\n|move|p2a: Darmanitan|Icicle Crash|p1a: Goodra\n|-damage|p1a: Goodra|17\/100\n|\n|upkeep\n|turn|25\n|c|\u2606fw_olivier|woah\n|c|\u2606fw_olivier|banded?\n|inactive|Caseishere has 60 seconds left.\n|c|\u2606Caseishere|yh\n|\n|t:|1698837609\n|move|p2a: Darmanitan|Icicle Crash|p1a: Goodra\n|-damage|p1a: Goodra|0 fnt\n|faint|p1a: Goodra\n|\n|upkeep\n|l|\u2606Caseishere\n|inactive|Caseishere disconnected and has a minute to reconnect!\n|player|p2|\n|c|\u2606fw_olivier|jesus\n|c|\u2606fw_olivier|thought it was scarfed\n|j|\u2606Caseishere\n|inactive|Caseishere reconnected.\n|player|p2|Caseishere|102\n|inactive|fw_olivier has 120 seconds left.\n|\n|t:|1698837636\n|switch|p1a: Lugia|Lugia|100\/100\n|turn|26\n|l|\u2606Caseishere\n|inactive|Caseishere disconnected and has a minute to reconnect!\n|player|p2|\n|j|\u2606Caseishere\n|inactive|Caseishere reconnected and has 65 seconds left.\n|player|p2|Caseishere|102\n|\n|t:|1698837650\n|move|p2a: Darmanitan|Icicle Crash|p1a: Lugia\n|-supereffective|p1a: Lugia\n|-damage|p1a: Lugia|44\/100\n|move|p1a: Lugia|Aeroblast|p2a: Darmanitan\n|-damage|p2a: Darmanitan|0 fnt\n|faint|p2a: Darmanitan\n|\n|-heal|p1a: Lugia|51\/100|[from] item: Leftovers\n|upkeep\n|\n|t:|1698837657\n|switch|p2a: Dragapult|Dragapult, F, shiny|100\/100\n|turn|27\n|\n|t:|1698837667\n|move|p2a: Dragapult|Shadow Ball|p1a: Lugia\n|-supereffective|p1a: Lugia\n|-damage|p1a: Lugia|0 fnt\n|faint|p1a: Lugia\n|\n|upkeep\n|c|\u2606Caseishere|ggs\n|\n|t:|1698837677\n|switch|p1a: Obstagoon|Obstagoon, M|44\/100 brn\n|turn|28\n|l|\u2606Caseishere\n|inactive|Caseishere disconnected and has a minute to reconnect!\n|player|p2|\n|c|\u2606fw_olivier|mixed attacker nice\n|j|\u2606Caseishere\n|inactive|Caseishere reconnected and has 75 seconds left.\n|player|p2|Caseishere|102\n|\n|t:|1698837692\n|switch|p2a: Blaziken|Blaziken, F, shiny|100\/100\n|move|p1a: Obstagoon|Obstruct||[still]\n|-fail|p1a: Obstagoon\n|\n|-damage|p1a: Obstagoon|38\/100 brn|[from] brn\n|upkeep\n|turn|29\n|\n|t:|1698837705\n|-terastallize|p1a: Obstagoon|Fairy\n|move|p1a: Obstagoon|Knock Off|p2a: Blaziken\n|-resisted|p2a: Blaziken\n|-damage|p2a: Blaziken|73\/100\n|-zpower|p2a: Blaziken\n|move|p2a: Blaziken|Inferno Overdrive|p1a: Obstagoon|[zeffect]\n|-crit|p1a: Obstagoon\n|-damage|p1a: Obstagoon|0 fnt\n|faint|p1a: Obstagoon\n|\n|win|Caseishere\n|raw|fw_olivier's rating: 1197 &rarr; <strong>1171<\/strong><br \/>(-26 for losing)\n|raw|Caseishere's rating: 1182 &rarr; <strong>1208<\/strong><br \/>(+26 for winning)\n|c|\u2606Caseishere|wp\n|c|\u2606fw_olivier|gg\n|c|\u2606Caseishere|ggs\n","uploadtime":1698837724,"views":11,"p1id":"fwolivier","p2id":"caseishere","formatid":"gen9nationaldexubers","rating":1171,"private":0,"password":""}