{"id":"gen9nationaldexubers-1985987547","p1":"Franksaurio","p2":"Incredible Gassy","format":"[Gen 9] National Dex Ubers","log":"|j|\u2606Franksaurio\n|j|\u2606Incredible Gassy\n|t:|1699434594\n|gametype|singles\n|player|p1|Franksaurio|lusamine-nihilego|1481\n|player|p2|Incredible Gassy|kieran|1691\n|teamsize|p1|6\n|teamsize|p2|6\n|gen|9\n|tier|[Gen 9] National Dex Ubers\n|rated|\n|rule|HP Percentage Mod: HP is shown in percentages\n|rule|Endless Battle Clause: Forcing endless battles is banned\n|rule|OHKO Clause: OHKO moves are banned\n|rule|Evasion Moves Clause: Evasion moves are banned\n|rule|Evasion Items Clause: Evasion items are banned\n|rule|Species Clause: Limit one of each Pok\u00e9mon\n|rule|Sleep Clause Mod: Limit one foe put to sleep\n|rule|Mega Rayquaza Clause: You cannot mega evolve Rayquaza\n|clearpoke\n|poke|p1|Xerneas-*|\n|poke|p1|Zacian-*|\n|poke|p1|Grimmsnarl, M|\n|poke|p1|Arceus|\n|poke|p1|Mewtwo|\n|poke|p1|Kyogre|\n|poke|p2|Rayquaza|\n|poke|p2|Hatterene, F|\n|poke|p2|Melmetal|\n|poke|p2|Kyogre|\n|poke|p2|Calyrex-Ice|\n|poke|p2|Arceus|\n|teampreview\n|inactive|Battle timer is ON: inactive players will automatically lose when time's up. (requested by Incredible Gassy)\n|\n|t:|1699434608\n|start\n|switch|p1a: Zacian|Zacian-Crowned|100\/100\n|switch|p2a: Femme Metale|Melmetal, shiny|100\/100\n|-ability|p1a: Zacian|Intrepid Sword|boost\n|-boost|p1a: Zacian|atk|1\n|turn|1\n|\n|t:|1699434612\n|move|p1a: Zacian|Close Combat|p2a: Femme Metale\n|-supereffective|p2a: Femme Metale\n|-damage|p2a: Femme Metale|22\/100\n|-unboost|p1a: Zacian|def|1\n|-unboost|p1a: Zacian|spd|1\n|move|p2a: Femme Metale|Double Iron Bash|p1a: Zacian\n|-damage|p1a: Zacian|0 fnt\n|faint|p1a: Zacian\n|-hitcount|p1: Zacian|1\n|\n|upkeep\n|\n|t:|1699434615\n|switch|p1a: Kyogre|Kyogre, shiny|100\/100\n|detailschange|p1a: Kyogre|Kyogre-Primal, shiny\n|-primal|p1a: Kyogre|Blue Orb\n|-weather|PrimordialSea|[from] ability: Primordial Sea|[of] p1a: Kyogre\n|turn|2\n|\n|t:|1699434619\n|switch|p2a: Big Blue|Kyogre|100\/100\n|detailschange|p2a: Big Blue|Kyogre-Primal\n|-primal|p2a: Big Blue|Blue Orb\n|move|p1a: Kyogre|Surf|p2a: Big Blue\n|-resisted|p2a: Big Blue\n|-damage|p2a: Big Blue|73\/100\n|\n|-weather|PrimordialSea|[upkeep]\n|upkeep\n|turn|3\n|\n|t:|1699434624\n|move|p1a: Kyogre|Thunder|p2a: Big Blue\n|-supereffective|p2a: Big Blue\n|-damage|p2a: Big Blue|17\/100\n|move|p2a: Big Blue|Thunder|p1a: Kyogre\n|-supereffective|p1a: Kyogre\n|-damage|p1a: Kyogre|34\/100\n|\n|-weather|PrimordialSea|[upkeep]\n|upkeep\n|turn|4\n|\n|t:|1699434630\n|move|p1a: Kyogre|Thunder|p2a: Big Blue\n|-supereffective|p2a: Big Blue\n|-crit|p2a: Big Blue\n|-damage|p2a: Big Blue|0 fnt\n|faint|p2a: Big Blue\n|\n|-weather|PrimordialSea|[upkeep]\n|upkeep\n|\n|t:|1699434632\n|switch|p2a: Drumstick|Hatterene, F|100\/100\n|turn|5\n|\n|t:|1699434634\n|move|p1a: Kyogre|Surf|p2a: Drumstick\n|-enditem|p2a: Drumstick|Focus Sash\n|-damage|p2a: Drumstick|1\/100\n|move|p2a: Drumstick|Trick Room|p2a: Drumstick\n|-fieldstart|move: Trick Room|[of] p2a: Drumstick\n|\n|-weather|PrimordialSea|[upkeep]\n|upkeep\n|turn|6\n|\n|t:|1699434638\n|move|p2a: Drumstick|Misty Explosion|p1a: Kyogre\n|-damage|p1a: Kyogre|0 fnt\n|faint|p2a: Drumstick\n|faint|p1a: Kyogre\n|-weather|none\n|\n|upkeep\n|\n|t:|1699434647\n|switch|p2a: Freezie|Calyrex-Ice|100\/100\n|switch|p1a: Grimmsnarl|Grimmsnarl, M|100\/100\n|-ability|p2a: Freezie|As One\n|-ability|p2a: Freezie|Unnerve\n|turn|7\n|\n|t:|1699434650\n|move|p1a: Grimmsnarl|Reflect|p1a: Grimmsnarl\n|-sidestart|p1: Franksaurio|Reflect\n|move|p2a: Freezie|Glacial Lance|p1a: Grimmsnarl\n|-damage|p1a: Grimmsnarl|47\/100\n|\n|upkeep\n|turn|8\n|\n|t:|1699434655\n|move|p1a: Grimmsnarl|Taunt|p2a: Freezie\n|-start|p2a: Freezie|move: Taunt\n|move|p2a: Freezie|Glacial Lance|p1a: Grimmsnarl\n|-damage|p1a: Grimmsnarl|0 fnt\n|faint|p1a: Grimmsnarl\n|-ability|p2a: Freezie|Chilling Neigh|boost\n|-boost|p2a: Freezie|atk|1\n|\n|upkeep\n|\n|t:|1699434658\n|switch|p1a: Arceus|Arceus|100\/100\n|turn|9\n|\n|t:|1699434665\n|switch|p2a: The Biggest One|Arceus|100\/100\n|move|p1a: Arceus|Flare Blitz|p2a: The Biggest One\n|-damage|p2a: The Biggest One|63\/100\n|-damage|p1a: Arceus|88\/100|[from] Recoil\n|-damage|p1a: Arceus|78\/100|[from] item: Life Orb\n|\n|-fieldend|move: Trick Room\n|upkeep\n|turn|10\n|\n|t:|1699434671\n|move|p1a: Arceus|Swords Dance|p1a: Arceus\n|-boost|p1a: Arceus|atk|2\n|move|p2a: The Biggest One|Trick Room|p2a: The Biggest One\n|-fieldstart|move: Trick Room|[of] p2a: The Biggest One\n|\n|upkeep\n|turn|11\n|\n|t:|1699434678\n|-terastallize|p2a: The Biggest One|Steel\n|move|p1a: Arceus|Extreme Speed|p2a: The Biggest One\n|-resisted|p2a: The Biggest One\n|-damage|p2a: The Biggest One|25\/100\n|-damage|p1a: Arceus|69\/100|[from] item: Life Orb\n|move|p2a: The Biggest One|Brick Break|p1a: Arceus\n|-sideend|p1: Franksaurio|Reflect\n|-supereffective|p1a: Arceus\n|-damage|p1a: Arceus|31\/100\n|\n|upkeep\n|turn|12\n|\n|t:|1699434690\n|move|p2a: The Biggest One|Extreme Speed|p1a: Arceus\n|-damage|p1a: Arceus|3\/100\n|move|p1a: Arceus|Extreme Speed|p2a: The Biggest One\n|-resisted|p2a: The Biggest One\n|-damage|p2a: The Biggest One|0 fnt\n|faint|p2a: The Biggest One\n|-damage|p1a: Arceus|0 fnt|[from] item: Life Orb\n|faint|p1a: Arceus\n|\n|upkeep\n|\n|t:|1699434697\n|switch|p2a: Femme Metale|Melmetal, shiny|22\/100\n|switch|p1a: Xerneas|Xerneas|100\/100\n|-ability|p1a: Xerneas|Fairy Aura\n|turn|13\n|\n|t:|1699434707\n|-terastallize|p1a: Xerneas|Ground\n|move|p2a: Femme Metale|Double Iron Bash|p1a: Xerneas\n|-damage|p1a: Xerneas|40\/100\n|-damage|p1a: Xerneas|0 fnt\n|faint|p1a: Xerneas\n|-hitcount|p1: Xerneas|2\n|\n|upkeep\n|\n|t:|1699434711\n|switch|p1a: Mewtwo|Mewtwo|100\/100\n|-ability|p1a: Mewtwo|Pressure\n|turn|14\n|\n|t:|1699434717\n|move|p2a: Femme Metale|Double Iron Bash|p1a: Mewtwo\n|-damage|p1a: Mewtwo|28\/100\n|-damage|p1a: Mewtwo|0 fnt\n|faint|p1a: Mewtwo\n|-hitcount|p1: Mewtwo|2\n|\n|win|Incredible Gassy\n|raw|Franksaurio's rating: 1481 &rarr; <strong>1472<\/strong><br \/>(-9 for losing)\n|raw|Incredible Gassy's rating: 1691 &rarr; <strong>1700<\/strong><br \/>(+9 for winning)\n|c|\u2606Incredible Gassy|gg\n|l|\u2606Franksaurio\n","uploadtime":1699434942,"views":7,"p1id":"franksaurio","p2id":"incrediblegassy","formatid":"gen9nationaldexubers","rating":1472,"private":0,"password":""}