{"id":"gen9nationaldexubers-1993461678","p1":"Dydiar","p2":"DannLink","format":"[Gen 9] National Dex Ubers","log":"|j|\u2606Dydiar\n|j|\u2606DannLink\n|t:|1700320782\n|gametype|singles\n|player|p1|Dydiar|blue|1081\n|player|p2|DannLink|ethan|1086\n|teamsize|p1|6\n|teamsize|p2|6\n|gen|9\n|tier|[Gen 9] National Dex Ubers\n|rated|\n|rule|HP Percentage Mod: HP is shown in percentages\n|rule|Endless Battle Clause: Forcing endless battles is banned\n|rule|OHKO Clause: OHKO moves are banned\n|rule|Evasion Moves Clause: Evasion moves are banned\n|rule|Evasion Items Clause: Evasion items are banned\n|rule|Species Clause: Limit one of each Pok\u00e9mon\n|rule|Sleep Clause Mod: Limit one foe put to sleep\n|rule|Mega Rayquaza Clause: You cannot mega evolve Rayquaza\n|clearpoke\n|poke|p1|Luxray, M|\n|poke|p1|Charizard, M|\n|poke|p1|Sceptile, F|\n|poke|p1|Absol, M|\n|poke|p1|Lucario, M|\n|poke|p1|Lugia|\n|poke|p2|Pyukumuku, M|\n|poke|p2|Eiscue, M|\n|poke|p2|Slowbro-Galar, M|\n|poke|p2|Incineroar, M|\n|poke|p2|Corviknight, M|\n|poke|p2|Steelix, M|\n|teampreview\n|inactive|Battle timer is ON: inactive players will automatically lose when time's up. (requested by DannLink)\n|\n|t:|1700320795\n|start\n|switch|p1a: Charizard|Charizard, M|100\/100\n|switch|p2a: Pyukumuku|Pyukumuku, M|100\/100\n|turn|1\n|\n|t:|1700320805\n|detailschange|p1a: Charizard|Charizard-Mega-X, M\n|-mega|p1a: Charizard|Charizard|Charizardite X\n|move|p1a: Charizard|Sunny Day|p1a: Charizard\n|-weather|SunnyDay\n|move|p2a: Pyukumuku|Toxic|p1a: Charizard\n|-status|p1a: Charizard|tox\n|\n|-weather|SunnyDay|[upkeep]\n|-damage|p1a: Charizard|94\/100 tox|[from] psn\n|upkeep\n|turn|2\n|\n|t:|1700320819\n|move|p1a: Charizard|Dragon Pulse|p2a: Pyukumuku\n|-damage|p2a: Pyukumuku|66\/100\n|move|p2a: Pyukumuku|Block|p1a: Charizard\n|-activate|p1a: Charizard|trapped\n|\n|-weather|SunnyDay|[upkeep]\n|-heal|p2a: Pyukumuku|72\/100|[from] item: Leftovers\n|-damage|p1a: Charizard|82\/100 tox|[from] psn\n|upkeep\n|turn|3\n|\n|t:|1700320843\n|move|p1a: Charizard|Dragon Pulse|p2a: Pyukumuku\n|-damage|p2a: Pyukumuku|39\/100\n|move|p2a: Pyukumuku|Recover|p2a: Pyukumuku\n|-heal|p2a: Pyukumuku|89\/100\n|\n|-weather|SunnyDay|[upkeep]\n|-heal|p2a: Pyukumuku|95\/100|[from] item: Leftovers\n|-damage|p1a: Charizard|64\/100 tox|[from] psn\n|upkeep\n|turn|4\n|\n|t:|1700320855\n|move|p1a: Charizard|Fire Blast|p2a: Pyukumuku\n|-resisted|p2a: Pyukumuku\n|-damage|p2a: Pyukumuku|65\/100\n|-status|p2a: Pyukumuku|brn\n|move|p2a: Pyukumuku|Recover|p2a: Pyukumuku\n|-heal|p2a: Pyukumuku|100\/100 brn\n|\n|-weather|SunnyDay|[upkeep]\n|-damage|p1a: Charizard|39\/100 tox|[from] psn\n|-damage|p2a: Pyukumuku|94\/100 brn|[from] brn\n|upkeep\n|turn|5\n|\n|t:|1700320867\n|move|p1a: Charizard|Dragon Pulse|p2a: Pyukumuku\n|-damage|p2a: Pyukumuku|61\/100 brn\n|move|p2a: Pyukumuku|Recover|p2a: Pyukumuku\n|-heal|p2a: Pyukumuku|100\/100 brn\n|\n|-weather|none\n|-damage|p1a: Charizard|9\/100 tox|[from] psn\n|-damage|p2a: Pyukumuku|94\/100 brn|[from] brn\n|upkeep\n|turn|6\n|\n|t:|1700320883\n|move|p1a: Charizard|Dragon Pulse|p2a: Pyukumuku\n|-damage|p2a: Pyukumuku|63\/100 brn\n|move|p2a: Pyukumuku|Recover|p2a: Pyukumuku\n|-heal|p2a: Pyukumuku|100\/100 brn\n|\n|-damage|p1a: Charizard|0 fnt|[from] psn\n|faint|p1a: Charizard\n|-damage|p2a: Pyukumuku|94\/100 brn|[from] brn\n|upkeep\n|inactive|Dydiar has 120 seconds left.\n|\n|t:|1700320893\n|switch|p1a: Sceptile|Sceptile, F|100\/100\n|turn|7\n|\n|t:|1700320897\n|move|p1a: Sceptile|Leaf Storm|p2a: Pyukumuku\n|-supereffective|p2a: Pyukumuku\n|-damage|p2a: Pyukumuku|17\/100 brn\n|-unboost|p1a: Sceptile|spa|2\n|move|p2a: Pyukumuku|Toxic|p1a: Sceptile\n|-status|p1a: Sceptile|tox\n|\n|-heal|p2a: Pyukumuku|23\/100 brn|[from] item: Leftovers\n|-damage|p1a: Sceptile|94\/100 tox|[from] psn\n|-damage|p2a: Pyukumuku|17\/100 brn|[from] brn\n|upkeep\n|turn|8\n|\n|t:|1700320909\n|move|p1a: Sceptile|Giga Drain|p2a: Pyukumuku\n|-supereffective|p2a: Pyukumuku\n|-damage|p2a: Pyukumuku|0 fnt\n|-heal|p1a: Sceptile|100\/100 tox|[from] drain|[of] p2a: Pyukumuku\n|faint|p2a: Pyukumuku\n|\n|-damage|p1a: Sceptile|88\/100 tox|[from] psn\n|upkeep\n|\n|t:|1700320921\n|switch|p2a: Incineroar|Incineroar, M|100\/100\n|-ability|p2a: Incineroar|Intimidate|boost\n|-unboost|p1a: Sceptile|atk|1\n|turn|9\n|\n|t:|1700320932\n|move|p1a: Sceptile|Focus Blast|p2a: Incineroar\n|-supereffective|p2a: Incineroar\n|-damage|p2a: Incineroar|70\/100\n|-enditem|p2a: Incineroar|Weakness Policy\n|-boost|p2a: Incineroar|atk|2|[from] item: Weakness Policy\n|-boost|p2a: Incineroar|spa|2|[from] item: Weakness Policy\n|move|p2a: Incineroar|Flame Charge|p1a: Sceptile\n|-supereffective|p1a: Sceptile\n|-damage|p1a: Sceptile|0 fnt\n|-boost|p2a: Incineroar|spe|1\n|faint|p1a: Sceptile\n|\n|upkeep\n|\n|t:|1700320944\n|switch|p1a: Lugia|Lugia|100\/100\n|turn|10\n|\n|t:|1700320954\n|-terastallize|p1a: Lugia|Psychic\n|move|p2a: Incineroar|Power Trip|p1a: Lugia\n|-supereffective|p1a: Lugia\n|-damage|p1a: Lugia|32\/100\n|move|p1a: Lugia|Future Sight|p2a: Incineroar\n|-start|p1a: Lugia|move: Future Sight\n|\n|upkeep\n|turn|11\n|\n|t:|1700320965\n|move|p2a: Incineroar|Power Trip|p1a: Lugia\n|-supereffective|p1a: Lugia\n|-damage|p1a: Lugia|0 fnt\n|faint|p1a: Lugia\n|\n|upkeep\n|\n|t:|1700320973\n|switch|p1a: Lucario|Lucario, M|100\/100\n|turn|12\n|\n|t:|1700320977\n|move|p2a: Incineroar|Flame Charge|p1a: Lucario\n|-supereffective|p1a: Lucario\n|-damage|p1a: Lucario|2\/100\n|-boost|p2a: Incineroar|spe|1\n|move|p1a: Lucario|High Jump Kick|p2a: Incineroar\n|-supereffective|p2a: Incineroar\n|-damage|p2a: Incineroar|0 fnt\n|faint|p2a: Incineroar\n|\n|-hint|Future Sight did not hit because the target is fainted.\n|upkeep\n|\n|t:|1700320993\n|switch|p2a: Steelix|Steelix, M|100\/100\n|turn|13\n|\n|t:|1700321003\n|move|p1a: Lucario|High Jump Kick|p2a: Steelix\n|-supereffective|p2a: Steelix\n|-damage|p2a: Steelix|53\/100\n|move|p2a: Steelix|Stealth Rock|p1a: Lucario\n|-sidestart|p1: Dydiar|move: Stealth Rock\n|\n|-heal|p2a: Steelix|59\/100|[from] item: Leftovers\n|upkeep\n|turn|14\n|inactive|DannLink has 120 seconds left.\n|\n|t:|1700321034\n|move|p1a: Lucario|High Jump Kick|p2a: Steelix\n|-supereffective|p2a: Steelix\n|-damage|p2a: Steelix|12\/100\n|move|p2a: Steelix|Earthquake|p1a: Lucario\n|-supereffective|p1a: Lucario\n|-damage|p1a: Lucario|0 fnt\n|faint|p1a: Lucario\n|\n|-heal|p2a: Steelix|18\/100|[from] item: Leftovers\n|upkeep\n|\n|t:|1700321045\n|switch|p1a: Luxray|Luxray, M|100\/100\n|-damage|p1a: Luxray|88\/100|[from] Stealth Rock\n|-ability|p1a: Luxray|Intimidate|boost\n|-unboost|p2a: Steelix|atk|1\n|turn|15\n|\n|t:|1700321053\n|move|p1a: Luxray|Quick Attack|p2a: Steelix\n|-resisted|p2a: Steelix\n|-damage|p2a: Steelix|15\/100\n|move|p2a: Steelix|Earthquake|p1a: Luxray\n|-supereffective|p1a: Luxray\n|-damage|p1a: Luxray|50\/100\n|\n|-heal|p2a: Steelix|21\/100|[from] item: Leftovers\n|upkeep\n|turn|16\n|\n|t:|1700321071\n|move|p1a: Luxray|Ice Fang|p2a: Steelix\n|-damage|p2a: Steelix|12\/100\n|move|p2a: Steelix|Curse|p2a: Steelix\n|-unboost|p2a: Steelix|spe|1\n|-boost|p2a: Steelix|atk|1\n|-boost|p2a: Steelix|def|1\n|\n|-heal|p2a: Steelix|18\/100|[from] item: Leftovers\n|upkeep\n|turn|17\n|\n|t:|1700321082\n|move|p1a: Luxray|Wild Charge|p2a: Steelix\n|-immune|p2a: Steelix\n|move|p2a: Steelix|Earthquake|p1a: Luxray\n|-supereffective|p1a: Luxray\n|-damage|p1a: Luxray|0 fnt\n|faint|p1a: Luxray\n|\n|-heal|p2a: Steelix|24\/100|[from] item: Leftovers\n|upkeep\n|\n|t:|1700321092\n|switch|p1a: Absol|Absol, M|100\/100\n|-damage|p1a: Absol|88\/100|[from] Stealth Rock\n|turn|18\n|\n|t:|1700321108\n|move|p1a: Absol|Punishment|p2a: Steelix\n|-damage|p2a: Steelix|13\/100\n|move|p2a: Steelix|Head Smash|p1a: Absol\n|-damage|p1a: Absol|50\/100\n|\n|-heal|p2a: Steelix|20\/100|[from] item: Leftovers\n|upkeep\n|turn|19\n|-message|Dydiar forfeited.\n|\n|win|DannLink\n|raw|Dydiar's rating: 1081 &rarr; <strong>1059<\/strong><br \/>(-22 for losing)\n|raw|DannLink's rating: 1086 &rarr; <strong>1113<\/strong><br \/>(+27 for winning)\n|l|\u2606Dydiar\n","uploadtime":1700321123,"views":25,"p1id":"dydiar","p2id":"dannlink","formatid":"gen9nationaldexubers","rating":1059,"private":0,"password":""}