{"id":"gen9nationaldexubers-1998911310","p1":"jannyster","p2":"notgoodatmeta","format":"[Gen 9] National Dex Ubers","log":"|j|\u2606jannyster\n|j|\u2606notgoodatmeta\n|t:|1701012067\n|gametype|singles\n|player|p1|jannyster|silver|1040\n|player|p2|notgoodatmeta|veteran|1000\n|teamsize|p1|2\n|teamsize|p2|6\n|gen|9\n|tier|[Gen 9] National Dex Ubers\n|rated|\n|rule|HP Percentage Mod: HP is shown in percentages\n|rule|Endless Battle Clause: Forcing endless battles is banned\n|rule|OHKO Clause: OHKO moves are banned\n|rule|Evasion Moves Clause: Evasion moves are banned\n|rule|Evasion Items Clause: Evasion items are banned\n|rule|Species Clause: Limit one of each Pok\u00e9mon\n|rule|Sleep Clause Mod: Limit one foe put to sleep\n|rule|Mega Rayquaza Clause: You cannot mega evolve Rayquaza\n|clearpoke\n|poke|p1|Alakazam, M|\n|poke|p1|Cyclizar, F|\n|poke|p2|Aron, L1, F|\n|poke|p2|Blissey, F|\n|poke|p2|Kyogre|\n|poke|p2|Gastly, L1, M|\n|poke|p2|Wailord, M|\n|poke|p2|Misdreavus, L1, F|\n|teampreview\n|\n|t:|1701012070\n|start\n|switch|p1a: Cyclizar|Cyclizar, F|100\/100\n|switch|p2a: DestroyerOfWorlds|Aron, L1, F, shiny|100\/100\n|turn|1\n|c|\u2606notgoodatmeta|somethings wrong i can feel it\n|\n|t:|1701012081\n|move|p1a: Cyclizar|Shed Tail|p1a: Cyclizar\n|-start|p1a: Cyclizar|Substitute|[from] move: Shed Tail\n|-damage|p1a: Cyclizar|50\/100\n|\n|t:|1701012083\n|switch|p1a: Alakazam|Alakazam, M|100\/100|[from] Shed Tail\n|move|p2a: DestroyerOfWorlds|Endeavor|p1a: Alakazam\n|-end|p1a: Alakazam|Substitute\n|\n|upkeep\n|turn|2\n|c|\u2606jannyster|What\n|c|\u2606notgoodatmeta|youre up to some tricks\n|\n|t:|1701012101\n|switch|p2a: him|Gastly, L1, M|100\/100\n|detailschange|p1a: Alakazam|Alakazam-Mega, M\n|-mega|p1a: Alakazam|Alakazam|Alakazite\n|-ability|p1a: Alakazam|Levitate|[from] ability: Trace|[of] p2a: him\n|move|p1a: Alakazam|Psychic|p2a: him\n|-supereffective|p2a: him\n|-damage|p2a: him|0 fnt\n|faint|p2a: him\n|\n|upkeep\n|c|\u2606jannyster|How did you\n|\n|t:|1701012110\n|switch|p2a: her|Misdreavus, L1, F|100\/100\n|turn|3\n|c|\u2606notgoodatmeta|no one ever uses 2 pokemon without trickery\n|\n|t:|1701012151\n|switch|p1a: Cyclizar|Cyclizar, F|84\/100\n|move|p2a: her|Destiny Bond|p2a: her\n|-singlemove|p2a: her|Destiny Bond\n|\n|upkeep\n|turn|4\n|\n|t:|1701012157\n|move|p1a: Cyclizar|Shift Gear|p1a: Cyclizar\n|-boost|p1a: Cyclizar|spe|2\n|-boost|p1a: Cyclizar|atk|1\n|move|p2a: her|Destiny Bond||[still]\n|-fail|p2a: her\n|\n|upkeep\n|turn|5\n|\n|t:|1701012167\n|move|p1a: Cyclizar|Rapid Spin|p2a: her\n|-immune|p2a: her\n|move|p2a: her|Destiny Bond|p2a: her\n|-singlemove|p2a: her|Destiny Bond\n|\n|upkeep\n|turn|6\n|\n|t:|1701012173\n|move|p1a: Cyclizar|Rapid Spin|p2a: her\n|-immune|p2a: her\n|move|p2a: her|Perish Song|p2a: her\n|-start|p1a: Cyclizar|perish3|[silent]\n|-start|p2a: her|perish3|[silent]\n|-fieldactivate|move: Perish Song\n|\n|-start|p1a: Cyclizar|perish3\n|-start|p2a: her|perish3\n|upkeep\n|turn|7\n|c|\u2606jannyster|Predicted\n|\n|t:|1701012180\n|move|p2a: her|Protect|p2a: her\n|-singleturn|p2a: her|Protect\n|move|p1a: Cyclizar|Dragon Claw|p2a: her\n|-activate|p2a: her|move: Protect\n|\n|-start|p1a: Cyclizar|perish2\n|-start|p2a: her|perish2\n|upkeep\n|turn|8\n|\n|t:|1701012188\n|move|p2a: her|Protect||[still]\n|-fail|p2a: her\n|move|p1a: Cyclizar|Shift Gear|p1a: Cyclizar\n|-boost|p1a: Cyclizar|spe|2\n|-boost|p1a: Cyclizar|atk|1\n|\n|-start|p1a: Cyclizar|perish1\n|-start|p2a: her|perish1\n|upkeep\n|turn|9\n|\n|t:|1701012196\n|move|p2a: her|Protect|p2a: her\n|-singleturn|p2a: her|Protect\n|move|p1a: Cyclizar|Shed Tail|p1a: Cyclizar\n|-start|p1a: Cyclizar|Substitute|[from] move: Shed Tail\n|-damage|p1a: Cyclizar|33\/100\n|\n|t:|1701012198\n|switch|p1a: Alakazam|Alakazam-Mega, M|100\/100|[from] Shed Tail\n|-ability|p1a: Alakazam|Levitate|[from] ability: Trace|[of] p2a: her\n|\n|-start|p2a: her|perish0\n|faint|p2a: her\n|upkeep\n|\n|t:|1701012209\n|switch|p2a: Whale 2|Wailord, M|100\/100\n|turn|10\n|\n|t:|1701012216\n|move|p1a: Alakazam|Calm Mind|p1a: Alakazam\n|-boost|p1a: Alakazam|spa|1\n|-boost|p1a: Alakazam|spd|1\n|move|p2a: Whale 2|Water Spout|p1a: Alakazam\n|-crit|p1a: Alakazam\n|-end|p1a: Alakazam|Substitute\n|\n|upkeep\n|turn|11\n|\n|t:|1701012222\n|move|p1a: Alakazam|Psychic|p2a: Whale 2\n|-damage|p2a: Whale 2|0 fnt\n|faint|p2a: Whale 2\n|\n|upkeep\n|\n|t:|1701012227\n|switch|p2a: whale|Kyogre|100\/100\n|-weather|RainDance|[from] ability: Drizzle|[of] p2a: whale\n|turn|12\n|\n|t:|1701012232\n|-terastallize|p2a: whale|Water\n|move|p1a: Alakazam|Psychic|p2a: whale\n|-damage|p2a: whale|31\/100\n|move|p2a: whale|Water Spout|p1a: Alakazam\n|-damage|p1a: Alakazam|59\/100\n|\n|-weather|RainDance|[upkeep]\n|upkeep\n|turn|13\n|c|\u2606jannyster|I still have regenrator\n|\n|t:|1701012240\n|switch|p2a: DestroyerOfWorlds|Aron, L1, F, shiny|100\/100\n|move|p1a: Alakazam|Psychic|p2a: DestroyerOfWorlds\n|-resisted|p2a: DestroyerOfWorlds\n|-ability|p2a: DestroyerOfWorlds|Sturdy\n|-damage|p2a: DestroyerOfWorlds|9\/100\n|\n|-weather|RainDance|[upkeep]\n|upkeep\n|turn|14\n|\n|t:|1701012247\n|move|p1a: Alakazam|Psychic|p2a: DestroyerOfWorlds\n|-resisted|p2a: DestroyerOfWorlds\n|-damage|p2a: DestroyerOfWorlds|0 fnt\n|faint|p2a: DestroyerOfWorlds\n|\n|-weather|RainDance|[upkeep]\n|upkeep\n|c|\u2606notgoodatmeta|welp\n|c|\u2606jannyster|Ummm?\n|c|\u2606notgoodatmeta|im dead\n|c|\u2606notgoodatmeta|gg\n|\n|t:|1701012257\n|switch|p2a: whale|Kyogre, tera:Water|31\/100\n|turn|15\n|c|\u2606jannyster|GG\n|c|\u2606jannyster|Never mess with two pokemons\n|\n|t:|1701012280\n|move|p1a: Alakazam|Psychic|p2a: whale\n|-damage|p2a: whale|0 fnt\n|faint|p2a: whale\n|\n|-weather|RainDance|[upkeep]\n|upkeep\n|\n|t:|1701012285\n|switch|p2a: the Protector|Blissey, F|100\/100\n|turn|16\n|c|\u2606jannyster|Wait...\n|\n|t:|1701012289\n|move|p2a: the Protector|Protect|p2a: the Protector\n|-singleturn|p2a: the Protector|Protect\n|move|p1a: Alakazam|Calm Mind|p1a: Alakazam\n|-boost|p1a: Alakazam|spa|1\n|-boost|p1a: Alakazam|spd|1\n|\n|-weather|none\n|upkeep\n|turn|17\n|\n|t:|1701012297\n|move|p1a: Alakazam|Calm Mind|p1a: Alakazam\n|-boost|p1a: Alakazam|spa|1\n|-boost|p1a: Alakazam|spd|1\n|move|p2a: the Protector|Light Screen|p2a: the Protector\n|-sidestart|p2: notgoodatmeta|move: Light Screen\n|\n|upkeep\n|turn|18\n|\n|t:|1701012305\n|move|p2a: the Protector|Protect|p2a: the Protector\n|-singleturn|p2a: the Protector|Protect\n|move|p1a: Alakazam|Psychic|p2a: the Protector\n|-activate|p2a: the Protector|move: Protect\n|\n|upkeep\n|turn|19\n|\n|t:|1701012314\n|move|p1a: Alakazam|Calm Mind|p1a: Alakazam\n|-boost|p1a: Alakazam|spa|1\n|-boost|p1a: Alakazam|spd|1\n|move|p2a: the Protector|Soft-Boiled||[still]\n|-fail|p2a: the Protector|heal\n|\n|upkeep\n|turn|20\n|\n|t:|1701012319\n|move|p2a: the Protector|Protect|p2a: the Protector\n|-singleturn|p2a: the Protector|Protect\n|move|p1a: Alakazam|Calm Mind|p1a: Alakazam\n|-boost|p1a: Alakazam|spa|1\n|-boost|p1a: Alakazam|spd|1\n|\n|upkeep\n|turn|21\n|\n|t:|1701012325\n|move|p1a: Alakazam|Calm Mind|p1a: Alakazam\n|-boost|p1a: Alakazam|spa|1\n|-boost|p1a: Alakazam|spd|1\n|move|p2a: the Protector|Reflect|p2a: the Protector\n|-sidestart|p2: notgoodatmeta|Reflect\n|\n|-sideend|p2: notgoodatmeta|move: Light Screen\n|upkeep\n|turn|22\n|\n|t:|1701012331\n|move|p1a: Alakazam|Psychic|p2a: the Protector\n|-damage|p2a: the Protector|0 fnt\n|faint|p2a: the Protector\n|\n|win|jannyster\n|raw|jannyster's rating: 1040 &rarr; <strong>1070<\/strong><br \/>(+30 for winning)\n|raw|notgoodatmeta's rating: 1000 &rarr; <strong>1000<\/strong><br \/>(+0 for losing)\n|c|\u2606notgoodatmeta|gg\n|c|\u2606jannyster|GG\n|l|\u2606notgoodatmeta\n","uploadtime":1701012344,"views":2,"p1id":"jannyster","p2id":"notgoodatmeta","formatid":"gen9nationaldexubers","rating":1000,"private":0,"password":""}