{"id":"gen9nationaldexubers-1978256052","p1":"Javionne3","p2":"BTT2023","format":"[Gen 9] National Dex Ubers","log":"|j|\u2606Javionne3\n|j|\u2606BTT2023\n|t:|1698517715\n|gametype|singles\n|player|p1|Javionne3|steven|1137\n|player|p2|BTT2023|red|1166\n|teamsize|p1|6\n|teamsize|p2|6\n|gen|9\n|tier|[Gen 9] National Dex Ubers\n|rated|\n|rule|HP Percentage Mod: HP is shown in percentages\n|rule|Endless Battle Clause: Forcing endless battles is banned\n|rule|OHKO Clause: OHKO moves are banned\n|rule|Evasion Moves Clause: Evasion moves are banned\n|rule|Evasion Items Clause: Evasion items are banned\n|rule|Species Clause: Limit one of each Pok\u00e9mon\n|rule|Sleep Clause Mod: Limit one foe put to sleep\n|rule|Mega Rayquaza Clause: You cannot mega evolve Rayquaza\n|clearpoke\n|poke|p1|Skarmory, M|\n|poke|p1|Claydol|\n|poke|p1|Carbink|\n|poke|p1|Aerodactyl, F|\n|poke|p1|Aggron, F|\n|poke|p1|Metagross|\n|poke|p2|Pikachu, M|\n|poke|p2|Lucario, M|\n|poke|p2|Gengar, M|\n|poke|p2|Dragonite, M|\n|poke|p2|Dracovish|\n|poke|p2|Sirfetch\u2019d, M|\n|teampreview\n|inactive|Battle timer is ON: inactive players will automatically lose when time's up. (requested by Javionne3)\n|c|\u2606BTT2023|Ash VS Steven\n|\n|t:|1698517733\n|start\n|switch|p1a: Skarmory|Skarmory, M|100\/100\n|switch|p2a: Dragonite|Dragonite, M|100\/100\n|turn|1\n|\n|t:|1698517737\n|move|p2a: Dragonite|Dragon Dance|p2a: Dragonite\n|-boost|p2a: Dragonite|atk|1\n|-boost|p2a: Dragonite|spe|1\n|move|p1a: Skarmory|Toxic|p2a: Dragonite\n|-status|p2a: Dragonite|tox\n|\n|-damage|p2a: Dragonite|94\/100 tox|[from] psn\n|upkeep\n|turn|2\n|\n|t:|1698517744\n|move|p2a: Dragonite|Dragon Dance|p2a: Dragonite\n|-boost|p2a: Dragonite|atk|1\n|-boost|p2a: Dragonite|spe|1\n|move|p1a: Skarmory|Spikes|p2a: Dragonite\n|-sidestart|p2: BTT2023|Spikes\n|\n|-damage|p2a: Dragonite|82\/100 tox|[from] psn\n|upkeep\n|turn|3\n|\n|t:|1698517750\n|move|p2a: Dragonite|Fire Punch|p1a: Skarmory\n|-supereffective|p1a: Skarmory\n|-damage|p1a: Skarmory|29\/100\n|-damage|p2a: Dragonite|66\/100 tox|[from] item: Rocky Helmet|[of] p1a: Skarmory\n|move|p1a: Skarmory|Spikes|p2a: Dragonite\n|-sidestart|p2: BTT2023|Spikes\n|\n|-damage|p2a: Dragonite|47\/100 tox|[from] psn\n|upkeep\n|turn|4\n|\n|t:|1698517758\n|move|p2a: Dragonite|Fire Punch|p1a: Skarmory\n|-supereffective|p1a: Skarmory\n|-damage|p1a: Skarmory|0 fnt\n|-damage|p2a: Dragonite|31\/100 tox|[from] item: Rocky Helmet|[of] p1a: Skarmory\n|faint|p1a: Skarmory\n|\n|-damage|p2a: Dragonite|6\/100 tox|[from] psn\n|upkeep\n|\n|t:|1698517763\n|switch|p1a: Claydol|Claydol|100\/100\n|turn|5\n|\n|t:|1698517772\n|move|p2a: Dragonite|Dual Wingbeat|p1a: Claydol\n|-damage|p1a: Claydol|52\/100\n|-damage|p1a: Claydol|3\/100\n|-hitcount|p1a: Claydol|2\n|move|p1a: Claydol|Reflect|p1a: Claydol\n|-sidestart|p1: Javionne3|Reflect\n|\n|-damage|p2a: Dragonite|0 fnt|[from] psn\n|faint|p2a: Dragonite\n|upkeep\n|\n|t:|1698517793\n|switch|p2a: Gengar|Gengar, M|100\/100\n|-damage|p2a: Gengar|84\/100|[from] Spikes\n|turn|6\n|\n|t:|1698517800\n|move|p2a: Gengar|Shadow Ball|p1a: Claydol\n|-supereffective|p1a: Claydol\n|-damage|p1a: Claydol|0 fnt\n|faint|p1a: Claydol\n|\n|upkeep\n|\n|t:|1698517804\n|switch|p1a: Carbink|Carbink|100\/100\n|turn|7\n|-activate|p2a: Gengar|item: Quick Claw\n|\n|t:|1698517810\n|move|p2a: Gengar|Psychic|p1a: Carbink\n|-damage|p1a: Carbink|74\/100\n|move|p1a: Carbink|Psychic|p2a: Gengar\n|-supereffective|p2a: Gengar\n|-damage|p2a: Gengar|12\/100\n|-unboost|p2a: Gengar|spd|1\n|\n|upkeep\n|turn|8\n|-activate|p2a: Gengar|item: Quick Claw\n|\n|t:|1698517818\n|move|p2a: Gengar|Shadow Ball|p1a: Carbink\n|-damage|p1a: Carbink|41\/100\n|move|p1a: Carbink|Psychic|p2a: Gengar\n|-supereffective|p2a: Gengar\n|-damage|p2a: Gengar|0 fnt\n|faint|p2a: Gengar\n|\n|upkeep\n|\n|t:|1698517837\n|switch|p2a: Dracovish|Dracovish|100\/100\n|-damage|p2a: Dracovish|84\/100|[from] Spikes\n|turn|9\n|\n|t:|1698517842\n|-terastallize|p2a: Dracovish|Water\n|move|p2a: Dracovish|Fishious Rend|p1a: Carbink\n|-supereffective|p1a: Carbink\n|-crit|p1a: Carbink\n|-damage|p1a: Carbink|0 fnt\n|faint|p1a: Carbink\n|\n|upkeep\n|\n|t:|1698517852\n|switch|p1a: Aerodactyl|Aerodactyl, F|100\/100\n|turn|10\n|\n|t:|1698517856\n|move|p2a: Dracovish|Fishious Rend|p1a: Aerodactyl\n|-supereffective|p1a: Aerodactyl\n|-damage|p1a: Aerodactyl|0 fnt\n|faint|p1a: Aerodactyl\n|\n|upkeep\n|\n|t:|1698517862\n|switch|p1a: Aggron|Aggron, F|100\/100\n|turn|11\n|\n|t:|1698517873\n|move|p2a: Dracovish|Fishious Rend|p1a: Aggron\n|-supereffective|p1a: Aggron\n|-crit|p1a: Aggron\n|-damage|p1a: Aggron|0 fnt\n|faint|p1a: Aggron\n|\n|upkeep\n|\n|t:|1698517875\n|switch|p1a: Metagross|Metagross|100\/100\n|turn|12\n|\n|t:|1698517879\n|detailschange|p1a: Metagross|Metagross-Mega\n|-mega|p1a: Metagross|Metagross|Metagrossite\n|move|p1a: Metagross|Bullet Punch|p2a: Dracovish\n|-resisted|p2a: Dracovish\n|-damage|p2a: Dracovish|68\/100\n|move|p2a: Dracovish|Fishious Rend|p1a: Metagross\n|-crit|p1a: Metagross\n|-damage|p1a: Metagross|23\/100\n|\n|-sideend|p1: Javionne3|Reflect\n|upkeep\n|turn|13\n|\n|t:|1698517886\n|move|p2a: Dracovish|Fishious Rend|p1a: Metagross\n|-damage|p1a: Metagross|0 fnt\n|faint|p1a: Metagross\n|\n|win|BTT2023\n|raw|Javionne3's rating: 1137 &rarr; <strong>1114<\/strong><br \/>(-23 for losing)\n|raw|BTT2023's rating: 1166 &rarr; <strong>1189<\/strong><br \/>(+23 for winning)\n|c|\u2606BTT2023|GG :)\n|c|\u2606Javionne3|gg\n","uploadtime":1698517893,"views":8,"p1id":"javionne3","p2id":"btt2023","formatid":"gen9nationaldexubers","rating":1114,"private":0,"password":""}