{"id":"gen9nationaldexubers-1989806761","p1":"ze kid of koop","p2":"KarmaKazama0","format":"[Gen 9] National Dex Ubers","log":"|j|\u2606ze kid of koop\n|j|\u2606KarmaKazama0\n|t:|1699897334\n|gametype|singles\n|player|p1|ze kid of koop|shauntal|1293\n|player|p2|KarmaKazama0|266|1410\n|teamsize|p1|6\n|teamsize|p2|6\n|gen|9\n|tier|[Gen 9] National Dex Ubers\n|rated|\n|rule|HP Percentage Mod: HP is shown in percentages\n|rule|Endless Battle Clause: Forcing endless battles is banned\n|rule|OHKO Clause: OHKO moves are banned\n|rule|Evasion Moves Clause: Evasion moves are banned\n|rule|Evasion Items Clause: Evasion items are banned\n|rule|Species Clause: Limit one of each Pok\u00e9mon\n|rule|Sleep Clause Mod: Limit one foe put to sleep\n|rule|Mega Rayquaza Clause: You cannot mega evolve Rayquaza\n|clearpoke\n|poke|p1|Gyarados, F|\n|poke|p1|Moltres|\n|poke|p1|Jumpluff, M|\n|poke|p1|Walking Wake|\n|poke|p1|Torkoal, M|\n|poke|p1|Ho-Oh|\n|poke|p2|Zygarde|\n|poke|p2|Yveltal|\n|poke|p2|Groudon|\n|poke|p2|Xerneas-*|\n|poke|p2|Buzzwole|\n|poke|p2|Magearna|\n|teampreview\n|inactive|Battle timer is ON: inactive players will automatically lose when time's up. (requested by ze kid of koop)\n|inactive|ze kid of koop has 120 seconds left.\n|\n|t:|1699897370\n|start\n|switch|p1a: Shiryu|Gyarados, F|100\/100\n|switch|p2a: Groudon|Groudon|100\/100\n|detailschange|p2a: Groudon|Groudon-Primal\n|-primal|p2a: Groudon|Red Orb\n|-weather|DesolateLand|[from] ability: Desolate Land|[of] p2a: Groudon\n|turn|1\n|\n|t:|1699897381\n|move|p2a: Groudon|Rock Polish|p2a: Groudon\n|-boost|p2a: Groudon|spe|2\n|move|p1a: Shiryu|Dragon Dance|p1a: Shiryu\n|-boost|p1a: Shiryu|atk|1\n|-boost|p1a: Shiryu|spe|1\n|\n|-weather|DesolateLand|[upkeep]\n|upkeep\n|turn|2\n|\n|t:|1699897386\n|move|p2a: Groudon|Stone Edge|p1a: Shiryu\n|-supereffective|p1a: Shiryu\n|-damage|p1a: Shiryu|0 fnt\n|faint|p1a: Shiryu\n|\n|-weather|DesolateLand|[upkeep]\n|upkeep\n|\n|t:|1699897396\n|switch|p1a: Torkoal|Torkoal, M, shiny|100\/100\n|-ability|p1a: Torkoal|Drought|[from] desolateland|[fail]\n|turn|3\n|\n|t:|1699897402\n|move|p2a: Groudon|Precipice Blades|p1a: Torkoal\n|-supereffective|p1a: Torkoal\n|-damage|p1a: Torkoal|0 fnt\n|faint|p1a: Torkoal\n|\n|-weather|DesolateLand|[upkeep]\n|upkeep\n|\n|t:|1699897417\n|switch|p1a: Ho-Oh|Ho-Oh, shiny|100\/100\n|turn|4\n|\n|t:|1699897421\n|move|p2a: Groudon|Stone Edge|p1a: Ho-Oh\n|-supereffective|p1a: Ho-Oh\n|-damage|p1a: Ho-Oh|0 fnt\n|faint|p1a: Ho-Oh\n|\n|-weather|DesolateLand|[upkeep]\n|upkeep\n|\n|t:|1699897428\n|switch|p1a: Jumpluff|Jumpluff, M, shiny|100\/100\n|turn|5\n|\n|t:|1699897433\n|move|p2a: Groudon|Fire Punch|p1a: Jumpluff\n|-supereffective|p1a: Jumpluff\n|-damage|p1a: Jumpluff|0 fnt\n|faint|p1a: Jumpluff\n|\n|-weather|DesolateLand|[upkeep]\n|upkeep\n|\n|t:|1699897436\n|switch|p1a: Moltres|Moltres|100\/100\n|-ability|p1a: Moltres|Pressure\n|turn|6\n|\n|t:|1699897442\n|move|p2a: Groudon|Stone Edge|p1a: Moltres\n|-supereffective|p1a: Moltres\n|-damage|p1a: Moltres|0 fnt\n|faint|p1a: Moltres\n|\n|-weather|DesolateLand|[upkeep]\n|upkeep\n|\n|t:|1699897444\n|switch|p1a: Walking Wake|Walking Wake|100\/100\n|turn|7\n|\n|t:|1699897447\n|move|p2a: Groudon|Precipice Blades|p1a: Walking Wake\n|-damage|p1a: Walking Wake|6\/100\n|move|p1a: Walking Wake|Tera Blast|p2a: Groudon\n|-damage|p2a: Groudon|56\/100\n|\n|-weather|DesolateLand|[upkeep]\n|upkeep\n|turn|8\n|\n|t:|1699897450\n|move|p2a: Groudon|Fire Punch|p1a: Walking Wake\n|-resisted|p1a: Walking Wake\n|-damage|p1a: Walking Wake|0 fnt\n|faint|p1a: Walking Wake\n|-end|p1a: Walking Wake|Protosynthesis|[silent]\n|\n|win|KarmaKazama0\n|raw|ze kid of koop's rating: 1293 &rarr; <strong>1276<\/strong><br \/>(-17 for losing)\n|raw|KarmaKazama0's rating: 1410 &rarr; <strong>1424<\/strong><br \/>(+14 for winning)\n|c|\u2606ze kid of koop|gg\n|l|\u2606ze kid of koop\n","uploadtime":1699897456,"views":19,"p1id":"zekidofkoop","p2id":"karmakazama0","formatid":"gen9nationaldexubers","rating":1276,"private":0,"password":""}