{"id":"gen9nationaldexubers-1994283737","p1":"700club","p2":"meghan machim 78","format":"[Gen 9] National Dex Ubers","log":"|j|\u2606700club\n|j|\u2606meghan machim 78\n|t:|1700426898\n|gametype|singles\n|player|p1|700club|shadowtriad|1328\n|player|p2|meghan machim 78|pokemonranger-gen4|1250\n|teamsize|p1|6\n|teamsize|p2|6\n|gen|9\n|tier|[Gen 9] National Dex Ubers\n|rated|\n|rule|HP Percentage Mod: HP is shown in percentages\n|rule|Endless Battle Clause: Forcing endless battles is banned\n|rule|OHKO Clause: OHKO moves are banned\n|rule|Evasion Moves Clause: Evasion moves are banned\n|rule|Evasion Items Clause: Evasion items are banned\n|rule|Species Clause: Limit one of each Pok\u00e9mon\n|rule|Sleep Clause Mod: Limit one foe put to sleep\n|rule|Mega Rayquaza Clause: You cannot mega evolve Rayquaza\n|clearpoke\n|poke|p1|Ogerpon-Hearthflame, F|\n|poke|p1|Ditto|\n|poke|p1|Deoxys-Speed|\n|poke|p1|Mewtwo|\n|poke|p1|Necrozma-Dusk-Mane|\n|poke|p1|Genesect|\n|poke|p2|Groudon|\n|poke|p2|Kangaskhan, F|\n|poke|p2|Necrozma-Dusk-Mane|\n|poke|p2|Kommo-o, F|\n|poke|p2|Liepard, M|\n|poke|p2|Arceus-Fairy|\n|teampreview\n|c|\u2606700club|hi!\n|inactive|Battle timer is ON: inactive players will automatically lose when time's up. (requested by meghan machim 78)\n|\n|t:|1700426918\n|start\n|switch|p1a: Mewtwo|Mewtwo|100\/100\n|switch|p2a: Liepard|Liepard, M|100\/100\n|-ability|p1a: Mewtwo|Unnerve\n|turn|1\n|\n|t:|1700426939\n|switch|p1a: Ogerpon|Ogerpon-Hearthflame, F|100\/100\n|-ability|p1a: Ogerpon|Mold Breaker\n|move|p2a: Liepard|Fake Out|p1a: Ogerpon\n|-damage|p1a: Ogerpon|91\/100\n|\n|upkeep\n|turn|2\n|\n|t:|1700426956\n|-terastallize|p1a: Ogerpon|Fire\n|detailschange|p1a: Ogerpon|Ogerpon-Hearthflame-Tera, F, tera:Fire\n|-ability|p1a: Ogerpon|Embody Aspect (Hearthflame)|boost\n|-boost|p1a: Ogerpon|atk|1\n|move|p2a: Liepard|Thunder Wave|p1a: Ogerpon\n|-status|p1a: Ogerpon|par\n|move|p1a: Ogerpon|Ivy Cudgel|p2a: Liepard|[anim] Ivy Cudgel Fire\n|-damage|p2a: Liepard|0 fnt\n|faint|p2a: Liepard\n|\n|upkeep\n|\n|t:|1700426979\n|switch|p2a: Kangaskhan|Kangaskhan, F|100\/100\n|turn|3\n|\n|t:|1700426988\n|detailschange|p2a: Kangaskhan|Kangaskhan-Mega, F\n|-mega|p2a: Kangaskhan|Kangaskhan|Kangaskhanite\n|move|p2a: Kangaskhan|Fake Out|p1a: Ogerpon\n|-damage|p1a: Ogerpon|68\/100 par\n|-crit|p1a: Ogerpon\n|-damage|p1a: Ogerpon|61\/100 par\n|-hitcount|p1a: Ogerpon|2\n|cant|p1a: Ogerpon|flinch\n|\n|upkeep\n|turn|4\n|\n|t:|1700426995\n|move|p2a: Kangaskhan|Body Slam|p1a: Ogerpon\n|-damage|p1a: Ogerpon|11\/100 par\n|-damage|p1a: Ogerpon|0 fnt\n|faint|p1a: Ogerpon\n|-hitcount|p1: Ogerpon|2\n|\n|upkeep\n|\n|t:|1700427012\n|switch|p1a: Mewtwo|Mewtwo|100\/100\n|-ability|p1a: Mewtwo|Unnerve\n|turn|5\n|\n|t:|1700427019\n|detailschange|p1a: Mewtwo|Mewtwo-Mega-Y\n|-mega|p1a: Mewtwo|Mewtwo|Mewtwonite Y\n|move|p1a: Mewtwo|Psystrike|p2a: Kangaskhan\n|-damage|p2a: Kangaskhan|27\/100\n|move|p2a: Kangaskhan|Body Slam|p1a: Mewtwo\n|-damage|p1a: Mewtwo|41\/100\n|-damage|p1a: Mewtwo|25\/100\n|-status|p1a: Mewtwo|par\n|-hitcount|p1a: Mewtwo|2\n|\n|upkeep\n|turn|6\n|\n|t:|1700427030\n|move|p2a: Kangaskhan|Sucker Punch|p1a: Mewtwo\n|-supereffective|p1a: Mewtwo\n|-damage|p1a: Mewtwo|0 fnt\n|faint|p1a: Mewtwo\n|-hitcount|p1: Mewtwo|1\n|\n|upkeep\n|\n|t:|1700427049\n|switch|p1a: Necrozma|Necrozma-Dusk-Mane|100\/100\n|turn|7\n|\n|t:|1700427061\n|move|p2a: Kangaskhan|Sucker Punch||[still]\n|-fail|p2a: Kangaskhan\n|move|p1a: Necrozma|Dragon Dance|p1a: Necrozma\n|-boost|p1a: Necrozma|atk|1\n|-boost|p1a: Necrozma|spe|1\n|\n|upkeep\n|turn|8\n|\n|t:|1700427072\n|move|p1a: Necrozma|Photon Geyser|p2a: Kangaskhan\n|-damage|p2a: Kangaskhan|0 fnt\n|faint|p2a: Kangaskhan\n|\n|upkeep\n|\n|t:|1700427076\n|switch|p2a: Groudon|Groudon|100\/100\n|detailschange|p2a: Groudon|Groudon-Primal\n|-primal|p2a: Groudon|Red Orb\n|-weather|DesolateLand|[from] ability: Desolate Land|[of] p2a: Groudon\n|turn|9\n|\n|t:|1700427083\n|detailschange|p1a: Necrozma|Necrozma-Ultra\n|-burst|p1a: Necrozma|Necrozma|Ultranecrozium Z\n|move|p1a: Necrozma|Earthquake|p2a: Groudon\n|-supereffective|p2a: Groudon\n|-damage|p2a: Groudon|0 fnt\n|faint|p2a: Groudon\n|-weather|none\n|\n|upkeep\n|\n|t:|1700427089\n|switch|p2a: Arceus|Arceus-Fairy|100\/100\n|turn|10\n|\n|t:|1700427096\n|-zpower|p1a: Necrozma\n|move|p1a: Necrozma|Light That Burns the Sky|p2a: Arceus|[zeffect]\n|-damage|p2a: Arceus|0 fnt\n|faint|p2a: Arceus\n|\n|upkeep\n|-message|meghan machim 78 forfeited.\n|\n|win|700club\n|raw|700club's rating: 1328 &rarr; <strong>1344<\/strong><br \/>(+16 for winning)\n|raw|meghan machim 78's rating: 1250 &rarr; <strong>1231<\/strong><br \/>(-19 for losing)\n|l|\u2606meghan machim 78\n","uploadtime":1700427109,"views":5,"p1id":"700club","p2id":"meghanmachim78","formatid":"gen9nationaldexubers","rating":1231,"private":0,"password":""}