{"id":"gen9nationaldexubers-1989646777","p1":"Just B3A$T","p2":"ANinjaDude","format":"[Gen 9] National Dex Ubers","log":"|j|\u2606Just B3A$T\n|j|\u2606ANinjaDude\n|t:|1699882823\n|gametype|singles\n|player|p1|Just B3A$T|dawn|\n|player|p2|ANinjaDude|volkner|\n|teamsize|p1|6\n|teamsize|p2|6\n|gen|9\n|tier|[Gen 9] National Dex Ubers\n|rule|HP Percentage Mod: HP is shown in percentages\n|rule|Endless Battle Clause: Forcing endless battles is banned\n|rule|OHKO Clause: OHKO moves are banned\n|rule|Evasion Moves Clause: Evasion moves are banned\n|rule|Evasion Items Clause: Evasion items are banned\n|rule|Species Clause: Limit one of each Pok\u00e9mon\n|rule|Sleep Clause Mod: Limit one foe put to sleep\n|rule|Mega Rayquaza Clause: You cannot mega evolve Rayquaza\n|clearpoke\n|poke|p1|Ogerpon-Wellspring, F|\n|poke|p1|Gallade, M|\n|poke|p1|Dragapult, M|\n|poke|p1|Heatran, M|\n|poke|p1|Ting-Lu|\n|poke|p1|Rotom-Fan|\n|poke|p2|Landorus-Therian, M|\n|poke|p2|Celesteela|\n|poke|p2|Thundurus-Therian, M|\n|poke|p2|Dragonite, F|\n|poke|p2|Shaymin-Sky|\n|poke|p2|Iron Valiant|\n|teampreview\n|inactive|Battle timer is ON: inactive players will automatically lose when time's up. (requested by ANinjaDude)\n|inactive|Just B3A$T also wants the timer to be on.\n|c|\u2606ANinjaDude|glhf\n|c|\u2606Just B3A$T|u2\n|c|\u2606Just B3A$T|anti-DNite measures have been taken\n|\n|t:|1699882850\n|start\n|switch|p1a: spinner!!!|Rotom-Fan, shiny|100\/100\n|switch|p2a: Landorus|Landorus-Therian, M|100\/100\n|-ability|p2a: Landorus|Intimidate|boost\n|-unboost|p1a: spinner!!!|atk|1\n|turn|1\n|c|\u2606ANinjaDude|lol\n|\n|t:|1699882854\n|move|p1a: spinner!!!|Hidden Power|p2a: Landorus\n|-supereffective|p2a: Landorus\n|-damage|p2a: Landorus|14\/100\n|move|p2a: Landorus|Stealth Rock|p1a: spinner!!!\n|-sidestart|p1: Just B3A$T|move: Stealth Rock\n|\n|upkeep\n|turn|2\n|\n|t:|1699882860\n|switch|p2a: Iron Valiant|Iron Valiant|100\/100\n|-enditem|p2a: Iron Valiant|Booster Energy\n|-activate|p2a: Iron Valiant|ability: Quark Drive|[fromitem]\n|-start|p2a: Iron Valiant|quarkdrivespe\n|move|p1a: spinner!!!|Hidden Power|p2a: Iron Valiant\n|-damage|p2a: Iron Valiant|66\/100\n|\n|upkeep\n|turn|3\n|\n|t:|1699882869\n|switch|p1a: It's Oger For You!|Ogerpon-Wellspring, F|100\/100\n|-damage|p1a: It's Oger For You!|88\/100|[from] Stealth Rock\n|move|p2a: Iron Valiant|Calm Mind|p2a: Iron Valiant\n|-boost|p2a: Iron Valiant|spa|1\n|-boost|p2a: Iron Valiant|spd|1\n|\n|upkeep\n|turn|4\n|\n|t:|1699882877\n|move|p2a: Iron Valiant|Moonblast|p1a: It's Oger For You!\n|-damage|p1a: It's Oger For You!|9\/100\n|move|p1a: It's Oger For You!|Ivy Cudgel|p2a: Iron Valiant\n|-damage|p2a: Iron Valiant|0 fnt\n|faint|p2a: Iron Valiant\n|-end|p2a: Iron Valiant|Quark Drive|[silent]\n|\n|upkeep\n|\n|t:|1699882881\n|switch|p2a: Dragonite|Dragonite, F|100\/100\n|turn|5\n|\n|t:|1699882884\n|move|p2a: Dragonite|Extreme Speed|p1a: It's Oger For You!\n|-damage|p1a: It's Oger For You!|0 fnt\n|faint|p1a: It's Oger For You!\n|\n|upkeep\n|\n|t:|1699882887\n|switch|p1a: cauldron bull|Ting-Lu|100\/100\n|-damage|p1a: cauldron bull|94\/100|[from] Stealth Rock\n|-ability|p1a: cauldron bull|Vessel of Ruin\n|turn|6\n|\n|t:|1699882891\n|switch|p2a: Landorus|Landorus-Therian, M|14\/100\n|-ability|p2a: Landorus|Intimidate|boost\n|-unboost|p1a: cauldron bull|atk|1\n|move|p1a: cauldron bull|Mean Look|p2a: Landorus\n|-activate|p2a: Landorus|trapped\n|\n|upkeep\n|turn|7\n|\n|t:|1699882896\n|switch|p1a: spinner!!!|Rotom-Fan, shiny|100\/100\n|-damage|p1a: spinner!!!|76\/100|[from] Stealth Rock\n|move|p2a: Landorus|Imprison|p2a: Landorus\n|-start|p2a: Landorus|move: Imprison\n|\n|upkeep\n|turn|8\n|\n|t:|1699882900\n|move|p1a: spinner!!!|Hidden Power|p2a: Landorus\n|-supereffective|p2a: Landorus\n|-damage|p2a: Landorus|0 fnt\n|faint|p2a: Landorus\n|\n|upkeep\n|\n|t:|1699882903\n|switch|p2a: Celesteela|Celesteela|100\/100\n|turn|9\n|\n|t:|1699882906\n|switch|p1a: Steampunk|Heatran, M|100\/100\n|-damage|p1a: Steampunk|88\/100|[from] Stealth Rock\n|-item|p1a: Steampunk|Air Balloon\n|move|p2a: Celesteela|Autotomize|p2a: Celesteela\n|-boost|p2a: Celesteela|spe|2\n|-start|p2a: Celesteela|Autotomize\n|\n|upkeep\n|turn|10\n|\n|t:|1699882911\n|-terastallize|p2a: Celesteela|Dragon\n|move|p2a: Celesteela|Meteor Beam||[still]\n|-prepare|p2a: Celesteela|Meteor Beam\n|-boost|p2a: Celesteela|spa|1\n|-enditem|p2a: Celesteela|Power Herb\n|-anim|p2a: Celesteela|Meteor Beam|p1a: Steampunk|[miss]\n|-miss|p2a: Celesteela|p1a: Steampunk\n|move|p1a: Steampunk|Lava Plume|p2a: Celesteela\n|-resisted|p2a: Celesteela\n|-damage|p2a: Celesteela|83\/100\n|\n|upkeep\n|turn|11\n|\n|t:|1699882916\n|move|p2a: Celesteela|Air Slash|p1a: Steampunk\n|-resisted|p1a: Steampunk\n|-damage|p1a: Steampunk|72\/100\n|-enditem|p1a: Steampunk|Air Balloon\n|move|p1a: Steampunk|Taunt|p2a: Celesteela\n|-start|p2a: Celesteela|move: Taunt\n|\n|upkeep\n|turn|12\n|\n|t:|1699882922\n|move|p2a: Celesteela|Meteor Beam||[still]\n|-prepare|p2a: Celesteela|Meteor Beam\n|-boost|p2a: Celesteela|spa|1\n|move|p1a: Steampunk|Earth Power|p2a: Celesteela\n|-damage|p2a: Celesteela|58\/100\n|\n|upkeep\n|turn|13\n|\n|t:|1699882927\n|move|p2a: Celesteela|Meteor Beam|p1a: Steampunk|[from]lockedmove\n|-damage|p1a: Steampunk|24\/100\n|move|p1a: Steampunk|Will-O-Wisp|p2a: Celesteela\n|-status|p2a: Celesteela|brn\n|\n|-damage|p2a: Celesteela|52\/100 brn|[from] brn\n|upkeep\n|turn|14\n|\n|t:|1699882931\n|move|p2a: Celesteela|Air Slash|p1a: Steampunk\n|-resisted|p1a: Steampunk\n|-damage|p1a: Steampunk|3\/100\n|move|p1a: Steampunk|Earth Power|p2a: Celesteela\n|-damage|p2a: Celesteela|26\/100 brn\n|\n|-damage|p2a: Celesteela|20\/100 brn|[from] brn\n|-end|p2a: Celesteela|move: Taunt\n|upkeep\n|turn|15\n|\n|t:|1699882934\n|move|p2a: Celesteela|Air Slash|p1a: Steampunk\n|-resisted|p1a: Steampunk\n|-damage|p1a: Steampunk|0 fnt\n|faint|p1a: Steampunk\n|-ability|p2a: Celesteela|Beast Boost|boost\n|-boost|p2a: Celesteela|spa|1\n|\n|-damage|p2a: Celesteela|14\/100 brn|[from] brn\n|upkeep\n|\n|t:|1699882939\n|switch|p1a: Ronin|Gallade, M, shiny|100\/100\n|-damage|p1a: Ronin|94\/100|[from] Stealth Rock\n|turn|16\n|\n|t:|1699882943\n|detailschange|p1a: Ronin|Gallade-Mega, M, shiny\n|-mega|p1a: Ronin|Gallade|Galladite\n|move|p1a: Ronin|Shadow Sneak|p2a: Celesteela\n|-damage|p2a: Celesteela|0 fnt\n|faint|p2a: Celesteela\n|\n|upkeep\n|\n|t:|1699882948\n|switch|p2a: Dragonite|Dragonite, F|100\/100\n|turn|17\n|\n|t:|1699882954\n|move|p1a: Ronin|Ice Punch|p2a: Dragonite\n|-supereffective|p2a: Dragonite\n|-damage|p2a: Dragonite|32\/100\n|move|p2a: Dragonite|Dragon Dance|p2a: Dragonite\n|-boost|p2a: Dragonite|atk|1\n|-boost|p2a: Dragonite|spe|1\n|\n|upkeep\n|turn|18\n|c|\u2606Just B3A$T|hmm\n|c|\u2606ANinjaDude|lol\n|inactive|Just B3A$T has 270 seconds left.\n|\n|t:|1699882987\n|switch|p1a: cauldron bull|Ting-Lu|94\/100\n|-damage|p1a: cauldron bull|88\/100|[from] Stealth Rock\n|-ability|p1a: cauldron bull|Vessel of Ruin\n|move|p2a: Dragonite|Earthquake|p1a: cauldron bull\n|-damage|p1a: cauldron bull|67\/100\n|\n|upkeep\n|turn|19\n|\n|t:|1699882994\n|move|p2a: Dragonite|Roost|p2a: Dragonite\n|-heal|p2a: Dragonite|82\/100\n|-singleturn|p2a: Dragonite|move: Roost\n|move|p1a: cauldron bull|Stealth Rock|p2a: Dragonite\n|-sidestart|p2: ANinjaDude|move: Stealth Rock\n|\n|upkeep\n|turn|20\n|\n|t:|1699882998\n|move|p2a: Dragonite|Dragon Dance|p2a: Dragonite\n|-boost|p2a: Dragonite|atk|1\n|-boost|p2a: Dragonite|spe|1\n|move|p1a: cauldron bull|Ruination|p2a: Dragonite\n|-damage|p2a: Dragonite|41\/100\n|\n|upkeep\n|turn|21\n|\n|t:|1699883001\n|move|p2a: Dragonite|Earthquake|p1a: cauldron bull\n|-damage|p1a: cauldron bull|36\/100\n|move|p1a: cauldron bull|Mean Look|p2a: Dragonite\n|-activate|p2a: Dragonite|trapped\n|\n|upkeep\n|turn|22\n|\n|t:|1699883011\n|move|p2a: Dragonite|Roost|p2a: Dragonite\n|-heal|p2a: Dragonite|92\/100\n|-singleturn|p2a: Dragonite|move: Roost\n|move|p1a: cauldron bull|Ruination|p2a: Dragonite\n|-damage|p2a: Dragonite|46\/100\n|\n|upkeep\n|turn|23\n|\n|t:|1699883014\n|move|p2a: Dragonite|Dragon Dance|p2a: Dragonite\n|-boost|p2a: Dragonite|atk|1\n|-boost|p2a: Dragonite|spe|1\n|move|p1a: cauldron bull|Ruination|p2a: Dragonite\n|-damage|p2a: Dragonite|23\/100\n|\n|upkeep\n|turn|24\n|\n|t:|1699883017\n|move|p2a: Dragonite|Roost|p2a: Dragonite\n|-heal|p2a: Dragonite|74\/100\n|-singleturn|p2a: Dragonite|move: Roost\n|move|p1a: cauldron bull|Whirlwind|p2a: Dragonite\n|drag|p2a: Shaymin|Shaymin-Sky|100\/100\n|-damage|p2a: Shaymin|76\/100|[from] Stealth Rock\n|\n|upkeep\n|turn|25\n|\n|t:|1699883024\n|move|p2a: Shaymin|Air Slash|p1a: cauldron bull\n|-damage|p1a: cauldron bull|15\/100\n|move|p1a: cauldron bull|Ruination|p2a: Shaymin\n|-damage|p2a: Shaymin|38\/100\n|\n|upkeep\n|turn|26\n|\n|t:|1699883029\n|move|p2a: Shaymin|Air Slash|p1a: cauldron bull\n|-damage|p1a: cauldron bull|0 fnt\n|faint|p1a: cauldron bull\n|\n|upkeep\n|\n|t:|1699883034\n|switch|p1a: spinner!!!|Rotom-Fan, shiny|76\/100\n|-damage|p1a: spinner!!!|51\/100|[from] Stealth Rock\n|turn|27\n|\n|t:|1699883038\n|move|p2a: Shaymin|Air Slash|p1a: spinner!!!\n|-resisted|p1a: spinner!!!\n|-damage|p1a: spinner!!!|28\/100\n|move|p1a: spinner!!!|Volt Switch|p2a: Shaymin\n|-damage|p2a: Shaymin|0 fnt\n|faint|p2a: Shaymin\n|\n|t:|1699883044\n|switch|p1a: Ronin|Gallade-Mega, M, shiny|94\/100|[from] Volt Switch\n|-damage|p1a: Ronin|88\/100|[from] Stealth Rock\n|\n|upkeep\n|\n|t:|1699883048\n|switch|p2a: Thundurus|Thundurus-Therian, M|100\/100\n|turn|28\n|c|\u2606Just B3A$T|NO MORE STRUGGLE\n|\n|t:|1699883056\n|move|p1a: Ronin|Ice Punch|p2a: Thundurus\n|-supereffective|p2a: Thundurus\n|-crit|p2a: Thundurus\n|-damage|p2a: Thundurus|0 fnt\n|faint|p2a: Thundurus\n|\n|upkeep\n|\n|t:|1699883060\n|switch|p2a: Dragonite|Dragonite, F|74\/100\n|turn|29\n|c|\u2606Just B3A$T|yes\n|c|\u2606ANinjaDude|that crit was semi-necessary\n|c|\u2606Just B3A$T|YES\n|\n|t:|1699883067\n|move|p1a: Ronin|Ice Punch|p2a: Dragonite\n|-supereffective|p2a: Dragonite\n|-damage|p2a: Dragonite|0 fnt\n|faint|p2a: Dragonite\n|\n|win|Just B3A$T\n|c|\u2606Just B3A$T|well\n|c|\u2606ANinjaDude|i misplayed too\n|c|\u2606Just B3A$T|I had Pult\n|c|\u2606Just B3A$T|so\n|c|\u2606Just B3A$T|gg\n|c|\u2606ANinjaDude|i should have EQed when you whirlwinded\n|c|\u2606ANinjaDude|ggs\n|c|\u2606Just B3A$T|yep\n","uploadtime":1699883086,"views":7,"p1id":"justb3at","p2id":"aninjadude","formatid":"gen9nationaldexubers","rating":0,"private":0,"password":""}