{"id":"gen9nationaldexubers-1978890355","p1":"aguinaldo124","p2":"ArgenPolmerica","format":"[Gen 9] National Dex Ubers","log":"|j|\u2606aguinaldo124\n|j|\u2606ArgenPolmerica\n|t:|1698607018\n|gametype|singles\n|player|p1|aguinaldo124|red|1064\n|player|p2|ArgenPolmerica|aaron|1186\n|teamsize|p1|6\n|teamsize|p2|6\n|gen|9\n|tier|[Gen 9] National Dex Ubers\n|rated|\n|rule|HP Percentage Mod: HP is shown in percentages\n|rule|Endless Battle Clause: Forcing endless battles is banned\n|rule|OHKO Clause: OHKO moves are banned\n|rule|Evasion Moves Clause: Evasion moves are banned\n|rule|Evasion Items Clause: Evasion items are banned\n|rule|Species Clause: Limit one of each Pok\u00e9mon\n|rule|Sleep Clause Mod: Limit one foe put to sleep\n|rule|Mega Rayquaza Clause: You cannot mega evolve Rayquaza\n|clearpoke\n|poke|p1|Hydreigon, F|\n|poke|p1|Heracross, F|\n|poke|p1|Corviknight, M|\n|poke|p1|Glimmora, F|\n|poke|p1|Ceruledge, M|\n|poke|p1|Ferrothorn, F|\n|poke|p2|Dragapult, F|\n|poke|p2|Dracovish|\n|poke|p2|Groudon|\n|poke|p2|Lugia|\n|poke|p2|Zacian-*|\n|poke|p2|Regieleki|\n|teampreview\n|\n|t:|1698607022\n|start\n|switch|p1a: Nihi-LEGO|Glimmora, F|100\/100\n|switch|p2a: California|Groudon|100\/100\n|detailschange|p2a: California|Groudon-Primal\n|-primal|p2a: California|Red Orb\n|-weather|DesolateLand|[from] ability: Desolate Land|[of] p2a: California\n|turn|1\n|c|\u2606aguinaldo124|Do you like ultra beasts?\n|\n|t:|1698607037\n|move|p1a: Nihi-LEGO|Mortal Spin|p2a: California\n|-resisted|p2a: California\n|-damage|p2a: California|98\/100\n|-status|p2a: California|psn\n|move|p2a: California|Rock Polish|p2a: California\n|-boost|p2a: California|spe|2\n|\n|-weather|DesolateLand|[upkeep]\n|-damage|p2a: California|86\/100 psn|[from] psn\n|upkeep\n|turn|2\n|\n|t:|1698607049\n|move|p2a: California|Bulk Up|p2a: California\n|-boost|p2a: California|atk|1\n|-boost|p2a: California|def|1\n|move|p1a: Nihi-LEGO|Stealth Rock|p2a: California\n|-sidestart|p2: ArgenPolmerica|move: Stealth Rock\n|\n|-weather|DesolateLand|[upkeep]\n|-damage|p2a: California|74\/100 psn|[from] psn\n|upkeep\n|turn|3\n|\n|t:|1698607058\n|move|p2a: California|Earthquake|p1a: Nihi-LEGO\n|-supereffective|p1a: Nihi-LEGO\n|-damage|p1a: Nihi-LEGO|0 fnt\n|-activate|p1a: Nihi-LEGO|ability: Toxic Debris\n|-sidestart|p2: ArgenPolmerica|move: Toxic Spikes\n|faint|p1a: Nihi-LEGO\n|\n|-weather|DesolateLand|[upkeep]\n|-damage|p2a: California|61\/100 psn|[from] psn\n|upkeep\n|\n|t:|1698607077\n|switch|p1a: GUZZLORDE|Hydreigon, F|100\/100\n|turn|4\n|\n|t:|1698607082\n|move|p2a: California|Earthquake|p1a: GUZZLORDE\n|-immune|p1a: GUZZLORDE|[from] ability: Levitate\n|move|p1a: GUZZLORDE|Earth Power|p2a: California\n|-supereffective|p2a: California\n|-damage|p2a: California|0 fnt\n|faint|p2a: California\n|-weather|none\n|\n|upkeep\n|\n|t:|1698607089\n|switch|p2a: Hurricane Lord|Lugia|100\/100\n|turn|5\n|\n|t:|1698607100\n|switch|p1a: K4RTANA|Ferrothorn, F|100\/100\n|move|p2a: Hurricane Lord|Defog|p1a: K4RTANA\n|-unboost|p1a: K4RTANA|evasion|1\n|-sideend|p2: ArgenPolmerica|Toxic Spikes|[from] move: Defog|[of] p2a: Hurricane Lord\n|-sideend|p2: ArgenPolmerica|Stealth Rock|[from] move: Defog|[of] p2a: Hurricane Lord\n|\n|upkeep\n|turn|6\n|\n|t:|1698607108\n|move|p2a: Hurricane Lord|Aeroblast|p1a: K4RTANA\n|-damage|p1a: K4RTANA|68\/100\n|move|p1a: K4RTANA|Knock Off|p2a: Hurricane Lord\n|-supereffective|p2a: Hurricane Lord\n|-damage|p2a: Hurricane Lord|85\/100\n|-enditem|p2a: Hurricane Lord|Heavy-Duty Boots|[from] move: Knock Off|[of] p1a: K4RTANA\n|\n|-heal|p1a: K4RTANA|74\/100|[from] item: Leftovers\n|upkeep\n|turn|7\n|\n|t:|1698607135\n|switch|p2a: B-2 Spirit|Dragapult, F|100\/100\n|move|p1a: K4RTANA|Thunder Wave|p2a: B-2 Spirit\n|-status|p2a: B-2 Spirit|par\n|\n|-heal|p1a: K4RTANA|81\/100|[from] item: Leftovers\n|upkeep\n|turn|8\n|inactive|Battle timer is ON: inactive players will automatically lose when time's up. (requested by aguinaldo124)\n|\n|t:|1698607145\n|switch|p1a: BL4CEPHALON|Ceruledge, M|100\/100\n|cant|p2a: B-2 Spirit|par\n|\n|upkeep\n|turn|9\n|\n|t:|1698607152\n|move|p1a: BL4CEPHALON|Swords Dance|p1a: BL4CEPHALON\n|-boost|p1a: BL4CEPHALON|atk|2\n|cant|p2a: B-2 Spirit|par\n|\n|upkeep\n|turn|10\n|\n|t:|1698607161\n|move|p2a: B-2 Spirit|Sucker Punch||[still]\n|-fail|p2a: B-2 Spirit\n|move|p1a: BL4CEPHALON|Swords Dance|p1a: BL4CEPHALON\n|-boost|p1a: BL4CEPHALON|atk|2\n|\n|upkeep\n|turn|11\n|\n|t:|1698607167\n|move|p1a: BL4CEPHALON|Shadow Sneak|p2a: B-2 Spirit\n|-supereffective|p2a: B-2 Spirit\n|-damage|p2a: B-2 Spirit|0 fnt\n|faint|p2a: B-2 Spirit\n|\n|upkeep\n|\n|t:|1698607182\n|switch|p2a: Zacian|Zacian-Crowned|100\/100\n|-ability|p2a: Zacian|Intrepid Sword|boost\n|-boost|p2a: Zacian|atk|1\n|turn|12\n|\n|t:|1698607189\n|move|p2a: Zacian|Behemoth Blade|p1a: BL4CEPHALON\n|-resisted|p1a: BL4CEPHALON\n|-damage|p1a: BL4CEPHALON|33\/100\n|move|p1a: BL4CEPHALON|Bitter Blade|p2a: Zacian\n|-supereffective|p2a: Zacian\n|-damage|p2a: Zacian|0 fnt\n|-heal|p1a: BL4CEPHALON|90\/100|[from] drain|[of] p2a: Zacian\n|faint|p2a: Zacian\n|\n|upkeep\n|-message|ArgenPolmerica forfeited.\n|\n|win|aguinaldo124\n|raw|aguinaldo124's rating: 1064 &rarr; <strong>1105<\/strong><br \/>(+41 for winning)\n|raw|ArgenPolmerica's rating: 1186 &rarr; <strong>1153<\/strong><br \/>(-33 for losing)\n|l|\u2606ArgenPolmerica\n","uploadtime":1698607211,"views":11,"p1id":"aguinaldo124","p2id":"argenpolmerica","formatid":"gen9nationaldexubers","rating":1105,"private":0,"password":""}