{"id":"gen9nationaldexubers-1986852764","p1":"iamatree98","p2":"85792195wwww","format":"[Gen 9] National Dex Ubers","log":"|j|\u2606iamatree98\n|j|\u260685792195wwww\n|t:|1699534223\n|gametype|singles\n|player|p1|iamatree98|170|1676\n|player|p2|85792195wwww|mira|1763\n|teamsize|p1|6\n|teamsize|p2|6\n|gen|9\n|tier|[Gen 9] National Dex Ubers\n|rated|\n|rule|HP Percentage Mod: HP is shown in percentages\n|rule|Endless Battle Clause: Forcing endless battles is banned\n|rule|OHKO Clause: OHKO moves are banned\n|rule|Evasion Moves Clause: Evasion moves are banned\n|rule|Evasion Items Clause: Evasion items are banned\n|rule|Species Clause: Limit one of each Pok\u00e9mon\n|rule|Sleep Clause Mod: Limit one foe put to sleep\n|rule|Mega Rayquaza Clause: You cannot mega evolve Rayquaza\n|clearpoke\n|poke|p1|Magearna|\n|poke|p1|Cresselia, F|\n|poke|p1|Rayquaza|\n|poke|p1|Porygon2|\n|poke|p1|Melmetal|\n|poke|p1|Kyogre|\n|poke|p2|Ribombee, M|\n|poke|p2|Arceus-Ground|\n|poke|p2|Groudon|\n|poke|p2|Krookodile, F|\n|poke|p2|Gholdengo|\n|poke|p2|Kyurem-Black|\n|teampreview\n|inactive|Battle timer is ON: inactive players will automatically lose when time's up. (requested by iamatree98)\n|\n|t:|1699534235\n|start\n|switch|p1a: Porygon2|Porygon2|100\/100\n|switch|p2a: Ribombee|Ribombee, M|100\/100\n|-ability|p1a: Porygon2|Shield Dust|[from] ability: Trace|[of] p2a: Ribombee\n|turn|1\n|\n|t:|1699534244\n|move|p1a: Porygon2|Magic Coat|p1a: Porygon2\n|-singleturn|p1a: Porygon2|move: Magic Coat\n|move|p2a: Ribombee|Switcheroo|p1a: Porygon2\n|-activate|p2a: Ribombee|move: Trick|[of] p1a: Porygon2\n|-item|p1a: Porygon2|Focus Sash|[from] move: Switcheroo\n|-item|p2a: Ribombee|Eviolite|[from] move: Switcheroo\n|\n|upkeep\n|turn|2\n|\n|t:|1699534252\n|move|p1a: Porygon2|Magic Coat|p1a: Porygon2\n|-singleturn|p1a: Porygon2|move: Magic Coat\n|move|p2a: Ribombee|Moonblast|p1a: Porygon2\n|-damage|p1a: Porygon2|72\/100\n|\n|upkeep\n|turn|3\n|\n|t:|1699534259\n|move|p2a: Ribombee|Moonblast|p1a: Porygon2\n|-damage|p1a: Porygon2|42\/100\n|move|p1a: Porygon2|Recover|p1a: Porygon2\n|-heal|p1a: Porygon2|92\/100\n|\n|upkeep\n|turn|4\n|\n|t:|1699534266\n|move|p1a: Porygon2|Magic Coat|p1a: Porygon2\n|-singleturn|p1a: Porygon2|move: Magic Coat\n|move|p2a: Ribombee|Moonblast|p1a: Porygon2\n|-damage|p1a: Porygon2|63\/100\n|\n|upkeep\n|turn|5\n|\n|t:|1699534273\n|move|p2a: Ribombee|Moonblast|p1a: Porygon2\n|-damage|p1a: Porygon2|35\/100\n|move|p1a: Porygon2|Recover|p1a: Porygon2\n|-heal|p1a: Porygon2|85\/100\n|\n|upkeep\n|turn|6\n|\n|t:|1699534280\n|move|p2a: Ribombee|Moonblast|p1a: Porygon2\n|-damage|p1a: Porygon2|56\/100\n|move|p1a: Porygon2|Trick Room|p1a: Porygon2\n|-fieldstart|move: Trick Room|[of] p1a: Porygon2\n|\n|upkeep\n|turn|7\n|\n|t:|1699534287\n|switch|p1a: Melmetal|Melmetal|100\/100\n|move|p2a: Ribombee|Sticky Web|p1a: Melmetal\n|-sidestart|p1: iamatree98|move: Sticky Web\n|\n|upkeep\n|turn|8\n|\n|t:|1699534295\n|-terastallize|p1a: Melmetal|Steel\n|move|p1a: Melmetal|Double Iron Bash|p2a: Ribombee\n|-supereffective|p2a: Ribombee\n|-damage|p2a: Ribombee|0 fnt\n|faint|p2a: Ribombee\n|-hitcount|p2: Ribombee|1\n|\n|upkeep\n|\n|t:|1699534309\n|switch|p2a: Krookodile|Krookodile, F|100\/100\n|-ability|p2a: Krookodile|Intimidate|boost\n|-unboost|p1a: Melmetal|atk|1\n|turn|9\n|\n|t:|1699534317\n|switch|p1a: Porygon2|Porygon2|56\/100\n|-activate|p1a: Porygon2|move: Sticky Web\n|-unboost|p1a: Porygon2|spe|1\n|-ability|p1a: Porygon2|Intimidate|boost\n|-unboost|p2a: Krookodile|atk|1\n|-ability|p1a: Porygon2|Intimidate|[from] ability: Trace|[of] p2a: Krookodile\n|switch|p2a: Kyurem|Kyurem-Black|100\/100\n|-ability|p2a: Kyurem|Teravolt\n|\n|upkeep\n|turn|10\n|\n|t:|1699534334\n|move|p1a: Porygon2|Recover|p1a: Porygon2\n|-heal|p1a: Porygon2|100\/100\n|move|p2a: Kyurem|Dragon Dance|p2a: Kyurem\n|-boost|p2a: Kyurem|atk|1\n|-boost|p2a: Kyurem|spe|1\n|\n|-fieldend|move: Trick Room\n|upkeep\n|turn|11\n|\n|t:|1699534344\n|move|p2a: Kyurem|Icicle Spear|p1a: Porygon2\n|-damage|p1a: Porygon2|75\/100\n|-damage|p1a: Porygon2|51\/100\n|-damage|p1a: Porygon2|25\/100\n|-damage|p1a: Porygon2|3\/100\n|-damage|p1a: Porygon2|0 fnt\n|faint|p1a: Porygon2\n|-hitcount|p1: Porygon2|5\n|\n|upkeep\n|\n|t:|1699534348\n|switch|p1a: Magearna|Magearna|100\/100\n|-activate|p1a: Magearna|move: Sticky Web\n|-unboost|p1a: Magearna|spe|1\n|-enditem|p1a: Magearna|Eject Pack\n|\n|t:|1699534351\n|switch|p1a: Melmetal|Melmetal, tera:Steel|100\/100\n|-activate|p1a: Melmetal|move: Sticky Web\n|-unboost|p1a: Melmetal|spe|1\n|turn|12\n|\n|t:|1699534372\n|move|p2a: Kyurem|Fusion Bolt|p1a: Melmetal\n|-damage|p1a: Melmetal|67\/100\n|move|p1a: Melmetal|Double Iron Bash|p2a: Kyurem\n|-supereffective|p2a: Kyurem\n|-damage|p2a: Kyurem|0 fnt\n|faint|p2a: Kyurem\n|-hitcount|p2: Kyurem|1\n|\n|upkeep\n|\n|t:|1699534382\n|switch|p2a: Krookodile|Krookodile, F|100\/100\n|-ability|p2a: Krookodile|Intimidate|boost\n|-unboost|p1a: Melmetal|atk|1\n|turn|13\n|\n|t:|1699534393\n|switch|p1a: Rayquaza|Rayquaza|100\/100\n|-ability|p1a: Rayquaza|Air Lock\n|move|p2a: Krookodile|Stealth Rock|p1a: Rayquaza\n|-sidestart|p1: iamatree98|move: Stealth Rock\n|\n|upkeep\n|turn|14\n|\n|t:|1699534405\n|move|p2a: Krookodile|Knock Off|p1a: Rayquaza\n|-damage|p1a: Rayquaza|55\/100\n|-enditem|p1a: Rayquaza|Choice Band|[from] move: Knock Off|[of] p2a: Krookodile\n|move|p1a: Rayquaza|Dragon Ascent|p2a: Krookodile\n|-damage|p2a: Krookodile|11\/100\n|-unboost|p1a: Rayquaza|def|1\n|-unboost|p1a: Rayquaza|spd|1\n|\n|upkeep\n|turn|15\n|\n|t:|1699534415\n|switch|p2a: Arceus|Arceus-Ground|100\/100\n|move|p1a: Rayquaza|Extreme Speed|p2a: Arceus\n|-damage|p2a: Arceus|76\/100\n|\n|upkeep\n|turn|16\n|inactive|85792195wwww has 120 seconds left.\n|\n|t:|1699534439\n|switch|p1a: Cresselia|Cresselia, F|100\/100\n|-damage|p1a: Cresselia|88\/100|[from] Stealth Rock\n|move|p2a: Arceus|Swords Dance|p2a: Arceus\n|-boost|p2a: Arceus|atk|2\n|\n|upkeep\n|turn|17\n|\n|t:|1699534448\n|move|p2a: Arceus|Taunt|p1a: Cresselia\n|-start|p1a: Cresselia|move: Taunt\n|-enditem|p1a: Cresselia|Mental Herb\n|-end|p1a: Cresselia|move: Taunt\n|move|p1a: Cresselia|Trick Room|p1a: Cresselia\n|-fieldstart|move: Trick Room|[of] p1a: Cresselia\n|\n|upkeep\n|turn|18\n|\n|t:|1699534458\n|switch|p1a: Melmetal|Melmetal, tera:Steel|67\/100\n|-activate|p1a: Melmetal|move: Sticky Web\n|-unboost|p1a: Melmetal|spe|1\n|-damage|p1a: Melmetal|60\/100|[from] Stealth Rock\n|move|p2a: Arceus|Earthquake|p1a: Melmetal\n|-supereffective|p1a: Melmetal\n|-damage|p1a: Melmetal|0 fnt\n|faint|p1a: Melmetal\n|\n|upkeep\n|-message|iamatree98 forfeited.\n|\n|win|85792195wwww\n|raw|iamatree98's rating: 1676 &rarr; <strong>1661<\/strong><br \/>(-15 for losing)\n|raw|85792195wwww's rating: 1763 &rarr; <strong>1778<\/strong><br \/>(+15 for winning)\n","uploadtime":1699534477,"views":6,"p1id":"iamatree98","p2id":"85792195wwww","formatid":"gen9nationaldexubers","rating":1661,"private":0,"password":""}