{"id":"gen9nationaldexubers-1979026145","p1":"Tazz21","p2":"Hachachino","format":"[Gen 9] National Dex Ubers","log":"|j|\u2606Tazz21\n|j|\u2606Hachachino\n|t:|1698622758\n|gametype|singles\n|player|p1|Tazz21|crasherwake|\n|player|p2|Hachachino|ghetsis|\n|teamsize|p1|6\n|teamsize|p2|6\n|gen|9\n|tier|[Gen 9] National Dex Ubers\n|rule|HP Percentage Mod: HP is shown in percentages\n|rule|Endless Battle Clause: Forcing endless battles is banned\n|rule|OHKO Clause: OHKO moves are banned\n|rule|Evasion Moves Clause: Evasion moves are banned\n|rule|Evasion Items Clause: Evasion items are banned\n|rule|Species Clause: Limit one of each Pok\u00e9mon\n|rule|Sleep Clause Mod: Limit one foe put to sleep\n|rule|Mega Rayquaza Clause: You cannot mega evolve Rayquaza\n|clearpoke\n|poke|p1|Palkia|\n|poke|p1|Kartana|\n|poke|p1|Hatterene, F|\n|poke|p1|Kyurem-Black|\n|poke|p1|Blacephalon|\n|poke|p1|Yveltal|\n|poke|p2|Volcarona, M|\n|poke|p2|Arceus-Dark|\n|poke|p2|Metagross|\n|poke|p2|Milotic, F|\n|poke|p2|Genesect|\n|poke|p2|Ninetales-Alola, M|\n|teampreview\n|c|\u2606Hachachino|GLHF\n|c|\u2606Hachachino|Do you want me to post the game or you?\n|c|\u2606Tazz21|got you\n|c|\u2606Hachachino|Oh nevermind\n|c|\u2606Hachachino|HThank you\n|j| Berryandon\n|j| AbstractVoid\n|\n|t:|1698622938\n|start\n|switch|p1a: this is a bomb|Blacephalon, shiny|100\/100\n|switch|p2a: Foreigner|Ninetales-Alola, M, shiny|100\/100\n|-weather|Snow|[from] ability: Snow Warning|[of] p2a: Foreigner\n|turn|1\n|c| Berryandon|is that a bomb?\n|c|\u2606Tazz21|This is a bomb.\n|\n|t:|1698622970\n|move|p1a: this is a bomb|Flamethrower|p2a: Foreigner\n|-supereffective|p2a: Foreigner\n|-damage|p2a: Foreigner|2\/100\n|move|p2a: Foreigner|Aurora Veil|p2a: Foreigner\n|-sidestart|p2: Hachachino|move: Aurora Veil\n|\n|-weather|Snow|[upkeep]\n|upkeep\n|turn|2\n|\n|t:|1698622978\n|switch|p2a: Milotic|Milotic, F|100\/100\n|move|p1a: this is a bomb|Flamethrower|p2a: Milotic\n|-resisted|p2a: Milotic\n|-damage|p2a: Milotic|93\/100\n|\n|-weather|Snow|[upkeep]\n|upkeep\n|turn|3\n|\n|t:|1698623002\n|switch|p1a: wings with teeth|Yveltal, shiny|100\/100\n|-ability|p1a: wings with teeth|Dark Aura\n|move|p2a: Milotic|Scald|p1a: wings with teeth\n|-damage|p1a: wings with teeth|78\/100\n|\n|-weather|Snow|[upkeep]\n|upkeep\n|turn|4\n|c|\u2606Hachachino|I forgot to rename Milotic\n|\n|t:|1698623038\n|move|p1a: wings with teeth|Toxic|p2a: Milotic\n|-status|p2a: Milotic|tox\n|move|p2a: Milotic|Mirror Coat||[still]\n|-fail|p2a: Milotic\n|\n|-weather|Snow|[upkeep]\n|-damage|p2a: Milotic|87\/100 tox|[from] psn\n|upkeep\n|turn|5\n|j| HopeAddict\n|\n|t:|1698623061\n|switch|p2a: Megatron|Genesect, shiny|100\/100\n|-ability|p2a: Megatron|Download|boost\n|-boost|p2a: Megatron|atk|1\n|move|p1a: wings with teeth|Defog|p2a: Megatron\n|-unboost|p2a: Megatron|evasion|1\n|-sideend|p2: Hachachino|move: Aurora Veil\n|\n|-weather|none\n|upkeep\n|turn|6\n|c| HopeAddict|henlo gmares\n|c| Berryandon|anything can rin toxic if youre pbrave enough ig\n|\n|t:|1698623079\n|switch|p1a: the slamma|Palkia|100\/100\n|-ability|p1a: the slamma|Pressure\n|move|p2a: Megatron|Ice Beam|p1a: the slamma\n|-damage|p1a: the slamma|73\/100\n|-status|p1a: the slamma|frz\n|\n|upkeep\n|turn|7\n|c|\u2606Tazz21|angery\n|\n|t:|1698623093\n|move|p2a: Megatron|Ice Beam|p1a: the slamma\n|-damage|p1a: the slamma|48\/100 frz\n|cant|p1a: the slamma|frz\n|\n|upkeep\n|turn|8\n|c| Berryandon|tough\n|j| AshenAraquanid\n|\n|t:|1698623101\n|switch|p1a: this is a bomb|Blacephalon, shiny|100\/100\n|move|p2a: Megatron|Ice Beam|p1a: this is a bomb\n|-resisted|p1a: this is a bomb\n|-damage|p1a: this is a bomb|78\/100\n|\n|upkeep\n|turn|9\n|j| lonly wolf\n|l| lonly wolf\n|\n|t:|1698623125\n|switch|p2a: Foreigner|Ninetales-Alola, M, shiny|2\/100\n|-weather|Snow|[from] ability: Snow Warning|[of] p2a: Foreigner\n|move|p1a: this is a bomb|Flamethrower|p2a: Foreigner\n|-supereffective|p2a: Foreigner\n|-damage|p2a: Foreigner|0 fnt\n|faint|p2a: Foreigner\n|-ability|p1a: this is a bomb|Beast Boost|boost\n|-boost|p1a: this is a bomb|spa|1\n|\n|-weather|Snow|[upkeep]\n|upkeep\n|j| lonly wolf\n|\n|t:|1698623139\n|switch|p2a: Arceus|Arceus-Dark|100\/100\n|turn|10\n|\n|t:|1698623153\n|switch|p1a: Kyurem-Blaxcalibur|Kyurem-Black|100\/100\n|-ability|p1a: Kyurem-Blaxcalibur|Teravolt\n|move|p2a: Arceus|Judgment|p1a: Kyurem-Blaxcalibur\n|-damage|p1a: Kyurem-Blaxcalibur|47\/100\n|\n|-weather|Snow|[upkeep]\n|upkeep\n|turn|11\n|\n|t:|1698623162\n|move|p2a: Arceus|Judgment|p1a: Kyurem-Blaxcalibur\n|-damage|p1a: Kyurem-Blaxcalibur|0 fnt\n|faint|p1a: Kyurem-Blaxcalibur\n|\n|-weather|Snow|[upkeep]\n|upkeep\n|c| AbstractVoid|banger nickname at least\n|c|\u2606Hachachino|Great name\n|\n|t:|1698623178\n|switch|p1a: wings with teeth|Yveltal, shiny|78\/100\n|-ability|p1a: wings with teeth|Dark Aura\n|turn|12\n|\n|t:|1698623192\n|move|p1a: wings with teeth|Protect|p1a: wings with teeth\n|-singleturn|p1a: wings with teeth|Protect\n|move|p2a: Arceus|Taunt|p1a: wings with teeth\n|-activate|p1a: wings with teeth|move: Protect\n|\n|-weather|Snow|[upkeep]\n|upkeep\n|turn|13\n|c| Berryandon|the taunt hol fuck\n|c| Berryandon|i alwasy lvoe seeing Arceus sets\n|\n|t:|1698623216\n|switch|p2a: Mega GROSS|Metagross, shiny|100\/100\n|move|p1a: wings with teeth|Oblivion Wing|p2a: Mega GROSS\n|-resisted|p2a: Mega GROSS\n|-damage|p2a: Mega GROSS|83\/100\n|-heal|p1a: wings with teeth|88\/100|[from] drain|[of] p2a: Mega GROSS\n|\n|-weather|none\n|upkeep\n|turn|14\n|c| AbstractVoid|you didn't say that last game\n|\n|t:|1698623246\n|switch|p1a: the slamma|Palkia|48\/100 frz\n|-ability|p1a: the slamma|Pressure\n|detailschange|p2a: Mega GROSS|Metagross-Mega, shiny\n|-mega|p2a: Mega GROSS|Metagross|Metagrossite\n|move|p2a: Mega GROSS|Ice Punch|p1a: the slamma\n|-damage|p1a: the slamma|12\/100 frz\n|\n|upkeep\n|turn|15\n|c| Berryandon|what you want me to love about 2attacks recovery calm mind\n|\n|t:|1698623255\n|move|p2a: Mega GROSS|Ice Punch|p1a: the slamma\n|-damage|p1a: the slamma|0 fnt\n|faint|p1a: the slamma\n|\n|upkeep\n|\n|t:|1698623260\n|switch|p1a: this is a bomb|Blacephalon, shiny|78\/100\n|turn|16\n|\n|t:|1698623279\n|switch|p2a: Milotic|Milotic, F|87\/100 tox\n|move|p1a: this is a bomb|Mind Blown|p2a: Milotic\n|-resisted|p2a: Milotic\n|-damage|p2a: Milotic|63\/100 tox\n|-damage|p1a: this is a bomb|28\/100|[from] mindblown\n|\n|-damage|p2a: Milotic|57\/100 tox|[from] psn\n|upkeep\n|turn|17\n|\n|t:|1698623291\n|switch|p1a: Hat Man 2: Woman|Hatterene, F|100\/100\n|move|p2a: Milotic|Scald|p1a: Hat Man 2: Woman\n|-damage|p1a: Hat Man 2: Woman|78\/100\n|-enditem|p1a: Hat Man 2: Woman|Red Card|[of] p2a: Milotic\n|drag|p2a: Arceus|Arceus-Dark|100\/100\n|\n|upkeep\n|turn|18\n|c|\u2606Hachachino|I have actually never seen that item used\n|\n|t:|1698623314\n|move|p2a: Arceus|Taunt|p1a: Hat Man 2: Woman\n|move|p1a: Hat Man 2: Woman|Taunt|p2a: Arceus|[from]ability: Magic Bounce\n|-start|p2a: Arceus|move: Taunt\n|move|p1a: Hat Man 2: Woman|Nuzzle|p2a: Arceus\n|-damage|p2a: Arceus|98\/100\n|-status|p2a: Arceus|par\n|\n|upkeep\n|turn|19\n|\n|t:|1698623326\n|move|p2a: Arceus|Judgment|p1a: Hat Man 2: Woman\n|-damage|p1a: Hat Man 2: Woman|34\/100\n|move|p1a: Hat Man 2: Woman|Reflect|p1a: Hat Man 2: Woman\n|-sidestart|p1: Tazz21|Reflect\n|\n|upkeep\n|turn|20\n|\n|t:|1698623336\n|switch|p1a: wings with teeth|Yveltal, shiny|88\/100\n|-ability|p1a: wings with teeth|Dark Aura\n|move|p2a: Arceus|Judgment|p1a: wings with teeth\n|-resisted|p1a: wings with teeth\n|-damage|p1a: wings with teeth|63\/100\n|\n|upkeep\n|turn|21\n|\n|t:|1698623346\n|switch|p2a: Megatron|Genesect, shiny|100\/100\n|-ability|p2a: Megatron|Download|boost\n|-boost|p2a: Megatron|atk|1\n|move|p1a: wings with teeth|Oblivion Wing|p2a: Megatron\n|-damage|p2a: Megatron|54\/100\n|-heal|p1a: wings with teeth|85\/100|[from] drain|[of] p2a: Megatron\n|\n|upkeep\n|turn|22\n|\n|t:|1698623361\n|switch|p1a: Origami|Kartana, shiny|100\/100\n|move|p2a: Megatron|Ice Beam|p1a: Origami\n|-damage|p1a: Origami|13\/100\n|\n|upkeep\n|turn|23\n|c| Berryandon|bro that shit is made of paper\n|\n|t:|1698623412\n|move|p2a: Megatron|Ice Beam|p1a: Origami\n|-damage|p1a: Origami|0 fnt\n|faint|p1a: Origami\n|\n|-sideend|p1: Tazz21|Reflect\n|upkeep\n|c|\u2606Hachachino|By the wya if anyone was wondering about nintales Nickname\n|\n|t:|1698623419\n|switch|p1a: this is a bomb|Blacephalon, shiny|28\/100\n|turn|24\n|c|\u2606Hachachino|https:\/\/www.youtube.com\/watch?v=ySb1f9zWJkQ\n|\n|t:|1698623426\n|switch|p2a: Milotic|Milotic, F|57\/100 tox\n|move|p1a: this is a bomb|Flamethrower|p2a: Milotic\n|-resisted|p2a: Milotic\n|-damage|p2a: Milotic|42\/100 tox\n|\n|-damage|p2a: Milotic|36\/100 tox|[from] psn\n|upkeep\n|turn|25\n|\n|t:|1698623436\n|switch|p1a: wings with teeth|Yveltal, shiny|85\/100\n|-ability|p1a: wings with teeth|Dark Aura\n|move|p2a: Milotic|Scald|p1a: wings with teeth\n|-damage|p1a: wings with teeth|62\/100\n|\n|-damage|p2a: Milotic|24\/100 tox|[from] psn\n|upkeep\n|turn|26\n|c| AshenAraquanid|Nice reference\n|\n|t:|1698623446\n|switch|p2a: Mega GROSS|Metagross-Mega, shiny|83\/100\n|move|p1a: wings with teeth|Oblivion Wing|p2a: Mega GROSS\n|-resisted|p2a: Mega GROSS\n|-damage|p2a: Mega GROSS|68\/100\n|-heal|p1a: wings with teeth|71\/100|[from] drain|[of] p2a: Mega GROSS\n|\n|upkeep\n|turn|27\n|c| Berryandon|i dig it\n|\n|t:|1698623458\n|switch|p1a: Hat Man 2: Woman|Hatterene, F|34\/100\n|move|p2a: Mega GROSS|Rock Slide|p1a: Hat Man 2: Woman\n|-damage|p1a: Hat Man 2: Woman|9\/100\n|\n|upkeep\n|turn|28\n|c| Berryandon|i figured it was for the band but didnt know much of their music\n|\n|t:|1698623469\n|move|p2a: Mega GROSS|Ice Punch|p1a: Hat Man 2: Woman\n|-damage|p1a: Hat Man 2: Woman|0 fnt\n|faint|p1a: Hat Man 2: Woman\n|\n|upkeep\n|c|\u2606Hachachino|I'd never heard of the band\n|\n|t:|1698623474\n|switch|p1a: this is a bomb|Blacephalon, shiny|28\/100\n|turn|29\n|c|\u2606Hachachino|Just the wsong\n|\n|t:|1698623490\n|switch|p2a: Milotic|Milotic, F|24\/100 tox\n|move|p1a: this is a bomb|Flamethrower|p2a: Milotic\n|-resisted|p2a: Milotic\n|-damage|p2a: Milotic|7\/100 tox\n|\n|-damage|p2a: Milotic|1\/100 tox|[from] psn\n|upkeep\n|turn|30\n|\n|t:|1698623503\n|move|p1a: this is a bomb|Flamethrower|p2a: Milotic\n|-resisted|p2a: Milotic\n|-damage|p2a: Milotic|0 fnt\n|faint|p2a: Milotic\n|-ability|p1a: this is a bomb|Beast Boost|boost\n|-boost|p1a: this is a bomb|spa|1\n|\n|upkeep\n|\n|t:|1698623512\n|switch|p2a: Megatron|Genesect, shiny|54\/100\n|-ability|p2a: Megatron|Download|boost\n|-boost|p2a: Megatron|atk|1\n|turn|31\n|\n|t:|1698623530\n|move|p1a: this is a bomb|Flamethrower|p2a: Megatron\n|-supereffective|p2a: Megatron\n|-damage|p2a: Megatron|0 fnt\n|faint|p2a: Megatron\n|-ability|p1a: this is a bomb|Beast Boost|boost\n|-boost|p1a: this is a bomb|spa|1\n|\n|upkeep\n|\n|t:|1698623551\n|switch|p2a: Volcarona|Volcarona, M|100\/100\n|turn|32\n|\n|t:|1698623559\n|move|p1a: this is a bomb|Flamethrower|p2a: Volcarona\n|-crit|p2a: Volcarona\n|-damage|p2a: Volcarona|0 fnt\n|faint|p2a: Volcarona\n|-ability|p1a: this is a bomb|Beast Boost|boost\n|-boost|p1a: this is a bomb|spa|1\n|\n|upkeep\n|c| Berryandon|oh no\n|\n|t:|1698623569\n|switch|p2a: Arceus|Arceus-Dark|98\/100 par\n|turn|33\n|\n|t:|1698623576\n|move|p1a: this is a bomb|Flamethrower|p2a: Arceus\n|-damage|p2a: Arceus|13\/100 par\n|cant|p2a: Arceus|par\n|\n|upkeep\n|turn|34\n|c| Berryandon|oh nooooo\n|\n|t:|1698623583\n|move|p1a: this is a bomb|Flamethrower|p2a: Arceus\n|-damage|p2a: Arceus|0 fnt\n|faint|p2a: Arceus\n|-ability|p1a: this is a bomb|Beast Boost|boost\n|-boost|p1a: this is a bomb|spa|1\n|\n|upkeep\n|c|\u2606Tazz21|LETS GOOOO\n|\n|t:|1698623588\n|switch|p2a: Mega GROSS|Metagross-Mega, shiny|68\/100\n|turn|35\n|\n|t:|1698623593\n|move|p1a: this is a bomb|Flamethrower|p2a: Mega GROSS\n|-supereffective|p2a: Mega GROSS\n|-damage|p2a: Mega GROSS|0 fnt\n|faint|p2a: Mega GROSS\n|\n|win|Tazz21\n|c|\u2606Hachachino|GG\n|c|\u2606Tazz21|gg you played very well\n|l| AbstractVoid\n|c|\u2606Tazz21|im calling the para even for the freeze\n|l| HopeAddict\n|l| lonly wolf\n|c|\u2606Hachachino|Understandable\n|l| AshenAraquanid\n","uploadtime":1698623659,"views":29,"p1id":"tazz21","p2id":"hachachino","formatid":"gen9nationaldexubers","rating":0,"private":0,"password":""}