{"id":"gen9nationaldexubers-1994520186","p1":"guiguistebe","p2":"X3no Slayer","format":"[Gen 9] National Dex Ubers","log":"|j|\u2606guiguistebe\n|j|\u2606X3no Slayer\n|t:|1700453858\n|gametype|singles\n|player|p1|guiguistebe|fisherman-gen4|1172\n|player|p2|X3no Slayer|giovanni|1056\n|teamsize|p1|6\n|teamsize|p2|6\n|gen|9\n|tier|[Gen 9] National Dex Ubers\n|rated|\n|rule|HP Percentage Mod: HP is shown in percentages\n|rule|Endless Battle Clause: Forcing endless battles is banned\n|rule|OHKO Clause: OHKO moves are banned\n|rule|Evasion Moves Clause: Evasion moves are banned\n|rule|Evasion Items Clause: Evasion items are banned\n|rule|Species Clause: Limit one of each Pok\u00e9mon\n|rule|Sleep Clause Mod: Limit one foe put to sleep\n|rule|Mega Rayquaza Clause: You cannot mega evolve Rayquaza\n|clearpoke\n|poke|p1|Groudon, L99|\n|poke|p1|Ho-Oh|\n|poke|p1|Torkoal, M|\n|poke|p1|Exeggutor, M|\n|poke|p1|Gigalith, F|\n|poke|p1|Giratina-Origin|\n|poke|p2|Groudon|\n|poke|p2|Typhlosion, M|\n|poke|p2|Charizard, F|\n|poke|p2|Trevenant, M|\n|poke|p2|Volcarona, F|\n|poke|p2|Torkoal, M|\n|teampreview\n|\n|t:|1700453927\n|start\n|switch|p1a: \u521b\u4e16\u795e\u534f\u4f1a\u76d1\u89c6\u8005|Giratina-Origin|100\/100\n|switch|p2a: Torkoal|Torkoal, M|100\/100\n|-weather|SunnyDay|[from] ability: Drought|[of] p2a: Torkoal\n|turn|1\n|\n|t:|1700453934\n|move|p1a: \u521b\u4e16\u795e\u534f\u4f1a\u76d1\u89c6\u8005|Draco Meteor|p2a: Torkoal\n|-damage|p2a: Torkoal|0 fnt\n|-unboost|p1a: \u521b\u4e16\u795e\u534f\u4f1a\u76d1\u89c6\u8005|spa|2\n|faint|p2a: Torkoal\n|\n|-weather|SunnyDay|[upkeep]\n|upkeep\n|\n|t:|1700453942\n|switch|p2a: Volcarona|Volcarona, F|100\/100\n|turn|2\n|\n|t:|1700453947\n|switch|p1a: \u4e0d\u4f1a\u98de\u4fdd\u62a4\u534f\u4f1a\u4e8c\u7ea7\u6210\u5458|Gigalith, F|100\/100\n|-weather|Sandstorm|[from] ability: Sand Stream|[of] p1a: \u4e0d\u4f1a\u98de\u4fdd\u62a4\u534f\u4f1a\u4e8c\u7ea7\u6210\u5458\n|move|p2a: Volcarona|Quiver Dance|p2a: Volcarona\n|-boost|p2a: Volcarona|spa|1\n|-boost|p2a: Volcarona|spd|1\n|-boost|p2a: Volcarona|spe|1\n|\n|-weather|Sandstorm|[upkeep]\n|-damage|p2a: Volcarona|94\/100|[from] Sandstorm\n|upkeep\n|turn|3\n|\n|t:|1700453959\n|move|p2a: Volcarona|Fiery Dance|p1a: \u4e0d\u4f1a\u98de\u4fdd\u62a4\u534f\u4f1a\u4e8c\u7ea7\u6210\u5458\n|-resisted|p1a: \u4e0d\u4f1a\u98de\u4fdd\u62a4\u534f\u4f1a\u4e8c\u7ea7\u6210\u5458\n|-crit|p1a: \u4e0d\u4f1a\u98de\u4fdd\u62a4\u534f\u4f1a\u4e8c\u7ea7\u6210\u5458\n|-damage|p1a: \u4e0d\u4f1a\u98de\u4fdd\u62a4\u534f\u4f1a\u4e8c\u7ea7\u6210\u5458|75\/100\n|move|p1a: \u4e0d\u4f1a\u98de\u4fdd\u62a4\u534f\u4f1a\u4e8c\u7ea7\u6210\u5458|Stealth Rock|p2a: Volcarona\n|-sidestart|p2: X3no Slayer|move: Stealth Rock\n|\n|-weather|Sandstorm|[upkeep]\n|-damage|p2a: Volcarona|88\/100|[from] Sandstorm\n|-heal|p1a: \u4e0d\u4f1a\u98de\u4fdd\u62a4\u534f\u4f1a\u4e8c\u7ea7\u6210\u5458|82\/100|[from] item: Leftovers\n|upkeep\n|turn|4\n|\n|t:|1700453970\n|move|p2a: Volcarona|Bug Buzz|p1a: \u4e0d\u4f1a\u98de\u4fdd\u62a4\u534f\u4f1a\u4e8c\u7ea7\u6210\u5458\n|-damage|p1a: \u4e0d\u4f1a\u98de\u4fdd\u62a4\u534f\u4f1a\u4e8c\u7ea7\u6210\u5458|41\/100\n|move|p1a: \u4e0d\u4f1a\u98de\u4fdd\u62a4\u534f\u4f1a\u4e8c\u7ea7\u6210\u5458|Stone Edge|p2a: Volcarona\n|-supereffective|p2a: Volcarona\n|-damage|p2a: Volcarona|0 fnt\n|faint|p2a: Volcarona\n|\n|-weather|Sandstorm|[upkeep]\n|-heal|p1a: \u4e0d\u4f1a\u98de\u4fdd\u62a4\u534f\u4f1a\u4e8c\u7ea7\u6210\u5458|47\/100|[from] item: Leftovers\n|upkeep\n|\n|t:|1700453980\n|switch|p2a: Trevenant|Trevenant, M|100\/100\n|-damage|p2a: Trevenant|88\/100|[from] Stealth Rock\n|turn|5\n|\n|t:|1700453985\n|move|p2a: Trevenant|Substitute|p2a: Trevenant\n|-start|p2a: Trevenant|Substitute\n|-damage|p2a: Trevenant|63\/100\n|move|p1a: \u4e0d\u4f1a\u98de\u4fdd\u62a4\u534f\u4f1a\u4e8c\u7ea7\u6210\u5458|Toxic||[still]\n|-fail|p1a: \u4e0d\u4f1a\u98de\u4fdd\u62a4\u534f\u4f1a\u4e8c\u7ea7\u6210\u5458\n|\n|-weather|Sandstorm|[upkeep]\n|-damage|p2a: Trevenant|57\/100|[from] Sandstorm\n|-heal|p1a: \u4e0d\u4f1a\u98de\u4fdd\u62a4\u534f\u4f1a\u4e8c\u7ea7\u6210\u5458|53\/100|[from] item: Leftovers\n|upkeep\n|turn|6\n|\n|t:|1700453995\n|switch|p1a: \u6211\u8981\u98de\u516c\u53f8\u6444\u5f71\u5e08|Ho-Oh|100\/100\n|move|p2a: Trevenant|Leech Seed|p1a: \u6211\u8981\u98de\u516c\u53f8\u6444\u5f71\u5e08\n|-start|p1a: \u6211\u8981\u98de\u516c\u53f8\u6444\u5f71\u5e08|move: Leech Seed\n|\n|-weather|none\n|-damage|p1a: \u6211\u8981\u98de\u516c\u53f8\u6444\u5f71\u5e08|88\/100|[from] Leech Seed|[of] p2a: Trevenant\n|-heal|p2a: Trevenant|70\/100|[silent]\n|upkeep\n|turn|7\n|\n|t:|1700454012\n|move|p1a: \u6211\u8981\u98de\u516c\u53f8\u6444\u5f71\u5e08|Dual Wingbeat|p2a: Trevenant\n|-supereffective|p2a: Trevenant\n|-end|p2a: Trevenant|Substitute\n|-supereffective|p2a: Trevenant\n|-damage|p2a: Trevenant|15\/100\n|-enditem|p2a: Trevenant|Figy Berry|[eat]\n|-heal|p2a: Trevenant|48\/100|[from] item: Figy Berry\n|-hitcount|p2a: Trevenant|2\n|move|p2a: Trevenant|Curse|p1a: \u6211\u8981\u98de\u516c\u53f8\u6444\u5f71\u5e08\n|-start|p1a: \u6211\u8981\u98de\u516c\u53f8\u6444\u5f71\u5e08|Curse|[of] p2a: Trevenant\n|-damage|p2a: Trevenant|0 fnt\n|faint|p2a: Trevenant\n|\n|-damage|p1a: \u6211\u8981\u98de\u516c\u53f8\u6444\u5f71\u5e08|63\/100|[from] Curse\n|upkeep\n|\n|t:|1700454025\n|switch|p2a: Groudon|Groudon|100\/100\n|-damage|p2a: Groudon|94\/100|[from] Stealth Rock\n|detailschange|p2a: Groudon|Groudon-Primal\n|-primal|p2a: Groudon|Red Orb\n|-weather|DesolateLand|[from] ability: Desolate Land|[of] p2a: Groudon\n|turn|8\n|\n|t:|1700454032\n|switch|p1a: \u9668\u843d\u7684\u4f4e\u901f\u6253\u624b|Exeggutor, M|100\/100\n|move|p2a: Groudon|Hone Claws|p2a: Groudon\n|-boost|p2a: Groudon|atk|1\n|-boost|p2a: Groudon|accuracy|1\n|\n|-weather|DesolateLand|[upkeep]\n|upkeep\n|turn|9\n|\n|t:|1700454048\n|-terastallize|p1a: \u9668\u843d\u7684\u4f4e\u901f\u6253\u624b|Grass\n|move|p1a: \u9668\u843d\u7684\u4f4e\u901f\u6253\u624b|Solar Beam||[still]\n|-prepare|p1a: \u9668\u843d\u7684\u4f4e\u901f\u6253\u624b|Solar Beam\n|-anim|p1a: \u9668\u843d\u7684\u4f4e\u901f\u6253\u624b|Solar Beam|p2a: Groudon\n|-damage|p2a: Groudon|0 fnt\n|faint|p2a: Groudon\n|-weather|none\n|-damage|p1a: \u9668\u843d\u7684\u4f4e\u901f\u6253\u624b|91\/100|[from] item: Life Orb\n|\n|upkeep\n|\n|t:|1700454057\n|switch|p2a: Typhlosion|Typhlosion, M|100\/100\n|-damage|p2a: Typhlosion|76\/100|[from] Stealth Rock\n|turn|10\n|\n|t:|1700454063\n|-terastallize|p2a: Typhlosion|Fire\n|move|p2a: Typhlosion|Eruption|p1a: \u9668\u843d\u7684\u4f4e\u901f\u6253\u624b\n|-supereffective|p1a: \u9668\u843d\u7684\u4f4e\u901f\u6253\u624b\n|-damage|p1a: \u9668\u843d\u7684\u4f4e\u901f\u6253\u624b|0 fnt\n|faint|p1a: \u9668\u843d\u7684\u4f4e\u901f\u6253\u624b\n|\n|upkeep\n|\n|t:|1700454075\n|switch|p1a: \u6211\u8981\u98de\u516c\u53f8\u6444\u5f71\u5e08|Ho-Oh|97\/100\n|turn|11\n|\n|t:|1700454096\n|move|p2a: Typhlosion|Eruption|p1a: \u6211\u8981\u98de\u516c\u53f8\u6444\u5f71\u5e08\n|-resisted|p1a: \u6211\u8981\u98de\u516c\u53f8\u6444\u5f71\u5e08\n|-damage|p1a: \u6211\u8981\u98de\u516c\u53f8\u6444\u5f71\u5e08|78\/100\n|move|p1a: \u6211\u8981\u98de\u516c\u53f8\u6444\u5f71\u5e08|Dual Wingbeat|p2a: Typhlosion\n|-damage|p2a: Typhlosion|44\/100\n|-damage|p2a: Typhlosion|11\/100\n|-hitcount|p2a: Typhlosion|2\n|\n|upkeep\n|turn|12\n|\n|t:|1700454105\n|move|p2a: Typhlosion|Eruption|p1a: \u6211\u8981\u98de\u516c\u53f8\u6444\u5f71\u5e08\n|-resisted|p1a: \u6211\u8981\u98de\u516c\u53f8\u6444\u5f71\u5e08\n|-damage|p1a: \u6211\u8981\u98de\u516c\u53f8\u6444\u5f71\u5e08|75\/100\n|move|p1a: \u6211\u8981\u98de\u516c\u53f8\u6444\u5f71\u5e08|Dual Wingbeat|p2a: Typhlosion\n|-damage|p2a: Typhlosion|0 fnt\n|faint|p2a: Typhlosion\n|-hitcount|p2: Typhlosion|1\n|\n|upkeep\n|\n|t:|1700454112\n|switch|p2a: Charizard|Charizard, F|100\/100\n|-damage|p2a: Charizard|51\/100|[from] Stealth Rock\n|turn|13\n|\n|t:|1700454118\n|detailschange|p2a: Charizard|Charizard-Mega-Y, F\n|-mega|p2a: Charizard|Charizard|Charizardite Y\n|-weather|SunnyDay|[from] ability: Drought|[of] p2a: Charizard\n|move|p2a: Charizard|Tailwind|p2a: Charizard\n|-sidestart|p2: X3no Slayer|move: Tailwind\n|move|p1a: \u6211\u8981\u98de\u516c\u53f8\u6444\u5f71\u5e08|Brave Bird|p2a: Charizard\n|-damage|p2a: Charizard|0 fnt\n|faint|p2a: Charizard\n|-damage|p1a: \u6211\u8981\u98de\u516c\u53f8\u6444\u5f71\u5e08|63\/100|[from] Recoil\n|\n|win|guiguistebe\n|raw|guiguistebe's rating: 1172 &rarr; <strong>1189<\/strong><br \/>(+17 for winning)\n|raw|X3no Slayer's rating: 1056 &rarr; <strong>1044<\/strong><br \/>(-12 for losing)\n|c|\u2606X3no Slayer|gg\n","uploadtime":1700454154,"views":3,"p1id":"guiguistebe","p2id":"x3noslayer","formatid":"gen9nationaldexubers","rating":1044,"private":0,"password":""}