{"id":"gen9nationaldexubers-1979431557","p1":"pandigaymer","p2":"elitextreeza","format":"[Gen 9] National Dex Ubers","log":"|j|\u2606pandigaymer\n|j|\u2606elitextreeza\n|t:|1698682173\n|gametype|singles\n|player|p1|pandigaymer|265|1158\n|player|p2|elitextreeza|265|1209\n|teamsize|p1|6\n|teamsize|p2|6\n|gen|9\n|tier|[Gen 9] National Dex Ubers\n|rated|\n|rule|HP Percentage Mod: HP is shown in percentages\n|rule|Endless Battle Clause: Forcing endless battles is banned\n|rule|OHKO Clause: OHKO moves are banned\n|rule|Evasion Moves Clause: Evasion moves are banned\n|rule|Evasion Items Clause: Evasion items are banned\n|rule|Species Clause: Limit one of each Pok\u00e9mon\n|rule|Sleep Clause Mod: Limit one foe put to sleep\n|rule|Mega Rayquaza Clause: You cannot mega evolve Rayquaza\n|clearpoke\n|poke|p1|Kyogre|\n|poke|p1|Dracovish|\n|poke|p1|Zacian-*|\n|poke|p1|Necrozma-Dawn-Wings|\n|poke|p1|Basculegion, M|\n|poke|p1|Lucario, M|\n|poke|p2|Uxie|\n|poke|p2|Slowbro-Galar, M|\n|poke|p2|Moltres-Galar|\n|poke|p2|Maushold-Four|\n|poke|p2|Zacian-*|\n|poke|p2|Marshadow|\n|teampreview\n|\n|t:|1698682180\n|start\n|switch|p1a: Kyogre|Kyogre|100\/100\n|switch|p2a: Uxie|Uxie|100\/100\n|detailschange|p1a: Kyogre|Kyogre-Primal\n|-primal|p1a: Kyogre|Blue Orb\n|-weather|PrimordialSea|[from] ability: Primordial Sea|[of] p1a: Kyogre\n|turn|1\n|c|\u2606elitextreeza|GLHF\n|\n|t:|1698682189\n|move|p2a: Uxie|Light Screen|p2a: Uxie\n|-sidestart|p2: elitextreeza|move: Light Screen\n|move|p1a: Kyogre|Origin Pulse|p2a: Uxie\n|-damage|p2a: Uxie|58\/100\n|\n|-weather|PrimordialSea|[upkeep]\n|upkeep\n|turn|2\n|\n|t:|1698682195\n|move|p2a: Uxie|Reflect|p2a: Uxie\n|-sidestart|p2: elitextreeza|Reflect\n|move|p1a: Kyogre|Calm Mind|p1a: Kyogre\n|-boost|p1a: Kyogre|spa|1\n|-boost|p1a: Kyogre|spd|1\n|\n|-weather|PrimordialSea|[upkeep]\n|upkeep\n|turn|3\n|\n|t:|1698682199\n|move|p2a: Uxie|Yawn|p1a: Kyogre\n|-start|p1a: Kyogre|move: Yawn|[of] p2a: Uxie\n|move|p1a: Kyogre|Calm Mind|p1a: Kyogre\n|-boost|p1a: Kyogre|spa|1\n|-boost|p1a: Kyogre|spd|1\n|\n|-weather|PrimordialSea|[upkeep]\n|upkeep\n|turn|4\n|\n|t:|1698682206\n|switch|p2a: Marshadow|Marshadow|100\/100\n|move|p1a: Kyogre|Origin Pulse|p2a: Marshadow\n|-enditem|p2a: Marshadow|Focus Sash\n|-damage|p2a: Marshadow|1\/100\n|\n|-weather|PrimordialSea|[upkeep]\n|-end|p1a: Kyogre|move: Yawn|[silent]\n|-status|p1a: Kyogre|slp\n|upkeep\n|turn|5\n|\n|t:|1698682215\n|move|p2a: Marshadow|Spectral Thief||[still]\n|-clearpositiveboost|p1a: Kyogre|p2a: Marshadow|move: Spectral Thief\n|-boost|p2a: Marshadow|spa|2\n|-boost|p2a: Marshadow|spd|2\n|-anim|p2a: Marshadow|Spectral Thief|p1a: Kyogre\n|-damage|p1a: Kyogre|53\/100 slp\n|cant|p1a: Kyogre|slp\n|\n|-weather|PrimordialSea|[upkeep]\n|upkeep\n|turn|6\n|c|\u2606elitextreeza|Yoink\n|\n|t:|1698682225\n|move|p2a: Marshadow|Spectral Thief|p1a: Kyogre\n|-damage|p1a: Kyogre|0 fnt\n|faint|p1a: Kyogre\n|-weather|none\n|\n|upkeep\n|\n|t:|1698682231\n|switch|p1a: Lucario|Lucario, M|100\/100\n|turn|7\n|\n|t:|1698682243\n|switch|p2a: Slowbro|Slowbro-Galar, M|100\/100\n|detailschange|p1a: Lucario|Lucario-Mega, M\n|-mega|p1a: Lucario|Lucario|Lucarionite\n|move|p1a: Lucario|Bullet Punch|p2a: Slowbro\n|-damage|p2a: Slowbro|88\/100\n|\n|upkeep\n|turn|8\n|\n|t:|1698682258\n|switch|p1a: Necrozma|Necrozma-Dawn-Wings|100\/100\n|move|p2a: Slowbro|Earthquake|p1a: Necrozma\n|-damage|p1a: Necrozma|69\/100\n|\n|-sideend|p2: elitextreeza|move: Light Screen\n|upkeep\n|turn|9\n|\n|t:|1698682266\n|switch|p2a: Uxie|Uxie|58\/100\n|detailschange|p1a: Necrozma|Necrozma-Ultra\n|-burst|p1a: Necrozma|Necrozma|Ultranecrozium Z\n|move|p1a: Necrozma|Earthquake|p2a: Uxie\n|-immune|p2a: Uxie|[from] ability: Levitate\n|\n|-sideend|p2: elitextreeza|Reflect\n|upkeep\n|turn|10\n|\n|t:|1698682275\n|move|p1a: Necrozma|Swords Dance|p1a: Necrozma\n|-boost|p1a: Necrozma|atk|2\n|move|p2a: Uxie|Reflect|p2a: Uxie\n|-sidestart|p2: elitextreeza|Reflect\n|\n|upkeep\n|turn|11\n|\n|t:|1698682280\n|move|p1a: Necrozma|Photon Geyser|p2a: Uxie\n|-resisted|p2a: Uxie\n|-damage|p2a: Uxie|32\/100\n|move|p2a: Uxie|Light Screen|p2a: Uxie\n|-sidestart|p2: elitextreeza|move: Light Screen\n|\n|upkeep\n|turn|12\n|\n|t:|1698682291\n|move|p1a: Necrozma|Stone Edge|p2a: Uxie\n|-damage|p2a: Uxie|0 fnt\n|faint|p2a: Uxie\n|\n|upkeep\n|\n|t:|1698682299\n|switch|p2a: Zacian|Zacian-Crowned|100\/100\n|-ability|p2a: Zacian|Intrepid Sword|boost\n|-boost|p2a: Zacian|atk|1\n|turn|13\n|\n|t:|1698682316\n|move|p2a: Zacian|Play Rough|p1a: Necrozma\n|-supereffective|p1a: Necrozma\n|-damage|p1a: Necrozma|0 fnt\n|faint|p1a: Necrozma\n|\n|upkeep\n|\n|t:|1698682325\n|switch|p1a: Zacian|Zacian-Crowned|100\/100\n|-ability|p1a: Zacian|Intrepid Sword|boost\n|-boost|p1a: Zacian|atk|1\n|turn|14\n|\n|t:|1698682339\n|-terastallize|p1a: Zacian|Fire\n|move|p2a: Zacian|Swords Dance|p2a: Zacian\n|-boost|p2a: Zacian|atk|2\n|move|p1a: Zacian|Sacred Sword|p2a: Zacian\n|-damage|p2a: Zacian|74\/100\n|\n|upkeep\n|turn|15\n|\n|t:|1698682347\n|move|p2a: Zacian|Wild Charge|p1a: Zacian\n|-damage|p1a: Zacian|16\/100\n|-damage|p2a: Zacian|53\/100|[from] Recoil\n|move|p1a: Zacian|Sacred Sword|p2a: Zacian\n|-damage|p2a: Zacian|30\/100\n|\n|upkeep\n|turn|16\n|\n|t:|1698682355\n|move|p1a: Zacian|Sacred Sword|p2a: Zacian\n|-damage|p2a: Zacian|5\/100\n|move|p2a: Zacian|Behemoth Blade|p1a: Zacian\n|-resisted|p1a: Zacian\n|-damage|p1a: Zacian|0 fnt\n|faint|p1a: Zacian\n|\n|upkeep\n|\n|t:|1698682368\n|switch|p1a: Lucario|Lucario-Mega, M|100\/100\n|turn|17\n|c|\u2606elitextreeza|Primal Kyogre\/Ultra Necoromza\/Mega Lucario\/ Crowned Zacian\n|c|\u2606elitextreeza|Is insane dude\n|c|\u2606pandigaymer|haha\n|\n|t:|1698682395\n|move|p1a: Lucario|Bullet Punch|p2a: Zacian\n|-damage|p2a: Zacian|0 fnt\n|faint|p2a: Zacian\n|\n|-sideend|p2: elitextreeza|Reflect\n|upkeep\n|c|\u2606pandigaymer|yeah I just have fun during mi college classes\n|\n|t:|1698682402\n|switch|p2a: Slowbro|Slowbro-Galar, M|88\/100\n|turn|18\n|c|\u2606pandigaymer|that's the tier\n|\n|t:|1698682412\n|move|p1a: Lucario|Swords Dance|p1a: Lucario\n|-boost|p1a: Lucario|atk|2\n|move|p2a: Slowbro|Earthquake|p1a: Lucario\n|-supereffective|p1a: Lucario\n|-damage|p1a: Lucario|21\/100\n|\n|-sideend|p2: elitextreeza|move: Light Screen\n|upkeep\n|turn|19\n|-activate|p2a: Slowbro|item: Quick Claw\n|\n|t:|1698682419\n|move|p2a: Slowbro|Earthquake|p1a: Lucario\n|-supereffective|p1a: Lucario\n|-damage|p1a: Lucario|0 fnt\n|faint|p1a: Lucario\n|\n|upkeep\n|c|\u2606elitextreeza|LETS GO SLOWBROOO\n|c|\u2606pandigaymer|slowbro meta\n|\n|t:|1698682434\n|switch|p1a: Dracovish|Dracovish|100\/100\n|turn|20\n|c|\u2606elitextreeza|On god\n|\n|t:|1698682447\n|-terastallize|p2a: Slowbro|Fairy\n|move|p1a: Dracovish|Fishious Rend|p2a: Slowbro\n|-damage|p2a: Slowbro|0 fnt\n|faint|p2a: Slowbro\n|\n|upkeep\n|c|\u2606elitextreeza|. . .\n|c|\u2606elitextreeza|Dayum\n|\n|t:|1698682456\n|switch|p2a: Maushold|Maushold-Four|100\/100\n|turn|21\n|\n|t:|1698682459\n|move|p1a: Dracovish|Fishious Rend|p2a: Maushold\n|-damage|p2a: Maushold|0 fnt\n|faint|p2a: Maushold\n|\n|upkeep\n|\n|t:|1698682464\n|switch|p2a: Marshadow|Marshadow|1\/100\n|turn|22\n|\n|t:|1698682466\n|move|p2a: Marshadow|Shadow Sneak|p1a: Dracovish\n|-damage|p1a: Dracovish|63\/100\n|move|p1a: Dracovish|Fishious Rend|p2a: Marshadow\n|-damage|p2a: Marshadow|0 fnt\n|faint|p2a: Marshadow\n|\n|upkeep\n|\n|t:|1698682469\n|switch|p2a: Moltres-Kanto|Moltres-Galar, shiny|100\/100\n|turn|23\n|\n|t:|1698682473\n|move|p1a: Dracovish|Fishious Rend|p2a: Moltres-Kanto\n|-damage|p2a: Moltres-Kanto|0 fnt\n|faint|p2a: Moltres-Kanto\n|\n|win|pandigaymer\n|raw|pandigaymer's rating: 1158 &rarr; <strong>1187<\/strong><br \/>(+29 for winning)\n|raw|elitextreeza's rating: 1209 &rarr; <strong>1180<\/strong><br \/>(-29 for losing)\n|c|\u2606elitextreeza|The real sweeper was the damn fish\n","uploadtime":1698682485,"views":9,"p1id":"pandigaymer","p2id":"elitextreeza","formatid":"gen9nationaldexubers","rating":1180,"private":0,"password":""}