{"id":"gen9nationaldexubers-1989991335","p1":"josesuperx","p2":"lulu knight","format":"[Gen 9] National Dex Ubers","log":"|j|\u2606josesuperx\n|j|\u2606lulu knight\n|t:|1699913229\n|gametype|singles\n|player|p1|josesuperx|hilbert|1081\n|player|p2|lulu knight|veteran|1085\n|teamsize|p1|6\n|teamsize|p2|6\n|gen|9\n|tier|[Gen 9] National Dex Ubers\n|rated|\n|rule|HP Percentage Mod: HP is shown in percentages\n|rule|Endless Battle Clause: Forcing endless battles is banned\n|rule|OHKO Clause: OHKO moves are banned\n|rule|Evasion Moves Clause: Evasion moves are banned\n|rule|Evasion Items Clause: Evasion items are banned\n|rule|Species Clause: Limit one of each Pok\u00e9mon\n|rule|Sleep Clause Mod: Limit one foe put to sleep\n|rule|Mega Rayquaza Clause: You cannot mega evolve Rayquaza\n|clearpoke\n|poke|p1|Alakazam, M|\n|poke|p1|Charizard, M|\n|poke|p1|Venusaur, F|\n|poke|p1|Dragonite, M|\n|poke|p1|Gengar, M|\n|poke|p1|Gyarados, M|\n|poke|p2|Annihilape, M|\n|poke|p2|Diancie|\n|poke|p2|Kommo-o, M|\n|poke|p2|Cinderace, M|\n|poke|p2|Milotic, M|\n|poke|p2|Skarmory, F|\n|teampreview\n|\n|t:|1699913244\n|start\n|switch|p1a: Dragonite|Dragonite, M, shiny|100\/100\n|switch|p2a: Diancie|Diancie|100\/100\n|turn|1\n|\n|t:|1699913249\n|detailschange|p2a: Diancie|Diancie-Mega\n|-mega|p2a: Diancie|Diancie|Diancite\n|move|p2a: Diancie|Calm Mind|p2a: Diancie\n|-boost|p2a: Diancie|spa|1\n|-boost|p2a: Diancie|spd|1\n|move|p1a: Dragonite|Dragon Dance|p1a: Dragonite\n|-boost|p1a: Dragonite|atk|1\n|-boost|p1a: Dragonite|spe|1\n|\n|upkeep\n|turn|2\n|\n|t:|1699913258\n|switch|p1a: Venusaur|Venusaur, F, shiny|100\/100\n|move|p2a: Diancie|Moonblast|p1a: Venusaur\n|-resisted|p1a: Venusaur\n|-damage|p1a: Venusaur|55\/100\n|\n|upkeep\n|turn|3\n|\n|t:|1699913266\n|move|p2a: Diancie|Earth Power|p1a: Venusaur\n|-damage|p1a: Venusaur|0 fnt\n|faint|p1a: Venusaur\n|\n|upkeep\n|\n|t:|1699913270\n|switch|p1a: Gyarados|Gyarados, M, shiny|100\/100\n|turn|4\n|\n|t:|1699913274\n|move|p2a: Diancie|Diamond Storm|p1a: Gyarados\n|-supereffective|p1a: Gyarados\n|-damage|p1a: Gyarados|0 fnt\n|-boost|p2a: Diancie|def|2\n|faint|p1a: Gyarados\n|\n|upkeep\n|\n|t:|1699913282\n|switch|p1a: Gengar|Gengar, M, shiny|100\/100\n|turn|5\n|\n|t:|1699913291\n|move|p1a: Gengar|Nasty Plot|p1a: Gengar\n|-boost|p1a: Gengar|spa|2\n|move|p2a: Diancie|Earth Power|p1a: Gengar\n|-supereffective|p1a: Gengar\n|-enditem|p1a: Gengar|Focus Sash\n|-damage|p1a: Gengar|1\/100\n|-unboost|p1a: Gengar|spd|1\n|-start|p2a: Diancie|Disable|Earth Power|[from] ability: Cursed Body|[of] p1a: Gengar\n|\n|upkeep\n|turn|6\n|\n|t:|1699913304\n|-terastallize|p1a: Gengar|Ghost\n|move|p2a: Diancie|Diamond Storm|p1a: Gengar\n|-damage|p1a: Gengar|0 fnt\n|-boost|p2a: Diancie|def|2\n|faint|p1a: Gengar\n|\n|upkeep\n|\n|t:|1699913315\n|switch|p1a: Alakazam|Alakazam, M, shiny|100\/100\n|turn|7\n|\n|t:|1699913319\n|move|p1a: Alakazam|Focus Blast|p2a: Diancie\n|-damage|p2a: Diancie|53\/100\n|move|p2a: Diancie|Diamond Storm|p1a: Alakazam\n|-damage|p1a: Alakazam|0 fnt\n|faint|p1a: Alakazam\n|\n|upkeep\n|\n|t:|1699913328\n|switch|p1a: Dragonite|Dragonite, M, shiny|100\/100\n|turn|8\n|\n|t:|1699913332\n|move|p2a: Diancie|Moonblast|p1a: Dragonite\n|-supereffective|p1a: Dragonite\n|-damage|p1a: Dragonite|5\/100\n|-unboost|p1a: Dragonite|spa|1\n|-enditem|p1a: Dragonite|Weakness Policy\n|-boost|p1a: Dragonite|atk|2|[from] item: Weakness Policy\n|-boost|p1a: Dragonite|spa|2|[from] item: Weakness Policy\n|move|p1a: Dragonite|Dragon Dance|p1a: Dragonite\n|-boost|p1a: Dragonite|atk|1\n|-boost|p1a: Dragonite|spe|1\n|\n|-end|p2a: Diancie|Disable\n|upkeep\n|turn|9\n|\n|t:|1699913362\n|move|p1a: Dragonite|Extreme Speed|p2a: Diancie\n|-resisted|p2a: Diancie\n|-damage|p2a: Diancie|37\/100\n|move|p2a: Diancie|Moonblast|p1a: Dragonite\n|-supereffective|p1a: Dragonite\n|-damage|p1a: Dragonite|0 fnt\n|faint|p1a: Dragonite\n|\n|upkeep\n|\n|t:|1699913368\n|switch|p1a: Charizard|Charizard, M, shiny|100\/100\n|turn|10\n|\n|t:|1699913371\n|detailschange|p1a: Charizard|Charizard-Mega-Y, M, shiny\n|-mega|p1a: Charizard|Charizard|Charizardite Y\n|-weather|SunnyDay|[from] ability: Drought|[of] p1a: Charizard\n|move|p2a: Diancie|Diamond Storm|p1a: Charizard\n|-supereffective|p1a: Charizard\n|-damage|p1a: Charizard|0 fnt\n|-boost|p2a: Diancie|def|2\n|faint|p1a: Charizard\n|\n|win|lulu knight\n|raw|josesuperx's rating: 1081 &rarr; <strong>1059<\/strong><br \/>(-22 for losing)\n|raw|lulu knight's rating: 1085 &rarr; <strong>1112<\/strong><br \/>(+27 for winning)\n|l|\u2606josesuperx\n","uploadtime":1699913392,"views":7,"p1id":"josesuperx","p2id":"luluknight","formatid":"gen9nationaldexubers","rating":1059,"private":0,"password":""}