{"id":"gen9nationaldexubers-1990398523","p1":"Ducman501","p2":"Swagup","format":"[Gen 9] National Dex Ubers","log":"|j|\u2606Ducman501\n|j|\u2606Swagup\n|t:|1699966818\n|gametype|singles\n|player|p1|Ducman501|kieran|1087\n|player|p2|Swagup|pokemonranger-gen4|1164\n|teamsize|p1|6\n|teamsize|p2|6\n|gen|9\n|tier|[Gen 9] National Dex Ubers\n|rated|\n|rule|HP Percentage Mod: HP is shown in percentages\n|rule|Endless Battle Clause: Forcing endless battles is banned\n|rule|OHKO Clause: OHKO moves are banned\n|rule|Evasion Moves Clause: Evasion moves are banned\n|rule|Evasion Items Clause: Evasion items are banned\n|rule|Species Clause: Limit one of each Pok\u00e9mon\n|rule|Sleep Clause Mod: Limit one foe put to sleep\n|rule|Mega Rayquaza Clause: You cannot mega evolve Rayquaza\n|clearpoke\n|poke|p1|Deoxys-Speed|\n|poke|p1|Genesect-Douse|\n|poke|p1|Kartana|\n|poke|p1|Necrozma-Dusk-Mane|\n|poke|p1|Blaziken, F|\n|poke|p1|Ogerpon, F|\n|poke|p2|Quaquaval, F|\n|poke|p2|Garganacl, F|\n|poke|p2|Weavile, F|\n|poke|p2|Dragapult, M|\n|poke|p2|Blaziken, M|\n|poke|p2|Rillaboom, M|\n|teampreview\n|\n|t:|1699966821\n|start\n|switch|p1a: Phil|Deoxys-Speed, shiny|100\/100\n|switch|p2a: Garganacl|Garganacl, F|100\/100\n|-ability|p1a: Phil|Pressure\n|turn|1\n|\n|t:|1699966825\n|move|p1a: Phil|Stealth Rock|p2a: Garganacl\n|-sidestart|p2: Swagup|move: Stealth Rock\n|move|p2a: Garganacl|Salt Cure|p1a: Phil\n|-damage|p1a: Phil|76\/100\n|-start|p1a: Phil|Salt Cure\n|\n|-damage|p1a: Phil|63\/100|[from] Salt Cure\n|upkeep\n|turn|2\n|\n|t:|1699966829\n|move|p1a: Phil|Spikes|p2a: Garganacl\n|-sidestart|p2: Swagup|Spikes\n|move|p2a: Garganacl|Stealth Rock|p1a: Phil\n|-sidestart|p1: Ducman501|move: Stealth Rock\n|\n|-damage|p1a: Phil|51\/100|[from] Salt Cure\n|upkeep\n|turn|3\n|\n|t:|1699966832\n|move|p1a: Phil|Spikes|p2a: Garganacl\n|-sidestart|p2: Swagup|Spikes\n|move|p2a: Garganacl|Salt Cure|p1a: Phil\n|-damage|p1a: Phil|28\/100\n|\n|-damage|p1a: Phil|15\/100|[from] Salt Cure\n|upkeep\n|turn|4\n|\n|t:|1699966836\n|move|p1a: Phil|Spikes|p2a: Garganacl\n|-sidestart|p2: Swagup|Spikes\n|move|p2a: Garganacl|Body Press|p1a: Phil\n|-resisted|p1a: Phil\n|-damage|p1a: Phil|0 fnt\n|faint|p1a: Phil\n|\n|upkeep\n|\n|t:|1699966846\n|switch|p1a: Joeverpon|Ogerpon, F|100\/100\n|-damage|p1a: Joeverpon|88\/100|[from] Stealth Rock\n|turn|5\n|\n|t:|1699966852\n|-terastallize|p1a: Joeverpon|Grass\n|detailschange|p1a: Joeverpon|Ogerpon-Teal-Tera, F, tera:Grass\n|-ability|p1a: Joeverpon|Embody Aspect (Teal)|boost\n|-boost|p1a: Joeverpon|spe|1\n|move|p1a: Joeverpon|Swords Dance|p1a: Joeverpon\n|-boost|p1a: Joeverpon|atk|2\n|move|p2a: Garganacl|Salt Cure|p1a: Joeverpon\n|-damage|p1a: Joeverpon|69\/100\n|-start|p1a: Joeverpon|Salt Cure\n|\n|-damage|p1a: Joeverpon|57\/100|[from] Salt Cure\n|upkeep\n|turn|6\n|\n|t:|1699966855\n|move|p1a: Joeverpon|Ivy Cudgel|p2a: Garganacl\n|-supereffective|p2a: Garganacl\n|-crit|p2a: Garganacl\n|-damage|p2a: Garganacl|0 fnt\n|faint|p2a: Garganacl\n|\n|-damage|p1a: Joeverpon|44\/100|[from] Salt Cure\n|upkeep\n|\n|t:|1699966864\n|switch|p2a: Blaziken|Blaziken, M|100\/100\n|-damage|p2a: Blaziken|88\/100|[from] Stealth Rock\n|-damage|p2a: Blaziken|63\/100|[from] Spikes\n|turn|7\n|\n|t:|1699966867\n|detailschange|p2a: Blaziken|Blaziken-Mega, M\n|-mega|p2a: Blaziken|Blaziken|Blazikenite\n|move|p2a: Blaziken|Protect|p2a: Blaziken\n|-singleturn|p2a: Blaziken|Protect\n|move|p1a: Joeverpon|Stomping Tantrum|p2a: Blaziken\n|-activate|p2a: Blaziken|move: Protect\n|\n|-damage|p1a: Joeverpon|32\/100|[from] Salt Cure\n|-ability|p2a: Blaziken|Speed Boost|boost\n|-boost|p2a: Blaziken|spe|1\n|upkeep\n|turn|8\n|\n|t:|1699966872\n|move|p2a: Blaziken|Protect||[still]\n|-fail|p2a: Blaziken\n|move|p1a: Joeverpon|Stomping Tantrum|p2a: Blaziken\n|-supereffective|p2a: Blaziken\n|-damage|p2a: Blaziken|0 fnt\n|faint|p2a: Blaziken\n|\n|-damage|p1a: Joeverpon|20\/100|[from] Salt Cure\n|upkeep\n|\n|t:|1699966874\n|switch|p2a: Weavile|Weavile, F|100\/100\n|-damage|p2a: Weavile|76\/100|[from] Stealth Rock\n|-damage|p2a: Weavile|51\/100|[from] Spikes\n|-ability|p2a: Weavile|Pressure\n|turn|9\n|\n|t:|1699966877\n|move|p2a: Weavile|Ice Shard|p1a: Joeverpon\n|-supereffective|p1a: Joeverpon\n|-damage|p1a: Joeverpon|0 fnt\n|faint|p1a: Joeverpon\n|-damage|p2a: Weavile|41\/100|[from] item: Life Orb\n|\n|upkeep\n|\n|t:|1699966881\n|switch|p1a: SANIC|Blaziken, F, shiny|100\/100\n|-damage|p1a: SANIC|88\/100|[from] Stealth Rock\n|turn|10\n|\n|t:|1699966887\n|detailschange|p1a: SANIC|Blaziken-Mega, F, shiny\n|-mega|p1a: SANIC|Blaziken|Blazikenite\n|move|p2a: Weavile|Throat Chop|p1a: SANIC\n|-resisted|p1a: SANIC\n|-damage|p1a: SANIC|52\/100\n|-start|p1a: SANIC|Throat Chop|[silent]\n|-damage|p2a: Weavile|31\/100|[from] item: Life Orb\n|move|p1a: SANIC|Bulk Up|p1a: SANIC\n|-boost|p1a: SANIC|atk|1\n|-boost|p1a: SANIC|def|1\n|\n|-ability|p1a: SANIC|Speed Boost|boost\n|-boost|p1a: SANIC|spe|1\n|upkeep\n|turn|11\n|\n|t:|1699966896\n|move|p2a: Weavile|Ice Shard|p1a: SANIC\n|-resisted|p1a: SANIC\n|-damage|p1a: SANIC|40\/100\n|-damage|p2a: Weavile|21\/100|[from] item: Life Orb\n|move|p1a: SANIC|Bulk Up|p1a: SANIC\n|-boost|p1a: SANIC|atk|1\n|-boost|p1a: SANIC|def|1\n|\n|-end|p1a: SANIC|Throat Chop|[silent]\n|-ability|p1a: SANIC|Speed Boost|boost\n|-boost|p1a: SANIC|spe|1\n|upkeep\n|turn|12\n|\n|t:|1699966899\n|move|p2a: Weavile|Ice Shard|p1a: SANIC\n|-resisted|p1a: SANIC\n|-damage|p1a: SANIC|31\/100\n|-damage|p2a: Weavile|11\/100|[from] item: Life Orb\n|move|p1a: SANIC|Fire Punch|p2a: Weavile\n|-supereffective|p2a: Weavile\n|-damage|p2a: Weavile|0 fnt\n|faint|p2a: Weavile\n|\n|-ability|p1a: SANIC|Speed Boost|boost\n|-boost|p1a: SANIC|spe|1\n|upkeep\n|\n|t:|1699966900\n|switch|p2a: Quaquaval|Quaquaval, F|100\/100\n|-damage|p2a: Quaquaval|94\/100|[from] Stealth Rock\n|-damage|p2a: Quaquaval|70\/100|[from] Spikes\n|turn|13\n|\n|t:|1699966905\n|-terastallize|p2a: Quaquaval|Water\n|move|p2a: Quaquaval|Aqua Jet|p1a: SANIC\n|-supereffective|p1a: SANIC\n|-damage|p1a: SANIC|0 fnt\n|faint|p1a: SANIC\n|-ability|p2a: Quaquaval|Moxie|boost\n|-boost|p2a: Quaquaval|atk|1\n|-damage|p2a: Quaquaval|60\/100|[from] item: Life Orb\n|\n|upkeep\n|\n|t:|1699966913\n|switch|p1a: Sayaka Miki|Kartana, shiny|100\/100\n|-damage|p1a: Sayaka Miki|94\/100|[from] Stealth Rock\n|turn|14\n|\n|t:|1699966920\n|move|p2a: Quaquaval|Aqua Jet|p1a: Sayaka Miki\n|-resisted|p1a: Sayaka Miki\n|-damage|p1a: Sayaka Miki|66\/100\n|-damage|p2a: Quaquaval|50\/100|[from] item: Life Orb\n|move|p1a: Sayaka Miki|Leaf Blade|p2a: Quaquaval\n|-supereffective|p2a: Quaquaval\n|-damage|p2a: Quaquaval|0 fnt\n|faint|p2a: Quaquaval\n|-ability|p1a: Sayaka Miki|Beast Boost|boost\n|-boost|p1a: Sayaka Miki|atk|1\n|\n|upkeep\n|\n|t:|1699966921\n|switch|p2a: Dragapult|Dragapult, M|100\/100\n|-damage|p2a: Dragapult|88\/100|[from] Stealth Rock\n|-damage|p2a: Dragapult|63\/100|[from] Spikes\n|turn|15\n|\n|t:|1699966928\n|move|p2a: Dragapult|Phantom Force||[still]\n|-prepare|p2a: Dragapult|Phantom Force\n|move|p1a: Sayaka Miki|Smart Strike|p2a: Dragapult|[miss]\n|-miss|p1a: Sayaka Miki|p2a: Dragapult\n|\n|upkeep\n|turn|16\n|\n|t:|1699966931\n|move|p2a: Dragapult|Phantom Force|p1a: Sayaka Miki|[from]lockedmove\n|-damage|p1a: Sayaka Miki|9\/100\n|-damage|p2a: Dragapult|53\/100|[from] item: Life Orb\n|move|p1a: Sayaka Miki|Smart Strike|p2a: Dragapult\n|-damage|p2a: Dragapult|0 fnt\n|faint|p2a: Dragapult\n|-ability|p1a: Sayaka Miki|Beast Boost|boost\n|-boost|p1a: Sayaka Miki|atk|1\n|\n|upkeep\n|\n|t:|1699966932\n|switch|p2a: Rillaboom|Rillaboom, M|100\/100\n|-damage|p2a: Rillaboom|88\/100|[from] Stealth Rock\n|-damage|p2a: Rillaboom|63\/100|[from] Spikes\n|-fieldstart|move: Grassy Terrain|[from] ability: Grassy Surge|[of] p2a: Rillaboom\n|turn|17\n|\n|t:|1699966941\n|move|p2a: Rillaboom|Grassy Glide|p1a: Sayaka Miki\n|-resisted|p1a: Sayaka Miki\n|-damage|p1a: Sayaka Miki|0 fnt\n|faint|p1a: Sayaka Miki\n|\n|-heal|p2a: Rillaboom|69\/100|[from] Grassy Terrain\n|upkeep\n|\n|t:|1699966945\n|switch|p1a: Tiro Finale!|Necrozma-Dusk-Mane, shiny|100\/100\n|-damage|p1a: Tiro Finale!|94\/100|[from] Stealth Rock\n|turn|18\n|\n|t:|1699966948\n|detailschange|p1a: Tiro Finale!|Necrozma-Ultra, shiny\n|-burst|p1a: Tiro Finale!|Necrozma|Ultranecrozium Z\n|move|p2a: Rillaboom|Grassy Glide|p1a: Tiro Finale!\n|-resisted|p1a: Tiro Finale!\n|-damage|p1a: Tiro Finale!|65\/100\n|move|p1a: Tiro Finale!|Dragon Dance|p1a: Tiro Finale!\n|-boost|p1a: Tiro Finale!|atk|1\n|-boost|p1a: Tiro Finale!|spe|1\n|\n|-heal|p1a: Tiro Finale!|71\/100|[from] Grassy Terrain\n|-heal|p2a: Rillaboom|76\/100|[from] Grassy Terrain\n|upkeep\n|turn|19\n|\n|t:|1699966954\n|move|p2a: Rillaboom|Grassy Glide|p1a: Tiro Finale!\n|-resisted|p1a: Tiro Finale!\n|-damage|p1a: Tiro Finale!|42\/100\n|-zpower|p1a: Tiro Finale!\n|move|p1a: Tiro Finale!|Light That Burns the Sky|p2a: Rillaboom|[zeffect]\n|-damage|p2a: Rillaboom|0 fnt\n|faint|p2a: Rillaboom\n|\n|win|Ducman501\n|raw|Ducman501's rating: 1087 &rarr; <strong>1121<\/strong><br \/>(+34 for winning)\n|raw|Swagup's rating: 1181 &rarr; <strong>1149<\/strong><br \/>(-32 for losing)\n|l|\u2606Swagup\n|c|\u2606Ducman501|gg\n","uploadtime":1699966965,"views":20,"p1id":"ducman501","p2id":"swagup","formatid":"gen9nationaldexubers","rating":1121,"private":0,"password":""}