{"id":"gen9nationaldexubers-1985915656","p1":"Czar_agon","p2":"CelestialSquidKid","format":"[Gen 9] National Dex Ubers","log":"|j|\u2606Czar_agon\n|j|\u2606CelestialSquidKid\n|t:|1699422095\n|gametype|singles\n|player|p1|Czar_agon|iris|\n|player|p2|CelestialSquidKid|2|\n|teamsize|p1|6\n|teamsize|p2|6\n|gen|9\n|tier|[Gen 9] National Dex Ubers\n|rule|HP Percentage Mod: HP is shown in percentages\n|rule|Endless Battle Clause: Forcing endless battles is banned\n|rule|OHKO Clause: OHKO moves are banned\n|rule|Evasion Moves Clause: Evasion moves are banned\n|rule|Evasion Items Clause: Evasion items are banned\n|rule|Species Clause: Limit one of each Pok\u00e9mon\n|rule|Sleep Clause Mod: Limit one foe put to sleep\n|rule|Mega Rayquaza Clause: You cannot mega evolve Rayquaza\n|clearpoke\n|poke|p1|Orthworm, M|\n|poke|p1|Tornadus-Therian, M|\n|poke|p1|Arctovish|\n|poke|p1|Skuntank, M|\n|poke|p1|Virizion|\n|poke|p1|Slowking-Galar, F|\n|poke|p2|Swampert, F|\n|poke|p2|Pelipper, M|\n|poke|p2|Thundurus-Therian, M|\n|poke|p2|Ferrothorn, F|\n|poke|p2|Galvantula, M|\n|poke|p2|Mamoswine, F|\n|teampreview\n|j| Smackey_5\n|j| VoIteon\n|j| Lunar Sloth\n|j| Demolution545\n|c|\u2606Czar_agon|Wanna just go ahead\n|\n|t:|1699422170\n|start\n|switch|p1a: Slowking|Slowking-Galar, F|100\/100\n|switch|p2a: Pelipper|Pelipper, M|100\/100\n|-weather|RainDance|[from] ability: Drizzle|[of] p2a: Pelipper\n|turn|1\n|\n|t:|1699422186\n|move|p2a: Pelipper|U-turn|p1a: Slowking\n|-damage|p1a: Slowking|92\/100\n|l| Lunar Sloth\n|j| Lunar Sloth\n|\n|t:|1699422196\n|switch|p2a: Mamoswine|Mamoswine, F|100\/100|[from] U-turn\n|move|p1a: Slowking|Chilly Reception|p1a: Slowking\n|-weather|Snow\n|\n|t:|1699422209\n|switch|p1a: Arctovish|Arctovish|100\/100|[from] Chilly Reception\n|\n|-weather|Snow|[upkeep]\n|upkeep\n|turn|2\n|c| Lunar Sloth|fish\n|j| ZBFusion\n|\n|t:|1699422247\n|switch|p2a: Ferrothorn|Ferrothorn, F|100\/100\n|move|p1a: Arctovish|Fishious Rend|p2a: Ferrothorn\n|-resisted|p2a: Ferrothorn\n|-damage|p2a: Ferrothorn|80\/100\n|-damage|p1a: Arctovish|88\/100|[from] ability: Iron Barbs|[of] p2a: Ferrothorn\n|\n|-weather|Snow|[upkeep]\n|-heal|p2a: Ferrothorn|86\/100|[from] item: Leftovers\n|upkeep\n|turn|3\n|\n|t:|1699422262\n|switch|p1a: Tornadus|Tornadus-Therian, M, shiny|100\/100\n|move|p2a: Ferrothorn|Stealth Rock|p1a: Tornadus\n|-sidestart|p1: Czar_agon|move: Stealth Rock\n|\n|-weather|Snow|[upkeep]\n|-heal|p2a: Ferrothorn|93\/100|[from] item: Leftovers\n|upkeep\n|turn|4\n|\n|t:|1699422290\n|switch|p2a: Pelipper|Pelipper, M|100\/100\n|-weather|RainDance|[from] ability: Drizzle|[of] p2a: Pelipper\n|move|p1a: Tornadus|Focus Blast|p2a: Pelipper\n|-resisted|p2a: Pelipper\n|-damage|p2a: Pelipper|76\/100\n|\n|-weather|RainDance|[upkeep]\n|upkeep\n|turn|5\n|\n|t:|1699422306\n|move|p1a: Tornadus|U-turn|p2a: Pelipper\n|-resisted|p2a: Pelipper\n|-damage|p2a: Pelipper|70\/100\n|\n|t:|1699422318\n|switch|p1a: Orthworm|Orthworm, M|100\/100|[from] U-turn\n|-damage|p1a: Orthworm|94\/100|[from] Stealth Rock\n|move|p2a: Pelipper|Hurricane|p1a: Orthworm\n|-resisted|p1a: Orthworm\n|-damage|p1a: Orthworm|77\/100\n|\n|-weather|RainDance|[upkeep]\n|upkeep\n|turn|6\n|\n|t:|1699422337\n|move|p2a: Pelipper|U-turn|p1a: Orthworm\n|-resisted|p1a: Orthworm\n|-damage|p1a: Orthworm|74\/100\n|-damage|p2a: Pelipper|54\/100|[from] item: Rocky Helmet|[of] p1a: Orthworm\n|\n|t:|1699422371\n|switch|p2a: Mamoswine|Mamoswine, F|100\/100|[from] U-turn\n|move|p1a: Orthworm|Iron Defense|p1a: Orthworm\n|-boost|p1a: Orthworm|def|2\n|\n|-weather|RainDance|[upkeep]\n|upkeep\n|turn|7\n|\n|t:|1699422387\n|-terastallize|p2a: Mamoswine|Fairy\n|move|p2a: Mamoswine|Earthquake|p1a: Orthworm\n|-heal|p1a: Orthworm|99\/100|[from] ability: Earth Eater|[of] p2a: Mamoswine\n|move|p1a: Orthworm|Body Press|p2a: Mamoswine\n|-resisted|p2a: Mamoswine\n|-damage|p2a: Mamoswine|72\/100\n|\n|-weather|RainDance|[upkeep]\n|upkeep\n|turn|8\n|c| VoIteon|???\n|c| VoIteon|bro forgor\n|c|\u2606CelestialSquidKid|fr\n|\n|t:|1699422413\n|switch|p1a: Skuntank|Skuntank, M|100\/100\n|move|p2a: Mamoswine|Icicle Crash|p1a: Skuntank\n|-damage|p1a: Skuntank|38\/100\n|\n|-weather|RainDance|[upkeep]\n|upkeep\n|turn|9\n|\n|t:|1699422427\n|-terastallize|p1a: Skuntank|Flying\n|move|p2a: Mamoswine|Icicle Crash|p1a: Skuntank\n|-supereffective|p1a: Skuntank\n|-damage|p1a: Skuntank|0 fnt\n|faint|p1a: Skuntank\n|\n|-weather|RainDance|[upkeep]\n|upkeep\n|\n|t:|1699422463\n|switch|p1a: Orthworm|Orthworm, M|99\/100\n|-damage|p1a: Orthworm|93\/100|[from] Stealth Rock\n|turn|10\n|\n|t:|1699422486\n|switch|p2a: Galvantula|Galvantula, M|100\/100\n|move|p1a: Orthworm|Body Press|p2a: Galvantula\n|-resisted|p2a: Galvantula\n|-damage|p2a: Galvantula|77\/100\n|-damage|p1a: Orthworm|76\/100|[from] item: Rocky Helmet|[of] p2a: Galvantula\n|\n|-weather|RainDance|[upkeep]\n|upkeep\n|turn|11\n|\n|t:|1699422508\n|switch|p1a: Slowking|Slowking-Galar, F|100\/100\n|move|p2a: Galvantula|Thunder|p1a: Slowking\n|-damage|p1a: Slowking|74\/100\n|\n|-weather|none\n|upkeep\n|turn|12\n|\n|t:|1699422526\n|move|p2a: Galvantula|Sticky Web|p1a: Slowking\n|-sidestart|p1: Czar_agon|move: Sticky Web\n|move|p1a: Slowking|Toxic|p2a: Galvantula\n|-status|p2a: Galvantula|tox\n|\n|-damage|p2a: Galvantula|71\/100 tox|[from] psn\n|upkeep\n|turn|13\n|\n|t:|1699422537\n|move|p2a: Galvantula|Volt Switch|p1a: Slowking\n|-damage|p1a: Slowking|57\/100\n|\n|t:|1699422565\n|switch|p2a: Ferrothorn|Ferrothorn, F|93\/100|[from] Volt Switch\n|move|p1a: Slowking|Slack Off|p1a: Slowking\n|-heal|p1a: Slowking|100\/100\n|\n|-heal|p2a: Ferrothorn|99\/100|[from] item: Leftovers\n|upkeep\n|turn|14\n|\n|t:|1699422595\n|switch|p1a: Orthworm|Orthworm, M|76\/100\n|-damage|p1a: Orthworm|70\/100|[from] Stealth Rock\n|-activate|p1a: Orthworm|move: Sticky Web\n|-unboost|p1a: Orthworm|spe|1\n|switch|p2a: Pelipper|Pelipper, M|54\/100\n|-weather|RainDance|[from] ability: Drizzle|[of] p2a: Pelipper\n|\n|-weather|RainDance|[upkeep]\n|upkeep\n|turn|15\n|\n|t:|1699422631\n|switch|p1a: Tornadus|Tornadus-Therian, M, shiny|100\/100\n|-damage|p1a: Tornadus|76\/100|[from] Stealth Rock\n|move|p2a: Pelipper|Surf|p1a: Tornadus\n|-damage|p1a: Tornadus|15\/100\n|\n|-weather|RainDance|[upkeep]\n|upkeep\n|turn|16\n|\n|t:|1699422647\n|switch|p1a: Arctovish|Arctovish|88\/100\n|-damage|p1a: Arctovish|63\/100|[from] Stealth Rock\n|-activate|p1a: Arctovish|move: Sticky Web\n|-unboost|p1a: Arctovish|spe|1\n|switch|p2a: Swampert|Swampert, F|100\/100\n|\n|-weather|RainDance|[upkeep]\n|upkeep\n|turn|17\n|\n|t:|1699422662\n|switch|p1a: Orthworm|Orthworm, M|70\/100\n|-damage|p1a: Orthworm|64\/100|[from] Stealth Rock\n|-activate|p1a: Orthworm|move: Sticky Web\n|-unboost|p1a: Orthworm|spe|1\n|detailschange|p2a: Swampert|Swampert-Mega, F\n|-mega|p2a: Swampert|Swampert|Swampertite\n|move|p2a: Swampert|Brick Break|p1a: Orthworm\n|-supereffective|p1a: Orthworm\n|-damage|p1a: Orthworm|25\/100\n|-damage|p2a: Swampert|84\/100|[from] item: Rocky Helmet|[of] p1a: Orthworm\n|\n|-weather|RainDance|[upkeep]\n|upkeep\n|turn|18\n|\n|t:|1699422687\n|switch|p1a: Tornadus|Tornadus-Therian, M, shiny|48\/100\n|-damage|p1a: Tornadus|23\/100|[from] Stealth Rock\n|move|p2a: Swampert|Waterfall|p1a: Tornadus\n|-damage|p1a: Tornadus|0 fnt\n|faint|p1a: Tornadus\n|\n|-weather|RainDance|[upkeep]\n|upkeep\n|l| ZBFusion\n|\n|t:|1699422698\n|switch|p1a: Arctovish|Arctovish|63\/100\n|-damage|p1a: Arctovish|38\/100|[from] Stealth Rock\n|-activate|p1a: Arctovish|move: Sticky Web\n|-unboost|p1a: Arctovish|spe|1\n|turn|19\n|j| ZBFusion\n|\n|t:|1699422717\n|move|p2a: Swampert|Brick Break|p1a: Arctovish\n|-supereffective|p1a: Arctovish\n|-damage|p1a: Arctovish|0 fnt\n|faint|p1a: Arctovish\n|\n|-weather|RainDance|[upkeep]\n|upkeep\n|\n|t:|1699422721\n|switch|p1a: Virizion|Virizion|100\/100\n|-damage|p1a: Virizion|94\/100|[from] Stealth Rock\n|-activate|p1a: Virizion|move: Sticky Web\n|-unboost|p1a: Virizion|spe|1\n|turn|20\n|\n|t:|1699422760\n|move|p2a: Swampert|Ice Punch|p1a: Virizion\n|-supereffective|p1a: Virizion\n|-damage|p1a: Virizion|16\/100\n|move|p1a: Virizion|Leaf Blade|p2a: Swampert\n|-supereffective|p2a: Swampert\n|-damage|p2a: Swampert|0 fnt\n|faint|p2a: Swampert\n|-damage|p1a: Virizion|6\/100|[from] item: Life Orb\n|\n|-weather|RainDance|[upkeep]\n|upkeep\n|\n|t:|1699422779\n|switch|p2a: Mamoswine|Mamoswine, F, tera:Fairy|72\/100\n|turn|21\n|\n|t:|1699422793\n|move|p2a: Mamoswine|Icicle Crash|p1a: Virizion|[miss]\n|-miss|p2a: Mamoswine|p1a: Virizion\n|move|p1a: Virizion|Close Combat|p2a: Mamoswine\n|-resisted|p2a: Mamoswine\n|-damage|p2a: Mamoswine|35\/100\n|-unboost|p1a: Virizion|def|1\n|-unboost|p1a: Virizion|spd|1\n|-damage|p1a: Virizion|0 fnt|[from] item: Life Orb\n|faint|p1a: Virizion\n|\n|-weather|none\n|upkeep\n|\n|t:|1699422806\n|switch|p1a: Slowking|Slowking-Galar, F|100\/100\n|turn|22\n|\n|t:|1699422821\n|move|p2a: Mamoswine|Knock Off|p1a: Slowking\n|-supereffective|p1a: Slowking\n|-damage|p1a: Slowking|32\/100\n|-enditem|p1a: Slowking|Heavy-Duty Boots|[from] move: Knock Off|[of] p2a: Mamoswine\n|move|p1a: Slowking|Chilly Reception|p1a: Slowking\n|-weather|Snow\n|l| ZBFusion\n|\n|t:|1699422828\n|switch|p1a: Orthworm|Orthworm, M|25\/100|[from] Chilly Reception\n|-damage|p1a: Orthworm|19\/100|[from] Stealth Rock\n|-activate|p1a: Orthworm|move: Sticky Web\n|-unboost|p1a: Orthworm|spe|1\n|\n|-weather|Snow|[upkeep]\n|upkeep\n|turn|23\n|\n|t:|1699422839\n|move|p2a: Mamoswine|Knock Off|p1a: Orthworm\n|-damage|p1a: Orthworm|0 fnt\n|-damage|p2a: Mamoswine|19\/100|[from] item: Rocky Helmet|[of] p1a: Orthworm\n|-enditem|p1a: Orthworm|Rocky Helmet|[from] move: Knock Off|[of] p2a: Mamoswine\n|faint|p1a: Orthworm\n|\n|-weather|Snow|[upkeep]\n|upkeep\n|\n|t:|1699422845\n|switch|p1a: Slowking|Slowking-Galar, F|65\/100\n|-damage|p1a: Slowking|53\/100|[from] Stealth Rock\n|-activate|p1a: Slowking|move: Sticky Web\n|-unboost|p1a: Slowking|spe|1\n|turn|24\n|\n|t:|1699422851\n|move|p2a: Mamoswine|Earthquake|p1a: Slowking\n|-supereffective|p1a: Slowking\n|-crit|p1a: Slowking\n|-damage|p1a: Slowking|0 fnt\n|faint|p1a: Slowking\n|\n|win|CelestialSquidKid\n|c|\u2606CelestialSquidKid|gg\n|l| Demolution545\n","uploadtime":1699422889,"views":27,"p1id":"czaragon","p2id":"celestialsquidkid","formatid":"gen9nationaldexubers","rating":0,"private":0,"password":""}