{"id":"gen9nationaldexubers-1986798406","p1":"Mizuharamami","p2":"nduts732","format":"[Gen 9] National Dex Ubers","log":"|j|\u2606Mizuharamami\n|j|\u2606nduts732\n|t:|1699526874\n|gametype|singles\n|player|p1|Mizuharamami|erika-gen1|1847\n|player|p2|nduts732|101|1746\n|teamsize|p1|6\n|teamsize|p2|6\n|gen|9\n|tier|[Gen 9] National Dex Ubers\n|rated|\n|rule|HP Percentage Mod: HP is shown in percentages\n|rule|Endless Battle Clause: Forcing endless battles is banned\n|rule|OHKO Clause: OHKO moves are banned\n|rule|Evasion Moves Clause: Evasion moves are banned\n|rule|Evasion Items Clause: Evasion items are banned\n|rule|Species Clause: Limit one of each Pok\u00e9mon\n|rule|Sleep Clause Mod: Limit one foe put to sleep\n|rule|Mega Rayquaza Clause: You cannot mega evolve Rayquaza\n|clearpoke\n|poke|p1|Ditto|\n|poke|p1|Necrozma-Dusk-Mane|\n|poke|p1|Magearna|\n|poke|p1|Dondozo, M|\n|poke|p1|Kingambit, F|\n|poke|p1|Arceus-Ground|\n|poke|p2|Zacian-*|\n|poke|p2|Eternatus|\n|poke|p2|Ditto|\n|poke|p2|Landorus, M|\n|poke|p2|Smeargle, M|\n|poke|p2|Mewtwo|\n|teampreview\n|inactive|Battle timer is ON: inactive players will automatically lose when time's up. (requested by Mizuharamami)\n|\n|t:|1699526901\n|start\n|switch|p1a: Arceus|Arceus-Ground|100\/100\n|switch|p2a: Smeargle|Smeargle, M|100\/100\n|turn|1\n|\n|t:|1699526922\n|switch|p2a: Landorus|Landorus, M|100\/100\n|move|p1a: Arceus|Taunt|p2a: Landorus\n|-start|p2a: Landorus|move: Taunt\n|\n|upkeep\n|turn|2\n|\n|t:|1699526929\n|move|p1a: Arceus|Toxic|p2a: Landorus\n|-status|p2a: Landorus|tox\n|move|p2a: Landorus|Grass Knot|p1a: Arceus\n|-supereffective|p1a: Arceus\n|-damage|p1a: Arceus|32\/100\n|-damage|p2a: Landorus|91\/100 tox|[from] item: Life Orb\n|\n|-damage|p2a: Landorus|85\/100 tox|[from] psn\n|upkeep\n|turn|3\n|\n|t:|1699526939\n|move|p1a: Arceus|Recover|p1a: Arceus\n|-heal|p1a: Arceus|82\/100\n|move|p2a: Landorus|Earth Power|p1a: Arceus\n|-damage|p1a: Arceus|37\/100\n|\n|-damage|p2a: Landorus|73\/100 tox|[from] psn\n|-end|p2a: Landorus|move: Taunt\n|upkeep\n|turn|4\n|\n|t:|1699526960\n|switch|p1a: Ditto|Ditto, shiny|100\/100\n|-transform|p1a: Ditto|p2a: Landorus|[from] ability: Imposter\n|switch|p2a: Mewtwo|Mewtwo|100\/100\n|-ability|p2a: Mewtwo|Pressure\n|\n|upkeep\n|turn|5\n|inactive|nduts732 has 120 seconds left.\n|\n|t:|1699526980\n|switch|p1a: Necrozma|Necrozma-Dusk-Mane|100\/100\n|detailschange|p2a: Mewtwo|Mewtwo-Mega-Y\n|-mega|p2a: Mewtwo|Mewtwo|Mewtwonite Y\n|move|p2a: Mewtwo|Fire Blast|p1a: Necrozma|[miss]\n|-miss|p2a: Mewtwo|p1a: Necrozma\n|\n|upkeep\n|turn|6\n|inactive|nduts732 has 120 seconds left.\n|\n|t:|1699527004\n|detailschange|p1a: Necrozma|Necrozma-Ultra\n|-burst|p1a: Necrozma|Necrozma|Ultranecrozium Z\n|move|p2a: Mewtwo|Nasty Plot|p2a: Mewtwo\n|-boost|p2a: Mewtwo|spa|2\n|move|p1a: Necrozma|Stealth Rock|p2a: Mewtwo\n|-sidestart|p2: nduts732|move: Stealth Rock\n|\n|upkeep\n|turn|7\n|\n|t:|1699527017\n|switch|p1a: Arceus|Arceus-Ground|37\/100\n|move|p2a: Mewtwo|Ice Beam|p1a: Arceus\n|-supereffective|p1a: Arceus\n|-damage|p1a: Arceus|0 fnt\n|faint|p1a: Arceus\n|\n|upkeep\n|\n|t:|1699527020\n|switch|p1a: Ditto|Ditto, shiny|100\/100\n|-transform|p1a: Ditto|p2a: Mewtwo|[from] ability: Imposter\n|turn|8\n|inactive|nduts732 has 120 seconds left.\n|\n|t:|1699527031\n|move|p1a: Ditto|Psystrike|p2a: Mewtwo\n|-resisted|p2a: Mewtwo\n|-damage|p2a: Mewtwo|25\/100\n|move|p2a: Mewtwo|Psystrike|p1a: Ditto\n|-resisted|p1a: Ditto\n|-damage|p1a: Ditto|0 fnt\n|faint|p1a: Ditto\n|\n|upkeep\n|\n|t:|1699527040\n|switch|p1a: Kingambit|Kingambit, F, shiny|100\/100\n|-activate|p1a: Kingambit|ability: Supreme Overlord\n|-start|p1a: Kingambit|fallen2|[silent]\n|turn|9\n|\n|t:|1699527044\n|switch|p2a: Smeargle|Smeargle, M|100\/100\n|-damage|p2a: Smeargle|88\/100|[from] Stealth Rock\n|move|p1a: Kingambit|Sucker Punch||[still]\n|-fail|p1a: Kingambit\n|\n|-ability|p2a: Smeargle|Moody|boost\n|-boost|p2a: Smeargle|atk|2\n|-unboost|p2a: Smeargle|spa|1\n|upkeep\n|turn|10\n|\n|t:|1699527066\n|move|p2a: Smeargle|Spikes|p1a: Kingambit\n|-sidestart|p1: Mizuharamami|Spikes\n|move|p1a: Kingambit|Knock Off|p2a: Smeargle\n|-damage|p2a: Smeargle|0 fnt\n|-enditem|p2a: Smeargle|Focus Sash|[from] move: Knock Off|[of] p1a: Kingambit\n|faint|p2a: Smeargle\n|\n|upkeep\n|inactive|nduts732 has 120 seconds left.\n|\n|t:|1699527085\n|switch|p2a: Eternatus|Eternatus|100\/100\n|-damage|p2a: Eternatus|88\/100|[from] Stealth Rock\n|-ability|p2a: Eternatus|Pressure\n|turn|11\n|inactive|nduts732 has 120 seconds left.\n|\n|t:|1699527101\n|-end|p1a: Kingambit|fallen2|[silent]\n|switch|p1a: Dondozo|Dondozo, M|100\/100\n|-damage|p1a: Dondozo|88\/100|[from] Spikes\n|-terastallize|p2a: Eternatus|Fire\n|move|p2a: Eternatus|Fire Blast|p1a: Dondozo\n|-resisted|p1a: Dondozo\n|-damage|p1a: Dondozo|58\/100\n|\n|-heal|p1a: Dondozo|64\/100|[from] item: Leftovers\n|upkeep\n|turn|12\n|\n|t:|1699527112\n|switch|p1a: Magearna|Magearna|100\/100\n|-damage|p1a: Magearna|88\/100|[from] Spikes\n|move|p2a: Eternatus|Meteor Beam||[still]\n|-prepare|p2a: Eternatus|Meteor Beam\n|-boost|p2a: Eternatus|spa|1\n|-enditem|p2a: Eternatus|Power Herb\n|-anim|p2a: Eternatus|Meteor Beam|p1a: Magearna\n|-resisted|p1a: Magearna\n|-damage|p1a: Magearna|66\/100\n|\n|upkeep\n|turn|13\n|\n|t:|1699527124\n|move|p2a: Eternatus|Fire Blast|p1a: Magearna\n|-supereffective|p1a: Magearna\n|-damage|p1a: Magearna|0 fnt\n|faint|p1a: Magearna\n|\n|upkeep\n|\n|t:|1699527136\n|switch|p1a: Kingambit|Kingambit, F, shiny|100\/100\n|-damage|p1a: Kingambit|88\/100|[from] Spikes\n|-activate|p1a: Kingambit|ability: Supreme Overlord\n|-start|p1a: Kingambit|fallen3|[silent]\n|turn|14\n|\n|t:|1699527142\n|-terastallize|p1a: Kingambit|Ghost\n|move|p1a: Kingambit|Sucker Punch|p2a: Eternatus\n|-damage|p2a: Eternatus|37\/100\n|move|p2a: Eternatus|Fire Blast|p1a: Kingambit\n|-damage|p1a: Kingambit|0 fnt\n|faint|p1a: Kingambit\n|-end|p1a: Kingambit|fallen3|[silent]\n|\n|upkeep\n|\n|t:|1699527156\n|switch|p1a: Dondozo|Dondozo, M|64\/100\n|-damage|p1a: Dondozo|52\/100|[from] Spikes\n|turn|15\n|\n|t:|1699527161\n|move|p2a: Eternatus|Dynamax Cannon|p1a: Dondozo\n|-crit|p1a: Dondozo\n|-damage|p1a: Dondozo|0 fnt\n|faint|p1a: Dondozo\n|\n|upkeep\n|-message|Mizuharamami forfeited.\n|\n|win|nduts732\n|raw|Mizuharamami's rating: 1847 &rarr; <strong>1821<\/strong><br \/>(-26 for losing)\n|raw|nduts732's rating: 1746 &rarr; <strong>1772<\/strong><br \/>(+26 for winning)\n|l|\u2606Mizuharamami\n|l|\u2606nduts732\n","uploadtime":1699527176,"views":11,"p1id":"mizuharamami","p2id":"nduts732","formatid":"gen9nationaldexubers","rating":1772,"private":0,"password":""}