{"id":"gen9nationaldexubers-1987486186","p1":"Fishyguts","p2":"AERO-M0DE\u2b06\ufe0f","format":"[Gen 9] National Dex Ubers","log":"|j|\u2606Fishyguts\n|j|\u2606AERO-M0DE\u2b06\ufe0f\n|t:|1699599699\n|gametype|singles\n|player|p1|Fishyguts|101|1048\n|player|p2|AERO-M0DE\u2b06\ufe0f|winona-gen6|1032\n|teamsize|p1|6\n|teamsize|p2|6\n|gen|9\n|tier|[Gen 9] National Dex Ubers\n|rated|\n|rule|HP Percentage Mod: HP is shown in percentages\n|rule|Endless Battle Clause: Forcing endless battles is banned\n|rule|OHKO Clause: OHKO moves are banned\n|rule|Evasion Moves Clause: Evasion moves are banned\n|rule|Evasion Items Clause: Evasion items are banned\n|rule|Species Clause: Limit one of each Pok\u00e9mon\n|rule|Sleep Clause Mod: Limit one foe put to sleep\n|rule|Mega Rayquaza Clause: You cannot mega evolve Rayquaza\n|clearpoke\n|poke|p1|Samurott-Hisui, F|\n|poke|p1|Ursaluna, M|\n|poke|p1|Kleavor, M|\n|poke|p1|Arcanine-Hisui, M|\n|poke|p1|Typhlosion-Hisui, M|\n|poke|p1|Basculegion, M|\n|poke|p2|Rayquaza|\n|poke|p2|Salamence, M|\n|poke|p2|Silvally-*|\n|poke|p2|Tornadus, M|\n|poke|p2|Iron Jugulis|\n|poke|p2|Gyarados, M|\n|teampreview\n|inactive|Battle timer is ON: inactive players will automatically lose when time's up. (requested by Fishyguts)\n|\n|t:|1699599716\n|start\n|switch|p1a: Kleavor|Kleavor, M|100\/100\n|switch|p2a: \ud83c\udf2cRAYQUAZA\ud83c\udf2a\ud83c\udf2a|Rayquaza, shiny|100\/100\n|-ability|p2a: \ud83c\udf2cRAYQUAZA\ud83c\udf2a\ud83c\udf2a|Air Lock\n|turn|1\n|\n|t:|1699599728\n|switch|p2a: \ud83c\udf2cSALAMENCE\ud83c\udf2a\ud83c\udf2a|Salamence, M, shiny|100\/100\n|-ability|p2a: \ud83c\udf2cSALAMENCE\ud83c\udf2a\ud83c\udf2a|Intimidate|boost\n|-unboost|p1a: Kleavor|atk|1\n|move|p1a: Kleavor|Stone Axe|p2a: \ud83c\udf2cSALAMENCE\ud83c\udf2a\ud83c\udf2a\n|-supereffective|p2a: \ud83c\udf2cSALAMENCE\ud83c\udf2a\ud83c\udf2a\n|-damage|p2a: \ud83c\udf2cSALAMENCE\ud83c\udf2a\ud83c\udf2a|0 fnt\n|-sidestart|p2: AERO-M0DE\u2b06\ufe0f|move: Stealth Rock\n|faint|p2a: \ud83c\udf2cSALAMENCE\ud83c\udf2a\ud83c\udf2a\n|-damage|p1a: Kleavor|91\/100|[from] item: Life Orb\n|\n|upkeep\n|\n|t:|1699599740\n|switch|p2a: \ud83c\udf2c\ud83c\udf2aGYARADOS\ud83c\udf2a|Gyarados, M, shiny|100\/100\n|-damage|p2a: \ud83c\udf2c\ud83c\udf2aGYARADOS\ud83c\udf2a|76\/100|[from] Stealth Rock\n|-ability|p2a: \ud83c\udf2c\ud83c\udf2aGYARADOS\ud83c\udf2a|Intimidate|boost\n|-unboost|p1a: Kleavor|atk|1\n|turn|2\n|\n|t:|1699599752\n|switch|p1a: Samurott|Samurott-Hisui, F|100\/100\n|move|p2a: \ud83c\udf2c\ud83c\udf2aGYARADOS\ud83c\udf2a|Rain Dance|p2a: \ud83c\udf2c\ud83c\udf2aGYARADOS\ud83c\udf2a\n|-weather|RainDance\n|\n|-weather|RainDance|[upkeep]\n|upkeep\n|turn|3\n|\n|t:|1699599761\n|move|p2a: \ud83c\udf2c\ud83c\udf2aGYARADOS\ud83c\udf2a|Hurricane|p1a: Samurott\n|-damage|p1a: Samurott|72\/100\n|move|p1a: Samurott|Ceaseless Edge|p2a: \ud83c\udf2c\ud83c\udf2aGYARADOS\ud83c\udf2a\n|-damage|p2a: \ud83c\udf2c\ud83c\udf2aGYARADOS\ud83c\udf2a|8\/100\n|-sidestart|p2: AERO-M0DE\u2b06\ufe0f|Spikes\n|-damage|p1a: Samurott|62\/100|[from] item: Life Orb\n|\n|-weather|RainDance|[upkeep]\n|upkeep\n|turn|4\n|\n|t:|1699599770\n|move|p2a: \ud83c\udf2c\ud83c\udf2aGYARADOS\ud83c\udf2a|Hurricane|p1a: Samurott\n|-damage|p1a: Samurott|33\/100\n|move|p1a: Samurott|Ceaseless Edge|p2a: \ud83c\udf2c\ud83c\udf2aGYARADOS\ud83c\udf2a\n|-damage|p2a: \ud83c\udf2c\ud83c\udf2aGYARADOS\ud83c\udf2a|0 fnt\n|-sidestart|p2: AERO-M0DE\u2b06\ufe0f|Spikes\n|faint|p2a: \ud83c\udf2c\ud83c\udf2aGYARADOS\ud83c\udf2a\n|-damage|p1a: Samurott|23\/100|[from] item: Life Orb\n|\n|-weather|RainDance|[upkeep]\n|upkeep\n|\n|t:|1699599783\n|switch|p2a: \ud83c\udf2cTORNADUS\ud83c\udf2a\ud83c\udf2a|Tornadus, M, shiny|100\/100\n|-damage|p2a: \ud83c\udf2cTORNADUS\ud83c\udf2a\ud83c\udf2a|76\/100|[from] Stealth Rock\n|turn|5\n|\n|t:|1699599790\n|move|p2a: \ud83c\udf2cTORNADUS\ud83c\udf2a\ud83c\udf2a|Hurricane|p1a: Samurott\n|-damage|p1a: Samurott|0 fnt\n|faint|p1a: Samurott\n|\n|-weather|RainDance|[upkeep]\n|upkeep\n|\n|t:|1699599795\n|switch|p1a: Kleavor|Kleavor, M|91\/100\n|turn|6\n|\n|t:|1699599800\n|move|p2a: \ud83c\udf2cTORNADUS\ud83c\udf2a\ud83c\udf2a|Hurricane|p1a: Kleavor\n|-damage|p1a: Kleavor|0 fnt\n|faint|p1a: Kleavor\n|\n|-weather|RainDance|[upkeep]\n|upkeep\n|\n|t:|1699599803\n|switch|p1a: Ursaluna|Ursaluna, M, shiny|100\/100\n|turn|7\n|\n|t:|1699599814\n|-terastallize|p2a: \ud83c\udf2cTORNADUS\ud83c\udf2a\ud83c\udf2a|Flying\n|move|p2a: \ud83c\udf2cTORNADUS\ud83c\udf2a\ud83c\udf2a|Hurricane|p1a: Ursaluna\n|-damage|p1a: Ursaluna|4\/100\n|move|p1a: Ursaluna|Swords Dance|p1a: Ursaluna\n|-boost|p1a: Ursaluna|atk|2\n|\n|-weather|RainDance|[upkeep]\n|-status|p1a: Ursaluna|brn|[from] item: Flame Orb\n|upkeep\n|turn|8\n|\n|t:|1699599826\n|move|p2a: \ud83c\udf2cTORNADUS\ud83c\udf2a\ud83c\udf2a|Bleakwind Storm|p1a: Ursaluna\n|-damage|p1a: Ursaluna|0 fnt\n|faint|p1a: Ursaluna\n|\n|-weather|RainDance|[upkeep]\n|upkeep\n|\n|t:|1699599829\n|switch|p1a: Arcanine|Arcanine-Hisui, M|100\/100\n|turn|9\n|\n|t:|1699599838\n|move|p2a: \ud83c\udf2cTORNADUS\ud83c\udf2a\ud83c\udf2a|Hurricane|p1a: Arcanine\n|-resisted|p1a: Arcanine\n|-crit|p1a: Arcanine\n|-damage|p1a: Arcanine|14\/100\n|move|p1a: Arcanine|Head Smash|p2a: \ud83c\udf2cTORNADUS\ud83c\udf2a\ud83c\udf2a\n|-supereffective|p2a: \ud83c\udf2cTORNADUS\ud83c\udf2a\ud83c\udf2a\n|-damage|p2a: \ud83c\udf2cTORNADUS\ud83c\udf2a\ud83c\udf2a|0 fnt\n|faint|p2a: \ud83c\udf2cTORNADUS\ud83c\udf2a\ud83c\udf2a\n|-damage|p1a: Arcanine|4\/100|[from] item: Life Orb\n|\n|-weather|none\n|upkeep\n|\n|t:|1699599856\n|switch|p2a: \ud83c\udf2cSILVALLY-AERO\ud83c\udf2a|Silvally-Flying|100\/100\n|-damage|p2a: \ud83c\udf2cSILVALLY-AERO\ud83c\udf2a|76\/100|[from] Stealth Rock\n|turn|10\n|\n|t:|1699599865\n|move|p2a: \ud83c\udf2cSILVALLY-AERO\ud83c\udf2a|Multi-Attack|p1a: Arcanine\n|-resisted|p1a: Arcanine\n|-crit|p1a: Arcanine\n|-damage|p1a: Arcanine|0 fnt\n|faint|p1a: Arcanine\n|\n|upkeep\n|\n|t:|1699599869\n|switch|p1a: Typhlosion|Typhlosion-Hisui, M|100\/100\n|turn|11\n|\n|t:|1699599874\n|move|p2a: \ud83c\udf2cSILVALLY-AERO\ud83c\udf2a|Tailwind|p2a: \ud83c\udf2cSILVALLY-AERO\ud83c\udf2a\n|-sidestart|p2: AERO-M0DE\u2b06\ufe0f|move: Tailwind\n|move|p1a: Typhlosion|Eruption|p2a: \ud83c\udf2cSILVALLY-AERO\ud83c\udf2a\n|-damage|p2a: \ud83c\udf2cSILVALLY-AERO\ud83c\udf2a|0 fnt\n|faint|p2a: \ud83c\udf2cSILVALLY-AERO\ud83c\udf2a\n|\n|upkeep\n|\n|t:|1699599882\n|switch|p2a: \ud83c\udf2cRAYQUAZA\ud83c\udf2a\ud83c\udf2a|Rayquaza, shiny|100\/100\n|-damage|p2a: \ud83c\udf2cRAYQUAZA\ud83c\udf2a\ud83c\udf2a|76\/100|[from] Stealth Rock\n|-ability|p2a: \ud83c\udf2cRAYQUAZA\ud83c\udf2a\ud83c\udf2a|Air Lock\n|turn|12\n|\n|t:|1699599894\n|move|p2a: \ud83c\udf2cRAYQUAZA\ud83c\udf2a\ud83c\udf2a|Dragon Dance|p2a: \ud83c\udf2cRAYQUAZA\ud83c\udf2a\ud83c\udf2a\n|-boost|p2a: \ud83c\udf2cRAYQUAZA\ud83c\udf2a\ud83c\udf2a|atk|1\n|-boost|p2a: \ud83c\udf2cRAYQUAZA\ud83c\udf2a\ud83c\udf2a|spe|1\n|move|p1a: Typhlosion|Eruption|p2a: \ud83c\udf2cRAYQUAZA\ud83c\udf2a\ud83c\udf2a\n|-resisted|p2a: \ud83c\udf2cRAYQUAZA\ud83c\udf2a\ud83c\udf2a\n|-damage|p2a: \ud83c\udf2cRAYQUAZA\ud83c\udf2a\ud83c\udf2a|20\/100\n|\n|upkeep\n|turn|13\n|\n|t:|1699599903\n|move|p2a: \ud83c\udf2cRAYQUAZA\ud83c\udf2a\ud83c\udf2a|Dragon Ascent|p1a: Typhlosion\n|-damage|p1a: Typhlosion|0 fnt\n|-unboost|p2a: \ud83c\udf2cRAYQUAZA\ud83c\udf2a\ud83c\udf2a|def|1\n|-unboost|p2a: \ud83c\udf2cRAYQUAZA\ud83c\udf2a\ud83c\udf2a|spd|1\n|faint|p1a: Typhlosion\n|\n|upkeep\n|\n|t:|1699599905\n|switch|p1a: Basculegion|Basculegion, M|100\/100\n|turn|14\n|\n|t:|1699599912\n|-terastallize|p1a: Basculegion|Ghost\n|move|p2a: \ud83c\udf2cRAYQUAZA\ud83c\udf2a\ud83c\udf2a|Dragon Ascent|p1a: Basculegion\n|-damage|p1a: Basculegion|0 fnt\n|-unboost|p2a: \ud83c\udf2cRAYQUAZA\ud83c\udf2a\ud83c\udf2a|def|1\n|-unboost|p2a: \ud83c\udf2cRAYQUAZA\ud83c\udf2a\ud83c\udf2a|spd|1\n|faint|p1a: Basculegion\n|\n|win|AERO-M0DE\u2b06\ufe0f\n|raw|Fishyguts's rating: 1048 &rarr; <strong>1030<\/strong><br \/>(-18 for losing)\n|raw|AERO-M0DE\u2b06\ufe0f's rating: 1032 &rarr; <strong>1069<\/strong><br \/>(+37 for winning)\n|l|\u2606Fishyguts\n","uploadtime":1699600079,"views":4,"p1id":"fishyguts","p2id":"aerom0de","formatid":"gen9nationaldexubers","rating":1030,"private":0,"password":""}