{"id":"gen9nationaldexubers-1987772759","p1":"Mr.Shadowdusk","p2":"hanagakiUBD","format":"[Gen 9] National Dex Ubers","log":"|j|\u2606Mr.Shadowdusk\n|j|\u2606hanagakiUBD\n|t:|1699635534\n|gametype|singles\n|player|p1|Mr.Shadowdusk|ghetsis|\n|player|p2|hanagakiUBD|iris-gen5bw2|\n|teamsize|p1|6\n|teamsize|p2|6\n|gen|9\n|tier|[Gen 9] National Dex Ubers\n|rule|HP Percentage Mod: HP is shown in percentages\n|rule|Endless Battle Clause: Forcing endless battles is banned\n|rule|OHKO Clause: OHKO moves are banned\n|rule|Evasion Moves Clause: Evasion moves are banned\n|rule|Evasion Items Clause: Evasion items are banned\n|rule|Species Clause: Limit one of each Pok\u00e9mon\n|rule|Sleep Clause Mod: Limit one foe put to sleep\n|rule|Mega Rayquaza Clause: You cannot mega evolve Rayquaza\n|clearpoke\n|poke|p1|Ninetales-Alola, M|\n|poke|p1|Mimikyu, F|\n|poke|p1|Sylveon, M|\n|poke|p1|Scream Tail|\n|poke|p1|Skeledirge, M|\n|poke|p1|Diancie|\n|poke|p2|Kleavor, M|\n|poke|p2|Darmanitan-Galar, M|\n|poke|p2|Volcarona, F|\n|poke|p2|Dragapult, F|\n|poke|p2|Alakazam, F|\n|poke|p2|Kingambit, M|\n|teampreview\n|inactive|Battle timer is ON: inactive players will automatically lose when time's up. (requested by hanagakiUBD)\n|\n|t:|1699635546\n|start\n|switch|p1a: Ninetales|Ninetales-Alola, M, shiny|100\/100\n|switch|p2a: Volcarona|Volcarona, F, shiny|100\/100\n|-weather|Snow|[from] ability: Snow Warning|[of] p1a: Ninetales\n|turn|1\n|\n|t:|1699635553\n|move|p1a: Ninetales|Encore||[still]\n|-fail|p1a: Ninetales\n|move|p2a: Volcarona|Quiver Dance|p2a: Volcarona\n|-boost|p2a: Volcarona|spa|1\n|-boost|p2a: Volcarona|spd|1\n|-boost|p2a: Volcarona|spe|1\n|\n|-weather|Snow|[upkeep]\n|upkeep\n|turn|2\n|\n|t:|1699635561\n|switch|p1a: Diancie|Diancie|100\/100\n|move|p2a: Volcarona|Fiery Dance|p1a: Diancie\n|-resisted|p1a: Diancie\n|-damage|p1a: Diancie|67\/100\n|\n|-weather|Snow|[upkeep]\n|upkeep\n|turn|3\n|\n|t:|1699635565\n|detailschange|p1a: Diancie|Diancie-Mega\n|-mega|p1a: Diancie|Diancie|Diancite\n|move|p2a: Volcarona|Giga Drain|p1a: Diancie\n|-supereffective|p1a: Diancie\n|-damage|p1a: Diancie|0 fnt\n|faint|p1a: Diancie\n|\n|-weather|Snow|[upkeep]\n|upkeep\n|\n|t:|1699635577\n|switch|p1a: Sylveon|Sylveon, M, shiny|100\/100\n|turn|4\n|\n|t:|1699635585\n|move|p2a: Volcarona|Fiery Dance|p1a: Sylveon\n|-damage|p1a: Sylveon|47\/100\n|move|p1a: Sylveon|Hyper Voice|p2a: Volcarona\n|-resisted|p2a: Volcarona\n|-damage|p2a: Volcarona|84\/100\n|-enditem|p1a: Sylveon|Throat Spray\n|-boost|p1a: Sylveon|spa|1|[from] item: Throat Spray\n|\n|-weather|Snow|[upkeep]\n|-heal|p2a: Volcarona|90\/100|[from] item: Leftovers\n|upkeep\n|turn|5\n|\n|t:|1699635593\n|move|p2a: Volcarona|Fiery Dance|p1a: Sylveon\n|-damage|p1a: Sylveon|0 fnt\n|faint|p1a: Sylveon\n|\n|-weather|none\n|-heal|p2a: Volcarona|96\/100|[from] item: Leftovers\n|upkeep\n|\n|t:|1699635604\n|switch|p1a: Scream Tail|Scream Tail|100\/100\n|turn|6\n|\n|t:|1699635607\n|move|p2a: Volcarona|Fiery Dance|p1a: Scream Tail\n|-damage|p1a: Scream Tail|70\/100\n|move|p1a: Scream Tail|Thunder Wave|p2a: Volcarona\n|-status|p2a: Volcarona|par\n|\n|-heal|p1a: Scream Tail|76\/100|[from] item: Leftovers\n|-heal|p2a: Volcarona|100\/100 par|[from] item: Leftovers\n|upkeep\n|turn|7\n|\n|t:|1699635613\n|move|p1a: Scream Tail|Wish|p1a: Scream Tail\n|cant|p2a: Volcarona|par\n|\n|-heal|p1a: Scream Tail|82\/100|[from] item: Leftovers\n|upkeep\n|turn|8\n|\n|t:|1699635620\n|move|p1a: Scream Tail|Fire Punch|p2a: Volcarona\n|-damage|p2a: Volcarona|84\/100 par\n|cant|p2a: Volcarona|par\n|\n|-heal|p1a: Scream Tail|100\/100|[from] move: Wish|[wisher] Scream Tail\n|-heal|p2a: Volcarona|90\/100 par|[from] item: Leftovers\n|upkeep\n|turn|9\n|c|\u2606hanagakiUBD|Si sabes que tu team esta ban no?\n|\n|t:|1699635631\n|move|p1a: Scream Tail|Wish|p1a: Scream Tail\n|move|p2a: Volcarona|Fiery Dance|p1a: Scream Tail\n|-damage|p1a: Scream Tail|67\/100\n|-boost|p2a: Volcarona|spa|1\n|\n|-heal|p1a: Scream Tail|73\/100|[from] item: Leftovers\n|-heal|p2a: Volcarona|96\/100 par|[from] item: Leftovers\n|upkeep\n|turn|10\n|\n|t:|1699635637\n|-end|p1a: Scream Tail|Protosynthesis|[silent]\n|switch|p1a: Skeledirge|Skeledirge, M, shiny|100\/100\n|move|p2a: Volcarona|Quiver Dance|p2a: Volcarona\n|-boost|p2a: Volcarona|spa|1\n|-boost|p2a: Volcarona|spd|1\n|-boost|p2a: Volcarona|spe|1\n|\n|-heal|p2a: Volcarona|100\/100 par|[from] item: Leftovers\n|upkeep\n|turn|11\n|\n|t:|1699635645\n|-terastallize|p1a: Skeledirge|Fairy\n|move|p2a: Volcarona|Fiery Dance|p1a: Skeledirge\n|-damage|p1a: Skeledirge|58\/100\n|-boost|p2a: Volcarona|spa|1\n|move|p1a: Skeledirge|Torch Song|p2a: Volcarona\n|-crit|p2a: Volcarona\n|-damage|p2a: Volcarona|50\/100 par\n|-boost|p1a: Skeledirge|spa|1\n|\n|-heal|p2a: Volcarona|56\/100 par|[from] item: Leftovers\n|-heal|p1a: Skeledirge|64\/100|[from] item: Leftovers\n|upkeep\n|turn|12\n|\n|t:|1699635655\n|cant|p2a: Volcarona|par\n|move|p1a: Skeledirge|Torch Song|p2a: Volcarona\n|-damage|p2a: Volcarona|7\/100 par\n|-boost|p1a: Skeledirge|spa|1\n|\n|-heal|p2a: Volcarona|13\/100 par|[from] item: Leftovers\n|-heal|p1a: Skeledirge|70\/100|[from] item: Leftovers\n|upkeep\n|turn|13\n|\n|t:|1699635658\n|cant|p2a: Volcarona|par\n|move|p1a: Skeledirge|Torch Song|p2a: Volcarona\n|-damage|p2a: Volcarona|0 fnt\n|-boost|p1a: Skeledirge|spa|1\n|faint|p2a: Volcarona\n|\n|-heal|p1a: Skeledirge|76\/100|[from] item: Leftovers\n|upkeep\n|\n|t:|1699635666\n|switch|p2a: Kleavor|Kleavor, M|100\/100\n|turn|14\n|\n|t:|1699635669\n|move|p2a: Kleavor|Cross Poison|p1a: Skeledirge\n|-supereffective|p1a: Skeledirge\n|-damage|p1a: Skeledirge|34\/100\n|move|p1a: Skeledirge|Slack Off|p1a: Skeledirge\n|-heal|p1a: Skeledirge|84\/100\n|\n|-heal|p1a: Skeledirge|91\/100|[from] item: Leftovers\n|upkeep\n|turn|15\n|inactive|hanagakiUBD has 270 seconds left.\n|l|\u2606Mr.Shadowdusk\n|inactive|Mr.Shadowdusk disconnected and has 300 seconds to reconnect!\n|player|p1|\n|inactive|hanagakiUBD has 240 seconds left.\n|\n|t:|1699635744\n|move|p2a: Kleavor|Cross Poison|p1a: Skeledirge\n|-supereffective|p1a: Skeledirge\n|-damage|p1a: Skeledirge|45\/100\n|move|p1a: Skeledirge|Yawn|p2a: Kleavor\n|-start|p2a: Kleavor|move: Yawn|[of] p1a: Skeledirge\n|\n|-heal|p1a: Skeledirge|51\/100|[from] item: Leftovers\n|upkeep\n|turn|16\n|l|\u2606hanagakiUBD\n|inactive|hanagakiUBD disconnected and has 300 seconds to reconnect!\n|player|p2|\n|j|\u2606Mr.Shadowdusk\n|inactive|Mr.Shadowdusk reconnected and has 300 seconds left.\n|player|p1|Mr.Shadowdusk|ghetsis\n|j|\u2606hanagakiUBD\n|inactive|hanagakiUBD reconnected and has 240 seconds left.\n|player|p2|hanagakiUBD|iris-gen5bw2\n|\n|t:|1699635759\n|move|p2a: Kleavor|Cross Poison|p1a: Skeledirge\n|-supereffective|p1a: Skeledirge\n|-damage|p1a: Skeledirge|9\/100\n|move|p1a: Skeledirge|Slack Off|p1a: Skeledirge\n|-heal|p1a: Skeledirge|59\/100\n|\n|-heal|p1a: Skeledirge|65\/100|[from] item: Leftovers\n|-end|p2a: Kleavor|move: Yawn|[silent]\n|-status|p2a: Kleavor|slp\n|upkeep\n|turn|17\n|inactive|hanagakiUBD has 240 seconds left.\n|\n|t:|1699635768\n|switch|p2a: Dragapult|Dragapult, F, shiny|100\/100\n|move|p1a: Skeledirge|Torch Song|p2a: Dragapult\n|-resisted|p2a: Dragapult\n|-damage|p2a: Dragapult|49\/100\n|-boost|p1a: Skeledirge|spa|1\n|\n|-heal|p1a: Skeledirge|71\/100|[from] item: Leftovers\n|upkeep\n|turn|18\n|\n|t:|1699635775\n|-zpower|p2a: Dragapult\n|move|p2a: Dragapult|Never-Ending Nightmare|p1a: Skeledirge|[zeffect]\n|-damage|p1a: Skeledirge|22\/100\n|move|p1a: Skeledirge|Torch Song|p2a: Dragapult\n|-resisted|p2a: Dragapult\n|-damage|p2a: Dragapult|0 fnt\n|-boost|p1a: Skeledirge|spa|1\n|faint|p2a: Dragapult\n|\n|-heal|p1a: Skeledirge|28\/100|[from] item: Leftovers\n|upkeep\n|\n|t:|1699635781\n|switch|p2a: Alakazam|Alakazam, F|100\/100\n|turn|19\n|\n|t:|1699635794\n|detailschange|p2a: Alakazam|Alakazam-Mega, F\n|-mega|p2a: Alakazam|Alakazam|Alakazite\n|-ability|p2a: Alakazam|Unaware|[from] ability: Trace|[of] p1a: Skeledirge\n|move|p2a: Alakazam|Psychic|p1a: Skeledirge\n|-damage|p1a: Skeledirge|0 fnt\n|faint|p1a: Skeledirge\n|\n|upkeep\n|\n|t:|1699635802\n|switch|p1a: Mimikyu|Mimikyu, F|100\/100\n|turn|20\n|inactive|hanagakiUBD has 270 seconds left.\n|c|\u2606hanagakiUBD|Me la pelan tus subidas de stats\n|\n|t:|1699635810\n|move|p2a: Alakazam|Shadow Ball|p1a: Mimikyu\n|-activate|p1a: Mimikyu|ability: Disguise\n|-damage|p1a: Mimikyu|100\/100\n|detailschange|p1a: Mimikyu|Mimikyu-Busted, F\n|-damage|p1a: Mimikyu|88\/100|[from] pokemon: Mimikyu-Busted\n|move|p1a: Mimikyu|Swords Dance|p1a: Mimikyu\n|-boost|p1a: Mimikyu|atk|2\n|\n|upkeep\n|turn|21\n|\n|t:|1699635816\n|move|p1a: Mimikyu|Shadow Sneak|p2a: Alakazam\n|-supereffective|p2a: Alakazam\n|-damage|p2a: Alakazam|33\/100\n|move|p2a: Alakazam|Shadow Ball|p1a: Mimikyu\n|-supereffective|p1a: Mimikyu\n|-damage|p1a: Mimikyu|0 fnt\n|faint|p1a: Mimikyu\n|\n|upkeep\n|\n|t:|1699635824\n|switch|p1a: Ninetales|Ninetales-Alola, M, shiny|100\/100\n|-weather|Snow|[from] ability: Snow Warning|[of] p1a: Ninetales\n|turn|22\n|\n|t:|1699635842\n|move|p2a: Alakazam|Psychic|p1a: Ninetales\n|-damage|p1a: Ninetales|36\/100\n|move|p1a: Ninetales|Aurora Veil|p1a: Ninetales\n|-sidestart|p1: Mr.Shadowdusk|move: Aurora Veil\n|\n|-weather|Snow|[upkeep]\n|upkeep\n|turn|23\n|\n|t:|1699635849\n|move|p2a: Alakazam|Shadow Ball|p1a: Ninetales\n|-damage|p1a: Ninetales|16\/100\n|move|p1a: Ninetales|Moonblast|p2a: Alakazam\n|-damage|p2a: Alakazam|0 fnt\n|faint|p2a: Alakazam\n|\n|-weather|Snow|[upkeep]\n|upkeep\n|\n|t:|1699635854\n|switch|p2a: Kingambit|Kingambit, M|100\/100\n|-activate|p2a: Kingambit|ability: Supreme Overlord\n|-start|p2a: Kingambit|fallen3|[silent]\n|turn|24\n|\n|t:|1699635858\n|move|p1a: Ninetales|Encore||[still]\n|-fail|p1a: Ninetales\n|move|p2a: Kingambit|Iron Head|p1a: Ninetales\n|-supereffective|p1a: Ninetales\n|-damage|p1a: Ninetales|0 fnt\n|faint|p1a: Ninetales\n|\n|-weather|Snow|[upkeep]\n|upkeep\n|\n|t:|1699635862\n|switch|p1a: Scream Tail|Scream Tail|73\/100\n|turn|25\n|\n|t:|1699635867\n|move|p1a: Scream Tail|Thunder Wave|p2a: Kingambit\n|-status|p2a: Kingambit|par\n|move|p2a: Kingambit|Iron Head|p1a: Scream Tail\n|-supereffective|p1a: Scream Tail\n|-damage|p1a: Scream Tail|25\/100\n|\n|-weather|Snow|[upkeep]\n|-heal|p1a: Scream Tail|31\/100|[from] item: Leftovers\n|upkeep\n|turn|26\n|\n|t:|1699635874\n|move|p1a: Scream Tail|Drain Punch|p2a: Kingambit\n|-supereffective|p2a: Kingambit\n|-damage|p2a: Kingambit|61\/100 par\n|-heal|p1a: Scream Tail|47\/100|[from] drain|[of] p2a: Kingambit\n|cant|p2a: Kingambit|par\n|\n|-weather|none\n|-heal|p1a: Scream Tail|53\/100|[from] item: Leftovers\n|upkeep\n|turn|27\n|\n|t:|1699635880\n|move|p1a: Scream Tail|Drain Punch|p2a: Kingambit\n|-supereffective|p2a: Kingambit\n|-damage|p2a: Kingambit|26\/100 par\n|-heal|p1a: Scream Tail|67\/100|[from] drain|[of] p2a: Kingambit\n|cant|p2a: Kingambit|par\n|\n|-heal|p1a: Scream Tail|73\/100|[from] item: Leftovers\n|upkeep\n|turn|28\n|\n|t:|1699635887\n|move|p1a: Scream Tail|Drain Punch|p2a: Kingambit\n|-supereffective|p2a: Kingambit\n|-damage|p2a: Kingambit|0 fnt\n|-heal|p1a: Scream Tail|83\/100|[from] drain|[of] p2a: Kingambit\n|faint|p2a: Kingambit\n|-end|p2a: Kingambit|fallen3|[silent]\n|\n|-heal|p1a: Scream Tail|89\/100|[from] item: Leftovers\n|upkeep\n|\n|t:|1699635890\n|switch|p2a: Kleavor|Kleavor, M|100\/100 slp\n|turn|29\n|\n|t:|1699635896\n|cant|p2a: Kleavor|slp\n|move|p1a: Scream Tail|Fire Punch|p2a: Kleavor\n|-damage|p2a: Kleavor|86\/100 slp\n|\n|-heal|p1a: Scream Tail|95\/100|[from] item: Leftovers\n|-sideend|p1: Mr.Shadowdusk|move: Aurora Veil\n|upkeep\n|turn|30\n|c|\u2606hanagakiUBD|Q acaba de pasar aqui\n|\n|t:|1699635902\n|cant|p2a: Kleavor|slp\n|move|p1a: Scream Tail|Wish|p1a: Scream Tail\n|\n|-heal|p1a: Scream Tail|100\/100|[from] item: Leftovers\n|upkeep\n|turn|31\n|\n|t:|1699635904\n|cant|p2a: Kleavor|slp\n|move|p1a: Scream Tail|Drain Punch|p2a: Kleavor\n|-damage|p2a: Kleavor|71\/100 slp\n|\n|upkeep\n|turn|32\n|\n|t:|1699635907\n|-curestatus|p2a: Kleavor|slp|[msg]\n|move|p2a: Kleavor|Stone Axe|p1a: Scream Tail\n|-damage|p1a: Scream Tail|59\/100\n|move|p1a: Scream Tail|Drain Punch|p2a: Kleavor\n|-damage|p2a: Kleavor|58\/100\n|-heal|p1a: Scream Tail|64\/100|[from] drain|[of] p2a: Kleavor\n|\n|-heal|p1a: Scream Tail|70\/100|[from] item: Leftovers\n|upkeep\n|turn|33\n|\n|t:|1699635919\n|move|p2a: Kleavor|Stone Axe|p1a: Scream Tail|[miss]\n|-miss|p2a: Kleavor|p1a: Scream Tail\n|move|p1a: Scream Tail|Wish|p1a: Scream Tail\n|\n|-heal|p1a: Scream Tail|76\/100|[from] item: Leftovers\n|upkeep\n|turn|34\n|\n|t:|1699635924\n|move|p2a: Kleavor|Stone Axe|p1a: Scream Tail|[miss]\n|-miss|p2a: Kleavor|p1a: Scream Tail\n|move|p1a: Scream Tail|Thunder Wave|p2a: Kleavor\n|-status|p2a: Kleavor|par\n|\n|-heal|p1a: Scream Tail|100\/100|[from] move: Wish|[wisher] Scream Tail\n|upkeep\n|turn|35\n|\n|t:|1699635926\n|move|p1a: Scream Tail|Drain Punch|p2a: Kleavor\n|-damage|p2a: Kleavor|43\/100 par\n|move|p2a: Kleavor|Stone Axe|p1a: Scream Tail|[miss]\n|-miss|p2a: Kleavor|p1a: Scream Tail\n|\n|upkeep\n|turn|36\n|\n|t:|1699635931\n|move|p1a: Scream Tail|Drain Punch|p2a: Kleavor\n|-damage|p2a: Kleavor|29\/100 par\n|move|p2a: Kleavor|Stone Axe|p1a: Scream Tail|[miss]\n|-miss|p2a: Kleavor|p1a: Scream Tail\n|\n|upkeep\n|turn|37\n|c|\u2606hanagakiUBD|Y falla todo\n|\n|t:|1699635945\n|move|p1a: Scream Tail|Drain Punch|p2a: Kleavor\n|-damage|p2a: Kleavor|15\/100 par\n|move|p2a: Kleavor|Stone Axe|p1a: Scream Tail|[miss]\n|-miss|p2a: Kleavor|p1a: Scream Tail\n|\n|upkeep\n|turn|38\n|\n|t:|1699635947\n|move|p1a: Scream Tail|Drain Punch|p2a: Kleavor\n|-damage|p2a: Kleavor|3\/100 par\n|move|p2a: Kleavor|Stone Axe|p1a: Scream Tail\n|-damage|p1a: Scream Tail|62\/100\n|\n|-heal|p1a: Scream Tail|68\/100|[from] item: Leftovers\n|upkeep\n|turn|39\n|\n|t:|1699635952\n|move|p1a: Scream Tail|Wish|p1a: Scream Tail\n|move|p2a: Kleavor|Stone Axe|p1a: Scream Tail\n|-damage|p1a: Scream Tail|30\/100\n|\n|-heal|p1a: Scream Tail|36\/100|[from] item: Leftovers\n|upkeep\n|turn|40\n|\n|t:|1699635959\n|move|p1a: Scream Tail|Drain Punch|p2a: Kleavor\n|-damage|p2a: Kleavor|0 fnt\n|-heal|p1a: Scream Tail|36\/100|[from] drain|[of] p2a: Kleavor\n|faint|p2a: Kleavor\n|\n|-heal|p1a: Scream Tail|86\/100|[from] move: Wish|[wisher] Scream Tail\n|-heal|p1a: Scream Tail|93\/100|[from] item: Leftovers\n|upkeep\n|\n|t:|1699635962\n|switch|p2a: Darmanitan|Darmanitan-Galar, M|100\/100\n|turn|41\n|\n|t:|1699635968\n|move|p2a: Darmanitan|Iron Head|p1a: Scream Tail\n|-supereffective|p1a: Scream Tail\n|-damage|p1a: Scream Tail|10\/100\n|cant|p1a: Scream Tail|flinch\n|\n|-heal|p1a: Scream Tail|16\/100|[from] item: Leftovers\n|upkeep\n|turn|42\n|\n|t:|1699635974\n|move|p2a: Darmanitan|Iron Head|p1a: Scream Tail\n|-supereffective|p1a: Scream Tail\n|-damage|p1a: Scream Tail|0 fnt\n|faint|p1a: Scream Tail\n|-end|p1a: Scream Tail|Protosynthesis|[silent]\n|\n|win|hanagakiUBD\n","uploadtime":1699635984,"views":6,"p1id":"mrshadowdusk","p2id":"hanagakiubd","formatid":"gen9nationaldexubers","rating":0,"private":0,"password":""}