{"id":"gen9nationaldexubers-1989212789","p1":"cancel cult","p2":"jgoudyfvcc.edu","format":"[Gen 9] National Dex Ubers","log":"|j|\u2606cancel cult\n|j|\u2606jgoudyfvcc.edu\n|t:|1699824027\n|gametype|singles\n|player|p1|cancel cult|wally|1543\n|player|p2|jgoudyfvcc.edu|169|1516\n|teamsize|p1|6\n|teamsize|p2|6\n|gen|9\n|tier|[Gen 9] National Dex Ubers\n|rated|\n|rule|HP Percentage Mod: HP is shown in percentages\n|rule|Endless Battle Clause: Forcing endless battles is banned\n|rule|OHKO Clause: OHKO moves are banned\n|rule|Evasion Moves Clause: Evasion moves are banned\n|rule|Evasion Items Clause: Evasion items are banned\n|rule|Species Clause: Limit one of each Pok\u00e9mon\n|rule|Sleep Clause Mod: Limit one foe put to sleep\n|rule|Mega Rayquaza Clause: You cannot mega evolve Rayquaza\n|clearpoke\n|poke|p1|Murkrow, M|\n|poke|p1|Arceus-Ghost|\n|poke|p1|Necrozma-Dusk-Mane|\n|poke|p1|Xerneas-*|\n|poke|p1|Groudon|\n|poke|p1|Ho-Oh|\n|poke|p2|Ditto|\n|poke|p2|Aerodactyl, F|\n|poke|p2|Sableye, F|\n|poke|p2|Porygon2|\n|poke|p2|Dialga|\n|poke|p2|Venusaur, F|\n|teampreview\n|inactive|Battle timer is ON: inactive players will automatically lose when time's up. (requested by cancel cult)\n|\n|t:|1699824056\n|start\n|switch|p1a: Groudon|Groudon|100\/100\n|switch|p2a: Ditto|Ditto, shiny|100\/100\n|-transform|p2a: Ditto|p1a: Groudon|[from] ability: Imposter\n|-weather|SunnyDay|[from] ability: Drought|[of] p2a: Ditto\n|detailschange|p1a: Groudon|Groudon-Primal\n|-primal|p1a: Groudon|Red Orb\n|-weather|DesolateLand|[from] ability: Desolate Land|[of] p1a: Groudon\n|turn|1\n|\n|t:|1699824071\n|-weather|none\n|switch|p1a: Ho-Oh|Ho-Oh|100\/100\n|move|p2a: Ditto|Precipice Blades|p1a: Ho-Oh\n|-immune|p1a: Ho-Oh\n|\n|upkeep\n|turn|2\n|\n|t:|1699824079\n|move|p1a: Ho-Oh|Toxic|p2a: Ditto\n|-status|p2a: Ditto|tox\n|move|p2a: Ditto|Stone Edge|p1a: Ho-Oh\n|-supereffective|p1a: Ho-Oh\n|-damage|p1a: Ho-Oh|8\/100\n|\n|-damage|p2a: Ditto|94\/100 tox|[from] psn\n|upkeep\n|turn|3\n|\n|t:|1699824090\n|switch|p1a: Necrozma|Necrozma-Dusk-Mane|100\/100\n|move|p2a: Ditto|Heat Crash|p1a: Necrozma\n|-supereffective|p1a: Necrozma\n|-damage|p1a: Necrozma|73\/100\n|\n|-damage|p2a: Ditto|82\/100 tox|[from] psn\n|upkeep\n|turn|4\n|\n|t:|1699824100\n|switch|p2a: Sableye|Sableye, F|100\/100\n|detailschange|p1a: Necrozma|Necrozma-Ultra\n|-burst|p1a: Necrozma|Necrozma|Ultranecrozium Z\n|move|p1a: Necrozma|Dragon Dance|p1a: Necrozma\n|-boost|p1a: Necrozma|atk|1\n|-boost|p1a: Necrozma|spe|1\n|\n|upkeep\n|turn|5\n|\n|t:|1699824109\n|move|p2a: Sableye|Will-O-Wisp|p1a: Necrozma\n|-status|p1a: Necrozma|brn\n|move|p1a: Necrozma|Sunsteel Strike|p2a: Sableye\n|-damage|p2a: Sableye|69\/100\n|\n|-heal|p2a: Sableye|75\/100|[from] item: Leftovers\n|-damage|p1a: Necrozma|67\/100 brn|[from] brn\n|upkeep\n|turn|6\n|\n|t:|1699824119\n|switch|p1a: Groudon|Groudon-Primal|100\/100\n|-weather|DesolateLand|[from] ability: Desolate Land|[of] p1a: Groudon\n|move|p2a: Sableye|Foul Play|p1a: Groudon\n|-damage|p1a: Groudon|74\/100\n|\n|-weather|DesolateLand|[upkeep]\n|-heal|p2a: Sableye|82\/100|[from] item: Leftovers\n|upkeep\n|turn|7\n|\n|t:|1699824129\n|move|p1a: Groudon|Precipice Blades|p2a: Sableye\n|-damage|p2a: Sableye|16\/100\n|move|p2a: Sableye|Foul Play|p1a: Groudon\n|-damage|p1a: Groudon|49\/100\n|\n|-weather|DesolateLand|[upkeep]\n|-heal|p2a: Sableye|23\/100|[from] item: Leftovers\n|upkeep\n|turn|8\n|\n|t:|1699824138\n|move|p2a: Sableye|Recover|p2a: Sableye\n|-heal|p2a: Sableye|73\/100\n|move|p1a: Groudon|Heat Crash|p2a: Sableye\n|-damage|p2a: Sableye|0 fnt\n|faint|p2a: Sableye\n|\n|-weather|DesolateLand|[upkeep]\n|upkeep\n|\n|t:|1699824146\n|switch|p2a: Venusaur|Venusaur, F|100\/100\n|turn|9\n|\n|t:|1699824153\n|move|p2a: Venusaur|Earth Power|p1a: Groudon\n|-supereffective|p1a: Groudon\n|-damage|p1a: Groudon|0 fnt\n|faint|p1a: Groudon\n|-weather|none\n|\n|upkeep\n|\n|t:|1699824159\n|switch|p1a: Ho-Oh|Ho-Oh|41\/100\n|turn|10\n|\n|t:|1699824162\n|move|p2a: Venusaur|Sleep Powder|p1a: Ho-Oh|[miss]\n|-miss|p2a: Venusaur|p1a: Ho-Oh\n|move|p1a: Ho-Oh|Sacred Fire|p2a: Venusaur\n|-supereffective|p2a: Venusaur\n|-enditem|p2a: Venusaur|Focus Sash\n|-damage|p2a: Venusaur|1\/100\n|-status|p2a: Venusaur|brn\n|\n|-damage|p2a: Venusaur|0 fnt|[from] brn\n|faint|p2a: Venusaur\n|upkeep\n|\n|t:|1699824174\n|switch|p2a: Aerodactyl|Aerodactyl, F|100\/100\n|turn|11\n|\n|t:|1699824182\n|switch|p1a: Necrozma|Necrozma-Ultra|67\/100 brn\n|detailschange|p2a: Aerodactyl|Aerodactyl-Mega, F\n|-mega|p2a: Aerodactyl|Aerodactyl|Aerodactylite\n|move|p2a: Aerodactyl|Stone Edge|p1a: Necrozma\n|-damage|p1a: Necrozma|12\/100 brn\n|\n|-damage|p1a: Necrozma|6\/100 brn|[from] brn\n|upkeep\n|turn|12\n|\n|t:|1699824192\n|move|p2a: Aerodactyl|Earthquake|p1a: Necrozma\n|-damage|p1a: Necrozma|0 fnt\n|faint|p1a: Necrozma\n|\n|upkeep\n|\n|t:|1699824196\n|switch|p1a: Murkrow|Murkrow, M|100\/100\n|turn|13\n|\n|t:|1699824200\n|switch|p2a: Ditto|Ditto, shiny|82\/100 tox\n|-transform|p2a: Ditto|p1a: Murkrow|[from] ability: Imposter\n|move|p1a: Murkrow|Thunder Wave|p2a: Ditto\n|-hint|Since gen 7, Dark is immune to Prankster moves.\n|-immune|p2a: Ditto\n|\n|-damage|p2a: Ditto|76\/100 tox|[from] psn\n|upkeep\n|turn|14\n|\n|t:|1699824216\n|switch|p2a: Porygon2|Porygon2|100\/100\n|-ability|p2a: Porygon2|Prankster|[from] ability: Trace|[of] p1a: Murkrow\n|switch|p1a: Xerneas|Xerneas|100\/100\n|-ability|p1a: Xerneas|Fairy Aura\n|\n|upkeep\n|turn|15\n|\n|t:|1699824225\n|move|p1a: Xerneas|Geomancy||[still]\n|-prepare|p1a: Xerneas|Geomancy\n|-enditem|p1a: Xerneas|Power Herb\n|-anim|p1a: Xerneas|Geomancy|p1a: Xerneas\n|-boost|p1a: Xerneas|spa|2\n|-boost|p1a: Xerneas|spd|2\n|-boost|p1a: Xerneas|spe|2\n|move|p2a: Porygon2|Discharge|p1a: Xerneas\n|-damage|p1a: Xerneas|94\/100\n|-status|p1a: Xerneas|par\n|\n|upkeep\n|turn|16\n|\n|t:|1699824236\n|move|p1a: Xerneas|Draining Kiss|p2a: Porygon2\n|-damage|p2a: Porygon2|64\/100\n|-heal|p1a: Xerneas|100\/100 par|[from] drain|[of] p2a: Porygon2\n|move|p2a: Porygon2|Discharge|p1a: Xerneas\n|-damage|p1a: Xerneas|94\/100 par\n|\n|upkeep\n|turn|17\n|\n|t:|1699824243\n|move|p2a: Porygon2|Conversion 2|p1a: Xerneas\n|-start|p2a: Porygon2|typechange|Fire\n|cant|p1a: Xerneas|par\n|\n|upkeep\n|turn|18\n|\n|t:|1699824250\n|move|p1a: Xerneas|Geomancy||[still]\n|-prepare|p1a: Xerneas|Geomancy\n|move|p2a: Porygon2|Ice Beam|p1a: Xerneas\n|-damage|p1a: Xerneas|87\/100 par\n|\n|upkeep\n|turn|19\n|\n|t:|1699824259\n|move|p2a: Porygon2|Recover|p2a: Porygon2\n|-heal|p2a: Porygon2|100\/100\n|move|p1a: Xerneas|Geomancy|p1a: Xerneas|[from]lockedmove\n|-boost|p1a: Xerneas|spa|2\n|-boost|p1a: Xerneas|spd|2\n|-boost|p1a: Xerneas|spe|2\n|\n|upkeep\n|turn|20\n|\n|t:|1699824267\n|-terastallize|p1a: Xerneas|Electric\n|move|p1a: Xerneas|Thunderbolt|p2a: Porygon2\n|-damage|p2a: Porygon2|16\/100\n|move|p2a: Porygon2|Ice Beam|p1a: Xerneas\n|-damage|p1a: Xerneas|81\/100 par\n|\n|upkeep\n|turn|21\n|\n|t:|1699824278\n|move|p2a: Porygon2|Conversion 2|p1a: Xerneas\n|-start|p2a: Porygon2|typechange|Electric\n|cant|p1a: Xerneas|par\n|\n|upkeep\n|turn|22\n|\n|t:|1699824284\n|move|p2a: Porygon2|Recover|p2a: Porygon2\n|-heal|p2a: Porygon2|66\/100\n|move|p1a: Xerneas|Geomancy||[still]\n|-prepare|p1a: Xerneas|Geomancy\n|\n|upkeep\n|turn|23\n|\n|t:|1699824290\n|move|p1a: Xerneas|Geomancy|p1a: Xerneas|[from]lockedmove\n|-boost|p1a: Xerneas|spa|2\n|-boost|p1a: Xerneas|spd|2\n|-boost|p1a: Xerneas|spe|2\n|move|p2a: Porygon2|Ice Beam|p1a: Xerneas\n|-damage|p1a: Xerneas|78\/100 par\n|\n|upkeep\n|turn|24\n|\n|t:|1699824299\n|move|p1a: Xerneas|Draining Kiss|p2a: Porygon2\n|-damage|p2a: Porygon2|0 fnt\n|-heal|p1a: Xerneas|100\/100 par|[from] drain|[of] p2a: Porygon2\n|faint|p2a: Porygon2\n|\n|upkeep\n|\n|t:|1699824305\n|switch|p2a: Ditto|Ditto, shiny|76\/100 tox\n|-transform|p2a: Ditto|p1a: Xerneas|[from] ability: Imposter\n|-ability|p2a: Ditto|Fairy Aura\n|-start|p2a: Ditto|typechange|Fairy|[silent]\n|turn|25\n|\n|t:|1699824313\n|move|p2a: Ditto|Draining Kiss|p1a: Xerneas\n|-damage|p1a: Xerneas|77\/100 par\n|-heal|p2a: Ditto|99\/100 tox|[from] drain|[of] p1a: Xerneas\n|cant|p1a: Xerneas|par\n|\n|-damage|p2a: Ditto|94\/100 tox|[from] psn\n|upkeep\n|turn|26\n|\n|t:|1699824327\n|move|p2a: Ditto|Draining Kiss|p1a: Xerneas\n|-damage|p1a: Xerneas|55\/100 par\n|-heal|p2a: Ditto|100\/100 tox|[from] drain|[of] p1a: Xerneas\n|cant|p1a: Xerneas|par\n|\n|-damage|p2a: Ditto|88\/100 tox|[from] psn\n|upkeep\n|turn|27\n|\n|t:|1699824340\n|move|p2a: Ditto|Draining Kiss|p1a: Xerneas\n|-damage|p1a: Xerneas|32\/100 par\n|-heal|p2a: Ditto|100\/100 tox|[from] drain|[of] p1a: Xerneas\n|move|p1a: Xerneas|Draining Kiss|p2a: Ditto\n|-damage|p2a: Ditto|72\/100 tox\n|-heal|p1a: Xerneas|48\/100 par|[from] drain|[of] p2a: Ditto\n|\n|-damage|p2a: Ditto|54\/100 tox|[from] psn\n|upkeep\n|turn|28\n|-activate|p2a: Ditto|item: Quick Claw\n|\n|t:|1699824350\n|move|p2a: Ditto|Draining Kiss|p1a: Xerneas\n|-damage|p1a: Xerneas|25\/100 par\n|-heal|p2a: Ditto|77\/100 tox|[from] drain|[of] p1a: Xerneas\n|cant|p1a: Xerneas|par\n|\n|-damage|p2a: Ditto|53\/100 tox|[from] psn\n|upkeep\n|turn|29\n|\n|t:|1699824360\n|move|p2a: Ditto|Draining Kiss|p1a: Xerneas\n|-damage|p1a: Xerneas|1\/100 par\n|-heal|p2a: Ditto|76\/100 tox|[from] drain|[of] p1a: Xerneas\n|cant|p1a: Xerneas|par\n|\n|-damage|p2a: Ditto|46\/100 tox|[from] psn\n|upkeep\n|turn|30\n|\n|t:|1699824369\n|move|p2a: Ditto|Thunderbolt|p1a: Xerneas\n|-resisted|p1a: Xerneas\n|-damage|p1a: Xerneas|0 fnt\n|faint|p1a: Xerneas\n|\n|-damage|p2a: Ditto|10\/100 tox|[from] psn\n|upkeep\n|\n|t:|1699824375\n|switch|p1a: Arceus|Arceus-Ghost|100\/100\n|turn|31\n|-activate|p2a: Ditto|item: Quick Claw\n|\n|t:|1699824379\n|move|p1a: Arceus|Extreme Speed|p2a: Ditto\n|-damage|p2a: Ditto|0 fnt\n|faint|p2a: Ditto\n|\n|upkeep\n|\n|t:|1699824385\n|switch|p2a: Dialga|Dialga|100\/100\n|-ability|p2a: Dialga|Pressure\n|turn|32\n|\n|t:|1699824391\n|move|p1a: Arceus|Swords Dance|p1a: Arceus\n|-boost|p1a: Arceus|atk|2\n|-zpower|p2a: Dialga\n|move|p2a: Dialga|Devastating Drake|p1a: Arceus|[zeffect]\n|-damage|p1a: Arceus|2\/100\n|\n|upkeep\n|turn|33\n|\n|t:|1699824401\n|move|p1a: Arceus|Shadow Force||[still]\n|-prepare|p1a: Arceus|Shadow Force\n|move|p2a: Dialga|Flash Cannon|p1a: Arceus|[miss]\n|-miss|p2a: Dialga|p1a: Arceus\n|\n|upkeep\n|turn|34\n|\n|t:|1699824406\n|move|p1a: Arceus|Shadow Force|p2a: Dialga|[from]lockedmove\n|-damage|p2a: Dialga|0 fnt\n|faint|p2a: Dialga\n|\n|upkeep\n|\n|t:|1699824411\n|switch|p2a: Aerodactyl|Aerodactyl-Mega, F|100\/100\n|turn|35\n|\n|t:|1699824417\n|move|p1a: Arceus|Extreme Speed|p2a: Aerodactyl\n|-resisted|p2a: Aerodactyl\n|-damage|p2a: Aerodactyl|65\/100\n|move|p2a: Aerodactyl|Earthquake|p1a: Arceus\n|-damage|p1a: Arceus|0 fnt\n|faint|p1a: Arceus\n|\n|upkeep\n|\n|t:|1699824422\n|switch|p1a: Murkrow|Murkrow, M|100\/100\n|turn|36\n|\n|t:|1699824429\n|move|p1a: Murkrow|Thunder Wave|p2a: Aerodactyl\n|-status|p2a: Aerodactyl|par\n|move|p2a: Aerodactyl|Dual Wingbeat|p1a: Murkrow\n|-damage|p1a: Murkrow|44\/100\n|-damage|p1a: Murkrow|0 fnt\n|faint|p1a: Murkrow\n|-hitcount|p1: Murkrow|2\n|\n|upkeep\n|\n|t:|1699824434\n|switch|p1a: Ho-Oh|Ho-Oh|74\/100\n|turn|37\n|\n|t:|1699824440\n|cant|p2a: Aerodactyl|par\n|move|p1a: Ho-Oh|Sacred Fire|p2a: Aerodactyl\n|-resisted|p2a: Aerodactyl\n|-damage|p2a: Aerodactyl|35\/100 par\n|\n|upkeep\n|turn|38\n|\n|t:|1699824446\n|cant|p2a: Aerodactyl|par\n|move|p1a: Ho-Oh|Sacred Fire|p2a: Aerodactyl\n|-resisted|p2a: Aerodactyl\n|-damage|p2a: Aerodactyl|10\/100 par\n|\n|upkeep\n|turn|39\n|\n|t:|1699824452\n|cant|p2a: Aerodactyl|par\n|move|p1a: Ho-Oh|Sacred Fire|p2a: Aerodactyl\n|-resisted|p2a: Aerodactyl\n|-damage|p2a: Aerodactyl|0 fnt\n|faint|p2a: Aerodactyl\n|\n|win|cancel cult\n|raw|cancel cult's rating: 1543 &rarr; <strong>1561<\/strong><br \/>(+18 for winning)\n|raw|jgoudyfvcc.edu's rating: 1516 &rarr; <strong>1498<\/strong><br \/>(-18 for losing)\n|c|\u2606cancel cult|ggwp\n","uploadtime":1699824460,"views":5,"p1id":"cancelcult","p2id":"jgoudyfvccedu","formatid":"gen9nationaldexubers","rating":1498,"private":0,"password":""}