{"id":"gen9nationaldexubers-1981292418","p1":"Cilantora","p2":"Jasonspatrick","format":"[Gen 9] National Dex Ubers","log":"|j|\u2606Cilantora\n|j|\u2606Jasonspatrick\n|t:|1698880475\n|gametype|singles\n|player|p1|Cilantora|veteran|1123\n|player|p2|Jasonspatrick|n|1044\n|teamsize|p1|6\n|teamsize|p2|6\n|gen|9\n|tier|[Gen 9] National Dex Ubers\n|rated|\n|rule|HP Percentage Mod: HP is shown in percentages\n|rule|Endless Battle Clause: Forcing endless battles is banned\n|rule|OHKO Clause: OHKO moves are banned\n|rule|Evasion Moves Clause: Evasion moves are banned\n|rule|Evasion Items Clause: Evasion items are banned\n|rule|Species Clause: Limit one of each Pok\u00e9mon\n|rule|Sleep Clause Mod: Limit one foe put to sleep\n|rule|Mega Rayquaza Clause: You cannot mega evolve Rayquaza\n|clearpoke\n|poke|p1|Dragapult, F|\n|poke|p1|Breloom, F|\n|poke|p1|Cyclizar, F|\n|poke|p1|Annihilape, M|\n|poke|p1|Darmanitan-Galar, F|\n|poke|p1|Samurott-Hisui, M|\n|poke|p2|Goodra, F|\n|poke|p2|Maractus, M|\n|poke|p2|Zekrom|\n|poke|p2|Incineroar, M|\n|poke|p2|Mantyke, M|\n|poke|p2|Lucario, M|\n|teampreview\n|\n|t:|1698880487\n|start\n|switch|p1a: Cyclizar|Cyclizar, F|100\/100\n|switch|p2a: Mantyke|Mantyke, M, shiny|100\/100\n|turn|1\n|\n|t:|1698880492\n|move|p1a: Cyclizar|Shed Tail|p1a: Cyclizar\n|-start|p1a: Cyclizar|Substitute|[from] move: Shed Tail\n|-damage|p1a: Cyclizar|50\/100\n|\n|t:|1698880495\n|switch|p1a: Breloom|Breloom, F|100\/100|[from] Shed Tail\n|move|p2a: Mantyke|Tailwind|p2a: Mantyke\n|-sidestart|p2: Jasonspatrick|move: Tailwind\n|\n|upkeep\n|turn|2\n|\n|t:|1698880505\n|-terastallize|p2a: Mantyke|Grass\n|move|p2a: Mantyke|Air Slash|p1a: Breloom\n|-supereffective|p1a: Breloom\n|-end|p1a: Breloom|Substitute\n|move|p1a: Breloom|Swords Dance|p1a: Breloom\n|-boost|p1a: Breloom|atk|2\n|\n|upkeep\n|turn|3\n|\n|t:|1698880516\n|-terastallize|p1a: Breloom|Fighting\n|move|p1a: Breloom|Mach Punch|p2a: Mantyke\n|-damage|p2a: Mantyke|19\/100\n|move|p2a: Mantyke|Air Slash|p1a: Breloom\n|-supereffective|p1a: Breloom\n|-damage|p1a: Breloom|36\/100\n|\n|upkeep\n|turn|4\n|\n|t:|1698880531\n|move|p1a: Breloom|Mach Punch|p2a: Mantyke\n|-damage|p2a: Mantyke|0 fnt\n|faint|p2a: Mantyke\n|\n|-sideend|p2: Jasonspatrick|move: Tailwind\n|upkeep\n|\n|t:|1698880540\n|switch|p2a: Zekrom|Zekrom, shiny|100\/100\n|-ability|p2a: Zekrom|Teravolt\n|turn|5\n|\n|t:|1698880547\n|move|p1a: Breloom|Mach Punch|p2a: Zekrom\n|-damage|p2a: Zekrom|28\/100\n|move|p2a: Zekrom|Fusion Bolt|p1a: Breloom\n|-damage|p1a: Breloom|0 fnt\n|faint|p1a: Breloom\n|-damage|p2a: Zekrom|18\/100|[from] item: Life Orb\n|\n|upkeep\n|\n|t:|1698880554\n|switch|p1a: Darmanitan|Darmanitan-Galar, F|100\/100\n|turn|6\n|\n|t:|1698880563\n|move|p1a: Darmanitan|Icicle Crash|p2a: Zekrom\n|-supereffective|p2a: Zekrom\n|-damage|p2a: Zekrom|0 fnt\n|faint|p2a: Zekrom\n|\n|upkeep\n|\n|t:|1698880566\n|switch|p2a: Incineroar|Incineroar, M, shiny|100\/100\n|-ability|p2a: Incineroar|Intimidate|boost\n|-unboost|p1a: Darmanitan|atk|1\n|turn|7\n|\n|t:|1698880576\n|switch|p1a: Samurott|Samurott-Hisui, M|100\/100\n|move|p2a: Incineroar|Darkest Lariat|p1a: Samurott\n|-resisted|p1a: Samurott\n|-damage|p1a: Samurott|72\/100\n|\n|upkeep\n|turn|8\n|\n|t:|1698880587\n|switch|p2a: Maractussy|Maractus, M, shiny|100\/100\n|move|p1a: Samurott|Knock Off|p2a: Maractussy\n|-damage|p2a: Maractussy|50\/100\n|-enditem|p2a: Maractussy|Leftovers|[from] move: Knock Off|[of] p1a: Samurott\n|\n|upkeep\n|turn|9\n|\n|t:|1698880594\n|switch|p2a: Incineroar|Incineroar, M, shiny|100\/100\n|-ability|p2a: Incineroar|Intimidate|boost\n|-unboost|p1a: Samurott|atk|1\n|move|p1a: Samurott|Ceaseless Edge|p2a: Incineroar\n|-resisted|p2a: Incineroar\n|-damage|p2a: Incineroar|85\/100\n|-sidestart|p2: Jasonspatrick|Spikes\n|\n|upkeep\n|turn|10\n|\n|t:|1698880611\n|switch|p1a: Cyclizar|Cyclizar, F|84\/100\n|move|p2a: Incineroar|Drain Punch|p1a: Cyclizar\n|-supereffective|p1a: Cyclizar\n|-damage|p1a: Cyclizar|12\/100\n|-heal|p2a: Incineroar|100\/100|[from] drain|[of] p1a: Cyclizar\n|\n|upkeep\n|turn|11\n|\n|t:|1698880624\n|move|p1a: Cyclizar|Draco Meteor|p2a: Incineroar\n|-damage|p2a: Incineroar|55\/100\n|-unboost|p1a: Cyclizar|spa|2\n|move|p2a: Incineroar|Drain Punch|p1a: Cyclizar\n|-supereffective|p1a: Cyclizar\n|-damage|p1a: Cyclizar|0 fnt\n|-heal|p2a: Incineroar|61\/100|[from] drain|[of] p1a: Cyclizar\n|faint|p1a: Cyclizar\n|\n|upkeep\n|\n|t:|1698880635\n|switch|p1a: Samurott|Samurott-Hisui, M|72\/100\n|turn|12\n|\n|t:|1698880641\n|move|p2a: Incineroar|Drain Punch|p1a: Samurott\n|-supereffective|p1a: Samurott\n|-damage|p1a: Samurott|6\/100\n|-heal|p2a: Incineroar|93\/100|[from] drain|[of] p1a: Samurott\n|move|p1a: Samurott|Razor Shell|p2a: Incineroar\n|-supereffective|p2a: Incineroar\n|-damage|p2a: Incineroar|0 fnt\n|faint|p2a: Incineroar\n|\n|upkeep\n|\n|t:|1698880650\n|switch|p2a: Maractussy|Maractus, M, shiny|50\/100\n|-damage|p2a: Maractussy|38\/100|[from] Spikes\n|turn|13\n|\n|t:|1698880655\n|move|p2a: Maractussy|Spiky Shield|p2a: Maractussy\n|-singleturn|p2a: Maractussy|move: Protect\n|move|p1a: Samurott|Ceaseless Edge|p2a: Maractussy\n|-activate|p2a: Maractussy|move: Protect\n|-damage|p1a: Samurott|0 fnt|[from] Spiky Shield|[of] p2a: Maractussy\n|faint|p1a: Samurott\n|\n|upkeep\n|\n|t:|1698880659\n|switch|p1a: Dragapult|Dragapult, F|100\/100\n|turn|14\n|\n|t:|1698880673\n|move|p1a: Dragapult|Hex|p2a: Maractussy\n|-damage|p2a: Maractussy|4\/100\n|move|p2a: Maractussy|Leech Seed|p1a: Dragapult\n|-start|p1a: Dragapult|move: Leech Seed\n|\n|-damage|p1a: Dragapult|88\/100|[from] Leech Seed|[of] p2a: Maractussy\n|-heal|p2a: Maractussy|17\/100|[silent]\n|upkeep\n|turn|15\n|\n|t:|1698880682\n|move|p2a: Maractussy|Spiky Shield|p2a: Maractussy\n|-singleturn|p2a: Maractussy|move: Protect\n|move|p1a: Dragapult|Will-O-Wisp|p2a: Maractussy\n|-activate|p2a: Maractussy|move: Protect\n|\n|-damage|p1a: Dragapult|76\/100|[from] Leech Seed|[of] p2a: Maractussy\n|-heal|p2a: Maractussy|31\/100|[silent]\n|upkeep\n|turn|16\n|\n|t:|1698880700\n|switch|p2a: Britney Spears|Goodra, F, shiny|100\/100\n|-damage|p2a: Britney Spears|88\/100|[from] Spikes\n|move|p1a: Dragapult|Will-O-Wisp|p2a: Britney Spears\n|-status|p2a: Britney Spears|brn\n|\n|-damage|p1a: Dragapult|64\/100|[from] Leech Seed|[of] p2a: Britney Spears\n|-heal|p2a: Britney Spears|98\/100 brn|[silent]\n|-damage|p2a: Britney Spears|92\/100 brn|[from] brn\n|upkeep\n|turn|17\n|\n|t:|1698880716\n|move|p1a: Dragapult|Draco Meteor|p2a: Britney Spears\n|-supereffective|p2a: Britney Spears\n|-damage|p2a: Britney Spears|15\/100 brn\n|-unboost|p1a: Dragapult|spa|2\n|move|p2a: Britney Spears|Rest|p2a: Britney Spears\n|-status|p2a: Britney Spears|slp|[from] move: Rest\n|-heal|p2a: Britney Spears|100\/100 slp|[silent]\n|\n|-damage|p1a: Dragapult|51\/100|[from] Leech Seed|[of] p2a: Britney Spears\n|upkeep\n|turn|18\n|\n|t:|1698880730\n|switch|p2a: Lucario|Lucario, M, shiny|100\/100\n|-damage|p2a: Lucario|88\/100|[from] Spikes\n|move|p1a: Dragapult|U-turn|p2a: Lucario\n|-resisted|p2a: Lucario\n|-damage|p2a: Lucario|82\/100\n|\n|t:|1698880736\n|switch|p1a: Annihilape|Annihilape, M|100\/100|[from] U-turn\n|\n|upkeep\n|turn|19\n|\n|t:|1698880755\n|detailschange|p2a: Lucario|Lucario-Mega, M, shiny\n|-mega|p2a: Lucario|Lucario|Lucarionite\n|move|p2a: Lucario|Flash Cannon|p1a: Annihilape\n|-damage|p1a: Annihilape|62\/100\n|move|p1a: Annihilape|Taunt|p2a: Lucario\n|-start|p2a: Lucario|move: Taunt\n|\n|-heal|p1a: Annihilape|68\/100|[from] item: Leftovers\n|upkeep\n|turn|20\n|\n|t:|1698880765\n|move|p2a: Lucario|Flash Cannon|p1a: Annihilape\n|-damage|p1a: Annihilape|29\/100\n|move|p1a: Annihilape|Drain Punch|p2a: Lucario\n|-supereffective|p2a: Lucario\n|-damage|p2a: Lucario|0 fnt\n|-heal|p1a: Annihilape|56\/100|[from] drain|[of] p2a: Lucario\n|faint|p2a: Lucario\n|\n|-heal|p1a: Annihilape|62\/100|[from] item: Leftovers\n|upkeep\n|\n|t:|1698880772\n|switch|p2a: Maractussy|Maractus, M, shiny|31\/100\n|-damage|p2a: Maractussy|18\/100|[from] Spikes\n|turn|21\n|\n|t:|1698880776\n|move|p2a: Maractussy|Spiky Shield|p2a: Maractussy\n|-singleturn|p2a: Maractussy|move: Protect\n|move|p1a: Annihilape|Taunt|p2a: Maractussy\n|-activate|p2a: Maractussy|move: Protect\n|\n|-heal|p1a: Annihilape|68\/100|[from] item: Leftovers\n|upkeep\n|turn|22\n|\n|t:|1698880785\n|move|p1a: Annihilape|Taunt|p2a: Maractussy\n|-start|p2a: Maractussy|move: Taunt\n|move|p2a: Maractussy|Giga Drain|p1a: Annihilape\n|-damage|p1a: Annihilape|49\/100\n|-heal|p2a: Maractussy|32\/100|[from] drain|[of] p1a: Annihilape\n|\n|-heal|p1a: Annihilape|55\/100|[from] item: Leftovers\n|upkeep\n|turn|23\n|\n|t:|1698880795\n|switch|p2a: Britney Spears|Goodra, F, shiny|100\/100 slp\n|-damage|p2a: Britney Spears|88\/100 slp|[from] Spikes\n|move|p1a: Annihilape|Drain Punch|p2a: Britney Spears\n|-damage|p2a: Britney Spears|64\/100 slp\n|-heal|p1a: Annihilape|66\/100|[from] drain|[of] p2a: Britney Spears\n|\n|-heal|p1a: Annihilape|72\/100|[from] item: Leftovers\n|upkeep\n|turn|24\n|\n|t:|1698880805\n|move|p1a: Annihilape|Taunt|p2a: Britney Spears\n|-start|p2a: Britney Spears|move: Taunt\n|cant|p2a: Britney Spears|slp\n|\n|-heal|p1a: Annihilape|78\/100|[from] item: Leftovers\n|upkeep\n|turn|25\n|\n|t:|1698880811\n|move|p1a: Annihilape|Bulk Up|p1a: Annihilape\n|-boost|p1a: Annihilape|atk|1\n|-boost|p1a: Annihilape|def|1\n|cant|p2a: Britney Spears|slp\n|\n|-heal|p1a: Annihilape|85\/100|[from] item: Leftovers\n|upkeep\n|turn|26\n|\n|t:|1698880819\n|move|p1a: Annihilape|Bulk Up|p1a: Annihilape\n|-boost|p1a: Annihilape|atk|1\n|-boost|p1a: Annihilape|def|1\n|-curestatus|p2a: Britney Spears|slp|[msg]\n|move|p2a: Britney Spears|Dragon Pulse|p1a: Annihilape\n|-damage|p1a: Annihilape|66\/100\n|\n|-heal|p1a: Annihilape|72\/100|[from] item: Leftovers\n|-end|p2a: Britney Spears|move: Taunt\n|upkeep\n|turn|27\n|\n|t:|1698880837\n|move|p1a: Annihilape|Taunt|p2a: Britney Spears\n|-start|p2a: Britney Spears|move: Taunt\n|cant|p2a: Britney Spears|move: Taunt|Toxic\n|\n|-heal|p1a: Annihilape|78\/100|[from] item: Leftovers\n|upkeep\n|turn|28\n|-message|Jasonspatrick forfeited.\n|\n|win|Cilantora\n|raw|Cilantora's rating: 1123 &rarr; <strong>1142<\/strong><br \/>(+19 for winning)\n|raw|Jasonspatrick's rating: 1044 &rarr; <strong>1031<\/strong><br \/>(-13 for losing)\n|l|\u2606Jasonspatrick\n","uploadtime":1698880851,"views":8,"p1id":"cilantora","p2id":"jasonspatrick","formatid":"gen9nationaldexubers","rating":1031,"private":0,"password":""}