{"id":"gen9nationaldexubers-1986820077","p1":"xinnobu","p2":"Obito 2001","format":"[Gen 9] National Dex Ubers","log":"|j|\u2606xinnobu\n|j|\u2606Obito 2001\n|t:|1699530016\n|gametype|singles\n|player|p1|xinnobu|elesa-gen5bw2|1674\n|player|p2|Obito 2001|blue-gen3two|1927\n|teamsize|p1|6\n|teamsize|p2|6\n|gen|9\n|tier|[Gen 9] National Dex Ubers\n|rated|\n|rule|HP Percentage Mod: HP is shown in percentages\n|rule|Endless Battle Clause: Forcing endless battles is banned\n|rule|OHKO Clause: OHKO moves are banned\n|rule|Evasion Moves Clause: Evasion moves are banned\n|rule|Evasion Items Clause: Evasion items are banned\n|rule|Species Clause: Limit one of each Pok\u00e9mon\n|rule|Sleep Clause Mod: Limit one foe put to sleep\n|rule|Mega Rayquaza Clause: You cannot mega evolve Rayquaza\n|clearpoke\n|poke|p1|Glimmora, M|\n|poke|p1|Xerneas-*|\n|poke|p1|Groudon|\n|poke|p1|Yveltal|\n|poke|p1|Kyogre|\n|poke|p1|Zacian-*|\n|poke|p2|Arceus-Dark|\n|poke|p2|Dondozo, M|\n|poke|p2|Magearna|\n|poke|p2|Ditto|\n|poke|p2|Zygarde|\n|poke|p2|Necrozma-Dusk-Mane|\n|teampreview\n|inactive|Battle timer is ON: inactive players will automatically lose when time's up. (requested by Obito 2001)\n|\n|t:|1699530032\n|start\n|switch|p1a: Zacian|Zacian-Crowned|100\/100\n|switch|p2a: Necrozma|Necrozma-Dusk-Mane|100\/100\n|-ability|p1a: Zacian|Intrepid Sword|boost\n|-boost|p1a: Zacian|atk|1\n|turn|1\n|\n|t:|1699530039\n|move|p1a: Zacian|Close Combat|p2a: Necrozma\n|-damage|p2a: Necrozma|46\/100\n|-unboost|p1a: Zacian|def|1\n|-unboost|p1a: Zacian|spd|1\n|move|p2a: Necrozma|Stealth Rock|p1a: Zacian\n|-sidestart|p1: xinnobu|move: Stealth Rock\n|\n|upkeep\n|turn|2\n|\n|t:|1699530046\n|switch|p2a: Dondozo|Dondozo, M|100\/100\n|move|p1a: Zacian|Close Combat|p2a: Dondozo\n|-damage|p2a: Dondozo|79\/100\n|-unboost|p1a: Zacian|def|1\n|-unboost|p1a: Zacian|spd|1\n|\n|-heal|p2a: Dondozo|85\/100|[from] item: Leftovers\n|upkeep\n|turn|3\n|\n|t:|1699530055\n|switch|p1a: Xerneas|Xerneas|100\/100\n|-damage|p1a: Xerneas|88\/100|[from] Stealth Rock\n|-ability|p1a: Xerneas|Fairy Aura\n|switch|p2a: Necrozma|Necrozma-Dusk-Mane|46\/100\n|\n|upkeep\n|turn|4\n|\n|t:|1699530064\n|move|p1a: Xerneas|Substitute|p1a: Xerneas\n|-start|p1a: Xerneas|Substitute\n|-damage|p1a: Xerneas|63\/100\n|move|p2a: Necrozma|Photon Geyser|p1a: Xerneas\n|-crit|p1a: Xerneas\n|-end|p1a: Xerneas|Substitute\n|\n|upkeep\n|turn|5\n|\n|t:|1699530071\n|detailschange|p2a: Necrozma|Necrozma-Ultra\n|-burst|p2a: Necrozma|Necrozma|Ultranecrozium Z\n|move|p2a: Necrozma|Photon Geyser|p1a: Xerneas\n|-damage|p1a: Xerneas|8\/100\n|move|p1a: Xerneas|Moonblast|p2a: Necrozma\n|-supereffective|p2a: Necrozma\n|-crit|p2a: Necrozma\n|-damage|p2a: Necrozma|0 fnt\n|faint|p2a: Necrozma\n|\n|upkeep\n|\n|t:|1699530079\n|switch|p2a: Ditto|Ditto, shiny|100\/100\n|-transform|p2a: Ditto|p1a: Xerneas|[from] ability: Imposter\n|-ability|p2a: Ditto|Fairy Aura\n|turn|6\n|\n|t:|1699530086\n|move|p2a: Ditto|Moonblast|p1a: Xerneas\n|-crit|p1a: Xerneas\n|-damage|p1a: Xerneas|0 fnt\n|faint|p1a: Xerneas\n|\n|upkeep\n|\n|t:|1699530101\n|switch|p1a: Zacian|Zacian-Crowned|100\/100\n|-damage|p1a: Zacian|94\/100|[from] Stealth Rock\n|turn|7\n|\n|t:|1699530107\n|switch|p2a: Dondozo|Dondozo, M|85\/100\n|switch|p1a: Kyogre|Kyogre|100\/100\n|-damage|p1a: Kyogre|88\/100|[from] Stealth Rock\n|detailschange|p1a: Kyogre|Kyogre-Primal\n|-primal|p1a: Kyogre|Blue Orb\n|-weather|PrimordialSea|[from] ability: Primordial Sea|[of] p1a: Kyogre\n|\n|-weather|PrimordialSea|[upkeep]\n|-heal|p2a: Dondozo|92\/100|[from] item: Leftovers\n|upkeep\n|turn|8\n|\n|t:|1699530118\n|switch|p2a: Arceus|Arceus-Dark|100\/100\n|move|p1a: Kyogre|Water Spout|p2a: Arceus\n|-damage|p2a: Arceus|11\/100\n|\n|-weather|PrimordialSea|[upkeep]\n|upkeep\n|turn|9\n|\n|t:|1699530124\n|move|p2a: Arceus|Foul Play|p1a: Kyogre\n|-damage|p1a: Kyogre|42\/100\n|move|p1a: Kyogre|Origin Pulse|p2a: Arceus\n|-damage|p2a: Arceus|0 fnt\n|faint|p2a: Arceus\n|\n|-weather|PrimordialSea|[upkeep]\n|upkeep\n|\n|t:|1699530131\n|switch|p2a: Ditto|Ditto, shiny|100\/100\n|-transform|p2a: Ditto|p1a: Kyogre|[from] ability: Imposter\n|turn|10\n|\n|t:|1699530139\n|switch|p1a: Glimmora|Glimmora, M|100\/100\n|-damage|p1a: Glimmora|88\/100|[from] Stealth Rock\n|move|p2a: Ditto|Water Spout|p1a: Glimmora\n|-supereffective|p1a: Glimmora\n|-damage|p1a: Glimmora|0 fnt\n|faint|p1a: Glimmora\n|\n|-weather|PrimordialSea|[upkeep]\n|upkeep\n|\n|t:|1699530146\n|switch|p1a: Groudon|Groudon|100\/100\n|-damage|p1a: Groudon|94\/100|[from] Stealth Rock\n|detailschange|p1a: Groudon|Groudon-Primal\n|-primal|p1a: Groudon|Red Orb\n|-weather|DesolateLand|[from] ability: Desolate Land|[of] p1a: Groudon\n|turn|11\n|\n|t:|1699530157\n|switch|p2a: Zygarde|Zygarde, shiny|100\/100\n|-weather|none\n|switch|p1a: Kyogre|Kyogre-Primal|42\/100\n|-damage|p1a: Kyogre|30\/100|[from] Stealth Rock\n|-weather|PrimordialSea|[from] ability: Primordial Sea|[of] p1a: Kyogre\n|\n|-weather|PrimordialSea|[upkeep]\n|upkeep\n|turn|12\n|\n|t:|1699530164\n|move|p2a: Zygarde|Thousand Arrows|p1a: Kyogre\n|-crit|p1a: Kyogre\n|-damage|p1a: Kyogre|0 fnt\n|faint|p1a: Kyogre\n|-weather|none\n|\n|upkeep\n|\n|t:|1699530171\n|switch|p1a: Yveltal|Yveltal|100\/100\n|-damage|p1a: Yveltal|76\/100|[from] Stealth Rock\n|-ability|p1a: Yveltal|Dark Aura\n|turn|13\n|\n|t:|1699530176\n|switch|p2a: Magearna|Magearna|100\/100\n|move|p1a: Yveltal|Oblivion Wing|p2a: Magearna\n|-resisted|p2a: Magearna\n|-damage|p2a: Magearna|85\/100\n|-heal|p1a: Yveltal|87\/100|[from] drain|[of] p2a: Magearna\n|-damage|p1a: Yveltal|77\/100|[from] item: Life Orb\n|\n|upkeep\n|turn|14\n|\n|t:|1699530184\n|move|p1a: Yveltal|Heat Wave|p2a: Magearna\n|-supereffective|p2a: Magearna\n|-damage|p2a: Magearna|27\/100\n|-status|p2a: Magearna|brn\n|-damage|p1a: Yveltal|67\/100|[from] item: Life Orb\n|move|p2a: Magearna|Fleur Cannon|p1a: Yveltal\n|-supereffective|p1a: Yveltal\n|-damage|p1a: Yveltal|0 fnt\n|-unboost|p2a: Magearna|spa|2\n|faint|p1a: Yveltal\n|-ability|p2a: Magearna|Soul-Heart|boost\n|-boost|p2a: Magearna|spa|1\n|\n|-damage|p2a: Magearna|21\/100 brn|[from] brn\n|upkeep\n|-message|xinnobu forfeited.\n|\n|win|Obito 2001\n|raw|xinnobu's rating: 1674 &rarr; <strong>1666<\/strong><br \/>(-8 for losing)\n|raw|Obito 2001's rating: 1927 &rarr; <strong>1935<\/strong><br \/>(+8 for winning)\n|l|\u2606xinnobu\n|l|\u2606Obito 2001\n","uploadtime":1699530220,"views":27,"p1id":"xinnobu","p2id":"obito2001","formatid":"gen9nationaldexubers","rating":1666,"private":0,"password":""}