{"id":"gen9nationaldexubers-1984291188","p1":"Tranq22","p2":"JackTheWaffleMan","format":"[Gen 9] National Dex Ubers","log":"|j|\u2606Tranq22\n|j|\u2606JackTheWaffleMan\n|t:|1699239702\n|gametype|singles\n|player|p1|Tranq22|1|\n|player|p2|JackTheWaffleMan|firebreather|\n|teamsize|p1|6\n|teamsize|p2|6\n|gen|9\n|tier|[Gen 9] National Dex Ubers\n|rule|HP Percentage Mod: HP is shown in percentages\n|rule|Endless Battle Clause: Forcing endless battles is banned\n|rule|OHKO Clause: OHKO moves are banned\n|rule|Evasion Moves Clause: Evasion moves are banned\n|rule|Evasion Items Clause: Evasion items are banned\n|rule|Species Clause: Limit one of each Pok\u00e9mon\n|rule|Sleep Clause Mod: Limit one foe put to sleep\n|rule|Mega Rayquaza Clause: You cannot mega evolve Rayquaza\n|clearpoke\n|poke|p1|Forretress, F|\n|poke|p1|Dragonite, M|\n|poke|p1|Great Tusk|\n|poke|p1|Klefki, M|\n|poke|p1|Gengar, M|\n|poke|p1|Articuno-Galar|\n|poke|p2|Roaring Moon|\n|poke|p2|Charizard, F|\n|poke|p2|Melmetal|\n|poke|p2|Victini|\n|poke|p2|Annihilape, M|\n|poke|p2|Gyarados, M|\n|teampreview\n|j| hgvrtfxduyigf\n|\n|t:|1699239771\n|start\n|switch|p1a: Forretress|Forretress, F|100\/100\n|switch|p2a: Roaring Moon|Roaring Moon|100\/100\n|-enditem|p2a: Roaring Moon|Booster Energy\n|-activate|p2a: Roaring Moon|ability: Protosynthesis|[fromitem]\n|-start|p2a: Roaring Moon|protosynthesisatk\n|turn|1\n|\n|t:|1699239854\n|move|p2a: Roaring Moon|Knock Off|p1a: Forretress\n|-damage|p1a: Forretress|63\/100\n|-enditem|p1a: Forretress|Leftovers|[from] move: Knock Off|[of] p2a: Roaring Moon\n|move|p1a: Forretress|Spikes|p2a: Roaring Moon\n|-sidestart|p2: JackTheWaffleMan|Spikes\n|\n|upkeep\n|turn|2\n|\n|t:|1699239864\n|move|p2a: Roaring Moon|Acrobatics|p1a: Forretress\n|-damage|p1a: Forretress|33\/100\n|move|p1a: Forretress|Spikes|p2a: Roaring Moon\n|-sidestart|p2: JackTheWaffleMan|Spikes\n|\n|upkeep\n|turn|3\n|\n|t:|1699239877\n|move|p2a: Roaring Moon|Knock Off|p1a: Forretress\n|-damage|p1a: Forretress|5\/100\n|move|p1a: Forretress|Spikes|p2a: Roaring Moon\n|-sidestart|p2: JackTheWaffleMan|Spikes\n|\n|upkeep\n|turn|4\n|l|hgvrtfxduyigf\n|\n|t:|1699239884\n|move|p2a: Roaring Moon|Acrobatics|p1a: Forretress\n|-damage|p1a: Forretress|0 fnt\n|faint|p1a: Forretress\n|\n|upkeep\n|j| minigrail\n|c| minigrail|oma undeafen\n|\n|t:|1699239904\n|switch|p1a: Articuno|Articuno-Galar|100\/100\n|turn|5\n|c| minigrail|im just gonna put you in a different chat\n|\n|t:|1699239960\n|move|p2a: Roaring Moon|Knock Off|p1a: Articuno\n|-supereffective|p1a: Articuno\n|-damage|p1a: Articuno|0 fnt\n|-enditem|p1a: Articuno|Weakness Policy|[from] move: Knock Off|[of] p2a: Roaring Moon\n|faint|p1a: Articuno\n|\n|upkeep\n|\n|t:|1699239968\n|switch|p1a: Dragonite|Dragonite, M|100\/100\n|turn|6\n|\n|t:|1699239984\n|move|p2a: Roaring Moon|Dragon Claw|p1a: Dragonite\n|-supereffective|p1a: Dragonite\n|-damage|p1a: Dragonite|43\/100\n|-enditem|p1a: Dragonite|Weakness Policy\n|-boost|p1a: Dragonite|atk|2|[from] item: Weakness Policy\n|-boost|p1a: Dragonite|spa|2|[from] item: Weakness Policy\n|move|p1a: Dragonite|Outrage|p2a: Roaring Moon\n|-supereffective|p2a: Roaring Moon\n|-damage|p2a: Roaring Moon|0 fnt\n|faint|p2a: Roaring Moon\n|-end|p2a: Roaring Moon|Protosynthesis|[silent]\n|\n|upkeep\n|\n|t:|1699240011\n|switch|p2a: Gyarados|Gyarados, M|100\/100\n|-ability|p2a: Gyarados|Intimidate|boost\n|-unboost|p1a: Dragonite|atk|1\n|turn|7\n|\n|t:|1699240018\n|move|p2a: Gyarados|Ice Fang|p1a: Dragonite\n|-supereffective|p1a: Dragonite\n|-damage|p1a: Dragonite|0 fnt\n|faint|p1a: Dragonite\n|-damage|p2a: Gyarados|91\/100|[from] item: Life Orb\n|\n|upkeep\n|\n|t:|1699240032\n|switch|p1a: Gengar|Gengar, M|100\/100\n|turn|8\n|\n|t:|1699240074\n|move|p1a: Gengar|Will-O-Wisp|p2a: Gyarados\n|-status|p2a: Gyarados|brn\n|move|p2a: Gyarados|Earthquake|p1a: Gengar\n|-supereffective|p1a: Gengar\n|-damage|p1a: Gengar|15\/100\n|-damage|p2a: Gyarados|81\/100 brn|[from] item: Life Orb\n|\n|-damage|p2a: Gyarados|75\/100 brn|[from] brn\n|upkeep\n|turn|9\n|\n|t:|1699240092\n|move|p1a: Gengar|Hex|p2a: Gyarados\n|-damage|p2a: Gyarados|2\/100 brn\n|move|p2a: Gyarados|Ice Fang|p1a: Gengar\n|-damage|p1a: Gengar|0 fnt\n|-start|p2a: Gyarados|Disable|Ice Fang|[from] ability: Cursed Body|[of] p1a: Gengar\n|faint|p1a: Gengar\n|-damage|p2a: Gyarados|0 fnt|[from] item: Life Orb\n|faint|p2a: Gyarados\n|\n|upkeep\n|\n|t:|1699240128\n|switch|p1a: Great Tusk|Great Tusk|100\/100\n|switch|p2a: Melmetal|Melmetal|100\/100\n|-damage|p2a: Melmetal|76\/100|[from] Spikes\n|turn|10\n|\n|t:|1699240142\n|move|p1a: Great Tusk|Earthquake|p2a: Melmetal\n|-supereffective|p2a: Melmetal\n|-crit|p2a: Melmetal\n|-damage|p2a: Melmetal|0 fnt\n|faint|p2a: Melmetal\n|\n|upkeep\n|\n|t:|1699240168\n|switch|p2a: Charizard|Charizard, F|100\/100\n|turn|11\n|\n|t:|1699240185\n|detailschange|p2a: Charizard|Charizard-Mega-X, F\n|-mega|p2a: Charizard|Charizard|Charizardite X\n|move|p2a: Charizard|Earthquake|p1a: Great Tusk\n|-damage|p1a: Great Tusk|77\/100\n|move|p1a: Great Tusk|Earthquake|p2a: Charizard\n|-supereffective|p2a: Charizard\n|-damage|p2a: Charizard|0 fnt\n|faint|p2a: Charizard\n|\n|upkeep\n|\n|t:|1699240194\n|switch|p2a: Annihilape|Annihilape, M|100\/100\n|-damage|p2a: Annihilape|75\/100|[from] Spikes\n|turn|12\n|\n|t:|1699240241\n|move|p2a: Annihilape|Shadow Claw|p1a: Great Tusk\n|-damage|p1a: Great Tusk|57\/100\n|move|p1a: Great Tusk|Play Rough|p2a: Annihilape\n|-supereffective|p2a: Annihilape\n|-damage|p2a: Annihilape|9\/100\n|-enditem|p2a: Annihilape|Sitrus Berry|[eat]\n|-heal|p2a: Annihilape|34\/100|[from] item: Sitrus Berry\n|\n|upkeep\n|turn|13\n|\n|t:|1699240251\n|move|p2a: Annihilape|Drain Punch|p1a: Great Tusk\n|-damage|p1a: Great Tusk|37\/100\n|-heal|p2a: Annihilape|43\/100|[from] drain|[of] p1a: Great Tusk\n|move|p1a: Great Tusk|Play Rough|p2a: Annihilape\n|-supereffective|p2a: Annihilape\n|-damage|p2a: Annihilape|0 fnt\n|faint|p2a: Annihilape\n|\n|upkeep\n|\n|t:|1699240259\n|switch|p2a: Victini|Victini|100\/100\n|-damage|p2a: Victini|76\/100|[from] Spikes\n|turn|14\n|\n|t:|1699240269\n|move|p2a: Victini|Zen Headbutt|p1a: Great Tusk\n|-supereffective|p1a: Great Tusk\n|-damage|p1a: Great Tusk|0 fnt\n|faint|p1a: Great Tusk\n|-end|p1a: Great Tusk|Protosynthesis|[silent]\n|\n|upkeep\n|\n|t:|1699240275\n|switch|p1a: Klefki|Klefki, M|100\/100\n|turn|15\n|\n|t:|1699240282\n|move|p1a: Klefki|Thunder Wave|p2a: Victini\n|-status|p2a: Victini|par\n|move|p2a: Victini|Zen Headbutt|p1a: Klefki\n|-resisted|p1a: Klefki\n|-damage|p1a: Klefki|70\/100\n|\n|-heal|p1a: Klefki|76\/100|[from] item: Leftovers\n|upkeep\n|turn|16\n|\n|t:|1699240296\n|move|p1a: Klefki|Play Rough|p2a: Victini\n|-resisted|p2a: Victini\n|-damage|p2a: Victini|64\/100 par\n|cant|p2a: Victini|par\n|\n|-heal|p1a: Klefki|82\/100|[from] item: Leftovers\n|upkeep\n|turn|17\n|\n|t:|1699240315\n|move|p1a: Klefki|Toxic||[still]\n|-fail|p1a: Klefki\n|move|p2a: Victini|Zen Headbutt|p1a: Klefki\n|-resisted|p1a: Klefki\n|-damage|p1a: Klefki|50\/100\n|\n|-heal|p1a: Klefki|56\/100|[from] item: Leftovers\n|upkeep\n|turn|18\n|\n|t:|1699240327\n|move|p1a: Klefki|Play Rough|p2a: Victini\n|-resisted|p2a: Victini\n|-damage|p2a: Victini|52\/100 par\n|cant|p2a: Victini|par\n|\n|-heal|p1a: Klefki|62\/100|[from] item: Leftovers\n|upkeep\n|turn|19\n|\n|t:|1699240339\n|move|p1a: Klefki|Toxic||[still]\n|-fail|p1a: Klefki\n|cant|p2a: Victini|par\n|\n|-heal|p1a: Klefki|68\/100|[from] item: Leftovers\n|upkeep\n|turn|20\n|\n|t:|1699240350\n|move|p1a: Klefki|Toxic|p2a: Victini|[miss]\n|-miss|p1a: Klefki|p2a: Victini\n|move|p2a: Victini|Zen Headbutt|p1a: Klefki\n|-resisted|p1a: Klefki\n|-damage|p1a: Klefki|39\/100\n|\n|-heal|p1a: Klefki|45\/100|[from] item: Leftovers\n|upkeep\n|turn|21\n|\n|t:|1699240360\n|move|p1a: Klefki|Toxic||[still]\n|-fail|p1a: Klefki\n|cant|p2a: Victini|par\n|\n|-heal|p1a: Klefki|50\/100|[from] item: Leftovers\n|upkeep\n|turn|22\n|\n|t:|1699240367\n|move|p1a: Klefki|Play Rough|p2a: Victini\n|-resisted|p2a: Victini\n|-damage|p2a: Victini|40\/100 par\n|move|p2a: Victini|Zen Headbutt|p1a: Klefki\n|-resisted|p1a: Klefki\n|-damage|p1a: Klefki|22\/100\n|\n|-heal|p1a: Klefki|28\/100|[from] item: Leftovers\n|upkeep\n|turn|23\n|\n|t:|1699240376\n|move|p1a: Klefki|Play Rough|p2a: Victini\n|-resisted|p2a: Victini\n|-crit|p2a: Victini\n|-damage|p2a: Victini|22\/100 par\n|-unboost|p2a: Victini|atk|1\n|move|p2a: Victini|Zen Headbutt|p1a: Klefki\n|-resisted|p1a: Klefki\n|-damage|p1a: Klefki|7\/100\n|\n|-heal|p1a: Klefki|13\/100|[from] item: Leftovers\n|upkeep\n|turn|24\n|\n|t:|1699240388\n|move|p1a: Klefki|Play Rough|p2a: Victini\n|-resisted|p2a: Victini\n|-damage|p2a: Victini|8\/100 par\n|-unboost|p2a: Victini|atk|1\n|move|p2a: Victini|Zen Headbutt|p1a: Klefki\n|-resisted|p1a: Klefki\n|-damage|p1a: Klefki|0 fnt\n|faint|p1a: Klefki\n|\n|win|JackTheWaffleMan\n","uploadtime":1699240398,"views":17,"p1id":"tranq22","p2id":"jackthewaffleman","formatid":"gen9nationaldexubers","rating":0,"private":0,"password":""}