{"id":"gen9nationaldexubers-2000537598","p1":"Saber iron","p2":"ShinyScarfy","format":"[Gen 9] National Dex Ubers","log":"|j|\u2606Saber iron\n|j|\u2606ShinyScarfy\n|t:|1701203335\n|gametype|singles\n|player|p1|Saber iron|teamrocket|1327\n|player|p2|ShinyScarfy|alec-anime|1336\n|teamsize|p1|6\n|teamsize|p2|6\n|gen|9\n|tier|[Gen 9] National Dex Ubers\n|rated|\n|rule|HP Percentage Mod: HP is shown in percentages\n|rule|Endless Battle Clause: Forcing endless battles is banned\n|rule|OHKO Clause: OHKO moves are banned\n|rule|Evasion Moves Clause: Evasion moves are banned\n|rule|Evasion Items Clause: Evasion items are banned\n|rule|Species Clause: Limit one of each Pok\u00e9mon\n|rule|Sleep Clause Mod: Limit one foe put to sleep\n|rule|Mega Rayquaza Clause: You cannot mega evolve Rayquaza\n|clearpoke\n|poke|p1|Victini|\n|poke|p1|Ursaluna-Bloodmoon, M|\n|poke|p1|Glimmora, M|\n|poke|p1|Quaquaval, M|\n|poke|p1|Sceptile, M|\n|poke|p1|Marshadow|\n|poke|p2|Lunala|\n|poke|p2|Zoroark-Hisui, M|\n|poke|p2|Annihilape, M|\n|poke|p2|Marshadow|\n|poke|p2|Blacephalon|\n|poke|p2|Cursola, F|\n|teampreview\n|inactive|Battle timer is ON: inactive players will automatically lose when time's up. (requested by ShinyScarfy)\n|\n|t:|1701203347\n|start\n|switch|p1a: Quaquaval|Quaquaval, M|100\/100\n|switch|p2a: Blacephalon|Blacephalon|100\/100\n|turn|1\n|\n|t:|1701203354\n|-terastallize|p2a: Blacephalon|Grass\n|move|p2a: Blacephalon|Shadow Ball|p1a: Quaquaval\n|-damage|p1a: Quaquaval|24\/100\n|-unboost|p1a: Quaquaval|spd|1\n|move|p1a: Quaquaval|Aqua Step|p2a: Blacephalon\n|-resisted|p2a: Blacephalon\n|-damage|p2a: Blacephalon|56\/100\n|-boost|p1a: Quaquaval|spe|1\n|\n|upkeep\n|turn|2\n|\n|t:|1701203363\n|move|p2a: Blacephalon|Shadow Ball|p1a: Quaquaval\n|-damage|p1a: Quaquaval|0 fnt\n|faint|p1a: Quaquaval\n|-ability|p2a: Blacephalon|Beast Boost|boost\n|-boost|p2a: Blacephalon|spa|1\n|\n|upkeep\n|\n|t:|1701203370\n|switch|p1a: Victini|Victini|100\/100\n|turn|3\n|\n|t:|1701203372\n|move|p1a: Victini|V-create|p2a: Blacephalon\n|-supereffective|p2a: Blacephalon\n|-damage|p2a: Blacephalon|0 fnt\n|-unboost|p1a: Victini|spe|1\n|-unboost|p1a: Victini|def|1\n|-unboost|p1a: Victini|spd|1\n|faint|p2a: Blacephalon\n|\n|upkeep\n|\n|t:|1701203381\n|switch|p2a: Lunala|Lunala, shiny|100\/100\n|turn|4\n|\n|t:|1701203394\n|switch|p1a: Ursaluna|Ursaluna-Bloodmoon, M|100\/100\n|move|p2a: Lunala|Agility|p2a: Lunala\n|-boost|p2a: Lunala|spe|2\n|\n|upkeep\n|turn|5\n|\n|t:|1701203398\n|move|p2a: Lunala|Calm Mind|p2a: Lunala\n|-boost|p2a: Lunala|spa|1\n|-boost|p2a: Lunala|spd|1\n|move|p1a: Ursaluna|Blood Moon|p2a: Lunala\n|-damage|p2a: Lunala|79\/100\n|\n|upkeep\n|turn|6\n|\n|t:|1701203409\n|move|p2a: Lunala|Moonblast|p1a: Ursaluna\n|-damage|p1a: Ursaluna|55\/100\n|move|p1a: Ursaluna|Earth Power|p2a: Lunala\n|-damage|p2a: Lunala|50\/100\n|\n|upkeep\n|turn|7\n|\n|t:|1701203416\n|move|p2a: Lunala|Moonblast|p1a: Ursaluna\n|-damage|p1a: Ursaluna|9\/100\n|-unboost|p1a: Ursaluna|spa|1\n|move|p1a: Ursaluna|Blood Moon|p2a: Lunala\n|-damage|p2a: Lunala|21\/100\n|\n|upkeep\n|turn|8\n|\n|t:|1701203439\n|move|p2a: Lunala|Moonblast|p1a: Ursaluna\n|-damage|p1a: Ursaluna|0 fnt\n|faint|p1a: Ursaluna\n|\n|upkeep\n|\n|t:|1701203442\n|switch|p1a: Marshadow|Marshadow|100\/100\n|turn|9\n|\n|t:|1701203445\n|move|p1a: Marshadow|Shadow Sneak|p2a: Lunala\n|-supereffective|p2a: Lunala\n|-damage|p2a: Lunala|0 fnt\n|faint|p2a: Lunala\n|\n|upkeep\n|\n|t:|1701203450\n|switch|p2a: Annihilape|Annihilape, M|100\/100\n|turn|10\n|\n|t:|1701203459\n|switch|p1a: Glimmora|Glimmora, M|100\/100\n|move|p2a: Annihilape|Shadow Ball|p1a: Glimmora\n|-damage|p1a: Glimmora|43\/100\n|\n|upkeep\n|turn|11\n|\n|t:|1701203464\n|move|p2a: Annihilape|Shadow Ball|p1a: Glimmora\n|-damage|p1a: Glimmora|0 fnt\n|faint|p1a: Glimmora\n|\n|upkeep\n|\n|t:|1701203468\n|switch|p1a: Victini|Victini|100\/100\n|turn|12\n|\n|t:|1701203475\n|-terastallize|p1a: Victini|Fire\n|move|p1a: Victini|V-create|p2a: Annihilape\n|-enditem|p2a: Annihilape|Focus Sash\n|-damage|p2a: Annihilape|1\/100\n|-unboost|p1a: Victini|spe|1\n|-unboost|p1a: Victini|def|1\n|-unboost|p1a: Victini|spd|1\n|replace|p2a: Zoroark|Zoroark-Hisui, M\n|-end|p2a: Zoroark|Illusion\n|move|p2a: Zoroark|Shadow Ball|p1a: Victini\n|-damage|p1a: Victini|36\/100\n|\n|upkeep\n|turn|13\n|\n|t:|1701203487\n|move|p2a: Zoroark|Hyper Voice|p1a: Victini\n|-damage|p1a: Victini|0 fnt\n|faint|p1a: Victini\n|\n|upkeep\n|\n|t:|1701203493\n|switch|p1a: Sceptile|Sceptile, M|100\/100\n|turn|14\n|\n|t:|1701203496\n|detailschange|p1a: Sceptile|Sceptile-Mega, M\n|-mega|p1a: Sceptile|Sceptile|Sceptilite\n|move|p1a: Sceptile|Dragon Pulse|p2a: Zoroark\n|-damage|p2a: Zoroark|0 fnt\n|faint|p2a: Zoroark\n|\n|upkeep\n|\n|t:|1701203501\n|switch|p2a: Cursola|Cursola, F|100\/100\n|turn|15\n|\n|t:|1701203509\n|move|p1a: Sceptile|Dragon Pulse|p2a: Cursola\n|-damage|p2a: Cursola|68\/100\n|move|p2a: Cursola|Ice Beam|p1a: Sceptile\n|-supereffective|p1a: Sceptile\n|-damage|p1a: Sceptile|0 fnt\n|faint|p1a: Sceptile\n|\n|upkeep\n|\n|t:|1701203514\n|switch|p1a: Marshadow|Marshadow|100\/100\n|turn|16\n|\n|t:|1701203519\n|move|p1a: Marshadow|Spectral Thief|p2a: Cursola\n|-supereffective|p2a: Cursola\n|-damage|p2a: Cursola|0 fnt\n|-ability|p2a: Cursola|Perish Body\n|faint|p2a: Cursola\n|\n|-start|p1a: Marshadow|perish3\n|upkeep\n|\n|t:|1701203523\n|switch|p2a: Annihilape|Annihilape, M|100\/100\n|turn|17\n|\n|t:|1701203531\n|move|p2a: Annihilape|Protect|p2a: Annihilape\n|-singleturn|p2a: Annihilape|Protect\n|-zpower|p1a: Marshadow\n|move|p1a: Marshadow|Soul-Stealing 7-Star Strike|p2a: Annihilape|[zeffect]\n|-supereffective|p2a: Annihilape\n|-zbroken|p2a: Annihilape\n|-damage|p2a: Annihilape|53\/100\n|\n|-heal|p2a: Annihilape|59\/100|[from] item: Leftovers\n|-start|p1a: Marshadow|perish2\n|upkeep\n|turn|18\n|\n|t:|1701203545\n|move|p2a: Annihilape|Protect|p2a: Annihilape\n|-singleturn|p2a: Annihilape|Protect\n|move|p1a: Marshadow|Spectral Thief|p2a: Annihilape\n|-activate|p2a: Annihilape|move: Protect\n|\n|-heal|p2a: Annihilape|65\/100|[from] item: Leftovers\n|-start|p1a: Marshadow|perish1\n|upkeep\n|turn|19\n|\n|t:|1701203551\n|move|p1a: Marshadow|Spectral Thief|p2a: Annihilape\n|-supereffective|p2a: Annihilape\n|-damage|p2a: Annihilape|0 fnt\n|faint|p2a: Annihilape\n|\n|-start|p1a: Marshadow|perish0\n|upkeep\n|faint|p1a: Marshadow\n|\n|win|ShinyScarfy\n|raw|Saber iron's rating: 1327 &rarr; <strong>1308<\/strong><br \/>(-19 for losing)\n|raw|ShinyScarfy's rating: 1336 &rarr; <strong>1355<\/strong><br \/>(+19 for winning)\n|l|\u2606Saber iron\n","uploadtime":1701203562,"views":0,"p1id":"saberiron","p2id":"shinyscarfy","formatid":"gen9nationaldexubers","rating":1308,"private":0,"password":""}