{"id":"gen9nationaldexubers-1999202660","p1":"ah3nny","p2":"Zestrov","format":"[Gen 9] National Dex Ubers","log":"|j|\u2606ah3nny\n|j|\u2606Zestrov\n|t:|1701044889\n|gametype|singles\n|player|p1|ah3nny|102|\n|player|p2|Zestrov|boarder|\n|teamsize|p1|6\n|teamsize|p2|6\n|gen|9\n|tier|[Gen 9] National Dex Ubers\n|rule|HP Percentage Mod: HP is shown in percentages\n|rule|Endless Battle Clause: Forcing endless battles is banned\n|rule|OHKO Clause: OHKO moves are banned\n|rule|Evasion Moves Clause: Evasion moves are banned\n|rule|Evasion Items Clause: Evasion items are banned\n|rule|Species Clause: Limit one of each Pok\u00e9mon\n|rule|Sleep Clause Mod: Limit one foe put to sleep\n|rule|Mega Rayquaza Clause: You cannot mega evolve Rayquaza\n|clearpoke\n|poke|p1|Arceus-Grass|\n|poke|p1|Excadrill, M|\n|poke|p1|Tyranitar, F|\n|poke|p1|Xerneas-*|\n|poke|p1|Grimmsnarl, M|\n|poke|p1|Melmetal|\n|poke|p2|Greninja-*, M|\n|poke|p2|Dragonite, F|\n|poke|p2|Alakazam, M|\n|poke|p2|Zeraora|\n|poke|p2|Calyrex-Ice|\n|poke|p2|Arceus-Fire|\n|teampreview\n|c|\u2606ah3nny|glhf\n|c|\u2606Zestrov|you too!\n|c|\u2606ah3nny|:)\n|j| PaperDrMario\n|j| abstractvoid\n|\n|t:|1701044966\n|start\n|switch|p1a: Master of puppets|Grimmsnarl, M|100\/100\n|switch|p2a: Master Roshi|Alakazam, M|100\/100\n|turn|1\n|\n|t:|1701044979\n|detailschange|p2a: Master Roshi|Alakazam-Mega, M\n|-mega|p2a: Master Roshi|Alakazam|Alakazite\n|-ability|p2a: Master Roshi|Prankster|[from] ability: Trace|[of] p1a: Master of puppets\n|move|p1a: Master of puppets|Light Screen|p1a: Master of puppets\n|-sidestart|p1: ah3nny|move: Light Screen\n|move|p2a: Master Roshi|Dazzling Gleam|p1a: Master of puppets\n|-supereffective|p1a: Master of puppets\n|-damage|p1a: Master of puppets|73\/100\n|\n|upkeep\n|turn|2\n|\n|t:|1701044999\n|move|p1a: Master of puppets|Parting Shot|p2a: Master Roshi\n|-unboost|p2a: Master Roshi|atk|1\n|-unboost|p2a: Master Roshi|spa|1\n|\n|t:|1701045005\n|switch|p1a: Enter Sandman|Tyranitar, F|100\/100|[from] Parting Shot\n|-weather|Sandstorm|[from] ability: Sand Stream|[of] p1a: Enter Sandman\n|move|p2a: Master Roshi|Dazzling Gleam|p1a: Enter Sandman\n|-supereffective|p1a: Enter Sandman\n|-crit|p1a: Enter Sandman\n|-damage|p1a: Enter Sandman|52\/100\n|\n|-weather|Sandstorm|[upkeep]\n|-damage|p2a: Master Roshi|95\/100|[from] Sandstorm\n|upkeep\n|turn|3\n|\n|t:|1701045017\n|detailschange|p1a: Enter Sandman|Tyranitar-Mega, F\n|-mega|p1a: Enter Sandman|Tyranitar|Tyranitarite\n|move|p2a: Master Roshi|Dazzling Gleam|p1a: Enter Sandman\n|-supereffective|p1a: Enter Sandman\n|-damage|p1a: Enter Sandman|43\/100\n|move|p1a: Enter Sandman|Pursuit|p2a: Master Roshi\n|-supereffective|p2a: Master Roshi\n|-damage|p2a: Master Roshi|3\/100\n|\n|-weather|Sandstorm|[upkeep]\n|-damage|p2a: Master Roshi|0 fnt|[from] Sandstorm\n|faint|p2a: Master Roshi\n|upkeep\n|\n|t:|1701045027\n|switch|p2a: Power Ranger|Zeraora|100\/100\n|turn|4\n|\n|t:|1701045046\n|move|p2a: Power Ranger|Fake Out|p1a: Enter Sandman\n|-resisted|p1a: Enter Sandman\n|-damage|p1a: Enter Sandman|39\/100\n|cant|p1a: Enter Sandman|flinch\n|\n|-weather|Sandstorm|[upkeep]\n|-damage|p2a: Power Ranger|95\/100|[from] Sandstorm\n|upkeep\n|turn|5\n|\n|t:|1701045052\n|move|p2a: Power Ranger|Close Combat|p1a: Enter Sandman\n|-supereffective|p1a: Enter Sandman\n|-damage|p1a: Enter Sandman|0 fnt\n|-unboost|p2a: Power Ranger|def|1\n|-unboost|p2a: Power Ranger|spd|1\n|faint|p1a: Enter Sandman\n|\n|-weather|Sandstorm|[upkeep]\n|-damage|p2a: Power Ranger|89\/100|[from] Sandstorm\n|upkeep\n|\n|t:|1701045062\n|switch|p1a: At the border|Excadrill, M|100\/100\n|turn|6\n|\n|t:|1701045072\n|move|p1a: At the border|Earthquake|p2a: Power Ranger\n|-supereffective|p2a: Power Ranger\n|-damage|p2a: Power Ranger|0 fnt\n|faint|p2a: Power Ranger\n|-damage|p1a: At the border|91\/100|[from] item: Life Orb\n|\n|-weather|none\n|upkeep\n|\n|t:|1701045088\n|switch|p2a: Link|Calyrex-Ice|100\/100\n|-ability|p2a: Link|As One\n|-ability|p2a: Link|Unnerve\n|turn|7\n|\n|t:|1701045095\n|move|p1a: At the border|Iron Head|p2a: Link\n|-supereffective|p2a: Link\n|-damage|p2a: Link|21\/100\n|-damage|p1a: At the border|81\/100|[from] item: Life Orb\n|move|p2a: Link|Icicle Spear|p1a: At the border\n|-damage|p1a: At the border|57\/100\n|-damage|p1a: At the border|33\/100\n|-damage|p1a: At the border|7\/100\n|-hitcount|p1a: At the border|3\n|\n|-heal|p2a: Link|27\/100|[from] item: Leftovers\n|upkeep\n|turn|8\n|\n|t:|1701045110\n|move|p1a: At the border|Iron Head|p2a: Link\n|-supereffective|p2a: Link\n|-damage|p2a: Link|0 fnt\n|faint|p2a: Link\n|-damage|p1a: At the border|0 fnt|[from] item: Life Orb\n|faint|p1a: At the border\n|\n|-sideend|p1: ah3nny|move: Light Screen\n|upkeep\n|\n|t:|1701045120\n|switch|p1a: Master of puppets|Grimmsnarl, M|73\/100\n|switch|p2a: Great Saiyaman|Greninja, M|100\/100\n|turn|9\n|\n|t:|1701045138\n|move|p1a: Master of puppets|Light Screen|p1a: Master of puppets\n|-sidestart|p1: ah3nny|move: Light Screen\n|move|p2a: Great Saiyaman|Dark Pulse|p1a: Master of puppets\n|-resisted|p1a: Master of puppets\n|-damage|p1a: Master of puppets|68\/100\n|-damage|p2a: Great Saiyaman|91\/100|[from] item: Life Orb\n|\n|upkeep\n|turn|10\n|\n|t:|1701045154\n|move|p1a: Master of puppets|Reflect|p1a: Master of puppets\n|-sidestart|p1: ah3nny|Reflect\n|move|p2a: Great Saiyaman|Hydro Pump|p1a: Master of puppets\n|-damage|p1a: Master of puppets|45\/100\n|-damage|p2a: Great Saiyaman|81\/100|[from] item: Life Orb\n|\n|upkeep\n|turn|11\n|\n|t:|1701045161\n|move|p2a: Great Saiyaman|Hydro Pump|p1a: Master of puppets\n|-damage|p1a: Master of puppets|19\/100\n|-damage|p2a: Great Saiyaman|71\/100|[from] item: Life Orb\n|move|p1a: Master of puppets|Spirit Break|p2a: Great Saiyaman\n|-supereffective|p2a: Great Saiyaman\n|-damage|p2a: Great Saiyaman|0 fnt\n|faint|p2a: Great Saiyaman\n|\n|upkeep\n|\n|t:|1701045171\n|switch|p2a: Surtr|Arceus-Fire, shiny|100\/100\n|turn|12\n|\n|t:|1701045182\n|move|p1a: Master of puppets|Parting Shot|p2a: Surtr\n|-unboost|p2a: Surtr|atk|1\n|-unboost|p2a: Surtr|spa|1\n|\n|t:|1701045186\n|switch|p1a: HORN LEECH?|Xerneas|100\/100|[from] Parting Shot\n|-ability|p1a: HORN LEECH?|Fairy Aura\n|move|p2a: Surtr|Earthquake|p1a: HORN LEECH?\n|-damage|p1a: HORN LEECH?|95\/100\n|\n|-heal|p1a: HORN LEECH?|100\/100|[from] item: Leftovers\n|upkeep\n|turn|13\n|j| Berryandon\n|\n|t:|1701045206\n|move|p2a: Surtr|Flare Blitz|p1a: HORN LEECH?\n|-damage|p1a: HORN LEECH?|87\/100\n|-damage|p2a: Surtr|95\/100|[from] Recoil\n|move|p1a: HORN LEECH?|Geomancy||[still]\n|-prepare|p1a: HORN LEECH?|Geomancy\n|\n|-heal|p1a: HORN LEECH?|93\/100|[from] item: Leftovers\n|upkeep\n|turn|14\n|\n|t:|1701045216\n|move|p2a: Surtr|Earthquake|p1a: HORN LEECH?\n|-damage|p1a: HORN LEECH?|88\/100\n|move|p1a: HORN LEECH?|Geomancy|p1a: HORN LEECH?|[from]lockedmove\n|-boost|p1a: HORN LEECH?|spa|2\n|-boost|p1a: HORN LEECH?|spd|2\n|-boost|p1a: HORN LEECH?|spe|2\n|\n|-heal|p1a: HORN LEECH?|94\/100|[from] item: Leftovers\n|upkeep\n|turn|15\n|\n|t:|1701045227\n|move|p1a: HORN LEECH?|Moonblast|p2a: Surtr\n|-resisted|p2a: Surtr\n|-damage|p2a: Surtr|50\/100\n|move|p2a: Surtr|Flare Blitz|p1a: HORN LEECH?\n|-damage|p1a: HORN LEECH?|82\/100\n|-damage|p2a: Surtr|46\/100|[from] Recoil\n|\n|-heal|p1a: HORN LEECH?|88\/100|[from] item: Leftovers\n|upkeep\n|turn|16\n|\n|t:|1701045235\n|move|p1a: HORN LEECH?|Moonblast|p2a: Surtr\n|-resisted|p2a: Surtr\n|-damage|p2a: Surtr|3\/100\n|move|p2a: Surtr|Recover|p2a: Surtr\n|-heal|p2a: Surtr|53\/100\n|\n|-heal|p1a: HORN LEECH?|94\/100|[from] item: Leftovers\n|-sideend|p1: ah3nny|move: Light Screen\n|upkeep\n|turn|17\n|\n|t:|1701045243\n|move|p1a: HORN LEECH?|Geomancy||[still]\n|-prepare|p1a: HORN LEECH?|Geomancy\n|move|p2a: Surtr|Recover|p2a: Surtr\n|-heal|p2a: Surtr|100\/100\n|\n|-heal|p1a: HORN LEECH?|99\/100|[from] item: Leftovers\n|-sideend|p1: ah3nny|Reflect\n|upkeep\n|turn|18\n|\n|t:|1701045249\n|move|p1a: HORN LEECH?|Geomancy|p1a: HORN LEECH?|[from]lockedmove\n|-boost|p1a: HORN LEECH?|spa|2\n|-boost|p1a: HORN LEECH?|spd|2\n|-boost|p1a: HORN LEECH?|spe|2\n|move|p2a: Surtr|Flare Blitz|p1a: HORN LEECH?\n|-damage|p1a: HORN LEECH?|75\/100\n|-damage|p2a: Surtr|90\/100|[from] Recoil\n|\n|-heal|p1a: HORN LEECH?|81\/100|[from] item: Leftovers\n|upkeep\n|turn|19\n|\n|t:|1701045259\n|move|p1a: HORN LEECH?|Moonblast|p2a: Surtr\n|-resisted|p2a: Surtr\n|-damage|p2a: Surtr|26\/100\n|move|p2a: Surtr|Flare Blitz|p1a: HORN LEECH?\n|-damage|p1a: HORN LEECH?|54\/100\n|-damage|p2a: Surtr|15\/100|[from] Recoil\n|\n|-heal|p1a: HORN LEECH?|60\/100|[from] item: Leftovers\n|upkeep\n|turn|20\n|\n|t:|1701045274\n|move|p1a: HORN LEECH?|Moonblast|p2a: Surtr\n|-resisted|p2a: Surtr\n|-damage|p2a: Surtr|0 fnt\n|faint|p2a: Surtr\n|\n|-heal|p1a: HORN LEECH?|66\/100|[from] item: Leftovers\n|upkeep\n|\n|t:|1701045280\n|switch|p2a: Godzira|Dragonite, F, shiny|100\/100\n|turn|21\n|\n|t:|1701045287\n|move|p1a: HORN LEECH?|Moonblast|p2a: Godzira\n|-supereffective|p2a: Godzira\n|-damage|p2a: Godzira|0 fnt\n|faint|p2a: Godzira\n|\n|win|ah3nny\n|c|\u2606ah3nny|ggs\n|c|\u2606Zestrov|gg\n","uploadtime":1701045295,"views":6,"p1id":"ah3nny","p2id":"zestrov","formatid":"gen9nationaldexubers","rating":0,"private":0,"password":""}