{"id":"gen9nationaldexubers-1980144698","p1":"Chaitanya15","p2":"PrimalFrost","format":"[Gen 9] National Dex Ubers","log":"|j|\u2606Chaitanya15\n|j|\u2606PrimalFrost\n|t:|1698761253\n|gametype|singles\n|player|p1|Chaitanya15|102|1263\n|player|p2|PrimalFrost|benga|1324\n|teamsize|p1|6\n|teamsize|p2|6\n|gen|9\n|tier|[Gen 9] National Dex Ubers\n|rated|\n|rule|HP Percentage Mod: HP is shown in percentages\n|rule|Endless Battle Clause: Forcing endless battles is banned\n|rule|OHKO Clause: OHKO moves are banned\n|rule|Evasion Moves Clause: Evasion moves are banned\n|rule|Evasion Items Clause: Evasion items are banned\n|rule|Species Clause: Limit one of each Pok\u00e9mon\n|rule|Sleep Clause Mod: Limit one foe put to sleep\n|rule|Mega Rayquaza Clause: You cannot mega evolve Rayquaza\n|clearpoke\n|poke|p1|Pikachu, F|\n|poke|p1|Dragonite, F|\n|poke|p1|Gengar, F|\n|poke|p1|Sirfetch\u2019d, F|\n|poke|p1|Lucario, M|\n|poke|p1|Dracovish|\n|poke|p2|Chi-Yu|\n|poke|p2|Charizard, M|\n|poke|p2|Ogerpon-Hearthflame, F|\n|poke|p2|Typhlosion, F|\n|poke|p2|Ceruledge, F|\n|poke|p2|Coalossal, M|\n|teampreview\n|inactive|Battle timer is ON: inactive players will automatically lose when time's up. (requested by Chaitanya15)\n|\n|t:|1698761276\n|start\n|switch|p1a: Pikachu|Pikachu, F|100\/100\n|switch|p2a: Charizard|Charizard, M|100\/100\n|turn|1\n|\n|t:|1698761282\n|detailschange|p2a: Charizard|Charizard-Mega-Y, M\n|-mega|p2a: Charizard|Charizard|Charizardite Y\n|-weather|SunnyDay|[from] ability: Drought|[of] p2a: Charizard\n|move|p1a: Pikachu|Fake Out|p2a: Charizard\n|-damage|p2a: Charizard|76\/100\n|cant|p2a: Charizard|flinch\n|\n|-weather|SunnyDay|[upkeep]\n|upkeep\n|turn|2\n|\n|t:|1698761294\n|move|p1a: Pikachu|Extreme Speed|p2a: Charizard\n|-damage|p2a: Charizard|33\/100\n|move|p2a: Charizard|Scorching Sands|p1a: Pikachu\n|-supereffective|p1a: Pikachu\n|-damage|p1a: Pikachu|0 fnt\n|faint|p1a: Pikachu\n|\n|-weather|SunnyDay|[upkeep]\n|upkeep\n|\n|t:|1698761308\n|switch|p1a: Gengar|Gengar, F|100\/100\n|turn|3\n|\n|t:|1698761313\n|move|p1a: Gengar|Shadow Ball|p2a: Charizard\n|-damage|p2a: Charizard|0 fnt\n|faint|p2a: Charizard\n|\n|-weather|SunnyDay|[upkeep]\n|upkeep\n|\n|t:|1698761319\n|switch|p2a: Chi-Yu|Chi-Yu|100\/100\n|-ability|p2a: Chi-Yu|Beads of Ruin\n|turn|4\n|\n|t:|1698761324\n|switch|p1a: Sirfetch\u2019d|Sirfetch\u2019d, F|100\/100\n|move|p2a: Chi-Yu|Dark Pulse|p1a: Sirfetch\u2019d\n|-resisted|p1a: Sirfetch\u2019d\n|-damage|p1a: Sirfetch\u2019d|68\/100\n|\n|-weather|SunnyDay|[upkeep]\n|upkeep\n|turn|5\n|\n|t:|1698761333\n|move|p2a: Chi-Yu|Psychic|p1a: Sirfetch\u2019d\n|-supereffective|p1a: Sirfetch\u2019d\n|-damage|p1a: Sirfetch\u2019d|0 fnt\n|faint|p1a: Sirfetch\u2019d\n|\n|-weather|none\n|upkeep\n|\n|t:|1698761340\n|switch|p1a: Dragonite|Dragonite, F|100\/100\n|turn|6\n|\n|t:|1698761345\n|move|p2a: Chi-Yu|Dark Pulse|p1a: Dragonite\n|-damage|p1a: Dragonite|72\/100\n|move|p1a: Dragonite|Dragon Dance|p1a: Dragonite\n|-boost|p1a: Dragonite|atk|1\n|-boost|p1a: Dragonite|spe|1\n|\n|upkeep\n|turn|7\n|\n|t:|1698761359\n|move|p1a: Dragonite|Dragon Claw|p2a: Chi-Yu\n|-damage|p2a: Chi-Yu|0 fnt\n|faint|p2a: Chi-Yu\n|\n|upkeep\n|\n|t:|1698761368\n|switch|p2a: Ceruledge|Ceruledge, F|100\/100\n|turn|8\n|\n|t:|1698761373\n|move|p1a: Dragonite|Dual Wingbeat|p2a: Ceruledge\n|-damage|p2a: Ceruledge|54\/100\n|-ability|p2a: Ceruledge|Weak Armor|boost\n|-unboost|p2a: Ceruledge|def|1\n|-boost|p2a: Ceruledge|spe|2\n|-damage|p2a: Ceruledge|0 fnt\n|faint|p2a: Ceruledge\n|-hitcount|p2: Ceruledge|2\n|\n|upkeep\n|\n|t:|1698761377\n|switch|p2a: Ogerpon|Ogerpon-Hearthflame, F|100\/100\n|-ability|p2a: Ogerpon|Mold Breaker\n|turn|9\n|\n|t:|1698761385\n|move|p1a: Dragonite|Dual Wingbeat|p2a: Ogerpon\n|-supereffective|p2a: Ogerpon\n|-damage|p2a: Ogerpon|10\/100\n|-supereffective|p2a: Ogerpon\n|-damage|p2a: Ogerpon|0 fnt\n|faint|p2a: Ogerpon\n|-hitcount|p2: Ogerpon|2\n|\n|upkeep\n|\n|t:|1698761388\n|switch|p2a: Typhlosion|Typhlosion, F|100\/100\n|turn|10\n|\n|t:|1698761394\n|-terastallize|p2a: Typhlosion|Fire\n|move|p2a: Typhlosion|Eruption|p1a: Dragonite\n|-resisted|p1a: Dragonite\n|-damage|p1a: Dragonite|22\/100\n|move|p1a: Dragonite|Dragon Claw|p2a: Typhlosion\n|-damage|p2a: Typhlosion|0 fnt\n|faint|p2a: Typhlosion\n|\n|upkeep\n|\n|t:|1698761398\n|switch|p2a: Coalossal|Coalossal, M|100\/100\n|turn|11\n|-message|PrimalFrost forfeited.\n|\n|win|Chaitanya15\n|raw|Chaitanya15's rating: 1263 &rarr; <strong>1292<\/strong><br \/>(+29 for winning)\n|raw|PrimalFrost's rating: 1324 &rarr; <strong>1301<\/strong><br \/>(-23 for losing)\n|l|\u2606PrimalFrost\n","uploadtime":1698761410,"views":9,"p1id":"chaitanya15","p2id":"primalfrost","formatid":"gen9nationaldexubers","rating":1292,"private":0,"password":""}