{"id":"gen9nationaldexubers-1978882308","p1":"Rabe 777","p2":"PeggyPlsCallMe","format":"[Gen 9] National Dex Ubers","log":"|j|\u2606Rabe 777\n|j|\u2606PeggyPlsCallMe\n|t:|1698606109\n|gametype|singles\n|player|p1|Rabe 777|steven|1128\n|player|p2|PeggyPlsCallMe|102|1175\n|teamsize|p1|6\n|teamsize|p2|6\n|gen|9\n|tier|[Gen 9] National Dex Ubers\n|rated|\n|rule|HP Percentage Mod: HP is shown in percentages\n|rule|Endless Battle Clause: Forcing endless battles is banned\n|rule|OHKO Clause: OHKO moves are banned\n|rule|Evasion Moves Clause: Evasion moves are banned\n|rule|Evasion Items Clause: Evasion items are banned\n|rule|Species Clause: Limit one of each Pok\u00e9mon\n|rule|Sleep Clause Mod: Limit one foe put to sleep\n|rule|Mega Rayquaza Clause: You cannot mega evolve Rayquaza\n|clearpoke\n|poke|p1|Aron, L1, M|\n|poke|p1|Ambipom, M|\n|poke|p1|Xerneas-*|\n|poke|p1|Yveltal|\n|poke|p1|Serperior, F|\n|poke|p1|Togekiss, F|\n|poke|p2|Sneasler, F|\n|poke|p2|Talonflame, F|\n|poke|p2|Iron Leaves|\n|poke|p2|Cetitan, M|\n|poke|p2|Zeraora|\n|poke|p2|Walking Wake|\n|teampreview\n|\n|t:|1698606120\n|start\n|switch|p1a: Ambipom|Ambipom, M|100\/100\n|switch|p2a: Cetitan|Cetitan, M|100\/100\n|turn|1\n|\n|t:|1698606129\n|move|p1a: Ambipom|Fake Out|p2a: Cetitan\n|-damage|p2a: Cetitan|68\/100\n|-damage|p1a: Ambipom|91\/100|[from] item: Life Orb\n|cant|p2a: Cetitan|flinch\n|\n|upkeep\n|turn|2\n|\n|t:|1698606143\n|-terastallize|p2a: Cetitan|Ground\n|move|p1a: Ambipom|Knock Off|p2a: Cetitan\n|-damage|p2a: Cetitan|30\/100\n|-enditem|p2a: Cetitan|Sitrus Berry|[from] move: Knock Off|[of] p1a: Ambipom\n|-damage|p1a: Ambipom|81\/100|[from] item: Life Orb\n|move|p2a: Cetitan|Earthquake|p1a: Ambipom\n|-damage|p1a: Ambipom|8\/100\n|\n|upkeep\n|turn|3\n|\n|t:|1698606158\n|move|p2a: Cetitan|Ice Shard|p1a: Ambipom\n|-damage|p1a: Ambipom|0 fnt\n|faint|p1a: Ambipom\n|\n|upkeep\n|\n|t:|1698606172\n|switch|p1a: Togekiss|Togekiss, F|100\/100\n|turn|4\n|\n|t:|1698606179\n|move|p2a: Cetitan|Ice Shard|p1a: Togekiss\n|-supereffective|p1a: Togekiss\n|-damage|p1a: Togekiss|60\/100\n|move|p1a: Togekiss|Heat Wave|p2a: Cetitan\n|-damage|p2a: Cetitan|0 fnt\n|faint|p2a: Cetitan\n|\n|-heal|p1a: Togekiss|66\/100|[from] item: Leftovers\n|upkeep\n|\n|t:|1698606188\n|switch|p2a: Zeraora|Zeraora|100\/100\n|turn|5\n|\n|t:|1698606196\n|switch|p1a: Serperior|Serperior, F|100\/100\n|move|p2a: Zeraora|Plasma Fists|p1a: Serperior\n|-resisted|p1a: Serperior\n|-damage|p1a: Serperior|71\/100\n|-fieldactivate|move: Ion Deluge\n|-hint|Normal-type moves become Electric-type after using Plasma Fists.\n|\n|upkeep\n|turn|6\n|\n|t:|1698606213\n|move|p1a: Serperior|Leaf Storm|p2a: Zeraora\n|-damage|p2a: Zeraora|39\/100\n|-boost|p1a: Serperior|spa|2\n|move|p2a: Zeraora|Bulk Up|p2a: Zeraora\n|-boost|p2a: Zeraora|atk|1\n|-boost|p2a: Zeraora|def|1\n|\n|upkeep\n|turn|7\n|\n|t:|1698606232\n|move|p1a: Serperior|Leaf Storm|p2a: Zeraora\n|-damage|p2a: Zeraora|0 fnt\n|-boost|p1a: Serperior|spa|2\n|faint|p2a: Zeraora\n|\n|upkeep\n|\n|t:|1698606240\n|switch|p2a: Talonflame|Talonflame, F|100\/100\n|turn|8\n|\n|t:|1698606254\n|move|p2a: Talonflame|Brave Bird|p1a: Serperior\n|-supereffective|p1a: Serperior\n|-damage|p1a: Serperior|0 fnt\n|faint|p1a: Serperior\n|-damage|p2a: Talonflame|78\/100|[from] Recoil\n|\n|-heal|p2a: Talonflame|84\/100|[from] item: Leftovers\n|upkeep\n|\n|t:|1698606274\n|switch|p1a: Aron|Aron, L1, M, shiny|100\/100\n|turn|9\n|\n|t:|1698606281\n|move|p2a: Talonflame|Flare Blitz|p1a: Aron\n|-ability|p1a: Aron|Sturdy\n|-damage|p1a: Aron|9\/100\n|-damage|p2a: Talonflame|82\/100|[from] Recoil\n|move|p1a: Aron|Endeavor|p2a: Talonflame\n|-damage|p2a: Talonflame|1\/100\n|-heal|p1a: Aron|100\/100|[from] item: Shell Bell|[of] p2a: Talonflame\n|\n|-heal|p2a: Talonflame|7\/100|[from] item: Leftovers\n|upkeep\n|turn|10\n|\n|t:|1698606308\n|move|p2a: Talonflame|Flare Blitz|p1a: Aron\n|-ability|p1a: Aron|Sturdy\n|-damage|p1a: Aron|9\/100\n|-damage|p2a: Talonflame|6\/100|[from] Recoil\n|move|p1a: Aron|Facade|p2a: Talonflame\n|-damage|p2a: Talonflame|5\/100\n|-heal|p1a: Aron|17\/100|[from] item: Shell Bell|[of] p2a: Talonflame\n|\n|-heal|p2a: Talonflame|11\/100|[from] item: Leftovers\n|upkeep\n|turn|11\n|\n|t:|1698606325\n|move|p2a: Talonflame|Brave Bird|p1a: Aron\n|-resisted|p1a: Aron\n|-damage|p1a: Aron|0 fnt\n|faint|p1a: Aron\n|-damage|p2a: Talonflame|11\/100|[from] Recoil\n|\n|-heal|p2a: Talonflame|17\/100|[from] item: Leftovers\n|upkeep\n|\n|t:|1698606336\n|switch|p1a: Yveltal|Yveltal|100\/100\n|-ability|p1a: Yveltal|Dark Aura\n|turn|12\n|\n|t:|1698606344\n|move|p1a: Yveltal|Sucker Punch|p2a: Talonflame\n|-damage|p2a: Talonflame|0 fnt\n|faint|p2a: Talonflame\n|\n|upkeep\n|\n|t:|1698606353\n|switch|p2a: Sneasler|Sneasler, F|100\/100\n|turn|13\n|\n|t:|1698606369\n|move|p2a: Sneasler|Dire Claw|p1a: Yveltal\n|-damage|p1a: Yveltal|64\/100\n|-status|p1a: Yveltal|psn|[from] ability: Poison Touch|[of] p2a: Sneasler\n|move|p1a: Yveltal|Roost|p1a: Yveltal\n|-heal|p1a: Yveltal|100\/100 psn\n|-singleturn|p1a: Yveltal|move: Roost\n|\n|-damage|p1a: Yveltal|88\/100 psn|[from] psn\n|upkeep\n|turn|14\n|\n|t:|1698606384\n|move|p2a: Sneasler|Close Combat|p1a: Yveltal\n|-damage|p1a: Yveltal|34\/100 psn\n|-unboost|p2a: Sneasler|def|1\n|-unboost|p2a: Sneasler|spd|1\n|move|p1a: Yveltal|Knock Off|p2a: Sneasler\n|-resisted|p2a: Sneasler\n|-damage|p2a: Sneasler|16\/100\n|-enditem|p2a: Sneasler|Heavy-Duty Boots|[from] move: Knock Off|[of] p1a: Yveltal\n|\n|-heal|p1a: Yveltal|40\/100 psn|[from] item: Leftovers\n|-damage|p1a: Yveltal|28\/100 psn|[from] psn\n|upkeep\n|turn|15\n|\n|t:|1698606398\n|move|p1a: Yveltal|Sucker Punch|p2a: Sneasler\n|-resisted|p2a: Sneasler\n|-damage|p2a: Sneasler|0 fnt\n|faint|p2a: Sneasler\n|\n|-heal|p1a: Yveltal|34\/100 psn|[from] item: Leftovers\n|-damage|p1a: Yveltal|21\/100 psn|[from] psn\n|upkeep\n|\n|t:|1698606412\n|switch|p2a: Walking Wake|Walking Wake|100\/100\n|-enditem|p2a: Walking Wake|Booster Energy\n|-activate|p2a: Walking Wake|ability: Protosynthesis|[fromitem]\n|-start|p2a: Walking Wake|protosynthesisspa\n|turn|16\n|\n|t:|1698606418\n|move|p2a: Walking Wake|Aqua Jet|p1a: Yveltal\n|-damage|p1a: Yveltal|12\/100 psn\n|move|p1a: Yveltal|Roost|p1a: Yveltal\n|-heal|p1a: Yveltal|62\/100 psn\n|-singleturn|p1a: Yveltal|move: Roost\n|\n|-heal|p1a: Yveltal|68\/100 psn|[from] item: Leftovers\n|-damage|p1a: Yveltal|56\/100 psn|[from] psn\n|upkeep\n|turn|17\n|\n|t:|1698606431\n|move|p1a: Yveltal|Roost|p1a: Yveltal\n|-heal|p1a: Yveltal|100\/100 psn\n|-singleturn|p1a: Yveltal|move: Roost\n|move|p2a: Walking Wake|Draco Meteor|p1a: Yveltal\n|-damage|p1a: Yveltal|24\/100 psn\n|-unboost|p2a: Walking Wake|spa|2\n|\n|-heal|p1a: Yveltal|30\/100 psn|[from] item: Leftovers\n|-damage|p1a: Yveltal|18\/100 psn|[from] psn\n|upkeep\n|turn|18\n|\n|t:|1698606445\n|move|p1a: Yveltal|Roost|p1a: Yveltal\n|-heal|p1a: Yveltal|68\/100 psn\n|-singleturn|p1a: Yveltal|move: Roost\n|move|p2a: Walking Wake|Flamethrower|p1a: Yveltal\n|-damage|p1a: Yveltal|51\/100 psn\n|\n|-heal|p1a: Yveltal|58\/100 psn|[from] item: Leftovers\n|-damage|p1a: Yveltal|45\/100 psn|[from] psn\n|upkeep\n|turn|19\n|\n|t:|1698606466\n|move|p1a: Yveltal|Roost|p1a: Yveltal\n|-heal|p1a: Yveltal|95\/100 psn\n|-singleturn|p1a: Yveltal|move: Roost\n|move|p2a: Walking Wake|Draco Meteor|p1a: Yveltal\n|-damage|p1a: Yveltal|56\/100 psn\n|-unboost|p2a: Walking Wake|spa|2\n|\n|-heal|p1a: Yveltal|62\/100 psn|[from] item: Leftovers\n|-damage|p1a: Yveltal|50\/100 psn|[from] psn\n|upkeep\n|turn|20\n|\n|t:|1698606488\n|move|p2a: Walking Wake|Aqua Jet|p1a: Yveltal\n|-damage|p1a: Yveltal|41\/100 psn\n|move|p1a: Yveltal|Roost|p1a: Yveltal\n|-heal|p1a: Yveltal|91\/100 psn\n|-singleturn|p1a: Yveltal|move: Roost\n|\n|-heal|p1a: Yveltal|97\/100 psn|[from] item: Leftovers\n|-damage|p1a: Yveltal|85\/100 psn|[from] psn\n|upkeep\n|turn|21\n|\n|t:|1698606501\n|move|p1a: Yveltal|Knock Off|p2a: Walking Wake\n|-damage|p2a: Walking Wake|58\/100\n|move|p2a: Walking Wake|Hydro Pump|p1a: Yveltal\n|-damage|p1a: Yveltal|63\/100 psn\n|\n|-heal|p1a: Yveltal|70\/100 psn|[from] item: Leftovers\n|-damage|p1a: Yveltal|57\/100 psn|[from] psn\n|upkeep\n|turn|22\n|\n|t:|1698606517\n|-end|p2a: Walking Wake|Protosynthesis|[silent]\n|switch|p2a: Iron Leaves|Iron Leaves|100\/100\n|-enditem|p2a: Iron Leaves|Booster Energy\n|-activate|p2a: Iron Leaves|ability: Quark Drive|[fromitem]\n|-start|p2a: Iron Leaves|quarkdriveatk\n|move|p1a: Yveltal|Sucker Punch||[still]\n|-fail|p1a: Yveltal\n|\n|-heal|p1a: Yveltal|63\/100 psn|[from] item: Leftovers\n|-damage|p1a: Yveltal|51\/100 psn|[from] psn\n|upkeep\n|turn|23\n|\n|t:|1698606532\n|move|p2a: Iron Leaves|Swords Dance|p2a: Iron Leaves\n|-boost|p2a: Iron Leaves|atk|2\n|move|p1a: Yveltal|Roost|p1a: Yveltal\n|-heal|p1a: Yveltal|100\/100 psn\n|-singleturn|p1a: Yveltal|move: Roost\n|\n|-damage|p1a: Yveltal|88\/100 psn|[from] psn\n|upkeep\n|turn|24\n|\n|t:|1698606543\n|move|p1a: Yveltal|Sucker Punch||[still]\n|-fail|p1a: Yveltal\n|move|p2a: Iron Leaves|Swords Dance|p2a: Iron Leaves\n|-boost|p2a: Iron Leaves|atk|2\n|\n|-heal|p1a: Yveltal|94\/100 psn|[from] item: Leftovers\n|-damage|p1a: Yveltal|82\/100 psn|[from] psn\n|upkeep\n|turn|25\n|\n|t:|1698606554\n|move|p1a: Yveltal|Sucker Punch|p2a: Iron Leaves\n|-supereffective|p2a: Iron Leaves\n|-damage|p2a: Iron Leaves|0 fnt\n|faint|p2a: Iron Leaves\n|-end|p2a: Iron Leaves|Quark Drive|[silent]\n|\n|-heal|p1a: Yveltal|88\/100 psn|[from] item: Leftovers\n|-damage|p1a: Yveltal|76\/100 psn|[from] psn\n|upkeep\n|\n|t:|1698606561\n|switch|p2a: Walking Wake|Walking Wake|58\/100\n|turn|26\n|\n|t:|1698606568\n|move|p1a: Yveltal|Sucker Punch|p2a: Walking Wake\n|-damage|p2a: Walking Wake|15\/100\n|move|p2a: Walking Wake|Draco Meteor|p1a: Yveltal\n|-damage|p1a: Yveltal|20\/100 psn\n|-unboost|p2a: Walking Wake|spa|2\n|\n|-heal|p1a: Yveltal|27\/100 psn|[from] item: Leftovers\n|-damage|p1a: Yveltal|14\/100 psn|[from] psn\n|upkeep\n|turn|27\n|\n|t:|1698606581\n|move|p1a: Yveltal|Sucker Punch|p2a: Walking Wake\n|-damage|p2a: Walking Wake|0 fnt\n|faint|p2a: Walking Wake\n|-end|p2a: Walking Wake|Protosynthesis|[silent]\n|\n|win|Rabe 777\n|raw|Rabe 777's rating: 1128 &rarr; <strong>1156<\/strong><br \/>(+28 for winning)\n|raw|PeggyPlsCallMe's rating: 1175 &rarr; <strong>1147<\/strong><br \/>(-28 for losing)\n","uploadtime":1698606589,"views":8,"p1id":"rabe777","p2id":"peggyplscallme","formatid":"gen9nationaldexubers","rating":1147,"private":0,"password":""}