{"id":"gen9nationaldexubers-1992599263","p1":"GarchompGamingOU","p2":"Sh000ms","format":"[Gen 9] National Dex Ubers","log":"|j|\u2606GarchompGamingOU\n|j|\u2606Sh000ms\n|t:|1700212520\n|gametype|singles\n|player|p1|GarchompGamingOU|101|1051\n|player|p2|Sh000ms|102|1145\n|teamsize|p1|6\n|teamsize|p2|6\n|gen|9\n|tier|[Gen 9] National Dex Ubers\n|rated|\n|rule|HP Percentage Mod: HP is shown in percentages\n|rule|Endless Battle Clause: Forcing endless battles is banned\n|rule|OHKO Clause: OHKO moves are banned\n|rule|Evasion Moves Clause: Evasion moves are banned\n|rule|Evasion Items Clause: Evasion items are banned\n|rule|Species Clause: Limit one of each Pok\u00e9mon\n|rule|Sleep Clause Mod: Limit one foe put to sleep\n|rule|Mega Rayquaza Clause: You cannot mega evolve Rayquaza\n|clearpoke\n|poke|p1|Deoxys|\n|poke|p1|Blaziken, F|\n|poke|p1|Mantine, M|\n|poke|p1|Lileep, F|\n|poke|p1|Hoppip, F|\n|poke|p1|Aegislash, M|\n|poke|p2|Slowbro-Galar, M|\n|poke|p2|Wobbuffet, M|\n|poke|p2|Ditto|\n|poke|p2|Mimikyu, F|\n|poke|p2|Aron, L1, F|\n|poke|p2|Groudon|\n|teampreview\n|inactive|Battle timer is ON: inactive players will automatically lose when time's up. (requested by GarchompGamingOU)\n|\n|t:|1700212534\n|start\n|switch|p1a: night terror|Lileep, F|100\/100\n|switch|p2a: Bing Bong|Wobbuffet, M, shiny|100\/100\n|turn|1\n|\n|t:|1700212541\n|move|p2a: Bing Bong|Encore||[still]\n|-fail|p2a: Bing Bong\n|move|p1a: night terror|Toxic|p2a: Bing Bong\n|-status|p2a: Bing Bong|tox\n|\n|-damage|p2a: Bing Bong|94\/100 tox|[from] psn\n|upkeep\n|turn|2\n|\n|t:|1700212547\n|move|p2a: Bing Bong|Encore|p1a: night terror\n|-start|p1a: night terror|Encore\n|move|p1a: night terror|Toxic|p2a: Bing Bong|[miss]\n|-miss|p1a: night terror|p2a: Bing Bong\n|\n|-damage|p2a: Bing Bong|82\/100 tox|[from] psn\n|upkeep\n|turn|3\n|\n|t:|1700212554\n|switch|p2a: Speedy Bruh|Slowbro-Galar, M|100\/100\n|move|p1a: night terror|Toxic|p2a: Speedy Bruh\n|-immune|p2a: Speedy Bruh\n|\n|upkeep\n|turn|4\n|\n|t:|1700212570\n|switch|p1a: nerfed|Aegislash, M|100\/100\n|move|p2a: Speedy Bruh|Calm Mind|p2a: Speedy Bruh\n|-boost|p2a: Speedy Bruh|spa|1\n|-boost|p2a: Speedy Bruh|spd|1\n|\n|upkeep\n|turn|5\n|\n|t:|1700212577\n|-terastallize|p2a: Speedy Bruh|Poison\n|move|p1a: nerfed|Substitute|p1a: nerfed\n|-start|p1a: nerfed|Substitute\n|-damage|p1a: nerfed|76\/100\n|move|p2a: Speedy Bruh|Calm Mind|p2a: Speedy Bruh\n|-boost|p2a: Speedy Bruh|spa|1\n|-boost|p2a: Speedy Bruh|spd|1\n|\n|-heal|p1a: nerfed|82\/100|[from] item: Leftovers\n|upkeep\n|turn|6\n|\n|t:|1700212586\n|switch|p2a: My Favourite|Mimikyu, F|100\/100\n|-formechange|p1a: nerfed|Aegislash-Blade||[from] ability: Stance Change\n|move|p1a: nerfed|Shadow Ball|p2a: My Favourite\n|-activate|p2a: My Favourite|ability: Disguise\n|-damage|p2a: My Favourite|100\/100\n|detailschange|p2a: My Favourite|Mimikyu-Busted, F\n|-damage|p2a: My Favourite|88\/100|[from] pokemon: Mimikyu-Busted\n|\n|-heal|p1a: nerfed|88\/100|[from] item: Leftovers\n|upkeep\n|turn|7\n|\n|t:|1700212597\n|move|p2a: My Favourite|Curse|p1a: nerfed\n|-start|p1a: nerfed|Curse|[of] p2a: My Favourite\n|-damage|p2a: My Favourite|39\/100\n|move|p1a: nerfed|Shadow Ball|p2a: My Favourite\n|-supereffective|p2a: My Favourite\n|-damage|p2a: My Favourite|0 fnt\n|faint|p2a: My Favourite\n|\n|-heal|p1a: nerfed|94\/100|[from] item: Leftovers\n|-damage|p1a: nerfed|70\/100|[from] Curse\n|upkeep\n|\n|t:|1700212611\n|switch|p2a: Speedy Bruh|Slowbro-Galar, M, tera:Poison|100\/100\n|turn|8\n|\n|t:|1700212616\n|switch|p1a: night terror|Lileep, F|100\/100\n|move|p2a: Speedy Bruh|Protect||[still]\n|-fail|p2a: Speedy Bruh\n|\n|upkeep\n|turn|9\n|\n|t:|1700212622\n|move|p2a: Speedy Bruh|Calm Mind|p2a: Speedy Bruh\n|-boost|p2a: Speedy Bruh|spa|1\n|-boost|p2a: Speedy Bruh|spd|1\n|move|p1a: night terror|Stealth Rock|p2a: Speedy Bruh\n|-sidestart|p2: Sh000ms|move: Stealth Rock\n|\n|upkeep\n|turn|10\n|\n|t:|1700212627\n|switch|p1a: discount deo-a|Deoxys|100\/100\n|-ability|p1a: discount deo-a|Pressure\n|move|p2a: Speedy Bruh|Ice Beam|p1a: discount deo-a\n|-damage|p1a: discount deo-a|23\/100\n|\n|upkeep\n|turn|11\n|\n|t:|1700212634\n|move|p1a: discount deo-a|Psycho Boost|p2a: Speedy Bruh\n|-supereffective|p2a: Speedy Bruh\n|-damage|p2a: Speedy Bruh|0 fnt\n|-unboost|p1a: discount deo-a|spa|2\n|faint|p2a: Speedy Bruh\n|\n|upkeep\n|\n|t:|1700212641\n|switch|p2a: Gumball|Ditto, shiny|100\/100\n|-transform|p2a: Gumball|p1a: discount deo-a|[from] ability: Imposter\n|-ability|p2a: Gumball|Pressure\n|turn|12\n|\n|t:|1700212648\n|switch|p1a: night terror|Lileep, F|100\/100\n|move|p2a: Gumball|Shadow Ball|p1a: night terror\n|-damage|p1a: night terror|92\/100\n|\n|upkeep\n|turn|13\n|\n|t:|1700212658\n|move|p2a: Gumball|Ice Beam|p1a: night terror\n|-supereffective|p1a: night terror\n|-damage|p1a: night terror|72\/100\n|move|p1a: night terror|Toxic|p2a: Gumball\n|-status|p2a: Gumball|tox\n|\n|-damage|p2a: Gumball|94\/100 tox|[from] psn\n|upkeep\n|turn|14\n|-message|Sh000ms forfeited.\n|\n|win|GarchompGamingOU\n|raw|GarchompGamingOU's rating: 1051 &rarr; <strong>1092<\/strong><br \/>(+41 for winning)\n|raw|Sh000ms's rating: 1145 &rarr; <strong>1113<\/strong><br \/>(-32 for losing)\n|l|\u2606Sh000ms\n","uploadtime":1700212669,"views":7,"p1id":"garchompgamingou","p2id":"sh000ms","formatid":"gen9nationaldexubers","rating":1092,"private":0,"password":""}