{"id":"gen9nationaldexubers-1981777426","p1":"bepsi-can","p2":"Sacha77500","format":"[Gen 9] National Dex Ubers","log":"|j|\u2606bepsi-can\n|j|\u2606Sacha77500\n|t:|1698940851\n|gametype|singles\n|player|p1|bepsi-can|elesa|\n|player|p2|Sacha77500|alder|\n|teamsize|p1|6\n|teamsize|p2|6\n|gen|9\n|tier|[Gen 9] National Dex Ubers\n|rule|HP Percentage Mod: HP is shown in percentages\n|rule|Endless Battle Clause: Forcing endless battles is banned\n|rule|OHKO Clause: OHKO moves are banned\n|rule|Evasion Moves Clause: Evasion moves are banned\n|rule|Evasion Items Clause: Evasion items are banned\n|rule|Species Clause: Limit one of each Pok\u00e9mon\n|rule|Sleep Clause Mod: Limit one foe put to sleep\n|rule|Mega Rayquaza Clause: You cannot mega evolve Rayquaza\n|clearpoke\n|poke|p1|Espathra, F|\n|poke|p1|Metagross|\n|poke|p1|Alakazam, M|\n|poke|p1|Indeedee-F, F|\n|poke|p1|Hatterene, F|\n|poke|p1|Malamar, M|\n|poke|p2|Aggron, M|\n|poke|p2|Darmanitan-Galar, M|\n|poke|p2|Clodsire, F|\n|poke|p2|Golisopod, M|\n|poke|p2|Ceruledge, M|\n|poke|p2|Zoroark-Hisui, M|\n|teampreview\n|inactive|Battle timer is ON: inactive players will automatically lose when time's up. (requested by bepsi-can)\n|inactive|Sacha77500 also wants the timer to be on.\n|c|\u2606Sacha77500|glhf\n|inactive|bepsi-can no longer wants the timer on, but the timer is staying on because sacha77500 still does.\n|c|\u2606bepsi-can|glhf\n|c|\u2606bepsi-can|what is this frankenstein\n|c|\u2606Sacha77500|Also Malamar is one of my favorite Dark type mons\n|\n|t:|1698940877\n|start\n|switch|p1a: John Cheesecake|Indeedee-F, F|100\/100\n|switch|p2a: :3|Clodsire, F|100\/100\n|-fieldstart|move: Psychic Terrain|[from] ability: Psychic Surge|[of] p1a: John Cheesecake\n|turn|1\n|\n|t:|1698940894\n|move|p1a: John Cheesecake|Expanding Force|p2a: :3\n|-supereffective|p2a: :3\n|-damage|p2a: :3|26\/100\n|move|p2a: :3|Stealth Rock|p1a: John Cheesecake\n|-sidestart|p1: bepsi-can|move: Stealth Rock\n|\n|-heal|p2a: :3|33\/100|[from] item: Leftovers\n|upkeep\n|turn|2\n|\n|t:|1698940901\n|move|p1a: John Cheesecake|Expanding Force|p2a: :3\n|-supereffective|p2a: :3\n|-damage|p2a: :3|0 fnt\n|faint|p2a: :3\n|\n|upkeep\n|\n|t:|1698940907\n|switch|p2a: ATTACK!!!|Golisopod, M|100\/100\n|turn|3\n|\n|t:|1698940920\n|move|p2a: ATTACK!!!|First Impression|p1a: John Cheesecake\n|-activate|p1a: John Cheesecake|move: Psychic Terrain\n|move|p1a: John Cheesecake|Expanding Force|p2a: ATTACK!!!\n|-damage|p2a: ATTACK!!!|49\/100\n|-activate|p2a: ATTACK!!!|ability: Emergency Exit\n|c|\u2606Sacha77500|ni-\n|c|\u2606Sacha77500|terrain\n|\n|t:|1698940942\n|switch|p2a: Rise of Kong|Darmanitan-Galar, M|100\/100\n|\n|upkeep\n|turn|4\n|\n|t:|1698940953\n|move|p2a: Rise of Kong|Icicle Crash|p1a: John Cheesecake\n|-damage|p1a: John Cheesecake|23\/100\n|move|p1a: John Cheesecake|Expanding Force|p2a: Rise of Kong\n|-damage|p2a: Rise of Kong|4\/100\n|\n|-formechange|p2a: Rise of Kong|Darmanitan-Galar-Zen|\n|upkeep\n|turn|5\n|\n|t:|1698940964\n|move|p2a: Rise of Kong|Fire Punch|p1a: John Cheesecake\n|-damage|p1a: John Cheesecake|0 fnt\n|faint|p1a: John Cheesecake\n|\n|upkeep\n|\n|t:|1698940978\n|switch|p1a: Susan|Espathra, F|100\/100\n|-damage|p1a: Susan|88\/100|[from] Stealth Rock\n|turn|6\n|\n|t:|1698940985\n|move|p1a: Susan|Protect|p1a: Susan\n|-singleturn|p1a: Susan|Protect\n|move|p2a: Rise of Kong|Earthquake|p1a: Susan\n|-activate|p1a: Susan|move: Protect\n|\n|-heal|p1a: Susan|94\/100|[from] item: Leftovers\n|-ability|p1a: Susan|Speed Boost|boost\n|-boost|p1a: Susan|spe|1\n|upkeep\n|turn|7\n|\n|t:|1698940995\n|move|p1a: Susan|Stored Power|p2a: Rise of Kong\n|-damage|p2a: Rise of Kong|0 fnt\n|faint|p2a: Rise of Kong\n|\n|-heal|p1a: Susan|100\/100|[from] item: Leftovers\n|-ability|p1a: Susan|Speed Boost|boost\n|-boost|p1a: Susan|spe|1\n|upkeep\n|\n|t:|1698941002\n|switch|p2a: Battle Tendencies|Ceruledge, M|100\/100\n|turn|8\n|\n|t:|1698941007\n|move|p1a: Susan|Calm Mind|p1a: Susan\n|-boost|p1a: Susan|spa|1\n|-boost|p1a: Susan|spd|1\n|move|p2a: Battle Tendencies|Swords Dance|p2a: Battle Tendencies\n|-boost|p2a: Battle Tendencies|atk|2\n|\n|-fieldend|move: Psychic Terrain\n|-ability|p1a: Susan|Speed Boost|boost\n|-boost|p1a: Susan|spe|1\n|upkeep\n|turn|9\n|\n|t:|1698941012\n|move|p1a: Susan|Stored Power|p2a: Battle Tendencies\n|-damage|p2a: Battle Tendencies|33\/100\n|move|p2a: Battle Tendencies|Poltergeist|p1a: Susan\n|-activate|p1a: Susan|move: Poltergeist|Leftovers\n|-supereffective|p1a: Susan\n|-damage|p1a: Susan|0 fnt\n|faint|p1a: Susan\n|\n|upkeep\n|\n|t:|1698941016\n|switch|p1a: Megamind|Alakazam, M|100\/100\n|turn|10\n|\n|t:|1698941023\n|detailschange|p1a: Megamind|Alakazam-Mega, M\n|-mega|p1a: Megamind|Alakazam|Alakazite\n|-ability|p1a: Megamind|Weak Armor|[from] ability: Trace|[of] p2a: Battle Tendencies\n|move|p2a: Battle Tendencies|Shadow Sneak|p1a: Megamind\n|-supereffective|p1a: Megamind\n|-damage|p1a: Megamind|0 fnt\n|faint|p1a: Megamind\n|\n|upkeep\n|\n|t:|1698941032\n|switch|p1a: Ronald Reagan|Hatterene, F|100\/100\n|-damage|p1a: Ronald Reagan|88\/100|[from] Stealth Rock\n|turn|11\n|\n|t:|1698941037\n|move|p2a: Battle Tendencies|Poltergeist|p1a: Ronald Reagan\n|-activate|p1a: Ronald Reagan|move: Poltergeist|Leftovers\n|-supereffective|p1a: Ronald Reagan\n|-damage|p1a: Ronald Reagan|0 fnt\n|faint|p1a: Ronald Reagan\n|\n|upkeep\n|c|\u2606Sacha77500|finally\n|\n|t:|1698941044\n|switch|p1a: Malamar|Malamar, M|100\/100\n|-damage|p1a: Malamar|88\/100|[from] Stealth Rock\n|turn|12\n|c|\u2606Sacha77500|fuggin nerd team\n|\n|t:|1698941051\n|move|p1a: Malamar|Knock Off|p2a: Battle Tendencies\n|-supereffective|p2a: Battle Tendencies\n|-damage|p2a: Battle Tendencies|0 fnt\n|-enditem|p2a: Battle Tendencies|Focus Sash|[from] move: Knock Off|[of] p1a: Malamar\n|faint|p2a: Battle Tendencies\n|\n|upkeep\n|c|\u2606Sacha77500|WHA-\n|\n|t:|1698941059\n|switch|p2a: ATTACK!!!|Golisopod, M|49\/100\n|turn|13\n|c|\u2606bepsi-can|its malamarin time\n|\n|t:|1698941062\n|switch|p1a: Samuel 22:38|Metagross, shiny|100\/100\n|-damage|p1a: Samuel 22:38|95\/100|[from] Stealth Rock\n|move|p2a: ATTACK!!!|First Impression|p1a: Samuel 22:38\n|-damage|p1a: Samuel 22:38|50\/100\n|\n|upkeep\n|turn|14\n|\n|t:|1698941072\n|move|p2a: ATTACK!!!|Aqua Jet|p1a: Samuel 22:38\n|-damage|p1a: Samuel 22:38|32\/100\n|move|p1a: Samuel 22:38|Zen Headbutt|p2a: ATTACK!!!|[miss]\n|-miss|p1a: Samuel 22:38|p2a: ATTACK!!!\n|\n|upkeep\n|turn|15\n|\n|t:|1698941079\n|move|p2a: ATTACK!!!|Aqua Jet|p1a: Samuel 22:38\n|-damage|p1a: Samuel 22:38|13\/100\n|-zpower|p1a: Samuel 22:38\n|move|p1a: Samuel 22:38|Corkscrew Crash|p2a: ATTACK!!!|[zeffect]\n|-resisted|p2a: ATTACK!!!\n|-damage|p2a: ATTACK!!!|17\/100\n|\n|upkeep\n|turn|16\n|\n|t:|1698941086\n|move|p2a: ATTACK!!!|Aqua Jet|p1a: Samuel 22:38\n|-damage|p1a: Samuel 22:38|0 fnt\n|faint|p1a: Samuel 22:38\n|\n|upkeep\n|c|\u2606Sacha77500|lmao\n|c|\u2606bepsi-can|lucky\n|c|\u2606bepsi-can|you just got that on luck\n|\n|t:|1698941096\n|switch|p1a: Malamar|Malamar, M|88\/100\n|-damage|p1a: Malamar|76\/100|[from] Stealth Rock\n|turn|17\n|c|\u2606Sacha77500|wdym lucky\n|c|\u2606bepsi-can|zen headbutt miss????\n|c|\u2606Sacha77500|yes\n|c|\u2606bepsi-can|was that skill?\n|\n|t:|1698941126\n|move|p1a: Malamar|Psycho Cut|p2a: ATTACK!!!\n|-damage|p2a: ATTACK!!!|0 fnt\n|faint|p2a: ATTACK!!!\n|\n|upkeep\n|c|\u2606Sacha77500|yes absolutely\n|\n|t:|1698941128\n|switch|p2a: The Rock|Aggron, M|100\/100\n|turn|18\n|c|\u2606Sacha77500|I love you\n|\n|t:|1698941137\n|move|p1a: Malamar|Psycho Cut|p2a: The Rock\n|-damage|p2a: The Rock|40\/100\n|replace|p2a: Smooth Criminal|Zoroark-Hisui, M\n|-end|p2a: Smooth Criminal|Illusion\n|move|p2a: Smooth Criminal|Hyper Voice|p1a: Malamar\n|-damage|p1a: Malamar|0 fnt\n|faint|p1a: Malamar\n|\n|win|Sacha77500\n|l|\u2606bepsi-can\n","uploadtime":1698941155,"views":16,"p1id":"bepsican","p2id":"sacha77500","formatid":"gen9nationaldexubers","rating":0,"private":0,"password":""}