{"id":"gen9nationaldexubers-1985171324","p1":"fair room","p2":"krossedlol","format":"[Gen 9] National Dex Ubers","log":"|j|\u2606fair room\n|j|\u2606krossedlol\n|t:|1699342630\n|gametype|singles\n|player|p1|fair room|kieran|1220\n|player|p2|krossedlol|170|1335\n|teamsize|p1|6\n|teamsize|p2|6\n|gen|9\n|tier|[Gen 9] National Dex Ubers\n|rated|\n|rule|HP Percentage Mod: HP is shown in percentages\n|rule|Endless Battle Clause: Forcing endless battles is banned\n|rule|OHKO Clause: OHKO moves are banned\n|rule|Evasion Moves Clause: Evasion moves are banned\n|rule|Evasion Items Clause: Evasion items are banned\n|rule|Species Clause: Limit one of each Pok\u00e9mon\n|rule|Sleep Clause Mod: Limit one foe put to sleep\n|rule|Mega Rayquaza Clause: You cannot mega evolve Rayquaza\n|clearpoke\n|poke|p1|Rayquaza|\n|poke|p1|Hatterene, F|\n|poke|p1|Melmetal|\n|poke|p1|Kyogre|\n|poke|p1|Calyrex-Ice|\n|poke|p1|Arceus|\n|poke|p2|Groudon|\n|poke|p2|Arceus|\n|poke|p2|Spiritomb, F|\n|poke|p2|Necrozma-Dawn-Wings|\n|poke|p2|Xerneas-*|\n|poke|p2|Zacian-*|\n|teampreview\n|inactive|Battle timer is ON: inactive players will automatically lose when time's up. (requested by fair room)\n|\n|t:|1699342638\n|start\n|switch|p1a: Emerald|Rayquaza|100\/100\n|switch|p2a: Groudon|Groudon, shiny|100\/100\n|-ability|p1a: Emerald|Air Lock\n|detailschange|p2a: Groudon|Groudon-Primal, shiny\n|-primal|p2a: Groudon|Red Orb\n|-weather|DesolateLand|[from] ability: Desolate Land|[of] p2a: Groudon\n|turn|1\n|\n|t:|1699342643\n|move|p2a: Groudon|Rock Polish|p2a: Groudon\n|-boost|p2a: Groudon|spe|2\n|move|p1a: Emerald|Surf|p2a: Groudon\n|-supereffective|p2a: Groudon\n|-damage|p2a: Groudon|0 fnt\n|faint|p2a: Groudon\n|-weather|none\n|-damage|p1a: Emerald|91\/100|[from] item: Life Orb\n|\n|upkeep\n|\n|t:|1699342652\n|switch|p2a: Zacian|Zacian-Crowned, shiny|100\/100\n|-ability|p2a: Zacian|Intrepid Sword|boost\n|-boost|p2a: Zacian|atk|1\n|turn|2\n|\n|t:|1699342655\n|-terastallize|p1a: Emerald|Normal\n|move|p2a: Zacian|Ice Fang|p1a: Emerald\n|-damage|p1a: Emerald|57\/100\n|-status|p1a: Emerald|frz\n|cant|p1a: Emerald|frz\n|\n|upkeep\n|turn|3\n|\n|t:|1699342662\n|move|p2a: Zacian|Swords Dance|p2a: Zacian\n|-boost|p2a: Zacian|atk|2\n|cant|p1a: Emerald|frz\n|\n|upkeep\n|turn|4\n|\n|t:|1699342666\n|move|p2a: Zacian|Behemoth Blade|p1a: Emerald\n|-damage|p1a: Emerald|0 fnt\n|faint|p1a: Emerald\n|\n|upkeep\n|\n|t:|1699342667\n|switch|p1a: Drumstick|Hatterene, F|100\/100\n|turn|5\n|\n|t:|1699342671\n|move|p2a: Zacian|Behemoth Blade|p1a: Drumstick\n|-supereffective|p1a: Drumstick\n|-enditem|p1a: Drumstick|Focus Sash\n|-damage|p1a: Drumstick|1\/100\n|move|p1a: Drumstick|Trick Room|p1a: Drumstick\n|-fieldstart|move: Trick Room|[of] p1a: Drumstick\n|\n|upkeep\n|turn|6\n|\n|t:|1699342679\n|move|p1a: Drumstick|Healing Wish|p1a: Drumstick\n|faint|p1a: Drumstick\n|move|p2a: Zacian|Play Rough|p1: Drumstick|[notarget]\n|-fail|p2a: Zacian\n|\n|upkeep\n|\n|t:|1699342680\n|switch|p1a: Femme Metale|Melmetal, shiny|100\/100\n|turn|7\n|\n|t:|1699342684\n|move|p1a: Femme Metale|Double Iron Bash|p2a: Zacian\n|-damage|p2a: Zacian|36\/100\n|-damage|p2a: Zacian|0 fnt\n|faint|p2a: Zacian\n|-hitcount|p2: Zacian|2\n|\n|upkeep\n|\n|t:|1699342689\n|switch|p2a: Spiritomb|Spiritomb, F, shiny|100\/100\n|turn|8\n|\n|t:|1699342696\n|move|p1a: Femme Metale|Double Iron Bash|p2a: Spiritomb\n|-damage|p2a: Spiritomb|36\/100\n|-damage|p2a: Spiritomb|0 fnt\n|faint|p2a: Spiritomb\n|-hitcount|p2: Spiritomb|2\n|\n|upkeep\n|\n|t:|1699342704\n|switch|p2a: Arceus|Arceus|100\/100\n|turn|9\n|\n|t:|1699342706\n|move|p2a: Arceus|Extreme Speed|p1a: Femme Metale\n|-resisted|p1a: Femme Metale\n|-damage|p1a: Femme Metale|90\/100\n|move|p1a: Femme Metale|Double Iron Bash|p2a: Arceus\n|-damage|p2a: Arceus|60\/100\n|-damage|p2a: Arceus|18\/100\n|-hitcount|p2a: Arceus|2\n|\n|-fieldend|move: Trick Room\n|upkeep\n|turn|10\n|\n|t:|1699342712\n|move|p2a: Arceus|Will-O-Wisp|p1a: Femme Metale\n|-status|p1a: Femme Metale|brn\n|move|p1a: Femme Metale|Double Iron Bash|p2a: Arceus\n|-damage|p2a: Arceus|0 fnt\n|faint|p2a: Arceus\n|-hitcount|p2: Arceus|1\n|\n|-damage|p1a: Femme Metale|84\/100 brn|[from] brn\n|upkeep\n|\n|t:|1699342715\n|switch|p2a: Necrozma|Necrozma-Dawn-Wings, shiny|100\/100\n|turn|11\n|\n|t:|1699342721\n|switch|p1a: The Biggest One|Arceus|100\/100\n|-zpower|p2a: Necrozma\n|move|p2a: Necrozma|Menacing Moonraze Maelstrom|p1a: The Biggest One|[zeffect]\n|-immune|p1a: The Biggest One\n|\n|upkeep\n|turn|12\n|\n|t:|1699342733\n|move|p2a: Necrozma|Photon Geyser|p1a: The Biggest One\n|-damage|p1a: The Biggest One|57\/100\n|move|p1a: The Biggest One|Trick Room|p1a: The Biggest One\n|-fieldstart|move: Trick Room|[of] p1a: The Biggest One\n|\n|upkeep\n|turn|13\n|\n|t:|1699342748\n|move|p2a: Necrozma|Photon Geyser|p1a: The Biggest One\n|-damage|p1a: The Biggest One|11\/100\n|move|p1a: The Biggest One|Healing Wish|p1a: The Biggest One\n|faint|p1a: The Biggest One\n|\n|upkeep\n|\n|t:|1699342751\n|switch|p1a: Femme Metale|Melmetal, shiny|84\/100 brn\n|-heal|p1a: Femme Metale|100\/100|[from] move: Healing Wish\n|turn|14\n|\n|t:|1699342753\n|move|p1a: Femme Metale|Double Iron Bash|p2a: Necrozma\n|-damage|p2a: Necrozma|52\/100\n|-damage|p2a: Necrozma|2\/100\n|-hitcount|p2a: Necrozma|2\n|cant|p2a: Necrozma|flinch\n|\n|upkeep\n|turn|15\n|\n|t:|1699342760\n|move|p1a: Femme Metale|Double Iron Bash|p2a: Necrozma\n|-damage|p2a: Necrozma|0 fnt\n|faint|p2a: Necrozma\n|-hitcount|p2: Necrozma|1\n|\n|upkeep\n|\n|t:|1699342765\n|switch|p2a: Xerneas|Xerneas, shiny|100\/100\n|-ability|p2a: Xerneas|Fairy Aura\n|turn|16\n|\n|t:|1699342768\n|-terastallize|p2a: Xerneas|Steel\n|move|p1a: Femme Metale|Double Iron Bash|p2a: Xerneas\n|-resisted|p2a: Xerneas\n|-damage|p2a: Xerneas|72\/100\n|-resisted|p2a: Xerneas\n|-damage|p2a: Xerneas|40\/100\n|-hitcount|p2a: Xerneas|2\n|cant|p2a: Xerneas|flinch\n|\n|-fieldend|move: Trick Room\n|upkeep\n|turn|17\n|c|\u2606fair room|L\n|c|\u2606krossedlol|uck\n|c|\u2606fair room|:3\n|c|\u2606krossedlol|damn idiot\n|c|\u2606fair room|:3\n|\n|t:|1699342792\n|move|p2a: Xerneas|Geomancy||[still]\n|-prepare|p2a: Xerneas|Geomancy\n|-enditem|p2a: Xerneas|Power Herb\n|-anim|p2a: Xerneas|Geomancy|p2a: Xerneas\n|-boost|p2a: Xerneas|spa|2\n|-boost|p2a: Xerneas|spd|2\n|-boost|p2a: Xerneas|spe|2\n|move|p1a: Femme Metale|Double Iron Bash|p2a: Xerneas\n|-resisted|p2a: Xerneas\n|-damage|p2a: Xerneas|10\/100\n|-resisted|p2a: Xerneas\n|-damage|p2a: Xerneas|0 fnt\n|faint|p2a: Xerneas\n|-hitcount|p2: Xerneas|2\n|\n|win|fair room\n|raw|fair room's rating: 1220 &rarr; <strong>1253<\/strong><br \/>(+33 for winning)\n|raw|krossedlol's rating: 1335 &rarr; <strong>1309<\/strong><br \/>(-26 for losing)\n|l|\u2606krossedlol\n","uploadtime":1699342802,"views":15,"p1id":"fairroom","p2id":"krossedlol","formatid":"gen9nationaldexubers","rating":1253,"private":0,"password":""}