{"id":"gen9nationaldexubers-1985033404","p1":"CATVN112012","p2":"luilly mora","format":"[Gen 9] National Dex Ubers","log":"|j|\u2606CATVN112012\n|j|\u2606luilly mora\n|t:|1699322886\n|gametype|singles\n|player|p1|CATVN112012|swimmerf-gen4|1057\n|player|p2|luilly mora|2|1140\n|teamsize|p1|6\n|teamsize|p2|6\n|gen|9\n|tier|[Gen 9] National Dex Ubers\n|rated|\n|rule|HP Percentage Mod: HP is shown in percentages\n|rule|Endless Battle Clause: Forcing endless battles is banned\n|rule|OHKO Clause: OHKO moves are banned\n|rule|Evasion Moves Clause: Evasion moves are banned\n|rule|Evasion Items Clause: Evasion items are banned\n|rule|Species Clause: Limit one of each Pok\u00e9mon\n|rule|Sleep Clause Mod: Limit one foe put to sleep\n|rule|Mega Rayquaza Clause: You cannot mega evolve Rayquaza\n|clearpoke\n|poke|p1|Necrozma-Dusk-Mane|\n|poke|p1|Zacian-*|\n|poke|p1|Regieleki|\n|poke|p1|Amoonguss, M|\n|poke|p1|Ferrothorn, F|\n|poke|p1|Kyogre|\n|poke|p2|Greninja-*, F|\n|poke|p2|Sylveon, F|\n|poke|p2|Klefki, M|\n|poke|p2|Hawlucha, M|\n|poke|p2|Hoopa-Unbound|\n|poke|p2|Diggersby, M|\n|teampreview\n|inactive|Battle timer is ON: inactive players will automatically lose when time's up. (requested by luilly mora)\n|\n|t:|1699322919\n|start\n|switch|p1a: Kyogre|Kyogre, shiny|100\/100\n|switch|p2a: Hawlucha|Hawlucha, M|100\/100\n|detailschange|p1a: Kyogre|Kyogre-Primal, shiny\n|-primal|p1a: Kyogre|Blue Orb\n|-weather|PrimordialSea|[from] ability: Primordial Sea|[of] p1a: Kyogre\n|turn|1\n|\n|t:|1699322940\n|move|p2a: Hawlucha|Close Combat|p1a: Kyogre\n|-damage|p1a: Kyogre|57\/100\n|-unboost|p2a: Hawlucha|def|1\n|-unboost|p2a: Hawlucha|spd|1\n|-enditem|p2a: Hawlucha|White Herb\n|-clearnegativeboost|p2a: Hawlucha|[silent]\n|move|p1a: Kyogre|Ice Beam|p2a: Hawlucha\n|-supereffective|p2a: Hawlucha\n|-damage|p2a: Hawlucha|0 fnt\n|faint|p2a: Hawlucha\n|\n|-weather|PrimordialSea|[upkeep]\n|upkeep\n|inactive|luilly mora has 120 seconds left.\n|\n|t:|1699322965\n|switch|p2a: Hoopa|Hoopa-Unbound|100\/100\n|turn|2\n|\n|t:|1699322975\n|-weather|none\n|switch|p1a: Zacian|Zacian-Crowned, shiny|100\/100\n|-ability|p1a: Zacian|Intrepid Sword|boost\n|-boost|p1a: Zacian|atk|1\n|move|p2a: Hoopa|Thunderbolt|p1a: Zacian\n|-damage|p1a: Zacian|64\/100\n|-status|p1a: Zacian|par\n|\n|upkeep\n|turn|3\n|inactive|luilly mora has 120 seconds left.\n|\n|t:|1699322990\n|switch|p2a: Klefki|Klefki, M|100\/100\n|move|p1a: Zacian|Play Rough|p2a: Klefki|[miss]\n|-miss|p1a: Zacian|p2a: Klefki\n|\n|upkeep\n|turn|4\n|\n|t:|1699322998\n|switch|p1a: Ferrothorn|Ferrothorn, F, shiny|100\/100\n|move|p2a: Klefki|Spikes|p1a: Ferrothorn\n|-sidestart|p1: CATVN112012|Spikes\n|\n|upkeep\n|turn|5\n|\n|t:|1699323007\n|move|p2a: Klefki|Thunder Wave|p1a: Ferrothorn\n|-status|p1a: Ferrothorn|par\n|cant|p1a: Ferrothorn|par\n|\n|upkeep\n|turn|6\n|\n|t:|1699323012\n|move|p2a: Klefki|Spikes|p1a: Ferrothorn\n|-sidestart|p1: CATVN112012|Spikes\n|move|p1a: Ferrothorn|Stealth Rock|p2a: Klefki\n|-sidestart|p2: luilly mora|move: Stealth Rock\n|\n|upkeep\n|turn|7\n|\n|t:|1699323018\n|move|p2a: Klefki|Spikes|p1a: Ferrothorn\n|-sidestart|p1: CATVN112012|Spikes\n|move|p1a: Ferrothorn|Spikes|p2a: Klefki\n|-sidestart|p2: luilly mora|Spikes\n|\n|upkeep\n|turn|8\n|\n|t:|1699323027\n|switch|p2a: Sylveon|Sylveon, F|100\/100\n|-damage|p2a: Sylveon|88\/100|[from] Stealth Rock\n|-damage|p2a: Sylveon|76\/100|[from] Spikes\n|move|p1a: Ferrothorn|Leech Seed|p2a: Sylveon\n|-start|p2a: Sylveon|move: Leech Seed\n|\n|-damage|p2a: Sylveon|63\/100|[from] Leech Seed|[of] p1a: Ferrothorn\n|upkeep\n|turn|9\n|\n|t:|1699323035\n|move|p2a: Sylveon|Mystical Fire|p1a: Ferrothorn\n|-supereffective|p1a: Ferrothorn\n|-damage|p1a: Ferrothorn|41\/100 par\n|-unboost|p1a: Ferrothorn|spa|1\n|move|p1a: Ferrothorn|Spikes|p2a: Sylveon\n|-sidestart|p2: luilly mora|Spikes\n|\n|-damage|p2a: Sylveon|51\/100|[from] Leech Seed|[of] p1a: Ferrothorn\n|-heal|p1a: Ferrothorn|55\/100 par|[silent]\n|upkeep\n|turn|10\n|\n|t:|1699323053\n|switch|p1a: Necrozma|Necrozma-Dusk-Mane|100\/100\n|-damage|p1a: Necrozma|76\/100|[from] Spikes\n|move|p2a: Sylveon|Mystical Fire|p1a: Necrozma\n|-supereffective|p1a: Necrozma\n|-damage|p1a: Necrozma|54\/100\n|-unboost|p1a: Necrozma|spa|1\n|\n|-damage|p2a: Sylveon|38\/100|[from] Leech Seed|[of] p1a: Necrozma\n|-heal|p1a: Necrozma|69\/100|[silent]\n|upkeep\n|turn|11\n|\n|t:|1699323064\n|switch|p2a: Klefki|Klefki, M|100\/100\n|-damage|p2a: Klefki|95\/100|[from] Stealth Rock\n|-damage|p2a: Klefki|78\/100|[from] Spikes\n|move|p1a: Necrozma|Sunsteel Strike|p2a: Klefki\n|-damage|p2a: Klefki|24\/100\n|\n|upkeep\n|turn|12\n|\n|t:|1699323074\n|switch|p1a: Regieleki|Regieleki, shiny|100\/100\n|move|p2a: Klefki|Thunder Wave|p1a: Regieleki\n|-immune|p1a: Regieleki\n|\n|upkeep\n|turn|13\n|\n|t:|1699323080\n|move|p2a: Klefki|Switcheroo|p1a: Regieleki\n|-activate|p2a: Klefki|move: Trick|[of] p1a: Regieleki\n|-item|p1a: Regieleki|Toxic Orb|[from] move: Switcheroo\n|-item|p2a: Klefki|Heavy-Duty Boots|[from] move: Switcheroo\n|move|p1a: Regieleki|Rapid Spin|p2a: Klefki\n|-resisted|p2a: Klefki\n|-damage|p2a: Klefki|19\/100\n|-boost|p1a: Regieleki|spe|1\n|-sideend|p1: CATVN112012|Spikes|[from] move: Rapid Spin|[of] p1a: Regieleki\n|\n|-status|p1a: Regieleki|tox|[from] item: Toxic Orb\n|upkeep\n|turn|14\n|\n|t:|1699323091\n|switch|p1a: Ferrothorn|Ferrothorn, F, shiny|55\/100 par\n|move|p2a: Klefki|Spikes|p1a: Ferrothorn\n|-sidestart|p1: CATVN112012|Spikes\n|\n|upkeep\n|turn|15\n|\n|t:|1699323099\n|move|p2a: Klefki|Spikes|p1a: Ferrothorn\n|-sidestart|p1: CATVN112012|Spikes\n|move|p1a: Ferrothorn|Spikes|p2a: Klefki\n|-sidestart|p2: luilly mora|Spikes\n|\n|upkeep\n|turn|16\n|\n|t:|1699323103\n|move|p2a: Klefki|Spikes|p1a: Ferrothorn\n|-sidestart|p1: CATVN112012|Spikes\n|cant|p1a: Ferrothorn|par\n|\n|upkeep\n|turn|17\n|\n|t:|1699323109\n|move|p2a: Klefki|Play Rough|p1a: Ferrothorn\n|-resisted|p1a: Ferrothorn\n|-damage|p1a: Ferrothorn|46\/100 par\n|-damage|p2a: Klefki|7\/100|[from] ability: Iron Barbs|[of] p1a: Ferrothorn\n|-damage|p2a: Klefki|0 fnt|[from] item: Rocky Helmet|[of] p1a: Ferrothorn\n|faint|p2a: Klefki\n|cant|p1a: Ferrothorn|par\n|\n|upkeep\n|\n|t:|1699323136\n|switch|p2a: Sylveon|Sylveon, F|38\/100\n|-damage|p2a: Sylveon|26\/100|[from] Stealth Rock\n|-damage|p2a: Sylveon|1\/100|[from] Spikes\n|turn|18\n|\n|t:|1699323142\n|move|p2a: Sylveon|Wish|p2a: Sylveon\n|move|p1a: Ferrothorn|Leech Seed|p2a: Sylveon\n|-start|p2a: Sylveon|move: Leech Seed\n|\n|-damage|p2a: Sylveon|0 fnt|[from] Leech Seed|[of] p1a: Ferrothorn\n|-heal|p1a: Ferrothorn|47\/100 par|[silent]\n|faint|p2a: Sylveon\n|upkeep\n|inactive|luilly mora has 120 seconds left.\n|\n|t:|1699323179\n|switch|p2a: Greninja|Greninja, F|100\/100\n|-damage|p2a: Greninja|88\/100|[from] Stealth Rock\n|-damage|p2a: Greninja|63\/100|[from] Spikes\n|turn|19\n|\n|t:|1699323193\n|switch|p1a: Amoonguss|Amoonguss, M, shiny|100\/100\n|move|p2a: Greninja|Dark Pulse|p1a: Amoonguss\n|-start|p2a: Greninja|typechange|Dark|[from] ability: Protean\n|-damage|p1a: Amoonguss|59\/100\n|-damage|p2a: Greninja|53\/100|[from] item: Life Orb\n|\n|-heal|p2a: Greninja|100\/100|[from] move: Wish|[wisher] Sylveon\n|upkeep\n|turn|20\n|inactive|luilly mora has 120 seconds left.\n|\n|t:|1699323206\n|move|p2a: Greninja|Dark Pulse|p1a: Amoonguss\n|-damage|p1a: Amoonguss|20\/100\n|-damage|p2a: Greninja|91\/100|[from] item: Life Orb\n|move|p1a: Amoonguss|Giga Drain|p2a: Greninja\n|-damage|p2a: Greninja|52\/100\n|-heal|p1a: Amoonguss|32\/100|[from] drain|[of] p2a: Greninja\n|\n|upkeep\n|turn|21\n|inactive|luilly mora has 120 seconds left.\n|\n|t:|1699323218\n|switch|p1a: Zacian|Zacian-Crowned, shiny|64\/100 par\n|-damage|p1a: Zacian|40\/100 par|[from] Spikes\n|move|p2a: Greninja|Dark Pulse|p1a: Zacian\n|-resisted|p1a: Zacian\n|-damage|p1a: Zacian|19\/100 par\n|-damage|p2a: Greninja|43\/100|[from] item: Life Orb\n|\n|upkeep\n|turn|22\n|\n|t:|1699323227\n|move|p2a: Greninja|Scald|p1a: Zacian\n|-damage|p1a: Zacian|0 fnt\n|faint|p1a: Zacian\n|-damage|p2a: Greninja|33\/100|[from] item: Life Orb\n|\n|upkeep\n|\n|t:|1699323236\n|switch|p1a: Regieleki|Regieleki, shiny|100\/100 tox\n|-damage|p1a: Regieleki|76\/100 tox|[from] Spikes\n|turn|23\n|\n|t:|1699323247\n|move|p1a: Regieleki|Rapid Spin|p2a: Greninja\n|-damage|p2a: Greninja|11\/100\n|-boost|p1a: Regieleki|spe|1\n|-sideend|p1: CATVN112012|Spikes|[from] move: Rapid Spin|[of] p1a: Regieleki\n|move|p2a: Greninja|Dark Pulse|p1a: Regieleki\n|-damage|p1a: Regieleki|0 fnt\n|faint|p1a: Regieleki\n|-damage|p2a: Greninja|1\/100|[from] item: Life Orb\n|\n|upkeep\n|\n|t:|1699323261\n|switch|p1a: Ferrothorn|Ferrothorn, F, shiny|47\/100 par\n|turn|24\n|\n|t:|1699323265\n|move|p2a: Greninja|Dark Pulse|p1a: Ferrothorn\n|-damage|p1a: Ferrothorn|8\/100 par\n|-damage|p2a: Greninja|0 fnt|[from] item: Life Orb\n|faint|p2a: Greninja\n|move|p1a: Ferrothorn|Leech Seed|p2: Greninja|[notarget]\n|-fail|p1a: Ferrothorn\n|\n|upkeep\n|\n|t:|1699323285\n|switch|p2a: Hoopa|Hoopa-Unbound|100\/100\n|-damage|p2a: Hoopa|88\/100|[from] Stealth Rock\n|-damage|p2a: Hoopa|63\/100|[from] Spikes\n|turn|25\n|\n|t:|1699323305\n|switch|p1a: Kyogre|Kyogre-Primal, shiny|57\/100\n|-weather|PrimordialSea|[from] ability: Primordial Sea|[of] p1a: Kyogre\n|move|p2a: Hoopa|Hyperspace Fury|p1a: Kyogre\n|-damage|p1a: Kyogre|20\/100\n|-unboost|p2a: Hoopa|def|1\n|\n|-weather|PrimordialSea|[upkeep]\n|upkeep\n|turn|26\n|\n|t:|1699323314\n|move|p2a: Hoopa|Thunderbolt|p1a: Kyogre\n|-supereffective|p1a: Kyogre\n|-damage|p1a: Kyogre|0 fnt\n|faint|p1a: Kyogre\n|-weather|none\n|\n|upkeep\n|\n|t:|1699323321\n|switch|p1a: Necrozma|Necrozma-Dusk-Mane|69\/100\n|turn|27\n|\n|t:|1699323337\n|move|p2a: Hoopa|Knock Off|p1a: Necrozma\n|-supereffective|p1a: Necrozma\n|-damage|p1a: Necrozma|28\/100\n|move|p1a: Necrozma|Sunsteel Strike|p2a: Hoopa\n|-damage|p2a: Hoopa|0 fnt\n|faint|p2a: Hoopa\n|\n|upkeep\n|\n|t:|1699323343\n|switch|p2a: Diggersby|Diggersby, M|100\/100\n|-damage|p2a: Diggersby|94\/100|[from] Stealth Rock\n|-damage|p2a: Diggersby|69\/100|[from] Spikes\n|turn|28\n|\n|t:|1699323353\n|-terastallize|p2a: Diggersby|Normal\n|move|p2a: Diggersby|Return|p1a: Necrozma\n|-resisted|p1a: Necrozma\n|-damage|p1a: Necrozma|0 fnt\n|faint|p1a: Necrozma\n|\n|upkeep\n|\n|t:|1699323361\n|switch|p1a: Amoonguss|Amoonguss, M, shiny|66\/100\n|turn|29\n|\n|t:|1699323369\n|move|p2a: Diggersby|Return|p1a: Amoonguss\n|-damage|p1a: Amoonguss|0 fnt\n|faint|p1a: Amoonguss\n|\n|upkeep\n|\n|t:|1699323374\n|switch|p1a: Ferrothorn|Ferrothorn, F, shiny|8\/100 par\n|turn|30\n|c|\u2606luilly mora|Y sin legendarios\n|\n|t:|1699323385\n|move|p2a: Diggersby|Return|p1a: Ferrothorn\n|-resisted|p1a: Ferrothorn\n|-damage|p1a: Ferrothorn|0 fnt\n|-damage|p2a: Diggersby|57\/100|[from] ability: Iron Barbs|[of] p1a: Ferrothorn\n|-damage|p2a: Diggersby|41\/100|[from] item: Rocky Helmet|[of] p1a: Ferrothorn\n|faint|p1a: Ferrothorn\n|\n|win|luilly mora\n|raw|CATVN112012's rating: 1057 &rarr; <strong>1043<\/strong><br \/>(-14 for losing)\n|raw|luilly mora's rating: 1140 &rarr; <strong>1159<\/strong><br \/>(+19 for winning)\n|l|\u2606CATVN112012\n","uploadtime":1699323407,"views":7,"p1id":"catvn112012","p2id":"luillymora","formatid":"gen9nationaldexubers","rating":1043,"private":0,"password":""}