{"id":"gen9nationaldexubers-1993452295","p1":"The power of ROCK","p2":"qwerPoiuasd","format":"[Gen 9] National Dex Ubers","log":"|j|\u2606The power of ROCK\n|j|\u2606qwerPoiuasd\n|t:|1700319666\n|gametype|singles\n|player|p1|The power of ROCK|roark|1517\n|player|p2|qwerPoiuasd|red|1403\n|teamsize|p1|6\n|teamsize|p2|6\n|gen|9\n|tier|[Gen 9] National Dex Ubers\n|rated|\n|rule|HP Percentage Mod: HP is shown in percentages\n|rule|Endless Battle Clause: Forcing endless battles is banned\n|rule|OHKO Clause: OHKO moves are banned\n|rule|Evasion Moves Clause: Evasion moves are banned\n|rule|Evasion Items Clause: Evasion items are banned\n|rule|Species Clause: Limit one of each Pok\u00e9mon\n|rule|Sleep Clause Mod: Limit one foe put to sleep\n|rule|Mega Rayquaza Clause: You cannot mega evolve Rayquaza\n|clearpoke\n|poke|p1|Tyranitar, M|\n|poke|p1|Garganacl, F|\n|poke|p1|Aggron, M|\n|poke|p1|Glimmora, F|\n|poke|p1|Probopass, L1, M|\n|poke|p1|Aron, L1, M|\n|poke|p2|Tyranitar, F|\n|poke|p2|Dracovish|\n|poke|p2|Dracozolt|\n|poke|p2|Excadrill, M|\n|poke|p2|Arceus|\n|poke|p2|Hippowdon, M|\n|teampreview\n|\n|t:|1700319691\n|start\n|switch|p1a: Aron|Aron, L1, M|100\/100\n|switch|p2a: Tyranitar|Tyranitar, F|100\/100\n|-weather|Sandstorm|[from] ability: Sand Stream|[of] p2a: Tyranitar\n|turn|1\n|\n|t:|1700319703\n|move|p2a: Tyranitar|Knock Off|p1a: Aron\n|-ability|p1a: Aron|Sturdy\n|-damage|p1a: Aron|9\/100\n|-enditem|p1a: Aron|Shell Bell|[from] move: Knock Off|[of] p2a: Tyranitar\n|move|p1a: Aron|Endeavor|p2a: Tyranitar\n|-damage|p2a: Tyranitar|1\/100\n|\n|-weather|Sandstorm|[upkeep]\n|upkeep\n|turn|2\n|\n|t:|1700319715\n|move|p2a: Tyranitar|Body Press|p1a: Aron\n|-supereffective|p1a: Aron\n|-damage|p1a: Aron|0 fnt\n|faint|p1a: Aron\n|\n|-weather|Sandstorm|[upkeep]\n|upkeep\n|\n|t:|1700319732\n|switch|p1a: Glimmora|Glimmora, F|100\/100\n|turn|3\n|\n|t:|1700319762\n|switch|p2a: Hippowdon|Hippowdon, M|100\/100\n|move|p1a: Glimmora|Earth Power|p2a: Hippowdon\n|-damage|p2a: Hippowdon|62\/100\n|\n|-weather|Sandstorm|[upkeep]\n|-heal|p2a: Hippowdon|68\/100|[from] item: Leftovers\n|upkeep\n|turn|4\n|\n|t:|1700319773\n|switch|p1a: Garganacl|Garganacl, F|100\/100\n|move|p2a: Hippowdon|Heavy Slam|p1a: Garganacl\n|-supereffective|p1a: Garganacl\n|-damage|p1a: Garganacl|83\/100\n|\n|-weather|Sandstorm|[upkeep]\n|-heal|p2a: Hippowdon|74\/100|[from] item: Leftovers\n|upkeep\n|turn|5\n|\n|t:|1700319790\n|-terastallize|p1a: Garganacl|Ghost\n|move|p2a: Hippowdon|Yawn|p1a: Garganacl\n|-immune|p1a: Garganacl|[from] ability: Purifying Salt\n|move|p1a: Garganacl|Salt Cure|p2a: Hippowdon\n|-resisted|p2a: Hippowdon\n|-damage|p2a: Hippowdon|69\/100\n|-start|p2a: Hippowdon|Salt Cure\n|\n|-weather|none\n|-heal|p2a: Hippowdon|76\/100|[from] item: Leftovers\n|-damage|p2a: Hippowdon|63\/100|[from] Salt Cure\n|upkeep\n|turn|6\n|\n|t:|1700319826\n|switch|p2a: Excadrill|Excadrill, M|100\/100\n|move|p1a: Garganacl|Iron Defense|p1a: Garganacl\n|-boost|p1a: Garganacl|def|2\n|\n|upkeep\n|turn|7\n|\n|t:|1700319834\n|move|p2a: Excadrill|Swords Dance|p2a: Excadrill\n|-boost|p2a: Excadrill|atk|2\n|move|p1a: Garganacl|Body Press|p2a: Excadrill\n|-supereffective|p2a: Excadrill\n|-damage|p2a: Excadrill|0 fnt\n|faint|p2a: Excadrill\n|\n|upkeep\n|\n|t:|1700319842\n|switch|p2a: Dracovish|Dracovish|100\/100\n|turn|8\n|\n|t:|1700319860\n|move|p2a: Dracovish|Crunch|p1a: Garganacl\n|-supereffective|p1a: Garganacl\n|-damage|p1a: Garganacl|59\/100\n|move|p1a: Garganacl|Recover|p1a: Garganacl\n|-heal|p1a: Garganacl|100\/100\n|\n|upkeep\n|turn|9\n|l|\u2606qwerPoiuasd\n|player|p2|\n|inactive|Battle timer is ON: inactive players will automatically lose when time's up. (requested by The power of ROCK)\n|inactive|qwerPoiuasd has 30 seconds to reconnect!\n|inactive|qwerPoiuasd has 20 seconds to reconnect!\n|inactive|qwerPoiuasd has 15 seconds to reconnect!\n|inactive|qwerPoiuasd has 10 seconds to reconnect!\n|inactive|qwerPoiuasd has 5 seconds to reconnect!\n|-message|qwerPoiuasd lost due to inactivity.\n|\n|win|The power of ROCK\n|raw|The power of ROCK's rating: 1517 &rarr; <strong>1531<\/strong><br \/>(+14 for winning)\n|raw|qwerPoiuasd's rating: 1403 &rarr; <strong>1389<\/strong><br \/>(-14 for losing)\n|l|\u2606The power of ROCK\n|j|\u2606The power of ROCK\n|player|p1|The power of ROCK|roark\n","uploadtime":1700320550,"views":7,"p1id":"thepowerofrock","p2id":"qwerpoiuasd","formatid":"gen9nationaldexubers","rating":1389,"private":0,"password":""}