{"id":"gen9nationaldexubers-1998019553","p1":"Ginesect","p2":"Tytheguy004","format":"[Gen 9] National Dex Ubers","log":"|j|\u2606Ginesect\n|j|\u2606Tytheguy004\n|t:|1700879757\n|gametype|singles\n|player|p1|Ginesect|cynthia|\n|player|p2|Tytheguy004|scientist-gen4dp|\n|teamsize|p1|6\n|teamsize|p2|6\n|gen|9\n|tier|[Gen 9] National Dex Ubers\n|rule|HP Percentage Mod: HP is shown in percentages\n|rule|Endless Battle Clause: Forcing endless battles is banned\n|rule|OHKO Clause: OHKO moves are banned\n|rule|Evasion Moves Clause: Evasion moves are banned\n|rule|Evasion Items Clause: Evasion items are banned\n|rule|Species Clause: Limit one of each Pok\u00e9mon\n|rule|Sleep Clause Mod: Limit one foe put to sleep\n|rule|Mega Rayquaza Clause: You cannot mega evolve Rayquaza\n|clearpoke\n|poke|p1|Ninetales-Alola, M|\n|poke|p1|Arctozolt|\n|poke|p1|Mamoswine, F|\n|poke|p1|Chien-Pao|\n|poke|p1|Landorus-Therian, M|\n|poke|p1|Articuno|\n|poke|p2|Beedrill, M|\n|poke|p2|Tapu Lele|\n|poke|p2|Sneasler, F|\n|poke|p2|Blaziken, F|\n|poke|p2|Serperior, M|\n|poke|p2|Iron Valiant|\n|teampreview\n|c|\u2606Tytheguy004|Glhf\n|c|\u2606Ginesect|Glhf\n|\n|t:|1700879768\n|start\n|switch|p1a: Mamoswine|Mamoswine, F|100\/100\n|switch|p2a: Serperior|Serperior, M|100\/100\n|turn|1\n|\n|t:|1700879777\n|switch|p1a: Articuno|Articuno|100\/100\n|move|p2a: Serperior|Protect||[still]\n|-fail|p2a: Serperior\n|\n|upkeep\n|turn|2\n|\n|t:|1700879783\n|move|p2a: Serperior|Iron Tail|p1a: Articuno\n|-supereffective|p1a: Articuno\n|-damage|p1a: Articuno|68\/100\n|move|p1a: Articuno|U-turn|p2a: Serperior\n|-supereffective|p2a: Serperior\n|-damage|p2a: Serperior|73\/100\n|\n|t:|1700879793\n|switch|p1a: Landorus|Landorus-Therian, M|100\/100|[from] U-turn\n|-ability|p1a: Landorus|Intimidate|boost\n|-boost|p2a: Serperior|atk|1\n|\n|-heal|p2a: Serperior|79\/100|[from] item: Leftovers\n|upkeep\n|turn|3\n|\n|t:|1700879798\n|move|p1a: Landorus|U-turn|p2a: Serperior\n|-supereffective|p2a: Serperior\n|-damage|p2a: Serperior|24\/100\n|\n|t:|1700879803\n|switch|p1a: Articuno|Articuno|68\/100|[from] U-turn\n|move|p2a: Serperior|Iron Tail|p1a: Articuno\n|-supereffective|p1a: Articuno\n|-damage|p1a: Articuno|21\/100\n|\n|-heal|p2a: Serperior|30\/100|[from] item: Leftovers\n|upkeep\n|turn|4\n|\n|t:|1700879814\n|move|p2a: Serperior|Iron Tail|p1a: Articuno|[miss]\n|-miss|p2a: Serperior|p1a: Articuno\n|move|p1a: Articuno|Roost|p1a: Articuno\n|-heal|p1a: Articuno|71\/100\n|-singleturn|p1a: Articuno|move: Roost\n|\n|-heal|p2a: Serperior|37\/100|[from] item: Leftovers\n|upkeep\n|turn|5\n|\n|t:|1700879829\n|move|p2a: Serperior|Glare|p1a: Articuno\n|-status|p1a: Articuno|par\n|move|p1a: Articuno|Freeze-Dry|p2a: Serperior\n|-supereffective|p2a: Serperior\n|-crit|p2a: Serperior\n|-damage|p2a: Serperior|0 fnt\n|faint|p2a: Serperior\n|\n|upkeep\n|\n|t:|1700879839\n|switch|p2a: Beedrill|Beedrill, M|100\/100\n|turn|6\n|\n|t:|1700879843\n|detailschange|p2a: Beedrill|Beedrill-Mega, M\n|-mega|p2a: Beedrill|Beedrill|Beedrillite\n|move|p2a: Beedrill|Knock Off|p1a: Articuno\n|-damage|p1a: Articuno|38\/100 par\n|-enditem|p1a: Articuno|Heavy-Duty Boots|[from] move: Knock Off|[of] p2a: Beedrill\n|move|p1a: Articuno|U-turn|p2a: Beedrill\n|-resisted|p2a: Beedrill\n|-damage|p2a: Beedrill|82\/100\n|\n|t:|1700879856\n|switch|p1a: Ninetales|Ninetales-Alola, M|100\/100|[from] U-turn\n|-weather|Snow|[from] ability: Snow Warning|[of] p1a: Ninetales\n|\n|-weather|Snow|[upkeep]\n|upkeep\n|turn|7\n|\n|t:|1700879861\n|switch|p1a: Landorus|Landorus-Therian, M|100\/100\n|-ability|p1a: Landorus|Intimidate|boost\n|-unboost|p2a: Beedrill|atk|1\n|move|p2a: Beedrill|Knock Off|p1a: Landorus\n|-damage|p1a: Landorus|73\/100\n|-enditem|p1a: Landorus|Choice Scarf|[from] move: Knock Off|[of] p2a: Beedrill\n|\n|-weather|Snow|[upkeep]\n|upkeep\n|turn|8\n|\n|t:|1700879864\n|move|p2a: Beedrill|U-turn|p1a: Landorus\n|-resisted|p1a: Landorus\n|-damage|p1a: Landorus|52\/100\n|\n|t:|1700879869\n|switch|p2a: Tapu Lele|Tapu Lele|100\/100|[from] U-turn\n|move|p1a: Landorus|Stone Edge|p2a: Tapu Lele\n|-damage|p2a: Tapu Lele|34\/100\n|\n|-weather|Snow|[upkeep]\n|upkeep\n|turn|9\n|\n|t:|1700879881\n|move|p2a: Tapu Lele|Moonblast|p1a: Landorus\n|-damage|p1a: Landorus|0 fnt\n|faint|p1a: Landorus\n|\n|-weather|Snow|[upkeep]\n|upkeep\n|\n|t:|1700879889\n|switch|p1a: Arctozolt|Arctozolt|100\/100\n|turn|10\n|\n|t:|1700879893\n|move|p2a: Tapu Lele|Moonblast|p1a: Arctozolt\n|-damage|p1a: Arctozolt|34\/100\n|-unboost|p1a: Arctozolt|spa|1\n|move|p1a: Arctozolt|Bolt Beak|p2a: Tapu Lele\n|-damage|p2a: Tapu Lele|0 fnt\n|faint|p2a: Tapu Lele\n|-damage|p1a: Arctozolt|24\/100|[from] item: Life Orb\n|\n|-weather|Snow|[upkeep]\n|upkeep\n|\n|t:|1700879903\n|switch|p2a: Beedrill|Beedrill-Mega, M|82\/100\n|turn|11\n|\n|t:|1700879905\n|move|p1a: Arctozolt|Bolt Beak|p2a: Beedrill\n|-damage|p2a: Beedrill|0 fnt\n|faint|p2a: Beedrill\n|-damage|p1a: Arctozolt|14\/100|[from] item: Life Orb\n|\n|-weather|Snow|[upkeep]\n|upkeep\n|\n|t:|1700879913\n|switch|p2a: Iron Valiant|Iron Valiant|100\/100\n|-enditem|p2a: Iron Valiant|Booster Energy\n|-activate|p2a: Iron Valiant|ability: Quark Drive|[fromitem]\n|-start|p2a: Iron Valiant|quarkdrivespe\n|turn|12\n|\n|t:|1700879921\n|switch|p1a: Articuno|Articuno|38\/100 par\n|move|p2a: Iron Valiant|Shadow Sneak|p1a: Articuno|[miss]\n|-miss|p2a: Iron Valiant|p1a: Articuno\n|\n|-weather|Snow|[upkeep]\n|upkeep\n|turn|13\n|\n|t:|1700879929\n|move|p2a: Iron Valiant|Moonblast|p1a: Articuno\n|-damage|p1a: Articuno|11\/100 par\n|move|p1a: Articuno|Roost|p1a: Articuno\n|-heal|p1a: Articuno|61\/100 par\n|-singleturn|p1a: Articuno|move: Roost\n|\n|-weather|none\n|upkeep\n|turn|14\n|\n|t:|1700879934\n|-end|p2a: Iron Valiant|Quark Drive|[silent]\n|switch|p2a: Sneasler|Sneasler, F|100\/100\n|move|p1a: Articuno|Freeze-Dry|p2a: Sneasler\n|-damage|p2a: Sneasler|70\/100\n|\n|upkeep\n|turn|15\n|\n|t:|1700879937\n|move|p2a: Sneasler|Fire Punch|p1a: Articuno\n|-supereffective|p1a: Articuno\n|-damage|p1a: Articuno|13\/100 par\n|move|p1a: Articuno|U-turn|p2a: Sneasler\n|-resisted|p2a: Sneasler\n|-damage|p2a: Sneasler|65\/100\n|\n|t:|1700879945\n|switch|p1a: Chien-Pao|Chien-Pao|100\/100|[from] U-turn\n|-ability|p1a: Chien-Pao|Sword of Ruin\n|\n|upkeep\n|turn|16\n|\n|t:|1700879950\n|move|p1a: Chien-Pao|Ice Spinner|p2a: Sneasler\n|-damage|p2a: Sneasler|0 fnt\n|faint|p2a: Sneasler\n|\n|upkeep\n|\n|t:|1700879953\n|switch|p2a: Blaziken|Blaziken, F|100\/100\n|turn|17\n|\n|t:|1700879957\n|switch|p1a: Articuno|Articuno|13\/100 par\n|move|p2a: Blaziken|Swords Dance|p2a: Blaziken\n|-boost|p2a: Blaziken|atk|2\n|\n|-ability|p2a: Blaziken|Speed Boost|boost\n|-boost|p2a: Blaziken|spe|1\n|upkeep\n|turn|18\n|\n|t:|1700879961\n|move|p2a: Blaziken|Fire Punch|p1a: Articuno\n|-supereffective|p1a: Articuno\n|-damage|p1a: Articuno|0 fnt\n|faint|p1a: Articuno\n|\n|-ability|p2a: Blaziken|Speed Boost|boost\n|-boost|p2a: Blaziken|spe|1\n|upkeep\n|\n|t:|1700879968\n|switch|p1a: Ninetales|Ninetales-Alola, M|100\/100\n|-weather|Snow|[from] ability: Snow Warning|[of] p1a: Ninetales\n|turn|19\n|\n|t:|1700879971\n|-terastallize|p1a: Ninetales|Water\n|move|p2a: Blaziken|Fire Punch|p1a: Ninetales\n|-resisted|p1a: Ninetales\n|-damage|p1a: Ninetales|39\/100\n|move|p1a: Ninetales|Aurora Veil|p1a: Ninetales\n|-sidestart|p1: Ginesect|move: Aurora Veil\n|\n|-weather|Snow|[upkeep]\n|-ability|p2a: Blaziken|Speed Boost|boost\n|-boost|p2a: Blaziken|spe|1\n|upkeep\n|turn|20\n|\n|t:|1700879977\n|move|p2a: Blaziken|Earthquake|p1a: Ninetales\n|-damage|p1a: Ninetales|0 fnt\n|faint|p1a: Ninetales\n|\n|-weather|Snow|[upkeep]\n|-ability|p2a: Blaziken|Speed Boost|boost\n|-boost|p2a: Blaziken|spe|1\n|upkeep\n|\n|t:|1700879984\n|switch|p1a: Mamoswine|Mamoswine, F|100\/100\n|turn|21\n|\n|t:|1700879987\n|move|p2a: Blaziken|Close Combat|p1a: Mamoswine\n|-supereffective|p1a: Mamoswine\n|-damage|p1a: Mamoswine|10\/100\n|-unboost|p2a: Blaziken|def|1\n|-unboost|p2a: Blaziken|spd|1\n|move|p1a: Mamoswine|Earthquake|p2a: Blaziken\n|-supereffective|p2a: Blaziken\n|-enditem|p2a: Blaziken|Shuca Berry|[eat]\n|-enditem|p2a: Blaziken|Shuca Berry|[weaken]\n|-damage|p2a: Blaziken|0 fnt\n|faint|p2a: Blaziken\n|\n|-weather|Snow|[upkeep]\n|upkeep\n|\n|t:|1700879990\n|switch|p2a: Iron Valiant|Iron Valiant|100\/100\n|turn|22\n|\n|t:|1700879993\n|move|p2a: Iron Valiant|Shadow Sneak|p1a: Mamoswine\n|-damage|p1a: Mamoswine|7\/100\n|move|p1a: Mamoswine|Earthquake|p2a: Iron Valiant\n|-damage|p2a: Iron Valiant|29\/100\n|\n|-weather|Snow|[upkeep]\n|upkeep\n|turn|23\n|\n|t:|1700879995\n|move|p2a: Iron Valiant|Shadow Sneak|p1a: Mamoswine\n|-damage|p1a: Mamoswine|2\/100\n|move|p1a: Mamoswine|Ice Shard|p2a: Iron Valiant\n|-damage|p2a: Iron Valiant|0 fnt\n|faint|p2a: Iron Valiant\n|-end|p2a: Iron Valiant|Quark Drive|[silent]\n|\n|win|Ginesect\n|c|\u2606Ginesect|gg\n","uploadtime":1700880004,"views":2,"p1id":"ginesect","p2id":"tytheguy004","formatid":"gen9nationaldexubers","rating":0,"private":0,"password":""}