{"id":"gen9nationaldexubers-1988079173","p1":"Big round man","p2":"DanTheNinja56","format":"[Gen 9] National Dex Ubers","log":"|j|\u2606Big round man\n|j|\u2606DanTheNinja56\n|t:|1699666960\n|gametype|singles\n|player|p1|Big round man|crasherwake|1334\n|player|p2|DanTheNinja56|hilbert-wonderlauncher|1403\n|teamsize|p1|6\n|teamsize|p2|6\n|gen|9\n|tier|[Gen 9] National Dex Ubers\n|rated|\n|rule|HP Percentage Mod: HP is shown in percentages\n|rule|Endless Battle Clause: Forcing endless battles is banned\n|rule|OHKO Clause: OHKO moves are banned\n|rule|Evasion Moves Clause: Evasion moves are banned\n|rule|Evasion Items Clause: Evasion items are banned\n|rule|Species Clause: Limit one of each Pok\u00e9mon\n|rule|Sleep Clause Mod: Limit one foe put to sleep\n|rule|Mega Rayquaza Clause: You cannot mega evolve Rayquaza\n|clearpoke\n|poke|p1|Victini|\n|poke|p1|Marshadow|\n|poke|p1|Shaymin|\n|poke|p1|Jirachi|\n|poke|p1|Diancie|\n|poke|p1|Deoxys-Defense|\n|poke|p2|Kyogre|\n|poke|p2|Eternatus|\n|poke|p2|Zacian-*|\n|poke|p2|Marshadow|\n|poke|p2|Kommo-o, F|\n|poke|p2|Xerneas-*|\n|teampreview\n|c|\u2606Big round man|glhf\n|inactive|Battle timer is ON: inactive players will automatically lose when time's up. (requested by DanTheNinja56)\n|\n|t:|1699666973\n|start\n|switch|p1a: Victini|Victini|100\/100\n|switch|p2a: Xerneas|Xerneas|100\/100\n|-ability|p2a: Xerneas|Fairy Aura\n|turn|1\n|\n|t:|1699666978\n|move|p1a: Victini|Trick|p2a: Xerneas\n|-activate|p1a: Victini|move: Trick|[of] p2a: Xerneas\n|-item|p2a: Xerneas|Choice Scarf|[from] move: Trick\n|-item|p1a: Victini|Power Herb|[from] move: Trick\n|move|p2a: Xerneas|Geomancy||[still]\n|-prepare|p2a: Xerneas|Geomancy\n|\n|upkeep\n|turn|2\n|c|\u2606DanTheNinja56|Asshole:\/\n|inactive|Big round man has 120 seconds left.\n|\n|t:|1699667010\n|move|p2a: Xerneas|Geomancy|p2a: Xerneas|[from]lockedmove\n|-boost|p2a: Xerneas|spa|2\n|-boost|p2a: Xerneas|spd|2\n|-boost|p2a: Xerneas|spe|2\n|move|p1a: Victini|V-create|p2a: Xerneas\n|-damage|p2a: Xerneas|36\/100\n|-unboost|p1a: Victini|spe|1\n|-unboost|p1a: Victini|def|1\n|-unboost|p1a: Victini|spd|1\n|\n|upkeep\n|turn|3\n|\n|t:|1699667018\n|switch|p1a: Diancie|Diancie|100\/100\n|move|p2a: Xerneas|Geomancy||[still]\n|-prepare|p2a: Xerneas|Geomancy\n|\n|upkeep\n|turn|4\n|\n|t:|1699667023\n|move|p2a: Xerneas|Geomancy|p2a: Xerneas|[from]lockedmove\n|-boost|p2a: Xerneas|spa|2\n|-boost|p2a: Xerneas|spd|2\n|-boost|p2a: Xerneas|spe|2\n|move|p1a: Diancie|Diamond Storm|p2a: Xerneas|[miss]\n|-miss|p1a: Diancie|p2a: Xerneas\n|\n|upkeep\n|turn|5\n|\n|t:|1699667030\n|switch|p2a: Kyogre|Kyogre, shiny|100\/100\n|detailschange|p2a: Kyogre|Kyogre-Primal, shiny\n|-primal|p2a: Kyogre|Blue Orb\n|-weather|PrimordialSea|[from] ability: Primordial Sea|[of] p2a: Kyogre\n|move|p1a: Diancie|Diamond Storm|p2a: Kyogre\n|-damage|p2a: Kyogre|56\/100\n|-boost|p1a: Diancie|def|2\n|\n|-weather|PrimordialSea|[upkeep]\n|upkeep\n|turn|6\n|c|\u2606Big round man|not my fault it was obvious\n|\n|t:|1699667054\n|-terastallize|p1a: Diancie|Fighting\n|move|p2a: Kyogre|Waterfall|p1a: Diancie\n|-damage|p1a: Diancie|81\/100\n|move|p1a: Diancie|Body Press|p2a: Kyogre\n|-damage|p2a: Kyogre|0 fnt\n|faint|p2a: Kyogre\n|-weather|none\n|\n|upkeep\n|c|\u2606DanTheNinja56|Imagine using trick victini mate ur cringe\n|\n|t:|1699667068\n|switch|p2a: Kommo-o|Kommo-o, F|100\/100\n|turn|7\n|\n|t:|1699667072\n|-zpower|p2a: Kommo-o\n|move|p2a: Kommo-o|Clangorous Soulblaze|p1a: Diancie|[zeffect]\n|-damage|p1a: Diancie|42\/100\n|-boost|p2a: Kommo-o|atk|1\n|-boost|p2a: Kommo-o|def|1\n|-boost|p2a: Kommo-o|spa|1\n|-boost|p2a: Kommo-o|spd|1\n|-boost|p2a: Kommo-o|spe|1\n|move|p1a: Diancie|Moonblast|p2a: Kommo-o\n|-supereffective|p2a: Kommo-o\n|-damage|p2a: Kommo-o|0 fnt\n|faint|p2a: Kommo-o\n|\n|upkeep\n|\n|t:|1699667084\n|switch|p2a: Xerneas|Xerneas|36\/100\n|-ability|p2a: Xerneas|Fairy Aura\n|turn|8\n|c|\u2606Big round man|imagine using zmoves\n|\n|t:|1699667089\n|switch|p1a: Victini|Victini|100\/100\n|move|p2a: Xerneas|Dazzling Gleam|p1a: Victini\n|-resisted|p1a: Victini\n|-damage|p1a: Victini|78\/100\n|\n|upkeep\n|turn|9\n|\n|t:|1699667094\n|switch|p1a: Deoxys|Deoxys-Defense|100\/100\n|-ability|p1a: Deoxys|Pressure\n|move|p2a: Xerneas|Dazzling Gleam|p1a: Deoxys\n|-damage|p1a: Deoxys|66\/100\n|\n|-heal|p1a: Deoxys|72\/100|[from] item: Leftovers\n|upkeep\n|turn|10\n|\n|t:|1699667099\n|move|p2a: Xerneas|Dazzling Gleam|p1a: Deoxys\n|-damage|p1a: Deoxys|36\/100\n|move|p1a: Deoxys|Power-Up Punch|p2a: Xerneas\n|-resisted|p2a: Xerneas\n|-damage|p2a: Xerneas|32\/100\n|-boost|p1a: Deoxys|atk|1\n|\n|-heal|p1a: Deoxys|42\/100|[from] item: Leftovers\n|upkeep\n|turn|11\n|c|\u2606DanTheNinja56|Suck a dick\n|n|\u203dDanTheNinja56|dantheninja56\n|c|&|\/log DanTheNinja56 was locked from talking by Artemis. (\u2606DanTheNinja56: Suck a dick)\n|c|&|\/raw <small>This action was done automatically. Want to learn more about the AI? <a href=\"https:\/\/www.smogon.com\/forums\/threads\/3570628\/#post-9056769\">Visit the information thread<\/a>.<\/small>\n|\n|t:|1699667109\n|move|p2a: Xerneas|Dazzling Gleam|p1a: Deoxys\n|-damage|p1a: Deoxys|7\/100\n|move|p1a: Deoxys|Recover|p1a: Deoxys\n|-heal|p1a: Deoxys|57\/100\n|\n|-heal|p1a: Deoxys|63\/100|[from] item: Leftovers\n|upkeep\n|turn|12\n|\n|t:|1699667112\n|move|p2a: Xerneas|Dazzling Gleam|p1a: Deoxys\n|-damage|p1a: Deoxys|24\/100\n|move|p1a: Deoxys|Recover|p1a: Deoxys\n|-heal|p1a: Deoxys|74\/100\n|\n|-heal|p1a: Deoxys|80\/100|[from] item: Leftovers\n|upkeep\n|turn|13\n|\n|t:|1699667117\n|switch|p2a: Marshadow|Marshadow|100\/100\n|move|p1a: Deoxys|Power-Up Punch|p2a: Marshadow\n|-immune|p2a: Marshadow\n|\n|-heal|p1a: Deoxys|86\/100|[from] item: Leftovers\n|upkeep\n|turn|14\n|\n|t:|1699667125\n|switch|p1a: Diancie|Diancie, tera:Fighting|42\/100\n|move|p2a: Marshadow|Spectral Thief|p1a: Diancie\n|-damage|p1a: Diancie|16\/100\n|\n|upkeep\n|turn|15\n|\n|t:|1699667134\n|move|p2a: Marshadow|Sucker Punch|p1a: Diancie\n|-resisted|p1a: Diancie\n|-damage|p1a: Diancie|8\/100\n|move|p1a: Diancie|Moonblast|p2a: Marshadow\n|-supereffective|p2a: Marshadow\n|-damage|p2a: Marshadow|29\/100\n|-unboost|p2a: Marshadow|spa|1\n|\n|upkeep\n|turn|16\n|\n|t:|1699667138\n|move|p2a: Marshadow|Close Combat|p1a: Diancie\n|-damage|p1a: Diancie|0 fnt\n|-unboost|p2a: Marshadow|def|1\n|-unboost|p2a: Marshadow|spd|1\n|faint|p1a: Diancie\n|\n|upkeep\n|\n|t:|1699667148\n|switch|p1a: Marshadow|Marshadow|100\/100\n|turn|17\n|\n|t:|1699667150\n|move|p2a: Marshadow|Sucker Punch|p1a: Marshadow\n|-damage|p1a: Marshadow|72\/100\n|move|p1a: Marshadow|Shadow Sneak|p2a: Marshadow\n|-supereffective|p2a: Marshadow\n|-damage|p2a: Marshadow|0 fnt\n|faint|p2a: Marshadow\n|\n|upkeep\n|\n|t:|1699667154\n|switch|p2a: Xerneas|Xerneas|32\/100\n|-ability|p2a: Xerneas|Fairy Aura\n|turn|18\n|\n|t:|1699667161\n|switch|p1a: Jirachi|Jirachi|100\/100\n|move|p2a: Xerneas|Dazzling Gleam|p1a: Jirachi\n|-resisted|p1a: Jirachi\n|-damage|p1a: Jirachi|73\/100\n|\n|upkeep\n|turn|19\n|\n|t:|1699667164\n|switch|p2a: Eternatus|Eternatus|100\/100\n|-ability|p2a: Eternatus|Pressure\n|move|p1a: Jirachi|Thunder Wave|p2a: Eternatus\n|-status|p2a: Eternatus|par\n|\n|upkeep\n|turn|20\n|\n|t:|1699667169\n|move|p1a: Jirachi|Zen Headbutt|p2a: Eternatus\n|-supereffective|p2a: Eternatus\n|-damage|p2a: Eternatus|32\/100 par\n|cant|p2a: Eternatus|flinch\n|\n|upkeep\n|turn|21\n|-message|DanTheNinja56 forfeited.\n|\n|win|Big round man\n|raw|Big round man's rating: 1334 &rarr; <strong>1358<\/strong><br \/>(+24 for winning)\n|raw|DanTheNinja56's rating: 1403 &rarr; <strong>1379<\/strong><br \/>(-24 for losing)\n|l|\u203dDanTheNinja56\n","uploadtime":1699667103,"views":5,"p1id":"bigroundman","p2id":"dantheninja56","formatid":"gen9nationaldexubers","rating":1358,"private":0,"password":""}