{"id":"gen9nationaldexubers-1999294018","p1":"m444rf","p2":"MiniBearGrahams","format":"[Gen 9] National Dex Ubers","log":"|j|\u2606m444rf\n|j|\u2606MiniBearGrahams\n|t:|1701056206\n|gametype|singles\n|player|p1|m444rf|1|\n|player|p2|MiniBearGrahams|pokefanf-gen4|\n|teamsize|p1|6\n|teamsize|p2|6\n|gen|9\n|tier|[Gen 9] National Dex Ubers\n|rule|HP Percentage Mod: HP is shown in percentages\n|rule|Endless Battle Clause: Forcing endless battles is banned\n|rule|OHKO Clause: OHKO moves are banned\n|rule|Evasion Moves Clause: Evasion moves are banned\n|rule|Evasion Items Clause: Evasion items are banned\n|rule|Species Clause: Limit one of each Pok\u00e9mon\n|rule|Sleep Clause Mod: Limit one foe put to sleep\n|rule|Mega Rayquaza Clause: You cannot mega evolve Rayquaza\n|clearpoke\n|poke|p1|Dragapult, M|\n|poke|p1|Great Tusk|\n|poke|p1|Scolipede, F|\n|poke|p1|Moltres|\n|poke|p1|Bisharp, M|\n|poke|p1|Slowking, M|\n|poke|p2|Muk-Alola, M|\n|poke|p2|Cinderace, F|\n|poke|p2|Medicham, F|\n|poke|p2|Garchomp, F|\n|poke|p2|Inteleon, M|\n|poke|p2|Zapdos|\n|teampreview\n|j| Lunar Sloth\n|j| Smackey_5\n|c|\u2606MiniBearGrahams|when do you wanna start\n|c|\u2606MiniBearGrahams|or ready rn\n|c|\u2606m444rf|im down whenever\n|c|\u2606MiniBearGrahams|kk\n|\n|t:|1701056313\n|start\n|switch|p1a: Dragapult|Dragapult, M|100\/100\n|switch|p2a: Garchomp|Garchomp, F|100\/100\n|turn|1\n|j| Demolution545\n|\n|t:|1701056320\n|switch|p1a: Great Tusk|Great Tusk|100\/100\n|-terastallize|p2a: Garchomp|Fairy\n|move|p2a: Garchomp|Stealth Rock|p1a: Great Tusk\n|-sidestart|p1: m444rf|move: Stealth Rock\n|\n|upkeep\n|turn|2\n|\n|t:|1701056327\n|move|p1a: Great Tusk|Stealth Rock|p2a: Garchomp\n|-sidestart|p2: MiniBearGrahams|move: Stealth Rock\n|move|p2a: Garchomp|Dragon Tail|p1a: Great Tusk\n|-damage|p1a: Great Tusk|86\/100\n|-end|p1a: Great Tusk|Protosynthesis|[silent]\n|drag|p1a: Slowking|Slowking, M|100\/100\n|-damage|p1a: Slowking|88\/100|[from] Stealth Rock\n|\n|-heal|p1a: Slowking|94\/100|[from] item: Leftovers\n|upkeep\n|turn|3\n|\n|t:|1701056339\n|switch|p2a: Muk|Muk-Alola, M|100\/100\n|-damage|p2a: Muk|88\/100|[from] Stealth Rock\n|move|p1a: Slowking|Teleport|p1a: Slowking\n|j| VoIteon\n|\n|t:|1701056342\n|switch|p1a: Great Tusk|Great Tusk|86\/100|[from] Teleport\n|-damage|p1a: Great Tusk|83\/100|[from] Stealth Rock\n|\n|-heal|p1a: Great Tusk|89\/100|[from] item: Leftovers\n|upkeep\n|turn|4\n|\n|t:|1701056382\n|move|p1a: Great Tusk|Knock Off|p2a: Muk\n|-resisted|p2a: Muk\n|-damage|p2a: Muk|76\/100\n|-enditem|p2a: Muk|Assault Vest|[from] move: Knock Off|[of] p1a: Great Tusk\n|move|p2a: Muk|Knock Off|p1a: Great Tusk\n|-resisted|p1a: Great Tusk\n|-damage|p1a: Great Tusk|79\/100\n|-enditem|p1a: Great Tusk|Leftovers|[from] move: Knock Off|[of] p2a: Muk\n|\n|upkeep\n|turn|5\n|j| Gran gran\n|\n|t:|1701056391\n|switch|p2a: Zapdos|Zapdos|100\/100\n|move|p1a: Great Tusk|Knock Off|p2a: Zapdos\n|-damage|p2a: Zapdos|67\/100\n|-enditem|p2a: Zapdos|Heavy-Duty Boots|[from] move: Knock Off|[of] p1a: Great Tusk\n|\n|upkeep\n|turn|6\n|\n|t:|1701056419\n|-end|p1a: Great Tusk|Protosynthesis|[silent]\n|switch|p1a: Slowking|Slowking, M|100\/100\n|-damage|p1a: Slowking|88\/100|[from] Stealth Rock\n|move|p2a: Zapdos|Hurricane|p1a: Slowking|[miss]\n|-miss|p2a: Zapdos|p1a: Slowking\n|\n|-heal|p1a: Slowking|94\/100|[from] item: Leftovers\n|upkeep\n|turn|7\n|\n|t:|1701056431\n|move|p2a: Zapdos|Roost|p2a: Zapdos\n|-heal|p2a: Zapdos|100\/100\n|-singleturn|p2a: Zapdos|move: Roost\n|move|p1a: Slowking|Teleport|p1a: Slowking\n|\n|t:|1701056444\n|switch|p1a: Dragapult|Dragapult, M|100\/100|[from] Teleport\n|-damage|p1a: Dragapult|88\/100|[from] Stealth Rock\n|\n|upkeep\n|turn|8\n|l| Gran gran\n|\n|t:|1701056460\n|move|p1a: Dragapult|Will-O-Wisp|p2a: Zapdos\n|-status|p2a: Zapdos|brn\n|move|p2a: Zapdos|Hurricane|p1a: Dragapult|[miss]\n|-miss|p2a: Zapdos|p1a: Dragapult\n|\n|-damage|p2a: Zapdos|94\/100 brn|[from] brn\n|upkeep\n|turn|9\n|\n|t:|1701056465\n|move|p1a: Dragapult|Dragon Darts|p2a: Zapdos\n|-damage|p2a: Zapdos|71\/100 brn\n|-anim|p1a: Dragapult|Dragon Darts|p2a: Zapdos\n|-damage|p2a: Zapdos|46\/100 brn\n|move|p2a: Zapdos|Hurricane|p1a: Dragapult\n|-damage|p1a: Dragapult|22\/100\n|\n|-damage|p2a: Zapdos|40\/100 brn|[from] brn\n|upkeep\n|turn|10\n|c|\u2606m444rf|i got the dream luck rn\n|c|\u2606MiniBearGrahams|lol\n|j| Gran gran\n|\n|t:|1701056482\n|switch|p2a: Garchomp|Garchomp, F, tera:Fairy|100\/100\n|-damage|p2a: Garchomp|88\/100|[from] Stealth Rock\n|move|p1a: Dragapult|Dragon Darts|p2a: Garchomp\n|-immune|p2a: Garchomp\n|\n|-heal|p2a: Garchomp|94\/100|[from] item: Leftovers\n|upkeep\n|turn|11\n|\n|t:|1701056490\n|switch|p1a: Great Tusk|Great Tusk|79\/100\n|-damage|p1a: Great Tusk|76\/100|[from] Stealth Rock\n|move|p2a: Garchomp|Dragon Tail|p1a: Great Tusk\n|-damage|p1a: Great Tusk|60\/100\n|-end|p1a: Great Tusk|Protosynthesis|[silent]\n|drag|p1a: Bisharp|Bisharp, M|100\/100\n|-damage|p1a: Bisharp|95\/100|[from] Stealth Rock\n|\n|-heal|p2a: Garchomp|100\/100|[from] item: Leftovers\n|upkeep\n|turn|12\n|l| Gran gran\n|\n|t:|1701056525\n|switch|p1a: Moltres|Moltres|100\/100\n|move|p2a: Garchomp|Dragon Tail|p1a: Moltres\n|-damage|p1a: Moltres|84\/100\n|drag|p1a: Great Tusk|Great Tusk|60\/100\n|-damage|p1a: Great Tusk|57\/100|[from] Stealth Rock\n|\n|upkeep\n|turn|13\n|\n|t:|1701056542\n|move|p1a: Great Tusk|Knock Off|p2a: Garchomp\n|-resisted|p2a: Garchomp\n|-crit|p2a: Garchomp\n|-damage|p2a: Garchomp|79\/100\n|-damage|p1a: Great Tusk|44\/100|[from] ability: Rough Skin|[of] p2a: Garchomp\n|-enditem|p2a: Garchomp|Leftovers|[from] move: Knock Off|[of] p1a: Great Tusk\n|move|p2a: Garchomp|Dragon Tail|p1a: Great Tusk\n|-damage|p1a: Great Tusk|30\/100\n|-end|p1a: Great Tusk|Protosynthesis|[silent]\n|drag|p1a: Moltres|Moltres|84\/100\n|\n|upkeep\n|turn|14\n|\n|t:|1701056554\n|move|p2a: Garchomp|Spikes|p1a: Moltres\n|-sidestart|p1: m444rf|Spikes\n|move|p1a: Moltres|Will-O-Wisp|p2a: Garchomp\n|-status|p2a: Garchomp|brn\n|\n|-damage|p2a: Garchomp|73\/100 brn|[from] brn\n|upkeep\n|turn|15\n|\n|t:|1701056560\n|move|p1a: Moltres|Flamethrower|p2a: Garchomp\n|-damage|p2a: Garchomp|37\/100 brn\n|move|p2a: Garchomp|Dragon Tail|p1a: Moltres\n|-damage|p1a: Moltres|74\/100\n|drag|p1a: Dragapult|Dragapult, M|22\/100\n|-damage|p1a: Dragapult|9\/100|[from] Stealth Rock\n|-damage|p1a: Dragapult|0 fnt|[from] Spikes\n|faint|p1a: Dragapult\n|\n|-damage|p2a: Garchomp|31\/100 brn|[from] brn\n|upkeep\n|j| Gran gran\n|\n|t:|1701056597\n|switch|p1a: Great Tusk|Great Tusk|30\/100\n|-damage|p1a: Great Tusk|27\/100|[from] Stealth Rock\n|-damage|p1a: Great Tusk|14\/100|[from] Spikes\n|turn|16\n|\n|t:|1701056601\n|move|p2a: Garchomp|Earthquake|p1a: Great Tusk\n|-damage|p1a: Great Tusk|0 fnt\n|faint|p1a: Great Tusk\n|-end|p1a: Great Tusk|Protosynthesis|[silent]\n|\n|-damage|p2a: Garchomp|25\/100 brn|[from] brn\n|upkeep\n|l| Gran gran\n|c| Lunar Sloth|a little surprised that killed tbh\n|\n|t:|1701056621\n|switch|p1a: Moltres|Moltres|74\/100\n|turn|17\n|c|\u2606MiniBearGrahams|it was close\n|\n|t:|1701056631\n|move|p1a: Moltres|Flamethrower|p2a: Garchomp\n|-damage|p2a: Garchomp|0 fnt\n|faint|p2a: Garchomp\n|\n|upkeep\n|\n|t:|1701056652\n|switch|p2a: Zapdos|Zapdos|40\/100 brn\n|-damage|p2a: Zapdos|15\/100 brn|[from] Stealth Rock\n|turn|18\n|\n|t:|1701056665\n|move|p2a: Zapdos|Discharge|p1a: Moltres\n|-supereffective|p1a: Moltres\n|-damage|p1a: Moltres|17\/100\n|move|p1a: Moltres|Flamethrower|p2a: Zapdos\n|-damage|p2a: Zapdos|0 fnt\n|faint|p2a: Zapdos\n|\n|upkeep\n|\n|t:|1701056685\n|switch|p2a: Cinderace|Cinderace, F|100\/100\n|turn|19\n|\n|t:|1701056702\n|move|p2a: Cinderace|Pyro Ball|p1a: Moltres\n|-resisted|p1a: Moltres\n|-crit|p1a: Moltres\n|-damage|p1a: Moltres|0 fnt\n|faint|p1a: Moltres\n|\n|upkeep\n|\n|t:|1701056717\n|switch|p1a: Slowking|Slowking, M|100\/100\n|-damage|p1a: Slowking|88\/100|[from] Stealth Rock\n|-damage|p1a: Slowking|76\/100|[from] Spikes\n|turn|20\n|\n|t:|1701056730\n|move|p2a: Cinderace|U-turn|p1a: Slowking\n|-start|p2a: Cinderace|typechange|Bug|[from] ability: Libero\n|-supereffective|p1a: Slowking\n|-damage|p1a: Slowking|4\/100\n|\n|t:|1701056734\n|switch|p2a: Muk|Muk-Alola, M|76\/100|[from] U-turn\n|-damage|p2a: Muk|64\/100|[from] Stealth Rock\n|move|p1a: Slowking|Thunder Wave|p2a: Muk\n|-status|p2a: Muk|par\n|\n|-heal|p1a: Slowking|10\/100|[from] item: Leftovers\n|upkeep\n|turn|21\n|c| Lunar Sloth|jesus\n|\n|t:|1701056744\n|move|p2a: Muk|Pursuit|p1a: Slowking\n|-supereffective|p1a: Slowking\n|-damage|p1a: Slowking|0 fnt\n|faint|p1a: Slowking\n|\n|upkeep\n|\n|t:|1701056748\n|switch|p1a: Bisharp|Bisharp, M|95\/100\n|-damage|p1a: Bisharp|89\/100|[from] Stealth Rock\n|-damage|p1a: Bisharp|76\/100|[from] Spikes\n|turn|22\n|\n|t:|1701056751\n|move|p1a: Bisharp|Swords Dance|p1a: Bisharp\n|-boost|p1a: Bisharp|atk|2\n|move|p2a: Muk|Drain Punch|p1a: Bisharp\n|-supereffective|p1a: Bisharp\n|-damage|p1a: Bisharp|4\/100\n|-heal|p2a: Muk|93\/100 par|[from] drain|[of] p1a: Bisharp\n|\n|upkeep\n|turn|23\n|\n|t:|1701056764\n|-terastallize|p1a: Bisharp|Dark\n|move|p1a: Bisharp|Iron Head|p2a: Muk\n|-damage|p2a: Muk|34\/100 par\n|move|p2a: Muk|Knock Off|p1a: Bisharp\n|-resisted|p1a: Bisharp\n|-damage|p1a: Bisharp|0 fnt\n|-enditem|p1a: Bisharp|Black Glasses|[from] move: Knock Off|[of] p2a: Muk\n|faint|p1a: Bisharp\n|\n|upkeep\n|\n|t:|1701056774\n|switch|p1a: Scolipede|Scolipede, F|100\/100\n|-damage|p1a: Scolipede|76\/100|[from] Stealth Rock\n|-damage|p1a: Scolipede|63\/100|[from] Spikes\n|turn|24\n|\n|t:|1701056779\n|move|p1a: Scolipede|Earthquake|p2a: Muk\n|-supereffective|p2a: Muk\n|-damage|p2a: Muk|0 fnt\n|faint|p2a: Muk\n|\n|-ability|p1a: Scolipede|Speed Boost|boost\n|-boost|p1a: Scolipede|spe|1\n|upkeep\n|\n|t:|1701056781\n|switch|p2a: Inteleon|Inteleon, M|100\/100\n|-damage|p2a: Inteleon|88\/100|[from] Stealth Rock\n|turn|25\n|\n|t:|1701056789\n|move|p2a: Inteleon|Surf|p1a: Scolipede\n|-damage|p1a: Scolipede|0 fnt\n|faint|p1a: Scolipede\n|\n|win|MiniBearGrahams\n|c|\u2606MiniBearGrahams|gg\n|c|\u2606m444rf|gg\n|l| Demolution545\n","uploadtime":1701056794,"views":6,"p1id":"m444rf","p2id":"minibeargrahams","formatid":"gen9nationaldexubers","rating":0,"private":0,"password":""}