{"id":"gen9nationaldexubers-1993775731","p1":"hyrz95","p2":"85792195wwww","format":"[Gen 9] National Dex Ubers","log":"|j|\u2606hyrz95\n|j|\u260685792195wwww\n|t:|1700355834\n|gametype|singles\n|player|p1|hyrz95|102|1540\n|player|p2|85792195wwww|mira|1707\n|teamsize|p1|6\n|teamsize|p2|6\n|gen|9\n|tier|[Gen 9] National Dex Ubers\n|rated|\n|rule|HP Percentage Mod: HP is shown in percentages\n|rule|Endless Battle Clause: Forcing endless battles is banned\n|rule|OHKO Clause: OHKO moves are banned\n|rule|Evasion Moves Clause: Evasion moves are banned\n|rule|Evasion Items Clause: Evasion items are banned\n|rule|Species Clause: Limit one of each Pok\u00e9mon\n|rule|Sleep Clause Mod: Limit one foe put to sleep\n|rule|Mega Rayquaza Clause: You cannot mega evolve Rayquaza\n|clearpoke\n|poke|p1|Buzzwole|\n|poke|p1|Groudon|\n|poke|p1|Zygarde|\n|poke|p1|Arceus-Water|\n|poke|p1|Xerneas-*|\n|poke|p1|Zacian-*|\n|poke|p2|Arceus|\n|poke|p2|Marshadow|\n|poke|p2|Xerneas-*|\n|poke|p2|Mewtwo|\n|poke|p2|Krookodile, M|\n|poke|p2|Groudon|\n|teampreview\n|\n|t:|1700355845\n|start\n|switch|p1a: Groudon|Groudon|100\/100\n|switch|p2a: Mewtwo|Mewtwo|100\/100\n|-ability|p2a: Mewtwo|Pressure\n|detailschange|p1a: Groudon|Groudon-Primal\n|-primal|p1a: Groudon|Red Orb\n|-weather|DesolateLand|[from] ability: Desolate Land|[of] p1a: Groudon\n|turn|1\n|inactive|Battle timer is ON: inactive players will automatically lose when time's up. (requested by hyrz95)\n|\n|t:|1700355858\n|switch|p2a: Krookodile|Krookodile, M|100\/100\n|-ability|p2a: Krookodile|Intimidate|boost\n|-unboost|p1a: Groudon|atk|1\n|move|p1a: Groudon|Stealth Rock|p2a: Krookodile\n|-sidestart|p2: 85792195wwww|move: Stealth Rock\n|\n|-weather|DesolateLand|[upkeep]\n|upkeep\n|turn|2\n|\n|t:|1700355866\n|move|p2a: Krookodile|Stealth Rock|p1a: Groudon\n|-sidestart|p1: hyrz95|move: Stealth Rock\n|move|p1a: Groudon|Heat Crash|p2a: Krookodile\n|-damage|p2a: Krookodile|9\/100\n|\n|-weather|DesolateLand|[upkeep]\n|upkeep\n|turn|3\n|\n|t:|1700355872\n|-weather|none\n|switch|p1a: Buzzwole|Buzzwole|100\/100\n|-damage|p1a: Buzzwole|88\/100|[from] Stealth Rock\n|move|p2a: Krookodile|Bulldoze|p1a: Buzzwole\n|-resisted|p1a: Buzzwole\n|-damage|p1a: Buzzwole|81\/100\n|-unboost|p1a: Buzzwole|spe|1\n|\n|-heal|p1a: Buzzwole|87\/100|[from] item: Leftovers\n|upkeep\n|turn|4\n|\n|t:|1700355885\n|move|p2a: Krookodile|Knock Off|p1a: Buzzwole\n|-resisted|p1a: Buzzwole\n|-damage|p1a: Buzzwole|76\/100\n|-enditem|p1a: Buzzwole|Leftovers|[from] move: Knock Off|[of] p2a: Krookodile\n|move|p1a: Buzzwole|Ice Punch|p2a: Krookodile\n|-supereffective|p2a: Krookodile\n|-damage|p2a: Krookodile|0 fnt\n|faint|p2a: Krookodile\n|-ability|p1a: Buzzwole|Beast Boost|boost\n|-boost|p1a: Buzzwole|def|1\n|\n|upkeep\n|\n|t:|1700355900\n|switch|p2a: Mewtwo|Mewtwo|100\/100\n|-damage|p2a: Mewtwo|88\/100|[from] Stealth Rock\n|-ability|p2a: Mewtwo|Pressure\n|turn|5\n|\n|t:|1700355916\n|switch|p1a: Arceus|Arceus-Water|100\/100\n|-damage|p1a: Arceus|88\/100|[from] Stealth Rock\n|move|p2a: Mewtwo|Nasty Plot|p2a: Mewtwo\n|-boost|p2a: Mewtwo|spa|2\n|\n|upkeep\n|turn|6\n|\n|t:|1700355926\n|detailschange|p2a: Mewtwo|Mewtwo-Mega-Y\n|-mega|p2a: Mewtwo|Mewtwo|Mewtwonite Y\n|move|p2a: Mewtwo|Psystrike|p1a: Arceus\n|-damage|p1a: Arceus|13\/100\n|move|p1a: Arceus|Judgment|p2a: Mewtwo\n|-damage|p2a: Mewtwo|48\/100\n|\n|upkeep\n|turn|7\n|\n|t:|1700355935\n|move|p2a: Mewtwo|Psystrike|p1a: Arceus\n|-damage|p1a: Arceus|0 fnt\n|faint|p1a: Arceus\n|\n|upkeep\n|\n|t:|1700355941\n|switch|p1a: Zacian|Zacian-Crowned|100\/100\n|-damage|p1a: Zacian|94\/100|[from] Stealth Rock\n|-ability|p1a: Zacian|Intrepid Sword|boost\n|-boost|p1a: Zacian|atk|1\n|turn|8\n|\n|t:|1700355949\n|move|p1a: Zacian|Behemoth Blade|p2a: Mewtwo\n|-damage|p2a: Mewtwo|0 fnt\n|faint|p2a: Mewtwo\n|\n|upkeep\n|\n|t:|1700355958\n|switch|p2a: Arceus|Arceus|100\/100\n|-damage|p2a: Arceus|88\/100|[from] Stealth Rock\n|turn|9\n|\n|t:|1700355963\n|move|p1a: Zacian|Close Combat|p2a: Arceus\n|-supereffective|p2a: Arceus\n|-damage|p2a: Arceus|0 fnt\n|-unboost|p1a: Zacian|def|1\n|-unboost|p1a: Zacian|spd|1\n|faint|p2a: Arceus\n|\n|upkeep\n|\n|t:|1700355970\n|switch|p2a: Groudon|Groudon|100\/100\n|-damage|p2a: Groudon|94\/100|[from] Stealth Rock\n|detailschange|p2a: Groudon|Groudon-Primal\n|-primal|p2a: Groudon|Red Orb\n|-weather|DesolateLand|[from] ability: Desolate Land|[of] p2a: Groudon\n|turn|10\n|\n|t:|1700355978\n|move|p1a: Zacian|Close Combat|p2a: Groudon\n|-damage|p2a: Groudon|58\/100\n|-unboost|p1a: Zacian|def|1\n|-unboost|p1a: Zacian|spd|1\n|move|p2a: Groudon|Swords Dance|p2a: Groudon\n|-boost|p2a: Groudon|atk|2\n|\n|-weather|DesolateLand|[upkeep]\n|upkeep\n|turn|11\n|\n|t:|1700355987\n|move|p1a: Zacian|Close Combat|p2a: Groudon\n|-damage|p2a: Groudon|20\/100\n|-unboost|p1a: Zacian|def|1\n|-unboost|p1a: Zacian|spd|1\n|move|p2a: Groudon|Rock Polish|p2a: Groudon\n|-boost|p2a: Groudon|spe|2\n|\n|-weather|DesolateLand|[upkeep]\n|upkeep\n|turn|12\n|\n|t:|1700356001\n|switch|p1a: Buzzwole|Buzzwole|76\/100\n|-damage|p1a: Buzzwole|64\/100|[from] Stealth Rock\n|move|p2a: Groudon|Heat Crash|p1a: Buzzwole\n|-supereffective|p1a: Buzzwole\n|-damage|p1a: Buzzwole|0 fnt\n|faint|p1a: Buzzwole\n|\n|-weather|DesolateLand|[upkeep]\n|upkeep\n|\n|t:|1700356011\n|switch|p1a: Zygarde|Zygarde|100\/100\n|-damage|p1a: Zygarde|94\/100|[from] Stealth Rock\n|-ability|p1a: Zygarde|Aura Break\n|turn|13\n|\n|t:|1700356018\n|-terastallize|p1a: Zygarde|Normal\n|move|p1a: Zygarde|Extreme Speed|p2a: Groudon\n|-damage|p2a: Groudon|0 fnt\n|faint|p2a: Groudon\n|-weather|none\n|\n|-heal|p1a: Zygarde|100\/100|[from] item: Leftovers\n|upkeep\n|\n|t:|1700356033\n|switch|p2a: Marshadow|Marshadow|100\/100\n|-damage|p2a: Marshadow|94\/100|[from] Stealth Rock\n|turn|14\n|\n|t:|1700356038\n|move|p2a: Marshadow|Low Kick|p1a: Zygarde\n|-supereffective|p1a: Zygarde\n|-damage|p1a: Zygarde|0 fnt\n|faint|p1a: Zygarde\n|-damage|p2a: Marshadow|84\/100|[from] item: Life Orb\n|\n|upkeep\n|\n|t:|1700356045\n|switch|p1a: Zacian|Zacian-Crowned|94\/100\n|-damage|p1a: Zacian|88\/100|[from] Stealth Rock\n|turn|15\n|\n|t:|1700356055\n|move|p1a: Zacian|Play Rough|p2a: Marshadow\n|-supereffective|p2a: Marshadow\n|-damage|p2a: Marshadow|0 fnt\n|faint|p2a: Marshadow\n|\n|upkeep\n|\n|t:|1700356061\n|switch|p2a: Xerneas|Xerneas|100\/100\n|-damage|p2a: Xerneas|88\/100|[from] Stealth Rock\n|-ability|p2a: Xerneas|Fairy Aura\n|turn|16\n|\n|t:|1700356068\n|move|p1a: Zacian|Behemoth Blade|p2a: Xerneas\n|-supereffective|p2a: Xerneas\n|-damage|p2a: Xerneas|8\/100\n|move|p2a: Xerneas|Geomancy||[still]\n|-prepare|p2a: Xerneas|Geomancy\n|-enditem|p2a: Xerneas|Power Herb\n|-anim|p2a: Xerneas|Geomancy|p2a: Xerneas\n|-boost|p2a: Xerneas|spa|2\n|-boost|p2a: Xerneas|spd|2\n|-boost|p2a: Xerneas|spe|2\n|\n|upkeep\n|turn|17\n|\n|t:|1700356079\n|-terastallize|p2a: Xerneas|Fairy\n|move|p2a: Xerneas|Moonblast|p1a: Zacian\n|-resisted|p1a: Zacian\n|-damage|p1a: Zacian|0 fnt\n|faint|p1a: Zacian\n|\n|upkeep\n|\n|t:|1700356090\n|switch|p1a: Xerneas|Xerneas|100\/100\n|-damage|p1a: Xerneas|88\/100|[from] Stealth Rock\n|-ability|p1a: Xerneas|Fairy Aura\n|turn|18\n|\n|t:|1700356097\n|move|p1a: Xerneas|Moonblast|p2a: Xerneas\n|-damage|p2a: Xerneas|0 fnt\n|faint|p2a: Xerneas\n|\n|win|hyrz95\n|raw|hyrz95's rating: 1540 &rarr; <strong>1569<\/strong><br \/>(+29 for winning)\n|raw|85792195wwww's rating: 1707 &rarr; <strong>1678<\/strong><br \/>(-29 for losing)\n|l|\u2606hyrz95\n|l|\u260685792195wwww\n","uploadtime":1700356194,"views":7,"p1id":"hyrz95","p2id":"85792195wwww","formatid":"gen9nationaldexubers","rating":1569,"private":0,"password":""}