{"id":"gen9nationaldexubers-1978116441","p1":"wyneria","p2":"JustMonika_CARR","format":"[Gen 9] National Dex Ubers","log":"|j|\u2606wyneria\n|j|\u2606JustMonika_CARR\n|t:|1698501415\n|gametype|singles\n|player|p1|wyneria|pokemonrangerf|1190\n|player|p2|JustMonika_CARR|dawn|1385\n|teamsize|p1|6\n|teamsize|p2|6\n|gen|9\n|tier|[Gen 9] National Dex Ubers\n|rated|\n|rule|HP Percentage Mod: HP is shown in percentages\n|rule|Endless Battle Clause: Forcing endless battles is banned\n|rule|OHKO Clause: OHKO moves are banned\n|rule|Evasion Moves Clause: Evasion moves are banned\n|rule|Evasion Items Clause: Evasion items are banned\n|rule|Species Clause: Limit one of each Pok\u00e9mon\n|rule|Sleep Clause Mod: Limit one foe put to sleep\n|rule|Mega Rayquaza Clause: You cannot mega evolve Rayquaza\n|clearpoke\n|poke|p1|Darmanitan-Galar, M|\n|poke|p1|Volcarona, F|\n|poke|p1|Gliscor, F|\n|poke|p1|Blaziken, F|\n|poke|p1|Kingambit, M|\n|poke|p1|Flutter Mane|\n|poke|p2|Marshadow|\n|poke|p2|Lopunny, F|\n|poke|p2|Dialga|\n|poke|p2|Forretress, F|\n|poke|p2|Pheromosa|\n|poke|p2|Grimmsnarl, M|\n|teampreview\n|\n|t:|1698501435\n|start\n|switch|p1a: Volcarona|Volcarona, F|100\/100\n|switch|p2a: Forretress|Forretress, F, shiny|100\/100\n|turn|1\n|\n|t:|1698501444\n|move|p1a: Volcarona|Quiver Dance|p1a: Volcarona\n|-boost|p1a: Volcarona|spa|1\n|-boost|p1a: Volcarona|spd|1\n|-boost|p1a: Volcarona|spe|1\n|move|p2a: Forretress|Toxic Spikes|p1a: Volcarona\n|-sidestart|p1: wyneria|move: Toxic Spikes\n|\n|upkeep\n|turn|2\n|\n|t:|1698501452\n|-terastallize|p2a: Forretress|Fire\n|move|p1a: Volcarona|Flamethrower|p2a: Forretress\n|-resisted|p2a: Forretress\n|-damage|p2a: Forretress|50\/100\n|-enditem|p2a: Forretress|Red Card|[of] p1a: Volcarona\n|drag|p1a: Darmanitan|Darmanitan-Galar, M|100\/100\n|-status|p1a: Darmanitan|psn\n|move|p2a: Forretress|Stealth Rock|p1a: Darmanitan\n|-sidestart|p1: wyneria|move: Stealth Rock\n|\n|-damage|p1a: Darmanitan|88\/100 psn|[from] psn\n|upkeep\n|turn|3\n|\n|t:|1698501465\n|move|p1a: Darmanitan|Earthquake|p2a: Forretress\n|-supereffective|p2a: Forretress\n|-damage|p2a: Forretress|0 fnt\n|faint|p2a: Forretress\n|\n|-damage|p1a: Darmanitan|76\/100 psn|[from] psn\n|upkeep\n|\n|t:|1698501480\n|switch|p2a: Pheromosa|Pheromosa, shiny|100\/100\n|turn|4\n|\n|t:|1698501489\n|switch|p1a: Blaziken|Blaziken, F|100\/100\n|-status|p1a: Blaziken|psn\n|-damage|p1a: Blaziken|88\/100 psn|[from] Stealth Rock\n|move|p2a: Pheromosa|Rapid Spin|p1a: Blaziken\n|-damage|p1a: Blaziken|66\/100 psn\n|-boost|p2a: Pheromosa|spe|1\n|\n|-damage|p1a: Blaziken|54\/100 psn|[from] psn\n|upkeep\n|turn|5\n|\n|t:|1698501500\n|detailschange|p1a: Blaziken|Blaziken-Mega, F\n|-mega|p1a: Blaziken|Blaziken|Blazikenite\n|move|p1a: Blaziken|Protect|p1a: Blaziken\n|-singleturn|p1a: Blaziken|Protect\n|move|p2a: Pheromosa|Close Combat|p1a: Blaziken\n|-activate|p1a: Blaziken|move: Protect\n|\n|-damage|p1a: Blaziken|42\/100 psn|[from] psn\n|-ability|p1a: Blaziken|Speed Boost|boost\n|-boost|p1a: Blaziken|spe|1\n|upkeep\n|turn|6\n|\n|t:|1698501512\n|move|p2a: Pheromosa|Close Combat|p1a: Blaziken\n|-damage|p1a: Blaziken|0 fnt\n|-unboost|p2a: Pheromosa|def|1\n|-unboost|p2a: Pheromosa|spd|1\n|faint|p1a: Blaziken\n|-ability|p2a: Pheromosa|Beast Boost|boost\n|-boost|p2a: Pheromosa|spa|1\n|\n|upkeep\n|\n|t:|1698501553\n|switch|p1a: Volcarona|Volcarona, F|100\/100\n|-status|p1a: Volcarona|psn\n|-damage|p1a: Volcarona|51\/100 psn|[from] Stealth Rock\n|turn|7\n|\n|t:|1698501564\n|move|p2a: Pheromosa|Ice Beam|p1a: Volcarona\n|-resisted|p1a: Volcarona\n|-damage|p1a: Volcarona|23\/100 psn\n|move|p1a: Volcarona|Flamethrower|p2a: Pheromosa\n|-supereffective|p2a: Pheromosa\n|-enditem|p2a: Pheromosa|Focus Sash\n|-damage|p2a: Pheromosa|1\/100\n|\n|-damage|p1a: Volcarona|10\/100 psn|[from] psn\n|upkeep\n|turn|8\n|\n|t:|1698501575\n|move|p2a: Pheromosa|Rapid Spin|p1a: Volcarona\n|-damage|p1a: Volcarona|0 fnt\n|-boost|p2a: Pheromosa|spe|1\n|faint|p1a: Volcarona\n|-ability|p2a: Pheromosa|Beast Boost|boost\n|-boost|p2a: Pheromosa|spa|1\n|\n|upkeep\n|\n|t:|1698501583\n|switch|p1a: Gliscor|Gliscor, F|100\/100\n|-damage|p1a: Gliscor|88\/100|[from] Stealth Rock\n|turn|9\n|\n|t:|1698501601\n|move|p2a: Pheromosa|Ice Beam|p1a: Gliscor\n|-supereffective|p1a: Gliscor\n|-damage|p1a: Gliscor|0 fnt\n|faint|p1a: Gliscor\n|-ability|p2a: Pheromosa|Beast Boost|boost\n|-boost|p2a: Pheromosa|spa|1\n|\n|upkeep\n|\n|t:|1698501638\n|switch|p1a: Darmanitan|Darmanitan-Galar, M|76\/100 psn\n|-damage|p1a: Darmanitan|51\/100 psn|[from] Stealth Rock\n|turn|10\n|\n|t:|1698501646\n|move|p2a: Pheromosa|Close Combat|p1a: Darmanitan\n|-supereffective|p1a: Darmanitan\n|-damage|p1a: Darmanitan|0 fnt\n|-unboost|p2a: Pheromosa|def|1\n|-unboost|p2a: Pheromosa|spd|1\n|faint|p1a: Darmanitan\n|-ability|p2a: Pheromosa|Beast Boost|boost\n|-boost|p2a: Pheromosa|spa|1\n|\n|upkeep\n|\n|t:|1698501657\n|switch|p1a: Flutter Mane|Flutter Mane|100\/100\n|-status|p1a: Flutter Mane|psn\n|-damage|p1a: Flutter Mane|88\/100 psn|[from] Stealth Rock\n|turn|11\n|\n|t:|1698501666\n|move|p2a: Pheromosa|Ice Beam|p1a: Flutter Mane\n|-damage|p1a: Flutter Mane|0 fnt\n|faint|p1a: Flutter Mane\n|-end|p1a: Flutter Mane|Protosynthesis|[silent]\n|-ability|p2a: Pheromosa|Beast Boost|boost\n|-boost|p2a: Pheromosa|spa|1\n|\n|upkeep\n|\n|t:|1698501674\n|switch|p1a: Kingambit|Kingambit, M, shiny|100\/100\n|-damage|p1a: Kingambit|94\/100|[from] Stealth Rock\n|-activate|p1a: Kingambit|ability: Supreme Overlord\n|-start|p1a: Kingambit|fallen5|[silent]\n|turn|12\n|\n|t:|1698501683\n|move|p2a: Pheromosa|Close Combat|p1a: Kingambit\n|-supereffective|p1a: Kingambit\n|-damage|p1a: Kingambit|0 fnt\n|-unboost|p2a: Pheromosa|def|1\n|-unboost|p2a: Pheromosa|spd|1\n|faint|p1a: Kingambit\n|-end|p1a: Kingambit|fallen5|[silent]\n|\n|win|JustMonika_CARR\n|raw|wyneria's rating: 1190 &rarr; <strong>1178<\/strong><br \/>(-12 for losing)\n|raw|JustMonika_CARR's rating: 1385 &rarr; <strong>1395<\/strong><br \/>(+10 for winning)\n|l|\u2606wyneria\n|c|\u2606JustMonika_CARR|gg?\n","uploadtime":1698501710,"views":5,"p1id":"wyneria","p2id":"justmonikacarr","formatid":"gen9nationaldexubers","rating":1178,"private":0,"password":""}