{"id":"gen9nationaldexubers-1983551892","p1":"s20gg","p2":"Navarr08","format":"[Gen 9] National Dex Ubers","log":"|j|\u2606s20gg\n|j|\u2606Navarr08\n|t:|1699142535\n|gametype|singles\n|player|p1|s20gg|blackbelt-gen4dp|1416\n|player|p2|Navarr08|hilbert|1633\n|teamsize|p1|6\n|teamsize|p2|6\n|gen|9\n|tier|[Gen 9] National Dex Ubers\n|rated|\n|rule|HP Percentage Mod: HP is shown in percentages\n|rule|Endless Battle Clause: Forcing endless battles is banned\n|rule|OHKO Clause: OHKO moves are banned\n|rule|Evasion Moves Clause: Evasion moves are banned\n|rule|Evasion Items Clause: Evasion items are banned\n|rule|Species Clause: Limit one of each Pok\u00e9mon\n|rule|Sleep Clause Mod: Limit one foe put to sleep\n|rule|Mega Rayquaza Clause: You cannot mega evolve Rayquaza\n|clearpoke\n|poke|p1|Groudon|\n|poke|p1|Yveltal|\n|poke|p1|Xerneas-*|\n|poke|p1|Arceus-Ground|\n|poke|p1|Ho-Oh|\n|poke|p1|Kingambit, M|\n|poke|p2|Zacian-*|\n|poke|p2|Marshadow|\n|poke|p2|Groudon|\n|poke|p2|Pheromosa|\n|poke|p2|Mewtwo|\n|poke|p2|Yveltal|\n|teampreview\n|inactive|Battle timer is ON: inactive players will automatically lose when time's up. (requested by Navarr08)\n|\n|t:|1699142544\n|start\n|switch|p1a: Arceus|Arceus-Ground|100\/100\n|switch|p2a: Groudon|Groudon|100\/100\n|detailschange|p2a: Groudon|Groudon-Primal\n|-primal|p2a: Groudon|Red Orb\n|-weather|DesolateLand|[from] ability: Desolate Land|[of] p2a: Groudon\n|turn|1\n|\n|t:|1699142556\n|move|p1a: Arceus|Toxic|p2a: Groudon|[miss]\n|-miss|p1a: Arceus|p2a: Groudon\n|move|p2a: Groudon|Heat Crash|p1a: Arceus\n|-damage|p1a: Arceus|47\/100\n|\n|-weather|DesolateLand|[upkeep]\n|upkeep\n|turn|2\n|\n|t:|1699142564\n|move|p1a: Arceus|Judgment|p2a: Groudon\n|-supereffective|p2a: Groudon\n|-damage|p2a: Groudon|3\/100\n|move|p2a: Groudon|Heat Crash|p1a: Arceus\n|-damage|p1a: Arceus|0 fnt\n|faint|p1a: Arceus\n|\n|-weather|DesolateLand|[upkeep]\n|upkeep\n|\n|t:|1699142576\n|switch|p1a: Yveltal|Yveltal|100\/100\n|-ability|p1a: Yveltal|Dark Aura\n|turn|3\n|\n|t:|1699142581\n|-weather|none\n|switch|p2a: Yveltal|Yveltal|100\/100\n|-ability|p2a: Yveltal|Dark Aura\n|move|p1a: Yveltal|Knock Off|p2a: Yveltal\n|-resisted|p2a: Yveltal\n|-damage|p2a: Yveltal|64\/100\n|-enditem|p2a: Yveltal|Life Orb|[from] move: Knock Off|[of] p1a: Yveltal\n|\n|upkeep\n|turn|4\n|\n|t:|1699142595\n|move|p2a: Yveltal|Oblivion Wing|p1a: Yveltal\n|-damage|p1a: Yveltal|65\/100\n|-heal|p2a: Yveltal|93\/100|[from] drain|[of] p1a: Yveltal\n|move|p1a: Yveltal|Oblivion Wing|p2a: Yveltal\n|-damage|p2a: Yveltal|62\/100\n|-heal|p1a: Yveltal|86\/100|[from] drain|[of] p2a: Yveltal\n|\n|upkeep\n|turn|5\n|\n|t:|1699142607\n|move|p2a: Yveltal|Oblivion Wing|p1a: Yveltal\n|-damage|p1a: Yveltal|48\/100\n|-heal|p2a: Yveltal|93\/100|[from] drain|[of] p1a: Yveltal\n|move|p1a: Yveltal|Oblivion Wing|p2a: Yveltal\n|-damage|p2a: Yveltal|62\/100\n|-heal|p1a: Yveltal|70\/100|[from] drain|[of] p2a: Yveltal\n|\n|upkeep\n|turn|6\n|\n|t:|1699142619\n|move|p2a: Yveltal|Oblivion Wing|p1a: Yveltal\n|-damage|p1a: Yveltal|34\/100\n|-heal|p2a: Yveltal|90\/100|[from] drain|[of] p1a: Yveltal\n|move|p1a: Yveltal|Oblivion Wing|p2a: Yveltal\n|-damage|p2a: Yveltal|60\/100\n|-heal|p1a: Yveltal|56\/100|[from] drain|[of] p2a: Yveltal\n|\n|upkeep\n|turn|7\n|\n|t:|1699142629\n|switch|p1a: Geomancer|Xerneas|100\/100\n|-ability|p1a: Geomancer|Fairy Aura\n|move|p2a: Yveltal|Oblivion Wing|p1a: Geomancer\n|-damage|p1a: Geomancer|79\/100\n|-heal|p2a: Yveltal|78\/100|[from] drain|[of] p1a: Geomancer\n|\n|upkeep\n|turn|8\n|\n|t:|1699142644\n|switch|p2a: Pheromosa|Pheromosa|100\/100\n|move|p1a: Geomancer|Draining Kiss|p2a: Pheromosa\n|-supereffective|p2a: Pheromosa\n|-enditem|p2a: Pheromosa|Focus Sash\n|-damage|p2a: Pheromosa|1\/100\n|-heal|p1a: Geomancer|100\/100|[from] drain|[of] p2a: Pheromosa\n|\n|upkeep\n|turn|9\n|\n|t:|1699142654\n|move|p2a: Pheromosa|U-turn|p1a: Geomancer\n|-resisted|p1a: Geomancer\n|-damage|p1a: Geomancer|84\/100\n|\n|t:|1699142661\n|switch|p2a: Groudon|Groudon-Primal|3\/100|[from] U-turn\n|-weather|DesolateLand|[from] ability: Desolate Land|[of] p2a: Groudon\n|move|p1a: Geomancer|Draining Kiss|p2a: Groudon\n|-resisted|p2a: Groudon\n|-damage|p2a: Groudon|0 fnt\n|-heal|p1a: Geomancer|86\/100|[from] drain|[of] p2a: Groudon\n|faint|p2a: Groudon\n|-weather|none\n|\n|upkeep\n|\n|t:|1699142674\n|switch|p2a: Zacian|Zacian-Crowned|100\/100\n|-ability|p2a: Zacian|Intrepid Sword|boost\n|-boost|p2a: Zacian|atk|1\n|turn|10\n|\n|t:|1699142680\n|switch|p1a: Eruptdon|Groudon, shiny|100\/100\n|detailschange|p1a: Eruptdon|Groudon-Primal, shiny\n|-primal|p1a: Eruptdon|Red Orb\n|-weather|DesolateLand|[from] ability: Desolate Land|[of] p1a: Eruptdon\n|move|p2a: Zacian|Swords Dance|p2a: Zacian\n|-boost|p2a: Zacian|atk|2\n|\n|-weather|DesolateLand|[upkeep]\n|upkeep\n|turn|11\n|\n|t:|1699142691\n|-terastallize|p2a: Zacian|Ground\n|move|p2a: Zacian|Tera Blast|p1a: Eruptdon|[anim] Tera Blast Ground\n|-supereffective|p1a: Eruptdon\n|-damage|p1a: Eruptdon|0 fnt\n|faint|p1a: Eruptdon\n|-weather|none\n|\n|upkeep\n|\n|t:|1699142700\n|switch|p1a: Ho-Oh|Ho-Oh, shiny|100\/100\n|turn|12\n|\n|t:|1699142709\n|switch|p2a: Pheromosa|Pheromosa|1\/100\n|move|p1a: Ho-Oh|Sacred Fire|p2a: Pheromosa\n|-supereffective|p2a: Pheromosa\n|-damage|p2a: Pheromosa|0 fnt\n|faint|p2a: Pheromosa\n|\n|upkeep\n|\n|t:|1699142719\n|switch|p2a: Mewtwo|Mewtwo|100\/100\n|-ability|p2a: Mewtwo|Pressure\n|turn|13\n|\n|t:|1699142725\n|switch|p1a: Yveltal|Yveltal|56\/100\n|-ability|p1a: Yveltal|Dark Aura\n|detailschange|p2a: Mewtwo|Mewtwo-Mega-Y\n|-mega|p2a: Mewtwo|Mewtwo|Mewtwonite Y\n|move|p2a: Mewtwo|Nasty Plot|p2a: Mewtwo\n|-boost|p2a: Mewtwo|spa|2\n|\n|upkeep\n|turn|14\n|\n|t:|1699142735\n|move|p2a: Mewtwo|Ice Beam|p1a: Yveltal\n|-supereffective|p1a: Yveltal\n|-damage|p1a: Yveltal|0 fnt\n|faint|p1a: Yveltal\n|\n|upkeep\n|\n|t:|1699142738\n|switch|p1a: Kingambit|Kingambit, M, shiny|100\/100\n|-activate|p1a: Kingambit|ability: Supreme Overlord\n|-start|p1a: Kingambit|fallen3|[silent]\n|turn|15\n|\n|t:|1699142748\n|move|p1a: Kingambit|Sucker Punch||[still]\n|-fail|p1a: Kingambit\n|move|p2a: Mewtwo|Nasty Plot|p2a: Mewtwo\n|-boost|p2a: Mewtwo|spa|2\n|\n|upkeep\n|turn|16\n|\n|t:|1699142754\n|move|p1a: Kingambit|Sucker Punch|p2a: Mewtwo\n|-supereffective|p2a: Mewtwo\n|-damage|p2a: Mewtwo|0 fnt\n|faint|p2a: Mewtwo\n|\n|upkeep\n|\n|t:|1699142762\n|switch|p2a: Marshadow|Marshadow|100\/100\n|turn|17\n|\n|t:|1699142769\n|switch|p2a: Yveltal|Yveltal|78\/100\n|-ability|p2a: Yveltal|Dark Aura\n|move|p1a: Kingambit|Knock Off|p2a: Yveltal\n|-resisted|p2a: Yveltal\n|-damage|p2a: Yveltal|38\/100\n|\n|upkeep\n|turn|18\n|\n|t:|1699142781\n|move|p2a: Yveltal|Oblivion Wing|p1a: Kingambit\n|-resisted|p1a: Kingambit\n|-damage|p1a: Kingambit|80\/100\n|-heal|p2a: Yveltal|53\/100|[from] drain|[of] p1a: Kingambit\n|move|p1a: Kingambit|Swords Dance|p1a: Kingambit\n|-boost|p1a: Kingambit|atk|2\n|\n|upkeep\n|turn|19\n|\n|t:|1699142789\n|move|p2a: Yveltal|Oblivion Wing|p1a: Kingambit\n|-resisted|p1a: Kingambit\n|-damage|p1a: Kingambit|59\/100\n|-heal|p2a: Yveltal|70\/100|[from] drain|[of] p1a: Kingambit\n|move|p1a: Kingambit|Iron Head|p2a: Yveltal\n|-damage|p2a: Yveltal|0 fnt\n|faint|p2a: Yveltal\n|\n|upkeep\n|\n|t:|1699142799\n|switch|p2a: Marshadow|Marshadow|100\/100\n|turn|20\n|\n|t:|1699142815\n|move|p1a: Kingambit|Sucker Punch|p2a: Marshadow\n|-enditem|p2a: Marshadow|Focus Sash\n|-damage|p2a: Marshadow|1\/100\n|move|p2a: Marshadow|Close Combat|p1a: Kingambit\n|-supereffective|p1a: Kingambit\n|-damage|p1a: Kingambit|0 fnt\n|-unboost|p2a: Marshadow|def|1\n|-unboost|p2a: Marshadow|spd|1\n|faint|p1a: Kingambit\n|-end|p1a: Kingambit|fallen3|[silent]\n|\n|upkeep\n|\n|t:|1699142824\n|switch|p1a: Geomancer|Xerneas|86\/100\n|-ability|p1a: Geomancer|Fairy Aura\n|turn|21\n|\n|t:|1699142829\n|-terastallize|p1a: Geomancer|Steel\n|move|p2a: Marshadow|Endeavor|p1a: Geomancer\n|-damage|p1a: Geomancer|1\/100\n|move|p1a: Geomancer|Draining Kiss|p2a: Marshadow\n|-supereffective|p2a: Marshadow\n|-damage|p2a: Marshadow|0 fnt\n|-heal|p1a: Geomancer|1\/100|[from] drain|[of] p2a: Marshadow\n|faint|p2a: Marshadow\n|\n|upkeep\n|\n|t:|1699142840\n|switch|p2a: Zacian|Zacian-Crowned, tera:Ground|100\/100\n|turn|22\n|\n|t:|1699142844\n|move|p2a: Zacian|Behemoth Blade|p1a: Geomancer\n|-resisted|p1a: Geomancer\n|-damage|p1a: Geomancer|0 fnt\n|faint|p1a: Geomancer\n|\n|upkeep\n|\n|t:|1699142847\n|switch|p1a: Ho-Oh|Ho-Oh, shiny|100\/100\n|turn|23\n|\n|t:|1699142853\n|move|p2a: Zacian|Swords Dance|p2a: Zacian\n|-boost|p2a: Zacian|atk|2\n|move|p1a: Ho-Oh|Sacred Fire|p2a: Zacian\n|-damage|p2a: Zacian|61\/100\n|-status|p2a: Zacian|brn\n|\n|-damage|p2a: Zacian|55\/100 brn|[from] brn\n|upkeep\n|turn|24\n|\n|t:|1699142863\n|move|p2a: Zacian|Behemoth Blade|p1a: Ho-Oh\n|-resisted|p1a: Ho-Oh\n|-damage|p1a: Ho-Oh|74\/100\n|move|p1a: Ho-Oh|Sacred Fire|p2a: Zacian\n|-damage|p2a: Zacian|12\/100 brn\n|\n|-damage|p2a: Zacian|6\/100 brn|[from] brn\n|upkeep\n|turn|25\n|\n|t:|1699142873\n|move|p2a: Zacian|Behemoth Blade|p1a: Ho-Oh\n|-resisted|p1a: Ho-Oh\n|-damage|p1a: Ho-Oh|46\/100\n|move|p1a: Ho-Oh|Roost|p1a: Ho-Oh\n|-heal|p1a: Ho-Oh|96\/100\n|-singleturn|p1a: Ho-Oh|move: Roost\n|\n|-damage|p2a: Zacian|0 fnt|[from] brn\n|faint|p2a: Zacian\n|\n|win|s20gg\n|upkeep\n|raw|s20gg's rating: 1416 &rarr; <strong>1447<\/strong><br \/>(+31 for winning)\n|raw|Navarr08's rating: 1633 &rarr; <strong>1602<\/strong><br \/>(-31 for losing)\n|l|\u2606Navarr08\n|l|\u2606s20gg\n","uploadtime":1699143323,"views":7,"p1id":"s20gg","p2id":"navarr08","formatid":"gen9nationaldexubers","rating":1447,"private":0,"password":""}