{"id":"gen9nationaldexubers-1985121484","p1":"KarmaNightraide","p2":"Ooniex","format":"[Gen 9] National Dex Ubers","log":"|j|\u2606KarmaNightraide\n|j|\u2606Ooniex\n|t:|1699333895\n|gametype|singles\n|player|p1|KarmaNightraide|unknown|1188\n|player|p2|Ooniex|dahlia|1137\n|teamsize|p1|6\n|teamsize|p2|6\n|gen|9\n|tier|[Gen 9] National Dex Ubers\n|rated|\n|rule|HP Percentage Mod: HP is shown in percentages\n|rule|Endless Battle Clause: Forcing endless battles is banned\n|rule|OHKO Clause: OHKO moves are banned\n|rule|Evasion Moves Clause: Evasion moves are banned\n|rule|Evasion Items Clause: Evasion items are banned\n|rule|Species Clause: Limit one of each Pok\u00e9mon\n|rule|Sleep Clause Mod: Limit one foe put to sleep\n|rule|Mega Rayquaza Clause: You cannot mega evolve Rayquaza\n|clearpoke\n|poke|p1|Aegislash, F|\n|poke|p1|Ceruledge, F|\n|poke|p1|Basculegion, M|\n|poke|p1|Mimikyu, M|\n|poke|p1|Gourgeist-*, F|\n|poke|p1|Banette, F|\n|poke|p2|Indeedee, M|\n|poke|p2|Magearna|\n|poke|p2|Pheromosa|\n|poke|p2|Tinkaton, F|\n|poke|p2|Banette, F|\n|poke|p2|Pawmot, F|\n|teampreview\n|inactive|Battle timer is ON: inactive players will automatically lose when time's up. (requested by KarmaNightraide)\n|\n|t:|1699333906\n|start\n|switch|p1a: Go to sleep...|Banette, F|100\/100\n|switch|p2a: Tinkaton|Tinkaton, F|100\/100\n|-ability|p2a: Tinkaton|Mold Breaker\n|turn|1\n|\n|t:|1699333914\n|switch|p1a: Excalasey|Aegislash, F|100\/100\n|move|p2a: Tinkaton|Swords Dance|p2a: Tinkaton\n|-boost|p2a: Tinkaton|atk|2\n|\n|upkeep\n|turn|2\n|\n|t:|1699333924\n|move|p2a: Tinkaton|Swords Dance|p2a: Tinkaton\n|-boost|p2a: Tinkaton|atk|2\n|-formechange|p1a: Excalasey|Aegislash-Blade||[from] ability: Stance Change\n|move|p1a: Excalasey|Sacred Sword|p2a: Tinkaton\n|-damage|p2a: Tinkaton|48\/100\n|\n|upkeep\n|turn|3\n|\n|t:|1699333934\n|-formechange|p1a: Excalasey|Aegislash||[from] ability: Stance Change\n|move|p1a: Excalasey|King's Shield|p1a: Excalasey\n|-singleturn|p1a: Excalasey|Protect\n|move|p2a: Tinkaton|Gigaton Hammer|p1a: Excalasey\n|-activate|p1a: Excalasey|move: Protect\n|\n|upkeep\n|turn|4\n|\n|t:|1699333943\n|move|p2a: Tinkaton|Ice Hammer|p1a: Excalasey\n|-resisted|p1a: Excalasey\n|-damage|p1a: Excalasey|68\/100\n|-unboost|p2a: Tinkaton|spe|1\n|-damage|p2a: Tinkaton|38\/100|[from] item: Life Orb\n|-formechange|p1a: Excalasey|Aegislash-Blade||[from] ability: Stance Change\n|move|p1a: Excalasey|Sacred Sword|p2a: Tinkaton\n|-damage|p2a: Tinkaton|0 fnt\n|faint|p2a: Tinkaton\n|\n|upkeep\n|\n|t:|1699333954\n|switch|p2a: Banette|Banette, F, shiny|100\/100\n|turn|5\n|\n|t:|1699333957\n|detailschange|p2a: Banette|Banette-Mega, F, shiny\n|-mega|p2a: Banette|Banette|Banettite\n|move|p2a: Banette|Encore|p1a: Excalasey\n|-start|p1a: Excalasey|Encore\n|move|p1a: Excalasey|Sacred Sword|p2a: Banette\n|-immune|p2a: Banette\n|\n|upkeep\n|turn|6\n|\n|t:|1699333969\n|switch|p1a: Lil guy my man|Mimikyu, M|100\/100\n|move|p2a: Banette|Poltergeist|p1a: Lil guy my man\n|-activate|p1a: Lil guy my man|move: Poltergeist|Life Orb\n|-activate|p1a: Lil guy my man|ability: Disguise\n|-damage|p1a: Lil guy my man|100\/100\n|detailschange|p1a: Lil guy my man|Mimikyu-Busted, M\n|-damage|p1a: Lil guy my man|88\/100|[from] pokemon: Mimikyu-Busted\n|\n|upkeep\n|turn|7\n|\n|t:|1699333983\n|move|p1a: Lil guy my man|Shadow Sneak|p2a: Banette\n|-supereffective|p2a: Banette\n|-damage|p2a: Banette|28\/100\n|-damage|p1a: Lil guy my man|78\/100|[from] item: Life Orb\n|move|p2a: Banette|Poltergeist|p1a: Lil guy my man\n|-activate|p1a: Lil guy my man|move: Poltergeist|Life Orb\n|-supereffective|p1a: Lil guy my man\n|-damage|p1a: Lil guy my man|0 fnt\n|faint|p1a: Lil guy my man\n|\n|upkeep\n|\n|t:|1699333994\n|switch|p1a: Excalasey|Aegislash, F|68\/100\n|turn|8\n|\n|t:|1699334002\n|-formechange|p1a: Excalasey|Aegislash-Blade||[from] ability: Stance Change\n|move|p1a: Excalasey|Shadow Sneak|p2a: Banette\n|-supereffective|p2a: Banette\n|-damage|p2a: Banette|0 fnt\n|faint|p2a: Banette\n|\n|upkeep\n|\n|t:|1699334013\n|switch|p2a: Magearna|Magearna|100\/100\n|turn|9\n|\n|t:|1699334018\n|switch|p1a: Go to sleep...|Banette, F|100\/100\n|move|p2a: Magearna|Calm Mind|p2a: Magearna\n|-boost|p2a: Magearna|spa|1\n|-boost|p2a: Magearna|spd|1\n|\n|upkeep\n|turn|10\n|\n|t:|1699334031\n|detailschange|p1a: Go to sleep...|Banette-Mega, F\n|-mega|p1a: Go to sleep...|Banette|Banettite\n|move|p1a: Go to sleep...|Thunder Wave|p2a: Magearna\n|-status|p2a: Magearna|par\n|move|p2a: Magearna|Calm Mind|p2a: Magearna\n|-boost|p2a: Magearna|spa|1\n|-boost|p2a: Magearna|spd|1\n|\n|upkeep\n|turn|11\n|\n|t:|1699334041\n|move|p1a: Go to sleep...|Poltergeist|p2a: Magearna\n|-activate|p2a: Magearna|move: Poltergeist|Steelium Z\n|-damage|p2a: Magearna|34\/100 par\n|-zpower|p2a: Magearna\n|move|p2a: Magearna|Corkscrew Crash|p1a: Go to sleep...|[zeffect]\n|-damage|p1a: Go to sleep...|0 fnt\n|faint|p1a: Go to sleep...\n|-ability|p2a: Magearna|Soul-Heart|boost\n|-boost|p2a: Magearna|spa|1\n|\n|upkeep\n|\n|t:|1699334054\n|switch|p1a: Excalasey|Aegislash, F|68\/100\n|turn|12\n|\n|t:|1699334057\n|-formechange|p1a: Excalasey|Aegislash-Blade||[from] ability: Stance Change\n|move|p1a: Excalasey|Sacred Sword|p2a: Magearna\n|-damage|p2a: Magearna|0 fnt\n|faint|p2a: Magearna\n|\n|upkeep\n|\n|t:|1699334066\n|switch|p2a: Indeedee|Indeedee, M|100\/100\n|-fieldstart|move: Psychic Terrain|[from] ability: Psychic Surge|[of] p2a: Indeedee\n|turn|13\n|\n|t:|1699334071\n|move|p2a: Indeedee|Shadow Ball|p1a: Excalasey\n|-supereffective|p1a: Excalasey\n|-damage|p1a: Excalasey|0 fnt\n|faint|p1a: Excalasey\n|\n|upkeep\n|\n|t:|1699334077\n|switch|p1a: Pumpin|Gourgeist-Small, F|100\/100\n|-item|p2a: Indeedee|Choice Scarf|[from] ability: Frisk|[of] p1a: Pumpin|[identify]\n|turn|14\n|\n|t:|1699334085\n|move|p2a: Indeedee|Shadow Ball|p1a: Pumpin\n|-supereffective|p1a: Pumpin\n|-damage|p1a: Pumpin|12\/100\n|-zpower|p1a: Pumpin\n|move|p1a: Pumpin|Z-Trick-or-Treat|p2a: Indeedee|[anim]Trick-or-Treat\n|-boost|p1a: Pumpin|atk|1|[zeffect]\n|-boost|p1a: Pumpin|def|1|[zeffect]\n|-boost|p1a: Pumpin|spa|1|[zeffect]\n|-boost|p1a: Pumpin|spd|1|[zeffect]\n|-boost|p1a: Pumpin|spe|1|[zeffect]\n|-start|p2a: Indeedee|typeadd|Ghost|[from] move: Trick-or-Treat\n|\n|upkeep\n|turn|15\n|\n|t:|1699334098\n|move|p1a: Pumpin|Power Whip|p2a: Indeedee\n|-damage|p2a: Indeedee|0 fnt\n|faint|p2a: Indeedee\n|\n|upkeep\n|\n|t:|1699334107\n|switch|p2a: Pawmot|Pawmot, F|100\/100\n|turn|16\n|\n|t:|1699334131\n|move|p1a: Pumpin|Power Whip|p2a: Pawmot\n|-damage|p2a: Pawmot|0 fnt\n|faint|p2a: Pawmot\n|\n|upkeep\n|\n|t:|1699334136\n|switch|p2a: Pheromosa|Pheromosa, shiny|100\/100\n|turn|17\n|\n|t:|1699334150\n|move|p1a: Pumpin|Poltergeist|p2a: Pheromosa\n|-activate|p2a: Pheromosa|move: Poltergeist|King's Rock\n|-damage|p2a: Pheromosa|0 fnt\n|faint|p2a: Pheromosa\n|\n|win|KarmaNightraide\n|raw|KarmaNightraide's rating: 1188 &rarr; <strong>1209<\/strong><br \/>(+21 for winning)\n|raw|Ooniex's rating: 1137 &rarr; <strong>1116<\/strong><br \/>(-21 for losing)\n","uploadtime":1699334158,"views":4,"p1id":"karmanightraide","p2id":"ooniex","formatid":"gen9nationaldexubers","rating":1116,"private":0,"password":""}