{"id":"gen9nationaldexubers-1984246378","p1":"gamignfan2","p2":"SnugboatThe2st","format":"[Gen 9] National Dex Ubers","log":"|j|\u2606gamignfan2\n|j|\u2606SnugboatThe2st\n|t:|1699234563\n|gametype|singles\n|player|p1|gamignfan2|1|\n|player|p2|SnugboatThe2st|grimsley|\n|teamsize|p1|6\n|teamsize|p2|6\n|gen|9\n|tier|[Gen 9] National Dex Ubers\n|rule|HP Percentage Mod: HP is shown in percentages\n|rule|Endless Battle Clause: Forcing endless battles is banned\n|rule|OHKO Clause: OHKO moves are banned\n|rule|Evasion Moves Clause: Evasion moves are banned\n|rule|Evasion Items Clause: Evasion items are banned\n|rule|Species Clause: Limit one of each Pok\u00e9mon\n|rule|Sleep Clause Mod: Limit one foe put to sleep\n|rule|Mega Rayquaza Clause: You cannot mega evolve Rayquaza\n|clearpoke\n|poke|p1|Ting-Lu|\n|poke|p1|Whimsicott, F|\n|poke|p1|Heatran, F|\n|poke|p1|Greninja-*, M|\n|poke|p1|Gallade, M|\n|poke|p1|Rillaboom, M|\n|poke|p2|Aegislash, M|\n|poke|p2|Diancie|\n|poke|p2|Noivern, F|\n|poke|p2|Kingambit, F|\n|poke|p2|Maushold-Four|\n|poke|p2|Gliscor, F|\n|teampreview\n|j| AprilMayCry\n|j| zSumis\n|j| itzsamurottlel\n|j| Axellion624\n|c| AprilMayCry|may the better man liker win.\n|\n|t:|1699234626\n|start\n|switch|p1a: MIRAcLE|Whimsicott, F|100\/100\n|switch|p2a: Dear Rosemary|Diancie|100\/100\n|turn|1\n|c| AprilMayCry|the lowercase c bruh :sob:\n|c| AprilMayCry|u couldve asked for a capital buddy\n|c| AprilMayCry|yeah this is so much funnier\n|j| GoldHakurei\n|c| AprilMayCry|who tha hell is this guy\n|\n|t:|1699234684\n|detailschange|p2a: Dear Rosemary|Diancie-Mega\n|-mega|p2a: Dear Rosemary|Diancie|Diancite\n|move|p1a: MIRAcLE|Tailwind|p1a: MIRAcLE\n|-sidestart|p1: gamignfan2|move: Tailwind\n|move|p2a: Dear Rosemary|Diamond Storm|p1a: MIRAcLE\n|-damage|p1a: MIRAcLE|58\/100\n|\n|upkeep\n|turn|2\n|c| Axellion624|LMAO\n|\n|t:|1699234695\n|move|p2a: Dear Rosemary|Earth Power|p1a: MIRAcLE\n|-resisted|p1a: MIRAcLE\n|-damage|p1a: MIRAcLE|34\/100\n|move|p1a: MIRAcLE|U-turn|p2a: Dear Rosemary\n|-resisted|p2a: Dear Rosemary\n|-damage|p2a: Dear Rosemary|94\/100\n|\n|t:|1699234705\n|switch|p1a: RAZOR|Heatran, F|100\/100|[from] U-turn\n|\n|upkeep\n|turn|3\n|\n|t:|1699234726\n|switch|p2a: A Matter Of Time|Gliscor, F|100\/100\n|move|p1a: RAZOR|Flash Cannon|p2a: A Matter Of Time\n|-damage|p2a: A Matter Of Time|43\/100\n|\n|-status|p2a: A Matter Of Time|tox|[from] item: Toxic Orb\n|upkeep\n|turn|4\n|\n|t:|1699234739\n|move|p2a: A Matter Of Time|Protect|p2a: A Matter Of Time\n|-singleturn|p2a: A Matter Of Time|Protect\n|move|p1a: RAZOR|Flash Cannon|p2a: A Matter Of Time\n|-activate|p2a: A Matter Of Time|move: Protect\n|\n|-heal|p2a: A Matter Of Time|55\/100 tox|[from] ability: Poison Heal\n|-sideend|p1: gamignfan2|move: Tailwind\n|upkeep\n|turn|5\n|\n|t:|1699234764\n|switch|p1a: FREE ME|Rillaboom, M|100\/100\n|-fieldstart|move: Grassy Terrain|[from] ability: Grassy Surge|[of] p1a: FREE ME\n|move|p2a: A Matter Of Time|Earthquake|p1a: FREE ME\n|-resisted|p1a: FREE ME\n|-damage|p1a: FREE ME|93\/100\n|\n|-heal|p1a: FREE ME|99\/100|[from] Grassy Terrain\n|-heal|p2a: A Matter Of Time|68\/100 tox|[from] ability: Poison Heal\n|upkeep\n|turn|6\n|\n|t:|1699234785\n|-terastallize|p1a: FREE ME|Rock\n|move|p2a: A Matter Of Time|Dual Wingbeat|p1a: FREE ME\n|-resisted|p1a: FREE ME\n|-damage|p1a: FREE ME|93\/100\n|-resisted|p1a: FREE ME\n|-damage|p1a: FREE ME|86\/100\n|-hitcount|p1a: FREE ME|2\n|move|p1a: FREE ME|Tera Blast|p2a: A Matter Of Time|[anim] Tera Blast Rock\n|-damage|p2a: A Matter Of Time|25\/100 tox\n|\n|-heal|p1a: FREE ME|93\/100|[from] Grassy Terrain\n|-heal|p2a: A Matter Of Time|37\/100 tox|[from] ability: Poison Heal\n|upkeep\n|turn|7\n|\n|t:|1699234804\n|switch|p1a: MIRAcLE|Whimsicott, F|34\/100\n|move|p2a: A Matter Of Time|Protect||[still]\n|-fail|p2a: A Matter Of Time\n|\n|-heal|p1a: MIRAcLE|40\/100|[from] Grassy Terrain\n|-heal|p2a: A Matter Of Time|49\/100 tox|[from] ability: Poison Heal\n|upkeep\n|turn|8\n|\n|t:|1699234813\n|move|p1a: MIRAcLE|Tailwind|p1a: MIRAcLE\n|-sidestart|p1: gamignfan2|move: Tailwind\n|move|p2a: A Matter Of Time|Dual Wingbeat|p1a: MIRAcLE\n|-supereffective|p1a: MIRAcLE\n|-damage|p1a: MIRAcLE|17\/100\n|-supereffective|p1a: MIRAcLE\n|-damage|p1a: MIRAcLE|0 fnt\n|faint|p1a: MIRAcLE\n|-hitcount|p1: MIRAcLE|2\n|\n|-heal|p2a: A Matter Of Time|62\/100 tox|[from] ability: Poison Heal\n|upkeep\n|\n|t:|1699234823\n|switch|p1a: D.O.A.|Gallade, M|100\/100\n|turn|9\n|\n|t:|1699234831\n|detailschange|p1a: D.O.A.|Gallade-Mega, M\n|-mega|p1a: D.O.A.|Gallade|Galladite\n|move|p1a: D.O.A.|Agility|p1a: D.O.A.\n|-boost|p1a: D.O.A.|spe|2\n|move|p2a: A Matter Of Time|Dual Wingbeat|p1a: D.O.A.|[miss]\n|-miss|p2a: A Matter Of Time|p1a: D.O.A.\n|\n|-heal|p2a: A Matter Of Time|74\/100 tox|[from] ability: Poison Heal\n|-fieldend|move: Grassy Terrain\n|upkeep\n|turn|10\n|\n|t:|1699234844\n|move|p1a: D.O.A.|Triple Axel|p2a: A Matter Of Time\n|-supereffective|p2a: A Matter Of Time\n|-damage|p2a: A Matter Of Time|55\/100 tox\n|-supereffective|p2a: A Matter Of Time\n|-damage|p2a: A Matter Of Time|14\/100 tox\n|-supereffective|p2a: A Matter Of Time\n|-damage|p2a: A Matter Of Time|0 fnt\n|faint|p2a: A Matter Of Time\n|-hitcount|p2: A Matter Of Time|3\n|\n|upkeep\n|\n|t:|1699234859\n|switch|p2a: Miss The Misery|Aegislash, M|100\/100\n|turn|11\n|\n|t:|1699234864\n|move|p1a: D.O.A.|Zen Headbutt|p2a: Miss The Misery|[miss]\n|-miss|p1a: D.O.A.|p2a: Miss The Misery\n|move|p2a: Miss The Misery|Swords Dance|p2a: Miss The Misery\n|-boost|p2a: Miss The Misery|atk|2\n|\n|-sideend|p1: gamignfan2|move: Tailwind\n|upkeep\n|turn|12\n|\n|t:|1699234875\n|move|p1a: D.O.A.|Zen Headbutt|p2a: Miss The Misery\n|-resisted|p2a: Miss The Misery\n|-damage|p2a: Miss The Misery|81\/100\n|cant|p2a: Miss The Misery|flinch\n|\n|upkeep\n|turn|13\n|\n|t:|1699234880\n|move|p1a: D.O.A.|Zen Headbutt|p2a: Miss The Misery\n|-resisted|p2a: Miss The Misery\n|-damage|p2a: Miss The Misery|63\/100\n|move|p2a: Miss The Misery|Swords Dance|p2a: Miss The Misery\n|-boost|p2a: Miss The Misery|atk|2\n|\n|upkeep\n|turn|14\n|\n|t:|1699234886\n|move|p1a: D.O.A.|Zen Headbutt|p2a: Miss The Misery\n|-resisted|p2a: Miss The Misery\n|-damage|p2a: Miss The Misery|44\/100\n|move|p2a: Miss The Misery|Swords Dance|p2a: Miss The Misery\n|-boost|p2a: Miss The Misery|atk|2\n|\n|upkeep\n|turn|15\n|\n|t:|1699234894\n|-formechange|p2a: Miss The Misery|Aegislash-Blade||[from] ability: Stance Change\n|move|p2a: Miss The Misery|Shadow Sneak|p1a: D.O.A.\n|-supereffective|p1a: D.O.A.\n|-damage|p1a: D.O.A.|0 fnt\n|faint|p1a: D.O.A.\n|\n|upkeep\n|\n|t:|1699234901\n|switch|p1a: FREE ME|Rillaboom, M, tera:Rock|93\/100\n|-fieldstart|move: Grassy Terrain|[from] ability: Grassy Surge|[of] p1a: FREE ME\n|turn|16\n|\n|t:|1699234910\n|move|p1a: FREE ME|Grassy Glide|p2a: Miss The Misery\n|-resisted|p2a: Miss The Misery\n|-damage|p2a: Miss The Misery|0 fnt\n|faint|p2a: Miss The Misery\n|\n|-heal|p1a: FREE ME|99\/100|[from] Grassy Terrain\n|upkeep\n|\n|t:|1699234922\n|switch|p2a: Bridge Burning|Kingambit, F|100\/100\n|-activate|p2a: Bridge Burning|ability: Supreme Overlord\n|-start|p2a: Bridge Burning|fallen2|[silent]\n|turn|17\n|\n|t:|1699234932\n|switch|p1a: ANOTHER ROUND|Ting-Lu|100\/100\n|-ability|p1a: ANOTHER ROUND|Vessel of Ruin\n|move|p2a: Bridge Burning|Iron Head|p1a: ANOTHER ROUND\n|-damage|p1a: ANOTHER ROUND|77\/100\n|\n|-heal|p1a: ANOTHER ROUND|83\/100|[from] Grassy Terrain\n|upkeep\n|turn|18\n|\n|t:|1699234945\n|move|p2a: Bridge Burning|Swords Dance|p2a: Bridge Burning\n|-boost|p2a: Bridge Burning|atk|2\n|move|p1a: ANOTHER ROUND|Stomping Tantrum|p2a: Bridge Burning\n|-supereffective|p2a: Bridge Burning\n|-damage|p2a: Bridge Burning|56\/100\n|\n|-heal|p2a: Bridge Burning|62\/100|[from] Grassy Terrain\n|-heal|p2a: Bridge Burning|68\/100|[from] item: Leftovers\n|-heal|p1a: ANOTHER ROUND|90\/100|[from] Grassy Terrain\n|upkeep\n|turn|19\n|\n|t:|1699234954\n|move|p2a: Bridge Burning|Iron Head|p1a: ANOTHER ROUND\n|-damage|p1a: ANOTHER ROUND|39\/100\n|-enditem|p1a: ANOTHER ROUND|Sitrus Berry|[eat]\n|-heal|p1a: ANOTHER ROUND|64\/100|[from] item: Sitrus Berry\n|move|p1a: ANOTHER ROUND|Whirlwind|p2a: Bridge Burning\n|-end|p2a: Bridge Burning|fallen2|[silent]\n|drag|p2a: Dear Rosemary|Diancie-Mega|94\/100\n|\n|-heal|p2a: Dear Rosemary|99\/100|[from] Grassy Terrain\n|-heal|p1a: ANOTHER ROUND|70\/100|[from] Grassy Terrain\n|upkeep\n|turn|20\n|\n|t:|1699234969\n|move|p2a: Dear Rosemary|Moonblast|p1a: ANOTHER ROUND\n|-supereffective|p1a: ANOTHER ROUND\n|-damage|p1a: ANOTHER ROUND|12\/100\n|-unboost|p1a: ANOTHER ROUND|spa|1\n|move|p1a: ANOTHER ROUND|Stomping Tantrum|p2a: Dear Rosemary\n|-supereffective|p2a: Dear Rosemary\n|-damage|p2a: Dear Rosemary|25\/100\n|\n|-heal|p2a: Dear Rosemary|31\/100|[from] Grassy Terrain\n|-heal|p1a: ANOTHER ROUND|18\/100|[from] Grassy Terrain\n|-fieldend|move: Grassy Terrain\n|upkeep\n|turn|21\n|\n|t:|1699234983\n|move|p2a: Dear Rosemary|Moonblast|p1a: ANOTHER ROUND\n|-supereffective|p1a: ANOTHER ROUND\n|-damage|p1a: ANOTHER ROUND|0 fnt\n|faint|p1a: ANOTHER ROUND\n|\n|upkeep\n|\n|t:|1699234993\n|switch|p1a: FREE ME|Rillaboom, M, tera:Rock|99\/100\n|-fieldstart|move: Grassy Terrain|[from] ability: Grassy Surge|[of] p1a: FREE ME\n|turn|22\n|\n|t:|1699235007\n|switch|p2a: Bridge Burning|Kingambit, F|68\/100\n|-activate|p2a: Bridge Burning|ability: Supreme Overlord\n|-start|p2a: Bridge Burning|fallen2|[silent]\n|move|p1a: FREE ME|Superpower|p2a: Bridge Burning\n|-supereffective|p2a: Bridge Burning\n|-damage|p2a: Bridge Burning|0 fnt\n|-unboost|p1a: FREE ME|atk|1\n|-unboost|p1a: FREE ME|def|1\n|faint|p2a: Bridge Burning\n|-end|p2a: Bridge Burning|fallen2|[silent]\n|\n|-heal|p1a: FREE ME|100\/100|[from] Grassy Terrain\n|upkeep\n|\n|t:|1699235018\n|switch|p2a: White Limo|Maushold-Four|100\/100\n|turn|23\n|\n|t:|1699235027\n|switch|p1a: NO WAY BAcK|Greninja, M|100\/100\n|move|p2a: White Limo|Tidy Up|p2a: White Limo\n|-boost|p2a: White Limo|atk|1\n|-boost|p2a: White Limo|spe|1\n|\n|upkeep\n|turn|24\n|\n|t:|1699235042\n|move|p2a: White Limo|Population Bomb|p1a: NO WAY BAcK\n|-damage|p1a: NO WAY BAcK|77\/100\n|-damage|p1a: NO WAY BAcK|49\/100\n|-damage|p1a: NO WAY BAcK|23\/100\n|-damage|p1a: NO WAY BAcK|0 fnt\n|faint|p1a: NO WAY BAcK\n|-hitcount|p1: NO WAY BAcK|4\n|\n|upkeep\n|\n|t:|1699235050\n|switch|p1a: FREE ME|Rillaboom, M, tera:Rock|100\/100\n|turn|25\n|\n|t:|1699235094\n|move|p1a: FREE ME|Grassy Glide|p2a: White Limo\n|-damage|p2a: White Limo|14\/100\n|move|p2a: White Limo|Tidy Up|p2a: White Limo\n|-boost|p2a: White Limo|atk|1\n|-boost|p2a: White Limo|spe|1\n|\n|-heal|p2a: White Limo|20\/100|[from] Grassy Terrain\n|upkeep\n|turn|26\n|\n|t:|1699235106\n|move|p1a: FREE ME|Grassy Glide|p2a: White Limo\n|-damage|p2a: White Limo|0 fnt\n|faint|p2a: White Limo\n|\n|-fieldend|move: Grassy Terrain\n|upkeep\n|\n|t:|1699235114\n|switch|p2a: Back & Forth|Noivern, F|100\/100\n|turn|27\n|\n|t:|1699235135\n|switch|p2a: Dear Rosemary|Diancie-Mega|31\/100\n|switch|p1a: RAZOR|Heatran, F|100\/100\n|\n|upkeep\n|turn|28\n|\n|t:|1699235142\n|switch|p1a: FREE ME|Rillaboom, M, tera:Rock|100\/100\n|-fieldstart|move: Grassy Terrain|[from] ability: Grassy Surge|[of] p1a: FREE ME\n|move|p2a: Dear Rosemary|Earth Power|p1a: FREE ME\n|-supereffective|p1a: FREE ME\n|-damage|p1a: FREE ME|15\/100\n|\n|-heal|p2a: Dear Rosemary|37\/100|[from] Grassy Terrain\n|-heal|p1a: FREE ME|22\/100|[from] Grassy Terrain\n|upkeep\n|turn|29\n|\n|t:|1699235158\n|switch|p2a: Back & Forth|Noivern, F|100\/100\n|move|p1a: FREE ME|Grassy Glide|p2a: Back & Forth\n|-resisted|p2a: Back & Forth\n|-damage|p2a: Back & Forth|80\/100\n|\n|-heal|p1a: FREE ME|28\/100|[from] Grassy Terrain\n|upkeep\n|turn|30\n|\n|t:|1699235174\n|move|p1a: FREE ME|Grassy Glide|p2a: Back & Forth\n|-resisted|p2a: Back & Forth\n|-damage|p2a: Back & Forth|61\/100\n|move|p2a: Back & Forth|Boomburst|p1a: FREE ME\n|-resisted|p1a: FREE ME\n|-damage|p1a: FREE ME|0 fnt\n|faint|p1a: FREE ME\n|\n|upkeep\n|\n|t:|1699235183\n|switch|p1a: RAZOR|Heatran, F|100\/100\n|turn|31\n|\n|t:|1699235188\n|move|p2a: Back & Forth|Boomburst|p1a: RAZOR\n|-resisted|p1a: RAZOR\n|-damage|p1a: RAZOR|85\/100\n|move|p1a: RAZOR|Flash Cannon|p2a: Back & Forth\n|-damage|p2a: Back & Forth|0 fnt\n|faint|p2a: Back & Forth\n|\n|-heal|p1a: RAZOR|91\/100|[from] Grassy Terrain\n|upkeep\n|\n|t:|1699235195\n|switch|p2a: Dear Rosemary|Diancie-Mega|37\/100\n|turn|32\n|\n|t:|1699235200\n|move|p2a: Dear Rosemary|Earth Power|p1a: RAZOR\n|-supereffective|p1a: RAZOR\n|-damage|p1a: RAZOR|16\/100\n|move|p1a: RAZOR|Flash Cannon|p2a: Dear Rosemary\n|-supereffective|p2a: Dear Rosemary\n|-crit|p2a: Dear Rosemary\n|-damage|p2a: Dear Rosemary|0 fnt\n|faint|p2a: Dear Rosemary\n|\n|win|gamignfan2\n|c| GoldHakurei|crit mattered\n|l| GoldHakurei\n|l| itzsamurottlel\n|l| zSumis\n","uploadtime":1699235248,"views":3,"p1id":"gamignfan2","p2id":"snugboatthe2st","formatid":"gen9nationaldexubers","rating":0,"private":0,"password":""}