{"id":"gen9nationaldexubers-1997862464","p1":"Schtauffen242","p2":"EI GATO","format":"[Gen 9] National Dex Ubers","log":"|j|\u2606Schtauffen242\n|j|\u2606EI GATO\n|t:|1700860966\n|gametype|singles\n|player|p1|Schtauffen242|n|1228\n|player|p2|EI GATO|101|1135\n|teamsize|p1|6\n|teamsize|p2|6\n|gen|9\n|tier|[Gen 9] National Dex Ubers\n|rated|\n|rule|HP Percentage Mod: HP is shown in percentages\n|rule|Endless Battle Clause: Forcing endless battles is banned\n|rule|OHKO Clause: OHKO moves are banned\n|rule|Evasion Moves Clause: Evasion moves are banned\n|rule|Evasion Items Clause: Evasion items are banned\n|rule|Species Clause: Limit one of each Pok\u00e9mon\n|rule|Sleep Clause Mod: Limit one foe put to sleep\n|rule|Mega Rayquaza Clause: You cannot mega evolve Rayquaza\n|clearpoke\n|poke|p1|Chien-Pao|\n|poke|p1|Gallade, M|\n|poke|p1|Garchomp, M|\n|poke|p1|Darmanitan, M|\n|poke|p1|Swellow, F|\n|poke|p1|Zacian-*|\n|poke|p2|Tyranitar, F|\n|poke|p2|Ceruledge, F|\n|poke|p2|Gliscor, M|\n|poke|p2|Magnezone|\n|poke|p2|Ninetales-Alola, M|\n|poke|p2|Kyogre|\n|teampreview\n|inactive|Battle timer is ON: inactive players will automatically lose when time's up. (requested by Schtauffen242)\n|\n|t:|1700860972\n|start\n|switch|p1a: Darmanitan|Darmanitan, M|100\/100\n|switch|p2a: Yuki|Ninetales-Alola, M, shiny|100\/100\n|-weather|Snow|[from] ability: Snow Warning|[of] p2a: Yuki\n|turn|1\n|inactive|Schtauffen242 has 120 seconds left.\n|\n|t:|1700861004\n|-terastallize|p1a: Darmanitan|Fire\n|move|p2a: Yuki|Aurora Veil|p2a: Yuki\n|-sidestart|p2: EI GATO|move: Aurora Veil\n|move|p1a: Darmanitan|Flare Blitz|p2a: Yuki\n|-supereffective|p2a: Yuki\n|-damage|p2a: Yuki|0 fnt\n|faint|p2a: Yuki\n|-damage|p1a: Darmanitan|73\/100|[from] Recoil\n|\n|-weather|Snow|[upkeep]\n|upkeep\n|c|\u2606EI GATO|.-.\n|\n|t:|1700861009\n|switch|p2a: Goliath|Tyranitar, F|100\/100\n|-weather|Sandstorm|[from] ability: Sand Stream|[of] p2a: Goliath\n|turn|2\n|\n|t:|1700861020\n|switch|p1a: Garchomp|Garchomp, M|100\/100\n|detailschange|p2a: Goliath|Tyranitar-Mega, F\n|-mega|p2a: Goliath|Tyranitar|Tyranitarite\n|move|p2a: Goliath|Dragon Dance|p2a: Goliath\n|-boost|p2a: Goliath|atk|1\n|-boost|p2a: Goliath|spe|1\n|\n|-weather|Sandstorm|[upkeep]\n|upkeep\n|turn|3\n|\n|t:|1700861030\n|move|p2a: Goliath|Dragon Dance|p2a: Goliath\n|-boost|p2a: Goliath|atk|1\n|-boost|p2a: Goliath|spe|1\n|move|p1a: Garchomp|Dragon Tail|p2a: Goliath\n|-damage|p2a: Goliath|91\/100\n|drag|p2a: Leviathan|Kyogre|100\/100\n|detailschange|p2a: Leviathan|Kyogre-Primal\n|-primal|p2a: Leviathan|Blue Orb\n|-weather|PrimordialSea|[from] ability: Primordial Sea|[of] p2a: Leviathan\n|\n|-weather|PrimordialSea|[upkeep]\n|upkeep\n|turn|4\n|\n|t:|1700861044\n|-weather|none\n|switch|p2a: Vasto Lorde|Gliscor, M|100\/100\n|move|p1a: Garchomp|Stealth Rock|p2a: Vasto Lorde\n|-sidestart|p2: EI GATO|move: Stealth Rock\n|\n|-status|p2a: Vasto Lorde|tox|[from] item: Toxic Orb\n|upkeep\n|turn|5\n|\n|t:|1700861053\n|move|p2a: Vasto Lorde|Swords Dance|p2a: Vasto Lorde\n|-boost|p2a: Vasto Lorde|atk|2\n|move|p1a: Garchomp|Dragon Tail|p2a: Vasto Lorde\n|-damage|p2a: Vasto Lorde|90\/100 tox\n|drag|p2a: Goliath|Tyranitar-Mega, F|91\/100\n|-damage|p2a: Goliath|79\/100|[from] Stealth Rock\n|-weather|Sandstorm|[from] ability: Sand Stream|[of] p2a: Goliath\n|\n|-weather|Sandstorm|[upkeep]\n|-sideend|p2: EI GATO|move: Aurora Veil\n|upkeep\n|turn|6\n|c|\u2606EI GATO|quit spamming\n|\n|t:|1700861068\n|move|p2a: Goliath|Dragon Dance|p2a: Goliath\n|-boost|p2a: Goliath|atk|1\n|-boost|p2a: Goliath|spe|1\n|move|p1a: Garchomp|Earthquake|p2a: Goliath\n|-supereffective|p2a: Goliath\n|-damage|p2a: Goliath|19\/100\n|\n|-weather|Sandstorm|[upkeep]\n|upkeep\n|turn|7\n|\n|t:|1700861077\n|move|p2a: Goliath|Stone Edge|p1a: Garchomp\n|-resisted|p1a: Garchomp\n|-damage|p1a: Garchomp|75\/100\n|move|p1a: Garchomp|Iron Head|p2a: Goliath\n|-supereffective|p2a: Goliath\n|-damage|p2a: Goliath|0 fnt\n|faint|p2a: Goliath\n|\n|-weather|Sandstorm|[upkeep]\n|upkeep\n|\n|t:|1700861080\n|switch|p2a: Leviathan|Kyogre-Primal|100\/100\n|-damage|p2a: Leviathan|88\/100|[from] Stealth Rock\n|-weather|PrimordialSea|[from] ability: Primordial Sea|[of] p2a: Leviathan\n|turn|8\n|\n|t:|1700861091\n|move|p2a: Leviathan|Ice Beam|p1a: Garchomp\n|-supereffective|p1a: Garchomp\n|-damage|p1a: Garchomp|0 fnt\n|faint|p1a: Garchomp\n|\n|-weather|PrimordialSea|[upkeep]\n|upkeep\n|\n|t:|1700861104\n|switch|p1a: Gallade|Gallade, M, shiny|100\/100\n|turn|9\n|c|\u2606EI GATO|fucking dragon tail spammer\n|\n|t:|1700861110\n|-weather|none\n|switch|p2a: Zeus|Magnezone|100\/100\n|detailschange|p1a: Gallade|Gallade-Mega, M, shiny\n|-mega|p1a: Gallade|Gallade|Galladite\n|move|p1a: Gallade|Swords Dance|p1a: Gallade\n|-boost|p1a: Gallade|atk|2\n|\n|upkeep\n|turn|10\n|\n|t:|1700861120\n|move|p1a: Gallade|Drain Punch|p2a: Zeus\n|-supereffective|p2a: Zeus\n|-ability|p2a: Zeus|Sturdy\n|-damage|p2a: Zeus|1\/100\n|move|p2a: Zeus|Thunderbolt|p1a: Gallade\n|-damage|p1a: Gallade|43\/100\n|\n|upkeep\n|turn|11\n|\n|t:|1700861130\n|move|p1a: Gallade|Psycho Cut|p2a: Zeus\n|-resisted|p2a: Zeus\n|-damage|p2a: Zeus|0 fnt\n|faint|p2a: Zeus\n|\n|upkeep\n|\n|t:|1700861137\n|switch|p2a: Shusui|Ceruledge, F|100\/100\n|-damage|p2a: Shusui|76\/100|[from] Stealth Rock\n|turn|12\n|\n|t:|1700861143\n|move|p2a: Shusui|Shadow Sneak|p1a: Gallade\n|-supereffective|p1a: Gallade\n|-damage|p1a: Gallade|0 fnt\n|faint|p1a: Gallade\n|-damage|p2a: Shusui|66\/100|[from] item: Life Orb\n|\n|upkeep\n|\n|t:|1700861149\n|switch|p1a: Swellow|Swellow, F|100\/100\n|turn|13\n|\n|t:|1700861161\n|switch|p2a: Vasto Lorde|Gliscor, M|90\/100 tox\n|-damage|p2a: Vasto Lorde|78\/100 tox|[from] Stealth Rock\n|move|p1a: Swellow|Brave Bird|p2a: Vasto Lorde\n|-damage|p2a: Vasto Lorde|41\/100 tox\n|-damage|p1a: Swellow|84\/100|[from] Recoil\n|\n|-heal|p2a: Vasto Lorde|53\/100 tox|[from] ability: Poison Heal\n|-status|p1a: Swellow|brn|[from] item: Flame Orb\n|upkeep\n|turn|14\n|\n|t:|1700861174\n|move|p1a: Swellow|Facade|p2a: Vasto Lorde\n|-damage|p2a: Vasto Lorde|0 fnt\n|faint|p2a: Vasto Lorde\n|\n|-damage|p1a: Swellow|78\/100 brn|[from] brn\n|upkeep\n|\n|t:|1700861178\n|switch|p2a: Shusui|Ceruledge, F|66\/100\n|-damage|p2a: Shusui|41\/100|[from] Stealth Rock\n|turn|15\n|\n|t:|1700861186\n|move|p1a: Swellow|Brave Bird|p2a: Shusui\n|-damage|p2a: Shusui|0 fnt\n|faint|p2a: Shusui\n|-damage|p1a: Swellow|63\/100 brn|[from] Recoil\n|\n|-damage|p1a: Swellow|57\/100 brn|[from] brn\n|upkeep\n|\n|t:|1700861188\n|switch|p2a: Leviathan|Kyogre-Primal|88\/100\n|-damage|p2a: Leviathan|76\/100|[from] Stealth Rock\n|-weather|PrimordialSea|[from] ability: Primordial Sea|[of] p2a: Leviathan\n|turn|16\n|\n|t:|1700861199\n|move|p1a: Swellow|Facade|p2a: Leviathan\n|-damage|p2a: Leviathan|0 fnt\n|faint|p2a: Leviathan\n|-weather|none\n|\n|win|Schtauffen242\n|raw|Schtauffen242's rating: 1228 &rarr; <strong>1246<\/strong><br \/>(+18 for winning)\n|raw|EI GATO's rating: 1135 &rarr; <strong>1117<\/strong><br \/>(-18 for losing)\n","uploadtime":1700861106,"views":1,"p1id":"schtauffen242","p2id":"eigato","formatid":"gen9nationaldexubers","rating":1117,"private":0,"password":""}