{"id":"gen9nationaldexubers-1979568224","p1":"aguinaldo124","p2":"willstacksgod","format":"[Gen 9] National Dex Ubers","log":"|j|\u2606aguinaldo124\n|j|\u2606willstacksgod\n|t:|1698692981\n|gametype|singles\n|player|p1|aguinaldo124|red|1104\n|player|p2|willstacksgod|idol|1164\n|teamsize|p1|6\n|teamsize|p2|6\n|gen|9\n|tier|[Gen 9] National Dex Ubers\n|rated|\n|rule|HP Percentage Mod: HP is shown in percentages\n|rule|Endless Battle Clause: Forcing endless battles is banned\n|rule|OHKO Clause: OHKO moves are banned\n|rule|Evasion Moves Clause: Evasion moves are banned\n|rule|Evasion Items Clause: Evasion items are banned\n|rule|Species Clause: Limit one of each Pok\u00e9mon\n|rule|Sleep Clause Mod: Limit one foe put to sleep\n|rule|Mega Rayquaza Clause: You cannot mega evolve Rayquaza\n|clearpoke\n|poke|p1|Meowscarada, F|\n|poke|p1|Pawmot, M|\n|poke|p1|Incineroar, F|\n|poke|p1|Espeon, M|\n|poke|p1|Pyroar, F|\n|poke|p1|Perrserker, M|\n|poke|p2|Greninja-*, F|\n|poke|p2|Palafin, M|\n|poke|p2|Chien-Pao|\n|poke|p2|Maushold-Four|\n|poke|p2|Ditto|\n|poke|p2|Deoxys-Attack|\n|teampreview\n|inactive|Battle timer is ON: inactive players will automatically lose when time's up. (requested by aguinaldo124)\n|\n|t:|1698692987\n|start\n|switch|p1a: Gato 1|Meowscarada, F|100\/100\n|switch|p2a: Greninja|Greninja, F|100\/100\n|turn|1\n|\n|t:|1698693002\n|move|p1a: Gato 1|Flower Trick|p2a: Greninja\n|-start|p1a: Gato 1|typechange|Grass|[from] ability: Protean\n|-supereffective|p2a: Greninja\n|-crit|p2a: Greninja\n|-enditem|p2a: Greninja|Focus Sash\n|-damage|p2a: Greninja|1\/100\n|move|p2a: Greninja|Aerial Ace|p1a: Gato 1\n|-start|p2a: Greninja|typechange|Flying|[from] ability: Protean\n|-supereffective|p1a: Gato 1\n|-damage|p1a: Gato 1|17\/100\n|\n|upkeep\n|turn|2\n|\n|t:|1698693015\n|move|p1a: Gato 1|Flower Trick|p2a: Greninja\n|-resisted|p2a: Greninja\n|-crit|p2a: Greninja\n|-damage|p2a: Greninja|0 fnt\n|faint|p2a: Greninja\n|\n|upkeep\n|\n|t:|1698693020\n|switch|p2a: Ditto|Ditto|100\/100\n|-transform|p2a: Ditto|p1a: Gato 1|[from] ability: Imposter\n|turn|3\n|\n|t:|1698693035\n|switch|p1a: Gato 6|Perrserker, M|100\/100\n|move|p2a: Ditto|U-turn|p1a: Gato 6\n|-start|p2a: Ditto|typechange|Bug|[from] ability: Protean\n|-resisted|p1a: Gato 6\n|-damage|p1a: Gato 6|80\/100\n|\n|t:|1698693045\n|switch|p2a: Deoxys|Deoxys-Attack|100\/100|[from] U-turn\n|-ability|p2a: Deoxys|Pressure\n|\n|upkeep\n|turn|4\n|\n|t:|1698693052\n|move|p2a: Deoxys|Power-Up Punch|p1a: Gato 6\n|-supereffective|p1a: Gato 6\n|-damage|p1a: Gato 6|28\/100\n|-boost|p2a: Deoxys|atk|1\n|move|p1a: Gato 6|U-turn|p2a: Deoxys\n|-supereffective|p2a: Deoxys\n|-enditem|p2a: Deoxys|Focus Sash\n|-damage|p2a: Deoxys|1\/100\n|\n|t:|1698693061\n|switch|p1a: Gato 2|Pawmot, M|100\/100|[from] U-turn\n|\n|upkeep\n|turn|5\n|\n|t:|1698693067\n|move|p1a: Gato 2|Mach Punch|p2a: Deoxys\n|-resisted|p2a: Deoxys\n|-damage|p2a: Deoxys|0 fnt\n|faint|p2a: Deoxys\n|\n|upkeep\n|\n|t:|1698693071\n|switch|p2a: Palafin|Palafin, M, shiny|100\/100\n|turn|6\n|\n|t:|1698693076\n|detailschange|p2a: Palafin|Palafin-Hero, M, shiny\n|switch|p2a: Ditto|Ditto|100\/100\n|-transform|p2a: Ditto|p1a: Gato 2|[from] ability: Imposter\n|move|p1a: Gato 2|Thunder Wave|p2a: Ditto\n|-immune|p2a: Ditto\n|\n|upkeep\n|turn|7\n|\n|t:|1698693093\n|switch|p1a: Gato 4|Espeon, M|100\/100\n|move|p2a: Ditto|Revival Blessing|p2a: Ditto\n|\n|t:|1698693100\n|-heal|p2: Deoxys|50\/100|[from] move: Revival Blessing\n|\n|upkeep\n|turn|8\n|\n|t:|1698693106\n|move|p1a: Gato 4|Dazzling Gleam|p2a: Ditto\n|-supereffective|p2a: Ditto\n|-damage|p2a: Ditto|0 fnt\n|faint|p2a: Ditto\n|\n|upkeep\n|inactive|willstacksgod has 120 seconds left.\n|\n|t:|1698693136\n|switch|p2a: Maushold|Maushold-Four|100\/100\n|turn|9\n|\n|t:|1698693147\n|move|p1a: Gato 4|Dazzling Gleam|p2a: Maushold\n|-damage|p2a: Maushold|43\/100\n|move|p2a: Maushold|Tidy Up|p2a: Maushold\n|-boost|p2a: Maushold|atk|1\n|-boost|p2a: Maushold|spe|1\n|\n|upkeep\n|turn|10\n|\n|t:|1698693156\n|-terastallize|p1a: Gato 4|Fairy\n|move|p2a: Maushold|Population Bomb|p1a: Gato 4\n|-damage|p1a: Gato 4|77\/100\n|-damage|p1a: Gato 4|51\/100\n|-damage|p1a: Gato 4|28\/100\n|-damage|p1a: Gato 4|6\/100\n|-damage|p1a: Gato 4|0 fnt\n|faint|p1a: Gato 4\n|-hitcount|p1: Gato 4|5\n|\n|upkeep\n|\n|t:|1698693169\n|switch|p1a: Gato 5|Pyroar, F|100\/100\n|turn|11\n|\n|t:|1698693174\n|move|p1a: Gato 5|Hyper Voice|p2a: Maushold\n|-damage|p2a: Maushold|0 fnt\n|faint|p2a: Maushold\n|\n|upkeep\n|\n|t:|1698693178\n|switch|p2a: Deoxys|Deoxys-Attack|50\/100\n|-ability|p2a: Deoxys|Pressure\n|turn|12\n|\n|t:|1698693184\n|move|p1a: Gato 5|Hyper Voice|p2a: Deoxys\n|-damage|p2a: Deoxys|0 fnt\n|faint|p2a: Deoxys\n|\n|upkeep\n|\n|t:|1698693188\n|switch|p2a: Palafin|Palafin-Hero, M, shiny|100\/100\n|-activate|p2a: Palafin|ability: Zero to Hero\n|turn|13\n|\n|t:|1698693194\n|switch|p1a: Gato 6|Perrserker, M|28\/100\n|move|p2a: Palafin|Jet Punch|p1a: Gato 6\n|-damage|p1a: Gato 6|0 fnt\n|faint|p1a: Gato 6\n|\n|upkeep\n|\n|t:|1698693210\n|switch|p1a: Gato 1|Meowscarada, F|17\/100\n|turn|14\n|\n|t:|1698693215\n|move|p2a: Palafin|Jet Punch|p1a: Gato 1\n|-resisted|p1a: Gato 1\n|-damage|p1a: Gato 1|0 fnt\n|faint|p1a: Gato 1\n|\n|upkeep\n|\n|t:|1698693220\n|switch|p1a: Gato 2|Pawmot, M|100\/100\n|turn|15\n|\n|t:|1698693227\n|move|p2a: Palafin|Jet Punch|p1a: Gato 2\n|-damage|p1a: Gato 2|27\/100\n|move|p1a: Gato 2|Revival Blessing|p1a: Gato 2\n|-enditem|p1a: Gato 2|Leppa Berry|[eat]\n|-activate|p1a: Gato 2|item: Leppa Berry|Revival Blessing|[consumed]\n|\n|t:|1698693233\n|-heal|p1: Gato 1|50\/100|[from] move: Revival Blessing\n|\n|upkeep\n|turn|16\n|\n|t:|1698693237\n|move|p1a: Gato 2|Mach Punch|p2a: Palafin\n|-damage|p2a: Palafin|75\/100\n|move|p2a: Palafin|Jet Punch|p1a: Gato 2\n|-damage|p1a: Gato 2|0 fnt\n|faint|p1a: Gato 2\n|\n|upkeep\n|\n|t:|1698693245\n|switch|p1a: Gato 1|Meowscarada, F|50\/100\n|turn|17\n|\n|t:|1698693250\n|move|p1a: Gato 1|Flower Trick|p2a: Palafin\n|-start|p1a: Gato 1|typechange|Grass|[from] ability: Protean\n|-supereffective|p2a: Palafin\n|-crit|p2a: Palafin\n|-damage|p2a: Palafin|0 fnt\n|faint|p2a: Palafin\n|\n|upkeep\n|\n|t:|1698693254\n|switch|p2a: Chien-Pao|Chien-Pao|100\/100\n|-ability|p2a: Chien-Pao|Sword of Ruin\n|turn|18\n|\n|t:|1698693262\n|-terastallize|p2a: Chien-Pao|Dark\n|move|p1a: Gato 1|Flower Trick|p2a: Chien-Pao\n|-crit|p2a: Chien-Pao\n|-damage|p2a: Chien-Pao|4\/100\n|move|p2a: Chien-Pao|Swords Dance|p2a: Chien-Pao\n|-boost|p2a: Chien-Pao|atk|2\n|\n|upkeep\n|turn|19\n|\n|t:|1698693271\n|move|p2a: Chien-Pao|Ice Shard|p1a: Gato 1\n|-supereffective|p1a: Gato 1\n|-damage|p1a: Gato 1|0 fnt\n|faint|p1a: Gato 1\n|\n|upkeep\n|\n|t:|1698693277\n|switch|p1a: Gato 3|Incineroar, F|100\/100\n|-ability|p1a: Gato 3|Intimidate|boost\n|-unboost|p2a: Chien-Pao|atk|1\n|turn|20\n|\n|t:|1698693285\n|move|p2a: Chien-Pao|Sacred Sword|p1a: Gato 3\n|-supereffective|p1a: Gato 3\n|-damage|p1a: Gato 3|0 fnt\n|faint|p1a: Gato 3\n|\n|upkeep\n|\n|t:|1698693291\n|switch|p1a: Gato 5|Pyroar, F|100\/100\n|turn|21\n|\n|t:|1698693295\n|move|p1a: Gato 5|Hyper Voice|p2a: Chien-Pao\n|-damage|p2a: Chien-Pao|0 fnt\n|faint|p2a: Chien-Pao\n|\n|win|aguinaldo124\n|raw|aguinaldo124's rating: 1104 &rarr; <strong>1133<\/strong><br \/>(+29 for winning)\n|raw|willstacksgod's rating: 1164 &rarr; <strong>1135<\/strong><br \/>(-29 for losing)\n|c|\u2606aguinaldo124|\ud83d\ude0e\n","uploadtime":1698693346,"views":8,"p1id":"aguinaldo124","p2id":"willstacksgod","formatid":"gen9nationaldexubers","rating":1133,"private":0,"password":""}