{"id":"gen9nationaldexubers-1990388117","p1":"Shisoto","p2":"85792195wwww","format":"[Gen 9] National Dex Ubers","log":"|j|\u2606Shisoto\n|j|\u260685792195wwww\n|t:|1699965616\n|gametype|singles\n|player|p1|Shisoto|veteran|1402\n|player|p2|85792195wwww|mira|1519\n|teamsize|p1|6\n|teamsize|p2|6\n|gen|9\n|tier|[Gen 9] National Dex Ubers\n|rated|\n|rule|HP Percentage Mod: HP is shown in percentages\n|rule|Endless Battle Clause: Forcing endless battles is banned\n|rule|OHKO Clause: OHKO moves are banned\n|rule|Evasion Moves Clause: Evasion moves are banned\n|rule|Evasion Items Clause: Evasion items are banned\n|rule|Species Clause: Limit one of each Pok\u00e9mon\n|rule|Sleep Clause Mod: Limit one foe put to sleep\n|rule|Mega Rayquaza Clause: You cannot mega evolve Rayquaza\n|clearpoke\n|poke|p1|Marshadow|\n|poke|p1|Kyurem-White|\n|poke|p1|Giratina|\n|poke|p1|Ho-Oh|\n|poke|p1|Pheromosa|\n|poke|p1|Yveltal|\n|poke|p2|Xerneas-*|\n|poke|p2|Arceus-Rock|\n|poke|p2|Deoxys-Speed|\n|poke|p2|Ogerpon-Hearthflame, F|\n|poke|p2|Groudon|\n|poke|p2|Rayquaza|\n|teampreview\n|inactive|Battle timer is ON: inactive players will automatically lose when time's up. (requested by Shisoto)\n|\n|t:|1699965626\n|start\n|switch|p1a: Objet 279|Pheromosa|100\/100\n|switch|p2a: Deoxys|Deoxys-Speed|100\/100\n|-ability|p2a: Deoxys|Pressure\n|turn|1\n|\n|t:|1699965638\n|move|p2a: Deoxys|Stealth Rock|p1a: Objet 279\n|-sidestart|p1: Shisoto|move: Stealth Rock\n|move|p1a: Objet 279|U-turn|p2a: Deoxys\n|-supereffective|p2a: Deoxys\n|-damage|p2a: Deoxys|0 fnt\n|faint|p2a: Deoxys\n|-ability|p1a: Objet 279|Beast Boost|boost\n|-boost|p1a: Objet 279|spe|1\n|\n|t:|1699965645\n|switch|p1a: HMS Challenger|Ho-Oh|100\/100|[from] U-turn\n|\n|upkeep\n|\n|t:|1699965650\n|switch|p2a: Arceus|Arceus-Rock|100\/100\n|turn|2\n|\n|t:|1699965656\n|-terastallize|p1a: HMS Challenger|Grass\n|move|p2a: Arceus|Taunt|p1a: HMS Challenger\n|-start|p1a: HMS Challenger|move: Taunt\n|cant|p1a: HMS Challenger|move: Taunt|Defog\n|\n|upkeep\n|turn|3\n|\n|t:|1699965668\n|switch|p2a: Ogerpon|Ogerpon-Hearthflame, F|100\/100\n|-ability|p2a: Ogerpon|Mold Breaker\n|move|p1a: HMS Challenger|Sacred Fire|p2a: Ogerpon|[miss]\n|-miss|p1a: HMS Challenger|p2a: Ogerpon\n|\n|upkeep\n|turn|4\n|\n|t:|1699965681\n|switch|p1a: PzKpftW. Maus|Giratina|100\/100\n|-damage|p1a: PzKpftW. Maus|88\/100|[from] Stealth Rock\n|-ability|p1a: PzKpftW. Maus|Pressure\n|move|p2a: Ogerpon|Ivy Cudgel|p1a: PzKpftW. Maus|[anim] Ivy Cudgel Fire\n|-resisted|p1a: PzKpftW. Maus\n|-damage|p1a: PzKpftW. Maus|75\/100\n|\n|-heal|p1a: PzKpftW. Maus|82\/100|[from] item: Leftovers\n|upkeep\n|turn|5\n|\n|t:|1699965694\n|move|p2a: Ogerpon|Taunt|p1a: PzKpftW. Maus\n|-start|p1a: PzKpftW. Maus|move: Taunt\n|cant|p1a: PzKpftW. Maus|move: Taunt|Defog\n|\n|-heal|p1a: PzKpftW. Maus|88\/100|[from] item: Leftovers\n|upkeep\n|turn|6\n|\n|t:|1699965702\n|move|p2a: Ogerpon|Swords Dance|p2a: Ogerpon\n|-boost|p2a: Ogerpon|atk|2\n|move|p1a: PzKpftW. Maus|Hex|p2a: Ogerpon\n|-damage|p2a: Ogerpon|77\/100\n|\n|-heal|p1a: PzKpftW. Maus|94\/100|[from] item: Leftovers\n|upkeep\n|turn|7\n|\n|t:|1699965718\n|move|p2a: Ogerpon|Ivy Cudgel|p1a: PzKpftW. Maus|[anim] Ivy Cudgel Fire\n|-resisted|p1a: PzKpftW. Maus\n|-damage|p1a: PzKpftW. Maus|67\/100\n|move|p1a: PzKpftW. Maus|Hex|p2a: Ogerpon\n|-damage|p2a: Ogerpon|55\/100\n|\n|-heal|p1a: PzKpftW. Maus|73\/100|[from] item: Leftovers\n|-end|p1a: PzKpftW. Maus|move: Taunt\n|upkeep\n|turn|8\n|\n|t:|1699965728\n|move|p2a: Ogerpon|Taunt|p1a: PzKpftW. Maus\n|-start|p1a: PzKpftW. Maus|move: Taunt\n|move|p1a: PzKpftW. Maus|Hex|p2a: Ogerpon\n|-damage|p2a: Ogerpon|31\/100\n|\n|-heal|p1a: PzKpftW. Maus|79\/100|[from] item: Leftovers\n|upkeep\n|turn|9\n|\n|t:|1699965737\n|move|p2a: Ogerpon|Ivy Cudgel|p1a: PzKpftW. Maus|[anim] Ivy Cudgel Fire\n|-resisted|p1a: PzKpftW. Maus\n|-damage|p1a: PzKpftW. Maus|53\/100\n|move|p1a: PzKpftW. Maus|Hex|p2a: Ogerpon\n|-damage|p2a: Ogerpon|6\/100\n|\n|-heal|p1a: PzKpftW. Maus|59\/100|[from] item: Leftovers\n|upkeep\n|turn|10\n|\n|t:|1699965746\n|move|p2a: Ogerpon|Ivy Cudgel|p1a: PzKpftW. Maus|[anim] Ivy Cudgel Fire\n|-resisted|p1a: PzKpftW. Maus\n|-crit|p1a: PzKpftW. Maus\n|-damage|p1a: PzKpftW. Maus|20\/100\n|move|p1a: PzKpftW. Maus|Hex|p2a: Ogerpon\n|-damage|p2a: Ogerpon|0 fnt\n|faint|p2a: Ogerpon\n|\n|-heal|p1a: PzKpftW. Maus|26\/100|[from] item: Leftovers\n|-end|p1a: PzKpftW. Maus|move: Taunt\n|upkeep\n|\n|t:|1699965759\n|switch|p2a: Arceus|Arceus-Rock|100\/100\n|turn|11\n|\n|t:|1699965769\n|move|p2a: Arceus|Judgment|p1a: PzKpftW. Maus\n|-damage|p1a: PzKpftW. Maus|0 fnt\n|faint|p1a: PzKpftW. Maus\n|\n|upkeep\n|\n|t:|1699965776\n|switch|p1a: Objet 279|Pheromosa|100\/100\n|-damage|p1a: Objet 279|88\/100|[from] Stealth Rock\n|turn|12\n|\n|t:|1699965791\n|move|p1a: Objet 279|High Jump Kick|p2a: Arceus\n|-supereffective|p2a: Arceus\n|-damage|p2a: Arceus|0 fnt\n|faint|p2a: Arceus\n|-ability|p1a: Objet 279|Beast Boost|boost\n|-boost|p1a: Objet 279|spe|1\n|\n|upkeep\n|\n|t:|1699965806\n|switch|p2a: Groudon|Groudon|100\/100\n|detailschange|p2a: Groudon|Groudon-Primal\n|-primal|p2a: Groudon|Red Orb\n|-weather|DesolateLand|[from] ability: Desolate Land|[of] p2a: Groudon\n|turn|13\n|\n|t:|1699965816\n|move|p1a: Objet 279|High Jump Kick|p2a: Groudon\n|-damage|p2a: Groudon|34\/100\n|move|p2a: Groudon|Rock Polish|p2a: Groudon\n|-boost|p2a: Groudon|spe|2\n|\n|-weather|DesolateLand|[upkeep]\n|upkeep\n|turn|14\n|\n|t:|1699965825\n|-weather|none\n|switch|p2a: Rayquaza|Rayquaza|100\/100\n|-ability|p2a: Rayquaza|Air Lock\n|move|p1a: Objet 279|High Jump Kick|p2a: Rayquaza\n|-resisted|p2a: Rayquaza\n|-damage|p2a: Rayquaza|48\/100\n|\n|upkeep\n|turn|15\n|inactive|85792195wwww has 120 seconds left.\n|\n|t:|1699965855\n|-terastallize|p2a: Rayquaza|Ghost\n|move|p1a: Objet 279|High Jump Kick|p2a: Rayquaza\n|-immune|p2a: Rayquaza\n|-damage|p1a: Objet 279|38\/100|[from] highjumpkick\n|move|p2a: Rayquaza|Scale Shot|p1a: Objet 279\n|-damage|p1a: Objet 279|0 fnt\n|faint|p1a: Objet 279\n|-hitcount|p1: Objet 279|1\n|-unboost|p2a: Rayquaza|def|1\n|-boost|p2a: Rayquaza|spe|1\n|-damage|p2a: Rayquaza|38\/100|[from] item: Life Orb\n|\n|upkeep\n|\n|t:|1699965868\n|switch|p1a: HMS Challenger|Ho-Oh, tera:Grass|100\/100\n|turn|16\n|\n|t:|1699965874\n|move|p2a: Rayquaza|Dragon Ascent|p1a: HMS Challenger\n|-supereffective|p1a: HMS Challenger\n|-damage|p1a: HMS Challenger|0 fnt\n|-unboost|p2a: Rayquaza|def|1\n|-unboost|p2a: Rayquaza|spd|1\n|faint|p1a: HMS Challenger\n|-damage|p2a: Rayquaza|28\/100|[from] item: Life Orb\n|\n|upkeep\n|\n|t:|1699965893\n|switch|p1a: FlaRakPz 1|Marshadow|100\/100\n|-damage|p1a: FlaRakPz 1|94\/100|[from] Stealth Rock\n|turn|17\n|\n|t:|1699965899\n|move|p1a: FlaRakPz 1|Shadow Sneak|p2a: Rayquaza\n|-supereffective|p2a: Rayquaza\n|-damage|p2a: Rayquaza|0 fnt\n|faint|p2a: Rayquaza\n|\n|upkeep\n|\n|t:|1699965904\n|switch|p2a: Xerneas|Xerneas|100\/100\n|-ability|p2a: Xerneas|Fairy Aura\n|turn|18\n|\n|t:|1699965909\n|move|p1a: FlaRakPz 1|Spectral Thief|p2a: Xerneas\n|-damage|p2a: Xerneas|66\/100\n|move|p2a: Xerneas|Moonblast|p1a: FlaRakPz 1\n|-supereffective|p1a: FlaRakPz 1\n|-damage|p1a: FlaRakPz 1|0 fnt\n|faint|p1a: FlaRakPz 1\n|\n|upkeep\n|\n|t:|1699965929\n|switch|p1a: Panther Dauphin\u00e9|Yveltal|100\/100\n|-damage|p1a: Panther Dauphin\u00e9|76\/100|[from] Stealth Rock\n|-ability|p1a: Panther Dauphin\u00e9|Dark Aura\n|turn|19\n|\n|t:|1699965938\n|move|p1a: Panther Dauphin\u00e9|Dual Wingbeat|p2a: Xerneas|[miss]\n|-miss|p1a: Panther Dauphin\u00e9|p2a: Xerneas\n|move|p2a: Xerneas|Geomancy||[still]\n|-prepare|p2a: Xerneas|Geomancy\n|-enditem|p2a: Xerneas|Power Herb\n|-anim|p2a: Xerneas|Geomancy|p2a: Xerneas\n|-boost|p2a: Xerneas|spa|2\n|-boost|p2a: Xerneas|spd|2\n|-boost|p2a: Xerneas|spe|2\n|\n|upkeep\n|turn|20\n|\n|t:|1699965947\n|move|p2a: Xerneas|Moonblast|p1a: Panther Dauphin\u00e9\n|-supereffective|p1a: Panther Dauphin\u00e9\n|-damage|p1a: Panther Dauphin\u00e9|0 fnt\n|faint|p1a: Panther Dauphin\u00e9\n|\n|upkeep\n|-message|Shisoto forfeited.\n|\n|win|85792195wwww\n|raw|Shisoto's rating: 1402 &rarr; <strong>1388<\/strong><br \/>(-14 for losing)\n|raw|85792195wwww's rating: 1519 &rarr; <strong>1533<\/strong><br \/>(+14 for winning)\n|l|\u2606Shisoto\n","uploadtime":1699965955,"views":6,"p1id":"shisoto","p2id":"85792195wwww","formatid":"gen9nationaldexubers","rating":1388,"private":0,"password":""}