{"id":"gen9nationaldexubers-1988628160","p1":"HeirEhm","p2":"tbor2002","format":"[Gen 9] National Dex Ubers","log":"|j|\u2606HeirEhm\n|j|\u2606tbor2002\n|t:|1699743694\n|gametype|singles\n|player|p1|HeirEhm|cynthia-gen7|\n|player|p2|tbor2002|wattson|\n|teamsize|p1|6\n|teamsize|p2|6\n|gen|9\n|tier|[Gen 9] National Dex Ubers\n|rule|HP Percentage Mod: HP is shown in percentages\n|rule|Endless Battle Clause: Forcing endless battles is banned\n|rule|OHKO Clause: OHKO moves are banned\n|rule|Evasion Moves Clause: Evasion moves are banned\n|rule|Evasion Items Clause: Evasion items are banned\n|rule|Species Clause: Limit one of each Pok\u00e9mon\n|rule|Sleep Clause Mod: Limit one foe put to sleep\n|rule|Mega Rayquaza Clause: You cannot mega evolve Rayquaza\n|clearpoke\n|poke|p1|Garganacl, M|\n|poke|p1|Ceruledge, F|\n|poke|p1|Klefki, M|\n|poke|p1|Electrode-Hisui|\n|poke|p1|Chansey, F|\n|poke|p1|Murkrow, F|\n|poke|p2|Walking Wake|\n|poke|p2|Muk-Alola, M|\n|poke|p2|Jolteon, F|\n|poke|p2|Toxicroak, M|\n|poke|p2|Crabominable, M|\n|poke|p2|Glimmet, F|\n|teampreview\n|j| PyroGaleZX\n|\n|t:|1699743740\n|start\n|switch|p1a: Jingle Jingle|Klefki, M|100\/100\n|switch|p2a: Toxicroak|Toxicroak, M|100\/100\n|turn|1\n|\n|t:|1699743755\n|move|p1a: Jingle Jingle|Reflect|p1a: Jingle Jingle\n|-sidestart|p1: HeirEhm|Reflect\n|move|p2a: Toxicroak|Drain Punch|p1a: Jingle Jingle\n|-damage|p1a: Jingle Jingle|84\/100\n|-damage|p2a: Toxicroak|91\/100|[from] item: Life Orb\n|\n|upkeep\n|turn|2\n|\n|t:|1699743764\n|switch|p2a: Glimmet|Glimmet, F|100\/100\n|move|p1a: Jingle Jingle|Play Rough|p2a: Glimmet\n|-resisted|p2a: Glimmet\n|-damage|p2a: Glimmet|64\/100\n|-unboost|p2a: Glimmet|atk|1\n|-activate|p2a: Glimmet|ability: Toxic Debris\n|-sidestart|p1: HeirEhm|move: Toxic Spikes\n|\n|upkeep\n|turn|3\n|\n|t:|1699743788\n|move|p1a: Jingle Jingle|Light Screen|p1a: Jingle Jingle\n|-sidestart|p1: HeirEhm|move: Light Screen\n|move|p2a: Glimmet|Power Gem|p1a: Jingle Jingle\n|-resisted|p1a: Jingle Jingle\n|-damage|p1a: Jingle Jingle|74\/100\n|\n|upkeep\n|turn|4\n|\n|t:|1699743798\n|switch|p2a: Muk|Muk-Alola, M|100\/100\n|move|p1a: Jingle Jingle|Play Rough|p2a: Muk\n|-damage|p2a: Muk|73\/100\n|\n|upkeep\n|turn|5\n|\n|t:|1699743807\n|move|p1a: Jingle Jingle|Play Rough|p2a: Muk\n|-damage|p2a: Muk|45\/100\n|move|p2a: Muk|Brick Break|p1a: Jingle Jingle\n|-sideend|p1: HeirEhm|Reflect\n|-sideend|p1: HeirEhm|move: Light Screen\n|-damage|p1a: Jingle Jingle|52\/100\n|\n|upkeep\n|turn|6\n|\n|t:|1699743815\n|switch|p2a: Glimmet|Glimmet, F|64\/100\n|move|p1a: Jingle Jingle|Play Rough|p2a: Glimmet\n|-resisted|p2a: Glimmet\n|-damage|p2a: Glimmet|28\/100\n|-activate|p2a: Glimmet|ability: Toxic Debris\n|-sidestart|p1: HeirEhm|move: Toxic Spikes\n|\n|upkeep\n|turn|7\n|\n|t:|1699743823\n|move|p2a: Glimmet|Stealth Rock|p1a: Jingle Jingle\n|-sidestart|p1: HeirEhm|move: Stealth Rock\n|move|p1a: Jingle Jingle|Play Rough|p2a: Glimmet\n|-resisted|p2a: Glimmet\n|-damage|p2a: Glimmet|0 fnt\n|faint|p2a: Glimmet\n|\n|upkeep\n|\n|t:|1699743858\n|switch|p2a: Walking Wake|Walking Wake|100\/100\n|turn|8\n|\n|t:|1699743893\n|move|p1a: Jingle Jingle|Reflect|p1a: Jingle Jingle\n|-sidestart|p1: HeirEhm|Reflect\n|move|p2a: Walking Wake|Hydro Steam|p1a: Jingle Jingle\n|-damage|p1a: Jingle Jingle|0 fnt\n|faint|p1a: Jingle Jingle\n|\n|upkeep\n|\n|t:|1699743901\n|switch|p1a: Rowkrum|Murkrow, F|100\/100\n|-damage|p1a: Rowkrum|76\/100|[from] Stealth Rock\n|turn|9\n|\n|t:|1699743920\n|-end|p2a: Walking Wake|Protosynthesis|[silent]\n|switch|p2a: Muk|Muk-Alola, M|45\/100\n|move|p1a: Rowkrum|Defog|p2a: Muk\n|-hint|Since gen 7, Dark is immune to Prankster moves.\n|-immune|p2a: Muk\n|\n|upkeep\n|turn|10\n|\n|t:|1699743930\n|move|p1a: Rowkrum|Air Slash|p2a: Muk\n|-damage|p2a: Muk|26\/100\n|move|p2a: Muk|Knock Off|p1a: Rowkrum\n|-resisted|p1a: Rowkrum\n|-damage|p1a: Rowkrum|55\/100\n|-status|p1a: Rowkrum|psn|[from] ability: Poison Touch|[of] p2a: Muk\n|-enditem|p1a: Rowkrum|Eviolite|[from] move: Knock Off|[of] p2a: Muk\n|\n|-damage|p1a: Rowkrum|42\/100 psn|[from] psn\n|upkeep\n|turn|11\n|\n|t:|1699743954\n|move|p1a: Rowkrum|Air Slash|p2a: Muk\n|-damage|p2a: Muk|7\/100\n|move|p2a: Muk|Brick Break|p1a: Rowkrum\n|-sideend|p1: HeirEhm|Reflect\n|-damage|p1a: Rowkrum|0 fnt\n|faint|p1a: Rowkrum\n|\n|upkeep\n|\n|t:|1699743971\n|switch|p1a: Beyblade beyblade|Electrode-Hisui|100\/100\n|-status|p1a: Beyblade beyblade|tox\n|-damage|p1a: Beyblade beyblade|88\/100 tox|[from] Stealth Rock\n|turn|12\n|\n|t:|1699743988\n|move|p1a: Beyblade beyblade|Thunderbolt|p2a: Muk\n|-damage|p2a: Muk|0 fnt\n|faint|p2a: Muk\n|-damage|p1a: Beyblade beyblade|78\/100 tox|[from] item: Life Orb\n|\n|-damage|p1a: Beyblade beyblade|72\/100 tox|[from] psn\n|upkeep\n|\n|t:|1699744003\n|switch|p2a: Crabominable|Crabominable, M|100\/100\n|turn|13\n|\n|t:|1699744013\n|move|p1a: Beyblade beyblade|Volt Switch|p2a: Crabominable\n|-damage|p2a: Crabominable|74\/100\n|-damage|p1a: Beyblade beyblade|62\/100 tox|[from] item: Life Orb\n|\n|t:|1699744015\n|switch|p1a: Wambulance|Chansey, F|100\/100|[from] Volt Switch\n|-status|p1a: Wambulance|tox\n|-damage|p1a: Wambulance|88\/100 tox|[from] Stealth Rock\n|move|p2a: Crabominable|Ice Hammer|p1a: Wambulance|[miss]\n|-miss|p2a: Crabominable|p1a: Wambulance\n|\n|-damage|p1a: Wambulance|82\/100 tox|[from] psn\n|upkeep\n|turn|14\n|\n|t:|1699744027\n|move|p1a: Wambulance|Tri Attack|p2a: Crabominable\n|-damage|p2a: Crabominable|57\/100\n|move|p2a: Crabominable|Drain Punch|p1a: Wambulance\n|-supereffective|p1a: Wambulance\n|-damage|p1a: Wambulance|0 fnt\n|-heal|p2a: Crabominable|100\/100|[from] drain|[of] p1a: Wambulance\n|faint|p1a: Wambulance\n|\n|upkeep\n|\n|t:|1699744035\n|switch|p1a: SWORDSFORHANDS|Ceruledge, F|100\/100\n|turn|15\n|\n|t:|1699744046\n|move|p1a: SWORDSFORHANDS|Bulk Up|p1a: SWORDSFORHANDS\n|-boost|p1a: SWORDSFORHANDS|atk|1\n|-boost|p1a: SWORDSFORHANDS|def|1\n|move|p2a: Crabominable|Earthquake|p1a: SWORDSFORHANDS\n|-supereffective|p1a: SWORDSFORHANDS\n|-damage|p1a: SWORDSFORHANDS|32\/100\n|-ability|p1a: SWORDSFORHANDS|Weak Armor|boost\n|-unboost|p1a: SWORDSFORHANDS|def|1\n|-boost|p1a: SWORDSFORHANDS|spe|2\n|\n|upkeep\n|turn|16\n|\n|t:|1699744063\n|-terastallize|p2a: Crabominable|Fairy\n|move|p1a: SWORDSFORHANDS|Bitter Blade|p2a: Crabominable\n|-damage|p2a: Crabominable|25\/100\n|-heal|p1a: SWORDSFORHANDS|84\/100|[from] drain|[of] p2a: Crabominable\n|move|p2a: Crabominable|Earthquake|p1a: SWORDSFORHANDS\n|-supereffective|p1a: SWORDSFORHANDS\n|-crit|p1a: SWORDSFORHANDS\n|-damage|p1a: SWORDSFORHANDS|0 fnt\n|faint|p1a: SWORDSFORHANDS\n|\n|upkeep\n|\n|t:|1699744073\n|switch|p1a: RegiSalt|Garganacl, M, shiny|100\/100\n|-damage|p1a: RegiSalt|88\/100|[from] Stealth Rock\n|turn|17\n|\n|t:|1699744084\n|move|p2a: Crabominable|Drain Punch|p1a: RegiSalt\n|-supereffective|p1a: RegiSalt\n|-damage|p1a: RegiSalt|24\/100\n|-heal|p2a: Crabominable|58\/100|[from] drain|[of] p1a: RegiSalt\n|move|p1a: RegiSalt|Salt Cure|p2a: Crabominable\n|-damage|p2a: Crabominable|42\/100\n|-start|p2a: Crabominable|Salt Cure\n|\n|-heal|p1a: RegiSalt|30\/100|[from] item: Leftovers\n|-damage|p2a: Crabominable|30\/100|[from] Salt Cure\n|upkeep\n|turn|18\n|\n|t:|1699744096\n|-terastallize|p1a: RegiSalt|Ghost\n|move|p2a: Crabominable|Drain Punch|p1a: RegiSalt\n|-immune|p1a: RegiSalt\n|move|p1a: RegiSalt|Iron Defense|p1a: RegiSalt\n|-boost|p1a: RegiSalt|def|2\n|\n|-heal|p1a: RegiSalt|36\/100|[from] item: Leftovers\n|-damage|p2a: Crabominable|18\/100|[from] Salt Cure\n|upkeep\n|turn|19\n|\n|t:|1699744113\n|move|p2a: Crabominable|Earthquake|p1a: RegiSalt\n|-damage|p1a: RegiSalt|23\/100\n|move|p1a: RegiSalt|Recover|p1a: RegiSalt\n|-heal|p1a: RegiSalt|73\/100\n|\n|-heal|p1a: RegiSalt|79\/100|[from] item: Leftovers\n|-damage|p2a: Crabominable|5\/100|[from] Salt Cure\n|upkeep\n|turn|20\n|\n|t:|1699744124\n|move|p2a: Crabominable|Ice Hammer|p1a: RegiSalt|[miss]\n|-miss|p2a: Crabominable|p1a: RegiSalt\n|move|p1a: RegiSalt|Iron Defense|p1a: RegiSalt\n|-boost|p1a: RegiSalt|def|2\n|\n|-heal|p1a: RegiSalt|85\/100|[from] item: Leftovers\n|-damage|p2a: Crabominable|0 fnt|[from] Salt Cure\n|faint|p2a: Crabominable\n|upkeep\n|\n|t:|1699744176\n|switch|p2a: Jolteon|Jolteon, F|100\/100\n|turn|21\n|\n|t:|1699744182\n|move|p2a: Jolteon|Rain Dance|p2a: Jolteon\n|-weather|RainDance\n|move|p1a: RegiSalt|Body Press|p2a: Jolteon\n|-damage|p2a: Jolteon|0 fnt\n|faint|p2a: Jolteon\n|\n|-weather|RainDance|[upkeep]\n|-heal|p1a: RegiSalt|92\/100|[from] item: Leftovers\n|upkeep\n|\n|t:|1699744189\n|switch|p2a: Walking Wake|Walking Wake|100\/100\n|turn|22\n|\n|t:|1699744195\n|move|p2a: Walking Wake|Hydro Steam|p1a: RegiSalt\n|-damage|p1a: RegiSalt|35\/100\n|move|p1a: RegiSalt|Salt Cure|p2a: Walking Wake\n|-damage|p2a: Walking Wake|85\/100\n|-start|p2a: Walking Wake|Salt Cure\n|\n|-weather|RainDance|[upkeep]\n|-heal|p1a: RegiSalt|41\/100|[from] item: Leftovers\n|-damage|p2a: Walking Wake|60\/100|[from] Salt Cure\n|upkeep\n|turn|23\n|\n|t:|1699744225\n|switch|p1a: Beyblade beyblade|Electrode-Hisui|62\/100 tox\n|-damage|p1a: Beyblade beyblade|50\/100 tox|[from] Stealth Rock\n|move|p2a: Walking Wake|Hydro Steam|p1a: Beyblade beyblade\n|-resisted|p1a: Beyblade beyblade\n|-damage|p1a: Beyblade beyblade|0 fnt\n|faint|p1a: Beyblade beyblade\n|\n|-weather|RainDance|[upkeep]\n|-damage|p2a: Walking Wake|35\/100|[from] Salt Cure\n|upkeep\n|\n|t:|1699744235\n|switch|p1a: RegiSalt|Garganacl, M, shiny, tera:Ghost|41\/100\n|-damage|p1a: RegiSalt|29\/100|[from] Stealth Rock\n|turn|24\n|\n|t:|1699744238\n|move|p2a: Walking Wake|Hydro Steam|p1a: RegiSalt\n|-damage|p1a: RegiSalt|0 fnt\n|faint|p1a: RegiSalt\n|\n|win|tbor2002\n|l|\u2606HeirEhm\n|l| PyroGaleZX\n","uploadtime":1699744254,"views":5,"p1id":"heirehm","p2id":"tbor2002","formatid":"gen9nationaldexubers","rating":0,"private":0,"password":""}