{"id":"gen9nationaldexubers-1985906142","p1":"Irfanayan","p2":"SystemSeven","format":"[Gen 9] National Dex Ubers","log":"|j|\u2606Irfanayan\n|j|\u2606SystemSeven\n|t:|1699420553\n|gametype|singles\n|player|p1|Irfanayan|1|1656\n|player|p2|SystemSeven|2|1741\n|teamsize|p1|6\n|teamsize|p2|6\n|gen|9\n|tier|[Gen 9] National Dex Ubers\n|rated|\n|rule|HP Percentage Mod: HP is shown in percentages\n|rule|Endless Battle Clause: Forcing endless battles is banned\n|rule|OHKO Clause: OHKO moves are banned\n|rule|Evasion Moves Clause: Evasion moves are banned\n|rule|Evasion Items Clause: Evasion items are banned\n|rule|Species Clause: Limit one of each Pok\u00e9mon\n|rule|Sleep Clause Mod: Limit one foe put to sleep\n|rule|Mega Rayquaza Clause: You cannot mega evolve Rayquaza\n|clearpoke\n|poke|p1|Groudon|\n|poke|p1|Xerneas-*|\n|poke|p1|Arceus|\n|poke|p1|Necrozma-Dusk-Mane|\n|poke|p1|Zygarde|\n|poke|p1|Deoxys-Attack|\n|poke|p2|Groudon|\n|poke|p2|Necrozma-Dusk-Mane|\n|poke|p2|Ho-Oh|\n|poke|p2|Arceus-Dark|\n|poke|p2|Kyogre|\n|poke|p2|Zacian-*|\n|teampreview\n|inactive|Battle timer is ON: inactive players will automatically lose when time's up. (requested by Irfanayan)\n|\n|t:|1699420570\n|start\n|switch|p1a: Deoxys|Deoxys-Attack|100\/100\n|switch|p2a: Necrozma|Necrozma-Dusk-Mane|100\/100\n|-ability|p1a: Deoxys|Pressure\n|turn|1\n|\n|t:|1699420581\n|switch|p1a: Necrozma|Necrozma-Dusk-Mane|100\/100\n|move|p2a: Necrozma|Knock Off|p1a: Necrozma\n|-supereffective|p1a: Necrozma\n|-damage|p1a: Necrozma|75\/100\n|\n|upkeep\n|turn|2\n|\n|t:|1699420591\n|switch|p2a: Arceus|Arceus-Dark|100\/100\n|move|p1a: Necrozma|Dragon Dance|p1a: Necrozma\n|-boost|p1a: Necrozma|atk|1\n|-boost|p1a: Necrozma|spe|1\n|\n|upkeep\n|turn|3\n|\n|t:|1699420603\n|detailschange|p1a: Necrozma|Necrozma-Ultra\n|-burst|p1a: Necrozma|Necrozma|Ultranecrozium Z\n|move|p1a: Necrozma|Earth Power|p2a: Arceus\n|-damage|p2a: Arceus|74\/100\n|move|p2a: Arceus|Foul Play|p1a: Necrozma\n|-supereffective|p1a: Necrozma\n|-damage|p1a: Necrozma|0 fnt\n|faint|p1a: Necrozma\n|\n|upkeep\n|\n|t:|1699420614\n|switch|p1a: Deoxys|Deoxys-Attack|100\/100\n|-ability|p1a: Deoxys|Pressure\n|turn|4\n|\n|t:|1699420620\n|move|p1a: Deoxys|Low Kick|p2a: Arceus\n|-supereffective|p2a: Arceus\n|-damage|p2a: Arceus|0 fnt\n|faint|p2a: Arceus\n|-damage|p1a: Deoxys|91\/100|[from] item: Life Orb\n|\n|upkeep\n|\n|t:|1699420622\n|switch|p2a: Necrozma|Necrozma-Dusk-Mane|100\/100\n|turn|5\n|\n|t:|1699420630\n|move|p1a: Deoxys|Low Kick|p2a: Necrozma\n|-damage|p2a: Necrozma|53\/100\n|-damage|p1a: Deoxys|74\/100|[from] item: Rocky Helmet|[of] p2a: Necrozma\n|-damage|p1a: Deoxys|64\/100|[from] item: Life Orb\n|move|p2a: Necrozma|Sunsteel Strike|p1a: Deoxys\n|-damage|p1a: Deoxys|0 fnt\n|faint|p1a: Deoxys\n|\n|upkeep\n|\n|t:|1699420648\n|switch|p1a: Arceus|Arceus|100\/100\n|turn|6\n|\n|t:|1699420654\n|switch|p2a: Ho-Oh|Ho-Oh|100\/100\n|move|p1a: Arceus|Swords Dance|p1a: Arceus\n|-boost|p1a: Arceus|atk|2\n|\n|upkeep\n|turn|7\n|\n|t:|1699420661\n|move|p1a: Arceus|Extreme Speed|p2a: Ho-Oh\n|-damage|p2a: Ho-Oh|24\/100\n|-damage|p1a: Arceus|91\/100|[from] item: Life Orb\n|move|p2a: Ho-Oh|Sacred Fire|p1a: Arceus\n|-damage|p1a: Arceus|61\/100\n|-status|p1a: Arceus|brn\n|\n|-damage|p1a: Arceus|55\/100 brn|[from] brn\n|upkeep\n|turn|8\n|\n|t:|1699420676\n|switch|p2a: Necrozma|Necrozma-Dusk-Mane|53\/100\n|move|p1a: Arceus|Swords Dance|p1a: Arceus\n|-boost|p1a: Arceus|atk|2\n|\n|-damage|p1a: Arceus|49\/100 brn|[from] brn\n|upkeep\n|turn|9\n|\n|t:|1699420684\n|move|p1a: Arceus|Earthquake|p2a: Necrozma\n|-supereffective|p2a: Necrozma\n|-damage|p2a: Necrozma|0 fnt\n|faint|p2a: Necrozma\n|-damage|p1a: Arceus|39\/100 brn|[from] item: Life Orb\n|\n|-damage|p1a: Arceus|33\/100 brn|[from] brn\n|upkeep\n|\n|t:|1699420687\n|switch|p2a: Zacian|Zacian-Crowned|100\/100\n|-ability|p2a: Zacian|Intrepid Sword|boost\n|-boost|p2a: Zacian|atk|1\n|turn|10\n|\n|t:|1699420697\n|move|p1a: Arceus|Extreme Speed|p2a: Zacian\n|-resisted|p2a: Zacian\n|-damage|p2a: Zacian|60\/100\n|-damage|p1a: Arceus|23\/100 brn|[from] item: Life Orb\n|move|p2a: Zacian|Behemoth Blade|p1a: Arceus\n|-damage|p1a: Arceus|0 fnt\n|faint|p1a: Arceus\n|\n|upkeep\n|\n|t:|1699420708\n|switch|p1a: Zygarde|Zygarde|100\/100\n|turn|11\n|j| advzu11e B-ACE\n|\n|t:|1699420725\n|switch|p2a: Ho-Oh|Ho-Oh|57\/100\n|-terastallize|p1a: Zygarde|Poison\n|move|p1a: Zygarde|Coil|p1a: Zygarde\n|-boost|p1a: Zygarde|atk|1\n|-boost|p1a: Zygarde|def|1\n|-boost|p1a: Zygarde|accuracy|1\n|\n|upkeep\n|turn|12\n|l| advzu11e B-ACE\n|\n|t:|1699420740\n|move|p1a: Zygarde|Thousand Arrows|p2a: Ho-Oh\n|-damage|p2a: Ho-Oh|25\/100\n|-start|p2a: Ho-Oh|Smack Down\n|move|p2a: Ho-Oh|Sacred Fire|p1a: Zygarde\n|-damage|p1a: Zygarde|84\/100\n|\n|-heal|p1a: Zygarde|90\/100|[from] item: Leftovers\n|upkeep\n|turn|13\n|\n|t:|1699420759\n|-terastallize|p2a: Ho-Oh|Grass\n|move|p1a: Zygarde|Dragon Dance|p1a: Zygarde\n|-boost|p1a: Zygarde|atk|1\n|-boost|p1a: Zygarde|spe|1\n|move|p2a: Ho-Oh|Whirlwind|p1a: Zygarde\n|drag|p1a: Groudon|Groudon|100\/100\n|detailschange|p1a: Groudon|Groudon-Primal\n|-primal|p1a: Groudon|Red Orb\n|-weather|DesolateLand|[from] ability: Desolate Land|[of] p1a: Groudon\n|\n|-weather|DesolateLand|[upkeep]\n|upkeep\n|turn|14\n|\n|t:|1699420773\n|switch|p2a: Kyogre|Kyogre|100\/100\n|detailschange|p2a: Kyogre|Kyogre-Primal\n|-primal|p2a: Kyogre|Blue Orb\n|-weather|PrimordialSea|[from] ability: Primordial Sea|[of] p2a: Kyogre\n|move|p1a: Groudon|Precipice Blades|p2a: Kyogre\n|-damage|p2a: Kyogre|38\/100\n|\n|-weather|PrimordialSea|[upkeep]\n|upkeep\n|turn|15\n|\n|t:|1699420785\n|move|p2a: Kyogre|Scald|p1a: Groudon\n|-supereffective|p1a: Groudon\n|-damage|p1a: Groudon|0 fnt\n|faint|p1a: Groudon\n|\n|-weather|PrimordialSea|[upkeep]\n|upkeep\n|\n|t:|1699420791\n|switch|p1a: Xerneas|Xerneas|100\/100\n|-ability|p1a: Xerneas|Fairy Aura\n|turn|16\n|\n|t:|1699420798\n|move|p1a: Xerneas|Geomancy||[still]\n|-prepare|p1a: Xerneas|Geomancy\n|-enditem|p1a: Xerneas|Power Herb\n|-anim|p1a: Xerneas|Geomancy|p1a: Xerneas\n|-boost|p1a: Xerneas|spa|2\n|-boost|p1a: Xerneas|spd|2\n|-boost|p1a: Xerneas|spe|2\n|move|p2a: Kyogre|Scald|p1a: Xerneas\n|-damage|p1a: Xerneas|72\/100\n|\n|-weather|PrimordialSea|[upkeep]\n|upkeep\n|turn|17\n|\n|t:|1699420808\n|move|p1a: Xerneas|Moonblast|p2a: Kyogre\n|-damage|p2a: Kyogre|0 fnt\n|faint|p2a: Kyogre\n|-weather|none\n|\n|upkeep\n|\n|t:|1699420816\n|switch|p2a: Ho-Oh|Ho-Oh, tera:Grass|59\/100\n|turn|18\n|\n|t:|1699420821\n|switch|p2a: Zacian|Zacian-Crowned|60\/100\n|move|p1a: Xerneas|Moonblast|p2a: Zacian\n|-resisted|p2a: Zacian\n|-damage|p2a: Zacian|0 fnt\n|faint|p2a: Zacian\n|\n|upkeep\n|\n|t:|1699420822\n|switch|p2a: Ho-Oh|Ho-Oh, tera:Grass|92\/100\n|turn|19\n|\n|t:|1699420832\n|move|p1a: Xerneas|Moonblast|p2a: Ho-Oh\n|-damage|p2a: Ho-Oh|7\/100\n|move|p2a: Ho-Oh|Whirlwind|p1a: Xerneas\n|drag|p1a: Zygarde|Zygarde, tera:Poison|90\/100\n|\n|-heal|p1a: Zygarde|96\/100|[from] item: Leftovers\n|upkeep\n|turn|20\n|\n|t:|1699420849\n|move|p1a: Zygarde|Dragon Dance|p1a: Zygarde\n|-boost|p1a: Zygarde|atk|1\n|-boost|p1a: Zygarde|spe|1\n|move|p2a: Ho-Oh|Sacred Fire|p1a: Zygarde\n|-damage|p1a: Zygarde|73\/100\n|-status|p1a: Zygarde|brn\n|\n|-heal|p1a: Zygarde|80\/100 brn|[from] item: Leftovers\n|-damage|p1a: Zygarde|73\/100 brn|[from] brn\n|upkeep\n|turn|21\n|\n|t:|1699420868\n|move|p1a: Zygarde|Thousand Arrows|p2a: Ho-Oh\n|-resisted|p2a: Ho-Oh\n|-damage|p2a: Ho-Oh|0 fnt\n|faint|p2a: Ho-Oh\n|\n|-heal|p1a: Zygarde|80\/100 brn|[from] item: Leftovers\n|-damage|p1a: Zygarde|73\/100 brn|[from] brn\n|upkeep\n|\n|t:|1699420871\n|switch|p2a: Groudon|Groudon|100\/100\n|detailschange|p2a: Groudon|Groudon-Primal\n|-primal|p2a: Groudon|Red Orb\n|-weather|DesolateLand|[from] ability: Desolate Land|[of] p2a: Groudon\n|turn|22\n|\n|t:|1699420885\n|move|p1a: Zygarde|Coil|p1a: Zygarde\n|-boost|p1a: Zygarde|atk|1\n|-boost|p1a: Zygarde|def|1\n|-boost|p1a: Zygarde|accuracy|1\n|move|p2a: Groudon|Precipice Blades|p1a: Zygarde\n|-supereffective|p1a: Zygarde\n|-damage|p1a: Zygarde|13\/100 brn\n|\n|-weather|DesolateLand|[upkeep]\n|-heal|p1a: Zygarde|20\/100 brn|[from] item: Leftovers\n|-damage|p1a: Zygarde|13\/100 brn|[from] brn\n|-activate|p1a: Zygarde|ability: Power Construct\n|detailschange|p1a: Zygarde|Zygarde-Complete, tera:Poison\n|-heal|p1a: Zygarde|43\/100 brn|[silent]\n|upkeep\n|turn|23\n|\n|t:|1699420900\n|move|p1a: Zygarde|Thousand Arrows|p2a: Groudon\n|-supereffective|p2a: Groudon\n|-damage|p2a: Groudon|60\/100\n|move|p2a: Groudon|Precipice Blades|p1a: Zygarde\n|-supereffective|p1a: Zygarde\n|-damage|p1a: Zygarde|1\/100 brn\n|\n|-weather|DesolateLand|[upkeep]\n|-heal|p1a: Zygarde|8\/100 brn|[from] item: Leftovers\n|-damage|p1a: Zygarde|1\/100 brn|[from] brn\n|upkeep\n|turn|24\n|\n|t:|1699420911\n|move|p1a: Zygarde|Thousand Arrows|p2a: Groudon\n|-supereffective|p2a: Groudon\n|-damage|p2a: Groudon|22\/100\n|move|p2a: Groudon|Spikes|p1a: Zygarde\n|-sidestart|p1: Irfanayan|Spikes\n|\n|-weather|DesolateLand|[upkeep]\n|-heal|p1a: Zygarde|8\/100 brn|[from] item: Leftovers\n|-damage|p1a: Zygarde|1\/100 brn|[from] brn\n|upkeep\n|turn|25\n|-message|SystemSeven forfeited.\n|\n|win|Irfanayan\n|raw|Irfanayan's rating: 1656 &rarr; <strong>1681<\/strong><br \/>(+25 for winning)\n|raw|SystemSeven's rating: 1741 &rarr; <strong>1716<\/strong><br \/>(-25 for losing)\n|l|\u2606SystemSeven\n|l|\u2606Irfanayan\n","uploadtime":1699420935,"views":6,"p1id":"irfanayan","p2id":"systemseven","formatid":"gen9nationaldexubers","rating":1681,"private":0,"password":""}