{"id":"gen9nationaldexubers-1983542895","p1":"Eimint64","p2":"letch","format":"[Gen 9] National Dex Ubers","log":"|j|\u2606Eimint64\n|j|\u2606letch\n|t:|1699141529\n|gametype|singles\n|player|p1|Eimint64|blackbelt-gen4dp|1468\n|player|p2|letch|wallace|1564\n|teamsize|p1|6\n|teamsize|p2|6\n|gen|9\n|tier|[Gen 9] National Dex Ubers\n|rated|\n|rule|HP Percentage Mod: HP is shown in percentages\n|rule|Endless Battle Clause: Forcing endless battles is banned\n|rule|OHKO Clause: OHKO moves are banned\n|rule|Evasion Moves Clause: Evasion moves are banned\n|rule|Evasion Items Clause: Evasion items are banned\n|rule|Species Clause: Limit one of each Pok\u00e9mon\n|rule|Sleep Clause Mod: Limit one foe put to sleep\n|rule|Mega Rayquaza Clause: You cannot mega evolve Rayquaza\n|clearpoke\n|poke|p1|Pheromosa|\n|poke|p1|Marshadow|\n|poke|p1|Basculin-White-Striped, M|\n|poke|p1|Wobbuffet, M|\n|poke|p1|Glalie, M|\n|poke|p1|Cyclizar, F|\n|poke|p2|Kingambit, M|\n|poke|p2|Kyogre|\n|poke|p2|Groudon|\n|poke|p2|Arceus|\n|poke|p2|Diancie|\n|poke|p2|Giratina-Origin|\n|teampreview\n|inactive|Battle timer is ON: inactive players will automatically lose when time's up. (requested by Eimint64)\n|l|\u2606letch\n|inactive|letch disconnected and has a minute to reconnect!\n|player|p2|\n|j|\u2606letch\n|inactive|letch reconnected and has 125 seconds left.\n|player|p2|letch|wallace\n|inactive|letch has 120 seconds left.\n|\n|t:|1699141561\n|start\n|switch|p1a: Basculin|Basculin-White-Striped, M|100\/100\n|switch|p2a: Kingambit|Kingambit, M, shiny|100\/100\n|turn|1\n|\n|t:|1699141570\n|move|p1a: Basculin|Flip Turn|p2a: Kingambit\n|-damage|p2a: Kingambit|77\/100\n|\n|t:|1699141573\n|switch|p1a: Marshadow|Marshadow|100\/100|[from] Flip Turn\n|move|p2a: Kingambit|Stealth Rock|p1a: Marshadow\n|-sidestart|p1: Eimint64|move: Stealth Rock\n|\n|upkeep\n|turn|2\n|\n|t:|1699141584\n|-terastallize|p2a: Kingambit|Dark\n|move|p2a: Kingambit|Sucker Punch||[still]\n|-fail|p2a: Kingambit\n|move|p1a: Marshadow|Swagger|p2a: Kingambit\n|-boost|p2a: Kingambit|atk|2\n|-enditem|p1a: Marshadow|Mirror Herb\n|-boost|p1a: Marshadow|atk|2|[from] item: Mirror Herb\n|-start|p2a: Kingambit|confusion\n|\n|upkeep\n|turn|3\n|\n|t:|1699141593\n|move|p1a: Marshadow|Shadow Sneak|p2a: Kingambit\n|-resisted|p2a: Kingambit\n|-damage|p2a: Kingambit|54\/100\n|-activate|p2a: Kingambit|confusion\n|move|p2a: Kingambit|Sucker Punch||[still]\n|-fail|p2a: Kingambit\n|\n|upkeep\n|turn|4\n|\n|t:|1699141600\n|move|p1a: Marshadow|Spectral Thief||[still]\n|-clearpositiveboost|p2a: Kingambit|p1a: Marshadow|move: Spectral Thief\n|-boost|p1a: Marshadow|atk|2\n|-anim|p1a: Marshadow|Spectral Thief|p2a: Kingambit\n|-resisted|p2a: Kingambit\n|-damage|p2a: Kingambit|0 fnt\n|faint|p2a: Kingambit\n|-end|p2a: Kingambit|fallenundefined|[silent]\n|\n|upkeep\n|\n|t:|1699141620\n|switch|p2a: Giratina|Giratina-Origin|100\/100\n|turn|5\n|\n|t:|1699141633\n|switch|p2a: Arceus|Arceus|100\/100\n|move|p1a: Marshadow|Shadow Sneak|p2a: Arceus\n|-immune|p2a: Arceus\n|\n|upkeep\n|turn|6\n|\n|t:|1699141637\n|move|p1a: Marshadow|Force Palm|p2a: Arceus\n|-supereffective|p2a: Arceus\n|-damage|p2a: Arceus|0 fnt\n|faint|p2a: Arceus\n|\n|upkeep\n|\n|t:|1699141645\n|switch|p2a: Groudon|Groudon, shiny|100\/100\n|detailschange|p2a: Groudon|Groudon-Primal, shiny\n|-primal|p2a: Groudon|Red Orb\n|-weather|DesolateLand|[from] ability: Desolate Land|[of] p2a: Groudon\n|turn|7\n|\n|t:|1699141657\n|move|p1a: Marshadow|Force Palm|p2a: Groudon\n|-damage|p2a: Groudon|14\/100\n|-status|p2a: Groudon|par\n|move|p2a: Groudon|Heat Crash|p1a: Marshadow\n|-damage|p1a: Marshadow|0 fnt\n|faint|p1a: Marshadow\n|\n|-weather|DesolateLand|[upkeep]\n|upkeep\n|\n|t:|1699141666\n|switch|p1a: Pheromosa|Pheromosa|100\/100\n|-damage|p1a: Pheromosa|88\/100|[from] Stealth Rock\n|turn|8\n|\n|t:|1699141671\n|-weather|none\n|switch|p2a: Giratina|Giratina-Origin|100\/100\n|move|p1a: Pheromosa|Swagger|p2a: Giratina\n|-boost|p2a: Giratina|atk|2\n|-enditem|p1a: Pheromosa|Mirror Herb\n|-boost|p1a: Pheromosa|atk|2|[from] item: Mirror Herb\n|-start|p2a: Giratina|confusion\n|\n|upkeep\n|turn|9\n|\n|t:|1699141680\n|move|p1a: Pheromosa|Triple Axel|p2a: Giratina\n|-supereffective|p2a: Giratina\n|-damage|p2a: Giratina|81\/100\n|-hitcount|p2a: Giratina|1\n|-activate|p2a: Giratina|confusion\n|move|p2a: Giratina|Will-O-Wisp|p1a: Pheromosa\n|-status|p1a: Pheromosa|brn\n|\n|-damage|p1a: Pheromosa|82\/100 brn|[from] brn\n|upkeep\n|turn|10\n|\n|t:|1699141690\n|move|p1a: Pheromosa|Triple Axel|p2a: Giratina\n|-supereffective|p2a: Giratina\n|-damage|p2a: Giratina|70\/100\n|-supereffective|p2a: Giratina\n|-damage|p2a: Giratina|50\/100\n|-supereffective|p2a: Giratina\n|-damage|p2a: Giratina|19\/100\n|-hitcount|p2a: Giratina|3\n|-activate|p2a: Giratina|confusion\n|-damage|p2a: Giratina|7\/100|[from] confusion\n|\n|-damage|p1a: Pheromosa|76\/100 brn|[from] brn\n|upkeep\n|turn|11\n|\n|t:|1699141697\n|switch|p2a: Kyogre|Kyogre|100\/100\n|detailschange|p2a: Kyogre|Kyogre-Primal\n|-primal|p2a: Kyogre|Blue Orb\n|-weather|PrimordialSea|[from] ability: Primordial Sea|[of] p2a: Kyogre\n|move|p1a: Pheromosa|Lunge|p2a: Kyogre\n|-damage|p2a: Kyogre|61\/100\n|-unboost|p2a: Kyogre|atk|1\n|\n|-weather|PrimordialSea|[upkeep]\n|-damage|p1a: Pheromosa|70\/100 brn|[from] brn\n|upkeep\n|turn|12\n|\n|t:|1699141703\n|move|p1a: Pheromosa|Close Combat|p2a: Kyogre\n|-damage|p2a: Kyogre|0 fnt\n|-unboost|p1a: Pheromosa|def|1\n|-unboost|p1a: Pheromosa|spd|1\n|faint|p2a: Kyogre\n|-weather|none\n|-ability|p1a: Pheromosa|Beast Boost|boost\n|-boost|p1a: Pheromosa|spe|1\n|\n|-damage|p1a: Pheromosa|64\/100 brn|[from] brn\n|upkeep\n|\n|t:|1699141711\n|switch|p2a: Diancie|Diancie|100\/100\n|turn|13\n|\n|t:|1699141714\n|move|p1a: Pheromosa|Close Combat|p2a: Diancie\n|-damage|p2a: Diancie|32\/100\n|-unboost|p1a: Pheromosa|def|1\n|-unboost|p1a: Pheromosa|spd|1\n|move|p2a: Diancie|Diamond Storm|p1a: Pheromosa\n|-damage|p1a: Pheromosa|0 fnt\n|faint|p1a: Pheromosa\n|\n|upkeep\n|\n|t:|1699141719\n|switch|p1a: Basculin|Basculin-White-Striped, M|100\/100\n|-damage|p1a: Basculin|88\/100|[from] Stealth Rock\n|turn|14\n|\n|t:|1699141726\n|detailschange|p2a: Diancie|Diancie-Mega\n|-mega|p2a: Diancie|Diancie|Diancite\n|move|p1a: Basculin|Flip Turn|p2a: Diancie\n|-supereffective|p2a: Diancie\n|-damage|p2a: Diancie|0 fnt\n|faint|p2a: Diancie\n|\n|t:|1699141735\n|switch|p1a: Cyclizar|Cyclizar, F|100\/100|[from] Flip Turn\n|\n|upkeep\n|\n|t:|1699141743\n|switch|p2a: Groudon|Groudon-Primal, shiny|14\/100 par\n|-weather|DesolateLand|[from] ability: Desolate Land|[of] p2a: Groudon\n|turn|15\n|\n|t:|1699141747\n|move|p1a: Cyclizar|Draco Meteor|p2a: Groudon\n|-damage|p2a: Groudon|0 fnt\n|-unboost|p1a: Cyclizar|spa|2\n|faint|p2a: Groudon\n|-weather|none\n|\n|upkeep\n|\n|t:|1699141750\n|switch|p2a: Giratina|Giratina-Origin|7\/100\n|turn|16\n|-message|letch forfeited.\n|\n|win|Eimint64\n|raw|Eimint64's rating: 1468 &rarr; <strong>1493<\/strong><br \/>(+25 for winning)\n|raw|letch's rating: 1564 &rarr; <strong>1539<\/strong><br \/>(-25 for losing)\n|l|\u2606letch\n","uploadtime":1699141759,"views":5,"p1id":"eimint64","p2id":"letch","formatid":"gen9nationaldexubers","rating":1493,"private":0,"password":""}