{"id":"gen9nationaldexubers-1987430450","p1":"Fv8hd","p2":"MusicalJoker","format":"[Gen 9] National Dex Ubers","log":"|j|\u2606Fv8hd\n|j|\u2606MusicalJoker\n|t:|1699590438\n|gametype|singles\n|player|p1|Fv8hd|2|\n|player|p2|MusicalJoker|102|\n|teamsize|p1|6\n|teamsize|p2|6\n|gen|9\n|tier|[Gen 9] National Dex Ubers\n|rule|HP Percentage Mod: HP is shown in percentages\n|rule|Endless Battle Clause: Forcing endless battles is banned\n|rule|OHKO Clause: OHKO moves are banned\n|rule|Evasion Moves Clause: Evasion moves are banned\n|rule|Evasion Items Clause: Evasion items are banned\n|rule|Species Clause: Limit one of each Pok\u00e9mon\n|rule|Sleep Clause Mod: Limit one foe put to sleep\n|rule|Mega Rayquaza Clause: You cannot mega evolve Rayquaza\n|clearpoke\n|poke|p1|Tapu Lele|\n|poke|p1|Kommo-o, F|\n|poke|p1|Toxapex, M|\n|poke|p1|Necrozma|\n|poke|p1|Mimikyu, F|\n|poke|p1|Nihilego|\n|poke|p2|Torterra, F|\n|poke|p2|Heatran, M|\n|poke|p2|Rotom-Wash|\n|poke|p2|Garchomp, M|\n|poke|p2|Gallade, M|\n|poke|p2|Floatzel, M|\n|teampreview\n|j| JDkot\n|\n|t:|1699590457\n|start\n|switch|p1a: Pikajew|Mimikyu, F|100\/100\n|switch|p2a: Bi-doof|Rotom-Wash|100\/100\n|turn|1\n|\n|t:|1699590467\n|move|p2a: Bi-doof|Rain Dance|p2a: Bi-doof\n|-weather|RainDance\n|move|p1a: Pikajew|Swords Dance|p1a: Pikajew\n|-boost|p1a: Pikajew|atk|2\n|\n|-weather|RainDance|[upkeep]\n|upkeep\n|turn|2\n|\n|t:|1699590485\n|move|p1a: Pikajew|Swords Dance|p1a: Pikajew\n|-boost|p1a: Pikajew|atk|2\n|move|p2a: Bi-doof|Toxic|p1a: Pikajew|[miss]\n|-miss|p2a: Bi-doof|p1a: Pikajew\n|\n|-weather|RainDance|[upkeep]\n|upkeep\n|turn|3\n|\n|t:|1699590531\n|switch|p2a: Bee-dooph|Heatran, M|100\/100\n|-item|p2a: Bee-dooph|Air Balloon\n|move|p1a: Pikajew|Play Rough|p2a: Bee-dooph\n|-resisted|p2a: Bee-dooph\n|-damage|p2a: Bee-dooph|70\/100\n|-status|p1a: Pikajew|brn|[from] ability: Flame Body|[of] p2a: Bee-dooph\n|-enditem|p2a: Bee-dooph|Air Balloon\n|\n|-weather|RainDance|[upkeep]\n|-damage|p1a: Pikajew|94\/100 brn|[from] brn\n|upkeep\n|turn|4\n|\n|t:|1699590589\n|move|p2a: Bee-dooph|Taunt|p1a: Pikajew\n|-start|p1a: Pikajew|move: Taunt\n|move|p1a: Pikajew|Drain Punch|p2a: Bee-dooph\n|-supereffective|p2a: Bee-dooph\n|-damage|p2a: Bee-dooph|7\/100\n|-heal|p1a: Pikajew|100\/100 brn|[from] drain|[of] p2a: Bee-dooph\n|\n|-weather|RainDance|[upkeep]\n|-damage|p1a: Pikajew|94\/100 brn|[from] brn\n|upkeep\n|turn|5\n|\n|t:|1699590601\n|move|p1a: Pikajew|Shadow Sneak|p2a: Bee-dooph\n|-damage|p2a: Bee-dooph|0 fnt\n|faint|p2a: Bee-dooph\n|\n|-weather|RainDance|[upkeep]\n|-heal|p1a: Pikajew|100\/100 brn|[from] item: Leftovers\n|-damage|p1a: Pikajew|94\/100 brn|[from] brn\n|upkeep\n|\n|t:|1699590634\n|switch|p2a: Bee-doof|Floatzel, M|100\/100\n|turn|6\n|\n|t:|1699590652\n|move|p2a: Bee-doof|Aqua Jet|p1a: Pikajew\n|-activate|p1a: Pikajew|ability: Disguise\n|-damage|p1a: Pikajew|94\/100 brn\n|detailschange|p1a: Pikajew|Mimikyu-Busted, F\n|-damage|p1a: Pikajew|82\/100 brn|[from] pokemon: Mimikyu-Busted\n|-damage|p2a: Bee-doof|91\/100|[from] item: Life Orb\n|move|p1a: Pikajew|Drain Punch|p2a: Bee-doof\n|-crit|p2a: Bee-doof\n|-damage|p2a: Bee-doof|2\/100\n|-heal|p1a: Pikajew|100\/100 brn|[from] drain|[of] p2a: Bee-doof\n|\n|-weather|RainDance|[upkeep]\n|-damage|p1a: Pikajew|94\/100 brn|[from] brn\n|-end|p1a: Pikajew|move: Taunt\n|upkeep\n|turn|7\n|j| deleter191\n|\n|t:|1699590687\n|move|p1a: Pikajew|Shadow Sneak|p2a: Bee-doof\n|-damage|p2a: Bee-doof|0 fnt\n|faint|p2a: Bee-doof\n|\n|-weather|RainDance|[upkeep]\n|-heal|p1a: Pikajew|100\/100 brn|[from] item: Leftovers\n|-damage|p1a: Pikajew|94\/100 brn|[from] brn\n|upkeep\n|\n|t:|1699590789\n|switch|p2a: B-d-oof|Torterra, F|100\/100\n|turn|8\n|\n|t:|1699590802\n|switch|p1a: Detroit Citizen|Necrozma|100\/100\n|move|p2a: B-d-oof|Shell Smash|p2a: B-d-oof\n|-unboost|p2a: B-d-oof|def|1\n|-unboost|p2a: B-d-oof|spd|1\n|-boost|p2a: B-d-oof|atk|2\n|-boost|p2a: B-d-oof|spa|2\n|-boost|p2a: B-d-oof|spe|2\n|-enditem|p1a: Detroit Citizen|Mirror Herb\n|-boost|p1a: Detroit Citizen|atk|2|[from] item: Mirror Herb\n|-boost|p1a: Detroit Citizen|spa|2|[from] item: Mirror Herb\n|-boost|p1a: Detroit Citizen|spe|2|[from] item: Mirror Herb\n|-enditem|p2a: B-d-oof|White Herb\n|-clearnegativeboost|p2a: B-d-oof|[silent]\n|\n|-weather|none\n|upkeep\n|turn|9\n|c| deleter191|b d oof\n|\n|t:|1699590865\n|move|p1a: Detroit Citizen|Heat Wave|p2a: B-d-oof|[miss]\n|-miss|p1a: Detroit Citizen|p2a: B-d-oof\n|move|p2a: B-d-oof|Shell Smash|p2a: B-d-oof\n|-unboost|p2a: B-d-oof|def|1\n|-unboost|p2a: B-d-oof|spd|1\n|-boost|p2a: B-d-oof|atk|2\n|-boost|p2a: B-d-oof|spa|2\n|-boost|p2a: B-d-oof|spe|2\n|\n|upkeep\n|turn|10\n|\n|t:|1699590882\n|-terastallize|p2a: B-d-oof|Grass\n|move|p2a: B-d-oof|Seed Bomb|p1a: Detroit Citizen\n|-damage|p1a: Detroit Citizen|0 fnt\n|faint|p1a: Detroit Citizen\n|\n|upkeep\n|\n|t:|1699590900\n|switch|p1a: Pikajew|Mimikyu-Busted, F|94\/100 brn\n|turn|11\n|\n|t:|1699590911\n|move|p1a: Pikajew|Shadow Sneak|p2a: B-d-oof\n|-damage|p2a: B-d-oof|88\/100\n|move|p2a: B-d-oof|Seed Bomb|p1a: Pikajew\n|-damage|p1a: Pikajew|0 fnt\n|faint|p1a: Pikajew\n|\n|upkeep\n|\n|t:|1699590987\n|switch|p1a: Active Kidnapper|Toxapex, M|100\/100\n|turn|12\n|\n|t:|1699591010\n|-terastallize|p1a: Active Kidnapper|Water\n|move|p2a: B-d-oof|Earthquake|p1a: Active Kidnapper\n|-damage|p1a: Active Kidnapper|4\/100\n|move|p1a: Active Kidnapper|Haze|p1a: Active Kidnapper\n|-clearallboost\n|\n|-heal|p1a: Active Kidnapper|11\/100|[from] item: Leftovers\n|upkeep\n|turn|13\n|\n|t:|1699591030\n|move|p2a: B-d-oof|Seed Bomb|p1a: Active Kidnapper\n|-supereffective|p1a: Active Kidnapper\n|-damage|p1a: Active Kidnapper|0 fnt\n|faint|p1a: Active Kidnapper\n|\n|upkeep\n|\n|t:|1699591033\n|switch|p1a: Shingles|Kommo-o, F|100\/100\n|turn|14\n|\n|t:|1699591148\n|switch|p2a: Bi-doof|Rotom-Wash|100\/100\n|-zpower|p1a: Shingles\n|move|p1a: Shingles|Clangorous Soulblaze|p2a: Bi-doof|[zeffect]\n|-damage|p2a: Bi-doof|34\/100\n|-boost|p1a: Shingles|atk|1\n|-boost|p1a: Shingles|def|1\n|-boost|p1a: Shingles|spa|1\n|-boost|p1a: Shingles|spd|1\n|-boost|p1a: Shingles|spe|1\n|\n|upkeep\n|turn|15\n|\n|t:|1699591184\n|move|p1a: Shingles|Poison Jab|p2a: Bi-doof\n|-damage|p2a: Bi-doof|0 fnt\n|faint|p2a: Bi-doof\n|\n|upkeep\n|\n|t:|1699591229\n|switch|p2a: Bie-d-o-uf|Gallade, M|100\/100\n|turn|16\n|\n|t:|1699591246\n|move|p1a: Shingles|Poison Jab|p2a: Bie-d-o-uf\n|-damage|p2a: Bie-d-o-uf|38\/100\n|-status|p2a: Bie-d-o-uf|psn\n|move|p2a: Bie-d-o-uf|Ice Punch|p1a: Shingles\n|-supereffective|p1a: Shingles\n|-damage|p1a: Shingles|66\/100\n|\n|-damage|p2a: Bie-d-o-uf|26\/100 psn|[from] psn\n|upkeep\n|turn|17\n|\n|t:|1699591257\n|move|p1a: Shingles|Drain Punch|p2a: Bie-d-o-uf\n|-resisted|p2a: Bie-d-o-uf\n|-damage|p2a: Bie-d-o-uf|0 fnt\n|-heal|p1a: Shingles|78\/100|[from] drain|[of] p2a: Bie-d-o-uf\n|faint|p2a: Bie-d-o-uf\n|\n|upkeep\n|\n|t:|1699591264\n|switch|p2a: B-d-oof|Torterra, F, tera:Grass|88\/100\n|turn|18\n|\n|t:|1699591345\n|move|p1a: Shingles|Ice Punch|p2a: B-d-oof\n|-supereffective|p2a: B-d-oof\n|-damage|p2a: B-d-oof|14\/100\n|move|p2a: B-d-oof|Shell Smash|p2a: B-d-oof\n|-unboost|p2a: B-d-oof|def|1\n|-unboost|p2a: B-d-oof|spd|1\n|-boost|p2a: B-d-oof|atk|2\n|-boost|p2a: B-d-oof|spa|2\n|-boost|p2a: B-d-oof|spe|2\n|\n|upkeep\n|turn|19\n|\n|t:|1699591363\n|move|p1a: Shingles|Ice Punch|p2a: B-d-oof\n|-supereffective|p2a: B-d-oof\n|-damage|p2a: B-d-oof|0 fnt\n|faint|p2a: B-d-oof\n|\n|upkeep\n|\n|t:|1699591368\n|switch|p2a: Be-douf|Garchomp, M|100\/100\n|turn|20\n|\n|t:|1699591402\n|move|p1a: Shingles|Ice Punch|p2a: Be-douf\n|-supereffective|p2a: Be-douf\n|-damage|p2a: Be-douf|0 fnt\n|-damage|p1a: Shingles|65\/100|[from] ability: Rough Skin|[of] p2a: Be-douf\n|faint|p2a: Be-douf\n|\n|win|Fv8hd\n|l| JDkot\n","uploadtime":1699591416,"views":37,"p1id":"fv8hd","p2id":"musicaljoker","formatid":"gen9nationaldexubers","rating":0,"private":0,"password":""}