{"id":"gen9nationaldexubers-1997818755","p1":"chengza","p2":"pegusas","format":"[Gen 9] National Dex Ubers","log":"|j|\u2606chengza\n|j|\u2606pegusas\n|t:|1700856055\n|gametype|singles\n|player|p1|chengza|cynthia-gen4|\n|player|p2|pegusas|ghetsis|\n|teamsize|p1|6\n|teamsize|p2|6\n|gen|9\n|tier|[Gen 9] National Dex Ubers\n|rule|HP Percentage Mod: HP is shown in percentages\n|rule|Endless Battle Clause: Forcing endless battles is banned\n|rule|OHKO Clause: OHKO moves are banned\n|rule|Evasion Moves Clause: Evasion moves are banned\n|rule|Evasion Items Clause: Evasion items are banned\n|rule|Species Clause: Limit one of each Pok\u00e9mon\n|rule|Sleep Clause Mod: Limit one foe put to sleep\n|rule|Mega Rayquaza Clause: You cannot mega evolve Rayquaza\n|clearpoke\n|poke|p1|Dragonite, F|\n|poke|p1|Greninja-*, M|\n|poke|p1|Blaziken, F|\n|poke|p1|Tapu Lele|\n|poke|p1|Ninetales-Alola, F|\n|poke|p1|Celesteela|\n|poke|p2|Dialga|\n|poke|p2|Palkia|\n|poke|p2|Weavile, F|\n|poke|p2|Honchkrow, F|\n|poke|p2|Crobat, M|\n|poke|p2|Houndoom, M|\n|teampreview\n|\n|t:|1700856063\n|start\n|switch|p1a: Ninetales|Ninetales-Alola, F, shiny|100\/100\n|switch|p2a: Houndoom|Houndoom, M|100\/100\n|-weather|Snow|[from] ability: Snow Warning|[of] p1a: Ninetales\n|turn|1\n|\n|t:|1700856096\n|switch|p1a: Dragonite|Dragonite, F, shiny|100\/100\n|detailschange|p2a: Houndoom|Houndoom-Mega, M\n|-mega|p2a: Houndoom|Houndoom|Houndoominite\n|move|p2a: Houndoom|Flamethrower|p1a: Dragonite\n|-resisted|p1a: Dragonite\n|-damage|p1a: Dragonite|85\/100\n|\n|-weather|Snow|[upkeep]\n|upkeep\n|turn|2\n|\n|t:|1700856106\n|switch|p2a: Crobat|Crobat, M|100\/100\n|move|p1a: Dragonite|Dragon Dance|p1a: Dragonite\n|-boost|p1a: Dragonite|atk|1\n|-boost|p1a: Dragonite|spe|1\n|\n|-weather|Snow|[upkeep]\n|upkeep\n|turn|3\n|j| hurenkebi\n|\n|t:|1700856120\n|move|p1a: Dragonite|Dragon Dance|p1a: Dragonite\n|-boost|p1a: Dragonite|atk|1\n|-boost|p1a: Dragonite|spe|1\n|-zpower|p2a: Crobat\n|move|p2a: Crobat|Supersonic Skystrike|p1a: Dragonite|[zeffect]\n|-damage|p1a: Dragonite|0 fnt\n|faint|p1a: Dragonite\n|\n|-weather|Snow|[upkeep]\n|upkeep\n|\n|t:|1700856136\n|switch|p1a: Celesteela|Celesteela, shiny|100\/100\n|turn|4\n|\n|t:|1700856143\n|move|p2a: Crobat|Taunt|p1a: Celesteela\n|-start|p1a: Celesteela|move: Taunt\n|cant|p1a: Celesteela|move: Taunt|Autotomize\n|\n|-weather|Snow|[upkeep]\n|upkeep\n|turn|5\n|\n|t:|1700856150\n|move|p2a: Crobat|Super Fang|p1a: Celesteela\n|-damage|p1a: Celesteela|51\/100\n|move|p1a: Celesteela|Meteor Beam||[still]\n|-prepare|p1a: Celesteela|Meteor Beam\n|-boost|p1a: Celesteela|spa|1\n|-enditem|p1a: Celesteela|Power Herb\n|-anim|p1a: Celesteela|Meteor Beam|p2a: Crobat\n|-supereffective|p2a: Crobat\n|-crit|p2a: Crobat\n|-damage|p2a: Crobat|0 fnt\n|faint|p2a: Crobat\n|-ability|p1a: Celesteela|Beast Boost|boost\n|-boost|p1a: Celesteela|spa|1\n|\n|-weather|none\n|upkeep\n|\n|t:|1700856165\n|switch|p2a: Houndoom|Houndoom-Mega, M|100\/100\n|turn|6\n|\n|t:|1700856169\n|move|p2a: Houndoom|Flamethrower|p1a: Celesteela\n|-supereffective|p1a: Celesteela\n|-damage|p1a: Celesteela|0 fnt\n|faint|p1a: Celesteela\n|\n|upkeep\n|\n|t:|1700856178\n|switch|p1a: Blaziken|Blaziken, F, shiny|100\/100\n|turn|7\n|\n|t:|1700856194\n|detailschange|p1a: Blaziken|Blaziken-Mega, F, shiny\n|-mega|p1a: Blaziken|Blaziken|Blazikenite\n|move|p2a: Houndoom|Flamethrower|p1a: Blaziken\n|-resisted|p1a: Blaziken\n|-damage|p1a: Blaziken|65\/100\n|move|p1a: Blaziken|Swords Dance|p1a: Blaziken\n|-boost|p1a: Blaziken|atk|2\n|\n|-ability|p1a: Blaziken|Speed Boost|boost\n|-boost|p1a: Blaziken|spe|1\n|upkeep\n|turn|8\n|\n|t:|1700856208\n|move|p1a: Blaziken|Close Combat|p2a: Houndoom\n|-supereffective|p2a: Houndoom\n|-damage|p2a: Houndoom|0 fnt\n|-unboost|p1a: Blaziken|def|1\n|-unboost|p1a: Blaziken|spd|1\n|faint|p2a: Houndoom\n|\n|-ability|p1a: Blaziken|Speed Boost|boost\n|-boost|p1a: Blaziken|spe|1\n|upkeep\n|\n|t:|1700856216\n|switch|p2a: Dialga|Dialga|100\/100\n|-ability|p2a: Dialga|Pressure\n|turn|9\n|\n|t:|1700856225\n|-terastallize|p2a: Dialga|Water\n|move|p1a: Blaziken|Flare Blitz|p2a: Dialga\n|-resisted|p2a: Dialga\n|-damage|p2a: Dialga|43\/100\n|-damage|p1a: Blaziken|40\/100|[from] Recoil\n|move|p2a: Dialga|Draco Meteor|p1a: Blaziken|[miss]\n|-miss|p2a: Dialga|p1a: Blaziken\n|\n|-ability|p1a: Blaziken|Speed Boost|boost\n|-boost|p1a: Blaziken|spe|1\n|upkeep\n|turn|10\n|\n|t:|1700856237\n|move|p1a: Blaziken|Close Combat|p2a: Dialga\n|-damage|p2a: Dialga|0 fnt\n|-unboost|p1a: Blaziken|def|1\n|-unboost|p1a: Blaziken|spd|1\n|faint|p2a: Dialga\n|\n|-ability|p1a: Blaziken|Speed Boost|boost\n|-boost|p1a: Blaziken|spe|1\n|upkeep\n|\n|t:|1700856242\n|switch|p2a: Honchkrow|Honchkrow, F|100\/100\n|turn|11\n|\n|t:|1700856250\n|move|p2a: Honchkrow|Sucker Punch|p1a: Blaziken\n|-resisted|p1a: Blaziken\n|-damage|p1a: Blaziken|0 fnt\n|faint|p1a: Blaziken\n|-ability|p2a: Honchkrow|Moxie|boost\n|-boost|p2a: Honchkrow|atk|1\n|-damage|p2a: Honchkrow|91\/100|[from] item: Life Orb\n|\n|upkeep\n|\n|t:|1700856259\n|switch|p1a: Tapu Lele|Tapu Lele, shiny|100\/100\n|-fieldstart|move: Psychic Terrain|[from] ability: Psychic Surge|[of] p1a: Tapu Lele\n|turn|12\n|\n|t:|1700856270\n|-terastallize|p1a: Tapu Lele|Normal\n|move|p1a: Tapu Lele|Thunderbolt|p2a: Honchkrow\n|-supereffective|p2a: Honchkrow\n|-damage|p2a: Honchkrow|0 fnt\n|faint|p2a: Honchkrow\n|\n|upkeep\n|\n|t:|1700856278\n|switch|p2a: Weavile|Weavile, F|100\/100\n|-ability|p2a: Weavile|Pressure\n|turn|13\n|\n|t:|1700856286\n|switch|p1a: Ninetales|Ninetales-Alola, F, shiny|100\/100\n|-weather|Snow|[from] ability: Snow Warning|[of] p1a: Ninetales\n|move|p2a: Weavile|Triple Axel|p1a: Ninetales\n|-resisted|p1a: Ninetales\n|-damage|p1a: Ninetales|95\/100\n|-resisted|p1a: Ninetales\n|-damage|p1a: Ninetales|82\/100\n|-resisted|p1a: Ninetales\n|-damage|p1a: Ninetales|62\/100\n|-hitcount|p1a: Ninetales|3\n|\n|-weather|Snow|[upkeep]\n|upkeep\n|turn|14\n|\n|t:|1700856295\n|move|p2a: Weavile|Triple Axel|p1a: Ninetales\n|-resisted|p1a: Ninetales\n|-damage|p1a: Ninetales|56\/100\n|-resisted|p1a: Ninetales\n|-damage|p1a: Ninetales|45\/100\n|-resisted|p1a: Ninetales\n|-damage|p1a: Ninetales|25\/100\n|-hitcount|p1a: Ninetales|3\n|move|p1a: Ninetales|Aurora Veil|p1a: Ninetales\n|-sidestart|p1: chengza|move: Aurora Veil\n|\n|-weather|Snow|[upkeep]\n|upkeep\n|turn|15\n|\n|t:|1700856307\n|move|p2a: Weavile|Triple Axel|p1a: Ninetales\n|-resisted|p1a: Ninetales\n|-damage|p1a: Ninetales|22\/100\n|-resisted|p1a: Ninetales\n|-damage|p1a: Ninetales|16\/100\n|-resisted|p1a: Ninetales\n|-damage|p1a: Ninetales|7\/100\n|-hitcount|p1a: Ninetales|3\n|move|p1a: Ninetales|Encore|p2a: Weavile\n|-start|p2a: Weavile|Encore\n|\n|-weather|Snow|[upkeep]\n|upkeep\n|turn|16\n|\n|t:|1700856318\n|move|p2a: Weavile|Triple Axel|p1a: Ninetales\n|-resisted|p1a: Ninetales\n|-damage|p1a: Ninetales|4\/100\n|-resisted|p1a: Ninetales\n|-damage|p1a: Ninetales|0 fnt\n|faint|p1a: Ninetales\n|-hitcount|p1: Ninetales|2\n|\n|-weather|Snow|[upkeep]\n|-fieldend|move: Psychic Terrain\n|upkeep\n|\n|t:|1700856337\n|switch|p1a: Tapu Lele|Tapu Lele, shiny, tera:Normal|100\/100\n|-fieldstart|move: Psychic Terrain|[from] ability: Psychic Surge|[of] p1a: Tapu Lele\n|turn|17\n|\n|t:|1700856341\n|move|p1a: Tapu Lele|Focus Blast|p2a: Weavile|[miss]\n|-miss|p1a: Tapu Lele|p2a: Weavile\n|move|p2a: Weavile|Triple Axel|p1a: Tapu Lele\n|-damage|p1a: Tapu Lele|89\/100\n|-damage|p1a: Tapu Lele|66\/100\n|-damage|p1a: Tapu Lele|31\/100\n|-hitcount|p1a: Tapu Lele|3\n|\n|-weather|none\n|upkeep\n|turn|18\n|\n|t:|1700856354\n|switch|p2a: Palkia|Palkia|100\/100\n|-ability|p2a: Palkia|Pressure\n|move|p1a: Tapu Lele|Focus Blast|p2a: Palkia\n|-damage|p2a: Palkia|63\/100\n|\n|-heal|p2a: Palkia|69\/100|[from] item: Leftovers\n|upkeep\n|turn|19\n|\n|t:|1700856366\n|switch|p1a: Greninja|Greninja, M, shiny|100\/100\n|move|p2a: Palkia|Spacial Rend|p1a: Greninja\n|-damage|p1a: Greninja|52\/100\n|\n|-heal|p2a: Palkia|75\/100|[from] item: Leftovers\n|upkeep\n|turn|20\n|\n|t:|1700856378\n|move|p2a: Palkia|Protect|p2a: Palkia\n|-singleturn|p2a: Palkia|Protect\n|-zpower|p1a: Greninja\n|move|p1a: Greninja|Bloom Doom|p2a: Palkia|[zeffect]\n|-start|p1a: Greninja|typechange|Grass|[from] ability: Protean\n|-zbroken|p2a: Palkia\n|-damage|p2a: Palkia|59\/100\n|\n|-heal|p2a: Palkia|65\/100|[from] item: Leftovers\n|upkeep\n|turn|21\n|\n|t:|1700856389\n|move|p1a: Greninja|Grass Knot|p2a: Palkia\n|-damage|p2a: Palkia|17\/100\n|move|p2a: Palkia|Substitute|p2a: Palkia\n|-fail|p2a: Palkia|move: Substitute|[weak]\n|\n|-heal|p2a: Palkia|23\/100|[from] item: Leftovers\n|-sideend|p1: chengza|move: Aurora Veil\n|-fieldend|move: Psychic Terrain\n|upkeep\n|turn|22\n|\n|t:|1700856398\n|move|p2a: Palkia|Protect|p2a: Palkia\n|-singleturn|p2a: Palkia|Protect\n|move|p1a: Greninja|Grass Knot|p2a: Palkia\n|-activate|p2a: Palkia|move: Protect\n|\n|-heal|p2a: Palkia|30\/100|[from] item: Leftovers\n|upkeep\n|turn|23\n|\n|t:|1700856403\n|switch|p2a: Weavile|Weavile, F|100\/100\n|-ability|p2a: Weavile|Pressure\n|move|p1a: Greninja|Grass Knot|p2a: Weavile\n|-damage|p2a: Weavile|64\/100\n|\n|upkeep\n|turn|24\n|\n|t:|1700856413\n|move|p2a: Weavile|Knock Off|p1a: Greninja\n|-damage|p1a: Greninja|0 fnt\n|faint|p1a: Greninja\n|\n|upkeep\n|\n|t:|1700856416\n|switch|p1a: Tapu Lele|Tapu Lele, shiny, tera:Normal|31\/100\n|-fieldstart|move: Psychic Terrain|[from] ability: Psychic Surge|[of] p1a: Tapu Lele\n|turn|25\n|\n|t:|1700856427\n|move|p1a: Tapu Lele|Moonblast|p2a: Weavile\n|-supereffective|p2a: Weavile\n|-damage|p2a: Weavile|0 fnt\n|faint|p2a: Weavile\n|\n|upkeep\n|\n|t:|1700856430\n|switch|p2a: Palkia|Palkia|30\/100\n|-ability|p2a: Palkia|Pressure\n|turn|26\n|\n|t:|1700856431\n|move|p2a: Palkia|Protect|p2a: Palkia\n|-singleturn|p2a: Palkia|Protect\n|move|p1a: Tapu Lele|Moonblast|p2a: Palkia\n|-activate|p2a: Palkia|move: Protect\n|\n|-heal|p2a: Palkia|36\/100|[from] item: Leftovers\n|upkeep\n|turn|27\n|\n|t:|1700856436\n|move|p1a: Tapu Lele|Moonblast|p2a: Palkia\n|-supereffective|p2a: Palkia\n|-damage|p2a: Palkia|0 fnt\n|faint|p2a: Palkia\n|\n|win|chengza\n|l|\u2606pegusas\n","uploadtime":1700856449,"views":16,"p1id":"chengza","p2id":"pegusas","formatid":"gen9nationaldexubers","rating":0,"private":0,"password":""}