{"id":"gen9nationaldexubers-1978224079","p1":"85792195wwww","p2":"Breeze88","format":"[Gen 9] National Dex Ubers","log":"|j|\u260685792195wwww\n|j|\u2606Breeze88\n|t:|1698514329\n|gametype|singles\n|player|p1|85792195wwww|lady|1846\n|player|p2|Breeze88|steven|1714\n|teamsize|p1|6\n|teamsize|p2|6\n|gen|9\n|tier|[Gen 9] National Dex Ubers\n|rated|\n|rule|HP Percentage Mod: HP is shown in percentages\n|rule|Endless Battle Clause: Forcing endless battles is banned\n|rule|OHKO Clause: OHKO moves are banned\n|rule|Evasion Moves Clause: Evasion moves are banned\n|rule|Evasion Items Clause: Evasion items are banned\n|rule|Species Clause: Limit one of each Pok\u00e9mon\n|rule|Sleep Clause Mod: Limit one foe put to sleep\n|rule|Mega Rayquaza Clause: You cannot mega evolve Rayquaza\n|clearpoke\n|poke|p1|Calyrex-Ice|\n|poke|p1|Groudon|\n|poke|p1|Krookodile, M|\n|poke|p1|Xerneas-*|\n|poke|p1|Zacian-*|\n|poke|p1|Arceus|\n|poke|p2|Shuckle, M|\n|poke|p2|Gholdengo|\n|poke|p2|Groudon|\n|poke|p2|Yveltal|\n|poke|p2|Zygarde|\n|poke|p2|Xerneas-*|\n|teampreview\n|inactive|Battle timer is ON: inactive players will automatically lose when time's up. (requested by Breeze88)\n|c|\u2606Breeze88|glhf\n|\n|t:|1698514343\n|start\n|switch|p1a: Krookodile|Krookodile, M|100\/100\n|switch|p2a: Shuckle|Shuckle, M, shiny|100\/100\n|-ability|p1a: Krookodile|Intimidate|boost\n|-unboost|p2a: Shuckle|atk|1\n|turn|1\n|\n|t:|1698514352\n|move|p1a: Krookodile|Knock Off|p2a: Shuckle\n|-damage|p2a: Shuckle|74\/100\n|-enditem|p2a: Shuckle|Mental Herb|[from] move: Knock Off|[of] p1a: Krookodile\n|move|p2a: Shuckle|Sticky Web|p1a: Krookodile\n|-sidestart|p1: 85792195wwww|move: Sticky Web\n|\n|upkeep\n|turn|2\n|\n|t:|1698514361\n|move|p1a: Krookodile|Stealth Rock|p2a: Shuckle\n|-sidestart|p2: Breeze88|move: Stealth Rock\n|move|p2a: Shuckle|Stealth Rock|p1a: Krookodile\n|-sidestart|p1: 85792195wwww|move: Stealth Rock\n|\n|upkeep\n|turn|3\n|\n|t:|1698514368\n|move|p1a: Krookodile|Taunt|p2a: Shuckle\n|-start|p2a: Shuckle|move: Taunt\n|move|p2a: Shuckle|Knock Off|p1a: Krookodile\n|-resisted|p1a: Krookodile\n|-damage|p1a: Krookodile|98\/100\n|-enditem|p1a: Krookodile|Focus Sash|[from] move: Knock Off|[of] p2a: Shuckle\n|\n|upkeep\n|turn|4\n|\n|t:|1698514397\n|switch|p2a: Zygarde|Zygarde, shiny|100\/100\n|-damage|p2a: Zygarde|94\/100|[from] Stealth Rock\n|move|p1a: Krookodile|Knock Off|p2a: Zygarde\n|-damage|p2a: Zygarde|56\/100\n|-enditem|p2a: Zygarde|Leftovers|[from] move: Knock Off|[of] p1a: Krookodile\n|\n|upkeep\n|turn|5\n|\n|t:|1698514408\n|move|p1a: Krookodile|Taunt|p2a: Zygarde\n|-start|p2a: Zygarde|move: Taunt\n|cant|p2a: Zygarde|move: Taunt|Coil\n|\n|upkeep\n|turn|6\n|\n|t:|1698514418\n|move|p1a: Krookodile|Bulldoze|p2a: Zygarde\n|-damage|p2a: Zygarde|32\/100\n|-unboost|p2a: Zygarde|spe|1\n|move|p2a: Zygarde|Thousand Waves|p1a: Krookodile\n|-damage|p1a: Krookodile|44\/100\n|-activate|p1a: Krookodile|trapped\n|\n|-activate|p2a: Zygarde|ability: Power Construct\n|detailschange|p2a: Zygarde|Zygarde-Complete, shiny\n|-heal|p2a: Zygarde|58\/100|[silent]\n|upkeep\n|turn|7\n|\n|t:|1698514438\n|switch|p2a: Yveltal|Yveltal, shiny|100\/100\n|-damage|p2a: Yveltal|76\/100|[from] Stealth Rock\n|-ability|p2a: Yveltal|Dark Aura\n|move|p1a: Krookodile|Bulldoze|p2a: Yveltal\n|-immune|p2a: Yveltal\n|\n|upkeep\n|turn|8\n|\n|t:|1698514447\n|move|p2a: Yveltal|Oblivion Wing|p1a: Krookodile\n|-damage|p1a: Krookodile|0 fnt\n|-heal|p2a: Yveltal|100\/100|[from] drain|[of] p1a: Krookodile\n|faint|p1a: Krookodile\n|-damage|p2a: Yveltal|91\/100|[from] item: Life Orb\n|\n|upkeep\n|\n|t:|1698514456\n|switch|p1a: Xerneas|Xerneas|100\/100\n|-activate|p1a: Xerneas|move: Sticky Web\n|-unboost|p1a: Xerneas|spe|1\n|-damage|p1a: Xerneas|88\/100|[from] Stealth Rock\n|-ability|p1a: Xerneas|Fairy Aura\n|turn|9\n|\n|t:|1698514463\n|move|p2a: Yveltal|Taunt|p1a: Xerneas\n|-start|p1a: Xerneas|move: Taunt\n|move|p1a: Xerneas|Moonblast|p2a: Yveltal\n|-supereffective|p2a: Yveltal\n|-damage|p2a: Yveltal|0 fnt\n|faint|p2a: Yveltal\n|\n|upkeep\n|\n|t:|1698514472\n|switch|p2a: Gholdengo|Gholdengo|100\/100\n|-damage|p2a: Gholdengo|94\/100|[from] Stealth Rock\n|turn|10\n|\n|t:|1698514489\n|switch|p1a: Zacian|Zacian-Crowned|100\/100\n|-activate|p1a: Zacian|move: Sticky Web\n|-unboost|p1a: Zacian|spe|1\n|-damage|p1a: Zacian|94\/100|[from] Stealth Rock\n|-ability|p1a: Zacian|Intrepid Sword|boost\n|-boost|p1a: Zacian|atk|1\n|move|p2a: Gholdengo|Shadow Ball|p1a: Zacian\n|-damage|p1a: Zacian|32\/100\n|\n|upkeep\n|turn|11\n|\n|t:|1698514509\n|switch|p2a: Shuckle|Shuckle, M, shiny|74\/100\n|-damage|p2a: Shuckle|49\/100|[from] Stealth Rock\n|move|p1a: Zacian|Behemoth Blade|p2a: Shuckle\n|-supereffective|p2a: Shuckle\n|-damage|p2a: Shuckle|0 fnt\n|faint|p2a: Shuckle\n|\n|upkeep\n|inactive|Breeze88 has 120 seconds left.\n|j| 1 em trach thu\n|\n|t:|1698514541\n|switch|p2a: Zygarde|Zygarde-Complete, shiny|58\/100\n|-damage|p2a: Zygarde|51\/100|[from] Stealth Rock\n|turn|12\n|\n|t:|1698514555\n|move|p2a: Zygarde|Thousand Arrows|p1a: Zacian\n|-supereffective|p1a: Zacian\n|-damage|p1a: Zacian|0 fnt\n|faint|p1a: Zacian\n|\n|upkeep\n|\n|t:|1698514563\n|switch|p1a: Calyrex|Calyrex-Ice|100\/100\n|-ability|p1a: Calyrex|As One\n|-ability|p1a: Calyrex|Unnerve\n|turn|13\n|\n|t:|1698514589\n|move|p2a: Zygarde|Thousand Waves|p1a: Calyrex\n|-damage|p1a: Calyrex|72\/100\n|-activate|p1a: Calyrex|trapped\n|move|p1a: Calyrex|Swords Dance|p1a: Calyrex\n|-boost|p1a: Calyrex|atk|2\n|\n|upkeep\n|turn|14\n|inactive|Breeze88 has 90 seconds left.\n|\n|t:|1698514623\n|-terastallize|p1a: Calyrex|Electric\n|move|p2a: Zygarde|Thousand Arrows|p1a: Calyrex\n|-supereffective|p1a: Calyrex\n|-damage|p1a: Calyrex|9\/100\n|move|p1a: Calyrex|Agility|p1a: Calyrex\n|-boost|p1a: Calyrex|spe|2\n|\n|upkeep\n|turn|15\n|\n|t:|1698514636\n|-terastallize|p2a: Zygarde|Steel\n|move|p1a: Calyrex|Glacial Lance|p2a: Zygarde\n|-resisted|p2a: Zygarde\n|-damage|p2a: Zygarde|13\/100\n|move|p2a: Zygarde|Thousand Arrows|p1a: Calyrex\n|-supereffective|p1a: Calyrex\n|-damage|p1a: Calyrex|0 fnt\n|faint|p1a: Calyrex\n|\n|upkeep\n|inactive|85792195wwww has 120 seconds left.\n|\n|t:|1698514668\n|switch|p1a: Xerneas|Xerneas|88\/100\n|-activate|p1a: Xerneas|move: Sticky Web\n|-unboost|p1a: Xerneas|spe|1\n|-damage|p1a: Xerneas|76\/100|[from] Stealth Rock\n|-ability|p1a: Xerneas|Fairy Aura\n|turn|16\n|\n|t:|1698514693\n|switch|p2a: Gholdengo|Gholdengo|94\/100\n|-damage|p2a: Gholdengo|88\/100|[from] Stealth Rock\n|move|p1a: Xerneas|Geomancy||[still]\n|-prepare|p1a: Xerneas|Geomancy\n|-enditem|p1a: Xerneas|Power Herb\n|-anim|p1a: Xerneas|Geomancy|p1a: Xerneas\n|-boost|p1a: Xerneas|spa|2\n|-boost|p1a: Xerneas|spd|2\n|-boost|p1a: Xerneas|spe|2\n|\n|upkeep\n|turn|17\n|inactive|85792195wwww has 120 seconds left.\n|\n|t:|1698514704\n|move|p1a: Xerneas|Moonblast|p2a: Gholdengo\n|-resisted|p2a: Gholdengo\n|-damage|p2a: Gholdengo|14\/100\n|-unboost|p2a: Gholdengo|spa|1\n|move|p2a: Gholdengo|Make It Rain|p1a: Xerneas\n|-supereffective|p1a: Xerneas\n|-damage|p1a: Xerneas|18\/100\n|-unboost|p2a: Gholdengo|spa|1\n|\n|upkeep\n|turn|18\n|inactive|85792195wwww has 120 seconds left.\n|\n|t:|1698514715\n|move|p1a: Xerneas|Moonblast|p2a: Gholdengo\n|-resisted|p2a: Gholdengo\n|-damage|p2a: Gholdengo|0 fnt\n|faint|p2a: Gholdengo\n|\n|upkeep\n|\n|t:|1698514726\n|switch|p2a: Groudon|Groudon|100\/100\n|-damage|p2a: Groudon|94\/100|[from] Stealth Rock\n|detailschange|p2a: Groudon|Groudon-Primal\n|-primal|p2a: Groudon|Red Orb\n|-weather|DesolateLand|[from] ability: Desolate Land|[of] p2a: Groudon\n|turn|19\n|\n|t:|1698514734\n|move|p1a: Xerneas|Moonblast|p2a: Groudon\n|-resisted|p2a: Groudon\n|-damage|p2a: Groudon|0 fnt\n|faint|p2a: Groudon\n|-weather|none\n|\n|upkeep\n|\n|t:|1698514738\n|switch|p2a: Xerneas|Xerneas, shiny|100\/100\n|-damage|p2a: Xerneas|88\/100|[from] Stealth Rock\n|-ability|p2a: Xerneas|Fairy Aura\n|turn|20\n|\n|t:|1698514745\n|move|p1a: Xerneas|Moonblast|p2a: Xerneas\n|-damage|p2a: Xerneas|0 fnt\n|faint|p2a: Xerneas\n|\n|upkeep\n|\n|t:|1698514748\n|switch|p2a: Zygarde|Zygarde-Complete, shiny, tera:Steel|13\/100\n|-damage|p2a: Zygarde|7\/100|[from] Stealth Rock\n|turn|21\n|c|\u2606Breeze88|ggwp\n|\n|t:|1698514753\n|move|p1a: Xerneas|Moonblast|p2a: Zygarde\n|-resisted|p2a: Zygarde\n|-damage|p2a: Zygarde|0 fnt\n|faint|p2a: Zygarde\n|\n|win|85792195wwww\n|raw|85792195wwww's rating: 1846 &rarr; <strong>1859<\/strong><br \/>(+13 for winning)\n|raw|Breeze88's rating: 1714 &rarr; <strong>1701<\/strong><br \/>(-13 for losing)\n|l|\u2606Breeze88\n","uploadtime":1698514760,"views":7,"p1id":"85792195wwww","p2id":"breeze88","formatid":"gen9nationaldexubers","rating":1701,"private":0,"password":""}