{"id":"gen9nationaldexubers-1998398899","p1":"Kye_Akashi","p2":"ForeanGolisopod999","format":"[Gen 9] National Dex Ubers","log":"|j|\u2606Kye_Akashi\n|j|\u2606ForeanGolisopod999\n|t:|1700937931\n|gametype|singles\n|player|p1|Kye_Akashi|1|1066\n|player|p2|ForeanGolisopod999|birdkeeper|1100\n|teamsize|p1|6\n|teamsize|p2|6\n|gen|9\n|tier|[Gen 9] National Dex Ubers\n|rated|\n|rule|HP Percentage Mod: HP is shown in percentages\n|rule|Endless Battle Clause: Forcing endless battles is banned\n|rule|OHKO Clause: OHKO moves are banned\n|rule|Evasion Moves Clause: Evasion moves are banned\n|rule|Evasion Items Clause: Evasion items are banned\n|rule|Species Clause: Limit one of each Pok\u00e9mon\n|rule|Sleep Clause Mod: Limit one foe put to sleep\n|rule|Mega Rayquaza Clause: You cannot mega evolve Rayquaza\n|clearpoke\n|poke|p1|Lucario, M|\n|poke|p1|Garchomp, M|\n|poke|p1|Urshifu-*, M|\n|poke|p1|Mimikyu, F|\n|poke|p1|Talonflame, F|\n|poke|p1|Mewtwo|\n|poke|p2|Dragalge, F|\n|poke|p2|Sandslash-Alola, M|\n|poke|p2|Walrein, M|\n|poke|p2|Butterfree, F|\n|poke|p2|Raichu-Alola, M|\n|poke|p2|Tapu Koko|\n|teampreview\n|\n|t:|1700937939\n|start\n|switch|p1a: Mimikyu|Mimikyu, F, shiny|100\/100\n|switch|p2a: Sandslash|Sandslash-Alola, M|100\/100\n|turn|1\n|\n|t:|1700937947\n|move|p1a: Mimikyu|Swords Dance|p1a: Mimikyu\n|-boost|p1a: Mimikyu|atk|2\n|move|p2a: Sandslash|Triple Axel|p1a: Mimikyu|[miss]\n|-miss|p2a: Sandslash|p1a: Mimikyu\n|\n|upkeep\n|turn|2\n|\n|t:|1700937957\n|move|p1a: Mimikyu|Swords Dance|p1a: Mimikyu\n|-boost|p1a: Mimikyu|atk|2\n|move|p2a: Sandslash|Triple Axel|p1a: Mimikyu|[miss]\n|-miss|p2a: Sandslash|p1a: Mimikyu\n|\n|upkeep\n|turn|3\n|c|\u2606Kye_Akashi|lol\n|\n|t:|1700937963\n|move|p1a: Mimikyu|Swords Dance|p1a: Mimikyu\n|-boost|p1a: Mimikyu|atk|2\n|move|p2a: Sandslash|Triple Axel|p1a: Mimikyu\n|-activate|p1a: Mimikyu|ability: Disguise\n|-damage|p1a: Mimikyu|100\/100\n|detailschange|p1a: Mimikyu|Mimikyu-Busted, F, shiny\n|-damage|p1a: Mimikyu|88\/100|[from] pokemon: Mimikyu-Busted\n|-damage|p1a: Mimikyu|55\/100\n|-crit|p1a: Mimikyu\n|-damage|p1a: Mimikyu|0 fnt\n|faint|p1a: Mimikyu\n|-hitcount|p1: Mimikyu|3\n|\n|upkeep\n|c|\u2606ForeanGolisopod999|>:)\n|\n|t:|1700937982\n|switch|p1a: Urshifu|Urshifu-Rapid-Strike, M|100\/100\n|turn|4\n|c|\u2606ForeanGolisopod999|3rd times the charm\n|\n|t:|1700937987\n|move|p1a: Urshifu|Bulk Up|p1a: Urshifu\n|-boost|p1a: Urshifu|atk|1\n|-boost|p1a: Urshifu|def|1\n|move|p2a: Sandslash|Aerial Ace|p1a: Urshifu\n|-supereffective|p1a: Urshifu\n|-damage|p1a: Urshifu|75\/100\n|\n|upkeep\n|turn|5\n|\n|t:|1700937996\n|move|p1a: Urshifu|Drain Punch|p2a: Sandslash\n|-supereffective|p2a: Sandslash\n|-damage|p2a: Sandslash|0 fnt\n|-heal|p1a: Urshifu|100\/100|[from] drain|[of] p2a: Sandslash\n|faint|p2a: Sandslash\n|\n|upkeep\n|\n|t:|1700938004\n|switch|p2a: Walrein|Walrein, M|100\/100\n|turn|6\n|c|\u2606Kye_Akashi|one hit\n|\n|t:|1700938012\n|move|p1a: Urshifu|Drain Punch|p2a: Walrein\n|-supereffective|p2a: Walrein\n|-damage|p2a: Walrein|0 fnt\n|faint|p2a: Walrein\n|\n|upkeep\n|\n|t:|1700938020\n|switch|p2a: Tapu Koko|Tapu Koko|100\/100\n|-fieldstart|move: Electric Terrain|[from] ability: Electric Surge|[of] p2a: Tapu Koko\n|turn|7\n|\n|t:|1700938028\n|-terastallize|p1a: Urshifu|Steel\n|move|p2a: Tapu Koko|Discharge|p1a: Urshifu\n|-damage|p1a: Urshifu|40\/100\n|move|p1a: Urshifu|Poison Jab|p2a: Tapu Koko\n|-supereffective|p2a: Tapu Koko\n|-damage|p2a: Tapu Koko|0 fnt\n|faint|p2a: Tapu Koko\n|\n|upkeep\n|\n|t:|1700938038\n|switch|p2a: Raichu|Raichu-Alola, M|100\/100\n|turn|8\n|\n|t:|1700938044\n|move|p2a: Raichu|Draining Kiss|p1a: Urshifu\n|-resisted|p1a: Urshifu\n|-damage|p1a: Urshifu|30\/100\n|move|p1a: Urshifu|Surging Strikes|p2a: Raichu\n|-crit|p2a: Raichu\n|-damage|p2a: Raichu|25\/100\n|-crit|p2a: Raichu\n|-damage|p2a: Raichu|0 fnt\n|faint|p2a: Raichu\n|-hitcount|p2: Raichu|2\n|\n|upkeep\n|\n|t:|1700938055\n|switch|p2a: Dragalge|Dragalge, F|100\/100\n|turn|9\n|\n|t:|1700938063\n|move|p1a: Urshifu|Surging Strikes|p2a: Dragalge\n|-resisted|p2a: Dragalge\n|-crit|p2a: Dragalge\n|-damage|p2a: Dragalge|80\/100\n|-resisted|p2a: Dragalge\n|-crit|p2a: Dragalge\n|-damage|p2a: Dragalge|61\/100\n|-resisted|p2a: Dragalge\n|-crit|p2a: Dragalge\n|-damage|p2a: Dragalge|43\/100\n|-hitcount|p2a: Dragalge|3\n|move|p2a: Dragalge|Focus Blast|p1a: Urshifu|[miss]\n|-miss|p2a: Dragalge|p1a: Urshifu\n|\n|upkeep\n|turn|10\n|\n|t:|1700938077\n|-terastallize|p2a: Dragalge|Poison\n|move|p1a: Urshifu|Surging Strikes|p2a: Dragalge\n|-crit|p2a: Dragalge\n|-damage|p2a: Dragalge|1\/100\n|-crit|p2a: Dragalge\n|-damage|p2a: Dragalge|0 fnt\n|faint|p2a: Dragalge\n|-hitcount|p2: Dragalge|2\n|\n|upkeep\n|c|\u2606Kye_Akashi|no way\n|\n|t:|1700938084\n|switch|p2a: Butterfree|Butterfree, F|100\/100\n|turn|11\n|\n|t:|1700938089\n|move|p1a: Urshifu|Surging Strikes|p2a: Butterfree\n|-crit|p2a: Butterfree\n|-damage|p2a: Butterfree|17\/100\n|-crit|p2a: Butterfree\n|-damage|p2a: Butterfree|0 fnt\n|faint|p2a: Butterfree\n|-hitcount|p2: Butterfree|2\n|\n|win|Kye_Akashi\n|raw|Kye_Akashi's rating: 1066 &rarr; <strong>1099<\/strong><br \/>(+33 for winning)\n|raw|ForeanGolisopod999's rating: 1100 &rarr; <strong>1073<\/strong><br \/>(-27 for losing)\n|l|\u2606ForeanGolisopod999\n|c|\u2606Kye_Akashi|This is Urshifu baby\n","uploadtime":1700938116,"views":6,"p1id":"kyeakashi","p2id":"foreangolisopod999","formatid":"gen9nationaldexubers","rating":1073,"private":0,"password":""}