{"id":"gen9nationaldexubers-1981859375","p1":"burgerking_132","p2":"frostcrush","format":"[Gen 9] National Dex Ubers","log":"|j|\u2606burgerking_132\n|j|\u2606frostcrush\n|t:|1698947023\n|gametype|singles\n|player|p1|burgerking_132|266|1354\n|player|p2|frostcrush|265|1403\n|teamsize|p1|6\n|teamsize|p2|6\n|gen|9\n|tier|[Gen 9] National Dex Ubers\n|rated|\n|rule|HP Percentage Mod: HP is shown in percentages\n|rule|Endless Battle Clause: Forcing endless battles is banned\n|rule|OHKO Clause: OHKO moves are banned\n|rule|Evasion Moves Clause: Evasion moves are banned\n|rule|Evasion Items Clause: Evasion items are banned\n|rule|Species Clause: Limit one of each Pok\u00e9mon\n|rule|Sleep Clause Mod: Limit one foe put to sleep\n|rule|Mega Rayquaza Clause: You cannot mega evolve Rayquaza\n|clearpoke\n|poke|p1|Gardevoir, M|\n|poke|p1|Snorlax, M|\n|poke|p1|Arceus-Steel|\n|poke|p1|Deoxys-Attack|\n|poke|p1|Dondozo, M|\n|poke|p1|Groudon|\n|poke|p2|Ho-Oh|\n|poke|p2|Dialga-Origin|\n|poke|p2|Ditto|\n|poke|p2|Arceus-Water|\n|poke|p2|Great Tusk|\n|poke|p2|Mewtwo|\n|teampreview\n|\n|t:|1698947038\n|start\n|switch|p1a: Deoxys|Deoxys-Attack|100\/100\n|switch|p2a: Great Tusk|Great Tusk|100\/100\n|-ability|p1a: Deoxys|Pressure\n|turn|1\n|\n|t:|1698947046\n|move|p1a: Deoxys|Substitute|p1a: Deoxys\n|-start|p1a: Deoxys|Substitute\n|-damage|p1a: Deoxys|76\/100\n|move|p2a: Great Tusk|Rapid Spin|p1a: Deoxys\n|-end|p1a: Deoxys|Substitute\n|-boost|p2a: Great Tusk|spe|1\n|\n|upkeep\n|turn|2\n|\n|t:|1698947062\n|move|p2a: Great Tusk|Earthquake|p1a: Deoxys\n|-damage|p1a: Deoxys|0 fnt\n|faint|p1a: Deoxys\n|\n|upkeep\n|\n|t:|1698947075\n|switch|p1a: Dondozo|Dondozo, M|100\/100\n|turn|3\n|\n|t:|1698947086\n|-end|p2a: Great Tusk|Protosynthesis|[silent]\n|switch|p2a: Arceus|Arceus-Water|100\/100\n|move|p1a: Dondozo|Curse|p1a: Dondozo\n|-unboost|p1a: Dondozo|spe|1\n|-boost|p1a: Dondozo|atk|1\n|-boost|p1a: Dondozo|def|1\n|\n|upkeep\n|turn|4\n|\n|t:|1698947096\n|move|p2a: Arceus|Perish Song|p2a: Arceus\n|-start|p1a: Dondozo|perish3|[silent]\n|-start|p2a: Arceus|perish3|[silent]\n|-fieldactivate|move: Perish Song\n|move|p1a: Dondozo|Curse|p1a: Dondozo\n|-unboost|p1a: Dondozo|spe|1\n|-boost|p1a: Dondozo|atk|1\n|-boost|p1a: Dondozo|def|1\n|\n|-start|p2a: Arceus|perish3\n|-start|p1a: Dondozo|perish3\n|upkeep\n|turn|5\n|\n|t:|1698947105\n|move|p2a: Arceus|Judgment|p1a: Dondozo\n|-resisted|p1a: Dondozo\n|-damage|p1a: Dondozo|80\/100\n|move|p1a: Dondozo|Liquidation|p2a: Arceus\n|-resisted|p2a: Arceus\n|-damage|p2a: Arceus|81\/100\n|\n|-start|p2a: Arceus|perish2\n|-start|p1a: Dondozo|perish2\n|upkeep\n|turn|6\n|\n|t:|1698947114\n|move|p2a: Arceus|Recover|p2a: Arceus\n|-heal|p2a: Arceus|100\/100\n|move|p1a: Dondozo|Liquidation|p2a: Arceus\n|-resisted|p2a: Arceus\n|-damage|p2a: Arceus|81\/100\n|-unboost|p2a: Arceus|def|1\n|\n|-start|p2a: Arceus|perish1\n|-start|p1a: Dondozo|perish1\n|upkeep\n|turn|7\n|\n|t:|1698947123\n|switch|p2a: Ditto|Ditto|100\/100\n|-transform|p2a: Ditto|p1a: Dondozo|[from] ability: Imposter\n|switch|p1a: Groudon|Groudon|100\/100\n|detailschange|p1a: Groudon|Groudon-Primal\n|-primal|p1a: Groudon|Red Orb\n|-weather|DesolateLand|[from] ability: Desolate Land|[of] p1a: Groudon\n|\n|-weather|DesolateLand|[upkeep]\n|upkeep\n|turn|8\n|\n|t:|1698947133\n|-weather|none\n|switch|p1a: Dondozo|Dondozo, M|80\/100\n|move|p2a: Ditto|Earthquake|p1a: Dondozo\n|-crit|p1a: Dondozo\n|-damage|p1a: Dondozo|64\/100\n|\n|upkeep\n|turn|9\n|\n|t:|1698947145\n|move|p1a: Dondozo|Liquidation|p2a: Ditto\n|-resisted|p2a: Ditto\n|-damage|p2a: Ditto|88\/100\n|move|p2a: Ditto|Liquidation|p1a: Dondozo\n|-resisted|p1a: Dondozo\n|-damage|p1a: Dondozo|57\/100\n|-damage|p2a: Ditto|71\/100|[from] item: Rocky Helmet|[of] p1a: Dondozo\n|\n|upkeep\n|turn|10\n|\n|t:|1698947157\n|move|p1a: Dondozo|Liquidation|p2a: Ditto\n|-resisted|p2a: Ditto\n|-damage|p2a: Ditto|60\/100\n|move|p2a: Ditto|Liquidation|p1a: Dondozo\n|-resisted|p1a: Dondozo\n|-damage|p1a: Dondozo|51\/100\n|-damage|p2a: Ditto|44\/100|[from] item: Rocky Helmet|[of] p1a: Dondozo\n|\n|upkeep\n|turn|11\n|\n|t:|1698947165\n|move|p1a: Dondozo|Rest|p1a: Dondozo\n|-status|p1a: Dondozo|slp|[from] move: Rest\n|-heal|p1a: Dondozo|100\/100 slp|[silent]\n|move|p2a: Ditto|Curse|p2a: Ditto\n|-unboost|p2a: Ditto|spe|1\n|-boost|p2a: Ditto|atk|1\n|-boost|p2a: Ditto|def|1\n|\n|upkeep\n|turn|12\n|\n|t:|1698947173\n|cant|p1a: Dondozo|slp\n|move|p2a: Ditto|Curse|p2a: Ditto\n|-unboost|p2a: Ditto|spe|1\n|-boost|p2a: Ditto|atk|1\n|-boost|p2a: Ditto|def|1\n|\n|upkeep\n|turn|13\n|\n|t:|1698947181\n|cant|p1a: Dondozo|slp\n|move|p2a: Ditto|Liquidation|p1a: Dondozo\n|-resisted|p1a: Dondozo\n|-crit|p1a: Dondozo\n|-damage|p1a: Dondozo|91\/100 slp\n|-unboost|p1a: Dondozo|def|1\n|-damage|p2a: Ditto|27\/100|[from] item: Rocky Helmet|[of] p1a: Dondozo\n|\n|upkeep\n|turn|14\n|\n|t:|1698947193\n|-curestatus|p1a: Dondozo|slp|[msg]\n|move|p1a: Dondozo|Curse|p1a: Dondozo\n|-unboost|p1a: Dondozo|spe|1\n|-boost|p1a: Dondozo|atk|1\n|-boost|p1a: Dondozo|def|1\n|move|p2a: Ditto|Rest|p2a: Ditto\n|-status|p2a: Ditto|slp|[from] move: Rest\n|-heal|p2a: Ditto|100\/100 slp|[silent]\n|\n|upkeep\n|turn|15\n|\n|t:|1698947216\n|switch|p1a: Gardevoir|Gardevoir, M|100\/100\n|-ability|p1a: Gardevoir|Unaware|[from] ability: Trace|[of] p2a: Ditto\n|cant|p2a: Ditto|slp\n|\n|upkeep\n|turn|16\n|\n|t:|1698947224\n|detailschange|p1a: Gardevoir|Gardevoir-Mega, M\n|-mega|p1a: Gardevoir|Gardevoir|Gardevoirite\n|move|p1a: Gardevoir|Taunt|p2a: Ditto\n|-start|p2a: Ditto|move: Taunt\n|cant|p2a: Ditto|slp\n|\n|upkeep\n|turn|17\n|\n|t:|1698947231\n|move|p1a: Gardevoir|Hyper Voice|p2a: Ditto\n|-enditem|p2a: Ditto|Focus Sash\n|-damage|p2a: Ditto|1\/100 slp\n|-curestatus|p2a: Ditto|slp|[msg]\n|move|p2a: Ditto|Liquidation|p1a: Gardevoir\n|-damage|p1a: Gardevoir|0 fnt\n|faint|p1a: Gardevoir\n|\n|upkeep\n|\n|t:|1698947242\n|switch|p1a: Groudon|Groudon-Primal|100\/100\n|-weather|DesolateLand|[from] ability: Desolate Land|[of] p1a: Groudon\n|turn|18\n|\n|t:|1698947247\n|switch|p2a: Great Tusk|Great Tusk|100\/100\n|move|p1a: Groudon|Fire Punch|p2a: Great Tusk\n|-damage|p2a: Great Tusk|42\/100\n|\n|-weather|DesolateLand|[upkeep]\n|upkeep\n|turn|19\n|\n|t:|1698947257\n|-weather|none\n|switch|p1a: Dondozo|Dondozo, M|91\/100\n|move|p2a: Great Tusk|Earthquake|p1a: Dondozo\n|-damage|p1a: Dondozo|65\/100\n|\n|upkeep\n|turn|20\n|\n|t:|1698947266\n|-end|p2a: Great Tusk|Protosynthesis|[silent]\n|switch|p2a: Arceus|Arceus-Water|81\/100\n|move|p1a: Dondozo|Liquidation|p2a: Arceus\n|-resisted|p2a: Arceus\n|-damage|p2a: Arceus|72\/100\n|\n|upkeep\n|turn|21\n|\n|t:|1698947276\n|move|p2a: Arceus|Perish Song|p2a: Arceus\n|-start|p1a: Dondozo|perish3|[silent]\n|-start|p2a: Arceus|perish3|[silent]\n|-fieldactivate|move: Perish Song\n|move|p1a: Dondozo|Liquidation|p2a: Arceus\n|-resisted|p2a: Arceus\n|-damage|p2a: Arceus|63\/100\n|-unboost|p2a: Arceus|def|1\n|\n|-start|p2a: Arceus|perish3\n|-start|p1a: Dondozo|perish3\n|upkeep\n|turn|22\n|\n|t:|1698947284\n|move|p2a: Arceus|Recover|p2a: Arceus\n|-heal|p2a: Arceus|100\/100\n|move|p1a: Dondozo|Liquidation|p2a: Arceus\n|-resisted|p2a: Arceus\n|-crit|p2a: Arceus\n|-damage|p2a: Arceus|84\/100\n|-unboost|p2a: Arceus|def|1\n|\n|-start|p2a: Arceus|perish2\n|-start|p1a: Dondozo|perish2\n|upkeep\n|turn|23\n|\n|t:|1698947297\n|move|p2a: Arceus|Judgment|p1a: Dondozo\n|-resisted|p1a: Dondozo\n|-damage|p1a: Dondozo|42\/100\n|move|p1a: Dondozo|Liquidation|p2a: Arceus\n|-resisted|p2a: Arceus\n|-damage|p2a: Arceus|74\/100\n|\n|-start|p2a: Arceus|perish1\n|-start|p1a: Dondozo|perish1\n|upkeep\n|turn|24\n|\n|t:|1698947309\n|switch|p2a: Great Tusk|Great Tusk|42\/100\n|switch|p1a: Arceus|Arceus-Steel|100\/100\n|\n|upkeep\n|turn|25\n|\n|t:|1698947331\n|move|p2a: Great Tusk|Earthquake|p1a: Arceus\n|-supereffective|p1a: Arceus\n|-damage|p1a: Arceus|41\/100\n|move|p1a: Arceus|Judgment|p2a: Great Tusk\n|-damage|p2a: Great Tusk|0 fnt\n|faint|p2a: Great Tusk\n|-end|p2a: Great Tusk|Protosynthesis|[silent]\n|\n|upkeep\n|\n|t:|1698947341\n|switch|p2a: Arceus|Arceus-Water|74\/100\n|turn|26\n|\n|t:|1698947348\n|move|p2a: Arceus|Earth Power|p1a: Arceus\n|-supereffective|p1a: Arceus\n|-damage|p1a: Arceus|12\/100\n|-unboost|p1a: Arceus|spd|1\n|move|p1a: Arceus|Roar|p2a: Arceus\n|drag|p2a: Ho-Oh|Ho-Oh|100\/100\n|\n|upkeep\n|turn|27\n|\n|t:|1698947359\n|move|p1a: Arceus|Dark Pulse|p2a: Ho-Oh\n|-crit|p2a: Ho-Oh\n|-damage|p2a: Ho-Oh|81\/100\n|move|p2a: Ho-Oh|Earthquake|p1a: Arceus\n|-supereffective|p1a: Arceus\n|-damage|p1a: Arceus|0 fnt\n|faint|p1a: Arceus\n|\n|upkeep\n|\n|t:|1698947366\n|switch|p1a: Groudon|Groudon-Primal|100\/100\n|-weather|DesolateLand|[from] ability: Desolate Land|[of] p1a: Groudon\n|turn|28\n|\n|t:|1698947370\n|-terastallize|p2a: Ho-Oh|Ground\n|move|p1a: Groudon|Smack Down|p2a: Ho-Oh\n|-resisted|p2a: Ho-Oh\n|-damage|p2a: Ho-Oh|70\/100\n|move|p2a: Ho-Oh|Earthquake|p1a: Groudon\n|-supereffective|p1a: Groudon\n|-damage|p1a: Groudon|21\/100\n|\n|-weather|DesolateLand|[upkeep]\n|upkeep\n|turn|29\n|\n|t:|1698947378\n|move|p1a: Groudon|Precipice Blades|p2a: Ho-Oh\n|-damage|p2a: Ho-Oh|0 fnt\n|faint|p2a: Ho-Oh\n|\n|-weather|DesolateLand|[upkeep]\n|upkeep\n|\n|t:|1698947383\n|switch|p2a: Arceus|Arceus-Water|74\/100\n|turn|30\n|\n|t:|1698947390\n|move|p2a: Arceus|Earth Power|p1a: Groudon\n|-supereffective|p1a: Groudon\n|-damage|p1a: Groudon|0 fnt\n|faint|p1a: Groudon\n|-weather|none\n|\n|upkeep\n|\n|t:|1698947407\n|switch|p1a: Dondozo|Dondozo, M|42\/100\n|turn|31\n|\n|t:|1698947412\n|switch|p2a: Dialga|Dialga-Origin|100\/100\n|-ability|p2a: Dialga|Pressure\n|move|p1a: Dondozo|Rest|p1a: Dondozo\n|-status|p1a: Dondozo|slp|[from] move: Rest\n|-heal|p1a: Dondozo|100\/100 slp|[silent]\n|\n|upkeep\n|turn|32\n|\n|t:|1698947422\n|switch|p1a: Snorlax|Snorlax, M|100\/100\n|move|p2a: Dialga|Dragon Pulse|p1a: Snorlax\n|-damage|p1a: Snorlax|69\/100\n|\n|upkeep\n|turn|33\n|\n|t:|1698947427\n|move|p2a: Dialga|Dragon Pulse|p1a: Snorlax\n|-damage|p1a: Snorlax|38\/100\n|-enditem|p1a: Snorlax|Aguav Berry|[eat]\n|-heal|p1a: Snorlax|71\/100|[from] item: Aguav Berry\n|move|p1a: Snorlax|Amnesia|p1a: Snorlax\n|-boost|p1a: Snorlax|spd|2\n|\n|upkeep\n|turn|34\n|\n|t:|1698947435\n|switch|p2a: Arceus|Arceus-Water|74\/100\n|move|p1a: Snorlax|Curse|p1a: Snorlax\n|-unboost|p1a: Snorlax|spe|1\n|-boost|p1a: Snorlax|atk|1\n|-boost|p1a: Snorlax|def|1\n|\n|upkeep\n|turn|35\n|\n|t:|1698947444\n|move|p2a: Arceus|Perish Song|p2a: Arceus\n|-start|p1a: Snorlax|perish3|[silent]\n|-start|p2a: Arceus|perish3|[silent]\n|-fieldactivate|move: Perish Song\n|move|p1a: Snorlax|Body Slam|p2a: Arceus\n|-damage|p2a: Arceus|44\/100\n|-status|p2a: Arceus|par\n|\n|-start|p2a: Arceus|perish3\n|-start|p1a: Snorlax|perish3\n|upkeep\n|turn|36\n|\n|t:|1698947457\n|move|p2a: Arceus|Recover|p2a: Arceus\n|-heal|p2a: Arceus|94\/100 par\n|move|p1a: Snorlax|Body Slam|p2a: Arceus\n|-damage|p2a: Arceus|60\/100 par\n|\n|-start|p2a: Arceus|perish2\n|-start|p1a: Snorlax|perish2\n|upkeep\n|turn|37\n|\n|t:|1698947467\n|move|p2a: Arceus|Recover|p2a: Arceus\n|-heal|p2a: Arceus|100\/100 par\n|move|p1a: Snorlax|Body Slam|p2a: Arceus\n|-damage|p2a: Arceus|69\/100 par\n|\n|-start|p2a: Arceus|perish1\n|-start|p1a: Snorlax|perish1\n|upkeep\n|turn|38\n|\n|t:|1698947475\n|switch|p2a: Mewtwo|Mewtwo|100\/100\n|-ability|p2a: Mewtwo|Pressure\n|switch|p1a: Dondozo|Dondozo, M|100\/100 slp\n|\n|upkeep\n|turn|39\n|\n|t:|1698947486\n|switch|p2a: Ditto|Ditto|1\/100\n|-transform|p2a: Ditto|p1a: Dondozo|[from] ability: Imposter\n|cant|p1a: Dondozo|slp\n|\n|upkeep\n|turn|40\n|\n|t:|1698947498\n|move|p2a: Ditto|Rest|p2a: Ditto\n|-status|p2a: Ditto|slp|[from] move: Rest\n|-heal|p2a: Ditto|100\/100 slp|[silent]\n|cant|p1a: Dondozo|slp\n|\n|upkeep\n|turn|41\n|\n|t:|1698947508\n|switch|p1a: Snorlax|Snorlax, M|71\/100\n|cant|p2a: Ditto|slp\n|\n|upkeep\n|turn|42\n|inactive|Battle timer is ON: inactive players will automatically lose when time's up. (requested by burgerking_132)\n|\n|t:|1698947529\n|switch|p2a: Arceus|Arceus-Water|69\/100 par\n|move|p1a: Snorlax|Curse|p1a: Snorlax\n|-unboost|p1a: Snorlax|spe|1\n|-boost|p1a: Snorlax|atk|1\n|-boost|p1a: Snorlax|def|1\n|\n|upkeep\n|turn|43\n|\n|t:|1698947539\n|move|p2a: Arceus|Perish Song|p2a: Arceus\n|-start|p1a: Snorlax|perish3|[silent]\n|-start|p2a: Arceus|perish3|[silent]\n|-fieldactivate|move: Perish Song\n|move|p1a: Snorlax|Amnesia|p1a: Snorlax\n|-boost|p1a: Snorlax|spd|2\n|\n|-start|p2a: Arceus|perish3\n|-start|p1a: Snorlax|perish3\n|upkeep\n|turn|44\n|\n|t:|1698947548\n|move|p2a: Arceus|Recover|p2a: Arceus\n|-heal|p2a: Arceus|100\/100 par\n|move|p1a: Snorlax|Body Slam|p2a: Arceus\n|-damage|p2a: Arceus|71\/100 par\n|\n|-start|p2a: Arceus|perish2\n|-start|p1a: Snorlax|perish2\n|upkeep\n|turn|45\n|\n|t:|1698947558\n|move|p2a: Arceus|Recover|p2a: Arceus\n|-heal|p2a: Arceus|100\/100 par\n|move|p1a: Snorlax|Body Slam|p2a: Arceus\n|-damage|p2a: Arceus|71\/100 par\n|\n|-start|p2a: Arceus|perish1\n|-start|p1a: Snorlax|perish1\n|upkeep\n|turn|46\n|\n|t:|1698947566\n|switch|p2a: Ditto|Ditto|100\/100 slp\n|-transform|p2a: Ditto|p1a: Snorlax|[from] ability: Imposter\n|switch|p1a: Dondozo|Dondozo, M|100\/100 slp\n|\n|upkeep\n|turn|47\n|\n|t:|1698947574\n|-curestatus|p1a: Dondozo|slp|[msg]\n|move|p1a: Dondozo|Curse|p1a: Dondozo\n|-unboost|p1a: Dondozo|spe|1\n|-boost|p1a: Dondozo|atk|1\n|-boost|p1a: Dondozo|def|1\n|cant|p2a: Ditto|slp\n|\n|upkeep\n|turn|48\n|\n|t:|1698947581\n|move|p1a: Dondozo|Curse|p1a: Dondozo\n|-unboost|p1a: Dondozo|spe|1\n|-boost|p1a: Dondozo|atk|1\n|-boost|p1a: Dondozo|def|1\n|-curestatus|p2a: Ditto|slp|[msg]\n|move|p2a: Ditto|Curse|p2a: Ditto\n|-unboost|p2a: Ditto|spe|1\n|-boost|p2a: Ditto|atk|1\n|-boost|p2a: Ditto|def|1\n|\n|upkeep\n|turn|49\n|\n|t:|1698947590\n|switch|p2a: Arceus|Arceus-Water|71\/100 par\n|move|p1a: Dondozo|Curse|p1a: Dondozo\n|-unboost|p1a: Dondozo|spe|1\n|-boost|p1a: Dondozo|atk|1\n|-boost|p1a: Dondozo|def|1\n|\n|upkeep\n|turn|50\n|\n|t:|1698947602\n|cant|p2a: Arceus|par\n|move|p1a: Dondozo|Earthquake|p2a: Arceus\n|-damage|p2a: Arceus|33\/100 par\n|\n|upkeep\n|turn|51\n|\n|t:|1698947607\n|move|p2a: Arceus|Perish Song|p2a: Arceus\n|-start|p1a: Dondozo|perish3|[silent]\n|-start|p2a: Arceus|perish3|[silent]\n|-fieldactivate|move: Perish Song\n|move|p1a: Dondozo|Earthquake|p2a: Arceus\n|-damage|p2a: Arceus|0 fnt\n|faint|p2a: Arceus\n|\n|-start|p1a: Dondozo|perish3\n|upkeep\n|\n|t:|1698947616\n|switch|p2a: Ditto|Ditto|100\/100\n|-transform|p2a: Ditto|p1a: Dondozo|[from] ability: Imposter\n|turn|52\n|\n|t:|1698947628\n|move|p2a: Ditto|Curse|p2a: Ditto\n|-unboost|p2a: Ditto|spe|1\n|-boost|p2a: Ditto|atk|1\n|-boost|p2a: Ditto|def|1\n|move|p1a: Dondozo|Liquidation|p2a: Ditto\n|-resisted|p2a: Ditto\n|-damage|p2a: Ditto|88\/100\n|\n|-start|p1a: Dondozo|perish2\n|upkeep\n|turn|53\n|\n|t:|1698947636\n|move|p1a: Dondozo|Liquidation|p2a: Ditto\n|-resisted|p2a: Ditto\n|-damage|p2a: Ditto|78\/100\n|move|p2a: Ditto|Curse|p2a: Ditto\n|-unboost|p2a: Ditto|spe|1\n|-boost|p2a: Ditto|atk|1\n|-boost|p2a: Ditto|def|1\n|\n|-start|p1a: Dondozo|perish1\n|upkeep\n|turn|54\n|\n|t:|1698947645\n|switch|p1a: Snorlax|Snorlax, M|71\/100\n|move|p2a: Ditto|Liquidation|p1a: Snorlax\n|-crit|p1a: Snorlax\n|-damage|p1a: Snorlax|0 fnt\n|faint|p1a: Snorlax\n|\n|upkeep\n|\n|t:|1698947651\n|switch|p1a: Dondozo|Dondozo, M|100\/100\n|turn|55\n|\n|t:|1698947661\n|switch|p2a: Dialga|Dialga-Origin|100\/100\n|-ability|p2a: Dialga|Pressure\n|move|p1a: Dondozo|Curse|p1a: Dondozo\n|-unboost|p1a: Dondozo|spe|1\n|-boost|p1a: Dondozo|atk|1\n|-boost|p1a: Dondozo|def|1\n|\n|upkeep\n|turn|56\n|\n|t:|1698947674\n|move|p2a: Dialga|Dragon Pulse|p1a: Dondozo\n|-damage|p1a: Dondozo|44\/100\n|move|p1a: Dondozo|Curse|p1a: Dondozo\n|-unboost|p1a: Dondozo|spe|1\n|-boost|p1a: Dondozo|atk|1\n|-boost|p1a: Dondozo|def|1\n|\n|upkeep\n|turn|57\n|\n|t:|1698947683\n|-terastallize|p1a: Dondozo|Ground\n|move|p2a: Dialga|Dragon Pulse|p1a: Dondozo\n|-damage|p1a: Dondozo|0 fnt\n|faint|p1a: Dondozo\n|\n|win|frostcrush\n|raw|burgerking_132's rating: 1354 &rarr; <strong>1337<\/strong><br \/>(-17 for losing)\n|raw|frostcrush's rating: 1403 &rarr; <strong>1420<\/strong><br \/>(+17 for winning)\n|l|\u2606burgerking_132\n|c|\u2606frostcrush|outplayed\n","uploadtime":1698947691,"views":14,"p1id":"burgerking132","p2id":"frostcrush","formatid":"gen9nationaldexubers","rating":1337,"private":0,"password":""}