{"id":"gen9nationaldexubers-1997237656","p1":"Berryandon","p2":"Tazz21","format":"[Gen 9] National Dex Ubers","log":"|j|\u2606Berryandon\n|j|\u2606Tazz21\n|t:|1700778961\n|gametype|singles\n|player|p1|Berryandon|lady-gen4|\n|player|p2|Tazz21|evelyn|\n|teamsize|p1|6\n|teamsize|p2|6\n|gen|9\n|tier|[Gen 9] National Dex Ubers\n|rule|HP Percentage Mod: HP is shown in percentages\n|rule|Endless Battle Clause: Forcing endless battles is banned\n|rule|OHKO Clause: OHKO moves are banned\n|rule|Evasion Moves Clause: Evasion moves are banned\n|rule|Evasion Items Clause: Evasion items are banned\n|rule|Species Clause: Limit one of each Pok\u00e9mon\n|rule|Sleep Clause Mod: Limit one foe put to sleep\n|rule|Mega Rayquaza Clause: You cannot mega evolve Rayquaza\n|clearpoke\n|poke|p1|Ursaluna, F|\n|poke|p1|Skeledirge, F|\n|poke|p1|Zamazenta-*|\n|poke|p1|Dialga-Origin|\n|poke|p1|Ogerpon-Cornerstone, F|\n|poke|p1|Kyogre|\n|poke|p2|Palkia|\n|poke|p2|Hatterene, F|\n|poke|p2|Ferrothorn, F|\n|poke|p2|Deoxys|\n|poke|p2|Arceus-Poison|\n|poke|p2|Kartana|\n|teampreview\n|j| abstractvoid\n|j| HopeAddict\n|j| lonly wolf\n|c| abstractvoid|gaming\n|c|\u2606Berryandon|glhf\n|c|\u2606Tazz21|Same to you!\n|\n|t:|1700779052\n|start\n|switch|p1a: Insulin|Ogerpon-Cornerstone, F|100\/100\n|switch|p2a: splatterene|Hatterene, F|100\/100\n|turn|1\n|c| HopeAddict|OGERPON NATION\n|\n|t:|1700779067\n|move|p1a: Insulin|Knock Off|p2a: splatterene\n|-damage|p2a: splatterene|69\/100\n|-enditem|p2a: splatterene|Leftovers|[from] move: Knock Off|[of] p1a: Insulin\n|move|p2a: splatterene|Nuzzle|p1a: Insulin\n|-resisted|p1a: Insulin\n|-damage|p1a: Insulin|98\/100\n|-status|p1a: Insulin|par\n|\n|upkeep\n|turn|2\n|\n|t:|1700779086\n|move|p1a: Insulin|Encore|p2a: splatterene\n|move|p2a: splatterene|Encore||[from]ability: Magic Bounce|[still]\n|-fail|p2a: splatterene\n|move|p2a: splatterene|Dazzling Gleam|p1a: Insulin\n|-damage|p1a: Insulin|52\/100 par\n|\n|upkeep\n|turn|3\n|c|\u2606Tazz21|we dont do that here\n|\n|t:|1700779111\n|switch|p1a: Red Annihilator|Skeledirge, F|100\/100\n|move|p2a: splatterene|Dazzling Gleam|p1a: Red Annihilator\n|-resisted|p1a: Red Annihilator\n|-damage|p1a: Red Annihilator|87\/100\n|\n|upkeep\n|turn|4\n|\n|t:|1700779125\n|switch|p2a: My Best Pal Kia|Palkia|100\/100\n|-ability|p2a: My Best Pal Kia|Pressure\n|move|p1a: Red Annihilator|Torch Song|p2a: My Best Pal Kia\n|-resisted|p2a: My Best Pal Kia\n|-damage|p2a: My Best Pal Kia|95\/100\n|-boost|p1a: Red Annihilator|spa|1\n|\n|-heal|p2a: My Best Pal Kia|100\/100|[from] item: Leftovers\n|upkeep\n|turn|5\n|\n|t:|1700779141\n|move|p2a: My Best Pal Kia|Substitute|p2a: My Best Pal Kia\n|-start|p2a: My Best Pal Kia|Substitute\n|-damage|p2a: My Best Pal Kia|75\/100\n|move|p1a: Red Annihilator|Will-O-Wisp|p2a: My Best Pal Kia|[miss]\n|-miss|p1a: Red Annihilator|p2a: My Best Pal Kia\n|\n|-heal|p2a: My Best Pal Kia|82\/100|[from] item: Leftovers\n|upkeep\n|turn|6\n|c| abstractvoid|that trainer sprite goes hard\n|\n|t:|1700779167\n|switch|p1a: HindenburgDisaster|Kyogre|100\/100\n|-weather|RainDance|[from] ability: Drizzle|[of] p1a: HindenburgDisaster\n|move|p2a: My Best Pal Kia|Surf|p1a: HindenburgDisaster\n|-resisted|p1a: HindenburgDisaster\n|-damage|p1a: HindenburgDisaster|66\/100\n|\n|-weather|RainDance|[upkeep]\n|-heal|p2a: My Best Pal Kia|88\/100|[from] item: Leftovers\n|upkeep\n|turn|7\n|\n|t:|1700779180\n|move|p1a: HindenburgDisaster|Thunder|p2a: My Best Pal Kia\n|-end|p2a: My Best Pal Kia|Substitute\n|move|p2a: My Best Pal Kia|Thunder|p1a: HindenburgDisaster\n|-supereffective|p1a: HindenburgDisaster\n|-damage|p1a: HindenburgDisaster|0 fnt\n|faint|p1a: HindenburgDisaster\n|\n|-weather|RainDance|[upkeep]\n|-heal|p2a: My Best Pal Kia|94\/100|[from] item: Leftovers\n|upkeep\n|c|\u2606Tazz21|mine.\n|\n|t:|1700779211\n|switch|p1a: SquidwardForkMomnt|Dialga-Origin, shiny|100\/100\n|-ability|p1a: SquidwardForkMomnt|Pressure\n|turn|8\n|\n|t:|1700779234\n|switch|p2a: trauma.|Ferrothorn, F|100\/100\n|move|p1a: SquidwardForkMomnt|Flash Cannon|p2a: trauma.\n|-resisted|p2a: trauma.\n|-damage|p2a: trauma.|75\/100\n|\n|-weather|RainDance|[upkeep]\n|upkeep\n|turn|9\n|\n|t:|1700779242\n|move|p1a: SquidwardForkMomnt|Flamethrower|p2a: trauma.\n|-supereffective|p2a: trauma.\n|-damage|p2a: trauma.|19\/100\n|move|p2a: trauma.|Stealth Rock|p1a: SquidwardForkMomnt\n|-sidestart|p1: Berryandon|move: Stealth Rock\n|\n|-weather|RainDance|[upkeep]\n|upkeep\n|turn|10\n|\n|t:|1700779251\n|move|p1a: SquidwardForkMomnt|Flamethrower|p2a: trauma.\n|-supereffective|p2a: trauma.\n|-damage|p2a: trauma.|0 fnt\n|faint|p2a: trauma.\n|\n|-weather|none\n|upkeep\n|\n|t:|1700779269\n|switch|p2a: god has left.|Arceus-Poison|100\/100\n|turn|11\n|\n|t:|1700779285\n|switch|p1a: Red Annihilator|Skeledirge, F|87\/100\n|move|p2a: god has left.|Dragon Dance|p2a: god has left.\n|-boost|p2a: god has left.|atk|1\n|-boost|p2a: god has left.|spe|1\n|\n|upkeep\n|turn|12\n|\n|t:|1700779292\n|move|p2a: god has left.|Gunk Shot|p1a: Red Annihilator\n|-resisted|p1a: Red Annihilator\n|-crit|p1a: Red Annihilator\n|-damage|p1a: Red Annihilator|38\/100\n|move|p1a: Red Annihilator|Will-O-Wisp|p2a: god has left.\n|-status|p2a: god has left.|brn\n|\n|-damage|p2a: god has left.|94\/100 brn|[from] brn\n|upkeep\n|turn|13\n|\n|t:|1700779300\n|move|p2a: god has left.|Dragon Dance|p2a: god has left.\n|-boost|p2a: god has left.|atk|1\n|-boost|p2a: god has left.|spe|1\n|move|p1a: Red Annihilator|Slack Off|p1a: Red Annihilator\n|-heal|p1a: Red Annihilator|88\/100\n|\n|-damage|p2a: god has left.|88\/100 brn|[from] brn\n|upkeep\n|turn|14\n|\n|t:|1700779309\n|move|p2a: god has left.|Shadow Claw|p1a: Red Annihilator\n|-supereffective|p1a: Red Annihilator\n|-damage|p1a: Red Annihilator|67\/100\n|move|p1a: Red Annihilator|Torch Song|p2a: god has left.\n|-damage|p2a: god has left.|65\/100 brn\n|-boost|p1a: Red Annihilator|spa|1\n|\n|-damage|p2a: god has left.|59\/100 brn|[from] brn\n|upkeep\n|turn|15\n|\n|t:|1700779322\n|switch|p2a: My Best Pal Kia|Palkia|94\/100\n|-ability|p2a: My Best Pal Kia|Pressure\n|move|p1a: Red Annihilator|Torch Song|p2a: My Best Pal Kia\n|-resisted|p2a: My Best Pal Kia\n|-damage|p2a: My Best Pal Kia|86\/100\n|-boost|p1a: Red Annihilator|spa|1\n|\n|-heal|p2a: My Best Pal Kia|92\/100|[from] item: Leftovers\n|upkeep\n|turn|16\n|\n|t:|1700779338\n|switch|p1a: SquidwardForkMomnt|Dialga-Origin, shiny|100\/100\n|-damage|p1a: SquidwardForkMomnt|94\/100|[from] Stealth Rock\n|-ability|p1a: SquidwardForkMomnt|Pressure\n|move|p2a: My Best Pal Kia|Substitute|p2a: My Best Pal Kia\n|-start|p2a: My Best Pal Kia|Substitute\n|-damage|p2a: My Best Pal Kia|67\/100\n|\n|-heal|p2a: My Best Pal Kia|73\/100|[from] item: Leftovers\n|upkeep\n|turn|17\n|\n|t:|1700779349\n|move|p1a: SquidwardForkMomnt|Earth Power|p2a: My Best Pal Kia\n|-end|p2a: My Best Pal Kia|Substitute\n|move|p2a: My Best Pal Kia|Earth Power|p1a: SquidwardForkMomnt\n|-supereffective|p1a: SquidwardForkMomnt\n|-damage|p1a: SquidwardForkMomnt|33\/100\n|\n|-heal|p2a: My Best Pal Kia|79\/100|[from] item: Leftovers\n|upkeep\n|turn|18\n|\n|t:|1700779362\n|switch|p2a: splatterene|Hatterene, F|69\/100\n|move|p1a: SquidwardForkMomnt|Draco Meteor|p2a: splatterene\n|-immune|p2a: splatterene\n|\n|upkeep\n|turn|19\n|\n|t:|1700779369\n|move|p1a: SquidwardForkMomnt|Flash Cannon|p2a: splatterene\n|-supereffective|p2a: splatterene\n|-damage|p2a: splatterene|0 fnt\n|faint|p2a: splatterene\n|\n|upkeep\n|\n|t:|1700779378\n|switch|p2a: Volatile Twizzler|Deoxys|100\/100\n|-ability|p2a: Volatile Twizzler|Pressure\n|turn|20\n|\n|t:|1700779428\n|switch|p1a: Pissen Hounden|Zamazenta-Crowned|100\/100\n|-damage|p1a: Pissen Hounden|97\/100|[from] Stealth Rock\n|-ability|p1a: Pissen Hounden|Dauntless Shield|boost\n|-boost|p1a: Pissen Hounden|def|1\n|move|p2a: Volatile Twizzler|Psycho Boost|p1a: Pissen Hounden\n|-damage|p1a: Pissen Hounden|43\/100\n|-unboost|p2a: Volatile Twizzler|spa|2\n|\n|upkeep\n|turn|21\n|\n|t:|1700779457\n|move|p2a: Volatile Twizzler|Psycho Boost|p1a: Pissen Hounden\n|-damage|p1a: Pissen Hounden|13\/100\n|-unboost|p2a: Volatile Twizzler|spa|2\n|move|p1a: Pissen Hounden|Behemoth Bash|p2a: Volatile Twizzler\n|-damage|p2a: Volatile Twizzler|0 fnt\n|faint|p2a: Volatile Twizzler\n|\n|upkeep\n|c| HopeAddict|oh mein got ze pissen hounden\n|c|\u2606Berryandon|OH MEIN GOTT\n|\n|t:|1700779474\n|switch|p2a: IM BEING BLOWN AW-|Kartana|100\/100\n|turn|22\n|\n|t:|1700779503\n|move|p2a: IM BEING BLOWN AW-|Tailwind|p2a: IM BEING BLOWN AW-\n|-sidestart|p2: Tazz21|move: Tailwind\n|move|p1a: Pissen Hounden|Body Press|p2a: IM BEING BLOWN AW-\n|-supereffective|p2a: IM BEING BLOWN AW-\n|-enditem|p2a: IM BEING BLOWN AW-|Focus Sash\n|-damage|p2a: IM BEING BLOWN AW-|1\/100\n|\n|upkeep\n|turn|23\n|\n|t:|1700779518\n|move|p2a: IM BEING BLOWN AW-|Leaf Blade|p1a: Pissen Hounden\n|-resisted|p1a: Pissen Hounden\n|-damage|p1a: Pissen Hounden|0 fnt\n|faint|p1a: Pissen Hounden\n|-ability|p2a: IM BEING BLOWN AW-|Beast Boost|boost\n|-boost|p2a: IM BEING BLOWN AW-|atk|1\n|\n|upkeep\n|\n|t:|1700779536\n|switch|p1a: Red Annihilator|Skeledirge, F|67\/100\n|turn|24\n|\n|t:|1700779574\n|move|p2a: IM BEING BLOWN AW-|Leaf Blade|p1a: Red Annihilator\n|-resisted|p1a: Red Annihilator\n|-damage|p1a: Red Annihilator|41\/100\n|move|p1a: Red Annihilator|Slack Off|p1a: Red Annihilator\n|-heal|p1a: Red Annihilator|91\/100\n|\n|upkeep\n|turn|25\n|\n|t:|1700779583\n|move|p2a: IM BEING BLOWN AW-|Swords Dance|p2a: IM BEING BLOWN AW-\n|-boost|p2a: IM BEING BLOWN AW-|atk|2\n|move|p1a: Red Annihilator|Hex|p2a: IM BEING BLOWN AW-\n|-damage|p2a: IM BEING BLOWN AW-|0 fnt\n|faint|p2a: IM BEING BLOWN AW-\n|\n|-sideend|p2: Tazz21|move: Tailwind\n|upkeep\n|\n|t:|1700779591\n|switch|p2a: My Best Pal Kia|Palkia|79\/100\n|-ability|p2a: My Best Pal Kia|Pressure\n|turn|26\n|\n|t:|1700779597\n|switch|p1a: Insulin|Ogerpon-Cornerstone, F|52\/100 par\n|-damage|p1a: Insulin|40\/100 par|[from] Stealth Rock\n|move|p2a: My Best Pal Kia|Substitute|p2a: My Best Pal Kia\n|-start|p2a: My Best Pal Kia|Substitute\n|-damage|p2a: My Best Pal Kia|54\/100\n|\n|-heal|p2a: My Best Pal Kia|61\/100|[from] item: Leftovers\n|upkeep\n|turn|27\n|\n|t:|1700779627\n|move|p2a: My Best Pal Kia|Surf|p1a: Insulin\n|-damage|p1a: Insulin|0 fnt\n|faint|p1a: Insulin\n|\n|-heal|p2a: My Best Pal Kia|67\/100|[from] item: Leftovers\n|upkeep\n|\n|t:|1700779642\n|switch|p1a: How Many Nights?|Ursaluna, F|100\/100\n|-damage|p1a: How Many Nights?|94\/100|[from] Stealth Rock\n|turn|28\n|\n|t:|1700779648\n|move|p2a: My Best Pal Kia|Surf|p1a: How Many Nights?\n|-supereffective|p1a: How Many Nights?\n|-damage|p1a: How Many Nights?|0 fnt\n|faint|p1a: How Many Nights?\n|\n|-heal|p2a: My Best Pal Kia|73\/100|[from] item: Leftovers\n|upkeep\n|\n|t:|1700779657\n|switch|p1a: Red Annihilator|Skeledirge, F|91\/100\n|turn|29\n|\n|t:|1700779662\n|move|p2a: My Best Pal Kia|Surf|p1a: Red Annihilator\n|-supereffective|p1a: Red Annihilator\n|-damage|p1a: Red Annihilator|11\/100\n|move|p1a: Red Annihilator|Hex|p2a: My Best Pal Kia\n|-crit|p2a: My Best Pal Kia\n|-end|p2a: My Best Pal Kia|Substitute\n|\n|-heal|p2a: My Best Pal Kia|79\/100|[from] item: Leftovers\n|upkeep\n|turn|30\n|\n|t:|1700779677\n|move|p2a: My Best Pal Kia|Substitute|p2a: My Best Pal Kia\n|-start|p2a: My Best Pal Kia|Substitute\n|-damage|p2a: My Best Pal Kia|54\/100\n|move|p1a: Red Annihilator|Hex|p2a: My Best Pal Kia\n|-activate|p2a: My Best Pal Kia|move: Substitute|[damage]\n|\n|-heal|p2a: My Best Pal Kia|61\/100|[from] item: Leftovers\n|upkeep\n|turn|31\n|\n|t:|1700779686\n|move|p2a: My Best Pal Kia|Surf|p1a: Red Annihilator\n|-supereffective|p1a: Red Annihilator\n|-damage|p1a: Red Annihilator|0 fnt\n|faint|p1a: Red Annihilator\n|\n|-heal|p2a: My Best Pal Kia|67\/100|[from] item: Leftovers\n|upkeep\n|\n|t:|1700779687\n|switch|p1a: SquidwardForkMomnt|Dialga-Origin, shiny|33\/100\n|-damage|p1a: SquidwardForkMomnt|27\/100|[from] Stealth Rock\n|-ability|p1a: SquidwardForkMomnt|Pressure\n|turn|32\n|\n|t:|1700779696\n|move|p1a: SquidwardForkMomnt|Earth Power|p2a: My Best Pal Kia\n|-end|p2a: My Best Pal Kia|Substitute\n|move|p2a: My Best Pal Kia|Earth Power|p1a: SquidwardForkMomnt\n|-supereffective|p1a: SquidwardForkMomnt\n|-damage|p1a: SquidwardForkMomnt|0 fnt\n|faint|p1a: SquidwardForkMomnt\n|\n|win|Tazz21\n|c|\u2606Berryandon|GG\n|c|\u2606Tazz21|gg\n|l| HopeAddict\n|l|\u2606Berryandon\n|l| abstractvoid\n|l|\u2606Tazz21\n|j| PaperDrMario\n","uploadtime":1700779707,"views":52,"p1id":"berryandon","p2id":"tazz21","formatid":"gen9nationaldexubers","rating":0,"private":0,"password":""}