{"id":"gen9nationaldexubers-1987688134","p1":"wizardofballs","p2":"malacara72","format":"[Gen 9] National Dex Ubers","log":"|j|\u2606wizardofballs\n|j|\u2606malacara72\n|t:|1699627780\n|gametype|singles\n|player|p1|wizardofballs|170|1349\n|player|p2|malacara72|n|1274\n|teamsize|p1|6\n|teamsize|p2|6\n|gen|9\n|tier|[Gen 9] National Dex Ubers\n|rated|\n|rule|HP Percentage Mod: HP is shown in percentages\n|rule|Endless Battle Clause: Forcing endless battles is banned\n|rule|OHKO Clause: OHKO moves are banned\n|rule|Evasion Moves Clause: Evasion moves are banned\n|rule|Evasion Items Clause: Evasion items are banned\n|rule|Species Clause: Limit one of each Pok\u00e9mon\n|rule|Sleep Clause Mod: Limit one foe put to sleep\n|rule|Mega Rayquaza Clause: You cannot mega evolve Rayquaza\n|clearpoke\n|poke|p1|Magearna|\n|poke|p1|Arceus|\n|poke|p1|Ho-Oh|\n|poke|p1|Groudon|\n|poke|p1|Lugia|\n|poke|p1|Eternatus|\n|poke|p2|Xerneas-*|\n|poke|p2|Araquanid, M|\n|poke|p2|Chi-Yu|\n|poke|p2|Gholdengo|\n|poke|p2|Garganacl, M|\n|poke|p2|Zacian-*|\n|teampreview\n|inactive|Battle timer is ON: inactive players will automatically lose when time's up. (requested by malacara72)\n|\n|t:|1699627785\n|start\n|switch|p1a: Arceus|Arceus|100\/100\n|switch|p2a: Araquanid|Araquanid, M|100\/100\n|turn|1\n|\n|t:|1699627795\n|move|p1a: Arceus|Judgment|p2a: Araquanid\n|-damage|p2a: Araquanid|75\/100\n|move|p2a: Araquanid|Toxic|p1a: Arceus\n|-status|p1a: Arceus|tox\n|\n|-heal|p2a: Araquanid|82\/100|[from] item: Leftovers\n|-damage|p1a: Arceus|94\/100 tox|[from] psn\n|upkeep\n|turn|2\n|\n|t:|1699627807\n|switch|p1a: Magearna|Magearna|100\/100\n|move|p2a: Araquanid|Sticky Web|p1a: Magearna\n|-sidestart|p1: wizardofballs|move: Sticky Web\n|\n|-heal|p2a: Araquanid|88\/100|[from] item: Leftovers\n|upkeep\n|turn|3\n|\n|t:|1699627824\n|switch|p2a: Italy|Gholdengo|100\/100\n|move|p1a: Magearna|Heal Bell|p1a: Magearna\n|-activate|p1a: Magearna|move: Heal Bell\n|-curestatus|p1: Arceus|tox|[msg]\n|\n|upkeep\n|turn|4\n|\n|t:|1699627841\n|switch|p1a: Groudon|Groudon|100\/100\n|-activate|p1a: Groudon|move: Sticky Web\n|-unboost|p1a: Groudon|spe|1\n|-weather|SunnyDay|[from] ability: Drought|[of] p1a: Groudon\n|move|p2a: Italy|Make It Rain|p1a: Groudon\n|-damage|p1a: Groudon|28\/100\n|-unboost|p2a: Italy|spa|1\n|\n|-weather|SunnyDay|[upkeep]\n|-heal|p1a: Groudon|34\/100|[from] item: Leftovers\n|upkeep\n|turn|5\n|\n|t:|1699627863\n|switch|p2a: Araquanid|Araquanid, M|88\/100\n|move|p1a: Groudon|Will-O-Wisp|p2a: Araquanid\n|-status|p2a: Araquanid|brn\n|\n|-weather|SunnyDay|[upkeep]\n|-heal|p1a: Groudon|40\/100|[from] item: Leftovers\n|-heal|p2a: Araquanid|94\/100 brn|[from] item: Leftovers\n|-damage|p2a: Araquanid|88\/100 brn|[from] brn\n|upkeep\n|turn|6\n|inactive|wizardofballs has 120 seconds left.\n|\n|t:|1699627887\n|move|p1a: Groudon|Earthquake|p2a: Araquanid\n|-resisted|p2a: Araquanid\n|-damage|p2a: Araquanid|57\/100 brn\n|move|p2a: Araquanid|Toxic|p1a: Groudon\n|-status|p1a: Groudon|tox\n|\n|-weather|SunnyDay|[upkeep]\n|-heal|p1a: Groudon|47\/100 tox|[from] item: Leftovers\n|-heal|p2a: Araquanid|63\/100 brn|[from] item: Leftovers\n|-damage|p1a: Groudon|40\/100 tox|[from] psn\n|-damage|p2a: Araquanid|57\/100 brn|[from] brn\n|upkeep\n|turn|7\n|inactive|wizardofballs has 120 seconds left.\n|\n|t:|1699627899\n|move|p2a: Araquanid|Protect|p2a: Araquanid\n|-singleturn|p2a: Araquanid|Protect\n|move|p1a: Groudon|Rock Polish|p1a: Groudon\n|-boost|p1a: Groudon|spe|2\n|\n|-weather|SunnyDay|[upkeep]\n|-heal|p1a: Groudon|47\/100 tox|[from] item: Leftovers\n|-heal|p2a: Araquanid|63\/100 brn|[from] item: Leftovers\n|-damage|p1a: Groudon|34\/100 tox|[from] psn\n|-damage|p2a: Araquanid|57\/100 brn|[from] brn\n|upkeep\n|turn|8\n|inactive|wizardofballs has 120 seconds left.\n|\n|t:|1699627913\n|move|p1a: Groudon|Earthquake|p2a: Araquanid\n|-resisted|p2a: Araquanid\n|-damage|p2a: Araquanid|28\/100 brn\n|move|p2a: Araquanid|Aqua Ring|p2a: Araquanid\n|-start|p2a: Araquanid|Aqua Ring\n|\n|-weather|none\n|-heal|p1a: Groudon|40\/100 tox|[from] item: Leftovers\n|-heal|p2a: Araquanid|34\/100 brn|[from] item: Leftovers\n|-heal|p2a: Araquanid|40\/100 brn|[from] Aqua Ring\n|-damage|p1a: Groudon|22\/100 tox|[from] psn\n|-damage|p2a: Araquanid|34\/100 brn|[from] brn\n|upkeep\n|turn|9\n|inactive|wizardofballs has 120 seconds left.\n|\n|t:|1699627928\n|move|p2a: Araquanid|Protect|p2a: Araquanid\n|-singleturn|p2a: Araquanid|Protect\n|move|p1a: Groudon|Earthquake|p2a: Araquanid\n|-activate|p2a: Araquanid|move: Protect\n|\n|-heal|p1a: Groudon|28\/100 tox|[from] item: Leftovers\n|-heal|p2a: Araquanid|40\/100 brn|[from] item: Leftovers\n|-heal|p2a: Araquanid|46\/100 brn|[from] Aqua Ring\n|-damage|p1a: Groudon|3\/100 tox|[from] psn\n|-damage|p2a: Araquanid|40\/100 brn|[from] brn\n|upkeep\n|turn|10\n|inactive|wizardofballs has 120 seconds left.\n|\n|t:|1699627951\n|switch|p1a: Magearna|Magearna|100\/100\n|-activate|p1a: Magearna|move: Sticky Web\n|-unboost|p1a: Magearna|spe|1\n|move|p2a: Araquanid|Protect||[still]\n|-fail|p2a: Araquanid\n|\n|-heal|p2a: Araquanid|46\/100 brn|[from] item: Leftovers\n|-heal|p2a: Araquanid|53\/100 brn|[from] Aqua Ring\n|-damage|p2a: Araquanid|46\/100 brn|[from] brn\n|upkeep\n|turn|11\n|\n|t:|1699627963\n|switch|p2a: Nemo|Chi-Yu|100\/100\n|-ability|p2a: Nemo|Beads of Ruin\n|move|p1a: Magearna|Heal Bell|p1a: Magearna\n|-activate|p1a: Magearna|move: Heal Bell\n|-curestatus|p1: Groudon|tox|[msg]\n|\n|upkeep\n|turn|12\n|\n|t:|1699627984\n|switch|p1a: Arceus|Arceus|94\/100\n|-activate|p1a: Arceus|move: Sticky Web\n|-unboost|p1a: Arceus|spe|1\n|move|p2a: Nemo|Flamethrower|p1a: Arceus\n|-damage|p1a: Arceus|28\/100\n|\n|-heal|p1a: Arceus|34\/100|[from] item: Leftovers\n|upkeep\n|turn|13\n|inactive|wizardofballs has 90 seconds left.\n|\n|t:|1699627999\n|switch|p2a: Italy|Gholdengo|100\/100\n|move|p1a: Arceus|Calm Mind|p1a: Arceus\n|-boost|p1a: Arceus|spa|1\n|-boost|p1a: Arceus|spd|1\n|\n|-heal|p1a: Arceus|40\/100|[from] item: Leftovers\n|upkeep\n|turn|14\n|\n|t:|1699628008\n|move|p1a: Arceus|Shadow Ball|p2a: Italy\n|-supereffective|p2a: Italy\n|-damage|p2a: Italy|34\/100\n|move|p2a: Italy|Make It Rain|p1a: Arceus\n|-damage|p1a: Arceus|11\/100\n|-unboost|p2a: Italy|spa|1\n|\n|-heal|p1a: Arceus|17\/100|[from] item: Leftovers\n|-heal|p2a: Italy|40\/100|[from] item: Leftovers\n|upkeep\n|turn|15\n|\n|t:|1699628021\n|move|p2a: Italy|Protect|p2a: Italy\n|-singleturn|p2a: Italy|Protect\n|move|p1a: Arceus|Shadow Ball|p2a: Italy\n|-activate|p2a: Italy|move: Protect\n|\n|-heal|p1a: Arceus|23\/100|[from] item: Leftovers\n|-heal|p2a: Italy|47\/100|[from] item: Leftovers\n|upkeep\n|turn|16\n|\n|t:|1699628037\n|switch|p2a: Araquanid|Araquanid, M|46\/100 brn\n|move|p1a: Arceus|Shadow Ball|p2a: Araquanid\n|-damage|p2a: Araquanid|24\/100 brn\n|\n|-heal|p1a: Arceus|30\/100|[from] item: Leftovers\n|-heal|p2a: Araquanid|30\/100 brn|[from] item: Leftovers\n|-damage|p2a: Araquanid|24\/100 brn|[from] brn\n|upkeep\n|turn|17\n|\n|t:|1699628050\n|move|p1a: Arceus|Judgment|p2a: Araquanid\n|-damage|p2a: Araquanid|0 fnt\n|faint|p2a: Araquanid\n|\n|-heal|p1a: Arceus|36\/100|[from] item: Leftovers\n|upkeep\n|\n|t:|1699628055\n|switch|p2a: Scooby Doo|Zacian-Crowned|100\/100\n|-ability|p2a: Scooby Doo|Intrepid Sword|boost\n|-boost|p2a: Scooby Doo|atk|1\n|turn|18\n|\n|t:|1699628064\n|-terastallize|p1a: Arceus|Ghost\n|move|p2a: Scooby Doo|Close Combat|p1a: Arceus\n|-immune|p1a: Arceus\n|move|p1a: Arceus|Will-O-Wisp|p2a: Scooby Doo|[miss]\n|-miss|p1a: Arceus|p2a: Scooby Doo\n|\n|-heal|p1a: Arceus|42\/100|[from] item: Leftovers\n|upkeep\n|turn|19\n|\n|t:|1699628076\n|move|p2a: Scooby Doo|Behemoth Blade|p1a: Arceus\n|-crit|p1a: Arceus\n|-damage|p1a: Arceus|0 fnt\n|faint|p1a: Arceus\n|\n|upkeep\n|\n|t:|1699628083\n|switch|p1a: Ho-Oh|Ho-Oh|100\/100\n|turn|20\n|\n|t:|1699628094\n|switch|p2a: Lego|Garganacl, M|100\/100\n|move|p1a: Ho-Oh|Sacred Fire|p2a: Lego\n|-resisted|p2a: Lego\n|-damage|p2a: Lego|90\/100\n|\n|upkeep\n|turn|21\n|inactive|wizardofballs has 120 seconds left.\n|\n|t:|1699628116\n|switch|p1a: Lugia|Lugia|100\/100\n|move|p2a: Lego|Salt Cure|p1a: Lugia\n|-supereffective|p1a: Lugia\n|-damage|p1a: Lugia|92\/100\n|-start|p1a: Lugia|Salt Cure\n|\n|-heal|p1a: Lugia|98\/100|[from] item: Leftovers\n|-damage|p1a: Lugia|85\/100|[from] Salt Cure\n|upkeep\n|turn|22\n|\n|t:|1699628127\n|move|p2a: Lego|Protect|p2a: Lego\n|-singleturn|p2a: Lego|Protect\n|move|p1a: Lugia|Defog|p2a: Lego\n|-activate|p2a: Lego|move: Protect\n|\n|-heal|p1a: Lugia|92\/100|[from] item: Leftovers\n|-damage|p1a: Lugia|79\/100|[from] Salt Cure\n|upkeep\n|turn|23\n|\n|t:|1699628157\n|switch|p1a: Magearna|Magearna|100\/100\n|-activate|p1a: Magearna|move: Sticky Web\n|-unboost|p1a: Magearna|spe|1\n|switch|p2a: Italy|Gholdengo|47\/100\n|\n|-heal|p2a: Italy|53\/100|[from] item: Leftovers\n|upkeep\n|turn|24\n|inactive|wizardofballs has 90 seconds left.\n|\n|t:|1699628172\n|switch|p1a: Ho-Oh|Ho-Oh|100\/100\n|move|p2a: Italy|Recover|p2a: Italy\n|-heal|p2a: Italy|100\/100\n|\n|upkeep\n|turn|25\n|\n|t:|1699628186\n|switch|p2a: Nemo|Chi-Yu|100\/100\n|-ability|p2a: Nemo|Beads of Ruin\n|move|p1a: Ho-Oh|Flame Charge|p2a: Nemo\n|-resisted|p2a: Nemo\n|-damage|p2a: Nemo|84\/100\n|-boost|p1a: Ho-Oh|spe|1\n|\n|upkeep\n|turn|26\n|\n|t:|1699628201\n|move|p2a: Nemo|Hyper Beam|p1a: Ho-Oh\n|-damage|p1a: Ho-Oh|53\/100\n|-mustrecharge|p2a: Nemo\n|move|p1a: Ho-Oh|Brave Bird|p2a: Nemo\n|-damage|p2a: Nemo|0 fnt\n|faint|p2a: Nemo\n|-damage|p1a: Ho-Oh|37\/100|[from] Recoil\n|\n|upkeep\n|\n|t:|1699628208\n|switch|p2a: Lego|Garganacl, M|90\/100\n|turn|27\n|\n|t:|1699628213\n|switch|p1a: Lugia|Lugia|79\/100\n|move|p2a: Lego|Salt Cure|p1a: Lugia\n|-supereffective|p1a: Lugia\n|-damage|p1a: Lugia|62\/100\n|-start|p1a: Lugia|Salt Cure\n|\n|-heal|p1a: Lugia|68\/100|[from] item: Leftovers\n|-damage|p1a: Lugia|56\/100|[from] Salt Cure\n|upkeep\n|turn|28\n|\n|t:|1699628223\n|move|p2a: Lego|Protect|p2a: Lego\n|-singleturn|p2a: Lego|Protect\n|move|p1a: Lugia|Defog|p2a: Lego\n|-activate|p2a: Lego|move: Protect\n|\n|-heal|p1a: Lugia|62\/100|[from] item: Leftovers\n|-damage|p1a: Lugia|49\/100|[from] Salt Cure\n|upkeep\n|turn|29\n|\n|t:|1699628233\n|switch|p2a: Italy|Gholdengo|100\/100\n|move|p1a: Lugia|Defog|p2a: Italy\n|-immune|p2a: Italy|[from] ability: Good as Gold\n|\n|-heal|p1a: Lugia|56\/100|[from] item: Leftovers\n|-damage|p1a: Lugia|43\/100|[from] Salt Cure\n|upkeep\n|turn|30\n|inactive|wizardofballs has 120 seconds left.\n|\n|t:|1699628248\n|switch|p1a: Ho-Oh|Ho-Oh|70\/100\n|move|p2a: Italy|Shadow Ball|p1a: Ho-Oh\n|-damage|p1a: Ho-Oh|49\/100\n|\n|upkeep\n|turn|31\n|inactive|wizardofballs has 120 seconds left.\n|\n|t:|1699628264\n|switch|p2a: Lego|Garganacl, M|90\/100\n|move|p1a: Ho-Oh|Flame Charge|p2a: Lego\n|-resisted|p2a: Lego\n|-damage|p2a: Lego|84\/100\n|-boost|p1a: Ho-Oh|spe|1\n|-damage|p1a: Ho-Oh|32\/100|[from] item: Rocky Helmet|[of] p2a: Lego\n|\n|upkeep\n|turn|32\n|inactive|wizardofballs has 120 seconds left.\n|\n|t:|1699628277\n|switch|p1a: Lugia|Lugia|43\/100\n|move|p2a: Lego|Salt Cure|p1a: Lugia\n|-supereffective|p1a: Lugia\n|-damage|p1a: Lugia|27\/100\n|-start|p1a: Lugia|Salt Cure\n|\n|-heal|p1a: Lugia|33\/100|[from] item: Leftovers\n|-damage|p1a: Lugia|20\/100|[from] Salt Cure\n|upkeep\n|turn|33\n|inactive|wizardofballs has 120 seconds left.\n|\n|t:|1699628288\n|move|p2a: Lego|Protect|p2a: Lego\n|-singleturn|p2a: Lego|Protect\n|move|p1a: Lugia|Recover|p1a: Lugia\n|-heal|p1a: Lugia|70\/100\n|\n|-heal|p1a: Lugia|77\/100|[from] item: Leftovers\n|-damage|p1a: Lugia|64\/100|[from] Salt Cure\n|upkeep\n|turn|34\n|inactive|wizardofballs has 120 seconds left.\n|\n|t:|1699628301\n|switch|p1a: Groudon|Groudon|3\/100\n|-activate|p1a: Groudon|move: Sticky Web\n|-unboost|p1a: Groudon|spe|1\n|-weather|SunnyDay|[from] ability: Drought|[of] p1a: Groudon\n|switch|p2a: Diamond|Xerneas, shiny|100\/100\n|-ability|p2a: Diamond|Fairy Aura\n|\n|-weather|SunnyDay|[upkeep]\n|-heal|p1a: Groudon|10\/100|[from] item: Leftovers\n|upkeep\n|turn|35\n|inactive|wizardofballs has 120 seconds left.\n|\n|t:|1699628313\n|move|p2a: Diamond|Geomancy||[still]\n|-prepare|p2a: Diamond|Geomancy\n|-enditem|p2a: Diamond|Power Herb\n|-anim|p2a: Diamond|Geomancy|p2a: Diamond\n|-boost|p2a: Diamond|spa|2\n|-boost|p2a: Diamond|spd|2\n|-boost|p2a: Diamond|spe|2\n|move|p1a: Groudon|Will-O-Wisp|p2a: Diamond\n|-status|p2a: Diamond|brn\n|\n|-weather|SunnyDay|[upkeep]\n|-heal|p1a: Groudon|16\/100|[from] item: Leftovers\n|-damage|p2a: Diamond|94\/100 brn|[from] brn\n|upkeep\n|turn|36\n|inactive|wizardofballs has 120 seconds left.\n|\n|t:|1699628326\n|move|p2a: Diamond|Moonblast|p1a: Groudon\n|-damage|p1a: Groudon|0 fnt\n|faint|p1a: Groudon\n|\n|-weather|SunnyDay|[upkeep]\n|-damage|p2a: Diamond|88\/100 brn|[from] brn\n|upkeep\n|inactive|wizardofballs has 120 seconds left.\n|\n|t:|1699628335\n|switch|p1a: Magearna|Magearna|100\/100\n|-activate|p1a: Magearna|move: Sticky Web\n|-unboost|p1a: Magearna|spe|1\n|turn|37\n|\n|t:|1699628342\n|move|p2a: Diamond|Psychic|p1a: Magearna\n|-resisted|p1a: Magearna\n|-damage|p1a: Magearna|82\/100\n|move|p1a: Magearna|Shift Gear|p1a: Magearna\n|-boost|p1a: Magearna|spe|2\n|-boost|p1a: Magearna|atk|1\n|\n|-weather|SunnyDay|[upkeep]\n|-heal|p1a: Magearna|88\/100|[from] item: Leftovers\n|-damage|p2a: Diamond|82\/100 brn|[from] brn\n|upkeep\n|turn|38\n|\n|t:|1699628355\n|switch|p2a: Lego|Garganacl, M|84\/100\n|move|p1a: Magearna|Play Rough|p2a: Lego\n|-damage|p2a: Lego|61\/100\n|-damage|p1a: Magearna|72\/100|[from] item: Rocky Helmet|[of] p2a: Lego\n|\n|-weather|none\n|-heal|p1a: Magearna|78\/100|[from] item: Leftovers\n|upkeep\n|turn|39\n|\n|t:|1699628366\n|move|p1a: Magearna|Shift Gear|p1a: Magearna\n|-boost|p1a: Magearna|spe|2\n|-boost|p1a: Magearna|atk|1\n|move|p2a: Lego|Salt Cure|p1a: Magearna\n|-resisted|p1a: Magearna\n|-damage|p1a: Magearna|72\/100\n|-start|p1a: Magearna|Salt Cure\n|\n|-heal|p1a: Magearna|78\/100|[from] item: Leftovers\n|-damage|p1a: Magearna|53\/100|[from] Salt Cure\n|upkeep\n|turn|40\n|\n|t:|1699628377\n|move|p1a: Magearna|Play Rough|p2a: Lego\n|-damage|p2a: Lego|31\/100\n|-damage|p1a: Magearna|36\/100|[from] item: Rocky Helmet|[of] p2a: Lego\n|move|p2a: Lego|Recover|p2a: Lego\n|-heal|p2a: Lego|81\/100\n|\n|-heal|p1a: Magearna|42\/100|[from] item: Leftovers\n|-damage|p1a: Magearna|17\/100|[from] Salt Cure\n|upkeep\n|turn|41\n|\n|t:|1699628390\n|switch|p1a: Lugia|Lugia|64\/100\n|move|p2a: Lego|Protect||[still]\n|-fail|p2a: Lego\n|\n|-heal|p1a: Lugia|70\/100|[from] item: Leftovers\n|upkeep\n|turn|42\n|\n|t:|1699628398\n|switch|p2a: Italy|Gholdengo|100\/100\n|move|p1a: Lugia|Defog|p2a: Italy\n|-immune|p2a: Italy|[from] ability: Good as Gold\n|\n|-heal|p1a: Lugia|77\/100|[from] item: Leftovers\n|upkeep\n|turn|43\n|\n|t:|1699628414\n|move|p1a: Lugia|Aeroblast|p2a: Italy\n|-resisted|p2a: Italy\n|-damage|p2a: Italy|85\/100\n|move|p2a: Italy|Shadow Ball|p1a: Lugia\n|-supereffective|p1a: Lugia\n|-damage|p1a: Lugia|28\/100\n|\n|-heal|p1a: Lugia|34\/100|[from] item: Leftovers\n|-heal|p2a: Italy|91\/100|[from] item: Leftovers\n|upkeep\n|turn|44\n|\n|t:|1699628425\n|switch|p1a: Ho-Oh|Ho-Oh|65\/100\n|move|p2a: Italy|Shadow Ball|p1a: Ho-Oh\n|-damage|p1a: Ho-Oh|46\/100\n|\n|-heal|p2a: Italy|97\/100|[from] item: Leftovers\n|upkeep\n|turn|45\n|\n|t:|1699628435\n|switch|p2a: Lego|Garganacl, M|81\/100\n|move|p1a: Ho-Oh|Recover|p1a: Ho-Oh\n|-heal|p1a: Ho-Oh|96\/100\n|\n|upkeep\n|turn|46\n|\n|t:|1699628445\n|move|p1a: Ho-Oh|Brave Bird|p2a: Lego\n|-resisted|p2a: Lego\n|-damage|p2a: Lego|68\/100\n|-damage|p1a: Ho-Oh|79\/100|[from] item: Rocky Helmet|[of] p2a: Lego\n|-damage|p1a: Ho-Oh|75\/100|[from] Recoil\n|move|p2a: Lego|Salt Cure|p1a: Ho-Oh\n|-supereffective|p1a: Ho-Oh\n|-damage|p1a: Ho-Oh|25\/100\n|-start|p1a: Ho-Oh|Salt Cure\n|\n|-damage|p1a: Ho-Oh|13\/100|[from] Salt Cure\n|upkeep\n|turn|47\n|\n|t:|1699628465\n|switch|p1a: Magearna|Magearna|17\/100\n|-activate|p1a: Magearna|move: Sticky Web\n|-unboost|p1a: Magearna|spe|1\n|move|p2a: Lego|Recover|p2a: Lego\n|-heal|p2a: Lego|100\/100\n|\n|-heal|p1a: Magearna|23\/100|[from] item: Leftovers\n|upkeep\n|turn|48\n|\n|t:|1699628478\n|move|p2a: Lego|Salt Cure|p1a: Magearna\n|-resisted|p1a: Magearna\n|-damage|p1a: Magearna|18\/100\n|-start|p1a: Magearna|Salt Cure\n|move|p1a: Magearna|Fleur Cannon|p2a: Lego\n|-damage|p2a: Lego|48\/100\n|-unboost|p1a: Magearna|spa|2\n|\n|-heal|p1a: Magearna|24\/100|[from] item: Leftovers\n|-damage|p1a: Magearna|0 fnt|[from] Salt Cure\n|faint|p1a: Magearna\n|upkeep\n|inactive|wizardofballs has 120 seconds left.\n|c|\u2606malacara72|Your strat is very good but your pokemon are too chipped to keep it up for long\n|\n|t:|1699628495\n|switch|p1a: Eternatus|Eternatus|100\/100\n|-activate|p1a: Eternatus|move: Sticky Web\n|-unboost|p1a: Eternatus|spe|1\n|-ability|p1a: Eternatus|Pressure\n|turn|49\n|inactive|wizardofballs has 120 seconds left.\n|\n|t:|1699628507\n|move|p1a: Eternatus|Flash Cannon|p2a: Lego\n|-supereffective|p2a: Lego\n|-damage|p2a: Lego|0 fnt\n|faint|p2a: Lego\n|\n|upkeep\n|\n|t:|1699628512\n|switch|p2a: Scooby Doo|Zacian-Crowned|100\/100\n|turn|50\n|inactive|wizardofballs has 120 seconds left.\n|\n|t:|1699628528\n|switch|p1a: Ho-Oh|Ho-Oh|46\/100\n|move|p2a: Scooby Doo|Behemoth Blade|p1a: Ho-Oh\n|-resisted|p1a: Ho-Oh\n|-damage|p1a: Ho-Oh|20\/100\n|\n|upkeep\n|turn|51\n|inactive|wizardofballs has 120 seconds left.\n|\n|t:|1699628537\n|move|p2a: Scooby Doo|Behemoth Blade|p1a: Ho-Oh\n|-resisted|p1a: Ho-Oh\n|-damage|p1a: Ho-Oh|0 fnt\n|faint|p1a: Ho-Oh\n|\n|upkeep\n|inactive|wizardofballs has 120 seconds left.\n|\n|t:|1699628544\n|switch|p1a: Lugia|Lugia|34\/100\n|turn|52\n|\n|t:|1699628549\n|switch|p2a: Italy|Gholdengo|97\/100\n|move|p1a: Lugia|Recover|p1a: Lugia\n|-heal|p1a: Lugia|84\/100\n|\n|-heal|p1a: Lugia|90\/100|[from] item: Leftovers\n|-heal|p2a: Italy|100\/100|[from] item: Leftovers\n|upkeep\n|turn|53\n|\n|t:|1699628562\n|switch|p1a: Eternatus|Eternatus|100\/100\n|-activate|p1a: Eternatus|move: Sticky Web\n|-unboost|p1a: Eternatus|spe|1\n|-ability|p1a: Eternatus|Pressure\n|move|p2a: Italy|Shadow Ball|p1a: Eternatus\n|-damage|p1a: Eternatus|62\/100\n|\n|upkeep\n|turn|54\n|\n|t:|1699628581\n|move|p1a: Eternatus|Sludge Wave|p2a: Italy\n|-immune|p2a: Italy\n|move|p2a: Italy|Make It Rain|p1a: Eternatus\n|-damage|p1a: Eternatus|0 fnt\n|-unboost|p2a: Italy|spa|1\n|faint|p1a: Eternatus\n|\n|upkeep\n|\n|t:|1699628591\n|switch|p1a: Lugia|Lugia|90\/100\n|turn|55\n|\n|t:|1699628595\n|move|p1a: Lugia|Aeroblast|p2a: Italy\n|-resisted|p2a: Italy\n|-damage|p2a: Italy|86\/100\n|move|p2a: Italy|Shadow Ball|p1a: Lugia\n|-supereffective|p1a: Lugia\n|-damage|p1a: Lugia|56\/100\n|\n|-heal|p1a: Lugia|62\/100|[from] item: Leftovers\n|-heal|p2a: Italy|92\/100|[from] item: Leftovers\n|upkeep\n|turn|56\n|\n|t:|1699628606\n|move|p1a: Lugia|Thunderbolt|p2a: Italy\n|-damage|p2a: Italy|73\/100\n|move|p2a: Italy|Shadow Ball|p1a: Lugia\n|-supereffective|p1a: Lugia\n|-damage|p1a: Lugia|27\/100\n|\n|-heal|p1a: Lugia|33\/100|[from] item: Leftovers\n|-heal|p2a: Italy|79\/100|[from] item: Leftovers\n|upkeep\n|turn|57\n|\n|t:|1699628616\n|move|p1a: Lugia|Recover|p1a: Lugia\n|-heal|p1a: Lugia|83\/100\n|move|p2a: Italy|Shadow Ball|p1a: Lugia\n|-supereffective|p1a: Lugia\n|-damage|p1a: Lugia|48\/100\n|\n|-heal|p1a: Lugia|54\/100|[from] item: Leftovers\n|-heal|p2a: Italy|85\/100|[from] item: Leftovers\n|upkeep\n|turn|58\n|\n|t:|1699628627\n|move|p1a: Lugia|Thunderbolt|p2a: Italy\n|-damage|p2a: Italy|67\/100\n|move|p2a: Italy|Shadow Ball|p1a: Lugia\n|-supereffective|p1a: Lugia\n|-damage|p1a: Lugia|19\/100\n|\n|-heal|p1a: Lugia|25\/100|[from] item: Leftovers\n|-heal|p2a: Italy|73\/100|[from] item: Leftovers\n|upkeep\n|turn|59\n|\n|t:|1699628637\n|move|p1a: Lugia|Recover|p1a: Lugia\n|-heal|p1a: Lugia|75\/100\n|move|p2a: Italy|Shadow Ball|p1a: Lugia\n|-supereffective|p1a: Lugia\n|-damage|p1a: Lugia|39\/100\n|\n|-heal|p1a: Lugia|45\/100|[from] item: Leftovers\n|-heal|p2a: Italy|79\/100|[from] item: Leftovers\n|upkeep\n|turn|60\n|\n|t:|1699628648\n|move|p1a: Lugia|Recover|p1a: Lugia\n|-heal|p1a: Lugia|95\/100\n|move|p2a: Italy|Shadow Ball|p1a: Lugia\n|-supereffective|p1a: Lugia\n|-damage|p1a: Lugia|59\/100\n|-unboost|p1a: Lugia|spd|1\n|\n|-heal|p1a: Lugia|65\/100|[from] item: Leftovers\n|-heal|p2a: Italy|85\/100|[from] item: Leftovers\n|upkeep\n|turn|61\n|\n|t:|1699628659\n|move|p1a: Lugia|Thunderbolt|p2a: Italy\n|-damage|p2a: Italy|66\/100\n|move|p2a: Italy|Shadow Ball|p1a: Lugia\n|-supereffective|p1a: Lugia\n|-damage|p1a: Lugia|15\/100\n|\n|-heal|p1a: Lugia|21\/100|[from] item: Leftovers\n|-heal|p2a: Italy|72\/100|[from] item: Leftovers\n|upkeep\n|turn|62\n|\n|t:|1699628669\n|move|p1a: Lugia|Thunderbolt|p2a: Italy\n|-damage|p2a: Italy|52\/100\n|move|p2a: Italy|Shadow Ball|p1a: Lugia\n|-supereffective|p1a: Lugia\n|-damage|p1a: Lugia|0 fnt\n|faint|p1a: Lugia\n|\n|win|malacara72\n|raw|wizardofballs's rating: 1349 &rarr; <strong>1325<\/strong><br \/>(-24 for losing)\n|raw|malacara72's rating: 1274 &rarr; <strong>1304<\/strong><br \/>(+30 for winning)\n|c|\u2606malacara72|Gg\n|l|\u2606wizardofballs\n","uploadtime":1699628693,"views":12,"p1id":"wizardofballs","p2id":"malacara72","formatid":"gen9nationaldexubers","rating":1304,"private":0,"password":""}