{"id":"gen9nationaldexubers-2000679922","p1":"tokay25","p2":"TAS1001","format":"[Gen 9] National Dex Ubers","log":"|j|\u2606tokay25\n|j|\u2606TAS1001\n|t:|1701217992\n|gametype|singles\n|player|p1|tokay25|ash|\n|player|p2|TAS1001|red|\n|teamsize|p1|6\n|teamsize|p2|6\n|gen|9\n|tier|[Gen 9] National Dex Ubers\n|rule|HP Percentage Mod: HP is shown in percentages\n|rule|Endless Battle Clause: Forcing endless battles is banned\n|rule|OHKO Clause: OHKO moves are banned\n|rule|Evasion Moves Clause: Evasion moves are banned\n|rule|Evasion Items Clause: Evasion items are banned\n|rule|Species Clause: Limit one of each Pok\u00e9mon\n|rule|Sleep Clause Mod: Limit one foe put to sleep\n|rule|Mega Rayquaza Clause: You cannot mega evolve Rayquaza\n|clearpoke\n|poke|p1|Greninja-*, M|\n|poke|p1|Tapu Lele|\n|poke|p1|Latios, M|\n|poke|p1|Shuckle, M|\n|poke|p1|Kartana|\n|poke|p1|Pikachu, F|\n|poke|p2|Crobat, M|\n|poke|p2|Zoroark, M|\n|poke|p2|Alakazam, F|\n|poke|p2|Garchomp, M|\n|poke|p2|Magnezone|\n|poke|p2|Chandelure, F|\n|teampreview\n|\n|t:|1701218010\n|start\n|switch|p1a: Shuckle|Shuckle, M|100\/100\n|switch|p2a: Crobat|Crobat, M|100\/100\n|turn|1\n|\n|t:|1701218021\n|move|p2a: Crobat|U-turn|p1a: Shuckle\n|-damage|p1a: Shuckle|84\/100\n|\n|t:|1701218053\n|switch|p2a: Magnezone|Magnezone|100\/100|[from] U-turn\n|move|p1a: Shuckle|Knock Off|p2a: Magnezone\n|-damage|p2a: Magnezone|95\/100\n|-enditem|p2a: Magnezone|Choice Scarf|[from] move: Knock Off|[of] p1a: Shuckle\n|\n|upkeep\n|turn|2\n|\n|t:|1701218062\n|move|p2a: Magnezone|Flash Cannon|p1a: Shuckle\n|-supereffective|p1a: Shuckle\n|-damage|p1a: Shuckle|40\/100\n|move|p1a: Shuckle|Sticky Web|p2a: Magnezone\n|-sidestart|p2: TAS1001|move: Sticky Web\n|\n|upkeep\n|turn|3\n|\n|t:|1701218067\n|move|p2a: Magnezone|Flash Cannon|p1a: Shuckle\n|-supereffective|p1a: Shuckle\n|-damage|p1a: Shuckle|0 fnt\n|faint|p1a: Shuckle\n|\n|upkeep\n|\n|t:|1701218072\n|switch|p1a: Kartana|Kartana, shiny|100\/100\n|turn|4\n|\n|t:|1701218082\n|move|p1a: Kartana|Brick Break|p2a: Magnezone\n|-supereffective|p2a: Magnezone\n|-damage|p2a: Magnezone|0 fnt\n|faint|p2a: Magnezone\n|-ability|p1a: Kartana|Beast Boost|boost\n|-boost|p1a: Kartana|atk|1\n|\n|upkeep\n|\n|t:|1701218091\n|switch|p2a: Chandelure|Chandelure, F|100\/100\n|-activate|p2a: Chandelure|move: Sticky Web\n|-unboost|p2a: Chandelure|spe|1\n|turn|5\n|c|\u2606TAS1001|this mf's tera is ghost\n|c|\u2606tokay25|i see\n|\n|t:|1701218125\n|switch|p1a: Pikachu|Pikachu, F|100\/100\n|move|p2a: Chandelure|Flamethrower|p1a: Pikachu\n|-damage|p1a: Pikachu|0 fnt\n|faint|p1a: Pikachu\n|\n|upkeep\n|\n|t:|1701218129\n|switch|p1a: Greninja|Greninja, M|100\/100\n|turn|6\n|\n|t:|1701218138\n|-terastallize|p1a: Greninja|Water\n|-terastallize|p2a: Chandelure|Ghost\n|move|p1a: Greninja|Hydro Pump|p2a: Chandelure\n|-crit|p2a: Chandelure\n|-damage|p2a: Chandelure|0 fnt\n|faint|p2a: Chandelure\n|-ability|p1a: Greninja|Battle Bond|boost\n|-boost|p1a: Greninja|atk|1\n|-boost|p1a: Greninja|spa|1\n|-boost|p1a: Greninja|spe|1\n|-activate|p1a: Greninja|ability: Battle Bond\n|\n|upkeep\n|c|\u2606tokay25|gg\n|\n|t:|1701218159\n|switch|p2a: Alakazam|Alakazam, F|100\/100\n|-activate|p2a: Alakazam|move: Sticky Web\n|-unboost|p2a: Alakazam|spe|1\n|turn|7\n|c|\u2606TAS1001|nuh uh\n|\n|t:|1701218174\n|detailschange|p2a: Alakazam|Alakazam-Mega, F\n|-mega|p2a: Alakazam|Alakazam|Alakazite\n|move|p1a: Greninja|Dark Pulse|p2a: Alakazam\n|-supereffective|p2a: Alakazam\n|-damage|p2a: Alakazam|0 fnt\n|faint|p2a: Alakazam\n|\n|upkeep\n|\n|t:|1701218183\n|switch|p2a: Crobat|Crobat, M|100\/100\n|turn|8\n|\n|t:|1701218189\n|move|p1a: Greninja|Ice Beam|p2a: Crobat\n|-supereffective|p2a: Crobat\n|-damage|p2a: Crobat|0 fnt\n|faint|p2a: Crobat\n|\n|upkeep\n|\n|t:|1701218193\n|switch|p2a: Garchomp|Garchomp, M|100\/100\n|-activate|p2a: Garchomp|move: Sticky Web\n|-unboost|p2a: Garchomp|spe|1\n|turn|9\n|\n|t:|1701218208\n|switch|p2a: Garchomp|Garchomp, M|100\/100\n|-activate|p2a: Garchomp|move: Sticky Web\n|-unboost|p2a: Garchomp|spe|1\n|move|p1a: Greninja|Ice Beam|p2a: Garchomp\n|-crit|p2a: Garchomp\n|-damage|p2a: Garchomp|0 fnt\n|replace|p2a: Zoroark|Zoroark, M\n|-end|p2a: Zoroark|Illusion\n|faint|p2a: Zoroark\n|\n|upkeep\n|\n|t:|1701218212\n|switch|p2a: Garchomp|Garchomp, M|100\/100\n|-activate|p2a: Garchomp|move: Sticky Web\n|-unboost|p2a: Garchomp|spe|1\n|turn|10\n|\n|t:|1701218216\n|move|p1a: Greninja|Ice Beam|p2a: Garchomp\n|-supereffective|p2a: Garchomp\n|-damage|p2a: Garchomp|0 fnt\n|faint|p2a: Garchomp\n|\n|win|tokay25\n|c|\u2606TAS1001|i simply didn't lose yet\n|c|\u2606TAS1001|i will fight the Greninja myself\n|c|\u2606tokay25|gonna ppst in server\n|c|\u2606TAS1001|nuh uh\n","uploadtime":1701218223,"views":8,"p1id":"tokay25","p2id":"tas1001","formatid":"gen9nationaldexubers","rating":0,"private":0,"password":""}