{"id":"gen9nationaldexubers-1980596752","p1":"Vicente_NMG","p2":"Frecreozzz","format":"[Gen 9] National Dex Ubers","log":"|j|\u2606Vicente_NMG\n|j|\u2606Frecreozzz\n|t:|1698801462\n|gametype|singles\n|player|p1|Vicente_NMG|red|\n|player|p2|Frecreozzz|ethan|\n|teamsize|p1|6\n|teamsize|p2|6\n|gen|9\n|tier|[Gen 9] National Dex Ubers\n|rule|HP Percentage Mod: HP is shown in percentages\n|rule|Endless Battle Clause: Forcing endless battles is banned\n|rule|OHKO Clause: OHKO moves are banned\n|rule|Evasion Moves Clause: Evasion moves are banned\n|rule|Evasion Items Clause: Evasion items are banned\n|rule|Species Clause: Limit one of each Pok\u00e9mon\n|rule|Sleep Clause Mod: Limit one foe put to sleep\n|rule|Mega Rayquaza Clause: You cannot mega evolve Rayquaza\n|clearpoke\n|poke|p1|Venusaur, M|\n|poke|p1|Regieleki|\n|poke|p1|Incineroar, M|\n|poke|p1|Regirock|\n|poke|p1|Hatterene, F|\n|poke|p1|Melmetal|\n|poke|p2|Charizard, F|\n|poke|p2|Lunala|\n|poke|p2|Walking Wake|\n|poke|p2|Krookodile, M|\n|poke|p2|Lucario, M|\n|poke|p2|Metagross|\n|teampreview\n|\n|t:|1698801477\n|start\n|switch|p1a: Hatterene|Hatterene, F|100\/100\n|switch|p2a: Charizard|Charizard, F|100\/100\n|turn|1\n|\n|t:|1698801484\n|move|p2a: Charizard|Flamethrower|p1a: Hatterene\n|-damage|p1a: Hatterene|65\/100\n|move|p1a: Hatterene|Trick Room|p1a: Hatterene\n|-fieldstart|move: Trick Room|[of] p1a: Hatterene\n|\n|upkeep\n|turn|2\n|\n|t:|1698801490\n|move|p1a: Hatterene|Substitute|p1a: Hatterene\n|-start|p1a: Hatterene|Substitute\n|-damage|p1a: Hatterene|40\/100\n|move|p2a: Charizard|Fire Punch|p1a: Hatterene\n|-end|p1a: Hatterene|Substitute\n|\n|upkeep\n|turn|3\n|\n|t:|1698801496\n|move|p1a: Hatterene|Draining Kiss|p2a: Charizard\n|-resisted|p2a: Charizard\n|-damage|p2a: Charizard|85\/100\n|-heal|p1a: Hatterene|53\/100|[from] drain|[of] p2a: Charizard\n|move|p2a: Charizard|Fire Punch|p1a: Hatterene\n|-damage|p1a: Hatterene|21\/100\n|\n|upkeep\n|turn|4\n|\n|t:|1698801500\n|move|p1a: Hatterene|Healing Wish|p1a: Hatterene\n|faint|p1a: Hatterene\n|move|p2a: Charizard|Flamethrower|p1: Hatterene|[notarget]\n|-fail|p2a: Charizard\n|\n|upkeep\n|\n|t:|1698801520\n|switch|p1a: Regirock|Regirock, shiny|100\/100\n|turn|5\n|\n|t:|1698801529\n|move|p1a: Regirock|Iron Defense|p1a: Regirock\n|-boost|p1a: Regirock|def|2\n|move|p2a: Charizard|Dragon Tail|p1a: Regirock\n|-damage|p1a: Regirock|97\/100\n|drag|p1a: Melmetal|Melmetal|100\/100\n|\n|-fieldend|move: Trick Room\n|upkeep\n|turn|6\n|\n|t:|1698801539\n|detailschange|p2a: Charizard|Charizard-Mega-Y, F\n|-mega|p2a: Charizard|Charizard|Charizardite Y\n|-weather|SunnyDay|[from] ability: Drought|[of] p2a: Charizard\n|move|p2a: Charizard|Flamethrower|p1a: Melmetal\n|-supereffective|p1a: Melmetal\n|-damage|p1a: Melmetal|9\/100\n|move|p1a: Melmetal|Double Iron Bash|p2a: Charizard\n|-resisted|p2a: Charizard\n|-damage|p2a: Charizard|60\/100\n|-resisted|p2a: Charizard\n|-damage|p2a: Charizard|33\/100\n|-hitcount|p2a: Charizard|2\n|\n|-weather|SunnyDay|[upkeep]\n|upkeep\n|turn|7\n|\n|t:|1698801541\n|move|p2a: Charizard|Fire Punch|p1a: Melmetal\n|-supereffective|p1a: Melmetal\n|-damage|p1a: Melmetal|0 fnt\n|faint|p1a: Melmetal\n|\n|-weather|SunnyDay|[upkeep]\n|upkeep\n|\n|t:|1698801544\n|switch|p1a: Regirock|Regirock, shiny|97\/100\n|-heal|p1a: Regirock|100\/100|[from] move: Healing Wish\n|turn|8\n|\n|t:|1698801550\n|move|p1a: Regirock|Ancient Power|p2a: Charizard\n|-supereffective|p2a: Charizard\n|-damage|p2a: Charizard|0 fnt\n|faint|p2a: Charizard\n|\n|-weather|SunnyDay|[upkeep]\n|upkeep\n|\n|t:|1698801554\n|switch|p2a: Lucario|Lucario, M|100\/100\n|turn|9\n|\n|t:|1698801561\n|-terastallize|p1a: Regirock|Fairy\n|move|p2a: Lucario|Aura Sphere|p1a: Regirock\n|-resisted|p1a: Regirock\n|-damage|p1a: Regirock|90\/100\n|move|p1a: Regirock|Iron Defense|p1a: Regirock\n|-boost|p1a: Regirock|def|2\n|\n|-weather|SunnyDay|[upkeep]\n|-heal|p1a: Regirock|96\/100|[from] item: Leftovers\n|upkeep\n|turn|10\n|\n|t:|1698801568\n|move|p2a: Lucario|Bullet Punch|p1a: Regirock\n|-supereffective|p1a: Regirock\n|-damage|p1a: Regirock|87\/100\n|move|p1a: Regirock|Iron Defense|p1a: Regirock\n|-boost|p1a: Regirock|def|2\n|\n|-weather|none\n|-heal|p1a: Regirock|93\/100|[from] item: Leftovers\n|upkeep\n|turn|11\n|\n|t:|1698801573\n|move|p2a: Lucario|Bullet Punch|p1a: Regirock\n|-supereffective|p1a: Regirock\n|-damage|p1a: Regirock|88\/100\n|move|p1a: Regirock|Iron Defense|p1a: Regirock\n|-boost|p1a: Regirock|def|2\n|\n|-heal|p1a: Regirock|94\/100|[from] item: Leftovers\n|upkeep\n|turn|12\n|\n|t:|1698801576\n|move|p2a: Lucario|Blaze Kick|p1a: Regirock\n|-damage|p1a: Regirock|91\/100\n|move|p1a: Regirock|Body Press|p2a: Lucario\n|-supereffective|p2a: Lucario\n|-crit|p2a: Lucario\n|-damage|p2a: Lucario|0 fnt\n|faint|p2a: Lucario\n|\n|-heal|p1a: Regirock|97\/100|[from] item: Leftovers\n|upkeep\n|\n|t:|1698801582\n|switch|p2a: Metagross|Metagross|100\/100\n|turn|13\n|\n|t:|1698801586\n|move|p2a: Metagross|Iron Head|p1a: Regirock\n|-supereffective|p1a: Regirock\n|-damage|p1a: Regirock|87\/100\n|move|p1a: Regirock|Body Press|p2a: Metagross\n|-damage|p2a: Metagross|4\/100\n|\n|-heal|p1a: Regirock|93\/100|[from] item: Leftovers\n|upkeep\n|turn|14\n|\n|t:|1698801592\n|move|p2a: Metagross|Bullet Punch|p1a: Regirock\n|-supereffective|p1a: Regirock\n|-damage|p1a: Regirock|87\/100\n|move|p1a: Regirock|Body Press|p2a: Metagross\n|-damage|p2a: Metagross|0 fnt\n|faint|p2a: Metagross\n|\n|-heal|p1a: Regirock|93\/100|[from] item: Leftovers\n|upkeep\n|\n|t:|1698801594\n|switch|p2a: Lunala|Lunala|100\/100\n|turn|15\n|\n|t:|1698801600\n|move|p2a: Lunala|Ice Beam|p1a: Regirock\n|-damage|p1a: Regirock|76\/100\n|move|p1a: Regirock|Ancient Power|p2a: Lunala\n|-damage|p2a: Lunala|96\/100\n|\n|-heal|p1a: Regirock|82\/100|[from] item: Leftovers\n|upkeep\n|turn|16\n|\n|t:|1698801604\n|move|p2a: Lunala|Hidden Power|p1a: Regirock\n|-damage|p1a: Regirock|71\/100\n|move|p1a: Regirock|Ancient Power|p2a: Lunala\n|-damage|p2a: Lunala|88\/100\n|\n|-heal|p1a: Regirock|77\/100|[from] item: Leftovers\n|upkeep\n|turn|17\n|\n|t:|1698801608\n|move|p2a: Lunala|Acrobatics|p1a: Regirock\n|-damage|p1a: Regirock|75\/100\n|move|p1a: Regirock|Ancient Power|p2a: Lunala\n|-damage|p2a: Lunala|80\/100\n|\n|-heal|p1a: Regirock|81\/100|[from] item: Leftovers\n|upkeep\n|turn|18\n|\n|t:|1698801610\n|move|p2a: Lunala|Ice Beam|p1a: Regirock\n|-damage|p1a: Regirock|62\/100\n|move|p1a: Regirock|Ancient Power|p2a: Lunala\n|-damage|p2a: Lunala|71\/100\n|\n|-heal|p1a: Regirock|68\/100|[from] item: Leftovers\n|upkeep\n|turn|19\n|\n|t:|1698801614\n|move|p2a: Lunala|Ice Beam|p1a: Regirock\n|-damage|p1a: Regirock|51\/100\n|move|p1a: Regirock|Ancient Power|p2a: Lunala\n|-damage|p2a: Lunala|62\/100\n|\n|-heal|p1a: Regirock|57\/100|[from] item: Leftovers\n|upkeep\n|turn|20\n|\n|t:|1698801618\n|move|p2a: Lunala|Ice Beam|p1a: Regirock\n|-damage|p1a: Regirock|37\/100\n|move|p1a: Regirock|Heavy Slam|p2a: Lunala\n|-crit|p2a: Lunala\n|-damage|p2a: Lunala|54\/100\n|\n|-heal|p1a: Regirock|43\/100|[from] item: Leftovers\n|upkeep\n|turn|21\n|\n|t:|1698801621\n|move|p2a: Lunala|Hidden Power|p1a: Regirock\n|-damage|p1a: Regirock|30\/100\n|move|p1a: Regirock|Heavy Slam|p2a: Lunala\n|-damage|p2a: Lunala|49\/100\n|\n|-heal|p1a: Regirock|36\/100|[from] item: Leftovers\n|upkeep\n|turn|22\n|\n|t:|1698801623\n|move|p2a: Lunala|Ice Beam|p1a: Regirock\n|-damage|p1a: Regirock|18\/100\n|move|p1a: Regirock|Ancient Power|p2a: Lunala\n|-damage|p2a: Lunala|41\/100\n|\n|-heal|p1a: Regirock|24\/100|[from] item: Leftovers\n|upkeep\n|turn|23\n|\n|t:|1698801632\n|move|p2a: Lunala|Hidden Power|p1a: Regirock\n|-crit|p1a: Regirock\n|-damage|p1a: Regirock|5\/100\n|move|p1a: Regirock|Ancient Power|p2a: Lunala\n|-damage|p2a: Lunala|33\/100\n|\n|-heal|p1a: Regirock|11\/100|[from] item: Leftovers\n|upkeep\n|turn|24\n|\n|t:|1698801636\n|move|p2a: Lunala|Hidden Power|p1a: Regirock\n|-damage|p1a: Regirock|0 fnt\n|faint|p1a: Regirock\n|\n|upkeep\n|\n|t:|1698801641\n|switch|p1a: Venusaur|Venusaur, M|100\/100\n|turn|25\n|\n|t:|1698801646\n|detailschange|p1a: Venusaur|Venusaur-Mega, M\n|-mega|p1a: Venusaur|Venusaur|Venusaurite\n|move|p1a: Venusaur|Leech Seed|p2a: Lunala\n|-start|p2a: Lunala|move: Leech Seed\n|move|p2a: Lunala|Acrobatics|p1a: Venusaur\n|-supereffective|p1a: Venusaur\n|-damage|p1a: Venusaur|79\/100\n|\n|-damage|p2a: Lunala|20\/100|[from] Leech Seed|[of] p1a: Venusaur\n|-heal|p1a: Venusaur|95\/100|[silent]\n|upkeep\n|turn|26\n|\n|t:|1698801652\n|move|p1a: Venusaur|Toxic|p2a: Lunala\n|-status|p2a: Lunala|tox\n|move|p2a: Lunala|Ice Beam|p1a: Venusaur\n|-supereffective|p1a: Venusaur\n|-damage|p1a: Venusaur|72\/100\n|\n|-damage|p2a: Lunala|8\/100 tox|[from] Leech Seed|[of] p1a: Venusaur\n|-heal|p1a: Venusaur|88\/100|[silent]\n|-damage|p2a: Lunala|2\/100 tox|[from] psn\n|upkeep\n|turn|27\n|\n|t:|1698801656\n|move|p1a: Venusaur|Protect|p1a: Venusaur\n|-singleturn|p1a: Venusaur|Protect\n|move|p2a: Lunala|Night Shade|p1a: Venusaur\n|-activate|p1a: Venusaur|move: Protect\n|\n|-damage|p2a: Lunala|0 fnt|[from] Leech Seed|[of] p1a: Venusaur\n|-heal|p1a: Venusaur|90\/100|[silent]\n|faint|p2a: Lunala\n|upkeep\n|\n|t:|1698801660\n|switch|p2a: Krookodile|Krookodile, M, shiny|100\/100\n|-ability|p2a: Krookodile|Intimidate|boost\n|-unboost|p1a: Venusaur|atk|1\n|turn|28\n|\n|t:|1698801666\n|-terastallize|p2a: Krookodile|Ghost\n|move|p1a: Venusaur|Leech Seed|p2a: Krookodile|[miss]\n|-miss|p1a: Venusaur|p2a: Krookodile\n|move|p2a: Krookodile|Dragon Claw|p1a: Venusaur\n|-damage|p1a: Venusaur|69\/100\n|\n|upkeep\n|turn|29\n|\n|t:|1698801671\n|move|p1a: Venusaur|Toxic|p2a: Krookodile\n|-status|p2a: Krookodile|tox\n|move|p2a: Krookodile|Dragon Claw|p1a: Venusaur\n|-damage|p1a: Venusaur|49\/100\n|\n|-damage|p2a: Krookodile|94\/100 tox|[from] psn\n|upkeep\n|turn|30\n|\n|t:|1698801675\n|move|p1a: Venusaur|Leech Seed|p2a: Krookodile\n|-start|p2a: Krookodile|move: Leech Seed\n|move|p2a: Krookodile|Earthquake|p1a: Venusaur\n|-damage|p1a: Venusaur|19\/100\n|\n|-damage|p2a: Krookodile|82\/100 tox|[from] Leech Seed|[of] p1a: Venusaur\n|-heal|p1a: Venusaur|32\/100|[silent]\n|-damage|p2a: Krookodile|70\/100 tox|[from] psn\n|upkeep\n|turn|31\n|\n|t:|1698801678\n|move|p1a: Venusaur|Synthesis|p1a: Venusaur\n|-heal|p1a: Venusaur|82\/100\n|move|p2a: Krookodile|Earthquake|p1a: Venusaur\n|-damage|p1a: Venusaur|49\/100\n|\n|-damage|p2a: Krookodile|57\/100 tox|[from] Leech Seed|[of] p1a: Venusaur\n|-heal|p1a: Venusaur|62\/100|[silent]\n|-damage|p2a: Krookodile|39\/100 tox|[from] psn\n|upkeep\n|turn|32\n|\n|t:|1698801685\n|move|p1a: Venusaur|Protect|p1a: Venusaur\n|-singleturn|p1a: Venusaur|Protect\n|move|p2a: Krookodile|Earthquake|p1a: Venusaur\n|-activate|p1a: Venusaur|move: Protect\n|\n|-damage|p2a: Krookodile|27\/100 tox|[from] Leech Seed|[of] p1a: Venusaur\n|-heal|p1a: Venusaur|76\/100|[silent]\n|-damage|p2a: Krookodile|2\/100 tox|[from] psn\n|upkeep\n|turn|33\n|\n|t:|1698801689\n|switch|p2a: Walking Wake|Walking Wake|100\/100\n|move|p1a: Venusaur|Leech Seed|p2a: Walking Wake\n|-start|p2a: Walking Wake|move: Leech Seed\n|\n|-damage|p2a: Walking Wake|88\/100|[from] Leech Seed|[of] p1a: Venusaur\n|-heal|p1a: Venusaur|90\/100|[silent]\n|upkeep\n|turn|34\n|\n|t:|1698801693\n|move|p2a: Walking Wake|Dragon Rush|p1a: Venusaur\n|-damage|p1a: Venusaur|65\/100\n|cant|p1a: Venusaur|flinch\n|\n|-damage|p2a: Walking Wake|76\/100|[from] Leech Seed|[of] p1a: Venusaur\n|-heal|p1a: Venusaur|78\/100|[silent]\n|upkeep\n|turn|35\n|\n|t:|1698801695\n|move|p2a: Walking Wake|Dragon Pulse|p1a: Venusaur\n|-damage|p1a: Venusaur|49\/100\n|move|p1a: Venusaur|Toxic|p2a: Walking Wake\n|-status|p2a: Walking Wake|tox\n|\n|-damage|p2a: Walking Wake|63\/100 tox|[from] Leech Seed|[of] p1a: Venusaur\n|-heal|p1a: Venusaur|62\/100|[silent]\n|-damage|p2a: Walking Wake|57\/100 tox|[from] psn\n|upkeep\n|turn|36\n|\n|t:|1698801700\n|move|p1a: Venusaur|Protect|p1a: Venusaur\n|-singleturn|p1a: Venusaur|Protect\n|move|p2a: Walking Wake|Aqua Jet|p1a: Venusaur\n|-activate|p1a: Venusaur|move: Protect\n|\n|-damage|p2a: Walking Wake|45\/100 tox|[from] Leech Seed|[of] p1a: Venusaur\n|-heal|p1a: Venusaur|76\/100|[silent]\n|-damage|p2a: Walking Wake|32\/100 tox|[from] psn\n|upkeep\n|turn|37\n|\n|t:|1698801703\n|move|p2a: Walking Wake|Dragon Pulse|p1a: Venusaur\n|-damage|p1a: Venusaur|45\/100\n|move|p1a: Venusaur|Synthesis|p1a: Venusaur\n|-heal|p1a: Venusaur|95\/100\n|\n|-damage|p2a: Walking Wake|20\/100 tox|[from] Leech Seed|[of] p1a: Venusaur\n|-heal|p1a: Venusaur|100\/100|[silent]\n|-damage|p2a: Walking Wake|1\/100 tox|[from] psn\n|upkeep\n|-enditem|p2a: Walking Wake|Aguav Berry|[eat]\n|-heal|p2a: Walking Wake|34\/100 tox|[from] item: Aguav Berry\n|turn|38\n|\n|t:|1698801711\n|move|p1a: Venusaur|Protect|p1a: Venusaur\n|-singleturn|p1a: Venusaur|Protect\n|move|p2a: Walking Wake|Hydro Pump|p1a: Venusaur\n|-activate|p1a: Venusaur|move: Protect\n|\n|-damage|p2a: Walking Wake|22\/100 tox|[from] Leech Seed|[of] p1a: Venusaur\n|-damage|p2a: Walking Wake|0 fnt|[from] psn\n|faint|p2a: Walking Wake\n|-end|p2a: Walking Wake|Protosynthesis|[silent]\n|upkeep\n|\n|t:|1698801713\n|switch|p2a: Krookodile|Krookodile, M, shiny, tera:Ghost|2\/100 tox\n|-ability|p2a: Krookodile|Intimidate|boost\n|-unboost|p1a: Venusaur|atk|1\n|turn|39\n|\n|t:|1698801721\n|move|p1a: Venusaur|Leech Seed|p2a: Krookodile\n|-start|p2a: Krookodile|move: Leech Seed\n|move|p2a: Krookodile|Facade|p1a: Venusaur\n|-damage|p1a: Venusaur|69\/100\n|\n|-damage|p2a: Krookodile|0 fnt|[from] Leech Seed|[of] p1a: Venusaur\n|-heal|p1a: Venusaur|71\/100|[silent]\n|faint|p2a: Krookodile\n|\n|win|Vicente_NMG\n|upkeep\n","uploadtime":1698801725,"views":12,"p1id":"vicentenmg","p2id":"frecreozzz","formatid":"gen9nationaldexubers","rating":0,"private":0,"password":""}