{"id":"gen9nationaldexubers-1980421503","p1":"Uncle_MG","p2":"R0w13t","format":"[Gen 9] National Dex Ubers","log":"|j|\u2606Uncle_MG\n|j|\u2606R0w13t\n|t:|1698783471\n|gametype|singles\n|player|p1|Uncle_MG|barry|1205\n|player|p2|R0w13t|ingo|1127\n|teamsize|p1|6\n|teamsize|p2|6\n|gen|9\n|tier|[Gen 9] National Dex Ubers\n|rated|\n|rule|HP Percentage Mod: HP is shown in percentages\n|rule|Endless Battle Clause: Forcing endless battles is banned\n|rule|OHKO Clause: OHKO moves are banned\n|rule|Evasion Moves Clause: Evasion moves are banned\n|rule|Evasion Items Clause: Evasion items are banned\n|rule|Species Clause: Limit one of each Pok\u00e9mon\n|rule|Sleep Clause Mod: Limit one foe put to sleep\n|rule|Mega Rayquaza Clause: You cannot mega evolve Rayquaza\n|clearpoke\n|poke|p1|Smeargle, M|\n|poke|p1|Ferrothorn, M|\n|poke|p1|Sableye, M|\n|poke|p1|Clefable, F|\n|poke|p1|Ho-Oh|\n|poke|p1|Quagsire, F|\n|poke|p2|Metagross|\n|poke|p2|Grimmsnarl, M|\n|poke|p2|Xerneas-*|\n|poke|p2|Iron Bundle|\n|poke|p2|Zacian-*|\n|poke|p2|Ogerpon-Hearthflame, F|\n|teampreview\n|\n|t:|1698783483\n|start\n|switch|p1a: Skeegy|Clefable, F|100\/100\n|switch|p2a: Grimmsnarl|Grimmsnarl, M, shiny|100\/100\n|turn|1\n|\n|t:|1698783491\n|-terastallize|p1a: Skeegy|Steel\n|move|p2a: Grimmsnarl|Light Screen|p2a: Grimmsnarl\n|-sidestart|p2: R0w13t|move: Light Screen\n|move|p1a: Skeegy|Moonblast|p2a: Grimmsnarl\n|-supereffective|p2a: Grimmsnarl\n|-damage|p2a: Grimmsnarl|78\/100\n|\n|upkeep\n|turn|2\n|\n|t:|1698783499\n|move|p2a: Grimmsnarl|Thunder Wave|p1a: Skeegy\n|-status|p1a: Skeegy|par\n|move|p1a: Skeegy|Moonblast|p2a: Grimmsnarl\n|-supereffective|p2a: Grimmsnarl\n|-damage|p2a: Grimmsnarl|52\/100\n|\n|upkeep\n|turn|3\n|\n|t:|1698783507\n|move|p2a: Grimmsnarl|Reflect|p2a: Grimmsnarl\n|-sidestart|p2: R0w13t|Reflect\n|move|p1a: Skeegy|Heal Bell|p1a: Skeegy\n|-activate|p1a: Skeegy|move: Heal Bell\n|-curestatus|p1a: Skeegy|par|[msg]\n|\n|upkeep\n|turn|4\n|\n|t:|1698783514\n|move|p2a: Grimmsnarl|Thunder Wave|p1a: Skeegy\n|-status|p1a: Skeegy|par\n|move|p1a: Skeegy|Moonblast|p2a: Grimmsnarl\n|-supereffective|p2a: Grimmsnarl\n|-damage|p2a: Grimmsnarl|28\/100\n|\n|upkeep\n|turn|5\n|\n|t:|1698783523\n|move|p2a: Grimmsnarl|Spirit Break|p1a: Skeegy\n|-resisted|p1a: Skeegy\n|-damage|p1a: Skeegy|85\/100 par\n|-unboost|p1a: Skeegy|spa|1\n|move|p1a: Skeegy|Moonblast|p2a: Grimmsnarl\n|-supereffective|p2a: Grimmsnarl\n|-damage|p2a: Grimmsnarl|11\/100\n|\n|-heal|p1a: Skeegy|91\/100 par|[from] item: Leftovers\n|upkeep\n|turn|6\n|\n|t:|1698783535\n|move|p2a: Grimmsnarl|Spirit Break|p1a: Skeegy\n|-resisted|p1a: Skeegy\n|-damage|p1a: Skeegy|73\/100 par\n|-unboost|p1a: Skeegy|spa|1\n|move|p1a: Skeegy|Moonblast|p2a: Grimmsnarl\n|-supereffective|p2a: Grimmsnarl\n|-damage|p2a: Grimmsnarl|0 fnt\n|faint|p2a: Grimmsnarl\n|\n|-heal|p1a: Skeegy|79\/100 par|[from] item: Leftovers\n|upkeep\n|\n|t:|1698783546\n|switch|p2a: Ogerpon|Ogerpon-Hearthflame, F|100\/100\n|-ability|p2a: Ogerpon|Mold Breaker\n|turn|7\n|\n|t:|1698783553\n|switch|p1a: Sketchy|Smeargle, M|100\/100\n|-terastallize|p2a: Ogerpon|Fire\n|detailschange|p2a: Ogerpon|Ogerpon-Hearthflame-Tera, F, tera:Fire\n|-ability|p2a: Ogerpon|Embody Aspect (Hearthflame)|boost\n|-boost|p2a: Ogerpon|atk|1\n|move|p2a: Ogerpon|Ivy Cudgel|p1a: Sketchy\n|-damage|p1a: Sketchy|0 fnt\n|faint|p1a: Sketchy\n|\n|upkeep\n|\n|t:|1698783563\n|switch|p1a: Soppy|Quagsire, F|100\/100\n|turn|8\n|\n|t:|1698783567\n|move|p2a: Ogerpon|Horn Leech|p1a: Soppy\n|-supereffective|p1a: Soppy\n|-damage|p1a: Soppy|0 fnt\n|faint|p1a: Soppy\n|\n|-sideend|p2: R0w13t|move: Light Screen\n|upkeep\n|\n|t:|1698783575\n|switch|p1a: Scorchy|Ho-Oh|100\/100\n|turn|9\n|\n|t:|1698783580\n|move|p2a: Ogerpon|Knock Off|p1a: Scorchy\n|-damage|p1a: Scorchy|47\/100\n|-enditem|p1a: Scorchy|Heavy-Duty Boots|[from] move: Knock Off|[of] p2a: Ogerpon\n|move|p1a: Scorchy|Brave Bird|p2a: Ogerpon\n|-damage|p2a: Ogerpon|64\/100\n|-damage|p1a: Scorchy|38\/100|[from] Recoil\n|\n|upkeep\n|turn|10\n|\n|t:|1698783590\n|move|p2a: Ogerpon|Ivy Cudgel|p1a: Scorchy\n|-resisted|p1a: Scorchy\n|-damage|p1a: Scorchy|0 fnt\n|faint|p1a: Scorchy\n|\n|-sideend|p2: R0w13t|Reflect\n|upkeep\n|\n|t:|1698783594\n|switch|p1a: Skrunky|Sableye, M|100\/100\n|turn|11\n|\n|t:|1698783601\n|detailschange|p1a: Skrunky|Sableye-Mega, M\n|-mega|p1a: Skrunky|Sableye|Sablenite\n|move|p2a: Ogerpon|Ivy Cudgel|p1a: Skrunky\n|-damage|p1a: Skrunky|0 fnt\n|faint|p1a: Skrunky\n|\n|upkeep\n|\n|t:|1698783606\n|switch|p1a: Spiky|Ferrothorn, M|100\/100\n|turn|12\n|\n|t:|1698783610\n|move|p2a: Ogerpon|Ivy Cudgel|p1a: Spiky\n|-supereffective|p1a: Spiky\n|-damage|p1a: Spiky|0 fnt\n|faint|p1a: Spiky\n|\n|upkeep\n|\n|t:|1698783615\n|switch|p1a: Skeegy|Clefable, F, tera:Steel|79\/100 par\n|turn|13\n|\n|t:|1698783619\n|move|p2a: Ogerpon|Ivy Cudgel|p1a: Skeegy\n|-supereffective|p1a: Skeegy\n|-damage|p1a: Skeegy|0 fnt\n|faint|p1a: Skeegy\n|\n|win|R0w13t\n|raw|Uncle_MG's rating: 1205 &rarr; <strong>1174<\/strong><br \/>(-31 for losing)\n|raw|R0w13t's rating: 1127 &rarr; <strong>1158<\/strong><br \/>(+31 for winning)\n|c|\u2606Uncle_MG|can i just say ogerpon stinky\n","uploadtime":1698783628,"views":10,"p1id":"unclemg","p2id":"r0w13t","formatid":"gen9nationaldexubers","rating":1158,"private":0,"password":""}