{"id":"gen9nationaldexubers-1985562030","p1":"Zoro#3904","p2":"EpicGamer069420","format":"[Gen 9] National Dex Ubers","log":"|j|\u2606Zoro#3904\n|j|\u2606EpicGamer069420\n|t:|1699384797\n|gametype|singles\n|player|p1|Zoro#3904|cynthia-gen4|\n|player|p2|EpicGamer069420|lucas|\n|teamsize|p1|6\n|teamsize|p2|6\n|gen|9\n|tier|[Gen 9] National Dex Ubers\n|rule|HP Percentage Mod: HP is shown in percentages\n|rule|Endless Battle Clause: Forcing endless battles is banned\n|rule|OHKO Clause: OHKO moves are banned\n|rule|Evasion Moves Clause: Evasion moves are banned\n|rule|Evasion Items Clause: Evasion items are banned\n|rule|Species Clause: Limit one of each Pok\u00e9mon\n|rule|Sleep Clause Mod: Limit one foe put to sleep\n|rule|Mega Rayquaza Clause: You cannot mega evolve Rayquaza\n|clearpoke\n|poke|p1|Cosmog|\n|poke|p1|Electivire, F|\n|poke|p1|Bouffalant, M|\n|poke|p1|Quaquaval, F|\n|poke|p1|Dudunsparce-*, F|\n|poke|p1|Sceptile, F|\n|poke|p2|Hitmonlee, M|\n|poke|p2|Skiploom, M|\n|poke|p2|Binacle, M|\n|poke|p2|Tsareena, F|\n|poke|p2|Arrokuda, M|\n|poke|p2|Deoxys|\n|teampreview\n|inactive|Battle timer is ON: inactive players will automatically lose when time's up. (requested by EpicGamer069420)\n|inactive|Zoro#3904 also wants the timer to be on.\n|inactive|EpicGamer069420 has 270 seconds left.\n|\n|t:|1699384853\n|start\n|switch|p1a: Dudunsparce|Dudunsparce-Three-Segment, F|100\/100\n|switch|p2a: Binacle|Binacle, M|100\/100\n|turn|1\n|\n|t:|1699384864\n|move|p2a: Binacle|Taunt|p1a: Dudunsparce\n|-start|p1a: Dudunsparce|move: Taunt\n|move|p1a: Dudunsparce|Headbutt|p2a: Binacle\n|-resisted|p2a: Binacle\n|-damage|p2a: Binacle|77\/100\n|\n|upkeep\n|turn|2\n|\n|t:|1699384869\n|move|p2a: Binacle|Stealth Rock|p1a: Dudunsparce\n|-sidestart|p1: Zoro#3904|move: Stealth Rock\n|move|p1a: Dudunsparce|Headbutt|p2a: Binacle\n|-resisted|p2a: Binacle\n|-damage|p2a: Binacle|53\/100\n|\n|upkeep\n|turn|3\n|\n|t:|1699384874\n|move|p2a: Binacle|Toxic|p1a: Dudunsparce\n|-status|p1a: Dudunsparce|tox\n|move|p1a: Dudunsparce|Body Slam|p2a: Binacle\n|-resisted|p2a: Binacle\n|-damage|p2a: Binacle|22\/100\n|-status|p2a: Binacle|par\n|\n|-damage|p1a: Dudunsparce|94\/100 tox|[from] psn\n|-end|p1a: Dudunsparce|move: Taunt\n|upkeep\n|turn|4\n|\n|t:|1699384878\n|move|p1a: Dudunsparce|Stealth Rock|p2a: Binacle\n|-sidestart|p2: EpicGamer069420|move: Stealth Rock\n|move|p2a: Binacle|Endeavor|p1a: Dudunsparce\n|-damage|p1a: Dudunsparce|17\/100 tox\n|\n|-heal|p1a: Dudunsparce|23\/100 tox|[from] item: Leftovers\n|-damage|p1a: Dudunsparce|10\/100 tox|[from] psn\n|upkeep\n|turn|5\n|\n|t:|1699384883\n|move|p1a: Dudunsparce|Headbutt|p2a: Binacle\n|-resisted|p2a: Binacle\n|-damage|p2a: Binacle|0 fnt\n|faint|p2a: Binacle\n|\n|-heal|p1a: Dudunsparce|17\/100 tox|[from] item: Leftovers\n|-damage|p1a: Dudunsparce|0 fnt|[from] psn\n|faint|p1a: Dudunsparce\n|upkeep\n|c|\u2606Zoro#3904|\ud83d\ude2d damn\n|inactive|EpicGamer069420 has 270 seconds left.\n|\n|t:|1699384916\n|switch|p2a: Deoxys|Deoxys|100\/100\n|switch|p1a: Cosmog|Cosmog|100\/100\n|-damage|p2a: Deoxys|88\/100|[from] Stealth Rock\n|-ability|p2a: Deoxys|Pressure\n|-damage|p1a: Cosmog|88\/100|[from] Stealth Rock\n|turn|6\n|c|\u2606Zoro#3904|Lets cook\n|\n|t:|1699384922\n|switch|p2a: Tsareena|Tsareena, F|100\/100\n|move|p1a: Cosmog|Teleport|p1a: Cosmog\n|\n|t:|1699384929\n|switch|p1a: Bouffalant|Bouffalant, M|100\/100|[from] Teleport\n|-damage|p1a: Bouffalant|88\/100|[from] Stealth Rock\n|\n|upkeep\n|turn|7\n|\n|t:|1699384941\n|move|p2a: Tsareena|Rapid Spin|p1a: Bouffalant\n|-damage|p1a: Bouffalant|70\/100\n|-boost|p2a: Tsareena|spe|1\n|-sideend|p2: EpicGamer069420|Stealth Rock|[from] move: Rapid Spin|[of] p2a: Tsareena\n|move|p1a: Bouffalant|Body Slam|p2a: Tsareena\n|-damage|p2a: Tsareena|40\/100\n|-damage|p1a: Bouffalant|60\/100|[from] item: Life Orb\n|\n|upkeep\n|turn|8\n|\n|t:|1699384949\n|move|p2a: Tsareena|U-turn|p1a: Bouffalant\n|-damage|p1a: Bouffalant|35\/100\n|\n|t:|1699384966\n|switch|p2a: Arrokuda|Arrokuda, M|100\/100|[from] U-turn\n|move|p1a: Bouffalant|Rain Dance|p1a: Bouffalant\n|-weather|RainDance\n|\n|-weather|RainDance|[upkeep]\n|upkeep\n|turn|9\n|c|\u2606EpicGamer069420|what\n|c|\u2606Zoro#3904|xdcool\n|c|\u2606EpicGamer069420|wtf\n|c|\u2606EpicGamer069420|ty ig\n|c|\u2606EpicGamer069420|LMFAO\n|c|\u2606Zoro#3904|Np\n|\n|t:|1699384985\n|move|p2a: Arrokuda|Waterfall|p1a: Bouffalant\n|-damage|p1a: Bouffalant|0 fnt\n|faint|p1a: Bouffalant\n|\n|-weather|RainDance|[upkeep]\n|upkeep\n|\n|t:|1699384991\n|switch|p1a: Quaquaval|Quaquaval, F|100\/100\n|-damage|p1a: Quaquaval|94\/100|[from] Stealth Rock\n|turn|10\n|c|\u2606EpicGamer069420|i had my own rain dance\n|\n|t:|1699385000\n|move|p2a: Arrokuda|Waterfall|p1a: Quaquaval\n|-resisted|p1a: Quaquaval\n|-damage|p1a: Quaquaval|64\/100\n|move|p1a: Quaquaval|Aqua Step|p2a: Arrokuda\n|-resisted|p2a: Arrokuda\n|-damage|p2a: Arrokuda|5\/100\n|-boost|p1a: Quaquaval|spe|1\n|\n|-weather|RainDance|[upkeep]\n|upkeep\n|turn|11\n|c|\u2606Zoro#3904|I got you\n|c|\u2606Zoro#3904|\ud83d\udde3\ud83d\udcaf\n|\n|t:|1699385018\n|move|p1a: Quaquaval|Aqua Step|p2a: Arrokuda\n|-resisted|p2a: Arrokuda\n|-damage|p2a: Arrokuda|0 fnt\n|-boost|p1a: Quaquaval|spe|1\n|faint|p2a: Arrokuda\n|-ability|p1a: Quaquaval|Moxie|boost\n|-boost|p1a: Quaquaval|atk|1\n|\n|-weather|RainDance|[upkeep]\n|upkeep\n|\n|t:|1699385027\n|switch|p2a: Skiploom|Skiploom, M|100\/100\n|turn|12\n|\n|t:|1699385030\n|-terastallize|p1a: Quaquaval|Water\n|move|p1a: Quaquaval|Aqua Step|p2a: Skiploom\n|-resisted|p2a: Skiploom\n|-damage|p2a: Skiploom|22\/100\n|-boost|p1a: Quaquaval|spe|1\n|move|p2a: Skiploom|Grassy Terrain|p2a: Skiploom\n|-fieldstart|move: Grassy Terrain\n|\n|-weather|none\n|-heal|p1a: Quaquaval|70\/100|[from] Grassy Terrain\n|upkeep\n|turn|13\n|\n|t:|1699385037\n|move|p1a: Quaquaval|Aqua Step|p2a: Skiploom\n|-resisted|p2a: Skiploom\n|-damage|p2a: Skiploom|0 fnt\n|-boost|p1a: Quaquaval|spe|1\n|faint|p2a: Skiploom\n|-ability|p1a: Quaquaval|Moxie|boost\n|-boost|p1a: Quaquaval|atk|1\n|\n|-heal|p1a: Quaquaval|76\/100|[from] Grassy Terrain\n|upkeep\n|\n|t:|1699385039\n|switch|p2a: Tsareena|Tsareena, F|40\/100\n|turn|14\n|\n|t:|1699385041\n|move|p2a: Tsareena|Grassy Glide|p1a: Quaquaval\n|-supereffective|p1a: Quaquaval\n|-damage|p1a: Quaquaval|0 fnt\n|faint|p1a: Quaquaval\n|\n|-heal|p2a: Tsareena|46\/100|[from] Grassy Terrain\n|upkeep\n|c|\u2606Zoro#3904|Oh\n|c|\u2606Zoro#3904|It learns\n|c|\u2606Zoro#3904|Wtf\n|c|\u2606EpicGamer069420|yes sir\n|\n|t:|1699385051\n|switch|p1a: Sceptile|Sceptile, F|100\/100\n|-damage|p1a: Sceptile|88\/100|[from] Stealth Rock\n|turn|15\n|\n|t:|1699385057\n|detailschange|p1a: Sceptile|Sceptile-Mega, F\n|-mega|p1a: Sceptile|Sceptile|Sceptilite\n|move|p1a: Sceptile|Drain Punch|p2a: Tsareena\n|-damage|p2a: Tsareena|16\/100\n|-heal|p1a: Sceptile|100\/100|[from] drain|[of] p2a: Tsareena\n|move|p2a: Tsareena|Triple Axel|p1a: Sceptile\n|-supereffective|p1a: Sceptile\n|-damage|p1a: Sceptile|45\/100\n|-supereffective|p1a: Sceptile\n|-damage|p1a: Sceptile|0 fnt\n|faint|p1a: Sceptile\n|-hitcount|p1: Sceptile|2\n|\n|-heal|p2a: Tsareena|22\/100|[from] Grassy Terrain\n|upkeep\n|c|\u2606Zoro#3904|Franklin\n|\n|t:|1699385071\n|switch|p1a: Electivire|Electivire, F|100\/100\n|-damage|p1a: Electivire|88\/100|[from] Stealth Rock\n|turn|16\n|c|\u2606EpicGamer069420|why did u drain punch wtf\n|c|\u2606EpicGamer069420|why no dragon pulse or whatever\n|\n|t:|1699385084\n|switch|p1a: Cosmog|Cosmog|88\/100\n|-damage|p1a: Cosmog|76\/100|[from] Stealth Rock\n|move|p2a: Tsareena|Grassy Glide|p1a: Cosmog\n|-damage|p1a: Cosmog|31\/100\n|\n|-heal|p2a: Tsareena|28\/100|[from] Grassy Terrain\n|-heal|p1a: Cosmog|37\/100|[from] Grassy Terrain\n|upkeep\n|turn|17\n|c|\u2606Zoro#3904|Idk\n|\n|t:|1699385091\n|move|p2a: Tsareena|Grassy Glide|p1a: Cosmog\n|-damage|p1a: Cosmog|0 fnt\n|faint|p1a: Cosmog\n|\n|-heal|p2a: Tsareena|34\/100|[from] Grassy Terrain\n|upkeep\n|c|\u2606Zoro#3904|Gg\n|c|\u2606EpicGamer069420|gg\n|\n|t:|1699385097\n|switch|p1a: Electivire|Electivire, F|88\/100\n|-damage|p1a: Electivire|76\/100|[from] Stealth Rock\n|turn|18\n|\n|t:|1699385102\n|move|p1a: Electivire|Quick Attack||[still]\n|cant|p2a: Tsareena|ability: Queenly Majesty|Quick Attack|[of] p1a: Electivire\n|move|p2a: Tsareena|Grassy Glide|p1a: Electivire\n|-damage|p1a: Electivire|7\/100\n|\n|-heal|p1a: Electivire|13\/100|[from] Grassy Terrain\n|-heal|p2a: Tsareena|40\/100|[from] Grassy Terrain\n|upkeep\n|turn|19\n|c|\u2606Zoro#3904|:(\n|c|\u2606EpicGamer069420|lmao\n|c|\u2606EpicGamer069420|ggwp\n|\n|t:|1699385110\n|move|p2a: Tsareena|Grassy Glide|p1a: Electivire\n|-damage|p1a: Electivire|0 fnt\n|faint|p1a: Electivire\n|\n|win|EpicGamer069420\n","uploadtime":1699385114,"views":20,"p1id":"zoro3904","p2id":"epicgamer069420","formatid":"gen9nationaldexubers","rating":0,"private":0,"password":""}