{"id":"gen9nationaldexubers-1994816941","p1":"lorwq","p2":"700club","format":"[Gen 9] National Dex Ubers","log":"|j|\u2606lorwq\n|j|\u2606700club\n|t:|1700495520\n|gametype|singles\n|player|p1|lorwq|zinnia|1240\n|player|p2|700club|shadowtriad|1310\n|teamsize|p1|6\n|teamsize|p2|6\n|gen|9\n|tier|[Gen 9] National Dex Ubers\n|rated|\n|rule|HP Percentage Mod: HP is shown in percentages\n|rule|Endless Battle Clause: Forcing endless battles is banned\n|rule|OHKO Clause: OHKO moves are banned\n|rule|Evasion Moves Clause: Evasion moves are banned\n|rule|Evasion Items Clause: Evasion items are banned\n|rule|Species Clause: Limit one of each Pok\u00e9mon\n|rule|Sleep Clause Mod: Limit one foe put to sleep\n|rule|Mega Rayquaza Clause: You cannot mega evolve Rayquaza\n|clearpoke\n|poke|p1|Bisharp, M|\n|poke|p1|Deoxys-Attack|\n|poke|p1|Volbeat, M|\n|poke|p1|Ambipom, M|\n|poke|p1|Sharpedo, M|\n|poke|p1|Kyurem-Black|\n|poke|p2|Ogerpon-Hearthflame, F|\n|poke|p2|Groudon|\n|poke|p2|Deoxys-Speed|\n|poke|p2|Mewtwo|\n|poke|p2|Necrozma-Dusk-Mane|\n|poke|p2|Gliscor, F|\n|teampreview\n|inactive|Battle timer is ON: inactive players will automatically lose when time's up. (requested by lorwq)\n|\n|t:|1700495531\n|start\n|switch|p1a: Ambipom|Ambipom, M|100\/100\n|switch|p2a: Deoxys|Deoxys-Speed|100\/100\n|-ability|p2a: Deoxys|Pressure\n|turn|1\n|\n|t:|1700495557\n|move|p1a: Ambipom|Fake Out|p2a: Deoxys\n|-damage|p2a: Deoxys|67\/100\n|cant|p2a: Deoxys|flinch\n|\n|upkeep\n|turn|2\n|\n|t:|1700495561\n|move|p2a: Deoxys|Reflect|p2a: Deoxys\n|-sidestart|p2: 700club|Reflect\n|move|p1a: Ambipom|Tail Slap|p2a: Deoxys\n|-damage|p2a: Deoxys|56\/100\n|-damage|p2a: Deoxys|46\/100\n|-damage|p2a: Deoxys|37\/100\n|-damage|p2a: Deoxys|27\/100\n|-hitcount|p2a: Deoxys|4\n|\n|upkeep\n|turn|3\n|\n|t:|1700495578\n|move|p2a: Deoxys|Light Screen|p2a: Deoxys\n|-sidestart|p2: 700club|move: Light Screen\n|move|p1a: Ambipom|Tail Slap|p2a: Deoxys|[miss]\n|-miss|p1a: Ambipom|p2a: Deoxys\n|\n|upkeep\n|turn|4\n|\n|t:|1700495582\n|move|p2a: Deoxys|Stealth Rock|p1a: Ambipom\n|-sidestart|p1: lorwq|move: Stealth Rock\n|move|p1a: Ambipom|Tail Slap|p2a: Deoxys\n|-damage|p2a: Deoxys|18\/100\n|-damage|p2a: Deoxys|8\/100\n|-damage|p2a: Deoxys|0 fnt\n|faint|p2a: Deoxys\n|-hitcount|p2: Deoxys|3\n|\n|upkeep\n|\n|t:|1700495600\n|switch|p2a: Necrozma|Necrozma-Dusk-Mane|100\/100\n|turn|5\n|\n|t:|1700495604\n|move|p1a: Ambipom|Tail Slap|p2a: Necrozma\n|-resisted|p2a: Necrozma\n|-damage|p2a: Necrozma|98\/100\n|-resisted|p2a: Necrozma\n|-damage|p2a: Necrozma|94\/100\n|-resisted|p2a: Necrozma\n|-damage|p2a: Necrozma|91\/100\n|-resisted|p2a: Necrozma\n|-damage|p2a: Necrozma|88\/100\n|-hitcount|p2a: Necrozma|4\n|move|p2a: Necrozma|Dragon Dance|p2a: Necrozma\n|-boost|p2a: Necrozma|atk|1\n|-boost|p2a: Necrozma|spe|1\n|\n|upkeep\n|turn|6\n|\n|t:|1700495616\n|switch|p1a: Volbeat|Volbeat, M|100\/100\n|-damage|p1a: Volbeat|76\/100|[from] Stealth Rock\n|detailschange|p2a: Necrozma|Necrozma-Ultra\n|-burst|p2a: Necrozma|Necrozma|Ultranecrozium Z\n|move|p2a: Necrozma|Photon Geyser|p1a: Volbeat\n|-damage|p1a: Volbeat|0 fnt\n|faint|p1a: Volbeat\n|\n|-sideend|p2: 700club|Reflect\n|upkeep\n|c|\u2606lorwq|geez\n|c|\u2606lorwq|gg\n|c|\u2606700club|gg\n|inactive|lorwq has 120 seconds left.\n|c|\u2606700club|u too\n|\n|t:|1700495657\n|switch|p1a: Bisharp|Bisharp, M|100\/100\n|-damage|p1a: Bisharp|95\/100|[from] Stealth Rock\n|turn|7\n|c|\u2606700club|indeed\n|\n|t:|1700495668\n|move|p2a: Necrozma|Earthquake|p1a: Bisharp\n|-supereffective|p1a: Bisharp\n|-damage|p1a: Bisharp|0 fnt\n|faint|p1a: Bisharp\n|\n|-sideend|p2: 700club|move: Light Screen\n|upkeep\n|\n|t:|1700495673\n|switch|p1a: Sharpedo|Sharpedo, M|100\/100\n|-damage|p1a: Sharpedo|88\/100|[from] Stealth Rock\n|turn|8\n|\n|t:|1700495678\n|move|p1a: Sharpedo|Protect|p1a: Sharpedo\n|-singleturn|p1a: Sharpedo|Protect\n|move|p2a: Necrozma|Earthquake|p1a: Sharpedo\n|-activate|p1a: Sharpedo|move: Protect\n|\n|-ability|p1a: Sharpedo|Speed Boost|boost\n|-boost|p1a: Sharpedo|spe|1\n|upkeep\n|turn|9\n|c|\u2606lorwq|this my only chance\n|c|\u2606700club|yeah but strong sharpedo ^^\n|\n|t:|1700495705\n|move|p1a: Sharpedo|Protect||[still]\n|-fail|p1a: Sharpedo\n|move|p2a: Necrozma|Earthquake|p1a: Sharpedo\n|-damage|p1a: Sharpedo|0 fnt\n|faint|p1a: Sharpedo\n|\n|upkeep\n|c|\u2606lorwq|!showset sharpedo\n|c| lorwq|\/raw <div class=\"infobox\">Sharpedo (M) @ Focus Sash  <br \/>Ability: Speed Boost  <br \/>Tera Type: Water  <br \/>EVs: 4 HP &#x2f; 252 Atk &#x2f; 252 Spe  <br \/>Jolly Nature  <br \/>- Protect  <br \/>- Destiny Bond  <br \/>- Crunch  <br \/>- Close Combat  <br \/><br \/><\/div>\n|c|\u2606700club|too bad\n|\n|t:|1700495719\n|switch|p1a: Ambipom|Ambipom, M|100\/100\n|-damage|p1a: Ambipom|88\/100|[from] Stealth Rock\n|turn|10\n|\n|t:|1700495724\n|-zpower|p2a: Necrozma\n|move|p2a: Necrozma|Light That Burns the Sky|p1a: Ambipom|[zeffect]\n|-damage|p1a: Ambipom|0 fnt\n|faint|p1a: Ambipom\n|\n|upkeep\n|\n|t:|1700495727\n|switch|p1a: Kyurem|Kyurem-Black|100\/100\n|-damage|p1a: Kyurem|75\/100|[from] Stealth Rock\n|-ability|p1a: Kyurem|Teravolt\n|turn|11\n|\n|t:|1700495738\n|-terastallize|p1a: Kyurem|Dragon\n|move|p2a: Necrozma|Photon Geyser|p1a: Kyurem\n|-damage|p1a: Kyurem|0 fnt\n|faint|p1a: Kyurem\n|\n|upkeep\n|\n|t:|1700495746\n|switch|p1a: Deoxys|Deoxys-Attack|100\/100\n|-damage|p1a: Deoxys|88\/100|[from] Stealth Rock\n|-ability|p1a: Deoxys|Pressure\n|turn|12\n|\n|t:|1700495751\n|move|p2a: Necrozma|Photon Geyser|p1a: Deoxys\n|-resisted|p1a: Deoxys\n|-damage|p1a: Deoxys|0 fnt\n|faint|p1a: Deoxys\n|\n|win|700club\n|raw|lorwq's rating: 1240 &rarr; <strong>1220<\/strong><br \/>(-20 for losing)\n|raw|700club's rating: 1310 &rarr; <strong>1326<\/strong><br \/>(+16 for winning)\n|c|\u2606700club|wp\n|l|\u2606lorwq\n","uploadtime":1700495759,"views":11,"p1id":"lorwq","p2id":"700club","formatid":"gen9nationaldexubers","rating":1220,"private":0,"password":""}