{"id":"gen9nationaldexubers-1997753571","p1":"astolfo_barusu","p2":"Snakeman24","format":"[Gen 9] National Dex Ubers","log":"|j|\u2606astolfo_barusu\n|j|\u2606Snakeman24\n|t:|1700849037\n|gametype|singles\n|player|p1|astolfo_barusu|ingo|1117\n|player|p2|Snakeman24|steven|1049\n|teamsize|p1|6\n|teamsize|p2|6\n|gen|9\n|tier|[Gen 9] National Dex Ubers\n|rated|\n|rule|HP Percentage Mod: HP is shown in percentages\n|rule|Endless Battle Clause: Forcing endless battles is banned\n|rule|OHKO Clause: OHKO moves are banned\n|rule|Evasion Moves Clause: Evasion moves are banned\n|rule|Evasion Items Clause: Evasion items are banned\n|rule|Species Clause: Limit one of each Pok\u00e9mon\n|rule|Sleep Clause Mod: Limit one foe put to sleep\n|rule|Mega Rayquaza Clause: You cannot mega evolve Rayquaza\n|clearpoke\n|poke|p1|Yveltal|\n|poke|p1|Annihilape, M|\n|poke|p1|Corviknight, M|\n|poke|p1|Beedrill, M|\n|poke|p1|Chi-Yu|\n|poke|p1|Shaymin-Sky|\n|poke|p2|Xerneas-*|\n|poke|p2|Zapdos|\n|poke|p2|Umbreon, F|\n|poke|p2|Marshadow|\n|poke|p2|Diancie|\n|poke|p2|Celesteela|\n|teampreview\n|\n|t:|1700849058\n|start\n|switch|p1a: Beedrill|Beedrill, M, shiny|100\/100\n|switch|p2a: Diancie|Diancie|100\/100\n|turn|1\n|\n|t:|1700849114\n|switch|p2a: Zapdos|Zapdos|100\/100\n|detailschange|p1a: Beedrill|Beedrill-Mega, M, shiny\n|-mega|p1a: Beedrill|Beedrill|Beedrillite\n|move|p1a: Beedrill|Poison Jab|p2a: Zapdos\n|-damage|p2a: Zapdos|54\/100\n|-damage|p1a: Beedrill|84\/100|[from] item: Rocky Helmet|[of] p2a: Zapdos\n|\n|upkeep\n|turn|2\n|\n|t:|1700849124\n|move|p1a: Beedrill|Poison Jab|p2a: Zapdos\n|-crit|p2a: Zapdos\n|-damage|p2a: Zapdos|0 fnt\n|-damage|p1a: Beedrill|67\/100|[from] item: Rocky Helmet|[of] p2a: Zapdos\n|-status|p1a: Beedrill|par|[from] ability: Static|[of] p2a: Zapdos\n|faint|p2a: Zapdos\n|\n|upkeep\n|\n|t:|1700849135\n|switch|p2a: Celesteela|Celesteela|100\/100\n|turn|3\n|\n|t:|1700849141\n|move|p2a: Celesteela|Autotomize|p2a: Celesteela\n|-boost|p2a: Celesteela|spe|2\n|-start|p2a: Celesteela|Autotomize\n|move|p1a: Beedrill|Knock Off|p2a: Celesteela\n|-damage|p2a: Celesteela|65\/100\n|-enditem|p2a: Celesteela|Leftovers|[from] move: Knock Off|[of] p1a: Beedrill\n|\n|upkeep\n|turn|4\n|\n|t:|1700849154\n|move|p2a: Celesteela|Air Slash|p1a: Beedrill\n|-supereffective|p1a: Beedrill\n|-damage|p1a: Beedrill|0 fnt\n|faint|p1a: Beedrill\n|-ability|p2a: Celesteela|Beast Boost|boost\n|-boost|p2a: Celesteela|spa|1\n|\n|upkeep\n|\n|t:|1700849169\n|switch|p1a: Chi-Yu|Chi-Yu|100\/100\n|-ability|p1a: Chi-Yu|Beads of Ruin\n|turn|5\n|\n|t:|1700849178\n|move|p2a: Celesteela|Air Slash|p1a: Chi-Yu\n|-damage|p1a: Chi-Yu|40\/100\n|cant|p1a: Chi-Yu|flinch\n|\n|upkeep\n|turn|6\n|\n|t:|1700849189\n|move|p2a: Celesteela|Air Slash|p1a: Chi-Yu\n|-damage|p1a: Chi-Yu|0 fnt\n|faint|p1a: Chi-Yu\n|-ability|p2a: Celesteela|Beast Boost|boost\n|-boost|p2a: Celesteela|spa|1\n|\n|upkeep\n|\n|t:|1700849195\n|switch|p1a: Yveltal|Yveltal|100\/100\n|-ability|p1a: Yveltal|Dark Aura\n|turn|7\n|\n|t:|1700849202\n|move|p2a: Celesteela|Flash Cannon|p1a: Yveltal\n|-damage|p1a: Yveltal|27\/100\n|move|p1a: Yveltal|Dark Pulse|p2a: Celesteela\n|-damage|p2a: Celesteela|0 fnt\n|faint|p2a: Celesteela\n|-damage|p1a: Yveltal|17\/100|[from] item: Life Orb\n|\n|upkeep\n|\n|t:|1700849216\n|switch|p2a: Xerneas|Xerneas|100\/100\n|-ability|p2a: Xerneas|Fairy Aura\n|turn|8\n|\n|t:|1700849227\n|move|p2a: Xerneas|Geomancy||[still]\n|-prepare|p2a: Xerneas|Geomancy\n|-enditem|p2a: Xerneas|Power Herb\n|-anim|p2a: Xerneas|Geomancy|p2a: Xerneas\n|-boost|p2a: Xerneas|spa|2\n|-boost|p2a: Xerneas|spd|2\n|-boost|p2a: Xerneas|spe|2\n|move|p1a: Yveltal|Oblivion Wing|p2a: Xerneas\n|-damage|p2a: Xerneas|75\/100\n|-heal|p1a: Yveltal|36\/100|[from] drain|[of] p2a: Xerneas\n|-damage|p1a: Yveltal|26\/100|[from] item: Life Orb\n|\n|upkeep\n|turn|9\n|\n|t:|1700849243\n|-terastallize|p2a: Xerneas|Fairy\n|move|p2a: Xerneas|Thunderbolt|p1a: Yveltal\n|-supereffective|p1a: Yveltal\n|-damage|p1a: Yveltal|0 fnt\n|faint|p1a: Yveltal\n|\n|upkeep\n|\n|t:|1700849251\n|switch|p1a: Annihilape|Annihilape, M|100\/100\n|turn|10\n|-message|astolfo_barusu forfeited.\n|\n|win|Snakeman24\n|raw|astolfo_barusu's rating: 1117 &rarr; <strong>1087<\/strong><br \/>(-30 for losing)\n|raw|Snakeman24's rating: 1049 &rarr; <strong>1088<\/strong><br \/>(+39 for winning)\n|l|\u2606astolfo_barusu\n","uploadtime":1700849264,"views":6,"p1id":"astolfobarusu","p2id":"snakeman24","formatid":"gen9nationaldexubers","rating":1087,"private":0,"password":""}