{"id":"gen9nationaldexubers-1988088401","p1":"hattorivt","p2":"Katkid0409","format":"[Gen 9] National Dex Ubers","log":"|j|\u2606hattorivt\n|j|\u2606Katkid0409\n|t:|1699668092\n|gametype|singles\n|player|p1|hattorivt|marnie-masters|\n|player|p2|Katkid0409|266|\n|teamsize|p1|6\n|teamsize|p2|6\n|gen|9\n|tier|[Gen 9] National Dex Ubers\n|rule|HP Percentage Mod: HP is shown in percentages\n|rule|Endless Battle Clause: Forcing endless battles is banned\n|rule|OHKO Clause: OHKO moves are banned\n|rule|Evasion Moves Clause: Evasion moves are banned\n|rule|Evasion Items Clause: Evasion items are banned\n|rule|Species Clause: Limit one of each Pok\u00e9mon\n|rule|Sleep Clause Mod: Limit one foe put to sleep\n|rule|Mega Rayquaza Clause: You cannot mega evolve Rayquaza\n|clearpoke\n|poke|p1|Iron Moth|\n|poke|p1|Mawile, F|\n|poke|p1|Regidrago|\n|poke|p1|Forretress, M|\n|poke|p1|Baxcalibur, M|\n|poke|p1|Hawlucha, F|\n|poke|p2|Scream Tail|\n|poke|p2|Tapu Bulu|\n|poke|p2|Glimmora, F|\n|poke|p2|Iron Jugulis|\n|poke|p2|Breloom, F|\n|poke|p2|Dragonite, F|\n|teampreview\n|inactive|Battle timer is ON: inactive players will automatically lose when time's up. (requested by Katkid0409)\n|inactive|hattorivt also wants the timer to be on.\n|\n|t:|1699668101\n|start\n|switch|p1a: Iron Moth|Iron Moth|100\/100\n|switch|p2a: Glimmora|Glimmora, F|100\/100\n|turn|1\n|\n|t:|1699668111\n|move|p1a: Iron Moth|U-turn|p2a: Glimmora\n|-resisted|p2a: Glimmora\n|-damage|p2a: Glimmora|94\/100\n|-activate|p2a: Glimmora|ability: Toxic Debris\n|-sidestart|p1: hattorivt|move: Toxic Spikes\n|\n|t:|1699668113\n|-end|p1a: Iron Moth|Quark Drive|[silent]\n|switch|p1a: Forretress|Forretress, M|100\/100|[from] U-turn\n|move|p2a: Glimmora|Earth Power|p1a: Forretress\n|-damage|p1a: Forretress|59\/100\n|-unboost|p1a: Forretress|spd|1\n|\n|-heal|p1a: Forretress|65\/100|[from] item: Leftovers\n|upkeep\n|turn|2\n|\n|t:|1699668123\n|switch|p1a: Hawlucha|Hawlucha, F|100\/100\n|move|p2a: Glimmora|Power Gem|p1a: Hawlucha\n|-crit|p1a: Hawlucha\n|-damage|p1a: Hawlucha|0 fnt\n|faint|p1a: Hawlucha\n|\n|upkeep\n|\n|t:|1699668133\n|switch|p1a: Forretress|Forretress, M|65\/100\n|turn|3\n|\n|t:|1699668140\n|move|p2a: Glimmora|Power Gem|p1a: Forretress\n|-damage|p1a: Forretress|8\/100\n|move|p1a: Forretress|Gyro Ball|p2a: Glimmora\n|-supereffective|p2a: Glimmora\n|-damage|p2a: Glimmora|14\/100\n|-activate|p2a: Glimmora|ability: Toxic Debris\n|-sidestart|p1: hattorivt|move: Toxic Spikes\n|\n|-heal|p1a: Forretress|14\/100|[from] item: Leftovers\n|upkeep\n|turn|4\n|\n|t:|1699668152\n|move|p2a: Glimmora|Power Gem|p1a: Forretress\n|-damage|p1a: Forretress|0 fnt\n|faint|p1a: Forretress\n|\n|upkeep\n|\n|t:|1699668154\n|switch|p1a: Iron Moth|Iron Moth|100\/100\n|-sideend|p1: hattorivt|move: Toxic Spikes|[of] p1a: Iron Moth\n|turn|5\n|\n|t:|1699668161\n|move|p1a: Iron Moth|Sludge Wave|p2a: Glimmora\n|-resisted|p2a: Glimmora\n|-damage|p2a: Glimmora|0 fnt\n|faint|p2a: Glimmora\n|\n|upkeep\n|\n|t:|1699668166\n|switch|p2a: Scream Tail|Scream Tail|100\/100\n|turn|6\n|\n|t:|1699668168\n|move|p1a: Iron Moth|Sludge Wave|p2a: Scream Tail\n|-supereffective|p2a: Scream Tail\n|-damage|p2a: Scream Tail|33\/100\n|move|p2a: Scream Tail|Light Screen|p2a: Scream Tail\n|-sidestart|p2: Katkid0409|move: Light Screen\n|\n|upkeep\n|turn|7\n|\n|t:|1699668174\n|move|p1a: Iron Moth|Sludge Wave|p2a: Scream Tail\n|-supereffective|p2a: Scream Tail\n|-damage|p2a: Scream Tail|0 fnt\n|faint|p2a: Scream Tail\n|-end|p2a: Scream Tail|Protosynthesis|[silent]\n|\n|upkeep\n|\n|t:|1699668189\n|switch|p2a: Dragonite|Dragonite, F|100\/100\n|turn|8\n|\n|t:|1699668193\n|-end|p1a: Iron Moth|Quark Drive|[silent]\n|switch|p1a: Mawile|Mawile, F|100\/100\n|move|p2a: Dragonite|Dragon Dance|p2a: Dragonite\n|-boost|p2a: Dragonite|atk|1\n|-boost|p2a: Dragonite|spe|1\n|\n|upkeep\n|turn|9\n|\n|t:|1699668201\n|detailschange|p1a: Mawile|Mawile-Mega, F\n|-mega|p1a: Mawile|Mawile|Mawilite\n|move|p2a: Dragonite|Earthquake|p1a: Mawile\n|-supereffective|p1a: Mawile\n|-damage|p1a: Mawile|0 fnt\n|faint|p1a: Mawile\n|\n|upkeep\n|\n|t:|1699668215\n|switch|p1a: Baxcalibur|Baxcalibur, M|100\/100\n|turn|10\n|inactive|hattorivt has 270 seconds left.\n|\n|t:|1699668258\n|-terastallize|p2a: Dragonite|Normal\n|move|p1a: Baxcalibur|Ice Shard|p2a: Dragonite\n|-damage|p2a: Dragonite|87\/100\n|move|p2a: Dragonite|Dragon Dance|p2a: Dragonite\n|-boost|p2a: Dragonite|atk|1\n|-boost|p2a: Dragonite|spe|1\n|\n|upkeep\n|turn|11\n|\n|t:|1699668277\n|move|p2a: Dragonite|Dragon Dance|p2a: Dragonite\n|-boost|p2a: Dragonite|atk|1\n|-boost|p2a: Dragonite|spe|1\n|move|p1a: Baxcalibur|Icicle Spear|p2a: Dragonite\n|-damage|p2a: Dragonite|69\/100\n|-damage|p2a: Dragonite|53\/100\n|-damage|p2a: Dragonite|34\/100\n|-damage|p2a: Dragonite|16\/100\n|-hitcount|p2a: Dragonite|4\n|\n|upkeep\n|turn|12\n|inactive|hattorivt has 270 seconds left.\n|\n|t:|1699668295\n|move|p2a: Dragonite|Extreme Speed|p1a: Baxcalibur\n|-damage|p1a: Baxcalibur|0 fnt\n|faint|p1a: Baxcalibur\n|\n|upkeep\n|inactive|hattorivt has 240 seconds left.\n|\n|t:|1699668331\n|switch|p1a: Iron Moth|Iron Moth|100\/100\n|turn|13\n|\n|t:|1699668338\n|move|p2a: Dragonite|Extreme Speed|p1a: Iron Moth\n|-damage|p1a: Iron Moth|0 fnt\n|faint|p1a: Iron Moth\n|-end|p1a: Iron Moth|Quark Drive|[silent]\n|\n|-sideend|p2: Katkid0409|move: Light Screen\n|upkeep\n|\n|t:|1699668341\n|switch|p1a: Regidrago|Regidrago|100\/100\n|turn|14\n|\n|t:|1699668345\n|move|p2a: Dragonite|Extreme Speed|p1a: Regidrago\n|-damage|p1a: Regidrago|0 fnt\n|faint|p1a: Regidrago\n|\n|win|Katkid0409\n|c|\u2606Katkid0409|Gg\n|c|\u2606hattorivt|gg\n|l|\u2606hattorivt\n","uploadtime":1699668350,"views":6,"p1id":"hattorivt","p2id":"katkid0409","formatid":"gen9nationaldexubers","rating":0,"private":0,"password":""}