{"id":"gen9nationaldexubers-1986463299","p1":"Herdsman41","p2":"Majestosoalvaro","format":"[Gen 9] National Dex Ubers","log":"|j|\u2606Herdsman41\n|j|\u2606Majestosoalvaro\n|t:|1699481634\n|gametype|singles\n|player|p1|Herdsman41|biker|1170\n|player|p2|Majestosoalvaro|265|1093\n|teamsize|p1|6\n|teamsize|p2|6\n|gen|9\n|tier|[Gen 9] National Dex Ubers\n|rated|\n|rule|HP Percentage Mod: HP is shown in percentages\n|rule|Endless Battle Clause: Forcing endless battles is banned\n|rule|OHKO Clause: OHKO moves are banned\n|rule|Evasion Moves Clause: Evasion moves are banned\n|rule|Evasion Items Clause: Evasion items are banned\n|rule|Species Clause: Limit one of each Pok\u00e9mon\n|rule|Sleep Clause Mod: Limit one foe put to sleep\n|rule|Mega Rayquaza Clause: You cannot mega evolve Rayquaza\n|clearpoke\n|poke|p1|Ferrothorn, M|\n|poke|p1|Chi-Yu|\n|poke|p1|Jirachi|\n|poke|p1|Gliscor, M|\n|poke|p1|Xatu, M|\n|poke|p1|Naganadel|\n|poke|p2|Marshadow|\n|poke|p2|Lugia|\n|poke|p2|Lucario, F|\n|poke|p2|Flutter Mane|\n|poke|p2|Iron Bundle|\n|poke|p2|Volcarona, F|\n|teampreview\n|\n|t:|1699481645\n|start\n|switch|p1a: Gliscor|Gliscor, M|100\/100\n|switch|p2a: Tio Sam|Iron Bundle|100\/100\n|turn|1\n|\n|t:|1699481653\n|move|p2a: Tio Sam|Ice Beam|p1a: Gliscor\n|-supereffective|p1a: Gliscor\n|-damage|p1a: Gliscor|0 fnt\n|faint|p1a: Gliscor\n|\n|upkeep\n|\n|t:|1699481658\n|switch|p1a: Chi-Yu|Chi-Yu|100\/100\n|-ability|p1a: Chi-Yu|Beads of Ruin\n|turn|2\n|\n|t:|1699481665\n|move|p2a: Tio Sam|Hydro Pump|p1a: Chi-Yu\n|-supereffective|p1a: Chi-Yu\n|-damage|p1a: Chi-Yu|0 fnt\n|faint|p1a: Chi-Yu\n|\n|upkeep\n|\n|t:|1699481671\n|switch|p1a: Jirachi|Jirachi, shiny|100\/100\n|turn|3\n|\n|t:|1699481685\n|move|p2a: Tio Sam|Taunt|p1a: Jirachi\n|-start|p1a: Jirachi|move: Taunt\n|cant|p1a: Jirachi|move: Taunt|Toxic\n|\n|upkeep\n|turn|4\n|\n|t:|1699481697\n|move|p2a: Tio Sam|Ice Beam|p1a: Jirachi\n|-resisted|p1a: Jirachi\n|-damage|p1a: Jirachi|81\/100\n|move|p1a: Jirachi|Moonblast|p2a: Tio Sam\n|-damage|p2a: Tio Sam|57\/100\n|-unboost|p2a: Tio Sam|spa|1\n|\n|-heal|p1a: Jirachi|87\/100|[from] item: Leftovers\n|upkeep\n|turn|5\n|\n|t:|1699481708\n|-end|p2a: Tio Sam|Quark Drive|[silent]\n|switch|p2a: Jaj|Volcarona, F|100\/100\n|move|p1a: Jirachi|Moonblast|p2a: Jaj\n|-resisted|p2a: Jaj\n|-damage|p2a: Jaj|90\/100\n|-unboost|p2a: Jaj|spa|1\n|\n|-heal|p1a: Jirachi|93\/100|[from] item: Leftovers\n|-end|p1a: Jirachi|move: Taunt\n|upkeep\n|turn|6\n|\n|t:|1699481725\n|move|p2a: Jaj|Flamethrower|p1a: Jirachi\n|-supereffective|p1a: Jirachi\n|-damage|p1a: Jirachi|44\/100\n|move|p1a: Jirachi|Toxic|p2a: Jaj\n|-status|p2a: Jaj|tox\n|\n|-heal|p1a: Jirachi|50\/100|[from] item: Leftovers\n|-damage|p2a: Jaj|84\/100 tox|[from] psn\n|upkeep\n|turn|7\n|\n|t:|1699481735\n|switch|p1a: Xatu|Xatu, M|100\/100\n|move|p2a: Jaj|Quiver Dance|p2a: Jaj\n|-boost|p2a: Jaj|spa|1\n|-boost|p2a: Jaj|spd|1\n|-boost|p2a: Jaj|spe|1\n|\n|-damage|p2a: Jaj|71\/100 tox|[from] psn\n|upkeep\n|turn|8\n|\n|t:|1699481744\n|move|p2a: Jaj|Bug Buzz|p1a: Xatu\n|-damage|p1a: Xatu|62\/100\n|move|p1a: Xatu|Light Screen|p1a: Xatu\n|-sidestart|p1: Herdsman41|move: Light Screen\n|\n|-damage|p2a: Jaj|53\/100 tox|[from] psn\n|upkeep\n|turn|9\n|\n|t:|1699481752\n|move|p2a: Jaj|Quiver Dance|p2a: Jaj\n|-boost|p2a: Jaj|spa|1\n|-boost|p2a: Jaj|spd|1\n|-boost|p2a: Jaj|spe|1\n|move|p1a: Xatu|Roost|p1a: Xatu\n|-heal|p1a: Xatu|100\/100\n|-singleturn|p1a: Xatu|move: Roost\n|\n|-damage|p2a: Jaj|29\/100 tox|[from] psn\n|upkeep\n|turn|10\n|\n|t:|1699481766\n|move|p2a: Jaj|Bug Buzz|p1a: Xatu\n|-damage|p1a: Xatu|71\/100\n|move|p1a: Xatu|Reflect|p1a: Xatu\n|-sidestart|p1: Herdsman41|Reflect\n|\n|-damage|p2a: Jaj|0 fnt|[from] psn\n|faint|p2a: Jaj\n|upkeep\n|\n|t:|1699481783\n|switch|p2a: Flutter|Flutter Mane|100\/100\n|turn|11\n|\n|t:|1699481788\n|move|p2a: Flutter|Shadow Ball|p1a: Xatu\n|-supereffective|p1a: Xatu\n|-damage|p1a: Xatu|14\/100\n|-unboost|p1a: Xatu|spd|1\n|move|p1a: Xatu|Toxic|p2a: Flutter|[miss]\n|-miss|p1a: Xatu|p2a: Flutter\n|\n|upkeep\n|turn|12\n|\n|t:|1699481796\n|switch|p1a: Ferrothorn|Ferrothorn, M|100\/100\n|move|p2a: Flutter|Shadow Ball|p1a: Ferrothorn\n|-damage|p1a: Ferrothorn|72\/100\n|\n|-heal|p1a: Ferrothorn|78\/100|[from] item: Leftovers\n|upkeep\n|turn|13\n|\n|t:|1699481807\n|-end|p2a: Flutter|Protosynthesis|[silent]\n|switch|p2a: My Favorite|Lucario, F|100\/100\n|move|p1a: Ferrothorn|Leech Seed|p2a: My Favorite\n|-start|p2a: My Favorite|move: Leech Seed\n|\n|-heal|p1a: Ferrothorn|84\/100|[from] item: Leftovers\n|-damage|p2a: My Favorite|88\/100|[from] Leech Seed|[of] p1a: Ferrothorn\n|-heal|p1a: Ferrothorn|94\/100|[silent]\n|upkeep\n|turn|14\n|\n|t:|1699481818\n|move|p2a: My Favorite|Bulk Up|p2a: My Favorite\n|-boost|p2a: My Favorite|atk|1\n|-boost|p2a: My Favorite|def|1\n|move|p1a: Ferrothorn|Stealth Rock|p2a: My Favorite\n|-sidestart|p2: Majestosoalvaro|move: Stealth Rock\n|\n|-heal|p1a: Ferrothorn|100\/100|[from] item: Leftovers\n|-damage|p2a: My Favorite|76\/100|[from] Leech Seed|[of] p1a: Ferrothorn\n|upkeep\n|turn|15\n|\n|t:|1699481829\n|switch|p1a: Xatu|Xatu, M|14\/100\n|detailschange|p2a: My Favorite|Lucario-Mega, F\n|-mega|p2a: My Favorite|Lucario|Lucarionite\n|move|p2a: My Favorite|Bulk Up|p2a: My Favorite\n|-boost|p2a: My Favorite|atk|1\n|-boost|p2a: My Favorite|def|1\n|\n|-damage|p2a: My Favorite|63\/100|[from] Leech Seed|[of] p1a: Xatu\n|-heal|p1a: Xatu|24\/100|[silent]\n|-sideend|p1: Herdsman41|move: Light Screen\n|upkeep\n|turn|16\n|\n|t:|1699481841\n|switch|p1a: Ferrothorn|Ferrothorn, M|100\/100\n|move|p2a: My Favorite|Extreme Speed|p1a: Ferrothorn\n|-resisted|p1a: Ferrothorn\n|-damage|p1a: Ferrothorn|92\/100\n|-damage|p2a: My Favorite|51\/100|[from] ability: Iron Barbs|[of] p1a: Ferrothorn\n|\n|-heal|p1a: Ferrothorn|98\/100|[from] item: Leftovers\n|-damage|p2a: My Favorite|38\/100|[from] Leech Seed|[of] p1a: Ferrothorn\n|-heal|p1a: Ferrothorn|100\/100|[silent]\n|upkeep\n|turn|17\n|\n|t:|1699481896\n|move|p2a: My Favorite|High Jump Kick|p1a: Ferrothorn\n|-supereffective|p1a: Ferrothorn\n|-damage|p1a: Ferrothorn|0 fnt\n|-damage|p2a: My Favorite|26\/100|[from] ability: Iron Barbs|[of] p1a: Ferrothorn\n|faint|p1a: Ferrothorn\n|\n|-sideend|p1: Herdsman41|Reflect\n|upkeep\n|\n|t:|1699481902\n|switch|p1a: Naganadel|Naganadel|100\/100\n|turn|18\n|\n|t:|1699481925\n|move|p2a: My Favorite|Extreme Speed|p1a: Naganadel\n|-damage|p1a: Naganadel|3\/100\n|move|p1a: Naganadel|Thunderbolt|p2a: My Favorite\n|-damage|p2a: My Favorite|0 fnt\n|faint|p2a: My Favorite\n|-ability|p1a: Naganadel|Beast Boost|boost\n|-boost|p1a: Naganadel|spa|1\n|-damage|p1a: Naganadel|0 fnt|[from] item: Life Orb\n|faint|p1a: Naganadel\n|\n|upkeep\n|-message|Herdsman41 forfeited.\n|\n|win|Majestosoalvaro\n|raw|Herdsman41's rating: 1170 &rarr; <strong>1140<\/strong><br \/>(-30 for losing)\n|raw|Majestosoalvaro's rating: 1093 &rarr; <strong>1125<\/strong><br \/>(+32 for winning)\n|l|\u2606Herdsman41\n","uploadtime":1699481947,"views":5,"p1id":"herdsman41","p2id":"majestosoalvaro","formatid":"gen9nationaldexubers","rating":1125,"private":0,"password":""}