{"id":"gen9nationaldexubers-1988128588","p1":"Rhyfinn 01","p2":"gustavo alan","format":"[Gen 9] National Dex Ubers","log":"|j|\u2606Rhyfinn 01\n|j|\u2606gustavo alan\n|t:|1699673108\n|gametype|singles\n|player|p1|Rhyfinn 01|alder|1379\n|player|p2|gustavo alan|volkner|1281\n|teamsize|p1|6\n|teamsize|p2|6\n|gen|9\n|tier|[Gen 9] National Dex Ubers\n|rated|\n|rule|HP Percentage Mod: HP is shown in percentages\n|rule|Endless Battle Clause: Forcing endless battles is banned\n|rule|OHKO Clause: OHKO moves are banned\n|rule|Evasion Moves Clause: Evasion moves are banned\n|rule|Evasion Items Clause: Evasion items are banned\n|rule|Species Clause: Limit one of each Pok\u00e9mon\n|rule|Sleep Clause Mod: Limit one foe put to sleep\n|rule|Mega Rayquaza Clause: You cannot mega evolve Rayquaza\n|clearpoke\n|poke|p1|Groudon|\n|poke|p1|Xerneas-*|\n|poke|p1|Marshadow|\n|poke|p1|Necrozma-Dusk-Mane|\n|poke|p1|Deoxys-Speed|\n|poke|p1|Rayquaza|\n|poke|p2|Ting-Lu|\n|poke|p2|Yveltal|\n|poke|p2|Chi-Yu|\n|poke|p2|Samurott-Hisui, F|\n|poke|p2|Kingambit, F|\n|poke|p2|Meowscarada, M|\n|teampreview\n|inactive|Battle timer is ON: inactive players will automatically lose when time's up. (requested by Rhyfinn 01)\n|inactive|gustavo alan has 120 seconds left.\n|inactive|gustavo alan has 90 seconds left.\n|\n|t:|1699673187\n|start\n|switch|p1a: Marshadow|Marshadow|100\/100\n|switch|p2a: Samurott|Samurott-Hisui, F|100\/100\n|turn|1\n|\n|t:|1699673202\n|move|p1a: Marshadow|Close Combat|p2a: Samurott\n|-supereffective|p2a: Samurott\n|-damage|p2a: Samurott|0 fnt\n|-unboost|p1a: Marshadow|def|1\n|-unboost|p1a: Marshadow|spd|1\n|faint|p2a: Samurott\n|\n|upkeep\n|inactive|gustavo alan has 120 seconds left.\n|\n|t:|1699673221\n|switch|p2a: Chi-Yu|Chi-Yu|100\/100\n|-ability|p2a: Chi-Yu|Beads of Ruin\n|turn|2\n|\n|t:|1699673232\n|switch|p1a: Deoxys|Deoxys-Speed|100\/100\n|-ability|p1a: Deoxys|Pressure\n|move|p2a: Chi-Yu|Psychic|p1a: Deoxys\n|-resisted|p1a: Deoxys\n|-damage|p1a: Deoxys|73\/100\n|\n|upkeep\n|turn|3\n|\n|t:|1699673244\n|switch|p2a: Ting-Lu|Ting-Lu|100\/100\n|-ability|p2a: Ting-Lu|Vessel of Ruin\n|move|p1a: Deoxys|Stealth Rock|p2a: Ting-Lu\n|-sidestart|p2: gustavo alan|move: Stealth Rock\n|\n|upkeep\n|turn|4\n|\n|t:|1699673255\n|move|p1a: Deoxys|Taunt|p2a: Ting-Lu\n|-start|p2a: Ting-Lu|move: Taunt\n|move|p2a: Ting-Lu|Throat Chop|p1a: Deoxys\n|-supereffective|p1a: Deoxys\n|-damage|p1a: Deoxys|0 fnt\n|faint|p1a: Deoxys\n|\n|upkeep\n|\n|t:|1699673261\n|switch|p1a: Xerneas|Xerneas|100\/100\n|-ability|p1a: Xerneas|Fairy Aura\n|turn|5\n|\n|t:|1699673269\n|move|p1a: Xerneas|Geomancy||[still]\n|-prepare|p1a: Xerneas|Geomancy\n|-enditem|p1a: Xerneas|Power Herb\n|-anim|p1a: Xerneas|Geomancy|p1a: Xerneas\n|-boost|p1a: Xerneas|spa|2\n|-boost|p1a: Xerneas|spd|2\n|-boost|p1a: Xerneas|spe|2\n|move|p2a: Ting-Lu|Heavy Slam|p1a: Xerneas\n|-supereffective|p1a: Xerneas\n|-crit|p1a: Xerneas\n|-damage|p1a: Xerneas|40\/100\n|\n|upkeep\n|turn|6\n|\n|t:|1699673281\n|move|p1a: Xerneas|Moonblast|p2a: Ting-Lu\n|-supereffective|p2a: Ting-Lu\n|-damage|p2a: Ting-Lu|0 fnt\n|faint|p2a: Ting-Lu\n|\n|upkeep\n|\n|t:|1699673298\n|switch|p2a: Chi-Yu|Chi-Yu|100\/100\n|-damage|p2a: Chi-Yu|76\/100|[from] Stealth Rock\n|-ability|p2a: Chi-Yu|Beads of Ruin\n|turn|7\n|\n|t:|1699673309\n|move|p1a: Xerneas|Moonblast|p2a: Chi-Yu\n|-damage|p2a: Chi-Yu|0 fnt\n|faint|p2a: Chi-Yu\n|\n|upkeep\n|\n|t:|1699673317\n|switch|p2a: Yveltal|Yveltal|100\/100\n|-damage|p2a: Yveltal|76\/100|[from] Stealth Rock\n|-ability|p2a: Yveltal|Dark Aura\n|turn|8\n|\n|t:|1699673324\n|move|p2a: Yveltal|Sucker Punch|p1a: Xerneas\n|-resisted|p1a: Xerneas\n|-damage|p1a: Xerneas|13\/100\n|move|p1a: Xerneas|Moonblast|p2a: Yveltal\n|-supereffective|p2a: Yveltal\n|-damage|p2a: Yveltal|0 fnt\n|faint|p2a: Yveltal\n|\n|upkeep\n|-message|gustavo alan forfeited.\n|\n|win|Rhyfinn 01\n|raw|Rhyfinn 01's rating: 1379 &rarr; <strong>1394<\/strong><br \/>(+15 for winning)\n|raw|gustavo alan's rating: 1281 &rarr; <strong>1263<\/strong><br \/>(-18 for losing)\n|l|\u2606gustavo alan\n","uploadtime":1699673335,"views":4,"p1id":"rhyfinn01","p2id":"gustavoalan","formatid":"gen9nationaldexubers","rating":1263,"private":0,"password":""}