{"id":"gen9nationaldexubers-1992593555","p1":"melesbro","p2":"NoMrDrops","format":"[Gen 9] National Dex Ubers","log":"|j|\u2606melesbro\n|j|\u2606NoMrDrops\n|t:|1700211577\n|gametype|singles\n|player|p1|melesbro|265|\n|player|p2|NoMrDrops|wicke|\n|teamsize|p1|6\n|teamsize|p2|6\n|gen|9\n|tier|[Gen 9] National Dex Ubers\n|rule|HP Percentage Mod: HP is shown in percentages\n|rule|Endless Battle Clause: Forcing endless battles is banned\n|rule|OHKO Clause: OHKO moves are banned\n|rule|Evasion Moves Clause: Evasion moves are banned\n|rule|Evasion Items Clause: Evasion items are banned\n|rule|Species Clause: Limit one of each Pok\u00e9mon\n|rule|Sleep Clause Mod: Limit one foe put to sleep\n|rule|Mega Rayquaza Clause: You cannot mega evolve Rayquaza\n|clearpoke\n|poke|p1|Avalugg, F|\n|poke|p1|Cetitan, M|\n|poke|p1|Chien-Pao|\n|poke|p1|Espathra, M|\n|poke|p1|Volcarona, F|\n|poke|p1|Gholdengo|\n|poke|p2|Zapdos|\n|poke|p2|Clefable, M|\n|poke|p2|Conkeldurr, M|\n|poke|p2|Reuniclus, M|\n|poke|p2|Latios, M|\n|poke|p2|Jirachi|\n|teampreview\n|\n|t:|1700211587\n|start\n|switch|p1a: Dawg|Chien-Pao|100\/100\n|switch|p2a: Bricked Up|Conkeldurr, M|100\/100\n|-ability|p1a: Dawg|Sword of Ruin\n|turn|1\n|\n|t:|1700211598\n|move|p1a: Dawg|Psychic Fangs|p2a: Bricked Up\n|-supereffective|p2a: Bricked Up\n|-damage|p2a: Bricked Up|2\/100\n|move|p2a: Bricked Up|Substitute|p2a: Bricked Up\n|-fail|p2a: Bricked Up|move: Substitute|[weak]\n|\n|-status|p2a: Bricked Up|brn|[from] item: Flame Orb\n|upkeep\n|turn|2\n|\n|t:|1700211609\n|switch|p2a: Taxi|Clefable, M|100\/100\n|move|p1a: Dawg|Psychic Fangs|p2a: Taxi\n|-damage|p2a: Taxi|54\/100\n|\n|-heal|p2a: Taxi|60\/100|[from] item: Leftovers\n|upkeep\n|turn|3\n|\n|t:|1700211620\n|switch|p1a: Mr. Huggs|Cetitan, M|100\/100\n|move|p2a: Taxi|Moonblast|p1a: Mr. Huggs\n|-damage|p1a: Mr. Huggs|63\/100\n|\n|-heal|p2a: Taxi|66\/100|[from] item: Leftovers\n|upkeep\n|turn|4\n|\n|t:|1700211627\n|move|p1a: Mr. Huggs|Snowscape|p1a: Mr. Huggs\n|-weather|Snow\n|move|p2a: Taxi|Fire Blast|p1a: Mr. Huggs\n|-supereffective|p1a: Mr. Huggs\n|-damage|p1a: Mr. Huggs|7\/100\n|\n|-weather|Snow|[upkeep]\n|-heal|p2a: Taxi|72\/100|[from] item: Leftovers\n|upkeep\n|turn|5\n|\n|t:|1700211645\n|move|p1a: Mr. Huggs|Icicle Crash|p2a: Taxi\n|-damage|p2a: Taxi|37\/100\n|move|p2a: Taxi|Calm Mind|p2a: Taxi\n|-boost|p2a: Taxi|spa|1\n|-boost|p2a: Taxi|spd|1\n|\n|-weather|Snow|[upkeep]\n|-heal|p2a: Taxi|43\/100|[from] item: Leftovers\n|upkeep\n|turn|6\n|\n|t:|1700211656\n|switch|p2a: Winston Overwatch|Jirachi|100\/100\n|move|p1a: Mr. Huggs|Icicle Crash|p2a: Winston Overwatch\n|-resisted|p2a: Winston Overwatch\n|-damage|p2a: Winston Overwatch|81\/100\n|\n|-weather|Snow|[upkeep]\n|upkeep\n|turn|7\n|\n|t:|1700211666\n|move|p1a: Mr. Huggs|Earthquake|p2a: Winston Overwatch\n|-supereffective|p2a: Winston Overwatch\n|-damage|p2a: Winston Overwatch|20\/100\n|move|p2a: Winston Overwatch|Healing Wish|p2a: Winston Overwatch\n|faint|p2a: Winston Overwatch\n|\n|-weather|Snow|[upkeep]\n|upkeep\n|\n|t:|1700211673\n|switch|p2a: Bricked Up|Conkeldurr, M|2\/100 brn\n|-heal|p2a: Bricked Up|100\/100|[from] move: Healing Wish\n|turn|8\n|\n|t:|1700211686\n|move|p2a: Bricked Up|Mach Punch|p1a: Mr. Huggs\n|-supereffective|p1a: Mr. Huggs\n|-damage|p1a: Mr. Huggs|0 fnt\n|faint|p1a: Mr. Huggs\n|\n|-weather|Snow|[upkeep]\n|-status|p2a: Bricked Up|brn|[from] item: Flame Orb\n|upkeep\n|\n|t:|1700211692\n|switch|p1a: Dawg|Chien-Pao|100\/100\n|-ability|p1a: Dawg|Sword of Ruin\n|turn|9\n|j| Wally Nix\n|\n|t:|1700211701\n|move|p2a: Bricked Up|Mach Punch|p1a: Dawg\n|-supereffective|p1a: Dawg\n|-damage|p1a: Dawg|0 fnt\n|faint|p1a: Dawg\n|\n|-weather|Snow|[upkeep]\n|-damage|p2a: Bricked Up|94\/100 brn|[from] brn\n|upkeep\n|\n|t:|1700211707\n|switch|p1a: Guh|Avalugg, F|100\/100\n|turn|10\n|\n|t:|1700211715\n|move|p2a: Bricked Up|Mach Punch|p1a: Guh\n|-supereffective|p1a: Guh\n|-damage|p1a: Guh|78\/100\n|move|p1a: Guh|Aurora Veil|p1a: Guh\n|-sidestart|p1: melesbro|move: Aurora Veil\n|\n|-weather|Snow|[upkeep]\n|-heal|p1a: Guh|84\/100|[from] ability: Ice Body\n|-damage|p2a: Bricked Up|88\/100 brn|[from] brn\n|upkeep\n|turn|11\n|\n|t:|1700211730\n|-terastallize|p2a: Bricked Up|Fighting\n|move|p2a: Bricked Up|Drain Punch|p1a: Guh\n|-supereffective|p1a: Guh\n|-damage|p1a: Guh|56\/100\n|-heal|p2a: Bricked Up|99\/100 brn|[from] drain|[of] p1a: Guh\n|move|p1a: Guh|Heavy Slam|p2a: Bricked Up\n|-damage|p2a: Bricked Up|65\/100 brn\n|\n|-weather|none\n|-damage|p2a: Bricked Up|59\/100 brn|[from] brn\n|upkeep\n|turn|12\n|\n|t:|1700211765\n|move|p2a: Bricked Up|Drain Punch|p1a: Guh\n|-supereffective|p1a: Guh\n|-damage|p1a: Guh|14\/100\n|-heal|p2a: Bricked Up|76\/100 brn|[from] drain|[of] p1a: Guh\n|move|p1a: Guh|Body Press|p2a: Bricked Up\n|-damage|p2a: Bricked Up|44\/100 brn\n|\n|-damage|p2a: Bricked Up|38\/100 brn|[from] brn\n|upkeep\n|turn|13\n|\n|t:|1700211777\n|move|p2a: Bricked Up|Drain Punch|p1a: Guh\n|-supereffective|p1a: Guh\n|-damage|p1a: Guh|0 fnt\n|-heal|p2a: Bricked Up|43\/100 brn|[from] drain|[of] p1a: Guh\n|faint|p1a: Guh\n|\n|-damage|p2a: Bricked Up|37\/100 brn|[from] brn\n|upkeep\n|\n|t:|1700211791\n|switch|p1a: Austin|Espathra, M|100\/100\n|turn|14\n|\n|t:|1700211842\n|switch|p2a: Gummy|Reuniclus, M|100\/100\n|move|p1a: Austin|Calm Mind|p1a: Austin\n|-boost|p1a: Austin|spa|1\n|-boost|p1a: Austin|spd|1\n|\n|-ability|p1a: Austin|Speed Boost|boost\n|-boost|p1a: Austin|spe|1\n|upkeep\n|turn|15\n|\n|t:|1700211869\n|switch|p1a: Andre|Gholdengo|100\/100\n|move|p2a: Gummy|Trick Room|p2a: Gummy\n|-fieldstart|move: Trick Room|[of] p2a: Gummy\n|\n|upkeep\n|turn|16\n|\n|t:|1700211876\n|move|p2a: Gummy|Shadow Ball|p1a: Andre\n|-supereffective|p1a: Andre\n|-damage|p1a: Andre|58\/100\n|-unboost|p1a: Andre|spd|1\n|-damage|p2a: Gummy|91\/100|[from] item: Life Orb\n|move|p1a: Andre|Shadow Ball|p2a: Gummy\n|-supereffective|p2a: Gummy\n|-damage|p2a: Gummy|8\/100\n|-unboost|p2a: Gummy|spd|1\n|\n|upkeep\n|turn|17\n|\n|t:|1700211887\n|switch|p2a: Thunderstruck|Zapdos|100\/100\n|move|p1a: Andre|Shadow Ball|p2a: Thunderstruck\n|-damage|p2a: Thunderstruck|71\/100\n|-unboost|p2a: Thunderstruck|spd|1\n|\n|-heal|p2a: Thunderstruck|77\/100|[from] item: Leftovers\n|-sideend|p1: melesbro|move: Aurora Veil\n|upkeep\n|turn|18\n|\n|t:|1700211919\n|move|p2a: Thunderstruck|Heat Wave|p1a: Andre\n|-supereffective|p1a: Andre\n|-damage|p1a: Andre|0 fnt\n|faint|p1a: Andre\n|\n|-heal|p2a: Thunderstruck|83\/100|[from] item: Leftovers\n|upkeep\n|\n|t:|1700211934\n|switch|p1a: Austin|Espathra, M|100\/100\n|turn|19\n|\n|t:|1700211946\n|move|p2a: Thunderstruck|Toxic|p1a: Austin\n|-status|p1a: Austin|tox\n|move|p1a: Austin|Calm Mind|p1a: Austin\n|-boost|p1a: Austin|spa|1\n|-boost|p1a: Austin|spd|1\n|\n|-heal|p2a: Thunderstruck|89\/100|[from] item: Leftovers\n|-damage|p1a: Austin|94\/100 tox|[from] psn\n|-fieldend|move: Trick Room\n|-ability|p1a: Austin|Speed Boost|boost\n|-boost|p1a: Austin|spe|1\n|upkeep\n|turn|20\n|\n|t:|1700211959\n|move|p1a: Austin|Stored Power|p2a: Thunderstruck\n|-damage|p2a: Thunderstruck|50\/100\n|move|p2a: Thunderstruck|Roost|p2a: Thunderstruck\n|-heal|p2a: Thunderstruck|99\/100\n|-singleturn|p2a: Thunderstruck|move: Roost\n|\n|-heal|p1a: Austin|100\/100 tox|[from] item: Leftovers\n|-heal|p2a: Thunderstruck|100\/100|[from] item: Leftovers\n|-damage|p1a: Austin|88\/100 tox|[from] psn\n|-ability|p1a: Austin|Speed Boost|boost\n|-boost|p1a: Austin|spe|1\n|upkeep\n|turn|21\n|\n|t:|1700211971\n|move|p1a: Austin|Calm Mind|p1a: Austin\n|-boost|p1a: Austin|spa|1\n|-boost|p1a: Austin|spd|1\n|move|p2a: Thunderstruck|Roost||[still]\n|-fail|p2a: Thunderstruck|heal\n|\n|-heal|p1a: Austin|94\/100 tox|[from] item: Leftovers\n|-damage|p1a: Austin|76\/100 tox|[from] psn\n|-ability|p1a: Austin|Speed Boost|boost\n|-boost|p1a: Austin|spe|1\n|upkeep\n|turn|22\n|\n|t:|1700211981\n|move|p1a: Austin|Stored Power|p2a: Thunderstruck\n|-damage|p2a: Thunderstruck|0 fnt\n|faint|p2a: Thunderstruck\n|\n|-heal|p1a: Austin|82\/100 tox|[from] item: Leftovers\n|-damage|p1a: Austin|57\/100 tox|[from] psn\n|-ability|p1a: Austin|Speed Boost|boost\n|-boost|p1a: Austin|spe|1\n|upkeep\n|\n|t:|1700211999\n|switch|p2a: Taxi|Clefable, M|43\/100\n|turn|23\n|\n|t:|1700212004\n|move|p1a: Austin|Stored Power|p2a: Taxi\n|-damage|p2a: Taxi|0 fnt\n|faint|p2a: Taxi\n|\n|-heal|p1a: Austin|63\/100 tox|[from] item: Leftovers\n|-damage|p1a: Austin|32\/100 tox|[from] psn\n|-ability|p1a: Austin|Speed Boost|boost\n|-boost|p1a: Austin|spe|1\n|upkeep\n|\n|t:|1700212015\n|switch|p2a: Gummy|Reuniclus, M|41\/100\n|turn|24\n|\n|t:|1700212018\n|move|p1a: Austin|Stored Power|p2a: Gummy\n|-resisted|p2a: Gummy\n|-damage|p2a: Gummy|0 fnt\n|faint|p2a: Gummy\n|\n|-heal|p1a: Austin|38\/100 tox|[from] item: Leftovers\n|-damage|p1a: Austin|1\/100 tox|[from] psn\n|-ability|p1a: Austin|Speed Boost|boost\n|-boost|p1a: Austin|spe|1\n|upkeep\n|\n|t:|1700212021\n|switch|p2a: Bricked Up|Conkeldurr, M, tera:Fighting|37\/100 brn\n|turn|25\n|\n|t:|1700212027\n|move|p2a: Bricked Up|Mach Punch|p1a: Austin\n|-resisted|p1a: Austin\n|-damage|p1a: Austin|0 fnt\n|faint|p1a: Austin\n|\n|-damage|p2a: Bricked Up|31\/100 brn|[from] brn\n|upkeep\n|\n|t:|1700212033\n|switch|p1a: Baby|Volcarona, F|100\/100\n|turn|26\n|\n|t:|1700212039\n|move|p2a: Bricked Up|Mach Punch|p1a: Baby\n|-resisted|p1a: Baby\n|-damage|p1a: Baby|62\/100\n|move|p1a: Baby|Quiver Dance|p1a: Baby\n|-boost|p1a: Baby|spa|1\n|-boost|p1a: Baby|spd|1\n|-boost|p1a: Baby|spe|1\n|\n|-damage|p2a: Bricked Up|25\/100 brn|[from] brn\n|upkeep\n|turn|27\n|\n|t:|1700212055\n|move|p2a: Bricked Up|Mach Punch|p1a: Baby\n|-resisted|p1a: Baby\n|-damage|p1a: Baby|24\/100\n|move|p1a: Baby|Giga Drain|p2a: Bricked Up\n|-damage|p2a: Bricked Up|0 fnt\n|-heal|p1a: Baby|41\/100|[from] drain|[of] p2a: Bricked Up\n|faint|p2a: Bricked Up\n|\n|upkeep\n|\n|t:|1700212062\n|switch|p2a: TJ Cream|Latios, M|100\/100\n|turn|28\n|\n|t:|1700212084\n|move|p1a: Baby|Hurricane|p2a: TJ Cream\n|-crit|p2a: TJ Cream\n|-damage|p2a: TJ Cream|6\/100\n|-start|p2a: TJ Cream|confusion\n|-activate|p2a: TJ Cream|confusion\n|move|p2a: TJ Cream|Draco Meteor|p1a: Baby\n|-damage|p1a: Baby|0 fnt\n|-unboost|p2a: TJ Cream|spa|2\n|faint|p1a: Baby\n|\n|win|NoMrDrops\n|l| Wally Nix\n|l|\u2606melesbro\n","uploadtime":1700212132,"views":8,"p1id":"melesbro","p2id":"nomrdrops","formatid":"gen9nationaldexubers","rating":0,"private":0,"password":""}