{"id":"gen9nationaldexubers-1987404977","p1":"coral4","p2":"ThatOneUnfunnyGuy","format":"[Gen 9] National Dex Ubers","log":"|j|\u2606coral4\n|j|\u2606ThatOneUnfunnyGuy\n|t:|1699587038\n|gametype|singles\n|player|p1|coral4|wallace|\n|player|p2|ThatOneUnfunnyGuy|ethan|\n|teamsize|p1|6\n|teamsize|p2|6\n|gen|9\n|tier|[Gen 9] National Dex Ubers\n|rule|HP Percentage Mod: HP is shown in percentages\n|rule|Endless Battle Clause: Forcing endless battles is banned\n|rule|OHKO Clause: OHKO moves are banned\n|rule|Evasion Moves Clause: Evasion moves are banned\n|rule|Evasion Items Clause: Evasion items are banned\n|rule|Species Clause: Limit one of each Pok\u00e9mon\n|rule|Sleep Clause Mod: Limit one foe put to sleep\n|rule|Mega Rayquaza Clause: You cannot mega evolve Rayquaza\n|clearpoke\n|poke|p1|Palafin, F|\n|poke|p1|Ogerpon-Hearthflame, F|\n|poke|p1|Chien-Pao|\n|poke|p1|Flutter Mane|\n|poke|p1|Regieleki|\n|poke|p1|Urshifu-*, M|\n|poke|p2|Great Tusk|\n|poke|p2|Hatterene, F|\n|poke|p2|Iron Moth|\n|poke|p2|Iron Valiant|\n|poke|p2|Corviknight, M|\n|poke|p2|Dragonite, M|\n|teampreview\n|\n|t:|1699587050\n|start\n|switch|p1a: Regieleki|Regieleki|100\/100\n|switch|p2a: Corviknight|Corviknight, M|100\/100\n|-ability|p2a: Corviknight|Pressure\n|turn|1\n|\n|t:|1699587060\n|move|p1a: Regieleki|Reflect|p1a: Regieleki\n|-sidestart|p1: coral4|Reflect\n|move|p2a: Corviknight|U-turn|p1a: Regieleki\n|-damage|p1a: Regieleki|88\/100\n|\n|t:|1699587065\n|switch|p2a: Great Tusk|Great Tusk|100\/100|[from] U-turn\n|\n|upkeep\n|turn|2\n|\n|t:|1699587073\n|move|p1a: Regieleki|Light Screen|p1a: Regieleki\n|-sidestart|p1: coral4|move: Light Screen\n|move|p2a: Great Tusk|Earthquake|p1a: Regieleki\n|-supereffective|p1a: Regieleki\n|-damage|p1a: Regieleki|21\/100\n|\n|upkeep\n|turn|3\n|\n|t:|1699587087\n|move|p1a: Regieleki|Rapid Spin|p2a: Great Tusk\n|-damage|p2a: Great Tusk|95\/100\n|-boost|p1a: Regieleki|spe|1\n|move|p2a: Great Tusk|Earthquake|p1a: Regieleki\n|-supereffective|p1a: Regieleki\n|-damage|p1a: Regieleki|0 fnt\n|faint|p1a: Regieleki\n|\n|-heal|p2a: Great Tusk|100\/100|[from] item: Leftovers\n|upkeep\n|\n|t:|1699587096\n|switch|p1a: You Need a Hero?|Palafin, F|100\/100\n|turn|4\n|\n|t:|1699587110\n|-end|p2a: Great Tusk|Protosynthesis|[silent]\n|switch|p2a: Corviknight|Corviknight, M|100\/100\n|-ability|p2a: Corviknight|Pressure\n|move|p1a: You Need a Hero?|Flip Turn|p2a: Corviknight\n|-damage|p2a: Corviknight|79\/100\n|\n|t:|1699587118\n|detailschange|p1a: You Need a Hero?|Palafin-Hero, F\n|switch|p1a: Ogerpon|Ogerpon-Hearthflame, F|100\/100|[from] Flip Turn\n|-ability|p1a: Ogerpon|Mold Breaker\n|\n|-heal|p2a: Corviknight|85\/100|[from] item: Leftovers\n|upkeep\n|turn|5\n|\n|t:|1699587129\n|move|p1a: Ogerpon|Ivy Cudgel|p2a: Corviknight\n|-supereffective|p2a: Corviknight\n|-damage|p2a: Corviknight|15\/100\n|move|p2a: Corviknight|U-turn|p1a: Ogerpon\n|-damage|p1a: Ogerpon|91\/100\n|\n|t:|1699587135\n|switch|p2a: Great Tusk|Great Tusk|100\/100|[from] U-turn\n|\n|upkeep\n|turn|6\n|\n|t:|1699587145\n|-terastallize|p2a: Great Tusk|Water\n|move|p1a: Ogerpon|Power Whip|p2a: Great Tusk|[miss]\n|-miss|p1a: Ogerpon|p2a: Great Tusk\n|move|p2a: Great Tusk|Earthquake|p1a: Ogerpon\n|-damage|p1a: Ogerpon|60\/100\n|\n|upkeep\n|turn|7\n|\n|t:|1699587155\n|move|p1a: Ogerpon|Trailblaze|p2a: Great Tusk\n|-supereffective|p2a: Great Tusk\n|-damage|p2a: Great Tusk|73\/100\n|-boost|p1a: Ogerpon|spe|1\n|move|p2a: Great Tusk|Earthquake|p1a: Ogerpon\n|-damage|p1a: Ogerpon|31\/100\n|\n|-heal|p2a: Great Tusk|79\/100|[from] item: Leftovers\n|upkeep\n|turn|8\n|\n|t:|1699587173\n|move|p1a: Ogerpon|Power Whip|p2a: Great Tusk\n|-supereffective|p2a: Great Tusk\n|-damage|p2a: Great Tusk|10\/100\n|move|p2a: Great Tusk|Earthquake|p1a: Ogerpon\n|-damage|p1a: Ogerpon|4\/100\n|\n|-heal|p2a: Great Tusk|16\/100|[from] item: Leftovers\n|-sideend|p1: coral4|Reflect\n|upkeep\n|turn|9\n|\n|t:|1699587187\n|-end|p2a: Great Tusk|Protosynthesis|[silent]\n|switch|p2a: Iron Moth|Iron Moth|100\/100\n|-enditem|p2a: Iron Moth|Booster Energy\n|-activate|p2a: Iron Moth|ability: Quark Drive|[fromitem]\n|-start|p2a: Iron Moth|quarkdrivespe\n|move|p1a: Ogerpon|Trailblaze|p2a: Iron Moth\n|-resisted|p2a: Iron Moth\n|-damage|p2a: Iron Moth|90\/100\n|-boost|p1a: Ogerpon|spe|1\n|\n|-sideend|p1: coral4|move: Light Screen\n|upkeep\n|turn|10\n|\n|t:|1699587199\n|move|p1a: Ogerpon|Ivy Cudgel|p2a: Iron Moth\n|-resisted|p2a: Iron Moth\n|-crit|p2a: Iron Moth\n|-damage|p2a: Iron Moth|23\/100\n|move|p2a: Iron Moth|Sludge Wave|p1a: Ogerpon\n|-supereffective|p1a: Ogerpon\n|-damage|p1a: Ogerpon|0 fnt\n|faint|p1a: Ogerpon\n|\n|upkeep\n|\n|t:|1699587212\n|switch|p1a: You Need a Hero?|Palafin-Hero, F|100\/100\n|-activate|p1a: You Need a Hero?|ability: Zero to Hero\n|turn|11\n|\n|t:|1699587220\n|move|p1a: You Need a Hero?|Jet Punch|p2a: Iron Moth\n|-supereffective|p2a: Iron Moth\n|-damage|p2a: Iron Moth|0 fnt\n|faint|p2a: Iron Moth\n|-end|p2a: Iron Moth|Quark Drive|[silent]\n|\n|upkeep\n|\n|t:|1699587227\n|switch|p2a: Dragonite|Dragonite, M|100\/100\n|turn|12\n|\n|t:|1699587233\n|move|p1a: You Need a Hero?|Jet Punch|p2a: Dragonite\n|-resisted|p2a: Dragonite\n|-damage|p2a: Dragonite|84\/100\n|move|p2a: Dragonite|Dragon Dance|p2a: Dragonite\n|-boost|p2a: Dragonite|atk|1\n|-boost|p2a: Dragonite|spe|1\n|\n|upkeep\n|turn|13\n|\n|t:|1699587242\n|switch|p1a: Flutter Mane|Flutter Mane|100\/100\n|move|p2a: Dragonite|Dragon Dance|p2a: Dragonite\n|-boost|p2a: Dragonite|atk|1\n|-boost|p2a: Dragonite|spe|1\n|\n|upkeep\n|turn|14\n|\n|t:|1699587249\n|move|p2a: Dragonite|Fire Punch|p1a: Flutter Mane\n|-damage|p1a: Flutter Mane|0 fnt\n|faint|p1a: Flutter Mane\n|-end|p1a: Flutter Mane|Protosynthesis|[silent]\n|\n|upkeep\n|\n|t:|1699587260\n|switch|p1a: Chien-Pao|Chien-Pao|100\/100\n|-ability|p1a: Chien-Pao|Sword of Ruin\n|turn|15\n|\n|t:|1699587267\n|move|p1a: Chien-Pao|Sucker Punch|p2a: Dragonite\n|-damage|p2a: Dragonite|31\/100\n|move|p2a: Dragonite|Fire Punch|p1a: Chien-Pao\n|-supereffective|p1a: Chien-Pao\n|-damage|p1a: Chien-Pao|0 fnt\n|faint|p1a: Chien-Pao\n|\n|upkeep\n|\n|t:|1699587275\n|switch|p1a: Urshifu|Urshifu, M|100\/100\n|turn|16\n|\n|t:|1699587288\n|move|p1a: Urshifu|Sucker Punch|p2a: Dragonite\n|-damage|p2a: Dragonite|0 fnt\n|faint|p2a: Dragonite\n|\n|upkeep\n|\n|t:|1699587291\n|switch|p2a: Corviknight|Corviknight, M|15\/100\n|-ability|p2a: Corviknight|Pressure\n|turn|17\n|\n|t:|1699587297\n|move|p1a: Urshifu|Sucker Punch||[still]\n|-fail|p1a: Urshifu\n|move|p2a: Corviknight|Roost|p2a: Corviknight\n|-heal|p2a: Corviknight|65\/100\n|-singleturn|p2a: Corviknight|move: Roost\n|\n|-heal|p2a: Corviknight|71\/100|[from] item: Leftovers\n|upkeep\n|turn|18\n|\n|t:|1699587307\n|switch|p1a: You Need a Hero?|Palafin-Hero, F|100\/100\n|move|p2a: Corviknight|Brave Bird|p1a: You Need a Hero?\n|-damage|p1a: You Need a Hero?|62\/100\n|-damage|p2a: Corviknight|60\/100|[from] Recoil\n|\n|-heal|p2a: Corviknight|66\/100|[from] item: Leftovers\n|upkeep\n|turn|19\n|\n|t:|1699587319\n|move|p1a: You Need a Hero?|Close Combat|p2a: Corviknight\n|-damage|p2a: Corviknight|17\/100\n|-unboost|p1a: You Need a Hero?|def|1\n|-unboost|p1a: You Need a Hero?|spd|1\n|move|p2a: Corviknight|U-turn|p1a: You Need a Hero?\n|-damage|p1a: You Need a Hero?|38\/100\n|\n|t:|1699587332\n|switch|p2a: Iron Valiant|Iron Valiant|100\/100|[from] U-turn\n|-enditem|p2a: Iron Valiant|Booster Energy\n|-activate|p2a: Iron Valiant|ability: Quark Drive|[fromitem]\n|-start|p2a: Iron Valiant|quarkdrivespe\n|\n|upkeep\n|turn|20\n|\n|t:|1699587344\n|switch|p1a: Urshifu|Urshifu, M|100\/100\n|move|p2a: Iron Valiant|Encore||[still]\n|-fail|p2a: Iron Valiant\n|\n|upkeep\n|turn|21\n|\n|t:|1699587362\n|move|p2a: Iron Valiant|Swords Dance|p2a: Iron Valiant\n|-boost|p2a: Iron Valiant|atk|2\n|move|p1a: Urshifu|Wicked Blow|p2a: Iron Valiant\n|-resisted|p2a: Iron Valiant\n|-crit|p2a: Iron Valiant\n|-damage|p2a: Iron Valiant|67\/100\n|\n|upkeep\n|turn|22\n|\n|t:|1699587371\n|move|p2a: Iron Valiant|Swords Dance|p2a: Iron Valiant\n|-boost|p2a: Iron Valiant|atk|2\n|move|p1a: Urshifu|Wicked Blow|p2a: Iron Valiant\n|-resisted|p2a: Iron Valiant\n|-crit|p2a: Iron Valiant\n|-damage|p2a: Iron Valiant|35\/100\n|\n|upkeep\n|turn|23\n|\n|t:|1699587382\n|move|p2a: Iron Valiant|Close Combat|p1a: Urshifu\n|-supereffective|p1a: Urshifu\n|-damage|p1a: Urshifu|0 fnt\n|-unboost|p2a: Iron Valiant|def|1\n|-unboost|p2a: Iron Valiant|spd|1\n|faint|p1a: Urshifu\n|\n|upkeep\n|\n|t:|1699587389\n|switch|p1a: You Need a Hero?|Palafin-Hero, F|38\/100\n|turn|24\n|\n|t:|1699587393\n|move|p1a: You Need a Hero?|Jet Punch|p2a: Iron Valiant\n|-damage|p2a: Iron Valiant|0 fnt\n|faint|p2a: Iron Valiant\n|-end|p2a: Iron Valiant|Quark Drive|[silent]\n|\n|upkeep\n|\n|t:|1699587398\n|switch|p2a: Hatterene|Hatterene, F|100\/100\n|turn|25\n|\n|t:|1699587402\n|-terastallize|p1a: You Need a Hero?|Water\n|move|p1a: You Need a Hero?|Jet Punch|p2a: Hatterene\n|-damage|p2a: Hatterene|35\/100\n|move|p2a: Hatterene|Psyshock|p1a: You Need a Hero?\n|-damage|p1a: You Need a Hero?|0 fnt\n|faint|p1a: You Need a Hero?\n|\n|win|ThatOneUnfunnyGuy\n|l|\u2606coral4\n","uploadtime":1699587425,"views":5,"p1id":"coral4","p2id":"thatoneunfunnyguy","formatid":"gen9nationaldexubers","rating":0,"private":0,"password":""}