{"id":"gen9nationaldexubers-2000577069","p1":"JJEAN011","p2":"KJ.nyc","format":"[Gen 9] National Dex Ubers","log":"|j|\u2606JJEAN011\n|j|\u2606KJ.nyc\n|t:|1701206950\n|gametype|singles\n|player|p1|JJEAN011|hoopster|1186\n|player|p2|KJ.nyc|hilbert|1206\n|teamsize|p1|6\n|teamsize|p2|6\n|gen|9\n|tier|[Gen 9] National Dex Ubers\n|rated|\n|rule|HP Percentage Mod: HP is shown in percentages\n|rule|Endless Battle Clause: Forcing endless battles is banned\n|rule|OHKO Clause: OHKO moves are banned\n|rule|Evasion Moves Clause: Evasion moves are banned\n|rule|Evasion Items Clause: Evasion items are banned\n|rule|Species Clause: Limit one of each Pok\u00e9mon\n|rule|Sleep Clause Mod: Limit one foe put to sleep\n|rule|Mega Rayquaza Clause: You cannot mega evolve Rayquaza\n|clearpoke\n|poke|p1|Ceruledge, M|\n|poke|p1|Armarouge, M|\n|poke|p1|Scizor, F|\n|poke|p1|Bisharp, F|\n|poke|p1|Annihilape, M|\n|poke|p1|Gallade, M|\n|poke|p2|Pikachu, M|\n|poke|p2|Dragonite, F|\n|poke|p2|Gengar, M|\n|poke|p2|Lucario, M|\n|poke|p2|Sirfetch\u2019d, M|\n|poke|p2|Dracovish|\n|teampreview\n|c|\u2606KJ.nyc|glhf\n|inactive|Battle timer is ON: inactive players will automatically lose when time's up. (requested by KJ.nyc)\n|inactive|JJEAN011 has 120 seconds left.\n|inactive|JJEAN011 has 90 seconds left.\n|\n|t:|1701207016\n|start\n|switch|p1a: Ceruledge|Ceruledge, M|100\/100\n|switch|p2a: Dracovish|Dracovish|100\/100\n|turn|1\n|\n|t:|1701207040\n|move|p1a: Ceruledge|Shadow Sneak|p2a: Dracovish\n|-damage|p2a: Dracovish|78\/100\n|move|p2a: Dracovish|Fishious Rend|p1a: Ceruledge\n|-supereffective|p1a: Ceruledge\n|-damage|p1a: Ceruledge|0 fnt\n|faint|p1a: Ceruledge\n|\n|upkeep\n|\n|t:|1701207046\n|switch|p1a: Gallade|Gallade, M|100\/100\n|turn|2\n|\n|t:|1701207055\n|move|p1a: Gallade|Psycho Cut|p2a: Dracovish\n|-damage|p2a: Dracovish|29\/100\n|move|p2a: Dracovish|Fishious Rend|p1a: Gallade\n|-enditem|p1a: Gallade|Focus Sash\n|-damage|p1a: Gallade|1\/100\n|\n|upkeep\n|turn|3\n|\n|t:|1701207065\n|move|p1a: Gallade|Psycho Cut|p2a: Dracovish\n|-damage|p2a: Dracovish|0 fnt\n|faint|p2a: Dracovish\n|\n|upkeep\n|\n|t:|1701207067\n|switch|p2a: Pikachu|Pikachu, M|100\/100\n|turn|4\n|\n|t:|1701207090\n|switch|p1a: Annihilape|Annihilape, M|100\/100\n|move|p2a: Pikachu|Quick Attack|p1a: Annihilape\n|-immune|p1a: Annihilape\n|\n|upkeep\n|turn|5\n|\n|t:|1701207104\n|move|p2a: Pikachu|Volt Tackle|p1a: Annihilape\n|-damage|p1a: Annihilape|47\/100\n|-damage|p2a: Pikachu|70\/100|[from] Recoil\n|move|p1a: Annihilape|Drain Punch|p2a: Pikachu\n|-damage|p2a: Pikachu|0 fnt\n|-heal|p1a: Annihilape|68\/100|[from] drain|[of] p2a: Pikachu\n|faint|p2a: Pikachu\n|\n|-heal|p1a: Annihilape|74\/100|[from] item: Leftovers\n|upkeep\n|\n|t:|1701207111\n|switch|p2a: Dragonite|Dragonite, F|100\/100\n|turn|6\n|\n|t:|1701207125\n|switch|p1a: Armarouge|Armarouge, M|100\/100\n|move|p2a: Dragonite|Hurricane|p1a: Armarouge\n|-damage|p1a: Armarouge|68\/100\n|\n|upkeep\n|turn|7\n|\n|t:|1701207135\n|move|p2a: Dragonite|Dragon Dance|p2a: Dragonite\n|-boost|p2a: Dragonite|atk|1\n|-boost|p2a: Dragonite|spe|1\n|move|p1a: Armarouge|Psychic|p2a: Dragonite\n|-damage|p2a: Dragonite|74\/100\n|\n|-heal|p2a: Dragonite|80\/100|[from] item: Leftovers\n|upkeep\n|turn|8\n|\n|t:|1701207142\n|move|p2a: Dragonite|Dragon Claw|p1a: Armarouge\n|-damage|p1a: Armarouge|9\/100\n|-ability|p1a: Armarouge|Weak Armor|boost\n|-unboost|p1a: Armarouge|def|1\n|-boost|p1a: Armarouge|spe|2\n|move|p1a: Armarouge|Psychic|p2a: Dragonite\n|-damage|p2a: Dragonite|32\/100\n|-unboost|p2a: Dragonite|spd|1\n|\n|-heal|p2a: Dragonite|38\/100|[from] item: Leftovers\n|upkeep\n|turn|9\n|\n|t:|1701207153\n|move|p1a: Armarouge|Psychic|p2a: Dragonite\n|-damage|p2a: Dragonite|0 fnt\n|faint|p2a: Dragonite\n|\n|upkeep\n|\n|t:|1701207156\n|switch|p2a: Sirfetch\u2019d|Sirfetch\u2019d, M|100\/100\n|turn|10\n|\n|t:|1701207176\n|move|p2a: Sirfetch\u2019d|First Impression|p1a: Armarouge\n|-crit|p1a: Armarouge\n|-damage|p1a: Armarouge|0 fnt\n|faint|p1a: Armarouge\n|\n|upkeep\n|\n|t:|1701207189\n|switch|p1a: Gallade|Gallade, M|1\/100\n|turn|11\n|\n|t:|1701207199\n|-terastallize|p2a: Sirfetch\u2019d|Steel\n|move|p1a: Gallade|Destiny Bond|p1a: Gallade\n|-singlemove|p1a: Gallade|Destiny Bond\n|move|p2a: Sirfetch\u2019d|Night Slash|p1a: Gallade\n|-crit|p1a: Gallade\n|-damage|p1a: Gallade|0 fnt\n|faint|p1a: Gallade\n|-activate|p1a: Gallade|move: Destiny Bond\n|faint|p2a: Sirfetch\u2019d\n|\n|upkeep\n|\n|t:|1701207219\n|switch|p1a: Scizor|Scizor, F|100\/100\n|switch|p2a: Gengar|Gengar, M|100\/100\n|turn|12\n|\n|t:|1701207225\n|switch|p2a: Lucario|Lucario, M|100\/100\n|move|p1a: Scizor|Bullet Punch|p2a: Lucario\n|-resisted|p2a: Lucario\n|-damage|p2a: Lucario|70\/100\n|\n|upkeep\n|turn|13\n|\n|t:|1701207233\n|detailschange|p2a: Lucario|Lucario-Mega, M\n|-mega|p2a: Lucario|Lucario|Lucarionite\n|move|p2a: Lucario|Aura Sphere|p1a: Scizor\n|-damage|p1a: Scizor|31\/100\n|move|p1a: Scizor|Bug Bite|p2a: Lucario\n|-resisted|p2a: Lucario\n|-crit|p2a: Lucario\n|-damage|p2a: Lucario|40\/100\n|\n|upkeep\n|turn|14\n|\n|t:|1701207238\n|detailschange|p1a: Scizor|Scizor-Mega, F\n|-mega|p1a: Scizor|Scizor|Scizorite\n|move|p1a: Scizor|Bullet Punch|p2a: Lucario\n|-resisted|p2a: Lucario\n|-damage|p2a: Lucario|10\/100\n|move|p2a: Lucario|Stone Edge|p1a: Scizor\n|-damage|p1a: Scizor|0 fnt\n|faint|p1a: Scizor\n|\n|upkeep\n|\n|t:|1701207251\n|switch|p1a: Bisharp|Bisharp, F|100\/100\n|turn|15\n|\n|t:|1701207253\n|-terastallize|p1a: Bisharp|Fairy\n|move|p2a: Lucario|Aura Sphere|p1a: Bisharp\n|-resisted|p1a: Bisharp\n|-damage|p1a: Bisharp|77\/100\n|move|p1a: Bisharp|Power-Up Punch|p2a: Lucario\n|-supereffective|p2a: Lucario\n|-damage|p2a: Lucario|0 fnt\n|-boost|p1a: Bisharp|atk|1\n|faint|p2a: Lucario\n|\n|upkeep\n|\n|t:|1701207257\n|switch|p2a: Gengar|Gengar, M|100\/100\n|turn|16\n|\n|t:|1701207267\n|move|p1a: Bisharp|Sucker Punch|p2a: Gengar\n|-supereffective|p2a: Gengar\n|-enditem|p2a: Gengar|Focus Sash\n|-damage|p2a: Gengar|1\/100\n|-start|p1a: Bisharp|Disable|Sucker Punch|[from] ability: Cursed Body|[of] p2a: Gengar\n|move|p2a: Gengar|Sludge Bomb|p1a: Bisharp\n|-supereffective|p1a: Bisharp\n|-damage|p1a: Bisharp|0 fnt\n|faint|p1a: Bisharp\n|\n|upkeep\n|\n|t:|1701207275\n|switch|p1a: Annihilape|Annihilape, M|74\/100\n|turn|17\n|\n|t:|1701207281\n|move|p2a: Gengar|Shadow Ball|p1a: Annihilape\n|-supereffective|p1a: Annihilape\n|-damage|p1a: Annihilape|0 fnt\n|faint|p1a: Annihilape\n|\n|win|KJ.nyc\n|raw|JJEAN011's rating: 1186 &rarr; <strong>1162<\/strong><br \/>(-24 for losing)\n|raw|KJ.nyc's rating: 1206 &rarr; <strong>1230<\/strong><br \/>(+24 for winning)\n|l|\u2606JJEAN011\n|c|\u2606KJ.nyc|gg\n","uploadtime":1701207287,"views":0,"p1id":"jjean011","p2id":"kjnyc","formatid":"gen9nationaldexubers","rating":1162,"private":0,"password":""}