{"id":"gen9nationaldexubers-1991796067","p1":"6th impostor","p2":"KingoftheTitans","format":"[Gen 9] National Dex Ubers","log":"|j|\u26066th impostor\n|j|\u2606KingoftheTitans\n|t:|1700118944\n|gametype|singles\n|player|p1|6th impostor|palmer|1167\n|player|p2|KingoftheTitans|265|1203\n|teamsize|p1|6\n|teamsize|p2|6\n|gen|9\n|tier|[Gen 9] National Dex Ubers\n|rated|\n|rule|HP Percentage Mod: HP is shown in percentages\n|rule|Endless Battle Clause: Forcing endless battles is banned\n|rule|OHKO Clause: OHKO moves are banned\n|rule|Evasion Moves Clause: Evasion moves are banned\n|rule|Evasion Items Clause: Evasion items are banned\n|rule|Species Clause: Limit one of each Pok\u00e9mon\n|rule|Sleep Clause Mod: Limit one foe put to sleep\n|rule|Mega Rayquaza Clause: You cannot mega evolve Rayquaza\n|clearpoke\n|poke|p1|Blaziken, M|\n|poke|p1|Empoleon, F|\n|poke|p1|Zapdos|\n|poke|p1|Lugia|\n|poke|p1|Iron Bundle|\n|poke|p1|Espathra, F|\n|poke|p2|Charizard, M|\n|poke|p2|Greninja-*, M|\n|poke|p2|Serperior, F|\n|poke|p2|Tyranitar, M|\n|poke|p2|Excadrill, M|\n|poke|p2|Dracozolt|\n|teampreview\n|\n|t:|1700118952\n|start\n|switch|p1a: Espathra|Espathra, F|100\/100\n|switch|p2a: Tyranitar|Tyranitar, M|100\/100\n|-weather|Sandstorm|[from] ability: Sand Stream|[of] p2a: Tyranitar\n|turn|1\n|\n|t:|1700118964\n|move|p1a: Espathra|Calm Mind|p1a: Espathra\n|-boost|p1a: Espathra|spa|1\n|-boost|p1a: Espathra|spd|1\n|move|p2a: Tyranitar|Knock Off|p1a: Espathra\n|-supereffective|p1a: Espathra\n|-damage|p1a: Espathra|0 fnt\n|-enditem|p1a: Espathra|Electric Seed|[from] move: Knock Off|[of] p2a: Tyranitar\n|faint|p1a: Espathra\n|\n|-weather|Sandstorm|[upkeep]\n|upkeep\n|\n|t:|1700118973\n|switch|p1a: Chimken|Blaziken, M|100\/100\n|turn|2\n|\n|t:|1700118980\n|detailschange|p1a: Chimken|Blaziken-Mega, M\n|-mega|p1a: Chimken|Blaziken|Blazikenite\n|-terastallize|p2a: Tyranitar|Ground\n|move|p1a: Chimken|Earthquake|p2a: Tyranitar\n|-damage|p2a: Tyranitar|68\/100\n|move|p2a: Tyranitar|Earthquake|p1a: Chimken\n|-supereffective|p1a: Chimken\n|-damage|p1a: Chimken|0 fnt\n|faint|p1a: Chimken\n|\n|-weather|Sandstorm|[upkeep]\n|upkeep\n|\n|t:|1700118992\n|switch|p1a: Robo birb|Iron Bundle|100\/100\n|turn|3\n|\n|t:|1700119000\n|move|p1a: Robo birb|Freeze-Dry|p2a: Tyranitar\n|-supereffective|p2a: Tyranitar\n|-damage|p2a: Tyranitar|0 fnt\n|faint|p2a: Tyranitar\n|\n|-weather|Sandstorm|[upkeep]\n|-damage|p1a: Robo birb|95\/100|[from] Sandstorm\n|upkeep\n|\n|t:|1700119006\n|switch|p2a: Excadrill|Excadrill, M|100\/100\n|turn|4\n|\n|t:|1700119017\n|move|p2a: Excadrill|Iron Head|p1a: Robo birb\n|-damage|p1a: Robo birb|36\/100\n|move|p1a: Robo birb|Freeze-Dry|p2a: Excadrill\n|-damage|p2a: Excadrill|28\/100\n|\n|-weather|Sandstorm|[upkeep]\n|-damage|p1a: Robo birb|30\/100|[from] Sandstorm\n|upkeep\n|turn|5\n|\n|t:|1700119028\n|move|p2a: Excadrill|Iron Head|p1a: Robo birb\n|-damage|p1a: Robo birb|0 fnt\n|faint|p1a: Robo birb\n|-end|p1a: Robo birb|Quark Drive|[silent]\n|\n|-weather|Sandstorm|[upkeep]\n|upkeep\n|\n|t:|1700119036\n|switch|p1a: Boss|Lugia|100\/100\n|turn|6\n|\n|t:|1700119042\n|move|p2a: Excadrill|Stealth Rock|p1a: Boss\n|-sidestart|p1: 6th impostor|move: Stealth Rock\n|move|p1a: Boss|Earth Power|p2a: Excadrill\n|-supereffective|p2a: Excadrill\n|-damage|p2a: Excadrill|0 fnt\n|faint|p2a: Excadrill\n|\n|-weather|Sandstorm|[upkeep]\n|-damage|p1a: Boss|94\/100|[from] Sandstorm\n|-heal|p1a: Boss|100\/100|[from] item: Leftovers\n|upkeep\n|\n|t:|1700119055\n|switch|p2a: Charizard|Charizard, M|100\/100\n|turn|7\n|\n|t:|1700119069\n|move|p1a: Boss|Aeroblast|p2a: Charizard\n|-damage|p2a: Charizard|60\/100\n|move|p2a: Charizard|Dragon Dance|p2a: Charizard\n|-boost|p2a: Charizard|atk|1\n|-boost|p2a: Charizard|spe|1\n|\n|-weather|Sandstorm|[upkeep]\n|-damage|p2a: Charizard|54\/100|[from] Sandstorm\n|-damage|p1a: Boss|94\/100|[from] Sandstorm\n|-heal|p1a: Boss|100\/100|[from] item: Leftovers\n|upkeep\n|turn|8\n|\n|t:|1700119081\n|detailschange|p2a: Charizard|Charizard-Mega-X, M\n|-mega|p2a: Charizard|Charizard|Charizardite X\n|move|p2a: Charizard|Dragon Claw|p1a: Boss\n|-damage|p1a: Boss|76\/100\n|move|p1a: Boss|Psycho Boost|p2a: Charizard\n|-damage|p2a: Charizard|0 fnt\n|-unboost|p1a: Boss|spa|2\n|faint|p2a: Charizard\n|\n|-weather|none\n|-heal|p1a: Boss|82\/100|[from] item: Leftovers\n|upkeep\n|\n|t:|1700119091\n|switch|p2a: Dracozolt|Dracozolt|100\/100\n|turn|9\n|\n|t:|1700119096\n|switch|p1a: Shocker|Zapdos|100\/100\n|-damage|p1a: Shocker|76\/100|[from] Stealth Rock\n|move|p2a: Dracozolt|Bolt Beak|p1a: Shocker\n|-damage|p1a: Shocker|0 fnt\n|faint|p1a: Shocker\n|\n|upkeep\n|\n|t:|1700119100\n|switch|p1a: Boss|Lugia|82\/100\n|-damage|p1a: Boss|57\/100|[from] Stealth Rock\n|turn|10\n|\n|t:|1700119106\n|move|p2a: Dracozolt|Bolt Beak|p1a: Boss|[miss]\n|-miss|p2a: Dracozolt|p1a: Boss\n|move|p1a: Boss|Earth Power|p2a: Dracozolt\n|-supereffective|p2a: Dracozolt\n|-damage|p2a: Dracozolt|44\/100\n|\n|-heal|p1a: Boss|63\/100|[from] item: Leftovers\n|upkeep\n|turn|11\n|\n|t:|1700119115\n|move|p2a: Dracozolt|Bolt Beak|p1a: Boss\n|-supereffective|p1a: Boss\n|-damage|p1a: Boss|0 fnt\n|faint|p1a: Boss\n|\n|upkeep\n|\n|t:|1700119118\n|switch|p1a: Penguin|Empoleon, F|100\/100\n|-damage|p1a: Penguin|94\/100|[from] Stealth Rock\n|turn|12\n|c|\u2606KingoftheTitans|gg\n|-message|6th impostor forfeited.\n|\n|win|KingoftheTitans\n|raw|6th impostor's rating: 1167 &rarr; <strong>1145<\/strong><br \/>(-22 for losing)\n|raw|KingoftheTitans's rating: 1203 &rarr; <strong>1225<\/strong><br \/>(+22 for winning)\n|l|\u26066th impostor\n","uploadtime":1700119128,"views":20,"p1id":"6thimpostor","p2id":"kingofthetitans","formatid":"gen9nationaldexubers","rating":1145,"private":0,"password":""}