{"id":"gen9nationaldexubers-1980893935","p1":"epicwashcloth69","p2":"pokenecro","format":"[Gen 9] National Dex Ubers","log":"|j|\u2606epicwashcloth69\n|j|\u2606pokenecro\n|t:|1698846685\n|gametype|singles\n|player|p1|epicwashcloth69|266|1189\n|player|p2|pokenecro|ghetsis|1088\n|teamsize|p1|6\n|teamsize|p2|6\n|gen|9\n|tier|[Gen 9] National Dex Ubers\n|rated|\n|rule|HP Percentage Mod: HP is shown in percentages\n|rule|Endless Battle Clause: Forcing endless battles is banned\n|rule|OHKO Clause: OHKO moves are banned\n|rule|Evasion Moves Clause: Evasion moves are banned\n|rule|Evasion Items Clause: Evasion items are banned\n|rule|Species Clause: Limit one of each Pok\u00e9mon\n|rule|Sleep Clause Mod: Limit one foe put to sleep\n|rule|Mega Rayquaza Clause: You cannot mega evolve Rayquaza\n|clearpoke\n|poke|p1|Araquanid, M|\n|poke|p1|Houndoom, M|\n|poke|p1|Exeggutor-Alola, M|\n|poke|p1|Groudon|\n|poke|p1|Regieleki|\n|poke|p1|Ho-Oh|\n|poke|p2|Aerodactyl, M|\n|poke|p2|Dracovish|\n|poke|p2|Aurorus, F|\n|poke|p2|Armaldo, M|\n|poke|p2|Cradily, F|\n|poke|p2|Kabutops, F|\n|teampreview\n|inactive|Battle timer is ON: inactive players will automatically lose when time's up. (requested by pokenecro)\n|\n|t:|1698846692\n|start\n|switch|p1a: Regieleki|Regieleki|100\/100\n|switch|p2a: Cradily|Cradily, F, shiny|100\/100\n|turn|1\n|\n|t:|1698846701\n|move|p1a: Regieleki|Volt Switch|p2a: Cradily\n|-resisted|p2a: Cradily\n|-damage|p2a: Cradily|88\/100\n|\n|t:|1698846704\n|switch|p1a: Groudon|Groudon|100\/100|[from] Volt Switch\n|-weather|SunnyDay|[from] ability: Drought|[of] p1a: Groudon\n|move|p2a: Cradily|Leech Seed|p1a: Groudon\n|-start|p1a: Groudon|move: Leech Seed\n|\n|-weather|SunnyDay|[upkeep]\n|-heal|p2a: Cradily|94\/100|[from] item: Leftovers\n|-damage|p1a: Groudon|88\/100|[from] Leech Seed|[of] p2a: Cradily\n|-heal|p2a: Cradily|100\/100|[silent]\n|upkeep\n|turn|2\n|\n|t:|1698846719\n|switch|p1a: Exeggutor|Exeggutor-Alola, M|100\/100\n|move|p2a: Cradily|Stealth Rock|p1a: Exeggutor\n|-sidestart|p1: epicwashcloth69|move: Stealth Rock\n|\n|-weather|SunnyDay|[upkeep]\n|upkeep\n|turn|3\n|\n|t:|1698846728\n|move|p1a: Exeggutor|Solar Beam||[still]\n|-prepare|p1a: Exeggutor|Solar Beam\n|-anim|p1a: Exeggutor|Solar Beam|p2a: Cradily\n|-damage|p2a: Cradily|58\/100\n|move|p2a: Cradily|Toxic|p1a: Exeggutor\n|-status|p1a: Exeggutor|tox\n|\n|-weather|SunnyDay|[upkeep]\n|-heal|p2a: Cradily|64\/100|[from] item: Leftovers\n|-damage|p1a: Exeggutor|94\/100 tox|[from] psn\n|upkeep\n|turn|4\n|\n|t:|1698846739\n|move|p2a: Cradily|Protect|p2a: Cradily\n|-singleturn|p2a: Cradily|Protect\n|move|p1a: Exeggutor|Solar Beam||[still]\n|-prepare|p1a: Exeggutor|Solar Beam\n|-anim|p1a: Exeggutor|Solar Beam|p2a: Cradily\n|-activate|p2a: Cradily|move: Protect\n|\n|-weather|SunnyDay|[upkeep]\n|-heal|p2a: Cradily|70\/100|[from] item: Leftovers\n|-damage|p1a: Exeggutor|82\/100 tox|[from] psn\n|upkeep\n|turn|5\n|\n|t:|1698846763\n|move|p2a: Cradily|Protect||[still]\n|-fail|p2a: Cradily\n|move|p1a: Exeggutor|Solar Beam||[still]\n|-prepare|p1a: Exeggutor|Solar Beam\n|-anim|p1a: Exeggutor|Solar Beam|p2a: Cradily\n|-damage|p2a: Cradily|25\/100\n|\n|-weather|SunnyDay|[upkeep]\n|-heal|p2a: Cradily|31\/100|[from] item: Leftovers\n|-damage|p1a: Exeggutor|64\/100 tox|[from] psn\n|upkeep\n|turn|6\n|\n|t:|1698846775\n|move|p2a: Cradily|Protect|p2a: Cradily\n|-singleturn|p2a: Cradily|Protect\n|move|p1a: Exeggutor|Solar Beam||[still]\n|-prepare|p1a: Exeggutor|Solar Beam\n|-anim|p1a: Exeggutor|Solar Beam|p2a: Cradily\n|-activate|p2a: Cradily|move: Protect\n|\n|-weather|SunnyDay|[upkeep]\n|-heal|p2a: Cradily|37\/100|[from] item: Leftovers\n|-damage|p1a: Exeggutor|40\/100 tox|[from] psn\n|upkeep\n|turn|7\n|\n|t:|1698846792\n|move|p1a: Exeggutor|Solar Beam||[still]\n|-prepare|p1a: Exeggutor|Solar Beam\n|-anim|p1a: Exeggutor|Solar Beam|p2a: Cradily\n|-crit|p2a: Cradily\n|-damage|p2a: Cradily|0 fnt\n|faint|p2a: Cradily\n|\n|-weather|SunnyDay|[upkeep]\n|-damage|p1a: Exeggutor|9\/100 tox|[from] psn\n|upkeep\n|inactive|pokenecro has 120 seconds left.\n|\n|t:|1698846810\n|switch|p2a: Aurorus|Aurorus, F, shiny|100\/100\n|-weather|Snow|[from] ability: Snow Warning|[of] p2a: Aurorus\n|turn|8\n|inactive|pokenecro has 120 seconds left.\n|-enditem|p1a: Exeggutor|Custap Berry|[eat]\n|-activate|p1a: Exeggutor|item: Custap Berry|[consumed]\n|\n|t:|1698846838\n|move|p1a: Exeggutor|Draco Meteor|p2a: Aurorus\n|-damage|p2a: Aurorus|46\/100\n|-unboost|p1a: Exeggutor|spa|2\n|move|p2a: Aurorus|Aurora Veil|p2a: Aurorus\n|-sidestart|p2: pokenecro|move: Aurora Veil\n|\n|-weather|Snow|[upkeep]\n|-damage|p1a: Exeggutor|0 fnt|[from] psn\n|faint|p1a: Exeggutor\n|upkeep\n|\n|t:|1698846847\n|switch|p1a: Regieleki|Regieleki|100\/100\n|turn|9\n|\n|t:|1698846855\n|move|p1a: Regieleki|Rapid Spin|p2a: Aurorus\n|-resisted|p2a: Aurorus\n|-damage|p2a: Aurorus|44\/100\n|-boost|p1a: Regieleki|spe|1\n|-sideend|p1: epicwashcloth69|Stealth Rock|[from] move: Rapid Spin|[of] p1a: Regieleki\n|move|p2a: Aurorus|Blizzard|p1a: Regieleki\n|-damage|p1a: Regieleki|0 fnt\n|faint|p1a: Regieleki\n|\n|-weather|Snow|[upkeep]\n|upkeep\n|\n|t:|1698846859\n|switch|p1a: Groudon|Groudon|88\/100\n|-weather|SunnyDay|[from] ability: Drought|[of] p1a: Groudon\n|turn|10\n|\n|t:|1698846872\n|switch|p1a: Araquanid|Araquanid, M|100\/100\n|move|p2a: Aurorus|Blizzard|p1a: Araquanid|[miss]\n|-miss|p2a: Aurorus|p1a: Araquanid\n|\n|-weather|SunnyDay|[upkeep]\n|upkeep\n|turn|11\n|\n|t:|1698846884\n|move|p2a: Aurorus|Discharge|p1a: Araquanid\n|-supereffective|p1a: Araquanid\n|-damage|p1a: Araquanid|69\/100\n|move|p1a: Araquanid|Sticky Web|p2a: Aurorus\n|-sidestart|p2: pokenecro|move: Sticky Web\n|\n|-weather|SunnyDay|[upkeep]\n|upkeep\n|turn|12\n|\n|t:|1698846901\n|switch|p2a: Kabutops|Kabutops, F, shiny|100\/100\n|-activate|p2a: Kabutops|move: Sticky Web\n|-unboost|p2a: Kabutops|spe|1\n|move|p1a: Araquanid|Mirror Coat||[still]\n|-fail|p1a: Araquanid\n|\n|-weather|SunnyDay|[upkeep]\n|-sideend|p2: pokenecro|move: Aurora Veil\n|upkeep\n|turn|13\n|\n|t:|1698846920\n|move|p2a: Kabutops|Rock Slide|p1a: Araquanid\n|-supereffective|p1a: Araquanid\n|-damage|p1a: Araquanid|0 fnt\n|faint|p1a: Araquanid\n|\n|-weather|SunnyDay|[upkeep]\n|upkeep\n|\n|t:|1698846923\n|switch|p1a: Groudon|Groudon|88\/100\n|turn|14\n|\n|t:|1698846930\n|move|p2a: Kabutops|Endure|p2a: Kabutops\n|-singleturn|p2a: Kabutops|move: Endure\n|move|p1a: Groudon|Precipice Blades|p2a: Kabutops|[miss]\n|-miss|p1a: Groudon|p2a: Kabutops\n|\n|-weather|SunnyDay|[upkeep]\n|upkeep\n|turn|15\n|\n|t:|1698846941\n|move|p2a: Kabutops|Aqua Jet|p1a: Groudon\n|-supereffective|p1a: Groudon\n|-damage|p1a: Groudon|78\/100\n|move|p1a: Groudon|Thunder Wave|p2a: Kabutops\n|-status|p2a: Kabutops|par\n|\n|-weather|SunnyDay|[upkeep]\n|upkeep\n|turn|16\n|\n|t:|1698846951\n|move|p2a: Kabutops|Endure|p2a: Kabutops\n|-singleturn|p2a: Kabutops|move: Endure\n|move|p1a: Groudon|Dragon Tail|p2a: Kabutops\n|-damage|p2a: Kabutops|77\/100 par\n|-ability|p2a: Kabutops|Weak Armor|boost\n|-unboost|p2a: Kabutops|def|1\n|-boost|p2a: Kabutops|spe|2\n|drag|p2a: Aerodactyl|Aerodactyl, M, shiny|100\/100\n|\n|-weather|SunnyDay|[upkeep]\n|upkeep\n|turn|17\n|\n|t:|1698846965\n|detailschange|p2a: Aerodactyl|Aerodactyl-Mega, M, shiny\n|-mega|p2a: Aerodactyl|Aerodactyl|Aerodactylite\n|move|p2a: Aerodactyl|Dual Wingbeat|p1a: Groudon\n|-damage|p1a: Groudon|61\/100\n|-damage|p1a: Groudon|45\/100\n|-hitcount|p1a: Groudon|2\n|move|p1a: Groudon|Thunder Wave|p2a: Aerodactyl\n|-status|p2a: Aerodactyl|par\n|\n|-weather|none\n|upkeep\n|turn|18\n|\n|t:|1698846979\n|switch|p1a: Ho-Oh|Ho-Oh|100\/100\n|cant|p2a: Aerodactyl|par\n|\n|upkeep\n|turn|19\n|\n|t:|1698846994\n|-terastallize|p1a: Ho-Oh|Grass\n|move|p1a: Ho-Oh|Sacred Fire|p2a: Aerodactyl\n|-resisted|p2a: Aerodactyl\n|-damage|p2a: Aerodactyl|72\/100 par\n|move|p2a: Aerodactyl|Stone Edge|p1a: Ho-Oh\n|-damage|p1a: Ho-Oh|60\/100\n|\n|upkeep\n|turn|20\n|\n|t:|1698847005\n|switch|p1a: Groudon|Groudon|45\/100\n|-weather|SunnyDay|[from] ability: Drought|[of] p1a: Groudon\n|move|p2a: Aerodactyl|Dual Wingbeat|p1a: Groudon\n|-damage|p1a: Groudon|28\/100\n|-damage|p1a: Groudon|13\/100\n|-hitcount|p1a: Groudon|2\n|\n|-weather|SunnyDay|[upkeep]\n|upkeep\n|turn|21\n|\n|t:|1698847017\n|move|p1a: Groudon|Stealth Rock|p2a: Aerodactyl\n|-sidestart|p2: pokenecro|move: Stealth Rock\n|cant|p2a: Aerodactyl|par\n|\n|-weather|SunnyDay|[upkeep]\n|upkeep\n|turn|22\n|\n|t:|1698847024\n|cant|p2a: Aerodactyl|par\n|move|p1a: Groudon|Dragon Tail|p2a: Aerodactyl\n|-damage|p2a: Aerodactyl|45\/100 par\n|drag|p2a: Kabutops|Kabutops, F, shiny|77\/100 par\n|-activate|p2a: Kabutops|move: Sticky Web\n|-unboost|p2a: Kabutops|spe|1\n|-damage|p2a: Kabutops|65\/100 par|[from] Stealth Rock\n|\n|-weather|SunnyDay|[upkeep]\n|upkeep\n|turn|23\n|\n|t:|1698847036\n|move|p1a: Groudon|Precipice Blades|p2a: Kabutops\n|-supereffective|p2a: Kabutops\n|-crit|p2a: Kabutops\n|-damage|p2a: Kabutops|0 fnt\n|faint|p2a: Kabutops\n|\n|-weather|SunnyDay|[upkeep]\n|upkeep\n|\n|t:|1698847044\n|switch|p2a: Aurorus|Aurorus, F, shiny|44\/100\n|-activate|p2a: Aurorus|move: Sticky Web\n|-unboost|p2a: Aurorus|spe|1\n|-damage|p2a: Aurorus|19\/100|[from] Stealth Rock\n|-weather|Snow|[from] ability: Snow Warning|[of] p2a: Aurorus\n|turn|24\n|\n|t:|1698847058\n|move|p1a: Groudon|Precipice Blades|p2a: Aurorus\n|-supereffective|p2a: Aurorus\n|-damage|p2a: Aurorus|0 fnt\n|faint|p2a: Aurorus\n|\n|-weather|Snow|[upkeep]\n|upkeep\n|\n|t:|1698847067\n|switch|p2a: Armaldo|Armaldo, M, shiny|100\/100\n|-activate|p2a: Armaldo|move: Sticky Web\n|-unboost|p2a: Armaldo|spe|1\n|-damage|p2a: Armaldo|76\/100|[from] Stealth Rock\n|turn|25\n|\n|t:|1698847073\n|switch|p1a: Ho-Oh|Ho-Oh, tera:Grass|93\/100\n|move|p2a: Armaldo|Aqua Jet|p1a: Ho-Oh\n|-resisted|p1a: Ho-Oh\n|-damage|p1a: Ho-Oh|87\/100\n|-damage|p2a: Armaldo|66\/100|[from] item: Life Orb\n|\n|-weather|Snow|[upkeep]\n|upkeep\n|turn|26\n|\n|t:|1698847087\n|move|p1a: Ho-Oh|Sacred Fire|p2a: Armaldo\n|-damage|p2a: Armaldo|23\/100\n|-status|p2a: Armaldo|brn\n|move|p2a: Armaldo|X-Scissor|p1a: Ho-Oh\n|-supereffective|p1a: Ho-Oh\n|-crit|p1a: Ho-Oh\n|-damage|p1a: Ho-Oh|27\/100\n|-damage|p2a: Armaldo|13\/100 brn|[from] item: Life Orb\n|\n|-weather|Snow|[upkeep]\n|-damage|p2a: Armaldo|7\/100 brn|[from] brn\n|upkeep\n|turn|27\n|\n|t:|1698847099\n|switch|p1a: Groudon|Groudon|13\/100\n|-weather|SunnyDay|[from] ability: Drought|[of] p1a: Groudon\n|move|p2a: Armaldo|Aqua Jet|p1a: Groudon\n|-supereffective|p1a: Groudon\n|-damage|p1a: Groudon|8\/100\n|-damage|p2a: Armaldo|0 fnt|[from] item: Life Orb\n|faint|p2a: Armaldo\n|\n|-weather|SunnyDay|[upkeep]\n|upkeep\n|\n|t:|1698847112\n|switch|p2a: Dracovish|Dracovish, shiny|100\/100\n|-activate|p2a: Dracovish|move: Sticky Web\n|-unboost|p2a: Dracovish|spe|1\n|-damage|p2a: Dracovish|88\/100|[from] Stealth Rock\n|turn|28\n|\n|t:|1698847122\n|-terastallize|p2a: Dracovish|Water\n|move|p2a: Dracovish|Fishious Rend|p1a: Groudon\n|-supereffective|p1a: Groudon\n|-damage|p1a: Groudon|0 fnt\n|faint|p1a: Groudon\n|\n|-weather|SunnyDay|[upkeep]\n|upkeep\n|\n|t:|1698847133\n|switch|p1a: Houndoom|Houndoom, M|100\/100\n|turn|29\n|\n|t:|1698847138\n|detailschange|p1a: Houndoom|Houndoom-Mega, M\n|-mega|p1a: Houndoom|Houndoom|Houndoominite\n|move|p1a: Houndoom|Dark Pulse|p2a: Dracovish\n|-damage|p2a: Dracovish|3\/100\n|move|p2a: Dracovish|Fishious Rend|p1a: Houndoom\n|-supereffective|p1a: Houndoom\n|-damage|p1a: Houndoom|18\/100\n|\n|-weather|SunnyDay|[upkeep]\n|-damage|p1a: Houndoom|6\/100|[from] ability: Solar Power|[of] p1a: Houndoom\n|upkeep\n|turn|30\n|\n|t:|1698847149\n|move|p1a: Houndoom|Dark Pulse|p2a: Dracovish\n|-damage|p2a: Dracovish|0 fnt\n|faint|p2a: Dracovish\n|\n|-weather|SunnyDay|[upkeep]\n|-damage|p1a: Houndoom|0 fnt|[from] ability: Solar Power|[of] p1a: Houndoom\n|faint|p1a: Houndoom\n|upkeep\n|\n|t:|1698847157\n|switch|p1a: Ho-Oh|Ho-Oh, tera:Grass|60\/100\n|switch|p2a: Aerodactyl|Aerodactyl-Mega, M, shiny|45\/100 par\n|-damage|p2a: Aerodactyl|20\/100 par|[from] Stealth Rock\n|turn|31\n|\n|t:|1698847179\n|move|p1a: Ho-Oh|Sacred Fire|p2a: Aerodactyl\n|-resisted|p2a: Aerodactyl\n|-damage|p2a: Aerodactyl|0 fnt\n|faint|p2a: Aerodactyl\n|\n|win|epicwashcloth69\n|raw|epicwashcloth69's rating: 1189 &rarr; <strong>1207<\/strong><br \/>(+18 for winning)\n|raw|pokenecro's rating: 1088 &rarr; <strong>1071<\/strong><br \/>(-17 for losing)\n|c|\u2606epicwashcloth69|gg\n|l|\u2606pokenecro\n","uploadtime":1698847528,"views":10,"p1id":"epicwashcloth69","p2id":"pokenecro","formatid":"gen9nationaldexubers","rating":1071,"private":0,"password":""}