{"id":"gen9nationaldexubers-1978960933","p1":"crab game","p2":"Sereio","format":"[Gen 9] National Dex Ubers","log":"|j|\u2606crab game\n|j|\u2606Sereio\n|t:|1698614933\n|gametype|singles\n|player|p1|crab game|red|1213\n|player|p2|Sereio|265|1345\n|teamsize|p1|6\n|teamsize|p2|6\n|gen|9\n|tier|[Gen 9] National Dex Ubers\n|rated|\n|rule|HP Percentage Mod: HP is shown in percentages\n|rule|Endless Battle Clause: Forcing endless battles is banned\n|rule|OHKO Clause: OHKO moves are banned\n|rule|Evasion Moves Clause: Evasion moves are banned\n|rule|Evasion Items Clause: Evasion items are banned\n|rule|Species Clause: Limit one of each Pok\u00e9mon\n|rule|Sleep Clause Mod: Limit one foe put to sleep\n|rule|Mega Rayquaza Clause: You cannot mega evolve Rayquaza\n|clearpoke\n|poke|p1|Chien-Pao|\n|poke|p1|Zacian-*|\n|poke|p1|Zygarde|\n|poke|p1|Volcarona, M|\n|poke|p1|Alakazam, F|\n|poke|p1|Dragapult, M|\n|poke|p2|Groudon|\n|poke|p2|Chansey, F|\n|poke|p2|Ho-Oh|\n|poke|p2|Yveltal|\n|poke|p2|Gengar, F|\n|poke|p2|Zeraora|\n|teampreview\n|\n|t:|1698614948\n|start\n|switch|p1a: Alakazam|Alakazam, F|100\/100\n|switch|p2a: Zeraora|Zeraora|100\/100\n|turn|1\n|\n|t:|1698614961\n|detailschange|p1a: Alakazam|Alakazam-Mega, F\n|-mega|p1a: Alakazam|Alakazam|Alakazite\n|-ability|p1a: Alakazam|Volt Absorb|[from] ability: Trace|[of] p2a: Zeraora\n|move|p2a: Zeraora|Knock Off|p1a: Alakazam\n|-supereffective|p1a: Alakazam\n|-damage|p1a: Alakazam|0 fnt\n|faint|p1a: Alakazam\n|-damage|p2a: Zeraora|91\/100|[from] item: Life Orb\n|\n|upkeep\n|\n|t:|1698614971\n|switch|p1a: Zygarde|Zygarde, shiny|100\/100\n|turn|2\n|\n|t:|1698614981\n|-terastallize|p1a: Zygarde|Steel\n|move|p2a: Zeraora|Play Rough|p1a: Zygarde\n|-resisted|p1a: Zygarde\n|-damage|p1a: Zygarde|91\/100\n|-damage|p2a: Zeraora|81\/100|[from] item: Life Orb\n|move|p1a: Zygarde|Dragon Dance|p1a: Zygarde\n|-boost|p1a: Zygarde|atk|1\n|-boost|p1a: Zygarde|spe|1\n|\n|-heal|p1a: Zygarde|97\/100|[from] item: Leftovers\n|upkeep\n|turn|3\n|\n|t:|1698614994\n|move|p2a: Zeraora|Close Combat|p1a: Zygarde\n|-supereffective|p1a: Zygarde\n|-damage|p1a: Zygarde|44\/100\n|-unboost|p2a: Zeraora|def|1\n|-unboost|p2a: Zeraora|spd|1\n|-damage|p2a: Zeraora|71\/100|[from] item: Life Orb\n|move|p1a: Zygarde|Thousand Arrows|p2a: Zeraora\n|-supereffective|p2a: Zeraora\n|-crit|p2a: Zeraora\n|-damage|p2a: Zeraora|0 fnt\n|faint|p2a: Zeraora\n|\n|-heal|p1a: Zygarde|50\/100|[from] item: Leftovers\n|-activate|p1a: Zygarde|ability: Power Construct\n|detailschange|p1a: Zygarde|Zygarde-Complete, shiny, tera:Steel\n|-heal|p1a: Zygarde|67\/100|[silent]\n|upkeep\n|\n|t:|1698615032\n|switch|p2a: Ho-Oh|Ho-Oh|100\/100\n|turn|4\n|\n|t:|1698615037\n|move|p1a: Zygarde|Thousand Arrows|p2a: Ho-Oh\n|-damage|p2a: Ho-Oh|65\/100\n|-start|p2a: Ho-Oh|Smack Down\n|move|p2a: Ho-Oh|Sacred Fire|p1a: Zygarde\n|-supereffective|p1a: Zygarde\n|-damage|p1a: Zygarde|38\/100\n|\n|-heal|p1a: Zygarde|44\/100|[from] item: Leftovers\n|upkeep\n|turn|5\n|\n|t:|1698615047\n|move|p1a: Zygarde|Thousand Arrows|p2a: Ho-Oh\n|-supereffective|p2a: Ho-Oh\n|-damage|p2a: Ho-Oh|0 fnt\n|faint|p2a: Ho-Oh\n|\n|-heal|p1a: Zygarde|50\/100|[from] item: Leftovers\n|upkeep\n|\n|t:|1698615051\n|switch|p2a: Groudon|Groudon|100\/100\n|detailschange|p2a: Groudon|Groudon-Primal\n|-primal|p2a: Groudon|Red Orb\n|-weather|DesolateLand|[from] ability: Desolate Land|[of] p2a: Groudon\n|turn|6\n|\n|t:|1698615058\n|move|p1a: Zygarde|Thousand Arrows|p2a: Groudon\n|-supereffective|p2a: Groudon\n|-crit|p2a: Groudon\n|-damage|p2a: Groudon|31\/100\n|move|p2a: Groudon|Fire Punch|p1a: Zygarde\n|-supereffective|p1a: Zygarde\n|-damage|p1a: Zygarde|0 fnt\n|faint|p1a: Zygarde\n|\n|-weather|DesolateLand|[upkeep]\n|upkeep\n|\n|t:|1698615072\n|switch|p1a: Dragapult|Dragapult, M|100\/100\n|turn|7\n|\n|t:|1698615076\n|move|p1a: Dragapult|Phantom Force||[still]\n|-prepare|p1a: Dragapult|Phantom Force\n|move|p2a: Groudon|Precipice Blades|p1a: Dragapult|[miss]\n|-miss|p2a: Groudon|p1a: Dragapult\n|\n|-weather|DesolateLand|[upkeep]\n|upkeep\n|turn|8\n|\n|t:|1698615083\n|-weather|none\n|switch|p2a: Chansey|Chansey, F|100\/100\n|move|p1a: Dragapult|Phantom Force|p2a: Chansey|[from]lockedmove\n|-immune|p2a: Chansey\n|\n|upkeep\n|turn|9\n|\n|t:|1698615091\n|move|p1a: Dragapult|Dragon Darts|p2a: Chansey\n|-damage|p2a: Chansey|80\/100\n|-anim|p1a: Dragapult|Dragon Darts|p2a: Chansey\n|-damage|p2a: Chansey|62\/100\n|move|p2a: Chansey|Shadow Ball|p1a: Dragapult\n|-supereffective|p1a: Dragapult\n|-damage|p1a: Dragapult|79\/100\n|\n|upkeep\n|turn|10\n|\n|t:|1698615101\n|move|p1a: Dragapult|Dragon Dance|p1a: Dragapult\n|-boost|p1a: Dragapult|atk|1\n|-boost|p1a: Dragapult|spe|1\n|move|p2a: Chansey|Soft-Boiled|p2a: Chansey\n|-heal|p2a: Chansey|100\/100\n|\n|upkeep\n|turn|11\n|\n|t:|1698615107\n|move|p1a: Dragapult|Dragon Dance|p1a: Dragapult\n|-boost|p1a: Dragapult|atk|1\n|-boost|p1a: Dragapult|spe|1\n|move|p2a: Chansey|Shadow Ball|p1a: Dragapult\n|-supereffective|p1a: Dragapult\n|-damage|p1a: Dragapult|54\/100\n|\n|upkeep\n|turn|12\n|\n|t:|1698615114\n|move|p1a: Dragapult|Dragon Darts|p2a: Chansey\n|-damage|p2a: Chansey|64\/100\n|-anim|p1a: Dragapult|Dragon Darts|p2a: Chansey\n|-damage|p2a: Chansey|28\/100\n|move|p2a: Chansey|Shadow Ball|p1a: Dragapult\n|-supereffective|p1a: Dragapult\n|-damage|p1a: Dragapult|33\/100\n|\n|upkeep\n|turn|13\n|\n|t:|1698615123\n|move|p1a: Dragapult|Dragon Darts|p2a: Chansey\n|-damage|p2a: Chansey|0 fnt\n|faint|p2a: Chansey\n|\n|upkeep\n|\n|t:|1698615135\n|switch|p2a: Yveltal|Yveltal|100\/100\n|-ability|p2a: Yveltal|Dark Aura\n|turn|14\n|\n|t:|1698615146\n|-terastallize|p2a: Yveltal|Dark\n|move|p1a: Dragapult|Dragon Darts|p2a: Yveltal\n|-damage|p2a: Yveltal|61\/100\n|-anim|p1a: Dragapult|Dragon Darts|p2a: Yveltal\n|-damage|p2a: Yveltal|22\/100\n|move|p2a: Yveltal|Oblivion Wing|p1a: Dragapult\n|-damage|p1a: Dragapult|0 fnt\n|-heal|p2a: Yveltal|39\/100|[from] drain|[of] p1a: Dragapult\n|faint|p1a: Dragapult\n|-damage|p2a: Yveltal|29\/100|[from] item: Life Orb\n|\n|upkeep\n|\n|t:|1698615160\n|switch|p1a: Chien-Pao|Chien-Pao|100\/100\n|-ability|p1a: Chien-Pao|Sword of Ruin\n|turn|15\n|\n|t:|1698615176\n|move|p1a: Chien-Pao|Icicle Crash|p2a: Yveltal\n|-damage|p2a: Yveltal|0 fnt\n|faint|p2a: Yveltal\n|\n|upkeep\n|\n|t:|1698615183\n|switch|p2a: Groudon|Groudon-Primal|31\/100\n|-weather|DesolateLand|[from] ability: Desolate Land|[of] p2a: Groudon\n|turn|16\n|\n|t:|1698615192\n|move|p1a: Chien-Pao|Sacred Sword|p2a: Groudon\n|-damage|p2a: Groudon|12\/100\n|move|p2a: Groudon|Fire Punch|p1a: Chien-Pao\n|-supereffective|p1a: Chien-Pao\n|-enditem|p1a: Chien-Pao|Focus Sash\n|-damage|p1a: Chien-Pao|1\/100\n|\n|-weather|DesolateLand|[upkeep]\n|upkeep\n|turn|17\n|\n|t:|1698615201\n|move|p1a: Chien-Pao|Sacred Sword|p2a: Groudon\n|-damage|p2a: Groudon|0 fnt\n|faint|p2a: Groudon\n|-weather|none\n|\n|upkeep\n|\n|t:|1698615203\n|switch|p2a: Gengar|Gengar, F|100\/100\n|turn|18\n|\n|t:|1698615212\n|move|p1a: Chien-Pao|Ice Shard|p2a: Gengar\n|-damage|p2a: Gengar|50\/100\n|move|p2a: Gengar|Shadow Ball|p1a: Chien-Pao\n|-resisted|p1a: Chien-Pao\n|-damage|p1a: Chien-Pao|0 fnt\n|faint|p1a: Chien-Pao\n|\n|upkeep\n|\n|t:|1698615220\n|switch|p1a: Zacian|Zacian-Crowned, shiny|100\/100\n|-ability|p1a: Zacian|Intrepid Sword|boost\n|-boost|p1a: Zacian|atk|1\n|turn|19\n|\n|t:|1698615227\n|move|p2a: Gengar|Shadow Ball|p1a: Zacian\n|-damage|p1a: Zacian|59\/100\n|move|p1a: Zacian|Play Rough|p2a: Gengar\n|-resisted|p2a: Gengar\n|-damage|p2a: Gengar|0 fnt\n|faint|p2a: Gengar\n|\n|win|crab game\n|raw|crab game's rating: 1213 &rarr; <strong>1247<\/strong><br \/>(+34 for winning)\n|raw|Sereio's rating: 1345 &rarr; <strong>1318<\/strong><br \/>(-27 for losing)\n|l|\u2606Sereio\n","uploadtime":1698615239,"views":7,"p1id":"crabgame","p2id":"sereio","formatid":"gen9nationaldexubers","rating":1247,"private":0,"password":""}