{"id":"gen9nationaldexubers-1993457055","p1":"Rafadude","p2":"harsh634","format":"[Gen 9] National Dex Ubers","log":"|j|\u2606Rafadude\n|j|\u2606harsh634\n|t:|1700320233\n|gametype|singles\n|player|p1|Rafadude|furisodegirl-blue|\n|player|p2|harsh634|red|\n|teamsize|p1|6\n|teamsize|p2|6\n|gen|9\n|tier|[Gen 9] National Dex Ubers\n|rated|Tournament battle\n|rule|HP Percentage Mod: HP is shown in percentages\n|rule|Endless Battle Clause: Forcing endless battles is banned\n|rule|OHKO Clause: OHKO moves are banned\n|rule|Evasion Moves Clause: Evasion moves are banned\n|rule|Evasion Items Clause: Evasion items are banned\n|rule|Species Clause: Limit one of each Pok\u00e9mon\n|rule|Sleep Clause Mod: Limit one foe put to sleep\n|rule|Mega Rayquaza Clause: You cannot mega evolve Rayquaza\n|clearpoke\n|poke|p1|Excadrill, F|\n|poke|p1|Smeargle, F|\n|poke|p1|Arceus|\n|poke|p1|Xerneas-*|\n|poke|p1|Flutter Mane|\n|poke|p1|Necrozma-Dusk-Mane|\n|poke|p2|Giratina|\n|poke|p2|Dondozo, M|\n|poke|p2|Blissey, F|\n|poke|p2|Tyranitar, M|\n|poke|p2|Ho-Oh|\n|poke|p2|Mewtwo|\n|teampreview\n|inactive|Battle timer is ON: inactive players will automatically lose when time's up. (requested by Rafadude)\n|inactive|harsh634 also wants the timer to be on.\n|j| Morohathepupper\n|j| PomellowVGC\n|c| Morohathepupper|Ay who will win?\n|\n|t:|1700320254\n|start\n|switch|p1a: Smeargle|Smeargle, F|100\/100\n|switch|p2a: Giratina|Giratina|100\/100\n|-ability|p2a: Giratina|Pressure\n|turn|1\n|c|\u2606Rafadude|i think i hard lose here\n|\n|t:|1700320278\n|move|p1a: Smeargle|Spore|p2a: Giratina\n|-status|p2a: Giratina|slp|[from] move: Spore\n|cant|p2a: Giratina|slp\n|\n|upkeep\n|turn|2\n|\n|t:|1700320294\n|move|p1a: Smeargle|Taunt|p2a: Giratina\n|-start|p2a: Giratina|move: Taunt\n|cant|p2a: Giratina|slp\n|\n|upkeep\n|turn|3\n|\n|t:|1700320299\n|switch|p1a: Xerneas|Xerneas|100\/100\n|-ability|p1a: Xerneas|Fairy Aura\n|cant|p2a: Giratina|slp\n|\n|upkeep\n|turn|4\n|\n|t:|1700320309\n|switch|p2a: Ho-Oh|Ho-Oh|100\/100\n|move|p1a: Xerneas|Moonblast|p2a: Ho-Oh\n|-resisted|p2a: Ho-Oh\n|-damage|p2a: Ho-Oh|84\/100\n|\n|upkeep\n|turn|5\n|\n|t:|1700320317\n|move|p1a: Xerneas|Thunder|p2a: Ho-Oh|[miss]\n|-miss|p1a: Xerneas|p2a: Ho-Oh\n|move|p2a: Ho-Oh|Toxic|p1a: Xerneas\n|-status|p1a: Xerneas|tox\n|\n|-damage|p1a: Xerneas|94\/100 tox|[from] psn\n|upkeep\n|turn|6\n|\n|t:|1700320331\n|switch|p1a: Necrozma|Necrozma-Dusk-Mane|100\/100\n|move|p2a: Ho-Oh|Sacred Fire|p1a: Necrozma\n|-supereffective|p1a: Necrozma\n|-damage|p1a: Necrozma|49\/100\n|-status|p1a: Necrozma|brn\n|-enditem|p1a: Necrozma|Weakness Policy\n|-boost|p1a: Necrozma|atk|2|[from] item: Weakness Policy\n|-boost|p1a: Necrozma|spa|2|[from] item: Weakness Policy\n|\n|-damage|p1a: Necrozma|43\/100 brn|[from] brn\n|upkeep\n|turn|7\n|\n|t:|1700320341\n|move|p1a: Necrozma|Stone Edge|p2a: Ho-Oh\n|-supereffective|p2a: Ho-Oh\n|-damage|p2a: Ho-Oh|0 fnt\n|faint|p2a: Ho-Oh\n|\n|-damage|p1a: Necrozma|37\/100 brn|[from] brn\n|upkeep\n|\n|t:|1700320351\n|switch|p2a: Mewtwo|Mewtwo, shiny|100\/100\n|-ability|p2a: Mewtwo|Pressure\n|turn|8\n|\n|t:|1700320355\n|move|p2a: Mewtwo|Foul Play|p1a: Necrozma\n|-supereffective|p1a: Necrozma\n|-damage|p1a: Necrozma|0 fnt\n|faint|p1a: Necrozma\n|\n|upkeep\n|\n|t:|1700320358\n|switch|p1a: Excadrill|Excadrill, F|100\/100\n|-ability|p1a: Excadrill|Mold Breaker\n|turn|9\n|\n|t:|1700320363\n|move|p2a: Mewtwo|Will-O-Wisp|p1a: Excadrill\n|-status|p1a: Excadrill|brn\n|move|p1a: Excadrill|Rock Tomb|p2a: Mewtwo\n|-damage|p2a: Mewtwo|92\/100\n|-unboost|p2a: Mewtwo|spe|1\n|\n|-damage|p1a: Excadrill|94\/100 brn|[from] brn\n|upkeep\n|turn|10\n|c| Morohathepupper|Non geomancy xerneas? That\u2019s new and it works!\n|\n|t:|1700320372\n|move|p1a: Excadrill|Stealth Rock|p2a: Mewtwo\n|-sidestart|p2: harsh634|move: Stealth Rock\n|move|p2a: Mewtwo|Foul Play|p1a: Excadrill\n|-damage|p1a: Excadrill|46\/100 brn\n|\n|-damage|p1a: Excadrill|40\/100 brn|[from] brn\n|upkeep\n|turn|11\n|\n|t:|1700320376\n|move|p1a: Excadrill|Earthquake|p2a: Mewtwo\n|-damage|p2a: Mewtwo|69\/100\n|move|p2a: Mewtwo|Foul Play|p1a: Excadrill\n|-damage|p1a: Excadrill|0 fnt\n|faint|p1a: Excadrill\n|\n|upkeep\n|\n|t:|1700320379\n|switch|p1a: Arceus|Arceus|100\/100\n|turn|12\n|\n|t:|1700320381\n|move|p1a: Arceus|Swords Dance|p1a: Arceus\n|-boost|p1a: Arceus|atk|2\n|move|p2a: Mewtwo|Will-O-Wisp|p1a: Arceus\n|-status|p1a: Arceus|brn\n|\n|-damage|p1a: Arceus|94\/100 brn|[from] brn\n|upkeep\n|turn|13\n|\n|t:|1700320385\n|move|p1a: Arceus|Extreme Speed|p2a: Mewtwo\n|-damage|p2a: Mewtwo|23\/100\n|-damage|p1a: Arceus|78\/100 brn|[from] item: Rocky Helmet|[of] p2a: Mewtwo\n|-damage|p1a: Arceus|68\/100 brn|[from] item: Life Orb\n|move|p2a: Mewtwo|Foul Play|p1a: Arceus\n|-damage|p1a: Arceus|22\/100 brn\n|\n|-damage|p1a: Arceus|16\/100 brn|[from] brn\n|upkeep\n|turn|14\n|\n|t:|1700320391\n|move|p1a: Arceus|Shadow Claw|p2a: Mewtwo\n|-supereffective|p2a: Mewtwo\n|-damage|p2a: Mewtwo|0 fnt\n|-damage|p1a: Arceus|0 fnt|[from] item: Rocky Helmet|[of] p2a: Mewtwo\n|faint|p2a: Mewtwo\n|faint|p1a: Arceus\n|\n|upkeep\n|\n|t:|1700320400\n|switch|p2a: Tyranitar|Tyranitar, M|100\/100\n|switch|p1a: Xerneas|Xerneas|94\/100 tox\n|-ability|p1a: Xerneas|Fairy Aura\n|-damage|p2a: Tyranitar|88\/100|[from] Stealth Rock\n|-weather|Sandstorm|[from] ability: Sand Stream|[of] p2a: Tyranitar\n|turn|15\n|\n|t:|1700320404\n|detailschange|p2a: Tyranitar|Tyranitar-Mega, M\n|-mega|p2a: Tyranitar|Tyranitar|Tyranitarite\n|move|p1a: Xerneas|Geomancy||[still]\n|-prepare|p1a: Xerneas|Geomancy\n|-enditem|p1a: Xerneas|Power Herb\n|-anim|p1a: Xerneas|Geomancy|p1a: Xerneas\n|-boost|p1a: Xerneas|spa|2\n|-boost|p1a: Xerneas|spd|2\n|-boost|p1a: Xerneas|spe|2\n|move|p2a: Tyranitar|Knock Off|p1a: Xerneas\n|-resisted|p1a: Xerneas\n|-damage|p1a: Xerneas|80\/100 tox\n|\n|-weather|Sandstorm|[upkeep]\n|-damage|p1a: Xerneas|74\/100 tox|[from] Sandstorm\n|-damage|p1a: Xerneas|67\/100 tox|[from] psn\n|upkeep\n|turn|16\n|l| Morohathepupper\n|\n|t:|1700320411\n|move|p1a: Xerneas|Moonblast|p2a: Tyranitar\n|-supereffective|p2a: Tyranitar\n|-damage|p2a: Tyranitar|0 fnt\n|faint|p2a: Tyranitar\n|\n|-weather|Sandstorm|[upkeep]\n|-damage|p1a: Xerneas|61\/100 tox|[from] Sandstorm\n|-damage|p1a: Xerneas|49\/100 tox|[from] psn\n|upkeep\n|\n|t:|1700320414\n|switch|p2a: Blissey|Blissey, F|100\/100\n|turn|17\n|\n|t:|1700320415\n|move|p1a: Xerneas|Moonblast|p2a: Blissey\n|-damage|p2a: Blissey|55\/100\n|move|p2a: Blissey|Confide|p1a: Xerneas\n|-unboost|p1a: Xerneas|spa|1\n|\n|-weather|Sandstorm|[upkeep]\n|-damage|p1a: Xerneas|43\/100 tox|[from] Sandstorm\n|-damage|p2a: Blissey|49\/100|[from] Sandstorm\n|-damage|p1a: Xerneas|24\/100 tox|[from] psn\n|upkeep\n|turn|18\n|\n|t:|1700320419\n|move|p1a: Xerneas|Moonblast|p2a: Blissey\n|-damage|p2a: Blissey|12\/100\n|-unboost|p2a: Blissey|spa|1\n|move|p2a: Blissey|Soft-Boiled|p2a: Blissey\n|-heal|p2a: Blissey|62\/100\n|\n|-weather|Sandstorm|[upkeep]\n|-damage|p1a: Xerneas|18\/100 tox|[from] Sandstorm\n|-damage|p2a: Blissey|56\/100|[from] Sandstorm\n|-damage|p1a: Xerneas|0 fnt|[from] psn\n|faint|p1a: Xerneas\n|upkeep\n|\n|t:|1700320426\n|switch|p1a: Smeargle|Smeargle, F|100\/100\n|turn|19\n|\n|t:|1700320428\n|switch|p2a: Giratina|Giratina|100\/100 slp\n|-damage|p2a: Giratina|88\/100 slp|[from] Stealth Rock\n|-ability|p2a: Giratina|Pressure\n|move|p1a: Smeargle|Shed Tail|p1a: Smeargle\n|-start|p1a: Smeargle|Substitute|[from] move: Shed Tail\n|-damage|p1a: Smeargle|50\/100\n|-enditem|p1a: Smeargle|Sitrus Berry|[eat]\n|-heal|p1a: Smeargle|75\/100|[from] item: Sitrus Berry\n|\n|t:|1700320430\n|switch|p1a: Flutter Mane|Flutter Mane|100\/100|[from] Shed Tail\n|-enditem|p1a: Flutter Mane|Booster Energy\n|-activate|p1a: Flutter Mane|ability: Protosynthesis|[fromitem]\n|-start|p1a: Flutter Mane|protosynthesisspe\n|\n|-weather|none\n|-heal|p2a: Giratina|94\/100 slp|[from] item: Leftovers\n|upkeep\n|turn|20\n|\n|t:|1700320436\n|switch|p2a: Blissey|Blissey, F|56\/100\n|move|p1a: Flutter Mane|Moonblast|p2a: Blissey\n|-damage|p2a: Blissey|37\/100\n|-unboost|p2a: Blissey|spa|1\n|\n|upkeep\n|turn|21\n|j| Morohathepupper\n|\n|t:|1700320439\n|move|p1a: Flutter Mane|Calm Mind|p1a: Flutter Mane\n|-boost|p1a: Flutter Mane|spa|1\n|-boost|p1a: Flutter Mane|spd|1\n|move|p2a: Blissey|Soft-Boiled|p2a: Blissey\n|-heal|p2a: Blissey|87\/100\n|\n|upkeep\n|turn|22\n|\n|t:|1700320445\n|switch|p2a: Dondozo|Dondozo, M|100\/100\n|-damage|p2a: Dondozo|88\/100|[from] Stealth Rock\n|move|p1a: Flutter Mane|Shadow Ball|p2a: Dondozo\n|-damage|p2a: Dondozo|45\/100\n|\n|-heal|p2a: Dondozo|51\/100|[from] item: Leftovers\n|upkeep\n|turn|23\n|\n|t:|1700320453\n|move|p1a: Flutter Mane|Moonblast|p2a: Dondozo\n|-damage|p2a: Dondozo|4\/100\n|move|p2a: Dondozo|Avalanche|p1a: Flutter Mane\n|-end|p1a: Flutter Mane|Substitute\n|\n|-heal|p2a: Dondozo|10\/100|[from] item: Leftovers\n|upkeep\n|turn|24\n|\n|t:|1700320459\n|move|p1a: Flutter Mane|Moonblast|p2a: Dondozo\n|-damage|p2a: Dondozo|0 fnt\n|faint|p2a: Dondozo\n|\n|upkeep\n|\n|t:|1700320464\n|switch|p2a: Blissey|Blissey, F|87\/100\n|turn|25\n|\n|t:|1700320467\n|-end|p1a: Flutter Mane|Protosynthesis|[silent]\n|switch|p1a: Smeargle|Smeargle, F|75\/100\n|move|p2a: Blissey|Confide|p1a: Smeargle\n|-unboost|p1a: Smeargle|spa|1\n|\n|upkeep\n|turn|26\n|\n|t:|1700320471\n|switch|p2a: Giratina|Giratina|94\/100 slp\n|-damage|p2a: Giratina|82\/100 slp|[from] Stealth Rock\n|-ability|p2a: Giratina|Pressure\n|move|p1a: Smeargle|Shed Tail|p1a: Smeargle\n|-start|p1a: Smeargle|Substitute|[from] move: Shed Tail\n|-damage|p1a: Smeargle|25\/100\n|\n|t:|1700320473\n|switch|p1a: Flutter Mane|Flutter Mane|100\/100|[from] Shed Tail\n|\n|-heal|p2a: Giratina|88\/100 slp|[from] item: Leftovers\n|upkeep\n|turn|27\n|\n|t:|1700320476\n|switch|p2a: Blissey|Blissey, F|87\/100\n|move|p1a: Flutter Mane|Moonblast|p2a: Blissey\n|-damage|p2a: Blissey|68\/100\n|-unboost|p2a: Blissey|spa|1\n|\n|upkeep\n|turn|28\n|\n|t:|1700320478\n|move|p1a: Flutter Mane|Calm Mind|p1a: Flutter Mane\n|-boost|p1a: Flutter Mane|spa|1\n|-boost|p1a: Flutter Mane|spd|1\n|move|p2a: Blissey|Confide|p1a: Flutter Mane\n|-unboost|p1a: Flutter Mane|spa|1\n|\n|upkeep\n|turn|29\n|\n|t:|1700320482\n|move|p1a: Flutter Mane|Mystical Fire|p2a: Blissey\n|-damage|p2a: Blissey|58\/100\n|-unboost|p2a: Blissey|spa|1\n|move|p2a: Blissey|Confide|p1a: Flutter Mane\n|-unboost|p1a: Flutter Mane|spa|1\n|\n|upkeep\n|turn|30\n|\n|t:|1700320489\n|-end|p1a: Flutter Mane|Protosynthesis|[silent]\n|switch|p1a: Smeargle|Smeargle, F|25\/100\n|move|p2a: Blissey|Confide|p1a: Smeargle\n|-unboost|p1a: Smeargle|spa|1\n|\n|upkeep\n|turn|31\n|\n|t:|1700320496\n|move|p1a: Smeargle|Taunt|p2a: Blissey\n|-start|p2a: Blissey|move: Taunt\n|move|p2a: Blissey|Seismic Toss|p1a: Smeargle\n|-damage|p1a: Smeargle|0 fnt\n|faint|p1a: Smeargle\n|\n|upkeep\n|\n|t:|1700320498\n|switch|p1a: Flutter Mane|Flutter Mane|100\/100\n|turn|32\n|\n|t:|1700320504\n|switch|p2a: Giratina|Giratina|88\/100 slp\n|-damage|p2a: Giratina|75\/100 slp|[from] Stealth Rock\n|-ability|p2a: Giratina|Pressure\n|move|p1a: Flutter Mane|Calm Mind|p1a: Flutter Mane\n|-boost|p1a: Flutter Mane|spa|1\n|-boost|p1a: Flutter Mane|spd|1\n|\n|-heal|p2a: Giratina|81\/100 slp|[from] item: Leftovers\n|upkeep\n|turn|33\n|\n|t:|1700320509\n|-terastallize|p2a: Giratina|Poison\n|move|p1a: Flutter Mane|Moonblast|p2a: Giratina\n|-resisted|p2a: Giratina\n|-damage|p2a: Giratina|59\/100 slp\n|-curestatus|p2a: Giratina|slp|[msg]\n|move|p2a: Giratina|Toxic|p1a: Flutter Mane\n|-status|p1a: Flutter Mane|tox\n|\n|-heal|p2a: Giratina|65\/100|[from] item: Leftovers\n|-damage|p1a: Flutter Mane|95\/100 tox|[from] psn\n|upkeep\n|turn|34\n|\n|t:|1700320515\n|switch|p2a: Blissey|Blissey, F|58\/100\n|move|p1a: Flutter Mane|Shadow Ball|p2a: Blissey\n|-immune|p2a: Blissey\n|\n|-damage|p1a: Flutter Mane|83\/100 tox|[from] psn\n|upkeep\n|turn|35\n|c|\u2606Rafadude|gg\n|\n|t:|1700320519\n|move|p1a: Flutter Mane|Moonblast|p2a: Blissey\n|-damage|p2a: Blissey|28\/100\n|move|p2a: Blissey|Soft-Boiled|p2a: Blissey\n|-heal|p2a: Blissey|78\/100\n|\n|-damage|p1a: Flutter Mane|65\/100 tox|[from] psn\n|upkeep\n|turn|36\n|\n|t:|1700320521\n|move|p1a: Flutter Mane|Moonblast|p2a: Blissey\n|-damage|p2a: Blissey|51\/100\n|move|p2a: Blissey|Soft-Boiled|p2a: Blissey\n|-heal|p2a: Blissey|100\/100\n|\n|-damage|p1a: Flutter Mane|41\/100 tox|[from] psn\n|upkeep\n|turn|37\n|\n|t:|1700320522\n|move|p1a: Flutter Mane|Moonblast|p2a: Blissey\n|-damage|p2a: Blissey|74\/100\n|-unboost|p2a: Blissey|spa|1\n|move|p2a: Blissey|Soft-Boiled|p2a: Blissey\n|-heal|p2a: Blissey|100\/100\n|\n|-damage|p1a: Flutter Mane|11\/100 tox|[from] psn\n|upkeep\n|turn|38\n|\n|t:|1700320524\n|move|p1a: Flutter Mane|Moonblast|p2a: Blissey\n|-damage|p2a: Blissey|71\/100\n|move|p2a: Blissey|Soft-Boiled|p2a: Blissey\n|-heal|p2a: Blissey|100\/100\n|\n|-damage|p1a: Flutter Mane|0 fnt|[from] psn\n|faint|p1a: Flutter Mane\n|-end|p1a: Flutter Mane|Protosynthesis|[silent]\n|\n|win|harsh634\n|upkeep\n|n|\u2606Rafadude|rafadude\n|n|\u2606harsh634|harsh634\n|n| PomellowVGC|pomellowvgc\n|n| Morohathepupper|morohathepupper\n","uploadtime":1700320525,"views":8,"p1id":"rafadude","p2id":"harsh634","formatid":"gen9nationaldexubers","rating":0,"private":0,"password":""}