{"id":"gen9nationaldexubers-1978604024","p1":"Dragonnightwing","p2":"ozzey","format":"[Gen 9] National Dex Ubers","log":"|j|\u2606Dragonnightwing\n|j|\u2606ozzey\n|t:|1698564838\n|gametype|singles\n|player|p1|Dragonnightwing|lance|\n|player|p2|ozzey|bugcatcher-gen4dp|\n|teamsize|p1|6\n|teamsize|p2|6\n|gen|9\n|tier|[Gen 9] National Dex Ubers\n|rule|HP Percentage Mod: HP is shown in percentages\n|rule|Endless Battle Clause: Forcing endless battles is banned\n|rule|OHKO Clause: OHKO moves are banned\n|rule|Evasion Moves Clause: Evasion moves are banned\n|rule|Evasion Items Clause: Evasion items are banned\n|rule|Species Clause: Limit one of each Pok\u00e9mon\n|rule|Sleep Clause Mod: Limit one foe put to sleep\n|rule|Mega Rayquaza Clause: You cannot mega evolve Rayquaza\n|clearpoke\n|poke|p1|Pelipper, M|\n|poke|p1|Tyrantrum, F|\n|poke|p1|Aggron, M|\n|poke|p1|Jolteon, M|\n|poke|p1|Togekiss, F|\n|poke|p1|Swampert, F|\n|poke|p2|Lokix, M|\n|poke|p2|Volcarona, F|\n|poke|p2|Beedrill, M|\n|poke|p2|Ribombee, F|\n|poke|p2|Yanmega, M|\n|poke|p2|Golisopod, F|\n|teampreview\n|inactive|Battle timer is ON: inactive players will automatically lose when time's up. (requested by ozzey)\n|\n|t:|1698564844\n|start\n|switch|p1a: Peppa|Pelipper, M|100\/100\n|switch|p2a: Hollow Knight|Lokix, M|100\/100\n|-weather|RainDance|[from] ability: Drizzle|[of] p1a: Peppa\n|turn|1\n|\n|t:|1698564854\n|move|p2a: Hollow Knight|First Impression|p1a: Peppa\n|-resisted|p1a: Peppa\n|-damage|p1a: Peppa|47\/100\n|-damage|p2a: Hollow Knight|91\/100|[from] item: Life Orb\n|move|p1a: Peppa|Hurricane|p2a: Hollow Knight\n|-supereffective|p2a: Hollow Knight\n|-damage|p2a: Hollow Knight|0 fnt\n|faint|p2a: Hollow Knight\n|\n|-weather|RainDance|[upkeep]\n|upkeep\n|\n|t:|1698564871\n|switch|p2a: White lady|Ribombee, F|100\/100\n|turn|2\n|\n|t:|1698564876\n|move|p2a: White lady|Quiver Dance|p2a: White lady\n|-boost|p2a: White lady|spa|1\n|-boost|p2a: White lady|spd|1\n|-boost|p2a: White lady|spe|1\n|move|p1a: Peppa|Hurricane|p2a: White lady\n|-supereffective|p2a: White lady\n|-enditem|p2a: White lady|Focus Sash\n|-damage|p2a: White lady|1\/100\n|\n|-weather|RainDance|[upkeep]\n|upkeep\n|turn|3\n|\n|t:|1698564889\n|move|p2a: White lady|Moonblast|p1a: Peppa\n|-damage|p1a: Peppa|0 fnt\n|faint|p1a: Peppa\n|\n|-weather|RainDance|[upkeep]\n|upkeep\n|\n|t:|1698564895\n|switch|p1a: Aaron|Aggron, M, shiny|100\/100\n|turn|4\n|\n|t:|1698564900\n|move|p2a: White lady|Grass Knot|p1a: Aaron\n|-damage|p1a: Aaron|31\/100\n|move|p1a: Aaron|Iron Head|p2a: White lady\n|-supereffective|p2a: White lady\n|-damage|p2a: White lady|0 fnt\n|faint|p2a: White lady\n|\n|-weather|RainDance|[upkeep]\n|upkeep\n|\n|t:|1698564905\n|switch|p2a: Sealed vessel|Beedrill, M, shiny|100\/100\n|turn|5\n|\n|t:|1698564913\n|detailschange|p2a: Sealed vessel|Beedrill-Mega, M, shiny\n|-mega|p2a: Sealed vessel|Beedrill|Beedrillite\n|move|p2a: Sealed vessel|Drill Run|p1a: Aaron\n|-supereffective|p1a: Aaron\n|-damage|p1a: Aaron|0 fnt\n|faint|p1a: Aaron\n|\n|-weather|RainDance|[upkeep]\n|upkeep\n|\n|t:|1698564927\n|switch|p1a: Muah muah|Togekiss, F|100\/100\n|turn|6\n|\n|t:|1698564932\n|move|p2a: Sealed vessel|Poison Jab|p1a: Muah muah\n|-supereffective|p1a: Muah muah\n|-damage|p1a: Muah muah|0 fnt\n|faint|p1a: Muah muah\n|\n|-weather|RainDance|[upkeep]\n|upkeep\n|\n|t:|1698564943\n|switch|p1a: Simon|Jolteon, M|100\/100\n|turn|7\n|\n|t:|1698564948\n|move|p2a: Sealed vessel|Drill Run|p1a: Simon\n|-supereffective|p1a: Simon\n|-damage|p1a: Simon|0 fnt\n|faint|p1a: Simon\n|\n|-weather|RainDance|[upkeep]\n|upkeep\n|\n|t:|1698564957\n|switch|p1a: Tori|Swampert, F|100\/100\n|turn|8\n|\n|t:|1698564967\n|move|p2a: Sealed vessel|Poison Jab|p1a: Tori\n|-resisted|p1a: Tori\n|-damage|p1a: Tori|70\/100\n|move|p1a: Tori|Waterfall|p2a: Sealed vessel\n|-damage|p2a: Sealed vessel|0 fnt\n|faint|p2a: Sealed vessel\n|\n|-weather|none\n|upkeep\n|\n|t:|1698564977\n|switch|p2a: Hornet|Volcarona, F|100\/100\n|turn|9\n|\n|t:|1698564980\n|-terastallize|p2a: Hornet|Bug\n|move|p2a: Hornet|Giga Drain|p1a: Tori\n|-supereffective|p1a: Tori\n|-damage|p1a: Tori|0 fnt\n|faint|p1a: Tori\n|\n|upkeep\n|\n|t:|1698564988\n|switch|p1a: Chrizztina|Tyrantrum, F|100\/100\n|turn|10\n|\n|t:|1698564993\n|move|p2a: Hornet|Psychic|p1a: Chrizztina\n|-damage|p1a: Chrizztina|52\/100\n|move|p1a: Chrizztina|Head Smash|p2a: Hornet\n|-supereffective|p2a: Hornet\n|-damage|p2a: Hornet|0 fnt\n|faint|p2a: Hornet\n|\n|upkeep\n|\n|t:|1698565001\n|switch|p2a: Quirrel|Yanmega, M|100\/100\n|turn|11\n|\n|t:|1698565005\n|move|p2a: Quirrel|Shadow Ball|p1a: Chrizztina\n|-damage|p1a: Chrizztina|15\/100\n|-unboost|p1a: Chrizztina|spd|1\n|move|p1a: Chrizztina|Attract|p2a: Quirrel\n|-start|p2a: Quirrel|Attract\n|\n|-ability|p2a: Quirrel|Speed Boost|boost\n|-boost|p2a: Quirrel|spe|1\n|upkeep\n|turn|12\n|\n|t:|1698565016\n|-activate|p2a: Quirrel|move: Attract|[of] p1a: Chrizztina\n|move|p2a: Quirrel|Shadow Ball|p1a: Chrizztina\n|-damage|p1a: Chrizztina|0 fnt\n|faint|p1a: Chrizztina\n|-end|p2a: Quirrel|Attract|[silent]\n|\n|win|ozzey\n|c|\u2606Dragonnightwing|Gg\n|c|\u2606ozzey|Gg\n","uploadtime":1698565029,"views":12,"p1id":"dragonnightwing","p2id":"ozzey","formatid":"gen9nationaldexubers","rating":0,"private":0,"password":""}