{"id":"gen9nationaldexubers-1993861395","p1":"vaperon gae cex","p2":"BlueUmbreon22","format":"[Gen 9] National Dex Ubers","log":"|j|\u2606vaperon gae cex\n|j|\u2606BlueUmbreon22\n|t:|1700366614\n|gametype|singles\n|player|p1|vaperon gae cex|170|1030\n|player|p2|BlueUmbreon22|shadowtriad|1000\n|teamsize|p1|6\n|teamsize|p2|6\n|gen|9\n|tier|[Gen 9] National Dex Ubers\n|rated|\n|rule|HP Percentage Mod: HP is shown in percentages\n|rule|Endless Battle Clause: Forcing endless battles is banned\n|rule|OHKO Clause: OHKO moves are banned\n|rule|Evasion Moves Clause: Evasion moves are banned\n|rule|Evasion Items Clause: Evasion items are banned\n|rule|Species Clause: Limit one of each Pok\u00e9mon\n|rule|Sleep Clause Mod: Limit one foe put to sleep\n|rule|Mega Rayquaza Clause: You cannot mega evolve Rayquaza\n|clearpoke\n|poke|p1|Dracovish|\n|poke|p1|Groudon|\n|poke|p1|Necrozma-Dusk-Mane|\n|poke|p1|Vaporeon, M|\n|poke|p1|Furret, M|\n|poke|p1|Calyrex-Ice|\n|poke|p2|Landorus, M|\n|poke|p2|Metagross|\n|poke|p2|Kingambit, F|\n|poke|p2|Blaziken, M|\n|poke|p2|Typhlosion-Hisui, M|\n|poke|p2|Genesect-Burn|\n|teampreview\n|\n|t:|1700366619\n|start\n|switch|p1a: Abomination|Dracovish|100\/100\n|switch|p2a: Star Platinum|Genesect-Burn, shiny|100\/100\n|-ability|p2a: Star Platinum|Download|boost\n|-boost|p2a: Star Platinum|spa|1\n|turn|1\n|\n|t:|1700366632\n|-terastallize|p1a: Abomination|Water\n|move|p2a: Star Platinum|Extreme Speed|p1a: Abomination\n|-damage|p1a: Abomination|78\/100\n|move|p1a: Abomination|Fishious Rend|p2a: Star Platinum\n|-damage|p2a: Star Platinum|0 fnt\n|faint|p2a: Star Platinum\n|\n|upkeep\n|\n|t:|1700366644\n|switch|p2a: Magicians Red|Blaziken, M, shiny|100\/100\n|turn|2\n|\n|t:|1700366647\n|move|p2a: Magicians Red|Protect|p2a: Magicians Red\n|-singleturn|p2a: Magicians Red|Protect\n|move|p1a: Abomination|Fishious Rend|p2a: Magicians Red\n|-activate|p2a: Magicians Red|move: Protect\n|\n|-ability|p2a: Magicians Red|Speed Boost|boost\n|-boost|p2a: Magicians Red|spe|1\n|upkeep\n|turn|3\n|\n|t:|1700366654\n|detailschange|p2a: Magicians Red|Blaziken-Mega, M, shiny\n|-mega|p2a: Magicians Red|Blaziken|Blazikenite\n|move|p2a: Magicians Red|Swords Dance|p2a: Magicians Red\n|-boost|p2a: Magicians Red|atk|2\n|move|p1a: Abomination|Fishious Rend|p2a: Magicians Red\n|-supereffective|p2a: Magicians Red\n|-damage|p2a: Magicians Red|0 fnt\n|faint|p2a: Magicians Red\n|\n|upkeep\n|\n|t:|1700366662\n|switch|p2a: Fuego|Typhlosion-Hisui, M, shiny|100\/100\n|turn|4\n|\n|t:|1700366669\n|-terastallize|p2a: Fuego|Ghost\n|move|p1a: Abomination|Fishious Rend|p2a: Fuego\n|-damage|p2a: Fuego|0 fnt\n|faint|p2a: Fuego\n|\n|upkeep\n|\n|t:|1700366675\n|switch|p2a: Solo.|Metagross|100\/100\n|turn|5\n|\n|t:|1700366680\n|move|p1a: Abomination|Fishious Rend|p2a: Solo.\n|-damage|p2a: Solo.|0 fnt\n|faint|p2a: Solo.\n|\n|upkeep\n|\n|t:|1700366684\n|switch|p2a: Literally.. A Man|Landorus, M|100\/100\n|turn|6\n|\n|t:|1700366690\n|move|p1a: Abomination|Fishious Rend|p2a: Literally.. A Man\n|-supereffective|p2a: Literally.. A Man\n|-damage|p2a: Literally.. A Man|0 fnt\n|faint|p2a: Literally.. A Man\n|\n|upkeep\n|\n|t:|1700366694\n|switch|p2a: Overlord|Kingambit, F|100\/100\n|-activate|p2a: Overlord|ability: Supreme Overlord\n|-start|p2a: Overlord|fallen5|[silent]\n|turn|7\n|\n|t:|1700366700\n|move|p1a: Abomination|Fishious Rend|p2a: Overlord\n|-damage|p2a: Overlord|4\/100\n|move|p2a: Overlord|Kowtow Cleave|p1a: Abomination\n|-damage|p1a: Abomination|23\/100\n|\n|upkeep\n|turn|8\n|\n|t:|1700366707\n|move|p1a: Abomination|Fishious Rend|p2a: Overlord\n|-damage|p2a: Overlord|0 fnt\n|faint|p2a: Overlord\n|-end|p2a: Overlord|fallen5|[silent]\n|\n|win|vaperon gae cex\n|raw|vaperon gae cex's rating: 1030 &rarr; <strong>1062<\/strong><br \/>(+32 for winning)\n|raw|BlueUmbreon22's rating: 1000 &rarr; <strong>1000<\/strong><br \/>(+0 for losing)\n|l|\u2606BlueUmbreon22\n","uploadtime":1700366713,"views":7,"p1id":"vaperongaecex","p2id":"blueumbreon22","formatid":"gen9nationaldexubers","rating":1000,"private":0,"password":""}