{"id":"gen9nationaldexubers-1997531774","p1":"123uu","p2":"Relic Continent","format":"[Gen 9] National Dex Ubers","log":"|j|\u2606123uu\n|j|\u2606Relic Continent\n|t:|1700821200\n|gametype|singles\n|player|p1|123uu|volkner|1214\n|player|p2|Relic Continent|palmer|1302\n|teamsize|p1|6\n|teamsize|p2|6\n|gen|9\n|tier|[Gen 9] National Dex Ubers\n|rated|\n|rule|HP Percentage Mod: HP is shown in percentages\n|rule|Endless Battle Clause: Forcing endless battles is banned\n|rule|OHKO Clause: OHKO moves are banned\n|rule|Evasion Moves Clause: Evasion moves are banned\n|rule|Evasion Items Clause: Evasion items are banned\n|rule|Species Clause: Limit one of each Pok\u00e9mon\n|rule|Sleep Clause Mod: Limit one foe put to sleep\n|rule|Mega Rayquaza Clause: You cannot mega evolve Rayquaza\n|clearpoke\n|poke|p1|Baxcalibur, M|\n|poke|p1|Cyclizar, M|\n|poke|p1|Shaymin-Sky|\n|poke|p1|Kyurem|\n|poke|p1|Mewtwo|\n|poke|p1|Necrozma-Dusk-Mane|\n|poke|p2|Shaymin-Sky|\n|poke|p2|Ogerpon-Hearthflame, F|\n|poke|p2|Breloom, M|\n|poke|p2|Iron Leaves|\n|poke|p2|Ferrothorn, F|\n|poke|p2|Ludicolo, M|\n|teampreview\n|\n|t:|1700821211\n|start\n|switch|p1a: Kyurem|Kyurem|100\/100\n|switch|p2a: Shaymin|Shaymin-Sky|100\/100\n|-ability|p1a: Kyurem|Pressure\n|turn|1\n|\n|t:|1700821217\n|move|p2a: Shaymin|Air Slash|p1a: Kyurem\n|-damage|p1a: Kyurem|76\/100\n|move|p1a: Kyurem|Dragon Dance|p1a: Kyurem\n|-boost|p1a: Kyurem|atk|1\n|-boost|p1a: Kyurem|spe|1\n|\n|-heal|p1a: Kyurem|83\/100|[from] item: Leftovers\n|upkeep\n|turn|2\n|\n|t:|1700821227\n|switch|p2a: Ferrothorn|Ferrothorn, F|100\/100\n|move|p1a: Kyurem|Icicle Spear|p2a: Ferrothorn\n|-crit|p2a: Ferrothorn\n|-damage|p2a: Ferrothorn|85\/100\n|-damage|p2a: Ferrothorn|76\/100\n|-hitcount|p2a: Ferrothorn|2\n|\n|-heal|p1a: Kyurem|89\/100|[from] item: Leftovers\n|-heal|p2a: Ferrothorn|82\/100|[from] item: Leftovers\n|upkeep\n|turn|3\n|\n|t:|1700821238\n|move|p1a: Kyurem|Substitute|p1a: Kyurem\n|-start|p1a: Kyurem|Substitute\n|-damage|p1a: Kyurem|64\/100\n|move|p2a: Ferrothorn|Leech Seed||[still]\n|-fail|p2a: Ferrothorn\n|\n|-heal|p1a: Kyurem|70\/100|[from] item: Leftovers\n|-heal|p2a: Ferrothorn|88\/100|[from] item: Leftovers\n|upkeep\n|turn|4\n|\n|t:|1700821248\n|move|p1a: Kyurem|Dragon Dance|p1a: Kyurem\n|-boost|p1a: Kyurem|atk|1\n|-boost|p1a: Kyurem|spe|1\n|move|p2a: Ferrothorn|Body Press|p1a: Kyurem\n|-supereffective|p1a: Kyurem\n|-end|p1a: Kyurem|Substitute\n|\n|-heal|p1a: Kyurem|76\/100|[from] item: Leftovers\n|-heal|p2a: Ferrothorn|95\/100|[from] item: Leftovers\n|upkeep\n|turn|5\n|\n|t:|1700821259\n|move|p1a: Kyurem|Substitute|p1a: Kyurem\n|-start|p1a: Kyurem|Substitute\n|-damage|p1a: Kyurem|51\/100\n|move|p2a: Ferrothorn|Body Press|p1a: Kyurem\n|-supereffective|p1a: Kyurem\n|-end|p1a: Kyurem|Substitute\n|\n|-heal|p1a: Kyurem|58\/100|[from] item: Leftovers\n|-heal|p2a: Ferrothorn|100\/100|[from] item: Leftovers\n|upkeep\n|turn|6\n|\n|t:|1700821270\n|move|p1a: Kyurem|Roost|p1a: Kyurem\n|-heal|p1a: Kyurem|100\/100\n|-singleturn|p1a: Kyurem|move: Roost\n|move|p2a: Ferrothorn|Body Press|p1a: Kyurem\n|-supereffective|p1a: Kyurem\n|-damage|p1a: Kyurem|45\/100\n|\n|-heal|p1a: Kyurem|52\/100|[from] item: Leftovers\n|upkeep\n|turn|7\n|\n|t:|1700821282\n|-terastallize|p1a: Kyurem|Dragon\n|move|p1a: Kyurem|Roost|p1a: Kyurem\n|-heal|p1a: Kyurem|100\/100\n|move|p2a: Ferrothorn|Body Press|p1a: Kyurem\n|-damage|p1a: Kyurem|77\/100\n|\n|-heal|p1a: Kyurem|83\/100|[from] item: Leftovers\n|upkeep\n|turn|8\n|\n|t:|1700821292\n|move|p1a: Kyurem|Substitute|p1a: Kyurem\n|-start|p1a: Kyurem|Substitute\n|-damage|p1a: Kyurem|58\/100\n|move|p2a: Ferrothorn|Leech Seed|p1a: Kyurem|[miss]\n|-miss|p2a: Ferrothorn|p1a: Kyurem\n|\n|-heal|p1a: Kyurem|65\/100|[from] item: Leftovers\n|upkeep\n|turn|9\n|\n|t:|1700821301\n|move|p1a: Kyurem|Dragon Dance|p1a: Kyurem\n|-boost|p1a: Kyurem|atk|1\n|-boost|p1a: Kyurem|spe|1\n|move|p2a: Ferrothorn|Stealth Rock|p1a: Kyurem\n|-sidestart|p1: 123uu|move: Stealth Rock\n|\n|-heal|p1a: Kyurem|71\/100|[from] item: Leftovers\n|upkeep\n|turn|10\n|\n|t:|1700821309\n|move|p1a: Kyurem|Dragon Dance|p1a: Kyurem\n|-boost|p1a: Kyurem|atk|1\n|-boost|p1a: Kyurem|spe|1\n|move|p2a: Ferrothorn|Body Press|p1a: Kyurem\n|-activate|p1a: Kyurem|move: Substitute|[damage]\n|\n|-heal|p1a: Kyurem|77\/100|[from] item: Leftovers\n|upkeep\n|turn|11\n|\n|t:|1700821318\n|move|p1a: Kyurem|Dragon Dance|p1a: Kyurem\n|-boost|p1a: Kyurem|atk|1\n|-boost|p1a: Kyurem|spe|1\n|move|p2a: Ferrothorn|Body Press|p1a: Kyurem\n|-end|p1a: Kyurem|Substitute\n|\n|-heal|p1a: Kyurem|83\/100|[from] item: Leftovers\n|upkeep\n|turn|12\n|\n|t:|1700821335\n|move|p1a: Kyurem|Substitute|p1a: Kyurem\n|-start|p1a: Kyurem|Substitute\n|-damage|p1a: Kyurem|58\/100\n|move|p2a: Ferrothorn|Body Press|p1a: Kyurem\n|-end|p1a: Kyurem|Substitute\n|\n|-heal|p1a: Kyurem|64\/100|[from] item: Leftovers\n|upkeep\n|turn|13\n|\n|t:|1700821344\n|move|p1a: Kyurem|Substitute|p1a: Kyurem\n|-start|p1a: Kyurem|Substitute\n|-damage|p1a: Kyurem|39\/100\n|move|p2a: Ferrothorn|Leech Seed||[still]\n|-fail|p2a: Ferrothorn\n|\n|-heal|p1a: Kyurem|46\/100|[from] item: Leftovers\n|upkeep\n|turn|14\n|\n|t:|1700821353\n|move|p1a: Kyurem|Roost|p1a: Kyurem\n|-heal|p1a: Kyurem|96\/100\n|move|p2a: Ferrothorn|Body Press|p1a: Kyurem\n|-end|p1a: Kyurem|Substitute\n|\n|-heal|p1a: Kyurem|100\/100|[from] item: Leftovers\n|upkeep\n|turn|15\n|\n|t:|1700821364\n|switch|p2a: Ludicolo|Ludicolo, M|100\/100\n|move|p1a: Kyurem|Substitute|p1a: Kyurem\n|-start|p1a: Kyurem|Substitute\n|-damage|p1a: Kyurem|76\/100\n|\n|-heal|p1a: Kyurem|82\/100|[from] item: Leftovers\n|upkeep\n|turn|16\n|\n|t:|1700821373\n|move|p1a: Kyurem|Icicle Spear|p2a: Ludicolo\n|-crit|p2a: Ludicolo\n|-damage|p2a: Ludicolo|34\/100\n|-crit|p2a: Ludicolo\n|-damage|p2a: Ludicolo|0 fnt\n|faint|p2a: Ludicolo\n|-hitcount|p2: Ludicolo|2\n|\n|-heal|p1a: Kyurem|88\/100|[from] item: Leftovers\n|upkeep\n|\n|t:|1700821376\n|switch|p2a: Ogerpon|Ogerpon-Hearthflame, F|100\/100\n|-ability|p2a: Ogerpon|Mold Breaker\n|turn|17\n|\n|t:|1700821387\n|-terastallize|p2a: Ogerpon|Fire\n|detailschange|p2a: Ogerpon|Ogerpon-Hearthflame-Tera, F, tera:Fire\n|-ability|p2a: Ogerpon|Embody Aspect (Hearthflame)|boost\n|-boost|p2a: Ogerpon|atk|1\n|move|p1a: Kyurem|Icicle Spear|p2a: Ogerpon\n|-resisted|p2a: Ogerpon\n|-damage|p2a: Ogerpon|75\/100\n|-resisted|p2a: Ogerpon\n|-damage|p2a: Ogerpon|51\/100\n|-hitcount|p2a: Ogerpon|2\n|move|p2a: Ogerpon|Ivy Cudgel|p1a: Kyurem|[anim] Ivy Cudgel Fire\n|-resisted|p1a: Kyurem\n|-end|p1a: Kyurem|Substitute\n|\n|-heal|p1a: Kyurem|94\/100|[from] item: Leftovers\n|upkeep\n|turn|18\n|c|\u2606Relic Continent|I think I'm toasted\n|\n|t:|1700821406\n|move|p1a: Kyurem|Icicle Spear|p2a: Ogerpon\n|-resisted|p2a: Ogerpon\n|-damage|p2a: Ogerpon|27\/100\n|-resisted|p2a: Ogerpon\n|-damage|p2a: Ogerpon|2\/100\n|-resisted|p2a: Ogerpon\n|-damage|p2a: Ogerpon|0 fnt\n|faint|p2a: Ogerpon\n|-hitcount|p2: Ogerpon|3\n|\n|-heal|p1a: Kyurem|99\/100|[from] item: Leftovers\n|upkeep\n|\n|t:|1700821413\n|switch|p2a: Iron Leaves|Iron Leaves|100\/100\n|-enditem|p2a: Iron Leaves|Booster Energy\n|-activate|p2a: Iron Leaves|ability: Quark Drive|[fromitem]\n|-start|p2a: Iron Leaves|quarkdrivespe\n|turn|19\n|\n|t:|1700821421\n|move|p1a: Kyurem|Substitute|p1a: Kyurem\n|-start|p1a: Kyurem|Substitute\n|-damage|p1a: Kyurem|75\/100\n|move|p2a: Iron Leaves|Psyblade|p1a: Kyurem\n|-end|p1a: Kyurem|Substitute\n|\n|-heal|p1a: Kyurem|82\/100|[from] item: Leftovers\n|upkeep\n|turn|20\n|\n|t:|1700821430\n|move|p1a: Kyurem|Icicle Spear|p2a: Iron Leaves\n|-supereffective|p2a: Iron Leaves\n|-damage|p2a: Iron Leaves|16\/100\n|-supereffective|p2a: Iron Leaves\n|-damage|p2a: Iron Leaves|0 fnt\n|faint|p2a: Iron Leaves\n|-end|p2a: Iron Leaves|Quark Drive|[silent]\n|-hitcount|p2: Iron Leaves|2\n|\n|-heal|p1a: Kyurem|88\/100|[from] item: Leftovers\n|upkeep\n|\n|t:|1700821433\n|switch|p2a: Breloom|Breloom, M|100\/100\n|turn|21\n|\n|t:|1700821436\n|move|p2a: Breloom|Mach Punch|p1a: Kyurem\n|-damage|p1a: Kyurem|60\/100\n|move|p1a: Kyurem|Icicle Spear|p2a: Breloom\n|-supereffective|p2a: Breloom\n|-enditem|p2a: Breloom|Focus Sash\n|-damage|p2a: Breloom|1\/100\n|-supereffective|p2a: Breloom\n|-damage|p2a: Breloom|0 fnt\n|faint|p2a: Breloom\n|-hitcount|p2: Breloom|2\n|\n|-heal|p1a: Kyurem|67\/100|[from] item: Leftovers\n|upkeep\n|\n|t:|1700821441\n|switch|p2a: Ferrothorn|Ferrothorn, F|100\/100\n|turn|22\n|\n|t:|1700821452\n|switch|p2a: Shaymin|Shaymin-Sky|100\/100\n|move|p1a: Kyurem|Icicle Spear|p2a: Shaymin\n|-supereffective|p2a: Shaymin\n|-damage|p2a: Shaymin|0 fnt\n|faint|p2a: Shaymin\n|-hitcount|p2: Shaymin|1\n|\n|-heal|p1a: Kyurem|73\/100|[from] item: Leftovers\n|upkeep\n|\n|t:|1700821457\n|switch|p2a: Ferrothorn|Ferrothorn, F|100\/100\n|turn|23\n|\n|t:|1700821465\n|move|p1a: Kyurem|Icicle Spear|p2a: Ferrothorn\n|-damage|p2a: Ferrothorn|79\/100\n|-damage|p2a: Ferrothorn|57\/100\n|-hitcount|p2a: Ferrothorn|2\n|move|p2a: Ferrothorn|Leech Seed|p1a: Kyurem\n|-start|p1a: Kyurem|move: Leech Seed\n|\n|-heal|p1a: Kyurem|79\/100|[from] item: Leftovers\n|-heal|p2a: Ferrothorn|63\/100|[from] item: Leftovers\n|-damage|p1a: Kyurem|67\/100|[from] Leech Seed|[of] p2a: Ferrothorn\n|-heal|p2a: Ferrothorn|79\/100|[silent]\n|upkeep\n|turn|24\n|\n|t:|1700821479\n|move|p2a: Ferrothorn|Protect|p2a: Ferrothorn\n|-singleturn|p2a: Ferrothorn|Protect\n|move|p1a: Kyurem|Icicle Spear|p2a: Ferrothorn\n|-activate|p2a: Ferrothorn|move: Protect\n|\n|-heal|p1a: Kyurem|73\/100|[from] item: Leftovers\n|-heal|p2a: Ferrothorn|85\/100|[from] item: Leftovers\n|-damage|p1a: Kyurem|60\/100|[from] Leech Seed|[of] p2a: Ferrothorn\n|-heal|p2a: Ferrothorn|100\/100|[silent]\n|upkeep\n|turn|25\n|\n|t:|1700821490\n|move|p1a: Kyurem|Icicle Spear|p2a: Ferrothorn\n|-damage|p2a: Ferrothorn|78\/100\n|-damage|p2a: Ferrothorn|55\/100\n|-hitcount|p2a: Ferrothorn|2\n|move|p2a: Ferrothorn|Stealth Rock||[still]\n|-fail|p2a: Ferrothorn\n|\n|-heal|p1a: Kyurem|67\/100|[from] item: Leftovers\n|-heal|p2a: Ferrothorn|61\/100|[from] item: Leftovers\n|-damage|p1a: Kyurem|54\/100|[from] Leech Seed|[of] p2a: Ferrothorn\n|-heal|p2a: Ferrothorn|77\/100|[silent]\n|upkeep\n|turn|26\n|\n|t:|1700821502\n|move|p2a: Ferrothorn|Protect|p2a: Ferrothorn\n|-singleturn|p2a: Ferrothorn|Protect\n|move|p1a: Kyurem|Icicle Spear|p2a: Ferrothorn\n|-activate|p2a: Ferrothorn|move: Protect\n|\n|-heal|p1a: Kyurem|60\/100|[from] item: Leftovers\n|-heal|p2a: Ferrothorn|83\/100|[from] item: Leftovers\n|-damage|p1a: Kyurem|48\/100|[from] Leech Seed|[of] p2a: Ferrothorn\n|-heal|p2a: Ferrothorn|99\/100|[silent]\n|upkeep\n|turn|27\n|c|\u2606Relic Continent|Welp, GG\n|c|\u2606Relic Continent|I lost anyway\n|\n|t:|1700821514\n|move|p2a: Ferrothorn|Protect||[still]\n|-fail|p2a: Ferrothorn\n|move|p1a: Kyurem|Icicle Spear|p2a: Ferrothorn\n|-damage|p2a: Ferrothorn|76\/100\n|-damage|p2a: Ferrothorn|54\/100\n|-damage|p2a: Ferrothorn|33\/100\n|-damage|p2a: Ferrothorn|12\/100\n|-damage|p2a: Ferrothorn|0 fnt\n|faint|p2a: Ferrothorn\n|-hitcount|p2: Ferrothorn|5\n|\n|win|123uu\n|raw|123uu's rating: 1214 &rarr; <strong>1245<\/strong><br \/>(+31 for winning)\n|raw|Relic Continent's rating: 1302 &rarr; <strong>1277<\/strong><br \/>(-25 for losing)\n|l|\u2606Relic Continent\n","uploadtime":1700821527,"views":16,"p1id":"123uu","p2id":"reliccontinent","formatid":"gen9nationaldexubers","rating":1245,"private":0,"password":""}