{"id":"gen9nationaldexubers-1997601291","p1":"dedennedaisuki","p2":"kakosaru","format":"[Gen 9] National Dex Ubers","log":"|j|\u203ddedennedaisuki\n|j|\u2606kakosaru\n|inactive|Battle timer is ON: inactive players will automatically lose when time's up.\n|t:|1700831454\n|gametype|singles\n|player|p1|dedennedaisuki|266|\n|player|p2|kakosaru|serena|\n|teamsize|p1|6\n|teamsize|p2|6\n|gen|9\n|tier|[Gen 9] National Dex Ubers\n|rated|Tournament battle\n|rule|HP Percentage Mod: HP is shown in percentages\n|rule|Endless Battle Clause: Forcing endless battles is banned\n|rule|OHKO Clause: OHKO moves are banned\n|rule|Evasion Moves Clause: Evasion moves are banned\n|rule|Evasion Items Clause: Evasion items are banned\n|rule|Species Clause: Limit one of each Pok\u00e9mon\n|rule|Sleep Clause Mod: Limit one foe put to sleep\n|rule|Mega Rayquaza Clause: You cannot mega evolve Rayquaza\n|clearpoke\n|poke|p1|Groudon|\n|poke|p1|Necrozma-Dusk-Mane|\n|poke|p1|Calyrex-Ice|\n|poke|p1|Espathra, F|\n|poke|p1|Dedenne, F|\n|poke|p1|Eternatus|\n|poke|p2|Kangaskhan, F|\n|poke|p2|Kyogre|\n|poke|p2|Zacian-*|\n|poke|p2|Zygarde|\n|poke|p2|Arceus|\n|poke|p2|Marshadow|\n|teampreview\n|inactive|dedennedaisuki also wants the timer to be on.\n|inactive|kakosaru also wants the timer to be on.\n|j| Xifo zue\n|c|\u2606kakosaru|\u4e00\u822c\u96fb\u6c17\u9f20\u3044\u3044\u306d\n|\n|t:|1700831475\n|start\n|switch|p1a: Espathra|Espathra, F|100\/100\n|switch|p2a: Kangaskhan|Kangaskhan, F|100\/100\n|turn|1\n|\n|t:|1700831483\n|detailschange|p2a: Kangaskhan|Kangaskhan-Mega, F\n|-mega|p2a: Kangaskhan|Kangaskhan|Kangaskhanite\n|move|p1a: Espathra|Lumina Crash|p2a: Kangaskhan\n|-damage|p2a: Kangaskhan|71\/100\n|-unboost|p2a: Kangaskhan|spd|2\n|move|p2a: Kangaskhan|Shadow Claw|p1a: Espathra\n|-supereffective|p1a: Espathra\n|-crit|p1a: Espathra\n|-damage|p1a: Espathra|17\/100\n|-supereffective|p1a: Espathra\n|-crit|p1a: Espathra\n|-damage|p1a: Espathra|0 fnt\n|faint|p1a: Espathra\n|-hitcount|p1: Espathra|2\n|\n|upkeep\n|\n|t:|1700831503\n|switch|p1a: Dedenne|Dedenne, F|100\/100\n|turn|2\n|\n|t:|1700831510\n|move|p1a: Dedenne|Discharge|p2a: Kangaskhan\n|-damage|p2a: Kangaskhan|36\/100\n|move|p2a: Kangaskhan|Seismic Toss|p1a: Dedenne\n|-damage|p1a: Dedenne|67\/100\n|-damage|p1a: Dedenne|34\/100\n|-hitcount|p1a: Dedenne|2\n|\n|upkeep\n|turn|3\n|\n|t:|1700831520\n|move|p1a: Dedenne|Discharge|p2a: Kangaskhan\n|-damage|p2a: Kangaskhan|0 fnt\n|faint|p2a: Kangaskhan\n|\n|upkeep\n|j|@NaM200\n|\n|t:|1700831527\n|switch|p2a: Arceus|Arceus|100\/100\n|turn|4\n|\n|t:|1700831533\n|move|p2a: Arceus|Extreme Speed|p1a: Dedenne\n|-damage|p1a: Dedenne|0 fnt\n|faint|p1a: Dedenne\n|\n|upkeep\n|\n|t:|1700831544\n|switch|p1a: Necrozma|Necrozma-Dusk-Mane|100\/100\n|turn|5\n|\n|t:|1700831551\n|move|p1a: Necrozma|Dragon Dance|p1a: Necrozma\n|-boost|p1a: Necrozma|atk|1\n|-boost|p1a: Necrozma|spe|1\n|move|p2a: Arceus|Swords Dance|p2a: Arceus\n|-boost|p2a: Arceus|atk|2\n|\n|upkeep\n|turn|6\n|\n|t:|1700831558\n|move|p1a: Necrozma|Sunsteel Strike|p2a: Arceus\n|-damage|p2a: Arceus|46\/100\n|move|p2a: Arceus|Earthquake|p1a: Necrozma\n|-supereffective|p1a: Necrozma\n|-damage|p1a: Necrozma|14\/100\n|-enditem|p1a: Necrozma|Weakness Policy\n|-boost|p1a: Necrozma|atk|2|[from] item: Weakness Policy\n|-boost|p1a: Necrozma|spa|2|[from] item: Weakness Policy\n|\n|-heal|p2a: Arceus|52\/100|[from] item: Leftovers\n|upkeep\n|turn|7\n|\n|t:|1700831569\n|move|p2a: Arceus|Extreme Speed|p1a: Necrozma\n|-resisted|p1a: Necrozma\n|-crit|p1a: Necrozma\n|-damage|p1a: Necrozma|0 fnt\n|faint|p1a: Necrozma\n|\n|-heal|p2a: Arceus|58\/100|[from] item: Leftovers\n|upkeep\n|\n|t:|1700831575\n|switch|p1a: Calyrex|Calyrex-Ice|100\/100\n|-ability|p1a: Calyrex|As One\n|-ability|p1a: Calyrex|Unnerve\n|turn|8\n|\n|t:|1700831588\n|move|p2a: Arceus|Recover|p2a: Arceus\n|-heal|p2a: Arceus|100\/100\n|move|p1a: Calyrex|Glacial Lance|p2a: Arceus\n|-damage|p2a: Arceus|50\/100\n|\n|-heal|p2a: Arceus|56\/100|[from] item: Leftovers\n|upkeep\n|turn|9\n|\n|t:|1700831596\n|move|p2a: Arceus|Extreme Speed|p1a: Calyrex\n|-damage|p1a: Calyrex|47\/100\n|move|p1a: Calyrex|Trick Room|p1a: Calyrex\n|-fieldstart|move: Trick Room|[of] p1a: Calyrex\n|\n|-heal|p2a: Arceus|62\/100|[from] item: Leftovers\n|upkeep\n|turn|10\n|\n|t:|1700831602\n|-terastallize|p1a: Calyrex|Ice\n|move|p2a: Arceus|Extreme Speed|p1a: Calyrex\n|-damage|p1a: Calyrex|0 fnt\n|faint|p1a: Calyrex\n|\n|-heal|p2a: Arceus|68\/100|[from] item: Leftovers\n|upkeep\n|\n|t:|1700831608\n|switch|p1a: Groudon|Groudon|100\/100\n|detailschange|p1a: Groudon|Groudon-Primal\n|-primal|p1a: Groudon|Red Orb\n|-weather|DesolateLand|[from] ability: Desolate Land|[of] p1a: Groudon\n|turn|11\n|\n|t:|1700831614\n|move|p1a: Groudon|Eruption|p2a: Arceus\n|-damage|p2a: Arceus|0 fnt\n|faint|p2a: Arceus\n|\n|-weather|DesolateLand|[upkeep]\n|upkeep\n|\n|t:|1700831619\n|switch|p2a: Kyogre|Kyogre, shiny|100\/100\n|detailschange|p2a: Kyogre|Kyogre-Primal, shiny\n|-primal|p2a: Kyogre|Blue Orb\n|-weather|PrimordialSea|[from] ability: Primordial Sea|[of] p2a: Kyogre\n|turn|12\n|\n|t:|1700831626\n|move|p1a: Groudon|Precipice Blades|p2a: Kyogre\n|-damage|p2a: Kyogre|43\/100\n|move|p2a: Kyogre|Scald|p1a: Groudon\n|-supereffective|p1a: Groudon\n|-damage|p1a: Groudon|0 fnt\n|faint|p1a: Groudon\n|\n|-weather|PrimordialSea|[upkeep]\n|upkeep\n|\n|t:|1700831633\n|switch|p1a: Eternatus|Eternatus|100\/100\n|-ability|p1a: Eternatus|Pressure\n|turn|13\n|\n|t:|1700831637\n|move|p2a: Kyogre|Rest|p2a: Kyogre\n|-status|p2a: Kyogre|slp|[from] move: Rest\n|-heal|p2a: Kyogre|100\/100 slp|[silent]\n|move|p1a: Eternatus|Dynamax Cannon|p2a: Kyogre\n|-crit|p2a: Kyogre\n|-damage|p2a: Kyogre|50\/100 slp\n|\n|-weather|PrimordialSea|[upkeep]\n|-fieldend|move: Trick Room\n|upkeep\n|turn|14\n|\n|t:|1700831645\n|move|p1a: Eternatus|Dynamax Cannon|p2a: Kyogre\n|-damage|p2a: Kyogre|15\/100 slp\n|cant|p2a: Kyogre|slp\n|move|p2a: Kyogre|Sleep Talk|p2a: Kyogre\n|move|p2a: Kyogre|Rest||[from]move: Sleep Talk|[still]\n|-fail|p2a: Kyogre\n|\n|-weather|PrimordialSea|[upkeep]\n|upkeep\n|turn|15\n|\n|t:|1700831652\n|move|p1a: Eternatus|Dynamax Cannon|p2a: Kyogre\n|-damage|p2a: Kyogre|0 fnt\n|faint|p2a: Kyogre\n|-weather|none\n|\n|upkeep\n|\n|t:|1700831667\n|switch|p2a: Zacian|Zacian-Crowned|100\/100\n|-ability|p2a: Zacian|Intrepid Sword|boost\n|-boost|p2a: Zacian|atk|1\n|turn|16\n|\n|t:|1700831671\n|move|p1a: Eternatus|Dynamax Cannon|p2a: Zacian\n|-immune|p2a: Zacian\n|move|p2a: Zacian|Behemoth Blade|p1a: Eternatus\n|-damage|p1a: Eternatus|21\/100\n|\n|upkeep\n|turn|17\n|c|\u2606kakosaru|\u3042\n|\n|t:|1700831679\n|move|p2a: Zacian|Quick Attack|p1a: Eternatus\n|-damage|p1a: Eternatus|3\/100\n|move|p1a: Eternatus|Dynamax Cannon|p2a: Zacian\n|-immune|p2a: Zacian\n|\n|upkeep\n|turn|18\n|j| Nanakado\n|\n|t:|1700831684\n|move|p2a: Zacian|Quick Attack|p1a: Eternatus\n|-damage|p1a: Eternatus|0 fnt\n|faint|p1a: Eternatus\n|\n|win|kakosaru\n|n|\u203ddedennedaisuki|dedennedaisuki\n|n|\u2606kakosaru|kakosaru\n|n| Xifo zue|xifozue\n|n| NaM200|nam200\n|n| Nanakado|nanakado\n","uploadtime":1700831685,"views":1,"p1id":"dedennedaisuki","p2id":"kakosaru","formatid":"gen9nationaldexubers","rating":0,"private":0,"password":""}