{"id":"gen9nationaldexubers-1986238032","p1":"xMiggsx__","p2":"BagelMinty","format":"[Gen 9] National Dex Ubers","log":"|j|\u2606xMiggsx__\n|j|\u2606BagelMinty\n|t:|1699462377\n|gametype|singles\n|player|p1|xMiggsx__|cynthia|\n|player|p2|BagelMinty|n|\n|teamsize|p1|6\n|teamsize|p2|6\n|gen|9\n|tier|[Gen 9] National Dex Ubers\n|rule|HP Percentage Mod: HP is shown in percentages\n|rule|Endless Battle Clause: Forcing endless battles is banned\n|rule|OHKO Clause: OHKO moves are banned\n|rule|Evasion Moves Clause: Evasion moves are banned\n|rule|Evasion Items Clause: Evasion items are banned\n|rule|Species Clause: Limit one of each Pok\u00e9mon\n|rule|Sleep Clause Mod: Limit one foe put to sleep\n|rule|Mega Rayquaza Clause: You cannot mega evolve Rayquaza\n|clearpoke\n|poke|p1|Annihilape, M|\n|poke|p1|Baxcalibur, F|\n|poke|p1|Ursaluna-Bloodmoon, M|\n|poke|p1|Palafin, M|\n|poke|p1|Iron Valiant|\n|poke|p1|Flutter Mane|\n|poke|p2|Blissey, F|\n|poke|p2|Steelix, M|\n|poke|p2|Tyranitar, M|\n|poke|p2|Lugia|\n|poke|p2|Heracross, M|\n|poke|p2|Suicune|\n|teampreview\n|inactive|Battle timer is ON: inactive players will automatically lose when time's up. (requested by BagelMinty)\n|\n|t:|1699462401\n|start\n|switch|p1a: Palafin|Palafin, M, shiny|100\/100\n|switch|p2a: Blissey|Blissey, F|100\/100\n|turn|1\n|\n|t:|1699462418\n|move|p1a: Palafin|Drain Punch|p2a: Blissey\n|-supereffective|p2a: Blissey\n|-damage|p2a: Blissey|47\/100\n|move|p2a: Blissey|Thunder Wave|p1a: Palafin\n|-status|p1a: Palafin|par\n|\n|upkeep\n|turn|2\n|\n|t:|1699462426\n|move|p1a: Palafin|Drain Punch|p2a: Blissey\n|-supereffective|p2a: Blissey\n|-damage|p2a: Blissey|0 fnt\n|faint|p2a: Blissey\n|\n|upkeep\n|\n|t:|1699462435\n|switch|p2a: Heracross|Heracross, M|100\/100\n|turn|3\n|\n|t:|1699462448\n|detailschange|p1a: Palafin|Palafin-Hero, M, shiny\n|switch|p1a: Flutter Mane|Flutter Mane|100\/100\n|move|p2a: Heracross|Close Combat|p1a: Flutter Mane\n|-immune|p1a: Flutter Mane\n|\n|-status|p2a: Heracross|brn|[from] item: Flame Orb\n|upkeep\n|turn|4\n|\n|t:|1699462464\n|switch|p2a: Tyranitar|Tyranitar, M|100\/100\n|-weather|Sandstorm|[from] ability: Sand Stream|[of] p2a: Tyranitar\n|move|p1a: Flutter Mane|Moonblast|p2a: Tyranitar\n|-supereffective|p2a: Tyranitar\n|-damage|p2a: Tyranitar|38\/100\n|\n|-weather|Sandstorm|[upkeep]\n|-damage|p1a: Flutter Mane|95\/100|[from] Sandstorm\n|-heal|p2a: Tyranitar|44\/100|[from] item: Leftovers\n|upkeep\n|turn|5\n|\n|t:|1699462476\n|move|p1a: Flutter Mane|Moonblast|p2a: Tyranitar\n|-supereffective|p2a: Tyranitar\n|-damage|p2a: Tyranitar|0 fnt\n|faint|p2a: Tyranitar\n|\n|-weather|Sandstorm|[upkeep]\n|-damage|p1a: Flutter Mane|89\/100|[from] Sandstorm\n|upkeep\n|\n|t:|1699462479\n|switch|p2a: Steelix|Steelix, M|100\/100\n|turn|6\n|\n|t:|1699462492\n|-end|p1a: Flutter Mane|Protosynthesis|[silent]\n|switch|p1a: Annihilape|Annihilape, M, shiny|100\/100\n|detailschange|p2a: Steelix|Steelix-Mega, M\n|-mega|p2a: Steelix|Steelix|Steelixite\n|move|p2a: Steelix|Gyro Ball|p1a: Annihilape\n|-damage|p1a: Annihilape|33\/100\n|\n|-weather|Sandstorm|[upkeep]\n|-damage|p1a: Annihilape|27\/100|[from] Sandstorm\n|upkeep\n|turn|7\n|\n|t:|1699462511\n|switch|p2a: Lugia|Lugia|100\/100\n|move|p1a: Annihilape|Drain Punch|p2a: Lugia\n|-resisted|p2a: Lugia\n|-damage|p2a: Lugia|97\/100\n|-heal|p1a: Annihilape|29\/100|[from] drain|[of] p2a: Lugia\n|-damage|p1a: Annihilape|19\/100|[from] item: Life Orb\n|\n|-weather|Sandstorm|[upkeep]\n|-damage|p2a: Lugia|91\/100|[from] Sandstorm\n|-damage|p1a: Annihilape|13\/100|[from] Sandstorm\n|upkeep\n|turn|8\n|\n|t:|1699462528\n|move|p2a: Lugia|Ice Beam|p1a: Annihilape\n|-damage|p1a: Annihilape|0 fnt\n|faint|p1a: Annihilape\n|\n|-weather|none\n|upkeep\n|\n|t:|1699462535\n|switch|p1a: Palafin|Palafin-Hero, M, shiny|100\/100 par\n|-activate|p1a: Palafin|ability: Zero to Hero\n|turn|9\n|\n|t:|1699462544\n|move|p2a: Lugia|Ice Beam|p1a: Palafin\n|-resisted|p1a: Palafin\n|-damage|p1a: Palafin|89\/100 par\n|move|p1a: Palafin|Ice Punch|p2a: Lugia\n|-supereffective|p2a: Lugia\n|-damage|p2a: Lugia|46\/100\n|\n|upkeep\n|turn|10\n|\n|t:|1699462554\n|move|p2a: Lugia|Roost|p2a: Lugia\n|-heal|p2a: Lugia|96\/100\n|-singleturn|p2a: Lugia|move: Roost\n|move|p1a: Palafin|Ice Punch|p2a: Lugia\n|-damage|p2a: Lugia|70\/100\n|\n|upkeep\n|turn|11\n|\n|t:|1699462568\n|switch|p2a: Suicune|Suicune|100\/100\n|-ability|p2a: Suicune|Pressure\n|move|p1a: Palafin|Ice Punch|p2a: Suicune\n|-resisted|p2a: Suicune\n|-damage|p2a: Suicune|86\/100\n|\n|-heal|p2a: Suicune|92\/100|[from] item: Leftovers\n|upkeep\n|turn|12\n|\n|t:|1699462582\n|switch|p1a: Flutter Mane|Flutter Mane|89\/100\n|move|p2a: Suicune|Substitute|p2a: Suicune\n|-start|p2a: Suicune|Substitute\n|-damage|p2a: Suicune|67\/100\n|\n|-heal|p2a: Suicune|73\/100|[from] item: Leftovers\n|upkeep\n|turn|13\n|\n|t:|1699462596\n|move|p1a: Flutter Mane|Thunderbolt|p2a: Suicune\n|-supereffective|p2a: Suicune\n|-crit|p2a: Suicune\n|-end|p2a: Suicune|Substitute\n|move|p2a: Suicune|Scald|p1a: Flutter Mane\n|-damage|p1a: Flutter Mane|62\/100\n|\n|-heal|p2a: Suicune|79\/100|[from] item: Leftovers\n|upkeep\n|turn|14\n|\n|t:|1699462606\n|move|p2a: Suicune|Protect|p2a: Suicune\n|-singleturn|p2a: Suicune|Protect\n|move|p1a: Flutter Mane|Thunderbolt|p2a: Suicune\n|-activate|p2a: Suicune|move: Protect\n|\n|-heal|p2a: Suicune|86\/100|[from] item: Leftovers\n|upkeep\n|turn|15\n|\n|t:|1699462612\n|switch|p2a: Steelix|Steelix-Mega, M|100\/100\n|move|p1a: Flutter Mane|Thunderbolt|p2a: Steelix\n|-immune|p2a: Steelix\n|\n|upkeep\n|turn|16\n|\n|t:|1699462624\n|-end|p1a: Flutter Mane|Protosynthesis|[silent]\n|switch|p1a: Iron Valiant|Iron Valiant|100\/100\n|-enditem|p1a: Iron Valiant|Booster Energy\n|-activate|p1a: Iron Valiant|ability: Quark Drive|[fromitem]\n|-start|p1a: Iron Valiant|quarkdrivespe\n|move|p2a: Steelix|Gyro Ball|p1a: Iron Valiant\n|-supereffective|p1a: Iron Valiant\n|-damage|p1a: Iron Valiant|0 fnt\n|faint|p1a: Iron Valiant\n|-end|p1a: Iron Valiant|Quark Drive|[silent]\n|\n|upkeep\n|\n|t:|1699462638\n|switch|p1a: Palafin|Palafin-Hero, M, shiny|89\/100 par\n|turn|17\n|\n|t:|1699462650\n|switch|p2a: Suicune|Suicune|86\/100\n|-ability|p2a: Suicune|Pressure\n|move|p1a: Palafin|Wave Crash|p2a: Suicune\n|-resisted|p2a: Suicune\n|-damage|p2a: Suicune|53\/100\n|-damage|p1a: Palafin|76\/100 par|[from] Recoil\n|\n|-heal|p2a: Suicune|59\/100|[from] item: Leftovers\n|upkeep\n|turn|18\n|\n|t:|1699462669\n|move|p2a: Suicune|Substitute|p2a: Suicune\n|-start|p2a: Suicune|Substitute\n|-damage|p2a: Suicune|34\/100\n|move|p1a: Palafin|Wave Crash|p2a: Suicune\n|-resisted|p2a: Suicune\n|-end|p2a: Suicune|Substitute\n|-damage|p1a: Palafin|66\/100 par|[from] Recoil|[of] p2a: Suicune\n|\n|-heal|p2a: Suicune|40\/100|[from] item: Leftovers\n|upkeep\n|turn|19\n|\n|t:|1699462680\n|move|p2a: Suicune|Protect|p2a: Suicune\n|-singleturn|p2a: Suicune|Protect\n|move|p1a: Palafin|Wave Crash|p2a: Suicune\n|-activate|p2a: Suicune|move: Protect\n|\n|-heal|p2a: Suicune|46\/100|[from] item: Leftovers\n|upkeep\n|turn|20\n|\n|t:|1699462693\n|switch|p1a: Flutter Mane|Flutter Mane|62\/100\n|move|p2a: Suicune|Scald|p1a: Flutter Mane\n|-crit|p1a: Flutter Mane\n|-damage|p1a: Flutter Mane|20\/100\n|\n|-heal|p2a: Suicune|52\/100|[from] item: Leftovers\n|upkeep\n|turn|21\n|\n|t:|1699462702\n|move|p2a: Suicune|Protect|p2a: Suicune\n|-singleturn|p2a: Suicune|Protect\n|move|p1a: Flutter Mane|Thunderbolt|p2a: Suicune\n|-activate|p2a: Suicune|move: Protect\n|\n|-heal|p2a: Suicune|59\/100|[from] item: Leftovers\n|upkeep\n|turn|22\n|\n|t:|1699462712\n|-end|p1a: Flutter Mane|Protosynthesis|[silent]\n|switch|p1a: Ursaluna|Ursaluna-Bloodmoon, M|100\/100\n|-terastallize|p2a: Suicune|Fairy\n|move|p2a: Suicune|Scald|p1a: Ursaluna\n|-supereffective|p1a: Ursaluna\n|-damage|p1a: Ursaluna|45\/100\n|\n|-heal|p2a: Suicune|65\/100|[from] item: Leftovers\n|-heal|p1a: Ursaluna|51\/100|[from] item: Leftovers\n|upkeep\n|turn|23\n|\n|t:|1699462731\n|move|p2a: Suicune|Scald|p1a: Ursaluna\n|-supereffective|p1a: Ursaluna\n|-damage|p1a: Ursaluna|0 fnt\n|faint|p1a: Ursaluna\n|\n|-heal|p2a: Suicune|71\/100|[from] item: Leftovers\n|upkeep\n|\n|t:|1699462738\n|switch|p1a: Baxcalibur|Baxcalibur, F|100\/100\n|turn|24\n|\n|t:|1699462753\n|move|p1a: Baxcalibur|Icicle Spear|p2a: Suicune\n|-damage|p2a: Suicune|61\/100\n|-damage|p2a: Suicune|52\/100\n|-damage|p2a: Suicune|42\/100\n|-damage|p2a: Suicune|32\/100\n|-hitcount|p2a: Suicune|4\n|move|p2a: Suicune|Calm Mind|p2a: Suicune\n|-boost|p2a: Suicune|spa|1\n|-boost|p2a: Suicune|spd|1\n|\n|-heal|p2a: Suicune|39\/100|[from] item: Leftovers\n|upkeep\n|turn|25\n|\n|t:|1699462778\n|move|p2a: Suicune|Protect|p2a: Suicune\n|-singleturn|p2a: Suicune|Protect\n|move|p1a: Baxcalibur|Icicle Spear|p2a: Suicune\n|-activate|p2a: Suicune|move: Protect\n|\n|-heal|p2a: Suicune|45\/100|[from] item: Leftovers\n|upkeep\n|turn|26\n|\n|t:|1699462794\n|move|p1a: Baxcalibur|Icicle Spear|p2a: Suicune\n|-damage|p2a: Suicune|35\/100\n|-damage|p2a: Suicune|26\/100\n|-damage|p2a: Suicune|15\/100\n|-damage|p2a: Suicune|7\/100\n|-hitcount|p2a: Suicune|4\n|move|p2a: Suicune|Scald|p1a: Baxcalibur\n|-resisted|p1a: Baxcalibur\n|-damage|p1a: Baxcalibur|82\/100\n|\n|-heal|p2a: Suicune|13\/100|[from] item: Leftovers\n|upkeep\n|turn|27\n|\n|t:|1699462808\n|switch|p1a: Palafin|Palafin-Hero, M, shiny|66\/100 par\n|move|p2a: Suicune|Protect||[still]\n|-fail|p2a: Suicune\n|\n|-heal|p2a: Suicune|19\/100|[from] item: Leftovers\n|upkeep\n|turn|28\n|\n|t:|1699462818\n|move|p2a: Suicune|Scald|p1a: Palafin\n|-resisted|p1a: Palafin\n|-damage|p1a: Palafin|44\/100 par\n|move|p1a: Palafin|Flip Turn|p2a: Suicune\n|-damage|p2a: Suicune|0 fnt\n|faint|p2a: Suicune\n|\n|t:|1699462826\n|switch|p1a: Flutter Mane|Flutter Mane|20\/100|[from] Flip Turn\n|\n|upkeep\n|\n|t:|1699462837\n|switch|p2a: Lugia|Lugia|70\/100\n|turn|29\n|\n|t:|1699462851\n|move|p1a: Flutter Mane|Shadow Ball|p2a: Lugia\n|-supereffective|p2a: Lugia\n|-damage|p2a: Lugia|0 fnt\n|faint|p2a: Lugia\n|\n|upkeep\n|\n|t:|1699462854\n|switch|p2a: Steelix|Steelix-Mega, M|100\/100\n|turn|30\n|\n|t:|1699462859\n|move|p1a: Flutter Mane|Shadow Ball|p2a: Steelix\n|-damage|p2a: Steelix|37\/100\n|move|p2a: Steelix|Gyro Ball|p1a: Flutter Mane\n|-supereffective|p1a: Flutter Mane\n|-damage|p1a: Flutter Mane|0 fnt\n|faint|p1a: Flutter Mane\n|-end|p1a: Flutter Mane|Protosynthesis|[silent]\n|\n|upkeep\n|\n|t:|1699462882\n|switch|p1a: Palafin|Palafin-Hero, M, shiny|44\/100 par\n|turn|31\n|\n|t:|1699462895\n|move|p1a: Palafin|Wave Crash|p2a: Steelix\n|-supereffective|p2a: Steelix\n|-damage|p2a: Steelix|0 fnt\n|faint|p2a: Steelix\n|-damage|p1a: Palafin|31\/100 par|[from] Recoil\n|\n|upkeep\n|\n|t:|1699462897\n|switch|p2a: Heracross|Heracross, M|100\/100 brn\n|turn|32\n|\n|t:|1699462908\n|move|p2a: Heracross|Facade|p1a: Palafin\n|-damage|p1a: Palafin|0 fnt\n|faint|p1a: Palafin\n|\n|-damage|p2a: Heracross|95\/100 brn|[from] brn\n|upkeep\n|\n|t:|1699462911\n|switch|p1a: Baxcalibur|Baxcalibur, F|82\/100\n|turn|33\n|\n|t:|1699462924\n|-terastallize|p1a: Baxcalibur|Dragon\n|move|p1a: Baxcalibur|Glaive Rush|p2a: Heracross\n|-damage|p2a: Heracross|0 fnt\n|-singlemove|p1a: Baxcalibur|Glaive Rush|[silent]\n|faint|p2a: Heracross\n|\n|win|xMiggsx__\n|l|\u2606BagelMinty\n|c|\u2606xMiggsx__|HAHAHAHAHAHA\n","uploadtime":1699462949,"views":31,"p1id":"xmiggsx","p2id":"bagelminty","formatid":"gen9nationaldexubers","rating":0,"private":0,"password":""}