{"id":"gen9nationaldexubers-1989325509","p1":"KingAdBro","p2":"boringpokes","format":"[Gen 9] National Dex Ubers","log":"|j|\u2606KingAdBro\n|j|\u2606boringpokes\n|t:|1699836589\n|gametype|singles\n|player|p1|KingAdBro|266|\n|player|p2|boringpokes|alder|\n|teamsize|p1|6\n|teamsize|p2|6\n|gen|9\n|tier|[Gen 9] National Dex Ubers\n|rule|HP Percentage Mod: HP is shown in percentages\n|rule|Endless Battle Clause: Forcing endless battles is banned\n|rule|OHKO Clause: OHKO moves are banned\n|rule|Evasion Moves Clause: Evasion moves are banned\n|rule|Evasion Items Clause: Evasion items are banned\n|rule|Species Clause: Limit one of each Pok\u00e9mon\n|rule|Sleep Clause Mod: Limit one foe put to sleep\n|rule|Mega Rayquaza Clause: You cannot mega evolve Rayquaza\n|clearpoke\n|poke|p1|Aggron, F|\n|poke|p1|Kommo-o, M|\n|poke|p1|Flareon, F|\n|poke|p1|Tangrowth, M|\n|poke|p1|Blastoise, M|\n|poke|p1|Clefable, M|\n|poke|p2|Annihilape, M|\n|poke|p2|Corviknight, M|\n|poke|p2|Sharpedo, F|\n|poke|p2|Toedscruel, F|\n|poke|p2|Ninetales-Alola, F|\n|poke|p2|Typhlosion, F|\n|teampreview\n|c|\u2606boringpokes|glhf\n|c|\u2606KingAdBro|Good luck yo\n|\n|t:|1699836656\n|start\n|switch|p1a: Blastoise|Blastoise, M|100\/100\n|switch|p2a: Vesuvius|Typhlosion, F|100\/100\n|turn|1\n|\n|t:|1699836726\n|switch|p2a: Hope|Ninetales-Alola, F|100\/100\n|move|p1a: Blastoise|Shell Smash|p1a: Blastoise\n|-unboost|p1a: Blastoise|def|1\n|-unboost|p1a: Blastoise|spd|1\n|-boost|p1a: Blastoise|atk|2\n|-boost|p1a: Blastoise|spa|2\n|-boost|p1a: Blastoise|spe|2\n|\n|upkeep\n|turn|2\n|\n|t:|1699836739\n|move|p1a: Blastoise|Surf|p2a: Hope\n|-damage|p2a: Hope|14\/100\n|move|p2a: Hope|Freeze-Dry|p1a: Blastoise\n|-supereffective|p1a: Blastoise\n|-damage|p1a: Blastoise|0 fnt\n|faint|p1a: Blastoise\n|\n|upkeep\n|\n|t:|1699836771\n|switch|p1a: Clefable|Clefable, M|100\/100\n|turn|3\n|\n|t:|1699836789\n|switch|p2a: Tentacrush|Toedscruel, F|100\/100\n|move|p1a: Clefable|Wish|p1a: Clefable\n|\n|upkeep\n|turn|4\n|\n|t:|1699836804\n|move|p1a: Clefable|Toxic|p2a: Tentacrush|[miss]\n|-miss|p1a: Clefable|p2a: Tentacrush\n|move|p2a: Tentacrush|Toxic|p1a: Clefable\n|-status|p1a: Clefable|tox\n|\n|upkeep\n|turn|5\n|\n|t:|1699836835\n|-terastallize|p2a: Tentacrush|Steel\n|move|p2a: Tentacrush|Hex|p1a: Clefable\n|-damage|p1a: Clefable|83\/100 tox\n|move|p1a: Clefable|Wish|p1a: Clefable\n|\n|-heal|p1a: Clefable|89\/100 tox|[from] item: Leftovers\n|upkeep\n|turn|6\n|\n|t:|1699836862\n|switch|p1a: Flareon|Flareon, F|100\/100\n|move|p2a: Tentacrush|Earth Power|p1a: Flareon\n|-supereffective|p1a: Flareon\n|-crit|p1a: Flareon\n|-damage|p1a: Flareon|3\/100\n|\n|-heal|p1a: Flareon|76\/100|[from] move: Wish|[wisher] Clefable\n|-status|p1a: Flareon|tox|[from] item: Toxic Orb\n|upkeep\n|turn|7\n|\n|t:|1699836891\n|switch|p2a: Vesuvius|Typhlosion, F|100\/100\n|move|p1a: Flareon|Facade|p2a: Vesuvius\n|-damage|p2a: Vesuvius|6\/100\n|\n|-damage|p1a: Flareon|70\/100 tox|[from] psn\n|upkeep\n|turn|8\n|\n|t:|1699836919\n|switch|p2a: Darth Thrasher|Annihilape, M|100\/100\n|move|p1a: Flareon|Quick Attack|p2a: Darth Thrasher\n|-immune|p2a: Darth Thrasher\n|\n|-damage|p1a: Flareon|58\/100 tox|[from] psn\n|upkeep\n|turn|9\n|\n|t:|1699836937\n|-terastallize|p1a: Flareon|Normal\n|move|p2a: Darth Thrasher|Drain Punch|p1a: Flareon\n|-supereffective|p1a: Flareon\n|-damage|p1a: Flareon|0 fnt\n|faint|p1a: Flareon\n|\n|upkeep\n|\n|t:|1699836948\n|switch|p1a: Kommo-o|Kommo-o, M|100\/100\n|turn|10\n|j| Mplachta\n|\n|t:|1699836980\n|move|p2a: Darth Thrasher|Rage Fist|p1a: Kommo-o\n|-damage|p1a: Kommo-o|81\/100\n|move|p1a: Kommo-o|Autotomize|p1a: Kommo-o\n|-boost|p1a: Kommo-o|spe|2\n|-start|p1a: Kommo-o|Autotomize\n|\n|upkeep\n|turn|11\n|\n|t:|1699837014\n|move|p1a: Kommo-o|Iron Head|p2a: Darth Thrasher\n|-damage|p2a: Darth Thrasher|70\/100\n|-damage|p1a: Kommo-o|71\/100|[from] item: Life Orb\n|move|p2a: Darth Thrasher|Drain Punch|p1a: Kommo-o\n|-damage|p1a: Kommo-o|44\/100\n|-heal|p2a: Darth Thrasher|79\/100|[from] drain|[of] p1a: Kommo-o\n|\n|upkeep\n|turn|12\n|\n|t:|1699837024\n|switch|p1a: Tangrowth|Tangrowth, M|100\/100\n|move|p2a: Darth Thrasher|Drain Punch|p1a: Tangrowth\n|-damage|p1a: Tangrowth|84\/100\n|-heal|p2a: Darth Thrasher|87\/100|[from] drain|[of] p1a: Tangrowth\n|\n|upkeep\n|turn|13\n|\n|t:|1699837070\n|move|p2a: Darth Thrasher|U-turn|p1a: Tangrowth\n|-supereffective|p1a: Tangrowth\n|-damage|p1a: Tangrowth|65\/100\n|\n|t:|1699837077\n|switch|p2a: Tentacrush|Toedscruel, F, tera:Steel|100\/100|[from] U-turn\n|move|p1a: Tangrowth|Knock Off|p2a: Tentacrush\n|-damage|p2a: Tentacrush|75\/100\n|-damage|p1a: Tangrowth|48\/100|[from] item: Rocky Helmet|[of] p2a: Tentacrush\n|-enditem|p2a: Tentacrush|Rocky Helmet|[from] move: Knock Off|[of] p1a: Tangrowth\n|\n|upkeep\n|turn|14\n|\n|t:|1699837100\n|move|p2a: Tentacrush|Earth Power|p1a: Tangrowth\n|-resisted|p1a: Tangrowth\n|-damage|p1a: Tangrowth|27\/100\n|move|p1a: Tangrowth|Leech Seed|p2a: Tentacrush\n|-start|p2a: Tentacrush|move: Leech Seed\n|\n|-damage|p2a: Tentacrush|63\/100|[from] Leech Seed|[of] p1a: Tangrowth\n|-heal|p1a: Tangrowth|39\/100|[silent]\n|upkeep\n|turn|15\n|\n|t:|1699837109\n|move|p1a: Tangrowth|Sleep Powder|p2a: Tentacrush\n|-status|p2a: Tentacrush|slp|[from] move: Sleep Powder\n|cant|p2a: Tentacrush|slp\n|\n|-damage|p2a: Tentacrush|50\/100 slp|[from] Leech Seed|[of] p1a: Tangrowth\n|-heal|p1a: Tangrowth|50\/100|[silent]\n|upkeep\n|turn|16\n|\n|t:|1699837128\n|switch|p2a: Baron Bird|Corviknight, M, shiny|100\/100\n|-ability|p2a: Baron Bird|Pressure\n|move|p1a: Tangrowth|Knock Off|p2a: Baron Bird\n|-damage|p2a: Baron Bird|87\/100\n|-enditem|p2a: Baron Bird|Leftovers|[from] move: Knock Off|[of] p1a: Tangrowth\n|\n|upkeep\n|turn|17\n|\n|t:|1699837151\n|switch|p1a: Aggron|Aggron, F|100\/100\n|move|p2a: Baron Bird|Brave Bird|p1a: Aggron\n|-resisted|p1a: Aggron\n|-damage|p1a: Aggron|96\/100\n|-damage|p2a: Baron Bird|86\/100|[from] Recoil\n|\n|upkeep\n|turn|18\n|\n|t:|1699837193\n|switch|p2a: Tentacrush|Toedscruel, F, tera:Steel|50\/100 slp\n|detailschange|p1a: Aggron|Aggron-Mega, F\n|-mega|p1a: Aggron|Aggron|Aggronite\n|move|p1a: Aggron|Heavy Slam|p2a: Tentacrush\n|-resisted|p2a: Tentacrush\n|-damage|p2a: Tentacrush|16\/100 slp\n|\n|upkeep\n|turn|19\n|\n|t:|1699837204\n|cant|p2a: Tentacrush|slp\n|move|p1a: Aggron|Stealth Rock|p2a: Tentacrush\n|-sidestart|p2: boringpokes|move: Stealth Rock\n|\n|upkeep\n|turn|20\n|\n|t:|1699837211\n|-curestatus|p2a: Tentacrush|slp|[msg]\n|move|p2a: Tentacrush|Earth Power|p1a: Aggron\n|-supereffective|p1a: Aggron\n|-damage|p1a: Aggron|53\/100\n|move|p1a: Aggron|Heavy Slam|p2a: Tentacrush\n|-resisted|p2a: Tentacrush\n|-damage|p2a: Tentacrush|0 fnt\n|faint|p2a: Tentacrush\n|\n|upkeep\n|\n|t:|1699837222\n|switch|p2a: Baron Bird|Corviknight, M, shiny|86\/100\n|-damage|p2a: Baron Bird|74\/100|[from] Stealth Rock\n|-ability|p2a: Baron Bird|Pressure\n|turn|21\n|\n|t:|1699837236\n|move|p2a: Baron Bird|Defog|p1a: Aggron\n|-unboost|p1a: Aggron|evasion|1\n|-sideend|p2: boringpokes|Stealth Rock|[from] move: Defog|[of] p2a: Baron Bird\n|move|p1a: Aggron|Body Press|p2a: Baron Bird\n|-damage|p2a: Baron Bird|45\/100\n|\n|upkeep\n|turn|22\n|\n|t:|1699837251\n|move|p2a: Baron Bird|Roost|p2a: Baron Bird\n|-heal|p2a: Baron Bird|95\/100\n|-singleturn|p2a: Baron Bird|move: Roost\n|move|p1a: Aggron|Heavy Slam|p2a: Baron Bird\n|-resisted|p2a: Baron Bird\n|-damage|p2a: Baron Bird|80\/100\n|\n|upkeep\n|turn|23\n|\n|t:|1699837263\n|move|p2a: Baron Bird|Body Press|p1a: Aggron\n|-supereffective|p1a: Aggron\n|-damage|p1a: Aggron|39\/100\n|move|p1a: Aggron|Stealth Rock|p2a: Baron Bird\n|-sidestart|p2: boringpokes|move: Stealth Rock\n|\n|upkeep\n|turn|24\n|\n|t:|1699837282\n|move|p2a: Baron Bird|Brave Bird|p1a: Aggron\n|-resisted|p1a: Aggron\n|-damage|p1a: Aggron|32\/100\n|-damage|p2a: Baron Bird|78\/100|[from] Recoil\n|move|p1a: Aggron|Body Press|p2a: Baron Bird\n|-damage|p2a: Baron Bird|49\/100\n|\n|upkeep\n|turn|25\n|\n|t:|1699837304\n|move|p2a: Baron Bird|Roost|p2a: Baron Bird\n|-heal|p2a: Baron Bird|99\/100\n|-singleturn|p2a: Baron Bird|move: Roost\n|move|p1a: Aggron|Earthquake|p2a: Baron Bird\n|-supereffective|p2a: Baron Bird\n|-damage|p2a: Baron Bird|60\/100\n|\n|upkeep\n|turn|26\n|\n|t:|1699837315\n|move|p2a: Baron Bird|Defog|p1a: Aggron\n|-unboost|p1a: Aggron|evasion|1\n|-sideend|p2: boringpokes|Stealth Rock|[from] move: Defog|[of] p2a: Baron Bird\n|move|p1a: Aggron|Body Press|p2a: Baron Bird\n|-damage|p2a: Baron Bird|33\/100\n|\n|upkeep\n|turn|27\n|\n|t:|1699837339\n|move|p2a: Baron Bird|Body Press|p1a: Aggron\n|-supereffective|p1a: Aggron\n|-damage|p1a: Aggron|18\/100\n|move|p1a: Aggron|Stealth Rock|p2a: Baron Bird\n|-sidestart|p2: boringpokes|move: Stealth Rock\n|\n|upkeep\n|turn|28\n|\n|t:|1699837364\n|switch|p1a: Clefable|Clefable, M|89\/100 tox\n|move|p2a: Baron Bird|Roost|p2a: Baron Bird\n|-heal|p2a: Baron Bird|83\/100\n|-singleturn|p2a: Baron Bird|move: Roost\n|\n|-heal|p1a: Clefable|95\/100 tox|[from] item: Leftovers\n|upkeep\n|turn|29\n|\n|t:|1699837374\n|move|p2a: Baron Bird|Defog|p1a: Clefable\n|-unboost|p1a: Clefable|evasion|1\n|-sideend|p2: boringpokes|Stealth Rock|[from] move: Defog|[of] p2a: Baron Bird\n|move|p1a: Clefable|Wish|p1a: Clefable\n|\n|-heal|p1a: Clefable|100\/100 tox|[from] item: Leftovers\n|upkeep\n|turn|30\n|\n|t:|1699837479\n|move|p2a: Baron Bird|Body Press|p1a: Clefable\n|-resisted|p1a: Clefable\n|-damage|p1a: Clefable|85\/100 tox\n|move|p1a: Clefable|Thunderbolt|p2a: Baron Bird\n|-supereffective|p2a: Baron Bird\n|-crit|p2a: Baron Bird\n|-damage|p2a: Baron Bird|22\/100\n|-status|p2a: Baron Bird|par\n|\n|-heal|p1a: Clefable|100\/100 tox|[from] move: Wish|[wisher] Clefable\n|upkeep\n|turn|31\n|c|\u2606KingAdBro|Nice\n|\n|t:|1699837534\n|switch|p2a: Darth Thrasher|Annihilape, M|87\/100\n|move|p1a: Clefable|Thunderbolt|p2a: Darth Thrasher\n|-damage|p2a: Darth Thrasher|76\/100\n|\n|upkeep\n|turn|32\n|\n|t:|1699837548\n|move|p1a: Clefable|Protect|p1a: Clefable\n|-singleturn|p1a: Clefable|Protect\n|move|p2a: Darth Thrasher|Rage Fist|p1a: Clefable\n|-activate|p1a: Clefable|move: Protect\n|\n|upkeep\n|turn|33\n|\n|t:|1699837565\n|move|p2a: Darth Thrasher|Drain Punch|p1a: Clefable\n|-resisted|p1a: Clefable\n|-damage|p1a: Clefable|84\/100 tox\n|-heal|p2a: Darth Thrasher|83\/100|[from] drain|[of] p1a: Clefable\n|move|p1a: Clefable|Toxic|p2a: Darth Thrasher\n|-status|p2a: Darth Thrasher|tox\n|\n|-heal|p1a: Clefable|90\/100 tox|[from] item: Leftovers\n|-damage|p2a: Darth Thrasher|77\/100 tox|[from] psn\n|upkeep\n|turn|34\n|\n|t:|1699837607\n|move|p2a: Darth Thrasher|Rage Fist|p1a: Clefable\n|-damage|p1a: Clefable|25\/100 tox\n|move|p1a: Clefable|Thunderbolt|p2a: Darth Thrasher\n|-damage|p2a: Darth Thrasher|65\/100 tox\n|\n|-heal|p1a: Clefable|31\/100 tox|[from] item: Leftovers\n|-damage|p2a: Darth Thrasher|53\/100 tox|[from] psn\n|upkeep\n|turn|35\n|\n|t:|1699837617\n|move|p1a: Clefable|Protect|p1a: Clefable\n|-singleturn|p1a: Clefable|Protect\n|move|p2a: Darth Thrasher|Rage Fist|p1a: Clefable\n|-activate|p1a: Clefable|move: Protect\n|\n|-heal|p1a: Clefable|38\/100 tox|[from] item: Leftovers\n|-damage|p2a: Darth Thrasher|34\/100 tox|[from] psn\n|upkeep\n|turn|36\n|\n|t:|1699837634\n|switch|p1a: Tangrowth|Tangrowth, M|83\/100\n|move|p2a: Darth Thrasher|Rage Fist|p1a: Tangrowth\n|-damage|p1a: Tangrowth|40\/100\n|\n|-damage|p2a: Darth Thrasher|9\/100 tox|[from] psn\n|upkeep\n|turn|37\n|\n|t:|1699837672\n|move|p2a: Darth Thrasher|U-turn|p1a: Tangrowth\n|-supereffective|p1a: Tangrowth\n|-damage|p1a: Tangrowth|21\/100\n|\n|t:|1699837688\n|switch|p2a: Baron Bird|Corviknight, M, shiny|22\/100 par|[from] U-turn\n|-ability|p2a: Baron Bird|Pressure\n|move|p1a: Tangrowth|Leech Seed|p2a: Baron Bird\n|-start|p2a: Baron Bird|move: Leech Seed\n|\n|-damage|p2a: Baron Bird|10\/100 par|[from] Leech Seed|[of] p1a: Tangrowth\n|-heal|p1a: Tangrowth|33\/100|[silent]\n|upkeep\n|turn|38\n|\n|t:|1699837713\n|switch|p1a: Clefable|Clefable, M|38\/100 tox\n|cant|p2a: Baron Bird|par\n|\n|-heal|p1a: Clefable|44\/100 tox|[from] item: Leftovers\n|-damage|p2a: Baron Bird|0 fnt|[from] Leech Seed|[of] p1a: Clefable\n|-heal|p1a: Clefable|53\/100 tox|[silent]\n|faint|p2a: Baron Bird\n|upkeep\n|c|\u2606KingAdBro|Nice\n|\n|t:|1699837746\n|switch|p2a: Hope|Ninetales-Alola, F|14\/100\n|turn|39\n|\n|t:|1699837770\n|move|p2a: Hope|Moonblast|p1a: Clefable\n|-crit|p1a: Clefable\n|-damage|p1a: Clefable|2\/100 tox\n|move|p1a: Clefable|Wish|p1a: Clefable\n|\n|-heal|p1a: Clefable|8\/100 tox|[from] item: Leftovers\n|upkeep\n|turn|40\n|\n|t:|1699837797\n|move|p1a: Clefable|Protect|p1a: Clefable\n|-singleturn|p1a: Clefable|Protect\n|move|p2a: Hope|Moonblast|p1a: Clefable\n|-activate|p1a: Clefable|move: Protect\n|\n|-heal|p1a: Clefable|58\/100 tox|[from] move: Wish|[wisher] Clefable\n|-heal|p1a: Clefable|64\/100 tox|[from] item: Leftovers\n|upkeep\n|turn|41\n|\n|t:|1699837811\n|move|p2a: Hope|Moonblast|p1a: Clefable\n|-damage|p1a: Clefable|29\/100 tox\n|-unboost|p1a: Clefable|spa|1\n|move|p1a: Clefable|Wish|p1a: Clefable\n|\n|-heal|p1a: Clefable|35\/100 tox|[from] item: Leftovers\n|upkeep\n|turn|42\n|\n|t:|1699837856\n|switch|p2a: Vesuvius|Typhlosion, F|6\/100\n|move|p1a: Clefable|Protect||[still]\n|-fail|p1a: Clefable\n|\n|-heal|p1a: Clefable|85\/100 tox|[from] move: Wish|[wisher] Clefable\n|-heal|p1a: Clefable|91\/100 tox|[from] item: Leftovers\n|upkeep\n|turn|43\n|\n|t:|1699837869\n|move|p1a: Clefable|Protect|p1a: Clefable\n|-singleturn|p1a: Clefable|Protect\n|move|p2a: Vesuvius|Flamethrower|p1a: Clefable\n|-activate|p1a: Clefable|move: Protect\n|\n|-heal|p1a: Clefable|97\/100 tox|[from] item: Leftovers\n|upkeep\n|turn|44\n|\n|t:|1699837889\n|move|p2a: Vesuvius|Flamethrower|p1a: Clefable\n|-damage|p1a: Clefable|64\/100 tox\n|move|p1a: Clefable|Thunderbolt|p2a: Vesuvius\n|-damage|p2a: Vesuvius|0 fnt\n|faint|p2a: Vesuvius\n|\n|-heal|p1a: Clefable|71\/100 tox|[from] item: Leftovers\n|upkeep\n|\n|t:|1699838020\n|switch|p2a: Hope|Ninetales-Alola, F|14\/100\n|turn|45\n|\n|t:|1699838072\n|move|p2a: Hope|Moonblast|p1a: Clefable\n|-damage|p1a: Clefable|34\/100 tox\n|-unboost|p1a: Clefable|spa|1\n|move|p1a: Clefable|Wish|p1a: Clefable\n|\n|-heal|p1a: Clefable|40\/100 tox|[from] item: Leftovers\n|upkeep\n|turn|46\n|\n|t:|1699838108\n|switch|p2a: Bladerunner|Sharpedo, F, shiny|100\/100\n|move|p1a: Clefable|Protect||[still]\n|-fail|p1a: Clefable\n|\n|-heal|p1a: Clefable|90\/100 tox|[from] move: Wish|[wisher] Clefable\n|-heal|p1a: Clefable|96\/100 tox|[from] item: Leftovers\n|upkeep\n|turn|47\n|\n|t:|1699838124\n|move|p2a: Bladerunner|Protect|p2a: Bladerunner\n|-singleturn|p2a: Bladerunner|Protect\n|move|p1a: Clefable|Wish|p1a: Clefable\n|\n|-heal|p1a: Clefable|100\/100 tox|[from] item: Leftovers\n|-ability|p2a: Bladerunner|Speed Boost|boost\n|-boost|p2a: Bladerunner|spe|1\n|upkeep\n|turn|48\n|\n|t:|1699838150\n|move|p2a: Bladerunner|Ice Fang|p1a: Clefable\n|-crit|p1a: Clefable\n|-damage|p1a: Clefable|67\/100 tox\n|move|p1a: Clefable|Thunderbolt|p2a: Bladerunner\n|-supereffective|p2a: Bladerunner\n|-damage|p2a: Bladerunner|52\/100\n|\n|-heal|p1a: Clefable|100\/100 tox|[from] move: Wish|[wisher] Clefable\n|-ability|p2a: Bladerunner|Speed Boost|boost\n|-boost|p2a: Bladerunner|spe|1\n|upkeep\n|turn|49\n|\n|t:|1699838180\n|detailschange|p2a: Bladerunner|Sharpedo-Mega, F, shiny\n|-mega|p2a: Bladerunner|Sharpedo|Sharpedonite\n|move|p2a: Bladerunner|Ice Fang|p1a: Clefable\n|-crit|p1a: Clefable\n|-damage|p1a: Clefable|44\/100 tox\n|move|p1a: Clefable|Toxic|p2a: Bladerunner\n|-status|p2a: Bladerunner|tox\n|\n|-heal|p1a: Clefable|50\/100 tox|[from] item: Leftovers\n|-damage|p2a: Bladerunner|46\/100 tox|[from] psn\n|upkeep\n|turn|50\n|\n|t:|1699838208\n|move|p2a: Bladerunner|Protect|p2a: Bladerunner\n|-singleturn|p2a: Bladerunner|Protect\n|move|p1a: Clefable|Protect||[still]\n|-fail|p1a: Clefable\n|\n|-heal|p1a: Clefable|56\/100 tox|[from] item: Leftovers\n|-damage|p2a: Bladerunner|34\/100 tox|[from] psn\n|upkeep\n|turn|51\n|\n|t:|1699838226\n|move|p1a: Clefable|Protect|p1a: Clefable\n|-singleturn|p1a: Clefable|Protect\n|move|p2a: Bladerunner|Ice Fang|p1a: Clefable\n|-activate|p1a: Clefable|move: Protect\n|\n|-heal|p1a: Clefable|62\/100 tox|[from] item: Leftovers\n|-damage|p2a: Bladerunner|16\/100 tox|[from] psn\n|upkeep\n|turn|52\n|\n|t:|1699838241\n|move|p2a: Bladerunner|Ice Fang|p1a: Clefable\n|-damage|p1a: Clefable|24\/100 tox\n|move|p1a: Clefable|Wish|p1a: Clefable\n|\n|-heal|p1a: Clefable|30\/100 tox|[from] item: Leftovers\n|-damage|p2a: Bladerunner|0 fnt|[from] psn\n|faint|p2a: Bladerunner\n|upkeep\n|\n|t:|1699838258\n|switch|p2a: Hope|Ninetales-Alola, F|14\/100\n|turn|53\n|\n|t:|1699838262\n|move|p1a: Clefable|Protect|p1a: Clefable\n|-singleturn|p1a: Clefable|Protect\n|move|p2a: Hope|Moonblast|p1a: Clefable\n|-activate|p1a: Clefable|move: Protect\n|\n|-heal|p1a: Clefable|80\/100 tox|[from] move: Wish|[wisher] Clefable\n|-heal|p1a: Clefable|86\/100 tox|[from] item: Leftovers\n|upkeep\n|turn|54\n|\n|t:|1699838272\n|move|p2a: Hope|Moonblast|p1a: Clefable\n|-damage|p1a: Clefable|53\/100 tox\n|-unboost|p1a: Clefable|spa|1\n|move|p1a: Clefable|Thunderbolt|p2a: Hope\n|-damage|p2a: Hope|4\/100\n|\n|-heal|p1a: Clefable|59\/100 tox|[from] item: Leftovers\n|upkeep\n|turn|55\n|\n|t:|1699838283\n|move|p1a: Clefable|Protect|p1a: Clefable\n|-singleturn|p1a: Clefable|Protect\n|move|p2a: Hope|Moonblast|p1a: Clefable\n|-activate|p1a: Clefable|move: Protect\n|\n|-heal|p1a: Clefable|65\/100 tox|[from] item: Leftovers\n|upkeep\n|turn|56\n|\n|t:|1699838291\n|move|p2a: Hope|Moonblast|p1a: Clefable\n|-damage|p1a: Clefable|30\/100 tox\n|move|p1a: Clefable|Wish|p1a: Clefable\n|\n|-heal|p1a: Clefable|36\/100 tox|[from] item: Leftovers\n|upkeep\n|turn|57\n|\n|t:|1699838298\n|move|p1a: Clefable|Protect|p1a: Clefable\n|-singleturn|p1a: Clefable|Protect\n|move|p2a: Hope|Moonblast|p1a: Clefable\n|-activate|p1a: Clefable|move: Protect\n|\n|-heal|p1a: Clefable|86\/100 tox|[from] move: Wish|[wisher] Clefable\n|-heal|p1a: Clefable|92\/100 tox|[from] item: Leftovers\n|upkeep\n|turn|58\n|\n|t:|1699838310\n|move|p2a: Hope|Moonblast|p1a: Clefable\n|-damage|p1a: Clefable|54\/100 tox\n|move|p1a: Clefable|Thunderbolt|p2a: Hope\n|-damage|p2a: Hope|0 fnt\n|faint|p2a: Hope\n|\n|-heal|p1a: Clefable|60\/100 tox|[from] item: Leftovers\n|upkeep\n|\n|t:|1699838317\n|switch|p2a: Darth Thrasher|Annihilape, M|9\/100 tox\n|turn|59\n|\n|t:|1699838327\n|move|p1a: Clefable|Protect|p1a: Clefable\n|-singleturn|p1a: Clefable|Protect\n|move|p2a: Darth Thrasher|Drain Punch|p1a: Clefable\n|-activate|p1a: Clefable|move: Protect\n|\n|-heal|p1a: Clefable|66\/100 tox|[from] item: Leftovers\n|-damage|p2a: Darth Thrasher|3\/100 tox|[from] psn\n|upkeep\n|turn|60\n|\n|t:|1699838345\n|move|p2a: Darth Thrasher|Drain Punch|p1a: Clefable\n|-resisted|p1a: Clefable\n|-damage|p1a: Clefable|51\/100 tox\n|-heal|p2a: Darth Thrasher|10\/100 tox|[from] drain|[of] p1a: Clefable\n|move|p1a: Clefable|Thunderbolt|p2a: Darth Thrasher\n|-damage|p2a: Darth Thrasher|5\/100 tox\n|\n|-heal|p1a: Clefable|57\/100 tox|[from] item: Leftovers\n|-damage|p2a: Darth Thrasher|0 fnt|[from] psn\n|faint|p2a: Darth Thrasher\n|\n|win|KingAdBro\n|upkeep\n|c|\u2606KingAdBro|Gg dude\n|c|\u2606boringpokes|gg\n","uploadtime":1699838364,"views":40,"p1id":"kingadbro","p2id":"boringpokes","formatid":"gen9nationaldexubers","rating":0,"private":0,"password":""}