{"id":"gen9nationaldexubers-1996277280","p1":"Mrepik817","p2":"SupernovaOnToaster","format":"[Gen 9] National Dex Ubers","log":"|j|\u203dMrepik817\n|j|\u2606SupernovaOnToaster\n|t:|1700666730\n|gametype|singles\n|player|p1|Mrepik817|iris-gen5bw2|1097\n|player|p2|SupernovaOnToaster|cilan|1000\n|teamsize|p1|6\n|teamsize|p2|3\n|gen|9\n|tier|[Gen 9] National Dex Ubers\n|rated|\n|rule|HP Percentage Mod: HP is shown in percentages\n|rule|Endless Battle Clause: Forcing endless battles is banned\n|rule|OHKO Clause: OHKO moves are banned\n|rule|Evasion Moves Clause: Evasion moves are banned\n|rule|Evasion Items Clause: Evasion items are banned\n|rule|Species Clause: Limit one of each Pok\u00e9mon\n|rule|Sleep Clause Mod: Limit one foe put to sleep\n|rule|Mega Rayquaza Clause: You cannot mega evolve Rayquaza\n|clearpoke\n|poke|p1|Dragapult, F|\n|poke|p1|Ninetales-Alola, F|\n|poke|p1|Swampert, F|\n|poke|p1|Goodra-Hisui, M|\n|poke|p1|Beedrill, M|\n|poke|p1|Great Tusk|\n|poke|p2|Arceus-Psychic|\n|poke|p2|Murkrow, M|\n|poke|p2|Blissey, F|\n|teampreview\n|inactive|Battle timer is ON: inactive players will automatically lose when time's up. (requested by SupernovaOnToaster)\n|c|\u2606SupernovaOnToaster|glhf\n|\n|t:|1700666740\n|start\n|switch|p1a: Beedrill|Beedrill, M, shiny|100\/100\n|switch|p2a: Murkrow|Murkrow, M|100\/100\n|turn|1\n|\n|t:|1700666748\n|detailschange|p1a: Beedrill|Beedrill-Mega, M, shiny\n|-mega|p1a: Beedrill|Beedrill|Beedrillite\n|move|p2a: Murkrow|Tailwind|p2a: Murkrow\n|-sidestart|p2: SupernovaOnToaster|move: Tailwind\n|move|p1a: Beedrill|U-turn|p2a: Murkrow\n|-damage|p2a: Murkrow|20\/100\n|\n|t:|1700666766\n|switch|p1a: Ninetales|Ninetales-Alola, F, shiny|100\/100|[from] U-turn\n|-weather|Snow|[from] ability: Snow Warning|[of] p1a: Ninetales\n|\n|-weather|Snow|[upkeep]\n|upkeep\n|turn|2\n|\n|t:|1700666772\n|move|p2a: Murkrow|Taunt|p1a: Ninetales\n|-start|p1a: Ninetales|move: Taunt\n|cant|p1a: Ninetales|move: Taunt|Aurora Veil\n|\n|-weather|Snow|[upkeep]\n|upkeep\n|turn|3\n|\n|t:|1700666782\n|move|p2a: Murkrow|Perish Song|p2a: Murkrow\n|-start|p1a: Ninetales|perish3|[silent]\n|-start|p2a: Murkrow|perish3|[silent]\n|-fieldactivate|move: Perish Song\n|move|p1a: Ninetales|Moonblast|p2a: Murkrow\n|-supereffective|p2a: Murkrow\n|-damage|p2a: Murkrow|0 fnt\n|faint|p2a: Murkrow\n|\n|-weather|Snow|[upkeep]\n|-start|p1a: Ninetales|perish3\n|upkeep\n|\n|t:|1700666790\n|switch|p2a: Arceus|Arceus-Psychic|100\/100\n|turn|4\n|\n|t:|1700666800\n|move|p2a: Arceus|Cosmic Power|p2a: Arceus\n|-boost|p2a: Arceus|def|1\n|-boost|p2a: Arceus|spd|1\n|move|p1a: Ninetales|Blizzard|p2a: Arceus\n|-damage|p2a: Arceus|83\/100\n|\n|-weather|Snow|[upkeep]\n|-end|p1a: Ninetales|move: Taunt\n|-start|p1a: Ninetales|perish2\n|-sideend|p2: SupernovaOnToaster|move: Tailwind\n|upkeep\n|turn|5\n|\n|t:|1700666810\n|switch|p1a: Goodra|Goodra-Hisui, M|100\/100\n|move|p2a: Arceus|Cosmic Power|p2a: Arceus\n|-boost|p2a: Arceus|def|1\n|-boost|p2a: Arceus|spd|1\n|\n|-weather|none\n|upkeep\n|turn|6\n|\n|t:|1700666819\n|-terastallize|p2a: Arceus|Steel\n|move|p2a: Arceus|Cosmic Power|p2a: Arceus\n|-boost|p2a: Arceus|def|1\n|-boost|p2a: Arceus|spd|1\n|move|p1a: Goodra|Acid Spray|p2a: Arceus\n|-immune|p2a: Arceus\n|\n|upkeep\n|turn|7\n|\n|t:|1700666829\n|switch|p1a: Ninetales|Ninetales-Alola, F, shiny|100\/100\n|-weather|Snow|[from] ability: Snow Warning|[of] p1a: Ninetales\n|move|p2a: Arceus|Cosmic Power|p2a: Arceus\n|-boost|p2a: Arceus|def|1\n|-boost|p2a: Arceus|spd|1\n|\n|-weather|Snow|[upkeep]\n|upkeep\n|turn|8\n|\n|t:|1700666840\n|move|p2a: Arceus|Cosmic Power|p2a: Arceus\n|-boost|p2a: Arceus|def|1\n|-boost|p2a: Arceus|spd|1\n|move|p1a: Ninetales|Aurora Veil|p1a: Ninetales\n|-sidestart|p1: Mrepik817|move: Aurora Veil\n|\n|-weather|Snow|[upkeep]\n|upkeep\n|turn|9\n|\n|t:|1700666846\n|switch|p1a: Beedrill|Beedrill-Mega, M, shiny|100\/100\n|move|p2a: Arceus|Cosmic Power|p2a: Arceus\n|-boost|p2a: Arceus|def|1\n|-boost|p2a: Arceus|spd|1\n|\n|-weather|Snow|[upkeep]\n|upkeep\n|turn|10\n|\n|t:|1700666854\n|move|p1a: Beedrill|Drill Run|p2a: Arceus\n|-supereffective|p2a: Arceus\n|-damage|p2a: Arceus|73\/100\n|move|p2a: Arceus|Stored Power|p1a: Beedrill\n|-supereffective|p1a: Beedrill\n|-damage|p1a: Beedrill|0 fnt\n|faint|p1a: Beedrill\n|\n|-weather|Snow|[upkeep]\n|upkeep\n|\n|t:|1700666864\n|switch|p1a: Dragapult|Dragapult, F, shiny|100\/100\n|turn|11\n|c|\u2606SupernovaOnToaster|im at +6 def bro\n|\n|t:|1700666870\n|move|p1a: Dragapult|Fire Blast|p2a: Arceus\n|-supereffective|p2a: Arceus\n|-damage|p2a: Arceus|58\/100\n|-damage|p1a: Dragapult|91\/100|[from] item: Life Orb\n|move|p2a: Arceus|Stored Power|p1a: Dragapult\n|-damage|p1a: Dragapult|4\/100\n|\n|-weather|none\n|upkeep\n|turn|12\n|\n|t:|1700666879\n|move|p1a: Dragapult|Fire Blast|p2a: Arceus\n|-supereffective|p2a: Arceus\n|-damage|p2a: Arceus|43\/100\n|-damage|p1a: Dragapult|0 fnt|[from] item: Life Orb\n|faint|p1a: Dragapult\n|move|p2a: Arceus|Recover|p2a: Arceus\n|-heal|p2a: Arceus|93\/100\n|\n|upkeep\n|\n|t:|1700666885\n|switch|p1a: Great Tusk|Great Tusk, shiny|100\/100\n|-enditem|p1a: Great Tusk|Booster Energy\n|-activate|p1a: Great Tusk|ability: Protosynthesis|[fromitem]\n|-start|p1a: Great Tusk|protosynthesisspe\n|turn|13\n|\n|t:|1700666890\n|-terastallize|p1a: Great Tusk|Ice\n|move|p1a: Great Tusk|Bulk Up|p1a: Great Tusk\n|-boost|p1a: Great Tusk|atk|1\n|-boost|p1a: Great Tusk|def|1\n|move|p2a: Arceus|Stored Power|p1a: Great Tusk\n|-damage|p1a: Great Tusk|24\/100\n|\n|upkeep\n|turn|14\n|\n|t:|1700666900\n|move|p1a: Great Tusk|Close Combat|p2a: Arceus\n|-supereffective|p2a: Arceus\n|-damage|p2a: Arceus|65\/100\n|-unboost|p1a: Great Tusk|def|1\n|-unboost|p1a: Great Tusk|spd|1\n|move|p2a: Arceus|Stored Power|p1a: Great Tusk\n|-damage|p1a: Great Tusk|0 fnt\n|faint|p1a: Great Tusk\n|-end|p1a: Great Tusk|Protosynthesis|[silent]\n|\n|upkeep\n|\n|t:|1700666906\n|switch|p1a: Swampert|Swampert, F|100\/100\n|turn|15\n|\n|t:|1700666912\n|move|p2a: Arceus|Stored Power|p1a: Swampert\n|-damage|p1a: Swampert|56\/100\n|move|p1a: Swampert|Yawn|p2a: Arceus\n|-start|p2a: Arceus|move: Yawn|[of] p1a: Swampert\n|\n|-heal|p1a: Swampert|62\/100|[from] item: Leftovers\n|-sideend|p1: Mrepik817|move: Aurora Veil\n|upkeep\n|turn|16\n|\n|t:|1700666924\n|move|p2a: Arceus|Stored Power|p1a: Swampert\n|-damage|p1a: Swampert|0 fnt\n|faint|p1a: Swampert\n|\n|-end|p2a: Arceus|move: Yawn|[silent]\n|-status|p2a: Arceus|slp\n|upkeep\n|\n|t:|1700666929\n|switch|p1a: Goodra|Goodra-Hisui, M|100\/100\n|turn|17\n|\n|t:|1700666933\n|cant|p2a: Arceus|slp\n|move|p1a: Goodra|Flamethrower|p2a: Arceus\n|-supereffective|p2a: Arceus\n|-damage|p2a: Arceus|55\/100 slp\n|\n|upkeep\n|turn|18\n|\n|t:|1700666939\n|-curestatus|p2a: Arceus|slp|[msg]\n|move|p2a: Arceus|Stored Power|p1a: Goodra\n|-resisted|p1a: Goodra\n|-damage|p1a: Goodra|73\/100\n|move|p1a: Goodra|Flamethrower|p2a: Arceus\n|-supereffective|p2a: Arceus\n|-damage|p2a: Arceus|44\/100\n|\n|upkeep\n|turn|19\n|-message|Mrepik817 forfeited.\n|\n|win|SupernovaOnToaster\n|raw|Mrepik817's rating: 1097 &rarr; <strong>1066<\/strong><br \/>(-31 for losing)\n|raw|SupernovaOnToaster's rating: 1000 &rarr; <strong>1051<\/strong><br \/>(+51 for winning)\n|l|\u203dMrepik817\n","uploadtime":1700666949,"views":3,"p1id":"mrepik817","p2id":"supernovaontoaster","formatid":"gen9nationaldexubers","rating":1051,"private":0,"password":""}