{"id":"gen9nationaldexubers-1993480395","p1":"97Graham","p2":"joon30","format":"[Gen 9] National Dex Ubers","log":"|j|\u260697Graham\n|j|\u2606joon30\n|t:|1700322992\n|gametype|singles\n|player|p1|97Graham|punkguy-gen7|1425\n|player|p2|joon30|clair|1308\n|teamsize|p1|6\n|teamsize|p2|6\n|gen|9\n|tier|[Gen 9] National Dex Ubers\n|rated|\n|rule|HP Percentage Mod: HP is shown in percentages\n|rule|Endless Battle Clause: Forcing endless battles is banned\n|rule|OHKO Clause: OHKO moves are banned\n|rule|Evasion Moves Clause: Evasion moves are banned\n|rule|Evasion Items Clause: Evasion items are banned\n|rule|Species Clause: Limit one of each Pok\u00e9mon\n|rule|Sleep Clause Mod: Limit one foe put to sleep\n|rule|Mega Rayquaza Clause: You cannot mega evolve Rayquaza\n|clearpoke\n|poke|p1|Mewtwo|\n|poke|p1|Ho-Oh|\n|poke|p1|Eternatus|\n|poke|p1|Dondozo, F|\n|poke|p1|Yveltal|\n|poke|p1|Groudon|\n|poke|p2|Charizard, M|\n|poke|p2|Marshadow|\n|poke|p2|Arceus|\n|poke|p2|Dracovish|\n|poke|p2|Yveltal|\n|poke|p2|Ribombee, F|\n|teampreview\n|inactive|Battle timer is ON: inactive players will automatically lose when time's up. (requested by joon30)\n|inactive|97Graham has 120 seconds left.\n|\n|t:|1700323036\n|start\n|switch|p1a: Eternatus|Eternatus|100\/100\n|switch|p2a: Ribombee|Ribombee, F, shiny|100\/100\n|-ability|p1a: Eternatus|Pressure\n|turn|1\n|\n|t:|1700323047\n|move|p2a: Ribombee|Sticky Web|p1a: Eternatus\n|-sidestart|p1: 97Graham|move: Sticky Web\n|move|p1a: Eternatus|Sludge Bomb|p2a: Ribombee\n|-supereffective|p2a: Ribombee\n|-enditem|p2a: Ribombee|Focus Sash\n|-damage|p2a: Ribombee|1\/100\n|\n|upkeep\n|turn|2\n|\n|t:|1700323061\n|move|p2a: Ribombee|Tailwind|p2a: Ribombee\n|-sidestart|p2: joon30|move: Tailwind\n|move|p1a: Eternatus|Sludge Bomb|p2a: Ribombee\n|-supereffective|p2a: Ribombee\n|-damage|p2a: Ribombee|0 fnt\n|faint|p2a: Ribombee\n|\n|upkeep\n|\n|t:|1700323070\n|switch|p2a: Darks|Charizard, M, shiny|100\/100\n|turn|3\n|\n|t:|1700323077\n|detailschange|p2a: Darks|Charizard-Mega-X, M, shiny\n|-mega|p2a: Darks|Charizard|Charizardite X\n|move|p2a: Darks|Dragon Dance|p2a: Darks\n|-boost|p2a: Darks|atk|1\n|-boost|p2a: Darks|spe|1\n|move|p1a: Eternatus|Toxic Spikes|p2a: Darks\n|-sidestart|p2: joon30|move: Toxic Spikes\n|\n|upkeep\n|turn|4\n|\n|t:|1700323087\n|switch|p1a: Creamsicle Molly|Dondozo, F, shiny|100\/100\n|-activate|p1a: Creamsicle Molly|move: Sticky Web\n|-unboost|p1a: Creamsicle Molly|spe|1\n|move|p2a: Darks|Dragon Claw|p1a: Creamsicle Molly\n|-damage|p1a: Creamsicle Molly|77\/100\n|\n|-heal|p1a: Creamsicle Molly|83\/100|[from] item: Leftovers\n|upkeep\n|turn|5\n|\n|t:|1700323098\n|move|p2a: Darks|Earthquake|p1a: Creamsicle Molly\n|-damage|p1a: Creamsicle Molly|67\/100\n|move|p1a: Creamsicle Molly|Curse|p1a: Creamsicle Molly\n|-unboost|p1a: Creamsicle Molly|spe|1\n|-boost|p1a: Creamsicle Molly|atk|1\n|-boost|p1a: Creamsicle Molly|def|1\n|\n|-heal|p1a: Creamsicle Molly|73\/100|[from] item: Leftovers\n|-sideend|p2: joon30|move: Tailwind\n|upkeep\n|turn|6\n|\n|t:|1700323103\n|move|p2a: Darks|Dragon Dance|p2a: Darks\n|-boost|p2a: Darks|atk|1\n|-boost|p2a: Darks|spe|1\n|move|p1a: Creamsicle Molly|Waterfall|p2a: Darks\n|-damage|p2a: Darks|54\/100\n|\n|-heal|p1a: Creamsicle Molly|79\/100|[from] item: Leftovers\n|upkeep\n|turn|7\n|\n|t:|1700323110\n|move|p2a: Darks|Flare Blitz|p1a: Creamsicle Molly\n|-resisted|p1a: Creamsicle Molly\n|-damage|p1a: Creamsicle Molly|68\/100\n|-damage|p2a: Darks|48\/100|[from] Recoil\n|move|p1a: Creamsicle Molly|Curse|p1a: Creamsicle Molly\n|-unboost|p1a: Creamsicle Molly|spe|1\n|-boost|p1a: Creamsicle Molly|atk|1\n|-boost|p1a: Creamsicle Molly|def|1\n|\n|-heal|p1a: Creamsicle Molly|74\/100|[from] item: Leftovers\n|upkeep\n|turn|8\n|\n|t:|1700323115\n|move|p2a: Darks|Dragon Claw|p1a: Creamsicle Molly\n|-damage|p1a: Creamsicle Molly|62\/100\n|move|p1a: Creamsicle Molly|Earthquake|p2a: Darks\n|-supereffective|p2a: Darks\n|-damage|p2a: Darks|0 fnt\n|faint|p2a: Darks\n|\n|-heal|p1a: Creamsicle Molly|68\/100|[from] item: Leftovers\n|upkeep\n|\n|t:|1700323120\n|switch|p2a: Yveltal|Yveltal, shiny|100\/100\n|-ability|p2a: Yveltal|Dark Aura\n|turn|9\n|\n|t:|1700323124\n|switch|p1a: Achoo Achieve|Yveltal|100\/100\n|-ability|p1a: Achoo Achieve|Dark Aura\n|move|p2a: Yveltal|Hidden Power|p1a: Achoo Achieve\n|-resisted|p1a: Achoo Achieve\n|-damage|p1a: Achoo Achieve|92\/100\n|\n|upkeep\n|turn|10\n|\n|t:|1700323132\n|move|p2a: Yveltal|Heat Wave|p1a: Achoo Achieve|[miss]\n|-miss|p2a: Yveltal|p1a: Achoo Achieve\n|move|p1a: Achoo Achieve|Toxic|p2a: Yveltal\n|-status|p2a: Yveltal|tox\n|\n|-damage|p2a: Yveltal|94\/100 tox|[from] psn\n|upkeep\n|turn|11\n|\n|t:|1700323138\n|move|p2a: Yveltal|Heat Wave|p1a: Achoo Achieve\n|-damage|p1a: Achoo Achieve|67\/100\n|move|p1a: Achoo Achieve|Foul Play|p2a: Yveltal\n|-resisted|p2a: Yveltal\n|-damage|p2a: Yveltal|75\/100 tox\n|\n|-heal|p2a: Yveltal|81\/100 tox|[from] item: Leftovers\n|-damage|p2a: Yveltal|69\/100 tox|[from] psn\n|upkeep\n|turn|12\n|\n|t:|1700323156\n|move|p2a: Yveltal|Psychic|p1a: Achoo Achieve\n|-immune|p1a: Achoo Achieve\n|move|p1a: Achoo Achieve|Roost|p1a: Achoo Achieve\n|-heal|p1a: Achoo Achieve|100\/100\n|-singleturn|p1a: Achoo Achieve|move: Roost\n|\n|-heal|p2a: Yveltal|75\/100 tox|[from] item: Leftovers\n|-damage|p2a: Yveltal|56\/100 tox|[from] psn\n|upkeep\n|turn|13\n|\n|t:|1700323161\n|switch|p1a: Eternatus|Eternatus|100\/100\n|-activate|p1a: Eternatus|move: Sticky Web\n|-unboost|p1a: Eternatus|spe|1\n|-ability|p1a: Eternatus|Pressure\n|move|p2a: Yveltal|Oblivion Wing|p1a: Eternatus\n|-damage|p1a: Eternatus|76\/100\n|-heal|p2a: Yveltal|79\/100 tox|[from] drain|[of] p1a: Eternatus\n|\n|-heal|p2a: Yveltal|85\/100 tox|[from] item: Leftovers\n|-heal|p1a: Eternatus|82\/100|[from] item: Leftovers\n|-damage|p2a: Yveltal|61\/100 tox|[from] psn\n|upkeep\n|turn|14\n|\n|t:|1700323167\n|move|p2a: Yveltal|Psychic|p1a: Eternatus\n|-supereffective|p1a: Eternatus\n|-damage|p1a: Eternatus|41\/100\n|move|p1a: Eternatus|Toxic Spikes|p2a: Yveltal\n|-sidestart|p2: joon30|move: Toxic Spikes\n|\n|-heal|p2a: Yveltal|67\/100 tox|[from] item: Leftovers\n|-heal|p1a: Eternatus|48\/100|[from] item: Leftovers\n|-damage|p2a: Yveltal|36\/100 tox|[from] psn\n|upkeep\n|turn|15\n|\n|t:|1700323170\n|switch|p1a: Achoo Achieve|Yveltal|100\/100\n|-ability|p1a: Achoo Achieve|Dark Aura\n|move|p2a: Yveltal|Psychic|p1a: Achoo Achieve\n|-immune|p1a: Achoo Achieve\n|\n|-heal|p2a: Yveltal|42\/100 tox|[from] item: Leftovers\n|-damage|p2a: Yveltal|6\/100 tox|[from] psn\n|upkeep\n|turn|16\n|\n|t:|1700323174\n|move|p2a: Yveltal|Oblivion Wing|p1a: Achoo Achieve\n|-damage|p1a: Achoo Achieve|70\/100\n|-heal|p2a: Yveltal|33\/100 tox|[from] drain|[of] p1a: Achoo Achieve\n|move|p1a: Achoo Achieve|Roost|p1a: Achoo Achieve\n|-heal|p1a: Achoo Achieve|100\/100\n|-singleturn|p1a: Achoo Achieve|move: Roost\n|\n|-heal|p2a: Yveltal|39\/100 tox|[from] item: Leftovers\n|-damage|p2a: Yveltal|0 fnt|[from] psn\n|faint|p2a: Yveltal\n|upkeep\n|\n|t:|1700323180\n|switch|p2a: Dracovish|Dracovish, shiny|100\/100\n|-status|p2a: Dracovish|tox\n|turn|17\n|\n|t:|1700323186\n|switch|p1a: Beat BobbyFlay|Groudon|100\/100\n|-activate|p1a: Beat BobbyFlay|move: Sticky Web\n|-unboost|p1a: Beat BobbyFlay|spe|1\n|detailschange|p1a: Beat BobbyFlay|Groudon-Primal\n|-primal|p1a: Beat BobbyFlay|Red Orb\n|-weather|DesolateLand|[from] ability: Desolate Land|[of] p1a: Beat BobbyFlay\n|-terastallize|p2a: Dracovish|Water\n|move|p2a: Dracovish|Fishious Rend||[still]\n|-fail|p2a: Dracovish|Fishious Rend|[from] Desolate Land\n|\n|-weather|DesolateLand|[upkeep]\n|-damage|p2a: Dracovish|94\/100 tox|[from] psn\n|upkeep\n|turn|18\n|\n|t:|1700323195\n|switch|p2a: Watermelon Muncher|Marshadow|100\/100\n|-status|p2a: Watermelon Muncher|tox\n|move|p1a: Beat BobbyFlay|Eruption|p2a: Watermelon Muncher\n|-enditem|p2a: Watermelon Muncher|Focus Sash\n|-damage|p2a: Watermelon Muncher|1\/100 tox\n|\n|-weather|DesolateLand|[upkeep]\n|-damage|p2a: Watermelon Muncher|0 fnt|[from] psn\n|faint|p2a: Watermelon Muncher\n|upkeep\n|\n|t:|1700323200\n|switch|p2a: Arceus|Arceus|100\/100\n|-status|p2a: Arceus|tox\n|turn|19\n|\n|t:|1700323207\n|-weather|none\n|switch|p1a: Achoo Achieve|Yveltal|100\/100\n|-ability|p1a: Achoo Achieve|Dark Aura\n|move|p2a: Arceus|Swords Dance|p2a: Arceus\n|-boost|p2a: Arceus|atk|2\n|\n|-damage|p2a: Arceus|94\/100 tox|[from] psn\n|upkeep\n|turn|20\n|\n|t:|1700323213\n|-terastallize|p1a: Achoo Achieve|Ghost\n|move|p2a: Arceus|Extreme Speed|p1a: Achoo Achieve\n|-immune|p1a: Achoo Achieve\n|move|p1a: Achoo Achieve|Foul Play|p2a: Arceus\n|-damage|p2a: Arceus|8\/100 tox\n|\n|-heal|p2a: Arceus|14\/100 tox|[from] item: Leftovers\n|-damage|p2a: Arceus|2\/100 tox|[from] psn\n|upkeep\n|turn|21\n|-message|joon30 forfeited.\n|\n|win|97Graham\n|raw|97Graham's rating: 1425 &rarr; <strong>1439<\/strong><br \/>(+14 for winning)\n|raw|joon30's rating: 1308 &rarr; <strong>1294<\/strong><br \/>(-14 for losing)\n|l|\u2606joon30\n","uploadtime":1700323229,"views":6,"p1id":"97graham","p2id":"joon30","formatid":"gen9nationaldexubers","rating":1294,"private":0,"password":""}