{"id":"gen9nationaldexubers-1984545601","p1":"FLOWER-M0DE\u267b\ufe0f","p2":"KarmaNightraide","format":"[Gen 9] National Dex Ubers","log":"|j|\u2606FLOWER-M0DE\u267b\ufe0f\n|j|\u2606KarmaNightraide\n|t:|1699278364\n|gametype|singles\n|player|p1|FLOWER-M0DE\u267b\ufe0f|erika-masters|1069\n|player|p2|KarmaNightraide|unknown|1197\n|teamsize|p1|6\n|teamsize|p2|6\n|gen|9\n|tier|[Gen 9] National Dex Ubers\n|rated|\n|rule|HP Percentage Mod: HP is shown in percentages\n|rule|Endless Battle Clause: Forcing endless battles is banned\n|rule|OHKO Clause: OHKO moves are banned\n|rule|Evasion Moves Clause: Evasion moves are banned\n|rule|Evasion Items Clause: Evasion items are banned\n|rule|Species Clause: Limit one of each Pok\u00e9mon\n|rule|Sleep Clause Mod: Limit one foe put to sleep\n|rule|Mega Rayquaza Clause: You cannot mega evolve Rayquaza\n|clearpoke\n|poke|p1|Virizion|\n|poke|p1|Appletun, M|\n|poke|p1|Arboliva, F|\n|poke|p1|Silvally-*|\n|poke|p1|Kartana|\n|poke|p1|Scovillain, M|\n|poke|p2|Aegislash, F|\n|poke|p2|Ceruledge, F|\n|poke|p2|Basculegion, M|\n|poke|p2|Mimikyu, M|\n|poke|p2|Gourgeist-*, F|\n|poke|p2|Banette, M|\n|teampreview\n|inactive|Battle timer is ON: inactive players will automatically lose when time's up. (requested by KarmaNightraide)\n|\n|t:|1699278375\n|start\n|switch|p1a: \ud83d\udd25\ud83d\udd25SCOVILLIAN\ud83d\udc90\ud83d\udc90|Scovillain, M|100\/100\n|switch|p2a: Go to sleep...|Banette, M|100\/100\n|turn|1\n|\n|t:|1699278385\n|detailschange|p2a: Go to sleep...|Banette-Mega, M\n|-mega|p2a: Go to sleep...|Banette|Banettite\n|move|p2a: Go to sleep...|Taunt|p1a: \ud83d\udd25\ud83d\udd25SCOVILLIAN\ud83d\udc90\ud83d\udc90\n|-start|p1a: \ud83d\udd25\ud83d\udd25SCOVILLIAN\ud83d\udc90\ud83d\udc90|move: Taunt\n|cant|p1a: \ud83d\udd25\ud83d\udd25SCOVILLIAN\ud83d\udc90\ud83d\udc90|move: Taunt|Sunny Day\n|\n|upkeep\n|turn|2\n|\n|t:|1699278394\n|switch|p1a: \ud83e\uded2\ud83c\udf31ARBOLIIVA\ud83c\udf31|Arboliva, F|100\/100\n|move|p2a: Go to sleep...|Thunder Wave|p1a: \ud83e\uded2\ud83c\udf31ARBOLIIVA\ud83c\udf31|[miss]\n|-miss|p2a: Go to sleep...|p1a: \ud83e\uded2\ud83c\udf31ARBOLIIVA\ud83c\udf31\n|\n|upkeep\n|turn|3\n|\n|t:|1699278405\n|move|p2a: Go to sleep...|Taunt|p1a: \ud83e\uded2\ud83c\udf31ARBOLIIVA\ud83c\udf31\n|-start|p1a: \ud83e\uded2\ud83c\udf31ARBOLIIVA\ud83c\udf31|move: Taunt\n|move|p1a: \ud83e\uded2\ud83c\udf31ARBOLIIVA\ud83c\udf31|Giga Drain|p2a: Go to sleep...\n|-damage|p2a: Go to sleep...|44\/100\n|\n|upkeep\n|turn|4\n|\n|t:|1699278412\n|move|p2a: Go to sleep...|Thunder Wave|p1a: \ud83e\uded2\ud83c\udf31ARBOLIIVA\ud83c\udf31\n|-status|p1a: \ud83e\uded2\ud83c\udf31ARBOLIIVA\ud83c\udf31|par\n|move|p1a: \ud83e\uded2\ud83c\udf31ARBOLIIVA\ud83c\udf31|Giga Drain|p2a: Go to sleep...\n|-damage|p2a: Go to sleep...|0 fnt\n|faint|p2a: Go to sleep...\n|\n|upkeep\n|\n|t:|1699278420\n|switch|p2a: Widowmaker|Ceruledge, F|100\/100\n|turn|5\n|\n|t:|1699278430\n|switch|p1a: \ud83c\udf34\ud83c\udf43APPLETUN\ud83c\udf40\ud83c\udf3f|Appletun, M, shiny|100\/100\n|move|p2a: Widowmaker|Swords Dance|p2a: Widowmaker\n|-boost|p2a: Widowmaker|atk|2\n|\n|upkeep\n|turn|6\n|\n|t:|1699278441\n|-terastallize|p2a: Widowmaker|Fire\n|move|p2a: Widowmaker|Bitter Blade|p1a: \ud83c\udf34\ud83c\udf43APPLETUN\ud83c\udf40\ud83c\udf3f\n|-damage|p1a: \ud83c\udf34\ud83c\udf43APPLETUN\ud83c\udf40\ud83c\udf3f|35\/100\n|move|p1a: \ud83c\udf34\ud83c\udf43APPLETUN\ud83c\udf40\ud83c\udf3f|Leech Seed|p2a: Widowmaker\n|-start|p2a: Widowmaker|move: Leech Seed\n|\n|-damage|p2a: Widowmaker|88\/100|[from] Leech Seed|[of] p1a: \ud83c\udf34\ud83c\udf43APPLETUN\ud83c\udf40\ud83c\udf3f\n|-heal|p1a: \ud83c\udf34\ud83c\udf43APPLETUN\ud83c\udf40\ud83c\udf3f|48\/100|[silent]\n|upkeep\n|turn|7\n|\n|t:|1699278454\n|move|p2a: Widowmaker|Dragon Claw|p1a: \ud83c\udf34\ud83c\udf43APPLETUN\ud83c\udf40\ud83c\udf3f\n|-supereffective|p1a: \ud83c\udf34\ud83c\udf43APPLETUN\ud83c\udf40\ud83c\udf3f\n|-damage|p1a: \ud83c\udf34\ud83c\udf43APPLETUN\ud83c\udf40\ud83c\udf3f|0 fnt\n|faint|p1a: \ud83c\udf34\ud83c\udf43APPLETUN\ud83c\udf40\ud83c\udf3f\n|\n|upkeep\n|\n|t:|1699278474\n|switch|p1a: \ud83d\udd25\ud83d\udd25SCOVILLIAN\ud83d\udc90\ud83d\udc90|Scovillain, M|100\/100\n|turn|8\n|\n|t:|1699278503\n|move|p2a: Widowmaker|Poison Jab|p1a: \ud83d\udd25\ud83d\udd25SCOVILLIAN\ud83d\udc90\ud83d\udc90\n|-supereffective|p1a: \ud83d\udd25\ud83d\udd25SCOVILLIAN\ud83d\udc90\ud83d\udc90\n|-damage|p1a: \ud83d\udd25\ud83d\udd25SCOVILLIAN\ud83d\udc90\ud83d\udc90|0 fnt\n|faint|p1a: \ud83d\udd25\ud83d\udd25SCOVILLIAN\ud83d\udc90\ud83d\udc90\n|\n|upkeep\n|-message|FLOWER-M0DE\u267b\ufe0f forfeited.\n|\n|win|KarmaNightraide\n|raw|FLOWER-M0DE\u267b\ufe0f's rating: 1069 &rarr; <strong>1056<\/strong><br \/>(-13 for losing)\n|raw|KarmaNightraide's rating: 1197 &rarr; <strong>1213<\/strong><br \/>(+16 for winning)\n|l|\u2606FLOWER-M0DE\u267b\ufe0f\n","uploadtime":1699278520,"views":6,"p1id":"flowerm0de","p2id":"karmanightraide","formatid":"gen9nationaldexubers","rating":1056,"private":0,"password":""}