{"id":"gen9nationaldexubers-1977929673","p1":"utsudere","p2":"qapl1379","format":"[Gen 9] National Dex Ubers","log":"|j|\u2606utsudere\n|j|\u2606qapl1379\n|t:|1698468113\n|gametype|singles\n|player|p1|utsudere|dawn|1017\n|player|p2|qapl1379|2|1132\n|teamsize|p1|2\n|teamsize|p2|6\n|gen|9\n|tier|[Gen 9] National Dex Ubers\n|rated|\n|rule|HP Percentage Mod: HP is shown in percentages\n|rule|Endless Battle Clause: Forcing endless battles is banned\n|rule|OHKO Clause: OHKO moves are banned\n|rule|Evasion Moves Clause: Evasion moves are banned\n|rule|Evasion Items Clause: Evasion items are banned\n|rule|Species Clause: Limit one of each Pok\u00e9mon\n|rule|Sleep Clause Mod: Limit one foe put to sleep\n|rule|Mega Rayquaza Clause: You cannot mega evolve Rayquaza\n|clearpoke\n|poke|p1|Lunala|\n|poke|p1|Forretress, M|\n|poke|p2|Arceus|\n|poke|p2|Marshadow|\n|poke|p2|Grimmsnarl, M|\n|poke|p2|Groudon|\n|poke|p2|Mewtwo|\n|poke|p2|Kyogre|\n|teampreview\n|c|\u2606utsudere|hello just experimenting\n|\n|t:|1698468122\n|start\n|switch|p1a: Forretress|Forretress, M|100\/100\n|switch|p2a: Groudon|Groudon, shiny|100\/100\n|detailschange|p2a: Groudon|Groudon-Primal, shiny\n|-primal|p2a: Groudon|Red Orb\n|-weather|DesolateLand|[from] ability: Desolate Land|[of] p2a: Groudon\n|turn|1\n|\n|t:|1698468130\n|move|p2a: Groudon|Precipice Blades|p1a: Forretress\n|-damage|p1a: Forretress|65\/100\n|move|p1a: Forretress|Stealth Rock|p2a: Groudon\n|-sidestart|p2: qapl1379|move: Stealth Rock\n|\n|-weather|DesolateLand|[upkeep]\n|-heal|p1a: Forretress|72\/100|[from] item: Leftovers\n|upkeep\n|turn|2\n|\n|t:|1698468138\n|move|p2a: Groudon|Toxic|p1a: Forretress|[miss]\n|-miss|p2a: Groudon|p1a: Forretress\n|move|p1a: Forretress|Toxic Spikes|p2a: Groudon\n|-sidestart|p2: qapl1379|move: Toxic Spikes\n|\n|-weather|DesolateLand|[upkeep]\n|-heal|p1a: Forretress|78\/100|[from] item: Leftovers\n|upkeep\n|turn|3\n|\n|t:|1698468146\n|move|p2a: Groudon|Toxic|p1a: Forretress\n|-immune|p1a: Forretress\n|move|p1a: Forretress|Toxic Spikes|p2a: Groudon\n|-sidestart|p2: qapl1379|move: Toxic Spikes\n|\n|-weather|DesolateLand|[upkeep]\n|-heal|p1a: Forretress|84\/100|[from] item: Leftovers\n|upkeep\n|turn|4\n|\n|t:|1698468155\n|move|p1a: Forretress|Protect|p1a: Forretress\n|-singleturn|p1a: Forretress|Protect\n|move|p2a: Groudon|Overheat|p1a: Forretress\n|-activate|p1a: Forretress|move: Protect\n|\n|-weather|DesolateLand|[upkeep]\n|-heal|p1a: Forretress|90\/100|[from] item: Leftovers\n|upkeep\n|turn|5\n|\n|t:|1698468163\n|switch|p1a: Lunala|Lunala|100\/100\n|move|p2a: Groudon|Overheat|p1a: Lunala|[miss]\n|-miss|p2a: Groudon|p1a: Lunala\n|\n|-weather|DesolateLand|[upkeep]\n|upkeep\n|turn|6\n|\n|t:|1698468173\n|move|p1a: Lunala|Calm Mind|p1a: Lunala\n|-boost|p1a: Lunala|spa|1\n|-boost|p1a: Lunala|spd|1\n|move|p2a: Groudon|Precipice Blades|p1a: Lunala|[miss]\n|-miss|p2a: Groudon|p1a: Lunala\n|\n|-weather|DesolateLand|[upkeep]\n|upkeep\n|turn|7\n|\n|t:|1698468181\n|move|p1a: Lunala|Moongeist Beam|p2a: Groudon\n|-damage|p2a: Groudon|21\/100\n|move|p2a: Groudon|Toxic|p1a: Lunala|[miss]\n|-miss|p2a: Groudon|p1a: Lunala\n|\n|-weather|DesolateLand|[upkeep]\n|upkeep\n|turn|8\n|\n|t:|1698468194\n|move|p1a: Lunala|Psyshock|p2a: Groudon\n|-damage|p2a: Groudon|0 fnt\n|faint|p2a: Groudon\n|-weather|none\n|\n|upkeep\n|\n|t:|1698468205\n|switch|p2a: Mewtwo|Mewtwo|100\/100\n|-damage|p2a: Mewtwo|88\/100|[from] Stealth Rock\n|-status|p2a: Mewtwo|tox\n|-ability|p2a: Mewtwo|Pressure\n|turn|9\n|\n|t:|1698468227\n|detailschange|p2a: Mewtwo|Mewtwo-Mega-Y\n|-mega|p2a: Mewtwo|Mewtwo|Mewtwonite Y\n|move|p2a: Mewtwo|Psystrike|p1a: Lunala\n|-resisted|p1a: Lunala\n|-damage|p1a: Lunala|86\/100\n|move|p1a: Lunala|Moongeist Beam|p2a: Mewtwo\n|-supereffective|p2a: Mewtwo\n|-damage|p2a: Mewtwo|0 fnt\n|faint|p2a: Mewtwo\n|\n|upkeep\n|\n|t:|1698468241\n|switch|p2a: Marshadow|Marshadow|100\/100\n|-damage|p2a: Marshadow|94\/100|[from] Stealth Rock\n|-status|p2a: Marshadow|tox\n|turn|10\n|\n|t:|1698468248\n|-zpower|p2a: Marshadow\n|move|p2a: Marshadow|Soul-Stealing 7-Star Strike|p1a: Lunala|[zeffect]\n|-supereffective|p1a: Lunala\n|-damage|p1a: Lunala|0 fnt\n|faint|p1a: Lunala\n|\n|-damage|p2a: Marshadow|88\/100 tox|[from] psn\n|upkeep\n|\n|t:|1698468260\n|switch|p1a: Forretress|Forretress, M|90\/100\n|turn|11\n|-message|utsudere forfeited.\n|\n|win|qapl1379\n|raw|utsudere's rating: 1017 &rarr; <strong>1008<\/strong><br \/>(-9 for losing)\n|raw|qapl1379's rating: 1132 &rarr; <strong>1149<\/strong><br \/>(+17 for winning)\n|l|\u2606qapl1379\n","uploadtime":1698468280,"views":11,"p1id":"utsudere","p2id":"qapl1379","formatid":"gen9nationaldexubers","rating":1008,"private":0,"password":""}