{"id":"gen9nationaldexubers-1978816405","p1":"zillygaming","p2":"EA-ItsInTheGame","format":"[Gen 9] National Dex Ubers","log":"|j|\u2606zillygaming\n|j|\u2606EA-ItsInTheGame\n|t:|1698598645\n|gametype|singles\n|player|p1|zillygaming|ingo|1184\n|player|p2|EA-ItsInTheGame|169|1220\n|teamsize|p1|6\n|teamsize|p2|6\n|gen|9\n|tier|[Gen 9] National Dex Ubers\n|rated|\n|rule|HP Percentage Mod: HP is shown in percentages\n|rule|Endless Battle Clause: Forcing endless battles is banned\n|rule|OHKO Clause: OHKO moves are banned\n|rule|Evasion Moves Clause: Evasion moves are banned\n|rule|Evasion Items Clause: Evasion items are banned\n|rule|Species Clause: Limit one of each Pok\u00e9mon\n|rule|Sleep Clause Mod: Limit one foe put to sleep\n|rule|Mega Rayquaza Clause: You cannot mega evolve Rayquaza\n|clearpoke\n|poke|p1|Incineroar, M|\n|poke|p1|Meowscarada, F|\n|poke|p1|Zacian-*|\n|poke|p1|Blastoise, F|\n|poke|p1|Lycanroc-Dusk, M|\n|poke|p1|Lunala|\n|poke|p2|Necrozma-Dusk-Mane|\n|poke|p2|Ho-Oh|\n|poke|p2|Zacian-*|\n|poke|p2|Groudon|\n|poke|p2|Kyogre|\n|poke|p2|Marshadow|\n|teampreview\n|\n|t:|1698598652\n|start\n|switch|p1a: Meowscarada|Meowscarada, F, shiny|100\/100\n|switch|p2a: Zacian|Zacian-Crowned|100\/100\n|-ability|p2a: Zacian|Intrepid Sword|boost\n|-boost|p2a: Zacian|atk|1\n|turn|1\n|\n|t:|1698598663\n|move|p2a: Zacian|Swords Dance|p2a: Zacian\n|-boost|p2a: Zacian|atk|2\n|move|p1a: Meowscarada|Toxic Spikes|p2a: Zacian\n|-start|p1a: Meowscarada|typechange|Poison|[from] ability: Protean\n|-sidestart|p2: EA-ItsInTheGame|move: Toxic Spikes\n|\n|upkeep\n|turn|2\n|\n|t:|1698598671\n|-terastallize|p2a: Zacian|Normal\n|move|p2a: Zacian|Swords Dance|p2a: Zacian\n|-boost|p2a: Zacian|atk|2\n|move|p1a: Meowscarada|Toxic Spikes|p2a: Zacian\n|-sidestart|p2: EA-ItsInTheGame|move: Toxic Spikes\n|\n|upkeep\n|turn|3\n|\n|t:|1698598681\n|move|p2a: Zacian|Behemoth Blade|p1a: Meowscarada\n|-damage|p1a: Meowscarada|0 fnt\n|faint|p1a: Meowscarada\n|\n|upkeep\n|\n|t:|1698598687\n|switch|p1a: Lycanroc|Lycanroc-Dusk, M, shiny|100\/100\n|turn|4\n|\n|t:|1698598691\n|move|p2a: Zacian|Behemoth Blade|p1a: Lycanroc\n|-supereffective|p1a: Lycanroc\n|-enditem|p1a: Lycanroc|Focus Sash\n|-damage|p1a: Lycanroc|1\/100\n|move|p1a: Lycanroc|Endeavor|p2a: Zacian\n|-damage|p2a: Zacian|1\/100\n|\n|upkeep\n|turn|5\n|\n|t:|1698598701\n|move|p1a: Lycanroc|Sucker Punch|p2a: Zacian\n|-damage|p2a: Zacian|0 fnt\n|faint|p2a: Zacian\n|\n|upkeep\n|\n|t:|1698598707\n|switch|p2a: Necrozma|Necrozma-Dusk-Mane|100\/100\n|turn|6\n|\n|t:|1698598715\n|detailschange|p2a: Necrozma|Necrozma-Ultra\n|-burst|p2a: Necrozma|Necrozma|Ultranecrozium Z\n|move|p1a: Lycanroc|Sucker Punch|p2a: Necrozma\n|-supereffective|p2a: Necrozma\n|-damage|p2a: Necrozma|37\/100\n|move|p2a: Necrozma|Photon Geyser|p1a: Lycanroc\n|-crit|p1a: Lycanroc\n|-damage|p1a: Lycanroc|0 fnt\n|faint|p1a: Lycanroc\n|\n|upkeep\n|\n|t:|1698598732\n|switch|p1a: Zacian|Zacian-Crowned, shiny|100\/100\n|-ability|p1a: Zacian|Intrepid Sword|boost\n|-boost|p1a: Zacian|atk|1\n|turn|7\n|\n|t:|1698598740\n|-zpower|p2a: Necrozma\n|move|p2a: Necrozma|Light That Burns the Sky|p1a: Zacian|[zeffect]\n|-resisted|p1a: Zacian\n|-crit|p1a: Zacian\n|-damage|p1a: Zacian|16\/100\n|move|p1a: Zacian|Behemoth Blade|p2a: Necrozma\n|-damage|p2a: Necrozma|0 fnt\n|faint|p2a: Necrozma\n|\n|upkeep\n|\n|t:|1698598747\n|switch|p2a: Ho-Oh|Ho-Oh|100\/100\n|turn|8\n|\n|t:|1698598758\n|switch|p1a: Incineroar|Incineroar, M, shiny|100\/100\n|-ability|p1a: Incineroar|Intimidate|boost\n|-unboost|p2a: Ho-Oh|atk|1\n|move|p2a: Ho-Oh|Sacred Fire|p1a: Incineroar\n|-resisted|p1a: Incineroar\n|-damage|p1a: Incineroar|87\/100\n|\n|upkeep\n|turn|9\n|\n|t:|1698598766\n|move|p1a: Incineroar|Fake Out|p2a: Ho-Oh\n|-damage|p2a: Ho-Oh|89\/100\n|cant|p2a: Ho-Oh|flinch\n|\n|upkeep\n|turn|10\n|\n|t:|1698598775\n|move|p2a: Ho-Oh|Thunder Wave|p1a: Incineroar\n|-status|p1a: Incineroar|par\n|cant|p1a: Incineroar|par\n|\n|upkeep\n|turn|11\n|\n|t:|1698598791\n|move|p2a: Ho-Oh|Air Slash|p1a: Incineroar\n|-damage|p1a: Incineroar|61\/100 par\n|cant|p1a: Incineroar|flinch\n|\n|upkeep\n|turn|12\n|\n|t:|1698598797\n|move|p2a: Ho-Oh|Air Slash|p1a: Incineroar\n|-damage|p1a: Incineroar|31\/100 par\n|-zpower|p1a: Incineroar\n|move|p1a: Incineroar|Malicious Moonsault|p2a: Ho-Oh|[zeffect]\n|-crit|p2a: Ho-Oh\n|-damage|p2a: Ho-Oh|0 fnt\n|faint|p2a: Ho-Oh\n|\n|upkeep\n|\n|t:|1698598804\n|switch|p2a: Kyogre|Kyogre|100\/100\n|-status|p2a: Kyogre|tox\n|detailschange|p2a: Kyogre|Kyogre-Primal\n|-primal|p2a: Kyogre|Blue Orb\n|-weather|PrimordialSea|[from] ability: Primordial Sea|[of] p2a: Kyogre\n|turn|13\n|\n|t:|1698598815\n|move|p2a: Kyogre|Origin Pulse|p1a: Incineroar\n|-supereffective|p1a: Incineroar\n|-damage|p1a: Incineroar|0 fnt\n|faint|p1a: Incineroar\n|\n|-weather|PrimordialSea|[upkeep]\n|-damage|p2a: Kyogre|94\/100 tox|[from] psn\n|upkeep\n|\n|t:|1698598827\n|switch|p1a: Zacian|Zacian-Crowned, shiny|16\/100\n|turn|14\n|\n|t:|1698598836\n|move|p1a: Zacian|Play Rough|p2a: Kyogre\n|-crit|p2a: Kyogre\n|-damage|p2a: Kyogre|0 fnt\n|faint|p2a: Kyogre\n|-weather|none\n|\n|upkeep\n|\n|t:|1698598842\n|switch|p2a: Groudon|Groudon|100\/100\n|-status|p2a: Groudon|tox\n|detailschange|p2a: Groudon|Groudon-Primal\n|-primal|p2a: Groudon|Red Orb\n|-weather|DesolateLand|[from] ability: Desolate Land|[of] p2a: Groudon\n|turn|15\n|\n|t:|1698598849\n|-terastallize|p1a: Zacian|Ground\n|move|p1a: Zacian|Tera Blast|p2a: Groudon|[anim] Tera Blast Ground\n|-supereffective|p2a: Groudon\n|-damage|p2a: Groudon|37\/100 tox\n|move|p2a: Groudon|Precipice Blades|p1a: Zacian\n|-damage|p1a: Zacian|0 fnt\n|faint|p1a: Zacian\n|\n|-weather|DesolateLand|[upkeep]\n|-damage|p2a: Groudon|31\/100 tox|[from] psn\n|upkeep\n|\n|t:|1698598864\n|switch|p1a: Lunala|Lunala, shiny|100\/100\n|turn|16\n|\n|t:|1698598872\n|move|p1a: Lunala|Moongeist Beam|p2a: Groudon\n|-damage|p2a: Groudon|0 fnt\n|faint|p2a: Groudon\n|-weather|none\n|\n|upkeep\n|\n|t:|1698598878\n|switch|p2a: Marshadow|Marshadow|100\/100\n|-status|p2a: Marshadow|tox\n|turn|17\n|\n|t:|1698598885\n|move|p2a: Marshadow|Spectral Thief|p1a: Lunala\n|-supereffective|p1a: Lunala\n|-damage|p1a: Lunala|29\/100\n|move|p1a: Lunala|Expanding Force|p2a: Marshadow\n|-supereffective|p2a: Marshadow\n|-damage|p2a: Marshadow|8\/100 tox\n|\n|-damage|p2a: Marshadow|2\/100 tox|[from] psn\n|upkeep\n|turn|18\n|\n|t:|1698598897\n|move|p2a: Marshadow|Sucker Punch|p1a: Lunala\n|-supereffective|p1a: Lunala\n|-crit|p1a: Lunala\n|-damage|p1a: Lunala|0 fnt\n|faint|p1a: Lunala\n|\n|-damage|p2a: Marshadow|0 fnt|[from] psn\n|faint|p2a: Marshadow\n|\n|win|zillygaming\n|upkeep\n|raw|zillygaming's rating: 1184 &rarr; <strong>1212<\/strong><br \/>(+28 for winning)\n|raw|EA-ItsInTheGame's rating: 1220 &rarr; <strong>1192<\/strong><br \/>(-28 for losing)\n|l|\u2606EA-ItsInTheGame\n","uploadtime":1698598908,"views":7,"p1id":"zillygaming","p2id":"eaitsinthegame","formatid":"gen9nationaldexubers","rating":1192,"private":0,"password":""}