{"id":"gen9nationaldexubers-1978637936","p1":"Rayquaza59","p2":"nathan1932","format":"[Gen 9] National Dex Ubers","log":"|j|\u2606Rayquaza59\n|j|\u2606nathan1932\n|t:|1698572243\n|gametype|singles\n|player|p1|Rayquaza59|2|\n|player|p2|nathan1932|lucas|\n|teamsize|p1|3\n|teamsize|p2|3\n|gen|9\n|tier|[Gen 9] National Dex Ubers\n|rule|HP Percentage Mod: HP is shown in percentages\n|rule|Endless Battle Clause: Forcing endless battles is banned\n|rule|OHKO Clause: OHKO moves are banned\n|rule|Evasion Moves Clause: Evasion moves are banned\n|rule|Evasion Items Clause: Evasion items are banned\n|rule|Species Clause: Limit one of each Pok\u00e9mon\n|rule|Sleep Clause Mod: Limit one foe put to sleep\n|rule|Mega Rayquaza Clause: You cannot mega evolve Rayquaza\n|clearpoke\n|poke|p1|Aegislash, L70, M|\n|poke|p1|Cinderace, L70, F|\n|poke|p1|Gyarados, L70, M|\n|poke|p2|Alakazam, L70, M|\n|poke|p2|Indeedee, L70, M|\n|poke|p2|Gardevoir, L70, F|\n|teampreview\n|\n|t:|1698572248\n|start\n|switch|p1a: Aegislash|Aegislash, L70, M|100\/100\n|switch|p2a: Gardevoir|Gardevoir, L70, F|100\/100\n|turn|1\n|\n|t:|1698572261\n|move|p1a: Aegislash|King's Shield|p1a: Aegislash\n|-singleturn|p1a: Aegislash|Protect\n|move|p2a: Gardevoir|Mystical Fire|p1a: Aegislash\n|-activate|p1a: Aegislash|move: Protect\n|\n|upkeep\n|turn|2\n|n|\u2606Rayquaza59|rayquaza59\n|\n|t:|1698572272\n|move|p2a: Gardevoir|Mystical Fire|p1a: Aegislash\n|-supereffective|p1a: Aegislash\n|-damage|p1a: Aegislash|65\/100\n|-unboost|p1a: Aegislash|spa|1\n|move|p1a: Aegislash|Swords Dance|p1a: Aegislash\n|-boost|p1a: Aegislash|atk|2\n|\n|-heal|p1a: Aegislash|71\/100|[from] item: Leftovers\n|upkeep\n|turn|3\n|\n|t:|1698572283\n|move|p2a: Gardevoir|Mystical Fire|p1a: Aegislash\n|-supereffective|p1a: Aegislash\n|-damage|p1a: Aegislash|34\/100\n|-unboost|p1a: Aegislash|spa|1\n|-formechange|p1a: Aegislash|Aegislash-Blade||[from] ability: Stance Change\n|move|p1a: Aegislash|Shadow Claw|p2a: Gardevoir\n|-supereffective|p2a: Gardevoir\n|-damage|p2a: Gardevoir|0 fnt\n|faint|p2a: Gardevoir\n|\n|-heal|p1a: Aegislash|40\/100|[from] item: Leftovers\n|upkeep\n|\n|t:|1698572296\n|switch|p2a: Indeedee|Indeedee, L70, M|100\/100\n|-fieldstart|move: Psychic Terrain|[from] ability: Psychic Surge|[of] p2a: Indeedee\n|turn|4\n|\n|t:|1698572304\n|move|p2a: Indeedee|Expanding Force|p1a: Aegislash\n|-resisted|p1a: Aegislash\n|-damage|p1a: Aegislash|0 fnt\n|faint|p1a: Aegislash\n|\n|upkeep\n|\n|t:|1698572309\n|switch|p1a: Cinderace|Cinderace, L70, F|100\/100\n|turn|5\n|\n|t:|1698572314\n|move|p1a: Cinderace|Pyro Ball|p2a: Indeedee\n|-damage|p2a: Indeedee|0 fnt\n|faint|p2a: Indeedee\n|-damage|p1a: Cinderace|91\/100|[from] item: Life Orb\n|\n|upkeep\n|\n|t:|1698572320\n|switch|p2a: Alakazam|Alakazam, L70, M, shiny|100\/100\n|turn|6\n|\n|t:|1698572326\n|detailschange|p2a: Alakazam|Alakazam-Mega, L70, M, shiny\n|-mega|p2a: Alakazam|Alakazam|Alakazite\n|-ability|p2a: Alakazam|Blaze|[from] ability: Trace|[of] p1a: Cinderace\n|move|p2a: Alakazam|Psychic|p1a: Cinderace\n|-damage|p1a: Cinderace|0 fnt\n|faint|p1a: Cinderace\n|\n|upkeep\n|\n|t:|1698572334\n|switch|p1a: Gyarados|Gyarados, L70, M, shiny|100\/100\n|-ability|p1a: Gyarados|Intimidate|boost\n|-unboost|p2a: Alakazam|atk|1\n|turn|7\n|\n|t:|1698572343\n|detailschange|p1a: Gyarados|Gyarados-Mega, L70, M, shiny\n|-mega|p1a: Gyarados|Gyarados|Gyaradosite\n|-ability|p1a: Gyarados|Mold Breaker\n|move|p2a: Alakazam|Energy Ball|p1a: Gyarados\n|-supereffective|p1a: Gyarados\n|-damage|p1a: Gyarados|31\/100\n|move|p1a: Gyarados|Dragon Dance|p1a: Gyarados\n|-boost|p1a: Gyarados|atk|1\n|-boost|p1a: Gyarados|spe|1\n|\n|upkeep\n|turn|8\n|\n|t:|1698572358\n|move|p2a: Alakazam|Energy Ball|p1a: Gyarados\n|-supereffective|p1a: Gyarados\n|-damage|p1a: Gyarados|0 fnt\n|faint|p1a: Gyarados\n|\n|win|nathan1932\n","uploadtime":1698572367,"views":16,"p1id":"rayquaza59","p2id":"nathan1932","formatid":"gen9nationaldexubers","rating":0,"private":0,"password":""}