{"id":"gen9nationaldexubers-1982574344","p1":"KINGKRICH","p2":"Denimas","format":"[Gen 9] National Dex Ubers","log":"|j|\u2606KINGKRICH\n|j|\u2606Denimas\n|t:|1699026729\n|gametype|singles\n|player|p1|KINGKRICH|buck|1079\n|player|p2|Denimas|giovanni|1154\n|teamsize|p1|6\n|teamsize|p2|6\n|gen|9\n|tier|[Gen 9] National Dex Ubers\n|rated|\n|rule|HP Percentage Mod: HP is shown in percentages\n|rule|Endless Battle Clause: Forcing endless battles is banned\n|rule|OHKO Clause: OHKO moves are banned\n|rule|Evasion Moves Clause: Evasion moves are banned\n|rule|Evasion Items Clause: Evasion items are banned\n|rule|Species Clause: Limit one of each Pok\u00e9mon\n|rule|Sleep Clause Mod: Limit one foe put to sleep\n|rule|Mega Rayquaza Clause: You cannot mega evolve Rayquaza\n|clearpoke\n|poke|p1|Charizard, M|\n|poke|p1|Chandelure, F|\n|poke|p1|Talonflame, M|\n|poke|p1|Greninja-*, M|\n|poke|p1|Rapidash, M|\n|poke|p1|Incineroar, M|\n|poke|p2|Durant, F|\n|poke|p2|Dugtrio, F|\n|poke|p2|Diglett, F|\n|poke|p2|Pineco, M|\n|poke|p2|Aron, L1, M|\n|poke|p2|Wooper-Paldea, M|\n|teampreview\n|c|\u2606KINGKRICH|easy\n|\n|t:|1699026754\n|start\n|switch|p1a: Greninja|Greninja, M|100\/100\n|switch|p2a: Durant|Durant, F|100\/100\n|turn|1\n|c|\u2606Denimas|:)\n|\n|t:|1699026767\n|move|p1a: Greninja|Water Shuriken|p2a: Durant\n|-start|p1a: Greninja|typechange|Water|[from] ability: Protean\n|-damage|p2a: Durant|83\/100\n|-damage|p2a: Durant|64\/100\n|-damage|p2a: Durant|47\/100\n|-damage|p2a: Durant|29\/100\n|-hitcount|p2a: Durant|4\n|move|p2a: Durant|Entrainment|p1a: Greninja\n|-endability|p1a: Greninja|Protean|[from] move: Entrainment\n|-ability|p1a: Greninja|Truant|[from] move: Entrainment\n|\n|upkeep\n|turn|2\n|inactive|Battle timer is ON: inactive players will automatically lose when time's up. (requested by Denimas)\n|\n|t:|1699026802\n|switch|p2a: Dugtrio|Dugtrio, F|100\/100\n|switch|p1a: Incineroar|Incineroar, M|100\/100\n|-ability|p1a: Incineroar|Intimidate|boost\n|-unboost|p2a: Dugtrio|atk|1\n|\n|upkeep\n|turn|3\n|\n|t:|1699026810\n|move|p2a: Dugtrio|Protect|p2a: Dugtrio\n|-singleturn|p2a: Dugtrio|Protect\n|move|p1a: Incineroar|Fake Out|p2a: Dugtrio\n|-activate|p2a: Dugtrio|move: Protect\n|\n|upkeep\n|turn|4\n|\n|t:|1699026821\n|move|p2a: Dugtrio|Hone Claws|p2a: Dugtrio\n|-boost|p2a: Dugtrio|atk|1\n|-boost|p2a: Dugtrio|accuracy|1\n|move|p1a: Incineroar|Fire Blast|p2a: Dugtrio\n|-damage|p2a: Dugtrio|37\/100\n|\n|-heal|p2a: Dugtrio|44\/100|[from] item: Leftovers\n|upkeep\n|turn|5\n|\n|t:|1699026829\n|move|p2a: Dugtrio|Protect|p2a: Dugtrio\n|-singleturn|p2a: Dugtrio|Protect\n|move|p1a: Incineroar|Fire Blast|p2a: Dugtrio\n|-activate|p2a: Dugtrio|move: Protect\n|\n|-heal|p2a: Dugtrio|50\/100|[from] item: Leftovers\n|upkeep\n|turn|6\n|\n|t:|1699026837\n|move|p2a: Dugtrio|Earthquake|p1a: Incineroar\n|-supereffective|p1a: Incineroar\n|-damage|p1a: Incineroar|24\/100\n|move|p1a: Incineroar|Darkest Lariat|p2a: Dugtrio\n|-damage|p2a: Dugtrio|0 fnt\n|faint|p2a: Dugtrio\n|\n|upkeep\n|\n|t:|1699026841\n|switch|p2a: Wooper|Wooper-Paldea, M|100\/100\n|turn|7\n|\n|t:|1699026847\n|move|p1a: Incineroar|Fire Blast|p2a: Wooper\n|-damage|p2a: Wooper|43\/100\n|move|p2a: Wooper|Toxic Spikes|p1a: Incineroar\n|-sidestart|p1: KINGKRICH|move: Toxic Spikes\n|\n|upkeep\n|turn|8\n|\n|t:|1699026855\n|move|p1a: Incineroar|Fire Blast|p2a: Wooper\n|-damage|p2a: Wooper|0 fnt\n|faint|p2a: Wooper\n|\n|upkeep\n|\n|t:|1699026860\n|switch|p2a: Diglett|Diglett, F|100\/100\n|turn|9\n|\n|t:|1699026866\n|move|p2a: Diglett|Stealth Rock|p1a: Incineroar\n|-sidestart|p1: KINGKRICH|move: Stealth Rock\n|move|p1a: Incineroar|Fire Blast|p2a: Diglett\n|-damage|p2a: Diglett|12\/100\n|\n|upkeep\n|turn|10\n|\n|t:|1699026872\n|move|p2a: Diglett|Earthquake|p1a: Incineroar\n|-supereffective|p1a: Incineroar\n|-damage|p1a: Incineroar|0 fnt\n|faint|p1a: Incineroar\n|\n|upkeep\n|\n|t:|1699026877\n|switch|p1a: Talonflame|Talonflame, M|100\/100\n|turn|11\n|\n|t:|1699026884\n|move|p2a: Diglett|Protect|p2a: Diglett\n|-singleturn|p2a: Diglett|Protect\n|move|p1a: Talonflame|Defog|p2a: Diglett\n|-activate|p2a: Diglett|move: Protect\n|\n|upkeep\n|turn|12\n|\n|t:|1699026894\n|move|p1a: Talonflame|Defog|p2a: Diglett\n|-unboost|p2a: Diglett|evasion|1\n|-sideend|p1: KINGKRICH|Toxic Spikes|[from] move: Defog|[of] p1a: Talonflame\n|-sideend|p1: KINGKRICH|Stealth Rock|[from] move: Defog|[of] p1a: Talonflame\n|move|p2a: Diglett|Memento|p1a: Talonflame\n|-unboost|p1a: Talonflame|atk|2\n|-unboost|p1a: Talonflame|spa|2\n|faint|p2a: Diglett\n|\n|upkeep\n|\n|t:|1699026901\n|switch|p2a: Pineco|Pineco, M|100\/100\n|turn|13\n|\n|t:|1699026905\n|move|p1a: Talonflame|Aerial Ace|p2a: Pineco\n|-supereffective|p2a: Pineco\n|-damage|p2a: Pineco|66\/100\n|move|p2a: Pineco|Explosion|p1a: Talonflame\n|-damage|p1a: Talonflame|0 fnt\n|faint|p2a: Pineco\n|faint|p1a: Talonflame\n|\n|upkeep\n|\n|t:|1699026915\n|switch|p1a: Chandelure|Chandelure, F|100\/100\n|switch|p2a: Durant|Durant, F|29\/100\n|turn|14\n|\n|t:|1699026922\n|move|p2a: Durant|Entrainment|p1a: Chandelure\n|-endability|p1a: Chandelure|Infiltrator|[from] move: Entrainment\n|-ability|p1a: Chandelure|Truant|[from] move: Entrainment\n|move|p1a: Chandelure|Shadow Ball|p2a: Durant\n|-damage|p2a: Durant|0 fnt\n|faint|p2a: Durant\n|\n|upkeep\n|\n|t:|1699026929\n|switch|p2a: Aron|Aron, L1, M|100\/100\n|turn|15\n|\n|t:|1699026933\n|switch|p1a: Greninja|Greninja, M|100\/100\n|move|p2a: Aron|Substitute|p2a: Aron\n|-start|p2a: Aron|Substitute\n|-damage|p2a: Aron|75\/100\n|\n|upkeep\n|turn|16\n|\n|t:|1699026939\n|move|p1a: Greninja|Water Shuriken|p2a: Aron\n|-start|p1a: Greninja|typechange|Water|[from] ability: Protean\n|-supereffective|p2a: Aron\n|-end|p2a: Aron|Substitute\n|-supereffective|p2a: Aron\n|-damage|p2a: Aron|0 fnt\n|faint|p2a: Aron\n|-hitcount|p2: Aron|2\n|\n|win|KINGKRICH\n|raw|KINGKRICH's rating: 1079 &rarr; <strong>1113<\/strong><br \/>(+34 for winning)\n|raw|Denimas's rating: 1154 &rarr; <strong>1124<\/strong><br \/>(-30 for losing)\n|c|\u2606Denimas|:)\n|l|\u2606Denimas\n|c|\u2606KINGKRICH|like i said\n","uploadtime":1699026956,"views":4,"p1id":"kingkrich","p2id":"denimas","formatid":"gen9nationaldexubers","rating":1113,"private":0,"password":""}