{"id":"gen9nationaldexubers-1996936946","p1":"JustMonika_CARR","p2":"friedmagma","format":"[Gen 9] National Dex Ubers","log":"|j|\u2606JustMonika_CARR\n|j|\u2606friedmagma\n|t:|1700747041\n|gametype|singles\n|player|p1|JustMonika_CARR|rosa|1359\n|player|p2|friedmagma|blackbelt-gen4dp|1312\n|teamsize|p1|6\n|teamsize|p2|6\n|gen|9\n|tier|[Gen 9] National Dex Ubers\n|rated|\n|rule|HP Percentage Mod: HP is shown in percentages\n|rule|Endless Battle Clause: Forcing endless battles is banned\n|rule|OHKO Clause: OHKO moves are banned\n|rule|Evasion Moves Clause: Evasion moves are banned\n|rule|Evasion Items Clause: Evasion items are banned\n|rule|Species Clause: Limit one of each Pok\u00e9mon\n|rule|Sleep Clause Mod: Limit one foe put to sleep\n|rule|Mega Rayquaza Clause: You cannot mega evolve Rayquaza\n|clearpoke\n|poke|p1|Blaziken, M|\n|poke|p1|Pheromosa|\n|poke|p1|Gothitelle, F|\n|poke|p1|Deoxys-Speed|\n|poke|p1|Shuckle, M|\n|poke|p1|Durant, F|\n|poke|p2|Baxcalibur, F|\n|poke|p2|Mimikyu, M|\n|poke|p2|Marshadow|\n|poke|p2|Palafin, M|\n|poke|p2|Charizard, F|\n|poke|p2|Darmanitan-Galar, F|\n|teampreview\n|inactive|Battle timer is ON: inactive players will automatically lose when time's up. (requested by friedmagma)\n|\n|t:|1700747057\n|start\n|switch|p1a: Deoxys|Deoxys-Speed, shiny|100\/100\n|switch|p2a: Charizard|Charizard, F, shiny|100\/100\n|-ability|p1a: Deoxys|Pressure\n|turn|1\n|c|\u2606JustMonika_CARR|Glhf\n|c|\u2606friedmagma|u2\n|\n|t:|1700747073\n|detailschange|p2a: Charizard|Charizard-Mega-Y, F, shiny\n|-mega|p2a: Charizard|Charizard|Charizardite Y\n|-weather|SunnyDay|[from] ability: Drought|[of] p2a: Charizard\n|move|p1a: Deoxys|Light Screen|p1a: Deoxys\n|-sidestart|p1: JustMonika_CARR|move: Light Screen\n|move|p2a: Charizard|Weather Ball|p1a: Deoxys\n|-crit|p1a: Deoxys\n|-damage|p1a: Deoxys|0 fnt\n|faint|p1a: Deoxys\n|\n|-weather|SunnyDay|[upkeep]\n|upkeep\n|c|\u2606JustMonika_CARR|Tf\n|\n|t:|1700747086\n|switch|p1a: Shuckle|Shuckle, M, shiny|100\/100\n|turn|2\n|\n|t:|1700747090\n|move|p2a: Charizard|Weather Ball|p1a: Shuckle\n|-damage|p1a: Shuckle|75\/100\n|move|p1a: Shuckle|Shell Smash|p1a: Shuckle\n|-boost|p1a: Shuckle|def|1\n|-boost|p1a: Shuckle|spd|1\n|-unboost|p1a: Shuckle|atk|2\n|-unboost|p1a: Shuckle|spa|2\n|-unboost|p1a: Shuckle|spe|2\n|\n|-weather|SunnyDay|[upkeep]\n|upkeep\n|turn|3\n|\n|t:|1700747102\n|move|p2a: Charizard|Weather Ball|p1a: Shuckle\n|-damage|p1a: Shuckle|57\/100\n|move|p1a: Shuckle|Shell Smash|p1a: Shuckle\n|-boost|p1a: Shuckle|def|1\n|-boost|p1a: Shuckle|spd|1\n|-unboost|p1a: Shuckle|atk|2\n|-unboost|p1a: Shuckle|spa|2\n|-unboost|p1a: Shuckle|spe|2\n|\n|-weather|SunnyDay|[upkeep]\n|upkeep\n|turn|4\n|inactive|friedmagma has 120 seconds left.\n|\n|t:|1700747141\n|move|p2a: Charizard|Weather Ball|p1a: Shuckle\n|-damage|p1a: Shuckle|43\/100\n|move|p1a: Shuckle|Shell Smash|p1a: Shuckle\n|-boost|p1a: Shuckle|def|1\n|-boost|p1a: Shuckle|spd|1\n|-unboost|p1a: Shuckle|atk|2\n|-unboost|p1a: Shuckle|spa|2\n|-unboost|p1a: Shuckle|spe|2\n|\n|-weather|SunnyDay|[upkeep]\n|upkeep\n|turn|5\n|inactive|friedmagma has 120 seconds left.\n|\n|t:|1700747155\n|switch|p2a: Marshadow|Marshadow|100\/100\n|move|p1a: Shuckle|Shell Smash|p1a: Shuckle\n|-boost|p1a: Shuckle|def|1\n|-boost|p1a: Shuckle|spd|1\n|-unboost|p1a: Shuckle|atk|0\n|-unboost|p1a: Shuckle|spa|0\n|-unboost|p1a: Shuckle|spe|0\n|\n|-weather|none\n|upkeep\n|turn|6\n|inactive|friedmagma has 120 seconds left.\n|c|\u2606friedmagma|oh no\n|\n|t:|1700747168\n|-terastallize|p2a: Marshadow|Fighting\n|-terastallize|p1a: Shuckle|Normal\n|move|p2a: Marshadow|Bulk Up|p2a: Marshadow\n|-boost|p2a: Marshadow|atk|1\n|-boost|p2a: Marshadow|def|1\n|move|p1a: Shuckle|Rest|p1a: Shuckle\n|-status|p1a: Shuckle|slp|[from] move: Rest\n|-heal|p1a: Shuckle|100\/100 slp|[silent]\n|-enditem|p1a: Shuckle|Chesto Berry|[eat]\n|-curestatus|p1a: Shuckle|slp|[msg]\n|\n|upkeep\n|turn|7\n|inactive|friedmagma has 120 seconds left.\n|\n|t:|1700747179\n|move|p2a: Marshadow|Bulk Up|p2a: Marshadow\n|-boost|p2a: Marshadow|atk|1\n|-boost|p2a: Marshadow|def|1\n|move|p1a: Shuckle|Shell Smash|p1a: Shuckle\n|-boost|p1a: Shuckle|def|1\n|-boost|p1a: Shuckle|spd|1\n|-unboost|p1a: Shuckle|atk|0\n|-unboost|p1a: Shuckle|spa|0\n|-unboost|p1a: Shuckle|spe|0\n|\n|upkeep\n|turn|8\n|inactive|friedmagma has 120 seconds left.\n|\n|t:|1700747187\n|move|p2a: Marshadow|Bulk Up|p2a: Marshadow\n|-boost|p2a: Marshadow|atk|1\n|-boost|p2a: Marshadow|def|1\n|move|p1a: Shuckle|Toxic|p2a: Marshadow\n|-status|p2a: Marshadow|tox\n|\n|-damage|p2a: Marshadow|94\/100 tox|[from] psn\n|-sideend|p1: JustMonika_CARR|move: Light Screen\n|upkeep\n|turn|9\n|\n|t:|1700747196\n|move|p2a: Marshadow|Close Combat|p1a: Shuckle\n|-supereffective|p1a: Shuckle\n|-damage|p1a: Shuckle|2\/100\n|-unboost|p2a: Marshadow|def|1\n|-unboost|p2a: Marshadow|spd|1\n|-damage|p2a: Marshadow|84\/100 tox|[from] item: Life Orb\n|move|p1a: Shuckle|Shell Smash|p1a: Shuckle\n|-boost|p1a: Shuckle|def|1\n|-boost|p1a: Shuckle|spd|1\n|-unboost|p1a: Shuckle|atk|0\n|-unboost|p1a: Shuckle|spa|0\n|-unboost|p1a: Shuckle|spe|0\n|\n|-damage|p2a: Marshadow|72\/100 tox|[from] psn\n|upkeep\n|turn|10\n|c|\u2606friedmagma|atgh\n|c|\u2606JustMonika_CARR|Yo tf\n|\n|t:|1700747216\n|move|p2a: Marshadow|Close Combat|p1a: Shuckle\n|-supereffective|p1a: Shuckle\n|-damage|p1a: Shuckle|0 fnt\n|-unboost|p2a: Marshadow|def|1\n|-unboost|p2a: Marshadow|spd|1\n|faint|p1a: Shuckle\n|-damage|p2a: Marshadow|62\/100 tox|[from] item: Life Orb\n|\n|-damage|p2a: Marshadow|43\/100 tox|[from] psn\n|upkeep\n|\n|t:|1700747220\n|switch|p1a: Blaziken|Blaziken, M, shiny|100\/100\n|turn|11\n|\n|t:|1700747232\n|detailschange|p1a: Blaziken|Blaziken-Mega, M, shiny\n|-mega|p1a: Blaziken|Blaziken|Blazikenite\n|move|p1a: Blaziken|Protect|p1a: Blaziken\n|-singleturn|p1a: Blaziken|Protect\n|move|p2a: Marshadow|Close Combat|p1a: Blaziken\n|-activate|p1a: Blaziken|move: Protect\n|\n|-damage|p2a: Marshadow|18\/100 tox|[from] psn\n|-ability|p1a: Blaziken|Speed Boost|boost\n|-boost|p1a: Blaziken|spe|1\n|upkeep\n|turn|12\n|\n|t:|1700747243\n|move|p1a: Blaziken|Protect||[still]\n|-fail|p1a: Blaziken\n|move|p2a: Marshadow|Close Combat|p1a: Blaziken\n|-damage|p1a: Blaziken|0 fnt\n|-unboost|p2a: Marshadow|def|1\n|-unboost|p2a: Marshadow|spd|1\n|faint|p1a: Blaziken\n|-damage|p2a: Marshadow|8\/100 tox|[from] item: Life Orb\n|\n|-damage|p2a: Marshadow|0 fnt|[from] psn\n|faint|p2a: Marshadow\n|upkeep\n|\n|t:|1700747259\n|switch|p2a: Charizard|Charizard-Mega-Y, F, shiny|100\/100\n|switch|p1a: Durant|Durant, F, shiny|100\/100\n|-weather|SunnyDay|[from] ability: Drought|[of] p2a: Charizard\n|turn|13\n|\n|t:|1700747267\n|move|p1a: Durant|Entrainment|p2a: Charizard\n|-endability|p2a: Charizard|Drought|[from] move: Entrainment\n|-ability|p2a: Charizard|Truant|[from] move: Entrainment\n|move|p2a: Charizard|Weather Ball|p1a: Durant\n|-supereffective|p1a: Durant\n|-damage|p1a: Durant|0 fnt\n|faint|p1a: Durant\n|\n|-weather|SunnyDay|[upkeep]\n|upkeep\n|\n|t:|1700747270\n|switch|p1a: Gothitelle|Gothitelle, F, shiny|100\/100\n|turn|14\n|\n|t:|1700747284\n|cant|p2a: Charizard|ability: Truant\n|move|p1a: Gothitelle|Substitute|p1a: Gothitelle\n|-start|p1a: Gothitelle|Substitute\n|-damage|p1a: Gothitelle|75\/100\n|\n|-weather|SunnyDay|[upkeep]\n|upkeep\n|turn|15\n|c|\u2606friedmagma|oh bruh\n|c|\u2606JustMonika_CARR|F\n|c|\u2606JustMonika_CARR|Please skip the next few turns\n|\n|t:|1700747309\n|move|p2a: Charizard|Weather Ball|p1a: Gothitelle\n|-end|p1a: Gothitelle|Substitute\n|move|p1a: Gothitelle|Substitute|p1a: Gothitelle\n|-start|p1a: Gothitelle|Substitute\n|-damage|p1a: Gothitelle|50\/100\n|\n|-weather|SunnyDay|[upkeep]\n|upkeep\n|turn|16\n|c|\u2606friedmagma|im trapped\n|c|\u2606friedmagma|dawg\n|\n|t:|1700747333\n|cant|p2a: Charizard|ability: Truant\n|move|p1a: Gothitelle|Dark Pulse|p2a: Charizard\n|-damage|p2a: Charizard|78\/100\n|\n|-weather|SunnyDay|[upkeep]\n|upkeep\n|turn|17\n|c|\u2606JustMonika_CARR|Ye\n|c|\u2606friedmagma|I CAN DO THIS\n|\n|t:|1700747341\n|move|p2a: Charizard|Weather Ball|p1a: Gothitelle\n|-end|p1a: Gothitelle|Substitute\n|move|p1a: Gothitelle|Substitute|p1a: Gothitelle\n|-start|p1a: Gothitelle|Substitute\n|-damage|p1a: Gothitelle|25\/100\n|-enditem|p1a: Gothitelle|Starf Berry|[eat]\n|-boost|p1a: Gothitelle|def|2|[from] item: Starf Berry\n|\n|-weather|none\n|upkeep\n|turn|18\n|c|\u2606JustMonika_CARR|So it begins\n|\n|t:|1700747353\n|cant|p2a: Charizard|ability: Truant\n|move|p1a: Gothitelle|Recycle|p1a: Gothitelle\n|-item|p1a: Gothitelle|Starf Berry|[from] move: Recycle\n|-enditem|p1a: Gothitelle|Starf Berry|[eat]\n|-boost|p1a: Gothitelle|spd|2|[from] item: Starf Berry\n|\n|upkeep\n|turn|19\n|\n|t:|1700747363\n|move|p1a: Gothitelle|Protect|p1a: Gothitelle\n|-singleturn|p1a: Gothitelle|Protect\n|move|p2a: Charizard|Air Slash|p1a: Gothitelle\n|-activate|p1a: Gothitelle|move: Protect\n|\n|upkeep\n|turn|20\n|\n|t:|1700747369\n|cant|p2a: Charizard|ability: Truant\n|move|p1a: Gothitelle|Recycle|p1a: Gothitelle\n|-item|p1a: Gothitelle|Starf Berry|[from] move: Recycle\n|-enditem|p1a: Gothitelle|Starf Berry|[eat]\n|-boost|p1a: Gothitelle|atk|2|[from] item: Starf Berry\n|\n|upkeep\n|turn|21\n|c|\u2606friedmagma|i might just turn on an autoclicker until something happens\n|c|\u2606JustMonika_CARR|Lmao\n|c|\u2606friedmagma|you better not have heal pulse\n|inactive|friedmagma has 120 seconds left.\n|c|\u2606JustMonika_CARR|Good idea\n|\n|t:|1700747407\n|move|p1a: Gothitelle|Protect|p1a: Gothitelle\n|-singleturn|p1a: Gothitelle|Protect\n|move|p2a: Charizard|Air Slash|p1a: Gothitelle\n|-activate|p1a: Gothitelle|move: Protect\n|\n|upkeep\n|turn|22\n|c|\u2606JustMonika_CARR|Nah, endless battles are lame\n|\n|t:|1700747414\n|cant|p2a: Charizard|ability: Truant\n|move|p1a: Gothitelle|Recycle|p1a: Gothitelle\n|-item|p1a: Gothitelle|Starf Berry|[from] move: Recycle\n|-enditem|p1a: Gothitelle|Starf Berry|[eat]\n|-boost|p1a: Gothitelle|spe|2|[from] item: Starf Berry\n|\n|upkeep\n|turn|23\n|\n|t:|1700747420\n|move|p1a: Gothitelle|Protect|p1a: Gothitelle\n|-singleturn|p1a: Gothitelle|Protect\n|move|p2a: Charizard|Air Slash|p1a: Gothitelle\n|-activate|p1a: Gothitelle|move: Protect\n|\n|upkeep\n|turn|24\n|\n|t:|1700747426\n|move|p1a: Gothitelle|Recycle|p1a: Gothitelle\n|-item|p1a: Gothitelle|Starf Berry|[from] move: Recycle\n|-enditem|p1a: Gothitelle|Starf Berry|[eat]\n|-boost|p1a: Gothitelle|spa|2|[from] item: Starf Berry\n|cant|p2a: Charizard|ability: Truant\n|\n|upkeep\n|turn|25\n|\n|t:|1700747433\n|move|p1a: Gothitelle|Protect|p1a: Gothitelle\n|-singleturn|p1a: Gothitelle|Protect\n|move|p2a: Charizard|Air Slash|p1a: Gothitelle\n|-activate|p1a: Gothitelle|move: Protect\n|\n|upkeep\n|turn|26\n|\n|t:|1700747438\n|move|p1a: Gothitelle|Recycle|p1a: Gothitelle\n|-item|p1a: Gothitelle|Starf Berry|[from] move: Recycle\n|-enditem|p1a: Gothitelle|Starf Berry|[eat]\n|-boost|p1a: Gothitelle|spe|2|[from] item: Starf Berry\n|cant|p2a: Charizard|ability: Truant\n|\n|upkeep\n|turn|27\n|\n|t:|1700747445\n|move|p1a: Gothitelle|Protect|p1a: Gothitelle\n|-singleturn|p1a: Gothitelle|Protect\n|move|p2a: Charizard|Air Slash|p1a: Gothitelle\n|-activate|p1a: Gothitelle|move: Protect\n|\n|upkeep\n|turn|28\n|\n|t:|1700747450\n|move|p1a: Gothitelle|Recycle|p1a: Gothitelle\n|-item|p1a: Gothitelle|Starf Berry|[from] move: Recycle\n|-enditem|p1a: Gothitelle|Starf Berry|[eat]\n|-boost|p1a: Gothitelle|spa|2|[from] item: Starf Berry\n|cant|p2a: Charizard|ability: Truant\n|\n|upkeep\n|turn|29\n|\n|t:|1700747456\n|move|p1a: Gothitelle|Protect|p1a: Gothitelle\n|-singleturn|p1a: Gothitelle|Protect\n|move|p2a: Charizard|Air Slash|p1a: Gothitelle\n|-activate|p1a: Gothitelle|move: Protect\n|\n|upkeep\n|turn|30\n|\n|t:|1700747463\n|move|p1a: Gothitelle|Recycle|p1a: Gothitelle\n|-item|p1a: Gothitelle|Starf Berry|[from] move: Recycle\n|-enditem|p1a: Gothitelle|Starf Berry|[eat]\n|-boost|p1a: Gothitelle|spd|2|[from] item: Starf Berry\n|cant|p2a: Charizard|ability: Truant\n|\n|upkeep\n|turn|31\n|\n|t:|1700747465\n|move|p1a: Gothitelle|Protect|p1a: Gothitelle\n|-singleturn|p1a: Gothitelle|Protect\n|move|p2a: Charizard|Air Slash|p1a: Gothitelle\n|-activate|p1a: Gothitelle|move: Protect\n|\n|upkeep\n|turn|32\n|\n|t:|1700747474\n|move|p1a: Gothitelle|Recycle|p1a: Gothitelle\n|-item|p1a: Gothitelle|Starf Berry|[from] move: Recycle\n|-enditem|p1a: Gothitelle|Starf Berry|[eat]\n|-boost|p1a: Gothitelle|def|2|[from] item: Starf Berry\n|cant|p2a: Charizard|ability: Truant\n|\n|upkeep\n|turn|33\n|\n|t:|1700747482\n|move|p1a: Gothitelle|Protect|p1a: Gothitelle\n|-singleturn|p1a: Gothitelle|Protect\n|move|p2a: Charizard|Air Slash|p1a: Gothitelle\n|-activate|p1a: Gothitelle|move: Protect\n|\n|upkeep\n|turn|34\n|\n|t:|1700747487\n|move|p1a: Gothitelle|Recycle|p1a: Gothitelle\n|-item|p1a: Gothitelle|Starf Berry|[from] move: Recycle\n|-enditem|p1a: Gothitelle|Starf Berry|[eat]\n|-boost|p1a: Gothitelle|spe|2|[from] item: Starf Berry\n|cant|p2a: Charizard|ability: Truant\n|\n|upkeep\n|turn|35\n|\n|t:|1700747496\n|move|p1a: Gothitelle|Protect|p1a: Gothitelle\n|-singleturn|p1a: Gothitelle|Protect\n|move|p2a: Charizard|Air Slash|p1a: Gothitelle\n|-activate|p1a: Gothitelle|move: Protect\n|\n|upkeep\n|turn|36\n|\n|t:|1700747501\n|move|p1a: Gothitelle|Recycle|p1a: Gothitelle\n|-item|p1a: Gothitelle|Starf Berry|[from] move: Recycle\n|-enditem|p1a: Gothitelle|Starf Berry|[eat]\n|-boost|p1a: Gothitelle|def|2|[from] item: Starf Berry\n|cant|p2a: Charizard|ability: Truant\n|\n|upkeep\n|turn|37\n|\n|t:|1700747507\n|move|p1a: Gothitelle|Protect|p1a: Gothitelle\n|-singleturn|p1a: Gothitelle|Protect\n|move|p2a: Charizard|Air Slash|p1a: Gothitelle\n|-activate|p1a: Gothitelle|move: Protect\n|\n|upkeep\n|turn|38\n|\n|t:|1700747512\n|move|p1a: Gothitelle|Recycle|p1a: Gothitelle\n|-item|p1a: Gothitelle|Starf Berry|[from] move: Recycle\n|-enditem|p1a: Gothitelle|Starf Berry|[eat]\n|-boost|p1a: Gothitelle|atk|2|[from] item: Starf Berry\n|cant|p2a: Charizard|ability: Truant\n|\n|upkeep\n|turn|39\n|\n|t:|1700747518\n|move|p1a: Gothitelle|Protect|p1a: Gothitelle\n|-singleturn|p1a: Gothitelle|Protect\n|move|p2a: Charizard|Air Slash|p1a: Gothitelle\n|-activate|p1a: Gothitelle|move: Protect\n|\n|upkeep\n|turn|40\n|\n|t:|1700747523\n|move|p1a: Gothitelle|Recycle|p1a: Gothitelle\n|-item|p1a: Gothitelle|Starf Berry|[from] move: Recycle\n|-enditem|p1a: Gothitelle|Starf Berry|[eat]\n|-boost|p1a: Gothitelle|spa|2|[from] item: Starf Berry\n|cant|p2a: Charizard|ability: Truant\n|\n|upkeep\n|turn|41\n|\n|t:|1700747529\n|move|p1a: Gothitelle|Protect|p1a: Gothitelle\n|-singleturn|p1a: Gothitelle|Protect\n|move|p2a: Charizard|Air Slash|p1a: Gothitelle\n|-activate|p1a: Gothitelle|move: Protect\n|\n|upkeep\n|turn|42\n|\n|t:|1700747534\n|move|p1a: Gothitelle|Recycle|p1a: Gothitelle\n|-item|p1a: Gothitelle|Starf Berry|[from] move: Recycle\n|-enditem|p1a: Gothitelle|Starf Berry|[eat]\n|-boost|p1a: Gothitelle|spd|2|[from] item: Starf Berry\n|cant|p2a: Charizard|ability: Truant\n|\n|upkeep\n|turn|43\n|\n|t:|1700747540\n|move|p1a: Gothitelle|Protect|p1a: Gothitelle\n|-singleturn|p1a: Gothitelle|Protect\n|move|p2a: Charizard|Air Slash|p1a: Gothitelle\n|-activate|p1a: Gothitelle|move: Protect\n|\n|upkeep\n|turn|44\n|\n|t:|1700747545\n|move|p1a: Gothitelle|Dark Pulse|p2a: Charizard\n|-crit|p2a: Charizard\n|-damage|p2a: Charizard|0 fnt\n|faint|p2a: Charizard\n|\n|upkeep\n|c|\u2606friedmagma|finally\n|\n|t:|1700747552\n|switch|p2a: Mimikyu|Mimikyu, M, shiny|100\/100\n|turn|45\n|\n|t:|1700747559\n|move|p2a: Mimikyu|Shadow Sneak|p1a: Gothitelle\n|-supereffective|p1a: Gothitelle\n|-activate|p1a: Gothitelle|move: Substitute|[damage]\n|move|p1a: Gothitelle|Dark Pulse|p2a: Mimikyu\n|-activate|p2a: Mimikyu|ability: Disguise\n|-damage|p2a: Mimikyu|100\/100\n|detailschange|p2a: Mimikyu|Mimikyu-Busted, M, shiny\n|-damage|p2a: Mimikyu|88\/100|[from] pokemon: Mimikyu-Busted\n|\n|upkeep\n|turn|46\n|c|\u2606friedmagma|DAWG\n|\n|t:|1700747575\n|move|p1a: Gothitelle|Dark Pulse|p2a: Mimikyu\n|-damage|p2a: Mimikyu|0 fnt\n|faint|p2a: Mimikyu\n|\n|upkeep\n|\n|t:|1700747586\n|switch|p2a: Baxcalibur|Baxcalibur, F|100\/100\n|turn|47\n|\n|t:|1700747590\n|move|p1a: Gothitelle|Dark Pulse|p2a: Baxcalibur\n|-damage|p2a: Baxcalibur|5\/100\n|cant|p2a: Baxcalibur|flinch\n|\n|upkeep\n|turn|48\n|c|\u2606friedmagma|BRO\n|c|\u2606JustMonika_CARR|The flinch is useful\n|\n|t:|1700747609\n|move|p1a: Gothitelle|Dark Pulse|p2a: Baxcalibur\n|-damage|p2a: Baxcalibur|0 fnt\n|faint|p2a: Baxcalibur\n|\n|upkeep\n|\n|t:|1700747615\n|switch|p2a: Palafin|Palafin, M|100\/100\n|turn|49\n|c|\u2606JustMonika_CARR|Never triggers when I actually need it tho\n|c|\u2606JustMonika_CARR|Like against a Marshadow\n|c|\u2606friedmagma|real\n|\n|t:|1700747627\n|move|p1a: Gothitelle|Dark Pulse|p2a: Palafin\n|-damage|p2a: Palafin|0 fnt\n|faint|p2a: Palafin\n|\n|upkeep\n|c|\u2606friedmagma|gg\n|\n|t:|1700747632\n|switch|p2a: Darmanitan|Darmanitan-Galar, F, shiny|100\/100\n|turn|50\n|c|\u2606JustMonika_CARR|Gg\n|\n|t:|1700747637\n|move|p1a: Gothitelle|Dark Pulse|p2a: Darmanitan\n|-damage|p2a: Darmanitan|0 fnt\n|faint|p2a: Darmanitan\n|\n|win|JustMonika_CARR\n|raw|JustMonika_CARR's rating: 1359 &rarr; <strong>1376<\/strong><br \/>(+17 for winning)\n|raw|friedmagma's rating: 1312 &rarr; <strong>1295<\/strong><br \/>(-17 for losing)\n|l|\u2606friedmagma\n","uploadtime":1700747647,"views":0,"p1id":"justmonikacarr","p2id":"friedmagma","formatid":"gen9nationaldexubers","rating":1295,"private":0,"password":""}