{"id":"gen9nationaldexubers-1988094585","p1":"daveherfav","p2":"Ravynder","format":"[Gen 9] National Dex Ubers","log":"|j|\u2606daveherfav\n|j|\u2606Ravynder\n|t:|1699668838\n|gametype|singles\n|player|p1|daveherfav|101|1000\n|player|p2|Ravynder|shadowtriad|1104\n|teamsize|p1|6\n|teamsize|p2|6\n|gen|9\n|tier|[Gen 9] National Dex Ubers\n|rated|\n|rule|HP Percentage Mod: HP is shown in percentages\n|rule|Endless Battle Clause: Forcing endless battles is banned\n|rule|OHKO Clause: OHKO moves are banned\n|rule|Evasion Moves Clause: Evasion moves are banned\n|rule|Evasion Items Clause: Evasion items are banned\n|rule|Species Clause: Limit one of each Pok\u00e9mon\n|rule|Sleep Clause Mod: Limit one foe put to sleep\n|rule|Mega Rayquaza Clause: You cannot mega evolve Rayquaza\n|clearpoke\n|poke|p1|Xerneas-*|\n|poke|p1|Smeargle, F|\n|poke|p1|Shuckle, F|\n|poke|p1|Dracovish|\n|poke|p1|Clodsire, M|\n|poke|p1|Kingambit, F|\n|poke|p2|Samurott-Hisui, M|\n|poke|p2|Marowak, F|\n|poke|p2|Magnezone|\n|poke|p2|Talonflame, M|\n|poke|p2|Roserade, M|\n|poke|p2|Banette, F|\n|teampreview\n|\n|t:|1699668849\n|start\n|switch|p1a: Clodsire|Clodsire, M, shiny|100\/100\n|switch|p2a: Dr. Xeron|Samurott-Hisui, M|100\/100\n|-item|p1a: Clodsire|Air Balloon\n|turn|1\n|inactive|Battle timer is ON: inactive players will automatically lose when time's up. (requested by Ravynder)\n|\n|t:|1699668853\n|move|p2a: Dr. Xeron|Swords Dance|p2a: Dr. Xeron\n|-boost|p2a: Dr. Xeron|atk|2\n|move|p1a: Clodsire|Toxic Spikes|p2a: Dr. Xeron\n|-sidestart|p2: Ravynder|move: Toxic Spikes\n|\n|upkeep\n|turn|2\n|\n|t:|1699668869\n|move|p1a: Clodsire|Toxic|p2a: Dr. Xeron\n|-status|p2a: Dr. Xeron|tox\n|move|p2a: Dr. Xeron|Avalanche|p1a: Clodsire\n|-supereffective|p1a: Clodsire\n|-damage|p1a: Clodsire|27\/100\n|-enditem|p1a: Clodsire|Air Balloon\n|\n|-damage|p2a: Dr. Xeron|94\/100 tox|[from] psn\n|upkeep\n|turn|3\n|\n|t:|1699668881\n|move|p2a: Dr. Xeron|Aqua Jet|p1a: Clodsire\n|-supereffective|p1a: Clodsire\n|-damage|p1a: Clodsire|0 fnt\n|faint|p1a: Clodsire\n|\n|-damage|p2a: Dr. Xeron|82\/100 tox|[from] psn\n|upkeep\n|\n|t:|1699668886\n|switch|p1a: Shuckle|Shuckle, F, shiny|100\/100\n|turn|4\n|\n|t:|1699668890\n|move|p2a: Dr. Xeron|Aqua Jet|p1a: Shuckle\n|-supereffective|p1a: Shuckle\n|-damage|p1a: Shuckle|48\/100\n|move|p1a: Shuckle|Sticky Web|p2a: Dr. Xeron\n|-sidestart|p2: Ravynder|move: Sticky Web\n|\n|-damage|p2a: Dr. Xeron|63\/100 tox|[from] psn\n|upkeep\n|turn|5\n|\n|t:|1699668895\n|move|p2a: Dr. Xeron|Aqua Jet|p1a: Shuckle\n|-supereffective|p1a: Shuckle\n|-damage|p1a: Shuckle|0 fnt\n|faint|p1a: Shuckle\n|\n|-damage|p2a: Dr. Xeron|38\/100 tox|[from] psn\n|upkeep\n|\n|t:|1699668902\n|switch|p1a: Xerneas|Xerneas, shiny|100\/100\n|-ability|p1a: Xerneas|Fairy Aura\n|turn|6\n|\n|t:|1699668908\n|-terastallize|p1a: Xerneas|Steel\n|move|p1a: Xerneas|Geomancy||[still]\n|-prepare|p1a: Xerneas|Geomancy\n|-enditem|p1a: Xerneas|Power Herb\n|-anim|p1a: Xerneas|Geomancy|p1a: Xerneas\n|-boost|p1a: Xerneas|spa|2\n|-boost|p1a: Xerneas|spd|2\n|-boost|p1a: Xerneas|spe|2\n|move|p2a: Dr. Xeron|Avalanche|p1a: Xerneas\n|-resisted|p1a: Xerneas\n|-damage|p1a: Xerneas|85\/100\n|\n|-damage|p2a: Dr. Xeron|7\/100 tox|[from] psn\n|upkeep\n|turn|7\n|\n|t:|1699668914\n|move|p2a: Dr. Xeron|Aqua Jet|p1a: Xerneas\n|-damage|p1a: Xerneas|51\/100\n|move|p1a: Xerneas|Thunderbolt|p2a: Dr. Xeron\n|-supereffective|p2a: Dr. Xeron\n|-damage|p2a: Dr. Xeron|0 fnt\n|faint|p2a: Dr. Xeron\n|\n|upkeep\n|\n|t:|1699668923\n|switch|p2a: Souze|Roserade, M|100\/100\n|-sideend|p2: Ravynder|move: Toxic Spikes|[of] p2a: Souze\n|-activate|p2a: Souze|move: Sticky Web\n|-unboost|p2a: Souze|spe|1\n|turn|8\n|\n|t:|1699668935\n|move|p1a: Xerneas|Moonblast|p2a: Souze\n|-resisted|p2a: Souze\n|-damage|p2a: Souze|21\/100\n|-unboost|p2a: Souze|spa|1\n|move|p2a: Souze|Energy Ball|p1a: Xerneas\n|-resisted|p1a: Xerneas\n|-damage|p1a: Xerneas|45\/100\n|\n|upkeep\n|turn|9\n|\n|t:|1699668944\n|move|p1a: Xerneas|Moonblast|p2a: Souze\n|-resisted|p2a: Souze\n|-damage|p2a: Souze|0 fnt\n|faint|p2a: Souze\n|\n|upkeep\n|\n|t:|1699668947\n|switch|p2a: Rizer|Marowak, F|100\/100\n|-activate|p2a: Rizer|move: Sticky Web\n|-unboost|p2a: Rizer|spe|1\n|turn|10\n|\n|t:|1699668952\n|move|p1a: Xerneas|Moonblast|p2a: Rizer\n|-damage|p2a: Rizer|0 fnt\n|faint|p2a: Rizer\n|\n|upkeep\n|\n|t:|1699668961\n|switch|p2a: Chala|Talonflame, M|100\/100\n|turn|11\n|\n|t:|1699668969\n|move|p1a: Xerneas|Thunderbolt|p2a: Chala\n|-supereffective|p2a: Chala\n|-damage|p2a: Chala|0 fnt\n|faint|p2a: Chala\n|\n|upkeep\n|\n|t:|1699668976\n|switch|p2a: Megavolt|Magnezone|100\/100\n|-item|p2a: Megavolt|Air Balloon\n|turn|12\n|\n|t:|1699668983\n|move|p1a: Xerneas|Moonblast|p2a: Megavolt\n|-resisted|p2a: Megavolt\n|-damage|p2a: Megavolt|6\/100\n|-enditem|p2a: Megavolt|Air Balloon\n|move|p2a: Megavolt|Body Press|p1a: Xerneas\n|-supereffective|p1a: Xerneas\n|-damage|p1a: Xerneas|3\/100\n|\n|upkeep\n|turn|13\n|\n|t:|1699669002\n|move|p1a: Xerneas|Moonblast|p2a: Megavolt\n|-resisted|p2a: Megavolt\n|-damage|p2a: Megavolt|0 fnt\n|faint|p2a: Megavolt\n|\n|upkeep\n|\n|t:|1699669008\n|switch|p2a: Buchi|Banette, F|100\/100\n|-activate|p2a: Buchi|move: Sticky Web\n|-unboost|p2a: Buchi|spe|1\n|turn|14\n|\n|t:|1699669012\n|detailschange|p2a: Buchi|Banette-Mega, F\n|-mega|p2a: Buchi|Banette|Banettite\n|move|p2a: Buchi|Shadow Sneak|p1a: Xerneas\n|-damage|p1a: Xerneas|0 fnt\n|faint|p1a: Xerneas\n|\n|upkeep\n|\n|t:|1699669016\n|switch|p1a: Kingambit|Kingambit, F|100\/100\n|turn|15\n|\n|t:|1699669029\n|move|p1a: Kingambit|Sucker Punch|p2a: Buchi\n|-supereffective|p2a: Buchi\n|-damage|p2a: Buchi|0 fnt\n|faint|p2a: Buchi\n|\n|win|daveherfav\n|raw|daveherfav's rating: 1000 &rarr; <strong>1052<\/strong><br \/>(+52 for winning)\n|raw|Ravynder's rating: 1104 &rarr; <strong>1072<\/strong><br \/>(-32 for losing)\n|l|\u2606Ravynder\n","uploadtime":1699669041,"views":9,"p1id":"daveherfav","p2id":"ravynder","formatid":"gen9nationaldexubers","rating":1052,"private":0,"password":""}