{"id":"gen9nationaldexubers-1998342201","p1":"KingoftheTitans","p2":"kapithedumdum","format":"[Gen 9] National Dex Ubers","log":"|j|\u2606KingoftheTitans\n|j|\u2606kapithedumdum\n|t:|1700931575\n|gametype|singles\n|player|p1|KingoftheTitans|101|1363\n|player|p2|kapithedumdum|kieran|1218\n|teamsize|p1|6\n|teamsize|p2|6\n|gen|9\n|tier|[Gen 9] National Dex Ubers\n|rated|\n|rule|HP Percentage Mod: HP is shown in percentages\n|rule|Endless Battle Clause: Forcing endless battles is banned\n|rule|OHKO Clause: OHKO moves are banned\n|rule|Evasion Moves Clause: Evasion moves are banned\n|rule|Evasion Items Clause: Evasion items are banned\n|rule|Species Clause: Limit one of each Pok\u00e9mon\n|rule|Sleep Clause Mod: Limit one foe put to sleep\n|rule|Mega Rayquaza Clause: You cannot mega evolve Rayquaza\n|clearpoke\n|poke|p1|Tornadus, M|\n|poke|p1|Basculegion, M|\n|poke|p1|Druddigon, M|\n|poke|p1|Iron Thorns|\n|poke|p1|Torterra, M|\n|poke|p1|Aggron, M|\n|poke|p2|Palkia-Origin|\n|poke|p2|Ho-Oh|\n|poke|p2|Ferrothorn, F|\n|poke|p2|Zacian-*|\n|poke|p2|Darmanitan-Galar, F|\n|poke|p2|Ribombee, M|\n|teampreview\n|inactive|Battle timer is ON: inactive players will automatically lose when time's up. (requested by kapithedumdum)\n|\n|t:|1700931580\n|start\n|switch|p1a: Torterra|Torterra, M|100\/100\n|switch|p2a: Ribombee|Ribombee, M|100\/100\n|turn|1\n|\n|t:|1700931585\n|move|p2a: Ribombee|Sticky Web|p1a: Torterra\n|-sidestart|p1: KingoftheTitans|move: Sticky Web\n|move|p1a: Torterra|Shell Smash|p1a: Torterra\n|-unboost|p1a: Torterra|def|1\n|-unboost|p1a: Torterra|spd|1\n|-boost|p1a: Torterra|atk|2\n|-boost|p1a: Torterra|spa|2\n|-boost|p1a: Torterra|spe|2\n|\n|upkeep\n|turn|2\n|\n|t:|1700931592\n|move|p1a: Torterra|Rock Blast|p2a: Ribombee\n|-supereffective|p2a: Ribombee\n|-damage|p2a: Ribombee|41\/100\n|-supereffective|p2a: Ribombee\n|-damage|p2a: Ribombee|0 fnt\n|faint|p2a: Ribombee\n|-hitcount|p2: Ribombee|2\n|\n|upkeep\n|\n|t:|1700931597\n|switch|p2a: Zacian|Zacian-Crowned|100\/100\n|-ability|p2a: Zacian|Intrepid Sword|boost\n|-boost|p2a: Zacian|atk|1\n|turn|3\n|\n|t:|1700931602\n|move|p1a: Torterra|Headlong Rush|p2a: Zacian\n|-supereffective|p2a: Zacian\n|-damage|p2a: Zacian|0 fnt\n|-unboost|p1a: Torterra|def|1\n|-unboost|p1a: Torterra|spd|1\n|faint|p2a: Zacian\n|\n|upkeep\n|c|\u2606kapithedumdum|hm\n|\n|t:|1700931613\n|switch|p2a: Ferrothorn|Ferrothorn, F|100\/100\n|turn|4\n|c|\u2606KingoftheTitans|Oh damn\n|\n|t:|1700931619\n|move|p1a: Torterra|Shell Smash|p1a: Torterra\n|-unboost|p1a: Torterra|def|1\n|-unboost|p1a: Torterra|spd|1\n|-boost|p1a: Torterra|atk|2\n|-boost|p1a: Torterra|spa|2\n|-boost|p1a: Torterra|spe|2\n|move|p2a: Ferrothorn|Gyro Ball|p1a: Torterra\n|-damage|p1a: Torterra|0 fnt\n|faint|p1a: Torterra\n|\n|upkeep\n|c|\u2606KingoftheTitans|OW\n|\n|t:|1700931630\n|switch|p1a: Aggron|Aggron, M, shiny|100\/100\n|-activate|p1a: Aggron|move: Sticky Web\n|-unboost|p1a: Aggron|spe|1\n|turn|5\n|c|\u2606kapithedumdum|interesting idea there\n|c|\u2606KingoftheTitans|I have no Fire moves :(\n|\n|t:|1700931644\n|detailschange|p1a: Aggron|Aggron-Mega, M, shiny\n|-mega|p1a: Aggron|Aggron|Aggronite\n|move|p1a: Aggron|Body Press|p2a: Ferrothorn\n|-supereffective|p2a: Ferrothorn\n|-damage|p2a: Ferrothorn|53\/100\n|-damage|p1a: Aggron|88\/100|[from] ability: Iron Barbs|[of] p2a: Ferrothorn\n|move|p2a: Ferrothorn|Leech Seed|p1a: Aggron\n|-start|p1a: Aggron|move: Leech Seed\n|\n|-heal|p2a: Ferrothorn|59\/100|[from] item: Leftovers\n|-damage|p1a: Aggron|76\/100|[from] Leech Seed|[of] p2a: Ferrothorn\n|-heal|p2a: Ferrothorn|71\/100|[silent]\n|upkeep\n|turn|6\n|\n|t:|1700931655\n|switch|p1a: Tornadus|Tornadus, M|100\/100\n|move|p2a: Ferrothorn|Protect||[still]\n|-fail|p2a: Ferrothorn\n|\n|-heal|p2a: Ferrothorn|77\/100|[from] item: Leftovers\n|upkeep\n|turn|7\n|c|\u2606kapithedumdum|tragic\n|\n|t:|1700931662\n|move|p1a: Tornadus|Focus Blast|p2a: Ferrothorn\n|-supereffective|p2a: Ferrothorn\n|-damage|p2a: Ferrothorn|8\/100\n|move|p2a: Ferrothorn|Leech Seed|p1a: Tornadus|[miss]\n|-miss|p2a: Ferrothorn|p1a: Tornadus\n|\n|-heal|p2a: Ferrothorn|14\/100|[from] item: Leftovers\n|upkeep\n|turn|8\n|\n|t:|1700931669\n|move|p2a: Ferrothorn|Protect|p2a: Ferrothorn\n|-singleturn|p2a: Ferrothorn|Protect\n|move|p1a: Tornadus|Hurricane|p2a: Ferrothorn\n|-activate|p2a: Ferrothorn|move: Protect\n|\n|-heal|p2a: Ferrothorn|20\/100|[from] item: Leftovers\n|upkeep\n|turn|9\n|c|\u2606kapithedumdum|ouch\n|\n|t:|1700931676\n|switch|p2a: Ho-Oh|Ho-Oh|100\/100\n|move|p1a: Tornadus|Hurricane|p2a: Ho-Oh\n|-damage|p2a: Ho-Oh|61\/100\n|\n|upkeep\n|turn|10\n|\n|t:|1700931683\n|move|p1a: Tornadus|Defog|p2a: Ho-Oh\n|-unboost|p2a: Ho-Oh|evasion|1\n|-sideend|p1: KingoftheTitans|Sticky Web|[from] move: Defog|[of] p1a: Tornadus\n|move|p2a: Ho-Oh|Sacred Fire|p1a: Tornadus\n|-damage|p1a: Tornadus|18\/100\n|-status|p1a: Tornadus|brn\n|\n|-damage|p1a: Tornadus|12\/100 brn|[from] brn\n|upkeep\n|turn|11\n|\n|t:|1700931693\n|switch|p2a: Palkia|Palkia-Origin|100\/100\n|-ability|p2a: Palkia|Pressure\n|move|p1a: Tornadus|Hurricane|p2a: Palkia|[miss]\n|-miss|p1a: Tornadus|p2a: Palkia\n|\n|-damage|p1a: Tornadus|6\/100 brn|[from] brn\n|upkeep\n|turn|12\n|\n|t:|1700931701\n|move|p1a: Tornadus|Tailwind|p1a: Tornadus\n|-sidestart|p1: KingoftheTitans|move: Tailwind\n|move|p2a: Palkia|Hydro Pump|p1a: Tornadus\n|-damage|p1a: Tornadus|0 fnt\n|faint|p1a: Tornadus\n|\n|upkeep\n|\n|t:|1700931706\n|switch|p1a: Druddigon|Druddigon, M, shiny|100\/100\n|turn|13\n|\n|t:|1700931712\n|-terastallize|p2a: Palkia|Water\n|-terastallize|p1a: Druddigon|Steel\n|move|p2a: Palkia|Draco Meteor|p1a: Druddigon\n|-resisted|p1a: Druddigon\n|-crit|p1a: Druddigon\n|-damage|p1a: Druddigon|28\/100\n|-unboost|p2a: Palkia|spa|2\n|move|p1a: Druddigon|Glare|p2a: Palkia\n|-status|p2a: Palkia|par\n|\n|upkeep\n|turn|14\n|\n|t:|1700931723\n|move|p1a: Druddigon|Dragon Claw|p2a: Palkia\n|-damage|p2a: Palkia|52\/100 par\n|move|p2a: Palkia|Fire Blast|p1a: Druddigon\n|-supereffective|p1a: Druddigon\n|-damage|p1a: Druddigon|0 fnt\n|faint|p1a: Druddigon\n|\n|upkeep\n|c|\u2606kapithedumdum|poor druddigon\n|c|\u2606KingoftheTitans|DAMN IT\n|\n|t:|1700931739\n|switch|p1a: Basculegion|Basculegion, M|100\/100\n|turn|15\n|c|\u2606kapithedumdum|i hope he gets an evolution soon\n|\n|t:|1700931745\n|move|p1a: Basculegion|Last Respects|p2a: Palkia\n|-damage|p2a: Palkia|0 fnt\n|faint|p2a: Palkia\n|\n|-sideend|p1: KingoftheTitans|move: Tailwind\n|upkeep\n|\n|t:|1700931751\n|switch|p2a: Ho-Oh|Ho-Oh|94\/100\n|turn|16\n|c|\u2606KingoftheTitans|Me too\n|\n|t:|1700931757\n|move|p1a: Basculegion|Last Respects|p2a: Ho-Oh\n|-damage|p2a: Ho-Oh|0 fnt\n|faint|p2a: Ho-Oh\n|\n|upkeep\n|\n|t:|1700931760\n|switch|p2a: Darmanitan|Darmanitan-Galar, F|100\/100\n|turn|17\n|\n|t:|1700931766\n|move|p1a: Basculegion|Last Respects|p2a: Darmanitan\n|-damage|p2a: Darmanitan|0 fnt\n|faint|p2a: Darmanitan\n|\n|upkeep\n|c|\u2606kapithedumdum|hm\n|c|\u2606kapithedumdum|ive been fished\n|c|\u2606KingoftheTitans|No way to win man\n|c|\u2606KingoftheTitans|gg\n|c|\u2606KingoftheTitans|Lol\n|\n|t:|1700931778\n|switch|p2a: Ferrothorn|Ferrothorn, F|20\/100\n|turn|18\n|c|\u2606KingoftheTitans|Quite literally\n|c|\u2606KingoftheTitans|gg\n|\n|t:|1700931783\n|move|p1a: Basculegion|Last Respects|p2a: Ferrothorn\n|-damage|p2a: Ferrothorn|0 fnt\n|faint|p2a: Ferrothorn\n|\n|win|KingoftheTitans\n|raw|KingoftheTitans's rating: 1363 &rarr; <strong>1375<\/strong><br \/>(+12 for winning)\n|raw|kapithedumdum's rating: 1218 &rarr; <strong>1203<\/strong><br \/>(-15 for losing)\n|c|\u2606kapithedumdum|so sad\n|c|\u2606kapithedumdum|gg\n|c|\u2606KingoftheTitans|You'll get it next time\n","uploadtime":1700931795,"views":0,"p1id":"kingofthetitans","p2id":"kapithedumdum","formatid":"gen9nationaldexubers","rating":1203,"private":0,"password":""}