{"id":"gen9nationaldexubers-1987624260","p1":"eshaan is awesom","p2":"Mudseph03","format":"[Gen 9] National Dex Ubers","log":"|j|\u2606eshaan is awesom\n|j|\u2606Mudseph03\n|t:|1699621001\n|gametype|singles\n|player|p1|eshaan is awesom|169|1151\n|player|p2|Mudseph03|red|1250\n|teamsize|p1|6\n|teamsize|p2|6\n|gen|9\n|tier|[Gen 9] National Dex Ubers\n|rated|\n|rule|HP Percentage Mod: HP is shown in percentages\n|rule|Endless Battle Clause: Forcing endless battles is banned\n|rule|OHKO Clause: OHKO moves are banned\n|rule|Evasion Moves Clause: Evasion moves are banned\n|rule|Evasion Items Clause: Evasion items are banned\n|rule|Species Clause: Limit one of each Pok\u00e9mon\n|rule|Sleep Clause Mod: Limit one foe put to sleep\n|rule|Mega Rayquaza Clause: You cannot mega evolve Rayquaza\n|clearpoke\n|poke|p1|Umbreon, M|\n|poke|p1|Hydreigon, M|\n|poke|p1|Moltres|\n|poke|p1|Arcanine, F|\n|poke|p1|Alakazam, F|\n|poke|p1|Blastoise, F|\n|poke|p2|Dragapult, M|\n|poke|p2|Kartana|\n|poke|p2|Aegislash, M|\n|poke|p2|Quagsire, M|\n|poke|p2|Heatran, M|\n|poke|p2|Togekiss, M|\n|teampreview\n|\n|t:|1699621007\n|start\n|switch|p1a: Moltres|Moltres|100\/100\n|switch|p2a: Puyolsire|Quagsire, M|100\/100\n|turn|1\n|\n|t:|1699621018\n|switch|p2a: Christran|Heatran, M|100\/100\n|move|p1a: Moltres|Burn Up|p2a: Christran\n|-start|p2a: Christran|ability: Flash Fire\n|\n|upkeep\n|turn|2\n|\n|t:|1699621026\n|move|p1a: Moltres|Ancient Power|p2a: Christran\n|-damage|p2a: Christran|91\/100\n|move|p2a: Christran|Power Gem|p1a: Moltres\n|-supereffective|p1a: Moltres\n|-damage|p1a: Moltres|0 fnt\n|faint|p1a: Moltres\n|\n|upkeep\n|\n|t:|1699621034\n|switch|p1a: Arcanine|Arcanine, F|100\/100\n|-ability|p1a: Arcanine|Intimidate|boost\n|-unboost|p2a: Christran|atk|1\n|turn|3\n|\n|t:|1699621040\n|-end|p2a: Christran|ability: Flash Fire|[silent]\n|switch|p2a: Puyolsire|Quagsire, M|100\/100\n|move|p1a: Arcanine|Close Combat|p2a: Puyolsire\n|-damage|p2a: Puyolsire|72\/100\n|-unboost|p1a: Arcanine|def|1\n|-unboost|p1a: Arcanine|spd|1\n|\n|-heal|p2a: Puyolsire|78\/100|[from] item: Leftovers\n|upkeep\n|turn|4\n|\n|t:|1699621050\n|switch|p1a: Umbreon|Umbreon, M|100\/100\n|move|p2a: Puyolsire|Earthquake|p1a: Umbreon\n|-damage|p1a: Umbreon|77\/100\n|\n|-heal|p1a: Umbreon|83\/100|[from] item: Leftovers\n|-heal|p2a: Puyolsire|85\/100|[from] item: Leftovers\n|upkeep\n|turn|5\n|\n|t:|1699621058\n|switch|p2a: Godtana|Kartana|100\/100\n|move|p1a: Umbreon|Toxic|p2a: Godtana\n|-immune|p2a: Godtana\n|\n|-heal|p1a: Umbreon|89\/100|[from] item: Leftovers\n|upkeep\n|turn|6\n|\n|t:|1699621067\n|switch|p1a: Alakazam|Alakazam, F|100\/100\n|move|p2a: Godtana|Sacred Sword|p1a: Alakazam\n|-resisted|p1a: Alakazam\n|-damage|p1a: Alakazam|40\/100\n|\n|upkeep\n|turn|7\n|\n|t:|1699621102\n|detailschange|p1a: Alakazam|Alakazam-Mega, F\n|-mega|p1a: Alakazam|Alakazam|Alakazite\n|-ability|p1a: Alakazam|Beast Boost|[from] ability: Trace|[of] p2a: Godtana\n|move|p2a: Godtana|Sacred Sword|p1a: Alakazam\n|-resisted|p1a: Alakazam\n|-damage|p1a: Alakazam|0 fnt\n|faint|p1a: Alakazam\n|-ability|p2a: Godtana|Beast Boost|boost\n|-boost|p2a: Godtana|atk|1\n|\n|upkeep\n|\n|t:|1699621113\n|switch|p1a: Blastoise|Blastoise, F|100\/100\n|turn|8\n|\n|t:|1699621120\n|switch|p2a: Saiko no Hero|Aegislash, M|100\/100\n|move|p1a: Blastoise|Shell Smash|p1a: Blastoise\n|-unboost|p1a: Blastoise|def|1\n|-unboost|p1a: Blastoise|spd|1\n|-boost|p1a: Blastoise|atk|2\n|-boost|p1a: Blastoise|spa|2\n|-boost|p1a: Blastoise|spe|2\n|\n|upkeep\n|turn|9\n|\n|t:|1699621133\n|move|p1a: Blastoise|Hydro Pump|p2a: Saiko no Hero\n|-damage|p2a: Saiko no Hero|25\/100\n|-formechange|p2a: Saiko no Hero|Aegislash-Blade||[from] ability: Stance Change\n|move|p2a: Saiko no Hero|Gyro Ball|p1a: Blastoise\n|-resisted|p1a: Blastoise\n|-damage|p1a: Blastoise|24\/100\n|\n|upkeep\n|turn|10\n|\n|t:|1699621142\n|move|p2a: Saiko no Hero|Shadow Sneak|p1a: Blastoise\n|-damage|p1a: Blastoise|0 fnt\n|faint|p1a: Blastoise\n|\n|upkeep\n|\n|t:|1699621147\n|switch|p1a: Arcanine|Arcanine, F|100\/100\n|-ability|p1a: Arcanine|Intimidate|boost\n|-unboost|p2a: Saiko no Hero|atk|1\n|turn|11\n|\n|t:|1699621152\n|switch|p2a: Puyolsire|Quagsire, M|85\/100\n|move|p1a: Arcanine|Flare Blitz|p2a: Puyolsire\n|-resisted|p2a: Puyolsire\n|-damage|p2a: Puyolsire|64\/100\n|-damage|p1a: Arcanine|92\/100|[from] Recoil\n|\n|-heal|p2a: Puyolsire|71\/100|[from] item: Leftovers\n|upkeep\n|turn|12\n|\n|t:|1699621161\n|switch|p1a: Umbreon|Umbreon, M|89\/100\n|move|p2a: Puyolsire|Earthquake|p1a: Umbreon\n|-damage|p1a: Umbreon|63\/100\n|\n|-heal|p1a: Umbreon|69\/100|[from] item: Leftovers\n|-heal|p2a: Puyolsire|77\/100|[from] item: Leftovers\n|upkeep\n|turn|13\n|\n|t:|1699621171\n|switch|p2a: Togefeits|Togekiss, M|100\/100\n|move|p1a: Umbreon|Foul Play|p2a: Togefeits\n|-resisted|p2a: Togefeits\n|-damage|p2a: Togefeits|94\/100\n|\n|-heal|p1a: Umbreon|75\/100|[from] item: Leftovers\n|upkeep\n|turn|14\n|\n|t:|1699621179\n|move|p2a: Togefeits|Air Slash|p1a: Umbreon\n|-damage|p1a: Umbreon|56\/100\n|cant|p1a: Umbreon|flinch\n|\n|-heal|p1a: Umbreon|62\/100|[from] item: Leftovers\n|upkeep\n|turn|15\n|\n|t:|1699621185\n|move|p2a: Togefeits|Air Slash|p1a: Umbreon\n|-damage|p1a: Umbreon|40\/100\n|cant|p1a: Umbreon|flinch\n|\n|-heal|p1a: Umbreon|46\/100|[from] item: Leftovers\n|upkeep\n|turn|16\n|\n|t:|1699621192\n|move|p2a: Togefeits|Air Slash|p1a: Umbreon\n|-damage|p1a: Umbreon|27\/100\n|move|p1a: Umbreon|Wish|p1a: Umbreon\n|\n|-heal|p1a: Umbreon|33\/100|[from] item: Leftovers\n|upkeep\n|turn|17\n|\n|t:|1699621200\n|switch|p2a: Godtana|Kartana|100\/100\n|move|p1a: Umbreon|Toxic|p2a: Godtana\n|-immune|p2a: Godtana\n|\n|-heal|p1a: Umbreon|83\/100|[from] move: Wish|[wisher] Umbreon\n|-heal|p1a: Umbreon|89\/100|[from] item: Leftovers\n|upkeep\n|turn|18\n|\n|t:|1699621209\n|move|p2a: Godtana|Sacred Sword|p1a: Umbreon\n|-supereffective|p1a: Umbreon\n|-damage|p1a: Umbreon|21\/100\n|move|p1a: Umbreon|Foul Play|p2a: Godtana\n|-damage|p2a: Godtana|26\/100\n|\n|-heal|p1a: Umbreon|27\/100|[from] item: Leftovers\n|upkeep\n|turn|19\n|\n|t:|1699621217\n|move|p1a: Umbreon|Protect|p1a: Umbreon\n|-singleturn|p1a: Umbreon|Protect\n|move|p2a: Godtana|Sacred Sword|p1a: Umbreon\n|-activate|p1a: Umbreon|move: Protect\n|\n|-heal|p1a: Umbreon|33\/100|[from] item: Leftovers\n|upkeep\n|turn|20\n|\n|t:|1699621225\n|switch|p1a: Arcanine|Arcanine, F|92\/100\n|-ability|p1a: Arcanine|Intimidate|boost\n|-unboost|p2a: Godtana|atk|1\n|move|p2a: Godtana|Sacred Sword|p1a: Arcanine\n|-damage|p1a: Arcanine|55\/100\n|\n|upkeep\n|turn|21\n|\n|t:|1699621235\n|switch|p2a: Puyolsire|Quagsire, M|77\/100\n|move|p1a: Arcanine|Flare Blitz|p2a: Puyolsire\n|-resisted|p2a: Puyolsire\n|-crit|p2a: Puyolsire\n|-damage|p2a: Puyolsire|48\/100\n|-damage|p1a: Arcanine|43\/100|[from] Recoil\n|\n|-heal|p2a: Puyolsire|54\/100|[from] item: Leftovers\n|upkeep\n|turn|22\n|\n|t:|1699621246\n|switch|p1a: Hydreigon|Hydreigon, M|100\/100\n|move|p2a: Puyolsire|Recover|p2a: Puyolsire\n|-heal|p2a: Puyolsire|100\/100\n|\n|upkeep\n|turn|23\n|\n|t:|1699621255\n|switch|p2a: Christran|Heatran, M|91\/100\n|move|p1a: Hydreigon|Dragon Pulse|p2a: Christran\n|-resisted|p2a: Christran\n|-damage|p2a: Christran|80\/100\n|\n|upkeep\n|turn|24\n|\n|t:|1699621264\n|move|p1a: Hydreigon|Earth Power|p2a: Christran\n|-supereffective|p2a: Christran\n|-damage|p2a: Christran|25\/100\n|move|p2a: Christran|Magma Storm|p1a: Hydreigon\n|-resisted|p1a: Hydreigon\n|-damage|p1a: Hydreigon|72\/100\n|-activate|p1a: Hydreigon|move: Magma Storm|[of] p2a: Christran\n|\n|-damage|p1a: Hydreigon|60\/100|[from] move: Magma Storm|[partiallytrapped]\n|upkeep\n|turn|25\n|\n|t:|1699621276\n|switch|p2a: Togefeits|Togekiss, M|94\/100\n|move|p1a: Hydreigon|Earth Power|p2a: Togefeits\n|-immune|p2a: Togefeits\n|\n|-end|p1a: Hydreigon|Magma Storm|[partiallytrapped]|[silent]\n|upkeep\n|turn|26\n|\n|t:|1699621290\n|switch|p1a: Arcanine|Arcanine, F|43\/100\n|-ability|p1a: Arcanine|Intimidate|boost\n|-unboost|p2a: Togefeits|atk|1\n|move|p2a: Togefeits|Air Slash|p1a: Arcanine\n|-damage|p1a: Arcanine|0 fnt\n|faint|p1a: Arcanine\n|\n|upkeep\n|\n|t:|1699621297\n|switch|p1a: Umbreon|Umbreon, M|33\/100\n|turn|27\n|\n|t:|1699621303\n|move|p2a: Togefeits|Air Slash|p1a: Umbreon\n|-crit|p1a: Umbreon\n|-damage|p1a: Umbreon|5\/100\n|move|p1a: Umbreon|Toxic|p2a: Togefeits\n|-status|p2a: Togefeits|tox\n|\n|-heal|p1a: Umbreon|11\/100|[from] item: Leftovers\n|-damage|p2a: Togefeits|88\/100 tox|[from] psn\n|upkeep\n|turn|28\n|\n|t:|1699621312\n|move|p1a: Umbreon|Protect|p1a: Umbreon\n|-singleturn|p1a: Umbreon|Protect\n|move|p2a: Togefeits|Air Slash|p1a: Umbreon\n|-activate|p1a: Umbreon|move: Protect\n|\n|-heal|p1a: Umbreon|17\/100|[from] item: Leftovers\n|-damage|p2a: Togefeits|76\/100 tox|[from] psn\n|upkeep\n|turn|29\n|\n|t:|1699621321\n|move|p2a: Togefeits|Air Slash|p1a: Umbreon\n|-damage|p1a: Umbreon|0 fnt\n|faint|p1a: Umbreon\n|\n|-damage|p2a: Togefeits|58\/100 tox|[from] psn\n|upkeep\n|\n|t:|1699621326\n|switch|p1a: Hydreigon|Hydreigon, M|60\/100\n|turn|30\n|\n|t:|1699621334\n|move|p1a: Hydreigon|Flamethrower|p2a: Togefeits\n|-damage|p2a: Togefeits|30\/100 tox\n|move|p2a: Togefeits|Thunder Wave|p1a: Hydreigon\n|-status|p1a: Hydreigon|par\n|\n|-damage|p2a: Togefeits|6\/100 tox|[from] psn\n|upkeep\n|turn|31\n|\n|t:|1699621345\n|switch|p2a: Draga-sama|Dragapult, M|100\/100\n|move|p1a: Hydreigon|Flamethrower|p2a: Draga-sama\n|-resisted|p2a: Draga-sama\n|-damage|p2a: Draga-sama|80\/100\n|\n|upkeep\n|turn|32\n|\n|t:|1699621356\n|-terastallize|p2a: Draga-sama|Fairy\n|move|p2a: Draga-sama|Draco Meteor|p1a: Hydreigon\n|-supereffective|p1a: Hydreigon\n|-damage|p1a: Hydreigon|0 fnt\n|-unboost|p2a: Draga-sama|spa|2\n|faint|p1a: Hydreigon\n|\n|win|Mudseph03\n|raw|eshaan is awesom's rating: 1151 &rarr; <strong>1133<\/strong><br \/>(-18 for losing)\n|raw|Mudseph03's rating: 1250 &rarr; <strong>1268<\/strong><br \/>(+18 for winning)\n|c|\u2606Mudseph03|Gg\n","uploadtime":1699621386,"views":9,"p1id":"eshaanisawesom","p2id":"mudseph03","formatid":"gen9nationaldexubers","rating":1133,"private":0,"password":""}