{"id":"gen9nationaldexubers-1991401608","p1":"lkjgames","p2":"KarmaKazama0","format":"[Gen 9] National Dex Ubers","log":"|j|\u2606lkjgames\n|j|\u2606KarmaKazama0\n|t:|1700074036\n|gametype|singles\n|player|p1|lkjgames|steven|1468\n|player|p2|KarmaKazama0|265|1565\n|teamsize|p1|6\n|teamsize|p2|6\n|gen|9\n|tier|[Gen 9] National Dex Ubers\n|rated|\n|rule|HP Percentage Mod: HP is shown in percentages\n|rule|Endless Battle Clause: Forcing endless battles is banned\n|rule|OHKO Clause: OHKO moves are banned\n|rule|Evasion Moves Clause: Evasion moves are banned\n|rule|Evasion Items Clause: Evasion items are banned\n|rule|Species Clause: Limit one of each Pok\u00e9mon\n|rule|Sleep Clause Mod: Limit one foe put to sleep\n|rule|Mega Rayquaza Clause: You cannot mega evolve Rayquaza\n|clearpoke\n|poke|p1|Cloyster, F|\n|poke|p1|Zacian-*|\n|poke|p1|Zygarde|\n|poke|p1|Marshadow|\n|poke|p1|Celesteela|\n|poke|p1|Kyogre|\n|poke|p2|Groudon|\n|poke|p2|Zygarde|\n|poke|p2|Ho-Oh|\n|poke|p2|Xerneas-*|\n|poke|p2|Arceus-Grass|\n|poke|p2|Kartana|\n|teampreview\n|inactive|Battle timer is ON: inactive players will automatically lose when time's up. (requested by KarmaKazama0)\n|\n|t:|1700074067\n|start\n|switch|p1a: Zoro-Wano|Zacian-Crowned, shiny|100\/100\n|switch|p2a: Ho-Oh|Ho-Oh|100\/100\n|-ability|p1a: Zoro-Wano|Intrepid Sword|boost\n|-boost|p1a: Zoro-Wano|atk|1\n|turn|1\n|\n|t:|1700074079\n|switch|p1a: gojou|Kyogre|100\/100\n|detailschange|p1a: gojou|Kyogre-Primal\n|-primal|p1a: gojou|Blue Orb\n|-weather|PrimordialSea|[from] ability: Primordial Sea|[of] p1a: gojou\n|move|p2a: Ho-Oh|Sacred Fire||[still]\n|-fail|p2a: Ho-Oh|Sacred Fire|[from] Primordial Sea\n|\n|-weather|PrimordialSea|[upkeep]\n|upkeep\n|turn|2\n|\n|t:|1700074091\n|switch|p2a: Groudon|Groudon|100\/100\n|detailschange|p2a: Groudon|Groudon-Primal\n|-primal|p2a: Groudon|Red Orb\n|-weather|DesolateLand|[from] ability: Desolate Land|[of] p2a: Groudon\n|move|p1a: gojou|Ice Beam|p2a: Groudon\n|-damage|p2a: Groudon|57\/100\n|\n|-weather|DesolateLand|[upkeep]\n|upkeep\n|turn|3\n|\n|t:|1700074104\n|move|p1a: gojou|Ice Beam|p2a: Groudon\n|-damage|p2a: Groudon|12\/100\n|move|p2a: Groudon|Precipice Blades|p1a: gojou\n|-damage|p1a: gojou|15\/100\n|\n|-weather|DesolateLand|[upkeep]\n|upkeep\n|turn|4\n|\n|t:|1700074122\n|move|p2a: Groudon|Fire Punch|p1a: gojou\n|-resisted|p1a: gojou\n|-crit|p1a: gojou\n|-damage|p1a: gojou|0 fnt\n|faint|p1a: gojou\n|\n|-weather|DesolateLand|[upkeep]\n|upkeep\n|\n|t:|1700074138\n|switch|p1a: Sukuna|Celesteela|100\/100\n|turn|5\n|\n|t:|1700074143\n|move|p2a: Groudon|Fire Punch|p1a: Sukuna\n|-supereffective|p1a: Sukuna\n|-damage|p1a: Sukuna|1\/100\n|-status|p1a: Sukuna|brn\n|move|p1a: Sukuna|Air Slash|p2a: Groudon\n|-damage|p2a: Groudon|0 fnt\n|faint|p2a: Groudon\n|-weather|none\n|-ability|p1a: Sukuna|Beast Boost|boost\n|-boost|p1a: Sukuna|def|1\n|\n|-heal|p1a: Sukuna|7\/100 brn|[from] item: Leftovers\n|-damage|p1a: Sukuna|1\/100 brn|[from] brn\n|upkeep\n|\n|t:|1700074157\n|switch|p2a: Kartana|Kartana|100\/100\n|turn|6\n|\n|t:|1700074165\n|move|p2a: Kartana|Knock Off|p1a: Sukuna\n|-damage|p1a: Sukuna|0 fnt\n|-enditem|p1a: Sukuna|Leftovers|[from] move: Knock Off|[of] p2a: Kartana\n|faint|p1a: Sukuna\n|-ability|p2a: Kartana|Beast Boost|boost\n|-boost|p2a: Kartana|atk|1\n|\n|upkeep\n|\n|t:|1700074174\n|switch|p1a: Uraume|Cloyster, F, shiny|100\/100\n|turn|7\n|\n|t:|1700074186\n|move|p2a: Kartana|Knock Off|p1a: Uraume\n|-damage|p1a: Uraume|47\/100\n|-enditem|p1a: Uraume|Focus Sash|[from] move: Knock Off|[of] p2a: Kartana\n|move|p1a: Uraume|Shell Smash|p1a: Uraume\n|-unboost|p1a: Uraume|def|1\n|-unboost|p1a: Uraume|spd|1\n|-boost|p1a: Uraume|atk|2\n|-boost|p1a: Uraume|spa|2\n|-boost|p1a: Uraume|spe|2\n|\n|upkeep\n|turn|8\n|\n|t:|1700074198\n|move|p2a: Kartana|Knock Off|p1a: Uraume\n|-damage|p1a: Uraume|0 fnt\n|faint|p1a: Uraume\n|-ability|p2a: Kartana|Beast Boost|boost\n|-boost|p2a: Kartana|atk|1\n|\n|upkeep\n|\n|t:|1700074204\n|switch|p1a: Fushiguro Megume|Marshadow|100\/100\n|turn|9\n|\n|t:|1700074209\n|switch|p2a: Zygarde|Zygarde|100\/100\n|move|p1a: Fushiguro Megume|Spectral Thief|p2a: Zygarde\n|-crit|p2a: Zygarde\n|-damage|p2a: Zygarde|65\/100\n|\n|-heal|p2a: Zygarde|71\/100|[from] item: Leftovers\n|upkeep\n|turn|10\n|\n|t:|1700074218\n|move|p1a: Fushiguro Megume|Close Combat|p2a: Zygarde\n|-damage|p2a: Zygarde|39\/100\n|-unboost|p1a: Fushiguro Megume|def|1\n|-unboost|p1a: Fushiguro Megume|spd|1\n|move|p2a: Zygarde|Glare|p1a: Fushiguro Megume\n|-status|p1a: Fushiguro Megume|par\n|\n|-heal|p2a: Zygarde|45\/100|[from] item: Leftovers\n|-activate|p2a: Zygarde|ability: Power Construct\n|detailschange|p2a: Zygarde|Zygarde-Complete\n|-heal|p2a: Zygarde|64\/100|[silent]\n|upkeep\n|turn|11\n|\n|t:|1700074234\n|move|p2a: Zygarde|Thousand Arrows|p1a: Fushiguro Megume\n|-damage|p1a: Fushiguro Megume|45\/100 par\n|move|p1a: Fushiguro Megume|Spectral Thief|p2a: Zygarde\n|-damage|p2a: Zygarde|49\/100\n|\n|-heal|p2a: Zygarde|55\/100|[from] item: Leftovers\n|upkeep\n|turn|12\n|\n|t:|1700074244\n|move|p1a: Fushiguro Megume|Shadow Sneak|p2a: Zygarde\n|-damage|p2a: Zygarde|45\/100\n|move|p2a: Zygarde|Thousand Arrows|p1a: Fushiguro Megume\n|-damage|p1a: Fushiguro Megume|0 fnt\n|faint|p1a: Fushiguro Megume\n|\n|-heal|p2a: Zygarde|52\/100|[from] item: Leftovers\n|upkeep\n|\n|t:|1700074249\n|switch|p1a: Hakari Kinji|Zygarde, shiny|100\/100\n|turn|13\n|\n|t:|1700074256\n|-terastallize|p1a: Hakari Kinji|Water\n|move|p1a: Hakari Kinji|Coil|p1a: Hakari Kinji\n|-boost|p1a: Hakari Kinji|atk|1\n|-boost|p1a: Hakari Kinji|def|1\n|-boost|p1a: Hakari Kinji|accuracy|1\n|move|p2a: Zygarde|Glare|p1a: Hakari Kinji\n|-status|p1a: Hakari Kinji|par\n|\n|-heal|p2a: Zygarde|58\/100|[from] item: Leftovers\n|upkeep\n|turn|14\n|\n|t:|1700074269\n|switch|p2a: Kartana|Kartana|100\/100\n|move|p1a: Hakari Kinji|Thousand Arrows|p2a: Kartana\n|-damage|p2a: Kartana|18\/100\n|-damage|p1a: Hakari Kinji|90\/100 par|[from] item: Life Orb\n|\n|upkeep\n|turn|15\n|j| Kidmental\n|\n|t:|1700074278\n|switch|p1a: Zoro-Wano|Zacian-Crowned, shiny|100\/100\n|move|p2a: Kartana|Leaf Blade|p1a: Zoro-Wano\n|-resisted|p1a: Zoro-Wano\n|-damage|p1a: Zoro-Wano|75\/100\n|\n|upkeep\n|turn|16\n|\n|t:|1700074292\n|switch|p2a: Zygarde|Zygarde-Complete|58\/100\n|move|p1a: Zoro-Wano|Play Rough|p2a: Zygarde|[miss]\n|-miss|p1a: Zoro-Wano|p2a: Zygarde\n|\n|-heal|p2a: Zygarde|64\/100|[from] item: Leftovers\n|upkeep\n|turn|17\n|\n|t:|1700074297\n|move|p1a: Zoro-Wano|Play Rough|p2a: Zygarde\n|-supereffective|p2a: Zygarde\n|-damage|p2a: Zygarde|29\/100\n|move|p2a: Zygarde|Glare|p1a: Zoro-Wano\n|-status|p1a: Zoro-Wano|par\n|\n|-heal|p2a: Zygarde|35\/100|[from] item: Leftovers\n|upkeep\n|turn|18\n|\n|t:|1700074303\n|move|p1a: Zoro-Wano|Play Rough|p2a: Zygarde\n|-supereffective|p2a: Zygarde\n|-damage|p2a: Zygarde|0 fnt\n|faint|p2a: Zygarde\n|\n|upkeep\n|\n|t:|1700074312\n|switch|p2a: Arceus|Arceus-Grass|100\/100\n|turn|19\n|\n|t:|1700074318\n|move|p2a: Arceus|Earth Power|p1a: Zoro-Wano\n|-supereffective|p1a: Zoro-Wano\n|-damage|p1a: Zoro-Wano|32\/100 par\n|move|p1a: Zoro-Wano|Behemoth Blade|p2a: Arceus\n|-damage|p2a: Arceus|63\/100\n|\n|upkeep\n|turn|20\n|\n|t:|1700074326\n|move|p2a: Arceus|Earth Power|p1a: Zoro-Wano\n|-supereffective|p1a: Zoro-Wano\n|-damage|p1a: Zoro-Wano|0 fnt\n|faint|p1a: Zoro-Wano\n|\n|upkeep\n|\n|t:|1700074329\n|switch|p1a: Hakari Kinji|Zygarde, shiny, tera:Water|90\/100 par\n|turn|21\n|\n|t:|1700074334\n|move|p2a: Arceus|Judgment|p1a: Hakari Kinji\n|-supereffective|p1a: Hakari Kinji\n|-damage|p1a: Hakari Kinji|1\/100 par\n|cant|p1a: Hakari Kinji|par\n|\n|-activate|p1a: Hakari Kinji|ability: Power Construct\n|detailschange|p1a: Hakari Kinji|Zygarde-Complete, shiny, tera:Water\n|-heal|p1a: Hakari Kinji|35\/100 par|[silent]\n|upkeep\n|turn|22\n|\n|t:|1700074340\n|move|p2a: Arceus|Judgment|p1a: Hakari Kinji\n|-supereffective|p1a: Hakari Kinji\n|-damage|p1a: Hakari Kinji|0 fnt\n|faint|p1a: Hakari Kinji\n|\n|win|KarmaKazama0\n|raw|lkjgames's rating: 1468 &rarr; <strong>1453<\/strong><br \/>(-15 for losing)\n|raw|KarmaKazama0's rating: 1565 &rarr; <strong>1580<\/strong><br \/>(+15 for winning)\n|l|\u2606lkjgames\n|c|\u2606KarmaKazama0|GG\n","uploadtime":1700074348,"views":8,"p1id":"lkjgames","p2id":"karmakazama0","formatid":"gen9nationaldexubers","rating":1453,"private":0,"password":""}