{"id":"gen9nationaldexubers-1984440054","p1":"princess zmx","p2":"kimi777","format":"[Gen 9] National Dex Ubers","log":"|j|\u2606princess zmx\n|j|\u2606kimi777\n|t:|1699264017\n|gametype|singles\n|player|p1|princess zmx|170|\n|player|p2|kimi777|giovanni|\n|teamsize|p1|6\n|teamsize|p2|6\n|gen|9\n|tier|[Gen 9] National Dex Ubers\n|rule|HP Percentage Mod: HP is shown in percentages\n|rule|Endless Battle Clause: Forcing endless battles is banned\n|rule|OHKO Clause: OHKO moves are banned\n|rule|Evasion Moves Clause: Evasion moves are banned\n|rule|Evasion Items Clause: Evasion items are banned\n|rule|Species Clause: Limit one of each Pok\u00e9mon\n|rule|Sleep Clause Mod: Limit one foe put to sleep\n|rule|Mega Rayquaza Clause: You cannot mega evolve Rayquaza\n|clearpoke\n|poke|p1|Kyurem-Black|\n|poke|p1|Groudon|\n|poke|p1|Marshadow|\n|poke|p1|Zygarde|\n|poke|p1|Regieleki|\n|poke|p1|Dragapult, M|\n|poke|p2|Ambipom, M|\n|poke|p2|Ninjask, M|\n|poke|p2|Glalie, F|\n|poke|p2|Electrode-Hisui|\n|poke|p2|Stakataka|\n|poke|p2|Goodra-Hisui, F|\n|teampreview\n|inactive|Battle timer is ON: inactive players will automatically lose when time's up. (requested by kimi777)\n|\n|t:|1699264035\n|start\n|switch|p1a: Regieleki|Regieleki, shiny|100\/100\n|switch|p2a: Glalie|Glalie, F, shiny|100\/100\n|turn|1\n|\n|t:|1699264040\n|detailschange|p2a: Glalie|Glalie-Mega, F, shiny\n|-mega|p2a: Glalie|Glalie|Glalitite\n|move|p1a: Regieleki|Volt Switch|p2a: Glalie\n|-damage|p2a: Glalie|8\/100\n|\n|t:|1699264047\n|switch|p1a: Groudon|Groudon, shiny|100\/100|[from] Volt Switch\n|detailschange|p1a: Groudon|Groudon-Primal, shiny\n|-primal|p1a: Groudon|Red Orb\n|-weather|DesolateLand|[from] ability: Desolate Land|[of] p1a: Groudon\n|move|p2a: Glalie|Explosion|p1a: Groudon\n|-damage|p1a: Groudon|21\/100\n|faint|p2a: Glalie\n|\n|-weather|DesolateLand|[upkeep]\n|upkeep\n|\n|t:|1699264055\n|switch|p2a: Ninjask|Ninjask, M, shiny|100\/100\n|turn|2\n|\n|t:|1699264061\n|move|p2a: Ninjask|Protect|p2a: Ninjask\n|-singleturn|p2a: Ninjask|Protect\n|move|p1a: Groudon|Thunder Punch|p2a: Ninjask\n|-activate|p2a: Ninjask|move: Protect\n|\n|-weather|DesolateLand|[upkeep]\n|-ability|p2a: Ninjask|Speed Boost|boost\n|-boost|p2a: Ninjask|spe|1\n|upkeep\n|turn|3\n|\n|t:|1699264066\n|move|p2a: Ninjask|Acrobatics|p1a: Groudon\n|-damage|p1a: Groudon|9\/100\n|move|p1a: Groudon|Spikes|p2a: Ninjask\n|-sidestart|p2: kimi777|Spikes\n|\n|-weather|DesolateLand|[upkeep]\n|-ability|p2a: Ninjask|Speed Boost|boost\n|-boost|p2a: Ninjask|spe|1\n|upkeep\n|turn|4\n|\n|t:|1699264073\n|move|p2a: Ninjask|Acrobatics|p1a: Groudon\n|-damage|p1a: Groudon|0 fnt\n|faint|p1a: Groudon\n|-weather|none\n|\n|-ability|p2a: Ninjask|Speed Boost|boost\n|-boost|p2a: Ninjask|spe|1\n|upkeep\n|\n|t:|1699264078\n|switch|p1a: Regieleki|Regieleki, shiny|100\/100\n|turn|5\n|\n|t:|1699264083\n|switch|p2a: Goodra|Goodra-Hisui, F, shiny|100\/100\n|-damage|p2a: Goodra|88\/100|[from] Spikes\n|move|p1a: Regieleki|Volt Switch|p2a: Goodra\n|-resisted|p2a: Goodra\n|-damage|p2a: Goodra|68\/100\n|\n|t:|1699264097\n|switch|p1a: Zygarde|Zygarde, shiny|100\/100|[from] Volt Switch\n|\n|-heal|p2a: Goodra|74\/100|[from] item: Leftovers\n|upkeep\n|turn|6\n|\n|t:|1699264105\n|-terastallize|p2a: Goodra|Water\n|move|p1a: Zygarde|Glare|p2a: Goodra\n|-status|p2a: Goodra|par\n|cant|p2a: Goodra|par\n|\n|-heal|p2a: Goodra|80\/100 par|[from] item: Leftovers\n|upkeep\n|turn|7\n|\n|t:|1699264116\n|move|p1a: Zygarde|Coil|p1a: Zygarde\n|-boost|p1a: Zygarde|atk|1\n|-boost|p1a: Zygarde|def|1\n|-boost|p1a: Zygarde|accuracy|1\n|move|p2a: Goodra|Acid Armor|p2a: Goodra\n|-boost|p2a: Goodra|def|2\n|\n|-heal|p2a: Goodra|86\/100 par|[from] item: Leftovers\n|upkeep\n|turn|8\n|\n|t:|1699264120\n|move|p1a: Zygarde|Coil|p1a: Zygarde\n|-boost|p1a: Zygarde|atk|1\n|-boost|p1a: Zygarde|def|1\n|-boost|p1a: Zygarde|accuracy|1\n|move|p2a: Goodra|Draco Meteor|p1a: Zygarde\n|-supereffective|p1a: Zygarde\n|-damage|p1a: Zygarde|0 fnt\n|-unboost|p2a: Goodra|spa|2\n|faint|p1a: Zygarde\n|\n|-heal|p2a: Goodra|92\/100 par|[from] item: Leftovers\n|upkeep\n|\n|t:|1699264128\n|switch|p1a: Regieleki|Regieleki, shiny|100\/100\n|turn|9\n|\n|t:|1699264131\n|move|p1a: Regieleki|Volt Switch|p2a: Goodra\n|-supereffective|p2a: Goodra\n|-damage|p2a: Goodra|11\/100 par\n|\n|t:|1699264136\n|switch|p1a: Kyurem|Kyurem-Black, shiny|100\/100|[from] Volt Switch\n|-ability|p1a: Kyurem|Teravolt\n|move|p2a: Goodra|Body Press|p1a: Kyurem\n|-supereffective|p1a: Kyurem\n|-damage|p1a: Kyurem|32\/100\n|\n|-heal|p1a: Kyurem|39\/100|[from] item: Leftovers\n|-heal|p2a: Goodra|18\/100 par|[from] item: Leftovers\n|upkeep\n|turn|10\n|\n|t:|1699264150\n|move|p1a: Kyurem|Fusion Bolt|p2a: Goodra\n|-supereffective|p2a: Goodra\n|-damage|p2a: Goodra|0 fnt\n|faint|p2a: Goodra\n|\n|-heal|p1a: Kyurem|45\/100|[from] item: Leftovers\n|upkeep\n|\n|t:|1699264159\n|switch|p2a: Stakataka|Stakataka, shiny|100\/100\n|-item|p2a: Stakataka|Air Balloon\n|turn|11\n|\n|t:|1699264187\n|-terastallize|p1a: Kyurem|Ground\n|move|p1a: Kyurem|Dragon Dance|p1a: Kyurem\n|-boost|p1a: Kyurem|atk|1\n|-boost|p1a: Kyurem|spe|1\n|move|p2a: Stakataka|Trick Room|p2a: Stakataka\n|-fieldstart|move: Trick Room|[of] p2a: Stakataka\n|\n|-heal|p1a: Kyurem|51\/100|[from] item: Leftovers\n|upkeep\n|turn|12\n|\n|t:|1699264199\n|move|p2a: Stakataka|Gyro Ball|p1a: Kyurem\n|-damage|p1a: Kyurem|0 fnt\n|faint|p1a: Kyurem\n|-ability|p2a: Stakataka|Beast Boost|boost\n|-boost|p2a: Stakataka|def|1\n|\n|upkeep\n|inactive|princess zmx has 270 seconds left.\n|\n|t:|1699264237\n|switch|p1a: Dragapult|Dragapult, M, shiny|100\/100\n|turn|13\n|\n|t:|1699264243\n|move|p2a: Stakataka|Gyro Ball|p1a: Dragapult\n|-damage|p1a: Dragapult|0 fnt\n|faint|p1a: Dragapult\n|-ability|p2a: Stakataka|Beast Boost|boost\n|-boost|p2a: Stakataka|def|1\n|\n|upkeep\n|\n|t:|1699264249\n|switch|p1a: Marshadow|Marshadow|100\/100\n|turn|14\n|\n|t:|1699264253\n|move|p1a: Marshadow|Shadow Sneak|p2a: Stakataka\n|-damage|p2a: Stakataka|91\/100\n|-enditem|p2a: Stakataka|Air Balloon\n|move|p2a: Stakataka|Gyro Ball|p1a: Marshadow\n|-damage|p1a: Marshadow|0 fnt\n|faint|p1a: Marshadow\n|-ability|p2a: Stakataka|Beast Boost|boost\n|-boost|p2a: Stakataka|def|1\n|\n|upkeep\n|\n|t:|1699264257\n|switch|p1a: Regieleki|Regieleki, shiny|100\/100\n|turn|15\n|\n|t:|1699264261\n|move|p2a: Stakataka|Gyro Ball|p1a: Regieleki\n|-resisted|p1a: Regieleki\n|-damage|p1a: Regieleki|12\/100\n|move|p1a: Regieleki|Volt Switch|p2a: Stakataka\n|-damage|p2a: Stakataka|23\/100\n|\n|-fieldend|move: Trick Room\n|upkeep\n|turn|16\n|\n|t:|1699264265\n|move|p1a: Regieleki|Volt Switch|p2a: Stakataka\n|-damage|p2a: Stakataka|0 fnt\n|faint|p2a: Stakataka\n|\n|upkeep\n|\n|t:|1699264268\n|switch|p2a: Ninjask|Ninjask, M, shiny|100\/100\n|turn|17\n|\n|t:|1699264271\n|move|p2a: Ninjask|Protect|p2a: Ninjask\n|-singleturn|p2a: Ninjask|Protect\n|move|p1a: Regieleki|Volt Switch|p2a: Ninjask\n|-activate|p2a: Ninjask|move: Protect\n|\n|-ability|p2a: Ninjask|Speed Boost|boost\n|-boost|p2a: Ninjask|spe|1\n|upkeep\n|turn|18\n|\n|t:|1699264274\n|move|p2a: Ninjask|Acrobatics|p1a: Regieleki\n|-resisted|p1a: Regieleki\n|-damage|p1a: Regieleki|0 fnt\n|faint|p1a: Regieleki\n|\n|win|kimi777\n|l|\u2606princess zmx\n","uploadtime":1699264288,"views":4,"p1id":"princesszmx","p2id":"kimi777","formatid":"gen9nationaldexubers","rating":0,"private":0,"password":""}