{"id":"gen9nationaldexubers-1998107402","p1":"Pure Hackmons","p2":"dreepy airlines","format":"[Gen 9] National Dex Ubers","log":"|j|\u2606Pure Hackmons\n|j|\u2606dreepy airlines\n|inactive|Battle timer is ON: inactive players will automatically lose when time's up.\n|t:|1700892550\n|gametype|singles\n|j|*Lady Monita \u2746\n|player|p1|Pure Hackmons|ethan|\n|player|p2|dreepy airlines|waitress-gen6|\n|teamsize|p1|6\n|teamsize|p2|6\n|gen|9\n|tier|[Gen 9] National Dex Ubers\n|rated|Tournament battle\n|rule|HP Percentage Mod: HP is shown in percentages\n|rule|Endless Battle Clause: Forcing endless battles is banned\n|rule|OHKO Clause: OHKO moves are banned\n|rule|Evasion Moves Clause: Evasion moves are banned\n|rule|Evasion Items Clause: Evasion items are banned\n|rule|Species Clause: Limit one of each Pok\u00e9mon\n|rule|Sleep Clause Mod: Limit one foe put to sleep\n|rule|Mega Rayquaza Clause: You cannot mega evolve Rayquaza\n|clearpoke\n|poke|p1|Mewtwo-Mega-X|\n|poke|p1|Groudon-Primal|\n|poke|p1|Zygarde-Complete|\n|poke|p1|Diancie-Mega|\n|poke|p1|Cramorant-Gorging, F|\n|poke|p1|Arceus-Water|\n|poke|p2|Smeargle, F|\n|poke|p2|Groudon-Primal|\n|poke|p2|Diancie-Mega|\n|poke|p2|Lunala|\n|poke|p2|Zacian-Crowned|\n|poke|p2|Yveltal|\n|teampreview\n|inactive|dreepy airlines also wants the timer to be on.\n|c|\u2606dreepy airlines|hf\n|c|\u2606Pure Hackmons|u2\n|\n|t:|1700892580\n|start\n|switch|p1a: Mewtwo|Mewtwo-Mega-X|100\/100\n|switch|p2a: Diancie|Diancie-Mega, shiny|100\/100\n|turn|1\n|\n|t:|1700892589\n|switch|p1a: Arceus|Arceus-Water|100\/100\n|move|p2a: Diancie|Moonblast|p1a: Arceus\n|-damage|p1a: Arceus|60\/100\n|\n|upkeep\n|-start|p1a: Arceus|typechange|Fairy|[silent]\n|turn|2\n|\n|t:|1700892594\n|move|p2a: Diancie|Stealth Rock|p1a: Arceus\n|-sidestart|p1: Pure Hackmons|move: Stealth Rock\n|move|p1a: Arceus|Recover|p1a: Arceus\n|-heal|p1a: Arceus|100\/100\n|\n|upkeep\n|turn|3\n|\n|t:|1700892609\n|move|p2a: Diancie|Moonblast|p1a: Arceus\n|-damage|p1a: Arceus|64\/100\n|-unboost|p1a: Arceus|spa|1\n|move|p1a: Arceus|Defog|p2a: Diancie\n|move|p2a: Diancie|Defog|p1a: Arceus|[from]ability: Magic Bounce\n|-unboost|p1a: Arceus|evasion|1\n|-sideend|p1: Pure Hackmons|Stealth Rock|[from] move: Defog|[of] p2a: Diancie\n|\n|upkeep\n|turn|4\n|\n|t:|1700892617\n|move|p2a: Diancie|Moonblast|p1a: Arceus\n|-damage|p1a: Arceus|25\/100\n|move|p1a: Arceus|Recover|p1a: Arceus\n|-heal|p1a: Arceus|75\/100\n|\n|upkeep\n|turn|5\n|\n|t:|1700892622\n|switch|p1a: Diancie|Diancie-Mega|100\/100\n|move|p2a: Diancie|Moonblast|p1a: Diancie\n|-damage|p1a: Diancie|12\/100\n|-unboost|p1a: Diancie|spa|1\n|\n|upkeep\n|turn|6\n|\n|t:|1700892627\n|-zpower|p1a: Diancie\n|move|p1a: Diancie|Tectonic Rage|p2a: Diancie|[zeffect]\n|-supereffective|p2a: Diancie\n|-enditem|p2a: Diancie|Focus Sash\n|-damage|p2a: Diancie|1\/100\n|move|p2a: Diancie|Moonblast|p1a: Diancie\n|-damage|p1a: Diancie|0 fnt\n|faint|p1a: Diancie\n|\n|upkeep\n|\n|t:|1700892643\n|switch|p1a: Arceus|Arceus-Water|75\/100\n|-start|p1a: Arceus|typechange|Fairy|[silent]\n|turn|7\n|\n|t:|1700892654\n|move|p2a: Diancie|Stealth Rock|p1a: Arceus\n|-sidestart|p1: Pure Hackmons|move: Stealth Rock\n|move|p1a: Arceus|Judgment|p2a: Diancie\n|-damage|p2a: Diancie|0 fnt\n|faint|p2a: Diancie\n|\n|upkeep\n|\n|t:|1700892660\n|switch|p2a: Smeargle|Smeargle, F|100\/100\n|turn|8\n|\n|t:|1700892675\n|move|p1a: Arceus|Toxic|p2a: Smeargle|[miss]\n|-miss|p1a: Arceus|p2a: Smeargle\n|move|p2a: Smeargle|Nuzzle|p1a: Arceus\n|-damage|p1a: Arceus|74\/100\n|-status|p1a: Arceus|par\n|\n|-ability|p2a: Smeargle|Moody|boost\n|-boost|p2a: Smeargle|spa|2\n|-unboost|p2a: Smeargle|def|1\n|upkeep\n|turn|9\n|\n|t:|1700892681\n|move|p2a: Smeargle|Taunt|p1a: Arceus\n|-start|p1a: Arceus|move: Taunt\n|cant|p1a: Arceus|move: Taunt|Defog\n|\n|-ability|p2a: Smeargle|Moody|boost\n|-boost|p2a: Smeargle|spe|2\n|-unboost|p2a: Smeargle|def|1\n|upkeep\n|turn|10\n|\n|t:|1700892684\n|move|p2a: Smeargle|Sticky Web|p1a: Arceus\n|-sidestart|p1: Pure Hackmons|move: Sticky Web\n|move|p1a: Arceus|Judgment|p2a: Smeargle\n|-enditem|p2a: Smeargle|Focus Sash\n|-damage|p2a: Smeargle|1\/100\n|\n|-ability|p2a: Smeargle|Moody|boost\n|-boost|p2a: Smeargle|spa|2\n|-unboost|p2a: Smeargle|spd|1\n|upkeep\n|turn|11\n|\n|t:|1700892691\n|move|p2a: Smeargle|Nuzzle|p1a: Arceus\n|-damage|p1a: Arceus|73\/100 par\n|cant|p1a: Arceus|par\n|\n|-end|p1a: Arceus|move: Taunt\n|-ability|p2a: Smeargle|Moody|boost\n|-boost|p2a: Smeargle|atk|2\n|-unboost|p2a: Smeargle|def|1\n|upkeep\n|turn|12\n|\n|t:|1700892699\n|move|p2a: Smeargle|Taunt|p1a: Arceus\n|-start|p1a: Arceus|move: Taunt\n|cant|p1a: Arceus|move: Taunt|Defog\n|\n|-ability|p2a: Smeargle|Moody|boost\n|-boost|p2a: Smeargle|spa|2\n|-unboost|p2a: Smeargle|atk|1\n|upkeep\n|turn|13\n|\n|t:|1700892703\n|move|p2a: Smeargle|Nuzzle|p1a: Arceus\n|-damage|p1a: Arceus|72\/100 par\n|move|p1a: Arceus|Judgment|p2a: Smeargle\n|-damage|p2a: Smeargle|0 fnt\n|faint|p2a: Smeargle\n|\n|upkeep\n|j| Bunnysai\n|inactive|dreepy airlines has 120 seconds left.\n|\n|t:|1700892733\n|switch|p2a: Groudon|Groudon-Primal|100\/100\n|-weather|DesolateLand|[from] ability: Desolate Land|[of] p2a: Groudon\n|turn|14\n|\n|t:|1700892746\n|switch|p1a: Zygarde|Zygarde-Complete|100\/100\n|-damage|p1a: Zygarde|94\/100|[from] Stealth Rock\n|-activate|p1a: Zygarde|move: Sticky Web\n|-unboost|p1a: Zygarde|spe|1\n|move|p2a: Groudon|Swords Dance|p2a: Groudon\n|-boost|p2a: Groudon|atk|2\n|\n|-weather|DesolateLand|[upkeep]\n|-heal|p1a: Zygarde|100\/100|[from] item: Leftovers\n|upkeep\n|turn|15\n|\n|t:|1700892751\n|move|p2a: Groudon|Precipice Blades|p1a: Zygarde\n|-damage|p1a: Zygarde|40\/100\n|move|p1a: Zygarde|Coil|p1a: Zygarde\n|-boost|p1a: Zygarde|atk|1\n|-boost|p1a: Zygarde|def|1\n|-boost|p1a: Zygarde|accuracy|1\n|\n|-weather|DesolateLand|[upkeep]\n|-heal|p1a: Zygarde|46\/100|[from] item: Leftovers\n|upkeep\n|turn|16\n|\n|t:|1700892756\n|move|p2a: Groudon|Precipice Blades|p1a: Zygarde\n|-damage|p1a: Zygarde|7\/100\n|move|p1a: Zygarde|Glare|p2a: Groudon\n|-status|p2a: Groudon|par\n|\n|-weather|DesolateLand|[upkeep]\n|-heal|p1a: Zygarde|13\/100|[from] item: Leftovers\n|upkeep\n|turn|17\n|\n|t:|1700892769\n|move|p2a: Groudon|Rock Polish|p2a: Groudon\n|-boost|p2a: Groudon|spe|2\n|move|p1a: Zygarde|Rest|p1a: Zygarde\n|-status|p1a: Zygarde|slp|[from] move: Rest\n|-heal|p1a: Zygarde|100\/100 slp|[silent]\n|\n|-weather|DesolateLand|[upkeep]\n|upkeep\n|turn|18\n|c|\u2606dreepy airlines|oh\n|\n|t:|1700892775\n|move|p2a: Groudon|Swords Dance|p2a: Groudon\n|-boost|p2a: Groudon|atk|2\n|cant|p1a: Zygarde|slp\n|\n|-weather|DesolateLand|[upkeep]\n|upkeep\n|turn|19\n|\n|t:|1700892781\n|move|p2a: Groudon|Swords Dance|p2a: Groudon\n|-boost|p2a: Groudon|atk|2\n|cant|p1a: Zygarde|slp\n|\n|-weather|DesolateLand|[upkeep]\n|upkeep\n|turn|20\n|\n|t:|1700892785\n|move|p2a: Groudon|Precipice Blades|p1a: Zygarde\n|-damage|p1a: Zygarde|26\/100 slp\n|-curestatus|p1a: Zygarde|slp|[msg]\n|move|p1a: Zygarde|Coil|p1a: Zygarde\n|-boost|p1a: Zygarde|atk|1\n|-boost|p1a: Zygarde|def|1\n|-boost|p1a: Zygarde|accuracy|1\n|\n|-weather|DesolateLand|[upkeep]\n|-heal|p1a: Zygarde|32\/100|[from] item: Leftovers\n|upkeep\n|turn|21\n|\n|t:|1700892789\n|move|p2a: Groudon|Precipice Blades|p1a: Zygarde\n|-damage|p1a: Zygarde|0 fnt\n|faint|p1a: Zygarde\n|\n|-weather|DesolateLand|[upkeep]\n|upkeep\n|\n|t:|1700892795\n|switch|p1a: Mewtwo|Mewtwo-Mega-X|100\/100\n|-damage|p1a: Mewtwo|94\/100|[from] Stealth Rock\n|-activate|p1a: Mewtwo|move: Sticky Web\n|-unboost|p1a: Mewtwo|spe|1\n|turn|22\n|\n|t:|1700892803\n|move|p2a: Groudon|Heat Crash|p1a: Mewtwo\n|-damage|p1a: Mewtwo|0 fnt\n|faint|p1a: Mewtwo\n|\n|-weather|DesolateLand|[upkeep]\n|upkeep\n|\n|t:|1700892806\n|switch|p1a: Cramorant|Cramorant-Gorging, F|100\/100\n|-damage|p1a: Cramorant|75\/100|[from] Stealth Rock\n|turn|23\n|\n|t:|1700892816\n|-zpower|p2a: Groudon\n|move|p2a: Groudon|Inferno Overdrive|p1a: Cramorant|[zeffect]\n|-resisted|p1a: Cramorant\n|-damage|p1a: Cramorant|0 fnt\n|-damage|p2a: Groudon|76\/100 par|[from] ability: Gulp Missile|[of] p1a: Cramorant\n|-formechange|p1a: Cramorant|Cramorant|\n|faint|p1a: Cramorant\n|\n|-weather|DesolateLand|[upkeep]\n|upkeep\n|\n|t:|1700892818\n|switch|p1a: Groudon|Groudon-Primal|100\/100\n|-damage|p1a: Groudon|88\/100|[from] Stealth Rock\n|-activate|p1a: Groudon|move: Sticky Web\n|-unboost|p1a: Groudon|spe|1\n|turn|24\n|\n|t:|1700892822\n|move|p2a: Groudon|Precipice Blades|p1a: Groudon\n|-supereffective|p1a: Groudon\n|-damage|p1a: Groudon|0 fnt\n|faint|p1a: Groudon\n|\n|-weather|DesolateLand|[upkeep]\n|upkeep\n|\n|t:|1700892824\n|switch|p1a: Arceus|Arceus-Water|72\/100 par\n|-damage|p1a: Arceus|59\/100 par|[from] Stealth Rock\n|-activate|p1a: Arceus|move: Sticky Web\n|-unboost|p1a: Arceus|spe|1\n|-start|p1a: Arceus|typechange|Fairy|[silent]\n|turn|25\n|\n|t:|1700892827\n|move|p2a: Groudon|Precipice Blades|p1a: Arceus\n|-damage|p1a: Arceus|0 fnt\n|faint|p1a: Arceus\n|\n|win|dreepy airlines\n|n|\u2606Pure Hackmons|purehackmons\n|n|\u2606dreepy airlines|dreepyairlines\n|n|*Lady Monita \u2746|ladymonita\n|n| Bunnysai|bunnysai\n|l|*Lady Monita \u2746\n|c|\u2606dreepy airlines|gg\n|c|\u2606Pure Hackmons|gg\n|l|\u2606Pure Hackmons\n|l|\u2606dreepy airlines\n|j| Yell0w^_^Yoshi\n|l| Yell0w^_^Yoshi\n|l| Bunnysai\n|j| RUMYMOME\n","uploadtime":1700892833,"views":1,"p1id":"purehackmons","p2id":"dreepyairlines","formatid":"gen9nationaldexubers","rating":0,"private":0,"password":""}