{"id":"gen9nationaldexubers-1993254128","p1":"stinkles3","p2":"AceTheInadequate","format":"[Gen 9] National Dex Ubers","log":"|j|\u2606stinkles3\n|j|\u2606AceTheInadequate\n|t:|1700284863\n|gametype|singles\n|player|p1|stinkles3|dragontamer|\n|player|p2|AceTheInadequate|guitarist|\n|teamsize|p1|6\n|teamsize|p2|6\n|gen|9\n|tier|[Gen 9] National Dex Ubers\n|rule|HP Percentage Mod: HP is shown in percentages\n|rule|Endless Battle Clause: Forcing endless battles is banned\n|rule|OHKO Clause: OHKO moves are banned\n|rule|Evasion Moves Clause: Evasion moves are banned\n|rule|Evasion Items Clause: Evasion items are banned\n|rule|Species Clause: Limit one of each Pok\u00e9mon\n|rule|Sleep Clause Mod: Limit one foe put to sleep\n|rule|Mega Rayquaza Clause: You cannot mega evolve Rayquaza\n|clearpoke\n|poke|p1|Dragapult, M|\n|poke|p1|Garchomp, M|\n|poke|p1|Cyclizar, M|\n|poke|p1|Goodra-Hisui, M|\n|poke|p1|Walking Wake|\n|poke|p1|Hydreigon, F|\n|poke|p2|Blissey, F|\n|poke|p2|Grimmsnarl, M|\n|poke|p2|Kingambit, M|\n|poke|p2|Shaymin-Sky|\n|poke|p2|Palafin, F|\n|poke|p2|Toxapex, M|\n|teampreview\n|\n|t:|1700284876\n|start\n|switch|p1a: Runzeedoodle|Cyclizar, M|100\/100\n|switch|p2a: Grimmsnarl|Grimmsnarl, M|100\/100\n|turn|1\n|\n|t:|1700284891\n|switch|p1a: Shark|Garchomp, M|100\/100\n|move|p2a: Grimmsnarl|Thunder Wave|p1a: Shark\n|-immune|p1a: Shark\n|\n|upkeep\n|turn|2\n|\n|t:|1700284899\n|move|p2a: Grimmsnarl|Reflect|p2a: Grimmsnarl\n|-sidestart|p2: AceTheInadequate|Reflect\n|move|p1a: Shark|Bulldoze|p2a: Grimmsnarl\n|-damage|p2a: Grimmsnarl|82\/100\n|-unboost|p2a: Grimmsnarl|spe|1\n|\n|upkeep\n|turn|3\n|\n|t:|1700284908\n|move|p2a: Grimmsnarl|Parting Shot|p1a: Shark\n|-unboost|p1a: Shark|atk|1\n|-unboost|p1a: Shark|spa|1\n|\n|t:|1700284914\n|switch|p2a: Blissey|Blissey, F|100\/100|[from] Parting Shot\n|move|p1a: Shark|Swords Dance|p1a: Shark\n|-boost|p1a: Shark|atk|2\n|\n|upkeep\n|turn|4\n|\n|t:|1700284926\n|-terastallize|p1a: Shark|Steel\n|move|p1a: Shark|Iron Head|p2a: Blissey\n|-damage|p2a: Blissey|75\/100\n|move|p2a: Blissey|Toxic|p1a: Shark\n|-immune|p1a: Shark\n|\n|-heal|p2a: Blissey|81\/100|[from] item: Leftovers\n|upkeep\n|turn|5\n|\n|t:|1700284937\n|move|p1a: Shark|Iron Head|p2a: Blissey\n|-damage|p2a: Blissey|53\/100\n|move|p2a: Blissey|Stealth Rock|p1a: Shark\n|-sidestart|p1: stinkles3|move: Stealth Rock\n|\n|-heal|p2a: Blissey|59\/100|[from] item: Leftovers\n|upkeep\n|turn|6\n|\n|t:|1700284945\n|switch|p2a: Grimmsnarl|Grimmsnarl, M|82\/100\n|move|p1a: Shark|Iron Head|p2a: Grimmsnarl\n|-supereffective|p2a: Grimmsnarl\n|-damage|p2a: Grimmsnarl|8\/100\n|\n|-sideend|p2: AceTheInadequate|Reflect\n|upkeep\n|turn|7\n|\n|t:|1700284954\n|move|p2a: Grimmsnarl|Parting Shot|p1a: Shark\n|-unboost|p1a: Shark|atk|1\n|-unboost|p1a: Shark|spa|1\n|\n|t:|1700284977\n|switch|p2a: Palafin|Palafin, F|100\/100|[from] Parting Shot\n|move|p1a: Shark|Bulldoze|p2a: Palafin\n|-damage|p2a: Palafin|62\/100\n|-unboost|p2a: Palafin|spe|1\n|\n|upkeep\n|turn|8\n|\n|t:|1700284988\n|detailschange|p2a: Palafin|Palafin-Hero, F\n|switch|p2a: Grimmsnarl|Grimmsnarl, M|8\/100\n|move|p1a: Shark|Swords Dance|p1a: Shark\n|-boost|p1a: Shark|atk|2\n|\n|upkeep\n|turn|9\n|\n|t:|1700285000\n|move|p2a: Grimmsnarl|Thunder Wave|p1a: Shark\n|-status|p1a: Shark|par\n|move|p1a: Shark|Iron Head|p2a: Grimmsnarl\n|-supereffective|p2a: Grimmsnarl\n|-damage|p2a: Grimmsnarl|0 fnt\n|faint|p2a: Grimmsnarl\n|\n|upkeep\n|\n|t:|1700285003\n|switch|p2a: Palafin|Palafin-Hero, F|62\/100\n|-activate|p2a: Palafin|ability: Zero to Hero\n|turn|10\n|\n|t:|1700285017\n|-terastallize|p2a: Palafin|Water\n|move|p2a: Palafin|Flip Turn|p1a: Shark\n|-damage|p1a: Shark|25\/100 par\n|-damage|p2a: Palafin|49\/100|[from] ability: Rough Skin|[of] p1a: Shark\n|-damage|p2a: Palafin|33\/100|[from] item: Rocky Helmet|[of] p1a: Shark\n|\n|t:|1700285019\n|switch|p2a: Blissey|Blissey, F|59\/100|[from] Flip Turn\n|move|p1a: Shark|Dragon Claw|p2a: Blissey\n|-damage|p2a: Blissey|0 fnt\n|faint|p2a: Blissey\n|\n|upkeep\n|\n|t:|1700285021\n|switch|p2a: Palafin|Palafin-Hero, F, tera:Water|33\/100\n|turn|11\n|\n|t:|1700285038\n|switch|p1a: Stepper|Walking Wake|100\/100\n|-damage|p1a: Stepper|88\/100|[from] Stealth Rock\n|-enditem|p1a: Stepper|Booster Energy\n|-activate|p1a: Stepper|ability: Protosynthesis|[fromitem]\n|-start|p1a: Stepper|protosynthesisspa\n|move|p2a: Palafin|Jet Punch|p1a: Stepper\n|-resisted|p1a: Stepper\n|-damage|p1a: Stepper|69\/100\n|\n|upkeep\n|turn|12\n|\n|t:|1700285055\n|move|p2a: Palafin|Jet Punch|p1a: Stepper\n|-resisted|p1a: Stepper\n|-damage|p1a: Stepper|50\/100\n|move|p1a: Stepper|Dragon Pulse|p2a: Palafin\n|-damage|p2a: Palafin|0 fnt\n|faint|p2a: Palafin\n|\n|upkeep\n|\n|t:|1700285058\n|switch|p2a: Shaymin|Shaymin-Sky|100\/100\n|turn|13\n|\n|t:|1700285067\n|move|p2a: Shaymin|Air Slash|p1a: Stepper\n|-damage|p1a: Stepper|16\/100\n|move|p1a: Stepper|Snarl|p2a: Shaymin\n|-damage|p2a: Shaymin|70\/100\n|-unboost|p2a: Shaymin|spa|1\n|\n|upkeep\n|turn|14\n|\n|t:|1700285076\n|move|p2a: Shaymin|Air Slash|p1a: Stepper\n|-damage|p1a: Stepper|0 fnt\n|faint|p1a: Stepper\n|-end|p1a: Stepper|Protosynthesis|[silent]\n|\n|upkeep\n|\n|t:|1700285085\n|switch|p1a: Snail|Goodra-Hisui, M|100\/100\n|-damage|p1a: Snail|94\/100|[from] Stealth Rock\n|turn|15\n|\n|t:|1700285091\n|move|p2a: Shaymin|Air Slash|p1a: Snail|[miss]\n|-miss|p2a: Shaymin|p1a: Snail\n|move|p1a: Snail|Scary Face|p2a: Shaymin\n|-unboost|p2a: Shaymin|spe|2\n|\n|upkeep\n|turn|16\n|\n|t:|1700285098\n|move|p2a: Shaymin|Air Slash|p1a: Snail\n|-resisted|p1a: Snail\n|-damage|p1a: Snail|88\/100\n|move|p1a: Snail|Flamethrower|p2a: Shaymin\n|-supereffective|p2a: Shaymin\n|-damage|p2a: Shaymin|4\/100\n|\n|upkeep\n|turn|17\n|\n|t:|1700285105\n|move|p2a: Shaymin|Air Slash|p1a: Snail\n|-resisted|p1a: Snail\n|-damage|p1a: Snail|80\/100\n|cant|p1a: Snail|flinch\n|\n|upkeep\n|turn|18\n|\n|t:|1700285111\n|move|p2a: Shaymin|Air Slash|p1a: Snail\n|-resisted|p1a: Snail\n|-damage|p1a: Snail|74\/100\n|cant|p1a: Snail|flinch\n|\n|upkeep\n|turn|19\n|\n|t:|1700285118\n|move|p2a: Shaymin|Air Slash|p1a: Snail\n|-resisted|p1a: Snail\n|-damage|p1a: Snail|67\/100\n|cant|p1a: Snail|flinch\n|\n|upkeep\n|turn|20\n|\n|t:|1700285124\n|move|p2a: Shaymin|Air Slash|p1a: Snail\n|-resisted|p1a: Snail\n|-damage|p1a: Snail|61\/100\n|cant|p1a: Snail|flinch\n|\n|upkeep\n|turn|21\n|\n|t:|1700285132\n|move|p2a: Shaymin|Air Slash|p1a: Snail\n|-resisted|p1a: Snail\n|-damage|p1a: Snail|54\/100\n|cant|p1a: Snail|flinch\n|\n|upkeep\n|turn|22\n|\n|t:|1700285139\n|move|p2a: Shaymin|Air Slash|p1a: Snail\n|-resisted|p1a: Snail\n|-damage|p1a: Snail|48\/100\n|cant|p1a: Snail|flinch\n|\n|upkeep\n|turn|23\n|\n|t:|1700285146\n|move|p2a: Shaymin|Air Slash|p1a: Snail\n|-resisted|p1a: Snail\n|-damage|p1a: Snail|42\/100\n|move|p1a: Snail|Flamethrower|p2a: Shaymin\n|-supereffective|p2a: Shaymin\n|-damage|p2a: Shaymin|0 fnt\n|faint|p2a: Shaymin\n|\n|upkeep\n|\n|t:|1700285155\n|switch|p2a: Kingambit|Kingambit, M|100\/100\n|-activate|p2a: Kingambit|ability: Supreme Overlord\n|-start|p2a: Kingambit|fallen4|[silent]\n|turn|24\n|\n|t:|1700285162\n|move|p1a: Snail|Flamethrower|p2a: Kingambit\n|-supereffective|p2a: Kingambit\n|-damage|p2a: Kingambit|45\/100\n|move|p2a: Kingambit|Brick Break|p1a: Snail\n|-supereffective|p1a: Snail\n|-damage|p1a: Snail|0 fnt\n|faint|p1a: Snail\n|\n|upkeep\n|\n|t:|1700285172\n|switch|p1a: Mischief|Dragapult, M|100\/100\n|-damage|p1a: Mischief|88\/100|[from] Stealth Rock\n|turn|25\n|\n|t:|1700285177\n|move|p2a: Kingambit|Sucker Punch||[still]\n|-fail|p2a: Kingambit\n|move|p1a: Mischief|Disable|p2a: Kingambit\n|-start|p2a: Kingambit|Disable|Sucker Punch\n|\n|upkeep\n|turn|26\n|\n|t:|1700285186\n|-end|p2a: Kingambit|fallen4|[silent]\n|switch|p2a: Toxapex|Toxapex, M|100\/100\n|move|p1a: Mischief|Dragon Dance|p1a: Mischief\n|-boost|p1a: Mischief|atk|1\n|-boost|p1a: Mischief|spe|1\n|\n|upkeep\n|turn|27\n|\n|t:|1700285194\n|move|p1a: Mischief|Dragon Darts|p2a: Toxapex\n|-damage|p2a: Toxapex|70\/100\n|-anim|p1a: Mischief|Dragon Darts|p2a: Toxapex\n|-damage|p2a: Toxapex|39\/100\n|move|p2a: Toxapex|Toxic|p1a: Mischief\n|-status|p1a: Mischief|tox\n|\n|-heal|p2a: Toxapex|45\/100|[from] item: Black Sludge\n|-damage|p1a: Mischief|82\/100 tox|[from] psn\n|upkeep\n|turn|28\n|\n|t:|1700285206\n|move|p2a: Toxapex|Baneful Bunker|p2a: Toxapex\n|-singleturn|p2a: Toxapex|move: Protect\n|move|p1a: Mischief|Dragon Dance|p1a: Mischief\n|-boost|p1a: Mischief|atk|1\n|-boost|p1a: Mischief|spe|1\n|\n|-heal|p2a: Toxapex|51\/100|[from] item: Black Sludge\n|-damage|p1a: Mischief|70\/100 tox|[from] psn\n|upkeep\n|turn|29\n|\n|t:|1700285218\n|move|p1a: Mischief|Disable|p2a: Toxapex\n|-start|p2a: Toxapex|Disable|Baneful Bunker\n|move|p2a: Toxapex|Recover|p2a: Toxapex\n|-heal|p2a: Toxapex|100\/100\n|\n|-damage|p1a: Mischief|52\/100 tox|[from] psn\n|upkeep\n|turn|30\n|\n|t:|1700285227\n|move|p1a: Mischief|Dragon Darts|p2a: Toxapex\n|-damage|p2a: Toxapex|65\/100\n|-anim|p1a: Mischief|Dragon Darts|p2a: Toxapex\n|-damage|p2a: Toxapex|27\/100\n|move|p2a: Toxapex|Haze|p2a: Toxapex\n|-clearallboost\n|\n|-heal|p2a: Toxapex|33\/100|[from] item: Black Sludge\n|-damage|p1a: Mischief|28\/100 tox|[from] psn\n|upkeep\n|turn|31\n|\n|t:|1700285240\n|move|p1a: Mischief|Dragon Darts|p2a: Toxapex\n|-damage|p2a: Toxapex|14\/100\n|-anim|p1a: Mischief|Dragon Darts|p2a: Toxapex\n|-damage|p2a: Toxapex|0 fnt\n|faint|p2a: Toxapex\n|\n|-damage|p1a: Mischief|0 fnt|[from] psn\n|faint|p1a: Mischief\n|upkeep\n|\n|t:|1700285252\n|switch|p1a: Triclops|Hydreigon, F|100\/100\n|switch|p2a: Kingambit|Kingambit, M|45\/100\n|-damage|p1a: Triclops|88\/100|[from] Stealth Rock\n|-activate|p2a: Kingambit|ability: Supreme Overlord\n|-start|p2a: Kingambit|fallen5|[silent]\n|turn|32\n|\n|t:|1700285260\n|move|p2a: Kingambit|Sucker Punch||[still]\n|-fail|p2a: Kingambit\n|move|p1a: Triclops|Nasty Plot|p1a: Triclops\n|-boost|p1a: Triclops|spa|2\n|\n|upkeep\n|turn|33\n|\n|t:|1700285268\n|move|p2a: Kingambit|Sucker Punch|p1a: Triclops\n|-resisted|p1a: Triclops\n|-damage|p1a: Triclops|55\/100\n|move|p1a: Triclops|Flamethrower|p2a: Kingambit\n|-supereffective|p2a: Kingambit\n|-damage|p2a: Kingambit|0 fnt\n|faint|p2a: Kingambit\n|-end|p2a: Kingambit|fallen5|[silent]\n|\n|win|stinkles3\n|l|\u2606AceTheInadequate\n|c|\u2606stinkles3|WOHOO\n","uploadtime":1700285369,"views":32,"p1id":"stinkles3","p2id":"acetheinadequate","formatid":"gen9nationaldexubers","rating":0,"private":0,"password":""}