{"id":"gen9nationaldexubers-1982143694","p1":"cunningjams","p2":"TheCharityGamerCar","format":"[Gen 9] National Dex Ubers","log":"|j|\u2606cunningjams\n|j|\u2606TheCharityGamerCar\n|t:|1698972353\n|gametype|singles\n|player|p1|cunningjams|101|\n|player|p2|TheCharityGamerCar|lucas|\n|teamsize|p1|6\n|teamsize|p2|6\n|gen|9\n|tier|[Gen 9] National Dex Ubers\n|rule|HP Percentage Mod: HP is shown in percentages\n|rule|Endless Battle Clause: Forcing endless battles is banned\n|rule|OHKO Clause: OHKO moves are banned\n|rule|Evasion Moves Clause: Evasion moves are banned\n|rule|Evasion Items Clause: Evasion items are banned\n|rule|Species Clause: Limit one of each Pok\u00e9mon\n|rule|Sleep Clause Mod: Limit one foe put to sleep\n|rule|Mega Rayquaza Clause: You cannot mega evolve Rayquaza\n|clearpoke\n|poke|p1|Tapu Koko|\n|poke|p1|Quaquaval, M|\n|poke|p1|Pelipper, M|\n|poke|p1|Armarouge, F|\n|poke|p1|Nidoqueen, F|\n|poke|p1|Grimmsnarl, M|\n|poke|p2|Magnezone|\n|poke|p2|Slowbro, M|\n|poke|p2|Decidueye, M|\n|poke|p2|Darmanitan-Galar, F|\n|poke|p2|Snorlax, M|\n|poke|p2|Heatran, M|\n|teampreview\n|c|\u2606cunningjams|gl dude!\n|c|\u2606TheCharityGamerCar|Sorry somehow Snorlax had 6 moves.\n|c|\u2606cunningjams|only use the worst 4\n|c|\u2606TheCharityGamerCar|Lol\n|\n|t:|1698972414\n|start\n|switch|p1a: David Byrne|Tapu Koko|100\/100\n|switch|p2a: Heatran|Heatran, M|100\/100\n|-fieldstart|move: Electric Terrain|[from] ability: Electric Surge|[of] p1a: David Byrne\n|turn|1\n|\n|t:|1698972425\n|move|p1a: David Byrne|U-turn|p2a: Heatran\n|-resisted|p2a: Heatran\n|-damage|p2a: Heatran|92\/100\n|\n|t:|1698972428\n|switch|p1a: Nidoanne|Nidoqueen, F|100\/100|[from] U-turn\n|move|p2a: Heatran|Stealth Rock|p1a: Nidoanne\n|-sidestart|p1: cunningjams|move: Stealth Rock\n|\n|-heal|p2a: Heatran|98\/100|[from] item: Leftovers\n|upkeep\n|turn|2\n|\n|t:|1698972442\n|switch|p2a: Decidueye|Decidueye, M|100\/100\n|move|p1a: Nidoanne|Earth Power|p2a: Decidueye\n|-resisted|p2a: Decidueye\n|-damage|p2a: Decidueye|78\/100\n|\n|upkeep\n|turn|3\n|\n|t:|1698972454\n|move|p1a: Nidoanne|Ice Beam|p2a: Decidueye\n|-supereffective|p2a: Decidueye\n|-damage|p2a: Decidueye|18\/100\n|move|p2a: Decidueye|Knock Off|p1a: Nidoanne\n|-damage|p1a: Nidoanne|81\/100\n|-enditem|p1a: Nidoanne|Life Orb|[from] move: Knock Off|[of] p2a: Decidueye\n|\n|upkeep\n|turn|4\n|\n|t:|1698972480\n|move|p1a: Nidoanne|Toxic|p2a: Decidueye\n|-status|p2a: Decidueye|tox\n|move|p2a: Decidueye|Giga Drain|p1a: Nidoanne\n|-damage|p1a: Nidoanne|41\/100\n|-heal|p2a: Decidueye|39\/100 tox|[from] drain|[of] p1a: Nidoanne\n|\n|-damage|p2a: Decidueye|33\/100 tox|[from] psn\n|upkeep\n|turn|5\n|\n|t:|1698972492\n|move|p1a: Nidoanne|Ice Beam|p2a: Decidueye\n|-supereffective|p2a: Decidueye\n|-crit|p2a: Decidueye\n|-damage|p2a: Decidueye|0 fnt\n|faint|p2a: Decidueye\n|\n|-fieldend|move: Electric Terrain\n|upkeep\n|\n|t:|1698972504\n|switch|p2a: Darmanitan|Darmanitan-Galar, F|100\/100\n|turn|6\n|\n|t:|1698972538\n|switch|p1a: Peepee Poopoo|Pelipper, M|100\/100\n|-damage|p1a: Peepee Poopoo|76\/100|[from] Stealth Rock\n|-weather|RainDance|[from] ability: Drizzle|[of] p1a: Peepee Poopoo\n|move|p2a: Darmanitan|Icicle Crash|p1a: Peepee Poopoo|[miss]\n|-miss|p2a: Darmanitan|p1a: Peepee Poopoo\n|\n|-weather|RainDance|[upkeep]\n|upkeep\n|turn|7\n|\n|t:|1698972550\n|switch|p2a: Snorlax|Snorlax, M|100\/100\n|move|p1a: Peepee Poopoo|Hurricane|p2a: Snorlax\n|-damage|p2a: Snorlax|74\/100\n|\n|-weather|RainDance|[upkeep]\n|-heal|p2a: Snorlax|80\/100|[from] item: Leftovers\n|upkeep\n|turn|8\n|\n|t:|1698972559\n|-terastallize|p2a: Snorlax|Electric\n|move|p2a: Snorlax|Thunderbolt|p1a: Peepee Poopoo\n|-supereffective|p1a: Peepee Poopoo\n|-damage|p1a: Peepee Poopoo|0 fnt\n|faint|p1a: Peepee Poopoo\n|\n|-weather|RainDance|[upkeep]\n|-heal|p2a: Snorlax|86\/100|[from] item: Leftovers\n|upkeep\n|c|\u2606cunningjams|oh snap\n|\n|t:|1698972579\n|switch|p1a: Nidoanne|Nidoqueen, F|41\/100\n|-damage|p1a: Nidoanne|35\/100|[from] Stealth Rock\n|turn|9\n|\n|t:|1698972590\n|move|p1a: Nidoanne|Earth Power|p2a: Snorlax\n|-supereffective|p2a: Snorlax\n|-damage|p2a: Snorlax|37\/100\n|move|p2a: Snorlax|Earthquake|p1a: Nidoanne\n|-supereffective|p1a: Nidoanne\n|-damage|p1a: Nidoanne|0 fnt\n|faint|p1a: Nidoanne\n|\n|-weather|RainDance|[upkeep]\n|-heal|p2a: Snorlax|43\/100|[from] item: Leftovers\n|upkeep\n|\n|t:|1698972608\n|switch|p1a: Eddie Gordo|Quaquaval, M, shiny|100\/100\n|-damage|p1a: Eddie Gordo|94\/100|[from] Stealth Rock\n|turn|10\n|\n|t:|1698972657\n|move|p1a: Eddie Gordo|Aqua Step|p2a: Snorlax\n|-damage|p2a: Snorlax|0 fnt\n|-boost|p1a: Eddie Gordo|spe|1\n|faint|p2a: Snorlax\n|-ability|p1a: Eddie Gordo|Moxie|boost\n|-boost|p1a: Eddie Gordo|atk|1\n|\n|-weather|RainDance|[upkeep]\n|upkeep\n|\n|t:|1698972681\n|switch|p2a: Magnezone|Magnezone|100\/100\n|turn|11\n|\n|t:|1698972714\n|move|p1a: Eddie Gordo|Close Combat|p2a: Magnezone\n|-supereffective|p2a: Magnezone\n|-damage|p2a: Magnezone|0 fnt\n|-unboost|p1a: Eddie Gordo|def|1\n|-unboost|p1a: Eddie Gordo|spd|1\n|faint|p2a: Magnezone\n|-ability|p1a: Eddie Gordo|Moxie|boost\n|-boost|p1a: Eddie Gordo|atk|1\n|\n|-weather|RainDance|[upkeep]\n|upkeep\n|\n|t:|1698972722\n|switch|p2a: Slowbro|Slowbro, M|100\/100\n|turn|12\n|c|\u2606TheCharityGamerCar|Welp pretty sure that's gg\n|\n|t:|1698972760\n|switch|p1a: David Byrne|Tapu Koko|100\/100\n|-damage|p1a: David Byrne|88\/100|[from] Stealth Rock\n|-fieldstart|move: Electric Terrain|[from] ability: Electric Surge|[of] p1a: David Byrne\n|move|p2a: Slowbro|Future Sight|p1a: David Byrne\n|-start|p2a: Slowbro|move: Future Sight\n|\n|-weather|RainDance|[upkeep]\n|upkeep\n|turn|13\n|\n|t:|1698972783\n|move|p1a: David Byrne|U-turn|p2a: Slowbro\n|-supereffective|p2a: Slowbro\n|-damage|p2a: Slowbro|62\/100\n|\n|t:|1698972786\n|switch|p1a: Grimmsnarl|Grimmsnarl, M|100\/100|[from] U-turn\n|-damage|p1a: Grimmsnarl|88\/100|[from] Stealth Rock\n|move|p2a: Slowbro|Teleport|p2a: Slowbro\n|\n|t:|1698972794\n|switch|p2a: Heatran|Heatran, M|98\/100|[from] Teleport\n|\n|-weather|none\n|-heal|p2a: Heatran|100\/100|[from] item: Leftovers\n|upkeep\n|turn|14\n|\n|t:|1698972823\n|move|p1a: Grimmsnarl|Light Screen|p1a: Grimmsnarl\n|-sidestart|p1: cunningjams|move: Light Screen\n|move|p2a: Heatran|Taunt|p1a: Grimmsnarl\n|-start|p1a: Grimmsnarl|move: Taunt\n|\n|-end|p1a: Grimmsnarl|move: Future Sight\n|-immune|p1a: Grimmsnarl\n|upkeep\n|turn|15\n|\n|t:|1698972868\n|switch|p1a: The Gun Show|Armarouge, F|100\/100\n|-damage|p1a: The Gun Show|76\/100|[from] Stealth Rock\n|-enditem|p1a: The Gun Show|Electric Seed\n|-boost|p1a: The Gun Show|def|1|[from] item: Electric Seed\n|move|p2a: Heatran|Magma Storm|p1a: The Gun Show\n|-resisted|p1a: The Gun Show\n|-damage|p1a: The Gun Show|59\/100\n|-activate|p1a: The Gun Show|move: Magma Storm|[of] p2a: Heatran\n|\n|-damage|p1a: The Gun Show|47\/100|[from] move: Magma Storm|[partiallytrapped]\n|upkeep\n|turn|16\n|\n|t:|1698972913\n|move|p2a: Heatran|Earth Power|p1a: The Gun Show\n|-supereffective|p1a: The Gun Show\n|-damage|p1a: The Gun Show|9\/100\n|move|p1a: The Gun Show|Armor Cannon|p2a: Heatran\n|-start|p2a: Heatran|ability: Flash Fire\n|\n|-damage|p1a: The Gun Show|0 fnt|[from] move: Magma Storm|[partiallytrapped]\n|faint|p1a: The Gun Show\n|-fieldend|move: Electric Terrain\n|upkeep\n|c|\u2606cunningjams|ughhhh\n|c|\u2606cunningjams|derp\n|\n|t:|1698972948\n|switch|p1a: David Byrne|Tapu Koko|88\/100\n|-damage|p1a: David Byrne|76\/100|[from] Stealth Rock\n|-fieldstart|move: Electric Terrain|[from] ability: Electric Surge|[of] p1a: David Byrne\n|turn|17\n|\n|t:|1698972967\n|move|p1a: David Byrne|Wild Charge|p2a: Heatran\n|-damage|p2a: Heatran|18\/100\n|-damage|p1a: David Byrne|52\/100|[from] Recoil\n|move|p2a: Heatran|Earth Power|p1a: David Byrne\n|-supereffective|p1a: David Byrne\n|-damage|p1a: David Byrne|3\/100\n|\n|-heal|p2a: Heatran|24\/100|[from] item: Leftovers\n|upkeep\n|turn|18\n|\n|t:|1698972979\n|move|p1a: David Byrne|Wild Charge|p2a: Heatran\n|-damage|p2a: Heatran|0 fnt\n|faint|p2a: Heatran\n|-damage|p1a: David Byrne|0 fnt|[from] Recoil\n|faint|p1a: David Byrne\n|\n|upkeep\n|\n|t:|1698973030\n|switch|p1a: Grimmsnarl|Grimmsnarl, M|88\/100\n|switch|p2a: Slowbro|Slowbro, M|95\/100\n|-damage|p1a: Grimmsnarl|76\/100|[from] Stealth Rock\n|turn|19\n|\n|t:|1698973044\n|move|p1a: Grimmsnarl|Taunt|p2a: Slowbro\n|-start|p2a: Slowbro|move: Taunt\n|move|p2a: Slowbro|Scald|p1a: Grimmsnarl\n|-damage|p1a: Grimmsnarl|65\/100\n|\n|upkeep\n|turn|20\n|\n|t:|1698973061\n|move|p1a: Grimmsnarl|Play Rough|p2a: Slowbro\n|-damage|p2a: Slowbro|73\/100\n|move|p2a: Slowbro|Scald|p1a: Grimmsnarl\n|-damage|p1a: Grimmsnarl|55\/100\n|\n|upkeep\n|turn|21\n|\n|t:|1698973073\n|move|p1a: Grimmsnarl|Play Rough|p2a: Slowbro\n|-damage|p2a: Slowbro|50\/100\n|move|p2a: Slowbro|Scald|p1a: Grimmsnarl\n|-damage|p1a: Grimmsnarl|43\/100\n|\n|-end|p2a: Slowbro|move: Taunt\n|-sideend|p1: cunningjams|move: Light Screen\n|-fieldend|move: Electric Terrain\n|upkeep\n|turn|22\n|\n|t:|1698973084\n|move|p1a: Grimmsnarl|Light Screen|p1a: Grimmsnarl\n|-sidestart|p1: cunningjams|move: Light Screen\n|move|p2a: Slowbro|Slack Off|p2a: Slowbro\n|-heal|p2a: Slowbro|99\/100\n|\n|upkeep\n|turn|23\n|\n|t:|1698973089\n|move|p1a: Grimmsnarl|Reflect|p1a: Grimmsnarl\n|-sidestart|p1: cunningjams|Reflect\n|move|p2a: Slowbro|Scald|p1a: Grimmsnarl\n|-damage|p1a: Grimmsnarl|32\/100\n|-status|p1a: Grimmsnarl|brn\n|\n|-damage|p1a: Grimmsnarl|26\/100 brn|[from] brn\n|upkeep\n|turn|24\n|\n|t:|1698973098\n|move|p1a: Grimmsnarl|Taunt|p2a: Slowbro\n|-start|p2a: Slowbro|move: Taunt\n|move|p2a: Slowbro|Scald|p1a: Grimmsnarl\n|-damage|p1a: Grimmsnarl|16\/100 brn\n|\n|-damage|p1a: Grimmsnarl|10\/100 brn|[from] brn\n|upkeep\n|turn|25\n|\n|t:|1698973112\n|move|p1a: Grimmsnarl|Play Rough|p2a: Slowbro\n|-damage|p2a: Slowbro|89\/100\n|move|p2a: Slowbro|Future Sight|p1a: Grimmsnarl\n|-start|p2a: Slowbro|move: Future Sight\n|\n|-damage|p1a: Grimmsnarl|4\/100 brn|[from] brn\n|upkeep\n|turn|26\n|\n|t:|1698973124\n|move|p1a: Grimmsnarl|Play Rough|p2a: Slowbro\n|-damage|p2a: Slowbro|78\/100\n|move|p2a: Slowbro|Scald|p1a: Grimmsnarl\n|-damage|p1a: Grimmsnarl|0 fnt\n|faint|p1a: Grimmsnarl\n|\n|-end|p2a: Slowbro|move: Taunt\n|upkeep\n|\n|t:|1698973132\n|switch|p1a: Eddie Gordo|Quaquaval, M, shiny|94\/100\n|-damage|p1a: Eddie Gordo|88\/100|[from] Stealth Rock\n|turn|27\n|c|\u2606cunningjams|gg!\n|\n|t:|1698973165\n|move|p1a: Eddie Gordo|Wave Crash|p2a: Slowbro\n|-resisted|p2a: Slowbro\n|-damage|p2a: Slowbro|60\/100\n|-damage|p1a: Eddie Gordo|82\/100|[from] Recoil\n|move|p2a: Slowbro|Scald|p1a: Eddie Gordo\n|-resisted|p1a: Eddie Gordo\n|-crit|p1a: Eddie Gordo\n|-damage|p1a: Eddie Gordo|56\/100\n|\n|-end|p1a: Eddie Gordo|move: Future Sight\n|-supereffective|p1a: Eddie Gordo\n|-damage|p1a: Eddie Gordo|5\/100\n|upkeep\n|turn|28\n|\n|t:|1698973181\n|move|p1a: Eddie Gordo|Wave Crash|p2a: Slowbro\n|-resisted|p2a: Slowbro\n|-damage|p2a: Slowbro|41\/100\n|-damage|p1a: Eddie Gordo|0 fnt|[from] Recoil\n|faint|p1a: Eddie Gordo\n|\n|win|TheCharityGamerCar\n|c|\u2606TheCharityGamerCar|Gg sorry about being flaky man. That's for your patience, I really appreciate it\n|c|\u2606cunningjams|np! gl in the rest of your matches\n","uploadtime":1698973215,"views":22,"p1id":"cunningjams","p2id":"thecharitygamercar","formatid":"gen9nationaldexubers","rating":0,"private":0,"password":""}