{"id":"gen9nationaldexubers-1992495955","p1":"gabe5066","p2":"matt_dizel","format":"[Gen 9] National Dex Ubers","log":"|j|\u2606gabe5066\n|j|\u2606matt_dizel\n|t:|1700194988\n|gametype|singles\n|player|p1|gabe5066|266|\n|player|p2|matt_dizel|266|\n|teamsize|p1|6\n|teamsize|p2|6\n|gen|9\n|tier|[Gen 9] National Dex Ubers\n|rule|HP Percentage Mod: HP is shown in percentages\n|rule|Endless Battle Clause: Forcing endless battles is banned\n|rule|OHKO Clause: OHKO moves are banned\n|rule|Evasion Moves Clause: Evasion moves are banned\n|rule|Evasion Items Clause: Evasion items are banned\n|rule|Species Clause: Limit one of each Pok\u00e9mon\n|rule|Sleep Clause Mod: Limit one foe put to sleep\n|rule|Mega Rayquaza Clause: You cannot mega evolve Rayquaza\n|clearpoke\n|poke|p1|Torterra, F|\n|poke|p1|Tapu Lele|\n|poke|p1|Primarina, F|\n|poke|p1|Zeraora|\n|poke|p1|Munkidori, M|\n|poke|p1|Krookodile, F|\n|poke|p2|Latios, M|\n|poke|p2|Landorus-Therian, M|\n|poke|p2|Hoopa-Unbound|\n|poke|p2|Tapu Fini|\n|poke|p2|Iron Hands|\n|poke|p2|Rotom-Wash|\n|teampreview\n|j| Chicago Cinderaces\n|\n|t:|1700195007\n|start\n|switch|p1a: Torterra|Torterra, F|100\/100\n|switch|p2a: Rotom|Rotom-Wash, shiny|100\/100\n|turn|1\n|\n|t:|1700195017\n|move|p2a: Rotom|Will-O-Wisp|p1a: Torterra|[miss]\n|-miss|p2a: Rotom|p1a: Torterra\n|move|p1a: Torterra|Shell Smash|p1a: Torterra\n|-unboost|p1a: Torterra|def|1\n|-unboost|p1a: Torterra|spd|1\n|-boost|p1a: Torterra|atk|2\n|-boost|p1a: Torterra|spa|2\n|-boost|p1a: Torterra|spe|2\n|-enditem|p1a: Torterra|White Herb\n|-clearnegativeboost|p1a: Torterra|[silent]\n|\n|upkeep\n|turn|2\n|\n|t:|1700195026\n|move|p1a: Torterra|Seed Bomb|p2a: Rotom\n|-supereffective|p2a: Rotom\n|-damage|p2a: Rotom|0 fnt\n|faint|p2a: Rotom\n|\n|upkeep\n|\n|t:|1700195033\n|switch|p2a: Landorus|Landorus-Therian, M, shiny|100\/100\n|-ability|p2a: Landorus|Intimidate|boost\n|-unboost|p1a: Torterra|atk|1\n|turn|3\n|\n|t:|1700195041\n|move|p2a: Landorus|U-turn|p1a: Torterra\n|-supereffective|p1a: Torterra\n|-damage|p1a: Torterra|44\/100\n|\n|t:|1700195049\n|switch|p2a: Iron Hands|Iron Hands, shiny|100\/100|[from] U-turn\n|move|p1a: Torterra|Stone Edge|p2a: Iron Hands\n|-resisted|p2a: Iron Hands\n|-damage|p2a: Iron Hands|84\/100\n|\n|upkeep\n|turn|4\n|\n|t:|1700195103\n|switch|p1a: Tapu Lele|Tapu Lele|100\/100\n|-fieldstart|move: Psychic Terrain|[from] ability: Psychic Surge|[of] p1a: Tapu Lele\n|-end|p2a: Iron Hands|Quark Drive|[silent]\n|switch|p2a: Landorus|Landorus-Therian, M, shiny|100\/100\n|-ability|p2a: Landorus|Intimidate|boost\n|-unboost|p1a: Tapu Lele|atk|1\n|\n|upkeep\n|turn|5\n|\n|t:|1700195118\n|switch|p1a: Primarina|Primarina, F|100\/100\n|move|p2a: Landorus|U-turn|p1a: Primarina\n|-resisted|p1a: Primarina\n|-damage|p1a: Primarina|84\/100\n|\n|t:|1700195127\n|switch|p2a: Iron Hands|Iron Hands, shiny|84\/100|[from] U-turn\n|\n|-heal|p1a: Primarina|90\/100|[from] item: Leftovers\n|upkeep\n|turn|6\n|\n|t:|1700195143\n|move|p1a: Primarina|Draining Kiss|p2a: Iron Hands\n|-supereffective|p2a: Iron Hands\n|-damage|p2a: Iron Hands|49\/100\n|-heal|p1a: Primarina|100\/100|[from] drain|[of] p2a: Iron Hands\n|move|p2a: Iron Hands|Ice Punch|p1a: Primarina\n|-resisted|p1a: Primarina\n|-damage|p1a: Primarina|82\/100\n|\n|-heal|p1a: Primarina|88\/100|[from] item: Leftovers\n|upkeep\n|turn|7\n|\n|t:|1700195151\n|move|p1a: Primarina|Draining Kiss|p2a: Iron Hands\n|-supereffective|p2a: Iron Hands\n|-damage|p2a: Iron Hands|15\/100\n|-heal|p1a: Primarina|100\/100|[from] drain|[of] p2a: Iron Hands\n|move|p2a: Iron Hands|Wild Charge|p1a: Primarina\n|-supereffective|p1a: Primarina\n|-damage|p1a: Primarina|0 fnt\n|faint|p1a: Primarina\n|-damage|p2a: Iron Hands|0 fnt|[from] Recoil\n|faint|p2a: Iron Hands\n|-end|p2a: Iron Hands|Quark Drive|[silent]\n|\n|upkeep\n|\n|t:|1700195178\n|switch|p1a: Torterra|Torterra, F|44\/100\n|switch|p2a: Landorus|Landorus-Therian, M, shiny|100\/100\n|-ability|p2a: Landorus|Intimidate|boost\n|-unboost|p1a: Torterra|atk|1\n|turn|8\n|\n|t:|1700195184\n|move|p2a: Landorus|U-turn|p1a: Torterra\n|-supereffective|p1a: Torterra\n|-damage|p1a: Torterra|0 fnt\n|faint|p1a: Torterra\n|\n|t:|1700195189\n|switch|p2a: Hoopa|Hoopa-Unbound|100\/100|[from] U-turn\n|\n|-fieldend|move: Psychic Terrain\n|upkeep\n|\n|t:|1700195196\n|switch|p1a: Munkidori|Munkidori, M|100\/100\n|turn|9\n|c|\u2606matt_dizel|!weaknesses munkidori\n|c| matt_dizel|\/raw <div class=\"infobox\">Munkidori (ignoring abilities):<br \/><span class=\"message-effect-weak\">Weaknesses<\/span>: Dark, Ghost, Ground<br \/><span class=\"message-effect-resist\">Resistances<\/span>: Fairy, <b>Fighting<\/b>, Grass, Poison<br \/><span class=\"message-effect-immune\">Immunities<\/span>: Toxic<\/div>\n|\n|t:|1700195228\n|move|p1a: Munkidori|Shadow Ball|p2a: Hoopa\n|-damage|p2a: Hoopa|77\/100\n|move|p2a: Hoopa|Dark Pulse|p1a: Munkidori\n|-supereffective|p1a: Munkidori\n|-damage|p1a: Munkidori|0 fnt\n|faint|p1a: Munkidori\n|-damage|p2a: Hoopa|67\/100|[from] item: Life Orb\n|\n|upkeep\n|\n|t:|1700195251\n|switch|p1a: Krookodile|Krookodile, F|100\/100\n|turn|10\n|\n|t:|1700195265\n|switch|p2a: Tapu Fini|Tapu Fini, shiny|100\/100\n|-fieldstart|move: Misty Terrain|[from] ability: Misty Surge|[of] p2a: Tapu Fini\n|move|p1a: Krookodile|Darkest Lariat|p2a: Tapu Fini\n|-resisted|p2a: Tapu Fini\n|-damage|p2a: Tapu Fini|78\/100\n|\n|-heal|p2a: Tapu Fini|84\/100|[from] item: Leftovers\n|upkeep\n|turn|11\n|\n|t:|1700195279\n|switch|p1a: Zeraora|Zeraora|100\/100\n|move|p2a: Tapu Fini|Scald|p1a: Zeraora\n|-damage|p1a: Zeraora|59\/100\n|\n|-heal|p2a: Tapu Fini|90\/100|[from] item: Leftovers\n|upkeep\n|turn|12\n|\n|t:|1700195294\n|switch|p2a: Landorus|Landorus-Therian, M, shiny|100\/100\n|-ability|p2a: Landorus|Intimidate|boost\n|-unboost|p1a: Zeraora|atk|1\n|move|p1a: Zeraora|Plasma Fists|p2a: Landorus\n|-immune|p2a: Landorus\n|\n|upkeep\n|turn|13\n|\n|t:|1700195340\n|switch|p1a: Krookodile|Krookodile, F|100\/100\n|move|p2a: Landorus|Earthquake|p1a: Krookodile\n|-damage|p1a: Krookodile|33\/100\n|\n|upkeep\n|turn|14\n|\n|t:|1700195357\n|move|p2a: Landorus|Earthquake|p1a: Krookodile\n|-crit|p1a: Krookodile\n|-damage|p1a: Krookodile|0 fnt\n|faint|p1a: Krookodile\n|\n|-fieldend|Misty Terrain\n|upkeep\n|\n|t:|1700195362\n|switch|p1a: Tapu Lele|Tapu Lele|100\/100\n|-fieldstart|move: Psychic Terrain|[from] ability: Psychic Surge|[of] p1a: Tapu Lele\n|turn|15\n|c|\u2606matt_dizel|!weaknesses tapu lele\n|c| matt_dizel|\/raw <div class=\"infobox\">Tapu Lele (ignoring abilities):<br \/><span class=\"message-effect-weak\">Weaknesses<\/span>: Ghost, Poison, Steel<br \/><span class=\"message-effect-resist\">Resistances<\/span>: <b>Fighting<\/b>, Psychic<br \/><span class=\"message-effect-immune\">Immunities<\/span>: Dragon<\/div>\n|\n|t:|1700195408\n|switch|p2a: Tapu Fini|Tapu Fini, shiny|90\/100\n|-fieldstart|move: Misty Terrain|[from] ability: Misty Surge|[of] p2a: Tapu Fini\n|move|p1a: Tapu Lele|Psychic|p2a: Tapu Fini\n|-damage|p2a: Tapu Fini|40\/100\n|\n|-heal|p2a: Tapu Fini|46\/100|[from] item: Leftovers\n|upkeep\n|turn|16\n|\n|t:|1700195428\n|move|p1a: Tapu Lele|Psychic|p2a: Tapu Fini\n|-damage|p2a: Tapu Fini|0 fnt\n|faint|p2a: Tapu Fini\n|\n|upkeep\n|\n|t:|1700195438\n|switch|p2a: Latios|Latios, M, shiny|100\/100\n|turn|17\n|\n|t:|1700195446\n|detailschange|p2a: Latios|Latios-Mega, M, shiny\n|-mega|p2a: Latios|Latios|Latiosite\n|move|p1a: Tapu Lele|Psychic|p2a: Latios\n|-resisted|p2a: Latios\n|-damage|p2a: Latios|76\/100\n|move|p2a: Latios|Shadow Ball|p1a: Tapu Lele\n|-supereffective|p1a: Tapu Lele\n|-crit|p1a: Tapu Lele\n|-damage|p1a: Tapu Lele|2\/100\n|\n|upkeep\n|turn|18\n|\n|t:|1700195456\n|switch|p1a: Zeraora|Zeraora|59\/100\n|move|p2a: Latios|Shadow Ball|p1a: Zeraora\n|-damage|p1a: Zeraora|17\/100\n|\n|upkeep\n|turn|19\n|\n|t:|1700195469\n|move|p1a: Zeraora|Knock Off|p2a: Latios\n|-supereffective|p2a: Latios\n|-damage|p2a: Latios|0 fnt\n|faint|p2a: Latios\n|\n|-fieldend|Misty Terrain\n|upkeep\n|\n|t:|1700195471\n|switch|p2a: Hoopa|Hoopa-Unbound|67\/100\n|turn|20\n|\n|t:|1700195486\n|move|p1a: Zeraora|Knock Off|p2a: Hoopa\n|-damage|p2a: Hoopa|0 fnt\n|-enditem|p2a: Hoopa|Life Orb|[from] move: Knock Off|[of] p1a: Zeraora\n|faint|p2a: Hoopa\n|\n|upkeep\n|\n|t:|1700195488\n|switch|p2a: Landorus|Landorus-Therian, M, shiny|100\/100\n|-ability|p2a: Landorus|Intimidate|boost\n|-unboost|p1a: Zeraora|atk|1\n|turn|21\n|\n|t:|1700195495\n|move|p2a: Landorus|Earthquake|p1a: Zeraora\n|-supereffective|p1a: Zeraora\n|-damage|p1a: Zeraora|0 fnt\n|faint|p1a: Zeraora\n|\n|upkeep\n|\n|t:|1700195499\n|switch|p1a: Tapu Lele|Tapu Lele|2\/100\n|-fieldstart|move: Psychic Terrain|[from] ability: Psychic Surge|[of] p1a: Tapu Lele\n|turn|22\n|\n|t:|1700195506\n|move|p1a: Tapu Lele|Psychic|p2a: Landorus\n|-damage|p2a: Landorus|16\/100\n|move|p2a: Landorus|Earthquake|p1a: Tapu Lele\n|-damage|p1a: Tapu Lele|0 fnt\n|faint|p1a: Tapu Lele\n|\n|win|matt_dizel\n|l|\u2606matt_dizel\n","uploadtime":1700195520,"views":25,"p1id":"gabe5066","p2id":"mattdizel","formatid":"gen9nationaldexubers","rating":0,"private":0,"password":""}