{"id":"gen9nationaldexubers-1995168941","p1":"Rayqueerza32","p2":"GrundleGrimace","format":"[Gen 9] National Dex Ubers","log":"|j|\u2606Rayqueerza32\n|j|\u2606GrundleGrimace\n|t:|1700530298\n|gametype|singles\n|player|p1|Rayqueerza32|palmer|\n|player|p2|GrundleGrimace|zinzolin|\n|teamsize|p1|6\n|teamsize|p2|6\n|gen|9\n|tier|[Gen 9] National Dex Ubers\n|rule|HP Percentage Mod: HP is shown in percentages\n|rule|Endless Battle Clause: Forcing endless battles is banned\n|rule|OHKO Clause: OHKO moves are banned\n|rule|Evasion Moves Clause: Evasion moves are banned\n|rule|Evasion Items Clause: Evasion items are banned\n|rule|Species Clause: Limit one of each Pok\u00e9mon\n|rule|Sleep Clause Mod: Limit one foe put to sleep\n|rule|Mega Rayquaza Clause: You cannot mega evolve Rayquaza\n|clearpoke\n|poke|p1|Scizor, F|\n|poke|p1|Landorus-Therian, M|\n|poke|p1|Greninja-*, F|\n|poke|p1|Corviknight, M|\n|poke|p1|Blissey, F|\n|poke|p1|Conkeldurr, F|\n|poke|p2|Groudon|\n|poke|p2|Zygarde|\n|poke|p2|Clodsire, F|\n|poke|p2|Great Tusk|\n|poke|p2|Landorus, M|\n|poke|p2|Mamoswine, F|\n|teampreview\n|inactive|Battle timer is ON: inactive players will automatically lose when time's up. (requested by Rayqueerza32)\n|c|\u2606GrundleGrimace|glhf\n|\n|t:|1700530326\n|start\n|switch|p1a: Fat Fuck Friday|Blissey, F|100\/100\n|switch|p2a: Groudon|Groudon|100\/100\n|detailschange|p2a: Groudon|Groudon-Primal\n|-primal|p2a: Groudon|Red Orb\n|-weather|DesolateLand|[from] ability: Desolate Land|[of] p2a: Groudon\n|turn|1\n|\n|t:|1700530339\n|switch|p1a: UUBL|Landorus-Therian, M|100\/100\n|-ability|p1a: UUBL|Intimidate|boost\n|-unboost|p2a: Groudon|atk|1\n|move|p2a: Groudon|Swords Dance|p2a: Groudon\n|-boost|p2a: Groudon|atk|2\n|\n|-weather|DesolateLand|[upkeep]\n|upkeep\n|turn|2\n|\n|t:|1700530354\n|-weather|none\n|switch|p2a: Great Tusk|Great Tusk|100\/100\n|move|p1a: UUBL|Earthquake|p2a: Great Tusk\n|-damage|p2a: Great Tusk|73\/100\n|\n|-heal|p2a: Great Tusk|79\/100|[from] item: Leftovers\n|upkeep\n|turn|3\n|\n|t:|1700530360\n|switch|p1a: Honkeldurr|Conkeldurr, F|100\/100\n|move|p2a: Great Tusk|Knock Off|p1a: Honkeldurr\n|-resisted|p1a: Honkeldurr\n|-damage|p1a: Honkeldurr|89\/100\n|-enditem|p1a: Honkeldurr|Flame Orb|[from] move: Knock Off|[of] p2a: Great Tusk\n|\n|-heal|p2a: Great Tusk|85\/100|[from] item: Leftovers\n|upkeep\n|turn|4\n|\n|t:|1700530374\n|move|p2a: Great Tusk|Stealth Rock|p1a: Honkeldurr\n|-sidestart|p1: Rayqueerza32|move: Stealth Rock\n|move|p1a: Honkeldurr|Knock Off|p2a: Great Tusk\n|-resisted|p2a: Great Tusk\n|-damage|p2a: Great Tusk|77\/100\n|-enditem|p2a: Great Tusk|Leftovers|[from] move: Knock Off|[of] p1a: Honkeldurr\n|\n|upkeep\n|turn|5\n|\n|t:|1700530385\n|switch|p1a: Tinkatrouble|Corviknight, M, shiny|100\/100\n|-damage|p1a: Tinkatrouble|88\/100|[from] Stealth Rock\n|-ability|p1a: Tinkatrouble|Pressure\n|move|p2a: Great Tusk|Earthquake|p1a: Tinkatrouble\n|-immune|p1a: Tinkatrouble\n|\n|-heal|p1a: Tinkatrouble|94\/100|[from] item: Leftovers\n|upkeep\n|turn|6\n|\n|t:|1700530392\n|-end|p2a: Great Tusk|Protosynthesis|[silent]\n|switch|p2a: Zygarde|Zygarde|100\/100\n|move|p1a: Tinkatrouble|Brave Bird|p2a: Zygarde\n|-damage|p2a: Zygarde|75\/100\n|-damage|p1a: Tinkatrouble|86\/100|[from] Recoil\n|\n|-heal|p2a: Zygarde|81\/100|[from] item: Leftovers\n|-heal|p1a: Tinkatrouble|92\/100|[from] item: Leftovers\n|upkeep\n|turn|7\n|\n|t:|1700530398\n|move|p2a: Zygarde|Thousand Arrows|p1a: Tinkatrouble\n|-damage|p1a: Tinkatrouble|69\/100\n|-start|p1a: Tinkatrouble|Smack Down\n|move|p1a: Tinkatrouble|U-turn|p2a: Zygarde\n|-damage|p2a: Zygarde|71\/100\n|\n|t:|1700530403\n|switch|p1a: Amphinobi|Greninja, F|100\/100|[from] U-turn\n|-damage|p1a: Amphinobi|88\/100|[from] Stealth Rock\n|\n|-heal|p2a: Zygarde|77\/100|[from] item: Leftovers\n|upkeep\n|turn|8\n|\n|t:|1700530415\n|switch|p2a: Groudon|Groudon-Primal|100\/100\n|-weather|DesolateLand|[from] ability: Desolate Land|[of] p2a: Groudon\n|move|p1a: Amphinobi|Scald||[still]\n|-fail|p1a: Amphinobi|Scald|[from] Desolate Land\n|\n|-weather|DesolateLand|[upkeep]\n|upkeep\n|turn|9\n|\n|t:|1700530421\n|switch|p1a: Honkeldurr|Conkeldurr, F|89\/100\n|-damage|p1a: Honkeldurr|83\/100|[from] Stealth Rock\n|move|p2a: Groudon|Lava Plume|p1a: Honkeldurr\n|-damage|p1a: Honkeldurr|6\/100\n|\n|-weather|DesolateLand|[upkeep]\n|upkeep\n|turn|10\n|\n|t:|1700530430\n|move|p1a: Honkeldurr|Mach Punch|p2a: Groudon\n|-damage|p2a: Groudon|83\/100\n|move|p2a: Groudon|Lava Plume|p1a: Honkeldurr\n|-damage|p1a: Honkeldurr|0 fnt\n|faint|p1a: Honkeldurr\n|\n|-weather|DesolateLand|[upkeep]\n|upkeep\n|\n|t:|1700530436\n|switch|p1a: UUBL|Landorus-Therian, M|100\/100\n|-damage|p1a: UUBL|88\/100|[from] Stealth Rock\n|-ability|p1a: UUBL|Intimidate|boost\n|-unboost|p2a: Groudon|atk|1\n|turn|11\n|\n|t:|1700530442\n|-weather|none\n|switch|p2a: Great Tusk|Great Tusk|77\/100\n|move|p1a: UUBL|Swords Dance|p1a: UUBL\n|-boost|p1a: UUBL|atk|2\n|\n|upkeep\n|turn|12\n|\n|t:|1700530454\n|move|p1a: UUBL|Earthquake|p2a: Great Tusk\n|-crit|p2a: Great Tusk\n|-damage|p2a: Great Tusk|2\/100\n|move|p2a: Great Tusk|Knock Off|p1a: UUBL\n|-damage|p1a: UUBL|67\/100\n|\n|upkeep\n|turn|13\n|\n|t:|1700530461\n|move|p1a: UUBL|Earthquake|p2a: Great Tusk\n|-damage|p2a: Great Tusk|0 fnt\n|faint|p2a: Great Tusk\n|-end|p2a: Great Tusk|Protosynthesis|[silent]\n|\n|upkeep\n|\n|t:|1700530463\n|switch|p2a: Mamoswine|Mamoswine, F|100\/100\n|turn|14\n|\n|t:|1700530467\n|switch|p1a: Faberge|Scizor, F|100\/100\n|-damage|p1a: Faberge|88\/100|[from] Stealth Rock\n|move|p2a: Mamoswine|Ice Shard|p1a: Faberge\n|-resisted|p1a: Faberge\n|-damage|p1a: Faberge|76\/100\n|\n|upkeep\n|turn|15\n|\n|t:|1700530485\n|switch|p2a: Groudon|Groudon-Primal|83\/100\n|-weather|DesolateLand|[from] ability: Desolate Land|[of] p2a: Groudon\n|detailschange|p1a: Faberge|Scizor-Mega, F\n|-mega|p1a: Faberge|Scizor|Scizorite\n|move|p1a: Faberge|Roost|p1a: Faberge\n|-heal|p1a: Faberge|100\/100\n|-singleturn|p1a: Faberge|move: Roost\n|\n|-weather|DesolateLand|[upkeep]\n|upkeep\n|turn|16\n|\n|t:|1700530505\n|move|p2a: Groudon|Lava Plume|p1a: Faberge\n|-supereffective|p1a: Faberge\n|-damage|p1a: Faberge|0 fnt\n|faint|p1a: Faberge\n|\n|-weather|DesolateLand|[upkeep]\n|upkeep\n|\n|t:|1700530508\n|switch|p1a: UUBL|Landorus-Therian, M|67\/100\n|-damage|p1a: UUBL|55\/100|[from] Stealth Rock\n|-ability|p1a: UUBL|Intimidate|boost\n|-unboost|p2a: Groudon|atk|1\n|turn|17\n|\n|t:|1700530514\n|-weather|none\n|switch|p2a: Landorus|Landorus, M|100\/100\n|move|p1a: UUBL|Earthquake|p2a: Landorus\n|-immune|p2a: Landorus\n|\n|upkeep\n|turn|18\n|\n|t:|1700530523\n|move|p2a: Landorus|Rock Slide|p1a: UUBL\n|-damage|p1a: UUBL|16\/100\n|-zpower|p1a: UUBL\n|move|p1a: UUBL|Continental Crush|p2a: Landorus|[zeffect]\n|-damage|p2a: Landorus|22\/100\n|\n|upkeep\n|turn|19\n|\n|t:|1700530534\n|switch|p1a: Tinkatrouble|Corviknight, M, shiny|69\/100\n|-damage|p1a: Tinkatrouble|57\/100|[from] Stealth Rock\n|-ability|p1a: Tinkatrouble|Pressure\n|move|p2a: Landorus|Rock Slide|p1a: Tinkatrouble\n|-damage|p1a: Tinkatrouble|35\/100\n|\n|-heal|p1a: Tinkatrouble|41\/100|[from] item: Leftovers\n|upkeep\n|turn|20\n|\n|t:|1700530541\n|move|p2a: Landorus|Focus Blast|p1a: Tinkatrouble|[miss]\n|-miss|p2a: Landorus|p1a: Tinkatrouble\n|move|p1a: Tinkatrouble|Roost|p1a: Tinkatrouble\n|-heal|p1a: Tinkatrouble|91\/100\n|-singleturn|p1a: Tinkatrouble|move: Roost\n|\n|-heal|p1a: Tinkatrouble|97\/100|[from] item: Leftovers\n|upkeep\n|turn|21\n|\n|t:|1700530544\n|move|p2a: Landorus|Focus Blast|p1a: Tinkatrouble\n|-damage|p1a: Tinkatrouble|38\/100\n|move|p1a: Tinkatrouble|Defog|p2a: Landorus\n|-unboost|p2a: Landorus|evasion|1\n|-sideend|p1: Rayqueerza32|Stealth Rock|[from] move: Defog|[of] p1a: Tinkatrouble\n|\n|-heal|p1a: Tinkatrouble|44\/100|[from] item: Leftovers\n|upkeep\n|turn|22\n|\n|t:|1700530552\n|move|p2a: Landorus|Focus Blast|p1a: Tinkatrouble\n|-damage|p1a: Tinkatrouble|0 fnt\n|faint|p1a: Tinkatrouble\n|\n|upkeep\n|\n|t:|1700530554\n|switch|p1a: Amphinobi|Greninja, F|88\/100\n|turn|23\n|\n|t:|1700530561\n|switch|p2a: Groudon|Groudon-Primal|83\/100\n|-weather|DesolateLand|[from] ability: Desolate Land|[of] p2a: Groudon\n|move|p1a: Amphinobi|Scald||[still]\n|-fail|p1a: Amphinobi|Scald|[from] Desolate Land\n|\n|-weather|DesolateLand|[upkeep]\n|upkeep\n|turn|24\n|\n|t:|1700530570\n|switch|p1a: Fat Fuck Friday|Blissey, F|100\/100\n|move|p2a: Groudon|Swords Dance|p2a: Groudon\n|-boost|p2a: Groudon|atk|2\n|\n|-weather|DesolateLand|[upkeep]\n|upkeep\n|turn|25\n|c|\u2606Rayqueerza32|you have gotten the read right every single time\n|\n|t:|1700530579\n|move|p2a: Groudon|Precipice Blades|p1a: Fat Fuck Friday\n|-damage|p1a: Fat Fuck Friday|0 fnt\n|faint|p1a: Fat Fuck Friday\n|\n|-weather|DesolateLand|[upkeep]\n|upkeep\n|\n|t:|1700530581\n|switch|p1a: UUBL|Landorus-Therian, M|16\/100\n|-ability|p1a: UUBL|Intimidate|boost\n|-unboost|p2a: Groudon|atk|1\n|turn|26\n|\n|t:|1700530585\n|-weather|none\n|switch|p2a: Landorus|Landorus, M|22\/100\n|move|p1a: UUBL|Earthquake|p2a: Landorus\n|-immune|p2a: Landorus\n|\n|upkeep\n|turn|27\n|\n|t:|1700530589\n|move|p2a: Landorus|Rock Slide|p1a: UUBL\n|-damage|p1a: UUBL|0 fnt\n|faint|p1a: UUBL\n|\n|upkeep\n|\n|t:|1700530591\n|switch|p1a: Amphinobi|Greninja, F|88\/100\n|turn|28\n|c|\u2606GrundleGrimace|I like books\n|c|\u2606Rayqueerza32|same time tomorrow?\n|\n|t:|1700530608\n|move|p1a: Amphinobi|Ice Beam|p2a: Landorus\n|-start|p1a: Amphinobi|typechange|Ice|[from] ability: Protean\n|-supereffective|p2a: Landorus\n|-damage|p2a: Landorus|0 fnt\n|faint|p2a: Landorus\n|\n|upkeep\n|\n|t:|1700530612\n|switch|p2a: Mamoswine|Mamoswine, F|100\/100\n|turn|29\n|\n|t:|1700530617\n|move|p1a: Amphinobi|Ice Beam|p2a: Mamoswine\n|-damage|p2a: Mamoswine|77\/100\n|move|p2a: Mamoswine|Earthquake|p1a: Amphinobi\n|-damage|p1a: Amphinobi|0 fnt\n|faint|p1a: Amphinobi\n|\n|win|GrundleGrimace\n","uploadtime":1700530625,"views":18,"p1id":"rayqueerza32","p2id":"grundlegrimace","formatid":"gen9nationaldexubers","rating":0,"private":0,"password":""}