{"id":"gen9nationaldexubers-1983410369","p1":"Plush Candy","p2":"zukmarious","format":"[Gen 9] National Dex Ubers","log":"|j|\u2606Plush Candy\n|j|\u2606zukmarious\n|t:|1699127195\n|gametype|singles\n|player|p1|Plush Candy|blue-gen1two|1059\n|player|p2|zukmarious|unknown|1132\n|teamsize|p1|6\n|teamsize|p2|6\n|gen|9\n|tier|[Gen 9] National Dex Ubers\n|rated|\n|rule|HP Percentage Mod: HP is shown in percentages\n|rule|Endless Battle Clause: Forcing endless battles is banned\n|rule|OHKO Clause: OHKO moves are banned\n|rule|Evasion Moves Clause: Evasion moves are banned\n|rule|Evasion Items Clause: Evasion items are banned\n|rule|Species Clause: Limit one of each Pok\u00e9mon\n|rule|Sleep Clause Mod: Limit one foe put to sleep\n|rule|Mega Rayquaza Clause: You cannot mega evolve Rayquaza\n|clearpoke\n|poke|p1|Lycanroc-Midnight, F|\n|poke|p1|Bronzong|\n|poke|p1|Necrozma-Dawn-Wings|\n|poke|p1|Aurorus, F|\n|poke|p1|Hatterene, F|\n|poke|p1|Baxcalibur, M|\n|poke|p2|Kangaskhan, F|\n|poke|p2|Noivern, F|\n|poke|p2|Quaquaval, M|\n|poke|p2|Yanmega, F|\n|poke|p2|Mimikyu, M|\n|poke|p2|Gliscor, M|\n|teampreview\n|c|\u2606Plush Candy|Glhf\n|\n|t:|1699127211\n|start\n|switch|p1a: Hell Bell|Bronzong, shiny|100\/100\n|switch|p2a: Kangaskhan|Kangaskhan, F, shiny|100\/100\n|turn|1\n|\n|t:|1699127220\n|detailschange|p2a: Kangaskhan|Kangaskhan-Mega, F, shiny\n|-mega|p2a: Kangaskhan|Kangaskhan|Kangaskhanite\n|move|p2a: Kangaskhan|Power-Up Punch|p1a: Hell Bell\n|-damage|p1a: Hell Bell|90\/100\n|-boost|p2a: Kangaskhan|atk|1\n|-damage|p1a: Hell Bell|85\/100\n|-boost|p2a: Kangaskhan|atk|1\n|-hitcount|p1a: Hell Bell|2\n|move|p1a: Hell Bell|Trick Room|p1a: Hell Bell\n|-fieldstart|move: Trick Room|[of] p1a: Hell Bell\n|\n|upkeep\n|turn|2\n|c|\u2606Plush Candy|Haven't seen a Mega Kangaskhan in a long time\n|inactive|Battle timer is ON: inactive players will automatically lose when time's up. (requested by zukmarious)\n|\n|t:|1699127256\n|move|p1a: Hell Bell|Gyro Ball|p2a: Kangaskhan\n|-damage|p2a: Kangaskhan|55\/100\n|move|p2a: Kangaskhan|Power-Up Punch|p1a: Hell Bell\n|-damage|p1a: Hell Bell|65\/100\n|-boost|p2a: Kangaskhan|atk|1\n|-damage|p1a: Hell Bell|59\/100\n|-boost|p2a: Kangaskhan|atk|1\n|-hitcount|p1a: Hell Bell|2\n|\n|upkeep\n|turn|3\n|\n|t:|1699127267\n|move|p1a: Hell Bell|Gyro Ball|p2a: Kangaskhan\n|-damage|p2a: Kangaskhan|10\/100\n|move|p2a: Kangaskhan|Body Slam|p1a: Hell Bell\n|-resisted|p1a: Hell Bell\n|-damage|p1a: Hell Bell|9\/100\n|-resisted|p1a: Hell Bell\n|-damage|p1a: Hell Bell|0 fnt\n|faint|p1a: Hell Bell\n|-hitcount|p1: Hell Bell|2\n|\n|upkeep\n|\n|t:|1699127288\n|switch|p1a: aurora borealis|Aurorus, F, shiny|100\/100\n|-weather|Snow|[from] ability: Snow Warning|[of] p1a: aurora borealis\n|turn|4\n|\n|t:|1699127296\n|move|p1a: aurora borealis|Ancient Power|p2a: Kangaskhan\n|-damage|p2a: Kangaskhan|0 fnt\n|-boost|p1a: aurora borealis|atk|1\n|-boost|p1a: aurora borealis|def|1\n|-boost|p1a: aurora borealis|spa|1\n|-boost|p1a: aurora borealis|spd|1\n|-boost|p1a: aurora borealis|spe|1\n|faint|p2a: Kangaskhan\n|\n|-weather|Snow|[upkeep]\n|upkeep\n|\n|t:|1699127310\n|switch|p2a: Quaquaval|Quaquaval, M, shiny|100\/100\n|turn|5\n|c|\u2606Plush Candy|What\n|c|\u2606Plush Candy|What the fuck?\n|\n|t:|1699127322\n|-terastallize|p1a: aurora borealis|Flying\n|move|p1a: aurora borealis|Meteor Beam||[still]\n|-prepare|p1a: aurora borealis|Meteor Beam\n|-boost|p1a: aurora borealis|spa|1\n|-enditem|p1a: aurora borealis|Power Herb\n|-anim|p1a: aurora borealis|Meteor Beam|p2a: Quaquaval\n|-resisted|p2a: Quaquaval\n|-damage|p2a: Quaquaval|24\/100\n|move|p2a: Quaquaval|Aqua Step|p1a: aurora borealis\n|-damage|p1a: aurora borealis|79\/100\n|-boost|p2a: Quaquaval|spe|1\n|\n|-weather|Snow|[upkeep]\n|-heal|p2a: Quaquaval|30\/100|[from] item: Leftovers\n|-fieldend|move: Trick Room\n|upkeep\n|turn|6\n|\n|t:|1699127339\n|move|p2a: Quaquaval|Brave Bird|p1a: aurora borealis\n|-damage|p1a: aurora borealis|54\/100\n|-damage|p2a: Quaquaval|20\/100|[from] Recoil\n|move|p1a: aurora borealis|Blizzard|p2a: Quaquaval\n|-resisted|p2a: Quaquaval\n|-damage|p2a: Quaquaval|0 fnt\n|faint|p2a: Quaquaval\n|\n|-weather|Snow|[upkeep]\n|upkeep\n|\n|t:|1699127352\n|switch|p2a: Yanmega|Yanmega, F, shiny|100\/100\n|turn|7\n|\n|t:|1699127360\n|move|p2a: Yanmega|Protect|p2a: Yanmega\n|-singleturn|p2a: Yanmega|Protect\n|move|p1a: aurora borealis|Ancient Power|p2a: Yanmega\n|-activate|p2a: Yanmega|move: Protect\n|\n|-weather|Snow|[upkeep]\n|-ability|p2a: Yanmega|Speed Boost|boost\n|-boost|p2a: Yanmega|spe|1\n|upkeep\n|turn|8\n|\n|t:|1699127370\n|move|p2a: Yanmega|Ancient Power|p1a: aurora borealis\n|-supereffective|p1a: aurora borealis\n|-damage|p1a: aurora borealis|27\/100\n|move|p1a: aurora borealis|Ancient Power|p2a: Yanmega\n|-supereffective|p2a: Yanmega\n|-damage|p2a: Yanmega|0 fnt\n|faint|p2a: Yanmega\n|\n|-weather|none\n|upkeep\n|-message|zukmarious forfeited.\n|\n|win|Plush Candy\n|raw|Plush Candy's rating: 1059 &rarr; <strong>1097<\/strong><br \/>(+38 for winning)\n|raw|zukmarious's rating: 1132 &rarr; <strong>1102<\/strong><br \/>(-30 for losing)\n|l|\u2606zukmarious\n|c|\u2606Plush Candy|Gg\n","uploadtime":1699127388,"views":6,"p1id":"plushcandy","p2id":"zukmarious","formatid":"gen9nationaldexubers","rating":1097,"private":0,"password":""}