{"id":"gen9nationaldexubers-1995757852","p1":"Neosouls","p2":"Dielement","format":"[Gen 9] National Dex Ubers","log":"|j|\u2606Neosouls\n|j|\u2606Dielement\n|t:|1700600350\n|gametype|singles\n|player|p1|Neosouls|marlon|\n|player|p2|Dielement|iris-gen5bw2|\n|teamsize|p1|4\n|teamsize|p2|6\n|gen|9\n|tier|[Gen 9] National Dex Ubers\n|rule|HP Percentage Mod: HP is shown in percentages\n|rule|Endless Battle Clause: Forcing endless battles is banned\n|rule|OHKO Clause: OHKO moves are banned\n|rule|Evasion Moves Clause: Evasion moves are banned\n|rule|Evasion Items Clause: Evasion items are banned\n|rule|Species Clause: Limit one of each Pok\u00e9mon\n|rule|Sleep Clause Mod: Limit one foe put to sleep\n|rule|Mega Rayquaza Clause: You cannot mega evolve Rayquaza\n|clearpoke\n|poke|p1|Charmeleon, L38, M|\n|poke|p1|Annihilape, L38, M|\n|poke|p1|Lycanroc-Dusk, L38, F|\n|poke|p1|Gliscor, L38, M|\n|poke|p2|Tinkaton, L50, F|\n|poke|p2|Aggron, L50, M|\n|poke|p2|Zoroark-Hisui, L50, F|\n|poke|p2|Ceruledge, L50, F|\n|poke|p2|Corviknight, L50, F|\n|poke|p2|Mimikyu, L50, F|\n|teampreview\n|\n|t:|1700600380\n|start\n|switch|p1a: Khonshou|Gliscor, L38, M|100\/100\n|switch|p2a: Behemot|Aggron, L50, M|100\/100\n|turn|1\n|\n|t:|1700600393\n|move|p1a: Khonshou|Stealth Rock|p2a: Behemot\n|-sidestart|p2: Dielement|move: Stealth Rock\n|move|p2a: Behemot|Stealth Rock|p1a: Khonshou\n|-sidestart|p1: Neosouls|move: Stealth Rock\n|\n|upkeep\n|turn|2\n|\n|t:|1700600406\n|move|p1a: Khonshou|Night Slash|p2a: Behemot\n|-damage|p2a: Behemot|93\/100\n|-damage|p1a: Khonshou|84\/100|[from] item: Rocky Helmet|[of] p2a: Behemot\n|move|p2a: Behemot|Heavy Slam|p1a: Khonshou\n|-damage|p1a: Khonshou|6\/100\n|\n|upkeep\n|turn|3\n|\n|t:|1700600418\n|move|p1a: Khonshou|U-turn|p2a: Behemot\n|-resisted|p2a: Behemot\n|-damage|p2a: Behemot|89\/100\n|-damage|p1a: Khonshou|0 fnt|[from] item: Rocky Helmet|[of] p2a: Behemot\n|faint|p1a: Khonshou\n|move|p2a: Behemot|Ice Punch|p1: Khonshou|[notarget]\n|-fail|p2a: Behemot\n|\n|upkeep\n|\n|t:|1700600425\n|switch|p1a: Wilder|Annihilape, L38, M|100\/100\n|-damage|p1a: Wilder|95\/100|[from] Stealth Rock\n|turn|4\n|\n|t:|1700600436\n|move|p1a: Wilder|Cross Chop|p2a: Behemot\n|-supereffective|p2a: Behemot\n|-damage|p2a: Behemot|19\/100\n|-damage|p1a: Wilder|79\/100|[from] item: Rocky Helmet|[of] p2a: Behemot\n|move|p2a: Behemot|Earthquake|p1a: Wilder\n|-damage|p1a: Wilder|31\/100\n|\n|upkeep\n|turn|5\n|\n|t:|1700600460\n|switch|p2a: Safi'jiiva|Mimikyu, L50, F, shiny|100\/100\n|-damage|p2a: Safi'jiiva|88\/100|[from] Stealth Rock\n|move|p1a: Wilder|Assurance|p2a: Safi'jiiva\n|-activate|p2a: Safi'jiiva|ability: Disguise\n|-damage|p2a: Safi'jiiva|88\/100\n|detailschange|p2a: Safi'jiiva|Mimikyu-Busted, L50, F, shiny\n|-damage|p2a: Safi'jiiva|76\/100|[from] pokemon: Mimikyu-Busted\n|\n|upkeep\n|turn|6\n|\n|t:|1700600476\n|move|p2a: Safi'jiiva|Drain Punch|p1a: Wilder\n|-immune|p1a: Wilder\n|move|p1a: Wilder|Rage Fist|p2a: Safi'jiiva\n|-supereffective|p2a: Safi'jiiva\n|-damage|p2a: Safi'jiiva|0 fnt\n|faint|p2a: Safi'jiiva\n|\n|upkeep\n|\n|t:|1700600494\n|switch|p2a: Glavenus|Ceruledge, L50, F|100\/100\n|-damage|p2a: Glavenus|76\/100|[from] Stealth Rock\n|turn|7\n|\n|t:|1700600503\n|move|p2a: Glavenus|Bitter Blade|p1a: Wilder\n|-damage|p1a: Wilder|0 fnt\n|-heal|p2a: Glavenus|90\/100|[from] drain|[of] p1a: Wilder\n|faint|p1a: Wilder\n|\n|upkeep\n|\n|t:|1700600509\n|switch|p1a: Rex|Lycanroc-Dusk, L38, F|100\/100\n|-damage|p1a: Rex|88\/100|[from] Stealth Rock\n|turn|8\n|\n|t:|1700600522\n|move|p2a: Glavenus|Bitter Blade|p1a: Rex\n|-resisted|p1a: Rex\n|-damage|p1a: Rex|18\/100\n|-heal|p2a: Glavenus|100\/100|[from] drain|[of] p1a: Rex\n|move|p1a: Rex|Rock Slide|p2a: Glavenus\n|-supereffective|p2a: Glavenus\n|-damage|p2a: Glavenus|44\/100\n|\n|upkeep\n|turn|9\n|\n|t:|1700600532\n|move|p2a: Glavenus|Bitter Blade|p1a: Rex\n|-resisted|p1a: Rex\n|-damage|p1a: Rex|0 fnt\n|-heal|p2a: Glavenus|51\/100|[from] drain|[of] p1a: Rex\n|faint|p1a: Rex\n|\n|upkeep\n|\n|t:|1700600539\n|switch|p1a: Apollon|Charmeleon, L38, M|100\/100\n|-damage|p1a: Apollon|75\/100|[from] Stealth Rock\n|turn|10\n|\n|t:|1700600552\n|move|p2a: Glavenus|Bitter Blade|p1a: Apollon\n|-resisted|p1a: Apollon\n|-damage|p1a: Apollon|0 fnt\n|-heal|p2a: Glavenus|77\/100|[from] drain|[of] p1a: Apollon\n|faint|p1a: Apollon\n|\n|win|Dielement\n|l|\u2606Neosouls\n","uploadtime":1700600588,"views":0,"p1id":"neosouls","p2id":"dielement","formatid":"gen9nationaldexubers","rating":0,"private":0,"password":""}