{"id":"gen9nationaldexubers-1980531421","p1":"notprthjet","p2":"3o2o2o2o2o","format":"[Gen 9] National Dex Ubers","log":"|j|\u2606notprthjet\n|j|\u26063o2o2o2o2o\n|t:|1698794210\n|gametype|singles\n|player|p1|notprthjet|265|1404\n|player|p2|3o2o2o2o2o|guitarist-gen3|1395\n|teamsize|p1|6\n|teamsize|p2|6\n|gen|9\n|tier|[Gen 9] National Dex Ubers\n|rated|\n|rule|HP Percentage Mod: HP is shown in percentages\n|rule|Endless Battle Clause: Forcing endless battles is banned\n|rule|OHKO Clause: OHKO moves are banned\n|rule|Evasion Moves Clause: Evasion moves are banned\n|rule|Evasion Items Clause: Evasion items are banned\n|rule|Species Clause: Limit one of each Pok\u00e9mon\n|rule|Sleep Clause Mod: Limit one foe put to sleep\n|rule|Mega Rayquaza Clause: You cannot mega evolve Rayquaza\n|clearpoke\n|poke|p1|Necrozma-Dusk-Mane|\n|poke|p1|Spectrier|\n|poke|p1|Blastoise, M|\n|poke|p1|Kingambit, M|\n|poke|p1|Groudon|\n|poke|p1|Kyurem-Black|\n|poke|p2|Necrozma-Dusk-Mane|\n|poke|p2|Groudon|\n|poke|p2|Deoxys-Attack|\n|poke|p2|Marshadow|\n|poke|p2|Cyclizar, F|\n|poke|p2|Kingler, M|\n|teampreview\n|inactive|Battle timer is ON: inactive players will automatically lose when time's up. (requested by 3o2o2o2o2o)\n|inactive|notprthjet also wants the timer to be on.\n|\n|t:|1698794222\n|start\n|switch|p1a: Necrozma|Necrozma-Dusk-Mane, shiny|100\/100\n|switch|p2a: 75% Ronaldo\u263a\ufe0f\ud83d\ude0a|Cyclizar, F|100\/100\n|turn|1\n|\n|t:|1698794228\n|switch|p1a: Kyurem|Kyurem-Black, shiny|100\/100\n|-ability|p1a: Kyurem|Teravolt\n|move|p2a: 75% Ronaldo\u263a\ufe0f\ud83d\ude0a|Shed Tail|p2a: 75% Ronaldo\u263a\ufe0f\ud83d\ude0a\n|-start|p2a: 75% Ronaldo\u263a\ufe0f\ud83d\ude0a|Substitute|[from] move: Shed Tail\n|-damage|p2a: 75% Ronaldo\u263a\ufe0f\ud83d\ude0a|50\/100\n|\n|t:|1698794239\n|switch|p2a: The mongrinder|Necrozma-Dusk-Mane, shiny|100\/100|[from] Shed Tail\n|\n|upkeep\n|turn|2\n|\n|t:|1698794244\n|move|p1a: Kyurem|Shadow Claw|p2a: The mongrinder\n|-supereffective|p2a: The mongrinder\n|-end|p2a: The mongrinder|Substitute\n|move|p2a: The mongrinder|Dragon Dance|p2a: The mongrinder\n|-boost|p2a: The mongrinder|atk|1\n|-boost|p2a: The mongrinder|spe|1\n|\n|upkeep\n|turn|3\n|\n|t:|1698794249\n|detailschange|p2a: The mongrinder|Necrozma-Ultra, shiny\n|-burst|p2a: The mongrinder|Necrozma|Ultranecrozium Z\n|-terastallize|p1a: Kyurem|Dragon\n|move|p2a: The mongrinder|Sunsteel Strike|p1a: Kyurem\n|-damage|p1a: Kyurem|39\/100\n|move|p1a: Kyurem|Shadow Claw|p2a: The mongrinder\n|-supereffective|p2a: The mongrinder\n|-damage|p2a: The mongrinder|29\/100\n|\n|upkeep\n|turn|4\n|\n|t:|1698794259\n|switch|p1a: Kingambit|Kingambit, M, shiny|100\/100\n|move|p2a: The mongrinder|Photon Geyser|p1a: Kingambit\n|-immune|p1a: Kingambit\n|\n|upkeep\n|turn|5\n|\n|t:|1698794263\n|switch|p2a: Shadow boxer|Marshadow|100\/100\n|move|p1a: Kingambit|Sucker Punch||[still]\n|-fail|p1a: Kingambit\n|\n|upkeep\n|turn|6\n|\n|t:|1698794267\n|move|p1a: Kingambit|Sucker Punch|p2a: Shadow boxer\n|-damage|p2a: Shadow boxer|37\/100\n|move|p2a: Shadow boxer|Close Combat|p1a: Kingambit\n|-supereffective|p1a: Kingambit\n|-damage|p1a: Kingambit|0 fnt\n|-unboost|p2a: Shadow boxer|def|1\n|-unboost|p2a: Shadow boxer|spd|1\n|faint|p1a: Kingambit\n|-end|p1a: Kingambit|fallenundefined|[silent]\n|\n|upkeep\n|\n|t:|1698794276\n|switch|p1a: Groudon|Groudon, shiny|100\/100\n|detailschange|p1a: Groudon|Groudon-Primal, shiny\n|-primal|p1a: Groudon|Red Orb\n|-weather|DesolateLand|[from] ability: Desolate Land|[of] p1a: Groudon\n|turn|7\n|\n|t:|1698794295\n|move|p2a: Shadow boxer|Spectral Thief|p1a: Groudon\n|-damage|p1a: Groudon|69\/100\n|move|p1a: Groudon|Rock Polish|p1a: Groudon\n|-boost|p1a: Groudon|spe|2\n|\n|-weather|DesolateLand|[upkeep]\n|upkeep\n|turn|8\n|\n|t:|1698794301\n|move|p1a: Groudon|Earth Power|p2a: Shadow boxer\n|-damage|p2a: Shadow boxer|0 fnt\n|faint|p2a: Shadow boxer\n|\n|-weather|DesolateLand|[upkeep]\n|upkeep\n|\n|t:|1698794318\n|switch|p2a: Ur groudon die lol|Deoxys-Attack, shiny|100\/100\n|-ability|p2a: Ur groudon die lol|Pressure\n|turn|9\n|-message|3o2o2o2o2o forfeited.\n|\n|win|notprthjet\n|raw|notprthjet's rating: 1404 &rarr; <strong>1423<\/strong><br \/>(+19 for winning)\n|raw|3o2o2o2o2o's rating: 1395 &rarr; <strong>1376<\/strong><br \/>(-19 for losing)\n|l|\u26063o2o2o2o2o\n","uploadtime":1698794327,"views":5,"p1id":"notprthjet","p2id":"3o2o2o2o2o","formatid":"gen9nationaldexubers","rating":1376,"private":0,"password":""}