{"id":"gen9nationaldexubers-1993783311","p1":"DJ Phoenix da Poet","p2":"85792195wwww","format":"[Gen 9] National Dex Ubers","log":"|j|\u2606DJ Phoenix da Poet\n|j|\u260685792195wwww\n|t:|1700356743\n|gametype|singles\n|player|p1|DJ Phoenix da Poet|red|1502\n|player|p2|85792195wwww|mira|1686\n|teamsize|p1|6\n|teamsize|p2|6\n|gen|9\n|tier|[Gen 9] National Dex Ubers\n|rated|\n|rule|HP Percentage Mod: HP is shown in percentages\n|rule|Endless Battle Clause: Forcing endless battles is banned\n|rule|OHKO Clause: OHKO moves are banned\n|rule|Evasion Moves Clause: Evasion moves are banned\n|rule|Evasion Items Clause: Evasion items are banned\n|rule|Species Clause: Limit one of each Pok\u00e9mon\n|rule|Sleep Clause Mod: Limit one foe put to sleep\n|rule|Mega Rayquaza Clause: You cannot mega evolve Rayquaza\n|clearpoke\n|poke|p1|Palkia-Origin|\n|poke|p1|Arceus-Ground|\n|poke|p1|Zacian-*|\n|poke|p1|Necrozma-Dusk-Mane|\n|poke|p1|Ogerpon-Hearthflame, F|\n|poke|p1|Xerneas-*|\n|poke|p2|Arceus|\n|poke|p2|Marshadow|\n|poke|p2|Xerneas-*|\n|poke|p2|Mewtwo|\n|poke|p2|Krookodile, M|\n|poke|p2|Groudon|\n|teampreview\n|\n|t:|1700356751\n|start\n|switch|p1a: Arceus|Arceus-Ground|100\/100\n|switch|p2a: Mewtwo|Mewtwo|100\/100\n|-ability|p2a: Mewtwo|Pressure\n|turn|1\n|\n|t:|1700356760\n|detailschange|p2a: Mewtwo|Mewtwo-Mega-Y\n|-mega|p2a: Mewtwo|Mewtwo|Mewtwonite Y\n|move|p2a: Mewtwo|Nasty Plot|p2a: Mewtwo\n|-boost|p2a: Mewtwo|spa|2\n|move|p1a: Arceus|Dragon Dance|p1a: Arceus\n|-boost|p1a: Arceus|atk|1\n|-boost|p1a: Arceus|spe|1\n|\n|upkeep\n|turn|2\n|\n|t:|1700356770\n|switch|p2a: Krookodile|Krookodile, M|100\/100\n|-ability|p2a: Krookodile|Intimidate|boost\n|-unboost|p1a: Arceus|atk|1\n|move|p1a: Arceus|Earthquake|p2a: Krookodile\n|-damage|p2a: Krookodile|31\/100\n|\n|upkeep\n|turn|3\n|\n|t:|1700356778\n|move|p1a: Arceus|Earthquake|p2a: Krookodile\n|-crit|p2a: Krookodile\n|-damage|p2a: Krookodile|0 fnt\n|faint|p2a: Krookodile\n|\n|upkeep\n|\n|t:|1700356795\n|switch|p2a: Arceus|Arceus|100\/100\n|turn|4\n|\n|t:|1700356799\n|move|p1a: Arceus|Taunt|p2a: Arceus\n|-start|p2a: Arceus|move: Taunt\n|cant|p2a: Arceus|move: Taunt|Swords Dance\n|\n|upkeep\n|turn|5\n|\n|t:|1700356808\n|-terastallize|p2a: Arceus|Normal\n|move|p2a: Arceus|Extreme Speed|p1a: Arceus\n|-damage|p1a: Arceus|42\/100\n|-damage|p2a: Arceus|91\/100|[from] item: Life Orb\n|move|p1a: Arceus|Dragon Dance|p1a: Arceus\n|-boost|p1a: Arceus|atk|1\n|-boost|p1a: Arceus|spe|1\n|\n|upkeep\n|turn|6\n|\n|t:|1700356820\n|switch|p1a: Necrozma|Necrozma-Dusk-Mane|100\/100\n|move|p2a: Arceus|Extreme Speed|p1a: Necrozma\n|-resisted|p1a: Necrozma\n|-damage|p1a: Necrozma|77\/100\n|-damage|p2a: Arceus|74\/100|[from] item: Rocky Helmet|[of] p1a: Necrozma\n|-damage|p2a: Arceus|64\/100|[from] item: Life Orb\n|\n|-end|p2a: Arceus|move: Taunt\n|upkeep\n|turn|7\n|\n|t:|1700356832\n|switch|p2a: Groudon|Groudon|100\/100\n|detailschange|p2a: Groudon|Groudon-Primal\n|-primal|p2a: Groudon|Red Orb\n|-weather|DesolateLand|[from] ability: Desolate Land|[of] p2a: Groudon\n|move|p1a: Necrozma|Thunder Wave|p2a: Groudon\n|-immune|p2a: Groudon\n|\n|-weather|DesolateLand|[upkeep]\n|upkeep\n|turn|8\n|\n|t:|1700356842\n|switch|p1a: Arceus|Arceus-Ground|42\/100\n|move|p2a: Groudon|Rock Polish|p2a: Groudon\n|-boost|p2a: Groudon|spe|2\n|\n|-weather|DesolateLand|[upkeep]\n|upkeep\n|turn|9\n|\n|t:|1700356850\n|move|p2a: Groudon|Heat Crash|p1a: Arceus\n|-damage|p1a: Arceus|0 fnt\n|faint|p1a: Arceus\n|\n|-weather|DesolateLand|[upkeep]\n|upkeep\n|j| agwuv\n|\n|t:|1700356852\n|switch|p1a: Palkia|Palkia-Origin|100\/100\n|-ability|p1a: Palkia|Pressure\n|turn|10\n|\n|t:|1700356859\n|move|p2a: Groudon|Swords Dance|p2a: Groudon\n|-boost|p2a: Groudon|atk|2\n|move|p1a: Palkia|Spacial Rend|p2a: Groudon\n|-damage|p2a: Groudon|35\/100\n|\n|-weather|DesolateLand|[upkeep]\n|upkeep\n|turn|11\n|\n|t:|1700356866\n|move|p2a: Groudon|Earthquake|p1a: Palkia\n|-damage|p1a: Palkia|0 fnt\n|faint|p1a: Palkia\n|\n|-weather|DesolateLand|[upkeep]\n|upkeep\n|\n|t:|1700356871\n|switch|p1a: Necrozma|Necrozma-Dusk-Mane|77\/100\n|turn|12\n|\n|t:|1700356875\n|move|p2a: Groudon|Earthquake|p1a: Necrozma\n|-supereffective|p1a: Necrozma\n|-damage|p1a: Necrozma|0 fnt\n|faint|p1a: Necrozma\n|\n|-weather|DesolateLand|[upkeep]\n|upkeep\n|\n|t:|1700356878\n|switch|p1a: Xerneas|Xerneas|100\/100\n|-ability|p1a: Xerneas|Fairy Aura\n|turn|13\n|\n|t:|1700356884\n|-terastallize|p1a: Xerneas|Fire\n|move|p2a: Groudon|Heat Crash|p1a: Xerneas\n|-resisted|p1a: Xerneas\n|-damage|p1a: Xerneas|0 fnt\n|faint|p1a: Xerneas\n|\n|-weather|DesolateLand|[upkeep]\n|upkeep\n|-message|DJ Phoenix da Poet forfeited.\n|\n|win|85792195wwww\n|raw|DJ Phoenix da Poet's rating: 1518 &rarr; <strong>1507<\/strong><br \/>(-11 for losing)\n|raw|85792195wwww's rating: 1686 &rarr; <strong>1697<\/strong><br \/>(+11 for winning)\n|l| agwuv\n|l|\u2606DJ Phoenix da Poet\n|l|\u260685792195wwww\n","uploadtime":1700356895,"views":6,"p1id":"djphoenixdapoet","p2id":"85792195wwww","formatid":"gen9nationaldexubers","rating":1507,"private":0,"password":""}