{"id":"gen9nationaldexubers-1986189566","p1":"masiweiafgk","p2":"yxszd","format":"[Gen 9] National Dex Ubers","log":"|j|\u2606masiweiafgk\n|j|\u2606yxszd\n|t:|1699458350\n|gametype|singles\n|player|p1|masiweiafgk|fisherman|1320\n|player|p2|yxszd|dawn-gen4pt|1472\n|teamsize|p1|6\n|teamsize|p2|6\n|gen|9\n|tier|[Gen 9] National Dex Ubers\n|rated|\n|rule|HP Percentage Mod: HP is shown in percentages\n|rule|Endless Battle Clause: Forcing endless battles is banned\n|rule|OHKO Clause: OHKO moves are banned\n|rule|Evasion Moves Clause: Evasion moves are banned\n|rule|Evasion Items Clause: Evasion items are banned\n|rule|Species Clause: Limit one of each Pok\u00e9mon\n|rule|Sleep Clause Mod: Limit one foe put to sleep\n|rule|Mega Rayquaza Clause: You cannot mega evolve Rayquaza\n|clearpoke\n|poke|p1|Dracovish|\n|poke|p1|Shaymin-Sky|\n|poke|p1|Yveltal|\n|poke|p1|Lucario, M|\n|poke|p1|Rayquaza|\n|poke|p1|Weavile, M|\n|poke|p2|Banette, F|\n|poke|p2|Alomomola, F|\n|poke|p2|Landorus-Therian, M|\n|poke|p2|Heatran, M|\n|poke|p2|Gholdengo|\n|poke|p2|Ursaluna-Bloodmoon, M|\n|teampreview\n|inactive|Battle timer is ON: inactive players will automatically lose when time's up. (requested by masiweiafgk)\n|\n|t:|1699458364\n|start\n|switch|p1a: Shaymin|Shaymin-Sky|100\/100\n|switch|p2a: Banette|Banette, F|100\/100\n|-item|p1a: Shaymin|Choice Scarf|[from] ability: Frisk|[of] p2a: Banette|[identify]\n|turn|1\n|\n|t:|1699458389\n|switch|p2a: Heatran|Heatran, M|100\/100\n|move|p1a: Shaymin|Air Slash|p2a: Heatran\n|-resisted|p2a: Heatran\n|-damage|p2a: Heatran|90\/100\n|\n|-heal|p2a: Heatran|96\/100|[from] item: Leftovers\n|upkeep\n|turn|2\n|\n|t:|1699458400\n|move|p1a: Shaymin|Air Slash|p2a: Heatran\n|-resisted|p2a: Heatran\n|-damage|p2a: Heatran|84\/100\n|move|p2a: Heatran|Toxic|p1a: Shaymin\n|-status|p1a: Shaymin|tox\n|\n|-heal|p2a: Heatran|90\/100|[from] item: Leftovers\n|-damage|p1a: Shaymin|94\/100 tox|[from] psn\n|upkeep\n|turn|3\n|\n|t:|1699458405\n|move|p1a: Shaymin|Air Slash|p2a: Heatran\n|-resisted|p2a: Heatran\n|-damage|p2a: Heatran|79\/100\n|cant|p2a: Heatran|flinch\n|\n|-heal|p2a: Heatran|86\/100|[from] item: Leftovers\n|-damage|p1a: Shaymin|82\/100 tox|[from] psn\n|upkeep\n|turn|4\n|\n|t:|1699458424\n|switch|p1a: Lucario|Lucario, M|100\/100\n|move|p2a: Heatran|Magma Storm|p1a: Lucario\n|-supereffective|p1a: Lucario\n|-damage|p1a: Lucario|0 fnt\n|faint|p1a: Lucario\n|\n|-heal|p2a: Heatran|92\/100|[from] item: Leftovers\n|upkeep\n|\n|t:|1699458427\n|switch|p1a: Dracovish|Dracovish|100\/100\n|turn|5\n|\n|t:|1699458437\n|-terastallize|p2a: Heatran|Grass\n|move|p1a: Dracovish|Fishious Rend|p2a: Heatran\n|-resisted|p2a: Heatran\n|-damage|p2a: Heatran|52\/100\n|move|p2a: Heatran|Toxic|p1a: Dracovish\n|-status|p1a: Dracovish|tox\n|\n|-heal|p2a: Heatran|58\/100|[from] item: Leftovers\n|-damage|p1a: Dracovish|94\/100 tox|[from] psn\n|upkeep\n|turn|6\n|\n|t:|1699458444\n|-terastallize|p1a: Dracovish|Water\n|move|p2a: Heatran|Protect|p2a: Heatran\n|-singleturn|p2a: Heatran|Protect\n|move|p1a: Dracovish|Fishious Rend|p2a: Heatran\n|-activate|p2a: Heatran|move: Protect\n|\n|-heal|p2a: Heatran|65\/100|[from] item: Leftovers\n|-damage|p1a: Dracovish|82\/100 tox|[from] psn\n|upkeep\n|turn|7\n|\n|t:|1699458450\n|switch|p2a: Alomomola|Alomomola, F, shiny|100\/100\n|move|p1a: Dracovish|Fishious Rend|p2a: Alomomola\n|-resisted|p2a: Alomomola\n|-damage|p2a: Alomomola|65\/100\n|-damage|p1a: Dracovish|65\/100 tox|[from] item: Rocky Helmet|[of] p2a: Alomomola\n|\n|-damage|p1a: Dracovish|47\/100 tox|[from] psn\n|upkeep\n|turn|8\n|\n|t:|1699458461\n|switch|p1a: Rayquaza|Rayquaza|100\/100\n|-ability|p1a: Rayquaza|Air Lock\n|move|p2a: Alomomola|Flip Turn|p1a: Rayquaza\n|-resisted|p1a: Rayquaza\n|-damage|p1a: Rayquaza|92\/100\n|\n|t:|1699458470\n|switch|p2a: Landorus|Landorus-Therian, M|100\/100|[from] Flip Turn\n|-ability|p2a: Landorus|Intimidate|boost\n|-unboost|p1a: Rayquaza|atk|1\n|\n|upkeep\n|turn|9\n|c|\u2606masiweiafgk|\u6ca1\u610f\u601d\n|c|\u2606masiweiafgk|nd\u7684\u6765ub\n|\n|t:|1699458486\n|-zpower|p2a: Landorus\n|move|p2a: Landorus|Supersonic Skystrike|p1a: Rayquaza|[zeffect]\n|-damage|p1a: Rayquaza|0 fnt\n|faint|p1a: Rayquaza\n|\n|upkeep\n|\n|t:|1699458496\n|switch|p1a: Weavile|Weavile, M|100\/100\n|-ability|p1a: Weavile|Pressure\n|turn|10\n|c|\u2606yxszd|?\n|c|\u2606yxszd|\u6211\u7684\u961f\u4f0d\u786e\u5b9e\u5f31\n|\n|t:|1699458521\n|switch|p2a: Alomomola|Alomomola, F, shiny|98\/100\n|move|p1a: Weavile|Shadow Claw|p2a: Alomomola\n|-damage|p2a: Alomomola|86\/100\n|-damage|p1a: Weavile|84\/100|[from] item: Rocky Helmet|[of] p2a: Alomomola\n|\n|upkeep\n|turn|11\n|\n|t:|1699458531\n|switch|p1a: Yveltal|Yveltal|100\/100\n|-ability|p1a: Yveltal|Dark Aura\n|move|p2a: Alomomola|Wish|p2a: Alomomola\n|\n|upkeep\n|turn|12\n|\n|t:|1699458538\n|move|p1a: Yveltal|Oblivion Wing|p2a: Alomomola\n|-damage|p2a: Alomomola|33\/100\n|move|p2a: Alomomola|Flip Turn|p1a: Yveltal\n|-damage|p1a: Yveltal|85\/100\n|\n|t:|1699458543\n|switch|p2a: Banette|Banette, F|100\/100|[from] Flip Turn\n|-item|p1a: Yveltal|Heavy-Duty Boots|[from] ability: Frisk|[of] p2a: Banette|[identify]\n|\n|upkeep\n|turn|13\n|\n|t:|1699458545\n|detailschange|p2a: Banette|Banette-Mega, F\n|-mega|p2a: Banette|Banette|Banettite\n|move|p2a: Banette|Destiny Bond|p2a: Banette\n|-singlemove|p2a: Banette|Destiny Bond\n|move|p1a: Yveltal|Dark Pulse|p2a: Banette\n|-supereffective|p2a: Banette\n|-damage|p2a: Banette|0 fnt\n|faint|p2a: Banette\n|-activate|p2a: Banette|move: Destiny Bond\n|faint|p1a: Yveltal\n|\n|upkeep\n|\n|t:|1699458565\n|switch|p1a: Dracovish|Dracovish, tera:Water|47\/100 tox\n|switch|p2a: Gholdengo|Gholdengo|100\/100\n|turn|14\n|\n|t:|1699458570\n|switch|p2a: Alomomola|Alomomola, F, shiny|66\/100\n|move|p1a: Dracovish|Fishious Rend|p2a: Alomomola\n|-resisted|p2a: Alomomola\n|-damage|p2a: Alomomola|27\/100\n|-damage|p1a: Dracovish|30\/100 tox|[from] item: Rocky Helmet|[of] p2a: Alomomola\n|\n|-damage|p1a: Dracovish|24\/100 tox|[from] psn\n|upkeep\n|turn|15\n|\n|t:|1699458577\n|switch|p1a: Shaymin|Shaymin-Sky|82\/100 tox\n|switch|p2a: Heatran|Heatran, M, tera:Grass|65\/100\n|\n|-heal|p2a: Heatran|71\/100|[from] item: Leftovers\n|-damage|p1a: Shaymin|76\/100 tox|[from] psn\n|upkeep\n|turn|16\n|\n|t:|1699458582\n|move|p2a: Heatran|Protect|p2a: Heatran\n|-singleturn|p2a: Heatran|Protect\n|move|p1a: Shaymin|Air Slash|p2a: Heatran\n|-activate|p2a: Heatran|move: Protect\n|\n|-heal|p2a: Heatran|77\/100|[from] item: Leftovers\n|-damage|p1a: Shaymin|64\/100 tox|[from] psn\n|upkeep\n|turn|17\n|\n|t:|1699458593\n|switch|p2a: Ursaluna|Ursaluna-Bloodmoon, M|100\/100\n|move|p1a: Shaymin|Air Slash|p2a: Ursaluna\n|-damage|p2a: Ursaluna|80\/100\n|\n|-damage|p1a: Shaymin|45\/100 tox|[from] psn\n|upkeep\n|turn|18\n|c|\u2606masiweiafgk|\u4f60\u5e94\u8be5\u5e86\u5e78\u6211\u53ea\u662f\u73a9\u754f\u7f29\u961f\n|\n|t:|1699458612\n|switch|p1a: Weavile|Weavile, M|84\/100\n|-ability|p1a: Weavile|Pressure\n|move|p2a: Ursaluna|Blood Moon|p1a: Weavile\n|-damage|p1a: Weavile|0 fnt\n|faint|p1a: Weavile\n|\n|upkeep\n|\n|t:|1699458614\n|switch|p1a: Dracovish|Dracovish, tera:Water|24\/100 tox\n|turn|19\n|c|\u2606yxszd|\u4f60\u5e94\u8be5\u60f3\u60f3\u73a9\u4ec0\u4e48\u53ea\u6709k3\n|c|\u2606yxszd|\u4f60\u5e94\u8be5\u591a\u52a8\u8111\u5b50\n|\n|t:|1699458638\n|switch|p2a: Alomomola|Alomomola, F, shiny|60\/100\n|move|p1a: Dracovish|Fishious Rend|p2a: Alomomola\n|-resisted|p2a: Alomomola\n|-damage|p2a: Alomomola|25\/100\n|-damage|p1a: Dracovish|7\/100 tox|[from] item: Rocky Helmet|[of] p2a: Alomomola\n|\n|-damage|p1a: Dracovish|1\/100 tox|[from] psn\n|upkeep\n|turn|20\n|c|\u2606masiweiafgk|\u597d\u597d\u597d\n|\n|t:|1699458648\n|move|p2a: Alomomola|Protect|p2a: Alomomola\n|-singleturn|p2a: Alomomola|Protect\n|move|p1a: Dracovish|Fishious Rend|p2a: Alomomola\n|-activate|p2a: Alomomola|move: Protect\n|\n|-damage|p1a: Dracovish|0 fnt|[from] psn\n|faint|p1a: Dracovish\n|upkeep\n|\n|t:|1699458651\n|switch|p1a: Shaymin|Shaymin-Sky|45\/100 tox\n|turn|21\n|\n|t:|1699458655\n|switch|p2a: Landorus|Landorus-Therian, M|100\/100\n|-ability|p2a: Landorus|Intimidate|boost\n|-unboost|p1a: Shaymin|atk|1\n|move|p1a: Shaymin|Air Slash|p2a: Landorus|[miss]\n|-miss|p1a: Shaymin|p2a: Landorus\n|\n|-damage|p1a: Shaymin|39\/100 tox|[from] psn\n|upkeep\n|turn|22\n|c|\u2606yxszd|\u8fde\u4e2aou\u90fd\u6253\u4e0d\u8fc7\n|c|\u2606yxszd|\u591a\u7ec3\n|\n|t:|1699458676\n|move|p1a: Shaymin|Air Slash|p2a: Landorus\n|-damage|p2a: Landorus|56\/100\n|cant|p2a: Landorus|flinch\n|\n|-damage|p1a: Shaymin|27\/100 tox|[from] psn\n|upkeep\n|turn|23\n|c|\u2606masiweiafgk|\u9c7c\u718a\n|\n|t:|1699458682\n|move|p1a: Shaymin|Air Slash|p2a: Landorus|[miss]\n|-miss|p1a: Shaymin|p2a: Landorus\n|move|p2a: Landorus|Fly||[still]\n|-prepare|p2a: Landorus|Fly\n|\n|-damage|p1a: Shaymin|8\/100 tox|[from] psn\n|upkeep\n|turn|24\n|\n|t:|1699458686\n|move|p1a: Shaymin|Air Slash|p2a: Landorus|[miss]\n|-miss|p1a: Shaymin|p2a: Landorus\n|move|p2a: Landorus|Fly|p1a: Shaymin|[from]lockedmove\n|-supereffective|p1a: Shaymin\n|-damage|p1a: Shaymin|0 fnt\n|faint|p1a: Shaymin\n|\n|win|yxszd\n|raw|masiweiafgk's rating: 1320 &rarr; <strong>1308<\/strong><br \/>(-12 for losing)\n|raw|yxszd's rating: 1472 &rarr; <strong>1484<\/strong><br \/>(+12 for winning)\n|l|\u2606masiweiafgk\n","uploadtime":1699458697,"views":7,"p1id":"masiweiafgk","p2id":"yxszd","formatid":"gen9nationaldexubers","rating":1308,"private":0,"password":""}