{"id":"gen9nationaldexubers-1994435452","p1":"josukesbutt","p2":"Church Temporary","format":"[Gen 9] National Dex Ubers","log":"|j|\u2606josukesbutt\n|j|\u2606Church Temporary\n|t:|1700443641\n|gametype|singles\n|player|p1|josukesbutt|101|\n|player|p2|Church Temporary|266|\n|teamsize|p1|6\n|teamsize|p2|6\n|gen|9\n|tier|[Gen 9] National Dex Ubers\n|rule|HP Percentage Mod: HP is shown in percentages\n|rule|Endless Battle Clause: Forcing endless battles is banned\n|rule|OHKO Clause: OHKO moves are banned\n|rule|Evasion Moves Clause: Evasion moves are banned\n|rule|Evasion Items Clause: Evasion items are banned\n|rule|Species Clause: Limit one of each Pok\u00e9mon\n|rule|Sleep Clause Mod: Limit one foe put to sleep\n|rule|Mega Rayquaza Clause: You cannot mega evolve Rayquaza\n|clearpoke\n|poke|p1|Zapdos|\n|poke|p1|Politoed, F|\n|poke|p1|Overqwil, F|\n|poke|p1|Baxcalibur, F|\n|poke|p1|Jirachi|\n|poke|p1|Urshifu-*, M|\n|poke|p2|Deoxys-Speed|\n|poke|p2|Dragonite, M|\n|poke|p2|Alakazam, M|\n|poke|p2|Durant, M|\n|poke|p2|Clefable, F|\n|poke|p2|Gyarados, F|\n|teampreview\n|\n|t:|1700443740\n|start\n|switch|p1a: FoRg|Politoed, F, shiny|100\/100\n|switch|p2a: The Fast|Deoxys-Speed|100\/100\n|-ability|p2a: The Fast|Pressure\n|-weather|RainDance|[from] ability: Drizzle|[of] p1a: FoRg\n|turn|1\n|\n|t:|1700443750\n|move|p2a: The Fast|Nasty Plot|p2a: The Fast\n|-boost|p2a: The Fast|spa|2\n|move|p1a: FoRg|Toxic|p2a: The Fast\n|-status|p2a: The Fast|tox\n|\n|-weather|RainDance|[upkeep]\n|-damage|p2a: The Fast|94\/100 tox|[from] psn\n|upkeep\n|turn|2\n|\n|t:|1700443758\n|move|p1a: FoRg|Protect|p1a: FoRg\n|-singleturn|p1a: FoRg|Protect\n|move|p2a: The Fast|Nasty Plot|p2a: The Fast\n|-boost|p2a: The Fast|spa|2\n|\n|-weather|RainDance|[upkeep]\n|-damage|p2a: The Fast|82\/100 tox|[from] psn\n|upkeep\n|turn|3\n|\n|t:|1700443767\n|move|p2a: The Fast|Thunderbolt|p1a: FoRg\n|-supereffective|p1a: FoRg\n|-damage|p1a: FoRg|0 fnt\n|faint|p1a: FoRg\n|\n|-weather|RainDance|[upkeep]\n|-damage|p2a: The Fast|63\/100 tox|[from] psn\n|upkeep\n|\n|t:|1700443775\n|switch|p1a: Keep It Reel|Overqwil, F|100\/100\n|turn|4\n|\n|t:|1700443798\n|move|p1a: Keep It Reel|Crunch|p2a: The Fast\n|-supereffective|p2a: The Fast\n|-damage|p2a: The Fast|0 fnt\n|faint|p2a: The Fast\n|-damage|p1a: Keep It Reel|91\/100|[from] item: Life Orb\n|\n|-weather|RainDance|[upkeep]\n|upkeep\n|\n|t:|1700443812\n|switch|p2a: Shai Hulud|Gyarados, F|100\/100\n|turn|5\n|\n|t:|1700443816\n|move|p1a: Keep It Reel|Swords Dance|p1a: Keep It Reel\n|-boost|p1a: Keep It Reel|atk|2\n|move|p2a: Shai Hulud|Earthquake|p1a: Keep It Reel\n|-supereffective|p1a: Keep It Reel\n|-damage|p1a: Keep It Reel|25\/100\n|\n|-weather|none\n|upkeep\n|turn|6\n|\n|t:|1700443825\n|-terastallize|p1a: Keep It Reel|Dark\n|move|p2a: Shai Hulud|Earthquake|p1a: Keep It Reel\n|-damage|p1a: Keep It Reel|0 fnt\n|faint|p1a: Keep It Reel\n|-ability|p2a: Shai Hulud|Moxie|boost\n|-boost|p2a: Shai Hulud|atk|1\n|\n|upkeep\n|\n|t:|1700443832\n|switch|p1a: Deli Sandwich|Zapdos|100\/100\n|turn|7\n|\n|t:|1700443838\n|switch|p2a: A Fucking Ant|Durant, M, shiny|100\/100\n|move|p1a: Deli Sandwich|Thunderbolt|p2a: A Fucking Ant\n|-damage|p2a: A Fucking Ant|1\/100\n|\n|upkeep\n|turn|8\n|\n|t:|1700443852\n|move|p2a: A Fucking Ant|First Impression|p1a: Deli Sandwich|[miss]\n|-miss|p2a: A Fucking Ant|p1a: Deli Sandwich\n|move|p1a: Deli Sandwich|Ancient Power|p2a: A Fucking Ant\n|-damage|p2a: A Fucking Ant|0 fnt\n|faint|p2a: A Fucking Ant\n|\n|upkeep\n|\n|t:|1700443868\n|switch|p2a: AlaKant|Alakazam, M|100\/100\n|turn|9\n|\n|t:|1700443883\n|detailschange|p2a: AlaKant|Alakazam-Mega, M\n|-mega|p2a: AlaKant|Alakazam|Alakazite\n|-ability|p2a: AlaKant|Static|[from] ability: Trace|[of] p1a: Deli Sandwich\n|move|p2a: AlaKant|Psychic|p1a: Deli Sandwich\n|-damage|p1a: Deli Sandwich|35\/100\n|move|p1a: Deli Sandwich|Ancient Power|p2a: AlaKant\n|-damage|p2a: AlaKant|78\/100\n|-boost|p1a: Deli Sandwich|atk|1\n|-boost|p1a: Deli Sandwich|def|1\n|-boost|p1a: Deli Sandwich|spa|1\n|-boost|p1a: Deli Sandwich|spd|1\n|-boost|p1a: Deli Sandwich|spe|1\n|\n|upkeep\n|turn|10\n|\n|t:|1700443895\n|move|p1a: Deli Sandwich|Roost|p1a: Deli Sandwich\n|-heal|p1a: Deli Sandwich|86\/100\n|-singleturn|p1a: Deli Sandwich|move: Roost\n|move|p2a: AlaKant|Psychic|p1a: Deli Sandwich\n|-damage|p1a: Deli Sandwich|38\/100\n|\n|upkeep\n|turn|11\n|\n|t:|1700443902\n|move|p1a: Deli Sandwich|Thunderbolt|p2a: AlaKant\n|-damage|p2a: AlaKant|0 fnt\n|faint|p2a: AlaKant\n|\n|upkeep\n|\n|t:|1700443908\n|switch|p2a: Dwagen|Dragonite, M|100\/100\n|turn|12\n|\n|t:|1700443915\n|move|p1a: Deli Sandwich|Ancient Power|p2a: Dwagen\n|-supereffective|p2a: Dwagen\n|-damage|p2a: Dwagen|74\/100\n|move|p2a: Dwagen|Outrage|p1a: Deli Sandwich\n|-damage|p1a: Deli Sandwich|0 fnt\n|faint|p1a: Deli Sandwich\n|\n|upkeep\n|\n|t:|1700443923\n|switch|p1a: Bax Shots|Baxcalibur, F|100\/100\n|turn|13\n|\n|t:|1700443940\n|move|p2a: Dwagen|Outrage|p1a: Bax Shots|[from]lockedmove\n|-supereffective|p1a: Bax Shots\n|-damage|p1a: Bax Shots|0 fnt\n|faint|p1a: Bax Shots\n|\n|upkeep\n|\n|t:|1700443945\n|switch|p1a: Star Platinum|Jirachi|100\/100\n|turn|14\n|\n|t:|1700443958\n|move|p2a: Dwagen|Outrage|p1a: Star Platinum|[from]lockedmove\n|-resisted|p1a: Star Platinum\n|-damage|p1a: Star Platinum|79\/100\n|-start|p2a: Dwagen|confusion|[fatigue]\n|move|p1a: Star Platinum|Dazzling Gleam|p2a: Dwagen\n|-supereffective|p2a: Dwagen\n|-damage|p2a: Dwagen|23\/100\n|\n|-heal|p1a: Star Platinum|86\/100|[from] item: Leftovers\n|upkeep\n|turn|15\n|\n|t:|1700443975\n|switch|p2a: Shai Hulud|Gyarados, F|100\/100\n|move|p1a: Star Platinum|Dazzling Gleam|p2a: Shai Hulud\n|-damage|p2a: Shai Hulud|77\/100\n|\n|-heal|p1a: Star Platinum|92\/100|[from] item: Leftovers\n|upkeep\n|turn|16\n|\n|t:|1700443986\n|move|p2a: Shai Hulud|Earthquake|p1a: Star Platinum\n|-supereffective|p1a: Star Platinum\n|-damage|p1a: Star Platinum|41\/100\n|move|p1a: Star Platinum|Thunder|p2a: Shai Hulud\n|-supereffective|p2a: Shai Hulud\n|-damage|p2a: Shai Hulud|0 fnt\n|faint|p2a: Shai Hulud\n|\n|-heal|p1a: Star Platinum|48\/100|[from] item: Leftovers\n|upkeep\n|\n|t:|1700443997\n|switch|p2a: EGG|Clefable, F|100\/100\n|turn|17\n|\n|t:|1700444007\n|move|p2a: EGG|Protect|p2a: EGG\n|-singleturn|p2a: EGG|Protect\n|move|p1a: Star Platinum|Energy Ball|p2a: EGG\n|-activate|p2a: EGG|move: Protect\n|\n|-heal|p1a: Star Platinum|54\/100|[from] item: Leftovers\n|upkeep\n|turn|18\n|\n|t:|1700444016\n|move|p1a: Star Platinum|Energy Ball|p2a: EGG\n|-damage|p2a: EGG|77\/100\n|move|p2a: EGG|Moonblast|p1a: Star Platinum\n|-resisted|p1a: Star Platinum\n|-damage|p1a: Star Platinum|37\/100\n|\n|-heal|p1a: Star Platinum|43\/100|[from] item: Leftovers\n|-heal|p2a: EGG|83\/100|[from] item: Leftovers\n|upkeep\n|turn|19\n|\n|t:|1700444026\n|move|p1a: Star Platinum|Ancient Power|p2a: EGG\n|-damage|p2a: EGG|69\/100\n|move|p2a: EGG|Moonblast|p1a: Star Platinum\n|-resisted|p1a: Star Platinum\n|-damage|p1a: Star Platinum|27\/100\n|\n|-heal|p1a: Star Platinum|33\/100|[from] item: Leftovers\n|-heal|p2a: EGG|75\/100|[from] item: Leftovers\n|upkeep\n|turn|20\n|\n|t:|1700444033\n|move|p1a: Star Platinum|Ancient Power|p2a: EGG\n|-damage|p2a: EGG|59\/100\n|move|p2a: EGG|Moonblast|p1a: Star Platinum\n|-resisted|p1a: Star Platinum\n|-damage|p1a: Star Platinum|16\/100\n|\n|-heal|p1a: Star Platinum|22\/100|[from] item: Leftovers\n|-heal|p2a: EGG|65\/100|[from] item: Leftovers\n|upkeep\n|turn|21\n|\n|t:|1700444042\n|move|p1a: Star Platinum|Ancient Power|p2a: EGG\n|-damage|p2a: EGG|50\/100\n|move|p2a: EGG|Moonblast|p1a: Star Platinum\n|-resisted|p1a: Star Platinum\n|-damage|p1a: Star Platinum|6\/100\n|-unboost|p1a: Star Platinum|spa|1\n|\n|-heal|p1a: Star Platinum|12\/100|[from] item: Leftovers\n|-heal|p2a: EGG|57\/100|[from] item: Leftovers\n|upkeep\n|turn|22\n|\n|t:|1700444051\n|move|p1a: Star Platinum|Ancient Power|p2a: EGG\n|-damage|p2a: EGG|46\/100\n|move|p2a: EGG|Moonblast|p1a: Star Platinum\n|-resisted|p1a: Star Platinum\n|-damage|p1a: Star Platinum|0 fnt\n|faint|p1a: Star Platinum\n|\n|-heal|p2a: EGG|53\/100|[from] item: Leftovers\n|upkeep\n|\n|t:|1700444058\n|switch|p1a: Master Baiter|Urshifu-Rapid-Strike, M|100\/100\n|turn|23\n|\n|t:|1700444070\n|move|p2a: EGG|Protect|p2a: EGG\n|-singleturn|p2a: EGG|Protect\n|move|p1a: Master Baiter|Surging Strikes|p2a: EGG\n|-crit|p2a: EGG\n|-damage|p2a: EGG|33\/100\n|-crit|p2a: EGG\n|-damage|p2a: EGG|10\/100\n|-crit|p2a: EGG\n|-damage|p2a: EGG|0 fnt\n|-start|p1a: Master Baiter|Attract|[from] ability: Cute Charm|[of] p2a: EGG\n|faint|p2a: EGG\n|-hitcount|p2: EGG|3\n|-end|p1a: Master Baiter|Attract|[silent]\n|-damage|p1a: Master Baiter|91\/100|[from] item: Life Orb\n|\n|upkeep\n|\n|t:|1700444081\n|switch|p2a: Dwagen|Dragonite, M|23\/100\n|turn|24\n|\n|t:|1700444095\n|move|p2a: Dwagen|Extreme Speed|p1a: Master Baiter\n|-damage|p1a: Master Baiter|70\/100\n|move|p1a: Master Baiter|Surging Strikes|p2a: Dwagen\n|-resisted|p2a: Dwagen\n|-crit|p2a: Dwagen\n|-damage|p2a: Dwagen|9\/100\n|-resisted|p2a: Dwagen\n|-crit|p2a: Dwagen\n|-damage|p2a: Dwagen|0 fnt\n|faint|p2a: Dwagen\n|-hitcount|p2: Dwagen|2\n|-damage|p1a: Master Baiter|60\/100|[from] item: Life Orb\n|\n|win|josukesbutt\n|c|\u2606josukesbutt|good game\n|c|\u2606josukesbutt|holy that was so close\n","uploadtime":1700444117,"views":33,"p1id":"josukesbutt","p2id":"churchtemporary","formatid":"gen9nationaldexubers","rating":0,"private":0,"password":""}