{"id":"gen9nationaldexubers-1995544590","p1":"700club","p2":"pietr56","format":"[Gen 9] National Dex Ubers","log":"|j|\u2606700club\n|j|\u2606pietr56\n|t:|1700581539\n|gametype|singles\n|player|p1|700club|shadowtriad|1274\n|player|p2|pietr56|red|1249\n|teamsize|p1|6\n|teamsize|p2|6\n|gen|9\n|tier|[Gen 9] National Dex Ubers\n|rated|\n|rule|HP Percentage Mod: HP is shown in percentages\n|rule|Endless Battle Clause: Forcing endless battles is banned\n|rule|OHKO Clause: OHKO moves are banned\n|rule|Evasion Moves Clause: Evasion moves are banned\n|rule|Evasion Items Clause: Evasion items are banned\n|rule|Species Clause: Limit one of each Pok\u00e9mon\n|rule|Sleep Clause Mod: Limit one foe put to sleep\n|rule|Mega Rayquaza Clause: You cannot mega evolve Rayquaza\n|clearpoke\n|poke|p1|Ogerpon-Hearthflame, F|\n|poke|p1|Groudon|\n|poke|p1|Deoxys-Speed|\n|poke|p1|Mewtwo|\n|poke|p1|Necrozma-Dusk-Mane|\n|poke|p1|Sharpedo, M|\n|poke|p2|Zamazenta-*|\n|poke|p2|Blastoise, M|\n|poke|p2|Zygarde|\n|poke|p2|Scovillain, F|\n|poke|p2|Grimmsnarl, M|\n|poke|p2|Magnezone|\n|teampreview\n|\n|t:|1700581581\n|start\n|switch|p1a: Sharpedo|Sharpedo, M|100\/100\n|switch|p2a: Zygarde|Zygarde, shiny|100\/100\n|turn|1\n|\n|t:|1700581610\n|switch|p1a: Mewtwo|Mewtwo|100\/100\n|-ability|p1a: Mewtwo|Unnerve\n|switch|p2a: Scovillain|Scovillain, F, shiny|100\/100\n|\n|-ability|p2a: Scovillain|Moody|boost\n|-boost|p2a: Scovillain|spd|2\n|-unboost|p2a: Scovillain|spe|1\n|upkeep\n|turn|2\n|\n|t:|1700581639\n|detailschange|p1a: Mewtwo|Mewtwo-Mega-Y\n|-mega|p1a: Mewtwo|Mewtwo|Mewtwonite Y\n|move|p1a: Mewtwo|Psystrike|p2a: Scovillain\n|-damage|p2a: Scovillain|0 fnt\n|faint|p2a: Scovillain\n|\n|upkeep\n|\n|t:|1700581645\n|switch|p2a: Grimmsnarl|Grimmsnarl, M, shiny|100\/100\n|-item|p1a: Mewtwo|Mewtwonite Y|[from] ability: Frisk|[of] p2a: Grimmsnarl|[identify]\n|turn|3\n|\n|t:|1700581685\n|switch|p1a: Sharpedo|Sharpedo, M|100\/100\n|move|p2a: Grimmsnarl|Sucker Punch||[still]\n|-fail|p2a: Grimmsnarl\n|\n|upkeep\n|turn|4\n|\n|t:|1700581702\n|move|p1a: Sharpedo|Close Combat|p2a: Grimmsnarl\n|-damage|p2a: Grimmsnarl|52\/100\n|-unboost|p1a: Sharpedo|def|1\n|-unboost|p1a: Sharpedo|spd|1\n|move|p2a: Grimmsnarl|Dazzling Gleam|p1a: Sharpedo\n|-supereffective|p1a: Sharpedo\n|-enditem|p1a: Sharpedo|Focus Sash\n|-damage|p1a: Sharpedo|1\/100\n|\n|-ability|p1a: Sharpedo|Speed Boost|boost\n|-boost|p1a: Sharpedo|spe|1\n|upkeep\n|turn|5\n|\n|t:|1700581725\n|move|p2a: Grimmsnarl|Sucker Punch||[still]\n|-fail|p2a: Grimmsnarl\n|move|p1a: Sharpedo|Destiny Bond|p1a: Sharpedo\n|-singlemove|p1a: Sharpedo|Destiny Bond\n|\n|-ability|p1a: Sharpedo|Speed Boost|boost\n|-boost|p1a: Sharpedo|spe|1\n|upkeep\n|turn|6\n|\n|t:|1700581738\n|move|p2a: Grimmsnarl|Sucker Punch|p1a: Sharpedo\n|-resisted|p1a: Sharpedo\n|-damage|p1a: Sharpedo|0 fnt\n|faint|p1a: Sharpedo\n|-activate|p1a: Sharpedo|move: Destiny Bond\n|faint|p2a: Grimmsnarl\n|\n|upkeep\n|\n|t:|1700581747\n|switch|p1a: Deoxys|Deoxys-Speed|100\/100\n|switch|p2a: Magnezone|Magnezone, shiny|100\/100\n|-ability|p1a: Deoxys|Pressure\n|turn|7\n|\n|t:|1700581774\n|move|p1a: Deoxys|Light Screen|p1a: Deoxys\n|-sidestart|p1: 700club|move: Light Screen\n|move|p2a: Magnezone|Tri Attack|p1a: Deoxys\n|-crit|p1a: Deoxys\n|-damage|p1a: Deoxys|50\/100\n|-status|p1a: Deoxys|brn\n|\n|-damage|p1a: Deoxys|44\/100 brn|[from] brn\n|upkeep\n|turn|8\n|\n|t:|1700581786\n|move|p1a: Deoxys|Reflect|p1a: Deoxys\n|-sidestart|p1: 700club|Reflect\n|move|p2a: Magnezone|Tri Attack|p1a: Deoxys\n|-damage|p1a: Deoxys|26\/100 brn\n|\n|-damage|p1a: Deoxys|20\/100 brn|[from] brn\n|upkeep\n|turn|9\n|\n|t:|1700581794\n|move|p1a: Deoxys|Stealth Rock|p2a: Magnezone\n|-sidestart|p2: pietr56|move: Stealth Rock\n|move|p2a: Magnezone|Discharge|p1a: Deoxys\n|-crit|p1a: Deoxys\n|-damage|p1a: Deoxys|0 fnt\n|faint|p1a: Deoxys\n|\n|upkeep\n|\n|t:|1700581802\n|switch|p1a: Groudon|Groudon|100\/100\n|detailschange|p1a: Groudon|Groudon-Primal\n|-primal|p1a: Groudon|Red Orb\n|-weather|DesolateLand|[from] ability: Desolate Land|[of] p1a: Groudon\n|turn|10\n|\n|t:|1700581817\n|move|p1a: Groudon|Precipice Blades|p2a: Magnezone\n|-supereffective|p2a: Magnezone\n|-damage|p2a: Magnezone|0 fnt\n|faint|p2a: Magnezone\n|\n|-weather|DesolateLand|[upkeep]\n|upkeep\n|\n|t:|1700581835\n|switch|p2a: Zygarde|Zygarde, shiny|100\/100\n|-damage|p2a: Zygarde|94\/100|[from] Stealth Rock\n|turn|11\n|\n|t:|1700581845\n|-weather|none\n|switch|p1a: Mewtwo|Mewtwo-Mega-Y|100\/100\n|move|p2a: Zygarde|Extreme Speed|p1a: Mewtwo\n|-damage|p1a: Mewtwo|87\/100\n|\n|-heal|p2a: Zygarde|100\/100|[from] item: Leftovers\n|-sideend|p1: 700club|move: Light Screen\n|upkeep\n|turn|12\n|\n|t:|1700581855\n|move|p1a: Mewtwo|Ice Beam|p2a: Zygarde\n|-supereffective|p2a: Zygarde\n|-damage|p2a: Zygarde|0 fnt\n|faint|p2a: Zygarde\n|\n|-sideend|p1: 700club|Reflect\n|upkeep\n|\n|t:|1700581862\n|switch|p2a: Zamazenta|Zamazenta-Crowned, shiny|100\/100\n|-damage|p2a: Zamazenta|98\/100|[from] Stealth Rock\n|-ability|p2a: Zamazenta|Dauntless Shield|boost\n|-boost|p2a: Zamazenta|def|1\n|turn|13\n|\n|t:|1700581867\n|move|p1a: Mewtwo|Fire Blast|p2a: Zamazenta\n|-supereffective|p2a: Zamazenta\n|-damage|p2a: Zamazenta|31\/100\n|move|p2a: Zamazenta|Crunch|p1a: Mewtwo\n|-supereffective|p1a: Mewtwo\n|-damage|p1a: Mewtwo|28\/100\n|\n|upkeep\n|turn|14\n|\n|t:|1700581883\n|-terastallize|p2a: Zamazenta|Fighting\n|move|p1a: Mewtwo|Fire Blast|p2a: Zamazenta\n|-damage|p2a: Zamazenta|0 fnt\n|faint|p2a: Zamazenta\n|\n|upkeep\n|\n|t:|1700581889\n|switch|p2a: Blastoise|Blastoise, M, shiny|100\/100\n|-damage|p2a: Blastoise|88\/100|[from] Stealth Rock\n|turn|15\n|\n|t:|1700581895\n|detailschange|p2a: Blastoise|Blastoise-Mega, M, shiny\n|-mega|p2a: Blastoise|Blastoise|Blastoisinite\n|move|p2a: Blastoise|Aqua Jet|p1a: Mewtwo\n|-damage|p1a: Mewtwo|12\/100\n|move|p1a: Mewtwo|Psystrike|p2a: Blastoise\n|-damage|p2a: Blastoise|23\/100\n|\n|upkeep\n|turn|16\n|\n|t:|1700581903\n|move|p2a: Blastoise|Aqua Jet|p1a: Mewtwo\n|-damage|p1a: Mewtwo|0 fnt\n|faint|p1a: Mewtwo\n|\n|upkeep\n|\n|t:|1700581908\n|switch|p1a: Necrozma|Necrozma-Dusk-Mane|100\/100\n|turn|17\n|\n|t:|1700581917\n|move|p1a: Necrozma|Photon Geyser|p2a: Blastoise\n|-damage|p2a: Blastoise|0 fnt\n|faint|p2a: Blastoise\n|\n|win|700club\n|raw|700club's rating: 1274 &rarr; <strong>1297<\/strong><br \/>(+23 for winning)\n|raw|pietr56's rating: 1249 &rarr; <strong>1226<\/strong><br \/>(-23 for losing)\n","uploadtime":1700581928,"views":1,"p1id":"700club","p2id":"pietr56","formatid":"gen9nationaldexubers","rating":1226,"private":0,"password":""}