{"id":"gen9nationaldexubers-1979444034","p1":"sebs mama","p2":"ChiiDoll","format":"[Gen 9] National Dex Ubers","log":"|j|\u2606sebs mama\n|j|\u2606ChiiDoll\n|t:|1698683159\n|gametype|singles\n|player|p1|sebs mama|clerk-boss|1132\n|player|p2|ChiiDoll|maid|1139\n|teamsize|p1|6\n|teamsize|p2|6\n|gen|9\n|tier|[Gen 9] National Dex Ubers\n|rated|\n|rule|HP Percentage Mod: HP is shown in percentages\n|rule|Endless Battle Clause: Forcing endless battles is banned\n|rule|OHKO Clause: OHKO moves are banned\n|rule|Evasion Moves Clause: Evasion moves are banned\n|rule|Evasion Items Clause: Evasion items are banned\n|rule|Species Clause: Limit one of each Pok\u00e9mon\n|rule|Sleep Clause Mod: Limit one foe put to sleep\n|rule|Mega Rayquaza Clause: You cannot mega evolve Rayquaza\n|clearpoke\n|poke|p1|Salamence, M|\n|poke|p1|Yveltal|\n|poke|p1|Ho-Oh|\n|poke|p1|Gliscor, F|\n|poke|p1|Masquerain, M|\n|poke|p1|Shaymin-Sky|\n|poke|p2|Arceus-Steel|\n|poke|p2|Espathra, M|\n|poke|p2|Magearna|\n|poke|p2|Shaymin-Sky|\n|poke|p2|Giratina|\n|poke|p2|Skeledirge, M|\n|teampreview\n|inactive|Battle timer is ON: inactive players will automatically lose when time's up. (requested by ChiiDoll)\n|\n|t:|1698683167\n|start\n|switch|p1a: Yveltal|Yveltal|100\/100\n|switch|p2a: Espathra|Espathra, M|100\/100\n|-ability|p1a: Yveltal|Dark Aura\n|turn|1\n|\n|t:|1698683179\n|-terastallize|p2a: Espathra|Fairy\n|move|p2a: Espathra|Dazzling Gleam|p1a: Yveltal\n|-supereffective|p1a: Yveltal\n|-damage|p1a: Yveltal|35\/100\n|-damage|p2a: Espathra|91\/100|[from] item: Life Orb\n|move|p1a: Yveltal|Knock Off|p2a: Espathra\n|-resisted|p2a: Espathra\n|-damage|p2a: Espathra|49\/100\n|-enditem|p2a: Espathra|Life Orb|[from] move: Knock Off|[of] p1a: Yveltal\n|\n|-ability|p2a: Espathra|Speed Boost|boost\n|-boost|p2a: Espathra|spe|1\n|upkeep\n|turn|2\n|\n|t:|1698683192\n|switch|p1a: Ho-Oh|Ho-Oh|100\/100\n|move|p2a: Espathra|Dazzling Gleam|p1a: Ho-Oh\n|-resisted|p1a: Ho-Oh\n|-damage|p1a: Ho-Oh|89\/100\n|\n|-ability|p2a: Espathra|Speed Boost|boost\n|-boost|p2a: Espathra|spe|1\n|upkeep\n|turn|3\n|\n|t:|1698683197\n|move|p2a: Espathra|Lumina Crash|p1a: Ho-Oh\n|-damage|p1a: Ho-Oh|69\/100\n|-unboost|p1a: Ho-Oh|spd|2\n|move|p1a: Ho-Oh|Brave Bird|p2a: Espathra\n|-damage|p2a: Espathra|0 fnt\n|faint|p2a: Espathra\n|-damage|p1a: Ho-Oh|56\/100|[from] Recoil\n|\n|upkeep\n|inactive|ChiiDoll has 120 seconds left.\n|\n|t:|1698683247\n|switch|p2a: dadsparce|Giratina, shiny|100\/100\n|-ability|p2a: dadsparce|Pressure\n|turn|4\n|\n|t:|1698683252\n|switch|p1a: Yveltal|Yveltal|35\/100\n|-ability|p1a: Yveltal|Dark Aura\n|move|p2a: dadsparce|Calm Mind|p2a: dadsparce\n|-boost|p2a: dadsparce|spa|1\n|-boost|p2a: dadsparce|spd|1\n|\n|upkeep\n|turn|5\n|\n|t:|1698683268\n|move|p1a: Yveltal|Knock Off|p2a: dadsparce\n|-supereffective|p2a: dadsparce\n|-crit|p2a: dadsparce\n|-damage|p2a: dadsparce|3\/100\n|-damage|p1a: Yveltal|18\/100|[from] item: Rocky Helmet|[of] p2a: dadsparce\n|-enditem|p2a: dadsparce|Rocky Helmet|[from] move: Knock Off|[of] p1a: Yveltal\n|move|p2a: dadsparce|Dragon Pulse|p1a: Yveltal\n|-damage|p1a: Yveltal|0 fnt\n|faint|p1a: Yveltal\n|\n|upkeep\n|\n|t:|1698683283\n|switch|p1a: Salamence|Salamence, M|100\/100\n|-ability|p1a: Salamence|Intimidate|boost\n|-unboost|p2a: dadsparce|atk|1\n|turn|6\n|\n|t:|1698683291\n|detailschange|p1a: Salamence|Salamence-Mega, M\n|-mega|p1a: Salamence|Salamence|Salamencite\n|move|p1a: Salamence|Return|p2a: dadsparce\n|-damage|p2a: dadsparce|0 fnt\n|faint|p2a: dadsparce\n|\n|upkeep\n|\n|t:|1698683306\n|switch|p2a: Magearna|Magearna|100\/100\n|turn|7\n|\n|t:|1698683309\n|switch|p1a: Ho-Oh|Ho-Oh|89\/100\n|move|p2a: Magearna|Fleur Cannon|p1a: Ho-Oh|[miss]\n|-miss|p2a: Magearna|p1a: Ho-Oh\n|\n|upkeep\n|turn|8\n|\n|t:|1698683318\n|switch|p2a: Skeledirge|Skeledirge, M|100\/100\n|move|p1a: Ho-Oh|Sacred Fire|p2a: Skeledirge\n|-resisted|p2a: Skeledirge\n|-crit|p2a: Skeledirge\n|-damage|p2a: Skeledirge|77\/100\n|\n|-heal|p2a: Skeledirge|83\/100|[from] item: Leftovers\n|upkeep\n|turn|9\n|\n|t:|1698683329\n|move|p1a: Ho-Oh|Toxic|p2a: Skeledirge\n|-status|p2a: Skeledirge|tox\n|move|p2a: Skeledirge|Torch Song|p1a: Ho-Oh\n|-resisted|p1a: Ho-Oh\n|-damage|p1a: Ho-Oh|80\/100\n|-boost|p2a: Skeledirge|spa|1\n|\n|-heal|p2a: Skeledirge|89\/100 tox|[from] item: Leftovers\n|-damage|p2a: Skeledirge|83\/100 tox|[from] psn\n|upkeep\n|turn|10\n|\n|t:|1698683336\n|move|p1a: Ho-Oh|Brave Bird|p2a: Skeledirge\n|-damage|p2a: Skeledirge|45\/100 tox\n|-damage|p1a: Ho-Oh|70\/100|[from] Recoil\n|move|p2a: Skeledirge|Torch Song|p1a: Ho-Oh\n|-resisted|p1a: Ho-Oh\n|-damage|p1a: Ho-Oh|58\/100\n|-boost|p2a: Skeledirge|spa|1\n|\n|-heal|p2a: Skeledirge|51\/100 tox|[from] item: Leftovers\n|-damage|p2a: Skeledirge|39\/100 tox|[from] psn\n|upkeep\n|turn|11\n|\n|t:|1698683343\n|move|p1a: Ho-Oh|Roost|p1a: Ho-Oh\n|-heal|p1a: Ho-Oh|100\/100\n|-singleturn|p1a: Ho-Oh|move: Roost\n|move|p2a: Skeledirge|Slack Off|p2a: Skeledirge\n|-heal|p2a: Skeledirge|89\/100 tox\n|\n|-heal|p2a: Skeledirge|95\/100 tox|[from] item: Leftovers\n|-damage|p2a: Skeledirge|77\/100 tox|[from] psn\n|upkeep\n|turn|12\n|\n|t:|1698683349\n|move|p1a: Ho-Oh|Brave Bird|p2a: Skeledirge\n|-damage|p2a: Skeledirge|35\/100 tox\n|-damage|p1a: Ho-Oh|89\/100|[from] Recoil\n|move|p2a: Skeledirge|Shadow Ball|p1a: Ho-Oh\n|-damage|p1a: Ho-Oh|54\/100\n|\n|-heal|p2a: Skeledirge|41\/100 tox|[from] item: Leftovers\n|-damage|p2a: Skeledirge|17\/100 tox|[from] psn\n|upkeep\n|turn|13\n|\n|t:|1698683358\n|move|p1a: Ho-Oh|Brave Bird|p2a: Skeledirge\n|-damage|p2a: Skeledirge|0 fnt\n|faint|p2a: Skeledirge\n|-damage|p1a: Ho-Oh|50\/100|[from] Recoil\n|\n|upkeep\n|\n|t:|1698683373\n|switch|p2a: moomin|Shaymin-Sky|100\/100\n|turn|14\n|\n|t:|1698683382\n|move|p2a: moomin|Air Slash|p1a: Ho-Oh\n|-crit|p1a: Ho-Oh\n|-damage|p1a: Ho-Oh|2\/100\n|cant|p1a: Ho-Oh|flinch\n|\n|upkeep\n|turn|15\n|\n|t:|1698683390\n|switch|p1a: Gliscor|Gliscor, F|100\/100\n|move|p2a: moomin|Air Slash|p1a: Gliscor\n|-damage|p1a: Gliscor|34\/100\n|\n|-status|p1a: Gliscor|tox|[from] item: Toxic Orb\n|upkeep\n|turn|16\n|\n|t:|1698683393\n|move|p1a: Gliscor|Protect|p1a: Gliscor\n|-singleturn|p1a: Gliscor|Protect\n|move|p2a: moomin|Air Slash|p1a: Gliscor\n|-activate|p1a: Gliscor|move: Protect\n|\n|-heal|p1a: Gliscor|47\/100 tox|[from] ability: Poison Heal\n|upkeep\n|turn|17\n|\n|t:|1698683409\n|move|p2a: moomin|Air Slash|p1a: Gliscor\n|-damage|p1a: Gliscor|0 fnt\n|faint|p1a: Gliscor\n|\n|upkeep\n|\n|t:|1698683419\n|switch|p1a: Masquerain|Masquerain, M|100\/100\n|-ability|p1a: Masquerain|Intimidate|boost\n|-unboost|p2a: moomin|atk|1\n|turn|18\n|\n|t:|1698683423\n|move|p2a: moomin|Air Slash|p1a: Masquerain\n|-supereffective|p1a: Masquerain\n|-enditem|p1a: Masquerain|Focus Sash\n|-damage|p1a: Masquerain|1\/100\n|cant|p1a: Masquerain|flinch\n|\n|upkeep\n|turn|19\n|\n|t:|1698683427\n|move|p2a: moomin|Air Slash|p1a: Masquerain\n|-supereffective|p1a: Masquerain\n|-damage|p1a: Masquerain|0 fnt\n|faint|p1a: Masquerain\n|\n|upkeep\n|\n|t:|1698683429\n|switch|p1a: Ho-Oh|Ho-Oh|35\/100\n|turn|20\n|\n|t:|1698683439\n|move|p2a: moomin|Air Slash|p1a: Ho-Oh\n|-damage|p1a: Ho-Oh|7\/100\n|cant|p1a: Ho-Oh|flinch\n|\n|upkeep\n|turn|21\n|\n|t:|1698683444\n|move|p2a: moomin|Air Slash|p1a: Ho-Oh\n|-damage|p1a: Ho-Oh|0 fnt\n|faint|p1a: Ho-Oh\n|\n|upkeep\n|\n|t:|1698683446\n|switch|p1a: Shaymin|Shaymin-Sky|100\/100\n|turn|22\n|\n|t:|1698683451\n|move|p1a: Shaymin|Air Slash|p2a: moomin\n|-supereffective|p2a: moomin\n|-crit|p2a: moomin\n|-damage|p2a: moomin|0 fnt\n|faint|p2a: moomin\n|\n|upkeep\n|\n|t:|1698683457\n|switch|p2a: yellow|Arceus-Steel, shiny|100\/100\n|turn|23\n|\n|t:|1698683462\n|switch|p1a: Salamence|Salamence-Mega, M|100\/100\n|move|p2a: yellow|Ice Beam|p1a: Salamence\n|-supereffective|p1a: Salamence\n|-damage|p1a: Salamence|0 fnt\n|faint|p1a: Salamence\n|\n|upkeep\n|\n|t:|1698683464\n|switch|p1a: Shaymin|Shaymin-Sky|100\/100\n|turn|24\n|\n|t:|1698683476\n|move|p1a: Shaymin|Earth Power|p2a: yellow\n|-supereffective|p2a: yellow\n|-damage|p2a: yellow|39\/100\n|move|p2a: yellow|Ice Beam|p1a: Shaymin\n|-supereffective|p1a: Shaymin\n|-damage|p1a: Shaymin|0 fnt\n|faint|p1a: Shaymin\n|\n|win|ChiiDoll\n|raw|sebs mama's rating: 1132 &rarr; <strong>1108<\/strong><br \/>(-24 for losing)\n|raw|ChiiDoll's rating: 1139 &rarr; <strong>1163<\/strong><br \/>(+24 for winning)\n|l|\u2606sebs mama\n","uploadtime":1698683507,"views":7,"p1id":"sebsmama","p2id":"chiidoll","formatid":"gen9nationaldexubers","rating":1108,"private":0,"password":""}