{"id":"gen9nationaldexubers-1983533362","p1":"Robombee","p2":"Warpa1nt","format":"[Gen 9] National Dex Ubers","log":"|j|\u2606Robombee\n|j|\u2606Warpa1nt\n|t:|1699140481\n|gametype|singles\n|player|p1|Robombee|2|\n|player|p2|Warpa1nt|acetrainer-gen4dp|\n|teamsize|p1|6\n|teamsize|p2|6\n|gen|9\n|tier|[Gen 9] National Dex Ubers\n|rule|HP Percentage Mod: HP is shown in percentages\n|rule|Endless Battle Clause: Forcing endless battles is banned\n|rule|OHKO Clause: OHKO moves are banned\n|rule|Evasion Moves Clause: Evasion moves are banned\n|rule|Evasion Items Clause: Evasion items are banned\n|rule|Species Clause: Limit one of each Pok\u00e9mon\n|rule|Sleep Clause Mod: Limit one foe put to sleep\n|rule|Mega Rayquaza Clause: You cannot mega evolve Rayquaza\n|clearpoke\n|poke|p1|Iron Valiant|\n|poke|p1|Tapu Koko|\n|poke|p1|Dragalge, M|\n|poke|p1|Aggron, F|\n|poke|p1|Mr. Rime, F|\n|poke|p1|Moltres|\n|poke|p2|Naganadel|\n|poke|p2|Rillaboom, M|\n|poke|p2|Infernape, F|\n|poke|p2|Krookodile, M|\n|poke|p2|Jellicent, F|\n|poke|p2|Forretress, M|\n|teampreview\n|c|\u2606Warpa1nt|We made it!\n|c|\u2606Robombee|We sure did!\n|j| mnEonTwins\n|j| BFO Ethanol\n|c|\u2606Robombee|Wait. I think I got all 6 for the first time ever.\n|j| J2411\n|c|\u2606Warpa1nt|Tyrantrum would have no fun into your team bar Moltres\n|j| huag\n|j| Ren-of-Hearts\n|j| Yezy0227\n|\n|t:|1699140632\n|start\n|switch|p1a: Thunderstruck|Tapu Koko|100\/100\n|switch|p2a: Naganadel|Naganadel, shiny|100\/100\n|-fieldstart|move: Electric Terrain|[from] ability: Electric Surge|[of] p1a: Thunderstruck\n|turn|1\n|c| Ren-of-Hearts|who's ready to see some Justice tier cooking \ud83d\udd25\n|c|\u2606Robombee|oh no what\n|c|\u2606Warpa1nt|Thou shall see my great and overwhelming physical Naganadel!\n|l| Ren-of-Hearts\n|c| BFO Ethanol|frantically \/learn Swords Dance, Naganadel\n|\n|t:|1699140691\n|move|p2a: Naganadel|Sludge Wave|p1a: Thunderstruck\n|-supereffective|p1a: Thunderstruck\n|-damage|p1a: Thunderstruck|0 fnt\n|faint|p1a: Thunderstruck\n|-ability|p2a: Naganadel|Beast Boost|boost\n|-boost|p2a: Naganadel|spe|1\n|\n|upkeep\n|c|\u2606Robombee|I FUCKING KNEW IT\n|c|\u2606Robombee|AHHHHHHH\n|c|\u2606Robombee|God damn it.\n|\n|t:|1699140729\n|switch|p1a: Colossus|Aggron, F, shiny|100\/100\n|turn|2\n|c|\u2606Warpa1nt|No scarf on the Koko I see\n|\n|t:|1699140738\n|switch|p2a: Queen Boo|Jellicent, F|100\/100\n|detailschange|p1a: Colossus|Aggron-Mega, F, shiny\n|-mega|p1a: Colossus|Aggron|Aggronite\n|move|p1a: Colossus|Toxic|p2a: Queen Boo\n|-status|p2a: Queen Boo|tox\n|\n|-damage|p2a: Queen Boo|94\/100 tox|[from] psn\n|upkeep\n|turn|3\n|c|\u2606Warpa1nt|Oh dear\n|c|\u2606Warpa1nt|Nice job\n|c|\u2606Warpa1nt|That was an excellent predict\n|c|\u2606Robombee|Made the most sense in my head plus i'm on the backfoot already so\n|\n|t:|1699140790\n|move|p2a: Queen Boo|Will-O-Wisp|p1a: Colossus\n|-status|p1a: Colossus|brn\n|move|p1a: Colossus|Thunder Punch|p2a: Queen Boo\n|-supereffective|p2a: Queen Boo\n|-damage|p2a: Queen Boo|69\/100 tox\n|\n|-heal|p2a: Queen Boo|75\/100 tox|[from] item: Leftovers\n|-damage|p2a: Queen Boo|63\/100 tox|[from] psn\n|-damage|p1a: Colossus|94\/100 brn|[from] brn\n|upkeep\n|turn|4\n|c|\u2606Warpa1nt|Fair\n|c|\u2606Robombee|I feel so damn stupid ngl.\n|c|\u2606Robombee|ugh\n|\n|t:|1699140944\n|move|p2a: Queen Boo|Recover|p2a: Queen Boo\n|-heal|p2a: Queen Boo|100\/100 tox\n|move|p1a: Colossus|Thunder Punch|p2a: Queen Boo\n|-supereffective|p2a: Queen Boo\n|-crit|p2a: Queen Boo\n|-damage|p2a: Queen Boo|64\/100 tox\n|\n|-heal|p2a: Queen Boo|71\/100 tox|[from] item: Leftovers\n|-damage|p2a: Queen Boo|52\/100 tox|[from] psn\n|-damage|p1a: Colossus|88\/100 brn|[from] brn\n|upkeep\n|turn|5\n|c|\u2606Warpa1nt|It was a really good situation for me overall\n|c|\u2606Warpa1nt|But if you stand here and beat yourself up you'll tilt and guarantee a loss, don't do that to yourself\n|c|\u2606Warpa1nt|Find the next win con\n|c|\u2606Robombee|I had no clue what to lead as I've always struggled with leads\n|c|\u2606Warpa1nt|Something to work on and improve then!\n|\n|t:|1699141030\n|switch|p2a: R.O.B.|Forretress, M|100\/100\n|switch|p1a: Mecha|Iron Valiant|100\/100\n|-activate|p1a: Mecha|ability: Quark Drive\n|-start|p1a: Mecha|quarkdrivespe\n|\n|upkeep\n|turn|6\n|c|\u2606Warpa1nt|But not now\n|l| J2411\n|c|\u2606Warpa1nt|Now you have a match to play!\n|\n|t:|1699141104\n|move|p1a: Mecha|Aura Sphere|p2a: R.O.B.\n|-damage|p2a: R.O.B.|39\/100\n|move|p2a: R.O.B.|Gyro Ball|p1a: Mecha\n|-supereffective|p1a: Mecha\n|-damage|p1a: Mecha|0 fnt\n|faint|p1a: Mecha\n|-end|p1a: Mecha|Quark Drive|[silent]\n|\n|-heal|p2a: R.O.B.|46\/100|[from] item: Leftovers\n|upkeep\n|c|\u2606Robombee|Welp I've calced something wrong\n|c|\u2606Robombee|because that never did that much\n|c|\u2606Warpa1nt|Yikes\n|c|\u2606Warpa1nt|I had a minus spe nature\n|c|\u2606Robombee|That was it\n|c|\u2606Warpa1nt|I see\n|c|\u2606Robombee|welp\n|c|\u2606Robombee|heck of a return\n|\n|t:|1699141179\n|switch|p1a: Sinder|Moltres|100\/100\n|turn|7\n|c|\u2606Warpa1nt|Did the calc also involve booster energy?\n|c|\u2606Robombee|mhm\n|c|\u2606Warpa1nt|You're shaking off the rust\n|c|\u2606Warpa1nt|and I haven't killed MAggron yet\n|c|\u2606Robombee|it's burnt\n|\n|t:|1699141198\n|move|p1a: Sinder|Flamethrower|p2a: R.O.B.\n|-supereffective|p2a: R.O.B.\n|-damage|p2a: R.O.B.|0 fnt\n|faint|p2a: R.O.B.\n|\n|upkeep\n|\n|t:|1699141202\n|switch|p2a: Krookodile|Krookodile, M|100\/100\n|-ability|p2a: Krookodile|Intimidate|boost\n|-unboost|p1a: Sinder|atk|1\n|turn|8\n|c|\u2606Robombee|The forre having my own name\n|c|\u2606Robombee|the irony\n|c|\u2606Warpa1nt|Actually I forgot some names\n|c|\u2606Robombee|fitting that was one that stayed\n|c|\u2606Warpa1nt|He just looks like R.O.B. from the Super Nintendo\n|c|\u2606Robombee|just funny that's my actual name\n|c|\u2606Warpa1nt|Tick Tock Tick Tock was this Krook's name after the crocodile in Peter Pan\n|c|\u2606Robombee|anyways\n|c|\u2606Warpa1nt|I wondered if your name was Rob\n|c|\u2606Warpa1nt|Robombee is a really nice nick for a pokemon player named Rob\n|l| BFO Ethanol\n|\n|t:|1699141339\n|move|p2a: Krookodile|Stone Edge|p1a: Sinder\n|-supereffective|p1a: Sinder\n|-damage|p1a: Sinder|28\/100\n|move|p1a: Sinder|Air Slash|p2a: Krookodile\n|-damage|p2a: Krookodile|62\/100\n|\n|-fieldend|move: Electric Terrain\n|upkeep\n|turn|9\n|\n|t:|1699141390\n|switch|p1a: Colossus|Aggron-Mega, F, shiny|88\/100 brn\n|move|p2a: Krookodile|Stone Edge|p1a: Colossus\n|-resisted|p1a: Colossus\n|-damage|p1a: Colossus|82\/100 brn\n|\n|-damage|p1a: Colossus|75\/100 brn|[from] brn\n|upkeep\n|turn|10\n|c|\u2606Warpa1nt|Lol\n|c|\u2606Warpa1nt|That did nothing\n|\n|t:|1699141410\n|switch|p2a: Rillaboom|Rillaboom, M, shiny|100\/100\n|-fieldstart|move: Grassy Terrain|[from] ability: Grassy Surge|[of] p2a: Rillaboom\n|move|p1a: Colossus|Toxic|p2a: Rillaboom\n|-status|p2a: Rillaboom|tox\n|\n|-heal|p1a: Colossus|82\/100 brn|[from] Grassy Terrain\n|-damage|p2a: Rillaboom|94\/100 tox|[from] psn\n|-damage|p1a: Colossus|75\/100 brn|[from] brn\n|upkeep\n|turn|11\n|c|\u2606Warpa1nt|Wait\n|c|\u2606Warpa1nt|Maybe a bad idea to add terrain healing into Aggron\n|c|\u2606Warpa1nt|We ball\n|c|\u2606Warpa1nt|Also I like that shiny\n|\n|t:|1699141474\n|move|p2a: Rillaboom|High Horsepower|p1a: Colossus\n|-supereffective|p1a: Colossus\n|-damage|p1a: Colossus|58\/100 brn\n|move|p1a: Colossus|Heavy Slam|p2a: Rillaboom\n|-damage|p2a: Rillaboom|79\/100 tox\n|\n|-heal|p2a: Rillaboom|86\/100 tox|[from] Grassy Terrain\n|-heal|p1a: Colossus|64\/100 brn|[from] Grassy Terrain\n|-damage|p2a: Rillaboom|73\/100 tox|[from] psn\n|-damage|p1a: Colossus|58\/100 brn|[from] brn\n|upkeep\n|turn|12\n|c|\u2606Warpa1nt|MAggron is a good look for green shiny\n|\n|t:|1699141497\n|switch|p1a: Sinder|Moltres|28\/100\n|move|p2a: Rillaboom|U-turn|p1a: Sinder\n|-resisted|p1a: Sinder\n|-damage|p1a: Sinder|25\/100\n|\n|t:|1699141504\n|switch|p2a: Krookodile|Krookodile, M|62\/100|[from] U-turn\n|-ability|p2a: Krookodile|Intimidate|boost\n|-unboost|p1a: Sinder|atk|1\n|\n|-heal|p2a: Krookodile|68\/100|[from] Grassy Terrain\n|upkeep\n|turn|13\n|\n|t:|1699141511\n|switch|p1a: Colossus|Aggron-Mega, F, shiny|58\/100 brn\n|move|p2a: Krookodile|Stone Edge|p1a: Colossus\n|-resisted|p1a: Colossus\n|-damage|p1a: Colossus|51\/100 brn\n|\n|-heal|p2a: Krookodile|74\/100|[from] Grassy Terrain\n|-heal|p1a: Colossus|57\/100 brn|[from] Grassy Terrain\n|-damage|p1a: Colossus|51\/100 brn|[from] brn\n|upkeep\n|turn|14\n|c|\u2606Warpa1nt|chip\n|\n|t:|1699141525\n|switch|p2a: Queen Boo|Jellicent, F|52\/100 tox\n|move|p1a: Colossus|Heavy Slam|p2a: Queen Boo\n|-resisted|p2a: Queen Boo\n|-damage|p2a: Queen Boo|46\/100 tox\n|\n|-heal|p2a: Queen Boo|52\/100 tox|[from] Grassy Terrain\n|-heal|p2a: Queen Boo|59\/100 tox|[from] item: Leftovers\n|-heal|p1a: Colossus|57\/100 brn|[from] Grassy Terrain\n|-damage|p2a: Queen Boo|52\/100 tox|[from] psn\n|-damage|p1a: Colossus|51\/100 brn|[from] brn\n|-fieldend|move: Grassy Terrain\n|upkeep\n|turn|15\n|c|\u2606Warpa1nt|Trust\n|j| atungstencube\n|c|\u2606Warpa1nt|imagine if you were the automotize set though\n|\n|t:|1699141554\n|move|p2a: Queen Boo|Hex|p1a: Colossus\n|-damage|p1a: Colossus|17\/100 brn\n|move|p1a: Colossus|Thunder Punch|p2a: Queen Boo\n|-supereffective|p2a: Queen Boo\n|-damage|p2a: Queen Boo|34\/100 tox\n|\n|-heal|p2a: Queen Boo|40\/100 tox|[from] item: Leftovers\n|-damage|p2a: Queen Boo|28\/100 tox|[from] psn\n|-damage|p1a: Colossus|11\/100 brn|[from] brn\n|upkeep\n|turn|16\n|c|\u2606Warpa1nt|That'd be hilarious\n|\n|t:|1699141576\n|switch|p2a: Krookodile|Krookodile, M|74\/100\n|-ability|p2a: Krookodile|Intimidate|boost\n|-unboost|p1a: Colossus|atk|1\n|move|p1a: Colossus|Thunder Punch|p2a: Krookodile\n|-immune|p2a: Krookodile\n|\n|-damage|p1a: Colossus|5\/100 brn|[from] brn\n|upkeep\n|turn|17\n|\n|t:|1699141589\n|move|p2a: Krookodile|Knock Off|p1a: Colossus\n|-crit|p1a: Colossus\n|-damage|p1a: Colossus|0 fnt\n|faint|p1a: Colossus\n|\n|upkeep\n|c|\u2606Warpa1nt|I was worried that wouldn't kill\n|\n|t:|1699141601\n|switch|p1a: Chibi|Mr. Rime, F|100\/100\n|turn|18\n|\n|t:|1699141616\n|move|p1a: Chibi|Ice Beam|p2a: Krookodile\n|-supereffective|p2a: Krookodile\n|-damage|p2a: Krookodile|0 fnt\n|faint|p2a: Krookodile\n|\n|upkeep\n|\n|t:|1699141634\n|switch|p2a: Infernape|Infernape, F|100\/100\n|turn|19\n|\n|t:|1699141641\n|switch|p1a: Sinder|Moltres|25\/100\n|move|p2a: Infernape|Flamethrower|p1a: Sinder\n|-resisted|p1a: Sinder\n|-damage|p1a: Sinder|0 fnt\n|faint|p1a: Sinder\n|-damage|p2a: Infernape|91\/100|[from] item: Life Orb\n|\n|upkeep\n|\n|t:|1699141655\n|switch|p1a: Chibi|Mr. Rime, F|100\/100\n|turn|20\n|l| Yezy0227\n|c|\u2606Warpa1nt|Can't believe I am calcing a Mr. Rime\n|c|\u2606Warpa1nt|Well done\n|\n|t:|1699141758\n|-terastallize|p2a: Infernape|Normal\n|move|p1a: Chibi|Psychic|p2a: Infernape\n|-damage|p2a: Infernape|23\/100\n|move|p2a: Infernape|Flamethrower|p1a: Chibi\n|-supereffective|p1a: Chibi\n|-damage|p1a: Chibi|0 fnt\n|faint|p1a: Chibi\n|-damage|p2a: Infernape|13\/100|[from] item: Life Orb\n|\n|upkeep\n|j| Yezy0227\n|\n|t:|1699141773\n|switch|p1a: Marimo|Dragalge, M, shiny|100\/100\n|turn|21\n|\n|t:|1699141780\n|move|p2a: Infernape|Stone Edge|p1a: Marimo\n|-damage|p1a: Marimo|65\/100\n|-damage|p2a: Infernape|3\/100|[from] item: Life Orb\n|move|p1a: Marimo|Dragon Pulse|p2a: Infernape\n|-damage|p2a: Infernape|0 fnt\n|faint|p2a: Infernape\n|\n|upkeep\n|\n|t:|1699141785\n|switch|p2a: Naganadel|Naganadel, shiny|100\/100\n|turn|22\n|l| Yezy0227\n|c|\u2606Warpa1nt|GG, unless I miss every move\n|\n|t:|1699141806\n|move|p2a: Naganadel|Draco Meteor|p1a: Marimo\n|-supereffective|p1a: Marimo\n|-enditem|p1a: Marimo|Haban Berry|[eat]\n|-enditem|p1a: Marimo|Haban Berry|[weaken]\n|-damage|p1a: Marimo|19\/100\n|-unboost|p2a: Naganadel|spa|2\n|move|p1a: Marimo|Dragon Pulse|p2a: Naganadel\n|-supereffective|p2a: Naganadel\n|-damage|p2a: Naganadel|0 fnt\n|faint|p2a: Naganadel\n|\n|upkeep\n|j| Jack0lantern89\n|\n|t:|1699141822\n|switch|p2a: Rillaboom|Rillaboom, M, shiny|73\/100 tox\n|-fieldstart|move: Grassy Terrain|[from] ability: Grassy Surge|[of] p2a: Rillaboom\n|turn|23\n|c|\u2606Robombee|so close. Despite throwing away my 2 best mons.\n|c|\u2606Warpa1nt|Oh we have a game!\n|c| Jack0lantern89|i believe\n|\n|t:|1699141831\n|move|p2a: Rillaboom|High Horsepower|p1a: Marimo\n|-supereffective|p1a: Marimo\n|-damage|p1a: Marimo|0 fnt\n|faint|p1a: Marimo\n|\n|win|Warpa1nt\n|c|\u2606Warpa1nt|Phew\n|c|\u2606Warpa1nt|I was min spe at one poiint\n|c|\u2606Robombee|GGs.\n|c| Jack0lantern89|shouldve used hax and dodged the HH\n|c|\u2606Warpa1nt|GGWP that was an excellent game!\n|c|\u2606Warpa1nt|Nah man\n|c|\u2606Warpa1nt|I'm Win by Hax-orus\n|c|\u2606Robombee|You got replay and everything, just gonna go scream into the void and pretend I never signed up\n|c|\u2606Warpa1nt|It is only one loss my friend\n|l|\u2606Robombee\n|c|\u2606Warpa1nt|And a close one at that\n|l| mnEonTwins\n|l|\u2606Warpa1nt\n|j|\u2606Warpa1nt\n|player|p2|Warpa1nt|acetrainer-gen4dp\n|l|\u2606Warpa1nt\n|player|p2|\n","uploadtime":1699141956,"views":55,"p1id":"robombee","p2id":"warpa1nt","formatid":"gen9nationaldexubers","rating":0,"private":0,"password":""}