{"id":"gen9nationaldexubers-1980245385","p1":"Rainer565","p2":"Rainer367","format":"[Gen 9] National Dex Ubers","log":"|j|\u2606Rainer565\n|j|\u2606Rainer367\n|t:|1698769250\n|gametype|singles\n|player|p1|Rainer565|lucas|\n|player|p2|Rainer367|will|\n|teamsize|p1|6\n|teamsize|p2|6\n|gen|9\n|tier|[Gen 9] National Dex Ubers\n|rule|HP Percentage Mod: HP is shown in percentages\n|rule|Endless Battle Clause: Forcing endless battles is banned\n|rule|OHKO Clause: OHKO moves are banned\n|rule|Evasion Moves Clause: Evasion moves are banned\n|rule|Evasion Items Clause: Evasion items are banned\n|rule|Species Clause: Limit one of each Pok\u00e9mon\n|rule|Sleep Clause Mod: Limit one foe put to sleep\n|rule|Mega Rayquaza Clause: You cannot mega evolve Rayquaza\n|clearpoke\n|poke|p1|Dracozolt|\n|poke|p1|Bellibolt, F|\n|poke|p1|Iron Thorns|\n|poke|p1|Rotom-Heat|\n|poke|p1|Magnezone|\n|poke|p1|Tyranitar, M|\n|poke|p2|Polteageist|\n|poke|p2|Dragapult, F|\n|poke|p2|Mimikyu, F|\n|poke|p2|Basculegion, M|\n|poke|p2|Annihilape, M|\n|poke|p2|Gastrodon, F|\n|teampreview\n|\n|t:|1698769263\n|start\n|switch|p1a: Bellibolt|Bellibolt, F|100\/100\n|switch|p2a: Hawk T1|Mimikyu, F, shiny|100\/100\n|turn|1\n|\n|t:|1698769271\n|move|p2a: Hawk T1|Swords Dance|p2a: Hawk T1\n|-boost|p2a: Hawk T1|atk|2\n|move|p1a: Bellibolt|Thunderbolt|p2a: Hawk T1\n|-activate|p2a: Hawk T1|ability: Disguise\n|-damage|p2a: Hawk T1|100\/100\n|-status|p2a: Hawk T1|par\n|detailschange|p2a: Hawk T1|Mimikyu-Busted, F, shiny\n|-damage|p2a: Hawk T1|88\/100 par|[from] pokemon: Mimikyu-Busted\n|\n|upkeep\n|turn|2\n|\n|t:|1698769281\n|-zpower|p2a: Hawk T1\n|move|p2a: Hawk T1|Let's Snuggle Forever|p1a: Bellibolt|[zeffect]\n|-damage|p1a: Bellibolt|3\/100\n|-start|p1a: Bellibolt|Charge|Let's Snuggle Forever|[from] ability: Electromorphosis\n|move|p1a: Bellibolt|Thunderbolt|p2a: Hawk T1\n|-damage|p2a: Hawk T1|0 fnt\n|faint|p2a: Hawk T1\n|-end|p1a: Bellibolt|Charge|[silent]\n|\n|-heal|p1a: Bellibolt|9\/100|[from] item: Leftovers\n|upkeep\n|\n|t:|1698769299\n|switch|p2a: B-2 Spirit|Dragapult, F, shiny|100\/100\n|turn|3\n|\n|t:|1698769304\n|move|p2a: B-2 Spirit|Dragon Dance|p2a: B-2 Spirit\n|-boost|p2a: B-2 Spirit|atk|1\n|-boost|p2a: B-2 Spirit|spe|1\n|move|p1a: Bellibolt|Slack Off|p1a: Bellibolt\n|-heal|p1a: Bellibolt|59\/100\n|\n|-heal|p1a: Bellibolt|65\/100|[from] item: Leftovers\n|upkeep\n|turn|4\n|\n|t:|1698769311\n|move|p2a: B-2 Spirit|Dragon Dance|p2a: B-2 Spirit\n|-boost|p2a: B-2 Spirit|atk|1\n|-boost|p2a: B-2 Spirit|spe|1\n|move|p1a: Bellibolt|Slack Off|p1a: Bellibolt\n|-heal|p1a: Bellibolt|100\/100\n|\n|upkeep\n|turn|5\n|\n|t:|1698769327\n|move|p2a: B-2 Spirit|Dragon Dance|p2a: B-2 Spirit\n|-boost|p2a: B-2 Spirit|atk|1\n|-boost|p2a: B-2 Spirit|spe|1\n|move|p1a: Bellibolt|Thunderbolt|p2a: B-2 Spirit\n|-resisted|p2a: B-2 Spirit\n|-damage|p2a: B-2 Spirit|79\/100\n|\n|upkeep\n|turn|6\n|\n|t:|1698769341\n|move|p2a: B-2 Spirit|Dragon Darts|p1a: Bellibolt\n|-damage|p1a: Bellibolt|49\/100\n|-start|p1a: Bellibolt|Charge|Dragon Darts|[from] ability: Electromorphosis\n|-anim|p2a: B-2 Spirit|Dragon Darts|p1a: Bellibolt\n|-damage|p1a: Bellibolt|0 fnt\n|faint|p1a: Bellibolt\n|-damage|p2a: B-2 Spirit|69\/100|[from] item: Life Orb\n|\n|upkeep\n|c|\u2606Rainer565|!weakness dragapult\n|c| Rainer565|\/raw <div class=\"infobox\">Dragapult (ignoring abilities):<br \/><span class=\"message-effect-weak\">Weaknesses<\/span>: Dark, Dragon, Fairy, Ghost, Ice<br \/><span class=\"message-effect-resist\">Resistances<\/span>: Bug, Electric, Fire, Grass, Poison, Water<br \/><span class=\"message-effect-immune\">Immunities<\/span>: Fighting, Normal, Trapping<\/div>\n|\n|t:|1698769371\n|switch|p1a: Magnezone|Magnezone|100\/100\n|-item|p1a: Magnezone|Air Balloon\n|turn|7\n|\n|t:|1698769392\n|move|p2a: B-2 Spirit|Dragon Darts|p1a: Magnezone\n|-resisted|p1a: Magnezone\n|-damage|p1a: Magnezone|61\/100\n|-enditem|p1a: Magnezone|Air Balloon\n|-anim|p2a: B-2 Spirit|Dragon Darts|p1a: Magnezone\n|-resisted|p1a: Magnezone\n|-damage|p1a: Magnezone|22\/100\n|-damage|p2a: B-2 Spirit|59\/100|[from] item: Life Orb\n|move|p1a: Magnezone|Flash Cannon|p2a: B-2 Spirit\n|-damage|p2a: B-2 Spirit|0 fnt\n|faint|p2a: B-2 Spirit\n|\n|upkeep\n|\n|t:|1698769401\n|switch|p2a: C-5 Galaxy|Polteageist, shiny|100\/100\n|turn|8\n|c|\u2606Rainer565|!weakness polteageist\n|c| Rainer565|\/raw <div class=\"infobox\">Polteageist (ignoring abilities):<br \/><span class=\"message-effect-weak\">Weaknesses<\/span>: Dark, Ghost<br \/><span class=\"message-effect-resist\">Resistances<\/span>: Bug, Poison<br \/><span class=\"message-effect-immune\">Immunities<\/span>: Fighting, Normal, Trapping<\/div>\n|c|\u2606Rainer367|polkeageist\n|\n|t:|1698769440\n|move|p2a: C-5 Galaxy|Shell Smash|p2a: C-5 Galaxy\n|-unboost|p2a: C-5 Galaxy|def|1\n|-unboost|p2a: C-5 Galaxy|spd|1\n|-boost|p2a: C-5 Galaxy|atk|2\n|-boost|p2a: C-5 Galaxy|spa|2\n|-boost|p2a: C-5 Galaxy|spe|2\n|-enditem|p2a: C-5 Galaxy|White Herb\n|-clearnegativeboost|p2a: C-5 Galaxy|[silent]\n|move|p1a: Magnezone|Flash Cannon|p2a: C-5 Galaxy\n|-damage|p2a: C-5 Galaxy|51\/100\n|\n|upkeep\n|turn|9\n|\n|t:|1698769456\n|move|p2a: C-5 Galaxy|Stored Power|p1a: Magnezone\n|-resisted|p1a: Magnezone\n|-damage|p1a: Magnezone|0 fnt\n|faint|p1a: Magnezone\n|\n|upkeep\n|\n|t:|1698769463\n|switch|p1a: Iron Thorns|Iron Thorns|100\/100\n|turn|10\n|\n|t:|1698769476\n|move|p2a: C-5 Galaxy|Stored Power|p1a: Iron Thorns\n|-damage|p1a: Iron Thorns|0 fnt\n|faint|p1a: Iron Thorns\n|-end|p1a: Iron Thorns|Quark Drive|[silent]\n|\n|upkeep\n|\n|t:|1698769482\n|switch|p1a: Rotom|Rotom-Heat|100\/100\n|turn|11\n|\n|t:|1698769500\n|move|p2a: C-5 Galaxy|Stored Power|p1a: Rotom\n|-damage|p1a: Rotom|0 fnt\n|faint|p1a: Rotom\n|\n|upkeep\n|\n|t:|1698769506\n|switch|p1a: Tyranitar|Tyranitar, M|100\/100\n|-weather|Sandstorm|[from] ability: Sand Stream|[of] p1a: Tyranitar\n|turn|12\n|\n|t:|1698769517\n|move|p2a: C-5 Galaxy|Shadow Ball|p1a: Tyranitar\n|-resisted|p1a: Tyranitar\n|-damage|p1a: Tyranitar|82\/100\n|move|p1a: Tyranitar|Knock Off|p2a: C-5 Galaxy\n|-supereffective|p2a: C-5 Galaxy\n|-damage|p2a: C-5 Galaxy|0 fnt\n|faint|p2a: C-5 Galaxy\n|\n|-weather|Sandstorm|[upkeep]\n|upkeep\n|\n|t:|1698769523\n|switch|p2a: PBY Catalina|Gastrodon, F, shiny|100\/100\n|turn|13\n|\n|t:|1698769529\n|-terastallize|p1a: Tyranitar|Electric\n|-terastallize|p2a: PBY Catalina|Ghost\n|move|p1a: Tyranitar|Earthquake|p2a: PBY Catalina\n|-damage|p2a: PBY Catalina|59\/100\n|move|p2a: PBY Catalina|Rain Dance|p2a: PBY Catalina\n|-weather|RainDance\n|\n|-weather|RainDance|[upkeep]\n|-heal|p2a: PBY Catalina|65\/100|[from] item: Leftovers\n|upkeep\n|turn|14\n|\n|t:|1698769542\n|switch|p1a: Dracozolt|Dracozolt|100\/100\n|move|p2a: PBY Catalina|Stealth Rock|p1a: Dracozolt\n|-sidestart|p1: Rainer565|move: Stealth Rock\n|\n|-weather|RainDance|[upkeep]\n|-heal|p2a: PBY Catalina|71\/100|[from] item: Leftovers\n|upkeep\n|turn|15\n|\n|t:|1698769554\n|switch|p1a: Tyranitar|Tyranitar, M, tera:Electric|82\/100\n|-damage|p1a: Tyranitar|70\/100|[from] Stealth Rock\n|-weather|Sandstorm|[from] ability: Sand Stream|[of] p1a: Tyranitar\n|switch|p2a: WS-51 Dragonfly|Basculegion, M, shiny|100\/100\n|\n|-weather|Sandstorm|[upkeep]\n|-damage|p2a: WS-51 Dragonfly|94\/100|[from] Sandstorm\n|-damage|p1a: Tyranitar|63\/100|[from] Sandstorm\n|upkeep\n|turn|16\n|c|\u2606Rainer565|!weakness gastrodon\n|c| Rainer565|\/raw <div class=\"infobox\">Gastrodon (ignoring abilities):<br \/><span class=\"message-effect-weak\">Weaknesses<\/span>: <b>Grass<\/b><br \/><span class=\"message-effect-resist\">Resistances<\/span>: Fire, Poison, Rock, Steel<br \/><span class=\"message-effect-immune\">Immunities<\/span>: Electric, Sandstorm damage<\/div>\n|c|\u2606Rainer565|!weakness ghost\n|c| Rainer565|\/raw <div class=\"infobox\">Ghost:<br \/><span class=\"message-effect-weak\">Weaknesses<\/span>: Dark, Ghost<br \/><span class=\"message-effect-resist\">Resistances<\/span>: Bug, Poison<br \/><span class=\"message-effect-immune\">Immunities<\/span>: Fighting, Normal, Trapping<\/div>\n|\n|t:|1698769605\n|switch|p2a: PBY Catalina|Gastrodon, F, shiny, tera:Ghost|71\/100\n|move|p1a: Tyranitar|Knock Off|p2a: PBY Catalina\n|-supereffective|p2a: PBY Catalina\n|-damage|p2a: PBY Catalina|0 fnt\n|-enditem|p2a: PBY Catalina|Leftovers|[from] move: Knock Off|[of] p1a: Tyranitar\n|faint|p2a: PBY Catalina\n|\n|-weather|Sandstorm|[upkeep]\n|-damage|p1a: Tyranitar|57\/100|[from] Sandstorm\n|upkeep\n|\n|t:|1698769610\n|switch|p2a: WS-51 Dragonfly|Basculegion, M, shiny|94\/100\n|turn|17\n|\n|t:|1698769618\n|switch|p1a: Dracozolt|Dracozolt|100\/100\n|-damage|p1a: Dracozolt|88\/100|[from] Stealth Rock\n|move|p2a: WS-51 Dragonfly|Last Respects|p1a: Dracozolt\n|-crit|p1a: Dracozolt\n|-damage|p1a: Dracozolt|0 fnt\n|faint|p1a: Dracozolt\n|\n|-weather|Sandstorm|[upkeep]\n|-damage|p2a: WS-51 Dragonfly|88\/100|[from] Sandstorm\n|upkeep\n|\n|t:|1698769628\n|switch|p1a: Tyranitar|Tyranitar, M, tera:Electric|57\/100\n|-damage|p1a: Tyranitar|45\/100|[from] Stealth Rock\n|turn|18\n|\n|t:|1698769632\n|move|p2a: WS-51 Dragonfly|Last Respects|p1a: Tyranitar\n|-damage|p1a: Tyranitar|0 fnt\n|faint|p1a: Tyranitar\n|\n|win|Rainer367\n","uploadtime":1698769639,"views":16,"p1id":"rainer565","p2id":"rainer367","formatid":"gen9nationaldexubers","rating":0,"private":0,"password":""}