{"id":"gen9nationaldexubers-1979884607","p1":"Chikinwang","p2":"Boston Blisseys","format":"[Gen 9] National Dex Ubers","log":"|j|\u2606Chikinwang\n|j|\u2606Boston Blisseys\n|t:|1698724131\n|gametype|singles\n|player|p1|Chikinwang|steven|\n|player|p2|Boston Blisseys|hiker-gen4|\n|teamsize|p1|6\n|teamsize|p2|6\n|gen|9\n|tier|[Gen 9] National Dex Ubers\n|rule|HP Percentage Mod: HP is shown in percentages\n|rule|Endless Battle Clause: Forcing endless battles is banned\n|rule|OHKO Clause: OHKO moves are banned\n|rule|Evasion Moves Clause: Evasion moves are banned\n|rule|Evasion Items Clause: Evasion items are banned\n|rule|Species Clause: Limit one of each Pok\u00e9mon\n|rule|Sleep Clause Mod: Limit one foe put to sleep\n|rule|Mega Rayquaza Clause: You cannot mega evolve Rayquaza\n|clearpoke\n|poke|p1|Mewtwo|\n|poke|p1|Dragonite, M|\n|poke|p1|Enamorus, F|\n|poke|p1|Hoopa-Unbound|\n|poke|p1|Politoed, M|\n|poke|p1|Blastoise, M|\n|poke|p2|Quaquaval, M|\n|poke|p2|Dragapult, F|\n|poke|p2|Salamence, M|\n|poke|p2|Magearna|\n|poke|p2|Arcanine-Hisui, F|\n|poke|p2|Umbreon, M|\n|teampreview\n|j| medi34\n|c|\u2606Boston Blisseys|Game 3\n|c| medi34|GAME 3 BABY\n|c| medi34|gl guys\n|j| lelza\n|c|\u2606Boston Blisseys|glhf\n|c| medi34|but most important hf\n|\n|t:|1698724161\n|start\n|switch|p1a: Daddy|Blastoise, M|100\/100\n|switch|p2a: Dragapult|Dragapult, F|100\/100\n|turn|1\n|c| lelza|gl hf!!\n|\n|t:|1698724189\n|switch|p2a: Trogdor|Salamence, M|100\/100\n|-ability|p2a: Trogdor|Intimidate|boost\n|-unboost|p1a: Daddy|atk|1\n|-enditem|p1a: Daddy|White Herb\n|-clearnegativeboost|p1a: Daddy|[silent]\n|move|p1a: Daddy|Shell Smash|p1a: Daddy\n|-unboost|p1a: Daddy|def|1\n|-unboost|p1a: Daddy|spd|1\n|-boost|p1a: Daddy|atk|2\n|-boost|p1a: Daddy|spa|2\n|-boost|p1a: Daddy|spe|2\n|\n|upkeep\n|turn|2\n|\n|t:|1698724213\n|-terastallize|p2a: Trogdor|Steel\n|move|p1a: Daddy|Ice Beam|p2a: Trogdor\n|-resisted|p2a: Trogdor\n|-damage|p2a: Trogdor|78\/100\n|move|p2a: Trogdor|Dragon Tail|p1a: Daddy\n|-damage|p1a: Daddy|56\/100\n|drag|p1a: Jafar|Hoopa-Unbound|100\/100\n|\n|upkeep\n|turn|3\n|\n|t:|1698724237\n|move|p1a: Jafar|Drain Punch|p2a: Trogdor\n|-supereffective|p2a: Trogdor\n|-damage|p2a: Trogdor|19\/100\n|move|p2a: Trogdor|Dragon Tail|p1a: Jafar\n|-damage|p1a: Jafar|57\/100\n|drag|p1a: Dwendle|Politoed, M|100\/100\n|-weather|RainDance|[from] ability: Drizzle|[of] p1a: Dwendle\n|\n|-weather|RainDance|[upkeep]\n|upkeep\n|turn|4\n|\n|t:|1698724253\n|switch|p1a: Stupid mofo|Enamorus, F|100\/100\n|move|p2a: Trogdor|Roost|p2a: Trogdor\n|-heal|p2a: Trogdor|69\/100\n|\n|-weather|RainDance|[upkeep]\n|upkeep\n|turn|5\n|\n|t:|1698724262\n|move|p1a: Stupid mofo|Earth Power|p2a: Trogdor\n|-supereffective|p2a: Trogdor\n|-damage|p2a: Trogdor|13\/100\n|move|p2a: Trogdor|Body Slam|p1a: Stupid mofo\n|-damage|p1a: Stupid mofo|58\/100\n|-start|p2a: Trogdor|Attract|[from] ability: Cute Charm|[of] p1a: Stupid mofo\n|\n|-weather|RainDance|[upkeep]\n|upkeep\n|turn|6\n|c| medi34|THE CUTE CHARM PROC\n|c| lelza|OHHHH SNAP\n|\n|t:|1698724280\n|switch|p2a: Mexican Ganon|Quaquaval, M|100\/100\n|move|p1a: Stupid mofo|Earth Power|p2a: Mexican Ganon\n|-damage|p2a: Mexican Ganon|62\/100\n|\n|-weather|RainDance|[upkeep]\n|upkeep\n|turn|7\n|\n|t:|1698724305\n|move|p1a: Stupid mofo|Moonblast|p2a: Mexican Ganon\n|-supereffective|p2a: Mexican Ganon\n|-damage|p2a: Mexican Ganon|0 fnt\n|faint|p2a: Mexican Ganon\n|\n|-weather|RainDance|[upkeep]\n|upkeep\n|\n|t:|1698724317\n|switch|p2a: Bato|Arcanine-Hisui, F|100\/100\n|-item|p2a: Bato|Air Balloon\n|turn|8\n|\n|t:|1698724339\n|switch|p1a: Jafar|Hoopa-Unbound|57\/100\n|move|p2a: Bato|Head Smash|p1a: Jafar\n|-damage|p1a: Jafar|0 fnt\n|faint|p1a: Jafar\n|\n|-weather|RainDance|[upkeep]\n|upkeep\n|\n|t:|1698724354\n|switch|p1a: Rensworth|Dragonite, M|100\/100\n|turn|9\n|\n|t:|1698724369\n|switch|p2a: Dragapult|Dragapult, F|100\/100\n|move|p1a: Rensworth|Hurricane|p2a: Dragapult\n|-damage|p2a: Dragapult|61\/100\n|-start|p2a: Dragapult|confusion\n|\n|-weather|RainDance|[upkeep]\n|upkeep\n|turn|10\n|\n|t:|1698724382\n|switch|p2a: Something Clever|Magearna|100\/100\n|move|p1a: Rensworth|Outrage|p2a: Something Clever\n|-immune|p2a: Something Clever\n|\n|-weather|none\n|upkeep\n|turn|11\n|\n|t:|1698724406\n|-terastallize|p1a: Rensworth|Normal\n|move|p1a: Rensworth|Earthquake|p2a: Something Clever\n|-supereffective|p2a: Something Clever\n|-damage|p2a: Something Clever|53\/100\n|move|p2a: Something Clever|Calm Mind|p2a: Something Clever\n|-boost|p2a: Something Clever|spa|1\n|-boost|p2a: Something Clever|spd|1\n|\n|-heal|p2a: Something Clever|59\/100|[from] item: Leftovers\n|upkeep\n|turn|12\n|\n|t:|1698724428\n|move|p1a: Rensworth|Earthquake|p2a: Something Clever\n|-supereffective|p2a: Something Clever\n|-damage|p2a: Something Clever|11\/100\n|move|p2a: Something Clever|Draining Kiss|p1a: Rensworth\n|-damage|p1a: Rensworth|90\/100\n|-heal|p2a: Something Clever|18\/100|[from] drain|[of] p1a: Rensworth\n|\n|-heal|p2a: Something Clever|24\/100|[from] item: Leftovers\n|upkeep\n|turn|13\n|\n|t:|1698724448\n|switch|p2a: Trogdor|Salamence, M, tera:Steel|13\/100\n|-ability|p2a: Trogdor|Intimidate|boost\n|-unboost|p1a: Rensworth|atk|1\n|move|p1a: Rensworth|Earthquake|p2a: Trogdor\n|-supereffective|p2a: Trogdor\n|-damage|p2a: Trogdor|0 fnt\n|faint|p2a: Trogdor\n|\n|upkeep\n|\n|t:|1698724464\n|switch|p2a: MyChemicalRomance|Umbreon, M|100\/100\n|turn|14\n|\n|t:|1698724474\n|move|p1a: Rensworth|Extreme Speed|p2a: MyChemicalRomance\n|-damage|p2a: MyChemicalRomance|74\/100\n|move|p2a: MyChemicalRomance|Curse|p2a: MyChemicalRomance\n|-unboost|p2a: MyChemicalRomance|spe|1\n|-boost|p2a: MyChemicalRomance|atk|1\n|-boost|p2a: MyChemicalRomance|def|1\n|\n|upkeep\n|turn|15\n|\n|t:|1698724482\n|switch|p1a: Dwendle|Politoed, M|100\/100\n|-weather|RainDance|[from] ability: Drizzle|[of] p1a: Dwendle\n|move|p2a: MyChemicalRomance|Payback|p1a: Dwendle\n|-damage|p1a: Dwendle|83\/100\n|\n|-weather|RainDance|[upkeep]\n|upkeep\n|turn|16\n|\n|t:|1698724496\n|move|p1a: Dwendle|Haze|p1a: Dwendle\n|-clearallboost\n|move|p2a: MyChemicalRomance|Wish|p2a: MyChemicalRomance\n|\n|-weather|RainDance|[upkeep]\n|upkeep\n|turn|17\n|\n|t:|1698724514\n|switch|p1a: Stupid mofo|Enamorus, F|58\/100\n|switch|p2a: Something Clever|Magearna|24\/100\n|\n|-weather|RainDance|[upkeep]\n|-heal|p2a: Something Clever|79\/100|[from] move: Wish|[wisher] MyChemicalRomance\n|-heal|p2a: Something Clever|85\/100|[from] item: Leftovers\n|upkeep\n|turn|18\n|\n|t:|1698724536\n|switch|p2a: MyChemicalRomance|Umbreon, M|74\/100\n|move|p1a: Stupid mofo|Earth Power|p2a: MyChemicalRomance\n|-damage|p2a: MyChemicalRomance|56\/100\n|-unboost|p2a: MyChemicalRomance|spd|1\n|\n|-weather|RainDance|[upkeep]\n|upkeep\n|turn|19\n|\n|t:|1698724547\n|move|p2a: MyChemicalRomance|Protect|p2a: MyChemicalRomance\n|-singleturn|p2a: MyChemicalRomance|Protect\n|move|p1a: Stupid mofo|Moonblast|p2a: MyChemicalRomance\n|-activate|p2a: MyChemicalRomance|move: Protect\n|\n|-weather|RainDance|[upkeep]\n|upkeep\n|turn|20\n|\n|t:|1698724558\n|switch|p2a: Something Clever|Magearna|85\/100\n|move|p1a: Stupid mofo|Moonblast|p2a: Something Clever\n|-resisted|p2a: Something Clever\n|-damage|p2a: Something Clever|62\/100\n|\n|-weather|RainDance|[upkeep]\n|-heal|p2a: Something Clever|69\/100|[from] item: Leftovers\n|upkeep\n|turn|21\n|\n|t:|1698724567\n|switch|p2a: MyChemicalRomance|Umbreon, M|56\/100\n|move|p1a: Stupid mofo|Earth Power|p2a: MyChemicalRomance\n|-crit|p2a: MyChemicalRomance\n|-damage|p2a: MyChemicalRomance|30\/100\n|\n|-weather|RainDance|[upkeep]\n|upkeep\n|turn|22\n|\n|t:|1698724575\n|move|p1a: Stupid mofo|Earth Power|p2a: MyChemicalRomance\n|-damage|p2a: MyChemicalRomance|12\/100\n|-unboost|p2a: MyChemicalRomance|spd|1\n|-enditem|p2a: MyChemicalRomance|Figy Berry|[eat]\n|-heal|p2a: MyChemicalRomance|46\/100|[from] item: Figy Berry\n|move|p2a: MyChemicalRomance|Wish|p2a: MyChemicalRomance\n|\n|-weather|none\n|upkeep\n|turn|23\n|\n|t:|1698724583\n|move|p2a: MyChemicalRomance|Protect|p2a: MyChemicalRomance\n|-singleturn|p2a: MyChemicalRomance|Protect\n|move|p1a: Stupid mofo|Earth Power|p2a: MyChemicalRomance\n|-activate|p2a: MyChemicalRomance|move: Protect\n|\n|-heal|p2a: MyChemicalRomance|96\/100|[from] move: Wish|[wisher] MyChemicalRomance\n|upkeep\n|turn|24\n|\n|t:|1698724595\n|switch|p2a: Bato|Arcanine-Hisui, F|100\/100\n|-item|p2a: Bato|Air Balloon\n|-zpower|p1a: Stupid mofo\n|move|p1a: Stupid mofo|Twinkle Tackle|p2a: Bato|[zeffect]\n|-resisted|p2a: Bato\n|-damage|p2a: Bato|55\/100\n|-enditem|p2a: Bato|Air Balloon\n|\n|upkeep\n|turn|25\n|c| medi34|Oh shoot\n|\n|t:|1698724616\n|move|p1a: Stupid mofo|Earth Power|p2a: Bato\n|-supereffective|p2a: Bato\n|-damage|p2a: Bato|0 fnt\n|faint|p2a: Bato\n|\n|upkeep\n|\n|t:|1698724626\n|switch|p2a: Dragapult|Dragapult, F|61\/100\n|turn|26\n|\n|t:|1698724656\n|switch|p1a: Daddy|Blastoise, M|56\/100\n|-zpower|p2a: Dragapult\n|move|p2a: Dragapult|Never-Ending Nightmare|p1a: Daddy|[zeffect]\n|-damage|p1a: Daddy|0 fnt\n|faint|p1a: Daddy\n|\n|upkeep\n|c| medi34|:o\n|\n|t:|1698724671\n|switch|p1a: Rensworth|Dragonite, M, tera:Normal|90\/100\n|turn|27\n|\n|t:|1698724684\n|switch|p2a: Something Clever|Magearna|69\/100\n|move|p1a: Rensworth|Outrage|p2a: Something Clever\n|-immune|p2a: Something Clever\n|\n|-heal|p2a: Something Clever|75\/100|[from] item: Leftovers\n|upkeep\n|turn|28\n|\n|t:|1698724702\n|move|p1a: Rensworth|Earthquake|p2a: Something Clever\n|-supereffective|p2a: Something Clever\n|-damage|p2a: Something Clever|22\/100\n|move|p2a: Something Clever|Iron Defense|p2a: Something Clever\n|-boost|p2a: Something Clever|def|2\n|\n|-heal|p2a: Something Clever|28\/100|[from] item: Leftovers\n|upkeep\n|turn|29\n|\n|t:|1698724718\n|move|p1a: Rensworth|Earthquake|p2a: Something Clever\n|-supereffective|p2a: Something Clever\n|-damage|p2a: Something Clever|3\/100\n|move|p2a: Something Clever|Draining Kiss|p1a: Rensworth\n|-damage|p1a: Rensworth|76\/100\n|-heal|p2a: Something Clever|13\/100|[from] drain|[of] p1a: Rensworth\n|\n|-heal|p2a: Something Clever|19\/100|[from] item: Leftovers\n|upkeep\n|turn|30\n|\n|t:|1698724734\n|switch|p2a: MyChemicalRomance|Umbreon, M|96\/100\n|move|p1a: Rensworth|Earthquake|p2a: MyChemicalRomance\n|-damage|p2a: MyChemicalRomance|62\/100\n|\n|upkeep\n|turn|31\n|\n|t:|1698724750\n|switch|p1a: Stupid mofo|Enamorus, F|58\/100\n|move|p2a: MyChemicalRomance|Wish|p2a: MyChemicalRomance\n|\n|upkeep\n|turn|32\n|\n|t:|1698724775\n|switch|p1a: Head Tail|Mewtwo, shiny|100\/100\n|-ability|p1a: Head Tail|Unnerve\n|move|p2a: MyChemicalRomance|Curse|p2a: MyChemicalRomance\n|-unboost|p2a: MyChemicalRomance|spe|1\n|-boost|p2a: MyChemicalRomance|atk|1\n|-boost|p2a: MyChemicalRomance|def|1\n|\n|-heal|p2a: MyChemicalRomance|100\/100|[from] move: Wish|[wisher] MyChemicalRomance\n|upkeep\n|turn|33\n|\n|t:|1698724793\n|switch|p1a: Dwendle|Politoed, M|83\/100\n|-weather|RainDance|[from] ability: Drizzle|[of] p1a: Dwendle\n|move|p2a: MyChemicalRomance|Payback|p1a: Dwendle\n|-damage|p1a: Dwendle|65\/100\n|\n|-weather|RainDance|[upkeep]\n|upkeep\n|turn|34\n|\n|t:|1698724805\n|move|p1a: Dwendle|Haze|p1a: Dwendle\n|-clearallboost\n|move|p2a: MyChemicalRomance|Wish|p2a: MyChemicalRomance\n|\n|-weather|RainDance|[upkeep]\n|upkeep\n|turn|35\n|\n|t:|1698724812\n|switch|p1a: Head Tail|Mewtwo, shiny|100\/100\n|-ability|p1a: Head Tail|Unnerve\n|switch|p2a: Something Clever|Magearna|19\/100\n|\n|-weather|RainDance|[upkeep]\n|-heal|p2a: Something Clever|73\/100|[from] move: Wish|[wisher] MyChemicalRomance\n|-heal|p2a: Something Clever|79\/100|[from] item: Leftovers\n|upkeep\n|turn|36\n|\n|t:|1698724826\n|switch|p2a: Dragapult|Dragapult, F|61\/100\n|detailschange|p1a: Head Tail|Mewtwo-Mega-Y, shiny\n|-mega|p1a: Head Tail|Mewtwo|Mewtwonite Y\n|move|p1a: Head Tail|Flamethrower|p2a: Dragapult\n|-resisted|p2a: Dragapult\n|-damage|p2a: Dragapult|48\/100\n|\n|-weather|RainDance|[upkeep]\n|upkeep\n|turn|37\n|\n|t:|1698724845\n|move|p1a: Head Tail|Psystrike|p2a: Dragapult\n|-damage|p2a: Dragapult|0 fnt\n|faint|p2a: Dragapult\n|\n|-weather|RainDance|[upkeep]\n|upkeep\n|\n|t:|1698724855\n|switch|p2a: MyChemicalRomance|Umbreon, M|100\/100\n|turn|38\n|\n|t:|1698724868\n|move|p1a: Head Tail|Flamethrower|p2a: MyChemicalRomance\n|-damage|p2a: MyChemicalRomance|89\/100\n|move|p2a: MyChemicalRomance|Payback|p1a: Head Tail\n|-supereffective|p1a: Head Tail\n|-damage|p1a: Head Tail|39\/100\n|\n|-weather|RainDance|[upkeep]\n|upkeep\n|turn|39\n|\n|t:|1698724878\n|switch|p1a: Stupid mofo|Enamorus, F|58\/100\n|move|p2a: MyChemicalRomance|Payback|p1a: Stupid mofo\n|-resisted|p1a: Stupid mofo\n|-damage|p1a: Stupid mofo|49\/100\n|\n|-weather|RainDance|[upkeep]\n|upkeep\n|turn|40\n|\n|t:|1698724893\n|move|p1a: Stupid mofo|Moonblast|p2a: MyChemicalRomance\n|-supereffective|p2a: MyChemicalRomance\n|-damage|p2a: MyChemicalRomance|39\/100\n|move|p2a: MyChemicalRomance|Wish|p2a: MyChemicalRomance\n|\n|-weather|none\n|upkeep\n|turn|41\n|\n|t:|1698724917\n|switch|p1a: Dwendle|Politoed, M|65\/100\n|-weather|RainDance|[from] ability: Drizzle|[of] p1a: Dwendle\n|switch|p2a: Something Clever|Magearna|79\/100\n|\n|-weather|RainDance|[upkeep]\n|-heal|p2a: Something Clever|100\/100|[from] move: Wish|[wisher] MyChemicalRomance\n|upkeep\n|turn|42\n|\n|t:|1698724930\n|switch|p1a: Rensworth|Dragonite, M, tera:Normal|76\/100\n|move|p2a: Something Clever|Calm Mind|p2a: Something Clever\n|-boost|p2a: Something Clever|spa|1\n|-boost|p2a: Something Clever|spd|1\n|\n|-weather|RainDance|[upkeep]\n|upkeep\n|turn|43\n|\n|t:|1698724946\n|move|p1a: Rensworth|Earthquake|p2a: Something Clever\n|-supereffective|p2a: Something Clever\n|-damage|p2a: Something Clever|56\/100\n|move|p2a: Something Clever|Iron Defense|p2a: Something Clever\n|-boost|p2a: Something Clever|def|2\n|\n|-weather|RainDance|[upkeep]\n|-heal|p2a: Something Clever|62\/100|[from] item: Leftovers\n|upkeep\n|turn|44\n|\n|t:|1698724957\n|switch|p1a: Dwendle|Politoed, M|65\/100\n|move|p2a: Something Clever|Iron Defense|p2a: Something Clever\n|-boost|p2a: Something Clever|def|2\n|\n|-weather|RainDance|[upkeep]\n|-heal|p2a: Something Clever|69\/100|[from] item: Leftovers\n|upkeep\n|turn|45\n|\n|t:|1698724964\n|move|p2a: Something Clever|Stored Power|p1a: Dwendle\n|-damage|p1a: Dwendle|18\/100\n|move|p1a: Dwendle|Haze|p1a: Dwendle\n|-clearallboost\n|\n|-weather|RainDance|[upkeep]\n|-heal|p2a: Something Clever|75\/100|[from] item: Leftovers\n|upkeep\n|turn|46\n|c| medi34|oooooo\n|c| lelza|insane live there\n|\n|t:|1698724990\n|switch|p1a: Rensworth|Dragonite, M, tera:Normal|76\/100\n|move|p2a: Something Clever|Calm Mind|p2a: Something Clever\n|-boost|p2a: Something Clever|spa|1\n|-boost|p2a: Something Clever|spd|1\n|\n|-weather|RainDance|[upkeep]\n|-heal|p2a: Something Clever|81\/100|[from] item: Leftovers\n|upkeep\n|turn|47\n|c| medi34|seriously dude, max Spd politoed or what\n|\n|t:|1698724999\n|move|p1a: Rensworth|Earthquake|p2a: Something Clever\n|-supereffective|p2a: Something Clever\n|-damage|p2a: Something Clever|31\/100\n|move|p2a: Something Clever|Iron Defense|p2a: Something Clever\n|-boost|p2a: Something Clever|def|2\n|\n|-weather|RainDance|[upkeep]\n|-heal|p2a: Something Clever|37\/100|[from] item: Leftovers\n|upkeep\n|turn|48\n|c| medi34|:o\n|\n|t:|1698725033\n|move|p1a: Rensworth|Earthquake|p2a: Something Clever\n|-supereffective|p2a: Something Clever\n|-damage|p2a: Something Clever|12\/100\n|move|p2a: Something Clever|Iron Defense|p2a: Something Clever\n|-boost|p2a: Something Clever|def|2\n|\n|-weather|none\n|-heal|p2a: Something Clever|18\/100|[from] item: Leftovers\n|upkeep\n|turn|49\n|c| medi34|it's gonna be close\n|inactive|Battle timer is ON: inactive players will automatically lose when time's up. (requested by Chikinwang)\n|\n|t:|1698725075\n|move|p1a: Rensworth|Earthquake|p2a: Something Clever\n|-supereffective|p2a: Something Clever\n|-damage|p2a: Something Clever|2\/100\n|move|p2a: Something Clever|Draining Kiss|p1a: Rensworth\n|-damage|p1a: Rensworth|54\/100\n|-heal|p2a: Something Clever|16\/100|[from] drain|[of] p1a: Rensworth\n|\n|-heal|p2a: Something Clever|23\/100|[from] item: Leftovers\n|upkeep\n|turn|50\n|\n|t:|1698725093\n|move|p1a: Rensworth|Earthquake|p2a: Something Clever\n|-supereffective|p2a: Something Clever\n|-damage|p2a: Something Clever|7\/100\n|move|p2a: Something Clever|Draining Kiss|p1a: Rensworth\n|-damage|p1a: Rensworth|33\/100\n|-heal|p2a: Something Clever|21\/100|[from] drain|[of] p1a: Rensworth\n|\n|-heal|p2a: Something Clever|27\/100|[from] item: Leftovers\n|upkeep\n|turn|51\n|\n|t:|1698725109\n|switch|p1a: Head Tail|Mewtwo-Mega-Y, shiny|39\/100\n|move|p2a: Something Clever|Draining Kiss|p1a: Head Tail\n|-damage|p1a: Head Tail|11\/100\n|-heal|p2a: Something Clever|48\/100|[from] drain|[of] p1a: Head Tail\n|\n|-heal|p2a: Something Clever|54\/100|[from] item: Leftovers\n|upkeep\n|turn|52\n|inactive|Boston Blisseys has 270 seconds left.\n|\n|t:|1698725150\n|move|p1a: Head Tail|Flamethrower|p2a: Something Clever\n|-supereffective|p2a: Something Clever\n|-damage|p2a: Something Clever|3\/100\n|move|p2a: Something Clever|Draining Kiss|p1a: Head Tail\n|-damage|p1a: Head Tail|0 fnt\n|-heal|p2a: Something Clever|11\/100|[from] drain|[of] p1a: Head Tail\n|faint|p1a: Head Tail\n|-ability|p2a: Something Clever|Soul-Heart|boost\n|-boost|p2a: Something Clever|spa|1\n|\n|-heal|p2a: Something Clever|17\/100|[from] item: Leftovers\n|upkeep\n|\n|t:|1698725161\n|switch|p1a: Stupid mofo|Enamorus, F|49\/100\n|turn|53\n|inactive|Boston Blisseys has 240 seconds left.\n|\n|t:|1698725195\n|move|p1a: Stupid mofo|Earth Power|p2a: Something Clever\n|-supereffective|p2a: Something Clever\n|-damage|p2a: Something Clever|0 fnt\n|faint|p2a: Something Clever\n|\n|upkeep\n|\n|t:|1698725198\n|switch|p2a: MyChemicalRomance|Umbreon, M|39\/100\n|turn|54\n|\n|t:|1698725203\n|move|p1a: Stupid mofo|Moonblast|p2a: MyChemicalRomance\n|-supereffective|p2a: MyChemicalRomance\n|-damage|p2a: MyChemicalRomance|0 fnt\n|faint|p2a: MyChemicalRomance\n|\n|win|Chikinwang\n|c|\u2606Boston Blisseys|gg\n|c| medi34|dang\n|c| medi34|ggs guys\n|c|\u2606Chikinwang|Gg\n|c| lelza|ggs that was intense\n|c| lelza|well played\n|l|\u2606Chikinwang\n|l|\u2606Boston Blisseys\n|l| medi34\n","uploadtime":1698725438,"views":42,"p1id":"chikinwang","p2id":"bostonblisseys","formatid":"gen9nationaldexubers","rating":0,"private":0,"password":""}