{"id":"gen9nationaldexubers-1982064934","p1":"Quacky4","p2":"CrisWWE","format":"[Gen 9] National Dex Ubers","log":"|j|\u2606Quacky4\n|j|\u2606CrisWWE\n|t:|1698964346\n|gametype|singles\n|player|p1|Quacky4|cynthia-gen4|1117\n|player|p2|CrisWWE|shadowtriad|1043\n|teamsize|p1|6\n|teamsize|p2|6\n|gen|9\n|tier|[Gen 9] National Dex Ubers\n|rated|\n|rule|HP Percentage Mod: HP is shown in percentages\n|rule|Endless Battle Clause: Forcing endless battles is banned\n|rule|OHKO Clause: OHKO moves are banned\n|rule|Evasion Moves Clause: Evasion moves are banned\n|rule|Evasion Items Clause: Evasion items are banned\n|rule|Species Clause: Limit one of each Pok\u00e9mon\n|rule|Sleep Clause Mod: Limit one foe put to sleep\n|rule|Mega Rayquaza Clause: You cannot mega evolve Rayquaza\n|clearpoke\n|poke|p1|Appletun, M|\n|poke|p1|Gliscor, F|\n|poke|p1|Great Tusk|\n|poke|p1|Eternatus|\n|poke|p1|Grafaiai, M|\n|poke|p1|Zeraora|\n|poke|p2|Kangaskhan, F|\n|poke|p2|Cyclizar, F|\n|poke|p2|Lugia|\n|poke|p2|Palafin, M|\n|poke|p2|Calyrex-Ice|\n|poke|p2|Indeedee-F, F|\n|teampreview\n|\n|t:|1698964358\n|start\n|switch|p1a: Grafaiai|Grafaiai, M|100\/100\n|switch|p2a: Cyclizar|Cyclizar, F|100\/100\n|turn|1\n|\n|t:|1698964367\n|move|p2a: Cyclizar|Shed Tail|p2a: Cyclizar\n|-start|p2a: Cyclizar|Substitute|[from] move: Shed Tail\n|-damage|p2a: Cyclizar|50\/100\n|\n|t:|1698964374\n|switch|p2a: Calyrex|Calyrex-Ice|100\/100|[from] Shed Tail\n|-ability|p2a: Calyrex|As One\n|-ability|p2a: Calyrex|Unnerve\n|move|p1a: Grafaiai|Super Fang|p2a: Calyrex\n|-end|p2a: Calyrex|Substitute\n|\n|upkeep\n|turn|2\n|\n|t:|1698964396\n|switch|p2a: Indeedee|Indeedee-F, F|100\/100\n|-fieldstart|move: Psychic Terrain|[from] ability: Psychic Surge|[of] p2a: Indeedee\n|move|p1a: Grafaiai|Taunt|p2a: Indeedee\n|-activate|p2a: Indeedee|move: Psychic Terrain\n|\n|upkeep\n|turn|3\n|\n|t:|1698964406\n|move|p1a: Grafaiai|Parting Shot|p2a: Indeedee\n|-activate|p2a: Indeedee|move: Psychic Terrain\n|move|p2a: Indeedee|Trick Room|p2a: Indeedee\n|-fieldstart|move: Trick Room|[of] p2a: Indeedee\n|\n|upkeep\n|turn|4\n|\n|t:|1698964416\n|switch|p2a: Calyrex|Calyrex-Ice|100\/100\n|-ability|p2a: Calyrex|As One\n|-ability|p2a: Calyrex|Unnerve\n|-enditem|p2a: Calyrex|Psychic Seed\n|-boost|p2a: Calyrex|spd|1|[from] item: Psychic Seed\n|move|p1a: Grafaiai|Super Fang|p2a: Calyrex|[miss]\n|-miss|p1a: Grafaiai|p2a: Calyrex\n|\n|upkeep\n|turn|5\n|\n|t:|1698964428\n|move|p2a: Calyrex|Swords Dance|p2a: Calyrex\n|-boost|p2a: Calyrex|atk|2\n|move|p1a: Grafaiai|Super Fang|p2a: Calyrex\n|-damage|p2a: Calyrex|51\/100\n|\n|upkeep\n|turn|6\n|\n|t:|1698964438\n|move|p1a: Grafaiai|Encore|p2a: Calyrex\n|-activate|p2a: Calyrex|move: Psychic Terrain\n|move|p2a: Calyrex|High Horsepower|p1a: Grafaiai\n|-supereffective|p1a: Grafaiai\n|-damage|p1a: Grafaiai|0 fnt\n|faint|p1a: Grafaiai\n|-ability|p2a: Calyrex|Chilling Neigh|boost\n|-boost|p2a: Calyrex|atk|1\n|\n|upkeep\n|\n|t:|1698964458\n|switch|p1a: Eternatus|Eternatus|100\/100\n|-ability|p1a: Eternatus|Pressure\n|turn|7\n|\n|t:|1698964468\n|-terastallize|p1a: Eternatus|Poison\n|move|p2a: Calyrex|High Horsepower|p1a: Eternatus\n|-supereffective|p1a: Eternatus\n|-damage|p1a: Eternatus|0 fnt\n|faint|p1a: Eternatus\n|-ability|p2a: Calyrex|Chilling Neigh|boost\n|-boost|p2a: Calyrex|atk|1\n|\n|-fieldend|move: Trick Room\n|upkeep\n|\n|t:|1698964473\n|switch|p1a: Great Tusk|Great Tusk|100\/100\n|-enditem|p1a: Great Tusk|Booster Energy\n|-activate|p1a: Great Tusk|ability: Protosynthesis|[fromitem]\n|-start|p1a: Great Tusk|protosynthesisatk\n|turn|8\n|\n|t:|1698964491\n|-terastallize|p2a: Calyrex|Psychic\n|move|p1a: Great Tusk|Headlong Rush|p2a: Calyrex\n|-damage|p2a: Calyrex|4\/100\n|-unboost|p1a: Great Tusk|def|1\n|-unboost|p1a: Great Tusk|spd|1\n|move|p2a: Calyrex|High Horsepower|p1a: Great Tusk\n|-damage|p1a: Great Tusk|0 fnt\n|faint|p1a: Great Tusk\n|-end|p1a: Great Tusk|Protosynthesis|[silent]\n|-ability|p2a: Calyrex|Chilling Neigh|boost\n|-boost|p2a: Calyrex|atk|1\n|\n|upkeep\n|\n|t:|1698964497\n|switch|p1a: Zeraora|Zeraora|100\/100\n|turn|9\n|\n|t:|1698964508\n|move|p1a: Zeraora|Fake Out|p2a: Calyrex\n|-activate|p2a: Calyrex|move: Psychic Terrain\n|move|p2a: Calyrex|Crunch|p1a: Zeraora\n|-damage|p1a: Zeraora|0 fnt\n|faint|p1a: Zeraora\n|-ability|p2a: Calyrex|Chilling Neigh|boost\n|-boost|p2a: Calyrex|atk|1\n|\n|-fieldend|move: Psychic Terrain\n|upkeep\n|-message|Quacky4 forfeited.\n|\n|win|CrisWWE\n|raw|Quacky4's rating: 1117 &rarr; <strong>1087<\/strong><br \/>(-30 for losing)\n|raw|CrisWWE's rating: 1043 &rarr; <strong>1084<\/strong><br \/>(+41 for winning)\n|l|\u2606Quacky4\n","uploadtime":1698964523,"views":10,"p1id":"quacky4","p2id":"criswwe","formatid":"gen9nationaldexubers","rating":1084,"private":0,"password":""}