{"id":"gen9nationaldexubers-1978302990","p1":"letch","p2":"JustMonika_CARR","format":"[Gen 9] National Dex Ubers","log":"|j|\u2606letch\n|j|\u2606JustMonika_CARR\n|t:|1698522840\n|gametype|singles\n|player|p1|letch|wallace|1398\n|player|p2|JustMonika_CARR|dawn|1483\n|teamsize|p1|6\n|teamsize|p2|6\n|gen|9\n|tier|[Gen 9] National Dex Ubers\n|rated|\n|rule|HP Percentage Mod: HP is shown in percentages\n|rule|Endless Battle Clause: Forcing endless battles is banned\n|rule|OHKO Clause: OHKO moves are banned\n|rule|Evasion Moves Clause: Evasion moves are banned\n|rule|Evasion Items Clause: Evasion items are banned\n|rule|Species Clause: Limit one of each Pok\u00e9mon\n|rule|Sleep Clause Mod: Limit one foe put to sleep\n|rule|Mega Rayquaza Clause: You cannot mega evolve Rayquaza\n|clearpoke\n|poke|p1|Kingambit, F|\n|poke|p1|Hatterene, F|\n|poke|p1|Giratina-Origin|\n|poke|p1|Calyrex-Ice|\n|poke|p1|Heracross, M|\n|poke|p1|Magearna|\n|poke|p2|Yveltal|\n|poke|p2|Skarmory, F|\n|poke|p2|Gothitelle, F|\n|poke|p2|Deoxys-Speed|\n|poke|p2|Shuckle, M|\n|poke|p2|Durant, F|\n|teampreview\n|c|\u2606JustMonika_CARR|glhf\n|\n|t:|1698522859\n|start\n|switch|p1a: Hatterene|Hatterene, F|100\/100\n|switch|p2a: Shuckle|Shuckle, M, shiny|100\/100\n|turn|1\n|\n|t:|1698522870\n|move|p1a: Hatterene|Nuzzle|p2a: Shuckle\n|-damage|p2a: Shuckle|97\/100\n|-status|p2a: Shuckle|par\n|move|p2a: Shuckle|Infestation|p1a: Hatterene\n|-damage|p1a: Hatterene|99\/100\n|-activate|p1a: Hatterene|move: Infestation|[of] p2a: Shuckle\n|\n|-damage|p1a: Hatterene|87\/100|[from] move: Infestation|[partiallytrapped]\n|upkeep\n|turn|2\n|\n|t:|1698522878\n|move|p1a: Hatterene|Mystical Fire|p2a: Shuckle\n|-damage|p2a: Shuckle|83\/100 par\n|-boost|p2a: Shuckle|spa|1\n|move|p2a: Shuckle|Shell Smash|p2a: Shuckle\n|-boost|p2a: Shuckle|def|1\n|-boost|p2a: Shuckle|spd|1\n|-unboost|p2a: Shuckle|atk|2\n|-unboost|p2a: Shuckle|spa|2\n|-unboost|p2a: Shuckle|spe|2\n|\n|-damage|p1a: Hatterene|75\/100|[from] move: Infestation|[partiallytrapped]\n|upkeep\n|turn|3\n|\n|t:|1698522888\n|move|p2a: Shuckle|Shell Smash|p2a: Shuckle\n|-boost|p2a: Shuckle|def|1\n|-boost|p2a: Shuckle|spd|1\n|-unboost|p2a: Shuckle|atk|2\n|-unboost|p2a: Shuckle|spa|2\n|-unboost|p2a: Shuckle|spe|2\n|move|p1a: Hatterene|Trick Room|p1a: Hatterene\n|-fieldstart|move: Trick Room|[of] p1a: Hatterene\n|\n|-damage|p1a: Hatterene|62\/100|[from] move: Infestation|[partiallytrapped]\n|upkeep\n|turn|4\n|\n|t:|1698522895\n|move|p2a: Shuckle|Shell Smash|p2a: Shuckle\n|-boost|p2a: Shuckle|def|1\n|-boost|p2a: Shuckle|spd|1\n|-unboost|p2a: Shuckle|atk|2\n|-unboost|p2a: Shuckle|spa|2\n|-unboost|p2a: Shuckle|spe|2\n|move|p1a: Hatterene|Healing Wish|p1a: Hatterene\n|faint|p1a: Hatterene\n|\n|upkeep\n|\n|t:|1698522927\n|switch|p1a: Heracross|Heracross, M|100\/100\n|turn|5\n|\n|t:|1698522932\n|move|p2a: Shuckle|Infestation|p1a: Heracross\n|-resisted|p1a: Heracross\n|-damage|p1a: Heracross|99\/100\n|-activate|p1a: Heracross|move: Infestation|[of] p2a: Shuckle\n|move|p1a: Heracross|Curse|p1a: Heracross\n|-unboost|p1a: Heracross|spe|1\n|-boost|p1a: Heracross|atk|1\n|-boost|p1a: Heracross|def|1\n|\n|-damage|p1a: Heracross|88\/100|[from] move: Infestation|[partiallytrapped]\n|upkeep\n|turn|6\n|\n|t:|1698522940\n|detailschange|p1a: Heracross|Heracross-Mega, M\n|-mega|p1a: Heracross|Heracross|Heracronite\n|move|p2a: Shuckle|Shell Smash|p2a: Shuckle\n|-boost|p2a: Shuckle|def|1\n|-boost|p2a: Shuckle|spd|1\n|-unboost|p2a: Shuckle|atk|0\n|-unboost|p2a: Shuckle|spa|1\n|-unboost|p2a: Shuckle|spe|0\n|move|p1a: Heracross|Rock Blast|p2a: Shuckle|[miss]\n|-miss|p1a: Heracross|p2a: Shuckle\n|\n|-damage|p1a: Heracross|75\/100|[from] move: Infestation|[partiallytrapped]\n|upkeep\n|turn|7\n|\n|t:|1698522950\n|cant|p2a: Shuckle|par\n|move|p1a: Heracross|Rock Blast|p2a: Shuckle\n|-supereffective|p2a: Shuckle\n|-damage|p2a: Shuckle|75\/100 par\n|-supereffective|p2a: Shuckle\n|-damage|p2a: Shuckle|66\/100 par\n|-supereffective|p2a: Shuckle\n|-crit|p2a: Shuckle\n|-damage|p2a: Shuckle|32\/100 par\n|-supereffective|p2a: Shuckle\n|-damage|p2a: Shuckle|24\/100 par\n|-supereffective|p2a: Shuckle\n|-damage|p2a: Shuckle|15\/100 par\n|-hitcount|p2a: Shuckle|5\n|\n|-damage|p1a: Heracross|63\/100|[from] move: Infestation|[partiallytrapped]\n|-fieldend|move: Trick Room\n|upkeep\n|turn|8\n|\n|t:|1698522969\n|-terastallize|p2a: Shuckle|Electric\n|move|p1a: Heracross|Rock Blast|p2a: Shuckle\n|-damage|p2a: Shuckle|11\/100 par\n|-damage|p2a: Shuckle|7\/100 par\n|-damage|p2a: Shuckle|3\/100 par\n|-damage|p2a: Shuckle|0 fnt\n|faint|p2a: Shuckle\n|-hitcount|p2: Shuckle|4\n|\n|-end|p1a: Heracross|Infestation|[partiallytrapped]|[silent]\n|upkeep\n|\n|t:|1698522978\n|switch|p2a: Skarmory|Skarmory, F, shiny|100\/100\n|turn|9\n|\n|t:|1698522983\n|move|p2a: Skarmory|Stealth Rock|p1a: Heracross\n|-sidestart|p1: letch|move: Stealth Rock\n|move|p1a: Heracross|Rock Blast|p2a: Skarmory\n|-damage|p2a: Skarmory|86\/100\n|-damage|p2a: Skarmory|72\/100\n|-damage|p2a: Skarmory|58\/100\n|-damage|p2a: Skarmory|44\/100\n|-damage|p2a: Skarmory|28\/100\n|-hitcount|p2a: Skarmory|5\n|\n|-heal|p2a: Skarmory|34\/100|[from] item: Leftovers\n|upkeep\n|turn|10\n|\n|t:|1698522996\n|move|p2a: Skarmory|Spikes|p1a: Heracross\n|-sidestart|p1: letch|Spikes\n|move|p1a: Heracross|Low Kick|p2a: Skarmory\n|-damage|p2a: Skarmory|0 fnt\n|faint|p2a: Skarmory\n|\n|upkeep\n|\n|t:|1698523003\n|switch|p2a: Deoxys|Deoxys-Speed, shiny|100\/100\n|-ability|p2a: Deoxys|Pressure\n|turn|11\n|\n|t:|1698523007\n|move|p2a: Deoxys|Reflect|p2a: Deoxys\n|-sidestart|p2: JustMonika_CARR|Reflect\n|move|p1a: Heracross|Pin Missile|p2a: Deoxys\n|-supereffective|p2a: Deoxys\n|-damage|p2a: Deoxys|68\/100\n|-supereffective|p2a: Deoxys\n|-damage|p2a: Deoxys|36\/100\n|-supereffective|p2a: Deoxys\n|-damage|p2a: Deoxys|3\/100\n|-supereffective|p2a: Deoxys\n|-damage|p2a: Deoxys|0 fnt\n|faint|p2a: Deoxys\n|-hitcount|p2: Deoxys|4\n|\n|upkeep\n|\n|t:|1698523017\n|switch|p2a: Yveltal|Yveltal, shiny|100\/100\n|-ability|p2a: Yveltal|Dark Aura\n|turn|12\n|\n|t:|1698523025\n|move|p2a: Yveltal|Sucker Punch|p1a: Heracross\n|-resisted|p1a: Heracross\n|-damage|p1a: Heracross|52\/100\n|move|p1a: Heracross|Rock Blast|p2a: Yveltal\n|-supereffective|p2a: Yveltal\n|-damage|p2a: Yveltal|88\/100\n|-supereffective|p2a: Yveltal\n|-damage|p2a: Yveltal|76\/100\n|-supereffective|p2a: Yveltal\n|-damage|p2a: Yveltal|64\/100\n|-supereffective|p2a: Yveltal\n|-damage|p2a: Yveltal|53\/100\n|-supereffective|p2a: Yveltal\n|-damage|p2a: Yveltal|41\/100\n|-hitcount|p2a: Yveltal|5\n|\n|-heal|p2a: Yveltal|47\/100|[from] item: Leftovers\n|upkeep\n|turn|13\n|\n|t:|1698523041\n|move|p2a: Yveltal|Dark Pulse|p1a: Heracross\n|-resisted|p1a: Heracross\n|-damage|p1a: Heracross|30\/100\n|move|p1a: Heracross|Low Kick|p2a: Yveltal\n|-damage|p2a: Yveltal|7\/100\n|\n|-heal|p2a: Yveltal|13\/100|[from] item: Leftovers\n|upkeep\n|turn|14\n|\n|t:|1698523048\n|move|p2a: Yveltal|Dark Pulse|p1a: Heracross\n|-resisted|p1a: Heracross\n|-damage|p1a: Heracross|10\/100\n|move|p1a: Heracross|Pin Missile|p2a: Yveltal\n|-damage|p2a: Yveltal|5\/100\n|-damage|p2a: Yveltal|0 fnt\n|faint|p2a: Yveltal\n|-hitcount|p2: Yveltal|2\n|\n|upkeep\n|\n|t:|1698523056\n|switch|p2a: Durant|Durant, F, shiny|100\/100\n|turn|15\n|\n|t:|1698523061\n|move|p2a: Durant|Entrainment|p1a: Heracross\n|-endability|p1a: Heracross|Skill Link|[from] move: Entrainment\n|-ability|p1a: Heracross|Truant|[from] move: Entrainment\n|move|p1a: Heracross|Rock Blast|p2a: Durant\n|-damage|p2a: Durant|89\/100\n|-damage|p2a: Durant|77\/100\n|-damage|p2a: Durant|66\/100\n|-damage|p2a: Durant|54\/100\n|-damage|p2a: Durant|43\/100\n|-hitcount|p2a: Durant|5\n|\n|upkeep\n|turn|16\n|\n|t:|1698523071\n|switch|p2a: Gothitelle|Gothitelle, F, shiny|100\/100\n|switch|p1a: Kingambit|Kingambit, F, shiny|100\/100\n|-damage|p1a: Kingambit|94\/100|[from] Stealth Rock\n|-damage|p1a: Kingambit|82\/100|[from] Spikes\n|\n|upkeep\n|turn|17\n|\n|t:|1698523078\n|-activate|p2a: Gothitelle|move: Pursuit\n|move|p1a: Kingambit|Pursuit|p2a: Gothitelle|[from]Pursuit\n|-supereffective|p2a: Gothitelle\n|-damage|p2a: Gothitelle|46\/100\n|-damage|p1a: Kingambit|72\/100|[from] item: Life Orb\n|switch|p2a: Durant|Durant, F, shiny|43\/100\n|\n|upkeep\n|turn|18\n|\n|t:|1698523099\n|move|p1a: Kingambit|Sucker Punch||[still]\n|-fail|p1a: Kingambit\n|move|p2a: Durant|Entrainment|p1a: Kingambit\n|-endability|p1a: Kingambit|Defiant|[from] move: Entrainment\n|-ability|p1a: Kingambit|Truant|[from] move: Entrainment\n|\n|-sideend|p2: JustMonika_CARR|Reflect\n|upkeep\n|turn|19\n|\n|t:|1698523105\n|switch|p1a: Magearna|Magearna|100\/100\n|-damage|p1a: Magearna|94\/100|[from] Stealth Rock\n|-damage|p1a: Magearna|82\/100|[from] Spikes\n|cant|p2a: Durant|ability: Truant\n|\n|upkeep\n|turn|20\n|\n|t:|1698523113\n|move|p2a: Durant|Entrainment|p1a: Magearna\n|-endability|p1a: Magearna|Soul-Heart|[from] move: Entrainment\n|-ability|p1a: Magearna|Truant|[from] move: Entrainment\n|move|p1a: Magearna|Shift Gear|p1a: Magearna\n|-boost|p1a: Magearna|spe|2\n|-boost|p1a: Magearna|atk|1\n|\n|upkeep\n|turn|21\n|\n|t:|1698523119\n|switch|p1a: Kingambit|Kingambit, F, shiny|72\/100\n|-heal|p1a: Kingambit|100\/100|[from] move: Healing Wish\n|-damage|p1a: Kingambit|94\/100|[from] Stealth Rock\n|-damage|p1a: Kingambit|82\/100|[from] Spikes\n|cant|p2a: Durant|ability: Truant\n|\n|upkeep\n|turn|22\n|\n|t:|1698523126\n|-terastallize|p1a: Kingambit|Steel\n|move|p2a: Durant|Entrainment|p1a: Kingambit\n|-endability|p1a: Kingambit|Defiant|[from] move: Entrainment\n|-ability|p1a: Kingambit|Truant|[from] move: Entrainment\n|move|p1a: Kingambit|Iron Head|p2a: Durant\n|-resisted|p2a: Durant\n|-damage|p2a: Durant|0 fnt\n|faint|p2a: Durant\n|-damage|p1a: Kingambit|72\/100|[from] item: Life Orb\n|\n|upkeep\n|\n|t:|1698523135\n|switch|p2a: Gothitelle|Gothitelle, F, shiny|46\/100\n|turn|23\n|\n|t:|1698523139\n|move|p2a: Gothitelle|Substitute|p2a: Gothitelle\n|-start|p2a: Gothitelle|Substitute\n|-damage|p2a: Gothitelle|21\/100\n|-enditem|p2a: Gothitelle|Starf Berry|[eat]\n|-boost|p2a: Gothitelle|def|2|[from] item: Starf Berry\n|cant|p1a: Kingambit|ability: Truant\n|\n|upkeep\n|turn|24\n|\n|t:|1698523147\n|move|p2a: Gothitelle|Protect|p2a: Gothitelle\n|-singleturn|p2a: Gothitelle|Protect\n|move|p1a: Kingambit|Pursuit|p2a: Gothitelle\n|-activate|p2a: Gothitelle|move: Protect\n|\n|upkeep\n|turn|25\n|\n|t:|1698523155\n|move|p2a: Gothitelle|Recycle|p2a: Gothitelle\n|-item|p2a: Gothitelle|Starf Berry|[from] move: Recycle\n|-enditem|p2a: Gothitelle|Starf Berry|[eat]\n|-boost|p2a: Gothitelle|spd|2|[from] item: Starf Berry\n|cant|p1a: Kingambit|ability: Truant\n|\n|upkeep\n|turn|26\n|\n|t:|1698523157\n|move|p2a: Gothitelle|Protect|p2a: Gothitelle\n|-singleturn|p2a: Gothitelle|Protect\n|move|p1a: Kingambit|Pursuit|p2a: Gothitelle\n|-activate|p2a: Gothitelle|move: Protect\n|\n|upkeep\n|turn|27\n|\n|t:|1698523159\n|move|p2a: Gothitelle|Recycle|p2a: Gothitelle\n|-item|p2a: Gothitelle|Starf Berry|[from] move: Recycle\n|-enditem|p2a: Gothitelle|Starf Berry|[eat]\n|-boost|p2a: Gothitelle|spe|2|[from] item: Starf Berry\n|cant|p1a: Kingambit|ability: Truant\n|\n|upkeep\n|turn|28\n|\n|t:|1698523161\n|move|p2a: Gothitelle|Protect|p2a: Gothitelle\n|-singleturn|p2a: Gothitelle|Protect\n|move|p1a: Kingambit|Pursuit|p2a: Gothitelle\n|-activate|p2a: Gothitelle|move: Protect\n|\n|upkeep\n|turn|29\n|\n|t:|1698523162\n|move|p2a: Gothitelle|Recycle|p2a: Gothitelle\n|-item|p2a: Gothitelle|Starf Berry|[from] move: Recycle\n|-enditem|p2a: Gothitelle|Starf Berry|[eat]\n|-boost|p2a: Gothitelle|spe|2|[from] item: Starf Berry\n|cant|p1a: Kingambit|ability: Truant\n|\n|upkeep\n|turn|30\n|\n|t:|1698523164\n|move|p2a: Gothitelle|Protect|p2a: Gothitelle\n|-singleturn|p2a: Gothitelle|Protect\n|move|p1a: Kingambit|Pursuit|p2a: Gothitelle\n|-activate|p2a: Gothitelle|move: Protect\n|\n|upkeep\n|turn|31\n|\n|t:|1698523168\n|move|p2a: Gothitelle|Recycle|p2a: Gothitelle\n|-item|p2a: Gothitelle|Starf Berry|[from] move: Recycle\n|-enditem|p2a: Gothitelle|Starf Berry|[eat]\n|-boost|p2a: Gothitelle|def|2|[from] item: Starf Berry\n|cant|p1a: Kingambit|ability: Truant\n|\n|upkeep\n|turn|32\n|\n|t:|1698523170\n|move|p2a: Gothitelle|Protect|p2a: Gothitelle\n|-singleturn|p2a: Gothitelle|Protect\n|move|p1a: Kingambit|Pursuit|p2a: Gothitelle\n|-activate|p2a: Gothitelle|move: Protect\n|\n|upkeep\n|turn|33\n|\n|t:|1698523171\n|move|p2a: Gothitelle|Recycle|p2a: Gothitelle\n|-item|p2a: Gothitelle|Starf Berry|[from] move: Recycle\n|-enditem|p2a: Gothitelle|Starf Berry|[eat]\n|-boost|p2a: Gothitelle|def|2|[from] item: Starf Berry\n|cant|p1a: Kingambit|ability: Truant\n|\n|upkeep\n|turn|34\n|\n|t:|1698523176\n|move|p2a: Gothitelle|Protect|p2a: Gothitelle\n|-singleturn|p2a: Gothitelle|Protect\n|move|p1a: Kingambit|Sucker Punch||[still]\n|-fail|p1a: Kingambit\n|\n|upkeep\n|turn|35\n|\n|t:|1698523179\n|cant|p1a: Kingambit|ability: Truant\n|move|p2a: Gothitelle|Recycle|p2a: Gothitelle\n|-item|p2a: Gothitelle|Starf Berry|[from] move: Recycle\n|-enditem|p2a: Gothitelle|Starf Berry|[eat]\n|-boost|p2a: Gothitelle|spd|2|[from] item: Starf Berry\n|\n|upkeep\n|turn|36\n|\n|t:|1698523183\n|move|p2a: Gothitelle|Protect|p2a: Gothitelle\n|-singleturn|p2a: Gothitelle|Protect\n|move|p1a: Kingambit|Pursuit|p2a: Gothitelle\n|-activate|p2a: Gothitelle|move: Protect\n|\n|upkeep\n|turn|37\n|\n|t:|1698523187\n|move|p2a: Gothitelle|Recycle|p2a: Gothitelle\n|-item|p2a: Gothitelle|Starf Berry|[from] move: Recycle\n|-enditem|p2a: Gothitelle|Starf Berry|[eat]\n|-boost|p2a: Gothitelle|spe|2|[from] item: Starf Berry\n|cant|p1a: Kingambit|ability: Truant\n|\n|upkeep\n|turn|38\n|\n|t:|1698523189\n|move|p2a: Gothitelle|Protect|p2a: Gothitelle\n|-singleturn|p2a: Gothitelle|Protect\n|move|p1a: Kingambit|Sucker Punch||[still]\n|-fail|p1a: Kingambit\n|\n|upkeep\n|turn|39\n|\n|t:|1698523197\n|move|p2a: Gothitelle|Recycle|p2a: Gothitelle\n|-item|p2a: Gothitelle|Starf Berry|[from] move: Recycle\n|-enditem|p2a: Gothitelle|Starf Berry|[eat]\n|-boost|p2a: Gothitelle|spa|2|[from] item: Starf Berry\n|cant|p1a: Kingambit|ability: Truant\n|\n|upkeep\n|turn|40\n|\n|t:|1698523203\n|move|p2a: Gothitelle|Protect|p2a: Gothitelle\n|-singleturn|p2a: Gothitelle|Protect\n|move|p1a: Kingambit|Pursuit|p2a: Gothitelle\n|-activate|p2a: Gothitelle|move: Protect\n|\n|upkeep\n|turn|41\n|\n|t:|1698523207\n|move|p2a: Gothitelle|Recycle|p2a: Gothitelle\n|-item|p2a: Gothitelle|Starf Berry|[from] move: Recycle\n|-enditem|p2a: Gothitelle|Starf Berry|[eat]\n|-boost|p2a: Gothitelle|atk|2|[from] item: Starf Berry\n|cant|p1a: Kingambit|ability: Truant\n|\n|upkeep\n|turn|42\n|\n|t:|1698523210\n|move|p2a: Gothitelle|Protect|p2a: Gothitelle\n|-singleturn|p2a: Gothitelle|Protect\n|move|p1a: Kingambit|Pursuit|p2a: Gothitelle\n|-activate|p2a: Gothitelle|move: Protect\n|\n|upkeep\n|turn|43\n|\n|t:|1698523214\n|move|p2a: Gothitelle|Recycle|p2a: Gothitelle\n|-item|p2a: Gothitelle|Starf Berry|[from] move: Recycle\n|-enditem|p2a: Gothitelle|Starf Berry|[eat]\n|-boost|p2a: Gothitelle|spd|2|[from] item: Starf Berry\n|cant|p1a: Kingambit|ability: Truant\n|\n|upkeep\n|turn|44\n|\n|t:|1698523217\n|move|p2a: Gothitelle|Protect|p2a: Gothitelle\n|-singleturn|p2a: Gothitelle|Protect\n|move|p1a: Kingambit|Pursuit|p2a: Gothitelle\n|-activate|p2a: Gothitelle|move: Protect\n|\n|upkeep\n|turn|45\n|\n|t:|1698523219\n|move|p2a: Gothitelle|Recycle|p2a: Gothitelle\n|-item|p2a: Gothitelle|Starf Berry|[from] move: Recycle\n|-enditem|p2a: Gothitelle|Starf Berry|[eat]\n|-boost|p2a: Gothitelle|spa|2|[from] item: Starf Berry\n|cant|p1a: Kingambit|ability: Truant\n|\n|upkeep\n|turn|46\n|\n|t:|1698523223\n|move|p2a: Gothitelle|Protect|p2a: Gothitelle\n|-singleturn|p2a: Gothitelle|Protect\n|move|p1a: Kingambit|Pursuit|p2a: Gothitelle\n|-activate|p2a: Gothitelle|move: Protect\n|\n|upkeep\n|turn|47\n|inactive|Battle timer is ON: inactive players will automatically lose when time's up. (requested by JustMonika_CARR)\n|\n|t:|1698523239\n|move|p2a: Gothitelle|Recycle|p2a: Gothitelle\n|-item|p2a: Gothitelle|Starf Berry|[from] move: Recycle\n|-enditem|p2a: Gothitelle|Starf Berry|[eat]\n|-boost|p2a: Gothitelle|atk|2|[from] item: Starf Berry\n|cant|p1a: Kingambit|ability: Truant\n|\n|upkeep\n|turn|48\n|\n|t:|1698523250\n|move|p2a: Gothitelle|Protect|p2a: Gothitelle\n|-singleturn|p2a: Gothitelle|Protect\n|move|p1a: Kingambit|Pursuit|p2a: Gothitelle\n|-activate|p2a: Gothitelle|move: Protect\n|\n|upkeep\n|turn|49\n|\n|t:|1698523253\n|move|p2a: Gothitelle|Recycle|p2a: Gothitelle\n|-item|p2a: Gothitelle|Starf Berry|[from] move: Recycle\n|-enditem|p2a: Gothitelle|Starf Berry|[eat]\n|-boost|p2a: Gothitelle|spa|2|[from] item: Starf Berry\n|cant|p1a: Kingambit|ability: Truant\n|\n|upkeep\n|turn|50\n|\n|t:|1698523261\n|move|p2a: Gothitelle|Protect|p2a: Gothitelle\n|-singleturn|p2a: Gothitelle|Protect\n|move|p1a: Kingambit|Pursuit|p2a: Gothitelle\n|-activate|p2a: Gothitelle|move: Protect\n|\n|upkeep\n|turn|51\n|\n|t:|1698523267\n|move|p2a: Gothitelle|Dark Pulse|p1a: Kingambit\n|-damage|p1a: Kingambit|0 fnt\n|faint|p1a: Kingambit\n|\n|upkeep\n|\n|t:|1698523292\n|switch|p1a: Giratina|Giratina-Origin|100\/100\n|-damage|p1a: Giratina|88\/100|[from] Stealth Rock\n|turn|52\n|\n|t:|1698523296\n|move|p2a: Gothitelle|Dark Pulse|p1a: Giratina\n|-supereffective|p1a: Giratina\n|-damage|p1a: Giratina|0 fnt\n|faint|p1a: Giratina\n|\n|upkeep\n|\n|t:|1698523299\n|switch|p1a: Magearna|Magearna|82\/100\n|-damage|p1a: Magearna|76\/100|[from] Stealth Rock\n|-damage|p1a: Magearna|64\/100|[from] Spikes\n|turn|53\n|\n|t:|1698523305\n|move|p2a: Gothitelle|Dark Pulse|p1a: Magearna\n|-resisted|p1a: Magearna\n|-damage|p1a: Magearna|28\/100\n|move|p1a: Magearna|Draining Kiss|p2a: Gothitelle\n|-activate|p2a: Gothitelle|move: Substitute|[damage]\n|-heal|p1a: Magearna|33\/100|[from] drain|[of] p2a: Gothitelle\n|\n|upkeep\n|turn|54\n|\n|t:|1698523312\n|move|p2a: Gothitelle|Dark Pulse|p1a: Magearna\n|-resisted|p1a: Magearna\n|-damage|p1a: Magearna|0 fnt\n|faint|p1a: Magearna\n|\n|upkeep\n|\n|t:|1698523317\n|switch|p1a: Calyrex|Calyrex-Ice|100\/100\n|-ability|p1a: Calyrex|As One\n|-ability|p1a: Calyrex|Unnerve\n|-damage|p1a: Calyrex|76\/100|[from] Stealth Rock\n|-damage|p1a: Calyrex|63\/100|[from] Spikes\n|turn|55\n|\n|t:|1698523324\n|move|p2a: Gothitelle|Dark Pulse|p1a: Calyrex\n|-supereffective|p1a: Calyrex\n|-damage|p1a: Calyrex|0 fnt\n|faint|p1a: Calyrex\n|\n|upkeep\n|\n|t:|1698523327\n|switch|p1a: Heracross|Heracross-Mega, M|10\/100\n|-damage|p1a: Heracross|0 fnt|[from] Stealth Rock\n|faint|p1a: Heracross\n|\n|win|JustMonika_CARR\n|raw|letch's rating: 1398 &rarr; <strong>1383<\/strong><br \/>(-15 for losing)\n|raw|JustMonika_CARR's rating: 1483 &rarr; <strong>1498<\/strong><br \/>(+15 for winning)\n|l|\u2606letch\n|c|\u2606JustMonika_CARR|gg\n","uploadtime":1698523334,"views":4,"p1id":"letch","p2id":"justmonikacarr","formatid":"gen9nationaldexubers","rating":1383,"private":0,"password":""}