{"id":"gen9nationaldexubers-1997028765","p1":"dropthemike","p2":"Save a Solar","format":"[Gen 9] National Dex Ubers","log":"|j|\u2606dropthemike\n|j|\u2606Save a Solar\n|t:|1700757294\n|gametype|singles\n|player|p1|dropthemike|roxie|\n|player|p2|Save a Solar|brassius|\n|teamsize|p1|6\n|teamsize|p2|6\n|gen|9\n|tier|[Gen 9] National Dex Ubers\n|rule|HP Percentage Mod: HP is shown in percentages\n|rule|Endless Battle Clause: Forcing endless battles is banned\n|rule|OHKO Clause: OHKO moves are banned\n|rule|Evasion Moves Clause: Evasion moves are banned\n|rule|Evasion Items Clause: Evasion items are banned\n|rule|Species Clause: Limit one of each Pok\u00e9mon\n|rule|Sleep Clause Mod: Limit one foe put to sleep\n|rule|Mega Rayquaza Clause: You cannot mega evolve Rayquaza\n|clearpoke\n|poke|p1|Zygarde|\n|poke|p1|Groudon|\n|poke|p1|Ho-Oh|\n|poke|p1|Zacian-*|\n|poke|p1|Arceus-Dark|\n|poke|p1|Rattata, F|\n|poke|p2|Palkia-Origin|\n|poke|p2|Necrozma-Dusk-Mane|\n|poke|p2|Grimmsnarl, M|\n|poke|p2|Darmanitan-Galar, M|\n|poke|p2|Ditto|\n|poke|p2|Zygarde|\n|teampreview\n|c|\u2606dropthemike|Oops\n|c|\u2606Save a Solar|?\n|c|\u2606dropthemike|Wait\n|c|\u2606dropthemike|Nvm\n|c|\u2606dropthemike|We're good\n|\n|t:|1700757314\n|start\n|switch|p1a: Rattata|Rattata, F|100\/100\n|switch|p2a: HARRY|Grimmsnarl, M, shiny|100\/100\n|turn|1\n|inactive|Battle timer is ON: inactive players will automatically lose when time's up. (requested by dropthemike)\n|\n|t:|1700757328\n|move|p2a: HARRY|Reflect|p2a: HARRY\n|-sidestart|p2: Save a Solar|Reflect\n|move|p1a: Rattata|Super Fang|p2a: HARRY|[miss]\n|-miss|p1a: Rattata|p2a: HARRY\n|\n|upkeep\n|turn|2\n|\n|t:|1700757335\n|move|p1a: Rattata|Super Fang|p2a: HARRY\n|-damage|p2a: HARRY|51\/100\n|move|p2a: HARRY|Spirit Break|p1a: Rattata\n|-enditem|p1a: Rattata|Focus Sash\n|-damage|p1a: Rattata|1\/100\n|-unboost|p1a: Rattata|spa|1\n|\n|upkeep\n|turn|3\n|\n|t:|1700757343\n|move|p2a: HARRY|Light Screen|p2a: HARRY\n|-sidestart|p2: Save a Solar|move: Light Screen\n|move|p1a: Rattata|Endeavor|p2a: HARRY\n|-damage|p2a: HARRY|1\/100\n|\n|upkeep\n|turn|4\n|\n|t:|1700757349\n|move|p1a: Rattata|Quick Attack|p2a: HARRY\n|-damage|p2a: HARRY|0 fnt\n|faint|p2a: HARRY\n|\n|upkeep\n|\n|t:|1700757363\n|switch|p2a: Green Dhar Mann|Darmanitan-Galar, M, shiny|100\/100\n|turn|5\n|\n|t:|1700757373\n|move|p2a: Green Dhar Mann|Icicle Crash|p1a: Rattata|[miss]\n|-miss|p2a: Green Dhar Mann|p1a: Rattata\n|move|p1a: Rattata|Endeavor|p2a: Green Dhar Mann\n|-damage|p2a: Green Dhar Mann|1\/100\n|\n|upkeep\n|turn|6\n|c|\u2606Save a Solar|aaaaaaaaaaaaaaaaaaaaa\n|c|\u2606Save a Solar|aaaaaaaaaaaaa\n|c|\u2606dropthemike|YES\n|\n|t:|1700757383\n|move|p2a: Green Dhar Mann|Icicle Crash|p1a: Rattata\n|-damage|p1a: Rattata|0 fnt\n|faint|p1a: Rattata\n|\n|upkeep\n|c|\u2606dropthemike|Misclicked\n|c|\u2606Save a Solar|good\n|\n|t:|1700757395\n|switch|p1a: Groudon|Groudon|100\/100\n|detailschange|p1a: Groudon|Groudon-Primal\n|-primal|p1a: Groudon|Red Orb\n|-weather|DesolateLand|[from] ability: Desolate Land|[of] p1a: Groudon\n|turn|7\n|\n|t:|1700757403\n|move|p2a: Green Dhar Mann|Icicle Crash|p1a: Groudon\n|-damage|p1a: Groudon|41\/100\n|move|p1a: Groudon|Precipice Blades|p2a: Green Dhar Mann\n|-crit|p2a: Green Dhar Mann\n|-damage|p2a: Green Dhar Mann|0 fnt\n|faint|p2a: Green Dhar Mann\n|\n|-weather|DesolateLand|[upkeep]\n|upkeep\n|\n|t:|1700757414\n|switch|p2a: T#X: DEMON|Zygarde, shiny|100\/100\n|turn|8\n|\n|t:|1700757421\n|move|p2a: T#X: DEMON|Thousand Waves|p1a: Groudon\n|-supereffective|p1a: Groudon\n|-damage|p1a: Groudon|0 fnt\n|faint|p1a: Groudon\n|-weather|none\n|\n|-sideend|p2: Save a Solar|Reflect\n|upkeep\n|\n|t:|1700757443\n|switch|p1a: Ho-Oh|Ho-Oh|100\/100\n|turn|9\n|\n|t:|1700757452\n|switch|p2a: #T2: STEELION|Necrozma-Dusk-Mane, shiny|100\/100\n|move|p1a: Ho-Oh|Whirlwind|p2a: #T2: STEELION\n|drag|p2a: I'M YOU!|Ditto, shiny|100\/100\n|-transform|p2a: I'M YOU!|p1a: Ho-Oh|[from] ability: Imposter\n|\n|upkeep\n|turn|10\n|\n|t:|1700757462\n|move|p2a: I'M YOU!|Toxic|p1a: Ho-Oh\n|-status|p1a: Ho-Oh|tox\n|move|p1a: Ho-Oh|Toxic|p2a: I'M YOU!\n|-status|p2a: I'M YOU!|tox\n|\n|-damage|p2a: I'M YOU!|94\/100 tox|[from] psn\n|-damage|p1a: Ho-Oh|94\/100 tox|[from] psn\n|-sideend|p2: Save a Solar|move: Light Screen\n|upkeep\n|turn|11\n|\n|t:|1700757472\n|switch|p2a: #T2: STEELION|Necrozma-Dusk-Mane, shiny|100\/100\n|move|p1a: Ho-Oh|Whirlwind|p2a: #T2: STEELION\n|drag|p2a: #T3: CENTAUR|Palkia-Origin, shiny|100\/100\n|-ability|p2a: #T3: CENTAUR|Pressure\n|\n|-damage|p1a: Ho-Oh|82\/100 tox|[from] psn\n|upkeep\n|turn|12\n|\n|t:|1700757486\n|move|p2a: #T3: CENTAUR|Hydro Pump|p1a: Ho-Oh|[miss]\n|-miss|p2a: #T3: CENTAUR|p1a: Ho-Oh\n|move|p1a: Ho-Oh|Toxic|p2a: #T3: CENTAUR|[miss]\n|-miss|p1a: Ho-Oh|p2a: #T3: CENTAUR\n|\n|-damage|p1a: Ho-Oh|64\/100 tox|[from] psn\n|upkeep\n|turn|13\n|c|\u2606Save a Solar|what are the odds\n|c|\u2606dropthemike|Low\n|\n|t:|1700757514\n|move|p2a: #T3: CENTAUR|Hydro Pump|p1a: Ho-Oh\n|-supereffective|p1a: Ho-Oh\n|-damage|p1a: Ho-Oh|0 fnt\n|faint|p1a: Ho-Oh\n|\n|upkeep\n|c|\u2606dropthemike|Lmao\n|\n|t:|1700757525\n|switch|p1a: Zacian|Zacian-Crowned|100\/100\n|-ability|p1a: Zacian|Intrepid Sword|boost\n|-boost|p1a: Zacian|atk|1\n|turn|14\n|\n|t:|1700757536\n|-terastallize|p2a: #T3: CENTAUR|Water\n|move|p1a: Zacian|Wild Charge|p2a: #T3: CENTAUR\n|-supereffective|p2a: #T3: CENTAUR\n|-damage|p2a: #T3: CENTAUR|0 fnt\n|faint|p2a: #T3: CENTAUR\n|-damage|p1a: Zacian|76\/100|[from] Recoil\n|\n|upkeep\n|c|\u2606Save a Solar|ok\n|inactive|Save a Solar has 270 seconds left.\n|\n|t:|1700757552\n|switch|p2a: I'M YOU!|Ditto, shiny|100\/100 tox\n|-transform|p2a: I'M YOU!|p1a: Zacian|[from] ability: Imposter\n|-ability|p2a: I'M YOU!|Intrepid Sword|boost\n|-boost|p2a: I'M YOU!|atk|1\n|turn|15\n|\n|t:|1700757561\n|move|p2a: I'M YOU!|Behemoth Blade|p1a: Zacian\n|-damage|p1a: Zacian|0 fnt\n|faint|p1a: Zacian\n|\n|-damage|p2a: I'M YOU!|94\/100 tox|[from] psn\n|upkeep\n|\n|t:|1700757567\n|switch|p1a: Zygarde|Zygarde, shiny|100\/100\n|turn|16\n|\n|t:|1700757573\n|move|p2a: I'M YOU!|Behemoth Blade|p1a: Zygarde\n|-damage|p1a: Zygarde|19\/100\n|move|p1a: Zygarde|Thousand Waves|p2a: I'M YOU!\n|-supereffective|p2a: I'M YOU!\n|-damage|p2a: I'M YOU!|2\/100 tox\n|-activate|p2a: I'M YOU!|trapped\n|\n|-heal|p1a: Zygarde|25\/100|[from] item: Leftovers\n|-damage|p2a: I'M YOU!|0 fnt|[from] psn\n|faint|p2a: I'M YOU!\n|-activate|p1a: Zygarde|ability: Power Construct\n|detailschange|p1a: Zygarde|Zygarde-Complete, shiny\n|-heal|p1a: Zygarde|53\/100|[silent]\n|upkeep\n|c|\u2606Save a Solar|rip\n|\n|t:|1700757587\n|switch|p2a: #T2: STEELION|Necrozma-Dusk-Mane, shiny|100\/100\n|turn|17\n|\n|t:|1700757596\n|move|p2a: #T2: STEELION|Photon Geyser|p1a: Zygarde\n|-damage|p1a: Zygarde|27\/100\n|move|p1a: Zygarde|Thousand Waves|p2a: #T2: STEELION\n|-supereffective|p2a: #T2: STEELION\n|-damage|p2a: #T2: STEELION|54\/100\n|-activate|p2a: #T2: STEELION|trapped\n|-enditem|p2a: #T2: STEELION|Weakness Policy\n|-boost|p2a: #T2: STEELION|atk|2|[from] item: Weakness Policy\n|-boost|p2a: #T2: STEELION|spa|2|[from] item: Weakness Policy\n|\n|-heal|p1a: Zygarde|34\/100|[from] item: Leftovers\n|upkeep\n|turn|18\n|\n|t:|1700757611\n|move|p2a: #T2: STEELION|Sunsteel Strike|p1a: Zygarde\n|-damage|p1a: Zygarde|0 fnt\n|faint|p1a: Zygarde\n|\n|upkeep\n|\n|t:|1700757616\n|switch|p1a: Arceus|Arceus-Dark|100\/100\n|turn|19\n|\n|t:|1700757622\n|move|p1a: Arceus|Judgment|p2a: #T2: STEELION\n|-supereffective|p2a: #T2: STEELION\n|-damage|p2a: #T2: STEELION|0 fnt\n|faint|p2a: #T2: STEELION\n|\n|upkeep\n|\n|t:|1700757627\n|switch|p2a: T#X: DEMON|Zygarde, shiny|100\/100\n|turn|20\n|\n|t:|1700757654\n|move|p1a: Arceus|Toxic|p2a: T#X: DEMON\n|-status|p2a: T#X: DEMON|tox\n|move|p2a: T#X: DEMON|Thousand Waves|p1a: Arceus\n|-damage|p1a: Arceus|78\/100\n|-activate|p1a: Arceus|trapped\n|\n|-damage|p2a: T#X: DEMON|94\/100 tox|[from] psn\n|upkeep\n|turn|21\n|c|\u2606Save a Solar|uh\n|inactive|Save a Solar has 270 seconds left.\n|c|\u2606Save a Solar|you win lol\n|\n|t:|1700757671\n|move|p1a: Arceus|Judgment|p2a: T#X: DEMON\n|-damage|p2a: T#X: DEMON|48\/100 tox\n|move|p2a: T#X: DEMON|Glare|p1a: Arceus\n|-status|p1a: Arceus|par\n|\n|-heal|p2a: T#X: DEMON|54\/100 tox|[from] item: Leftovers\n|-damage|p2a: T#X: DEMON|42\/100 tox|[from] psn\n|-activate|p2a: T#X: DEMON|ability: Power Construct\n|detailschange|p2a: T#X: DEMON|Zygarde-Complete, shiny\n|-heal|p2a: T#X: DEMON|63\/100 tox|[silent]\n|upkeep\n|turn|22\n|c|\u2606dropthemike|Yep\n|c|\u2606dropthemike|Lmao\n|inactive|Save a Solar has 270 seconds left.\n|\n|t:|1700757683\n|move|p2a: T#X: DEMON|Coil|p2a: T#X: DEMON\n|-boost|p2a: T#X: DEMON|atk|1\n|-boost|p2a: T#X: DEMON|def|1\n|-boost|p2a: T#X: DEMON|accuracy|1\n|cant|p1a: Arceus|par\n|\n|-heal|p2a: T#X: DEMON|69\/100 tox|[from] item: Leftovers\n|-damage|p2a: T#X: DEMON|51\/100 tox|[from] psn\n|upkeep\n|turn|23\n|\n|t:|1700757692\n|move|p2a: T#X: DEMON|Thousand Waves|p1a: Arceus\n|-damage|p1a: Arceus|44\/100 par\n|cant|p1a: Arceus|par\n|\n|-heal|p2a: T#X: DEMON|57\/100 tox|[from] item: Leftovers\n|-damage|p2a: T#X: DEMON|32\/100 tox|[from] psn\n|upkeep\n|turn|24\n|\n|t:|1700757700\n|move|p2a: T#X: DEMON|Thousand Waves|p1a: Arceus\n|-damage|p1a: Arceus|10\/100 par\n|move|p1a: Arceus|Recover|p1a: Arceus\n|-heal|p1a: Arceus|61\/100 par\n|\n|-heal|p2a: T#X: DEMON|38\/100 tox|[from] item: Leftovers\n|-damage|p2a: T#X: DEMON|7\/100 tox|[from] psn\n|upkeep\n|turn|25\n|\n|t:|1700757709\n|move|p2a: T#X: DEMON|Thousand Waves|p1a: Arceus\n|-damage|p1a: Arceus|27\/100 par\n|move|p1a: Arceus|Recover|p1a: Arceus\n|-heal|p1a: Arceus|77\/100 par\n|\n|-heal|p2a: T#X: DEMON|13\/100 tox|[from] item: Leftovers\n|-damage|p2a: T#X: DEMON|0 fnt|[from] psn\n|faint|p2a: T#X: DEMON\n|\n|win|dropthemike\n|upkeep\n|c|\u2606Save a Solar|gg\n|c|\u2606dropthemike|gg\n","uploadtime":1700757722,"views":7,"p1id":"dropthemike","p2id":"saveasolar","formatid":"gen9nationaldexubers","rating":0,"private":0,"password":""}