{"id":"gen9nationaldexubers-1989195269","p1":"wheekends200","p2":"Garry97","format":"[Gen 9] National Dex Ubers","log":"|j|\u2606wheekends200\n|j|\u2606Garry97\n|t:|1699822204\n|gametype|singles\n|player|p1|wheekends200|169|1245\n|player|p2|Garry97|eri|1376\n|teamsize|p1|6\n|teamsize|p2|6\n|gen|9\n|tier|[Gen 9] National Dex Ubers\n|rated|\n|rule|HP Percentage Mod: HP is shown in percentages\n|rule|Endless Battle Clause: Forcing endless battles is banned\n|rule|OHKO Clause: OHKO moves are banned\n|rule|Evasion Moves Clause: Evasion moves are banned\n|rule|Evasion Items Clause: Evasion items are banned\n|rule|Species Clause: Limit one of each Pok\u00e9mon\n|rule|Sleep Clause Mod: Limit one foe put to sleep\n|rule|Mega Rayquaza Clause: You cannot mega evolve Rayquaza\n|clearpoke\n|poke|p1|Groudon|\n|poke|p1|Weavile, F|\n|poke|p1|Yveltal|\n|poke|p1|Aegislash, F|\n|poke|p1|Necrozma-Dusk-Mane|\n|poke|p1|Kyogre|\n|poke|p2|Annihilape, M|\n|poke|p2|Zacian-*|\n|poke|p2|Necrozma-Dusk-Mane|\n|poke|p2|Lugia|\n|poke|p2|Espathra, F|\n|poke|p2|Shaymin-Sky|\n|teampreview\n|inactive|Battle timer is ON: inactive players will automatically lose when time's up. (requested by Garry97)\n|\n|t:|1699822221\n|start\n|switch|p1a: FEPRS+|Groudon|100\/100\n|switch|p2a: Lugia|Lugia, shiny|100\/100\n|detailschange|p1a: FEPRS+|Groudon-Primal\n|-primal|p1a: FEPRS+|Red Orb\n|-weather|DesolateLand|[from] ability: Desolate Land|[of] p1a: FEPRS+\n|turn|1\n|\n|t:|1699822234\n|move|p1a: FEPRS+|Stealth Rock|p2a: Lugia\n|-sidestart|p2: Garry97|move: Stealth Rock\n|move|p2a: Lugia|Toxic|p1a: FEPRS+\n|-status|p1a: FEPRS+|tox\n|\n|-weather|DesolateLand|[upkeep]\n|-damage|p1a: FEPRS+|94\/100 tox|[from] psn\n|upkeep\n|turn|2\n|\n|t:|1699822243\n|move|p2a: Lugia|Calm Mind|p2a: Lugia\n|-boost|p2a: Lugia|spa|1\n|-boost|p2a: Lugia|spd|1\n|move|p1a: FEPRS+|Dragon Tail|p2a: Lugia\n|-damage|p2a: Lugia|92\/100\n|drag|p2a: Shaymin|Shaymin-Sky|100\/100\n|-damage|p2a: Shaymin|76\/100|[from] Stealth Rock\n|\n|-weather|DesolateLand|[upkeep]\n|-damage|p1a: FEPRS+|82\/100 tox|[from] psn\n|upkeep\n|turn|3\n|\n|t:|1699822259\n|move|p2a: Shaymin|Air Slash|p1a: FEPRS+\n|-damage|p1a: FEPRS+|40\/100 tox\n|cant|p1a: FEPRS+|flinch\n|\n|-weather|DesolateLand|[upkeep]\n|-damage|p1a: FEPRS+|22\/100 tox|[from] psn\n|upkeep\n|turn|4\n|\n|t:|1699822267\n|move|p2a: Shaymin|Earth Power|p1a: FEPRS+\n|-supereffective|p1a: FEPRS+\n|-damage|p1a: FEPRS+|0 fnt\n|faint|p1a: FEPRS+\n|-weather|none\n|\n|upkeep\n|\n|t:|1699822278\n|switch|p1a: GGF+PG|Weavile, F|100\/100\n|-ability|p1a: GGF+PG|Pressure\n|turn|5\n|\n|t:|1699822285\n|switch|p2a: Zacian|Zacian-Crowned, shiny|100\/100\n|-damage|p2a: Zacian|94\/100|[from] Stealth Rock\n|-ability|p2a: Zacian|Intrepid Sword|boost\n|-boost|p2a: Zacian|atk|1\n|move|p1a: GGF+PG|Triple Axel|p2a: Zacian\n|-resisted|p2a: Zacian\n|-damage|p2a: Zacian|89\/100\n|-resisted|p2a: Zacian\n|-damage|p2a: Zacian|81\/100\n|-resisted|p2a: Zacian\n|-crit|p2a: Zacian\n|-damage|p2a: Zacian|62\/100\n|-hitcount|p2a: Zacian|3\n|\n|upkeep\n|turn|6\n|\n|t:|1699822306\n|switch|p1a: GPD+PGFB|Yveltal|100\/100\n|-ability|p1a: GPD+PGFB|Dark Aura\n|move|p2a: Zacian|Swords Dance|p2a: Zacian\n|-boost|p2a: Zacian|atk|2\n|\n|upkeep\n|turn|7\n|\n|t:|1699822318\n|-terastallize|p1a: GPD+PGFB|Dark\n|move|p2a: Zacian|Play Rough|p1a: GPD+PGFB\n|-supereffective|p1a: GPD+PGFB\n|-damage|p1a: GPD+PGFB|0 fnt\n|faint|p1a: GPD+PGFB\n|\n|upkeep\n|\n|t:|1699822331\n|switch|p1a: IRF+FEPF^BRS|Necrozma-Dusk-Mane|100\/100\n|turn|8\n|\n|t:|1699822337\n|move|p2a: Zacian|Sacred Sword|p1a: IRF+FEPF^BRS\n|-damage|p1a: IRF+FEPF^BRS|39\/100\n|move|p1a: IRF+FEPF^BRS|Earthquake|p2a: Zacian\n|-supereffective|p2a: Zacian\n|-damage|p2a: Zacian|0 fnt\n|faint|p2a: Zacian\n|\n|upkeep\n|\n|t:|1699822359\n|switch|p2a: Annihilape|Annihilape, M|100\/100\n|-damage|p2a: Annihilape|94\/100|[from] Stealth Rock\n|turn|9\n|\n|t:|1699822370\n|move|p2a: Annihilape|Close Combat|p1a: IRF+FEPF^BRS\n|-damage|p1a: IRF+FEPF^BRS|0 fnt\n|-unboost|p2a: Annihilape|def|1\n|-unboost|p2a: Annihilape|spd|1\n|faint|p1a: IRF+FEPF^BRS\n|\n|upkeep\n|\n|t:|1699822378\n|switch|p1a: IRF*+PG|Aegislash, F|100\/100\n|turn|10\n|\n|t:|1699822387\n|switch|p2a: Necrozma|Necrozma-Dusk-Mane|100\/100\n|-damage|p2a: Necrozma|94\/100|[from] Stealth Rock\n|-formechange|p1a: IRF*+PG|Aegislash-Blade||[from] ability: Stance Change\n|move|p1a: IRF*+PG|Shadow Ball|p2a: Necrozma\n|-supereffective|p2a: Necrozma\n|-damage|p2a: Necrozma|47\/100\n|\n|upkeep\n|turn|11\n|\n|t:|1699822398\n|move|p2a: Necrozma|Stealth Rock|p1a: IRF*+PG\n|-sidestart|p1: wheekends200|move: Stealth Rock\n|move|p1a: IRF*+PG|Toxic|p2a: Necrozma\n|-immune|p2a: Necrozma\n|\n|upkeep\n|turn|12\n|\n|t:|1699822409\n|move|p2a: Necrozma|Thunder Wave|p1a: IRF*+PG\n|-status|p1a: IRF*+PG|par\n|move|p1a: IRF*+PG|Shadow Ball|p2a: Necrozma\n|-supereffective|p2a: Necrozma\n|-damage|p2a: Necrozma|6\/100\n|\n|upkeep\n|turn|13\n|\n|t:|1699822419\n|move|p2a: Necrozma|Sunsteel Strike|p1a: IRF*+PG\n|-resisted|p1a: IRF*+PG\n|-damage|p1a: IRF*+PG|52\/100 par\n|move|p1a: IRF*+PG|Gyro Ball|p2a: Necrozma\n|-resisted|p2a: Necrozma\n|-damage|p2a: Necrozma|0 fnt\n|-damage|p1a: IRF*+PG|36\/100 par|[from] item: Rocky Helmet|[of] p2a: Necrozma\n|faint|p2a: Necrozma\n|\n|-heal|p1a: IRF*+PG|42\/100 par|[from] item: Leftovers\n|upkeep\n|\n|t:|1699822443\n|switch|p2a: Espathra|Espathra, F, shiny|100\/100\n|-damage|p2a: Espathra|88\/100|[from] Stealth Rock\n|turn|14\n|\n|t:|1699822449\n|-terastallize|p2a: Espathra|Fighting\n|move|p2a: Espathra|Calm Mind|p2a: Espathra\n|-boost|p2a: Espathra|spa|1\n|-boost|p2a: Espathra|spd|1\n|cant|p1a: IRF*+PG|par\n|\n|-heal|p1a: IRF*+PG|48\/100 par|[from] item: Leftovers\n|-ability|p2a: Espathra|Speed Boost|boost\n|-boost|p2a: Espathra|spe|1\n|upkeep\n|turn|15\n|\n|t:|1699822461\n|move|p2a: Espathra|Protect|p2a: Espathra\n|-singleturn|p2a: Espathra|Protect\n|-formechange|p1a: IRF*+PG|Aegislash||[from] ability: Stance Change\n|move|p1a: IRF*+PG|King's Shield||[still]\n|-fail|p1a: IRF*+PG\n|\n|-heal|p1a: IRF*+PG|54\/100 par|[from] item: Leftovers\n|-ability|p2a: Espathra|Speed Boost|boost\n|-boost|p2a: Espathra|spe|1\n|upkeep\n|turn|16\n|\n|t:|1699822474\n|move|p2a: Espathra|Protect||[still]\n|-fail|p2a: Espathra\n|move|p1a: IRF*+PG|King's Shield||[still]\n|-fail|p1a: IRF*+PG\n|\n|-heal|p1a: IRF*+PG|60\/100 par|[from] item: Leftovers\n|-ability|p2a: Espathra|Speed Boost|boost\n|-boost|p2a: Espathra|spe|1\n|upkeep\n|turn|17\n|\n|t:|1699822484\n|move|p2a: Espathra|Stored Power|p1a: IRF*+PG\n|-resisted|p1a: IRF*+PG\n|-damage|p1a: IRF*+PG|33\/100 par\n|cant|p1a: IRF*+PG|par\n|\n|-heal|p1a: IRF*+PG|39\/100 par|[from] item: Leftovers\n|-ability|p2a: Espathra|Speed Boost|boost\n|-boost|p2a: Espathra|spe|1\n|upkeep\n|turn|18\n|\n|t:|1699822493\n|move|p2a: Espathra|Protect|p2a: Espathra\n|-singleturn|p2a: Espathra|Protect\n|-formechange|p1a: IRF*+PG|Aegislash-Blade||[from] ability: Stance Change\n|move|p1a: IRF*+PG|Gyro Ball|p2a: Espathra\n|-activate|p2a: Espathra|move: Protect\n|\n|-heal|p1a: IRF*+PG|45\/100 par|[from] item: Leftovers\n|-ability|p2a: Espathra|Speed Boost|boost\n|-boost|p2a: Espathra|spe|1\n|upkeep\n|turn|19\n|\n|t:|1699822503\n|move|p2a: Espathra|Stored Power|p1a: IRF*+PG\n|-resisted|p1a: IRF*+PG\n|-damage|p1a: IRF*+PG|0 fnt\n|faint|p1a: IRF*+PG\n|\n|-ability|p2a: Espathra|Speed Boost|boost\n|-boost|p2a: Espathra|spe|1\n|upkeep\n|\n|t:|1699822510\n|switch|p1a: GGF+PG|Weavile, F|100\/100\n|-damage|p1a: GGF+PG|76\/100|[from] Stealth Rock\n|-ability|p1a: GGF+PG|Pressure\n|turn|20\n|\n|t:|1699822523\n|move|p2a: Espathra|Tera Blast|p1a: GGF+PG|[anim] Tera Blast Fighting\n|-supereffective|p1a: GGF+PG\n|-damage|p1a: GGF+PG|0 fnt\n|faint|p1a: GGF+PG\n|\n|upkeep\n|\n|t:|1699822527\n|switch|p1a: FGR+WF|Kyogre|100\/100\n|-damage|p1a: FGR+WF|88\/100|[from] Stealth Rock\n|detailschange|p1a: FGR+WF|Kyogre-Primal\n|-primal|p1a: FGR+WF|Blue Orb\n|-weather|PrimordialSea|[from] ability: Primordial Sea|[of] p1a: FGR+WF\n|turn|21\n|-message|wheekends200 forfeited.\n|\n|win|Garry97\n|raw|wheekends200's rating: 1245 &rarr; <strong>1229<\/strong><br \/>(-16 for losing)\n|raw|Garry97's rating: 1376 &rarr; <strong>1389<\/strong><br \/>(+13 for winning)\n|l|\u2606wheekends200\n","uploadtime":1699822540,"views":12,"p1id":"wheekends200","p2id":"garry97","formatid":"gen9nationaldexubers","rating":1229,"private":0,"password":""}