{"id":"gen9nationaldexubers-1987243729","p1":"Mewzp","p2":"Deletta","format":"[Gen 9] National Dex Ubers","log":"|j|\u2606Mewzp\n|j|\u2606Deletta\n|t:|1699568803\n|gametype|singles\n|player|p1|Mewzp|riley|1240\n|player|p2|Deletta|fisherman-gen4|1321\n|teamsize|p1|6\n|teamsize|p2|6\n|gen|9\n|tier|[Gen 9] National Dex Ubers\n|rated|\n|rule|HP Percentage Mod: HP is shown in percentages\n|rule|Endless Battle Clause: Forcing endless battles is banned\n|rule|OHKO Clause: OHKO moves are banned\n|rule|Evasion Moves Clause: Evasion moves are banned\n|rule|Evasion Items Clause: Evasion items are banned\n|rule|Species Clause: Limit one of each Pok\u00e9mon\n|rule|Sleep Clause Mod: Limit one foe put to sleep\n|rule|Mega Rayquaza Clause: You cannot mega evolve Rayquaza\n|clearpoke\n|poke|p1|Cloyster, M|\n|poke|p1|Dragapult, M|\n|poke|p1|Zacian-*|\n|poke|p1|Cinderace, M|\n|poke|p1|Marshadow|\n|poke|p1|Mimikyu, M|\n|poke|p2|Mewtwo|\n|poke|p2|Excadrill, M|\n|poke|p2|Wo-Chien|\n|poke|p2|Baxcalibur, F|\n|poke|p2|Ninetales-Alola, M|\n|poke|p2|Zygarde|\n|teampreview\n|inactive|Battle timer is ON: inactive players will automatically lose when time's up. (requested by Mewzp)\n|\n|t:|1699568814\n|start\n|switch|p1a: Cinderace|Cinderace, M|100\/100\n|switch|p2a: Cachorro sa\u00e3o|Ninetales-Alola, M|100\/100\n|-weather|Snow|[from] ability: Snow Warning|[of] p2a: Cachorro sa\u00e3o\n|turn|1\n|\n|t:|1699568828\n|switch|p2a: Bagre|Baxcalibur, F|100\/100\n|move|p1a: Cinderace|Scorching Sands|p2a: Bagre\n|-start|p1a: Cinderace|typechange|Ground|[from] ability: Libero\n|-damage|p2a: Bagre|86\/100\n|\n|-weather|Snow|[upkeep]\n|upkeep\n|turn|2\n|\n|t:|1699568839\n|move|p1a: Cinderace|Pyro Ball|p2a: Bagre\n|-damage|p2a: Bagre|59\/100\n|-ability|p2a: Bagre|Thermal Exchange|boost\n|-boost|p2a: Bagre|atk|1\n|move|p2a: Bagre|Icicle Spear|p1a: Cinderace\n|-supereffective|p1a: Cinderace\n|-damage|p1a: Cinderace|36\/100\n|-supereffective|p1a: Cinderace\n|-damage|p1a: Cinderace|0 fnt\n|faint|p1a: Cinderace\n|-hitcount|p1: Cinderace|2\n|\n|-weather|Snow|[upkeep]\n|upkeep\n|\n|t:|1699568842\n|switch|p1a: Marshadow|Marshadow|100\/100\n|turn|3\n|\n|t:|1699568857\n|switch|p2a: Cachorro sa\u00e3o|Ninetales-Alola, M|100\/100\n|move|p1a: Marshadow|Spectral Thief|p2a: Cachorro sa\u00e3o\n|-damage|p2a: Cachorro sa\u00e3o|52\/100\n|\n|-weather|Snow|[upkeep]\n|upkeep\n|turn|4\n|\n|t:|1699568869\n|move|p1a: Marshadow|Close Combat|p2a: Cachorro sa\u00e3o\n|-crit|p2a: Cachorro sa\u00e3o\n|-damage|p2a: Cachorro sa\u00e3o|0 fnt\n|-unboost|p1a: Marshadow|def|1\n|-unboost|p1a: Marshadow|spd|1\n|faint|p2a: Cachorro sa\u00e3o\n|\n|-weather|Snow|[upkeep]\n|upkeep\n|\n|t:|1699568883\n|switch|p2a: CNPJoto|Mewtwo|100\/100\n|-ability|p2a: CNPJoto|Pressure\n|turn|5\n|\n|t:|1699568906\n|detailschange|p2a: CNPJoto|Mewtwo-Mega-Y\n|-mega|p2a: CNPJoto|Mewtwo|Mewtwonite Y\n|-terastallize|p1a: Marshadow|Steel\n|move|p2a: CNPJoto|Psystrike|p1a: Marshadow\n|-resisted|p1a: Marshadow\n|-damage|p1a: Marshadow|37\/100\n|move|p1a: Marshadow|Spectral Thief|p2a: CNPJoto\n|-supereffective|p2a: CNPJoto\n|-damage|p2a: CNPJoto|1\/100\n|\n|-weather|none\n|upkeep\n|turn|6\n|\n|t:|1699568922\n|move|p1a: Marshadow|Shadow Sneak|p2a: CNPJoto\n|-supereffective|p2a: CNPJoto\n|-damage|p2a: CNPJoto|0 fnt\n|faint|p2a: CNPJoto\n|\n|upkeep\n|\n|t:|1699568929\n|switch|p2a: Zycardo|Zygarde|100\/100\n|turn|7\n|\n|t:|1699568937\n|move|p1a: Marshadow|Close Combat|p2a: Zycardo\n|-damage|p2a: Zycardo|56\/100\n|-unboost|p1a: Marshadow|def|1\n|-unboost|p1a: Marshadow|spd|1\n|move|p2a: Zycardo|Thousand Arrows|p1a: Marshadow\n|-supereffective|p1a: Marshadow\n|-damage|p1a: Marshadow|0 fnt\n|faint|p1a: Marshadow\n|\n|-heal|p2a: Zycardo|62\/100|[from] item: Leftovers\n|upkeep\n|\n|t:|1699568944\n|switch|p1a: Mimikyu|Mimikyu, M, shiny|100\/100\n|turn|8\n|\n|t:|1699568959\n|-terastallize|p2a: Zycardo|Ground\n|-zpower|p1a: Mimikyu\n|move|p1a: Mimikyu|Let's Snuggle Forever|p2a: Zycardo|[zeffect]\n|-damage|p2a: Zycardo|23\/100\n|move|p2a: Zycardo|Coil|p2a: Zycardo\n|-boost|p2a: Zycardo|atk|1\n|-boost|p2a: Zycardo|def|1\n|-boost|p2a: Zycardo|accuracy|1\n|\n|-heal|p2a: Zycardo|29\/100|[from] item: Leftovers\n|-activate|p2a: Zycardo|ability: Power Construct\n|detailschange|p2a: Zycardo|Zygarde-Complete, tera:Ground\n|-heal|p2a: Zycardo|53\/100|[silent]\n|upkeep\n|turn|9\n|\n|t:|1699568979\n|switch|p1a: Dragapult|Dragapult, M, shiny|100\/100\n|move|p2a: Zycardo|Thousand Arrows|p1a: Dragapult\n|-enditem|p1a: Dragapult|Focus Sash\n|-damage|p1a: Dragapult|1\/100\n|-start|p2a: Zycardo|Disable|Thousand Arrows|[from] ability: Cursed Body|[of] p1a: Dragapult\n|\n|-heal|p2a: Zycardo|59\/100|[from] item: Leftovers\n|upkeep\n|turn|10\n|\n|t:|1699568992\n|move|p1a: Dragapult|Surf|p2a: Zycardo\n|-supereffective|p2a: Zycardo\n|-damage|p2a: Zycardo|31\/100\n|move|p2a: Zycardo|Rest|p2a: Zycardo\n|-status|p2a: Zycardo|slp|[from] move: Rest\n|-heal|p2a: Zycardo|100\/100 slp|[silent]\n|\n|upkeep\n|turn|11\n|\n|t:|1699568999\n|move|p1a: Dragapult|Dragon Darts|p2a: Zycardo\n|-damage|p2a: Zycardo|94\/100 slp\n|-anim|p1a: Dragapult|Dragon Darts|p2a: Zycardo\n|-damage|p2a: Zycardo|89\/100 slp\n|cant|p2a: Zycardo|slp\n|move|p2a: Zycardo|Sleep Talk|p2a: Zycardo\n|move|p2a: Zycardo|Rest||[from]move: Sleep Talk|[still]\n|-fail|p2a: Zycardo\n|\n|-heal|p2a: Zycardo|95\/100 slp|[from] item: Leftovers\n|upkeep\n|turn|12\n|\n|t:|1699569007\n|move|p1a: Dragapult|Surf|p2a: Zycardo\n|-supereffective|p2a: Zycardo\n|-damage|p2a: Zycardo|66\/100 slp\n|cant|p2a: Zycardo|slp\n|move|p2a: Zycardo|Sleep Talk|p2a: Zycardo\n|move|p2a: Zycardo|Thousand Arrows|p1a: Dragapult|[from]move: Sleep Talk\n|-damage|p1a: Dragapult|0 fnt\n|faint|p1a: Dragapult\n|\n|-heal|p2a: Zycardo|72\/100 slp|[from] item: Leftovers\n|-end|p2a: Zycardo|Disable\n|upkeep\n|\n|t:|1699569013\n|switch|p1a: Cloyster|Cloyster, M, shiny|100\/100\n|turn|13\n|\n|t:|1699569021\n|move|p1a: Cloyster|Shell Smash|p1a: Cloyster\n|-unboost|p1a: Cloyster|def|1\n|-unboost|p1a: Cloyster|spd|1\n|-boost|p1a: Cloyster|atk|2\n|-boost|p1a: Cloyster|spa|2\n|-boost|p1a: Cloyster|spe|2\n|-enditem|p1a: Cloyster|White Herb\n|-clearnegativeboost|p1a: Cloyster|[silent]\n|-curestatus|p2a: Zycardo|slp|[msg]\n|move|p2a: Zycardo|Thousand Arrows|p1a: Cloyster\n|-damage|p1a: Cloyster|27\/100\n|\n|-heal|p2a: Zycardo|78\/100|[from] item: Leftovers\n|upkeep\n|turn|14\n|\n|t:|1699569035\n|move|p1a: Cloyster|Icicle Spear|p2a: Zycardo\n|-supereffective|p2a: Zycardo\n|-damage|p2a: Zycardo|63\/100\n|-supereffective|p2a: Zycardo\n|-damage|p2a: Zycardo|50\/100\n|-supereffective|p2a: Zycardo\n|-damage|p2a: Zycardo|36\/100\n|-supereffective|p2a: Zycardo\n|-damage|p2a: Zycardo|21\/100\n|-supereffective|p2a: Zycardo\n|-damage|p2a: Zycardo|7\/100\n|-hitcount|p2a: Zycardo|5\n|move|p2a: Zycardo|Thousand Arrows|p1a: Cloyster\n|-damage|p1a: Cloyster|0 fnt\n|faint|p1a: Cloyster\n|\n|-heal|p2a: Zycardo|13\/100|[from] item: Leftovers\n|upkeep\n|\n|t:|1699569044\n|switch|p1a: Mimikyu|Mimikyu, M, shiny|100\/100\n|turn|15\n|\n|t:|1699569048\n|move|p1a: Mimikyu|Shadow Sneak|p2a: Zycardo\n|-damage|p2a: Zycardo|9\/100\n|move|p2a: Zycardo|Thousand Arrows|p1a: Mimikyu\n|-activate|p1a: Mimikyu|ability: Disguise\n|-damage|p1a: Mimikyu|100\/100\n|detailschange|p1a: Mimikyu|Mimikyu-Busted, M, shiny\n|-damage|p1a: Mimikyu|88\/100|[from] pokemon: Mimikyu-Busted\n|\n|-heal|p2a: Zycardo|15\/100|[from] item: Leftovers\n|upkeep\n|turn|16\n|\n|t:|1699569053\n|move|p1a: Mimikyu|Play Rough|p2a: Zycardo\n|-damage|p2a: Zycardo|6\/100\n|move|p2a: Zycardo|Rest|p2a: Zycardo\n|-status|p2a: Zycardo|slp|[from] move: Rest\n|-heal|p2a: Zycardo|100\/100 slp|[silent]\n|\n|upkeep\n|turn|17\n|\n|t:|1699569060\n|move|p1a: Mimikyu|Swords Dance|p1a: Mimikyu\n|-boost|p1a: Mimikyu|atk|2\n|cant|p2a: Zycardo|slp\n|move|p2a: Zycardo|Sleep Talk|p2a: Zycardo\n|move|p2a: Zycardo|Thousand Arrows|p1a: Mimikyu|[from]move: Sleep Talk\n|-damage|p1a: Mimikyu|0 fnt\n|faint|p1a: Mimikyu\n|\n|upkeep\n|\n|t:|1699569062\n|switch|p1a: Zacian|Zacian-Crowned, shiny|100\/100\n|-ability|p1a: Zacian|Intrepid Sword|boost\n|-boost|p1a: Zacian|atk|1\n|turn|18\n|\n|t:|1699569067\n|move|p1a: Zacian|Swords Dance|p1a: Zacian\n|-boost|p1a: Zacian|atk|2\n|cant|p2a: Zycardo|slp\n|move|p2a: Zycardo|Sleep Talk|p2a: Zycardo\n|move|p2a: Zycardo|Thousand Arrows|p1a: Zacian|[from]move: Sleep Talk\n|-supereffective|p1a: Zacian\n|-damage|p1a: Zacian|0 fnt\n|faint|p1a: Zacian\n|\n|win|Deletta\n|raw|Mewzp's rating: 1240 &rarr; <strong>1221<\/strong><br \/>(-19 for losing)\n|raw|Deletta's rating: 1321 &rarr; <strong>1336<\/strong><br \/>(+15 for winning)\n|l|\u2606Mewzp\n","uploadtime":1699569099,"views":4,"p1id":"mewzp","p2id":"deletta","formatid":"gen9nationaldexubers","rating":1221,"private":0,"password":""}