{"id":"gen9nationaldexubers-1985863342","p1":"Philip Lombard","p2":"vnappy","format":"[Gen 9] National Dex Ubers","log":"|j|\u2606Philip Lombard\n|j|\u2606vnappy\n|t:|1699414643\n|gametype|singles\n|player|p1|Philip Lombard|erika|1274\n|player|p2|vnappy|acetrainer-gen4dp|1249\n|teamsize|p1|6\n|teamsize|p2|6\n|gen|9\n|tier|[Gen 9] National Dex Ubers\n|rated|\n|rule|HP Percentage Mod: HP is shown in percentages\n|rule|Endless Battle Clause: Forcing endless battles is banned\n|rule|OHKO Clause: OHKO moves are banned\n|rule|Evasion Moves Clause: Evasion moves are banned\n|rule|Evasion Items Clause: Evasion items are banned\n|rule|Species Clause: Limit one of each Pok\u00e9mon\n|rule|Sleep Clause Mod: Limit one foe put to sleep\n|rule|Mega Rayquaza Clause: You cannot mega evolve Rayquaza\n|clearpoke\n|poke|p1|Flutter Mane|\n|poke|p1|Groudon|\n|poke|p1|Ho-Oh|\n|poke|p1|Urshifu-*, M|\n|poke|p1|Ogerpon-Hearthflame, F|\n|poke|p1|Walking Wake|\n|poke|p2|Blastoise, M|\n|poke|p2|Tyranitar, F|\n|poke|p2|Rhydon, F|\n|poke|p2|Nidoking, M|\n|poke|p2|Dragonite, M|\n|poke|p2|Baxcalibur, F|\n|teampreview\n|inactive|Battle timer is ON: inactive players will automatically lose when time's up. (requested by vnappy)\n|\n|t:|1699414655\n|start\n|switch|p1a: LET THERE BE LIGHT|Groudon|100\/100\n|switch|p2a: Nidoking|Nidoking, M|100\/100\n|-weather|SunnyDay|[from] ability: Drought|[of] p1a: LET THERE BE LIGHT\n|turn|1\n|\n|t:|1699414665\n|switch|p1a: Miracle|Ho-Oh|100\/100\n|move|p2a: Nidoking|Toxic|p1a: Miracle\n|-status|p1a: Miracle|tox\n|\n|-weather|SunnyDay|[upkeep]\n|-damage|p1a: Miracle|94\/100 tox|[from] psn\n|upkeep\n|turn|2\n|\n|t:|1699414674\n|move|p2a: Nidoking|Sludge Wave|p1a: Miracle\n|-damage|p1a: Miracle|72\/100 tox\n|move|p1a: Miracle|Sacred Fire|p2a: Nidoking\n|-damage|p2a: Nidoking|17\/100\n|\n|-weather|SunnyDay|[upkeep]\n|-damage|p1a: Miracle|60\/100 tox|[from] psn\n|upkeep\n|turn|3\n|\n|t:|1699414689\n|switch|p1a: Battle Monk|Urshifu, M|100\/100\n|move|p2a: Nidoking|Sludge Wave|p1a: Battle Monk\n|-damage|p1a: Battle Monk|60\/100\n|\n|-weather|SunnyDay|[upkeep]\n|upkeep\n|turn|4\n|\n|t:|1699414699\n|move|p2a: Nidoking|Earth Power|p1a: Battle Monk\n|-damage|p1a: Battle Monk|19\/100\n|move|p1a: Battle Monk|Wicked Blow|p2a: Nidoking\n|-crit|p2a: Nidoking\n|-damage|p2a: Nidoking|0 fnt\n|faint|p2a: Nidoking\n|\n|-weather|SunnyDay|[upkeep]\n|upkeep\n|\n|t:|1699414710\n|switch|p2a: Tyranitar|Tyranitar, F|100\/100\n|-weather|Sandstorm|[from] ability: Sand Stream|[of] p2a: Tyranitar\n|turn|5\n|\n|t:|1699414716\n|move|p1a: Battle Monk|Drain Punch|p2a: Tyranitar\n|-supereffective|p2a: Tyranitar\n|-damage|p2a: Tyranitar|0 fnt\n|-heal|p1a: Battle Monk|61\/100|[from] drain|[of] p2a: Tyranitar\n|faint|p2a: Tyranitar\n|\n|-weather|Sandstorm|[upkeep]\n|-damage|p1a: Battle Monk|55\/100|[from] Sandstorm\n|upkeep\n|\n|t:|1699414718\n|switch|p2a: Rhydon|Rhydon, F|100\/100\n|turn|6\n|\n|t:|1699414728\n|-terastallize|p2a: Rhydon|Ghost\n|move|p1a: Battle Monk|Drain Punch|p2a: Rhydon\n|-immune|p2a: Rhydon\n|move|p2a: Rhydon|Iron Defense|p2a: Rhydon\n|-boost|p2a: Rhydon|def|2\n|\n|-weather|Sandstorm|[upkeep]\n|-damage|p1a: Battle Monk|49\/100|[from] Sandstorm\n|-damage|p2a: Rhydon|95\/100|[from] Sandstorm\n|upkeep\n|turn|7\n|\n|t:|1699414739\n|move|p1a: Battle Monk|Wicked Blow|p2a: Rhydon\n|-supereffective|p2a: Rhydon\n|-crit|p2a: Rhydon\n|-damage|p2a: Rhydon|40\/100\n|move|p2a: Rhydon|Body Press|p1a: Battle Monk\n|-supereffective|p1a: Battle Monk\n|-damage|p1a: Battle Monk|0 fnt\n|faint|p1a: Battle Monk\n|\n|-weather|Sandstorm|[upkeep]\n|-damage|p2a: Rhydon|34\/100|[from] Sandstorm\n|upkeep\n|\n|t:|1699414750\n|switch|p1a: LET THERE BE LIGHT|Groudon|100\/100\n|-weather|SunnyDay|[from] ability: Drought|[of] p1a: LET THERE BE LIGHT\n|turn|8\n|\n|t:|1699414757\n|move|p1a: LET THERE BE LIGHT|Precipice Blades|p2a: Rhydon\n|-damage|p2a: Rhydon|17\/100\n|move|p2a: Rhydon|Rock Tomb|p1a: LET THERE BE LIGHT\n|-resisted|p1a: LET THERE BE LIGHT\n|-damage|p1a: LET THERE BE LIGHT|92\/100\n|-unboost|p1a: LET THERE BE LIGHT|spe|1\n|\n|-weather|SunnyDay|[upkeep]\n|upkeep\n|turn|9\n|\n|t:|1699414768\n|move|p1a: LET THERE BE LIGHT|Precipice Blades|p2a: Rhydon\n|-damage|p2a: Rhydon|0 fnt\n|faint|p2a: Rhydon\n|\n|-weather|SunnyDay|[upkeep]\n|upkeep\n|\n|t:|1699414775\n|switch|p2a: Blastoise|Blastoise, M|100\/100\n|turn|10\n|\n|t:|1699414779\n|switch|p1a: Fallen Angel|Walking Wake|100\/100\n|-activate|p1a: Fallen Angel|ability: Protosynthesis\n|-start|p1a: Fallen Angel|protosynthesisspe\n|detailschange|p2a: Blastoise|Blastoise-Mega, M\n|-mega|p2a: Blastoise|Blastoise|Blastoisinite\n|move|p2a: Blastoise|Shell Smash|p2a: Blastoise\n|-unboost|p2a: Blastoise|def|1\n|-unboost|p2a: Blastoise|spd|1\n|-boost|p2a: Blastoise|atk|2\n|-boost|p2a: Blastoise|spa|2\n|-boost|p2a: Blastoise|spe|2\n|\n|-weather|SunnyDay|[upkeep]\n|upkeep\n|turn|11\n|\n|t:|1699414794\n|move|p1a: Fallen Angel|Draco Meteor|p2a: Blastoise|[miss]\n|-miss|p1a: Fallen Angel|p2a: Blastoise\n|move|p2a: Blastoise|Aura Sphere|p1a: Fallen Angel\n|-damage|p1a: Fallen Angel|0 fnt\n|faint|p1a: Fallen Angel\n|-end|p1a: Fallen Angel|Protosynthesis|[silent]\n|\n|-weather|SunnyDay|[upkeep]\n|upkeep\n|\n|t:|1699414804\n|switch|p1a: The Holy Spirit|Flutter Mane|100\/100\n|-activate|p1a: The Holy Spirit|ability: Protosynthesis\n|-start|p1a: The Holy Spirit|protosynthesisspe\n|turn|12\n|\n|t:|1699414811\n|move|p1a: The Holy Spirit|Energy Ball|p2a: Blastoise\n|-supereffective|p2a: Blastoise\n|-damage|p2a: Blastoise|0 fnt\n|faint|p2a: Blastoise\n|\n|-weather|SunnyDay|[upkeep]\n|upkeep\n|\n|t:|1699414819\n|switch|p2a: Dragonite|Dragonite, M|100\/100\n|turn|13\n|\n|t:|1699414824\n|-end|p1a: The Holy Spirit|Protosynthesis|[silent]\n|switch|p1a: Miracle|Ho-Oh|93\/100 tox\n|move|p2a: Dragonite|Dual Wingbeat|p1a: Miracle|[miss]\n|-miss|p2a: Dragonite|p1a: Miracle\n|\n|-weather|SunnyDay|[upkeep]\n|-damage|p1a: Miracle|87\/100 tox|[from] psn\n|upkeep\n|turn|14\n|\n|t:|1699414835\n|move|p2a: Dragonite|Dragon Dance|p2a: Dragonite\n|-boost|p2a: Dragonite|atk|1\n|-boost|p2a: Dragonite|spe|1\n|move|p1a: Miracle|Sacred Fire|p2a: Dragonite|[miss]\n|-miss|p1a: Miracle|p2a: Dragonite\n|\n|-weather|SunnyDay|[upkeep]\n|-damage|p1a: Miracle|75\/100 tox|[from] psn\n|upkeep\n|turn|15\n|\n|t:|1699414845\n|move|p2a: Dragonite|Dragon Dance|p2a: Dragonite\n|-boost|p2a: Dragonite|atk|1\n|-boost|p2a: Dragonite|spe|1\n|move|p1a: Miracle|Sacred Fire|p2a: Dragonite\n|-resisted|p2a: Dragonite\n|-damage|p2a: Dragonite|83\/100\n|-status|p2a: Dragonite|brn\n|-enditem|p2a: Dragonite|Lum Berry|[eat]\n|-curestatus|p2a: Dragonite|brn|[msg]\n|\n|-weather|none\n|-damage|p1a: Miracle|57\/100 tox|[from] psn\n|upkeep\n|turn|16\n|\n|t:|1699414858\n|move|p2a: Dragonite|Dual Wingbeat|p1a: Miracle\n|-damage|p1a: Miracle|15\/100 tox\n|-damage|p1a: Miracle|0 fnt\n|faint|p1a: Miracle\n|-hitcount|p1: Miracle|2\n|\n|upkeep\n|\n|t:|1699414867\n|switch|p1a: LET THERE BE LIGHT|Groudon|92\/100\n|-weather|SunnyDay|[from] ability: Drought|[of] p1a: LET THERE BE LIGHT\n|turn|17\n|\n|t:|1699414873\n|move|p2a: Dragonite|Dragon Dance|p2a: Dragonite\n|-boost|p2a: Dragonite|atk|1\n|-boost|p2a: Dragonite|spe|1\n|move|p1a: LET THERE BE LIGHT|Stone Edge|p2a: Dragonite|[miss]\n|-miss|p1a: LET THERE BE LIGHT|p2a: Dragonite\n|\n|-weather|SunnyDay|[upkeep]\n|upkeep\n|turn|18\n|\n|t:|1699414887\n|-terastallize|p1a: LET THERE BE LIGHT|Steel\n|move|p2a: Dragonite|Fire Punch|p1a: LET THERE BE LIGHT\n|-supereffective|p1a: LET THERE BE LIGHT\n|-damage|p1a: LET THERE BE LIGHT|0 fnt\n|faint|p1a: LET THERE BE LIGHT\n|\n|-weather|SunnyDay|[upkeep]\n|upkeep\n|\n|t:|1699414896\n|switch|p1a: The Holy Spirit|Flutter Mane|100\/100\n|-activate|p1a: The Holy Spirit|ability: Protosynthesis\n|-start|p1a: The Holy Spirit|protosynthesisspe\n|turn|19\n|c|\u2606vnappy|ooh rough, i did not expect that lol\n|\n|t:|1699414908\n|move|p2a: Dragonite|Fire Punch|p1a: The Holy Spirit\n|-damage|p1a: The Holy Spirit|0 fnt\n|faint|p1a: The Holy Spirit\n|-end|p1a: The Holy Spirit|Protosynthesis|[silent]\n|\n|-weather|SunnyDay|[upkeep]\n|upkeep\n|\n|t:|1699414914\n|switch|p1a: Crusader|Ogerpon-Hearthflame, F|100\/100\n|-ability|p1a: Crusader|Mold Breaker\n|turn|20\n|\n|t:|1699414924\n|move|p2a: Dragonite|Fire Punch|p1a: Crusader\n|-damage|p1a: Crusader|0 fnt\n|faint|p1a: Crusader\n|\n|win|vnappy\n|raw|Philip Lombard's rating: 1274 &rarr; <strong>1247<\/strong><br \/>(-27 for losing)\n|raw|vnappy's rating: 1249 &rarr; <strong>1276<\/strong><br \/>(+27 for winning)\n|c|\u2606vnappy|gg\n|l|\u2606Philip Lombard\n","uploadtime":1699414933,"views":4,"p1id":"philiplombard","p2id":"vnappy","formatid":"gen9nationaldexubers","rating":1247,"private":0,"password":""}