{"id":"gen9nationaldexubers-1985611197","p1":"PS5PLUS","p2":"Elite Four Spiffy","format":"[Gen 9] National Dex Ubers","log":"|j|\u2606PS5PLUS\n|j|\u2606Elite Four Spiffy\n|t:|1699388911\n|gametype|singles\n|player|p1|PS5PLUS|102|1143\n|player|p2|Elite Four Spiffy|ethan-masters|1220\n|teamsize|p1|6\n|teamsize|p2|6\n|gen|9\n|tier|[Gen 9] National Dex Ubers\n|rated|\n|rule|HP Percentage Mod: HP is shown in percentages\n|rule|Endless Battle Clause: Forcing endless battles is banned\n|rule|OHKO Clause: OHKO moves are banned\n|rule|Evasion Moves Clause: Evasion moves are banned\n|rule|Evasion Items Clause: Evasion items are banned\n|rule|Species Clause: Limit one of each Pok\u00e9mon\n|rule|Sleep Clause Mod: Limit one foe put to sleep\n|rule|Mega Rayquaza Clause: You cannot mega evolve Rayquaza\n|clearpoke\n|poke|p1|Salazzle, F|\n|poke|p1|Reuniclus, M|\n|poke|p1|Ditto|\n|poke|p1|Chansey, F|\n|poke|p1|Iron Hands|\n|poke|p1|Sableye, M|\n|poke|p2|Kommo-o, F|\n|poke|p2|Infernape, M|\n|poke|p2|Hawlucha, F|\n|poke|p2|Annihilape, F|\n|poke|p2|Sirfetch\u2019d, M|\n|poke|p2|Lucario, M|\n|teampreview\n|inactive|Battle timer is ON: inactive players will automatically lose when time's up. (requested by Elite Four Spiffy)\n|\n|t:|1699388922\n|start\n|switch|p1a: Sableye|Sableye, M|100\/100\n|switch|p2a: Nachos|Kommo-o, F|100\/100\n|turn|1\n|\n|t:|1699388928\n|switch|p2a: Diddy Kong|Infernape, M|100\/100\n|move|p1a: Sableye|Will-O-Wisp|p2a: Diddy Kong\n|-immune|p2a: Diddy Kong\n|\n|upkeep\n|turn|2\n|\n|t:|1699388940\n|switch|p1a: Reuniclus|Reuniclus, M, shiny|100\/100\n|move|p2a: Diddy Kong|Fire Punch|p1a: Reuniclus\n|-damage|p1a: Reuniclus|70\/100\n|\n|-heal|p1a: Reuniclus|76\/100|[from] item: Leftovers\n|upkeep\n|turn|3\n|\n|t:|1699388946\n|move|p2a: Diddy Kong|Fire Punch|p1a: Reuniclus\n|-damage|p1a: Reuniclus|44\/100\n|move|p1a: Reuniclus|Calm Mind|p1a: Reuniclus\n|-boost|p1a: Reuniclus|spa|1\n|-boost|p1a: Reuniclus|spd|1\n|\n|-heal|p1a: Reuniclus|50\/100|[from] item: Leftovers\n|upkeep\n|turn|4\n|\n|t:|1699388953\n|move|p2a: Diddy Kong|Fire Punch|p1a: Reuniclus\n|-damage|p1a: Reuniclus|17\/100\n|move|p1a: Reuniclus|Recover|p1a: Reuniclus\n|-heal|p1a: Reuniclus|67\/100\n|\n|-heal|p1a: Reuniclus|74\/100|[from] item: Leftovers\n|upkeep\n|turn|5\n|\n|t:|1699388959\n|move|p2a: Diddy Kong|Fire Punch|p1a: Reuniclus\n|-damage|p1a: Reuniclus|43\/100\n|move|p1a: Reuniclus|Calm Mind|p1a: Reuniclus\n|-boost|p1a: Reuniclus|spa|1\n|-boost|p1a: Reuniclus|spd|1\n|\n|-heal|p1a: Reuniclus|49\/100|[from] item: Leftovers\n|upkeep\n|turn|6\n|\n|t:|1699388966\n|move|p2a: Diddy Kong|Fire Punch|p1a: Reuniclus\n|-damage|p1a: Reuniclus|17\/100\n|move|p1a: Reuniclus|Recover|p1a: Reuniclus\n|-heal|p1a: Reuniclus|67\/100\n|\n|-heal|p1a: Reuniclus|73\/100|[from] item: Leftovers\n|upkeep\n|turn|7\n|\n|t:|1699388973\n|move|p2a: Diddy Kong|Fire Punch|p1a: Reuniclus\n|-damage|p1a: Reuniclus|40\/100\n|move|p1a: Reuniclus|Recover|p1a: Reuniclus\n|-heal|p1a: Reuniclus|90\/100\n|\n|-heal|p1a: Reuniclus|96\/100|[from] item: Leftovers\n|upkeep\n|turn|8\n|\n|t:|1699388979\n|move|p2a: Diddy Kong|Fire Punch|p1a: Reuniclus\n|-damage|p1a: Reuniclus|63\/100\n|move|p1a: Reuniclus|Stored Power|p2a: Diddy Kong\n|-supereffective|p2a: Diddy Kong\n|-damage|p2a: Diddy Kong|0 fnt\n|faint|p2a: Diddy Kong\n|\n|-heal|p1a: Reuniclus|70\/100|[from] item: Leftovers\n|upkeep\n|\n|t:|1699388988\n|switch|p2a: Sir Chad|Sirfetch\u2019d, M|100\/100\n|turn|9\n|\n|t:|1699389001\n|switch|p1a: Sableye|Sableye, M|100\/100\n|move|p2a: Sir Chad|First Impression|p1a: Sableye\n|-crit|p1a: Sableye\n|-damage|p1a: Sableye|26\/100\n|\n|upkeep\n|turn|10\n|\n|t:|1699389010\n|switch|p2a: AuraRanger|Lucario, M|100\/100\n|move|p1a: Sableye|Encore||[still]\n|-fail|p1a: Sableye\n|\n|upkeep\n|turn|11\n|\n|t:|1699389017\n|switch|p1a: Iron Hands|Iron Hands|100\/100\n|move|p2a: AuraRanger|Flash Cannon|p1a: Iron Hands\n|-resisted|p1a: Iron Hands\n|-damage|p1a: Iron Hands|84\/100\n|\n|upkeep\n|turn|12\n|\n|t:|1699389031\n|switch|p2a: Georgina|Annihilape, F|100\/100\n|move|p1a: Iron Hands|Drain Punch|p2a: Georgina\n|-immune|p2a: Georgina\n|\n|upkeep\n|turn|13\n|\n|t:|1699389038\n|-end|p1a: Iron Hands|Quark Drive|[silent]\n|switch|p1a: Salazzle|Salazzle, F|100\/100\n|move|p2a: Georgina|Bulk Up|p2a: Georgina\n|-boost|p2a: Georgina|atk|1\n|-boost|p2a: Georgina|def|1\n|\n|upkeep\n|turn|14\n|\n|t:|1699389045\n|move|p1a: Salazzle|Toxic|p2a: Georgina\n|-status|p2a: Georgina|tox\n|move|p2a: Georgina|Rage Fist|p1a: Salazzle\n|-damage|p1a: Salazzle|41\/100\n|\n|-heal|p1a: Salazzle|47\/100|[from] item: Leftovers\n|-damage|p2a: Georgina|94\/100 tox|[from] psn\n|upkeep\n|turn|15\n|\n|t:|1699389053\n|move|p1a: Salazzle|Protect|p1a: Salazzle\n|-singleturn|p1a: Salazzle|Protect\n|move|p2a: Georgina|Rage Fist|p1a: Salazzle\n|-activate|p1a: Salazzle|move: Protect\n|\n|-heal|p1a: Salazzle|53\/100|[from] item: Leftovers\n|-damage|p2a: Georgina|82\/100 tox|[from] psn\n|upkeep\n|turn|16\n|\n|t:|1699389062\n|move|p1a: Salazzle|Substitute|p1a: Salazzle\n|-start|p1a: Salazzle|Substitute\n|-damage|p1a: Salazzle|29\/100\n|move|p2a: Georgina|Rage Fist|p1a: Salazzle\n|-end|p1a: Salazzle|Substitute\n|\n|-heal|p1a: Salazzle|35\/100|[from] item: Leftovers\n|-damage|p2a: Georgina|64\/100 tox|[from] psn\n|upkeep\n|turn|17\n|\n|t:|1699389071\n|move|p1a: Salazzle|Protect|p1a: Salazzle\n|-singleturn|p1a: Salazzle|Protect\n|move|p2a: Georgina|Rage Fist|p1a: Salazzle\n|-activate|p1a: Salazzle|move: Protect\n|\n|-heal|p1a: Salazzle|41\/100|[from] item: Leftovers\n|-damage|p2a: Georgina|39\/100 tox|[from] psn\n|upkeep\n|turn|18\n|\n|t:|1699389080\n|switch|p1a: Chansey|Chansey, F|100\/100\n|switch|p2a: Sir Chad|Sirfetch\u2019d, M|100\/100\n|\n|upkeep\n|turn|19\n|\n|t:|1699389099\n|-terastallize|p1a: Chansey|Ghost\n|move|p2a: Sir Chad|Poison Jab|p1a: Chansey\n|-resisted|p1a: Chansey\n|-damage|p1a: Chansey|91\/100\n|move|p1a: Chansey|Toxic|p2a: Sir Chad\n|-status|p2a: Sir Chad|tox\n|\n|-damage|p2a: Sir Chad|94\/100 tox|[from] psn\n|upkeep\n|turn|20\n|\n|t:|1699389114\n|switch|p2a: Georgina|Annihilape, F|39\/100 tox\n|move|p1a: Chansey|Seismic Toss|p2a: Georgina\n|-immune|p2a: Georgina\n|\n|-damage|p2a: Georgina|33\/100 tox|[from] psn\n|upkeep\n|turn|21\n|inactive|PS5PLUS has 120 seconds left.\n|\n|t:|1699389134\n|switch|p1a: Reuniclus|Reuniclus, M, shiny|70\/100\n|move|p2a: Georgina|Rage Fist|p1a: Reuniclus\n|-supereffective|p1a: Reuniclus\n|-damage|p1a: Reuniclus|22\/100\n|\n|-heal|p1a: Reuniclus|28\/100|[from] item: Leftovers\n|-damage|p2a: Georgina|21\/100 tox|[from] psn\n|upkeep\n|turn|22\n|\n|t:|1699389142\n|move|p2a: Georgina|Rage Fist|p1a: Reuniclus\n|-supereffective|p1a: Reuniclus\n|-damage|p1a: Reuniclus|0 fnt\n|faint|p1a: Reuniclus\n|\n|-damage|p2a: Georgina|2\/100 tox|[from] psn\n|upkeep\n|inactive|PS5PLUS has 120 seconds left.\n|\n|t:|1699389160\n|switch|p1a: Sableye|Sableye, M|26\/100\n|turn|23\n|\n|t:|1699389163\n|move|p1a: Sableye|Recover|p1a: Sableye\n|-heal|p1a: Sableye|76\/100\n|move|p2a: Georgina|Rage Fist|p1a: Sableye\n|-damage|p1a: Sableye|36\/100\n|\n|-damage|p2a: Georgina|0 fnt|[from] psn\n|faint|p2a: Georgina\n|upkeep\n|\n|t:|1699389180\n|switch|p2a: Sir Chad|Sirfetch\u2019d, M|94\/100 tox\n|turn|24\n|\n|t:|1699389188\n|switch|p1a: Chansey|Chansey, F, tera:Ghost|91\/100\n|move|p2a: Sir Chad|First Impression|p1a: Chansey\n|-resisted|p1a: Chansey\n|-crit|p1a: Chansey\n|-damage|p1a: Chansey|73\/100\n|\n|-damage|p2a: Sir Chad|88\/100 tox|[from] psn\n|upkeep\n|turn|25\n|\n|t:|1699389198\n|switch|p2a: Luchadora|Hawlucha, F|100\/100\n|move|p1a: Chansey|Seismic Toss|p2a: Luchadora\n|-damage|p2a: Luchadora|67\/100\n|-enditem|p2a: Luchadora|Red Card|[of] p1a: Chansey\n|drag|p1a: Salazzle|Salazzle, F|41\/100\n|\n|-heal|p1a: Salazzle|47\/100|[from] item: Leftovers\n|upkeep\n|turn|26\n|\n|t:|1699389218\n|move|p1a: Salazzle|Protect|p1a: Salazzle\n|-singleturn|p1a: Salazzle|Protect\n|move|p2a: Luchadora|Acrobatics|p1a: Salazzle\n|-activate|p1a: Salazzle|move: Protect\n|\n|-heal|p1a: Salazzle|53\/100|[from] item: Leftovers\n|upkeep\n|turn|27\n|\n|t:|1699389237\n|move|p2a: Luchadora|Swords Dance|p2a: Luchadora\n|-boost|p2a: Luchadora|atk|2\n|move|p1a: Salazzle|Toxic|p2a: Luchadora\n|-status|p2a: Luchadora|tox\n|\n|-heal|p1a: Salazzle|59\/100|[from] item: Leftovers\n|-damage|p2a: Luchadora|61\/100 tox|[from] psn\n|upkeep\n|turn|28\n|\n|t:|1699389245\n|move|p1a: Salazzle|Protect|p1a: Salazzle\n|-singleturn|p1a: Salazzle|Protect\n|move|p2a: Luchadora|Acrobatics|p1a: Salazzle\n|-activate|p1a: Salazzle|move: Protect\n|\n|-heal|p1a: Salazzle|66\/100|[from] item: Leftovers\n|-damage|p2a: Luchadora|49\/100 tox|[from] psn\n|upkeep\n|turn|29\n|\n|t:|1699389253\n|move|p1a: Salazzle|Protect||[still]\n|-fail|p1a: Salazzle\n|move|p2a: Luchadora|Acrobatics|p1a: Salazzle\n|-damage|p1a: Salazzle|0 fnt\n|faint|p1a: Salazzle\n|\n|-damage|p2a: Luchadora|30\/100 tox|[from] psn\n|upkeep\n|\n|t:|1699389265\n|switch|p1a: Ditto|Ditto|100\/100\n|-transform|p1a: Ditto|p2a: Luchadora|[from] ability: Imposter\n|turn|30\n|\n|t:|1699389281\n|move|p2a: Luchadora|Acrobatics|p1a: Ditto\n|-supereffective|p1a: Ditto\n|-damage|p1a: Ditto|0 fnt\n|faint|p1a: Ditto\n|\n|-damage|p2a: Luchadora|6\/100 tox|[from] psn\n|upkeep\n|\n|t:|1699389298\n|switch|p1a: Chansey|Chansey, F, tera:Ghost|73\/100\n|turn|31\n|\n|t:|1699389304\n|move|p2a: Luchadora|Acrobatics|p1a: Chansey\n|-damage|p1a: Chansey|5\/100\n|move|p1a: Chansey|Soft-Boiled|p1a: Chansey\n|-heal|p1a: Chansey|55\/100\n|\n|-damage|p2a: Luchadora|0 fnt|[from] psn\n|faint|p2a: Luchadora\n|upkeep\n|\n|t:|1699389312\n|switch|p2a: AuraRanger|Lucario, M|100\/100\n|turn|32\n|\n|t:|1699389323\n|move|p2a: AuraRanger|Nasty Plot|p2a: AuraRanger\n|-boost|p2a: AuraRanger|spa|2\n|move|p1a: Chansey|Soft-Boiled|p1a: Chansey\n|-heal|p1a: Chansey|100\/100\n|\n|upkeep\n|turn|33\n|\n|t:|1699389330\n|detailschange|p2a: AuraRanger|Lucario-Mega, M\n|-mega|p2a: AuraRanger|Lucario|Lucarionite\n|move|p2a: AuraRanger|Flash Cannon|p1a: Chansey\n|-damage|p1a: Chansey|67\/100\n|move|p1a: Chansey|Seismic Toss|p2a: AuraRanger\n|-damage|p2a: AuraRanger|65\/100\n|\n|upkeep\n|turn|34\n|\n|t:|1699389337\n|move|p2a: AuraRanger|Nasty Plot|p2a: AuraRanger\n|-boost|p2a: AuraRanger|spa|2\n|move|p1a: Chansey|Seismic Toss|p2a: AuraRanger\n|-damage|p2a: AuraRanger|29\/100\n|\n|upkeep\n|turn|35\n|\n|t:|1699389342\n|move|p2a: AuraRanger|Flash Cannon|p1a: Chansey\n|-damage|p1a: Chansey|17\/100\n|move|p1a: Chansey|Soft-Boiled|p1a: Chansey\n|-heal|p1a: Chansey|67\/100\n|\n|upkeep\n|turn|36\n|\n|t:|1699389348\n|move|p2a: AuraRanger|Flash Cannon|p1a: Chansey\n|-damage|p1a: Chansey|11\/100\n|move|p1a: Chansey|Seismic Toss|p2a: AuraRanger\n|-damage|p2a: AuraRanger|0 fnt\n|faint|p2a: AuraRanger\n|\n|upkeep\n|\n|t:|1699389354\n|switch|p2a: Nachos|Kommo-o, F|100\/100\n|turn|37\n|\n|t:|1699389361\n|-zpower|p2a: Nachos\n|move|p2a: Nachos|Clangorous Soulblaze|p1a: Chansey|[zeffect]\n|-damage|p1a: Chansey|0 fnt\n|faint|p1a: Chansey\n|-boost|p2a: Nachos|atk|1\n|-boost|p2a: Nachos|def|1\n|-boost|p2a: Nachos|spa|1\n|-boost|p2a: Nachos|spd|1\n|-boost|p2a: Nachos|spe|1\n|\n|upkeep\n|\n|t:|1699389377\n|switch|p1a: Iron Hands|Iron Hands|84\/100\n|turn|38\n|\n|t:|1699389385\n|move|p2a: Nachos|Clanging Scales|p1a: Iron Hands\n|-damage|p1a: Iron Hands|19\/100\n|-unboost|p2a: Nachos|def|1\n|move|p1a: Iron Hands|Drain Punch|p2a: Nachos\n|-damage|p2a: Nachos|35\/100\n|-heal|p1a: Iron Hands|38\/100|[from] drain|[of] p2a: Nachos\n|\n|upkeep\n|turn|39\n|\n|t:|1699389395\n|move|p2a: Nachos|Clanging Scales|p1a: Iron Hands\n|-damage|p1a: Iron Hands|0 fnt\n|faint|p1a: Iron Hands\n|-end|p1a: Iron Hands|Quark Drive|[silent]\n|-unboost|p2a: Nachos|def|1\n|\n|upkeep\n|\n|t:|1699389396\n|switch|p1a: Sableye|Sableye, M|36\/100\n|turn|40\n|\n|t:|1699389402\n|move|p1a: Sableye|Recover|p1a: Sableye\n|-heal|p1a: Sableye|86\/100\n|move|p2a: Nachos|Clanging Scales|p1a: Sableye\n|-damage|p1a: Sableye|0 fnt\n|faint|p1a: Sableye\n|\n|win|Elite Four Spiffy\n|raw|PS5PLUS's rating: 1143 &rarr; <strong>1123<\/strong><br \/>(-20 for losing)\n|raw|Elite Four Spiffy's rating: 1220 &rarr; <strong>1240<\/strong><br \/>(+20 for winning)\n|c|\u2606Elite Four Spiffy|gg\n|l|\u2606PS5PLUS\n","uploadtime":1699389410,"views":5,"p1id":"ps5plus","p2id":"elitefourspiffy","formatid":"gen9nationaldexubers","rating":1123,"private":0,"password":""}