{"id":"gen9nationaldexubers-2000043112","p1":"muzaza","p2":"jtjyjyjjtyjy","format":"[Gen 9] National Dex Ubers","log":"|j|\u2606muzaza\n|j|\u2606jtjyjyjjtyjy\n|t:|1701145157\n|gametype|singles\n|player|p1|muzaza|170|1074\n|player|p2|jtjyjyjjtyjy|veteran|1064\n|teamsize|p1|6\n|teamsize|p2|6\n|gen|9\n|tier|[Gen 9] National Dex Ubers\n|rated|\n|rule|HP Percentage Mod: HP is shown in percentages\n|rule|Endless Battle Clause: Forcing endless battles is banned\n|rule|OHKO Clause: OHKO moves are banned\n|rule|Evasion Moves Clause: Evasion moves are banned\n|rule|Evasion Items Clause: Evasion items are banned\n|rule|Species Clause: Limit one of each Pok\u00e9mon\n|rule|Sleep Clause Mod: Limit one foe put to sleep\n|rule|Mega Rayquaza Clause: You cannot mega evolve Rayquaza\n|clearpoke\n|poke|p1|Pyukumuku, F|\n|poke|p1|Hitmonlee, M|\n|poke|p1|Mewtwo|\n|poke|p1|Arceus-Steel|\n|poke|p1|Slowbro, F|\n|poke|p1|Yveltal|\n|poke|p2|Arcanine-Hisui, F|\n|poke|p2|Charizard, M|\n|poke|p2|Volcanion|\n|poke|p2|Cinderace, F|\n|poke|p2|Darmanitan, F|\n|poke|p2|Blaziken, M|\n|teampreview\n|\n|t:|1701145166\n|start\n|switch|p1a: Slowbro|Slowbro, F|100\/100\n|switch|p2a: angry bird|Charizard, M|100\/100\n|turn|1\n|\n|t:|1701145172\n|move|p2a: angry bird|Air Slash|p1a: Slowbro\n|-damage|p1a: Slowbro|63\/100\n|move|p1a: Slowbro|Nasty Plot|p1a: Slowbro\n|-boost|p1a: Slowbro|spa|2\n|\n|upkeep\n|turn|2\n|\n|t:|1701145182\n|move|p2a: angry bird|Air Slash|p1a: Slowbro\n|-damage|p1a: Slowbro|25\/100\n|move|p1a: Slowbro|Surf|p2a: angry bird\n|-supereffective|p2a: angry bird\n|-damage|p2a: angry bird|0 fnt\n|faint|p2a: angry bird\n|\n|upkeep\n|\n|t:|1701145194\n|switch|p2a: bunny|Cinderace, F|100\/100\n|turn|3\n|\n|t:|1701145198\n|move|p2a: bunny|Sucker Punch||[still]\n|-fail|p2a: bunny\n|move|p1a: Slowbro|Slack Off|p1a: Slowbro\n|-heal|p1a: Slowbro|76\/100\n|\n|upkeep\n|turn|4\n|\n|t:|1701145204\n|move|p2a: bunny|Sucker Punch|p1a: Slowbro\n|-start|p2a: bunny|typechange|Dark|[from] ability: Libero\n|-supereffective|p1a: Slowbro\n|-damage|p1a: Slowbro|7\/100\n|-damage|p2a: bunny|91\/100|[from] item: Life Orb\n|move|p1a: Slowbro|Surf|p2a: bunny\n|-damage|p2a: bunny|0 fnt\n|faint|p2a: bunny\n|\n|upkeep\n|\n|t:|1701145216\n|switch|p2a: big dog|Arcanine-Hisui, F|100\/100\n|-ability|p2a: big dog|Intimidate|boost\n|-unboost|p1a: Slowbro|atk|1\n|turn|5\n|\n|t:|1701145220\n|move|p2a: big dog|Extreme Speed|p1a: Slowbro\n|-damage|p1a: Slowbro|0 fnt\n|faint|p1a: Slowbro\n|-damage|p2a: big dog|91\/100|[from] item: Life Orb\n|\n|upkeep\n|\n|t:|1701145228\n|switch|p1a: Arceus|Arceus-Steel|100\/100\n|turn|6\n|\n|t:|1701145237\n|-terastallize|p1a: Arceus|Ground\n|move|p2a: big dog|Close Combat|p1a: Arceus\n|-damage|p1a: Arceus|63\/100\n|-unboost|p2a: big dog|def|1\n|-unboost|p2a: big dog|spd|1\n|-damage|p2a: big dog|81\/100|[from] item: Life Orb\n|move|p1a: Arceus|Cosmic Power|p1a: Arceus\n|-boost|p1a: Arceus|def|1\n|-boost|p1a: Arceus|spd|1\n|\n|upkeep\n|turn|7\n|\n|t:|1701145249\n|move|p2a: big dog|Outrage|p1a: Arceus\n|-damage|p1a: Arceus|42\/100\n|-damage|p2a: big dog|71\/100|[from] item: Life Orb\n|move|p1a: Arceus|Cosmic Power|p1a: Arceus\n|-boost|p1a: Arceus|def|1\n|-boost|p1a: Arceus|spd|1\n|\n|upkeep\n|turn|8\n|\n|t:|1701145258\n|move|p2a: big dog|Outrage|p1a: Arceus|[from]lockedmove\n|-damage|p1a: Arceus|26\/100\n|-damage|p2a: big dog|61\/100|[from] item: Life Orb\n|move|p1a: Arceus|Judgment|p2a: big dog\n|-damage|p2a: big dog|0 fnt\n|faint|p2a: big dog\n|\n|upkeep\n|inactive|Battle timer is ON: inactive players will automatically lose when time's up. (requested by muzaza)\n|\n|t:|1701145271\n|switch|p2a: piece of metal|Volcanion|100\/100\n|turn|9\n|\n|t:|1701145274\n|move|p1a: Arceus|Judgment|p2a: piece of metal\n|-resisted|p2a: piece of metal\n|-damage|p2a: piece of metal|86\/100\n|move|p2a: piece of metal|Hydro Pump|p1a: Arceus\n|-supereffective|p1a: Arceus\n|-damage|p1a: Arceus|0 fnt\n|faint|p1a: Arceus\n|\n|upkeep\n|\n|t:|1701145287\n|switch|p1a: Pyukumuku|Pyukumuku, F|100\/100\n|turn|10\n|\n|t:|1701145293\n|move|p2a: piece of metal|Hydro Pump|p1a: Pyukumuku\n|-resisted|p1a: Pyukumuku\n|-damage|p1a: Pyukumuku|72\/100\n|move|p1a: Pyukumuku|Toxic|p2a: piece of metal\n|-status|p2a: piece of metal|tox\n|\n|-heal|p1a: Pyukumuku|78\/100|[from] item: Leftovers\n|-damage|p2a: piece of metal|80\/100 tox|[from] psn\n|upkeep\n|turn|11\n|\n|t:|1701145304\n|move|p2a: piece of metal|Earth Power|p1a: Pyukumuku\n|-damage|p1a: Pyukumuku|47\/100\n|move|p1a: Pyukumuku|Recover|p1a: Pyukumuku\n|-heal|p1a: Pyukumuku|97\/100\n|\n|-heal|p1a: Pyukumuku|100\/100|[from] item: Leftovers\n|-damage|p2a: piece of metal|68\/100 tox|[from] psn\n|upkeep\n|turn|12\n|\n|t:|1701145314\n|move|p2a: piece of metal|Earth Power|p1a: Pyukumuku\n|-damage|p1a: Pyukumuku|69\/100\n|move|p1a: Pyukumuku|Recover|p1a: Pyukumuku\n|-heal|p1a: Pyukumuku|100\/100\n|\n|-damage|p2a: piece of metal|50\/100 tox|[from] psn\n|upkeep\n|turn|13\n|\n|t:|1701145322\n|switch|p2a: anger issue|Darmanitan, F|100\/100\n|move|p1a: Pyukumuku|Recover||[still]\n|-fail|p1a: Pyukumuku|heal\n|\n|upkeep\n|turn|14\n|\n|t:|1701145332\n|move|p2a: anger issue|Earthquake|p1a: Pyukumuku\n|-damage|p1a: Pyukumuku|75\/100\n|move|p1a: Pyukumuku|Toxic|p2a: anger issue\n|-status|p2a: anger issue|tox\n|\n|-heal|p1a: Pyukumuku|81\/100|[from] item: Leftovers\n|-damage|p2a: anger issue|95\/100 tox|[from] psn\n|upkeep\n|turn|15\n|\n|t:|1701145342\n|move|p2a: anger issue|Earthquake|p1a: Pyukumuku\n|-damage|p1a: Pyukumuku|56\/100\n|move|p1a: Pyukumuku|Recover|p1a: Pyukumuku\n|-heal|p1a: Pyukumuku|100\/100\n|\n|-damage|p2a: anger issue|83\/100 tox|[from] psn\n|upkeep\n|turn|16\n|-message|jtjyjyjjtyjy forfeited.\n|\n|win|muzaza\n|raw|muzaza's rating: 1074 &rarr; <strong>1102<\/strong><br \/>(+28 for winning)\n|raw|jtjyjyjjtyjy's rating: 1064 &rarr; <strong>1045<\/strong><br \/>(-19 for losing)\n|l|\u2606jtjyjyjjtyjy\n","uploadtime":1701145354,"views":10,"p1id":"muzaza","p2id":"jtjyjyjjtyjy","formatid":"gen9nationaldexubers","rating":1045,"private":0,"password":""}