{"id":"gen9nationaldexubers-1991770096","p1":"Fazykins","p2":"Fazy1","format":"[Gen 9] National Dex Ubers","log":"|j|\u2606Fazykins\n|j|\u2606Fazy1\n|t:|1700114143\n|gametype|singles\n|player|p1|Fazykins|2|\n|player|p2|Fazy1|2|\n|teamsize|p1|1\n|teamsize|p2|1\n|gen|9\n|tier|[Gen 9] National Dex Ubers\n|rule|HP Percentage Mod: HP is shown in percentages\n|rule|Endless Battle Clause: Forcing endless battles is banned\n|rule|OHKO Clause: OHKO moves are banned\n|rule|Evasion Moves Clause: Evasion moves are banned\n|rule|Evasion Items Clause: Evasion items are banned\n|rule|Species Clause: Limit one of each Pok\u00e9mon\n|rule|Sleep Clause Mod: Limit one foe put to sleep\n|rule|Mega Rayquaza Clause: You cannot mega evolve Rayquaza\n|clearpoke\n|poke|p1|Ekans, F|\n|poke|p2|Quaquaval, F|\n|teampreview\n|\n|t:|1700114148\n|start\n|switch|p1a: Ekans|Ekans, F|100\/100\n|switch|p2a: Quaquaval|Quaquaval, F|100\/100\n|-ability|p1a: Ekans|Intimidate|boost\n|-unboost|p2a: Quaquaval|atk|1\n|turn|1\n|\n|t:|1700114154\n|move|p2a: Quaquaval|Aqua Step|p1a: Ekans\n|-damage|p1a: Ekans|65\/100\n|-boost|p2a: Quaquaval|spe|1\n|move|p1a: Ekans|Switcheroo|p2a: Quaquaval\n|-activate|p1a: Ekans|move: Trick|[of] p2a: Quaquaval\n|-item|p2a: Quaquaval|Flame Orb|[from] move: Switcheroo\n|-item|p1a: Ekans|Expert Belt|[from] move: Switcheroo\n|\n|-status|p2a: Quaquaval|brn|[from] item: Flame Orb\n|upkeep\n|turn|2\n|\n|t:|1700114166\n|move|p2a: Quaquaval|Aqua Step|p1a: Ekans\n|-damage|p1a: Ekans|46\/100\n|-boost|p2a: Quaquaval|spe|1\n|move|p1a: Ekans|Coil|p1a: Ekans\n|-boost|p1a: Ekans|atk|1\n|-boost|p1a: Ekans|def|1\n|-boost|p1a: Ekans|accuracy|1\n|\n|-damage|p2a: Quaquaval|94\/100 brn|[from] brn\n|upkeep\n|turn|3\n|\n|t:|1700114175\n|move|p2a: Quaquaval|Aqua Step|p1a: Ekans\n|-damage|p1a: Ekans|33\/100\n|-boost|p2a: Quaquaval|spe|1\n|move|p1a: Ekans|Rest|p1a: Ekans\n|-status|p1a: Ekans|slp|[from] move: Rest\n|-heal|p1a: Ekans|100\/100 slp|[silent]\n|\n|-damage|p2a: Quaquaval|88\/100 brn|[from] brn\n|upkeep\n|turn|4\n|\n|t:|1700114184\n|move|p2a: Quaquaval|Aqua Step|p1a: Ekans\n|-damage|p1a: Ekans|88\/100 slp\n|-boost|p2a: Quaquaval|spe|1\n|cant|p1a: Ekans|slp\n|\n|-damage|p2a: Quaquaval|82\/100 brn|[from] brn\n|upkeep\n|turn|5\n|\n|t:|1700114190\n|move|p2a: Quaquaval|Aqua Step|p1a: Ekans\n|-damage|p1a: Ekans|75\/100 slp\n|-boost|p2a: Quaquaval|spe|1\n|cant|p1a: Ekans|slp\n|\n|-damage|p2a: Quaquaval|76\/100 brn|[from] brn\n|upkeep\n|turn|6\n|\n|t:|1700114197\n|move|p2a: Quaquaval|Aqua Step|p1a: Ekans\n|-damage|p1a: Ekans|61\/100 slp\n|-boost|p2a: Quaquaval|spe|1\n|-curestatus|p1a: Ekans|slp|[msg]\n|move|p1a: Ekans|Coil|p1a: Ekans\n|-boost|p1a: Ekans|atk|1\n|-boost|p1a: Ekans|def|1\n|-boost|p1a: Ekans|accuracy|1\n|\n|-damage|p2a: Quaquaval|70\/100 brn|[from] brn\n|upkeep\n|turn|7\n|\n|t:|1700114204\n|move|p2a: Quaquaval|Aqua Step|p1a: Ekans\n|-damage|p1a: Ekans|52\/100\n|move|p1a: Ekans|Coil|p1a: Ekans\n|-boost|p1a: Ekans|atk|1\n|-boost|p1a: Ekans|def|1\n|-boost|p1a: Ekans|accuracy|1\n|\n|-damage|p2a: Quaquaval|64\/100 brn|[from] brn\n|upkeep\n|turn|8\n|\n|t:|1700114212\n|move|p2a: Quaquaval|Aqua Step|p1a: Ekans\n|-damage|p1a: Ekans|44\/100\n|move|p1a: Ekans|Seed Bomb|p2a: Quaquaval\n|-supereffective|p2a: Quaquaval\n|-damage|p2a: Quaquaval|0 fnt\n|faint|p2a: Quaquaval\n|\n|win|Fazykins\n","uploadtime":1700114219,"views":8,"p1id":"fazykins","p2id":"fazy1","formatid":"gen9nationaldexubers","rating":0,"private":0,"password":""}