{"id":"gen9nationaldexubers-1986684974","p1":"izuku msm bb","p2":"xiaoqing three","format":"[Gen 9] National Dex Ubers","log":"|j|\u2606izuku msm bb\n|j|\u2606xiaoqing three\n|t:|1699507510\n|gametype|singles\n|player|p1|izuku msm bb|red|1322\n|player|p2|xiaoqing three|grusha|1493\n|teamsize|p1|6\n|teamsize|p2|6\n|gen|9\n|tier|[Gen 9] National Dex Ubers\n|rated|\n|rule|HP Percentage Mod: HP is shown in percentages\n|rule|Endless Battle Clause: Forcing endless battles is banned\n|rule|OHKO Clause: OHKO moves are banned\n|rule|Evasion Moves Clause: Evasion moves are banned\n|rule|Evasion Items Clause: Evasion items are banned\n|rule|Species Clause: Limit one of each Pok\u00e9mon\n|rule|Sleep Clause Mod: Limit one foe put to sleep\n|rule|Mega Rayquaza Clause: You cannot mega evolve Rayquaza\n|clearpoke\n|poke|p1|Kyogre|\n|poke|p1|Galvantula, F|\n|poke|p1|Groudon|\n|poke|p1|Rayquaza|\n|poke|p1|Zacian-*|\n|poke|p1|Metagross|\n|poke|p2|Glimmora, F|\n|poke|p2|Giratina-Origin|\n|poke|p2|Xerneas-*|\n|poke|p2|Arceus-Dark|\n|poke|p2|Groudon|\n|poke|p2|Necrozma-Dusk-Mane|\n|teampreview\n|l|\u2606izuku msm bb\n|player|p1|\n|j|\u2606izuku msm bb\n|player|p1|izuku msm bb|red\n|\n|t:|1699507530\n|start\n|switch|p1a: Galvantula|Galvantula, F|100\/100\n|switch|p2a: Groudon|Groudon|100\/100\n|detailschange|p2a: Groudon|Groudon-Primal\n|-primal|p2a: Groudon|Red Orb\n|-weather|DesolateLand|[from] ability: Desolate Land|[of] p2a: Groudon\n|turn|1\n|\n|t:|1699507538\n|move|p1a: Galvantula|Sticky Web|p2a: Groudon\n|-sidestart|p2: xiaoqing three|move: Sticky Web\n|move|p2a: Groudon|Rock Polish|p2a: Groudon\n|-boost|p2a: Groudon|spe|2\n|\n|-weather|DesolateLand|[upkeep]\n|upkeep\n|turn|2\n|\n|t:|1699507542\n|move|p2a: Groudon|Heat Crash|p1a: Galvantula\n|-supereffective|p1a: Galvantula\n|-enditem|p1a: Galvantula|Focus Sash\n|-damage|p1a: Galvantula|1\/100\n|move|p1a: Galvantula|Hidden Power|p2a: Groudon\n|-supereffective|p2a: Groudon\n|-damage|p2a: Groudon|65\/100\n|\n|-weather|DesolateLand|[upkeep]\n|upkeep\n|turn|3\n|\n|t:|1699507546\n|move|p2a: Groudon|Heat Crash|p1a: Galvantula\n|-supereffective|p1a: Galvantula\n|-damage|p1a: Galvantula|0 fnt\n|faint|p1a: Galvantula\n|\n|-weather|DesolateLand|[upkeep]\n|upkeep\n|\n|t:|1699507549\n|switch|p1a: Kyogre|Kyogre|100\/100\n|detailschange|p1a: Kyogre|Kyogre-Primal\n|-primal|p1a: Kyogre|Blue Orb\n|-weather|PrimordialSea|[from] ability: Primordial Sea|[of] p1a: Kyogre\n|turn|4\n|\n|t:|1699507552\n|move|p2a: Groudon|Precipice Blades|p1a: Kyogre\n|-damage|p1a: Kyogre|0 fnt\n|faint|p1a: Kyogre\n|-weather|none\n|\n|upkeep\n|\n|t:|1699507561\n|switch|p1a: Rayquaza|Rayquaza|100\/100\n|-ability|p1a: Rayquaza|Air Lock\n|turn|5\n|\n|t:|1699507565\n|move|p2a: Groudon|Stone Edge|p1a: Rayquaza\n|-supereffective|p1a: Rayquaza\n|-damage|p1a: Rayquaza|0 fnt\n|faint|p1a: Rayquaza\n|\n|upkeep\n|\n|t:|1699507569\n|switch|p1a: Zacian|Zacian-Crowned|100\/100\n|-ability|p1a: Zacian|Intrepid Sword|boost\n|-boost|p1a: Zacian|atk|1\n|turn|6\n|\n|t:|1699507572\n|move|p2a: Groudon|Precipice Blades|p1a: Zacian\n|-supereffective|p1a: Zacian\n|-damage|p1a: Zacian|0 fnt\n|faint|p1a: Zacian\n|\n|upkeep\n|\n|t:|1699507575\n|switch|p1a: Groudon|Groudon|100\/100\n|detailschange|p1a: Groudon|Groudon-Primal\n|-primal|p1a: Groudon|Red Orb\n|-weather|DesolateLand|[from] ability: Desolate Land|[of] p1a: Groudon\n|turn|7\n|\n|t:|1699507581\n|move|p2a: Groudon|Precipice Blades|p1a: Groudon\n|-supereffective|p1a: Groudon\n|-damage|p1a: Groudon|0 fnt\n|faint|p1a: Groudon\n|\n|-weather|DesolateLand|[upkeep]\n|upkeep\n|\n|t:|1699507584\n|switch|p1a: Metagross|Metagross|100\/100\n|turn|8\n|\n|t:|1699507596\n|detailschange|p1a: Metagross|Metagross-Mega\n|-mega|p1a: Metagross|Metagross|Metagrossite\n|move|p2a: Groudon|Precipice Blades|p1a: Metagross\n|-supereffective|p1a: Metagross\n|-damage|p1a: Metagross|4\/100\n|move|p1a: Metagross|Body Press|p2a: Groudon\n|-damage|p2a: Groudon|41\/100\n|\n|-weather|DesolateLand|[upkeep]\n|upkeep\n|turn|9\n|\n|t:|1699507602\n|move|p2a: Groudon|Heat Crash|p1a: Metagross\n|-supereffective|p1a: Metagross\n|-damage|p1a: Metagross|0 fnt\n|faint|p1a: Metagross\n|\n|win|xiaoqing three\n|raw|izuku msm bb's rating: 1322 &rarr; <strong>1311<\/strong><br \/>(-11 for losing)\n|raw|xiaoqing three's rating: 1493 &rarr; <strong>1504<\/strong><br \/>(+11 for winning)\n|l|\u2606izuku msm bb\n","uploadtime":1699507611,"views":12,"p1id":"izukumsmbb","p2id":"xiaoqingthree","formatid":"gen9nationaldexubers","rating":1311,"private":0,"password":""}