{"id":"gen9nationaldexubers-1997259527","p1":"Adamisaking","p2":"gggg c","format":"[Gen 9] National Dex Ubers","log":"|j|\u2606Adamisaking\n|j|\u2606gggg c\n|t:|1700781527\n|gametype|singles\n|player|p1|Adamisaking|brycenman|1166\n|player|p2|gggg c|266|1099\n|teamsize|p1|6\n|teamsize|p2|6\n|gen|9\n|tier|[Gen 9] National Dex Ubers\n|rated|\n|rule|HP Percentage Mod: HP is shown in percentages\n|rule|Endless Battle Clause: Forcing endless battles is banned\n|rule|OHKO Clause: OHKO moves are banned\n|rule|Evasion Moves Clause: Evasion moves are banned\n|rule|Evasion Items Clause: Evasion items are banned\n|rule|Species Clause: Limit one of each Pok\u00e9mon\n|rule|Sleep Clause Mod: Limit one foe put to sleep\n|rule|Mega Rayquaza Clause: You cannot mega evolve Rayquaza\n|clearpoke\n|poke|p1|Dracovish|\n|poke|p1|Pelipper, M|\n|poke|p1|Urshifu-*, M|\n|poke|p1|Smeargle, M|\n|poke|p1|Kommo-o, M|\n|poke|p1|Zygarde-10%|\n|poke|p2|Alakazam, F|\n|poke|p2|Ninetales-Alola, F|\n|poke|p2|Gliscor, F|\n|poke|p2|Annihilape, F|\n|poke|p2|Corviknight, M|\n|poke|p2|Dragapult, F|\n|teampreview\n|\n|t:|1700781531\n|start\n|switch|p1a: Demon Dog|Zygarde-10%, shiny|100\/100\n|switch|p2a: Alakazam|Alakazam, F|100\/100\n|turn|1\n|inactive|Battle timer is ON: inactive players will automatically lose when time's up. (requested by gggg c)\n|\n|t:|1700781552\n|detailschange|p2a: Alakazam|Alakazam-Mega, F\n|-mega|p2a: Alakazam|Alakazam|Alakazite\n|move|p2a: Alakazam|Dazzling Gleam|p1a: Demon Dog\n|-supereffective|p1a: Demon Dog\n|-enditem|p1a: Demon Dog|Focus Sash\n|-damage|p1a: Demon Dog|1\/100\n|move|p1a: Demon Dog|Outrage|p2a: Alakazam\n|-damage|p2a: Alakazam|0 fnt\n|faint|p2a: Alakazam\n|\n|-activate|p1a: Demon Dog|ability: Power Construct\n|detailschange|p1a: Demon Dog|Zygarde-Complete, shiny\n|-heal|p1a: Demon Dog|57\/100|[silent]\n|upkeep\n|\n|t:|1700781559\n|switch|p2a: Ninetales|Ninetales-Alola, F|100\/100\n|-weather|Snow|[from] ability: Snow Warning|[of] p2a: Ninetales\n|turn|2\n|\n|t:|1700781569\n|move|p2a: Ninetales|Blizzard|p1a: Demon Dog\n|-supereffective|p1a: Demon Dog\n|-damage|p1a: Demon Dog|0 fnt\n|faint|p1a: Demon Dog\n|\n|-weather|Snow|[upkeep]\n|upkeep\n|\n|t:|1700781578\n|switch|p1a: Smeargle|Smeargle, M|100\/100\n|turn|3\n|\n|t:|1700781584\n|switch|p2a: Annihilape|Annihilape, F|100\/100\n|move|p1a: Smeargle|Spore|p2a: Annihilape\n|-status|p2a: Annihilape|slp|[from] move: Spore\n|\n|-weather|Snow|[upkeep]\n|-ability|p1a: Smeargle|Moody|boost\n|-boost|p1a: Smeargle|atk|2\n|-unboost|p1a: Smeargle|def|1\n|upkeep\n|turn|4\n|\n|t:|1700781592\n|cant|p2a: Annihilape|slp\n|move|p1a: Smeargle|Shell Smash|p1a: Smeargle\n|-unboost|p1a: Smeargle|def|1\n|-unboost|p1a: Smeargle|spd|1\n|-boost|p1a: Smeargle|atk|2\n|-boost|p1a: Smeargle|spa|2\n|-boost|p1a: Smeargle|spe|2\n|\n|-weather|Snow|[upkeep]\n|-ability|p1a: Smeargle|Moody|boost\n|-boost|p1a: Smeargle|spd|2\n|-unboost|p1a: Smeargle|def|1\n|upkeep\n|turn|5\n|\n|t:|1700781601\n|move|p1a: Smeargle|Shell Smash|p1a: Smeargle\n|-unboost|p1a: Smeargle|def|1\n|-unboost|p1a: Smeargle|spd|1\n|-boost|p1a: Smeargle|atk|2\n|-boost|p1a: Smeargle|spa|2\n|-boost|p1a: Smeargle|spe|2\n|cant|p2a: Annihilape|slp\n|\n|-weather|Snow|[upkeep]\n|-ability|p1a: Smeargle|Moody|boost\n|-boost|p1a: Smeargle|spa|2\n|-unboost|p1a: Smeargle|atk|1\n|upkeep\n|turn|6\n|\n|t:|1700781612\n|-terastallize|p1a: Smeargle|Psychic\n|move|p1a: Smeargle|Stored Power|p2a: Annihilape\n|-supereffective|p2a: Annihilape\n|-damage|p2a: Annihilape|0 fnt\n|faint|p2a: Annihilape\n|\n|-weather|none\n|-ability|p1a: Smeargle|Moody|boost\n|-boost|p1a: Smeargle|atk|1\n|-unboost|p1a: Smeargle|spa|1\n|upkeep\n|\n|t:|1700781621\n|switch|p2a: Dragapult|Dragapult, F|100\/100\n|turn|7\n|\n|t:|1700781624\n|move|p1a: Smeargle|Stored Power|p2a: Dragapult\n|-damage|p2a: Dragapult|0 fnt\n|-start|p1a: Smeargle|Disable|Stored Power|[from] ability: Cursed Body|[of] p2a: Dragapult\n|faint|p2a: Dragapult\n|\n|-ability|p1a: Smeargle|Moody|boost\n|-boost|p1a: Smeargle|spd|2\n|-unboost|p1a: Smeargle|spa|1\n|upkeep\n|\n|t:|1700781628\n|switch|p2a: Ninetales|Ninetales-Alola, F|100\/100\n|-weather|Snow|[from] ability: Snow Warning|[of] p2a: Ninetales\n|turn|8\n|\n|t:|1700781638\n|move|p1a: Smeargle|Spore|p2a: Ninetales\n|-status|p2a: Ninetales|slp|[from] move: Spore\n|cant|p2a: Ninetales|slp\n|\n|-weather|Snow|[upkeep]\n|-ability|p1a: Smeargle|Moody|boost\n|-boost|p1a: Smeargle|def|2\n|-unboost|p1a: Smeargle|spa|1\n|upkeep\n|turn|9\n|\n|t:|1700781650\n|switch|p1a: Dracovish|Dracovish, shiny|100\/100\n|-curestatus|p2a: Ninetales|slp|[msg]\n|move|p2a: Ninetales|Blizzard|p1a: Dracovish\n|-damage|p1a: Dracovish|42\/100\n|\n|-weather|Snow|[upkeep]\n|upkeep\n|turn|10\n|\n|t:|1700781659\n|move|p1a: Dracovish|Fishious Rend|p2a: Ninetales\n|-enditem|p2a: Ninetales|Focus Sash\n|-damage|p2a: Ninetales|1\/100\n|move|p2a: Ninetales|Freeze-Dry|p1a: Dracovish\n|-supereffective|p1a: Dracovish\n|-damage|p1a: Dracovish|0 fnt\n|faint|p1a: Dracovish\n|\n|-weather|Snow|[upkeep]\n|upkeep\n|\n|t:|1700781669\n|switch|p1a: Smeargle|Smeargle, M, tera:Psychic|100\/100\n|turn|11\n|\n|t:|1700781693\n|switch|p2a: Corviknight|Corviknight, M|100\/100\n|move|p1a: Smeargle|Shell Smash|p1a: Smeargle\n|-unboost|p1a: Smeargle|def|1\n|-unboost|p1a: Smeargle|spd|1\n|-boost|p1a: Smeargle|atk|2\n|-boost|p1a: Smeargle|spa|2\n|-boost|p1a: Smeargle|spe|2\n|\n|-weather|Snow|[upkeep]\n|-ability|p1a: Smeargle|Moody|boost\n|-boost|p1a: Smeargle|spe|2\n|-unboost|p1a: Smeargle|spd|1\n|upkeep\n|turn|12\n|\n|t:|1700781705\n|move|p1a: Smeargle|Shell Smash|p1a: Smeargle\n|-unboost|p1a: Smeargle|def|1\n|-unboost|p1a: Smeargle|spd|1\n|-boost|p1a: Smeargle|atk|2\n|-boost|p1a: Smeargle|spa|2\n|-boost|p1a: Smeargle|spe|2\n|move|p2a: Corviknight|Substitute|p2a: Corviknight\n|-start|p2a: Corviknight|Substitute\n|-damage|p2a: Corviknight|75\/100\n|\n|-weather|none\n|-heal|p2a: Corviknight|82\/100|[from] item: Leftovers\n|-ability|p1a: Smeargle|Moody|boost\n|-boost|p1a: Smeargle|spa|2\n|-unboost|p1a: Smeargle|spe|1\n|upkeep\n|turn|13\n|\n|t:|1700781716\n|move|p1a: Smeargle|Stored Power|p2a: Corviknight\n|-resisted|p2a: Corviknight\n|-end|p2a: Corviknight|Substitute\n|move|p2a: Corviknight|Drill Peck|p1a: Smeargle\n|-enditem|p1a: Smeargle|Focus Sash\n|-damage|p1a: Smeargle|1\/100\n|\n|-heal|p2a: Corviknight|88\/100|[from] item: Leftovers\n|-ability|p1a: Smeargle|Moody|boost\n|-boost|p1a: Smeargle|spe|1\n|-unboost|p1a: Smeargle|spd|1\n|upkeep\n|turn|14\n|\n|t:|1700781726\n|move|p1a: Smeargle|Stored Power|p2a: Corviknight\n|-resisted|p2a: Corviknight\n|-damage|p2a: Corviknight|0 fnt\n|faint|p2a: Corviknight\n|\n|-ability|p1a: Smeargle|Moody|boost\n|-boost|p1a: Smeargle|spd|2\n|-unboost|p1a: Smeargle|atk|1\n|upkeep\n|\n|t:|1700781732\n|switch|p2a: Gliscor|Gliscor, F, shiny|100\/100\n|turn|15\n|\n|t:|1700781736\n|move|p1a: Smeargle|Stored Power|p2a: Gliscor\n|-damage|p2a: Gliscor|0 fnt\n|faint|p2a: Gliscor\n|\n|-ability|p1a: Smeargle|Moody|boost\n|-boost|p1a: Smeargle|atk|2\n|-unboost|p1a: Smeargle|spa|1\n|upkeep\n|\n|t:|1700781740\n|switch|p2a: Ninetales|Ninetales-Alola, F|1\/100\n|-weather|Snow|[from] ability: Snow Warning|[of] p2a: Ninetales\n|turn|16\n|\n|t:|1700781745\n|move|p1a: Smeargle|Extreme Speed|p2a: Ninetales\n|-damage|p2a: Ninetales|0 fnt\n|faint|p2a: Ninetales\n|\n|win|Adamisaking\n|raw|Adamisaking's rating: 1166 &rarr; <strong>1186<\/strong><br \/>(+20 for winning)\n|raw|gggg c's rating: 1099 &rarr; <strong>1079<\/strong><br \/>(-20 for losing)\n","uploadtime":1700781747,"views":3,"p1id":"adamisaking","p2id":"ggggc","formatid":"gen9nationaldexubers","rating":1079,"private":0,"password":""}