{"id":"gen9nationaldexubers-1991002303","p1":"hanagakiUBD","p2":"DracoAxel","format":"[Gen 9] National Dex Ubers","log":"|j|\u2606hanagakiUBD\n|j|\u2606DracoAxel\n|t:|1700026112\n|gametype|singles\n|player|p1|hanagakiUBD|iris-gen5bw2|\n|player|p2|DracoAxel|nate|\n|teamsize|p1|6\n|teamsize|p2|6\n|gen|9\n|tier|[Gen 9] National Dex Ubers\n|rule|HP Percentage Mod: HP is shown in percentages\n|rule|Endless Battle Clause: Forcing endless battles is banned\n|rule|OHKO Clause: OHKO moves are banned\n|rule|Evasion Moves Clause: Evasion moves are banned\n|rule|Evasion Items Clause: Evasion items are banned\n|rule|Species Clause: Limit one of each Pok\u00e9mon\n|rule|Sleep Clause Mod: Limit one foe put to sleep\n|rule|Mega Rayquaza Clause: You cannot mega evolve Rayquaza\n|clearpoke\n|poke|p1|Darmanitan-Galar, M|\n|poke|p1|Volcarona, F|\n|poke|p1|Dragapult, F|\n|poke|p1|Alakazam, F|\n|poke|p1|Kingambit, M|\n|poke|p1|Kleavor, M|\n|poke|p2|Urshifu-*, F|\n|poke|p2|Xurkitree|\n|poke|p2|Palafin, F|\n|poke|p2|Pinsir, M|\n|poke|p2|Garchomp, M|\n|poke|p2|Blacephalon|\n|teampreview\n|inactive|Battle timer is ON: inactive players will automatically lose when time's up. (requested by hanagakiUBD)\n|\n|t:|1700026119\n|start\n|switch|p1a: Kleavor|Kleavor, M|100\/100\n|switch|p2a: Palafin|Palafin, F|100\/100\n|turn|1\n|\n|t:|1700026130\n|detailschange|p2a: Palafin|Palafin-Hero, F\n|switch|p2a: Blacephalon|Blacephalon|100\/100\n|move|p1a: Kleavor|Dual Wingbeat|p2a: Blacephalon\n|-damage|p2a: Blacephalon|66\/100\n|-crit|p2a: Blacephalon\n|-damage|p2a: Blacephalon|9\/100\n|-hitcount|p2a: Blacephalon|2\n|\n|upkeep\n|turn|2\n|\n|t:|1700026137\n|move|p1a: Kleavor|Dual Wingbeat|p2a: Blacephalon\n|-damage|p2a: Blacephalon|0 fnt\n|faint|p2a: Blacephalon\n|-hitcount|p2: Blacephalon|1\n|\n|upkeep\n|\n|t:|1700026143\n|switch|p2a: Garchomp|Garchomp, M|100\/100\n|turn|3\n|\n|t:|1700026151\n|move|p2a: Garchomp|Iron Head|p1a: Kleavor\n|-supereffective|p1a: Kleavor\n|-damage|p1a: Kleavor|18\/100\n|move|p1a: Kleavor|Dual Wingbeat|p2a: Garchomp\n|-damage|p2a: Garchomp|84\/100\n|-damage|p1a: Kleavor|6\/100|[from] ability: Rough Skin|[of] p2a: Garchomp\n|-damage|p2a: Garchomp|67\/100\n|-damage|p1a: Kleavor|0 fnt|[from] ability: Rough Skin|[of] p2a: Garchomp\n|faint|p1a: Kleavor\n|-hitcount|p2a: Garchomp|2\n|\n|upkeep\n|\n|t:|1700026157\n|switch|p1a: Darmanitan|Darmanitan-Galar, M|100\/100\n|turn|4\n|\n|t:|1700026183\n|move|p2a: Garchomp|Iron Head|p1a: Darmanitan\n|-supereffective|p1a: Darmanitan\n|-damage|p1a: Darmanitan|6\/100\n|move|p1a: Darmanitan|Icicle Crash|p2a: Garchomp|[miss]\n|-miss|p1a: Darmanitan|p2a: Garchomp\n|\n|upkeep\n|turn|5\n|\n|t:|1700026187\n|move|p2a: Garchomp|Iron Head|p1a: Darmanitan\n|-supereffective|p1a: Darmanitan\n|-damage|p1a: Darmanitan|0 fnt\n|faint|p1a: Darmanitan\n|\n|upkeep\n|c|\u2606hanagakiUBD|xdxd\n|\n|t:|1700026194\n|switch|p1a: Dragapult|Dragapult, F, shiny|100\/100\n|turn|6\n|\n|t:|1700026212\n|switch|p2a: Palafin|Palafin-Hero, F|100\/100\n|-activate|p2a: Palafin|ability: Zero to Hero\n|move|p1a: Dragapult|Dragon Dance|p1a: Dragapult\n|-boost|p1a: Dragapult|atk|1\n|-boost|p1a: Dragapult|spe|1\n|\n|upkeep\n|turn|7\n|\n|t:|1700026220\n|-zpower|p1a: Dragapult\n|move|p1a: Dragapult|Never-Ending Nightmare|p2a: Palafin|[zeffect]\n|-damage|p2a: Palafin|0 fnt\n|faint|p2a: Palafin\n|\n|upkeep\n|\n|t:|1700026227\n|switch|p2a: Garchomp|Garchomp, M|67\/100\n|turn|8\n|\n|t:|1700026229\n|move|p1a: Dragapult|Dragon Darts|p2a: Garchomp\n|-supereffective|p2a: Garchomp\n|-damage|p2a: Garchomp|0 fnt\n|faint|p2a: Garchomp\n|\n|upkeep\n|\n|t:|1700026232\n|switch|p2a: Urshifu|Urshifu, F|100\/100\n|turn|9\n|\n|t:|1700026236\n|move|p1a: Dragapult|Dragon Darts|p2a: Urshifu\n|-damage|p2a: Urshifu|66\/100\n|-anim|p1a: Dragapult|Dragon Darts|p2a: Urshifu\n|-damage|p2a: Urshifu|31\/100\n|move|p2a: Urshifu|Wicked Blow|p1a: Dragapult\n|-supereffective|p1a: Dragapult\n|-crit|p1a: Dragapult\n|-damage|p1a: Dragapult|0 fnt\n|faint|p1a: Dragapult\n|\n|upkeep\n|\n|t:|1700026245\n|switch|p1a: Alakazam|Alakazam, F|100\/100\n|turn|10\n|\n|t:|1700026253\n|detailschange|p1a: Alakazam|Alakazam-Mega, F\n|-mega|p1a: Alakazam|Alakazam|Alakazite\n|-ability|p1a: Alakazam|Unseen Fist|[from] ability: Trace|[of] p2a: Urshifu\n|move|p2a: Urshifu|Wicked Blow|p1a: Alakazam\n|-supereffective|p1a: Alakazam\n|-crit|p1a: Alakazam\n|-damage|p1a: Alakazam|0 fnt\n|faint|p1a: Alakazam\n|\n|upkeep\n|\n|t:|1700026263\n|switch|p1a: Kingambit|Kingambit, M|100\/100\n|-activate|p1a: Kingambit|ability: Supreme Overlord\n|-start|p1a: Kingambit|fallen4|[silent]\n|turn|11\n|\n|t:|1700026285\n|switch|p2a: Xurkitree|Xurkitree|100\/100\n|move|p1a: Kingambit|Sucker Punch||[still]\n|-fail|p1a: Kingambit\n|\n|upkeep\n|turn|12\n|\n|t:|1700026292\n|move|p2a: Xurkitree|Calm Mind|p2a: Xurkitree\n|-boost|p2a: Xurkitree|spa|1\n|-boost|p2a: Xurkitree|spd|1\n|move|p1a: Kingambit|Iron Head|p2a: Xurkitree\n|-resisted|p2a: Xurkitree\n|-damage|p2a: Xurkitree|52\/100\n|\n|upkeep\n|turn|13\n|\n|t:|1700026300\n|move|p1a: Kingambit|Sucker Punch|p2a: Xurkitree\n|-damage|p2a: Xurkitree|0 fnt\n|faint|p2a: Xurkitree\n|\n|upkeep\n|\n|t:|1700026304\n|switch|p2a: Pinsir|Pinsir, M|100\/100\n|turn|14\n|\n|t:|1700026310\n|detailschange|p2a: Pinsir|Pinsir-Mega, M\n|-mega|p2a: Pinsir|Pinsir|Pinsirite\n|move|p2a: Pinsir|Close Combat|p1a: Kingambit\n|-supereffective|p1a: Kingambit\n|-damage|p1a: Kingambit|0 fnt\n|-unboost|p2a: Pinsir|def|1\n|-unboost|p2a: Pinsir|spd|1\n|faint|p1a: Kingambit\n|-end|p1a: Kingambit|fallen4|[silent]\n|\n|upkeep\n|\n|t:|1700026314\n|switch|p1a: Volcarona|Volcarona, F, shiny|100\/100\n|-item|p1a: Volcarona|Air Balloon\n|turn|15\n|\n|t:|1700026326\n|-terastallize|p1a: Volcarona|Dragon\n|move|p2a: Pinsir|Quick Attack|p1a: Volcarona\n|-damage|p1a: Volcarona|54\/100\n|-enditem|p1a: Volcarona|Air Balloon\n|move|p1a: Volcarona|Quiver Dance|p1a: Volcarona\n|-boost|p1a: Volcarona|spa|1\n|-boost|p1a: Volcarona|spd|1\n|-boost|p1a: Volcarona|spe|1\n|\n|upkeep\n|turn|16\n|\n|t:|1700026332\n|move|p1a: Volcarona|Fiery Dance|p2a: Pinsir\n|-supereffective|p2a: Pinsir\n|-damage|p2a: Pinsir|0 fnt\n|faint|p2a: Pinsir\n|\n|upkeep\n|\n|t:|1700026335\n|switch|p2a: Urshifu|Urshifu, F|31\/100\n|turn|17\n|\n|t:|1700026339\n|move|p1a: Volcarona|Tera Blast|p2a: Urshifu|[anim] Tera Blast Dragon\n|-damage|p2a: Urshifu|0 fnt\n|faint|p2a: Urshifu\n|\n|win|hanagakiUBD\n|l|\u2606DracoAxel\n|c|\u2606hanagakiUBD|Gg\n","uploadtime":1700026346,"views":7,"p1id":"hanagakiubd","p2id":"dracoaxel","formatid":"gen9nationaldexubers","rating":0,"private":0,"password":""}