{"id":"gen9nationaldexubers-1979885270","p1":"Saulim","p2":"i'madragontype","format":"[Gen 9] National Dex Ubers","log":"|j|\u2606Saulim\n|j|\u2606i'madragontype\n|t:|1698724218\n|gametype|singles\n|player|p1|Saulim|101|1045\n|player|p2|i'madragontype|iris|1042\n|teamsize|p1|6\n|teamsize|p2|6\n|gen|9\n|tier|[Gen 9] National Dex Ubers\n|rated|\n|rule|HP Percentage Mod: HP is shown in percentages\n|rule|Endless Battle Clause: Forcing endless battles is banned\n|rule|OHKO Clause: OHKO moves are banned\n|rule|Evasion Moves Clause: Evasion moves are banned\n|rule|Evasion Items Clause: Evasion items are banned\n|rule|Species Clause: Limit one of each Pok\u00e9mon\n|rule|Sleep Clause Mod: Limit one foe put to sleep\n|rule|Mega Rayquaza Clause: You cannot mega evolve Rayquaza\n|clearpoke\n|poke|p1|Hydreigon, M|\n|poke|p1|Blaziken, F|\n|poke|p1|Dragapult, M|\n|poke|p1|Gastrodon, M|\n|poke|p1|Toxapex, F|\n|poke|p1|Hatterene, F|\n|poke|p2|Meowscarada, F|\n|poke|p2|Delphox, F|\n|poke|p2|Blaziken, M|\n|poke|p2|Primarina, F|\n|poke|p2|Greninja-*, M|\n|poke|p2|Typhlosion-Hisui, M|\n|teampreview\n|\n|t:|1698724229\n|start\n|switch|p1a: Dragapult|Dragapult, M|100\/100\n|switch|p2a: jestar|Meowscarada, F|100\/100\n|turn|1\n|\n|t:|1698724237\n|move|p1a: Dragapult|Substitute|p1a: Dragapult\n|-start|p1a: Dragapult|Substitute\n|-damage|p1a: Dragapult|76\/100\n|move|p2a: jestar|Toxic Spikes|p1a: Dragapult\n|-start|p2a: jestar|typechange|Poison|[from] ability: Protean\n|-sidestart|p1: Saulim|move: Toxic Spikes\n|\n|-heal|p1a: Dragapult|82\/100|[from] item: Leftovers\n|upkeep\n|turn|2\n|\n|t:|1698724251\n|move|p1a: Dragapult|Dragon Dance|p1a: Dragapult\n|-boost|p1a: Dragapult|atk|1\n|-boost|p1a: Dragapult|spe|1\n|move|p2a: jestar|Toxic Spikes|p1a: Dragapult\n|-sidestart|p1: Saulim|move: Toxic Spikes\n|\n|-heal|p1a: Dragapult|88\/100|[from] item: Leftovers\n|upkeep\n|turn|3\n|\n|t:|1698724258\n|move|p1a: Dragapult|Dragon Dance|p1a: Dragapult\n|-boost|p1a: Dragapult|atk|1\n|-boost|p1a: Dragapult|spe|1\n|move|p2a: jestar|Grass Knot|p1a: Dragapult\n|-resisted|p1a: Dragapult\n|-activate|p1a: Dragapult|move: Substitute|[damage]\n|\n|-heal|p1a: Dragapult|94\/100|[from] item: Leftovers\n|upkeep\n|turn|4\n|\n|t:|1698724270\n|move|p1a: Dragapult|Dragon Darts|p2a: jestar\n|-damage|p2a: jestar|27\/100\n|-enditem|p2a: jestar|Sitrus Berry|[eat]\n|-heal|p2a: jestar|52\/100|[from] item: Sitrus Berry\n|-anim|p1a: Dragapult|Dragon Darts|p2a: jestar\n|-damage|p2a: jestar|0 fnt\n|faint|p2a: jestar\n|\n|-heal|p1a: Dragapult|99\/100|[from] item: Leftovers\n|upkeep\n|\n|t:|1698724281\n|switch|p2a: ghost|Typhlosion-Hisui, M|100\/100\n|turn|5\n|\n|t:|1698724285\n|move|p1a: Dragapult|Dragon Darts|p2a: ghost\n|-damage|p2a: ghost|23\/100\n|-enditem|p2a: ghost|Sitrus Berry|[eat]\n|-heal|p2a: ghost|48\/100|[from] item: Sitrus Berry\n|-anim|p1a: Dragapult|Dragon Darts|p2a: ghost\n|-damage|p2a: ghost|0 fnt\n|faint|p2a: ghost\n|\n|-heal|p1a: Dragapult|100\/100|[from] item: Leftovers\n|upkeep\n|\n|t:|1698724295\n|switch|p2a: magic|Delphox, F, shiny|100\/100\n|turn|6\n|\n|t:|1698724300\n|move|p1a: Dragapult|Dragon Darts|p2a: magic\n|-damage|p2a: magic|24\/100\n|-anim|p1a: Dragapult|Dragon Darts|p2a: magic\n|-damage|p2a: magic|0 fnt\n|faint|p2a: magic\n|\n|upkeep\n|c|\u2606i'madragontype|fuuuuuuuuuuuuuuuuuuuuuuck you\n|\n|t:|1698724315\n|switch|p2a: flamekick|Blaziken, M|100\/100\n|turn|7\n|\n|t:|1698724324\n|move|p1a: Dragapult|Dragon Darts|p2a: flamekick\n|-damage|p2a: flamekick|21\/100\n|-anim|p1a: Dragapult|Dragon Darts|p2a: flamekick\n|-damage|p2a: flamekick|0 fnt\n|faint|p2a: flamekick\n|\n|upkeep\n|c|\u2606Saulim|hahahahaha\n|-message|i'madragontype forfeited.\n|\n|win|Saulim\n|raw|Saulim's rating: 1045 &rarr; <strong>1078<\/strong><br \/>(+33 for winning)\n|raw|i&apos;madragontype's rating: 1042 &rarr; <strong>1026<\/strong><br \/>(-16 for losing)\n","uploadtime":1698724313,"views":8,"p1id":"saulim","p2id":"imadragontype","formatid":"gen9nationaldexubers","rating":1026,"private":0,"password":""}