{"id":"gen9nationaldexubers-1990025225","p1":"Uncle_MG","p2":"HYDRO-MODE\ufe0f\ufe0f\ufe0f\u267e\ufe0f","format":"[Gen 9] National Dex Ubers","log":"|j|\u2606Uncle_MG\n|j|\u2606HYDRO-MODE\ufe0f\ufe0f\ufe0f\u267e\ufe0f\n|t:|1699916579\n|gametype|singles\n|player|p1|Uncle_MG|barry|1138\n|player|p2|HYDRO-MODE\ufe0f\ufe0f\ufe0f\u267e\ufe0f|nessa|1121\n|teamsize|p1|6\n|teamsize|p2|6\n|gen|9\n|tier|[Gen 9] National Dex Ubers\n|rated|\n|rule|HP Percentage Mod: HP is shown in percentages\n|rule|Endless Battle Clause: Forcing endless battles is banned\n|rule|OHKO Clause: OHKO moves are banned\n|rule|Evasion Moves Clause: Evasion moves are banned\n|rule|Evasion Items Clause: Evasion items are banned\n|rule|Species Clause: Limit one of each Pok\u00e9mon\n|rule|Sleep Clause Mod: Limit one foe put to sleep\n|rule|Mega Rayquaza Clause: You cannot mega evolve Rayquaza\n|clearpoke\n|poke|p1|Smeargle, M|\n|poke|p1|Ferrothorn, M|\n|poke|p1|Sableye, M|\n|poke|p1|Clefable, F|\n|poke|p1|Ho-Oh|\n|poke|p1|Quagsire, F|\n|poke|p2|Primarina, F|\n|poke|p2|Inteleon, M|\n|poke|p2|Kyogre|\n|poke|p2|Suicune|\n|poke|p2|Swampert, M|\n|poke|p2|Arceus-Water|\n|teampreview\n|c|\u2606Uncle_MG|oh hey are you the person from earlier?\n|\n|t:|1699916595\n|start\n|switch|p1a: Sketchy|Smeargle, M|100\/100\n|switch|p2a: \ud83d\udca7\ud83d\udca7KYOGRE\ud83d\udca7\ud83d\udca7|Kyogre|100\/100\n|-weather|RainDance|[from] ability: Drizzle|[of] p2a: \ud83d\udca7\ud83d\udca7KYOGRE\ud83d\udca7\ud83d\udca7\n|turn|1\n|\n|t:|1699916606\n|switch|p2a: \ud83d\udca7\ud83d\udca7INTELEON\ud83d\udca7\ud83d\udca7|Inteleon, M, shiny|100\/100\n|move|p1a: Sketchy|Toxic Spikes|p2a: \ud83d\udca7\ud83d\udca7INTELEON\ud83d\udca7\ud83d\udca7\n|-sidestart|p2: HYDRO-MODE\ufe0f\ufe0f\ufe0f\u267e\ufe0f|move: Toxic Spikes\n|\n|-weather|RainDance|[upkeep]\n|upkeep\n|turn|2\n|\n|t:|1699916615\n|switch|p1a: Spiky|Ferrothorn, M|100\/100\n|move|p2a: \ud83d\udca7\ud83d\udca7INTELEON\ud83d\udca7\ud83d\udca7|Focus Energy|p2a: \ud83d\udca7\ud83d\udca7INTELEON\ud83d\udca7\ud83d\udca7\n|-start|p2a: \ud83d\udca7\ud83d\udca7INTELEON\ud83d\udca7\ud83d\udca7|move: Focus Energy\n|\n|-weather|RainDance|[upkeep]\n|upkeep\n|turn|3\n|c|\u2606Uncle_MG|good to see you again! good luck and hf!\n|\n|t:|1699916630\n|-terastallize|p2a: \ud83d\udca7\ud83d\udca7INTELEON\ud83d\udca7\ud83d\udca7|Water\n|move|p2a: \ud83d\udca7\ud83d\udca7INTELEON\ud83d\udca7\ud83d\udca7|Hydro Cannon|p1a: Spiky\n|-resisted|p1a: Spiky\n|-crit|p1a: Spiky\n|-damage|p1a: Spiky|0 fnt\n|-mustrecharge|p2a: \ud83d\udca7\ud83d\udca7INTELEON\ud83d\udca7\ud83d\udca7\n|faint|p1a: Spiky\n|\n|-weather|RainDance|[upkeep]\n|upkeep\n|j| flatziswashed\n|\n|t:|1699916640\n|switch|p1a: Skrunky|Sableye, M|100\/100\n|turn|4\n|\n|t:|1699916643\n|detailschange|p1a: Skrunky|Sableye-Mega, M\n|-mega|p1a: Skrunky|Sableye|Sablenite\n|cant|p2a: \ud83d\udca7\ud83d\udca7INTELEON\ud83d\udca7\ud83d\udca7|recharge\n|move|p1a: Skrunky|Toxic|p2a: \ud83d\udca7\ud83d\udca7INTELEON\ud83d\udca7\ud83d\udca7\n|-status|p2a: \ud83d\udca7\ud83d\udca7INTELEON\ud83d\udca7\ud83d\udca7|tox\n|\n|-weather|RainDance|[upkeep]\n|-damage|p2a: \ud83d\udca7\ud83d\udca7INTELEON\ud83d\udca7\ud83d\udca7|94\/100 tox|[from] psn\n|upkeep\n|turn|5\n|l| flatziswashed\n|\n|t:|1699916654\n|move|p2a: \ud83d\udca7\ud83d\udca7INTELEON\ud83d\udca7\ud83d\udca7|Snipe Shot|p1a: Skrunky\n|-crit|p1a: Skrunky\n|-damage|p1a: Skrunky|0 fnt\n|faint|p1a: Skrunky\n|\n|-weather|RainDance|[upkeep]\n|-damage|p2a: \ud83d\udca7\ud83d\udca7INTELEON\ud83d\udca7\ud83d\udca7|82\/100 tox|[from] psn\n|upkeep\n|\n|t:|1699916662\n|switch|p1a: Soppy|Quagsire, F|100\/100\n|turn|6\n|\n|t:|1699916668\n|move|p2a: \ud83d\udca7\ud83d\udca7INTELEON\ud83d\udca7\ud83d\udca7|Snipe Shot|p1a: Soppy\n|-crit|p1a: Soppy\n|-damage|p1a: Soppy|0 fnt\n|faint|p1a: Soppy\n|\n|-weather|RainDance|[upkeep]\n|-damage|p2a: \ud83d\udca7\ud83d\udca7INTELEON\ud83d\udca7\ud83d\udca7|64\/100 tox|[from] psn\n|upkeep\n|\n|t:|1699916675\n|switch|p1a: Scorchy|Ho-Oh|100\/100\n|turn|7\n|\n|t:|1699916681\n|switch|p1a: Sketchy|Smeargle, M|100\/100\n|move|p2a: \ud83d\udca7\ud83d\udca7INTELEON\ud83d\udca7\ud83d\udca7|Snipe Shot|p1a: Sketchy\n|-crit|p1a: Sketchy\n|-damage|p1a: Sketchy|0 fnt\n|faint|p1a: Sketchy\n|\n|-weather|RainDance|[upkeep]\n|-damage|p2a: \ud83d\udca7\ud83d\udca7INTELEON\ud83d\udca7\ud83d\udca7|40\/100 tox|[from] psn\n|upkeep\n|\n|t:|1699916689\n|switch|p1a: Skeegy|Clefable, F|100\/100\n|turn|8\n|\n|t:|1699916699\n|move|p1a: Skeegy|Protect|p1a: Skeegy\n|-singleturn|p1a: Skeegy|Protect\n|move|p2a: \ud83d\udca7\ud83d\udca7INTELEON\ud83d\udca7\ud83d\udca7|Hydro Cannon|p1a: Skeegy\n|-activate|p1a: Skeegy|move: Protect\n|\n|-weather|none\n|-damage|p2a: \ud83d\udca7\ud83d\udca7INTELEON\ud83d\udca7\ud83d\udca7|10\/100 tox|[from] psn\n|upkeep\n|turn|9\n|\n|t:|1699916710\n|move|p1a: Skeegy|Protect||[still]\n|-fail|p1a: Skeegy\n|move|p2a: \ud83d\udca7\ud83d\udca7INTELEON\ud83d\udca7\ud83d\udca7|Snipe Shot|p1a: Skeegy\n|-crit|p1a: Skeegy\n|-damage|p1a: Skeegy|8\/100\n|\n|-heal|p1a: Skeegy|14\/100|[from] item: Leftovers\n|-damage|p2a: \ud83d\udca7\ud83d\udca7INTELEON\ud83d\udca7\ud83d\udca7|0 fnt|[from] psn\n|faint|p2a: \ud83d\udca7\ud83d\udca7INTELEON\ud83d\udca7\ud83d\udca7\n|upkeep\n|\n|t:|1699916726\n|switch|p2a: \ud83d\udca7\ud83d\udca7SWAMPERT\ud83d\udca7\ud83d\udca7|Swampert, M, shiny|100\/100\n|-status|p2a: \ud83d\udca7\ud83d\udca7SWAMPERT\ud83d\udca7\ud83d\udca7|psn\n|turn|10\n|\n|t:|1699916736\n|-terastallize|p1a: Skeegy|Steel\n|move|p2a: \ud83d\udca7\ud83d\udca7SWAMPERT\ud83d\udca7\ud83d\udca7|Earthquake|p1a: Skeegy\n|-supereffective|p1a: Skeegy\n|-damage|p1a: Skeegy|0 fnt\n|faint|p1a: Skeegy\n|\n|-damage|p2a: \ud83d\udca7\ud83d\udca7SWAMPERT\ud83d\udca7\ud83d\udca7|88\/100 psn|[from] psn\n|upkeep\n|\n|t:|1699916744\n|switch|p1a: Scorchy|Ho-Oh|100\/100\n|turn|11\n|\n|t:|1699916749\n|switch|p2a: \ud83d\udca7\ud83d\udca7KYOGRE\ud83d\udca7\ud83d\udca7|Kyogre|100\/100\n|-status|p2a: \ud83d\udca7\ud83d\udca7KYOGRE\ud83d\udca7\ud83d\udca7|psn\n|-weather|RainDance|[from] ability: Drizzle|[of] p2a: \ud83d\udca7\ud83d\udca7KYOGRE\ud83d\udca7\ud83d\udca7\n|move|p1a: Scorchy|Brave Bird|p2a: \ud83d\udca7\ud83d\udca7KYOGRE\ud83d\udca7\ud83d\udca7\n|-damage|p2a: \ud83d\udca7\ud83d\udca7KYOGRE\ud83d\udca7\ud83d\udca7|44\/100 psn\n|-damage|p1a: Scorchy|85\/100|[from] Recoil\n|\n|-weather|RainDance|[upkeep]\n|-damage|p2a: \ud83d\udca7\ud83d\udca7KYOGRE\ud83d\udca7\ud83d\udca7|32\/100 psn|[from] psn\n|upkeep\n|turn|12\n|\n|t:|1699916763\n|move|p2a: \ud83d\udca7\ud83d\udca7KYOGRE\ud83d\udca7\ud83d\udca7|Origin Pulse|p1a: Scorchy\n|-supereffective|p1a: Scorchy\n|-damage|p1a: Scorchy|3\/100\n|move|p1a: Scorchy|Brave Bird|p2a: \ud83d\udca7\ud83d\udca7KYOGRE\ud83d\udca7\ud83d\udca7\n|-damage|p2a: \ud83d\udca7\ud83d\udca7KYOGRE\ud83d\udca7\ud83d\udca7|0 fnt\n|faint|p2a: \ud83d\udca7\ud83d\udca7KYOGRE\ud83d\udca7\ud83d\udca7\n|-damage|p1a: Scorchy|0 fnt|[from] Recoil\n|faint|p1a: Scorchy\n|\n|win|HYDRO-MODE\ufe0f\ufe0f\ufe0f\u267e\ufe0f\n|raw|Uncle_MG's rating: 1138 &rarr; <strong>1112<\/strong><br \/>(-26 for losing)\n|raw|HYDRO-MODE\ufe0f\ufe0f\ufe0f\u267e\ufe0f's rating: 1121 &rarr; <strong>1147<\/strong><br \/>(+26 for winning)\n|c|\u2606Uncle_MG|gg!\n|l|\u2606Uncle_MG\n","uploadtime":1699916911,"views":11,"p1id":"unclemg","p2id":"hydromode","formatid":"gen9nationaldexubers","rating":1112,"private":0,"password":""}