{"id":"gen9nationaldexubers-1983429413","p1":"Diegusto","p2":"Susmaster77","format":"[Gen 9] National Dex Ubers","log":"|j|\u2606Diegusto\n|j|\u2606Susmaster77\n|t:|1699129228\n|gametype|singles\n|player|p1|Diegusto|lucas|1104\n|player|p2|Susmaster77|170|1028\n|teamsize|p1|4\n|teamsize|p2|6\n|gen|9\n|tier|[Gen 9] National Dex Ubers\n|rated|\n|rule|HP Percentage Mod: HP is shown in percentages\n|rule|Endless Battle Clause: Forcing endless battles is banned\n|rule|OHKO Clause: OHKO moves are banned\n|rule|Evasion Moves Clause: Evasion moves are banned\n|rule|Evasion Items Clause: Evasion items are banned\n|rule|Species Clause: Limit one of each Pok\u00e9mon\n|rule|Sleep Clause Mod: Limit one foe put to sleep\n|rule|Mega Rayquaza Clause: You cannot mega evolve Rayquaza\n|clearpoke\n|poke|p1|Urshifu-*, M|\n|poke|p1|Rayquaza|\n|poke|p1|Rillaboom, M|\n|poke|p1|Blaziken, M|\n|poke|p2|Dracovish|\n|poke|p2|Spidops, F|\n|poke|p2|Tyranitar, F|\n|poke|p2|Zygarde|\n|poke|p2|Houndstone, M|\n|poke|p2|Hippowdon, F|\n|teampreview\n|inactive|Battle timer is ON: inactive players will automatically lose when time's up. (requested by Susmaster77)\n|\n|t:|1699129243\n|start\n|switch|p1a: Rillaboom|Rillaboom, M|100\/100\n|switch|p2a: fuel tank|Spidops, F, shiny|100\/100\n|-fieldstart|move: Grassy Terrain|[from] ability: Grassy Surge|[of] p1a: Rillaboom\n|turn|1\n|\n|t:|1699129252\n|switch|p1a: Blaziken|Blaziken, M|100\/100\n|move|p2a: fuel tank|Sticky Web|p1a: Blaziken\n|-sidestart|p1: Diegusto|move: Sticky Web\n|\n|upkeep\n|turn|2\n|\n|t:|1699129258\n|move|p1a: Blaziken|Protect|p1a: Blaziken\n|-singleturn|p1a: Blaziken|Protect\n|move|p2a: fuel tank|Circle Throw|p1a: Blaziken\n|-activate|p1a: Blaziken|move: Protect\n|\n|-ability|p1a: Blaziken|Speed Boost|boost\n|-boost|p1a: Blaziken|spe|1\n|upkeep\n|turn|3\n|\n|t:|1699129266\n|-terastallize|p1a: Blaziken|Flying\n|move|p1a: Blaziken|Brave Bird|p2a: fuel tank\n|-supereffective|p2a: fuel tank\n|-enditem|p2a: fuel tank|Focus Sash\n|-damage|p2a: fuel tank|1\/100\n|-damage|p1a: Blaziken|72\/100|[from] Recoil\n|-damage|p1a: Blaziken|62\/100|[from] item: Life Orb\n|move|p2a: fuel tank|Circle Throw|p1a: Blaziken\n|-resisted|p1a: Blaziken\n|-damage|p1a: Blaziken|54\/100\n|drag|p1a: Rillaboom|Rillaboom, M|100\/100\n|-activate|p1a: Rillaboom|move: Sticky Web\n|-unboost|p1a: Rillaboom|spe|1\n|\n|-heal|p2a: fuel tank|7\/100|[from] Grassy Terrain\n|upkeep\n|turn|4\n|c|\u2606Susmaster77|smh\n|\n|t:|1699129282\n|move|p1a: Rillaboom|Grassy Glide|p2a: fuel tank\n|-resisted|p2a: fuel tank\n|-damage|p2a: fuel tank|0 fnt\n|faint|p2a: fuel tank\n|\n|upkeep\n|\n|t:|1699129286\n|switch|p2a: motor|Tyranitar, F, shiny|100\/100\n|-weather|Sandstorm|[from] ability: Sand Stream|[of] p2a: motor\n|turn|5\n|\n|t:|1699129293\n|switch|p2a: gas|Dracovish|100\/100\n|move|p1a: Rillaboom|Grassy Glide|p2a: gas\n|-crit|p2a: gas\n|-damage|p2a: gas|42\/100\n|\n|-weather|Sandstorm|[upkeep]\n|-damage|p1a: Rillaboom|94\/100|[from] Sandstorm\n|-heal|p2a: gas|48\/100|[from] Grassy Terrain\n|-heal|p1a: Rillaboom|100\/100|[from] Grassy Terrain\n|-fieldend|move: Grassy Terrain\n|upkeep\n|turn|6\n|\n|t:|1699129299\n|move|p2a: gas|Fishious Rend|p1a: Rillaboom\n|-resisted|p1a: Rillaboom\n|-damage|p1a: Rillaboom|60\/100\n|move|p1a: Rillaboom|Grassy Glide|p2a: gas\n|-damage|p2a: gas|17\/100\n|\n|-weather|Sandstorm|[upkeep]\n|-damage|p1a: Rillaboom|54\/100|[from] Sandstorm\n|upkeep\n|turn|7\n|\n|t:|1699129313\n|switch|p1a: Rayquaza|Rayquaza|100\/100\n|-ability|p1a: Rayquaza|Air Lock\n|-terastallize|p2a: gas|Steel\n|move|p2a: gas|Fishious Rend|p1a: Rayquaza\n|-resisted|p1a: Rayquaza\n|-damage|p1a: Rayquaza|61\/100\n|\n|-weather|Sandstorm|[upkeep]\n|upkeep\n|turn|8\n|\n|t:|1699129325\n|move|p1a: Rayquaza|Extreme Speed|p2a: gas\n|-resisted|p2a: gas\n|-damage|p2a: gas|0 fnt\n|faint|p2a: gas\n|\n|-weather|Sandstorm|[upkeep]\n|upkeep\n|\n|t:|1699129330\n|switch|p2a: motor|Tyranitar, F, shiny|100\/100\n|turn|9\n|\n|t:|1699129342\n|switch|p1a: Urshifu|Urshifu, M|100\/100\n|-activate|p1a: Urshifu|move: Sticky Web\n|-unboost|p1a: Urshifu|spe|1\n|detailschange|p2a: motor|Tyranitar-Mega, F, shiny\n|-mega|p2a: motor|Tyranitar|Tyranitarite\n|move|p2a: motor|Stone Edge|p1a: Urshifu\n|-resisted|p1a: Urshifu\n|-damage|p1a: Urshifu|75\/100\n|\n|-weather|none\n|upkeep\n|turn|10\n|\n|t:|1699129357\n|move|p1a: Urshifu|Protect|p1a: Urshifu\n|-singleturn|p1a: Urshifu|Protect\n|move|p2a: motor|Stealth Rock|p1a: Urshifu\n|-sidestart|p1: Diegusto|move: Stealth Rock\n|\n|upkeep\n|turn|11\n|\n|t:|1699129371\n|move|p1a: Urshifu|Protect||[still]\n|-fail|p1a: Urshifu\n|move|p2a: motor|Stone Edge|p1a: Urshifu\n|-resisted|p1a: Urshifu\n|-damage|p1a: Urshifu|52\/100\n|\n|upkeep\n|turn|12\n|\n|t:|1699129376\n|switch|p2a: wheel|Houndstone, M, shiny|100\/100\n|move|p1a: Urshifu|Protect||[still]\n|-fail|p1a: Urshifu\n|\n|upkeep\n|turn|13\n|\n|t:|1699129382\n|move|p1a: Urshifu|Protect|p1a: Urshifu\n|-singleturn|p1a: Urshifu|Protect\n|move|p2a: wheel|Last Respects|p1a: Urshifu\n|-activate|p1a: Urshifu|move: Protect\n|\n|upkeep\n|turn|14\n|\n|t:|1699129388\n|move|p1a: Urshifu|Protect||[still]\n|-fail|p1a: Urshifu\n|move|p2a: wheel|Last Respects|p1a: Urshifu\n|-resisted|p1a: Urshifu\n|-damage|p1a: Urshifu|17\/100\n|\n|upkeep\n|turn|15\n|\n|t:|1699129394\n|move|p1a: Urshifu|Protect|p1a: Urshifu\n|-singleturn|p1a: Urshifu|Protect\n|move|p2a: wheel|Shadow Sneak|p1a: Urshifu\n|-activate|p1a: Urshifu|move: Protect\n|\n|upkeep\n|turn|16\n|\n|t:|1699129399\n|move|p1a: Urshifu|Protect||[still]\n|-fail|p1a: Urshifu\n|move|p2a: wheel|Shadow Sneak|p1a: Urshifu\n|-resisted|p1a: Urshifu\n|-damage|p1a: Urshifu|9\/100\n|\n|upkeep\n|turn|17\n|c|\u2606Susmaster77|bruh\n|\n|t:|1699129404\n|move|p1a: Urshifu|Protect|p1a: Urshifu\n|-singleturn|p1a: Urshifu|Protect\n|move|p2a: wheel|Last Respects|p1a: Urshifu\n|-activate|p1a: Urshifu|move: Protect\n|\n|upkeep\n|turn|18\n|\n|t:|1699129409\n|move|p1a: Urshifu|Protect|p1a: Urshifu\n|-singleturn|p1a: Urshifu|Protect\n|move|p2a: wheel|Last Respects|p1a: Urshifu\n|-activate|p1a: Urshifu|move: Protect\n|\n|upkeep\n|turn|19\n|c|\u2606Susmaster77|what are you trying to accomplish\n|\n|t:|1699129418\n|move|p1a: Urshifu|Protect||[still]\n|-fail|p1a: Urshifu\n|move|p2a: wheel|Last Respects|p1a: Urshifu\n|-resisted|p1a: Urshifu\n|-damage|p1a: Urshifu|0 fnt\n|faint|p1a: Urshifu\n|\n|upkeep\n|\n|t:|1699129432\n|switch|p1a: Rillaboom|Rillaboom, M|54\/100\n|-activate|p1a: Rillaboom|move: Sticky Web\n|-unboost|p1a: Rillaboom|spe|1\n|-damage|p1a: Rillaboom|42\/100|[from] Stealth Rock\n|-fieldstart|move: Grassy Terrain|[from] ability: Grassy Surge|[of] p1a: Rillaboom\n|turn|20\n|\n|t:|1699129439\n|switch|p2a: ignition|Hippowdon, F, shiny|100\/100\n|-weather|Sandstorm|[from] ability: Sand Stream|[of] p2a: ignition\n|move|p1a: Rillaboom|Grassy Glide|p2a: ignition\n|-supereffective|p2a: ignition\n|-damage|p2a: ignition|54\/100\n|\n|-weather|Sandstorm|[upkeep]\n|-damage|p1a: Rillaboom|35\/100|[from] Sandstorm\n|-heal|p1a: Rillaboom|42\/100|[from] Grassy Terrain\n|-heal|p2a: ignition|60\/100|[from] Grassy Terrain\n|-heal|p2a: ignition|67\/100|[from] item: Leftovers\n|upkeep\n|turn|21\n|\n|t:|1699129447\n|move|p1a: Rillaboom|Grassy Glide|p2a: ignition\n|-supereffective|p2a: ignition\n|-damage|p2a: ignition|21\/100\n|move|p2a: ignition|Double-Edge|p1a: Rillaboom\n|-damage|p1a: Rillaboom|10\/100\n|-damage|p2a: ignition|12\/100|[from] Recoil\n|\n|-weather|Sandstorm|[upkeep]\n|-damage|p1a: Rillaboom|4\/100|[from] Sandstorm\n|-heal|p1a: Rillaboom|10\/100|[from] Grassy Terrain\n|-heal|p2a: ignition|19\/100|[from] Grassy Terrain\n|-heal|p2a: ignition|25\/100|[from] item: Leftovers\n|upkeep\n|turn|22\n|\n|t:|1699129453\n|move|p1a: Rillaboom|Grassy Glide|p2a: ignition\n|-supereffective|p2a: ignition\n|-damage|p2a: ignition|0 fnt\n|faint|p2a: ignition\n|\n|-weather|Sandstorm|[upkeep]\n|-damage|p1a: Rillaboom|4\/100|[from] Sandstorm\n|-heal|p1a: Rillaboom|10\/100|[from] Grassy Terrain\n|upkeep\n|\n|t:|1699129456\n|switch|p2a: wheel|Houndstone, M, shiny|100\/100\n|turn|23\n|\n|t:|1699129461\n|move|p1a: Rillaboom|Grassy Glide|p2a: wheel\n|-damage|p2a: wheel|55\/100\n|move|p2a: wheel|Last Respects|p1a: Rillaboom\n|-damage|p1a: Rillaboom|0 fnt\n|faint|p1a: Rillaboom\n|\n|-weather|Sandstorm|[upkeep]\n|-heal|p2a: wheel|62\/100|[from] Grassy Terrain\n|upkeep\n|\n|t:|1699129478\n|switch|p1a: Blaziken|Blaziken, M, tera:Flying|54\/100\n|-damage|p1a: Blaziken|29\/100|[from] Stealth Rock\n|turn|24\n|\n|t:|1699129484\n|move|p1a: Blaziken|Protect|p1a: Blaziken\n|-singleturn|p1a: Blaziken|Protect\n|move|p2a: wheel|Last Respects|p1a: Blaziken\n|-activate|p1a: Blaziken|move: Protect\n|\n|-weather|none\n|-heal|p2a: wheel|68\/100|[from] Grassy Terrain\n|-fieldend|move: Grassy Terrain\n|-ability|p1a: Blaziken|Speed Boost|boost\n|-boost|p1a: Blaziken|spe|1\n|upkeep\n|turn|25\n|inactive|Diegusto has 120 seconds left.\n|\n|t:|1699129533\n|move|p1a: Blaziken|Close Combat|p2a: wheel\n|-immune|p2a: wheel\n|move|p2a: wheel|Yawn|p1a: Blaziken\n|-start|p1a: Blaziken|move: Yawn|[of] p2a: wheel\n|\n|-ability|p1a: Blaziken|Speed Boost|boost\n|-boost|p1a: Blaziken|spe|1\n|upkeep\n|turn|26\n|c|\u2606Susmaster77|bruh\n|c|\u2606Susmaster77|BRUH\n|c|\u2606Susmaster77|BRUH\n|c|\u2606Susmaster77|BRUH\n|\n|t:|1699129549\n|move|p2a: wheel|Shadow Sneak|p1a: Blaziken\n|-damage|p1a: Blaziken|0 fnt\n|faint|p1a: Blaziken\n|\n|upkeep\n|-message|Diegusto forfeited.\n|\n|win|Susmaster77\n|raw|Diegusto's rating: 1104 &rarr; <strong>1074<\/strong><br \/>(-30 for losing)\n|raw|Susmaster77's rating: 1028 &rarr; <strong>1072<\/strong><br \/>(+44 for winning)\n|l|\u2606Diegusto\n","uploadtime":1699129562,"views":5,"p1id":"diegusto","p2id":"susmaster77","formatid":"gen9nationaldexubers","rating":1072,"private":0,"password":""}