{"id":"gen9nationaldexubers-1986256996","p1":"Dashu16","p2":"JustMonika_CARR","format":"[Gen 9] National Dex Ubers","log":"|j|\u2606Dashu16\n|j|\u2606JustMonika_CARR\n|t:|1699463921\n|gametype|singles\n|player|p1|Dashu16|red|1275\n|player|p2|JustMonika_CARR|101|1464\n|teamsize|p1|6\n|teamsize|p2|6\n|gen|9\n|tier|[Gen 9] National Dex Ubers\n|rated|\n|rule|HP Percentage Mod: HP is shown in percentages\n|rule|Endless Battle Clause: Forcing endless battles is banned\n|rule|OHKO Clause: OHKO moves are banned\n|rule|Evasion Moves Clause: Evasion moves are banned\n|rule|Evasion Items Clause: Evasion items are banned\n|rule|Species Clause: Limit one of each Pok\u00e9mon\n|rule|Sleep Clause Mod: Limit one foe put to sleep\n|rule|Mega Rayquaza Clause: You cannot mega evolve Rayquaza\n|clearpoke\n|poke|p1|Darkrai|\n|poke|p1|Necrozma-Dusk-Mane|\n|poke|p1|Zygarde|\n|poke|p1|Aron, L1, F|\n|poke|p1|Ditto|\n|poke|p1|Marshadow|\n|poke|p2|Marshadow|\n|poke|p2|Lopunny, F|\n|poke|p2|Dialga|\n|poke|p2|Forretress, F|\n|poke|p2|Pheromosa|\n|poke|p2|Grimmsnarl, M|\n|teampreview\n|\n|t:|1699463929\n|start\n|switch|p1a: Ser\u00e9 sincero Baki|Ditto, shiny|100\/100\n|switch|p2a: Forretress|Forretress, F, shiny|100\/100\n|-transform|p1a: Ser\u00e9 sincero Baki|p2a: Forretress|[from] ability: Imposter\n|turn|1\n|c|\u2606JustMonika_CARR|Glhf\n|c|\u2606Dashu16|glhf\n|\n|t:|1699463945\n|move|p2a: Forretress|Toxic Spikes|p1a: Ser\u00e9 sincero Baki\n|-sidestart|p1: Dashu16|move: Toxic Spikes\n|move|p1a: Ser\u00e9 sincero Baki|Toxic Spikes|p2a: Forretress\n|-sidestart|p2: JustMonika_CARR|move: Toxic Spikes\n|\n|upkeep\n|turn|2\n|inactive|Battle timer is ON: inactive players will automatically lose when time's up. (requested by Dashu16)\n|\n|t:|1699463951\n|move|p2a: Forretress|Toxic Spikes|p1a: Ser\u00e9 sincero Baki\n|-sidestart|p1: Dashu16|move: Toxic Spikes\n|move|p1a: Ser\u00e9 sincero Baki|Toxic Spikes|p2a: Forretress\n|-sidestart|p2: JustMonika_CARR|move: Toxic Spikes\n|\n|upkeep\n|turn|3\n|\n|t:|1699463956\n|switch|p1a: Aron|Aron, L1, F, shiny|100\/100\n|move|p2a: Forretress|Rapid Spin|p1a: Aron\n|-resisted|p1a: Aron\n|-ability|p1a: Aron|Sturdy\n|-damage|p1a: Aron|9\/100\n|-boost|p2a: Forretress|spe|1\n|-sideend|p2: JustMonika_CARR|Toxic Spikes|[from] move: Rapid Spin|[of] p2a: Forretress\n|\n|upkeep\n|turn|4\n|\n|t:|1699463968\n|switch|p1a: Necrozma|Necrozma-Dusk-Mane, shiny|100\/100\n|move|p2a: Forretress|Stealth Rock|p1a: Necrozma\n|-sidestart|p1: Dashu16|move: Stealth Rock\n|\n|upkeep\n|turn|5\n|\n|t:|1699463976\n|detailschange|p1a: Necrozma|Necrozma-Ultra, shiny\n|-burst|p1a: Necrozma|Necrozma|Ultranecrozium Z\n|move|p2a: Forretress|Rapid Spin|p1a: Necrozma\n|-damage|p1a: Necrozma|89\/100\n|-boost|p2a: Forretress|spe|1\n|move|p1a: Necrozma|Trick Room|p1a: Necrozma\n|-fieldstart|move: Trick Room|[of] p1a: Necrozma\n|\n|upkeep\n|turn|6\n|\n|t:|1699463987\n|move|p2a: Forretress|Rapid Spin|p1a: Necrozma\n|-damage|p1a: Necrozma|78\/100\n|-boost|p2a: Forretress|spe|1\n|-zpower|p1a: Necrozma\n|move|p1a: Necrozma|Light That Burns the Sky|p2a: Forretress|[zeffect]\n|-resisted|p2a: Forretress\n|-damage|p2a: Forretress|68\/100\n|-enditem|p2a: Forretress|Red Card|[of] p1a: Necrozma\n|drag|p1a: Zygarde|Zygarde, shiny|100\/100\n|-status|p1a: Zygarde|tox\n|-damage|p1a: Zygarde|94\/100 tox|[from] Stealth Rock\n|\n|-heal|p1a: Zygarde|100\/100 tox|[from] item: Leftovers\n|-damage|p1a: Zygarde|94\/100 tox|[from] psn\n|upkeep\n|turn|7\n|\n|t:|1699464004\n|move|p1a: Zygarde|Coil|p1a: Zygarde\n|-boost|p1a: Zygarde|atk|1\n|-boost|p1a: Zygarde|def|1\n|-boost|p1a: Zygarde|accuracy|1\n|move|p2a: Forretress|Rapid Spin|p1a: Zygarde\n|-damage|p1a: Zygarde|90\/100 tox\n|-boost|p2a: Forretress|spe|1\n|\n|-heal|p1a: Zygarde|96\/100 tox|[from] item: Leftovers\n|-damage|p1a: Zygarde|84\/100 tox|[from] psn\n|upkeep\n|turn|8\n|\n|t:|1699464015\n|move|p1a: Zygarde|Coil|p1a: Zygarde\n|-boost|p1a: Zygarde|atk|1\n|-boost|p1a: Zygarde|def|1\n|-boost|p1a: Zygarde|accuracy|1\n|move|p2a: Forretress|Rapid Spin|p1a: Zygarde\n|-damage|p1a: Zygarde|81\/100 tox\n|-boost|p2a: Forretress|spe|1\n|\n|-heal|p1a: Zygarde|87\/100 tox|[from] item: Leftovers\n|-damage|p1a: Zygarde|69\/100 tox|[from] psn\n|upkeep\n|turn|9\n|\n|t:|1699464026\n|move|p1a: Zygarde|Coil|p1a: Zygarde\n|-boost|p1a: Zygarde|atk|1\n|-boost|p1a: Zygarde|def|1\n|-boost|p1a: Zygarde|accuracy|1\n|move|p2a: Forretress|Rapid Spin|p1a: Zygarde\n|-damage|p1a: Zygarde|67\/100 tox\n|-boost|p2a: Forretress|spe|1\n|\n|-heal|p1a: Zygarde|73\/100 tox|[from] item: Leftovers\n|-damage|p1a: Zygarde|48\/100 tox|[from] psn\n|-fieldend|move: Trick Room\n|-activate|p1a: Zygarde|ability: Power Construct\n|detailschange|p1a: Zygarde|Zygarde-Complete, shiny\n|-heal|p1a: Zygarde|66\/100 tox|[silent]\n|upkeep\n|turn|10\n|\n|t:|1699464041\n|move|p2a: Forretress|Rapid Spin|p1a: Zygarde\n|-damage|p1a: Zygarde|64\/100 tox\n|move|p1a: Zygarde|Coil|p1a: Zygarde\n|-boost|p1a: Zygarde|atk|1\n|-boost|p1a: Zygarde|def|1\n|-boost|p1a: Zygarde|accuracy|1\n|\n|-heal|p1a: Zygarde|70\/100 tox|[from] item: Leftovers\n|-damage|p1a: Zygarde|40\/100 tox|[from] psn\n|upkeep\n|turn|11\n|\n|t:|1699464055\n|move|p2a: Forretress|Rapid Spin|p1a: Zygarde\n|-damage|p1a: Zygarde|38\/100 tox\n|move|p1a: Zygarde|Rest|p1a: Zygarde\n|-status|p1a: Zygarde|slp|[from] move: Rest\n|-heal|p1a: Zygarde|100\/100 slp|[silent]\n|\n|upkeep\n|turn|12\n|\n|t:|1699464064\n|switch|p2a: Pheromosa|Pheromosa, shiny|100\/100\n|cant|p1a: Zygarde|slp\n|move|p1a: Zygarde|Sleep Talk|p1a: Zygarde\n|move|p1a: Zygarde|Coil|p1a: Zygarde|[from]move: Sleep Talk\n|-boost|p1a: Zygarde|atk|1\n|-boost|p1a: Zygarde|def|1\n|-boost|p1a: Zygarde|accuracy|1\n|\n|upkeep\n|turn|13\n|\n|t:|1699464076\n|-terastallize|p1a: Zygarde|Fairy\n|move|p2a: Pheromosa|Ice Beam|p1a: Zygarde\n|-damage|p1a: Zygarde|81\/100 slp\n|cant|p1a: Zygarde|slp\n|move|p1a: Zygarde|Sleep Talk|p1a: Zygarde\n|move|p1a: Zygarde|Coil|p1a: Zygarde|[from]move: Sleep Talk\n|-boost|p1a: Zygarde|atk|1\n|-boost|p1a: Zygarde|def|1\n|-boost|p1a: Zygarde|accuracy|1\n|\n|-heal|p1a: Zygarde|87\/100 slp|[from] item: Leftovers\n|upkeep\n|turn|14\n|\n|t:|1699464092\n|switch|p2a: Forretress|Forretress, F, shiny|68\/100\n|-curestatus|p1a: Zygarde|slp|[msg]\n|move|p1a: Zygarde|Thousand Arrows|p2a: Forretress\n|-damage|p2a: Forretress|4\/100\n|\n|-heal|p1a: Zygarde|93\/100|[from] item: Leftovers\n|upkeep\n|turn|15\n|\n|t:|1699464102\n|move|p1a: Zygarde|Thousand Arrows|p2a: Forretress\n|-damage|p2a: Forretress|0 fnt\n|faint|p2a: Forretress\n|\n|-heal|p1a: Zygarde|99\/100|[from] item: Leftovers\n|upkeep\n|\n|t:|1699464109\n|switch|p2a: Marshadow|Marshadow|100\/100\n|turn|16\n|\n|t:|1699464127\n|switch|p1a: Darkrai|Darkrai, shiny|100\/100\n|-status|p1a: Darkrai|tox\n|-damage|p1a: Darkrai|88\/100 tox|[from] Stealth Rock\n|move|p2a: Marshadow|Spectral Thief|p1a: Darkrai\n|-resisted|p1a: Darkrai\n|-damage|p1a: Darkrai|60\/100 tox\n|\n|-damage|p1a: Darkrai|54\/100 tox|[from] psn\n|upkeep\n|turn|17\n|\n|t:|1699464141\n|switch|p2a: Grimmsnarl|Grimmsnarl, M, shiny|100\/100\n|move|p1a: Darkrai|Dark Void|p2a: Grimmsnarl\n|-status|p2a: Grimmsnarl|slp|[from] move: Dark Void\n|\n|-damage|p1a: Darkrai|42\/100 tox|[from] psn\n|-damage|p2a: Grimmsnarl|88\/100 slp|[from] ability: Bad Dreams|[of] p1a: Darkrai\n|upkeep\n|turn|18\n|\n|t:|1699464151\n|cant|p2a: Grimmsnarl|slp\n|move|p1a: Darkrai|Nasty Plot|p1a: Darkrai\n|-boost|p1a: Darkrai|spa|2\n|\n|-damage|p1a: Darkrai|24\/100 tox|[from] psn\n|-damage|p2a: Grimmsnarl|76\/100 slp|[from] ability: Bad Dreams|[of] p1a: Darkrai\n|upkeep\n|turn|19\n|\n|t:|1699464160\n|cant|p2a: Grimmsnarl|slp\n|move|p1a: Darkrai|Dream Eater|p2a: Grimmsnarl\n|-immune|p2a: Grimmsnarl\n|\n|-damage|p1a: Darkrai|0 fnt|[from] psn\n|faint|p1a: Darkrai\n|upkeep\n|\n|t:|1699464168\n|switch|p1a: Ser\u00e9 sincero Baki|Ditto, shiny|100\/100\n|-status|p1a: Ser\u00e9 sincero Baki|tox\n|-damage|p1a: Ser\u00e9 sincero Baki|88\/100 tox|[from] Stealth Rock\n|-transform|p1a: Ser\u00e9 sincero Baki|p2a: Grimmsnarl|[from] ability: Imposter\n|turn|20\n|c|\u2606JustMonika_CARR|?\n|\n|t:|1699464177\n|-curestatus|p2a: Grimmsnarl|slp|[msg]\n|move|p2a: Grimmsnarl|Reflect|p2a: Grimmsnarl\n|-sidestart|p2: JustMonika_CARR|Reflect\n|move|p1a: Ser\u00e9 sincero Baki|Spirit Break|p2a: Grimmsnarl\n|-supereffective|p2a: Grimmsnarl\n|-damage|p2a: Grimmsnarl|40\/100\n|-unboost|p2a: Grimmsnarl|spa|1\n|\n|-damage|p1a: Ser\u00e9 sincero Baki|82\/100 tox|[from] psn\n|upkeep\n|turn|21\n|\n|t:|1699464188\n|move|p1a: Ser\u00e9 sincero Baki|Reflect|p1a: Ser\u00e9 sincero Baki\n|-sidestart|p1: Dashu16|Reflect\n|move|p2a: Grimmsnarl|Spirit Break|p1a: Ser\u00e9 sincero Baki\n|-supereffective|p1a: Ser\u00e9 sincero Baki\n|-damage|p1a: Ser\u00e9 sincero Baki|34\/100 tox\n|-unboost|p1a: Ser\u00e9 sincero Baki|spa|1\n|\n|-damage|p1a: Ser\u00e9 sincero Baki|22\/100 tox|[from] psn\n|upkeep\n|turn|22\n|\n|t:|1699464197\n|move|p1a: Ser\u00e9 sincero Baki|Light Screen|p1a: Ser\u00e9 sincero Baki\n|-sidestart|p1: Dashu16|move: Light Screen\n|move|p2a: Grimmsnarl|Spirit Break|p1a: Ser\u00e9 sincero Baki\n|-supereffective|p1a: Ser\u00e9 sincero Baki\n|-damage|p1a: Ser\u00e9 sincero Baki|0 fnt\n|faint|p1a: Ser\u00e9 sincero Baki\n|\n|upkeep\n|\n|t:|1699464206\n|switch|p1a: Bryant Myers|Marshadow|100\/100\n|-status|p1a: Bryant Myers|tox\n|-damage|p1a: Bryant Myers|94\/100 tox|[from] Stealth Rock\n|turn|23\n|\n|t:|1699464216\n|move|p2a: Grimmsnarl|Taunt|p1a: Bryant Myers\n|-start|p1a: Bryant Myers|move: Taunt\n|move|p1a: Bryant Myers|Low Kick|p2a: Grimmsnarl\n|-damage|p2a: Grimmsnarl|18\/100\n|\n|-damage|p1a: Bryant Myers|88\/100 tox|[from] psn\n|upkeep\n|turn|24\n|\n|t:|1699464234\n|move|p1a: Bryant Myers|Shadow Sneak|p2a: Grimmsnarl\n|-resisted|p2a: Grimmsnarl\n|-damage|p2a: Grimmsnarl|9\/100\n|move|p2a: Grimmsnarl|Spirit Break|p1a: Bryant Myers\n|-supereffective|p1a: Bryant Myers\n|-damage|p1a: Bryant Myers|47\/100 tox\n|-unboost|p1a: Bryant Myers|spa|1\n|\n|-damage|p1a: Bryant Myers|34\/100 tox|[from] psn\n|upkeep\n|turn|25\n|\n|t:|1699464246\n|move|p1a: Bryant Myers|Shadow Sneak|p2a: Grimmsnarl\n|-resisted|p2a: Grimmsnarl\n|-crit|p2a: Grimmsnarl\n|-damage|p2a: Grimmsnarl|0 fnt\n|faint|p2a: Grimmsnarl\n|\n|-damage|p1a: Bryant Myers|16\/100 tox|[from] psn\n|-end|p1a: Bryant Myers|move: Taunt\n|-sideend|p1: Dashu16|Reflect\n|upkeep\n|\n|t:|1699464255\n|switch|p2a: Lopunny|Lopunny, F, shiny|100\/100\n|turn|26\n|\n|t:|1699464259\n|detailschange|p2a: Lopunny|Lopunny-Mega, F, shiny\n|-mega|p2a: Lopunny|Lopunny|Lopunnite\n|move|p2a: Lopunny|Power-Up Punch|p1a: Bryant Myers\n|-damage|p1a: Bryant Myers|0 fnt\n|-boost|p2a: Lopunny|atk|1\n|faint|p1a: Bryant Myers\n|\n|-sideend|p1: Dashu16|move: Light Screen\n|upkeep\n|\n|t:|1699464273\n|switch|p1a: Zygarde|Zygarde-Complete, shiny, tera:Fairy|99\/100\n|-status|p1a: Zygarde|tox\n|-damage|p1a: Zygarde|87\/100 tox|[from] Stealth Rock\n|turn|27\n|\n|t:|1699464278\n|move|p2a: Lopunny|Power-Up Punch|p1a: Zygarde\n|-resisted|p1a: Zygarde\n|-damage|p1a: Zygarde|81\/100 tox\n|-boost|p2a: Lopunny|atk|1\n|move|p1a: Zygarde|Coil|p1a: Zygarde\n|-boost|p1a: Zygarde|atk|1\n|-boost|p1a: Zygarde|def|1\n|-boost|p1a: Zygarde|accuracy|1\n|\n|-heal|p1a: Zygarde|88\/100 tox|[from] item: Leftovers\n|-damage|p1a: Zygarde|81\/100 tox|[from] psn\n|-sideend|p2: JustMonika_CARR|Reflect\n|upkeep\n|turn|28\n|\n|t:|1699464290\n|move|p2a: Lopunny|Power-Up Punch|p1a: Zygarde\n|-resisted|p1a: Zygarde\n|-damage|p1a: Zygarde|76\/100 tox\n|-boost|p2a: Lopunny|atk|1\n|move|p1a: Zygarde|Coil|p1a: Zygarde\n|-boost|p1a: Zygarde|atk|1\n|-boost|p1a: Zygarde|def|1\n|-boost|p1a: Zygarde|accuracy|1\n|\n|-heal|p1a: Zygarde|83\/100 tox|[from] item: Leftovers\n|-damage|p1a: Zygarde|70\/100 tox|[from] psn\n|upkeep\n|turn|29\n|\n|t:|1699464315\n|move|p2a: Lopunny|Power-Up Punch|p1a: Zygarde\n|-resisted|p1a: Zygarde\n|-damage|p1a: Zygarde|66\/100 tox\n|-boost|p2a: Lopunny|atk|1\n|move|p1a: Zygarde|Coil|p1a: Zygarde\n|-boost|p1a: Zygarde|atk|1\n|-boost|p1a: Zygarde|def|1\n|-boost|p1a: Zygarde|accuracy|1\n|\n|-heal|p1a: Zygarde|72\/100 tox|[from] item: Leftovers\n|-damage|p1a: Zygarde|53\/100 tox|[from] psn\n|upkeep\n|turn|30\n|inactive|Dashu16 has 120 seconds left.\n|\n|t:|1699464338\n|move|p2a: Lopunny|Power-Up Punch|p1a: Zygarde\n|-resisted|p1a: Zygarde\n|-damage|p1a: Zygarde|49\/100 tox\n|-boost|p2a: Lopunny|atk|1\n|move|p1a: Zygarde|Thousand Arrows|p2a: Lopunny\n|-damage|p2a: Lopunny|0 fnt\n|faint|p2a: Lopunny\n|\n|-heal|p1a: Zygarde|55\/100 tox|[from] item: Leftovers\n|-damage|p1a: Zygarde|30\/100 tox|[from] psn\n|upkeep\n|\n|t:|1699464350\n|switch|p2a: Marshadow|Marshadow|100\/100\n|turn|31\n|\n|t:|1699464356\n|move|p2a: Marshadow|Spectral Thief||[still]\n|-clearpositiveboost|p1a: Zygarde|p2a: Marshadow|move: Spectral Thief\n|-boost|p2a: Marshadow|atk|3\n|-boost|p2a: Marshadow|def|3\n|-boost|p2a: Marshadow|accuracy|3\n|-anim|p2a: Marshadow|Spectral Thief|p1a: Zygarde\n|-damage|p1a: Zygarde|0 fnt\n|faint|p1a: Zygarde\n|\n|upkeep\n|\n|t:|1699464368\n|switch|p1a: Necrozma|Necrozma-Ultra, shiny|78\/100\n|-status|p1a: Necrozma|tox\n|-damage|p1a: Necrozma|66\/100 tox|[from] Stealth Rock\n|turn|32\n|-message|Dashu16 forfeited.\n|\n|win|JustMonika_CARR\n|raw|Dashu16's rating: 1275 &rarr; <strong>1262<\/strong><br \/>(-13 for losing)\n|raw|JustMonika_CARR's rating: 1464 &rarr; <strong>1474<\/strong><br \/>(+10 for winning)\n|l|\u2606Dashu16\n","uploadtime":1699464384,"views":5,"p1id":"dashu16","p2id":"justmonikacarr","formatid":"gen9nationaldexubers","rating":1262,"private":0,"password":""}