{"id":"gen9nationaldexubers-1990063233","p1":"Th3K1ng123","p2":"Tobitoxd","format":"[Gen 9] National Dex Ubers","log":"|j|\u2606Th3K1ng123\n|j|\u2606Tobitoxd\n|t:|1699920571\n|gametype|singles\n|player|p1|Th3K1ng123|turo|1319\n|player|p2|Tobitoxd|blue|1360\n|teamsize|p1|6\n|teamsize|p2|6\n|gen|9\n|tier|[Gen 9] National Dex Ubers\n|rated|\n|rule|HP Percentage Mod: HP is shown in percentages\n|rule|Endless Battle Clause: Forcing endless battles is banned\n|rule|OHKO Clause: OHKO moves are banned\n|rule|Evasion Moves Clause: Evasion moves are banned\n|rule|Evasion Items Clause: Evasion items are banned\n|rule|Species Clause: Limit one of each Pok\u00e9mon\n|rule|Sleep Clause Mod: Limit one foe put to sleep\n|rule|Mega Rayquaza Clause: You cannot mega evolve Rayquaza\n|clearpoke\n|poke|p1|Rayquaza|\n|poke|p1|Arceus|\n|poke|p1|Zekrom|\n|poke|p1|Kyogre|\n|poke|p1|Lugia|\n|poke|p1|Victini|\n|poke|p2|Roaring Moon|\n|poke|p2|Regieleki|\n|poke|p2|Dialga-Origin|\n|poke|p2|Naganadel|\n|poke|p2|Metagross|\n|poke|p2|Flutter Mane|\n|teampreview\n|inactive|Battle timer is ON: inactive players will automatically lose when time's up. (requested by Th3K1ng123)\n|\n|t:|1699920591\n|start\n|switch|p1a: Halleluiah|Arceus, shiny|100\/100\n|switch|p2a: Regieleki|Regieleki|100\/100\n|turn|1\n|\n|t:|1699920601\n|move|p1a: Halleluiah|Extreme Speed|p2a: Regieleki\n|-damage|p2a: Regieleki|18\/100\n|move|p2a: Regieleki|Explosion|p1a: Halleluiah\n|-damage|p1a: Halleluiah|51\/100\n|faint|p2a: Regieleki\n|\n|-heal|p1a: Halleluiah|57\/100|[from] item: Leftovers\n|upkeep\n|inactive|Tobitoxd has 120 seconds left.\n|\n|t:|1699920630\n|switch|p2a: Roaring Moon|Roaring Moon|100\/100\n|-enditem|p2a: Roaring Moon|Booster Energy\n|-activate|p2a: Roaring Moon|ability: Protosynthesis|[fromitem]\n|-start|p2a: Roaring Moon|protosynthesisatk\n|turn|2\n|inactive|Tobitoxd has 120 seconds left.\n|inactive|Tobitoxd has 90 seconds left.\n|\n|t:|1699920672\n|move|p1a: Halleluiah|Extreme Speed|p2a: Roaring Moon\n|-damage|p2a: Roaring Moon|61\/100\n|move|p2a: Roaring Moon|Dragon Dance|p2a: Roaring Moon\n|-boost|p2a: Roaring Moon|atk|1\n|-boost|p2a: Roaring Moon|spe|1\n|\n|-heal|p1a: Halleluiah|63\/100|[from] item: Leftovers\n|upkeep\n|turn|3\n|inactive|Tobitoxd has 90 seconds left.\n|\n|t:|1699920685\n|-terastallize|p2a: Roaring Moon|Flying\n|move|p1a: Halleluiah|Extreme Speed|p2a: Roaring Moon\n|-damage|p2a: Roaring Moon|24\/100\n|move|p2a: Roaring Moon|Acrobatics|p1a: Halleluiah\n|-damage|p1a: Halleluiah|0 fnt\n|faint|p1a: Halleluiah\n|\n|upkeep\n|\n|t:|1699920697\n|switch|p1a: Slim Shady|Rayquaza, shiny|100\/100\n|-ability|p1a: Slim Shady|Air Lock\n|turn|4\n|\n|t:|1699920703\n|move|p1a: Slim Shady|Extreme Speed|p2a: Roaring Moon\n|-damage|p2a: Roaring Moon|0 fnt\n|faint|p2a: Roaring Moon\n|-end|p2a: Roaring Moon|Protosynthesis|[silent]\n|\n|upkeep\n|\n|t:|1699920709\n|switch|p2a: Flutter Mane|Flutter Mane|100\/100\n|turn|5\n|\n|t:|1699920720\n|move|p2a: Flutter Mane|Moonblast|p1a: Slim Shady\n|-supereffective|p1a: Slim Shady\n|-enditem|p1a: Slim Shady|Focus Sash\n|-damage|p1a: Slim Shady|1\/100\n|move|p1a: Slim Shady|Dragon Dance|p1a: Slim Shady\n|-boost|p1a: Slim Shady|atk|1\n|-boost|p1a: Slim Shady|spe|1\n|\n|upkeep\n|turn|6\n|\n|t:|1699920730\n|move|p1a: Slim Shady|Earthquake|p2a: Flutter Mane\n|-damage|p2a: Flutter Mane|0 fnt\n|faint|p2a: Flutter Mane\n|-end|p2a: Flutter Mane|Protosynthesis|[silent]\n|\n|upkeep\n|\n|t:|1699920734\n|switch|p2a: Metagross|Metagross|100\/100\n|turn|7\n|\n|t:|1699920740\n|detailschange|p2a: Metagross|Metagross-Mega\n|-mega|p2a: Metagross|Metagross|Metagrossite\n|move|p2a: Metagross|Bullet Punch|p1a: Slim Shady\n|-damage|p1a: Slim Shady|0 fnt\n|faint|p1a: Slim Shady\n|\n|upkeep\n|\n|t:|1699920746\n|switch|p1a: Victory|Victini|100\/100\n|turn|8\n|\n|t:|1699920755\n|switch|p2a: Naganadel|Naganadel|100\/100\n|-zpower|p1a: Victory\n|move|p1a: Victory|Z-Celebrate|p1a: Victory|[anim]Celebrate\n|-boost|p1a: Victory|atk|1|[zeffect]\n|-boost|p1a: Victory|def|1|[zeffect]\n|-boost|p1a: Victory|spa|1|[zeffect]\n|-boost|p1a: Victory|spd|1|[zeffect]\n|-boost|p1a: Victory|spe|1|[zeffect]\n|-activate|p1a: Victory|move: Celebrate\n|\n|upkeep\n|turn|9\n|\n|t:|1699920766\n|move|p1a: Victory|Psychic|p2a: Naganadel\n|-supereffective|p2a: Naganadel\n|-damage|p2a: Naganadel|0 fnt\n|faint|p2a: Naganadel\n|\n|upkeep\n|-message|Tobitoxd forfeited.\n|\n|win|Th3K1ng123\n|raw|Th3K1ng123's rating: 1319 &rarr; <strong>1341<\/strong><br \/>(+22 for winning)\n|raw|Tobitoxd's rating: 1360 &rarr; <strong>1338<\/strong><br \/>(-22 for losing)\n|l|\u2606Tobitoxd\n","uploadtime":1699920775,"views":6,"p1id":"th3k1ng123","p2id":"tobitoxd","formatid":"gen9nationaldexubers","rating":1338,"private":0,"password":""}