{"id":"gen9nationaldexubers-1982169073","p1":"BoyzArbokInTown03","p2":"lelza","format":"[Gen 9] National Dex Ubers","log":"|j|\u2606BoyzArbokInTown03\n|j|\u2606lelza\n|t:|1698975037\n|gametype|singles\n|player|p1|BoyzArbokInTown03|265|\n|player|p2|lelza|worker|\n|teamsize|p1|6\n|teamsize|p2|6\n|gen|9\n|tier|[Gen 9] National Dex Ubers\n|rule|HP Percentage Mod: HP is shown in percentages\n|rule|Endless Battle Clause: Forcing endless battles is banned\n|rule|OHKO Clause: OHKO moves are banned\n|rule|Evasion Moves Clause: Evasion moves are banned\n|rule|Evasion Items Clause: Evasion items are banned\n|rule|Species Clause: Limit one of each Pok\u00e9mon\n|rule|Sleep Clause Mod: Limit one foe put to sleep\n|rule|Mega Rayquaza Clause: You cannot mega evolve Rayquaza\n|clearpoke\n|poke|p1|Espathra, M|\n|poke|p1|Glimmora, M|\n|poke|p1|Volcarona, F|\n|poke|p1|Victini|\n|poke|p1|Zoroark-Hisui, F|\n|poke|p1|Sylveon, F|\n|poke|p2|Latias, F|\n|poke|p2|Zapdos|\n|poke|p2|Keldeo|\n|poke|p2|Torterra, M|\n|poke|p2|Chien-Pao|\n|poke|p2|Sneasler, M|\n|teampreview\n|c|\u2606lelza|gl hf!\n|j| PokeHaint\n|\n|t:|1698975085\n|start\n|switch|p1a: Glimmora|Glimmora, M|100\/100\n|switch|p2a: pangaea|Torterra, M|100\/100\n|turn|1\n|c|\u2606BoyzArbokInTown03|Glhf\n|\n|t:|1698975110\n|move|p1a: Glimmora|Hyper Voice|p2a: pangaea\n|-damage|p2a: pangaea|25\/100\n|move|p2a: pangaea|Headlong Rush|p1a: Glimmora\n|-damage|p1a: Glimmora|0 fnt\n|-unboost|p2a: pangaea|def|1\n|-unboost|p2a: pangaea|spd|1\n|replace|p1a: Zoroark|Zoroark-Hisui, F\n|-end|p1a: Zoroark|Illusion\n|faint|p1a: Zoroark\n|\n|upkeep\n|\n|t:|1698975119\n|switch|p1a: Volcarona|Volcarona, F|100\/100\n|turn|2\n|\n|t:|1698975137\n|move|p1a: Volcarona|Fiery Dance|p2a: pangaea\n|-supereffective|p2a: pangaea\n|-damage|p2a: pangaea|0 fnt\n|faint|p2a: pangaea\n|\n|upkeep\n|\n|t:|1698975141\n|switch|p2a: dire claw go brrr|Sneasler, M|100\/100\n|turn|3\n|\n|t:|1698975145\n|switch|p1a: Glimmora|Glimmora, M|100\/100\n|move|p2a: dire claw go brrr|Fake Out|p1a: Glimmora\n|-enditem|p2a: dire claw go brrr|Normal Gem|[from] gem\n|-resisted|p1a: Glimmora\n|-damage|p1a: Glimmora|87\/100\n|-activate|p1a: Glimmora|ability: Toxic Debris\n|-sidestart|p2: lelza|move: Toxic Spikes\n|\n|upkeep\n|turn|4\n|\n|t:|1698975159\n|switch|p1a: Volcarona|Volcarona, F|100\/100\n|-terastallize|p2a: dire claw go brrr|Flying\n|move|p2a: dire claw go brrr|Acrobatics|p1a: Volcarona\n|-supereffective|p1a: Volcarona\n|-damage|p1a: Volcarona|0 fnt\n|faint|p1a: Volcarona\n|\n|upkeep\n|\n|t:|1698975168\n|switch|p1a: Glimmora|Glimmora, M|87\/100\n|turn|5\n|\n|t:|1698975173\n|move|p2a: dire claw go brrr|Acrobatics|p1a: Glimmora\n|-resisted|p1a: Glimmora\n|-damage|p1a: Glimmora|50\/100\n|-activate|p1a: Glimmora|ability: Toxic Debris\n|-sidestart|p2: lelza|move: Toxic Spikes\n|move|p1a: Glimmora|Power Gem|p2a: dire claw go brrr\n|-supereffective|p2a: dire claw go brrr\n|-damage|p2a: dire claw go brrr|0 fnt\n|faint|p2a: dire claw go brrr\n|\n|upkeep\n|\n|t:|1698975197\n|switch|p2a: whoa|Keldeo|100\/100\n|-status|p2a: whoa|tox\n|turn|6\n|\n|t:|1698975206\n|switch|p1a: Espathra|Espathra, M|100\/100\n|move|p2a: whoa|Flip Turn|p1a: Espathra\n|-damage|p1a: Espathra|66\/100\n|\n|t:|1698975214\n|switch|p2a: a knife!!|Chien-Pao|100\/100|[from] Flip Turn\n|-status|p2a: a knife!!|tox\n|-ability|p2a: a knife!!|Sword of Ruin\n|\n|-damage|p2a: a knife!!|95\/100 tox|[from] psn\n|upkeep\n|turn|7\n|\n|t:|1698975234\n|-terastallize|p1a: Espathra|Fighting\n|move|p2a: a knife!!|Ice Spinner|p1a: Espathra\n|-damage|p1a: Espathra|0 fnt\n|faint|p1a: Espathra\n|\n|-damage|p2a: a knife!!|83\/100 tox|[from] psn\n|upkeep\n|\n|t:|1698975242\n|switch|p1a: Victini|Victini|100\/100\n|turn|8\n|\n|t:|1698975281\n|move|p1a: Victini|V-create|p2a: a knife!!\n|-supereffective|p2a: a knife!!\n|-damage|p2a: a knife!!|0 fnt\n|-unboost|p1a: Victini|spe|1\n|-unboost|p1a: Victini|def|1\n|-unboost|p1a: Victini|spd|1\n|faint|p2a: a knife!!\n|\n|upkeep\n|\n|t:|1698975289\n|switch|p2a: whoa|Keldeo|100\/100 tox\n|turn|9\n|\n|t:|1698975299\n|switch|p1a: Sylveon|Sylveon, F|100\/100\n|move|p2a: whoa|Aqua Jet|p1a: Sylveon\n|-damage|p1a: Sylveon|83\/100\n|\n|-heal|p1a: Sylveon|89\/100|[from] item: Leftovers\n|-damage|p2a: whoa|94\/100 tox|[from] psn\n|upkeep\n|turn|10\n|\n|t:|1698975309\n|move|p2a: whoa|Endeavor|p1a: Sylveon\n|-damage|p1a: Sylveon|77\/100\n|move|p1a: Sylveon|Yawn||[still]\n|-fail|p1a: Sylveon\n|\n|-heal|p1a: Sylveon|83\/100|[from] item: Leftovers\n|-damage|p2a: whoa|82\/100 tox|[from] psn\n|upkeep\n|turn|11\n|\n|t:|1698975314\n|move|p2a: whoa|Taunt|p1a: Sylveon\n|-start|p1a: Sylveon|move: Taunt\n|cant|p1a: Sylveon|move: Taunt|Wish\n|\n|-heal|p1a: Sylveon|90\/100|[from] item: Leftovers\n|-damage|p2a: whoa|63\/100 tox|[from] psn\n|upkeep\n|turn|12\n|c|\u2606BoyzArbokInTown03|What is this???\n|c|\u2606BoyzArbokInTown03|This set is awesome dude\n|c|\u2606lelza|my homie whoa is living up to his name\n|c|\u2606lelza|bc whoa what is this set\n|\n|t:|1698975341\n|move|p2a: whoa|Flip Turn|p1a: Sylveon\n|-damage|p1a: Sylveon|64\/100\n|\n|t:|1698975346\n|switch|p2a: static shock|Zapdos|100\/100|[from] Flip Turn\n|move|p1a: Sylveon|Hyper Voice|p2a: static shock\n|-damage|p2a: static shock|54\/100\n|\n|-heal|p1a: Sylveon|71\/100|[from] item: Leftovers\n|upkeep\n|turn|13\n|\n|t:|1698975361\n|switch|p1a: Glimmora|Glimmora, M|50\/100\n|-zpower|p2a: static shock\n|move|p2a: static shock|Supersonic Skystrike|p1a: Glimmora|[zeffect]\n|-resisted|p1a: Glimmora\n|-damage|p1a: Glimmora|0 fnt\n|faint|p1a: Glimmora\n|\n|upkeep\n|\n|t:|1698975370\n|switch|p1a: Sylveon|Sylveon, F|71\/100\n|turn|14\n|\n|t:|1698975375\n|move|p2a: static shock|Defog|p1a: Sylveon\n|-unboost|p1a: Sylveon|evasion|1\n|-sideend|p2: lelza|Toxic Spikes|[from] move: Defog|[of] p2a: static shock\n|move|p1a: Sylveon|Yawn|p2a: static shock\n|-start|p2a: static shock|move: Yawn|[of] p1a: Sylveon\n|\n|-heal|p1a: Sylveon|77\/100|[from] item: Leftovers\n|upkeep\n|turn|15\n|\n|t:|1698975381\n|move|p2a: static shock|Volt Switch|p1a: Sylveon\n|-damage|p1a: Sylveon|62\/100\n|\n|t:|1698975386\n|switch|p2a: whoa|Keldeo|63\/100 tox|[from] Volt Switch\n|move|p1a: Sylveon|Hyper Voice|p2a: whoa\n|-supereffective|p2a: whoa\n|-damage|p2a: whoa|0 fnt\n|faint|p2a: whoa\n|\n|-heal|p1a: Sylveon|68\/100|[from] item: Leftovers\n|upkeep\n|\n|t:|1698975390\n|switch|p2a: zoomies|Latias, F|100\/100\n|turn|16\n|\n|t:|1698975397\n|detailschange|p2a: zoomies|Latias-Mega, F\n|-mega|p2a: zoomies|Latias|Latiasite\n|move|p2a: zoomies|Calm Mind|p2a: zoomies\n|-boost|p2a: zoomies|spa|1\n|-boost|p2a: zoomies|spd|1\n|move|p1a: Sylveon|Yawn|p2a: zoomies\n|-start|p2a: zoomies|move: Yawn|[of] p1a: Sylveon\n|\n|-heal|p1a: Sylveon|74\/100|[from] item: Leftovers\n|upkeep\n|turn|17\n|\n|t:|1698975402\n|move|p1a: Sylveon|Protect|p1a: Sylveon\n|-singleturn|p1a: Sylveon|Protect\n|move|p2a: zoomies|Psychic|p1a: Sylveon\n|-activate|p1a: Sylveon|move: Protect\n|\n|-heal|p1a: Sylveon|80\/100|[from] item: Leftovers\n|-end|p2a: zoomies|move: Yawn|[silent]\n|-status|p2a: zoomies|slp\n|upkeep\n|turn|18\n|\n|t:|1698975406\n|cant|p2a: zoomies|slp\n|move|p1a: Sylveon|Hyper Voice|p2a: zoomies\n|-supereffective|p2a: zoomies\n|-damage|p2a: zoomies|61\/100 slp\n|\n|-heal|p1a: Sylveon|86\/100|[from] item: Leftovers\n|upkeep\n|turn|19\n|\n|t:|1698975411\n|-curestatus|p2a: zoomies|slp|[msg]\n|move|p2a: zoomies|Psychic|p1a: Sylveon\n|-damage|p1a: Sylveon|56\/100\n|move|p1a: Sylveon|Hyper Voice|p2a: zoomies\n|-supereffective|p2a: zoomies\n|-damage|p2a: zoomies|22\/100\n|\n|-heal|p1a: Sylveon|62\/100|[from] item: Leftovers\n|upkeep\n|turn|20\n|\n|t:|1698975420\n|switch|p1a: Victini|Victini|100\/100\n|move|p2a: zoomies|Recover|p2a: zoomies\n|-heal|p2a: zoomies|72\/100\n|\n|upkeep\n|turn|21\n|\n|t:|1698975433\n|move|p1a: Victini|Final Gambit|p2a: zoomies\n|-damage|p2a: zoomies|0 fnt\n|faint|p1a: Victini\n|faint|p2a: zoomies\n|\n|upkeep\n|c|\u2606lelza|no way\n|\n|t:|1698975444\n|switch|p1a: Sylveon|Sylveon, F|62\/100\n|switch|p2a: static shock|Zapdos|54\/100\n|turn|22\n|\n|t:|1698975452\n|move|p2a: static shock|Hurricane|p1a: Sylveon\n|-damage|p1a: Sylveon|40\/100\n|move|p1a: Sylveon|Yawn|p2a: static shock\n|-start|p2a: static shock|move: Yawn|[of] p1a: Sylveon\n|\n|-heal|p1a: Sylveon|46\/100|[from] item: Leftovers\n|upkeep\n|turn|23\n|c|\u2606lelza|ggs\n|\n|t:|1698975461\n|move|p1a: Sylveon|Protect|p1a: Sylveon\n|-singleturn|p1a: Sylveon|Protect\n|move|p2a: static shock|Hurricane|p1a: Sylveon\n|-activate|p1a: Sylveon|move: Protect\n|\n|-heal|p1a: Sylveon|52\/100|[from] item: Leftovers\n|-end|p2a: static shock|move: Yawn|[silent]\n|-status|p2a: static shock|slp\n|upkeep\n|turn|24\n|c|\u2606BoyzArbokInTown03|GG\n|\n|t:|1698975465\n|cant|p2a: static shock|slp\n|move|p1a: Sylveon|Hyper Voice|p2a: static shock\n|-damage|p2a: static shock|6\/100 slp\n|\n|-heal|p1a: Sylveon|58\/100|[from] item: Leftovers\n|upkeep\n|turn|25\n|\n|t:|1698975471\n|-curestatus|p2a: static shock|slp|[msg]\n|move|p2a: static shock|Hurricane|p1a: Sylveon\n|-damage|p1a: Sylveon|35\/100\n|move|p1a: Sylveon|Hyper Voice|p2a: static shock\n|-damage|p2a: static shock|0 fnt\n|faint|p2a: static shock\n|\n|win|BoyzArbokInTown03\n|l|\u2606lelza\n|j|\u2606lelza\n|player|p2|lelza|worker\n|l|\u2606lelza\n|player|p2|\n|l| PokeHaint\n|j|\u2606lelza\n|player|p2|lelza|worker\n","uploadtime":1698975481,"views":21,"p1id":"boyzarbokintown03","p2id":"lelza","formatid":"gen9nationaldexubers","rating":0,"private":0,"password":""}