{"id":"gen9nationaldexubers-1989649885","p1":"KyranDev","p2":"nnnovanoss","format":"[Gen 9] National Dex Ubers","log":"|j|\u2606KyranDev\n|j|\u2606nnnovanoss\n|t:|1699883158\n|gametype|singles\n|player|p1|KyranDev|1|1000\n|player|p2|nnnovanoss|102|1044\n|teamsize|p1|6\n|teamsize|p2|6\n|gen|9\n|tier|[Gen 9] National Dex Ubers\n|rated|\n|rule|HP Percentage Mod: HP is shown in percentages\n|rule|Endless Battle Clause: Forcing endless battles is banned\n|rule|OHKO Clause: OHKO moves are banned\n|rule|Evasion Moves Clause: Evasion moves are banned\n|rule|Evasion Items Clause: Evasion items are banned\n|rule|Species Clause: Limit one of each Pok\u00e9mon\n|rule|Sleep Clause Mod: Limit one foe put to sleep\n|rule|Mega Rayquaza Clause: You cannot mega evolve Rayquaza\n|clearpoke\n|poke|p1|Yveltal|\n|poke|p1|Houndoom, F|\n|poke|p1|Krookodile, F|\n|poke|p1|Murkrow, F|\n|poke|p1|Cacturne, F|\n|poke|p1|Mandibuzz, F|\n|poke|p2|Samurott-Hisui, M|\n|poke|p2|Dragapult, F|\n|poke|p2|Clefable, F|\n|poke|p2|Kingambit, M|\n|poke|p2|Toxapex, M|\n|poke|p2|Kangaskhan, F|\n|teampreview\n|\n|t:|1699883165\n|start\n|switch|p1a: Cacturne|Cacturne, F|100\/100\n|switch|p2a: Toxapex|Toxapex, M|100\/100\n|turn|1\n|\n|t:|1699883171\n|-terastallize|p1a: Cacturne|Grass\n|move|p1a: Cacturne|Leaf Storm|p2a: Toxapex\n|-damage|p2a: Toxapex|38\/100\n|-unboost|p1a: Cacturne|spa|2\n|move|p2a: Toxapex|Toxic|p1a: Cacturne\n|-status|p1a: Cacturne|tox\n|\n|-heal|p2a: Toxapex|44\/100|[from] item: Black Sludge\n|-damage|p1a: Cacturne|94\/100 tox|[from] psn\n|upkeep\n|turn|2\n|inactive|Battle timer is ON: inactive players will automatically lose when time's up. (requested by KyranDev)\n|\n|t:|1699883196\n|switch|p1a: Murkrow|Murkrow, F|100\/100\n|switch|p2a: Samurott|Samurott-Hisui, M|100\/100\n|\n|upkeep\n|turn|3\n|c|\u2606KyranDev|Just testing a dark monotype\n|\n|t:|1699883205\n|move|p1a: Murkrow|Mean Look|p2a: Samurott\n|-hint|Since gen 7, Dark is immune to Prankster moves.\n|-immune|p2a: Samurott\n|move|p2a: Samurott|Encore|p1a: Murkrow\n|-start|p1a: Murkrow|Encore\n|\n|upkeep\n|turn|4\n|\n|t:|1699883215\n|switch|p1a: Cacturne|Cacturne, F, tera:Grass|94\/100 tox\n|move|p2a: Samurott|Aqua Cutter|p1a: Cacturne\n|-heal|p1a: Cacturne|100\/100 tox|[from] ability: Water Absorb|[of] p2a: Samurott\n|\n|-damage|p1a: Cacturne|94\/100 tox|[from] psn\n|upkeep\n|turn|5\n|\n|t:|1699883242\n|switch|p2a: Dragapult|Dragapult, F|100\/100\n|move|p1a: Cacturne|Leaf Storm|p2a: Dragapult\n|-resisted|p2a: Dragapult\n|-damage|p2a: Dragapult|49\/100\n|-unboost|p1a: Cacturne|spa|2\n|\n|-heal|p2a: Dragapult|55\/100|[from] item: Leftovers\n|-damage|p1a: Cacturne|82\/100 tox|[from] psn\n|upkeep\n|turn|6\n|inactive|nnnovanoss has 120 seconds left.\n|\n|t:|1699883260\n|switch|p1a: Murkrow|Murkrow, F|100\/100\n|move|p2a: Dragapult|Dragon Darts|p1a: Murkrow\n|-damage|p1a: Murkrow|60\/100\n|-anim|p2a: Dragapult|Dragon Darts|p1a: Murkrow\n|-crit|p1a: Murkrow\n|-damage|p1a: Murkrow|3\/100\n|\n|-heal|p2a: Dragapult|61\/100|[from] item: Leftovers\n|upkeep\n|turn|7\n|inactive|nnnovanoss has 120 seconds left.\n|\n|t:|1699883279\n|move|p1a: Murkrow|Tailwind|p1a: Murkrow\n|-sidestart|p1: KyranDev|move: Tailwind\n|move|p2a: Dragapult|U-turn|p1a: Murkrow\n|-damage|p1a: Murkrow|0 fnt\n|faint|p1a: Murkrow\n|\n|t:|1699883286\n|switch|p2a: Toxapex|Toxapex, M|77\/100|[from] U-turn\n|\n|-heal|p2a: Toxapex|83\/100|[from] item: Black Sludge\n|upkeep\n|\n|t:|1699883290\n|switch|p1a: Yveltal|Yveltal|100\/100\n|-ability|p1a: Yveltal|Dark Aura\n|turn|8\n|\n|t:|1699883296\n|move|p1a: Yveltal|Oblivion Wing|p2a: Toxapex\n|-damage|p2a: Toxapex|37\/100\n|-damage|p1a: Yveltal|91\/100|[from] item: Life Orb\n|move|p2a: Toxapex|Toxic|p1a: Yveltal\n|-status|p1a: Yveltal|tox\n|\n|-heal|p2a: Toxapex|43\/100|[from] item: Black Sludge\n|-damage|p1a: Yveltal|85\/100 tox|[from] psn\n|upkeep\n|turn|9\n|inactive|nnnovanoss has 120 seconds left.\n|inactive|nnnovanoss has 90 seconds left.\n|l|\u2606KyranDev\n|inactive|KyranDev disconnected and has a minute to reconnect!\n|player|p1|\n|j|\u2606KyranDev\n|inactive|KyranDev reconnected.\n|player|p1|KyranDev|1\n|\n|t:|1699883351\n|switch|p2a: Kingambit|Kingambit, M|100\/100\n|move|p1a: Yveltal|Oblivion Wing|p2a: Kingambit\n|-resisted|p2a: Kingambit\n|-damage|p2a: Kingambit|68\/100\n|-heal|p1a: Yveltal|100\/100 tox|[from] drain|[of] p2a: Kingambit\n|-damage|p1a: Yveltal|91\/100 tox|[from] item: Life Orb\n|\n|-damage|p1a: Yveltal|78\/100 tox|[from] psn\n|upkeep\n|turn|10\n|\n|t:|1699883373\n|move|p1a: Yveltal|Heat Wave|p2a: Kingambit\n|-supereffective|p2a: Kingambit\n|-damage|p2a: Kingambit|0 fnt\n|faint|p2a: Kingambit\n|-end|p2a: Kingambit|fallenundefined|[silent]\n|-damage|p1a: Yveltal|69\/100 tox|[from] item: Life Orb\n|\n|-damage|p1a: Yveltal|50\/100 tox|[from] psn\n|-sideend|p1: KyranDev|move: Tailwind\n|upkeep\n|\n|t:|1699883385\n|switch|p2a: Clefable|Clefable, F|100\/100\n|turn|11\n|\n|t:|1699883390\n|move|p1a: Yveltal|Oblivion Wing|p2a: Clefable\n|-damage|p2a: Clefable|44\/100\n|-heal|p1a: Yveltal|89\/100 tox|[from] drain|[of] p2a: Clefable\n|-damage|p1a: Yveltal|80\/100 tox|[from] item: Life Orb\n|move|p2a: Clefable|Moonblast|p1a: Yveltal\n|-supereffective|p1a: Yveltal\n|-damage|p1a: Yveltal|26\/100 tox\n|\n|-heal|p2a: Clefable|50\/100|[from] item: Leftovers\n|-damage|p1a: Yveltal|2\/100 tox|[from] psn\n|upkeep\n|turn|12\n|inactive|nnnovanoss has 60 seconds left.\n|\n|t:|1699883415\n|switch|p2a: Kangaskhan|Kangaskhan, F|100\/100\n|move|p1a: Yveltal|Oblivion Wing|p2a: Kangaskhan\n|-damage|p2a: Kangaskhan|31\/100\n|-heal|p1a: Yveltal|46\/100 tox|[from] drain|[of] p2a: Kangaskhan\n|-damage|p1a: Yveltal|36\/100 tox|[from] item: Life Orb\n|\n|-damage|p1a: Yveltal|6\/100 tox|[from] psn\n|upkeep\n|turn|13\n|inactive|nnnovanoss has 60 seconds left.\n|\n|t:|1699883433\n|switch|p1a: Mandibuzz|Mandibuzz, F|100\/100\n|detailschange|p2a: Kangaskhan|Kangaskhan-Mega, F\n|-mega|p2a: Kangaskhan|Kangaskhan|Kangaskhanite\n|move|p2a: Kangaskhan|Body Slam|p1a: Mandibuzz\n|-damage|p1a: Mandibuzz|78\/100\n|-damage|p1a: Mandibuzz|73\/100\n|-hitcount|p1a: Mandibuzz|2\n|\n|upkeep\n|turn|14\n|\n|t:|1699883451\n|switch|p2a: Dragapult|Dragapult, F|61\/100\n|move|p1a: Mandibuzz|Foul Play|p2a: Dragapult\n|-supereffective|p2a: Dragapult\n|-crit|p2a: Dragapult\n|-damage|p2a: Dragapult|0 fnt\n|faint|p2a: Dragapult\n|\n|upkeep\n|\n|t:|1699883461\n|switch|p2a: Samurott|Samurott-Hisui, M|100\/100\n|turn|15\n|\n|t:|1699883467\n|move|p2a: Samurott|Knock Off|p1a: Mandibuzz\n|-resisted|p1a: Mandibuzz\n|-damage|p1a: Mandibuzz|59\/100\n|-enditem|p1a: Mandibuzz|Heavy-Duty Boots|[from] move: Knock Off|[of] p2a: Samurott\n|move|p1a: Mandibuzz|Foul Play|p2a: Samurott\n|-resisted|p2a: Samurott\n|-crit|p2a: Samurott\n|-damage|p2a: Samurott|56\/100\n|\n|upkeep\n|turn|16\n|\n|t:|1699883480\n|-terastallize|p2a: Samurott|Water\n|move|p2a: Samurott|Aqua Cutter|p1a: Mandibuzz\n|-damage|p1a: Mandibuzz|21\/100\n|move|p1a: Mandibuzz|Foul Play|p2a: Samurott\n|-damage|p2a: Samurott|0 fnt\n|faint|p2a: Samurott\n|\n|upkeep\n|\n|t:|1699883492\n|switch|p2a: Toxapex|Toxapex, M|77\/100\n|turn|17\n|\n|t:|1699883495\n|move|p1a: Mandibuzz|Roost|p1a: Mandibuzz\n|-heal|p1a: Mandibuzz|71\/100\n|-singleturn|p1a: Mandibuzz|move: Roost\n|move|p2a: Toxapex|Toxic|p1a: Mandibuzz\n|-status|p1a: Mandibuzz|tox\n|\n|-heal|p2a: Toxapex|83\/100|[from] item: Black Sludge\n|-damage|p1a: Mandibuzz|65\/100 tox|[from] psn\n|upkeep\n|turn|18\n|inactive|nnnovanoss has 60 seconds left.\n|\n|t:|1699883506\n|move|p1a: Mandibuzz|Taunt|p2a: Toxapex\n|-start|p2a: Toxapex|move: Taunt\n|move|p2a: Toxapex|Scald|p1a: Mandibuzz\n|-damage|p1a: Mandibuzz|52\/100 tox\n|\n|-heal|p2a: Toxapex|89\/100|[from] item: Black Sludge\n|-damage|p1a: Mandibuzz|40\/100 tox|[from] psn\n|upkeep\n|turn|19\n|inactive|nnnovanoss has 60 seconds left.\n|\n|t:|1699883519\n|switch|p1a: Krookodile|Krookodile, F|100\/100\n|-ability|p1a: Krookodile|Intimidate|boost\n|-unboost|p2a: Toxapex|atk|1\n|move|p2a: Toxapex|Scald|p1a: Krookodile\n|-supereffective|p1a: Krookodile\n|-damage|p1a: Krookodile|57\/100\n|-status|p1a: Krookodile|brn\n|\n|-heal|p2a: Toxapex|95\/100|[from] item: Black Sludge\n|-damage|p1a: Krookodile|51\/100 brn|[from] brn\n|upkeep\n|turn|20\n|inactive|nnnovanoss has 60 seconds left.\n|\n|t:|1699883532\n|move|p1a: Krookodile|Knock Off|p2a: Toxapex\n|-damage|p2a: Toxapex|73\/100\n|-enditem|p2a: Toxapex|Black Sludge|[from] move: Knock Off|[of] p1a: Krookodile\n|move|p2a: Toxapex|Scald|p1a: Krookodile\n|-supereffective|p1a: Krookodile\n|-damage|p1a: Krookodile|3\/100 brn\n|\n|-damage|p1a: Krookodile|0 fnt|[from] brn\n|faint|p1a: Krookodile\n|-end|p2a: Toxapex|move: Taunt\n|upkeep\n|\n|t:|1699883535\n|switch|p1a: Houndoom|Houndoom, F|100\/100\n|turn|21\n|inactive|nnnovanoss has 60 seconds left.\n|\n|t:|1699883546\n|detailschange|p1a: Houndoom|Houndoom-Mega, F\n|-mega|p1a: Houndoom|Houndoom|Houndoominite\n|move|p1a: Houndoom|Nasty Plot|p1a: Houndoom\n|-boost|p1a: Houndoom|spa|2\n|move|p2a: Toxapex|Scald|p1a: Houndoom\n|-supereffective|p1a: Houndoom\n|-damage|p1a: Houndoom|59\/100\n|\n|upkeep\n|turn|22\n|inactive|nnnovanoss has 60 seconds left.\n|\n|t:|1699883556\n|move|p1a: Houndoom|Dark Pulse|p2a: Toxapex\n|-damage|p2a: Toxapex|12\/100\n|move|p2a: Toxapex|Toxic|p1a: Houndoom\n|-status|p1a: Houndoom|tox\n|\n|-damage|p1a: Houndoom|53\/100 tox|[from] psn\n|upkeep\n|turn|23\n|inactive|nnnovanoss has 60 seconds left.\n|\n|t:|1699883567\n|switch|p2a: Clefable|Clefable, F|50\/100\n|move|p1a: Houndoom|Flamethrower|p2a: Clefable\n|-damage|p2a: Clefable|0 fnt\n|faint|p2a: Clefable\n|\n|-damage|p1a: Houndoom|41\/100 tox|[from] psn\n|upkeep\n|inactive|nnnovanoss has 60 seconds left.\n|\n|t:|1699883579\n|switch|p2a: Kangaskhan|Kangaskhan-Mega, F|31\/100\n|turn|24\n|inactive|nnnovanoss has 60 seconds left.\n|\n|t:|1699883592\n|move|p1a: Houndoom|Flamethrower|p2a: Kangaskhan\n|-damage|p2a: Kangaskhan|0 fnt\n|faint|p2a: Kangaskhan\n|\n|-damage|p1a: Houndoom|22\/100 tox|[from] psn\n|upkeep\n|inactive|nnnovanoss has 60 seconds left.\n|-message|nnnovanoss forfeited.\n|\n|win|KyranDev\n|raw|KyranDev's rating: 1000 &rarr; <strong>1045<\/strong><br \/>(+45 for winning)\n|raw|nnnovanoss's rating: 1044 &rarr; <strong>1025<\/strong><br \/>(-19 for losing)\n|l|\u2606nnnovanoss\n","uploadtime":1699883604,"views":31,"p1id":"kyrandev","p2id":"nnnovanoss","formatid":"gen9nationaldexubers","rating":1025,"private":0,"password":""}