{"id":"gen9nationaldexubers-2000405366","p1":"Torrente777","p2":"MrLukis","format":"[Gen 9] National Dex Ubers","log":"|j|\u2606Torrente777\n|j|\u2606MrLukis\n|t:|1701192062\n|gametype|singles\n|player|p1|Torrente777|biker-gen4|\n|player|p2|MrLukis|hugh|\n|teamsize|p1|6\n|teamsize|p2|6\n|gen|9\n|tier|[Gen 9] National Dex Ubers\n|rule|HP Percentage Mod: HP is shown in percentages\n|rule|Endless Battle Clause: Forcing endless battles is banned\n|rule|OHKO Clause: OHKO moves are banned\n|rule|Evasion Moves Clause: Evasion moves are banned\n|rule|Evasion Items Clause: Evasion items are banned\n|rule|Species Clause: Limit one of each Pok\u00e9mon\n|rule|Sleep Clause Mod: Limit one foe put to sleep\n|rule|Mega Rayquaza Clause: You cannot mega evolve Rayquaza\n|clearpoke\n|poke|p1|Aggron, M|\n|poke|p1|Blaziken, F|\n|poke|p1|Gliscor, M|\n|poke|p1|Cofagrigus, M|\n|poke|p1|Slaking, F|\n|poke|p1|Gyarados, M|\n|poke|p2|Rotom-Wash|\n|poke|p2|Glimmora, M|\n|poke|p2|Landorus-Therian, M|\n|poke|p2|Heatran, M|\n|poke|p2|Gholdengo|\n|poke|p2|Salamence, M|\n|teampreview\n|inactive|Battle timer is ON: inactive players will automatically lose when time's up. (requested by MrLukis)\n|\n|t:|1701192073\n|start\n|switch|p1a: Gliscor|Gliscor, M|100\/100\n|switch|p2a: Glimmora|Glimmora, M|100\/100\n|turn|1\n|\n|t:|1701192080\n|move|p2a: Glimmora|Spikes|p1a: Gliscor\n|-sidestart|p1: Torrente777|Spikes\n|move|p1a: Gliscor|Swords Dance|p1a: Gliscor\n|-boost|p1a: Gliscor|atk|2\n|\n|-status|p1a: Gliscor|tox|[from] item: Toxic Orb\n|upkeep\n|turn|2\n|\n|t:|1701192089\n|move|p2a: Glimmora|Spikes|p1a: Gliscor\n|-sidestart|p1: Torrente777|Spikes\n|move|p1a: Gliscor|Swords Dance|p1a: Gliscor\n|-boost|p1a: Gliscor|atk|2\n|\n|upkeep\n|turn|3\n|\n|t:|1701192095\n|move|p2a: Glimmora|Spikes|p1a: Gliscor\n|-sidestart|p1: Torrente777|Spikes\n|move|p1a: Gliscor|Earthquake|p2a: Glimmora\n|-supereffective|p2a: Glimmora\n|-enditem|p2a: Glimmora|Focus Sash\n|-damage|p2a: Glimmora|1\/100\n|-activate|p2a: Glimmora|ability: Toxic Debris\n|-sidestart|p1: Torrente777|move: Toxic Spikes\n|\n|upkeep\n|turn|4\n|\n|t:|1701192104\n|move|p2a: Glimmora|Sludge Wave|p1a: Gliscor\n|-resisted|p1a: Gliscor\n|-damage|p1a: Gliscor|61\/100 tox\n|move|p1a: Gliscor|Earthquake|p2a: Glimmora\n|-supereffective|p2a: Glimmora\n|-damage|p2a: Glimmora|0 fnt\n|-activate|p2a: Glimmora|ability: Toxic Debris\n|-sidestart|p1: Torrente777|move: Toxic Spikes\n|faint|p2a: Glimmora\n|\n|-heal|p1a: Gliscor|73\/100 tox|[from] ability: Poison Heal\n|upkeep\n|c|\u2606Torrente777|y la tremenda protecci\u00f3n q pensaba q har\u00edas\n|\n|t:|1701192122\n|switch|p2a: Rotom|Rotom-Wash|100\/100\n|turn|5\n|\n|t:|1701192131\n|move|p2a: Rotom|Hydro Pump|p1a: Gliscor\n|-supereffective|p1a: Gliscor\n|-damage|p1a: Gliscor|0 fnt\n|faint|p1a: Gliscor\n|\n|upkeep\n|c|\u2606MrLukis|que proteccion ni que proteccion\n|c|\u2606MrLukis|aqui venimos a jugar\n|\n|t:|1701192150\n|switch|p1a: Gyarados|Gyarados, M|100\/100\n|-ability|p1a: Gyarados|Intimidate|boost\n|-unboost|p2a: Rotom|atk|1\n|turn|6\n|\n|t:|1701192156\n|detailschange|p1a: Gyarados|Gyarados-Mega, M\n|-mega|p1a: Gyarados|Gyarados|Gyaradosite\n|-ability|p1a: Gyarados|Mold Breaker\n|move|p2a: Rotom|Volt Switch|p1a: Gyarados\n|-supereffective|p1a: Gyarados\n|-damage|p1a: Gyarados|49\/100\n|c|\u2606Torrente777|prepara el orto\n|\n|t:|1701192168\n|switch|p2a: Landorus|Landorus-Therian, M|100\/100|[from] Volt Switch\n|-ability|p2a: Landorus|Intimidate|boost\n|-unboost|p1a: Gyarados|atk|1\n|move|p1a: Gyarados|Dragon Dance|p1a: Gyarados\n|-boost|p1a: Gyarados|atk|1\n|-boost|p1a: Gyarados|spe|1\n|\n|upkeep\n|turn|7\n|\n|t:|1701192176\n|move|p1a: Gyarados|Waterfall|p2a: Landorus\n|-supereffective|p2a: Landorus\n|-damage|p2a: Landorus|36\/100\n|-damage|p1a: Gyarados|33\/100|[from] item: Rocky Helmet|[of] p2a: Landorus\n|move|p2a: Landorus|U-turn|p1a: Gyarados\n|-supereffective|p1a: Gyarados\n|-damage|p1a: Gyarados|0 fnt\n|faint|p1a: Gyarados\n|c|\u2606MrLukis|y si no quiero que\n|c|\u2606Torrente777|bueno\n|\n|t:|1701192189\n|switch|p2a: Rotom|Rotom-Wash|100\/100|[from] U-turn\n|\n|upkeep\n|c|\u2606MrLukis|sabes algo gracioso\n|c|\u2606Torrente777|aaaa\n|c|\u2606Torrente777|este es el quipo\n|c|\u2606MrLukis|este team es ubers por mega salamence y gholdengo\n|inactive|Torrente777 has 270 seconds left.\n|c|\u2606Torrente777|este equipo es el de la estrategia de slaking\n|c|\u2606Torrente777|con razon no lo recordaba\n|\n|t:|1701192231\n|switch|p1a: Cofagrigus|Cofagrigus, M|100\/100\n|-damage|p1a: Cofagrigus|75\/100|[from] Spikes\n|-status|p1a: Cofagrigus|tox\n|turn|8\n|c|\u2606MrLukis|los atacantes especiales en mi mochila\n|\n|t:|1701192240\n|move|p2a: Rotom|Hydro Pump|p1a: Cofagrigus\n|-damage|p1a: Cofagrigus|25\/100 tox\n|move|p1a: Cofagrigus|Pain Split|p2a: Rotom\n|-sethp|p2a: Rotom|66\/100|[from] move: Pain Split|[silent]\n|-sethp|p1a: Cofagrigus|50\/100 tox|[from] move: Pain Split\n|\n|-heal|p2a: Rotom|73\/100|[from] item: Leftovers\n|-heal|p1a: Cofagrigus|56\/100 tox|[from] item: Leftovers\n|-damage|p1a: Cofagrigus|50\/100 tox|[from] psn\n|upkeep\n|turn|9\n|inactive|Torrente777 has 270 seconds left.\n|\n|t:|1701192250\n|move|p2a: Rotom|Thunderbolt|p1a: Cofagrigus\n|-damage|p1a: Cofagrigus|11\/100 tox\n|move|p1a: Cofagrigus|Hex|p2a: Rotom\n|-damage|p2a: Rotom|46\/100\n|\n|-heal|p2a: Rotom|52\/100|[from] item: Leftovers\n|-heal|p1a: Cofagrigus|18\/100 tox|[from] item: Leftovers\n|-damage|p1a: Cofagrigus|5\/100 tox|[from] psn\n|upkeep\n|turn|10\n|inactive|Torrente777 has 270 seconds left.\n|\n|t:|1701192262\n|move|p2a: Rotom|Volt Switch|p1a: Cofagrigus\n|-damage|p1a: Cofagrigus|0 fnt\n|faint|p1a: Cofagrigus\n|\n|t:|1701192267\n|switch|p2a: Landorus|Landorus-Therian, M|36\/100|[from] Volt Switch\n|\n|upkeep\n|\n|t:|1701192271\n|switch|p1a: Blaziken|Blaziken, F|100\/100\n|-damage|p1a: Blaziken|76\/100|[from] Spikes\n|-status|p1a: Blaziken|tox\n|turn|11\n|\n|t:|1701192277\n|move|p1a: Blaziken|Protect|p1a: Blaziken\n|-singleturn|p1a: Blaziken|Protect\n|move|p2a: Landorus|Stealth Rock|p1a: Blaziken\n|-sidestart|p1: Torrente777|move: Stealth Rock\n|\n|-damage|p1a: Blaziken|70\/100 tox|[from] psn\n|-ability|p1a: Blaziken|Speed Boost|boost\n|-boost|p1a: Blaziken|spe|1\n|upkeep\n|turn|12\n|\n|t:|1701192287\n|move|p1a: Blaziken|Brave Bird|p2a: Landorus\n|-damage|p2a: Landorus|0 fnt\n|-damage|p1a: Blaziken|53\/100 tox|[from] item: Rocky Helmet|[of] p2a: Landorus\n|faint|p2a: Landorus\n|-damage|p1a: Blaziken|38\/100 tox|[from] Recoil\n|-damage|p1a: Blaziken|28\/100 tox|[from] item: Life Orb\n|\n|-damage|p1a: Blaziken|16\/100 tox|[from] psn\n|-ability|p1a: Blaziken|Speed Boost|boost\n|-boost|p1a: Blaziken|spe|1\n|upkeep\n|\n|t:|1701192290\n|switch|p2a: Rotom|Rotom-Wash|52\/100\n|turn|13\n|c|\u2606MrLukis|chicos donde estan las botas\n|\n|t:|1701192303\n|move|p1a: Blaziken|Flare Blitz|p2a: Rotom\n|-resisted|p2a: Rotom\n|-damage|p2a: Rotom|0 fnt\n|faint|p2a: Rotom\n|-damage|p1a: Blaziken|3\/100 tox|[from] Recoil\n|-damage|p1a: Blaziken|0 fnt|[from] item: Life Orb\n|faint|p1a: Blaziken\n|\n|upkeep\n|\n|t:|1701192319\n|switch|p2a: Heatran|Heatran, M|100\/100\n|switch|p1a: Slaking|Slaking, F|100\/100\n|-damage|p1a: Slaking|76\/100|[from] Spikes\n|-status|p1a: Slaking|tox\n|-damage|p1a: Slaking|63\/100 tox|[from] Stealth Rock\n|turn|14\n|\n|t:|1701192331\n|move|p2a: Heatran|Protect|p2a: Heatran\n|-singleturn|p2a: Heatran|Protect\n|move|p1a: Slaking|Earthquake|p2a: Heatran\n|-activate|p2a: Heatran|move: Protect\n|\n|-damage|p1a: Slaking|57\/100 tox|[from] psn\n|upkeep\n|turn|15\n|\n|t:|1701192339\n|cant|p1a: Slaking|ability: Truant\n|move|p2a: Heatran|Eruption|p1a: Slaking\n|-damage|p1a: Slaking|0 fnt\n|faint|p1a: Slaking\n|\n|upkeep\n|\n|t:|1701192345\n|switch|p1a: Aggron|Aggron, M, shiny|100\/100\n|-damage|p1a: Aggron|76\/100|[from] Spikes\n|-damage|p1a: Aggron|70\/100|[from] Stealth Rock\n|turn|16\n|\n|t:|1701192355\n|-terastallize|p1a: Aggron|Flying\n|move|p1a: Aggron|Low Kick|p2a: Heatran\n|-supereffective|p2a: Heatran\n|-enditem|p2a: Heatran|Focus Sash\n|-damage|p2a: Heatran|1\/100\n|move|p2a: Heatran|Earth Power|p1a: Aggron\n|-immune|p1a: Aggron\n|\n|upkeep\n|turn|17\n|c|\u2606MrLukis|chicos era broma\n|\n|t:|1701192368\n|move|p1a: Aggron|Low Kick|p2a: Heatran\n|-supereffective|p2a: Heatran\n|-damage|p2a: Heatran|0 fnt\n|faint|p2a: Heatran\n|\n|upkeep\n|\n|t:|1701192374\n|switch|p2a: Gholdengo|Gholdengo|100\/100\n|-item|p2a: Gholdengo|Air Balloon\n|turn|18\n|c|\u2606Torrente777|nah ya val\u00ed\n|\n|t:|1701192381\n|move|p2a: Gholdengo|Make It Rain|p1a: Aggron\n|-damage|p1a: Aggron|0 fnt\n|-unboost|p2a: Gholdengo|spa|1\n|faint|p1a: Aggron\n|\n|win|MrLukis\n|l|\u2606Torrente777\n","uploadtime":1701192397,"views":1,"p1id":"torrente777","p2id":"mrlukis","formatid":"gen9nationaldexubers","rating":0,"private":0,"password":""}