{"id":"gen9nationaldexubers-2000364990","p1":"Isaiah2406","p2":"LemonLime78","format":"[Gen 9] National Dex Ubers","log":"|j|\u2606Isaiah2406\n|j|\u2606LemonLime78\n|t:|1701188625\n|gametype|singles\n|player|p1|Isaiah2406|veteran|1257\n|player|p2|LemonLime78|carmine-festival|1393\n|teamsize|p1|6\n|teamsize|p2|6\n|gen|9\n|tier|[Gen 9] National Dex Ubers\n|rated|\n|rule|HP Percentage Mod: HP is shown in percentages\n|rule|Endless Battle Clause: Forcing endless battles is banned\n|rule|OHKO Clause: OHKO moves are banned\n|rule|Evasion Moves Clause: Evasion moves are banned\n|rule|Evasion Items Clause: Evasion items are banned\n|rule|Species Clause: Limit one of each Pok\u00e9mon\n|rule|Sleep Clause Mod: Limit one foe put to sleep\n|rule|Mega Rayquaza Clause: You cannot mega evolve Rayquaza\n|clearpoke\n|poke|p1|Rayquaza|\n|poke|p1|Cyclizar, F|\n|poke|p1|Marshadow|\n|poke|p1|Mewtwo|\n|poke|p1|Arceus|\n|poke|p1|Flutter Mane|\n|poke|p2|Melmetal|\n|poke|p2|Kingambit, M|\n|poke|p2|Mewtwo|\n|poke|p2|Palafin, M|\n|poke|p2|Shuckle, M|\n|poke|p2|Iron Valiant|\n|teampreview\n|inactive|Battle timer is ON: inactive players will automatically lose when time's up. (requested by LemonLime78)\n|\n|t:|1701188631\n|start\n|switch|p1a: Cyclizar|Cyclizar, F|100\/100\n|switch|p2a: Shuckle|Shuckle, M|100\/100\n|turn|1\n|\n|t:|1701188637\n|move|p1a: Cyclizar|Shed Tail|p1a: Cyclizar\n|-start|p1a: Cyclizar|Substitute|[from] move: Shed Tail\n|-damage|p1a: Cyclizar|50\/100\n|\n|t:|1701188643\n|switch|p1a: Rayquaza|Rayquaza, shiny|100\/100|[from] Shed Tail\n|-ability|p1a: Rayquaza|Air Lock\n|move|p2a: Shuckle|Sticky Web|p1a: Rayquaza\n|-sidestart|p1: Isaiah2406|move: Sticky Web\n|\n|upkeep\n|turn|2\n|\n|t:|1701188650\n|move|p1a: Rayquaza|Dragon Dance|p1a: Rayquaza\n|-boost|p1a: Rayquaza|atk|1\n|-boost|p1a: Rayquaza|spe|1\n|move|p2a: Shuckle|Final Gambit|p1a: Rayquaza\n|-end|p1a: Rayquaza|Substitute\n|faint|p2a: Shuckle\n|\n|upkeep\n|\n|t:|1701188670\n|switch|p2a: Iron Valiant|Iron Valiant|100\/100\n|-enditem|p2a: Iron Valiant|Booster Energy\n|-activate|p2a: Iron Valiant|ability: Quark Drive|[fromitem]\n|-start|p2a: Iron Valiant|quarkdrivespe\n|turn|3\n|\n|t:|1701188677\n|-terastallize|p1a: Rayquaza|Fire\n|move|p2a: Iron Valiant|Spirit Break|p1a: Rayquaza\n|-resisted|p1a: Rayquaza\n|-damage|p1a: Rayquaza|79\/100\n|-unboost|p1a: Rayquaza|spa|1\n|move|p1a: Rayquaza|Dragon Ascent|p2a: Iron Valiant\n|-supereffective|p2a: Iron Valiant\n|-damage|p2a: Iron Valiant|0 fnt\n|-unboost|p1a: Rayquaza|def|1\n|-unboost|p1a: Rayquaza|spd|1\n|faint|p2a: Iron Valiant\n|-end|p2a: Iron Valiant|Quark Drive|[silent]\n|\n|-heal|p1a: Rayquaza|85\/100|[from] item: Leftovers\n|upkeep\n|\n|t:|1701188684\n|switch|p2a: Palafin|Palafin, M|100\/100\n|turn|4\n|\n|t:|1701188694\n|move|p1a: Rayquaza|Extreme Speed|p2a: Palafin\n|-damage|p2a: Palafin|35\/100\n|move|p2a: Palafin|Jet Punch|p1a: Rayquaza\n|-supereffective|p1a: Rayquaza\n|-damage|p1a: Rayquaza|0 fnt\n|faint|p1a: Rayquaza\n|\n|upkeep\n|\n|t:|1701188699\n|switch|p1a: Cyclizar|Cyclizar, F|84\/100\n|-activate|p1a: Cyclizar|move: Sticky Web\n|-unboost|p1a: Cyclizar|spe|1\n|turn|5\n|\n|t:|1701188707\n|detailschange|p2a: Palafin|Palafin-Hero, M\n|switch|p2a: Melmetal|Melmetal, shiny|100\/100\n|move|p1a: Cyclizar|Shed Tail|p1a: Cyclizar\n|-start|p1a: Cyclizar|Substitute|[from] move: Shed Tail\n|-damage|p1a: Cyclizar|34\/100\n|\n|t:|1701188719\n|switch|p1a: Flutter Mane|Flutter Mane|100\/100|[from] Shed Tail\n|-activate|p1a: Flutter Mane|move: Sticky Web\n|-unboost|p1a: Flutter Mane|spe|1\n|-enditem|p1a: Flutter Mane|Booster Energy\n|-activate|p1a: Flutter Mane|ability: Protosynthesis|[fromitem]\n|-start|p1a: Flutter Mane|protosynthesisspa\n|\n|upkeep\n|turn|6\n|\n|t:|1701188728\n|move|p1a: Flutter Mane|Calm Mind|p1a: Flutter Mane\n|-boost|p1a: Flutter Mane|spa|1\n|-boost|p1a: Flutter Mane|spd|1\n|move|p2a: Melmetal|Double Iron Bash|p1a: Flutter Mane\n|-supereffective|p1a: Flutter Mane\n|-crit|p1a: Flutter Mane\n|-end|p1a: Flutter Mane|Substitute\n|-supereffective|p1a: Flutter Mane\n|-damage|p1a: Flutter Mane|0 fnt\n|faint|p1a: Flutter Mane\n|-end|p1a: Flutter Mane|Protosynthesis|[silent]\n|-hitcount|p1: Flutter Mane|2\n|\n|upkeep\n|\n|t:|1701188735\n|switch|p1a: Marshadow|Marshadow|100\/100\n|-activate|p1a: Marshadow|move: Sticky Web\n|-unboost|p1a: Marshadow|spe|1\n|turn|7\n|\n|t:|1701188739\n|move|p2a: Melmetal|Double Iron Bash|p1a: Marshadow\n|-damage|p1a: Marshadow|41\/100\n|-damage|p1a: Marshadow|0 fnt\n|faint|p1a: Marshadow\n|-hitcount|p1: Marshadow|2\n|\n|upkeep\n|\n|t:|1701188745\n|switch|p1a: Mewtwo|Mewtwo|100\/100\n|-ability|p1a: Mewtwo|Unnerve\n|-activate|p1a: Mewtwo|move: Sticky Web\n|-unboost|p1a: Mewtwo|spe|1\n|turn|8\n|\n|t:|1701188750\n|detailschange|p1a: Mewtwo|Mewtwo-Mega-Y\n|-mega|p1a: Mewtwo|Mewtwo|Mewtwonite Y\n|move|p1a: Mewtwo|Fire Blast|p2a: Melmetal\n|-supereffective|p2a: Melmetal\n|-damage|p2a: Melmetal|32\/100\n|move|p2a: Melmetal|Double Iron Bash|p1a: Mewtwo\n|-damage|p1a: Mewtwo|44\/100\n|-damage|p1a: Mewtwo|0 fnt\n|faint|p1a: Mewtwo\n|-hitcount|p1: Mewtwo|2\n|\n|upkeep\n|-message|Isaiah2406 forfeited.\n|\n|win|LemonLime78\n|raw|Isaiah2406's rating: 1257 &rarr; <strong>1241<\/strong><br \/>(-16 for losing)\n|raw|LemonLime78's rating: 1393 &rarr; <strong>1406<\/strong><br \/>(+13 for winning)\n|l|\u2606Isaiah2406\n","uploadtime":1701188761,"views":3,"p1id":"isaiah2406","p2id":"lemonlime78","formatid":"gen9nationaldexubers","rating":1241,"private":0,"password":""}