{"id":"gen9nationaldexubers-1992351935","p1":"TeeJayPlays","p2":"zaw11","format":"[Gen 9] National Dex Ubers","log":"|j|\u2606TeeJayPlays\n|j|\u2606zaw11\n|t:|1700177694\n|gametype|singles\n|player|p1|TeeJayPlays|buck|1106\n|player|p2|zaw11|riley|1136\n|teamsize|p1|6\n|teamsize|p2|6\n|gen|9\n|tier|[Gen 9] National Dex Ubers\n|rated|\n|rule|HP Percentage Mod: HP is shown in percentages\n|rule|Endless Battle Clause: Forcing endless battles is banned\n|rule|OHKO Clause: OHKO moves are banned\n|rule|Evasion Moves Clause: Evasion moves are banned\n|rule|Evasion Items Clause: Evasion items are banned\n|rule|Species Clause: Limit one of each Pok\u00e9mon\n|rule|Sleep Clause Mod: Limit one foe put to sleep\n|rule|Mega Rayquaza Clause: You cannot mega evolve Rayquaza\n|clearpoke\n|poke|p1|Charizard, M|\n|poke|p1|Raichu-Alola, M|\n|poke|p1|Lucario, M|\n|poke|p1|Ursaluna, M|\n|poke|p1|Gengar, M|\n|poke|p1|Tyranitar, M|\n|poke|p2|Entei|\n|poke|p2|Amoonguss, F|\n|poke|p2|Altaria, M|\n|poke|p2|Milotic, M|\n|poke|p2|Skuntank, F|\n|poke|p2|Gallade, M|\n|teampreview\n|inactive|Battle timer is ON: inactive players will automatically lose when time's up. (requested by TeeJayPlays)\n|\n|t:|1700177719\n|start\n|switch|p1a: Jolt|Raichu-Alola, M|100\/100\n|switch|p2a: Amongus|Amoonguss, F, shiny|100\/100\n|turn|1\n|\n|t:|1700177727\n|switch|p2a: Car Bomb|Skuntank, F|100\/100\n|move|p1a: Jolt|Electric Terrain|p1a: Jolt\n|-fieldstart|move: Electric Terrain\n|\n|upkeep\n|turn|2\n|\n|t:|1700177733\n|switch|p1a: Hero|Lucario, M|100\/100\n|move|p2a: Car Bomb|Taunt|p1a: Hero\n|-start|p1a: Hero|move: Taunt\n|\n|upkeep\n|turn|3\n|\n|t:|1700177743\n|switch|p1a: Bang|Tyranitar, M|100\/100\n|-weather|Sandstorm|[from] ability: Sand Stream|[of] p1a: Bang\n|switch|p2a: Amongus|Amoonguss, F, shiny|100\/100\n|\n|-weather|Sandstorm|[upkeep]\n|-damage|p2a: Amongus|94\/100|[from] Sandstorm\n|-heal|p2a: Amongus|100\/100|[from] item: Black Sludge\n|upkeep\n|turn|4\n|\n|t:|1700177755\n|move|p1a: Bang|Rock Slide|p2a: Amongus\n|-damage|p2a: Amongus|66\/100\n|cant|p2a: Amongus|flinch\n|\n|-weather|Sandstorm|[upkeep]\n|-damage|p2a: Amongus|59\/100|[from] Sandstorm\n|-heal|p2a: Amongus|66\/100|[from] item: Black Sludge\n|upkeep\n|turn|5\n|\n|t:|1700177765\n|move|p1a: Bang|Rock Slide|p2a: Amongus\n|-damage|p2a: Amongus|29\/100\n|move|p2a: Amongus|Synthesis|p2a: Amongus\n|-heal|p2a: Amongus|54\/100\n|\n|-weather|Sandstorm|[upkeep]\n|-damage|p2a: Amongus|48\/100|[from] Sandstorm\n|-heal|p2a: Amongus|54\/100|[from] item: Black Sludge\n|-fieldend|move: Electric Terrain\n|upkeep\n|turn|6\n|\n|t:|1700177783\n|move|p1a: Bang|Rock Slide|p2a: Amongus\n|-damage|p2a: Amongus|17\/100\n|move|p2a: Amongus|Spore|p1a: Bang\n|-status|p1a: Bang|slp|[from] move: Spore\n|\n|-weather|Sandstorm|[upkeep]\n|-damage|p2a: Amongus|10\/100|[from] Sandstorm\n|-heal|p2a: Amongus|17\/100|[from] item: Black Sludge\n|upkeep\n|turn|7\n|\n|t:|1700177792\n|switch|p1a: Jolt|Raichu-Alola, M|100\/100\n|move|p2a: Amongus|Giga Drain|p1a: Jolt\n|-damage|p1a: Jolt|65\/100\n|-heal|p2a: Amongus|28\/100|[from] drain|[of] p1a: Jolt\n|\n|-weather|none\n|-heal|p2a: Amongus|34\/100|[from] item: Black Sludge\n|upkeep\n|turn|8\n|\n|t:|1700177804\n|switch|p2a: Car Bomb|Skuntank, F|100\/100\n|move|p1a: Jolt|Focus Blast|p2a: Car Bomb\n|-crit|p2a: Car Bomb\n|-damage|p2a: Car Bomb|49\/100\n|\n|-heal|p2a: Car Bomb|55\/100|[from] item: Black Sludge\n|upkeep\n|turn|9\n|\n|t:|1700177813\n|move|p1a: Jolt|Focus Blast|p2a: Car Bomb\n|-damage|p2a: Car Bomb|23\/100\n|move|p2a: Car Bomb|Toxic Spikes|p1a: Jolt\n|-sidestart|p1: TeeJayPlays|move: Toxic Spikes\n|\n|-heal|p2a: Car Bomb|29\/100|[from] item: Black Sludge\n|upkeep\n|turn|10\n|\n|t:|1700177823\n|move|p2a: Car Bomb|Sucker Punch|p1a: Jolt\n|-supereffective|p1a: Jolt\n|-damage|p1a: Jolt|0 fnt\n|faint|p1a: Jolt\n|\n|-heal|p2a: Car Bomb|35\/100|[from] item: Black Sludge\n|upkeep\n|\n|t:|1700177830\n|switch|p1a: Kuma|Ursaluna, M|100\/100\n|-status|p1a: Kuma|psn\n|turn|11\n|\n|t:|1700177841\n|move|p2a: Car Bomb|Crunch|p1a: Kuma\n|-damage|p1a: Kuma|80\/100 psn\n|-unboost|p1a: Kuma|def|1\n|move|p1a: Kuma|Facade|p2a: Car Bomb\n|-crit|p2a: Car Bomb\n|-damage|p2a: Car Bomb|0 fnt\n|-damage|p1a: Kuma|55\/100 psn|[from] ability: Aftermath|[of] p2a: Car Bomb\n|faint|p2a: Car Bomb\n|\n|-damage|p1a: Kuma|43\/100 psn|[from] psn\n|upkeep\n|\n|t:|1700177859\n|switch|p2a: Honor|Gallade, M|100\/100\n|turn|12\n|\n|t:|1700177868\n|move|p2a: Honor|Psycho Cut|p1a: Kuma\n|-damage|p1a: Kuma|0 fnt\n|faint|p1a: Kuma\n|-damage|p2a: Honor|91\/100|[from] item: Life Orb\n|\n|upkeep\n|\n|t:|1700177882\n|switch|p1a: Riza|Charizard, M|100\/100\n|turn|13\n|\n|t:|1700177910\n|switch|p2a: Mermaid|Milotic, M|100\/100\n|move|p1a: Riza|Air Slash|p2a: Mermaid\n|-damage|p2a: Mermaid|77\/100\n|\n|-heal|p2a: Mermaid|83\/100|[from] item: Leftovers\n|upkeep\n|turn|14\n|\n|t:|1700177918\n|move|p1a: Riza|Sunny Day|p1a: Riza\n|-weather|SunnyDay\n|move|p2a: Mermaid|Scald|p1a: Riza\n|-supereffective|p1a: Riza\n|-damage|p1a: Riza|66\/100\n|\n|-weather|SunnyDay|[upkeep]\n|-damage|p1a: Riza|53\/100|[from] ability: Solar Power|[of] p1a: Riza\n|-heal|p2a: Mermaid|89\/100|[from] item: Leftovers\n|upkeep\n|turn|15\n|inactive|zaw11 has 120 seconds left.\n|\n|t:|1700177944\n|switch|p2a: Pup of Fire|Entei|100\/100\n|move|p1a: Riza|Solar Beam||[still]\n|-prepare|p1a: Riza|Solar Beam\n|-anim|p1a: Riza|Solar Beam|p2a: Pup of Fire\n|-resisted|p2a: Pup of Fire\n|-damage|p2a: Pup of Fire|61\/100\n|\n|-weather|SunnyDay|[upkeep]\n|-damage|p1a: Riza|41\/100|[from] ability: Solar Power|[of] p1a: Riza\n|-heal|p2a: Pup of Fire|67\/100|[from] item: Leftovers\n|upkeep\n|turn|16\n|inactive|zaw11 has 120 seconds left.\n|\n|t:|1700177956\n|switch|p1a: Bang|Tyranitar, M|100\/100 slp\n|-weather|Sandstorm|[from] ability: Sand Stream|[of] p1a: Bang\n|move|p2a: Pup of Fire|Protect||[still]\n|-fail|p2a: Pup of Fire\n|\n|-weather|Sandstorm|[upkeep]\n|-damage|p2a: Pup of Fire|61\/100|[from] Sandstorm\n|-heal|p2a: Pup of Fire|67\/100|[from] item: Leftovers\n|upkeep\n|turn|17\n|inactive|zaw11 has 120 seconds left.\n|\n|t:|1700177967\n|switch|p2a: Honor|Gallade, M|91\/100\n|cant|p1a: Bang|slp\n|\n|-weather|Sandstorm|[upkeep]\n|-damage|p2a: Honor|85\/100|[from] Sandstorm\n|upkeep\n|turn|18\n|\n|t:|1700177977\n|-terastallize|p1a: Bang|Ground\n|move|p2a: Honor|Sacred Sword|p1a: Bang\n|-damage|p1a: Bang|33\/100 slp\n|-damage|p2a: Honor|68\/100|[from] item: Rocky Helmet|[of] p1a: Bang\n|-damage|p2a: Honor|58\/100|[from] item: Life Orb\n|-curestatus|p1a: Bang|slp|[msg]\n|move|p1a: Bang|Dragon Dance|p1a: Bang\n|-boost|p1a: Bang|atk|1\n|-boost|p1a: Bang|spe|1\n|\n|-weather|Sandstorm|[upkeep]\n|-damage|p2a: Honor|52\/100|[from] Sandstorm\n|upkeep\n|turn|19\n|\n|t:|1700177991\n|move|p2a: Honor|Leaf Blade|p1a: Bang\n|-supereffective|p1a: Bang\n|-damage|p1a: Bang|0 fnt\n|-damage|p2a: Honor|36\/100|[from] item: Rocky Helmet|[of] p1a: Bang\n|faint|p1a: Bang\n|-damage|p2a: Honor|26\/100|[from] item: Life Orb\n|\n|-weather|Sandstorm|[upkeep]\n|-damage|p2a: Honor|20\/100|[from] Sandstorm\n|upkeep\n|\n|t:|1700178002\n|switch|p1a: Hero|Lucario, M|100\/100\n|turn|20\n|\n|t:|1700178011\n|switch|p2a: Cotton|Altaria, M|100\/100\n|detailschange|p1a: Hero|Lucario-Mega, M\n|-mega|p1a: Hero|Lucario|Lucarionite\n|move|p1a: Hero|Bullet Punch|p2a: Cotton\n|-damage|p2a: Cotton|73\/100\n|\n|-weather|none\n|upkeep\n|turn|21\n|\n|t:|1700178022\n|move|p1a: Hero|Swords Dance|p1a: Hero\n|-boost|p1a: Hero|atk|2\n|move|p2a: Cotton|Dragon Dance|p2a: Cotton\n|-boost|p2a: Cotton|atk|1\n|-boost|p2a: Cotton|spe|1\n|\n|upkeep\n|turn|22\n|\n|t:|1700178029\n|move|p1a: Hero|Bullet Punch|p2a: Cotton\n|-damage|p2a: Cotton|24\/100\n|move|p2a: Cotton|Flamethrower|p1a: Hero\n|-supereffective|p1a: Hero\n|-damage|p1a: Hero|53\/100\n|\n|upkeep\n|turn|23\n|c|\u2606TeeJayPlays|Lol trash\n|\n|t:|1700178045\n|move|p1a: Hero|Bullet Punch|p2a: Cotton\n|-damage|p2a: Cotton|0 fnt\n|faint|p2a: Cotton\n|\n|upkeep\n|\n|t:|1700178062\n|switch|p2a: Pup of Fire|Entei|67\/100\n|turn|24\n|\n|t:|1700178071\n|move|p2a: Pup of Fire|Sacred Fire|p1a: Hero\n|-supereffective|p1a: Hero\n|-damage|p1a: Hero|0 fnt\n|faint|p1a: Hero\n|\n|-heal|p2a: Pup of Fire|73\/100|[from] item: Leftovers\n|upkeep\n|c|\u2606zaw11|HAHA\n|\n|t:|1700178078\n|switch|p1a: Echo|Gengar, M|100\/100\n|-sideend|p1: TeeJayPlays|move: Toxic Spikes|[of] p1a: Echo\n|turn|25\n|\n|t:|1700178100\n|switch|p2a: Amongus|Amoonguss, F, shiny|67\/100\n|move|p1a: Echo|Nasty Plot|p1a: Echo\n|-boost|p1a: Echo|spa|2\n|\n|-heal|p2a: Amongus|73\/100|[from] item: Black Sludge\n|upkeep\n|turn|26\n|\n|t:|1700178108\n|move|p1a: Echo|Shadow Ball|p2a: Amongus\n|-crit|p2a: Amongus\n|-damage|p2a: Amongus|0 fnt\n|faint|p2a: Amongus\n|\n|upkeep\n|\n|t:|1700178115\n|switch|p2a: Mermaid|Milotic, M|89\/100\n|turn|27\n|c|\u2606TeeJayPlays|Haha\n|\n|t:|1700178128\n|move|p1a: Echo|Giga Drain|p2a: Mermaid\n|-supereffective|p2a: Mermaid\n|-damage|p2a: Mermaid|22\/100\n|move|p2a: Mermaid|Scald|p1a: Echo\n|-damage|p1a: Echo|53\/100\n|\n|-heal|p1a: Echo|59\/100|[from] item: Black Sludge\n|-heal|p2a: Mermaid|28\/100|[from] item: Leftovers\n|upkeep\n|turn|28\n|\n|t:|1700178139\n|move|p1a: Echo|Giga Drain|p2a: Mermaid\n|-supereffective|p2a: Mermaid\n|-damage|p2a: Mermaid|0 fnt\n|-heal|p1a: Echo|80\/100|[from] drain|[of] p2a: Mermaid\n|faint|p2a: Mermaid\n|\n|-heal|p1a: Echo|86\/100|[from] item: Black Sludge\n|upkeep\n|n|!zaw11|zaw11\n|\n|t:|1700178160\n|switch|p2a: Pup of Fire|Entei|73\/100\n|turn|29\n|\n|t:|1700178164\n|move|p2a: Pup of Fire|Protect|p2a: Pup of Fire\n|-singleturn|p2a: Pup of Fire|Protect\n|move|p1a: Echo|Shadow Ball|p2a: Pup of Fire\n|-activate|p2a: Pup of Fire|move: Protect\n|\n|-heal|p2a: Pup of Fire|79\/100|[from] item: Leftovers\n|-heal|p1a: Echo|92\/100|[from] item: Black Sludge\n|upkeep\n|turn|30\n|\n|t:|1700178174\n|move|p2a: Pup of Fire|Sacred Fire|p1a: Echo\n|-damage|p1a: Echo|0 fnt\n|faint|p1a: Echo\n|\n|-heal|p2a: Pup of Fire|86\/100|[from] item: Leftovers\n|upkeep\n|c|\u2606TeeJayPlays|Damn legendary\n|-message|TeeJayPlays forfeited.\n|\n|win|zaw11\n|raw|TeeJayPlays's rating: 1106 &rarr; <strong>1083<\/strong><br \/>(-23 for losing)\n|raw|zaw11's rating: 1136 &rarr; <strong>1159<\/strong><br \/>(+23 for winning)\n|l|\u2606TeeJayPlays\n","uploadtime":1700178148,"views":9,"p1id":"teejayplays","p2id":"zaw11","formatid":"gen9nationaldexubers","rating":1083,"private":0,"password":""}