{"id":"gen9nationaldexubers-1997573844","p1":"barki 66","p2":"JustMonika_CARR","format":"[Gen 9] National Dex Ubers","log":"|j|\u2606barki 66\n|j|\u2606JustMonika_CARR\n|t:|1700827599\n|gametype|singles\n|player|p1|barki 66|169|1354\n|player|p2|JustMonika_CARR|rosa|1338\n|teamsize|p1|6\n|teamsize|p2|6\n|gen|9\n|tier|[Gen 9] National Dex Ubers\n|rated|\n|rule|HP Percentage Mod: HP is shown in percentages\n|rule|Endless Battle Clause: Forcing endless battles is banned\n|rule|OHKO Clause: OHKO moves are banned\n|rule|Evasion Moves Clause: Evasion moves are banned\n|rule|Evasion Items Clause: Evasion items are banned\n|rule|Species Clause: Limit one of each Pok\u00e9mon\n|rule|Sleep Clause Mod: Limit one foe put to sleep\n|rule|Mega Rayquaza Clause: You cannot mega evolve Rayquaza\n|clearpoke\n|poke|p1|Eternatus|\n|poke|p1|Zacian-*|\n|poke|p1|Groudon|\n|poke|p1|Marshadow|\n|poke|p1|Lunala|\n|poke|p1|Corviknight, F|\n|poke|p2|Blaziken, F|\n|poke|p2|Pheromosa|\n|poke|p2|Gothitelle, F|\n|poke|p2|Deoxys-Speed|\n|poke|p2|Shuckle, M|\n|poke|p2|Durant, F|\n|teampreview\n|\n|t:|1700827603\n|start\n|switch|p1a: Eternatus|Eternatus|100\/100\n|switch|p2a: Deoxys|Deoxys-Speed, shiny|100\/100\n|-ability|p2a: Deoxys|Pressure\n|-ability|p1a: Eternatus|Pressure\n|turn|1\n|inactive|Battle timer is ON: inactive players will automatically lose when time's up. (requested by barki 66)\n|\n|t:|1700827624\n|switch|p1a: Corviknight|Corviknight, F|100\/100\n|-ability|p1a: Corviknight|Pressure\n|move|p2a: Deoxys|Light Screen|p2a: Deoxys\n|-sidestart|p2: JustMonika_CARR|move: Light Screen\n|\n|upkeep\n|turn|2\n|\n|t:|1700827632\n|move|p2a: Deoxys|Reflect|p2a: Deoxys\n|-sidestart|p2: JustMonika_CARR|Reflect\n|move|p1a: Corviknight|Iron Defense|p1a: Corviknight\n|-boost|p1a: Corviknight|def|2\n|\n|upkeep\n|turn|3\n|\n|t:|1700827636\n|move|p2a: Deoxys|Stealth Rock|p1a: Corviknight\n|-sidestart|p1: barki 66|move: Stealth Rock\n|move|p1a: Corviknight|Iron Defense|p1a: Corviknight\n|-boost|p1a: Corviknight|def|2\n|\n|upkeep\n|turn|4\n|\n|t:|1700827641\n|switch|p2a: Durant|Durant, F, shiny|100\/100\n|move|p1a: Corviknight|Iron Defense|p1a: Corviknight\n|-boost|p1a: Corviknight|def|2\n|\n|upkeep\n|turn|5\n|\n|t:|1700827650\n|move|p2a: Durant|Entrainment|p1a: Corviknight\n|-endability|p1a: Corviknight|Pressure|[from] move: Entrainment\n|-ability|p1a: Corviknight|Truant|[from] move: Entrainment\n|move|p1a: Corviknight|Defog|p2a: Durant\n|-unboost|p2a: Durant|evasion|1\n|-sideend|p2: JustMonika_CARR|Reflect\n|-sideend|p2: JustMonika_CARR|move: Light Screen\n|-sideend|p1: barki 66|Stealth Rock|[from] move: Defog|[of] p1a: Corviknight\n|\n|upkeep\n|turn|6\n|\n|t:|1700827671\n|switch|p2a: Deoxys|Deoxys-Speed, shiny|100\/100\n|-ability|p2a: Deoxys|Pressure\n|switch|p1a: Groudon|Groudon|100\/100\n|detailschange|p1a: Groudon|Groudon-Primal\n|-primal|p1a: Groudon|Red Orb\n|-weather|DesolateLand|[from] ability: Desolate Land|[of] p1a: Groudon\n|\n|-weather|DesolateLand|[upkeep]\n|upkeep\n|turn|7\n|\n|t:|1700827681\n|move|p2a: Deoxys|Reflect|p2a: Deoxys\n|-sidestart|p2: JustMonika_CARR|Reflect\n|move|p1a: Groudon|Rock Polish|p1a: Groudon\n|-boost|p1a: Groudon|spe|2\n|\n|-weather|DesolateLand|[upkeep]\n|upkeep\n|turn|8\n|\n|t:|1700827685\n|move|p2a: Deoxys|Toxic|p1a: Groudon\n|-status|p1a: Groudon|tox\n|move|p1a: Groudon|Substitute|p1a: Groudon\n|-start|p1a: Groudon|Substitute\n|-damage|p1a: Groudon|76\/100 tox\n|\n|-weather|DesolateLand|[upkeep]\n|-damage|p1a: Groudon|69\/100 tox|[from] psn\n|upkeep\n|turn|9\n|\n|t:|1700827690\n|move|p2a: Deoxys|Stealth Rock|p1a: Groudon\n|-sidestart|p1: barki 66|move: Stealth Rock\n|move|p1a: Groudon|Fire Punch|p2a: Deoxys\n|-damage|p2a: Deoxys|49\/100\n|\n|-weather|DesolateLand|[upkeep]\n|-damage|p1a: Groudon|57\/100 tox|[from] psn\n|upkeep\n|turn|10\n|\n|t:|1700827696\n|move|p2a: Deoxys|Light Screen|p2a: Deoxys\n|-sidestart|p2: JustMonika_CARR|move: Light Screen\n|move|p1a: Groudon|Fire Punch|p2a: Deoxys\n|-damage|p2a: Deoxys|2\/100\n|\n|-weather|DesolateLand|[upkeep]\n|-damage|p1a: Groudon|39\/100 tox|[from] psn\n|upkeep\n|turn|11\n|\n|t:|1700827701\n|move|p2a: Deoxys|Reflect||[still]\n|-fail|p2a: Deoxys\n|move|p1a: Groudon|Fire Punch|p2a: Deoxys\n|-damage|p2a: Deoxys|0 fnt\n|faint|p2a: Deoxys\n|\n|-weather|DesolateLand|[upkeep]\n|-damage|p1a: Groudon|14\/100 tox|[from] psn\n|upkeep\n|\n|t:|1700827705\n|switch|p2a: Blaziken|Blaziken, F, shiny|100\/100\n|turn|12\n|\n|t:|1700827713\n|detailschange|p2a: Blaziken|Blaziken-Mega, F, shiny\n|-mega|p2a: Blaziken|Blaziken|Blazikenite\n|move|p1a: Groudon|Earthquake|p2a: Blaziken\n|-supereffective|p2a: Blaziken\n|-damage|p2a: Blaziken|0 fnt\n|faint|p2a: Blaziken\n|\n|-weather|DesolateLand|[upkeep]\n|-damage|p1a: Groudon|0 fnt|[from] psn\n|faint|p1a: Groudon\n|-weather|none\n|upkeep\n|\n|t:|1700827723\n|switch|p2a: Shuckle|Shuckle, M, shiny|100\/100\n|switch|p1a: Corviknight|Corviknight, F|100\/100\n|-damage|p1a: Corviknight|88\/100|[from] Stealth Rock\n|-ability|p1a: Corviknight|Pressure\n|turn|13\n|\n|t:|1700827727\n|move|p1a: Corviknight|Defog|p2a: Shuckle\n|-boost|p2a: Shuckle|evasion|1\n|-sideend|p2: JustMonika_CARR|Reflect\n|-sideend|p2: JustMonika_CARR|move: Light Screen\n|-sideend|p1: barki 66|Stealth Rock|[from] move: Defog|[of] p1a: Corviknight\n|move|p2a: Shuckle|Infestation|p1a: Corviknight\n|-resisted|p1a: Corviknight\n|-damage|p1a: Corviknight|88\/100\n|-activate|p1a: Corviknight|move: Infestation|[of] p2a: Shuckle\n|\n|-heal|p1a: Corviknight|94\/100|[from] item: Leftovers\n|-damage|p1a: Corviknight|81\/100|[from] move: Infestation|[partiallytrapped]\n|upkeep\n|turn|14\n|\n|t:|1700827753\n|move|p1a: Corviknight|Iron Defense|p1a: Corviknight\n|-boost|p1a: Corviknight|def|2\n|move|p2a: Shuckle|Shell Smash|p2a: Shuckle\n|-boost|p2a: Shuckle|def|1\n|-boost|p2a: Shuckle|spd|1\n|-unboost|p2a: Shuckle|atk|2\n|-unboost|p2a: Shuckle|spa|2\n|-unboost|p2a: Shuckle|spe|2\n|\n|-heal|p1a: Corviknight|88\/100|[from] item: Leftovers\n|-damage|p1a: Corviknight|75\/100|[from] move: Infestation|[partiallytrapped]\n|upkeep\n|turn|15\n|\n|t:|1700827767\n|move|p1a: Corviknight|Brave Bird|p2a: Shuckle\n|-damage|p2a: Shuckle|84\/100\n|-damage|p1a: Corviknight|72\/100|[from] Recoil\n|move|p2a: Shuckle|Shell Smash|p2a: Shuckle\n|-boost|p2a: Shuckle|def|1\n|-boost|p2a: Shuckle|spd|1\n|-unboost|p2a: Shuckle|atk|2\n|-unboost|p2a: Shuckle|spa|2\n|-unboost|p2a: Shuckle|spe|2\n|\n|-heal|p1a: Corviknight|78\/100|[from] item: Leftovers\n|-damage|p1a: Corviknight|66\/100|[from] move: Infestation|[partiallytrapped]\n|upkeep\n|turn|16\n|\n|t:|1700827775\n|move|p1a: Corviknight|Brave Bird|p2a: Shuckle\n|-damage|p2a: Shuckle|72\/100\n|-damage|p1a: Corviknight|63\/100|[from] Recoil\n|move|p2a: Shuckle|Shell Smash|p2a: Shuckle\n|-boost|p2a: Shuckle|def|1\n|-boost|p2a: Shuckle|spd|1\n|-unboost|p2a: Shuckle|atk|2\n|-unboost|p2a: Shuckle|spa|2\n|-unboost|p2a: Shuckle|spe|2\n|\n|-heal|p1a: Corviknight|70\/100|[from] item: Leftovers\n|-damage|p1a: Corviknight|57\/100|[from] move: Infestation|[partiallytrapped]\n|upkeep\n|turn|17\n|\n|t:|1700827784\n|move|p1a: Corviknight|Brave Bird|p2a: Shuckle\n|-damage|p2a: Shuckle|63\/100\n|-damage|p1a: Corviknight|56\/100|[from] Recoil\n|move|p2a: Shuckle|Shell Smash|p2a: Shuckle\n|-boost|p2a: Shuckle|def|1\n|-boost|p2a: Shuckle|spd|1\n|-unboost|p2a: Shuckle|atk|0\n|-unboost|p2a: Shuckle|spa|0\n|-unboost|p2a: Shuckle|spe|0\n|\n|-heal|p1a: Corviknight|62\/100|[from] item: Leftovers\n|-damage|p1a: Corviknight|49\/100|[from] move: Infestation|[partiallytrapped]\n|upkeep\n|turn|18\n|\n|t:|1700827795\n|move|p1a: Corviknight|Roost|p1a: Corviknight\n|-heal|p1a: Corviknight|99\/100\n|-singleturn|p1a: Corviknight|move: Roost\n|move|p2a: Shuckle|Shell Smash|p2a: Shuckle\n|-boost|p2a: Shuckle|def|1\n|-boost|p2a: Shuckle|spd|1\n|-unboost|p2a: Shuckle|atk|0\n|-unboost|p2a: Shuckle|spa|0\n|-unboost|p2a: Shuckle|spe|0\n|\n|-heal|p1a: Corviknight|100\/100|[from] item: Leftovers\n|-end|p1a: Corviknight|Infestation|[partiallytrapped]\n|upkeep\n|turn|19\n|\n|t:|1700827801\n|move|p1a: Corviknight|Brave Bird|p2a: Shuckle|[miss]\n|-miss|p1a: Corviknight|p2a: Shuckle\n|move|p2a: Shuckle|Infestation|p1a: Corviknight\n|-resisted|p1a: Corviknight\n|-damage|p1a: Corviknight|99\/100\n|-activate|p1a: Corviknight|move: Infestation|[of] p2a: Shuckle\n|\n|-heal|p1a: Corviknight|100\/100|[from] item: Leftovers\n|-damage|p1a: Corviknight|88\/100|[from] move: Infestation|[partiallytrapped]\n|upkeep\n|turn|20\n|\n|t:|1700827807\n|move|p1a: Corviknight|Defog|p2a: Shuckle\n|-boost|p2a: Shuckle|evasion|1\n|move|p2a: Shuckle|Shell Smash|p2a: Shuckle\n|-boost|p2a: Shuckle|def|1\n|-boost|p2a: Shuckle|spd|1\n|-unboost|p2a: Shuckle|atk|0\n|-unboost|p2a: Shuckle|spa|0\n|-unboost|p2a: Shuckle|spe|0\n|\n|-heal|p1a: Corviknight|94\/100|[from] item: Leftovers\n|-damage|p1a: Corviknight|82\/100|[from] move: Infestation|[partiallytrapped]\n|upkeep\n|turn|21\n|\n|t:|1700827810\n|move|p1a: Corviknight|Defog|p2a: Shuckle\n|-boost|p2a: Shuckle|evasion|1\n|move|p2a: Shuckle|Shell Smash|p2a: Shuckle\n|-boost|p2a: Shuckle|def|0\n|-boost|p2a: Shuckle|spd|0\n|-unboost|p2a: Shuckle|atk|0\n|-unboost|p2a: Shuckle|spa|0\n|-unboost|p2a: Shuckle|spe|0\n|\n|-heal|p1a: Corviknight|88\/100|[from] item: Leftovers\n|-damage|p1a: Corviknight|75\/100|[from] move: Infestation|[partiallytrapped]\n|upkeep\n|turn|22\n|\n|t:|1700827816\n|move|p1a: Corviknight|Defog|p2a: Shuckle\n|-boost|p2a: Shuckle|evasion|1\n|move|p2a: Shuckle|Infestation|p1a: Corviknight\n|-resisted|p1a: Corviknight\n|-damage|p1a: Corviknight|75\/100\n|\n|-heal|p1a: Corviknight|81\/100|[from] item: Leftovers\n|-damage|p1a: Corviknight|69\/100|[from] move: Infestation|[partiallytrapped]\n|upkeep\n|turn|23\n|c|\u2606barki 66|oh lol\n|\n|t:|1700827826\n|move|p1a: Corviknight|Brave Bird|p2a: Shuckle|[miss]\n|-miss|p1a: Corviknight|p2a: Shuckle\n|move|p2a: Shuckle|Infestation|p1a: Corviknight\n|-resisted|p1a: Corviknight\n|-damage|p1a: Corviknight|69\/100\n|\n|-heal|p1a: Corviknight|75\/100|[from] item: Leftovers\n|-end|p1a: Corviknight|Infestation|[partiallytrapped]\n|upkeep\n|turn|24\n|\n|t:|1700827830\n|move|p1a: Corviknight|Brave Bird|p2a: Shuckle|[miss]\n|-miss|p1a: Corviknight|p2a: Shuckle\n|move|p2a: Shuckle|Infestation|p1a: Corviknight\n|-resisted|p1a: Corviknight\n|-damage|p1a: Corviknight|75\/100\n|-activate|p1a: Corviknight|move: Infestation|[of] p2a: Shuckle\n|\n|-heal|p1a: Corviknight|81\/100|[from] item: Leftovers\n|-damage|p1a: Corviknight|68\/100|[from] move: Infestation|[partiallytrapped]\n|upkeep\n|turn|25\n|c|\u2606JustMonika_CARR|?\n|c|\u2606barki 66|it has contrary\n|c|\u2606barki 66|wasnt paiyng attention\n|\n|t:|1700827856\n|move|p1a: Corviknight|Brave Bird|p2a: Shuckle|[miss]\n|-miss|p1a: Corviknight|p2a: Shuckle\n|move|p2a: Shuckle|Shell Smash|p2a: Shuckle\n|-boost|p2a: Shuckle|def|0\n|-boost|p2a: Shuckle|spd|0\n|-unboost|p2a: Shuckle|atk|0\n|-unboost|p2a: Shuckle|spa|0\n|-unboost|p2a: Shuckle|spe|0\n|\n|-heal|p1a: Corviknight|75\/100|[from] item: Leftovers\n|-damage|p1a: Corviknight|62\/100|[from] move: Infestation|[partiallytrapped]\n|upkeep\n|turn|26\n|c|\u2606JustMonika_CARR|Lol\n|c|\u2606barki 66|man they should end these 100 turn fights\n|inactive|barki 66 has 120 seconds left.\n|\n|t:|1700827871\n|move|p1a: Corviknight|Brave Bird|p2a: Shuckle\n|-damage|p2a: Shuckle|57\/100\n|-damage|p1a: Corviknight|61\/100|[from] Recoil\n|move|p2a: Shuckle|Shell Smash|p2a: Shuckle\n|-boost|p2a: Shuckle|def|0\n|-boost|p2a: Shuckle|spd|0\n|-unboost|p2a: Shuckle|atk|0\n|-unboost|p2a: Shuckle|spa|0\n|-unboost|p2a: Shuckle|spe|0\n|\n|-heal|p1a: Corviknight|67\/100|[from] item: Leftovers\n|-damage|p1a: Corviknight|55\/100|[from] move: Infestation|[partiallytrapped]\n|upkeep\n|turn|27\n|\n|t:|1700827879\n|move|p1a: Corviknight|Brave Bird|p2a: Shuckle\n|-damage|p2a: Shuckle|50\/100\n|-damage|p1a: Corviknight|53\/100|[from] Recoil\n|move|p2a: Shuckle|Shell Smash|p2a: Shuckle\n|-boost|p2a: Shuckle|def|0\n|-boost|p2a: Shuckle|spd|0\n|-unboost|p2a: Shuckle|atk|0\n|-unboost|p2a: Shuckle|spa|0\n|-unboost|p2a: Shuckle|spe|0\n|\n|-heal|p1a: Corviknight|60\/100|[from] item: Leftovers\n|-damage|p1a: Corviknight|47\/100|[from] move: Infestation|[partiallytrapped]\n|upkeep\n|turn|28\n|\n|t:|1700827892\n|move|p1a: Corviknight|Brave Bird|p2a: Shuckle|[miss]\n|-miss|p1a: Corviknight|p2a: Shuckle\n|move|p2a: Shuckle|Shell Smash|p2a: Shuckle\n|-boost|p2a: Shuckle|def|0\n|-boost|p2a: Shuckle|spd|0\n|-unboost|p2a: Shuckle|atk|0\n|-unboost|p2a: Shuckle|spa|0\n|-unboost|p2a: Shuckle|spe|0\n|\n|-heal|p1a: Corviknight|53\/100|[from] item: Leftovers\n|-damage|p1a: Corviknight|41\/100|[from] move: Infestation|[partiallytrapped]\n|upkeep\n|turn|29\n|\n|t:|1700827906\n|move|p1a: Corviknight|Roost|p1a: Corviknight\n|-heal|p1a: Corviknight|91\/100\n|-singleturn|p1a: Corviknight|move: Roost\n|move|p2a: Shuckle|Shell Smash|p2a: Shuckle\n|-boost|p2a: Shuckle|def|0\n|-boost|p2a: Shuckle|spd|0\n|-unboost|p2a: Shuckle|atk|0\n|-unboost|p2a: Shuckle|spa|0\n|-unboost|p2a: Shuckle|spe|0\n|\n|-heal|p1a: Corviknight|97\/100|[from] item: Leftovers\n|-end|p1a: Corviknight|Infestation|[partiallytrapped]\n|upkeep\n|turn|30\n|\n|t:|1700827917\n|move|p1a: Corviknight|Brave Bird|p2a: Shuckle\n|-damage|p2a: Shuckle|44\/100\n|-damage|p1a: Corviknight|96\/100|[from] Recoil\n|move|p2a: Shuckle|Infestation|p1a: Corviknight\n|-resisted|p1a: Corviknight\n|-damage|p1a: Corviknight|96\/100\n|-activate|p1a: Corviknight|move: Infestation|[of] p2a: Shuckle\n|\n|-heal|p1a: Corviknight|100\/100|[from] item: Leftovers\n|-damage|p1a: Corviknight|88\/100|[from] move: Infestation|[partiallytrapped]\n|upkeep\n|turn|31\n|\n|t:|1700827919\n|move|p1a: Corviknight|Brave Bird|p2a: Shuckle|[miss]\n|-miss|p1a: Corviknight|p2a: Shuckle\n|move|p2a: Shuckle|Shell Smash|p2a: Shuckle\n|-boost|p2a: Shuckle|def|0\n|-boost|p2a: Shuckle|spd|0\n|-unboost|p2a: Shuckle|atk|0\n|-unboost|p2a: Shuckle|spa|0\n|-unboost|p2a: Shuckle|spe|0\n|\n|-heal|p1a: Corviknight|94\/100|[from] item: Leftovers\n|-damage|p1a: Corviknight|82\/100|[from] move: Infestation|[partiallytrapped]\n|upkeep\n|turn|32\n|\n|t:|1700827922\n|move|p1a: Corviknight|Brave Bird|p2a: Shuckle|[miss]\n|-miss|p1a: Corviknight|p2a: Shuckle\n|move|p2a: Shuckle|Shell Smash|p2a: Shuckle\n|-boost|p2a: Shuckle|def|0\n|-boost|p2a: Shuckle|spd|0\n|-unboost|p2a: Shuckle|atk|0\n|-unboost|p2a: Shuckle|spa|0\n|-unboost|p2a: Shuckle|spe|0\n|\n|-heal|p1a: Corviknight|88\/100|[from] item: Leftovers\n|-damage|p1a: Corviknight|75\/100|[from] move: Infestation|[partiallytrapped]\n|upkeep\n|turn|33\n|\n|t:|1700827929\n|move|p1a: Corviknight|Brave Bird|p2a: Shuckle|[miss]\n|-miss|p1a: Corviknight|p2a: Shuckle\n|move|p2a: Shuckle|Shell Smash|p2a: Shuckle\n|-boost|p2a: Shuckle|def|0\n|-boost|p2a: Shuckle|spd|0\n|-unboost|p2a: Shuckle|atk|0\n|-unboost|p2a: Shuckle|spa|0\n|-unboost|p2a: Shuckle|spe|0\n|\n|-heal|p1a: Corviknight|82\/100|[from] item: Leftovers\n|-damage|p1a: Corviknight|69\/100|[from] move: Infestation|[partiallytrapped]\n|upkeep\n|turn|34\n|\n|t:|1700827933\n|move|p1a: Corviknight|Brave Bird|p2a: Shuckle\n|-damage|p2a: Shuckle|38\/100\n|-damage|p1a: Corviknight|68\/100|[from] Recoil\n|move|p2a: Shuckle|Shell Smash|p2a: Shuckle\n|-boost|p2a: Shuckle|def|0\n|-boost|p2a: Shuckle|spd|0\n|-unboost|p2a: Shuckle|atk|0\n|-unboost|p2a: Shuckle|spa|0\n|-unboost|p2a: Shuckle|spe|0\n|\n|-heal|p1a: Corviknight|74\/100|[from] item: Leftovers\n|-end|p1a: Corviknight|Infestation|[partiallytrapped]\n|upkeep\n|turn|35\n|\n|t:|1700827942\n|move|p1a: Corviknight|Brave Bird|p2a: Shuckle|[miss]\n|-miss|p1a: Corviknight|p2a: Shuckle\n|move|p2a: Shuckle|Infestation|p1a: Corviknight\n|-resisted|p1a: Corviknight\n|-crit|p1a: Corviknight\n|-damage|p1a: Corviknight|74\/100\n|-activate|p1a: Corviknight|move: Infestation|[of] p2a: Shuckle\n|\n|-heal|p1a: Corviknight|80\/100|[from] item: Leftovers\n|-damage|p1a: Corviknight|67\/100|[from] move: Infestation|[partiallytrapped]\n|upkeep\n|turn|36\n|\n|t:|1700827951\n|move|p1a: Corviknight|Brave Bird|p2a: Shuckle\n|-damage|p2a: Shuckle|32\/100\n|-damage|p1a: Corviknight|66\/100|[from] Recoil\n|move|p2a: Shuckle|Shell Smash|p2a: Shuckle\n|-boost|p2a: Shuckle|def|0\n|-boost|p2a: Shuckle|spd|0\n|-unboost|p2a: Shuckle|atk|0\n|-unboost|p2a: Shuckle|spa|0\n|-unboost|p2a: Shuckle|spe|0\n|\n|-heal|p1a: Corviknight|73\/100|[from] item: Leftovers\n|-damage|p1a: Corviknight|60\/100|[from] move: Infestation|[partiallytrapped]\n|upkeep\n|turn|37\n|\n|t:|1700827957\n|move|p1a: Corviknight|Brave Bird|p2a: Shuckle|[miss]\n|-miss|p1a: Corviknight|p2a: Shuckle\n|move|p2a: Shuckle|Shell Smash|p2a: Shuckle\n|-boost|p2a: Shuckle|def|0\n|-boost|p2a: Shuckle|spd|0\n|-unboost|p2a: Shuckle|atk|0\n|-unboost|p2a: Shuckle|spa|0\n|-unboost|p2a: Shuckle|spe|0\n|\n|-heal|p1a: Corviknight|66\/100|[from] item: Leftovers\n|-damage|p1a: Corviknight|54\/100|[from] move: Infestation|[partiallytrapped]\n|upkeep\n|turn|38\n|\n|t:|1700827968\n|move|p1a: Corviknight|Brave Bird|p2a: Shuckle\n|-damage|p2a: Shuckle|27\/100\n|-damage|p1a: Corviknight|53\/100|[from] Recoil\n|move|p2a: Shuckle|Shell Smash|p2a: Shuckle\n|-boost|p2a: Shuckle|def|0\n|-boost|p2a: Shuckle|spd|0\n|-unboost|p2a: Shuckle|atk|0\n|-unboost|p2a: Shuckle|spa|0\n|-unboost|p2a: Shuckle|spe|0\n|\n|-heal|p1a: Corviknight|59\/100|[from] item: Leftovers\n|-damage|p1a: Corviknight|47\/100|[from] move: Infestation|[partiallytrapped]\n|upkeep\n|turn|39\n|\n|t:|1700827982\n|move|p1a: Corviknight|Brave Bird|p2a: Shuckle\n|-damage|p2a: Shuckle|20\/100\n|-damage|p1a: Corviknight|45\/100|[from] Recoil\n|move|p2a: Shuckle|Rest|p2a: Shuckle\n|-status|p2a: Shuckle|slp|[from] move: Rest\n|-heal|p2a: Shuckle|100\/100 slp|[silent]\n|-enditem|p2a: Shuckle|Chesto Berry|[eat]\n|-curestatus|p2a: Shuckle|slp|[msg]\n|\n|-heal|p1a: Corviknight|52\/100|[from] item: Leftovers\n|-damage|p1a: Corviknight|39\/100|[from] move: Infestation|[partiallytrapped]\n|upkeep\n|turn|40\n|\n|t:|1700827990\n|move|p1a: Corviknight|Brave Bird|p2a: Shuckle|[miss]\n|-miss|p1a: Corviknight|p2a: Shuckle\n|move|p2a: Shuckle|Shell Smash|p2a: Shuckle\n|-boost|p2a: Shuckle|def|0\n|-boost|p2a: Shuckle|spd|0\n|-unboost|p2a: Shuckle|atk|0\n|-unboost|p2a: Shuckle|spa|0\n|-unboost|p2a: Shuckle|spe|0\n|\n|-heal|p1a: Corviknight|45\/100|[from] item: Leftovers\n|-end|p1a: Corviknight|Infestation|[partiallytrapped]\n|upkeep\n|turn|41\n|c|\u2606barki 66|bro\n|c|\u2606barki 66|are you actually enjoying this?\n|\n|t:|1700828017\n|switch|p1a: Zacian|Zacian-Crowned|100\/100\n|-ability|p1a: Zacian|Intrepid Sword|boost\n|-boost|p1a: Zacian|atk|1\n|move|p2a: Shuckle|Infestation|p1a: Zacian\n|-resisted|p1a: Zacian\n|-damage|p1a: Zacian|99\/100\n|-activate|p1a: Zacian|move: Infestation|[of] p2a: Shuckle\n|\n|-damage|p1a: Zacian|88\/100|[from] move: Infestation|[partiallytrapped]\n|upkeep\n|turn|42\n|\n|t:|1700828027\n|move|p1a: Zacian|Behemoth Blade|p2a: Shuckle|[miss]\n|-miss|p1a: Zacian|p2a: Shuckle\n|move|p2a: Shuckle|Toxic|p1a: Zacian\n|-immune|p1a: Zacian\n|\n|-damage|p1a: Zacian|76\/100|[from] move: Infestation|[partiallytrapped]\n|upkeep\n|turn|43\n|\n|t:|1700828031\n|move|p1a: Zacian|Swords Dance|p1a: Zacian\n|-boost|p1a: Zacian|atk|2\n|move|p2a: Shuckle|Toxic|p1a: Zacian\n|-immune|p1a: Zacian\n|\n|-damage|p1a: Zacian|63\/100|[from] move: Infestation|[partiallytrapped]\n|upkeep\n|turn|44\n|\n|t:|1700828036\n|move|p1a: Zacian|Swords Dance|p1a: Zacian\n|-boost|p1a: Zacian|atk|2\n|move|p2a: Shuckle|Toxic|p1a: Zacian\n|-immune|p1a: Zacian\n|\n|-damage|p1a: Zacian|51\/100|[from] move: Infestation|[partiallytrapped]\n|upkeep\n|turn|45\n|\n|t:|1700828040\n|move|p1a: Zacian|Behemoth Blade|p2a: Shuckle|[miss]\n|-miss|p1a: Zacian|p2a: Shuckle\n|move|p2a: Shuckle|Toxic|p1a: Zacian\n|-immune|p1a: Zacian\n|\n|-end|p1a: Zacian|Infestation|[partiallytrapped]\n|upkeep\n|turn|46\n|\n|t:|1700828044\n|move|p1a: Zacian|Behemoth Blade|p2a: Shuckle\n|-supereffective|p2a: Shuckle\n|-damage|p2a: Shuckle|33\/100\n|move|p2a: Shuckle|Infestation|p1a: Zacian\n|-resisted|p1a: Zacian\n|-damage|p1a: Zacian|51\/100\n|-activate|p1a: Zacian|move: Infestation|[of] p2a: Shuckle\n|\n|-damage|p1a: Zacian|38\/100|[from] move: Infestation|[partiallytrapped]\n|upkeep\n|turn|47\n|\n|t:|1700828051\n|move|p1a: Zacian|Behemoth Blade|p2a: Shuckle|[miss]\n|-miss|p1a: Zacian|p2a: Shuckle\n|move|p2a: Shuckle|Rest|p2a: Shuckle\n|-status|p2a: Shuckle|slp|[from] move: Rest\n|-heal|p2a: Shuckle|100\/100 slp|[silent]\n|\n|-damage|p1a: Zacian|26\/100|[from] move: Infestation|[partiallytrapped]\n|upkeep\n|turn|48\n|\n|t:|1700828057\n|move|p1a: Zacian|Behemoth Blade|p2a: Shuckle|[miss]\n|-miss|p1a: Zacian|p2a: Shuckle\n|cant|p2a: Shuckle|slp\n|\n|-damage|p1a: Zacian|14\/100|[from] move: Infestation|[partiallytrapped]\n|upkeep\n|turn|49\n|\n|t:|1700828063\n|move|p1a: Zacian|Behemoth Blade|p2a: Shuckle|[miss]\n|-miss|p1a: Zacian|p2a: Shuckle\n|cant|p2a: Shuckle|slp\n|\n|-damage|p1a: Zacian|1\/100|[from] move: Infestation|[partiallytrapped]\n|upkeep\n|turn|50\n|\n|t:|1700828070\n|move|p1a: Zacian|Behemoth Blade|p2a: Shuckle|[miss]\n|-miss|p1a: Zacian|p2a: Shuckle\n|-curestatus|p2a: Shuckle|slp|[msg]\n|move|p2a: Shuckle|Infestation|p1a: Zacian\n|-resisted|p1a: Zacian\n|-damage|p1a: Zacian|1\/100\n|\n|-end|p1a: Zacian|Infestation|[partiallytrapped]\n|upkeep\n|turn|51\n|\n|t:|1700828080\n|move|p1a: Zacian|Behemoth Blade|p2a: Shuckle|[miss]\n|-miss|p1a: Zacian|p2a: Shuckle\n|move|p2a: Shuckle|Infestation|p1a: Zacian\n|-resisted|p1a: Zacian\n|-damage|p1a: Zacian|1\/100\n|-activate|p1a: Zacian|move: Infestation|[of] p2a: Shuckle\n|\n|-damage|p1a: Zacian|0 fnt|[from] move: Infestation|[partiallytrapped]\n|faint|p1a: Zacian\n|upkeep\n|\n|t:|1700828086\n|switch|p1a: Marshadow|Marshadow|100\/100\n|turn|52\n|c|\u2606JustMonika_CARR|Well, i like stall\n|\n|t:|1700828094\n|-terastallize|p2a: Shuckle|Normal\n|move|p1a: Marshadow|Spectral Thief|p2a: Shuckle\n|-immune|p2a: Shuckle\n|move|p2a: Shuckle|Toxic|p1a: Marshadow\n|-status|p1a: Marshadow|tox\n|\n|-damage|p1a: Marshadow|94\/100 tox|[from] psn\n|upkeep\n|turn|53\n|\n|t:|1700828104\n|move|p1a: Marshadow|Force Palm|p2a: Shuckle|[miss]\n|-miss|p1a: Marshadow|p2a: Shuckle\n|move|p2a: Shuckle|Infestation|p1a: Marshadow\n|-resisted|p1a: Marshadow\n|-damage|p1a: Marshadow|94\/100 tox\n|-activate|p1a: Marshadow|move: Infestation|[of] p2a: Shuckle\n|\n|-damage|p1a: Marshadow|82\/100 tox|[from] psn\n|-damage|p1a: Marshadow|69\/100 tox|[from] move: Infestation|[partiallytrapped]\n|upkeep\n|turn|54\n|\n|t:|1700828114\n|move|p1a: Marshadow|Force Palm|p2a: Shuckle|[miss]\n|-miss|p1a: Marshadow|p2a: Shuckle\n|move|p2a: Shuckle|Toxic|p1a: Marshadow\n|-fail|p1a: Marshadow|tox\n|\n|-damage|p1a: Marshadow|50\/100 tox|[from] psn\n|-damage|p1a: Marshadow|38\/100 tox|[from] move: Infestation|[partiallytrapped]\n|upkeep\n|turn|55\n|\n|t:|1700828117\n|move|p1a: Marshadow|Force Palm|p2a: Shuckle|[miss]\n|-miss|p1a: Marshadow|p2a: Shuckle\n|move|p2a: Shuckle|Toxic|p1a: Marshadow|[miss]\n|-miss|p2a: Shuckle|p1a: Marshadow\n|\n|-damage|p1a: Marshadow|13\/100 tox|[from] psn\n|-damage|p1a: Marshadow|1\/100 tox|[from] move: Infestation|[partiallytrapped]\n|upkeep\n|turn|56\n|\n|t:|1700828120\n|move|p1a: Marshadow|Force Palm|p2a: Shuckle\n|-supereffective|p2a: Shuckle\n|-damage|p2a: Shuckle|84\/100\n|-status|p2a: Shuckle|par\n|move|p2a: Shuckle|Toxic|p1a: Marshadow\n|-fail|p1a: Marshadow|tox\n|\n|-damage|p1a: Marshadow|0 fnt|[from] psn\n|faint|p1a: Marshadow\n|upkeep\n|c|\u2606JustMonika_CARR|Hoho\n|c|\u2606JustMonika_CARR|Nice one\n|-message|barki 66 forfeited.\n|\n|win|JustMonika_CARR\n|raw|barki 66's rating: 1354 &rarr; <strong>1333<\/strong><br \/>(-21 for losing)\n|raw|JustMonika_CARR's rating: 1338 &rarr; <strong>1359<\/strong><br \/>(+21 for winning)\n|l|\u2606barki 66\n","uploadtime":1700828144,"views":1,"p1id":"barki66","p2id":"justmonikacarr","formatid":"gen9nationaldexubers","rating":1333,"private":0,"password":""}