{"id":"gen9nationaldexubers-1990948303","p1":"TheNed050","p2":"JOUUU","format":"[Gen 9] National Dex Ubers","log":"|j|\u2606TheNed050\n|j|\u2606JOUUU\n|t:|1700018534\n|gametype|singles\n|player|p1|TheNed050|red|\n|player|p2|JOUUU|youngster|\n|teamsize|p1|4\n|teamsize|p2|6\n|gen|9\n|tier|[Gen 9] National Dex Ubers\n|rule|HP Percentage Mod: HP is shown in percentages\n|rule|Endless Battle Clause: Forcing endless battles is banned\n|rule|OHKO Clause: OHKO moves are banned\n|rule|Evasion Moves Clause: Evasion moves are banned\n|rule|Evasion Items Clause: Evasion items are banned\n|rule|Species Clause: Limit one of each Pok\u00e9mon\n|rule|Sleep Clause Mod: Limit one foe put to sleep\n|rule|Mega Rayquaza Clause: You cannot mega evolve Rayquaza\n|clearpoke\n|poke|p1|Aegislash, L38, M|\n|poke|p1|Empoleon, L38, M|\n|poke|p1|Magnezone, L38|\n|poke|p1|Scizor, L38, M|\n|poke|p2|Eelektross, L38, M|\n|poke|p2|Excadrill, L38, M|\n|poke|p2|Venusaur, L38, F|\n|poke|p2|Mimikyu, L38, F|\n|poke|p2|Milotic, L38, F|\n|poke|p2|Arctibax, L38, M|\n|teampreview\n|\n|t:|1700018551\n|start\n|switch|p1a: Chuck|Empoleon, L38, M|100\/100\n|switch|p2a: Narizon|Excadrill, L38, M|100\/100\n|turn|1\n|\n|t:|1700018562\n|-terastallize|p2a: Narizon|Grass\n|move|p2a: Narizon|Iron Defense|p2a: Narizon\n|-boost|p2a: Narizon|def|2\n|move|p1a: Chuck|Earthquake|p2a: Narizon\n|-resisted|p2a: Narizon\n|-damage|p2a: Narizon|94\/100\n|\n|-heal|p2a: Narizon|99\/100|[from] item: Leftovers\n|upkeep\n|turn|2\n|\n|t:|1700018574\n|move|p2a: Narizon|Hone Claws|p2a: Narizon\n|-boost|p2a: Narizon|atk|1\n|-boost|p2a: Narizon|accuracy|1\n|move|p1a: Chuck|Ice Beam|p2a: Narizon\n|-supereffective|p2a: Narizon\n|-damage|p2a: Narizon|33\/100\n|\n|-heal|p2a: Narizon|39\/100|[from] item: Leftovers\n|upkeep\n|turn|3\n|\n|t:|1700018585\n|move|p2a: Narizon|Brick Break|p1a: Chuck\n|-supereffective|p1a: Chuck\n|-crit|p1a: Chuck\n|-enditem|p1a: Chuck|Focus Sash\n|-damage|p1a: Chuck|1\/100\n|move|p1a: Chuck|Ice Beam|p2a: Narizon\n|-supereffective|p2a: Narizon\n|-damage|p2a: Narizon|0 fnt\n|faint|p2a: Narizon\n|\n|upkeep\n|\n|t:|1700018604\n|switch|p2a: Vergota|Eelektross, L38, M|100\/100\n|turn|4\n|\n|t:|1700018620\n|move|p2a: Vergota|Bulk Up|p2a: Vergota\n|-boost|p2a: Vergota|atk|1\n|-boost|p2a: Vergota|def|1\n|move|p1a: Chuck|Earthquake|p2a: Vergota\n|-immune|p2a: Vergota|[from] ability: Levitate\n|\n|upkeep\n|turn|5\n|\n|t:|1700018631\n|move|p1a: Chuck|Toxic|p2a: Vergota\n|-status|p2a: Vergota|tox\n|move|p2a: Vergota|Discharge|p1a: Chuck\n|-supereffective|p1a: Chuck\n|-damage|p1a: Chuck|0 fnt\n|faint|p1a: Chuck\n|\n|-damage|p2a: Vergota|94\/100 tox|[from] psn\n|upkeep\n|\n|t:|1700018643\n|switch|p1a: Izi.|Scizor, L38, M|100\/100\n|turn|6\n|\n|t:|1700018650\n|move|p1a: Izi.|Psycho Cut|p2a: Vergota\n|-crit|p2a: Vergota\n|-damage|p2a: Vergota|14\/100 tox\n|move|p2a: Vergota|Brick Break|p1a: Izi.\n|-damage|p1a: Izi.|61\/100\n|\n|-heal|p2a: Vergota|20\/100 tox|[from] item: Leftovers\n|-damage|p2a: Vergota|8\/100 tox|[from] psn\n|upkeep\n|turn|7\n|\n|t:|1700018664\n|switch|p2a: Martha|Milotic, L38, F, shiny|100\/100\n|move|p1a: Izi.|Psycho Cut|p2a: Martha\n|-crit|p2a: Martha\n|-damage|p2a: Martha|30\/100\n|\n|-heal|p2a: Martha|36\/100|[from] item: Leftovers\n|upkeep\n|turn|8\n|\n|t:|1700018675\n|move|p2a: Martha|Aqua Tail|p1a: Izi.\n|-damage|p1a: Izi.|30\/100\n|move|p1a: Izi.|Psycho Cut|p2a: Martha\n|-damage|p2a: Martha|0 fnt\n|faint|p2a: Martha\n|\n|upkeep\n|\n|t:|1700018685\n|switch|p2a: Vergota|Eelektross, L38, M|8\/100 tox\n|turn|9\n|\n|t:|1700018690\n|move|p1a: Izi.|Psycho Cut|p2a: Vergota\n|-damage|p2a: Vergota|0 fnt\n|faint|p2a: Vergota\n|\n|upkeep\n|\n|t:|1700018697\n|switch|p2a: Marihuana|Venusaur, L38, F|100\/100\n|turn|10\n|\n|t:|1700018704\n|move|p2a: Marihuana|Earth Power|p1a: Izi.\n|-damage|p1a: Izi.|0 fnt\n|faint|p1a: Izi.\n|-damage|p2a: Marihuana|91\/100|[from] item: Life Orb\n|\n|upkeep\n|\n|t:|1700018710\n|switch|p1a: Excalibur|Aegislash, L38, M, shiny|100\/100\n|turn|11\n|\n|t:|1700018716\n|move|p2a: Marihuana|Light Screen|p2a: Marihuana\n|-sidestart|p2: JOUUU|move: Light Screen\n|move|p1a: Excalibur|Swords Dance|p1a: Excalibur\n|-boost|p1a: Excalibur|atk|2\n|\n|upkeep\n|turn|12\n|\n|t:|1700018727\n|move|p1a: Excalibur|King's Shield|p1a: Excalibur\n|-singleturn|p1a: Excalibur|Protect\n|move|p2a: Marihuana|Energy Ball|p1a: Excalibur\n|-activate|p1a: Excalibur|move: Protect\n|\n|upkeep\n|turn|13\n|\n|t:|1700018736\n|move|p2a: Marihuana|Giga Drain|p1a: Excalibur\n|-resisted|p1a: Excalibur\n|-damage|p1a: Excalibur|81\/100\n|-heal|p2a: Marihuana|100\/100|[from] drain|[of] p1a: Excalibur\n|-damage|p2a: Marihuana|91\/100|[from] item: Life Orb\n|move|p1a: Excalibur|Swords Dance|p1a: Excalibur\n|-boost|p1a: Excalibur|atk|2\n|\n|upkeep\n|turn|14\n|\n|t:|1700018749\n|move|p2a: Marihuana|Earth Power|p1a: Excalibur\n|-supereffective|p1a: Excalibur\n|-damage|p1a: Excalibur|31\/100\n|-unboost|p1a: Excalibur|spd|1\n|-damage|p2a: Marihuana|81\/100|[from] item: Life Orb\n|-formechange|p1a: Excalibur|Aegislash-Blade||[from] ability: Stance Change\n|move|p1a: Excalibur|Sacred Sword|p2a: Marihuana\n|-resisted|p2a: Marihuana\n|-damage|p2a: Marihuana|0 fnt\n|faint|p2a: Marihuana\n|-damage|p1a: Excalibur|21\/100|[from] item: Life Orb\n|\n|upkeep\n|\n|t:|1700018765\n|switch|p2a: Trapo de cocina|Mimikyu, L38, F|100\/100\n|turn|15\n|\n|t:|1700018771\n|move|p2a: Trapo de cocina|Shadow Ball|p1a: Excalibur\n|-supereffective|p1a: Excalibur\n|-damage|p1a: Excalibur|0 fnt\n|faint|p1a: Excalibur\n|-damage|p2a: Trapo de cocina|91\/100|[from] item: Life Orb\n|\n|-sideend|p2: JOUUU|move: Light Screen\n|upkeep\n|\n|t:|1700018778\n|switch|p1a: Magneto|Magnezone, L38|100\/100\n|turn|16\n|\n|t:|1700018784\n|move|p2a: Trapo de cocina|Work Up|p2a: Trapo de cocina\n|-boost|p2a: Trapo de cocina|atk|1\n|-boost|p2a: Trapo de cocina|spa|1\n|move|p1a: Magneto|Tri Attack|p2a: Trapo de cocina\n|-immune|p2a: Trapo de cocina\n|\n|upkeep\n|turn|17\n|\n|t:|1700018793\n|-terastallize|p1a: Magneto|Electric\n|move|p2a: Trapo de cocina|Shadow Ball|p1a: Magneto\n|-damage|p1a: Magneto|48\/100\n|-damage|p2a: Trapo de cocina|81\/100|[from] item: Life Orb\n|move|p1a: Magneto|Reflect|p1a: Magneto\n|-sidestart|p1: TheNed050|Reflect\n|\n|-heal|p1a: Magneto|54\/100|[from] item: Leftovers\n|upkeep\n|turn|18\n|\n|t:|1700018805\n|move|p2a: Trapo de cocina|Work Up|p2a: Trapo de cocina\n|-boost|p2a: Trapo de cocina|atk|1\n|-boost|p2a: Trapo de cocina|spa|1\n|move|p1a: Magneto|Flash Cannon|p2a: Trapo de cocina\n|-activate|p2a: Trapo de cocina|ability: Disguise\n|-damage|p2a: Trapo de cocina|81\/100\n|detailschange|p2a: Trapo de cocina|Mimikyu-Busted, L38, F\n|-damage|p2a: Trapo de cocina|69\/100|[from] pokemon: Mimikyu-Busted\n|\n|-heal|p1a: Magneto|60\/100|[from] item: Leftovers\n|upkeep\n|turn|19\n|\n|t:|1700018818\n|move|p2a: Trapo de cocina|Shadow Ball|p1a: Magneto\n|-damage|p1a: Magneto|0 fnt\n|faint|p1a: Magneto\n|-damage|p2a: Trapo de cocina|59\/100|[from] item: Life Orb\n|\n|win|JOUUU\n|l|\u2606TheNed050\n","uploadtime":1700018830,"views":9,"p1id":"thened050","p2id":"jouuu","formatid":"gen9nationaldexubers","rating":0,"private":0,"password":""}