{"id":"gen9nationaldexubers-1984464106","p1":"Mayler1414","p2":"Shubham 019","format":"[Gen 9] National Dex Ubers","log":"|j|\u2606Mayler1414\n|j|\u2606Shubham 019\n|t:|1699267932\n|gametype|singles\n|player|p1|Mayler1414|lillie-masters2|1458\n|player|p2|Shubham 019|lucas|1532\n|teamsize|p1|6\n|teamsize|p2|6\n|gen|9\n|tier|[Gen 9] National Dex Ubers\n|rated|\n|rule|HP Percentage Mod: HP is shown in percentages\n|rule|Endless Battle Clause: Forcing endless battles is banned\n|rule|OHKO Clause: OHKO moves are banned\n|rule|Evasion Moves Clause: Evasion moves are banned\n|rule|Evasion Items Clause: Evasion items are banned\n|rule|Species Clause: Limit one of each Pok\u00e9mon\n|rule|Sleep Clause Mod: Limit one foe put to sleep\n|rule|Mega Rayquaza Clause: You cannot mega evolve Rayquaza\n|clearpoke\n|poke|p1|Blissey, F|\n|poke|p1|Giratina-Origin|\n|poke|p1|Sableye, M|\n|poke|p1|Ho-Oh|\n|poke|p1|Zygarde|\n|poke|p1|Toxapex, F|\n|poke|p2|Zacian-*|\n|poke|p2|Eternatus|\n|poke|p2|Lunala|\n|poke|p2|Yveltal|\n|poke|p2|Zygarde|\n|poke|p2|Ditto|\n|teampreview\n|inactive|Battle timer is ON: inactive players will automatically lose when time's up. (requested by Shubham 019)\n|inactive|Mayler1414 also wants the timer to be on.\n|\n|t:|1699267943\n|start\n|switch|p1a: Ho-Oh|Ho-Oh|100\/100\n|switch|p2a: Yveltal|Yveltal|100\/100\n|-ability|p2a: Yveltal|Dark Aura\n|turn|1\n|\n|t:|1699267949\n|move|p2a: Yveltal|Toxic|p1a: Ho-Oh\n|-status|p1a: Ho-Oh|tox\n|move|p1a: Ho-Oh|Toxic|p2a: Yveltal|[miss]\n|-miss|p1a: Ho-Oh|p2a: Yveltal\n|\n|-damage|p1a: Ho-Oh|94\/100 tox|[from] psn\n|upkeep\n|turn|2\n|\n|t:|1699267963\n|switch|p2a: Eternatus|Eternatus|100\/100\n|-ability|p2a: Eternatus|Pressure\n|move|p1a: Ho-Oh|Sacred Fire|p2a: Eternatus\n|-resisted|p2a: Eternatus\n|-damage|p2a: Eternatus|86\/100\n|-status|p2a: Eternatus|brn\n|\n|-heal|p2a: Eternatus|92\/100 brn|[from] item: Black Sludge\n|-damage|p1a: Ho-Oh|82\/100 tox|[from] psn\n|-damage|p2a: Eternatus|86\/100 brn|[from] brn\n|upkeep\n|turn|3\n|\n|t:|1699267977\n|switch|p1a: Blissey|Blissey, F|100\/100\n|move|p2a: Eternatus|Sludge Bomb|p1a: Blissey\n|-crit|p1a: Blissey\n|-damage|p1a: Blissey|80\/100\n|\n|-heal|p2a: Eternatus|92\/100 brn|[from] item: Black Sludge\n|-heal|p1a: Blissey|86\/100|[from] item: Leftovers\n|-damage|p2a: Eternatus|86\/100 brn|[from] brn\n|upkeep\n|turn|4\n|\n|t:|1699267989\n|switch|p2a: Zygarde|Zygarde|100\/100\n|move|p1a: Blissey|Stealth Rock|p2a: Zygarde\n|-sidestart|p2: Shubham 019|move: Stealth Rock\n|\n|-heal|p1a: Blissey|93\/100|[from] item: Leftovers\n|upkeep\n|turn|5\n|\n|t:|1699267999\n|switch|p1a: Zygarde|Zygarde|100\/100\n|move|p2a: Zygarde|Coil|p2a: Zygarde\n|-boost|p2a: Zygarde|atk|1\n|-boost|p2a: Zygarde|def|1\n|-boost|p2a: Zygarde|accuracy|1\n|\n|upkeep\n|turn|6\n|\n|t:|1699268007\n|move|p2a: Zygarde|Coil|p2a: Zygarde\n|-boost|p2a: Zygarde|atk|1\n|-boost|p2a: Zygarde|def|1\n|-boost|p2a: Zygarde|accuracy|1\n|move|p1a: Zygarde|Dragon Tail|p2a: Zygarde\n|-supereffective|p2a: Zygarde\n|-damage|p2a: Zygarde|89\/100\n|drag|p2a: Ditto|Ditto|100\/100\n|-damage|p2a: Ditto|88\/100|[from] Stealth Rock\n|-transform|p2a: Ditto|p1a: Zygarde|[from] ability: Imposter\n|\n|upkeep\n|turn|7\n|\n|t:|1699268020\n|switch|p1a: Toxapex|Toxapex, F|100\/100\n|move|p2a: Ditto|Dragon Tail|p1a: Toxapex\n|-damage|p1a: Toxapex|87\/100\n|-damage|p2a: Ditto|71\/100|[from] item: Rocky Helmet|[of] p1a: Toxapex\n|drag|p1a: Zygarde|Zygarde|100\/100\n|\n|upkeep\n|turn|8\n|\n|t:|1699268038\n|switch|p2a: Zygarde|Zygarde|89\/100\n|-damage|p2a: Zygarde|83\/100|[from] Stealth Rock\n|switch|p1a: Toxapex|Toxapex, F|100\/100\n|\n|-heal|p2a: Zygarde|89\/100|[from] item: Leftovers\n|upkeep\n|turn|9\n|\n|t:|1699268048\n|move|p2a: Zygarde|Thousand Waves|p1a: Toxapex\n|-supereffective|p1a: Toxapex\n|-crit|p1a: Toxapex\n|-damage|p1a: Toxapex|43\/100\n|-activate|p1a: Toxapex|trapped\n|move|p1a: Toxapex|Toxic|p2a: Zygarde\n|-status|p2a: Zygarde|tox\n|\n|-heal|p2a: Zygarde|95\/100 tox|[from] item: Leftovers\n|-damage|p2a: Zygarde|89\/100 tox|[from] psn\n|upkeep\n|turn|10\n|\n|t:|1699268060\n|move|p2a: Zygarde|Coil|p2a: Zygarde\n|-boost|p2a: Zygarde|atk|1\n|-boost|p2a: Zygarde|def|1\n|-boost|p2a: Zygarde|accuracy|1\n|move|p1a: Toxapex|Haze|p1a: Toxapex\n|-clearallboost\n|\n|-heal|p2a: Zygarde|95\/100 tox|[from] item: Leftovers\n|-damage|p2a: Zygarde|83\/100 tox|[from] psn\n|upkeep\n|turn|11\n|\n|t:|1699268072\n|move|p1a: Toxapex|Baneful Bunker|p1a: Toxapex\n|-singleturn|p1a: Toxapex|move: Protect\n|move|p2a: Zygarde|Coil|p2a: Zygarde\n|-boost|p2a: Zygarde|atk|1\n|-boost|p2a: Zygarde|def|1\n|-boost|p2a: Zygarde|accuracy|1\n|\n|-heal|p2a: Zygarde|89\/100 tox|[from] item: Leftovers\n|-damage|p2a: Zygarde|70\/100 tox|[from] psn\n|upkeep\n|turn|12\n|\n|t:|1699268091\n|move|p2a: Zygarde|Rest|p2a: Zygarde\n|-status|p2a: Zygarde|slp|[from] move: Rest\n|-heal|p2a: Zygarde|100\/100 slp|[silent]\n|move|p1a: Toxapex|Haze|p1a: Toxapex\n|-clearallboost\n|\n|upkeep\n|turn|13\n|\n|t:|1699268102\n|cant|p2a: Zygarde|slp\n|move|p1a: Toxapex|Scald|p2a: Zygarde\n|-damage|p2a: Zygarde|87\/100 slp\n|\n|-heal|p2a: Zygarde|94\/100 slp|[from] item: Leftovers\n|upkeep\n|turn|14\n|\n|t:|1699268109\n|cant|p2a: Zygarde|slp\n|move|p1a: Toxapex|Scald|p2a: Zygarde\n|-damage|p2a: Zygarde|81\/100 slp\n|\n|-heal|p2a: Zygarde|87\/100 slp|[from] item: Leftovers\n|upkeep\n|turn|15\n|\n|t:|1699268118\n|-curestatus|p2a: Zygarde|slp|[msg]\n|move|p2a: Zygarde|Thousand Waves|p1a: Toxapex\n|-supereffective|p1a: Toxapex\n|-damage|p1a: Toxapex|3\/100\n|move|p1a: Toxapex|Toxic|p2a: Zygarde\n|-status|p2a: Zygarde|tox\n|\n|-heal|p2a: Zygarde|93\/100 tox|[from] item: Leftovers\n|-damage|p2a: Zygarde|87\/100 tox|[from] psn\n|upkeep\n|turn|16\n|\n|t:|1699268130\n|move|p2a: Zygarde|Coil|p2a: Zygarde\n|-boost|p2a: Zygarde|atk|1\n|-boost|p2a: Zygarde|def|1\n|-boost|p2a: Zygarde|accuracy|1\n|move|p1a: Toxapex|Haze|p1a: Toxapex\n|-clearallboost\n|\n|-heal|p2a: Zygarde|93\/100 tox|[from] item: Leftovers\n|-damage|p2a: Zygarde|81\/100 tox|[from] psn\n|upkeep\n|turn|17\n|\n|t:|1699268141\n|move|p2a: Zygarde|Coil|p2a: Zygarde\n|-boost|p2a: Zygarde|atk|1\n|-boost|p2a: Zygarde|def|1\n|-boost|p2a: Zygarde|accuracy|1\n|move|p1a: Toxapex|Haze|p1a: Toxapex\n|-clearallboost\n|\n|-heal|p2a: Zygarde|87\/100 tox|[from] item: Leftovers\n|-damage|p2a: Zygarde|68\/100 tox|[from] psn\n|upkeep\n|turn|18\n|\n|t:|1699268152\n|move|p2a: Zygarde|Coil|p2a: Zygarde\n|-boost|p2a: Zygarde|atk|1\n|-boost|p2a: Zygarde|def|1\n|-boost|p2a: Zygarde|accuracy|1\n|move|p1a: Toxapex|Haze|p1a: Toxapex\n|-clearallboost\n|\n|-heal|p2a: Zygarde|75\/100 tox|[from] item: Leftovers\n|-damage|p2a: Zygarde|50\/100 tox|[from] psn\n|-activate|p2a: Zygarde|ability: Power Construct\n|detailschange|p2a: Zygarde|Zygarde-Complete\n|-heal|p2a: Zygarde|67\/100 tox|[silent]\n|upkeep\n|turn|19\n|\n|t:|1699268169\n|move|p2a: Zygarde|Coil|p2a: Zygarde\n|-boost|p2a: Zygarde|atk|1\n|-boost|p2a: Zygarde|def|1\n|-boost|p2a: Zygarde|accuracy|1\n|move|p1a: Toxapex|Haze|p1a: Toxapex\n|-clearallboost\n|\n|-heal|p2a: Zygarde|73\/100 tox|[from] item: Leftovers\n|-damage|p2a: Zygarde|42\/100 tox|[from] psn\n|upkeep\n|turn|20\n|\n|t:|1699268180\n|move|p1a: Toxapex|Baneful Bunker|p1a: Toxapex\n|-singleturn|p1a: Toxapex|move: Protect\n|move|p2a: Zygarde|Rest|p2a: Zygarde\n|-status|p2a: Zygarde|slp|[from] move: Rest\n|-heal|p2a: Zygarde|100\/100 slp|[silent]\n|\n|upkeep\n|turn|21\n|\n|t:|1699268189\n|cant|p2a: Zygarde|slp\n|move|p1a: Toxapex|Scald|p2a: Zygarde\n|-damage|p2a: Zygarde|92\/100 slp\n|\n|-heal|p2a: Zygarde|99\/100 slp|[from] item: Leftovers\n|upkeep\n|turn|22\n|\n|t:|1699268198\n|cant|p2a: Zygarde|slp\n|move|p1a: Toxapex|Scald|p2a: Zygarde\n|-damage|p2a: Zygarde|91\/100 slp\n|\n|-heal|p2a: Zygarde|97\/100 slp|[from] item: Leftovers\n|upkeep\n|turn|23\n|\n|t:|1699268208\n|move|p1a: Toxapex|Baneful Bunker|p1a: Toxapex\n|-singleturn|p1a: Toxapex|move: Protect\n|-curestatus|p2a: Zygarde|slp|[msg]\n|move|p2a: Zygarde|Coil|p2a: Zygarde\n|-boost|p2a: Zygarde|atk|1\n|-boost|p2a: Zygarde|def|1\n|-boost|p2a: Zygarde|accuracy|1\n|\n|-heal|p2a: Zygarde|100\/100|[from] item: Leftovers\n|upkeep\n|turn|24\n|\n|t:|1699268218\n|move|p2a: Zygarde|Thousand Waves|p1a: Toxapex\n|-supereffective|p1a: Toxapex\n|-damage|p1a: Toxapex|0 fnt\n|faint|p1a: Toxapex\n|\n|upkeep\n|\n|t:|1699268224\n|switch|p1a: Sableye|Sableye, M|100\/100\n|turn|25\n|\n|t:|1699268232\n|move|p1a: Sableye|Will-O-Wisp|p2a: Zygarde|[miss]\n|-miss|p1a: Sableye|p2a: Zygarde\n|move|p2a: Zygarde|Thousand Waves|p1a: Sableye\n|-damage|p1a: Sableye|53\/100\n|\n|upkeep\n|turn|26\n|\n|t:|1699268257\n|move|p1a: Sableye|Will-O-Wisp|p2a: Zygarde\n|-status|p2a: Zygarde|brn\n|move|p2a: Zygarde|Coil|p2a: Zygarde\n|-boost|p2a: Zygarde|atk|1\n|-boost|p2a: Zygarde|def|1\n|-boost|p2a: Zygarde|accuracy|1\n|\n|-damage|p2a: Zygarde|94\/100 brn|[from] brn\n|upkeep\n|turn|27\n|\n|t:|1699268265\n|move|p2a: Zygarde|Coil|p2a: Zygarde\n|-boost|p2a: Zygarde|atk|1\n|-boost|p2a: Zygarde|def|1\n|-boost|p2a: Zygarde|accuracy|1\n|move|p1a: Sableye|Knock Off|p2a: Zygarde\n|-damage|p2a: Zygarde|91\/100 brn\n|-enditem|p2a: Zygarde|Leftovers|[from] move: Knock Off|[of] p1a: Sableye\n|\n|-damage|p2a: Zygarde|85\/100 brn|[from] brn\n|upkeep\n|turn|28\n|\n|t:|1699268273\n|switch|p1a: Zygarde|Zygarde|100\/100\n|move|p2a: Zygarde|Coil|p2a: Zygarde\n|-boost|p2a: Zygarde|atk|1\n|-boost|p2a: Zygarde|def|1\n|-boost|p2a: Zygarde|accuracy|1\n|\n|-damage|p2a: Zygarde|79\/100 brn|[from] brn\n|upkeep\n|turn|29\n|\n|t:|1699268285\n|move|p2a: Zygarde|Thousand Waves|p1a: Zygarde\n|-damage|p1a: Zygarde|75\/100\n|-activate|p1a: Zygarde|trapped\n|move|p1a: Zygarde|Dragon Tail|p2a: Zygarde\n|-supereffective|p2a: Zygarde\n|-damage|p2a: Zygarde|74\/100 brn\n|drag|p2a: Yveltal|Yveltal|100\/100\n|-damage|p2a: Yveltal|76\/100|[from] Stealth Rock\n|-ability|p2a: Yveltal|Dark Aura\n|\n|-heal|p2a: Yveltal|82\/100|[from] item: Leftovers\n|-heal|p1a: Zygarde|82\/100|[from] item: Leftovers\n|upkeep\n|turn|30\n|\n|t:|1699268304\n|switch|p1a: Ho-Oh|Ho-Oh|100\/100 tox\n|move|p2a: Yveltal|Oblivion Wing|p1a: Ho-Oh\n|-damage|p1a: Ho-Oh|79\/100 tox\n|-heal|p2a: Yveltal|98\/100|[from] drain|[of] p1a: Ho-Oh\n|\n|-heal|p2a: Yveltal|100\/100|[from] item: Leftovers\n|-damage|p1a: Ho-Oh|73\/100 tox|[from] psn\n|upkeep\n|turn|31\n|\n|t:|1699268315\n|switch|p1a: Blissey|Blissey, F|93\/100\n|move|p2a: Yveltal|Dark Pulse|p1a: Blissey\n|-damage|p1a: Blissey|78\/100\n|\n|-heal|p1a: Blissey|84\/100|[from] item: Leftovers\n|upkeep\n|turn|32\n|\n|t:|1699268325\n|switch|p1a: Ho-Oh|Ho-Oh|100\/100 tox\n|move|p2a: Yveltal|Toxic|p1a: Ho-Oh\n|-fail|p1a: Ho-Oh|tox\n|\n|-damage|p1a: Ho-Oh|94\/100 tox|[from] psn\n|upkeep\n|turn|33\n|\n|t:|1699268331\n|move|p2a: Yveltal|Toxic|p1a: Ho-Oh|[miss]\n|-miss|p2a: Yveltal|p1a: Ho-Oh\n|move|p1a: Ho-Oh|Toxic|p2a: Yveltal\n|-status|p2a: Yveltal|tox\n|\n|-damage|p2a: Yveltal|94\/100 tox|[from] psn\n|-damage|p1a: Ho-Oh|82\/100 tox|[from] psn\n|upkeep\n|turn|34\n|\n|t:|1699268344\n|switch|p2a: Lunala|Lunala|100\/100\n|switch|p1a: Blissey|Blissey, F|84\/100\n|\n|-heal|p1a: Blissey|90\/100|[from] item: Leftovers\n|upkeep\n|turn|35\n|\n|t:|1699268353\n|move|p2a: Lunala|Defog|p1a: Blissey\n|-unboost|p1a: Blissey|evasion|1\n|-sideend|p2: Shubham 019|Stealth Rock|[from] move: Defog|[of] p2a: Lunala\n|move|p1a: Blissey|Confide|p2a: Lunala\n|-unboost|p2a: Lunala|spa|1\n|\n|-heal|p1a: Blissey|96\/100|[from] item: Leftovers\n|upkeep\n|turn|36\n|\n|t:|1699268371\n|switch|p2a: Zygarde|Zygarde-Complete|74\/100 brn\n|move|p1a: Blissey|Stealth Rock|p2a: Zygarde\n|-sidestart|p2: Shubham 019|move: Stealth Rock\n|\n|-heal|p1a: Blissey|100\/100|[from] item: Leftovers\n|-damage|p2a: Zygarde|67\/100 brn|[from] brn\n|upkeep\n|turn|37\n|\n|t:|1699268383\n|switch|p1a: Zygarde|Zygarde|82\/100\n|move|p2a: Zygarde|Thousand Waves|p1a: Zygarde\n|-damage|p1a: Zygarde|73\/100\n|-activate|p1a: Zygarde|trapped\n|\n|-heal|p1a: Zygarde|79\/100|[from] item: Leftovers\n|-damage|p2a: Zygarde|61\/100 brn|[from] brn\n|upkeep\n|turn|38\n|\n|t:|1699268395\n|move|p1a: Zygarde|Coil|p1a: Zygarde\n|-boost|p1a: Zygarde|atk|1\n|-boost|p1a: Zygarde|def|1\n|-boost|p1a: Zygarde|accuracy|1\n|move|p2a: Zygarde|Rest|p2a: Zygarde\n|-status|p2a: Zygarde|slp|[from] move: Rest\n|-heal|p2a: Zygarde|100\/100 slp|[silent]\n|\n|-heal|p1a: Zygarde|85\/100|[from] item: Leftovers\n|upkeep\n|turn|39\n|\n|t:|1699268406\n|switch|p2a: Ditto|Ditto|71\/100\n|-damage|p2a: Ditto|59\/100|[from] Stealth Rock\n|-transform|p2a: Ditto|p1a: Zygarde|[from] ability: Imposter\n|move|p1a: Zygarde|Dragon Tail|p2a: Ditto\n|-supereffective|p2a: Ditto\n|-damage|p2a: Ditto|31\/100\n|drag|p2a: Yveltal|Yveltal|94\/100 tox\n|-damage|p2a: Yveltal|70\/100 tox|[from] Stealth Rock\n|-ability|p2a: Yveltal|Dark Aura\n|\n|-heal|p2a: Yveltal|76\/100 tox|[from] item: Leftovers\n|-heal|p1a: Zygarde|92\/100|[from] item: Leftovers\n|-damage|p2a: Yveltal|70\/100 tox|[from] psn\n|upkeep\n|turn|40\n|\n|t:|1699268425\n|switch|p1a: Blissey|Blissey, F|100\/100\n|move|p2a: Yveltal|Dark Pulse|p1a: Blissey\n|-damage|p1a: Blissey|86\/100\n|\n|-heal|p2a: Yveltal|76\/100 tox|[from] item: Leftovers\n|-heal|p1a: Blissey|92\/100|[from] item: Leftovers\n|-damage|p2a: Yveltal|63\/100 tox|[from] psn\n|upkeep\n|turn|41\n|\n|t:|1699268437\n|switch|p2a: Ditto|Ditto|31\/100\n|-damage|p2a: Ditto|19\/100|[from] Stealth Rock\n|-transform|p2a: Ditto|p1a: Blissey|[from] ability: Imposter\n|move|p1a: Blissey|Aromatherapy|p1a: Blissey\n|-activate|p1a: Blissey|move: Aromatherapy\n|-curestatus|p1: Ho-Oh|tox|[msg]\n|\n|-heal|p1a: Blissey|98\/100|[from] item: Leftovers\n|upkeep\n|turn|42\n|inactive|Shubham 019 has 120 seconds left.\n|\n|t:|1699268458\n|switch|p1a: Ho-Oh|Ho-Oh|100\/100\n|move|p2a: Ditto|Soft-Boiled|p2a: Ditto\n|-heal|p2a: Ditto|69\/100\n|\n|upkeep\n|turn|43\n|\n|t:|1699268468\n|switch|p2a: Zygarde|Zygarde-Complete|100\/100 slp\n|-damage|p2a: Zygarde|94\/100 slp|[from] Stealth Rock\n|move|p1a: Ho-Oh|Sacred Fire|p2a: Zygarde\n|-resisted|p2a: Zygarde\n|-damage|p2a: Zygarde|86\/100 slp\n|\n|upkeep\n|turn|44\n|inactive|Shubham 019 has 120 seconds left.\n|\n|t:|1699268485\n|switch|p1a: Sableye|Sableye, M|53\/100\n|cant|p2a: Zygarde|slp\n|\n|upkeep\n|turn|45\n|\n|t:|1699268492\n|switch|p2a: Ditto|Ditto|69\/100\n|-damage|p2a: Ditto|57\/100|[from] Stealth Rock\n|-transform|p2a: Ditto|p1a: Sableye|[from] ability: Imposter\n|move|p1a: Sableye|Recover|p1a: Sableye\n|-heal|p1a: Sableye|100\/100\n|\n|upkeep\n|turn|46\n|inactive|Shubham 019 has 120 seconds left.\n|\n|t:|1699268516\n|detailschange|p1a: Sableye|Sableye-Mega, M\n|-mega|p1a: Sableye|Sableye|Sablenite\n|move|p2a: Ditto|Knock Off|p1a: Sableye\n|-damage|p1a: Sableye|90\/100\n|move|p1a: Sableye|Will-O-Wisp|p2a: Ditto\n|-status|p2a: Ditto|brn\n|\n|-damage|p2a: Ditto|50\/100 brn|[from] brn\n|upkeep\n|turn|47\n|inactive|Shubham 019 has 120 seconds left.\n|\n|t:|1699268532\n|switch|p2a: Zygarde|Zygarde-Complete|86\/100 slp\n|-damage|p2a: Zygarde|80\/100 slp|[from] Stealth Rock\n|move|p1a: Sableye|Protect||[still]\n|-fail|p1a: Sableye\n|\n|upkeep\n|turn|48\n|\n|t:|1699268540\n|switch|p2a: Ditto|Ditto|50\/100 brn\n|-damage|p2a: Ditto|38\/100 brn|[from] Stealth Rock\n|-transform|p2a: Ditto|p1a: Sableye|[from] ability: Imposter\n|move|p1a: Sableye|Knock Off|p2a: Ditto\n|-damage|p2a: Ditto|19\/100 brn\n|-enditem|p2a: Ditto|Choice Scarf|[from] move: Knock Off|[of] p1a: Sableye\n|\n|-damage|p2a: Ditto|13\/100 brn|[from] brn\n|upkeep\n|turn|49\n|inactive|Shubham 019 has 120 seconds left.\n|\n|t:|1699268554\n|move|p2a: Ditto|Recover|p2a: Ditto\n|-heal|p2a: Ditto|63\/100 brn\n|move|p1a: Sableye|Knock Off|p2a: Ditto\n|-damage|p2a: Ditto|51\/100 brn\n|\n|-damage|p2a: Ditto|45\/100 brn|[from] brn\n|upkeep\n|turn|50\n|inactive|Shubham 019 has 120 seconds left.\n|\n|t:|1699268574\n|move|p2a: Ditto|Recover|p2a: Ditto\n|-heal|p2a: Ditto|95\/100 brn\n|move|p1a: Sableye|Knock Off|p2a: Ditto\n|-damage|p2a: Ditto|82\/100 brn\n|\n|-damage|p2a: Ditto|76\/100 brn|[from] brn\n|upkeep\n|turn|51\n|inactive|Shubham 019 has 120 seconds left.\n|\n|t:|1699268584\n|move|p1a: Sableye|Knock Off|p2a: Ditto\n|-damage|p2a: Ditto|64\/100 brn\n|move|p2a: Ditto|Will-O-Wisp|p1a: Sableye\n|move|p1a: Sableye|Will-O-Wisp|p2a: Ditto|[from]ability: Magic Bounce\n|-fail|p2a: Ditto|brn\n|\n|-damage|p2a: Ditto|58\/100 brn|[from] brn\n|upkeep\n|turn|52\n|inactive|Shubham 019 has 120 seconds left.\n|\n|t:|1699268597\n|move|p2a: Ditto|Recover|p2a: Ditto\n|-heal|p2a: Ditto|100\/100 brn\n|move|p1a: Sableye|Knock Off|p2a: Ditto\n|-damage|p2a: Ditto|88\/100 brn\n|\n|-damage|p2a: Ditto|82\/100 brn|[from] brn\n|upkeep\n|turn|53\n|\n|t:|1699268605\n|move|p1a: Sableye|Knock Off|p2a: Ditto\n|-damage|p2a: Ditto|68\/100 brn\n|move|p2a: Ditto|Knock Off|p1a: Sableye\n|-damage|p1a: Sableye|83\/100\n|\n|-damage|p2a: Ditto|62\/100 brn|[from] brn\n|upkeep\n|turn|54\n|inactive|Shubham 019 has 120 seconds left.\n|\n|t:|1699268632\n|move|p1a: Sableye|Knock Off|p2a: Ditto\n|-damage|p2a: Ditto|49\/100 brn\n|move|p2a: Ditto|Knock Off|p1a: Sableye\n|-damage|p1a: Sableye|77\/100\n|\n|-damage|p2a: Ditto|43\/100 brn|[from] brn\n|upkeep\n|turn|55\n|\n|t:|1699268641\n|move|p2a: Ditto|Recover|p2a: Ditto\n|-heal|p2a: Ditto|93\/100 brn\n|move|p1a: Sableye|Knock Off|p2a: Ditto\n|-damage|p2a: Ditto|80\/100 brn\n|\n|-damage|p2a: Ditto|74\/100 brn|[from] brn\n|upkeep\n|turn|56\n|inactive|Shubham 019 has 120 seconds left.\n|\n|t:|1699268650\n|switch|p2a: Zygarde|Zygarde-Complete|80\/100 slp\n|-damage|p2a: Zygarde|73\/100 slp|[from] Stealth Rock\n|move|p1a: Sableye|Knock Off|p2a: Zygarde\n|-damage|p2a: Zygarde|67\/100 slp\n|\n|upkeep\n|turn|57\n|inactive|Shubham 019 has 120 seconds left.\n|\n|t:|1699268671\n|cant|p2a: Zygarde|slp\n|move|p1a: Sableye|Knock Off|p2a: Zygarde\n|-damage|p2a: Zygarde|60\/100 slp\n|\n|upkeep\n|turn|58\n|j| diizzyy\n|\n|t:|1699268679\n|-curestatus|p2a: Zygarde|slp|[msg]\n|move|p2a: Zygarde|Thousand Waves|p1a: Sableye\n|-damage|p1a: Sableye|54\/100\n|move|p1a: Sableye|Will-O-Wisp|p2a: Zygarde\n|-status|p2a: Zygarde|brn\n|\n|-damage|p2a: Zygarde|54\/100 brn|[from] brn\n|upkeep\n|turn|59\n|inactive|Shubham 019 has 120 seconds left.\n|l| diizzyy\n|\n|t:|1699268691\n|move|p2a: Zygarde|Thousand Waves|p1a: Sableye\n|-damage|p1a: Sableye|44\/100\n|move|p1a: Sableye|Recover|p1a: Sableye\n|-heal|p1a: Sableye|94\/100\n|\n|-damage|p2a: Zygarde|48\/100 brn|[from] brn\n|upkeep\n|turn|60\n|inactive|Shubham 019 has 120 seconds left.\n|\n|t:|1699268699\n|switch|p1a: Zygarde|Zygarde|92\/100\n|move|p2a: Zygarde|Coil|p2a: Zygarde\n|-boost|p2a: Zygarde|atk|1\n|-boost|p2a: Zygarde|def|1\n|-boost|p2a: Zygarde|accuracy|1\n|\n|-heal|p1a: Zygarde|98\/100|[from] item: Leftovers\n|-damage|p2a: Zygarde|42\/100 brn|[from] brn\n|upkeep\n|turn|61\n|inactive|Shubham 019 has 120 seconds left.\n|\n|t:|1699268709\n|move|p2a: Zygarde|Rest|p2a: Zygarde\n|-status|p2a: Zygarde|slp|[from] move: Rest\n|-heal|p2a: Zygarde|100\/100 slp|[silent]\n|move|p1a: Zygarde|Dragon Tail|p2a: Zygarde\n|-supereffective|p2a: Zygarde\n|-damage|p2a: Zygarde|90\/100 slp\n|drag|p2a: Ditto|Ditto|74\/100 brn\n|-damage|p2a: Ditto|62\/100 brn|[from] Stealth Rock\n|-transform|p2a: Ditto|p1a: Zygarde|[from] ability: Imposter\n|\n|-heal|p1a: Zygarde|100\/100|[from] item: Leftovers\n|-damage|p2a: Ditto|56\/100 brn|[from] brn\n|upkeep\n|turn|62\n|inactive|Shubham 019 has 120 seconds left.\n|\n|t:|1699268748\n|switch|p1a: Ho-Oh|Ho-Oh|100\/100\n|move|p2a: Ditto|Dragon Tail|p1a: Ho-Oh\n|-damage|p1a: Ho-Oh|94\/100\n|drag|p1a: Zygarde|Zygarde|100\/100\n|\n|-damage|p2a: Ditto|50\/100 brn|[from] brn\n|upkeep\n|turn|63\n|\n|t:|1699268760\n|switch|p2a: Eternatus|Eternatus|86\/100 brn\n|-damage|p2a: Eternatus|74\/100 brn|[from] Stealth Rock\n|-ability|p2a: Eternatus|Pressure\n|switch|p1a: Ho-Oh|Ho-Oh|100\/100\n|\n|-heal|p2a: Eternatus|80\/100 brn|[from] item: Black Sludge\n|-damage|p2a: Eternatus|74\/100 brn|[from] brn\n|upkeep\n|turn|64\n|\n|t:|1699268772\n|switch|p1a: Blissey|Blissey, F|98\/100\n|move|p2a: Eternatus|Sludge Bomb|p1a: Blissey\n|-damage|p1a: Blissey|84\/100\n|\n|-heal|p2a: Eternatus|80\/100 brn|[from] item: Black Sludge\n|-heal|p1a: Blissey|90\/100|[from] item: Leftovers\n|-damage|p2a: Eternatus|74\/100 brn|[from] brn\n|upkeep\n|turn|65\n|\n|t:|1699268784\n|switch|p2a: Ditto|Ditto|50\/100 brn\n|-damage|p2a: Ditto|38\/100 brn|[from] Stealth Rock\n|-transform|p2a: Ditto|p1a: Blissey|[from] ability: Imposter\n|switch|p1a: Sableye|Sableye-Mega, M|94\/100\n|\n|-damage|p2a: Ditto|32\/100 brn|[from] brn\n|upkeep\n|turn|66\n|\n|t:|1699268797\n|move|p2a: Ditto|Soft-Boiled|p2a: Ditto\n|-heal|p2a: Ditto|82\/100 brn\n|move|p1a: Sableye|Knock Off|p2a: Ditto\n|-damage|p2a: Ditto|15\/100 brn\n|\n|-damage|p2a: Ditto|9\/100 brn|[from] brn\n|upkeep\n|turn|67\n|inactive|Shubham 019 has 90 seconds left.\n|\n|t:|1699268822\n|move|p2a: Ditto|Soft-Boiled|p2a: Ditto\n|-heal|p2a: Ditto|59\/100 brn\n|move|p1a: Sableye|Knock Off|p2a: Ditto\n|-crit|p2a: Ditto\n|-damage|p2a: Ditto|0 fnt\n|faint|p2a: Ditto\n|\n|upkeep\n|\n|t:|1699268840\n|switch|p2a: Zacian|Zacian-Crowned|100\/100\n|-damage|p2a: Zacian|94\/100|[from] Stealth Rock\n|-ability|p2a: Zacian|Intrepid Sword|boost\n|-boost|p2a: Zacian|atk|1\n|turn|68\n|\n|t:|1699268852\n|-terastallize|p2a: Zacian|Steel\n|move|p2a: Zacian|Behemoth Blade|p1a: Sableye\n|-damage|p1a: Sableye|8\/100\n|move|p1a: Sableye|Will-O-Wisp|p2a: Zacian\n|-status|p2a: Zacian|brn\n|\n|-damage|p2a: Zacian|88\/100 brn|[from] brn\n|upkeep\n|turn|69\n|\n|t:|1699268862\n|switch|p1a: Ho-Oh|Ho-Oh|100\/100\n|move|p2a: Zacian|Behemoth Blade|p1a: Ho-Oh\n|-resisted|p1a: Ho-Oh\n|-damage|p1a: Ho-Oh|80\/100\n|\n|-damage|p2a: Zacian|82\/100 brn|[from] brn\n|upkeep\n|turn|70\n|inactive|Shubham 019 has 90 seconds left.\n|\n|t:|1699268886\n|switch|p2a: Eternatus|Eternatus|74\/100 brn\n|-damage|p2a: Eternatus|61\/100 brn|[from] Stealth Rock\n|-ability|p2a: Eternatus|Pressure\n|move|p1a: Ho-Oh|Sacred Fire|p2a: Eternatus\n|-resisted|p2a: Eternatus\n|-damage|p2a: Eternatus|48\/100 brn\n|\n|-heal|p2a: Eternatus|54\/100 brn|[from] item: Black Sludge\n|-damage|p2a: Eternatus|48\/100 brn|[from] brn\n|upkeep\n|turn|71\n|\n|t:|1699268900\n|switch|p1a: Blissey|Blissey, F|90\/100\n|move|p2a: Eternatus|Recover|p2a: Eternatus\n|-heal|p2a: Eternatus|98\/100 brn\n|\n|-heal|p2a: Eternatus|100\/100 brn|[from] item: Black Sludge\n|-heal|p1a: Blissey|96\/100|[from] item: Leftovers\n|-damage|p2a: Eternatus|94\/100 brn|[from] brn\n|upkeep\n|turn|72\n|\n|t:|1699268909\n|switch|p2a: Zygarde|Zygarde-Complete|90\/100 slp\n|-damage|p2a: Zygarde|84\/100 slp|[from] Stealth Rock\n|switch|p1a: Ho-Oh|Ho-Oh|100\/100\n|\n|upkeep\n|turn|73\n|\n|t:|1699268916\n|switch|p1a: Sableye|Sableye-Mega, M|8\/100\n|cant|p2a: Zygarde|slp\n|\n|upkeep\n|turn|74\n|inactive|Shubham 019 has 90 seconds left.\n|\n|t:|1699268927\n|cant|p2a: Zygarde|slp\n|move|p1a: Sableye|Recover|p1a: Sableye\n|-heal|p1a: Sableye|58\/100\n|\n|upkeep\n|turn|75\n|inactive|Shubham 019 has 90 seconds left.\n|\n|t:|1699268939\n|-curestatus|p2a: Zygarde|slp|[msg]\n|move|p2a: Zygarde|Thousand Waves|p1a: Sableye\n|-damage|p1a: Sableye|36\/100\n|move|p1a: Sableye|Recover|p1a: Sableye\n|-heal|p1a: Sableye|86\/100\n|\n|upkeep\n|turn|76\n|inactive|Shubham 019 has 90 seconds left.\n|\n|t:|1699268949\n|move|p2a: Zygarde|Coil|p2a: Zygarde\n|-boost|p2a: Zygarde|atk|1\n|-boost|p2a: Zygarde|def|1\n|-boost|p2a: Zygarde|accuracy|1\n|move|p1a: Sableye|Will-O-Wisp|p2a: Zygarde\n|-status|p2a: Zygarde|brn\n|\n|-damage|p2a: Zygarde|78\/100 brn|[from] brn\n|upkeep\n|turn|77\n|\n|t:|1699268957\n|switch|p1a: Zygarde|Zygarde|100\/100\n|move|p2a: Zygarde|Coil|p2a: Zygarde\n|-boost|p2a: Zygarde|atk|1\n|-boost|p2a: Zygarde|def|1\n|-boost|p2a: Zygarde|accuracy|1\n|\n|-damage|p2a: Zygarde|72\/100 brn|[from] brn\n|upkeep\n|turn|78\n|\n|t:|1699268969\n|move|p2a: Zygarde|Thousand Waves|p1a: Zygarde\n|-damage|p1a: Zygarde|83\/100\n|-activate|p1a: Zygarde|trapped\n|move|p1a: Zygarde|Dragon Tail|p2a: Zygarde\n|-supereffective|p2a: Zygarde\n|-damage|p2a: Zygarde|64\/100 brn\n|drag|p2a: Lunala|Lunala|100\/100\n|\n|-heal|p1a: Zygarde|90\/100|[from] item: Leftovers\n|upkeep\n|turn|79\n|\n|t:|1699268983\n|switch|p1a: Blissey|Blissey, F|96\/100\n|move|p2a: Lunala|Defog|p1a: Blissey\n|-unboost|p1a: Blissey|evasion|1\n|-sideend|p2: Shubham 019|Stealth Rock|[from] move: Defog|[of] p2a: Lunala\n|\n|-heal|p1a: Blissey|100\/100|[from] item: Leftovers\n|upkeep\n|turn|80\n|\n|t:|1699268996\n|switch|p2a: Zacian|Zacian-Crowned, tera:Steel|82\/100 brn\n|switch|p1a: Ho-Oh|Ho-Oh|100\/100\n|\n|-damage|p2a: Zacian|76\/100 brn|[from] brn\n|upkeep\n|turn|81\n|\n|t:|1699269004\n|switch|p2a: Zygarde|Zygarde-Complete|64\/100 brn\n|move|p1a: Ho-Oh|Roar|p2a: Zygarde\n|drag|p2a: Lunala|Lunala|100\/100\n|\n|upkeep\n|turn|82\n|\n|t:|1699269020\n|switch|p2a: Eternatus|Eternatus|94\/100 brn\n|-ability|p2a: Eternatus|Pressure\n|switch|p1a: Blissey|Blissey, F|100\/100\n|\n|-heal|p2a: Eternatus|100\/100 brn|[from] item: Black Sludge\n|-damage|p2a: Eternatus|94\/100 brn|[from] brn\n|upkeep\n|turn|83\n|\n|t:|1699269032\n|move|p2a: Eternatus|Sludge Bomb|p1a: Blissey\n|-damage|p1a: Blissey|87\/100\n|move|p1a: Blissey|Stealth Rock|p2a: Eternatus\n|-sidestart|p2: Shubham 019|move: Stealth Rock\n|\n|-heal|p2a: Eternatus|100\/100 brn|[from] item: Black Sludge\n|-heal|p1a: Blissey|93\/100|[from] item: Leftovers\n|-damage|p2a: Eternatus|94\/100 brn|[from] brn\n|upkeep\n|turn|84\n|\n|t:|1699269041\n|switch|p1a: Ho-Oh|Ho-Oh|100\/100\n|move|p2a: Eternatus|Sludge Bomb|p1a: Ho-Oh\n|-crit|p1a: Ho-Oh\n|-damage|p1a: Ho-Oh|60\/100\n|\n|-heal|p2a: Eternatus|100\/100 brn|[from] item: Black Sludge\n|-damage|p2a: Eternatus|94\/100 brn|[from] brn\n|upkeep\n|turn|85\n|\n|t:|1699269051\n|switch|p1a: Blissey|Blissey, F|93\/100\n|move|p2a: Eternatus|Sludge Bomb|p1a: Blissey\n|-damage|p1a: Blissey|79\/100\n|\n|-heal|p2a: Eternatus|100\/100 brn|[from] item: Black Sludge\n|-heal|p1a: Blissey|86\/100|[from] item: Leftovers\n|-damage|p2a: Eternatus|94\/100 brn|[from] brn\n|upkeep\n|turn|86\n|\n|t:|1699269062\n|switch|p1a: Ho-Oh|Ho-Oh|93\/100\n|move|p2a: Eternatus|Sludge Bomb|p1a: Ho-Oh\n|-damage|p1a: Ho-Oh|68\/100\n|\n|-heal|p2a: Eternatus|100\/100 brn|[from] item: Black Sludge\n|-damage|p2a: Eternatus|94\/100 brn|[from] brn\n|upkeep\n|turn|87\n|\n|t:|1699269072\n|switch|p1a: Blissey|Blissey, F|86\/100\n|move|p2a: Eternatus|Sludge Bomb|p1a: Blissey\n|-damage|p1a: Blissey|73\/100\n|\n|-heal|p2a: Eternatus|100\/100 brn|[from] item: Black Sludge\n|-heal|p1a: Blissey|79\/100|[from] item: Leftovers\n|-damage|p2a: Eternatus|94\/100 brn|[from] brn\n|upkeep\n|turn|88\n|\n|t:|1699269083\n|move|p2a: Eternatus|Sludge Bomb|p1a: Blissey\n|-damage|p1a: Blissey|66\/100\n|move|p1a: Blissey|Confide|p2a: Eternatus\n|-unboost|p2a: Eternatus|spa|1\n|\n|-heal|p2a: Eternatus|100\/100 brn|[from] item: Black Sludge\n|-heal|p1a: Blissey|72\/100|[from] item: Leftovers\n|-damage|p2a: Eternatus|94\/100 brn|[from] brn\n|upkeep\n|turn|89\n|\n|t:|1699269097\n|switch|p2a: Zacian|Zacian-Crowned, tera:Steel|76\/100 brn\n|-damage|p2a: Zacian|70\/100 brn|[from] Stealth Rock\n|switch|p1a: Ho-Oh|Ho-Oh|100\/100\n|\n|-damage|p2a: Zacian|64\/100 brn|[from] brn\n|upkeep\n|turn|90\n|\n|t:|1699269109\n|switch|p2a: Eternatus|Eternatus|94\/100 brn\n|-damage|p2a: Eternatus|82\/100 brn|[from] Stealth Rock\n|-ability|p2a: Eternatus|Pressure\n|move|p1a: Ho-Oh|Roar|p2a: Eternatus\n|drag|p2a: Zacian|Zacian-Crowned, tera:Steel|64\/100 brn\n|-damage|p2a: Zacian|57\/100 brn|[from] Stealth Rock\n|\n|-damage|p2a: Zacian|51\/100 brn|[from] brn\n|upkeep\n|turn|91\n|\n|t:|1699269122\n|switch|p2a: Eternatus|Eternatus|82\/100 brn\n|-damage|p2a: Eternatus|69\/100 brn|[from] Stealth Rock\n|-ability|p2a: Eternatus|Pressure\n|move|p1a: Ho-Oh|Roar|p2a: Eternatus\n|drag|p2a: Zygarde|Zygarde-Complete|64\/100 brn\n|-damage|p2a: Zygarde|58\/100 brn|[from] Stealth Rock\n|\n|-damage|p2a: Zygarde|52\/100 brn|[from] brn\n|upkeep\n|turn|92\n|\n|t:|1699269134\n|switch|p1a: Zygarde|Zygarde|90\/100\n|move|p2a: Zygarde|Thousand Arrows|p1a: Zygarde\n|-damage|p1a: Zygarde|81\/100\n|\n|-heal|p1a: Zygarde|88\/100|[from] item: Leftovers\n|-damage|p2a: Zygarde|46\/100 brn|[from] brn\n|upkeep\n|turn|93\n|\n|t:|1699269149\n|switch|p2a: Zacian|Zacian-Crowned, tera:Steel|51\/100 brn\n|-damage|p2a: Zacian|45\/100 brn|[from] Stealth Rock\n|move|p1a: Zygarde|Dragon Tail|p2a: Zacian\n|-resisted|p2a: Zacian\n|-damage|p2a: Zacian|35\/100 brn\n|drag|p2a: Zygarde|Zygarde-Complete|46\/100 brn\n|-damage|p2a: Zygarde|40\/100 brn|[from] Stealth Rock\n|\n|-heal|p1a: Zygarde|94\/100|[from] item: Leftovers\n|-damage|p2a: Zygarde|34\/100 brn|[from] brn\n|upkeep\n|turn|94\n|\n|t:|1699269163\n|move|p2a: Zygarde|Rest|p2a: Zygarde\n|-status|p2a: Zygarde|slp|[from] move: Rest\n|-heal|p2a: Zygarde|100\/100 slp|[silent]\n|move|p1a: Zygarde|Dragon Tail|p2a: Zygarde\n|-supereffective|p2a: Zygarde\n|-damage|p2a: Zygarde|84\/100 slp\n|drag|p2a: Zacian|Zacian-Crowned, tera:Steel|35\/100 brn\n|-damage|p2a: Zacian|29\/100 brn|[from] Stealth Rock\n|\n|-heal|p1a: Zygarde|99\/100|[from] item: Leftovers\n|-damage|p2a: Zacian|23\/100 brn|[from] brn\n|upkeep\n|turn|95\n|\n|t:|1699269177\n|switch|p1a: Ho-Oh|Ho-Oh|100\/100\n|move|p2a: Zacian|Play Rough|p1a: Ho-Oh\n|-resisted|p1a: Ho-Oh\n|-damage|p1a: Ho-Oh|92\/100\n|\n|-damage|p2a: Zacian|16\/100 brn|[from] brn\n|upkeep\n|turn|96\n|\n|t:|1699269191\n|switch|p2a: Yveltal|Yveltal|63\/100 tox\n|-damage|p2a: Yveltal|39\/100 tox|[from] Stealth Rock\n|-ability|p2a: Yveltal|Dark Aura\n|move|p1a: Ho-Oh|Roar|p2a: Yveltal\n|drag|p2a: Eternatus|Eternatus|69\/100 brn\n|-damage|p2a: Eternatus|57\/100 brn|[from] Stealth Rock\n|-ability|p2a: Eternatus|Pressure\n|\n|-heal|p2a: Eternatus|63\/100 brn|[from] item: Black Sludge\n|-damage|p2a: Eternatus|57\/100 brn|[from] brn\n|upkeep\n|turn|97\n|\n|t:|1699269206\n|switch|p1a: Blissey|Blissey, F|72\/100\n|move|p2a: Eternatus|Sludge Bomb|p1a: Blissey\n|-damage|p1a: Blissey|60\/100\n|\n|-heal|p2a: Eternatus|63\/100 brn|[from] item: Black Sludge\n|-heal|p1a: Blissey|66\/100|[from] item: Leftovers\n|-damage|p2a: Eternatus|57\/100 brn|[from] brn\n|upkeep\n|turn|98\n|\n|t:|1699269217\n|move|p2a: Eternatus|Dynamax Cannon|p1a: Blissey\n|-damage|p1a: Blissey|51\/100\n|move|p1a: Blissey|Soft-Boiled|p1a: Blissey\n|-heal|p1a: Blissey|100\/100\n|\n|-heal|p2a: Eternatus|63\/100 brn|[from] item: Black Sludge\n|-damage|p2a: Eternatus|57\/100 brn|[from] brn\n|upkeep\n|turn|99\n|-message|Shubham 019 forfeited.\n|\n|win|Mayler1414\n|raw|Mayler1414's rating: 1458 &rarr; <strong>1482<\/strong><br \/>(+24 for winning)\n|raw|Shubham 019's rating: 1532 &rarr; <strong>1508<\/strong><br \/>(-24 for losing)\n|l|\u2606Shubham 019\n","uploadtime":1699269240,"views":4,"p1id":"mayler1414","p2id":"shubham019","formatid":"gen9nationaldexubers","rating":1482,"private":0,"password":""}