{"id":"gen9nationaldexubers-1997309624","p1":"Blake-Mamba","p2":"pickelate","format":"[Gen 9] National Dex Ubers","log":"|j|\u2606Blake-Mamba\n|j|\u2606pickelate\n|t:|1700787674\n|gametype|singles\n|player|p1|Blake-Mamba|juan|1399\n|player|p2|pickelate|burglar|1306\n|teamsize|p1|6\n|teamsize|p2|6\n|gen|9\n|tier|[Gen 9] National Dex Ubers\n|rated|\n|rule|HP Percentage Mod: HP is shown in percentages\n|rule|Endless Battle Clause: Forcing endless battles is banned\n|rule|OHKO Clause: OHKO moves are banned\n|rule|Evasion Moves Clause: Evasion moves are banned\n|rule|Evasion Items Clause: Evasion items are banned\n|rule|Species Clause: Limit one of each Pok\u00e9mon\n|rule|Sleep Clause Mod: Limit one foe put to sleep\n|rule|Mega Rayquaza Clause: You cannot mega evolve Rayquaza\n|clearpoke\n|poke|p1|Arceus|\n|poke|p1|Diancie|\n|poke|p1|Ho-Oh|\n|poke|p1|Xerneas-*|\n|poke|p1|Marshadow|\n|poke|p1|Necrozma-Dusk-Mane|\n|poke|p2|Gliscor, M|\n|poke|p2|Baxcalibur, M|\n|poke|p2|Grimmsnarl, M|\n|poke|p2|Ferrothorn, M|\n|poke|p2|Garganacl, M|\n|poke|p2|Heracross, M|\n|teampreview\n|\n|t:|1700787679\n|start\n|switch|p1a: Diancie|Diancie|100\/100\n|switch|p2a: Grimmsnarl|Grimmsnarl, M|100\/100\n|turn|1\n|c|\u2606Blake-Mamba|Happy thanksgiving\n|c|\u2606pickelate|to you too\n|\n|t:|1700787693\n|detailschange|p1a: Diancie|Diancie-Mega\n|-mega|p1a: Diancie|Diancie|Diancite\n|move|p2a: Grimmsnarl|Taunt|p1a: Diancie\n|move|p1a: Diancie|Taunt|p2a: Grimmsnarl|[from]ability: Magic Bounce\n|-start|p2a: Grimmsnarl|move: Taunt\n|move|p1a: Diancie|Moonblast|p2a: Grimmsnarl\n|-supereffective|p2a: Grimmsnarl\n|-damage|p2a: Grimmsnarl|8\/100\n|\n|upkeep\n|turn|2\n|\n|t:|1700787708\n|switch|p2a: Ferrothorn|Ferrothorn, M, shiny|100\/100\n|move|p1a: Diancie|Stealth Rock|p2a: Ferrothorn\n|-sidestart|p2: pickelate|move: Stealth Rock\n|\n|upkeep\n|turn|3\n|\n|t:|1700787716\n|switch|p1a: Ho-Oh|Ho-Oh|100\/100\n|move|p2a: Ferrothorn|Leech Seed|p1a: Ho-Oh\n|-start|p1a: Ho-Oh|move: Leech Seed\n|\n|-damage|p1a: Ho-Oh|88\/100|[from] Leech Seed|[of] p2a: Ferrothorn\n|upkeep\n|turn|4\n|\n|t:|1700787723\n|switch|p2a: Garganacl|Garganacl, M|100\/100\n|-damage|p2a: Garganacl|88\/100|[from] Stealth Rock\n|move|p1a: Ho-Oh|Sacred Fire|p2a: Garganacl\n|-resisted|p2a: Garganacl\n|-damage|p2a: Garganacl|62\/100\n|-damage|p1a: Ho-Oh|78\/100|[from] item: Life Orb\n|\n|-heal|p2a: Garganacl|69\/100|[from] item: Leftovers\n|-damage|p1a: Ho-Oh|66\/100|[from] Leech Seed|[of] p2a: Garganacl\n|-heal|p2a: Garganacl|81\/100|[silent]\n|upkeep\n|turn|5\n|\n|t:|1700787735\n|switch|p1a: Diancie|Diancie-Mega|100\/100\n|move|p2a: Garganacl|Salt Cure|p1a: Diancie\n|-damage|p1a: Diancie|81\/100\n|-start|p1a: Diancie|Salt Cure\n|\n|-heal|p2a: Garganacl|87\/100|[from] item: Leftovers\n|-damage|p1a: Diancie|68\/100|[from] Salt Cure\n|upkeep\n|turn|6\n|\n|t:|1700787745\n|move|p1a: Diancie|Earth Power|p2a: Garganacl\n|-supereffective|p2a: Garganacl\n|-damage|p2a: Garganacl|39\/100\n|move|p2a: Garganacl|Iron Defense|p2a: Garganacl\n|-boost|p2a: Garganacl|def|2\n|\n|-heal|p2a: Garganacl|45\/100|[from] item: Leftovers\n|-damage|p1a: Diancie|56\/100|[from] Salt Cure\n|upkeep\n|turn|7\n|\n|t:|1700787755\n|move|p1a: Diancie|Earth Power|p2a: Garganacl\n|-supereffective|p2a: Garganacl\n|-crit|p2a: Garganacl\n|-damage|p2a: Garganacl|0 fnt\n|faint|p2a: Garganacl\n|\n|-damage|p1a: Diancie|43\/100|[from] Salt Cure\n|upkeep\n|\n|t:|1700787759\n|switch|p2a: Grimmsnarl|Grimmsnarl, M|8\/100\n|-damage|p2a: Grimmsnarl|0 fnt|[from] Stealth Rock\n|faint|p2a: Grimmsnarl\n|\n|t:|1700787765\n|switch|p2a: Ferrothorn|Ferrothorn, M, shiny|100\/100\n|-damage|p2a: Ferrothorn|94\/100|[from] Stealth Rock\n|turn|8\n|\n|t:|1700787771\n|move|p1a: Diancie|Earth Power|p2a: Ferrothorn\n|-damage|p2a: Ferrothorn|71\/100\n|-unboost|p2a: Ferrothorn|spd|1\n|move|p2a: Ferrothorn|Leech Seed|p1a: Diancie\n|move|p1a: Diancie|Leech Seed|p2a: Ferrothorn|[from]ability: Magic Bounce\n|-immune|p2a: Ferrothorn\n|\n|-heal|p2a: Ferrothorn|77\/100|[from] item: Leftovers\n|-damage|p1a: Diancie|31\/100|[from] Salt Cure\n|upkeep\n|turn|9\n|\n|t:|1700787784\n|switch|p1a: Ho-Oh|Ho-Oh|99\/100\n|move|p2a: Ferrothorn|Stealth Rock|p1a: Ho-Oh\n|-sidestart|p1: Blake-Mamba|move: Stealth Rock\n|\n|-heal|p2a: Ferrothorn|83\/100|[from] item: Leftovers\n|upkeep\n|turn|10\n|\n|t:|1700787791\n|switch|p2a: Gliscor|Gliscor, M, shiny|100\/100\n|-damage|p2a: Gliscor|88\/100|[from] Stealth Rock\n|move|p1a: Ho-Oh|Sacred Fire|p2a: Gliscor\n|-damage|p2a: Gliscor|44\/100\n|-status|p2a: Gliscor|brn\n|-damage|p1a: Ho-Oh|89\/100|[from] item: Life Orb\n|\n|-damage|p2a: Gliscor|38\/100 brn|[from] brn\n|upkeep\n|turn|11\n|\n|t:|1700787803\n|move|p2a: Gliscor|Protect|p2a: Gliscor\n|-singleturn|p2a: Gliscor|Protect\n|move|p1a: Ho-Oh|Sacred Fire|p2a: Gliscor\n|-activate|p2a: Gliscor|move: Protect\n|\n|-damage|p2a: Gliscor|32\/100 brn|[from] brn\n|upkeep\n|turn|12\n|\n|t:|1700787812\n|move|p2a: Gliscor|Tailwind|p2a: Gliscor\n|-sidestart|p2: pickelate|move: Tailwind\n|move|p1a: Ho-Oh|Sacred Fire|p2a: Gliscor\n|-damage|p2a: Gliscor|0 fnt\n|faint|p2a: Gliscor\n|-damage|p1a: Ho-Oh|80\/100|[from] item: Life Orb\n|\n|upkeep\n|\n|t:|1700787819\n|switch|p2a: Baxcalibur|Baxcalibur, M|100\/100\n|-damage|p2a: Baxcalibur|76\/100|[from] Stealth Rock\n|turn|13\n|\n|t:|1700787824\n|-terastallize|p2a: Baxcalibur|Dragon\n|move|p2a: Baxcalibur|Dragon Dance|p2a: Baxcalibur\n|-boost|p2a: Baxcalibur|atk|1\n|-boost|p2a: Baxcalibur|spe|1\n|move|p1a: Ho-Oh|Brave Bird|p2a: Baxcalibur\n|-damage|p2a: Baxcalibur|0 fnt\n|faint|p2a: Baxcalibur\n|-damage|p1a: Ho-Oh|57\/100|[from] Recoil\n|-damage|p1a: Ho-Oh|47\/100|[from] item: Life Orb\n|\n|upkeep\n|\n|t:|1700787832\n|switch|p2a: Heracross|Heracross, M|100\/100\n|-damage|p2a: Heracross|88\/100|[from] Stealth Rock\n|turn|14\n|\n|t:|1700787839\n|detailschange|p2a: Heracross|Heracross-Mega, M\n|-mega|p2a: Heracross|Heracross|Heracronite\n|-terastallize|p1a: Ho-Oh|Ground\n|move|p2a: Heracross|Rock Blast|p1a: Ho-Oh\n|-resisted|p1a: Ho-Oh\n|-damage|p1a: Ho-Oh|42\/100\n|-resisted|p1a: Ho-Oh\n|-damage|p1a: Ho-Oh|36\/100\n|-resisted|p1a: Ho-Oh\n|-damage|p1a: Ho-Oh|30\/100\n|-resisted|p1a: Ho-Oh\n|-damage|p1a: Ho-Oh|24\/100\n|-resisted|p1a: Ho-Oh\n|-damage|p1a: Ho-Oh|18\/100\n|-hitcount|p1a: Ho-Oh|5\n|move|p1a: Ho-Oh|Sacred Fire|p2a: Heracross\n|-supereffective|p2a: Heracross\n|-damage|p2a: Heracross|0 fnt\n|faint|p2a: Heracross\n|-damage|p1a: Ho-Oh|8\/100|[from] item: Life Orb\n|\n|upkeep\n|\n|t:|1700787846\n|switch|p2a: Ferrothorn|Ferrothorn, M, shiny|83\/100\n|-damage|p2a: Ferrothorn|77\/100|[from] Stealth Rock\n|turn|15\n|-message|pickelate forfeited.\n|\n|win|Blake-Mamba\n|raw|Blake-Mamba's rating: 1399 &rarr; <strong>1414<\/strong><br \/>(+15 for winning)\n|raw|pickelate's rating: 1306 &rarr; <strong>1291<\/strong><br \/>(-15 for losing)\n|l|\u2606pickelate\n|c|\u2606Blake-Mamba|Gg\n","uploadtime":1700787870,"views":4,"p1id":"blakemamba","p2id":"pickelate","formatid":"gen9nationaldexubers","rating":1291,"private":0,"password":""}