{"id":"gen9nationaldexubers-1986575163","p1":"larrybtheg","p2":"jharvtrey","format":"[Gen 9] National Dex Ubers","log":"|j|\u2606larrybtheg\n|j|\u2606jharvtrey\n|t:|1699493689\n|gametype|singles\n|player|p1|larrybtheg|dawn|\n|player|p2|jharvtrey|2|\n|teamsize|p1|6\n|teamsize|p2|6\n|gen|9\n|tier|[Gen 9] National Dex Ubers\n|rule|HP Percentage Mod: HP is shown in percentages\n|rule|Endless Battle Clause: Forcing endless battles is banned\n|rule|OHKO Clause: OHKO moves are banned\n|rule|Evasion Moves Clause: Evasion moves are banned\n|rule|Evasion Items Clause: Evasion items are banned\n|rule|Species Clause: Limit one of each Pok\u00e9mon\n|rule|Sleep Clause Mod: Limit one foe put to sleep\n|rule|Mega Rayquaza Clause: You cannot mega evolve Rayquaza\n|clearpoke\n|poke|p1|Swampert, F|\n|poke|p1|Staraptor, M|\n|poke|p1|Tyranitar, F|\n|poke|p1|Bronzong|\n|poke|p1|Cradily, F|\n|poke|p1|Flygon, M|\n|poke|p2|Starmie|\n|poke|p2|Heracross, F|\n|poke|p2|Dragonite, F|\n|poke|p2|Venusaur, F|\n|poke|p2|Ninetales, F|\n|poke|p2|Forretress, M|\n|teampreview\n|c|\u2606larrybtheg|glhf\n|c|\u2606jharvtrey|glhf!\n|c|\u2606jharvtrey|This should definitely be a battle\n|\n|t:|1699493728\n|start\n|switch|p1a: Bronzong|Bronzong|100\/100\n|switch|p2a: Ninetales|Ninetales, F, shiny|100\/100\n|-weather|SunnyDay|[from] ability: Drought|[of] p2a: Ninetales\n|turn|1\n|\n|t:|1699493753\n|switch|p1a: Tyranitar|Tyranitar, F, shiny|100\/100\n|-weather|Sandstorm|[from] ability: Sand Stream|[of] p1a: Tyranitar\n|move|p2a: Ninetales|Fire Blast|p1a: Tyranitar\n|-resisted|p1a: Tyranitar\n|-damage|p1a: Tyranitar|89\/100\n|\n|-weather|Sandstorm|[upkeep]\n|-damage|p2a: Ninetales|95\/100|[from] Sandstorm\n|upkeep\n|turn|2\n|\n|t:|1699493846\n|switch|p2a: Forretress|Forretress, M|100\/100\n|move|p1a: Tyranitar|Rock Slide|p2a: Forretress\n|-damage|p2a: Forretress|76\/100\n|\n|-weather|Sandstorm|[upkeep]\n|-heal|p2a: Forretress|83\/100|[from] item: Leftovers\n|upkeep\n|turn|3\n|\n|t:|1699493928\n|move|p1a: Tyranitar|Fire Blast|p2a: Forretress\n|-supereffective|p2a: Forretress\n|-damage|p2a: Forretress|0 fnt\n|faint|p2a: Forretress\n|\n|-weather|Sandstorm|[upkeep]\n|upkeep\n|\n|t:|1699493943\n|switch|p2a: Ninetales|Ninetales, F, shiny|95\/100\n|-weather|SunnyDay|[from] ability: Drought|[of] p2a: Ninetales\n|turn|4\n|\n|t:|1699494043\n|switch|p1a: Cradily|Cradily, F|100\/100\n|move|p2a: Ninetales|Solar Beam||[still]\n|-prepare|p2a: Ninetales|Solar Beam\n|-anim|p2a: Ninetales|Solar Beam|p1a: Cradily\n|-damage|p1a: Cradily|83\/100\n|\n|-weather|SunnyDay|[upkeep]\n|-heal|p1a: Cradily|89\/100|[from] item: Leftovers\n|upkeep\n|turn|5\n|\n|t:|1699494085\n|switch|p1a: Tyranitar|Tyranitar, F, shiny|89\/100\n|-weather|Sandstorm|[from] ability: Sand Stream|[of] p1a: Tyranitar\n|move|p2a: Ninetales|Nasty Plot|p2a: Ninetales\n|-boost|p2a: Ninetales|spa|2\n|\n|-weather|Sandstorm|[upkeep]\n|-damage|p2a: Ninetales|89\/100|[from] Sandstorm\n|upkeep\n|turn|6\n|\n|t:|1699494171\n|move|p2a: Ninetales|Will-O-Wisp|p1a: Tyranitar\n|-status|p1a: Tyranitar|brn\n|move|p1a: Tyranitar|Rock Slide|p2a: Ninetales\n|-supereffective|p2a: Ninetales\n|-damage|p2a: Ninetales|22\/100\n|\n|-weather|Sandstorm|[upkeep]\n|-damage|p2a: Ninetales|17\/100|[from] Sandstorm\n|-damage|p1a: Tyranitar|82\/100 brn|[from] brn\n|upkeep\n|turn|7\n|\n|t:|1699494199\n|-activate|p2a: Ninetales|move: Pursuit\n|move|p1a: Tyranitar|Pursuit|p2a: Ninetales|[from]Pursuit\n|-damage|p2a: Ninetales|0 fnt\n|faint|p2a: Ninetales\n|-hint|A Pokemon can't switch between when it runs out of HP and when it faints\n|\n|-weather|Sandstorm|[upkeep]\n|-damage|p1a: Tyranitar|76\/100 brn|[from] brn\n|upkeep\n|\n|t:|1699494204\n|switch|p2a: Heracross|Heracross, F|100\/100\n|turn|8\n|\n|t:|1699494220\n|switch|p1a: Staraptor|Staraptor, M|100\/100\n|-ability|p1a: Staraptor|Intimidate|boost\n|-unboost|p2a: Heracross|atk|1\n|move|p2a: Heracross|Megahorn|p1a: Staraptor|[miss]\n|-miss|p2a: Heracross|p1a: Staraptor\n|\n|-weather|Sandstorm|[upkeep]\n|-damage|p2a: Heracross|95\/100|[from] Sandstorm\n|-damage|p1a: Staraptor|94\/100|[from] Sandstorm\n|upkeep\n|turn|9\n|c|\u2606jharvtrey|The miss :(\n|c|\u2606larrybtheg|Rip\n|\n|t:|1699494277\n|switch|p2a: Dragonite|Dragonite, F|100\/100\n|move|p1a: Staraptor|Brave Bird|p2a: Dragonite\n|-damage|p2a: Dragonite|67\/100\n|-damage|p1a: Staraptor|83\/100|[from] Recoil\n|\n|-weather|none\n|upkeep\n|turn|10\n|\n|t:|1699494309\n|move|p1a: Staraptor|Return|p2a: Dragonite\n|-damage|p2a: Dragonite|12\/100\n|move|p2a: Dragonite|Dragon Claw|p1a: Staraptor\n|-damage|p1a: Staraptor|16\/100\n|\n|upkeep\n|turn|11\n|\n|t:|1699494336\n|switch|p1a: Bronzong|Bronzong|100\/100\n|switch|p2a: Starmie|Starmie|100\/100\n|\n|upkeep\n|turn|12\n|\n|t:|1699494378\n|move|p2a: Starmie|Hydro Pump|p1a: Bronzong|[miss]\n|-miss|p2a: Starmie|p1a: Bronzong\n|move|p1a: Bronzong|Stealth Rock|p2a: Starmie\n|-sidestart|p2: jharvtrey|move: Stealth Rock\n|\n|upkeep\n|turn|13\n|c|\u2606jharvtrey|Bro\n|c|\u2606larrybtheg|Tragic\n|c|\u2606jharvtrey|:(\n|\n|t:|1699494399\n|switch|p1a: Cradily|Cradily, F|89\/100\n|move|p2a: Starmie|Hydro Pump|p1a: Cradily\n|-ability|p1a: Cradily|Storm Drain|boost\n|-boost|p1a: Cradily|spa|1\n|\n|-heal|p1a: Cradily|95\/100|[from] item: Leftovers\n|upkeep\n|turn|14\n|c|\u2606jharvtrey|gg\n|\n|t:|1699494418\n|move|p2a: Starmie|Ice Beam|p1a: Cradily\n|-supereffective|p1a: Cradily\n|-crit|p1a: Cradily\n|-damage|p1a: Cradily|33\/100\n|move|p1a: Cradily|Leech Seed|p2a: Starmie|[miss]\n|-miss|p1a: Cradily|p2a: Starmie\n|\n|-heal|p1a: Cradily|39\/100|[from] item: Leftovers\n|upkeep\n|turn|15\n|\n|t:|1699494443\n|switch|p1a: Tyranitar|Tyranitar, F, shiny|76\/100 brn\n|-weather|Sandstorm|[from] ability: Sand Stream|[of] p1a: Tyranitar\n|move|p2a: Starmie|Ice Beam|p1a: Tyranitar\n|-damage|p1a: Tyranitar|59\/100 brn\n|\n|-weather|Sandstorm|[upkeep]\n|-damage|p2a: Starmie|94\/100|[from] Sandstorm\n|-damage|p1a: Tyranitar|53\/100 brn|[from] brn\n|upkeep\n|turn|16\n|\n|t:|1699494466\n|switch|p1a: Cradily|Cradily, F|39\/100\n|move|p2a: Starmie|Grass Knot|p1a: Cradily\n|-damage|p1a: Cradily|28\/100\n|\n|-weather|Sandstorm|[upkeep]\n|-damage|p2a: Starmie|88\/100|[from] Sandstorm\n|-heal|p1a: Cradily|34\/100|[from] item: Leftovers\n|upkeep\n|turn|17\n|\n|t:|1699494480\n|move|p2a: Starmie|Ice Beam|p1a: Cradily\n|-supereffective|p1a: Cradily\n|-damage|p1a: Cradily|3\/100\n|move|p1a: Cradily|Recover|p1a: Cradily\n|-heal|p1a: Cradily|53\/100\n|\n|-weather|Sandstorm|[upkeep]\n|-damage|p2a: Starmie|82\/100|[from] Sandstorm\n|-heal|p1a: Cradily|60\/100|[from] item: Leftovers\n|upkeep\n|turn|18\n|\n|t:|1699494502\n|switch|p2a: Heracross|Heracross, F|95\/100\n|-damage|p2a: Heracross|82\/100|[from] Stealth Rock\n|move|p1a: Cradily|Recover|p1a: Cradily\n|-heal|p1a: Cradily|100\/100\n|\n|-weather|Sandstorm|[upkeep]\n|-damage|p2a: Heracross|76\/100|[from] Sandstorm\n|upkeep\n|turn|19\n|\n|t:|1699494539\n|switch|p1a: Bronzong|Bronzong|100\/100\n|move|p2a: Heracross|Megahorn|p1a: Bronzong\n|-crit|p1a: Bronzong\n|-damage|p1a: Bronzong|33\/100\n|\n|-weather|none\n|-heal|p1a: Bronzong|39\/100|[from] item: Leftovers\n|upkeep\n|turn|20\n|\n|t:|1699494555\n|move|p1a: Bronzong|Protect|p1a: Bronzong\n|-singleturn|p1a: Bronzong|Protect\n|move|p2a: Heracross|Megahorn|p1a: Bronzong\n|-activate|p1a: Bronzong|move: Protect\n|\n|-heal|p1a: Bronzong|45\/100|[from] item: Leftovers\n|upkeep\n|turn|21\n|\n|t:|1699494594\n|move|p2a: Heracross|Megahorn|p1a: Bronzong\n|-damage|p1a: Bronzong|4\/100\n|move|p1a: Bronzong|Gyro Ball|p2a: Heracross\n|-crit|p2a: Heracross\n|-damage|p2a: Heracross|0 fnt\n|faint|p2a: Heracross\n|\n|-heal|p1a: Bronzong|11\/100|[from] item: Leftovers\n|upkeep\n|\n|t:|1699494622\n|switch|p2a: Venusaur|Venusaur, F|100\/100\n|-damage|p2a: Venusaur|88\/100|[from] Stealth Rock\n|turn|22\n|\n|t:|1699494646\n|move|p2a: Venusaur|Growth|p2a: Venusaur\n|-boost|p2a: Venusaur|atk|1\n|-boost|p2a: Venusaur|spa|1\n|move|p1a: Bronzong|Gyro Ball|p2a: Venusaur\n|-damage|p2a: Venusaur|45\/100\n|\n|-heal|p2a: Venusaur|51\/100|[from] item: Leftovers\n|-heal|p1a: Bronzong|17\/100|[from] item: Leftovers\n|upkeep\n|turn|23\n|\n|t:|1699494658\n|move|p2a: Venusaur|Giga Drain|p1a: Bronzong\n|-resisted|p1a: Bronzong\n|-damage|p1a: Bronzong|0 fnt\n|-heal|p2a: Venusaur|61\/100|[from] drain|[of] p1a: Bronzong\n|faint|p1a: Bronzong\n|\n|-heal|p2a: Venusaur|67\/100|[from] item: Leftovers\n|upkeep\n|\n|t:|1699494685\n|switch|p1a: Staraptor|Staraptor, M|16\/100\n|-ability|p1a: Staraptor|Intimidate|boost\n|-unboost|p2a: Venusaur|atk|1\n|turn|24\n|\n|t:|1699494718\n|move|p1a: Staraptor|Brave Bird|p2a: Venusaur\n|-supereffective|p2a: Venusaur\n|-damage|p2a: Venusaur|0 fnt\n|faint|p2a: Venusaur\n|-damage|p1a: Staraptor|0 fnt|[from] Recoil\n|faint|p1a: Staraptor\n|\n|upkeep\n|\n|t:|1699494733\n|switch|p1a: Tyranitar|Tyranitar, F, shiny|53\/100 brn\n|switch|p2a: Starmie|Starmie|82\/100\n|-damage|p2a: Starmie|70\/100|[from] Stealth Rock\n|-weather|Sandstorm|[from] ability: Sand Stream|[of] p1a: Tyranitar\n|turn|25\n|\n|t:|1699494740\n|move|p2a: Starmie|Ice Beam|p1a: Tyranitar\n|-damage|p1a: Tyranitar|36\/100 brn\n|move|p1a: Tyranitar|Crunch|p2a: Starmie\n|-supereffective|p2a: Starmie\n|-damage|p2a: Starmie|0 fnt\n|faint|p2a: Starmie\n|\n|-weather|Sandstorm|[upkeep]\n|-damage|p1a: Tyranitar|30\/100 brn|[from] brn\n|upkeep\n|\n|t:|1699494743\n|switch|p2a: Dragonite|Dragonite, F|12\/100\n|turn|26\n|c|\u2606jharvtrey|gg\n|\n|t:|1699494759\n|move|p2a: Dragonite|Iron Head|p1a: Tyranitar\n|-supereffective|p1a: Tyranitar\n|-damage|p1a: Tyranitar|0 fnt\n|faint|p1a: Tyranitar\n|\n|-weather|Sandstorm|[upkeep]\n|-damage|p2a: Dragonite|6\/100|[from] Sandstorm\n|upkeep\n|\n|t:|1699494774\n|switch|p1a: Swampert|Swampert, F|100\/100\n|turn|27\n|\n|t:|1699494792\n|move|p2a: Dragonite|Dragon Claw|p1a: Swampert\n|-damage|p1a: Swampert|71\/100\n|move|p1a: Swampert|Ice Punch|p2a: Dragonite\n|-supereffective|p2a: Dragonite\n|-damage|p2a: Dragonite|0 fnt\n|faint|p2a: Dragonite\n|\n|win|larrybtheg\n|c|\u2606larrybtheg|gg\n","uploadtime":1699494801,"views":25,"p1id":"larrybtheg","p2id":"jharvtrey","formatid":"gen9nationaldexubers","rating":0,"private":0,"password":""}