{"id":"gen9nationaldexubers-1988115150","p1":"tbor2002","p2":"lunchbox5536","format":"[Gen 9] National Dex Ubers","log":"|j|\u2606tbor2002\n|j|\u2606lunchbox5536\n|t:|1699671395\n|gametype|singles\n|player|p1|tbor2002|wattson|\n|player|p2|lunchbox5536|ghetsis|\n|teamsize|p1|6\n|teamsize|p2|6\n|gen|9\n|tier|[Gen 9] National Dex Ubers\n|rule|HP Percentage Mod: HP is shown in percentages\n|rule|Endless Battle Clause: Forcing endless battles is banned\n|rule|OHKO Clause: OHKO moves are banned\n|rule|Evasion Moves Clause: Evasion moves are banned\n|rule|Evasion Items Clause: Evasion items are banned\n|rule|Species Clause: Limit one of each Pok\u00e9mon\n|rule|Sleep Clause Mod: Limit one foe put to sleep\n|rule|Mega Rayquaza Clause: You cannot mega evolve Rayquaza\n|clearpoke\n|poke|p1|Walking Wake|\n|poke|p1|Muk-Alola, F|\n|poke|p1|Jolteon, F|\n|poke|p1|Toxicroak, M|\n|poke|p1|Crabominable, F|\n|poke|p1|Glimmet, M|\n|poke|p2|Torkoal, M|\n|poke|p2|Zoroark-Hisui, M|\n|poke|p2|Grimmsnarl, M|\n|poke|p2|Articuno|\n|poke|p2|Klawf, M|\n|poke|p2|Shelgon, M|\n|teampreview\n|j| Jam20Jam\n|\n|t:|1699671460\n|start\n|switch|p1a: Crabominable|Crabominable, F|100\/100\n|switch|p2a: Krampus|Grimmsnarl, M|100\/100\n|turn|1\n|\n|t:|1699671468\n|switch|p1a: Glimmet|Glimmet, M|100\/100\n|move|p2a: Krampus|Fake Out|p1a: Glimmet\n|-resisted|p1a: Glimmet\n|-damage|p1a: Glimmet|79\/100\n|-activate|p1a: Glimmet|ability: Toxic Debris\n|-sidestart|p2: lunchbox5536|move: Toxic Spikes\n|\n|upkeep\n|turn|2\n|j| HeirEhm\n|\n|t:|1699671485\n|move|p1a: Glimmet|Stealth Rock|p2a: Krampus\n|-sidestart|p2: lunchbox5536|move: Stealth Rock\n|move|p2a: Krampus|Drain Punch|p1a: Glimmet\n|-damage|p1a: Glimmet|4\/100\n|-activate|p1a: Glimmet|ability: Toxic Debris\n|-sidestart|p2: lunchbox5536|move: Toxic Spikes\n|\n|upkeep\n|turn|3\n|\n|t:|1699671503\n|move|p1a: Glimmet|Sunny Day|p1a: Glimmet\n|-weather|SunnyDay\n|move|p2a: Krampus|Drain Punch|p1a: Glimmet\n|-damage|p1a: Glimmet|0 fnt\n|faint|p1a: Glimmet\n|\n|-weather|SunnyDay|[upkeep]\n|upkeep\n|\n|t:|1699671516\n|switch|p1a: Muk|Muk-Alola, F|100\/100\n|turn|4\n|c| HeirEhm|RAINBOW CUM\n|\n|t:|1699671562\n|switch|p2a: Hello and Goodbye|Shelgon, M|100\/100\n|-status|p2a: Hello and Goodbye|tox\n|-damage|p2a: Hello and Goodbye|88\/100 tox|[from] Stealth Rock\n|move|p1a: Muk|Poison Jab|p2a: Hello and Goodbye\n|-damage|p2a: Hello and Goodbye|45\/100 tox\n|\n|-weather|SunnyDay|[upkeep]\n|-damage|p2a: Hello and Goodbye|39\/100 tox|[from] psn\n|upkeep\n|turn|5\n|\n|t:|1699671588\n|move|p2a: Hello and Goodbye|Facade|p1a: Muk\n|-damage|p1a: Muk|57\/100\n|move|p1a: Muk|Knock Off|p2a: Hello and Goodbye\n|-damage|p2a: Hello and Goodbye|0 fnt\n|-enditem|p2a: Hello and Goodbye|Assault Vest|[from] move: Knock Off|[of] p1a: Muk\n|faint|p2a: Hello and Goodbye\n|\n|-weather|SunnyDay|[upkeep]\n|upkeep\n|\n|t:|1699671596\n|switch|p2a: Vanilla Ice|Articuno|100\/100\n|-ability|p2a: Vanilla Ice|Pressure\n|turn|6\n|\n|t:|1699671607\n|move|p2a: Vanilla Ice|Defog|p1a: Muk\n|-unboost|p1a: Muk|evasion|1\n|-sideend|p2: lunchbox5536|Toxic Spikes|[from] move: Defog|[of] p2a: Vanilla Ice\n|-sideend|p2: lunchbox5536|Stealth Rock|[from] move: Defog|[of] p2a: Vanilla Ice\n|move|p1a: Muk|Poison Jab|p2a: Vanilla Ice\n|-damage|p2a: Vanilla Ice|60\/100\n|-status|p2a: Vanilla Ice|psn\n|\n|-weather|SunnyDay|[upkeep]\n|-damage|p2a: Vanilla Ice|48\/100 psn|[from] psn\n|upkeep\n|turn|7\n|\n|t:|1699671654\n|move|p2a: Vanilla Ice|Ice Beam|p1a: Muk\n|-damage|p1a: Muk|35\/100\n|move|p1a: Muk|Knock Off|p2a: Vanilla Ice\n|-damage|p2a: Vanilla Ice|0 fnt\n|-enditem|p2a: Vanilla Ice|Heavy-Duty Boots|[from] move: Knock Off|[of] p1a: Muk\n|faint|p2a: Vanilla Ice\n|\n|-weather|none\n|upkeep\n|\n|t:|1699671668\n|switch|p2a: Krampus|Grimmsnarl, M|100\/100\n|turn|8\n|\n|t:|1699671673\n|move|p2a: Krampus|Fake Out|p1a: Muk\n|-damage|p1a: Muk|21\/100\n|cant|p1a: Muk|flinch\n|\n|upkeep\n|turn|9\n|\n|t:|1699671687\n|move|p2a: Krampus|Play Rough|p1a: Muk\n|-damage|p1a: Muk|0 fnt\n|faint|p1a: Muk\n|\n|upkeep\n|\n|t:|1699671705\n|switch|p1a: Toxicroak|Toxicroak, M|100\/100\n|turn|10\n|\n|t:|1699671716\n|switch|p2a: AAAAAAAAAAAA|Klawf, M|100\/100\n|move|p1a: Toxicroak|Swords Dance|p1a: Toxicroak\n|-boost|p1a: Toxicroak|atk|2\n|\n|upkeep\n|turn|11\n|\n|t:|1699671729\n|-terastallize|p2a: AAAAAAAAAAAA|Ghost\n|move|p1a: Toxicroak|Drain Punch|p2a: AAAAAAAAAAAA\n|-immune|p2a: AAAAAAAAAAAA\n|move|p2a: AAAAAAAAAAAA|Stomping Tantrum|p1a: Toxicroak\n|-supereffective|p1a: Toxicroak\n|-damage|p1a: Toxicroak|31\/100\n|\n|upkeep\n|turn|12\n|c| HeirEhm|lmao\n|c| HeirEhm|read like a book\n|\n|t:|1699671745\n|move|p1a: Toxicroak|Sucker Punch|p2a: AAAAAAAAAAAA\n|-supereffective|p2a: AAAAAAAAAAAA\n|-damage|p2a: AAAAAAAAAAAA|5\/100\n|-damage|p1a: Toxicroak|21\/100|[from] item: Life Orb\n|move|p2a: AAAAAAAAAAAA|Stomping Tantrum|p1a: Toxicroak\n|-supereffective|p1a: Toxicroak\n|-damage|p1a: Toxicroak|0 fnt\n|faint|p1a: Toxicroak\n|\n|-heal|p2a: AAAAAAAAAAAA|11\/100|[from] item: Leftovers\n|upkeep\n|\n|t:|1699671753\n|switch|p1a: Jolteon|Jolteon, F|100\/100\n|turn|13\n|\n|t:|1699671784\n|switch|p2a: Praise The Sun|Torkoal, M|100\/100\n|-weather|SunnyDay|[from] ability: Drought|[of] p2a: Praise The Sun\n|move|p1a: Jolteon|Thunderbolt|p2a: Praise The Sun\n|-damage|p2a: Praise The Sun|48\/100\n|\n|-weather|SunnyDay|[upkeep]\n|upkeep\n|turn|14\n|\n|t:|1699671794\n|move|p1a: Jolteon|Volt Switch|p2a: Praise The Sun\n|-damage|p2a: Praise The Sun|5\/100\n|\n|t:|1699671797\n|switch|p1a: Walking Wake|Walking Wake|100\/100|[from] Volt Switch\n|-activate|p1a: Walking Wake|ability: Protosynthesis\n|-start|p1a: Walking Wake|protosynthesisspa\n|move|p2a: Praise The Sun|Earth Power|p1a: Walking Wake\n|-damage|p1a: Walking Wake|53\/100\n|\n|-weather|SunnyDay|[upkeep]\n|upkeep\n|turn|15\n|\n|t:|1699671809\n|move|p1a: Walking Wake|Hydro Steam|p2a: Praise The Sun\n|-supereffective|p2a: Praise The Sun\n|-damage|p2a: Praise The Sun|0 fnt\n|faint|p2a: Praise The Sun\n|\n|-weather|SunnyDay|[upkeep]\n|upkeep\n|\n|t:|1699671821\n|switch|p2a: Krampus|Grimmsnarl, M|100\/100\n|turn|16\n|\n|t:|1699671826\n|-terastallize|p1a: Walking Wake|Water\n|move|p2a: Krampus|Fake Out|p1a: Walking Wake\n|-damage|p1a: Walking Wake|36\/100\n|cant|p1a: Walking Wake|flinch\n|\n|-weather|SunnyDay|[upkeep]\n|upkeep\n|turn|17\n|\n|t:|1699671837\n|move|p1a: Walking Wake|Hydro Steam|p2a: Krampus\n|-damage|p2a: Krampus|0 fnt\n|faint|p2a: Krampus\n|\n|-weather|none\n|-end|p1a: Walking Wake|Protosynthesis\n|upkeep\n|\n|t:|1699671849\n|switch|p2a: AAAAAAAAAAAA|Klawf, M|100\/100\n|-start|p2a: AAAAAAAAAAAA|typechange|Ghost|[silent]\n|turn|18\n|\n|t:|1699671861\n|move|p2a: AAAAAAAAAAAA|Grass Knot|p1a: Walking Wake\n|-supereffective|p1a: Walking Wake\n|-damage|p1a: Walking Wake|0 fnt\n|faint|p1a: Walking Wake\n|-end|p1a: Walking Wake|Protosynthesis|[silent]\n|-damage|p2a: AAAAAAAAAAAA|91\/100|[from] item: Life Orb\n|\n|upkeep\n|\n|t:|1699671897\n|switch|p1a: Jolteon|Jolteon, F|100\/100\n|turn|19\n|\n|t:|1699671916\n|switch|p2a: AAAAAAAAAAAA|Klawf, M, tera:Ghost|44\/100\n|move|p1a: Jolteon|Volt Switch|p2a: AAAAAAAAAAAA\n|-damage|p2a: AAAAAAAAAAAA|0 fnt\n|faint|p2a: AAAAAAAAAAAA\n|\n|t:|1699671922\n|switch|p1a: Crabominable|Crabominable, F|100\/100|[from] Volt Switch\n|\n|upkeep\n|\n|t:|1699671925\n|switch|p2a: Oh Hi There|Zoroark-Hisui, M, shiny|91\/100\n|turn|20\n|\n|t:|1699671935\n|move|p2a: Oh Hi There|Flamethrower|p1a: Crabominable\n|-supereffective|p1a: Crabominable\n|-damage|p1a: Crabominable|36\/100\n|-damage|p2a: Oh Hi There|81\/100|[from] item: Life Orb\n|move|p1a: Crabominable|Thunder Punch|p2a: Oh Hi There\n|-damage|p2a: Oh Hi There|15\/100\n|\n|upkeep\n|turn|21\n|\n|t:|1699671944\n|move|p2a: Oh Hi There|Flamethrower|p1a: Crabominable\n|-supereffective|p1a: Crabominable\n|-damage|p1a: Crabominable|0 fnt\n|faint|p1a: Crabominable\n|-damage|p2a: Oh Hi There|5\/100|[from] item: Life Orb\n|\n|upkeep\n|\n|t:|1699671949\n|switch|p1a: Jolteon|Jolteon, F|100\/100\n|turn|22\n|\n|t:|1699671956\n|move|p1a: Jolteon|Thunderbolt|p2a: Oh Hi There\n|-damage|p2a: Oh Hi There|0 fnt\n|faint|p2a: Oh Hi There\n|\n|win|tbor2002\n","uploadtime":1699671963,"views":11,"p1id":"tbor2002","p2id":"lunchbox5536","formatid":"gen9nationaldexubers","rating":0,"private":0,"password":""}