{"id":"gen9nationaldexubers-1996888523","p1":"Mr. Cheese69","p2":"JustMonika_CARR","format":"[Gen 9] National Dex Ubers","log":"|j|\u2606Mr. Cheese69\n|j|\u2606JustMonika_CARR\n|t:|1700740676\n|gametype|singles\n|player|p1|Mr. Cheese69|hiker-gen4|1253\n|player|p2|JustMonika_CARR|rosa|1363\n|teamsize|p1|6\n|teamsize|p2|6\n|gen|9\n|tier|[Gen 9] National Dex Ubers\n|rated|\n|rule|HP Percentage Mod: HP is shown in percentages\n|rule|Endless Battle Clause: Forcing endless battles is banned\n|rule|OHKO Clause: OHKO moves are banned\n|rule|Evasion Moves Clause: Evasion moves are banned\n|rule|Evasion Items Clause: Evasion items are banned\n|rule|Species Clause: Limit one of each Pok\u00e9mon\n|rule|Sleep Clause Mod: Limit one foe put to sleep\n|rule|Mega Rayquaza Clause: You cannot mega evolve Rayquaza\n|clearpoke\n|poke|p1|Snorlax, M|\n|poke|p1|Annihilape, M|\n|poke|p1|Sandaconda, F|\n|poke|p1|Dudunsparce-*, F|\n|poke|p1|Zoroark-Hisui, M|\n|poke|p1|Sableye, F|\n|poke|p2|Blaziken, F|\n|poke|p2|Pheromosa|\n|poke|p2|Gothitelle, F|\n|poke|p2|Deoxys-Speed|\n|poke|p2|Shuckle, M|\n|poke|p2|Durant, F|\n|teampreview\n|\n|t:|1700740690\n|start\n|switch|p1a: Sableye|Sableye, F|100\/100\n|switch|p2a: Deoxys|Deoxys-Speed, shiny|100\/100\n|-ability|p2a: Deoxys|Pressure\n|turn|1\n|\n|t:|1700740699\n|detailschange|p1a: Sableye|Sableye-Mega, F\n|-mega|p1a: Sableye|Sableye|Sablenite\n|move|p2a: Deoxys|Reflect|p2a: Deoxys\n|-sidestart|p2: JustMonika_CARR|Reflect\n|move|p1a: Sableye|Will-O-Wisp|p2a: Deoxys\n|-status|p2a: Deoxys|brn\n|\n|-damage|p2a: Deoxys|95\/100 brn|[from] brn\n|upkeep\n|turn|2\n|\n|t:|1700740706\n|move|p2a: Deoxys|Light Screen|p2a: Deoxys\n|-sidestart|p2: JustMonika_CARR|move: Light Screen\n|move|p1a: Sableye|Foul Play|p2a: Deoxys\n|-supereffective|p2a: Deoxys\n|-damage|p2a: Deoxys|63\/100 brn\n|\n|-damage|p2a: Deoxys|57\/100 brn|[from] brn\n|upkeep\n|turn|3\n|\n|t:|1700740713\n|switch|p2a: Shuckle|Shuckle, M, shiny|100\/100\n|move|p1a: Sableye|Foul Play|p2a: Shuckle\n|-damage|p2a: Shuckle|99\/100\n|\n|upkeep\n|turn|4\n|\n|t:|1700740719\n|move|p1a: Sableye|Will-O-Wisp|p2a: Shuckle\n|-status|p2a: Shuckle|brn\n|move|p2a: Shuckle|Shell Smash|p2a: Shuckle\n|-boost|p2a: Shuckle|def|1\n|-boost|p2a: Shuckle|spd|1\n|-unboost|p2a: Shuckle|atk|2\n|-unboost|p2a: Shuckle|spa|2\n|-unboost|p2a: Shuckle|spe|2\n|\n|-damage|p2a: Shuckle|93\/100 brn|[from] brn\n|upkeep\n|turn|5\n|\n|t:|1700740728\n|move|p1a: Sableye|Encore|p2a: Shuckle\n|-start|p2a: Shuckle|Encore\n|move|p2a: Shuckle|Shell Smash|p2a: Shuckle\n|-boost|p2a: Shuckle|def|1\n|-boost|p2a: Shuckle|spd|1\n|-unboost|p2a: Shuckle|atk|2\n|-unboost|p2a: Shuckle|spa|2\n|-unboost|p2a: Shuckle|spe|2\n|\n|-damage|p2a: Shuckle|87\/100 brn|[from] brn\n|upkeep\n|turn|6\n|\n|t:|1700740738\n|move|p1a: Sableye|Foul Play|p2a: Shuckle\n|-damage|p2a: Shuckle|87\/100 brn\n|move|p2a: Shuckle|Shell Smash|p2a: Shuckle\n|-boost|p2a: Shuckle|def|1\n|-boost|p2a: Shuckle|spd|1\n|-unboost|p2a: Shuckle|atk|2\n|-unboost|p2a: Shuckle|spa|2\n|-unboost|p2a: Shuckle|spe|2\n|\n|-damage|p2a: Shuckle|81\/100 brn|[from] brn\n|upkeep\n|turn|7\n|\n|t:|1700740747\n|move|p1a: Sableye|Foul Play|p2a: Shuckle\n|-damage|p2a: Shuckle|80\/100 brn\n|move|p2a: Shuckle|Shell Smash|p2a: Shuckle\n|-boost|p2a: Shuckle|def|1\n|-boost|p2a: Shuckle|spd|1\n|-unboost|p2a: Shuckle|atk|0\n|-unboost|p2a: Shuckle|spa|0\n|-unboost|p2a: Shuckle|spe|0\n|\n|-damage|p2a: Shuckle|74\/100 brn|[from] brn\n|-end|p2a: Shuckle|Encore\n|upkeep\n|turn|8\n|\n|t:|1700740757\n|move|p1a: Sableye|Encore|p2a: Shuckle\n|-start|p2a: Shuckle|Encore\n|move|p2a: Shuckle|Shell Smash|p2a: Shuckle\n|-boost|p2a: Shuckle|def|1\n|-boost|p2a: Shuckle|spd|1\n|-unboost|p2a: Shuckle|atk|0\n|-unboost|p2a: Shuckle|spa|0\n|-unboost|p2a: Shuckle|spe|0\n|\n|-damage|p2a: Shuckle|68\/100 brn|[from] brn\n|-sideend|p2: JustMonika_CARR|Reflect\n|upkeep\n|turn|9\n|\n|t:|1700740767\n|move|p1a: Sableye|Foul Play|p2a: Shuckle\n|-damage|p2a: Shuckle|68\/100 brn\n|move|p2a: Shuckle|Shell Smash|p2a: Shuckle\n|-boost|p2a: Shuckle|def|1\n|-boost|p2a: Shuckle|spd|1\n|-unboost|p2a: Shuckle|atk|0\n|-unboost|p2a: Shuckle|spa|0\n|-unboost|p2a: Shuckle|spe|0\n|\n|-damage|p2a: Shuckle|62\/100 brn|[from] brn\n|-sideend|p2: JustMonika_CARR|move: Light Screen\n|upkeep\n|turn|10\n|\n|t:|1700740776\n|move|p1a: Sableye|Foul Play|p2a: Shuckle\n|-damage|p2a: Shuckle|61\/100 brn\n|move|p2a: Shuckle|Shell Smash|p2a: Shuckle\n|-boost|p2a: Shuckle|def|0\n|-boost|p2a: Shuckle|spd|0\n|-unboost|p2a: Shuckle|atk|0\n|-unboost|p2a: Shuckle|spa|0\n|-unboost|p2a: Shuckle|spe|0\n|\n|-damage|p2a: Shuckle|55\/100 brn|[from] brn\n|-end|p2a: Shuckle|Encore\n|upkeep\n|turn|11\n|\n|t:|1700740787\n|move|p1a: Sableye|Encore|p2a: Shuckle\n|-start|p2a: Shuckle|Encore\n|move|p2a: Shuckle|Shell Smash|p2a: Shuckle\n|-boost|p2a: Shuckle|def|0\n|-boost|p2a: Shuckle|spd|0\n|-unboost|p2a: Shuckle|atk|0\n|-unboost|p2a: Shuckle|spa|0\n|-unboost|p2a: Shuckle|spe|0\n|\n|-damage|p2a: Shuckle|49\/100 brn|[from] brn\n|upkeep\n|turn|12\n|\n|t:|1700740795\n|switch|p2a: Deoxys|Deoxys-Speed, shiny|57\/100 brn\n|-ability|p2a: Deoxys|Pressure\n|move|p1a: Sableye|Foul Play|p2a: Deoxys\n|-supereffective|p2a: Deoxys\n|-damage|p2a: Deoxys|0 fnt\n|faint|p2a: Deoxys\n|\n|upkeep\n|\n|t:|1700740803\n|switch|p2a: Blaziken|Blaziken, F, shiny|100\/100\n|turn|13\n|\n|t:|1700740811\n|switch|p1a: Annihilape|Annihilape, M|100\/100\n|move|p2a: Blaziken|Hone Claws|p2a: Blaziken\n|-boost|p2a: Blaziken|atk|1\n|-boost|p2a: Blaziken|accuracy|1\n|\n|upkeep\n|turn|14\n|\n|t:|1700740823\n|move|p2a: Blaziken|Hone Claws|p2a: Blaziken\n|-boost|p2a: Blaziken|atk|1\n|-boost|p2a: Blaziken|accuracy|1\n|move|p1a: Annihilape|Bulk Up|p1a: Annihilape\n|-boost|p1a: Annihilape|atk|1\n|-boost|p1a: Annihilape|def|1\n|\n|upkeep\n|turn|15\n|inactive|Battle timer is ON: inactive players will automatically lose when time's up. (requested by Mr. Cheese69)\n|\n|t:|1700740830\n|move|p2a: Blaziken|Hone Claws|p2a: Blaziken\n|-boost|p2a: Blaziken|atk|1\n|-boost|p2a: Blaziken|accuracy|1\n|move|p1a: Annihilape|Bulk Up|p1a: Annihilape\n|-boost|p1a: Annihilape|atk|1\n|-boost|p1a: Annihilape|def|1\n|\n|upkeep\n|turn|16\n|\n|t:|1700740837\n|move|p2a: Blaziken|Hone Claws|p2a: Blaziken\n|-boost|p2a: Blaziken|atk|1\n|-boost|p2a: Blaziken|accuracy|1\n|move|p1a: Annihilape|Bulk Up|p1a: Annihilape\n|-boost|p1a: Annihilape|atk|1\n|-boost|p1a: Annihilape|def|1\n|\n|upkeep\n|turn|17\n|\n|t:|1700740844\n|detailschange|p2a: Blaziken|Blaziken-Mega, F, shiny\n|-mega|p2a: Blaziken|Blaziken|Blazikenite\n|move|p2a: Blaziken|Blaze Kick|p1a: Annihilape\n|-damage|p1a: Annihilape|23\/100\n|move|p1a: Annihilape|Bulk Up|p1a: Annihilape\n|-boost|p1a: Annihilape|atk|1\n|-boost|p1a: Annihilape|def|1\n|\n|-heal|p1a: Annihilape|30\/100|[from] item: Leftovers\n|-ability|p2a: Blaziken|Speed Boost|boost\n|-boost|p2a: Blaziken|spe|1\n|upkeep\n|turn|18\n|\n|t:|1700740855\n|-terastallize|p1a: Annihilape|Fairy\n|move|p2a: Blaziken|Blaze Kick|p1a: Annihilape\n|-damage|p1a: Annihilape|0 fnt\n|faint|p1a: Annihilape\n|\n|-ability|p2a: Blaziken|Speed Boost|boost\n|-boost|p2a: Blaziken|spe|1\n|upkeep\n|c|\u2606JustMonika_CARR|?\n|\n|t:|1700740865\n|switch|p1a: Sableye|Sableye-Mega, F|100\/100\n|turn|19\n|c|\u2606JustMonika_CARR|Why tera\n|\n|t:|1700740873\n|move|p2a: Blaziken|Blaze Kick|p1a: Sableye\n|-damage|p1a: Sableye|0 fnt\n|faint|p1a: Sableye\n|\n|-ability|p2a: Blaziken|Speed Boost|boost\n|-boost|p2a: Blaziken|spe|1\n|upkeep\n|\n|t:|1700740879\n|switch|p1a: Dudunsparce|Dudunsparce, F|100\/100\n|turn|20\n|\n|t:|1700740888\n|move|p2a: Blaziken|Blaze Kick|p1a: Dudunsparce\n|-enditem|p1a: Dudunsparce|Focus Sash\n|-damage|p1a: Dudunsparce|1\/100\n|-status|p1a: Dudunsparce|brn\n|replace|p1a: Zoroark|Zoroark-Hisui, M\n|-end|p1a: Zoroark|Illusion\n|move|p1a: Zoroark|Psychic|p2a: Blaziken\n|-supereffective|p2a: Blaziken\n|-damage|p2a: Blaziken|20\/100\n|\n|-damage|p1a: Zoroark|0 fnt|[from] brn\n|faint|p1a: Zoroark\n|-ability|p2a: Blaziken|Speed Boost|boost\n|-boost|p2a: Blaziken|spe|1\n|upkeep\n|c|\u2606Mr. Cheese69|rematch?\n|\n|t:|1700740912\n|switch|p1a: Sandaconda|Sandaconda, F|100\/100\n|turn|21\n|c|\u2606JustMonika_CARR|Hmmm\n|c|\u2606JustMonika_CARR|Sure\n|\n|t:|1700740925\n|move|p2a: Blaziken|High Jump Kick|p1a: Sandaconda\n|-damage|p1a: Sandaconda|0 fnt\n|faint|p1a: Sandaconda\n|\n|-ability|p2a: Blaziken|Speed Boost|boost\n|-boost|p2a: Blaziken|spe|1\n|upkeep\n|c|\u2606Mr. Cheese69|i have something\n|\n|t:|1700740931\n|switch|p1a: Dudunsparce|Dudunsparce, F|100\/100\n|turn|22\n|\n|t:|1700740937\n|move|p2a: Blaziken|Blaze Kick|p1a: Dudunsparce\n|-damage|p1a: Dudunsparce|0 fnt\n|faint|p1a: Dudunsparce\n|\n|-ability|p2a: Blaziken|Speed Boost|boost\n|-boost|p2a: Blaziken|spe|1\n|upkeep\n|\n|t:|1700740942\n|switch|p1a: Snorlax|Snorlax, M|100\/100\n|turn|23\n|\n|t:|1700740946\n|move|p2a: Blaziken|Blaze Kick|p1a: Snorlax\n|-damage|p1a: Snorlax|13\/100\n|-status|p1a: Snorlax|brn\n|move|p1a: Snorlax|Body Slam|p2a: Blaziken\n|-damage|p2a: Blaziken|0 fnt\n|faint|p2a: Blaziken\n|\n|-heal|p1a: Snorlax|19\/100 brn|[from] item: Leftovers\n|-damage|p1a: Snorlax|13\/100 brn|[from] brn\n|upkeep\n|\n|t:|1700740954\n|switch|p2a: Durant|Durant, F, shiny|100\/100\n|turn|24\n|\n|t:|1700740957\n|move|p2a: Durant|Entrainment|p1a: Snorlax\n|-endability|p1a: Snorlax|Thick Fat|[from] move: Entrainment\n|-ability|p1a: Snorlax|Truant|[from] move: Entrainment\n|move|p1a: Snorlax|Rest|p1a: Snorlax\n|-status|p1a: Snorlax|slp|[from] move: Rest\n|-heal|p1a: Snorlax|100\/100 slp|[silent]\n|\n|upkeep\n|turn|25\n|\n|t:|1700740967\n|switch|p2a: Gothitelle|Gothitelle, F, shiny|100\/100\n|cant|p1a: Snorlax|slp\n|cant|p1a: Snorlax|ability: Truant\n|\n|upkeep\n|turn|26\n|\n|t:|1700740973\n|move|p2a: Gothitelle|Substitute|p2a: Gothitelle\n|-start|p2a: Gothitelle|Substitute\n|-damage|p2a: Gothitelle|75\/100\n|cant|p1a: Snorlax|slp\n|move|p1a: Snorlax|Sleep Talk|p1a: Snorlax\n|move|p1a: Snorlax|Rest||[from]move: Sleep Talk|[still]\n|-fail|p1a: Snorlax\n|\n|upkeep\n|turn|27\n|\n|t:|1700740980\n|move|p2a: Gothitelle|Dark Pulse|p1a: Snorlax\n|-damage|p1a: Snorlax|88\/100 slp\n|-curestatus|p1a: Snorlax|slp|[msg]\n|cant|p1a: Snorlax|ability: Truant\n|\n|-heal|p1a: Snorlax|94\/100|[from] item: Leftovers\n|upkeep\n|turn|28\n|\n|t:|1700740991\n|move|p2a: Gothitelle|Substitute|p2a: Gothitelle\n|-fail|p2a: Gothitelle|move: Substitute\n|move|p1a: Snorlax|Body Slam|p2a: Gothitelle\n|-crit|p2a: Gothitelle\n|-end|p2a: Gothitelle|Substitute\n|\n|-heal|p1a: Snorlax|99\/100|[from] item: Leftovers\n|upkeep\n|turn|29\n|\n|t:|1700740998\n|move|p2a: Gothitelle|Substitute|p2a: Gothitelle\n|-start|p2a: Gothitelle|Substitute\n|-damage|p2a: Gothitelle|50\/100\n|cant|p1a: Snorlax|ability: Truant\n|\n|-heal|p1a: Snorlax|100\/100|[from] item: Leftovers\n|upkeep\n|turn|30\n|\n|t:|1700741021\n|move|p2a: Gothitelle|Dark Pulse|p1a: Snorlax\n|-damage|p1a: Snorlax|88\/100\n|move|p1a: Snorlax|Body Slam|p2a: Gothitelle\n|-end|p2a: Gothitelle|Substitute\n|\n|-heal|p1a: Snorlax|94\/100|[from] item: Leftovers\n|upkeep\n|turn|31\n|\n|t:|1700741029\n|move|p2a: Gothitelle|Substitute|p2a: Gothitelle\n|-start|p2a: Gothitelle|Substitute\n|-damage|p2a: Gothitelle|25\/100\n|-enditem|p2a: Gothitelle|Starf Berry|[eat]\n|-boost|p2a: Gothitelle|spa|2|[from] item: Starf Berry\n|cant|p1a: Snorlax|ability: Truant\n|\n|-heal|p1a: Snorlax|99\/100|[from] item: Leftovers\n|upkeep\n|turn|32\n|\n|t:|1700741037\n|move|p2a: Gothitelle|Protect|p2a: Gothitelle\n|-singleturn|p2a: Gothitelle|Protect\n|move|p1a: Snorlax|Body Slam|p2a: Gothitelle\n|-activate|p2a: Gothitelle|move: Protect\n|\n|-heal|p1a: Snorlax|100\/100|[from] item: Leftovers\n|upkeep\n|turn|33\n|\n|t:|1700741044\n|move|p2a: Gothitelle|Recycle|p2a: Gothitelle\n|-item|p2a: Gothitelle|Starf Berry|[from] move: Recycle\n|-enditem|p2a: Gothitelle|Starf Berry|[eat]\n|-boost|p2a: Gothitelle|def|2|[from] item: Starf Berry\n|cant|p1a: Snorlax|ability: Truant\n|\n|upkeep\n|turn|34\n|\n|t:|1700741051\n|move|p2a: Gothitelle|Protect|p2a: Gothitelle\n|-singleturn|p2a: Gothitelle|Protect\n|move|p1a: Snorlax|Body Slam|p2a: Gothitelle\n|-activate|p2a: Gothitelle|move: Protect\n|\n|upkeep\n|turn|35\n|\n|t:|1700741057\n|move|p2a: Gothitelle|Recycle|p2a: Gothitelle\n|-item|p2a: Gothitelle|Starf Berry|[from] move: Recycle\n|-enditem|p2a: Gothitelle|Starf Berry|[eat]\n|-boost|p2a: Gothitelle|atk|2|[from] item: Starf Berry\n|cant|p1a: Snorlax|ability: Truant\n|\n|upkeep\n|turn|36\n|\n|t:|1700741064\n|move|p2a: Gothitelle|Protect|p2a: Gothitelle\n|-singleturn|p2a: Gothitelle|Protect\n|move|p1a: Snorlax|Curse|p1a: Snorlax\n|-unboost|p1a: Snorlax|spe|1\n|-boost|p1a: Snorlax|atk|1\n|-boost|p1a: Snorlax|def|1\n|\n|upkeep\n|turn|37\n|\n|t:|1700741072\n|move|p2a: Gothitelle|Recycle|p2a: Gothitelle\n|-item|p2a: Gothitelle|Starf Berry|[from] move: Recycle\n|-enditem|p2a: Gothitelle|Starf Berry|[eat]\n|-boost|p2a: Gothitelle|spd|2|[from] item: Starf Berry\n|cant|p1a: Snorlax|ability: Truant\n|\n|upkeep\n|turn|38\n|\n|t:|1700741079\n|move|p2a: Gothitelle|Protect|p2a: Gothitelle\n|-singleturn|p2a: Gothitelle|Protect\n|move|p1a: Snorlax|Curse|p1a: Snorlax\n|-unboost|p1a: Snorlax|spe|1\n|-boost|p1a: Snorlax|atk|1\n|-boost|p1a: Snorlax|def|1\n|\n|upkeep\n|turn|39\n|\n|t:|1700741086\n|move|p2a: Gothitelle|Recycle|p2a: Gothitelle\n|-item|p2a: Gothitelle|Starf Berry|[from] move: Recycle\n|-enditem|p2a: Gothitelle|Starf Berry|[eat]\n|-boost|p2a: Gothitelle|spa|2|[from] item: Starf Berry\n|cant|p1a: Snorlax|ability: Truant\n|\n|upkeep\n|turn|40\n|\n|t:|1700741093\n|move|p2a: Gothitelle|Recycle|p2a: Gothitelle\n|-item|p2a: Gothitelle|Starf Berry|[from] move: Recycle\n|-enditem|p2a: Gothitelle|Starf Berry|[eat]\n|-boost|p2a: Gothitelle|atk|2|[from] item: Starf Berry\n|move|p1a: Snorlax|Curse|p1a: Snorlax\n|-unboost|p1a: Snorlax|spe|1\n|-boost|p1a: Snorlax|atk|1\n|-boost|p1a: Snorlax|def|1\n|\n|upkeep\n|turn|41\n|\n|t:|1700741101\n|move|p2a: Gothitelle|Recycle|p2a: Gothitelle\n|-item|p2a: Gothitelle|Starf Berry|[from] move: Recycle\n|-enditem|p2a: Gothitelle|Starf Berry|[eat]\n|-boost|p2a: Gothitelle|def|2|[from] item: Starf Berry\n|cant|p1a: Snorlax|ability: Truant\n|\n|upkeep\n|turn|42\n|\n|t:|1700741108\n|move|p2a: Gothitelle|Protect|p2a: Gothitelle\n|-singleturn|p2a: Gothitelle|Protect\n|move|p1a: Snorlax|Body Slam|p2a: Gothitelle\n|-activate|p2a: Gothitelle|move: Protect\n|\n|upkeep\n|turn|43\n|\n|t:|1700741115\n|move|p2a: Gothitelle|Recycle|p2a: Gothitelle\n|-item|p2a: Gothitelle|Starf Berry|[from] move: Recycle\n|-enditem|p2a: Gothitelle|Starf Berry|[eat]\n|-boost|p2a: Gothitelle|atk|2|[from] item: Starf Berry\n|cant|p1a: Snorlax|ability: Truant\n|\n|upkeep\n|turn|44\n|\n|t:|1700741122\n|move|p2a: Gothitelle|Protect|p2a: Gothitelle\n|-singleturn|p2a: Gothitelle|Protect\n|move|p1a: Snorlax|Body Slam|p2a: Gothitelle\n|-activate|p2a: Gothitelle|move: Protect\n|\n|upkeep\n|turn|45\n|\n|t:|1700741130\n|move|p2a: Gothitelle|Recycle|p2a: Gothitelle\n|-item|p2a: Gothitelle|Starf Berry|[from] move: Recycle\n|-enditem|p2a: Gothitelle|Starf Berry|[eat]\n|-boost|p2a: Gothitelle|def|2|[from] item: Starf Berry\n|cant|p1a: Snorlax|ability: Truant\n|\n|upkeep\n|turn|46\n|\n|t:|1700741137\n|move|p2a: Gothitelle|Protect|p2a: Gothitelle\n|-singleturn|p2a: Gothitelle|Protect\n|move|p1a: Snorlax|Curse|p1a: Snorlax\n|-unboost|p1a: Snorlax|spe|1\n|-boost|p1a: Snorlax|atk|1\n|-boost|p1a: Snorlax|def|1\n|\n|upkeep\n|turn|47\n|\n|t:|1700741152\n|move|p2a: Gothitelle|Recycle|p2a: Gothitelle\n|-item|p2a: Gothitelle|Starf Berry|[from] move: Recycle\n|-enditem|p2a: Gothitelle|Starf Berry|[eat]\n|-boost|p2a: Gothitelle|spd|2|[from] item: Starf Berry\n|cant|p1a: Snorlax|ability: Truant\n|\n|upkeep\n|turn|48\n|c|\u2606Mr. Cheese69|can you kill him pls\n|\n|t:|1700741160\n|move|p2a: Gothitelle|Protect|p2a: Gothitelle\n|-singleturn|p2a: Gothitelle|Protect\n|move|p1a: Snorlax|Curse|p1a: Snorlax\n|-unboost|p1a: Snorlax|spe|1\n|-boost|p1a: Snorlax|atk|1\n|-boost|p1a: Snorlax|def|1\n|\n|upkeep\n|turn|49\n|c|\u2606JustMonika_CARR|Don't wanna risk losing lol\n|\n|t:|1700741180\n|move|p2a: Gothitelle|Recycle|p2a: Gothitelle\n|-item|p2a: Gothitelle|Starf Berry|[from] move: Recycle\n|-enditem|p2a: Gothitelle|Starf Berry|[eat]\n|-boost|p2a: Gothitelle|spa|2|[from] item: Starf Berry\n|cant|p1a: Snorlax|ability: Truant\n|\n|upkeep\n|turn|50\n|c|\u2606Mr. Cheese69|do you have stored power\n|\n|t:|1700741200\n|move|p2a: Gothitelle|Protect|p2a: Gothitelle\n|-singleturn|p2a: Gothitelle|Protect\n|move|p1a: Snorlax|Curse|p1a: Snorlax\n|-unboost|p1a: Snorlax|spe|1\n|-boost|p1a: Snorlax|atk|1\n|-boost|p1a: Snorlax|def|1\n|\n|upkeep\n|turn|51\n|\n|t:|1700741207\n|-terastallize|p2a: Gothitelle|Dark\n|move|p2a: Gothitelle|Dark Pulse|p1a: Snorlax\n|-damage|p1a: Snorlax|25\/100\n|cant|p1a: Snorlax|ability: Truant\n|\n|-heal|p1a: Snorlax|31\/100|[from] item: Leftovers\n|upkeep\n|turn|52\n|c|\u2606JustMonika_CARR|Ofc not, you saw all my moves\n|\n|t:|1700741222\n|move|p2a: Gothitelle|Dark Pulse|p1a: Snorlax\n|-damage|p1a: Snorlax|0 fnt\n|faint|p1a: Snorlax\n|\n|win|JustMonika_CARR\n|raw|Mr. Cheese69's rating: 1253 &rarr; <strong>1236<\/strong><br \/>(-17 for losing)\n|raw|JustMonika_CARR's rating: 1363 &rarr; <strong>1377<\/strong><br \/>(+14 for winning)\n|c|\u2606Mr. Cheese69|upsl\n","uploadtime":1700741232,"views":3,"p1id":"mrcheese69","p2id":"justmonikacarr","formatid":"gen9nationaldexubers","rating":1236,"private":0,"password":""}