{"id":"gen9nationaldexubers-1984203512","p1":"zomboks134","p2":"liuqiu","format":"[Gen 9] National Dex Ubers","log":"|j|\u2606zomboks134\n|j|\u203dliuqiu\n|t:|1699229775\n|gametype|singles\n|player|p1|zomboks134|pokemaniac|1476\n|player|p2|liuqiu|ash-hoenn|1397\n|teamsize|p1|6\n|teamsize|p2|6\n|gen|9\n|tier|[Gen 9] National Dex Ubers\n|rated|\n|rule|HP Percentage Mod: HP is shown in percentages\n|rule|Endless Battle Clause: Forcing endless battles is banned\n|rule|OHKO Clause: OHKO moves are banned\n|rule|Evasion Moves Clause: Evasion moves are banned\n|rule|Evasion Items Clause: Evasion items are banned\n|rule|Species Clause: Limit one of each Pok\u00e9mon\n|rule|Sleep Clause Mod: Limit one foe put to sleep\n|rule|Mega Rayquaza Clause: You cannot mega evolve Rayquaza\n|clearpoke\n|poke|p1|Garganacl, F|\n|poke|p1|Kingambit, F|\n|poke|p1|Ditto|\n|poke|p1|Mewtwo|\n|poke|p1|Arceus-Ground|\n|poke|p1|Ho-Oh|\n|poke|p2|Skeledirge, M|\n|poke|p2|Shaymin-Sky|\n|poke|p2|Gliscor, M|\n|poke|p2|Ferrothorn, M|\n|poke|p2|Meloetta|\n|poke|p2|Mimikyu, M|\n|teampreview\n|inactive|Battle timer is ON: inactive players will automatically lose when time's up. (requested by zomboks134)\n|\n|t:|1699229786\n|start\n|switch|p1a: Arceus|Arceus-Ground|100\/100\n|switch|p2a: Ferrothorn|Ferrothorn, M|100\/100\n|turn|1\n|\n|t:|1699229792\n|move|p1a: Arceus|Judgment|p2a: Ferrothorn\n|-crit|p2a: Ferrothorn\n|-damage|p2a: Ferrothorn|54\/100\n|move|p2a: Ferrothorn|Gyro Ball|p1a: Arceus\n|-crit|p1a: Arceus\n|-damage|p1a: Arceus|63\/100\n|\n|-heal|p2a: Ferrothorn|60\/100|[from] item: Leftovers\n|upkeep\n|turn|2\n|\n|t:|1699229803\n|switch|p1a: Ho-Oh|Ho-Oh|100\/100\n|move|p2a: Ferrothorn|Stealth Rock|p1a: Ho-Oh\n|-sidestart|p1: zomboks134|move: Stealth Rock\n|\n|-heal|p2a: Ferrothorn|67\/100|[from] item: Leftovers\n|upkeep\n|turn|3\n|\n|t:|1699229808\n|switch|p2a: Gliscor|Gliscor, M, shiny|100\/100\n|move|p1a: Ho-Oh|Sacred Fire|p2a: Gliscor\n|-damage|p2a: Gliscor|69\/100\n|-status|p2a: Gliscor|brn\n|\n|-damage|p2a: Gliscor|63\/100 brn|[from] brn\n|upkeep\n|turn|4\n|\n|t:|1699229822\n|move|p2a: Gliscor|Toxic|p1a: Ho-Oh\n|-status|p1a: Ho-Oh|tox\n|move|p1a: Ho-Oh|Defog|p2a: Gliscor\n|-unboost|p2a: Gliscor|evasion|1\n|-sideend|p1: zomboks134|Stealth Rock|[from] move: Defog|[of] p1a: Ho-Oh\n|\n|-damage|p1a: Ho-Oh|94\/100 tox|[from] psn\n|-damage|p2a: Gliscor|57\/100 brn|[from] brn\n|upkeep\n|turn|5\n|\n|t:|1699229828\n|switch|p1a: Mewtwo|Mewtwo|100\/100\n|-ability|p1a: Mewtwo|Pressure\n|move|p2a: Gliscor|Roost|p2a: Gliscor\n|-heal|p2a: Gliscor|100\/100 brn\n|-singleturn|p2a: Gliscor|move: Roost\n|\n|-damage|p2a: Gliscor|94\/100 brn|[from] brn\n|upkeep\n|turn|6\n|\n|t:|1699229832\n|detailschange|p1a: Mewtwo|Mewtwo-Mega-Y\n|-mega|p1a: Mewtwo|Mewtwo|Mewtwonite Y\n|move|p2a: Gliscor|Protect|p2a: Gliscor\n|-singleturn|p2a: Gliscor|Protect\n|move|p1a: Mewtwo|Ice Beam|p2a: Gliscor\n|-activate|p2a: Gliscor|move: Protect\n|\n|-damage|p2a: Gliscor|88\/100 brn|[from] brn\n|upkeep\n|turn|7\n|\n|t:|1699229845\n|switch|p2a: Skeledirge|Skeledirge, M, shiny|100\/100\n|move|p1a: Mewtwo|Ice Beam|p2a: Skeledirge\n|-resisted|p2a: Skeledirge\n|-damage|p2a: Skeledirge|82\/100\n|\n|-heal|p2a: Skeledirge|88\/100|[from] item: Leftovers\n|upkeep\n|turn|8\n|\n|t:|1699229854\n|switch|p1a: Garganacl|Garganacl, F|100\/100\n|move|p2a: Skeledirge|Shadow Ball|p1a: Garganacl\n|-damage|p1a: Garganacl|86\/100\n|\n|-heal|p2a: Skeledirge|94\/100|[from] item: Leftovers\n|-heal|p1a: Garganacl|93\/100|[from] item: Leftovers\n|upkeep\n|turn|9\n|\n|t:|1699229859\n|switch|p2a: Gliscor|Gliscor, M, shiny|88\/100 brn\n|move|p1a: Garganacl|Salt Cure|p2a: Gliscor\n|-damage|p2a: Gliscor|78\/100 brn\n|-start|p2a: Gliscor|Salt Cure\n|\n|-heal|p1a: Garganacl|99\/100|[from] item: Leftovers\n|-damage|p2a: Gliscor|72\/100 brn|[from] brn\n|-damage|p2a: Gliscor|59\/100 brn|[from] Salt Cure\n|upkeep\n|turn|10\n|\n|t:|1699229866\n|move|p2a: Gliscor|Sand Tomb|p1a: Garganacl\n|-supereffective|p1a: Garganacl\n|-damage|p1a: Garganacl|93\/100\n|-activate|p1a: Garganacl|move: Sand Tomb|[of] p2a: Gliscor\n|move|p1a: Garganacl|Stealth Rock|p2a: Gliscor\n|-sidestart|p2: liuqiu|move: Stealth Rock\n|\n|-heal|p1a: Garganacl|99\/100|[from] item: Leftovers\n|-damage|p2a: Gliscor|53\/100 brn|[from] brn\n|-damage|p2a: Gliscor|41\/100 brn|[from] Salt Cure\n|-damage|p1a: Garganacl|86\/100|[from] move: Sand Tomb|[partiallytrapped]\n|upkeep\n|turn|11\n|\n|t:|1699229871\n|move|p2a: Gliscor|Roost|p2a: Gliscor\n|-heal|p2a: Gliscor|91\/100 brn\n|-singleturn|p2a: Gliscor|move: Roost\n|move|p1a: Garganacl|Salt Cure|p2a: Gliscor\n|-resisted|p2a: Gliscor\n|-damage|p2a: Gliscor|85\/100 brn\n|\n|-heal|p1a: Garganacl|93\/100|[from] item: Leftovers\n|-damage|p2a: Gliscor|79\/100 brn|[from] brn\n|-damage|p2a: Gliscor|66\/100 brn|[from] Salt Cure\n|-damage|p1a: Garganacl|80\/100|[from] move: Sand Tomb|[partiallytrapped]\n|upkeep\n|turn|12\n|\n|t:|1699229887\n|move|p2a: Gliscor|Protect|p2a: Gliscor\n|-singleturn|p2a: Gliscor|Protect\n|move|p1a: Garganacl|Salt Cure|p2a: Gliscor\n|-activate|p2a: Gliscor|move: Protect\n|\n|-heal|p1a: Garganacl|86\/100|[from] item: Leftovers\n|-damage|p2a: Gliscor|60\/100 brn|[from] brn\n|-damage|p2a: Gliscor|48\/100 brn|[from] Salt Cure\n|-damage|p1a: Garganacl|74\/100|[from] move: Sand Tomb|[partiallytrapped]\n|upkeep\n|turn|13\n|\n|t:|1699229896\n|move|p2a: Gliscor|Roost|p2a: Gliscor\n|-heal|p2a: Gliscor|98\/100 brn\n|-singleturn|p2a: Gliscor|move: Roost\n|move|p1a: Garganacl|Salt Cure|p2a: Gliscor\n|-resisted|p2a: Gliscor\n|-damage|p2a: Gliscor|93\/100 brn\n|\n|-heal|p1a: Garganacl|80\/100|[from] item: Leftovers\n|-damage|p2a: Gliscor|87\/100 brn|[from] brn\n|-damage|p2a: Gliscor|74\/100 brn|[from] Salt Cure\n|-damage|p1a: Garganacl|68\/100|[from] move: Sand Tomb|[partiallytrapped]\n|upkeep\n|turn|14\n|\n|t:|1699229907\n|move|p2a: Gliscor|Sand Tomb|p1a: Garganacl\n|-supereffective|p1a: Garganacl\n|-damage|p1a: Garganacl|62\/100\n|move|p1a: Garganacl|Recover|p1a: Garganacl\n|-heal|p1a: Garganacl|100\/100\n|\n|-damage|p2a: Gliscor|68\/100 brn|[from] brn\n|-damage|p2a: Gliscor|56\/100 brn|[from] Salt Cure\n|-damage|p1a: Garganacl|88\/100|[from] move: Sand Tomb|[partiallytrapped]\n|upkeep\n|turn|15\n|\n|t:|1699229913\n|move|p1a: Garganacl|Protect|p1a: Garganacl\n|-singleturn|p1a: Garganacl|Protect\n|move|p2a: Gliscor|Sand Tomb|p1a: Garganacl\n|-activate|p1a: Garganacl|move: Protect\n|\n|-heal|p1a: Garganacl|94\/100|[from] item: Leftovers\n|-damage|p2a: Gliscor|49\/100 brn|[from] brn\n|-damage|p2a: Gliscor|37\/100 brn|[from] Salt Cure\n|-end|p1a: Garganacl|Sand Tomb|[partiallytrapped]\n|upkeep\n|turn|16\n|\n|t:|1699229918\n|move|p2a: Gliscor|Roost|p2a: Gliscor\n|-heal|p2a: Gliscor|87\/100 brn\n|-singleturn|p2a: Gliscor|move: Roost\n|move|p1a: Garganacl|Stealth Rock||[still]\n|-fail|p1a: Garganacl\n|\n|-heal|p1a: Garganacl|100\/100|[from] item: Leftovers\n|-damage|p2a: Gliscor|81\/100 brn|[from] brn\n|-damage|p2a: Gliscor|68\/100 brn|[from] Salt Cure\n|upkeep\n|turn|17\n|\n|t:|1699229930\n|move|p2a: Gliscor|Sand Tomb|p1a: Garganacl\n|-supereffective|p1a: Garganacl\n|-damage|p1a: Garganacl|94\/100\n|-activate|p1a: Garganacl|move: Sand Tomb|[of] p2a: Gliscor\n|move|p1a: Garganacl|Stealth Rock||[still]\n|-fail|p1a: Garganacl\n|\n|-heal|p1a: Garganacl|100\/100|[from] item: Leftovers\n|-damage|p2a: Gliscor|62\/100 brn|[from] brn\n|-damage|p2a: Gliscor|50\/100 brn|[from] Salt Cure\n|-damage|p1a: Garganacl|88\/100|[from] move: Sand Tomb|[partiallytrapped]\n|upkeep\n|turn|18\n|\n|t:|1699229936\n|switch|p2a: Shaymin|Shaymin-Sky|100\/100\n|-damage|p2a: Shaymin|76\/100|[from] Stealth Rock\n|move|p1a: Garganacl|Salt Cure|p2a: Shaymin\n|-supereffective|p2a: Shaymin\n|-damage|p2a: Shaymin|46\/100\n|-start|p2a: Shaymin|Salt Cure\n|\n|-heal|p2a: Shaymin|52\/100|[from] item: Leftovers\n|-heal|p1a: Garganacl|94\/100|[from] item: Leftovers\n|-damage|p2a: Shaymin|40\/100|[from] Salt Cure\n|-end|p1a: Garganacl|Sand Tomb|[partiallytrapped]|[silent]\n|upkeep\n|turn|19\n|\n|t:|1699229943\n|switch|p2a: Gliscor|Gliscor, M, shiny|50\/100 brn\n|-damage|p2a: Gliscor|37\/100 brn|[from] Stealth Rock\n|move|p1a: Garganacl|Protect||[still]\n|-fail|p1a: Garganacl\n|\n|-heal|p1a: Garganacl|100\/100|[from] item: Leftovers\n|-damage|p2a: Gliscor|31\/100 brn|[from] brn\n|upkeep\n|turn|20\n|\n|t:|1699229949\n|move|p2a: Gliscor|Roost|p2a: Gliscor\n|-heal|p2a: Gliscor|81\/100 brn\n|-singleturn|p2a: Gliscor|move: Roost\n|move|p1a: Garganacl|Salt Cure|p2a: Gliscor\n|-resisted|p2a: Gliscor\n|-damage|p2a: Gliscor|76\/100 brn\n|-start|p2a: Gliscor|Salt Cure\n|\n|-damage|p2a: Gliscor|70\/100 brn|[from] brn\n|-damage|p2a: Gliscor|58\/100 brn|[from] Salt Cure\n|upkeep\n|turn|21\n|\n|t:|1699229963\n|switch|p2a: Mimikyu|Mimikyu, M, shiny|100\/100\n|-damage|p2a: Mimikyu|88\/100|[from] Stealth Rock\n|move|p1a: Garganacl|Salt Cure|p2a: Mimikyu\n|-activate|p2a: Mimikyu|ability: Disguise\n|-damage|p2a: Mimikyu|88\/100\n|-start|p2a: Mimikyu|Salt Cure\n|detailschange|p2a: Mimikyu|Mimikyu-Busted, M, shiny\n|-damage|p2a: Mimikyu|76\/100|[from] pokemon: Mimikyu-Busted\n|\n|-heal|p2a: Mimikyu|82\/100|[from] item: Leftovers\n|-damage|p2a: Mimikyu|69\/100|[from] Salt Cure\n|upkeep\n|turn|22\n|\n|t:|1699229976\n|switch|p1a: Kingambit|Kingambit, F|100\/100\n|move|p2a: Mimikyu|Substitute|p2a: Mimikyu\n|-start|p2a: Mimikyu|Substitute\n|-damage|p2a: Mimikyu|45\/100\n|\n|-heal|p2a: Mimikyu|51\/100|[from] item: Leftovers\n|-damage|p2a: Mimikyu|38\/100|[from] Salt Cure\n|upkeep\n|turn|23\n|\n|t:|1699229982\n|-terastallize|p1a: Kingambit|Dark\n|move|p2a: Mimikyu|Thunder Wave|p1a: Kingambit\n|-status|p1a: Kingambit|par\n|move|p1a: Kingambit|Knock Off|p2a: Mimikyu\n|-end|p2a: Mimikyu|Substitute\n|\n|-heal|p2a: Mimikyu|44\/100|[from] item: Leftovers\n|-damage|p2a: Mimikyu|32\/100|[from] Salt Cure\n|upkeep\n|turn|24\n|\n|t:|1699229993\n|move|p2a: Mimikyu|Substitute|p2a: Mimikyu\n|-start|p2a: Mimikyu|Substitute\n|-damage|p2a: Mimikyu|7\/100\n|move|p1a: Kingambit|Knock Off|p2a: Mimikyu\n|-end|p2a: Mimikyu|Substitute\n|\n|-heal|p2a: Mimikyu|13\/100|[from] item: Leftovers\n|-damage|p2a: Mimikyu|1\/100|[from] Salt Cure\n|upkeep\n|turn|25\n|\n|t:|1699230000\n|move|p2a: Mimikyu|Pain Split|p1a: Kingambit\n|-sethp|p1a: Kingambit|50\/100 par|[from] move: Pain Split|[silent]\n|-sethp|p2a: Mimikyu|81\/100|[from] move: Pain Split\n|move|p1a: Kingambit|Knock Off|p2a: Mimikyu\n|-damage|p2a: Mimikyu|0 fnt\n|-enditem|p2a: Mimikyu|Leftovers|[from] move: Knock Off|[of] p1a: Kingambit\n|faint|p2a: Mimikyu\n|\n|upkeep\n|\n|t:|1699230008\n|switch|p2a: Ferrothorn|Ferrothorn, M|67\/100\n|-damage|p2a: Ferrothorn|60\/100|[from] Stealth Rock\n|turn|26\n|\n|t:|1699230011\n|-end|p1a: Kingambit|fallenundefined|[silent]\n|switch|p1a: Ho-Oh|Ho-Oh|100\/100 tox\n|move|p2a: Ferrothorn|Stealth Rock|p1a: Ho-Oh\n|-sidestart|p1: zomboks134|move: Stealth Rock\n|\n|-heal|p2a: Ferrothorn|67\/100|[from] item: Leftovers\n|-damage|p1a: Ho-Oh|94\/100 tox|[from] psn\n|upkeep\n|turn|27\n|\n|t:|1699230018\n|switch|p2a: Gliscor|Gliscor, M, shiny|58\/100 brn\n|-damage|p2a: Gliscor|45\/100 brn|[from] Stealth Rock\n|move|p1a: Ho-Oh|Sacred Fire|p2a: Gliscor|[miss]\n|-miss|p1a: Ho-Oh|p2a: Gliscor\n|\n|-damage|p1a: Ho-Oh|82\/100 tox|[from] psn\n|-damage|p2a: Gliscor|39\/100 brn|[from] brn\n|upkeep\n|turn|28\n|\n|t:|1699230026\n|move|p2a: Gliscor|Roost|p2a: Gliscor\n|-heal|p2a: Gliscor|89\/100 brn\n|-singleturn|p2a: Gliscor|move: Roost\n|move|p1a: Ho-Oh|Whirlwind|p2a: Gliscor\n|drag|p2a: Meloetta|Meloetta|100\/100\n|-damage|p2a: Meloetta|88\/100|[from] Stealth Rock\n|\n|-damage|p1a: Ho-Oh|64\/100 tox|[from] psn\n|upkeep\n|turn|29\n|\n|t:|1699230037\n|move|p2a: Meloetta|Charge Beam|p1a: Ho-Oh\n|-supereffective|p1a: Ho-Oh\n|-damage|p1a: Ho-Oh|48\/100 tox\n|-boost|p2a: Meloetta|spa|1\n|move|p1a: Ho-Oh|Toxic|p2a: Meloetta\n|-status|p2a: Meloetta|tox\n|\n|-damage|p2a: Meloetta|82\/100 tox|[from] psn\n|-damage|p1a: Ho-Oh|24\/100 tox|[from] psn\n|upkeep\n|turn|30\n|\n|t:|1699230055\n|move|p2a: Meloetta|Charge Beam|p1a: Ho-Oh\n|-supereffective|p1a: Ho-Oh\n|-damage|p1a: Ho-Oh|1\/100 tox\n|-boost|p2a: Meloetta|spa|1\n|move|p1a: Ho-Oh|Whirlwind|p2a: Meloetta\n|drag|p2a: Shaymin|Shaymin-Sky|40\/100\n|-damage|p2a: Shaymin|15\/100|[from] Stealth Rock\n|\n|-heal|p2a: Shaymin|21\/100|[from] item: Leftovers\n|-damage|p1a: Ho-Oh|0 fnt|[from] psn\n|faint|p1a: Ho-Oh\n|upkeep\n|\n|t:|1699230060\n|switch|p1a: Kingambit|Kingambit, F, tera:Dark|50\/100 par\n|-damage|p1a: Kingambit|38\/100 par|[from] Stealth Rock\n|-activate|p1a: Kingambit|ability: Supreme Overlord\n|-start|p1a: Kingambit|fallen1|[silent]\n|turn|31\n|\n|t:|1699230065\n|move|p1a: Kingambit|Sucker Punch||[still]\n|-fail|p1a: Kingambit\n|move|p2a: Shaymin|Substitute|p2a: Shaymin\n|-fail|p2a: Shaymin|move: Substitute|[weak]\n|\n|-heal|p2a: Shaymin|27\/100|[from] item: Leftovers\n|upkeep\n|turn|32\n|\n|t:|1699230073\n|cant|p1a: Kingambit|par\n|move|p2a: Shaymin|Substitute|p2a: Shaymin\n|-start|p2a: Shaymin|Substitute\n|-damage|p2a: Shaymin|2\/100\n|\n|-heal|p2a: Shaymin|8\/100|[from] item: Leftovers\n|upkeep\n|turn|33\n|\n|t:|1699230080\n|move|p2a: Shaymin|Protect|p2a: Shaymin\n|-singleturn|p2a: Shaymin|Protect\n|move|p1a: Kingambit|Sucker Punch||[still]\n|-fail|p1a: Kingambit\n|\n|-heal|p2a: Shaymin|14\/100|[from] item: Leftovers\n|upkeep\n|turn|34\n|\n|t:|1699230086\n|move|p2a: Shaymin|Air Slash|p1a: Kingambit\n|-damage|p1a: Kingambit|11\/100 par\n|cant|p1a: Kingambit|flinch\n|\n|-heal|p2a: Shaymin|21\/100|[from] item: Leftovers\n|upkeep\n|turn|35\n|\n|t:|1699230094\n|move|p2a: Shaymin|Protect|p2a: Shaymin\n|-singleturn|p2a: Shaymin|Protect\n|move|p1a: Kingambit|Sucker Punch||[still]\n|-fail|p1a: Kingambit\n|\n|-heal|p2a: Shaymin|27\/100|[from] item: Leftovers\n|upkeep\n|turn|36\n|\n|t:|1699230099\n|move|p1a: Kingambit|Sucker Punch||[still]\n|-fail|p1a: Kingambit\n|move|p2a: Shaymin|Toxic||[still]\n|-fail|p2a: Shaymin\n|\n|-heal|p2a: Shaymin|33\/100|[from] item: Leftovers\n|upkeep\n|turn|37\n|\n|t:|1699230103\n|move|p2a: Shaymin|Protect|p2a: Shaymin\n|-singleturn|p2a: Shaymin|Protect\n|move|p1a: Kingambit|Sucker Punch||[still]\n|-fail|p1a: Kingambit\n|\n|-heal|p2a: Shaymin|39\/100|[from] item: Leftovers\n|upkeep\n|turn|38\n|\n|t:|1699230108\n|-end|p1a: Kingambit|fallen1|[silent]\n|switch|p1a: Mewtwo|Mewtwo-Mega-Y|100\/100\n|-damage|p1a: Mewtwo|88\/100|[from] Stealth Rock\n|move|p2a: Shaymin|Air Slash|p1a: Mewtwo\n|-damage|p1a: Mewtwo|63\/100\n|\n|-heal|p2a: Shaymin|45\/100|[from] item: Leftovers\n|upkeep\n|turn|39\n|\n|t:|1699230117\n|move|p2a: Shaymin|Protect|p2a: Shaymin\n|-singleturn|p2a: Shaymin|Protect\n|move|p1a: Mewtwo|Psystrike|p2a: Shaymin\n|-activate|p2a: Shaymin|move: Protect\n|\n|-heal|p2a: Shaymin|51\/100|[from] item: Leftovers\n|upkeep\n|turn|40\n|\n|t:|1699230127\n|move|p1a: Mewtwo|Psystrike|p2a: Shaymin\n|-end|p2a: Shaymin|Substitute\n|move|p2a: Shaymin|Air Slash|p1a: Mewtwo|[miss]\n|-miss|p2a: Shaymin|p1a: Mewtwo\n|\n|-heal|p2a: Shaymin|58\/100|[from] item: Leftovers\n|upkeep\n|turn|41\n|\n|t:|1699230134\n|switch|p2a: Ferrothorn|Ferrothorn, M|67\/100\n|-damage|p2a: Ferrothorn|60\/100|[from] Stealth Rock\n|move|p1a: Mewtwo|Fire Blast|p2a: Ferrothorn\n|-supereffective|p2a: Ferrothorn\n|-damage|p2a: Ferrothorn|0 fnt\n|faint|p2a: Ferrothorn\n|\n|upkeep\n|\n|t:|1699230145\n|switch|p2a: Meloetta|Meloetta|82\/100 tox\n|-damage|p2a: Meloetta|69\/100 tox|[from] Stealth Rock\n|turn|42\n|\n|t:|1699230161\n|move|p1a: Mewtwo|Ice Beam|p2a: Meloetta\n|-damage|p2a: Meloetta|37\/100 tox\n|-zpower|p2a: Meloetta\n|move|p2a: Meloetta|Z-Celebrate|p2a: Meloetta|[anim]Celebrate\n|-boost|p2a: Meloetta|atk|1|[zeffect]\n|-boost|p2a: Meloetta|def|1|[zeffect]\n|-boost|p2a: Meloetta|spa|1|[zeffect]\n|-boost|p2a: Meloetta|spd|1|[zeffect]\n|-boost|p2a: Meloetta|spe|1|[zeffect]\n|-activate|p2a: Meloetta|move: Celebrate\n|\n|-damage|p2a: Meloetta|30\/100 tox|[from] psn\n|upkeep\n|turn|43\n|\n|t:|1699230171\n|move|p2a: Meloetta|Rest|p2a: Meloetta\n|-status|p2a: Meloetta|slp|[from] move: Rest\n|-heal|p2a: Meloetta|100\/100 slp|[silent]\n|move|p1a: Mewtwo|Fire Blast|p2a: Meloetta\n|-damage|p2a: Meloetta|72\/100 slp\n|\n|upkeep\n|turn|44\n|\n|t:|1699230177\n|cant|p2a: Meloetta|slp\n|move|p2a: Meloetta|Snore|p1a: Mewtwo\n|-crit|p1a: Mewtwo\n|-damage|p1a: Mewtwo|17\/100\n|move|p1a: Mewtwo|Ice Beam|p2a: Meloetta\n|-damage|p2a: Meloetta|52\/100 slp\n|\n|upkeep\n|turn|45\n|\n|t:|1699230186\n|cant|p2a: Meloetta|slp\n|move|p2a: Meloetta|Snore|p1a: Mewtwo\n|-damage|p1a: Mewtwo|0 fnt\n|faint|p1a: Mewtwo\n|\n|upkeep\n|\n|t:|1699230190\n|switch|p1a: Ditto|Ditto|100\/100\n|-damage|p1a: Ditto|88\/100|[from] Stealth Rock\n|-transform|p1a: Ditto|p2a: Meloetta|[from] ability: Imposter\n|turn|46\n|\n|t:|1699230202\n|move|p1a: Ditto|Snore||[still]\n|-fail|p1a: Ditto\n|-curestatus|p2a: Meloetta|slp|[msg]\n|move|p2a: Meloetta|Charge Beam|p1a: Ditto\n|-damage|p1a: Ditto|73\/100\n|-boost|p2a: Meloetta|spa|1\n|\n|upkeep\n|turn|47\n|\n|t:|1699230209\n|switch|p1a: Garganacl|Garganacl, F|100\/100\n|-damage|p1a: Garganacl|88\/100|[from] Stealth Rock\n|move|p2a: Meloetta|Charge Beam|p1a: Garganacl\n|-damage|p1a: Garganacl|56\/100\n|-boost|p2a: Meloetta|spa|1\n|\n|-heal|p1a: Garganacl|63\/100|[from] item: Leftovers\n|upkeep\n|turn|48\n|\n|t:|1699230213\n|move|p2a: Meloetta|Charge Beam|p1a: Garganacl\n|-damage|p1a: Garganacl|24\/100\n|-boost|p2a: Meloetta|spa|1\n|move|p1a: Garganacl|Salt Cure|p2a: Meloetta\n|-damage|p2a: Meloetta|39\/100\n|-start|p2a: Meloetta|Salt Cure\n|\n|-heal|p1a: Garganacl|30\/100|[from] item: Leftovers\n|-damage|p2a: Meloetta|27\/100|[from] Salt Cure\n|upkeep\n|turn|49\n|\n|t:|1699230219\n|move|p1a: Garganacl|Protect|p1a: Garganacl\n|-singleturn|p1a: Garganacl|Protect\n|move|p2a: Meloetta|Charge Beam|p1a: Garganacl\n|-activate|p1a: Garganacl|move: Protect\n|\n|-heal|p1a: Garganacl|36\/100|[from] item: Leftovers\n|-damage|p2a: Meloetta|15\/100|[from] Salt Cure\n|upkeep\n|turn|50\n|\n|t:|1699230224\n|switch|p1a: Kingambit|Kingambit, F, tera:Dark|11\/100 par\n|-damage|p1a: Kingambit|0 fnt|[from] Stealth Rock\n|faint|p1a: Kingambit\n|-end|p1a: Kingambit|fallen1|[silent]\n|move|p2a: Meloetta|Rest|p2a: Meloetta\n|-status|p2a: Meloetta|slp|[from] move: Rest\n|-heal|p2a: Meloetta|100\/100 slp|[silent]\n|\n|-damage|p2a: Meloetta|88\/100 slp|[from] Salt Cure\n|upkeep\n|\n|t:|1699230227\n|switch|p1a: Ditto|Ditto|73\/100\n|-damage|p1a: Ditto|60\/100|[from] Stealth Rock\n|-transform|p1a: Ditto|p2a: Meloetta|[from] ability: Imposter\n|turn|51\n|\n|t:|1699230231\n|move|p1a: Ditto|Charge Beam|p2a: Meloetta\n|-damage|p2a: Meloetta|59\/100 slp\n|-boost|p1a: Ditto|spa|1\n|cant|p2a: Meloetta|slp\n|move|p2a: Meloetta|Snore|p1a: Ditto\n|-damage|p1a: Ditto|13\/100\n|\n|-damage|p2a: Meloetta|47\/100 slp|[from] Salt Cure\n|upkeep\n|turn|52\n|\n|t:|1699230238\n|move|p1a: Ditto|Charge Beam|p2a: Meloetta\n|-damage|p2a: Meloetta|15\/100 slp\n|-boost|p1a: Ditto|spa|1\n|cant|p2a: Meloetta|slp\n|move|p2a: Meloetta|Snore|p1a: Ditto\n|-damage|p1a: Ditto|0 fnt\n|faint|p1a: Ditto\n|\n|-damage|p2a: Meloetta|3\/100 slp|[from] Salt Cure\n|upkeep\n|\n|t:|1699230242\n|switch|p1a: Arceus|Arceus-Ground|63\/100\n|-damage|p1a: Arceus|57\/100|[from] Stealth Rock\n|turn|53\n|\n|t:|1699230247\n|-curestatus|p2a: Meloetta|slp|[msg]\n|move|p2a: Meloetta|Rest|p2a: Meloetta\n|-status|p2a: Meloetta|slp|[from] move: Rest\n|-heal|p2a: Meloetta|100\/100 slp|[silent]\n|move|p1a: Arceus|Judgment|p2a: Meloetta\n|-damage|p2a: Meloetta|74\/100 slp\n|\n|-damage|p2a: Meloetta|62\/100 slp|[from] Salt Cure\n|upkeep\n|turn|54\n|\n|t:|1699230256\n|cant|p2a: Meloetta|slp\n|move|p2a: Meloetta|Snore|p1a: Arceus\n|-damage|p1a: Arceus|6\/100\n|move|p1a: Arceus|Judgment|p2a: Meloetta\n|-damage|p2a: Meloetta|36\/100 slp\n|\n|-damage|p2a: Meloetta|24\/100 slp|[from] Salt Cure\n|upkeep\n|turn|55\n|c|\u2606zomboks134|Why you are sooo gay\n|\n|t:|1699230267\n|cant|p2a: Meloetta|slp\n|move|p2a: Meloetta|Snore|p1a: Arceus\n|-damage|p1a: Arceus|0 fnt\n|faint|p1a: Arceus\n|\n|-damage|p2a: Meloetta|12\/100 slp|[from] Salt Cure\n|upkeep\n|\n|t:|1699230269\n|switch|p1a: Garganacl|Garganacl, F|36\/100\n|-damage|p1a: Garganacl|24\/100|[from] Stealth Rock\n|turn|56\n|\n|t:|1699230289\n|move|p1a: Garganacl|Protect|p1a: Garganacl\n|-singleturn|p1a: Garganacl|Protect\n|-curestatus|p2a: Meloetta|slp|[msg]\n|move|p2a: Meloetta|Rest|p2a: Meloetta\n|-status|p2a: Meloetta|slp|[from] move: Rest\n|-heal|p2a: Meloetta|100\/100 slp|[silent]\n|\n|-heal|p1a: Garganacl|30\/100|[from] item: Leftovers\n|-damage|p2a: Meloetta|88\/100 slp|[from] Salt Cure\n|upkeep\n|turn|57\n|\n|t:|1699230293\n|cant|p2a: Meloetta|slp\n|move|p2a: Meloetta|Snore|p1a: Garganacl\n|-resisted|p1a: Garganacl\n|-damage|p1a: Garganacl|0 fnt\n|faint|p1a: Garganacl\n|\n|win|liuqiu\n|raw|zomboks134's rating: 1476 &rarr; <strong>1452<\/strong><br \/>(-24 for losing)\n|raw|liuqiu's rating: 1397 &rarr; <strong>1421<\/strong><br \/>(+24 for winning)\n|l|\u2606zomboks134\n","uploadtime":1699230332,"views":3,"p1id":"zomboks134","p2id":"liuqiu","formatid":"gen9nationaldexubers","rating":1421,"private":0,"password":""}