{"id":"gen9nationaldexubers-1994992046","p1":"pawket","p2":"DinsFire01","format":"[Gen 9] National Dex Ubers","log":"|j|\u2606pawket\n|j|\u2606DinsFire01\n|t:|1700511274\n|gametype|singles\n|player|p1|pawket|bugcatcher-gen4dp|\n|player|p2|DinsFire01|n|\n|teamsize|p1|6\n|teamsize|p2|6\n|gen|9\n|tier|[Gen 9] National Dex Ubers\n|rule|HP Percentage Mod: HP is shown in percentages\n|rule|Endless Battle Clause: Forcing endless battles is banned\n|rule|OHKO Clause: OHKO moves are banned\n|rule|Evasion Moves Clause: Evasion moves are banned\n|rule|Evasion Items Clause: Evasion items are banned\n|rule|Species Clause: Limit one of each Pok\u00e9mon\n|rule|Sleep Clause Mod: Limit one foe put to sleep\n|rule|Mega Rayquaza Clause: You cannot mega evolve Rayquaza\n|clearpoke\n|poke|p1|Hatterene, F|\n|poke|p1|Ursaluna-Bloodmoon, M|\n|poke|p1|Glastrier|\n|poke|p1|Volcarona, F|\n|poke|p1|Mimikyu, M|\n|poke|p1|Porygon2|\n|poke|p2|Gliscor, F|\n|poke|p2|Tapu Fini|\n|poke|p2|Gholdengo|\n|poke|p2|Gallade, M|\n|poke|p2|Arcanine-Hisui, F|\n|poke|p2|Latias, F|\n|teampreview\n|c|\u2606DinsFire01|can you post the link again .-.\n|c|\u2606DinsFire01|oh you got that\n|j| Smackey_5\n|c|\u2606pawket|Yeh I got u\n|c|\u2606DinsFire01|2 minutes!\n|j| Demolution545\n|c|\u2606pawket|o7\n|j| MiniBearGrahams\n|j| ZBFusion\n|l| MiniBearGrahams\n|j| speedykidyo\n|c| Demolution545|First\n|\n|t:|1700511452\n|start\n|switch|p1a: Mimikyu|Mimikyu, M, shiny|100\/100\n|switch|p2a: Ghold Glider|Gholdengo|100\/100\n|turn|1\n|c|\u2606DinsFire01|glhf!\n|inactive|Battle timer is ON: inactive players will automatically lose when time's up. (requested by DinsFire01)\n|\n|t:|1700511473\n|switch|p1a: Volcarona|Volcarona, F|100\/100\n|move|p2a: Ghold Glider|Trick|p1a: Volcarona\n|-activate|p2a: Ghold Glider|move: Trick|[of] p1a: Volcarona\n|-item|p1a: Volcarona|Choice Scarf|[from] move: Trick\n|-item|p2a: Ghold Glider|Heavy-Duty Boots|[from] move: Trick\n|\n|upkeep\n|turn|2\n|c|\u2606pawket|Guess I'll die\n|c| speedykidyo|lol\n|inactive|DinsFire01 has 270 seconds left.\n|\n|t:|1700511523\n|switch|p2a: MAMAAAAAAA|Tapu Fini|100\/100\n|-fieldstart|move: Misty Terrain|[from] ability: Misty Surge|[of] p2a: MAMAAAAAAA\n|move|p1a: Volcarona|Fiery Dance|p2a: MAMAAAAAAA\n|-resisted|p2a: MAMAAAAAAA\n|-damage|p2a: MAMAAAAAAA|85\/100\n|\n|-heal|p2a: MAMAAAAAAA|91\/100|[from] item: Leftovers\n|upkeep\n|turn|3\n|\n|t:|1700511544\n|switch|p1a: Mimikyu|Mimikyu, M, shiny|100\/100\n|move|p2a: MAMAAAAAAA|Calm Mind|p2a: MAMAAAAAAA\n|-boost|p2a: MAMAAAAAAA|spa|1\n|-boost|p2a: MAMAAAAAAA|spd|1\n|\n|-heal|p2a: MAMAAAAAAA|98\/100|[from] item: Leftovers\n|upkeep\n|turn|4\n|\n|t:|1700511553\n|move|p1a: Mimikyu|Swords Dance|p1a: Mimikyu\n|-boost|p1a: Mimikyu|atk|2\n|move|p2a: MAMAAAAAAA|Taunt|p1a: Mimikyu\n|-start|p1a: Mimikyu|move: Taunt\n|\n|-heal|p2a: MAMAAAAAAA|100\/100|[from] item: Leftovers\n|upkeep\n|turn|5\n|\n|t:|1700511564\n|move|p1a: Mimikyu|Trailblaze|p2a: MAMAAAAAAA\n|-supereffective|p2a: MAMAAAAAAA\n|-damage|p2a: MAMAAAAAAA|39\/100\n|-boost|p1a: Mimikyu|spe|1\n|-damage|p1a: Mimikyu|91\/100|[from] item: Life Orb\n|move|p2a: MAMAAAAAAA|Scald|p1a: Mimikyu\n|-activate|p1a: Mimikyu|ability: Disguise\n|-damage|p1a: Mimikyu|91\/100\n|detailschange|p1a: Mimikyu|Mimikyu-Busted, M, shiny\n|-damage|p1a: Mimikyu|78\/100|[from] pokemon: Mimikyu-Busted\n|\n|-heal|p2a: MAMAAAAAAA|45\/100|[from] item: Leftovers\n|upkeep\n|turn|6\n|j| MiniBearGrahams\n|c|\u2606DinsFire01|what.\n|inactive|DinsFire01 has 270 seconds left.\n|c|\u2606pawket|What what\n|c|\u2606DinsFire01|i didnt realize disguise counters taunt!\n|inactive|DinsFire01 has 240 seconds left.\n|c|\u2606pawket|Doesn't.\n|c|\u2606pawket|I got SD off first. Then I attacked with trail Blaze\n|inactive|DinsFire01 has 210 seconds left.\n|c| speedykidyo|it's taunted\n|c|\u2606DinsFire01|ohhhhhh\n|c|\u2606DinsFire01|idk why i thought this was encore LOL\n|c|\u2606pawket|lol\n|c|\u2606DinsFire01|like i knew it was taunt\n|c|\u2606DinsFire01|im silly\n|c|\u2606pawket|u good\n|inactive|DinsFire01 has 180 seconds left.\n|\n|t:|1700511678\n|switch|p2a: glizzy|Gliscor, F, shiny|100\/100\n|move|p1a: Mimikyu|Play Rough|p2a: glizzy\n|-damage|p2a: glizzy|43\/100\n|-damage|p1a: Mimikyu|68\/100|[from] item: Life Orb\n|\n|-fieldend|Misty Terrain\n|-status|p2a: glizzy|tox|[from] item: Toxic Orb\n|upkeep\n|turn|7\n|inactive|DinsFire01 has 180 seconds left.\n|inactive|DinsFire01 has 150 seconds left.\n|\n|t:|1700511728\n|-terastallize|p1a: Mimikyu|Ghost\n|move|p1a: Mimikyu|Shadow Sneak|p2a: glizzy\n|-damage|p2a: glizzy|10\/100 tox\n|-damage|p1a: Mimikyu|58\/100|[from] item: Life Orb\n|move|p2a: glizzy|Roost|p2a: glizzy\n|-heal|p2a: glizzy|60\/100 tox\n|-singleturn|p2a: glizzy|move: Roost\n|\n|-heal|p2a: glizzy|72\/100 tox|[from] ability: Poison Heal\n|-end|p1a: Mimikyu|move: Taunt\n|upkeep\n|turn|8\n|c| speedykidyo|sneaky\n|inactive|pawket has 270 seconds left.\n|\n|t:|1700511747\n|move|p1a: Mimikyu|Play Rough|p2a: glizzy\n|-damage|p2a: glizzy|15\/100 tox\n|-damage|p1a: Mimikyu|48\/100|[from] item: Life Orb\n|move|p2a: glizzy|U-turn|p1a: Mimikyu\n|-resisted|p1a: Mimikyu\n|-damage|p1a: Mimikyu|36\/100\n|\n|t:|1700511750\n|switch|p2a: >:3|Arcanine-Hisui, F, shiny|100\/100|[from] U-turn\n|\n|upkeep\n|turn|9\n|inactive|DinsFire01 has 150 seconds left.\n|\n|t:|1700511764\n|switch|p2a: glizzy|Gliscor, F, shiny|15\/100 tox\n|move|p1a: Mimikyu|Shadow Sneak|p2a: glizzy\n|-damage|p2a: glizzy|0 fnt\n|faint|p2a: glizzy\n|-damage|p1a: Mimikyu|26\/100|[from] item: Life Orb\n|\n|upkeep\n|\n|t:|1700511771\n|switch|p2a: him|Gallade, M|100\/100\n|turn|10\n|inactive|DinsFire01 has 150 seconds left.\n|\n|t:|1700511785\n|detailschange|p2a: him|Gallade-Mega, M\n|-mega|p2a: him|Gallade|Galladite\n|move|p1a: Mimikyu|Shadow Sneak|p2a: him\n|-supereffective|p2a: him\n|-damage|p2a: him|0 fnt\n|faint|p2a: him\n|-damage|p1a: Mimikyu|16\/100|[from] item: Life Orb\n|\n|upkeep\n|c| speedykidyo|uh oh\n|l| MiniBearGrahams\n|\n|t:|1700511806\n|switch|p2a: >:3|Arcanine-Hisui, F, shiny|100\/100\n|turn|11\n|c| speedykidyo|he's super sneaky\n|c|\u2606pawket|LO gon get me\n|c|\u2606pawket|But he do be sneaking. in shadows.\n|j| MiniBearGrahams\n|\n|t:|1700511832\n|-terastallize|p2a: >:3|Normal\n|move|p1a: Mimikyu|Shadow Sneak|p2a: >:3\n|-immune|p2a: >:3\n|move|p2a: >:3|Flare Blitz|p1a: Mimikyu\n|-damage|p1a: Mimikyu|0 fnt\n|faint|p1a: Mimikyu\n|\n|upkeep\n|c| speedykidyo|uh oh\n|c|\u2606pawket|I see. Ur sneaky too\n|inactive|pawket has 270 seconds left.\n|c| speedykidyo|no longer snaeky\n|c| speedykidyo|:(\n|\n|t:|1700511861\n|switch|p1a: Porygon2|Porygon2|100\/100\n|turn|12\n|\n|t:|1700511870\n|move|p2a: >:3|Flare Blitz|p1a: Porygon2\n|-damage|p1a: Porygon2|50\/100\n|move|p1a: Porygon2|Trick Room|p1a: Porygon2\n|-fieldstart|move: Trick Room|[of] p1a: Porygon2\n|\n|upkeep\n|turn|13\n|inactive|pawket has 270 seconds left.\n|\n|t:|1700511893\n|move|p1a: Porygon2|Ice Beam|p2a: >:3\n|-damage|p2a: >:3|73\/100\n|move|p2a: >:3|Flare Blitz|p1a: Porygon2\n|-damage|p1a: Porygon2|7\/100\n|\n|upkeep\n|turn|14\n|inactive|pawket has 270 seconds left.\n|\n|t:|1700511908\n|switch|p2a: MAMAAAAAAA|Tapu Fini|45\/100\n|-fieldstart|move: Misty Terrain|[from] ability: Misty Surge|[of] p2a: MAMAAAAAAA\n|move|p1a: Porygon2|Ice Beam|p2a: MAMAAAAAAA\n|-resisted|p2a: MAMAAAAAAA\n|-damage|p2a: MAMAAAAAAA|36\/100\n|\n|-heal|p2a: MAMAAAAAAA|42\/100|[from] item: Leftovers\n|upkeep\n|turn|15\n|inactive|pawket has 270 seconds left.\n|\n|t:|1700511919\n|move|p2a: MAMAAAAAAA|Draining Kiss|p1a: Porygon2\n|-damage|p1a: Porygon2|0 fnt\n|-heal|p2a: MAMAAAAAAA|48\/100|[from] drain|[of] p1a: Porygon2\n|faint|p1a: Porygon2\n|\n|-heal|p2a: MAMAAAAAAA|54\/100|[from] item: Leftovers\n|upkeep\n|inactive|pawket has 270 seconds left.\n|\n|t:|1700511931\n|switch|p1a: Glastrier|Glastrier|100\/100\n|turn|16\n|l| Demolution545\n|inactive|pawket has 270 seconds left.\n|\n|t:|1700511940\n|move|p1a: Glastrier|Swords Dance|p1a: Glastrier\n|-boost|p1a: Glastrier|atk|2\n|move|p2a: MAMAAAAAAA|Scald|p1a: Glastrier\n|-damage|p1a: Glastrier|79\/100\n|\n|-heal|p2a: MAMAAAAAAA|60\/100|[from] item: Leftovers\n|-fieldend|move: Trick Room\n|upkeep\n|turn|17\n|inactive|pawket has 270 seconds left.\n|c| speedykidyo|why not trick room\n|inactive|DinsFire01 has 120 seconds left.\n|c| speedykidyo|no*\n|\n|t:|1700511976\n|switch|p2a: stacy|Latias, F, shiny|100\/100\n|-zpower|p1a: Glastrier\n|move|p1a: Glastrier|Subzero Slammer|p2a: stacy|[zeffect]\n|-supereffective|p2a: stacy\n|-damage|p2a: stacy|0 fnt\n|faint|p2a: stacy\n|-ability|p1a: Glastrier|Chilling Neigh|boost\n|-boost|p1a: Glastrier|atk|1\n|\n|upkeep\n|c|\u2606pawket|wym?\n|inactive|DinsFire01 has 120 seconds left.\n|c| speedykidyo|wait i'm dumb\n|\n|t:|1700511986\n|switch|p2a: >:3|Arcanine-Hisui, F, shiny, tera:Normal|73\/100\n|turn|18\n|c| speedykidyo|lol\n|inactive|pawket has 270 seconds left.\n|inactive|DinsFire01 has 120 seconds left.\n|c|\u2606pawket|Ran out yeh\n|\n|t:|1700512006\n|move|p2a: >:3|Flare Blitz|p1a: Glastrier\n|-supereffective|p1a: Glastrier\n|-damage|p1a: Glastrier|0 fnt\n|faint|p1a: Glastrier\n|\n|-fieldend|Misty Terrain\n|upkeep\n|\n|t:|1700512024\n|switch|p1a: Hatterene|Hatterene, F|100\/100\n|turn|19\n|inactive|DinsFire01 has 120 seconds left.\n|\n|t:|1700512056\n|switch|p2a: MAMAAAAAAA|Tapu Fini|60\/100\n|-fieldstart|move: Misty Terrain|[from] ability: Misty Surge|[of] p2a: MAMAAAAAAA\n|move|p1a: Hatterene|Trick Room|p1a: Hatterene\n|-fieldstart|move: Trick Room|[of] p1a: Hatterene\n|\n|-heal|p2a: MAMAAAAAAA|66\/100|[from] item: Leftovers\n|upkeep\n|turn|20\n|l| MiniBearGrahams\n|j| Demolution545\n|\n|t:|1700512072\n|move|p1a: Hatterene|Psychic|p2a: MAMAAAAAAA\n|-damage|p2a: MAMAAAAAAA|28\/100\n|move|p2a: MAMAAAAAAA|Calm Mind|p2a: MAMAAAAAAA\n|-boost|p2a: MAMAAAAAAA|spa|1\n|-boost|p2a: MAMAAAAAAA|spd|1\n|\n|-heal|p2a: MAMAAAAAAA|35\/100|[from] item: Leftovers\n|upkeep\n|turn|21\n|inactive|DinsFire01 has 120 seconds left.\n|j| VoIteon\n|\n|t:|1700512087\n|move|p1a: Hatterene|Psychic|p2a: MAMAAAAAAA\n|-damage|p2a: MAMAAAAAAA|12\/100\n|move|p2a: MAMAAAAAAA|Draining Kiss|p1a: Hatterene\n|-damage|p1a: Hatterene|75\/100\n|-heal|p2a: MAMAAAAAAA|30\/100|[from] drain|[of] p1a: Hatterene\n|\n|-heal|p2a: MAMAAAAAAA|36\/100|[from] item: Leftovers\n|upkeep\n|turn|22\n|inactive|DinsFire01 has 120 seconds left.\n|l| Demolution545\n|\n|t:|1700512099\n|move|p1a: Hatterene|Misty Explosion|p2a: MAMAAAAAAA\n|-damage|p2a: MAMAAAAAAA|0 fnt\n|faint|p1a: Hatterene\n|faint|p2a: MAMAAAAAAA\n|\n|upkeep\n|j| MiniBearGrahams\n|inactive|DinsFire01 has 120 seconds left.\n|j| Gran gran\n|n| Gran gran|grangran\n|inactive|DinsFire01 has 90 seconds left.\n|c| Gran gran|E\n|\n|t:|1700512158\n|switch|p1a: Ursaluna|Ursaluna-Bloodmoon, M|100\/100\n|switch|p2a: >:3|Arcanine-Hisui, F, shiny, tera:Normal|73\/100\n|turn|23\n|c| speedykidyo|is that freddy fazbear? har har har har har har har har har har, har har har har, har har har har\n|inactive|pawket has 270 seconds left.\n|inactive|DinsFire01 has 60 seconds left.\n|\n|t:|1700512194\n|move|p2a: >:3|Extreme Speed|p1a: Ursaluna\n|-damage|p1a: Ursaluna|53\/100\n|move|p1a: Ursaluna|Blood Moon|p2a: >:3\n|-crit|p2a: >:3\n|-damage|p2a: >:3|0 fnt\n|faint|p2a: >:3\n|-damage|p1a: Ursaluna|43\/100|[from] item: Life Orb\n|\n|-fieldend|move: Trick Room\n|-fieldend|Misty Terrain\n|upkeep\n|c| speedykidyo|the timer\n|\n|t:|1700512202\n|switch|p2a: Ghold Glider|Gholdengo|100\/100\n|turn|24\n|inactive|DinsFire01 has 60 seconds left.\n|inactive|pawket has 270 seconds left.\n|j| Demolution545\n|\n|t:|1700512226\n|switch|p1a: Volcarona|Volcarona, F|100\/100\n|move|p2a: Ghold Glider|Trick|p1a: Volcarona\n|-activate|p2a: Ghold Glider|move: Trick|[of] p1a: Volcarona\n|-item|p1a: Volcarona|Heavy-Duty Boots|[from] move: Trick\n|-item|p2a: Ghold Glider|Choice Scarf|[from] move: Trick\n|\n|upkeep\n|turn|25\n|inactive|pawket has 270 seconds left.\n|\n|t:|1700512235\n|move|p2a: Ghold Glider|Power Gem|p1a: Volcarona\n|-supereffective|p1a: Volcarona\n|-damage|p1a: Volcarona|0 fnt\n|faint|p1a: Volcarona\n|\n|upkeep\n|c| speedykidyo|ah ha!\n|c| Smackey_5|Ope\n|c|\u2606pawket|Aaaaaa\n|inactive|pawket has 270 seconds left.\n|c| speedykidyo|oh nvm\n|\n|t:|1700512247\n|switch|p1a: Ursaluna|Ursaluna-Bloodmoon, M|43\/100\n|turn|26\n|\n|t:|1700512253\n|move|p2a: Ghold Glider|Power Gem|p1a: Ursaluna\n|-resisted|p1a: Ursaluna\n|-damage|p1a: Ursaluna|27\/100\n|move|p1a: Ursaluna|Earth Power|p2a: Ghold Glider\n|-supereffective|p2a: Ghold Glider\n|-damage|p2a: Ghold Glider|0 fnt\n|faint|p2a: Ghold Glider\n|-damage|p1a: Ursaluna|17\/100|[from] item: Life Orb\n|\n|win|pawket\n|c|\u2606DinsFire01|nice\n|c| Smackey_5|LOL\n|l| Gran gran\n|c| speedykidyo|FREDDY FAZBEAR\n|c|\u2606pawket|Nail biter\n|l| MiniBearGrahams\n","uploadtime":1700512280,"views":8,"p1id":"pawket","p2id":"dinsfire01","formatid":"gen9nationaldexubers","rating":0,"private":0,"password":""}