{"id":"gen9nationaldexubers-1978118521","p1":"SecretFBIAgent","p2":"85792195wwww","format":"[Gen 9] National Dex Ubers","log":"|j|\u2606SecretFBIAgent\n|j|\u260685792195wwww\n|t:|1698501669\n|gametype|singles\n|player|p1|SecretFBIAgent|266|1644\n|player|p2|85792195wwww|lady|1821\n|teamsize|p1|6\n|teamsize|p2|6\n|gen|9\n|tier|[Gen 9] National Dex Ubers\n|rated|\n|rule|HP Percentage Mod: HP is shown in percentages\n|rule|Endless Battle Clause: Forcing endless battles is banned\n|rule|OHKO Clause: OHKO moves are banned\n|rule|Evasion Moves Clause: Evasion moves are banned\n|rule|Evasion Items Clause: Evasion items are banned\n|rule|Species Clause: Limit one of each Pok\u00e9mon\n|rule|Sleep Clause Mod: Limit one foe put to sleep\n|rule|Mega Rayquaza Clause: You cannot mega evolve Rayquaza\n|clearpoke\n|poke|p1|Yveltal|\n|poke|p1|Groudon|\n|poke|p1|Deoxys-Attack|\n|poke|p1|Kyogre|\n|poke|p1|Marshadow|\n|poke|p1|Zacian-*|\n|poke|p2|Calyrex-Ice|\n|poke|p2|Groudon|\n|poke|p2|Krookodile, F|\n|poke|p2|Xerneas-*|\n|poke|p2|Zacian-*|\n|poke|p2|Arceus|\n|teampreview\n|inactive|Battle timer is ON: inactive players will automatically lose when time's up. (requested by SecretFBIAgent)\n|c|\u2606SecretFBIAgent|gl hf\n|\n|t:|1698501686\n|start\n|switch|p1a: BeefSteak|Yveltal, shiny|100\/100\n|switch|p2a: Krookodile|Krookodile, F|100\/100\n|-ability|p2a: Krookodile|Intimidate|boost\n|-unboost|p1a: BeefSteak|atk|1\n|-ability|p1a: BeefSteak|Dark Aura\n|turn|1\n|\n|t:|1698501695\n|move|p2a: Krookodile|Stealth Rock|p1a: BeefSteak\n|-sidestart|p1: SecretFBIAgent|move: Stealth Rock\n|move|p1a: BeefSteak|Oblivion Wing|p2a: Krookodile\n|-damage|p2a: Krookodile|51\/100\n|\n|upkeep\n|turn|2\n|\n|t:|1698501702\n|move|p2a: Krookodile|Knock Off|p1a: BeefSteak\n|-resisted|p1a: BeefSteak\n|-damage|p1a: BeefSteak|79\/100\n|-enditem|p1a: BeefSteak|Heavy-Duty Boots|[from] move: Knock Off|[of] p2a: Krookodile\n|move|p1a: BeefSteak|Oblivion Wing|p2a: Krookodile\n|-damage|p2a: Krookodile|0 fnt\n|-heal|p1a: BeefSteak|100\/100|[from] drain|[of] p2a: Krookodile\n|faint|p2a: Krookodile\n|\n|upkeep\n|\n|t:|1698501713\n|switch|p2a: Zacian|Zacian-Crowned|100\/100\n|-ability|p2a: Zacian|Intrepid Sword|boost\n|-boost|p2a: Zacian|atk|1\n|turn|3\n|\n|t:|1698501720\n|move|p2a: Zacian|Swords Dance|p2a: Zacian\n|-boost|p2a: Zacian|atk|2\n|move|p1a: BeefSteak|Defog|p2a: Zacian\n|-unboost|p2a: Zacian|evasion|1\n|-sideend|p1: SecretFBIAgent|Stealth Rock|[from] move: Defog|[of] p1a: BeefSteak\n|\n|upkeep\n|turn|4\n|\n|t:|1698501727\n|move|p2a: Zacian|Behemoth Blade|p1a: BeefSteak\n|-damage|p1a: BeefSteak|0 fnt\n|faint|p1a: BeefSteak\n|\n|upkeep\n|\n|t:|1698501729\n|switch|p1a: Emo Boi|Marshadow|100\/100\n|turn|5\n|\n|t:|1698501735\n|switch|p2a: Arceus|Arceus|100\/100\n|move|p1a: Emo Boi|Spectral Thief|p2a: Arceus\n|-immune|p2a: Arceus\n|\n|upkeep\n|turn|6\n|\n|t:|1698501743\n|switch|p1a: Obese Ayers|Groudon, shiny|100\/100\n|detailschange|p1a: Obese Ayers|Groudon-Primal, shiny\n|-primal|p1a: Obese Ayers|Red Orb\n|-weather|DesolateLand|[from] ability: Desolate Land|[of] p1a: Obese Ayers\n|switch|p2a: Xerneas|Xerneas|100\/100\n|-ability|p2a: Xerneas|Fairy Aura\n|\n|-weather|DesolateLand|[upkeep]\n|upkeep\n|turn|7\n|\n|t:|1698501757\n|switch|p2a: Calyrex|Calyrex-Ice|100\/100\n|-ability|p2a: Calyrex|As One\n|-ability|p2a: Calyrex|Unnerve\n|move|p1a: Obese Ayers|Precipice Blades|p2a: Calyrex\n|-damage|p2a: Calyrex|49\/100\n|\n|-weather|DesolateLand|[upkeep]\n|upkeep\n|turn|8\n|\n|t:|1698501767\n|move|p2a: Calyrex|High Horsepower|p1a: Obese Ayers\n|-supereffective|p1a: Obese Ayers\n|-damage|p1a: Obese Ayers|63\/100\n|move|p1a: Obese Ayers|Overheat|p2a: Calyrex\n|-supereffective|p2a: Calyrex\n|-damage|p2a: Calyrex|0 fnt\n|-unboost|p1a: Obese Ayers|spa|2\n|faint|p2a: Calyrex\n|\n|-weather|DesolateLand|[upkeep]\n|upkeep\n|\n|t:|1698501781\n|switch|p2a: Arceus|Arceus|100\/100\n|turn|9\n|\n|t:|1698501798\n|move|p2a: Arceus|Earthquake|p1a: Obese Ayers\n|-supereffective|p1a: Obese Ayers\n|-damage|p1a: Obese Ayers|21\/100\n|-damage|p2a: Arceus|91\/100|[from] item: Life Orb\n|move|p1a: Obese Ayers|Dragon Tail|p2a: Arceus\n|-damage|p2a: Arceus|73\/100\n|drag|p2a: Groudon|Groudon|100\/100\n|detailschange|p2a: Groudon|Groudon-Primal\n|-primal|p2a: Groudon|Red Orb\n|\n|-weather|DesolateLand|[upkeep]\n|upkeep\n|turn|10\n|j| Jia7\n|\n|t:|1698501808\n|move|p2a: Groudon|Precipice Blades|p1a: Obese Ayers|[miss]\n|-miss|p2a: Groudon|p1a: Obese Ayers\n|move|p1a: Obese Ayers|Precipice Blades|p2a: Groudon\n|-supereffective|p2a: Groudon\n|-damage|p2a: Groudon|21\/100\n|\n|-weather|DesolateLand|[upkeep]\n|upkeep\n|turn|11\n|c|\u2606SecretFBIAgent|bad luck my bro\n|\n|t:|1698501820\n|move|p2a: Groudon|Precipice Blades|p1a: Obese Ayers\n|-supereffective|p1a: Obese Ayers\n|-damage|p1a: Obese Ayers|0 fnt\n|faint|p1a: Obese Ayers\n|\n|-weather|DesolateLand|[upkeep]\n|upkeep\n|\n|t:|1698501822\n|switch|p1a: Obese Sushi|Kyogre, shiny|100\/100\n|detailschange|p1a: Obese Sushi|Kyogre-Primal, shiny\n|-primal|p1a: Obese Sushi|Blue Orb\n|-weather|PrimordialSea|[from] ability: Primordial Sea|[of] p1a: Obese Sushi\n|turn|12\n|\n|t:|1698501831\n|move|p1a: Obese Sushi|Water Spout|p2a: Groudon\n|-supereffective|p2a: Groudon\n|-damage|p2a: Groudon|0 fnt\n|faint|p2a: Groudon\n|\n|-weather|PrimordialSea|[upkeep]\n|upkeep\n|\n|t:|1698501838\n|switch|p2a: Arceus|Arceus|73\/100\n|turn|13\n|\n|t:|1698501844\n|move|p2a: Arceus|Extreme Speed|p1a: Obese Sushi\n|-damage|p1a: Obese Sushi|35\/100\n|-damage|p2a: Arceus|63\/100|[from] item: Life Orb\n|move|p1a: Obese Sushi|Origin Pulse|p2a: Arceus\n|-damage|p2a: Arceus|0 fnt\n|faint|p2a: Arceus\n|\n|-weather|PrimordialSea|[upkeep]\n|upkeep\n|\n|t:|1698501853\n|switch|p2a: Zacian|Zacian-Crowned|100\/100\n|turn|14\n|\n|t:|1698501857\n|move|p2a: Zacian|Wild Charge|p1a: Obese Sushi\n|-supereffective|p1a: Obese Sushi\n|-damage|p1a: Obese Sushi|0 fnt\n|faint|p1a: Obese Sushi\n|-weather|none\n|-damage|p2a: Zacian|92\/100|[from] Recoil\n|\n|upkeep\n|\n|t:|1698501862\n|switch|p1a: Emo Boi|Marshadow|100\/100\n|turn|15\n|\n|t:|1698501867\n|-terastallize|p1a: Emo Boi|Ghost\n|move|p2a: Zacian|Behemoth Blade|p1a: Emo Boi\n|-damage|p1a: Emo Boi|32\/100\n|move|p1a: Emo Boi|Spectral Thief|p2a: Zacian\n|-damage|p2a: Zacian|36\/100\n|\n|upkeep\n|turn|16\n|\n|t:|1698501877\n|move|p1a: Emo Boi|Shadow Sneak|p2a: Zacian\n|-damage|p2a: Zacian|0 fnt\n|faint|p2a: Zacian\n|\n|upkeep\n|\n|t:|1698501883\n|switch|p2a: Xerneas|Xerneas|100\/100\n|-ability|p2a: Xerneas|Fairy Aura\n|turn|17\n|\n|t:|1698501888\n|move|p1a: Emo Boi|Spectral Thief|p2a: Xerneas\n|-damage|p2a: Xerneas|56\/100\n|move|p2a: Xerneas|Geomancy||[still]\n|-prepare|p2a: Xerneas|Geomancy\n|-enditem|p2a: Xerneas|Power Herb\n|-anim|p2a: Xerneas|Geomancy|p2a: Xerneas\n|-boost|p2a: Xerneas|spa|2\n|-boost|p2a: Xerneas|spd|2\n|-boost|p2a: Xerneas|spe|2\n|\n|upkeep\n|turn|18\n|\n|t:|1698501898\n|move|p1a: Emo Boi|Shadow Sneak|p2a: Xerneas\n|-damage|p2a: Xerneas|25\/100\n|move|p2a: Xerneas|Moonblast|p1a: Emo Boi\n|-damage|p1a: Emo Boi|0 fnt\n|faint|p1a: Emo Boi\n|\n|upkeep\n|\n|t:|1698501901\n|switch|p1a: African Kid|Deoxys-Attack, shiny|100\/100\n|-ability|p1a: African Kid|Pressure\n|turn|19\n|\n|t:|1698501909\n|move|p1a: African Kid|Extreme Speed|p2a: Xerneas\n|-damage|p2a: Xerneas|1\/100\n|move|p2a: Xerneas|Moonblast|p1a: African Kid\n|-enditem|p1a: African Kid|Focus Sash\n|-damage|p1a: African Kid|1\/100\n|-unboost|p1a: African Kid|spa|1\n|\n|upkeep\n|turn|20\n|c|\u2606SecretFBIAgent|ggs\n|\n|t:|1698501918\n|move|p1a: African Kid|Extreme Speed|p2a: Xerneas\n|-damage|p2a: Xerneas|0 fnt\n|faint|p2a: Xerneas\n|\n|win|SecretFBIAgent\n|raw|SecretFBIAgent's rating: 1624 &rarr; <strong>1654<\/strong><br \/>(+30 for winning)\n|raw|85792195wwww's rating: 1821 &rarr; <strong>1791<\/strong><br \/>(-30 for losing)\n|l|\u260685792195wwww\n|l|\u2606SecretFBIAgent\n|l| Jia7\n","uploadtime":1698502210,"views":6,"p1id":"secretfbiagent","p2id":"85792195wwww","formatid":"gen9nationaldexubers","rating":1654,"private":0,"password":""}