{"id":"gen9nationaldexubers-1998103512","p1":"SlamOnyx","p2":"shfeha","format":"[Gen 9] National Dex Ubers","log":"|j|\u2606SlamOnyx\n|j|\u2606shfeha\n|t:|1700891868\n|gametype|singles\n|player|p1|SlamOnyx|kieran|1025\n|player|p2|shfeha|li|1078\n|teamsize|p1|6\n|teamsize|p2|6\n|gen|9\n|tier|[Gen 9] National Dex Ubers\n|rated|\n|rule|HP Percentage Mod: HP is shown in percentages\n|rule|Endless Battle Clause: Forcing endless battles is banned\n|rule|OHKO Clause: OHKO moves are banned\n|rule|Evasion Moves Clause: Evasion moves are banned\n|rule|Evasion Items Clause: Evasion items are banned\n|rule|Species Clause: Limit one of each Pok\u00e9mon\n|rule|Sleep Clause Mod: Limit one foe put to sleep\n|rule|Mega Rayquaza Clause: You cannot mega evolve Rayquaza\n|clearpoke\n|poke|p1|Dachsbun, F|\n|poke|p1|Wigglytuff, F|\n|poke|p1|Raichu-Alola, F|\n|poke|p1|Pikachu, F|\n|poke|p1|Rayquaza|\n|poke|p1|Arceus-Fire|\n|poke|p2|Melmetal|\n|poke|p2|Arceus-Fairy|\n|poke|p2|Solgaleo|\n|poke|p2|Calyrex-Ice|\n|poke|p2|Cresselia, F|\n|poke|p2|Kyogre|\n|teampreview\n|inactive|Battle timer is ON: inactive players will automatically lose when time's up. (requested by shfeha)\n|inactive|SlamOnyx also wants the timer to be on.\n|\n|t:|1700891874\n|start\n|switch|p1a: Oakley|Dachsbun, F|100\/100\n|switch|p2a: Solgaleo|Solgaleo, shiny|100\/100\n|turn|1\n|\n|t:|1700891885\n|move|p1a: Oakley|Lick|p2a: Solgaleo\n|-supereffective|p2a: Solgaleo\n|-damage|p2a: Solgaleo|90\/100\n|move|p2a: Solgaleo|Trick Room|p2a: Solgaleo\n|-fieldstart|move: Trick Room|[of] p2a: Solgaleo\n|\n|upkeep\n|turn|2\n|\n|t:|1700891891\n|move|p1a: Oakley|Bite|p2a: Solgaleo\n|-supereffective|p2a: Solgaleo\n|-damage|p2a: Solgaleo|71\/100\n|move|p2a: Solgaleo|Teleport|p2a: Solgaleo\n|\n|t:|1700891897\n|switch|p2a: Melmetal|Melmetal|100\/100|[from] Teleport\n|\n|upkeep\n|turn|3\n|\n|t:|1700891905\n|-terastallize|p2a: Melmetal|Steel\n|move|p2a: Melmetal|Double Iron Bash|p1a: Oakley\n|-supereffective|p1a: Oakley\n|-enditem|p1a: Oakley|Focus Sash\n|-damage|p1a: Oakley|1\/100\n|-supereffective|p1a: Oakley\n|-damage|p1a: Oakley|0 fnt\n|faint|p1a: Oakley\n|-hitcount|p1: Oakley|2\n|\n|upkeep\n|\n|t:|1700891909\n|switch|p1a: Wigglytuff|Wigglytuff, F|100\/100\n|turn|4\n|\n|t:|1700891912\n|move|p2a: Melmetal|Double Iron Bash|p1a: Wigglytuff\n|-supereffective|p1a: Wigglytuff\n|-damage|p1a: Wigglytuff|0 fnt\n|faint|p1a: Wigglytuff\n|-hitcount|p1: Wigglytuff|1\n|\n|upkeep\n|\n|t:|1700891920\n|switch|p1a: Arceus|Arceus-Fire|100\/100\n|turn|5\n|\n|t:|1700891933\n|move|p2a: Melmetal|Double Iron Bash|p1a: Arceus\n|-resisted|p1a: Arceus\n|-damage|p1a: Arceus|70\/100\n|-resisted|p1a: Arceus\n|-crit|p1a: Arceus\n|-damage|p1a: Arceus|28\/100\n|-hitcount|p1a: Arceus|2\n|cant|p1a: Arceus|flinch\n|\n|-fieldend|move: Trick Room\n|upkeep\n|turn|6\n|c|\u2606SlamOnyx|Lagging Tail?\n|\n|t:|1700891942\n|switch|p2a: Kyogre|Kyogre, shiny|100\/100\n|detailschange|p2a: Kyogre|Kyogre-Primal, shiny\n|-primal|p2a: Kyogre|Blue Orb\n|-weather|PrimordialSea|[from] ability: Primordial Sea|[of] p2a: Kyogre\n|move|p1a: Arceus|Flamethrower||[still]\n|-fail|p1a: Arceus|Flamethrower|[from] Primordial Sea\n|\n|-weather|PrimordialSea|[upkeep]\n|upkeep\n|turn|7\n|\n|t:|1700891951\n|switch|p1a: Raichu|Raichu-Alola, F|100\/100\n|move|p2a: Kyogre|Water Spout|p1a: Raichu\n|-damage|p1a: Raichu|0 fnt\n|faint|p1a: Raichu\n|\n|-weather|PrimordialSea|[upkeep]\n|upkeep\n|\n|t:|1700891955\n|switch|p1a: Pikachu|Pikachu, F|100\/100\n|turn|8\n|\n|t:|1700891964\n|-weather|none\n|switch|p2a: Solgaleo|Solgaleo, shiny|71\/100\n|move|p1a: Pikachu|Fake Out|p2a: Solgaleo\n|-resisted|p2a: Solgaleo\n|-damage|p2a: Solgaleo|66\/100\n|\n|upkeep\n|turn|9\n|\n|t:|1700891980\n|move|p1a: Pikachu|Volt Tackle|p2a: Solgaleo\n|-damage|p2a: Solgaleo|13\/100\n|-damage|p1a: Pikachu|61\/100|[from] Recoil\n|move|p2a: Solgaleo|Trick Room|p2a: Solgaleo\n|-fieldstart|move: Trick Room|[of] p2a: Solgaleo\n|\n|upkeep\n|turn|10\n|\n|t:|1700891992\n|move|p1a: Pikachu|Extreme Speed|p2a: Solgaleo\n|-resisted|p2a: Solgaleo\n|-damage|p2a: Solgaleo|3\/100\n|move|p2a: Solgaleo|Earthquake|p1a: Pikachu\n|-supereffective|p1a: Pikachu\n|-damage|p1a: Pikachu|0 fnt\n|faint|p1a: Pikachu\n|\n|upkeep\n|\n|t:|1700891996\n|switch|p1a: Arceus|Arceus-Fire|28\/100\n|turn|11\n|\n|t:|1700892003\n|move|p2a: Solgaleo|Earthquake|p1a: Arceus\n|-supereffective|p1a: Arceus\n|-damage|p1a: Arceus|0 fnt\n|faint|p1a: Arceus\n|\n|upkeep\n|\n|t:|1700892010\n|switch|p1a: Rayquaza|Rayquaza|100\/100\n|-ability|p1a: Rayquaza|Air Lock\n|turn|12\n|\n|t:|1700892014\n|move|p1a: Rayquaza|Earthquake|p2a: Solgaleo\n|-supereffective|p2a: Solgaleo\n|-crit|p2a: Solgaleo\n|-damage|p2a: Solgaleo|0 fnt\n|faint|p2a: Solgaleo\n|-damage|p1a: Rayquaza|91\/100|[from] item: Life Orb\n|\n|upkeep\n|\n|t:|1700892018\n|switch|p2a: Calyrex|Calyrex-Ice|100\/100\n|-ability|p2a: Calyrex|As One\n|-ability|p2a: Calyrex|Unnerve\n|turn|13\n|\n|t:|1700892029\n|move|p2a: Calyrex|Glacial Lance|p1a: Rayquaza\n|-supereffective|p1a: Rayquaza\n|-damage|p1a: Rayquaza|0 fnt\n|faint|p1a: Rayquaza\n|\n|win|shfeha\n|raw|SlamOnyx's rating: 1025 &rarr; <strong>1013<\/strong><br \/>(-12 for losing)\n|raw|shfeha's rating: 1078 &rarr; <strong>1102<\/strong><br \/>(+24 for winning)\n|l|\u2606SlamOnyx\n","uploadtime":1700892034,"views":1,"p1id":"slamonyx","p2id":"shfeha","formatid":"gen9nationaldexubers","rating":1013,"private":0,"password":""}