{"id":"gen9nationaldexubers-1992794390","p1":"Beaver Agedashi","p2":"mystigen","format":"[Gen 9] National Dex Ubers","log":"|j|\u2606Beaver Agedashi\n|j|\u2606mystigen\n|t:|1700236033\n|gametype|singles\n|player|p1|Beaver Agedashi|falkner|1442\n|player|p2|mystigen|pokemonbreederf-gen4|1544\n|teamsize|p1|6\n|teamsize|p2|6\n|gen|9\n|tier|[Gen 9] National Dex Ubers\n|rated|\n|rule|HP Percentage Mod: HP is shown in percentages\n|rule|Endless Battle Clause: Forcing endless battles is banned\n|rule|OHKO Clause: OHKO moves are banned\n|rule|Evasion Moves Clause: Evasion moves are banned\n|rule|Evasion Items Clause: Evasion items are banned\n|rule|Species Clause: Limit one of each Pok\u00e9mon\n|rule|Sleep Clause Mod: Limit one foe put to sleep\n|rule|Mega Rayquaza Clause: You cannot mega evolve Rayquaza\n|clearpoke\n|poke|p1|Garchomp, M|\n|poke|p1|Ho-Oh|\n|poke|p1|Regieleki|\n|poke|p1|Marshadow|\n|poke|p1|Grimmsnarl, M|\n|poke|p1|Groudon|\n|poke|p2|Kyogre|\n|poke|p2|Zygarde|\n|poke|p2|Groudon|\n|poke|p2|Necrozma-Dusk-Mane|\n|poke|p2|Ho-Oh|\n|poke|p2|Salamence, F|\n|teampreview\n|inactive|Battle timer is ON: inactive players will automatically lose when time's up. (requested by mystigen)\n|\n|t:|1700236048\n|start\n|switch|p1a: \u4e0d\u4f1a\u98de|Groudon, shiny|100\/100\n|switch|p2a: Kyogre|Kyogre|100\/100\n|detailschange|p1a: \u4e0d\u4f1a\u98de|Groudon-Primal, shiny\n|-primal|p1a: \u4e0d\u4f1a\u98de|Red Orb\n|-weather|DesolateLand|[from] ability: Desolate Land|[of] p1a: \u4e0d\u4f1a\u98de\n|detailschange|p2a: Kyogre|Kyogre-Primal\n|-primal|p2a: Kyogre|Blue Orb\n|-weather|PrimordialSea|[from] ability: Primordial Sea|[of] p2a: Kyogre\n|turn|1\n|\n|t:|1700236064\n|switch|p1a: \u767d\u6bdb\u5de8\u9b54|Grimmsnarl, M, shiny|100\/100\n|move|p2a: Kyogre|Water Spout|p1a: \u767d\u6bdb\u5de8\u9b54\n|-damage|p1a: \u767d\u6bdb\u5de8\u9b54|0 fnt\n|faint|p1a: \u767d\u6bdb\u5de8\u9b54\n|\n|-weather|PrimordialSea|[upkeep]\n|upkeep\n|\n|t:|1700236073\n|switch|p1a: \u9ad8\u538b\u7535\u7ebf|Regieleki, shiny|100\/100\n|turn|2\n|\n|t:|1700236077\n|-weather|none\n|switch|p2a: Groudon|Groudon|100\/100\n|detailschange|p2a: Groudon|Groudon-Primal\n|-primal|p2a: Groudon|Red Orb\n|-weather|DesolateLand|[from] ability: Desolate Land|[of] p2a: Groudon\n|-terastallize|p1a: \u9ad8\u538b\u7535\u7ebf|Ice\n|move|p1a: \u9ad8\u538b\u7535\u7ebf|Tera Blast|p2a: Groudon|[anim] Tera Blast Ice\n|-damage|p2a: Groudon|35\/100\n|\n|-weather|DesolateLand|[upkeep]\n|upkeep\n|turn|3\n|\n|t:|1700236088\n|-weather|none\n|switch|p2a: Necrozma|Necrozma-Dusk-Mane|100\/100\n|move|p1a: \u9ad8\u538b\u7535\u7ebf|Tera Blast|p2a: Necrozma|[anim] Tera Blast Ice\n|-resisted|p2a: Necrozma\n|-damage|p2a: Necrozma|85\/100\n|\n|-heal|p2a: Necrozma|91\/100|[from] item: Leftovers\n|upkeep\n|turn|4\n|\n|t:|1700236099\n|switch|p1a: \u4e0d\u4f1a\u98de|Groudon-Primal, shiny|100\/100\n|-weather|DesolateLand|[from] ability: Desolate Land|[of] p1a: \u4e0d\u4f1a\u98de\n|move|p2a: Necrozma|Stealth Rock|p1a: \u4e0d\u4f1a\u98de\n|-sidestart|p1: Beaver Agedashi|move: Stealth Rock\n|\n|-weather|DesolateLand|[upkeep]\n|-heal|p2a: Necrozma|97\/100|[from] item: Leftovers\n|upkeep\n|turn|5\n|\n|t:|1700236108\n|switch|p2a: Salamence|Salamence, F|100\/100\n|-ability|p2a: Salamence|Intimidate|boost\n|-unboost|p1a: \u4e0d\u4f1a\u98de|atk|1\n|move|p1a: \u4e0d\u4f1a\u98de|Earthquake|p2a: Salamence\n|-immune|p2a: Salamence\n|\n|-weather|DesolateLand|[upkeep]\n|upkeep\n|turn|6\n|\n|t:|1700236119\n|move|p2a: Salamence|Dragon Dance|p2a: Salamence\n|-boost|p2a: Salamence|atk|1\n|-boost|p2a: Salamence|spe|1\n|move|p1a: \u4e0d\u4f1a\u98de|Earthquake|p2a: Salamence\n|-immune|p2a: Salamence\n|\n|-weather|DesolateLand|[upkeep]\n|upkeep\n|turn|7\n|\n|t:|1700236126\n|move|p2a: Salamence|Dragon Dance|p2a: Salamence\n|-boost|p2a: Salamence|atk|1\n|-boost|p2a: Salamence|spe|1\n|move|p1a: \u4e0d\u4f1a\u98de|Heat Crash|p2a: Salamence\n|-resisted|p2a: Salamence\n|-damage|p2a: Salamence|50\/100\n|\n|-weather|DesolateLand|[upkeep]\n|upkeep\n|turn|8\n|\n|t:|1700236133\n|detailschange|p2a: Salamence|Salamence-Mega, F\n|-mega|p2a: Salamence|Salamence|Salamencite\n|move|p2a: Salamence|Roost|p2a: Salamence\n|-heal|p2a: Salamence|100\/100\n|-singleturn|p2a: Salamence|move: Roost\n|move|p1a: \u4e0d\u4f1a\u98de|Heat Crash|p2a: Salamence\n|-resisted|p2a: Salamence\n|-damage|p2a: Salamence|64\/100\n|\n|-weather|DesolateLand|[upkeep]\n|upkeep\n|turn|9\n|\n|t:|1700236143\n|move|p2a: Salamence|Dragon Dance|p2a: Salamence\n|-boost|p2a: Salamence|atk|1\n|-boost|p2a: Salamence|spe|1\n|move|p1a: \u4e0d\u4f1a\u98de|Heat Crash|p2a: Salamence\n|-resisted|p2a: Salamence\n|-damage|p2a: Salamence|26\/100\n|\n|-weather|DesolateLand|[upkeep]\n|upkeep\n|turn|10\n|\n|t:|1700236150\n|move|p2a: Salamence|Roost|p2a: Salamence\n|-heal|p2a: Salamence|77\/100\n|-singleturn|p2a: Salamence|move: Roost\n|move|p1a: \u4e0d\u4f1a\u98de|Heat Crash|p2a: Salamence\n|-resisted|p2a: Salamence\n|-damage|p2a: Salamence|37\/100\n|\n|-weather|DesolateLand|[upkeep]\n|upkeep\n|turn|11\n|\n|t:|1700236159\n|move|p2a: Salamence|Roost|p2a: Salamence\n|-heal|p2a: Salamence|88\/100\n|-singleturn|p2a: Salamence|move: Roost\n|move|p1a: \u4e0d\u4f1a\u98de|Earthquake|p2a: Salamence\n|-damage|p2a: Salamence|45\/100\n|\n|-weather|DesolateLand|[upkeep]\n|upkeep\n|turn|12\n|\n|t:|1700236167\n|move|p2a: Salamence|Roost|p2a: Salamence\n|-heal|p2a: Salamence|95\/100\n|-singleturn|p2a: Salamence|move: Roost\n|move|p1a: \u4e0d\u4f1a\u98de|Heat Crash|p2a: Salamence\n|-resisted|p2a: Salamence\n|-damage|p2a: Salamence|58\/100\n|\n|-weather|DesolateLand|[upkeep]\n|upkeep\n|turn|13\n|\n|t:|1700236175\n|move|p2a: Salamence|Earthquake|p1a: \u4e0d\u4f1a\u98de\n|-supereffective|p1a: \u4e0d\u4f1a\u98de\n|-damage|p1a: \u4e0d\u4f1a\u98de|0 fnt\n|faint|p1a: \u4e0d\u4f1a\u98de\n|-weather|none\n|\n|upkeep\n|\n|t:|1700236182\n|switch|p1a: \u95ea\u5149mega\u5927\u5634\u96c0|Ho-Oh, shiny|100\/100\n|turn|14\n|\n|t:|1700236186\n|move|p2a: Salamence|Facade|p1a: \u95ea\u5149mega\u5927\u5634\u96c0\n|-damage|p1a: \u95ea\u5149mega\u5927\u5634\u96c0|3\/100\n|move|p1a: \u95ea\u5149mega\u5927\u5634\u96c0|Defog|p2a: Salamence\n|-unboost|p2a: Salamence|evasion|1\n|-sideend|p1: Beaver Agedashi|Stealth Rock|[from] move: Defog|[of] p1a: \u95ea\u5149mega\u5927\u5634\u96c0\n|\n|upkeep\n|turn|15\n|\n|t:|1700236194\n|move|p2a: Salamence|Facade|p1a: \u95ea\u5149mega\u5927\u5634\u96c0\n|-damage|p1a: \u95ea\u5149mega\u5927\u5634\u96c0|0 fnt\n|faint|p1a: \u95ea\u5149mega\u5927\u5634\u96c0\n|\n|upkeep\n|\n|t:|1700236200\n|switch|p1a: \u591c\u6e38\u9b42|Marshadow|100\/100\n|turn|16\n|\n|t:|1700236206\n|switch|p2a: Zygarde|Zygarde|100\/100\n|move|p1a: \u591c\u6e38\u9b42|Close Combat|p2a: Zygarde\n|-damage|p2a: Zygarde|67\/100\n|-unboost|p1a: \u591c\u6e38\u9b42|def|1\n|-unboost|p1a: \u591c\u6e38\u9b42|spd|1\n|\n|-heal|p2a: Zygarde|74\/100|[from] item: Leftovers\n|upkeep\n|turn|17\n|\n|t:|1700236216\n|move|p1a: \u591c\u6e38\u9b42|Ice Punch|p2a: Zygarde\n|-supereffective|p2a: Zygarde\n|-damage|p2a: Zygarde|17\/100\n|move|p2a: Zygarde|Thousand Arrows|p1a: \u591c\u6e38\u9b42\n|-damage|p1a: \u591c\u6e38\u9b42|43\/100\n|\n|-heal|p2a: Zygarde|23\/100|[from] item: Leftovers\n|-activate|p2a: Zygarde|ability: Power Construct\n|detailschange|p2a: Zygarde|Zygarde-Complete\n|-heal|p2a: Zygarde|50\/100|[silent]\n|upkeep\n|turn|18\n|\n|t:|1700236229\n|-terastallize|p2a: Zygarde|Fairy\n|move|p1a: \u591c\u6e38\u9b42|Ice Punch|p2a: Zygarde\n|-damage|p2a: Zygarde|41\/100\n|-status|p2a: Zygarde|frz\n|cant|p2a: Zygarde|frz\n|\n|-heal|p2a: Zygarde|47\/100 frz|[from] item: Leftovers\n|upkeep\n|turn|19\n|\n|t:|1700236240\n|switch|p1a: \u9ad8\u538b\u7535\u7ebf|Regieleki, shiny, tera:Ice|100\/100\n|cant|p2a: Zygarde|frz\n|\n|-heal|p2a: Zygarde|53\/100 frz|[from] item: Leftovers\n|upkeep\n|turn|20\n|\n|t:|1700236250\n|switch|p2a: Groudon|Groudon-Primal|35\/100\n|-weather|DesolateLand|[from] ability: Desolate Land|[of] p2a: Groudon\n|move|p1a: \u9ad8\u538b\u7535\u7ebf|Thunderbolt|p2a: Groudon\n|-immune|p2a: Groudon\n|\n|-weather|DesolateLand|[upkeep]\n|upkeep\n|turn|21\n|\n|t:|1700236258\n|switch|p1a: \u591c\u6e38\u9b42|Marshadow|43\/100\n|move|p2a: Groudon|Heat Crash|p1a: \u591c\u6e38\u9b42\n|-damage|p1a: \u591c\u6e38\u9b42|0 fnt\n|faint|p1a: \u591c\u6e38\u9b42\n|\n|-weather|DesolateLand|[upkeep]\n|upkeep\n|\n|t:|1700236266\n|switch|p1a: \u5b89\u5229\u56e0\u5854|Garchomp, M|100\/100\n|turn|22\n|\n|t:|1700236277\n|detailschange|p1a: \u5b89\u5229\u56e0\u5854|Garchomp-Mega, M\n|-mega|p1a: \u5b89\u5229\u56e0\u5854|Garchomp|Garchompite\n|move|p1a: \u5b89\u5229\u56e0\u5854|Swords Dance|p1a: \u5b89\u5229\u56e0\u5854\n|-boost|p1a: \u5b89\u5229\u56e0\u5854|atk|2\n|move|p2a: Groudon|Precipice Blades|p1a: \u5b89\u5229\u56e0\u5854\n|-damage|p1a: \u5b89\u5229\u56e0\u5854|24\/100\n|\n|-weather|DesolateLand|[upkeep]\n|upkeep\n|turn|23\n|\n|t:|1700236286\n|move|p1a: \u5b89\u5229\u56e0\u5854|Scale Shot|p2a: Groudon\n|-damage|p2a: Groudon|13\/100\n|-damage|p2a: Groudon|0 fnt\n|faint|p2a: Groudon\n|-weather|none\n|-hitcount|p2: Groudon|2\n|-unboost|p1a: \u5b89\u5229\u56e0\u5854|def|1\n|-boost|p1a: \u5b89\u5229\u56e0\u5854|spe|1\n|\n|upkeep\n|\n|t:|1700236296\n|switch|p2a: Ho-Oh|Ho-Oh|100\/100\n|turn|24\n|\n|t:|1700236299\n|move|p1a: \u5b89\u5229\u56e0\u5854|Stone Edge|p2a: Ho-Oh\n|-supereffective|p2a: Ho-Oh\n|-damage|p2a: Ho-Oh|0 fnt\n|faint|p2a: Ho-Oh\n|\n|upkeep\n|\n|t:|1700236302\n|switch|p2a: Zygarde|Zygarde-Complete, tera:Fairy|53\/100 frz\n|turn|25\n|\n|t:|1700236307\n|move|p1a: \u5b89\u5229\u56e0\u5854|Earthquake|p2a: Zygarde\n|-damage|p2a: Zygarde|12\/100 frz\n|cant|p2a: Zygarde|frz\n|\n|-heal|p2a: Zygarde|18\/100 frz|[from] item: Leftovers\n|upkeep\n|turn|26\n|\n|t:|1700236315\n|move|p1a: \u5b89\u5229\u56e0\u5854|Earthquake|p2a: Zygarde\n|-damage|p2a: Zygarde|0 fnt\n|faint|p2a: Zygarde\n|\n|upkeep\n|\n|t:|1700236333\n|switch|p2a: Salamence|Salamence-Mega, F|58\/100\n|turn|27\n|\n|t:|1700236338\n|move|p1a: \u5b89\u5229\u56e0\u5854|Scale Shot|p2a: Salamence\n|-supereffective|p2a: Salamence\n|-damage|p2a: Salamence|8\/100\n|-supereffective|p2a: Salamence\n|-damage|p2a: Salamence|0 fnt\n|faint|p2a: Salamence\n|-hitcount|p2: Salamence|2\n|-unboost|p1a: \u5b89\u5229\u56e0\u5854|def|1\n|-boost|p1a: \u5b89\u5229\u56e0\u5854|spe|1\n|\n|upkeep\n|\n|t:|1700236340\n|switch|p2a: Necrozma|Necrozma-Dusk-Mane|97\/100\n|turn|28\n|\n|t:|1700236349\n|move|p1a: \u5b89\u5229\u56e0\u5854|Earthquake|p2a: Necrozma\n|-supereffective|p2a: Necrozma\n|-damage|p2a: Necrozma|0 fnt\n|faint|p2a: Necrozma\n|\n|upkeep\n|\n|t:|1700236352\n|switch|p2a: Kyogre|Kyogre-Primal|100\/100\n|-weather|PrimordialSea|[from] ability: Primordial Sea|[of] p2a: Kyogre\n|turn|29\n|\n|t:|1700236358\n|move|p1a: \u5b89\u5229\u56e0\u5854|Earthquake|p2a: Kyogre\n|-damage|p2a: Kyogre|0 fnt\n|faint|p2a: Kyogre\n|-weather|none\n|\n|win|Beaver Agedashi\n|raw|Beaver Agedashi's rating: 1442 &rarr; <strong>1468<\/strong><br \/>(+26 for winning)\n|raw|mystigen's rating: 1544 &rarr; <strong>1518<\/strong><br \/>(-26 for losing)\n|l|\u2606mystigen\n|c|\u2606Beaver Agedashi|\u9006\u98ce\u7ffb\u76d8\u3002\n","uploadtime":1700236397,"views":14,"p1id":"beaveragedashi","p2id":"mystigen","formatid":"gen9nationaldexubers","rating":1468,"private":0,"password":""}