{"id":"gen9nationaldexubers-1986026085","p1":"uoudush","p2":"Chaitanya15","format":"[Gen 9] National Dex Ubers","log":"|j|\u2606uoudush\n|j|\u2606Chaitanya15\n|t:|1699440540\n|gametype|singles\n|player|p1|uoudush|preschooler|1414\n|player|p2|Chaitanya15|266|1442\n|teamsize|p1|6\n|teamsize|p2|6\n|gen|9\n|tier|[Gen 9] National Dex Ubers\n|rated|\n|rule|HP Percentage Mod: HP is shown in percentages\n|rule|Endless Battle Clause: Forcing endless battles is banned\n|rule|OHKO Clause: OHKO moves are banned\n|rule|Evasion Moves Clause: Evasion moves are banned\n|rule|Evasion Items Clause: Evasion items are banned\n|rule|Species Clause: Limit one of each Pok\u00e9mon\n|rule|Sleep Clause Mod: Limit one foe put to sleep\n|rule|Mega Rayquaza Clause: You cannot mega evolve Rayquaza\n|clearpoke\n|poke|p1|Groudon|\n|poke|p1|Ho-Oh|\n|poke|p1|Zacian-*|\n|poke|p1|Necrozma-Dusk-Mane|\n|poke|p1|Zygarde|\n|poke|p1|Arceus-Dark|\n|poke|p2|Kingambit, M|\n|poke|p2|Basculegion, M|\n|poke|p2|Pikachu, F|\n|poke|p2|Kyogre|\n|poke|p2|Flutter Mane|\n|poke|p2|Deoxys-Speed|\n|teampreview\n|\n|t:|1699440565\n|start\n|switch|p1a: Zygarde|Zygarde|100\/100\n|switch|p2a: Flutter Mane|Flutter Mane|100\/100\n|-enditem|p2a: Flutter Mane|Booster Energy\n|-activate|p2a: Flutter Mane|ability: Protosynthesis|[fromitem]\n|-start|p2a: Flutter Mane|protosynthesisspe\n|turn|1\n|inactive|Battle timer is ON: inactive players will automatically lose when time's up. (requested by Chaitanya15)\n|\n|t:|1699440573\n|-terastallize|p1a: Zygarde|Steel\n|move|p2a: Flutter Mane|Moonblast|p1a: Zygarde\n|-resisted|p1a: Zygarde\n|-damage|p1a: Zygarde|84\/100\n|move|p1a: Zygarde|Glare|p2a: Flutter Mane\n|-status|p2a: Flutter Mane|par\n|\n|-heal|p1a: Zygarde|90\/100|[from] item: Leftovers\n|upkeep\n|turn|2\n|\n|t:|1699440585\n|move|p2a: Flutter Mane|Mystical Fire|p1a: Zygarde\n|-supereffective|p1a: Zygarde\n|-damage|p1a: Zygarde|51\/100\n|-unboost|p1a: Zygarde|spa|1\n|move|p1a: Zygarde|Substitute|p1a: Zygarde\n|-start|p1a: Zygarde|Substitute\n|-damage|p1a: Zygarde|26\/100\n|\n|-heal|p1a: Zygarde|32\/100|[from] item: Leftovers\n|-activate|p1a: Zygarde|ability: Power Construct\n|detailschange|p1a: Zygarde|Zygarde-Complete, tera:Steel\n|-heal|p1a: Zygarde|56\/100|[silent]\n|upkeep\n|turn|3\n|\n|t:|1699440598\n|move|p2a: Flutter Mane|Mystical Fire|p1a: Zygarde\n|-supereffective|p1a: Zygarde\n|-end|p1a: Zygarde|Substitute\n|move|p1a: Zygarde|Coil|p1a: Zygarde\n|-boost|p1a: Zygarde|atk|1\n|-boost|p1a: Zygarde|def|1\n|-boost|p1a: Zygarde|accuracy|1\n|\n|-heal|p1a: Zygarde|62\/100|[from] item: Leftovers\n|upkeep\n|turn|4\n|\n|t:|1699440608\n|switch|p1a: Ho-Oh|Ho-Oh, shiny|100\/100\n|move|p2a: Flutter Mane|Mystical Fire|p1a: Ho-Oh\n|-resisted|p1a: Ho-Oh\n|-damage|p1a: Ho-Oh|93\/100\n|-unboost|p1a: Ho-Oh|spa|1\n|\n|upkeep\n|turn|5\n|\n|t:|1699440628\n|move|p2a: Flutter Mane|Psyshock|p1a: Ho-Oh\n|-damage|p1a: Ho-Oh|66\/100\n|move|p1a: Ho-Oh|Sacred Fire|p2a: Flutter Mane\n|-damage|p2a: Flutter Mane|0 fnt\n|faint|p2a: Flutter Mane\n|-end|p2a: Flutter Mane|Protosynthesis|[silent]\n|\n|upkeep\n|\n|t:|1699440650\n|switch|p2a: Pikachu|Pikachu, F|100\/100\n|turn|6\n|\n|t:|1699440657\n|switch|p1a: Groudon|Groudon|100\/100\n|detailschange|p1a: Groudon|Groudon-Primal\n|-primal|p1a: Groudon|Red Orb\n|-weather|DesolateLand|[from] ability: Desolate Land|[of] p1a: Groudon\n|move|p2a: Pikachu|Fake Out|p1a: Groudon\n|-damage|p1a: Groudon|90\/100\n|\n|-weather|DesolateLand|[upkeep]\n|upkeep\n|turn|7\n|\n|t:|1699440668\n|move|p2a: Pikachu|Extreme Speed|p1a: Groudon\n|-damage|p1a: Groudon|70\/100\n|move|p1a: Groudon|Rock Polish|p1a: Groudon\n|-boost|p1a: Groudon|spe|2\n|\n|-weather|DesolateLand|[upkeep]\n|upkeep\n|turn|8\n|\n|t:|1699440675\n|move|p2a: Pikachu|Extreme Speed|p1a: Groudon\n|-damage|p1a: Groudon|49\/100\n|move|p1a: Groudon|Precipice Blades|p2a: Pikachu\n|-supereffective|p2a: Pikachu\n|-damage|p2a: Pikachu|0 fnt\n|faint|p2a: Pikachu\n|\n|-weather|DesolateLand|[upkeep]\n|upkeep\n|\n|t:|1699440684\n|switch|p2a: Kingambit|Kingambit, M|100\/100\n|-activate|p2a: Kingambit|ability: Supreme Overlord\n|-start|p2a: Kingambit|fallen2|[silent]\n|turn|9\n|\n|t:|1699440689\n|move|p2a: Kingambit|Sucker Punch|p1a: Groudon\n|-damage|p1a: Groudon|3\/100\n|-damage|p2a: Kingambit|91\/100|[from] item: Life Orb\n|move|p1a: Groudon|Precipice Blades|p2a: Kingambit\n|-supereffective|p2a: Kingambit\n|-damage|p2a: Kingambit|0 fnt\n|faint|p2a: Kingambit\n|-end|p2a: Kingambit|fallen2|[silent]\n|\n|-weather|DesolateLand|[upkeep]\n|upkeep\n|\n|t:|1699440698\n|switch|p2a: Deoxys|Deoxys-Speed|100\/100\n|-ability|p2a: Deoxys|Pressure\n|turn|10\n|\n|t:|1699440709\n|move|p2a: Deoxys|Extreme Speed|p1a: Groudon\n|-damage|p1a: Groudon|0 fnt\n|faint|p1a: Groudon\n|-weather|none\n|\n|upkeep\n|\n|t:|1699440712\n|switch|p1a: Arceus|Arceus-Dark|100\/100\n|turn|11\n|\n|t:|1699440730\n|switch|p2a: Kyogre|Kyogre|100\/100\n|-weather|RainDance|[from] ability: Drizzle|[of] p2a: Kyogre\n|move|p1a: Arceus|Taunt|p2a: Kyogre\n|-start|p2a: Kyogre|move: Taunt\n|\n|-weather|RainDance|[upkeep]\n|upkeep\n|turn|12\n|inactive|uoudush has 120 seconds left.\n|inactive|uoudush has 90 seconds left.\n|inactive|uoudush has 60 seconds left.\n|\n|t:|1699440827\n|switch|p1a: Ho-Oh|Ho-Oh, shiny|99\/100\n|move|p2a: Kyogre|Water Spout|p1a: Ho-Oh\n|-supereffective|p1a: Ho-Oh\n|-damage|p1a: Ho-Oh|0 fnt\n|faint|p1a: Ho-Oh\n|\n|-weather|RainDance|[upkeep]\n|upkeep\n|\n|t:|1699440840\n|switch|p1a: Zygarde|Zygarde-Complete, tera:Steel|62\/100\n|turn|13\n|\n|t:|1699440844\n|move|p2a: Kyogre|Water Spout|p1a: Zygarde\n|-damage|p1a: Zygarde|2\/100\n|move|p1a: Zygarde|Glare|p2a: Kyogre\n|-status|p2a: Kyogre|par\n|\n|-weather|RainDance|[upkeep]\n|-heal|p1a: Zygarde|8\/100|[from] item: Leftovers\n|-end|p2a: Kyogre|move: Taunt\n|upkeep\n|turn|14\n|\n|t:|1699440854\n|move|p2a: Kyogre|Water Spout|p1a: Zygarde\n|-damage|p1a: Zygarde|0 fnt\n|faint|p1a: Zygarde\n|\n|-weather|RainDance|[upkeep]\n|upkeep\n|\n|t:|1699440860\n|switch|p1a: Arceus|Arceus-Dark|100\/100\n|turn|15\n|\n|t:|1699440864\n|move|p1a: Arceus|Judgment|p2a: Kyogre\n|-damage|p2a: Kyogre|66\/100 par\n|move|p2a: Kyogre|Water Spout|p1a: Arceus\n|-damage|p1a: Arceus|43\/100\n|\n|-weather|none\n|upkeep\n|turn|16\n|\n|t:|1699440873\n|switch|p2a: Deoxys|Deoxys-Speed|100\/100\n|-ability|p2a: Deoxys|Pressure\n|move|p1a: Arceus|Calm Mind|p1a: Arceus\n|-boost|p1a: Arceus|spa|1\n|-boost|p1a: Arceus|spd|1\n|\n|upkeep\n|turn|17\n|\n|t:|1699440882\n|move|p2a: Deoxys|Stealth Rock|p1a: Arceus\n|-sidestart|p1: uoudush|move: Stealth Rock\n|move|p1a: Arceus|Recover|p1a: Arceus\n|-heal|p1a: Arceus|93\/100\n|\n|upkeep\n|turn|18\n|\n|t:|1699440888\n|move|p2a: Deoxys|Extreme Speed|p1a: Arceus\n|-damage|p1a: Arceus|81\/100\n|move|p1a: Arceus|Calm Mind|p1a: Arceus\n|-boost|p1a: Arceus|spa|1\n|-boost|p1a: Arceus|spd|1\n|\n|upkeep\n|turn|19\n|\n|t:|1699440895\n|move|p2a: Deoxys|Extreme Speed|p1a: Arceus\n|-damage|p1a: Arceus|69\/100\n|move|p1a: Arceus|Calm Mind|p1a: Arceus\n|-boost|p1a: Arceus|spa|1\n|-boost|p1a: Arceus|spd|1\n|\n|upkeep\n|turn|20\n|\n|t:|1699440904\n|move|p2a: Deoxys|Extreme Speed|p1a: Arceus\n|-damage|p1a: Arceus|57\/100\n|move|p1a: Arceus|Taunt|p2a: Deoxys\n|-start|p2a: Deoxys|move: Taunt\n|\n|upkeep\n|turn|21\n|\n|t:|1699440911\n|move|p2a: Deoxys|Extreme Speed|p1a: Arceus\n|-damage|p1a: Arceus|45\/100\n|move|p1a: Arceus|Recover|p1a: Arceus\n|-heal|p1a: Arceus|95\/100\n|\n|upkeep\n|turn|22\n|inactive|uoudush has 120 seconds left.\n|inactive|uoudush has 90 seconds left.\n|inactive|uoudush has 60 seconds left.\n|inactive|uoudush has 30 seconds left.\n|\n|t:|1699441032\n|switch|p2a: Kyogre|Kyogre|66\/100 par\n|-weather|RainDance|[from] ability: Drizzle|[of] p2a: Kyogre\n|move|p1a: Arceus|Calm Mind|p1a: Arceus\n|-boost|p1a: Arceus|spa|1\n|-boost|p1a: Arceus|spd|1\n|\n|-weather|RainDance|[upkeep]\n|upkeep\n|turn|23\n|\n|t:|1699441042\n|switch|p2a: Basculegion|Basculegion, M|100\/100\n|move|p1a: Arceus|Calm Mind|p1a: Arceus\n|-boost|p1a: Arceus|spa|1\n|-boost|p1a: Arceus|spd|1\n|\n|-weather|RainDance|[upkeep]\n|upkeep\n|turn|24\n|\n|t:|1699441055\n|-terastallize|p2a: Basculegion|Water\n|move|p2a: Basculegion|Wave Crash|p1a: Arceus\n|-damage|p1a: Arceus|0 fnt\n|faint|p1a: Arceus\n|-damage|p2a: Basculegion|64\/100|[from] Recoil\n|\n|-weather|RainDance|[upkeep]\n|upkeep\n|\n|t:|1699441059\n|switch|p1a: Necrozma|Necrozma-Dusk-Mane|100\/100\n|-damage|p1a: Necrozma|95\/100|[from] Stealth Rock\n|turn|25\n|\n|t:|1699441067\n|detailschange|p1a: Necrozma|Necrozma-Ultra\n|-burst|p1a: Necrozma|Necrozma|Ultranecrozium Z\n|move|p2a: Basculegion|Wave Crash|p1a: Necrozma\n|-resisted|p1a: Necrozma\n|-damage|p1a: Necrozma|0 fnt\n|faint|p1a: Necrozma\n|-damage|p2a: Basculegion|37\/100|[from] Recoil\n|\n|-weather|RainDance|[upkeep]\n|upkeep\n|\n|t:|1699441072\n|switch|p1a: Zacian|Zacian-Crowned|100\/100\n|-damage|p1a: Zacian|94\/100|[from] Stealth Rock\n|-ability|p1a: Zacian|Intrepid Sword|boost\n|-boost|p1a: Zacian|atk|1\n|turn|26\n|\n|t:|1699441082\n|move|p2a: Basculegion|Wave Crash|p1a: Zacian\n|-damage|p1a: Zacian|0 fnt\n|faint|p1a: Zacian\n|-damage|p2a: Basculegion|10\/100|[from] Recoil\n|\n|win|Chaitanya15\n|raw|uoudush's rating: 1439 &rarr; <strong>1419<\/strong><br \/>(-20 for losing)\n|raw|Chaitanya15's rating: 1442 &rarr; <strong>1462<\/strong><br \/>(+20 for winning)\n|l|\u2606uoudush\n|c|\u2606Chaitanya15|Gg\n","uploadtime":1699441092,"views":7,"p1id":"uoudush","p2id":"chaitanya15","formatid":"gen9nationaldexubers","rating":1419,"private":0,"password":""}