{"id":"gen9nationaldexubers-1983181734","p1":"Kapoora","p2":"KurumiTokisakilove","format":"[Gen 9] National Dex Ubers","log":"|j|\u2606Kapoora\n|j|\u2606KurumiTokisakilove\n|t:|1699101628\n|gametype|singles\n|player|p1|Kapoora|steven|1696\n|player|p2|KurumiTokisakilove|sabrina-gen2|1908\n|teamsize|p1|6\n|teamsize|p2|6\n|gen|9\n|tier|[Gen 9] National Dex Ubers\n|rated|\n|rule|HP Percentage Mod: HP is shown in percentages\n|rule|Endless Battle Clause: Forcing endless battles is banned\n|rule|OHKO Clause: OHKO moves are banned\n|rule|Evasion Moves Clause: Evasion moves are banned\n|rule|Evasion Items Clause: Evasion items are banned\n|rule|Species Clause: Limit one of each Pok\u00e9mon\n|rule|Sleep Clause Mod: Limit one foe put to sleep\n|rule|Mega Rayquaza Clause: You cannot mega evolve Rayquaza\n|clearpoke\n|poke|p1|Groudon|\n|poke|p1|Ho-Oh|\n|poke|p1|Arceus-Ground|\n|poke|p1|Yveltal|\n|poke|p1|Zygarde|\n|poke|p1|Necrozma-Dusk-Mane|\n|poke|p2|Zygarde|\n|poke|p2|Magearna|\n|poke|p2|Ditto|\n|poke|p2|Rayquaza|\n|poke|p2|Arceus-Water|\n|poke|p2|Necrozma-Dusk-Mane|\n|teampreview\n|inactive|Battle timer is ON: inactive players will automatically lose when time's up. (requested by KurumiTokisakilove)\n|\n|t:|1699101636\n|start\n|switch|p1a: Yveltal|Yveltal|100\/100\n|switch|p2a: Rayquaza|Rayquaza|100\/100\n|-ability|p1a: Yveltal|Dark Aura\n|-ability|p2a: Rayquaza|Air Lock\n|turn|1\n|\n|t:|1699101641\n|move|p1a: Yveltal|Foul Play|p2a: Rayquaza\n|-damage|p2a: Rayquaza|10\/100\n|move|p2a: Rayquaza|Dragon Dance|p2a: Rayquaza\n|-boost|p2a: Rayquaza|atk|1\n|-boost|p2a: Rayquaza|spe|1\n|\n|upkeep\n|turn|2\n|\n|t:|1699101647\n|move|p2a: Rayquaza|Dragon Ascent|p1a: Yveltal\n|-damage|p1a: Yveltal|24\/100\n|-unboost|p2a: Rayquaza|def|1\n|-unboost|p2a: Rayquaza|spd|1\n|move|p1a: Yveltal|Knock Off|p2a: Rayquaza\n|-damage|p2a: Rayquaza|0 fnt\n|-enditem|p2a: Rayquaza|Focus Sash|[from] move: Knock Off|[of] p1a: Yveltal\n|faint|p2a: Rayquaza\n|\n|upkeep\n|\n|t:|1699101669\n|switch|p2a: Arceus|Arceus-Water|100\/100\n|turn|3\n|\n|t:|1699101673\n|switch|p1a: Groudon|Groudon|100\/100\n|detailschange|p1a: Groudon|Groudon-Primal\n|-primal|p1a: Groudon|Red Orb\n|-weather|DesolateLand|[from] ability: Desolate Land|[of] p1a: Groudon\n|move|p2a: Arceus|Toxic|p1a: Groudon\n|-status|p1a: Groudon|tox\n|\n|-weather|DesolateLand|[upkeep]\n|-damage|p1a: Groudon|94\/100 tox|[from] psn\n|upkeep\n|turn|4\n|\n|t:|1699101680\n|move|p2a: Arceus|Taunt|p1a: Groudon\n|-start|p1a: Groudon|move: Taunt\n|cant|p1a: Groudon|move: Taunt|Stealth Rock\n|\n|-weather|DesolateLand|[upkeep]\n|-damage|p1a: Groudon|82\/100 tox|[from] psn\n|upkeep\n|turn|5\n|\n|t:|1699101693\n|move|p2a: Arceus|Toxic|p1a: Groudon\n|-fail|p1a: Groudon|tox\n|move|p1a: Groudon|Rock Tomb|p2a: Arceus\n|-crit|p2a: Arceus\n|-damage|p2a: Arceus|78\/100\n|-unboost|p2a: Arceus|spe|1\n|\n|-weather|DesolateLand|[upkeep]\n|-damage|p1a: Groudon|63\/100 tox|[from] psn\n|upkeep\n|turn|6\n|\n|t:|1699101702\n|switch|p2a: Zygarde|Zygarde, shiny|100\/100\n|move|p1a: Groudon|Rock Tomb|p2a: Zygarde\n|-resisted|p2a: Zygarde\n|-damage|p2a: Zygarde|92\/100\n|-unboost|p2a: Zygarde|spe|1\n|\n|-weather|DesolateLand|[upkeep]\n|-heal|p2a: Zygarde|98\/100|[from] item: Leftovers\n|-damage|p1a: Groudon|39\/100 tox|[from] psn\n|-end|p1a: Groudon|move: Taunt\n|upkeep\n|turn|7\n|\n|t:|1699101707\n|move|p1a: Groudon|Stealth Rock|p2a: Zygarde\n|-sidestart|p2: KurumiTokisakilove|move: Stealth Rock\n|move|p2a: Zygarde|Thousand Arrows|p1a: Groudon\n|-supereffective|p1a: Groudon\n|-damage|p1a: Groudon|0 fnt\n|faint|p1a: Groudon\n|-weather|none\n|\n|-heal|p2a: Zygarde|100\/100|[from] item: Leftovers\n|upkeep\n|\n|t:|1699101712\n|switch|p1a: Yveltal|Yveltal|24\/100\n|-ability|p1a: Yveltal|Dark Aura\n|turn|8\n|\n|t:|1699101726\n|move|p1a: Yveltal|Roost|p1a: Yveltal\n|-heal|p1a: Yveltal|74\/100\n|-singleturn|p1a: Yveltal|move: Roost\n|move|p2a: Zygarde|Dragon Dance|p2a: Zygarde\n|-boost|p2a: Zygarde|atk|1\n|-boost|p2a: Zygarde|spe|1\n|\n|upkeep\n|turn|9\n|\n|t:|1699101731\n|switch|p2a: Magearna|Magearna|100\/100\n|-damage|p2a: Magearna|94\/100|[from] Stealth Rock\n|move|p1a: Yveltal|Toxic|p2a: Magearna\n|-immune|p2a: Magearna\n|\n|upkeep\n|turn|10\n|\n|t:|1699101737\n|switch|p1a: Ho-Oh|Ho-Oh|100\/100\n|switch|p2a: Arceus|Arceus-Water|78\/100\n|-damage|p2a: Arceus|66\/100|[from] Stealth Rock\n|\n|upkeep\n|turn|11\n|\n|t:|1699101744\n|switch|p1a: Necrozma|Necrozma-Dusk-Mane|100\/100\n|move|p2a: Arceus|Toxic|p1a: Necrozma\n|-immune|p1a: Necrozma\n|\n|upkeep\n|turn|12\n|\n|t:|1699101753\n|move|p2a: Arceus|Taunt|p1a: Necrozma\n|-start|p1a: Necrozma|move: Taunt\n|cant|p1a: Necrozma|move: Taunt|Dragon Dance\n|\n|upkeep\n|turn|13\n|\n|t:|1699101761\n|move|p2a: Arceus|Judgment|p1a: Necrozma\n|-damage|p1a: Necrozma|61\/100\n|move|p1a: Necrozma|Photon Geyser|p2a: Arceus\n|-damage|p2a: Arceus|35\/100\n|\n|upkeep\n|turn|14\n|\n|t:|1699101767\n|detailschange|p1a: Necrozma|Necrozma-Ultra\n|-burst|p1a: Necrozma|Necrozma|Ultranecrozium Z\n|move|p2a: Arceus|Recover|p2a: Arceus\n|-heal|p2a: Arceus|85\/100\n|move|p1a: Necrozma|Photon Geyser|p2a: Arceus\n|-damage|p2a: Arceus|43\/100\n|\n|-end|p1a: Necrozma|move: Taunt\n|upkeep\n|turn|15\n|\n|t:|1699101774\n|switch|p2a: Necrozma|Necrozma-Dusk-Mane|100\/100\n|-damage|p2a: Necrozma|94\/100|[from] Stealth Rock\n|move|p1a: Necrozma|Dragon Dance|p1a: Necrozma\n|-boost|p1a: Necrozma|atk|1\n|-boost|p1a: Necrozma|spe|1\n|\n|upkeep\n|turn|16\n|\n|t:|1699101778\n|detailschange|p2a: Necrozma|Necrozma-Ultra\n|-burst|p2a: Necrozma|Necrozma|Ultranecrozium Z\n|move|p1a: Necrozma|Earthquake|p2a: Necrozma\n|-damage|p2a: Necrozma|40\/100\n|move|p2a: Necrozma|Dragon Pulse|p1a: Necrozma\n|-supereffective|p1a: Necrozma\n|-damage|p1a: Necrozma|0 fnt\n|faint|p1a: Necrozma\n|\n|upkeep\n|\n|t:|1699101783\n|switch|p1a: Yveltal|Yveltal|74\/100\n|-ability|p1a: Yveltal|Dark Aura\n|turn|17\n|\n|t:|1699101786\n|switch|p2a: Magearna|Magearna|94\/100\n|-damage|p2a: Magearna|88\/100|[from] Stealth Rock\n|move|p1a: Yveltal|Knock Off|p2a: Magearna\n|-resisted|p2a: Magearna\n|-damage|p2a: Magearna|73\/100\n|\n|upkeep\n|turn|18\n|\n|t:|1699101790\n|switch|p1a: Ho-Oh|Ho-Oh|100\/100\n|move|p2a: Magearna|Fleur Cannon|p1a: Ho-Oh\n|-resisted|p1a: Ho-Oh\n|-damage|p1a: Ho-Oh|84\/100\n|-unboost|p2a: Magearna|spa|2\n|\n|upkeep\n|turn|19\n|\n|t:|1699101794\n|switch|p2a: Arceus|Arceus-Water|43\/100\n|-damage|p2a: Arceus|30\/100|[from] Stealth Rock\n|move|p1a: Ho-Oh|Toxic|p2a: Arceus\n|-status|p2a: Arceus|tox\n|\n|-damage|p2a: Arceus|24\/100 tox|[from] psn\n|upkeep\n|turn|20\n|\n|t:|1699101801\n|move|p2a: Arceus|Recover|p2a: Arceus\n|-heal|p2a: Arceus|74\/100 tox\n|move|p1a: Ho-Oh|Whirlwind|p2a: Arceus\n|drag|p2a: Necrozma|Necrozma-Ultra|40\/100\n|-damage|p2a: Necrozma|27\/100|[from] Stealth Rock\n|\n|upkeep\n|turn|21\n|\n|t:|1699101804\n|switch|p1a: Yveltal|Yveltal|74\/100\n|-ability|p1a: Yveltal|Dark Aura\n|move|p2a: Necrozma|Stealth Rock|p1a: Yveltal\n|-sidestart|p1: Kapoora|move: Stealth Rock\n|\n|upkeep\n|turn|22\n|\n|t:|1699101812\n|switch|p2a: Magearna|Magearna|73\/100\n|-damage|p2a: Magearna|67\/100|[from] Stealth Rock\n|move|p1a: Yveltal|Knock Off|p2a: Magearna\n|-resisted|p2a: Magearna\n|-damage|p2a: Magearna|52\/100\n|\n|upkeep\n|turn|23\n|\n|t:|1699101816\n|switch|p1a: Ho-Oh|Ho-Oh|100\/100\n|move|p2a: Magearna|Heal Bell|p2a: Magearna\n|-activate|p2a: Magearna|move: Heal Bell\n|-curestatus|p2: Arceus|tox|[msg]\n|\n|upkeep\n|turn|24\n|\n|t:|1699101824\n|switch|p2a: Arceus|Arceus-Water|74\/100\n|-damage|p2a: Arceus|62\/100|[from] Stealth Rock\n|move|p1a: Ho-Oh|Toxic|p2a: Arceus\n|-status|p2a: Arceus|tox\n|\n|-damage|p2a: Arceus|56\/100 tox|[from] psn\n|upkeep\n|turn|25\n|\n|t:|1699101829\n|move|p2a: Arceus|Toxic|p1a: Ho-Oh\n|-status|p1a: Ho-Oh|tox\n|move|p1a: Ho-Oh|Whirlwind|p2a: Arceus\n|drag|p2a: Magearna|Magearna|52\/100\n|-damage|p2a: Magearna|46\/100|[from] Stealth Rock\n|\n|-damage|p1a: Ho-Oh|94\/100 tox|[from] psn\n|upkeep\n|turn|26\n|\n|t:|1699101833\n|switch|p2a: Arceus|Arceus-Water|56\/100 tox\n|-damage|p2a: Arceus|44\/100 tox|[from] Stealth Rock\n|move|p1a: Ho-Oh|Sacred Fire|p2a: Arceus\n|-resisted|p2a: Arceus\n|-damage|p2a: Arceus|29\/100 tox\n|\n|-damage|p2a: Arceus|23\/100 tox|[from] psn\n|-damage|p1a: Ho-Oh|82\/100 tox|[from] psn\n|upkeep\n|turn|27\n|\n|t:|1699101839\n|move|p2a: Arceus|Recover|p2a: Arceus\n|-heal|p2a: Arceus|73\/100 tox\n|move|p1a: Ho-Oh|Sacred Fire|p2a: Arceus\n|-resisted|p2a: Arceus\n|-damage|p2a: Arceus|60\/100 tox\n|\n|-damage|p2a: Arceus|48\/100 tox|[from] psn\n|-damage|p1a: Ho-Oh|64\/100 tox|[from] psn\n|upkeep\n|turn|28\n|\n|t:|1699101845\n|switch|p1a: Arceus|Arceus-Ground|100\/100\n|-damage|p1a: Arceus|94\/100|[from] Stealth Rock\n|move|p2a: Arceus|Recover|p2a: Arceus\n|-heal|p2a: Arceus|98\/100 tox\n|\n|-damage|p2a: Arceus|79\/100 tox|[from] psn\n|upkeep\n|turn|29\n|\n|t:|1699101852\n|move|p2a: Arceus|Judgment|p1a: Arceus\n|-supereffective|p1a: Arceus\n|-damage|p1a: Arceus|20\/100\n|move|p1a: Arceus|Dragon Dance|p1a: Arceus\n|-boost|p1a: Arceus|atk|1\n|-boost|p1a: Arceus|spe|1\n|\n|-damage|p2a: Arceus|55\/100 tox|[from] psn\n|upkeep\n|turn|30\n|\n|t:|1699101861\n|switch|p2a: Zygarde|Zygarde, shiny|100\/100\n|-damage|p2a: Zygarde|94\/100|[from] Stealth Rock\n|move|p1a: Arceus|Earthquake|p2a: Zygarde\n|-damage|p2a: Zygarde|15\/100\n|\n|-heal|p2a: Zygarde|21\/100|[from] item: Leftovers\n|-activate|p2a: Zygarde|ability: Power Construct\n|detailschange|p2a: Zygarde|Zygarde-Complete, shiny\n|-heal|p2a: Zygarde|51\/100|[silent]\n|upkeep\n|turn|31\n|\n|t:|1699101868\n|move|p2a: Zygarde|Extreme Speed|p1a: Arceus\n|-crit|p1a: Arceus\n|-damage|p1a: Arceus|0 fnt\n|faint|p1a: Arceus\n|\n|-heal|p2a: Zygarde|57\/100|[from] item: Leftovers\n|upkeep\n|\n|t:|1699101872\n|switch|p1a: Yveltal|Yveltal|74\/100\n|-ability|p1a: Yveltal|Dark Aura\n|turn|32\n|\n|t:|1699101878\n|switch|p2a: Magearna|Magearna|46\/100\n|-damage|p2a: Magearna|40\/100|[from] Stealth Rock\n|move|p1a: Yveltal|Knock Off|p2a: Magearna\n|-resisted|p2a: Magearna\n|-damage|p2a: Magearna|25\/100\n|\n|upkeep\n|turn|33\n|\n|t:|1699101887\n|switch|p1a: Ho-Oh|Ho-Oh|98\/100 tox\n|-zpower|p2a: Magearna\n|move|p2a: Magearna|Z-Heal Bell|p2a: Magearna|[anim]Heal Bell\n|-heal|p2a: Magearna|100\/100|[zeffect]\n|-activate|p2a: Magearna|move: Heal Bell\n|-curestatus|p2: Arceus|tox|[msg]\n|\n|-damage|p1a: Ho-Oh|92\/100 tox|[from] psn\n|upkeep\n|turn|34\n|\n|t:|1699101897\n|switch|p2a: Arceus|Arceus-Water|55\/100\n|-damage|p2a: Arceus|43\/100|[from] Stealth Rock\n|move|p1a: Ho-Oh|Toxic|p2a: Arceus\n|-status|p2a: Arceus|tox\n|\n|-damage|p2a: Arceus|37\/100 tox|[from] psn\n|-damage|p1a: Ho-Oh|80\/100 tox|[from] psn\n|upkeep\n|turn|35\n|\n|t:|1699101903\n|move|p2a: Arceus|Recover|p2a: Arceus\n|-heal|p2a: Arceus|87\/100 tox\n|move|p1a: Ho-Oh|Sacred Fire|p2a: Arceus\n|-resisted|p2a: Arceus\n|-damage|p2a: Arceus|72\/100 tox\n|\n|-damage|p2a: Arceus|60\/100 tox|[from] psn\n|-damage|p1a: Ho-Oh|61\/100 tox|[from] psn\n|upkeep\n|turn|36\n|\n|t:|1699101906\n|switch|p1a: Yveltal|Yveltal|74\/100\n|-ability|p1a: Yveltal|Dark Aura\n|move|p2a: Arceus|Judgment|p1a: Yveltal\n|-damage|p1a: Yveltal|39\/100\n|\n|-damage|p2a: Arceus|42\/100 tox|[from] psn\n|upkeep\n|turn|37\n|\n|t:|1699101913\n|move|p2a: Arceus|Recover|p2a: Arceus\n|-heal|p2a: Arceus|92\/100 tox\n|move|p1a: Yveltal|Roost|p1a: Yveltal\n|-heal|p1a: Yveltal|89\/100\n|-singleturn|p1a: Yveltal|move: Roost\n|\n|-damage|p2a: Arceus|68\/100 tox|[from] psn\n|upkeep\n|turn|38\n|\n|t:|1699101917\n|switch|p2a: Magearna|Magearna|100\/100\n|-damage|p2a: Magearna|94\/100|[from] Stealth Rock\n|move|p1a: Yveltal|Knock Off|p2a: Magearna\n|-resisted|p2a: Magearna\n|-damage|p2a: Magearna|79\/100\n|\n|upkeep\n|turn|39\n|\n|t:|1699101922\n|switch|p1a: Ho-Oh|Ho-Oh|95\/100 tox\n|move|p2a: Magearna|Heal Bell|p2a: Magearna\n|-activate|p2a: Magearna|move: Heal Bell\n|-curestatus|p2: Arceus|tox|[msg]\n|\n|-damage|p1a: Ho-Oh|89\/100 tox|[from] psn\n|upkeep\n|turn|40\n|\n|t:|1699101929\n|switch|p2a: Ditto|Ditto, shiny|100\/100\n|-damage|p2a: Ditto|88\/100|[from] Stealth Rock\n|-transform|p2a: Ditto|p1a: Ho-Oh|[from] ability: Imposter\n|move|p1a: Ho-Oh|Toxic|p2a: Ditto\n|-status|p2a: Ditto|tox\n|\n|-damage|p2a: Ditto|82\/100 tox|[from] psn\n|-damage|p1a: Ho-Oh|77\/100 tox|[from] psn\n|upkeep\n|turn|41\n|\n|t:|1699101936\n|move|p2a: Ditto|Defog|p1a: Ho-Oh\n|-unboost|p1a: Ho-Oh|evasion|1\n|-sideend|p1: Kapoora|Stealth Rock|[from] move: Defog|[of] p2a: Ditto\n|-sideend|p2: KurumiTokisakilove|Stealth Rock|[from] move: Defog|[of] p2a: Ditto\n|move|p1a: Ho-Oh|Sacred Fire|p2a: Ditto\n|-resisted|p2a: Ditto\n|-damage|p2a: Ditto|62\/100 tox\n|\n|-damage|p2a: Ditto|50\/100 tox|[from] psn\n|-damage|p1a: Ho-Oh|59\/100 tox|[from] psn\n|upkeep\n|turn|42\n|\n|t:|1699101941\n|switch|p2a: Arceus|Arceus-Water|68\/100\n|move|p1a: Ho-Oh|Toxic|p2a: Arceus\n|-status|p2a: Arceus|tox\n|\n|-damage|p2a: Arceus|62\/100 tox|[from] psn\n|-damage|p1a: Ho-Oh|34\/100 tox|[from] psn\n|upkeep\n|turn|43\n|\n|t:|1699101945\n|switch|p2a: Magearna|Magearna|79\/100\n|switch|p1a: Yveltal|Yveltal|89\/100\n|-ability|p1a: Yveltal|Dark Aura\n|\n|upkeep\n|turn|44\n|\n|t:|1699101949\n|switch|p1a: Ho-Oh|Ho-Oh|68\/100 tox\n|move|p2a: Magearna|Heal Bell|p2a: Magearna\n|-activate|p2a: Magearna|move: Heal Bell\n|-curestatus|p2: Ditto|tox|[msg]\n|-curestatus|p2: Arceus|tox|[msg]\n|\n|-damage|p1a: Ho-Oh|62\/100 tox|[from] psn\n|upkeep\n|turn|45\n|\n|t:|1699101953\n|switch|p2a: Arceus|Arceus-Water|62\/100\n|move|p1a: Ho-Oh|Toxic|p2a: Arceus\n|-status|p2a: Arceus|tox\n|\n|-damage|p2a: Arceus|55\/100 tox|[from] psn\n|-damage|p1a: Ho-Oh|50\/100 tox|[from] psn\n|upkeep\n|turn|46\n|\n|t:|1699101958\n|switch|p1a: Yveltal|Yveltal|89\/100\n|-ability|p1a: Yveltal|Dark Aura\n|move|p2a: Arceus|Judgment|p1a: Yveltal\n|-damage|p1a: Yveltal|54\/100\n|\n|-damage|p2a: Arceus|43\/100 tox|[from] psn\n|upkeep\n|turn|47\n|\n|t:|1699101966\n|move|p2a: Arceus|Toxic|p1a: Yveltal\n|-status|p1a: Yveltal|tox\n|move|p1a: Yveltal|Roost|p1a: Yveltal\n|-heal|p1a: Yveltal|100\/100 tox\n|-singleturn|p1a: Yveltal|move: Roost\n|\n|-damage|p2a: Arceus|25\/100 tox|[from] psn\n|-damage|p1a: Yveltal|94\/100 tox|[from] psn\n|upkeep\n|turn|48\n|\n|t:|1699101969\n|switch|p2a: Magearna|Magearna|79\/100\n|move|p1a: Yveltal|Knock Off|p2a: Magearna\n|-resisted|p2a: Magearna\n|-damage|p2a: Magearna|62\/100\n|\n|-damage|p1a: Yveltal|82\/100 tox|[from] psn\n|upkeep\n|turn|49\n|\n|t:|1699101979\n|switch|p1a: Ho-Oh|Ho-Oh|83\/100 tox\n|move|p2a: Magearna|Heal Bell|p2a: Magearna\n|-activate|p2a: Magearna|move: Heal Bell\n|-curestatus|p2: Arceus|tox|[msg]\n|\n|-damage|p1a: Ho-Oh|77\/100 tox|[from] psn\n|upkeep\n|turn|50\n|\n|t:|1699101987\n|switch|p2a: Ditto|Ditto, shiny|83\/100\n|-transform|p2a: Ditto|p1a: Ho-Oh|[from] ability: Imposter\n|move|p1a: Ho-Oh|Sacred Fire|p2a: Ditto\n|-resisted|p2a: Ditto\n|-damage|p2a: Ditto|66\/100\n|\n|-damage|p1a: Ho-Oh|65\/100 tox|[from] psn\n|upkeep\n|turn|51\n|\n|t:|1699101999\n|move|p2a: Ditto|Sacred Fire|p1a: Ho-Oh\n|-resisted|p1a: Ho-Oh\n|-damage|p1a: Ho-Oh|51\/100 tox\n|move|p1a: Ho-Oh|Toxic|p2a: Ditto|[miss]\n|-miss|p1a: Ho-Oh|p2a: Ditto\n|\n|-damage|p1a: Ho-Oh|33\/100 tox|[from] psn\n|upkeep\n|turn|52\n|\n|t:|1699102005\n|switch|p2a: Arceus|Arceus-Water|25\/100\n|switch|p1a: Zygarde|Zygarde|100\/100\n|\n|upkeep\n|turn|53\n|\n|t:|1699102010\n|-terastallize|p1a: Zygarde|Water\n|move|p2a: Arceus|Taunt|p1a: Zygarde\n|-start|p1a: Zygarde|move: Taunt\n|cant|p1a: Zygarde|move: Taunt|Toxic\n|\n|upkeep\n|turn|54\n|\n|t:|1699102015\n|move|p2a: Arceus|Recover|p2a: Arceus\n|-heal|p2a: Arceus|75\/100\n|move|p1a: Zygarde|Thousand Arrows|p2a: Arceus\n|-damage|p2a: Arceus|53\/100\n|\n|upkeep\n|turn|55\n|\n|t:|1699102020\n|switch|p1a: Ho-Oh|Ho-Oh|66\/100 tox\n|move|p2a: Arceus|Toxic|p1a: Ho-Oh|[miss]\n|-miss|p2a: Arceus|p1a: Ho-Oh\n|\n|-damage|p1a: Ho-Oh|60\/100 tox|[from] psn\n|upkeep\n|turn|56\n|\n|t:|1699102026\n|switch|p1a: Yveltal|Yveltal|82\/100 tox\n|-ability|p1a: Yveltal|Dark Aura\n|move|p2a: Arceus|Taunt|p1a: Yveltal\n|-start|p1a: Yveltal|move: Taunt\n|\n|-damage|p1a: Yveltal|76\/100 tox|[from] psn\n|upkeep\n|turn|57\n|\n|t:|1699102030\n|move|p2a: Arceus|Judgment|p1a: Yveltal\n|-damage|p1a: Yveltal|37\/100 tox\n|move|p1a: Yveltal|Knock Off|p2a: Arceus\n|-damage|p2a: Arceus|30\/100\n|\n|-damage|p1a: Yveltal|25\/100 tox|[from] psn\n|upkeep\n|turn|58\n|\n|t:|1699102036\n|move|p2a: Arceus|Judgment|p1a: Yveltal\n|-damage|p1a: Yveltal|0 fnt\n|faint|p1a: Yveltal\n|\n|upkeep\n|-message|Kapoora forfeited.\n|\n|win|KurumiTokisakilove\n|raw|Kapoora's rating: 1696 &rarr; <strong>1687<\/strong><br \/>(-9 for losing)\n|raw|KurumiTokisakilove's rating: 1908 &rarr; <strong>1917<\/strong><br \/>(+9 for winning)\n|l|\u2606Kapoora\n|l|\u2606KurumiTokisakilove\n","uploadtime":1699102072,"views":30,"p1id":"kapoora","p2id":"kurumitokisakilove","formatid":"gen9nationaldexubers","rating":1687,"private":0,"password":""}