{"id":"gen9nationaldexubers-1989312441","p1":"Razorgliscor472","p2":"Djujao","format":"[Gen 9] National Dex Ubers","log":"|j|\u2606Razorgliscor472\n|j|\u2606Djujao\n|t:|1699835072\n|gametype|singles\n|player|p1|Razorgliscor472|102|\n|player|p2|Djujao|pilot|\n|teamsize|p1|6\n|teamsize|p2|6\n|gen|9\n|tier|[Gen 9] National Dex Ubers\n|rule|HP Percentage Mod: HP is shown in percentages\n|rule|Endless Battle Clause: Forcing endless battles is banned\n|rule|OHKO Clause: OHKO moves are banned\n|rule|Evasion Moves Clause: Evasion moves are banned\n|rule|Evasion Items Clause: Evasion items are banned\n|rule|Species Clause: Limit one of each Pok\u00e9mon\n|rule|Sleep Clause Mod: Limit one foe put to sleep\n|rule|Mega Rayquaza Clause: You cannot mega evolve Rayquaza\n|clearpoke\n|poke|p1|Gastrodon, F|\n|poke|p1|Excadrill, F|\n|poke|p1|Garchomp, F|\n|poke|p1|Landorus, M|\n|poke|p1|Great Tusk|\n|poke|p1|Serperior, F|\n|poke|p2|Great Tusk|\n|poke|p2|Gholdengo|\n|poke|p2|Ribombee, M|\n|poke|p2|Rotom-Heat|\n|poke|p2|Ogerpon-Cornerstone, F|\n|poke|p2|Manaphy|\n|teampreview\n|c|\u2606Razorgliscor472|glhf\n|c|\u2606Djujao|glhf!\n|c|\u2606Djujao|wait\n|c|\u2606Djujao|can i make a last minute edit or nah?\n|c|\u2606Djujao|nvm\n|\n|t:|1699835127\n|start\n|switch|p1a: Excadrill|Excadrill, F|100\/100\n|switch|p2a: Ribombee|Ribombee, M|100\/100\n|-ability|p1a: Excadrill|Mold Breaker\n|turn|1\n|c|\u2606Razorgliscor472|i thought you were gonna mention serp for a second\n|c|\u2606Djujao|i assumed tera\n|c|\u2606Djujao|but it reminded me i didnt set any\n|c|\u2606Razorgliscor472|oh then ill allow it\n|c|\u2606Djujao|its alright\n|c|\u2606Djujao|we ball\n|\n|t:|1699835174\n|move|p1a: Excadrill|Iron Head|p2a: Ribombee\n|-supereffective|p2a: Ribombee\n|-enditem|p2a: Ribombee|Focus Sash\n|-damage|p2a: Ribombee|1\/100\n|move|p2a: Ribombee|U-turn|p1a: Excadrill\n|-resisted|p1a: Excadrill\n|-damage|p1a: Excadrill|91\/100\n|\n|t:|1699835189\n|switch|p2a: Manaphy|Manaphy|100\/100|[from] U-turn\n|\n|upkeep\n|turn|2\n|\n|t:|1699835198\n|switch|p1a: Serperior|Serperior, F|100\/100\n|move|p2a: Manaphy|Tail Glow|p2a: Manaphy\n|-boost|p2a: Manaphy|spa|3\n|\n|upkeep\n|turn|3\n|\n|t:|1699835209\n|move|p1a: Serperior|Leaf Storm|p2a: Manaphy\n|-supereffective|p2a: Manaphy\n|-damage|p2a: Manaphy|5\/100\n|-boost|p1a: Serperior|spa|2\n|move|p2a: Manaphy|Ice Beam|p1a: Serperior\n|-supereffective|p1a: Serperior\n|-damage|p1a: Serperior|0 fnt\n|faint|p1a: Serperior\n|\n|-heal|p2a: Manaphy|11\/100|[from] item: Leftovers\n|upkeep\n|c|\u2606Razorgliscor472|L\n|\n|t:|1699835231\n|switch|p1a: Landorus|Landorus, M|100\/100\n|turn|4\n|\n|t:|1699835245\n|switch|p2a: Rotom|Rotom-Heat|100\/100\n|move|p1a: Landorus|Earth Power|p2a: Rotom\n|-immune|p2a: Rotom|[from] ability: Levitate\n|\n|upkeep\n|turn|5\n|\n|t:|1699835264\n|switch|p1a: Gastrodon|Gastrodon, F|100\/100\n|move|p2a: Rotom|Overheat|p1a: Gastrodon\n|-resisted|p1a: Gastrodon\n|-damage|p1a: Gastrodon|70\/100\n|-unboost|p2a: Rotom|spa|2\n|\n|-heal|p1a: Gastrodon|76\/100|[from] item: Leftovers\n|upkeep\n|turn|6\n|\n|t:|1699835281\n|switch|p2a: Manaphy|Manaphy|11\/100\n|move|p1a: Gastrodon|Spikes|p2a: Manaphy\n|-sidestart|p2: Djujao|Spikes\n|\n|-heal|p2a: Manaphy|17\/100|[from] item: Leftovers\n|-heal|p1a: Gastrodon|82\/100|[from] item: Leftovers\n|upkeep\n|turn|7\n|\n|t:|1699835304\n|switch|p1a: Landorus|Landorus, M|100\/100\n|move|p2a: Manaphy|Grass Knot|p1a: Landorus\n|-damage|p1a: Landorus|66\/100\n|\n|-heal|p2a: Manaphy|24\/100|[from] item: Leftovers\n|upkeep\n|turn|8\n|\n|t:|1699835315\n|switch|p2a: Rotom|Rotom-Heat|100\/100\n|move|p1a: Landorus|Sludge Wave|p2a: Rotom\n|-damage|p2a: Rotom|46\/100\n|\n|upkeep\n|turn|9\n|\n|t:|1699835335\n|switch|p1a: Gastrodon|Gastrodon, F|82\/100\n|switch|p2a: Gholdengo|Gholdengo|100\/100\n|-item|p2a: Gholdengo|Air Balloon\n|\n|-heal|p1a: Gastrodon|89\/100|[from] item: Leftovers\n|upkeep\n|turn|10\n|\n|t:|1699835348\n|move|p2a: Gholdengo|Shadow Ball|p1a: Gastrodon\n|-damage|p1a: Gastrodon|51\/100\n|move|p1a: Gastrodon|Scald|p2a: Gholdengo\n|-damage|p2a: Gholdengo|72\/100\n|-status|p2a: Gholdengo|brn\n|-enditem|p2a: Gholdengo|Air Balloon\n|\n|-heal|p1a: Gastrodon|57\/100|[from] item: Leftovers\n|-damage|p2a: Gholdengo|66\/100 brn|[from] brn\n|upkeep\n|turn|11\n|\n|t:|1699835362\n|move|p2a: Gholdengo|Shadow Ball|p1a: Gastrodon\n|-damage|p1a: Gastrodon|23\/100\n|move|p1a: Gastrodon|Recover|p1a: Gastrodon\n|-heal|p1a: Gastrodon|73\/100\n|\n|-heal|p1a: Gastrodon|79\/100|[from] item: Leftovers\n|-damage|p2a: Gholdengo|60\/100 brn|[from] brn\n|upkeep\n|turn|12\n|\n|t:|1699835376\n|move|p2a: Gholdengo|Shadow Ball|p1a: Gastrodon\n|-damage|p1a: Gastrodon|46\/100\n|move|p1a: Gastrodon|Spikes|p2a: Gholdengo\n|-sidestart|p2: Djujao|Spikes\n|\n|-heal|p1a: Gastrodon|52\/100|[from] item: Leftovers\n|-damage|p2a: Gholdengo|54\/100 brn|[from] brn\n|upkeep\n|turn|13\n|\n|t:|1699835391\n|move|p2a: Gholdengo|Shadow Ball|p1a: Gastrodon\n|-damage|p1a: Gastrodon|17\/100\n|-unboost|p1a: Gastrodon|spd|1\n|move|p1a: Gastrodon|Recover|p1a: Gastrodon\n|-heal|p1a: Gastrodon|67\/100\n|\n|-heal|p1a: Gastrodon|73\/100|[from] item: Leftovers\n|-damage|p2a: Gholdengo|48\/100 brn|[from] brn\n|upkeep\n|turn|14\n|\n|t:|1699835408\n|switch|p2a: Manaphy|Manaphy|24\/100\n|-damage|p2a: Manaphy|7\/100|[from] Spikes\n|switch|p1a: Garchomp|Garchomp, F|100\/100\n|\n|-heal|p2a: Manaphy|13\/100|[from] item: Leftovers\n|upkeep\n|turn|15\n|\n|t:|1699835421\n|detailschange|p1a: Garchomp|Garchomp-Mega, F\n|-mega|p1a: Garchomp|Garchomp|Garchompite\n|move|p2a: Manaphy|Ice Beam|p1a: Garchomp\n|-supereffective|p1a: Garchomp\n|-damage|p1a: Garchomp|0 fnt\n|faint|p1a: Garchomp\n|\n|-heal|p2a: Manaphy|19\/100|[from] item: Leftovers\n|upkeep\n|c|\u2606Razorgliscor472|wait\n|c|\u2606Razorgliscor472|lmao\n|\n|t:|1699835435\n|switch|p1a: Landorus|Landorus, M|66\/100\n|turn|16\n|c|\u2606Djujao|the speed drop is crazy\n|\n|t:|1699835444\n|move|p1a: Landorus|Sludge Wave|p2a: Manaphy\n|-damage|p2a: Manaphy|0 fnt\n|faint|p2a: Manaphy\n|\n|upkeep\n|\n|t:|1699835459\n|switch|p2a: Great Tusk|Great Tusk|100\/100\n|-damage|p2a: Great Tusk|84\/100|[from] Spikes\n|turn|17\n|\n|t:|1699835470\n|-terastallize|p1a: Landorus|Flying\n|move|p2a: Great Tusk|Ice Spinner|p1a: Landorus\n|-supereffective|p1a: Landorus\n|-damage|p1a: Landorus|0 fnt\n|faint|p1a: Landorus\n|\n|upkeep\n|c|\u2606Razorgliscor472|oh\n|\n|t:|1699835482\n|switch|p1a: Excadrill|Excadrill, F|91\/100\n|-ability|p1a: Excadrill|Mold Breaker\n|turn|18\n|\n|t:|1699835493\n|-end|p2a: Great Tusk|Protosynthesis|[silent]\n|switch|p2a: Ribombee|Ribombee, M|1\/100\n|-damage|p2a: Ribombee|0 fnt|[from] Spikes\n|faint|p2a: Ribombee\n|move|p1a: Excadrill|Iron Head|p2: Ribombee|[notarget]\n|-fail|p1a: Excadrill\n|\n|upkeep\n|\n|t:|1699835523\n|switch|p2a: Rotom|Rotom-Heat|46\/100\n|turn|19\n|\n|t:|1699835536\n|switch|p1a: Gastrodon|Gastrodon, F|73\/100\n|move|p2a: Rotom|Overheat|p1a: Gastrodon\n|-resisted|p1a: Gastrodon\n|-damage|p1a: Gastrodon|45\/100\n|-unboost|p2a: Rotom|spa|2\n|\n|-heal|p1a: Gastrodon|51\/100|[from] item: Leftovers\n|upkeep\n|turn|20\n|\n|t:|1699835546\n|move|p2a: Rotom|Will-O-Wisp|p1a: Gastrodon\n|-status|p1a: Gastrodon|brn\n|move|p1a: Gastrodon|Scald|p2a: Rotom\n|-supereffective|p2a: Rotom\n|-damage|p2a: Rotom|0 fnt\n|faint|p2a: Rotom\n|\n|-heal|p1a: Gastrodon|57\/100 brn|[from] item: Leftovers\n|-damage|p1a: Gastrodon|51\/100 brn|[from] brn\n|upkeep\n|\n|t:|1699835562\n|switch|p2a: Ogerpon|Ogerpon-Cornerstone, F|100\/100\n|-damage|p2a: Ogerpon|84\/100|[from] Spikes\n|turn|21\n|\n|t:|1699835572\n|move|p2a: Ogerpon|Horn Leech|p1a: Gastrodon\n|-supereffective|p1a: Gastrodon\n|-damage|p1a: Gastrodon|0 fnt\n|-heal|p2a: Ogerpon|100\/100|[from] drain|[of] p1a: Gastrodon\n|faint|p1a: Gastrodon\n|\n|upkeep\n|\n|t:|1699835577\n|switch|p1a: Excadrill|Excadrill, F|91\/100\n|-ability|p1a: Excadrill|Mold Breaker\n|turn|22\n|\n|t:|1699835583\n|switch|p2a: Gholdengo|Gholdengo|48\/100 brn\n|-damage|p2a: Gholdengo|31\/100 brn|[from] Spikes\n|move|p1a: Excadrill|Iron Head|p2a: Gholdengo\n|-resisted|p2a: Gholdengo\n|-damage|p2a: Gholdengo|15\/100 brn\n|\n|-damage|p2a: Gholdengo|9\/100 brn|[from] brn\n|upkeep\n|turn|23\n|\n|t:|1699835593\n|move|p1a: Excadrill|Iron Head|p2a: Gholdengo\n|-resisted|p2a: Gholdengo\n|-crit|p2a: Gholdengo\n|-damage|p2a: Gholdengo|0 fnt\n|faint|p2a: Gholdengo\n|\n|upkeep\n|\n|t:|1699835604\n|switch|p2a: Great Tusk|Great Tusk|84\/100\n|-damage|p2a: Great Tusk|68\/100|[from] Spikes\n|turn|24\n|\n|t:|1699835616\n|switch|p1a: Great Tusk|Great Tusk|100\/100\n|move|p2a: Great Tusk|Headlong Rush|p1a: Great Tusk\n|-crit|p1a: Great Tusk\n|-damage|p1a: Great Tusk|48\/100\n|-unboost|p2a: Great Tusk|def|1\n|-unboost|p2a: Great Tusk|spd|1\n|\n|-heal|p1a: Great Tusk|54\/100|[from] item: Leftovers\n|upkeep\n|turn|25\n|\n|t:|1699835630\n|move|p2a: Great Tusk|Headlong Rush|p1a: Great Tusk\n|-damage|p1a: Great Tusk|18\/100\n|-unboost|p2a: Great Tusk|def|1\n|-unboost|p2a: Great Tusk|spd|1\n|move|p1a: Great Tusk|Earthquake|p2a: Great Tusk\n|-damage|p2a: Great Tusk|3\/100\n|\n|-heal|p1a: Great Tusk|24\/100|[from] item: Leftovers\n|upkeep\n|turn|26\n|\n|t:|1699835639\n|move|p2a: Great Tusk|Headlong Rush|p1a: Great Tusk\n|-damage|p1a: Great Tusk|0 fnt\n|-unboost|p2a: Great Tusk|def|1\n|-unboost|p2a: Great Tusk|spd|1\n|faint|p1a: Great Tusk\n|-end|p1a: Great Tusk|Protosynthesis|[silent]\n|\n|upkeep\n|\n|t:|1699835642\n|switch|p1a: Excadrill|Excadrill, F|91\/100\n|-ability|p1a: Excadrill|Mold Breaker\n|turn|27\n|\n|t:|1699835647\n|move|p1a: Excadrill|Iron Head|p2a: Great Tusk\n|-damage|p2a: Great Tusk|0 fnt\n|faint|p2a: Great Tusk\n|-end|p2a: Great Tusk|Protosynthesis|[silent]\n|\n|upkeep\n|\n|t:|1699835651\n|switch|p2a: Ogerpon|Ogerpon-Cornerstone, F|100\/100\n|-damage|p2a: Ogerpon|84\/100|[from] Spikes\n|turn|28\n|\n|t:|1699835659\n|move|p1a: Excadrill|Iron Head|p2a: Ogerpon\n|-supereffective|p2a: Ogerpon\n|-damage|p2a: Ogerpon|0 fnt\n|faint|p2a: Ogerpon\n|\n|win|Razorgliscor472\n|c|\u2606Djujao|gg\n|c|\u2606Razorgliscor472|gg\n|l|\u2606Djujao\n","uploadtime":1699835670,"views":24,"p1id":"razorgliscor472","p2id":"djujao","formatid":"gen9nationaldexubers","rating":0,"private":0,"password":""}