{"id":"gen9nationaldexubers-1996273374","p1":"PANDODEEEEZ","p2":"idiotisidiot","format":"[Gen 9] National Dex Ubers","log":"|j|\u2606PANDODEEEEZ\n|j|\u203didiotisidiot\n|t:|1700666338\n|gametype|singles\n|player|p1|PANDODEEEEZ|chef|\n|player|p2|idiotisidiot|swimmer|\n|teamsize|p1|6\n|teamsize|p2|6\n|gen|9\n|tier|[Gen 9] National Dex Ubers\n|rule|HP Percentage Mod: HP is shown in percentages\n|rule|Endless Battle Clause: Forcing endless battles is banned\n|rule|OHKO Clause: OHKO moves are banned\n|rule|Evasion Moves Clause: Evasion moves are banned\n|rule|Evasion Items Clause: Evasion items are banned\n|rule|Species Clause: Limit one of each Pok\u00e9mon\n|rule|Sleep Clause Mod: Limit one foe put to sleep\n|rule|Mega Rayquaza Clause: You cannot mega evolve Rayquaza\n|clearpoke\n|poke|p1|Golem-Alola, M|\n|poke|p1|Gliscor, F|\n|poke|p1|Aegislash, F|\n|poke|p1|Charizard, F|\n|poke|p1|Rayquaza|\n|poke|p1|Arceus-Water|\n|poke|p2|Arceus|\n|poke|p2|Darkrai|\n|poke|p2|Annihilape, M|\n|poke|p2|Kyogre|\n|poke|p2|Kingambit, M|\n|poke|p2|Palafin, F|\n|teampreview\n|inactive|Battle timer is ON: inactive players will automatically lose when time's up. (requested by PANDODEEEEZ)\n|\n|t:|1700666352\n|start\n|switch|p1a: Gamble|Gliscor, F|100\/100\n|switch|p2a: Kyogre|Kyogre|100\/100\n|-weather|RainDance|[from] ability: Drizzle|[of] p2a: Kyogre\n|turn|1\n|\n|t:|1700666361\n|switch|p1a: Arceus|Arceus-Water|100\/100\n|move|p2a: Kyogre|Water Spout|p1a: Arceus\n|-resisted|p1a: Arceus\n|-damage|p1a: Arceus|60\/100\n|\n|-weather|RainDance|[upkeep]\n|upkeep\n|turn|2\n|\n|t:|1700666369\n|-terastallize|p2a: Kyogre|Water\n|move|p2a: Kyogre|Water Spout|p1a: Arceus\n|-resisted|p1a: Arceus\n|-damage|p1a: Arceus|6\/100\n|move|p1a: Arceus|Recover|p1a: Arceus\n|-heal|p1a: Arceus|56\/100\n|\n|-weather|RainDance|[upkeep]\n|upkeep\n|turn|3\n|\n|t:|1700666382\n|switch|p2a: Darkrai|Darkrai|100\/100\n|move|p1a: Arceus|Recover|p1a: Arceus\n|-heal|p1a: Arceus|100\/100\n|\n|-weather|RainDance|[upkeep]\n|upkeep\n|turn|4\n|\n|t:|1700666397\n|move|p2a: Darkrai|Hypnosis|p1a: Arceus|[miss]\n|-miss|p2a: Darkrai|p1a: Arceus\n|move|p1a: Arceus|Whirlpool|p2a: Darkrai\n|-damage|p2a: Darkrai|67\/100\n|-activate|p2a: Darkrai|move: Whirlpool|[of] p1a: Arceus\n|\n|-weather|RainDance|[upkeep]\n|-damage|p2a: Darkrai|55\/100|[from] move: Whirlpool|[partiallytrapped]\n|upkeep\n|turn|5\n|\n|t:|1700666403\n|move|p2a: Darkrai|Hypnosis|p1a: Arceus\n|-status|p1a: Arceus|slp|[from] move: Hypnosis\n|cant|p1a: Arceus|slp\n|\n|-weather|none\n|-damage|p2a: Darkrai|42\/100|[from] move: Whirlpool|[partiallytrapped]\n|-damage|p1a: Arceus|88\/100 slp|[from] ability: Bad Dreams|[of] p2a: Darkrai\n|upkeep\n|turn|6\n|\n|t:|1700666414\n|switch|p1a: Gamble|Gliscor, F|100\/100\n|move|p2a: Darkrai|Hypnosis|p1a: Gamble\n|-message|Sleep Clause Mod activated.\n|-hint|Sleep Clause Mod prevents players from putting more than one of their opponent's Pok\u00e9mon to sleep at a time\n|\n|-end|p2a: Darkrai|Whirlpool|[partiallytrapped]|[silent]\n|-status|p1a: Gamble|tox|[from] item: Toxic Orb\n|upkeep\n|turn|7\n|\n|t:|1700666432\n|switch|p2a: Palafin|Palafin, F|100\/100\n|move|p1a: Gamble|Stealth Rock|p2a: Palafin\n|-sidestart|p2: idiotisidiot|move: Stealth Rock\n|\n|upkeep\n|turn|8\n|\n|t:|1700666438\n|switch|p1a: Arceus|Arceus-Water|88\/100 slp\n|move|p2a: Palafin|Flip Turn|p1a: Arceus\n|-resisted|p1a: Arceus\n|-damage|p1a: Arceus|81\/100 slp\n|\n|t:|1700666447\n|detailschange|p2a: Palafin|Palafin-Hero, F\n|switch|p2a: Kyogre|Kyogre, tera:Water|100\/100|[from] Flip Turn\n|-damage|p2a: Kyogre|88\/100|[from] Stealth Rock\n|-weather|RainDance|[from] ability: Drizzle|[of] p2a: Kyogre\n|\n|-weather|RainDance|[upkeep]\n|upkeep\n|turn|9\n|\n|t:|1700666452\n|move|p2a: Kyogre|Thunder|p1a: Arceus\n|-supereffective|p1a: Arceus\n|-damage|p1a: Arceus|25\/100 slp\n|-curestatus|p1a: Arceus|slp|[msg]\n|move|p1a: Arceus|Recover|p1a: Arceus\n|-heal|p1a: Arceus|75\/100\n|\n|-weather|RainDance|[upkeep]\n|upkeep\n|turn|10\n|\n|t:|1700666460\n|switch|p1a: Gamble|Gliscor, F|100\/100 tox\n|move|p2a: Kyogre|Thunder|p1a: Gamble\n|-immune|p1a: Gamble\n|\n|-weather|RainDance|[upkeep]\n|upkeep\n|turn|11\n|\n|t:|1700666465\n|switch|p2a: Palafin|Palafin-Hero, F|100\/100\n|-damage|p2a: Palafin|88\/100|[from] Stealth Rock\n|-activate|p2a: Palafin|ability: Zero to Hero\n|move|p1a: Gamble|Earthquake|p2a: Palafin\n|-damage|p2a: Palafin|57\/100\n|\n|-weather|RainDance|[upkeep]\n|upkeep\n|turn|12\n|\n|t:|1700666473\n|switch|p1a: Arceus|Arceus-Water|75\/100\n|move|p2a: Palafin|Wave Crash|p1a: Arceus\n|-resisted|p1a: Arceus\n|-damage|p1a: Arceus|34\/100\n|-damage|p2a: Palafin|40\/100|[from] Recoil\n|\n|-weather|none\n|upkeep\n|turn|13\n|\n|t:|1700666479\n|move|p2a: Palafin|Wave Crash|p1a: Arceus\n|-resisted|p1a: Arceus\n|-damage|p1a: Arceus|7\/100\n|-damage|p2a: Palafin|28\/100|[from] Recoil\n|move|p1a: Arceus|Recover|p1a: Arceus\n|-heal|p1a: Arceus|57\/100\n|\n|upkeep\n|turn|14\n|\n|t:|1700666488\n|switch|p2a: Annihilape|Annihilape, M|100\/100\n|-damage|p2a: Annihilape|94\/100|[from] Stealth Rock\n|move|p1a: Arceus|Recover|p1a: Arceus\n|-heal|p1a: Arceus|100\/100\n|\n|upkeep\n|turn|15\n|\n|t:|1700666492\n|move|p2a: Annihilape|Bulk Up|p2a: Annihilape\n|-boost|p2a: Annihilape|atk|1\n|-boost|p2a: Annihilape|def|1\n|move|p1a: Arceus|Toxic|p2a: Annihilape\n|-status|p2a: Annihilape|tox\n|\n|-damage|p2a: Annihilape|88\/100 tox|[from] psn\n|upkeep\n|turn|16\n|\n|t:|1700666496\n|move|p2a: Annihilape|Bulk Up|p2a: Annihilape\n|-boost|p2a: Annihilape|atk|1\n|-boost|p2a: Annihilape|def|1\n|move|p1a: Arceus|Whirlpool|p2a: Annihilape\n|-damage|p2a: Annihilape|70\/100 tox\n|-activate|p2a: Annihilape|move: Whirlpool|[of] p1a: Arceus\n|\n|-damage|p2a: Annihilape|58\/100 tox|[from] psn\n|-damage|p2a: Annihilape|45\/100 tox|[from] move: Whirlpool|[partiallytrapped]\n|upkeep\n|turn|17\n|\n|t:|1700666505\n|move|p2a: Annihilape|Rage Fist|p1a: Arceus\n|-damage|p1a: Arceus|41\/100\n|-damage|p2a: Annihilape|35\/100 tox|[from] item: Life Orb\n|move|p1a: Arceus|Recover|p1a: Arceus\n|-heal|p1a: Arceus|91\/100\n|\n|-damage|p2a: Annihilape|17\/100 tox|[from] psn\n|-damage|p2a: Annihilape|4\/100 tox|[from] move: Whirlpool|[partiallytrapped]\n|upkeep\n|turn|18\n|\n|t:|1700666512\n|switch|p1a: Gamble|Gliscor, F|100\/100 tox\n|move|p2a: Annihilape|Close Combat|p1a: Gamble\n|-resisted|p1a: Gamble\n|-damage|p1a: Gamble|56\/100 tox\n|-unboost|p2a: Annihilape|def|1\n|-unboost|p2a: Annihilape|spd|1\n|-damage|p2a: Annihilape|0 fnt|[from] item: Life Orb\n|faint|p2a: Annihilape\n|\n|-heal|p1a: Gamble|69\/100 tox|[from] ability: Poison Heal\n|upkeep\n|\n|t:|1700666519\n|switch|p2a: Palafin|Palafin-Hero, F|28\/100\n|-damage|p2a: Palafin|16\/100|[from] Stealth Rock\n|turn|19\n|\n|t:|1700666525\n|move|p2a: Palafin|Wave Crash|p1a: Gamble\n|-supereffective|p1a: Gamble\n|-damage|p1a: Gamble|0 fnt\n|faint|p1a: Gamble\n|-damage|p2a: Palafin|0 fnt|[from] Recoil\n|faint|p2a: Palafin\n|\n|upkeep\n|\n|t:|1700666531\n|switch|p2a: Darkrai|Darkrai|42\/100\n|switch|p1a: Bet|Golem-Alola, M|100\/100\n|-damage|p2a: Darkrai|30\/100|[from] Stealth Rock\n|turn|20\n|\n|t:|1700666539\n|switch|p1a: Arceus|Arceus-Water|91\/100\n|move|p2a: Darkrai|Hypnosis|p1a: Arceus|[miss]\n|-miss|p2a: Darkrai|p1a: Arceus\n|\n|upkeep\n|turn|21\n|\n|t:|1700666548\n|switch|p2a: Arceus|Arceus|100\/100\n|-damage|p2a: Arceus|88\/100|[from] Stealth Rock\n|move|p1a: Arceus|Whirlpool|p2a: Arceus|[miss]\n|-miss|p1a: Arceus|p2a: Arceus\n|\n|upkeep\n|turn|22\n|\n|t:|1700666552\n|move|p2a: Arceus|Swords Dance|p2a: Arceus\n|-boost|p2a: Arceus|atk|2\n|move|p1a: Arceus|Whirlpool|p2a: Arceus\n|-damage|p2a: Arceus|77\/100\n|-activate|p2a: Arceus|move: Whirlpool|[of] p1a: Arceus\n|\n|-damage|p2a: Arceus|65\/100|[from] move: Whirlpool|[partiallytrapped]\n|upkeep\n|turn|23\n|\n|t:|1700666562\n|move|p2a: Arceus|Will-O-Wisp|p1a: Arceus\n|-status|p1a: Arceus|brn\n|move|p1a: Arceus|Toxic|p2a: Arceus|[miss]\n|-miss|p1a: Arceus|p2a: Arceus\n|\n|-damage|p1a: Arceus|85\/100 brn|[from] brn\n|-damage|p2a: Arceus|53\/100|[from] move: Whirlpool|[partiallytrapped]\n|upkeep\n|turn|24\n|\n|t:|1700666569\n|move|p2a: Arceus|Swords Dance|p2a: Arceus\n|-boost|p2a: Arceus|atk|2\n|move|p1a: Arceus|Refresh|p1a: Arceus\n|-curestatus|p1a: Arceus|brn|[msg]\n|\n|-damage|p2a: Arceus|40\/100|[from] move: Whirlpool|[partiallytrapped]\n|upkeep\n|turn|25\n|\n|t:|1700666572\n|move|p2a: Arceus|Substitute|p2a: Arceus\n|-start|p2a: Arceus|Substitute\n|-end|p2a: Arceus|Whirlpool|[partiallytrapped]|[silent]\n|-damage|p2a: Arceus|15\/100\n|move|p1a: Arceus|Toxic||[still]\n|-fail|p1a: Arceus\n|\n|upkeep\n|turn|26\n|\n|t:|1700666584\n|move|p2a: Arceus|Extreme Speed|p1a: Arceus\n|-damage|p1a: Arceus|12\/100\n|move|p1a: Arceus|Whirlpool|p2a: Arceus\n|-activate|p2a: Arceus|move: Substitute|[damage]\n|\n|upkeep\n|turn|27\n|\n|t:|1700666590\n|move|p2a: Arceus|Extreme Speed|p1a: Arceus\n|-damage|p1a: Arceus|0 fnt\n|faint|p1a: Arceus\n|\n|upkeep\n|\n|t:|1700666598\n|switch|p1a: Rayquaza|Rayquaza|100\/100\n|-ability|p1a: Rayquaza|Air Lock\n|turn|28\n|\n|t:|1700666604\n|-terastallize|p1a: Rayquaza|Steel\n|move|p1a: Rayquaza|Scale Shot|p2a: Arceus\n|-activate|p2a: Arceus|move: Substitute|[damage]\n|-end|p2a: Arceus|Substitute\n|-damage|p2a: Arceus|6\/100\n|-damage|p2a: Arceus|0 fnt\n|faint|p2a: Arceus\n|-hitcount|p2: Arceus|4\n|-unboost|p1a: Rayquaza|def|1\n|-boost|p1a: Rayquaza|spe|1\n|\n|upkeep\n|\n|t:|1700666622\n|switch|p2a: Darkrai|Darkrai|30\/100\n|-damage|p2a: Darkrai|18\/100|[from] Stealth Rock\n|turn|29\n|\n|t:|1700666629\n|move|p2a: Darkrai|Hypnosis|p1a: Rayquaza\n|-status|p1a: Rayquaza|slp|[from] move: Hypnosis\n|cant|p1a: Rayquaza|slp\n|\n|-damage|p1a: Rayquaza|88\/100 slp|[from] ability: Bad Dreams|[of] p2a: Darkrai\n|upkeep\n|turn|30\n|\n|t:|1700666636\n|switch|p2a: Kyogre|Kyogre, tera:Water|88\/100\n|-damage|p2a: Kyogre|76\/100|[from] Stealth Rock\n|-weather|RainDance|[from] ability: Drizzle|[of] p2a: Kyogre\n|cant|p1a: Rayquaza|slp\n|\n|-weather|RainDance|[upkeep]\n|upkeep\n|turn|31\n|\n|t:|1700666645\n|cant|p1a: Rayquaza|slp\n|move|p2a: Kyogre|Water Spout|p1a: Rayquaza\n|-damage|p1a: Rayquaza|0 fnt\n|faint|p1a: Rayquaza\n|\n|-weather|RainDance|[upkeep]\n|upkeep\n|\n|t:|1700666651\n|switch|p1a: Bet|Golem-Alola, M|100\/100\n|turn|32\n|\n|t:|1700666655\n|move|p2a: Kyogre|Water Spout|p1a: Bet\n|-supereffective|p1a: Bet\n|-enditem|p1a: Bet|Focus Sash\n|-damage|p1a: Bet|1\/100\n|move|p1a: Bet|Rock Polish|p1a: Bet\n|-boost|p1a: Bet|spe|2\n|\n|-weather|RainDance|[upkeep]\n|upkeep\n|turn|33\n|\n|t:|1700666661\n|move|p2a: Kyogre|Water Spout|p1a: Bet\n|-supereffective|p1a: Bet\n|-damage|p1a: Bet|0 fnt\n|faint|p1a: Bet\n|\n|-weather|RainDance|[upkeep]\n|upkeep\n|\n|t:|1700666667\n|switch|p1a: Venture|Aegislash, F|100\/100\n|turn|34\n|\n|t:|1700666678\n|move|p1a: Venture|King's Shield|p1a: Venture\n|-singleturn|p1a: Venture|Protect\n|move|p2a: Kyogre|Water Spout|p1a: Venture\n|-activate|p1a: Venture|move: Protect\n|\n|-weather|none\n|upkeep\n|turn|35\n|\n|t:|1700666683\n|move|p2a: Kyogre|Water Spout|p1a: Venture\n|-damage|p1a: Venture|44\/100\n|move|p1a: Venture|Toxic|p2a: Kyogre\n|-status|p2a: Kyogre|tox\n|\n|-heal|p1a: Venture|50\/100|[from] item: Leftovers\n|-damage|p2a: Kyogre|70\/100 tox|[from] psn\n|upkeep\n|turn|36\n|\n|t:|1700666688\n|move|p1a: Venture|King's Shield|p1a: Venture\n|-singleturn|p1a: Venture|Protect\n|move|p2a: Kyogre|Water Spout|p1a: Venture\n|-activate|p1a: Venture|move: Protect\n|\n|-heal|p1a: Venture|56\/100|[from] item: Leftovers\n|-damage|p2a: Kyogre|57\/100 tox|[from] psn\n|upkeep\n|turn|37\n|\n|t:|1700666698\n|switch|p2a: Darkrai|Darkrai|18\/100\n|-damage|p2a: Darkrai|5\/100|[from] Stealth Rock\n|move|p1a: Venture|Substitute|p1a: Venture\n|-start|p1a: Venture|Substitute\n|-damage|p1a: Venture|31\/100\n|\n|-heal|p1a: Venture|37\/100|[from] item: Leftovers\n|upkeep\n|turn|38\n|\n|t:|1700666702\n|-formechange|p1a: Venture|Aegislash-Blade||[from] ability: Stance Change\n|move|p1a: Venture|Shadow Sneak|p2a: Darkrai\n|-resisted|p2a: Darkrai\n|-damage|p2a: Darkrai|0 fnt\n|faint|p2a: Darkrai\n|\n|-heal|p1a: Venture|44\/100|[from] item: Leftovers\n|upkeep\n|\n|t:|1700666707\n|switch|p2a: Kingambit|Kingambit, M|100\/100\n|-damage|p2a: Kingambit|94\/100|[from] Stealth Rock\n|-activate|p2a: Kingambit|ability: Supreme Overlord\n|-start|p2a: Kingambit|fallen4|[silent]\n|turn|39\n|\n|t:|1700666713\n|-formechange|p1a: Venture|Aegislash||[from] ability: Stance Change\n|move|p1a: Venture|King's Shield|p1a: Venture\n|-singleturn|p1a: Venture|Protect\n|move|p2a: Kingambit|Kowtow Cleave|p1a: Venture\n|-activate|p1a: Venture|move: Protect\n|-unboost|p2a: Kingambit|atk|1\n|\n|-heal|p1a: Venture|50\/100|[from] item: Leftovers\n|-heal|p2a: Kingambit|100\/100|[from] item: Leftovers\n|upkeep\n|turn|40\n|\n|t:|1700666718\n|-formechange|p1a: Venture|Aegislash-Blade||[from] ability: Stance Change\n|move|p1a: Venture|Shadow Sneak|p2a: Kingambit\n|-resisted|p2a: Kingambit\n|-damage|p2a: Kingambit|94\/100\n|move|p2a: Kingambit|Kowtow Cleave|p1a: Venture\n|-supereffective|p1a: Venture\n|-end|p1a: Venture|Substitute\n|\n|-heal|p1a: Venture|56\/100|[from] item: Leftovers\n|-heal|p2a: Kingambit|100\/100|[from] item: Leftovers\n|upkeep\n|turn|41\n|\n|t:|1700666730\n|-formechange|p1a: Venture|Aegislash||[from] ability: Stance Change\n|move|p1a: Venture|King's Shield|p1a: Venture\n|-singleturn|p1a: Venture|Protect\n|move|p2a: Kingambit|Kowtow Cleave|p1a: Venture\n|-activate|p1a: Venture|move: Protect\n|-unboost|p2a: Kingambit|atk|1\n|\n|-heal|p1a: Venture|62\/100|[from] item: Leftovers\n|upkeep\n|turn|42\n|\n|t:|1700666740\n|-formechange|p1a: Venture|Aegislash-Blade||[from] ability: Stance Change\n|move|p1a: Venture|Shadow Sneak|p2a: Kingambit\n|-resisted|p2a: Kingambit\n|-damage|p2a: Kingambit|94\/100\n|move|p2a: Kingambit|Kowtow Cleave|p1a: Venture\n|-supereffective|p1a: Venture\n|-damage|p1a: Venture|0 fnt\n|faint|p1a: Venture\n|\n|-heal|p2a: Kingambit|99\/100|[from] item: Leftovers\n|upkeep\n|\n|t:|1700666744\n|switch|p1a: Hazard|Charizard, F|100\/100\n|turn|43\n|\n|t:|1700666750\n|detailschange|p1a: Hazard|Charizard-Mega-X, F\n|-mega|p1a: Hazard|Charizard|Charizardite X\n|move|p2a: Kingambit|Sucker Punch||[still]\n|-fail|p2a: Kingambit\n|move|p1a: Hazard|Dragon Dance|p1a: Hazard\n|-boost|p1a: Hazard|atk|1\n|-boost|p1a: Hazard|spe|1\n|\n|-heal|p2a: Kingambit|100\/100|[from] item: Leftovers\n|upkeep\n|turn|44\n|\n|t:|1700666756\n|move|p2a: Kingambit|Sucker Punch|p1a: Hazard\n|-damage|p1a: Hazard|72\/100\n|move|p1a: Hazard|Flare Blitz|p2a: Kingambit\n|-supereffective|p2a: Kingambit\n|-damage|p2a: Kingambit|0 fnt\n|faint|p2a: Kingambit\n|-end|p2a: Kingambit|fallen4|[silent]\n|-damage|p1a: Hazard|27\/100|[from] Recoil\n|\n|upkeep\n|\n|t:|1700666759\n|switch|p2a: Kyogre|Kyogre, tera:Water|57\/100 tox\n|-damage|p2a: Kyogre|45\/100 tox|[from] Stealth Rock\n|-weather|RainDance|[from] ability: Drizzle|[of] p2a: Kyogre\n|turn|45\n|\n|t:|1700666764\n|move|p1a: Hazard|Earthquake|p2a: Kyogre\n|-damage|p2a: Kyogre|0 fnt\n|faint|p2a: Kyogre\n|\n|win|PANDODEEEEZ\n","uploadtime":1700666769,"views":0,"p1id":"pandodeeeez","p2id":"idiotisidiot","formatid":"gen9nationaldexubers","rating":0,"private":0,"password":""}