{"id":"gen9nationaldexubers-1978810022","p1":"felipinho153","p2":"PDW_D4NI0","format":"[Gen 9] National Dex Ubers","log":"|j|\u2606felipinho153\n|j|\u203dPDW_D4NI0\n|t:|1698597915\n|gametype|singles\n|player|p1|felipinho153|101|1102\n|player|p2|PDW_D4NI0|170|1102\n|teamsize|p1|6\n|teamsize|p2|2\n|gen|9\n|tier|[Gen 9] National Dex Ubers\n|rated|\n|rule|HP Percentage Mod: HP is shown in percentages\n|rule|Endless Battle Clause: Forcing endless battles is banned\n|rule|OHKO Clause: OHKO moves are banned\n|rule|Evasion Moves Clause: Evasion moves are banned\n|rule|Evasion Items Clause: Evasion items are banned\n|rule|Species Clause: Limit one of each Pok\u00e9mon\n|rule|Sleep Clause Mod: Limit one foe put to sleep\n|rule|Mega Rayquaza Clause: You cannot mega evolve Rayquaza\n|clearpoke\n|poke|p1|Alakazam, M|\n|poke|p1|Nidoking, M|\n|poke|p1|Kommo-o, F|\n|poke|p1|Palafin, M|\n|poke|p1|Zacian-*|\n|poke|p1|Ho-Oh|\n|poke|p2|Durant, M|\n|poke|p2|Dugtrio, F|\n|teampreview\n|\n|t:|1698597925\n|start\n|switch|p1a: Zacian|Zacian-Crowned|100\/100\n|switch|p2a: Durant|Durant, M|100\/100\n|-ability|p1a: Zacian|Intrepid Sword|boost\n|-boost|p1a: Zacian|atk|1\n|turn|1\n|\n|t:|1698597932\n|-terastallize|p1a: Zacian|Fairy\n|move|p1a: Zacian|Close Combat|p2a: Durant\n|-damage|p2a: Durant|20\/100\n|-unboost|p1a: Zacian|def|1\n|-unboost|p1a: Zacian|spd|1\n|move|p2a: Durant|Entrainment|p1a: Zacian\n|-endability|p1a: Zacian|Intrepid Sword|[from] move: Entrainment\n|-ability|p1a: Zacian|Truant|[from] move: Entrainment\n|\n|upkeep\n|turn|2\n|\n|t:|1698597942\n|switch|p2a: Dugtrio|Dugtrio, F|100\/100\n|cant|p1a: Zacian|ability: Truant\n|\n|upkeep\n|turn|3\n|\n|t:|1698597962\n|move|p2a: Dugtrio|Protect|p2a: Dugtrio\n|-singleturn|p2a: Dugtrio|Protect\n|move|p1a: Zacian|Close Combat|p2a: Dugtrio\n|-activate|p2a: Dugtrio|move: Protect\n|\n|upkeep\n|turn|4\n|\n|t:|1698597968\n|cant|p1a: Zacian|ability: Truant\n|move|p2a: Dugtrio|Hone Claws|p2a: Dugtrio\n|-boost|p2a: Dugtrio|atk|1\n|-boost|p2a: Dugtrio|accuracy|1\n|\n|upkeep\n|turn|5\n|\n|t:|1698597976\n|move|p2a: Dugtrio|Protect|p2a: Dugtrio\n|-singleturn|p2a: Dugtrio|Protect\n|move|p1a: Zacian|Behemoth Blade|p2a: Dugtrio\n|-activate|p2a: Dugtrio|move: Protect\n|\n|upkeep\n|turn|6\n|\n|t:|1698597986\n|cant|p1a: Zacian|ability: Truant\n|move|p2a: Dugtrio|Hone Claws|p2a: Dugtrio\n|-boost|p2a: Dugtrio|atk|1\n|-boost|p2a: Dugtrio|accuracy|1\n|\n|upkeep\n|turn|7\n|c|\u2606felipinho153|????\n|\n|t:|1698598001\n|move|p2a: Dugtrio|Protect|p2a: Dugtrio\n|-singleturn|p2a: Dugtrio|Protect\n|move|p1a: Zacian|Play Rough|p2a: Dugtrio\n|-activate|p2a: Dugtrio|move: Protect\n|\n|upkeep\n|turn|8\n|\n|t:|1698598009\n|cant|p1a: Zacian|ability: Truant\n|move|p2a: Dugtrio|Hone Claws|p2a: Dugtrio\n|-boost|p2a: Dugtrio|atk|1\n|-boost|p2a: Dugtrio|accuracy|1\n|\n|upkeep\n|turn|9\n|\n|t:|1698598013\n|move|p2a: Dugtrio|Protect|p2a: Dugtrio\n|-singleturn|p2a: Dugtrio|Protect\n|move|p1a: Zacian|Behemoth Blade|p2a: Dugtrio\n|-activate|p2a: Dugtrio|move: Protect\n|\n|upkeep\n|turn|10\n|\n|t:|1698598019\n|cant|p1a: Zacian|ability: Truant\n|move|p2a: Dugtrio|Hone Claws|p2a: Dugtrio\n|-boost|p2a: Dugtrio|atk|1\n|-boost|p2a: Dugtrio|accuracy|1\n|\n|upkeep\n|turn|11\n|\n|t:|1698598023\n|move|p2a: Dugtrio|Protect|p2a: Dugtrio\n|-singleturn|p2a: Dugtrio|Protect\n|move|p1a: Zacian|Swords Dance|p1a: Zacian\n|-boost|p1a: Zacian|atk|2\n|\n|upkeep\n|turn|12\n|\n|t:|1698598031\n|cant|p1a: Zacian|ability: Truant\n|move|p2a: Dugtrio|Hone Claws|p2a: Dugtrio\n|-boost|p2a: Dugtrio|atk|1\n|-boost|p2a: Dugtrio|accuracy|1\n|\n|upkeep\n|turn|13\n|\n|t:|1698598040\n|move|p2a: Dugtrio|Protect|p2a: Dugtrio\n|-singleturn|p2a: Dugtrio|Protect\n|move|p1a: Zacian|Close Combat|p2a: Dugtrio\n|-activate|p2a: Dugtrio|move: Protect\n|\n|upkeep\n|turn|14\n|\n|t:|1698598052\n|cant|p1a: Zacian|ability: Truant\n|move|p2a: Dugtrio|Hone Claws|p2a: Dugtrio\n|-boost|p2a: Dugtrio|atk|1\n|-boost|p2a: Dugtrio|accuracy|1\n|\n|upkeep\n|turn|15\n|\n|t:|1698598062\n|move|p2a: Dugtrio|Protect|p2a: Dugtrio\n|-singleturn|p2a: Dugtrio|Protect\n|move|p1a: Zacian|Behemoth Blade|p2a: Dugtrio\n|-activate|p2a: Dugtrio|move: Protect\n|\n|upkeep\n|turn|16\n|\n|t:|1698598081\n|cant|p1a: Zacian|ability: Truant\n|move|p2a: Dugtrio|Earthquake|p1a: Zacian\n|-damage|p1a: Zacian|0 fnt\n|faint|p1a: Zacian\n|\n|upkeep\n|\n|t:|1698598090\n|switch|p1a: Alakazam|Alakazam, M|100\/100\n|turn|17\n|\n|t:|1698598095\n|detailschange|p1a: Alakazam|Alakazam-Mega, M\n|-mega|p1a: Alakazam|Alakazam|Alakazite\n|-ability|p1a: Alakazam|Arena Trap|[from] ability: Trace|[of] p2a: Dugtrio\n|move|p1a: Alakazam|Psychic|p2a: Dugtrio\n|-enditem|p2a: Dugtrio|Focus Sash\n|-damage|p2a: Dugtrio|1\/100\n|move|p2a: Dugtrio|Stone Edge|p1a: Alakazam\n|-damage|p1a: Alakazam|0 fnt\n|faint|p1a: Alakazam\n|\n|upkeep\n|\n|t:|1698598108\n|switch|p1a: Nidoking|Nidoking, M|100\/100\n|turn|18\n|\n|t:|1698598112\n|move|p2a: Dugtrio|Earthquake|p1a: Nidoking\n|-supereffective|p1a: Nidoking\n|-damage|p1a: Nidoking|0 fnt\n|faint|p1a: Nidoking\n|\n|upkeep\n|\n|t:|1698598116\n|switch|p1a: Kommo-o|Kommo-o, F|100\/100\n|turn|19\n|\n|t:|1698598121\n|move|p2a: Dugtrio|Earthquake|p1a: Kommo-o\n|-damage|p1a: Kommo-o|0 fnt\n|faint|p1a: Kommo-o\n|\n|upkeep\n|\n|t:|1698598124\n|switch|p1a: Ho-Oh|Ho-Oh|100\/100\n|-ability|p1a: Ho-Oh|Pressure\n|turn|20\n|\n|t:|1698598128\n|move|p2a: Dugtrio|Stone Edge|p1a: Ho-Oh\n|-supereffective|p1a: Ho-Oh\n|-crit|p1a: Ho-Oh\n|-damage|p1a: Ho-Oh|0 fnt\n|faint|p1a: Ho-Oh\n|\n|upkeep\n|\n|t:|1698598131\n|switch|p1a: Palafin|Palafin, M|100\/100\n|turn|21\n|\n|t:|1698598135\n|move|p2a: Dugtrio|Protect|p2a: Dugtrio\n|-singleturn|p2a: Dugtrio|Protect\n|move|p1a: Palafin|Jet Punch|p2a: Dugtrio\n|-activate|p2a: Dugtrio|move: Protect\n|\n|upkeep\n|turn|22\n|\n|t:|1698598141\n|move|p1a: Palafin|Jet Punch|p2a: Dugtrio\n|-supereffective|p2a: Dugtrio\n|-damage|p2a: Dugtrio|0 fnt\n|faint|p2a: Dugtrio\n|-damage|p1a: Palafin|91\/100|[from] item: Life Orb\n|\n|upkeep\n|\n|t:|1698598143\n|switch|p2a: Durant|Durant, M|20\/100\n|turn|23\n|\n|t:|1698598146\n|move|p2a: Durant|First Impression|p1a: Palafin\n|-damage|p1a: Palafin|37\/100\n|move|p1a: Palafin|Close Combat|p2a: Durant\n|-damage|p2a: Durant|0 fnt\n|-unboost|p1a: Palafin|def|1\n|-unboost|p1a: Palafin|spd|1\n|faint|p2a: Durant\n|-damage|p1a: Palafin|27\/100|[from] item: Life Orb\n|\n|win|felipinho153\n|raw|felipinho153's rating: 1102 &rarr; <strong>1127<\/strong><br \/>(+25 for winning)\n|raw|PDW_D4NI0's rating: 1102 &rarr; <strong>1077<\/strong><br \/>(-25 for losing)\n|l|\u203dPDW_D4NI0\n|c|\u2606felipinho153|gg\n","uploadtime":1698598160,"views":9,"p1id":"felipinho153","p2id":"pdwd4ni0","formatid":"gen9nationaldexubers","rating":1077,"private":0,"password":""}