{"id":"gen9nationaldexubers-1979345584","p1":"Gtg g u2","p2":"Celentinel","format":"[Gen 9] National Dex Ubers","log":"|j|\u2606Gtg g u2\n|j|\u2606Celentinel\n|t:|1698673607\n|gametype|singles\n|player|p1|Gtg g u2|red-masters|1072\n|player|p2|Celentinel|101|1000\n|teamsize|p1|6\n|teamsize|p2|2\n|gen|9\n|tier|[Gen 9] National Dex Ubers\n|rated|\n|rule|HP Percentage Mod: HP is shown in percentages\n|rule|Endless Battle Clause: Forcing endless battles is banned\n|rule|OHKO Clause: OHKO moves are banned\n|rule|Evasion Moves Clause: Evasion moves are banned\n|rule|Evasion Items Clause: Evasion items are banned\n|rule|Species Clause: Limit one of each Pok\u00e9mon\n|rule|Sleep Clause Mod: Limit one foe put to sleep\n|rule|Mega Rayquaza Clause: You cannot mega evolve Rayquaza\n|clearpoke\n|poke|p1|Pikachu, M|\n|poke|p1|Rillaboom, M|\n|poke|p1|Cramorant, M|\n|poke|p1|Grapploct, M|\n|poke|p1|Centiskorch, M|\n|poke|p1|Runerigus, F|\n|poke|p2|Spinda, F|\n|poke|p2|Lugia|\n|teampreview\n|inactive|Battle timer is ON: inactive players will automatically lose when time's up. (requested by Celentinel)\n|\n|t:|1698673614\n|start\n|switch|p1a: Grapploct|Grapploct, M|100\/100\n|switch|p2a: Spinda|Spinda, F, shiny|100\/100\n|turn|1\n|\n|t:|1698673618\n|move|p2a: Spinda|Skill Swap|p1a: Grapploct\n|-activate|p2a: Spinda|move: Skill Swap|Technician|Contrary|[of] p1a: Grapploct\n|move|p1a: Grapploct|Circle Throw|p2a: Spinda\n|-supereffective|p2a: Spinda\n|-damage|p2a: Spinda|0 fnt\n|faint|p2a: Spinda\n|\n|upkeep\n|\n|t:|1698673624\n|switch|p2a: Lugia|Lugia, shiny|100\/100\n|turn|2\n|\n|t:|1698673630\n|-zpower|p2a: Lugia\n|move|p2a: Lugia|Z-Safeguard|p2a: Lugia|[anim]Safeguard\n|-boost|p2a: Lugia|spe|1|[zeffect]\n|-sidestart|p2: Celentinel|Safeguard\n|move|p1a: Grapploct|Octolock|p2a: Lugia\n|-start|p2a: Lugia|move: Octolock|[of] p1a: Grapploct\n|\n|-unboost|p2a: Lugia|def|1\n|-unboost|p2a: Lugia|spd|1\n|upkeep\n|turn|3\n|\n|t:|1698673639\n|move|p2a: Lugia|Skill Swap|p1a: Grapploct\n|-activate|p2a: Lugia|move: Skill Swap|Contrary|Multiscale|[of] p1a: Grapploct\n|move|p1a: Grapploct|Ice Punch|p2a: Lugia\n|-supereffective|p2a: Lugia\n|-damage|p2a: Lugia|46\/100\n|\n|-boost|p2a: Lugia|def|1\n|-boost|p2a: Lugia|spd|1\n|upkeep\n|turn|4\n|\n|t:|1698673655\n|move|p2a: Lugia|Psycho Boost|p1a: Grapploct\n|-supereffective|p1a: Grapploct\n|-damage|p1a: Grapploct|42\/100\n|-boost|p2a: Lugia|spa|2\n|move|p1a: Grapploct|Ice Punch|p2a: Lugia\n|-supereffective|p2a: Lugia\n|-damage|p2a: Lugia|8\/100\n|\n|-heal|p1a: Grapploct|48\/100|[from] item: Leftovers\n|-boost|p2a: Lugia|def|1\n|-boost|p2a: Lugia|spd|1\n|upkeep\n|turn|5\n|\n|t:|1698673665\n|move|p2a: Lugia|Psycho Boost|p1a: Grapploct\n|-supereffective|p1a: Grapploct\n|-damage|p1a: Grapploct|0 fnt\n|-boost|p2a: Lugia|spa|2\n|faint|p1a: Grapploct\n|\n|-end|p2a: Lugia|Octolock|[partiallytrapped]|[silent]\n|upkeep\n|\n|t:|1698673667\n|switch|p1a: Rillaboom|Rillaboom, M|100\/100\n|-fieldstart|move: Grassy Terrain|[from] ability: Grassy Surge|[of] p1a: Rillaboom\n|turn|6\n|\n|t:|1698673675\n|move|p1a: Rillaboom|Grassy Glide|p2a: Lugia\n|-resisted|p2a: Lugia\n|-damage|p2a: Lugia|0 fnt\n|faint|p2a: Lugia\n|-damage|p1a: Rillaboom|91\/100|[from] item: Life Orb\n|\n|win|Gtg g u2\n|raw|Gtg g u2's rating: 1072 &rarr; <strong>1095<\/strong><br \/>(+23 for winning)\n|raw|Celentinel's rating: 1000 &rarr; <strong>1000<\/strong><br \/>(+0 for losing)\n","uploadtime":1698673679,"views":5,"p1id":"gtggu2","p2id":"celentinel","formatid":"gen9nationaldexubers","rating":1000,"private":0,"password":""}