{"id":"gen9nationaldexubers-1985311645","p1":"FLOWER-M0DE\u267b\ufe0f","p2":"esgnyhifrrhyhio","format":"[Gen 9] National Dex Ubers","log":"|j|\u2606FLOWER-M0DE\u267b\ufe0f\n|j|\u203desgnyhifrrhyhio\n|t:|1699363195\n|gametype|singles\n|player|p1|FLOWER-M0DE\u267b\ufe0f|erika-masters|1068\n|player|p2|esgnyhifrrhyhio|169|1070\n|teamsize|p1|6\n|teamsize|p2|6\n|gen|9\n|tier|[Gen 9] National Dex Ubers\n|rated|\n|rule|HP Percentage Mod: HP is shown in percentages\n|rule|Endless Battle Clause: Forcing endless battles is banned\n|rule|OHKO Clause: OHKO moves are banned\n|rule|Evasion Moves Clause: Evasion moves are banned\n|rule|Evasion Items Clause: Evasion items are banned\n|rule|Species Clause: Limit one of each Pok\u00e9mon\n|rule|Sleep Clause Mod: Limit one foe put to sleep\n|rule|Mega Rayquaza Clause: You cannot mega evolve Rayquaza\n|clearpoke\n|poke|p1|Ogerpon-Cornerstone, F|\n|poke|p1|Gogoat, M|\n|poke|p1|Cherrim, F|\n|poke|p1|Iron Leaves|\n|poke|p1|Flapple, M|\n|poke|p1|Simisage, M|\n|poke|p2|Clodsire, M|\n|poke|p2|Eelektross, F|\n|poke|p2|Marshadow|\n|poke|p2|Delphox, F|\n|poke|p2|Azelf|\n|poke|p2|Deoxys-Speed|\n|teampreview\n|\n|t:|1699363206\n|start\n|switch|p1a: \ud83c\udf37\ud83c\udf52CHERRIM\ud83c\udf52\ud83c\udf37|Cherrim, F, shiny|100\/100\n|switch|p2a: Delphox|Delphox, F|100\/100\n|turn|1\n|\n|t:|1699363229\n|move|p1a: \ud83c\udf37\ud83c\udf52CHERRIM\ud83c\udf52\ud83c\udf37|Sunny Day|p1a: \ud83c\udf37\ud83c\udf52CHERRIM\ud83c\udf52\ud83c\udf37\n|-weather|SunnyDay\n|-formechange|p1a: \ud83c\udf37\ud83c\udf52CHERRIM\ud83c\udf52\ud83c\udf37|Cherrim-Sunshine|[msg]|[from] ability: Flower Gift\n|move|p2a: Delphox|Fire Blast|p1a: \ud83c\udf37\ud83c\udf52CHERRIM\ud83c\udf52\ud83c\udf37|[miss]\n|-miss|p2a: Delphox|p1a: \ud83c\udf37\ud83c\udf52CHERRIM\ud83c\udf52\ud83c\udf37\n|\n|-weather|SunnyDay|[upkeep]\n|upkeep\n|turn|2\n|j| LightningSword6354\n|l| LightningSword6354\n|inactive|Battle timer is ON: inactive players will automatically lose when time's up. (requested by esgnyhifrrhyhio)\n|\n|t:|1699363277\n|move|p1a: \ud83c\udf37\ud83c\udf52CHERRIM\ud83c\udf52\ud83c\udf37|Solar Beam||[still]\n|-prepare|p1a: \ud83c\udf37\ud83c\udf52CHERRIM\ud83c\udf52\ud83c\udf37|Solar Beam\n|-anim|p1a: \ud83c\udf37\ud83c\udf52CHERRIM\ud83c\udf52\ud83c\udf37|Solar Beam|p2a: Delphox\n|-resisted|p2a: Delphox\n|-damage|p2a: Delphox|69\/100\n|move|p2a: Delphox|Fire Blast|p1a: \ud83c\udf37\ud83c\udf52CHERRIM\ud83c\udf52\ud83c\udf37\n|-supereffective|p1a: \ud83c\udf37\ud83c\udf52CHERRIM\ud83c\udf52\ud83c\udf37\n|-damage|p1a: \ud83c\udf37\ud83c\udf52CHERRIM\ud83c\udf52\ud83c\udf37|0 fnt\n|faint|p1a: \ud83c\udf37\ud83c\udf52CHERRIM\ud83c\udf52\ud83c\udf37\n|\n|-weather|SunnyDay|[upkeep]\n|upkeep\n|\n|t:|1699363296\n|switch|p1a: \ud83c\udf3a\ud83e\udeb4OPERGON\ud83e\udea8|Ogerpon-Cornerstone, F|100\/100\n|turn|3\n|\n|t:|1699363307\n|-terastallize|p1a: \ud83c\udf3a\ud83e\udeb4OPERGON\ud83e\udea8|Rock\n|detailschange|p1a: \ud83c\udf3a\ud83e\udeb4OPERGON\ud83e\udea8|Ogerpon-Cornerstone-Tera, F, tera:Rock\n|-ability|p1a: \ud83c\udf3a\ud83e\udeb4OPERGON\ud83e\udea8|Embody Aspect (Cornerstone)|boost\n|-boost|p1a: \ud83c\udf3a\ud83e\udeb4OPERGON\ud83e\udea8|def|1\n|move|p1a: \ud83c\udf3a\ud83e\udeb4OPERGON\ud83e\udea8|Trailblaze|p2a: Delphox\n|-resisted|p2a: Delphox\n|-damage|p2a: Delphox|49\/100\n|-boost|p1a: \ud83c\udf3a\ud83e\udeb4OPERGON\ud83e\udea8|spe|1\n|move|p2a: Delphox|Fire Blast|p1a: \ud83c\udf3a\ud83e\udeb4OPERGON\ud83e\udea8\n|-resisted|p1a: \ud83c\udf3a\ud83e\udeb4OPERGON\ud83e\udea8\n|-damage|p1a: \ud83c\udf3a\ud83e\udeb4OPERGON\ud83e\udea8|61\/100\n|\n|-weather|SunnyDay|[upkeep]\n|upkeep\n|turn|4\n|\n|t:|1699363322\n|move|p1a: \ud83c\udf3a\ud83e\udeb4OPERGON\ud83e\udea8|Ivy Cudgel|p2a: Delphox\n|-supereffective|p2a: Delphox\n|-damage|p2a: Delphox|0 fnt\n|faint|p2a: Delphox\n|\n|-weather|SunnyDay|[upkeep]\n|upkeep\n|\n|t:|1699363327\n|switch|p2a: Clodsire|Clodsire, M|100\/100\n|turn|5\n|\n|t:|1699363339\n|move|p1a: \ud83c\udf3a\ud83e\udeb4OPERGON\ud83e\udea8|Swords Dance|p1a: \ud83c\udf3a\ud83e\udeb4OPERGON\ud83e\udea8\n|-boost|p1a: \ud83c\udf3a\ud83e\udeb4OPERGON\ud83e\udea8|atk|2\n|move|p2a: Clodsire|Earthquake|p1a: \ud83c\udf3a\ud83e\udeb4OPERGON\ud83e\udea8\n|-supereffective|p1a: \ud83c\udf3a\ud83e\udeb4OPERGON\ud83e\udea8\n|-damage|p1a: \ud83c\udf3a\ud83e\udeb4OPERGON\ud83e\udea8|0 fnt\n|faint|p1a: \ud83c\udf3a\ud83e\udeb4OPERGON\ud83e\udea8\n|\n|-weather|SunnyDay|[upkeep]\n|upkeep\n|\n|t:|1699363357\n|switch|p1a: \ud83c\udf8bGOGOAT\ud83c\udf33|Gogoat, M, shiny|100\/100\n|turn|6\n|\n|t:|1699363369\n|move|p1a: \ud83c\udf8bGOGOAT\ud83c\udf33|Grassy Terrain|p1a: \ud83c\udf8bGOGOAT\ud83c\udf33\n|-fieldstart|move: Grassy Terrain\n|move|p2a: Clodsire|Megahorn|p1a: \ud83c\udf8bGOGOAT\ud83c\udf33|[miss]\n|-miss|p2a: Clodsire|p1a: \ud83c\udf8bGOGOAT\ud83c\udf33\n|\n|-weather|SunnyDay|[upkeep]\n|upkeep\n|turn|7\n|\n|t:|1699363377\n|move|p1a: \ud83c\udf8bGOGOAT\ud83c\udf33|Trailblaze|p2a: Clodsire\n|-damage|p2a: Clodsire|61\/100\n|-boost|p1a: \ud83c\udf8bGOGOAT\ud83c\udf33|spe|1\n|move|p2a: Clodsire|Megahorn|p1a: \ud83c\udf8bGOGOAT\ud83c\udf33|[miss]\n|-miss|p2a: Clodsire|p1a: \ud83c\udf8bGOGOAT\ud83c\udf33\n|\n|-weather|SunnyDay|[upkeep]\n|-heal|p2a: Clodsire|67\/100|[from] Grassy Terrain\n|upkeep\n|turn|8\n|\n|t:|1699363394\n|move|p1a: \ud83c\udf8bGOGOAT\ud83c\udf33|Trailblaze|p2a: Clodsire\n|-damage|p2a: Clodsire|27\/100\n|-boost|p1a: \ud83c\udf8bGOGOAT\ud83c\udf33|spe|1\n|move|p2a: Clodsire|Megahorn|p1a: \ud83c\udf8bGOGOAT\ud83c\udf33\n|-supereffective|p1a: \ud83c\udf8bGOGOAT\ud83c\udf33\n|-damage|p1a: \ud83c\udf8bGOGOAT\ud83c\udf33|66\/100\n|\n|-weather|none\n|-heal|p1a: \ud83c\udf8bGOGOAT\ud83c\udf33|72\/100|[from] Grassy Terrain\n|-heal|p2a: Clodsire|34\/100|[from] Grassy Terrain\n|upkeep\n|turn|9\n|\n|t:|1699363407\n|switch|p2a: Marshadow|Marshadow|100\/100\n|move|p1a: \ud83c\udf8bGOGOAT\ud83c\udf33|Horn Leech|p2a: Marshadow\n|-damage|p2a: Marshadow|52\/100\n|-heal|p1a: \ud83c\udf8bGOGOAT\ud83c\udf33|92\/100|[from] drain|[of] p2a: Marshadow\n|\n|-heal|p1a: \ud83c\udf8bGOGOAT\ud83c\udf33|99\/100|[from] Grassy Terrain\n|-heal|p2a: Marshadow|58\/100|[from] Grassy Terrain\n|upkeep\n|turn|10\n|\n|t:|1699363420\n|move|p1a: \ud83c\udf8bGOGOAT\ud83c\udf33|Leaf Blade|p2a: Marshadow\n|-crit|p2a: Marshadow\n|-damage|p2a: Marshadow|0 fnt\n|faint|p2a: Marshadow\n|\n|-heal|p1a: \ud83c\udf8bGOGOAT\ud83c\udf33|100\/100|[from] Grassy Terrain\n|upkeep\n|\n|t:|1699363423\n|switch|p2a: Eelektross|Eelektross, F|100\/100\n|turn|11\n|\n|t:|1699363433\n|move|p1a: \ud83c\udf8bGOGOAT\ud83c\udf33|Leaf Blade|p2a: Eelektross\n|-damage|p2a: Eelektross|22\/100\n|-damage|p1a: \ud83c\udf8bGOGOAT\ud83c\udf33|84\/100|[from] item: Rocky Helmet|[of] p2a: Eelektross\n|move|p2a: Eelektross|Body Slam|p1a: \ud83c\udf8bGOGOAT\ud83c\udf33\n|-damage|p1a: \ud83c\udf8bGOGOAT\ud83c\udf33|69\/100\n|\n|-heal|p1a: \ud83c\udf8bGOGOAT\ud83c\udf33|75\/100|[from] Grassy Terrain\n|upkeep\n|turn|12\n|\n|t:|1699363447\n|move|p1a: \ud83c\udf8bGOGOAT\ud83c\udf33|Trailblaze|p2a: Eelektross\n|-damage|p2a: Eelektross|0 fnt\n|-boost|p1a: \ud83c\udf8bGOGOAT\ud83c\udf33|spe|1\n|-damage|p1a: \ud83c\udf8bGOGOAT\ud83c\udf33|59\/100|[from] item: Rocky Helmet|[of] p2a: Eelektross\n|faint|p2a: Eelektross\n|\n|-heal|p1a: \ud83c\udf8bGOGOAT\ud83c\udf33|65\/100|[from] Grassy Terrain\n|upkeep\n|\n|t:|1699363451\n|switch|p2a: Clodsire|Clodsire, M|34\/100\n|turn|13\n|\n|t:|1699363464\n|move|p1a: \ud83c\udf8bGOGOAT\ud83c\udf33|Horn Leech|p2a: Clodsire\n|-damage|p2a: Clodsire|0 fnt\n|-heal|p1a: \ud83c\udf8bGOGOAT\ud83c\udf33|82\/100|[from] drain|[of] p2a: Clodsire\n|faint|p2a: Clodsire\n|\n|-heal|p1a: \ud83c\udf8bGOGOAT\ud83c\udf33|88\/100|[from] Grassy Terrain\n|-fieldend|move: Grassy Terrain\n|upkeep\n|\n|t:|1699363466\n|switch|p2a: Azelf|Azelf|100\/100\n|turn|14\n|\n|t:|1699363475\n|move|p1a: \ud83c\udf8bGOGOAT\ud83c\udf33|Grassy Terrain|p1a: \ud83c\udf8bGOGOAT\ud83c\udf33\n|-fieldstart|move: Grassy Terrain\n|move|p2a: Azelf|Flamethrower|p1a: \ud83c\udf8bGOGOAT\ud83c\udf33\n|-supereffective|p1a: \ud83c\udf8bGOGOAT\ud83c\udf33\n|-damage|p1a: \ud83c\udf8bGOGOAT\ud83c\udf33|38\/100\n|-status|p1a: \ud83c\udf8bGOGOAT\ud83c\udf33|brn\n|\n|-heal|p1a: \ud83c\udf8bGOGOAT\ud83c\udf33|44\/100 brn|[from] Grassy Terrain\n|-damage|p1a: \ud83c\udf8bGOGOAT\ud83c\udf33|38\/100 brn|[from] brn\n|upkeep\n|turn|15\n|\n|t:|1699363493\n|move|p1a: \ud83c\udf8bGOGOAT\ud83c\udf33|Horn Leech|p2a: Azelf\n|-damage|p2a: Azelf|71\/100\n|-heal|p1a: \ud83c\udf8bGOGOAT\ud83c\udf33|49\/100 brn|[from] drain|[of] p2a: Azelf\n|move|p2a: Azelf|Drain Punch|p1a: \ud83c\udf8bGOGOAT\ud83c\udf33\n|-damage|p1a: \ud83c\udf8bGOGOAT\ud83c\udf33|34\/100 brn\n|-heal|p2a: Azelf|81\/100|[from] drain|[of] p1a: \ud83c\udf8bGOGOAT\ud83c\udf33\n|\n|-heal|p1a: \ud83c\udf8bGOGOAT\ud83c\udf33|40\/100 brn|[from] Grassy Terrain\n|-damage|p1a: \ud83c\udf8bGOGOAT\ud83c\udf33|34\/100 brn|[from] brn\n|upkeep\n|turn|16\n|\n|t:|1699363510\n|move|p1a: \ud83c\udf8bGOGOAT\ud83c\udf33|Leaf Blade|p2a: Azelf\n|-damage|p2a: Azelf|49\/100\n|move|p2a: Azelf|Flamethrower|p1a: \ud83c\udf8bGOGOAT\ud83c\udf33\n|-supereffective|p1a: \ud83c\udf8bGOGOAT\ud83c\udf33\n|-damage|p1a: \ud83c\udf8bGOGOAT\ud83c\udf33|0 fnt\n|faint|p1a: \ud83c\udf8bGOGOAT\ud83c\udf33\n|\n|upkeep\n|inactive|FLOWER-M0DE\u267b\ufe0f has 120 seconds left.\n|\n|t:|1699363539\n|switch|p1a: \ud83c\udf4eFRAPPLE\ud83c\udf4f|Flapple, M, shiny|100\/100\n|turn|17\n|\n|t:|1699363551\n|move|p2a: Azelf|Dazzling Gleam|p1a: \ud83c\udf4eFRAPPLE\ud83c\udf4f\n|-supereffective|p1a: \ud83c\udf4eFRAPPLE\ud83c\udf4f\n|-damage|p1a: \ud83c\udf4eFRAPPLE\ud83c\udf4f|13\/100\n|-activate|p1a: \ud83c\udf4eFRAPPLE\ud83c\udf4f|ability: Ripen\n|-enditem|p1a: \ud83c\udf4eFRAPPLE\ud83c\udf4f|Liechi Berry|[eat]\n|-boost|p1a: \ud83c\udf4eFRAPPLE\ud83c\udf4f|atk|2|[from] item: Liechi Berry\n|move|p1a: \ud83c\udf4eFRAPPLE\ud83c\udf4f|Trailblaze|p2a: Azelf\n|-damage|p2a: Azelf|0 fnt\n|-boost|p1a: \ud83c\udf4eFRAPPLE\ud83c\udf4f|spe|1\n|faint|p2a: Azelf\n|\n|-heal|p1a: \ud83c\udf4eFRAPPLE\ud83c\udf4f|19\/100|[from] Grassy Terrain\n|upkeep\n|\n|t:|1699363555\n|switch|p2a: Deoxys|Deoxys-Speed, shiny|100\/100\n|-ability|p2a: Deoxys|Pressure\n|turn|18\n|inactive|FLOWER-M0DE\u267b\ufe0f has 120 seconds left.\n|\n|t:|1699363570\n|move|p2a: Deoxys|Drain Punch|p1a: \ud83c\udf4eFRAPPLE\ud83c\udf4f\n|-damage|p1a: \ud83c\udf4eFRAPPLE\ud83c\udf4f|0 fnt\n|faint|p1a: \ud83c\udf4eFRAPPLE\ud83c\udf4f\n|\n|upkeep\n|\n|t:|1699363575\n|switch|p1a: \ud83c\udf31\ud83c\udf3fSIMISAGE\ud83c\udf3f\ud83c\udf43|Simisage, M, shiny|100\/100\n|turn|19\n|inactive|FLOWER-M0DE\u267b\ufe0f has 120 seconds left.\n|\n|t:|1699363586\n|move|p2a: Deoxys|Ice Punch|p1a: \ud83c\udf31\ud83c\udf3fSIMISAGE\ud83c\udf3f\ud83c\udf43\n|-supereffective|p1a: \ud83c\udf31\ud83c\udf3fSIMISAGE\ud83c\udf3f\ud83c\udf43\n|-damage|p1a: \ud83c\udf31\ud83c\udf3fSIMISAGE\ud83c\udf3f\ud83c\udf43|42\/100\n|-zpower|p1a: \ud83c\udf31\ud83c\udf3fSIMISAGE\ud83c\udf3f\ud83c\udf43\n|move|p1a: \ud83c\udf31\ud83c\udf3fSIMISAGE\ud83c\udf3f\ud83c\udf43|Bloom Doom|p2a: Deoxys|[zeffect]\n|-damage|p2a: Deoxys|0 fnt\n|faint|p2a: Deoxys\n|\n|win|FLOWER-M0DE\u267b\ufe0f\n|raw|FLOWER-M0DE\u267b\ufe0f's rating: 1068 &rarr; <strong>1098<\/strong><br \/>(+30 for winning)\n|raw|esgnyhifrrhyhio's rating: 1070 &rarr; <strong>1049<\/strong><br \/>(-21 for losing)\n","uploadtime":1699363616,"views":4,"p1id":"flowerm0de","p2id":"esgnyhifrrhyhio","formatid":"gen9nationaldexubers","rating":1049,"private":0,"password":""}