{"id":"gen9nationaldexubers-1998288153","p1":"McAisle","p2":"krich2nd","format":"[Gen 9] National Dex Ubers","log":"|j|\u2606McAisle\n|j|\u2606krich2nd\n|t:|1700925070\n|gametype|singles\n|player|p1|McAisle|101|\n|player|p2|krich2nd|raihan|\n|teamsize|p1|6\n|teamsize|p2|6\n|gen|9\n|tier|[Gen 9] National Dex Ubers\n|rule|HP Percentage Mod: HP is shown in percentages\n|rule|Endless Battle Clause: Forcing endless battles is banned\n|rule|OHKO Clause: OHKO moves are banned\n|rule|Evasion Moves Clause: Evasion moves are banned\n|rule|Evasion Items Clause: Evasion items are banned\n|rule|Species Clause: Limit one of each Pok\u00e9mon\n|rule|Sleep Clause Mod: Limit one foe put to sleep\n|rule|Mega Rayquaza Clause: You cannot mega evolve Rayquaza\n|clearpoke\n|poke|p1|Lopunny, M|\n|poke|p1|Excadrill, M|\n|poke|p1|Rotom-Wash|\n|poke|p1|Kadabra, F|\n|poke|p1|Meowscarada, F|\n|poke|p1|Sandaconda, F|\n|poke|p2|Diancie|\n|poke|p2|Suicune|\n|poke|p2|Porygon2|\n|poke|p2|Terrakion|\n|poke|p2|Gliscor, M|\n|poke|p2|Iron Moth|\n|teampreview\n|inactive|Battle timer is ON: inactive players will automatically lose when time's up. (requested by krich2nd)\n|\n|t:|1700925084\n|start\n|switch|p1a: Meowscarada|Meowscarada, F|100\/100\n|switch|p2a: Suicune|Suicune, shiny|100\/100\n|-ability|p2a: Suicune|Pressure\n|turn|1\n|\n|t:|1700925096\n|-terastallize|p2a: Suicune|Grass\n|move|p1a: Meowscarada|Knock Off|p2a: Suicune\n|-start|p1a: Meowscarada|typechange|Dark|[from] ability: Protean\n|-damage|p2a: Suicune|57\/100\n|-enditem|p2a: Suicune|Chesto Berry|[from] move: Knock Off|[of] p1a: Meowscarada\n|move|p2a: Suicune|Calm Mind|p2a: Suicune\n|-boost|p2a: Suicune|spa|1\n|-boost|p2a: Suicune|spd|1\n|\n|upkeep\n|turn|2\n|\n|t:|1700925126\n|switch|p1a: Lopunny|Lopunny, M|100\/100\n|move|p2a: Suicune|Calm Mind|p2a: Suicune\n|-boost|p2a: Suicune|spa|1\n|-boost|p2a: Suicune|spd|1\n|\n|upkeep\n|turn|3\n|\n|t:|1700925151\n|detailschange|p1a: Lopunny|Lopunny-Mega, M\n|-mega|p1a: Lopunny|Lopunny|Lopunnite\n|move|p1a: Lopunny|Fake Out|p2a: Suicune\n|-damage|p2a: Suicune|46\/100\n|cant|p2a: Suicune|flinch\n|\n|upkeep\n|turn|4\n|\n|t:|1700925167\n|move|p1a: Lopunny|Triple Axel|p2a: Suicune\n|-supereffective|p2a: Suicune\n|-crit|p2a: Suicune\n|-damage|p2a: Suicune|32\/100\n|-supereffective|p2a: Suicune\n|-damage|p2a: Suicune|15\/100\n|-supereffective|p2a: Suicune\n|-damage|p2a: Suicune|0 fnt\n|faint|p2a: Suicune\n|-hitcount|p2: Suicune|3\n|\n|upkeep\n|inactive|krich2nd has 270 seconds left.\n|\n|t:|1700925183\n|switch|p2a: Iron Moth|Iron Moth|100\/100\n|-enditem|p2a: Iron Moth|Booster Energy\n|-activate|p2a: Iron Moth|ability: Quark Drive|[fromitem]\n|-start|p2a: Iron Moth|quarkdrivespa\n|turn|5\n|inactive|krich2nd has 270 seconds left.\n|\n|t:|1700925199\n|move|p1a: Lopunny|Frustration|p2a: Iron Moth\n|-damage|p2a: Iron Moth|10\/100\n|move|p2a: Iron Moth|Fiery Dance|p1a: Lopunny\n|-damage|p1a: Lopunny|21\/100\n|\n|upkeep\n|turn|6\n|\n|t:|1700925207\n|move|p1a: Lopunny|Frustration|p2a: Iron Moth\n|-damage|p2a: Iron Moth|0 fnt\n|faint|p2a: Iron Moth\n|-end|p2a: Iron Moth|Quark Drive|[silent]\n|\n|upkeep\n|inactive|krich2nd has 270 seconds left.\n|\n|t:|1700925217\n|switch|p2a: Gliscor|Gliscor, M, shiny|100\/100\n|turn|7\n|\n|t:|1700925229\n|move|p2a: Gliscor|Protect|p2a: Gliscor\n|-singleturn|p2a: Gliscor|Protect\n|move|p1a: Lopunny|Triple Axel|p2a: Gliscor\n|-activate|p2a: Gliscor|move: Protect\n|\n|-status|p2a: Gliscor|tox|[from] item: Toxic Orb\n|upkeep\n|turn|8\n|\n|t:|1700925246\n|move|p1a: Lopunny|Triple Axel|p2a: Gliscor\n|-supereffective|p2a: Gliscor\n|-damage|p2a: Gliscor|82\/100 tox\n|-supereffective|p2a: Gliscor\n|-damage|p2a: Gliscor|46\/100 tox\n|-supereffective|p2a: Gliscor\n|-damage|p2a: Gliscor|0 fnt\n|faint|p2a: Gliscor\n|-hitcount|p2: Gliscor|3\n|\n|upkeep\n|\n|t:|1700925255\n|switch|p2a: Diancie|Diancie, shiny|100\/100\n|turn|9\n|\n|t:|1700925269\n|switch|p1a: Meowscarada|Meowscarada, F|100\/100\n|detailschange|p2a: Diancie|Diancie-Mega, shiny\n|-mega|p2a: Diancie|Diancie|Diancite\n|move|p2a: Diancie|Moonblast|p1a: Meowscarada\n|-supereffective|p1a: Meowscarada\n|-crit|p1a: Meowscarada\n|-damage|p1a: Meowscarada|0 fnt\n|faint|p1a: Meowscarada\n|\n|upkeep\n|inactive|McAisle has 270 seconds left.\n|\n|t:|1700925296\n|switch|p1a: Sandaconda|Sandaconda, F|100\/100\n|turn|10\n|\n|t:|1700925306\n|move|p2a: Diancie|Hidden Power|p1a: Sandaconda\n|-supereffective|p1a: Sandaconda\n|-damage|p1a: Sandaconda|59\/100\n|-weather|Sandstorm|[from] ability: Sand Spit|[of] p1a: Sandaconda\n|move|p1a: Sandaconda|Earthquake|p2a: Diancie\n|-supereffective|p2a: Diancie\n|-damage|p2a: Diancie|0 fnt\n|faint|p2a: Diancie\n|\n|-weather|Sandstorm|[upkeep]\n|-heal|p1a: Sandaconda|65\/100|[from] item: Leftovers\n|upkeep\n|l|\u2606McAisle\n|inactive|McAisle disconnected and has 300 seconds to reconnect!\n|player|p1|\n|\n|t:|1700925317\n|switch|p2a: Porygon2|Porygon2, shiny|100\/100\n|turn|11\n|j|\u2606McAisle\n|inactive|McAisle reconnected and has 290 seconds left.\n|player|p1|McAisle|101\n|\n|t:|1700925357\n|move|p1a: Sandaconda|Glare|p2a: Porygon2\n|-status|p2a: Porygon2|par\n|move|p2a: Porygon2|Toxic|p1a: Sandaconda\n|-status|p1a: Sandaconda|tox\n|\n|-weather|Sandstorm|[upkeep]\n|-damage|p2a: Porygon2|94\/100 par|[from] Sandstorm\n|-heal|p1a: Sandaconda|71\/100 tox|[from] item: Leftovers\n|-damage|p1a: Sandaconda|65\/100 tox|[from] psn\n|upkeep\n|turn|12\n|\n|t:|1700925376\n|move|p1a: Sandaconda|Earthquake|p2a: Porygon2\n|-damage|p2a: Porygon2|69\/100 par\n|move|p2a: Porygon2|Ice Beam|p1a: Sandaconda\n|-supereffective|p1a: Sandaconda\n|-damage|p1a: Sandaconda|19\/100 tox\n|\n|-weather|Sandstorm|[upkeep]\n|-damage|p2a: Porygon2|63\/100 par|[from] Sandstorm\n|-heal|p1a: Sandaconda|25\/100 tox|[from] item: Leftovers\n|-damage|p1a: Sandaconda|13\/100 tox|[from] psn\n|upkeep\n|turn|13\n|\n|t:|1700925387\n|move|p1a: Sandaconda|Body Press|p2a: Porygon2\n|-supereffective|p2a: Porygon2\n|-damage|p2a: Porygon2|33\/100 par\n|move|p2a: Porygon2|Recover|p2a: Porygon2\n|-heal|p2a: Porygon2|83\/100 par\n|\n|-weather|Sandstorm|[upkeep]\n|-damage|p2a: Porygon2|76\/100 par|[from] Sandstorm\n|-heal|p1a: Sandaconda|19\/100 tox|[from] item: Leftovers\n|-damage|p1a: Sandaconda|1\/100 tox|[from] psn\n|upkeep\n|turn|14\n|\n|t:|1700925400\n|move|p1a: Sandaconda|Body Press|p2a: Porygon2\n|-supereffective|p2a: Porygon2\n|-damage|p2a: Porygon2|46\/100 par\n|move|p2a: Porygon2|Recover|p2a: Porygon2\n|-heal|p2a: Porygon2|96\/100 par\n|\n|-weather|none\n|-heal|p1a: Sandaconda|7\/100 tox|[from] item: Leftovers\n|-damage|p1a: Sandaconda|0 fnt|[from] psn\n|faint|p1a: Sandaconda\n|upkeep\n|\n|t:|1700925414\n|switch|p1a: Lopunny|Lopunny-Mega, M|21\/100\n|turn|15\n|\n|t:|1700925418\n|move|p1a: Lopunny|Fake Out|p2a: Porygon2\n|-damage|p2a: Porygon2|82\/100 par\n|cant|p2a: Porygon2|flinch\n|\n|upkeep\n|turn|16\n|\n|t:|1700925423\n|move|p1a: Lopunny|Close Combat|p2a: Porygon2\n|-supereffective|p2a: Porygon2\n|-damage|p2a: Porygon2|0 fnt\n|-unboost|p1a: Lopunny|def|1\n|-unboost|p1a: Lopunny|spd|1\n|faint|p2a: Porygon2\n|\n|upkeep\n|\n|t:|1700925429\n|switch|p2a: Terrakion|Terrakion, shiny|100\/100\n|turn|17\n|\n|t:|1700925438\n|move|p1a: Lopunny|Close Combat|p2a: Terrakion\n|-supereffective|p2a: Terrakion\n|-damage|p2a: Terrakion|0 fnt\n|-unboost|p1a: Lopunny|def|1\n|-unboost|p1a: Lopunny|spd|1\n|faint|p2a: Terrakion\n|\n|win|McAisle\n","uploadtime":1700925446,"views":10,"p1id":"mcaisle","p2id":"krich2nd","formatid":"gen9nationaldexubers","rating":0,"private":0,"password":""}