{"id":"gen9nationaldexubers-1998814936","p1":"Kyrooon","p2":"getsweeped11","format":"[Gen 9] National Dex Ubers","log":"|j|\u2606Kyrooon\n|j|\u2606getsweeped11\n|t:|1700996457\n|gametype|singles\n|player|p1|Kyrooon|red|1064\n|player|p2|getsweeped11|lucas|1132\n|teamsize|p1|6\n|teamsize|p2|6\n|gen|9\n|tier|[Gen 9] National Dex Ubers\n|rated|\n|rule|HP Percentage Mod: HP is shown in percentages\n|rule|Endless Battle Clause: Forcing endless battles is banned\n|rule|OHKO Clause: OHKO moves are banned\n|rule|Evasion Moves Clause: Evasion moves are banned\n|rule|Evasion Items Clause: Evasion items are banned\n|rule|Species Clause: Limit one of each Pok\u00e9mon\n|rule|Sleep Clause Mod: Limit one foe put to sleep\n|rule|Mega Rayquaza Clause: You cannot mega evolve Rayquaza\n|clearpoke\n|poke|p1|Torkoal, F|\n|poke|p1|Cinderace, M|\n|poke|p1|Volcarona, F|\n|poke|p1|Great Tusk|\n|poke|p1|Flutter Mane|\n|poke|p1|Charizard, M|\n|poke|p2|Leavanny, M|\n|poke|p2|Gengar, F|\n|poke|p2|Sceptile, M|\n|poke|p2|Registeel|\n|poke|p2|Tapu Bulu|\n|poke|p2|Samurott-Hisui, M|\n|teampreview\n|\n|t:|1700996475\n|start\n|switch|p1a: Cinderace|Cinderace, M|100\/100\n|switch|p2a: Leavanny|Leavanny, M|100\/100\n|turn|1\n|\n|t:|1700996484\n|move|p1a: Cinderace|Pyro Ball|p2a: Leavanny\n|-supereffective|p2a: Leavanny\n|-enditem|p2a: Leavanny|Focus Sash\n|-damage|p2a: Leavanny|1\/100\n|-damage|p1a: Cinderace|91\/100|[from] item: Life Orb\n|move|p2a: Leavanny|Sticky Web|p1a: Cinderace\n|-sidestart|p1: Kyrooon|move: Sticky Web\n|\n|upkeep\n|turn|2\n|\n|t:|1700996492\n|switch|p2a: Samurott|Samurott-Hisui, M, shiny|100\/100\n|move|p1a: Cinderace|Sucker Punch||[still]\n|-fail|p1a: Cinderace\n|\n|upkeep\n|turn|3\n|\n|t:|1700996500\n|move|p1a: Cinderace|U-turn|p2a: Samurott\n|-start|p1a: Cinderace|typechange|Bug|[from] ability: Libero\n|-supereffective|p2a: Samurott\n|-damage|p2a: Samurott|0 fnt\n|faint|p2a: Samurott\n|-damage|p1a: Cinderace|81\/100|[from] item: Life Orb\n|\n|t:|1700996507\n|switch|p1a: Volcarona|Volcarona, F|100\/100|[from] U-turn\n|\n|upkeep\n|\n|t:|1700996531\n|switch|p2a: Registeel|Registeel|100\/100\n|turn|4\n|\n|t:|1700996534\n|move|p1a: Volcarona|Quiver Dance|p1a: Volcarona\n|-boost|p1a: Volcarona|spa|1\n|-boost|p1a: Volcarona|spd|1\n|-boost|p1a: Volcarona|spe|1\n|move|p2a: Registeel|Thunder Wave|p1a: Volcarona\n|-status|p1a: Volcarona|par\n|\n|upkeep\n|turn|5\n|\n|t:|1700996542\n|move|p1a: Volcarona|Quiver Dance|p1a: Volcarona\n|-boost|p1a: Volcarona|spa|1\n|-boost|p1a: Volcarona|spd|1\n|-boost|p1a: Volcarona|spe|1\n|move|p2a: Registeel|Charge Beam|p1a: Volcarona\n|-damage|p1a: Volcarona|93\/100 par\n|-boost|p2a: Registeel|spa|1\n|\n|upkeep\n|turn|6\n|\n|t:|1700996552\n|cant|p1a: Volcarona|par\n|move|p2a: Registeel|Charge Beam|p1a: Volcarona\n|-damage|p1a: Volcarona|84\/100 par\n|-boost|p2a: Registeel|spa|1\n|\n|upkeep\n|turn|7\n|\n|t:|1700996559\n|move|p1a: Volcarona|Flamethrower|p2a: Registeel\n|-supereffective|p2a: Registeel\n|-damage|p2a: Registeel|0 fnt\n|faint|p2a: Registeel\n|\n|upkeep\n|\n|t:|1700996563\n|switch|p2a: Leavanny|Leavanny, M|1\/100\n|turn|8\n|\n|t:|1700996568\n|move|p2a: Leavanny|Knock Off|p1a: Volcarona\n|-damage|p1a: Volcarona|37\/100 par\n|-status|p2a: Leavanny|brn|[from] ability: Flame Body|[of] p1a: Volcarona\n|-enditem|p1a: Volcarona|Heavy-Duty Boots|[from] move: Knock Off|[of] p2a: Leavanny\n|cant|p1a: Volcarona|par\n|\n|-damage|p2a: Leavanny|0 fnt|[from] brn\n|faint|p2a: Leavanny\n|upkeep\n|\n|t:|1700996582\n|switch|p2a: Tapu Bulu|Tapu Bulu|100\/100\n|-fieldstart|move: Grassy Terrain|[from] ability: Grassy Surge|[of] p2a: Tapu Bulu\n|turn|9\n|\n|t:|1700996593\n|-terastallize|p2a: Tapu Bulu|Grass\n|move|p1a: Volcarona|Flamethrower|p2a: Tapu Bulu\n|-supereffective|p2a: Tapu Bulu\n|-damage|p2a: Tapu Bulu|0 fnt\n|faint|p2a: Tapu Bulu\n|\n|-heal|p1a: Volcarona|44\/100 par|[from] Grassy Terrain\n|upkeep\n|\n|t:|1700996598\n|switch|p2a: Gengar|Gengar, F|100\/100\n|-item|p2a: Gengar|Air Balloon\n|turn|10\n|\n|t:|1700996605\n|move|p2a: Gengar|Shadow Ball|p1a: Volcarona\n|-damage|p1a: Volcarona|20\/100 par\n|move|p1a: Volcarona|Quiver Dance|p1a: Volcarona\n|-boost|p1a: Volcarona|spa|1\n|-boost|p1a: Volcarona|spd|1\n|-boost|p1a: Volcarona|spe|1\n|\n|-heal|p1a: Volcarona|26\/100 par|[from] Grassy Terrain\n|upkeep\n|turn|11\n|\n|t:|1700996620\n|-terastallize|p1a: Volcarona|Grass\n|move|p1a: Volcarona|Tera Blast|p2a: Gengar|[anim] Tera Blast Grass\n|-resisted|p2a: Gengar\n|-damage|p2a: Gengar|0 fnt\n|-enditem|p2a: Gengar|Air Balloon\n|faint|p2a: Gengar\n|\n|-heal|p1a: Volcarona|32\/100 par|[from] Grassy Terrain\n|upkeep\n|\n|t:|1700996627\n|switch|p2a: Sceptile|Sceptile, M|100\/100\n|turn|12\n|c|\u2606getsweeped11|bs\n|\n|t:|1700996633\n|detailschange|p2a: Sceptile|Sceptile-Mega, M\n|-mega|p2a: Sceptile|Sceptile|Sceptilite\n|move|p2a: Sceptile|Dragon Pulse|p1a: Volcarona\n|-damage|p1a: Volcarona|13\/100 par\n|move|p1a: Volcarona|Flamethrower|p2a: Sceptile\n|-damage|p2a: Sceptile|0 fnt\n|faint|p2a: Sceptile\n|\n|win|Kyrooon\n|raw|Kyrooon's rating: 1064 &rarr; <strong>1100<\/strong><br \/>(+36 for winning)\n|raw|getsweeped11's rating: 1132 &rarr; <strong>1102<\/strong><br \/>(-30 for losing)\n|l|\u2606getsweeped11\n","uploadtime":1700996663,"views":2,"p1id":"kyrooon","p2id":"getsweeped11","formatid":"gen9nationaldexubers","rating":1100,"private":0,"password":""}