{"id":"gen9nationaldexubers-1988759067","p1":"He898","p2":"xikeso","format":"[Gen 9] National Dex Ubers","log":"|j|\u2606He898\n|j|\u2606xikeso\n|t:|1699759458\n|gametype|singles\n|player|p1|He898|ash|1422\n|player|p2|xikeso|iono|1492\n|teamsize|p1|6\n|teamsize|p2|6\n|gen|9\n|tier|[Gen 9] National Dex Ubers\n|rated|\n|rule|HP Percentage Mod: HP is shown in percentages\n|rule|Endless Battle Clause: Forcing endless battles is banned\n|rule|OHKO Clause: OHKO moves are banned\n|rule|Evasion Moves Clause: Evasion moves are banned\n|rule|Evasion Items Clause: Evasion items are banned\n|rule|Species Clause: Limit one of each Pok\u00e9mon\n|rule|Sleep Clause Mod: Limit one foe put to sleep\n|rule|Mega Rayquaza Clause: You cannot mega evolve Rayquaza\n|clearpoke\n|poke|p1|Melmetal|\n|poke|p1|Espathra, M|\n|poke|p1|Chi-Yu|\n|poke|p1|Eternatus|\n|poke|p1|Lugia|\n|poke|p1|Kyurem-Black|\n|poke|p2|Ribombee, M|\n|poke|p2|Gholdengo|\n|poke|p2|Skeledirge, F|\n|poke|p2|Kyogre|\n|poke|p2|Darkrai|\n|poke|p2|Darmanitan-Galar, M|\n|teampreview\n|inactive|Battle timer is ON: inactive players will automatically lose when time's up. (requested by xikeso)\n|\n|t:|1699759482\n|start\n|switch|p1a: Melmetal|Melmetal|100\/100\n|switch|p2a: Ribombee|Ribombee, M|100\/100\n|turn|1\n|\n|t:|1699759494\n|move|p2a: Ribombee|Sticky Web|p1a: Melmetal\n|-sidestart|p1: He898|move: Sticky Web\n|move|p1a: Melmetal|Double Iron Bash|p2a: Ribombee\n|-supereffective|p2a: Ribombee\n|-enditem|p2a: Ribombee|Focus Sash\n|-damage|p2a: Ribombee|1\/100\n|-supereffective|p2a: Ribombee\n|-damage|p2a: Ribombee|0 fnt\n|faint|p2a: Ribombee\n|-hitcount|p2: Ribombee|2\n|\n|upkeep\n|inactive|xikeso has 120 seconds left.\n|\n|t:|1699759520\n|switch|p2a: Kyogre|Kyogre, shiny|100\/100\n|detailschange|p2a: Kyogre|Kyogre-Primal, shiny\n|-primal|p2a: Kyogre|Blue Orb\n|-weather|PrimordialSea|[from] ability: Primordial Sea|[of] p2a: Kyogre\n|turn|2\n|\n|t:|1699759530\n|move|p2a: Kyogre|Water Spout|p1a: Melmetal\n|-damage|p1a: Melmetal|0 fnt\n|faint|p1a: Melmetal\n|\n|-weather|PrimordialSea|[upkeep]\n|upkeep\n|\n|t:|1699759534\n|switch|p1a: Lugia|Lugia|100\/100\n|turn|3\n|\n|t:|1699759543\n|move|p1a: Lugia|Defog|p2a: Kyogre\n|-unboost|p2a: Kyogre|evasion|1\n|-sideend|p1: He898|Sticky Web|[from] move: Defog|[of] p1a: Lugia\n|move|p2a: Kyogre|Thunder|p1a: Lugia\n|-supereffective|p1a: Lugia\n|-damage|p1a: Lugia|72\/100\n|-status|p1a: Lugia|par\n|\n|-weather|PrimordialSea|[upkeep]\n|-heal|p1a: Lugia|79\/100 par|[from] item: Leftovers\n|upkeep\n|turn|4\n|\n|t:|1699759554\n|move|p2a: Kyogre|Water Spout|p1a: Lugia\n|-crit|p1a: Lugia\n|-damage|p1a: Lugia|0 fnt\n|faint|p1a: Lugia\n|\n|-weather|PrimordialSea|[upkeep]\n|upkeep\n|\n|t:|1699759564\n|switch|p1a: Kyurem|Kyurem-Black|100\/100\n|-ability|p1a: Kyurem|Teravolt\n|turn|5\n|\n|t:|1699759574\n|-weather|none\n|switch|p2a: Skeledirge|Skeledirge, F|100\/100\n|move|p1a: Kyurem|Dragon Dance|p1a: Kyurem\n|-boost|p1a: Kyurem|atk|1\n|-boost|p1a: Kyurem|spe|1\n|\n|upkeep\n|turn|6\n|\n|t:|1699759583\n|switch|p1a: Chi-Yu|Chi-Yu|100\/100\n|-ability|p1a: Chi-Yu|Beads of Ruin\n|move|p2a: Skeledirge|Will-O-Wisp|p1a: Chi-Yu\n|-immune|p1a: Chi-Yu\n|\n|upkeep\n|turn|7\n|\n|t:|1699759595\n|switch|p2a: Darkrai|Darkrai|100\/100\n|move|p1a: Chi-Yu|Dark Pulse|p2a: Darkrai\n|-resisted|p2a: Darkrai\n|-damage|p2a: Darkrai|61\/100\n|\n|upkeep\n|turn|8\n|\n|t:|1699759608\n|switch|p1a: Espathra|Espathra, M|100\/100\n|move|p2a: Darkrai|Hypnosis|p1a: Espathra|[miss]\n|-miss|p2a: Darkrai|p1a: Espathra\n|\n|upkeep\n|turn|9\n|\n|t:|1699759618\n|move|p1a: Espathra|Protect|p1a: Espathra\n|-singleturn|p1a: Espathra|Protect\n|move|p2a: Darkrai|Hypnosis|p1a: Espathra\n|-activate|p1a: Espathra|move: Protect\n|\n|-ability|p1a: Espathra|Speed Boost|boost\n|-boost|p1a: Espathra|spe|1\n|upkeep\n|turn|10\n|\n|t:|1699759624\n|move|p1a: Espathra|Dazzling Gleam|p2a: Darkrai\n|-supereffective|p2a: Darkrai\n|-damage|p2a: Darkrai|0 fnt\n|faint|p2a: Darkrai\n|\n|-ability|p1a: Espathra|Speed Boost|boost\n|-boost|p1a: Espathra|spe|1\n|upkeep\n|\n|t:|1699759630\n|switch|p2a: Gholdengo|Gholdengo|100\/100\n|turn|11\n|\n|t:|1699759637\n|move|p1a: Espathra|Calm Mind|p1a: Espathra\n|-boost|p1a: Espathra|spa|1\n|-boost|p1a: Espathra|spd|1\n|move|p2a: Gholdengo|Thunder Wave|p1a: Espathra|[miss]\n|-miss|p2a: Gholdengo|p1a: Espathra\n|\n|-ability|p1a: Espathra|Speed Boost|boost\n|-boost|p1a: Espathra|spe|1\n|upkeep\n|turn|12\n|\n|t:|1699759643\n|move|p1a: Espathra|Protect|p1a: Espathra\n|-singleturn|p1a: Espathra|Protect\n|move|p2a: Gholdengo|Nasty Plot|p2a: Gholdengo\n|-boost|p2a: Gholdengo|spa|2\n|\n|-ability|p1a: Espathra|Speed Boost|boost\n|-boost|p1a: Espathra|spe|1\n|upkeep\n|turn|13\n|\n|t:|1699759653\n|move|p1a: Espathra|Stored Power|p2a: Gholdengo\n|-resisted|p2a: Gholdengo\n|-damage|p2a: Gholdengo|54\/100\n|move|p2a: Gholdengo|Thunder Wave|p1a: Espathra\n|-status|p1a: Espathra|par\n|\n|-heal|p2a: Gholdengo|60\/100|[from] item: Leftovers\n|-ability|p1a: Espathra|Speed Boost|boost\n|-boost|p1a: Espathra|spe|1\n|upkeep\n|turn|14\n|\n|t:|1699759664\n|move|p1a: Espathra|Calm Mind|p1a: Espathra\n|-boost|p1a: Espathra|spa|1\n|-boost|p1a: Espathra|spd|1\n|move|p2a: Gholdengo|Hex|p1a: Espathra\n|-supereffective|p1a: Espathra\n|-enditem|p1a: Espathra|Focus Sash\n|-damage|p1a: Espathra|1\/100 par\n|\n|-heal|p2a: Gholdengo|66\/100|[from] item: Leftovers\n|-ability|p1a: Espathra|Speed Boost|boost\n|-boost|p1a: Espathra|spe|1\n|upkeep\n|turn|15\n|\n|t:|1699759677\n|move|p1a: Espathra|Stored Power|p2a: Gholdengo\n|-resisted|p2a: Gholdengo\n|-damage|p2a: Gholdengo|0 fnt\n|faint|p2a: Gholdengo\n|\n|upkeep\n|\n|t:|1699759688\n|switch|p2a: Skeledirge|Skeledirge, F|100\/100\n|turn|16\n|\n|t:|1699759692\n|cant|p1a: Espathra|par\n|move|p2a: Skeledirge|Torch Song|p1a: Espathra\n|-damage|p1a: Espathra|0 fnt\n|-boost|p2a: Skeledirge|spa|1\n|faint|p1a: Espathra\n|\n|upkeep\n|\n|t:|1699759695\n|switch|p1a: Chi-Yu|Chi-Yu|100\/100\n|-ability|p1a: Chi-Yu|Beads of Ruin\n|turn|17\n|\n|t:|1699759716\n|-terastallize|p2a: Skeledirge|Water\n|move|p1a: Chi-Yu|Dark Pulse|p2a: Skeledirge\n|-damage|p2a: Skeledirge|39\/100\n|move|p2a: Skeledirge|Torch Song|p1a: Chi-Yu\n|-resisted|p1a: Chi-Yu\n|-crit|p1a: Chi-Yu\n|-damage|p1a: Chi-Yu|63\/100\n|-boost|p2a: Skeledirge|spa|1\n|\n|upkeep\n|turn|18\n|\n|t:|1699759724\n|move|p1a: Chi-Yu|Dark Pulse|p2a: Skeledirge\n|-damage|p2a: Skeledirge|0 fnt\n|faint|p2a: Skeledirge\n|\n|upkeep\n|\n|t:|1699759727\n|switch|p2a: Darmanitan|Darmanitan-Galar, M|100\/100\n|turn|19\n|\n|t:|1699759740\n|move|p1a: Chi-Yu|Dark Pulse|p2a: Darmanitan\n|-damage|p2a: Darmanitan|16\/100\n|cant|p2a: Darmanitan|flinch\n|\n|upkeep\n|turn|20\n|\n|t:|1699759745\n|move|p1a: Chi-Yu|Dark Pulse|p2a: Darmanitan\n|-damage|p2a: Darmanitan|0 fnt\n|faint|p2a: Darmanitan\n|\n|upkeep\n|\n|t:|1699759747\n|switch|p2a: Kyogre|Kyogre-Primal, shiny|100\/100\n|-weather|PrimordialSea|[from] ability: Primordial Sea|[of] p2a: Kyogre\n|turn|21\n|\n|t:|1699759750\n|move|p1a: Chi-Yu|Dark Pulse|p2a: Kyogre\n|-damage|p2a: Kyogre|61\/100\n|move|p2a: Kyogre|Scald|p1a: Chi-Yu\n|-supereffective|p1a: Chi-Yu\n|-damage|p1a: Chi-Yu|0 fnt\n|faint|p1a: Chi-Yu\n|\n|-weather|PrimordialSea|[upkeep]\n|upkeep\n|\n|t:|1699759755\n|switch|p1a: Kyurem|Kyurem-Black|100\/100\n|-ability|p1a: Kyurem|Teravolt\n|turn|22\n|\n|t:|1699759761\n|move|p1a: Kyurem|Fusion Bolt|p2a: Kyogre\n|-supereffective|p2a: Kyogre\n|-damage|p2a: Kyogre|0 fnt\n|faint|p2a: Kyogre\n|-weather|none\n|\n|win|He898\n|raw|He898's rating: 1422 &rarr; <strong>1446<\/strong><br \/>(+24 for winning)\n|raw|xikeso's rating: 1492 &rarr; <strong>1468<\/strong><br \/>(-24 for losing)\n|l|\u2606He898\n","uploadtime":1699759770,"views":5,"p1id":"he898","p2id":"xikeso","formatid":"gen9nationaldexubers","rating":1446,"private":0,"password":""}