{"id":"gen9nationaldexubers-1992994008","p1":"Ravizitos","p2":"veraneio vascainaa","format":"[Gen 9] National Dex Ubers","log":"|j|\u2606Ravizitos\n|j|\u2606veraneio vascainaa\n|t:|1700253632\n|gametype|singles\n|player|p1|Ravizitos|waitress|\n|player|p2|veraneio vascainaa|pokekid|\n|teamsize|p1|6\n|teamsize|p2|6\n|gen|9\n|tier|[Gen 9] National Dex Ubers\n|rule|HP Percentage Mod: HP is shown in percentages\n|rule|Endless Battle Clause: Forcing endless battles is banned\n|rule|OHKO Clause: OHKO moves are banned\n|rule|Evasion Moves Clause: Evasion moves are banned\n|rule|Evasion Items Clause: Evasion items are banned\n|rule|Species Clause: Limit one of each Pok\u00e9mon\n|rule|Sleep Clause Mod: Limit one foe put to sleep\n|rule|Mega Rayquaza Clause: You cannot mega evolve Rayquaza\n|clearpoke\n|poke|p1|Oricorio-Pom-Pom, F|\n|poke|p1|Leavanny, F|\n|poke|p1|Mienshao, F|\n|poke|p1|Mawile, F|\n|poke|p1|Volcarona, F|\n|poke|p1|Scolipede, F|\n|poke|p2|Gardevoir, F|\n|poke|p2|Lilligant, F|\n|poke|p2|Meloetta|\n|poke|p2|Golem, F|\n|poke|p2|Ninetales, F|\n|poke|p2|Ampharos, F|\n|teampreview\n|\n|t:|1700253650\n|start\n|switch|p1a: Dona de engenho|Mienshao, F, shiny|100\/100\n|switch|p2a: Ampharos|Ampharos, F|100\/100\n|turn|1\n|\n|t:|1700253657\n|move|p1a: Dona de engenho|Fake Out|p2a: Ampharos\n|-damage|p2a: Ampharos|86\/100\n|cant|p2a: Ampharos|flinch\n|\n|upkeep\n|turn|2\n|\n|t:|1700253696\n|move|p1a: Dona de engenho|Power-Up Punch|p2a: Ampharos\n|-damage|p2a: Ampharos|65\/100\n|-boost|p1a: Dona de engenho|atk|1\n|move|p2a: Ampharos|Thunder Wave|p1a: Dona de engenho\n|-status|p1a: Dona de engenho|par\n|\n|upkeep\n|turn|3\n|\n|t:|1700253711\n|move|p2a: Ampharos|Thunder|p1a: Dona de engenho\n|-damage|p1a: Dona de engenho|33\/100 par\n|cant|p1a: Dona de engenho|par\n|\n|upkeep\n|turn|4\n|\n|t:|1700253726\n|move|p2a: Ampharos|Thunder|p1a: Dona de engenho\n|-damage|p1a: Dona de engenho|0 fnt\n|faint|p1a: Dona de engenho\n|\n|upkeep\n|\n|t:|1700253742\n|switch|p1a: Ocoisalimdameu|Scolipede, F|100\/100\n|turn|5\n|\n|t:|1700253765\n|move|p1a: Ocoisalimdameu|Toxic|p2a: Ampharos\n|-status|p2a: Ampharos|tox\n|move|p2a: Ampharos|Thunder Wave|p1a: Ocoisalimdameu\n|-status|p1a: Ocoisalimdameu|par\n|\n|-damage|p2a: Ampharos|59\/100 tox|[from] psn\n|-ability|p1a: Ocoisalimdameu|Speed Boost|boost\n|-boost|p1a: Ocoisalimdameu|spe|1\n|upkeep\n|turn|6\n|\n|t:|1700253783\n|move|p1a: Ocoisalimdameu|Sludge Bomb|p2a: Ampharos\n|-damage|p2a: Ampharos|31\/100 tox\n|move|p2a: Ampharos|Power Gem|p1a: Ocoisalimdameu\n|-supereffective|p1a: Ocoisalimdameu\n|-damage|p1a: Ocoisalimdameu|12\/100 par\n|\n|-heal|p1a: Ocoisalimdameu|18\/100 par|[from] item: Black Sludge\n|-damage|p2a: Ampharos|19\/100 tox|[from] psn\n|-ability|p1a: Ocoisalimdameu|Speed Boost|boost\n|-boost|p1a: Ocoisalimdameu|spe|1\n|upkeep\n|turn|7\n|\n|t:|1700253816\n|cant|p1a: Ocoisalimdameu|par\n|move|p2a: Ampharos|Power Gem|p1a: Ocoisalimdameu\n|-supereffective|p1a: Ocoisalimdameu\n|-damage|p1a: Ocoisalimdameu|0 fnt\n|faint|p1a: Ocoisalimdameu\n|\n|-damage|p2a: Ampharos|0 fnt|[from] psn\n|faint|p2a: Ampharos\n|upkeep\n|\n|t:|1700253831\n|switch|p1a: Louv|Leavanny, F|100\/100\n|switch|p2a: Ninetales|Ninetales, F, shiny|100\/100\n|turn|8\n|\n|t:|1700253841\n|switch|p1a: mariposa fogareu|Volcarona, F|100\/100\n|move|p2a: Ninetales|Fire Blast|p1a: mariposa fogareu\n|-damage|p1a: mariposa fogareu|65\/100\n|\n|upkeep\n|turn|9\n|\n|t:|1700253849\n|switch|p2a: Golem|Golem, F, shiny|100\/100\n|move|p1a: mariposa fogareu|Quiver Dance|p1a: mariposa fogareu\n|-boost|p1a: mariposa fogareu|spa|1\n|-boost|p1a: mariposa fogareu|spd|1\n|-boost|p1a: mariposa fogareu|spe|1\n|\n|upkeep\n|turn|10\n|\n|t:|1700253856\n|switch|p1a: Louv|Leavanny, F|100\/100\n|move|p2a: Golem|Stone Edge|p1a: Louv\n|-supereffective|p1a: Louv\n|-damage|p1a: Louv|0 fnt\n|faint|p1a: Louv\n|\n|upkeep\n|\n|t:|1700253931\n|switch|p1a: mariposa fogareu|Volcarona, F|65\/100\n|turn|11\n|\n|t:|1700253939\n|move|p1a: mariposa fogareu|Quiver Dance|p1a: mariposa fogareu\n|-boost|p1a: mariposa fogareu|spa|1\n|-boost|p1a: mariposa fogareu|spd|1\n|-boost|p1a: mariposa fogareu|spe|1\n|move|p2a: Golem|Stone Edge|p1a: mariposa fogareu|[miss]\n|-miss|p2a: Golem|p1a: mariposa fogareu\n|\n|upkeep\n|turn|12\n|\n|t:|1700253947\n|move|p1a: mariposa fogareu|Bug Buzz|p2a: Golem\n|-damage|p2a: Golem|6\/100\n|move|p2a: Golem|Stone Edge|p1a: mariposa fogareu\n|-supereffective|p1a: mariposa fogareu\n|-crit|p1a: mariposa fogareu\n|-damage|p1a: mariposa fogareu|0 fnt\n|faint|p1a: mariposa fogareu\n|\n|upkeep\n|\n|t:|1700253974\n|switch|p1a: Maawiilee|Mawile, F, shiny|100\/100\n|-ability|p1a: Maawiilee|Intimidate|boost\n|-unboost|p2a: Golem|atk|1\n|turn|13\n|\n|t:|1700253983\n|detailschange|p1a: Maawiilee|Mawile-Mega, F, shiny\n|-mega|p1a: Maawiilee|Mawile|Mawilite\n|move|p1a: Maawiilee|Play Rough|p2a: Golem\n|-damage|p2a: Golem|0 fnt\n|faint|p2a: Golem\n|\n|upkeep\n|\n|t:|1700253990\n|switch|p2a: Ninetales|Ninetales, F, shiny|100\/100\n|turn|14\n|\n|t:|1700254007\n|move|p2a: Ninetales|Fire Blast|p1a: Maawiilee\n|-supereffective|p1a: Maawiilee\n|-damage|p1a: Maawiilee|5\/100\n|move|p1a: Maawiilee|Stone Edge|p2a: Ninetales\n|-supereffective|p2a: Ninetales\n|-damage|p2a: Ninetales|0 fnt\n|faint|p2a: Ninetales\n|\n|upkeep\n|\n|t:|1700254016\n|switch|p2a: Gardevoir|Gardevoir, F, shiny|100\/100\n|turn|15\n|\n|t:|1700254021\n|detailschange|p2a: Gardevoir|Gardevoir-Mega, F, shiny\n|-mega|p2a: Gardevoir|Gardevoir|Gardevoirite\n|move|p2a: Gardevoir|Mystical Fire|p1a: Maawiilee\n|-supereffective|p1a: Maawiilee\n|-damage|p1a: Maawiilee|0 fnt\n|faint|p1a: Maawiilee\n|\n|upkeep\n|\n|t:|1700254028\n|switch|p1a: Bem-te-vi|Oricorio-Pom-Pom, F|100\/100\n|turn|16\n|\n|t:|1700254041\n|move|p2a: Gardevoir|Hypnosis|p1a: Bem-te-vi|[miss]\n|-miss|p2a: Gardevoir|p1a: Bem-te-vi\n|move|p1a: Bem-te-vi|Quiver Dance|p1a: Bem-te-vi\n|-boost|p1a: Bem-te-vi|spa|1\n|-boost|p1a: Bem-te-vi|spd|1\n|-boost|p1a: Bem-te-vi|spe|1\n|\n|upkeep\n|turn|17\n|\n|t:|1700254052\n|move|p1a: Bem-te-vi|Quiver Dance|p1a: Bem-te-vi\n|-boost|p1a: Bem-te-vi|spa|1\n|-boost|p1a: Bem-te-vi|spd|1\n|-boost|p1a: Bem-te-vi|spe|1\n|move|p2a: Gardevoir|Hypnosis|p1a: Bem-te-vi\n|-status|p1a: Bem-te-vi|slp|[from] move: Hypnosis\n|\n|upkeep\n|turn|18\n|\n|t:|1700254060\n|cant|p1a: Bem-te-vi|slp\n|move|p2a: Gardevoir|Dream Eater|p1a: Bem-te-vi\n|-damage|p1a: Bem-te-vi|63\/100 slp\n|\n|-heal|p1a: Bem-te-vi|69\/100 slp|[from] item: Leftovers\n|upkeep\n|turn|19\n|\n|t:|1700254070\n|-curestatus|p1a: Bem-te-vi|slp|[msg]\n|move|p1a: Bem-te-vi|Revelation Dance|p2a: Gardevoir\n|-damage|p2a: Gardevoir|42\/100\n|move|p2a: Gardevoir|Dream Eater|p1a: Bem-te-vi\n|-immune|p1a: Bem-te-vi\n|\n|-heal|p1a: Bem-te-vi|75\/100|[from] item: Leftovers\n|upkeep\n|turn|20\n|\n|t:|1700254096\n|move|p1a: Bem-te-vi|Revelation Dance|p2a: Gardevoir\n|-damage|p2a: Gardevoir|0 fnt\n|faint|p2a: Gardevoir\n|\n|-heal|p1a: Bem-te-vi|81\/100|[from] item: Leftovers\n|upkeep\n|\n|t:|1700254103\n|switch|p2a: Meloetta|Meloetta|100\/100\n|turn|21\n|\n|t:|1700254116\n|move|p1a: Bem-te-vi|Quiver Dance|p1a: Bem-te-vi\n|-boost|p1a: Bem-te-vi|spa|1\n|-boost|p1a: Bem-te-vi|spd|1\n|-boost|p1a: Bem-te-vi|spe|1\n|move|p2a: Meloetta|Psychic|p1a: Bem-te-vi\n|-damage|p1a: Bem-te-vi|56\/100\n|\n|-heal|p1a: Bem-te-vi|62\/100|[from] item: Leftovers\n|upkeep\n|turn|22\n|\n|t:|1700254126\n|move|p1a: Bem-te-vi|Revelation Dance|p2a: Meloetta\n|-damage|p2a: Meloetta|36\/100\n|move|p2a: Meloetta|Relic Song|p1a: Bem-te-vi\n|-damage|p1a: Bem-te-vi|44\/100\n|-formechange|p2a: Meloetta|Meloetta-Pirouette|[msg]\n|\n|-heal|p1a: Bem-te-vi|50\/100|[from] item: Leftovers\n|upkeep\n|turn|23\n|\n|t:|1700254137\n|move|p1a: Bem-te-vi|Revelation Dance|p2a: Meloetta\n|-damage|p2a: Meloetta|0 fnt\n|faint|p2a: Meloetta\n|\n|-heal|p1a: Bem-te-vi|56\/100|[from] item: Leftovers\n|upkeep\n|\n|t:|1700254145\n|switch|p2a: Lilligant|Lilligant, F, shiny|100\/100\n|turn|24\n|\n|t:|1700254149\n|move|p1a: Bem-te-vi|Hurricane|p2a: Lilligant\n|-supereffective|p2a: Lilligant\n|-enditem|p2a: Lilligant|Focus Sash\n|-damage|p2a: Lilligant|1\/100\n|move|p2a: Lilligant|Sleep Powder|p1a: Bem-te-vi|[miss]\n|-miss|p2a: Lilligant|p1a: Bem-te-vi\n|\n|-heal|p1a: Bem-te-vi|62\/100|[from] item: Leftovers\n|upkeep\n|turn|25\n|\n|t:|1700254160\n|move|p1a: Bem-te-vi|Revelation Dance|p2a: Lilligant\n|-resisted|p2a: Lilligant\n|-damage|p2a: Lilligant|0 fnt\n|faint|p2a: Lilligant\n|\n|win|Ravizitos\n|l|\u2606veraneio vascainaa\n","uploadtime":1700254172,"views":19,"p1id":"ravizitos","p2id":"veraneiovascainaa","formatid":"gen9nationaldexubers","rating":0,"private":0,"password":""}